time,symbol_id,symbol_name,last,trade_volume,trade_amount,open_interest_change,bv1,bp1,ap1,av1,yesterday_close,today_open,today_high,today_low,volume,amount,open_interest
2023-05-10 19:12:58,TA401C5500,TA401C5500,238.0,0.0,0.0,-11.0,0,0.0,0.0,0,238.0,239.0,0.0,0.0,0.0,0.0,190
2023-05-10 20:59:00,TA401C5500,TA401C5500,238.0,0.0,0.0,0.0,18,71.0,0.0,0,238.0,239.0,0.0,0.0,0.0,0.0,190
2023-05-10 21:00:01,TA401C5500,TA401C5500,238.0,0.0,0.0,0.0,1,141.0,0.0,0,238.0,239.0,0.0,0.0,0.0,0.0,190
2023-05-10 21:00:02,TA401C5500,TA401C5500,238.0,0.0,0.0,0.0,1,141.0,358.5,1,238.0,239.0,0.0,0.0,0.0,0.0,190
2023-05-10 21:01:10,TA401C5500,TA401C5500,238.0,0.0,0.0,0.0,1,187.0,358.5,1,238.0,239.0,0.0,0.0,0.0,0.0,190
2023-05-10 21:01:13,TA401C5500,TA401C5500,238.0,0.0,0.0,0.0,1,236.0,358.5,1,238.0,239.0,0.0,0.0,0.0,0.0,190
2023-05-10 21:01:16,TA401C5500,TA401C5500,238.0,0.0,0.0,0.0,5,249.5,256.0,5,238.0,239.0,0.0,0.0,0.0,0.0,190
2023-05-10 21:01:26,TA401C5500,TA401C5500,238.0,0.0,0.0,0.0,5,249.5,254.0,5,238.0,239.0,0.0,0.0,0.0,0.0,190
2023-05-10 21:01:27,TA401C5500,TA401C5500,238.0,0.0,0.0,0.0,1,236.0,254.0,5,238.0,239.0,0.0,0.0,0.0,0.0,190
2023-05-10 21:01:28,TA401C5500,TA401C5500,238.0,0.0,0.0,0.0,5,247.0,254.0,5,238.0,239.0,0.0,0.0,0.0,0.0,190
2023-05-10 21:01:33,TA401C5500,TA401C5500,238.0,0.0,0.0,0.0,5,247.0,250.0,10,238.0,239.0,0.0,0.0,0.0,0.0,190
2023-05-10 21:01:44,TA401C5500,TA401C5500,238.0,0.0,0.0,0.0,1,236.0,250.0,10,238.0,239.0,0.0,0.0,0.0,0.0,190
2023-05-10 21:01:45,TA401C5500,TA401C5500,238.0,0.0,0.0,0.0,5,245.0,250.0,10,238.0,239.0,0.0,0.0,0.0,0.0,190
2023-05-10 21:02:08,TA401C5500,TA401C5500,238.0,0.0,0.0,0.0,5,245.0,249.5,5,238.0,239.0,0.0,0.0,0.0,0.0,190
2023-05-10 21:02:17,TA401C5500,TA401C5500,238.0,0.0,0.0,0.0,5,243.0,249.5,5,238.0,239.0,0.0,0.0,0.0,0.0,190
2023-05-10 21:02:36,TA401C5500,TA401C5500,238.0,0.0,0.0,0.0,5,243.0,248.0,5,238.0,239.0,0.0,0.0,0.0,0.0,190
2023-05-10 21:03:04,TA401C5500,TA401C5500,238.0,0.0,0.0,0.0,1,236.0,246.5,5,238.0,239.0,0.0,0.0,0.0,0.0,190
2023-05-10 21:03:05,TA401C5500,TA401C5500,238.0,0.0,0.0,0.0,5,241.0,246.5,5,238.0,239.0,0.0,0.0,0.0,0.0,190
2023-05-10 21:03:19,TA401C5500,TA401C5500,238.0,0.0,0.0,0.0,5,242.5,246.5,5,238.0,239.0,0.0,0.0,0.0,0.0,190
2023-05-10 21:03:58,TA401C5500,TA401C5500,238.0,0.0,0.0,0.0,5,241.0,246.5,5,238.0,239.0,0.0,0.0,0.0,0.0,190
2023-05-10 21:04:33,TA401C5500,TA401C5500,238.0,0.0,0.0,0.0,5,241.0,245.0,5,238.0,239.0,0.0,0.0,0.0,0.0,190
2023-05-10 21:04:57,TA401C5500,TA401C5500,238.0,0.0,0.0,0.0,5,241.0,246.5,5,238.0,239.0,0.0,0.0,0.0,0.0,190
2023-05-10 21:05:04,TA401C5500,TA401C5500,238.0,0.0,0.0,0.0,5,242.5,246.5,5,238.0,239.0,0.0,0.0,0.0,0.0,190
2023-05-10 21:05:55,TA401C5500,TA401C5500,238.0,0.0,0.0,0.0,5,242.5,248.5,5,238.0,239.0,0.0,0.0,0.0,0.0,190
2023-05-10 21:05:57,TA401C5500,TA401C5500,238.0,0.0,0.0,0.0,5,244.0,248.5,5,238.0,239.0,0.0,0.0,0.0,0.0,190
2023-05-10 21:06:06,TA401C5500,TA401C5500,238.0,0.0,0.0,0.0,5,244.0,250.0,10,238.0,239.0,0.0,0.0,0.0,0.0,190
2023-05-10 21:06:08,TA401C5500,TA401C5500,238.0,0.0,0.0,0.0,5,244.0,250.0,15,238.0,239.0,0.0,0.0,0.0,0.0,190
2023-05-10 21:06:09,TA401C5500,TA401C5500,238.0,0.0,0.0,0.0,5,245.0,250.0,15,238.0,239.0,0.0,0.0,0.0,0.0,190
2023-05-10 21:07:23,TA401C5500,TA401C5500,238.0,0.0,0.0,0.0,5,245.0,249.0,5,238.0,239.0,0.0,0.0,0.0,0.0,190
2023-05-10 21:07:35,TA401C5500,TA401C5500,238.0,0.0,0.0,0.0,5,244.0,249.0,5,238.0,239.0,0.0,0.0,0.0,0.0,190
2023-05-10 21:07:38,TA401C5500,TA401C5500,238.0,0.0,0.0,0.0,5,244.0,248.0,5,238.0,239.0,0.0,0.0,0.0,0.0,190
2023-05-10 21:08:03,TA401C5500,TA401C5500,238.0,0.0,0.0,0.0,5,242.0,248.0,5,238.0,239.0,0.0,0.0,0.0,0.0,190
2023-05-10 21:08:39,TA401C5500,TA401C5500,238.0,0.0,0.0,0.0,5,243.0,248.0,5,238.0,239.0,0.0,0.0,0.0,0.0,190
2023-05-10 21:09:13,TA401C5500,TA401C5500,238.0,0.0,0.0,0.0,5,243.0,247.0,5,238.0,239.0,0.0,0.0,0.0,0.0,190
2023-05-10 21:09:59,TA401C5500,TA401C5500,238.0,0.0,0.0,0.0,5,242.0,247.0,5,238.0,239.0,0.0,0.0,0.0,0.0,190
2023-05-10 21:10:00,TA401C5500,TA401C5500,238.0,0.0,0.0,0.0,1,236.0,245.0,5,238.0,239.0,0.0,0.0,0.0,0.0,190
2023-05-10 21:10:05,TA401C5500,TA401C5500,238.0,0.0,0.0,0.0,5,239.5,245.0,5,238.0,239.0,0.0,0.0,0.0,0.0,190
2023-05-10 21:10:37,TA401C5500,TA401C5500,238.0,0.0,0.0,0.0,5,239.5,244.0,5,238.0,239.0,0.0,0.0,0.0,0.0,190
2023-05-10 21:10:55,TA401C5500,TA401C5500,238.0,0.0,0.0,0.0,5,239.5,243.0,5,238.0,239.0,0.0,0.0,0.0,0.0,190
2023-05-10 21:10:59,TA401C5500,TA401C5500,238.0,0.0,0.0,0.0,1,236.0,243.0,5,238.0,239.0,0.0,0.0,0.0,0.0,190
2023-05-10 21:11:00,TA401C5500,TA401C5500,238.0,0.0,0.0,0.0,5,238.0,243.0,5,238.0,239.0,0.0,0.0,0.0,0.0,190
2023-05-10 21:11:08,TA401C5500,TA401C5500,238.0,0.0,0.0,0.0,5,239.0,243.0,5,238.0,239.0,0.0,0.0,0.0,0.0,190
2023-05-10 21:11:29,TA401C5500,TA401C5500,238.0,0.0,0.0,0.0,5,239.0,244.0,5,238.0,239.0,0.0,0.0,0.0,0.0,190
2023-05-10 21:11:31,TA401C5500,TA401C5500,238.0,0.0,0.0,0.0,5,240.5,244.0,5,238.0,239.0,0.0,0.0,0.0,0.0,190
2023-05-10 21:12:02,TA401C5500,TA401C5500,238.0,0.0,0.0,0.0,5,239.0,244.0,5,238.0,239.0,0.0,0.0,0.0,0.0,190
2023-05-10 21:12:21,TA401C5500,TA401C5500,238.0,0.0,0.0,0.0,5,239.0,243.0,5,238.0,239.0,0.0,0.0,0.0,0.0,190
2023-05-10 21:12:46,TA401C5500,TA401C5500,238.0,0.0,0.0,0.0,1,236.0,242.0,5,238.0,239.0,0.0,0.0,0.0,0.0,190
2023-05-10 21:12:47,TA401C5500,TA401C5500,238.0,0.0,0.0,0.0,5,237.0,242.0,5,238.0,239.0,0.0,0.0,0.0,0.0,190
2023-05-10 21:13:11,TA401C5500,TA401C5500,238.0,0.0,0.0,0.0,5,238.0,242.0,5,238.0,239.0,0.0,0.0,0.0,0.0,190
2023-05-10 21:15:20,TA401C5500,TA401C5500,238.0,0.0,0.0,0.0,5,239.0,243.0,5,238.0,239.0,0.0,0.0,0.0,0.0,190
2023-05-10 21:16:08,TA401C5500,TA401C5500,238.0,0.0,0.0,0.0,5,238.0,242.0,5,238.0,239.0,0.0,0.0,0.0,0.0,190
2023-05-10 21:16:10,TA401C5500,TA401C5500,238.0,0.0,0.0,0.0,1,236.0,242.0,5,238.0,239.0,0.0,0.0,0.0,0.0,190
2023-05-10 21:16:13,TA401C5500,TA401C5500,238.0,0.0,0.0,0.0,1,236.0,241.0,5,238.0,239.0,0.0,0.0,0.0,0.0,190
2023-05-10 21:16:14,TA401C5500,TA401C5500,238.0,0.0,0.0,0.0,5,236.5,241.0,5,238.0,239.0,0.0,0.0,0.0,0.0,190
2023-05-10 21:16:21,TA401C5500,TA401C5500,238.0,0.0,0.0,0.0,5,236.5,240.0,5,238.0,239.0,0.0,0.0,0.0,0.0,190
2023-05-10 21:16:29,TA401C5500,TA401C5500,238.0,0.0,0.0,0.0,1,187.0,240.0,5,238.0,239.0,0.0,0.0,0.0,0.0,190
2023-05-10 21:16:29,TA401C5500,TA401C5500,238.0,0.0,0.0,0.0,2,190.5,240.0,5,238.0,239.0,0.0,0.0,0.0,0.0,190
2023-05-10 21:16:30,TA401C5500,TA401C5500,238.0,0.0,0.0,0.0,5,234.5,240.0,5,238.0,239.0,0.0,0.0,0.0,0.0,190
2023-05-10 21:16:46,TA401C5500,TA401C5500,238.0,0.0,0.0,0.0,5,235.5,240.0,5,238.0,239.0,0.0,0.0,0.0,0.0,190
2023-05-10 21:17:05,TA401C5500,TA401C5500,238.0,0.0,0.0,0.0,5,235.5,239.0,5,238.0,239.0,0.0,0.0,0.0,0.0,190
2023-05-10 21:18:27,TA401C5500,TA401C5500,238.0,0.0,0.0,0.0,5,234.5,239.0,5,238.0,239.0,0.0,0.0,0.0,0.0,190
2023-05-10 21:18:41,TA401C5500,TA401C5500,238.0,0.0,0.0,0.0,5,234.5,237.5,5,238.0,239.0,0.0,0.0,0.0,0.0,190
2023-05-10 21:19:01,TA401C5500,TA401C5500,238.0,0.0,0.0,0.0,5,232.5,237.5,5,238.0,239.0,0.0,0.0,0.0,0.0,190
2023-05-10 21:19:04,TA401C5500,TA401C5500,238.0,0.0,0.0,0.0,5,233.5,237.5,5,238.0,239.0,0.0,0.0,0.0,0.0,190
2023-05-10 21:19:07,TA401C5500,TA401C5500,238.0,0.0,0.0,0.0,5,234.5,237.5,5,238.0,239.0,0.0,0.0,0.0,0.0,190
2023-05-10 21:19:08,TA401C5500,TA401C5500,238.0,0.0,0.0,0.0,5,234.5,239.0,5,238.0,239.0,0.0,0.0,0.0,0.0,190
2023-05-10 21:19:16,TA401C5500,TA401C5500,238.0,0.0,0.0,0.0,5,235.5,239.0,5,238.0,239.0,0.0,0.0,0.0,0.0,190
2023-05-10 21:20:24,TA401C5500,TA401C5500,239.0,5.0,1195.0,0.0,5,235.5,250.0,10,238.0,239.0,239.0,239.0,5.0,1195.0,190
2023-05-10 21:20:28,TA401C5500,TA401C5500,239.0,0.0,0.0,0.0,5,236.5,241.5,5,238.0,239.0,239.0,239.0,5.0,1195.0,190
2023-05-10 21:20:55,TA401C5500,TA401C5500,239.0,0.0,0.0,0.0,5,236.5,240.5,5,238.0,239.0,239.0,239.0,5.0,1195.0,190
2023-05-10 21:23:36,TA401C5500,TA401C5500,239.0,0.0,0.0,0.0,5,237.5,240.5,5,238.0,239.0,239.0,239.0,5.0,1195.0,190
2023-05-10 21:23:37,TA401C5500,TA401C5500,239.0,0.0,0.0,0.0,5,237.5,241.5,5,238.0,239.0,239.0,239.0,5.0,1195.0,190
2023-05-10 21:27:04,TA401C5500,TA401C5500,239.0,0.0,0.0,0.0,5,237.5,240.5,5,238.0,239.0,239.0,239.0,5.0,1195.0,190
2023-05-10 21:27:07,TA401C5500,TA401C5500,239.0,0.0,0.0,0.0,5,236.5,240.5,5,238.0,239.0,239.0,239.0,5.0,1195.0,190
2023-05-10 21:28:01,TA401C5500,TA401C5500,239.0,0.0,0.0,0.0,5,236.5,239.5,5,238.0,239.0,239.0,239.0,5.0,1195.0,190
2023-05-10 21:28:27,TA401C5500,TA401C5500,239.0,0.0,0.0,0.0,5,236.5,240.5,5,238.0,239.0,239.0,239.0,5.0,1195.0,190
2023-05-10 21:29:18,TA401C5500,TA401C5500,239.0,0.0,0.0,0.0,5,237.5,240.5,5,238.0,239.0,239.0,239.0,5.0,1195.0,190
2023-05-10 21:31:31,TA401C5500,TA401C5500,239.0,0.0,0.0,0.0,5,237.5,250.0,10,238.0,239.0,239.0,239.0,5.0,1195.0,190
2023-05-10 21:31:32,TA401C5500,TA401C5500,239.0,0.0,0.0,0.0,5,237.5,242.5,5,238.0,239.0,239.0,239.0,5.0,1195.0,190
2023-05-10 21:31:48,TA401C5500,TA401C5500,239.0,0.0,0.0,0.0,5,237.5,241.5,5,238.0,239.0,239.0,239.0,5.0,1195.0,190
2023-05-10 21:32:23,TA401C5500,TA401C5500,239.0,0.0,0.0,0.0,5,238.5,241.5,5,238.0,239.0,239.0,239.0,5.0,1195.0,190
2023-05-10 21:32:28,TA401C5500,TA401C5500,239.0,0.0,0.0,0.0,5,238.5,242.5,5,238.0,239.0,239.0,239.0,5.0,1195.0,190
2023-05-10 21:32:50,TA401C5500,TA401C5500,239.0,0.0,0.0,0.0,5,237.5,241.5,5,238.0,239.0,239.0,239.0,5.0,1195.0,190
2023-05-10 21:33:13,TA401C5500,TA401C5500,239.0,0.0,0.0,0.0,1,224.5,240.5,5,238.0,239.0,239.0,239.0,5.0,1195.0,190
2023-05-10 21:33:14,TA401C5500,TA401C5500,239.0,0.0,0.0,0.0,5,235.5,240.5,5,238.0,239.0,239.0,239.0,5.0,1195.0,190
2023-05-10 21:33:33,TA401C5500,TA401C5500,239.0,0.0,0.0,0.0,5,236.5,240.5,5,238.0,239.0,239.0,239.0,5.0,1195.0,190
2023-05-10 21:35:06,TA401C5500,TA401C5500,239.0,0.0,0.0,0.0,5,237.5,240.5,5,238.0,239.0,239.0,239.0,5.0,1195.0,190
2023-05-10 21:35:08,TA401C5500,TA401C5500,239.0,0.0,0.0,0.0,5,237.5,241.5,5,238.0,239.0,239.0,239.0,5.0,1195.0,190
2023-05-10 21:36:11,TA401C5500,TA401C5500,239.0,0.0,0.0,0.0,5,237.5,240.5,5,238.0,239.0,239.0,239.0,5.0,1195.0,190
2023-05-10 21:36:20,TA401C5500,TA401C5500,239.0,0.0,0.0,0.0,5,236.5,240.5,5,238.0,239.0,239.0,239.0,5.0,1195.0,190
2023-05-10 21:37:10,TA401C5500,TA401C5500,239.0,0.0,0.0,0.0,5,237.5,240.5,5,238.0,239.0,239.0,239.0,5.0,1195.0,190
2023-05-10 21:37:11,TA401C5500,TA401C5500,239.0,0.0,0.0,0.0,5,237.5,241.5,5,238.0,239.0,239.0,239.0,5.0,1195.0,190
2023-05-10 21:38:00,TA401C5500,TA401C5500,239.0,0.0,0.0,0.0,5,237.5,240.5,5,238.0,239.0,239.0,239.0,5.0,1195.0,190
2023-05-10 21:38:00,TA401C5500,TA401C5500,239.0,0.0,0.0,0.0,5,236.5,240.5,5,238.0,239.0,239.0,239.0,5.0,1195.0,190
2023-05-10 21:38:07,TA401C5500,TA401C5500,239.0,0.0,0.0,0.0,5,236.5,239.5,5,238.0,239.0,239.0,239.0,5.0,1195.0,190
2023-05-10 21:38:08,TA401C5500,TA401C5500,239.0,0.0,0.0,0.0,1,224.5,239.5,5,238.0,239.0,239.0,239.0,5.0,1195.0,190
2023-05-10 21:38:08,TA401C5500,TA401C5500,239.0,0.0,0.0,0.0,5,235.0,239.5,5,238.0,239.0,239.0,239.0,5.0,1195.0,190
2023-05-10 21:38:24,TA401C5500,TA401C5500,239.0,0.0,0.0,0.0,5,236.0,239.5,5,238.0,239.0,239.0,239.0,5.0,1195.0,190
2023-05-10 21:38:33,TA401C5500,TA401C5500,239.0,0.0,0.0,0.0,5,235.0,239.5,5,238.0,239.0,239.0,239.0,5.0,1195.0,190
2023-05-10 21:39:20,TA401C5500,TA401C5500,239.0,0.0,0.0,0.0,5,235.0,238.5,5,238.0,239.0,239.0,239.0,5.0,1195.0,190
2023-05-10 21:39:49,TA401C5500,TA401C5500,239.0,0.0,0.0,0.0,5,233.0,238.5,5,238.0,239.0,239.0,239.0,5.0,1195.0,190
2023-05-10 21:39:50,TA401C5500,TA401C5500,239.0,0.0,0.0,0.0,5,233.0,237.5,5,238.0,239.0,239.0,239.0,5.0,1195.0,190
2023-05-10 21:40:04,TA401C5500,TA401C5500,239.0,0.0,0.0,0.0,5,234.0,237.5,5,238.0,239.0,239.0,239.0,5.0,1195.0,190
2023-05-10 21:40:06,TA401C5500,TA401C5500,239.0,0.0,0.0,0.0,5,234.0,238.5,5,238.0,239.0,239.0,239.0,5.0,1195.0,190
2023-05-10 21:40:34,TA401C5500,TA401C5500,239.0,0.0,0.0,0.0,5,235.0,238.5,5,238.0,239.0,239.0,239.0,5.0,1195.0,190
2023-05-10 21:41:33,TA401C5500,TA401C5500,239.0,0.0,0.0,0.0,5,234.0,238.5,5,238.0,239.0,239.0,239.0,5.0,1195.0,190
2023-05-10 21:41:34,TA401C5500,TA401C5500,239.0,0.0,0.0,0.0,5,234.0,237.5,5,238.0,239.0,239.0,239.0,5.0,1195.0,190
2023-05-10 21:42:49,TA401C5500,TA401C5500,239.0,0.0,0.0,0.0,1,224.5,237.5,5,238.0,239.0,239.0,239.0,5.0,1195.0,190
2023-05-10 21:42:52,TA401C5500,TA401C5500,239.0,0.0,0.0,0.0,5,233.0,237.5,5,238.0,239.0,239.0,239.0,5.0,1195.0,190
2023-05-10 21:44:06,TA401C5500,TA401C5500,239.0,0.0,0.0,0.0,5,234.0,237.5,5,238.0,239.0,239.0,239.0,5.0,1195.0,190
2023-05-10 21:44:14,TA401C5500,TA401C5500,239.0,0.0,0.0,0.0,5,234.0,238.5,5,238.0,239.0,239.0,239.0,5.0,1195.0,190
2023-05-10 21:44:49,TA401C5500,TA401C5500,239.0,0.0,0.0,0.0,5,235.0,238.5,5,238.0,239.0,239.0,239.0,5.0,1195.0,190
2023-05-10 21:45:14,TA401C5500,TA401C5500,239.0,0.0,0.0,0.0,5,235.0,250.0,10,238.0,239.0,239.0,239.0,5.0,1195.0,190
2023-05-10 21:45:18,TA401C5500,TA401C5500,239.0,0.0,0.0,0.0,5,235.0,240.0,5,238.0,239.0,239.0,239.0,5.0,1195.0,190
2023-05-10 21:45:35,TA401C5500,TA401C5500,239.0,0.0,0.0,0.0,5,235.0,239.0,5,238.0,239.0,239.0,239.0,5.0,1195.0,190
2023-05-10 21:47:34,TA401C5500,TA401C5500,239.0,0.0,0.0,0.0,5,234.0,237.5,5,238.0,239.0,239.0,239.0,5.0,1195.0,190
2023-05-10 21:48:05,TA401C5500,TA401C5500,239.0,0.0,0.0,0.0,1,224.5,237.5,5,238.0,239.0,239.0,239.0,5.0,1195.0,190
2023-05-10 21:48:06,TA401C5500,TA401C5500,239.0,0.0,0.0,0.0,5,232.5,237.5,5,238.0,239.0,239.0,239.0,5.0,1195.0,190
2023-05-10 21:48:08,TA401C5500,TA401C5500,239.0,0.0,0.0,0.0,5,232.5,236.5,5,238.0,239.0,239.0,239.0,5.0,1195.0,190
2023-05-10 21:48:32,TA401C5500,TA401C5500,239.0,0.0,0.0,0.0,5,232.5,235.5,5,238.0,239.0,239.0,239.0,5.0,1195.0,190
2023-05-10 21:48:39,TA401C5500,TA401C5500,239.0,0.0,0.0,0.0,1,224.5,235.5,5,238.0,239.0,239.0,239.0,5.0,1195.0,190
2023-05-10 21:48:42,TA401C5500,TA401C5500,239.0,0.0,0.0,0.0,1,224.5,234.0,5,238.0,239.0,239.0,239.0,5.0,1195.0,190
2023-05-10 21:48:43,TA401C5500,TA401C5500,239.0,0.0,0.0,0.0,5,230.5,234.0,5,238.0,239.0,239.0,239.0,5.0,1195.0,190
2023-05-10 21:49:19,TA401C5500,TA401C5500,239.0,0.0,0.0,0.0,5,230.5,235.5,5,238.0,239.0,239.0,239.0,5.0,1195.0,190
2023-05-10 21:49:19,TA401C5500,TA401C5500,239.0,0.0,0.0,0.0,5,231.5,235.5,5,238.0,239.0,239.0,239.0,5.0,1195.0,190
2023-05-10 21:50:00,TA401C5500,TA401C5500,239.0,0.0,0.0,0.0,5,231.5,250.0,10,238.0,239.0,239.0,239.0,5.0,1195.0,190
2023-05-10 21:50:01,TA401C5500,TA401C5500,239.0,0.0,0.0,0.0,5,231.5,236.5,5,238.0,239.0,239.0,239.0,5.0,1195.0,190
2023-05-10 21:50:04,TA401C5500,TA401C5500,239.0,0.0,0.0,0.0,5,232.5,236.5,5,238.0,239.0,239.0,239.0,5.0,1195.0,190
2023-05-10 21:51:28,TA401C5500,TA401C5500,239.0,0.0,0.0,0.0,5,232.5,250.0,10,238.0,239.0,239.0,239.0,5.0,1195.0,190
2023-05-10 21:51:29,TA401C5500,TA401C5500,239.0,0.0,0.0,0.0,5,233.5,250.0,10,238.0,239.0,239.0,239.0,5.0,1195.0,190
2023-05-10 21:51:30,TA401C5500,TA401C5500,239.0,0.0,0.0,0.0,5,233.5,238.0,5,238.0,239.0,239.0,239.0,5.0,1195.0,190
2023-05-10 21:52:40,TA401C5500,TA401C5500,239.0,0.0,0.0,0.0,5,233.5,237.0,5,238.0,239.0,239.0,239.0,5.0,1195.0,190
2023-05-10 21:53:18,TA401C5500,TA401C5500,239.0,0.0,0.0,0.0,5,232.5,237.0,5,238.0,239.0,239.0,239.0,5.0,1195.0,190
2023-05-10 21:53:20,TA401C5500,TA401C5500,239.0,0.0,0.0,0.0,5,232.5,236.0,5,238.0,239.0,239.0,239.0,5.0,1195.0,190
2023-05-10 21:53:59,TA401C5500,TA401C5500,239.0,0.0,0.0,0.0,1,224.5,236.0,5,238.0,239.0,239.0,239.0,5.0,1195.0,190
2023-05-10 21:54:00,TA401C5500,TA401C5500,239.0,0.0,0.0,0.0,5,230.5,236.0,5,238.0,239.0,239.0,239.0,5.0,1195.0,190
2023-05-10 21:54:02,TA401C5500,TA401C5500,239.0,0.0,0.0,0.0,5,230.5,235.0,5,238.0,239.0,239.0,239.0,5.0,1195.0,190
2023-05-10 21:54:06,TA401C5500,TA401C5500,239.0,0.0,0.0,0.0,1,224.5,235.0,5,238.0,239.0,239.0,239.0,5.0,1195.0,190
2023-05-10 21:54:08,TA401C5500,TA401C5500,239.0,0.0,0.0,0.0,5,229.0,235.0,5,238.0,239.0,239.0,239.0,5.0,1195.0,190
2023-05-10 21:54:10,TA401C5500,TA401C5500,239.0,0.0,0.0,0.0,5,229.0,233.0,5,238.0,239.0,239.0,239.0,5.0,1195.0,190
2023-05-10 21:55:23,TA401C5500,TA401C5500,239.0,0.0,0.0,0.0,5,230.0,233.0,5,238.0,239.0,239.0,239.0,5.0,1195.0,190
2023-05-10 21:55:59,TA401C5500,TA401C5500,239.0,0.0,0.0,0.0,5,230.0,235.0,5,238.0,239.0,239.0,239.0,5.0,1195.0,190
2023-05-10 21:56:04,TA401C5500,TA401C5500,239.0,0.0,0.0,0.0,5,231.0,235.0,5,238.0,239.0,239.0,239.0,5.0,1195.0,190
2023-05-10 21:58:16,TA401C5500,TA401C5500,239.0,0.0,0.0,0.0,5,231.0,234.0,5,238.0,239.0,239.0,239.0,5.0,1195.0,190
2023-05-10 21:58:18,TA401C5500,TA401C5500,239.0,0.0,0.0,0.0,5,230.0,234.0,5,238.0,239.0,239.0,239.0,5.0,1195.0,190
2023-05-10 21:59:06,TA401C5500,TA401C5500,239.0,0.0,0.0,0.0,1,224.5,234.0,5,238.0,239.0,239.0,239.0,5.0,1195.0,190
2023-05-10 21:59:07,TA401C5500,TA401C5500,239.0,0.0,0.0,0.0,5,228.5,234.0,5,238.0,239.0,239.0,239.0,5.0,1195.0,190
2023-05-10 21:59:10,TA401C5500,TA401C5500,239.0,0.0,0.0,0.0,5,228.5,232.5,5,238.0,239.0,239.0,239.0,5.0,1195.0,190
2023-05-10 22:00:03,TA401C5500,TA401C5500,239.0,0.0,0.0,0.0,5,228.5,234.0,5,238.0,239.0,239.0,239.0,5.0,1195.0,190
2023-05-10 22:00:07,TA401C5500,TA401C5500,239.0,0.0,0.0,0.0,5,230.5,234.0,5,238.0,239.0,239.0,239.0,5.0,1195.0,190
2023-05-10 22:00:25,TA401C5500,TA401C5500,239.0,0.0,0.0,0.0,5,230.5,235.5,5,238.0,239.0,239.0,239.0,5.0,1195.0,190
2023-05-10 22:00:26,TA401C5500,TA401C5500,239.0,0.0,0.0,0.0,5,231.5,235.5,5,238.0,239.0,239.0,239.0,5.0,1195.0,190
2023-05-10 22:02:25,TA401C5500,TA401C5500,239.0,0.0,0.0,0.0,5,232.5,235.5,5,238.0,239.0,239.0,239.0,5.0,1195.0,190
2023-05-10 22:02:55,TA401C5500,TA401C5500,239.0,0.0,0.0,0.0,5,232.5,237.0,5,238.0,239.0,239.0,239.0,5.0,1195.0,190
2023-05-10 22:03:07,TA401C5500,TA401C5500,239.0,0.0,0.0,0.0,5,232.5,236.0,5,238.0,239.0,239.0,239.0,5.0,1195.0,190
2023-05-10 22:04:46,TA401C5500,TA401C5500,239.0,0.0,0.0,0.0,5,231.5,236.0,5,238.0,239.0,239.0,239.0,5.0,1195.0,190
2023-05-10 22:05:09,TA401C5500,TA401C5500,239.0,0.0,0.0,0.0,5,231.5,235.0,5,238.0,239.0,239.0,239.0,5.0,1195.0,190
2023-05-10 22:05:43,TA401C5500,TA401C5500,239.0,0.0,0.0,0.0,1,224.5,235.0,5,238.0,239.0,239.0,239.0,5.0,1195.0,190
2023-05-10 22:05:44,TA401C5500,TA401C5500,239.0,0.0,0.0,0.0,5,230.5,235.0,5,238.0,239.0,239.0,239.0,5.0,1195.0,190
2023-05-10 22:06:21,TA401C5500,TA401C5500,239.0,0.0,0.0,0.0,5,231.5,235.0,5,238.0,239.0,239.0,239.0,5.0,1195.0,190
2023-05-10 22:06:28,TA401C5500,TA401C5500,239.0,0.0,0.0,0.0,5,231.5,236.0,5,238.0,239.0,239.0,239.0,5.0,1195.0,190
2023-05-10 22:07:17,TA401C5500,TA401C5500,239.0,0.0,0.0,0.0,5,232.5,236.0,5,238.0,239.0,239.0,239.0,5.0,1195.0,190
2023-05-10 22:07:22,TA401C5500,TA401C5500,239.0,0.0,0.0,0.0,5,232.5,250.0,10,238.0,239.0,239.0,239.0,5.0,1195.0,190
2023-05-10 22:07:23,TA401C5500,TA401C5500,239.0,0.0,0.0,0.0,5,232.5,237.0,5,238.0,239.0,239.0,239.0,5.0,1195.0,190
2023-05-10 22:08:01,TA401C5500,TA401C5500,239.0,0.0,0.0,0.0,5,233.5,237.0,5,238.0,239.0,239.0,239.0,5.0,1195.0,190
2023-05-10 22:08:55,TA401C5500,TA401C5500,239.0,0.0,0.0,0.0,5,232.5,237.0,5,238.0,239.0,239.0,239.0,5.0,1195.0,190
2023-05-10 22:08:58,TA401C5500,TA401C5500,239.0,0.0,0.0,0.0,5,232.5,236.0,5,238.0,239.0,239.0,239.0,5.0,1195.0,190
2023-05-10 22:09:48,TA401C5500,TA401C5500,239.0,0.0,0.0,0.0,1,224.5,236.0,5,238.0,239.0,239.0,239.0,5.0,1195.0,190
2023-05-10 22:09:51,TA401C5500,TA401C5500,239.0,0.0,0.0,0.0,5,230.5,236.0,5,238.0,239.0,239.0,239.0,5.0,1195.0,190
2023-05-10 22:09:53,TA401C5500,TA401C5500,239.0,0.0,0.0,0.0,5,230.5,233.5,5,238.0,239.0,239.0,239.0,5.0,1195.0,190
2023-05-10 22:09:55,TA401C5500,TA401C5500,239.0,0.0,0.0,0.0,1,224.5,233.5,5,238.0,239.0,239.0,239.0,5.0,1195.0,190
2023-05-10 22:09:57,TA401C5500,TA401C5500,239.0,0.0,0.0,0.0,5,228.5,233.5,5,238.0,239.0,239.0,239.0,5.0,1195.0,190
2023-05-10 22:10:01,TA401C5500,TA401C5500,239.0,0.0,0.0,0.0,5,228.5,232.5,5,238.0,239.0,239.0,239.0,5.0,1195.0,190
2023-05-10 22:10:06,TA401C5500,TA401C5500,239.0,0.0,0.0,0.0,1,224.5,232.5,5,238.0,239.0,239.0,239.0,5.0,1195.0,190
2023-05-10 22:10:09,TA401C5500,TA401C5500,239.0,0.0,0.0,0.0,1,187.0,232.5,5,238.0,239.0,239.0,239.0,5.0,1195.0,190
2023-05-10 22:10:12,TA401C5500,TA401C5500,239.0,0.0,0.0,0.0,5,225.0,229.5,5,238.0,239.0,239.0,239.0,5.0,1195.0,190
2023-05-10 22:10:19,TA401C5500,TA401C5500,239.0,0.0,0.0,0.0,5,226.0,229.5,5,238.0,239.0,239.0,239.0,5.0,1195.0,190
2023-05-10 22:10:26,TA401C5500,TA401C5500,239.0,0.0,0.0,0.0,5,226.0,231.0,5,238.0,239.0,239.0,239.0,5.0,1195.0,190
2023-05-10 22:10:29,TA401C5500,TA401C5500,239.0,0.0,0.0,0.0,5,227.0,231.0,5,238.0,239.0,239.0,239.0,5.0,1195.0,190
2023-05-10 22:10:48,TA401C5500,TA401C5500,239.0,0.0,0.0,0.0,5,227.0,230.0,5,238.0,239.0,239.0,239.0,5.0,1195.0,190
2023-05-10 22:11:14,TA401C5500,TA401C5500,239.0,0.0,0.0,0.0,5,227.0,231.0,5,238.0,239.0,239.0,239.0,5.0,1195.0,190
2023-05-10 22:11:22,TA401C5500,TA401C5500,239.0,0.0,0.0,0.0,5,228.0,231.0,5,238.0,239.0,239.0,239.0,5.0,1195.0,190
2023-05-10 22:11:24,TA401C5500,TA401C5500,239.0,0.0,0.0,0.0,5,228.0,232.5,5,238.0,239.0,239.0,239.0,5.0,1195.0,190
2023-05-10 22:11:37,TA401C5500,TA401C5500,239.0,0.0,0.0,0.0,5,228.0,231.5,5,238.0,239.0,239.0,239.0,5.0,1195.0,190
2023-05-10 22:12:03,TA401C5500,TA401C5500,239.0,0.0,0.0,0.0,5,227.0,231.5,5,238.0,239.0,239.0,239.0,5.0,1195.0,190
2023-05-10 22:12:18,TA401C5500,TA401C5500,239.0,0.0,0.0,0.0,5,227.0,230.5,5,238.0,239.0,239.0,239.0,5.0,1195.0,190
2023-05-10 22:12:36,TA401C5500,TA401C5500,239.0,0.0,0.0,0.0,5,227.0,231.5,5,238.0,239.0,239.0,239.0,5.0,1195.0,190
2023-05-10 22:12:48,TA401C5500,TA401C5500,239.0,0.0,0.0,0.0,5,228.0,231.5,5,238.0,239.0,239.0,239.0,5.0,1195.0,190
2023-05-10 22:15:11,TA401C5500,TA401C5500,239.0,0.0,0.0,0.0,5,228.0,233.0,5,238.0,239.0,239.0,239.0,5.0,1195.0,190
2023-05-10 22:15:15,TA401C5500,TA401C5500,239.0,0.0,0.0,0.0,5,229.0,233.0,5,238.0,239.0,239.0,239.0,5.0,1195.0,190
2023-05-10 22:15:26,TA401C5500,TA401C5500,239.0,0.0,0.0,0.0,5,229.0,232.0,5,238.0,239.0,239.0,239.0,5.0,1195.0,190
2023-05-10 22:16:00,TA401C5500,TA401C5500,239.0,0.0,0.0,0.0,5,228.0,232.0,5,238.0,239.0,239.0,239.0,5.0,1195.0,190
2023-05-10 22:16:06,TA401C5500,TA401C5500,239.0,0.0,0.0,0.0,5,228.0,231.0,5,238.0,239.0,239.0,239.0,5.0,1195.0,190
2023-05-10 22:16:07,TA401C5500,TA401C5500,239.0,0.0,0.0,0.0,5,226.5,231.0,5,238.0,239.0,239.0,239.0,5.0,1195.0,190
2023-05-10 22:16:27,TA401C5500,TA401C5500,239.0,0.0,0.0,0.0,1,187.0,231.0,5,238.0,239.0,239.0,239.0,5.0,1195.0,190
2023-05-10 22:16:28,TA401C5500,TA401C5500,239.0,0.0,0.0,0.0,2,190.5,229.0,5,238.0,239.0,239.0,239.0,5.0,1195.0,190
2023-05-10 22:16:28,TA401C5500,TA401C5500,239.0,0.0,0.0,0.0,1,214.5,229.0,5,238.0,239.0,239.0,239.0,5.0,1195.0,190
2023-05-10 22:16:29,TA401C5500,TA401C5500,239.0,0.0,0.0,0.0,5,225.0,229.0,5,238.0,239.0,239.0,239.0,5.0,1195.0,190
2023-05-10 22:16:51,TA401C5500,TA401C5500,239.0,0.0,0.0,0.0,5,226.0,229.0,5,238.0,239.0,239.0,239.0,5.0,1195.0,190
2023-05-10 22:17:26,TA401C5500,TA401C5500,239.0,0.0,0.0,0.0,5,225.0,229.0,5,238.0,239.0,239.0,239.0,5.0,1195.0,190
2023-05-10 22:18:19,TA401C5500,TA401C5500,239.0,0.0,0.0,0.0,5,225.0,228.0,5,238.0,239.0,239.0,239.0,5.0,1195.0,190
2023-05-10 22:18:19,TA401C5500,TA401C5500,239.0,0.0,0.0,0.0,1,214.5,228.0,5,238.0,239.0,239.0,239.0,5.0,1195.0,190
2023-05-10 22:18:20,TA401C5500,TA401C5500,239.0,0.0,0.0,0.0,5,223.0,228.0,5,238.0,239.0,239.0,239.0,5.0,1195.0,190
2023-05-10 22:18:26,TA401C5500,TA401C5500,239.0,0.0,0.0,0.0,5,223.0,227.0,5,238.0,239.0,239.0,239.0,5.0,1195.0,190
2023-05-10 22:18:58,TA401C5500,TA401C5500,239.0,0.0,0.0,0.0,5,224.0,228.0,5,238.0,239.0,239.0,239.0,5.0,1195.0,190
2023-05-10 22:19:06,TA401C5500,TA401C5500,239.0,0.0,0.0,0.0,5,225.0,228.0,5,238.0,239.0,239.0,239.0,5.0,1195.0,190
2023-05-10 22:19:40,TA401C5500,TA401C5500,239.0,0.0,0.0,0.0,5,224.0,228.0,5,238.0,239.0,239.0,239.0,5.0,1195.0,190
2023-05-10 22:20:28,TA401C5500,TA401C5500,239.0,0.0,0.0,0.0,5,225.0,228.0,5,238.0,239.0,239.0,239.0,5.0,1195.0,190
2023-05-10 22:21:15,TA401C5500,TA401C5500,239.0,0.0,0.0,0.0,5,225.0,230.0,5,238.0,239.0,239.0,239.0,5.0,1195.0,190
2023-05-10 22:21:40,TA401C5500,TA401C5500,239.0,0.0,0.0,0.0,5,225.0,229.0,5,238.0,239.0,239.0,239.0,5.0,1195.0,190
2023-05-10 22:24:04,TA401C5500,TA401C5500,239.0,0.0,0.0,0.0,5,226.0,229.0,5,238.0,239.0,239.0,239.0,5.0,1195.0,190
2023-05-10 22:24:05,TA401C5500,TA401C5500,239.0,0.0,0.0,0.0,5,226.0,230.0,5,238.0,239.0,239.0,239.0,5.0,1195.0,190
2023-05-10 22:25:17,TA401C5500,TA401C5500,239.0,0.0,0.0,0.0,5,227.0,230.0,5,238.0,239.0,239.0,239.0,5.0,1195.0,190
2023-05-10 22:27:04,TA401C5500,TA401C5500,239.0,0.0,0.0,0.0,5,226.0,230.0,5,238.0,239.0,239.0,239.0,5.0,1195.0,190
2023-05-10 22:27:23,TA401C5500,TA401C5500,239.0,0.0,0.0,0.0,5,227.0,230.0,5,238.0,239.0,239.0,239.0,5.0,1195.0,190
2023-05-10 22:27:24,TA401C5500,TA401C5500,239.0,0.0,0.0,0.0,5,227.0,231.5,5,238.0,239.0,239.0,239.0,5.0,1195.0,190
2023-05-10 22:29:15,TA401C5500,TA401C5500,239.0,0.0,0.0,0.0,5,227.0,230.5,5,238.0,239.0,239.0,239.0,5.0,1195.0,190
2023-05-10 22:30:01,TA401C5500,TA401C5500,239.0,0.0,0.0,0.0,5,227.0,231.5,5,238.0,239.0,239.0,239.0,5.0,1195.0,190
2023-05-10 22:30:03,TA401C5500,TA401C5500,239.0,0.0,0.0,0.0,5,227.0,250.0,10,238.0,239.0,239.0,239.0,5.0,1195.0,190
2023-05-10 22:30:08,TA401C5500,TA401C5500,239.0,0.0,0.0,0.0,5,228.0,250.0,10,238.0,239.0,239.0,239.0,5.0,1195.0,190
2023-05-10 22:30:11,TA401C5500,TA401C5500,239.0,0.0,0.0,0.0,5,228.0,232.5,5,238.0,239.0,239.0,239.0,5.0,1195.0,190
2023-05-10 22:30:19,TA401C5500,TA401C5500,239.0,0.0,0.0,0.0,5,229.0,232.5,5,238.0,239.0,239.0,239.0,5.0,1195.0,190
2023-05-10 22:30:36,TA401C5500,TA401C5500,239.0,0.0,0.0,0.0,5,229.0,250.0,10,238.0,239.0,239.0,239.0,5.0,1195.0,190
2023-05-10 22:30:37,TA401C5500,TA401C5500,239.0,0.0,0.0,0.0,5,229.0,234.0,5,238.0,239.0,239.0,239.0,5.0,1195.0,190
2023-05-10 22:30:47,TA401C5500,TA401C5500,239.0,0.0,0.0,0.0,5,230.0,234.0,5,238.0,239.0,239.0,239.0,5.0,1195.0,190
2023-05-10 22:31:07,TA401C5500,TA401C5500,239.0,0.0,0.0,0.0,5,230.0,233.0,5,238.0,239.0,239.0,239.0,5.0,1195.0,190
2023-05-10 22:31:10,TA401C5500,TA401C5500,239.0,0.0,0.0,0.0,5,229.0,233.0,5,238.0,239.0,239.0,239.0,5.0,1195.0,190
2023-05-10 22:31:43,TA401C5500,TA401C5500,239.0,0.0,0.0,0.0,5,229.0,232.0,5,238.0,239.0,239.0,239.0,5.0,1195.0,190
2023-05-10 22:31:44,TA401C5500,TA401C5500,239.0,0.0,0.0,0.0,1,214.5,232.0,5,238.0,239.0,239.0,239.0,5.0,1195.0,190
2023-05-10 22:31:46,TA401C5500,TA401C5500,239.0,0.0,0.0,0.0,5,227.0,232.0,5,238.0,239.0,239.0,239.0,5.0,1195.0,190
2023-05-10 22:31:49,TA401C5500,TA401C5500,239.0,0.0,0.0,0.0,5,228.0,232.0,5,238.0,239.0,239.0,239.0,5.0,1195.0,190
2023-05-10 22:32:04,TA401C5500,TA401C5500,239.0,0.0,0.0,0.0,5,229.5,233.0,5,238.0,239.0,239.0,239.0,5.0,1195.0,190
2023-05-10 22:32:12,TA401C5500,TA401C5500,239.0,0.0,0.0,0.0,5,228.0,233.0,5,238.0,239.0,239.0,239.0,5.0,1195.0,190
2023-05-10 22:33:12,TA401C5500,TA401C5500,239.0,0.0,0.0,0.0,5,229.0,233.0,5,238.0,239.0,239.0,239.0,5.0,1195.0,190
2023-05-10 22:33:16,TA401C5500,TA401C5500,239.0,0.0,0.0,0.0,5,230.0,233.0,5,238.0,239.0,239.0,239.0,5.0,1195.0,190
2023-05-10 22:33:20,TA401C5500,TA401C5500,239.0,0.0,0.0,0.0,5,230.0,235.0,5,238.0,239.0,239.0,239.0,5.0,1195.0,190
2023-05-10 22:33:31,TA401C5500,TA401C5500,239.0,0.0,0.0,0.0,5,230.0,234.0,5,238.0,239.0,239.0,239.0,5.0,1195.0,190
2023-05-10 22:33:46,TA401C5500,TA401C5500,239.0,0.0,0.0,0.0,5,230.0,233.0,5,238.0,239.0,239.0,239.0,5.0,1195.0,190
2023-05-10 22:33:47,TA401C5500,TA401C5500,239.0,0.0,0.0,0.0,5,229.0,233.0,5,238.0,239.0,239.0,239.0,5.0,1195.0,190
2023-05-10 22:33:53,TA401C5500,TA401C5500,239.0,0.0,0.0,0.0,1,214.5,233.0,5,238.0,239.0,239.0,239.0,5.0,1195.0,190
2023-05-10 22:33:57,TA401C5500,TA401C5500,239.0,0.0,0.0,0.0,5,226.5,233.0,5,238.0,239.0,239.0,239.0,5.0,1195.0,190
2023-05-10 22:33:58,TA401C5500,TA401C5500,239.0,0.0,0.0,0.0,5,226.5,230.5,5,238.0,239.0,239.0,239.0,5.0,1195.0,190
2023-05-10 22:34:05,TA401C5500,TA401C5500,239.0,0.0,0.0,0.0,1,214.5,230.5,5,238.0,239.0,239.0,239.0,5.0,1195.0,190
2023-05-10 22:34:06,TA401C5500,TA401C5500,239.0,0.0,0.0,0.0,5,225.0,230.5,5,238.0,239.0,239.0,239.0,5.0,1195.0,190
2023-05-10 22:34:09,TA401C5500,TA401C5500,239.0,0.0,0.0,0.0,5,225.0,229.5,5,238.0,239.0,239.0,239.0,5.0,1195.0,190
2023-05-10 22:34:32,TA401C5500,TA401C5500,239.0,0.0,0.0,0.0,5,225.0,228.5,5,238.0,239.0,239.0,239.0,5.0,1195.0,190
2023-05-10 22:34:36,TA401C5500,TA401C5500,239.0,0.0,0.0,0.0,5,225.0,229.5,5,238.0,239.0,239.0,239.0,5.0,1195.0,190
2023-05-10 22:34:41,TA401C5500,TA401C5500,239.0,0.0,0.0,0.0,5,226.0,229.5,5,238.0,239.0,239.0,239.0,5.0,1195.0,190
2023-05-10 22:34:47,TA401C5500,TA401C5500,239.0,0.0,0.0,0.0,5,226.0,250.0,10,238.0,239.0,239.0,239.0,5.0,1195.0,190
2023-05-10 22:34:51,TA401C5500,TA401C5500,239.0,0.0,0.0,0.0,5,226.0,231.5,5,238.0,239.0,239.0,239.0,5.0,1195.0,190
2023-05-10 22:34:53,TA401C5500,TA401C5500,239.0,0.0,0.0,0.0,5,227.0,231.5,5,238.0,239.0,239.0,239.0,5.0,1195.0,190
2023-05-10 22:34:56,TA401C5500,TA401C5500,239.0,0.0,0.0,0.0,5,228.0,231.5,5,238.0,239.0,239.0,239.0,5.0,1195.0,190
2023-05-10 22:35:02,TA401C5500,TA401C5500,239.0,0.0,0.0,0.0,5,228.0,250.0,10,238.0,239.0,239.0,239.0,5.0,1195.0,190
2023-05-10 22:35:03,TA401C5500,TA401C5500,239.0,0.0,0.0,0.0,5,228.0,232.5,5,238.0,239.0,239.0,239.0,5.0,1195.0,190
2023-05-10 22:35:47,TA401C5500,TA401C5500,239.0,0.0,0.0,0.0,5,229.0,232.5,5,238.0,239.0,239.0,239.0,5.0,1195.0,190
2023-05-10 22:35:48,TA401C5500,TA401C5500,239.0,0.0,0.0,0.0,5,229.0,250.0,10,238.0,239.0,239.0,239.0,5.0,1195.0,190
2023-05-10 22:35:49,TA401C5500,TA401C5500,239.0,0.0,0.0,0.0,5,229.0,234.0,5,238.0,239.0,239.0,239.0,5.0,1195.0,190
2023-05-10 22:36:12,TA401C5500,TA401C5500,239.0,0.0,0.0,0.0,5,229.0,233.0,5,238.0,239.0,239.0,239.0,5.0,1195.0,190
2023-05-10 22:36:36,TA401C5500,TA401C5500,239.0,0.0,0.0,0.0,5,229.0,234.0,5,238.0,239.0,239.0,239.0,5.0,1195.0,190
2023-05-10 22:36:39,TA401C5500,TA401C5500,239.0,0.0,0.0,0.0,5,230.0,234.0,5,238.0,239.0,239.0,239.0,5.0,1195.0,190
2023-05-10 22:37:00,TA401C5500,TA401C5500,239.0,0.0,0.0,0.0,5,229.0,233.0,5,238.0,239.0,239.0,239.0,5.0,1195.0,190
2023-05-10 22:37:14,TA401C5500,TA401C5500,239.0,0.0,0.0,0.0,5,229.0,232.0,5,238.0,239.0,239.0,239.0,5.0,1195.0,190
2023-05-10 22:37:14,TA401C5500,TA401C5500,239.0,0.0,0.0,0.0,1,214.5,232.0,5,238.0,239.0,239.0,239.0,5.0,1195.0,190
2023-05-10 22:37:16,TA401C5500,TA401C5500,239.0,0.0,0.0,0.0,5,227.0,232.0,5,238.0,239.0,239.0,239.0,5.0,1195.0,190
2023-05-10 22:37:17,TA401C5500,TA401C5500,239.0,0.0,0.0,0.0,5,227.0,230.5,5,238.0,239.0,239.0,239.0,5.0,1195.0,190
2023-05-10 22:38:55,TA401C5500,TA401C5500,239.0,0.0,0.0,0.0,5,227.0,232.0,5,238.0,239.0,239.0,239.0,5.0,1195.0,190
2023-05-10 22:39:04,TA401C5500,TA401C5500,239.0,0.0,0.0,0.0,5,228.5,232.0,5,238.0,239.0,239.0,239.0,5.0,1195.0,190
2023-05-10 22:40:12,TA401C5500,TA401C5500,239.0,0.0,0.0,0.0,5,228.5,250.0,10,238.0,239.0,239.0,239.0,5.0,1195.0,190
2023-05-10 22:40:12,TA401C5500,TA401C5500,239.0,0.0,0.0,0.0,5,230.0,250.0,10,238.0,239.0,239.0,239.0,5.0,1195.0,190
2023-05-10 22:40:14,TA401C5500,TA401C5500,239.0,0.0,0.0,0.0,5,230.0,234.5,5,238.0,239.0,239.0,239.0,5.0,1195.0,190
2023-05-10 22:40:41,TA401C5500,TA401C5500,239.0,0.0,0.0,0.0,5,230.0,233.5,5,238.0,239.0,239.0,239.0,5.0,1195.0,190
2023-05-10 22:40:51,TA401C5500,TA401C5500,239.0,0.0,0.0,0.0,5,228.5,233.5,5,238.0,239.0,239.0,239.0,5.0,1195.0,190
2023-05-10 22:41:01,TA401C5500,TA401C5500,239.0,0.0,0.0,0.0,5,228.5,232.0,5,238.0,239.0,239.0,239.0,5.0,1195.0,190
2023-05-10 22:41:16,TA401C5500,TA401C5500,239.0,0.0,0.0,0.0,1,214.5,232.0,5,238.0,239.0,239.0,239.0,5.0,1195.0,190
2023-05-10 22:41:17,TA401C5500,TA401C5500,239.0,0.0,0.0,0.0,5,226.5,232.0,5,238.0,239.0,239.0,239.0,5.0,1195.0,190
2023-05-10 22:41:25,TA401C5500,TA401C5500,239.0,0.0,0.0,0.0,5,227.5,232.0,5,238.0,239.0,239.0,239.0,5.0,1195.0,190
2023-05-10 22:43:09,TA401C5500,TA401C5500,239.0,0.0,0.0,0.0,5,228.5,232.0,5,238.0,239.0,239.0,239.0,5.0,1195.0,190
2023-05-10 22:43:35,TA401C5500,TA401C5500,239.0,0.0,0.0,0.0,5,228.5,233.5,5,238.0,239.0,239.0,239.0,5.0,1195.0,190
2023-05-10 22:44:02,TA401C5500,TA401C5500,239.0,0.0,0.0,0.0,5,228.5,232.5,5,238.0,239.0,239.0,239.0,5.0,1195.0,190
2023-05-10 22:44:32,TA401C5500,TA401C5500,239.0,0.0,0.0,0.0,5,227.5,231.5,5,238.0,239.0,239.0,239.0,5.0,1195.0,190
2023-05-10 22:45:04,TA401C5500,TA401C5500,239.0,0.0,0.0,0.0,5,228.5,231.5,5,238.0,239.0,239.0,239.0,5.0,1195.0,190
2023-05-10 22:46:10,TA401C5500,TA401C5500,239.0,0.0,0.0,0.0,5,227.5,231.5,5,238.0,239.0,239.0,239.0,5.0,1195.0,190
2023-05-10 22:46:27,TA401C5500,TA401C5500,239.0,0.0,0.0,0.0,5,228.5,231.5,5,238.0,239.0,239.0,239.0,5.0,1195.0,190
2023-05-10 22:46:29,TA401C5500,TA401C5500,239.0,0.0,0.0,0.0,5,228.5,232.5,5,238.0,239.0,239.0,239.0,5.0,1195.0,190
2023-05-10 22:46:59,TA401C5500,TA401C5500,239.0,0.0,0.0,0.0,5,228.5,250.0,10,238.0,239.0,239.0,239.0,5.0,1195.0,190
2023-05-10 22:47:00,TA401C5500,TA401C5500,239.0,0.0,0.0,0.0,5,228.5,234.0,5,238.0,239.0,239.0,239.0,5.0,1195.0,190
2023-05-10 22:47:24,TA401C5500,TA401C5500,239.0,0.0,0.0,0.0,5,229.5,234.0,5,238.0,239.0,239.0,239.0,5.0,1195.0,190
2023-05-10 22:48:50,TA401C5500,TA401C5500,239.0,0.0,0.0,0.0,5,229.5,232.5,5,238.0,239.0,239.0,239.0,5.0,1195.0,190
2023-05-10 22:49:15,TA401C5500,TA401C5500,239.0,0.0,0.0,0.0,5,229.5,234.0,5,238.0,239.0,239.0,239.0,5.0,1195.0,190
2023-05-10 22:50:20,TA401C5500,TA401C5500,239.0,0.0,0.0,0.0,5,229.5,233.0,5,238.0,239.0,239.0,239.0,5.0,1195.0,190
2023-05-10 22:51:03,TA401C5500,TA401C5500,239.0,0.0,0.0,0.0,5,228.5,233.0,5,238.0,239.0,239.0,239.0,5.0,1195.0,190
2023-05-10 22:55:13,TA401C5500,TA401C5500,239.0,0.0,0.0,0.0,1,214.5,233.0,5,238.0,239.0,239.0,239.0,5.0,1195.0,190
2023-05-10 22:55:15,TA401C5500,TA401C5500,239.0,0.0,0.0,0.0,5,226.5,233.0,5,238.0,239.0,239.0,239.0,5.0,1195.0,190
2023-05-10 22:55:55,TA401C5500,TA401C5500,239.0,0.0,0.0,0.0,1,214.5,250.0,10,238.0,239.0,239.0,239.0,5.0,1195.0,190
2023-05-10 22:56:29,TA401C5500,TA401C5500,239.0,0.0,0.0,0.0,1,141.5,0.0,0,238.0,239.0,239.0,239.0,5.0,1195.0,190
2023-05-10 22:56:30,TA401C5500,TA401C5500,239.0,0.0,0.0,0.0,1,141.5,559.5,1,238.0,239.0,239.0,239.0,5.0,1195.0,190
2023-05-10 22:57:39,TA401C5500,TA401C5500,239.0,0.0,0.0,0.0,18,71.0,559.5,1,238.0,239.0,239.0,239.0,5.0,1195.0,190
2023-05-10 22:57:40,TA401C5500,TA401C5500,239.0,0.0,0.0,0.0,1,72.5,559.5,1,238.0,239.0,239.0,239.0,5.0,1195.0,190
2023-05-10 22:57:40,TA401C5500,TA401C5500,239.0,0.0,0.0,0.0,6,73.5,559.5,1,238.0,239.0,239.0,239.0,5.0,1195.0,190
2023-05-10 22:57:41,TA401C5500,TA401C5500,239.0,0.0,0.0,0.0,1,75.0,559.5,1,238.0,239.0,239.0,239.0,5.0,1195.0,190
2023-05-10 22:57:41,TA401C5500,TA401C5500,239.0,0.0,0.0,0.0,6,76.0,559.5,1,238.0,239.0,239.0,239.0,5.0,1195.0,190
2023-05-10 22:57:42,TA401C5500,TA401C5500,239.0,0.0,0.0,0.0,1,77.5,559.5,1,238.0,239.0,239.0,239.0,5.0,1195.0,190
2023-05-10 22:57:42,TA401C5500,TA401C5500,239.0,0.0,0.0,0.0,6,78.5,559.5,1,238.0,239.0,239.0,239.0,5.0,1195.0,190
2023-05-10 22:57:43,TA401C5500,TA401C5500,239.0,0.0,0.0,0.0,1,80.0,559.5,1,238.0,239.0,239.0,239.0,5.0,1195.0,190
2023-05-10 22:57:43,TA401C5500,TA401C5500,239.0,0.0,0.0,0.0,6,81.0,559.5,1,238.0,239.0,239.0,239.0,5.0,1195.0,190
2023-05-10 22:57:44,TA401C5500,TA401C5500,239.0,0.0,0.0,0.0,1,82.5,559.5,1,238.0,239.0,239.0,239.0,5.0,1195.0,190
2023-05-10 22:57:44,TA401C5500,TA401C5500,239.0,0.0,0.0,0.0,6,83.5,559.5,1,238.0,239.0,239.0,239.0,5.0,1195.0,190
2023-05-10 22:57:45,TA401C5500,TA401C5500,239.0,0.0,0.0,0.0,1,85.0,559.5,1,238.0,239.0,239.0,239.0,5.0,1195.0,190
2023-05-10 22:57:45,TA401C5500,TA401C5500,239.0,0.0,0.0,0.0,6,86.0,559.5,1,238.0,239.0,239.0,239.0,5.0,1195.0,190
2023-05-10 22:57:46,TA401C5500,TA401C5500,239.0,0.0,0.0,0.0,1,87.5,559.5,1,238.0,239.0,239.0,239.0,5.0,1195.0,190
2023-05-10 22:57:46,TA401C5500,TA401C5500,239.0,0.0,0.0,0.0,6,88.5,559.5,1,238.0,239.0,239.0,239.0,5.0,1195.0,190
2023-05-10 22:57:47,TA401C5500,TA401C5500,239.0,0.0,0.0,0.0,1,90.0,559.5,1,238.0,239.0,239.0,239.0,5.0,1195.0,190
2023-05-10 22:57:47,TA401C5500,TA401C5500,239.0,0.0,0.0,0.0,6,91.0,559.5,1,238.0,239.0,239.0,239.0,5.0,1195.0,190
2023-05-10 22:57:48,TA401C5500,TA401C5500,239.0,0.0,0.0,0.0,1,92.5,559.5,1,238.0,239.0,239.0,239.0,5.0,1195.0,190
2023-05-10 22:57:48,TA401C5500,TA401C5500,239.0,0.0,0.0,0.0,6,93.5,559.5,1,238.0,239.0,239.0,239.0,5.0,1195.0,190
2023-05-10 22:57:49,TA401C5500,TA401C5500,239.0,0.0,0.0,0.0,1,95.0,559.5,1,238.0,239.0,239.0,239.0,5.0,1195.0,190
2023-05-10 22:57:49,TA401C5500,TA401C5500,239.0,0.0,0.0,0.0,6,96.0,559.5,1,238.0,239.0,239.0,239.0,5.0,1195.0,190
2023-05-10 22:57:50,TA401C5500,TA401C5500,239.0,0.0,0.0,0.0,1,97.5,559.5,1,238.0,239.0,239.0,239.0,5.0,1195.0,190
2023-05-10 22:57:50,TA401C5500,TA401C5500,239.0,0.0,0.0,0.0,6,98.5,559.5,1,238.0,239.0,239.0,239.0,5.0,1195.0,190
2023-05-10 22:57:51,TA401C5500,TA401C5500,239.0,0.0,0.0,0.0,1,100.0,559.5,1,238.0,239.0,239.0,239.0,5.0,1195.0,190
2023-05-10 22:57:51,TA401C5500,TA401C5500,239.0,0.0,0.0,0.0,6,101.0,559.5,1,238.0,239.0,239.0,239.0,5.0,1195.0,190
2023-05-10 22:57:52,TA401C5500,TA401C5500,239.0,0.0,0.0,0.0,1,102.5,559.5,1,238.0,239.0,239.0,239.0,5.0,1195.0,190
2023-05-10 22:57:52,TA401C5500,TA401C5500,239.0,0.0,0.0,0.0,6,103.5,559.5,1,238.0,239.0,239.0,239.0,5.0,1195.0,190
2023-05-10 22:57:53,TA401C5500,TA401C5500,239.0,0.0,0.0,0.0,1,105.0,559.5,1,238.0,239.0,239.0,239.0,5.0,1195.0,190
2023-05-10 22:57:53,TA401C5500,TA401C5500,239.0,0.0,0.0,0.0,6,106.0,559.5,1,238.0,239.0,239.0,239.0,5.0,1195.0,190
2023-05-10 22:57:54,TA401C5500,TA401C5500,239.0,0.0,0.0,0.0,1,107.5,559.5,1,238.0,239.0,239.0,239.0,5.0,1195.0,190
2023-05-10 22:57:54,TA401C5500,TA401C5500,239.0,0.0,0.0,0.0,6,108.5,559.5,1,238.0,239.0,239.0,239.0,5.0,1195.0,190
2023-05-10 22:57:55,TA401C5500,TA401C5500,239.0,0.0,0.0,0.0,1,110.0,559.5,1,238.0,239.0,239.0,239.0,5.0,1195.0,190
2023-05-10 22:57:55,TA401C5500,TA401C5500,239.0,0.0,0.0,0.0,6,111.0,559.5,1,238.0,239.0,239.0,239.0,5.0,1195.0,190
2023-05-10 22:57:56,TA401C5500,TA401C5500,239.0,0.0,0.0,0.0,1,112.5,559.5,1,238.0,239.0,239.0,239.0,5.0,1195.0,190
2023-05-10 22:57:56,TA401C5500,TA401C5500,239.0,0.0,0.0,0.0,6,113.5,559.5,1,238.0,239.0,239.0,239.0,5.0,1195.0,190
2023-05-10 22:57:57,TA401C5500,TA401C5500,239.0,0.0,0.0,0.0,1,115.0,559.5,1,238.0,239.0,239.0,239.0,5.0,1195.0,190
2023-05-10 22:57:57,TA401C5500,TA401C5500,239.0,0.0,0.0,0.0,6,116.0,559.5,1,238.0,239.0,239.0,239.0,5.0,1195.0,190
2023-05-10 22:57:58,TA401C5500,TA401C5500,239.0,0.0,0.0,0.0,1,117.5,559.5,1,238.0,239.0,239.0,239.0,5.0,1195.0,190
2023-05-10 22:57:58,TA401C5500,TA401C5500,239.0,0.0,0.0,0.0,6,118.5,559.5,1,238.0,239.0,239.0,239.0,5.0,1195.0,190
2023-05-10 22:57:59,TA401C5500,TA401C5500,239.0,0.0,0.0,0.0,1,120.0,559.5,1,238.0,239.0,239.0,239.0,5.0,1195.0,190
2023-05-10 22:57:59,TA401C5500,TA401C5500,239.0,0.0,0.0,0.0,6,121.0,559.5,1,238.0,239.0,239.0,239.0,5.0,1195.0,190
2023-05-10 22:59:49,TA401C5500,TA401C5500,239.0,0.0,0.0,0.0,6,121.0,0.0,0,238.0,239.0,239.0,239.0,5.0,1195.0,190
2023-05-11 09:00:02,TA401C5500,TA401C5500,239.0,0.0,0.0,0.0,1,148.0,338.5,1,238.0,239.0,239.0,239.0,5.0,1195.0,190
2023-05-11 09:00:37,TA401C5500,TA401C5500,239.0,0.0,0.0,0.0,1,175.5,311.0,1,238.0,239.0,239.0,239.0,5.0,1195.0,190
2023-05-11 09:01:22,TA401C5500,TA401C5500,239.0,0.0,0.0,0.0,5,228.5,311.0,1,238.0,239.0,239.0,239.0,5.0,1195.0,190
2023-05-11 09:01:28,TA401C5500,TA401C5500,239.0,0.0,0.0,0.0,5,228.5,234.5,5,238.0,239.0,239.0,239.0,5.0,1195.0,190
2023-05-11 09:01:31,TA401C5500,TA401C5500,239.0,0.0,0.0,0.0,5,228.5,233.0,5,238.0,239.0,239.0,239.0,5.0,1195.0,190
2023-05-11 09:03:25,TA401C5500,TA401C5500,239.0,0.0,0.0,0.0,5,229.5,233.0,5,238.0,239.0,239.0,239.0,5.0,1195.0,190
2023-05-11 09:03:38,TA401C5500,TA401C5500,239.0,0.0,0.0,0.0,5,229.5,234.5,5,238.0,239.0,239.0,239.0,5.0,1195.0,190
2023-05-11 09:04:04,TA401C5500,TA401C5500,239.0,0.0,0.0,0.0,5,229.5,233.0,5,238.0,239.0,239.0,239.0,5.0,1195.0,190
2023-05-11 09:04:42,TA401C5500,TA401C5500,239.0,0.0,0.0,0.0,5,228.5,233.0,5,238.0,239.0,239.0,239.0,5.0,1195.0,190
2023-05-11 09:04:44,TA401C5500,TA401C5500,239.0,0.0,0.0,0.0,1,175.5,233.0,5,238.0,239.0,239.0,239.0,5.0,1195.0,190
2023-05-11 09:04:46,TA401C5500,TA401C5500,239.0,0.0,0.0,0.0,5,227.0,233.0,5,238.0,239.0,239.0,239.0,5.0,1195.0,190
2023-05-11 09:04:48,TA401C5500,TA401C5500,239.0,0.0,0.0,0.0,5,227.0,231.5,5,238.0,239.0,239.0,239.0,5.0,1195.0,190
2023-05-11 09:06:40,TA401C5500,TA401C5500,239.0,0.0,0.0,0.0,5,228.0,231.5,5,238.0,239.0,239.0,239.0,5.0,1195.0,190
2023-05-11 09:07:33,TA401C5500,TA401C5500,239.0,0.0,0.0,0.0,5,228.0,233.0,5,238.0,239.0,239.0,239.0,5.0,1195.0,190
2023-05-11 09:07:37,TA401C5500,TA401C5500,239.0,0.0,0.0,0.0,5,229.5,233.0,5,238.0,239.0,239.0,239.0,5.0,1195.0,190
2023-05-11 09:08:33,TA401C5500,TA401C5500,239.0,0.0,0.0,0.0,5,229.5,311.0,1,238.0,239.0,239.0,239.0,5.0,1195.0,190
2023-05-11 09:08:35,TA401C5500,TA401C5500,239.0,0.0,0.0,0.0,5,229.5,260.0,1,238.0,239.0,239.0,239.0,5.0,1195.0,190
2023-05-11 09:08:39,TA401C5500,TA401C5500,239.0,0.0,0.0,0.0,5,229.5,235.0,5,238.0,239.0,239.0,239.0,5.0,1195.0,190
2023-05-11 09:08:41,TA401C5500,TA401C5500,239.0,0.0,0.0,0.0,5,230.5,235.0,5,238.0,239.0,239.0,239.0,5.0,1195.0,190
2023-05-11 09:09:22,TA401C5500,TA401C5500,239.0,0.0,0.0,0.0,5,230.5,234.0,5,238.0,239.0,239.0,239.0,5.0,1195.0,190
2023-05-11 09:09:22,TA401C5500,TA401C5500,239.0,0.0,0.0,0.0,5,229.5,234.0,5,238.0,239.0,239.0,239.0,5.0,1195.0,190
2023-05-11 09:09:44,TA401C5500,TA401C5500,239.0,0.0,0.0,0.0,5,230.5,234.0,5,238.0,239.0,239.0,239.0,5.0,1195.0,190
2023-05-11 09:10:54,TA401C5500,TA401C5500,239.0,0.0,0.0,0.0,5,229.5,234.0,5,238.0,239.0,239.0,239.0,5.0,1195.0,190
2023-05-11 09:11:14,TA401C5500,TA401C5500,239.0,0.0,0.0,0.0,5,229.5,232.5,5,238.0,239.0,239.0,239.0,5.0,1195.0,190
2023-05-11 09:11:20,TA401C5500,TA401C5500,239.0,0.0,0.0,0.0,5,227.5,232.5,5,238.0,239.0,239.0,239.0,5.0,1195.0,190
2023-05-11 09:11:55,TA401C5500,TA401C5500,239.0,0.0,0.0,0.0,5,228.5,232.5,5,238.0,239.0,239.0,239.0,5.0,1195.0,190
2023-05-11 09:12:09,TA401C5500,TA401C5500,239.0,0.0,0.0,0.0,5,228.5,234.0,5,238.0,239.0,239.0,239.0,5.0,1195.0,190
2023-05-11 09:12:10,TA401C5500,TA401C5500,239.0,0.0,0.0,0.0,5,229.5,234.0,5,238.0,239.0,239.0,239.0,5.0,1195.0,190
2023-05-11 09:12:15,TA401C5500,TA401C5500,239.0,0.0,0.0,0.0,5,230.5,234.0,5,238.0,239.0,239.0,239.0,5.0,1195.0,190
2023-05-11 09:12:46,TA401C5500,TA401C5500,239.0,0.0,0.0,0.0,5,230.5,236.0,5,238.0,239.0,239.0,239.0,5.0,1195.0,190
2023-05-11 09:13:03,TA401C5500,TA401C5500,239.0,0.0,0.0,0.0,5,230.5,235.0,5,238.0,239.0,239.0,239.0,5.0,1195.0,190
2023-05-11 09:14:38,TA401C5500,TA401C5500,239.0,0.0,0.0,0.0,5,230.5,234.0,5,238.0,239.0,239.0,239.0,5.0,1195.0,190
2023-05-11 09:14:43,TA401C5500,TA401C5500,239.0,0.0,0.0,0.0,5,229.5,234.0,5,238.0,239.0,239.0,239.0,5.0,1195.0,190
2023-05-11 09:15:09,TA401C5500,TA401C5500,239.0,0.0,0.0,0.0,5,230.5,234.0,5,238.0,239.0,239.0,239.0,5.0,1195.0,190
2023-05-11 09:15:11,TA401C5500,TA401C5500,239.0,0.0,0.0,0.0,5,230.5,235.0,5,238.0,239.0,239.0,239.0,5.0,1195.0,190
2023-05-11 09:15:32,TA401C5500,TA401C5500,239.0,0.0,0.0,0.0,5,231.5,235.0,5,238.0,239.0,239.0,239.0,5.0,1195.0,190
2023-05-11 09:15:39,TA401C5500,TA401C5500,239.0,0.0,0.0,0.0,5,231.5,260.0,1,238.0,239.0,239.0,239.0,5.0,1195.0,190
2023-05-11 09:15:40,TA401C5500,TA401C5500,239.0,0.0,0.0,0.0,5,231.5,237.0,5,238.0,239.0,239.0,239.0,5.0,1195.0,190
2023-05-11 09:16:25,TA401C5500,TA401C5500,239.0,0.0,0.0,0.0,5,232.5,237.0,5,238.0,239.0,239.0,239.0,5.0,1195.0,190
2023-05-11 09:16:52,TA401C5500,TA401C5500,239.0,0.0,0.0,0.0,5,232.5,236.0,5,238.0,239.0,239.0,239.0,5.0,1195.0,190
2023-05-11 09:17:13,TA401C5500,TA401C5500,239.0,0.0,0.0,0.0,5,231.5,236.0,5,238.0,239.0,239.0,239.0,5.0,1195.0,190
2023-05-11 09:17:21,TA401C5500,TA401C5500,239.0,0.0,0.0,0.0,5,231.5,235.0,5,238.0,239.0,239.0,239.0,5.0,1195.0,190
2023-05-11 09:17:35,TA401C5500,TA401C5500,239.0,0.0,0.0,0.0,1,175.5,235.0,5,238.0,239.0,239.0,239.0,5.0,1195.0,190
2023-05-11 09:17:36,TA401C5500,TA401C5500,239.0,0.0,0.0,0.0,2,182.0,235.0,5,238.0,239.0,239.0,239.0,5.0,1195.0,190
2023-05-11 09:17:36,TA401C5500,TA401C5500,239.0,0.0,0.0,0.0,1,219.0,234.0,5,238.0,239.0,239.0,239.0,5.0,1195.0,190
2023-05-11 09:17:37,TA401C5500,TA401C5500,239.0,0.0,0.0,0.0,5,229.0,234.0,5,238.0,239.0,239.0,239.0,5.0,1195.0,190
2023-05-11 09:19:15,TA401C5500,TA401C5500,239.0,0.0,0.0,0.0,5,230.0,234.0,5,238.0,239.0,239.0,239.0,5.0,1195.0,190
2023-05-11 09:19:29,TA401C5500,TA401C5500,239.0,0.0,0.0,0.0,5,229.0,234.0,5,238.0,239.0,239.0,239.0,5.0,1195.0,190
2023-05-11 09:19:30,TA401C5500,TA401C5500,239.0,0.0,0.0,0.0,5,229.0,233.0,5,238.0,239.0,239.0,239.0,5.0,1195.0,190
2023-05-11 09:23:26,TA401C5500,TA401C5500,239.0,0.0,0.0,0.0,5,230.0,233.0,5,238.0,239.0,239.0,239.0,5.0,1195.0,190
2023-05-11 09:24:10,TA401C5500,TA401C5500,239.0,0.0,0.0,0.0,5,230.0,234.0,5,238.0,239.0,239.0,239.0,5.0,1195.0,190
2023-05-11 09:24:55,TA401C5500,TA401C5500,239.0,0.0,0.0,0.0,5,231.0,234.0,5,238.0,239.0,239.0,239.0,5.0,1195.0,190
2023-05-11 09:26:01,TA401C5500,TA401C5500,239.0,0.0,0.0,0.0,5,231.0,260.0,1,238.0,239.0,239.0,239.0,5.0,1195.0,190
2023-05-11 09:26:02,TA401C5500,TA401C5500,239.0,0.0,0.0,0.0,5,231.0,236.0,5,238.0,239.0,239.0,239.0,5.0,1195.0,190
2023-05-11 09:26:21,TA401C5500,TA401C5500,239.0,0.0,0.0,0.0,5,232.0,236.0,5,238.0,239.0,239.0,239.0,5.0,1195.0,190
2023-05-11 09:27:09,TA401C5500,TA401C5500,239.0,0.0,0.0,0.0,5,233.0,236.0,5,238.0,239.0,239.0,239.0,5.0,1195.0,190
2023-05-11 09:27:13,TA401C5500,TA401C5500,239.0,0.0,0.0,0.0,5,233.0,238.0,5,238.0,239.0,239.0,239.0,5.0,1195.0,190
2023-05-11 09:27:36,TA401C5500,TA401C5500,239.0,0.0,0.0,0.0,5,234.0,238.0,5,238.0,239.0,239.0,239.0,5.0,1195.0,190
2023-05-11 09:27:43,TA401C5500,TA401C5500,239.0,0.0,0.0,0.0,5,234.0,237.0,5,238.0,239.0,239.0,239.0,5.0,1195.0,190
2023-05-11 09:27:53,TA401C5500,TA401C5500,239.0,0.0,0.0,0.0,5,234.0,238.0,5,238.0,239.0,239.0,239.0,5.0,1195.0,190
2023-05-11 09:27:56,TA401C5500,TA401C5500,239.0,0.0,0.0,0.0,5,234.0,260.0,1,238.0,239.0,239.0,239.0,5.0,1195.0,190
2023-05-11 09:27:56,TA401C5500,TA401C5500,239.0,0.0,0.0,0.0,5,234.0,239.5,5,238.0,239.0,239.0,239.0,5.0,1195.0,190
2023-05-11 09:28:01,TA401C5500,TA401C5500,239.0,0.0,0.0,0.0,5,234.0,238.0,5,238.0,239.0,239.0,239.0,5.0,1195.0,190
2023-05-11 09:28:08,TA401C5500,TA401C5500,239.0,0.0,0.0,0.0,5,233.0,236.5,5,238.0,239.0,239.0,239.0,5.0,1195.0,190
2023-05-11 09:28:15,TA401C5500,TA401C5500,239.0,0.0,0.0,0.0,1,219.0,236.5,5,238.0,239.0,239.0,239.0,5.0,1195.0,190
2023-05-11 09:28:16,TA401C5500,TA401C5500,239.0,0.0,0.0,0.0,5,231.5,236.5,5,238.0,239.0,239.0,239.0,5.0,1195.0,190
2023-05-11 09:28:28,TA401C5500,TA401C5500,239.0,0.0,0.0,0.0,5,232.5,236.5,5,238.0,239.0,239.0,239.0,5.0,1195.0,190
2023-05-11 09:30:30,TA401C5500,TA401C5500,239.0,0.0,0.0,0.0,5,232.5,235.5,5,238.0,239.0,239.0,239.0,5.0,1195.0,190
2023-05-11 09:30:31,TA401C5500,TA401C5500,239.0,0.0,0.0,0.0,5,231.5,235.5,5,238.0,239.0,239.0,239.0,5.0,1195.0,190
2023-05-11 09:30:44,TA401C5500,TA401C5500,239.0,0.0,0.0,0.0,5,231.5,234.5,5,238.0,239.0,239.0,239.0,5.0,1195.0,190
2023-05-11 09:30:45,TA401C5500,TA401C5500,239.0,0.0,0.0,0.0,5,229.5,234.5,5,238.0,239.0,239.0,239.0,5.0,1195.0,190
2023-05-11 09:30:50,TA401C5500,TA401C5500,239.0,0.0,0.0,0.0,5,230.5,234.5,5,238.0,239.0,239.0,239.0,5.0,1195.0,190
2023-05-11 09:35:28,TA401C5500,TA401C5500,239.0,0.0,0.0,0.0,5,229.5,233.5,5,238.0,239.0,239.0,239.0,5.0,1195.0,190
2023-05-11 09:39:09,TA401C5500,TA401C5500,239.0,0.0,0.0,0.0,5,229.5,234.5,5,238.0,239.0,239.0,239.0,5.0,1195.0,190
2023-05-11 09:39:15,TA401C5500,TA401C5500,239.0,0.0,0.0,0.0,5,229.5,260.0,1,238.0,239.0,239.0,239.0,5.0,1195.0,190
2023-05-11 09:39:16,TA401C5500,TA401C5500,239.0,0.0,0.0,0.0,5,231.5,236.0,5,238.0,239.0,239.0,239.0,5.0,1195.0,190
2023-05-11 09:40:18,TA401C5500,TA401C5500,239.0,0.0,0.0,0.0,5,233.0,236.0,5,238.0,239.0,239.0,239.0,5.0,1195.0,190
2023-05-11 09:40:28,TA401C5500,TA401C5500,239.0,0.0,0.0,0.0,5,231.5,236.0,5,238.0,239.0,239.0,239.0,5.0,1195.0,190
2023-05-11 09:40:37,TA401C5500,TA401C5500,239.0,0.0,0.0,0.0,5,232.5,236.0,5,238.0,239.0,239.0,239.0,5.0,1195.0,190
2023-05-11 09:40:45,TA401C5500,TA401C5500,239.0,0.0,0.0,0.0,5,232.5,238.0,5,238.0,239.0,239.0,239.0,5.0,1195.0,190
2023-05-11 09:40:53,TA401C5500,TA401C5500,239.0,0.0,0.0,0.0,5,234.0,238.0,5,238.0,239.0,239.0,239.0,5.0,1195.0,190
2023-05-11 09:41:03,TA401C5500,TA401C5500,239.0,0.0,0.0,0.0,5,232.5,237.0,5,238.0,239.0,239.0,239.0,5.0,1195.0,190
2023-05-11 09:41:23,TA401C5500,TA401C5500,239.0,0.0,0.0,0.0,5,233.5,237.0,5,238.0,239.0,239.0,239.0,5.0,1195.0,190
2023-05-11 09:41:25,TA401C5500,TA401C5500,239.0,0.0,0.0,0.0,5,233.5,238.0,5,238.0,239.0,239.0,239.0,5.0,1195.0,190
2023-05-11 09:41:27,TA401C5500,TA401C5500,239.0,0.0,0.0,0.0,5,233.5,260.0,1,238.0,239.0,239.0,239.0,5.0,1195.0,190
2023-05-11 09:41:28,TA401C5500,TA401C5500,239.0,0.0,0.0,0.0,5,233.5,240.0,5,238.0,239.0,239.0,239.0,5.0,1195.0,190
2023-05-11 09:41:34,TA401C5500,TA401C5500,239.0,0.0,0.0,0.0,5,237.0,240.0,5,238.0,239.0,239.0,239.0,5.0,1195.0,190
2023-05-11 09:41:51,TA401C5500,TA401C5500,239.0,0.0,0.0,0.0,5,235.0,240.0,5,238.0,239.0,239.0,239.0,5.0,1195.0,190
2023-05-11 09:42:04,TA401C5500,TA401C5500,239.0,0.0,0.0,0.0,5,235.0,239.0,5,238.0,239.0,239.0,239.0,5.0,1195.0,190
2023-05-11 09:42:10,TA401C5500,TA401C5500,239.0,0.0,0.0,0.0,5,233.5,239.0,5,238.0,239.0,239.0,239.0,5.0,1195.0,190
2023-05-11 09:42:11,TA401C5500,TA401C5500,239.0,0.0,0.0,0.0,5,233.5,237.5,5,238.0,239.0,239.0,239.0,5.0,1195.0,190
2023-05-11 09:42:41,TA401C5500,TA401C5500,239.0,0.0,0.0,0.0,1,219.0,237.5,5,238.0,239.0,239.0,239.0,5.0,1195.0,190
2023-05-11 09:42:42,TA401C5500,TA401C5500,239.0,0.0,0.0,0.0,5,231.5,237.5,5,238.0,239.0,239.0,239.0,5.0,1195.0,190
2023-05-11 09:42:47,TA401C5500,TA401C5500,239.0,0.0,0.0,0.0,5,231.5,236.5,5,238.0,239.0,239.0,239.0,5.0,1195.0,190
2023-05-11 09:42:59,TA401C5500,TA401C5500,239.0,0.0,0.0,0.0,5,231.5,235.5,5,238.0,239.0,239.0,239.0,5.0,1195.0,190
2023-05-11 09:45:45,TA401C5500,TA401C5500,239.0,0.0,0.0,0.0,5,232.5,236.5,5,238.0,239.0,239.0,239.0,5.0,1195.0,190
2023-05-11 09:46:39,TA401C5500,TA401C5500,239.0,0.0,0.0,0.0,5,232.5,260.0,1,238.0,239.0,239.0,239.0,5.0,1195.0,190
2023-05-11 09:46:40,TA401C5500,TA401C5500,239.0,0.0,0.0,0.0,5,233.5,239.0,5,238.0,239.0,239.0,239.0,5.0,1195.0,190
2023-05-11 09:46:44,TA401C5500,TA401C5500,239.0,0.0,0.0,0.0,5,234.5,239.0,5,238.0,239.0,239.0,239.0,5.0,1195.0,190
2023-05-11 09:48:12,TA401C5500,TA401C5500,239.0,0.0,0.0,0.0,5,234.5,238.0,5,238.0,239.0,239.0,239.0,5.0,1195.0,190
2023-05-11 09:48:27,TA401C5500,TA401C5500,239.0,0.0,0.0,0.0,5,233.5,238.0,5,238.0,239.0,239.0,239.0,5.0,1195.0,190
2023-05-11 09:48:53,TA401C5500,TA401C5500,239.0,0.0,0.0,0.0,5,233.5,237.0,5,238.0,239.0,239.0,239.0,5.0,1195.0,190
2023-05-11 09:50:27,TA401C5500,TA401C5500,239.0,0.0,0.0,0.0,5,231.5,237.0,5,238.0,239.0,239.0,239.0,5.0,1195.0,190
2023-05-11 09:50:32,TA401C5500,TA401C5500,239.0,0.0,0.0,0.0,5,231.5,236.0,5,238.0,239.0,239.0,239.0,5.0,1195.0,190
2023-05-11 09:52:54,TA401C5500,TA401C5500,239.0,0.0,0.0,0.0,5,231.5,235.0,5,238.0,239.0,239.0,239.0,5.0,1195.0,190
2023-05-11 09:53:06,TA401C5500,TA401C5500,239.0,0.0,0.0,0.0,5,229.5,235.0,5,238.0,239.0,239.0,239.0,5.0,1195.0,190
2023-05-11 09:53:44,TA401C5500,TA401C5500,239.0,0.0,0.0,0.0,5,229.5,234.0,5,238.0,239.0,239.0,239.0,5.0,1195.0,190
2023-05-11 09:55:48,TA401C5500,TA401C5500,239.0,0.0,0.0,0.0,5,230.5,234.0,5,238.0,239.0,239.0,239.0,5.0,1195.0,190
2023-05-11 09:56:24,TA401C5500,TA401C5500,239.0,0.0,0.0,0.0,5,230.5,235.0,5,238.0,239.0,239.0,239.0,5.0,1195.0,190
2023-05-11 09:56:47,TA401C5500,TA401C5500,239.0,0.0,0.0,0.0,5,231.5,235.0,5,238.0,239.0,239.0,239.0,5.0,1195.0,190
2023-05-11 09:57:23,TA401C5500,TA401C5500,239.0,0.0,0.0,0.0,5,231.5,237.0,5,238.0,239.0,239.0,239.0,5.0,1195.0,190
2023-05-11 09:57:36,TA401C5500,TA401C5500,239.0,0.0,0.0,0.0,5,231.5,236.0,5,238.0,239.0,239.0,239.0,5.0,1195.0,190
2023-05-11 09:58:46,TA401C5500,TA401C5500,239.0,0.0,0.0,0.0,5,231.5,235.0,5,238.0,239.0,239.0,239.0,5.0,1195.0,190
2023-05-11 09:59:11,TA401C5500,TA401C5500,239.0,0.0,0.0,0.0,5,230.5,235.0,5,238.0,239.0,239.0,239.0,5.0,1195.0,190
2023-05-11 09:59:42,TA401C5500,TA401C5500,239.0,0.0,0.0,0.0,5,230.5,233.5,5,238.0,239.0,239.0,239.0,5.0,1195.0,190
2023-05-11 10:03:19,TA401C5500,TA401C5500,239.0,0.0,0.0,0.0,5,228.5,233.5,5,238.0,239.0,239.0,239.0,5.0,1195.0,190
2023-05-11 10:04:05,TA401C5500,TA401C5500,239.0,0.0,0.0,0.0,5,229.5,233.5,5,238.0,239.0,239.0,239.0,5.0,1195.0,190
2023-05-11 10:05:51,TA401C5500,TA401C5500,239.0,0.0,0.0,0.0,5,230.5,233.5,5,238.0,239.0,239.0,239.0,5.0,1195.0,190
2023-05-11 10:05:52,TA401C5500,TA401C5500,239.0,0.0,0.0,0.0,5,230.5,235.0,5,238.0,239.0,239.0,239.0,5.0,1195.0,190
2023-05-11 10:06:04,TA401C5500,TA401C5500,239.0,0.0,0.0,0.0,5,232.0,235.0,5,238.0,239.0,239.0,239.0,5.0,1195.0,190
2023-05-11 10:06:07,TA401C5500,TA401C5500,239.0,0.0,0.0,0.0,5,232.0,237.0,5,238.0,239.0,239.0,239.0,5.0,1195.0,190
2023-05-11 10:06:14,TA401C5500,TA401C5500,239.0,0.0,0.0,0.0,5,232.0,236.0,5,238.0,239.0,239.0,239.0,5.0,1195.0,190
2023-05-11 10:07:57,TA401C5500,TA401C5500,239.0,0.0,0.0,0.0,5,232.0,235.0,5,238.0,239.0,239.0,239.0,5.0,1195.0,190
2023-05-11 10:08:03,TA401C5500,TA401C5500,239.0,0.0,0.0,0.0,5,230.5,235.0,5,238.0,239.0,239.0,239.0,5.0,1195.0,190
2023-05-11 10:08:12,TA401C5500,TA401C5500,239.0,0.0,0.0,0.0,5,230.5,234.0,5,238.0,239.0,239.0,239.0,5.0,1195.0,190
2023-05-11 10:08:55,TA401C5500,TA401C5500,239.0,0.0,0.0,0.0,5,228.5,234.0,5,238.0,239.0,239.0,239.0,5.0,1195.0,190
2023-05-11 10:09:01,TA401C5500,TA401C5500,239.0,0.0,0.0,0.0,5,228.5,232.5,5,238.0,239.0,239.0,239.0,5.0,1195.0,190
2023-05-11 10:10:54,TA401C5500,TA401C5500,239.0,0.0,0.0,0.0,5,229.5,292.5,1,238.0,239.0,239.0,239.0,5.0,1195.0,190
2023-05-11 10:10:55,TA401C5500,TA401C5500,239.0,0.0,0.0,0.0,5,229.5,235.5,5,238.0,239.0,239.0,239.0,5.0,1195.0,190
2023-05-11 10:10:57,TA401C5500,TA401C5500,239.0,0.0,0.0,0.0,5,232.0,235.5,5,238.0,239.0,239.0,239.0,5.0,1195.0,190
2023-05-11 10:12:12,TA401C5500,TA401C5500,239.0,0.0,0.0,0.0,5,232.0,237.5,5,238.0,239.0,239.0,239.0,5.0,1195.0,190
2023-05-11 10:12:14,TA401C5500,TA401C5500,239.0,0.0,0.0,0.0,5,233.5,237.5,5,238.0,239.0,239.0,239.0,5.0,1195.0,190
2023-05-11 10:13:31,TA401C5500,TA401C5500,239.0,0.0,0.0,0.0,5,233.5,245.5,1,238.0,239.0,239.0,239.0,5.0,1195.0,190
2023-05-11 10:13:38,TA401C5500,TA401C5500,239.0,0.0,0.0,0.0,5,233.5,240.5,5,238.0,239.0,239.0,239.0,5.0,1195.0,190
2023-05-11 10:13:39,TA401C5500,TA401C5500,239.0,0.0,0.0,0.0,5,235.5,240.5,5,238.0,239.0,239.0,239.0,5.0,1195.0,190
2023-05-11 10:14:00,TA401C5500,TA401C5500,239.0,0.0,0.0,0.0,5,236.5,240.5,5,238.0,239.0,239.0,239.0,5.0,1195.0,190
2023-05-11 10:14:06,TA401C5500,TA401C5500,239.0,0.0,0.0,0.0,5,236.5,245.5,1,238.0,239.0,239.0,239.0,5.0,1195.0,190
2023-05-11 10:14:09,TA401C5500,TA401C5500,239.0,0.0,0.0,0.0,5,236.5,241.5,5,238.0,239.0,239.0,239.0,5.0,1195.0,190
2023-05-11 10:14:15,TA401C5500,TA401C5500,239.0,0.0,0.0,0.0,5,236.5,245.5,1,238.0,239.0,239.0,239.0,5.0,1195.0,190
2023-05-11 10:14:16,TA401C5500,TA401C5500,239.0,0.0,0.0,0.0,5,236.5,243.5,5,238.0,239.0,239.0,239.0,5.0,1195.0,190
2023-05-11 10:14:23,TA401C5500,TA401C5500,239.0,0.0,0.0,0.0,5,240.0,243.5,5,238.0,239.0,239.0,239.0,5.0,1195.0,190
2023-05-11 10:14:25,TA401C5500,TA401C5500,239.0,0.0,0.0,0.0,5,236.5,243.5,5,238.0,239.0,239.0,239.0,5.0,1195.0,190
2023-05-11 10:14:26,TA401C5500,TA401C5500,239.0,0.0,0.0,0.0,5,238.5,243.5,5,238.0,239.0,239.0,239.0,5.0,1195.0,190
2023-05-11 10:30:12,TA401C5500,TA401C5500,239.0,0.0,0.0,0.0,5,239.5,243.5,5,238.0,239.0,239.0,239.0,5.0,1195.0,190
2023-05-11 10:30:12,TA401C5500,TA401C5500,239.0,0.0,0.0,0.0,5,239.5,245.5,1,238.0,239.0,239.0,239.0,5.0,1195.0,190
2023-05-11 10:30:13,TA401C5500,TA401C5500,239.0,0.0,0.0,0.0,5,239.5,292.5,1,238.0,239.0,239.0,239.0,5.0,1195.0,190
2023-05-11 10:30:17,TA401C5500,TA401C5500,239.0,0.0,0.0,0.0,5,241.5,292.5,1,238.0,239.0,239.0,239.0,5.0,1195.0,190
2023-05-11 10:30:24,TA401C5500,TA401C5500,239.0,0.0,0.0,0.0,5,241.5,247.0,5,238.0,239.0,239.0,239.0,5.0,1195.0,190
2023-05-11 10:30:37,TA401C5500,TA401C5500,239.0,0.0,0.0,0.0,5,241.5,245.0,5,238.0,239.0,239.0,239.0,5.0,1195.0,190
2023-05-11 10:30:38,TA401C5500,TA401C5500,239.0,0.0,0.0,0.0,5,239.5,245.0,5,238.0,239.0,239.0,239.0,5.0,1195.0,190
2023-05-11 10:31:08,TA401C5500,TA401C5500,241.5,5.0,1210.0,0.0,5,239.5,245.0,5,238.0,239.0,241.5,239.0,10.0,2405.0,190
2023-05-11 10:31:08,TA401C5500,TA401C5500,241.5,0.0,0.0,0.0,5,239.5,243.0,5,238.0,239.0,241.5,239.0,10.0,2405.0,190
2023-05-11 10:31:24,TA401C5500,TA401C5500,241.5,0.0,0.0,0.0,5,239.5,245.0,5,238.0,239.0,241.5,239.0,10.0,2405.0,190
2023-05-11 10:31:28,TA401C5500,TA401C5500,241.5,0.0,0.0,0.0,5,239.5,244.0,5,238.0,239.0,241.5,239.0,10.0,2405.0,190
2023-05-11 10:32:07,TA401C5500,TA401C5500,241.5,0.0,0.0,0.0,1,227.5,244.0,5,238.0,239.0,241.5,239.0,10.0,2405.0,190
2023-05-11 10:32:08,TA401C5500,TA401C5500,241.5,0.0,0.0,0.0,5,237.0,242.5,5,238.0,239.0,241.5,239.0,10.0,2405.0,190
2023-05-11 10:32:17,TA401C5500,TA401C5500,241.5,0.0,0.0,0.0,5,238.0,242.5,5,238.0,239.0,241.5,239.0,10.0,2405.0,190
2023-05-11 10:33:22,TA401C5500,TA401C5500,241.5,0.0,0.0,0.0,5,237.0,241.0,5,238.0,239.0,241.5,239.0,10.0,2405.0,190
2023-05-11 10:33:47,TA401C5500,TA401C5500,241.5,0.0,0.0,0.0,5,239.0,241.0,5,238.0,239.0,241.5,239.0,10.0,2405.0,190
2023-05-11 10:34:06,TA401C5500,TA401C5500,239.0,5.0,1195.0,-5.0,5,237.0,241.0,5,238.0,239.0,241.5,239.0,15.0,3600.0,185
2023-05-11 10:34:22,TA401C5500,TA401C5500,239.0,0.0,0.0,0.0,1,227.5,241.0,5,238.0,239.0,241.5,239.0,15.0,3600.0,185
2023-05-11 10:34:22,TA401C5500,TA401C5500,239.0,0.0,0.0,0.0,5,234.5,241.0,5,238.0,239.0,241.5,239.0,15.0,3600.0,185
2023-05-11 10:34:55,TA401C5500,TA401C5500,239.0,0.0,0.0,0.0,5,235.5,241.0,5,238.0,239.0,241.5,239.0,15.0,3600.0,185
2023-05-11 10:35:17,TA401C5500,TA401C5500,239.0,0.0,0.0,0.0,5,235.5,240.0,5,238.0,239.0,241.5,239.0,15.0,3600.0,185
2023-05-11 10:36:00,TA401C5500,TA401C5500,239.0,0.0,0.0,0.0,5,235.5,238.5,5,238.0,239.0,241.5,239.0,15.0,3600.0,185
2023-05-11 10:36:10,TA401C5500,TA401C5500,239.0,0.0,0.0,0.0,5,234.5,238.5,5,238.0,239.0,241.5,239.0,15.0,3600.0,185
2023-05-11 10:36:46,TA401C5500,TA401C5500,239.0,0.0,0.0,0.0,5,234.5,240.0,5,238.0,239.0,241.5,239.0,15.0,3600.0,185
2023-05-11 10:36:48,TA401C5500,TA401C5500,239.0,0.0,0.0,0.0,5,235.5,240.0,5,238.0,239.0,241.5,239.0,15.0,3600.0,185
2023-05-11 10:37:23,TA401C5500,TA401C5500,239.0,0.0,0.0,0.0,5,235.5,239.0,5,238.0,239.0,241.5,239.0,15.0,3600.0,185
2023-05-11 10:37:35,TA401C5500,TA401C5500,239.0,0.0,0.0,0.0,5,234.5,239.0,5,238.0,239.0,241.5,239.0,15.0,3600.0,185
2023-05-11 10:39:26,TA401C5500,TA401C5500,239.0,0.0,0.0,0.0,5,235.5,239.0,5,238.0,239.0,241.5,239.0,15.0,3600.0,185
2023-05-11 10:39:27,TA401C5500,TA401C5500,239.0,0.0,0.0,0.0,5,235.5,240.0,5,238.0,239.0,241.5,239.0,15.0,3600.0,185
2023-05-11 10:39:34,TA401C5500,TA401C5500,239.0,0.0,0.0,0.0,5,235.5,292.5,1,238.0,239.0,241.5,239.0,15.0,3600.0,185
2023-05-11 10:39:35,TA401C5500,TA401C5500,239.0,0.0,0.0,0.0,5,237.0,242.5,5,238.0,239.0,241.5,239.0,15.0,3600.0,185
2023-05-11 10:40:55,TA401C5500,TA401C5500,239.0,0.0,0.0,0.0,5,238.0,242.5,5,238.0,239.0,241.5,239.0,15.0,3600.0,185
2023-05-11 10:43:29,TA401C5500,TA401C5500,239.0,0.0,0.0,0.0,5,238.0,241.5,5,238.0,239.0,241.5,239.0,15.0,3600.0,185
2023-05-11 10:45:03,TA401C5500,TA401C5500,239.0,0.0,0.0,0.0,5,238.0,242.5,5,238.0,239.0,241.5,239.0,15.0,3600.0,185
2023-05-11 10:45:16,TA401C5500,TA401C5500,239.0,0.0,0.0,0.0,5,238.0,292.5,1,238.0,239.0,241.5,239.0,15.0,3600.0,185
2023-05-11 10:45:18,TA401C5500,TA401C5500,239.0,0.0,0.0,0.0,5,240.5,292.5,1,238.0,239.0,241.5,239.0,15.0,3600.0,185
2023-05-11 10:45:19,TA401C5500,TA401C5500,239.0,0.0,0.0,0.0,5,240.5,245.5,5,238.0,239.0,241.5,239.0,15.0,3600.0,185
2023-05-11 10:45:49,TA401C5500,TA401C5500,239.0,0.0,0.0,0.0,5,241.5,245.5,5,238.0,239.0,241.5,239.0,15.0,3600.0,185
2023-05-11 10:46:02,TA401C5500,TA401C5500,239.0,0.0,0.0,0.0,5,241.5,292.5,1,238.0,239.0,241.5,239.0,15.0,3600.0,185
2023-05-11 10:46:07,TA401C5500,TA401C5500,239.0,0.0,0.0,0.0,5,241.5,247.5,5,238.0,239.0,241.5,239.0,15.0,3600.0,185
2023-05-11 10:46:08,TA401C5500,TA401C5500,239.0,0.0,0.0,0.0,5,243.0,247.5,5,238.0,239.0,241.5,239.0,15.0,3600.0,185
2023-05-11 10:47:06,TA401C5500,TA401C5500,239.0,0.0,0.0,0.0,5,243.0,246.5,5,238.0,239.0,241.5,239.0,15.0,3600.0,185
2023-05-11 10:47:21,TA401C5500,TA401C5500,239.0,0.0,0.0,0.0,5,241.5,246.5,5,238.0,239.0,241.5,239.0,15.0,3600.0,185
2023-05-11 10:47:40,TA401C5500,TA401C5500,239.0,0.0,0.0,0.0,5,243.0,246.5,5,238.0,239.0,241.5,239.0,15.0,3600.0,185
2023-05-11 10:47:44,TA401C5500,TA401C5500,239.0,0.0,0.0,0.0,5,243.0,247.5,5,238.0,239.0,241.5,239.0,15.0,3600.0,185
2023-05-11 10:48:07,TA401C5500,TA401C5500,239.0,0.0,0.0,0.0,5,244.0,249.5,5,238.0,239.0,241.5,239.0,15.0,3600.0,185
2023-05-11 10:50:07,TA401C5500,TA401C5500,239.0,0.0,0.0,0.0,5,245.5,249.5,5,238.0,239.0,241.5,239.0,15.0,3600.0,185
2023-05-11 10:50:54,TA401C5500,TA401C5500,239.0,0.0,0.0,0.0,5,245.5,292.5,1,238.0,239.0,241.5,239.0,15.0,3600.0,185
2023-05-11 10:50:55,TA401C5500,TA401C5500,239.0,0.0,0.0,0.0,5,246.5,292.5,1,238.0,239.0,241.5,239.0,15.0,3600.0,185
2023-05-11 10:50:56,TA401C5500,TA401C5500,239.0,0.0,0.0,0.0,5,246.5,252.0,5,238.0,239.0,241.5,239.0,15.0,3600.0,185
2023-05-11 10:51:03,TA401C5500,TA401C5500,239.0,0.0,0.0,0.0,5,247.5,252.0,5,238.0,239.0,241.5,239.0,15.0,3600.0,185
2023-05-11 10:51:23,TA401C5500,TA401C5500,239.0,0.0,0.0,0.0,5,247.5,250.5,5,238.0,239.0,241.5,239.0,15.0,3600.0,185
2023-05-11 10:51:24,TA401C5500,TA401C5500,239.0,0.0,0.0,0.0,5,246.5,250.5,5,238.0,239.0,241.5,239.0,15.0,3600.0,185
2023-05-11 10:51:26,TA401C5500,TA401C5500,239.0,0.0,0.0,0.0,1,227.5,250.5,5,238.0,239.0,241.5,239.0,15.0,3600.0,185
2023-05-11 10:51:27,TA401C5500,TA401C5500,239.0,0.0,0.0,0.0,1,227.5,249.0,5,238.0,239.0,241.5,239.0,15.0,3600.0,185
2023-05-11 10:51:29,TA401C5500,TA401C5500,239.0,0.0,0.0,0.0,5,244.0,249.0,5,238.0,239.0,241.5,239.0,15.0,3600.0,185
2023-05-11 10:52:02,TA401C5500,TA401C5500,239.0,0.0,0.0,0.0,5,245.5,249.0,5,238.0,239.0,241.5,239.0,15.0,3600.0,185
2023-05-11 10:52:02,TA401C5500,TA401C5500,239.0,0.0,0.0,0.0,5,245.5,250.5,5,238.0,239.0,241.5,239.0,15.0,3600.0,185
2023-05-11 10:52:22,TA401C5500,TA401C5500,239.0,0.0,0.0,0.0,5,247.0,250.5,5,238.0,239.0,241.5,239.0,15.0,3600.0,185
2023-05-11 10:52:54,TA401C5500,TA401C5500,239.0,0.0,0.0,0.0,5,245.5,250.5,5,238.0,239.0,241.5,239.0,15.0,3600.0,185
2023-05-11 10:55:15,TA401C5500,TA401C5500,239.0,0.0,0.0,0.0,5,245.5,249.0,5,238.0,239.0,241.5,239.0,15.0,3600.0,185
2023-05-11 10:55:19,TA401C5500,TA401C5500,239.0,0.0,0.0,0.0,1,227.5,249.0,5,238.0,239.0,241.5,239.0,15.0,3600.0,185
2023-05-11 10:55:22,TA401C5500,TA401C5500,239.0,0.0,0.0,0.0,5,243.0,249.0,5,238.0,239.0,241.5,239.0,15.0,3600.0,185
2023-05-11 10:55:47,TA401C5500,TA401C5500,239.0,0.0,0.0,0.0,5,243.0,247.5,5,238.0,239.0,241.5,239.0,15.0,3600.0,185
2023-05-11 10:58:49,TA401C5500,TA401C5500,239.0,0.0,0.0,0.0,5,240.5,246.0,5,238.0,239.0,241.5,239.0,15.0,3600.0,185
2023-05-11 10:59:05,TA401C5500,TA401C5500,239.0,0.0,0.0,0.0,5,242.0,246.0,5,238.0,239.0,241.5,239.0,15.0,3600.0,185
2023-05-11 11:00:38,TA401C5500,TA401C5500,239.0,0.0,0.0,0.0,5,240.5,246.0,5,238.0,239.0,241.5,239.0,15.0,3600.0,185
2023-05-11 11:00:40,TA401C5500,TA401C5500,239.0,0.0,0.0,0.0,5,240.5,244.5,5,238.0,239.0,241.5,239.0,15.0,3600.0,185
2023-05-11 11:00:50,TA401C5500,TA401C5500,239.0,0.0,0.0,0.0,1,227.5,244.5,5,238.0,239.0,241.5,239.0,15.0,3600.0,185
2023-05-11 11:00:51,TA401C5500,TA401C5500,239.0,0.0,0.0,0.0,5,238.0,244.5,5,238.0,239.0,241.5,239.0,15.0,3600.0,185
2023-05-11 11:00:55,TA401C5500,TA401C5500,239.0,0.0,0.0,0.0,5,238.0,243.0,5,238.0,239.0,241.5,239.0,15.0,3600.0,185
2023-05-11 11:01:29,TA401C5500,TA401C5500,239.0,0.0,0.0,0.0,5,239.5,243.0,5,238.0,239.0,241.5,239.0,15.0,3600.0,185
2023-05-11 11:01:38,TA401C5500,TA401C5500,239.0,0.0,0.0,0.0,5,239.5,244.5,5,238.0,239.0,241.5,239.0,15.0,3600.0,185
2023-05-11 11:01:48,TA401C5500,TA401C5500,239.0,0.0,0.0,0.0,5,241.0,244.5,5,238.0,239.0,241.5,239.0,15.0,3600.0,185
2023-05-11 11:01:51,TA401C5500,TA401C5500,239.0,0.0,0.0,0.0,5,241.0,251.0,1,238.0,239.0,241.5,239.0,15.0,3600.0,185
2023-05-11 11:01:52,TA401C5500,TA401C5500,239.0,0.0,0.0,0.0,5,241.0,246.0,5,238.0,239.0,241.5,239.0,15.0,3600.0,185
2023-05-11 11:02:07,TA401C5500,TA401C5500,239.0,0.0,0.0,0.0,5,241.0,251.0,1,238.0,239.0,241.5,239.0,15.0,3600.0,185
2023-05-11 11:02:08,TA401C5500,TA401C5500,239.0,0.0,0.0,0.0,5,243.0,251.0,1,238.0,239.0,241.5,239.0,15.0,3600.0,185
2023-05-11 11:02:12,TA401C5500,TA401C5500,239.0,0.0,0.0,0.0,5,243.0,248.5,5,238.0,239.0,241.5,239.0,15.0,3600.0,185
2023-05-11 11:02:36,TA401C5500,TA401C5500,239.0,0.0,0.0,0.0,5,243.0,247.0,5,238.0,239.0,241.5,239.0,15.0,3600.0,185
2023-05-11 11:04:45,TA401C5500,TA401C5500,239.0,0.0,0.0,0.0,5,241.0,247.0,5,238.0,239.0,241.5,239.0,15.0,3600.0,185
2023-05-11 11:04:48,TA401C5500,TA401C5500,239.0,0.0,0.0,0.0,5,241.0,245.5,5,238.0,239.0,241.5,239.0,15.0,3600.0,185
2023-05-11 11:06:55,TA401C5500,TA401C5500,239.0,0.0,0.0,0.0,1,227.5,245.5,5,238.0,239.0,241.5,239.0,15.0,3600.0,185
2023-05-11 11:06:56,TA401C5500,TA401C5500,239.0,0.0,0.0,0.0,5,239.0,245.5,5,238.0,239.0,241.5,239.0,15.0,3600.0,185
2023-05-11 11:06:57,TA401C5500,TA401C5500,239.0,0.0,0.0,0.0,5,239.0,244.0,5,238.0,239.0,241.5,239.0,15.0,3600.0,185
2023-05-11 11:10:58,TA401C5500,TA401C5500,239.0,0.0,0.0,0.0,1,227.5,242.5,5,238.0,239.0,241.5,239.0,15.0,3600.0,185
2023-05-11 11:11:01,TA401C5500,TA401C5500,239.0,0.0,0.0,0.0,5,237.0,242.5,5,238.0,239.0,241.5,239.0,15.0,3600.0,185
2023-05-11 11:11:46,TA401C5500,TA401C5500,239.0,0.0,0.0,0.0,5,238.5,242.5,5,238.0,239.0,241.5,239.0,15.0,3600.0,185
2023-05-11 11:12:34,TA401C5500,TA401C5500,239.0,0.0,0.0,0.0,5,238.5,244.0,5,238.0,239.0,241.5,239.0,15.0,3600.0,185
2023-05-11 11:13:10,TA401C5500,TA401C5500,239.0,0.0,0.0,0.0,5,240.0,244.0,5,238.0,239.0,241.5,239.0,15.0,3600.0,185
2023-05-11 11:13:52,TA401C5500,TA401C5500,239.0,0.0,0.0,0.0,5,240.0,251.0,1,238.0,239.0,241.5,239.0,15.0,3600.0,185
2023-05-11 11:13:53,TA401C5500,TA401C5500,239.0,0.0,0.0,0.0,5,240.0,245.5,5,238.0,239.0,241.5,239.0,15.0,3600.0,185
2023-05-11 11:14:31,TA401C5500,TA401C5500,239.0,0.0,0.0,0.0,5,241.5,245.5,5,238.0,239.0,241.5,239.0,15.0,3600.0,185
2023-05-11 11:14:43,TA401C5500,TA401C5500,239.0,0.0,0.0,0.0,5,241.5,247.5,5,238.0,239.0,241.5,239.0,15.0,3600.0,185
2023-05-11 11:15:55,TA401C5500,TA401C5500,239.0,0.0,0.0,0.0,5,243.0,247.5,5,238.0,239.0,241.5,239.0,15.0,3600.0,185
2023-05-11 11:16:32,TA401C5500,TA401C5500,239.0,0.0,0.0,0.0,5,241.5,246.0,5,238.0,239.0,241.5,239.0,15.0,3600.0,185
2023-05-11 11:18:33,TA401C5500,TA401C5500,239.0,0.0,0.0,0.0,5,241.5,247.5,5,238.0,239.0,241.5,239.0,15.0,3600.0,185
2023-05-11 11:18:33,TA401C5500,TA401C5500,239.0,0.0,0.0,0.0,5,243.0,247.5,5,238.0,239.0,241.5,239.0,15.0,3600.0,185
2023-05-11 11:21:10,TA401C5500,TA401C5500,247.5,5.0,1240.0,0.0,5,243.0,248.5,5,238.0,239.0,247.5,239.0,20.0,4840.0,185
2023-05-11 11:25:58,TA401C5500,TA401C5500,247.5,0.0,0.0,0.0,5,243.0,247.5,5,238.0,239.0,247.5,239.0,20.0,4840.0,185
2023-05-11 11:27:03,TA401C5500,TA401C5500,247.5,0.0,0.0,0.0,5,243.0,246.5,5,238.0,239.0,247.5,239.0,20.0,4840.0,185
2023-05-11 11:27:04,TA401C5500,TA401C5500,247.5,0.0,0.0,0.0,5,241.5,246.5,5,238.0,239.0,247.5,239.0,20.0,4840.0,185
2023-05-11 11:28:31,TA401C5500,TA401C5500,247.5,0.0,0.0,0.0,5,241.5,245.5,5,238.0,239.0,247.5,239.0,20.0,4840.0,185
2023-05-11 11:29:06,TA401C5500,TA401C5500,247.5,0.0,0.0,0.0,5,239.5,245.5,5,238.0,239.0,247.5,239.0,20.0,4840.0,185
2023-05-11 11:29:19,TA401C5500,TA401C5500,247.5,0.0,0.0,0.0,5,239.5,244.5,5,238.0,239.0,247.5,239.0,20.0,4840.0,185
2023-05-11 11:29:27,TA401C5500,TA401C5500,247.5,0.0,0.0,0.0,1,227.5,251.0,1,238.0,239.0,247.5,239.0,20.0,4840.0,185
2023-05-11 11:29:29,TA401C5500,TA401C5500,247.5,0.0,0.0,0.0,1,176.0,251.0,1,238.0,239.0,247.5,239.0,20.0,4840.0,185
2023-05-11 13:30:00,TA401C5500,TA401C5500,247.5,0.0,0.0,0.0,1,138.0,251.0,1,238.0,239.0,247.5,239.0,20.0,4840.0,185
2023-05-11 13:30:17,TA401C5500,TA401C5500,247.5,0.0,0.0,0.0,1,166.0,251.0,1,238.0,239.0,247.5,239.0,20.0,4840.0,185
2023-05-11 13:43:52,TA401C5500,TA401C5500,251.0,1.0,242.0,0.0,1,166.0,259.5,1,238.0,239.0,251.0,239.0,21.0,5082.0,185
2023-05-11 13:43:53,TA401C5500,TA401C5500,251.0,0.0,0.0,0.0,1,212.0,259.5,1,238.0,239.0,251.0,239.0,21.0,5082.0,185
2023-05-11 13:43:53,TA401C5500,TA401C5500,251.0,0.0,0.0,0.0,1,238.0,259.5,1,238.0,239.0,251.0,239.0,21.0,5082.0,185
2023-05-11 13:44:14,TA401C5500,TA401C5500,251.0,0.0,0.0,0.0,5,247.5,259.5,1,238.0,239.0,251.0,239.0,21.0,5082.0,185
2023-05-11 13:44:15,TA401C5500,TA401C5500,251.0,0.0,0.0,0.0,5,247.5,253.0,5,238.0,239.0,251.0,239.0,21.0,5082.0,185
2023-05-11 13:44:28,TA401C5500,TA401C5500,251.0,0.0,0.0,0.0,5,247.5,252.0,5,238.0,239.0,251.0,239.0,21.0,5082.0,185
2023-05-11 13:44:51,TA401C5500,TA401C5500,251.0,0.0,0.0,0.0,5,247.5,251.0,5,238.0,239.0,251.0,239.0,21.0,5082.0,185
2023-05-11 13:45:01,TA401C5500,TA401C5500,251.0,0.0,0.0,0.0,5,245.0,251.0,5,238.0,239.0,251.0,239.0,21.0,5082.0,185
2023-05-11 13:45:20,TA401C5500,TA401C5500,251.0,0.0,0.0,0.0,5,246.0,251.0,5,238.0,239.0,251.0,239.0,21.0,5082.0,185
2023-05-11 13:45:24,TA401C5500,TA401C5500,251.0,0.0,0.0,0.0,5,246.0,252.0,5,238.0,239.0,251.0,239.0,21.0,5082.0,185
2023-05-11 13:45:25,TA401C5500,TA401C5500,251.0,0.0,0.0,0.0,5,248.0,252.0,5,238.0,239.0,251.0,239.0,21.0,5082.0,185
2023-05-11 13:45:34,TA401C5500,TA401C5500,251.0,0.0,0.0,0.0,5,248.0,254.0,5,238.0,239.0,251.0,239.0,21.0,5082.0,185
2023-05-11 13:45:45,TA401C5500,TA401C5500,251.0,0.0,0.0,0.0,5,249.5,254.0,5,238.0,239.0,251.0,239.0,21.0,5082.0,185
2023-05-11 13:46:47,TA401C5500,TA401C5500,251.0,0.0,0.0,0.0,5,249.5,256.0,5,238.0,239.0,251.0,239.0,21.0,5082.0,185
2023-05-11 13:47:14,TA401C5500,TA401C5500,251.0,0.0,0.0,0.0,5,249.5,254.5,5,238.0,239.0,251.0,239.0,21.0,5082.0,185
2023-05-11 13:47:47,TA401C5500,TA401C5500,251.0,0.0,0.0,0.0,5,251.0,254.5,5,238.0,239.0,251.0,239.0,21.0,5082.0,185
2023-05-11 13:48:29,TA401C5500,TA401C5500,251.0,0.0,0.0,0.0,5,249.5,254.5,5,238.0,239.0,251.0,239.0,21.0,5082.0,185
2023-05-11 13:50:41,TA401C5500,TA401C5500,251.0,0.0,0.0,0.0,5,249.5,252.0,1,238.0,239.0,251.0,239.0,21.0,5082.0,185
2023-05-11 13:51:09,TA401C5500,TA401C5500,252.0,1.0,253.0,0.0,5,249.5,254.5,5,238.0,239.0,252.0,239.0,22.0,5335.0,185
2023-05-11 13:51:27,TA401C5500,TA401C5500,252.0,0.0,0.0,0.0,5,251.0,254.5,5,238.0,239.0,252.0,239.0,22.0,5335.0,185
2023-05-11 13:51:27,TA401C5500,TA401C5500,252.0,0.0,0.0,0.0,5,251.0,256.0,5,238.0,239.0,252.0,239.0,22.0,5335.0,185
2023-05-11 13:52:06,TA401C5500,TA401C5500,252.0,0.0,0.0,0.0,5,251.0,254.5,5,238.0,239.0,252.0,239.0,22.0,5335.0,185
2023-05-11 13:52:07,TA401C5500,TA401C5500,252.0,0.0,0.0,0.0,5,249.5,254.5,5,238.0,239.0,252.0,239.0,22.0,5335.0,185
2023-05-11 13:52:12,TA401C5500,TA401C5500,252.0,0.0,0.0,0.0,1,238.0,254.5,5,238.0,239.0,252.0,239.0,22.0,5335.0,185
2023-05-11 13:52:16,TA401C5500,TA401C5500,252.0,0.0,0.0,0.0,1,238.0,253.0,5,238.0,239.0,252.0,239.0,22.0,5335.0,185
2023-05-11 13:52:17,TA401C5500,TA401C5500,252.0,0.0,0.0,0.0,5,247.5,253.0,5,238.0,239.0,252.0,239.0,22.0,5335.0,185
2023-05-11 13:53:59,TA401C5500,TA401C5500,252.0,0.0,0.0,0.0,5,249.0,253.0,5,238.0,239.0,252.0,239.0,22.0,5335.0,185
2023-05-11 13:54:07,TA401C5500,TA401C5500,252.0,0.0,0.0,0.0,5,249.0,254.5,5,238.0,239.0,252.0,239.0,22.0,5335.0,185
2023-05-11 13:56:08,TA401C5500,TA401C5500,252.0,0.0,0.0,0.0,5,249.0,253.0,5,238.0,239.0,252.0,239.0,22.0,5335.0,185
2023-05-11 13:56:46,TA401C5500,TA401C5500,252.0,0.0,0.0,0.0,5,247.5,253.0,5,238.0,239.0,252.0,239.0,22.0,5335.0,185
2023-05-11 13:58:36,TA401C5500,TA401C5500,252.0,0.0,0.0,0.0,5,249.0,253.0,5,238.0,239.0,252.0,239.0,22.0,5335.0,185
2023-05-11 13:59:31,TA401C5500,TA401C5500,252.0,0.0,0.0,0.0,5,247.5,253.0,5,238.0,239.0,252.0,239.0,22.0,5335.0,185
2023-05-11 14:00:21,TA401C5500,TA401C5500,252.0,0.0,0.0,0.0,5,247.5,251.5,5,238.0,239.0,252.0,239.0,22.0,5335.0,185
2023-05-11 14:00:27,TA401C5500,TA401C5500,252.0,0.0,0.0,0.0,1,238.0,251.5,5,238.0,239.0,252.0,239.0,22.0,5335.0,185
2023-05-11 14:00:34,TA401C5500,TA401C5500,252.0,0.0,0.0,0.0,1,238.0,250.0,5,238.0,239.0,252.0,239.0,22.0,5335.0,185
2023-05-11 14:00:35,TA401C5500,TA401C5500,252.0,0.0,0.0,0.0,5,245.0,250.0,5,238.0,239.0,252.0,239.0,22.0,5335.0,185
2023-05-11 14:00:40,TA401C5500,TA401C5500,252.0,0.0,0.0,0.0,5,246.5,250.0,5,238.0,239.0,252.0,239.0,22.0,5335.0,185
2023-05-11 14:01:21,TA401C5500,TA401C5500,252.0,0.0,0.0,0.0,5,246.5,251.5,5,238.0,239.0,252.0,239.0,22.0,5335.0,185
2023-05-11 14:01:53,TA401C5500,TA401C5500,252.0,0.0,0.0,0.0,5,248.0,251.5,5,238.0,239.0,252.0,239.0,22.0,5335.0,185
2023-05-11 14:01:53,TA401C5500,TA401C5500,252.0,0.0,0.0,0.0,5,248.0,259.5,1,238.0,239.0,252.0,239.0,22.0,5335.0,185
2023-05-11 14:01:55,TA401C5500,TA401C5500,252.0,0.0,0.0,0.0,5,248.0,253.5,5,238.0,239.0,252.0,239.0,22.0,5335.0,185
2023-05-11 14:02:10,TA401C5500,TA401C5500,252.0,0.0,0.0,0.0,5,248.0,252.0,5,238.0,239.0,252.0,239.0,22.0,5335.0,185
2023-05-11 14:02:34,TA401C5500,TA401C5500,252.0,0.0,0.0,0.0,5,246.5,252.0,5,238.0,239.0,252.0,239.0,22.0,5335.0,185
2023-05-11 14:02:52,TA401C5500,TA401C5500,252.0,0.0,0.0,0.0,5,246.5,250.5,5,238.0,239.0,252.0,239.0,22.0,5335.0,185
2023-05-11 14:03:03,TA401C5500,TA401C5500,252.0,0.0,0.0,0.0,1,238.0,250.5,5,238.0,239.0,252.0,239.0,22.0,5335.0,185
2023-05-11 14:03:04,TA401C5500,TA401C5500,252.0,0.0,0.0,0.0,5,244.0,250.5,5,238.0,239.0,252.0,239.0,22.0,5335.0,185
2023-05-11 14:04:58,TA401C5500,TA401C5500,252.0,0.0,0.0,0.0,5,244.0,249.0,5,238.0,239.0,252.0,239.0,22.0,5335.0,185
2023-05-11 14:06:05,TA401C5500,TA401C5500,252.0,0.0,0.0,0.0,5,245.5,249.0,5,238.0,239.0,252.0,239.0,22.0,5335.0,185
2023-05-11 14:06:05,TA401C5500,TA401C5500,252.0,0.0,0.0,0.0,5,245.5,250.5,5,238.0,239.0,252.0,239.0,22.0,5335.0,185
2023-05-11 14:06:37,TA401C5500,TA401C5500,252.0,0.0,0.0,0.0,5,247.0,250.5,5,238.0,239.0,252.0,239.0,22.0,5335.0,185
2023-05-11 14:06:41,TA401C5500,TA401C5500,252.0,0.0,0.0,0.0,5,247.0,259.5,1,238.0,239.0,252.0,239.0,22.0,5335.0,185
2023-05-11 14:06:41,TA401C5500,TA401C5500,252.0,0.0,0.0,0.0,5,247.0,252.5,5,238.0,239.0,252.0,239.0,22.0,5335.0,185
2023-05-11 14:07:07,TA401C5500,TA401C5500,252.0,0.0,0.0,0.0,5,247.0,251.0,5,238.0,239.0,252.0,239.0,22.0,5335.0,185
2023-05-11 14:08:11,TA401C5500,TA401C5500,252.0,0.0,0.0,0.0,5,245.5,251.0,5,238.0,239.0,252.0,239.0,22.0,5335.0,185
2023-05-11 14:08:16,TA401C5500,TA401C5500,252.0,0.0,0.0,0.0,5,245.5,249.5,5,238.0,239.0,252.0,239.0,22.0,5335.0,185
2023-05-11 14:11:20,TA401C5500,TA401C5500,249.5,5.0,1253.0,5.0,5,245.5,251.0,5,238.0,239.0,252.0,239.0,27.0,6588.0,190
2023-05-11 14:14:59,TA401C5500,TA401C5500,249.5,0.0,0.0,0.0,5,247.0,251.0,5,238.0,239.0,252.0,239.0,27.0,6588.0,190
2023-05-11 14:15:50,TA401C5500,TA401C5500,249.5,0.0,0.0,0.0,5,247.0,259.5,1,238.0,239.0,252.0,239.0,27.0,6588.0,190
2023-05-11 14:15:51,TA401C5500,TA401C5500,249.5,0.0,0.0,0.0,5,247.0,253.0,5,238.0,239.0,252.0,239.0,27.0,6588.0,190
2023-05-11 14:16:57,TA401C5500,TA401C5500,249.5,0.0,0.0,0.0,5,247.0,251.5,5,238.0,239.0,252.0,239.0,27.0,6588.0,190
2023-05-11 14:20:05,TA401C5500,TA401C5500,249.5,0.0,0.0,0.0,5,247.0,253.0,5,238.0,239.0,252.0,239.0,27.0,6588.0,190
2023-05-11 14:20:07,TA401C5500,TA401C5500,249.5,0.0,0.0,0.0,5,248.0,253.0,5,238.0,239.0,252.0,239.0,27.0,6588.0,190
2023-05-11 14:20:54,TA401C5500,TA401C5500,249.5,0.0,0.0,0.0,5,249.0,253.0,5,238.0,239.0,252.0,239.0,27.0,6588.0,190
2023-05-11 14:21:24,TA401C5500,TA401C5500,249.5,0.0,0.0,0.0,5,248.0,253.0,5,238.0,239.0,252.0,239.0,27.0,6588.0,190
2023-05-11 14:21:28,TA401C5500,TA401C5500,249.5,0.0,0.0,0.0,5,248.0,251.5,5,238.0,239.0,252.0,239.0,27.0,6588.0,190
2023-05-11 14:21:32,TA401C5500,TA401C5500,249.5,0.0,0.0,0.0,5,246.0,251.5,5,238.0,239.0,252.0,239.0,27.0,6588.0,190
2023-05-11 14:21:45,TA401C5500,TA401C5500,249.5,0.0,0.0,0.0,5,246.0,250.0,5,238.0,239.0,252.0,239.0,27.0,6588.0,190
2023-05-11 14:22:01,TA401C5500,TA401C5500,249.5,0.0,0.0,0.0,1,238.0,250.0,5,238.0,239.0,252.0,239.0,27.0,6588.0,190
2023-05-11 14:22:02,TA401C5500,TA401C5500,249.5,0.0,0.0,0.0,5,243.5,250.0,5,238.0,239.0,252.0,239.0,27.0,6588.0,190
2023-05-11 14:22:08,TA401C5500,TA401C5500,249.5,0.0,0.0,0.0,5,243.5,248.5,5,238.0,239.0,252.0,239.0,27.0,6588.0,190
2023-05-11 14:22:49,TA401C5500,TA401C5500,249.5,0.0,0.0,0.0,5,243.5,247.0,5,238.0,239.0,252.0,239.0,27.0,6588.0,190
2023-05-11 14:22:57,TA401C5500,TA401C5500,249.5,0.0,0.0,0.0,1,238.0,247.0,5,238.0,239.0,252.0,239.0,27.0,6588.0,190
2023-05-11 14:22:58,TA401C5500,TA401C5500,249.5,0.0,0.0,0.0,5,241.5,247.0,5,238.0,239.0,252.0,239.0,27.0,6588.0,190
2023-05-11 14:24:48,TA401C5500,TA401C5500,249.5,0.0,0.0,0.0,5,241.5,245.5,5,238.0,239.0,252.0,239.0,27.0,6588.0,190
2023-05-11 14:28:13,TA401C5500,TA401C5500,249.5,0.0,0.0,0.0,5,241.5,247.0,5,238.0,239.0,252.0,239.0,27.0,6588.0,190
2023-05-11 14:29:40,TA401C5500,TA401C5500,249.5,0.0,0.0,0.0,5,243.0,247.0,5,238.0,239.0,252.0,239.0,27.0,6588.0,190
2023-05-11 14:30:26,TA401C5500,TA401C5500,249.5,0.0,0.0,0.0,5,241.5,247.0,5,238.0,239.0,252.0,239.0,27.0,6588.0,190
2023-05-11 14:30:36,TA401C5500,TA401C5500,249.5,0.0,0.0,0.0,5,241.5,245.5,5,238.0,239.0,252.0,239.0,27.0,6588.0,190
2023-05-11 14:31:42,TA401C5500,TA401C5500,249.5,0.0,0.0,0.0,1,238.0,245.5,5,238.0,239.0,252.0,239.0,27.0,6588.0,190
2023-05-11 14:31:43,TA401C5500,TA401C5500,249.5,0.0,0.0,0.0,5,239.5,245.5,5,238.0,239.0,252.0,239.0,27.0,6588.0,190
2023-05-11 14:33:06,TA401C5500,TA401C5500,249.5,0.0,0.0,0.0,5,240.5,245.5,5,238.0,239.0,252.0,239.0,27.0,6588.0,190
2023-05-11 14:34:08,TA401C5500,TA401C5500,249.5,0.0,0.0,0.0,5,241.5,245.5,5,238.0,239.0,252.0,239.0,27.0,6588.0,190
2023-05-11 14:37:22,TA401C5500,TA401C5500,249.5,0.0,0.0,0.0,5,240.5,245.5,5,238.0,239.0,252.0,239.0,27.0,6588.0,190
2023-05-11 14:37:23,TA401C5500,TA401C5500,249.5,0.0,0.0,0.0,5,240.5,244.5,5,238.0,239.0,252.0,239.0,27.0,6588.0,190
2023-05-11 14:37:30,TA401C5500,TA401C5500,249.5,0.0,0.0,0.0,1,238.0,244.5,5,238.0,239.0,252.0,239.0,27.0,6588.0,190
2023-05-11 14:37:32,TA401C5500,TA401C5500,249.5,0.0,0.0,0.0,1,238.0,243.0,5,238.0,239.0,252.0,239.0,27.0,6588.0,190
2023-05-11 14:37:49,TA401C5500,TA401C5500,249.5,0.0,0.0,0.0,5,238.5,243.0,5,238.0,239.0,252.0,239.0,27.0,6588.0,190
2023-05-11 14:37:51,TA401C5500,TA401C5500,249.5,0.0,0.0,0.0,10,241.5,243.0,5,238.0,239.0,252.0,239.0,27.0,6588.0,190
2023-05-11 14:37:58,TA401C5500,TA401C5500,249.5,0.0,0.0,0.0,10,241.5,244.5,5,238.0,239.0,252.0,239.0,27.0,6588.0,190
2023-05-11 14:38:03,TA401C5500,TA401C5500,249.5,0.0,0.0,0.0,5,239.5,244.5,5,238.0,239.0,252.0,239.0,27.0,6588.0,190
2023-05-11 14:38:47,TA401C5500,TA401C5500,249.5,0.0,0.0,0.0,5,239.5,243.0,5,238.0,239.0,252.0,239.0,27.0,6588.0,190
2023-05-11 14:38:54,TA401C5500,TA401C5500,249.5,0.0,0.0,0.0,5,238.5,243.0,5,238.0,239.0,252.0,239.0,27.0,6588.0,190
2023-05-11 14:39:03,TA401C5500,TA401C5500,249.5,0.0,0.0,0.0,1,135.5,243.0,5,238.0,239.0,252.0,239.0,27.0,6588.0,190
2023-05-11 14:39:03,TA401C5500,TA401C5500,249.5,0.0,0.0,0.0,5,236.0,243.0,5,238.0,239.0,252.0,239.0,27.0,6588.0,190
2023-05-11 14:39:04,TA401C5500,TA401C5500,249.5,0.0,0.0,0.0,5,236.0,241.5,5,238.0,239.0,252.0,239.0,27.0,6588.0,190
2023-05-11 14:44:13,TA401C5500,TA401C5500,249.5,0.0,0.0,0.0,5,237.5,241.5,5,238.0,239.0,252.0,239.0,27.0,6588.0,190
2023-05-11 14:45:24,TA401C5500,TA401C5500,249.5,0.0,0.0,0.0,5,237.5,243.0,5,238.0,239.0,252.0,239.0,27.0,6588.0,190
2023-05-11 14:47:05,TA401C5500,TA401C5500,249.5,0.0,0.0,0.0,5,239.0,243.0,5,238.0,239.0,252.0,239.0,27.0,6588.0,190
2023-05-11 14:47:51,TA401C5500,TA401C5500,249.5,0.0,0.0,0.0,5,237.5,243.0,5,238.0,239.0,252.0,239.0,27.0,6588.0,190
2023-05-11 14:48:25,TA401C5500,TA401C5500,249.5,0.0,0.0,0.0,5,239.0,243.0,5,238.0,239.0,252.0,239.0,27.0,6588.0,190
2023-05-11 14:48:40,TA401C5500,TA401C5500,249.5,0.0,0.0,0.0,5,239.0,245.0,5,238.0,239.0,252.0,239.0,27.0,6588.0,190
2023-05-11 14:48:51,TA401C5500,TA401C5500,249.5,0.0,0.0,0.0,5,240.5,245.0,5,238.0,239.0,252.0,239.0,27.0,6588.0,190
2023-05-11 14:49:25,TA401C5500,TA401C5500,249.5,0.0,0.0,0.0,5,239.0,245.0,5,238.0,239.0,252.0,239.0,27.0,6588.0,190
2023-05-11 14:49:27,TA401C5500,TA401C5500,249.5,0.0,0.0,0.0,5,239.0,243.5,5,238.0,239.0,252.0,239.0,27.0,6588.0,190
2023-05-11 14:49:58,TA401C5500,TA401C5500,249.5,0.0,0.0,0.0,5,236.5,243.5,5,238.0,239.0,252.0,239.0,27.0,6588.0,190
2023-05-11 14:50:05,TA401C5500,TA401C5500,249.5,0.0,0.0,0.0,5,238.0,243.5,5,238.0,239.0,252.0,239.0,27.0,6588.0,190
2023-05-11 14:51:26,TA401C5500,TA401C5500,249.5,0.0,0.0,0.0,5,238.0,242.0,5,238.0,239.0,252.0,239.0,27.0,6588.0,190
2023-05-11 14:58:00,TA401C5500,TA401C5500,249.5,0.0,0.0,0.0,5,236.5,242.0,5,238.0,239.0,252.0,239.0,27.0,6588.0,190
2023-05-11 14:58:19,TA401C5500,TA401C5500,249.5,0.0,0.0,0.0,5,236.5,241.0,5,238.0,239.0,252.0,239.0,27.0,6588.0,190
2023-05-11 14:58:20,TA401C5500,TA401C5500,249.5,0.0,0.0,0.0,1,182.5,241.0,5,238.0,239.0,252.0,239.0,27.0,6588.0,190
2023-05-11 14:58:20,TA401C5500,TA401C5500,249.5,0.0,0.0,0.0,1,224.5,241.0,5,238.0,239.0,252.0,239.0,27.0,6588.0,190
2023-05-11 14:58:22,TA401C5500,TA401C5500,249.5,0.0,0.0,0.0,5,234.5,241.0,5,238.0,239.0,252.0,239.0,27.0,6588.0,190
2023-05-11 14:58:28,TA401C5500,TA401C5500,249.5,0.0,0.0,0.0,5,234.5,239.0,5,238.0,239.0,252.0,239.0,27.0,6588.0,190
2023-05-11 14:58:40,TA401C5500,TA401C5500,249.5,0.0,0.0,0.0,1,224.5,239.0,5,238.0,239.0,252.0,239.0,27.0,6588.0,190
2023-05-11 14:58:42,TA401C5500,TA401C5500,249.5,0.0,0.0,0.0,5,232.5,239.0,5,238.0,239.0,252.0,239.0,27.0,6588.0,190
2023-05-11 14:58:45,TA401C5500,TA401C5500,249.5,0.0,0.0,0.0,5,232.5,237.5,5,238.0,239.0,252.0,239.0,27.0,6588.0,190
2023-05-11 14:58:57,TA401C5500,TA401C5500,249.5,0.0,0.0,0.0,1,224.5,259.5,1,238.0,239.0,252.0,239.0,27.0,6588.0,190
2023-05-11 14:59:15,TA401C5500,TA401C5500,249.5,0.0,0.0,0.0,1,130.5,259.5,1,238.0,239.0,252.0,239.0,27.0,6588.0,190
2023-05-11 14:59:39,TA401C5500,TA401C5500,249.5,0.0,0.0,0.0,2,137.0,259.5,1,238.0,239.0,252.0,239.0,27.0,6588.0,190
2023-05-11 14:59:39,TA401C5500,TA401C5500,249.5,0.0,0.0,0.0,1,164.5,259.5,1,238.0,239.0,252.0,239.0,27.0,6588.0,190
2023-05-11 14:59:45,TA401C5500,TA401C5500,249.5,0.0,0.0,0.0,1,131.5,259.5,1,238.0,239.0,252.0,239.0,27.0,6588.0,190
2023-05-11 14:59:48,TA401C5500,TA401C5500,249.5,0.0,0.0,0.0,1,165.5,259.5,1,238.0,239.0,252.0,239.0,27.0,6588.0,190
2023-05-11 14:59:48,TA401C5500,TA401C5500,249.5,0.0,0.0,0.0,1,165.5,259.5,1,238.0,239.0,252.0,239.0,27.0,6588.0,190
