time,symbol_id,symbol_name,last,trade_volume,trade_amount,open_interest_change,bv1,bp1,ap1,av1,yesterday_close,today_open,today_high,today_low,volume,amount,open_interest
2023-05-09 19:10:58,RM311P3000,RM311P3000,223.0,0.0,0.0,0.0,0,0.0,0.0,0,223.0,0.0,0.0,0.0,0.0,0.0,24
2023-05-09 20:59:00,RM311P3000,RM311P3000,223.0,0.0,0.0,0.0,1,0.5,0.0,0,223.0,0.0,0.0,0.0,0.0,0.0,24
2023-05-09 21:00:24,RM311P3000,RM311P3000,223.0,0.0,0.0,0.0,1,82.5,0.0,0,223.0,0.0,0.0,0.0,0.0,0.0,24
2023-05-09 21:01:15,RM311P3000,RM311P3000,223.0,0.0,0.0,0.0,1,83.0,0.0,0,223.0,0.0,0.0,0.0,0.0,0.0,24
2023-05-09 21:01:54,RM311P3000,RM311P3000,223.0,0.0,0.0,0.0,1,86.5,0.0,0,223.0,0.0,0.0,0.0,0.0,0.0,24
2023-05-09 21:01:54,RM311P3000,RM311P3000,223.0,0.0,0.0,0.0,1,87.0,0.0,0,223.0,0.0,0.0,0.0,0.0,0.0,24
2023-05-09 21:02:01,RM311P3000,RM311P3000,223.0,0.0,0.0,0.0,1,87.5,0.0,0,223.0,0.0,0.0,0.0,0.0,0.0,24
2023-05-09 21:02:02,RM311P3000,RM311P3000,223.0,0.0,0.0,0.0,1,88.0,0.0,0,223.0,0.0,0.0,0.0,0.0,0.0,24
2023-05-09 21:32:01,RM311P3000,RM311P3000,223.0,0.0,0.0,0.0,1,88.5,0.0,0,223.0,0.0,0.0,0.0,0.0,0.0,24
2023-05-09 21:32:02,RM311P3000,RM311P3000,223.0,0.0,0.0,0.0,1,89.0,0.0,0,223.0,0.0,0.0,0.0,0.0,0.0,24
2023-05-09 22:02:01,RM311P3000,RM311P3000,223.0,0.0,0.0,0.0,1,89.5,0.0,0,223.0,0.0,0.0,0.0,0.0,0.0,24
2023-05-09 22:02:02,RM311P3000,RM311P3000,223.0,0.0,0.0,0.0,1,90.0,0.0,0,223.0,0.0,0.0,0.0,0.0,0.0,24
2023-05-09 22:32:02,RM311P3000,RM311P3000,223.0,0.0,0.0,0.0,1,90.5,0.0,0,223.0,0.0,0.0,0.0,0.0,0.0,24
2023-05-09 22:32:03,RM311P3000,RM311P3000,223.0,0.0,0.0,0.0,1,91.0,0.0,0,223.0,0.0,0.0,0.0,0.0,0.0,24
2023-05-09 22:57:09,RM311P3000,RM311P3000,223.0,0.0,0.0,0.0,1,90.5,0.0,0,223.0,0.0,0.0,0.0,0.0,0.0,24
2023-05-10 09:01:17,RM311P3000,RM311P3000,223.0,0.0,0.0,0.0,1,91.0,0.0,0,223.0,0.0,0.0,0.0,0.0,0.0,24
2023-05-10 09:01:18,RM311P3000,RM311P3000,223.0,0.0,0.0,0.0,1,91.5,0.0,0,223.0,0.0,0.0,0.0,0.0,0.0,24
2023-05-10 09:01:42,RM311P3000,RM311P3000,223.0,0.0,0.0,0.0,1,92.0,0.0,0,223.0,0.0,0.0,0.0,0.0,0.0,24
2023-05-10 09:39:48,RM311P3000,RM311P3000,223.0,0.0,0.0,0.0,1,92.5,0.0,0,223.0,0.0,0.0,0.0,0.0,0.0,24
2023-05-10 09:39:49,RM311P3000,RM311P3000,223.0,0.0,0.0,0.0,1,93.0,0.0,0,223.0,0.0,0.0,0.0,0.0,0.0,24
2023-05-10 10:11:57,RM311P3000,RM311P3000,223.0,0.0,0.0,0.0,1,93.5,0.0,0,223.0,0.0,0.0,0.0,0.0,0.0,24
2023-05-10 10:11:58,RM311P3000,RM311P3000,223.0,0.0,0.0,0.0,1,94.0,0.0,0,223.0,0.0,0.0,0.0,0.0,0.0,24
2023-05-10 10:12:07,RM311P3000,RM311P3000,223.0,0.0,0.0,0.0,1,93.5,0.0,0,223.0,0.0,0.0,0.0,0.0,0.0,24
2023-05-10 10:30:14,RM311P3000,RM311P3000,223.0,0.0,0.0,0.0,1,94.0,0.0,0,223.0,0.0,0.0,0.0,0.0,0.0,24
2023-05-10 10:52:06,RM311P3000,RM311P3000,223.0,0.0,0.0,0.0,1,94.5,0.0,0,223.0,0.0,0.0,0.0,0.0,0.0,24
2023-05-10 10:52:07,RM311P3000,RM311P3000,223.0,0.0,0.0,0.0,1,95.0,0.0,0,223.0,0.0,0.0,0.0,0.0,0.0,24
2023-05-10 11:22:33,RM311P3000,RM311P3000,223.0,0.0,0.0,0.0,1,95.5,0.0,0,223.0,0.0,0.0,0.0,0.0,0.0,24
2023-05-10 11:22:34,RM311P3000,RM311P3000,223.0,0.0,0.0,0.0,1,96.0,0.0,0,223.0,0.0,0.0,0.0,0.0,0.0,24
2023-05-10 11:27:06,RM311P3000,RM311P3000,223.0,0.0,0.0,0.0,1,95.5,0.0,0,223.0,0.0,0.0,0.0,0.0,0.0,24
2023-05-10 13:31:24,RM311P3000,RM311P3000,223.0,0.0,0.0,0.0,1,96.0,0.0,0,223.0,0.0,0.0,0.0,0.0,0.0,24
2023-05-10 13:42:51,RM311P3000,RM311P3000,223.0,0.0,0.0,0.0,1,96.5,0.0,0,223.0,0.0,0.0,0.0,0.0,0.0,24
2023-05-10 13:42:52,RM311P3000,RM311P3000,223.0,0.0,0.0,0.0,1,97.0,0.0,0,223.0,0.0,0.0,0.0,0.0,0.0,24
2023-05-10 13:42:52,RM311P3000,RM311P3000,223.0,0.0,0.0,0.0,1,96.5,0.0,0,223.0,0.0,0.0,0.0,0.0,0.0,24
2023-05-10 13:42:53,RM311P3000,RM311P3000,223.0,0.0,0.0,0.0,1,97.0,0.0,0,223.0,0.0,0.0,0.0,0.0,0.0,24
2023-05-10 13:42:53,RM311P3000,RM311P3000,223.0,0.0,0.0,0.0,1,96.5,0.0,0,223.0,0.0,0.0,0.0,0.0,0.0,24
2023-05-10 13:42:54,RM311P3000,RM311P3000,223.0,0.0,0.0,0.0,1,97.0,0.0,0,223.0,0.0,0.0,0.0,0.0,0.0,24
2023-05-10 13:42:54,RM311P3000,RM311P3000,223.0,0.0,0.0,0.0,1,96.5,0.0,0,223.0,0.0,0.0,0.0,0.0,0.0,24
2023-05-10 13:42:55,RM311P3000,RM311P3000,223.0,0.0,0.0,0.0,1,97.0,0.0,0,223.0,0.0,0.0,0.0,0.0,0.0,24
2023-05-10 13:42:55,RM311P3000,RM311P3000,223.0,0.0,0.0,0.0,1,96.5,0.0,0,223.0,0.0,0.0,0.0,0.0,0.0,24
2023-05-10 13:42:56,RM311P3000,RM311P3000,223.0,0.0,0.0,0.0,1,97.0,0.0,0,223.0,0.0,0.0,0.0,0.0,0.0,24
2023-05-10 13:42:56,RM311P3000,RM311P3000,223.0,0.0,0.0,0.0,1,96.5,0.0,0,223.0,0.0,0.0,0.0,0.0,0.0,24
2023-05-10 13:42:57,RM311P3000,RM311P3000,223.0,0.0,0.0,0.0,1,97.0,0.0,0,223.0,0.0,0.0,0.0,0.0,0.0,24
2023-05-10 13:42:57,RM311P3000,RM311P3000,223.0,0.0,0.0,0.0,1,96.5,0.0,0,223.0,0.0,0.0,0.0,0.0,0.0,24
2023-05-10 13:42:58,RM311P3000,RM311P3000,223.0,0.0,0.0,0.0,1,97.0,0.0,0,223.0,0.0,0.0,0.0,0.0,0.0,24
2023-05-10 13:42:58,RM311P3000,RM311P3000,223.0,0.0,0.0,0.0,1,96.5,0.0,0,223.0,0.0,0.0,0.0,0.0,0.0,24
2023-05-10 13:42:59,RM311P3000,RM311P3000,223.0,0.0,0.0,0.0,1,97.0,0.0,0,223.0,0.0,0.0,0.0,0.0,0.0,24
2023-05-10 13:42:59,RM311P3000,RM311P3000,223.0,0.0,0.0,0.0,1,96.5,0.0,0,223.0,0.0,0.0,0.0,0.0,0.0,24
2023-05-10 13:43:00,RM311P3000,RM311P3000,223.0,0.0,0.0,0.0,1,97.0,0.0,0,223.0,0.0,0.0,0.0,0.0,0.0,24
2023-05-10 13:43:00,RM311P3000,RM311P3000,223.0,0.0,0.0,0.0,1,96.5,0.0,0,223.0,0.0,0.0,0.0,0.0,0.0,24
2023-05-10 13:43:01,RM311P3000,RM311P3000,223.0,0.0,0.0,0.0,1,97.0,0.0,0,223.0,0.0,0.0,0.0,0.0,0.0,24
2023-05-10 13:43:01,RM311P3000,RM311P3000,223.0,0.0,0.0,0.0,1,96.5,0.0,0,223.0,0.0,0.0,0.0,0.0,0.0,24
2023-05-10 13:43:02,RM311P3000,RM311P3000,223.0,0.0,0.0,0.0,1,97.0,0.0,0,223.0,0.0,0.0,0.0,0.0,0.0,24
2023-05-10 13:43:02,RM311P3000,RM311P3000,223.0,0.0,0.0,0.0,1,96.5,0.0,0,223.0,0.0,0.0,0.0,0.0,0.0,24
2023-05-10 13:43:03,RM311P3000,RM311P3000,223.0,0.0,0.0,0.0,1,97.0,0.0,0,223.0,0.0,0.0,0.0,0.0,0.0,24
2023-05-10 13:43:03,RM311P3000,RM311P3000,223.0,0.0,0.0,0.0,1,96.5,0.0,0,223.0,0.0,0.0,0.0,0.0,0.0,24
2023-05-10 13:43:04,RM311P3000,RM311P3000,223.0,0.0,0.0,0.0,1,97.0,0.0,0,223.0,0.0,0.0,0.0,0.0,0.0,24
2023-05-10 13:43:04,RM311P3000,RM311P3000,223.0,0.0,0.0,0.0,1,96.5,0.0,0,223.0,0.0,0.0,0.0,0.0,0.0,24
2023-05-10 13:43:05,RM311P3000,RM311P3000,223.0,0.0,0.0,0.0,1,97.0,0.0,0,223.0,0.0,0.0,0.0,0.0,0.0,24
2023-05-10 13:43:05,RM311P3000,RM311P3000,223.0,0.0,0.0,0.0,1,96.5,0.0,0,223.0,0.0,0.0,0.0,0.0,0.0,24
2023-05-10 13:43:06,RM311P3000,RM311P3000,223.0,0.0,0.0,0.0,1,97.0,0.0,0,223.0,0.0,0.0,0.0,0.0,0.0,24
2023-05-10 13:43:06,RM311P3000,RM311P3000,223.0,0.0,0.0,0.0,1,96.5,0.0,0,223.0,0.0,0.0,0.0,0.0,0.0,24
2023-05-10 13:43:07,RM311P3000,RM311P3000,223.0,0.0,0.0,0.0,1,97.0,0.0,0,223.0,0.0,0.0,0.0,0.0,0.0,24
2023-05-10 13:43:07,RM311P3000,RM311P3000,223.0,0.0,0.0,0.0,1,96.5,0.0,0,223.0,0.0,0.0,0.0,0.0,0.0,24
2023-05-10 13:43:08,RM311P3000,RM311P3000,223.0,0.0,0.0,0.0,1,97.0,0.0,0,223.0,0.0,0.0,0.0,0.0,0.0,24
2023-05-10 13:43:08,RM311P3000,RM311P3000,223.0,0.0,0.0,0.0,1,96.5,0.0,0,223.0,0.0,0.0,0.0,0.0,0.0,24
2023-05-10 13:43:09,RM311P3000,RM311P3000,223.0,0.0,0.0,0.0,1,97.0,0.0,0,223.0,0.0,0.0,0.0,0.0,0.0,24
2023-05-10 13:43:09,RM311P3000,RM311P3000,223.0,0.0,0.0,0.0,1,96.5,0.0,0,223.0,0.0,0.0,0.0,0.0,0.0,24
2023-05-10 13:43:10,RM311P3000,RM311P3000,223.0,0.0,0.0,0.0,1,97.0,0.0,0,223.0,0.0,0.0,0.0,0.0,0.0,24
2023-05-10 13:43:10,RM311P3000,RM311P3000,223.0,0.0,0.0,0.0,1,96.5,0.0,0,223.0,0.0,0.0,0.0,0.0,0.0,24
2023-05-10 13:43:11,RM311P3000,RM311P3000,223.0,0.0,0.0,0.0,1,97.0,0.0,0,223.0,0.0,0.0,0.0,0.0,0.0,24
2023-05-10 13:43:11,RM311P3000,RM311P3000,223.0,0.0,0.0,0.0,1,96.5,0.0,0,223.0,0.0,0.0,0.0,0.0,0.0,24
2023-05-10 13:43:12,RM311P3000,RM311P3000,223.0,0.0,0.0,0.0,1,97.0,0.0,0,223.0,0.0,0.0,0.0,0.0,0.0,24
2023-05-10 13:43:12,RM311P3000,RM311P3000,223.0,0.0,0.0,0.0,1,96.5,0.0,0,223.0,0.0,0.0,0.0,0.0,0.0,24
2023-05-10 13:43:13,RM311P3000,RM311P3000,223.0,0.0,0.0,0.0,1,97.0,0.0,0,223.0,0.0,0.0,0.0,0.0,0.0,24
2023-05-10 13:43:13,RM311P3000,RM311P3000,223.0,0.0,0.0,0.0,1,96.5,0.0,0,223.0,0.0,0.0,0.0,0.0,0.0,24
2023-05-10 13:43:14,RM311P3000,RM311P3000,223.0,0.0,0.0,0.0,1,97.0,0.0,0,223.0,0.0,0.0,0.0,0.0,0.0,24
2023-05-10 13:43:14,RM311P3000,RM311P3000,223.0,0.0,0.0,0.0,1,96.5,0.0,0,223.0,0.0,0.0,0.0,0.0,0.0,24
2023-05-10 13:43:15,RM311P3000,RM311P3000,223.0,0.0,0.0,0.0,1,97.0,0.0,0,223.0,0.0,0.0,0.0,0.0,0.0,24
2023-05-10 13:43:15,RM311P3000,RM311P3000,223.0,0.0,0.0,0.0,1,96.5,0.0,0,223.0,0.0,0.0,0.0,0.0,0.0,24
2023-05-10 13:43:16,RM311P3000,RM311P3000,223.0,0.0,0.0,0.0,1,97.0,0.0,0,223.0,0.0,0.0,0.0,0.0,0.0,24
2023-05-10 13:43:16,RM311P3000,RM311P3000,223.0,0.0,0.0,0.0,1,96.5,0.0,0,223.0,0.0,0.0,0.0,0.0,0.0,24
2023-05-10 13:43:17,RM311P3000,RM311P3000,223.0,0.0,0.0,0.0,1,97.0,0.0,0,223.0,0.0,0.0,0.0,0.0,0.0,24
2023-05-10 13:43:17,RM311P3000,RM311P3000,223.0,0.0,0.0,0.0,1,96.5,0.0,0,223.0,0.0,0.0,0.0,0.0,0.0,24
2023-05-10 13:43:18,RM311P3000,RM311P3000,223.0,0.0,0.0,0.0,1,97.0,0.0,0,223.0,0.0,0.0,0.0,0.0,0.0,24
2023-05-10 13:43:18,RM311P3000,RM311P3000,223.0,0.0,0.0,0.0,1,96.5,0.0,0,223.0,0.0,0.0,0.0,0.0,0.0,24
2023-05-10 13:43:19,RM311P3000,RM311P3000,223.0,0.0,0.0,0.0,1,97.0,0.0,0,223.0,0.0,0.0,0.0,0.0,0.0,24
2023-05-10 13:43:19,RM311P3000,RM311P3000,223.0,0.0,0.0,0.0,1,96.5,0.0,0,223.0,0.0,0.0,0.0,0.0,0.0,24
2023-05-10 13:43:20,RM311P3000,RM311P3000,223.0,0.0,0.0,0.0,1,97.0,0.0,0,223.0,0.0,0.0,0.0,0.0,0.0,24
2023-05-10 13:43:20,RM311P3000,RM311P3000,223.0,0.0,0.0,0.0,1,96.5,0.0,0,223.0,0.0,0.0,0.0,0.0,0.0,24
2023-05-10 13:43:21,RM311P3000,RM311P3000,223.0,0.0,0.0,0.0,1,97.0,0.0,0,223.0,0.0,0.0,0.0,0.0,0.0,24
2023-05-10 13:43:21,RM311P3000,RM311P3000,223.0,0.0,0.0,0.0,1,96.5,0.0,0,223.0,0.0,0.0,0.0,0.0,0.0,24
2023-05-10 13:43:22,RM311P3000,RM311P3000,223.0,0.0,0.0,0.0,1,97.0,0.0,0,223.0,0.0,0.0,0.0,0.0,0.0,24
2023-05-10 13:43:22,RM311P3000,RM311P3000,223.0,0.0,0.0,0.0,1,96.5,0.0,0,223.0,0.0,0.0,0.0,0.0,0.0,24
2023-05-10 13:43:23,RM311P3000,RM311P3000,223.0,0.0,0.0,0.0,1,97.0,0.0,0,223.0,0.0,0.0,0.0,0.0,0.0,24
2023-05-10 13:43:23,RM311P3000,RM311P3000,223.0,0.0,0.0,0.0,1,96.5,0.0,0,223.0,0.0,0.0,0.0,0.0,0.0,24
2023-05-10 13:43:24,RM311P3000,RM311P3000,223.0,0.0,0.0,0.0,1,97.0,0.0,0,223.0,0.0,0.0,0.0,0.0,0.0,24
2023-05-10 13:43:24,RM311P3000,RM311P3000,223.0,0.0,0.0,0.0,1,96.5,0.0,0,223.0,0.0,0.0,0.0,0.0,0.0,24
2023-05-10 13:43:25,RM311P3000,RM311P3000,223.0,0.0,0.0,0.0,1,97.0,0.0,0,223.0,0.0,0.0,0.0,0.0,0.0,24
2023-05-10 13:43:25,RM311P3000,RM311P3000,223.0,0.0,0.0,0.0,1,96.5,0.0,0,223.0,0.0,0.0,0.0,0.0,0.0,24
2023-05-10 13:43:26,RM311P3000,RM311P3000,223.0,0.0,0.0,0.0,1,97.0,0.0,0,223.0,0.0,0.0,0.0,0.0,0.0,24
2023-05-10 13:43:26,RM311P3000,RM311P3000,223.0,0.0,0.0,0.0,1,96.5,0.0,0,223.0,0.0,0.0,0.0,0.0,0.0,24
2023-05-10 13:43:27,RM311P3000,RM311P3000,223.0,0.0,0.0,0.0,1,97.0,0.0,0,223.0,0.0,0.0,0.0,0.0,0.0,24
2023-05-10 13:43:27,RM311P3000,RM311P3000,223.0,0.0,0.0,0.0,1,96.5,0.0,0,223.0,0.0,0.0,0.0,0.0,0.0,24
2023-05-10 13:43:28,RM311P3000,RM311P3000,223.0,0.0,0.0,0.0,1,97.0,0.0,0,223.0,0.0,0.0,0.0,0.0,0.0,24
2023-05-10 13:43:29,RM311P3000,RM311P3000,223.0,0.0,0.0,0.0,1,96.5,0.0,0,223.0,0.0,0.0,0.0,0.0,0.0,24
2023-05-10 13:43:29,RM311P3000,RM311P3000,223.0,0.0,0.0,0.0,1,97.0,0.0,0,223.0,0.0,0.0,0.0,0.0,0.0,24
2023-05-10 13:43:29,RM311P3000,RM311P3000,223.0,0.0,0.0,0.0,1,96.5,0.0,0,223.0,0.0,0.0,0.0,0.0,0.0,24
2023-05-10 13:43:30,RM311P3000,RM311P3000,223.0,0.0,0.0,0.0,1,97.0,0.0,0,223.0,0.0,0.0,0.0,0.0,0.0,24
2023-05-10 13:43:30,RM311P3000,RM311P3000,223.0,0.0,0.0,0.0,1,96.5,0.0,0,223.0,0.0,0.0,0.0,0.0,0.0,24
2023-05-10 13:43:31,RM311P3000,RM311P3000,223.0,0.0,0.0,0.0,1,97.0,0.0,0,223.0,0.0,0.0,0.0,0.0,0.0,24
2023-05-10 13:43:31,RM311P3000,RM311P3000,223.0,0.0,0.0,0.0,1,96.5,0.0,0,223.0,0.0,0.0,0.0,0.0,0.0,24
2023-05-10 13:43:32,RM311P3000,RM311P3000,223.0,0.0,0.0,0.0,1,97.0,0.0,0,223.0,0.0,0.0,0.0,0.0,0.0,24
2023-05-10 13:43:32,RM311P3000,RM311P3000,223.0,0.0,0.0,0.0,1,96.5,0.0,0,223.0,0.0,0.0,0.0,0.0,0.0,24
2023-05-10 13:43:33,RM311P3000,RM311P3000,223.0,0.0,0.0,0.0,1,97.0,0.0,0,223.0,0.0,0.0,0.0,0.0,0.0,24
2023-05-10 13:43:33,RM311P3000,RM311P3000,223.0,0.0,0.0,0.0,1,96.5,0.0,0,223.0,0.0,0.0,0.0,0.0,0.0,24
2023-05-10 13:43:34,RM311P3000,RM311P3000,223.0,0.0,0.0,0.0,1,97.0,0.0,0,223.0,0.0,0.0,0.0,0.0,0.0,24
2023-05-10 13:43:34,RM311P3000,RM311P3000,223.0,0.0,0.0,0.0,1,96.5,0.0,0,223.0,0.0,0.0,0.0,0.0,0.0,24
2023-05-10 13:43:35,RM311P3000,RM311P3000,223.0,0.0,0.0,0.0,1,97.0,0.0,0,223.0,0.0,0.0,0.0,0.0,0.0,24
2023-05-10 13:43:35,RM311P3000,RM311P3000,223.0,0.0,0.0,0.0,1,96.5,0.0,0,223.0,0.0,0.0,0.0,0.0,0.0,24
2023-05-10 13:43:36,RM311P3000,RM311P3000,223.0,0.0,0.0,0.0,1,97.0,0.0,0,223.0,0.0,0.0,0.0,0.0,0.0,24
2023-05-10 13:43:36,RM311P3000,RM311P3000,223.0,0.0,0.0,0.0,1,96.5,0.0,0,223.0,0.0,0.0,0.0,0.0,0.0,24
2023-05-10 13:43:37,RM311P3000,RM311P3000,223.0,0.0,0.0,0.0,1,97.0,0.0,0,223.0,0.0,0.0,0.0,0.0,0.0,24
2023-05-10 13:43:37,RM311P3000,RM311P3000,223.0,0.0,0.0,0.0,1,96.5,0.0,0,223.0,0.0,0.0,0.0,0.0,0.0,24
2023-05-10 13:43:38,RM311P3000,RM311P3000,223.0,0.0,0.0,0.0,1,97.0,0.0,0,223.0,0.0,0.0,0.0,0.0,0.0,24
2023-05-10 13:43:38,RM311P3000,RM311P3000,223.0,0.0,0.0,0.0,1,96.5,0.0,0,223.0,0.0,0.0,0.0,0.0,0.0,24
2023-05-10 13:43:39,RM311P3000,RM311P3000,223.0,0.0,0.0,0.0,1,97.0,0.0,0,223.0,0.0,0.0,0.0,0.0,0.0,24
2023-05-10 13:43:39,RM311P3000,RM311P3000,223.0,0.0,0.0,0.0,1,96.5,0.0,0,223.0,0.0,0.0,0.0,0.0,0.0,24
2023-05-10 13:43:40,RM311P3000,RM311P3000,223.0,0.0,0.0,0.0,1,97.0,0.0,0,223.0,0.0,0.0,0.0,0.0,0.0,24
2023-05-10 13:43:40,RM311P3000,RM311P3000,223.0,0.0,0.0,0.0,1,96.5,0.0,0,223.0,0.0,0.0,0.0,0.0,0.0,24
2023-05-10 13:43:41,RM311P3000,RM311P3000,223.0,0.0,0.0,0.0,1,97.0,0.0,0,223.0,0.0,0.0,0.0,0.0,0.0,24
2023-05-10 13:43:41,RM311P3000,RM311P3000,223.0,0.0,0.0,0.0,1,96.5,0.0,0,223.0,0.0,0.0,0.0,0.0,0.0,24
2023-05-10 13:43:42,RM311P3000,RM311P3000,223.0,0.0,0.0,0.0,1,97.0,0.0,0,223.0,0.0,0.0,0.0,0.0,0.0,24
2023-05-10 13:43:42,RM311P3000,RM311P3000,223.0,0.0,0.0,0.0,1,96.5,0.0,0,223.0,0.0,0.0,0.0,0.0,0.0,24
2023-05-10 13:43:43,RM311P3000,RM311P3000,223.0,0.0,0.0,0.0,1,97.0,0.0,0,223.0,0.0,0.0,0.0,0.0,0.0,24
2023-05-10 13:43:43,RM311P3000,RM311P3000,223.0,0.0,0.0,0.0,1,96.5,0.0,0,223.0,0.0,0.0,0.0,0.0,0.0,24
2023-05-10 13:43:44,RM311P3000,RM311P3000,223.0,0.0,0.0,0.0,1,97.0,0.0,0,223.0,0.0,0.0,0.0,0.0,0.0,24
2023-05-10 13:43:44,RM311P3000,RM311P3000,223.0,0.0,0.0,0.0,1,96.5,0.0,0,223.0,0.0,0.0,0.0,0.0,0.0,24
2023-05-10 13:43:45,RM311P3000,RM311P3000,223.0,0.0,0.0,0.0,1,97.0,0.0,0,223.0,0.0,0.0,0.0,0.0,0.0,24
2023-05-10 13:43:45,RM311P3000,RM311P3000,223.0,0.0,0.0,0.0,1,96.5,0.0,0,223.0,0.0,0.0,0.0,0.0,0.0,24
2023-05-10 13:43:46,RM311P3000,RM311P3000,223.0,0.0,0.0,0.0,1,97.0,0.0,0,223.0,0.0,0.0,0.0,0.0,0.0,24
2023-05-10 13:43:46,RM311P3000,RM311P3000,223.0,0.0,0.0,0.0,1,96.5,0.0,0,223.0,0.0,0.0,0.0,0.0,0.0,24
2023-05-10 13:43:47,RM311P3000,RM311P3000,223.0,0.0,0.0,0.0,1,97.0,0.0,0,223.0,0.0,0.0,0.0,0.0,0.0,24
2023-05-10 13:43:47,RM311P3000,RM311P3000,223.0,0.0,0.0,0.0,1,96.5,0.0,0,223.0,0.0,0.0,0.0,0.0,0.0,24
2023-05-10 13:43:48,RM311P3000,RM311P3000,223.0,0.0,0.0,0.0,1,97.0,0.0,0,223.0,0.0,0.0,0.0,0.0,0.0,24
2023-05-10 13:43:48,RM311P3000,RM311P3000,223.0,0.0,0.0,0.0,1,96.5,0.0,0,223.0,0.0,0.0,0.0,0.0,0.0,24
2023-05-10 13:43:49,RM311P3000,RM311P3000,223.0,0.0,0.0,0.0,1,97.0,0.0,0,223.0,0.0,0.0,0.0,0.0,0.0,24
2023-05-10 13:43:49,RM311P3000,RM311P3000,223.0,0.0,0.0,0.0,1,96.5,0.0,0,223.0,0.0,0.0,0.0,0.0,0.0,24
2023-05-10 13:43:50,RM311P3000,RM311P3000,223.0,0.0,0.0,0.0,1,97.0,0.0,0,223.0,0.0,0.0,0.0,0.0,0.0,24
2023-05-10 13:43:50,RM311P3000,RM311P3000,223.0,0.0,0.0,0.0,1,96.5,0.0,0,223.0,0.0,0.0,0.0,0.0,0.0,24
2023-05-10 13:43:51,RM311P3000,RM311P3000,223.0,0.0,0.0,0.0,1,97.0,0.0,0,223.0,0.0,0.0,0.0,0.0,0.0,24
2023-05-10 13:43:51,RM311P3000,RM311P3000,223.0,0.0,0.0,0.0,1,96.5,0.0,0,223.0,0.0,0.0,0.0,0.0,0.0,24
2023-05-10 13:43:52,RM311P3000,RM311P3000,223.0,0.0,0.0,0.0,1,97.0,0.0,0,223.0,0.0,0.0,0.0,0.0,0.0,24
2023-05-10 13:43:52,RM311P3000,RM311P3000,223.0,0.0,0.0,0.0,1,96.5,0.0,0,223.0,0.0,0.0,0.0,0.0,0.0,24
2023-05-10 13:43:53,RM311P3000,RM311P3000,223.0,0.0,0.0,0.0,1,97.0,0.0,0,223.0,0.0,0.0,0.0,0.0,0.0,24
2023-05-10 13:43:53,RM311P3000,RM311P3000,223.0,0.0,0.0,0.0,1,96.5,0.0,0,223.0,0.0,0.0,0.0,0.0,0.0,24
2023-05-10 13:43:54,RM311P3000,RM311P3000,223.0,0.0,0.0,0.0,1,97.0,0.0,0,223.0,0.0,0.0,0.0,0.0,0.0,24
2023-05-10 13:43:54,RM311P3000,RM311P3000,223.0,0.0,0.0,0.0,1,96.5,0.0,0,223.0,0.0,0.0,0.0,0.0,0.0,24
2023-05-10 13:43:55,RM311P3000,RM311P3000,223.0,0.0,0.0,0.0,1,97.0,0.0,0,223.0,0.0,0.0,0.0,0.0,0.0,24
2023-05-10 13:43:55,RM311P3000,RM311P3000,223.0,0.0,0.0,0.0,1,96.5,0.0,0,223.0,0.0,0.0,0.0,0.0,0.0,24
2023-05-10 13:43:56,RM311P3000,RM311P3000,223.0,0.0,0.0,0.0,1,97.0,0.0,0,223.0,0.0,0.0,0.0,0.0,0.0,24
2023-05-10 13:43:56,RM311P3000,RM311P3000,223.0,0.0,0.0,0.0,1,96.5,0.0,0,223.0,0.0,0.0,0.0,0.0,0.0,24
2023-05-10 13:43:57,RM311P3000,RM311P3000,223.0,0.0,0.0,0.0,1,97.0,0.0,0,223.0,0.0,0.0,0.0,0.0,0.0,24
2023-05-10 13:43:57,RM311P3000,RM311P3000,223.0,0.0,0.0,0.0,1,96.5,0.0,0,223.0,0.0,0.0,0.0,0.0,0.0,24
2023-05-10 13:43:58,RM311P3000,RM311P3000,223.0,0.0,0.0,0.0,1,97.0,0.0,0,223.0,0.0,0.0,0.0,0.0,0.0,24
2023-05-10 13:43:58,RM311P3000,RM311P3000,223.0,0.0,0.0,0.0,1,96.5,0.0,0,223.0,0.0,0.0,0.0,0.0,0.0,24
2023-05-10 13:43:59,RM311P3000,RM311P3000,223.0,0.0,0.0,0.0,1,97.0,0.0,0,223.0,0.0,0.0,0.0,0.0,0.0,24
2023-05-10 13:43:59,RM311P3000,RM311P3000,223.0,0.0,0.0,0.0,1,96.5,0.0,0,223.0,0.0,0.0,0.0,0.0,0.0,24
2023-05-10 13:44:00,RM311P3000,RM311P3000,223.0,0.0,0.0,0.0,1,97.0,0.0,0,223.0,0.0,0.0,0.0,0.0,0.0,24
2023-05-10 13:44:00,RM311P3000,RM311P3000,223.0,0.0,0.0,0.0,1,96.5,0.0,0,223.0,0.0,0.0,0.0,0.0,0.0,24
2023-05-10 13:44:01,RM311P3000,RM311P3000,223.0,0.0,0.0,0.0,1,97.0,0.0,0,223.0,0.0,0.0,0.0,0.0,0.0,24
2023-05-10 13:44:01,RM311P3000,RM311P3000,223.0,0.0,0.0,0.0,1,96.5,0.0,0,223.0,0.0,0.0,0.0,0.0,0.0,24
2023-05-10 13:44:02,RM311P3000,RM311P3000,223.0,0.0,0.0,0.0,1,97.0,0.0,0,223.0,0.0,0.0,0.0,0.0,0.0,24
2023-05-10 13:44:02,RM311P3000,RM311P3000,223.0,0.0,0.0,0.0,1,96.5,0.0,0,223.0,0.0,0.0,0.0,0.0,0.0,24
2023-05-10 13:44:03,RM311P3000,RM311P3000,223.0,0.0,0.0,0.0,1,97.0,0.0,0,223.0,0.0,0.0,0.0,0.0,0.0,24
2023-05-10 13:44:03,RM311P3000,RM311P3000,223.0,0.0,0.0,0.0,1,96.5,0.0,0,223.0,0.0,0.0,0.0,0.0,0.0,24
2023-05-10 13:44:04,RM311P3000,RM311P3000,223.0,0.0,0.0,0.0,1,97.0,0.0,0,223.0,0.0,0.0,0.0,0.0,0.0,24
2023-05-10 13:44:04,RM311P3000,RM311P3000,223.0,0.0,0.0,0.0,1,96.5,0.0,0,223.0,0.0,0.0,0.0,0.0,0.0,24
2023-05-10 13:44:05,RM311P3000,RM311P3000,223.0,0.0,0.0,0.0,1,97.0,0.0,0,223.0,0.0,0.0,0.0,0.0,0.0,24
2023-05-10 13:44:05,RM311P3000,RM311P3000,223.0,0.0,0.0,0.0,1,96.5,0.0,0,223.0,0.0,0.0,0.0,0.0,0.0,24
2023-05-10 13:44:06,RM311P3000,RM311P3000,223.0,0.0,0.0,0.0,1,97.0,0.0,0,223.0,0.0,0.0,0.0,0.0,0.0,24
2023-05-10 13:44:06,RM311P3000,RM311P3000,223.0,0.0,0.0,0.0,1,96.5,0.0,0,223.0,0.0,0.0,0.0,0.0,0.0,24
2023-05-10 13:44:07,RM311P3000,RM311P3000,223.0,0.0,0.0,0.0,1,97.0,0.0,0,223.0,0.0,0.0,0.0,0.0,0.0,24
2023-05-10 13:44:07,RM311P3000,RM311P3000,223.0,0.0,0.0,0.0,1,96.5,0.0,0,223.0,0.0,0.0,0.0,0.0,0.0,24
2023-05-10 13:44:08,RM311P3000,RM311P3000,223.0,0.0,0.0,0.0,1,97.0,0.0,0,223.0,0.0,0.0,0.0,0.0,0.0,24
2023-05-10 13:44:08,RM311P3000,RM311P3000,223.0,0.0,0.0,0.0,1,96.5,0.0,0,223.0,0.0,0.0,0.0,0.0,0.0,24
2023-05-10 13:44:09,RM311P3000,RM311P3000,223.0,0.0,0.0,0.0,1,97.0,0.0,0,223.0,0.0,0.0,0.0,0.0,0.0,24
2023-05-10 13:44:09,RM311P3000,RM311P3000,223.0,0.0,0.0,0.0,1,96.5,0.0,0,223.0,0.0,0.0,0.0,0.0,0.0,24
2023-05-10 13:44:10,RM311P3000,RM311P3000,223.0,0.0,0.0,0.0,1,97.0,0.0,0,223.0,0.0,0.0,0.0,0.0,0.0,24
2023-05-10 13:44:10,RM311P3000,RM311P3000,223.0,0.0,0.0,0.0,1,96.5,0.0,0,223.0,0.0,0.0,0.0,0.0,0.0,24
2023-05-10 13:44:11,RM311P3000,RM311P3000,223.0,0.0,0.0,0.0,1,97.0,0.0,0,223.0,0.0,0.0,0.0,0.0,0.0,24
2023-05-10 13:44:11,RM311P3000,RM311P3000,223.0,0.0,0.0,0.0,1,96.5,0.0,0,223.0,0.0,0.0,0.0,0.0,0.0,24
2023-05-10 13:44:12,RM311P3000,RM311P3000,223.0,0.0,0.0,0.0,1,97.0,0.0,0,223.0,0.0,0.0,0.0,0.0,0.0,24
2023-05-10 13:44:12,RM311P3000,RM311P3000,223.0,0.0,0.0,0.0,1,96.5,0.0,0,223.0,0.0,0.0,0.0,0.0,0.0,24
2023-05-10 13:44:13,RM311P3000,RM311P3000,223.0,0.0,0.0,0.0,1,97.0,0.0,0,223.0,0.0,0.0,0.0,0.0,0.0,24
2023-05-10 13:44:13,RM311P3000,RM311P3000,223.0,0.0,0.0,0.0,1,96.5,0.0,0,223.0,0.0,0.0,0.0,0.0,0.0,24
2023-05-10 13:44:14,RM311P3000,RM311P3000,223.0,0.0,0.0,0.0,1,97.0,0.0,0,223.0,0.0,0.0,0.0,0.0,0.0,24
2023-05-10 13:44:14,RM311P3000,RM311P3000,223.0,0.0,0.0,0.0,1,96.5,0.0,0,223.0,0.0,0.0,0.0,0.0,0.0,24
2023-05-10 13:44:15,RM311P3000,RM311P3000,223.0,0.0,0.0,0.0,1,97.0,0.0,0,223.0,0.0,0.0,0.0,0.0,0.0,24
2023-05-10 13:44:16,RM311P3000,RM311P3000,223.0,0.0,0.0,0.0,1,96.5,0.0,0,223.0,0.0,0.0,0.0,0.0,0.0,24
2023-05-10 13:44:16,RM311P3000,RM311P3000,223.0,0.0,0.0,0.0,1,97.0,0.0,0,223.0,0.0,0.0,0.0,0.0,0.0,24
2023-05-10 13:44:16,RM311P3000,RM311P3000,223.0,0.0,0.0,0.0,1,96.5,0.0,0,223.0,0.0,0.0,0.0,0.0,0.0,24
2023-05-10 13:44:17,RM311P3000,RM311P3000,223.0,0.0,0.0,0.0,1,97.0,0.0,0,223.0,0.0,0.0,0.0,0.0,0.0,24
2023-05-10 13:44:17,RM311P3000,RM311P3000,223.0,0.0,0.0,0.0,1,96.5,0.0,0,223.0,0.0,0.0,0.0,0.0,0.0,24
2023-05-10 13:44:18,RM311P3000,RM311P3000,223.0,0.0,0.0,0.0,1,97.0,0.0,0,223.0,0.0,0.0,0.0,0.0,0.0,24
2023-05-10 13:44:18,RM311P3000,RM311P3000,223.0,0.0,0.0,0.0,1,96.5,0.0,0,223.0,0.0,0.0,0.0,0.0,0.0,24
2023-05-10 13:44:19,RM311P3000,RM311P3000,223.0,0.0,0.0,0.0,1,97.0,0.0,0,223.0,0.0,0.0,0.0,0.0,0.0,24
2023-05-10 13:44:19,RM311P3000,RM311P3000,223.0,0.0,0.0,0.0,1,96.5,0.0,0,223.0,0.0,0.0,0.0,0.0,0.0,24
2023-05-10 13:44:20,RM311P3000,RM311P3000,223.0,0.0,0.0,0.0,1,97.0,0.0,0,223.0,0.0,0.0,0.0,0.0,0.0,24
2023-05-10 13:44:20,RM311P3000,RM311P3000,223.0,0.0,0.0,0.0,1,96.5,0.0,0,223.0,0.0,0.0,0.0,0.0,0.0,24
2023-05-10 13:44:21,RM311P3000,RM311P3000,223.0,0.0,0.0,0.0,1,97.0,0.0,0,223.0,0.0,0.0,0.0,0.0,0.0,24
2023-05-10 13:44:21,RM311P3000,RM311P3000,223.0,0.0,0.0,0.0,1,96.5,0.0,0,223.0,0.0,0.0,0.0,0.0,0.0,24
2023-05-10 13:44:22,RM311P3000,RM311P3000,223.0,0.0,0.0,0.0,1,97.0,0.0,0,223.0,0.0,0.0,0.0,0.0,0.0,24
2023-05-10 13:44:22,RM311P3000,RM311P3000,223.0,0.0,0.0,0.0,1,96.5,0.0,0,223.0,0.0,0.0,0.0,0.0,0.0,24
2023-05-10 13:44:23,RM311P3000,RM311P3000,223.0,0.0,0.0,0.0,1,97.0,0.0,0,223.0,0.0,0.0,0.0,0.0,0.0,24
2023-05-10 13:44:23,RM311P3000,RM311P3000,223.0,0.0,0.0,0.0,1,96.5,0.0,0,223.0,0.0,0.0,0.0,0.0,0.0,24
2023-05-10 13:44:24,RM311P3000,RM311P3000,223.0,0.0,0.0,0.0,1,97.0,0.0,0,223.0,0.0,0.0,0.0,0.0,0.0,24
2023-05-10 13:44:24,RM311P3000,RM311P3000,223.0,0.0,0.0,0.0,1,96.5,0.0,0,223.0,0.0,0.0,0.0,0.0,0.0,24
2023-05-10 13:44:25,RM311P3000,RM311P3000,223.0,0.0,0.0,0.0,1,97.0,0.0,0,223.0,0.0,0.0,0.0,0.0,0.0,24
2023-05-10 13:44:25,RM311P3000,RM311P3000,223.0,0.0,0.0,0.0,1,96.5,0.0,0,223.0,0.0,0.0,0.0,0.0,0.0,24
2023-05-10 13:44:26,RM311P3000,RM311P3000,223.0,0.0,0.0,0.0,1,97.0,0.0,0,223.0,0.0,0.0,0.0,0.0,0.0,24
2023-05-10 13:44:27,RM311P3000,RM311P3000,223.0,0.0,0.0,0.0,1,96.5,0.0,0,223.0,0.0,0.0,0.0,0.0,0.0,24
2023-05-10 13:44:27,RM311P3000,RM311P3000,223.0,0.0,0.0,0.0,1,97.0,0.0,0,223.0,0.0,0.0,0.0,0.0,0.0,24
2023-05-10 13:44:27,RM311P3000,RM311P3000,223.0,0.0,0.0,0.0,1,96.5,0.0,0,223.0,0.0,0.0,0.0,0.0,0.0,24
2023-05-10 13:44:28,RM311P3000,RM311P3000,223.0,0.0,0.0,0.0,1,97.0,0.0,0,223.0,0.0,0.0,0.0,0.0,0.0,24
2023-05-10 13:44:28,RM311P3000,RM311P3000,223.0,0.0,0.0,0.0,1,96.5,0.0,0,223.0,0.0,0.0,0.0,0.0,0.0,24
2023-05-10 13:44:29,RM311P3000,RM311P3000,223.0,0.0,0.0,0.0,1,97.0,0.0,0,223.0,0.0,0.0,0.0,0.0,0.0,24
2023-05-10 13:44:29,RM311P3000,RM311P3000,223.0,0.0,0.0,0.0,1,96.5,0.0,0,223.0,0.0,0.0,0.0,0.0,0.0,24
2023-05-10 13:44:30,RM311P3000,RM311P3000,223.0,0.0,0.0,0.0,1,97.0,0.0,0,223.0,0.0,0.0,0.0,0.0,0.0,24
2023-05-10 13:44:30,RM311P3000,RM311P3000,223.0,0.0,0.0,0.0,1,96.5,0.0,0,223.0,0.0,0.0,0.0,0.0,0.0,24
2023-05-10 13:44:31,RM311P3000,RM311P3000,223.0,0.0,0.0,0.0,1,97.0,0.0,0,223.0,0.0,0.0,0.0,0.0,0.0,24
2023-05-10 13:44:31,RM311P3000,RM311P3000,223.0,0.0,0.0,0.0,1,96.5,0.0,0,223.0,0.0,0.0,0.0,0.0,0.0,24
2023-05-10 13:44:32,RM311P3000,RM311P3000,223.0,0.0,0.0,0.0,1,97.0,0.0,0,223.0,0.0,0.0,0.0,0.0,0.0,24
2023-05-10 13:44:32,RM311P3000,RM311P3000,223.0,0.0,0.0,0.0,1,96.5,0.0,0,223.0,0.0,0.0,0.0,0.0,0.0,24
2023-05-10 13:44:33,RM311P3000,RM311P3000,223.0,0.0,0.0,0.0,1,97.0,0.0,0,223.0,0.0,0.0,0.0,0.0,0.0,24
2023-05-10 13:44:33,RM311P3000,RM311P3000,223.0,0.0,0.0,0.0,1,96.5,0.0,0,223.0,0.0,0.0,0.0,0.0,0.0,24
2023-05-10 13:44:34,RM311P3000,RM311P3000,223.0,0.0,0.0,0.0,1,97.0,0.0,0,223.0,0.0,0.0,0.0,0.0,0.0,24
2023-05-10 13:44:34,RM311P3000,RM311P3000,223.0,0.0,0.0,0.0,1,96.5,0.0,0,223.0,0.0,0.0,0.0,0.0,0.0,24
2023-05-10 13:44:35,RM311P3000,RM311P3000,223.0,0.0,0.0,0.0,1,97.0,0.0,0,223.0,0.0,0.0,0.0,0.0,0.0,24
2023-05-10 13:44:35,RM311P3000,RM311P3000,223.0,0.0,0.0,0.0,1,96.5,0.0,0,223.0,0.0,0.0,0.0,0.0,0.0,24
2023-05-10 13:44:36,RM311P3000,RM311P3000,223.0,0.0,0.0,0.0,1,97.0,0.0,0,223.0,0.0,0.0,0.0,0.0,0.0,24
2023-05-10 13:44:36,RM311P3000,RM311P3000,223.0,0.0,0.0,0.0,1,96.5,0.0,0,223.0,0.0,0.0,0.0,0.0,0.0,24
2023-05-10 13:44:37,RM311P3000,RM311P3000,223.0,0.0,0.0,0.0,1,97.0,0.0,0,223.0,0.0,0.0,0.0,0.0,0.0,24
2023-05-10 13:44:37,RM311P3000,RM311P3000,223.0,0.0,0.0,0.0,1,96.5,0.0,0,223.0,0.0,0.0,0.0,0.0,0.0,24
2023-05-10 13:44:38,RM311P3000,RM311P3000,223.0,0.0,0.0,0.0,1,97.0,0.0,0,223.0,0.0,0.0,0.0,0.0,0.0,24
2023-05-10 13:44:38,RM311P3000,RM311P3000,223.0,0.0,0.0,0.0,1,96.5,0.0,0,223.0,0.0,0.0,0.0,0.0,0.0,24
2023-05-10 13:44:39,RM311P3000,RM311P3000,223.0,0.0,0.0,0.0,1,97.0,0.0,0,223.0,0.0,0.0,0.0,0.0,0.0,24
2023-05-10 13:44:39,RM311P3000,RM311P3000,223.0,0.0,0.0,0.0,1,96.5,0.0,0,223.0,0.0,0.0,0.0,0.0,0.0,24
2023-05-10 13:44:40,RM311P3000,RM311P3000,223.0,0.0,0.0,0.0,1,97.0,0.0,0,223.0,0.0,0.0,0.0,0.0,0.0,24
2023-05-10 13:44:40,RM311P3000,RM311P3000,223.0,0.0,0.0,0.0,1,96.5,0.0,0,223.0,0.0,0.0,0.0,0.0,0.0,24
2023-05-10 13:44:41,RM311P3000,RM311P3000,223.0,0.0,0.0,0.0,1,97.0,0.0,0,223.0,0.0,0.0,0.0,0.0,0.0,24
2023-05-10 13:44:41,RM311P3000,RM311P3000,223.0,0.0,0.0,0.0,1,96.5,0.0,0,223.0,0.0,0.0,0.0,0.0,0.0,24
2023-05-10 13:44:42,RM311P3000,RM311P3000,223.0,0.0,0.0,0.0,1,97.0,0.0,0,223.0,0.0,0.0,0.0,0.0,0.0,24
2023-05-10 13:44:42,RM311P3000,RM311P3000,223.0,0.0,0.0,0.0,1,96.5,0.0,0,223.0,0.0,0.0,0.0,0.0,0.0,24
2023-05-10 13:44:43,RM311P3000,RM311P3000,223.0,0.0,0.0,0.0,1,97.0,0.0,0,223.0,0.0,0.0,0.0,0.0,0.0,24
2023-05-10 13:44:43,RM311P3000,RM311P3000,223.0,0.0,0.0,0.0,1,96.5,0.0,0,223.0,0.0,0.0,0.0,0.0,0.0,24
2023-05-10 13:44:44,RM311P3000,RM311P3000,223.0,0.0,0.0,0.0,1,97.0,0.0,0,223.0,0.0,0.0,0.0,0.0,0.0,24
2023-05-10 13:44:44,RM311P3000,RM311P3000,223.0,0.0,0.0,0.0,1,96.5,0.0,0,223.0,0.0,0.0,0.0,0.0,0.0,24
2023-05-10 13:44:45,RM311P3000,RM311P3000,223.0,0.0,0.0,0.0,1,97.0,0.0,0,223.0,0.0,0.0,0.0,0.0,0.0,24
2023-05-10 13:44:45,RM311P3000,RM311P3000,223.0,0.0,0.0,0.0,1,96.5,0.0,0,223.0,0.0,0.0,0.0,0.0,0.0,24
2023-05-10 13:44:46,RM311P3000,RM311P3000,223.0,0.0,0.0,0.0,1,97.0,0.0,0,223.0,0.0,0.0,0.0,0.0,0.0,24
2023-05-10 13:44:46,RM311P3000,RM311P3000,223.0,0.0,0.0,0.0,1,96.5,0.0,0,223.0,0.0,0.0,0.0,0.0,0.0,24
2023-05-10 13:44:47,RM311P3000,RM311P3000,223.0,0.0,0.0,0.0,1,97.0,0.0,0,223.0,0.0,0.0,0.0,0.0,0.0,24
2023-05-10 13:44:47,RM311P3000,RM311P3000,223.0,0.0,0.0,0.0,1,96.5,0.0,0,223.0,0.0,0.0,0.0,0.0,0.0,24
2023-05-10 13:44:48,RM311P3000,RM311P3000,223.0,0.0,0.0,0.0,1,97.0,0.0,0,223.0,0.0,0.0,0.0,0.0,0.0,24
2023-05-10 13:44:48,RM311P3000,RM311P3000,223.0,0.0,0.0,0.0,1,96.5,0.0,0,223.0,0.0,0.0,0.0,0.0,0.0,24
2023-05-10 13:44:49,RM311P3000,RM311P3000,223.0,0.0,0.0,0.0,1,97.0,0.0,0,223.0,0.0,0.0,0.0,0.0,0.0,24
2023-05-10 13:44:49,RM311P3000,RM311P3000,223.0,0.0,0.0,0.0,1,96.5,0.0,0,223.0,0.0,0.0,0.0,0.0,0.0,24
2023-05-10 13:44:50,RM311P3000,RM311P3000,223.0,0.0,0.0,0.0,1,97.0,0.0,0,223.0,0.0,0.0,0.0,0.0,0.0,24
2023-05-10 13:44:50,RM311P3000,RM311P3000,223.0,0.0,0.0,0.0,1,96.5,0.0,0,223.0,0.0,0.0,0.0,0.0,0.0,24
2023-05-10 13:44:51,RM311P3000,RM311P3000,223.0,0.0,0.0,0.0,1,97.0,0.0,0,223.0,0.0,0.0,0.0,0.0,0.0,24
2023-05-10 13:44:51,RM311P3000,RM311P3000,223.0,0.0,0.0,0.0,1,96.5,0.0,0,223.0,0.0,0.0,0.0,0.0,0.0,24
2023-05-10 13:44:52,RM311P3000,RM311P3000,223.0,0.0,0.0,0.0,1,97.0,0.0,0,223.0,0.0,0.0,0.0,0.0,0.0,24
2023-05-10 13:44:53,RM311P3000,RM311P3000,223.0,0.0,0.0,0.0,1,96.5,0.0,0,223.0,0.0,0.0,0.0,0.0,0.0,24
2023-05-10 13:44:53,RM311P3000,RM311P3000,223.0,0.0,0.0,0.0,1,97.0,0.0,0,223.0,0.0,0.0,0.0,0.0,0.0,24
2023-05-10 13:44:54,RM311P3000,RM311P3000,223.0,0.0,0.0,0.0,1,96.5,0.0,0,223.0,0.0,0.0,0.0,0.0,0.0,24
2023-05-10 13:44:54,RM311P3000,RM311P3000,223.0,0.0,0.0,0.0,1,97.0,0.0,0,223.0,0.0,0.0,0.0,0.0,0.0,24
2023-05-10 13:44:55,RM311P3000,RM311P3000,223.0,0.0,0.0,0.0,1,96.5,0.0,0,223.0,0.0,0.0,0.0,0.0,0.0,24
2023-05-10 13:44:55,RM311P3000,RM311P3000,223.0,0.0,0.0,0.0,1,97.0,0.0,0,223.0,0.0,0.0,0.0,0.0,0.0,24
2023-05-10 13:44:56,RM311P3000,RM311P3000,223.0,0.0,0.0,0.0,1,96.5,0.0,0,223.0,0.0,0.0,0.0,0.0,0.0,24
2023-05-10 13:44:56,RM311P3000,RM311P3000,223.0,0.0,0.0,0.0,1,97.0,0.0,0,223.0,0.0,0.0,0.0,0.0,0.0,24
2023-05-10 13:44:57,RM311P3000,RM311P3000,223.0,0.0,0.0,0.0,1,96.5,0.0,0,223.0,0.0,0.0,0.0,0.0,0.0,24
2023-05-10 13:44:57,RM311P3000,RM311P3000,223.0,0.0,0.0,0.0,1,97.0,0.0,0,223.0,0.0,0.0,0.0,0.0,0.0,24
2023-05-10 13:44:58,RM311P3000,RM311P3000,223.0,0.0,0.0,0.0,1,96.5,0.0,0,223.0,0.0,0.0,0.0,0.0,0.0,24
2023-05-10 13:44:58,RM311P3000,RM311P3000,223.0,0.0,0.0,0.0,1,97.0,0.0,0,223.0,0.0,0.0,0.0,0.0,0.0,24
2023-05-10 13:44:59,RM311P3000,RM311P3000,223.0,0.0,0.0,0.0,1,96.5,0.0,0,223.0,0.0,0.0,0.0,0.0,0.0,24
2023-05-10 13:44:59,RM311P3000,RM311P3000,223.0,0.0,0.0,0.0,1,97.0,0.0,0,223.0,0.0,0.0,0.0,0.0,0.0,24
2023-05-10 13:45:00,RM311P3000,RM311P3000,223.0,0.0,0.0,0.0,1,96.5,0.0,0,223.0,0.0,0.0,0.0,0.0,0.0,24
2023-05-10 13:45:00,RM311P3000,RM311P3000,223.0,0.0,0.0,0.0,1,97.0,0.0,0,223.0,0.0,0.0,0.0,0.0,0.0,24
2023-05-10 13:45:01,RM311P3000,RM311P3000,223.0,0.0,0.0,0.0,1,96.5,0.0,0,223.0,0.0,0.0,0.0,0.0,0.0,24
2023-05-10 13:45:01,RM311P3000,RM311P3000,223.0,0.0,0.0,0.0,1,97.0,0.0,0,223.0,0.0,0.0,0.0,0.0,0.0,24
2023-05-10 13:45:02,RM311P3000,RM311P3000,223.0,0.0,0.0,0.0,1,96.5,0.0,0,223.0,0.0,0.0,0.0,0.0,0.0,24
2023-05-10 13:45:02,RM311P3000,RM311P3000,223.0,0.0,0.0,0.0,1,97.0,0.0,0,223.0,0.0,0.0,0.0,0.0,0.0,24
2023-05-10 13:45:03,RM311P3000,RM311P3000,223.0,0.0,0.0,0.0,1,96.5,0.0,0,223.0,0.0,0.0,0.0,0.0,0.0,24
2023-05-10 13:45:03,RM311P3000,RM311P3000,223.0,0.0,0.0,0.0,1,97.0,0.0,0,223.0,0.0,0.0,0.0,0.0,0.0,24
2023-05-10 13:45:04,RM311P3000,RM311P3000,223.0,0.0,0.0,0.0,1,96.5,0.0,0,223.0,0.0,0.0,0.0,0.0,0.0,24
2023-05-10 13:45:04,RM311P3000,RM311P3000,223.0,0.0,0.0,0.0,1,97.0,0.0,0,223.0,0.0,0.0,0.0,0.0,0.0,24
2023-05-10 13:45:05,RM311P3000,RM311P3000,223.0,0.0,0.0,0.0,1,96.5,0.0,0,223.0,0.0,0.0,0.0,0.0,0.0,24
2023-05-10 13:45:05,RM311P3000,RM311P3000,223.0,0.0,0.0,0.0,1,97.0,0.0,0,223.0,0.0,0.0,0.0,0.0,0.0,24
2023-05-10 13:45:06,RM311P3000,RM311P3000,223.0,0.0,0.0,0.0,1,96.5,0.0,0,223.0,0.0,0.0,0.0,0.0,0.0,24
2023-05-10 13:45:06,RM311P3000,RM311P3000,223.0,0.0,0.0,0.0,1,97.0,0.0,0,223.0,0.0,0.0,0.0,0.0,0.0,24
2023-05-10 13:45:07,RM311P3000,RM311P3000,223.0,0.0,0.0,0.0,1,96.5,0.0,0,223.0,0.0,0.0,0.0,0.0,0.0,24
2023-05-10 13:45:07,RM311P3000,RM311P3000,223.0,0.0,0.0,0.0,1,97.0,0.0,0,223.0,0.0,0.0,0.0,0.0,0.0,24
2023-05-10 13:45:08,RM311P3000,RM311P3000,223.0,0.0,0.0,0.0,1,96.5,0.0,0,223.0,0.0,0.0,0.0,0.0,0.0,24
2023-05-10 13:45:08,RM311P3000,RM311P3000,223.0,0.0,0.0,0.0,1,97.0,0.0,0,223.0,0.0,0.0,0.0,0.0,0.0,24
2023-05-10 13:45:09,RM311P3000,RM311P3000,223.0,0.0,0.0,0.0,1,96.5,0.0,0,223.0,0.0,0.0,0.0,0.0,0.0,24
2023-05-10 13:45:09,RM311P3000,RM311P3000,223.0,0.0,0.0,0.0,1,97.0,0.0,0,223.0,0.0,0.0,0.0,0.0,0.0,24
2023-05-10 13:45:10,RM311P3000,RM311P3000,223.0,0.0,0.0,0.0,1,96.5,0.0,0,223.0,0.0,0.0,0.0,0.0,0.0,24
2023-05-10 13:45:10,RM311P3000,RM311P3000,223.0,0.0,0.0,0.0,1,97.0,0.0,0,223.0,0.0,0.0,0.0,0.0,0.0,24
2023-05-10 13:45:11,RM311P3000,RM311P3000,223.0,0.0,0.0,0.0,1,96.5,0.0,0,223.0,0.0,0.0,0.0,0.0,0.0,24
2023-05-10 13:45:11,RM311P3000,RM311P3000,223.0,0.0,0.0,0.0,1,97.0,0.0,0,223.0,0.0,0.0,0.0,0.0,0.0,24
2023-05-10 13:45:12,RM311P3000,RM311P3000,223.0,0.0,0.0,0.0,1,96.5,0.0,0,223.0,0.0,0.0,0.0,0.0,0.0,24
2023-05-10 13:45:12,RM311P3000,RM311P3000,223.0,0.0,0.0,0.0,1,97.0,0.0,0,223.0,0.0,0.0,0.0,0.0,0.0,24
2023-05-10 13:45:13,RM311P3000,RM311P3000,223.0,0.0,0.0,0.0,1,96.5,0.0,0,223.0,0.0,0.0,0.0,0.0,0.0,24
2023-05-10 13:45:13,RM311P3000,RM311P3000,223.0,0.0,0.0,0.0,1,97.0,0.0,0,223.0,0.0,0.0,0.0,0.0,0.0,24
2023-05-10 13:45:14,RM311P3000,RM311P3000,223.0,0.0,0.0,0.0,1,96.5,0.0,0,223.0,0.0,0.0,0.0,0.0,0.0,24
2023-05-10 13:45:14,RM311P3000,RM311P3000,223.0,0.0,0.0,0.0,1,97.0,0.0,0,223.0,0.0,0.0,0.0,0.0,0.0,24
2023-05-10 13:45:15,RM311P3000,RM311P3000,223.0,0.0,0.0,0.0,1,96.5,0.0,0,223.0,0.0,0.0,0.0,0.0,0.0,24
2023-05-10 13:45:15,RM311P3000,RM311P3000,223.0,0.0,0.0,0.0,1,97.0,0.0,0,223.0,0.0,0.0,0.0,0.0,0.0,24
2023-05-10 13:45:16,RM311P3000,RM311P3000,223.0,0.0,0.0,0.0,1,96.5,0.0,0,223.0,0.0,0.0,0.0,0.0,0.0,24
2023-05-10 13:45:17,RM311P3000,RM311P3000,223.0,0.0,0.0,0.0,1,97.0,0.0,0,223.0,0.0,0.0,0.0,0.0,0.0,24
2023-05-10 13:45:17,RM311P3000,RM311P3000,223.0,0.0,0.0,0.0,1,96.5,0.0,0,223.0,0.0,0.0,0.0,0.0,0.0,24
2023-05-10 13:45:18,RM311P3000,RM311P3000,223.0,0.0,0.0,0.0,1,97.0,0.0,0,223.0,0.0,0.0,0.0,0.0,0.0,24
2023-05-10 13:45:19,RM311P3000,RM311P3000,223.0,0.0,0.0,0.0,1,96.5,0.0,0,223.0,0.0,0.0,0.0,0.0,0.0,24
2023-05-10 13:45:19,RM311P3000,RM311P3000,223.0,0.0,0.0,0.0,1,97.0,0.0,0,223.0,0.0,0.0,0.0,0.0,0.0,24
2023-05-10 13:45:19,RM311P3000,RM311P3000,223.0,0.0,0.0,0.0,1,96.5,0.0,0,223.0,0.0,0.0,0.0,0.0,0.0,24
2023-05-10 13:45:20,RM311P3000,RM311P3000,223.0,0.0,0.0,0.0,1,97.0,0.0,0,223.0,0.0,0.0,0.0,0.0,0.0,24
2023-05-10 13:45:20,RM311P3000,RM311P3000,223.0,0.0,0.0,0.0,1,96.5,0.0,0,223.0,0.0,0.0,0.0,0.0,0.0,24
2023-05-10 13:45:21,RM311P3000,RM311P3000,223.0,0.0,0.0,0.0,1,97.0,0.0,0,223.0,0.0,0.0,0.0,0.0,0.0,24
2023-05-10 13:45:21,RM311P3000,RM311P3000,223.0,0.0,0.0,0.0,1,96.5,0.0,0,223.0,0.0,0.0,0.0,0.0,0.0,24
2023-05-10 13:45:22,RM311P3000,RM311P3000,223.0,0.0,0.0,0.0,1,97.0,0.0,0,223.0,0.0,0.0,0.0,0.0,0.0,24
2023-05-10 13:45:22,RM311P3000,RM311P3000,223.0,0.0,0.0,0.0,1,96.5,0.0,0,223.0,0.0,0.0,0.0,0.0,0.0,24
2023-05-10 13:45:23,RM311P3000,RM311P3000,223.0,0.0,0.0,0.0,1,97.0,0.0,0,223.0,0.0,0.0,0.0,0.0,0.0,24
2023-05-10 13:45:24,RM311P3000,RM311P3000,223.0,0.0,0.0,0.0,1,96.5,0.0,0,223.0,0.0,0.0,0.0,0.0,0.0,24
2023-05-10 13:45:24,RM311P3000,RM311P3000,223.0,0.0,0.0,0.0,1,97.0,0.0,0,223.0,0.0,0.0,0.0,0.0,0.0,24
2023-05-10 13:45:24,RM311P3000,RM311P3000,223.0,0.0,0.0,0.0,1,96.5,0.0,0,223.0,0.0,0.0,0.0,0.0,0.0,24
2023-05-10 13:45:25,RM311P3000,RM311P3000,223.0,0.0,0.0,0.0,1,97.0,0.0,0,223.0,0.0,0.0,0.0,0.0,0.0,24
2023-05-10 13:45:26,RM311P3000,RM311P3000,223.0,0.0,0.0,0.0,1,96.5,0.0,0,223.0,0.0,0.0,0.0,0.0,0.0,24
2023-05-10 13:45:26,RM311P3000,RM311P3000,223.0,0.0,0.0,0.0,1,97.0,0.0,0,223.0,0.0,0.0,0.0,0.0,0.0,24
2023-05-10 13:45:26,RM311P3000,RM311P3000,223.0,0.0,0.0,0.0,1,96.5,0.0,0,223.0,0.0,0.0,0.0,0.0,0.0,24
2023-05-10 13:45:27,RM311P3000,RM311P3000,223.0,0.0,0.0,0.0,1,97.0,0.0,0,223.0,0.0,0.0,0.0,0.0,0.0,24
2023-05-10 13:45:28,RM311P3000,RM311P3000,223.0,0.0,0.0,0.0,1,96.5,0.0,0,223.0,0.0,0.0,0.0,0.0,0.0,24
2023-05-10 13:45:28,RM311P3000,RM311P3000,223.0,0.0,0.0,0.0,1,97.0,0.0,0,223.0,0.0,0.0,0.0,0.0,0.0,24
2023-05-10 13:45:28,RM311P3000,RM311P3000,223.0,0.0,0.0,0.0,1,96.5,0.0,0,223.0,0.0,0.0,0.0,0.0,0.0,24
2023-05-10 13:45:29,RM311P3000,RM311P3000,223.0,0.0,0.0,0.0,1,97.0,0.0,0,223.0,0.0,0.0,0.0,0.0,0.0,24
2023-05-10 13:45:30,RM311P3000,RM311P3000,223.0,0.0,0.0,0.0,1,96.5,0.0,0,223.0,0.0,0.0,0.0,0.0,0.0,24
2023-05-10 13:45:30,RM311P3000,RM311P3000,223.0,0.0,0.0,0.0,1,97.0,0.0,0,223.0,0.0,0.0,0.0,0.0,0.0,24
2023-05-10 13:45:31,RM311P3000,RM311P3000,223.0,0.0,0.0,0.0,1,96.5,0.0,0,223.0,0.0,0.0,0.0,0.0,0.0,24
2023-05-10 13:45:31,RM311P3000,RM311P3000,223.0,0.0,0.0,0.0,1,97.0,0.0,0,223.0,0.0,0.0,0.0,0.0,0.0,24
2023-05-10 13:45:31,RM311P3000,RM311P3000,223.0,0.0,0.0,0.0,1,96.5,0.0,0,223.0,0.0,0.0,0.0,0.0,0.0,24
2023-05-10 13:45:32,RM311P3000,RM311P3000,223.0,0.0,0.0,0.0,1,97.0,0.0,0,223.0,0.0,0.0,0.0,0.0,0.0,24
2023-05-10 13:45:32,RM311P3000,RM311P3000,223.0,0.0,0.0,0.0,1,96.5,0.0,0,223.0,0.0,0.0,0.0,0.0,0.0,24
2023-05-10 13:45:33,RM311P3000,RM311P3000,223.0,0.0,0.0,0.0,1,97.0,0.0,0,223.0,0.0,0.0,0.0,0.0,0.0,24
2023-05-10 13:45:34,RM311P3000,RM311P3000,223.0,0.0,0.0,0.0,1,96.5,0.0,0,223.0,0.0,0.0,0.0,0.0,0.0,24
2023-05-10 13:45:34,RM311P3000,RM311P3000,223.0,0.0,0.0,0.0,1,97.0,0.0,0,223.0,0.0,0.0,0.0,0.0,0.0,24
2023-05-10 13:45:34,RM311P3000,RM311P3000,223.0,0.0,0.0,0.0,1,96.5,0.0,0,223.0,0.0,0.0,0.0,0.0,0.0,24
2023-05-10 13:45:35,RM311P3000,RM311P3000,223.0,0.0,0.0,0.0,1,97.0,0.0,0,223.0,0.0,0.0,0.0,0.0,0.0,24
2023-05-10 13:45:35,RM311P3000,RM311P3000,223.0,0.0,0.0,0.0,1,96.5,0.0,0,223.0,0.0,0.0,0.0,0.0,0.0,24
2023-05-10 13:45:36,RM311P3000,RM311P3000,223.0,0.0,0.0,0.0,1,97.0,0.0,0,223.0,0.0,0.0,0.0,0.0,0.0,24
2023-05-10 13:45:36,RM311P3000,RM311P3000,223.0,0.0,0.0,0.0,1,96.5,0.0,0,223.0,0.0,0.0,0.0,0.0,0.0,24
2023-05-10 13:45:37,RM311P3000,RM311P3000,223.0,0.0,0.0,0.0,1,97.0,0.0,0,223.0,0.0,0.0,0.0,0.0,0.0,24
2023-05-10 13:45:37,RM311P3000,RM311P3000,223.0,0.0,0.0,0.0,1,96.5,0.0,0,223.0,0.0,0.0,0.0,0.0,0.0,24
2023-05-10 13:45:38,RM311P3000,RM311P3000,223.0,0.0,0.0,0.0,1,97.0,0.0,0,223.0,0.0,0.0,0.0,0.0,0.0,24
2023-05-10 13:45:39,RM311P3000,RM311P3000,223.0,0.0,0.0,0.0,1,96.5,0.0,0,223.0,0.0,0.0,0.0,0.0,0.0,24
2023-05-10 13:45:39,RM311P3000,RM311P3000,223.0,0.0,0.0,0.0,1,97.0,0.0,0,223.0,0.0,0.0,0.0,0.0,0.0,24
2023-05-10 13:45:39,RM311P3000,RM311P3000,223.0,0.0,0.0,0.0,1,96.5,0.0,0,223.0,0.0,0.0,0.0,0.0,0.0,24
2023-05-10 13:45:40,RM311P3000,RM311P3000,223.0,0.0,0.0,0.0,1,97.0,0.0,0,223.0,0.0,0.0,0.0,0.0,0.0,24
2023-05-10 13:45:40,RM311P3000,RM311P3000,223.0,0.0,0.0,0.0,1,96.5,0.0,0,223.0,0.0,0.0,0.0,0.0,0.0,24
2023-05-10 13:45:41,RM311P3000,RM311P3000,223.0,0.0,0.0,0.0,1,97.0,0.0,0,223.0,0.0,0.0,0.0,0.0,0.0,24
2023-05-10 13:45:41,RM311P3000,RM311P3000,223.0,0.0,0.0,0.0,1,96.5,0.0,0,223.0,0.0,0.0,0.0,0.0,0.0,24
2023-05-10 13:45:42,RM311P3000,RM311P3000,223.0,0.0,0.0,0.0,1,97.0,0.0,0,223.0,0.0,0.0,0.0,0.0,0.0,24
2023-05-10 13:45:42,RM311P3000,RM311P3000,223.0,0.0,0.0,0.0,1,96.5,0.0,0,223.0,0.0,0.0,0.0,0.0,0.0,24
2023-05-10 13:45:43,RM311P3000,RM311P3000,223.0,0.0,0.0,0.0,1,97.0,0.0,0,223.0,0.0,0.0,0.0,0.0,0.0,24
2023-05-10 13:45:43,RM311P3000,RM311P3000,223.0,0.0,0.0,0.0,1,96.5,0.0,0,223.0,0.0,0.0,0.0,0.0,0.0,24
2023-05-10 13:45:44,RM311P3000,RM311P3000,223.0,0.0,0.0,0.0,1,97.0,0.0,0,223.0,0.0,0.0,0.0,0.0,0.0,24
2023-05-10 13:45:44,RM311P3000,RM311P3000,223.0,0.0,0.0,0.0,1,96.5,0.0,0,223.0,0.0,0.0,0.0,0.0,0.0,24
2023-05-10 13:45:45,RM311P3000,RM311P3000,223.0,0.0,0.0,0.0,1,97.0,0.0,0,223.0,0.0,0.0,0.0,0.0,0.0,24
2023-05-10 13:45:45,RM311P3000,RM311P3000,223.0,0.0,0.0,0.0,1,96.5,0.0,0,223.0,0.0,0.0,0.0,0.0,0.0,24
2023-05-10 13:45:46,RM311P3000,RM311P3000,223.0,0.0,0.0,0.0,1,97.0,0.0,0,223.0,0.0,0.0,0.0,0.0,0.0,24
2023-05-10 13:45:46,RM311P3000,RM311P3000,223.0,0.0,0.0,0.0,1,96.5,0.0,0,223.0,0.0,0.0,0.0,0.0,0.0,24
2023-05-10 13:45:47,RM311P3000,RM311P3000,223.0,0.0,0.0,0.0,1,97.0,0.0,0,223.0,0.0,0.0,0.0,0.0,0.0,24
2023-05-10 13:45:47,RM311P3000,RM311P3000,223.0,0.0,0.0,0.0,1,96.5,0.0,0,223.0,0.0,0.0,0.0,0.0,0.0,24
2023-05-10 13:45:48,RM311P3000,RM311P3000,223.0,0.0,0.0,0.0,1,97.0,0.0,0,223.0,0.0,0.0,0.0,0.0,0.0,24
2023-05-10 13:45:48,RM311P3000,RM311P3000,223.0,0.0,0.0,0.0,1,96.5,0.0,0,223.0,0.0,0.0,0.0,0.0,0.0,24
2023-05-10 13:45:49,RM311P3000,RM311P3000,223.0,0.0,0.0,0.0,1,97.0,0.0,0,223.0,0.0,0.0,0.0,0.0,0.0,24
2023-05-10 13:45:49,RM311P3000,RM311P3000,223.0,0.0,0.0,0.0,1,96.5,0.0,0,223.0,0.0,0.0,0.0,0.0,0.0,24
2023-05-10 13:45:50,RM311P3000,RM311P3000,223.0,0.0,0.0,0.0,1,97.0,0.0,0,223.0,0.0,0.0,0.0,0.0,0.0,24
2023-05-10 13:45:50,RM311P3000,RM311P3000,223.0,0.0,0.0,0.0,1,96.5,0.0,0,223.0,0.0,0.0,0.0,0.0,0.0,24
2023-05-10 13:45:51,RM311P3000,RM311P3000,223.0,0.0,0.0,0.0,1,97.0,0.0,0,223.0,0.0,0.0,0.0,0.0,0.0,24
2023-05-10 13:45:51,RM311P3000,RM311P3000,223.0,0.0,0.0,0.0,1,96.5,0.0,0,223.0,0.0,0.0,0.0,0.0,0.0,24
2023-05-10 13:45:52,RM311P3000,RM311P3000,223.0,0.0,0.0,0.0,1,97.0,0.0,0,223.0,0.0,0.0,0.0,0.0,0.0,24
2023-05-10 13:45:52,RM311P3000,RM311P3000,223.0,0.0,0.0,0.0,1,96.5,0.0,0,223.0,0.0,0.0,0.0,0.0,0.0,24
2023-05-10 13:45:53,RM311P3000,RM311P3000,223.0,0.0,0.0,0.0,1,97.0,0.0,0,223.0,0.0,0.0,0.0,0.0,0.0,24
2023-05-10 13:45:53,RM311P3000,RM311P3000,223.0,0.0,0.0,0.0,1,96.5,0.0,0,223.0,0.0,0.0,0.0,0.0,0.0,24
2023-05-10 13:45:54,RM311P3000,RM311P3000,223.0,0.0,0.0,0.0,1,97.0,0.0,0,223.0,0.0,0.0,0.0,0.0,0.0,24
2023-05-10 13:45:54,RM311P3000,RM311P3000,223.0,0.0,0.0,0.0,1,96.5,0.0,0,223.0,0.0,0.0,0.0,0.0,0.0,24
2023-05-10 13:45:55,RM311P3000,RM311P3000,223.0,0.0,0.0,0.0,1,97.0,0.0,0,223.0,0.0,0.0,0.0,0.0,0.0,24
2023-05-10 13:45:55,RM311P3000,RM311P3000,223.0,0.0,0.0,0.0,1,96.5,0.0,0,223.0,0.0,0.0,0.0,0.0,0.0,24
2023-05-10 13:45:56,RM311P3000,RM311P3000,223.0,0.0,0.0,0.0,1,97.0,0.0,0,223.0,0.0,0.0,0.0,0.0,0.0,24
2023-05-10 13:45:56,RM311P3000,RM311P3000,223.0,0.0,0.0,0.0,1,96.5,0.0,0,223.0,0.0,0.0,0.0,0.0,0.0,24
2023-05-10 13:45:57,RM311P3000,RM311P3000,223.0,0.0,0.0,0.0,1,97.0,0.0,0,223.0,0.0,0.0,0.0,0.0,0.0,24
2023-05-10 13:45:57,RM311P3000,RM311P3000,223.0,0.0,0.0,0.0,1,96.5,0.0,0,223.0,0.0,0.0,0.0,0.0,0.0,24
2023-05-10 13:45:58,RM311P3000,RM311P3000,223.0,0.0,0.0,0.0,1,97.0,0.0,0,223.0,0.0,0.0,0.0,0.0,0.0,24
2023-05-10 13:45:58,RM311P3000,RM311P3000,223.0,0.0,0.0,0.0,1,96.5,0.0,0,223.0,0.0,0.0,0.0,0.0,0.0,24
2023-05-10 13:45:59,RM311P3000,RM311P3000,223.0,0.0,0.0,0.0,1,97.0,0.0,0,223.0,0.0,0.0,0.0,0.0,0.0,24
2023-05-10 13:45:59,RM311P3000,RM311P3000,223.0,0.0,0.0,0.0,1,96.5,0.0,0,223.0,0.0,0.0,0.0,0.0,0.0,24
2023-05-10 13:46:00,RM311P3000,RM311P3000,223.0,0.0,0.0,0.0,1,97.0,0.0,0,223.0,0.0,0.0,0.0,0.0,0.0,24
2023-05-10 13:46:00,RM311P3000,RM311P3000,223.0,0.0,0.0,0.0,1,96.5,0.0,0,223.0,0.0,0.0,0.0,0.0,0.0,24
2023-05-10 13:46:01,RM311P3000,RM311P3000,223.0,0.0,0.0,0.0,1,97.0,0.0,0,223.0,0.0,0.0,0.0,0.0,0.0,24
2023-05-10 13:46:01,RM311P3000,RM311P3000,223.0,0.0,0.0,0.0,1,96.5,0.0,0,223.0,0.0,0.0,0.0,0.0,0.0,24
2023-05-10 13:46:02,RM311P3000,RM311P3000,223.0,0.0,0.0,0.0,1,97.0,0.0,0,223.0,0.0,0.0,0.0,0.0,0.0,24
2023-05-10 13:46:02,RM311P3000,RM311P3000,223.0,0.0,0.0,0.0,1,96.5,0.0,0,223.0,0.0,0.0,0.0,0.0,0.0,24
2023-05-10 13:46:03,RM311P3000,RM311P3000,223.0,0.0,0.0,0.0,1,97.0,0.0,0,223.0,0.0,0.0,0.0,0.0,0.0,24
2023-05-10 13:46:03,RM311P3000,RM311P3000,223.0,0.0,0.0,0.0,1,96.5,0.0,0,223.0,0.0,0.0,0.0,0.0,0.0,24
2023-05-10 13:46:04,RM311P3000,RM311P3000,223.0,0.0,0.0,0.0,1,97.0,0.0,0,223.0,0.0,0.0,0.0,0.0,0.0,24
2023-05-10 13:46:04,RM311P3000,RM311P3000,223.0,0.0,0.0,0.0,1,96.5,0.0,0,223.0,0.0,0.0,0.0,0.0,0.0,24
2023-05-10 13:46:05,RM311P3000,RM311P3000,223.0,0.0,0.0,0.0,1,97.0,0.0,0,223.0,0.0,0.0,0.0,0.0,0.0,24
2023-05-10 13:46:05,RM311P3000,RM311P3000,223.0,0.0,0.0,0.0,1,96.5,0.0,0,223.0,0.0,0.0,0.0,0.0,0.0,24
2023-05-10 13:46:06,RM311P3000,RM311P3000,223.0,0.0,0.0,0.0,1,97.0,0.0,0,223.0,0.0,0.0,0.0,0.0,0.0,24
2023-05-10 13:46:06,RM311P3000,RM311P3000,223.0,0.0,0.0,0.0,1,96.5,0.0,0,223.0,0.0,0.0,0.0,0.0,0.0,24
2023-05-10 13:46:07,RM311P3000,RM311P3000,223.0,0.0,0.0,0.0,1,97.0,0.0,0,223.0,0.0,0.0,0.0,0.0,0.0,24
2023-05-10 13:46:07,RM311P3000,RM311P3000,223.0,0.0,0.0,0.0,1,96.5,0.0,0,223.0,0.0,0.0,0.0,0.0,0.0,24
2023-05-10 13:46:08,RM311P3000,RM311P3000,223.0,0.0,0.0,0.0,1,97.0,0.0,0,223.0,0.0,0.0,0.0,0.0,0.0,24
2023-05-10 13:46:09,RM311P3000,RM311P3000,223.0,0.0,0.0,0.0,1,96.5,0.0,0,223.0,0.0,0.0,0.0,0.0,0.0,24
2023-05-10 13:46:09,RM311P3000,RM311P3000,223.0,0.0,0.0,0.0,1,97.0,0.0,0,223.0,0.0,0.0,0.0,0.0,0.0,24
2023-05-10 13:46:09,RM311P3000,RM311P3000,223.0,0.0,0.0,0.0,1,96.5,0.0,0,223.0,0.0,0.0,0.0,0.0,0.0,24
2023-05-10 13:46:10,RM311P3000,RM311P3000,223.0,0.0,0.0,0.0,1,97.0,0.0,0,223.0,0.0,0.0,0.0,0.0,0.0,24
2023-05-10 13:46:10,RM311P3000,RM311P3000,223.0,0.0,0.0,0.0,1,96.5,0.0,0,223.0,0.0,0.0,0.0,0.0,0.0,24
2023-05-10 13:46:11,RM311P3000,RM311P3000,223.0,0.0,0.0,0.0,1,97.0,0.0,0,223.0,0.0,0.0,0.0,0.0,0.0,24
2023-05-10 13:46:11,RM311P3000,RM311P3000,223.0,0.0,0.0,0.0,1,96.5,0.0,0,223.0,0.0,0.0,0.0,0.0,0.0,24
2023-05-10 13:46:12,RM311P3000,RM311P3000,223.0,0.0,0.0,0.0,1,97.0,0.0,0,223.0,0.0,0.0,0.0,0.0,0.0,24
2023-05-10 13:46:12,RM311P3000,RM311P3000,223.0,0.0,0.0,0.0,1,96.5,0.0,0,223.0,0.0,0.0,0.0,0.0,0.0,24
2023-05-10 13:46:13,RM311P3000,RM311P3000,223.0,0.0,0.0,0.0,1,97.0,0.0,0,223.0,0.0,0.0,0.0,0.0,0.0,24
2023-05-10 13:46:14,RM311P3000,RM311P3000,223.0,0.0,0.0,0.0,1,96.5,0.0,0,223.0,0.0,0.0,0.0,0.0,0.0,24
2023-05-10 13:46:14,RM311P3000,RM311P3000,223.0,0.0,0.0,0.0,1,97.0,0.0,0,223.0,0.0,0.0,0.0,0.0,0.0,24
2023-05-10 13:46:14,RM311P3000,RM311P3000,223.0,0.0,0.0,0.0,1,96.5,0.0,0,223.0,0.0,0.0,0.0,0.0,0.0,24
2023-05-10 13:46:15,RM311P3000,RM311P3000,223.0,0.0,0.0,0.0,1,97.0,0.0,0,223.0,0.0,0.0,0.0,0.0,0.0,24
2023-05-10 13:46:15,RM311P3000,RM311P3000,223.0,0.0,0.0,0.0,1,96.5,0.0,0,223.0,0.0,0.0,0.0,0.0,0.0,24
2023-05-10 13:46:16,RM311P3000,RM311P3000,223.0,0.0,0.0,0.0,1,97.0,0.0,0,223.0,0.0,0.0,0.0,0.0,0.0,24
2023-05-10 13:46:16,RM311P3000,RM311P3000,223.0,0.0,0.0,0.0,1,96.5,0.0,0,223.0,0.0,0.0,0.0,0.0,0.0,24
2023-05-10 13:46:17,RM311P3000,RM311P3000,223.0,0.0,0.0,0.0,1,97.0,0.0,0,223.0,0.0,0.0,0.0,0.0,0.0,24
2023-05-10 13:46:18,RM311P3000,RM311P3000,223.0,0.0,0.0,0.0,1,96.5,0.0,0,223.0,0.0,0.0,0.0,0.0,0.0,24
2023-05-10 13:46:18,RM311P3000,RM311P3000,223.0,0.0,0.0,0.0,1,97.0,0.0,0,223.0,0.0,0.0,0.0,0.0,0.0,24
2023-05-10 13:46:19,RM311P3000,RM311P3000,223.0,0.0,0.0,0.0,1,96.5,0.0,0,223.0,0.0,0.0,0.0,0.0,0.0,24
2023-05-10 13:46:19,RM311P3000,RM311P3000,223.0,0.0,0.0,0.0,1,97.0,0.0,0,223.0,0.0,0.0,0.0,0.0,0.0,24
2023-05-10 13:46:20,RM311P3000,RM311P3000,223.0,0.0,0.0,0.0,1,96.5,0.0,0,223.0,0.0,0.0,0.0,0.0,0.0,24
2023-05-10 13:46:20,RM311P3000,RM311P3000,223.0,0.0,0.0,0.0,1,97.0,0.0,0,223.0,0.0,0.0,0.0,0.0,0.0,24
2023-05-10 13:46:21,RM311P3000,RM311P3000,223.0,0.0,0.0,0.0,1,96.5,0.0,0,223.0,0.0,0.0,0.0,0.0,0.0,24
2023-05-10 13:46:22,RM311P3000,RM311P3000,223.0,0.0,0.0,0.0,1,97.0,0.0,0,223.0,0.0,0.0,0.0,0.0,0.0,24
2023-05-10 13:46:22,RM311P3000,RM311P3000,223.0,0.0,0.0,0.0,1,96.5,0.0,0,223.0,0.0,0.0,0.0,0.0,0.0,24
2023-05-10 13:46:22,RM311P3000,RM311P3000,223.0,0.0,0.0,0.0,1,97.0,0.0,0,223.0,0.0,0.0,0.0,0.0,0.0,24
2023-05-10 13:46:23,RM311P3000,RM311P3000,223.0,0.0,0.0,0.0,1,96.5,0.0,0,223.0,0.0,0.0,0.0,0.0,0.0,24
2023-05-10 13:46:23,RM311P3000,RM311P3000,223.0,0.0,0.0,0.0,1,97.0,0.0,0,223.0,0.0,0.0,0.0,0.0,0.0,24
2023-05-10 13:46:24,RM311P3000,RM311P3000,223.0,0.0,0.0,0.0,1,96.5,0.0,0,223.0,0.0,0.0,0.0,0.0,0.0,24
2023-05-10 13:46:24,RM311P3000,RM311P3000,223.0,0.0,0.0,0.0,1,97.0,0.0,0,223.0,0.0,0.0,0.0,0.0,0.0,24
2023-05-10 13:46:25,RM311P3000,RM311P3000,223.0,0.0,0.0,0.0,1,96.5,0.0,0,223.0,0.0,0.0,0.0,0.0,0.0,24
2023-05-10 13:46:26,RM311P3000,RM311P3000,223.0,0.0,0.0,0.0,1,97.0,0.0,0,223.0,0.0,0.0,0.0,0.0,0.0,24
2023-05-10 13:46:26,RM311P3000,RM311P3000,223.0,0.0,0.0,0.0,1,96.5,0.0,0,223.0,0.0,0.0,0.0,0.0,0.0,24
2023-05-10 13:46:27,RM311P3000,RM311P3000,223.0,0.0,0.0,0.0,1,97.0,0.0,0,223.0,0.0,0.0,0.0,0.0,0.0,24
2023-05-10 13:46:27,RM311P3000,RM311P3000,223.0,0.0,0.0,0.0,1,96.5,0.0,0,223.0,0.0,0.0,0.0,0.0,0.0,24
2023-05-10 13:46:27,RM311P3000,RM311P3000,223.0,0.0,0.0,0.0,1,97.0,0.0,0,223.0,0.0,0.0,0.0,0.0,0.0,24
2023-05-10 13:46:28,RM311P3000,RM311P3000,223.0,0.0,0.0,0.0,1,96.5,0.0,0,223.0,0.0,0.0,0.0,0.0,0.0,24
2023-05-10 13:46:29,RM311P3000,RM311P3000,223.0,0.0,0.0,0.0,1,97.0,0.0,0,223.0,0.0,0.0,0.0,0.0,0.0,24
2023-05-10 13:46:29,RM311P3000,RM311P3000,223.0,0.0,0.0,0.0,1,96.5,0.0,0,223.0,0.0,0.0,0.0,0.0,0.0,24
2023-05-10 13:46:29,RM311P3000,RM311P3000,223.0,0.0,0.0,0.0,1,97.0,0.0,0,223.0,0.0,0.0,0.0,0.0,0.0,24
2023-05-10 13:46:30,RM311P3000,RM311P3000,223.0,0.0,0.0,0.0,1,96.5,0.0,0,223.0,0.0,0.0,0.0,0.0,0.0,24
2023-05-10 13:46:30,RM311P3000,RM311P3000,223.0,0.0,0.0,0.0,1,97.0,0.0,0,223.0,0.0,0.0,0.0,0.0,0.0,24
2023-05-10 13:46:31,RM311P3000,RM311P3000,223.0,0.0,0.0,0.0,1,96.5,0.0,0,223.0,0.0,0.0,0.0,0.0,0.0,24
2023-05-10 13:46:31,RM311P3000,RM311P3000,223.0,0.0,0.0,0.0,1,97.0,0.0,0,223.0,0.0,0.0,0.0,0.0,0.0,24
2023-05-10 13:46:32,RM311P3000,RM311P3000,223.0,0.0,0.0,0.0,1,96.5,0.0,0,223.0,0.0,0.0,0.0,0.0,0.0,24
2023-05-10 13:46:32,RM311P3000,RM311P3000,223.0,0.0,0.0,0.0,1,97.0,0.0,0,223.0,0.0,0.0,0.0,0.0,0.0,24
2023-05-10 13:46:33,RM311P3000,RM311P3000,223.0,0.0,0.0,0.0,1,96.5,0.0,0,223.0,0.0,0.0,0.0,0.0,0.0,24
2023-05-10 13:46:33,RM311P3000,RM311P3000,223.0,0.0,0.0,0.0,1,97.0,0.0,0,223.0,0.0,0.0,0.0,0.0,0.0,24
2023-05-10 13:46:34,RM311P3000,RM311P3000,223.0,0.0,0.0,0.0,1,96.5,0.0,0,223.0,0.0,0.0,0.0,0.0,0.0,24
2023-05-10 13:46:34,RM311P3000,RM311P3000,223.0,0.0,0.0,0.0,1,97.0,0.0,0,223.0,0.0,0.0,0.0,0.0,0.0,24
2023-05-10 13:46:35,RM311P3000,RM311P3000,223.0,0.0,0.0,0.0,1,96.5,0.0,0,223.0,0.0,0.0,0.0,0.0,0.0,24
2023-05-10 13:46:35,RM311P3000,RM311P3000,223.0,0.0,0.0,0.0,1,97.0,0.0,0,223.0,0.0,0.0,0.0,0.0,0.0,24
2023-05-10 13:46:36,RM311P3000,RM311P3000,223.0,0.0,0.0,0.0,1,96.5,0.0,0,223.0,0.0,0.0,0.0,0.0,0.0,24
2023-05-10 13:46:36,RM311P3000,RM311P3000,223.0,0.0,0.0,0.0,1,97.0,0.0,0,223.0,0.0,0.0,0.0,0.0,0.0,24
2023-05-10 13:46:37,RM311P3000,RM311P3000,223.0,0.0,0.0,0.0,1,96.5,0.0,0,223.0,0.0,0.0,0.0,0.0,0.0,24
2023-05-10 13:46:37,RM311P3000,RM311P3000,223.0,0.0,0.0,0.0,1,97.0,0.0,0,223.0,0.0,0.0,0.0,0.0,0.0,24
2023-05-10 13:46:38,RM311P3000,RM311P3000,223.0,0.0,0.0,0.0,1,96.5,0.0,0,223.0,0.0,0.0,0.0,0.0,0.0,24
2023-05-10 13:46:38,RM311P3000,RM311P3000,223.0,0.0,0.0,0.0,1,97.0,0.0,0,223.0,0.0,0.0,0.0,0.0,0.0,24
2023-05-10 13:46:39,RM311P3000,RM311P3000,223.0,0.0,0.0,0.0,1,96.5,0.0,0,223.0,0.0,0.0,0.0,0.0,0.0,24
2023-05-10 13:46:39,RM311P3000,RM311P3000,223.0,0.0,0.0,0.0,1,97.0,0.0,0,223.0,0.0,0.0,0.0,0.0,0.0,24
2023-05-10 13:46:40,RM311P3000,RM311P3000,223.0,0.0,0.0,0.0,1,96.5,0.0,0,223.0,0.0,0.0,0.0,0.0,0.0,24
2023-05-10 13:46:40,RM311P3000,RM311P3000,223.0,0.0,0.0,0.0,1,97.0,0.0,0,223.0,0.0,0.0,0.0,0.0,0.0,24
2023-05-10 13:46:41,RM311P3000,RM311P3000,223.0,0.0,0.0,0.0,1,96.5,0.0,0,223.0,0.0,0.0,0.0,0.0,0.0,24
2023-05-10 13:46:41,RM311P3000,RM311P3000,223.0,0.0,0.0,0.0,1,97.0,0.0,0,223.0,0.0,0.0,0.0,0.0,0.0,24
2023-05-10 13:46:42,RM311P3000,RM311P3000,223.0,0.0,0.0,0.0,1,96.5,0.0,0,223.0,0.0,0.0,0.0,0.0,0.0,24
2023-05-10 13:46:42,RM311P3000,RM311P3000,223.0,0.0,0.0,0.0,1,97.0,0.0,0,223.0,0.0,0.0,0.0,0.0,0.0,24
2023-05-10 13:46:43,RM311P3000,RM311P3000,223.0,0.0,0.0,0.0,1,96.5,0.0,0,223.0,0.0,0.0,0.0,0.0,0.0,24
2023-05-10 13:46:43,RM311P3000,RM311P3000,223.0,0.0,0.0,0.0,1,97.0,0.0,0,223.0,0.0,0.0,0.0,0.0,0.0,24
2023-05-10 13:46:44,RM311P3000,RM311P3000,223.0,0.0,0.0,0.0,1,96.5,0.0,0,223.0,0.0,0.0,0.0,0.0,0.0,24
2023-05-10 13:46:44,RM311P3000,RM311P3000,223.0,0.0,0.0,0.0,1,97.0,0.0,0,223.0,0.0,0.0,0.0,0.0,0.0,24
2023-05-10 13:46:45,RM311P3000,RM311P3000,223.0,0.0,0.0,0.0,1,96.5,0.0,0,223.0,0.0,0.0,0.0,0.0,0.0,24
2023-05-10 13:46:45,RM311P3000,RM311P3000,223.0,0.0,0.0,0.0,1,97.0,0.0,0,223.0,0.0,0.0,0.0,0.0,0.0,24
2023-05-10 13:46:46,RM311P3000,RM311P3000,223.0,0.0,0.0,0.0,1,96.5,0.0,0,223.0,0.0,0.0,0.0,0.0,0.0,24
2023-05-10 13:46:46,RM311P3000,RM311P3000,223.0,0.0,0.0,0.0,1,97.0,0.0,0,223.0,0.0,0.0,0.0,0.0,0.0,24
2023-05-10 13:46:47,RM311P3000,RM311P3000,223.0,0.0,0.0,0.0,1,96.5,0.0,0,223.0,0.0,0.0,0.0,0.0,0.0,24
2023-05-10 13:46:47,RM311P3000,RM311P3000,223.0,0.0,0.0,0.0,1,97.0,0.0,0,223.0,0.0,0.0,0.0,0.0,0.0,24
2023-05-10 13:46:48,RM311P3000,RM311P3000,223.0,0.0,0.0,0.0,1,96.5,0.0,0,223.0,0.0,0.0,0.0,0.0,0.0,24
2023-05-10 13:46:48,RM311P3000,RM311P3000,223.0,0.0,0.0,0.0,1,97.0,0.0,0,223.0,0.0,0.0,0.0,0.0,0.0,24
2023-05-10 13:46:49,RM311P3000,RM311P3000,223.0,0.0,0.0,0.0,1,96.5,0.0,0,223.0,0.0,0.0,0.0,0.0,0.0,24
2023-05-10 13:46:49,RM311P3000,RM311P3000,223.0,0.0,0.0,0.0,1,97.0,0.0,0,223.0,0.0,0.0,0.0,0.0,0.0,24
2023-05-10 13:46:50,RM311P3000,RM311P3000,223.0,0.0,0.0,0.0,1,96.5,0.0,0,223.0,0.0,0.0,0.0,0.0,0.0,24
2023-05-10 13:46:50,RM311P3000,RM311P3000,223.0,0.0,0.0,0.0,1,97.0,0.0,0,223.0,0.0,0.0,0.0,0.0,0.0,24
2023-05-10 13:46:51,RM311P3000,RM311P3000,223.0,0.0,0.0,0.0,1,96.5,0.0,0,223.0,0.0,0.0,0.0,0.0,0.0,24
2023-05-10 13:46:51,RM311P3000,RM311P3000,223.0,0.0,0.0,0.0,1,97.0,0.0,0,223.0,0.0,0.0,0.0,0.0,0.0,24
2023-05-10 13:46:52,RM311P3000,RM311P3000,223.0,0.0,0.0,0.0,1,96.5,0.0,0,223.0,0.0,0.0,0.0,0.0,0.0,24
2023-05-10 13:46:52,RM311P3000,RM311P3000,223.0,0.0,0.0,0.0,1,97.0,0.0,0,223.0,0.0,0.0,0.0,0.0,0.0,24
2023-05-10 13:46:53,RM311P3000,RM311P3000,223.0,0.0,0.0,0.0,1,96.5,0.0,0,223.0,0.0,0.0,0.0,0.0,0.0,24
2023-05-10 13:46:53,RM311P3000,RM311P3000,223.0,0.0,0.0,0.0,1,97.0,0.0,0,223.0,0.0,0.0,0.0,0.0,0.0,24
2023-05-10 13:46:54,RM311P3000,RM311P3000,223.0,0.0,0.0,0.0,1,96.5,0.0,0,223.0,0.0,0.0,0.0,0.0,0.0,24
2023-05-10 13:46:54,RM311P3000,RM311P3000,223.0,0.0,0.0,0.0,1,97.0,0.0,0,223.0,0.0,0.0,0.0,0.0,0.0,24
2023-05-10 13:46:55,RM311P3000,RM311P3000,223.0,0.0,0.0,0.0,1,96.5,0.0,0,223.0,0.0,0.0,0.0,0.0,0.0,24
2023-05-10 13:46:55,RM311P3000,RM311P3000,223.0,0.0,0.0,0.0,1,97.0,0.0,0,223.0,0.0,0.0,0.0,0.0,0.0,24
2023-05-10 13:46:56,RM311P3000,RM311P3000,223.0,0.0,0.0,0.0,1,96.5,0.0,0,223.0,0.0,0.0,0.0,0.0,0.0,24
2023-05-10 13:46:56,RM311P3000,RM311P3000,223.0,0.0,0.0,0.0,1,97.0,0.0,0,223.0,0.0,0.0,0.0,0.0,0.0,24
2023-05-10 13:46:57,RM311P3000,RM311P3000,223.0,0.0,0.0,0.0,1,96.5,0.0,0,223.0,0.0,0.0,0.0,0.0,0.0,24
2023-05-10 13:46:57,RM311P3000,RM311P3000,223.0,0.0,0.0,0.0,1,97.0,0.0,0,223.0,0.0,0.0,0.0,0.0,0.0,24
2023-05-10 13:46:58,RM311P3000,RM311P3000,223.0,0.0,0.0,0.0,1,96.5,0.0,0,223.0,0.0,0.0,0.0,0.0,0.0,24
2023-05-10 13:46:58,RM311P3000,RM311P3000,223.0,0.0,0.0,0.0,1,97.0,0.0,0,223.0,0.0,0.0,0.0,0.0,0.0,24
2023-05-10 13:46:59,RM311P3000,RM311P3000,223.0,0.0,0.0,0.0,1,96.5,0.0,0,223.0,0.0,0.0,0.0,0.0,0.0,24
2023-05-10 13:46:59,RM311P3000,RM311P3000,223.0,0.0,0.0,0.0,1,97.0,0.0,0,223.0,0.0,0.0,0.0,0.0,0.0,24
2023-05-10 13:47:00,RM311P3000,RM311P3000,223.0,0.0,0.0,0.0,1,96.5,0.0,0,223.0,0.0,0.0,0.0,0.0,0.0,24
2023-05-10 13:47:00,RM311P3000,RM311P3000,223.0,0.0,0.0,0.0,1,97.0,0.0,0,223.0,0.0,0.0,0.0,0.0,0.0,24
2023-05-10 13:47:01,RM311P3000,RM311P3000,223.0,0.0,0.0,0.0,1,96.5,0.0,0,223.0,0.0,0.0,0.0,0.0,0.0,24
2023-05-10 13:47:01,RM311P3000,RM311P3000,223.0,0.0,0.0,0.0,1,97.0,0.0,0,223.0,0.0,0.0,0.0,0.0,0.0,24
2023-05-10 13:47:02,RM311P3000,RM311P3000,223.0,0.0,0.0,0.0,1,96.5,0.0,0,223.0,0.0,0.0,0.0,0.0,0.0,24
2023-05-10 13:47:02,RM311P3000,RM311P3000,223.0,0.0,0.0,0.0,1,97.0,0.0,0,223.0,0.0,0.0,0.0,0.0,0.0,24
2023-05-10 13:47:03,RM311P3000,RM311P3000,223.0,0.0,0.0,0.0,1,96.5,0.0,0,223.0,0.0,0.0,0.0,0.0,0.0,24
2023-05-10 13:47:03,RM311P3000,RM311P3000,223.0,0.0,0.0,0.0,1,97.0,0.0,0,223.0,0.0,0.0,0.0,0.0,0.0,24
2023-05-10 13:47:04,RM311P3000,RM311P3000,223.0,0.0,0.0,0.0,1,96.5,0.0,0,223.0,0.0,0.0,0.0,0.0,0.0,24
2023-05-10 13:47:04,RM311P3000,RM311P3000,223.0,0.0,0.0,0.0,1,97.0,0.0,0,223.0,0.0,0.0,0.0,0.0,0.0,24
2023-05-10 13:47:05,RM311P3000,RM311P3000,223.0,0.0,0.0,0.0,1,96.5,0.0,0,223.0,0.0,0.0,0.0,0.0,0.0,24
2023-05-10 13:47:05,RM311P3000,RM311P3000,223.0,0.0,0.0,0.0,1,97.0,0.0,0,223.0,0.0,0.0,0.0,0.0,0.0,24
2023-05-10 13:47:06,RM311P3000,RM311P3000,223.0,0.0,0.0,0.0,1,96.5,0.0,0,223.0,0.0,0.0,0.0,0.0,0.0,24
2023-05-10 13:47:06,RM311P3000,RM311P3000,223.0,0.0,0.0,0.0,1,97.0,0.0,0,223.0,0.0,0.0,0.0,0.0,0.0,24
2023-05-10 13:47:07,RM311P3000,RM311P3000,223.0,0.0,0.0,0.0,1,96.5,0.0,0,223.0,0.0,0.0,0.0,0.0,0.0,24
2023-05-10 13:47:07,RM311P3000,RM311P3000,223.0,0.0,0.0,0.0,1,97.0,0.0,0,223.0,0.0,0.0,0.0,0.0,0.0,24
2023-05-10 13:47:08,RM311P3000,RM311P3000,223.0,0.0,0.0,0.0,1,96.5,0.0,0,223.0,0.0,0.0,0.0,0.0,0.0,24
2023-05-10 13:47:08,RM311P3000,RM311P3000,223.0,0.0,0.0,0.0,1,97.0,0.0,0,223.0,0.0,0.0,0.0,0.0,0.0,24
2023-05-10 13:47:09,RM311P3000,RM311P3000,223.0,0.0,0.0,0.0,1,96.5,0.0,0,223.0,0.0,0.0,0.0,0.0,0.0,24
2023-05-10 13:47:09,RM311P3000,RM311P3000,223.0,0.0,0.0,0.0,1,97.0,0.0,0,223.0,0.0,0.0,0.0,0.0,0.0,24
2023-05-10 13:47:10,RM311P3000,RM311P3000,223.0,0.0,0.0,0.0,1,96.5,0.0,0,223.0,0.0,0.0,0.0,0.0,0.0,24
2023-05-10 13:47:11,RM311P3000,RM311P3000,223.0,0.0,0.0,0.0,1,97.0,0.0,0,223.0,0.0,0.0,0.0,0.0,0.0,24
2023-05-10 13:47:11,RM311P3000,RM311P3000,223.0,0.0,0.0,0.0,1,96.5,0.0,0,223.0,0.0,0.0,0.0,0.0,0.0,24
2023-05-10 13:47:12,RM311P3000,RM311P3000,223.0,0.0,0.0,0.0,1,97.0,0.0,0,223.0,0.0,0.0,0.0,0.0,0.0,24
2023-05-10 13:47:13,RM311P3000,RM311P3000,223.0,0.0,0.0,0.0,1,96.5,0.0,0,223.0,0.0,0.0,0.0,0.0,0.0,24
2023-05-10 13:47:13,RM311P3000,RM311P3000,223.0,0.0,0.0,0.0,1,97.0,0.0,0,223.0,0.0,0.0,0.0,0.0,0.0,24
2023-05-10 13:47:14,RM311P3000,RM311P3000,223.0,0.0,0.0,0.0,1,96.5,0.0,0,223.0,0.0,0.0,0.0,0.0,0.0,24
2023-05-10 13:47:14,RM311P3000,RM311P3000,223.0,0.0,0.0,0.0,1,97.0,0.0,0,223.0,0.0,0.0,0.0,0.0,0.0,24
2023-05-10 13:47:15,RM311P3000,RM311P3000,223.0,0.0,0.0,0.0,1,96.5,0.0,0,223.0,0.0,0.0,0.0,0.0,0.0,24
2023-05-10 13:47:15,RM311P3000,RM311P3000,223.0,0.0,0.0,0.0,1,97.0,0.0,0,223.0,0.0,0.0,0.0,0.0,0.0,24
2023-05-10 13:47:15,RM311P3000,RM311P3000,223.0,0.0,0.0,0.0,1,96.5,0.0,0,223.0,0.0,0.0,0.0,0.0,0.0,24
2023-05-10 13:47:16,RM311P3000,RM311P3000,223.0,0.0,0.0,0.0,1,97.0,0.0,0,223.0,0.0,0.0,0.0,0.0,0.0,24
2023-05-10 13:47:17,RM311P3000,RM311P3000,223.0,0.0,0.0,0.0,1,96.5,0.0,0,223.0,0.0,0.0,0.0,0.0,0.0,24
2023-05-10 13:47:17,RM311P3000,RM311P3000,223.0,0.0,0.0,0.0,1,97.0,0.0,0,223.0,0.0,0.0,0.0,0.0,0.0,24
2023-05-10 13:47:18,RM311P3000,RM311P3000,223.0,0.0,0.0,0.0,1,96.5,0.0,0,223.0,0.0,0.0,0.0,0.0,0.0,24
2023-05-10 13:47:18,RM311P3000,RM311P3000,223.0,0.0,0.0,0.0,1,97.0,0.0,0,223.0,0.0,0.0,0.0,0.0,0.0,24
2023-05-10 13:47:19,RM311P3000,RM311P3000,223.0,0.0,0.0,0.0,1,96.5,0.0,0,223.0,0.0,0.0,0.0,0.0,0.0,24
2023-05-10 13:47:19,RM311P3000,RM311P3000,223.0,0.0,0.0,0.0,1,97.0,0.0,0,223.0,0.0,0.0,0.0,0.0,0.0,24
2023-05-10 13:47:20,RM311P3000,RM311P3000,223.0,0.0,0.0,0.0,1,96.5,0.0,0,223.0,0.0,0.0,0.0,0.0,0.0,24
2023-05-10 13:47:20,RM311P3000,RM311P3000,223.0,0.0,0.0,0.0,1,97.0,0.0,0,223.0,0.0,0.0,0.0,0.0,0.0,24
2023-05-10 13:47:21,RM311P3000,RM311P3000,223.0,0.0,0.0,0.0,1,96.5,0.0,0,223.0,0.0,0.0,0.0,0.0,0.0,24
2023-05-10 13:47:21,RM311P3000,RM311P3000,223.0,0.0,0.0,0.0,1,97.0,0.0,0,223.0,0.0,0.0,0.0,0.0,0.0,24
2023-05-10 13:47:22,RM311P3000,RM311P3000,223.0,0.0,0.0,0.0,1,96.5,0.0,0,223.0,0.0,0.0,0.0,0.0,0.0,24
2023-05-10 13:47:22,RM311P3000,RM311P3000,223.0,0.0,0.0,0.0,1,97.0,0.0,0,223.0,0.0,0.0,0.0,0.0,0.0,24
2023-05-10 13:47:22,RM311P3000,RM311P3000,223.0,0.0,0.0,0.0,1,96.5,0.0,0,223.0,0.0,0.0,0.0,0.0,0.0,24
2023-05-10 13:47:23,RM311P3000,RM311P3000,223.0,0.0,0.0,0.0,1,97.0,0.0,0,223.0,0.0,0.0,0.0,0.0,0.0,24
2023-05-10 13:47:23,RM311P3000,RM311P3000,223.0,0.0,0.0,0.0,1,96.5,0.0,0,223.0,0.0,0.0,0.0,0.0,0.0,24
2023-05-10 13:47:24,RM311P3000,RM311P3000,223.0,0.0,0.0,0.0,1,97.0,0.0,0,223.0,0.0,0.0,0.0,0.0,0.0,24
2023-05-10 13:47:24,RM311P3000,RM311P3000,223.0,0.0,0.0,0.0,1,96.5,0.0,0,223.0,0.0,0.0,0.0,0.0,0.0,24
2023-05-10 13:47:25,RM311P3000,RM311P3000,223.0,0.0,0.0,0.0,1,97.0,0.0,0,223.0,0.0,0.0,0.0,0.0,0.0,24
2023-05-10 13:47:26,RM311P3000,RM311P3000,223.0,0.0,0.0,0.0,1,96.5,0.0,0,223.0,0.0,0.0,0.0,0.0,0.0,24
2023-05-10 13:47:26,RM311P3000,RM311P3000,223.0,0.0,0.0,0.0,1,97.0,0.0,0,223.0,0.0,0.0,0.0,0.0,0.0,24
2023-05-10 13:47:27,RM311P3000,RM311P3000,223.0,0.0,0.0,0.0,1,96.5,0.0,0,223.0,0.0,0.0,0.0,0.0,0.0,24
2023-05-10 13:47:27,RM311P3000,RM311P3000,223.0,0.0,0.0,0.0,1,97.0,0.0,0,223.0,0.0,0.0,0.0,0.0,0.0,24
2023-05-10 13:47:28,RM311P3000,RM311P3000,223.0,0.0,0.0,0.0,1,96.5,0.0,0,223.0,0.0,0.0,0.0,0.0,0.0,24
2023-05-10 13:47:28,RM311P3000,RM311P3000,223.0,0.0,0.0,0.0,1,97.0,0.0,0,223.0,0.0,0.0,0.0,0.0,0.0,24
2023-05-10 13:47:29,RM311P3000,RM311P3000,223.0,0.0,0.0,0.0,1,96.5,0.0,0,223.0,0.0,0.0,0.0,0.0,0.0,24
2023-05-10 13:47:29,RM311P3000,RM311P3000,223.0,0.0,0.0,0.0,1,97.0,0.0,0,223.0,0.0,0.0,0.0,0.0,0.0,24
2023-05-10 13:47:30,RM311P3000,RM311P3000,223.0,0.0,0.0,0.0,1,96.5,0.0,0,223.0,0.0,0.0,0.0,0.0,0.0,24
2023-05-10 13:47:30,RM311P3000,RM311P3000,223.0,0.0,0.0,0.0,1,97.0,0.0,0,223.0,0.0,0.0,0.0,0.0,0.0,24
2023-05-10 13:47:31,RM311P3000,RM311P3000,223.0,0.0,0.0,0.0,1,96.5,0.0,0,223.0,0.0,0.0,0.0,0.0,0.0,24
2023-05-10 13:47:31,RM311P3000,RM311P3000,223.0,0.0,0.0,0.0,1,97.0,0.0,0,223.0,0.0,0.0,0.0,0.0,0.0,24
2023-05-10 13:47:32,RM311P3000,RM311P3000,223.0,0.0,0.0,0.0,1,96.5,0.0,0,223.0,0.0,0.0,0.0,0.0,0.0,24
2023-05-10 13:47:32,RM311P3000,RM311P3000,223.0,0.0,0.0,0.0,1,97.0,0.0,0,223.0,0.0,0.0,0.0,0.0,0.0,24
2023-05-10 13:47:33,RM311P3000,RM311P3000,223.0,0.0,0.0,0.0,1,96.5,0.0,0,223.0,0.0,0.0,0.0,0.0,0.0,24
2023-05-10 13:47:33,RM311P3000,RM311P3000,223.0,0.0,0.0,0.0,1,97.0,0.0,0,223.0,0.0,0.0,0.0,0.0,0.0,24
2023-05-10 13:47:34,RM311P3000,RM311P3000,223.0,0.0,0.0,0.0,1,96.5,0.0,0,223.0,0.0,0.0,0.0,0.0,0.0,24
2023-05-10 13:47:34,RM311P3000,RM311P3000,223.0,0.0,0.0,0.0,1,97.0,0.0,0,223.0,0.0,0.0,0.0,0.0,0.0,24
2023-05-10 13:47:35,RM311P3000,RM311P3000,223.0,0.0,0.0,0.0,1,96.5,0.0,0,223.0,0.0,0.0,0.0,0.0,0.0,24
2023-05-10 13:47:36,RM311P3000,RM311P3000,223.0,0.0,0.0,0.0,1,97.0,0.0,0,223.0,0.0,0.0,0.0,0.0,0.0,24
2023-05-10 13:47:36,RM311P3000,RM311P3000,223.0,0.0,0.0,0.0,1,96.5,0.0,0,223.0,0.0,0.0,0.0,0.0,0.0,24
2023-05-10 13:47:37,RM311P3000,RM311P3000,223.0,0.0,0.0,0.0,1,97.0,0.0,0,223.0,0.0,0.0,0.0,0.0,0.0,24
2023-05-10 13:47:37,RM311P3000,RM311P3000,223.0,0.0,0.0,0.0,1,96.5,0.0,0,223.0,0.0,0.0,0.0,0.0,0.0,24
2023-05-10 13:47:37,RM311P3000,RM311P3000,223.0,0.0,0.0,0.0,1,97.0,0.0,0,223.0,0.0,0.0,0.0,0.0,0.0,24
2023-05-10 13:47:38,RM311P3000,RM311P3000,223.0,0.0,0.0,0.0,1,96.5,0.0,0,223.0,0.0,0.0,0.0,0.0,0.0,24
2023-05-10 13:47:38,RM311P3000,RM311P3000,223.0,0.0,0.0,0.0,1,97.0,0.0,0,223.0,0.0,0.0,0.0,0.0,0.0,24
2023-05-10 13:47:39,RM311P3000,RM311P3000,223.0,0.0,0.0,0.0,1,96.5,0.0,0,223.0,0.0,0.0,0.0,0.0,0.0,24
2023-05-10 13:47:39,RM311P3000,RM311P3000,223.0,0.0,0.0,0.0,1,97.0,0.0,0,223.0,0.0,0.0,0.0,0.0,0.0,24
2023-05-10 13:47:40,RM311P3000,RM311P3000,223.0,0.0,0.0,0.0,1,96.5,0.0,0,223.0,0.0,0.0,0.0,0.0,0.0,24
2023-05-10 13:47:40,RM311P3000,RM311P3000,223.0,0.0,0.0,0.0,1,97.0,0.0,0,223.0,0.0,0.0,0.0,0.0,0.0,24
2023-05-10 13:47:41,RM311P3000,RM311P3000,223.0,0.0,0.0,0.0,1,96.5,0.0,0,223.0,0.0,0.0,0.0,0.0,0.0,24
2023-05-10 13:47:41,RM311P3000,RM311P3000,223.0,0.0,0.0,0.0,1,97.0,0.0,0,223.0,0.0,0.0,0.0,0.0,0.0,24
2023-05-10 13:47:42,RM311P3000,RM311P3000,223.0,0.0,0.0,0.0,1,96.5,0.0,0,223.0,0.0,0.0,0.0,0.0,0.0,24
2023-05-10 13:47:42,RM311P3000,RM311P3000,223.0,0.0,0.0,0.0,1,97.0,0.0,0,223.0,0.0,0.0,0.0,0.0,0.0,24
2023-05-10 13:47:43,RM311P3000,RM311P3000,223.0,0.0,0.0,0.0,1,96.5,0.0,0,223.0,0.0,0.0,0.0,0.0,0.0,24
2023-05-10 13:47:43,RM311P3000,RM311P3000,223.0,0.0,0.0,0.0,1,97.0,0.0,0,223.0,0.0,0.0,0.0,0.0,0.0,24
2023-05-10 13:47:44,RM311P3000,RM311P3000,223.0,0.0,0.0,0.0,1,96.5,0.0,0,223.0,0.0,0.0,0.0,0.0,0.0,24
2023-05-10 13:47:44,RM311P3000,RM311P3000,223.0,0.0,0.0,0.0,1,97.0,0.0,0,223.0,0.0,0.0,0.0,0.0,0.0,24
2023-05-10 13:47:45,RM311P3000,RM311P3000,223.0,0.0,0.0,0.0,1,96.5,0.0,0,223.0,0.0,0.0,0.0,0.0,0.0,24
2023-05-10 13:47:45,RM311P3000,RM311P3000,223.0,0.0,0.0,0.0,1,97.0,0.0,0,223.0,0.0,0.0,0.0,0.0,0.0,24
2023-05-10 13:47:46,RM311P3000,RM311P3000,223.0,0.0,0.0,0.0,1,96.5,0.0,0,223.0,0.0,0.0,0.0,0.0,0.0,24
2023-05-10 13:47:46,RM311P3000,RM311P3000,223.0,0.0,0.0,0.0,1,97.0,0.0,0,223.0,0.0,0.0,0.0,0.0,0.0,24
2023-05-10 13:47:47,RM311P3000,RM311P3000,223.0,0.0,0.0,0.0,1,96.5,0.0,0,223.0,0.0,0.0,0.0,0.0,0.0,24
2023-05-10 13:47:47,RM311P3000,RM311P3000,223.0,0.0,0.0,0.0,1,97.0,0.0,0,223.0,0.0,0.0,0.0,0.0,0.0,24
2023-05-10 13:47:48,RM311P3000,RM311P3000,223.0,0.0,0.0,0.0,1,96.5,0.0,0,223.0,0.0,0.0,0.0,0.0,0.0,24
2023-05-10 13:47:48,RM311P3000,RM311P3000,223.0,0.0,0.0,0.0,1,97.0,0.0,0,223.0,0.0,0.0,0.0,0.0,0.0,24
2023-05-10 13:47:49,RM311P3000,RM311P3000,223.0,0.0,0.0,0.0,1,96.5,0.0,0,223.0,0.0,0.0,0.0,0.0,0.0,24
2023-05-10 13:47:49,RM311P3000,RM311P3000,223.0,0.0,0.0,0.0,1,97.0,0.0,0,223.0,0.0,0.0,0.0,0.0,0.0,24
2023-05-10 13:47:50,RM311P3000,RM311P3000,223.0,0.0,0.0,0.0,1,96.5,0.0,0,223.0,0.0,0.0,0.0,0.0,0.0,24
2023-05-10 13:47:50,RM311P3000,RM311P3000,223.0,0.0,0.0,0.0,1,97.0,0.0,0,223.0,0.0,0.0,0.0,0.0,0.0,24
2023-05-10 13:47:51,RM311P3000,RM311P3000,223.0,0.0,0.0,0.0,1,96.5,0.0,0,223.0,0.0,0.0,0.0,0.0,0.0,24
2023-05-10 13:47:51,RM311P3000,RM311P3000,223.0,0.0,0.0,0.0,1,97.0,0.0,0,223.0,0.0,0.0,0.0,0.0,0.0,24
2023-05-10 13:47:52,RM311P3000,RM311P3000,223.0,0.0,0.0,0.0,1,96.5,0.0,0,223.0,0.0,0.0,0.0,0.0,0.0,24
2023-05-10 13:47:52,RM311P3000,RM311P3000,223.0,0.0,0.0,0.0,1,97.0,0.0,0,223.0,0.0,0.0,0.0,0.0,0.0,24
2023-05-10 13:47:53,RM311P3000,RM311P3000,223.0,0.0,0.0,0.0,1,96.5,0.0,0,223.0,0.0,0.0,0.0,0.0,0.0,24
2023-05-10 13:47:53,RM311P3000,RM311P3000,223.0,0.0,0.0,0.0,1,97.0,0.0,0,223.0,0.0,0.0,0.0,0.0,0.0,24
2023-05-10 13:47:54,RM311P3000,RM311P3000,223.0,0.0,0.0,0.0,1,96.5,0.0,0,223.0,0.0,0.0,0.0,0.0,0.0,24
2023-05-10 13:47:54,RM311P3000,RM311P3000,223.0,0.0,0.0,0.0,1,97.0,0.0,0,223.0,0.0,0.0,0.0,0.0,0.0,24
2023-05-10 13:47:55,RM311P3000,RM311P3000,223.0,0.0,0.0,0.0,1,96.5,0.0,0,223.0,0.0,0.0,0.0,0.0,0.0,24
2023-05-10 13:47:55,RM311P3000,RM311P3000,223.0,0.0,0.0,0.0,1,97.0,0.0,0,223.0,0.0,0.0,0.0,0.0,0.0,24
2023-05-10 13:47:56,RM311P3000,RM311P3000,223.0,0.0,0.0,0.0,1,96.5,0.0,0,223.0,0.0,0.0,0.0,0.0,0.0,24
2023-05-10 13:47:56,RM311P3000,RM311P3000,223.0,0.0,0.0,0.0,1,97.0,0.0,0,223.0,0.0,0.0,0.0,0.0,0.0,24
2023-05-10 13:47:57,RM311P3000,RM311P3000,223.0,0.0,0.0,0.0,1,96.5,0.0,0,223.0,0.0,0.0,0.0,0.0,0.0,24
2023-05-10 13:47:57,RM311P3000,RM311P3000,223.0,0.0,0.0,0.0,1,97.0,0.0,0,223.0,0.0,0.0,0.0,0.0,0.0,24
2023-05-10 13:47:58,RM311P3000,RM311P3000,223.0,0.0,0.0,0.0,1,96.5,0.0,0,223.0,0.0,0.0,0.0,0.0,0.0,24
2023-05-10 13:47:58,RM311P3000,RM311P3000,223.0,0.0,0.0,0.0,1,97.0,0.0,0,223.0,0.0,0.0,0.0,0.0,0.0,24
2023-05-10 13:47:59,RM311P3000,RM311P3000,223.0,0.0,0.0,0.0,1,96.5,0.0,0,223.0,0.0,0.0,0.0,0.0,0.0,24
2023-05-10 13:47:59,RM311P3000,RM311P3000,223.0,0.0,0.0,0.0,1,97.0,0.0,0,223.0,0.0,0.0,0.0,0.0,0.0,24
2023-05-10 13:48:00,RM311P3000,RM311P3000,223.0,0.0,0.0,0.0,1,96.5,0.0,0,223.0,0.0,0.0,0.0,0.0,0.0,24
2023-05-10 13:48:00,RM311P3000,RM311P3000,223.0,0.0,0.0,0.0,1,97.0,0.0,0,223.0,0.0,0.0,0.0,0.0,0.0,24
2023-05-10 13:48:01,RM311P3000,RM311P3000,223.0,0.0,0.0,0.0,1,96.5,0.0,0,223.0,0.0,0.0,0.0,0.0,0.0,24
2023-05-10 13:48:01,RM311P3000,RM311P3000,223.0,0.0,0.0,0.0,1,97.0,0.0,0,223.0,0.0,0.0,0.0,0.0,0.0,24
2023-05-10 13:48:02,RM311P3000,RM311P3000,223.0,0.0,0.0,0.0,1,96.5,0.0,0,223.0,0.0,0.0,0.0,0.0,0.0,24
2023-05-10 13:48:03,RM311P3000,RM311P3000,223.0,0.0,0.0,0.0,1,97.0,0.0,0,223.0,0.0,0.0,0.0,0.0,0.0,24
2023-05-10 13:48:03,RM311P3000,RM311P3000,223.0,0.0,0.0,0.0,1,96.5,0.0,0,223.0,0.0,0.0,0.0,0.0,0.0,24
2023-05-10 13:48:03,RM311P3000,RM311P3000,223.0,0.0,0.0,0.0,1,97.0,0.0,0,223.0,0.0,0.0,0.0,0.0,0.0,24
2023-05-10 13:48:04,RM311P3000,RM311P3000,223.0,0.0,0.0,0.0,1,96.5,0.0,0,223.0,0.0,0.0,0.0,0.0,0.0,24
2023-05-10 13:48:04,RM311P3000,RM311P3000,223.0,0.0,0.0,0.0,1,97.0,0.0,0,223.0,0.0,0.0,0.0,0.0,0.0,24
2023-05-10 13:48:05,RM311P3000,RM311P3000,223.0,0.0,0.0,0.0,1,96.5,0.0,0,223.0,0.0,0.0,0.0,0.0,0.0,24
2023-05-10 13:48:05,RM311P3000,RM311P3000,223.0,0.0,0.0,0.0,1,97.0,0.0,0,223.0,0.0,0.0,0.0,0.0,0.0,24
2023-05-10 13:48:06,RM311P3000,RM311P3000,223.0,0.0,0.0,0.0,1,96.5,0.0,0,223.0,0.0,0.0,0.0,0.0,0.0,24
2023-05-10 13:48:07,RM311P3000,RM311P3000,223.0,0.0,0.0,0.0,1,97.0,0.0,0,223.0,0.0,0.0,0.0,0.0,0.0,24
2023-05-10 13:48:07,RM311P3000,RM311P3000,223.0,0.0,0.0,0.0,1,96.5,0.0,0,223.0,0.0,0.0,0.0,0.0,0.0,24
2023-05-10 13:48:07,RM311P3000,RM311P3000,223.0,0.0,0.0,0.0,1,97.0,0.0,0,223.0,0.0,0.0,0.0,0.0,0.0,24
2023-05-10 13:48:08,RM311P3000,RM311P3000,223.0,0.0,0.0,0.0,1,96.5,0.0,0,223.0,0.0,0.0,0.0,0.0,0.0,24
2023-05-10 13:48:08,RM311P3000,RM311P3000,223.0,0.0,0.0,0.0,1,97.0,0.0,0,223.0,0.0,0.0,0.0,0.0,0.0,24
2023-05-10 13:48:09,RM311P3000,RM311P3000,223.0,0.0,0.0,0.0,1,96.5,0.0,0,223.0,0.0,0.0,0.0,0.0,0.0,24
2023-05-10 13:48:09,RM311P3000,RM311P3000,223.0,0.0,0.0,0.0,1,97.0,0.0,0,223.0,0.0,0.0,0.0,0.0,0.0,24
2023-05-10 13:48:10,RM311P3000,RM311P3000,223.0,0.0,0.0,0.0,1,96.5,0.0,0,223.0,0.0,0.0,0.0,0.0,0.0,24
2023-05-10 13:48:11,RM311P3000,RM311P3000,223.0,0.0,0.0,0.0,1,97.0,0.0,0,223.0,0.0,0.0,0.0,0.0,0.0,24
2023-05-10 13:48:11,RM311P3000,RM311P3000,223.0,0.0,0.0,0.0,1,96.5,0.0,0,223.0,0.0,0.0,0.0,0.0,0.0,24
2023-05-10 13:48:12,RM311P3000,RM311P3000,223.0,0.0,0.0,0.0,1,97.0,0.0,0,223.0,0.0,0.0,0.0,0.0,0.0,24
2023-05-10 13:48:12,RM311P3000,RM311P3000,223.0,0.0,0.0,0.0,1,96.5,0.0,0,223.0,0.0,0.0,0.0,0.0,0.0,24
2023-05-10 13:48:13,RM311P3000,RM311P3000,223.0,0.0,0.0,0.0,1,97.0,0.0,0,223.0,0.0,0.0,0.0,0.0,0.0,24
2023-05-10 13:48:13,RM311P3000,RM311P3000,223.0,0.0,0.0,0.0,1,96.5,0.0,0,223.0,0.0,0.0,0.0,0.0,0.0,24
2023-05-10 13:48:14,RM311P3000,RM311P3000,223.0,0.0,0.0,0.0,1,97.0,0.0,0,223.0,0.0,0.0,0.0,0.0,0.0,24
2023-05-10 13:48:14,RM311P3000,RM311P3000,223.0,0.0,0.0,0.0,1,96.5,0.0,0,223.0,0.0,0.0,0.0,0.0,0.0,24
2023-05-10 13:48:14,RM311P3000,RM311P3000,223.0,0.0,0.0,0.0,1,97.0,0.0,0,223.0,0.0,0.0,0.0,0.0,0.0,24
2023-05-10 13:48:15,RM311P3000,RM311P3000,223.0,0.0,0.0,0.0,1,96.5,0.0,0,223.0,0.0,0.0,0.0,0.0,0.0,24
2023-05-10 13:48:16,RM311P3000,RM311P3000,223.0,0.0,0.0,0.0,1,97.0,0.0,0,223.0,0.0,0.0,0.0,0.0,0.0,24
2023-05-10 13:48:16,RM311P3000,RM311P3000,223.0,0.0,0.0,0.0,1,96.5,0.0,0,223.0,0.0,0.0,0.0,0.0,0.0,24
2023-05-10 13:48:16,RM311P3000,RM311P3000,223.0,0.0,0.0,0.0,1,97.0,0.0,0,223.0,0.0,0.0,0.0,0.0,0.0,24
2023-05-10 13:48:17,RM311P3000,RM311P3000,223.0,0.0,0.0,0.0,1,96.5,0.0,0,223.0,0.0,0.0,0.0,0.0,0.0,24
2023-05-10 13:48:18,RM311P3000,RM311P3000,223.0,0.0,0.0,0.0,1,97.0,0.0,0,223.0,0.0,0.0,0.0,0.0,0.0,24
2023-05-10 13:48:18,RM311P3000,RM311P3000,223.0,0.0,0.0,0.0,1,96.5,0.0,0,223.0,0.0,0.0,0.0,0.0,0.0,24
2023-05-10 13:48:19,RM311P3000,RM311P3000,223.0,0.0,0.0,0.0,1,97.0,0.0,0,223.0,0.0,0.0,0.0,0.0,0.0,24
2023-05-10 13:48:19,RM311P3000,RM311P3000,223.0,0.0,0.0,0.0,1,96.5,0.0,0,223.0,0.0,0.0,0.0,0.0,0.0,24
2023-05-10 13:48:19,RM311P3000,RM311P3000,223.0,0.0,0.0,0.0,1,97.0,0.0,0,223.0,0.0,0.0,0.0,0.0,0.0,24
2023-05-10 13:48:20,RM311P3000,RM311P3000,223.0,0.0,0.0,0.0,1,96.5,0.0,0,223.0,0.0,0.0,0.0,0.0,0.0,24
2023-05-10 13:48:20,RM311P3000,RM311P3000,223.0,0.0,0.0,0.0,1,97.0,0.0,0,223.0,0.0,0.0,0.0,0.0,0.0,24
2023-05-10 13:48:21,RM311P3000,RM311P3000,223.0,0.0,0.0,0.0,1,96.5,0.0,0,223.0,0.0,0.0,0.0,0.0,0.0,24
2023-05-10 13:48:21,RM311P3000,RM311P3000,223.0,0.0,0.0,0.0,1,97.0,0.0,0,223.0,0.0,0.0,0.0,0.0,0.0,24
2023-05-10 13:48:22,RM311P3000,RM311P3000,223.0,0.0,0.0,0.0,1,96.5,0.0,0,223.0,0.0,0.0,0.0,0.0,0.0,24
2023-05-10 13:48:22,RM311P3000,RM311P3000,223.0,0.0,0.0,0.0,1,97.0,0.0,0,223.0,0.0,0.0,0.0,0.0,0.0,24
2023-05-10 13:48:23,RM311P3000,RM311P3000,223.0,0.0,0.0,0.0,1,96.5,0.0,0,223.0,0.0,0.0,0.0,0.0,0.0,24
2023-05-10 13:48:23,RM311P3000,RM311P3000,223.0,0.0,0.0,0.0,1,97.0,0.0,0,223.0,0.0,0.0,0.0,0.0,0.0,24
2023-05-10 13:48:24,RM311P3000,RM311P3000,223.0,0.0,0.0,0.0,1,96.5,0.0,0,223.0,0.0,0.0,0.0,0.0,0.0,24
2023-05-10 13:48:24,RM311P3000,RM311P3000,223.0,0.0,0.0,0.0,1,97.0,0.0,0,223.0,0.0,0.0,0.0,0.0,0.0,24
2023-05-10 13:48:25,RM311P3000,RM311P3000,223.0,0.0,0.0,0.0,1,96.5,0.0,0,223.0,0.0,0.0,0.0,0.0,0.0,24
2023-05-10 13:48:25,RM311P3000,RM311P3000,223.0,0.0,0.0,0.0,1,97.0,0.0,0,223.0,0.0,0.0,0.0,0.0,0.0,24
2023-05-10 13:48:26,RM311P3000,RM311P3000,223.0,0.0,0.0,0.0,1,96.5,0.0,0,223.0,0.0,0.0,0.0,0.0,0.0,24
2023-05-10 13:48:26,RM311P3000,RM311P3000,223.0,0.0,0.0,0.0,1,97.0,0.0,0,223.0,0.0,0.0,0.0,0.0,0.0,24
2023-05-10 13:48:27,RM311P3000,RM311P3000,223.0,0.0,0.0,0.0,1,96.5,0.0,0,223.0,0.0,0.0,0.0,0.0,0.0,24
2023-05-10 13:48:27,RM311P3000,RM311P3000,223.0,0.0,0.0,0.0,1,97.0,0.0,0,223.0,0.0,0.0,0.0,0.0,0.0,24
2023-05-10 13:48:28,RM311P3000,RM311P3000,223.0,0.0,0.0,0.0,1,96.5,0.0,0,223.0,0.0,0.0,0.0,0.0,0.0,24
2023-05-10 13:48:28,RM311P3000,RM311P3000,223.0,0.0,0.0,0.0,1,97.0,0.0,0,223.0,0.0,0.0,0.0,0.0,0.0,24
2023-05-10 13:48:29,RM311P3000,RM311P3000,223.0,0.0,0.0,0.0,1,96.5,0.0,0,223.0,0.0,0.0,0.0,0.0,0.0,24
2023-05-10 13:48:29,RM311P3000,RM311P3000,223.0,0.0,0.0,0.0,1,97.0,0.0,0,223.0,0.0,0.0,0.0,0.0,0.0,24
2023-05-10 13:48:30,RM311P3000,RM311P3000,223.0,0.0,0.0,0.0,1,96.5,0.0,0,223.0,0.0,0.0,0.0,0.0,0.0,24
2023-05-10 13:48:30,RM311P3000,RM311P3000,223.0,0.0,0.0,0.0,1,97.0,0.0,0,223.0,0.0,0.0,0.0,0.0,0.0,24
2023-05-10 13:48:31,RM311P3000,RM311P3000,223.0,0.0,0.0,0.0,1,96.5,0.0,0,223.0,0.0,0.0,0.0,0.0,0.0,24
2023-05-10 13:48:31,RM311P3000,RM311P3000,223.0,0.0,0.0,0.0,1,97.0,0.0,0,223.0,0.0,0.0,0.0,0.0,0.0,24
2023-05-10 13:48:32,RM311P3000,RM311P3000,223.0,0.0,0.0,0.0,1,96.5,0.0,0,223.0,0.0,0.0,0.0,0.0,0.0,24
2023-05-10 13:48:32,RM311P3000,RM311P3000,223.0,0.0,0.0,0.0,1,97.0,0.0,0,223.0,0.0,0.0,0.0,0.0,0.0,24
2023-05-10 13:48:33,RM311P3000,RM311P3000,223.0,0.0,0.0,0.0,1,96.5,0.0,0,223.0,0.0,0.0,0.0,0.0,0.0,24
2023-05-10 13:48:33,RM311P3000,RM311P3000,223.0,0.0,0.0,0.0,1,97.0,0.0,0,223.0,0.0,0.0,0.0,0.0,0.0,24
2023-05-10 13:48:34,RM311P3000,RM311P3000,223.0,0.0,0.0,0.0,1,96.5,0.0,0,223.0,0.0,0.0,0.0,0.0,0.0,24
2023-05-10 13:48:34,RM311P3000,RM311P3000,223.0,0.0,0.0,0.0,1,97.0,0.0,0,223.0,0.0,0.0,0.0,0.0,0.0,24
2023-05-10 13:48:35,RM311P3000,RM311P3000,223.0,0.0,0.0,0.0,1,96.5,0.0,0,223.0,0.0,0.0,0.0,0.0,0.0,24
2023-05-10 13:48:35,RM311P3000,RM311P3000,223.0,0.0,0.0,0.0,1,97.0,0.0,0,223.0,0.0,0.0,0.0,0.0,0.0,24
2023-05-10 13:48:36,RM311P3000,RM311P3000,223.0,0.0,0.0,0.0,1,96.5,0.0,0,223.0,0.0,0.0,0.0,0.0,0.0,24
2023-05-10 13:48:36,RM311P3000,RM311P3000,223.0,0.0,0.0,0.0,1,97.0,0.0,0,223.0,0.0,0.0,0.0,0.0,0.0,24
2023-05-10 13:48:37,RM311P3000,RM311P3000,223.0,0.0,0.0,0.0,1,96.5,0.0,0,223.0,0.0,0.0,0.0,0.0,0.0,24
2023-05-10 13:48:37,RM311P3000,RM311P3000,223.0,0.0,0.0,0.0,1,97.0,0.0,0,223.0,0.0,0.0,0.0,0.0,0.0,24
2023-05-10 13:48:38,RM311P3000,RM311P3000,223.0,0.0,0.0,0.0,1,96.5,0.0,0,223.0,0.0,0.0,0.0,0.0,0.0,24
2023-05-10 13:48:38,RM311P3000,RM311P3000,223.0,0.0,0.0,0.0,1,97.0,0.0,0,223.0,0.0,0.0,0.0,0.0,0.0,24
2023-05-10 13:48:39,RM311P3000,RM311P3000,223.0,0.0,0.0,0.0,1,96.5,0.0,0,223.0,0.0,0.0,0.0,0.0,0.0,24
2023-05-10 13:48:39,RM311P3000,RM311P3000,223.0,0.0,0.0,0.0,1,97.0,0.0,0,223.0,0.0,0.0,0.0,0.0,0.0,24
2023-05-10 13:48:40,RM311P3000,RM311P3000,223.0,0.0,0.0,0.0,1,96.5,0.0,0,223.0,0.0,0.0,0.0,0.0,0.0,24
2023-05-10 13:48:40,RM311P3000,RM311P3000,223.0,0.0,0.0,0.0,1,97.0,0.0,0,223.0,0.0,0.0,0.0,0.0,0.0,24
2023-05-10 13:48:41,RM311P3000,RM311P3000,223.0,0.0,0.0,0.0,1,96.5,0.0,0,223.0,0.0,0.0,0.0,0.0,0.0,24
2023-05-10 13:48:41,RM311P3000,RM311P3000,223.0,0.0,0.0,0.0,1,97.0,0.0,0,223.0,0.0,0.0,0.0,0.0,0.0,24
2023-05-10 13:48:42,RM311P3000,RM311P3000,223.0,0.0,0.0,0.0,1,96.5,0.0,0,223.0,0.0,0.0,0.0,0.0,0.0,24
2023-05-10 13:48:42,RM311P3000,RM311P3000,223.0,0.0,0.0,0.0,1,97.0,0.0,0,223.0,0.0,0.0,0.0,0.0,0.0,24
2023-05-10 13:48:43,RM311P3000,RM311P3000,223.0,0.0,0.0,0.0,1,96.5,0.0,0,223.0,0.0,0.0,0.0,0.0,0.0,24
2023-05-10 13:48:43,RM311P3000,RM311P3000,223.0,0.0,0.0,0.0,1,97.0,0.0,0,223.0,0.0,0.0,0.0,0.0,0.0,24
2023-05-10 13:48:44,RM311P3000,RM311P3000,223.0,0.0,0.0,0.0,1,96.5,0.0,0,223.0,0.0,0.0,0.0,0.0,0.0,24
2023-05-10 13:48:44,RM311P3000,RM311P3000,223.0,0.0,0.0,0.0,1,97.0,0.0,0,223.0,0.0,0.0,0.0,0.0,0.0,24
2023-05-10 13:48:45,RM311P3000,RM311P3000,223.0,0.0,0.0,0.0,1,96.5,0.0,0,223.0,0.0,0.0,0.0,0.0,0.0,24
2023-05-10 13:48:45,RM311P3000,RM311P3000,223.0,0.0,0.0,0.0,1,97.0,0.0,0,223.0,0.0,0.0,0.0,0.0,0.0,24
2023-05-10 13:48:46,RM311P3000,RM311P3000,223.0,0.0,0.0,0.0,1,96.5,0.0,0,223.0,0.0,0.0,0.0,0.0,0.0,24
2023-05-10 13:48:46,RM311P3000,RM311P3000,223.0,0.0,0.0,0.0,1,97.0,0.0,0,223.0,0.0,0.0,0.0,0.0,0.0,24
2023-05-10 13:48:47,RM311P3000,RM311P3000,223.0,0.0,0.0,0.0,1,96.5,0.0,0,223.0,0.0,0.0,0.0,0.0,0.0,24
2023-05-10 13:48:47,RM311P3000,RM311P3000,223.0,0.0,0.0,0.0,1,97.0,0.0,0,223.0,0.0,0.0,0.0,0.0,0.0,24
2023-05-10 13:48:48,RM311P3000,RM311P3000,223.0,0.0,0.0,0.0,1,96.5,0.0,0,223.0,0.0,0.0,0.0,0.0,0.0,24
2023-05-10 13:48:48,RM311P3000,RM311P3000,223.0,0.0,0.0,0.0,1,97.0,0.0,0,223.0,0.0,0.0,0.0,0.0,0.0,24
2023-05-10 13:48:49,RM311P3000,RM311P3000,223.0,0.0,0.0,0.0,1,96.5,0.0,0,223.0,0.0,0.0,0.0,0.0,0.0,24
2023-05-10 13:48:49,RM311P3000,RM311P3000,223.0,0.0,0.0,0.0,1,97.0,0.0,0,223.0,0.0,0.0,0.0,0.0,0.0,24
2023-05-10 13:48:50,RM311P3000,RM311P3000,223.0,0.0,0.0,0.0,1,96.5,0.0,0,223.0,0.0,0.0,0.0,0.0,0.0,24
2023-05-10 13:48:50,RM311P3000,RM311P3000,223.0,0.0,0.0,0.0,1,97.0,0.0,0,223.0,0.0,0.0,0.0,0.0,0.0,24
2023-05-10 13:48:51,RM311P3000,RM311P3000,223.0,0.0,0.0,0.0,1,96.5,0.0,0,223.0,0.0,0.0,0.0,0.0,0.0,24
2023-05-10 13:48:51,RM311P3000,RM311P3000,223.0,0.0,0.0,0.0,1,97.0,0.0,0,223.0,0.0,0.0,0.0,0.0,0.0,24
2023-05-10 13:48:52,RM311P3000,RM311P3000,223.0,0.0,0.0,0.0,1,96.5,0.0,0,223.0,0.0,0.0,0.0,0.0,0.0,24
2023-05-10 13:48:52,RM311P3000,RM311P3000,223.0,0.0,0.0,0.0,1,97.0,0.0,0,223.0,0.0,0.0,0.0,0.0,0.0,24
2023-05-10 13:48:53,RM311P3000,RM311P3000,223.0,0.0,0.0,0.0,1,96.5,0.0,0,223.0,0.0,0.0,0.0,0.0,0.0,24
2023-05-10 13:48:53,RM311P3000,RM311P3000,223.0,0.0,0.0,0.0,1,97.0,0.0,0,223.0,0.0,0.0,0.0,0.0,0.0,24
2023-05-10 13:48:54,RM311P3000,RM311P3000,223.0,0.0,0.0,0.0,1,96.5,0.0,0,223.0,0.0,0.0,0.0,0.0,0.0,24
2023-05-10 13:48:54,RM311P3000,RM311P3000,223.0,0.0,0.0,0.0,1,97.0,0.0,0,223.0,0.0,0.0,0.0,0.0,0.0,24
2023-05-10 13:48:55,RM311P3000,RM311P3000,223.0,0.0,0.0,0.0,1,96.5,0.0,0,223.0,0.0,0.0,0.0,0.0,0.0,24
2023-05-10 13:48:55,RM311P3000,RM311P3000,223.0,0.0,0.0,0.0,1,97.0,0.0,0,223.0,0.0,0.0,0.0,0.0,0.0,24
2023-05-10 13:48:56,RM311P3000,RM311P3000,223.0,0.0,0.0,0.0,1,96.5,0.0,0,223.0,0.0,0.0,0.0,0.0,0.0,24
2023-05-10 13:48:56,RM311P3000,RM311P3000,223.0,0.0,0.0,0.0,1,97.0,0.0,0,223.0,0.0,0.0,0.0,0.0,0.0,24
2023-05-10 13:48:57,RM311P3000,RM311P3000,223.0,0.0,0.0,0.0,1,96.5,0.0,0,223.0,0.0,0.0,0.0,0.0,0.0,24
2023-05-10 13:48:57,RM311P3000,RM311P3000,223.0,0.0,0.0,0.0,1,97.0,0.0,0,223.0,0.0,0.0,0.0,0.0,0.0,24
2023-05-10 13:48:58,RM311P3000,RM311P3000,223.0,0.0,0.0,0.0,1,96.5,0.0,0,223.0,0.0,0.0,0.0,0.0,0.0,24
2023-05-10 13:48:58,RM311P3000,RM311P3000,223.0,0.0,0.0,0.0,1,97.0,0.0,0,223.0,0.0,0.0,0.0,0.0,0.0,24
2023-05-10 13:48:59,RM311P3000,RM311P3000,223.0,0.0,0.0,0.0,1,96.5,0.0,0,223.0,0.0,0.0,0.0,0.0,0.0,24
2023-05-10 13:48:59,RM311P3000,RM311P3000,223.0,0.0,0.0,0.0,1,97.0,0.0,0,223.0,0.0,0.0,0.0,0.0,0.0,24
2023-05-10 13:49:00,RM311P3000,RM311P3000,223.0,0.0,0.0,0.0,1,96.5,0.0,0,223.0,0.0,0.0,0.0,0.0,0.0,24
2023-05-10 13:49:00,RM311P3000,RM311P3000,223.0,0.0,0.0,0.0,1,97.0,0.0,0,223.0,0.0,0.0,0.0,0.0,0.0,24
2023-05-10 13:49:01,RM311P3000,RM311P3000,223.0,0.0,0.0,0.0,1,96.5,0.0,0,223.0,0.0,0.0,0.0,0.0,0.0,24
2023-05-10 13:49:01,RM311P3000,RM311P3000,223.0,0.0,0.0,0.0,1,97.0,0.0,0,223.0,0.0,0.0,0.0,0.0,0.0,24
2023-05-10 13:49:02,RM311P3000,RM311P3000,223.0,0.0,0.0,0.0,1,96.5,0.0,0,223.0,0.0,0.0,0.0,0.0,0.0,24
2023-05-10 13:49:02,RM311P3000,RM311P3000,223.0,0.0,0.0,0.0,1,97.0,0.0,0,223.0,0.0,0.0,0.0,0.0,0.0,24
2023-05-10 13:49:03,RM311P3000,RM311P3000,223.0,0.0,0.0,0.0,1,96.5,0.0,0,223.0,0.0,0.0,0.0,0.0,0.0,24
2023-05-10 13:49:04,RM311P3000,RM311P3000,223.0,0.0,0.0,0.0,1,97.0,0.0,0,223.0,0.0,0.0,0.0,0.0,0.0,24
2023-05-10 13:49:04,RM311P3000,RM311P3000,223.0,0.0,0.0,0.0,1,96.5,0.0,0,223.0,0.0,0.0,0.0,0.0,0.0,24
2023-05-10 13:49:05,RM311P3000,RM311P3000,223.0,0.0,0.0,0.0,1,97.0,0.0,0,223.0,0.0,0.0,0.0,0.0,0.0,24
2023-05-10 13:49:05,RM311P3000,RM311P3000,223.0,0.0,0.0,0.0,1,96.5,0.0,0,223.0,0.0,0.0,0.0,0.0,0.0,24
2023-05-10 13:49:06,RM311P3000,RM311P3000,223.0,0.0,0.0,0.0,1,97.0,0.0,0,223.0,0.0,0.0,0.0,0.0,0.0,24
2023-05-10 13:49:06,RM311P3000,RM311P3000,223.0,0.0,0.0,0.0,1,96.5,0.0,0,223.0,0.0,0.0,0.0,0.0,0.0,24
2023-05-10 13:49:07,RM311P3000,RM311P3000,223.0,0.0,0.0,0.0,1,97.0,0.0,0,223.0,0.0,0.0,0.0,0.0,0.0,24
2023-05-10 13:49:07,RM311P3000,RM311P3000,223.0,0.0,0.0,0.0,1,96.5,0.0,0,223.0,0.0,0.0,0.0,0.0,0.0,24
2023-05-10 13:49:08,RM311P3000,RM311P3000,223.0,0.0,0.0,0.0,1,97.0,0.0,0,223.0,0.0,0.0,0.0,0.0,0.0,24
2023-05-10 13:49:08,RM311P3000,RM311P3000,223.0,0.0,0.0,0.0,1,96.5,0.0,0,223.0,0.0,0.0,0.0,0.0,0.0,24
2023-05-10 13:49:09,RM311P3000,RM311P3000,223.0,0.0,0.0,0.0,1,97.0,0.0,0,223.0,0.0,0.0,0.0,0.0,0.0,24
2023-05-10 13:49:09,RM311P3000,RM311P3000,223.0,0.0,0.0,0.0,1,96.5,0.0,0,223.0,0.0,0.0,0.0,0.0,0.0,24
2023-05-10 14:16:52,RM311P3000,RM311P3000,223.0,0.0,0.0,0.0,3,250.0,275.0,3,223.0,0.0,0.0,0.0,0.0,0.0,24
2023-05-10 14:16:53,RM311P3000,RM311P3000,223.0,0.0,0.0,0.0,12,250.0,275.0,12,223.0,0.0,0.0,0.0,0.0,0.0,24
2023-05-10 14:16:54,RM311P3000,RM311P3000,223.0,0.0,0.0,0.0,15,250.0,271.0,3,223.0,0.0,0.0,0.0,0.0,0.0,24
2023-05-10 14:16:55,RM311P3000,RM311P3000,223.0,0.0,0.0,0.0,9,250.0,271.0,6,223.0,0.0,0.0,0.0,0.0,0.0,24
2023-05-10 14:16:58,RM311P3000,RM311P3000,223.0,0.0,0.0,0.0,3,251.0,268.5,3,223.0,0.0,0.0,0.0,0.0,0.0,24
2023-05-10 14:16:59,RM311P3000,RM311P3000,223.0,0.0,0.0,0.0,6,251.0,267.5,3,223.0,0.0,0.0,0.0,0.0,0.0,24
2023-05-10 14:16:59,RM311P3000,RM311P3000,223.0,0.0,0.0,0.0,6,251.0,267.5,6,223.0,0.0,0.0,0.0,0.0,0.0,24
2023-05-10 14:16:59,RM311P3000,RM311P3000,223.0,0.0,0.0,0.0,9,251.0,267.5,9,223.0,0.0,0.0,0.0,0.0,0.0,24
2023-05-10 14:17:01,RM311P3000,RM311P3000,223.0,0.0,0.0,0.0,12,251.0,267.5,12,223.0,0.0,0.0,0.0,0.0,0.0,24
2023-05-10 14:17:04,RM311P3000,RM311P3000,223.0,0.0,0.0,0.0,15,251.0,267.5,15,223.0,0.0,0.0,0.0,0.0,0.0,24
2023-05-10 14:17:09,RM311P3000,RM311P3000,223.0,0.0,0.0,0.0,12,251.0,267.5,15,223.0,0.0,0.0,0.0,0.0,0.0,24
2023-05-10 14:17:10,RM311P3000,RM311P3000,223.0,0.0,0.0,0.0,12,251.0,267.5,12,223.0,0.0,0.0,0.0,0.0,0.0,24
2023-05-10 14:17:11,RM311P3000,RM311P3000,223.0,0.0,0.0,0.0,9,251.0,267.5,9,223.0,0.0,0.0,0.0,0.0,0.0,24
2023-05-10 14:17:11,RM311P3000,RM311P3000,223.0,0.0,0.0,0.0,6,251.0,267.5,6,223.0,0.0,0.0,0.0,0.0,0.0,24
2023-05-10 14:17:13,RM311P3000,RM311P3000,223.0,0.0,0.0,0.0,3,251.0,267.5,3,223.0,0.0,0.0,0.0,0.0,0.0,24
2023-05-10 14:17:15,RM311P3000,RM311P3000,223.0,0.0,0.0,0.0,1,96.5,0.0,0,223.0,0.0,0.0,0.0,0.0,0.0,24
