time,symbol_id,symbol_name,last,trade_volume,trade_amount,open_interest_change,bv1,bp1,ap1,av1,yesterday_close,today_open,today_high,today_low,volume,amount,open_interest
2023-05-09 19:10:58,RM401C3250,RM401C3250,35.0,0.0,0.0,-1.0,0,0.0,0.0,0,35.0,30.0,0.0,0.0,0.0,0.0,188
2023-05-09 20:59:00,RM401C3250,RM401C3250,35.0,0.0,0.0,0.0,19,10.0,0.0,0,35.0,30.0,0.0,0.0,0.0,0.0,188
2023-05-09 21:00:00,RM401C3250,RM401C3250,35.0,0.0,0.0,0.0,10,13.0,0.0,0,35.0,30.0,0.0,0.0,0.0,0.0,188
2023-05-09 21:02:34,RM401C3250,RM401C3250,35.0,0.0,0.0,0.0,10,12.5,0.0,0,35.0,30.0,0.0,0.0,0.0,0.0,188
2023-05-09 21:08:32,RM401C3250,RM401C3250,35.0,0.0,0.0,0.0,10,12.0,0.0,0,35.0,30.0,0.0,0.0,0.0,0.0,188
2023-05-09 21:31:03,RM401C3250,RM401C3250,35.0,0.0,0.0,0.0,10,11.5,0.0,0,35.0,30.0,0.0,0.0,0.0,0.0,188
2023-05-09 21:32:10,RM401C3250,RM401C3250,35.0,0.0,0.0,0.0,10,11.0,0.0,0,35.0,30.0,0.0,0.0,0.0,0.0,188
2023-05-09 21:32:19,RM401C3250,RM401C3250,35.0,0.0,0.0,0.0,10,10.5,0.0,0,35.0,30.0,0.0,0.0,0.0,0.0,188
2023-05-09 21:58:14,RM401C3250,RM401C3250,35.0,0.0,0.0,0.0,10,12.5,0.0,0,35.0,30.0,0.0,0.0,0.0,0.0,188
2023-05-09 22:19:57,RM401C3250,RM401C3250,35.0,0.0,0.0,0.0,10,14.5,0.0,0,35.0,30.0,0.0,0.0,0.0,0.0,188
2023-05-09 22:21:45,RM401C3250,RM401C3250,35.0,0.0,0.0,0.0,10,13.0,0.0,0,35.0,30.0,0.0,0.0,0.0,0.0,188
2023-05-09 22:43:17,RM401C3250,RM401C3250,35.0,0.0,0.0,0.0,3,30.5,35.5,3,35.0,30.0,0.0,0.0,0.0,0.0,188
2023-05-09 22:43:18,RM401C3250,RM401C3250,35.0,0.0,0.0,0.0,6,30.5,35.5,6,35.0,30.0,0.0,0.0,0.0,0.0,188
2023-05-09 22:43:19,RM401C3250,RM401C3250,35.0,0.0,0.0,0.0,6,30.5,33.0,3,35.0,30.0,0.0,0.0,0.0,0.0,188
2023-05-09 22:43:20,RM401C3250,RM401C3250,35.0,0.0,0.0,0.0,6,30.5,33.0,6,35.0,30.0,0.0,0.0,0.0,0.0,188
2023-05-09 22:43:23,RM401C3250,RM401C3250,35.0,0.0,0.0,0.0,3,32.5,33.0,6,35.0,30.0,0.0,0.0,0.0,0.0,188
2023-05-09 22:43:24,RM401C3250,RM401C3250,35.0,0.0,0.0,0.0,6,32.5,33.0,9,35.0,30.0,0.0,0.0,0.0,0.0,188
2023-05-09 22:43:25,RM401C3250,RM401C3250,35.0,0.0,0.0,0.0,6,32.5,33.0,12,35.0,30.0,0.0,0.0,0.0,0.0,188
2023-05-09 22:43:26,RM401C3250,RM401C3250,35.0,0.0,0.0,0.0,9,32.5,33.0,15,35.0,30.0,0.0,0.0,0.0,0.0,188
2023-05-09 22:43:29,RM401C3250,RM401C3250,35.0,0.0,0.0,0.0,12,32.5,33.0,18,35.0,30.0,0.0,0.0,0.0,0.0,188
2023-05-09 22:43:32,RM401C3250,RM401C3250,35.0,0.0,0.0,0.0,12,32.5,33.0,15,35.0,30.0,0.0,0.0,0.0,0.0,188
2023-05-09 22:43:32,RM401C3250,RM401C3250,35.0,0.0,0.0,0.0,12,32.5,33.0,12,35.0,30.0,0.0,0.0,0.0,0.0,188
2023-05-09 22:43:35,RM401C3250,RM401C3250,35.0,0.0,0.0,0.0,9,32.5,33.0,12,35.0,30.0,0.0,0.0,0.0,0.0,188
2023-05-09 22:43:35,RM401C3250,RM401C3250,35.0,0.0,0.0,0.0,9,32.5,33.0,9,35.0,30.0,0.0,0.0,0.0,0.0,188
2023-05-09 22:43:37,RM401C3250,RM401C3250,35.0,0.0,0.0,0.0,9,32.5,33.0,6,35.0,30.0,0.0,0.0,0.0,0.0,188
2023-05-09 22:43:37,RM401C3250,RM401C3250,35.0,0.0,0.0,0.0,6,32.5,33.0,6,35.0,30.0,0.0,0.0,0.0,0.0,188
2023-05-09 22:43:38,RM401C3250,RM401C3250,35.0,0.0,0.0,0.0,3,32.5,33.0,3,35.0,30.0,0.0,0.0,0.0,0.0,188
2023-05-09 22:43:40,RM401C3250,RM401C3250,35.0,0.0,0.0,0.0,3,30.5,35.5,3,35.0,30.0,0.0,0.0,0.0,0.0,188
2023-05-09 22:43:44,RM401C3250,RM401C3250,35.0,0.0,0.0,0.0,10,13.0,0.0,0,35.0,30.0,0.0,0.0,0.0,0.0,188
2023-05-09 22:44:02,RM401C3250,RM401C3250,35.0,0.0,0.0,0.0,10,12.5,0.0,0,35.0,30.0,0.0,0.0,0.0,0.0,188
2023-05-09 22:47:30,RM401C3250,RM401C3250,35.0,0.0,0.0,0.0,10,12.0,0.0,0,35.0,30.0,0.0,0.0,0.0,0.0,188
2023-05-09 22:57:20,RM401C3250,RM401C3250,35.0,0.0,0.0,0.0,19,10.0,0.0,0,35.0,30.0,0.0,0.0,0.0,0.0,188
2023-05-10 09:00:00,RM401C3250,RM401C3250,35.0,0.0,0.0,0.0,10,12.5,0.0,0,35.0,30.0,0.0,0.0,0.0,0.0,188
2023-05-10 09:23:19,RM401C3250,RM401C3250,35.0,0.0,0.0,0.0,10,13.5,0.0,0,35.0,30.0,0.0,0.0,0.0,0.0,188
2023-05-10 09:27:43,RM401C3250,RM401C3250,35.0,0.0,0.0,0.0,3,32.0,37.0,3,35.0,30.0,0.0,0.0,0.0,0.0,188
2023-05-10 09:27:44,RM401C3250,RM401C3250,35.0,0.0,0.0,0.0,6,32.0,37.0,6,35.0,30.0,0.0,0.0,0.0,0.0,188
2023-05-10 09:27:45,RM401C3250,RM401C3250,35.0,0.0,0.0,0.0,6,32.0,33.0,3,35.0,30.0,0.0,0.0,0.0,0.0,188
2023-05-10 09:27:46,RM401C3250,RM401C3250,35.0,0.0,0.0,0.0,3,32.0,33.0,6,35.0,30.0,0.0,0.0,0.0,0.0,188
2023-05-10 09:27:50,RM401C3250,RM401C3250,35.0,0.0,0.0,0.0,3,32.5,33.0,6,35.0,30.0,0.0,0.0,0.0,0.0,188
2023-05-10 09:27:50,RM401C3250,RM401C3250,35.0,0.0,0.0,0.0,3,32.5,33.0,12,35.0,30.0,0.0,0.0,0.0,0.0,188
2023-05-10 09:27:52,RM401C3250,RM401C3250,35.0,0.0,0.0,0.0,6,32.5,33.0,15,35.0,30.0,0.0,0.0,0.0,0.0,188
2023-05-10 09:27:55,RM401C3250,RM401C3250,35.0,0.0,0.0,0.0,9,32.5,33.0,15,35.0,30.0,0.0,0.0,0.0,0.0,188
2023-05-10 09:27:58,RM401C3250,RM401C3250,35.0,0.0,0.0,0.0,9,32.5,33.0,12,35.0,30.0,0.0,0.0,0.0,0.0,188
2023-05-10 09:27:58,RM401C3250,RM401C3250,35.0,0.0,0.0,0.0,9,32.5,33.0,9,35.0,30.0,0.0,0.0,0.0,0.0,188
2023-05-10 09:28:01,RM401C3250,RM401C3250,35.0,0.0,0.0,0.0,6,32.5,33.0,9,35.0,30.0,0.0,0.0,0.0,0.0,188
2023-05-10 09:28:03,RM401C3250,RM401C3250,35.0,0.0,0.0,0.0,6,32.5,33.0,6,35.0,30.0,0.0,0.0,0.0,0.0,188
2023-05-10 09:28:03,RM401C3250,RM401C3250,35.0,0.0,0.0,0.0,6,32.5,33.0,3,35.0,30.0,0.0,0.0,0.0,0.0,188
2023-05-10 09:28:04,RM401C3250,RM401C3250,35.0,0.0,0.0,0.0,3,32.5,33.5,3,35.0,30.0,0.0,0.0,0.0,0.0,188
2023-05-10 09:28:05,RM401C3250,RM401C3250,35.0,0.0,0.0,0.0,3,32.5,34.0,3,35.0,30.0,0.0,0.0,0.0,0.0,188
2023-05-10 09:28:06,RM401C3250,RM401C3250,35.0,0.0,0.0,0.0,10,13.0,0.0,0,35.0,30.0,0.0,0.0,0.0,0.0,188
2023-05-10 09:57:22,RM401C3250,RM401C3250,35.0,0.0,0.0,0.0,10,12.5,0.0,0,35.0,30.0,0.0,0.0,0.0,0.0,188
2023-05-10 10:14:29,RM401C3250,RM401C3250,35.0,0.0,0.0,0.0,19,10.0,0.0,0,35.0,30.0,0.0,0.0,0.0,0.0,188
2023-05-10 10:30:00,RM401C3250,RM401C3250,35.0,0.0,0.0,0.0,10,13.0,0.0,0,35.0,30.0,0.0,0.0,0.0,0.0,188
2023-05-10 10:35:35,RM401C3250,RM401C3250,35.0,0.0,0.0,0.0,10,12.5,0.0,0,35.0,30.0,0.0,0.0,0.0,0.0,188
2023-05-10 10:55:51,RM401C3250,RM401C3250,35.0,0.0,0.0,0.0,10,11.0,0.0,0,35.0,30.0,0.0,0.0,0.0,0.0,188
2023-05-10 10:58:31,RM401C3250,RM401C3250,35.0,0.0,0.0,0.0,10,10.5,0.0,0,35.0,30.0,0.0,0.0,0.0,0.0,188
2023-05-10 11:01:34,RM401C3250,RM401C3250,35.0,0.0,0.0,0.0,29,10.0,0.0,0,35.0,30.0,0.0,0.0,0.0,0.0,188
2023-05-10 11:06:32,RM401C3250,RM401C3250,35.0,0.0,0.0,0.0,10,10.5,0.0,0,35.0,30.0,0.0,0.0,0.0,0.0,188
2023-05-10 11:14:52,RM401C3250,RM401C3250,35.0,0.0,0.0,0.0,29,10.0,0.0,0,35.0,30.0,0.0,0.0,0.0,0.0,188
2023-05-10 11:22:40,RM401C3250,RM401C3250,35.0,0.0,0.0,0.0,19,10.0,0.0,0,35.0,30.0,0.0,0.0,0.0,0.0,188
2023-05-10 11:23:52,RM401C3250,RM401C3250,35.0,0.0,0.0,0.0,10,10.5,0.0,0,35.0,30.0,0.0,0.0,0.0,0.0,188
2023-05-10 11:24:34,RM401C3250,RM401C3250,35.0,0.0,0.0,0.0,29,10.0,0.0,0,35.0,30.0,0.0,0.0,0.0,0.0,188
2023-05-10 11:27:52,RM401C3250,RM401C3250,35.0,0.0,0.0,0.0,10,11.5,0.0,0,35.0,30.0,0.0,0.0,0.0,0.0,188
2023-05-10 11:28:07,RM401C3250,RM401C3250,35.0,0.0,0.0,0.0,10,11.0,0.0,0,35.0,30.0,0.0,0.0,0.0,0.0,188
2023-05-10 11:28:59,RM401C3250,RM401C3250,35.0,0.0,0.0,0.0,19,10.0,0.0,0,35.0,30.0,0.0,0.0,0.0,0.0,188
2023-05-10 13:30:05,RM401C3250,RM401C3250,35.0,0.0,0.0,0.0,10,11.0,0.0,0,35.0,30.0,0.0,0.0,0.0,0.0,188
2023-05-10 13:30:30,RM401C3250,RM401C3250,35.0,0.0,0.0,0.0,10,10.5,0.0,0,35.0,30.0,0.0,0.0,0.0,0.0,188
2023-05-10 13:31:09,RM401C3250,RM401C3250,35.0,0.0,0.0,0.0,29,10.0,0.0,0,35.0,30.0,0.0,0.0,0.0,0.0,188
2023-05-10 14:02:44,RM401C3250,RM401C3250,35.0,0.0,0.0,0.0,19,10.0,0.0,0,35.0,30.0,0.0,0.0,0.0,0.0,188
2023-05-10 14:14:29,RM401C3250,RM401C3250,35.0,0.0,0.0,0.0,10,11.0,0.0,0,35.0,30.0,0.0,0.0,0.0,0.0,188
2023-05-10 14:17:22,RM401C3250,RM401C3250,35.0,0.0,0.0,0.0,3,30.0,35.0,3,35.0,30.0,0.0,0.0,0.0,0.0,188
2023-05-10 14:17:22,RM401C3250,RM401C3250,35.0,0.0,0.0,0.0,6,30.0,35.0,6,35.0,30.0,0.0,0.0,0.0,0.0,188
2023-05-10 14:17:24,RM401C3250,RM401C3250,35.0,0.0,0.0,0.0,9,30.0,31.5,3,35.0,30.0,0.0,0.0,0.0,0.0,188
2023-05-10 14:17:24,RM401C3250,RM401C3250,35.0,0.0,0.0,0.0,9,30.0,31.5,6,35.0,30.0,0.0,0.0,0.0,0.0,188
2023-05-10 14:17:28,RM401C3250,RM401C3250,35.0,0.0,0.0,0.0,12,30.0,31.5,6,35.0,30.0,0.0,0.0,0.0,0.0,188
2023-05-10 14:17:29,RM401C3250,RM401C3250,35.0,0.0,0.0,0.0,12,30.0,31.5,9,35.0,30.0,0.0,0.0,0.0,0.0,188
2023-05-10 14:17:29,RM401C3250,RM401C3250,35.0,0.0,0.0,0.0,12,30.0,31.5,12,35.0,30.0,0.0,0.0,0.0,0.0,188
2023-05-10 14:17:32,RM401C3250,RM401C3250,35.0,0.0,0.0,0.0,15,30.0,31.5,15,35.0,30.0,0.0,0.0,0.0,0.0,188
2023-05-10 14:17:34,RM401C3250,RM401C3250,35.0,0.0,0.0,0.0,12,30.0,31.5,15,35.0,30.0,0.0,0.0,0.0,0.0,188
2023-05-10 14:17:34,RM401C3250,RM401C3250,35.0,0.0,0.0,0.0,9,30.0,31.5,15,35.0,30.0,0.0,0.0,0.0,0.0,188
2023-05-10 14:17:35,RM401C3250,RM401C3250,35.0,0.0,0.0,0.0,6,30.0,31.5,15,35.0,30.0,0.0,0.0,0.0,0.0,188
2023-05-10 14:17:37,RM401C3250,RM401C3250,35.0,0.0,0.0,0.0,6,30.0,31.5,12,35.0,30.0,0.0,0.0,0.0,0.0,188
2023-05-10 14:17:39,RM401C3250,RM401C3250,35.0,0.0,0.0,0.0,3,30.0,31.5,12,35.0,30.0,0.0,0.0,0.0,0.0,188
2023-05-10 14:17:40,RM401C3250,RM401C3250,35.0,0.0,0.0,0.0,3,30.0,31.5,9,35.0,30.0,0.0,0.0,0.0,0.0,188
2023-05-10 14:17:41,RM401C3250,RM401C3250,35.0,0.0,0.0,0.0,3,30.0,31.5,6,35.0,30.0,0.0,0.0,0.0,0.0,188
2023-05-10 14:17:44,RM401C3250,RM401C3250,35.0,0.0,0.0,0.0,3,29.5,31.5,3,35.0,30.0,0.0,0.0,0.0,0.0,188
2023-05-10 14:17:44,RM401C3250,RM401C3250,35.0,0.0,0.0,0.0,3,26.5,31.5,3,35.0,30.0,0.0,0.0,0.0,0.0,188
2023-05-10 14:17:49,RM401C3250,RM401C3250,35.0,0.0,0.0,0.0,10,11.5,0.0,0,35.0,30.0,0.0,0.0,0.0,0.0,188
2023-05-10 14:19:07,RM401C3250,RM401C3250,35.0,0.0,0.0,0.0,2,15.0,0.0,0,35.0,30.0,0.0,0.0,0.0,0.0,188
2023-05-10 14:19:07,RM401C3250,RM401C3250,35.0,0.0,0.0,0.0,3,30.0,35.0,3,35.0,30.0,0.0,0.0,0.0,0.0,188
2023-05-10 14:19:08,RM401C3250,RM401C3250,35.0,0.0,0.0,0.0,6,30.0,35.0,6,35.0,30.0,0.0,0.0,0.0,0.0,188
2023-05-10 14:19:10,RM401C3250,RM401C3250,35.0,0.0,0.0,0.0,6,30.0,31.5,3,35.0,30.0,0.0,0.0,0.0,0.0,188
2023-05-10 14:19:10,RM401C3250,RM401C3250,35.0,0.0,0.0,0.0,6,30.0,31.5,6,35.0,30.0,0.0,0.0,0.0,0.0,188
2023-05-10 14:19:14,RM401C3250,RM401C3250,35.0,0.0,0.0,0.0,6,30.0,31.5,9,35.0,30.0,0.0,0.0,0.0,0.0,188
2023-05-10 14:19:14,RM401C3250,RM401C3250,35.0,0.0,0.0,0.0,9,30.0,31.5,9,35.0,30.0,0.0,0.0,0.0,0.0,188
2023-05-10 14:19:15,RM401C3250,RM401C3250,35.0,0.0,0.0,0.0,9,30.0,31.5,12,35.0,30.0,0.0,0.0,0.0,0.0,188
2023-05-10 14:19:15,RM401C3250,RM401C3250,35.0,0.0,0.0,0.0,9,30.0,31.5,15,35.0,30.0,0.0,0.0,0.0,0.0,188
2023-05-10 14:19:16,RM401C3250,RM401C3250,35.0,0.0,0.0,0.0,12,30.0,31.5,18,35.0,30.0,0.0,0.0,0.0,0.0,188
2023-05-10 14:19:19,RM401C3250,RM401C3250,35.0,0.0,0.0,0.0,12,30.0,31.5,21,35.0,30.0,0.0,0.0,0.0,0.0,188
2023-05-10 14:19:19,RM401C3250,RM401C3250,35.0,0.0,0.0,0.0,9,30.0,31.5,21,35.0,30.0,0.0,0.0,0.0,0.0,188
2023-05-10 14:19:20,RM401C3250,RM401C3250,30.0,3.0,90.0,-3.0,6,30.0,31.5,21,35.0,30.0,30.0,30.0,3.0,90.0,185
2023-05-10 14:19:22,RM401C3250,RM401C3250,29.5,9.0,270.0,0.0,9,29.5,31.5,12,35.0,30.0,30.0,29.5,12.0,360.0,185
2023-05-10 14:19:25,RM401C3250,RM401C3250,29.5,0.0,0.0,0.0,9,29.5,31.5,9,35.0,30.0,30.0,29.5,12.0,360.0,185
2023-05-10 14:19:26,RM401C3250,RM401C3250,29.5,0.0,0.0,0.0,9,29.5,31.5,6,35.0,30.0,30.0,29.5,12.0,360.0,185
2023-05-10 14:19:26,RM401C3250,RM401C3250,29.5,0.0,0.0,0.0,6,29.5,31.5,3,35.0,30.0,30.0,29.5,12.0,360.0,185
2023-05-10 14:19:27,RM401C3250,RM401C3250,29.5,0.0,0.0,0.0,3,29.5,31.5,3,35.0,30.0,30.0,29.5,12.0,360.0,185
2023-05-10 14:19:29,RM401C3250,RM401C3250,29.5,0.0,0.0,0.0,3,26.5,31.5,3,35.0,30.0,30.0,29.5,12.0,360.0,185
2023-05-10 14:19:34,RM401C3250,RM401C3250,29.5,0.0,0.0,0.0,10,11.5,0.0,0,35.0,30.0,30.0,29.5,12.0,360.0,185
2023-05-10 14:19:35,RM401C3250,RM401C3250,29.5,0.0,0.0,0.0,10,11.0,0.0,0,35.0,30.0,30.0,29.5,12.0,360.0,185
2023-05-10 14:34:13,RM401C3250,RM401C3250,29.5,0.0,0.0,0.0,19,10.0,0.0,0,35.0,30.0,30.0,29.5,12.0,360.0,185
2023-05-10 14:34:13,RM401C3250,RM401C3250,29.5,0.0,0.0,0.0,29,10.0,0.0,0,35.0,30.0,30.0,29.5,12.0,360.0,185
2023-05-10 14:57:59,RM401C3250,RM401C3250,29.5,0.0,0.0,0.0,19,10.0,0.0,0,35.0,30.0,30.0,29.5,12.0,360.0,185
2023-05-10 14:58:20,RM401C3250,RM401C3250,29.5,0.0,0.0,0.0,1,9.0,0.0,0,35.0,30.0,30.0,29.5,12.0,360.0,185
2023-05-10 14:59:53,RM401C3250,RM401C3250,29.5,0.0,0.0,0.0,3,29.5,32.0,3,35.0,30.0,30.0,29.5,12.0,360.0,185
2023-05-10 14:59:57,RM401C3250,RM401C3250,29.5,0.0,0.0,0.0,3,29.5,32.0,3,35.0,30.0,30.0,29.5,12.0,360.0,185
