time,symbol_id,symbol_name,last,trade_volume,trade_amount,open_interest_change,bv1,bp1,ap1,av1,yesterday_close,today_open,today_high,today_low,volume,amount,open_interest
2023-05-09 19:10:58,RM401P2375,RM401P2375,44.5,0.0,0.0,0.0,0,0.0,0.0,0,44.5,0.0,0.0,0.0,0.0,0.0,112
2023-05-09 20:59:00,RM401P2375,RM401P2375,44.5,0.0,0.0,0.0,1,1.5,0.0,0,44.5,0.0,0.0,0.0,0.0,0.0,112
2023-05-09 21:02:11,RM401P2375,RM401P2375,44.5,0.0,0.0,0.0,1,2.0,0.0,0,44.5,0.0,0.0,0.0,0.0,0.0,112
2023-05-09 21:05:34,RM401P2375,RM401P2375,44.5,0.0,0.0,0.0,1,2.5,0.0,0,44.5,0.0,0.0,0.0,0.0,0.0,112
2023-05-09 21:06:20,RM401P2375,RM401P2375,44.5,0.0,0.0,0.0,1,3.0,0.0,0,44.5,0.0,0.0,0.0,0.0,0.0,112
2023-05-09 21:08:14,RM401P2375,RM401P2375,44.5,0.0,0.0,0.0,1,3.5,0.0,0,44.5,0.0,0.0,0.0,0.0,0.0,112
2023-05-09 21:08:24,RM401P2375,RM401P2375,44.5,0.0,0.0,0.0,2,11.5,0.0,0,44.5,0.0,0.0,0.0,0.0,0.0,112
2023-05-09 21:08:48,RM401P2375,RM401P2375,44.5,0.0,0.0,0.0,1,3.5,0.0,0,44.5,0.0,0.0,0.0,0.0,0.0,112
2023-05-09 21:12:26,RM401P2375,RM401P2375,44.5,0.0,0.0,0.0,2,3.5,0.0,0,44.5,0.0,0.0,0.0,0.0,0.0,112
2023-05-09 21:14:35,RM401P2375,RM401P2375,44.5,0.0,0.0,0.0,4,3.5,0.0,0,44.5,0.0,0.0,0.0,0.0,0.0,112
2023-05-09 21:15:49,RM401P2375,RM401P2375,44.5,0.0,0.0,0.0,6,3.5,0.0,0,44.5,0.0,0.0,0.0,0.0,0.0,112
2023-05-09 21:32:11,RM401P2375,RM401P2375,44.5,0.0,0.0,0.0,1,4.0,0.0,0,44.5,0.0,0.0,0.0,0.0,0.0,112
2023-05-09 21:44:07,RM401P2375,RM401P2375,44.5,0.0,0.0,0.0,2,12.0,0.0,0,44.5,0.0,0.0,0.0,0.0,0.0,112
2023-05-09 21:44:31,RM401P2375,RM401P2375,44.5,0.0,0.0,0.0,1,4.0,0.0,0,44.5,0.0,0.0,0.0,0.0,0.0,112
2023-05-09 21:45:44,RM401P2375,RM401P2375,44.5,0.0,0.0,0.0,2,4.5,0.0,0,44.5,0.0,0.0,0.0,0.0,0.0,112
2023-05-09 22:02:11,RM401P2375,RM401P2375,44.5,0.0,0.0,0.0,1,5.0,0.0,0,44.5,0.0,0.0,0.0,0.0,0.0,112
2023-05-09 22:02:14,RM401P2375,RM401P2375,44.5,0.0,0.0,0.0,2,5.5,0.0,0,44.5,0.0,0.0,0.0,0.0,0.0,112
2023-05-09 22:32:11,RM401P2375,RM401P2375,44.5,0.0,0.0,0.0,1,6.0,0.0,0,44.5,0.0,0.0,0.0,0.0,0.0,112
2023-05-09 22:32:15,RM401P2375,RM401P2375,44.5,0.0,0.0,0.0,2,6.5,0.0,0,44.5,0.0,0.0,0.0,0.0,0.0,112
2023-05-09 22:57:10,RM401P2375,RM401P2375,44.5,0.0,0.0,0.0,1,6.0,0.0,0,44.5,0.0,0.0,0.0,0.0,0.0,112
2023-05-10 09:00:01,RM401P2375,RM401P2375,44.5,0.0,0.0,0.0,1,3.5,0.0,0,44.5,0.0,0.0,0.0,0.0,0.0,112
2023-05-10 09:00:49,RM401P2375,RM401P2375,44.5,0.0,0.0,0.0,1,4.0,0.0,0,44.5,0.0,0.0,0.0,0.0,0.0,112
2023-05-10 09:01:13,RM401P2375,RM401P2375,44.5,0.0,0.0,0.0,2,4.5,0.0,0,44.5,0.0,0.0,0.0,0.0,0.0,112
2023-05-10 09:27:44,RM401P2375,RM401P2375,44.5,0.0,0.0,0.0,6,46.0,52.0,6,44.5,0.0,0.0,0.0,0.0,0.0,112
2023-05-10 09:27:44,RM401P2375,RM401P2375,44.5,0.0,0.0,0.0,12,46.0,52.0,12,44.5,0.0,0.0,0.0,0.0,0.0,112
2023-05-10 09:27:45,RM401P2375,RM401P2375,44.5,0.0,0.0,0.0,3,46.5,52.0,12,44.5,0.0,0.0,0.0,0.0,0.0,112
2023-05-10 09:27:46,RM401P2375,RM401P2375,44.5,0.0,0.0,0.0,9,46.5,52.0,15,44.5,0.0,0.0,0.0,0.0,0.0,112
2023-05-10 09:27:50,RM401P2375,RM401P2375,44.5,0.0,0.0,0.0,15,46.5,52.0,18,44.5,0.0,0.0,0.0,0.0,0.0,112
2023-05-10 09:27:50,RM401P2375,RM401P2375,44.5,0.0,0.0,0.0,3,47.5,52.0,21,44.5,0.0,0.0,0.0,0.0,0.0,112
2023-05-10 09:27:50,RM401P2375,RM401P2375,44.5,0.0,0.0,0.0,3,47.5,51.0,3,44.5,0.0,0.0,0.0,0.0,0.0,112
2023-05-10 09:27:52,RM401P2375,RM401P2375,44.5,0.0,0.0,0.0,6,47.5,51.0,6,44.5,0.0,0.0,0.0,0.0,0.0,112
2023-05-10 09:27:55,RM401P2375,RM401P2375,44.5,0.0,0.0,0.0,9,47.5,51.0,9,44.5,0.0,0.0,0.0,0.0,0.0,112
2023-05-10 09:28:01,RM401P2375,RM401P2375,44.5,0.0,0.0,0.0,6,47.5,51.0,9,44.5,0.0,0.0,0.0,0.0,0.0,112
2023-05-10 09:28:01,RM401P2375,RM401P2375,44.5,0.0,0.0,0.0,6,47.5,51.0,6,44.5,0.0,0.0,0.0,0.0,0.0,112
2023-05-10 09:28:04,RM401P2375,RM401P2375,44.5,0.0,0.0,0.0,3,47.5,51.0,3,44.5,0.0,0.0,0.0,0.0,0.0,112
2023-05-10 09:28:06,RM401P2375,RM401P2375,44.5,0.0,0.0,0.0,3,46.0,52.0,3,44.5,0.0,0.0,0.0,0.0,0.0,112
2023-05-10 09:28:08,RM401P2375,RM401P2375,44.5,0.0,0.0,0.0,1,4.0,0.0,0,44.5,0.0,0.0,0.0,0.0,0.0,112
2023-05-10 09:28:09,RM401P2375,RM401P2375,44.5,0.0,0.0,0.0,2,4.5,0.0,0,44.5,0.0,0.0,0.0,0.0,0.0,112
2023-05-10 09:39:19,RM401P2375,RM401P2375,44.5,0.0,0.0,0.0,3,4.5,0.0,0,44.5,0.0,0.0,0.0,0.0,0.0,112
2023-05-10 09:39:49,RM401P2375,RM401P2375,44.5,0.0,0.0,0.0,1,5.0,0.0,0,44.5,0.0,0.0,0.0,0.0,0.0,112
2023-05-10 09:39:51,RM401P2375,RM401P2375,44.5,0.0,0.0,0.0,2,13.0,0.0,0,44.5,0.0,0.0,0.0,0.0,0.0,112
2023-05-10 10:12:07,RM401P2375,RM401P2375,44.5,0.0,0.0,0.0,1,5.5,0.0,0,44.5,0.0,0.0,0.0,0.0,0.0,112
2023-05-10 10:30:16,RM401P2375,RM401P2375,44.5,0.0,0.0,0.0,2,13.5,0.0,0,44.5,0.0,0.0,0.0,0.0,0.0,112
2023-05-10 10:31:52,RM401P2375,RM401P2375,44.5,0.0,0.0,0.0,6,46.5,53.0,6,44.5,0.0,0.0,0.0,0.0,0.0,112
2023-05-10 10:31:53,RM401P2375,RM401P2375,44.5,0.0,0.0,0.0,12,46.5,53.0,12,44.5,0.0,0.0,0.0,0.0,0.0,112
2023-05-10 10:31:54,RM401P2375,RM401P2375,44.5,0.0,0.0,0.0,15,46.5,53.0,15,44.5,0.0,0.0,0.0,0.0,0.0,112
2023-05-10 10:31:58,RM401P2375,RM401P2375,44.5,0.0,0.0,0.0,3,47.0,51.5,3,44.5,0.0,0.0,0.0,0.0,0.0,112
2023-05-10 10:31:59,RM401P2375,RM401P2375,44.5,0.0,0.0,0.0,3,48.0,51.5,9,44.5,0.0,0.0,0.0,0.0,0.0,112
2023-05-10 10:32:01,RM401P2375,RM401P2375,44.5,0.0,0.0,0.0,6,48.0,51.5,12,44.5,0.0,0.0,0.0,0.0,0.0,112
2023-05-10 10:32:09,RM401P2375,RM401P2375,44.5,0.0,0.0,0.0,6,48.0,51.5,9,44.5,0.0,0.0,0.0,0.0,0.0,112
2023-05-10 10:32:10,RM401P2375,RM401P2375,44.5,0.0,0.0,0.0,3,48.0,51.5,9,44.5,0.0,0.0,0.0,0.0,0.0,112
2023-05-10 10:32:11,RM401P2375,RM401P2375,44.5,0.0,0.0,0.0,3,48.0,51.5,6,44.5,0.0,0.0,0.0,0.0,0.0,112
2023-05-10 10:32:12,RM401P2375,RM401P2375,44.5,0.0,0.0,0.0,3,48.0,51.5,3,44.5,0.0,0.0,0.0,0.0,0.0,112
2023-05-10 10:32:13,RM401P2375,RM401P2375,44.5,0.0,0.0,0.0,3,47.5,52.0,3,44.5,0.0,0.0,0.0,0.0,0.0,112
2023-05-10 10:32:14,RM401P2375,RM401P2375,44.5,0.0,0.0,0.0,3,46.5,53.0,3,44.5,0.0,0.0,0.0,0.0,0.0,112
2023-05-10 10:32:16,RM401P2375,RM401P2375,44.5,0.0,0.0,0.0,1,5.5,0.0,0,44.5,0.0,0.0,0.0,0.0,0.0,112
2023-05-10 10:32:17,RM401P2375,RM401P2375,44.5,0.0,0.0,0.0,2,13.5,0.0,0,44.5,0.0,0.0,0.0,0.0,0.0,112
2023-05-10 11:27:06,RM401P2375,RM401P2375,44.5,0.0,0.0,0.0,1,5.5,0.0,0,44.5,0.0,0.0,0.0,0.0,0.0,112
2023-05-10 11:27:41,RM401P2375,RM401P2375,44.5,0.0,0.0,0.0,1,6.0,0.0,0,44.5,0.0,0.0,0.0,0.0,0.0,112
2023-05-10 11:29:39,RM401P2375,RM401P2375,44.5,0.0,0.0,0.0,1,5.5,0.0,0,44.5,0.0,0.0,0.0,0.0,0.0,112
2023-05-10 13:31:39,RM401P2375,RM401P2375,44.5,0.0,0.0,0.0,2,13.5,0.0,0,44.5,0.0,0.0,0.0,0.0,0.0,112
2023-05-10 14:17:22,RM401P2375,RM401P2375,44.5,0.0,0.0,0.0,3,50.0,57.0,3,44.5,0.0,0.0,0.0,0.0,0.0,112
2023-05-10 14:17:22,RM401P2375,RM401P2375,44.5,0.0,0.0,0.0,9,50.0,57.0,9,44.5,0.0,0.0,0.0,0.0,0.0,112
2023-05-10 14:17:24,RM401P2375,RM401P2375,44.5,0.0,0.0,0.0,3,51.0,57.0,9,44.5,0.0,0.0,0.0,0.0,0.0,112
2023-05-10 14:17:28,RM401P2375,RM401P2375,44.5,0.0,0.0,0.0,6,51.0,57.0,12,44.5,0.0,0.0,0.0,0.0,0.0,112
2023-05-10 14:17:28,RM401P2375,RM401P2375,44.5,0.0,0.0,0.0,12,51.0,55.5,3,44.5,0.0,0.0,0.0,0.0,0.0,112
2023-05-10 14:17:29,RM401P2375,RM401P2375,44.5,0.0,0.0,0.0,15,51.0,55.5,6,44.5,0.0,0.0,0.0,0.0,0.0,112
2023-05-10 14:17:31,RM401P2375,RM401P2375,44.5,0.0,0.0,0.0,18,51.0,55.5,9,44.5,0.0,0.0,0.0,0.0,0.0,112
2023-05-10 14:17:34,RM401P2375,RM401P2375,44.5,0.0,0.0,0.0,21,51.0,55.5,12,44.5,0.0,0.0,0.0,0.0,0.0,112
2023-05-10 14:17:37,RM401P2375,RM401P2375,44.5,0.0,0.0,0.0,18,51.0,55.5,12,44.5,0.0,0.0,0.0,0.0,0.0,112
2023-05-10 14:17:39,RM401P2375,RM401P2375,44.5,0.0,0.0,0.0,9,51.0,55.5,9,44.5,0.0,0.0,0.0,0.0,0.0,112
2023-05-10 14:17:41,RM401P2375,RM401P2375,44.5,0.0,0.0,0.0,6,51.0,55.5,6,44.5,0.0,0.0,0.0,0.0,0.0,112
2023-05-10 14:17:44,RM401P2375,RM401P2375,44.5,0.0,0.0,0.0,3,51.0,55.5,3,44.5,0.0,0.0,0.0,0.0,0.0,112
2023-05-10 14:17:45,RM401P2375,RM401P2375,44.5,0.0,0.0,0.0,3,50.0,56.5,3,44.5,0.0,0.0,0.0,0.0,0.0,112
2023-05-10 14:17:46,RM401P2375,RM401P2375,44.5,0.0,0.0,0.0,1,5.5,0.0,0,44.5,0.0,0.0,0.0,0.0,0.0,112
2023-05-10 14:17:47,RM401P2375,RM401P2375,44.5,0.0,0.0,0.0,2,13.5,0.0,0,44.5,0.0,0.0,0.0,0.0,0.0,112
2023-05-10 14:54:28,RM401P2375,RM401P2375,44.5,0.0,0.0,0.0,1,5.5,0.0,0,44.5,0.0,0.0,0.0,0.0,0.0,112
2023-05-10 14:54:28,RM401P2375,RM401P2375,44.5,0.0,0.0,0.0,2,13.5,0.0,0,44.5,0.0,0.0,0.0,0.0,0.0,112
