time,symbol_id,symbol_name,last,trade_volume,trade_amount,open_interest_change,bv1,bp1,ap1,av1,yesterday_close,today_open,today_high,today_low,volume,amount,open_interest
2023-05-09 20:59:00,bu2412,bu2412,3413.0,0.0,0.0,0.0,1,3390.0,3448.0,5,3413.0,3402.0,0.0,0.0,0.0,0.0,84
2023-05-09 21:00:01,bu2412,bu2412,3413.0,0.0,0.0,0.0,1,3390.0,3448.0,5,3413.0,3402.0,0.0,0.0,0.0,0.0,84
2023-05-09 21:00:02,bu2412,bu2412,3413.0,0.0,0.0,0.0,1,3390.0,3446.0,1,3413.0,3402.0,0.0,0.0,0.0,0.0,84
2023-05-09 21:00:02,bu2412,bu2412,3413.0,0.0,0.0,0.0,1,3390.0,3446.0,1,3413.0,3402.0,0.0,0.0,0.0,0.0,84
2023-05-09 21:00:03,bu2412,bu2412,3413.0,0.0,0.0,0.0,1,3390.0,3445.0,1,3413.0,3402.0,0.0,0.0,0.0,0.0,84
2023-05-09 21:00:03,bu2412,bu2412,3413.0,0.0,0.0,0.0,1,3390.0,3445.0,1,3413.0,3402.0,0.0,0.0,0.0,0.0,84
2023-05-09 21:00:04,bu2412,bu2412,3413.0,0.0,0.0,0.0,1,3390.0,3443.0,1,3413.0,3402.0,0.0,0.0,0.0,0.0,84
2023-05-09 21:00:04,bu2412,bu2412,3413.0,0.0,0.0,0.0,1,3390.0,3443.0,1,3413.0,3402.0,0.0,0.0,0.0,0.0,84
2023-05-09 21:00:05,bu2412,bu2412,3413.0,0.0,0.0,0.0,1,3390.0,3442.0,1,3413.0,3402.0,0.0,0.0,0.0,0.0,84
2023-05-09 21:00:07,bu2412,bu2412,3413.0,0.0,0.0,0.0,1,3390.0,3442.0,1,3413.0,3402.0,0.0,0.0,0.0,0.0,84
2023-05-09 21:00:08,bu2412,bu2412,3413.0,0.0,0.0,0.0,1,3390.0,3442.0,1,3413.0,3402.0,0.0,0.0,0.0,0.0,84
2023-05-09 21:00:08,bu2412,bu2412,3413.0,0.0,0.0,0.0,1,3390.0,3442.0,1,3413.0,3402.0,0.0,0.0,0.0,0.0,84
2023-05-09 21:00:09,bu2412,bu2412,3413.0,0.0,0.0,0.0,1,3390.0,3442.0,1,3413.0,3402.0,0.0,0.0,0.0,0.0,84
2023-05-09 21:00:10,bu2412,bu2412,3413.0,0.0,0.0,0.0,1,3390.0,3441.0,1,3413.0,3402.0,0.0,0.0,0.0,0.0,84
2023-05-09 21:00:11,bu2412,bu2412,3413.0,0.0,0.0,0.0,1,3390.0,3441.0,1,3413.0,3402.0,0.0,0.0,0.0,0.0,84
2023-05-09 21:00:11,bu2412,bu2412,3413.0,0.0,0.0,0.0,1,3390.0,3440.0,1,3413.0,3402.0,0.0,0.0,0.0,0.0,84
2023-05-09 21:00:12,bu2412,bu2412,3413.0,0.0,0.0,0.0,1,3390.0,3440.0,1,3413.0,3402.0,0.0,0.0,0.0,0.0,84
2023-05-09 21:00:13,bu2412,bu2412,3413.0,0.0,0.0,0.0,1,3390.0,3439.0,1,3413.0,3402.0,0.0,0.0,0.0,0.0,84
2023-05-09 21:00:13,bu2412,bu2412,3413.0,0.0,0.0,0.0,1,3390.0,3439.0,1,3413.0,3402.0,0.0,0.0,0.0,0.0,84
2023-05-09 21:00:14,bu2412,bu2412,3413.0,0.0,0.0,0.0,1,3390.0,3438.0,1,3413.0,3402.0,0.0,0.0,0.0,0.0,84
2023-05-09 21:00:15,bu2412,bu2412,3413.0,0.0,0.0,0.0,1,3390.0,3438.0,1,3413.0,3402.0,0.0,0.0,0.0,0.0,84
2023-05-09 21:00:16,bu2412,bu2412,3413.0,0.0,0.0,0.0,1,3390.0,3438.0,1,3413.0,3402.0,0.0,0.0,0.0,0.0,84
2023-05-09 21:00:17,bu2412,bu2412,3413.0,0.0,0.0,0.0,1,3390.0,3438.0,1,3413.0,3402.0,0.0,0.0,0.0,0.0,84
2023-05-09 21:00:17,bu2412,bu2412,3413.0,0.0,0.0,0.0,1,3390.0,3437.0,2,3413.0,3402.0,0.0,0.0,0.0,0.0,84
2023-05-09 21:00:18,bu2412,bu2412,3413.0,0.0,0.0,0.0,1,3390.0,3437.0,2,3413.0,3402.0,0.0,0.0,0.0,0.0,84
2023-05-09 21:00:18,bu2412,bu2412,3413.0,0.0,0.0,0.0,1,3390.0,3436.0,1,3413.0,3402.0,0.0,0.0,0.0,0.0,84
2023-05-09 21:00:19,bu2412,bu2412,3413.0,0.0,0.0,0.0,1,3390.0,3436.0,1,3413.0,3402.0,0.0,0.0,0.0,0.0,84
2023-05-09 21:00:21,bu2412,bu2412,3413.0,0.0,0.0,0.0,1,3378.0,3436.0,1,3413.0,3402.0,0.0,0.0,0.0,0.0,84
2023-05-09 21:00:24,bu2412,bu2412,3413.0,0.0,0.0,0.0,1,3378.0,3436.0,1,3413.0,3402.0,0.0,0.0,0.0,0.0,84
2023-05-09 21:00:24,bu2412,bu2412,3413.0,0.0,0.0,0.0,1,3378.0,3436.0,1,3413.0,3402.0,0.0,0.0,0.0,0.0,84
2023-05-09 21:00:26,bu2412,bu2412,3413.0,0.0,0.0,0.0,1,3378.0,3436.0,1,3413.0,3402.0,0.0,0.0,0.0,0.0,84
2023-05-09 21:00:27,bu2412,bu2412,3413.0,0.0,0.0,0.0,1,3378.0,3436.0,1,3413.0,3402.0,0.0,0.0,0.0,0.0,84
2023-05-09 21:00:31,bu2412,bu2412,3413.0,0.0,0.0,0.0,1,3378.0,3428.0,1,3413.0,3402.0,0.0,0.0,0.0,0.0,84
2023-05-09 21:00:31,bu2412,bu2412,3413.0,0.0,0.0,0.0,1,3349.0,3428.0,2,3413.0,3402.0,0.0,0.0,0.0,0.0,84
2023-05-09 21:00:32,bu2412,bu2412,3413.0,0.0,0.0,0.0,1,3350.0,3428.0,2,3413.0,3402.0,0.0,0.0,0.0,0.0,84
2023-05-09 21:00:32,bu2412,bu2412,3413.0,0.0,0.0,0.0,3,3350.0,3428.0,2,3413.0,3402.0,0.0,0.0,0.0,0.0,84
2023-05-09 21:00:33,bu2412,bu2412,3413.0,0.0,0.0,0.0,3,3350.0,3428.0,2,3413.0,3402.0,0.0,0.0,0.0,0.0,84
2023-05-09 21:00:33,bu2412,bu2412,3413.0,0.0,0.0,0.0,3,3350.0,3428.0,2,3413.0,3402.0,0.0,0.0,0.0,0.0,84
2023-05-09 21:00:34,bu2412,bu2412,3413.0,0.0,0.0,0.0,3,3350.0,3428.0,2,3413.0,3402.0,0.0,0.0,0.0,0.0,84
2023-05-09 21:00:35,bu2412,bu2412,3413.0,0.0,0.0,0.0,3,3350.0,3428.0,2,3413.0,3402.0,0.0,0.0,0.0,0.0,84
2023-05-09 21:00:35,bu2412,bu2412,3413.0,0.0,0.0,0.0,3,3350.0,3428.0,2,3413.0,3402.0,0.0,0.0,0.0,0.0,84
2023-05-09 21:00:48,bu2412,bu2412,3413.0,0.0,0.0,0.0,3,3350.0,3428.0,2,3413.0,3402.0,0.0,0.0,0.0,0.0,84
2023-05-09 21:00:49,bu2412,bu2412,3413.0,0.0,0.0,0.0,3,3350.0,3428.0,2,3413.0,3402.0,0.0,0.0,0.0,0.0,84
2023-05-09 21:01:00,bu2412,bu2412,3413.0,0.0,0.0,0.0,3,3350.0,3428.0,2,3413.0,3402.0,0.0,0.0,0.0,0.0,84
2023-05-09 21:01:00,bu2412,bu2412,3413.0,0.0,0.0,0.0,3,3350.0,3428.0,3,3413.0,3402.0,0.0,0.0,0.0,0.0,84
2023-05-09 21:01:01,bu2412,bu2412,3413.0,0.0,0.0,0.0,3,3350.0,3428.0,3,3413.0,3402.0,0.0,0.0,0.0,0.0,84
2023-05-09 21:01:02,bu2412,bu2412,3413.0,0.0,0.0,0.0,3,3350.0,3428.0,3,3413.0,3402.0,0.0,0.0,0.0,0.0,84
2023-05-09 21:01:03,bu2412,bu2412,3413.0,0.0,0.0,0.0,2,3351.0,3428.0,3,3413.0,3402.0,0.0,0.0,0.0,0.0,84
2023-05-09 21:01:03,bu2412,bu2412,3413.0,0.0,0.0,0.0,2,3351.0,3428.0,3,3413.0,3402.0,0.0,0.0,0.0,0.0,84
2023-05-09 21:01:04,bu2412,bu2412,3413.0,0.0,0.0,0.0,1,3352.0,3428.0,3,3413.0,3402.0,0.0,0.0,0.0,0.0,84
2023-05-09 21:01:08,bu2412,bu2412,3413.0,0.0,0.0,0.0,1,3360.0,3428.0,3,3413.0,3402.0,0.0,0.0,0.0,0.0,84
2023-05-09 21:01:09,bu2412,bu2412,3413.0,0.0,0.0,0.0,1,3360.0,3428.0,3,3413.0,3402.0,0.0,0.0,0.0,0.0,84
2023-05-09 21:01:09,bu2412,bu2412,3413.0,0.0,0.0,0.0,1,3361.0,3428.0,3,3413.0,3402.0,0.0,0.0,0.0,0.0,84
2023-05-09 21:01:11,bu2412,bu2412,3413.0,0.0,0.0,0.0,1,3361.0,3428.0,3,3413.0,3402.0,0.0,0.0,0.0,0.0,84
2023-05-09 21:01:27,bu2412,bu2412,3413.0,0.0,0.0,0.0,1,3361.0,3410.0,1,3413.0,3402.0,0.0,0.0,0.0,0.0,84
2023-05-09 21:01:27,bu2412,bu2412,3413.0,0.0,0.0,0.0,1,3361.0,3410.0,2,3413.0,3402.0,0.0,0.0,0.0,0.0,84
2023-05-09 21:01:32,bu2412,bu2412,3413.0,0.0,0.0,0.0,1,3368.0,3410.0,2,3413.0,3402.0,0.0,0.0,0.0,0.0,84
2023-05-09 21:01:33,bu2412,bu2412,3413.0,0.0,0.0,0.0,2,3368.0,3408.0,1,3413.0,3402.0,0.0,0.0,0.0,0.0,84
2023-05-09 21:01:33,bu2412,bu2412,3413.0,0.0,0.0,0.0,1,3369.0,3408.0,1,3413.0,3402.0,0.0,0.0,0.0,0.0,84
2023-05-09 21:01:36,bu2412,bu2412,3413.0,0.0,0.0,0.0,1,3369.0,3408.0,1,3413.0,3402.0,0.0,0.0,0.0,0.0,84
2023-05-09 21:01:36,bu2412,bu2412,3413.0,0.0,0.0,0.0,1,3369.0,3408.0,1,3413.0,3402.0,0.0,0.0,0.0,0.0,84
2023-05-09 21:01:41,bu2412,bu2412,3413.0,0.0,0.0,0.0,1,3369.0,3408.0,1,3413.0,3402.0,0.0,0.0,0.0,0.0,84
2023-05-09 21:01:41,bu2412,bu2412,3413.0,0.0,0.0,0.0,1,3369.0,3408.0,1,3413.0,3402.0,0.0,0.0,0.0,0.0,84
2023-05-09 21:01:42,bu2412,bu2412,3413.0,0.0,0.0,0.0,1,3369.0,3408.0,1,3413.0,3402.0,0.0,0.0,0.0,0.0,84
2023-05-09 21:01:43,bu2412,bu2412,3413.0,0.0,0.0,0.0,1,3369.0,3408.0,1,3413.0,3402.0,0.0,0.0,0.0,0.0,84
2023-05-09 21:01:49,bu2412,bu2412,3413.0,0.0,0.0,0.0,2,3370.0,3408.0,1,3413.0,3402.0,0.0,0.0,0.0,0.0,84
2023-05-09 21:01:50,bu2412,bu2412,3413.0,0.0,0.0,0.0,2,3370.0,3408.0,1,3413.0,3402.0,0.0,0.0,0.0,0.0,84
2023-05-09 21:01:50,bu2412,bu2412,3413.0,0.0,0.0,0.0,1,3371.0,3408.0,1,3413.0,3402.0,0.0,0.0,0.0,0.0,84
2023-05-09 21:01:59,bu2412,bu2412,3413.0,0.0,0.0,0.0,1,3372.0,3408.0,1,3413.0,3402.0,0.0,0.0,0.0,0.0,84
2023-05-09 21:02:00,bu2412,bu2412,3413.0,0.0,0.0,0.0,1,3372.0,3408.0,1,3413.0,3402.0,0.0,0.0,0.0,0.0,84
2023-05-09 21:02:00,bu2412,bu2412,3413.0,0.0,0.0,0.0,1,3373.0,3408.0,1,3413.0,3402.0,0.0,0.0,0.0,0.0,84
2023-05-09 21:02:07,bu2412,bu2412,3413.0,0.0,0.0,0.0,1,3373.0,3407.0,1,3413.0,3402.0,0.0,0.0,0.0,0.0,84
2023-05-09 21:02:07,bu2412,bu2412,3413.0,0.0,0.0,0.0,1,3373.0,3407.0,1,3413.0,3402.0,0.0,0.0,0.0,0.0,84
2023-05-09 21:02:10,bu2412,bu2412,3413.0,0.0,0.0,0.0,1,3373.0,3405.0,1,3413.0,3402.0,0.0,0.0,0.0,0.0,84
2023-05-09 21:02:30,bu2412,bu2412,3413.0,0.0,0.0,0.0,1,3373.0,3405.0,1,3413.0,3402.0,0.0,0.0,0.0,0.0,84
2023-05-09 21:02:34,bu2412,bu2412,3413.0,0.0,0.0,0.0,2,3374.0,3405.0,1,3413.0,3402.0,0.0,0.0,0.0,0.0,84
2023-05-09 21:02:35,bu2412,bu2412,3413.0,0.0,0.0,0.0,2,3374.0,3405.0,1,3413.0,3402.0,0.0,0.0,0.0,0.0,84
2023-05-09 21:02:35,bu2412,bu2412,3413.0,0.0,0.0,0.0,1,3375.0,3405.0,1,3413.0,3402.0,0.0,0.0,0.0,0.0,84
2023-05-09 21:02:38,bu2412,bu2412,3413.0,0.0,0.0,0.0,1,3375.0,3404.0,1,3413.0,3402.0,0.0,0.0,0.0,0.0,84
2023-05-09 21:02:38,bu2412,bu2412,3413.0,0.0,0.0,0.0,1,3375.0,3404.0,1,3413.0,3402.0,0.0,0.0,0.0,0.0,84
2023-05-09 21:03:13,bu2412,bu2412,3413.0,0.0,0.0,0.0,1,3375.0,3404.0,1,3413.0,3402.0,0.0,0.0,0.0,0.0,84
2023-05-09 21:03:17,bu2412,bu2412,3413.0,0.0,0.0,0.0,2,3376.0,3404.0,1,3413.0,3402.0,0.0,0.0,0.0,0.0,84
2023-05-09 21:03:18,bu2412,bu2412,3413.0,0.0,0.0,0.0,2,3376.0,3404.0,1,3413.0,3402.0,0.0,0.0,0.0,0.0,84
2023-05-09 21:03:18,bu2412,bu2412,3413.0,0.0,0.0,0.0,1,3377.0,3404.0,1,3413.0,3402.0,0.0,0.0,0.0,0.0,84
2023-05-09 21:03:29,bu2412,bu2412,3413.0,0.0,0.0,0.0,1,3377.0,3404.0,1,3413.0,3402.0,0.0,0.0,0.0,0.0,84
2023-05-09 21:03:37,bu2412,bu2412,3413.0,0.0,0.0,0.0,1,3380.0,3404.0,1,3413.0,3402.0,0.0,0.0,0.0,0.0,84
2023-05-09 21:03:37,bu2412,bu2412,3413.0,0.0,0.0,0.0,1,3380.0,3404.0,1,3413.0,3402.0,0.0,0.0,0.0,0.0,84
2023-05-09 21:03:38,bu2412,bu2412,3413.0,0.0,0.0,0.0,1,3381.0,3404.0,1,3413.0,3402.0,0.0,0.0,0.0,0.0,84
2023-05-09 21:03:38,bu2412,bu2412,3413.0,0.0,0.0,0.0,1,3381.0,3404.0,1,3413.0,3402.0,0.0,0.0,0.0,0.0,84
2023-05-09 21:03:39,bu2412,bu2412,3413.0,0.0,0.0,0.0,1,3381.0,3404.0,1,3413.0,3402.0,0.0,0.0,0.0,0.0,84
2023-05-09 21:03:42,bu2412,bu2412,3413.0,0.0,0.0,0.0,1,3381.0,3404.0,1,3413.0,3402.0,0.0,0.0,0.0,0.0,84
2023-05-09 21:03:42,bu2412,bu2412,3413.0,0.0,0.0,0.0,1,3381.0,3404.0,1,3413.0,3402.0,0.0,0.0,0.0,0.0,84
2023-05-09 21:03:43,bu2412,bu2412,3413.0,0.0,0.0,0.0,1,3381.0,3404.0,1,3413.0,3402.0,0.0,0.0,0.0,0.0,84
2023-05-09 21:03:44,bu2412,bu2412,3413.0,0.0,0.0,0.0,1,3381.0,3404.0,1,3413.0,3402.0,0.0,0.0,0.0,0.0,84
2023-05-09 21:03:47,bu2412,bu2412,3413.0,0.0,0.0,0.0,1,3381.0,3404.0,1,3413.0,3402.0,0.0,0.0,0.0,0.0,84
2023-05-09 21:03:48,bu2412,bu2412,3413.0,0.0,0.0,0.0,1,3381.0,3404.0,1,3413.0,3402.0,0.0,0.0,0.0,0.0,84
2023-05-09 21:03:49,bu2412,bu2412,3413.0,0.0,0.0,0.0,1,3381.0,3404.0,1,3413.0,3402.0,0.0,0.0,0.0,0.0,84
2023-05-09 21:03:49,bu2412,bu2412,3413.0,0.0,0.0,0.0,1,3381.0,3404.0,2,3413.0,3402.0,0.0,0.0,0.0,0.0,84
2023-05-09 21:03:50,bu2412,bu2412,3413.0,0.0,0.0,0.0,1,3381.0,3404.0,2,3413.0,3402.0,0.0,0.0,0.0,0.0,84
2023-05-09 21:03:50,bu2412,bu2412,3413.0,0.0,0.0,0.0,1,3381.0,3404.0,2,3413.0,3402.0,0.0,0.0,0.0,0.0,84
2023-05-09 21:03:53,bu2412,bu2412,3413.0,0.0,0.0,0.0,1,3381.0,3404.0,2,3413.0,3402.0,0.0,0.0,0.0,0.0,84
2023-05-09 21:03:54,bu2412,bu2412,3413.0,0.0,0.0,0.0,1,3381.0,3404.0,2,3413.0,3402.0,0.0,0.0,0.0,0.0,84
2023-05-09 21:03:54,bu2412,bu2412,3413.0,0.0,0.0,0.0,1,3381.0,3404.0,2,3413.0,3402.0,0.0,0.0,0.0,0.0,84
2023-05-09 21:03:55,bu2412,bu2412,3413.0,0.0,0.0,0.0,1,3381.0,3404.0,2,3413.0,3402.0,0.0,0.0,0.0,0.0,84
2023-05-09 21:03:56,bu2412,bu2412,3413.0,0.0,0.0,0.0,1,3381.0,3404.0,2,3413.0,3402.0,0.0,0.0,0.0,0.0,84
2023-05-09 21:03:57,bu2412,bu2412,3413.0,0.0,0.0,0.0,1,3381.0,3404.0,2,3413.0,3402.0,0.0,0.0,0.0,0.0,84
2023-05-09 21:03:59,bu2412,bu2412,3413.0,0.0,0.0,0.0,2,3382.0,3404.0,2,3413.0,3402.0,0.0,0.0,0.0,0.0,84
2023-05-09 21:04:00,bu2412,bu2412,3413.0,0.0,0.0,0.0,2,3382.0,3404.0,2,3413.0,3402.0,0.0,0.0,0.0,0.0,84
2023-05-09 21:04:00,bu2412,bu2412,3413.0,0.0,0.0,0.0,1,3383.0,3404.0,2,3413.0,3402.0,0.0,0.0,0.0,0.0,84
2023-05-09 21:04:02,bu2412,bu2412,3413.0,0.0,0.0,0.0,1,3383.0,3404.0,2,3413.0,3402.0,0.0,0.0,0.0,0.0,84
2023-05-09 21:04:03,bu2412,bu2412,3413.0,0.0,0.0,0.0,1,3383.0,3404.0,2,3413.0,3402.0,0.0,0.0,0.0,0.0,84
2023-05-09 21:04:03,bu2412,bu2412,3413.0,0.0,0.0,0.0,1,3383.0,3404.0,2,3413.0,3402.0,0.0,0.0,0.0,0.0,84
2023-05-09 21:04:04,bu2412,bu2412,3413.0,0.0,0.0,0.0,1,3383.0,3404.0,2,3413.0,3402.0,0.0,0.0,0.0,0.0,84
2023-05-09 21:04:05,bu2412,bu2412,3413.0,0.0,0.0,0.0,1,3383.0,3404.0,2,3413.0,3402.0,0.0,0.0,0.0,0.0,84
2023-05-09 21:04:05,bu2412,bu2412,3413.0,0.0,0.0,0.0,1,3383.0,3404.0,2,3413.0,3402.0,0.0,0.0,0.0,0.0,84
2023-05-09 21:04:07,bu2412,bu2412,3413.0,0.0,0.0,0.0,1,3383.0,3404.0,2,3413.0,3402.0,0.0,0.0,0.0,0.0,84
2023-05-09 21:04:08,bu2412,bu2412,3413.0,0.0,0.0,0.0,1,3383.0,3404.0,2,3413.0,3402.0,0.0,0.0,0.0,0.0,84
2023-05-09 21:04:08,bu2412,bu2412,3413.0,0.0,0.0,0.0,1,3383.0,3404.0,2,3413.0,3402.0,0.0,0.0,0.0,0.0,84
2023-05-09 21:04:09,bu2412,bu2412,3413.0,0.0,0.0,0.0,1,3383.0,3404.0,2,3413.0,3402.0,0.0,0.0,0.0,0.0,84
2023-05-09 21:04:21,bu2412,bu2412,3413.0,0.0,0.0,0.0,1,3383.0,3404.0,2,3413.0,3402.0,0.0,0.0,0.0,0.0,84
2023-05-09 21:04:22,bu2412,bu2412,3413.0,0.0,0.0,0.0,1,3383.0,3404.0,2,3413.0,3402.0,0.0,0.0,0.0,0.0,84
2023-05-09 21:04:24,bu2412,bu2412,3413.0,0.0,0.0,0.0,1,3383.0,3404.0,2,3413.0,3402.0,0.0,0.0,0.0,0.0,84
2023-05-09 21:04:25,bu2412,bu2412,3413.0,0.0,0.0,0.0,1,3383.0,3404.0,2,3413.0,3402.0,0.0,0.0,0.0,0.0,84
2023-05-09 21:04:32,bu2412,bu2412,3413.0,0.0,0.0,0.0,1,3383.0,3404.0,2,3413.0,3402.0,0.0,0.0,0.0,0.0,84
2023-05-09 21:04:33,bu2412,bu2412,3413.0,0.0,0.0,0.0,1,3383.0,3404.0,2,3413.0,3402.0,0.0,0.0,0.0,0.0,84
2023-05-09 21:04:38,bu2412,bu2412,3413.0,0.0,0.0,0.0,1,3383.0,3404.0,2,3413.0,3402.0,0.0,0.0,0.0,0.0,84
2023-05-09 21:04:38,bu2412,bu2412,3413.0,0.0,0.0,0.0,1,3383.0,3404.0,2,3413.0,3402.0,0.0,0.0,0.0,0.0,84
2023-05-09 21:04:41,bu2412,bu2412,3413.0,0.0,0.0,0.0,1,3383.0,3404.0,2,3413.0,3402.0,0.0,0.0,0.0,0.0,84
2023-05-09 21:04:41,bu2412,bu2412,3413.0,0.0,0.0,0.0,1,3383.0,3404.0,2,3413.0,3402.0,0.0,0.0,0.0,0.0,84
2023-05-09 21:04:42,bu2412,bu2412,3413.0,0.0,0.0,0.0,1,3383.0,3403.0,2,3413.0,3402.0,0.0,0.0,0.0,0.0,84
2023-05-09 21:04:43,bu2412,bu2412,3413.0,0.0,0.0,0.0,1,3383.0,3403.0,2,3413.0,3402.0,0.0,0.0,0.0,0.0,84
2023-05-09 21:04:45,bu2412,bu2412,3413.0,0.0,0.0,0.0,1,3383.0,3403.0,2,3413.0,3402.0,0.0,0.0,0.0,0.0,84
2023-05-09 21:04:46,bu2412,bu2412,3413.0,0.0,0.0,0.0,1,3383.0,3403.0,2,3413.0,3402.0,0.0,0.0,0.0,0.0,84
2023-05-09 21:04:48,bu2412,bu2412,3413.0,0.0,0.0,0.0,1,3383.0,3403.0,2,3413.0,3402.0,0.0,0.0,0.0,0.0,84
2023-05-09 21:04:48,bu2412,bu2412,3413.0,0.0,0.0,0.0,1,3383.0,3403.0,2,3413.0,3402.0,0.0,0.0,0.0,0.0,84
2023-05-09 21:04:50,bu2412,bu2412,3413.0,0.0,0.0,0.0,1,3383.0,3403.0,2,3413.0,3402.0,0.0,0.0,0.0,0.0,84
2023-05-09 21:04:51,bu2412,bu2412,3413.0,0.0,0.0,0.0,1,3383.0,3403.0,2,3413.0,3402.0,0.0,0.0,0.0,0.0,84
2023-05-09 21:04:54,bu2412,bu2412,3413.0,0.0,0.0,0.0,1,3383.0,3403.0,2,3413.0,3402.0,0.0,0.0,0.0,0.0,84
2023-05-09 21:04:54,bu2412,bu2412,3413.0,0.0,0.0,0.0,1,3383.0,3403.0,2,3413.0,3402.0,0.0,0.0,0.0,0.0,84
2023-05-09 21:04:55,bu2412,bu2412,3413.0,0.0,0.0,0.0,1,3383.0,3403.0,2,3413.0,3402.0,0.0,0.0,0.0,0.0,84
2023-05-09 21:04:56,bu2412,bu2412,3413.0,0.0,0.0,0.0,1,3383.0,3403.0,2,3413.0,3402.0,0.0,0.0,0.0,0.0,84
2023-05-09 21:04:59,bu2412,bu2412,3413.0,0.0,0.0,0.0,1,3383.0,3403.0,2,3413.0,3402.0,0.0,0.0,0.0,0.0,84
2023-05-09 21:04:59,bu2412,bu2412,3413.0,0.0,0.0,0.0,1,3383.0,3403.0,2,3413.0,3402.0,0.0,0.0,0.0,0.0,84
2023-05-09 21:05:02,bu2412,bu2412,3413.0,0.0,0.0,0.0,1,3383.0,3403.0,2,3413.0,3402.0,0.0,0.0,0.0,0.0,84
2023-05-09 21:05:03,bu2412,bu2412,3413.0,0.0,0.0,0.0,1,3383.0,3403.0,2,3413.0,3402.0,0.0,0.0,0.0,0.0,84
2023-05-09 21:05:07,bu2412,bu2412,3413.0,0.0,0.0,0.0,1,3383.0,3403.0,2,3413.0,3402.0,0.0,0.0,0.0,0.0,84
2023-05-09 21:05:08,bu2412,bu2412,3413.0,0.0,0.0,0.0,1,3383.0,3403.0,2,3413.0,3402.0,0.0,0.0,0.0,0.0,84
2023-05-09 21:05:08,bu2412,bu2412,3413.0,0.0,0.0,0.0,1,3383.0,3403.0,2,3413.0,3402.0,0.0,0.0,0.0,0.0,84
2023-05-09 21:05:09,bu2412,bu2412,3413.0,0.0,0.0,0.0,1,3383.0,3403.0,2,3413.0,3402.0,0.0,0.0,0.0,0.0,84
2023-05-09 21:05:10,bu2412,bu2412,3413.0,0.0,0.0,0.0,1,3383.0,3404.0,1,3413.0,3402.0,0.0,0.0,0.0,0.0,84
2023-05-09 21:05:13,bu2412,bu2412,3413.0,0.0,0.0,0.0,1,3383.0,3404.0,1,3413.0,3402.0,0.0,0.0,0.0,0.0,84
2023-05-09 21:05:14,bu2412,bu2412,3413.0,0.0,0.0,0.0,1,3383.0,3404.0,1,3413.0,3402.0,0.0,0.0,0.0,0.0,84
2023-05-09 21:05:25,bu2412,bu2412,3413.0,0.0,0.0,0.0,2,3384.0,3404.0,1,3413.0,3402.0,0.0,0.0,0.0,0.0,84
2023-05-09 21:05:26,bu2412,bu2412,3413.0,0.0,0.0,0.0,3,3384.0,3404.0,1,3413.0,3402.0,0.0,0.0,0.0,0.0,84
2023-05-09 21:05:26,bu2412,bu2412,3413.0,0.0,0.0,0.0,1,3385.0,3404.0,1,3413.0,3402.0,0.0,0.0,0.0,0.0,84
2023-05-09 21:05:28,bu2412,bu2412,3413.0,0.0,0.0,0.0,1,3385.0,3404.0,1,3413.0,3402.0,0.0,0.0,0.0,0.0,84
2023-05-09 21:05:28,bu2412,bu2412,3413.0,0.0,0.0,0.0,1,3385.0,3404.0,1,3413.0,3402.0,0.0,0.0,0.0,0.0,84
2023-05-09 21:05:29,bu2412,bu2412,3413.0,0.0,0.0,0.0,1,3385.0,3404.0,1,3413.0,3402.0,0.0,0.0,0.0,0.0,84
2023-05-09 21:05:30,bu2412,bu2412,3413.0,0.0,0.0,0.0,1,3385.0,3404.0,1,3413.0,3402.0,0.0,0.0,0.0,0.0,84
2023-05-09 21:05:30,bu2412,bu2412,3413.0,0.0,0.0,0.0,1,3385.0,3404.0,1,3413.0,3402.0,0.0,0.0,0.0,0.0,84
2023-05-09 21:05:42,bu2412,bu2412,3413.0,0.0,0.0,0.0,1,3385.0,3404.0,1,3413.0,3402.0,0.0,0.0,0.0,0.0,84
2023-05-09 21:05:42,bu2412,bu2412,3413.0,0.0,0.0,0.0,1,3385.0,3404.0,1,3413.0,3402.0,0.0,0.0,0.0,0.0,84
2023-05-09 21:05:52,bu2412,bu2412,3413.0,0.0,0.0,0.0,1,3385.0,3404.0,1,3413.0,3402.0,0.0,0.0,0.0,0.0,84
2023-05-09 21:05:53,bu2412,bu2412,3413.0,0.0,0.0,0.0,1,3385.0,3404.0,1,3413.0,3402.0,0.0,0.0,0.0,0.0,84
2023-05-09 21:05:55,bu2412,bu2412,3413.0,0.0,0.0,0.0,1,3385.0,3404.0,1,3413.0,3402.0,0.0,0.0,0.0,0.0,84
2023-05-09 21:05:56,bu2412,bu2412,3413.0,0.0,0.0,0.0,1,3385.0,3404.0,1,3413.0,3402.0,0.0,0.0,0.0,0.0,84
2023-05-09 21:05:57,bu2412,bu2412,3413.0,0.0,0.0,0.0,1,3385.0,3404.0,1,3413.0,3402.0,0.0,0.0,0.0,0.0,84
2023-05-09 21:05:58,bu2412,bu2412,3413.0,0.0,0.0,0.0,1,3385.0,3404.0,1,3413.0,3402.0,0.0,0.0,0.0,0.0,84
2023-05-09 21:06:04,bu2412,bu2412,3413.0,0.0,0.0,0.0,1,3385.0,3404.0,1,3413.0,3402.0,0.0,0.0,0.0,0.0,84
2023-05-09 21:06:08,bu2412,bu2412,3413.0,0.0,0.0,0.0,2,3386.0,3404.0,1,3413.0,3402.0,0.0,0.0,0.0,0.0,84
2023-05-09 21:06:09,bu2412,bu2412,3413.0,0.0,0.0,0.0,2,3386.0,3404.0,1,3413.0,3402.0,0.0,0.0,0.0,0.0,84
2023-05-09 21:06:09,bu2412,bu2412,3413.0,0.0,0.0,0.0,1,3387.0,3404.0,1,3413.0,3402.0,0.0,0.0,0.0,0.0,84
2023-05-09 21:06:10,bu2412,bu2412,3413.0,0.0,0.0,0.0,1,3387.0,3408.0,1,3413.0,3402.0,0.0,0.0,0.0,0.0,84
2023-05-09 21:06:13,bu2412,bu2412,3413.0,0.0,0.0,0.0,1,3387.0,3408.0,1,3413.0,3402.0,0.0,0.0,0.0,0.0,84
2023-05-09 21:06:14,bu2412,bu2412,3413.0,0.0,0.0,0.0,1,3387.0,3408.0,1,3413.0,3402.0,0.0,0.0,0.0,0.0,84
2023-05-09 21:06:15,bu2412,bu2412,3413.0,0.0,0.0,0.0,1,3387.0,3408.0,1,3413.0,3402.0,0.0,0.0,0.0,0.0,84
2023-05-09 21:06:16,bu2412,bu2412,3413.0,0.0,0.0,0.0,1,3387.0,3408.0,1,3413.0,3402.0,0.0,0.0,0.0,0.0,84
2023-05-09 21:06:20,bu2412,bu2412,3413.0,0.0,0.0,0.0,1,3387.0,3408.0,1,3413.0,3402.0,0.0,0.0,0.0,0.0,84
2023-05-09 21:06:21,bu2412,bu2412,3413.0,0.0,0.0,0.0,1,3387.0,3408.0,1,3413.0,3402.0,0.0,0.0,0.0,0.0,84
2023-05-09 21:06:25,bu2412,bu2412,3413.0,0.0,0.0,0.0,1,3387.0,3408.0,1,3413.0,3402.0,0.0,0.0,0.0,0.0,84
2023-05-09 21:06:26,bu2412,bu2412,3413.0,0.0,0.0,0.0,1,3387.0,3408.0,2,3413.0,3402.0,0.0,0.0,0.0,0.0,84
2023-05-09 21:06:31,bu2412,bu2412,3413.0,0.0,0.0,0.0,1,3387.0,3408.0,2,3413.0,3402.0,0.0,0.0,0.0,0.0,84
2023-05-09 21:06:31,bu2412,bu2412,3413.0,0.0,0.0,0.0,1,3387.0,3408.0,2,3413.0,3402.0,0.0,0.0,0.0,0.0,84
2023-05-09 21:06:33,bu2412,bu2412,3413.0,0.0,0.0,0.0,1,3387.0,3408.0,2,3413.0,3402.0,0.0,0.0,0.0,0.0,84
2023-05-09 21:06:34,bu2412,bu2412,3413.0,0.0,0.0,0.0,1,3387.0,3408.0,2,3413.0,3402.0,0.0,0.0,0.0,0.0,84
2023-05-09 21:06:34,bu2412,bu2412,3413.0,0.0,0.0,0.0,1,3387.0,3407.0,1,3413.0,3402.0,0.0,0.0,0.0,0.0,84
2023-05-09 21:06:35,bu2412,bu2412,3413.0,0.0,0.0,0.0,1,3387.0,3407.0,1,3413.0,3402.0,0.0,0.0,0.0,0.0,84
2023-05-09 21:06:38,bu2412,bu2412,3413.0,0.0,0.0,0.0,1,3387.0,3407.0,1,3413.0,3402.0,0.0,0.0,0.0,0.0,84
2023-05-09 21:06:38,bu2412,bu2412,3413.0,0.0,0.0,0.0,1,3387.0,3407.0,1,3413.0,3402.0,0.0,0.0,0.0,0.0,84
2023-05-09 21:06:39,bu2412,bu2412,3413.0,0.0,0.0,0.0,1,3387.0,3407.0,1,3413.0,3402.0,0.0,0.0,0.0,0.0,84
2023-05-09 21:06:40,bu2412,bu2412,3413.0,0.0,0.0,0.0,1,3387.0,3407.0,1,3413.0,3402.0,0.0,0.0,0.0,0.0,84
2023-05-09 21:06:45,bu2412,bu2412,3413.0,0.0,0.0,0.0,1,3387.0,3407.0,1,3413.0,3402.0,0.0,0.0,0.0,0.0,84
2023-05-09 21:06:45,bu2412,bu2412,3413.0,0.0,0.0,0.0,1,3387.0,3407.0,1,3413.0,3402.0,0.0,0.0,0.0,0.0,84
2023-05-09 21:06:46,bu2412,bu2412,3413.0,0.0,0.0,0.0,1,3384.0,3407.0,1,3413.0,3402.0,0.0,0.0,0.0,0.0,84
2023-05-09 21:06:46,bu2412,bu2412,3413.0,0.0,0.0,0.0,1,3385.0,3407.0,1,3413.0,3402.0,0.0,0.0,0.0,0.0,84
2023-05-09 21:06:49,bu2412,bu2412,3413.0,0.0,0.0,0.0,1,3385.0,3407.0,1,3413.0,3402.0,0.0,0.0,0.0,0.0,84
2023-05-09 21:06:50,bu2412,bu2412,3413.0,0.0,0.0,0.0,1,3385.0,3407.0,2,3413.0,3402.0,0.0,0.0,0.0,0.0,84
2023-05-09 21:06:50,bu2412,bu2412,3413.0,0.0,0.0,0.0,2,3386.0,3407.0,2,3413.0,3402.0,0.0,0.0,0.0,0.0,84
2023-05-09 21:06:51,bu2412,bu2412,3413.0,0.0,0.0,0.0,2,3386.0,3407.0,2,3413.0,3402.0,0.0,0.0,0.0,0.0,84
2023-05-09 21:06:51,bu2412,bu2412,3413.0,0.0,0.0,0.0,1,3387.0,3407.0,2,3413.0,3402.0,0.0,0.0,0.0,0.0,84
2023-05-09 21:06:52,bu2412,bu2412,3413.0,0.0,0.0,0.0,1,3387.0,3407.0,2,3413.0,3402.0,0.0,0.0,0.0,0.0,84
2023-05-09 21:06:52,bu2412,bu2412,3413.0,0.0,0.0,0.0,1,3387.0,3407.0,2,3413.0,3402.0,0.0,0.0,0.0,0.0,84
2023-05-09 21:06:53,bu2412,bu2412,3413.0,0.0,0.0,0.0,1,3387.0,3407.0,2,3413.0,3402.0,0.0,0.0,0.0,0.0,84
2023-05-09 21:07:03,bu2412,bu2412,3413.0,0.0,0.0,0.0,1,3387.0,3407.0,2,3413.0,3402.0,0.0,0.0,0.0,0.0,84
2023-05-09 21:07:03,bu2412,bu2412,3413.0,0.0,0.0,0.0,1,3387.0,3407.0,2,3413.0,3402.0,0.0,0.0,0.0,0.0,84
2023-05-09 21:07:04,bu2412,bu2412,3413.0,0.0,0.0,0.0,1,3387.0,3407.0,2,3413.0,3402.0,0.0,0.0,0.0,0.0,84
2023-05-09 21:07:05,bu2412,bu2412,3413.0,0.0,0.0,0.0,1,3387.0,3407.0,2,3413.0,3402.0,0.0,0.0,0.0,0.0,84
2023-05-09 21:07:07,bu2412,bu2412,3413.0,0.0,0.0,0.0,1,3387.0,3407.0,2,3413.0,3402.0,0.0,0.0,0.0,0.0,84
2023-05-09 21:07:07,bu2412,bu2412,3413.0,0.0,0.0,0.0,1,3387.0,3407.0,2,3413.0,3402.0,0.0,0.0,0.0,0.0,84
2023-05-09 21:07:10,bu2412,bu2412,3413.0,0.0,0.0,0.0,1,3387.0,3407.0,2,3413.0,3402.0,0.0,0.0,0.0,0.0,84
2023-05-09 21:07:10,bu2412,bu2412,3413.0,0.0,0.0,0.0,1,3387.0,3407.0,2,3413.0,3402.0,0.0,0.0,0.0,0.0,84
2023-05-09 21:07:11,bu2412,bu2412,3413.0,0.0,0.0,0.0,1,3387.0,3407.0,2,3413.0,3402.0,0.0,0.0,0.0,0.0,84
2023-05-09 21:07:11,bu2412,bu2412,3413.0,0.0,0.0,0.0,1,3387.0,3407.0,2,3413.0,3402.0,0.0,0.0,0.0,0.0,84
2023-05-09 21:07:12,bu2412,bu2412,3413.0,0.0,0.0,0.0,1,3387.0,3407.0,2,3413.0,3402.0,0.0,0.0,0.0,0.0,84
2023-05-09 21:07:12,bu2412,bu2412,3413.0,0.0,0.0,0.0,1,3387.0,3407.0,2,3413.0,3402.0,0.0,0.0,0.0,0.0,84
2023-05-09 21:07:13,bu2412,bu2412,3413.0,0.0,0.0,0.0,1,3387.0,3407.0,2,3413.0,3402.0,0.0,0.0,0.0,0.0,84
2023-05-09 21:07:14,bu2412,bu2412,3413.0,0.0,0.0,0.0,1,3387.0,3407.0,2,3413.0,3402.0,0.0,0.0,0.0,0.0,84
2023-05-09 21:07:21,bu2412,bu2412,3413.0,0.0,0.0,0.0,1,3384.0,3407.0,2,3413.0,3402.0,0.0,0.0,0.0,0.0,84
2023-05-09 21:07:21,bu2412,bu2412,3413.0,0.0,0.0,0.0,1,3385.0,3407.0,2,3413.0,3402.0,0.0,0.0,0.0,0.0,84
2023-05-09 21:07:23,bu2412,bu2412,3413.0,0.0,0.0,0.0,1,3385.0,3407.0,2,3413.0,3402.0,0.0,0.0,0.0,0.0,84
2023-05-09 21:07:23,bu2412,bu2412,3413.0,0.0,0.0,0.0,1,3385.0,3407.0,2,3413.0,3402.0,0.0,0.0,0.0,0.0,84
2023-05-09 21:07:29,bu2412,bu2412,3413.0,0.0,0.0,0.0,1,3385.0,3407.0,2,3413.0,3402.0,0.0,0.0,0.0,0.0,84
2023-05-09 21:07:29,bu2412,bu2412,3413.0,0.0,0.0,0.0,1,3385.0,3407.0,2,3413.0,3402.0,0.0,0.0,0.0,0.0,84
2023-05-09 21:07:34,bu2412,bu2412,3413.0,0.0,0.0,0.0,1,3385.0,3406.0,2,3413.0,3402.0,0.0,0.0,0.0,0.0,84
2023-05-09 21:07:34,bu2412,bu2412,3413.0,0.0,0.0,0.0,1,3385.0,3406.0,2,3413.0,3402.0,0.0,0.0,0.0,0.0,84
2023-05-09 21:07:36,bu2412,bu2412,3413.0,0.0,0.0,0.0,1,3385.0,3406.0,2,3413.0,3402.0,0.0,0.0,0.0,0.0,84
2023-05-09 21:07:36,bu2412,bu2412,3413.0,0.0,0.0,0.0,1,3385.0,3406.0,2,3413.0,3402.0,0.0,0.0,0.0,0.0,84
2023-05-09 21:07:42,bu2412,bu2412,3413.0,0.0,0.0,0.0,1,3385.0,3406.0,2,3413.0,3402.0,0.0,0.0,0.0,0.0,84
2023-05-09 21:07:42,bu2412,bu2412,3413.0,0.0,0.0,0.0,1,3385.0,3406.0,2,3413.0,3402.0,0.0,0.0,0.0,0.0,84
2023-05-09 21:07:44,bu2412,bu2412,3413.0,0.0,0.0,0.0,1,3385.0,3402.0,1,3413.0,3402.0,0.0,0.0,0.0,0.0,84
2023-05-09 21:07:44,bu2412,bu2412,3413.0,0.0,0.0,0.0,1,3385.0,3402.0,1,3413.0,3402.0,0.0,0.0,0.0,0.0,84
2023-05-09 21:07:51,bu2412,bu2412,3413.0,0.0,0.0,0.0,1,3385.0,3402.0,1,3413.0,3402.0,0.0,0.0,0.0,0.0,84
2023-05-09 21:07:51,bu2412,bu2412,3413.0,0.0,0.0,0.0,1,3385.0,3402.0,1,3413.0,3402.0,0.0,0.0,0.0,0.0,84
2023-05-09 21:08:02,bu2412,bu2412,3413.0,0.0,0.0,0.0,1,3385.0,3402.0,1,3413.0,3402.0,0.0,0.0,0.0,0.0,84
2023-05-09 21:08:02,bu2412,bu2412,3413.0,0.0,0.0,0.0,1,3385.0,3402.0,2,3413.0,3402.0,0.0,0.0,0.0,0.0,84
2023-05-09 21:08:03,bu2412,bu2412,3413.0,0.0,0.0,0.0,1,3385.0,3402.0,2,3413.0,3402.0,0.0,0.0,0.0,0.0,84
2023-05-09 21:08:04,bu2412,bu2412,3413.0,0.0,0.0,0.0,1,3385.0,3402.0,2,3413.0,3402.0,0.0,0.0,0.0,0.0,84
2023-05-09 21:08:10,bu2412,bu2412,3413.0,0.0,0.0,0.0,1,3385.0,3402.0,2,3413.0,3402.0,0.0,0.0,0.0,0.0,84
2023-05-09 21:08:10,bu2412,bu2412,3413.0,0.0,0.0,0.0,1,3385.0,3402.0,2,3413.0,3402.0,0.0,0.0,0.0,0.0,84
2023-05-09 21:08:16,bu2412,bu2412,3413.0,0.0,0.0,0.0,1,3385.0,3402.0,2,3413.0,3402.0,0.0,0.0,0.0,0.0,84
2023-05-09 21:08:16,bu2412,bu2412,3413.0,0.0,0.0,0.0,2,3386.0,3402.0,2,3413.0,3402.0,0.0,0.0,0.0,0.0,84
2023-05-09 21:08:17,bu2412,bu2412,3413.0,0.0,0.0,0.0,2,3386.0,3402.0,2,3413.0,3402.0,0.0,0.0,0.0,0.0,84
2023-05-09 21:08:17,bu2412,bu2412,3413.0,0.0,0.0,0.0,1,3387.0,3402.0,2,3413.0,3402.0,0.0,0.0,0.0,0.0,84
2023-05-09 21:08:18,bu2412,bu2412,3413.0,0.0,0.0,0.0,1,3387.0,3402.0,2,3413.0,3402.0,0.0,0.0,0.0,0.0,84
2023-05-09 21:08:19,bu2412,bu2412,3413.0,0.0,0.0,0.0,1,3387.0,3402.0,2,3413.0,3402.0,0.0,0.0,0.0,0.0,84
2023-05-09 21:08:25,bu2412,bu2412,3413.0,0.0,0.0,0.0,1,3387.0,3402.0,2,3413.0,3402.0,0.0,0.0,0.0,0.0,84
2023-05-09 21:08:25,bu2412,bu2412,3413.0,0.0,0.0,0.0,1,3387.0,3402.0,2,3413.0,3402.0,0.0,0.0,0.0,0.0,84
2023-05-09 21:08:26,bu2412,bu2412,3413.0,0.0,0.0,0.0,1,3387.0,3402.0,2,3413.0,3402.0,0.0,0.0,0.0,0.0,84
2023-05-09 21:08:27,bu2412,bu2412,3413.0,0.0,0.0,0.0,1,3387.0,3402.0,2,3413.0,3402.0,0.0,0.0,0.0,0.0,84
2023-05-09 21:08:27,bu2412,bu2412,3413.0,0.0,0.0,0.0,1,3387.0,3402.0,2,3413.0,3402.0,0.0,0.0,0.0,0.0,84
2023-05-09 21:08:28,bu2412,bu2412,3413.0,0.0,0.0,0.0,1,3387.0,3402.0,2,3413.0,3402.0,0.0,0.0,0.0,0.0,84
2023-05-09 21:08:29,bu2412,bu2412,3413.0,0.0,0.0,0.0,1,3388.0,3402.0,2,3413.0,3402.0,0.0,0.0,0.0,0.0,84
2023-05-09 21:08:30,bu2412,bu2412,3413.0,0.0,0.0,0.0,1,3388.0,3402.0,2,3413.0,3402.0,0.0,0.0,0.0,0.0,84
2023-05-09 21:08:35,bu2412,bu2412,3413.0,0.0,0.0,0.0,1,3388.0,3402.0,2,3413.0,3402.0,0.0,0.0,0.0,0.0,84
2023-05-09 21:08:36,bu2412,bu2412,3413.0,0.0,0.0,0.0,1,3388.0,3402.0,2,3413.0,3402.0,0.0,0.0,0.0,0.0,84
2023-05-09 21:08:37,bu2412,bu2412,3413.0,0.0,0.0,0.0,1,3389.0,3402.0,2,3413.0,3402.0,0.0,0.0,0.0,0.0,84
2023-05-09 21:08:37,bu2412,bu2412,3413.0,0.0,0.0,0.0,1,3389.0,3402.0,2,3413.0,3402.0,0.0,0.0,0.0,0.0,84
2023-05-09 21:08:38,bu2412,bu2412,3413.0,0.0,0.0,0.0,1,3389.0,3402.0,2,3413.0,3402.0,0.0,0.0,0.0,0.0,84
2023-05-09 21:08:41,bu2412,bu2412,3413.0,0.0,0.0,0.0,1,3389.0,3402.0,2,3413.0,3402.0,0.0,0.0,0.0,0.0,84
2023-05-09 21:08:42,bu2412,bu2412,3413.0,0.0,0.0,0.0,1,3389.0,3402.0,2,3413.0,3402.0,0.0,0.0,0.0,0.0,84
2023-05-09 21:08:44,bu2412,bu2412,3413.0,0.0,0.0,0.0,1,3389.0,3402.0,2,3413.0,3402.0,0.0,0.0,0.0,0.0,84
2023-05-09 21:08:44,bu2412,bu2412,3413.0,0.0,0.0,0.0,1,3389.0,3402.0,2,3413.0,3402.0,0.0,0.0,0.0,0.0,84
2023-05-09 21:08:48,bu2412,bu2412,3413.0,0.0,0.0,0.0,1,3388.0,3402.0,2,3413.0,3402.0,0.0,0.0,0.0,0.0,84
2023-05-09 21:08:55,bu2412,bu2412,3413.0,0.0,0.0,0.0,1,3388.0,3402.0,2,3413.0,3402.0,0.0,0.0,0.0,0.0,84
2023-05-09 21:08:57,bu2412,bu2412,3413.0,0.0,0.0,0.0,1,3388.0,3402.0,2,3413.0,3402.0,0.0,0.0,0.0,0.0,84
2023-05-09 21:08:58,bu2412,bu2412,3413.0,0.0,0.0,0.0,1,3388.0,3402.0,2,3413.0,3402.0,0.0,0.0,0.0,0.0,84
2023-05-09 21:09:00,bu2412,bu2412,3413.0,0.0,0.0,0.0,2,3389.0,3402.0,2,3413.0,3402.0,0.0,0.0,0.0,0.0,84
2023-05-09 21:09:09,bu2412,bu2412,3413.0,0.0,0.0,0.0,2,3389.0,3402.0,2,3413.0,3402.0,0.0,0.0,0.0,0.0,84
2023-05-09 21:09:09,bu2412,bu2412,3413.0,0.0,0.0,0.0,2,3389.0,3402.0,2,3413.0,3402.0,0.0,0.0,0.0,0.0,84
2023-05-09 21:09:27,bu2412,bu2412,3413.0,0.0,0.0,0.0,2,3389.0,3402.0,2,3413.0,3402.0,0.0,0.0,0.0,0.0,84
2023-05-09 21:09:28,bu2412,bu2412,3413.0,0.0,0.0,0.0,2,3389.0,3402.0,2,3413.0,3402.0,0.0,0.0,0.0,0.0,84
2023-05-09 21:09:35,bu2412,bu2412,3413.0,0.0,0.0,0.0,2,3389.0,3402.0,2,3413.0,3402.0,0.0,0.0,0.0,0.0,84
2023-05-09 21:09:36,bu2412,bu2412,3413.0,0.0,0.0,0.0,2,3389.0,3402.0,2,3413.0,3402.0,0.0,0.0,0.0,0.0,84
2023-05-09 21:09:36,bu2412,bu2412,3413.0,0.0,0.0,0.0,2,3389.0,3402.0,2,3413.0,3402.0,0.0,0.0,0.0,0.0,84
2023-05-09 21:09:38,bu2412,bu2412,3413.0,0.0,0.0,0.0,2,3389.0,3402.0,2,3413.0,3402.0,0.0,0.0,0.0,0.0,84
2023-05-09 21:09:39,bu2412,bu2412,3413.0,0.0,0.0,0.0,2,3389.0,3402.0,2,3413.0,3402.0,0.0,0.0,0.0,0.0,84
2023-05-09 21:09:39,bu2412,bu2412,3413.0,0.0,0.0,0.0,2,3389.0,3402.0,1,3413.0,3402.0,0.0,0.0,0.0,0.0,84
2023-05-09 21:09:41,bu2412,bu2412,3413.0,0.0,0.0,0.0,2,3389.0,3402.0,1,3413.0,3402.0,0.0,0.0,0.0,0.0,84
2023-05-09 21:09:42,bu2412,bu2412,3413.0,0.0,0.0,0.0,2,3389.0,3402.0,1,3413.0,3402.0,0.0,0.0,0.0,0.0,84
2023-05-09 21:09:55,bu2412,bu2412,3413.0,0.0,0.0,0.0,2,3389.0,3402.0,1,3413.0,3402.0,0.0,0.0,0.0,0.0,84
2023-05-09 21:09:55,bu2412,bu2412,3413.0,0.0,0.0,0.0,2,3389.0,3402.0,1,3413.0,3402.0,0.0,0.0,0.0,0.0,84
2023-05-09 21:09:57,bu2412,bu2412,3413.0,0.0,0.0,0.0,1,3388.0,3402.0,1,3413.0,3402.0,0.0,0.0,0.0,0.0,84
2023-05-09 21:10:02,bu2412,bu2412,3413.0,0.0,0.0,0.0,1,3388.0,3402.0,1,3413.0,3402.0,0.0,0.0,0.0,0.0,84
2023-05-09 21:10:02,bu2412,bu2412,3413.0,0.0,0.0,0.0,1,3388.0,3402.0,1,3413.0,3402.0,0.0,0.0,0.0,0.0,84
2023-05-09 21:10:05,bu2412,bu2412,3413.0,0.0,0.0,0.0,1,3388.0,3402.0,1,3413.0,3402.0,0.0,0.0,0.0,0.0,84
2023-05-09 21:10:05,bu2412,bu2412,3413.0,0.0,0.0,0.0,1,3388.0,3402.0,1,3413.0,3402.0,0.0,0.0,0.0,0.0,84
2023-05-09 21:10:10,bu2412,bu2412,3413.0,0.0,0.0,0.0,1,3388.0,3402.0,1,3413.0,3402.0,0.0,0.0,0.0,0.0,84
2023-05-09 21:10:11,bu2412,bu2412,3413.0,0.0,0.0,0.0,1,3388.0,3402.0,1,3413.0,3402.0,0.0,0.0,0.0,0.0,84
2023-05-09 21:10:15,bu2412,bu2412,3413.0,0.0,0.0,0.0,1,3388.0,3402.0,1,3413.0,3402.0,0.0,0.0,0.0,0.0,84
2023-05-09 21:10:15,bu2412,bu2412,3413.0,0.0,0.0,0.0,1,3388.0,3402.0,1,3413.0,3402.0,0.0,0.0,0.0,0.0,84
2023-05-09 21:10:18,bu2412,bu2412,3413.0,0.0,0.0,0.0,1,3388.0,3402.0,1,3413.0,3402.0,0.0,0.0,0.0,0.0,84
2023-05-09 21:10:20,bu2412,bu2412,3413.0,0.0,0.0,0.0,1,3388.0,3402.0,1,3413.0,3402.0,0.0,0.0,0.0,0.0,84
2023-05-09 21:10:26,bu2412,bu2412,3413.0,0.0,0.0,0.0,2,3389.0,3402.0,1,3413.0,3402.0,0.0,0.0,0.0,0.0,84
2023-05-09 21:10:27,bu2412,bu2412,3413.0,0.0,0.0,0.0,2,3389.0,3402.0,1,3413.0,3402.0,0.0,0.0,0.0,0.0,84
2023-05-09 21:10:36,bu2412,bu2412,3413.0,0.0,0.0,0.0,2,3389.0,3402.0,1,3413.0,3402.0,0.0,0.0,0.0,0.0,84
2023-05-09 21:10:36,bu2412,bu2412,3413.0,0.0,0.0,0.0,2,3389.0,3402.0,1,3413.0,3402.0,0.0,0.0,0.0,0.0,84
2023-05-09 21:10:39,bu2412,bu2412,3413.0,0.0,0.0,0.0,2,3389.0,3402.0,1,3413.0,3402.0,0.0,0.0,0.0,0.0,84
2023-05-09 21:10:43,bu2412,bu2412,3413.0,0.0,0.0,0.0,2,3389.0,3402.0,1,3413.0,3402.0,0.0,0.0,0.0,0.0,84
2023-05-09 21:10:43,bu2412,bu2412,3413.0,0.0,0.0,0.0,2,3389.0,3402.0,1,3413.0,3402.0,0.0,0.0,0.0,0.0,84
2023-05-09 21:10:45,bu2412,bu2412,3413.0,0.0,0.0,0.0,2,3389.0,3402.0,1,3413.0,3402.0,0.0,0.0,0.0,0.0,84
2023-05-09 21:10:45,bu2412,bu2412,3413.0,0.0,0.0,0.0,2,3389.0,3402.0,1,3413.0,3402.0,0.0,0.0,0.0,0.0,84
2023-05-09 21:10:46,bu2412,bu2412,3413.0,0.0,0.0,0.0,2,3389.0,3402.0,1,3413.0,3402.0,0.0,0.0,0.0,0.0,84
2023-05-09 21:10:47,bu2412,bu2412,3413.0,0.0,0.0,0.0,2,3389.0,3402.0,1,3413.0,3402.0,0.0,0.0,0.0,0.0,84
2023-05-09 21:10:50,bu2412,bu2412,3413.0,0.0,0.0,0.0,2,3389.0,3402.0,1,3413.0,3402.0,0.0,0.0,0.0,0.0,84
2023-05-09 21:10:51,bu2412,bu2412,3413.0,0.0,0.0,0.0,2,3389.0,3402.0,1,3413.0,3402.0,0.0,0.0,0.0,0.0,84
2023-05-09 21:10:54,bu2412,bu2412,3413.0,0.0,0.0,0.0,2,3389.0,3402.0,1,3413.0,3402.0,0.0,0.0,0.0,0.0,84
2023-05-09 21:10:55,bu2412,bu2412,3413.0,0.0,0.0,0.0,2,3389.0,3402.0,2,3413.0,3402.0,0.0,0.0,0.0,0.0,84
2023-05-09 21:10:57,bu2412,bu2412,3413.0,0.0,0.0,0.0,2,3389.0,3402.0,2,3413.0,3402.0,0.0,0.0,0.0,0.0,84
2023-05-09 21:10:58,bu2412,bu2412,3413.0,0.0,0.0,0.0,2,3389.0,3402.0,2,3413.0,3402.0,0.0,0.0,0.0,0.0,84
2023-05-09 21:10:58,bu2412,bu2412,3413.0,0.0,0.0,0.0,2,3389.0,3402.0,2,3413.0,3402.0,0.0,0.0,0.0,0.0,84
2023-05-09 21:11:01,bu2412,bu2412,3413.0,0.0,0.0,0.0,2,3389.0,3402.0,2,3413.0,3402.0,0.0,0.0,0.0,0.0,84
2023-05-09 21:11:02,bu2412,bu2412,3413.0,0.0,0.0,0.0,2,3389.0,3402.0,2,3413.0,3402.0,0.0,0.0,0.0,0.0,84
2023-05-09 21:11:05,bu2412,bu2412,3413.0,0.0,0.0,0.0,2,3389.0,3402.0,2,3413.0,3402.0,0.0,0.0,0.0,0.0,84
2023-05-09 21:11:06,bu2412,bu2412,3413.0,0.0,0.0,0.0,2,3389.0,3402.0,2,3413.0,3402.0,0.0,0.0,0.0,0.0,84
2023-05-09 21:11:17,bu2412,bu2412,3413.0,0.0,0.0,0.0,2,3389.0,3402.0,2,3413.0,3402.0,0.0,0.0,0.0,0.0,84
2023-05-09 21:11:18,bu2412,bu2412,3413.0,0.0,0.0,0.0,2,3389.0,3402.0,2,3413.0,3402.0,0.0,0.0,0.0,0.0,84
2023-05-09 21:11:19,bu2412,bu2412,3413.0,0.0,0.0,0.0,2,3389.0,3402.0,2,3413.0,3402.0,0.0,0.0,0.0,0.0,84
2023-05-09 21:11:20,bu2412,bu2412,3413.0,0.0,0.0,0.0,2,3389.0,3402.0,2,3413.0,3402.0,0.0,0.0,0.0,0.0,84
2023-05-09 21:11:23,bu2412,bu2412,3413.0,0.0,0.0,0.0,1,3390.0,3402.0,2,3413.0,3402.0,0.0,0.0,0.0,0.0,84
2023-05-09 21:11:23,bu2412,bu2412,3413.0,0.0,0.0,0.0,1,3390.0,3402.0,2,3413.0,3402.0,0.0,0.0,0.0,0.0,84
2023-05-09 21:11:26,bu2412,bu2412,3413.0,0.0,0.0,0.0,1,3390.0,3402.0,2,3413.0,3402.0,0.0,0.0,0.0,0.0,84
2023-05-09 21:11:26,bu2412,bu2412,3413.0,0.0,0.0,0.0,1,3390.0,3402.0,2,3413.0,3402.0,0.0,0.0,0.0,0.0,84
2023-05-09 21:11:32,bu2412,bu2412,3413.0,0.0,0.0,0.0,1,3390.0,3402.0,2,3413.0,3402.0,0.0,0.0,0.0,0.0,84
2023-05-09 21:11:32,bu2412,bu2412,3413.0,0.0,0.0,0.0,1,3390.0,3402.0,2,3413.0,3402.0,0.0,0.0,0.0,0.0,84
2023-05-09 21:11:35,bu2412,bu2412,3413.0,0.0,0.0,0.0,1,3390.0,3402.0,2,3413.0,3402.0,0.0,0.0,0.0,0.0,84
2023-05-09 21:11:35,bu2412,bu2412,3413.0,0.0,0.0,0.0,1,3390.0,3402.0,2,3413.0,3402.0,0.0,0.0,0.0,0.0,84
2023-05-09 21:11:39,bu2412,bu2412,3413.0,0.0,0.0,0.0,1,3390.0,3402.0,2,3413.0,3402.0,0.0,0.0,0.0,0.0,84
2023-05-09 21:11:40,bu2412,bu2412,3413.0,0.0,0.0,0.0,1,3390.0,3402.0,2,3413.0,3402.0,0.0,0.0,0.0,0.0,84
2023-05-09 21:11:43,bu2412,bu2412,3413.0,0.0,0.0,0.0,2,3389.0,3402.0,2,3413.0,3402.0,0.0,0.0,0.0,0.0,84
2023-05-09 21:11:43,bu2412,bu2412,3413.0,0.0,0.0,0.0,2,3389.0,3402.0,1,3413.0,3402.0,0.0,0.0,0.0,0.0,84
2023-05-09 21:11:46,bu2412,bu2412,3413.0,0.0,0.0,0.0,2,3389.0,3402.0,1,3413.0,3402.0,0.0,0.0,0.0,0.0,84
2023-05-09 21:11:46,bu2412,bu2412,3413.0,0.0,0.0,0.0,2,3389.0,3402.0,2,3413.0,3402.0,0.0,0.0,0.0,0.0,84
2023-05-09 21:11:49,bu2412,bu2412,3413.0,0.0,0.0,0.0,2,3389.0,3402.0,2,3413.0,3402.0,0.0,0.0,0.0,0.0,84
2023-05-09 21:11:49,bu2412,bu2412,3413.0,0.0,0.0,0.0,2,3389.0,3402.0,2,3413.0,3402.0,0.0,0.0,0.0,0.0,84
2023-05-09 21:11:51,bu2412,bu2412,3413.0,0.0,0.0,0.0,1,3390.0,3402.0,2,3413.0,3402.0,0.0,0.0,0.0,0.0,84
2023-05-09 21:11:52,bu2412,bu2412,3413.0,0.0,0.0,0.0,2,3389.0,3402.0,2,3413.0,3402.0,0.0,0.0,0.0,0.0,84
2023-05-09 21:11:52,bu2412,bu2412,3413.0,0.0,0.0,0.0,2,3389.0,3402.0,2,3413.0,3402.0,0.0,0.0,0.0,0.0,84
2023-05-09 21:11:53,bu2412,bu2412,3413.0,0.0,0.0,0.0,2,3389.0,3402.0,2,3413.0,3402.0,0.0,0.0,0.0,0.0,84
2023-05-09 21:11:54,bu2412,bu2412,3413.0,0.0,0.0,0.0,2,3389.0,3402.0,2,3413.0,3402.0,0.0,0.0,0.0,0.0,84
2023-05-09 21:11:54,bu2412,bu2412,3413.0,0.0,0.0,0.0,2,3389.0,3402.0,2,3413.0,3402.0,0.0,0.0,0.0,0.0,84
2023-05-09 21:11:55,bu2412,bu2412,3413.0,0.0,0.0,0.0,2,3389.0,3402.0,2,3413.0,3402.0,0.0,0.0,0.0,0.0,84
2023-05-09 21:11:56,bu2412,bu2412,3413.0,0.0,0.0,0.0,2,3389.0,3402.0,2,3413.0,3402.0,0.0,0.0,0.0,0.0,84
2023-05-09 21:11:58,bu2412,bu2412,3413.0,0.0,0.0,0.0,1,3390.0,3402.0,2,3413.0,3402.0,0.0,0.0,0.0,0.0,84
2023-05-09 21:12:00,bu2412,bu2412,3413.0,0.0,0.0,0.0,1,3390.0,3402.0,2,3413.0,3402.0,0.0,0.0,0.0,0.0,84
2023-05-09 21:12:01,bu2412,bu2412,3413.0,0.0,0.0,0.0,1,3390.0,3402.0,2,3413.0,3402.0,0.0,0.0,0.0,0.0,84
2023-05-09 21:12:02,bu2412,bu2412,3413.0,0.0,0.0,0.0,2,3389.0,3402.0,2,3413.0,3402.0,0.0,0.0,0.0,0.0,84
2023-05-09 21:12:03,bu2412,bu2412,3413.0,0.0,0.0,0.0,1,3390.0,3402.0,2,3413.0,3402.0,0.0,0.0,0.0,0.0,84
2023-05-09 21:12:03,bu2412,bu2412,3413.0,0.0,0.0,0.0,1,3390.0,3402.0,2,3413.0,3402.0,0.0,0.0,0.0,0.0,84
2023-05-09 21:12:04,bu2412,bu2412,3413.0,0.0,0.0,0.0,2,3389.0,3402.0,2,3413.0,3402.0,0.0,0.0,0.0,0.0,84
2023-05-09 21:12:05,bu2412,bu2412,3413.0,0.0,0.0,0.0,2,3389.0,3402.0,2,3413.0,3402.0,0.0,0.0,0.0,0.0,84
2023-05-09 21:12:06,bu2412,bu2412,3413.0,0.0,0.0,0.0,2,3389.0,3402.0,2,3413.0,3402.0,0.0,0.0,0.0,0.0,84
2023-05-09 21:12:09,bu2412,bu2412,3413.0,0.0,0.0,0.0,2,3389.0,3402.0,2,3413.0,3402.0,0.0,0.0,0.0,0.0,84
2023-05-09 21:12:10,bu2412,bu2412,3413.0,0.0,0.0,0.0,2,3389.0,3402.0,2,3413.0,3402.0,0.0,0.0,0.0,0.0,84
2023-05-09 21:12:14,bu2412,bu2412,3413.0,0.0,0.0,0.0,2,3389.0,3402.0,2,3413.0,3402.0,0.0,0.0,0.0,0.0,84
2023-05-09 21:12:15,bu2412,bu2412,3413.0,0.0,0.0,0.0,2,3389.0,3402.0,2,3413.0,3402.0,0.0,0.0,0.0,0.0,84
2023-05-09 21:12:19,bu2412,bu2412,3413.0,0.0,0.0,0.0,2,3389.0,3402.0,2,3413.0,3402.0,0.0,0.0,0.0,0.0,84
2023-05-09 21:12:19,bu2412,bu2412,3413.0,0.0,0.0,0.0,2,3389.0,3402.0,2,3413.0,3402.0,0.0,0.0,0.0,0.0,84
2023-05-09 21:12:20,bu2412,bu2412,3413.0,0.0,0.0,0.0,2,3389.0,3402.0,2,3413.0,3402.0,0.0,0.0,0.0,0.0,84
2023-05-09 21:12:20,bu2412,bu2412,3413.0,0.0,0.0,0.0,2,3389.0,3402.0,2,3413.0,3402.0,0.0,0.0,0.0,0.0,84
2023-05-09 21:12:32,bu2412,bu2412,3413.0,0.0,0.0,0.0,2,3389.0,3402.0,2,3413.0,3402.0,0.0,0.0,0.0,0.0,84
2023-05-09 21:12:33,bu2412,bu2412,3413.0,0.0,0.0,0.0,2,3389.0,3402.0,2,3413.0,3402.0,0.0,0.0,0.0,0.0,84
2023-05-09 21:12:33,bu2412,bu2412,3413.0,0.0,0.0,0.0,2,3389.0,3402.0,2,3413.0,3402.0,0.0,0.0,0.0,0.0,84
2023-05-09 21:12:34,bu2412,bu2412,3413.0,0.0,0.0,0.0,2,3389.0,3402.0,2,3413.0,3402.0,0.0,0.0,0.0,0.0,84
2023-05-09 21:12:34,bu2412,bu2412,3413.0,0.0,0.0,0.0,2,3389.0,3402.0,2,3413.0,3402.0,0.0,0.0,0.0,0.0,84
2023-05-09 21:12:35,bu2412,bu2412,3413.0,0.0,0.0,0.0,2,3389.0,3402.0,2,3413.0,3402.0,0.0,0.0,0.0,0.0,84
2023-05-09 21:12:37,bu2412,bu2412,3413.0,0.0,0.0,0.0,2,3389.0,3402.0,2,3413.0,3402.0,0.0,0.0,0.0,0.0,84
2023-05-09 21:12:38,bu2412,bu2412,3413.0,0.0,0.0,0.0,2,3389.0,3402.0,2,3413.0,3402.0,0.0,0.0,0.0,0.0,84
2023-05-09 21:12:41,bu2412,bu2412,3413.0,0.0,0.0,0.0,2,3389.0,3402.0,2,3413.0,3402.0,0.0,0.0,0.0,0.0,84
2023-05-09 21:12:42,bu2412,bu2412,3413.0,0.0,0.0,0.0,2,3389.0,3402.0,2,3413.0,3402.0,0.0,0.0,0.0,0.0,84
2023-05-09 21:12:58,bu2412,bu2412,3413.0,0.0,0.0,0.0,2,3389.0,3402.0,2,3413.0,3402.0,0.0,0.0,0.0,0.0,84
2023-05-09 21:12:59,bu2412,bu2412,3413.0,0.0,0.0,0.0,2,3389.0,3402.0,2,3413.0,3402.0,0.0,0.0,0.0,0.0,84
2023-05-09 21:13:06,bu2412,bu2412,3413.0,0.0,0.0,0.0,2,3389.0,3402.0,2,3413.0,3402.0,0.0,0.0,0.0,0.0,84
2023-05-09 21:13:06,bu2412,bu2412,3413.0,0.0,0.0,0.0,2,3389.0,3402.0,2,3413.0,3402.0,0.0,0.0,0.0,0.0,84
2023-05-09 21:13:07,bu2412,bu2412,3413.0,0.0,0.0,0.0,2,3389.0,3402.0,2,3413.0,3402.0,0.0,0.0,0.0,0.0,84
2023-05-09 21:13:08,bu2412,bu2412,3413.0,0.0,0.0,0.0,2,3389.0,3402.0,2,3413.0,3402.0,0.0,0.0,0.0,0.0,84
2023-05-09 21:13:09,bu2412,bu2412,3413.0,0.0,0.0,0.0,2,3389.0,3402.0,2,3413.0,3402.0,0.0,0.0,0.0,0.0,84
2023-05-09 21:13:10,bu2412,bu2412,3413.0,0.0,0.0,0.0,2,3389.0,3402.0,2,3413.0,3402.0,0.0,0.0,0.0,0.0,84
2023-05-09 21:13:10,bu2412,bu2412,3413.0,0.0,0.0,0.0,2,3389.0,3402.0,2,3413.0,3402.0,0.0,0.0,0.0,0.0,84
2023-05-09 21:13:11,bu2412,bu2412,3413.0,0.0,0.0,0.0,2,3389.0,3402.0,2,3413.0,3402.0,0.0,0.0,0.0,0.0,84
2023-05-09 21:13:28,bu2412,bu2412,3413.0,0.0,0.0,0.0,1,3390.0,3402.0,2,3413.0,3402.0,0.0,0.0,0.0,0.0,84
2023-05-09 21:13:28,bu2412,bu2412,3402.0,2.0,68040.0,2.0,1,3402.0,3410.0,1,3413.0,3402.0,3402.0,3402.0,2.0,68040.0,86
2023-05-09 21:13:29,bu2412,bu2412,3402.0,0.0,0.0,0.0,1,3402.0,3410.0,1,3413.0,3402.0,3402.0,3402.0,2.0,68040.0,86
2023-05-09 21:13:30,bu2412,bu2412,3402.0,0.0,0.0,0.0,1,3402.0,3410.0,1,3413.0,3402.0,3402.0,3402.0,2.0,68040.0,86
2023-05-09 21:13:30,bu2412,bu2412,3402.0,0.0,0.0,0.0,1,3402.0,3410.0,2,3413.0,3402.0,3402.0,3402.0,2.0,68040.0,86
2023-05-09 21:13:31,bu2412,bu2412,3402.0,0.0,0.0,0.0,1,3402.0,3410.0,2,3413.0,3402.0,3402.0,3402.0,2.0,68040.0,86
2023-05-09 21:13:32,bu2412,bu2412,3402.0,0.0,0.0,0.0,1,3402.0,3410.0,2,3413.0,3402.0,3402.0,3402.0,2.0,68040.0,86
2023-05-09 21:13:33,bu2412,bu2412,3402.0,0.0,0.0,0.0,1,3402.0,3410.0,2,3413.0,3402.0,3402.0,3402.0,2.0,68040.0,86
2023-05-09 21:13:34,bu2412,bu2412,3402.0,0.0,0.0,0.0,1,3402.0,3410.0,2,3413.0,3402.0,3402.0,3402.0,2.0,68040.0,86
2023-05-09 21:13:37,bu2412,bu2412,3402.0,1.0,34020.0,0.0,1,3384.0,3410.0,2,3413.0,3402.0,3402.0,3402.0,3.0,102060.0,86
2023-05-09 21:13:37,bu2412,bu2412,3402.0,0.0,0.0,0.0,1,3385.0,3410.0,2,3413.0,3402.0,3402.0,3402.0,3.0,102060.0,86
2023-05-09 21:13:38,bu2412,bu2412,3402.0,0.0,0.0,0.0,2,3385.0,3410.0,2,3413.0,3402.0,3402.0,3402.0,3.0,102060.0,86
2023-05-09 21:13:38,bu2412,bu2412,3402.0,0.0,0.0,0.0,2,3385.0,3410.0,2,3413.0,3402.0,3402.0,3402.0,3.0,102060.0,86
2023-05-09 21:13:39,bu2412,bu2412,3402.0,0.0,0.0,0.0,3,3385.0,3410.0,2,3413.0,3402.0,3402.0,3402.0,3.0,102060.0,86
2023-05-09 21:13:40,bu2412,bu2412,3402.0,0.0,0.0,0.0,3,3385.0,3410.0,2,3413.0,3402.0,3402.0,3402.0,3.0,102060.0,86
2023-05-09 21:13:41,bu2412,bu2412,3402.0,0.0,0.0,0.0,3,3385.0,3410.0,2,3413.0,3402.0,3402.0,3402.0,3.0,102060.0,86
2023-05-09 21:13:45,bu2412,bu2412,3402.0,0.0,0.0,0.0,1,3390.0,3410.0,2,3413.0,3402.0,3402.0,3402.0,3.0,102060.0,86
2023-05-09 21:13:45,bu2412,bu2412,3402.0,0.0,0.0,0.0,1,3390.0,3410.0,2,3413.0,3402.0,3402.0,3402.0,3.0,102060.0,86
2023-05-09 21:13:46,bu2412,bu2412,3402.0,0.0,0.0,0.0,2,3390.0,3410.0,2,3413.0,3402.0,3402.0,3402.0,3.0,102060.0,86
2023-05-09 21:13:47,bu2412,bu2412,3402.0,0.0,0.0,0.0,2,3390.0,3410.0,1,3413.0,3402.0,3402.0,3402.0,3.0,102060.0,86
2023-05-09 21:13:48,bu2412,bu2412,3402.0,0.0,0.0,0.0,2,3390.0,3410.0,1,3413.0,3402.0,3402.0,3402.0,3.0,102060.0,86
2023-05-09 21:13:48,bu2412,bu2412,3402.0,0.0,0.0,0.0,2,3390.0,3410.0,1,3413.0,3402.0,3402.0,3402.0,3.0,102060.0,86
2023-05-09 21:13:49,bu2412,bu2412,3402.0,0.0,0.0,0.0,1,3390.0,3410.0,1,3413.0,3402.0,3402.0,3402.0,3.0,102060.0,86
2023-05-09 21:13:50,bu2412,bu2412,3402.0,0.0,0.0,0.0,1,3390.0,3410.0,2,3413.0,3402.0,3402.0,3402.0,3.0,102060.0,86
2023-05-09 21:13:53,bu2412,bu2412,3402.0,0.0,0.0,0.0,1,3390.0,3410.0,2,3413.0,3402.0,3402.0,3402.0,3.0,102060.0,86
2023-05-09 21:13:53,bu2412,bu2412,3402.0,0.0,0.0,0.0,1,3390.0,3410.0,2,3413.0,3402.0,3402.0,3402.0,3.0,102060.0,86
2023-05-09 21:13:54,bu2412,bu2412,3402.0,0.0,0.0,0.0,1,3390.0,3410.0,2,3413.0,3402.0,3402.0,3402.0,3.0,102060.0,86
2023-05-09 21:13:54,bu2412,bu2412,3402.0,0.0,0.0,0.0,1,3390.0,3410.0,2,3413.0,3402.0,3402.0,3402.0,3.0,102060.0,86
2023-05-09 21:13:56,bu2412,bu2412,3402.0,0.0,0.0,0.0,1,3390.0,3410.0,1,3413.0,3402.0,3402.0,3402.0,3.0,102060.0,86
2023-05-09 21:13:59,bu2412,bu2412,3402.0,0.0,0.0,0.0,1,3390.0,3410.0,1,3413.0,3402.0,3402.0,3402.0,3.0,102060.0,86
2023-05-09 21:13:59,bu2412,bu2412,3402.0,0.0,0.0,0.0,1,3390.0,3410.0,2,3413.0,3402.0,3402.0,3402.0,3.0,102060.0,86
2023-05-09 21:14:00,bu2412,bu2412,3402.0,0.0,0.0,0.0,1,3390.0,3410.0,2,3413.0,3402.0,3402.0,3402.0,3.0,102060.0,86
2023-05-09 21:14:02,bu2412,bu2412,3402.0,0.0,0.0,0.0,2,3391.0,3410.0,2,3413.0,3402.0,3402.0,3402.0,3.0,102060.0,86
2023-05-09 21:14:07,bu2412,bu2412,3402.0,0.0,0.0,0.0,1,3399.0,3410.0,2,3413.0,3402.0,3402.0,3402.0,3.0,102060.0,86
2023-05-09 21:14:07,bu2412,bu2412,3402.0,0.0,0.0,0.0,1,3399.0,3410.0,2,3413.0,3402.0,3402.0,3402.0,3.0,102060.0,86
2023-05-09 21:14:08,bu2412,bu2412,3402.0,0.0,0.0,0.0,1,3399.0,3410.0,2,3413.0,3402.0,3402.0,3402.0,3.0,102060.0,86
2023-05-09 21:14:09,bu2412,bu2412,3402.0,0.0,0.0,0.0,1,3399.0,3410.0,2,3413.0,3402.0,3402.0,3402.0,3.0,102060.0,86
2023-05-09 21:14:10,bu2412,bu2412,3402.0,0.0,0.0,0.0,1,3399.0,3410.0,2,3413.0,3402.0,3402.0,3402.0,3.0,102060.0,86
2023-05-09 21:14:10,bu2412,bu2412,3402.0,0.0,0.0,0.0,1,3399.0,3410.0,2,3413.0,3402.0,3402.0,3402.0,3.0,102060.0,86
2023-05-09 21:14:11,bu2412,bu2412,3402.0,0.0,0.0,0.0,1,3399.0,3410.0,2,3413.0,3402.0,3402.0,3402.0,3.0,102060.0,86
2023-05-09 21:14:13,bu2412,bu2412,3402.0,0.0,0.0,0.0,1,3399.0,3410.0,1,3413.0,3402.0,3402.0,3402.0,3.0,102060.0,86
2023-05-09 21:14:15,bu2412,bu2412,3402.0,0.0,0.0,0.0,1,3399.0,3410.0,2,3413.0,3402.0,3402.0,3402.0,3.0,102060.0,86
2023-05-09 21:14:15,bu2412,bu2412,3402.0,0.0,0.0,0.0,1,3399.0,3410.0,1,3413.0,3402.0,3402.0,3402.0,3.0,102060.0,86
2023-05-09 21:14:16,bu2412,bu2412,3402.0,0.0,0.0,0.0,1,3399.0,3410.0,1,3413.0,3402.0,3402.0,3402.0,3.0,102060.0,86
2023-05-09 21:14:16,bu2412,bu2412,3402.0,0.0,0.0,0.0,1,3399.0,3410.0,1,3413.0,3402.0,3402.0,3402.0,3.0,102060.0,86
2023-05-09 21:14:21,bu2412,bu2412,3402.0,0.0,0.0,0.0,1,3399.0,3410.0,1,3413.0,3402.0,3402.0,3402.0,3.0,102060.0,86
2023-05-09 21:14:22,bu2412,bu2412,3402.0,0.0,0.0,0.0,1,3399.0,3410.0,1,3413.0,3402.0,3402.0,3402.0,3.0,102060.0,86
2023-05-09 21:14:23,bu2412,bu2412,3402.0,0.0,0.0,0.0,1,3399.0,3410.0,2,3413.0,3402.0,3402.0,3402.0,3.0,102060.0,86
2023-05-09 21:14:26,bu2412,bu2412,3402.0,0.0,0.0,0.0,1,3399.0,3409.0,1,3413.0,3402.0,3402.0,3402.0,3.0,102060.0,86
2023-05-09 21:14:27,bu2412,bu2412,3402.0,0.0,0.0,0.0,1,3399.0,3409.0,1,3413.0,3402.0,3402.0,3402.0,3.0,102060.0,86
2023-05-09 21:14:28,bu2412,bu2412,3402.0,0.0,0.0,0.0,1,3399.0,3409.0,1,3413.0,3402.0,3402.0,3402.0,3.0,102060.0,86
2023-05-09 21:14:28,bu2412,bu2412,3402.0,0.0,0.0,0.0,1,3399.0,3409.0,1,3413.0,3402.0,3402.0,3402.0,3.0,102060.0,86
2023-05-09 21:14:42,bu2412,bu2412,3402.0,0.0,0.0,0.0,1,3399.0,3409.0,1,3413.0,3402.0,3402.0,3402.0,3.0,102060.0,86
2023-05-09 21:14:43,bu2412,bu2412,3402.0,0.0,0.0,0.0,1,3399.0,3409.0,1,3413.0,3402.0,3402.0,3402.0,3.0,102060.0,86
2023-05-09 21:14:45,bu2412,bu2412,3402.0,0.0,0.0,0.0,1,3399.0,3408.0,2,3413.0,3402.0,3402.0,3402.0,3.0,102060.0,86
2023-05-09 21:14:46,bu2412,bu2412,3402.0,0.0,0.0,0.0,1,3399.0,3408.0,2,3413.0,3402.0,3402.0,3402.0,3.0,102060.0,86
2023-05-09 21:14:47,bu2412,bu2412,3402.0,0.0,0.0,0.0,1,3399.0,3408.0,2,3413.0,3402.0,3402.0,3402.0,3.0,102060.0,86
2023-05-09 21:14:47,bu2412,bu2412,3402.0,0.0,0.0,0.0,1,3399.0,3408.0,2,3413.0,3402.0,3402.0,3402.0,3.0,102060.0,86
2023-05-09 21:14:49,bu2412,bu2412,3402.0,0.0,0.0,0.0,1,3399.0,3408.0,2,3413.0,3402.0,3402.0,3402.0,3.0,102060.0,86
2023-05-09 21:14:50,bu2412,bu2412,3402.0,0.0,0.0,0.0,1,3399.0,3408.0,2,3413.0,3402.0,3402.0,3402.0,3.0,102060.0,86
2023-05-09 21:14:50,bu2412,bu2412,3402.0,0.0,0.0,0.0,1,3393.0,3408.0,2,3413.0,3402.0,3402.0,3402.0,3.0,102060.0,86
2023-05-09 21:14:53,bu2412,bu2412,3402.0,0.0,0.0,0.0,1,3393.0,3408.0,2,3413.0,3402.0,3402.0,3402.0,3.0,102060.0,86
2023-05-09 21:14:53,bu2412,bu2412,3402.0,0.0,0.0,0.0,1,3393.0,3408.0,2,3413.0,3402.0,3402.0,3402.0,3.0,102060.0,86
2023-05-09 21:15:44,bu2412,bu2412,3402.0,0.0,0.0,0.0,1,3393.0,3408.0,2,3413.0,3402.0,3402.0,3402.0,3.0,102060.0,86
2023-05-09 21:15:45,bu2412,bu2412,3402.0,0.0,0.0,0.0,1,3393.0,3408.0,2,3413.0,3402.0,3402.0,3402.0,3.0,102060.0,86
2023-05-09 21:15:56,bu2412,bu2412,3402.0,0.0,0.0,0.0,1,3393.0,3450.0,1,3413.0,3402.0,3402.0,3402.0,3.0,102060.0,86
2023-05-09 21:15:57,bu2412,bu2412,3402.0,0.0,0.0,0.0,1,3393.0,3443.0,1,3413.0,3402.0,3402.0,3402.0,3.0,102060.0,86
2023-05-09 21:15:57,bu2412,bu2412,3402.0,0.0,0.0,0.0,1,3393.0,3442.0,2,3413.0,3402.0,3402.0,3402.0,3.0,102060.0,86
2023-05-09 21:15:58,bu2412,bu2412,3402.0,0.0,0.0,0.0,1,3393.0,3441.0,1,3413.0,3402.0,3402.0,3402.0,3.0,102060.0,86
2023-05-09 21:15:58,bu2412,bu2412,3402.0,0.0,0.0,0.0,1,3393.0,3441.0,3,3413.0,3402.0,3402.0,3402.0,3.0,102060.0,86
2023-05-09 21:16:01,bu2412,bu2412,3402.0,0.0,0.0,0.0,1,3393.0,3435.0,1,3413.0,3402.0,3402.0,3402.0,3.0,102060.0,86
2023-05-09 21:16:01,bu2412,bu2412,3402.0,0.0,0.0,0.0,1,3393.0,3435.0,1,3413.0,3402.0,3402.0,3402.0,3.0,102060.0,86
2023-05-09 21:16:02,bu2412,bu2412,3402.0,0.0,0.0,0.0,1,3393.0,3434.0,1,3413.0,3402.0,3402.0,3402.0,3.0,102060.0,86
2023-05-09 21:16:02,bu2412,bu2412,3402.0,0.0,0.0,0.0,1,3393.0,3434.0,3,3413.0,3402.0,3402.0,3402.0,3.0,102060.0,86
2023-05-09 21:16:03,bu2412,bu2412,3402.0,0.0,0.0,0.0,1,3393.0,3434.0,4,3413.0,3402.0,3402.0,3402.0,3.0,102060.0,86
2023-05-09 21:16:04,bu2412,bu2412,3402.0,0.0,0.0,0.0,1,3393.0,3434.0,4,3413.0,3402.0,3402.0,3402.0,3.0,102060.0,86
2023-05-09 21:16:04,bu2412,bu2412,3402.0,0.0,0.0,0.0,1,3393.0,3433.0,2,3413.0,3402.0,3402.0,3402.0,3.0,102060.0,86
2023-05-09 21:16:05,bu2412,bu2412,3402.0,0.0,0.0,0.0,1,3393.0,3433.0,2,3413.0,3402.0,3402.0,3402.0,3.0,102060.0,86
2023-05-09 21:16:05,bu2412,bu2412,3402.0,0.0,0.0,0.0,1,3393.0,3432.0,1,3413.0,3402.0,3402.0,3402.0,3.0,102060.0,86
2023-05-09 21:16:06,bu2412,bu2412,3402.0,0.0,0.0,0.0,1,3393.0,3432.0,3,3413.0,3402.0,3402.0,3402.0,3.0,102060.0,86
2023-05-09 21:16:10,bu2412,bu2412,3402.0,0.0,0.0,0.0,1,3393.0,3428.0,1,3413.0,3402.0,3402.0,3402.0,3.0,102060.0,86
2023-05-09 21:16:11,bu2412,bu2412,3402.0,0.0,0.0,0.0,1,3393.0,3427.0,2,3413.0,3402.0,3402.0,3402.0,3.0,102060.0,86
2023-05-09 21:16:11,bu2412,bu2412,3402.0,0.0,0.0,0.0,1,3393.0,3426.0,1,3413.0,3402.0,3402.0,3402.0,3.0,102060.0,86
2023-05-09 21:16:12,bu2412,bu2412,3402.0,0.0,0.0,0.0,1,3393.0,3426.0,3,3413.0,3402.0,3402.0,3402.0,3.0,102060.0,86
2023-05-09 21:16:14,bu2412,bu2412,3402.0,0.0,0.0,0.0,1,3393.0,3423.0,1,3413.0,3402.0,3402.0,3402.0,3.0,102060.0,86
2023-05-09 21:16:14,bu2412,bu2412,3402.0,0.0,0.0,0.0,1,3393.0,3423.0,1,3413.0,3402.0,3402.0,3402.0,3.0,102060.0,86
2023-05-09 21:16:15,bu2412,bu2412,3402.0,0.0,0.0,0.0,1,3393.0,3422.0,1,3413.0,3402.0,3402.0,3402.0,3.0,102060.0,86
2023-05-09 21:16:15,bu2412,bu2412,3402.0,0.0,0.0,0.0,1,3393.0,3422.0,3,3413.0,3402.0,3402.0,3402.0,3.0,102060.0,86
2023-05-09 21:16:18,bu2412,bu2412,3402.0,0.0,0.0,0.0,1,3393.0,3420.0,1,3413.0,3402.0,3402.0,3402.0,3.0,102060.0,86
2023-05-09 21:16:18,bu2412,bu2412,3402.0,0.0,0.0,0.0,1,3393.0,3420.0,1,3413.0,3402.0,3402.0,3402.0,3.0,102060.0,86
2023-05-09 21:16:19,bu2412,bu2412,3402.0,0.0,0.0,0.0,1,3393.0,3419.0,1,3413.0,3402.0,3402.0,3402.0,3.0,102060.0,86
2023-05-09 21:16:19,bu2412,bu2412,3402.0,0.0,0.0,0.0,1,3393.0,3419.0,2,3413.0,3402.0,3402.0,3402.0,3.0,102060.0,86
2023-05-09 21:16:20,bu2412,bu2412,3402.0,0.0,0.0,0.0,1,3393.0,3419.0,3,3413.0,3402.0,3402.0,3402.0,3.0,102060.0,86
2023-05-09 21:16:21,bu2412,bu2412,3402.0,0.0,0.0,0.0,1,3393.0,3419.0,3,3413.0,3402.0,3402.0,3402.0,3.0,102060.0,86
2023-05-09 21:16:22,bu2412,bu2412,3402.0,0.0,0.0,0.0,1,3393.0,3418.0,3,3413.0,3402.0,3402.0,3402.0,3.0,102060.0,86
2023-05-09 21:16:22,bu2412,bu2412,3402.0,0.0,0.0,0.0,1,3393.0,3418.0,4,3413.0,3402.0,3402.0,3402.0,3.0,102060.0,86
2023-05-09 21:16:23,bu2412,bu2412,3402.0,0.0,0.0,0.0,1,3393.0,3417.0,1,3413.0,3402.0,3402.0,3402.0,3.0,102060.0,86
2023-05-09 21:16:23,bu2412,bu2412,3402.0,0.0,0.0,0.0,1,3393.0,3417.0,2,3413.0,3402.0,3402.0,3402.0,3.0,102060.0,86
2023-05-09 21:16:24,bu2412,bu2412,3402.0,0.0,0.0,0.0,1,3393.0,3417.0,3,3413.0,3402.0,3402.0,3402.0,3.0,102060.0,86
2023-05-09 21:16:24,bu2412,bu2412,3402.0,0.0,0.0,0.0,1,3393.0,3417.0,3,3413.0,3402.0,3402.0,3402.0,3.0,102060.0,86
2023-05-09 21:16:28,bu2412,bu2412,3402.0,0.0,0.0,0.0,1,3393.0,3417.0,3,3413.0,3402.0,3402.0,3402.0,3.0,102060.0,86
2023-05-09 21:16:28,bu2412,bu2412,3402.0,0.0,0.0,0.0,1,3395.0,3416.0,2,3413.0,3402.0,3402.0,3402.0,3.0,102060.0,86
2023-05-09 21:16:29,bu2412,bu2412,3402.0,0.0,0.0,0.0,1,3395.0,3416.0,2,3413.0,3402.0,3402.0,3402.0,3.0,102060.0,86
2023-05-09 21:16:29,bu2412,bu2412,3402.0,0.0,0.0,0.0,1,3395.0,3415.0,1,3413.0,3402.0,3402.0,3402.0,3.0,102060.0,86
2023-05-09 21:16:30,bu2412,bu2412,3402.0,0.0,0.0,0.0,1,3395.0,3415.0,3,3413.0,3402.0,3402.0,3402.0,3.0,102060.0,86
2023-05-09 21:16:31,bu2412,bu2412,3402.0,0.0,0.0,0.0,1,3395.0,3415.0,3,3413.0,3402.0,3402.0,3402.0,3.0,102060.0,86
2023-05-09 21:16:46,bu2412,bu2412,3402.0,0.0,0.0,0.0,1,3395.0,3415.0,2,3413.0,3402.0,3402.0,3402.0,3.0,102060.0,86
2023-05-09 21:16:48,bu2412,bu2412,3402.0,0.0,0.0,0.0,1,3395.0,3415.0,2,3413.0,3402.0,3402.0,3402.0,3.0,102060.0,86
2023-05-09 21:16:48,bu2412,bu2412,3402.0,0.0,0.0,0.0,1,3395.0,3415.0,2,3413.0,3402.0,3402.0,3402.0,3.0,102060.0,86
2023-05-09 21:16:49,bu2412,bu2412,3402.0,0.0,0.0,0.0,1,3395.0,3415.0,2,3413.0,3402.0,3402.0,3402.0,3.0,102060.0,86
2023-05-09 21:16:51,bu2412,bu2412,3402.0,0.0,0.0,0.0,1,3395.0,3415.0,3,3413.0,3402.0,3402.0,3402.0,3.0,102060.0,86
2023-05-09 21:16:52,bu2412,bu2412,3402.0,0.0,0.0,0.0,1,3395.0,3415.0,2,3413.0,3402.0,3402.0,3402.0,3.0,102060.0,86
2023-05-09 21:16:54,bu2412,bu2412,3402.0,0.0,0.0,0.0,1,3395.0,3415.0,2,3413.0,3402.0,3402.0,3402.0,3.0,102060.0,86
2023-05-09 21:16:54,bu2412,bu2412,3402.0,0.0,0.0,0.0,1,3395.0,3415.0,2,3413.0,3402.0,3402.0,3402.0,3.0,102060.0,86
2023-05-09 21:16:55,bu2412,bu2412,3402.0,0.0,0.0,0.0,1,3395.0,3414.0,2,3413.0,3402.0,3402.0,3402.0,3.0,102060.0,86
2023-05-09 21:16:56,bu2412,bu2412,3402.0,0.0,0.0,0.0,1,3395.0,3414.0,2,3413.0,3402.0,3402.0,3402.0,3.0,102060.0,86
2023-05-09 21:16:56,bu2412,bu2412,3402.0,0.0,0.0,0.0,1,3395.0,3413.0,1,3413.0,3402.0,3402.0,3402.0,3.0,102060.0,86
2023-05-09 21:17:00,bu2412,bu2412,3402.0,0.0,0.0,0.0,1,3395.0,3413.0,1,3413.0,3402.0,3402.0,3402.0,3.0,102060.0,86
2023-05-09 21:17:01,bu2412,bu2412,3402.0,0.0,0.0,0.0,1,3395.0,3413.0,2,3413.0,3402.0,3402.0,3402.0,3.0,102060.0,86
2023-05-09 21:17:18,bu2412,bu2412,3402.0,0.0,0.0,0.0,1,3395.0,3413.0,2,3413.0,3402.0,3402.0,3402.0,3.0,102060.0,86
2023-05-09 21:17:19,bu2412,bu2412,3402.0,0.0,0.0,0.0,1,3395.0,3413.0,2,3413.0,3402.0,3402.0,3402.0,3.0,102060.0,86
2023-05-09 21:17:32,bu2412,bu2412,3402.0,0.0,0.0,0.0,1,3395.0,3413.0,2,3413.0,3402.0,3402.0,3402.0,3.0,102060.0,86
2023-05-09 21:17:32,bu2412,bu2412,3402.0,0.0,0.0,0.0,1,3395.0,3413.0,2,3413.0,3402.0,3402.0,3402.0,3.0,102060.0,86
2023-05-09 21:17:39,bu2412,bu2412,3402.0,0.0,0.0,0.0,1,3395.0,3412.0,2,3413.0,3402.0,3402.0,3402.0,3.0,102060.0,86
2023-05-09 21:17:39,bu2412,bu2412,3402.0,0.0,0.0,0.0,1,3395.0,3412.0,2,3413.0,3402.0,3402.0,3402.0,3.0,102060.0,86
2023-05-09 21:17:42,bu2412,bu2412,3402.0,0.0,0.0,0.0,1,3395.0,3412.0,2,3413.0,3402.0,3402.0,3402.0,3.0,102060.0,86
2023-05-09 21:17:42,bu2412,bu2412,3402.0,0.0,0.0,0.0,1,3396.0,3412.0,2,3413.0,3402.0,3402.0,3402.0,3.0,102060.0,86
2023-05-09 21:17:52,bu2412,bu2412,3402.0,0.0,0.0,0.0,1,3396.0,3412.0,2,3413.0,3402.0,3402.0,3402.0,3.0,102060.0,86
2023-05-09 21:17:52,bu2412,bu2412,3402.0,0.0,0.0,0.0,1,3396.0,3412.0,3,3413.0,3402.0,3402.0,3402.0,3.0,102060.0,86
2023-05-09 21:17:54,bu2412,bu2412,3396.0,1.0,33960.0,0.0,1,3395.0,3412.0,3,3413.0,3402.0,3402.0,3396.0,4.0,136020.0,86
2023-05-09 21:17:55,bu2412,bu2412,3396.0,0.0,0.0,0.0,1,3395.0,3412.0,1,3413.0,3402.0,3402.0,3396.0,4.0,136020.0,86
2023-05-09 21:18:14,bu2412,bu2412,3396.0,0.0,0.0,0.0,1,3396.0,3412.0,1,3413.0,3402.0,3402.0,3396.0,4.0,136020.0,86
2023-05-09 21:18:21,bu2412,bu2412,3396.0,0.0,0.0,0.0,2,3397.0,3412.0,1,3413.0,3402.0,3402.0,3396.0,4.0,136020.0,86
2023-05-09 21:18:31,bu2412,bu2412,3396.0,0.0,0.0,0.0,2,3397.0,3412.0,1,3413.0,3402.0,3402.0,3396.0,4.0,136020.0,86
2023-05-09 21:18:32,bu2412,bu2412,3396.0,0.0,0.0,0.0,2,3397.0,3418.0,1,3413.0,3402.0,3402.0,3396.0,4.0,136020.0,86
2023-05-09 21:18:32,bu2412,bu2412,3396.0,0.0,0.0,0.0,2,3397.0,3418.0,2,3413.0,3402.0,3402.0,3396.0,4.0,136020.0,86
2023-05-09 21:18:33,bu2412,bu2412,3396.0,0.0,0.0,0.0,2,3397.0,3418.0,3,3413.0,3402.0,3402.0,3396.0,4.0,136020.0,86
2023-05-09 21:18:33,bu2412,bu2412,3396.0,0.0,0.0,0.0,1,3396.0,3418.0,3,3413.0,3402.0,3402.0,3396.0,4.0,136020.0,86
2023-05-09 21:18:34,bu2412,bu2412,3396.0,0.0,0.0,0.0,1,3396.0,3418.0,4,3413.0,3402.0,3402.0,3396.0,4.0,136020.0,86
2023-05-09 21:18:35,bu2412,bu2412,3396.0,0.0,0.0,0.0,1,3396.0,3418.0,3,3413.0,3402.0,3402.0,3396.0,4.0,136020.0,86
2023-05-09 21:18:37,bu2412,bu2412,3396.0,0.0,0.0,0.0,1,3396.0,3418.0,4,3413.0,3402.0,3402.0,3396.0,4.0,136020.0,86
2023-05-09 21:18:39,bu2412,bu2412,3396.0,0.0,0.0,0.0,1,3396.0,3417.0,1,3413.0,3402.0,3402.0,3396.0,4.0,136020.0,86
2023-05-09 21:18:40,bu2412,bu2412,3396.0,0.0,0.0,0.0,1,3396.0,3417.0,1,3413.0,3402.0,3402.0,3396.0,4.0,136020.0,86
2023-05-09 21:18:41,bu2412,bu2412,3396.0,0.0,0.0,0.0,1,3396.0,3417.0,3,3413.0,3402.0,3402.0,3396.0,4.0,136020.0,86
2023-05-09 21:18:42,bu2412,bu2412,3396.0,0.0,0.0,0.0,1,3397.0,3417.0,3,3413.0,3402.0,3402.0,3396.0,4.0,136020.0,86
2023-05-09 21:18:52,bu2412,bu2412,3396.0,0.0,0.0,0.0,1,3397.0,3417.0,3,3413.0,3402.0,3402.0,3396.0,4.0,136020.0,86
2023-05-09 21:18:52,bu2412,bu2412,3396.0,0.0,0.0,0.0,1,3397.0,3417.0,3,3413.0,3402.0,3402.0,3396.0,4.0,136020.0,86
2023-05-09 21:18:55,bu2412,bu2412,3396.0,0.0,0.0,0.0,2,3397.0,3417.0,3,3413.0,3402.0,3402.0,3396.0,4.0,136020.0,86
2023-05-09 21:19:01,bu2412,bu2412,3396.0,0.0,0.0,0.0,2,3399.0,3417.0,3,3413.0,3402.0,3402.0,3396.0,4.0,136020.0,86
2023-05-09 21:19:06,bu2412,bu2412,3396.0,0.0,0.0,0.0,2,3399.0,3416.0,2,3413.0,3402.0,3402.0,3396.0,4.0,136020.0,86
2023-05-09 21:19:06,bu2412,bu2412,3396.0,0.0,0.0,0.0,2,3399.0,3416.0,2,3413.0,3402.0,3402.0,3396.0,4.0,136020.0,86
2023-05-09 21:19:07,bu2412,bu2412,3396.0,0.0,0.0,0.0,2,3399.0,3415.0,1,3413.0,3402.0,3402.0,3396.0,4.0,136020.0,86
2023-05-09 21:19:07,bu2412,bu2412,3396.0,0.0,0.0,0.0,2,3399.0,3415.0,2,3413.0,3402.0,3402.0,3396.0,4.0,136020.0,86
2023-05-09 21:19:08,bu2412,bu2412,3396.0,0.0,0.0,0.0,2,3399.0,3415.0,3,3413.0,3402.0,3402.0,3396.0,4.0,136020.0,86
2023-05-09 21:19:24,bu2412,bu2412,3396.0,0.0,0.0,0.0,2,3399.0,3415.0,3,3413.0,3402.0,3402.0,3396.0,4.0,136020.0,86
2023-05-09 21:19:36,bu2412,bu2412,3396.0,0.0,0.0,0.0,1,3397.0,3415.0,3,3413.0,3402.0,3402.0,3396.0,4.0,136020.0,86
2023-05-09 21:19:36,bu2412,bu2412,3396.0,0.0,0.0,0.0,2,3398.0,3415.0,3,3413.0,3402.0,3402.0,3396.0,4.0,136020.0,86
2023-05-09 21:19:45,bu2412,bu2412,3396.0,0.0,0.0,0.0,2,3398.0,3415.0,3,3413.0,3402.0,3402.0,3396.0,4.0,136020.0,86
2023-05-09 21:19:49,bu2412,bu2412,3396.0,0.0,0.0,0.0,2,3398.0,3414.0,2,3413.0,3402.0,3402.0,3396.0,4.0,136020.0,86
2023-05-09 21:19:49,bu2412,bu2412,3396.0,0.0,0.0,0.0,2,3398.0,3414.0,2,3413.0,3402.0,3402.0,3396.0,4.0,136020.0,86
2023-05-09 21:19:50,bu2412,bu2412,3396.0,0.0,0.0,0.0,2,3398.0,3413.0,1,3413.0,3402.0,3402.0,3396.0,4.0,136020.0,86
2023-05-09 21:19:50,bu2412,bu2412,3396.0,0.0,0.0,0.0,2,3398.0,3413.0,2,3413.0,3402.0,3402.0,3396.0,4.0,136020.0,86
2023-05-09 21:19:51,bu2412,bu2412,3396.0,0.0,0.0,0.0,2,3398.0,3413.0,3,3413.0,3402.0,3402.0,3396.0,4.0,136020.0,86
2023-05-09 21:20:27,bu2412,bu2412,3396.0,0.0,0.0,0.0,2,3398.0,3413.0,3,3413.0,3402.0,3402.0,3396.0,4.0,136020.0,86
2023-05-09 21:20:32,bu2412,bu2412,3396.0,0.0,0.0,0.0,2,3398.0,3412.0,2,3413.0,3402.0,3402.0,3396.0,4.0,136020.0,86
2023-05-09 21:20:33,bu2412,bu2412,3396.0,0.0,0.0,0.0,2,3398.0,3412.0,2,3413.0,3402.0,3402.0,3396.0,4.0,136020.0,86
2023-05-09 21:20:33,bu2412,bu2412,3396.0,0.0,0.0,0.0,3,3398.0,3411.0,1,3413.0,3402.0,3402.0,3396.0,4.0,136020.0,86
2023-05-09 21:20:34,bu2412,bu2412,3396.0,0.0,0.0,0.0,3,3398.0,3411.0,2,3413.0,3402.0,3402.0,3396.0,4.0,136020.0,86
2023-05-09 21:20:34,bu2412,bu2412,3396.0,0.0,0.0,0.0,3,3398.0,3411.0,3,3413.0,3402.0,3402.0,3396.0,4.0,136020.0,86
2023-05-09 21:20:54,bu2412,bu2412,3396.0,0.0,0.0,0.0,3,3398.0,3411.0,2,3413.0,3402.0,3402.0,3396.0,4.0,136020.0,86
2023-05-09 21:20:55,bu2412,bu2412,3396.0,0.0,0.0,0.0,3,3398.0,3411.0,1,3413.0,3402.0,3402.0,3396.0,4.0,136020.0,86
2023-05-09 21:21:04,bu2412,bu2412,3396.0,0.0,0.0,0.0,3,3398.0,3411.0,2,3413.0,3402.0,3402.0,3396.0,4.0,136020.0,86
2023-05-09 21:21:04,bu2412,bu2412,3396.0,0.0,0.0,0.0,3,3398.0,3411.0,3,3413.0,3402.0,3402.0,3396.0,4.0,136020.0,86
2023-05-09 21:21:09,bu2412,bu2412,3396.0,0.0,0.0,0.0,3,3398.0,3411.0,3,3413.0,3402.0,3402.0,3396.0,4.0,136020.0,86
2023-05-09 21:21:10,bu2412,bu2412,3396.0,0.0,0.0,0.0,3,3398.0,3411.0,3,3413.0,3402.0,3402.0,3396.0,4.0,136020.0,86
2023-05-09 21:21:10,bu2412,bu2412,3396.0,0.0,0.0,0.0,3,3398.0,3411.0,3,3413.0,3402.0,3402.0,3396.0,4.0,136020.0,86
2023-05-09 21:21:15,bu2412,bu2412,3396.0,0.0,0.0,0.0,3,3398.0,3410.0,2,3413.0,3402.0,3402.0,3396.0,4.0,136020.0,86
2023-05-09 21:21:15,bu2412,bu2412,3396.0,0.0,0.0,0.0,3,3398.0,3410.0,2,3413.0,3402.0,3402.0,3396.0,4.0,136020.0,86
2023-05-09 21:21:16,bu2412,bu2412,3396.0,0.0,0.0,0.0,3,3398.0,3410.0,3,3413.0,3402.0,3402.0,3396.0,4.0,136020.0,86
2023-05-09 21:21:17,bu2412,bu2412,3396.0,0.0,0.0,0.0,3,3398.0,3410.0,4,3413.0,3402.0,3402.0,3396.0,4.0,136020.0,86
2023-05-09 21:21:22,bu2412,bu2412,3396.0,0.0,0.0,0.0,3,3398.0,3410.0,3,3413.0,3402.0,3402.0,3396.0,4.0,136020.0,86
2023-05-09 21:21:25,bu2412,bu2412,3396.0,0.0,0.0,0.0,3,3398.0,3410.0,4,3413.0,3402.0,3402.0,3396.0,4.0,136020.0,86
2023-05-09 21:21:50,bu2412,bu2412,3396.0,0.0,0.0,0.0,3,3398.0,3409.0,1,3413.0,3402.0,3402.0,3396.0,4.0,136020.0,86
2023-05-09 21:21:50,bu2412,bu2412,3396.0,0.0,0.0,0.0,3,3398.0,3409.0,1,3413.0,3402.0,3402.0,3396.0,4.0,136020.0,86
2023-05-09 21:21:51,bu2412,bu2412,3396.0,0.0,0.0,0.0,3,3398.0,3409.0,3,3413.0,3402.0,3402.0,3396.0,4.0,136020.0,86
2023-05-09 21:21:57,bu2412,bu2412,3396.0,0.0,0.0,0.0,1,3398.0,3409.0,3,3413.0,3402.0,3402.0,3396.0,4.0,136020.0,86
2023-05-09 21:22:16,bu2412,bu2412,3396.0,0.0,0.0,0.0,1,3398.0,3409.0,3,3413.0,3402.0,3402.0,3396.0,4.0,136020.0,86
2023-05-09 21:22:27,bu2412,bu2412,3396.0,0.0,0.0,0.0,1,3398.0,3409.0,3,3413.0,3402.0,3402.0,3396.0,4.0,136020.0,86
2023-05-09 21:22:41,bu2412,bu2412,3396.0,0.0,0.0,0.0,1,3398.0,3408.0,2,3413.0,3402.0,3402.0,3396.0,4.0,136020.0,86
2023-05-09 21:22:42,bu2412,bu2412,3396.0,0.0,0.0,0.0,1,3398.0,3408.0,2,3413.0,3402.0,3402.0,3396.0,4.0,136020.0,86
2023-05-09 21:22:55,bu2412,bu2412,3396.0,0.0,0.0,0.0,1,3398.0,3408.0,2,3413.0,3402.0,3402.0,3396.0,4.0,136020.0,86
2023-05-09 21:22:56,bu2412,bu2412,3396.0,0.0,0.0,0.0,1,3398.0,3408.0,2,3413.0,3402.0,3402.0,3396.0,4.0,136020.0,86
2023-05-09 21:23:00,bu2412,bu2412,3396.0,0.0,0.0,0.0,1,3398.0,3408.0,3,3413.0,3402.0,3402.0,3396.0,4.0,136020.0,86
2023-05-09 21:23:01,bu2412,bu2412,3396.0,0.0,0.0,0.0,1,3398.0,3408.0,3,3413.0,3402.0,3402.0,3396.0,4.0,136020.0,86
2023-05-09 21:23:01,bu2412,bu2412,3396.0,0.0,0.0,0.0,1,3398.0,3408.0,4,3413.0,3402.0,3402.0,3396.0,4.0,136020.0,86
2023-05-09 21:23:10,bu2412,bu2412,3396.0,0.0,0.0,0.0,1,3398.0,3408.0,4,3413.0,3402.0,3402.0,3396.0,4.0,136020.0,86
2023-05-09 21:23:10,bu2412,bu2412,3396.0,0.0,0.0,0.0,1,3398.0,3408.0,4,3413.0,3402.0,3402.0,3396.0,4.0,136020.0,86
2023-05-09 21:23:14,bu2412,bu2412,3396.0,0.0,0.0,0.0,1,3395.0,3408.0,4,3413.0,3402.0,3402.0,3396.0,4.0,136020.0,86
2023-05-09 21:23:50,bu2412,bu2412,3396.0,0.0,0.0,0.0,1,3395.0,3408.0,3,3413.0,3402.0,3402.0,3396.0,4.0,136020.0,86
2023-05-09 21:24:01,bu2412,bu2412,3396.0,0.0,0.0,0.0,1,3395.0,3408.0,4,3413.0,3402.0,3402.0,3396.0,4.0,136020.0,86
2023-05-09 21:24:09,bu2412,bu2412,3396.0,0.0,0.0,0.0,1,3395.0,3408.0,6,3413.0,3402.0,3402.0,3396.0,4.0,136020.0,86
2023-05-09 21:24:11,bu2412,bu2412,3396.0,0.0,0.0,0.0,1,3395.0,3407.0,1,3413.0,3402.0,3402.0,3396.0,4.0,136020.0,86
2023-05-09 21:24:12,bu2412,bu2412,3396.0,0.0,0.0,0.0,1,3395.0,3407.0,1,3413.0,3402.0,3402.0,3396.0,4.0,136020.0,86
2023-05-09 21:24:13,bu2412,bu2412,3396.0,0.0,0.0,0.0,1,3395.0,3407.0,2,3413.0,3402.0,3402.0,3396.0,4.0,136020.0,86
2023-05-09 21:24:13,bu2412,bu2412,3396.0,0.0,0.0,0.0,1,3395.0,3407.0,3,3413.0,3402.0,3402.0,3396.0,4.0,136020.0,86
2023-05-09 21:24:22,bu2412,bu2412,3396.0,0.0,0.0,0.0,1,3385.0,3407.0,3,3413.0,3402.0,3402.0,3396.0,4.0,136020.0,86
2023-05-09 21:24:22,bu2412,bu2412,3396.0,0.0,0.0,0.0,2,3350.0,3407.0,3,3413.0,3402.0,3402.0,3396.0,4.0,136020.0,86
2023-05-09 21:24:23,bu2412,bu2412,3396.0,0.0,0.0,0.0,1,3357.0,3407.0,1,3413.0,3402.0,3402.0,3396.0,4.0,136020.0,86
2023-05-09 21:24:24,bu2412,bu2412,3396.0,0.0,0.0,0.0,2,3357.0,3407.0,1,3413.0,3402.0,3402.0,3396.0,4.0,136020.0,86
2023-05-09 21:24:24,bu2412,bu2412,3396.0,0.0,0.0,0.0,2,3358.0,3407.0,1,3413.0,3402.0,3402.0,3396.0,4.0,136020.0,86
2023-05-09 21:24:25,bu2412,bu2412,3396.0,0.0,0.0,0.0,4,3358.0,3407.0,1,3413.0,3402.0,3402.0,3396.0,4.0,136020.0,86
2023-05-09 21:24:26,bu2412,bu2412,3396.0,0.0,0.0,0.0,5,3358.0,3407.0,1,3413.0,3402.0,3402.0,3396.0,4.0,136020.0,86
2023-05-09 21:24:28,bu2412,bu2412,3396.0,0.0,0.0,0.0,1,3363.0,3407.0,1,3413.0,3402.0,3402.0,3396.0,4.0,136020.0,86
2023-05-09 21:24:28,bu2412,bu2412,3396.0,0.0,0.0,0.0,1,3364.0,3407.0,1,3413.0,3402.0,3402.0,3396.0,4.0,136020.0,86
2023-05-09 21:24:29,bu2412,bu2412,3396.0,0.0,0.0,0.0,1,3364.0,3407.0,1,3413.0,3402.0,3402.0,3396.0,4.0,136020.0,86
2023-05-09 21:24:29,bu2412,bu2412,3396.0,0.0,0.0,0.0,3,3364.0,3407.0,1,3413.0,3402.0,3402.0,3396.0,4.0,136020.0,86
2023-05-09 21:24:31,bu2412,bu2412,3396.0,0.0,0.0,0.0,2,3364.0,3407.0,1,3413.0,3402.0,3402.0,3396.0,4.0,136020.0,86
2023-05-09 21:24:31,bu2412,bu2412,3396.0,0.0,0.0,0.0,2,3364.0,3407.0,2,3413.0,3402.0,3402.0,3396.0,4.0,136020.0,86
2023-05-09 21:24:32,bu2412,bu2412,3396.0,0.0,0.0,0.0,1,3368.0,3407.0,2,3413.0,3402.0,3402.0,3396.0,4.0,136020.0,86
2023-05-09 21:24:32,bu2412,bu2412,3396.0,0.0,0.0,0.0,1,3368.0,3407.0,2,3413.0,3402.0,3402.0,3396.0,4.0,136020.0,86
2023-05-09 21:24:33,bu2412,bu2412,3396.0,0.0,0.0,0.0,3,3368.0,3407.0,2,3413.0,3402.0,3402.0,3396.0,4.0,136020.0,86
2023-05-09 21:24:42,bu2412,bu2412,3396.0,0.0,0.0,0.0,3,3368.0,3407.0,2,3413.0,3402.0,3402.0,3396.0,4.0,136020.0,86
2023-05-09 21:24:42,bu2412,bu2412,3396.0,0.0,0.0,0.0,3,3368.0,3407.0,2,3413.0,3402.0,3402.0,3396.0,4.0,136020.0,86
2023-05-09 21:24:49,bu2412,bu2412,3396.0,0.0,0.0,0.0,2,3369.0,3407.0,2,3413.0,3402.0,3402.0,3396.0,4.0,136020.0,86
2023-05-09 21:24:50,bu2412,bu2412,3396.0,0.0,0.0,0.0,2,3369.0,3407.0,2,3413.0,3402.0,3402.0,3396.0,4.0,136020.0,86
2023-05-09 21:24:51,bu2412,bu2412,3396.0,0.0,0.0,0.0,3,3369.0,3407.0,2,3413.0,3402.0,3402.0,3396.0,4.0,136020.0,86
2023-05-09 21:24:52,bu2412,bu2412,3396.0,0.0,0.0,0.0,4,3369.0,3407.0,2,3413.0,3402.0,3402.0,3396.0,4.0,136020.0,86
2023-05-09 21:24:53,bu2412,bu2412,3396.0,0.0,0.0,0.0,1,3372.0,3407.0,2,3413.0,3402.0,3402.0,3396.0,4.0,136020.0,86
2023-05-09 21:24:53,bu2412,bu2412,3396.0,0.0,0.0,0.0,1,3372.0,3407.0,2,3413.0,3402.0,3402.0,3396.0,4.0,136020.0,86
2023-05-09 21:24:54,bu2412,bu2412,3396.0,0.0,0.0,0.0,3,3372.0,3407.0,2,3413.0,3402.0,3402.0,3396.0,4.0,136020.0,86
2023-05-09 21:25:31,bu2412,bu2412,3396.0,0.0,0.0,0.0,3,3372.0,3407.0,2,3413.0,3402.0,3402.0,3396.0,4.0,136020.0,86
2023-05-09 21:25:33,bu2412,bu2412,3396.0,0.0,0.0,0.0,1,3380.0,3407.0,2,3413.0,3402.0,3402.0,3396.0,4.0,136020.0,86
2023-05-09 21:25:34,bu2412,bu2412,3396.0,0.0,0.0,0.0,2,3380.0,3407.0,2,3413.0,3402.0,3402.0,3396.0,4.0,136020.0,86
2023-05-09 21:25:35,bu2412,bu2412,3396.0,0.0,0.0,0.0,3,3380.0,3407.0,2,3413.0,3402.0,3402.0,3396.0,4.0,136020.0,86
2023-05-09 21:25:36,bu2412,bu2412,3396.0,0.0,0.0,0.0,4,3380.0,3407.0,2,3413.0,3402.0,3402.0,3396.0,4.0,136020.0,86
2023-05-09 21:25:38,bu2412,bu2412,3396.0,0.0,0.0,0.0,4,3380.0,3407.0,2,3413.0,3402.0,3402.0,3396.0,4.0,136020.0,86
2023-05-09 21:25:38,bu2412,bu2412,3396.0,0.0,0.0,0.0,4,3380.0,3407.0,2,3413.0,3402.0,3402.0,3396.0,4.0,136020.0,86
2023-05-09 21:25:53,bu2412,bu2412,3396.0,0.0,0.0,0.0,4,3380.0,3407.0,2,3413.0,3402.0,3402.0,3396.0,4.0,136020.0,86
2023-05-09 21:25:53,bu2412,bu2412,3396.0,0.0,0.0,0.0,4,3380.0,3407.0,2,3413.0,3402.0,3402.0,3396.0,4.0,136020.0,86
2023-05-09 21:25:54,bu2412,bu2412,3396.0,0.0,0.0,0.0,3,3380.0,3407.0,2,3413.0,3402.0,3402.0,3396.0,4.0,136020.0,86
2023-05-09 21:25:56,bu2412,bu2412,3396.0,0.0,0.0,0.0,3,3380.0,3407.0,3,3413.0,3402.0,3402.0,3396.0,4.0,136020.0,86
2023-05-09 21:26:04,bu2412,bu2412,3396.0,0.0,0.0,0.0,3,3380.0,3407.0,2,3413.0,3402.0,3402.0,3396.0,4.0,136020.0,86
2023-05-09 21:26:06,bu2412,bu2412,3396.0,0.0,0.0,0.0,4,3380.0,3407.0,2,3413.0,3402.0,3402.0,3396.0,4.0,136020.0,86
2023-05-09 21:26:12,bu2412,bu2412,3396.0,0.0,0.0,0.0,4,3380.0,3407.0,2,3413.0,3402.0,3402.0,3396.0,4.0,136020.0,86
2023-05-09 21:26:17,bu2412,bu2412,3396.0,0.0,0.0,0.0,2,3381.0,3407.0,2,3413.0,3402.0,3402.0,3396.0,4.0,136020.0,86
2023-05-09 21:26:17,bu2412,bu2412,3396.0,0.0,0.0,0.0,2,3381.0,3407.0,4,3413.0,3402.0,3402.0,3396.0,4.0,136020.0,86
2023-05-09 21:26:18,bu2412,bu2412,3396.0,0.0,0.0,0.0,3,3381.0,3407.0,4,3413.0,3402.0,3402.0,3396.0,4.0,136020.0,86
2023-05-09 21:26:22,bu2412,bu2412,3396.0,0.0,0.0,0.0,4,3381.0,3407.0,4,3413.0,3402.0,3402.0,3396.0,4.0,136020.0,86
2023-05-09 21:26:23,bu2412,bu2412,3396.0,0.0,0.0,0.0,2,3381.0,3407.0,4,3413.0,3402.0,3402.0,3396.0,4.0,136020.0,86
2023-05-09 21:26:24,bu2412,bu2412,3396.0,0.0,0.0,0.0,2,3381.0,3407.0,2,3413.0,3402.0,3402.0,3396.0,4.0,136020.0,86
2023-05-09 21:26:24,bu2412,bu2412,3396.0,0.0,0.0,0.0,2,3381.0,3406.0,2,3413.0,3402.0,3402.0,3396.0,4.0,136020.0,86
2023-05-09 21:26:25,bu2412,bu2412,3396.0,0.0,0.0,0.0,2,3381.0,3406.0,2,3413.0,3402.0,3402.0,3396.0,4.0,136020.0,86
2023-05-09 21:26:25,bu2412,bu2412,3396.0,0.0,0.0,0.0,1,3382.0,3406.0,2,3413.0,3402.0,3402.0,3396.0,4.0,136020.0,86
2023-05-09 21:26:26,bu2412,bu2412,3396.0,0.0,0.0,0.0,1,3382.0,3406.0,2,3413.0,3402.0,3402.0,3396.0,4.0,136020.0,86
2023-05-09 21:26:27,bu2412,bu2412,3396.0,0.0,0.0,0.0,2,3382.0,3406.0,2,3413.0,3402.0,3402.0,3396.0,4.0,136020.0,86
2023-05-09 21:26:28,bu2412,bu2412,3396.0,0.0,0.0,0.0,3,3382.0,3406.0,2,3413.0,3402.0,3402.0,3396.0,4.0,136020.0,86
2023-05-09 21:26:28,bu2412,bu2412,3396.0,0.0,0.0,0.0,3,3382.0,3406.0,2,3413.0,3402.0,3402.0,3396.0,4.0,136020.0,86
2023-05-09 21:26:32,bu2412,bu2412,3396.0,0.0,0.0,0.0,1,3385.0,3406.0,2,3413.0,3402.0,3402.0,3396.0,4.0,136020.0,86
2023-05-09 21:26:32,bu2412,bu2412,3396.0,0.0,0.0,0.0,1,3385.0,3406.0,2,3413.0,3402.0,3402.0,3396.0,4.0,136020.0,86
2023-05-09 21:26:33,bu2412,bu2412,3396.0,0.0,0.0,0.0,1,3385.0,3405.0,1,3413.0,3402.0,3402.0,3396.0,4.0,136020.0,86
2023-05-09 21:26:35,bu2412,bu2412,3396.0,0.0,0.0,0.0,1,3385.0,3405.0,1,3413.0,3402.0,3402.0,3396.0,4.0,136020.0,86
2023-05-09 21:26:42,bu2412,bu2412,3396.0,0.0,0.0,0.0,1,3385.0,3405.0,1,3413.0,3402.0,3402.0,3396.0,4.0,136020.0,86
2023-05-09 21:26:42,bu2412,bu2412,3396.0,0.0,0.0,0.0,1,3385.0,3405.0,1,3413.0,3402.0,3402.0,3396.0,4.0,136020.0,86
2023-05-09 21:26:59,bu2412,bu2412,3396.0,0.0,0.0,0.0,1,3385.0,3405.0,1,3413.0,3402.0,3402.0,3396.0,4.0,136020.0,86
2023-05-09 21:26:59,bu2412,bu2412,3396.0,0.0,0.0,0.0,1,3385.0,3405.0,1,3413.0,3402.0,3402.0,3396.0,4.0,136020.0,86
2023-05-09 21:27:00,bu2412,bu2412,3396.0,0.0,0.0,0.0,1,3385.0,3404.0,2,3413.0,3402.0,3402.0,3396.0,4.0,136020.0,86
2023-05-09 21:27:00,bu2412,bu2412,3396.0,0.0,0.0,0.0,1,3385.0,3404.0,2,3413.0,3402.0,3402.0,3396.0,4.0,136020.0,86
2023-05-09 21:27:09,bu2412,bu2412,3396.0,0.0,0.0,0.0,1,3385.0,3403.0,1,3413.0,3402.0,3402.0,3396.0,4.0,136020.0,86
2023-05-09 21:27:30,bu2412,bu2412,3396.0,0.0,0.0,0.0,1,3385.0,3403.0,1,3413.0,3402.0,3402.0,3396.0,4.0,136020.0,86
2023-05-09 21:27:46,bu2412,bu2412,3396.0,0.0,0.0,0.0,1,3385.0,3403.0,1,3413.0,3402.0,3402.0,3396.0,4.0,136020.0,86
2023-05-09 21:28:08,bu2412,bu2412,3396.0,0.0,0.0,0.0,1,3385.0,3403.0,1,3413.0,3402.0,3402.0,3396.0,4.0,136020.0,86
2023-05-09 21:28:08,bu2412,bu2412,3396.0,0.0,0.0,0.0,1,3385.0,3403.0,1,3413.0,3402.0,3402.0,3396.0,4.0,136020.0,86
2023-05-09 21:28:25,bu2412,bu2412,3396.0,0.0,0.0,0.0,1,3385.0,3402.0,2,3413.0,3402.0,3402.0,3396.0,4.0,136020.0,86
2023-05-09 21:28:26,bu2412,bu2412,3396.0,0.0,0.0,0.0,1,3385.0,3402.0,2,3413.0,3402.0,3402.0,3396.0,4.0,136020.0,86
2023-05-09 21:28:35,bu2412,bu2412,3396.0,0.0,0.0,0.0,1,3385.0,3405.0,1,3413.0,3402.0,3402.0,3396.0,4.0,136020.0,86
2023-05-09 21:28:36,bu2412,bu2412,3396.0,0.0,0.0,0.0,1,3385.0,3404.0,1,3413.0,3402.0,3402.0,3396.0,4.0,136020.0,86
2023-05-09 21:28:46,bu2412,bu2412,3396.0,0.0,0.0,0.0,2,3385.0,3404.0,1,3413.0,3402.0,3402.0,3396.0,4.0,136020.0,86
2023-05-09 21:28:52,bu2412,bu2412,3396.0,0.0,0.0,0.0,1,3385.0,3404.0,1,3413.0,3402.0,3402.0,3396.0,4.0,136020.0,86
2023-05-09 21:29:03,bu2412,bu2412,3396.0,0.0,0.0,0.0,2,3385.0,3404.0,1,3413.0,3402.0,3402.0,3396.0,4.0,136020.0,86
2023-05-09 21:29:06,bu2412,bu2412,3396.0,0.0,0.0,0.0,1,3385.0,3404.0,1,3413.0,3402.0,3402.0,3396.0,4.0,136020.0,86
2023-05-09 21:29:06,bu2412,bu2412,3396.0,0.0,0.0,0.0,1,3385.0,3404.0,1,3413.0,3402.0,3402.0,3396.0,4.0,136020.0,86
2023-05-09 21:29:08,bu2412,bu2412,3396.0,0.0,0.0,0.0,1,3385.0,3403.0,2,3413.0,3402.0,3402.0,3396.0,4.0,136020.0,86
2023-05-09 21:29:08,bu2412,bu2412,3396.0,0.0,0.0,0.0,1,3385.0,3403.0,3,3413.0,3402.0,3402.0,3396.0,4.0,136020.0,86
2023-05-09 21:29:22,bu2412,bu2412,3396.0,0.0,0.0,0.0,1,3385.0,3403.0,3,3413.0,3402.0,3402.0,3396.0,4.0,136020.0,86
2023-05-09 21:29:22,bu2412,bu2412,3396.0,0.0,0.0,0.0,1,3385.0,3403.0,3,3413.0,3402.0,3402.0,3396.0,4.0,136020.0,86
2023-05-09 21:30:06,bu2412,bu2412,3396.0,0.0,0.0,0.0,1,3385.0,3402.0,1,3413.0,3402.0,3402.0,3396.0,4.0,136020.0,86
2023-05-09 21:30:12,bu2412,bu2412,3396.0,0.0,0.0,0.0,1,3385.0,3402.0,2,3413.0,3402.0,3402.0,3396.0,4.0,136020.0,86
2023-05-09 21:30:12,bu2412,bu2412,3396.0,0.0,0.0,0.0,1,3385.0,3402.0,2,3413.0,3402.0,3402.0,3396.0,4.0,136020.0,86
2023-05-09 21:30:42,bu2412,bu2412,3396.0,0.0,0.0,0.0,1,3385.0,3402.0,2,3413.0,3402.0,3402.0,3396.0,4.0,136020.0,86
2023-05-09 21:30:43,bu2412,bu2412,3396.0,0.0,0.0,0.0,1,3385.0,3402.0,2,3413.0,3402.0,3402.0,3396.0,4.0,136020.0,86
2023-05-09 21:30:56,bu2412,bu2412,3396.0,0.0,0.0,0.0,1,3385.0,3402.0,2,3413.0,3402.0,3402.0,3396.0,4.0,136020.0,86
2023-05-09 21:30:57,bu2412,bu2412,3396.0,0.0,0.0,0.0,1,3385.0,3402.0,2,3413.0,3402.0,3402.0,3396.0,4.0,136020.0,86
2023-05-09 21:31:19,bu2412,bu2412,3396.0,0.0,0.0,0.0,1,3385.0,3401.0,2,3413.0,3402.0,3402.0,3396.0,4.0,136020.0,86
2023-05-09 21:31:54,bu2412,bu2412,3396.0,0.0,0.0,0.0,1,3380.0,3401.0,2,3413.0,3402.0,3402.0,3396.0,4.0,136020.0,86
2023-05-09 21:31:54,bu2412,bu2412,3396.0,0.0,0.0,0.0,1,3381.0,3401.0,2,3413.0,3402.0,3402.0,3396.0,4.0,136020.0,86
2023-05-09 21:31:55,bu2412,bu2412,3396.0,0.0,0.0,0.0,1,3381.0,3401.0,2,3413.0,3402.0,3402.0,3396.0,4.0,136020.0,86
2023-05-09 21:31:58,bu2412,bu2412,3396.0,0.0,0.0,0.0,2,3381.0,3401.0,2,3413.0,3402.0,3402.0,3396.0,4.0,136020.0,86
2023-05-09 21:32:02,bu2412,bu2412,3396.0,0.0,0.0,0.0,1,3381.0,3401.0,2,3413.0,3402.0,3402.0,3396.0,4.0,136020.0,86
2023-05-09 21:32:09,bu2412,bu2412,3396.0,0.0,0.0,0.0,2,3381.0,3401.0,2,3413.0,3402.0,3402.0,3396.0,4.0,136020.0,86
2023-05-09 21:32:09,bu2412,bu2412,3396.0,0.0,0.0,0.0,2,3381.0,3401.0,3,3413.0,3402.0,3402.0,3396.0,4.0,136020.0,86
2023-05-09 21:32:10,bu2412,bu2412,3396.0,0.0,0.0,0.0,3,3381.0,3401.0,3,3413.0,3402.0,3402.0,3396.0,4.0,136020.0,86
2023-05-09 21:32:11,bu2412,bu2412,3396.0,0.0,0.0,0.0,2,3381.0,3401.0,3,3413.0,3402.0,3402.0,3396.0,4.0,136020.0,86
2023-05-09 21:32:13,bu2412,bu2412,3396.0,0.0,0.0,0.0,1,3381.0,3401.0,3,3413.0,3402.0,3402.0,3396.0,4.0,136020.0,86
2023-05-09 21:32:31,bu2412,bu2412,3396.0,0.0,0.0,0.0,2,3381.0,3401.0,3,3413.0,3402.0,3402.0,3396.0,4.0,136020.0,86
2023-05-09 21:32:31,bu2412,bu2412,3396.0,0.0,0.0,0.0,1,3381.0,3400.0,1,3413.0,3402.0,3402.0,3396.0,4.0,136020.0,86
2023-05-09 21:32:42,bu2412,bu2412,3396.0,0.0,0.0,0.0,1,3381.0,3400.0,1,3413.0,3402.0,3402.0,3396.0,4.0,136020.0,86
2023-05-09 21:32:42,bu2412,bu2412,3396.0,0.0,0.0,0.0,1,3381.0,3400.0,1,3413.0,3402.0,3402.0,3396.0,4.0,136020.0,86
2023-05-09 21:32:44,bu2412,bu2412,3396.0,0.0,0.0,0.0,2,3381.0,3400.0,1,3413.0,3402.0,3402.0,3396.0,4.0,136020.0,86
2023-05-09 21:32:44,bu2412,bu2412,3396.0,0.0,0.0,0.0,2,3381.0,3400.0,1,3413.0,3402.0,3402.0,3396.0,4.0,136020.0,86
2023-05-09 21:32:48,bu2412,bu2412,3396.0,0.0,0.0,0.0,3,3381.0,3400.0,1,3413.0,3402.0,3402.0,3396.0,4.0,136020.0,86
2023-05-09 21:32:49,bu2412,bu2412,3396.0,0.0,0.0,0.0,3,3381.0,3400.0,2,3413.0,3402.0,3402.0,3396.0,4.0,136020.0,86
2023-05-09 21:32:49,bu2412,bu2412,3396.0,0.0,0.0,0.0,3,3381.0,3400.0,2,3413.0,3402.0,3402.0,3396.0,4.0,136020.0,86
2023-05-09 21:32:58,bu2412,bu2412,3396.0,0.0,0.0,0.0,3,3381.0,3400.0,2,3413.0,3402.0,3402.0,3396.0,4.0,136020.0,86
2023-05-09 21:32:59,bu2412,bu2412,3396.0,0.0,0.0,0.0,3,3381.0,3400.0,2,3413.0,3402.0,3402.0,3396.0,4.0,136020.0,86
2023-05-09 21:33:29,bu2412,bu2412,3396.0,0.0,0.0,0.0,2,3382.0,3400.0,2,3413.0,3402.0,3402.0,3396.0,4.0,136020.0,86
2023-05-09 21:33:29,bu2412,bu2412,3396.0,0.0,0.0,0.0,2,3382.0,3400.0,2,3413.0,3402.0,3402.0,3396.0,4.0,136020.0,86
2023-05-09 21:33:30,bu2412,bu2412,3396.0,0.0,0.0,0.0,1,3383.0,3400.0,2,3413.0,3402.0,3402.0,3396.0,4.0,136020.0,86
2023-05-09 21:33:30,bu2412,bu2412,3396.0,0.0,0.0,0.0,2,3383.0,3400.0,2,3413.0,3402.0,3402.0,3396.0,4.0,136020.0,86
2023-05-09 21:33:40,bu2412,bu2412,3396.0,0.0,0.0,0.0,3,3383.0,3400.0,2,3413.0,3402.0,3402.0,3396.0,4.0,136020.0,86
2023-05-09 21:34:05,bu2412,bu2412,3396.0,0.0,0.0,0.0,3,3383.0,3400.0,1,3413.0,3402.0,3402.0,3396.0,4.0,136020.0,86
2023-05-09 21:34:08,bu2412,bu2412,3396.0,0.0,0.0,0.0,3,3383.0,3400.0,1,3413.0,3402.0,3402.0,3396.0,4.0,136020.0,86
2023-05-09 21:34:12,bu2412,bu2412,3396.0,0.0,0.0,0.0,2,3384.0,3400.0,1,3413.0,3402.0,3402.0,3396.0,4.0,136020.0,86
2023-05-09 21:34:12,bu2412,bu2412,3396.0,0.0,0.0,0.0,2,3384.0,3400.0,1,3413.0,3402.0,3402.0,3396.0,4.0,136020.0,86
2023-05-09 21:34:13,bu2412,bu2412,3396.0,0.0,0.0,0.0,1,3385.0,3400.0,1,3413.0,3402.0,3402.0,3396.0,4.0,136020.0,86
2023-05-09 21:34:21,bu2412,bu2412,3396.0,0.0,0.0,0.0,2,3385.0,3400.0,1,3413.0,3402.0,3402.0,3396.0,4.0,136020.0,86
2023-05-09 21:34:21,bu2412,bu2412,3396.0,0.0,0.0,0.0,2,3385.0,3400.0,1,3413.0,3402.0,3402.0,3396.0,4.0,136020.0,86
2023-05-09 21:34:26,bu2412,bu2412,3396.0,0.0,0.0,0.0,1,3385.0,3400.0,1,3413.0,3402.0,3402.0,3396.0,4.0,136020.0,86
2023-05-09 21:34:42,bu2412,bu2412,3396.0,0.0,0.0,0.0,1,3385.0,3400.0,1,3413.0,3402.0,3402.0,3396.0,4.0,136020.0,86
2023-05-09 21:34:42,bu2412,bu2412,3396.0,0.0,0.0,0.0,1,3385.0,3400.0,1,3413.0,3402.0,3402.0,3396.0,4.0,136020.0,86
2023-05-09 21:34:46,bu2412,bu2412,3396.0,0.0,0.0,0.0,2,3385.0,3400.0,1,3413.0,3402.0,3402.0,3396.0,4.0,136020.0,86
2023-05-09 21:34:48,bu2412,bu2412,3396.0,0.0,0.0,0.0,3,3385.0,3400.0,1,3413.0,3402.0,3402.0,3396.0,4.0,136020.0,86
2023-05-09 21:34:50,bu2412,bu2412,3396.0,0.0,0.0,0.0,3,3385.0,3400.0,1,3413.0,3402.0,3402.0,3396.0,4.0,136020.0,86
2023-05-09 21:34:53,bu2412,bu2412,3396.0,0.0,0.0,0.0,2,3386.0,3400.0,1,3413.0,3402.0,3402.0,3396.0,4.0,136020.0,86
2023-05-09 21:34:54,bu2412,bu2412,3396.0,0.0,0.0,0.0,2,3386.0,3400.0,1,3413.0,3402.0,3402.0,3396.0,4.0,136020.0,86
2023-05-09 21:34:54,bu2412,bu2412,3396.0,0.0,0.0,0.0,1,3387.0,3400.0,1,3413.0,3402.0,3402.0,3396.0,4.0,136020.0,86
2023-05-09 21:34:55,bu2412,bu2412,3396.0,0.0,0.0,0.0,1,3387.0,3400.0,1,3413.0,3402.0,3402.0,3396.0,4.0,136020.0,86
2023-05-09 21:34:56,bu2412,bu2412,3396.0,0.0,0.0,0.0,1,3387.0,3400.0,1,3413.0,3402.0,3402.0,3396.0,4.0,136020.0,86
2023-05-09 21:35:17,bu2412,bu2412,3396.0,0.0,0.0,0.0,1,3387.0,3400.0,1,3413.0,3402.0,3402.0,3396.0,4.0,136020.0,86
2023-05-09 21:35:18,bu2412,bu2412,3396.0,0.0,0.0,0.0,1,3387.0,3400.0,1,3413.0,3402.0,3402.0,3396.0,4.0,136020.0,86
2023-05-09 21:35:20,bu2412,bu2412,3396.0,0.0,0.0,0.0,2,3387.0,3400.0,1,3413.0,3402.0,3402.0,3396.0,4.0,136020.0,86
2023-05-09 21:35:21,bu2412,bu2412,3396.0,0.0,0.0,0.0,3,3387.0,3400.0,1,3413.0,3402.0,3402.0,3396.0,4.0,136020.0,86
2023-05-09 21:35:26,bu2412,bu2412,3396.0,0.0,0.0,0.0,4,3387.0,3400.0,1,3413.0,3402.0,3402.0,3396.0,4.0,136020.0,86
2023-05-09 21:35:26,bu2412,bu2412,3396.0,0.0,0.0,0.0,4,3387.0,3400.0,1,3413.0,3402.0,3402.0,3396.0,4.0,136020.0,86
2023-05-09 21:35:27,bu2412,bu2412,3396.0,0.0,0.0,0.0,4,3387.0,3400.0,1,3413.0,3402.0,3402.0,3396.0,4.0,136020.0,86
2023-05-09 21:35:29,bu2412,bu2412,3396.0,0.0,0.0,0.0,3,3387.0,3400.0,1,3413.0,3402.0,3402.0,3396.0,4.0,136020.0,86
2023-05-09 21:35:30,bu2412,bu2412,3396.0,0.0,0.0,0.0,2,3387.0,3400.0,1,3413.0,3402.0,3402.0,3396.0,4.0,136020.0,86
2023-05-09 21:35:32,bu2412,bu2412,3396.0,0.0,0.0,0.0,2,3387.0,3400.0,1,3413.0,3402.0,3402.0,3396.0,4.0,136020.0,86
2023-05-09 21:35:36,bu2412,bu2412,3396.0,0.0,0.0,0.0,2,3388.0,3400.0,1,3413.0,3402.0,3402.0,3396.0,4.0,136020.0,86
2023-05-09 21:35:36,bu2412,bu2412,3396.0,0.0,0.0,0.0,2,3388.0,3400.0,1,3413.0,3402.0,3402.0,3396.0,4.0,136020.0,86
2023-05-09 21:35:53,bu2412,bu2412,3396.0,0.0,0.0,0.0,1,3387.0,3400.0,1,3413.0,3402.0,3402.0,3396.0,4.0,136020.0,86
2023-05-09 21:35:54,bu2412,bu2412,3396.0,0.0,0.0,0.0,1,3387.0,3400.0,1,3413.0,3402.0,3402.0,3396.0,4.0,136020.0,86
2023-05-09 21:36:05,bu2412,bu2412,3396.0,0.0,0.0,0.0,1,3379.0,3400.0,1,3413.0,3402.0,3402.0,3396.0,4.0,136020.0,86
2023-05-09 21:36:06,bu2412,bu2412,3396.0,0.0,0.0,0.0,2,3380.0,3400.0,1,3413.0,3402.0,3402.0,3396.0,4.0,136020.0,86
2023-05-09 21:36:06,bu2412,bu2412,3396.0,0.0,0.0,0.0,2,3380.0,3400.0,1,3413.0,3402.0,3402.0,3396.0,4.0,136020.0,86
2023-05-09 21:36:07,bu2412,bu2412,3396.0,0.0,0.0,0.0,3,3380.0,3400.0,1,3413.0,3402.0,3402.0,3396.0,4.0,136020.0,86
2023-05-09 21:36:08,bu2412,bu2412,3396.0,0.0,0.0,0.0,4,3380.0,3400.0,1,3413.0,3402.0,3402.0,3396.0,4.0,136020.0,86
2023-05-09 21:36:19,bu2412,bu2412,3396.0,0.0,0.0,0.0,2,3381.0,3400.0,1,3413.0,3402.0,3402.0,3396.0,4.0,136020.0,86
2023-05-09 21:36:19,bu2412,bu2412,3396.0,0.0,0.0,0.0,2,3381.0,3400.0,1,3413.0,3402.0,3402.0,3396.0,4.0,136020.0,86
2023-05-09 21:36:20,bu2412,bu2412,3396.0,0.0,0.0,0.0,1,3382.0,3400.0,1,3413.0,3402.0,3402.0,3396.0,4.0,136020.0,86
2023-05-09 21:36:20,bu2412,bu2412,3396.0,0.0,0.0,0.0,3,3382.0,3400.0,1,3413.0,3402.0,3402.0,3396.0,4.0,136020.0,86
2023-05-09 21:36:41,bu2412,bu2412,3396.0,0.0,0.0,0.0,1,3383.0,3400.0,1,3413.0,3402.0,3402.0,3396.0,4.0,136020.0,86
2023-05-09 21:36:41,bu2412,bu2412,3396.0,0.0,0.0,0.0,1,3383.0,3400.0,1,3413.0,3402.0,3402.0,3396.0,4.0,136020.0,86
2023-05-09 21:36:42,bu2412,bu2412,3396.0,0.0,0.0,0.0,1,3384.0,3400.0,1,3413.0,3402.0,3402.0,3396.0,4.0,136020.0,86
2023-05-09 21:36:42,bu2412,bu2412,3396.0,0.0,0.0,0.0,3,3384.0,3400.0,1,3413.0,3402.0,3402.0,3396.0,4.0,136020.0,86
2023-05-09 21:36:43,bu2412,bu2412,3396.0,0.0,0.0,0.0,3,3384.0,3400.0,1,3413.0,3402.0,3402.0,3396.0,4.0,136020.0,86
2023-05-09 21:36:58,bu2412,bu2412,3396.0,0.0,0.0,0.0,3,3384.0,3400.0,1,3413.0,3402.0,3402.0,3396.0,4.0,136020.0,86
2023-05-09 21:37:02,bu2412,bu2412,3396.0,0.0,0.0,0.0,2,3385.0,3400.0,1,3413.0,3402.0,3402.0,3396.0,4.0,136020.0,86
2023-05-09 21:37:02,bu2412,bu2412,3396.0,0.0,0.0,0.0,2,3385.0,3400.0,1,3413.0,3402.0,3402.0,3396.0,4.0,136020.0,86
2023-05-09 21:37:03,bu2412,bu2412,3396.0,0.0,0.0,0.0,1,3386.0,3400.0,1,3413.0,3402.0,3402.0,3396.0,4.0,136020.0,86
2023-05-09 21:37:25,bu2412,bu2412,3396.0,0.0,0.0,0.0,1,3386.0,3400.0,1,3413.0,3402.0,3402.0,3396.0,4.0,136020.0,86
2023-05-09 21:37:26,bu2412,bu2412,3396.0,0.0,0.0,0.0,1,3386.0,3400.0,1,3413.0,3402.0,3402.0,3396.0,4.0,136020.0,86
2023-05-09 21:37:31,bu2412,bu2412,3396.0,0.0,0.0,0.0,1,3386.0,3400.0,1,3413.0,3402.0,3402.0,3396.0,4.0,136020.0,86
2023-05-09 21:37:32,bu2412,bu2412,3396.0,0.0,0.0,0.0,1,3386.0,3400.0,1,3413.0,3402.0,3402.0,3396.0,4.0,136020.0,86
2023-05-09 21:37:41,bu2412,bu2412,3396.0,0.0,0.0,0.0,1,3386.0,3400.0,1,3413.0,3402.0,3402.0,3396.0,4.0,136020.0,86
2023-05-09 21:37:43,bu2412,bu2412,3396.0,0.0,0.0,0.0,2,3387.0,3400.0,1,3413.0,3402.0,3402.0,3396.0,4.0,136020.0,86
2023-05-09 21:37:44,bu2412,bu2412,3396.0,0.0,0.0,0.0,2,3387.0,3400.0,1,3413.0,3402.0,3402.0,3396.0,4.0,136020.0,86
2023-05-09 21:37:53,bu2412,bu2412,3396.0,0.0,0.0,0.0,2,3387.0,3400.0,1,3413.0,3402.0,3402.0,3396.0,4.0,136020.0,86
2023-05-09 21:37:53,bu2412,bu2412,3396.0,0.0,0.0,0.0,2,3387.0,3400.0,1,3413.0,3402.0,3402.0,3396.0,4.0,136020.0,86
2023-05-09 21:37:57,bu2412,bu2412,3396.0,0.0,0.0,0.0,3,3387.0,3400.0,1,3413.0,3402.0,3402.0,3396.0,4.0,136020.0,86
2023-05-09 21:38:00,bu2412,bu2412,3396.0,0.0,0.0,0.0,2,3387.0,3400.0,1,3413.0,3402.0,3402.0,3396.0,4.0,136020.0,86
2023-05-09 21:38:15,bu2412,bu2412,3396.0,0.0,0.0,0.0,2,3387.0,3399.0,1,3413.0,3402.0,3402.0,3396.0,4.0,136020.0,86
2023-05-09 21:38:15,bu2412,bu2412,3396.0,0.0,0.0,0.0,2,3387.0,3399.0,1,3413.0,3402.0,3402.0,3396.0,4.0,136020.0,86
2023-05-09 21:39:09,bu2412,bu2412,3396.0,0.0,0.0,0.0,2,3387.0,3399.0,1,3413.0,3402.0,3402.0,3396.0,4.0,136020.0,86
2023-05-09 21:39:09,bu2412,bu2412,3396.0,0.0,0.0,0.0,2,3387.0,3399.0,1,3413.0,3402.0,3402.0,3396.0,4.0,136020.0,86
2023-05-09 21:39:27,bu2412,bu2412,3396.0,0.0,0.0,0.0,2,3387.0,3399.0,1,3413.0,3402.0,3402.0,3396.0,4.0,136020.0,86
2023-05-09 21:39:28,bu2412,bu2412,3396.0,0.0,0.0,0.0,2,3387.0,3399.0,1,3413.0,3402.0,3402.0,3396.0,4.0,136020.0,86
2023-05-09 21:39:31,bu2412,bu2412,3396.0,0.0,0.0,0.0,2,3387.0,3399.0,1,3413.0,3402.0,3402.0,3396.0,4.0,136020.0,86
2023-05-09 21:39:32,bu2412,bu2412,3396.0,0.0,0.0,0.0,2,3387.0,3399.0,1,3413.0,3402.0,3402.0,3396.0,4.0,136020.0,86
2023-05-09 21:40:15,bu2412,bu2412,3396.0,0.0,0.0,0.0,2,3387.0,3399.0,1,3413.0,3402.0,3402.0,3396.0,4.0,136020.0,86
2023-05-09 21:40:15,bu2412,bu2412,3396.0,0.0,0.0,0.0,2,3387.0,3399.0,1,3413.0,3402.0,3402.0,3396.0,4.0,136020.0,86
2023-05-09 21:41:06,bu2412,bu2412,3396.0,0.0,0.0,0.0,2,3387.0,3399.0,1,3413.0,3402.0,3402.0,3396.0,4.0,136020.0,86
2023-05-09 21:41:06,bu2412,bu2412,3396.0,0.0,0.0,0.0,2,3387.0,3399.0,1,3413.0,3402.0,3402.0,3396.0,4.0,136020.0,86
2023-05-09 21:42:36,bu2412,bu2412,3396.0,0.0,0.0,0.0,3,3387.0,3399.0,1,3413.0,3402.0,3402.0,3396.0,4.0,136020.0,86
2023-05-09 21:42:38,bu2412,bu2412,3396.0,0.0,0.0,0.0,2,3387.0,3399.0,1,3413.0,3402.0,3402.0,3396.0,4.0,136020.0,86
2023-05-09 21:42:40,bu2412,bu2412,3396.0,0.0,0.0,0.0,3,3387.0,3399.0,1,3413.0,3402.0,3402.0,3396.0,4.0,136020.0,86
2023-05-09 21:42:41,bu2412,bu2412,3396.0,0.0,0.0,0.0,2,3387.0,3399.0,1,3413.0,3402.0,3402.0,3396.0,4.0,136020.0,86
2023-05-09 21:42:42,bu2412,bu2412,3396.0,0.0,0.0,0.0,3,3387.0,3399.0,1,3413.0,3402.0,3402.0,3396.0,4.0,136020.0,86
2023-05-09 21:42:43,bu2412,bu2412,3396.0,0.0,0.0,0.0,4,3387.0,3399.0,1,3413.0,3402.0,3402.0,3396.0,4.0,136020.0,86
2023-05-09 21:42:43,bu2412,bu2412,3396.0,0.0,0.0,0.0,1,3388.0,3399.0,1,3413.0,3402.0,3402.0,3396.0,4.0,136020.0,86
2023-05-09 21:42:44,bu2412,bu2412,3396.0,0.0,0.0,0.0,1,3388.0,3399.0,1,3413.0,3402.0,3402.0,3396.0,4.0,136020.0,86
2023-05-09 21:42:45,bu2412,bu2412,3396.0,0.0,0.0,0.0,3,3388.0,3399.0,1,3413.0,3402.0,3402.0,3396.0,4.0,136020.0,86
2023-05-09 21:43:09,bu2412,bu2412,3396.0,0.0,0.0,0.0,1,3389.0,3399.0,1,3413.0,3402.0,3402.0,3396.0,4.0,136020.0,86
2023-05-09 21:43:10,bu2412,bu2412,3396.0,0.0,0.0,0.0,1,3389.0,3399.0,1,3413.0,3402.0,3402.0,3396.0,4.0,136020.0,86
2023-05-09 21:43:11,bu2412,bu2412,3396.0,0.0,0.0,0.0,3,3389.0,3399.0,1,3413.0,3402.0,3402.0,3396.0,4.0,136020.0,86
2023-05-09 21:43:18,bu2412,bu2412,3396.0,0.0,0.0,0.0,3,3389.0,3399.0,1,3413.0,3402.0,3402.0,3396.0,4.0,136020.0,86
2023-05-09 21:43:18,bu2412,bu2412,3396.0,0.0,0.0,0.0,2,3389.0,3399.0,1,3413.0,3402.0,3402.0,3396.0,4.0,136020.0,86
2023-05-09 21:43:19,bu2412,bu2412,3396.0,0.0,0.0,0.0,1,3389.0,3399.0,1,3413.0,3402.0,3402.0,3396.0,4.0,136020.0,86
2023-05-09 21:43:25,bu2412,bu2412,3396.0,0.0,0.0,0.0,2,3390.0,3399.0,1,3413.0,3402.0,3402.0,3396.0,4.0,136020.0,86
2023-05-09 21:43:29,bu2412,bu2412,3396.0,0.0,0.0,0.0,2,3390.0,3399.0,1,3413.0,3402.0,3402.0,3396.0,4.0,136020.0,86
2023-05-09 21:43:30,bu2412,bu2412,3396.0,0.0,0.0,0.0,2,3390.0,3399.0,1,3413.0,3402.0,3402.0,3396.0,4.0,136020.0,86
2023-05-09 21:43:59,bu2412,bu2412,3396.0,0.0,0.0,0.0,2,3390.0,3399.0,1,3413.0,3402.0,3402.0,3396.0,4.0,136020.0,86
2023-05-09 21:43:59,bu2412,bu2412,3396.0,0.0,0.0,0.0,2,3390.0,3399.0,1,3413.0,3402.0,3402.0,3396.0,4.0,136020.0,86
2023-05-09 21:44:08,bu2412,bu2412,3396.0,0.0,0.0,0.0,2,3390.0,3399.0,1,3413.0,3402.0,3402.0,3396.0,4.0,136020.0,86
2023-05-09 21:44:09,bu2412,bu2412,3396.0,0.0,0.0,0.0,2,3390.0,3399.0,1,3413.0,3402.0,3402.0,3396.0,4.0,136020.0,86
2023-05-09 21:44:10,bu2412,bu2412,3396.0,0.0,0.0,0.0,2,3390.0,3399.0,1,3413.0,3402.0,3402.0,3396.0,4.0,136020.0,86
2023-05-09 21:44:11,bu2412,bu2412,3396.0,0.0,0.0,0.0,2,3390.0,3399.0,1,3413.0,3402.0,3402.0,3396.0,4.0,136020.0,86
2023-05-09 21:44:19,bu2412,bu2412,3396.0,0.0,0.0,0.0,2,3390.0,3399.0,1,3413.0,3402.0,3402.0,3396.0,4.0,136020.0,86
2023-05-09 21:44:20,bu2412,bu2412,3396.0,0.0,0.0,0.0,2,3390.0,3399.0,1,3413.0,3402.0,3402.0,3396.0,4.0,136020.0,86
2023-05-09 21:44:48,bu2412,bu2412,3396.0,0.0,0.0,0.0,2,3390.0,3399.0,1,3413.0,3402.0,3402.0,3396.0,4.0,136020.0,86
2023-05-09 21:44:48,bu2412,bu2412,3396.0,0.0,0.0,0.0,2,3390.0,3399.0,1,3413.0,3402.0,3402.0,3396.0,4.0,136020.0,86
2023-05-09 21:45:10,bu2412,bu2412,3396.0,0.0,0.0,0.0,2,3390.0,3406.0,1,3413.0,3402.0,3402.0,3396.0,4.0,136020.0,86
2023-05-09 21:45:10,bu2412,bu2412,3396.0,0.0,0.0,0.0,2,3390.0,3450.0,1,3413.0,3402.0,3402.0,3396.0,4.0,136020.0,86
2023-05-09 21:45:11,bu2412,bu2412,3396.0,0.0,0.0,0.0,2,3390.0,3442.0,1,3413.0,3402.0,3402.0,3396.0,4.0,136020.0,86
2023-05-09 21:45:11,bu2412,bu2412,3396.0,0.0,0.0,0.0,1,3389.0,3442.0,2,3413.0,3402.0,3402.0,3396.0,4.0,136020.0,86
2023-05-09 21:45:12,bu2412,bu2412,3396.0,0.0,0.0,0.0,1,3389.0,3441.0,1,3413.0,3402.0,3402.0,3396.0,4.0,136020.0,86
2023-05-09 21:45:12,bu2412,bu2412,3396.0,0.0,0.0,0.0,1,3389.0,3441.0,2,3413.0,3402.0,3402.0,3396.0,4.0,136020.0,86
2023-05-09 21:45:13,bu2412,bu2412,3396.0,0.0,0.0,0.0,1,3389.0,3441.0,3,3413.0,3402.0,3402.0,3396.0,4.0,136020.0,86
2023-05-09 21:45:15,bu2412,bu2412,3396.0,0.0,0.0,0.0,1,3389.0,3434.0,1,3413.0,3402.0,3402.0,3396.0,4.0,136020.0,86
2023-05-09 21:45:15,bu2412,bu2412,3396.0,0.0,0.0,0.0,1,3389.0,3434.0,1,3413.0,3402.0,3402.0,3396.0,4.0,136020.0,86
2023-05-09 21:45:16,bu2412,bu2412,3396.0,0.0,0.0,0.0,1,3389.0,3433.0,1,3413.0,3402.0,3402.0,3396.0,4.0,136020.0,86
2023-05-09 21:45:16,bu2412,bu2412,3396.0,0.0,0.0,0.0,1,3389.0,3433.0,4,3413.0,3402.0,3402.0,3396.0,4.0,136020.0,86
2023-05-09 21:45:18,bu2412,bu2412,3396.0,0.0,0.0,0.0,1,3389.0,3433.0,5,3413.0,3402.0,3402.0,3396.0,4.0,136020.0,86
2023-05-09 21:45:19,bu2412,bu2412,3396.0,0.0,0.0,0.0,1,3389.0,3428.0,1,3413.0,3402.0,3402.0,3396.0,4.0,136020.0,86
2023-05-09 21:45:19,bu2412,bu2412,3396.0,0.0,0.0,0.0,1,3389.0,3428.0,1,3413.0,3402.0,3402.0,3396.0,4.0,136020.0,86
2023-05-09 21:45:20,bu2412,bu2412,3396.0,0.0,0.0,0.0,1,3389.0,3427.0,3,3413.0,3402.0,3402.0,3396.0,4.0,136020.0,86
2023-05-09 21:45:20,bu2412,bu2412,3396.0,0.0,0.0,0.0,1,3389.0,3427.0,5,3413.0,3402.0,3402.0,3396.0,4.0,136020.0,86
2023-05-09 21:45:23,bu2412,bu2412,3396.0,0.0,0.0,0.0,1,3389.0,3423.0,1,3413.0,3402.0,3402.0,3396.0,4.0,136020.0,86
2023-05-09 21:45:23,bu2412,bu2412,3396.0,0.0,0.0,0.0,1,3389.0,3423.0,2,3413.0,3402.0,3402.0,3396.0,4.0,136020.0,86
2023-05-09 21:45:24,bu2412,bu2412,3396.0,0.0,0.0,0.0,1,3389.0,3422.0,3,3413.0,3402.0,3402.0,3396.0,4.0,136020.0,86
2023-05-09 21:45:24,bu2412,bu2412,3396.0,0.0,0.0,0.0,1,3389.0,3422.0,5,3413.0,3402.0,3402.0,3396.0,4.0,136020.0,86
2023-05-09 21:45:27,bu2412,bu2412,3396.0,0.0,0.0,0.0,1,3389.0,3419.0,1,3413.0,3402.0,3402.0,3396.0,4.0,136020.0,86
2023-05-09 21:45:27,bu2412,bu2412,3396.0,0.0,0.0,0.0,1,3389.0,3419.0,1,3413.0,3402.0,3402.0,3396.0,4.0,136020.0,86
2023-05-09 21:45:28,bu2412,bu2412,3396.0,0.0,0.0,0.0,1,3389.0,3418.0,3,3413.0,3402.0,3402.0,3396.0,4.0,136020.0,86
2023-05-09 21:45:28,bu2412,bu2412,3396.0,0.0,0.0,0.0,1,3389.0,3418.0,5,3413.0,3402.0,3402.0,3396.0,4.0,136020.0,86
2023-05-09 21:45:31,bu2412,bu2412,3396.0,0.0,0.0,0.0,1,3389.0,3416.0,1,3413.0,3402.0,3402.0,3396.0,4.0,136020.0,86
2023-05-09 21:45:31,bu2412,bu2412,3396.0,0.0,0.0,0.0,1,3389.0,3416.0,1,3413.0,3402.0,3402.0,3396.0,4.0,136020.0,86
2023-05-09 21:45:32,bu2412,bu2412,3396.0,0.0,0.0,0.0,1,3389.0,3415.0,1,3413.0,3402.0,3402.0,3396.0,4.0,136020.0,86
2023-05-09 21:45:32,bu2412,bu2412,3396.0,0.0,0.0,0.0,1,3389.0,3415.0,2,3413.0,3402.0,3402.0,3396.0,4.0,136020.0,86
2023-05-09 21:45:33,bu2412,bu2412,3396.0,0.0,0.0,0.0,1,3389.0,3415.0,3,3413.0,3402.0,3402.0,3396.0,4.0,136020.0,86
2023-05-09 21:45:33,bu2412,bu2412,3396.0,0.0,0.0,0.0,1,3389.0,3414.0,2,3413.0,3402.0,3402.0,3396.0,4.0,136020.0,86
2023-05-09 21:45:34,bu2412,bu2412,3396.0,0.0,0.0,0.0,1,3389.0,3413.0,1,3413.0,3402.0,3402.0,3396.0,4.0,136020.0,86
2023-05-09 21:45:34,bu2412,bu2412,3396.0,0.0,0.0,0.0,1,3389.0,3412.0,1,3413.0,3402.0,3402.0,3396.0,4.0,136020.0,86
2023-05-09 21:45:35,bu2412,bu2412,3396.0,0.0,0.0,0.0,1,3389.0,3411.0,1,3413.0,3402.0,3402.0,3396.0,4.0,136020.0,86
2023-05-09 21:45:35,bu2412,bu2412,3396.0,0.0,0.0,0.0,1,3389.0,3411.0,3,3413.0,3402.0,3402.0,3396.0,4.0,136020.0,86
2023-05-09 21:45:36,bu2412,bu2412,3396.0,0.0,0.0,0.0,1,3389.0,3410.0,1,3413.0,3402.0,3402.0,3396.0,4.0,136020.0,86
2023-05-09 21:45:36,bu2412,bu2412,3396.0,0.0,0.0,0.0,1,3389.0,3410.0,1,3413.0,3402.0,3402.0,3396.0,4.0,136020.0,86
2023-05-09 21:45:37,bu2412,bu2412,3396.0,0.0,0.0,0.0,1,3389.0,3410.0,2,3413.0,3402.0,3402.0,3396.0,4.0,136020.0,86
2023-05-09 21:45:38,bu2412,bu2412,3396.0,0.0,0.0,0.0,1,3389.0,3410.0,3,3413.0,3402.0,3402.0,3396.0,4.0,136020.0,86
2023-05-09 21:45:39,bu2412,bu2412,3396.0,0.0,0.0,0.0,1,3389.0,3409.0,1,3413.0,3402.0,3402.0,3396.0,4.0,136020.0,86
2023-05-09 21:45:39,bu2412,bu2412,3396.0,0.0,0.0,0.0,1,3389.0,3409.0,1,3413.0,3402.0,3402.0,3396.0,4.0,136020.0,86
2023-05-09 21:45:40,bu2412,bu2412,3396.0,0.0,0.0,0.0,1,3389.0,3408.0,1,3413.0,3402.0,3402.0,3396.0,4.0,136020.0,86
2023-05-09 21:45:40,bu2412,bu2412,3396.0,0.0,0.0,0.0,1,3389.0,3408.0,2,3413.0,3402.0,3402.0,3396.0,4.0,136020.0,86
2023-05-09 21:45:41,bu2412,bu2412,3396.0,0.0,0.0,0.0,1,3389.0,3408.0,2,3413.0,3402.0,3402.0,3396.0,4.0,136020.0,86
2023-05-09 21:45:41,bu2412,bu2412,3396.0,0.0,0.0,0.0,1,3379.0,3408.0,2,3413.0,3402.0,3402.0,3396.0,4.0,136020.0,86
2023-05-09 21:45:42,bu2412,bu2412,3396.0,0.0,0.0,0.0,1,3358.0,3408.0,1,3413.0,3402.0,3402.0,3396.0,4.0,136020.0,86
2023-05-09 21:45:42,bu2412,bu2412,3396.0,0.0,0.0,0.0,2,3358.0,3408.0,1,3413.0,3402.0,3402.0,3396.0,4.0,136020.0,86
2023-05-09 21:45:43,bu2412,bu2412,3396.0,0.0,0.0,0.0,1,3363.0,3408.0,1,3413.0,3402.0,3402.0,3396.0,4.0,136020.0,86
2023-05-09 21:45:43,bu2412,bu2412,3396.0,0.0,0.0,0.0,3,3363.0,3408.0,1,3413.0,3402.0,3402.0,3396.0,4.0,136020.0,86
2023-05-09 21:45:52,bu2412,bu2412,3396.0,0.0,0.0,0.0,1,3364.0,3408.0,1,3413.0,3402.0,3402.0,3396.0,4.0,136020.0,86
2023-05-09 21:45:52,bu2412,bu2412,3396.0,0.0,0.0,0.0,1,3364.0,3408.0,1,3413.0,3402.0,3402.0,3396.0,4.0,136020.0,86
2023-05-09 21:45:53,bu2412,bu2412,3396.0,0.0,0.0,0.0,2,3364.0,3408.0,1,3413.0,3402.0,3402.0,3396.0,4.0,136020.0,86
2023-05-09 21:45:54,bu2412,bu2412,3396.0,0.0,0.0,0.0,3,3364.0,3408.0,1,3413.0,3402.0,3402.0,3396.0,4.0,136020.0,86
2023-05-09 21:45:55,bu2412,bu2412,3396.0,0.0,0.0,0.0,1,3368.0,3408.0,1,3413.0,3402.0,3402.0,3396.0,4.0,136020.0,86
2023-05-09 21:45:55,bu2412,bu2412,3396.0,0.0,0.0,0.0,1,3368.0,3408.0,1,3413.0,3402.0,3402.0,3396.0,4.0,136020.0,86
2023-05-09 21:45:56,bu2412,bu2412,3396.0,0.0,0.0,0.0,2,3368.0,3408.0,1,3413.0,3402.0,3402.0,3396.0,4.0,136020.0,86
2023-05-09 21:45:58,bu2412,bu2412,3396.0,0.0,0.0,0.0,2,3368.0,3408.0,1,3413.0,3402.0,3402.0,3396.0,4.0,136020.0,86
2023-05-09 21:45:58,bu2412,bu2412,3396.0,0.0,0.0,0.0,1,3369.0,3408.0,1,3413.0,3402.0,3402.0,3396.0,4.0,136020.0,86
2023-05-09 21:45:59,bu2412,bu2412,3396.0,0.0,0.0,0.0,1,3369.0,3408.0,1,3413.0,3402.0,3402.0,3396.0,4.0,136020.0,86
2023-05-09 21:46:00,bu2412,bu2412,3396.0,0.0,0.0,0.0,2,3369.0,3408.0,1,3413.0,3402.0,3402.0,3396.0,4.0,136020.0,86
2023-05-09 21:46:02,bu2412,bu2412,3396.0,0.0,0.0,0.0,1,3372.0,3408.0,1,3413.0,3402.0,3402.0,3396.0,4.0,136020.0,86
2023-05-09 21:46:02,bu2412,bu2412,3396.0,0.0,0.0,0.0,1,3372.0,3408.0,1,3413.0,3402.0,3402.0,3396.0,4.0,136020.0,86
2023-05-09 21:46:03,bu2412,bu2412,3396.0,0.0,0.0,0.0,2,3372.0,3408.0,1,3413.0,3402.0,3402.0,3396.0,4.0,136020.0,86
2023-05-09 21:46:04,bu2412,bu2412,3396.0,0.0,0.0,0.0,3,3372.0,3408.0,1,3413.0,3402.0,3402.0,3396.0,4.0,136020.0,86
2023-05-09 21:46:11,bu2412,bu2412,3396.0,0.0,0.0,0.0,3,3372.0,3408.0,1,3413.0,3402.0,3402.0,3396.0,4.0,136020.0,86
2023-05-09 21:46:15,bu2412,bu2412,3396.0,0.0,0.0,0.0,2,3373.0,3408.0,1,3413.0,3402.0,3402.0,3396.0,4.0,136020.0,86
2023-05-09 21:46:15,bu2412,bu2412,3396.0,0.0,0.0,0.0,2,3373.0,3408.0,1,3413.0,3402.0,3402.0,3396.0,4.0,136020.0,86
2023-05-09 21:46:16,bu2412,bu2412,3396.0,0.0,0.0,0.0,4,3373.0,3408.0,1,3413.0,3402.0,3402.0,3396.0,4.0,136020.0,86
2023-05-09 21:46:18,bu2412,bu2412,3396.0,0.0,0.0,0.0,1,3375.0,3408.0,1,3413.0,3402.0,3402.0,3396.0,4.0,136020.0,86
2023-05-09 21:46:18,bu2412,bu2412,3396.0,0.0,0.0,0.0,2,3375.0,3408.0,1,3413.0,3402.0,3402.0,3396.0,4.0,136020.0,86
2023-05-09 21:46:19,bu2412,bu2412,3396.0,0.0,0.0,0.0,2,3375.0,3408.0,1,3413.0,3402.0,3402.0,3396.0,4.0,136020.0,86
2023-05-09 21:46:19,bu2412,bu2412,3396.0,0.0,0.0,0.0,4,3375.0,3408.0,1,3413.0,3402.0,3402.0,3396.0,4.0,136020.0,86
2023-05-09 21:46:23,bu2412,bu2412,3396.0,0.0,0.0,0.0,1,3380.0,3408.0,1,3413.0,3402.0,3402.0,3396.0,4.0,136020.0,86
2023-05-09 21:46:23,bu2412,bu2412,3396.0,0.0,0.0,0.0,1,3380.0,3408.0,1,3413.0,3402.0,3402.0,3396.0,4.0,136020.0,86
2023-05-09 21:46:24,bu2412,bu2412,3396.0,0.0,0.0,0.0,1,3380.0,3408.0,2,3413.0,3402.0,3402.0,3396.0,4.0,136020.0,86
2023-05-09 21:46:24,bu2412,bu2412,3396.0,0.0,0.0,0.0,3,3380.0,3408.0,2,3413.0,3402.0,3402.0,3396.0,4.0,136020.0,86
2023-05-09 21:46:40,bu2412,bu2412,3396.0,0.0,0.0,0.0,3,3380.0,3408.0,2,3413.0,3402.0,3402.0,3396.0,4.0,136020.0,86
2023-05-09 21:46:40,bu2412,bu2412,3396.0,0.0,0.0,0.0,3,3380.0,3408.0,2,3413.0,3402.0,3402.0,3396.0,4.0,136020.0,86
2023-05-09 21:46:41,bu2412,bu2412,3396.0,0.0,0.0,0.0,2,3380.0,3407.0,1,3413.0,3402.0,3402.0,3396.0,4.0,136020.0,86
2023-05-09 21:46:42,bu2412,bu2412,3396.0,0.0,0.0,0.0,2,3380.0,3407.0,2,3413.0,3402.0,3402.0,3396.0,4.0,136020.0,86
2023-05-09 21:46:42,bu2412,bu2412,3396.0,0.0,0.0,0.0,1,3381.0,3407.0,2,3413.0,3402.0,3402.0,3396.0,4.0,136020.0,86
2023-05-09 21:46:43,bu2412,bu2412,3396.0,0.0,0.0,0.0,1,3381.0,3407.0,3,3413.0,3402.0,3402.0,3396.0,4.0,136020.0,86
2023-05-09 21:46:44,bu2412,bu2412,3396.0,0.0,0.0,0.0,2,3381.0,3407.0,3,3413.0,3402.0,3402.0,3396.0,4.0,136020.0,86
2023-05-09 21:46:49,bu2412,bu2412,3396.0,0.0,0.0,0.0,1,3385.0,3407.0,3,3413.0,3402.0,3402.0,3396.0,4.0,136020.0,86
2023-05-09 21:46:50,bu2412,bu2412,3396.0,0.0,0.0,0.0,1,3385.0,3407.0,3,3413.0,3402.0,3402.0,3396.0,4.0,136020.0,86
2023-05-09 21:46:50,bu2412,bu2412,3396.0,0.0,0.0,0.0,1,3386.0,3407.0,3,3413.0,3402.0,3402.0,3396.0,4.0,136020.0,86
2023-05-09 21:46:57,bu2412,bu2412,3396.0,0.0,0.0,0.0,1,3386.0,3406.0,2,3413.0,3402.0,3402.0,3396.0,4.0,136020.0,86
2023-05-09 21:46:58,bu2412,bu2412,3396.0,0.0,0.0,0.0,1,3386.0,3406.0,2,3413.0,3402.0,3402.0,3396.0,4.0,136020.0,86
2023-05-09 21:46:59,bu2412,bu2412,3396.0,0.0,0.0,0.0,1,3386.0,3406.0,3,3413.0,3402.0,3402.0,3396.0,4.0,136020.0,86
2023-05-09 21:47:38,bu2412,bu2412,3396.0,0.0,0.0,0.0,2,3386.0,3406.0,3,3413.0,3402.0,3402.0,3396.0,4.0,136020.0,86
2023-05-09 21:47:47,bu2412,bu2412,3396.0,0.0,0.0,0.0,1,3386.0,3406.0,3,3413.0,3402.0,3402.0,3396.0,4.0,136020.0,86
2023-05-09 21:47:48,bu2412,bu2412,3396.0,0.0,0.0,0.0,2,3386.0,3406.0,3,3413.0,3402.0,3402.0,3396.0,4.0,136020.0,86
2023-05-09 21:47:49,bu2412,bu2412,3396.0,0.0,0.0,0.0,2,3386.0,3406.0,2,3413.0,3402.0,3402.0,3396.0,4.0,136020.0,86
2023-05-09 21:47:50,bu2412,bu2412,3396.0,0.0,0.0,0.0,2,3386.0,3407.0,1,3413.0,3402.0,3402.0,3396.0,4.0,136020.0,86
2023-05-09 21:47:51,bu2412,bu2412,3396.0,0.0,0.0,0.0,2,3386.0,3407.0,2,3413.0,3402.0,3402.0,3396.0,4.0,136020.0,86
2023-05-09 21:48:16,bu2412,bu2412,3396.0,0.0,0.0,0.0,1,3386.0,3407.0,2,3413.0,3402.0,3402.0,3396.0,4.0,136020.0,86
2023-05-09 21:48:23,bu2412,bu2412,3396.0,0.0,0.0,0.0,2,3387.0,3407.0,2,3413.0,3402.0,3402.0,3396.0,4.0,136020.0,86
2023-05-09 21:48:24,bu2412,bu2412,3396.0,0.0,0.0,0.0,2,3387.0,3407.0,2,3413.0,3402.0,3402.0,3396.0,4.0,136020.0,86
2023-05-09 21:48:24,bu2412,bu2412,3396.0,0.0,0.0,0.0,2,3387.0,3407.0,3,3413.0,3402.0,3402.0,3396.0,4.0,136020.0,86
2023-05-09 21:48:27,bu2412,bu2412,3396.0,0.0,0.0,0.0,2,3387.0,3406.0,1,3413.0,3402.0,3402.0,3396.0,4.0,136020.0,86
2023-05-09 21:48:27,bu2412,bu2412,3396.0,0.0,0.0,0.0,2,3387.0,3406.0,1,3413.0,3402.0,3402.0,3396.0,4.0,136020.0,86
2023-05-09 21:48:28,bu2412,bu2412,3396.0,0.0,0.0,0.0,2,3387.0,3406.0,2,3413.0,3402.0,3402.0,3396.0,4.0,136020.0,86
2023-05-09 21:48:38,bu2412,bu2412,3396.0,0.0,0.0,0.0,2,3387.0,3406.0,1,3413.0,3402.0,3402.0,3396.0,4.0,136020.0,86
2023-05-09 21:48:46,bu2412,bu2412,3396.0,0.0,0.0,0.0,2,3387.0,3407.0,2,3413.0,3402.0,3402.0,3396.0,4.0,136020.0,86
2023-05-09 21:48:46,bu2412,bu2412,3396.0,0.0,0.0,0.0,1,3388.0,3407.0,2,3413.0,3402.0,3402.0,3396.0,4.0,136020.0,86
2023-05-09 21:48:49,bu2412,bu2412,3396.0,0.0,0.0,0.0,1,3388.0,3407.0,3,3413.0,3402.0,3402.0,3396.0,4.0,136020.0,86
