time,symbol_id,symbol_name,last,trade_volume,trade_amount,open_interest_change,bv1,bp1,ap1,av1,yesterday_close,today_open,today_high,today_low,volume,amount,open_interest
2023-05-09 20:59:00,bu2409,bu2409,3419.0,0.0,0.0,0.0,2,3369.0,3455.0,5,3419.0,3384.0,0.0,0.0,0.0,0.0,4102
2023-05-09 21:00:01,bu2409,bu2409,3419.0,0.0,0.0,0.0,2,3369.0,3455.0,5,3419.0,3384.0,0.0,0.0,0.0,0.0,4102
2023-05-09 21:00:01,bu2409,bu2409,3419.0,0.0,0.0,0.0,1,3370.0,3455.0,5,3419.0,3384.0,0.0,0.0,0.0,0.0,4102
2023-05-09 21:00:02,bu2409,bu2409,3419.0,0.0,0.0,0.0,1,3370.0,3453.0,1,3419.0,3384.0,0.0,0.0,0.0,0.0,4102
2023-05-09 21:00:02,bu2409,bu2409,3419.0,0.0,0.0,0.0,1,3370.0,3453.0,1,3419.0,3384.0,0.0,0.0,0.0,0.0,4102
2023-05-09 21:00:03,bu2409,bu2409,3419.0,0.0,0.0,0.0,1,3371.0,3453.0,1,3419.0,3384.0,0.0,0.0,0.0,0.0,4102
2023-05-09 21:00:03,bu2409,bu2409,3419.0,0.0,0.0,0.0,1,3372.0,3452.0,2,3419.0,3384.0,0.0,0.0,0.0,0.0,4102
2023-05-09 21:00:04,bu2409,bu2409,3419.0,0.0,0.0,0.0,1,3372.0,3452.0,2,3419.0,3384.0,0.0,0.0,0.0,0.0,4102
2023-05-09 21:00:04,bu2409,bu2409,3419.0,0.0,0.0,0.0,1,3373.0,3452.0,2,3419.0,3384.0,0.0,0.0,0.0,0.0,4102
2023-05-09 21:00:05,bu2409,bu2409,3419.0,0.0,0.0,0.0,1,3374.0,3450.0,1,3419.0,3384.0,0.0,0.0,0.0,0.0,4102
2023-05-09 21:00:05,bu2409,bu2409,3419.0,0.0,0.0,0.0,1,3374.0,3450.0,1,3419.0,3384.0,0.0,0.0,0.0,0.0,4102
2023-05-09 21:00:06,bu2409,bu2409,3419.0,0.0,0.0,0.0,1,3375.0,3450.0,1,3419.0,3384.0,0.0,0.0,0.0,0.0,4102
2023-05-09 21:00:06,bu2409,bu2409,3419.0,0.0,0.0,0.0,1,3376.0,3450.0,1,3419.0,3384.0,0.0,0.0,0.0,0.0,4102
2023-05-09 21:00:07,bu2409,bu2409,3419.0,0.0,0.0,0.0,1,3376.0,3450.0,1,3419.0,3384.0,0.0,0.0,0.0,0.0,4102
2023-05-09 21:00:07,bu2409,bu2409,3419.0,0.0,0.0,0.0,1,3377.0,3450.0,1,3419.0,3384.0,0.0,0.0,0.0,0.0,4102
2023-05-09 21:00:08,bu2409,bu2409,3419.0,0.0,0.0,0.0,1,3378.0,3450.0,1,3419.0,3384.0,0.0,0.0,0.0,0.0,4102
2023-05-09 21:00:08,bu2409,bu2409,3419.0,0.0,0.0,0.0,1,3378.0,3450.0,1,3419.0,3384.0,0.0,0.0,0.0,0.0,4102
2023-05-09 21:00:09,bu2409,bu2409,3419.0,0.0,0.0,0.0,1,3379.0,3450.0,1,3419.0,3384.0,0.0,0.0,0.0,0.0,4102
2023-05-09 21:00:09,bu2409,bu2409,3419.0,0.0,0.0,0.0,1,3380.0,3450.0,1,3419.0,3384.0,0.0,0.0,0.0,0.0,4102
2023-05-09 21:00:10,bu2409,bu2409,3419.0,0.0,0.0,0.0,1,3380.0,3450.0,1,3419.0,3384.0,0.0,0.0,0.0,0.0,4102
2023-05-09 21:00:10,bu2409,bu2409,3419.0,0.0,0.0,0.0,1,3381.0,3450.0,1,3419.0,3384.0,0.0,0.0,0.0,0.0,4102
2023-05-09 21:00:11,bu2409,bu2409,3419.0,0.0,0.0,0.0,1,3382.0,3450.0,1,3419.0,3384.0,0.0,0.0,0.0,0.0,4102
2023-05-09 21:00:11,bu2409,bu2409,3419.0,0.0,0.0,0.0,1,3382.0,3450.0,1,3419.0,3384.0,0.0,0.0,0.0,0.0,4102
2023-05-09 21:00:12,bu2409,bu2409,3419.0,0.0,0.0,0.0,1,3383.0,3450.0,1,3419.0,3384.0,0.0,0.0,0.0,0.0,4102
2023-05-09 21:00:12,bu2409,bu2409,3419.0,0.0,0.0,0.0,1,3384.0,3450.0,1,3419.0,3384.0,0.0,0.0,0.0,0.0,4102
2023-05-09 21:00:13,bu2409,bu2409,3419.0,0.0,0.0,0.0,1,3384.0,3450.0,1,3419.0,3384.0,0.0,0.0,0.0,0.0,4102
2023-05-09 21:00:13,bu2409,bu2409,3419.0,0.0,0.0,0.0,1,3385.0,3450.0,1,3419.0,3384.0,0.0,0.0,0.0,0.0,4102
2023-05-09 21:00:14,bu2409,bu2409,3419.0,0.0,0.0,0.0,2,3385.0,3450.0,1,3419.0,3384.0,0.0,0.0,0.0,0.0,4102
2023-05-09 21:00:14,bu2409,bu2409,3419.0,0.0,0.0,0.0,2,3385.0,3450.0,1,3419.0,3384.0,0.0,0.0,0.0,0.0,4102
2023-05-09 21:00:15,bu2409,bu2409,3419.0,0.0,0.0,0.0,1,3386.0,3450.0,1,3419.0,3384.0,0.0,0.0,0.0,0.0,4102
2023-05-09 21:00:15,bu2409,bu2409,3419.0,0.0,0.0,0.0,2,3368.0,3450.0,1,3419.0,3384.0,0.0,0.0,0.0,0.0,4102
2023-05-09 21:00:16,bu2409,bu2409,3419.0,0.0,0.0,0.0,2,3369.0,3450.0,1,3419.0,3384.0,0.0,0.0,0.0,0.0,4102
2023-05-09 21:00:17,bu2409,bu2409,3419.0,0.0,0.0,0.0,2,3369.0,3449.0,2,3419.0,3384.0,0.0,0.0,0.0,0.0,4102
2023-05-09 21:00:17,bu2409,bu2409,3419.0,0.0,0.0,0.0,2,3369.0,3448.0,1,3419.0,3384.0,0.0,0.0,0.0,0.0,4102
2023-05-09 21:00:18,bu2409,bu2409,3419.0,0.0,0.0,0.0,2,3369.0,3448.0,1,3419.0,3384.0,0.0,0.0,0.0,0.0,4102
2023-05-09 21:00:18,bu2409,bu2409,3419.0,0.0,0.0,0.0,3,3369.0,3448.0,1,3419.0,3384.0,0.0,0.0,0.0,0.0,4102
2023-05-09 21:00:19,bu2409,bu2409,3419.0,0.0,0.0,0.0,3,3369.0,3448.0,1,3419.0,3384.0,0.0,0.0,0.0,0.0,4102
2023-05-09 21:00:19,bu2409,bu2409,3419.0,0.0,0.0,0.0,3,3369.0,3448.0,1,3419.0,3384.0,0.0,0.0,0.0,0.0,4102
2023-05-09 21:00:21,bu2409,bu2409,3419.0,0.0,0.0,0.0,3,3369.0,3448.0,1,3419.0,3384.0,0.0,0.0,0.0,0.0,4102
2023-05-09 21:00:22,bu2409,bu2409,3419.0,0.0,0.0,0.0,3,3369.0,3448.0,1,3419.0,3384.0,0.0,0.0,0.0,0.0,4102
2023-05-09 21:00:22,bu2409,bu2409,3419.0,0.0,0.0,0.0,3,3369.0,3448.0,1,3419.0,3384.0,0.0,0.0,0.0,0.0,4102
2023-05-09 21:00:25,bu2409,bu2409,3419.0,0.0,0.0,0.0,3,3369.0,3448.0,1,3419.0,3384.0,0.0,0.0,0.0,0.0,4102
2023-05-09 21:00:25,bu2409,bu2409,3419.0,0.0,0.0,0.0,3,3369.0,3448.0,1,3419.0,3384.0,0.0,0.0,0.0,0.0,4102
2023-05-09 21:00:27,bu2409,bu2409,3419.0,0.0,0.0,0.0,3,3369.0,3448.0,1,3419.0,3384.0,0.0,0.0,0.0,0.0,4102
2023-05-09 21:00:28,bu2409,bu2409,3419.0,0.0,0.0,0.0,3,3369.0,3448.0,1,3419.0,3384.0,0.0,0.0,0.0,0.0,4102
2023-05-09 21:00:30,bu2409,bu2409,3419.0,0.0,0.0,0.0,3,3369.0,3448.0,1,3419.0,3384.0,0.0,0.0,0.0,0.0,4102
2023-05-09 21:00:31,bu2409,bu2409,3419.0,0.0,0.0,0.0,1,3370.0,3448.0,1,3419.0,3384.0,0.0,0.0,0.0,0.0,4102
2023-05-09 21:00:31,bu2409,bu2409,3419.0,0.0,0.0,0.0,1,3371.0,3447.0,1,3419.0,3384.0,0.0,0.0,0.0,0.0,4102
2023-05-09 21:00:32,bu2409,bu2409,3419.0,0.0,0.0,0.0,1,3372.0,3445.0,1,3419.0,3384.0,0.0,0.0,0.0,0.0,4102
2023-05-09 21:00:32,bu2409,bu2409,3419.0,0.0,0.0,0.0,1,3373.0,3445.0,1,3419.0,3384.0,0.0,0.0,0.0,0.0,4102
2023-05-09 21:00:33,bu2409,bu2409,3419.0,0.0,0.0,0.0,1,3373.0,3445.0,1,3419.0,3384.0,0.0,0.0,0.0,0.0,4102
2023-05-09 21:00:33,bu2409,bu2409,3419.0,0.0,0.0,0.0,1,3374.0,3445.0,1,3419.0,3384.0,0.0,0.0,0.0,0.0,4102
2023-05-09 21:00:34,bu2409,bu2409,3419.0,0.0,0.0,0.0,1,3375.0,3445.0,1,3419.0,3384.0,0.0,0.0,0.0,0.0,4102
2023-05-09 21:00:34,bu2409,bu2409,3419.0,0.0,0.0,0.0,1,3375.0,3445.0,2,3419.0,3384.0,0.0,0.0,0.0,0.0,4102
2023-05-09 21:00:35,bu2409,bu2409,3419.0,0.0,0.0,0.0,1,3376.0,3445.0,2,3419.0,3384.0,0.0,0.0,0.0,0.0,4102
2023-05-09 21:00:35,bu2409,bu2409,3419.0,0.0,0.0,0.0,1,3377.0,3445.0,2,3419.0,3384.0,0.0,0.0,0.0,0.0,4102
2023-05-09 21:00:36,bu2409,bu2409,3419.0,0.0,0.0,0.0,1,3377.0,3445.0,2,3419.0,3384.0,0.0,0.0,0.0,0.0,4102
2023-05-09 21:00:36,bu2409,bu2409,3419.0,0.0,0.0,0.0,1,3378.0,3445.0,2,3419.0,3384.0,0.0,0.0,0.0,0.0,4102
2023-05-09 21:00:37,bu2409,bu2409,3419.0,0.0,0.0,0.0,1,3379.0,3445.0,2,3419.0,3384.0,0.0,0.0,0.0,0.0,4102
2023-05-09 21:00:37,bu2409,bu2409,3419.0,0.0,0.0,0.0,1,3379.0,3445.0,1,3419.0,3384.0,0.0,0.0,0.0,0.0,4102
2023-05-09 21:00:38,bu2409,bu2409,3419.0,0.0,0.0,0.0,1,3380.0,3444.0,1,3419.0,3384.0,0.0,0.0,0.0,0.0,4102
2023-05-09 21:00:38,bu2409,bu2409,3419.0,0.0,0.0,0.0,2,3380.0,3442.0,1,3419.0,3384.0,0.0,0.0,0.0,0.0,4102
2023-05-09 21:00:39,bu2409,bu2409,3419.0,0.0,0.0,0.0,2,3380.0,3442.0,1,3419.0,3384.0,0.0,0.0,0.0,0.0,4102
2023-05-09 21:00:39,bu2409,bu2409,3419.0,0.0,0.0,0.0,1,3380.0,3442.0,1,3419.0,3384.0,0.0,0.0,0.0,0.0,4102
2023-05-09 21:00:40,bu2409,bu2409,3419.0,0.0,0.0,0.0,1,3380.0,3442.0,1,3419.0,3384.0,0.0,0.0,0.0,0.0,4102
2023-05-09 21:00:41,bu2409,bu2409,3419.0,0.0,0.0,0.0,1,3380.0,3441.0,2,3419.0,3384.0,0.0,0.0,0.0,0.0,4102
2023-05-09 21:00:41,bu2409,bu2409,3419.0,0.0,0.0,0.0,1,3380.0,3440.0,1,3419.0,3384.0,0.0,0.0,0.0,0.0,4102
2023-05-09 21:00:43,bu2409,bu2409,3419.0,0.0,0.0,0.0,2,3380.0,3440.0,1,3419.0,3384.0,0.0,0.0,0.0,0.0,4102
2023-05-09 21:00:43,bu2409,bu2409,3419.0,0.0,0.0,0.0,1,3381.0,3440.0,1,3419.0,3384.0,0.0,0.0,0.0,0.0,4102
2023-05-09 21:00:44,bu2409,bu2409,3419.0,0.0,0.0,0.0,1,3369.0,3439.0,2,3419.0,3384.0,0.0,0.0,0.0,0.0,4102
2023-05-09 21:00:44,bu2409,bu2409,3419.0,0.0,0.0,0.0,2,3370.0,3439.0,3,3419.0,3384.0,0.0,0.0,0.0,0.0,4102
2023-05-09 21:00:46,bu2409,bu2409,3419.0,0.0,0.0,0.0,2,3370.0,3439.0,3,3419.0,3384.0,0.0,0.0,0.0,0.0,4102
2023-05-09 21:00:47,bu2409,bu2409,3419.0,0.0,0.0,0.0,2,3370.0,3439.0,3,3419.0,3384.0,0.0,0.0,0.0,0.0,4102
2023-05-09 21:00:51,bu2409,bu2409,3419.0,0.0,0.0,0.0,2,3370.0,3439.0,3,3419.0,3384.0,0.0,0.0,0.0,0.0,4102
2023-05-09 21:00:51,bu2409,bu2409,3419.0,0.0,0.0,0.0,2,3370.0,3439.0,3,3419.0,3384.0,0.0,0.0,0.0,0.0,4102
2023-05-09 21:00:53,bu2409,bu2409,3419.0,0.0,0.0,0.0,2,3370.0,3438.0,1,3419.0,3384.0,0.0,0.0,0.0,0.0,4102
2023-05-09 21:00:55,bu2409,bu2409,3419.0,0.0,0.0,0.0,1,3371.0,3438.0,1,3419.0,3384.0,0.0,0.0,0.0,0.0,4102
2023-05-09 21:00:55,bu2409,bu2409,3419.0,0.0,0.0,0.0,1,3372.0,3438.0,1,3419.0,3384.0,0.0,0.0,0.0,0.0,4102
2023-05-09 21:00:56,bu2409,bu2409,3419.0,0.0,0.0,0.0,1,3373.0,3437.0,2,3419.0,3384.0,0.0,0.0,0.0,0.0,4102
2023-05-09 21:00:56,bu2409,bu2409,3419.0,0.0,0.0,0.0,1,3374.0,3437.0,2,3419.0,3384.0,0.0,0.0,0.0,0.0,4102
2023-05-09 21:00:57,bu2409,bu2409,3419.0,0.0,0.0,0.0,1,3374.0,3437.0,2,3419.0,3384.0,0.0,0.0,0.0,0.0,4102
2023-05-09 21:00:57,bu2409,bu2409,3419.0,0.0,0.0,0.0,1,3375.0,3437.0,2,3419.0,3384.0,0.0,0.0,0.0,0.0,4102
2023-05-09 21:00:58,bu2409,bu2409,3419.0,0.0,0.0,0.0,1,3376.0,3437.0,2,3419.0,3384.0,0.0,0.0,0.0,0.0,4102
2023-05-09 21:00:58,bu2409,bu2409,3419.0,0.0,0.0,0.0,1,3376.0,3437.0,2,3419.0,3384.0,0.0,0.0,0.0,0.0,4102
2023-05-09 21:00:59,bu2409,bu2409,3419.0,0.0,0.0,0.0,1,3377.0,3437.0,2,3419.0,3384.0,0.0,0.0,0.0,0.0,4102
2023-05-09 21:00:59,bu2409,bu2409,3419.0,0.0,0.0,0.0,1,3378.0,3437.0,2,3419.0,3384.0,0.0,0.0,0.0,0.0,4102
2023-05-09 21:01:00,bu2409,bu2409,3419.0,0.0,0.0,0.0,1,3378.0,3437.0,2,3419.0,3384.0,0.0,0.0,0.0,0.0,4102
2023-05-09 21:01:00,bu2409,bu2409,3419.0,0.0,0.0,0.0,1,3379.0,3437.0,2,3419.0,3384.0,0.0,0.0,0.0,0.0,4102
2023-05-09 21:01:01,bu2409,bu2409,3419.0,0.0,0.0,0.0,1,3380.0,3437.0,2,3419.0,3384.0,0.0,0.0,0.0,0.0,4102
2023-05-09 21:01:01,bu2409,bu2409,3419.0,0.0,0.0,0.0,1,3380.0,3437.0,2,3419.0,3384.0,0.0,0.0,0.0,0.0,4102
2023-05-09 21:01:02,bu2409,bu2409,3419.0,0.0,0.0,0.0,1,3381.0,3437.0,2,3419.0,3384.0,0.0,0.0,0.0,0.0,4102
2023-05-09 21:01:02,bu2409,bu2409,3419.0,0.0,0.0,0.0,2,3381.0,3437.0,2,3419.0,3384.0,0.0,0.0,0.0,0.0,4102
2023-05-09 21:01:03,bu2409,bu2409,3419.0,0.0,0.0,0.0,1,3382.0,3436.0,2,3419.0,3384.0,0.0,0.0,0.0,0.0,4102
2023-05-09 21:01:03,bu2409,bu2409,3419.0,0.0,0.0,0.0,1,3382.0,3436.0,2,3419.0,3384.0,0.0,0.0,0.0,0.0,4102
2023-05-09 21:01:04,bu2409,bu2409,3419.0,0.0,0.0,0.0,1,3383.0,3436.0,2,3419.0,3384.0,0.0,0.0,0.0,0.0,4102
2023-05-09 21:01:04,bu2409,bu2409,3419.0,0.0,0.0,0.0,1,3383.0,3436.0,2,3419.0,3384.0,0.0,0.0,0.0,0.0,4102
2023-05-09 21:01:06,bu2409,bu2409,3419.0,0.0,0.0,0.0,1,3383.0,3436.0,2,3419.0,3384.0,0.0,0.0,0.0,0.0,4102
2023-05-09 21:01:06,bu2409,bu2409,3419.0,0.0,0.0,0.0,2,3383.0,3436.0,2,3419.0,3384.0,0.0,0.0,0.0,0.0,4102
2023-05-09 21:01:07,bu2409,bu2409,3419.0,0.0,0.0,0.0,1,3384.0,3435.0,1,3419.0,3384.0,0.0,0.0,0.0,0.0,4102
2023-05-09 21:01:07,bu2409,bu2409,3419.0,0.0,0.0,0.0,1,3384.0,3435.0,1,3419.0,3384.0,0.0,0.0,0.0,0.0,4102
2023-05-09 21:01:08,bu2409,bu2409,3419.0,0.0,0.0,0.0,1,3385.0,3434.0,2,3419.0,3384.0,0.0,0.0,0.0,0.0,4102
2023-05-09 21:01:08,bu2409,bu2409,3419.0,0.0,0.0,0.0,3,3385.0,3434.0,2,3419.0,3384.0,0.0,0.0,0.0,0.0,4102
2023-05-09 21:01:09,bu2409,bu2409,3419.0,0.0,0.0,0.0,1,3386.0,3434.0,2,3419.0,3384.0,0.0,0.0,0.0,0.0,4102
2023-05-09 21:01:09,bu2409,bu2409,3419.0,0.0,0.0,0.0,1,3385.0,3434.0,2,3419.0,3384.0,0.0,0.0,0.0,0.0,4102
2023-05-09 21:01:10,bu2409,bu2409,3419.0,0.0,0.0,0.0,1,3386.0,3434.0,2,3419.0,3384.0,0.0,0.0,0.0,0.0,4102
2023-05-09 21:01:10,bu2409,bu2409,3419.0,0.0,0.0,0.0,1,3386.0,3434.0,2,3419.0,3384.0,0.0,0.0,0.0,0.0,4102
2023-05-09 21:01:11,bu2409,bu2409,3419.0,0.0,0.0,0.0,1,3386.0,3434.0,2,3419.0,3384.0,0.0,0.0,0.0,0.0,4102
2023-05-09 21:01:12,bu2409,bu2409,3419.0,0.0,0.0,0.0,1,3386.0,3434.0,2,3419.0,3384.0,0.0,0.0,0.0,0.0,4102
2023-05-09 21:01:12,bu2409,bu2409,3419.0,0.0,0.0,0.0,1,3386.0,3434.0,2,3419.0,3384.0,0.0,0.0,0.0,0.0,4102
2023-05-09 21:01:13,bu2409,bu2409,3419.0,0.0,0.0,0.0,1,3386.0,3434.0,2,3419.0,3384.0,0.0,0.0,0.0,0.0,4102
2023-05-09 21:01:14,bu2409,bu2409,3419.0,0.0,0.0,0.0,1,3386.0,3434.0,2,3419.0,3384.0,0.0,0.0,0.0,0.0,4102
2023-05-09 21:01:19,bu2409,bu2409,3419.0,0.0,0.0,0.0,1,3386.0,3433.0,1,3419.0,3384.0,0.0,0.0,0.0,0.0,4102
2023-05-09 21:01:21,bu2409,bu2409,3419.0,0.0,0.0,0.0,1,3386.0,3433.0,1,3419.0,3384.0,0.0,0.0,0.0,0.0,4102
2023-05-09 21:01:22,bu2409,bu2409,3419.0,0.0,0.0,0.0,1,3386.0,3432.0,2,3419.0,3384.0,0.0,0.0,0.0,0.0,4102
2023-05-09 21:01:23,bu2409,bu2409,3419.0,0.0,0.0,0.0,2,3386.0,3432.0,2,3419.0,3384.0,0.0,0.0,0.0,0.0,4102
2023-05-09 21:01:23,bu2409,bu2409,3419.0,0.0,0.0,0.0,1,3386.0,3432.0,2,3419.0,3384.0,0.0,0.0,0.0,0.0,4102
2023-05-09 21:01:24,bu2409,bu2409,3419.0,0.0,0.0,0.0,2,3386.0,3432.0,2,3419.0,3384.0,0.0,0.0,0.0,0.0,4102
2023-05-09 21:01:25,bu2409,bu2409,3419.0,0.0,0.0,0.0,2,3386.0,3432.0,2,3419.0,3384.0,0.0,0.0,0.0,0.0,4102
2023-05-09 21:01:25,bu2409,bu2409,3419.0,0.0,0.0,0.0,2,3386.0,3432.0,2,3419.0,3384.0,0.0,0.0,0.0,0.0,4102
2023-05-09 21:01:26,bu2409,bu2409,3419.0,0.0,0.0,0.0,1,3387.0,3432.0,2,3419.0,3384.0,0.0,0.0,0.0,0.0,4102
2023-05-09 21:01:27,bu2409,bu2409,3419.0,0.0,0.0,0.0,1,3385.0,3432.0,2,3419.0,3384.0,0.0,0.0,0.0,0.0,4102
2023-05-09 21:01:27,bu2409,bu2409,3419.0,0.0,0.0,0.0,2,3386.0,3432.0,2,3419.0,3384.0,0.0,0.0,0.0,0.0,4102
2023-05-09 21:01:29,bu2409,bu2409,3419.0,0.0,0.0,0.0,2,3386.0,3432.0,2,3419.0,3384.0,0.0,0.0,0.0,0.0,4102
2023-05-09 21:01:29,bu2409,bu2409,3419.0,0.0,0.0,0.0,2,3386.0,3432.0,2,3419.0,3384.0,0.0,0.0,0.0,0.0,4102
2023-05-09 21:01:31,bu2409,bu2409,3419.0,0.0,0.0,0.0,2,3386.0,3432.0,2,3419.0,3384.0,0.0,0.0,0.0,0.0,4102
2023-05-09 21:01:33,bu2409,bu2409,3419.0,0.0,0.0,0.0,2,3386.0,3431.0,1,3419.0,3384.0,0.0,0.0,0.0,0.0,4102
2023-05-09 21:01:36,bu2409,bu2409,3419.0,0.0,0.0,0.0,2,3386.0,3431.0,1,3419.0,3384.0,0.0,0.0,0.0,0.0,4102
2023-05-09 21:01:36,bu2409,bu2409,3419.0,0.0,0.0,0.0,2,3386.0,3430.0,2,3419.0,3384.0,0.0,0.0,0.0,0.0,4102
2023-05-09 21:01:39,bu2409,bu2409,3419.0,0.0,0.0,0.0,2,3386.0,3430.0,2,3419.0,3384.0,0.0,0.0,0.0,0.0,4102
2023-05-09 21:01:39,bu2409,bu2409,3419.0,0.0,0.0,0.0,2,3386.0,3430.0,2,3419.0,3384.0,0.0,0.0,0.0,0.0,4102
2023-05-09 21:01:41,bu2409,bu2409,3419.0,0.0,0.0,0.0,2,3386.0,3430.0,2,3419.0,3384.0,0.0,0.0,0.0,0.0,4102
2023-05-09 21:01:43,bu2409,bu2409,3419.0,0.0,0.0,0.0,2,3386.0,3429.0,1,3419.0,3384.0,0.0,0.0,0.0,0.0,4102
2023-05-09 21:01:44,bu2409,bu2409,3419.0,0.0,0.0,0.0,1,3386.0,3429.0,1,3419.0,3384.0,0.0,0.0,0.0,0.0,4102
2023-05-09 21:01:44,bu2409,bu2409,3419.0,0.0,0.0,0.0,1,3386.0,3428.0,2,3419.0,3384.0,0.0,0.0,0.0,0.0,4102
2023-05-09 21:01:46,bu2409,bu2409,3419.0,0.0,0.0,0.0,1,3386.0,3428.0,2,3419.0,3384.0,0.0,0.0,0.0,0.0,4102
2023-05-09 21:01:47,bu2409,bu2409,3419.0,0.0,0.0,0.0,1,3386.0,3428.0,2,3419.0,3384.0,0.0,0.0,0.0,0.0,4102
2023-05-09 21:01:47,bu2409,bu2409,3419.0,0.0,0.0,0.0,1,3386.0,3428.0,2,3419.0,3384.0,0.0,0.0,0.0,0.0,4102
2023-05-09 21:01:48,bu2409,bu2409,3419.0,0.0,0.0,0.0,1,3386.0,3428.0,2,3419.0,3384.0,0.0,0.0,0.0,0.0,4102
2023-05-09 21:01:49,bu2409,bu2409,3419.0,0.0,0.0,0.0,1,3386.0,3427.0,3,3419.0,3384.0,0.0,0.0,0.0,0.0,4102
2023-05-09 21:01:49,bu2409,bu2409,3419.0,0.0,0.0,0.0,1,3386.0,3427.0,3,3419.0,3384.0,0.0,0.0,0.0,0.0,4102
2023-05-09 21:01:50,bu2409,bu2409,3419.0,0.0,0.0,0.0,1,3386.0,3426.0,2,3419.0,3384.0,0.0,0.0,0.0,0.0,4102
2023-05-09 21:01:51,bu2409,bu2409,3419.0,0.0,0.0,0.0,1,3386.0,3426.0,2,3419.0,3384.0,0.0,0.0,0.0,0.0,4102
2023-05-09 21:01:51,bu2409,bu2409,3419.0,0.0,0.0,0.0,2,3386.0,3426.0,2,3419.0,3384.0,0.0,0.0,0.0,0.0,4102
2023-05-09 21:01:52,bu2409,bu2409,3419.0,0.0,0.0,0.0,1,3386.0,3426.0,2,3419.0,3384.0,0.0,0.0,0.0,0.0,4102
2023-05-09 21:01:54,bu2409,bu2409,3419.0,0.0,0.0,0.0,1,3386.0,3426.0,2,3419.0,3384.0,0.0,0.0,0.0,0.0,4102
2023-05-09 21:01:54,bu2409,bu2409,3419.0,0.0,0.0,0.0,2,3386.0,3426.0,2,3419.0,3384.0,0.0,0.0,0.0,0.0,4102
2023-05-09 21:01:55,bu2409,bu2409,3419.0,0.0,0.0,0.0,1,3386.0,3426.0,2,3419.0,3384.0,0.0,0.0,0.0,0.0,4102
2023-05-09 21:01:56,bu2409,bu2409,3419.0,0.0,0.0,0.0,2,3386.0,3426.0,2,3419.0,3384.0,0.0,0.0,0.0,0.0,4102
2023-05-09 21:01:58,bu2409,bu2409,3419.0,0.0,0.0,0.0,1,3387.0,3426.0,2,3419.0,3384.0,0.0,0.0,0.0,0.0,4102
2023-05-09 21:01:58,bu2409,bu2409,3419.0,0.0,0.0,0.0,1,3387.0,3426.0,2,3419.0,3384.0,0.0,0.0,0.0,0.0,4102
2023-05-09 21:01:59,bu2409,bu2409,3419.0,0.0,0.0,0.0,1,3388.0,3426.0,2,3419.0,3384.0,0.0,0.0,0.0,0.0,4102
2023-05-09 21:01:59,bu2409,bu2409,3419.0,0.0,0.0,0.0,1,3388.0,3426.0,2,3419.0,3384.0,0.0,0.0,0.0,0.0,4102
2023-05-09 21:02:00,bu2409,bu2409,3419.0,0.0,0.0,0.0,1,3388.0,3425.0,1,3419.0,3384.0,0.0,0.0,0.0,0.0,4102
2023-05-09 21:02:00,bu2409,bu2409,3419.0,0.0,0.0,0.0,1,3388.0,3425.0,1,3419.0,3384.0,0.0,0.0,0.0,0.0,4102
2023-05-09 21:02:01,bu2409,bu2409,3419.0,0.0,0.0,0.0,1,3388.0,3424.0,2,3419.0,3384.0,0.0,0.0,0.0,0.0,4102
2023-05-09 21:02:05,bu2409,bu2409,3419.0,0.0,0.0,0.0,1,3388.0,3423.0,1,3419.0,3384.0,0.0,0.0,0.0,0.0,4102
2023-05-09 21:02:05,bu2409,bu2409,3419.0,0.0,0.0,0.0,1,3388.0,3423.0,2,3419.0,3384.0,0.0,0.0,0.0,0.0,4102
2023-05-09 21:02:06,bu2409,bu2409,3419.0,0.0,0.0,0.0,1,3388.0,3423.0,2,3419.0,3384.0,0.0,0.0,0.0,0.0,4102
2023-05-09 21:02:06,bu2409,bu2409,3419.0,0.0,0.0,0.0,1,3388.0,3423.0,2,3419.0,3384.0,0.0,0.0,0.0,0.0,4102
2023-05-09 21:02:08,bu2409,bu2409,3419.0,0.0,0.0,0.0,1,3388.0,3423.0,2,3419.0,3384.0,0.0,0.0,0.0,0.0,4102
2023-05-09 21:02:08,bu2409,bu2409,3419.0,0.0,0.0,0.0,1,3388.0,3423.0,2,3419.0,3384.0,0.0,0.0,0.0,0.0,4102
2023-05-09 21:02:10,bu2409,bu2409,3419.0,0.0,0.0,0.0,1,3388.0,3423.0,2,3419.0,3384.0,0.0,0.0,0.0,0.0,4102
2023-05-09 21:02:10,bu2409,bu2409,3419.0,0.0,0.0,0.0,1,3388.0,3423.0,2,3419.0,3384.0,0.0,0.0,0.0,0.0,4102
2023-05-09 21:02:11,bu2409,bu2409,3419.0,0.0,0.0,0.0,1,3388.0,3423.0,2,3419.0,3384.0,0.0,0.0,0.0,0.0,4102
2023-05-09 21:02:11,bu2409,bu2409,3419.0,0.0,0.0,0.0,1,3388.0,3423.0,2,3419.0,3384.0,0.0,0.0,0.0,0.0,4102
2023-05-09 21:02:14,bu2409,bu2409,3419.0,0.0,0.0,0.0,1,3388.0,3423.0,2,3419.0,3384.0,0.0,0.0,0.0,0.0,4102
2023-05-09 21:02:16,bu2409,bu2409,3419.0,0.0,0.0,0.0,1,3388.0,3423.0,2,3419.0,3384.0,0.0,0.0,0.0,0.0,4102
2023-05-09 21:02:17,bu2409,bu2409,3419.0,0.0,0.0,0.0,1,3388.0,3423.0,2,3419.0,3384.0,0.0,0.0,0.0,0.0,4102
2023-05-09 21:02:19,bu2409,bu2409,3419.0,0.0,0.0,0.0,1,3388.0,3423.0,2,3419.0,3384.0,0.0,0.0,0.0,0.0,4102
2023-05-09 21:02:19,bu2409,bu2409,3419.0,0.0,0.0,0.0,1,3388.0,3423.0,2,3419.0,3384.0,0.0,0.0,0.0,0.0,4102
2023-05-09 21:02:20,bu2409,bu2409,3419.0,0.0,0.0,0.0,1,3388.0,3423.0,2,3419.0,3384.0,0.0,0.0,0.0,0.0,4102
2023-05-09 21:02:21,bu2409,bu2409,3419.0,0.0,0.0,0.0,1,3388.0,3423.0,2,3419.0,3384.0,0.0,0.0,0.0,0.0,4102
2023-05-09 21:02:21,bu2409,bu2409,3419.0,0.0,0.0,0.0,1,3388.0,3423.0,2,3419.0,3384.0,0.0,0.0,0.0,0.0,4102
2023-05-09 21:02:24,bu2409,bu2409,3419.0,0.0,0.0,0.0,1,3388.0,3423.0,2,3419.0,3384.0,0.0,0.0,0.0,0.0,4102
2023-05-09 21:02:24,bu2409,bu2409,3419.0,0.0,0.0,0.0,1,3388.0,3423.0,2,3419.0,3384.0,0.0,0.0,0.0,0.0,4102
2023-05-09 21:02:29,bu2409,bu2409,3419.0,0.0,0.0,0.0,2,3388.0,3423.0,2,3419.0,3384.0,0.0,0.0,0.0,0.0,4102
2023-05-09 21:02:29,bu2409,bu2409,3419.0,0.0,0.0,0.0,2,3388.0,3423.0,2,3419.0,3384.0,0.0,0.0,0.0,0.0,4102
2023-05-09 21:02:31,bu2409,bu2409,3419.0,0.0,0.0,0.0,1,3389.0,3423.0,2,3419.0,3384.0,0.0,0.0,0.0,0.0,4102
2023-05-09 21:02:31,bu2409,bu2409,3419.0,0.0,0.0,0.0,1,3389.0,3423.0,2,3419.0,3384.0,0.0,0.0,0.0,0.0,4102
2023-05-09 21:02:32,bu2409,bu2409,3419.0,0.0,0.0,0.0,1,3390.0,3423.0,2,3419.0,3384.0,0.0,0.0,0.0,0.0,4102
2023-05-09 21:02:34,bu2409,bu2409,3419.0,0.0,0.0,0.0,1,3390.0,3422.0,2,3419.0,3384.0,0.0,0.0,0.0,0.0,4102
2023-05-09 21:02:37,bu2409,bu2409,3419.0,0.0,0.0,0.0,1,3390.0,3422.0,2,3419.0,3384.0,0.0,0.0,0.0,0.0,4102
2023-05-09 21:02:37,bu2409,bu2409,3419.0,0.0,0.0,0.0,1,3390.0,3420.0,1,3419.0,3384.0,0.0,0.0,0.0,0.0,4102
2023-05-09 21:02:38,bu2409,bu2409,3419.0,0.0,0.0,0.0,1,3390.0,3420.0,1,3419.0,3384.0,0.0,0.0,0.0,0.0,4102
2023-05-09 21:02:39,bu2409,bu2409,3419.0,0.0,0.0,0.0,1,3390.0,3420.0,1,3419.0,3384.0,0.0,0.0,0.0,0.0,4102
2023-05-09 21:02:41,bu2409,bu2409,3419.0,0.0,0.0,0.0,1,3390.0,3419.0,1,3419.0,3384.0,0.0,0.0,0.0,0.0,4102
2023-05-09 21:02:42,bu2409,bu2409,3419.0,0.0,0.0,0.0,1,3390.0,3419.0,1,3419.0,3384.0,0.0,0.0,0.0,0.0,4102
2023-05-09 21:02:51,bu2409,bu2409,3419.0,0.0,0.0,0.0,1,3390.0,3419.0,1,3419.0,3384.0,0.0,0.0,0.0,0.0,4102
2023-05-09 21:02:52,bu2409,bu2409,3419.0,0.0,0.0,0.0,1,3390.0,3419.0,1,3419.0,3384.0,0.0,0.0,0.0,0.0,4102
2023-05-09 21:02:52,bu2409,bu2409,3419.0,0.0,0.0,0.0,1,3390.0,3419.0,1,3419.0,3384.0,0.0,0.0,0.0,0.0,4102
2023-05-09 21:02:53,bu2409,bu2409,3419.0,0.0,0.0,0.0,1,3390.0,3419.0,1,3419.0,3384.0,0.0,0.0,0.0,0.0,4102
2023-05-09 21:02:53,bu2409,bu2409,3419.0,0.0,0.0,0.0,1,3390.0,3419.0,1,3419.0,3384.0,0.0,0.0,0.0,0.0,4102
2023-05-09 21:02:54,bu2409,bu2409,3419.0,0.0,0.0,0.0,1,3390.0,3419.0,1,3419.0,3384.0,0.0,0.0,0.0,0.0,4102
2023-05-09 21:02:55,bu2409,bu2409,3419.0,0.0,0.0,0.0,1,3390.0,3419.0,1,3419.0,3384.0,0.0,0.0,0.0,0.0,4102
2023-05-09 21:03:01,bu2409,bu2409,3419.0,0.0,0.0,0.0,1,3390.0,3418.0,2,3419.0,3384.0,0.0,0.0,0.0,0.0,4102
2023-05-09 21:03:05,bu2409,bu2409,3419.0,0.0,0.0,0.0,1,3390.0,3418.0,2,3419.0,3384.0,0.0,0.0,0.0,0.0,4102
2023-05-09 21:03:06,bu2409,bu2409,3419.0,0.0,0.0,0.0,1,3390.0,3418.0,2,3419.0,3384.0,0.0,0.0,0.0,0.0,4102
2023-05-09 21:03:09,bu2409,bu2409,3419.0,0.0,0.0,0.0,2,3390.0,3418.0,2,3419.0,3384.0,0.0,0.0,0.0,0.0,4102
2023-05-09 21:03:11,bu2409,bu2409,3419.0,0.0,0.0,0.0,2,3390.0,3418.0,2,3419.0,3384.0,0.0,0.0,0.0,0.0,4102
2023-05-09 21:03:11,bu2409,bu2409,3419.0,0.0,0.0,0.0,2,3390.0,3418.0,2,3419.0,3384.0,0.0,0.0,0.0,0.0,4102
2023-05-09 21:03:12,bu2409,bu2409,3419.0,0.0,0.0,0.0,1,3390.0,3418.0,2,3419.0,3384.0,0.0,0.0,0.0,0.0,4102
2023-05-09 21:03:12,bu2409,bu2409,3419.0,0.0,0.0,0.0,1,3390.0,3418.0,2,3419.0,3384.0,0.0,0.0,0.0,0.0,4102
2023-05-09 21:03:13,bu2409,bu2409,3419.0,0.0,0.0,0.0,1,3390.0,3418.0,2,3419.0,3384.0,0.0,0.0,0.0,0.0,4102
2023-05-09 21:03:14,bu2409,bu2409,3419.0,0.0,0.0,0.0,2,3390.0,3418.0,2,3419.0,3384.0,0.0,0.0,0.0,0.0,4102
2023-05-09 21:03:14,bu2409,bu2409,3419.0,0.0,0.0,0.0,1,3391.0,3418.0,2,3419.0,3384.0,0.0,0.0,0.0,0.0,4102
2023-05-09 21:03:15,bu2409,bu2409,3419.0,0.0,0.0,0.0,1,3391.0,3418.0,2,3419.0,3384.0,0.0,0.0,0.0,0.0,4102
2023-05-09 21:03:15,bu2409,bu2409,3419.0,0.0,0.0,0.0,1,3392.0,3418.0,2,3419.0,3384.0,0.0,0.0,0.0,0.0,4102
2023-05-09 21:03:16,bu2409,bu2409,3419.0,0.0,0.0,0.0,1,3392.0,3418.0,2,3419.0,3384.0,0.0,0.0,0.0,0.0,4102
2023-05-09 21:03:17,bu2409,bu2409,3419.0,0.0,0.0,0.0,1,3392.0,3417.0,2,3419.0,3384.0,0.0,0.0,0.0,0.0,4102
2023-05-09 21:03:18,bu2409,bu2409,3419.0,0.0,0.0,0.0,1,3392.0,3417.0,3,3419.0,3384.0,0.0,0.0,0.0,0.0,4102
2023-05-09 21:03:18,bu2409,bu2409,3419.0,0.0,0.0,0.0,1,3392.0,3416.0,2,3419.0,3384.0,0.0,0.0,0.0,0.0,4102
2023-05-09 21:03:20,bu2409,bu2409,3419.0,0.0,0.0,0.0,2,3392.0,3416.0,2,3419.0,3384.0,0.0,0.0,0.0,0.0,4102
2023-05-09 21:03:21,bu2409,bu2409,3419.0,0.0,0.0,0.0,2,3392.0,3416.0,2,3419.0,3384.0,0.0,0.0,0.0,0.0,4102
2023-05-09 21:03:21,bu2409,bu2409,3419.0,0.0,0.0,0.0,2,3392.0,3416.0,2,3419.0,3384.0,0.0,0.0,0.0,0.0,4102
2023-05-09 21:03:22,bu2409,bu2409,3419.0,0.0,0.0,0.0,2,3392.0,3416.0,2,3419.0,3384.0,0.0,0.0,0.0,0.0,4102
2023-05-09 21:03:22,bu2409,bu2409,3419.0,0.0,0.0,0.0,2,3392.0,3416.0,2,3419.0,3384.0,0.0,0.0,0.0,0.0,4102
2023-05-09 21:03:23,bu2409,bu2409,3419.0,0.0,0.0,0.0,1,3393.0,3416.0,2,3419.0,3384.0,0.0,0.0,0.0,0.0,4102
2023-05-09 21:03:23,bu2409,bu2409,3419.0,0.0,0.0,0.0,1,3393.0,3416.0,2,3419.0,3384.0,0.0,0.0,0.0,0.0,4102
2023-05-09 21:03:24,bu2409,bu2409,3419.0,0.0,0.0,0.0,1,3394.0,3416.0,2,3419.0,3384.0,0.0,0.0,0.0,0.0,4102
2023-05-09 21:03:24,bu2409,bu2409,3419.0,0.0,0.0,0.0,1,3394.0,3416.0,2,3419.0,3384.0,0.0,0.0,0.0,0.0,4102
2023-05-09 21:03:30,bu2409,bu2409,3419.0,0.0,0.0,0.0,1,3394.0,3416.0,2,3419.0,3384.0,0.0,0.0,0.0,0.0,4102
2023-05-09 21:03:30,bu2409,bu2409,3419.0,0.0,0.0,0.0,1,3394.0,3416.0,2,3419.0,3384.0,0.0,0.0,0.0,0.0,4102
2023-05-09 21:03:31,bu2409,bu2409,3419.0,0.0,0.0,0.0,1,3395.0,3416.0,2,3419.0,3384.0,0.0,0.0,0.0,0.0,4102
2023-05-09 21:03:31,bu2409,bu2409,3419.0,0.0,0.0,0.0,1,3395.0,3416.0,2,3419.0,3384.0,0.0,0.0,0.0,0.0,4102
2023-05-09 21:03:32,bu2409,bu2409,3419.0,0.0,0.0,0.0,1,3396.0,3416.0,2,3419.0,3384.0,0.0,0.0,0.0,0.0,4102
2023-05-09 21:03:32,bu2409,bu2409,3419.0,0.0,0.0,0.0,1,3396.0,3416.0,2,3419.0,3384.0,0.0,0.0,0.0,0.0,4102
2023-05-09 21:03:34,bu2409,bu2409,3419.0,0.0,0.0,0.0,1,3396.0,3416.0,2,3419.0,3384.0,0.0,0.0,0.0,0.0,4102
2023-05-09 21:03:35,bu2409,bu2409,3419.0,0.0,0.0,0.0,1,3396.0,3416.0,2,3419.0,3384.0,0.0,0.0,0.0,0.0,4102
2023-05-09 21:03:36,bu2409,bu2409,3419.0,0.0,0.0,0.0,1,3396.0,3416.0,2,3419.0,3384.0,0.0,0.0,0.0,0.0,4102
2023-05-09 21:03:36,bu2409,bu2409,3419.0,0.0,0.0,0.0,1,3396.0,3416.0,2,3419.0,3384.0,0.0,0.0,0.0,0.0,4102
2023-05-09 21:03:37,bu2409,bu2409,3419.0,0.0,0.0,0.0,1,3396.0,3416.0,2,3419.0,3384.0,0.0,0.0,0.0,0.0,4102
2023-05-09 21:03:37,bu2409,bu2409,3419.0,0.0,0.0,0.0,1,3396.0,3416.0,2,3419.0,3384.0,0.0,0.0,0.0,0.0,4102
2023-05-09 21:03:38,bu2409,bu2409,3419.0,0.0,0.0,0.0,2,3396.0,3416.0,2,3419.0,3384.0,0.0,0.0,0.0,0.0,4102
2023-05-09 21:03:38,bu2409,bu2409,3419.0,0.0,0.0,0.0,1,3396.0,3416.0,2,3419.0,3384.0,0.0,0.0,0.0,0.0,4102
2023-05-09 21:03:39,bu2409,bu2409,3419.0,0.0,0.0,0.0,2,3396.0,3416.0,2,3419.0,3384.0,0.0,0.0,0.0,0.0,4102
2023-05-09 21:03:39,bu2409,bu2409,3419.0,0.0,0.0,0.0,1,3396.0,3416.0,2,3419.0,3384.0,0.0,0.0,0.0,0.0,4102
2023-05-09 21:03:41,bu2409,bu2409,3419.0,0.0,0.0,0.0,1,3396.0,3416.0,2,3419.0,3384.0,0.0,0.0,0.0,0.0,4102
2023-05-09 21:03:42,bu2409,bu2409,3419.0,0.0,0.0,0.0,2,3396.0,3416.0,2,3419.0,3384.0,0.0,0.0,0.0,0.0,4102
2023-05-09 21:03:43,bu2409,bu2409,3419.0,0.0,0.0,0.0,1,3396.0,3416.0,2,3419.0,3384.0,0.0,0.0,0.0,0.0,4102
2023-05-09 21:03:44,bu2409,bu2409,3419.0,0.0,0.0,0.0,1,3396.0,3415.0,1,3419.0,3384.0,0.0,0.0,0.0,0.0,4102
2023-05-09 21:03:45,bu2409,bu2409,3419.0,0.0,0.0,0.0,1,3396.0,3415.0,1,3419.0,3384.0,0.0,0.0,0.0,0.0,4102
2023-05-09 21:03:46,bu2409,bu2409,3419.0,0.0,0.0,0.0,1,3396.0,3414.0,2,3419.0,3384.0,0.0,0.0,0.0,0.0,4102
2023-05-09 21:03:49,bu2409,bu2409,3419.0,0.0,0.0,0.0,1,3396.0,3414.0,2,3419.0,3384.0,0.0,0.0,0.0,0.0,4102
2023-05-09 21:03:49,bu2409,bu2409,3419.0,0.0,0.0,0.0,1,3396.0,3414.0,2,3419.0,3384.0,0.0,0.0,0.0,0.0,4102
2023-05-09 21:03:50,bu2409,bu2409,3419.0,0.0,0.0,0.0,1,3396.0,3414.0,2,3419.0,3384.0,0.0,0.0,0.0,0.0,4102
2023-05-09 21:03:50,bu2409,bu2409,3419.0,0.0,0.0,0.0,1,3396.0,3414.0,2,3419.0,3384.0,0.0,0.0,0.0,0.0,4102
2023-05-09 21:03:53,bu2409,bu2409,3419.0,0.0,0.0,0.0,1,3396.0,3414.0,2,3419.0,3384.0,0.0,0.0,0.0,0.0,4102
2023-05-09 21:03:54,bu2409,bu2409,3419.0,0.0,0.0,0.0,1,3396.0,3414.0,2,3419.0,3384.0,0.0,0.0,0.0,0.0,4102
2023-05-09 21:03:58,bu2409,bu2409,3419.0,0.0,0.0,0.0,1,3385.0,3414.0,2,3419.0,3384.0,0.0,0.0,0.0,0.0,4102
2023-05-09 21:03:58,bu2409,bu2409,3419.0,0.0,0.0,0.0,2,3386.0,3414.0,2,3419.0,3384.0,0.0,0.0,0.0,0.0,4102
2023-05-09 21:03:59,bu2409,bu2409,3419.0,0.0,0.0,0.0,2,3386.0,3413.0,2,3419.0,3384.0,0.0,0.0,0.0,0.0,4102
2023-05-09 21:04:00,bu2409,bu2409,3419.0,0.0,0.0,0.0,2,3386.0,3413.0,2,3419.0,3384.0,0.0,0.0,0.0,0.0,4102
2023-05-09 21:04:01,bu2409,bu2409,3419.0,0.0,0.0,0.0,2,3386.0,3412.0,2,3419.0,3384.0,0.0,0.0,0.0,0.0,4102
2023-05-09 21:04:02,bu2409,bu2409,3419.0,0.0,0.0,0.0,2,3386.0,3412.0,2,3419.0,3384.0,0.0,0.0,0.0,0.0,4102
2023-05-09 21:04:03,bu2409,bu2409,3419.0,0.0,0.0,0.0,2,3386.0,3412.0,2,3419.0,3384.0,0.0,0.0,0.0,0.0,4102
2023-05-09 21:04:03,bu2409,bu2409,3419.0,0.0,0.0,0.0,2,3386.0,3412.0,2,3419.0,3384.0,0.0,0.0,0.0,0.0,4102
2023-05-09 21:04:08,bu2409,bu2409,3419.0,0.0,0.0,0.0,2,3386.0,3412.0,2,3419.0,3384.0,0.0,0.0,0.0,0.0,4102
2023-05-09 21:04:08,bu2409,bu2409,3419.0,0.0,0.0,0.0,2,3386.0,3412.0,2,3419.0,3384.0,0.0,0.0,0.0,0.0,4102
2023-05-09 21:04:12,bu2409,bu2409,3419.0,0.0,0.0,0.0,2,3386.0,3412.0,2,3419.0,3384.0,0.0,0.0,0.0,0.0,4102
2023-05-09 21:04:13,bu2409,bu2409,3419.0,0.0,0.0,0.0,2,3386.0,3412.0,2,3419.0,3384.0,0.0,0.0,0.0,0.0,4102
2023-05-09 21:04:18,bu2409,bu2409,3419.0,0.0,0.0,0.0,2,3386.0,3412.0,2,3419.0,3384.0,0.0,0.0,0.0,0.0,4102
2023-05-09 21:04:18,bu2409,bu2409,3419.0,0.0,0.0,0.0,2,3386.0,3412.0,2,3419.0,3384.0,0.0,0.0,0.0,0.0,4102
2023-05-09 21:04:21,bu2409,bu2409,3419.0,0.0,0.0,0.0,2,3386.0,3412.0,2,3419.0,3384.0,0.0,0.0,0.0,0.0,4102
2023-05-09 21:04:22,bu2409,bu2409,3419.0,0.0,0.0,0.0,2,3386.0,3412.0,2,3419.0,3384.0,0.0,0.0,0.0,0.0,4102
2023-05-09 21:04:23,bu2409,bu2409,3419.0,0.0,0.0,0.0,2,3386.0,3412.0,2,3419.0,3384.0,0.0,0.0,0.0,0.0,4102
2023-05-09 21:04:24,bu2409,bu2409,3419.0,0.0,0.0,0.0,1,3386.0,3412.0,2,3419.0,3384.0,0.0,0.0,0.0,0.0,4102
2023-05-09 21:04:25,bu2409,bu2409,3419.0,0.0,0.0,0.0,2,3386.0,3412.0,2,3419.0,3384.0,0.0,0.0,0.0,0.0,4102
2023-05-09 21:04:26,bu2409,bu2409,3419.0,0.0,0.0,0.0,1,3387.0,3412.0,2,3419.0,3384.0,0.0,0.0,0.0,0.0,4102
2023-05-09 21:04:26,bu2409,bu2409,3419.0,0.0,0.0,0.0,1,3387.0,3412.0,2,3419.0,3384.0,0.0,0.0,0.0,0.0,4102
2023-05-09 21:04:27,bu2409,bu2409,3419.0,0.0,0.0,0.0,1,3388.0,3412.0,2,3419.0,3384.0,0.0,0.0,0.0,0.0,4102
2023-05-09 21:04:27,bu2409,bu2409,3419.0,0.0,0.0,0.0,1,3388.0,3412.0,2,3419.0,3384.0,0.0,0.0,0.0,0.0,4102
2023-05-09 21:04:29,bu2409,bu2409,3419.0,0.0,0.0,0.0,1,3388.0,3412.0,2,3419.0,3384.0,0.0,0.0,0.0,0.0,4102
2023-05-09 21:04:29,bu2409,bu2409,3419.0,0.0,0.0,0.0,1,3388.0,3412.0,2,3419.0,3384.0,0.0,0.0,0.0,0.0,4102
2023-05-09 21:04:30,bu2409,bu2409,3419.0,0.0,0.0,0.0,1,3388.0,3412.0,2,3419.0,3384.0,0.0,0.0,0.0,0.0,4102
2023-05-09 21:04:31,bu2409,bu2409,3419.0,0.0,0.0,0.0,1,3388.0,3412.0,2,3419.0,3384.0,0.0,0.0,0.0,0.0,4102
2023-05-09 21:04:36,bu2409,bu2409,3419.0,0.0,0.0,0.0,1,3388.0,3412.0,2,3419.0,3384.0,0.0,0.0,0.0,0.0,4102
2023-05-09 21:04:37,bu2409,bu2409,3419.0,0.0,0.0,0.0,1,3388.0,3412.0,2,3419.0,3384.0,0.0,0.0,0.0,0.0,4102
2023-05-09 21:04:37,bu2409,bu2409,3419.0,0.0,0.0,0.0,1,3388.0,3412.0,2,3419.0,3384.0,0.0,0.0,0.0,0.0,4102
2023-05-09 21:04:38,bu2409,bu2409,3419.0,0.0,0.0,0.0,1,3388.0,3412.0,2,3419.0,3384.0,0.0,0.0,0.0,0.0,4102
2023-05-09 21:04:42,bu2409,bu2409,3419.0,0.0,0.0,0.0,1,3388.0,3411.0,2,3419.0,3384.0,0.0,0.0,0.0,0.0,4102
2023-05-09 21:04:43,bu2409,bu2409,3419.0,0.0,0.0,0.0,1,3388.0,3411.0,2,3419.0,3384.0,0.0,0.0,0.0,0.0,4102
2023-05-09 21:04:44,bu2409,bu2409,3419.0,0.0,0.0,0.0,1,3388.0,3410.0,2,3419.0,3384.0,0.0,0.0,0.0,0.0,4102
2023-05-09 21:04:46,bu2409,bu2409,3419.0,0.0,0.0,0.0,1,3388.0,3410.0,2,3419.0,3384.0,0.0,0.0,0.0,0.0,4102
2023-05-09 21:04:47,bu2409,bu2409,3419.0,0.0,0.0,0.0,1,3388.0,3410.0,2,3419.0,3384.0,0.0,0.0,0.0,0.0,4102
2023-05-09 21:04:53,bu2409,bu2409,3419.0,0.0,0.0,0.0,1,3388.0,3410.0,2,3419.0,3384.0,0.0,0.0,0.0,0.0,4102
2023-05-09 21:04:53,bu2409,bu2409,3419.0,0.0,0.0,0.0,1,3388.0,3410.0,2,3419.0,3384.0,0.0,0.0,0.0,0.0,4102
2023-05-09 21:04:54,bu2409,bu2409,3419.0,0.0,0.0,0.0,1,3388.0,3410.0,2,3419.0,3384.0,0.0,0.0,0.0,0.0,4102
2023-05-09 21:04:54,bu2409,bu2409,3419.0,0.0,0.0,0.0,2,3388.0,3410.0,2,3419.0,3384.0,0.0,0.0,0.0,0.0,4102
2023-05-09 21:04:55,bu2409,bu2409,3419.0,0.0,0.0,0.0,3,3388.0,3410.0,2,3419.0,3384.0,0.0,0.0,0.0,0.0,4102
2023-05-09 21:04:55,bu2409,bu2409,3419.0,0.0,0.0,0.0,2,3388.0,3410.0,2,3419.0,3384.0,0.0,0.0,0.0,0.0,4102
2023-05-09 21:04:56,bu2409,bu2409,3419.0,0.0,0.0,0.0,2,3388.0,3410.0,2,3419.0,3384.0,0.0,0.0,0.0,0.0,4102
2023-05-09 21:04:57,bu2409,bu2409,3419.0,0.0,0.0,0.0,3,3388.0,3410.0,2,3419.0,3384.0,0.0,0.0,0.0,0.0,4102
2023-05-09 21:04:57,bu2409,bu2409,3419.0,0.0,0.0,0.0,2,3388.0,3410.0,2,3419.0,3384.0,0.0,0.0,0.0,0.0,4102
2023-05-09 21:04:58,bu2409,bu2409,3419.0,0.0,0.0,0.0,3,3388.0,3410.0,2,3419.0,3384.0,0.0,0.0,0.0,0.0,4102
2023-05-09 21:04:59,bu2409,bu2409,3419.0,0.0,0.0,0.0,1,3389.0,3410.0,2,3419.0,3384.0,0.0,0.0,0.0,0.0,4102
2023-05-09 21:04:59,bu2409,bu2409,3419.0,0.0,0.0,0.0,1,3385.0,3410.0,2,3419.0,3384.0,0.0,0.0,0.0,0.0,4102
2023-05-09 21:05:00,bu2409,bu2409,3419.0,0.0,0.0,0.0,2,3386.0,3410.0,2,3419.0,3384.0,0.0,0.0,0.0,0.0,4102
2023-05-09 21:05:01,bu2409,bu2409,3419.0,0.0,0.0,0.0,2,3386.0,3410.0,2,3419.0,3384.0,0.0,0.0,0.0,0.0,4102
2023-05-09 21:05:02,bu2409,bu2409,3419.0,0.0,0.0,0.0,2,3386.0,3410.0,2,3419.0,3384.0,0.0,0.0,0.0,0.0,4102
2023-05-09 21:05:12,bu2409,bu2409,3419.0,0.0,0.0,0.0,2,3386.0,3410.0,2,3419.0,3384.0,0.0,0.0,0.0,0.0,4102
2023-05-09 21:05:13,bu2409,bu2409,3419.0,0.0,0.0,0.0,2,3386.0,3410.0,2,3419.0,3384.0,0.0,0.0,0.0,0.0,4102
2023-05-09 21:05:15,bu2409,bu2409,3419.0,0.0,0.0,0.0,2,3386.0,3410.0,2,3419.0,3384.0,0.0,0.0,0.0,0.0,4102
2023-05-09 21:05:15,bu2409,bu2409,3419.0,0.0,0.0,0.0,2,3386.0,3410.0,2,3419.0,3384.0,0.0,0.0,0.0,0.0,4102
2023-05-09 21:05:16,bu2409,bu2409,3419.0,0.0,0.0,0.0,2,3386.0,3410.0,2,3419.0,3384.0,0.0,0.0,0.0,0.0,4102
2023-05-09 21:05:17,bu2409,bu2409,3419.0,0.0,0.0,0.0,2,3386.0,3410.0,2,3419.0,3384.0,0.0,0.0,0.0,0.0,4102
2023-05-09 21:05:17,bu2409,bu2409,3419.0,0.0,0.0,0.0,2,3386.0,3410.0,2,3419.0,3384.0,0.0,0.0,0.0,0.0,4102
2023-05-09 21:05:18,bu2409,bu2409,3419.0,0.0,0.0,0.0,2,3386.0,3410.0,2,3419.0,3384.0,0.0,0.0,0.0,0.0,4102
2023-05-09 21:05:19,bu2409,bu2409,3419.0,0.0,0.0,0.0,2,3386.0,3410.0,1,3419.0,3384.0,0.0,0.0,0.0,0.0,4102
2023-05-09 21:05:20,bu2409,bu2409,3419.0,0.0,0.0,0.0,2,3386.0,3420.0,1,3419.0,3384.0,0.0,0.0,0.0,0.0,4102
2023-05-09 21:05:21,bu2409,bu2409,3419.0,0.0,0.0,0.0,2,3386.0,3419.0,2,3419.0,3384.0,0.0,0.0,0.0,0.0,4102
2023-05-09 21:05:25,bu2409,bu2409,3419.0,0.0,0.0,0.0,2,3387.0,3419.0,2,3419.0,3384.0,0.0,0.0,0.0,0.0,4102
2023-05-09 21:05:26,bu2409,bu2409,3419.0,0.0,0.0,0.0,1,3388.0,3419.0,2,3419.0,3384.0,0.0,0.0,0.0,0.0,4102
2023-05-09 21:05:26,bu2409,bu2409,3419.0,0.0,0.0,0.0,1,3389.0,3419.0,2,3419.0,3384.0,0.0,0.0,0.0,0.0,4102
2023-05-09 21:05:27,bu2409,bu2409,3419.0,0.0,0.0,0.0,1,3390.0,3419.0,2,3419.0,3384.0,0.0,0.0,0.0,0.0,4102
2023-05-09 21:05:27,bu2409,bu2409,3419.0,0.0,0.0,0.0,1,3390.0,3419.0,2,3419.0,3384.0,0.0,0.0,0.0,0.0,4102
2023-05-09 21:05:28,bu2409,bu2409,3419.0,0.0,0.0,0.0,1,3391.0,3419.0,2,3419.0,3384.0,0.0,0.0,0.0,0.0,4102
2023-05-09 21:05:28,bu2409,bu2409,3419.0,0.0,0.0,0.0,1,3392.0,3419.0,2,3419.0,3384.0,0.0,0.0,0.0,0.0,4102
2023-05-09 21:05:29,bu2409,bu2409,3419.0,0.0,0.0,0.0,1,3392.0,3419.0,2,3419.0,3384.0,0.0,0.0,0.0,0.0,4102
2023-05-09 21:05:29,bu2409,bu2409,3419.0,0.0,0.0,0.0,1,3393.0,3419.0,2,3419.0,3384.0,0.0,0.0,0.0,0.0,4102
2023-05-09 21:05:30,bu2409,bu2409,3419.0,0.0,0.0,0.0,1,3394.0,3419.0,2,3419.0,3384.0,0.0,0.0,0.0,0.0,4102
2023-05-09 21:05:30,bu2409,bu2409,3419.0,0.0,0.0,0.0,1,3394.0,3419.0,2,3419.0,3384.0,0.0,0.0,0.0,0.0,4102
2023-05-09 21:05:31,bu2409,bu2409,3419.0,0.0,0.0,0.0,1,3395.0,3419.0,2,3419.0,3384.0,0.0,0.0,0.0,0.0,4102
2023-05-09 21:05:31,bu2409,bu2409,3419.0,0.0,0.0,0.0,1,3396.0,3419.0,2,3419.0,3384.0,0.0,0.0,0.0,0.0,4102
2023-05-09 21:05:32,bu2409,bu2409,3419.0,0.0,0.0,0.0,1,3396.0,3419.0,2,3419.0,3384.0,0.0,0.0,0.0,0.0,4102
2023-05-09 21:05:32,bu2409,bu2409,3419.0,0.0,0.0,0.0,1,3397.0,3419.0,2,3419.0,3384.0,0.0,0.0,0.0,0.0,4102
2023-05-09 21:05:33,bu2409,bu2409,3419.0,0.0,0.0,0.0,1,3398.0,3419.0,2,3419.0,3384.0,0.0,0.0,0.0,0.0,4102
2023-05-09 21:05:33,bu2409,bu2409,3419.0,0.0,0.0,0.0,1,3398.0,3419.0,2,3419.0,3384.0,0.0,0.0,0.0,0.0,4102
2023-05-09 21:05:34,bu2409,bu2409,3419.0,0.0,0.0,0.0,1,3399.0,3419.0,2,3419.0,3384.0,0.0,0.0,0.0,0.0,4102
2023-05-09 21:05:34,bu2409,bu2409,3419.0,0.0,0.0,0.0,1,3400.0,3419.0,2,3419.0,3384.0,0.0,0.0,0.0,0.0,4102
2023-05-09 21:05:35,bu2409,bu2409,3419.0,0.0,0.0,0.0,2,3387.0,3419.0,2,3419.0,3384.0,0.0,0.0,0.0,0.0,4102
2023-05-09 21:05:35,bu2409,bu2409,3419.0,0.0,0.0,0.0,1,3389.0,3419.0,2,3419.0,3384.0,0.0,0.0,0.0,0.0,4102
2023-05-09 21:05:36,bu2409,bu2409,3419.0,0.0,0.0,0.0,1,3390.0,3419.0,2,3419.0,3384.0,0.0,0.0,0.0,0.0,4102
2023-05-09 21:05:36,bu2409,bu2409,3419.0,0.0,0.0,0.0,1,3391.0,3419.0,2,3419.0,3384.0,0.0,0.0,0.0,0.0,4102
2023-05-09 21:05:37,bu2409,bu2409,3419.0,0.0,0.0,0.0,1,3392.0,3419.0,2,3419.0,3384.0,0.0,0.0,0.0,0.0,4102
2023-05-09 21:05:37,bu2409,bu2409,3419.0,0.0,0.0,0.0,1,3392.0,3419.0,2,3419.0,3384.0,0.0,0.0,0.0,0.0,4102
2023-05-09 21:05:38,bu2409,bu2409,3419.0,0.0,0.0,0.0,1,3393.0,3419.0,2,3419.0,3384.0,0.0,0.0,0.0,0.0,4102
2023-05-09 21:05:38,bu2409,bu2409,3419.0,0.0,0.0,0.0,1,3394.0,3419.0,2,3419.0,3384.0,0.0,0.0,0.0,0.0,4102
2023-05-09 21:05:39,bu2409,bu2409,3419.0,0.0,0.0,0.0,1,3395.0,3419.0,2,3419.0,3384.0,0.0,0.0,0.0,0.0,4102
2023-05-09 21:05:39,bu2409,bu2409,3419.0,0.0,0.0,0.0,2,3396.0,3419.0,2,3419.0,3384.0,0.0,0.0,0.0,0.0,4102
2023-05-09 21:05:40,bu2409,bu2409,3419.0,0.0,0.0,0.0,2,3396.0,3419.0,2,3419.0,3384.0,0.0,0.0,0.0,0.0,4102
2023-05-09 21:05:41,bu2409,bu2409,3419.0,0.0,0.0,0.0,2,3396.0,3419.0,3,3419.0,3384.0,0.0,0.0,0.0,0.0,4102
2023-05-09 21:05:42,bu2409,bu2409,3419.0,0.0,0.0,0.0,2,3396.0,3419.0,3,3419.0,3384.0,0.0,0.0,0.0,0.0,4102
2023-05-09 21:05:43,bu2409,bu2409,3419.0,0.0,0.0,0.0,2,3396.0,3419.0,2,3419.0,3384.0,0.0,0.0,0.0,0.0,4102
2023-05-09 21:05:43,bu2409,bu2409,3419.0,0.0,0.0,0.0,2,3396.0,3419.0,3,3419.0,3384.0,0.0,0.0,0.0,0.0,4102
2023-05-09 21:05:44,bu2409,bu2409,3419.0,0.0,0.0,0.0,2,3396.0,3419.0,2,3419.0,3384.0,0.0,0.0,0.0,0.0,4102
2023-05-09 21:05:44,bu2409,bu2409,3419.0,0.0,0.0,0.0,2,3396.0,3419.0,3,3419.0,3384.0,0.0,0.0,0.0,0.0,4102
2023-05-09 21:05:45,bu2409,bu2409,3419.0,0.0,0.0,0.0,2,3396.0,3419.0,2,3419.0,3384.0,0.0,0.0,0.0,0.0,4102
2023-05-09 21:05:47,bu2409,bu2409,3419.0,0.0,0.0,0.0,2,3396.0,3419.0,2,3419.0,3384.0,0.0,0.0,0.0,0.0,4102
2023-05-09 21:05:47,bu2409,bu2409,3419.0,0.0,0.0,0.0,2,3396.0,3419.0,2,3419.0,3384.0,0.0,0.0,0.0,0.0,4102
2023-05-09 21:05:48,bu2409,bu2409,3419.0,0.0,0.0,0.0,2,3396.0,3419.0,2,3419.0,3384.0,0.0,0.0,0.0,0.0,4102
2023-05-09 21:05:49,bu2409,bu2409,3419.0,0.0,0.0,0.0,2,3396.0,3419.0,2,3419.0,3384.0,0.0,0.0,0.0,0.0,4102
2023-05-09 21:05:50,bu2409,bu2409,3419.0,0.0,0.0,0.0,2,3396.0,3419.0,2,3419.0,3384.0,0.0,0.0,0.0,0.0,4102
2023-05-09 21:05:51,bu2409,bu2409,3419.0,0.0,0.0,0.0,2,3396.0,3419.0,2,3419.0,3384.0,0.0,0.0,0.0,0.0,4102
2023-05-09 21:05:55,bu2409,bu2409,3419.0,0.0,0.0,0.0,1,3397.0,3419.0,2,3419.0,3384.0,0.0,0.0,0.0,0.0,4102
2023-05-09 21:05:56,bu2409,bu2409,3419.0,0.0,0.0,0.0,1,3398.0,3419.0,2,3419.0,3384.0,0.0,0.0,0.0,0.0,4102
2023-05-09 21:05:56,bu2409,bu2409,3419.0,0.0,0.0,0.0,1,3399.0,3419.0,2,3419.0,3384.0,0.0,0.0,0.0,0.0,4102
2023-05-09 21:05:57,bu2409,bu2409,3419.0,0.0,0.0,0.0,2,3399.0,3419.0,2,3419.0,3384.0,0.0,0.0,0.0,0.0,4102
2023-05-09 21:05:57,bu2409,bu2409,3419.0,0.0,0.0,0.0,1,3400.0,3418.0,1,3419.0,3384.0,0.0,0.0,0.0,0.0,4102
2023-05-09 21:05:58,bu2409,bu2409,3419.0,0.0,0.0,0.0,1,3400.0,3418.0,1,3419.0,3384.0,0.0,0.0,0.0,0.0,4102
2023-05-09 21:05:58,bu2409,bu2409,3419.0,0.0,0.0,0.0,1,3401.0,3418.0,1,3419.0,3384.0,0.0,0.0,0.0,0.0,4102
2023-05-09 21:05:59,bu2409,bu2409,3419.0,0.0,0.0,0.0,2,3401.0,3417.0,2,3419.0,3384.0,0.0,0.0,0.0,0.0,4102
2023-05-09 21:05:59,bu2409,bu2409,3419.0,0.0,0.0,0.0,2,3401.0,3417.0,2,3419.0,3384.0,0.0,0.0,0.0,0.0,4102
2023-05-09 21:06:00,bu2409,bu2409,3419.0,0.0,0.0,0.0,2,3401.0,3417.0,2,3419.0,3384.0,0.0,0.0,0.0,0.0,4102
2023-05-09 21:06:01,bu2409,bu2409,3419.0,0.0,0.0,0.0,1,3401.0,3417.0,2,3419.0,3384.0,0.0,0.0,0.0,0.0,4102
2023-05-09 21:06:03,bu2409,bu2409,3419.0,0.0,0.0,0.0,2,3401.0,3417.0,2,3419.0,3384.0,0.0,0.0,0.0,0.0,4102
2023-05-09 21:06:06,bu2409,bu2409,3419.0,0.0,0.0,0.0,1,3402.0,3417.0,2,3419.0,3384.0,0.0,0.0,0.0,0.0,4102
2023-05-09 21:06:08,bu2409,bu2409,3419.0,0.0,0.0,0.0,2,3403.0,3417.0,2,3419.0,3384.0,0.0,0.0,0.0,0.0,4102
2023-05-09 21:06:08,bu2409,bu2409,3419.0,0.0,0.0,0.0,3,3403.0,3417.0,2,3419.0,3384.0,0.0,0.0,0.0,0.0,4102
2023-05-09 21:06:09,bu2409,bu2409,3419.0,0.0,0.0,0.0,2,3403.0,3417.0,2,3419.0,3384.0,0.0,0.0,0.0,0.0,4102
2023-05-09 21:06:11,bu2409,bu2409,3419.0,0.0,0.0,0.0,1,3401.0,3417.0,2,3419.0,3384.0,0.0,0.0,0.0,0.0,4102
2023-05-09 21:06:11,bu2409,bu2409,3419.0,0.0,0.0,0.0,2,3401.0,3417.0,2,3419.0,3384.0,0.0,0.0,0.0,0.0,4102
2023-05-09 21:06:12,bu2409,bu2409,3419.0,0.0,0.0,0.0,1,3401.0,3417.0,2,3419.0,3384.0,0.0,0.0,0.0,0.0,4102
2023-05-09 21:06:12,bu2409,bu2409,3419.0,0.0,0.0,0.0,1,3401.0,3417.0,2,3419.0,3384.0,0.0,0.0,0.0,0.0,4102
2023-05-09 21:06:13,bu2409,bu2409,3419.0,0.0,0.0,0.0,1,3401.0,3417.0,2,3419.0,3384.0,0.0,0.0,0.0,0.0,4102
2023-05-09 21:06:17,bu2409,bu2409,3419.0,0.0,0.0,0.0,2,3401.0,3417.0,2,3419.0,3384.0,0.0,0.0,0.0,0.0,4102
2023-05-09 21:06:20,bu2409,bu2409,3419.0,0.0,0.0,0.0,1,3402.0,3417.0,2,3419.0,3384.0,0.0,0.0,0.0,0.0,4102
2023-05-09 21:06:23,bu2409,bu2409,3419.0,0.0,0.0,0.0,1,3401.0,3417.0,2,3419.0,3384.0,0.0,0.0,0.0,0.0,4102
2023-05-09 21:06:24,bu2409,bu2409,3419.0,0.0,0.0,0.0,1,3402.0,3417.0,2,3419.0,3384.0,0.0,0.0,0.0,0.0,4102
2023-05-09 21:06:24,bu2409,bu2409,3419.0,0.0,0.0,0.0,1,3402.0,3417.0,2,3419.0,3384.0,0.0,0.0,0.0,0.0,4102
2023-05-09 21:06:25,bu2409,bu2409,3419.0,0.0,0.0,0.0,1,3401.0,3417.0,2,3419.0,3384.0,0.0,0.0,0.0,0.0,4102
2023-05-09 21:06:25,bu2409,bu2409,3419.0,0.0,0.0,0.0,2,3401.0,3417.0,2,3419.0,3384.0,0.0,0.0,0.0,0.0,4102
2023-05-09 21:06:30,bu2409,bu2409,3419.0,0.0,0.0,0.0,1,3401.0,3417.0,2,3419.0,3384.0,0.0,0.0,0.0,0.0,4102
2023-05-09 21:06:32,bu2409,bu2409,3419.0,0.0,0.0,0.0,1,3355.0,3417.0,2,3419.0,3384.0,0.0,0.0,0.0,0.0,4102
2023-05-09 21:06:32,bu2409,bu2409,3419.0,0.0,0.0,0.0,1,3363.0,3417.0,3,3419.0,3384.0,0.0,0.0,0.0,0.0,4102
2023-05-09 21:06:33,bu2409,bu2409,3419.0,0.0,0.0,0.0,1,3364.0,3417.0,3,3419.0,3384.0,0.0,0.0,0.0,0.0,4102
2023-05-09 21:06:33,bu2409,bu2409,3419.0,0.0,0.0,0.0,1,3365.0,3416.0,1,3419.0,3384.0,0.0,0.0,0.0,0.0,4102
2023-05-09 21:06:34,bu2409,bu2409,3419.0,0.0,0.0,0.0,1,3366.0,3416.0,1,3419.0,3384.0,0.0,0.0,0.0,0.0,4102
2023-05-09 21:06:34,bu2409,bu2409,3419.0,0.0,0.0,0.0,1,3366.0,3416.0,1,3419.0,3384.0,0.0,0.0,0.0,0.0,4102
2023-05-09 21:06:35,bu2409,bu2409,3419.0,0.0,0.0,0.0,1,3367.0,3415.0,2,3419.0,3384.0,0.0,0.0,0.0,0.0,4102
2023-05-09 21:06:35,bu2409,bu2409,3419.0,0.0,0.0,0.0,1,3368.0,3415.0,3,3419.0,3384.0,0.0,0.0,0.0,0.0,4102
2023-05-09 21:06:36,bu2409,bu2409,3419.0,0.0,0.0,0.0,1,3373.0,3415.0,3,3419.0,3384.0,0.0,0.0,0.0,0.0,4102
2023-05-09 21:06:36,bu2409,bu2409,3419.0,0.0,0.0,0.0,2,3374.0,3415.0,2,3419.0,3384.0,0.0,0.0,0.0,0.0,4102
2023-05-09 21:06:37,bu2409,bu2409,3419.0,0.0,0.0,0.0,2,3374.0,3415.0,3,3419.0,3384.0,0.0,0.0,0.0,0.0,4102
2023-05-09 21:06:37,bu2409,bu2409,3419.0,0.0,0.0,0.0,2,3374.0,3415.0,3,3419.0,3384.0,0.0,0.0,0.0,0.0,4102
2023-05-09 21:06:38,bu2409,bu2409,3419.0,0.0,0.0,0.0,2,3374.0,3415.0,2,3419.0,3384.0,0.0,0.0,0.0,0.0,4102
2023-05-09 21:06:38,bu2409,bu2409,3419.0,0.0,0.0,0.0,3,3374.0,3415.0,2,3419.0,3384.0,0.0,0.0,0.0,0.0,4102
2023-05-09 21:06:39,bu2409,bu2409,3419.0,0.0,0.0,0.0,3,3374.0,3415.0,2,3419.0,3384.0,0.0,0.0,0.0,0.0,4102
2023-05-09 21:06:40,bu2409,bu2409,3419.0,0.0,0.0,0.0,1,3378.0,3415.0,2,3419.0,3384.0,0.0,0.0,0.0,0.0,4102
2023-05-09 21:06:40,bu2409,bu2409,3419.0,0.0,0.0,0.0,1,3379.0,3415.0,2,3419.0,3384.0,0.0,0.0,0.0,0.0,4102
2023-05-09 21:06:41,bu2409,bu2409,3419.0,0.0,0.0,0.0,1,3380.0,3415.0,2,3419.0,3384.0,0.0,0.0,0.0,0.0,4102
2023-05-09 21:06:41,bu2409,bu2409,3419.0,0.0,0.0,0.0,1,3381.0,3415.0,2,3419.0,3384.0,0.0,0.0,0.0,0.0,4102
2023-05-09 21:06:42,bu2409,bu2409,3419.0,0.0,0.0,0.0,1,3381.0,3415.0,2,3419.0,3384.0,0.0,0.0,0.0,0.0,4102
2023-05-09 21:06:42,bu2409,bu2409,3419.0,0.0,0.0,0.0,1,3382.0,3415.0,2,3419.0,3384.0,0.0,0.0,0.0,0.0,4102
2023-05-09 21:06:43,bu2409,bu2409,3419.0,0.0,0.0,0.0,1,3385.0,3415.0,2,3419.0,3384.0,0.0,0.0,0.0,0.0,4102
2023-05-09 21:06:43,bu2409,bu2409,3419.0,0.0,0.0,0.0,1,3386.0,3415.0,2,3419.0,3384.0,0.0,0.0,0.0,0.0,4102
2023-05-09 21:06:44,bu2409,bu2409,3419.0,0.0,0.0,0.0,1,3387.0,3415.0,2,3419.0,3384.0,0.0,0.0,0.0,0.0,4102
2023-05-09 21:06:44,bu2409,bu2409,3419.0,0.0,0.0,0.0,1,3388.0,3415.0,2,3419.0,3384.0,0.0,0.0,0.0,0.0,4102
2023-05-09 21:06:45,bu2409,bu2409,3419.0,0.0,0.0,0.0,1,3388.0,3415.0,2,3419.0,3384.0,0.0,0.0,0.0,0.0,4102
2023-05-09 21:06:45,bu2409,bu2409,3419.0,0.0,0.0,0.0,1,3389.0,3415.0,2,3419.0,3384.0,0.0,0.0,0.0,0.0,4102
2023-05-09 21:06:46,bu2409,bu2409,3419.0,0.0,0.0,0.0,1,3390.0,3415.0,2,3419.0,3384.0,0.0,0.0,0.0,0.0,4102
2023-05-09 21:06:46,bu2409,bu2409,3419.0,0.0,0.0,0.0,1,3390.0,3415.0,2,3419.0,3384.0,0.0,0.0,0.0,0.0,4102
2023-05-09 21:06:47,bu2409,bu2409,3419.0,0.0,0.0,0.0,2,3391.0,3415.0,2,3419.0,3384.0,0.0,0.0,0.0,0.0,4102
2023-05-09 21:06:47,bu2409,bu2409,3419.0,0.0,0.0,0.0,1,3392.0,3415.0,2,3419.0,3384.0,0.0,0.0,0.0,0.0,4102
2023-05-09 21:06:48,bu2409,bu2409,3419.0,0.0,0.0,0.0,1,3392.0,3415.0,2,3419.0,3384.0,0.0,0.0,0.0,0.0,4102
2023-05-09 21:06:48,bu2409,bu2409,3419.0,0.0,0.0,0.0,1,3393.0,3415.0,2,3419.0,3384.0,0.0,0.0,0.0,0.0,4102
2023-05-09 21:06:49,bu2409,bu2409,3419.0,0.0,0.0,0.0,1,3394.0,3415.0,2,3419.0,3384.0,0.0,0.0,0.0,0.0,4102
2023-05-09 21:06:49,bu2409,bu2409,3419.0,0.0,0.0,0.0,1,3394.0,3415.0,2,3419.0,3384.0,0.0,0.0,0.0,0.0,4102
2023-05-09 21:06:50,bu2409,bu2409,3419.0,0.0,0.0,0.0,1,3395.0,3415.0,2,3419.0,3384.0,0.0,0.0,0.0,0.0,4102
2023-05-09 21:06:50,bu2409,bu2409,3419.0,0.0,0.0,0.0,1,3396.0,3414.0,2,3419.0,3384.0,0.0,0.0,0.0,0.0,4102
2023-05-09 21:06:51,bu2409,bu2409,3419.0,0.0,0.0,0.0,1,3396.0,3414.0,2,3419.0,3384.0,0.0,0.0,0.0,0.0,4102
2023-05-09 21:06:51,bu2409,bu2409,3419.0,0.0,0.0,0.0,1,3396.0,3414.0,2,3419.0,3384.0,0.0,0.0,0.0,0.0,4102
2023-05-09 21:06:52,bu2409,bu2409,3419.0,0.0,0.0,0.0,1,3396.0,3413.0,2,3419.0,3384.0,0.0,0.0,0.0,0.0,4102
2023-05-09 21:06:53,bu2409,bu2409,3419.0,0.0,0.0,0.0,1,3395.0,3413.0,2,3419.0,3384.0,0.0,0.0,0.0,0.0,4102
2023-05-09 21:06:54,bu2409,bu2409,3419.0,0.0,0.0,0.0,2,3395.0,3413.0,2,3419.0,3384.0,0.0,0.0,0.0,0.0,4102
2023-05-09 21:06:57,bu2409,bu2409,3419.0,0.0,0.0,0.0,1,3396.0,3413.0,2,3419.0,3384.0,0.0,0.0,0.0,0.0,4102
2023-05-09 21:06:58,bu2409,bu2409,3419.0,0.0,0.0,0.0,1,3395.0,3413.0,2,3419.0,3384.0,0.0,0.0,0.0,0.0,4102
2023-05-09 21:06:59,bu2409,bu2409,3419.0,0.0,0.0,0.0,1,3396.0,3413.0,2,3419.0,3384.0,0.0,0.0,0.0,0.0,4102
2023-05-09 21:07:01,bu2409,bu2409,3419.0,0.0,0.0,0.0,1,3396.0,3413.0,2,3419.0,3384.0,0.0,0.0,0.0,0.0,4102
2023-05-09 21:07:01,bu2409,bu2409,3419.0,0.0,0.0,0.0,1,3396.0,3413.0,2,3419.0,3384.0,0.0,0.0,0.0,0.0,4102
2023-05-09 21:07:03,bu2409,bu2409,3419.0,0.0,0.0,0.0,1,3395.0,3413.0,2,3419.0,3384.0,0.0,0.0,0.0,0.0,4102
2023-05-09 21:07:03,bu2409,bu2409,3419.0,0.0,0.0,0.0,2,3395.0,3413.0,2,3419.0,3384.0,0.0,0.0,0.0,0.0,4102
2023-05-09 21:07:06,bu2409,bu2409,3419.0,0.0,0.0,0.0,1,3396.0,3413.0,2,3419.0,3384.0,0.0,0.0,0.0,0.0,4102
2023-05-09 21:07:07,bu2409,bu2409,3419.0,0.0,0.0,0.0,1,3396.0,3413.0,2,3419.0,3384.0,0.0,0.0,0.0,0.0,4102
2023-05-09 21:07:07,bu2409,bu2409,3419.0,0.0,0.0,0.0,1,3396.0,3413.0,2,3419.0,3384.0,0.0,0.0,0.0,0.0,4102
2023-05-09 21:07:11,bu2409,bu2409,3419.0,0.0,0.0,0.0,1,3396.0,3413.0,2,3419.0,3384.0,0.0,0.0,0.0,0.0,4102
2023-05-09 21:07:12,bu2409,bu2409,3419.0,0.0,0.0,0.0,1,3395.0,3413.0,2,3419.0,3384.0,0.0,0.0,0.0,0.0,4102
2023-05-09 21:07:12,bu2409,bu2409,3419.0,0.0,0.0,0.0,2,3395.0,3413.0,2,3419.0,3384.0,0.0,0.0,0.0,0.0,4102
2023-05-09 21:07:16,bu2409,bu2409,3419.0,0.0,0.0,0.0,2,3395.0,3413.0,2,3419.0,3384.0,0.0,0.0,0.0,0.0,4102
2023-05-09 21:07:16,bu2409,bu2409,3419.0,0.0,0.0,0.0,2,3395.0,3413.0,2,3419.0,3384.0,0.0,0.0,0.0,0.0,4102
2023-05-09 21:07:17,bu2409,bu2409,3419.0,0.0,0.0,0.0,1,3395.0,3413.0,3,3419.0,3384.0,0.0,0.0,0.0,0.0,4102
2023-05-09 21:07:18,bu2409,bu2409,3419.0,0.0,0.0,0.0,1,3395.0,3412.0,1,3419.0,3384.0,0.0,0.0,0.0,0.0,4102
2023-05-09 21:07:18,bu2409,bu2409,3419.0,0.0,0.0,0.0,1,3395.0,3412.0,1,3419.0,3384.0,0.0,0.0,0.0,0.0,4102
2023-05-09 21:07:19,bu2409,bu2409,3419.0,0.0,0.0,0.0,1,3395.0,3412.0,1,3419.0,3384.0,0.0,0.0,0.0,0.0,4102
2023-05-09 21:07:19,bu2409,bu2409,3419.0,0.0,0.0,0.0,1,3395.0,3411.0,2,3419.0,3384.0,0.0,0.0,0.0,0.0,4102
2023-05-09 21:07:20,bu2409,bu2409,3419.0,0.0,0.0,0.0,1,3395.0,3411.0,2,3419.0,3384.0,0.0,0.0,0.0,0.0,4102
2023-05-09 21:07:21,bu2409,bu2409,3419.0,0.0,0.0,0.0,2,3395.0,3411.0,2,3419.0,3384.0,0.0,0.0,0.0,0.0,4102
2023-05-09 21:07:23,bu2409,bu2409,3419.0,0.0,0.0,0.0,1,3395.0,3411.0,2,3419.0,3384.0,0.0,0.0,0.0,0.0,4102
2023-05-09 21:07:29,bu2409,bu2409,3419.0,0.0,0.0,0.0,1,3395.0,3411.0,2,3419.0,3384.0,0.0,0.0,0.0,0.0,4102
2023-05-09 21:07:29,bu2409,bu2409,3419.0,0.0,0.0,0.0,1,3395.0,3411.0,2,3419.0,3384.0,0.0,0.0,0.0,0.0,4102
2023-05-09 21:07:30,bu2409,bu2409,3419.0,0.0,0.0,0.0,2,3395.0,3411.0,2,3419.0,3384.0,0.0,0.0,0.0,0.0,4102
2023-05-09 21:07:31,bu2409,bu2409,3419.0,0.0,0.0,0.0,2,3395.0,3411.0,2,3419.0,3384.0,0.0,0.0,0.0,0.0,4102
2023-05-09 21:07:31,bu2409,bu2409,3419.0,0.0,0.0,0.0,1,3357.0,3411.0,2,3419.0,3384.0,0.0,0.0,0.0,0.0,4102
2023-05-09 21:07:32,bu2409,bu2409,3419.0,0.0,0.0,0.0,1,3364.0,3411.0,2,3419.0,3384.0,0.0,0.0,0.0,0.0,4102
2023-05-09 21:07:32,bu2409,bu2409,3419.0,0.0,0.0,0.0,3,3365.0,3411.0,2,3419.0,3384.0,0.0,0.0,0.0,0.0,4102
2023-05-09 21:07:33,bu2409,bu2409,3419.0,0.0,0.0,0.0,1,3366.0,3411.0,2,3419.0,3384.0,0.0,0.0,0.0,0.0,4102
2023-05-09 21:07:33,bu2409,bu2409,3419.0,0.0,0.0,0.0,1,3367.0,3410.0,2,3419.0,3384.0,0.0,0.0,0.0,0.0,4102
2023-05-09 21:07:34,bu2409,bu2409,3419.0,0.0,0.0,0.0,1,3367.0,3410.0,2,3419.0,3384.0,0.0,0.0,0.0,0.0,4102
2023-05-09 21:07:34,bu2409,bu2409,3419.0,0.0,0.0,0.0,1,3368.0,3410.0,2,3419.0,3384.0,0.0,0.0,0.0,0.0,4102
2023-05-09 21:07:35,bu2409,bu2409,3419.0,0.0,0.0,0.0,1,3373.0,3409.0,2,3419.0,3384.0,0.0,0.0,0.0,0.0,4102
2023-05-09 21:07:35,bu2409,bu2409,3419.0,0.0,0.0,0.0,1,3374.0,3409.0,2,3419.0,3384.0,0.0,0.0,0.0,0.0,4102
2023-05-09 21:07:36,bu2409,bu2409,3419.0,0.0,0.0,0.0,1,3375.0,3409.0,2,3419.0,3384.0,0.0,0.0,0.0,0.0,4102
2023-05-09 21:07:36,bu2409,bu2409,3419.0,0.0,0.0,0.0,1,3376.0,3409.0,2,3419.0,3384.0,0.0,0.0,0.0,0.0,4102
2023-05-09 21:07:37,bu2409,bu2409,3419.0,0.0,0.0,0.0,1,3376.0,3409.0,2,3419.0,3384.0,0.0,0.0,0.0,0.0,4102
2023-05-09 21:07:37,bu2409,bu2409,3419.0,0.0,0.0,0.0,1,3377.0,3409.0,2,3419.0,3384.0,0.0,0.0,0.0,0.0,4102
2023-05-09 21:07:38,bu2409,bu2409,3419.0,0.0,0.0,0.0,1,3381.0,3409.0,2,3419.0,3384.0,0.0,0.0,0.0,0.0,4102
2023-05-09 21:07:38,bu2409,bu2409,3419.0,0.0,0.0,0.0,1,3382.0,3409.0,2,3419.0,3384.0,0.0,0.0,0.0,0.0,4102
2023-05-09 21:07:39,bu2409,bu2409,3419.0,0.0,0.0,0.0,1,3383.0,3409.0,2,3419.0,3384.0,0.0,0.0,0.0,0.0,4102
2023-05-09 21:07:39,bu2409,bu2409,3419.0,0.0,0.0,0.0,1,3384.0,3409.0,2,3419.0,3384.0,0.0,0.0,0.0,0.0,4102
2023-05-09 21:07:40,bu2409,bu2409,3419.0,0.0,0.0,0.0,1,3384.0,3409.0,2,3419.0,3384.0,0.0,0.0,0.0,0.0,4102
2023-05-09 21:07:40,bu2409,bu2409,3419.0,0.0,0.0,0.0,1,3385.0,3409.0,2,3419.0,3384.0,0.0,0.0,0.0,0.0,4102
2023-05-09 21:07:41,bu2409,bu2409,3419.0,0.0,0.0,0.0,1,3386.0,3409.0,2,3419.0,3384.0,0.0,0.0,0.0,0.0,4102
2023-05-09 21:07:41,bu2409,bu2409,3419.0,0.0,0.0,0.0,1,3386.0,3409.0,2,3419.0,3384.0,0.0,0.0,0.0,0.0,4102
2023-05-09 21:07:42,bu2409,bu2409,3419.0,0.0,0.0,0.0,2,3387.0,3409.0,2,3419.0,3384.0,0.0,0.0,0.0,0.0,4102
2023-05-09 21:07:42,bu2409,bu2409,3419.0,0.0,0.0,0.0,1,3388.0,3409.0,2,3419.0,3384.0,0.0,0.0,0.0,0.0,4102
2023-05-09 21:07:43,bu2409,bu2409,3419.0,0.0,0.0,0.0,1,3388.0,3409.0,2,3419.0,3384.0,0.0,0.0,0.0,0.0,4102
2023-05-09 21:07:43,bu2409,bu2409,3419.0,0.0,0.0,0.0,1,3389.0,3409.0,2,3419.0,3384.0,0.0,0.0,0.0,0.0,4102
2023-05-09 21:07:44,bu2409,bu2409,3419.0,0.0,0.0,0.0,1,3390.0,3409.0,2,3419.0,3384.0,0.0,0.0,0.0,0.0,4102
2023-05-09 21:07:44,bu2409,bu2409,3419.0,0.0,0.0,0.0,1,3390.0,3409.0,2,3419.0,3384.0,0.0,0.0,0.0,0.0,4102
2023-05-09 21:07:45,bu2409,bu2409,3419.0,0.0,0.0,0.0,1,3391.0,3409.0,2,3419.0,3384.0,0.0,0.0,0.0,0.0,4102
2023-05-09 21:07:45,bu2409,bu2409,3419.0,0.0,0.0,0.0,1,3392.0,3409.0,2,3419.0,3384.0,0.0,0.0,0.0,0.0,4102
2023-05-09 21:07:46,bu2409,bu2409,3419.0,0.0,0.0,0.0,1,3392.0,3409.0,2,3419.0,3384.0,0.0,0.0,0.0,0.0,4102
2023-05-09 21:07:46,bu2409,bu2409,3419.0,0.0,0.0,0.0,1,3393.0,3409.0,2,3419.0,3384.0,0.0,0.0,0.0,0.0,4102
2023-05-09 21:07:47,bu2409,bu2409,3419.0,0.0,0.0,0.0,2,3393.0,3409.0,2,3419.0,3384.0,0.0,0.0,0.0,0.0,4102
2023-05-09 21:07:53,bu2409,bu2409,3419.0,0.0,0.0,0.0,1,3394.0,3409.0,2,3419.0,3384.0,0.0,0.0,0.0,0.0,4102
2023-05-09 21:07:53,bu2409,bu2409,3419.0,0.0,0.0,0.0,1,3394.0,3409.0,2,3419.0,3384.0,0.0,0.0,0.0,0.0,4102
2023-05-09 21:07:54,bu2409,bu2409,3419.0,0.0,0.0,0.0,1,3395.0,3409.0,2,3419.0,3384.0,0.0,0.0,0.0,0.0,4102
2023-05-09 21:07:54,bu2409,bu2409,3419.0,0.0,0.0,0.0,1,3395.0,3409.0,2,3419.0,3384.0,0.0,0.0,0.0,0.0,4102
2023-05-09 21:07:55,bu2409,bu2409,3419.0,0.0,0.0,0.0,2,3395.0,3409.0,2,3419.0,3384.0,0.0,0.0,0.0,0.0,4102
2023-05-09 21:07:56,bu2409,bu2409,3419.0,0.0,0.0,0.0,2,3395.0,3409.0,2,3419.0,3384.0,0.0,0.0,0.0,0.0,4102
2023-05-09 21:07:57,bu2409,bu2409,3419.0,0.0,0.0,0.0,2,3395.0,3409.0,2,3419.0,3384.0,0.0,0.0,0.0,0.0,4102
2023-05-09 21:07:57,bu2409,bu2409,3419.0,0.0,0.0,0.0,2,3395.0,3409.0,2,3419.0,3384.0,0.0,0.0,0.0,0.0,4102
2023-05-09 21:07:58,bu2409,bu2409,3419.0,0.0,0.0,0.0,2,3395.0,3409.0,2,3419.0,3384.0,0.0,0.0,0.0,0.0,4102
2023-05-09 21:07:58,bu2409,bu2409,3419.0,0.0,0.0,0.0,2,3395.0,3409.0,2,3419.0,3384.0,0.0,0.0,0.0,0.0,4102
2023-05-09 21:07:59,bu2409,bu2409,3419.0,0.0,0.0,0.0,1,3396.0,3409.0,2,3419.0,3384.0,0.0,0.0,0.0,0.0,4102
2023-05-09 21:07:59,bu2409,bu2409,3419.0,0.0,0.0,0.0,1,3396.0,3409.0,2,3419.0,3384.0,0.0,0.0,0.0,0.0,4102
2023-05-09 21:08:02,bu2409,bu2409,3419.0,0.0,0.0,0.0,1,3397.0,3409.0,2,3419.0,3384.0,0.0,0.0,0.0,0.0,4102
2023-05-09 21:08:02,bu2409,bu2409,3419.0,0.0,0.0,0.0,2,3397.0,3409.0,2,3419.0,3384.0,0.0,0.0,0.0,0.0,4102
2023-05-09 21:08:03,bu2409,bu2409,3419.0,0.0,0.0,0.0,2,3397.0,3409.0,1,3419.0,3384.0,0.0,0.0,0.0,0.0,4102
2023-05-09 21:08:04,bu2409,bu2409,3419.0,0.0,0.0,0.0,1,3397.0,3409.0,1,3419.0,3384.0,0.0,0.0,0.0,0.0,4102
2023-05-09 21:08:04,bu2409,bu2409,3419.0,0.0,0.0,0.0,1,3397.0,3409.0,1,3419.0,3384.0,0.0,0.0,0.0,0.0,4102
2023-05-09 21:08:06,bu2409,bu2409,3419.0,0.0,0.0,0.0,2,3397.0,3409.0,1,3419.0,3384.0,0.0,0.0,0.0,0.0,4102
2023-05-09 21:08:07,bu2409,bu2409,3419.0,0.0,0.0,0.0,2,3397.0,3409.0,1,3419.0,3384.0,0.0,0.0,0.0,0.0,4102
2023-05-09 21:08:08,bu2409,bu2409,3419.0,0.0,0.0,0.0,2,3397.0,3409.0,1,3419.0,3384.0,0.0,0.0,0.0,0.0,4102
2023-05-09 21:08:08,bu2409,bu2409,3419.0,0.0,0.0,0.0,2,3397.0,3409.0,1,3419.0,3384.0,0.0,0.0,0.0,0.0,4102
2023-05-09 21:08:09,bu2409,bu2409,3419.0,0.0,0.0,0.0,2,3397.0,3409.0,1,3419.0,3384.0,0.0,0.0,0.0,0.0,4102
2023-05-09 21:08:11,bu2409,bu2409,3419.0,0.0,0.0,0.0,1,3397.0,3409.0,1,3419.0,3384.0,0.0,0.0,0.0,0.0,4102
2023-05-09 21:08:15,bu2409,bu2409,3419.0,0.0,0.0,0.0,1,3397.0,3409.0,2,3419.0,3384.0,0.0,0.0,0.0,0.0,4102
2023-05-09 21:08:16,bu2409,bu2409,3419.0,0.0,0.0,0.0,2,3398.0,3409.0,2,3419.0,3384.0,0.0,0.0,0.0,0.0,4102
2023-05-09 21:08:16,bu2409,bu2409,3419.0,0.0,0.0,0.0,2,3398.0,3409.0,2,3419.0,3384.0,0.0,0.0,0.0,0.0,4102
2023-05-09 21:08:18,bu2409,bu2409,3419.0,0.0,0.0,0.0,2,3398.0,3409.0,2,3419.0,3384.0,0.0,0.0,0.0,0.0,4102
2023-05-09 21:08:18,bu2409,bu2409,3419.0,0.0,0.0,0.0,2,3398.0,3409.0,2,3419.0,3384.0,0.0,0.0,0.0,0.0,4102
2023-05-09 21:08:30,bu2409,bu2409,3419.0,0.0,0.0,0.0,2,3398.0,3409.0,2,3419.0,3384.0,0.0,0.0,0.0,0.0,4102
2023-05-09 21:08:31,bu2409,bu2409,3419.0,0.0,0.0,0.0,2,3398.0,3409.0,2,3419.0,3384.0,0.0,0.0,0.0,0.0,4102
2023-05-09 21:08:43,bu2409,bu2409,3419.0,0.0,0.0,0.0,3,3398.0,3409.0,2,3419.0,3384.0,0.0,0.0,0.0,0.0,4102
2023-05-09 21:08:44,bu2409,bu2409,3419.0,0.0,0.0,0.0,3,3398.0,3409.0,2,3419.0,3384.0,0.0,0.0,0.0,0.0,4102
2023-05-09 21:08:44,bu2409,bu2409,3419.0,0.0,0.0,0.0,2,3398.0,3409.0,2,3419.0,3384.0,0.0,0.0,0.0,0.0,4102
2023-05-09 21:08:45,bu2409,bu2409,3419.0,0.0,0.0,0.0,2,3398.0,3409.0,2,3419.0,3384.0,0.0,0.0,0.0,0.0,4102
2023-05-09 21:08:50,bu2409,bu2409,3419.0,0.0,0.0,0.0,3,3398.0,3409.0,2,3419.0,3384.0,0.0,0.0,0.0,0.0,4102
2023-05-09 21:08:55,bu2409,bu2409,3419.0,0.0,0.0,0.0,3,3398.0,3409.0,2,3419.0,3384.0,0.0,0.0,0.0,0.0,4102
2023-05-09 21:08:55,bu2409,bu2409,3419.0,0.0,0.0,0.0,3,3398.0,3409.0,2,3419.0,3384.0,0.0,0.0,0.0,0.0,4102
2023-05-09 21:09:01,bu2409,bu2409,3419.0,0.0,0.0,0.0,1,3399.0,3409.0,2,3419.0,3384.0,0.0,0.0,0.0,0.0,4102
2023-05-09 21:09:02,bu2409,bu2409,3419.0,0.0,0.0,0.0,2,3398.0,3409.0,2,3419.0,3384.0,0.0,0.0,0.0,0.0,4102
2023-05-09 21:09:02,bu2409,bu2409,3419.0,0.0,0.0,0.0,3,3398.0,3409.0,2,3419.0,3384.0,0.0,0.0,0.0,0.0,4102
2023-05-09 21:09:05,bu2409,bu2409,3419.0,0.0,0.0,0.0,3,3398.0,3409.0,2,3419.0,3384.0,0.0,0.0,0.0,0.0,4102
2023-05-09 21:09:06,bu2409,bu2409,3419.0,0.0,0.0,0.0,3,3398.0,3409.0,2,3419.0,3384.0,0.0,0.0,0.0,0.0,4102
2023-05-09 21:09:10,bu2409,bu2409,3419.0,0.0,0.0,0.0,3,3398.0,3409.0,2,3419.0,3384.0,0.0,0.0,0.0,0.0,4102
2023-05-09 21:09:11,bu2409,bu2409,3419.0,0.0,0.0,0.0,3,3398.0,3409.0,2,3419.0,3384.0,0.0,0.0,0.0,0.0,4102
2023-05-09 21:09:14,bu2409,bu2409,3419.0,0.0,0.0,0.0,3,3398.0,3409.0,2,3419.0,3384.0,0.0,0.0,0.0,0.0,4102
2023-05-09 21:09:14,bu2409,bu2409,3419.0,0.0,0.0,0.0,3,3398.0,3409.0,2,3419.0,3384.0,0.0,0.0,0.0,0.0,4102
2023-05-09 21:09:15,bu2409,bu2409,3419.0,0.0,0.0,0.0,3,3398.0,3409.0,2,3419.0,3384.0,0.0,0.0,0.0,0.0,4102
2023-05-09 21:09:16,bu2409,bu2409,3419.0,0.0,0.0,0.0,3,3398.0,3409.0,2,3419.0,3384.0,0.0,0.0,0.0,0.0,4102
2023-05-09 21:09:19,bu2409,bu2409,3419.0,0.0,0.0,0.0,3,3398.0,3409.0,2,3419.0,3384.0,0.0,0.0,0.0,0.0,4102
2023-05-09 21:09:20,bu2409,bu2409,3419.0,0.0,0.0,0.0,3,3398.0,3409.0,2,3419.0,3384.0,0.0,0.0,0.0,0.0,4102
2023-05-09 21:09:21,bu2409,bu2409,3419.0,0.0,0.0,0.0,2,3398.0,3409.0,2,3419.0,3384.0,0.0,0.0,0.0,0.0,4102
2023-05-09 21:09:22,bu2409,bu2409,3419.0,0.0,0.0,0.0,3,3398.0,3409.0,2,3419.0,3384.0,0.0,0.0,0.0,0.0,4102
2023-05-09 21:09:24,bu2409,bu2409,3419.0,0.0,0.0,0.0,3,3398.0,3409.0,2,3419.0,3384.0,0.0,0.0,0.0,0.0,4102
2023-05-09 21:09:24,bu2409,bu2409,3419.0,0.0,0.0,0.0,3,3398.0,3409.0,2,3419.0,3384.0,0.0,0.0,0.0,0.0,4102
2023-05-09 21:09:27,bu2409,bu2409,3419.0,0.0,0.0,0.0,3,3398.0,3409.0,2,3419.0,3384.0,0.0,0.0,0.0,0.0,4102
2023-05-09 21:09:27,bu2409,bu2409,3419.0,0.0,0.0,0.0,3,3398.0,3409.0,2,3419.0,3384.0,0.0,0.0,0.0,0.0,4102
2023-05-09 21:09:29,bu2409,bu2409,3419.0,0.0,0.0,0.0,1,3399.0,3409.0,2,3419.0,3384.0,0.0,0.0,0.0,0.0,4102
2023-05-09 21:09:32,bu2409,bu2409,3419.0,0.0,0.0,0.0,2,3398.0,3409.0,2,3419.0,3384.0,0.0,0.0,0.0,0.0,4102
2023-05-09 21:09:33,bu2409,bu2409,3419.0,0.0,0.0,0.0,3,3398.0,3409.0,2,3419.0,3384.0,0.0,0.0,0.0,0.0,4102
2023-05-09 21:09:35,bu2409,bu2409,3419.0,0.0,0.0,0.0,3,3398.0,3409.0,2,3419.0,3384.0,0.0,0.0,0.0,0.0,4102
2023-05-09 21:09:35,bu2409,bu2409,3419.0,0.0,0.0,0.0,1,3399.0,3409.0,2,3419.0,3384.0,0.0,0.0,0.0,0.0,4102
2023-05-09 21:09:37,bu2409,bu2409,3419.0,0.0,0.0,0.0,1,3399.0,3409.0,2,3419.0,3384.0,0.0,0.0,0.0,0.0,4102
2023-05-09 21:09:38,bu2409,bu2409,3419.0,0.0,0.0,0.0,1,3399.0,3409.0,1,3419.0,3384.0,0.0,0.0,0.0,0.0,4102
2023-05-09 21:09:39,bu2409,bu2409,3419.0,0.0,0.0,0.0,1,3399.0,3423.0,2,3419.0,3384.0,0.0,0.0,0.0,0.0,4102
2023-05-09 21:09:39,bu2409,bu2409,3419.0,0.0,0.0,0.0,1,3399.0,3422.0,2,3419.0,3384.0,0.0,0.0,0.0,0.0,4102
2023-05-09 21:09:40,bu2409,bu2409,3419.0,0.0,0.0,0.0,1,3399.0,3422.0,3,3419.0,3384.0,0.0,0.0,0.0,0.0,4102
2023-05-09 21:09:40,bu2409,bu2409,3419.0,0.0,0.0,0.0,1,3399.0,3422.0,3,3419.0,3384.0,0.0,0.0,0.0,0.0,4102
2023-05-09 21:09:41,bu2409,bu2409,3419.0,0.0,0.0,0.0,1,3399.0,3422.0,3,3419.0,3384.0,0.0,0.0,0.0,0.0,4102
2023-05-09 21:09:42,bu2409,bu2409,3419.0,0.0,0.0,0.0,1,3399.0,3421.0,2,3419.0,3384.0,0.0,0.0,0.0,0.0,4102
2023-05-09 21:09:42,bu2409,bu2409,3419.0,0.0,0.0,0.0,2,3399.0,3420.0,1,3419.0,3384.0,0.0,0.0,0.0,0.0,4102
2023-05-09 21:09:43,bu2409,bu2409,3419.0,0.0,0.0,0.0,2,3399.0,3419.0,1,3419.0,3384.0,0.0,0.0,0.0,0.0,4102
2023-05-09 21:09:43,bu2409,bu2409,3419.0,0.0,0.0,0.0,2,3399.0,3418.0,1,3419.0,3384.0,0.0,0.0,0.0,0.0,4102
2023-05-09 21:09:44,bu2409,bu2409,3419.0,0.0,0.0,0.0,2,3399.0,3417.0,1,3419.0,3384.0,0.0,0.0,0.0,0.0,4102
2023-05-09 21:09:44,bu2409,bu2409,3419.0,0.0,0.0,0.0,2,3399.0,3417.0,2,3419.0,3384.0,0.0,0.0,0.0,0.0,4102
2023-05-09 21:09:45,bu2409,bu2409,3419.0,0.0,0.0,0.0,2,3399.0,3417.0,2,3419.0,3384.0,0.0,0.0,0.0,0.0,4102
2023-05-09 21:09:45,bu2409,bu2409,3419.0,0.0,0.0,0.0,2,3399.0,3417.0,3,3419.0,3384.0,0.0,0.0,0.0,0.0,4102
2023-05-09 21:09:46,bu2409,bu2409,3419.0,0.0,0.0,0.0,1,3399.0,3416.0,1,3419.0,3384.0,0.0,0.0,0.0,0.0,4102
2023-05-09 21:09:47,bu2409,bu2409,3419.0,0.0,0.0,0.0,1,3399.0,3416.0,1,3419.0,3384.0,0.0,0.0,0.0,0.0,4102
2023-05-09 21:09:47,bu2409,bu2409,3419.0,0.0,0.0,0.0,1,3399.0,3416.0,1,3419.0,3384.0,0.0,0.0,0.0,0.0,4102
2023-05-09 21:09:48,bu2409,bu2409,3419.0,0.0,0.0,0.0,1,3399.0,3409.0,1,3419.0,3384.0,0.0,0.0,0.0,0.0,4102
2023-05-09 21:09:48,bu2409,bu2409,3419.0,0.0,0.0,0.0,1,3399.0,3409.0,1,3419.0,3384.0,0.0,0.0,0.0,0.0,4102
2023-05-09 21:09:54,bu2409,bu2409,3419.0,0.0,0.0,0.0,1,3399.0,3409.0,1,3419.0,3384.0,0.0,0.0,0.0,0.0,4102
2023-05-09 21:09:54,bu2409,bu2409,3419.0,0.0,0.0,0.0,1,3399.0,3409.0,2,3419.0,3384.0,0.0,0.0,0.0,0.0,4102
2023-05-09 21:09:55,bu2409,bu2409,3419.0,0.0,0.0,0.0,1,3399.0,3409.0,2,3419.0,3384.0,0.0,0.0,0.0,0.0,4102
2023-05-09 21:09:56,bu2409,bu2409,3419.0,0.0,0.0,0.0,1,3399.0,3409.0,2,3419.0,3384.0,0.0,0.0,0.0,0.0,4102
2023-05-09 21:09:58,bu2409,bu2409,3419.0,0.0,0.0,0.0,1,3399.0,3409.0,2,3419.0,3384.0,0.0,0.0,0.0,0.0,4102
2023-05-09 21:09:59,bu2409,bu2409,3419.0,0.0,0.0,0.0,1,3399.0,3409.0,2,3419.0,3384.0,0.0,0.0,0.0,0.0,4102
2023-05-09 21:10:00,bu2409,bu2409,3419.0,0.0,0.0,0.0,1,3399.0,3409.0,2,3419.0,3384.0,0.0,0.0,0.0,0.0,4102
2023-05-09 21:10:01,bu2409,bu2409,3419.0,0.0,0.0,0.0,1,3399.0,3409.0,2,3419.0,3384.0,0.0,0.0,0.0,0.0,4102
2023-05-09 21:10:04,bu2409,bu2409,3419.0,0.0,0.0,0.0,1,3399.0,3409.0,2,3419.0,3384.0,0.0,0.0,0.0,0.0,4102
2023-05-09 21:10:05,bu2409,bu2409,3419.0,0.0,0.0,0.0,1,3399.0,3409.0,2,3419.0,3384.0,0.0,0.0,0.0,0.0,4102
2023-05-09 21:10:05,bu2409,bu2409,3419.0,0.0,0.0,0.0,1,3389.0,3409.0,2,3419.0,3384.0,0.0,0.0,0.0,0.0,4102
2023-05-09 21:10:06,bu2409,bu2409,3419.0,0.0,0.0,0.0,3,3390.0,3409.0,2,3419.0,3384.0,0.0,0.0,0.0,0.0,4102
2023-05-09 21:10:06,bu2409,bu2409,3419.0,0.0,0.0,0.0,3,3390.0,3409.0,2,3419.0,3384.0,0.0,0.0,0.0,0.0,4102
2023-05-09 21:10:12,bu2409,bu2409,3419.0,0.0,0.0,0.0,3,3390.0,3409.0,2,3419.0,3384.0,0.0,0.0,0.0,0.0,4102
2023-05-09 21:10:13,bu2409,bu2409,3419.0,0.0,0.0,0.0,3,3390.0,3409.0,2,3419.0,3384.0,0.0,0.0,0.0,0.0,4102
2023-05-09 21:10:17,bu2409,bu2409,3419.0,0.0,0.0,0.0,3,3390.0,3409.0,2,3419.0,3384.0,0.0,0.0,0.0,0.0,4102
2023-05-09 21:10:17,bu2409,bu2409,3419.0,0.0,0.0,0.0,3,3390.0,3409.0,2,3419.0,3384.0,0.0,0.0,0.0,0.0,4102
2023-05-09 21:10:23,bu2409,bu2409,3419.0,0.0,0.0,0.0,3,3390.0,3409.0,2,3419.0,3384.0,0.0,0.0,0.0,0.0,4102
2023-05-09 21:10:23,bu2409,bu2409,3419.0,0.0,0.0,0.0,3,3390.0,3409.0,2,3419.0,3384.0,0.0,0.0,0.0,0.0,4102
2023-05-09 21:10:25,bu2409,bu2409,3419.0,0.0,0.0,0.0,3,3390.0,3409.0,2,3419.0,3384.0,0.0,0.0,0.0,0.0,4102
2023-05-09 21:10:26,bu2409,bu2409,3419.0,0.0,0.0,0.0,2,3391.0,3409.0,2,3419.0,3384.0,0.0,0.0,0.0,0.0,4102
2023-05-09 21:10:26,bu2409,bu2409,3419.0,0.0,0.0,0.0,1,3392.0,3409.0,2,3419.0,3384.0,0.0,0.0,0.0,0.0,4102
2023-05-09 21:10:27,bu2409,bu2409,3419.0,0.0,0.0,0.0,1,3393.0,3409.0,2,3419.0,3384.0,0.0,0.0,0.0,0.0,4102
2023-05-09 21:10:27,bu2409,bu2409,3419.0,0.0,0.0,0.0,1,3394.0,3409.0,2,3419.0,3384.0,0.0,0.0,0.0,0.0,4102
2023-05-09 21:10:28,bu2409,bu2409,3419.0,0.0,0.0,0.0,1,3394.0,3409.0,2,3419.0,3384.0,0.0,0.0,0.0,0.0,4102
2023-05-09 21:10:28,bu2409,bu2409,3419.0,0.0,0.0,0.0,1,3395.0,3409.0,2,3419.0,3384.0,0.0,0.0,0.0,0.0,4102
2023-05-09 21:10:29,bu2409,bu2409,3419.0,0.0,0.0,0.0,1,3396.0,3409.0,2,3419.0,3384.0,0.0,0.0,0.0,0.0,4102
2023-05-09 21:10:29,bu2409,bu2409,3419.0,0.0,0.0,0.0,1,3396.0,3409.0,2,3419.0,3384.0,0.0,0.0,0.0,0.0,4102
2023-05-09 21:10:36,bu2409,bu2409,3419.0,0.0,0.0,0.0,1,3396.0,3409.0,2,3419.0,3384.0,0.0,0.0,0.0,0.0,4102
2023-05-09 21:10:36,bu2409,bu2409,3419.0,0.0,0.0,0.0,1,3396.0,3409.0,2,3419.0,3384.0,0.0,0.0,0.0,0.0,4102
2023-05-09 21:10:37,bu2409,bu2409,3419.0,0.0,0.0,0.0,1,3396.0,3409.0,2,3419.0,3384.0,0.0,0.0,0.0,0.0,4102
2023-05-09 21:10:37,bu2409,bu2409,3419.0,0.0,0.0,0.0,1,3396.0,3409.0,2,3419.0,3384.0,0.0,0.0,0.0,0.0,4102
2023-05-09 21:10:41,bu2409,bu2409,3419.0,0.0,0.0,0.0,1,3397.0,3409.0,2,3419.0,3384.0,0.0,0.0,0.0,0.0,4102
2023-05-09 21:10:41,bu2409,bu2409,3419.0,0.0,0.0,0.0,1,3398.0,3409.0,2,3419.0,3384.0,0.0,0.0,0.0,0.0,4102
2023-05-09 21:10:42,bu2409,bu2409,3419.0,0.0,0.0,0.0,1,3398.0,3409.0,2,3419.0,3384.0,0.0,0.0,0.0,0.0,4102
2023-05-09 21:10:53,bu2409,bu2409,3419.0,0.0,0.0,0.0,1,3398.0,3409.0,2,3419.0,3384.0,0.0,0.0,0.0,0.0,4102
2023-05-09 21:10:54,bu2409,bu2409,3419.0,0.0,0.0,0.0,1,3398.0,3409.0,2,3419.0,3384.0,0.0,0.0,0.0,0.0,4102
2023-05-09 21:10:54,bu2409,bu2409,3419.0,0.0,0.0,0.0,1,3398.0,3409.0,2,3419.0,3384.0,0.0,0.0,0.0,0.0,4102
2023-05-09 21:10:55,bu2409,bu2409,3419.0,0.0,0.0,0.0,1,3398.0,3409.0,2,3419.0,3384.0,0.0,0.0,0.0,0.0,4102
2023-05-09 21:10:56,bu2409,bu2409,3419.0,0.0,0.0,0.0,1,3398.0,3409.0,2,3419.0,3384.0,0.0,0.0,0.0,0.0,4102
2023-05-09 21:10:56,bu2409,bu2409,3419.0,0.0,0.0,0.0,1,3398.0,3409.0,2,3419.0,3384.0,0.0,0.0,0.0,0.0,4102
2023-05-09 21:10:57,bu2409,bu2409,3419.0,0.0,0.0,0.0,1,3398.0,3409.0,2,3419.0,3384.0,0.0,0.0,0.0,0.0,4102
2023-05-09 21:11:04,bu2409,bu2409,3419.0,0.0,0.0,0.0,1,3398.0,3409.0,2,3419.0,3384.0,0.0,0.0,0.0,0.0,4102
2023-05-09 21:11:07,bu2409,bu2409,3419.0,0.0,0.0,0.0,1,3398.0,3409.0,2,3419.0,3384.0,0.0,0.0,0.0,0.0,4102
2023-05-09 21:11:08,bu2409,bu2409,3419.0,0.0,0.0,0.0,1,3398.0,3409.0,2,3419.0,3384.0,0.0,0.0,0.0,0.0,4102
2023-05-09 21:11:09,bu2409,bu2409,3419.0,0.0,0.0,0.0,2,3399.0,3409.0,2,3419.0,3384.0,0.0,0.0,0.0,0.0,4102
2023-05-09 21:11:09,bu2409,bu2409,3419.0,0.0,0.0,0.0,1,3400.0,3409.0,2,3419.0,3384.0,0.0,0.0,0.0,0.0,4102
2023-05-09 21:11:10,bu2409,bu2409,3419.0,0.0,0.0,0.0,1,3400.0,3409.0,2,3419.0,3384.0,0.0,0.0,0.0,0.0,4102
2023-05-09 21:11:12,bu2409,bu2409,3419.0,0.0,0.0,0.0,1,3400.0,3409.0,2,3419.0,3384.0,0.0,0.0,0.0,0.0,4102
2023-05-09 21:11:12,bu2409,bu2409,3419.0,0.0,0.0,0.0,1,3400.0,3409.0,2,3419.0,3384.0,0.0,0.0,0.0,0.0,4102
2023-05-09 21:11:15,bu2409,bu2409,3419.0,0.0,0.0,0.0,1,3400.0,3409.0,2,3419.0,3384.0,0.0,0.0,0.0,0.0,4102
2023-05-09 21:11:16,bu2409,bu2409,3419.0,0.0,0.0,0.0,1,3400.0,3409.0,2,3419.0,3384.0,0.0,0.0,0.0,0.0,4102
2023-05-09 21:11:21,bu2409,bu2409,3419.0,0.0,0.0,0.0,1,3400.0,3422.0,1,3419.0,3384.0,0.0,0.0,0.0,0.0,4102
2023-05-09 21:11:21,bu2409,bu2409,3419.0,0.0,0.0,0.0,1,3400.0,3421.0,1,3419.0,3384.0,0.0,0.0,0.0,0.0,4102
2023-05-09 21:11:22,bu2409,bu2409,3419.0,0.0,0.0,0.0,1,3400.0,3421.0,3,3419.0,3384.0,0.0,0.0,0.0,0.0,4102
2023-05-09 21:11:25,bu2409,bu2409,3419.0,0.0,0.0,0.0,1,3400.0,3421.0,4,3419.0,3384.0,0.0,0.0,0.0,0.0,4102
2023-05-09 21:11:29,bu2409,bu2409,3419.0,0.0,0.0,0.0,1,3400.0,3421.0,4,3419.0,3384.0,0.0,0.0,0.0,0.0,4102
2023-05-09 21:11:30,bu2409,bu2409,3419.0,0.0,0.0,0.0,1,3400.0,3421.0,4,3419.0,3384.0,0.0,0.0,0.0,0.0,4102
2023-05-09 21:11:33,bu2409,bu2409,3419.0,0.0,0.0,0.0,1,3400.0,3421.0,4,3419.0,3384.0,0.0,0.0,0.0,0.0,4102
2023-05-09 21:11:34,bu2409,bu2409,3419.0,0.0,0.0,0.0,1,3400.0,3421.0,4,3419.0,3384.0,0.0,0.0,0.0,0.0,4102
2023-05-09 21:11:36,bu2409,bu2409,3419.0,0.0,0.0,0.0,1,3400.0,3420.0,1,3419.0,3384.0,0.0,0.0,0.0,0.0,4102
2023-05-09 21:11:36,bu2409,bu2409,3419.0,0.0,0.0,0.0,1,3400.0,3420.0,1,3419.0,3384.0,0.0,0.0,0.0,0.0,4102
2023-05-09 21:11:37,bu2409,bu2409,3419.0,0.0,0.0,0.0,1,3400.0,3419.0,1,3419.0,3384.0,0.0,0.0,0.0,0.0,4102
2023-05-09 21:11:37,bu2409,bu2409,3419.0,0.0,0.0,0.0,1,3400.0,3418.0,1,3419.0,3384.0,0.0,0.0,0.0,0.0,4102
2023-05-09 21:11:38,bu2409,bu2409,3419.0,0.0,0.0,0.0,1,3400.0,3418.0,1,3419.0,3384.0,0.0,0.0,0.0,0.0,4102
2023-05-09 21:11:38,bu2409,bu2409,3419.0,0.0,0.0,0.0,1,3400.0,3418.0,1,3419.0,3384.0,0.0,0.0,0.0,0.0,4102
2023-05-09 21:11:39,bu2409,bu2409,3419.0,0.0,0.0,0.0,1,3400.0,3418.0,2,3419.0,3384.0,0.0,0.0,0.0,0.0,4102
2023-05-09 21:11:43,bu2409,bu2409,3419.0,0.0,0.0,0.0,1,3400.0,3418.0,2,3419.0,3384.0,0.0,0.0,0.0,0.0,4102
2023-05-09 21:11:43,bu2409,bu2409,3419.0,0.0,0.0,0.0,1,3400.0,3418.0,2,3419.0,3384.0,0.0,0.0,0.0,0.0,4102
2023-05-09 21:11:44,bu2409,bu2409,3419.0,0.0,0.0,0.0,1,3400.0,3417.0,1,3419.0,3384.0,0.0,0.0,0.0,0.0,4102
2023-05-09 21:11:45,bu2409,bu2409,3419.0,0.0,0.0,0.0,1,3400.0,3417.0,1,3419.0,3384.0,0.0,0.0,0.0,0.0,4102
2023-05-09 21:11:45,bu2409,bu2409,3419.0,0.0,0.0,0.0,1,3400.0,3409.0,2,3419.0,3384.0,0.0,0.0,0.0,0.0,4102
2023-05-09 21:11:46,bu2409,bu2409,3419.0,0.0,0.0,0.0,1,3400.0,3409.0,2,3419.0,3384.0,0.0,0.0,0.0,0.0,4102
2023-05-09 21:11:46,bu2409,bu2409,3419.0,0.0,0.0,0.0,1,3400.0,3409.0,2,3419.0,3384.0,0.0,0.0,0.0,0.0,4102
2023-05-09 21:11:47,bu2409,bu2409,3419.0,0.0,0.0,0.0,1,3400.0,3409.0,2,3419.0,3384.0,0.0,0.0,0.0,0.0,4102
2023-05-09 21:11:48,bu2409,bu2409,3419.0,0.0,0.0,0.0,1,3400.0,3409.0,2,3419.0,3384.0,0.0,0.0,0.0,0.0,4102
2023-05-09 21:11:49,bu2409,bu2409,3419.0,0.0,0.0,0.0,1,3400.0,3409.0,2,3419.0,3384.0,0.0,0.0,0.0,0.0,4102
2023-05-09 21:11:51,bu2409,bu2409,3419.0,0.0,0.0,0.0,1,3400.0,3409.0,2,3419.0,3384.0,0.0,0.0,0.0,0.0,4102
2023-05-09 21:11:52,bu2409,bu2409,3419.0,0.0,0.0,0.0,1,3400.0,3409.0,2,3419.0,3384.0,0.0,0.0,0.0,0.0,4102
2023-05-09 21:11:53,bu2409,bu2409,3419.0,0.0,0.0,0.0,2,3401.0,3409.0,2,3419.0,3384.0,0.0,0.0,0.0,0.0,4102
2023-05-09 21:11:53,bu2409,bu2409,3419.0,0.0,0.0,0.0,1,3402.0,3409.0,2,3419.0,3384.0,0.0,0.0,0.0,0.0,4102
2023-05-09 21:11:54,bu2409,bu2409,3419.0,0.0,0.0,0.0,1,3402.0,3409.0,2,3419.0,3384.0,0.0,0.0,0.0,0.0,4102
2023-05-09 21:11:54,bu2409,bu2409,3419.0,0.0,0.0,0.0,1,3402.0,3409.0,2,3419.0,3384.0,0.0,0.0,0.0,0.0,4102
2023-05-09 21:11:55,bu2409,bu2409,3419.0,0.0,0.0,0.0,1,3402.0,3409.0,2,3419.0,3384.0,0.0,0.0,0.0,0.0,4102
2023-05-09 21:11:56,bu2409,bu2409,3419.0,0.0,0.0,0.0,1,3402.0,3409.0,2,3419.0,3384.0,0.0,0.0,0.0,0.0,4102
2023-05-09 21:12:03,bu2409,bu2409,3419.0,0.0,0.0,0.0,1,3402.0,3409.0,2,3419.0,3384.0,0.0,0.0,0.0,0.0,4102
2023-05-09 21:12:04,bu2409,bu2409,3419.0,0.0,0.0,0.0,1,3402.0,3409.0,2,3419.0,3384.0,0.0,0.0,0.0,0.0,4102
2023-05-09 21:12:04,bu2409,bu2409,3419.0,0.0,0.0,0.0,1,3402.0,3409.0,2,3419.0,3384.0,0.0,0.0,0.0,0.0,4102
2023-05-09 21:12:05,bu2409,bu2409,3419.0,0.0,0.0,0.0,1,3402.0,3409.0,2,3419.0,3384.0,0.0,0.0,0.0,0.0,4102
2023-05-09 21:12:05,bu2409,bu2409,3419.0,0.0,0.0,0.0,2,3401.0,3409.0,2,3419.0,3384.0,0.0,0.0,0.0,0.0,4102
2023-05-09 21:12:06,bu2409,bu2409,3419.0,0.0,0.0,0.0,3,3401.0,3409.0,2,3419.0,3384.0,0.0,0.0,0.0,0.0,4102
2023-05-09 21:12:08,bu2409,bu2409,3419.0,0.0,0.0,0.0,3,3401.0,3409.0,2,3419.0,3384.0,0.0,0.0,0.0,0.0,4102
2023-05-09 21:12:09,bu2409,bu2409,3419.0,0.0,0.0,0.0,3,3401.0,3409.0,2,3419.0,3384.0,0.0,0.0,0.0,0.0,4102
2023-05-09 21:12:11,bu2409,bu2409,3419.0,0.0,0.0,0.0,3,3401.0,3409.0,2,3419.0,3384.0,0.0,0.0,0.0,0.0,4102
2023-05-09 21:12:11,bu2409,bu2409,3419.0,0.0,0.0,0.0,2,3401.0,3409.0,2,3419.0,3384.0,0.0,0.0,0.0,0.0,4102
2023-05-09 21:12:13,bu2409,bu2409,3419.0,0.0,0.0,0.0,2,3401.0,3409.0,2,3419.0,3384.0,0.0,0.0,0.0,0.0,4102
2023-05-09 21:12:14,bu2409,bu2409,3419.0,0.0,0.0,0.0,2,3401.0,3409.0,2,3419.0,3384.0,0.0,0.0,0.0,0.0,4102
2023-05-09 21:12:14,bu2409,bu2409,3419.0,0.0,0.0,0.0,2,3401.0,3409.0,2,3419.0,3384.0,0.0,0.0,0.0,0.0,4102
2023-05-09 21:12:15,bu2409,bu2409,3419.0,0.0,0.0,0.0,2,3401.0,3409.0,2,3419.0,3384.0,0.0,0.0,0.0,0.0,4102
2023-05-09 21:12:20,bu2409,bu2409,3419.0,0.0,0.0,0.0,3,3401.0,3409.0,2,3419.0,3384.0,0.0,0.0,0.0,0.0,4102
2023-05-09 21:12:22,bu2409,bu2409,3419.0,0.0,0.0,0.0,2,3401.0,3409.0,2,3419.0,3384.0,0.0,0.0,0.0,0.0,4102
2023-05-09 21:12:23,bu2409,bu2409,3419.0,0.0,0.0,0.0,2,3401.0,3409.0,2,3419.0,3384.0,0.0,0.0,0.0,0.0,4102
2023-05-09 21:12:23,bu2409,bu2409,3419.0,0.0,0.0,0.0,2,3401.0,3409.0,2,3419.0,3384.0,0.0,0.0,0.0,0.0,4102
2023-05-09 21:12:26,bu2409,bu2409,3419.0,0.0,0.0,0.0,3,3401.0,3409.0,2,3419.0,3384.0,0.0,0.0,0.0,0.0,4102
2023-05-09 21:12:28,bu2409,bu2409,3419.0,0.0,0.0,0.0,3,3401.0,3409.0,2,3419.0,3384.0,0.0,0.0,0.0,0.0,4102
2023-05-09 21:12:29,bu2409,bu2409,3419.0,0.0,0.0,0.0,3,3401.0,3409.0,2,3419.0,3384.0,0.0,0.0,0.0,0.0,4102
2023-05-09 21:12:31,bu2409,bu2409,3419.0,0.0,0.0,0.0,2,3401.0,3409.0,2,3419.0,3384.0,0.0,0.0,0.0,0.0,4102
2023-05-09 21:12:35,bu2409,bu2409,3419.0,0.0,0.0,0.0,2,3401.0,3409.0,2,3419.0,3384.0,0.0,0.0,0.0,0.0,4102
2023-05-09 21:12:36,bu2409,bu2409,3419.0,0.0,0.0,0.0,2,3401.0,3409.0,2,3419.0,3384.0,0.0,0.0,0.0,0.0,4102
2023-05-09 21:12:39,bu2409,bu2409,3419.0,0.0,0.0,0.0,2,3401.0,3409.0,2,3419.0,3384.0,0.0,0.0,0.0,0.0,4102
2023-05-09 21:12:40,bu2409,bu2409,3419.0,0.0,0.0,0.0,2,3401.0,3409.0,2,3419.0,3384.0,0.0,0.0,0.0,0.0,4102
2023-05-09 21:12:45,bu2409,bu2409,3419.0,0.0,0.0,0.0,2,3401.0,3409.0,2,3419.0,3384.0,0.0,0.0,0.0,0.0,4102
2023-05-09 21:12:46,bu2409,bu2409,3419.0,0.0,0.0,0.0,2,3401.0,3409.0,2,3419.0,3384.0,0.0,0.0,0.0,0.0,4102
2023-05-09 21:12:47,bu2409,bu2409,3419.0,0.0,0.0,0.0,2,3401.0,3409.0,2,3419.0,3384.0,0.0,0.0,0.0,0.0,4102
2023-05-09 21:12:48,bu2409,bu2409,3419.0,0.0,0.0,0.0,2,3401.0,3409.0,2,3419.0,3384.0,0.0,0.0,0.0,0.0,4102
2023-05-09 21:12:52,bu2409,bu2409,3419.0,0.0,0.0,0.0,2,3401.0,3409.0,2,3419.0,3384.0,0.0,0.0,0.0,0.0,4102
2023-05-09 21:12:53,bu2409,bu2409,3419.0,0.0,0.0,0.0,2,3401.0,3409.0,2,3419.0,3384.0,0.0,0.0,0.0,0.0,4102
2023-05-09 21:12:55,bu2409,bu2409,3419.0,0.0,0.0,0.0,3,3401.0,3409.0,2,3419.0,3384.0,0.0,0.0,0.0,0.0,4102
2023-05-09 21:12:58,bu2409,bu2409,3419.0,0.0,0.0,0.0,3,3401.0,3409.0,2,3419.0,3384.0,0.0,0.0,0.0,0.0,4102
2023-05-09 21:12:58,bu2409,bu2409,3419.0,0.0,0.0,0.0,3,3401.0,3409.0,2,3419.0,3384.0,0.0,0.0,0.0,0.0,4102
2023-05-09 21:13:02,bu2409,bu2409,3419.0,0.0,0.0,0.0,2,3401.0,3409.0,2,3419.0,3384.0,0.0,0.0,0.0,0.0,4102
2023-05-09 21:13:11,bu2409,bu2409,3419.0,0.0,0.0,0.0,3,3401.0,3409.0,2,3419.0,3384.0,0.0,0.0,0.0,0.0,4102
2023-05-09 21:13:12,bu2409,bu2409,3419.0,0.0,0.0,0.0,3,3401.0,3409.0,2,3419.0,3384.0,0.0,0.0,0.0,0.0,4102
2023-05-09 21:13:13,bu2409,bu2409,3419.0,0.0,0.0,0.0,3,3401.0,3409.0,2,3419.0,3384.0,0.0,0.0,0.0,0.0,4102
2023-05-09 21:13:22,bu2409,bu2409,3419.0,0.0,0.0,0.0,3,3401.0,3409.0,2,3419.0,3384.0,0.0,0.0,0.0,0.0,4102
2023-05-09 21:13:23,bu2409,bu2409,3419.0,0.0,0.0,0.0,3,3401.0,3409.0,2,3419.0,3384.0,0.0,0.0,0.0,0.0,4102
2023-05-09 21:13:24,bu2409,bu2409,3419.0,0.0,0.0,0.0,1,3402.0,3409.0,2,3419.0,3384.0,0.0,0.0,0.0,0.0,4102
2023-05-09 21:13:28,bu2409,bu2409,3419.0,0.0,0.0,0.0,1,3402.0,3422.0,1,3419.0,3384.0,0.0,0.0,0.0,0.0,4102
2023-05-09 21:13:28,bu2409,bu2409,3419.0,0.0,0.0,0.0,1,3402.0,3421.0,2,3419.0,3384.0,0.0,0.0,0.0,0.0,4102
2023-05-09 21:13:29,bu2409,bu2409,3419.0,0.0,0.0,0.0,1,3402.0,3420.0,1,3419.0,3384.0,0.0,0.0,0.0,0.0,4102
2023-05-09 21:13:29,bu2409,bu2409,3419.0,0.0,0.0,0.0,1,3402.0,3420.0,1,3419.0,3384.0,0.0,0.0,0.0,0.0,4102
2023-05-09 21:13:30,bu2409,bu2409,3419.0,0.0,0.0,0.0,1,3402.0,3420.0,1,3419.0,3384.0,0.0,0.0,0.0,0.0,4102
2023-05-09 21:13:30,bu2409,bu2409,3419.0,0.0,0.0,0.0,1,3402.0,3420.0,2,3419.0,3384.0,0.0,0.0,0.0,0.0,4102
2023-05-09 21:13:31,bu2409,bu2409,3419.0,0.0,0.0,0.0,1,3402.0,3420.0,2,3419.0,3384.0,0.0,0.0,0.0,0.0,4102
2023-05-09 21:13:32,bu2409,bu2409,3419.0,0.0,0.0,0.0,1,3402.0,3420.0,2,3419.0,3384.0,0.0,0.0,0.0,0.0,4102
2023-05-09 21:13:37,bu2409,bu2409,3419.0,0.0,0.0,0.0,1,3402.0,3420.0,2,3419.0,3384.0,0.0,0.0,0.0,0.0,4102
2023-05-09 21:13:37,bu2409,bu2409,3419.0,0.0,0.0,0.0,1,3402.0,3420.0,2,3419.0,3384.0,0.0,0.0,0.0,0.0,4102
2023-05-09 21:13:38,bu2409,bu2409,3419.0,0.0,0.0,0.0,1,3402.0,3420.0,2,3419.0,3384.0,0.0,0.0,0.0,0.0,4102
2023-05-09 21:13:38,bu2409,bu2409,3419.0,0.0,0.0,0.0,1,3402.0,3420.0,2,3419.0,3384.0,0.0,0.0,0.0,0.0,4102
2023-05-09 21:13:40,bu2409,bu2409,3419.0,0.0,0.0,0.0,1,3402.0,3420.0,3,3419.0,3384.0,0.0,0.0,0.0,0.0,4102
2023-05-09 21:13:41,bu2409,bu2409,3419.0,0.0,0.0,0.0,1,3402.0,3419.0,1,3419.0,3384.0,0.0,0.0,0.0,0.0,4102
2023-05-09 21:13:42,bu2409,bu2409,3419.0,0.0,0.0,0.0,1,3402.0,3419.0,1,3419.0,3384.0,0.0,0.0,0.0,0.0,4102
2023-05-09 21:13:42,bu2409,bu2409,3419.0,0.0,0.0,0.0,1,3402.0,3419.0,1,3419.0,3384.0,0.0,0.0,0.0,0.0,4102
2023-05-09 21:13:43,bu2409,bu2409,3419.0,0.0,0.0,0.0,1,3402.0,3418.0,2,3419.0,3384.0,0.0,0.0,0.0,0.0,4102
2023-05-09 21:13:43,bu2409,bu2409,3419.0,0.0,0.0,0.0,1,3402.0,3418.0,2,3419.0,3384.0,0.0,0.0,0.0,0.0,4102
2023-05-09 21:13:44,bu2409,bu2409,3419.0,0.0,0.0,0.0,1,3402.0,3418.0,2,3419.0,3384.0,0.0,0.0,0.0,0.0,4102
2023-05-09 21:13:44,bu2409,bu2409,3419.0,0.0,0.0,0.0,1,3402.0,3418.0,2,3419.0,3384.0,0.0,0.0,0.0,0.0,4102
2023-05-09 21:13:45,bu2409,bu2409,3419.0,0.0,0.0,0.0,1,3402.0,3418.0,2,3419.0,3384.0,0.0,0.0,0.0,0.0,4102
2023-05-09 21:13:46,bu2409,bu2409,3419.0,0.0,0.0,0.0,1,3402.0,3418.0,2,3419.0,3384.0,0.0,0.0,0.0,0.0,4102
2023-05-09 21:13:58,bu2409,bu2409,3419.0,0.0,0.0,0.0,1,3402.0,3418.0,2,3419.0,3384.0,0.0,0.0,0.0,0.0,4102
2023-05-09 21:13:58,bu2409,bu2409,3419.0,0.0,0.0,0.0,1,3402.0,3418.0,2,3419.0,3384.0,0.0,0.0,0.0,0.0,4102
2023-05-09 21:14:02,bu2409,bu2409,3419.0,0.0,0.0,0.0,1,3402.0,3417.0,2,3419.0,3384.0,0.0,0.0,0.0,0.0,4102
2023-05-09 21:14:03,bu2409,bu2409,3419.0,0.0,0.0,0.0,1,3402.0,3417.0,2,3419.0,3384.0,0.0,0.0,0.0,0.0,4102
2023-05-09 21:14:03,bu2409,bu2409,3419.0,0.0,0.0,0.0,1,3402.0,3416.0,2,3419.0,3384.0,0.0,0.0,0.0,0.0,4102
2023-05-09 21:14:11,bu2409,bu2409,3419.0,0.0,0.0,0.0,1,3402.0,3416.0,2,3419.0,3384.0,0.0,0.0,0.0,0.0,4102
2023-05-09 21:14:11,bu2409,bu2409,3419.0,0.0,0.0,0.0,2,3402.0,3416.0,2,3419.0,3384.0,0.0,0.0,0.0,0.0,4102
2023-05-09 21:14:12,bu2409,bu2409,3419.0,0.0,0.0,0.0,2,3402.0,3416.0,2,3419.0,3384.0,0.0,0.0,0.0,0.0,4102
2023-05-09 21:14:12,bu2409,bu2409,3419.0,0.0,0.0,0.0,2,3402.0,3416.0,2,3419.0,3384.0,0.0,0.0,0.0,0.0,4102
2023-05-09 21:14:25,bu2409,bu2409,3419.0,0.0,0.0,0.0,2,3402.0,3416.0,2,3419.0,3384.0,0.0,0.0,0.0,0.0,4102
2023-05-09 21:14:25,bu2409,bu2409,3419.0,0.0,0.0,0.0,2,3402.0,3416.0,2,3419.0,3384.0,0.0,0.0,0.0,0.0,4102
2023-05-09 21:14:26,bu2409,bu2409,3419.0,0.0,0.0,0.0,1,3402.0,3416.0,2,3419.0,3384.0,0.0,0.0,0.0,0.0,4102
2023-05-09 21:14:26,bu2409,bu2409,3419.0,0.0,0.0,0.0,1,3402.0,3416.0,2,3419.0,3384.0,0.0,0.0,0.0,0.0,4102
2023-05-09 21:14:27,bu2409,bu2409,3419.0,0.0,0.0,0.0,2,3402.0,3416.0,2,3419.0,3384.0,0.0,0.0,0.0,0.0,4102
2023-05-09 21:14:28,bu2409,bu2409,3419.0,0.0,0.0,0.0,1,3403.0,3416.0,2,3419.0,3384.0,0.0,0.0,0.0,0.0,4102
2023-05-09 21:14:29,bu2409,bu2409,3419.0,0.0,0.0,0.0,1,3403.0,3416.0,2,3419.0,3384.0,0.0,0.0,0.0,0.0,4102
2023-05-09 21:14:36,bu2409,bu2409,3419.0,0.0,0.0,0.0,1,3403.0,3416.0,2,3419.0,3384.0,0.0,0.0,0.0,0.0,4102
2023-05-09 21:14:36,bu2409,bu2409,3419.0,0.0,0.0,0.0,1,3403.0,3416.0,2,3419.0,3384.0,0.0,0.0,0.0,0.0,4102
2023-05-09 21:14:41,bu2409,bu2409,3419.0,0.0,0.0,0.0,1,3403.0,3416.0,2,3419.0,3384.0,0.0,0.0,0.0,0.0,4102
2023-05-09 21:14:41,bu2409,bu2409,3419.0,0.0,0.0,0.0,1,3403.0,3416.0,2,3419.0,3384.0,0.0,0.0,0.0,0.0,4102
2023-05-09 21:14:42,bu2409,bu2409,3419.0,0.0,0.0,0.0,1,3403.0,3416.0,2,3419.0,3384.0,0.0,0.0,0.0,0.0,4102
2023-05-09 21:14:45,bu2409,bu2409,3419.0,0.0,0.0,0.0,1,3403.0,3415.0,2,3419.0,3384.0,0.0,0.0,0.0,0.0,4102
2023-05-09 21:14:46,bu2409,bu2409,3419.0,0.0,0.0,0.0,2,3403.0,3415.0,2,3419.0,3384.0,0.0,0.0,0.0,0.0,4102
2023-05-09 21:14:46,bu2409,bu2409,3419.0,0.0,0.0,0.0,2,3403.0,3415.0,2,3419.0,3384.0,0.0,0.0,0.0,0.0,4102
2023-05-09 21:14:47,bu2409,bu2409,3419.0,0.0,0.0,0.0,2,3403.0,3414.0,2,3419.0,3384.0,0.0,0.0,0.0,0.0,4102
2023-05-09 21:14:48,bu2409,bu2409,3419.0,0.0,0.0,0.0,1,3403.0,3414.0,2,3419.0,3384.0,0.0,0.0,0.0,0.0,4102
2023-05-09 21:14:54,bu2409,bu2409,3419.0,0.0,0.0,0.0,1,3403.0,3413.0,1,3419.0,3384.0,0.0,0.0,0.0,0.0,4102
2023-05-09 21:14:55,bu2409,bu2409,3419.0,0.0,0.0,0.0,1,3403.0,3413.0,1,3419.0,3384.0,0.0,0.0,0.0,0.0,4102
2023-05-09 21:14:55,bu2409,bu2409,3419.0,0.0,0.0,0.0,1,3403.0,3410.0,1,3419.0,3384.0,0.0,0.0,0.0,0.0,4102
2023-05-09 21:14:57,bu2409,bu2409,3419.0,0.0,0.0,0.0,1,3403.0,3410.0,1,3419.0,3384.0,0.0,0.0,0.0,0.0,4102
2023-05-09 21:14:57,bu2409,bu2409,3419.0,0.0,0.0,0.0,1,3403.0,3410.0,1,3419.0,3384.0,0.0,0.0,0.0,0.0,4102
2023-05-09 21:14:59,bu2409,bu2409,3419.0,0.0,0.0,0.0,1,3403.0,3410.0,1,3419.0,3384.0,0.0,0.0,0.0,0.0,4102
2023-05-09 21:15:03,bu2409,bu2409,3419.0,0.0,0.0,0.0,1,3403.0,3410.0,1,3419.0,3384.0,0.0,0.0,0.0,0.0,4102
2023-05-09 21:15:04,bu2409,bu2409,3419.0,0.0,0.0,0.0,1,3403.0,3410.0,1,3419.0,3384.0,0.0,0.0,0.0,0.0,4102
2023-05-09 21:15:05,bu2409,bu2409,3419.0,0.0,0.0,0.0,1,3403.0,3410.0,2,3419.0,3384.0,0.0,0.0,0.0,0.0,4102
2023-05-09 21:15:06,bu2409,bu2409,3419.0,0.0,0.0,0.0,2,3403.0,3410.0,2,3419.0,3384.0,0.0,0.0,0.0,0.0,4102
2023-05-09 21:15:06,bu2409,bu2409,3419.0,0.0,0.0,0.0,2,3403.0,3422.0,1,3419.0,3384.0,0.0,0.0,0.0,0.0,4102
2023-05-09 21:15:07,bu2409,bu2409,3419.0,0.0,0.0,0.0,2,3403.0,3421.0,2,3419.0,3384.0,0.0,0.0,0.0,0.0,4102
2023-05-09 21:15:07,bu2409,bu2409,3419.0,0.0,0.0,0.0,2,3403.0,3420.0,1,3419.0,3384.0,0.0,0.0,0.0,0.0,4102
2023-05-09 21:15:08,bu2409,bu2409,3419.0,0.0,0.0,0.0,2,3403.0,3420.0,2,3419.0,3384.0,0.0,0.0,0.0,0.0,4102
2023-05-09 21:15:08,bu2409,bu2409,3419.0,0.0,0.0,0.0,2,3403.0,3420.0,2,3419.0,3384.0,0.0,0.0,0.0,0.0,4102
2023-05-09 21:15:09,bu2409,bu2409,3419.0,0.0,0.0,0.0,2,3403.0,3420.0,3,3419.0,3384.0,0.0,0.0,0.0,0.0,4102
2023-05-09 21:15:11,bu2409,bu2409,3419.0,0.0,0.0,0.0,1,3403.0,3420.0,4,3419.0,3384.0,0.0,0.0,0.0,0.0,4102
2023-05-09 21:15:12,bu2409,bu2409,3419.0,0.0,0.0,0.0,1,3403.0,3419.0,1,3419.0,3384.0,0.0,0.0,0.0,0.0,4102
2023-05-09 21:15:12,bu2409,bu2409,3419.0,0.0,0.0,0.0,1,3403.0,3419.0,1,3419.0,3384.0,0.0,0.0,0.0,0.0,4102
2023-05-09 21:15:13,bu2409,bu2409,3419.0,0.0,0.0,0.0,1,3403.0,3419.0,1,3419.0,3384.0,0.0,0.0,0.0,0.0,4102
2023-05-09 21:15:13,bu2409,bu2409,3419.0,0.0,0.0,0.0,1,3403.0,3411.0,2,3419.0,3384.0,0.0,0.0,0.0,0.0,4102
2023-05-09 21:15:14,bu2409,bu2409,3419.0,0.0,0.0,0.0,1,3403.0,3411.0,2,3419.0,3384.0,0.0,0.0,0.0,0.0,4102
2023-05-09 21:15:22,bu2409,bu2409,3419.0,0.0,0.0,0.0,2,3403.0,3411.0,2,3419.0,3384.0,0.0,0.0,0.0,0.0,4102
2023-05-09 21:15:24,bu2409,bu2409,3419.0,0.0,0.0,0.0,2,3403.0,3420.0,1,3419.0,3384.0,0.0,0.0,0.0,0.0,4102
2023-05-09 21:15:25,bu2409,bu2409,3419.0,0.0,0.0,0.0,2,3403.0,3419.0,2,3419.0,3384.0,0.0,0.0,0.0,0.0,4102
2023-05-09 21:15:28,bu2409,bu2409,3419.0,0.0,0.0,0.0,2,3403.0,3418.0,2,3419.0,3384.0,0.0,0.0,0.0,0.0,4102
2023-05-09 21:15:30,bu2409,bu2409,3419.0,0.0,0.0,0.0,2,3403.0,3418.0,2,3419.0,3384.0,0.0,0.0,0.0,0.0,4102
2023-05-09 21:15:30,bu2409,bu2409,3419.0,0.0,0.0,0.0,1,3404.0,3414.0,2,3419.0,3384.0,0.0,0.0,0.0,0.0,4102
2023-05-09 21:15:35,bu2409,bu2409,3419.0,0.0,0.0,0.0,1,3403.0,3414.0,2,3419.0,3384.0,0.0,0.0,0.0,0.0,4102
2023-05-09 21:15:35,bu2409,bu2409,3419.0,0.0,0.0,0.0,2,3403.0,3414.0,2,3419.0,3384.0,0.0,0.0,0.0,0.0,4102
2023-05-09 21:15:41,bu2409,bu2409,3419.0,0.0,0.0,0.0,1,3404.0,3414.0,2,3419.0,3384.0,0.0,0.0,0.0,0.0,4102
2023-05-09 21:15:57,bu2409,bu2409,3419.0,0.0,0.0,0.0,1,3404.0,3414.0,2,3419.0,3384.0,0.0,0.0,0.0,0.0,4102
2023-05-09 21:15:57,bu2409,bu2409,3419.0,0.0,0.0,0.0,1,3404.0,3414.0,2,3419.0,3384.0,0.0,0.0,0.0,0.0,4102
2023-05-09 21:16:11,bu2409,bu2409,3419.0,0.0,0.0,0.0,2,3405.0,3414.0,2,3419.0,3384.0,0.0,0.0,0.0,0.0,4102
2023-05-09 21:16:11,bu2409,bu2409,3419.0,0.0,0.0,0.0,2,3405.0,3414.0,2,3419.0,3384.0,0.0,0.0,0.0,0.0,4102
2023-05-09 21:16:18,bu2409,bu2409,3419.0,0.0,0.0,0.0,3,3405.0,3414.0,2,3419.0,3384.0,0.0,0.0,0.0,0.0,4102
2023-05-09 21:16:21,bu2409,bu2409,3419.0,0.0,0.0,0.0,1,3406.0,3414.0,2,3419.0,3384.0,0.0,0.0,0.0,0.0,4102
2023-05-09 21:16:29,bu2409,bu2409,3419.0,0.0,0.0,0.0,1,3406.0,3420.0,1,3419.0,3384.0,0.0,0.0,0.0,0.0,4102
2023-05-09 21:16:30,bu2409,bu2409,3419.0,0.0,0.0,0.0,1,3406.0,3419.0,2,3419.0,3384.0,0.0,0.0,0.0,0.0,4102
2023-05-09 21:16:30,bu2409,bu2409,3419.0,0.0,0.0,0.0,1,3406.0,3419.0,2,3419.0,3384.0,0.0,0.0,0.0,0.0,4102
2023-05-09 21:16:44,bu2409,bu2409,3419.0,0.0,0.0,0.0,1,3406.0,3419.0,2,3419.0,3384.0,0.0,0.0,0.0,0.0,4102
2023-05-09 21:16:45,bu2409,bu2409,3419.0,0.0,0.0,0.0,1,3406.0,3419.0,2,3419.0,3384.0,0.0,0.0,0.0,0.0,4102
2023-05-09 21:16:55,bu2409,bu2409,3419.0,0.0,0.0,0.0,1,3406.0,3418.0,2,3419.0,3384.0,0.0,0.0,0.0,0.0,4102
2023-05-09 21:16:56,bu2409,bu2409,3419.0,0.0,0.0,0.0,1,3406.0,3418.0,2,3419.0,3384.0,0.0,0.0,0.0,0.0,4102
2023-05-09 21:16:56,bu2409,bu2409,3419.0,0.0,0.0,0.0,1,3406.0,3417.0,2,3419.0,3384.0,0.0,0.0,0.0,0.0,4102
2023-05-09 21:16:57,bu2409,bu2409,3419.0,0.0,0.0,0.0,1,3406.0,3417.0,2,3419.0,3384.0,0.0,0.0,0.0,0.0,4102
2023-05-09 21:16:59,bu2409,bu2409,3419.0,0.0,0.0,0.0,1,3406.0,3417.0,2,3419.0,3384.0,0.0,0.0,0.0,0.0,4102
2023-05-09 21:16:59,bu2409,bu2409,3419.0,0.0,0.0,0.0,1,3406.0,3417.0,2,3419.0,3384.0,0.0,0.0,0.0,0.0,4102
2023-05-09 21:17:00,bu2409,bu2409,3419.0,0.0,0.0,0.0,1,3406.0,3417.0,2,3419.0,3384.0,0.0,0.0,0.0,0.0,4102
2023-05-09 21:17:23,bu2409,bu2409,3419.0,0.0,0.0,0.0,1,3406.0,3417.0,2,3419.0,3384.0,0.0,0.0,0.0,0.0,4102
2023-05-09 21:17:23,bu2409,bu2409,3419.0,0.0,0.0,0.0,1,3406.0,3417.0,2,3419.0,3384.0,0.0,0.0,0.0,0.0,4102
2023-05-09 21:17:25,bu2409,bu2409,3419.0,0.0,0.0,0.0,1,3406.0,3417.0,2,3419.0,3384.0,0.0,0.0,0.0,0.0,4102
2023-05-09 21:17:26,bu2409,bu2409,3419.0,0.0,0.0,0.0,1,3406.0,3417.0,2,3419.0,3384.0,0.0,0.0,0.0,0.0,4102
2023-05-09 21:17:38,bu2409,bu2409,3419.0,0.0,0.0,0.0,1,3406.0,3416.0,2,3419.0,3384.0,0.0,0.0,0.0,0.0,4102
2023-05-09 21:17:39,bu2409,bu2409,3419.0,0.0,0.0,0.0,1,3406.0,3416.0,2,3419.0,3384.0,0.0,0.0,0.0,0.0,4102
2023-05-09 21:17:39,bu2409,bu2409,3419.0,0.0,0.0,0.0,1,3406.0,3415.0,2,3419.0,3384.0,0.0,0.0,0.0,0.0,4102
2023-05-09 21:17:43,bu2409,bu2409,3419.0,0.0,0.0,0.0,1,3406.0,3415.0,2,3419.0,3384.0,0.0,0.0,0.0,0.0,4102
2023-05-09 21:17:43,bu2409,bu2409,3419.0,0.0,0.0,0.0,1,3406.0,3415.0,2,3419.0,3384.0,0.0,0.0,0.0,0.0,4102
2023-05-09 21:17:52,bu2409,bu2409,3419.0,0.0,0.0,0.0,1,3406.0,3415.0,2,3419.0,3384.0,0.0,0.0,0.0,0.0,4102
2023-05-09 21:17:53,bu2409,bu2409,3419.0,0.0,0.0,0.0,1,3406.0,3420.0,1,3419.0,3384.0,0.0,0.0,0.0,0.0,4102
2023-05-09 21:17:54,bu2409,bu2409,3419.0,0.0,0.0,0.0,1,3406.0,3419.0,2,3419.0,3384.0,0.0,0.0,0.0,0.0,4102
2023-05-09 21:18:02,bu2409,bu2409,3419.0,0.0,0.0,0.0,1,3406.0,3419.0,2,3419.0,3384.0,0.0,0.0,0.0,0.0,4102
2023-05-09 21:18:03,bu2409,bu2409,3419.0,0.0,0.0,0.0,1,3406.0,3419.0,2,3419.0,3384.0,0.0,0.0,0.0,0.0,4102
2023-05-09 21:18:07,bu2409,bu2409,3419.0,0.0,0.0,0.0,1,3407.0,3419.0,2,3419.0,3384.0,0.0,0.0,0.0,0.0,4102
2023-05-09 21:18:07,bu2409,bu2409,3419.0,0.0,0.0,0.0,2,3407.0,3419.0,2,3419.0,3384.0,0.0,0.0,0.0,0.0,4102
2023-05-09 21:18:16,bu2409,bu2409,3419.0,0.0,0.0,0.0,1,3408.0,3419.0,2,3419.0,3384.0,0.0,0.0,0.0,0.0,4102
2023-05-09 21:18:17,bu2409,bu2409,3419.0,0.0,0.0,0.0,1,3408.0,3419.0,2,3419.0,3384.0,0.0,0.0,0.0,0.0,4102
2023-05-09 21:18:18,bu2409,bu2409,3419.0,0.0,0.0,0.0,1,3408.0,3419.0,2,3419.0,3384.0,0.0,0.0,0.0,0.0,4102
2023-05-09 21:18:21,bu2409,bu2409,3419.0,0.0,0.0,0.0,2,3409.0,3419.0,2,3419.0,3384.0,0.0,0.0,0.0,0.0,4102
2023-05-09 21:18:22,bu2409,bu2409,3419.0,0.0,0.0,0.0,1,3410.0,3419.0,2,3419.0,3384.0,0.0,0.0,0.0,0.0,4102
2023-05-09 21:18:22,bu2409,bu2409,3419.0,0.0,0.0,0.0,2,3409.0,3419.0,2,3419.0,3384.0,0.0,0.0,0.0,0.0,4102
2023-05-09 21:18:23,bu2409,bu2409,3419.0,0.0,0.0,0.0,1,3410.0,3419.0,2,3419.0,3384.0,0.0,0.0,0.0,0.0,4102
2023-05-09 21:18:24,bu2409,bu2409,3419.0,0.0,0.0,0.0,2,3409.0,3419.0,2,3419.0,3384.0,0.0,0.0,0.0,0.0,4102
2023-05-09 21:18:25,bu2409,bu2409,3419.0,0.0,0.0,0.0,3,3409.0,3419.0,2,3419.0,3384.0,0.0,0.0,0.0,0.0,4102
2023-05-09 21:18:28,bu2409,bu2409,3419.0,0.0,0.0,0.0,3,3409.0,3419.0,2,3419.0,3384.0,0.0,0.0,0.0,0.0,4102
2023-05-09 21:18:29,bu2409,bu2409,3419.0,0.0,0.0,0.0,3,3409.0,3419.0,2,3419.0,3384.0,0.0,0.0,0.0,0.0,4102
2023-05-09 21:18:30,bu2409,bu2409,3419.0,0.0,0.0,0.0,1,3410.0,3419.0,2,3419.0,3384.0,0.0,0.0,0.0,0.0,4102
2023-05-09 21:18:31,bu2409,bu2409,3419.0,0.0,0.0,0.0,1,3410.0,3424.0,1,3419.0,3384.0,0.0,0.0,0.0,0.0,4102
2023-05-09 21:18:31,bu2409,bu2409,3419.0,0.0,0.0,0.0,2,3410.0,3424.0,1,3419.0,3384.0,0.0,0.0,0.0,0.0,4102
2023-05-09 21:18:32,bu2409,bu2409,3419.0,0.0,0.0,0.0,2,3410.0,3423.0,2,3419.0,3384.0,0.0,0.0,0.0,0.0,4102
2023-05-09 21:18:32,bu2409,bu2409,3419.0,0.0,0.0,0.0,2,3410.0,3423.0,2,3419.0,3384.0,0.0,0.0,0.0,0.0,4102
2023-05-09 21:18:33,bu2409,bu2409,3419.0,0.0,0.0,0.0,1,3410.0,3423.0,2,3419.0,3384.0,0.0,0.0,0.0,0.0,4102
2023-05-09 21:18:34,bu2409,bu2409,3419.0,0.0,0.0,0.0,1,3410.0,3423.0,2,3419.0,3384.0,0.0,0.0,0.0,0.0,4102
2023-05-09 21:18:38,bu2409,bu2409,3419.0,0.0,0.0,0.0,1,3410.0,3423.0,2,3419.0,3384.0,0.0,0.0,0.0,0.0,4102
2023-05-09 21:18:38,bu2409,bu2409,3419.0,0.0,0.0,0.0,1,3410.0,3423.0,2,3419.0,3384.0,0.0,0.0,0.0,0.0,4102
2023-05-09 21:18:44,bu2409,bu2409,3419.0,0.0,0.0,0.0,1,3410.0,3423.0,2,3419.0,3384.0,0.0,0.0,0.0,0.0,4102
2023-05-09 21:18:44,bu2409,bu2409,3419.0,0.0,0.0,0.0,1,3410.0,3423.0,2,3419.0,3384.0,0.0,0.0,0.0,0.0,4102
2023-05-09 21:19:05,bu2409,bu2409,3419.0,0.0,0.0,0.0,1,3410.0,3422.0,2,3419.0,3384.0,0.0,0.0,0.0,0.0,4102
2023-05-09 21:19:06,bu2409,bu2409,3419.0,0.0,0.0,0.0,1,3410.0,3422.0,2,3419.0,3384.0,0.0,0.0,0.0,0.0,4102
2023-05-09 21:19:07,bu2409,bu2409,3419.0,0.0,0.0,0.0,1,3410.0,3421.0,2,3419.0,3384.0,0.0,0.0,0.0,0.0,4102
2023-05-09 21:19:20,bu2409,bu2409,3419.0,0.0,0.0,0.0,1,3405.0,3421.0,2,3419.0,3384.0,0.0,0.0,0.0,0.0,4102
2023-05-09 21:19:20,bu2409,bu2409,3419.0,0.0,0.0,0.0,2,3405.0,3421.0,2,3419.0,3384.0,0.0,0.0,0.0,0.0,4102
2023-05-09 21:19:25,bu2409,bu2409,3419.0,0.0,0.0,0.0,1,3357.0,3421.0,2,3419.0,3384.0,0.0,0.0,0.0,0.0,4102
2023-05-09 21:19:25,bu2409,bu2409,3419.0,0.0,0.0,0.0,1,3366.0,3421.0,2,3419.0,3384.0,0.0,0.0,0.0,0.0,4102
2023-05-09 21:19:26,bu2409,bu2409,3419.0,0.0,0.0,0.0,1,3367.0,3421.0,2,3419.0,3384.0,0.0,0.0,0.0,0.0,4102
2023-05-09 21:19:26,bu2409,bu2409,3419.0,0.0,0.0,0.0,1,3368.0,3421.0,2,3419.0,3384.0,0.0,0.0,0.0,0.0,4102
2023-05-09 21:19:27,bu2409,bu2409,3419.0,0.0,0.0,0.0,1,3369.0,3421.0,2,3419.0,3384.0,0.0,0.0,0.0,0.0,4102
2023-05-09 21:19:27,bu2409,bu2409,3419.0,0.0,0.0,0.0,1,3369.0,3421.0,2,3419.0,3384.0,0.0,0.0,0.0,0.0,4102
2023-05-09 21:19:28,bu2409,bu2409,3419.0,0.0,0.0,0.0,1,3370.0,3421.0,2,3419.0,3384.0,0.0,0.0,0.0,0.0,4102
2023-05-09 21:19:28,bu2409,bu2409,3419.0,0.0,0.0,0.0,1,3371.0,3421.0,2,3419.0,3384.0,0.0,0.0,0.0,0.0,4102
2023-05-09 21:19:29,bu2409,bu2409,3419.0,0.0,0.0,0.0,1,3377.0,3421.0,2,3419.0,3384.0,0.0,0.0,0.0,0.0,4102
2023-05-09 21:19:29,bu2409,bu2409,3419.0,0.0,0.0,0.0,2,3378.0,3421.0,2,3419.0,3384.0,0.0,0.0,0.0,0.0,4102
2023-05-09 21:19:30,bu2409,bu2409,3419.0,0.0,0.0,0.0,2,3378.0,3421.0,2,3419.0,3384.0,0.0,0.0,0.0,0.0,4102
2023-05-09 21:19:32,bu2409,bu2409,3419.0,0.0,0.0,0.0,2,3378.0,3421.0,2,3419.0,3384.0,0.0,0.0,0.0,0.0,4102
2023-05-09 21:19:32,bu2409,bu2409,3419.0,0.0,0.0,0.0,2,3378.0,3421.0,2,3419.0,3384.0,0.0,0.0,0.0,0.0,4102
2023-05-09 21:19:33,bu2409,bu2409,3419.0,0.0,0.0,0.0,1,3383.0,3421.0,2,3419.0,3384.0,0.0,0.0,0.0,0.0,4102
2023-05-09 21:19:33,bu2409,bu2409,3419.0,0.0,0.0,0.0,1,3384.0,3421.0,2,3419.0,3384.0,0.0,0.0,0.0,0.0,4102
2023-05-09 21:19:34,bu2409,bu2409,3419.0,0.0,0.0,0.0,1,3385.0,3421.0,2,3419.0,3384.0,0.0,0.0,0.0,0.0,4102
2023-05-09 21:19:34,bu2409,bu2409,3419.0,0.0,0.0,0.0,1,3386.0,3421.0,2,3419.0,3384.0,0.0,0.0,0.0,0.0,4102
2023-05-09 21:19:35,bu2409,bu2409,3419.0,0.0,0.0,0.0,1,3386.0,3421.0,2,3419.0,3384.0,0.0,0.0,0.0,0.0,4102
2023-05-09 21:19:35,bu2409,bu2409,3419.0,0.0,0.0,0.0,1,3387.0,3421.0,2,3419.0,3384.0,0.0,0.0,0.0,0.0,4102
2023-05-09 21:19:36,bu2409,bu2409,3419.0,0.0,0.0,0.0,1,3388.0,3421.0,2,3419.0,3384.0,0.0,0.0,0.0,0.0,4102
2023-05-09 21:19:36,bu2409,bu2409,3419.0,0.0,0.0,0.0,2,3388.0,3421.0,2,3419.0,3384.0,0.0,0.0,0.0,0.0,4102
2023-05-09 21:19:37,bu2409,bu2409,3419.0,0.0,0.0,0.0,1,3391.0,3421.0,2,3419.0,3384.0,0.0,0.0,0.0,0.0,4102
2023-05-09 21:19:37,bu2409,bu2409,3419.0,0.0,0.0,0.0,1,3392.0,3421.0,2,3419.0,3384.0,0.0,0.0,0.0,0.0,4102
2023-05-09 21:19:38,bu2409,bu2409,3419.0,0.0,0.0,0.0,1,3393.0,3421.0,2,3419.0,3384.0,0.0,0.0,0.0,0.0,4102
2023-05-09 21:19:38,bu2409,bu2409,3419.0,0.0,0.0,0.0,1,3394.0,3421.0,2,3419.0,3384.0,0.0,0.0,0.0,0.0,4102
2023-05-09 21:19:39,bu2409,bu2409,3419.0,0.0,0.0,0.0,1,3394.0,3421.0,2,3419.0,3384.0,0.0,0.0,0.0,0.0,4102
2023-05-09 21:19:39,bu2409,bu2409,3419.0,0.0,0.0,0.0,1,3395.0,3421.0,2,3419.0,3384.0,0.0,0.0,0.0,0.0,4102
2023-05-09 21:19:40,bu2409,bu2409,3419.0,0.0,0.0,0.0,1,3396.0,3421.0,2,3419.0,3384.0,0.0,0.0,0.0,0.0,4102
2023-05-09 21:19:40,bu2409,bu2409,3419.0,0.0,0.0,0.0,1,3396.0,3421.0,2,3419.0,3384.0,0.0,0.0,0.0,0.0,4102
2023-05-09 21:19:41,bu2409,bu2409,3419.0,0.0,0.0,0.0,1,3397.0,3421.0,2,3419.0,3384.0,0.0,0.0,0.0,0.0,4102
2023-05-09 21:19:41,bu2409,bu2409,3419.0,0.0,0.0,0.0,1,3398.0,3421.0,2,3419.0,3384.0,0.0,0.0,0.0,0.0,4102
2023-05-09 21:19:42,bu2409,bu2409,3419.0,0.0,0.0,0.0,1,3398.0,3421.0,2,3419.0,3384.0,0.0,0.0,0.0,0.0,4102
2023-05-09 21:19:42,bu2409,bu2409,3419.0,0.0,0.0,0.0,1,3399.0,3421.0,2,3419.0,3384.0,0.0,0.0,0.0,0.0,4102
2023-05-09 21:19:43,bu2409,bu2409,3419.0,0.0,0.0,0.0,1,3400.0,3421.0,2,3419.0,3384.0,0.0,0.0,0.0,0.0,4102
2023-05-09 21:19:43,bu2409,bu2409,3419.0,0.0,0.0,0.0,1,3400.0,3421.0,2,3419.0,3384.0,0.0,0.0,0.0,0.0,4102
2023-05-09 21:19:44,bu2409,bu2409,3419.0,0.0,0.0,0.0,1,3401.0,3421.0,2,3419.0,3384.0,0.0,0.0,0.0,0.0,4102
2023-05-09 21:19:44,bu2409,bu2409,3419.0,0.0,0.0,0.0,1,3402.0,3421.0,2,3419.0,3384.0,0.0,0.0,0.0,0.0,4102
2023-05-09 21:19:45,bu2409,bu2409,3419.0,0.0,0.0,0.0,1,3402.0,3421.0,2,3419.0,3384.0,0.0,0.0,0.0,0.0,4102
2023-05-09 21:19:45,bu2409,bu2409,3419.0,0.0,0.0,0.0,1,3402.0,3421.0,2,3419.0,3384.0,0.0,0.0,0.0,0.0,4102
2023-05-09 21:19:46,bu2409,bu2409,3419.0,0.0,0.0,0.0,1,3402.0,3421.0,2,3419.0,3384.0,0.0,0.0,0.0,0.0,4102
2023-05-09 21:19:49,bu2409,bu2409,3419.0,0.0,0.0,0.0,1,3402.0,3420.0,2,3419.0,3384.0,0.0,0.0,0.0,0.0,4102
2023-05-09 21:19:49,bu2409,bu2409,3419.0,0.0,0.0,0.0,2,3402.0,3420.0,2,3419.0,3384.0,0.0,0.0,0.0,0.0,4102
2023-05-09 21:19:50,bu2409,bu2409,3419.0,0.0,0.0,0.0,2,3402.0,3420.0,2,3419.0,3384.0,0.0,0.0,0.0,0.0,4102
2023-05-09 21:19:50,bu2409,bu2409,3419.0,0.0,0.0,0.0,2,3402.0,3419.0,2,3419.0,3384.0,0.0,0.0,0.0,0.0,4102
2023-05-09 21:20:06,bu2409,bu2409,3419.0,0.0,0.0,0.0,1,3402.0,3419.0,3,3419.0,3384.0,0.0,0.0,0.0,0.0,4102
2023-05-09 21:20:09,bu2409,bu2409,3419.0,0.0,0.0,0.0,1,3402.0,3419.0,2,3419.0,3384.0,0.0,0.0,0.0,0.0,4102
2023-05-09 21:20:10,bu2409,bu2409,3419.0,0.0,0.0,0.0,2,3402.0,3419.0,2,3419.0,3384.0,0.0,0.0,0.0,0.0,4102
2023-05-09 21:20:10,bu2409,bu2409,3419.0,0.0,0.0,0.0,1,3403.0,3419.0,2,3419.0,3384.0,0.0,0.0,0.0,0.0,4102
2023-05-09 21:20:11,bu2409,bu2409,3419.0,0.0,0.0,0.0,1,3402.0,3419.0,2,3419.0,3384.0,0.0,0.0,0.0,0.0,4102
2023-05-09 21:20:11,bu2409,bu2409,3419.0,0.0,0.0,0.0,2,3402.0,3419.0,2,3419.0,3384.0,0.0,0.0,0.0,0.0,4102
2023-05-09 21:20:19,bu2409,bu2409,3419.0,0.0,0.0,0.0,1,3402.0,3419.0,3,3419.0,3384.0,0.0,0.0,0.0,0.0,4102
2023-05-09 21:20:28,bu2409,bu2409,3419.0,0.0,0.0,0.0,1,3402.0,3419.0,3,3419.0,3384.0,0.0,0.0,0.0,0.0,4102
2023-05-09 21:20:29,bu2409,bu2409,3419.0,0.0,0.0,0.0,2,3402.0,3419.0,2,3419.0,3384.0,0.0,0.0,0.0,0.0,4102
2023-05-09 21:20:32,bu2409,bu2409,3419.0,0.0,0.0,0.0,2,3402.0,3418.0,2,3419.0,3384.0,0.0,0.0,0.0,0.0,4102
2023-05-09 21:20:33,bu2409,bu2409,3419.0,0.0,0.0,0.0,2,3402.0,3418.0,2,3419.0,3384.0,0.0,0.0,0.0,0.0,4102
2023-05-09 21:20:33,bu2409,bu2409,3419.0,0.0,0.0,0.0,2,3402.0,3417.0,2,3419.0,3384.0,0.0,0.0,0.0,0.0,4102
2023-05-09 21:20:36,bu2409,bu2409,3419.0,0.0,0.0,0.0,1,3402.0,3417.0,2,3419.0,3384.0,0.0,0.0,0.0,0.0,4102
2023-05-09 21:20:38,bu2409,bu2409,3419.0,0.0,0.0,0.0,2,3402.0,3417.0,2,3419.0,3384.0,0.0,0.0,0.0,0.0,4102
2023-05-09 21:20:44,bu2409,bu2409,3419.0,0.0,0.0,0.0,2,3402.0,3417.0,2,3419.0,3384.0,0.0,0.0,0.0,0.0,4102
2023-05-09 21:20:44,bu2409,bu2409,3419.0,0.0,0.0,0.0,2,3402.0,3417.0,2,3419.0,3384.0,0.0,0.0,0.0,0.0,4102
2023-05-09 21:20:54,bu2409,bu2409,3419.0,0.0,0.0,0.0,1,3403.0,3417.0,2,3419.0,3384.0,0.0,0.0,0.0,0.0,4102
2023-05-09 21:20:55,bu2409,bu2409,3419.0,0.0,0.0,0.0,1,3403.0,3417.0,2,3419.0,3384.0,0.0,0.0,0.0,0.0,4102
2023-05-09 21:21:04,bu2409,bu2409,3419.0,0.0,0.0,0.0,1,3399.0,3417.0,2,3419.0,3384.0,0.0,0.0,0.0,0.0,4102
2023-05-09 21:21:04,bu2409,bu2409,3419.0,0.0,0.0,0.0,2,3400.0,3417.0,2,3419.0,3384.0,0.0,0.0,0.0,0.0,4102
2023-05-09 21:21:06,bu2409,bu2409,3419.0,0.0,0.0,0.0,1,3400.0,3417.0,2,3419.0,3384.0,0.0,0.0,0.0,0.0,4102
2023-05-09 21:21:10,bu2409,bu2409,3419.0,0.0,0.0,0.0,1,3400.0,3416.0,1,3419.0,3384.0,0.0,0.0,0.0,0.0,4102
2023-05-09 21:21:10,bu2409,bu2409,3419.0,0.0,0.0,0.0,1,3400.0,3416.0,1,3419.0,3384.0,0.0,0.0,0.0,0.0,4102
2023-05-09 21:21:11,bu2409,bu2409,3419.0,0.0,0.0,0.0,1,3400.0,3416.0,1,3419.0,3384.0,0.0,0.0,0.0,0.0,4102
2023-05-09 21:21:11,bu2409,bu2409,3419.0,0.0,0.0,0.0,1,3400.0,3415.0,2,3419.0,3384.0,0.0,0.0,0.0,0.0,4102
2023-05-09 21:21:14,bu2409,bu2409,3419.0,0.0,0.0,0.0,1,3400.0,3414.0,2,3419.0,3384.0,0.0,0.0,0.0,0.0,4102
2023-05-09 21:21:15,bu2409,bu2409,3419.0,0.0,0.0,0.0,1,3400.0,3414.0,2,3419.0,3384.0,0.0,0.0,0.0,0.0,4102
2023-05-09 21:21:15,bu2409,bu2409,3419.0,0.0,0.0,0.0,1,3400.0,3412.0,1,3419.0,3384.0,0.0,0.0,0.0,0.0,4102
2023-05-09 21:21:16,bu2409,bu2409,3419.0,0.0,0.0,0.0,1,3400.0,3412.0,1,3419.0,3384.0,0.0,0.0,0.0,0.0,4102
2023-05-09 21:21:17,bu2409,bu2409,3419.0,0.0,0.0,0.0,1,3400.0,3412.0,1,3419.0,3384.0,0.0,0.0,0.0,0.0,4102
2023-05-09 21:21:20,bu2409,bu2409,3419.0,0.0,0.0,0.0,1,3400.0,3412.0,1,3419.0,3384.0,0.0,0.0,0.0,0.0,4102
2023-05-09 21:21:21,bu2409,bu2409,3419.0,0.0,0.0,0.0,1,3400.0,3412.0,2,3419.0,3384.0,0.0,0.0,0.0,0.0,4102
2023-05-09 21:21:48,bu2409,bu2409,3419.0,0.0,0.0,0.0,1,3399.0,3412.0,2,3419.0,3384.0,0.0,0.0,0.0,0.0,4102
2023-05-09 21:21:48,bu2409,bu2409,3419.0,0.0,0.0,0.0,2,3399.0,3412.0,2,3419.0,3384.0,0.0,0.0,0.0,0.0,4102
2023-05-09 21:21:49,bu2409,bu2409,3419.0,0.0,0.0,0.0,1,3357.0,3412.0,2,3419.0,3384.0,0.0,0.0,0.0,0.0,4102
2023-05-09 21:21:49,bu2409,bu2409,3419.0,0.0,0.0,0.0,1,3365.0,3412.0,2,3419.0,3384.0,0.0,0.0,0.0,0.0,4102
2023-05-09 21:21:50,bu2409,bu2409,3419.0,0.0,0.0,0.0,1,3366.0,3412.0,2,3419.0,3384.0,0.0,0.0,0.0,0.0,4102
2023-05-09 21:21:50,bu2409,bu2409,3419.0,0.0,0.0,0.0,1,3367.0,3412.0,2,3419.0,3384.0,0.0,0.0,0.0,0.0,4102
2023-05-09 21:21:51,bu2409,bu2409,3419.0,0.0,0.0,0.0,1,3368.0,3412.0,2,3419.0,3384.0,0.0,0.0,0.0,0.0,4102
2023-05-09 21:21:51,bu2409,bu2409,3419.0,0.0,0.0,0.0,1,3368.0,3412.0,2,3419.0,3384.0,0.0,0.0,0.0,0.0,4102
2023-05-09 21:21:52,bu2409,bu2409,3419.0,0.0,0.0,0.0,1,3369.0,3412.0,2,3419.0,3384.0,0.0,0.0,0.0,0.0,4102
2023-05-09 21:21:52,bu2409,bu2409,3419.0,0.0,0.0,0.0,1,3370.0,3412.0,2,3419.0,3384.0,0.0,0.0,0.0,0.0,4102
2023-05-09 21:21:53,bu2409,bu2409,3419.0,0.0,0.0,0.0,1,3375.0,3412.0,2,3419.0,3384.0,0.0,0.0,0.0,0.0,4102
2023-05-09 21:21:53,bu2409,bu2409,3419.0,0.0,0.0,0.0,2,3376.0,3412.0,2,3419.0,3384.0,0.0,0.0,0.0,0.0,4102
2023-05-09 21:21:54,bu2409,bu2409,3419.0,0.0,0.0,0.0,2,3376.0,3412.0,2,3419.0,3384.0,0.0,0.0,0.0,0.0,4102
2023-05-09 21:21:56,bu2409,bu2409,3419.0,0.0,0.0,0.0,1,3380.0,3412.0,2,3419.0,3384.0,0.0,0.0,0.0,0.0,4102
2023-05-09 21:21:56,bu2409,bu2409,3419.0,0.0,0.0,0.0,1,3381.0,3412.0,2,3419.0,3384.0,0.0,0.0,0.0,0.0,4102
2023-05-09 21:21:57,bu2409,bu2409,3419.0,0.0,0.0,0.0,1,3382.0,3412.0,2,3419.0,3384.0,0.0,0.0,0.0,0.0,4102
2023-05-09 21:21:57,bu2409,bu2409,3419.0,0.0,0.0,0.0,1,3383.0,3412.0,2,3419.0,3384.0,0.0,0.0,0.0,0.0,4102
2023-05-09 21:21:58,bu2409,bu2409,3419.0,0.0,0.0,0.0,1,3383.0,3412.0,2,3419.0,3384.0,0.0,0.0,0.0,0.0,4102
2023-05-09 21:21:58,bu2409,bu2409,3419.0,0.0,0.0,0.0,1,3384.0,3412.0,2,3419.0,3384.0,0.0,0.0,0.0,0.0,4102
2023-05-09 21:21:59,bu2409,bu2409,3419.0,0.0,0.0,0.0,1,3385.0,3412.0,2,3419.0,3384.0,0.0,0.0,0.0,0.0,4102
2023-05-09 21:21:59,bu2409,bu2409,3419.0,0.0,0.0,0.0,1,3385.0,3412.0,2,3419.0,3384.0,0.0,0.0,0.0,0.0,4102
2023-05-09 21:22:00,bu2409,bu2409,3419.0,0.0,0.0,0.0,1,3387.0,3412.0,2,3419.0,3384.0,0.0,0.0,0.0,0.0,4102
2023-05-09 21:22:00,bu2409,bu2409,3419.0,0.0,0.0,0.0,1,3388.0,3412.0,2,3419.0,3384.0,0.0,0.0,0.0,0.0,4102
2023-05-09 21:22:01,bu2409,bu2409,3419.0,0.0,0.0,0.0,1,3389.0,3412.0,2,3419.0,3384.0,0.0,0.0,0.0,0.0,4102
2023-05-09 21:22:01,bu2409,bu2409,3419.0,0.0,0.0,0.0,1,3390.0,3412.0,2,3419.0,3384.0,0.0,0.0,0.0,0.0,4102
2023-05-09 21:22:02,bu2409,bu2409,3419.0,0.0,0.0,0.0,1,3390.0,3412.0,2,3419.0,3384.0,0.0,0.0,0.0,0.0,4102
2023-05-09 21:22:02,bu2409,bu2409,3419.0,0.0,0.0,0.0,1,3391.0,3412.0,2,3419.0,3384.0,0.0,0.0,0.0,0.0,4102
2023-05-09 21:22:03,bu2409,bu2409,3419.0,0.0,0.0,0.0,1,3392.0,3412.0,2,3419.0,3384.0,0.0,0.0,0.0,0.0,4102
2023-05-09 21:22:03,bu2409,bu2409,3419.0,0.0,0.0,0.0,1,3392.0,3412.0,2,3419.0,3384.0,0.0,0.0,0.0,0.0,4102
2023-05-09 21:22:04,bu2409,bu2409,3419.0,0.0,0.0,0.0,1,3393.0,3412.0,2,3419.0,3384.0,0.0,0.0,0.0,0.0,4102
2023-05-09 21:22:04,bu2409,bu2409,3419.0,0.0,0.0,0.0,1,3394.0,3412.0,2,3419.0,3384.0,0.0,0.0,0.0,0.0,4102
2023-05-09 21:22:05,bu2409,bu2409,3419.0,0.0,0.0,0.0,1,3394.0,3412.0,2,3419.0,3384.0,0.0,0.0,0.0,0.0,4102
2023-05-09 21:22:05,bu2409,bu2409,3419.0,0.0,0.0,0.0,1,3395.0,3412.0,2,3419.0,3384.0,0.0,0.0,0.0,0.0,4102
2023-05-09 21:22:06,bu2409,bu2409,3419.0,0.0,0.0,0.0,1,3396.0,3412.0,2,3419.0,3384.0,0.0,0.0,0.0,0.0,4102
