time,symbol_id,symbol_name,last,trade_volume,trade_amount,open_interest_change,bv1,bp1,ap1,av1,yesterday_close,today_open,today_high,today_low,volume,amount,open_interest
2023-05-11 09:29:00,MO2312-C-7800,MO2312-C-7800,29.4,0.0,0.0,0.0,1,28.0,37.0,1,29.4,30.4,0.0,0.0,0.0,0.0,350
2023-05-11 09:30:00,MO2312-C-7800,MO2312-C-7800,29.4,0.0,0.0,0.0,1,28.0,36.2,1,29.4,30.4,0.0,0.0,0.0,0.0,350
2023-05-11 09:30:01,MO2312-C-7800,MO2312-C-7800,29.4,0.0,0.0,0.0,1,28.0,36.0,6,29.4,30.4,0.0,0.0,0.0,0.0,350
2023-05-11 09:30:01,MO2312-C-7800,MO2312-C-7800,29.4,0.0,0.0,0.0,1,28.0,35.0,1,29.4,30.4,0.0,0.0,0.0,0.0,350
2023-05-11 09:30:02,MO2312-C-7800,MO2312-C-7800,29.4,0.0,0.0,0.0,1,28.0,34.8,6,29.4,30.4,0.0,0.0,0.0,0.0,350
2023-05-11 09:30:03,MO2312-C-7800,MO2312-C-7800,29.4,0.0,0.0,0.0,1,28.0,32.2,1,29.4,30.4,0.0,0.0,0.0,0.0,350
2023-05-11 09:30:03,MO2312-C-7800,MO2312-C-7800,29.4,0.0,0.0,0.0,6,28.2,32.0,6,29.4,30.4,0.0,0.0,0.0,0.0,350
2023-05-11 09:30:05,MO2312-C-7800,MO2312-C-7800,29.4,0.0,0.0,0.0,6,28.2,32.2,7,29.4,30.4,0.0,0.0,0.0,0.0,350
2023-05-11 09:30:08,MO2312-C-7800,MO2312-C-7800,29.4,0.0,0.0,0.0,6,28.2,32.2,1,29.4,30.4,0.0,0.0,0.0,0.0,350
2023-05-11 09:30:15,MO2312-C-7800,MO2312-C-7800,29.4,0.0,0.0,0.0,6,28.2,32.4,6,29.4,30.4,0.0,0.0,0.0,0.0,350
2023-05-11 09:30:15,MO2312-C-7800,MO2312-C-7800,29.4,0.0,0.0,0.0,1,28.0,35.2,6,29.4,30.4,0.0,0.0,0.0,0.0,350
2023-05-11 09:30:16,MO2312-C-7800,MO2312-C-7800,29.4,0.0,0.0,0.0,1,28.0,33.4,1,29.4,30.4,0.0,0.0,0.0,0.0,350
2023-05-11 09:30:16,MO2312-C-7800,MO2312-C-7800,29.4,0.0,0.0,0.0,1,28.0,33.2,6,29.4,30.4,0.0,0.0,0.0,0.0,350
2023-05-11 09:30:20,MO2312-C-7800,MO2312-C-7800,29.4,0.0,0.0,0.0,6,28.2,33.4,1,29.4,30.4,0.0,0.0,0.0,0.0,350
2023-05-11 09:30:21,MO2312-C-7800,MO2312-C-7800,29.4,0.0,0.0,0.0,7,28.0,33.2,6,29.4,30.4,0.0,0.0,0.0,0.0,350
2023-05-11 09:30:22,MO2312-C-7800,MO2312-C-7800,29.4,0.0,0.0,0.0,1,28.0,33.2,6,29.4,30.4,0.0,0.0,0.0,0.0,350
2023-05-11 09:30:23,MO2312-C-7800,MO2312-C-7800,29.4,0.0,0.0,0.0,6,28.4,32.4,6,29.4,30.4,0.0,0.0,0.0,0.0,350
2023-05-11 09:30:24,MO2312-C-7800,MO2312-C-7800,29.4,0.0,0.0,0.0,6,28.6,32.2,6,29.4,30.4,0.0,0.0,0.0,0.0,350
2023-05-11 09:30:26,MO2312-C-7800,MO2312-C-7800,29.4,0.0,0.0,0.0,6,28.6,31.8,6,29.4,30.4,0.0,0.0,0.0,0.0,350
2023-05-11 09:30:26,MO2312-C-7800,MO2312-C-7800,29.4,0.0,0.0,0.0,6,28.6,31.8,12,29.4,30.4,0.0,0.0,0.0,0.0,350
2023-05-11 09:30:31,MO2312-C-7800,MO2312-C-7800,29.4,0.0,0.0,0.0,6,28.6,31.8,6,29.4,30.4,0.0,0.0,0.0,0.0,350
2023-05-11 09:30:41,MO2312-C-7800,MO2312-C-7800,29.4,0.0,0.0,0.0,6,29.0,31.8,6,29.4,30.4,0.0,0.0,0.0,0.0,350
2023-05-11 09:30:42,MO2312-C-7800,MO2312-C-7800,29.4,0.0,0.0,0.0,12,29.2,31.8,6,29.4,30.4,0.0,0.0,0.0,0.0,350
2023-05-11 09:30:42,MO2312-C-7800,MO2312-C-7800,29.4,0.0,0.0,0.0,6,29.4,31.8,6,29.4,30.4,0.0,0.0,0.0,0.0,350
2023-05-11 09:30:44,MO2312-C-7800,MO2312-C-7800,29.4,0.0,0.0,0.0,6,29.2,31.8,6,29.4,30.4,0.0,0.0,0.0,0.0,350
2023-05-11 09:30:48,MO2312-C-7800,MO2312-C-7800,29.4,0.0,0.0,0.0,6,29.2,31.8,8,29.4,30.4,0.0,0.0,0.0,0.0,350
2023-05-11 09:30:54,MO2312-C-7800,MO2312-C-7800,29.4,0.0,0.0,0.0,6,29.2,31.8,6,29.4,30.4,0.0,0.0,0.0,0.0,350
2023-05-11 09:30:54,MO2312-C-7800,MO2312-C-7800,29.4,0.0,0.0,0.0,6,29.2,31.8,8,29.4,30.4,0.0,0.0,0.0,0.0,350
2023-05-11 09:30:55,MO2312-C-7800,MO2312-C-7800,29.4,0.0,0.0,0.0,6,29.2,31.8,6,29.4,30.4,0.0,0.0,0.0,0.0,350
2023-05-11 09:31:00,MO2312-C-7800,MO2312-C-7800,29.4,0.0,0.0,0.0,6,29.2,31.8,12,29.4,30.4,0.0,0.0,0.0,0.0,350
2023-05-11 09:31:03,MO2312-C-7800,MO2312-C-7800,29.4,0.0,0.0,0.0,6,29.2,31.8,6,29.4,30.4,0.0,0.0,0.0,0.0,350
2023-05-11 09:31:07,MO2312-C-7800,MO2312-C-7800,29.4,0.0,0.0,0.0,6,29.2,32.0,18,29.4,30.4,0.0,0.0,0.0,0.0,350
2023-05-11 09:31:12,MO2312-C-7800,MO2312-C-7800,29.4,0.0,0.0,0.0,7,29.2,32.0,18,29.4,30.4,0.0,0.0,0.0,0.0,350
2023-05-11 09:31:12,MO2312-C-7800,MO2312-C-7800,29.4,0.0,0.0,0.0,6,29.4,32.0,18,29.4,30.4,0.0,0.0,0.0,0.0,350
2023-05-11 09:31:13,MO2312-C-7800,MO2312-C-7800,29.4,0.0,0.0,0.0,6,29.4,32.0,6,29.4,30.4,0.0,0.0,0.0,0.0,350
2023-05-11 09:31:33,MO2312-C-7800,MO2312-C-7800,29.4,0.0,0.0,0.0,6,29.4,32.0,8,29.4,30.4,0.0,0.0,0.0,0.0,350
2023-05-11 09:31:36,MO2312-C-7800,MO2312-C-7800,29.4,0.0,0.0,0.0,6,29.4,32.0,6,29.4,30.4,0.0,0.0,0.0,0.0,350
2023-05-11 09:31:37,MO2312-C-7800,MO2312-C-7800,29.4,0.0,0.0,0.0,6,29.4,32.0,8,29.4,30.4,0.0,0.0,0.0,0.0,350
2023-05-11 09:31:38,MO2312-C-7800,MO2312-C-7800,29.4,0.0,0.0,0.0,6,29.8,32.0,8,29.4,30.4,0.0,0.0,0.0,0.0,350
2023-05-11 09:31:38,MO2312-C-7800,MO2312-C-7800,29.4,0.0,0.0,0.0,12,29.8,31.8,6,29.4,30.4,0.0,0.0,0.0,0.0,350
2023-05-11 09:31:45,MO2312-C-7800,MO2312-C-7800,29.4,0.0,0.0,0.0,6,29.8,31.8,6,29.4,30.4,0.0,0.0,0.0,0.0,350
2023-05-11 09:31:46,MO2312-C-7800,MO2312-C-7800,29.4,0.0,0.0,0.0,6,29.8,31.8,12,29.4,30.4,0.0,0.0,0.0,0.0,350
2023-05-11 09:31:46,MO2312-C-7800,MO2312-C-7800,29.4,0.0,0.0,0.0,6,29.8,31.6,6,29.4,30.4,0.0,0.0,0.0,0.0,350
2023-05-11 09:31:57,MO2312-C-7800,MO2312-C-7800,29.4,0.0,0.0,0.0,12,29.6,31.6,6,29.4,30.4,0.0,0.0,0.0,0.0,350
2023-05-11 09:32:02,MO2312-C-7800,MO2312-C-7800,29.4,0.0,0.0,0.0,6,29.8,31.6,6,29.4,30.4,0.0,0.0,0.0,0.0,350
2023-05-11 09:32:08,MO2312-C-7800,MO2312-C-7800,29.4,0.0,0.0,0.0,6,29.8,31.6,8,29.4,30.4,0.0,0.0,0.0,0.0,350
2023-05-11 09:32:08,MO2312-C-7800,MO2312-C-7800,29.4,0.0,0.0,0.0,6,29.8,31.6,2,29.4,30.4,0.0,0.0,0.0,0.0,350
2023-05-11 09:32:09,MO2312-C-7800,MO2312-C-7800,29.4,0.0,0.0,0.0,6,29.8,31.8,12,29.4,30.4,0.0,0.0,0.0,0.0,350
2023-05-11 09:32:10,MO2312-C-7800,MO2312-C-7800,29.4,0.0,0.0,0.0,6,29.8,31.8,14,29.4,30.4,0.0,0.0,0.0,0.0,350
2023-05-11 09:32:16,MO2312-C-7800,MO2312-C-7800,29.4,0.0,0.0,0.0,6,29.8,31.6,6,29.4,30.4,0.0,0.0,0.0,0.0,350
2023-05-11 09:32:17,MO2312-C-7800,MO2312-C-7800,29.4,0.0,0.0,0.0,6,29.8,31.6,8,29.4,30.4,0.0,0.0,0.0,0.0,350
2023-05-11 09:32:18,MO2312-C-7800,MO2312-C-7800,29.4,0.0,0.0,0.0,6,29.8,31.4,6,29.4,30.4,0.0,0.0,0.0,0.0,350
2023-05-11 09:32:19,MO2312-C-7800,MO2312-C-7800,29.4,0.0,0.0,0.0,6,29.8,31.4,8,29.4,30.4,0.0,0.0,0.0,0.0,350
2023-05-11 09:32:22,MO2312-C-7800,MO2312-C-7800,29.4,0.0,0.0,0.0,12,29.6,31.2,6,29.4,30.4,0.0,0.0,0.0,0.0,350
2023-05-11 09:32:23,MO2312-C-7800,MO2312-C-7800,29.4,0.0,0.0,0.0,6,29.6,31.2,6,29.4,30.4,0.0,0.0,0.0,0.0,350
2023-05-11 09:32:24,MO2312-C-7800,MO2312-C-7800,29.4,0.0,0.0,0.0,12,29.4,31.2,2,29.4,30.4,0.0,0.0,0.0,0.0,350
2023-05-11 09:32:24,MO2312-C-7800,MO2312-C-7800,29.4,0.0,0.0,0.0,6,29.6,31.2,8,29.4,30.4,0.0,0.0,0.0,0.0,350
2023-05-11 09:32:25,MO2312-C-7800,MO2312-C-7800,29.4,0.0,0.0,0.0,6,29.6,31.2,6,29.4,30.4,0.0,0.0,0.0,0.0,350
2023-05-11 09:32:25,MO2312-C-7800,MO2312-C-7800,29.4,0.0,0.0,0.0,6,29.4,31.6,6,29.4,30.4,0.0,0.0,0.0,0.0,350
2023-05-11 09:32:26,MO2312-C-7800,MO2312-C-7800,29.4,0.0,0.0,0.0,6,29.4,31.6,8,29.4,30.4,0.0,0.0,0.0,0.0,350
2023-05-11 09:32:26,MO2312-C-7800,MO2312-C-7800,29.4,0.0,0.0,0.0,12,29.4,31.4,6,29.4,30.4,0.0,0.0,0.0,0.0,350
2023-05-11 09:32:28,MO2312-C-7800,MO2312-C-7800,29.4,0.0,0.0,0.0,6,29.4,31.4,8,29.4,30.4,0.0,0.0,0.0,0.0,350
2023-05-11 09:32:28,MO2312-C-7800,MO2312-C-7800,29.4,0.0,0.0,0.0,12,29.4,31.2,6,29.4,30.4,0.0,0.0,0.0,0.0,350
2023-05-11 09:32:29,MO2312-C-7800,MO2312-C-7800,29.4,0.0,0.0,0.0,12,29.4,31.2,8,29.4,30.4,0.0,0.0,0.0,0.0,350
2023-05-11 09:32:29,MO2312-C-7800,MO2312-C-7800,29.4,0.0,0.0,0.0,6,29.6,31.0,6,29.4,30.4,0.0,0.0,0.0,0.0,350
2023-05-11 09:32:31,MO2312-C-7800,MO2312-C-7800,29.4,0.0,0.0,0.0,6,29.6,31.0,8,29.4,30.4,0.0,0.0,0.0,0.0,350
2023-05-11 09:32:38,MO2312-C-7800,MO2312-C-7800,29.4,0.0,0.0,0.0,6,29.6,30.8,6,29.4,30.4,0.0,0.0,0.0,0.0,350
2023-05-11 09:32:39,MO2312-C-7800,MO2312-C-7800,29.4,0.0,0.0,0.0,6,29.4,31.0,8,29.4,30.4,0.0,0.0,0.0,0.0,350
2023-05-11 09:32:49,MO2312-C-7800,MO2312-C-7800,29.4,0.0,0.0,0.0,6,29.4,31.0,2,29.4,30.4,0.0,0.0,0.0,0.0,350
2023-05-11 09:32:50,MO2312-C-7800,MO2312-C-7800,29.4,0.0,0.0,0.0,6,29.4,31.2,6,29.4,30.4,0.0,0.0,0.0,0.0,350
2023-05-11 09:32:51,MO2312-C-7800,MO2312-C-7800,29.4,0.0,0.0,0.0,6,29.4,31.2,8,29.4,30.4,0.0,0.0,0.0,0.0,350
2023-05-11 09:32:52,MO2312-C-7800,MO2312-C-7800,29.4,0.0,0.0,0.0,13,29.2,31.2,8,29.4,30.4,0.0,0.0,0.0,0.0,350
2023-05-11 09:32:52,MO2312-C-7800,MO2312-C-7800,29.4,0.0,0.0,0.0,6,29.4,31.0,6,29.4,30.4,0.0,0.0,0.0,0.0,350
2023-05-11 09:32:53,MO2312-C-7800,MO2312-C-7800,29.4,0.0,0.0,0.0,6,29.4,31.2,8,29.4,30.4,0.0,0.0,0.0,0.0,350
2023-05-11 09:32:53,MO2312-C-7800,MO2312-C-7800,29.4,0.0,0.0,0.0,7,29.2,31.2,8,29.4,30.4,0.0,0.0,0.0,0.0,350
2023-05-11 09:32:54,MO2312-C-7800,MO2312-C-7800,29.4,0.0,0.0,0.0,6,29.4,31.0,6,29.4,30.4,0.0,0.0,0.0,0.0,350
2023-05-11 09:32:55,MO2312-C-7800,MO2312-C-7800,29.4,0.0,0.0,0.0,6,29.4,31.0,8,29.4,30.4,0.0,0.0,0.0,0.0,350
2023-05-11 09:33:05,MO2312-C-7800,MO2312-C-7800,29.4,0.0,0.0,0.0,6,29.4,30.8,6,29.4,30.4,0.0,0.0,0.0,0.0,350
2023-05-11 09:33:05,MO2312-C-7800,MO2312-C-7800,29.4,0.0,0.0,0.0,6,29.4,30.8,8,29.4,30.4,0.0,0.0,0.0,0.0,350
2023-05-11 09:33:17,MO2312-C-7800,MO2312-C-7800,29.4,0.0,0.0,0.0,6,29.4,30.8,2,29.4,30.4,0.0,0.0,0.0,0.0,350
2023-05-11 09:33:18,MO2312-C-7800,MO2312-C-7800,29.4,0.0,0.0,0.0,6,29.4,31.0,6,29.4,30.4,0.0,0.0,0.0,0.0,350
2023-05-11 09:33:19,MO2312-C-7800,MO2312-C-7800,29.4,0.0,0.0,0.0,7,29.2,31.2,6,29.4,30.4,0.0,0.0,0.0,0.0,350
2023-05-11 09:33:19,MO2312-C-7800,MO2312-C-7800,29.4,0.0,0.0,0.0,7,29.2,31.2,8,29.4,30.4,0.0,0.0,0.0,0.0,350
2023-05-11 09:33:20,MO2312-C-7800,MO2312-C-7800,29.4,0.0,0.0,0.0,6,29.4,31.0,6,29.4,30.4,0.0,0.0,0.0,0.0,350
2023-05-11 09:33:21,MO2312-C-7800,MO2312-C-7800,29.4,0.0,0.0,0.0,6,29.4,31.2,14,29.4,30.4,0.0,0.0,0.0,0.0,350
2023-05-11 09:33:21,MO2312-C-7800,MO2312-C-7800,29.4,0.0,0.0,0.0,6,29.4,31.2,8,29.4,30.4,0.0,0.0,0.0,0.0,350
2023-05-11 09:33:24,MO2312-C-7800,MO2312-C-7800,29.4,0.0,0.0,0.0,7,29.2,31.0,6,29.4,30.4,0.0,0.0,0.0,0.0,350
2023-05-11 09:33:25,MO2312-C-7800,MO2312-C-7800,29.4,0.0,0.0,0.0,7,29.2,31.0,8,29.4,30.4,0.0,0.0,0.0,0.0,350
2023-05-11 09:33:25,MO2312-C-7800,MO2312-C-7800,29.4,0.0,0.0,0.0,6,29.4,30.8,6,29.4,30.4,0.0,0.0,0.0,0.0,350
2023-05-11 09:33:26,MO2312-C-7800,MO2312-C-7800,29.4,0.0,0.0,0.0,7,29.2,31.0,2,29.4,30.4,0.0,0.0,0.0,0.0,350
2023-05-11 09:33:26,MO2312-C-7800,MO2312-C-7800,29.4,0.0,0.0,0.0,6,29.4,31.0,6,29.4,30.4,0.0,0.0,0.0,0.0,350
2023-05-11 09:33:27,MO2312-C-7800,MO2312-C-7800,29.4,0.0,0.0,0.0,7,29.2,31.2,6,29.4,30.4,0.0,0.0,0.0,0.0,350
2023-05-11 09:33:27,MO2312-C-7800,MO2312-C-7800,29.4,0.0,0.0,0.0,7,29.2,31.2,8,29.4,30.4,0.0,0.0,0.0,0.0,350
2023-05-11 09:33:28,MO2312-C-7800,MO2312-C-7800,29.4,0.0,0.0,0.0,6,29.4,31.0,6,29.4,30.4,0.0,0.0,0.0,0.0,350
2023-05-11 09:33:29,MO2312-C-7800,MO2312-C-7800,29.4,0.0,0.0,0.0,6,29.4,31.2,8,29.4,30.4,0.0,0.0,0.0,0.0,350
2023-05-11 09:33:32,MO2312-C-7800,MO2312-C-7800,29.4,0.0,0.0,0.0,6,29.4,31.2,2,29.4,30.4,0.0,0.0,0.0,0.0,350
2023-05-11 09:33:33,MO2312-C-7800,MO2312-C-7800,29.4,0.0,0.0,0.0,6,29.4,31.4,24,29.4,30.4,0.0,0.0,0.0,0.0,350
2023-05-11 09:33:33,MO2312-C-7800,MO2312-C-7800,29.4,0.0,0.0,0.0,6,29.4,31.4,18,29.4,30.4,0.0,0.0,0.0,0.0,350
2023-05-11 09:33:34,MO2312-C-7800,MO2312-C-7800,29.4,0.0,0.0,0.0,6,29.4,31.4,20,29.4,30.4,0.0,0.0,0.0,0.0,350
2023-05-11 09:33:35,MO2312-C-7800,MO2312-C-7800,29.4,0.0,0.0,0.0,6,29.4,31.4,14,29.4,30.4,0.0,0.0,0.0,0.0,350
2023-05-11 09:33:36,MO2312-C-7800,MO2312-C-7800,29.4,0.0,0.0,0.0,6,29.4,31.4,20,29.4,30.4,0.0,0.0,0.0,0.0,350
2023-05-11 09:33:50,MO2312-C-7800,MO2312-C-7800,29.4,0.0,0.0,0.0,6,29.4,31.2,6,29.4,30.4,0.0,0.0,0.0,0.0,350
2023-05-11 09:33:52,MO2312-C-7800,MO2312-C-7800,29.4,0.0,0.0,0.0,6,29.4,31.2,8,29.4,30.4,0.0,0.0,0.0,0.0,350
2023-05-11 09:34:04,MO2312-C-7800,MO2312-C-7800,29.4,0.0,0.0,0.0,6,29.4,31.2,2,29.4,30.4,0.0,0.0,0.0,0.0,350
2023-05-11 09:34:05,MO2312-C-7800,MO2312-C-7800,29.4,0.0,0.0,0.0,6,29.4,31.4,12,29.4,30.4,0.0,0.0,0.0,0.0,350
2023-05-11 09:34:05,MO2312-C-7800,MO2312-C-7800,29.4,0.0,0.0,0.0,6,29.4,31.4,6,29.4,30.4,0.0,0.0,0.0,0.0,350
2023-05-11 09:34:06,MO2312-C-7800,MO2312-C-7800,29.4,0.0,0.0,0.0,6,29.4,31.4,8,29.4,30.4,0.0,0.0,0.0,0.0,350
2023-05-11 09:34:10,MO2312-C-7800,MO2312-C-7800,29.4,0.0,0.0,0.0,6,29.4,31.4,14,29.4,30.4,0.0,0.0,0.0,0.0,350
2023-05-11 09:34:19,MO2312-C-7800,MO2312-C-7800,29.4,0.0,0.0,0.0,6,29.4,31.4,16,29.4,30.4,0.0,0.0,0.0,0.0,350
2023-05-11 09:34:21,MO2312-C-7800,MO2312-C-7800,29.4,0.0,0.0,0.0,6,29.4,31.2,6,29.4,30.4,0.0,0.0,0.0,0.0,350
2023-05-11 09:34:22,MO2312-C-7800,MO2312-C-7800,29.4,0.0,0.0,0.0,6,29.4,31.2,8,29.4,30.4,0.0,0.0,0.0,0.0,350
2023-05-11 09:34:22,MO2312-C-7800,MO2312-C-7800,29.4,0.0,0.0,0.0,6,29.4,31.2,2,29.4,30.4,0.0,0.0,0.0,0.0,350
2023-05-11 09:34:23,MO2312-C-7800,MO2312-C-7800,29.4,0.0,0.0,0.0,6,29.4,31.4,14,29.4,30.4,0.0,0.0,0.0,0.0,350
2023-05-11 09:34:24,MO2312-C-7800,MO2312-C-7800,29.4,0.0,0.0,0.0,6,29.4,31.4,16,29.4,30.4,0.0,0.0,0.0,0.0,350
2023-05-11 09:34:34,MO2312-C-7800,MO2312-C-7800,29.4,0.0,0.0,0.0,6,29.4,31.2,6,29.4,30.4,0.0,0.0,0.0,0.0,350
2023-05-11 09:34:37,MO2312-C-7800,MO2312-C-7800,29.4,0.0,0.0,0.0,6,29.4,31.2,8,29.4,30.4,0.0,0.0,0.0,0.0,350
2023-05-11 09:34:38,MO2312-C-7800,MO2312-C-7800,29.4,0.0,0.0,0.0,6,29.4,31.2,2,29.4,30.4,0.0,0.0,0.0,0.0,350
2023-05-11 09:34:39,MO2312-C-7800,MO2312-C-7800,29.4,0.0,0.0,0.0,6,29.4,31.4,12,29.4,30.4,0.0,0.0,0.0,0.0,350
2023-05-11 09:34:40,MO2312-C-7800,MO2312-C-7800,29.4,0.0,0.0,0.0,6,29.4,31.4,14,29.4,30.4,0.0,0.0,0.0,0.0,350
2023-05-11 09:34:41,MO2312-C-7800,MO2312-C-7800,29.4,0.0,0.0,0.0,6,29.4,31.4,8,29.4,30.4,0.0,0.0,0.0,0.0,350
2023-05-11 09:34:43,MO2312-C-7800,MO2312-C-7800,29.4,0.0,0.0,0.0,6,29.4,31.4,16,29.4,30.4,0.0,0.0,0.0,0.0,350
2023-05-11 09:34:46,MO2312-C-7800,MO2312-C-7800,29.4,0.0,0.0,0.0,6,29.4,31.4,10,29.4,30.4,0.0,0.0,0.0,0.0,350
2023-05-11 09:34:49,MO2312-C-7800,MO2312-C-7800,29.4,0.0,0.0,0.0,6,29.4,31.4,16,29.4,30.4,0.0,0.0,0.0,0.0,350
2023-05-11 09:35:02,MO2312-C-7800,MO2312-C-7800,29.4,0.0,0.0,0.0,6,29.4,31.2,6,29.4,30.4,0.0,0.0,0.0,0.0,350
2023-05-11 09:35:03,MO2312-C-7800,MO2312-C-7800,29.4,0.0,0.0,0.0,6,29.4,31.2,8,29.4,30.4,0.0,0.0,0.0,0.0,350
2023-05-11 09:35:04,MO2312-C-7800,MO2312-C-7800,29.4,0.0,0.0,0.0,6,29.4,31.0,6,29.4,30.4,0.0,0.0,0.0,0.0,350
2023-05-11 09:35:06,MO2312-C-7800,MO2312-C-7800,29.4,0.0,0.0,0.0,6,29.4,31.0,8,29.4,30.4,0.0,0.0,0.0,0.0,350
2023-05-11 09:35:11,MO2312-C-7800,MO2312-C-7800,29.4,0.0,0.0,0.0,6,29.4,31.0,2,29.4,30.4,0.0,0.0,0.0,0.0,350
2023-05-11 09:35:12,MO2312-C-7800,MO2312-C-7800,29.4,0.0,0.0,0.0,6,29.4,31.2,6,29.4,30.4,0.0,0.0,0.0,0.0,350
2023-05-11 09:35:13,MO2312-C-7800,MO2312-C-7800,29.4,0.0,0.0,0.0,6,29.4,31.2,8,29.4,30.4,0.0,0.0,0.0,0.0,350
2023-05-11 09:35:15,MO2312-C-7800,MO2312-C-7800,29.4,0.0,0.0,0.0,6,29.4,31.2,2,29.4,30.4,0.0,0.0,0.0,0.0,350
2023-05-11 09:35:15,MO2312-C-7800,MO2312-C-7800,29.4,0.0,0.0,0.0,6,29.4,31.4,12,29.4,30.4,0.0,0.0,0.0,0.0,350
2023-05-11 09:35:16,MO2312-C-7800,MO2312-C-7800,29.4,0.0,0.0,0.0,6,29.4,31.2,6,29.4,30.4,0.0,0.0,0.0,0.0,350
2023-05-11 09:35:16,MO2312-C-7800,MO2312-C-7800,29.4,0.0,0.0,0.0,6,29.4,31.2,8,29.4,30.4,0.0,0.0,0.0,0.0,350
2023-05-11 09:35:21,MO2312-C-7800,MO2312-C-7800,29.4,0.0,0.0,0.0,6,29.4,31.2,10,29.4,30.4,0.0,0.0,0.0,0.0,350
2023-05-11 09:35:25,MO2312-C-7800,MO2312-C-7800,29.4,0.0,0.0,0.0,6,29.4,31.0,6,29.4,30.4,0.0,0.0,0.0,0.0,350
2023-05-11 09:35:25,MO2312-C-7800,MO2312-C-7800,29.4,0.0,0.0,0.0,6,29.4,31.0,8,29.4,30.4,0.0,0.0,0.0,0.0,350
2023-05-11 09:35:38,MO2312-C-7800,MO2312-C-7800,29.4,0.0,0.0,0.0,6,29.2,31.0,8,29.4,30.4,0.0,0.0,0.0,0.0,350
2023-05-11 09:35:52,MO2312-C-7800,MO2312-C-7800,29.4,0.0,0.0,0.0,6,29.2,31.0,2,29.4,30.4,0.0,0.0,0.0,0.0,350
2023-05-11 09:35:52,MO2312-C-7800,MO2312-C-7800,29.4,0.0,0.0,0.0,6,29.2,31.2,12,29.4,30.4,0.0,0.0,0.0,0.0,350
2023-05-11 09:35:53,MO2312-C-7800,MO2312-C-7800,29.4,0.0,0.0,0.0,6,29.2,31.2,14,29.4,30.4,0.0,0.0,0.0,0.0,350
2023-05-11 09:35:53,MO2312-C-7800,MO2312-C-7800,29.4,0.0,0.0,0.0,6,29.2,31.0,6,29.4,30.4,0.0,0.0,0.0,0.0,350
2023-05-11 09:35:55,MO2312-C-7800,MO2312-C-7800,29.4,0.0,0.0,0.0,6,29.2,31.0,8,29.4,30.4,0.0,0.0,0.0,0.0,350
2023-05-11 09:35:59,MO2312-C-7800,MO2312-C-7800,29.4,0.0,0.0,0.0,6,29.2,31.0,10,29.4,30.4,0.0,0.0,0.0,0.0,350
2023-05-11 09:36:01,MO2312-C-7800,MO2312-C-7800,29.4,0.0,0.0,0.0,6,29.2,30.8,6,29.4,30.4,0.0,0.0,0.0,0.0,350
2023-05-11 09:36:06,MO2312-C-7800,MO2312-C-7800,29.4,0.0,0.0,0.0,6,29.2,30.8,8,29.4,30.4,0.0,0.0,0.0,0.0,350
2023-05-11 09:36:08,MO2312-C-7800,MO2312-C-7800,29.4,0.0,0.0,0.0,6,29.2,30.8,2,29.4,30.4,0.0,0.0,0.0,0.0,350
2023-05-11 09:36:08,MO2312-C-7800,MO2312-C-7800,29.4,0.0,0.0,0.0,6,29.2,31.0,6,29.4,30.4,0.0,0.0,0.0,0.0,350
2023-05-11 09:36:09,MO2312-C-7800,MO2312-C-7800,29.4,0.0,0.0,0.0,6,29.2,31.0,8,29.4,30.4,0.0,0.0,0.0,0.0,350
2023-05-11 09:36:10,MO2312-C-7800,MO2312-C-7800,29.4,0.0,0.0,0.0,6,29.2,31.0,10,29.4,30.4,0.0,0.0,0.0,0.0,350
2023-05-11 09:36:18,MO2312-C-7800,MO2312-C-7800,29.4,0.0,0.0,0.0,6,29.2,30.8,6,29.4,30.4,0.0,0.0,0.0,0.0,350
2023-05-11 09:36:19,MO2312-C-7800,MO2312-C-7800,29.4,0.0,0.0,0.0,6,29.2,30.8,8,29.4,30.4,0.0,0.0,0.0,0.0,350
2023-05-11 09:36:43,MO2312-C-7800,MO2312-C-7800,29.4,0.0,0.0,0.0,6,29.2,30.8,10,29.4,30.4,0.0,0.0,0.0,0.0,350
2023-05-11 09:36:45,MO2312-C-7800,MO2312-C-7800,29.4,0.0,0.0,0.0,6,29.2,30.6,6,29.4,30.4,0.0,0.0,0.0,0.0,350
2023-05-11 09:36:46,MO2312-C-7800,MO2312-C-7800,29.4,0.0,0.0,0.0,6,29.2,30.6,8,29.4,30.4,0.0,0.0,0.0,0.0,350
2023-05-11 09:36:51,MO2312-C-7800,MO2312-C-7800,29.4,0.0,0.0,0.0,6,29.2,30.4,6,29.4,30.4,0.0,0.0,0.0,0.0,350
2023-05-11 09:36:53,MO2312-C-7800,MO2312-C-7800,29.4,0.0,0.0,0.0,6,29.0,30.6,8,29.4,30.4,0.0,0.0,0.0,0.0,350
2023-05-11 09:36:53,MO2312-C-7800,MO2312-C-7800,29.4,0.0,0.0,0.0,6,29.0,30.6,10,29.4,30.4,0.0,0.0,0.0,0.0,350
2023-05-11 09:37:02,MO2312-C-7800,MO2312-C-7800,29.4,0.0,0.0,0.0,6,29.0,30.4,6,29.4,30.4,0.0,0.0,0.0,0.0,350
2023-05-11 09:37:03,MO2312-C-7800,MO2312-C-7800,29.4,0.0,0.0,0.0,6,28.8,30.6,10,29.4,30.4,0.0,0.0,0.0,0.0,350
2023-05-11 09:37:05,MO2312-C-7800,MO2312-C-7800,29.4,0.0,0.0,0.0,6,28.8,30.6,4,29.4,30.4,0.0,0.0,0.0,0.0,350
2023-05-11 09:37:05,MO2312-C-7800,MO2312-C-7800,29.4,0.0,0.0,0.0,6,28.8,30.6,2,29.4,30.4,0.0,0.0,0.0,0.0,350
2023-05-11 09:37:07,MO2312-C-7800,MO2312-C-7800,29.4,0.0,0.0,0.0,6,28.8,30.6,8,29.4,30.4,0.0,0.0,0.0,0.0,350
2023-05-11 09:37:08,MO2312-C-7800,MO2312-C-7800,29.4,0.0,0.0,0.0,6,28.8,30.6,10,29.4,30.4,0.0,0.0,0.0,0.0,350
2023-05-11 09:37:09,MO2312-C-7800,MO2312-C-7800,29.4,0.0,0.0,0.0,6,28.8,30.6,4,29.4,30.4,0.0,0.0,0.0,0.0,350
2023-05-11 09:37:10,MO2312-C-7800,MO2312-C-7800,29.4,0.0,0.0,0.0,6,28.8,30.6,2,29.4,30.4,0.0,0.0,0.0,0.0,350
2023-05-11 09:37:16,MO2312-C-7800,MO2312-C-7800,29.4,0.0,0.0,0.0,6,28.8,30.6,8,29.4,30.4,0.0,0.0,0.0,0.0,350
2023-05-11 09:37:16,MO2312-C-7800,MO2312-C-7800,29.4,0.0,0.0,0.0,6,28.8,30.6,10,29.4,30.4,0.0,0.0,0.0,0.0,350
2023-05-11 09:37:32,MO2312-C-7800,MO2312-C-7800,29.4,0.0,0.0,0.0,6,28.8,30.6,4,29.4,30.4,0.0,0.0,0.0,0.0,350
2023-05-11 09:37:32,MO2312-C-7800,MO2312-C-7800,29.4,0.0,0.0,0.0,6,28.8,30.6,2,29.4,30.4,0.0,0.0,0.0,0.0,350
2023-05-11 09:37:43,MO2312-C-7800,MO2312-C-7800,29.4,0.0,0.0,0.0,6,28.8,30.6,8,29.4,30.4,0.0,0.0,0.0,0.0,350
2023-05-11 09:37:43,MO2312-C-7800,MO2312-C-7800,29.4,0.0,0.0,0.0,6,28.8,30.6,10,29.4,30.4,0.0,0.0,0.0,0.0,350
2023-05-11 09:38:25,MO2312-C-7800,MO2312-C-7800,29.4,0.0,0.0,0.0,6,28.8,30.6,2,29.4,30.4,0.0,0.0,0.0,0.0,350
2023-05-11 09:38:25,MO2312-C-7800,MO2312-C-7800,29.4,0.0,0.0,0.0,6,28.8,30.8,12,29.4,30.4,0.0,0.0,0.0,0.0,350
2023-05-11 09:38:26,MO2312-C-7800,MO2312-C-7800,29.4,0.0,0.0,0.0,6,28.8,30.8,8,29.4,30.4,0.0,0.0,0.0,0.0,350
2023-05-11 09:38:26,MO2312-C-7800,MO2312-C-7800,29.4,0.0,0.0,0.0,6,28.6,30.8,10,29.4,30.4,0.0,0.0,0.0,0.0,350
2023-05-11 09:39:50,MO2312-C-7800,MO2312-C-7800,29.4,0.0,0.0,0.0,6,28.6,30.8,8,29.4,30.4,0.0,0.0,0.0,0.0,350
2023-05-11 09:39:51,MO2312-C-7800,MO2312-C-7800,29.4,0.0,0.0,0.0,6,28.6,30.8,10,29.4,30.4,0.0,0.0,0.0,0.0,350
2023-05-11 09:41:53,MO2312-C-7800,MO2312-C-7800,29.4,0.0,0.0,0.0,6,28.6,30.8,8,29.4,30.4,0.0,0.0,0.0,0.0,350
2023-05-11 09:41:53,MO2312-C-7800,MO2312-C-7800,29.4,0.0,0.0,0.0,6,28.6,30.8,10,29.4,30.4,0.0,0.0,0.0,0.0,350
2023-05-11 09:42:20,MO2312-C-7800,MO2312-C-7800,29.4,0.0,0.0,0.0,6,28.6,30.8,8,29.4,30.4,0.0,0.0,0.0,0.0,350
2023-05-11 09:42:21,MO2312-C-7800,MO2312-C-7800,29.4,0.0,0.0,0.0,6,28.6,30.8,10,29.4,30.4,0.0,0.0,0.0,0.0,350
2023-05-11 09:43:36,MO2312-C-7800,MO2312-C-7800,29.4,0.0,0.0,0.0,6,28.6,30.8,8,29.4,30.4,0.0,0.0,0.0,0.0,350
2023-05-11 09:43:37,MO2312-C-7800,MO2312-C-7800,29.4,0.0,0.0,0.0,6,28.6,30.8,10,29.4,30.4,0.0,0.0,0.0,0.0,350
2023-05-11 09:44:56,MO2312-C-7800,MO2312-C-7800,29.4,0.0,0.0,0.0,6,28.6,30.8,8,29.4,30.4,0.0,0.0,0.0,0.0,350
2023-05-11 09:44:57,MO2312-C-7800,MO2312-C-7800,29.4,0.0,0.0,0.0,6,28.6,30.8,10,29.4,30.4,0.0,0.0,0.0,0.0,350
2023-05-11 09:44:59,MO2312-C-7800,MO2312-C-7800,29.4,0.0,0.0,0.0,6,28.6,30.6,6,29.4,30.4,0.0,0.0,0.0,0.0,350
2023-05-11 09:44:59,MO2312-C-7800,MO2312-C-7800,29.4,0.0,0.0,0.0,6,28.6,30.2,2,29.4,30.4,0.0,0.0,0.0,0.0,350
2023-05-11 09:45:00,MO2312-C-7800,MO2312-C-7800,29.4,0.0,0.0,0.0,6,28.6,30.4,2,29.4,30.4,0.0,0.0,0.0,0.0,350
2023-05-11 09:45:22,MO2312-C-7800,MO2312-C-7800,29.4,0.0,0.0,0.0,6,28.6,30.6,20,29.4,30.4,0.0,0.0,0.0,0.0,350
2023-05-11 09:45:22,MO2312-C-7800,MO2312-C-7800,29.4,0.0,0.0,0.0,6,28.6,30.4,2,29.4,30.4,0.0,0.0,0.0,0.0,350
2023-05-11 09:45:26,MO2312-C-7800,MO2312-C-7800,29.4,0.0,0.0,0.0,6,28.6,30.6,20,29.4,30.4,0.0,0.0,0.0,0.0,350
2023-05-11 09:45:26,MO2312-C-7800,MO2312-C-7800,29.4,0.0,0.0,0.0,6,28.6,30.6,22,29.4,30.4,0.0,0.0,0.0,0.0,350
2023-05-11 09:45:30,MO2312-C-7800,MO2312-C-7800,29.4,0.0,0.0,0.0,6,28.6,30.6,16,29.4,30.4,0.0,0.0,0.0,0.0,350
2023-05-11 09:45:52,MO2312-C-7800,MO2312-C-7800,29.4,0.0,0.0,0.0,6,28.6,30.6,22,29.4,30.4,0.0,0.0,0.0,0.0,350
2023-05-11 09:45:56,MO2312-C-7800,MO2312-C-7800,29.4,0.0,0.0,0.0,6,28.6,30.4,6,29.4,30.4,0.0,0.0,0.0,0.0,350
2023-05-11 09:45:56,MO2312-C-7800,MO2312-C-7800,29.4,0.0,0.0,0.0,6,28.6,30.4,10,29.4,30.4,0.0,0.0,0.0,0.0,350
2023-05-11 09:46:04,MO2312-C-7800,MO2312-C-7800,29.4,0.0,0.0,0.0,6,28.6,30.2,6,29.4,30.4,0.0,0.0,0.0,0.0,350
2023-05-11 09:46:07,MO2312-C-7800,MO2312-C-7800,29.4,0.0,0.0,0.0,6,28.6,30.2,8,29.4,30.4,0.0,0.0,0.0,0.0,350
2023-05-11 09:46:08,MO2312-C-7800,MO2312-C-7800,29.4,0.0,0.0,0.0,6,28.6,30.2,10,29.4,30.4,0.0,0.0,0.0,0.0,350
2023-05-11 09:46:08,MO2312-C-7800,MO2312-C-7800,29.4,0.0,0.0,0.0,6,28.6,30.0,6,29.4,30.4,0.0,0.0,0.0,0.0,350
2023-05-11 09:46:09,MO2312-C-7800,MO2312-C-7800,29.4,0.0,0.0,0.0,6,28.6,30.0,8,29.4,30.4,0.0,0.0,0.0,0.0,350
2023-05-11 09:46:15,MO2312-C-7800,MO2312-C-7800,29.4,0.0,0.0,0.0,6,28.6,30.0,2,29.4,30.4,0.0,0.0,0.0,0.0,350
2023-05-11 09:46:16,MO2312-C-7800,MO2312-C-7800,29.4,0.0,0.0,0.0,6,28.6,30.2,6,29.4,30.4,0.0,0.0,0.0,0.0,350
2023-05-11 09:46:16,MO2312-C-7800,MO2312-C-7800,29.4,0.0,0.0,0.0,12,28.4,30.4,6,29.4,30.4,0.0,0.0,0.0,0.0,350
2023-05-11 09:46:17,MO2312-C-7800,MO2312-C-7800,29.4,0.0,0.0,0.0,6,28.4,30.4,10,29.4,30.4,0.0,0.0,0.0,0.0,350
2023-05-11 09:46:18,MO2312-C-7800,MO2312-C-7800,29.4,0.0,0.0,0.0,6,28.4,30.4,4,29.4,30.4,0.0,0.0,0.0,0.0,350
2023-05-11 09:46:19,MO2312-C-7800,MO2312-C-7800,29.4,0.0,0.0,0.0,6,28.4,30.4,2,29.4,30.4,0.0,0.0,0.0,0.0,350
2023-05-11 09:46:49,MO2312-C-7800,MO2312-C-7800,29.4,0.0,0.0,0.0,6,28.4,30.4,4,29.4,30.4,0.0,0.0,0.0,0.0,350
2023-05-11 09:46:56,MO2312-C-7800,MO2312-C-7800,29.4,0.0,0.0,0.0,6,28.4,30.4,2,29.4,30.4,0.0,0.0,0.0,0.0,350
2023-05-11 09:46:58,MO2312-C-7800,MO2312-C-7800,29.4,0.0,0.0,0.0,6,28.4,30.4,4,29.4,30.4,0.0,0.0,0.0,0.0,350
2023-05-11 09:47:09,MO2312-C-7800,MO2312-C-7800,29.4,0.0,0.0,0.0,6,28.4,30.4,10,29.4,30.4,0.0,0.0,0.0,0.0,350
2023-05-11 09:47:10,MO2312-C-7800,MO2312-C-7800,29.4,0.0,0.0,0.0,6,28.4,30.4,12,29.4,30.4,0.0,0.0,0.0,0.0,350
2023-05-11 09:47:14,MO2312-C-7800,MO2312-C-7800,29.4,0.0,0.0,0.0,6,28.4,30.4,18,29.4,30.4,0.0,0.0,0.0,0.0,350
2023-05-11 09:47:18,MO2312-C-7800,MO2312-C-7800,29.4,0.0,0.0,0.0,6,28.4,30.4,16,29.4,30.4,0.0,0.0,0.0,0.0,350
2023-05-11 09:47:19,MO2312-C-7800,MO2312-C-7800,29.4,0.0,0.0,0.0,6,28.2,30.4,12,29.4,30.4,0.0,0.0,0.0,0.0,350
2023-05-11 09:47:19,MO2312-C-7800,MO2312-C-7800,29.4,0.0,0.0,0.0,6,28.2,30.4,10,29.4,30.4,0.0,0.0,0.0,0.0,350
2023-05-11 09:47:21,MO2312-C-7800,MO2312-C-7800,29.4,0.0,0.0,0.0,6,28.2,30.4,12,29.4,30.4,0.0,0.0,0.0,0.0,350
2023-05-11 09:47:33,MO2312-C-7800,MO2312-C-7800,29.4,0.0,0.0,0.0,6,28.2,30.4,6,29.4,30.4,0.0,0.0,0.0,0.0,350
2023-05-11 09:48:10,MO2312-C-7800,MO2312-C-7800,29.4,0.0,0.0,0.0,6,28.2,30.4,4,29.4,30.4,0.0,0.0,0.0,0.0,350
2023-05-11 09:48:10,MO2312-C-7800,MO2312-C-7800,29.4,0.0,0.0,0.0,6,28.2,30.4,2,29.4,30.4,0.0,0.0,0.0,0.0,350
2023-05-11 09:48:12,MO2312-C-7800,MO2312-C-7800,29.4,0.0,0.0,0.0,6,28.2,30.4,4,29.4,30.4,0.0,0.0,0.0,0.0,350
2023-05-11 09:48:16,MO2312-C-7800,MO2312-C-7800,29.4,0.0,0.0,0.0,6,28.2,30.4,2,29.4,30.4,0.0,0.0,0.0,0.0,350
2023-05-11 09:48:18,MO2312-C-7800,MO2312-C-7800,29.4,0.0,0.0,0.0,6,28.2,30.4,4,29.4,30.4,0.0,0.0,0.0,0.0,350
2023-05-11 09:48:20,MO2312-C-7800,MO2312-C-7800,29.4,0.0,0.0,0.0,6,28.2,30.4,2,29.4,30.4,0.0,0.0,0.0,0.0,350
2023-05-11 09:48:22,MO2312-C-7800,MO2312-C-7800,29.4,0.0,0.0,0.0,6,28.2,30.4,4,29.4,30.4,0.0,0.0,0.0,0.0,350
2023-05-11 09:49:00,MO2312-C-7800,MO2312-C-7800,29.4,0.0,0.0,0.0,6,28.2,30.4,2,29.4,30.4,0.0,0.0,0.0,0.0,350
2023-05-11 09:49:01,MO2312-C-7800,MO2312-C-7800,29.4,0.0,0.0,0.0,6,28.2,30.6,20,29.4,30.4,0.0,0.0,0.0,0.0,350
2023-05-11 09:49:02,MO2312-C-7800,MO2312-C-7800,29.4,0.0,0.0,0.0,6,28.2,30.6,16,29.4,30.4,0.0,0.0,0.0,0.0,350
2023-05-11 09:49:03,MO2312-C-7800,MO2312-C-7800,29.4,0.0,0.0,0.0,8,28.2,30.6,16,29.4,30.4,0.0,0.0,0.0,0.0,350
2023-05-11 09:49:04,MO2312-C-7800,MO2312-C-7800,29.4,0.0,0.0,0.0,6,28.4,30.6,14,29.4,30.4,0.0,0.0,0.0,0.0,350
2023-05-11 09:49:04,MO2312-C-7800,MO2312-C-7800,29.4,0.0,0.0,0.0,8,28.4,30.6,8,29.4,30.4,0.0,0.0,0.0,0.0,350
2023-05-11 09:49:05,MO2312-C-7800,MO2312-C-7800,29.4,0.0,0.0,0.0,6,28.6,30.6,2,29.4,30.4,0.0,0.0,0.0,0.0,350
2023-05-11 09:49:05,MO2312-C-7800,MO2312-C-7800,29.4,0.0,0.0,0.0,6,28.2,30.6,2,29.4,30.4,0.0,0.0,0.0,0.0,350
2023-05-11 09:49:06,MO2312-C-7800,MO2312-C-7800,29.4,0.0,0.0,0.0,8,28.2,30.6,2,29.4,30.4,0.0,0.0,0.0,0.0,350
2023-05-11 09:49:06,MO2312-C-7800,MO2312-C-7800,29.4,0.0,0.0,0.0,6,28.4,30.6,2,29.4,30.4,0.0,0.0,0.0,0.0,350
2023-05-11 09:49:08,MO2312-C-7800,MO2312-C-7800,29.4,0.0,0.0,0.0,6,28.4,30.8,14,29.4,30.4,0.0,0.0,0.0,0.0,350
2023-05-11 09:49:09,MO2312-C-7800,MO2312-C-7800,29.4,0.0,0.0,0.0,6,28.4,30.8,12,29.4,30.4,0.0,0.0,0.0,0.0,350
2023-05-11 09:49:09,MO2312-C-7800,MO2312-C-7800,29.4,0.0,0.0,0.0,6,28.2,30.8,8,29.4,30.4,0.0,0.0,0.0,0.0,350
2023-05-11 09:49:11,MO2312-C-7800,MO2312-C-7800,29.4,0.0,0.0,0.0,6,28.2,30.6,2,29.4,30.4,0.0,0.0,0.0,0.0,350
2023-05-11 09:49:11,MO2312-C-7800,MO2312-C-7800,29.4,0.0,0.0,0.0,6,28.2,30.8,8,29.4,30.4,0.0,0.0,0.0,0.0,350
2023-05-11 09:49:12,MO2312-C-7800,MO2312-C-7800,29.4,0.0,0.0,0.0,6,28.2,30.8,10,29.4,30.4,0.0,0.0,0.0,0.0,350
2023-05-11 09:49:26,MO2312-C-7800,MO2312-C-7800,29.4,0.0,0.0,0.0,6,28.2,30.8,16,29.4,30.4,0.0,0.0,0.0,0.0,350
2023-05-11 09:50:05,MO2312-C-7800,MO2312-C-7800,29.4,0.0,0.0,0.0,6,28.2,30.8,22,29.4,30.4,0.0,0.0,0.0,0.0,350
2023-05-11 09:50:05,MO2312-C-7800,MO2312-C-7800,29.4,0.0,0.0,0.0,6,28.2,30.8,20,29.4,30.4,0.0,0.0,0.0,0.0,350
2023-05-11 09:50:06,MO2312-C-7800,MO2312-C-7800,29.4,0.0,0.0,0.0,6,28.2,30.8,22,29.4,30.4,0.0,0.0,0.0,0.0,350
2023-05-11 09:50:06,MO2312-C-7800,MO2312-C-7800,29.4,0.0,0.0,0.0,6,28.2,30.6,2,29.4,30.4,0.0,0.0,0.0,0.0,350
2023-05-11 09:50:21,MO2312-C-7800,MO2312-C-7800,29.4,0.0,0.0,0.0,6,28.2,30.6,4,29.4,30.4,0.0,0.0,0.0,0.0,350
2023-05-11 09:50:22,MO2312-C-7800,MO2312-C-7800,29.4,0.0,0.0,0.0,6,28.2,30.6,2,29.4,30.4,0.0,0.0,0.0,0.0,350
2023-05-11 09:50:22,MO2312-C-7800,MO2312-C-7800,29.4,0.0,0.0,0.0,6,28.2,30.6,4,29.4,30.4,0.0,0.0,0.0,0.0,350
2023-05-11 09:50:23,MO2312-C-7800,MO2312-C-7800,29.4,0.0,0.0,0.0,6,28.2,30.6,2,29.4,30.4,0.0,0.0,0.0,0.0,350
2023-05-11 09:50:24,MO2312-C-7800,MO2312-C-7800,29.4,0.0,0.0,0.0,6,28.2,30.6,4,29.4,30.4,0.0,0.0,0.0,0.0,350
2023-05-11 09:50:28,MO2312-C-7800,MO2312-C-7800,29.4,0.0,0.0,0.0,6,28.2,30.6,2,29.4,30.4,0.0,0.0,0.0,0.0,350
2023-05-11 09:50:41,MO2312-C-7800,MO2312-C-7800,29.4,0.0,0.0,0.0,6,28.2,30.8,20,29.4,30.4,0.0,0.0,0.0,0.0,350
2023-05-11 09:50:41,MO2312-C-7800,MO2312-C-7800,29.4,0.0,0.0,0.0,6,28.2,30.8,24,29.4,30.4,0.0,0.0,0.0,0.0,350
2023-05-11 09:50:42,MO2312-C-7800,MO2312-C-7800,29.4,0.0,0.0,0.0,6,28.2,30.8,18,29.4,30.4,0.0,0.0,0.0,0.0,350
2023-05-11 09:50:47,MO2312-C-7800,MO2312-C-7800,29.4,0.0,0.0,0.0,6,28.2,30.8,16,29.4,30.4,0.0,0.0,0.0,0.0,350
2023-05-11 09:50:48,MO2312-C-7800,MO2312-C-7800,29.4,0.0,0.0,0.0,6,28.2,30.8,18,29.4,30.4,0.0,0.0,0.0,0.0,350
2023-05-11 09:50:51,MO2312-C-7800,MO2312-C-7800,29.4,0.0,0.0,0.0,6,28.2,30.8,16,29.4,30.4,0.0,0.0,0.0,0.0,350
2023-05-11 09:50:51,MO2312-C-7800,MO2312-C-7800,29.4,0.0,0.0,0.0,6,28.2,30.8,18,29.4,30.4,0.0,0.0,0.0,0.0,350
2023-05-11 09:50:55,MO2312-C-7800,MO2312-C-7800,29.4,0.0,0.0,0.0,6,28.2,30.8,16,29.4,30.4,0.0,0.0,0.0,0.0,350
2023-05-11 09:51:04,MO2312-C-7800,MO2312-C-7800,29.4,0.0,0.0,0.0,6,28.2,30.8,18,29.4,30.4,0.0,0.0,0.0,0.0,350
2023-05-11 09:51:15,MO2312-C-7800,MO2312-C-7800,29.4,0.0,0.0,0.0,6,28.2,30.8,16,29.4,30.4,0.0,0.0,0.0,0.0,350
2023-05-11 09:51:18,MO2312-C-7800,MO2312-C-7800,29.4,0.0,0.0,0.0,6,28.2,30.8,18,29.4,30.4,0.0,0.0,0.0,0.0,350
2023-05-11 09:51:22,MO2312-C-7800,MO2312-C-7800,29.4,0.0,0.0,0.0,6,28.2,30.8,16,29.4,30.4,0.0,0.0,0.0,0.0,350
2023-05-11 09:51:24,MO2312-C-7800,MO2312-C-7800,29.4,0.0,0.0,0.0,6,28.2,30.8,18,29.4,30.4,0.0,0.0,0.0,0.0,350
2023-05-11 09:51:24,MO2312-C-7800,MO2312-C-7800,29.4,0.0,0.0,0.0,6,28.2,30.8,16,29.4,30.4,0.0,0.0,0.0,0.0,350
2023-05-11 09:51:25,MO2312-C-7800,MO2312-C-7800,29.4,0.0,0.0,0.0,6,28.2,30.8,18,29.4,30.4,0.0,0.0,0.0,0.0,350
2023-05-11 09:51:39,MO2312-C-7800,MO2312-C-7800,29.4,0.0,0.0,0.0,6,28.2,30.8,16,29.4,30.4,0.0,0.0,0.0,0.0,350
2023-05-11 09:51:39,MO2312-C-7800,MO2312-C-7800,29.4,0.0,0.0,0.0,6,28.2,30.8,18,29.4,30.4,0.0,0.0,0.0,0.0,350
2023-05-11 09:51:40,MO2312-C-7800,MO2312-C-7800,29.4,0.0,0.0,0.0,6,28.2,30.8,16,29.4,30.4,0.0,0.0,0.0,0.0,350
2023-05-11 09:51:42,MO2312-C-7800,MO2312-C-7800,29.4,0.0,0.0,0.0,6,28.2,30.8,18,29.4,30.4,0.0,0.0,0.0,0.0,350
2023-05-11 09:51:47,MO2312-C-7800,MO2312-C-7800,29.4,0.0,0.0,0.0,6,28.2,30.8,16,29.4,30.4,0.0,0.0,0.0,0.0,350
2023-05-11 09:51:48,MO2312-C-7800,MO2312-C-7800,29.4,0.0,0.0,0.0,6,28.2,30.8,18,29.4,30.4,0.0,0.0,0.0,0.0,350
2023-05-11 09:51:48,MO2312-C-7800,MO2312-C-7800,29.4,0.0,0.0,0.0,6,28.2,30.8,16,29.4,30.4,0.0,0.0,0.0,0.0,350
2023-05-11 09:51:51,MO2312-C-7800,MO2312-C-7800,29.4,0.0,0.0,0.0,6,28.2,30.8,18,29.4,30.4,0.0,0.0,0.0,0.0,350
2023-05-11 09:52:10,MO2312-C-7800,MO2312-C-7800,29.4,0.0,0.0,0.0,6,28.2,30.8,16,29.4,30.4,0.0,0.0,0.0,0.0,350
2023-05-11 09:52:11,MO2312-C-7800,MO2312-C-7800,29.4,0.0,0.0,0.0,6,28.2,30.8,18,29.4,30.4,0.0,0.0,0.0,0.0,350
2023-05-11 09:52:39,MO2312-C-7800,MO2312-C-7800,29.4,0.0,0.0,0.0,6,28.2,30.8,16,29.4,30.4,0.0,0.0,0.0,0.0,350
2023-05-11 09:52:39,MO2312-C-7800,MO2312-C-7800,29.4,0.0,0.0,0.0,6,28.2,30.8,18,29.4,30.4,0.0,0.0,0.0,0.0,350
2023-05-11 09:53:00,MO2312-C-7800,MO2312-C-7800,29.4,0.0,0.0,0.0,6,28.2,30.8,24,29.4,30.4,0.0,0.0,0.0,0.0,350
2023-05-11 09:53:08,MO2312-C-7800,MO2312-C-7800,29.4,0.0,0.0,0.0,6,28.2,30.8,30,29.4,30.4,0.0,0.0,0.0,0.0,350
2023-05-11 09:53:09,MO2312-C-7800,MO2312-C-7800,29.4,0.0,0.0,0.0,6,28.2,30.8,36,29.4,30.4,0.0,0.0,0.0,0.0,350
2023-05-11 09:53:18,MO2312-C-7800,MO2312-C-7800,29.4,0.0,0.0,0.0,6,28.2,30.6,6,29.4,30.4,0.0,0.0,0.0,0.0,350
2023-05-11 09:53:18,MO2312-C-7800,MO2312-C-7800,29.4,0.0,0.0,0.0,6,28.2,30.4,2,29.4,30.4,0.0,0.0,0.0,0.0,350
2023-05-11 09:53:26,MO2312-C-7800,MO2312-C-7800,29.4,0.0,0.0,0.0,6,28.2,30.4,4,29.4,30.4,0.0,0.0,0.0,0.0,350
2023-05-11 09:53:26,MO2312-C-7800,MO2312-C-7800,29.4,0.0,0.0,0.0,6,28.2,30.4,10,29.4,30.4,0.0,0.0,0.0,0.0,350
2023-05-11 09:53:31,MO2312-C-7800,MO2312-C-7800,29.4,0.0,0.0,0.0,6,28.2,30.4,12,29.4,30.4,0.0,0.0,0.0,0.0,350
2023-05-11 09:53:37,MO2312-C-7800,MO2312-C-7800,29.4,0.0,0.0,0.0,6,28.2,30.4,18,29.4,30.4,0.0,0.0,0.0,0.0,350
2023-05-11 09:53:38,MO2312-C-7800,MO2312-C-7800,29.4,0.0,0.0,0.0,6,28.2,30.4,24,29.4,30.4,0.0,0.0,0.0,0.0,350
2023-05-11 09:53:39,MO2312-C-7800,MO2312-C-7800,29.4,0.0,0.0,0.0,6,28.2,30.4,18,29.4,30.4,0.0,0.0,0.0,0.0,350
2023-05-11 09:54:00,MO2312-C-7800,MO2312-C-7800,29.4,0.0,0.0,0.0,6,28.2,30.4,24,29.4,30.4,0.0,0.0,0.0,0.0,350
2023-05-11 09:54:00,MO2312-C-7800,MO2312-C-7800,29.4,0.0,0.0,0.0,6,28.2,30.4,18,29.4,30.4,0.0,0.0,0.0,0.0,350
2023-05-11 09:54:02,MO2312-C-7800,MO2312-C-7800,29.4,0.0,0.0,0.0,6,28.2,30.4,16,29.4,30.4,0.0,0.0,0.0,0.0,350
2023-05-11 09:54:10,MO2312-C-7800,MO2312-C-7800,29.4,0.0,0.0,0.0,6,28.2,30.4,18,29.4,30.4,0.0,0.0,0.0,0.0,350
2023-05-11 09:54:11,MO2312-C-7800,MO2312-C-7800,29.4,0.0,0.0,0.0,6,28.2,30.4,16,29.4,30.4,0.0,0.0,0.0,0.0,350
2023-05-11 09:54:11,MO2312-C-7800,MO2312-C-7800,29.4,0.0,0.0,0.0,6,28.2,30.4,18,29.4,30.4,0.0,0.0,0.0,0.0,350
2023-05-11 09:54:31,MO2312-C-7800,MO2312-C-7800,29.4,0.0,0.0,0.0,6,28.2,30.4,16,29.4,30.4,0.0,0.0,0.0,0.0,350
2023-05-11 09:54:32,MO2312-C-7800,MO2312-C-7800,29.4,0.0,0.0,0.0,6,28.2,30.4,18,29.4,30.4,0.0,0.0,0.0,0.0,350
2023-05-11 09:54:34,MO2312-C-7800,MO2312-C-7800,29.4,0.0,0.0,0.0,6,28.2,30.4,16,29.4,30.4,0.0,0.0,0.0,0.0,350
2023-05-11 09:54:35,MO2312-C-7800,MO2312-C-7800,29.4,0.0,0.0,0.0,6,28.2,30.4,18,29.4,30.4,0.0,0.0,0.0,0.0,350
2023-05-11 09:54:38,MO2312-C-7800,MO2312-C-7800,29.4,0.0,0.0,0.0,6,28.2,30.4,16,29.4,30.4,0.0,0.0,0.0,0.0,350
2023-05-11 09:54:39,MO2312-C-7800,MO2312-C-7800,29.4,0.0,0.0,0.0,6,28.2,30.4,18,29.4,30.4,0.0,0.0,0.0,0.0,350
2023-05-11 09:54:39,MO2312-C-7800,MO2312-C-7800,29.4,0.0,0.0,0.0,6,28.2,30.4,16,29.4,30.4,0.0,0.0,0.0,0.0,350
2023-05-11 09:54:41,MO2312-C-7800,MO2312-C-7800,29.4,0.0,0.0,0.0,6,28.2,30.4,18,29.4,30.4,0.0,0.0,0.0,0.0,350
2023-05-11 09:54:44,MO2312-C-7800,MO2312-C-7800,29.4,0.0,0.0,0.0,6,28.2,30.4,16,29.4,30.4,0.0,0.0,0.0,0.0,350
2023-05-11 09:55:12,MO2312-C-7800,MO2312-C-7800,29.4,0.0,0.0,0.0,6,28.2,30.4,18,29.4,30.4,0.0,0.0,0.0,0.0,350
2023-05-11 09:55:13,MO2312-C-7800,MO2312-C-7800,29.4,0.0,0.0,0.0,6,28.2,30.4,16,29.4,30.4,0.0,0.0,0.0,0.0,350
2023-05-11 09:55:19,MO2312-C-7800,MO2312-C-7800,29.4,0.0,0.0,0.0,6,28.2,30.4,18,29.4,30.4,0.0,0.0,0.0,0.0,350
2023-05-11 09:55:41,MO2312-C-7800,MO2312-C-7800,29.4,0.0,0.0,0.0,6,28.2,30.4,24,29.4,30.4,0.0,0.0,0.0,0.0,350
2023-05-11 09:55:52,MO2312-C-7800,MO2312-C-7800,29.4,0.0,0.0,0.0,6,28.2,30.4,30,29.4,30.4,0.0,0.0,0.0,0.0,350
2023-05-11 09:55:56,MO2312-C-7800,MO2312-C-7800,29.4,0.0,0.0,0.0,6,28.2,30.2,6,29.4,30.4,0.0,0.0,0.0,0.0,350
2023-05-11 09:55:57,MO2312-C-7800,MO2312-C-7800,29.4,0.0,0.0,0.0,6,28.2,30.0,2,29.4,30.4,0.0,0.0,0.0,0.0,350
2023-05-11 09:55:57,MO2312-C-7800,MO2312-C-7800,29.4,0.0,0.0,0.0,6,28.2,30.0,8,29.4,30.4,0.0,0.0,0.0,0.0,350
2023-05-11 09:56:03,MO2312-C-7800,MO2312-C-7800,29.4,0.0,0.0,0.0,6,28.2,30.0,10,29.4,30.4,0.0,0.0,0.0,0.0,350
2023-05-11 09:56:11,MO2312-C-7800,MO2312-C-7800,29.4,0.0,0.0,0.0,6,28.2,30.0,12,29.4,30.4,0.0,0.0,0.0,0.0,350
2023-05-11 09:56:12,MO2312-C-7800,MO2312-C-7800,29.4,0.0,0.0,0.0,6,28.2,30.0,10,29.4,30.4,0.0,0.0,0.0,0.0,350
2023-05-11 09:56:14,MO2312-C-7800,MO2312-C-7800,29.4,0.0,0.0,0.0,6,28.2,30.0,12,29.4,30.4,0.0,0.0,0.0,0.0,350
2023-05-11 09:56:14,MO2312-C-7800,MO2312-C-7800,29.4,0.0,0.0,0.0,6,28.2,30.0,10,29.4,30.4,0.0,0.0,0.0,0.0,350
2023-05-11 09:56:15,MO2312-C-7800,MO2312-C-7800,29.4,0.0,0.0,0.0,6,28.2,30.0,12,29.4,30.4,0.0,0.0,0.0,0.0,350
2023-05-11 09:56:20,MO2312-C-7800,MO2312-C-7800,29.4,0.0,0.0,0.0,6,28.2,30.0,10,29.4,30.4,0.0,0.0,0.0,0.0,350
2023-05-11 09:56:21,MO2312-C-7800,MO2312-C-7800,29.4,0.0,0.0,0.0,6,28.2,30.0,8,29.4,30.4,0.0,0.0,0.0,0.0,350
2023-05-11 09:56:23,MO2312-C-7800,MO2312-C-7800,29.4,0.0,0.0,0.0,6,28.2,30.0,10,29.4,30.4,0.0,0.0,0.0,0.0,350
2023-05-11 09:56:23,MO2312-C-7800,MO2312-C-7800,29.4,0.0,0.0,0.0,6,28.2,30.0,12,29.4,30.4,0.0,0.0,0.0,0.0,350
2023-05-11 09:56:24,MO2312-C-7800,MO2312-C-7800,29.4,0.0,0.0,0.0,6,28.2,30.0,8,29.4,30.4,0.0,0.0,0.0,0.0,350
2023-05-11 09:56:25,MO2312-C-7800,MO2312-C-7800,29.4,0.0,0.0,0.0,6,28.2,30.0,10,29.4,30.4,0.0,0.0,0.0,0.0,350
2023-05-11 09:56:26,MO2312-C-7800,MO2312-C-7800,29.4,0.0,0.0,0.0,6,28.2,30.0,8,29.4,30.4,0.0,0.0,0.0,0.0,350
2023-05-11 09:56:26,MO2312-C-7800,MO2312-C-7800,29.4,0.0,0.0,0.0,6,28.2,30.0,12,29.4,30.4,0.0,0.0,0.0,0.0,350
2023-05-11 09:56:27,MO2312-C-7800,MO2312-C-7800,29.4,0.0,0.0,0.0,6,28.2,30.0,8,29.4,30.4,0.0,0.0,0.0,0.0,350
2023-05-11 09:56:32,MO2312-C-7800,MO2312-C-7800,29.4,0.0,0.0,0.0,6,28.2,30.0,10,29.4,30.4,0.0,0.0,0.0,0.0,350
2023-05-11 09:56:32,MO2312-C-7800,MO2312-C-7800,29.4,0.0,0.0,0.0,6,28.2,30.0,8,29.4,30.4,0.0,0.0,0.0,0.0,350
2023-05-11 09:56:35,MO2312-C-7800,MO2312-C-7800,29.4,0.0,0.0,0.0,6,28.2,30.0,10,29.4,30.4,0.0,0.0,0.0,0.0,350
2023-05-11 09:56:40,MO2312-C-7800,MO2312-C-7800,29.4,0.0,0.0,0.0,6,28.2,30.0,12,29.4,30.4,0.0,0.0,0.0,0.0,350
2023-05-11 09:56:41,MO2312-C-7800,MO2312-C-7800,29.4,0.0,0.0,0.0,6,28.2,30.0,10,29.4,30.4,0.0,0.0,0.0,0.0,350
2023-05-11 09:56:42,MO2312-C-7800,MO2312-C-7800,29.4,0.0,0.0,0.0,6,28.2,30.0,12,29.4,30.4,0.0,0.0,0.0,0.0,350
2023-05-11 09:56:53,MO2312-C-7800,MO2312-C-7800,29.4,0.0,0.0,0.0,6,28.2,30.0,10,29.4,30.4,0.0,0.0,0.0,0.0,350
2023-05-11 09:57:00,MO2312-C-7800,MO2312-C-7800,29.4,0.0,0.0,0.0,6,28.2,30.0,12,29.4,30.4,0.0,0.0,0.0,0.0,350
2023-05-11 09:57:02,MO2312-C-7800,MO2312-C-7800,29.4,0.0,0.0,0.0,6,28.2,30.0,10,29.4,30.4,0.0,0.0,0.0,0.0,350
2023-05-11 09:57:07,MO2312-C-7800,MO2312-C-7800,29.4,0.0,0.0,0.0,6,28.2,30.0,12,29.4,30.4,0.0,0.0,0.0,0.0,350
2023-05-11 09:57:11,MO2312-C-7800,MO2312-C-7800,29.4,0.0,0.0,0.0,7,28.2,30.0,12,29.4,30.4,0.0,0.0,0.0,0.0,350
2023-05-11 09:57:12,MO2312-C-7800,MO2312-C-7800,29.4,0.0,0.0,0.0,6,28.4,30.0,12,29.4,30.4,0.0,0.0,0.0,0.0,350
2023-05-11 09:57:59,MO2312-C-7800,MO2312-C-7800,29.4,0.0,0.0,0.0,6,28.4,30.0,10,29.4,30.4,0.0,0.0,0.0,0.0,350
2023-05-11 09:57:59,MO2312-C-7800,MO2312-C-7800,29.4,0.0,0.0,0.0,6,28.4,30.0,12,29.4,30.4,0.0,0.0,0.0,0.0,350
2023-05-11 09:58:00,MO2312-C-7800,MO2312-C-7800,29.4,0.0,0.0,0.0,6,28.4,30.0,10,29.4,30.4,0.0,0.0,0.0,0.0,350
2023-05-11 09:58:03,MO2312-C-7800,MO2312-C-7800,29.4,0.0,0.0,0.0,6,28.4,30.0,12,29.4,30.4,0.0,0.0,0.0,0.0,350
2023-05-11 09:58:06,MO2312-C-7800,MO2312-C-7800,29.4,0.0,0.0,0.0,6,28.4,30.0,10,29.4,30.4,0.0,0.0,0.0,0.0,350
2023-05-11 09:58:07,MO2312-C-7800,MO2312-C-7800,29.4,0.0,0.0,0.0,6,28.4,30.0,12,29.4,30.4,0.0,0.0,0.0,0.0,350
2023-05-11 09:58:39,MO2312-C-7800,MO2312-C-7800,29.4,0.0,0.0,0.0,6,28.4,30.0,10,29.4,30.4,0.0,0.0,0.0,0.0,350
2023-05-11 09:59:07,MO2312-C-7800,MO2312-C-7800,29.4,0.0,0.0,0.0,6,28.4,30.0,8,29.4,30.4,0.0,0.0,0.0,0.0,350
2023-05-11 09:59:11,MO2312-C-7800,MO2312-C-7800,29.4,0.0,0.0,0.0,6,28.4,30.0,10,29.4,30.4,0.0,0.0,0.0,0.0,350
2023-05-11 09:59:12,MO2312-C-7800,MO2312-C-7800,29.4,0.0,0.0,0.0,6,28.4,30.0,8,29.4,30.4,0.0,0.0,0.0,0.0,350
2023-05-11 09:59:14,MO2312-C-7800,MO2312-C-7800,29.4,0.0,0.0,0.0,6,28.4,30.0,10,29.4,30.4,0.0,0.0,0.0,0.0,350
2023-05-11 09:59:14,MO2312-C-7800,MO2312-C-7800,29.4,0.0,0.0,0.0,6,28.4,30.0,8,29.4,30.4,0.0,0.0,0.0,0.0,350
2023-05-11 09:59:15,MO2312-C-7800,MO2312-C-7800,29.4,0.0,0.0,0.0,6,28.4,30.0,10,29.4,30.4,0.0,0.0,0.0,0.0,350
2023-05-11 09:59:15,MO2312-C-7800,MO2312-C-7800,29.4,0.0,0.0,0.0,6,28.4,30.0,8,29.4,30.4,0.0,0.0,0.0,0.0,350
2023-05-11 09:59:17,MO2312-C-7800,MO2312-C-7800,29.4,0.0,0.0,0.0,6,28.4,30.0,10,29.4,30.4,0.0,0.0,0.0,0.0,350
2023-05-11 09:59:17,MO2312-C-7800,MO2312-C-7800,29.4,0.0,0.0,0.0,6,28.4,30.0,8,29.4,30.4,0.0,0.0,0.0,0.0,350
2023-05-11 09:59:18,MO2312-C-7800,MO2312-C-7800,29.4,0.0,0.0,0.0,6,28.4,30.0,10,29.4,30.4,0.0,0.0,0.0,0.0,350
2023-05-11 09:59:18,MO2312-C-7800,MO2312-C-7800,29.4,0.0,0.0,0.0,6,28.4,30.0,8,29.4,30.4,0.0,0.0,0.0,0.0,350
2023-05-11 09:59:19,MO2312-C-7800,MO2312-C-7800,29.4,0.0,0.0,0.0,6,28.4,30.0,10,29.4,30.4,0.0,0.0,0.0,0.0,350
2023-05-11 09:59:54,MO2312-C-7800,MO2312-C-7800,29.4,0.0,0.0,0.0,6,28.4,30.0,8,29.4,30.4,0.0,0.0,0.0,0.0,350
2023-05-11 10:00:02,MO2312-C-7800,MO2312-C-7800,29.4,0.0,0.0,0.0,6,28.4,30.0,6,29.4,30.4,0.0,0.0,0.0,0.0,350
2023-05-11 10:00:02,MO2312-C-7800,MO2312-C-7800,29.4,0.0,0.0,0.0,6,28.4,30.0,2,29.4,30.4,0.0,0.0,0.0,0.0,350
2023-05-11 10:00:03,MO2312-C-7800,MO2312-C-7800,29.4,0.0,0.0,0.0,6,28.4,30.0,8,29.4,30.4,0.0,0.0,0.0,0.0,350
2023-05-11 10:00:06,MO2312-C-7800,MO2312-C-7800,29.4,0.0,0.0,0.0,6,28.4,30.0,10,29.4,30.4,0.0,0.0,0.0,0.0,350
2023-05-11 10:00:06,MO2312-C-7800,MO2312-C-7800,29.4,0.0,0.0,0.0,6,28.4,30.0,8,29.4,30.4,0.0,0.0,0.0,0.0,350
2023-05-11 10:00:08,MO2312-C-7800,MO2312-C-7800,29.4,0.0,0.0,0.0,6,28.4,30.0,10,29.4,30.4,0.0,0.0,0.0,0.0,350
2023-05-11 10:00:39,MO2312-C-7800,MO2312-C-7800,29.4,0.0,0.0,0.0,6,28.4,30.0,8,29.4,30.4,0.0,0.0,0.0,0.0,350
2023-05-11 10:00:39,MO2312-C-7800,MO2312-C-7800,29.4,0.0,0.0,0.0,6,28.4,30.0,6,29.4,30.4,0.0,0.0,0.0,0.0,350
2023-05-11 10:00:40,MO2312-C-7800,MO2312-C-7800,29.4,0.0,0.0,0.0,6,28.4,30.0,2,29.4,30.4,0.0,0.0,0.0,0.0,350
2023-05-11 10:00:40,MO2312-C-7800,MO2312-C-7800,29.4,0.0,0.0,0.0,6,28.4,30.0,8,29.4,30.4,0.0,0.0,0.0,0.0,350
2023-05-11 10:00:41,MO2312-C-7800,MO2312-C-7800,29.4,0.0,0.0,0.0,6,28.4,30.0,6,29.4,30.4,0.0,0.0,0.0,0.0,350
2023-05-11 10:00:41,MO2312-C-7800,MO2312-C-7800,29.4,0.0,0.0,0.0,6,28.4,30.0,4,29.4,30.4,0.0,0.0,0.0,0.0,350
2023-05-11 10:00:42,MO2312-C-7800,MO2312-C-7800,29.4,0.0,0.0,0.0,6,28.4,30.0,8,29.4,30.4,0.0,0.0,0.0,0.0,350
2023-05-11 10:00:43,MO2312-C-7800,MO2312-C-7800,29.4,0.0,0.0,0.0,6,28.4,30.0,10,29.4,30.4,0.0,0.0,0.0,0.0,350
2023-05-11 10:00:43,MO2312-C-7800,MO2312-C-7800,29.4,0.0,0.0,0.0,6,28.4,30.0,8,29.4,30.4,0.0,0.0,0.0,0.0,350
2023-05-11 10:00:49,MO2312-C-7800,MO2312-C-7800,29.4,0.0,0.0,0.0,6,28.4,30.0,10,29.4,30.4,0.0,0.0,0.0,0.0,350
2023-05-11 10:00:49,MO2312-C-7800,MO2312-C-7800,29.4,0.0,0.0,0.0,6,28.4,30.0,8,29.4,30.4,0.0,0.0,0.0,0.0,350
2023-05-11 10:00:50,MO2312-C-7800,MO2312-C-7800,29.4,0.0,0.0,0.0,6,28.4,30.0,10,29.4,30.4,0.0,0.0,0.0,0.0,350
2023-05-11 10:00:51,MO2312-C-7800,MO2312-C-7800,29.4,0.0,0.0,0.0,6,28.4,30.0,8,29.4,30.4,0.0,0.0,0.0,0.0,350
2023-05-11 10:00:53,MO2312-C-7800,MO2312-C-7800,29.4,0.0,0.0,0.0,6,28.4,30.0,10,29.4,30.4,0.0,0.0,0.0,0.0,350
2023-05-11 10:01:41,MO2312-C-7800,MO2312-C-7800,29.4,0.0,0.0,0.0,6,28.4,30.0,16,29.4,30.4,0.0,0.0,0.0,0.0,350
2023-05-11 10:02:06,MO2312-C-7800,MO2312-C-7800,29.4,0.0,0.0,0.0,6,28.4,30.0,10,29.4,30.4,0.0,0.0,0.0,0.0,350
2023-05-11 10:02:40,MO2312-C-7800,MO2312-C-7800,29.4,0.0,0.0,0.0,6,28.4,30.0,16,29.4,30.4,0.0,0.0,0.0,0.0,350
2023-05-11 10:02:42,MO2312-C-7800,MO2312-C-7800,29.4,0.0,0.0,0.0,6,28.4,29.8,6,29.4,30.4,0.0,0.0,0.0,0.0,350
2023-05-11 10:02:43,MO2312-C-7800,MO2312-C-7800,29.4,0.0,0.0,0.0,6,28.4,29.8,8,29.4,30.4,0.0,0.0,0.0,0.0,350
2023-05-11 10:02:43,MO2312-C-7800,MO2312-C-7800,29.4,0.0,0.0,0.0,6,28.4,29.8,10,29.4,30.4,0.0,0.0,0.0,0.0,350
2023-05-11 10:02:44,MO2312-C-7800,MO2312-C-7800,29.4,0.0,0.0,0.0,6,28.4,29.8,2,29.4,30.4,0.0,0.0,0.0,0.0,350
2023-05-11 10:02:44,MO2312-C-7800,MO2312-C-7800,29.4,0.0,0.0,0.0,6,28.4,29.8,4,29.4,30.4,0.0,0.0,0.0,0.0,350
2023-05-11 10:02:45,MO2312-C-7800,MO2312-C-7800,29.4,0.0,0.0,0.0,6,28.4,30.0,12,29.4,30.4,0.0,0.0,0.0,0.0,350
2023-05-11 10:02:45,MO2312-C-7800,MO2312-C-7800,29.4,0.0,0.0,0.0,6,28.4,30.0,8,29.4,30.4,0.0,0.0,0.0,0.0,350
2023-05-11 10:02:46,MO2312-C-7800,MO2312-C-7800,29.4,0.0,0.0,0.0,6,28.4,30.0,10,29.4,30.4,0.0,0.0,0.0,0.0,350
2023-05-11 10:02:50,MO2312-C-7800,MO2312-C-7800,29.4,0.0,0.0,0.0,6,28.4,30.0,16,29.4,30.4,0.0,0.0,0.0,0.0,350
2023-05-11 10:02:57,MO2312-C-7800,MO2312-C-7800,29.4,0.0,0.0,0.0,6,28.4,30.0,10,29.4,30.4,0.0,0.0,0.0,0.0,350
2023-05-11 10:02:59,MO2312-C-7800,MO2312-C-7800,29.4,0.0,0.0,0.0,6,28.4,30.0,8,29.4,30.4,0.0,0.0,0.0,0.0,350
2023-05-11 10:03:00,MO2312-C-7800,MO2312-C-7800,29.4,0.0,0.0,0.0,6,28.4,30.0,10,29.4,30.4,0.0,0.0,0.0,0.0,350
2023-05-11 10:03:52,MO2312-C-7800,MO2312-C-7800,29.4,0.0,0.0,0.0,6,28.4,30.0,16,29.4,30.4,0.0,0.0,0.0,0.0,350
2023-05-11 10:04:18,MO2312-C-7800,MO2312-C-7800,29.4,0.0,0.0,0.0,6,28.4,30.0,14,29.4,30.4,0.0,0.0,0.0,0.0,350
2023-05-11 10:04:19,MO2312-C-7800,MO2312-C-7800,29.4,0.0,0.0,0.0,6,28.4,30.0,16,29.4,30.4,0.0,0.0,0.0,0.0,350
2023-05-11 10:07:18,MO2312-C-7800,MO2312-C-7800,29.4,0.0,0.0,0.0,6,28.4,30.0,22,29.4,30.4,0.0,0.0,0.0,0.0,350
2023-05-11 10:07:19,MO2312-C-7800,MO2312-C-7800,29.4,0.0,0.0,0.0,6,28.4,30.0,16,29.4,30.4,0.0,0.0,0.0,0.0,350
2023-05-11 10:07:27,MO2312-C-7800,MO2312-C-7800,29.4,0.0,0.0,0.0,6,28.4,30.0,22,29.4,30.4,0.0,0.0,0.0,0.0,350
2023-05-11 10:07:29,MO2312-C-7800,MO2312-C-7800,29.4,0.0,0.0,0.0,6,28.4,30.0,16,29.4,30.4,0.0,0.0,0.0,0.0,350
2023-05-11 10:07:40,MO2312-C-7800,MO2312-C-7800,29.4,0.0,0.0,0.0,6,28.4,30.0,14,29.4,30.4,0.0,0.0,0.0,0.0,350
2023-05-11 10:07:41,MO2312-C-7800,MO2312-C-7800,29.4,0.0,0.0,0.0,6,28.4,30.0,16,29.4,30.4,0.0,0.0,0.0,0.0,350
2023-05-11 10:07:45,MO2312-C-7800,MO2312-C-7800,29.4,0.0,0.0,0.0,6,28.4,30.0,22,29.4,30.4,0.0,0.0,0.0,0.0,350
2023-05-11 10:07:47,MO2312-C-7800,MO2312-C-7800,29.4,0.0,0.0,0.0,6,28.4,30.0,24,29.4,30.4,0.0,0.0,0.0,0.0,350
2023-05-11 10:07:48,MO2312-C-7800,MO2312-C-7800,29.4,0.0,0.0,0.0,6,28.4,29.8,6,29.4,30.4,0.0,0.0,0.0,0.0,350
2023-05-11 10:07:49,MO2312-C-7800,MO2312-C-7800,29.4,0.0,0.0,0.0,6,28.4,29.8,8,29.4,30.4,0.0,0.0,0.0,0.0,350
2023-05-11 10:07:50,MO2312-C-7800,MO2312-C-7800,29.4,0.0,0.0,0.0,6,28.4,29.8,10,29.4,30.4,0.0,0.0,0.0,0.0,350
2023-05-11 10:07:52,MO2312-C-7800,MO2312-C-7800,29.4,0.0,0.0,0.0,6,28.4,29.6,6,29.4,30.4,0.0,0.0,0.0,0.0,350
2023-05-11 10:07:52,MO2312-C-7800,MO2312-C-7800,29.4,0.0,0.0,0.0,6,28.4,29.6,14,29.4,30.4,0.0,0.0,0.0,0.0,350
2023-05-11 10:07:53,MO2312-C-7800,MO2312-C-7800,29.4,0.0,0.0,0.0,6,28.4,29.6,20,29.4,30.4,0.0,0.0,0.0,0.0,350
2023-05-11 10:08:02,MO2312-C-7800,MO2312-C-7800,29.4,0.0,0.0,0.0,6,28.4,29.6,22,29.4,30.4,0.0,0.0,0.0,0.0,350
2023-05-11 10:08:15,MO2312-C-7800,MO2312-C-7800,29.4,0.0,0.0,0.0,6,28.4,29.4,6,29.4,30.4,0.0,0.0,0.0,0.0,350
2023-05-11 10:08:20,MO2312-C-7800,MO2312-C-7800,29.4,0.0,0.0,0.0,6,28.4,29.6,20,29.4,30.4,0.0,0.0,0.0,0.0,350
2023-05-11 10:08:23,MO2312-C-7800,MO2312-C-7800,29.4,0.0,0.0,0.0,6,28.4,29.6,22,29.4,30.4,0.0,0.0,0.0,0.0,350
2023-05-11 10:08:25,MO2312-C-7800,MO2312-C-7800,29.4,0.0,0.0,0.0,6,28.4,29.6,20,29.4,30.4,0.0,0.0,0.0,0.0,350
2023-05-11 10:08:26,MO2312-C-7800,MO2312-C-7800,29.4,0.0,0.0,0.0,6,28.4,29.6,14,29.4,30.4,0.0,0.0,0.0,0.0,350
2023-05-11 10:08:39,MO2312-C-7800,MO2312-C-7800,29.4,0.0,0.0,0.0,6,28.4,29.6,16,29.4,30.4,0.0,0.0,0.0,0.0,350
2023-05-11 10:08:51,MO2312-C-7800,MO2312-C-7800,29.4,0.0,0.0,0.0,6,28.4,29.6,14,29.4,30.4,0.0,0.0,0.0,0.0,350
2023-05-11 10:08:55,MO2312-C-7800,MO2312-C-7800,29.4,0.0,0.0,0.0,6,28.4,29.6,16,29.4,30.4,0.0,0.0,0.0,0.0,350
2023-05-11 10:08:55,MO2312-C-7800,MO2312-C-7800,29.4,0.0,0.0,0.0,6,28.4,29.6,24,29.4,30.4,0.0,0.0,0.0,0.0,350
2023-05-11 10:09:01,MO2312-C-7800,MO2312-C-7800,29.4,0.0,0.0,0.0,6,28.4,29.6,22,29.4,30.4,0.0,0.0,0.0,0.0,350
2023-05-11 10:09:03,MO2312-C-7800,MO2312-C-7800,29.4,0.0,0.0,0.0,6,28.4,29.6,20,29.4,30.4,0.0,0.0,0.0,0.0,350
2023-05-11 10:09:04,MO2312-C-7800,MO2312-C-7800,29.4,0.0,0.0,0.0,6,28.4,29.6,22,29.4,30.4,0.0,0.0,0.0,0.0,350
2023-05-11 10:09:04,MO2312-C-7800,MO2312-C-7800,29.4,0.0,0.0,0.0,6,28.4,29.6,24,29.4,30.4,0.0,0.0,0.0,0.0,350
2023-05-11 10:09:11,MO2312-C-7800,MO2312-C-7800,29.4,0.0,0.0,0.0,6,28.4,29.6,22,29.4,30.4,0.0,0.0,0.0,0.0,350
2023-05-11 10:09:17,MO2312-C-7800,MO2312-C-7800,29.4,0.0,0.0,0.0,6,28.4,29.6,20,29.4,30.4,0.0,0.0,0.0,0.0,350
2023-05-11 10:09:21,MO2312-C-7800,MO2312-C-7800,29.4,0.0,0.0,0.0,6,28.4,29.6,22,29.4,30.4,0.0,0.0,0.0,0.0,350
2023-05-11 10:09:22,MO2312-C-7800,MO2312-C-7800,29.4,0.0,0.0,0.0,6,28.4,29.6,24,29.4,30.4,0.0,0.0,0.0,0.0,350
2023-05-11 10:09:25,MO2312-C-7800,MO2312-C-7800,29.4,0.0,0.0,0.0,6,28.4,29.6,22,29.4,30.4,0.0,0.0,0.0,0.0,350
2023-05-11 10:09:37,MO2312-C-7800,MO2312-C-7800,29.4,0.0,0.0,0.0,6,28.4,29.6,16,29.4,30.4,0.0,0.0,0.0,0.0,350
2023-05-11 10:09:38,MO2312-C-7800,MO2312-C-7800,29.4,0.0,0.0,0.0,6,28.4,29.6,14,29.4,30.4,0.0,0.0,0.0,0.0,350
2023-05-11 10:09:42,MO2312-C-7800,MO2312-C-7800,29.4,0.0,0.0,0.0,6,28.4,29.6,16,29.4,30.4,0.0,0.0,0.0,0.0,350
2023-05-11 10:09:43,MO2312-C-7800,MO2312-C-7800,29.4,0.0,0.0,0.0,6,28.4,29.6,14,29.4,30.4,0.0,0.0,0.0,0.0,350
2023-05-11 10:09:51,MO2312-C-7800,MO2312-C-7800,29.4,0.0,0.0,0.0,6,28.4,29.6,16,29.4,30.4,0.0,0.0,0.0,0.0,350
2023-05-11 10:09:56,MO2312-C-7800,MO2312-C-7800,29.4,0.0,0.0,0.0,6,28.4,29.6,14,29.4,30.4,0.0,0.0,0.0,0.0,350
2023-05-11 10:10:04,MO2312-C-7800,MO2312-C-7800,29.4,0.0,0.0,0.0,6,28.4,29.6,12,29.4,30.4,0.0,0.0,0.0,0.0,350
2023-05-11 10:10:05,MO2312-C-7800,MO2312-C-7800,29.4,0.0,0.0,0.0,6,28.4,29.6,6,29.4,30.4,0.0,0.0,0.0,0.0,350
2023-05-11 10:10:05,MO2312-C-7800,MO2312-C-7800,29.4,0.0,0.0,0.0,6,28.4,29.6,8,29.4,30.4,0.0,0.0,0.0,0.0,350
2023-05-11 10:10:16,MO2312-C-7800,MO2312-C-7800,29.4,0.0,0.0,0.0,6,28.4,29.6,6,29.4,30.4,0.0,0.0,0.0,0.0,350
2023-05-11 10:10:16,MO2312-C-7800,MO2312-C-7800,29.4,0.0,0.0,0.0,6,28.4,29.8,12,29.4,30.4,0.0,0.0,0.0,0.0,350
2023-05-11 10:10:17,MO2312-C-7800,MO2312-C-7800,29.4,0.0,0.0,0.0,6,28.4,29.8,8,29.4,30.4,0.0,0.0,0.0,0.0,350
2023-05-11 10:10:18,MO2312-C-7800,MO2312-C-7800,29.4,0.0,0.0,0.0,6,28.4,29.8,6,29.4,30.4,0.0,0.0,0.0,0.0,350
2023-05-11 10:10:22,MO2312-C-7800,MO2312-C-7800,29.4,0.0,0.0,0.0,6,28.4,29.8,8,29.4,30.4,0.0,0.0,0.0,0.0,350
2023-05-11 10:10:26,MO2312-C-7800,MO2312-C-7800,29.4,0.0,0.0,0.0,6,28.4,29.8,6,29.4,30.4,0.0,0.0,0.0,0.0,350
2023-05-11 10:10:27,MO2312-C-7800,MO2312-C-7800,29.4,0.0,0.0,0.0,6,28.4,29.8,8,29.4,30.4,0.0,0.0,0.0,0.0,350
2023-05-11 10:10:29,MO2312-C-7800,MO2312-C-7800,29.4,0.0,0.0,0.0,6,28.4,29.8,6,29.4,30.4,0.0,0.0,0.0,0.0,350
2023-05-11 10:10:33,MO2312-C-7800,MO2312-C-7800,29.4,0.0,0.0,0.0,6,28.4,29.8,8,29.4,30.4,0.0,0.0,0.0,0.0,350
2023-05-11 10:10:36,MO2312-C-7800,MO2312-C-7800,29.4,0.0,0.0,0.0,6,28.4,29.8,6,29.4,30.4,0.0,0.0,0.0,0.0,350
2023-05-11 10:11:08,MO2312-C-7800,MO2312-C-7800,29.4,0.0,0.0,0.0,6,28.4,30.0,14,29.4,30.4,0.0,0.0,0.0,0.0,350
2023-05-11 10:11:08,MO2312-C-7800,MO2312-C-7800,29.4,0.0,0.0,0.0,6,28.4,30.0,16,29.4,30.4,0.0,0.0,0.0,0.0,350
2023-05-11 10:12:01,MO2312-C-7800,MO2312-C-7800,29.4,0.0,0.0,0.0,6,28.4,29.8,12,29.4,30.4,0.0,0.0,0.0,0.0,350
2023-05-11 10:12:02,MO2312-C-7800,MO2312-C-7800,29.4,0.0,0.0,0.0,6,28.4,29.6,2,29.4,30.4,0.0,0.0,0.0,0.0,350
2023-05-11 10:12:14,MO2312-C-7800,MO2312-C-7800,29.4,0.0,0.0,0.0,6,28.4,29.8,6,29.4,30.4,0.0,0.0,0.0,0.0,350
2023-05-11 10:12:15,MO2312-C-7800,MO2312-C-7800,29.4,0.0,0.0,0.0,6,28.4,29.8,2,29.4,30.4,0.0,0.0,0.0,0.0,350
2023-05-11 10:14:45,MO2312-C-7800,MO2312-C-7800,29.4,0.0,0.0,0.0,6,28.4,29.8,8,29.4,30.4,0.0,0.0,0.0,0.0,350
2023-05-11 10:15:15,MO2312-C-7800,MO2312-C-7800,29.4,0.0,0.0,0.0,6,28.4,29.8,10,29.4,30.4,0.0,0.0,0.0,0.0,350
2023-05-11 10:15:16,MO2312-C-7800,MO2312-C-7800,29.4,0.0,0.0,0.0,6,28.4,29.8,8,29.4,30.4,0.0,0.0,0.0,0.0,350
2023-05-11 10:16:02,MO2312-C-7800,MO2312-C-7800,29.4,0.0,0.0,0.0,6,28.4,29.8,10,29.4,30.4,0.0,0.0,0.0,0.0,350
2023-05-11 10:16:11,MO2312-C-7800,MO2312-C-7800,29.4,0.0,0.0,0.0,6,28.4,29.8,8,29.4,30.4,0.0,0.0,0.0,0.0,350
2023-05-11 10:16:12,MO2312-C-7800,MO2312-C-7800,29.4,0.0,0.0,0.0,6,28.4,29.8,10,29.4,30.4,0.0,0.0,0.0,0.0,350
2023-05-11 10:16:17,MO2312-C-7800,MO2312-C-7800,29.4,0.0,0.0,0.0,6,28.4,29.8,8,29.4,30.4,0.0,0.0,0.0,0.0,350
2023-05-11 10:16:18,MO2312-C-7800,MO2312-C-7800,29.4,0.0,0.0,0.0,6,28.4,29.8,10,29.4,30.4,0.0,0.0,0.0,0.0,350
2023-05-11 10:16:20,MO2312-C-7800,MO2312-C-7800,29.4,0.0,0.0,0.0,6,28.4,29.8,8,29.4,30.4,0.0,0.0,0.0,0.0,350
2023-05-11 10:16:46,MO2312-C-7800,MO2312-C-7800,29.4,0.0,0.0,0.0,6,28.4,29.8,10,29.4,30.4,0.0,0.0,0.0,0.0,350
2023-05-11 10:16:47,MO2312-C-7800,MO2312-C-7800,29.4,0.0,0.0,0.0,6,28.4,29.8,8,29.4,30.4,0.0,0.0,0.0,0.0,350
2023-05-11 10:17:02,MO2312-C-7800,MO2312-C-7800,29.4,0.0,0.0,0.0,6,28.4,29.8,10,29.4,30.4,0.0,0.0,0.0,0.0,350
2023-05-11 10:17:03,MO2312-C-7800,MO2312-C-7800,29.4,0.0,0.0,0.0,6,28.4,29.8,8,29.4,30.4,0.0,0.0,0.0,0.0,350
2023-05-11 10:17:03,MO2312-C-7800,MO2312-C-7800,29.4,0.0,0.0,0.0,6,28.4,29.8,10,29.4,30.4,0.0,0.0,0.0,0.0,350
2023-05-11 10:17:08,MO2312-C-7800,MO2312-C-7800,29.4,0.0,0.0,0.0,6,28.4,29.8,8,29.4,30.4,0.0,0.0,0.0,0.0,350
2023-05-11 10:17:09,MO2312-C-7800,MO2312-C-7800,29.4,0.0,0.0,0.0,6,28.4,29.8,10,29.4,30.4,0.0,0.0,0.0,0.0,350
2023-05-11 10:17:10,MO2312-C-7800,MO2312-C-7800,29.4,0.0,0.0,0.0,6,28.4,29.8,8,29.4,30.4,0.0,0.0,0.0,0.0,350
2023-05-11 10:17:54,MO2312-C-7800,MO2312-C-7800,29.4,0.0,0.0,0.0,6,28.4,29.8,10,29.4,30.4,0.0,0.0,0.0,0.0,350
2023-05-11 10:17:55,MO2312-C-7800,MO2312-C-7800,29.4,0.0,0.0,0.0,6,28.4,29.8,8,29.4,30.4,0.0,0.0,0.0,0.0,350
2023-05-11 10:18:00,MO2312-C-7800,MO2312-C-7800,29.4,0.0,0.0,0.0,6,28.4,29.8,10,29.4,30.4,0.0,0.0,0.0,0.0,350
2023-05-11 10:18:24,MO2312-C-7800,MO2312-C-7800,29.4,0.0,0.0,0.0,6,28.4,29.8,8,29.4,30.4,0.0,0.0,0.0,0.0,350
2023-05-11 10:18:31,MO2312-C-7800,MO2312-C-7800,29.4,0.0,0.0,0.0,6,28.4,29.8,10,29.4,30.4,0.0,0.0,0.0,0.0,350
2023-05-11 10:18:34,MO2312-C-7800,MO2312-C-7800,29.4,0.0,0.0,0.0,6,28.4,29.8,8,29.4,30.4,0.0,0.0,0.0,0.0,350
2023-05-11 10:19:32,MO2312-C-7800,MO2312-C-7800,29.4,0.0,0.0,0.0,6,28.4,29.8,2,29.4,30.4,0.0,0.0,0.0,0.0,350
2023-05-11 10:19:57,MO2312-C-7800,MO2312-C-7800,29.4,0.0,0.0,0.0,6,28.4,29.8,8,29.4,30.4,0.0,0.0,0.0,0.0,350
2023-05-11 10:20:06,MO2312-C-7800,MO2312-C-7800,29.4,0.0,0.0,0.0,6,28.4,29.8,10,29.4,30.4,0.0,0.0,0.0,0.0,350
2023-05-11 10:21:40,MO2312-C-7800,MO2312-C-7800,29.4,0.0,0.0,0.0,6,28.4,29.8,16,29.4,30.4,0.0,0.0,0.0,0.0,350
2023-05-11 10:21:42,MO2312-C-7800,MO2312-C-7800,29.4,0.0,0.0,0.0,6,28.4,29.6,6,29.4,30.4,0.0,0.0,0.0,0.0,350
2023-05-11 10:21:43,MO2312-C-7800,MO2312-C-7800,29.4,0.0,0.0,0.0,6,28.4,29.4,2,29.4,30.4,0.0,0.0,0.0,0.0,350
2023-05-11 10:23:38,MO2312-C-7800,MO2312-C-7800,29.4,0.0,0.0,0.0,6,28.4,29.6,8,29.4,30.4,0.0,0.0,0.0,0.0,350
2023-05-11 10:23:38,MO2312-C-7800,MO2312-C-7800,29.4,0.0,0.0,0.0,6,28.4,29.4,2,29.4,30.4,0.0,0.0,0.0,0.0,350
2023-05-11 10:23:39,MO2312-C-7800,MO2312-C-7800,29.4,0.0,0.0,0.0,6,28.4,29.6,8,29.4,30.4,0.0,0.0,0.0,0.0,350
2023-05-11 10:23:39,MO2312-C-7800,MO2312-C-7800,29.4,0.0,0.0,0.0,6,28.4,29.4,2,29.4,30.4,0.0,0.0,0.0,0.0,350
2023-05-11 10:23:42,MO2312-C-7800,MO2312-C-7800,29.4,0.0,0.0,0.0,6,28.4,29.6,8,29.4,30.4,0.0,0.0,0.0,0.0,350
2023-05-11 10:23:43,MO2312-C-7800,MO2312-C-7800,29.4,0.0,0.0,0.0,6,28.4,29.6,10,29.4,30.4,0.0,0.0,0.0,0.0,350
2023-05-11 10:24:07,MO2312-C-7800,MO2312-C-7800,29.4,0.0,0.0,0.0,6,28.4,29.6,8,29.4,30.4,0.0,0.0,0.0,0.0,350
2023-05-11 10:24:08,MO2312-C-7800,MO2312-C-7800,29.4,0.0,0.0,0.0,6,28.4,29.6,10,29.4,30.4,0.0,0.0,0.0,0.0,350
2023-05-11 10:24:26,MO2312-C-7800,MO2312-C-7800,29.4,0.0,0.0,0.0,6,28.4,29.6,8,29.4,30.4,0.0,0.0,0.0,0.0,350
2023-05-11 10:24:27,MO2312-C-7800,MO2312-C-7800,29.4,0.0,0.0,0.0,6,28.4,29.6,16,29.4,30.4,0.0,0.0,0.0,0.0,350
2023-05-11 10:24:47,MO2312-C-7800,MO2312-C-7800,29.4,0.0,0.0,0.0,6,28.4,29.6,10,29.4,30.4,0.0,0.0,0.0,0.0,350
2023-05-11 10:24:51,MO2312-C-7800,MO2312-C-7800,29.4,0.0,0.0,0.0,6,28.4,29.6,16,29.4,30.4,0.0,0.0,0.0,0.0,350
2023-05-11 10:25:02,MO2312-C-7800,MO2312-C-7800,29.4,0.0,0.0,0.0,6,28.4,29.4,6,29.4,30.4,0.0,0.0,0.0,0.0,350
2023-05-11 10:25:04,MO2312-C-7800,MO2312-C-7800,29.4,0.0,0.0,0.0,6,28.4,29.4,8,29.4,30.4,0.0,0.0,0.0,0.0,350
2023-05-11 10:25:07,MO2312-C-7800,MO2312-C-7800,29.4,0.0,0.0,0.0,6,28.4,29.4,10,29.4,30.4,0.0,0.0,0.0,0.0,350
2023-05-11 10:25:09,MO2312-C-7800,MO2312-C-7800,29.4,0.0,0.0,0.0,6,28.4,29.4,8,29.4,30.4,0.0,0.0,0.0,0.0,350
2023-05-11 10:25:10,MO2312-C-7800,MO2312-C-7800,29.4,0.0,0.0,0.0,6,28.4,29.4,2,29.4,30.4,0.0,0.0,0.0,0.0,350
2023-05-11 10:25:11,MO2312-C-7800,MO2312-C-7800,29.4,0.0,0.0,0.0,6,28.4,29.6,12,29.4,30.4,0.0,0.0,0.0,0.0,350
2023-05-11 10:25:11,MO2312-C-7800,MO2312-C-7800,29.4,0.0,0.0,0.0,6,28.4,29.6,14,29.4,30.4,0.0,0.0,0.0,0.0,350
2023-05-11 10:25:12,MO2312-C-7800,MO2312-C-7800,29.4,0.0,0.0,0.0,6,28.4,29.6,16,29.4,30.4,0.0,0.0,0.0,0.0,350
2023-05-11 10:25:33,MO2312-C-7800,MO2312-C-7800,29.4,0.0,0.0,0.0,6,28.4,29.4,6,29.4,30.4,0.0,0.0,0.0,0.0,350
2023-05-11 10:25:33,MO2312-C-7800,MO2312-C-7800,29.4,0.0,0.0,0.0,6,28.4,29.4,8,29.4,30.4,0.0,0.0,0.0,0.0,350
2023-05-11 10:25:41,MO2312-C-7800,MO2312-C-7800,29.4,0.0,0.0,0.0,6,28.4,29.4,10,29.4,30.4,0.0,0.0,0.0,0.0,350
2023-05-11 10:26:10,MO2312-C-7800,MO2312-C-7800,29.4,0.0,0.0,0.0,6,28.4,29.4,8,29.4,30.4,0.0,0.0,0.0,0.0,350
2023-05-11 10:26:12,MO2312-C-7800,MO2312-C-7800,29.4,0.0,0.0,0.0,6,28.4,29.4,10,29.4,30.4,0.0,0.0,0.0,0.0,350
2023-05-11 10:26:20,MO2312-C-7800,MO2312-C-7800,29.4,0.0,0.0,0.0,6,28.4,29.4,8,29.4,30.4,0.0,0.0,0.0,0.0,350
2023-05-11 10:26:23,MO2312-C-7800,MO2312-C-7800,29.4,0.0,0.0,0.0,6,28.4,29.4,10,29.4,30.4,0.0,0.0,0.0,0.0,350
2023-05-11 10:26:28,MO2312-C-7800,MO2312-C-7800,29.4,0.0,0.0,0.0,6,28.4,29.4,8,29.4,30.4,0.0,0.0,0.0,0.0,350
2023-05-11 10:26:31,MO2312-C-7800,MO2312-C-7800,29.4,0.0,0.0,0.0,6,28.4,29.4,10,29.4,30.4,0.0,0.0,0.0,0.0,350
2023-05-11 10:26:32,MO2312-C-7800,MO2312-C-7800,29.4,0.0,0.0,0.0,6,28.4,29.4,8,29.4,30.4,0.0,0.0,0.0,0.0,350
2023-05-11 10:26:33,MO2312-C-7800,MO2312-C-7800,29.4,0.0,0.0,0.0,6,28.4,29.4,10,29.4,30.4,0.0,0.0,0.0,0.0,350
2023-05-11 10:26:40,MO2312-C-7800,MO2312-C-7800,29.4,0.0,0.0,0.0,6,28.4,29.4,4,29.4,30.4,0.0,0.0,0.0,0.0,350
2023-05-11 10:26:40,MO2312-C-7800,MO2312-C-7800,29.4,0.0,0.0,0.0,6,28.4,29.6,12,29.4,30.4,0.0,0.0,0.0,0.0,350
2023-05-11 10:26:41,MO2312-C-7800,MO2312-C-7800,29.4,0.0,0.0,0.0,6,28.4,29.4,8,29.4,30.4,0.0,0.0,0.0,0.0,350
2023-05-11 10:26:41,MO2312-C-7800,MO2312-C-7800,29.4,0.0,0.0,0.0,6,28.4,29.4,10,29.4,30.4,0.0,0.0,0.0,0.0,350
2023-05-11 10:26:49,MO2312-C-7800,MO2312-C-7800,29.4,0.0,0.0,0.0,6,28.4,29.4,4,29.4,30.4,0.0,0.0,0.0,0.0,350
2023-05-11 10:26:49,MO2312-C-7800,MO2312-C-7800,29.4,0.0,0.0,0.0,6,28.4,29.4,2,29.4,30.4,0.0,0.0,0.0,0.0,350
2023-05-11 10:26:52,MO2312-C-7800,MO2312-C-7800,29.4,0.0,0.0,0.0,6,28.4,29.4,8,29.4,30.4,0.0,0.0,0.0,0.0,350
2023-05-11 10:26:52,MO2312-C-7800,MO2312-C-7800,29.4,0.0,0.0,0.0,6,28.4,29.4,10,29.4,30.4,0.0,0.0,0.0,0.0,350
2023-05-11 10:27:08,MO2312-C-7800,MO2312-C-7800,29.4,0.0,0.0,0.0,6,28.4,29.4,4,29.4,30.4,0.0,0.0,0.0,0.0,350
2023-05-11 10:27:09,MO2312-C-7800,MO2312-C-7800,29.4,0.0,0.0,0.0,6,28.4,29.4,2,29.4,30.4,0.0,0.0,0.0,0.0,350
2023-05-11 10:27:12,MO2312-C-7800,MO2312-C-7800,29.4,0.0,0.0,0.0,6,28.4,29.4,8,29.4,30.4,0.0,0.0,0.0,0.0,350
2023-05-11 10:27:19,MO2312-C-7800,MO2312-C-7800,29.4,0.0,0.0,0.0,6,28.4,29.4,10,29.4,30.4,0.0,0.0,0.0,0.0,350
2023-05-11 10:27:20,MO2312-C-7800,MO2312-C-7800,29.4,0.0,0.0,0.0,6,28.4,29.4,4,29.4,30.4,0.0,0.0,0.0,0.0,350
2023-05-11 10:27:20,MO2312-C-7800,MO2312-C-7800,29.4,0.0,0.0,0.0,6,28.4,29.4,2,29.4,30.4,0.0,0.0,0.0,0.0,350
2023-05-11 10:27:25,MO2312-C-7800,MO2312-C-7800,29.4,0.0,0.0,0.0,6,28.4,29.4,8,29.4,30.4,0.0,0.0,0.0,0.0,350
2023-05-11 10:27:36,MO2312-C-7800,MO2312-C-7800,29.4,0.0,0.0,0.0,6,28.4,29.4,10,29.4,30.4,0.0,0.0,0.0,0.0,350
2023-05-11 10:27:55,MO2312-C-7800,MO2312-C-7800,29.4,0.0,0.0,0.0,6,28.4,29.4,4,29.4,30.4,0.0,0.0,0.0,0.0,350
2023-05-11 10:27:56,MO2312-C-7800,MO2312-C-7800,29.4,0.0,0.0,0.0,6,28.4,29.4,2,29.4,30.4,0.0,0.0,0.0,0.0,350
2023-05-11 10:27:57,MO2312-C-7800,MO2312-C-7800,29.4,0.0,0.0,0.0,6,28.4,29.4,8,29.4,30.4,0.0,0.0,0.0,0.0,350
2023-05-11 10:28:01,MO2312-C-7800,MO2312-C-7800,29.4,0.0,0.0,0.0,6,28.4,29.4,10,29.4,30.4,0.0,0.0,0.0,0.0,350
2023-05-11 10:28:02,MO2312-C-7800,MO2312-C-7800,29.4,0.0,0.0,0.0,6,28.4,29.4,4,29.4,30.4,0.0,0.0,0.0,0.0,350
2023-05-11 10:28:02,MO2312-C-7800,MO2312-C-7800,29.4,0.0,0.0,0.0,6,28.4,29.4,2,29.4,30.4,0.0,0.0,0.0,0.0,350
2023-05-11 10:28:08,MO2312-C-7800,MO2312-C-7800,29.4,0.0,0.0,0.0,6,28.4,29.4,4,29.4,30.4,0.0,0.0,0.0,0.0,350
2023-05-11 10:28:10,MO2312-C-7800,MO2312-C-7800,29.4,0.0,0.0,0.0,6,28.4,29.4,2,29.4,30.4,0.0,0.0,0.0,0.0,350
2023-05-11 10:28:12,MO2312-C-7800,MO2312-C-7800,29.4,0.0,0.0,0.0,6,28.4,29.6,14,29.4,30.4,0.0,0.0,0.0,0.0,350
2023-05-11 10:28:12,MO2312-C-7800,MO2312-C-7800,29.4,0.0,0.0,0.0,6,28.4,29.6,16,29.4,30.4,0.0,0.0,0.0,0.0,350
2023-05-11 10:28:14,MO2312-C-7800,MO2312-C-7800,29.4,0.0,0.0,0.0,6,28.4,29.6,18,29.4,30.4,0.0,0.0,0.0,0.0,350
2023-05-11 10:28:27,MO2312-C-7800,MO2312-C-7800,29.4,0.0,0.0,0.0,6,28.4,29.4,6,29.4,30.4,0.0,0.0,0.0,0.0,350
2023-05-11 10:28:34,MO2312-C-7800,MO2312-C-7800,29.4,0.0,0.0,0.0,6,28.4,29.4,8,29.4,30.4,0.0,0.0,0.0,0.0,350
2023-05-11 10:28:38,MO2312-C-7800,MO2312-C-7800,29.4,0.0,0.0,0.0,6,28.4,29.4,2,29.4,30.4,0.0,0.0,0.0,0.0,350
2023-05-11 10:28:38,MO2312-C-7800,MO2312-C-7800,29.4,0.0,0.0,0.0,6,28.4,29.6,14,29.4,30.4,0.0,0.0,0.0,0.0,350
2023-05-11 10:28:39,MO2312-C-7800,MO2312-C-7800,29.4,0.0,0.0,0.0,6,28.4,29.6,16,29.4,30.4,0.0,0.0,0.0,0.0,350
2023-05-11 10:28:57,MO2312-C-7800,MO2312-C-7800,29.4,0.0,0.0,0.0,6,28.4,29.6,18,29.4,30.4,0.0,0.0,0.0,0.0,350
2023-05-11 10:29:07,MO2312-C-7800,MO2312-C-7800,29.4,0.0,0.0,0.0,6,28.4,29.6,16,29.4,30.4,0.0,0.0,0.0,0.0,350
2023-05-11 10:29:08,MO2312-C-7800,MO2312-C-7800,29.4,0.0,0.0,0.0,6,28.4,29.6,18,29.4,30.4,0.0,0.0,0.0,0.0,350
2023-05-11 10:29:10,MO2312-C-7800,MO2312-C-7800,29.4,0.0,0.0,0.0,6,28.4,29.6,16,29.4,30.4,0.0,0.0,0.0,0.0,350
2023-05-11 10:29:12,MO2312-C-7800,MO2312-C-7800,29.4,0.0,0.0,0.0,6,28.4,29.6,8,29.4,30.4,0.0,0.0,0.0,0.0,350
2023-05-11 10:29:12,MO2312-C-7800,MO2312-C-7800,29.4,0.0,0.0,0.0,6,28.4,29.6,12,29.4,30.4,0.0,0.0,0.0,0.0,350
2023-05-11 10:29:13,MO2312-C-7800,MO2312-C-7800,29.4,0.0,0.0,0.0,6,28.4,29.6,10,29.4,30.4,0.0,0.0,0.0,0.0,350
2023-05-11 10:29:13,MO2312-C-7800,MO2312-C-7800,29.4,0.0,0.0,0.0,6,28.4,29.6,12,29.4,30.4,0.0,0.0,0.0,0.0,350
2023-05-11 10:29:14,MO2312-C-7800,MO2312-C-7800,29.4,0.0,0.0,0.0,6,28.4,29.6,10,29.4,30.4,0.0,0.0,0.0,0.0,350
2023-05-11 10:29:14,MO2312-C-7800,MO2312-C-7800,29.4,0.0,0.0,0.0,6,28.4,29.6,12,29.4,30.4,0.0,0.0,0.0,0.0,350
2023-05-11 10:29:15,MO2312-C-7800,MO2312-C-7800,29.4,0.0,0.0,0.0,6,28.4,29.6,10,29.4,30.4,0.0,0.0,0.0,0.0,350
2023-05-11 10:29:16,MO2312-C-7800,MO2312-C-7800,29.4,0.0,0.0,0.0,6,28.4,29.6,12,29.4,30.4,0.0,0.0,0.0,0.0,350
2023-05-11 10:29:17,MO2312-C-7800,MO2312-C-7800,29.4,0.0,0.0,0.0,6,28.4,29.6,10,29.4,30.4,0.0,0.0,0.0,0.0,350
2023-05-11 10:29:18,MO2312-C-7800,MO2312-C-7800,29.4,0.0,0.0,0.0,6,28.4,29.6,12,29.4,30.4,0.0,0.0,0.0,0.0,350
2023-05-11 10:29:18,MO2312-C-7800,MO2312-C-7800,29.4,0.0,0.0,0.0,6,28.4,29.6,10,29.4,30.4,0.0,0.0,0.0,0.0,350
2023-05-11 10:29:40,MO2312-C-7800,MO2312-C-7800,29.4,0.0,0.0,0.0,6,28.4,29.6,16,29.4,30.4,0.0,0.0,0.0,0.0,350
2023-05-11 10:30:22,MO2312-C-7800,MO2312-C-7800,29.4,0.0,0.0,0.0,6,28.4,29.6,10,29.4,30.4,0.0,0.0,0.0,0.0,350
2023-05-11 10:30:30,MO2312-C-7800,MO2312-C-7800,29.4,0.0,0.0,0.0,6,28.4,29.6,8,29.4,30.4,0.0,0.0,0.0,0.0,350
2023-05-11 10:30:30,MO2312-C-7800,MO2312-C-7800,29.4,0.0,0.0,0.0,6,28.4,29.6,10,29.4,30.4,0.0,0.0,0.0,0.0,350
2023-05-11 10:30:38,MO2312-C-7800,MO2312-C-7800,29.4,0.0,0.0,0.0,6,28.4,29.6,16,29.4,30.4,0.0,0.0,0.0,0.0,350
2023-05-11 10:30:41,MO2312-C-7800,MO2312-C-7800,29.4,0.0,0.0,0.0,6,28.4,29.6,10,29.4,30.4,0.0,0.0,0.0,0.0,350
2023-05-11 10:30:43,MO2312-C-7800,MO2312-C-7800,29.4,0.0,0.0,0.0,6,28.4,29.6,4,29.4,30.4,0.0,0.0,0.0,0.0,350
2023-05-11 10:30:43,MO2312-C-7800,MO2312-C-7800,29.4,0.0,0.0,0.0,6,28.4,29.6,2,29.4,30.4,0.0,0.0,0.0,0.0,350
2023-05-11 10:31:00,MO2312-C-7800,MO2312-C-7800,29.4,0.0,0.0,0.0,6,28.4,29.6,8,29.4,30.4,0.0,0.0,0.0,0.0,350
2023-05-11 10:31:01,MO2312-C-7800,MO2312-C-7800,29.4,0.0,0.0,0.0,6,28.4,29.6,2,29.4,30.4,0.0,0.0,0.0,0.0,350
2023-05-11 10:31:05,MO2312-C-7800,MO2312-C-7800,29.4,0.0,0.0,0.0,6,28.4,29.6,8,29.4,30.4,0.0,0.0,0.0,0.0,350
2023-05-11 10:31:10,MO2312-C-7800,MO2312-C-7800,29.4,0.0,0.0,0.0,6,28.4,29.6,4,29.4,30.4,0.0,0.0,0.0,0.0,350
2023-05-11 10:31:11,MO2312-C-7800,MO2312-C-7800,29.4,0.0,0.0,0.0,6,28.4,29.6,2,29.4,30.4,0.0,0.0,0.0,0.0,350
2023-05-11 10:31:21,MO2312-C-7800,MO2312-C-7800,29.4,0.0,0.0,0.0,6,28.4,29.6,8,29.4,30.4,0.0,0.0,0.0,0.0,350
2023-05-11 10:31:22,MO2312-C-7800,MO2312-C-7800,29.4,0.0,0.0,0.0,6,28.4,29.6,10,29.4,30.4,0.0,0.0,0.0,0.0,350
2023-05-11 10:31:28,MO2312-C-7800,MO2312-C-7800,29.4,0.0,0.0,0.0,6,28.4,29.6,4,29.4,30.4,0.0,0.0,0.0,0.0,350
2023-05-11 10:31:28,MO2312-C-7800,MO2312-C-7800,29.4,0.0,0.0,0.0,6,28.4,29.6,2,29.4,30.4,0.0,0.0,0.0,0.0,350
2023-05-11 10:32:10,MO2312-C-7800,MO2312-C-7800,29.4,0.0,0.0,0.0,6,28.4,29.8,2,29.4,30.4,0.0,0.0,0.0,0.0,350
2023-05-11 10:32:12,MO2312-C-7800,MO2312-C-7800,29.4,0.0,0.0,0.0,6,28.4,29.8,8,29.4,30.4,0.0,0.0,0.0,0.0,350
2023-05-11 10:32:13,MO2312-C-7800,MO2312-C-7800,29.4,0.0,0.0,0.0,6,28.4,29.8,10,29.4,30.4,0.0,0.0,0.0,0.0,350
2023-05-11 10:32:14,MO2312-C-7800,MO2312-C-7800,29.4,0.0,0.0,0.0,6,28.4,29.8,4,29.4,30.4,0.0,0.0,0.0,0.0,350
2023-05-11 10:32:14,MO2312-C-7800,MO2312-C-7800,29.4,0.0,0.0,0.0,6,28.4,29.8,2,29.4,30.4,0.0,0.0,0.0,0.0,350
2023-05-11 10:32:15,MO2312-C-7800,MO2312-C-7800,29.4,0.0,0.0,0.0,6,28.4,29.8,8,29.4,30.4,0.0,0.0,0.0,0.0,350
2023-05-11 10:32:15,MO2312-C-7800,MO2312-C-7800,29.4,0.0,0.0,0.0,6,28.4,29.8,4,29.4,30.4,0.0,0.0,0.0,0.0,350
2023-05-11 10:32:16,MO2312-C-7800,MO2312-C-7800,29.4,0.0,0.0,0.0,6,28.4,29.8,2,29.4,30.4,0.0,0.0,0.0,0.0,350
2023-05-11 10:33:56,MO2312-C-7800,MO2312-C-7800,29.4,0.0,0.0,0.0,6,28.4,29.8,8,29.4,30.4,0.0,0.0,0.0,0.0,350
2023-05-11 10:33:58,MO2312-C-7800,MO2312-C-7800,29.4,0.0,0.0,0.0,6,28.4,29.8,10,29.4,30.4,0.0,0.0,0.0,0.0,350
2023-05-11 10:34:01,MO2312-C-7800,MO2312-C-7800,29.4,0.0,0.0,0.0,6,28.4,29.8,4,29.4,30.4,0.0,0.0,0.0,0.0,350
2023-05-11 10:34:01,MO2312-C-7800,MO2312-C-7800,29.4,0.0,0.0,0.0,6,28.4,29.8,2,29.4,30.4,0.0,0.0,0.0,0.0,350
2023-05-11 10:34:23,MO2312-C-7800,MO2312-C-7800,29.4,0.0,0.0,0.0,6,28.4,29.8,8,29.4,30.4,0.0,0.0,0.0,0.0,350
2023-05-11 10:34:23,MO2312-C-7800,MO2312-C-7800,29.4,0.0,0.0,0.0,6,28.4,29.8,10,29.4,30.4,0.0,0.0,0.0,0.0,350
2023-05-11 10:34:28,MO2312-C-7800,MO2312-C-7800,29.4,0.0,0.0,0.0,6,28.4,29.6,6,29.4,30.4,0.0,0.0,0.0,0.0,350
2023-05-11 10:34:33,MO2312-C-7800,MO2312-C-7800,29.4,0.0,0.0,0.0,6,28.4,29.6,8,29.4,30.4,0.0,0.0,0.0,0.0,350
2023-05-11 10:34:36,MO2312-C-7800,MO2312-C-7800,29.4,0.0,0.0,0.0,6,28.4,29.6,2,29.4,30.4,0.0,0.0,0.0,0.0,350
2023-05-11 10:34:36,MO2312-C-7800,MO2312-C-7800,29.4,0.0,0.0,0.0,6,28.4,29.8,8,29.4,30.4,0.0,0.0,0.0,0.0,350
2023-05-11 10:34:37,MO2312-C-7800,MO2312-C-7800,29.4,0.0,0.0,0.0,6,28.4,29.8,10,29.4,30.4,0.0,0.0,0.0,0.0,350
2023-05-11 10:34:38,MO2312-C-7800,MO2312-C-7800,29.4,0.0,0.0,0.0,6,28.4,29.8,8,29.4,30.4,0.0,0.0,0.0,0.0,350
2023-05-11 10:34:40,MO2312-C-7800,MO2312-C-7800,29.4,0.0,0.0,0.0,6,28.4,29.8,2,29.4,30.4,0.0,0.0,0.0,0.0,350
2023-05-11 10:34:40,MO2312-C-7800,MO2312-C-7800,29.4,0.0,0.0,0.0,6,28.4,30.0,24,29.4,30.4,0.0,0.0,0.0,0.0,350
2023-05-11 10:34:41,MO2312-C-7800,MO2312-C-7800,29.4,0.0,0.0,0.0,6,28.4,30.0,28,29.4,30.4,0.0,0.0,0.0,0.0,350
2023-05-11 10:34:41,MO2312-C-7800,MO2312-C-7800,29.4,0.0,0.0,0.0,6,28.4,30.0,30,29.4,30.4,0.0,0.0,0.0,0.0,350
2023-05-11 10:34:47,MO2312-C-7800,MO2312-C-7800,29.4,0.0,0.0,0.0,6,28.4,29.8,6,29.4,30.4,0.0,0.0,0.0,0.0,350
2023-05-11 10:34:49,MO2312-C-7800,MO2312-C-7800,29.4,0.0,0.0,0.0,6,28.4,29.8,8,29.4,30.4,0.0,0.0,0.0,0.0,350
2023-05-11 10:35:07,MO2312-C-7800,MO2312-C-7800,29.4,0.0,0.0,0.0,6,28.4,29.8,10,29.4,30.4,0.0,0.0,0.0,0.0,350
2023-05-11 10:35:07,MO2312-C-7800,MO2312-C-7800,29.4,0.0,0.0,0.0,6,28.4,29.6,6,29.4,30.4,0.0,0.0,0.0,0.0,350
2023-05-11 10:35:08,MO2312-C-7800,MO2312-C-7800,29.4,0.0,0.0,0.0,6,28.4,29.6,14,29.4,30.4,0.0,0.0,0.0,0.0,350
2023-05-11 10:35:18,MO2312-C-7800,MO2312-C-7800,29.4,0.0,0.0,0.0,6,28.4,29.6,2,29.4,30.4,0.0,0.0,0.0,0.0,350
2023-05-11 10:35:18,MO2312-C-7800,MO2312-C-7800,29.4,0.0,0.0,0.0,6,28.4,29.8,8,29.4,30.4,0.0,0.0,0.0,0.0,350
2023-05-11 10:35:19,MO2312-C-7800,MO2312-C-7800,29.4,0.0,0.0,0.0,6,28.4,29.8,10,29.4,30.4,0.0,0.0,0.0,0.0,350
2023-05-11 10:35:22,MO2312-C-7800,MO2312-C-7800,29.4,0.0,0.0,0.0,6,28.4,29.6,6,29.4,30.4,0.0,0.0,0.0,0.0,350
2023-05-11 10:35:28,MO2312-C-7800,MO2312-C-7800,29.4,0.0,0.0,0.0,6,28.4,29.6,8,29.4,30.4,0.0,0.0,0.0,0.0,350
2023-05-11 10:35:29,MO2312-C-7800,MO2312-C-7800,29.4,0.0,0.0,0.0,6,28.4,29.6,2,29.4,30.4,0.0,0.0,0.0,0.0,350
2023-05-11 10:35:29,MO2312-C-7800,MO2312-C-7800,29.4,0.0,0.0,0.0,6,28.4,29.8,8,29.4,30.4,0.0,0.0,0.0,0.0,350
2023-05-11 10:35:30,MO2312-C-7800,MO2312-C-7800,29.4,0.0,0.0,0.0,6,28.4,29.8,10,29.4,30.4,0.0,0.0,0.0,0.0,350
2023-05-11 10:36:04,MO2312-C-7800,MO2312-C-7800,29.4,0.0,0.0,0.0,6,28.4,29.8,12,29.4,30.4,0.0,0.0,0.0,0.0,350
2023-05-11 10:36:05,MO2312-C-7800,MO2312-C-7800,29.4,0.0,0.0,0.0,6,28.4,29.8,10,29.4,30.4,0.0,0.0,0.0,0.0,350
2023-05-11 10:36:06,MO2312-C-7800,MO2312-C-7800,29.4,0.0,0.0,0.0,6,28.4,29.6,6,29.4,30.4,0.0,0.0,0.0,0.0,350
2023-05-11 10:36:06,MO2312-C-7800,MO2312-C-7800,29.4,0.0,0.0,0.0,6,28.4,29.6,8,29.4,30.4,0.0,0.0,0.0,0.0,350
2023-05-11 10:36:07,MO2312-C-7800,MO2312-C-7800,29.4,0.0,0.0,0.0,6,28.4,29.6,10,29.4,30.4,0.0,0.0,0.0,0.0,350
2023-05-11 10:36:11,MO2312-C-7800,MO2312-C-7800,29.4,0.0,0.0,0.0,6,28.4,29.6,4,29.4,30.4,0.0,0.0,0.0,0.0,350
2023-05-11 10:36:11,MO2312-C-7800,MO2312-C-7800,29.4,0.0,0.0,0.0,6,28.4,29.6,2,29.4,30.4,0.0,0.0,0.0,0.0,350
2023-05-11 10:36:29,MO2312-C-7800,MO2312-C-7800,29.4,0.0,0.0,0.0,6,28.4,29.6,8,29.4,30.4,0.0,0.0,0.0,0.0,350
2023-05-11 10:36:30,MO2312-C-7800,MO2312-C-7800,29.4,0.0,0.0,0.0,6,28.4,29.6,14,29.4,30.4,0.0,0.0,0.0,0.0,350
2023-05-11 10:36:31,MO2312-C-7800,MO2312-C-7800,29.4,0.0,0.0,0.0,6,28.4,29.4,6,29.4,30.4,0.0,0.0,0.0,0.0,350
2023-05-11 10:36:31,MO2312-C-7800,MO2312-C-7800,29.4,0.0,0.0,0.0,6,28.4,29.4,8,29.4,30.4,0.0,0.0,0.0,0.0,350
2023-05-11 10:36:32,MO2312-C-7800,MO2312-C-7800,29.4,0.0,0.0,0.0,6,28.4,29.4,2,29.4,30.4,0.0,0.0,0.0,0.0,350
2023-05-11 10:36:32,MO2312-C-7800,MO2312-C-7800,29.4,0.0,0.0,0.0,6,28.4,29.6,14,29.4,30.4,0.0,0.0,0.0,0.0,350
2023-05-11 10:36:33,MO2312-C-7800,MO2312-C-7800,29.4,0.0,0.0,0.0,6,28.4,29.6,16,29.4,30.4,0.0,0.0,0.0,0.0,350
2023-05-11 10:36:51,MO2312-C-7800,MO2312-C-7800,29.4,0.0,0.0,0.0,6,28.4,29.6,8,29.4,30.4,0.0,0.0,0.0,0.0,350
2023-05-11 10:36:51,MO2312-C-7800,MO2312-C-7800,29.4,0.0,0.0,0.0,6,28.4,29.6,10,29.4,30.4,0.0,0.0,0.0,0.0,350
2023-05-11 10:36:52,MO2312-C-7800,MO2312-C-7800,29.4,0.0,0.0,0.0,6,28.4,29.6,2,29.4,30.4,0.0,0.0,0.0,0.0,350
2023-05-11 10:36:52,MO2312-C-7800,MO2312-C-7800,29.4,0.0,0.0,0.0,6,28.4,29.8,6,29.4,30.4,0.0,0.0,0.0,0.0,350
2023-05-11 10:36:53,MO2312-C-7800,MO2312-C-7800,29.4,0.0,0.0,0.0,6,28.4,29.6,2,29.4,30.4,0.0,0.0,0.0,0.0,350
2023-05-11 10:37:00,MO2312-C-7800,MO2312-C-7800,29.4,0.0,0.0,0.0,6,28.4,29.6,8,29.4,30.4,0.0,0.0,0.0,0.0,350
2023-05-11 10:37:01,MO2312-C-7800,MO2312-C-7800,29.4,0.0,0.0,0.0,6,28.4,29.6,10,29.4,30.4,0.0,0.0,0.0,0.0,350
2023-05-11 10:38:33,MO2312-C-7800,MO2312-C-7800,29.4,0.0,0.0,0.0,6,28.4,29.4,6,29.4,30.4,0.0,0.0,0.0,0.0,350
2023-05-11 10:38:37,MO2312-C-7800,MO2312-C-7800,29.4,0.0,0.0,0.0,6,28.4,29.4,8,29.4,30.4,0.0,0.0,0.0,0.0,350
2023-05-11 10:38:41,MO2312-C-7800,MO2312-C-7800,29.4,0.0,0.0,0.0,6,28.4,29.4,2,29.4,30.4,0.0,0.0,0.0,0.0,350
2023-05-11 10:38:41,MO2312-C-7800,MO2312-C-7800,29.4,0.0,0.0,0.0,6,28.4,29.6,6,29.4,30.4,0.0,0.0,0.0,0.0,350
2023-05-11 10:38:42,MO2312-C-7800,MO2312-C-7800,29.4,0.0,0.0,0.0,7,28.2,29.6,2,29.4,30.4,0.0,0.0,0.0,0.0,350
2023-05-11 10:38:42,MO2312-C-7800,MO2312-C-7800,29.4,0.0,0.0,0.0,6,28.4,29.6,8,29.4,30.4,0.0,0.0,0.0,0.0,350
2023-05-11 10:38:52,MO2312-C-7800,MO2312-C-7800,29.4,0.0,0.0,0.0,6,28.4,29.6,10,29.4,30.4,0.0,0.0,0.0,0.0,350
2023-05-11 10:39:10,MO2312-C-7800,MO2312-C-7800,29.4,0.0,0.0,0.0,6,28.4,29.6,8,29.4,30.4,0.0,0.0,0.0,0.0,350
2023-05-11 10:39:10,MO2312-C-7800,MO2312-C-7800,29.4,0.0,0.0,0.0,6,28.4,29.6,10,29.4,30.4,0.0,0.0,0.0,0.0,350
2023-05-11 10:39:45,MO2312-C-7800,MO2312-C-7800,29.4,0.0,0.0,0.0,6,28.4,29.6,8,29.4,30.4,0.0,0.0,0.0,0.0,350
2023-05-11 10:39:52,MO2312-C-7800,MO2312-C-7800,29.4,0.0,0.0,0.0,6,28.4,29.6,2,29.4,30.4,0.0,0.0,0.0,0.0,350
2023-05-11 10:39:52,MO2312-C-7800,MO2312-C-7800,29.4,0.0,0.0,0.0,6,28.4,29.8,6,29.4,30.4,0.0,0.0,0.0,0.0,350
2023-05-11 10:39:53,MO2312-C-7800,MO2312-C-7800,29.4,0.0,0.0,0.0,6,28.4,29.8,8,29.4,30.4,0.0,0.0,0.0,0.0,350
2023-05-11 10:39:53,MO2312-C-7800,MO2312-C-7800,29.4,0.0,0.0,0.0,6,28.4,29.8,10,29.4,30.4,0.0,0.0,0.0,0.0,350
2023-05-11 10:40:07,MO2312-C-7800,MO2312-C-7800,29.4,0.0,0.0,0.0,6,28.4,29.8,4,29.4,30.4,0.0,0.0,0.0,0.0,350
2023-05-11 10:40:07,MO2312-C-7800,MO2312-C-7800,29.4,0.0,0.0,0.0,6,28.4,29.8,2,29.4,30.4,0.0,0.0,0.0,0.0,350
2023-05-11 10:40:13,MO2312-C-7800,MO2312-C-7800,29.4,0.0,0.0,0.0,6,28.4,30.0,38,29.4,30.4,0.0,0.0,0.0,0.0,350
2023-05-11 10:40:14,MO2312-C-7800,MO2312-C-7800,29.4,0.0,0.0,0.0,6,28.4,30.0,34,29.4,30.4,0.0,0.0,0.0,0.0,350
2023-05-11 10:40:17,MO2312-C-7800,MO2312-C-7800,29.4,0.0,0.0,0.0,6,28.4,30.0,28,29.4,30.4,0.0,0.0,0.0,0.0,350
2023-05-11 10:41:14,MO2312-C-7800,MO2312-C-7800,29.4,0.0,0.0,0.0,6,28.4,29.8,6,29.4,30.4,0.0,0.0,0.0,0.0,350
2023-05-11 10:41:14,MO2312-C-7800,MO2312-C-7800,29.4,0.0,0.0,0.0,6,28.4,29.8,8,29.4,30.4,0.0,0.0,0.0,0.0,350
2023-05-11 10:41:33,MO2312-C-7800,MO2312-C-7800,29.4,0.0,0.0,0.0,6,28.4,29.8,2,29.4,30.4,0.0,0.0,0.0,0.0,350
2023-05-11 10:41:33,MO2312-C-7800,MO2312-C-7800,29.4,0.0,0.0,0.0,6,28.4,30.0,24,29.4,30.4,0.0,0.0,0.0,0.0,350
2023-05-11 10:41:34,MO2312-C-7800,MO2312-C-7800,29.4,0.0,0.0,0.0,6,28.4,30.0,26,29.4,30.4,0.0,0.0,0.0,0.0,350
2023-05-11 10:41:37,MO2312-C-7800,MO2312-C-7800,29.4,0.0,0.0,0.0,6,28.4,29.8,6,29.4,30.4,0.0,0.0,0.0,0.0,350
2023-05-11 10:41:42,MO2312-C-7800,MO2312-C-7800,29.4,0.0,0.0,0.0,6,28.4,30.0,26,29.4,30.4,0.0,0.0,0.0,0.0,350
2023-05-11 10:41:53,MO2312-C-7800,MO2312-C-7800,29.4,0.0,0.0,0.0,6,28.4,29.8,6,29.4,30.4,0.0,0.0,0.0,0.0,350
2023-05-11 10:42:04,MO2312-C-7800,MO2312-C-7800,29.4,0.0,0.0,0.0,6,28.4,29.8,8,29.4,30.4,0.0,0.0,0.0,0.0,350
2023-05-11 10:42:20,MO2312-C-7800,MO2312-C-7800,29.4,0.0,0.0,0.0,6,28.4,29.8,2,29.4,30.4,0.0,0.0,0.0,0.0,350
2023-05-11 10:42:21,MO2312-C-7800,MO2312-C-7800,29.4,0.0,0.0,0.0,6,28.4,30.0,24,29.4,30.4,0.0,0.0,0.0,0.0,350
2023-05-11 10:42:21,MO2312-C-7800,MO2312-C-7800,29.4,0.0,0.0,0.0,6,28.4,29.8,6,29.4,30.4,0.0,0.0,0.0,0.0,350
2023-05-11 10:42:22,MO2312-C-7800,MO2312-C-7800,29.4,0.0,0.0,0.0,6,28.4,29.8,8,29.4,30.4,0.0,0.0,0.0,0.0,350
2023-05-11 10:42:22,MO2312-C-7800,MO2312-C-7800,29.4,0.0,0.0,0.0,6,28.4,29.8,2,29.4,30.4,0.0,0.0,0.0,0.0,350
2023-05-11 10:42:23,MO2312-C-7800,MO2312-C-7800,29.4,0.0,0.0,0.0,6,28.4,30.0,24,29.4,30.4,0.0,0.0,0.0,0.0,350
2023-05-11 10:42:24,MO2312-C-7800,MO2312-C-7800,29.4,0.0,0.0,0.0,6,28.4,30.0,26,29.4,30.4,0.0,0.0,0.0,0.0,350
2023-05-11 10:42:37,MO2312-C-7800,MO2312-C-7800,29.4,0.0,0.0,0.0,6,28.4,30.0,20,29.4,30.4,0.0,0.0,0.0,0.0,350
2023-05-11 10:42:54,MO2312-C-7800,MO2312-C-7800,29.4,0.0,0.0,0.0,6,28.4,30.0,14,29.4,30.4,0.0,0.0,0.0,0.0,350
2023-05-11 10:43:47,MO2312-C-7800,MO2312-C-7800,29.4,0.0,0.0,0.0,6,28.4,30.0,8,29.4,30.4,0.0,0.0,0.0,0.0,350
2023-05-11 10:43:48,MO2312-C-7800,MO2312-C-7800,29.4,0.0,0.0,0.0,6,28.4,30.0,2,29.4,30.4,0.0,0.0,0.0,0.0,350
2023-05-11 10:43:49,MO2312-C-7800,MO2312-C-7800,29.4,0.0,0.0,0.0,6,28.4,30.2,18,29.4,30.4,0.0,0.0,0.0,0.0,350
2023-05-11 10:43:50,MO2312-C-7800,MO2312-C-7800,29.4,0.0,0.0,0.0,6,28.4,30.2,20,29.4,30.4,0.0,0.0,0.0,0.0,350
2023-05-11 10:43:50,MO2312-C-7800,MO2312-C-7800,29.4,0.0,0.0,0.0,6,28.4,30.2,14,29.4,30.4,0.0,0.0,0.0,0.0,350
2023-05-11 10:43:51,MO2312-C-7800,MO2312-C-7800,29.4,0.0,0.0,0.0,6,28.4,30.2,16,29.4,30.4,0.0,0.0,0.0,0.0,350
2023-05-11 10:43:57,MO2312-C-7800,MO2312-C-7800,29.4,0.0,0.0,0.0,6,28.4,30.2,10,29.4,30.4,0.0,0.0,0.0,0.0,350
2023-05-11 10:43:58,MO2312-C-7800,MO2312-C-7800,29.4,0.0,0.0,0.0,6,28.4,30.2,4,29.4,30.4,0.0,0.0,0.0,0.0,350
2023-05-11 10:43:58,MO2312-C-7800,MO2312-C-7800,29.4,0.0,0.0,0.0,6,28.4,30.2,2,29.4,30.4,0.0,0.0,0.0,0.0,350
2023-05-11 10:44:20,MO2312-C-7800,MO2312-C-7800,29.4,0.0,0.0,0.0,6,28.4,30.4,2,29.4,30.4,0.0,0.0,0.0,0.0,350
2023-05-11 10:44:36,MO2312-C-7800,MO2312-C-7800,30.6,6.0,18320.0,-2.0,6,28.4,30.6,16,29.4,30.4,30.6,30.4,6.0,18320.0,348
2023-05-11 10:44:37,MO2312-C-7800,MO2312-C-7800,30.6,0.0,0.0,0.0,6,28.4,30.6,18,29.4,30.4,30.6,30.4,6.0,18320.0,348
2023-05-11 10:44:37,MO2312-C-7800,MO2312-C-7800,30.6,0.0,0.0,0.0,6,28.4,30.4,2,29.4,30.4,30.6,30.4,6.0,18320.0,348
2023-05-11 10:45:02,MO2312-C-7800,MO2312-C-7800,30.6,0.0,0.0,0.0,6,28.4,30.6,22,29.4,30.4,30.6,30.4,6.0,18320.0,348
2023-05-11 10:45:03,MO2312-C-7800,MO2312-C-7800,30.6,0.0,0.0,0.0,6,28.4,30.6,24,29.4,30.4,30.6,30.4,6.0,18320.0,348
2023-05-11 10:45:07,MO2312-C-7800,MO2312-C-7800,30.6,0.0,0.0,0.0,6,28.4,30.6,22,29.4,30.4,30.6,30.4,6.0,18320.0,348
2023-05-11 10:45:08,MO2312-C-7800,MO2312-C-7800,30.6,0.0,0.0,0.0,6,28.4,30.6,24,29.4,30.4,30.6,30.4,6.0,18320.0,348
2023-05-11 10:45:09,MO2312-C-7800,MO2312-C-7800,30.6,0.0,0.0,0.0,6,28.4,30.6,22,29.4,30.4,30.6,30.4,6.0,18320.0,348
2023-05-11 10:45:11,MO2312-C-7800,MO2312-C-7800,30.6,0.0,0.0,0.0,6,28.4,30.6,24,29.4,30.4,30.6,30.4,6.0,18320.0,348
2023-05-11 10:45:12,MO2312-C-7800,MO2312-C-7800,30.6,0.0,0.0,0.0,6,28.4,30.6,22,29.4,30.4,30.6,30.4,6.0,18320.0,348
2023-05-11 10:45:16,MO2312-C-7800,MO2312-C-7800,30.6,0.0,0.0,0.0,6,28.4,30.6,24,29.4,30.4,30.6,30.4,6.0,18320.0,348
2023-05-11 10:45:18,MO2312-C-7800,MO2312-C-7800,30.6,0.0,0.0,0.0,6,28.4,30.6,25,29.4,30.4,30.6,30.4,6.0,18320.0,348
2023-05-11 10:45:34,MO2312-C-7800,MO2312-C-7800,30.6,0.0,0.0,0.0,6,28.4,30.6,23,29.4,30.4,30.6,30.4,6.0,18320.0,348
2023-05-11 10:45:34,MO2312-C-7800,MO2312-C-7800,30.6,0.0,0.0,0.0,6,28.4,30.6,25,29.4,30.4,30.6,30.4,6.0,18320.0,348
2023-05-11 10:45:35,MO2312-C-7800,MO2312-C-7800,30.6,0.0,0.0,0.0,6,28.4,30.6,23,29.4,30.4,30.6,30.4,6.0,18320.0,348
2023-05-11 10:45:37,MO2312-C-7800,MO2312-C-7800,30.6,0.0,0.0,0.0,6,28.4,30.6,25,29.4,30.4,30.6,30.4,6.0,18320.0,348
2023-05-11 10:46:41,MO2312-C-7800,MO2312-C-7800,30.6,0.0,0.0,0.0,6,28.4,30.6,23,29.4,30.4,30.6,30.4,6.0,18320.0,348
2023-05-11 10:46:41,MO2312-C-7800,MO2312-C-7800,30.6,0.0,0.0,0.0,6,28.4,30.6,25,29.4,30.4,30.6,30.4,6.0,18320.0,348
2023-05-11 10:46:42,MO2312-C-7800,MO2312-C-7800,30.6,0.0,0.0,0.0,6,28.4,30.6,21,29.4,30.4,30.6,30.4,6.0,18320.0,348
2023-05-11 10:46:43,MO2312-C-7800,MO2312-C-7800,30.6,0.0,0.0,0.0,6,28.4,30.6,23,29.4,30.4,30.6,30.4,6.0,18320.0,348
2023-05-11 10:46:43,MO2312-C-7800,MO2312-C-7800,30.6,0.0,0.0,0.0,6,28.4,30.6,15,29.4,30.4,30.6,30.4,6.0,18320.0,348
2023-05-11 10:46:48,MO2312-C-7800,MO2312-C-7800,30.6,0.0,0.0,0.0,6,28.4,30.6,14,29.4,30.4,30.6,30.4,6.0,18320.0,348
2023-05-11 10:47:19,MO2312-C-7800,MO2312-C-7800,30.6,0.0,0.0,0.0,12,28.4,30.6,14,29.4,30.4,30.6,30.4,6.0,18320.0,348
2023-05-11 10:47:20,MO2312-C-7800,MO2312-C-7800,30.6,0.0,0.0,0.0,6,28.6,30.6,14,29.4,30.4,30.6,30.4,6.0,18320.0,348
2023-05-11 10:50:27,MO2312-C-7800,MO2312-C-7800,30.6,0.0,0.0,0.0,6,28.8,30.6,14,29.4,30.4,30.6,30.4,6.0,18320.0,348
2023-05-11 10:50:27,MO2312-C-7800,MO2312-C-7800,30.6,0.0,0.0,0.0,6,29.0,30.6,14,29.4,30.4,30.6,30.4,6.0,18320.0,348
2023-05-11 10:51:12,MO2312-C-7800,MO2312-C-7800,30.6,0.0,0.0,0.0,6,29.0,30.6,8,29.4,30.4,30.6,30.4,6.0,18320.0,348
2023-05-11 10:51:12,MO2312-C-7800,MO2312-C-7800,30.6,0.0,0.0,0.0,6,29.0,30.6,2,29.4,30.4,30.6,30.4,6.0,18320.0,348
2023-05-11 10:51:13,MO2312-C-7800,MO2312-C-7800,30.6,0.0,0.0,0.0,6,29.0,30.8,1,29.4,30.4,30.6,30.4,6.0,18320.0,348
2023-05-11 10:51:26,MO2312-C-7800,MO2312-C-7800,30.6,0.0,0.0,0.0,6,29.0,30.8,3,29.4,30.4,30.6,30.4,6.0,18320.0,348
2023-05-11 10:51:28,MO2312-C-7800,MO2312-C-7800,30.6,0.0,0.0,0.0,6,29.0,30.8,1,29.4,30.4,30.6,30.4,6.0,18320.0,348
2023-05-11 10:52:00,MO2312-C-7800,MO2312-C-7800,30.6,0.0,0.0,0.0,6,29.0,30.8,7,29.4,30.4,30.6,30.4,6.0,18320.0,348
2023-05-11 10:52:01,MO2312-C-7800,MO2312-C-7800,30.6,0.0,0.0,0.0,6,29.0,30.8,1,29.4,30.4,30.6,30.4,6.0,18320.0,348
2023-05-11 10:52:10,MO2312-C-7800,MO2312-C-7800,30.6,0.0,0.0,0.0,6,29.0,30.8,7,29.4,30.4,30.6,30.4,6.0,18320.0,348
2023-05-11 10:52:16,MO2312-C-7800,MO2312-C-7800,30.6,0.0,0.0,0.0,6,29.0,30.8,9,29.4,30.4,30.6,30.4,6.0,18320.0,348
2023-05-11 10:52:21,MO2312-C-7800,MO2312-C-7800,30.6,0.0,0.0,0.0,6,29.0,30.8,3,29.4,30.4,30.6,30.4,6.0,18320.0,348
2023-05-11 10:52:22,MO2312-C-7800,MO2312-C-7800,30.6,0.0,0.0,0.0,6,29.0,30.8,1,29.4,30.4,30.6,30.4,6.0,18320.0,348
2023-05-11 10:52:24,MO2312-C-7800,MO2312-C-7800,30.6,0.0,0.0,0.0,6,29.0,31.0,20,29.4,30.4,30.6,30.4,6.0,18320.0,348
2023-05-11 10:52:25,MO2312-C-7800,MO2312-C-7800,30.6,0.0,0.0,0.0,6,29.0,31.0,22,29.4,30.4,30.6,30.4,6.0,18320.0,348
2023-05-11 10:52:28,MO2312-C-7800,MO2312-C-7800,30.6,0.0,0.0,0.0,6,29.0,31.0,23,29.4,30.4,30.6,30.4,6.0,18320.0,348
2023-05-11 10:52:33,MO2312-C-7800,MO2312-C-7800,30.6,0.0,0.0,0.0,6,29.0,31.0,25,29.4,30.4,30.6,30.4,6.0,18320.0,348
2023-05-11 10:52:34,MO2312-C-7800,MO2312-C-7800,30.6,0.0,0.0,0.0,6,29.0,31.0,23,29.4,30.4,30.6,30.4,6.0,18320.0,348
2023-05-11 10:52:38,MO2312-C-7800,MO2312-C-7800,30.6,0.0,0.0,0.0,6,29.0,31.0,17,29.4,30.4,30.6,30.4,6.0,18320.0,348
2023-05-11 10:52:44,MO2312-C-7800,MO2312-C-7800,30.6,0.0,0.0,0.0,6,29.0,31.0,19,29.4,30.4,30.6,30.4,6.0,18320.0,348
2023-05-11 10:52:44,MO2312-C-7800,MO2312-C-7800,30.6,0.0,0.0,0.0,6,29.0,31.0,17,29.4,30.4,30.6,30.4,6.0,18320.0,348
2023-05-11 10:52:46,MO2312-C-7800,MO2312-C-7800,30.6,0.0,0.0,0.0,6,29.0,31.0,19,29.4,30.4,30.6,30.4,6.0,18320.0,348
2023-05-11 10:52:50,MO2312-C-7800,MO2312-C-7800,30.6,0.0,0.0,0.0,6,29.0,31.0,17,29.4,30.4,30.6,30.4,6.0,18320.0,348
2023-05-11 10:52:50,MO2312-C-7800,MO2312-C-7800,30.6,0.0,0.0,0.0,6,29.0,30.8,6,29.4,30.4,30.6,30.4,6.0,18320.0,348
2023-05-11 10:52:51,MO2312-C-7800,MO2312-C-7800,30.6,0.0,0.0,0.0,6,29.0,30.8,8,29.4,30.4,30.6,30.4,6.0,18320.0,348
2023-05-11 10:53:04,MO2312-C-7800,MO2312-C-7800,30.6,0.0,0.0,0.0,6,29.0,30.8,2,29.4,30.4,30.6,30.4,6.0,18320.0,348
2023-05-11 10:53:04,MO2312-C-7800,MO2312-C-7800,30.6,0.0,0.0,0.0,6,29.0,31.0,19,29.4,30.4,30.6,30.4,6.0,18320.0,348
2023-05-11 10:53:05,MO2312-C-7800,MO2312-C-7800,30.6,0.0,0.0,0.0,6,29.0,31.0,21,29.4,30.4,30.6,30.4,6.0,18320.0,348
2023-05-11 10:53:05,MO2312-C-7800,MO2312-C-7800,30.6,0.0,0.0,0.0,6,29.0,31.0,25,29.4,30.4,30.6,30.4,6.0,18320.0,348
2023-05-11 10:53:07,MO2312-C-7800,MO2312-C-7800,30.6,0.0,0.0,0.0,6,29.0,30.8,6,29.4,30.4,30.6,30.4,6.0,18320.0,348
2023-05-11 10:53:08,MO2312-C-7800,MO2312-C-7800,30.6,0.0,0.0,0.0,18,28.8,30.8,8,29.4,30.4,30.6,30.4,6.0,18320.0,348
2023-05-11 10:53:09,MO2312-C-7800,MO2312-C-7800,30.6,0.0,0.0,0.0,6,29.0,30.6,6,29.4,30.4,30.6,30.4,6.0,18320.0,348
2023-05-11 10:53:10,MO2312-C-7800,MO2312-C-7800,30.6,0.0,0.0,0.0,12,28.8,30.8,6,29.4,30.4,30.6,30.4,6.0,18320.0,348
2023-05-11 10:53:10,MO2312-C-7800,MO2312-C-7800,30.6,0.0,0.0,0.0,6,28.8,30.8,8,29.4,30.4,30.6,30.4,6.0,18320.0,348
2023-05-11 10:53:17,MO2312-C-7800,MO2312-C-7800,30.6,0.0,0.0,0.0,6,28.8,30.8,2,29.4,30.4,30.6,30.4,6.0,18320.0,348
2023-05-11 10:53:17,MO2312-C-7800,MO2312-C-7800,30.6,0.0,0.0,0.0,6,28.8,31.0,19,29.4,30.4,30.6,30.4,6.0,18320.0,348
2023-05-11 10:53:18,MO2312-C-7800,MO2312-C-7800,30.6,0.0,0.0,0.0,6,28.8,31.0,23,29.4,30.4,30.6,30.4,6.0,18320.0,348
2023-05-11 10:53:18,MO2312-C-7800,MO2312-C-7800,30.6,0.0,0.0,0.0,6,28.8,31.0,25,29.4,30.4,30.6,30.4,6.0,18320.0,348
2023-05-11 10:53:43,MO2312-C-7800,MO2312-C-7800,30.6,0.0,0.0,0.0,6,28.8,31.0,19,29.4,30.4,30.6,30.4,6.0,18320.0,348
2023-05-11 10:53:47,MO2312-C-7800,MO2312-C-7800,30.6,0.0,0.0,0.0,6,28.8,31.0,25,29.4,30.4,30.6,30.4,6.0,18320.0,348
2023-05-11 10:53:50,MO2312-C-7800,MO2312-C-7800,30.6,0.0,0.0,0.0,6,28.8,31.0,19,29.4,30.4,30.6,30.4,6.0,18320.0,348
2023-05-11 10:53:57,MO2312-C-7800,MO2312-C-7800,30.6,0.0,0.0,0.0,6,28.8,31.0,17,29.4,30.4,30.6,30.4,6.0,18320.0,348
2023-05-11 10:53:58,MO2312-C-7800,MO2312-C-7800,30.6,0.0,0.0,0.0,6,28.8,31.0,19,29.4,30.4,30.6,30.4,6.0,18320.0,348
2023-05-11 10:54:11,MO2312-C-7800,MO2312-C-7800,30.6,0.0,0.0,0.0,6,28.8,31.0,17,29.4,30.4,30.6,30.4,6.0,18320.0,348
2023-05-11 10:54:11,MO2312-C-7800,MO2312-C-7800,30.6,0.0,0.0,0.0,6,28.8,31.0,16,29.4,30.4,30.6,30.4,6.0,18320.0,348
2023-05-11 10:54:16,MO2312-C-7800,MO2312-C-7800,30.6,0.0,0.0,0.0,6,28.8,31.0,22,29.4,30.4,30.6,30.4,6.0,18320.0,348
2023-05-11 10:54:19,MO2312-C-7800,MO2312-C-7800,30.6,0.0,0.0,0.0,6,28.8,31.0,16,29.4,30.4,30.6,30.4,6.0,18320.0,348
2023-05-11 10:54:27,MO2312-C-7800,MO2312-C-7800,30.6,0.0,0.0,0.0,6,28.8,30.8,6,29.4,30.4,30.6,30.4,6.0,18320.0,348
2023-05-11 10:54:30,MO2312-C-7800,MO2312-C-7800,30.6,0.0,0.0,0.0,6,28.8,30.8,8,29.4,30.4,30.6,30.4,6.0,18320.0,348
2023-05-11 10:54:32,MO2312-C-7800,MO2312-C-7800,30.6,0.0,0.0,0.0,6,28.8,30.8,2,29.4,30.4,30.6,30.4,6.0,18320.0,348
2023-05-11 10:54:32,MO2312-C-7800,MO2312-C-7800,30.6,0.0,0.0,0.0,6,28.8,31.0,18,29.4,30.4,30.6,30.4,6.0,18320.0,348
2023-05-11 10:54:33,MO2312-C-7800,MO2312-C-7800,30.6,0.0,0.0,0.0,6,28.8,31.0,20,29.4,30.4,30.6,30.4,6.0,18320.0,348
2023-05-11 10:54:39,MO2312-C-7800,MO2312-C-7800,30.6,0.0,0.0,0.0,6,28.8,31.0,14,29.4,30.4,30.6,30.4,6.0,18320.0,348
2023-05-11 10:54:40,MO2312-C-7800,MO2312-C-7800,30.6,0.0,0.0,0.0,6,28.8,31.0,16,29.4,30.4,30.6,30.4,6.0,18320.0,348
2023-05-11 10:54:42,MO2312-C-7800,MO2312-C-7800,30.6,0.0,0.0,0.0,12,28.8,31.0,16,29.4,30.4,30.6,30.4,6.0,18320.0,348
2023-05-11 10:54:43,MO2312-C-7800,MO2312-C-7800,30.6,0.0,0.0,0.0,12,28.8,30.8,6,29.4,30.4,30.6,30.4,6.0,18320.0,348
2023-05-11 10:54:43,MO2312-C-7800,MO2312-C-7800,30.6,0.0,0.0,0.0,12,28.8,30.8,8,29.4,30.4,30.6,30.4,6.0,18320.0,348
2023-05-11 10:54:44,MO2312-C-7800,MO2312-C-7800,30.6,0.0,0.0,0.0,6,29.0,30.6,6,29.4,30.4,30.6,30.4,6.0,18320.0,348
2023-05-11 10:54:46,MO2312-C-7800,MO2312-C-7800,30.6,0.0,0.0,0.0,6,29.0,30.6,8,29.4,30.4,30.6,30.4,6.0,18320.0,348
2023-05-11 10:55:08,MO2312-C-7800,MO2312-C-7800,30.6,0.0,0.0,0.0,6,28.8,30.6,2,29.4,30.4,30.6,30.4,6.0,18320.0,348
2023-05-11 10:55:09,MO2312-C-7800,MO2312-C-7800,30.6,0.0,0.0,0.0,6,28.8,30.8,6,29.4,30.4,30.6,30.4,6.0,18320.0,348
2023-05-11 10:55:10,MO2312-C-7800,MO2312-C-7800,30.6,0.0,0.0,0.0,6,28.8,30.8,8,29.4,30.4,30.6,30.4,6.0,18320.0,348
2023-05-11 10:55:13,MO2312-C-7800,MO2312-C-7800,30.6,0.0,0.0,0.0,6,28.8,30.6,6,29.4,30.4,30.6,30.4,6.0,18320.0,348
2023-05-11 10:55:13,MO2312-C-7800,MO2312-C-7800,30.6,0.0,0.0,0.0,6,28.8,30.6,8,29.4,30.4,30.6,30.4,6.0,18320.0,348
2023-05-11 10:55:19,MO2312-C-7800,MO2312-C-7800,30.6,0.0,0.0,0.0,6,28.8,30.4,6,29.4,30.4,30.6,30.4,6.0,18320.0,348
2023-05-11 10:55:19,MO2312-C-7800,MO2312-C-7800,30.6,0.0,0.0,0.0,6,28.8,30.4,8,29.4,30.4,30.6,30.4,6.0,18320.0,348
2023-05-11 10:55:20,MO2312-C-7800,MO2312-C-7800,30.6,0.0,0.0,0.0,6,28.8,30.4,2,29.4,30.4,30.6,30.4,6.0,18320.0,348
2023-05-11 10:55:21,MO2312-C-7800,MO2312-C-7800,30.6,0.0,0.0,0.0,6,28.8,30.6,6,29.4,30.4,30.6,30.4,6.0,18320.0,348
2023-05-11 10:55:21,MO2312-C-7800,MO2312-C-7800,30.6,0.0,0.0,0.0,31,28.6,30.8,6,29.4,30.4,30.6,30.4,6.0,18320.0,348
2023-05-11 10:55:22,MO2312-C-7800,MO2312-C-7800,30.6,0.0,0.0,0.0,31,28.6,30.6,2,29.4,30.4,30.6,30.4,6.0,18320.0,348
2023-05-11 10:55:22,MO2312-C-7800,MO2312-C-7800,30.6,0.0,0.0,0.0,6,28.8,30.6,6,29.4,30.4,30.6,30.4,6.0,18320.0,348
2023-05-11 10:55:23,MO2312-C-7800,MO2312-C-7800,30.6,0.0,0.0,0.0,31,28.6,30.8,6,29.4,30.4,30.6,30.4,6.0,18320.0,348
2023-05-11 10:55:23,MO2312-C-7800,MO2312-C-7800,30.6,0.0,0.0,0.0,31,28.6,30.8,8,29.4,30.4,30.6,30.4,6.0,18320.0,348
2023-05-11 10:55:24,MO2312-C-7800,MO2312-C-7800,30.6,0.0,0.0,0.0,6,28.8,30.6,6,29.4,30.4,30.6,30.4,6.0,18320.0,348
2023-05-11 10:55:25,MO2312-C-7800,MO2312-C-7800,30.6,0.0,0.0,0.0,6,28.8,30.6,8,29.4,30.4,30.6,30.4,6.0,18320.0,348
2023-05-11 10:55:26,MO2312-C-7800,MO2312-C-7800,30.6,0.0,0.0,0.0,6,28.8,30.4,6,29.4,30.4,30.6,30.4,6.0,18320.0,348
2023-05-11 10:55:27,MO2312-C-7800,MO2312-C-7800,30.6,0.0,0.0,0.0,6,28.8,30.4,8,29.4,30.4,30.6,30.4,6.0,18320.0,348
2023-05-11 10:55:38,MO2312-C-7800,MO2312-C-7800,30.6,0.0,0.0,0.0,6,28.8,30.2,6,29.4,30.4,30.6,30.4,6.0,18320.0,348
2023-05-11 10:55:41,MO2312-C-7800,MO2312-C-7800,30.6,0.0,0.0,0.0,6,28.8,30.4,8,29.4,30.4,30.6,30.4,6.0,18320.0,348
2023-05-11 10:55:45,MO2312-C-7800,MO2312-C-7800,30.6,0.0,0.0,0.0,6,28.8,30.2,6,29.4,30.4,30.6,30.4,6.0,18320.0,348
2023-05-11 10:55:46,MO2312-C-7800,MO2312-C-7800,30.6,0.0,0.0,0.0,6,28.8,30.2,8,29.4,30.4,30.6,30.4,6.0,18320.0,348
2023-05-11 10:56:00,MO2312-C-7800,MO2312-C-7800,30.6,0.0,0.0,0.0,6,28.8,30.2,2,29.4,30.4,30.6,30.4,6.0,18320.0,348
2023-05-11 10:56:00,MO2312-C-7800,MO2312-C-7800,30.6,0.0,0.0,0.0,6,28.8,30.6,6,29.4,30.4,30.6,30.4,6.0,18320.0,348
2023-05-11 10:56:01,MO2312-C-7800,MO2312-C-7800,30.6,0.0,0.0,0.0,31,28.6,30.8,6,29.4,30.4,30.6,30.4,6.0,18320.0,348
2023-05-11 10:56:01,MO2312-C-7800,MO2312-C-7800,30.6,0.0,0.0,0.0,31,28.6,30.8,8,29.4,30.4,30.6,30.4,6.0,18320.0,348
2023-05-11 10:56:02,MO2312-C-7800,MO2312-C-7800,30.6,0.0,0.0,0.0,6,28.8,30.6,6,29.4,30.4,30.6,30.4,6.0,18320.0,348
2023-05-11 10:56:13,MO2312-C-7800,MO2312-C-7800,30.6,0.0,0.0,0.0,6,28.8,30.6,8,29.4,30.4,30.6,30.4,6.0,18320.0,348
2023-05-11 10:56:16,MO2312-C-7800,MO2312-C-7800,30.6,0.0,0.0,0.0,6,28.8,30.6,2,29.4,30.4,30.6,30.4,6.0,18320.0,348
2023-05-11 10:56:16,MO2312-C-7800,MO2312-C-7800,30.6,0.0,0.0,0.0,31,28.6,30.8,6,29.4,30.4,30.6,30.4,6.0,18320.0,348
2023-05-11 10:56:17,MO2312-C-7800,MO2312-C-7800,30.6,0.0,0.0,0.0,6,28.8,30.8,8,29.4,30.4,30.6,30.4,6.0,18320.0,348
2023-05-11 10:56:20,MO2312-C-7800,MO2312-C-7800,30.6,0.0,0.0,0.0,6,28.8,30.6,6,29.4,30.4,30.6,30.4,6.0,18320.0,348
2023-05-11 10:56:21,MO2312-C-7800,MO2312-C-7800,30.6,0.0,0.0,0.0,6,28.8,30.6,8,29.4,30.4,30.6,30.4,6.0,18320.0,348
2023-05-11 10:56:23,MO2312-C-7800,MO2312-C-7800,30.6,0.0,0.0,0.0,6,28.8,30.6,2,29.4,30.4,30.6,30.4,6.0,18320.0,348
2023-05-11 10:56:24,MO2312-C-7800,MO2312-C-7800,30.6,0.0,0.0,0.0,6,28.8,30.8,6,29.4,30.4,30.6,30.4,6.0,18320.0,348
2023-05-11 10:56:25,MO2312-C-7800,MO2312-C-7800,30.6,0.0,0.0,0.0,6,28.8,30.8,8,29.4,30.4,30.6,30.4,6.0,18320.0,348
2023-05-11 10:56:31,MO2312-C-7800,MO2312-C-7800,30.6,0.0,0.0,0.0,6,28.8,30.8,2,29.4,30.4,30.6,30.4,6.0,18320.0,348
2023-05-11 10:56:32,MO2312-C-7800,MO2312-C-7800,30.6,0.0,0.0,0.0,6,28.8,31.0,18,29.4,30.4,30.6,30.4,6.0,18320.0,348
2023-05-11 10:56:33,MO2312-C-7800,MO2312-C-7800,30.6,0.0,0.0,0.0,6,28.8,31.0,20,29.4,30.4,30.6,30.4,6.0,18320.0,348
2023-05-11 10:56:33,MO2312-C-7800,MO2312-C-7800,30.6,0.0,0.0,0.0,6,28.8,31.0,22,29.4,30.4,30.6,30.4,6.0,18320.0,348
2023-05-11 10:56:44,MO2312-C-7800,MO2312-C-7800,30.6,0.0,0.0,0.0,12,28.8,31.0,22,29.4,30.4,30.6,30.4,6.0,18320.0,348
2023-05-11 10:56:44,MO2312-C-7800,MO2312-C-7800,30.6,0.0,0.0,0.0,6,29.0,30.8,6,29.4,30.4,30.6,30.4,6.0,18320.0,348
2023-05-11 10:56:59,MO2312-C-7800,MO2312-C-7800,30.6,0.0,0.0,0.0,6,28.8,30.8,6,29.4,30.4,30.6,30.4,6.0,18320.0,348
2023-05-11 10:57:00,MO2312-C-7800,MO2312-C-7800,30.6,0.0,0.0,0.0,6,28.8,30.8,8,29.4,30.4,30.6,30.4,6.0,18320.0,348
2023-05-11 10:57:00,MO2312-C-7800,MO2312-C-7800,30.6,0.0,0.0,0.0,12,28.8,30.6,6,29.4,30.4,30.6,30.4,6.0,18320.0,348
2023-05-11 10:57:01,MO2312-C-7800,MO2312-C-7800,30.6,0.0,0.0,0.0,12,28.8,30.6,8,29.4,30.4,30.6,30.4,6.0,18320.0,348
2023-05-11 10:57:02,MO2312-C-7800,MO2312-C-7800,30.6,0.0,0.0,0.0,6,29.0,30.6,2,29.4,30.4,30.6,30.4,6.0,18320.0,348
2023-05-11 10:57:02,MO2312-C-7800,MO2312-C-7800,30.6,0.0,0.0,0.0,6,29.0,30.8,6,29.4,30.4,30.6,30.4,6.0,18320.0,348
2023-05-11 10:57:03,MO2312-C-7800,MO2312-C-7800,30.6,0.0,0.0,0.0,6,29.0,30.8,8,29.4,30.4,30.6,30.4,6.0,18320.0,348
2023-05-11 10:57:10,MO2312-C-7800,MO2312-C-7800,30.6,0.0,0.0,0.0,6,29.0,30.6,6,29.4,30.4,30.6,30.4,6.0,18320.0,348
2023-05-11 10:57:11,MO2312-C-7800,MO2312-C-7800,30.6,0.0,0.0,0.0,6,28.8,30.6,6,29.4,30.4,30.6,30.4,6.0,18320.0,348
2023-05-11 10:57:11,MO2312-C-7800,MO2312-C-7800,30.6,0.0,0.0,0.0,6,28.8,30.8,8,29.4,30.4,30.6,30.4,6.0,18320.0,348
2023-05-11 10:57:16,MO2312-C-7800,MO2312-C-7800,30.6,0.0,0.0,0.0,6,28.8,30.6,6,29.4,30.4,30.6,30.4,6.0,18320.0,348
2023-05-11 10:57:16,MO2312-C-7800,MO2312-C-7800,30.6,0.0,0.0,0.0,6,28.8,30.6,8,29.4,30.4,30.6,30.4,6.0,18320.0,348
2023-05-11 10:57:19,MO2312-C-7800,MO2312-C-7800,30.6,0.0,0.0,0.0,6,28.8,30.4,6,29.4,30.4,30.6,30.4,6.0,18320.0,348
2023-05-11 10:57:20,MO2312-C-7800,MO2312-C-7800,30.6,0.0,0.0,0.0,31,28.6,30.6,2,29.4,30.4,30.6,30.4,6.0,18320.0,348
2023-05-11 10:57:20,MO2312-C-7800,MO2312-C-7800,30.6,0.0,0.0,0.0,6,28.8,30.6,6,29.4,30.4,30.6,30.4,6.0,18320.0,348
2023-05-11 10:57:21,MO2312-C-7800,MO2312-C-7800,30.6,0.0,0.0,0.0,19,28.6,30.8,6,29.4,30.4,30.6,30.4,6.0,18320.0,348
2023-05-11 10:57:21,MO2312-C-7800,MO2312-C-7800,30.6,0.0,0.0,0.0,19,28.6,30.8,8,29.4,30.4,30.6,30.4,6.0,18320.0,348
2023-05-11 10:57:22,MO2312-C-7800,MO2312-C-7800,30.6,0.0,0.0,0.0,19,28.6,30.6,6,29.4,30.4,30.6,30.4,6.0,18320.0,348
2023-05-11 10:57:22,MO2312-C-7800,MO2312-C-7800,30.6,0.0,0.0,0.0,19,28.6,30.6,8,29.4,30.4,30.6,30.4,6.0,18320.0,348
2023-05-11 10:57:23,MO2312-C-7800,MO2312-C-7800,30.6,0.0,0.0,0.0,6,28.8,30.4,6,29.4,30.4,30.6,30.4,6.0,18320.0,348
2023-05-11 10:57:25,MO2312-C-7800,MO2312-C-7800,30.6,0.0,0.0,0.0,6,28.8,30.4,8,29.4,30.4,30.6,30.4,6.0,18320.0,348
2023-05-11 10:57:50,MO2312-C-7800,MO2312-C-7800,30.6,0.0,0.0,0.0,6,28.8,30.4,2,29.4,30.4,30.6,30.4,6.0,18320.0,348
2023-05-11 10:57:51,MO2312-C-7800,MO2312-C-7800,30.6,0.0,0.0,0.0,6,28.8,30.6,6,29.4,30.4,30.6,30.4,6.0,18320.0,348
2023-05-11 10:57:51,MO2312-C-7800,MO2312-C-7800,30.6,0.0,0.0,0.0,19,28.6,30.8,6,29.4,30.4,30.6,30.4,6.0,18320.0,348
2023-05-11 10:57:52,MO2312-C-7800,MO2312-C-7800,30.6,0.0,0.0,0.0,19,28.6,30.8,8,29.4,30.4,30.6,30.4,6.0,18320.0,348
2023-05-11 10:57:52,MO2312-C-7800,MO2312-C-7800,30.6,0.0,0.0,0.0,6,28.8,30.6,6,29.4,30.4,30.6,30.4,6.0,18320.0,348
2023-05-11 10:57:54,MO2312-C-7800,MO2312-C-7800,30.6,0.0,0.0,0.0,6,28.8,30.6,8,29.4,30.4,30.6,30.4,6.0,18320.0,348
2023-05-11 10:57:56,MO2312-C-7800,MO2312-C-7800,30.6,0.0,0.0,0.0,6,28.8,30.6,2,29.4,30.4,30.6,30.4,6.0,18320.0,348
2023-05-11 10:57:56,MO2312-C-7800,MO2312-C-7800,30.6,0.0,0.0,0.0,6,28.8,30.8,6,29.4,30.4,30.6,30.4,6.0,18320.0,348
2023-05-11 10:57:57,MO2312-C-7800,MO2312-C-7800,30.6,0.0,0.0,0.0,6,28.8,30.8,8,29.4,30.4,30.6,30.4,6.0,18320.0,348
2023-05-11 10:58:03,MO2312-C-7800,MO2312-C-7800,30.6,0.0,0.0,0.0,6,28.8,30.8,2,29.4,30.4,30.6,30.4,6.0,18320.0,348
2023-05-11 10:58:03,MO2312-C-7800,MO2312-C-7800,30.6,0.0,0.0,0.0,6,28.8,31.0,18,29.4,30.4,30.6,30.4,6.0,18320.0,348
2023-05-11 10:58:04,MO2312-C-7800,MO2312-C-7800,30.6,0.0,0.0,0.0,6,28.8,31.0,22,29.4,30.4,30.6,30.4,6.0,18320.0,348
2023-05-11 10:58:04,MO2312-C-7800,MO2312-C-7800,30.6,0.0,0.0,0.0,6,28.8,31.0,24,29.4,30.4,30.6,30.4,6.0,18320.0,348
2023-05-11 10:58:05,MO2312-C-7800,MO2312-C-7800,30.6,0.0,0.0,0.0,6,28.8,30.8,6,29.4,30.4,30.6,30.4,6.0,18320.0,348
2023-05-11 10:58:10,MO2312-C-7800,MO2312-C-7800,30.6,0.0,0.0,0.0,6,28.8,30.8,8,29.4,30.4,30.6,30.4,6.0,18320.0,348
2023-05-11 10:58:38,MO2312-C-7800,MO2312-C-7800,30.6,0.0,0.0,0.0,6,28.8,30.6,6,29.4,30.4,30.6,30.4,6.0,18320.0,348
2023-05-11 10:58:39,MO2312-C-7800,MO2312-C-7800,30.6,0.0,0.0,0.0,6,28.8,30.6,8,29.4,30.4,30.6,30.4,6.0,18320.0,348
2023-05-11 10:58:43,MO2312-C-7800,MO2312-C-7800,30.6,0.0,0.0,0.0,6,28.8,30.6,2,29.4,30.4,30.6,30.4,6.0,18320.0,348
2023-05-11 10:58:44,MO2312-C-7800,MO2312-C-7800,30.6,0.0,0.0,0.0,6,28.8,30.8,6,29.4,30.4,30.6,30.4,6.0,18320.0,348
2023-05-11 10:58:45,MO2312-C-7800,MO2312-C-7800,30.6,0.0,0.0,0.0,6,28.8,30.8,8,29.4,30.4,30.6,30.4,6.0,18320.0,348
2023-05-11 10:59:05,MO2312-C-7800,MO2312-C-7800,30.6,0.0,0.0,0.0,6,28.8,30.6,6,29.4,30.4,30.6,30.4,6.0,18320.0,348
2023-05-11 10:59:07,MO2312-C-7800,MO2312-C-7800,30.6,0.0,0.0,0.0,6,28.8,30.6,8,29.4,30.4,30.6,30.4,6.0,18320.0,348
2023-05-11 10:59:08,MO2312-C-7800,MO2312-C-7800,30.6,0.0,0.0,0.0,6,28.8,30.4,6,29.4,30.4,30.6,30.4,6.0,18320.0,348
2023-05-11 10:59:10,MO2312-C-7800,MO2312-C-7800,30.6,0.0,0.0,0.0,6,28.8,30.4,8,29.4,30.4,30.6,30.4,6.0,18320.0,348
2023-05-11 10:59:37,MO2312-C-7800,MO2312-C-7800,30.6,0.0,0.0,0.0,6,28.8,30.4,2,29.4,30.4,30.6,30.4,6.0,18320.0,348
2023-05-11 10:59:38,MO2312-C-7800,MO2312-C-7800,30.6,0.0,0.0,0.0,6,28.8,30.6,6,29.4,30.4,30.6,30.4,6.0,18320.0,348
2023-05-11 10:59:39,MO2312-C-7800,MO2312-C-7800,30.6,0.0,0.0,0.0,7,28.6,30.8,6,29.4,30.4,30.6,30.4,6.0,18320.0,348
2023-05-11 10:59:39,MO2312-C-7800,MO2312-C-7800,30.6,0.0,0.0,0.0,7,28.6,30.8,10,29.4,30.4,30.6,30.4,6.0,18320.0,348
2023-05-11 10:59:40,MO2312-C-7800,MO2312-C-7800,30.6,0.0,0.0,0.0,6,28.8,30.6,6,29.4,30.4,30.6,30.4,6.0,18320.0,348
2023-05-11 10:59:44,MO2312-C-7800,MO2312-C-7800,30.6,0.0,0.0,0.0,6,28.8,30.8,10,29.4,30.4,30.6,30.4,6.0,18320.0,348
2023-05-11 10:59:44,MO2312-C-7800,MO2312-C-7800,30.6,0.0,0.0,0.0,6,28.8,30.6,6,29.4,30.4,30.6,30.4,6.0,18320.0,348
2023-05-11 10:59:47,MO2312-C-7800,MO2312-C-7800,30.6,0.0,0.0,0.0,6,28.8,30.6,8,29.4,30.4,30.6,30.4,6.0,18320.0,348
2023-05-11 10:59:49,MO2312-C-7800,MO2312-C-7800,30.6,0.0,0.0,0.0,6,28.6,30.6,2,29.4,30.4,30.6,30.4,6.0,18320.0,348
2023-05-11 10:59:50,MO2312-C-7800,MO2312-C-7800,30.6,0.0,0.0,0.0,6,28.6,30.8,8,29.4,30.4,30.6,30.4,6.0,18320.0,348
2023-05-11 10:59:51,MO2312-C-7800,MO2312-C-7800,30.6,0.0,0.0,0.0,6,28.6,30.8,10,29.4,30.4,30.6,30.4,6.0,18320.0,348
2023-05-11 10:59:52,MO2312-C-7800,MO2312-C-7800,30.6,0.0,0.0,0.0,6,28.6,30.6,6,29.4,30.4,30.6,30.4,6.0,18320.0,348
2023-05-11 10:59:58,MO2312-C-7800,MO2312-C-7800,30.6,0.0,0.0,0.0,6,28.6,30.6,8,29.4,30.4,30.6,30.4,6.0,18320.0,348
2023-05-11 11:00:00,MO2312-C-7800,MO2312-C-7800,30.6,0.0,0.0,0.0,6,28.6,30.6,10,29.4,30.4,30.6,30.4,6.0,18320.0,348
2023-05-11 11:00:01,MO2312-C-7800,MO2312-C-7800,30.6,0.0,0.0,0.0,6,28.6,30.6,4,29.4,30.4,30.6,30.4,6.0,18320.0,348
2023-05-11 11:00:02,MO2312-C-7800,MO2312-C-7800,30.6,0.0,0.0,0.0,6,28.6,30.6,8,29.4,30.4,30.6,30.4,6.0,18320.0,348
2023-05-11 11:00:03,MO2312-C-7800,MO2312-C-7800,30.6,0.0,0.0,0.0,6,28.6,30.6,10,29.4,30.4,30.6,30.4,6.0,18320.0,348
2023-05-11 11:00:05,MO2312-C-7800,MO2312-C-7800,30.6,0.0,0.0,0.0,6,28.6,30.6,4,29.4,30.4,30.6,30.4,6.0,18320.0,348
2023-05-11 11:00:06,MO2312-C-7800,MO2312-C-7800,30.6,0.0,0.0,0.0,6,28.6,30.6,8,29.4,30.4,30.6,30.4,6.0,18320.0,348
2023-05-11 11:00:07,MO2312-C-7800,MO2312-C-7800,30.6,0.0,0.0,0.0,6,28.6,30.6,10,29.4,30.4,30.6,30.4,6.0,18320.0,348
2023-05-11 11:00:11,MO2312-C-7800,MO2312-C-7800,30.6,0.0,0.0,0.0,6,28.6,30.4,6,29.4,30.4,30.6,30.4,6.0,18320.0,348
2023-05-11 11:00:13,MO2312-C-7800,MO2312-C-7800,30.6,0.0,0.0,0.0,6,28.6,30.4,8,29.4,30.4,30.6,30.4,6.0,18320.0,348
2023-05-11 11:00:16,MO2312-C-7800,MO2312-C-7800,30.6,0.0,0.0,0.0,6,28.6,30.4,2,29.4,30.4,30.6,30.4,6.0,18320.0,348
2023-05-11 11:00:17,MO2312-C-7800,MO2312-C-7800,30.6,0.0,0.0,0.0,6,28.6,30.6,8,29.4,30.4,30.6,30.4,6.0,18320.0,348
2023-05-11 11:00:18,MO2312-C-7800,MO2312-C-7800,30.6,0.0,0.0,0.0,6,28.6,30.6,10,29.4,30.4,30.6,30.4,6.0,18320.0,348
2023-05-11 11:00:21,MO2312-C-7800,MO2312-C-7800,30.6,0.0,0.0,0.0,6,28.6,30.4,6,29.4,30.4,30.6,30.4,6.0,18320.0,348
2023-05-11 11:00:22,MO2312-C-7800,MO2312-C-7800,30.6,0.0,0.0,0.0,6,28.6,30.4,8,29.4,30.4,30.6,30.4,6.0,18320.0,348
2023-05-11 11:00:35,MO2312-C-7800,MO2312-C-7800,30.6,0.0,0.0,0.0,6,28.6,30.4,2,29.4,30.4,30.6,30.4,6.0,18320.0,348
2023-05-11 11:00:36,MO2312-C-7800,MO2312-C-7800,30.6,0.0,0.0,0.0,6,28.6,30.6,8,29.4,30.4,30.6,30.4,6.0,18320.0,348
2023-05-11 11:00:37,MO2312-C-7800,MO2312-C-7800,30.6,0.0,0.0,0.0,6,28.6,30.6,10,29.4,30.4,30.6,30.4,6.0,18320.0,348
2023-05-11 11:00:56,MO2312-C-7800,MO2312-C-7800,30.6,0.0,0.0,0.0,6,28.6,30.4,6,29.4,30.4,30.6,30.4,6.0,18320.0,348
2023-05-11 11:00:58,MO2312-C-7800,MO2312-C-7800,30.6,0.0,0.0,0.0,6,28.6,30.4,8,29.4,30.4,30.6,30.4,6.0,18320.0,348
2023-05-11 11:00:58,MO2312-C-7800,MO2312-C-7800,30.6,0.0,0.0,0.0,6,28.6,30.4,10,29.4,30.4,30.6,30.4,6.0,18320.0,348
2023-05-11 11:01:00,MO2312-C-7800,MO2312-C-7800,30.6,0.0,0.0,0.0,6,28.6,30.2,6,29.4,30.4,30.6,30.4,6.0,18320.0,348
2023-05-11 11:01:01,MO2312-C-7800,MO2312-C-7800,30.6,0.0,0.0,0.0,6,28.6,30.2,8,29.4,30.4,30.6,30.4,6.0,18320.0,348
2023-05-11 11:01:20,MO2312-C-7800,MO2312-C-7800,30.6,0.0,0.0,0.0,6,28.6,30.2,2,29.4,30.4,30.6,30.4,6.0,18320.0,348
2023-05-11 11:01:20,MO2312-C-7800,MO2312-C-7800,30.6,0.0,0.0,0.0,6,28.6,30.4,6,29.4,30.4,30.6,30.4,6.0,18320.0,348
2023-05-11 11:01:21,MO2312-C-7800,MO2312-C-7800,30.6,0.0,0.0,0.0,13,28.4,30.6,6,29.4,30.4,30.6,30.4,6.0,18320.0,348
2023-05-11 11:01:21,MO2312-C-7800,MO2312-C-7800,30.6,0.0,0.0,0.0,7,28.4,30.6,12,29.4,30.4,30.6,30.4,6.0,18320.0,348
2023-05-11 11:01:22,MO2312-C-7800,MO2312-C-7800,30.6,0.0,0.0,0.0,1,28.4,30.6,12,29.4,30.4,30.6,30.4,6.0,18320.0,348
2023-05-11 11:01:22,MO2312-C-7800,MO2312-C-7800,30.6,0.0,0.0,0.0,7,28.4,30.4,6,29.4,30.4,30.6,30.4,6.0,18320.0,348
2023-05-11 11:01:32,MO2312-C-7800,MO2312-C-7800,30.6,0.0,0.0,0.0,6,28.6,30.4,6,29.4,30.4,30.6,30.4,6.0,18320.0,348
2023-05-11 11:01:32,MO2312-C-7800,MO2312-C-7800,30.6,0.0,0.0,0.0,6,28.6,30.4,8,29.4,30.4,30.6,30.4,6.0,18320.0,348
2023-05-11 11:01:56,MO2312-C-7800,MO2312-C-7800,30.6,0.0,0.0,0.0,1,28.4,30.4,2,29.4,30.4,30.6,30.4,6.0,18320.0,348
