time,symbol_id,symbol_name,last,trade_volume,trade_amount,open_interest_change,bv1,bp1,ap1,av1,yesterday_close,today_open,today_high,today_low,volume,amount,open_interest
2023-05-11 09:29:00,MO2312-P-6000,MO2312-P-6000,112.4,0.0,0.0,0.0,1,89.0,121.0,1,112.4,104.0,0.0,0.0,0.0,0.0,448
2023-05-11 09:30:00,MO2312-P-6000,MO2312-P-6000,112.4,0.0,0.0,0.0,1,91.2,120.2,1,112.4,104.0,0.0,0.0,0.0,0.0,448
2023-05-11 09:30:00,MO2312-P-6000,MO2312-P-6000,112.4,0.0,0.0,0.0,1,91.2,119.6,1,112.4,104.0,0.0,0.0,0.0,0.0,448
2023-05-11 09:30:01,MO2312-P-6000,MO2312-P-6000,112.4,0.0,0.0,0.0,1,91.2,119.4,6,112.4,104.0,0.0,0.0,0.0,0.0,448
2023-05-11 09:30:01,MO2312-P-6000,MO2312-P-6000,112.4,0.0,0.0,0.0,1,100.0,119.4,6,112.4,104.0,0.0,0.0,0.0,0.0,448
2023-05-11 09:30:02,MO2312-P-6000,MO2312-P-6000,112.4,0.0,0.0,0.0,1,100.0,118.4,1,112.4,104.0,0.0,0.0,0.0,0.0,448
2023-05-11 09:30:02,MO2312-P-6000,MO2312-P-6000,112.4,0.0,0.0,0.0,3,100.0,117.2,1,112.4,104.0,0.0,0.0,0.0,0.0,448
2023-05-11 09:30:03,MO2312-P-6000,MO2312-P-6000,112.4,0.0,0.0,0.0,3,100.0,117.0,6,112.4,104.0,0.0,0.0,0.0,0.0,448
2023-05-11 09:30:17,MO2312-P-6000,MO2312-P-6000,112.4,0.0,0.0,0.0,3,100.0,116.8,2,112.4,104.0,0.0,0.0,0.0,0.0,448
2023-05-11 09:30:18,MO2312-P-6000,MO2312-P-6000,112.4,0.0,0.0,0.0,3,100.0,116.6,6,112.4,104.0,0.0,0.0,0.0,0.0,448
2023-05-11 09:30:18,MO2312-P-6000,MO2312-P-6000,112.4,0.0,0.0,0.0,3,100.0,116.4,2,112.4,104.0,0.0,0.0,0.0,0.0,448
2023-05-11 09:30:19,MO2312-P-6000,MO2312-P-6000,112.4,0.0,0.0,0.0,3,100.0,108.4,1,112.4,104.0,0.0,0.0,0.0,0.0,448
2023-05-11 09:30:19,MO2312-P-6000,MO2312-P-6000,112.4,0.0,0.0,0.0,3,100.0,108.2,6,112.4,104.0,0.0,0.0,0.0,0.0,448
2023-05-11 09:30:22,MO2312-P-6000,MO2312-P-6000,112.4,0.0,0.0,0.0,2,100.0,108.2,6,112.4,104.0,0.0,0.0,0.0,0.0,448
2023-05-11 09:30:23,MO2312-P-6000,MO2312-P-6000,112.4,0.0,0.0,0.0,2,100.0,106.4,6,112.4,104.0,0.0,0.0,0.0,0.0,448
2023-05-11 09:30:23,MO2312-P-6000,MO2312-P-6000,112.4,0.0,0.0,0.0,2,100.0,106.2,6,112.4,104.0,0.0,0.0,0.0,0.0,448
2023-05-11 09:30:32,MO2312-P-6000,MO2312-P-6000,112.4,0.0,0.0,0.0,1,100.0,106.2,6,112.4,104.0,0.0,0.0,0.0,0.0,448
2023-05-11 09:30:32,MO2312-P-6000,MO2312-P-6000,112.4,0.0,0.0,0.0,6,99.6,106.2,6,112.4,104.0,0.0,0.0,0.0,0.0,448
2023-05-11 09:30:33,MO2312-P-6000,MO2312-P-6000,112.4,0.0,0.0,0.0,2,99.6,106.2,8,112.4,104.0,0.0,0.0,0.0,0.0,448
2023-05-11 09:30:33,MO2312-P-6000,MO2312-P-6000,112.4,0.0,0.0,0.0,6,99.0,106.0,7,112.4,104.0,0.0,0.0,0.0,0.0,448
2023-05-11 09:30:34,MO2312-P-6000,MO2312-P-6000,112.4,0.0,0.0,0.0,2,99.0,105.8,6,112.4,104.0,0.0,0.0,0.0,0.0,448
2023-05-11 09:30:34,MO2312-P-6000,MO2312-P-6000,112.4,0.0,0.0,0.0,6,98.2,105.8,6,112.4,104.0,0.0,0.0,0.0,0.0,448
2023-05-11 09:30:35,MO2312-P-6000,MO2312-P-6000,112.4,0.0,0.0,0.0,8,98.2,105.8,8,112.4,104.0,0.0,0.0,0.0,0.0,448
2023-05-11 09:30:35,MO2312-P-6000,MO2312-P-6000,112.4,0.0,0.0,0.0,6,98.2,105.6,6,112.4,104.0,0.0,0.0,0.0,0.0,448
2023-05-11 09:30:36,MO2312-P-6000,MO2312-P-6000,112.4,0.0,0.0,0.0,8,98.2,105.6,2,112.4,104.0,0.0,0.0,0.0,0.0,448
2023-05-11 09:30:36,MO2312-P-6000,MO2312-P-6000,112.4,0.0,0.0,0.0,6,98.2,105.4,6,112.4,104.0,0.0,0.0,0.0,0.0,448
2023-05-11 09:30:37,MO2312-P-6000,MO2312-P-6000,112.4,0.0,0.0,0.0,8,98.2,105.4,8,112.4,104.0,0.0,0.0,0.0,0.0,448
2023-05-11 09:30:37,MO2312-P-6000,MO2312-P-6000,112.4,0.0,0.0,0.0,6,98.2,105.2,6,112.4,104.0,0.0,0.0,0.0,0.0,448
2023-05-11 09:30:38,MO2312-P-6000,MO2312-P-6000,112.4,0.0,0.0,0.0,8,98.2,105.2,8,112.4,104.0,0.0,0.0,0.0,0.0,448
2023-05-11 09:30:38,MO2312-P-6000,MO2312-P-6000,112.4,0.0,0.0,0.0,6,98.2,105.0,6,112.4,104.0,0.0,0.0,0.0,0.0,448
2023-05-11 09:30:39,MO2312-P-6000,MO2312-P-6000,112.4,0.0,0.0,0.0,8,98.2,105.2,8,112.4,104.0,0.0,0.0,0.0,0.0,448
2023-05-11 09:30:39,MO2312-P-6000,MO2312-P-6000,112.4,0.0,0.0,0.0,6,98.2,105.0,6,112.4,104.0,0.0,0.0,0.0,0.0,448
2023-05-11 09:30:40,MO2312-P-6000,MO2312-P-6000,112.4,0.0,0.0,0.0,8,98.2,105.0,2,112.4,104.0,0.0,0.0,0.0,0.0,448
2023-05-11 09:30:40,MO2312-P-6000,MO2312-P-6000,112.4,0.0,0.0,0.0,6,98.2,104.8,6,112.4,104.0,0.0,0.0,0.0,0.0,448
2023-05-11 09:30:41,MO2312-P-6000,MO2312-P-6000,112.4,0.0,0.0,0.0,8,98.2,104.8,2,112.4,104.0,0.0,0.0,0.0,0.0,448
2023-05-11 09:30:41,MO2312-P-6000,MO2312-P-6000,112.4,0.0,0.0,0.0,6,98.2,104.6,6,112.4,104.0,0.0,0.0,0.0,0.0,448
2023-05-11 09:30:42,MO2312-P-6000,MO2312-P-6000,112.4,0.0,0.0,0.0,8,98.2,104.6,2,112.4,104.0,0.0,0.0,0.0,0.0,448
2023-05-11 09:30:42,MO2312-P-6000,MO2312-P-6000,112.4,0.0,0.0,0.0,6,98.2,104.4,6,112.4,104.0,0.0,0.0,0.0,0.0,448
2023-05-11 09:30:43,MO2312-P-6000,MO2312-P-6000,112.4,0.0,0.0,0.0,6,98.2,104.4,8,112.4,104.0,0.0,0.0,0.0,0.0,448
2023-05-11 09:30:43,MO2312-P-6000,MO2312-P-6000,112.4,0.0,0.0,0.0,6,98.2,104.2,6,112.4,104.0,0.0,0.0,0.0,0.0,448
2023-05-11 09:30:45,MO2312-P-6000,MO2312-P-6000,112.4,0.0,0.0,0.0,6,98.2,104.2,8,112.4,104.0,0.0,0.0,0.0,0.0,448
2023-05-11 09:30:45,MO2312-P-6000,MO2312-P-6000,112.4,0.0,0.0,0.0,6,98.2,104.0,6,112.4,104.0,0.0,0.0,0.0,0.0,448
2023-05-11 09:30:46,MO2312-P-6000,MO2312-P-6000,112.4,0.0,0.0,0.0,6,98.2,104.0,2,112.4,104.0,0.0,0.0,0.0,0.0,448
2023-05-11 09:30:46,MO2312-P-6000,MO2312-P-6000,112.4,0.0,0.0,0.0,6,98.2,104.0,6,112.4,104.0,0.0,0.0,0.0,0.0,448
2023-05-11 09:30:47,MO2312-P-6000,MO2312-P-6000,112.4,0.0,0.0,0.0,6,98.2,104.0,2,112.4,104.0,0.0,0.0,0.0,0.0,448
2023-05-11 09:30:47,MO2312-P-6000,MO2312-P-6000,112.4,0.0,0.0,0.0,6,98.2,104.0,6,112.4,104.0,0.0,0.0,0.0,0.0,448
2023-05-11 09:30:48,MO2312-P-6000,MO2312-P-6000,112.4,0.0,0.0,0.0,6,98.2,104.2,6,112.4,104.0,0.0,0.0,0.0,0.0,448
2023-05-11 09:30:49,MO2312-P-6000,MO2312-P-6000,112.4,0.0,0.0,0.0,6,98.2,104.2,8,112.4,104.0,0.0,0.0,0.0,0.0,448
2023-05-11 09:30:49,MO2312-P-6000,MO2312-P-6000,112.4,0.0,0.0,0.0,8,98.2,104.0,6,112.4,104.0,0.0,0.0,0.0,0.0,448
2023-05-11 09:30:50,MO2312-P-6000,MO2312-P-6000,112.4,0.0,0.0,0.0,6,98.2,104.0,2,112.4,104.0,0.0,0.0,0.0,0.0,448
2023-05-11 09:30:50,MO2312-P-6000,MO2312-P-6000,112.4,0.0,0.0,0.0,8,98.2,104.2,6,112.4,104.0,0.0,0.0,0.0,0.0,448
2023-05-11 09:30:51,MO2312-P-6000,MO2312-P-6000,112.4,0.0,0.0,0.0,6,98.2,104.2,8,112.4,104.0,0.0,0.0,0.0,0.0,448
2023-05-11 09:30:51,MO2312-P-6000,MO2312-P-6000,112.4,0.0,0.0,0.0,1,99.6,104.0,6,112.4,104.0,0.0,0.0,0.0,0.0,448
2023-05-11 09:30:52,MO2312-P-6000,MO2312-P-6000,112.4,0.0,0.0,0.0,1,99.6,104.2,18,112.4,104.0,0.0,0.0,0.0,0.0,448
2023-05-11 09:30:52,MO2312-P-6000,MO2312-P-6000,112.4,0.0,0.0,0.0,1,99.6,104.2,12,112.4,104.0,0.0,0.0,0.0,0.0,448
2023-05-11 09:30:53,MO2312-P-6000,MO2312-P-6000,112.4,0.0,0.0,0.0,1,99.6,104.2,6,112.4,104.0,0.0,0.0,0.0,0.0,448
2023-05-11 09:30:53,MO2312-P-6000,MO2312-P-6000,112.4,0.0,0.0,0.0,12,98.2,104.2,6,112.4,104.0,0.0,0.0,0.0,0.0,448
2023-05-11 09:30:54,MO2312-P-6000,MO2312-P-6000,112.4,0.0,0.0,0.0,6,98.2,104.2,6,112.4,104.0,0.0,0.0,0.0,0.0,448
2023-05-11 09:30:55,MO2312-P-6000,MO2312-P-6000,112.4,0.0,0.0,0.0,6,98.2,104.2,8,112.4,104.0,0.0,0.0,0.0,0.0,448
2023-05-11 09:30:55,MO2312-P-6000,MO2312-P-6000,112.4,0.0,0.0,0.0,6,98.2,104.0,6,112.4,104.0,0.0,0.0,0.0,0.0,448
2023-05-11 09:30:56,MO2312-P-6000,MO2312-P-6000,112.4,0.0,0.0,0.0,12,98.8,103.4,12,112.4,104.0,0.0,0.0,0.0,0.0,448
2023-05-11 09:30:56,MO2312-P-6000,MO2312-P-6000,112.4,0.0,0.0,0.0,12,98.2,103.2,6,112.4,104.0,0.0,0.0,0.0,0.0,448
2023-05-11 09:30:57,MO2312-P-6000,MO2312-P-6000,112.4,0.0,0.0,0.0,12,98.4,103.0,12,112.4,104.0,0.0,0.0,0.0,0.0,448
2023-05-11 09:30:57,MO2312-P-6000,MO2312-P-6000,112.4,0.0,0.0,0.0,6,98.6,102.8,6,112.4,104.0,0.0,0.0,0.0,0.0,448
2023-05-11 09:30:58,MO2312-P-6000,MO2312-P-6000,112.4,0.0,0.0,0.0,1,99.2,103.0,12,112.4,104.0,0.0,0.0,0.0,0.0,448
2023-05-11 09:30:58,MO2312-P-6000,MO2312-P-6000,112.4,0.0,0.0,0.0,6,99.4,103.0,6,112.4,104.0,0.0,0.0,0.0,0.0,448
2023-05-11 09:30:59,MO2312-P-6000,MO2312-P-6000,112.4,0.0,0.0,0.0,7,99.2,104.2,6,112.4,104.0,0.0,0.0,0.0,0.0,448
2023-05-11 09:30:59,MO2312-P-6000,MO2312-P-6000,112.4,0.0,0.0,0.0,18,99.4,104.0,12,112.4,104.0,0.0,0.0,0.0,0.0,448
2023-05-11 09:31:00,MO2312-P-6000,MO2312-P-6000,112.4,0.0,0.0,0.0,6,99.4,103.8,6,112.4,104.0,0.0,0.0,0.0,0.0,448
2023-05-11 09:31:00,MO2312-P-6000,MO2312-P-6000,112.4,0.0,0.0,0.0,6,99.4,104.6,2,112.4,104.0,0.0,0.0,0.0,0.0,448
2023-05-11 09:31:01,MO2312-P-6000,MO2312-P-6000,112.4,0.0,0.0,0.0,6,99.4,104.4,6,112.4,104.0,0.0,0.0,0.0,0.0,448
2023-05-11 09:31:01,MO2312-P-6000,MO2312-P-6000,112.4,0.0,0.0,0.0,6,99.4,105.0,8,112.4,104.0,0.0,0.0,0.0,0.0,448
2023-05-11 09:31:02,MO2312-P-6000,MO2312-P-6000,112.4,0.0,0.0,0.0,6,99.4,104.8,6,112.4,104.0,0.0,0.0,0.0,0.0,448
2023-05-11 09:31:02,MO2312-P-6000,MO2312-P-6000,112.4,0.0,0.0,0.0,6,99.4,105.0,6,112.4,104.0,0.0,0.0,0.0,0.0,448
2023-05-11 09:31:05,MO2312-P-6000,MO2312-P-6000,112.4,0.0,0.0,0.0,6,99.4,104.8,1,112.4,104.0,0.0,0.0,0.0,0.0,448
2023-05-11 09:31:06,MO2312-P-6000,MO2312-P-6000,112.4,0.0,0.0,0.0,6,99.4,104.6,6,112.4,104.0,0.0,0.0,0.0,0.0,448
2023-05-11 09:31:10,MO2312-P-6000,MO2312-P-6000,112.4,0.0,0.0,0.0,6,99.4,104.6,7,112.4,104.0,0.0,0.0,0.0,0.0,448
2023-05-11 09:31:11,MO2312-P-6000,MO2312-P-6000,112.4,0.0,0.0,0.0,6,99.4,104.4,12,112.4,104.0,0.0,0.0,0.0,0.0,448
2023-05-11 09:31:11,MO2312-P-6000,MO2312-P-6000,112.4,0.0,0.0,0.0,8,98.2,104.2,6,112.4,104.0,0.0,0.0,0.0,0.0,448
2023-05-11 09:31:12,MO2312-P-6000,MO2312-P-6000,112.4,0.0,0.0,0.0,12,98.8,103.6,12,112.4,104.0,0.0,0.0,0.0,0.0,448
2023-05-11 09:31:12,MO2312-P-6000,MO2312-P-6000,112.4,0.0,0.0,0.0,6,98.2,103.4,6,112.4,104.0,0.0,0.0,0.0,0.0,448
2023-05-11 09:31:13,MO2312-P-6000,MO2312-P-6000,112.4,0.0,0.0,0.0,12,98.4,103.2,12,112.4,104.0,0.0,0.0,0.0,0.0,448
2023-05-11 09:31:13,MO2312-P-6000,MO2312-P-6000,112.4,0.0,0.0,0.0,6,98.6,103.0,6,112.4,104.0,0.0,0.0,0.0,0.0,448
2023-05-11 09:31:14,MO2312-P-6000,MO2312-P-6000,112.4,0.0,0.0,0.0,6,98.6,103.2,12,112.4,104.0,0.0,0.0,0.0,0.0,448
2023-05-11 09:31:14,MO2312-P-6000,MO2312-P-6000,112.4,0.0,0.0,0.0,6,98.6,103.0,6,112.4,104.0,0.0,0.0,0.0,0.0,448
2023-05-11 09:31:15,MO2312-P-6000,MO2312-P-6000,112.4,0.0,0.0,0.0,6,98.6,103.2,12,112.4,104.0,0.0,0.0,0.0,0.0,448
2023-05-11 09:31:15,MO2312-P-6000,MO2312-P-6000,112.4,0.0,0.0,0.0,6,98.6,103.0,6,112.4,104.0,0.0,0.0,0.0,0.0,448
2023-05-11 09:31:16,MO2312-P-6000,MO2312-P-6000,112.4,0.0,0.0,0.0,6,98.6,103.2,12,112.4,104.0,0.0,0.0,0.0,0.0,448
2023-05-11 09:31:16,MO2312-P-6000,MO2312-P-6000,112.4,0.0,0.0,0.0,6,98.6,103.0,6,112.4,104.0,0.0,0.0,0.0,0.0,448
2023-05-11 09:31:17,MO2312-P-6000,MO2312-P-6000,112.4,0.0,0.0,0.0,6,98.6,103.2,12,112.4,104.0,0.0,0.0,0.0,0.0,448
2023-05-11 09:31:17,MO2312-P-6000,MO2312-P-6000,112.4,0.0,0.0,0.0,6,98.6,103.0,6,112.4,104.0,0.0,0.0,0.0,0.0,448
2023-05-11 09:31:18,MO2312-P-6000,MO2312-P-6000,112.4,0.0,0.0,0.0,6,98.6,103.2,12,112.4,104.0,0.0,0.0,0.0,0.0,448
2023-05-11 09:31:18,MO2312-P-6000,MO2312-P-6000,112.4,0.0,0.0,0.0,6,98.6,103.0,6,112.4,104.0,0.0,0.0,0.0,0.0,448
2023-05-11 09:31:19,MO2312-P-6000,MO2312-P-6000,112.4,0.0,0.0,0.0,6,98.6,103.2,12,112.4,104.0,0.0,0.0,0.0,0.0,448
2023-05-11 09:31:19,MO2312-P-6000,MO2312-P-6000,112.4,0.0,0.0,0.0,6,98.6,103.0,6,112.4,104.0,0.0,0.0,0.0,0.0,448
2023-05-11 09:31:20,MO2312-P-6000,MO2312-P-6000,112.4,0.0,0.0,0.0,6,98.6,103.2,12,112.4,104.0,0.0,0.0,0.0,0.0,448
2023-05-11 09:31:20,MO2312-P-6000,MO2312-P-6000,112.4,0.0,0.0,0.0,6,98.6,103.0,6,112.4,104.0,0.0,0.0,0.0,0.0,448
2023-05-11 09:31:21,MO2312-P-6000,MO2312-P-6000,112.4,0.0,0.0,0.0,6,98.6,103.2,12,112.4,104.0,0.0,0.0,0.0,0.0,448
2023-05-11 09:31:21,MO2312-P-6000,MO2312-P-6000,112.4,0.0,0.0,0.0,6,98.6,103.0,6,112.4,104.0,0.0,0.0,0.0,0.0,448
2023-05-11 09:31:22,MO2312-P-6000,MO2312-P-6000,112.4,0.0,0.0,0.0,6,98.6,103.2,12,112.4,104.0,0.0,0.0,0.0,0.0,448
2023-05-11 09:31:22,MO2312-P-6000,MO2312-P-6000,112.4,0.0,0.0,0.0,6,98.6,103.0,6,112.4,104.0,0.0,0.0,0.0,0.0,448
2023-05-11 09:31:23,MO2312-P-6000,MO2312-P-6000,112.4,0.0,0.0,0.0,6,98.6,103.2,12,112.4,104.0,0.0,0.0,0.0,0.0,448
2023-05-11 09:31:23,MO2312-P-6000,MO2312-P-6000,112.4,0.0,0.0,0.0,6,98.6,103.0,6,112.4,104.0,0.0,0.0,0.0,0.0,448
2023-05-11 09:31:24,MO2312-P-6000,MO2312-P-6000,112.4,0.0,0.0,0.0,6,98.6,103.2,12,112.4,104.0,0.0,0.0,0.0,0.0,448
2023-05-11 09:31:24,MO2312-P-6000,MO2312-P-6000,112.4,0.0,0.0,0.0,6,98.6,103.0,6,112.4,104.0,0.0,0.0,0.0,0.0,448
2023-05-11 09:31:25,MO2312-P-6000,MO2312-P-6000,112.4,0.0,0.0,0.0,6,98.6,103.2,12,112.4,104.0,0.0,0.0,0.0,0.0,448
2023-05-11 09:31:25,MO2312-P-6000,MO2312-P-6000,112.4,0.0,0.0,0.0,6,98.6,103.0,6,112.4,104.0,0.0,0.0,0.0,0.0,448
2023-05-11 09:31:26,MO2312-P-6000,MO2312-P-6000,112.4,0.0,0.0,0.0,6,98.6,103.2,12,112.4,104.0,0.0,0.0,0.0,0.0,448
2023-05-11 09:31:26,MO2312-P-6000,MO2312-P-6000,112.4,0.0,0.0,0.0,6,98.6,103.0,6,112.4,104.0,0.0,0.0,0.0,0.0,448
2023-05-11 09:31:27,MO2312-P-6000,MO2312-P-6000,112.4,0.0,0.0,0.0,6,98.6,103.2,12,112.4,104.0,0.0,0.0,0.0,0.0,448
2023-05-11 09:31:27,MO2312-P-6000,MO2312-P-6000,112.4,0.0,0.0,0.0,6,98.6,103.0,6,112.4,104.0,0.0,0.0,0.0,0.0,448
2023-05-11 09:31:28,MO2312-P-6000,MO2312-P-6000,112.4,0.0,0.0,0.0,6,98.6,103.2,12,112.4,104.0,0.0,0.0,0.0,0.0,448
2023-05-11 09:31:28,MO2312-P-6000,MO2312-P-6000,112.4,0.0,0.0,0.0,6,98.6,103.0,6,112.4,104.0,0.0,0.0,0.0,0.0,448
2023-05-11 09:31:29,MO2312-P-6000,MO2312-P-6000,112.4,0.0,0.0,0.0,6,98.6,103.2,12,112.4,104.0,0.0,0.0,0.0,0.0,448
2023-05-11 09:31:29,MO2312-P-6000,MO2312-P-6000,112.4,0.0,0.0,0.0,6,98.6,103.0,6,112.4,104.0,0.0,0.0,0.0,0.0,448
2023-05-11 09:31:30,MO2312-P-6000,MO2312-P-6000,112.4,0.0,0.0,0.0,6,98.6,103.2,12,112.4,104.0,0.0,0.0,0.0,0.0,448
2023-05-11 09:31:30,MO2312-P-6000,MO2312-P-6000,112.4,0.0,0.0,0.0,6,98.6,103.0,6,112.4,104.0,0.0,0.0,0.0,0.0,448
2023-05-11 09:31:31,MO2312-P-6000,MO2312-P-6000,112.4,0.0,0.0,0.0,6,98.6,103.2,12,112.4,104.0,0.0,0.0,0.0,0.0,448
2023-05-11 09:31:31,MO2312-P-6000,MO2312-P-6000,112.4,0.0,0.0,0.0,6,98.6,103.0,6,112.4,104.0,0.0,0.0,0.0,0.0,448
2023-05-11 09:31:32,MO2312-P-6000,MO2312-P-6000,112.4,0.0,0.0,0.0,6,98.6,103.2,12,112.4,104.0,0.0,0.0,0.0,0.0,448
2023-05-11 09:31:32,MO2312-P-6000,MO2312-P-6000,112.4,0.0,0.0,0.0,6,98.6,103.0,6,112.4,104.0,0.0,0.0,0.0,0.0,448
2023-05-11 09:31:33,MO2312-P-6000,MO2312-P-6000,112.4,0.0,0.0,0.0,6,98.6,103.2,12,112.4,104.0,0.0,0.0,0.0,0.0,448
2023-05-11 09:31:33,MO2312-P-6000,MO2312-P-6000,112.4,0.0,0.0,0.0,12,98.6,103.0,6,112.4,104.0,0.0,0.0,0.0,0.0,448
2023-05-11 09:31:34,MO2312-P-6000,MO2312-P-6000,112.4,0.0,0.0,0.0,6,98.6,103.2,12,112.4,104.0,0.0,0.0,0.0,0.0,448
2023-05-11 09:31:34,MO2312-P-6000,MO2312-P-6000,112.4,0.0,0.0,0.0,12,98.6,103.0,6,112.4,104.0,0.0,0.0,0.0,0.0,448
2023-05-11 09:31:35,MO2312-P-6000,MO2312-P-6000,112.4,0.0,0.0,0.0,6,98.6,103.2,12,112.4,104.0,0.0,0.0,0.0,0.0,448
2023-05-11 09:31:35,MO2312-P-6000,MO2312-P-6000,112.4,0.0,0.0,0.0,12,98.6,103.0,6,112.4,104.0,0.0,0.0,0.0,0.0,448
2023-05-11 09:31:36,MO2312-P-6000,MO2312-P-6000,112.4,0.0,0.0,0.0,6,98.6,103.2,12,112.4,104.0,0.0,0.0,0.0,0.0,448
2023-05-11 09:31:36,MO2312-P-6000,MO2312-P-6000,112.4,0.0,0.0,0.0,12,98.6,103.0,6,112.4,104.0,0.0,0.0,0.0,0.0,448
2023-05-11 09:31:37,MO2312-P-6000,MO2312-P-6000,112.4,0.0,0.0,0.0,6,98.6,103.2,12,112.4,104.0,0.0,0.0,0.0,0.0,448
2023-05-11 09:31:37,MO2312-P-6000,MO2312-P-6000,112.4,0.0,0.0,0.0,12,98.6,103.0,6,112.4,104.0,0.0,0.0,0.0,0.0,448
2023-05-11 09:31:38,MO2312-P-6000,MO2312-P-6000,112.4,0.0,0.0,0.0,6,98.6,103.2,12,112.4,104.0,0.0,0.0,0.0,0.0,448
2023-05-11 09:31:38,MO2312-P-6000,MO2312-P-6000,112.4,0.0,0.0,0.0,12,98.6,103.0,6,112.4,104.0,0.0,0.0,0.0,0.0,448
2023-05-11 09:31:39,MO2312-P-6000,MO2312-P-6000,112.4,0.0,0.0,0.0,6,98.6,103.2,12,112.4,104.0,0.0,0.0,0.0,0.0,448
2023-05-11 09:31:39,MO2312-P-6000,MO2312-P-6000,112.4,0.0,0.0,0.0,12,98.6,103.0,6,112.4,104.0,0.0,0.0,0.0,0.0,448
2023-05-11 09:31:40,MO2312-P-6000,MO2312-P-6000,112.4,0.0,0.0,0.0,6,98.6,103.2,12,112.4,104.0,0.0,0.0,0.0,0.0,448
2023-05-11 09:31:40,MO2312-P-6000,MO2312-P-6000,112.4,0.0,0.0,0.0,12,98.6,103.0,6,112.4,104.0,0.0,0.0,0.0,0.0,448
2023-05-11 09:31:41,MO2312-P-6000,MO2312-P-6000,112.4,0.0,0.0,0.0,6,98.6,103.2,12,112.4,104.0,0.0,0.0,0.0,0.0,448
2023-05-11 09:31:41,MO2312-P-6000,MO2312-P-6000,112.4,0.0,0.0,0.0,12,98.6,103.0,6,112.4,104.0,0.0,0.0,0.0,0.0,448
2023-05-11 09:31:42,MO2312-P-6000,MO2312-P-6000,112.4,0.0,0.0,0.0,6,98.6,103.2,12,112.4,104.0,0.0,0.0,0.0,0.0,448
2023-05-11 09:31:42,MO2312-P-6000,MO2312-P-6000,112.4,0.0,0.0,0.0,12,98.6,103.0,6,112.4,104.0,0.0,0.0,0.0,0.0,448
2023-05-11 09:31:43,MO2312-P-6000,MO2312-P-6000,112.4,0.0,0.0,0.0,6,98.6,103.2,12,112.4,104.0,0.0,0.0,0.0,0.0,448
2023-05-11 09:31:43,MO2312-P-6000,MO2312-P-6000,112.4,0.0,0.0,0.0,6,98.8,103.4,6,112.4,104.0,0.0,0.0,0.0,0.0,448
2023-05-11 09:31:44,MO2312-P-6000,MO2312-P-6000,112.4,0.0,0.0,0.0,12,98.8,103.4,12,112.4,104.0,0.0,0.0,0.0,0.0,448
2023-05-11 09:31:44,MO2312-P-6000,MO2312-P-6000,112.4,0.0,0.0,0.0,6,99.0,103.2,6,112.4,104.0,0.0,0.0,0.0,0.0,448
2023-05-11 09:31:45,MO2312-P-6000,MO2312-P-6000,112.4,0.0,0.0,0.0,6,99.0,103.4,12,112.4,104.0,0.0,0.0,0.0,0.0,448
2023-05-11 09:31:45,MO2312-P-6000,MO2312-P-6000,112.4,0.0,0.0,0.0,12,99.0,103.2,6,112.4,104.0,0.0,0.0,0.0,0.0,448
2023-05-11 09:31:46,MO2312-P-6000,MO2312-P-6000,112.4,0.0,0.0,0.0,6,99.0,103.4,12,112.4,104.0,0.0,0.0,0.0,0.0,448
2023-05-11 09:31:46,MO2312-P-6000,MO2312-P-6000,112.4,0.0,0.0,0.0,12,99.0,103.2,6,112.4,104.0,0.0,0.0,0.0,0.0,448
2023-05-11 09:31:47,MO2312-P-6000,MO2312-P-6000,112.4,0.0,0.0,0.0,6,99.0,103.4,12,112.4,104.0,0.0,0.0,0.0,0.0,448
2023-05-11 09:31:47,MO2312-P-6000,MO2312-P-6000,112.4,0.0,0.0,0.0,6,99.2,103.8,6,112.4,104.0,0.0,0.0,0.0,0.0,448
2023-05-11 09:31:48,MO2312-P-6000,MO2312-P-6000,112.4,0.0,0.0,0.0,1,99.4,103.8,12,112.4,104.0,0.0,0.0,0.0,0.0,448
2023-05-11 09:31:48,MO2312-P-6000,MO2312-P-6000,112.4,0.0,0.0,0.0,7,99.4,103.6,6,112.4,104.0,0.0,0.0,0.0,0.0,448
2023-05-11 09:31:49,MO2312-P-6000,MO2312-P-6000,112.4,0.0,0.0,0.0,1,99.4,103.8,12,112.4,104.0,0.0,0.0,0.0,0.0,448
2023-05-11 09:31:49,MO2312-P-6000,MO2312-P-6000,112.4,0.0,0.0,0.0,7,99.4,103.6,6,112.4,104.0,0.0,0.0,0.0,0.0,448
2023-05-11 09:31:50,MO2312-P-6000,MO2312-P-6000,112.4,0.0,0.0,0.0,1,99.4,103.8,12,112.4,104.0,0.0,0.0,0.0,0.0,448
2023-05-11 09:31:50,MO2312-P-6000,MO2312-P-6000,112.4,0.0,0.0,0.0,7,99.4,103.6,6,112.4,104.0,0.0,0.0,0.0,0.0,448
2023-05-11 09:31:51,MO2312-P-6000,MO2312-P-6000,112.4,0.0,0.0,0.0,1,99.4,103.8,12,112.4,104.0,0.0,0.0,0.0,0.0,448
2023-05-11 09:31:51,MO2312-P-6000,MO2312-P-6000,112.4,0.0,0.0,0.0,1,99.4,103.6,6,112.4,104.0,0.0,0.0,0.0,0.0,448
2023-05-11 09:31:52,MO2312-P-6000,MO2312-P-6000,112.4,0.0,0.0,0.0,1,99.4,103.8,12,112.4,104.0,0.0,0.0,0.0,0.0,448
2023-05-11 09:31:52,MO2312-P-6000,MO2312-P-6000,112.4,0.0,0.0,0.0,1,99.4,103.6,6,112.4,104.0,0.0,0.0,0.0,0.0,448
2023-05-11 09:31:53,MO2312-P-6000,MO2312-P-6000,112.4,0.0,0.0,0.0,1,99.4,103.8,12,112.4,104.0,0.0,0.0,0.0,0.0,448
2023-05-11 09:31:53,MO2312-P-6000,MO2312-P-6000,112.4,0.0,0.0,0.0,1,99.4,103.6,6,112.4,104.0,0.0,0.0,0.0,0.0,448
2023-05-11 09:31:54,MO2312-P-6000,MO2312-P-6000,112.4,0.0,0.0,0.0,7,99.4,103.8,12,112.4,104.0,0.0,0.0,0.0,0.0,448
2023-05-11 09:31:54,MO2312-P-6000,MO2312-P-6000,112.4,0.0,0.0,0.0,6,99.6,103.6,6,112.4,104.0,0.0,0.0,0.0,0.0,448
2023-05-11 09:31:55,MO2312-P-6000,MO2312-P-6000,112.4,0.0,0.0,0.0,6,99.8,104.0,12,112.4,104.0,0.0,0.0,0.0,0.0,448
2023-05-11 09:31:55,MO2312-P-6000,MO2312-P-6000,112.4,0.0,0.0,0.0,13,99.4,103.8,6,112.4,104.0,0.0,0.0,0.0,0.0,448
2023-05-11 09:31:56,MO2312-P-6000,MO2312-P-6000,112.4,0.0,0.0,0.0,7,99.4,104.0,12,112.4,104.0,0.0,0.0,0.0,0.0,448
2023-05-11 09:31:56,MO2312-P-6000,MO2312-P-6000,112.4,0.0,0.0,0.0,13,99.4,103.8,6,112.4,104.0,0.0,0.0,0.0,0.0,448
2023-05-11 09:31:57,MO2312-P-6000,MO2312-P-6000,112.4,0.0,0.0,0.0,7,99.4,104.0,12,112.4,104.0,0.0,0.0,0.0,0.0,448
2023-05-11 09:31:57,MO2312-P-6000,MO2312-P-6000,112.4,0.0,0.0,0.0,7,99.4,103.8,6,112.4,104.0,0.0,0.0,0.0,0.0,448
2023-05-11 09:31:58,MO2312-P-6000,MO2312-P-6000,112.4,0.0,0.0,0.0,7,99.4,104.0,12,112.4,104.0,0.0,0.0,0.0,0.0,448
2023-05-11 09:31:58,MO2312-P-6000,MO2312-P-6000,112.4,0.0,0.0,0.0,7,99.4,103.8,6,112.4,104.0,0.0,0.0,0.0,0.0,448
2023-05-11 09:31:59,MO2312-P-6000,MO2312-P-6000,112.4,0.0,0.0,0.0,7,99.4,104.0,12,112.4,104.0,0.0,0.0,0.0,0.0,448
2023-05-11 09:31:59,MO2312-P-6000,MO2312-P-6000,112.4,0.0,0.0,0.0,7,99.4,103.8,6,112.4,104.0,0.0,0.0,0.0,0.0,448
2023-05-11 09:32:00,MO2312-P-6000,MO2312-P-6000,112.4,0.0,0.0,0.0,7,99.4,104.0,12,112.4,104.0,0.0,0.0,0.0,0.0,448
2023-05-11 09:32:00,MO2312-P-6000,MO2312-P-6000,112.4,0.0,0.0,0.0,7,99.4,103.8,6,112.4,104.0,0.0,0.0,0.0,0.0,448
2023-05-11 09:32:01,MO2312-P-6000,MO2312-P-6000,112.4,0.0,0.0,0.0,7,99.4,104.0,12,112.4,104.0,0.0,0.0,0.0,0.0,448
2023-05-11 09:32:01,MO2312-P-6000,MO2312-P-6000,112.4,0.0,0.0,0.0,7,99.4,103.8,6,112.4,104.0,0.0,0.0,0.0,0.0,448
2023-05-11 09:32:02,MO2312-P-6000,MO2312-P-6000,112.4,0.0,0.0,0.0,7,99.4,104.0,12,112.4,104.0,0.0,0.0,0.0,0.0,448
2023-05-11 09:32:02,MO2312-P-6000,MO2312-P-6000,112.4,0.0,0.0,0.0,7,99.4,103.8,6,112.4,104.0,0.0,0.0,0.0,0.0,448
2023-05-11 09:32:03,MO2312-P-6000,MO2312-P-6000,112.4,0.0,0.0,0.0,7,99.4,104.0,12,112.4,104.0,0.0,0.0,0.0,0.0,448
2023-05-11 09:32:03,MO2312-P-6000,MO2312-P-6000,112.4,0.0,0.0,0.0,7,99.4,103.8,6,112.4,104.0,0.0,0.0,0.0,0.0,448
2023-05-11 09:32:04,MO2312-P-6000,MO2312-P-6000,112.4,0.0,0.0,0.0,7,99.4,104.0,12,112.4,104.0,0.0,0.0,0.0,0.0,448
2023-05-11 09:32:04,MO2312-P-6000,MO2312-P-6000,112.4,0.0,0.0,0.0,7,99.4,103.8,6,112.4,104.0,0.0,0.0,0.0,0.0,448
2023-05-11 09:32:05,MO2312-P-6000,MO2312-P-6000,112.4,0.0,0.0,0.0,7,99.4,104.0,12,112.4,104.0,0.0,0.0,0.0,0.0,448
2023-05-11 09:32:05,MO2312-P-6000,MO2312-P-6000,112.4,0.0,0.0,0.0,7,99.4,103.8,6,112.4,104.0,0.0,0.0,0.0,0.0,448
2023-05-11 09:32:06,MO2312-P-6000,MO2312-P-6000,112.4,0.0,0.0,0.0,7,99.4,104.0,12,112.4,104.0,0.0,0.0,0.0,0.0,448
2023-05-11 09:32:06,MO2312-P-6000,MO2312-P-6000,112.4,0.0,0.0,0.0,7,99.4,103.8,6,112.4,104.0,0.0,0.0,0.0,0.0,448
2023-05-11 09:32:07,MO2312-P-6000,MO2312-P-6000,112.4,0.0,0.0,0.0,7,99.4,104.0,12,112.4,104.0,0.0,0.0,0.0,0.0,448
2023-05-11 09:32:07,MO2312-P-6000,MO2312-P-6000,112.4,0.0,0.0,0.0,7,99.4,103.8,6,112.4,104.0,0.0,0.0,0.0,0.0,448
2023-05-11 09:32:08,MO2312-P-6000,MO2312-P-6000,112.4,0.0,0.0,0.0,7,99.4,103.8,2,112.4,104.0,0.0,0.0,0.0,0.0,448
2023-05-11 09:32:08,MO2312-P-6000,MO2312-P-6000,112.4,0.0,0.0,0.0,7,99.4,103.6,6,112.4,104.0,0.0,0.0,0.0,0.0,448
2023-05-11 09:32:09,MO2312-P-6000,MO2312-P-6000,112.4,0.0,0.0,0.0,7,99.4,103.8,6,112.4,104.0,0.0,0.0,0.0,0.0,448
2023-05-11 09:32:09,MO2312-P-6000,MO2312-P-6000,112.4,0.0,0.0,0.0,7,99.4,103.8,8,112.4,104.0,0.0,0.0,0.0,0.0,448
2023-05-11 09:32:10,MO2312-P-6000,MO2312-P-6000,112.4,0.0,0.0,0.0,7,99.4,103.6,6,112.4,104.0,0.0,0.0,0.0,0.0,448
2023-05-11 09:32:12,MO2312-P-6000,MO2312-P-6000,112.4,0.0,0.0,0.0,7,99.4,103.8,6,112.4,104.0,0.0,0.0,0.0,0.0,448
2023-05-11 09:32:14,MO2312-P-6000,MO2312-P-6000,112.4,0.0,0.0,0.0,7,99.4,103.8,8,112.4,104.0,0.0,0.0,0.0,0.0,448
2023-05-11 09:32:14,MO2312-P-6000,MO2312-P-6000,112.4,0.0,0.0,0.0,7,99.4,103.6,6,112.4,104.0,0.0,0.0,0.0,0.0,448
2023-05-11 09:32:15,MO2312-P-6000,MO2312-P-6000,112.4,0.0,0.0,0.0,7,99.4,103.8,6,112.4,104.0,0.0,0.0,0.0,0.0,448
2023-05-11 09:32:18,MO2312-P-6000,MO2312-P-6000,112.4,0.0,0.0,0.0,6,99.6,103.8,6,112.4,104.0,0.0,0.0,0.0,0.0,448
2023-05-11 09:32:29,MO2312-P-6000,MO2312-P-6000,112.4,0.0,0.0,0.0,6,99.6,104.0,12,112.4,104.0,0.0,0.0,0.0,0.0,448
2023-05-11 09:32:30,MO2312-P-6000,MO2312-P-6000,112.4,0.0,0.0,0.0,6,99.6,104.2,6,112.4,104.0,0.0,0.0,0.0,0.0,448
2023-05-11 09:32:30,MO2312-P-6000,MO2312-P-6000,112.4,0.0,0.0,0.0,18,99.6,104.2,18,112.4,104.0,0.0,0.0,0.0,0.0,448
2023-05-11 09:32:31,MO2312-P-6000,MO2312-P-6000,112.4,0.0,0.0,0.0,6,99.8,104.0,6,112.4,104.0,0.0,0.0,0.0,0.0,448
2023-05-11 09:32:33,MO2312-P-6000,MO2312-P-6000,112.4,0.0,0.0,0.0,6,100.0,104.0,6,112.4,104.0,0.0,0.0,0.0,0.0,448
2023-05-11 09:32:34,MO2312-P-6000,MO2312-P-6000,112.4,0.0,0.0,0.0,6,100.2,104.2,18,112.4,104.0,0.0,0.0,0.0,0.0,448
2023-05-11 09:32:34,MO2312-P-6000,MO2312-P-6000,112.4,0.0,0.0,0.0,6,100.4,104.2,18,112.4,104.0,0.0,0.0,0.0,0.0,448
2023-05-11 09:32:35,MO2312-P-6000,MO2312-P-6000,112.4,0.0,0.0,0.0,6,100.6,104.2,18,112.4,104.0,0.0,0.0,0.0,0.0,448
2023-05-11 09:32:35,MO2312-P-6000,MO2312-P-6000,112.4,0.0,0.0,0.0,6,100.6,104.2,6,112.4,104.0,0.0,0.0,0.0,0.0,448
2023-05-11 09:32:37,MO2312-P-6000,MO2312-P-6000,112.4,0.0,0.0,0.0,6,100.6,104.4,12,112.4,104.0,0.0,0.0,0.0,0.0,448
2023-05-11 09:32:38,MO2312-P-6000,MO2312-P-6000,112.4,0.0,0.0,0.0,6,100.8,104.8,18,112.4,104.0,0.0,0.0,0.0,0.0,448
2023-05-11 09:32:38,MO2312-P-6000,MO2312-P-6000,112.4,0.0,0.0,0.0,6,101.0,104.6,6,112.4,104.0,0.0,0.0,0.0,0.0,448
2023-05-11 09:32:39,MO2312-P-6000,MO2312-P-6000,112.4,0.0,0.0,0.0,13,101.0,104.6,6,112.4,104.0,0.0,0.0,0.0,0.0,448
2023-05-11 09:32:41,MO2312-P-6000,MO2312-P-6000,112.4,0.0,0.0,0.0,6,101.2,104.6,6,112.4,104.0,0.0,0.0,0.0,0.0,448
2023-05-11 09:32:42,MO2312-P-6000,MO2312-P-6000,112.4,0.0,0.0,0.0,6,101.2,104.8,6,112.4,104.0,0.0,0.0,0.0,0.0,448
2023-05-11 09:32:49,MO2312-P-6000,MO2312-P-6000,112.4,0.0,0.0,0.0,7,101.2,104.8,6,112.4,104.0,0.0,0.0,0.0,0.0,448
2023-05-11 09:32:51,MO2312-P-6000,MO2312-P-6000,112.4,0.0,0.0,0.0,6,101.2,104.8,6,112.4,104.0,0.0,0.0,0.0,0.0,448
2023-05-11 09:32:53,MO2312-P-6000,MO2312-P-6000,112.4,0.0,0.0,0.0,6,101.0,104.8,6,112.4,104.0,0.0,0.0,0.0,0.0,448
2023-05-11 09:33:06,MO2312-P-6000,MO2312-P-6000,112.4,0.0,0.0,0.0,7,101.0,104.8,6,112.4,104.0,0.0,0.0,0.0,0.0,448
2023-05-11 09:33:17,MO2312-P-6000,MO2312-P-6000,112.4,0.0,0.0,0.0,6,101.0,104.8,6,112.4,104.0,0.0,0.0,0.0,0.0,448
2023-05-11 09:33:18,MO2312-P-6000,MO2312-P-6000,112.4,0.0,0.0,0.0,6,101.0,105.0,6,112.4,104.0,0.0,0.0,0.0,0.0,448
2023-05-11 09:33:21,MO2312-P-6000,MO2312-P-6000,112.4,0.0,0.0,0.0,6,101.2,105.0,6,112.4,104.0,0.0,0.0,0.0,0.0,448
2023-05-11 09:33:35,MO2312-P-6000,MO2312-P-6000,112.4,0.0,0.0,0.0,6,101.0,105.0,8,112.4,104.0,0.0,0.0,0.0,0.0,448
2023-05-11 09:33:36,MO2312-P-6000,MO2312-P-6000,112.4,0.0,0.0,0.0,6,101.0,104.8,6,112.4,104.0,0.0,0.0,0.0,0.0,448
2023-05-11 09:33:36,MO2312-P-6000,MO2312-P-6000,112.4,0.0,0.0,0.0,6,100.8,104.8,6,112.4,104.0,0.0,0.0,0.0,0.0,448
2023-05-11 09:33:41,MO2312-P-6000,MO2312-P-6000,112.4,0.0,0.0,0.0,24,100.6,104.8,6,112.4,104.0,0.0,0.0,0.0,0.0,448
2023-05-11 09:33:42,MO2312-P-6000,MO2312-P-6000,112.4,0.0,0.0,0.0,18,100.6,104.8,6,112.4,104.0,0.0,0.0,0.0,0.0,448
2023-05-11 09:33:51,MO2312-P-6000,MO2312-P-6000,112.4,0.0,0.0,0.0,18,100.6,105.0,6,112.4,104.0,0.0,0.0,0.0,0.0,448
2023-05-11 09:33:54,MO2312-P-6000,MO2312-P-6000,112.4,0.0,0.0,0.0,18,100.6,105.0,8,112.4,104.0,0.0,0.0,0.0,0.0,448
2023-05-11 09:33:55,MO2312-P-6000,MO2312-P-6000,112.4,0.0,0.0,0.0,18,100.6,104.8,6,112.4,104.0,0.0,0.0,0.0,0.0,448
2023-05-11 09:34:40,MO2312-P-6000,MO2312-P-6000,112.4,0.0,0.0,0.0,18,100.6,104.8,2,112.4,104.0,0.0,0.0,0.0,0.0,448
2023-05-11 09:34:41,MO2312-P-6000,MO2312-P-6000,112.4,0.0,0.0,0.0,18,100.6,104.6,6,112.4,104.0,0.0,0.0,0.0,0.0,448
2023-05-11 09:34:41,MO2312-P-6000,MO2312-P-6000,112.4,0.0,0.0,0.0,18,100.6,105.0,6,112.4,104.0,0.0,0.0,0.0,0.0,448
2023-05-11 09:34:42,MO2312-P-6000,MO2312-P-6000,112.4,0.0,0.0,0.0,18,100.6,105.0,8,112.4,104.0,0.0,0.0,0.0,0.0,448
2023-05-11 09:34:42,MO2312-P-6000,MO2312-P-6000,112.4,0.0,0.0,0.0,18,100.6,104.8,6,112.4,104.0,0.0,0.0,0.0,0.0,448
2023-05-11 09:35:03,MO2312-P-6000,MO2312-P-6000,112.4,0.0,0.0,0.0,20,100.6,104.8,6,112.4,104.0,0.0,0.0,0.0,0.0,448
2023-05-11 09:35:04,MO2312-P-6000,MO2312-P-6000,112.4,0.0,0.0,0.0,18,100.6,104.8,6,112.4,104.0,0.0,0.0,0.0,0.0,448
2023-05-11 09:35:06,MO2312-P-6000,MO2312-P-6000,112.4,0.0,0.0,0.0,20,100.6,104.8,6,112.4,104.0,0.0,0.0,0.0,0.0,448
2023-05-11 09:35:07,MO2312-P-6000,MO2312-P-6000,112.4,0.0,0.0,0.0,26,100.6,104.8,6,112.4,104.0,0.0,0.0,0.0,0.0,448
2023-05-11 09:35:08,MO2312-P-6000,MO2312-P-6000,112.4,0.0,0.0,0.0,20,100.6,105.0,6,112.4,104.0,0.0,0.0,0.0,0.0,448
2023-05-11 09:35:08,MO2312-P-6000,MO2312-P-6000,112.4,0.0,0.0,0.0,18,100.6,105.0,6,112.4,104.0,0.0,0.0,0.0,0.0,448
2023-05-11 09:35:09,MO2312-P-6000,MO2312-P-6000,112.4,0.0,0.0,0.0,18,100.6,105.0,8,112.4,104.0,0.0,0.0,0.0,0.0,448
2023-05-11 09:35:10,MO2312-P-6000,MO2312-P-6000,112.4,0.0,0.0,0.0,18,100.6,104.8,6,112.4,104.0,0.0,0.0,0.0,0.0,448
2023-05-11 09:35:20,MO2312-P-6000,MO2312-P-6000,112.4,0.0,0.0,0.0,26,100.6,104.8,6,112.4,104.0,0.0,0.0,0.0,0.0,448
2023-05-11 09:35:24,MO2312-P-6000,MO2312-P-6000,112.4,0.0,0.0,0.0,20,100.6,105.0,6,112.4,104.0,0.0,0.0,0.0,0.0,448
2023-05-11 09:35:25,MO2312-P-6000,MO2312-P-6000,112.4,0.0,0.0,0.0,6,100.8,105.2,30,112.4,104.0,0.0,0.0,0.0,0.0,448
2023-05-11 09:35:25,MO2312-P-6000,MO2312-P-6000,112.4,0.0,0.0,0.0,6,101.0,105.2,24,112.4,104.0,0.0,0.0,0.0,0.0,448
2023-05-11 09:35:26,MO2312-P-6000,MO2312-P-6000,112.4,0.0,0.0,0.0,18,101.0,105.0,6,112.4,104.0,0.0,0.0,0.0,0.0,448
2023-05-11 09:35:26,MO2312-P-6000,MO2312-P-6000,112.4,0.0,0.0,0.0,6,101.2,105.0,6,112.4,104.0,0.0,0.0,0.0,0.0,448
2023-05-11 09:35:37,MO2312-P-6000,MO2312-P-6000,112.4,0.0,0.0,0.0,6,101.4,105.2,24,112.4,104.0,0.0,0.0,0.0,0.0,448
2023-05-11 09:35:38,MO2312-P-6000,MO2312-P-6000,112.4,0.0,0.0,0.0,6,101.6,105.2,24,112.4,104.0,0.0,0.0,0.0,0.0,448
2023-05-11 09:35:38,MO2312-P-6000,MO2312-P-6000,112.4,0.0,0.0,0.0,6,101.8,105.2,6,112.4,104.0,0.0,0.0,0.0,0.0,448
2023-05-11 09:35:39,MO2312-P-6000,MO2312-P-6000,112.4,0.0,0.0,0.0,6,101.8,105.6,12,112.4,104.0,0.0,0.0,0.0,0.0,448
2023-05-11 09:35:39,MO2312-P-6000,MO2312-P-6000,112.4,0.0,0.0,0.0,6,101.8,105.8,40,112.4,104.0,0.0,0.0,0.0,0.0,448
2023-05-11 09:35:40,MO2312-P-6000,MO2312-P-6000,112.4,0.0,0.0,0.0,6,101.8,105.8,26,112.4,104.0,0.0,0.0,0.0,0.0,448
2023-05-11 09:35:40,MO2312-P-6000,MO2312-P-6000,112.4,0.0,0.0,0.0,6,101.8,105.8,24,112.4,104.0,0.0,0.0,0.0,0.0,448
2023-05-11 09:35:41,MO2312-P-6000,MO2312-P-6000,112.4,0.0,0.0,0.0,6,102.0,105.8,24,112.4,104.0,0.0,0.0,0.0,0.0,448
2023-05-11 09:35:41,MO2312-P-6000,MO2312-P-6000,112.4,0.0,0.0,0.0,6,102.2,105.6,6,112.4,104.0,0.0,0.0,0.0,0.0,448
2023-05-11 09:35:43,MO2312-P-6000,MO2312-P-6000,112.4,0.0,0.0,0.0,18,102.0,105.8,6,112.4,104.0,0.0,0.0,0.0,0.0,448
2023-05-11 09:35:46,MO2312-P-6000,MO2312-P-6000,112.4,0.0,0.0,0.0,6,102.2,105.8,6,112.4,104.0,0.0,0.0,0.0,0.0,448
2023-05-11 09:35:47,MO2312-P-6000,MO2312-P-6000,112.4,0.0,0.0,0.0,12,102.0,105.8,6,112.4,104.0,0.0,0.0,0.0,0.0,448
2023-05-11 09:35:48,MO2312-P-6000,MO2312-P-6000,112.4,0.0,0.0,0.0,6,102.0,105.8,6,112.4,104.0,0.0,0.0,0.0,0.0,448
2023-05-11 09:35:52,MO2312-P-6000,MO2312-P-6000,112.4,0.0,0.0,0.0,20,101.6,105.8,6,112.4,104.0,0.0,0.0,0.0,0.0,448
2023-05-11 09:35:53,MO2312-P-6000,MO2312-P-6000,112.4,0.0,0.0,0.0,20,101.6,105.8,8,112.4,104.0,0.0,0.0,0.0,0.0,448
2023-05-11 09:35:53,MO2312-P-6000,MO2312-P-6000,112.4,0.0,0.0,0.0,22,101.6,105.6,6,112.4,104.0,0.0,0.0,0.0,0.0,448
2023-05-11 09:35:54,MO2312-P-6000,MO2312-P-6000,112.4,0.0,0.0,0.0,6,101.8,105.6,6,112.4,104.0,0.0,0.0,0.0,0.0,448
2023-05-11 09:35:56,MO2312-P-6000,MO2312-P-6000,112.4,0.0,0.0,0.0,6,101.8,105.8,6,112.4,104.0,0.0,0.0,0.0,0.0,448
2023-05-11 09:35:59,MO2312-P-6000,MO2312-P-6000,112.4,0.0,0.0,0.0,6,102.0,106.0,18,112.4,104.0,0.0,0.0,0.0,0.0,448
2023-05-11 09:36:00,MO2312-P-6000,MO2312-P-6000,112.4,0.0,0.0,0.0,12,102.0,106.0,12,112.4,104.0,0.0,0.0,0.0,0.0,448
2023-05-11 09:36:00,MO2312-P-6000,MO2312-P-6000,112.4,0.0,0.0,0.0,6,102.0,105.8,6,112.4,104.0,0.0,0.0,0.0,0.0,448
2023-05-11 09:36:01,MO2312-P-6000,MO2312-P-6000,112.4,0.0,0.0,0.0,6,102.0,106.0,6,112.4,104.0,0.0,0.0,0.0,0.0,448
2023-05-11 09:36:10,MO2312-P-6000,MO2312-P-6000,112.4,0.0,0.0,0.0,6,102.2,106.0,6,112.4,104.0,0.0,0.0,0.0,0.0,448
2023-05-11 09:36:11,MO2312-P-6000,MO2312-P-6000,112.4,0.0,0.0,0.0,6,102.0,106.0,6,112.4,104.0,0.0,0.0,0.0,0.0,448
2023-05-11 09:36:38,MO2312-P-6000,MO2312-P-6000,112.4,0.0,0.0,0.0,8,102.0,106.0,6,112.4,104.0,0.0,0.0,0.0,0.0,448
2023-05-11 09:36:39,MO2312-P-6000,MO2312-P-6000,112.4,0.0,0.0,0.0,14,102.0,106.0,6,112.4,104.0,0.0,0.0,0.0,0.0,448
2023-05-11 09:36:45,MO2312-P-6000,MO2312-P-6000,112.4,0.0,0.0,0.0,6,102.2,106.2,24,112.4,104.0,0.0,0.0,0.0,0.0,448
2023-05-11 09:36:46,MO2312-P-6000,MO2312-P-6000,112.4,0.0,0.0,0.0,8,102.4,106.2,18,112.4,104.0,0.0,0.0,0.0,0.0,448
2023-05-11 09:36:46,MO2312-P-6000,MO2312-P-6000,112.4,0.0,0.0,0.0,6,102.6,106.2,18,112.4,104.0,0.0,0.0,0.0,0.0,448
2023-05-11 09:36:47,MO2312-P-6000,MO2312-P-6000,112.4,0.0,0.0,0.0,6,102.6,106.2,6,112.4,104.0,0.0,0.0,0.0,0.0,448
2023-05-11 09:36:47,MO2312-P-6000,MO2312-P-6000,112.4,0.0,0.0,0.0,6,102.6,106.8,18,112.4,104.0,0.0,0.0,0.0,0.0,448
2023-05-11 09:36:48,MO2312-P-6000,MO2312-P-6000,112.4,0.0,0.0,0.0,6,102.8,106.8,18,112.4,104.0,0.0,0.0,0.0,0.0,448
2023-05-11 09:36:48,MO2312-P-6000,MO2312-P-6000,112.4,0.0,0.0,0.0,6,103.0,106.6,6,112.4,104.0,0.0,0.0,0.0,0.0,448
2023-05-11 09:36:49,MO2312-P-6000,MO2312-P-6000,112.4,0.0,0.0,0.0,12,103.0,106.6,6,112.4,104.0,0.0,0.0,0.0,0.0,448
2023-05-11 09:36:50,MO2312-P-6000,MO2312-P-6000,112.4,0.0,0.0,0.0,6,103.0,106.6,6,112.4,104.0,0.0,0.0,0.0,0.0,448
2023-05-11 09:36:50,MO2312-P-6000,MO2312-P-6000,112.4,0.0,0.0,0.0,25,102.2,106.6,6,112.4,104.0,0.0,0.0,0.0,0.0,448
2023-05-11 09:36:51,MO2312-P-6000,MO2312-P-6000,112.4,0.0,0.0,0.0,21,102.2,106.6,6,112.4,104.0,0.0,0.0,0.0,0.0,448
2023-05-11 09:36:52,MO2312-P-6000,MO2312-P-6000,112.4,0.0,0.0,0.0,6,102.4,106.8,18,112.4,104.0,0.0,0.0,0.0,0.0,448
2023-05-11 09:36:53,MO2312-P-6000,MO2312-P-6000,112.4,0.0,0.0,0.0,8,102.4,106.8,18,112.4,104.0,0.0,0.0,0.0,0.0,448
2023-05-11 09:36:53,MO2312-P-6000,MO2312-P-6000,112.4,0.0,0.0,0.0,6,102.6,106.8,18,112.4,104.0,0.0,0.0,0.0,0.0,448
2023-05-11 09:36:54,MO2312-P-6000,MO2312-P-6000,112.4,0.0,0.0,0.0,6,102.4,106.8,18,112.4,104.0,0.0,0.0,0.0,0.0,448
2023-05-11 09:36:58,MO2312-P-6000,MO2312-P-6000,112.4,0.0,0.0,0.0,8,102.4,106.8,18,112.4,104.0,0.0,0.0,0.0,0.0,448
2023-05-11 09:36:59,MO2312-P-6000,MO2312-P-6000,112.4,0.0,0.0,0.0,6,102.6,106.8,18,112.4,104.0,0.0,0.0,0.0,0.0,448
2023-05-11 09:37:00,MO2312-P-6000,MO2312-P-6000,112.4,0.0,0.0,0.0,18,102.2,106.6,6,112.4,104.0,0.0,0.0,0.0,0.0,448
2023-05-11 09:37:01,MO2312-P-6000,MO2312-P-6000,112.4,0.0,0.0,0.0,20,102.2,106.6,6,112.4,104.0,0.0,0.0,0.0,0.0,448
2023-05-11 09:37:03,MO2312-P-6000,MO2312-P-6000,112.4,0.0,0.0,0.0,6,102.4,106.8,18,112.4,104.0,0.0,0.0,0.0,0.0,448
2023-05-11 09:37:03,MO2312-P-6000,MO2312-P-6000,112.4,0.0,0.0,0.0,2,102.6,106.8,18,112.4,104.0,0.0,0.0,0.0,0.0,448
2023-05-11 09:37:04,MO2312-P-6000,MO2312-P-6000,112.4,0.0,0.0,0.0,6,102.8,106.8,24,112.4,104.0,0.0,0.0,0.0,0.0,448
2023-05-11 09:37:05,MO2312-P-6000,MO2312-P-6000,112.4,0.0,0.0,0.0,6,102.4,106.8,18,112.4,104.0,0.0,0.0,0.0,0.0,448
2023-05-11 09:37:06,MO2312-P-6000,MO2312-P-6000,112.4,0.0,0.0,0.0,8,102.4,106.8,18,112.4,104.0,0.0,0.0,0.0,0.0,448
2023-05-11 09:37:06,MO2312-P-6000,MO2312-P-6000,112.4,0.0,0.0,0.0,6,102.6,106.8,18,112.4,104.0,0.0,0.0,0.0,0.0,448
2023-05-11 09:37:10,MO2312-P-6000,MO2312-P-6000,112.4,0.0,0.0,0.0,7,102.4,106.6,6,112.4,104.0,0.0,0.0,0.0,0.0,448
2023-05-11 09:37:11,MO2312-P-6000,MO2312-P-6000,112.4,0.0,0.0,0.0,6,102.4,106.6,6,112.4,104.0,0.0,0.0,0.0,0.0,448
2023-05-11 09:37:12,MO2312-P-6000,MO2312-P-6000,112.4,0.0,0.0,0.0,37,102.0,106.6,6,112.4,104.0,0.0,0.0,0.0,0.0,448
2023-05-11 09:37:13,MO2312-P-6000,MO2312-P-6000,112.4,0.0,0.0,0.0,33,102.0,106.6,6,112.4,104.0,0.0,0.0,0.0,0.0,448
2023-05-11 09:37:13,MO2312-P-6000,MO2312-P-6000,112.4,0.0,0.0,0.0,32,102.0,106.6,6,112.4,104.0,0.0,0.0,0.0,0.0,448
2023-05-11 09:37:15,MO2312-P-6000,MO2312-P-6000,112.4,0.0,0.0,0.0,38,102.0,106.6,6,112.4,104.0,0.0,0.0,0.0,0.0,448
2023-05-11 09:37:16,MO2312-P-6000,MO2312-P-6000,112.4,0.0,0.0,0.0,6,102.2,106.8,18,112.4,104.0,0.0,0.0,0.0,0.0,448
2023-05-11 09:37:16,MO2312-P-6000,MO2312-P-6000,112.4,0.0,0.0,0.0,2,102.6,106.8,18,112.4,104.0,0.0,0.0,0.0,0.0,448
2023-05-11 09:37:17,MO2312-P-6000,MO2312-P-6000,112.4,0.0,0.0,0.0,8,102.6,106.6,6,112.4,104.0,0.0,0.0,0.0,0.0,448
2023-05-11 09:37:17,MO2312-P-6000,MO2312-P-6000,112.4,0.0,0.0,0.0,6,102.8,106.6,6,112.4,104.0,0.0,0.0,0.0,0.0,448
2023-05-11 09:37:18,MO2312-P-6000,MO2312-P-6000,112.4,0.0,0.0,0.0,6,103.0,106.8,24,112.4,104.0,0.0,0.0,0.0,0.0,448
2023-05-11 09:37:18,MO2312-P-6000,MO2312-P-6000,112.4,0.0,0.0,0.0,12,103.0,106.8,12,112.4,104.0,0.0,0.0,0.0,0.0,448
2023-05-11 09:37:19,MO2312-P-6000,MO2312-P-6000,112.4,0.0,0.0,0.0,12,103.2,106.6,6,112.4,104.0,0.0,0.0,0.0,0.0,448
2023-05-11 09:37:19,MO2312-P-6000,MO2312-P-6000,112.4,0.0,0.0,0.0,6,103.2,106.8,6,112.4,104.0,0.0,0.0,0.0,0.0,448
2023-05-11 09:37:20,MO2312-P-6000,MO2312-P-6000,112.4,0.0,0.0,0.0,12,103.0,106.8,6,112.4,104.0,0.0,0.0,0.0,0.0,448
2023-05-11 09:37:22,MO2312-P-6000,MO2312-P-6000,112.4,0.0,0.0,0.0,6,103.0,106.8,6,112.4,104.0,0.0,0.0,0.0,0.0,448
2023-05-11 09:37:23,MO2312-P-6000,MO2312-P-6000,112.4,0.0,0.0,0.0,1,103.2,106.8,6,112.4,104.0,0.0,0.0,0.0,0.0,448
2023-05-11 09:37:23,MO2312-P-6000,MO2312-P-6000,112.4,0.0,0.0,0.0,7,103.2,107.0,6,112.4,104.0,0.0,0.0,0.0,0.0,448
2023-05-11 09:37:24,MO2312-P-6000,MO2312-P-6000,112.4,0.0,0.0,0.0,6,103.4,107.0,6,112.4,104.0,0.0,0.0,0.0,0.0,448
2023-05-11 09:37:26,MO2312-P-6000,MO2312-P-6000,112.4,0.0,0.0,0.0,12,103.4,107.0,6,112.4,104.0,0.0,0.0,0.0,0.0,448
2023-05-11 09:37:29,MO2312-P-6000,MO2312-P-6000,112.4,0.0,0.0,0.0,6,103.6,107.2,18,112.4,104.0,0.0,0.0,0.0,0.0,448
2023-05-11 09:37:29,MO2312-P-6000,MO2312-P-6000,112.4,0.0,0.0,0.0,6,103.6,107.2,12,112.4,104.0,0.0,0.0,0.0,0.0,448
2023-05-11 09:37:30,MO2312-P-6000,MO2312-P-6000,112.4,0.0,0.0,0.0,6,103.6,107.2,6,112.4,104.0,0.0,0.0,0.0,0.0,448
2023-05-11 09:37:40,MO2312-P-6000,MO2312-P-6000,112.4,0.0,0.0,0.0,6,103.4,107.4,6,112.4,104.0,0.0,0.0,0.0,0.0,448
2023-05-11 09:37:40,MO2312-P-6000,MO2312-P-6000,112.4,0.0,0.0,0.0,6,103.6,107.6,6,112.4,104.0,0.0,0.0,0.0,0.0,448
2023-05-11 09:37:47,MO2312-P-6000,MO2312-P-6000,112.4,0.0,0.0,0.0,6,103.8,107.6,6,112.4,104.0,0.0,0.0,0.0,0.0,448
2023-05-11 09:37:50,MO2312-P-6000,MO2312-P-6000,112.4,0.0,0.0,0.0,6,103.6,107.6,6,112.4,104.0,0.0,0.0,0.0,0.0,448
2023-05-11 09:37:58,MO2312-P-6000,MO2312-P-6000,112.4,0.0,0.0,0.0,6,103.4,107.6,6,112.4,104.0,0.0,0.0,0.0,0.0,448
2023-05-11 09:38:13,MO2312-P-6000,MO2312-P-6000,112.4,0.0,0.0,0.0,8,103.4,107.6,6,112.4,104.0,0.0,0.0,0.0,0.0,448
2023-05-11 09:38:14,MO2312-P-6000,MO2312-P-6000,112.4,0.0,0.0,0.0,6,103.4,107.6,6,112.4,104.0,0.0,0.0,0.0,0.0,448
2023-05-11 09:38:22,MO2312-P-6000,MO2312-P-6000,112.4,0.0,0.0,0.0,8,103.4,107.6,6,112.4,104.0,0.0,0.0,0.0,0.0,448
2023-05-11 09:38:22,MO2312-P-6000,MO2312-P-6000,112.4,0.0,0.0,0.0,6,103.4,107.6,6,112.4,104.0,0.0,0.0,0.0,0.0,448
2023-05-11 09:38:54,MO2312-P-6000,MO2312-P-6000,112.4,0.0,0.0,0.0,8,103.4,107.6,6,112.4,104.0,0.0,0.0,0.0,0.0,448
2023-05-11 09:38:58,MO2312-P-6000,MO2312-P-6000,112.4,0.0,0.0,0.0,6,103.4,107.6,6,112.4,104.0,0.0,0.0,0.0,0.0,448
2023-05-11 09:38:59,MO2312-P-6000,MO2312-P-6000,112.4,0.0,0.0,0.0,8,103.4,107.6,6,112.4,104.0,0.0,0.0,0.0,0.0,448
2023-05-11 09:39:00,MO2312-P-6000,MO2312-P-6000,112.4,0.0,0.0,0.0,6,103.4,107.6,6,112.4,104.0,0.0,0.0,0.0,0.0,448
2023-05-11 09:39:10,MO2312-P-6000,MO2312-P-6000,112.4,0.0,0.0,0.0,18,103.2,107.6,6,112.4,104.0,0.0,0.0,0.0,0.0,448
2023-05-11 09:39:10,MO2312-P-6000,MO2312-P-6000,112.4,0.0,0.0,0.0,12,103.2,107.6,6,112.4,104.0,0.0,0.0,0.0,0.0,448
2023-05-11 09:39:11,MO2312-P-6000,MO2312-P-6000,112.4,0.0,0.0,0.0,6,103.2,107.6,6,112.4,104.0,0.0,0.0,0.0,0.0,448
2023-05-11 09:39:12,MO2312-P-6000,MO2312-P-6000,112.4,0.0,0.0,0.0,8,103.2,107.6,6,112.4,104.0,0.0,0.0,0.0,0.0,448
2023-05-11 09:39:16,MO2312-P-6000,MO2312-P-6000,112.4,0.0,0.0,0.0,6,103.2,107.6,6,112.4,104.0,0.0,0.0,0.0,0.0,448
2023-05-11 09:39:21,MO2312-P-6000,MO2312-P-6000,112.4,0.0,0.0,0.0,8,103.2,107.6,6,112.4,104.0,0.0,0.0,0.0,0.0,448
2023-05-11 09:39:23,MO2312-P-6000,MO2312-P-6000,112.4,0.0,0.0,0.0,6,103.2,107.6,6,112.4,104.0,0.0,0.0,0.0,0.0,448
2023-05-11 09:39:23,MO2312-P-6000,MO2312-P-6000,112.4,0.0,0.0,0.0,8,103.2,107.6,6,112.4,104.0,0.0,0.0,0.0,0.0,448
2023-05-11 09:39:24,MO2312-P-6000,MO2312-P-6000,112.4,0.0,0.0,0.0,6,103.2,107.6,6,112.4,104.0,0.0,0.0,0.0,0.0,448
2023-05-11 09:39:49,MO2312-P-6000,MO2312-P-6000,112.4,0.0,0.0,0.0,18,102.8,107.6,6,112.4,104.0,0.0,0.0,0.0,0.0,448
2023-05-11 09:39:49,MO2312-P-6000,MO2312-P-6000,112.4,0.0,0.0,0.0,6,102.8,107.6,6,112.4,104.0,0.0,0.0,0.0,0.0,448
2023-05-11 09:39:50,MO2312-P-6000,MO2312-P-6000,112.4,0.0,0.0,0.0,24,102.4,107.6,6,112.4,104.0,0.0,0.0,0.0,0.0,448
2023-05-11 09:39:50,MO2312-P-6000,MO2312-P-6000,112.4,0.0,0.0,0.0,14,102.4,107.6,6,112.4,104.0,0.0,0.0,0.0,0.0,448
2023-05-11 09:39:51,MO2312-P-6000,MO2312-P-6000,112.4,0.0,0.0,0.0,14,102.4,107.6,8,112.4,104.0,0.0,0.0,0.0,0.0,448
2023-05-11 09:39:51,MO2312-P-6000,MO2312-P-6000,112.4,0.0,0.0,0.0,14,102.4,107.4,6,112.4,104.0,0.0,0.0,0.0,0.0,448
2023-05-11 09:39:59,MO2312-P-6000,MO2312-P-6000,112.4,0.0,0.0,0.0,12,102.4,107.4,6,112.4,104.0,0.0,0.0,0.0,0.0,448
2023-05-11 09:40:00,MO2312-P-6000,MO2312-P-6000,112.4,0.0,0.0,0.0,6,102.4,107.4,6,112.4,104.0,0.0,0.0,0.0,0.0,448
2023-05-11 09:40:17,MO2312-P-6000,MO2312-P-6000,112.4,0.0,0.0,0.0,12,102.2,107.2,6,112.4,104.0,0.0,0.0,0.0,0.0,448
2023-05-11 09:40:18,MO2312-P-6000,MO2312-P-6000,112.4,0.0,0.0,0.0,18,102.0,107.0,6,112.4,104.0,0.0,0.0,0.0,0.0,448
2023-05-11 09:40:18,MO2312-P-6000,MO2312-P-6000,112.4,0.0,0.0,0.0,12,102.0,107.0,6,112.4,104.0,0.0,0.0,0.0,0.0,448
2023-05-11 09:40:19,MO2312-P-6000,MO2312-P-6000,112.4,0.0,0.0,0.0,6,102.0,107.0,6,112.4,104.0,0.0,0.0,0.0,0.0,448
2023-05-11 09:40:37,MO2312-P-6000,MO2312-P-6000,112.4,0.0,0.0,0.0,8,102.0,107.0,6,112.4,104.0,0.0,0.0,0.0,0.0,448
2023-05-11 09:40:38,MO2312-P-6000,MO2312-P-6000,112.4,0.0,0.0,0.0,6,102.0,107.0,6,112.4,104.0,0.0,0.0,0.0,0.0,448
2023-05-11 09:40:38,MO2312-P-6000,MO2312-P-6000,112.4,0.0,0.0,0.0,8,102.0,107.0,6,112.4,104.0,0.0,0.0,0.0,0.0,448
2023-05-11 09:41:00,MO2312-P-6000,MO2312-P-6000,112.4,0.0,0.0,0.0,6,102.0,107.0,6,112.4,104.0,0.0,0.0,0.0,0.0,448
2023-05-11 09:41:01,MO2312-P-6000,MO2312-P-6000,112.4,0.0,0.0,0.0,8,102.0,107.0,6,112.4,104.0,0.0,0.0,0.0,0.0,448
2023-05-11 09:41:08,MO2312-P-6000,MO2312-P-6000,112.4,0.0,0.0,0.0,6,102.2,107.0,6,112.4,104.0,0.0,0.0,0.0,0.0,448
2023-05-11 09:41:08,MO2312-P-6000,MO2312-P-6000,112.4,0.0,0.0,0.0,2,102.6,107.0,6,112.4,104.0,0.0,0.0,0.0,0.0,448
2023-05-11 09:41:09,MO2312-P-6000,MO2312-P-6000,112.4,0.0,0.0,0.0,8,102.6,107.0,6,112.4,104.0,0.0,0.0,0.0,0.0,448
2023-05-11 09:41:10,MO2312-P-6000,MO2312-P-6000,112.4,0.0,0.0,0.0,6,102.6,107.0,6,112.4,104.0,0.0,0.0,0.0,0.0,448
2023-05-11 09:41:11,MO2312-P-6000,MO2312-P-6000,112.4,0.0,0.0,0.0,6,102.2,107.0,6,112.4,104.0,0.0,0.0,0.0,0.0,448
2023-05-11 09:41:11,MO2312-P-6000,MO2312-P-6000,112.4,0.0,0.0,0.0,2,102.4,107.0,6,112.4,104.0,0.0,0.0,0.0,0.0,448
2023-05-11 09:41:12,MO2312-P-6000,MO2312-P-6000,112.4,0.0,0.0,0.0,6,102.2,107.0,6,112.4,104.0,0.0,0.0,0.0,0.0,448
2023-05-11 09:41:12,MO2312-P-6000,MO2312-P-6000,112.4,0.0,0.0,0.0,8,102.2,107.0,6,112.4,104.0,0.0,0.0,0.0,0.0,448
2023-05-11 09:41:40,MO2312-P-6000,MO2312-P-6000,112.4,0.0,0.0,0.0,2,102.2,107.0,6,112.4,104.0,0.0,0.0,0.0,0.0,448
2023-05-11 09:41:53,MO2312-P-6000,MO2312-P-6000,112.4,0.0,0.0,0.0,2,102.2,107.0,8,112.4,104.0,0.0,0.0,0.0,0.0,448
2023-05-11 09:41:54,MO2312-P-6000,MO2312-P-6000,112.4,0.0,0.0,0.0,2,102.2,106.8,6,112.4,104.0,0.0,0.0,0.0,0.0,448
2023-05-11 09:42:04,MO2312-P-6000,MO2312-P-6000,112.4,0.0,0.0,0.0,6,102.0,106.8,6,112.4,104.0,0.0,0.0,0.0,0.0,448
2023-05-11 09:42:04,MO2312-P-6000,MO2312-P-6000,112.4,0.0,0.0,0.0,8,102.0,106.8,6,112.4,104.0,0.0,0.0,0.0,0.0,448
2023-05-11 09:42:06,MO2312-P-6000,MO2312-P-6000,112.4,0.0,0.0,0.0,6,102.0,106.8,6,112.4,104.0,0.0,0.0,0.0,0.0,448
2023-05-11 09:42:10,MO2312-P-6000,MO2312-P-6000,112.4,0.0,0.0,0.0,6,102.2,106.8,6,112.4,104.0,0.0,0.0,0.0,0.0,448
2023-05-11 09:42:11,MO2312-P-6000,MO2312-P-6000,112.4,0.0,0.0,0.0,6,102.0,106.8,6,112.4,104.0,0.0,0.0,0.0,0.0,448
2023-05-11 09:42:17,MO2312-P-6000,MO2312-P-6000,112.4,0.0,0.0,0.0,8,102.0,106.8,6,112.4,104.0,0.0,0.0,0.0,0.0,448
2023-05-11 09:42:17,MO2312-P-6000,MO2312-P-6000,112.4,0.0,0.0,0.0,6,102.2,106.8,6,112.4,104.0,0.0,0.0,0.0,0.0,448
2023-05-11 09:42:21,MO2312-P-6000,MO2312-P-6000,112.4,0.0,0.0,0.0,6,102.2,106.8,8,112.4,104.0,0.0,0.0,0.0,0.0,448
2023-05-11 09:42:21,MO2312-P-6000,MO2312-P-6000,112.4,0.0,0.0,0.0,6,102.2,106.6,6,112.4,104.0,0.0,0.0,0.0,0.0,448
2023-05-11 09:42:22,MO2312-P-6000,MO2312-P-6000,112.4,0.0,0.0,0.0,6,102.0,106.6,6,112.4,104.0,0.0,0.0,0.0,0.0,448
2023-05-11 09:42:40,MO2312-P-6000,MO2312-P-6000,112.4,0.0,0.0,0.0,8,102.0,106.6,6,112.4,104.0,0.0,0.0,0.0,0.0,448
2023-05-11 09:42:41,MO2312-P-6000,MO2312-P-6000,112.4,0.0,0.0,0.0,6,102.0,106.6,6,112.4,104.0,0.0,0.0,0.0,0.0,448
2023-05-11 09:42:58,MO2312-P-6000,MO2312-P-6000,112.4,0.0,0.0,0.0,8,102.0,106.6,6,112.4,104.0,0.0,0.0,0.0,0.0,448
2023-05-11 09:42:59,MO2312-P-6000,MO2312-P-6000,112.4,0.0,0.0,0.0,6,102.0,106.6,6,112.4,104.0,0.0,0.0,0.0,0.0,448
2023-05-11 09:43:00,MO2312-P-6000,MO2312-P-6000,112.4,0.0,0.0,0.0,8,102.0,106.6,6,112.4,104.0,0.0,0.0,0.0,0.0,448
2023-05-11 09:43:02,MO2312-P-6000,MO2312-P-6000,112.4,0.0,0.0,0.0,6,102.0,106.6,6,112.4,104.0,0.0,0.0,0.0,0.0,448
2023-05-11 09:43:03,MO2312-P-6000,MO2312-P-6000,112.4,0.0,0.0,0.0,8,102.0,106.6,6,112.4,104.0,0.0,0.0,0.0,0.0,448
2023-05-11 09:43:04,MO2312-P-6000,MO2312-P-6000,112.4,0.0,0.0,0.0,6,102.0,106.6,6,112.4,104.0,0.0,0.0,0.0,0.0,448
2023-05-11 09:43:09,MO2312-P-6000,MO2312-P-6000,112.4,0.0,0.0,0.0,8,102.0,106.6,6,112.4,104.0,0.0,0.0,0.0,0.0,448
2023-05-11 09:43:11,MO2312-P-6000,MO2312-P-6000,112.4,0.0,0.0,0.0,6,102.2,106.6,6,112.4,104.0,0.0,0.0,0.0,0.0,448
2023-05-11 09:43:17,MO2312-P-6000,MO2312-P-6000,112.4,0.0,0.0,0.0,6,102.0,106.6,6,112.4,104.0,0.0,0.0,0.0,0.0,448
2023-05-11 09:43:17,MO2312-P-6000,MO2312-P-6000,112.4,0.0,0.0,0.0,8,102.0,106.6,6,112.4,104.0,0.0,0.0,0.0,0.0,448
2023-05-11 09:43:37,MO2312-P-6000,MO2312-P-6000,112.4,0.0,0.0,0.0,8,102.0,106.6,2,112.4,104.0,0.0,0.0,0.0,0.0,448
2023-05-11 09:43:37,MO2312-P-6000,MO2312-P-6000,112.4,0.0,0.0,0.0,14,102.0,106.4,6,112.4,104.0,0.0,0.0,0.0,0.0,448
2023-05-11 09:43:38,MO2312-P-6000,MO2312-P-6000,112.4,0.0,0.0,0.0,8,102.0,106.8,6,112.4,104.0,0.0,0.0,0.0,0.0,448
2023-05-11 09:43:38,MO2312-P-6000,MO2312-P-6000,112.4,0.0,0.0,0.0,8,102.0,106.8,8,112.4,104.0,0.0,0.0,0.0,0.0,448
2023-05-11 09:43:39,MO2312-P-6000,MO2312-P-6000,112.4,0.0,0.0,0.0,8,102.0,106.6,6,112.4,104.0,0.0,0.0,0.0,0.0,448
2023-05-11 09:43:52,MO2312-P-6000,MO2312-P-6000,112.4,0.0,0.0,0.0,6,102.0,106.6,6,112.4,104.0,0.0,0.0,0.0,0.0,448
2023-05-11 09:43:53,MO2312-P-6000,MO2312-P-6000,112.4,0.0,0.0,0.0,8,102.0,106.6,6,112.4,104.0,0.0,0.0,0.0,0.0,448
2023-05-11 09:43:53,MO2312-P-6000,MO2312-P-6000,112.4,0.0,0.0,0.0,6,102.0,106.6,6,112.4,104.0,0.0,0.0,0.0,0.0,448
2023-05-11 09:43:55,MO2312-P-6000,MO2312-P-6000,112.4,0.0,0.0,0.0,2,102.2,106.6,6,112.4,104.0,0.0,0.0,0.0,0.0,448
2023-05-11 09:44:00,MO2312-P-6000,MO2312-P-6000,112.4,0.0,0.0,0.0,6,102.0,106.6,6,112.4,104.0,0.0,0.0,0.0,0.0,448
2023-05-11 09:44:00,MO2312-P-6000,MO2312-P-6000,112.4,0.0,0.0,0.0,8,102.0,106.6,6,112.4,104.0,0.0,0.0,0.0,0.0,448
2023-05-11 09:44:09,MO2312-P-6000,MO2312-P-6000,112.4,0.0,0.0,0.0,6,102.0,106.6,6,112.4,104.0,0.0,0.0,0.0,0.0,448
2023-05-11 09:44:13,MO2312-P-6000,MO2312-P-6000,112.4,0.0,0.0,0.0,8,102.0,106.6,6,112.4,104.0,0.0,0.0,0.0,0.0,448
2023-05-11 09:44:14,MO2312-P-6000,MO2312-P-6000,112.4,0.0,0.0,0.0,6,102.0,106.6,6,112.4,104.0,0.0,0.0,0.0,0.0,448
2023-05-11 09:44:15,MO2312-P-6000,MO2312-P-6000,112.4,0.0,0.0,0.0,8,102.0,106.6,6,112.4,104.0,0.0,0.0,0.0,0.0,448
2023-05-11 09:44:16,MO2312-P-6000,MO2312-P-6000,112.4,0.0,0.0,0.0,6,102.0,106.6,6,112.4,104.0,0.0,0.0,0.0,0.0,448
2023-05-11 09:44:17,MO2312-P-6000,MO2312-P-6000,112.4,0.0,0.0,0.0,8,102.0,106.6,6,112.4,104.0,0.0,0.0,0.0,0.0,448
2023-05-11 09:44:19,MO2312-P-6000,MO2312-P-6000,112.4,0.0,0.0,0.0,6,102.0,106.6,6,112.4,104.0,0.0,0.0,0.0,0.0,448
2023-05-11 09:44:22,MO2312-P-6000,MO2312-P-6000,112.4,0.0,0.0,0.0,8,102.0,106.6,6,112.4,104.0,0.0,0.0,0.0,0.0,448
2023-05-11 09:44:22,MO2312-P-6000,MO2312-P-6000,112.4,0.0,0.0,0.0,6,102.0,106.6,6,112.4,104.0,0.0,0.0,0.0,0.0,448
2023-05-11 09:44:23,MO2312-P-6000,MO2312-P-6000,112.4,0.0,0.0,0.0,8,102.0,106.6,6,112.4,104.0,0.0,0.0,0.0,0.0,448
2023-05-11 09:44:25,MO2312-P-6000,MO2312-P-6000,112.4,0.0,0.0,0.0,6,102.0,106.6,6,112.4,104.0,0.0,0.0,0.0,0.0,448
2023-05-11 09:44:29,MO2312-P-6000,MO2312-P-6000,112.4,0.0,0.0,0.0,2,102.2,106.6,6,112.4,104.0,0.0,0.0,0.0,0.0,448
2023-05-11 09:44:32,MO2312-P-6000,MO2312-P-6000,112.4,0.0,0.0,0.0,6,102.0,106.6,6,112.4,104.0,0.0,0.0,0.0,0.0,448
2023-05-11 09:44:33,MO2312-P-6000,MO2312-P-6000,112.4,0.0,0.0,0.0,8,102.0,106.6,6,112.4,104.0,0.0,0.0,0.0,0.0,448
2023-05-11 09:44:54,MO2312-P-6000,MO2312-P-6000,112.4,0.0,0.0,0.0,6,102.2,106.8,8,112.4,104.0,0.0,0.0,0.0,0.0,448
2023-05-11 09:44:55,MO2312-P-6000,MO2312-P-6000,112.4,0.0,0.0,0.0,6,102.4,106.8,8,112.4,104.0,0.0,0.0,0.0,0.0,448
2023-05-11 09:44:55,MO2312-P-6000,MO2312-P-6000,112.4,0.0,0.0,0.0,12,102.4,106.6,6,112.4,104.0,0.0,0.0,0.0,0.0,448
2023-05-11 09:44:56,MO2312-P-6000,MO2312-P-6000,112.4,0.0,0.0,0.0,6,102.6,106.6,6,112.4,104.0,0.0,0.0,0.0,0.0,448
2023-05-11 09:44:57,MO2312-P-6000,MO2312-P-6000,112.4,0.0,0.0,0.0,6,102.6,106.8,6,112.4,104.0,0.0,0.0,0.0,0.0,448
2023-05-11 09:44:57,MO2312-P-6000,MO2312-P-6000,112.4,0.0,0.0,0.0,6,102.6,107.2,6,112.4,104.0,0.0,0.0,0.0,0.0,448
2023-05-11 09:45:01,MO2312-P-6000,MO2312-P-6000,112.4,0.0,0.0,0.0,8,102.6,107.2,6,112.4,104.0,0.0,0.0,0.0,0.0,448
2023-05-11 09:45:02,MO2312-P-6000,MO2312-P-6000,112.4,0.0,0.0,0.0,6,102.8,107.2,6,112.4,104.0,0.0,0.0,0.0,0.0,448
2023-05-11 09:45:04,MO2312-P-6000,MO2312-P-6000,112.4,0.0,0.0,0.0,7,103.0,107.2,6,112.4,104.0,0.0,0.0,0.0,0.0,448
2023-05-11 09:45:06,MO2312-P-6000,MO2312-P-6000,112.4,0.0,0.0,0.0,2,103.2,107.2,6,112.4,104.0,0.0,0.0,0.0,0.0,448
2023-05-11 09:45:07,MO2312-P-6000,MO2312-P-6000,112.4,0.0,0.0,0.0,6,103.4,107.2,6,112.4,104.0,0.0,0.0,0.0,0.0,448
2023-05-11 09:45:07,MO2312-P-6000,MO2312-P-6000,112.4,0.0,0.0,0.0,18,103.2,107.4,6,112.4,104.0,0.0,0.0,0.0,0.0,448
2023-05-11 09:45:09,MO2312-P-6000,MO2312-P-6000,112.4,0.0,0.0,0.0,20,103.2,107.4,6,112.4,104.0,0.0,0.0,0.0,0.0,448
2023-05-11 09:45:10,MO2312-P-6000,MO2312-P-6000,112.4,0.0,0.0,0.0,6,103.4,107.6,12,112.4,104.0,0.0,0.0,0.0,0.0,448
2023-05-11 09:45:11,MO2312-P-6000,MO2312-P-6000,112.4,0.0,0.0,0.0,6,103.4,107.8,12,112.4,104.0,0.0,0.0,0.0,0.0,448
2023-05-11 09:45:11,MO2312-P-6000,MO2312-P-6000,112.4,0.0,0.0,0.0,6,103.4,107.8,6,112.4,104.0,0.0,0.0,0.0,0.0,448
2023-05-11 09:45:12,MO2312-P-6000,MO2312-P-6000,112.4,0.0,0.0,0.0,20,103.2,108.0,6,112.4,104.0,0.0,0.0,0.0,0.0,448
2023-05-11 09:45:15,MO2312-P-6000,MO2312-P-6000,112.4,0.0,0.0,0.0,14,103.2,108.0,6,112.4,104.0,0.0,0.0,0.0,0.0,448
2023-05-11 09:45:16,MO2312-P-6000,MO2312-P-6000,112.4,0.0,0.0,0.0,12,103.2,108.0,6,112.4,104.0,0.0,0.0,0.0,0.0,448
2023-05-11 09:45:17,MO2312-P-6000,MO2312-P-6000,112.4,0.0,0.0,0.0,8,103.2,108.0,6,112.4,104.0,0.0,0.0,0.0,0.0,448
2023-05-11 09:45:35,MO2312-P-6000,MO2312-P-6000,112.4,0.0,0.0,0.0,6,103.2,108.0,6,112.4,104.0,0.0,0.0,0.0,0.0,448
2023-05-11 09:45:36,MO2312-P-6000,MO2312-P-6000,112.4,0.0,0.0,0.0,8,103.2,108.0,6,112.4,104.0,0.0,0.0,0.0,0.0,448
2023-05-11 09:45:37,MO2312-P-6000,MO2312-P-6000,112.4,0.0,0.0,0.0,6,103.2,108.0,6,112.4,104.0,0.0,0.0,0.0,0.0,448
2023-05-11 09:45:38,MO2312-P-6000,MO2312-P-6000,112.4,0.0,0.0,0.0,8,103.2,108.0,6,112.4,104.0,0.0,0.0,0.0,0.0,448
2023-05-11 09:45:39,MO2312-P-6000,MO2312-P-6000,112.4,0.0,0.0,0.0,6,103.2,108.0,6,112.4,104.0,0.0,0.0,0.0,0.0,448
2023-05-11 09:45:39,MO2312-P-6000,MO2312-P-6000,112.4,0.0,0.0,0.0,8,103.2,108.0,6,112.4,104.0,0.0,0.0,0.0,0.0,448
2023-05-11 09:45:44,MO2312-P-6000,MO2312-P-6000,112.4,0.0,0.0,0.0,6,103.2,108.0,6,112.4,104.0,0.0,0.0,0.0,0.0,448
2023-05-11 09:45:44,MO2312-P-6000,MO2312-P-6000,112.4,0.0,0.0,0.0,8,103.2,108.0,6,112.4,104.0,0.0,0.0,0.0,0.0,448
2023-05-11 09:45:56,MO2312-P-6000,MO2312-P-6000,112.4,0.0,0.0,0.0,6,103.4,108.2,24,112.4,104.0,0.0,0.0,0.0,0.0,448
2023-05-11 09:45:56,MO2312-P-6000,MO2312-P-6000,112.4,0.0,0.0,0.0,2,103.6,108.2,18,112.4,104.0,0.0,0.0,0.0,0.0,448
2023-05-11 09:45:57,MO2312-P-6000,MO2312-P-6000,112.4,0.0,0.0,0.0,2,103.6,108.0,6,112.4,104.0,0.0,0.0,0.0,0.0,448
2023-05-11 09:45:57,MO2312-P-6000,MO2312-P-6000,112.4,0.0,0.0,0.0,2,103.4,108.0,6,112.4,104.0,0.0,0.0,0.0,0.0,448
2023-05-11 09:46:02,MO2312-P-6000,MO2312-P-6000,112.4,0.0,0.0,0.0,8,103.2,108.0,6,112.4,104.0,0.0,0.0,0.0,0.0,448
2023-05-11 09:46:04,MO2312-P-6000,MO2312-P-6000,112.4,0.0,0.0,0.0,8,103.2,108.4,6,112.4,104.0,0.0,0.0,0.0,0.0,448
2023-05-11 09:46:09,MO2312-P-6000,MO2312-P-6000,112.4,0.0,0.0,0.0,8,103.2,108.8,6,112.4,104.0,0.0,0.0,0.0,0.0,448
2023-05-11 09:46:15,MO2312-P-6000,MO2312-P-6000,112.4,0.0,0.0,0.0,6,103.2,108.8,6,112.4,104.0,0.0,0.0,0.0,0.0,448
2023-05-11 09:46:16,MO2312-P-6000,MO2312-P-6000,112.4,0.0,0.0,0.0,8,103.2,108.8,6,112.4,104.0,0.0,0.0,0.0,0.0,448
2023-05-11 09:46:22,MO2312-P-6000,MO2312-P-6000,112.4,0.0,0.0,0.0,6,103.2,108.8,6,112.4,104.0,0.0,0.0,0.0,0.0,448
2023-05-11 09:46:22,MO2312-P-6000,MO2312-P-6000,112.4,0.0,0.0,0.0,8,103.2,108.8,6,112.4,104.0,0.0,0.0,0.0,0.0,448
2023-05-11 09:47:00,MO2312-P-6000,MO2312-P-6000,112.4,0.0,0.0,0.0,8,103.2,108.8,8,112.4,104.0,0.0,0.0,0.0,0.0,448
2023-05-11 09:47:01,MO2312-P-6000,MO2312-P-6000,112.4,0.0,0.0,0.0,8,103.2,108.6,6,112.4,104.0,0.0,0.0,0.0,0.0,448
2023-05-11 09:47:01,MO2312-P-6000,MO2312-P-6000,112.4,0.0,0.0,0.0,8,103.2,108.8,6,112.4,104.0,0.0,0.0,0.0,0.0,448
2023-05-11 09:47:02,MO2312-P-6000,MO2312-P-6000,112.4,0.0,0.0,0.0,8,103.2,108.8,8,112.4,104.0,0.0,0.0,0.0,0.0,448
2023-05-11 09:47:02,MO2312-P-6000,MO2312-P-6000,112.4,0.0,0.0,0.0,8,103.2,108.6,6,112.4,104.0,0.0,0.0,0.0,0.0,448
2023-05-11 09:47:03,MO2312-P-6000,MO2312-P-6000,112.4,0.0,0.0,0.0,8,103.2,108.6,8,112.4,104.0,0.0,0.0,0.0,0.0,448
2023-05-11 09:47:03,MO2312-P-6000,MO2312-P-6000,112.4,0.0,0.0,0.0,8,103.2,108.4,6,112.4,104.0,0.0,0.0,0.0,0.0,448
2023-05-11 09:47:09,MO2312-P-6000,MO2312-P-6000,112.4,0.0,0.0,0.0,10,103.2,108.4,6,112.4,104.0,0.0,0.0,0.0,0.0,448
2023-05-11 09:47:11,MO2312-P-6000,MO2312-P-6000,112.4,0.0,0.0,0.0,8,103.2,108.4,6,112.4,104.0,0.0,0.0,0.0,0.0,448
2023-05-11 09:47:17,MO2312-P-6000,MO2312-P-6000,112.4,0.0,0.0,0.0,10,103.2,108.4,6,112.4,104.0,0.0,0.0,0.0,0.0,448
2023-05-11 09:47:18,MO2312-P-6000,MO2312-P-6000,112.4,0.0,0.0,0.0,8,103.2,108.4,6,112.4,104.0,0.0,0.0,0.0,0.0,448
2023-05-11 09:47:41,MO2312-P-6000,MO2312-P-6000,112.4,0.0,0.0,0.0,6,103.2,108.4,6,112.4,104.0,0.0,0.0,0.0,0.0,448
2023-05-11 09:47:42,MO2312-P-6000,MO2312-P-6000,112.4,0.0,0.0,0.0,8,103.2,108.4,6,112.4,104.0,0.0,0.0,0.0,0.0,448
2023-05-11 09:47:57,MO2312-P-6000,MO2312-P-6000,112.4,0.0,0.0,0.0,2,103.4,108.4,6,112.4,104.0,0.0,0.0,0.0,0.0,448
2023-05-11 09:47:57,MO2312-P-6000,MO2312-P-6000,112.4,0.0,0.0,0.0,2,103.6,108.4,6,112.4,104.0,0.0,0.0,0.0,0.0,448
2023-05-11 09:47:59,MO2312-P-6000,MO2312-P-6000,112.4,0.0,0.0,0.0,6,103.2,108.4,6,112.4,104.0,0.0,0.0,0.0,0.0,448
2023-05-11 09:47:59,MO2312-P-6000,MO2312-P-6000,112.4,0.0,0.0,0.0,2,103.4,108.4,6,112.4,104.0,0.0,0.0,0.0,0.0,448
2023-05-11 09:48:10,MO2312-P-6000,MO2312-P-6000,112.4,0.0,0.0,0.0,6,103.2,108.4,6,112.4,104.0,0.0,0.0,0.0,0.0,448
2023-05-11 09:48:11,MO2312-P-6000,MO2312-P-6000,112.4,0.0,0.0,0.0,8,103.2,108.4,6,112.4,104.0,0.0,0.0,0.0,0.0,448
2023-05-11 09:48:17,MO2312-P-6000,MO2312-P-6000,112.4,0.0,0.0,0.0,6,103.2,108.4,6,112.4,104.0,0.0,0.0,0.0,0.0,448
2023-05-11 09:48:19,MO2312-P-6000,MO2312-P-6000,112.4,0.0,0.0,0.0,8,103.2,108.4,6,112.4,104.0,0.0,0.0,0.0,0.0,448
2023-05-11 09:48:20,MO2312-P-6000,MO2312-P-6000,112.4,0.0,0.0,0.0,6,103.2,108.4,6,112.4,104.0,0.0,0.0,0.0,0.0,448
2023-05-11 09:48:23,MO2312-P-6000,MO2312-P-6000,112.4,0.0,0.0,0.0,8,103.2,108.4,6,112.4,104.0,0.0,0.0,0.0,0.0,448
2023-05-11 09:49:01,MO2312-P-6000,MO2312-P-6000,112.4,0.0,0.0,0.0,6,103.2,108.4,6,112.4,104.0,0.0,0.0,0.0,0.0,448
2023-05-11 09:49:02,MO2312-P-6000,MO2312-P-6000,112.4,0.0,0.0,0.0,6,103.2,108.4,12,112.4,104.0,0.0,0.0,0.0,0.0,448
2023-05-11 09:49:03,MO2312-P-6000,MO2312-P-6000,112.4,0.0,0.0,0.0,6,103.2,108.2,6,112.4,104.0,0.0,0.0,0.0,0.0,448
2023-05-11 09:49:03,MO2312-P-6000,MO2312-P-6000,112.4,0.0,0.0,0.0,6,103.2,108.2,8,112.4,104.0,0.0,0.0,0.0,0.0,448
2023-05-11 09:49:04,MO2312-P-6000,MO2312-P-6000,112.4,0.0,0.0,0.0,6,103.2,108.0,6,112.4,104.0,0.0,0.0,0.0,0.0,448
2023-05-11 09:49:08,MO2312-P-6000,MO2312-P-6000,112.4,0.0,0.0,0.0,8,103.2,108.0,6,112.4,104.0,0.0,0.0,0.0,0.0,448
2023-05-11 09:49:08,MO2312-P-6000,MO2312-P-6000,112.4,0.0,0.0,0.0,6,103.2,108.0,6,112.4,104.0,0.0,0.0,0.0,0.0,448
2023-05-11 09:49:09,MO2312-P-6000,MO2312-P-6000,112.4,0.0,0.0,0.0,6,103.2,108.2,6,112.4,104.0,0.0,0.0,0.0,0.0,448
2023-05-11 09:49:10,MO2312-P-6000,MO2312-P-6000,112.4,0.0,0.0,0.0,6,103.2,108.8,6,112.4,104.0,0.0,0.0,0.0,0.0,448
2023-05-11 09:49:17,MO2312-P-6000,MO2312-P-6000,112.4,0.0,0.0,0.0,6,103.2,109.0,6,112.4,104.0,0.0,0.0,0.0,0.0,448
2023-05-11 09:49:19,MO2312-P-6000,MO2312-P-6000,112.4,0.0,0.0,0.0,6,103.2,109.0,8,112.4,104.0,0.0,0.0,0.0,0.0,448
2023-05-11 09:49:20,MO2312-P-6000,MO2312-P-6000,112.4,0.0,0.0,0.0,6,103.2,108.8,6,112.4,104.0,0.0,0.0,0.0,0.0,448
2023-05-11 09:49:24,MO2312-P-6000,MO2312-P-6000,112.4,0.0,0.0,0.0,8,103.2,109.0,6,112.4,104.0,0.0,0.0,0.0,0.0,448
2023-05-11 09:49:25,MO2312-P-6000,MO2312-P-6000,112.4,0.0,0.0,0.0,6,103.2,109.0,6,112.4,104.0,0.0,0.0,0.0,0.0,448
2023-05-11 09:49:25,MO2312-P-6000,MO2312-P-6000,112.4,0.0,0.0,0.0,8,103.2,109.0,6,112.4,104.0,0.0,0.0,0.0,0.0,448
2023-05-11 09:49:26,MO2312-P-6000,MO2312-P-6000,112.4,0.0,0.0,0.0,10,103.2,109.0,6,112.4,104.0,0.0,0.0,0.0,0.0,448
2023-05-11 09:49:27,MO2312-P-6000,MO2312-P-6000,112.4,0.0,0.0,0.0,14,103.2,109.0,6,112.4,104.0,0.0,0.0,0.0,0.0,448
2023-05-11 09:49:28,MO2312-P-6000,MO2312-P-6000,112.4,0.0,0.0,0.0,12,103.2,109.0,6,112.4,104.0,0.0,0.0,0.0,0.0,448
2023-05-11 09:49:38,MO2312-P-6000,MO2312-P-6000,112.4,0.0,0.0,0.0,6,103.2,109.0,6,112.4,104.0,0.0,0.0,0.0,0.0,448
2023-05-11 09:49:51,MO2312-P-6000,MO2312-P-6000,112.4,0.0,0.0,0.0,8,103.2,109.0,6,112.4,104.0,0.0,0.0,0.0,0.0,448
2023-05-11 09:49:57,MO2312-P-6000,MO2312-P-6000,112.4,0.0,0.0,0.0,6,103.2,109.0,6,112.4,104.0,0.0,0.0,0.0,0.0,448
2023-05-11 09:50:05,MO2312-P-6000,MO2312-P-6000,112.4,0.0,0.0,0.0,6,103.2,108.8,6,112.4,104.0,0.0,0.0,0.0,0.0,448
2023-05-11 09:50:05,MO2312-P-6000,MO2312-P-6000,112.4,0.0,0.0,0.0,6,103.2,108.6,6,112.4,104.0,0.0,0.0,0.0,0.0,448
2023-05-11 09:50:06,MO2312-P-6000,MO2312-P-6000,112.4,0.0,0.0,0.0,8,103.2,108.6,6,112.4,104.0,0.0,0.0,0.0,0.0,448
2023-05-11 09:50:07,MO2312-P-6000,MO2312-P-6000,112.4,0.0,0.0,0.0,8,103.2,108.6,8,112.4,104.0,0.0,0.0,0.0,0.0,448
2023-05-11 09:50:07,MO2312-P-6000,MO2312-P-6000,112.4,0.0,0.0,0.0,8,103.2,108.4,6,112.4,104.0,0.0,0.0,0.0,0.0,448
2023-05-11 09:50:11,MO2312-P-6000,MO2312-P-6000,112.4,0.0,0.0,0.0,6,103.2,108.4,6,112.4,104.0,0.0,0.0,0.0,0.0,448
2023-05-11 09:50:11,MO2312-P-6000,MO2312-P-6000,112.4,0.0,0.0,0.0,8,103.2,108.4,6,112.4,104.0,0.0,0.0,0.0,0.0,448
2023-05-11 09:50:12,MO2312-P-6000,MO2312-P-6000,112.4,0.0,0.0,0.0,6,103.2,108.4,6,112.4,104.0,0.0,0.0,0.0,0.0,448
2023-05-11 09:50:19,MO2312-P-6000,MO2312-P-6000,112.4,0.0,0.0,0.0,8,103.2,108.4,6,112.4,104.0,0.0,0.0,0.0,0.0,448
2023-05-11 09:50:22,MO2312-P-6000,MO2312-P-6000,112.4,0.0,0.0,0.0,6,103.2,108.4,6,112.4,104.0,0.0,0.0,0.0,0.0,448
2023-05-11 09:50:22,MO2312-P-6000,MO2312-P-6000,112.4,0.0,0.0,0.0,8,103.2,108.4,6,112.4,104.0,0.0,0.0,0.0,0.0,448
2023-05-11 09:50:27,MO2312-P-6000,MO2312-P-6000,112.4,0.0,0.0,0.0,10,103.2,108.4,6,112.4,104.0,0.0,0.0,0.0,0.0,448
2023-05-11 09:50:28,MO2312-P-6000,MO2312-P-6000,112.4,0.0,0.0,0.0,8,103.2,108.4,6,112.4,104.0,0.0,0.0,0.0,0.0,448
2023-05-11 09:50:32,MO2312-P-6000,MO2312-P-6000,112.4,0.0,0.0,0.0,6,103.2,108.4,6,112.4,104.0,0.0,0.0,0.0,0.0,448
2023-05-11 09:50:33,MO2312-P-6000,MO2312-P-6000,112.4,0.0,0.0,0.0,8,103.2,108.4,6,112.4,104.0,0.0,0.0,0.0,0.0,448
2023-05-11 09:50:44,MO2312-P-6000,MO2312-P-6000,112.4,0.0,0.0,0.0,6,103.2,108.4,6,112.4,104.0,0.0,0.0,0.0,0.0,448
2023-05-11 09:50:48,MO2312-P-6000,MO2312-P-6000,112.4,0.0,0.0,0.0,8,103.2,108.4,6,112.4,104.0,0.0,0.0,0.0,0.0,448
2023-05-11 09:50:55,MO2312-P-6000,MO2312-P-6000,112.4,0.0,0.0,0.0,6,103.2,108.4,6,112.4,104.0,0.0,0.0,0.0,0.0,448
2023-05-11 09:51:03,MO2312-P-6000,MO2312-P-6000,112.4,0.0,0.0,0.0,8,103.2,108.4,6,112.4,104.0,0.0,0.0,0.0,0.0,448
2023-05-11 09:51:04,MO2312-P-6000,MO2312-P-6000,112.4,0.0,0.0,0.0,6,103.2,108.4,6,112.4,104.0,0.0,0.0,0.0,0.0,448
2023-05-11 09:51:05,MO2312-P-6000,MO2312-P-6000,112.4,0.0,0.0,0.0,8,103.2,108.4,6,112.4,104.0,0.0,0.0,0.0,0.0,448
2023-05-11 09:51:10,MO2312-P-6000,MO2312-P-6000,112.4,0.0,0.0,0.0,6,103.2,108.4,6,112.4,104.0,0.0,0.0,0.0,0.0,448
2023-05-11 09:51:11,MO2312-P-6000,MO2312-P-6000,112.4,0.0,0.0,0.0,8,103.2,108.4,6,112.4,104.0,0.0,0.0,0.0,0.0,448
2023-05-11 09:51:14,MO2312-P-6000,MO2312-P-6000,112.4,0.0,0.0,0.0,6,103.2,108.4,6,112.4,104.0,0.0,0.0,0.0,0.0,448
2023-05-11 09:51:19,MO2312-P-6000,MO2312-P-6000,112.4,0.0,0.0,0.0,8,103.2,108.4,6,112.4,104.0,0.0,0.0,0.0,0.0,448
2023-05-11 09:51:22,MO2312-P-6000,MO2312-P-6000,112.4,0.0,0.0,0.0,6,103.2,108.4,6,112.4,104.0,0.0,0.0,0.0,0.0,448
2023-05-11 09:51:23,MO2312-P-6000,MO2312-P-6000,112.4,0.0,0.0,0.0,8,103.2,108.4,6,112.4,104.0,0.0,0.0,0.0,0.0,448
2023-05-11 09:51:24,MO2312-P-6000,MO2312-P-6000,112.4,0.0,0.0,0.0,6,103.2,108.4,6,112.4,104.0,0.0,0.0,0.0,0.0,448
2023-05-11 09:51:26,MO2312-P-6000,MO2312-P-6000,112.4,0.0,0.0,0.0,8,103.2,108.4,6,112.4,104.0,0.0,0.0,0.0,0.0,448
2023-05-11 09:51:28,MO2312-P-6000,MO2312-P-6000,112.4,0.0,0.0,0.0,6,103.2,108.4,6,112.4,104.0,0.0,0.0,0.0,0.0,448
2023-05-11 09:51:29,MO2312-P-6000,MO2312-P-6000,112.4,0.0,0.0,0.0,8,103.2,108.4,6,112.4,104.0,0.0,0.0,0.0,0.0,448
2023-05-11 09:51:29,MO2312-P-6000,MO2312-P-6000,112.4,0.0,0.0,0.0,6,103.2,108.4,6,112.4,104.0,0.0,0.0,0.0,0.0,448
2023-05-11 09:51:30,MO2312-P-6000,MO2312-P-6000,112.4,0.0,0.0,0.0,8,103.2,108.4,6,112.4,104.0,0.0,0.0,0.0,0.0,448
2023-05-11 09:51:31,MO2312-P-6000,MO2312-P-6000,112.4,0.0,0.0,0.0,6,103.2,108.4,6,112.4,104.0,0.0,0.0,0.0,0.0,448
2023-05-11 09:51:32,MO2312-P-6000,MO2312-P-6000,112.4,0.0,0.0,0.0,8,103.2,108.4,6,112.4,104.0,0.0,0.0,0.0,0.0,448
2023-05-11 09:51:34,MO2312-P-6000,MO2312-P-6000,112.4,0.0,0.0,0.0,6,103.2,108.4,6,112.4,104.0,0.0,0.0,0.0,0.0,448
2023-05-11 09:51:43,MO2312-P-6000,MO2312-P-6000,112.4,0.0,0.0,0.0,6,103.2,108.4,8,112.4,104.0,0.0,0.0,0.0,0.0,448
2023-05-11 09:51:43,MO2312-P-6000,MO2312-P-6000,112.4,0.0,0.0,0.0,6,103.2,108.2,6,112.4,104.0,0.0,0.0,0.0,0.0,448
2023-05-11 09:51:44,MO2312-P-6000,MO2312-P-6000,112.4,0.0,0.0,0.0,6,103.2,108.2,2,112.4,104.0,0.0,0.0,0.0,0.0,448
2023-05-11 09:51:44,MO2312-P-6000,MO2312-P-6000,112.4,0.0,0.0,0.0,6,103.2,108.0,6,112.4,104.0,0.0,0.0,0.0,0.0,448
2023-05-11 09:51:45,MO2312-P-6000,MO2312-P-6000,112.4,0.0,0.0,0.0,6,103.2,108.6,6,112.4,104.0,0.0,0.0,0.0,0.0,448
2023-05-11 09:51:45,MO2312-P-6000,MO2312-P-6000,112.4,0.0,0.0,0.0,6,103.2,108.6,8,112.4,104.0,0.0,0.0,0.0,0.0,448
2023-05-11 09:51:46,MO2312-P-6000,MO2312-P-6000,112.4,0.0,0.0,0.0,6,103.2,108.4,6,112.4,104.0,0.0,0.0,0.0,0.0,448
2023-05-11 09:51:53,MO2312-P-6000,MO2312-P-6000,112.4,0.0,0.0,0.0,8,103.2,108.4,6,112.4,104.0,0.0,0.0,0.0,0.0,448
2023-05-11 09:51:55,MO2312-P-6000,MO2312-P-6000,112.4,0.0,0.0,0.0,6,103.2,108.4,6,112.4,104.0,0.0,0.0,0.0,0.0,448
2023-05-11 09:51:55,MO2312-P-6000,MO2312-P-6000,112.4,0.0,0.0,0.0,8,103.2,108.4,6,112.4,104.0,0.0,0.0,0.0,0.0,448
2023-05-11 09:51:57,MO2312-P-6000,MO2312-P-6000,112.4,0.0,0.0,0.0,6,103.2,108.4,6,112.4,104.0,0.0,0.0,0.0,0.0,448
2023-05-11 09:52:02,MO2312-P-6000,MO2312-P-6000,112.4,0.0,0.0,0.0,8,103.2,108.4,6,112.4,104.0,0.0,0.0,0.0,0.0,448
2023-05-11 09:52:09,MO2312-P-6000,MO2312-P-6000,112.4,0.0,0.0,0.0,6,103.2,108.4,6,112.4,104.0,0.0,0.0,0.0,0.0,448
2023-05-11 09:52:11,MO2312-P-6000,MO2312-P-6000,112.4,0.0,0.0,0.0,8,103.2,108.4,6,112.4,104.0,0.0,0.0,0.0,0.0,448
2023-05-11 09:52:14,MO2312-P-6000,MO2312-P-6000,112.4,0.0,0.0,0.0,6,103.2,108.4,6,112.4,104.0,0.0,0.0,0.0,0.0,448
2023-05-11 09:52:19,MO2312-P-6000,MO2312-P-6000,112.4,0.0,0.0,0.0,8,103.2,108.4,6,112.4,104.0,0.0,0.0,0.0,0.0,448
2023-05-11 09:52:38,MO2312-P-6000,MO2312-P-6000,112.4,0.0,0.0,0.0,6,103.4,108.4,6,112.4,104.0,0.0,0.0,0.0,0.0,448
2023-05-11 09:52:38,MO2312-P-6000,MO2312-P-6000,112.4,0.0,0.0,0.0,2,103.6,108.4,6,112.4,104.0,0.0,0.0,0.0,0.0,448
2023-05-11 09:52:39,MO2312-P-6000,MO2312-P-6000,112.4,0.0,0.0,0.0,6,103.4,108.4,6,112.4,104.0,0.0,0.0,0.0,0.0,448
2023-05-11 09:52:39,MO2312-P-6000,MO2312-P-6000,112.4,0.0,0.0,0.0,8,103.4,108.4,2,112.4,104.0,0.0,0.0,0.0,0.0,448
2023-05-11 09:52:40,MO2312-P-6000,MO2312-P-6000,112.4,0.0,0.0,0.0,8,103.4,108.2,6,112.4,104.0,0.0,0.0,0.0,0.0,448
2023-05-11 09:52:40,MO2312-P-6000,MO2312-P-6000,112.4,0.0,0.0,0.0,8,103.4,108.6,6,112.4,104.0,0.0,0.0,0.0,0.0,448
2023-05-11 09:52:41,MO2312-P-6000,MO2312-P-6000,112.4,0.0,0.0,0.0,8,103.4,108.6,8,112.4,104.0,0.0,0.0,0.0,0.0,448
2023-05-11 09:52:41,MO2312-P-6000,MO2312-P-6000,112.4,0.0,0.0,0.0,8,103.4,108.4,6,112.4,104.0,0.0,0.0,0.0,0.0,448
2023-05-11 09:52:42,MO2312-P-6000,MO2312-P-6000,112.4,0.0,0.0,0.0,6,103.4,108.4,6,112.4,104.0,0.0,0.0,0.0,0.0,448
2023-05-11 09:52:44,MO2312-P-6000,MO2312-P-6000,112.4,0.0,0.0,0.0,8,103.4,108.4,6,112.4,104.0,0.0,0.0,0.0,0.0,448
2023-05-11 09:52:54,MO2312-P-6000,MO2312-P-6000,112.4,0.0,0.0,0.0,10,103.4,108.4,6,112.4,104.0,0.0,0.0,0.0,0.0,448
2023-05-11 09:52:59,MO2312-P-6000,MO2312-P-6000,112.4,0.0,0.0,0.0,1,104.2,108.4,6,112.4,104.0,0.0,0.0,0.0,0.0,448
2023-05-11 09:52:59,MO2312-P-6000,MO2312-P-6000,112.4,0.0,0.0,0.0,7,104.2,108.4,6,112.4,104.0,0.0,0.0,0.0,0.0,448
2023-05-11 09:53:09,MO2312-P-6000,MO2312-P-6000,112.4,0.0,0.0,0.0,2,104.4,108.6,2,112.4,104.0,0.0,0.0,0.0,0.0,448
2023-05-11 09:53:10,MO2312-P-6000,MO2312-P-6000,112.4,0.0,0.0,0.0,6,104.4,108.4,6,112.4,104.0,0.0,0.0,0.0,0.0,448
2023-05-11 09:53:10,MO2312-P-6000,MO2312-P-6000,112.4,0.0,0.0,0.0,6,104.4,109.0,6,112.4,104.0,0.0,0.0,0.0,0.0,448
2023-05-11 09:53:11,MO2312-P-6000,MO2312-P-6000,112.4,0.0,0.0,0.0,6,104.4,109.0,8,112.4,104.0,0.0,0.0,0.0,0.0,448
2023-05-11 09:53:11,MO2312-P-6000,MO2312-P-6000,112.4,0.0,0.0,0.0,6,104.4,108.8,6,112.4,104.0,0.0,0.0,0.0,0.0,448
2023-05-11 09:53:18,MO2312-P-6000,MO2312-P-6000,112.4,0.0,0.0,0.0,8,104.4,108.8,6,112.4,104.0,0.0,0.0,0.0,0.0,448
2023-05-11 09:53:18,MO2312-P-6000,MO2312-P-6000,112.4,0.0,0.0,0.0,6,104.4,108.8,6,112.4,104.0,0.0,0.0,0.0,0.0,448
2023-05-11 09:53:30,MO2312-P-6000,MO2312-P-6000,112.4,0.0,0.0,0.0,8,104.4,108.8,6,112.4,104.0,0.0,0.0,0.0,0.0,448
2023-05-11 09:53:37,MO2312-P-6000,MO2312-P-6000,112.4,0.0,0.0,0.0,14,104.4,108.8,6,112.4,104.0,0.0,0.0,0.0,0.0,448
2023-05-11 09:53:37,MO2312-P-6000,MO2312-P-6000,112.4,0.0,0.0,0.0,14,104.4,109.0,6,112.4,104.0,0.0,0.0,0.0,0.0,448
2023-05-11 09:53:43,MO2312-P-6000,MO2312-P-6000,112.4,0.0,0.0,0.0,6,104.6,109.2,6,112.4,104.0,0.0,0.0,0.0,0.0,448
2023-05-11 09:53:44,MO2312-P-6000,MO2312-P-6000,112.4,0.0,0.0,0.0,2,104.8,109.2,6,112.4,104.0,0.0,0.0,0.0,0.0,448
2023-05-11 09:53:44,MO2312-P-6000,MO2312-P-6000,112.4,0.0,0.0,0.0,6,104.6,109.2,6,112.4,104.0,0.0,0.0,0.0,0.0,448
2023-05-11 09:53:45,MO2312-P-6000,MO2312-P-6000,112.4,0.0,0.0,0.0,8,104.6,109.2,6,112.4,104.0,0.0,0.0,0.0,0.0,448
2023-05-11 09:53:51,MO2312-P-6000,MO2312-P-6000,112.4,0.0,0.0,0.0,6,104.6,109.2,6,112.4,104.0,0.0,0.0,0.0,0.0,448
2023-05-11 09:53:52,MO2312-P-6000,MO2312-P-6000,112.4,0.0,0.0,0.0,6,104.6,109.2,8,112.4,104.0,0.0,0.0,0.0,0.0,448
2023-05-11 09:53:52,MO2312-P-6000,MO2312-P-6000,112.4,0.0,0.0,0.0,6,104.6,109.0,6,112.4,104.0,0.0,0.0,0.0,0.0,448
2023-05-11 09:54:00,MO2312-P-6000,MO2312-P-6000,112.4,0.0,0.0,0.0,8,104.6,109.0,6,112.4,104.0,0.0,0.0,0.0,0.0,448
2023-05-11 09:54:00,MO2312-P-6000,MO2312-P-6000,112.4,0.0,0.0,0.0,6,104.4,109.0,6,112.4,104.0,0.0,0.0,0.0,0.0,448
2023-05-11 09:54:11,MO2312-P-6000,MO2312-P-6000,112.4,0.0,0.0,0.0,6,104.4,109.0,2,112.4,104.0,0.0,0.0,0.0,0.0,448
2023-05-11 09:54:12,MO2312-P-6000,MO2312-P-6000,112.4,0.0,0.0,0.0,6,104.4,108.8,6,112.4,104.0,0.0,0.0,0.0,0.0,448
2023-05-11 09:54:12,MO2312-P-6000,MO2312-P-6000,112.4,0.0,0.0,0.0,6,104.4,109.2,6,112.4,104.0,0.0,0.0,0.0,0.0,448
2023-05-11 09:54:13,MO2312-P-6000,MO2312-P-6000,112.4,0.0,0.0,0.0,6,104.4,109.2,8,112.4,104.0,0.0,0.0,0.0,0.0,448
2023-05-11 09:54:13,MO2312-P-6000,MO2312-P-6000,112.4,0.0,0.0,0.0,6,104.4,109.0,6,112.4,104.0,0.0,0.0,0.0,0.0,448
2023-05-11 09:54:35,MO2312-P-6000,MO2312-P-6000,112.4,0.0,0.0,0.0,6,104.4,109.0,2,112.4,104.0,0.0,0.0,0.0,0.0,448
2023-05-11 09:54:35,MO2312-P-6000,MO2312-P-6000,112.4,0.0,0.0,0.0,6,104.4,108.8,6,112.4,104.0,0.0,0.0,0.0,0.0,448
2023-05-11 09:54:36,MO2312-P-6000,MO2312-P-6000,112.4,0.0,0.0,0.0,6,104.4,109.2,6,112.4,104.0,0.0,0.0,0.0,0.0,448
2023-05-11 09:54:36,MO2312-P-6000,MO2312-P-6000,112.4,0.0,0.0,0.0,6,104.4,109.2,8,112.4,104.0,0.0,0.0,0.0,0.0,448
2023-05-11 09:54:37,MO2312-P-6000,MO2312-P-6000,112.4,0.0,0.0,0.0,6,104.4,109.0,6,112.4,104.0,0.0,0.0,0.0,0.0,448
2023-05-11 09:55:03,MO2312-P-6000,MO2312-P-6000,112.4,0.0,0.0,0.0,10,104.4,109.0,6,112.4,104.0,0.0,0.0,0.0,0.0,448
2023-05-11 09:55:03,MO2312-P-6000,MO2312-P-6000,112.4,0.0,0.0,0.0,8,104.4,109.0,6,112.4,104.0,0.0,0.0,0.0,0.0,448
2023-05-11 09:55:04,MO2312-P-6000,MO2312-P-6000,112.4,0.0,0.0,0.0,2,104.6,109.0,6,112.4,104.0,0.0,0.0,0.0,0.0,448
2023-05-11 09:55:05,MO2312-P-6000,MO2312-P-6000,112.4,0.0,0.0,0.0,12,104.4,109.0,6,112.4,104.0,0.0,0.0,0.0,0.0,448
2023-05-11 09:55:05,MO2312-P-6000,MO2312-P-6000,112.4,0.0,0.0,0.0,16,104.4,109.0,6,112.4,104.0,0.0,0.0,0.0,0.0,448
2023-05-11 09:55:06,MO2312-P-6000,MO2312-P-6000,112.4,0.0,0.0,0.0,14,104.4,109.0,6,112.4,104.0,0.0,0.0,0.0,0.0,448
2023-05-11 09:55:12,MO2312-P-6000,MO2312-P-6000,112.4,0.0,0.0,0.0,8,104.4,109.0,6,112.4,104.0,0.0,0.0,0.0,0.0,448
2023-05-11 09:55:12,MO2312-P-6000,MO2312-P-6000,112.4,0.0,0.0,0.0,14,104.4,109.0,6,112.4,104.0,0.0,0.0,0.0,0.0,448
2023-05-11 09:55:13,MO2312-P-6000,MO2312-P-6000,112.4,0.0,0.0,0.0,8,104.4,109.0,6,112.4,104.0,0.0,0.0,0.0,0.0,448
2023-05-11 09:55:13,MO2312-P-6000,MO2312-P-6000,112.4,0.0,0.0,0.0,14,104.4,109.0,6,112.4,104.0,0.0,0.0,0.0,0.0,448
2023-05-11 09:55:41,MO2312-P-6000,MO2312-P-6000,112.4,0.0,0.0,0.0,1,105.6,109.0,6,112.4,104.0,0.0,0.0,0.0,0.0,448
2023-05-11 09:55:54,MO2312-P-6000,MO2312-P-6000,112.4,0.0,0.0,0.0,6,105.4,109.0,6,112.4,104.0,0.0,0.0,0.0,0.0,448
2023-05-11 09:55:54,MO2312-P-6000,MO2312-P-6000,112.4,0.0,0.0,0.0,18,104.6,109.0,6,112.4,104.0,0.0,0.0,0.0,0.0,448
2023-05-11 09:55:55,MO2312-P-6000,MO2312-P-6000,112.4,0.0,0.0,0.0,2,104.8,109.0,6,112.4,104.0,0.0,0.0,0.0,0.0,448
2023-05-11 09:55:55,MO2312-P-6000,MO2312-P-6000,112.4,0.0,0.0,0.0,24,104.4,109.0,6,112.4,104.0,0.0,0.0,0.0,0.0,448
2023-05-11 09:55:56,MO2312-P-6000,MO2312-P-6000,112.4,0.0,0.0,0.0,2,104.6,109.0,6,112.4,104.0,0.0,0.0,0.0,0.0,448
2023-05-11 09:55:58,MO2312-P-6000,MO2312-P-6000,112.4,0.0,0.0,0.0,1,106.2,109.0,6,112.4,104.0,0.0,0.0,0.0,0.0,448
2023-05-11 09:56:08,MO2312-P-6000,MO2312-P-6000,112.4,0.0,0.0,0.0,1,106.2,109.2,6,112.4,104.0,0.0,0.0,0.0,0.0,448
2023-05-11 09:56:09,MO2312-P-6000,MO2312-P-6000,112.4,0.0,0.0,0.0,1,106.2,109.4,6,112.4,104.0,0.0,0.0,0.0,0.0,448
2023-05-11 09:56:18,MO2312-P-6000,MO2312-P-6000,112.4,0.0,0.0,0.0,12,105.4,109.4,6,112.4,104.0,0.0,0.0,0.0,0.0,448
2023-05-11 09:56:19,MO2312-P-6000,MO2312-P-6000,112.4,0.0,0.0,0.0,6,105.4,109.4,6,112.4,104.0,0.0,0.0,0.0,0.0,448
2023-05-11 09:56:20,MO2312-P-6000,MO2312-P-6000,112.4,0.0,0.0,0.0,6,105.4,109.6,6,112.4,104.0,0.0,0.0,0.0,0.0,448
2023-05-11 09:56:30,MO2312-P-6000,MO2312-P-6000,112.4,0.0,0.0,0.0,18,105.0,109.6,6,112.4,104.0,0.0,0.0,0.0,0.0,448
2023-05-11 09:56:31,MO2312-P-6000,MO2312-P-6000,112.4,0.0,0.0,0.0,6,105.0,109.6,6,112.4,104.0,0.0,0.0,0.0,0.0,448
2023-05-11 09:56:31,MO2312-P-6000,MO2312-P-6000,112.4,0.0,0.0,0.0,13,104.8,109.6,6,112.4,104.0,0.0,0.0,0.0,0.0,448
2023-05-11 09:56:32,MO2312-P-6000,MO2312-P-6000,112.4,0.0,0.0,0.0,7,104.8,109.6,6,112.4,104.0,0.0,0.0,0.0,0.0,448
2023-05-11 09:56:32,MO2312-P-6000,MO2312-P-6000,112.4,0.0,0.0,0.0,1,104.8,109.6,6,112.4,104.0,0.0,0.0,0.0,0.0,448
2023-05-11 09:56:44,MO2312-P-6000,MO2312-P-6000,112.4,0.0,0.0,0.0,3,104.8,109.6,6,112.4,104.0,0.0,0.0,0.0,0.0,448
2023-05-11 09:56:44,MO2312-P-6000,MO2312-P-6000,112.4,0.0,0.0,0.0,5,104.8,109.6,6,112.4,104.0,0.0,0.0,0.0,0.0,448
2023-05-11 09:56:45,MO2312-P-6000,MO2312-P-6000,112.4,0.0,0.0,0.0,3,104.8,109.6,6,112.4,104.0,0.0,0.0,0.0,0.0,448
2023-05-11 09:56:45,MO2312-P-6000,MO2312-P-6000,112.4,0.0,0.0,0.0,3,104.8,110.0,6,112.4,104.0,0.0,0.0,0.0,0.0,448
2023-05-11 09:56:46,MO2312-P-6000,MO2312-P-6000,112.4,0.0,0.0,0.0,5,104.8,110.0,6,112.4,104.0,0.0,0.0,0.0,0.0,448
2023-05-11 09:56:46,MO2312-P-6000,MO2312-P-6000,112.4,0.0,0.0,0.0,3,104.8,110.0,6,112.4,104.0,0.0,0.0,0.0,0.0,448
2023-05-11 09:56:47,MO2312-P-6000,MO2312-P-6000,112.4,0.0,0.0,0.0,5,104.8,110.0,6,112.4,104.0,0.0,0.0,0.0,0.0,448
2023-05-11 09:56:47,MO2312-P-6000,MO2312-P-6000,112.4,0.0,0.0,0.0,1,104.8,110.0,6,112.4,104.0,0.0,0.0,0.0,0.0,448
2023-05-11 09:56:48,MO2312-P-6000,MO2312-P-6000,112.4,0.0,0.0,0.0,3,104.8,110.0,6,112.4,104.0,0.0,0.0,0.0,0.0,448
2023-05-11 09:56:51,MO2312-P-6000,MO2312-P-6000,112.4,0.0,0.0,0.0,1,104.8,110.0,6,112.4,104.0,0.0,0.0,0.0,0.0,448
2023-05-11 09:57:37,MO2312-P-6000,MO2312-P-6000,112.4,0.0,0.0,0.0,3,104.8,110.0,6,112.4,104.0,0.0,0.0,0.0,0.0,448
2023-05-11 09:57:38,MO2312-P-6000,MO2312-P-6000,112.4,0.0,0.0,0.0,1,104.8,110.0,6,112.4,104.0,0.0,0.0,0.0,0.0,448
2023-05-11 09:57:43,MO2312-P-6000,MO2312-P-6000,112.4,0.0,0.0,0.0,1,104.8,109.8,6,112.4,104.0,0.0,0.0,0.0,0.0,448
2023-05-11 09:57:44,MO2312-P-6000,MO2312-P-6000,112.4,0.0,0.0,0.0,1,104.8,109.6,6,112.4,104.0,0.0,0.0,0.0,0.0,448
2023-05-11 09:57:44,MO2312-P-6000,MO2312-P-6000,112.4,0.0,0.0,0.0,1,104.8,109.6,8,112.4,104.0,0.0,0.0,0.0,0.0,448
2023-05-11 09:57:45,MO2312-P-6000,MO2312-P-6000,112.4,0.0,0.0,0.0,1,104.8,109.4,6,112.4,104.0,0.0,0.0,0.0,0.0,448
2023-05-11 09:57:45,MO2312-P-6000,MO2312-P-6000,112.4,0.0,0.0,0.0,7,104.8,109.4,6,112.4,104.0,0.0,0.0,0.0,0.0,448
2023-05-11 09:57:54,MO2312-P-6000,MO2312-P-6000,112.4,0.0,0.0,0.0,9,104.8,109.4,6,112.4,104.0,0.0,0.0,0.0,0.0,448
2023-05-11 09:58:00,MO2312-P-6000,MO2312-P-6000,112.4,0.0,0.0,0.0,7,104.8,109.4,6,112.4,104.0,0.0,0.0,0.0,0.0,448
2023-05-11 09:58:03,MO2312-P-6000,MO2312-P-6000,112.4,0.0,0.0,0.0,9,104.8,109.4,6,112.4,104.0,0.0,0.0,0.0,0.0,448
2023-05-11 09:58:06,MO2312-P-6000,MO2312-P-6000,112.4,0.0,0.0,0.0,7,104.8,109.4,6,112.4,104.0,0.0,0.0,0.0,0.0,448
2023-05-11 09:58:07,MO2312-P-6000,MO2312-P-6000,112.4,0.0,0.0,0.0,9,104.8,109.4,6,112.4,104.0,0.0,0.0,0.0,0.0,448
2023-05-11 09:58:09,MO2312-P-6000,MO2312-P-6000,112.4,0.0,0.0,0.0,7,104.8,109.4,6,112.4,104.0,0.0,0.0,0.0,0.0,448
2023-05-11 09:59:23,MO2312-P-6000,MO2312-P-6000,112.4,0.0,0.0,0.0,7,104.8,109.4,7,112.4,104.0,0.0,0.0,0.0,0.0,448
2023-05-11 09:59:24,MO2312-P-6000,MO2312-P-6000,112.4,0.0,0.0,0.0,7,104.8,109.2,6,112.4,104.0,0.0,0.0,0.0,0.0,448
2023-05-11 09:59:28,MO2312-P-6000,MO2312-P-6000,112.4,0.0,0.0,0.0,7,104.8,109.2,8,112.4,104.0,0.0,0.0,0.0,0.0,448
2023-05-11 09:59:29,MO2312-P-6000,MO2312-P-6000,112.4,0.0,0.0,0.0,1,104.8,109.0,6,112.4,104.0,0.0,0.0,0.0,0.0,448
2023-05-11 09:59:29,MO2312-P-6000,MO2312-P-6000,112.4,0.0,0.0,0.0,7,104.8,109.0,6,112.4,104.0,0.0,0.0,0.0,0.0,448
2023-05-11 09:59:30,MO2312-P-6000,MO2312-P-6000,112.4,0.0,0.0,0.0,1,104.8,109.0,6,112.4,104.0,0.0,0.0,0.0,0.0,448
2023-05-11 09:59:56,MO2312-P-6000,MO2312-P-6000,112.4,0.0,0.0,0.0,18,104.2,109.0,6,112.4,104.0,0.0,0.0,0.0,0.0,448
2023-05-11 09:59:57,MO2312-P-6000,MO2312-P-6000,112.4,0.0,0.0,0.0,12,104.2,109.0,6,112.4,104.0,0.0,0.0,0.0,0.0,448
2023-05-11 09:59:57,MO2312-P-6000,MO2312-P-6000,112.4,0.0,0.0,0.0,6,104.2,109.0,6,112.4,104.0,0.0,0.0,0.0,0.0,448
2023-05-11 10:00:01,MO2312-P-6000,MO2312-P-6000,112.4,0.0,0.0,0.0,18,104.0,109.0,6,112.4,104.0,0.0,0.0,0.0,0.0,448
2023-05-11 10:00:02,MO2312-P-6000,MO2312-P-6000,112.4,0.0,0.0,0.0,6,104.0,109.0,6,112.4,104.0,0.0,0.0,0.0,0.0,448
2023-05-11 10:00:02,MO2312-P-6000,MO2312-P-6000,112.4,0.0,0.0,0.0,18,103.8,109.0,2,112.4,104.0,0.0,0.0,0.0,0.0,448
2023-05-11 10:00:03,MO2312-P-6000,MO2312-P-6000,112.4,0.0,0.0,0.0,12,103.8,108.8,6,112.4,104.0,0.0,0.0,0.0,0.0,448
2023-05-11 10:00:03,MO2312-P-6000,MO2312-P-6000,112.4,0.0,0.0,0.0,8,103.8,109.2,6,112.4,104.0,0.0,0.0,0.0,0.0,448
2023-05-11 10:00:04,MO2312-P-6000,MO2312-P-6000,112.4,0.0,0.0,0.0,8,103.8,109.2,8,112.4,104.0,0.0,0.0,0.0,0.0,448
2023-05-11 10:00:04,MO2312-P-6000,MO2312-P-6000,112.4,0.0,0.0,0.0,8,103.8,109.0,6,112.4,104.0,0.0,0.0,0.0,0.0,448
2023-05-11 10:00:05,MO2312-P-6000,MO2312-P-6000,112.4,0.0,0.0,0.0,6,103.8,109.0,6,112.4,104.0,0.0,0.0,0.0,0.0,448
2023-05-11 10:00:06,MO2312-P-6000,MO2312-P-6000,112.4,0.0,0.0,0.0,8,103.8,109.0,6,112.4,104.0,0.0,0.0,0.0,0.0,448
2023-05-11 10:00:06,MO2312-P-6000,MO2312-P-6000,112.4,0.0,0.0,0.0,6,103.8,109.0,6,112.4,104.0,0.0,0.0,0.0,0.0,448
2023-05-11 10:00:08,MO2312-P-6000,MO2312-P-6000,112.4,0.0,0.0,0.0,8,103.8,109.0,6,112.4,104.0,0.0,0.0,0.0,0.0,448
2023-05-11 10:00:09,MO2312-P-6000,MO2312-P-6000,112.4,0.0,0.0,0.0,10,103.8,109.0,6,112.4,104.0,0.0,0.0,0.0,0.0,448
2023-05-11 10:00:17,MO2312-P-6000,MO2312-P-6000,112.4,0.0,0.0,0.0,8,103.8,109.0,6,112.4,104.0,0.0,0.0,0.0,0.0,448
2023-05-11 10:00:25,MO2312-P-6000,MO2312-P-6000,112.4,0.0,0.0,0.0,6,103.8,109.0,6,112.4,104.0,0.0,0.0,0.0,0.0,448
2023-05-11 10:00:25,MO2312-P-6000,MO2312-P-6000,112.4,0.0,0.0,0.0,8,103.8,109.0,6,112.4,104.0,0.0,0.0,0.0,0.0,448
2023-05-11 10:00:26,MO2312-P-6000,MO2312-P-6000,112.4,0.0,0.0,0.0,6,103.8,109.0,6,112.4,104.0,0.0,0.0,0.0,0.0,448
2023-05-11 10:00:28,MO2312-P-6000,MO2312-P-6000,112.4,0.0,0.0,0.0,8,103.8,109.0,6,112.4,104.0,0.0,0.0,0.0,0.0,448
2023-05-11 10:00:39,MO2312-P-6000,MO2312-P-6000,112.4,0.0,0.0,0.0,6,103.8,109.0,6,112.4,104.0,0.0,0.0,0.0,0.0,448
2023-05-11 10:00:40,MO2312-P-6000,MO2312-P-6000,112.4,0.0,0.0,0.0,6,103.8,109.0,2,112.4,104.0,0.0,0.0,0.0,0.0,448
2023-05-11 10:00:40,MO2312-P-6000,MO2312-P-6000,112.4,0.0,0.0,0.0,2,104.2,108.8,6,112.4,104.0,0.0,0.0,0.0,0.0,448
2023-05-11 10:00:41,MO2312-P-6000,MO2312-P-6000,112.4,0.0,0.0,0.0,6,103.8,109.2,6,112.4,104.0,0.0,0.0,0.0,0.0,448
2023-05-11 10:00:41,MO2312-P-6000,MO2312-P-6000,112.4,0.0,0.0,0.0,10,103.8,109.2,8,112.4,104.0,0.0,0.0,0.0,0.0,448
2023-05-11 10:00:42,MO2312-P-6000,MO2312-P-6000,112.4,0.0,0.0,0.0,10,103.8,109.0,6,112.4,104.0,0.0,0.0,0.0,0.0,448
2023-05-11 10:00:43,MO2312-P-6000,MO2312-P-6000,112.4,0.0,0.0,0.0,8,103.8,109.0,6,112.4,104.0,0.0,0.0,0.0,0.0,448
2023-05-11 10:00:43,MO2312-P-6000,MO2312-P-6000,112.4,0.0,0.0,0.0,6,103.8,109.0,6,112.4,104.0,0.0,0.0,0.0,0.0,448
2023-05-11 10:00:49,MO2312-P-6000,MO2312-P-6000,112.4,0.0,0.0,0.0,8,103.8,109.0,6,112.4,104.0,0.0,0.0,0.0,0.0,448
2023-05-11 10:00:49,MO2312-P-6000,MO2312-P-6000,112.4,0.0,0.0,0.0,6,103.8,109.0,6,112.4,104.0,0.0,0.0,0.0,0.0,448
2023-05-11 10:00:50,MO2312-P-6000,MO2312-P-6000,112.4,0.0,0.0,0.0,10,103.8,109.0,6,112.4,104.0,0.0,0.0,0.0,0.0,448
2023-05-11 10:00:51,MO2312-P-6000,MO2312-P-6000,112.4,0.0,0.0,0.0,6,103.8,109.0,6,112.4,104.0,0.0,0.0,0.0,0.0,448
2023-05-11 10:00:56,MO2312-P-6000,MO2312-P-6000,112.4,0.0,0.0,0.0,8,103.8,109.0,6,112.4,104.0,0.0,0.0,0.0,0.0,448
2023-05-11 10:00:56,MO2312-P-6000,MO2312-P-6000,112.4,0.0,0.0,0.0,10,103.8,109.0,6,112.4,104.0,0.0,0.0,0.0,0.0,448
2023-05-11 10:00:57,MO2312-P-6000,MO2312-P-6000,112.4,0.0,0.0,0.0,8,103.8,109.0,6,112.4,104.0,0.0,0.0,0.0,0.0,448
2023-05-11 10:00:57,MO2312-P-6000,MO2312-P-6000,112.4,0.0,0.0,0.0,6,103.8,109.0,6,112.4,104.0,0.0,0.0,0.0,0.0,448
2023-05-11 10:00:58,MO2312-P-6000,MO2312-P-6000,112.4,0.0,0.0,0.0,8,103.8,109.0,6,112.4,104.0,0.0,0.0,0.0,0.0,448
2023-05-11 10:00:59,MO2312-P-6000,MO2312-P-6000,112.4,0.0,0.0,0.0,6,103.8,109.0,6,112.4,104.0,0.0,0.0,0.0,0.0,448
2023-05-11 10:00:59,MO2312-P-6000,MO2312-P-6000,112.4,0.0,0.0,0.0,8,103.8,109.0,6,112.4,104.0,0.0,0.0,0.0,0.0,448
2023-05-11 10:01:00,MO2312-P-6000,MO2312-P-6000,112.4,0.0,0.0,0.0,6,103.8,109.0,6,112.4,104.0,0.0,0.0,0.0,0.0,448
2023-05-11 10:01:06,MO2312-P-6000,MO2312-P-6000,112.4,0.0,0.0,0.0,6,103.8,109.0,12,112.4,104.0,0.0,0.0,0.0,0.0,448
2023-05-11 10:01:07,MO2312-P-6000,MO2312-P-6000,112.4,0.0,0.0,0.0,6,103.8,108.8,6,112.4,104.0,0.0,0.0,0.0,0.0,448
2023-05-11 10:01:07,MO2312-P-6000,MO2312-P-6000,112.4,0.0,0.0,0.0,6,103.8,108.8,8,112.4,104.0,0.0,0.0,0.0,0.0,448
2023-05-11 10:01:08,MO2312-P-6000,MO2312-P-6000,112.4,0.0,0.0,0.0,6,103.8,108.6,6,112.4,104.0,0.0,0.0,0.0,0.0,448
2023-05-11 10:01:22,MO2312-P-6000,MO2312-P-6000,112.4,0.0,0.0,0.0,8,103.8,108.6,6,112.4,104.0,0.0,0.0,0.0,0.0,448
2023-05-11 10:01:22,MO2312-P-6000,MO2312-P-6000,112.4,0.0,0.0,0.0,10,103.8,108.6,6,112.4,104.0,0.0,0.0,0.0,0.0,448
2023-05-11 10:01:25,MO2312-P-6000,MO2312-P-6000,112.4,0.0,0.0,0.0,8,103.8,108.6,6,112.4,104.0,0.0,0.0,0.0,0.0,448
2023-05-11 10:01:26,MO2312-P-6000,MO2312-P-6000,112.4,0.0,0.0,0.0,6,103.8,108.6,6,112.4,104.0,0.0,0.0,0.0,0.0,448
2023-05-11 10:01:29,MO2312-P-6000,MO2312-P-6000,112.4,0.0,0.0,0.0,8,103.8,108.6,6,112.4,104.0,0.0,0.0,0.0,0.0,448
2023-05-11 10:01:30,MO2312-P-6000,MO2312-P-6000,112.4,0.0,0.0,0.0,6,103.8,108.6,6,112.4,104.0,0.0,0.0,0.0,0.0,448
2023-05-11 10:01:32,MO2312-P-6000,MO2312-P-6000,112.4,0.0,0.0,0.0,8,103.8,108.6,6,112.4,104.0,0.0,0.0,0.0,0.0,448
2023-05-11 10:01:33,MO2312-P-6000,MO2312-P-6000,112.4,0.0,0.0,0.0,10,103.8,108.6,6,112.4,104.0,0.0,0.0,0.0,0.0,448
2023-05-11 10:01:34,MO2312-P-6000,MO2312-P-6000,112.4,0.0,0.0,0.0,8,103.8,108.6,6,112.4,104.0,0.0,0.0,0.0,0.0,448
2023-05-11 10:01:35,MO2312-P-6000,MO2312-P-6000,112.4,0.0,0.0,0.0,10,103.8,108.6,6,112.4,104.0,0.0,0.0,0.0,0.0,448
2023-05-11 10:01:35,MO2312-P-6000,MO2312-P-6000,112.4,0.0,0.0,0.0,16,103.8,108.6,6,112.4,104.0,0.0,0.0,0.0,0.0,448
2023-05-11 10:01:37,MO2312-P-6000,MO2312-P-6000,112.4,0.0,0.0,0.0,8,103.8,108.6,6,112.4,104.0,0.0,0.0,0.0,0.0,448
2023-05-11 10:01:50,MO2312-P-6000,MO2312-P-6000,112.4,0.0,0.0,0.0,14,103.8,108.6,6,112.4,104.0,0.0,0.0,0.0,0.0,448
2023-05-11 10:01:54,MO2312-P-6000,MO2312-P-6000,112.4,0.0,0.0,0.0,8,103.8,108.6,6,112.4,104.0,0.0,0.0,0.0,0.0,448
2023-05-11 10:02:28,MO2312-P-6000,MO2312-P-6000,112.4,0.0,0.0,0.0,2,104.0,108.6,6,112.4,104.0,0.0,0.0,0.0,0.0,448
2023-05-11 10:02:28,MO2312-P-6000,MO2312-P-6000,112.4,0.0,0.0,0.0,4,104.0,108.6,6,112.4,104.0,0.0,0.0,0.0,0.0,448
2023-05-11 10:02:29,MO2312-P-6000,MO2312-P-6000,112.4,0.0,0.0,0.0,2,104.0,108.6,6,112.4,104.0,0.0,0.0,0.0,0.0,448
2023-05-11 10:02:30,MO2312-P-6000,MO2312-P-6000,112.4,0.0,0.0,0.0,6,103.8,108.6,6,112.4,104.0,0.0,0.0,0.0,0.0,448
2023-05-11 10:02:31,MO2312-P-6000,MO2312-P-6000,112.4,0.0,0.0,0.0,10,103.8,108.6,6,112.4,104.0,0.0,0.0,0.0,0.0,448
2023-05-11 10:02:32,MO2312-P-6000,MO2312-P-6000,112.4,0.0,0.0,0.0,8,103.8,108.6,6,112.4,104.0,0.0,0.0,0.0,0.0,448
2023-05-11 10:02:41,MO2312-P-6000,MO2312-P-6000,112.4,0.0,0.0,0.0,14,103.8,108.6,6,112.4,104.0,0.0,0.0,0.0,0.0,448
2023-05-11 10:02:45,MO2312-P-6000,MO2312-P-6000,112.4,0.0,0.0,0.0,12,103.8,108.6,6,112.4,104.0,0.0,0.0,0.0,0.0,448
2023-05-11 10:02:46,MO2312-P-6000,MO2312-P-6000,112.4,0.0,0.0,0.0,14,103.8,108.6,6,112.4,104.0,0.0,0.0,0.0,0.0,448
2023-05-11 10:02:47,MO2312-P-6000,MO2312-P-6000,112.4,0.0,0.0,0.0,12,103.8,108.6,6,112.4,104.0,0.0,0.0,0.0,0.0,448
2023-05-11 10:02:47,MO2312-P-6000,MO2312-P-6000,112.4,0.0,0.0,0.0,14,103.8,108.6,6,112.4,104.0,0.0,0.0,0.0,0.0,448
2023-05-11 10:02:48,MO2312-P-6000,MO2312-P-6000,112.4,0.0,0.0,0.0,12,103.8,108.6,6,112.4,104.0,0.0,0.0,0.0,0.0,448
2023-05-11 10:02:49,MO2312-P-6000,MO2312-P-6000,112.4,0.0,0.0,0.0,14,103.8,108.6,6,112.4,104.0,0.0,0.0,0.0,0.0,448
2023-05-11 10:02:49,MO2312-P-6000,MO2312-P-6000,112.4,0.0,0.0,0.0,8,103.8,108.6,6,112.4,104.0,0.0,0.0,0.0,0.0,448
2023-05-11 10:02:50,MO2312-P-6000,MO2312-P-6000,112.4,0.0,0.0,0.0,6,103.8,108.6,6,112.4,104.0,0.0,0.0,0.0,0.0,448
2023-05-11 10:02:50,MO2312-P-6000,MO2312-P-6000,112.4,0.0,0.0,0.0,8,103.8,108.6,6,112.4,104.0,0.0,0.0,0.0,0.0,448
2023-05-11 10:02:53,MO2312-P-6000,MO2312-P-6000,112.4,0.0,0.0,0.0,6,103.8,108.6,6,112.4,104.0,0.0,0.0,0.0,0.0,448
2023-05-11 10:02:54,MO2312-P-6000,MO2312-P-6000,112.4,0.0,0.0,0.0,8,103.8,108.6,6,112.4,104.0,0.0,0.0,0.0,0.0,448
2023-05-11 10:02:56,MO2312-P-6000,MO2312-P-6000,112.4,0.0,0.0,0.0,6,103.8,108.6,6,112.4,104.0,0.0,0.0,0.0,0.0,448
2023-05-11 10:03:00,MO2312-P-6000,MO2312-P-6000,112.4,0.0,0.0,0.0,6,103.8,108.6,2,112.4,104.0,0.0,0.0,0.0,0.0,448
2023-05-11 10:03:00,MO2312-P-6000,MO2312-P-6000,112.4,0.0,0.0,0.0,6,103.8,108.4,6,112.4,104.0,0.0,0.0,0.0,0.0,448
2023-05-11 10:03:01,MO2312-P-6000,MO2312-P-6000,112.4,0.0,0.0,0.0,6,103.8,108.8,6,112.4,104.0,0.0,0.0,0.0,0.0,448
2023-05-11 10:03:01,MO2312-P-6000,MO2312-P-6000,112.4,0.0,0.0,0.0,6,103.8,108.8,8,112.4,104.0,0.0,0.0,0.0,0.0,448
2023-05-11 10:03:02,MO2312-P-6000,MO2312-P-6000,112.4,0.0,0.0,0.0,6,103.8,108.6,6,112.4,104.0,0.0,0.0,0.0,0.0,448
2023-05-11 10:03:03,MO2312-P-6000,MO2312-P-6000,112.4,0.0,0.0,0.0,8,103.8,108.6,6,112.4,104.0,0.0,0.0,0.0,0.0,448
2023-05-11 10:03:03,MO2312-P-6000,MO2312-P-6000,112.4,0.0,0.0,0.0,6,103.8,108.6,6,112.4,104.0,0.0,0.0,0.0,0.0,448
2023-05-11 10:03:29,MO2312-P-6000,MO2312-P-6000,112.4,0.0,0.0,0.0,7,103.6,108.6,6,112.4,104.0,0.0,0.0,0.0,0.0,448
2023-05-11 10:03:30,MO2312-P-6000,MO2312-P-6000,112.4,0.0,0.0,0.0,1,103.6,108.6,6,112.4,104.0,0.0,0.0,0.0,0.0,448
2023-05-11 10:04:19,MO2312-P-6000,MO2312-P-6000,112.4,0.0,0.0,0.0,1,103.6,108.6,8,112.4,104.0,0.0,0.0,0.0,0.0,448
2023-05-11 10:04:19,MO2312-P-6000,MO2312-P-6000,112.4,0.0,0.0,0.0,1,103.6,108.4,6,112.4,104.0,0.0,0.0,0.0,0.0,448
2023-05-11 10:04:24,MO2312-P-6000,MO2312-P-6000,112.4,0.0,0.0,0.0,3,103.6,108.4,6,112.4,104.0,0.0,0.0,0.0,0.0,448
2023-05-11 10:04:25,MO2312-P-6000,MO2312-P-6000,112.4,0.0,0.0,0.0,1,103.6,108.4,6,112.4,104.0,0.0,0.0,0.0,0.0,448
2023-05-11 10:04:29,MO2312-P-6000,MO2312-P-6000,112.4,0.0,0.0,0.0,3,103.6,108.4,6,112.4,104.0,0.0,0.0,0.0,0.0,448
2023-05-11 10:04:30,MO2312-P-6000,MO2312-P-6000,112.4,0.0,0.0,0.0,2,103.8,108.4,6,112.4,104.0,0.0,0.0,0.0,0.0,448
2023-05-11 10:04:31,MO2312-P-6000,MO2312-P-6000,112.4,0.0,0.0,0.0,3,103.6,108.4,6,112.4,104.0,0.0,0.0,0.0,0.0,448
2023-05-11 10:04:31,MO2312-P-6000,MO2312-P-6000,112.4,0.0,0.0,0.0,5,103.6,108.6,6,112.4,104.0,0.0,0.0,0.0,0.0,448
2023-05-11 10:04:32,MO2312-P-6000,MO2312-P-6000,112.4,0.0,0.0,0.0,1,103.6,108.6,6,112.4,104.0,0.0,0.0,0.0,0.0,448
2023-05-11 10:04:32,MO2312-P-6000,MO2312-P-6000,112.4,0.0,0.0,0.0,1,103.6,108.6,8,112.4,104.0,0.0,0.0,0.0,0.0,448
2023-05-11 10:04:33,MO2312-P-6000,MO2312-P-6000,112.4,0.0,0.0,0.0,1,103.6,108.4,6,112.4,104.0,0.0,0.0,0.0,0.0,448
2023-05-11 10:05:21,MO2312-P-6000,MO2312-P-6000,112.4,0.0,0.0,0.0,1,103.6,108.2,1,112.4,104.0,0.0,0.0,0.0,0.0,448
2023-05-11 10:05:22,MO2312-P-6000,MO2312-P-6000,112.4,0.0,0.0,0.0,1,103.6,108.0,6,112.4,104.0,0.0,0.0,0.0,0.0,448
2023-05-11 10:05:22,MO2312-P-6000,MO2312-P-6000,112.4,0.0,0.0,0.0,1,103.6,108.0,8,112.4,104.0,0.0,0.0,0.0,0.0,448
2023-05-11 10:05:23,MO2312-P-6000,MO2312-P-6000,112.4,0.0,0.0,0.0,18,103.2,107.8,6,112.4,104.0,0.0,0.0,0.0,0.0,448
2023-05-11 10:05:23,MO2312-P-6000,MO2312-P-6000,112.4,0.0,0.0,0.0,12,103.2,107.8,6,112.4,104.0,0.0,0.0,0.0,0.0,448
2023-05-11 10:05:24,MO2312-P-6000,MO2312-P-6000,112.4,0.0,0.0,0.0,6,103.2,107.8,6,112.4,104.0,0.0,0.0,0.0,0.0,448
2023-05-11 10:06:11,MO2312-P-6000,MO2312-P-6000,112.4,0.0,0.0,0.0,10,103.2,107.8,6,112.4,104.0,0.0,0.0,0.0,0.0,448
2023-05-11 10:06:13,MO2312-P-6000,MO2312-P-6000,112.4,0.0,0.0,0.0,6,103.2,107.8,6,112.4,104.0,0.0,0.0,0.0,0.0,448
2023-05-11 10:06:15,MO2312-P-6000,MO2312-P-6000,112.4,0.0,0.0,0.0,8,103.2,107.8,6,112.4,104.0,0.0,0.0,0.0,0.0,448
2023-05-11 10:06:17,MO2312-P-6000,MO2312-P-6000,112.4,0.0,0.0,0.0,6,103.2,107.8,6,112.4,104.0,0.0,0.0,0.0,0.0,448
2023-05-11 10:06:19,MO2312-P-6000,MO2312-P-6000,112.4,0.0,0.0,0.0,8,103.2,107.8,6,112.4,104.0,0.0,0.0,0.0,0.0,448
2023-05-11 10:06:19,MO2312-P-6000,MO2312-P-6000,112.4,0.0,0.0,0.0,6,103.2,107.8,6,112.4,104.0,0.0,0.0,0.0,0.0,448
2023-05-11 10:06:33,MO2312-P-6000,MO2312-P-6000,112.4,0.0,0.0,0.0,8,103.2,107.8,6,112.4,104.0,0.0,0.0,0.0,0.0,448
2023-05-11 10:06:33,MO2312-P-6000,MO2312-P-6000,112.4,0.0,0.0,0.0,6,103.2,107.8,6,112.4,104.0,0.0,0.0,0.0,0.0,448
2023-05-11 10:06:34,MO2312-P-6000,MO2312-P-6000,112.4,0.0,0.0,0.0,8,103.2,107.8,6,112.4,104.0,0.0,0.0,0.0,0.0,448
2023-05-11 10:06:39,MO2312-P-6000,MO2312-P-6000,112.4,0.0,0.0,0.0,6,103.4,108.2,13,112.4,104.0,0.0,0.0,0.0,0.0,448
2023-05-11 10:06:39,MO2312-P-6000,MO2312-P-6000,112.4,0.0,0.0,0.0,6,103.2,108.0,6,112.4,104.0,0.0,0.0,0.0,0.0,448
2023-05-11 10:06:40,MO2312-P-6000,MO2312-P-6000,112.4,0.0,0.0,0.0,8,103.2,108.0,6,112.4,104.0,0.0,0.0,0.0,0.0,448
2023-05-11 10:06:40,MO2312-P-6000,MO2312-P-6000,112.4,0.0,0.0,0.0,10,103.2,108.0,8,112.4,104.0,0.0,0.0,0.0,0.0,448
2023-05-11 10:06:41,MO2312-P-6000,MO2312-P-6000,112.4,0.0,0.0,0.0,10,103.2,107.8,6,112.4,104.0,0.0,0.0,0.0,0.0,448
2023-05-11 10:06:41,MO2312-P-6000,MO2312-P-6000,112.4,0.0,0.0,0.0,8,103.2,107.8,6,112.4,104.0,0.0,0.0,0.0,0.0,448
2023-05-11 10:06:42,MO2312-P-6000,MO2312-P-6000,112.4,0.0,0.0,0.0,10,103.2,107.8,6,112.4,104.0,0.0,0.0,0.0,0.0,448
2023-05-11 10:06:44,MO2312-P-6000,MO2312-P-6000,112.4,0.0,0.0,0.0,8,103.2,107.8,6,112.4,104.0,0.0,0.0,0.0,0.0,448
2023-05-11 10:06:49,MO2312-P-6000,MO2312-P-6000,112.4,0.0,0.0,0.0,1,103.8,107.8,6,112.4,104.0,0.0,0.0,0.0,0.0,448
2023-05-11 10:06:54,MO2312-P-6000,MO2312-P-6000,112.4,0.0,0.0,0.0,1,103.8,108.2,6,112.4,104.0,0.0,0.0,0.0,0.0,448
2023-05-11 10:06:56,MO2312-P-6000,MO2312-P-6000,112.4,0.0,0.0,0.0,13,103.8,108.2,6,112.4,104.0,0.0,0.0,0.0,0.0,448
2023-05-11 10:06:56,MO2312-P-6000,MO2312-P-6000,112.4,0.0,0.0,0.0,19,103.8,108.2,6,112.4,104.0,0.0,0.0,0.0,0.0,448
2023-05-11 10:06:58,MO2312-P-6000,MO2312-P-6000,112.4,0.0,0.0,0.0,13,103.8,108.4,6,112.4,104.0,0.0,0.0,0.0,0.0,448
2023-05-11 10:06:58,MO2312-P-6000,MO2312-P-6000,112.4,0.0,0.0,0.0,15,103.8,108.4,6,112.4,104.0,0.0,0.0,0.0,0.0,448
2023-05-11 10:06:59,MO2312-P-6000,MO2312-P-6000,112.4,0.0,0.0,0.0,13,103.8,108.4,6,112.4,104.0,0.0,0.0,0.0,0.0,448
2023-05-11 10:07:00,MO2312-P-6000,MO2312-P-6000,112.4,0.0,0.0,0.0,13,103.8,108.4,8,112.4,104.0,0.0,0.0,0.0,0.0,448
2023-05-11 10:07:01,MO2312-P-6000,MO2312-P-6000,112.4,0.0,0.0,0.0,19,103.8,108.2,6,112.4,104.0,0.0,0.0,0.0,0.0,448
2023-05-11 10:07:03,MO2312-P-6000,MO2312-P-6000,112.4,0.0,0.0,0.0,21,103.8,108.2,6,112.4,104.0,0.0,0.0,0.0,0.0,448
2023-05-11 10:07:03,MO2312-P-6000,MO2312-P-6000,112.4,0.0,0.0,0.0,19,103.8,108.2,6,112.4,104.0,0.0,0.0,0.0,0.0,448
2023-05-11 10:07:04,MO2312-P-6000,MO2312-P-6000,112.4,0.0,0.0,0.0,21,103.8,108.2,6,112.4,104.0,0.0,0.0,0.0,0.0,448
2023-05-11 10:07:15,MO2312-P-6000,MO2312-P-6000,112.4,0.0,0.0,0.0,6,104.0,108.4,6,112.4,104.0,0.0,0.0,0.0,0.0,448
2023-05-11 10:07:16,MO2312-P-6000,MO2312-P-6000,112.4,0.0,0.0,0.0,8,104.0,108.4,6,112.4,104.0,0.0,0.0,0.0,0.0,448
2023-05-11 10:07:16,MO2312-P-6000,MO2312-P-6000,112.4,0.0,0.0,0.0,14,104.0,108.4,6,112.4,104.0,0.0,0.0,0.0,0.0,448
2023-05-11 10:07:18,MO2312-P-6000,MO2312-P-6000,112.4,0.0,0.0,0.0,6,104.2,108.4,6,112.4,104.0,0.0,0.0,0.0,0.0,448
2023-05-11 10:07:19,MO2312-P-6000,MO2312-P-6000,112.4,0.0,0.0,0.0,6,104.4,108.4,6,112.4,104.0,0.0,0.0,0.0,0.0,448
2023-05-11 10:07:20,MO2312-P-6000,MO2312-P-6000,112.4,0.0,0.0,0.0,6,104.4,108.6,6,112.4,104.0,0.0,0.0,0.0,0.0,448
2023-05-11 10:07:41,MO2312-P-6000,MO2312-P-6000,112.4,0.0,0.0,0.0,6,104.4,108.6,8,112.4,104.0,0.0,0.0,0.0,0.0,448
2023-05-11 10:07:41,MO2312-P-6000,MO2312-P-6000,112.4,0.0,0.0,0.0,6,104.4,108.4,6,112.4,104.0,0.0,0.0,0.0,0.0,448
2023-05-11 10:07:47,MO2312-P-6000,MO2312-P-6000,112.4,0.0,0.0,0.0,12,104.4,108.4,6,112.4,104.0,0.0,0.0,0.0,0.0,448
2023-05-11 10:07:50,MO2312-P-6000,MO2312-P-6000,112.4,0.0,0.0,0.0,6,104.6,108.4,6,112.4,104.0,0.0,0.0,0.0,0.0,448
2023-05-11 10:07:51,MO2312-P-6000,MO2312-P-6000,112.4,0.0,0.0,0.0,6,104.6,108.6,6,112.4,104.0,0.0,0.0,0.0,0.0,448
2023-05-11 10:08:06,MO2312-P-6000,MO2312-P-6000,112.4,0.0,0.0,0.0,6,104.4,108.6,6,112.4,104.0,0.0,0.0,0.0,0.0,448
2023-05-11 10:08:13,MO2312-P-6000,MO2312-P-6000,112.4,0.0,0.0,0.0,6,104.6,108.6,6,112.4,104.0,0.0,0.0,0.0,0.0,448
2023-05-11 10:08:14,MO2312-P-6000,MO2312-P-6000,112.4,0.0,0.0,0.0,6,104.8,108.6,6,112.4,104.0,0.0,0.0,0.0,0.0,448
2023-05-11 10:08:20,MO2312-P-6000,MO2312-P-6000,112.4,0.0,0.0,0.0,6,104.6,108.6,6,112.4,104.0,0.0,0.0,0.0,0.0,448
2023-05-11 10:08:22,MO2312-P-6000,MO2312-P-6000,112.4,0.0,0.0,0.0,6,104.8,108.6,6,112.4,104.0,0.0,0.0,0.0,0.0,448
2023-05-11 10:08:37,MO2312-P-6000,MO2312-P-6000,112.4,0.0,0.0,0.0,6,104.6,108.6,6,112.4,104.0,0.0,0.0,0.0,0.0,448
2023-05-11 10:08:37,MO2312-P-6000,MO2312-P-6000,112.4,0.0,0.0,0.0,6,104.2,108.6,6,112.4,104.0,0.0,0.0,0.0,0.0,448
2023-05-11 10:08:38,MO2312-P-6000,MO2312-P-6000,112.4,0.0,0.0,0.0,2,104.4,108.6,6,112.4,104.0,0.0,0.0,0.0,0.0,448
2023-05-11 10:08:38,MO2312-P-6000,MO2312-P-6000,112.4,0.0,0.0,0.0,6,104.2,108.6,6,112.4,104.0,0.0,0.0,0.0,0.0,448
2023-05-11 10:08:39,MO2312-P-6000,MO2312-P-6000,112.4,0.0,0.0,0.0,8,104.2,108.6,6,112.4,104.0,0.0,0.0,0.0,0.0,448
2023-05-11 10:08:39,MO2312-P-6000,MO2312-P-6000,112.4,0.0,0.0,0.0,6,104.4,108.6,6,112.4,104.0,0.0,0.0,0.0,0.0,448
2023-05-11 10:08:42,MO2312-P-6000,MO2312-P-6000,112.4,0.0,0.0,0.0,8,104.4,108.6,6,112.4,104.0,0.0,0.0,0.0,0.0,448
2023-05-11 10:09:03,MO2312-P-6000,MO2312-P-6000,112.4,0.0,0.0,0.0,6,104.4,108.6,6,112.4,104.0,0.0,0.0,0.0,0.0,448
2023-05-11 10:09:04,MO2312-P-6000,MO2312-P-6000,112.4,0.0,0.0,0.0,8,104.4,108.6,6,112.4,104.0,0.0,0.0,0.0,0.0,448
2023-05-11 10:09:06,MO2312-P-6000,MO2312-P-6000,112.4,0.0,0.0,0.0,6,104.4,108.6,6,112.4,104.0,0.0,0.0,0.0,0.0,448
2023-05-11 10:09:07,MO2312-P-6000,MO2312-P-6000,112.4,0.0,0.0,0.0,8,104.4,108.6,6,112.4,104.0,0.0,0.0,0.0,0.0,448
2023-05-11 10:09:11,MO2312-P-6000,MO2312-P-6000,112.4,0.0,0.0,0.0,6,104.4,108.6,6,112.4,104.0,0.0,0.0,0.0,0.0,448
2023-05-11 10:09:21,MO2312-P-6000,MO2312-P-6000,112.4,0.0,0.0,0.0,8,104.4,108.6,6,112.4,104.0,0.0,0.0,0.0,0.0,448
2023-05-11 10:09:27,MO2312-P-6000,MO2312-P-6000,112.4,0.0,0.0,0.0,6,104.4,108.6,6,112.4,104.0,0.0,0.0,0.0,0.0,448
2023-05-11 10:09:31,MO2312-P-6000,MO2312-P-6000,112.4,0.0,0.0,0.0,8,104.4,108.6,6,112.4,104.0,0.0,0.0,0.0,0.0,448
2023-05-11 10:09:31,MO2312-P-6000,MO2312-P-6000,112.4,0.0,0.0,0.0,6,104.4,108.6,6,112.4,104.0,0.0,0.0,0.0,0.0,448
2023-05-11 10:09:39,MO2312-P-6000,MO2312-P-6000,112.4,0.0,0.0,0.0,6,104.4,108.6,8,112.4,104.0,0.0,0.0,0.0,0.0,448
2023-05-11 10:09:39,MO2312-P-6000,MO2312-P-6000,112.4,0.0,0.0,0.0,6,104.4,108.4,6,112.4,104.0,0.0,0.0,0.0,0.0,448
2023-05-11 10:09:41,MO2312-P-6000,MO2312-P-6000,112.4,0.0,0.0,0.0,8,104.4,108.4,6,112.4,104.0,0.0,0.0,0.0,0.0,448
2023-05-11 10:09:42,MO2312-P-6000,MO2312-P-6000,112.4,0.0,0.0,0.0,6,104.4,108.6,6,112.4,104.0,0.0,0.0,0.0,0.0,448
2023-05-11 10:09:50,MO2312-P-6000,MO2312-P-6000,112.4,0.0,0.0,0.0,6,104.4,108.6,8,112.4,104.0,0.0,0.0,0.0,0.0,448
2023-05-11 10:09:51,MO2312-P-6000,MO2312-P-6000,112.4,0.0,0.0,0.0,6,104.4,108.4,6,112.4,104.0,0.0,0.0,0.0,0.0,448
2023-05-11 10:09:54,MO2312-P-6000,MO2312-P-6000,112.4,0.0,0.0,0.0,6,104.4,108.6,6,112.4,104.0,0.0,0.0,0.0,0.0,448
2023-05-11 10:09:58,MO2312-P-6000,MO2312-P-6000,112.4,0.0,0.0,0.0,6,104.0,108.6,6,112.4,104.0,0.0,0.0,0.0,0.0,448
2023-05-11 10:09:59,MO2312-P-6000,MO2312-P-6000,112.4,0.0,0.0,0.0,8,104.0,108.6,6,112.4,104.0,0.0,0.0,0.0,0.0,448
2023-05-11 10:10:01,MO2312-P-6000,MO2312-P-6000,112.4,0.0,0.0,0.0,6,104.0,108.6,6,112.4,104.0,0.0,0.0,0.0,0.0,448
2023-05-11 10:10:05,MO2312-P-6000,MO2312-P-6000,112.4,0.0,0.0,0.0,8,104.0,108.6,6,112.4,104.0,0.0,0.0,0.0,0.0,448
2023-05-11 10:10:09,MO2312-P-6000,MO2312-P-6000,112.4,0.0,0.0,0.0,6,104.0,108.6,6,112.4,104.0,0.0,0.0,0.0,0.0,448
2023-05-11 10:10:17,MO2312-P-6000,MO2312-P-6000,112.4,0.0,0.0,0.0,19,103.8,108.6,6,112.4,104.0,0.0,0.0,0.0,0.0,448
2023-05-11 10:10:18,MO2312-P-6000,MO2312-P-6000,112.4,0.0,0.0,0.0,6,103.8,108.6,6,112.4,104.0,0.0,0.0,0.0,0.0,448
2023-05-11 10:10:18,MO2312-P-6000,MO2312-P-6000,112.4,0.0,0.0,0.0,42,103.2,108.6,6,112.4,104.0,0.0,0.0,0.0,0.0,448
2023-05-11 10:10:19,MO2312-P-6000,MO2312-P-6000,112.4,0.0,0.0,0.0,12,103.2,108.6,6,112.4,104.0,0.0,0.0,0.0,0.0,448
2023-05-11 10:10:19,MO2312-P-6000,MO2312-P-6000,112.4,0.0,0.0,0.0,6,103.2,108.6,6,112.4,104.0,0.0,0.0,0.0,0.0,448
2023-05-11 10:10:20,MO2312-P-6000,MO2312-P-6000,112.4,0.0,0.0,0.0,8,103.2,108.6,6,112.4,104.0,0.0,0.0,0.0,0.0,448
2023-05-11 10:10:21,MO2312-P-6000,MO2312-P-6000,112.4,0.0,0.0,0.0,6,103.2,108.6,6,112.4,104.0,0.0,0.0,0.0,0.0,448
2023-05-11 10:10:23,MO2312-P-6000,MO2312-P-6000,112.4,0.0,0.0,0.0,8,103.2,108.6,6,112.4,104.0,0.0,0.0,0.0,0.0,448
2023-05-11 10:10:24,MO2312-P-6000,MO2312-P-6000,112.4,0.0,0.0,0.0,6,103.2,108.6,6,112.4,104.0,0.0,0.0,0.0,0.0,448
2023-05-11 10:10:31,MO2312-P-6000,MO2312-P-6000,112.4,0.0,0.0,0.0,18,103.0,108.6,6,112.4,104.0,0.0,0.0,0.0,0.0,448
2023-05-11 10:10:31,MO2312-P-6000,MO2312-P-6000,112.4,0.0,0.0,0.0,14,103.0,108.6,6,112.4,104.0,0.0,0.0,0.0,0.0,448
2023-05-11 10:10:39,MO2312-P-6000,MO2312-P-6000,112.4,0.0,0.0,0.0,12,103.0,108.6,6,112.4,104.0,0.0,0.0,0.0,0.0,448
2023-05-11 10:10:39,MO2312-P-6000,MO2312-P-6000,112.4,0.0,0.0,0.0,6,103.0,108.6,6,112.4,104.0,0.0,0.0,0.0,0.0,448
2023-05-11 10:10:40,MO2312-P-6000,MO2312-P-6000,112.4,0.0,0.0,0.0,8,103.0,108.6,6,112.4,104.0,0.0,0.0,0.0,0.0,448
2023-05-11 10:10:59,MO2312-P-6000,MO2312-P-6000,112.4,0.0,0.0,0.0,6,103.0,108.6,6,112.4,104.0,0.0,0.0,0.0,0.0,448
2023-05-11 10:10:59,MO2312-P-6000,MO2312-P-6000,112.4,0.0,0.0,0.0,8,103.0,108.6,6,112.4,104.0,0.0,0.0,0.0,0.0,448
2023-05-11 10:11:01,MO2312-P-6000,MO2312-P-6000,112.4,0.0,0.0,0.0,6,103.0,108.6,6,112.4,104.0,0.0,0.0,0.0,0.0,448
2023-05-11 10:11:07,MO2312-P-6000,MO2312-P-6000,112.4,0.0,0.0,0.0,8,103.0,108.6,6,112.4,104.0,0.0,0.0,0.0,0.0,448
2023-05-11 10:11:08,MO2312-P-6000,MO2312-P-6000,112.4,0.0,0.0,0.0,6,103.0,108.6,6,112.4,104.0,0.0,0.0,0.0,0.0,448
2023-05-11 10:11:08,MO2312-P-6000,MO2312-P-6000,112.4,0.0,0.0,0.0,8,103.0,108.6,6,112.4,104.0,0.0,0.0,0.0,0.0,448
2023-05-11 10:11:09,MO2312-P-6000,MO2312-P-6000,112.4,0.0,0.0,0.0,6,103.0,108.6,6,112.4,104.0,0.0,0.0,0.0,0.0,448
2023-05-11 10:11:10,MO2312-P-6000,MO2312-P-6000,112.4,0.0,0.0,0.0,8,103.0,108.6,6,112.4,104.0,0.0,0.0,0.0,0.0,448
2023-05-11 10:11:11,MO2312-P-6000,MO2312-P-6000,112.4,0.0,0.0,0.0,6,103.0,108.6,6,112.4,104.0,0.0,0.0,0.0,0.0,448
2023-05-11 10:11:14,MO2312-P-6000,MO2312-P-6000,112.4,0.0,0.0,0.0,6,103.0,107.8,6,112.4,104.0,0.0,0.0,0.0,0.0,448
2023-05-11 10:11:14,MO2312-P-6000,MO2312-P-6000,112.4,0.0,0.0,0.0,6,103.0,107.6,6,112.4,104.0,0.0,0.0,0.0,0.0,448
2023-05-11 10:11:16,MO2312-P-6000,MO2312-P-6000,112.4,0.0,0.0,0.0,6,103.0,107.6,8,112.4,104.0,0.0,0.0,0.0,0.0,448
2023-05-11 10:11:17,MO2312-P-6000,MO2312-P-6000,112.4,0.0,0.0,0.0,6,103.0,107.4,6,112.4,104.0,0.0,0.0,0.0,0.0,448
2023-05-11 10:11:22,MO2312-P-6000,MO2312-P-6000,112.4,0.0,0.0,0.0,7,102.8,107.4,6,112.4,104.0,0.0,0.0,0.0,0.0,448
2023-05-11 10:11:22,MO2312-P-6000,MO2312-P-6000,112.4,0.0,0.0,0.0,1,102.8,107.4,6,112.4,104.0,0.0,0.0,0.0,0.0,448
2023-05-11 10:11:23,MO2312-P-6000,MO2312-P-6000,112.4,0.0,0.0,0.0,1,102.8,107.4,12,112.4,104.0,0.0,0.0,0.0,0.0,448
2023-05-11 10:11:23,MO2312-P-6000,MO2312-P-6000,112.4,0.0,0.0,0.0,1,102.8,107.2,6,112.4,104.0,0.0,0.0,0.0,0.0,448
2023-05-11 10:11:28,MO2312-P-6000,MO2312-P-6000,112.4,0.0,0.0,0.0,1,102.8,107.2,8,112.4,104.0,0.0,0.0,0.0,0.0,448
2023-05-11 10:11:29,MO2312-P-6000,MO2312-P-6000,112.4,0.0,0.0,0.0,1,102.8,107.0,6,112.4,104.0,0.0,0.0,0.0,0.0,448
2023-05-11 10:11:33,MO2312-P-6000,MO2312-P-6000,112.4,0.0,0.0,0.0,1,102.8,107.0,12,112.4,104.0,0.0,0.0,0.0,0.0,448
2023-05-11 10:11:34,MO2312-P-6000,MO2312-P-6000,112.4,0.0,0.0,0.0,1,102.8,106.8,6,112.4,104.0,0.0,0.0,0.0,0.0,448
2023-05-11 10:11:34,MO2312-P-6000,MO2312-P-6000,112.4,0.0,0.0,0.0,1,102.8,106.8,8,112.4,104.0,0.0,0.0,0.0,0.0,448
2023-05-11 10:11:35,MO2312-P-6000,MO2312-P-6000,112.4,0.0,0.0,0.0,1,102.8,106.6,6,112.4,104.0,0.0,0.0,0.0,0.0,448
2023-05-11 10:11:43,MO2312-P-6000,MO2312-P-6000,112.4,0.0,0.0,0.0,1,102.8,106.8,6,112.4,104.0,0.0,0.0,0.0,0.0,448
2023-05-11 10:11:57,MO2312-P-6000,MO2312-P-6000,112.4,0.0,0.0,0.0,1,102.8,106.8,8,112.4,104.0,0.0,0.0,0.0,0.0,448
2023-05-11 10:11:57,MO2312-P-6000,MO2312-P-6000,112.4,0.0,0.0,0.0,1,102.8,106.6,6,112.4,104.0,0.0,0.0,0.0,0.0,448
2023-05-11 10:11:58,MO2312-P-6000,MO2312-P-6000,112.4,0.0,0.0,0.0,1,102.8,106.8,6,112.4,104.0,0.0,0.0,0.0,0.0,448
2023-05-11 10:12:00,MO2312-P-6000,MO2312-P-6000,112.4,0.0,0.0,0.0,7,102.8,106.8,6,112.4,104.0,0.0,0.0,0.0,0.0,448
2023-05-11 10:12:12,MO2312-P-6000,MO2312-P-6000,112.4,0.0,0.0,0.0,1,102.8,106.8,6,112.4,104.0,0.0,0.0,0.0,0.0,448
2023-05-11 10:12:13,MO2312-P-6000,MO2312-P-6000,112.4,0.0,0.0,0.0,1,102.8,106.8,8,112.4,104.0,0.0,0.0,0.0,0.0,448
2023-05-11 10:12:13,MO2312-P-6000,MO2312-P-6000,112.4,0.0,0.0,0.0,1,102.8,106.6,6,112.4,104.0,0.0,0.0,0.0,0.0,448
