time,symbol_id,symbol_name,last,trade_volume,trade_amount,open_interest_change,bv1,bp1,ap1,av1,yesterday_close,today_open,today_high,today_low,volume,amount,open_interest
2023-05-11 09:29:00,MO2312-P-6800,MO2312-P-6800,450.2,0.0,0.0,0.0,1,415.4,509.8,1,450.2,464.0,0.0,0.0,0.0,0.0,223
2023-05-11 09:30:00,MO2312-P-6800,MO2312-P-6800,450.2,0.0,0.0,0.0,1,416.2,509.8,1,450.2,464.0,0.0,0.0,0.0,0.0,223
2023-05-11 09:30:01,MO2312-P-6800,MO2312-P-6800,450.2,0.0,0.0,0.0,2,416.2,509.8,2,450.2,464.0,0.0,0.0,0.0,0.0,223
2023-05-11 09:30:01,MO2312-P-6800,MO2312-P-6800,450.2,0.0,0.0,0.0,1,423.2,498.2,1,450.2,464.0,0.0,0.0,0.0,0.0,223
2023-05-11 09:30:05,MO2312-P-6800,MO2312-P-6800,450.2,0.0,0.0,0.0,1,421.6,496.6,1,450.2,464.0,0.0,0.0,0.0,0.0,223
2023-05-11 09:30:09,MO2312-P-6800,MO2312-P-6800,450.2,0.0,0.0,0.0,1,420.0,495.0,1,450.2,464.0,0.0,0.0,0.0,0.0,223
2023-05-11 09:30:10,MO2312-P-6800,MO2312-P-6800,450.2,0.0,0.0,0.0,1,428.0,495.0,1,450.2,464.0,0.0,0.0,0.0,0.0,223
2023-05-11 09:30:11,MO2312-P-6800,MO2312-P-6800,450.2,0.0,0.0,0.0,2,428.0,495.0,2,450.2,464.0,0.0,0.0,0.0,0.0,223
2023-05-11 09:30:12,MO2312-P-6800,MO2312-P-6800,450.2,0.0,0.0,0.0,1,436.0,495.0,2,450.2,464.0,0.0,0.0,0.0,0.0,223
2023-05-11 09:30:13,MO2312-P-6800,MO2312-P-6800,450.2,0.0,0.0,0.0,1,436.0,487.0,1,450.2,464.0,0.0,0.0,0.0,0.0,223
2023-05-11 09:30:23,MO2312-P-6800,MO2312-P-6800,450.2,0.0,0.0,0.0,6,442.8,467.8,6,450.2,464.0,0.0,0.0,0.0,0.0,223
2023-05-11 09:30:26,MO2312-P-6800,MO2312-P-6800,450.2,0.0,0.0,0.0,6,443.6,461.0,6,450.2,464.0,0.0,0.0,0.0,0.0,223
2023-05-11 09:30:26,MO2312-P-6800,MO2312-P-6800,450.2,0.0,0.0,0.0,6,443.6,458.0,1,450.2,464.0,0.0,0.0,0.0,0.0,223
2023-05-11 09:30:27,MO2312-P-6800,MO2312-P-6800,450.2,0.0,0.0,0.0,1,444.2,458.0,1,450.2,464.0,0.0,0.0,0.0,0.0,223
2023-05-11 09:30:29,MO2312-P-6800,MO2312-P-6800,450.2,0.0,0.0,0.0,6,443.8,458.0,1,450.2,464.0,0.0,0.0,0.0,0.0,223
2023-05-11 09:30:30,MO2312-P-6800,MO2312-P-6800,450.2,0.0,0.0,0.0,1,444.0,458.0,1,450.2,464.0,0.0,0.0,0.0,0.0,223
2023-05-11 09:30:35,MO2312-P-6800,MO2312-P-6800,450.2,0.0,0.0,0.0,6,443.8,458.0,1,450.2,464.0,0.0,0.0,0.0,0.0,223
2023-05-11 09:30:35,MO2312-P-6800,MO2312-P-6800,450.2,0.0,0.0,0.0,7,443.8,458.0,1,450.2,464.0,0.0,0.0,0.0,0.0,223
2023-05-11 09:30:36,MO2312-P-6800,MO2312-P-6800,450.2,0.0,0.0,0.0,6,443.8,458.0,1,450.2,464.0,0.0,0.0,0.0,0.0,223
2023-05-11 09:30:36,MO2312-P-6800,MO2312-P-6800,450.2,0.0,0.0,0.0,1,443.8,458.0,1,450.2,464.0,0.0,0.0,0.0,0.0,223
2023-05-11 09:30:38,MO2312-P-6800,MO2312-P-6800,450.2,0.0,0.0,0.0,6,443.6,458.0,1,450.2,464.0,0.0,0.0,0.0,0.0,223
2023-05-11 09:30:38,MO2312-P-6800,MO2312-P-6800,450.2,0.0,0.0,0.0,7,443.6,458.0,1,450.2,464.0,0.0,0.0,0.0,0.0,223
2023-05-11 09:30:39,MO2312-P-6800,MO2312-P-6800,450.2,0.0,0.0,0.0,6,443.6,458.0,1,450.2,464.0,0.0,0.0,0.0,0.0,223
2023-05-11 09:30:46,MO2312-P-6800,MO2312-P-6800,450.2,0.0,0.0,0.0,7,443.6,458.0,1,450.2,464.0,0.0,0.0,0.0,0.0,223
2023-05-11 09:30:49,MO2312-P-6800,MO2312-P-6800,450.2,0.0,0.0,0.0,7,443.6,458.2,15,450.2,464.0,0.0,0.0,0.0,0.0,223
2023-05-11 09:30:49,MO2312-P-6800,MO2312-P-6800,450.2,0.0,0.0,0.0,7,443.6,458.4,6,450.2,464.0,0.0,0.0,0.0,0.0,223
2023-05-11 09:30:50,MO2312-P-6800,MO2312-P-6800,450.2,0.0,0.0,0.0,7,443.6,458.6,27,450.2,464.0,0.0,0.0,0.0,0.0,223
2023-05-11 09:30:51,MO2312-P-6800,MO2312-P-6800,450.2,0.0,0.0,0.0,7,443.6,458.6,12,450.2,464.0,0.0,0.0,0.0,0.0,223
2023-05-11 09:30:51,MO2312-P-6800,MO2312-P-6800,450.2,0.0,0.0,0.0,1,449.4,458.6,6,450.2,464.0,0.0,0.0,0.0,0.0,223
2023-05-11 09:30:52,MO2312-P-6800,MO2312-P-6800,450.2,0.0,0.0,0.0,1,449.4,458.6,18,450.2,464.0,0.0,0.0,0.0,0.0,223
2023-05-11 09:30:52,MO2312-P-6800,MO2312-P-6800,450.2,0.0,0.0,0.0,1,449.4,458.6,6,450.2,464.0,0.0,0.0,0.0,0.0,223
2023-05-11 09:30:53,MO2312-P-6800,MO2312-P-6800,450.2,0.0,0.0,0.0,6,447.8,454.0,1,450.2,464.0,0.0,0.0,0.0,0.0,223
2023-05-11 09:30:54,MO2312-P-6800,MO2312-P-6800,450.2,0.0,0.0,0.0,6,443.6,454.0,1,450.2,464.0,0.0,0.0,0.0,0.0,223
2023-05-11 09:30:55,MO2312-P-6800,MO2312-P-6800,450.2,0.0,0.0,0.0,1,444.2,454.0,1,450.2,464.0,0.0,0.0,0.0,0.0,223
2023-05-11 09:30:55,MO2312-P-6800,MO2312-P-6800,450.2,0.0,0.0,0.0,1,444.6,454.0,1,450.2,464.0,0.0,0.0,0.0,0.0,223
2023-05-11 09:30:56,MO2312-P-6800,MO2312-P-6800,450.2,0.0,0.0,0.0,1,445.2,454.0,1,450.2,464.0,0.0,0.0,0.0,0.0,223
2023-05-11 09:30:57,MO2312-P-6800,MO2312-P-6800,450.2,0.0,0.0,0.0,1,445.2,454.2,15,450.2,464.0,0.0,0.0,0.0,0.0,223
2023-05-11 09:30:58,MO2312-P-6800,MO2312-P-6800,450.2,0.0,0.0,0.0,1,445.2,456.2,12,450.2,464.0,0.0,0.0,0.0,0.0,223
2023-05-11 09:30:58,MO2312-P-6800,MO2312-P-6800,450.2,0.0,0.0,0.0,1,445.2,456.4,15,450.2,464.0,0.0,0.0,0.0,0.0,223
2023-05-11 09:30:59,MO2312-P-6800,MO2312-P-6800,450.2,0.0,0.0,0.0,1,445.2,458.2,12,450.2,464.0,0.0,0.0,0.0,0.0,223
2023-05-11 09:30:59,MO2312-P-6800,MO2312-P-6800,450.2,0.0,0.0,0.0,1,449.2,458.4,15,450.2,464.0,0.0,0.0,0.0,0.0,223
2023-05-11 09:31:00,MO2312-P-6800,MO2312-P-6800,450.2,0.0,0.0,0.0,7,449.2,458.8,15,450.2,464.0,0.0,0.0,0.0,0.0,223
2023-05-11 09:31:00,MO2312-P-6800,MO2312-P-6800,450.2,0.0,0.0,0.0,7,449.2,459.0,6,450.2,464.0,0.0,0.0,0.0,0.0,223
2023-05-11 09:31:02,MO2312-P-6800,MO2312-P-6800,450.2,0.0,0.0,0.0,6,449.2,457.4,1,450.2,464.0,0.0,0.0,0.0,0.0,223
2023-05-11 09:31:03,MO2312-P-6800,MO2312-P-6800,450.2,0.0,0.0,0.0,18,446.4,457.4,1,450.2,464.0,0.0,0.0,0.0,0.0,223
2023-05-11 09:31:03,MO2312-P-6800,MO2312-P-6800,450.2,0.0,0.0,0.0,6,446.6,457.4,1,450.2,464.0,0.0,0.0,0.0,0.0,223
2023-05-11 09:31:14,MO2312-P-6800,MO2312-P-6800,450.2,0.0,0.0,0.0,6,445.0,457.4,1,450.2,464.0,0.0,0.0,0.0,0.0,223
2023-05-11 09:31:21,MO2312-P-6800,MO2312-P-6800,450.2,0.0,0.0,0.0,6,445.0,457.2,6,450.2,464.0,0.0,0.0,0.0,0.0,223
2023-05-11 09:31:22,MO2312-P-6800,MO2312-P-6800,450.2,0.0,0.0,0.0,6,445.0,453.4,1,450.2,464.0,0.0,0.0,0.0,0.0,223
2023-05-11 09:31:23,MO2312-P-6800,MO2312-P-6800,450.2,0.0,0.0,0.0,6,444.8,453.4,1,450.2,464.0,0.0,0.0,0.0,0.0,223
2023-05-11 09:31:24,MO2312-P-6800,MO2312-P-6800,450.2,0.0,0.0,0.0,7,444.8,453.4,1,450.2,464.0,0.0,0.0,0.0,0.0,223
2023-05-11 09:31:33,MO2312-P-6800,MO2312-P-6800,450.2,0.0,0.0,0.0,8,444.8,453.4,1,450.2,464.0,0.0,0.0,0.0,0.0,223
2023-05-11 09:31:33,MO2312-P-6800,MO2312-P-6800,450.2,0.0,0.0,0.0,9,444.8,453.6,21,450.2,464.0,0.0,0.0,0.0,0.0,223
2023-05-11 09:31:34,MO2312-P-6800,MO2312-P-6800,450.2,0.0,0.0,0.0,1,447.0,453.6,6,450.2,464.0,0.0,0.0,0.0,0.0,223
2023-05-11 09:31:34,MO2312-P-6800,MO2312-P-6800,450.2,0.0,0.0,0.0,7,447.0,453.8,21,450.2,464.0,0.0,0.0,0.0,0.0,223
2023-05-11 09:31:35,MO2312-P-6800,MO2312-P-6800,450.2,0.0,0.0,0.0,7,447.0,453.8,6,450.2,464.0,0.0,0.0,0.0,0.0,223
2023-05-11 09:31:35,MO2312-P-6800,MO2312-P-6800,450.2,0.0,0.0,0.0,7,447.0,454.0,21,450.2,464.0,0.0,0.0,0.0,0.0,223
2023-05-11 09:31:36,MO2312-P-6800,MO2312-P-6800,450.2,0.0,0.0,0.0,7,447.0,454.0,6,450.2,464.0,0.0,0.0,0.0,0.0,223
2023-05-11 09:31:36,MO2312-P-6800,MO2312-P-6800,450.2,0.0,0.0,0.0,7,447.0,454.2,21,450.2,464.0,0.0,0.0,0.0,0.0,223
2023-05-11 09:31:37,MO2312-P-6800,MO2312-P-6800,450.2,0.0,0.0,0.0,7,447.0,454.2,6,450.2,464.0,0.0,0.0,0.0,0.0,223
2023-05-11 09:31:37,MO2312-P-6800,MO2312-P-6800,450.2,0.0,0.0,0.0,7,447.0,454.4,21,450.2,464.0,0.0,0.0,0.0,0.0,223
2023-05-11 09:31:38,MO2312-P-6800,MO2312-P-6800,450.2,0.0,0.0,0.0,7,447.0,454.4,6,450.2,464.0,0.0,0.0,0.0,0.0,223
2023-05-11 09:31:38,MO2312-P-6800,MO2312-P-6800,450.2,0.0,0.0,0.0,6,447.0,454.6,22,450.2,464.0,0.0,0.0,0.0,0.0,223
2023-05-11 09:31:39,MO2312-P-6800,MO2312-P-6800,450.2,0.0,0.0,0.0,6,447.0,454.6,7,450.2,464.0,0.0,0.0,0.0,0.0,223
2023-05-11 09:31:39,MO2312-P-6800,MO2312-P-6800,450.2,0.0,0.0,0.0,6,447.0,454.6,1,450.2,464.0,0.0,0.0,0.0,0.0,223
2023-05-11 09:31:41,MO2312-P-6800,MO2312-P-6800,450.2,0.0,0.0,0.0,6,444.8,454.6,1,450.2,464.0,0.0,0.0,0.0,0.0,223
2023-05-11 09:31:42,MO2312-P-6800,MO2312-P-6800,450.2,0.0,0.0,0.0,1,445.2,454.6,1,450.2,464.0,0.0,0.0,0.0,0.0,223
2023-05-11 09:31:46,MO2312-P-6800,MO2312-P-6800,450.2,0.0,0.0,0.0,1,445.8,454.6,1,450.2,464.0,0.0,0.0,0.0,0.0,223
2023-05-11 09:31:47,MO2312-P-6800,MO2312-P-6800,450.2,0.0,0.0,0.0,1,445.2,454.6,1,450.2,464.0,0.0,0.0,0.0,0.0,223
2023-05-11 09:31:48,MO2312-P-6800,MO2312-P-6800,450.2,0.0,0.0,0.0,1,445.4,454.8,21,450.2,464.0,0.0,0.0,0.0,0.0,223
2023-05-11 09:31:48,MO2312-P-6800,MO2312-P-6800,450.2,0.0,0.0,0.0,1,445.4,454.8,6,450.2,464.0,0.0,0.0,0.0,0.0,223
2023-05-11 09:31:49,MO2312-P-6800,MO2312-P-6800,450.2,0.0,0.0,0.0,1,449.2,455.0,21,450.2,464.0,0.0,0.0,0.0,0.0,223
2023-05-11 09:31:49,MO2312-P-6800,MO2312-P-6800,450.2,0.0,0.0,0.0,7,449.2,455.0,6,450.2,464.0,0.0,0.0,0.0,0.0,223
2023-05-11 09:31:50,MO2312-P-6800,MO2312-P-6800,450.2,0.0,0.0,0.0,7,449.2,455.2,21,450.2,464.0,0.0,0.0,0.0,0.0,223
2023-05-11 09:31:50,MO2312-P-6800,MO2312-P-6800,450.2,0.0,0.0,0.0,7,449.2,455.2,6,450.2,464.0,0.0,0.0,0.0,0.0,223
2023-05-11 09:31:51,MO2312-P-6800,MO2312-P-6800,450.2,0.0,0.0,0.0,7,449.2,455.4,21,450.2,464.0,0.0,0.0,0.0,0.0,223
2023-05-11 09:31:51,MO2312-P-6800,MO2312-P-6800,450.2,0.0,0.0,0.0,7,449.2,455.4,6,450.2,464.0,0.0,0.0,0.0,0.0,223
2023-05-11 09:31:52,MO2312-P-6800,MO2312-P-6800,450.2,0.0,0.0,0.0,7,449.2,455.6,21,450.2,464.0,0.0,0.0,0.0,0.0,223
2023-05-11 09:31:52,MO2312-P-6800,MO2312-P-6800,450.2,0.0,0.0,0.0,7,449.2,455.6,6,450.2,464.0,0.0,0.0,0.0,0.0,223
2023-05-11 09:31:53,MO2312-P-6800,MO2312-P-6800,450.2,0.0,0.0,0.0,6,449.2,455.8,21,450.2,464.0,0.0,0.0,0.0,0.0,223
2023-05-11 09:31:53,MO2312-P-6800,MO2312-P-6800,450.2,0.0,0.0,0.0,13,445.4,455.8,6,450.2,464.0,0.0,0.0,0.0,0.0,223
2023-05-11 09:31:54,MO2312-P-6800,MO2312-P-6800,450.2,0.0,0.0,0.0,1,447.0,456.0,22,450.2,464.0,0.0,0.0,0.0,0.0,223
2023-05-11 09:31:54,MO2312-P-6800,MO2312-P-6800,450.2,0.0,0.0,0.0,7,447.0,456.0,7,450.2,464.0,0.0,0.0,0.0,0.0,223
2023-05-11 09:31:55,MO2312-P-6800,MO2312-P-6800,450.2,0.0,0.0,0.0,7,447.0,456.0,1,450.2,464.0,0.0,0.0,0.0,0.0,223
2023-05-11 09:31:57,MO2312-P-6800,MO2312-P-6800,450.2,0.0,0.0,0.0,6,447.2,456.0,1,450.2,464.0,0.0,0.0,0.0,0.0,223
2023-05-11 09:32:16,MO2312-P-6800,MO2312-P-6800,450.2,0.0,0.0,0.0,1,449.0,456.2,21,450.2,464.0,0.0,0.0,0.0,0.0,223
2023-05-11 09:32:17,MO2312-P-6800,MO2312-P-6800,450.2,0.0,0.0,0.0,7,449.0,456.2,6,450.2,464.0,0.0,0.0,0.0,0.0,223
2023-05-11 09:32:17,MO2312-P-6800,MO2312-P-6800,450.2,0.0,0.0,0.0,7,449.0,456.4,21,450.2,464.0,0.0,0.0,0.0,0.0,223
2023-05-11 09:32:18,MO2312-P-6800,MO2312-P-6800,450.2,0.0,0.0,0.0,7,449.0,456.4,6,450.2,464.0,0.0,0.0,0.0,0.0,223
2023-05-11 09:32:18,MO2312-P-6800,MO2312-P-6800,450.2,0.0,0.0,0.0,7,449.0,456.6,27,450.2,464.0,0.0,0.0,0.0,0.0,223
2023-05-11 09:32:19,MO2312-P-6800,MO2312-P-6800,450.2,0.0,0.0,0.0,7,449.0,456.6,6,450.2,464.0,0.0,0.0,0.0,0.0,223
2023-05-11 09:32:19,MO2312-P-6800,MO2312-P-6800,450.2,0.0,0.0,0.0,7,449.0,456.8,33,450.2,464.0,0.0,0.0,0.0,0.0,223
2023-05-11 09:32:20,MO2312-P-6800,MO2312-P-6800,450.2,0.0,0.0,0.0,7,449.0,456.8,6,450.2,464.0,0.0,0.0,0.0,0.0,223
2023-05-11 09:32:20,MO2312-P-6800,MO2312-P-6800,450.2,0.0,0.0,0.0,7,449.0,457.0,33,450.2,464.0,0.0,0.0,0.0,0.0,223
2023-05-11 09:32:21,MO2312-P-6800,MO2312-P-6800,450.2,0.0,0.0,0.0,6,449.2,457.0,6,450.2,464.0,0.0,0.0,0.0,0.0,223
2023-05-11 09:32:21,MO2312-P-6800,MO2312-P-6800,450.2,0.0,0.0,0.0,6,449.2,457.2,21,450.2,464.0,0.0,0.0,0.0,0.0,223
2023-05-11 09:32:22,MO2312-P-6800,MO2312-P-6800,450.2,0.0,0.0,0.0,1,450.6,457.2,6,450.2,464.0,0.0,0.0,0.0,0.0,223
2023-05-11 09:32:22,MO2312-P-6800,MO2312-P-6800,450.2,0.0,0.0,0.0,1,450.6,457.4,21,450.2,464.0,0.0,0.0,0.0,0.0,223
2023-05-11 09:32:23,MO2312-P-6800,MO2312-P-6800,450.2,0.0,0.0,0.0,1,450.6,457.4,6,450.2,464.0,0.0,0.0,0.0,0.0,223
2023-05-11 09:32:23,MO2312-P-6800,MO2312-P-6800,450.2,0.0,0.0,0.0,1,450.6,457.6,21,450.2,464.0,0.0,0.0,0.0,0.0,223
2023-05-11 09:32:24,MO2312-P-6800,MO2312-P-6800,450.2,0.0,0.0,0.0,1,450.6,457.6,6,450.2,464.0,0.0,0.0,0.0,0.0,223
2023-05-11 09:32:24,MO2312-P-6800,MO2312-P-6800,450.2,0.0,0.0,0.0,1,450.6,457.8,27,450.2,464.0,0.0,0.0,0.0,0.0,223
2023-05-11 09:32:25,MO2312-P-6800,MO2312-P-6800,450.2,0.0,0.0,0.0,1,450.6,457.8,12,450.2,464.0,0.0,0.0,0.0,0.0,223
2023-05-11 09:32:25,MO2312-P-6800,MO2312-P-6800,450.2,0.0,0.0,0.0,1,450.6,457.8,6,450.2,464.0,0.0,0.0,0.0,0.0,223
2023-05-11 09:32:28,MO2312-P-6800,MO2312-P-6800,450.2,0.0,0.0,0.0,1,450.6,458.0,21,450.2,464.0,0.0,0.0,0.0,0.0,223
2023-05-11 09:32:28,MO2312-P-6800,MO2312-P-6800,450.2,0.0,0.0,0.0,1,450.6,458.0,6,450.2,464.0,0.0,0.0,0.0,0.0,223
2023-05-11 09:32:29,MO2312-P-6800,MO2312-P-6800,450.2,0.0,0.0,0.0,1,450.6,458.2,33,450.2,464.0,0.0,0.0,0.0,0.0,223
2023-05-11 09:32:29,MO2312-P-6800,MO2312-P-6800,450.2,0.0,0.0,0.0,1,450.6,458.2,6,450.2,464.0,0.0,0.0,0.0,0.0,223
2023-05-11 09:32:30,MO2312-P-6800,MO2312-P-6800,450.2,0.0,0.0,0.0,1,450.6,458.4,27,450.2,464.0,0.0,0.0,0.0,0.0,223
2023-05-11 09:32:30,MO2312-P-6800,MO2312-P-6800,450.2,0.0,0.0,0.0,1,450.6,458.4,6,450.2,464.0,0.0,0.0,0.0,0.0,223
2023-05-11 09:32:31,MO2312-P-6800,MO2312-P-6800,450.2,0.0,0.0,0.0,1,450.6,458.6,33,450.2,464.0,0.0,0.0,0.0,0.0,223
2023-05-11 09:32:31,MO2312-P-6800,MO2312-P-6800,450.2,0.0,0.0,0.0,1,450.6,458.6,12,450.2,464.0,0.0,0.0,0.0,0.0,223
2023-05-11 09:32:32,MO2312-P-6800,MO2312-P-6800,450.2,0.0,0.0,0.0,1,450.6,458.6,6,450.2,464.0,0.0,0.0,0.0,0.0,223
2023-05-11 09:32:34,MO2312-P-6800,MO2312-P-6800,450.2,0.0,0.0,0.0,1,450.6,458.8,15,450.2,464.0,0.0,0.0,0.0,0.0,223
2023-05-11 09:32:34,MO2312-P-6800,MO2312-P-6800,450.2,0.0,0.0,0.0,1,450.6,458.8,6,450.2,464.0,0.0,0.0,0.0,0.0,223
2023-05-11 09:32:35,MO2312-P-6800,MO2312-P-6800,450.2,0.0,0.0,0.0,1,450.6,459.0,15,450.2,464.0,0.0,0.0,0.0,0.0,223
2023-05-11 09:32:35,MO2312-P-6800,MO2312-P-6800,450.2,0.0,0.0,0.0,1,450.6,459.2,6,450.2,464.0,0.0,0.0,0.0,0.0,223
2023-05-11 09:32:36,MO2312-P-6800,MO2312-P-6800,450.2,0.0,0.0,0.0,1,450.6,459.4,15,450.2,464.0,0.0,0.0,0.0,0.0,223
2023-05-11 09:32:36,MO2312-P-6800,MO2312-P-6800,450.2,0.0,0.0,0.0,1,450.6,459.8,18,450.2,464.0,0.0,0.0,0.0,0.0,223
2023-05-11 09:32:37,MO2312-P-6800,MO2312-P-6800,450.2,0.0,0.0,0.0,1,450.6,459.8,6,450.2,464.0,0.0,0.0,0.0,0.0,223
2023-05-11 09:32:37,MO2312-P-6800,MO2312-P-6800,450.2,0.0,0.0,0.0,1,450.6,460.0,21,450.2,464.0,0.0,0.0,0.0,0.0,223
2023-05-11 09:32:38,MO2312-P-6800,MO2312-P-6800,450.2,0.0,0.0,0.0,1,450.6,460.0,6,450.2,464.0,0.0,0.0,0.0,0.0,223
2023-05-11 09:32:38,MO2312-P-6800,MO2312-P-6800,450.2,0.0,0.0,0.0,1,450.6,460.2,21,450.2,464.0,0.0,0.0,0.0,0.0,223
2023-05-11 09:32:39,MO2312-P-6800,MO2312-P-6800,450.2,0.0,0.0,0.0,1,450.6,460.4,39,450.2,464.0,0.0,0.0,0.0,0.0,223
2023-05-11 09:32:39,MO2312-P-6800,MO2312-P-6800,450.2,0.0,0.0,0.0,1,450.6,460.4,12,450.2,464.0,0.0,0.0,0.0,0.0,223
2023-05-11 09:32:40,MO2312-P-6800,MO2312-P-6800,450.2,0.0,0.0,0.0,1,450.6,460.4,6,450.2,464.0,0.0,0.0,0.0,0.0,223
2023-05-11 09:32:45,MO2312-P-6800,MO2312-P-6800,450.2,0.0,0.0,0.0,2,450.6,460.4,6,450.2,464.0,0.0,0.0,0.0,0.0,223
2023-05-11 09:32:46,MO2312-P-6800,MO2312-P-6800,450.2,0.0,0.0,0.0,1,452.2,460.4,6,450.2,464.0,0.0,0.0,0.0,0.0,223
2023-05-11 09:32:46,MO2312-P-6800,MO2312-P-6800,450.2,0.0,0.0,0.0,7,452.2,460.4,6,450.2,464.0,0.0,0.0,0.0,0.0,223
2023-05-11 09:32:51,MO2312-P-6800,MO2312-P-6800,450.2,0.0,0.0,0.0,7,452.2,460.2,6,450.2,464.0,0.0,0.0,0.0,0.0,223
2023-05-11 09:32:52,MO2312-P-6800,MO2312-P-6800,450.2,0.0,0.0,0.0,6,452.4,460.2,6,450.2,464.0,0.0,0.0,0.0,0.0,223
2023-05-11 09:32:53,MO2312-P-6800,MO2312-P-6800,450.2,0.0,0.0,0.0,12,452.2,459.2,1,450.2,464.0,0.0,0.0,0.0,0.0,223
2023-05-11 09:32:53,MO2312-P-6800,MO2312-P-6800,450.2,0.0,0.0,0.0,6,452.2,459.2,1,450.2,464.0,0.0,0.0,0.0,0.0,223
2023-05-11 09:32:54,MO2312-P-6800,MO2312-P-6800,450.2,0.0,0.0,0.0,1,451.6,459.2,1,450.2,464.0,0.0,0.0,0.0,0.0,223
2023-05-11 09:32:54,MO2312-P-6800,MO2312-P-6800,450.2,0.0,0.0,0.0,7,451.6,459.2,1,450.2,464.0,0.0,0.0,0.0,0.0,223
2023-05-11 09:33:03,MO2312-P-6800,MO2312-P-6800,450.2,0.0,0.0,0.0,1,453.4,459.4,21,450.2,464.0,0.0,0.0,0.0,0.0,223
2023-05-11 09:33:03,MO2312-P-6800,MO2312-P-6800,450.2,0.0,0.0,0.0,7,453.4,459.4,6,450.2,464.0,0.0,0.0,0.0,0.0,223
2023-05-11 09:33:04,MO2312-P-6800,MO2312-P-6800,450.2,0.0,0.0,0.0,7,453.4,459.6,21,450.2,464.0,0.0,0.0,0.0,0.0,223
2023-05-11 09:33:04,MO2312-P-6800,MO2312-P-6800,450.2,0.0,0.0,0.0,7,453.4,459.6,6,450.2,464.0,0.0,0.0,0.0,0.0,223
2023-05-11 09:33:05,MO2312-P-6800,MO2312-P-6800,450.2,0.0,0.0,0.0,7,453.4,459.8,21,450.2,464.0,0.0,0.0,0.0,0.0,223
2023-05-11 09:33:05,MO2312-P-6800,MO2312-P-6800,450.2,0.0,0.0,0.0,8,453.4,459.8,6,450.2,464.0,0.0,0.0,0.0,0.0,223
2023-05-11 09:33:06,MO2312-P-6800,MO2312-P-6800,450.2,0.0,0.0,0.0,8,453.4,460.0,21,450.2,464.0,0.0,0.0,0.0,0.0,223
2023-05-11 09:33:06,MO2312-P-6800,MO2312-P-6800,450.2,0.0,0.0,0.0,8,453.4,460.0,6,450.2,464.0,0.0,0.0,0.0,0.0,223
2023-05-11 09:33:07,MO2312-P-6800,MO2312-P-6800,450.2,0.0,0.0,0.0,8,453.4,460.2,27,450.2,464.0,0.0,0.0,0.0,0.0,223
2023-05-11 09:33:07,MO2312-P-6800,MO2312-P-6800,450.2,0.0,0.0,0.0,8,453.4,460.2,12,450.2,464.0,0.0,0.0,0.0,0.0,223
2023-05-11 09:33:08,MO2312-P-6800,MO2312-P-6800,450.2,0.0,0.0,0.0,7,453.4,460.2,6,450.2,464.0,0.0,0.0,0.0,0.0,223
2023-05-11 09:33:10,MO2312-P-6800,MO2312-P-6800,450.2,0.0,0.0,0.0,7,453.4,459.2,1,450.2,464.0,0.0,0.0,0.0,0.0,223
2023-05-11 09:33:13,MO2312-P-6800,MO2312-P-6800,450.2,0.0,0.0,0.0,6,453.6,459.4,15,450.2,464.0,0.0,0.0,0.0,0.0,223
2023-05-11 09:33:13,MO2312-P-6800,MO2312-P-6800,450.2,0.0,0.0,0.0,7,453.6,459.8,12,450.2,464.0,0.0,0.0,0.0,0.0,223
2023-05-11 09:33:14,MO2312-P-6800,MO2312-P-6800,450.2,0.0,0.0,0.0,7,453.6,460.0,27,450.2,464.0,0.0,0.0,0.0,0.0,223
2023-05-11 09:33:14,MO2312-P-6800,MO2312-P-6800,450.2,0.0,0.0,0.0,7,453.6,460.0,6,450.2,464.0,0.0,0.0,0.0,0.0,223
2023-05-11 09:33:16,MO2312-P-6800,MO2312-P-6800,450.2,0.0,0.0,0.0,1,453.6,460.0,6,450.2,464.0,0.0,0.0,0.0,0.0,223
2023-05-11 09:33:23,MO2312-P-6800,MO2312-P-6800,450.2,0.0,0.0,0.0,1,453.8,460.0,6,450.2,464.0,0.0,0.0,0.0,0.0,223
2023-05-11 09:33:30,MO2312-P-6800,MO2312-P-6800,450.2,0.0,0.0,0.0,1,453.8,458.6,1,450.2,464.0,0.0,0.0,0.0,0.0,223
2023-05-11 09:33:30,MO2312-P-6800,MO2312-P-6800,450.2,0.0,0.0,0.0,1,453.8,458.4,6,450.2,464.0,0.0,0.0,0.0,0.0,223
2023-05-11 09:33:33,MO2312-P-6800,MO2312-P-6800,450.2,0.0,0.0,0.0,1,454.0,458.4,6,450.2,464.0,0.0,0.0,0.0,0.0,223
2023-05-11 09:33:34,MO2312-P-6800,MO2312-P-6800,450.2,0.0,0.0,0.0,1,453.4,458.4,6,450.2,464.0,0.0,0.0,0.0,0.0,223
2023-05-11 09:33:35,MO2312-P-6800,MO2312-P-6800,450.2,0.0,0.0,0.0,18,453.0,458.4,6,450.2,464.0,0.0,0.0,0.0,0.0,223
2023-05-11 09:33:36,MO2312-P-6800,MO2312-P-6800,450.2,0.0,0.0,0.0,12,453.0,458.4,6,450.2,464.0,0.0,0.0,0.0,0.0,223
2023-05-11 09:33:36,MO2312-P-6800,MO2312-P-6800,450.2,0.0,0.0,0.0,7,452.2,458.4,6,450.2,464.0,0.0,0.0,0.0,0.0,223
2023-05-11 09:33:37,MO2312-P-6800,MO2312-P-6800,450.2,0.0,0.0,0.0,1,452.2,456.6,1,450.2,464.0,0.0,0.0,0.0,0.0,223
2023-05-11 09:33:37,MO2312-P-6800,MO2312-P-6800,450.2,0.0,0.0,0.0,1,452.2,456.6,7,450.2,464.0,0.0,0.0,0.0,0.0,223
2023-05-11 09:33:46,MO2312-P-6800,MO2312-P-6800,450.2,0.0,0.0,0.0,19,451.6,456.6,7,450.2,464.0,0.0,0.0,0.0,0.0,223
2023-05-11 09:33:47,MO2312-P-6800,MO2312-P-6800,450.2,0.0,0.0,0.0,13,451.6,456.6,7,450.2,464.0,0.0,0.0,0.0,0.0,223
2023-05-11 09:33:50,MO2312-P-6800,MO2312-P-6800,450.2,0.0,0.0,0.0,13,451.6,456.6,6,450.2,464.0,0.0,0.0,0.0,0.0,223
2023-05-11 09:33:56,MO2312-P-6800,MO2312-P-6800,450.2,0.0,0.0,0.0,1,451.8,456.6,6,450.2,464.0,0.0,0.0,0.0,0.0,223
2023-05-11 09:33:58,MO2312-P-6800,MO2312-P-6800,450.2,0.0,0.0,0.0,7,451.8,457.0,39,450.2,464.0,0.0,0.0,0.0,0.0,223
2023-05-11 09:33:59,MO2312-P-6800,MO2312-P-6800,450.2,0.0,0.0,0.0,1,451.8,457.2,27,450.2,464.0,0.0,0.0,0.0,0.0,223
2023-05-11 09:33:59,MO2312-P-6800,MO2312-P-6800,450.2,0.0,0.0,0.0,1,451.8,457.2,6,450.2,464.0,0.0,0.0,0.0,0.0,223
2023-05-11 09:34:00,MO2312-P-6800,MO2312-P-6800,450.2,0.0,0.0,0.0,1,451.8,457.4,21,450.2,464.0,0.0,0.0,0.0,0.0,223
2023-05-11 09:34:00,MO2312-P-6800,MO2312-P-6800,450.2,0.0,0.0,0.0,1,451.8,457.6,6,450.2,464.0,0.0,0.0,0.0,0.0,223
2023-05-11 09:34:01,MO2312-P-6800,MO2312-P-6800,450.2,0.0,0.0,0.0,1,451.8,457.8,25,450.2,464.0,0.0,0.0,0.0,0.0,223
2023-05-11 09:34:01,MO2312-P-6800,MO2312-P-6800,450.2,0.0,0.0,0.0,1,451.8,457.6,6,450.2,464.0,0.0,0.0,0.0,0.0,223
2023-05-11 09:34:03,MO2312-P-6800,MO2312-P-6800,450.2,0.0,0.0,0.0,1,451.8,456.0,1,450.2,464.0,0.0,0.0,0.0,0.0,223
2023-05-11 09:34:06,MO2312-P-6800,MO2312-P-6800,450.2,0.0,0.0,0.0,1,452.0,456.0,1,450.2,464.0,0.0,0.0,0.0,0.0,223
2023-05-11 09:34:08,MO2312-P-6800,MO2312-P-6800,450.2,0.0,0.0,0.0,1,452.0,456.4,27,450.2,464.0,0.0,0.0,0.0,0.0,223
2023-05-11 09:34:08,MO2312-P-6800,MO2312-P-6800,450.2,0.0,0.0,0.0,1,452.0,456.4,12,450.2,464.0,0.0,0.0,0.0,0.0,223
2023-05-11 09:34:09,MO2312-P-6800,MO2312-P-6800,450.2,0.0,0.0,0.0,1,452.0,456.4,6,450.2,464.0,0.0,0.0,0.0,0.0,223
2023-05-11 09:34:09,MO2312-P-6800,MO2312-P-6800,450.2,0.0,0.0,0.0,1,452.0,456.6,15,450.2,464.0,0.0,0.0,0.0,0.0,223
2023-05-11 09:34:10,MO2312-P-6800,MO2312-P-6800,450.2,0.0,0.0,0.0,1,452.0,456.8,6,450.2,464.0,0.0,0.0,0.0,0.0,223
2023-05-11 09:34:10,MO2312-P-6800,MO2312-P-6800,450.2,0.0,0.0,0.0,1,452.0,457.0,21,450.2,464.0,0.0,0.0,0.0,0.0,223
2023-05-11 09:34:11,MO2312-P-6800,MO2312-P-6800,450.2,0.0,0.0,0.0,1,452.0,457.0,6,450.2,464.0,0.0,0.0,0.0,0.0,223
2023-05-11 09:34:11,MO2312-P-6800,MO2312-P-6800,450.2,0.0,0.0,0.0,1,452.0,457.2,27,450.2,464.0,0.0,0.0,0.0,0.0,223
2023-05-11 09:34:12,MO2312-P-6800,MO2312-P-6800,450.2,0.0,0.0,0.0,1,452.0,457.2,12,450.2,464.0,0.0,0.0,0.0,0.0,223
2023-05-11 09:34:12,MO2312-P-6800,MO2312-P-6800,450.2,0.0,0.0,0.0,1,452.0,457.2,6,450.2,464.0,0.0,0.0,0.0,0.0,223
2023-05-11 09:34:16,MO2312-P-6800,MO2312-P-6800,450.2,0.0,0.0,0.0,1,452.2,457.2,6,450.2,464.0,0.0,0.0,0.0,0.0,223
2023-05-11 09:34:26,MO2312-P-6800,MO2312-P-6800,450.2,0.0,0.0,0.0,1,452.4,457.2,6,450.2,464.0,0.0,0.0,0.0,0.0,223
2023-05-11 09:34:36,MO2312-P-6800,MO2312-P-6800,450.2,0.0,0.0,0.0,1,452.6,457.2,6,450.2,464.0,0.0,0.0,0.0,0.0,223
2023-05-11 09:34:39,MO2312-P-6800,MO2312-P-6800,450.2,0.0,0.0,0.0,1,452.6,457.0,6,450.2,464.0,0.0,0.0,0.0,0.0,223
2023-05-11 09:34:41,MO2312-P-6800,MO2312-P-6800,450.2,0.0,0.0,0.0,1,452.6,456.2,1,450.2,464.0,0.0,0.0,0.0,0.0,223
2023-05-11 09:34:41,MO2312-P-6800,MO2312-P-6800,450.2,0.0,0.0,0.0,1,452.6,456.0,6,450.2,464.0,0.0,0.0,0.0,0.0,223
2023-05-11 09:34:46,MO2312-P-6800,MO2312-P-6800,450.2,0.0,0.0,0.0,1,452.8,456.0,6,450.2,464.0,0.0,0.0,0.0,0.0,223
2023-05-11 09:34:48,MO2312-P-6800,MO2312-P-6800,450.2,0.0,0.0,0.0,1,452.8,456.2,6,450.2,464.0,0.0,0.0,0.0,0.0,223
2023-05-11 09:34:56,MO2312-P-6800,MO2312-P-6800,450.2,0.0,0.0,0.0,1,453.0,456.2,6,450.2,464.0,0.0,0.0,0.0,0.0,223
2023-05-11 09:35:02,MO2312-P-6800,MO2312-P-6800,450.2,0.0,0.0,0.0,1,453.0,456.4,6,450.2,464.0,0.0,0.0,0.0,0.0,223
2023-05-11 09:35:02,MO2312-P-6800,MO2312-P-6800,450.2,0.0,0.0,0.0,1,453.0,456.6,12,450.2,464.0,0.0,0.0,0.0,0.0,223
2023-05-11 09:35:03,MO2312-P-6800,MO2312-P-6800,450.2,0.0,0.0,0.0,1,453.0,456.6,6,450.2,464.0,0.0,0.0,0.0,0.0,223
2023-05-11 09:35:03,MO2312-P-6800,MO2312-P-6800,450.2,0.0,0.0,0.0,1,453.0,457.0,6,450.2,464.0,0.0,0.0,0.0,0.0,223
2023-05-11 09:35:04,MO2312-P-6800,MO2312-P-6800,450.2,0.0,0.0,0.0,1,453.0,457.2,6,450.2,464.0,0.0,0.0,0.0,0.0,223
2023-05-11 09:35:04,MO2312-P-6800,MO2312-P-6800,450.2,0.0,0.0,0.0,1,453.0,457.4,12,450.2,464.0,0.0,0.0,0.0,0.0,223
2023-05-11 09:35:05,MO2312-P-6800,MO2312-P-6800,450.2,0.0,0.0,0.0,1,453.0,457.8,27,450.2,464.0,0.0,0.0,0.0,0.0,223
2023-05-11 09:35:05,MO2312-P-6800,MO2312-P-6800,450.2,0.0,0.0,0.0,1,453.0,457.8,6,450.2,464.0,0.0,0.0,0.0,0.0,223
2023-05-11 09:35:06,MO2312-P-6800,MO2312-P-6800,450.2,0.0,0.0,0.0,1,453.2,457.8,6,450.2,464.0,0.0,0.0,0.0,0.0,223
2023-05-11 09:35:07,MO2312-P-6800,MO2312-P-6800,450.2,0.0,0.0,0.0,1,453.2,458.6,21,450.2,464.0,0.0,0.0,0.0,0.0,223
2023-05-11 09:35:07,MO2312-P-6800,MO2312-P-6800,450.2,0.0,0.0,0.0,1,453.2,458.8,6,450.2,464.0,0.0,0.0,0.0,0.0,223
2023-05-11 09:35:11,MO2312-P-6800,MO2312-P-6800,450.2,0.0,0.0,0.0,1,453.2,458.6,6,450.2,464.0,0.0,0.0,0.0,0.0,223
2023-05-11 09:35:16,MO2312-P-6800,MO2312-P-6800,450.2,0.0,0.0,0.0,1,453.4,458.6,6,450.2,464.0,0.0,0.0,0.0,0.0,223
2023-05-11 09:35:21,MO2312-P-6800,MO2312-P-6800,450.2,0.0,0.0,0.0,1,453.4,459.2,21,450.2,464.0,0.0,0.0,0.0,0.0,223
2023-05-11 09:35:22,MO2312-P-6800,MO2312-P-6800,450.2,0.0,0.0,0.0,1,453.4,459.4,21,450.2,464.0,0.0,0.0,0.0,0.0,223
2023-05-11 09:35:22,MO2312-P-6800,MO2312-P-6800,450.2,0.0,0.0,0.0,1,453.4,459.6,27,450.2,464.0,0.0,0.0,0.0,0.0,223
2023-05-11 09:35:23,MO2312-P-6800,MO2312-P-6800,450.2,0.0,0.0,0.0,1,453.4,459.6,6,450.2,464.0,0.0,0.0,0.0,0.0,223
2023-05-11 09:35:23,MO2312-P-6800,MO2312-P-6800,450.2,0.0,0.0,0.0,1,453.4,459.8,21,450.2,464.0,0.0,0.0,0.0,0.0,223
2023-05-11 09:35:24,MO2312-P-6800,MO2312-P-6800,450.2,0.0,0.0,0.0,1,453.4,459.8,6,450.2,464.0,0.0,0.0,0.0,0.0,223
2023-05-11 09:35:24,MO2312-P-6800,MO2312-P-6800,450.2,0.0,0.0,0.0,1,453.4,460.0,33,450.2,464.0,0.0,0.0,0.0,0.0,223
2023-05-11 09:35:25,MO2312-P-6800,MO2312-P-6800,450.2,0.0,0.0,0.0,1,453.4,460.0,6,450.2,464.0,0.0,0.0,0.0,0.0,223
2023-05-11 09:35:25,MO2312-P-6800,MO2312-P-6800,450.2,0.0,0.0,0.0,1,453.4,460.2,27,450.2,464.0,0.0,0.0,0.0,0.0,223
2023-05-11 09:35:26,MO2312-P-6800,MO2312-P-6800,450.2,0.0,0.0,0.0,1,453.4,460.4,27,450.2,464.0,0.0,0.0,0.0,0.0,223
2023-05-11 09:35:26,MO2312-P-6800,MO2312-P-6800,450.2,0.0,0.0,0.0,1,453.6,460.6,15,450.2,464.0,0.0,0.0,0.0,0.0,223
2023-05-11 09:35:27,MO2312-P-6800,MO2312-P-6800,450.2,0.0,0.0,0.0,1,453.6,460.8,12,450.2,464.0,0.0,0.0,0.0,0.0,223
2023-05-11 09:35:27,MO2312-P-6800,MO2312-P-6800,450.2,0.0,0.0,0.0,1,453.6,461.0,27,450.2,464.0,0.0,0.0,0.0,0.0,223
2023-05-11 09:35:28,MO2312-P-6800,MO2312-P-6800,450.2,0.0,0.0,0.0,1,453.6,461.0,12,450.2,464.0,0.0,0.0,0.0,0.0,223
2023-05-11 09:35:28,MO2312-P-6800,MO2312-P-6800,450.2,0.0,0.0,0.0,1,453.6,461.2,39,450.2,464.0,0.0,0.0,0.0,0.0,223
2023-05-11 09:35:29,MO2312-P-6800,MO2312-P-6800,450.2,0.0,0.0,0.0,1,453.6,461.2,24,450.2,464.0,0.0,0.0,0.0,0.0,223
2023-05-11 09:35:29,MO2312-P-6800,MO2312-P-6800,450.2,0.0,0.0,0.0,1,453.6,461.2,6,450.2,464.0,0.0,0.0,0.0,0.0,223
2023-05-11 09:35:30,MO2312-P-6800,MO2312-P-6800,450.2,0.0,0.0,0.0,1,453.6,461.4,33,450.2,464.0,0.0,0.0,0.0,0.0,223
2023-05-11 09:35:30,MO2312-P-6800,MO2312-P-6800,450.2,0.0,0.0,0.0,1,453.6,461.4,18,450.2,464.0,0.0,0.0,0.0,0.0,223
2023-05-11 09:35:31,MO2312-P-6800,MO2312-P-6800,450.2,0.0,0.0,0.0,1,453.6,461.4,12,450.2,464.0,0.0,0.0,0.0,0.0,223
2023-05-11 09:35:31,MO2312-P-6800,MO2312-P-6800,450.2,0.0,0.0,0.0,1,453.6,461.4,6,450.2,464.0,0.0,0.0,0.0,0.0,223
2023-05-11 09:35:36,MO2312-P-6800,MO2312-P-6800,450.2,0.0,0.0,0.0,1,453.8,461.4,6,450.2,464.0,0.0,0.0,0.0,0.0,223
2023-05-11 09:35:38,MO2312-P-6800,MO2312-P-6800,450.2,0.0,0.0,0.0,1,453.8,461.6,33,450.2,464.0,0.0,0.0,0.0,0.0,223
2023-05-11 09:35:38,MO2312-P-6800,MO2312-P-6800,450.2,0.0,0.0,0.0,1,456.2,461.6,6,450.2,464.0,0.0,0.0,0.0,0.0,223
2023-05-11 09:35:39,MO2312-P-6800,MO2312-P-6800,450.2,0.0,0.0,0.0,1,456.2,461.8,15,450.2,464.0,0.0,0.0,0.0,0.0,223
2023-05-11 09:35:39,MO2312-P-6800,MO2312-P-6800,450.2,0.0,0.0,0.0,1,456.2,462.4,6,450.2,464.0,0.0,0.0,0.0,0.0,223
2023-05-11 09:35:40,MO2312-P-6800,MO2312-P-6800,450.2,0.0,0.0,0.0,7,456.2,462.6,21,450.2,464.0,0.0,0.0,0.0,0.0,223
2023-05-11 09:35:40,MO2312-P-6800,MO2312-P-6800,450.2,0.0,0.0,0.0,7,456.2,462.6,6,450.2,464.0,0.0,0.0,0.0,0.0,223
2023-05-11 09:35:41,MO2312-P-6800,MO2312-P-6800,450.2,0.0,0.0,0.0,7,456.2,462.8,21,450.2,464.0,0.0,0.0,0.0,0.0,223
2023-05-11 09:35:41,MO2312-P-6800,MO2312-P-6800,450.2,0.0,0.0,0.0,7,456.2,462.8,6,450.2,464.0,0.0,0.0,0.0,0.0,223
2023-05-11 09:35:42,MO2312-P-6800,MO2312-P-6800,450.2,0.0,0.0,0.0,7,456.2,463.0,27,450.2,464.0,0.0,0.0,0.0,0.0,223
2023-05-11 09:35:42,MO2312-P-6800,MO2312-P-6800,450.2,0.0,0.0,0.0,8,456.2,463.0,12,450.2,464.0,0.0,0.0,0.0,0.0,223
2023-05-11 09:35:43,MO2312-P-6800,MO2312-P-6800,450.2,0.0,0.0,0.0,8,456.2,463.2,39,450.2,464.0,0.0,0.0,0.0,0.0,223
2023-05-11 09:35:43,MO2312-P-6800,MO2312-P-6800,450.2,0.0,0.0,0.0,8,456.2,463.2,12,450.2,464.0,0.0,0.0,0.0,0.0,223
2023-05-11 09:35:44,MO2312-P-6800,MO2312-P-6800,450.2,0.0,0.0,0.0,8,456.2,463.4,33,450.2,464.0,0.0,0.0,0.0,0.0,223
2023-05-11 09:35:44,MO2312-P-6800,MO2312-P-6800,450.2,0.0,0.0,0.0,8,456.2,463.4,12,450.2,464.0,0.0,0.0,0.0,0.0,223
2023-05-11 09:35:45,MO2312-P-6800,MO2312-P-6800,450.2,0.0,0.0,0.0,8,456.2,463.6,27,450.2,464.0,0.0,0.0,0.0,0.0,223
2023-05-11 09:35:45,MO2312-P-6800,MO2312-P-6800,450.2,0.0,0.0,0.0,8,456.2,463.6,12,450.2,464.0,0.0,0.0,0.0,0.0,223
2023-05-11 09:35:46,MO2312-P-6800,MO2312-P-6800,450.2,0.0,0.0,0.0,8,456.2,463.8,27,450.2,464.0,0.0,0.0,0.0,0.0,223
2023-05-11 09:35:46,MO2312-P-6800,MO2312-P-6800,450.2,0.0,0.0,0.0,8,456.2,463.8,12,450.2,464.0,0.0,0.0,0.0,0.0,223
2023-05-11 09:35:47,MO2312-P-6800,MO2312-P-6800,450.2,0.0,0.0,0.0,8,456.2,464.0,27,450.2,464.0,0.0,0.0,0.0,0.0,223
2023-05-11 09:35:47,MO2312-P-6800,MO2312-P-6800,450.2,0.0,0.0,0.0,7,456.2,464.0,12,450.2,464.0,0.0,0.0,0.0,0.0,223
2023-05-11 09:35:48,MO2312-P-6800,MO2312-P-6800,450.2,0.0,0.0,0.0,7,456.2,463.8,6,450.2,464.0,0.0,0.0,0.0,0.0,223
2023-05-11 09:35:51,MO2312-P-6800,MO2312-P-6800,450.2,0.0,0.0,0.0,7,456.2,462.2,1,450.2,464.0,0.0,0.0,0.0,0.0,223
2023-05-11 09:35:52,MO2312-P-6800,MO2312-P-6800,450.2,0.0,0.0,0.0,7,456.2,462.0,6,450.2,464.0,0.0,0.0,0.0,0.0,223
2023-05-11 09:35:52,MO2312-P-6800,MO2312-P-6800,450.2,0.0,0.0,0.0,1,456.4,462.0,6,450.2,464.0,0.0,0.0,0.0,0.0,223
2023-05-11 09:35:58,MO2312-P-6800,MO2312-P-6800,450.2,0.0,0.0,0.0,1,456.4,462.2,15,450.2,464.0,0.0,0.0,0.0,0.0,223
2023-05-11 09:35:58,MO2312-P-6800,MO2312-P-6800,450.2,0.0,0.0,0.0,1,456.4,462.4,6,450.2,464.0,0.0,0.0,0.0,0.0,223
2023-05-11 09:35:59,MO2312-P-6800,MO2312-P-6800,450.2,0.0,0.0,0.0,1,456.4,462.6,21,450.2,464.0,0.0,0.0,0.0,0.0,223
2023-05-11 09:35:59,MO2312-P-6800,MO2312-P-6800,450.2,0.0,0.0,0.0,1,456.4,462.8,21,450.2,464.0,0.0,0.0,0.0,0.0,223
2023-05-11 09:36:00,MO2312-P-6800,MO2312-P-6800,450.2,0.0,0.0,0.0,1,456.4,462.8,6,450.2,464.0,0.0,0.0,0.0,0.0,223
2023-05-11 09:36:00,MO2312-P-6800,MO2312-P-6800,450.2,0.0,0.0,0.0,1,456.4,463.0,21,450.2,464.0,0.0,0.0,0.0,0.0,223
2023-05-11 09:36:01,MO2312-P-6800,MO2312-P-6800,450.2,0.0,0.0,0.0,1,456.4,463.0,6,450.2,464.0,0.0,0.0,0.0,0.0,223
2023-05-11 09:36:01,MO2312-P-6800,MO2312-P-6800,450.2,0.0,0.0,0.0,1,456.4,463.2,33,450.2,464.0,0.0,0.0,0.0,0.0,223
2023-05-11 09:36:02,MO2312-P-6800,MO2312-P-6800,450.2,0.0,0.0,0.0,1,456.4,463.2,12,450.2,464.0,0.0,0.0,0.0,0.0,223
2023-05-11 09:36:02,MO2312-P-6800,MO2312-P-6800,450.2,0.0,0.0,0.0,1,456.6,463.2,6,450.2,464.0,0.0,0.0,0.0,0.0,223
2023-05-11 09:36:03,MO2312-P-6800,MO2312-P-6800,450.2,0.0,0.0,0.0,1,456.6,462.2,1,450.2,464.0,0.0,0.0,0.0,0.0,223
2023-05-11 09:36:08,MO2312-P-6800,MO2312-P-6800,450.2,0.0,0.0,0.0,1,456.6,462.0,6,450.2,464.0,0.0,0.0,0.0,0.0,223
2023-05-11 09:36:12,MO2312-P-6800,MO2312-P-6800,450.2,0.0,0.0,0.0,1,456.8,462.0,6,450.2,464.0,0.0,0.0,0.0,0.0,223
2023-05-11 09:36:18,MO2312-P-6800,MO2312-P-6800,450.2,0.0,0.0,0.0,1,456.8,462.4,15,450.2,464.0,0.0,0.0,0.0,0.0,223
2023-05-11 09:36:19,MO2312-P-6800,MO2312-P-6800,450.2,0.0,0.0,0.0,1,456.8,462.6,6,450.2,464.0,0.0,0.0,0.0,0.0,223
2023-05-11 09:36:19,MO2312-P-6800,MO2312-P-6800,450.2,0.0,0.0,0.0,1,456.8,462.8,15,450.2,464.0,0.0,0.0,0.0,0.0,223
2023-05-11 09:36:20,MO2312-P-6800,MO2312-P-6800,450.2,0.0,0.0,0.0,1,456.8,463.0,18,450.2,464.0,0.0,0.0,0.0,0.0,223
2023-05-11 09:36:20,MO2312-P-6800,MO2312-P-6800,450.2,0.0,0.0,0.0,1,456.8,463.0,12,450.2,464.0,0.0,0.0,0.0,0.0,223
2023-05-11 09:36:21,MO2312-P-6800,MO2312-P-6800,450.2,0.0,0.0,0.0,1,456.8,463.0,6,450.2,464.0,0.0,0.0,0.0,0.0,223
2023-05-11 09:36:22,MO2312-P-6800,MO2312-P-6800,450.2,0.0,0.0,0.0,1,457.0,463.0,6,450.2,464.0,0.0,0.0,0.0,0.0,223
2023-05-11 09:36:32,MO2312-P-6800,MO2312-P-6800,450.2,0.0,0.0,0.0,1,457.2,463.0,6,450.2,464.0,0.0,0.0,0.0,0.0,223
2023-05-11 09:36:42,MO2312-P-6800,MO2312-P-6800,450.2,0.0,0.0,0.0,1,457.4,463.0,6,450.2,464.0,0.0,0.0,0.0,0.0,223
2023-05-11 09:36:45,MO2312-P-6800,MO2312-P-6800,450.2,0.0,0.0,0.0,1,459.0,463.4,6,450.2,464.0,0.0,0.0,0.0,0.0,223
2023-05-11 09:36:46,MO2312-P-6800,MO2312-P-6800,450.2,0.0,0.0,0.0,7,459.0,463.6,6,450.2,464.0,0.0,0.0,0.0,0.0,223
2023-05-11 09:36:46,MO2312-P-6800,MO2312-P-6800,450.2,0.0,0.0,0.0,7,459.0,464.0,12,450.2,464.0,0.0,0.0,0.0,0.0,223
2023-05-11 09:36:47,MO2312-P-6800,MO2312-P-6800,450.2,0.0,0.0,0.0,6,459.2,464.2,6,450.2,464.0,0.0,0.0,0.0,0.0,223
2023-05-11 09:36:47,MO2312-P-6800,MO2312-P-6800,450.2,0.0,0.0,0.0,13,459.0,464.4,6,450.2,464.0,0.0,0.0,0.0,0.0,223
2023-05-11 09:36:48,MO2312-P-6800,MO2312-P-6800,450.2,0.0,0.0,0.0,13,459.0,465.6,57,450.2,464.0,0.0,0.0,0.0,0.0,223
2023-05-11 09:36:48,MO2312-P-6800,MO2312-P-6800,450.2,0.0,0.0,0.0,13,459.0,465.6,18,450.2,464.0,0.0,0.0,0.0,0.0,223
2023-05-11 09:36:49,MO2312-P-6800,MO2312-P-6800,450.2,0.0,0.0,0.0,13,459.0,465.6,12,450.2,464.0,0.0,0.0,0.0,0.0,223
2023-05-11 09:36:49,MO2312-P-6800,MO2312-P-6800,450.2,0.0,0.0,0.0,13,459.0,465.6,6,450.2,464.0,0.0,0.0,0.0,0.0,223
2023-05-11 09:36:53,MO2312-P-6800,MO2312-P-6800,450.2,0.0,0.0,0.0,12,459.0,465.6,6,450.2,464.0,0.0,0.0,0.0,0.0,223
2023-05-11 09:36:54,MO2312-P-6800,MO2312-P-6800,450.2,0.0,0.0,0.0,6,459.0,465.6,6,450.2,464.0,0.0,0.0,0.0,0.0,223
2023-05-11 09:36:57,MO2312-P-6800,MO2312-P-6800,450.2,0.0,0.0,0.0,7,459.0,465.6,6,450.2,464.0,0.0,0.0,0.0,0.0,223
2023-05-11 09:37:07,MO2312-P-6800,MO2312-P-6800,450.2,0.0,0.0,0.0,1,459.2,465.6,6,450.2,464.0,0.0,0.0,0.0,0.0,223
2023-05-11 09:37:10,MO2312-P-6800,MO2312-P-6800,450.2,0.0,0.0,0.0,1,459.2,465.4,6,450.2,464.0,0.0,0.0,0.0,0.0,223
2023-05-11 09:37:13,MO2312-P-6800,MO2312-P-6800,450.2,0.0,0.0,0.0,1,459.2,465.2,6,450.2,464.0,0.0,0.0,0.0,0.0,223
2023-05-11 09:37:16,MO2312-P-6800,MO2312-P-6800,450.2,0.0,0.0,0.0,1,459.2,465.4,15,450.2,464.0,0.0,0.0,0.0,0.0,223
2023-05-11 09:37:16,MO2312-P-6800,MO2312-P-6800,450.2,0.0,0.0,0.0,7,459.2,465.8,12,450.2,464.0,0.0,0.0,0.0,0.0,223
2023-05-11 09:37:17,MO2312-P-6800,MO2312-P-6800,450.2,0.0,0.0,0.0,7,459.2,466.0,39,450.2,464.0,0.0,0.0,0.0,0.0,223
2023-05-11 09:37:17,MO2312-P-6800,MO2312-P-6800,450.2,0.0,0.0,0.0,1,459.4,466.0,18,450.2,464.0,0.0,0.0,0.0,0.0,223
2023-05-11 09:37:18,MO2312-P-6800,MO2312-P-6800,450.2,0.0,0.0,0.0,1,459.4,466.0,12,450.2,464.0,0.0,0.0,0.0,0.0,223
2023-05-11 09:37:18,MO2312-P-6800,MO2312-P-6800,450.2,0.0,0.0,0.0,1,459.4,466.0,6,450.2,464.0,0.0,0.0,0.0,0.0,223
2023-05-11 09:37:23,MO2312-P-6800,MO2312-P-6800,450.2,0.0,0.0,0.0,1,461.0,466.0,6,450.2,464.0,0.0,0.0,0.0,0.0,223
2023-05-11 09:37:25,MO2312-P-6800,MO2312-P-6800,450.2,0.0,0.0,0.0,1,461.0,466.2,6,450.2,464.0,0.0,0.0,0.0,0.0,223
2023-05-11 09:37:25,MO2312-P-6800,MO2312-P-6800,450.2,0.0,0.0,0.0,1,461.0,466.4,6,450.2,464.0,0.0,0.0,0.0,0.0,223
2023-05-11 09:37:26,MO2312-P-6800,MO2312-P-6800,450.2,0.0,0.0,0.0,1,461.0,466.6,12,450.2,464.0,0.0,0.0,0.0,0.0,223
2023-05-11 09:37:26,MO2312-P-6800,MO2312-P-6800,450.2,0.0,0.0,0.0,1,461.0,466.8,18,450.2,464.0,0.0,0.0,0.0,0.0,223
2023-05-11 09:37:27,MO2312-P-6800,MO2312-P-6800,450.2,0.0,0.0,0.0,1,461.0,466.8,6,450.2,464.0,0.0,0.0,0.0,0.0,223
2023-05-11 09:37:27,MO2312-P-6800,MO2312-P-6800,450.2,0.0,0.0,0.0,1,461.0,467.0,18,450.2,464.0,0.0,0.0,0.0,0.0,223
2023-05-11 09:37:28,MO2312-P-6800,MO2312-P-6800,450.2,0.0,0.0,0.0,1,461.0,467.0,12,450.2,464.0,0.0,0.0,0.0,0.0,223
2023-05-11 09:37:28,MO2312-P-6800,MO2312-P-6800,450.2,0.0,0.0,0.0,1,461.0,467.2,21,450.2,464.0,0.0,0.0,0.0,0.0,223
2023-05-11 09:37:29,MO2312-P-6800,MO2312-P-6800,450.2,0.0,0.0,0.0,7,461.0,467.2,6,450.2,464.0,0.0,0.0,0.0,0.0,223
2023-05-11 09:37:29,MO2312-P-6800,MO2312-P-6800,450.2,0.0,0.0,0.0,7,461.0,467.4,21,450.2,464.0,0.0,0.0,0.0,0.0,223
2023-05-11 09:37:30,MO2312-P-6800,MO2312-P-6800,450.2,0.0,0.0,0.0,7,461.0,467.4,6,450.2,464.0,0.0,0.0,0.0,0.0,223
2023-05-11 09:37:30,MO2312-P-6800,MO2312-P-6800,450.2,0.0,0.0,0.0,7,461.0,467.6,27,450.2,464.0,0.0,0.0,0.0,0.0,223
2023-05-11 09:37:31,MO2312-P-6800,MO2312-P-6800,450.2,0.0,0.0,0.0,6,461.0,467.6,6,450.2,464.0,0.0,0.0,0.0,0.0,223
2023-05-11 09:37:31,MO2312-P-6800,MO2312-P-6800,450.2,0.0,0.0,0.0,6,461.0,467.8,33,450.2,464.0,0.0,0.0,0.0,0.0,223
2023-05-11 09:37:32,MO2312-P-6800,MO2312-P-6800,450.2,0.0,0.0,0.0,6,461.0,467.8,18,450.2,464.0,0.0,0.0,0.0,0.0,223
2023-05-11 09:37:32,MO2312-P-6800,MO2312-P-6800,450.2,0.0,0.0,0.0,6,460.8,467.8,12,450.2,464.0,0.0,0.0,0.0,0.0,223
2023-05-11 09:37:33,MO2312-P-6800,MO2312-P-6800,450.2,0.0,0.0,0.0,6,460.8,467.8,6,450.2,464.0,0.0,0.0,0.0,0.0,223
2023-05-11 09:37:37,MO2312-P-6800,MO2312-P-6800,450.2,0.0,0.0,0.0,7,460.8,467.8,6,450.2,464.0,0.0,0.0,0.0,0.0,223
2023-05-11 09:37:47,MO2312-P-6800,MO2312-P-6800,450.2,0.0,0.0,0.0,1,461.0,467.8,6,450.2,464.0,0.0,0.0,0.0,0.0,223
2023-05-11 09:37:51,MO2312-P-6800,MO2312-P-6800,450.2,0.0,0.0,0.0,7,461.0,467.8,6,450.2,464.0,0.0,0.0,0.0,0.0,223
2023-05-11 09:37:52,MO2312-P-6800,MO2312-P-6800,450.2,0.0,0.0,0.0,1,461.0,467.8,6,450.2,464.0,0.0,0.0,0.0,0.0,223
2023-05-11 09:37:57,MO2312-P-6800,MO2312-P-6800,450.2,0.0,0.0,0.0,1,461.2,467.8,6,450.2,464.0,0.0,0.0,0.0,0.0,223
2023-05-11 09:38:02,MO2312-P-6800,MO2312-P-6800,450.2,0.0,0.0,0.0,1,461.2,467.6,6,450.2,464.0,0.0,0.0,0.0,0.0,223
2023-05-11 09:38:07,MO2312-P-6800,MO2312-P-6800,450.2,0.0,0.0,0.0,1,461.4,467.6,6,450.2,464.0,0.0,0.0,0.0,0.0,223
2023-05-11 09:38:17,MO2312-P-6800,MO2312-P-6800,450.2,0.0,0.0,0.0,1,461.6,467.6,6,450.2,464.0,0.0,0.0,0.0,0.0,223
2023-05-11 09:38:24,MO2312-P-6800,MO2312-P-6800,450.2,0.0,0.0,0.0,1,461.6,466.4,1,450.2,464.0,0.0,0.0,0.0,0.0,223
2023-05-11 09:38:24,MO2312-P-6800,MO2312-P-6800,450.2,0.0,0.0,0.0,1,461.6,466.2,6,450.2,464.0,0.0,0.0,0.0,0.0,223
2023-05-11 09:38:25,MO2312-P-6800,MO2312-P-6800,450.2,0.0,0.0,0.0,1,461.0,466.2,6,450.2,464.0,0.0,0.0,0.0,0.0,223
2023-05-11 09:38:28,MO2312-P-6800,MO2312-P-6800,450.2,0.0,0.0,0.0,1,461.0,463.8,1,450.2,464.0,0.0,0.0,0.0,0.0,223
2023-05-11 09:38:33,MO2312-P-6800,MO2312-P-6800,450.2,0.0,0.0,0.0,1,461.0,465.0,27,450.2,464.0,0.0,0.0,0.0,0.0,223
2023-05-11 09:38:34,MO2312-P-6800,MO2312-P-6800,450.2,0.0,0.0,0.0,1,461.0,465.0,12,450.2,464.0,0.0,0.0,0.0,0.0,223
2023-05-11 09:38:34,MO2312-P-6800,MO2312-P-6800,450.2,0.0,0.0,0.0,1,461.0,465.0,6,450.2,464.0,0.0,0.0,0.0,0.0,223
2023-05-11 09:38:35,MO2312-P-6800,MO2312-P-6800,450.2,0.0,0.0,0.0,12,460.4,465.0,6,450.2,464.0,0.0,0.0,0.0,0.0,223
2023-05-11 09:38:35,MO2312-P-6800,MO2312-P-6800,450.2,0.0,0.0,0.0,6,460.2,465.0,6,450.2,464.0,0.0,0.0,0.0,0.0,223
2023-05-11 09:38:36,MO2312-P-6800,MO2312-P-6800,450.2,0.0,0.0,0.0,18,459.8,465.0,6,450.2,464.0,0.0,0.0,0.0,0.0,223
2023-05-11 09:38:36,MO2312-P-6800,MO2312-P-6800,450.2,0.0,0.0,0.0,6,459.8,465.0,6,450.2,464.0,0.0,0.0,0.0,0.0,223
2023-05-11 09:38:37,MO2312-P-6800,MO2312-P-6800,450.2,0.0,0.0,0.0,18,459.2,465.0,6,450.2,464.0,0.0,0.0,0.0,0.0,223
2023-05-11 09:38:37,MO2312-P-6800,MO2312-P-6800,450.2,0.0,0.0,0.0,12,459.2,465.0,6,450.2,464.0,0.0,0.0,0.0,0.0,223
2023-05-11 09:38:38,MO2312-P-6800,MO2312-P-6800,450.2,0.0,0.0,0.0,6,459.0,465.0,6,450.2,464.0,0.0,0.0,0.0,0.0,223
2023-05-11 09:38:38,MO2312-P-6800,MO2312-P-6800,450.2,0.0,0.0,0.0,37,458.2,465.0,6,450.2,464.0,0.0,0.0,0.0,0.0,223
2023-05-11 09:38:39,MO2312-P-6800,MO2312-P-6800,450.2,0.0,0.0,0.0,19,458.2,465.0,6,450.2,464.0,0.0,0.0,0.0,0.0,223
2023-05-11 09:38:39,MO2312-P-6800,MO2312-P-6800,450.2,0.0,0.0,0.0,14,458.2,465.0,6,450.2,464.0,0.0,0.0,0.0,0.0,223
2023-05-11 09:38:41,MO2312-P-6800,MO2312-P-6800,450.2,0.0,0.0,0.0,14,458.2,465.2,21,450.2,464.0,0.0,0.0,0.0,0.0,223
2023-05-11 09:38:42,MO2312-P-6800,MO2312-P-6800,450.2,0.0,0.0,0.0,14,458.2,465.2,6,450.2,464.0,0.0,0.0,0.0,0.0,223
2023-05-11 09:38:42,MO2312-P-6800,MO2312-P-6800,450.2,0.0,0.0,0.0,14,458.2,465.4,21,450.2,464.0,0.0,0.0,0.0,0.0,223
2023-05-11 09:38:43,MO2312-P-6800,MO2312-P-6800,450.2,0.0,0.0,0.0,13,458.2,465.4,6,450.2,464.0,0.0,0.0,0.0,0.0,223
2023-05-11 09:38:43,MO2312-P-6800,MO2312-P-6800,450.2,0.0,0.0,0.0,6,458.4,465.6,27,450.2,464.0,0.0,0.0,0.0,0.0,223
2023-05-11 09:38:44,MO2312-P-6800,MO2312-P-6800,450.2,0.0,0.0,0.0,7,458.4,465.6,6,450.2,464.0,0.0,0.0,0.0,0.0,223
2023-05-11 09:38:44,MO2312-P-6800,MO2312-P-6800,450.2,0.0,0.0,0.0,7,458.4,465.8,33,450.2,464.0,0.0,0.0,0.0,0.0,223
2023-05-11 09:38:45,MO2312-P-6800,MO2312-P-6800,450.2,0.0,0.0,0.0,7,458.4,465.8,18,450.2,464.0,0.0,0.0,0.0,0.0,223
2023-05-11 09:38:45,MO2312-P-6800,MO2312-P-6800,450.2,0.0,0.0,0.0,7,458.4,465.8,6,450.2,464.0,0.0,0.0,0.0,0.0,223
2023-05-11 09:38:46,MO2312-P-6800,MO2312-P-6800,450.2,0.0,0.0,0.0,7,458.4,466.0,33,450.2,464.0,0.0,0.0,0.0,0.0,223
2023-05-11 09:38:46,MO2312-P-6800,MO2312-P-6800,450.2,0.0,0.0,0.0,7,458.4,466.0,12,450.2,464.0,0.0,0.0,0.0,0.0,223
2023-05-11 09:38:47,MO2312-P-6800,MO2312-P-6800,450.2,0.0,0.0,0.0,7,458.4,466.0,6,450.2,464.0,0.0,0.0,0.0,0.0,223
2023-05-11 09:38:54,MO2312-P-6800,MO2312-P-6800,450.2,0.0,0.0,0.0,1,458.6,466.0,6,450.2,464.0,0.0,0.0,0.0,0.0,223
2023-05-11 09:38:54,MO2312-P-6800,MO2312-P-6800,450.2,0.0,0.0,0.0,1,458.6,466.2,27,450.2,464.0,0.0,0.0,0.0,0.0,223
2023-05-11 09:38:55,MO2312-P-6800,MO2312-P-6800,450.2,0.0,0.0,0.0,1,458.6,466.2,12,450.2,464.0,0.0,0.0,0.0,0.0,223
2023-05-11 09:38:55,MO2312-P-6800,MO2312-P-6800,450.2,0.0,0.0,0.0,1,458.6,466.4,21,450.2,464.0,0.0,0.0,0.0,0.0,223
2023-05-11 09:38:56,MO2312-P-6800,MO2312-P-6800,450.2,0.0,0.0,0.0,1,458.8,466.4,6,450.2,464.0,0.0,0.0,0.0,0.0,223
2023-05-11 09:38:56,MO2312-P-6800,MO2312-P-6800,450.2,0.0,0.0,0.0,1,458.8,466.6,21,450.2,464.0,0.0,0.0,0.0,0.0,223
2023-05-11 09:38:57,MO2312-P-6800,MO2312-P-6800,450.2,0.0,0.0,0.0,1,458.8,466.6,6,450.2,464.0,0.0,0.0,0.0,0.0,223
2023-05-11 09:38:57,MO2312-P-6800,MO2312-P-6800,450.2,0.0,0.0,0.0,1,458.6,466.8,21,450.2,464.0,0.0,0.0,0.0,0.0,223
2023-05-11 09:38:58,MO2312-P-6800,MO2312-P-6800,450.2,0.0,0.0,0.0,2,458.6,466.8,6,450.2,464.0,0.0,0.0,0.0,0.0,223
2023-05-11 09:38:58,MO2312-P-6800,MO2312-P-6800,450.2,0.0,0.0,0.0,1,458.6,467.0,27,450.2,464.0,0.0,0.0,0.0,0.0,223
2023-05-11 09:38:59,MO2312-P-6800,MO2312-P-6800,450.2,0.0,0.0,0.0,1,458.6,467.0,12,450.2,464.0,0.0,0.0,0.0,0.0,223
2023-05-11 09:38:59,MO2312-P-6800,MO2312-P-6800,450.2,0.0,0.0,0.0,1,458.6,467.2,33,450.2,464.0,0.0,0.0,0.0,0.0,223
2023-05-11 09:39:00,MO2312-P-6800,MO2312-P-6800,450.2,0.0,0.0,0.0,1,458.6,467.2,12,450.2,464.0,0.0,0.0,0.0,0.0,223
2023-05-11 09:39:00,MO2312-P-6800,MO2312-P-6800,450.2,0.0,0.0,0.0,1,458.6,467.2,6,450.2,464.0,0.0,0.0,0.0,0.0,223
2023-05-11 09:39:04,MO2312-P-6800,MO2312-P-6800,450.2,0.0,0.0,0.0,1,458.8,467.2,6,450.2,464.0,0.0,0.0,0.0,0.0,223
2023-05-11 09:39:12,MO2312-P-6800,MO2312-P-6800,450.2,0.0,0.0,0.0,1,459.0,467.4,27,450.2,464.0,0.0,0.0,0.0,0.0,223
2023-05-11 09:39:13,MO2312-P-6800,MO2312-P-6800,450.2,0.0,0.0,0.0,1,458.8,465.0,1,450.2,464.0,0.0,0.0,0.0,0.0,223
2023-05-11 09:39:14,MO2312-P-6800,MO2312-P-6800,450.2,0.0,0.0,0.0,1,459.0,465.0,1,450.2,464.0,0.0,0.0,0.0,0.0,223
2023-05-11 09:39:18,MO2312-P-6800,MO2312-P-6800,450.2,0.0,0.0,0.0,1,460.2,465.4,21,450.2,464.0,0.0,0.0,0.0,0.0,223
2023-05-11 09:39:19,MO2312-P-6800,MO2312-P-6800,450.2,0.0,0.0,0.0,1,460.2,465.4,6,450.2,464.0,0.0,0.0,0.0,0.0,223
2023-05-11 09:39:19,MO2312-P-6800,MO2312-P-6800,450.2,0.0,0.0,0.0,1,460.2,465.8,21,450.2,464.0,0.0,0.0,0.0,0.0,223
2023-05-11 09:39:20,MO2312-P-6800,MO2312-P-6800,450.2,0.0,0.0,0.0,1,460.2,465.8,6,450.2,464.0,0.0,0.0,0.0,0.0,223
2023-05-11 09:39:20,MO2312-P-6800,MO2312-P-6800,450.2,0.0,0.0,0.0,1,460.2,466.0,21,450.2,464.0,0.0,0.0,0.0,0.0,223
2023-05-11 09:39:21,MO2312-P-6800,MO2312-P-6800,450.2,0.0,0.0,0.0,1,460.2,466.0,6,450.2,464.0,0.0,0.0,0.0,0.0,223
2023-05-11 09:39:21,MO2312-P-6800,MO2312-P-6800,450.2,0.0,0.0,0.0,1,460.2,466.2,21,450.2,464.0,0.0,0.0,0.0,0.0,223
2023-05-11 09:39:22,MO2312-P-6800,MO2312-P-6800,450.2,0.0,0.0,0.0,1,460.2,466.2,6,450.2,464.0,0.0,0.0,0.0,0.0,223
2023-05-11 09:39:22,MO2312-P-6800,MO2312-P-6800,450.2,0.0,0.0,0.0,1,460.2,466.4,21,450.2,464.0,0.0,0.0,0.0,0.0,223
2023-05-11 09:39:23,MO2312-P-6800,MO2312-P-6800,450.2,0.0,0.0,0.0,1,459.0,466.4,6,450.2,464.0,0.0,0.0,0.0,0.0,223
2023-05-11 09:39:23,MO2312-P-6800,MO2312-P-6800,450.2,0.0,0.0,0.0,1,459.0,466.6,21,450.2,464.0,0.0,0.0,0.0,0.0,223
2023-05-11 09:39:24,MO2312-P-6800,MO2312-P-6800,450.2,0.0,0.0,0.0,1,459.2,466.6,6,450.2,464.0,0.0,0.0,0.0,0.0,223
2023-05-11 09:39:24,MO2312-P-6800,MO2312-P-6800,450.2,0.0,0.0,0.0,1,459.2,466.8,21,450.2,464.0,0.0,0.0,0.0,0.0,223
2023-05-11 09:39:25,MO2312-P-6800,MO2312-P-6800,450.2,0.0,0.0,0.0,1,459.2,466.8,6,450.2,464.0,0.0,0.0,0.0,0.0,223
2023-05-11 09:39:25,MO2312-P-6800,MO2312-P-6800,450.2,0.0,0.0,0.0,1,459.2,467.0,22,450.2,464.0,0.0,0.0,0.0,0.0,223
2023-05-11 09:39:26,MO2312-P-6800,MO2312-P-6800,450.2,0.0,0.0,0.0,1,459.2,467.0,7,450.2,464.0,0.0,0.0,0.0,0.0,223
2023-05-11 09:39:26,MO2312-P-6800,MO2312-P-6800,450.2,0.0,0.0,0.0,1,459.2,467.0,1,450.2,464.0,0.0,0.0,0.0,0.0,223
2023-05-11 09:39:27,MO2312-P-6800,MO2312-P-6800,450.2,0.0,0.0,0.0,1,459.2,466.8,6,450.2,464.0,0.0,0.0,0.0,0.0,223
2023-05-11 09:39:28,MO2312-P-6800,MO2312-P-6800,450.2,0.0,0.0,0.0,1,459.2,463.6,1,450.2,464.0,0.0,0.0,0.0,0.0,223
2023-05-11 09:39:30,MO2312-P-6800,MO2312-P-6800,450.2,0.0,0.0,0.0,1,458.6,463.6,1,450.2,464.0,0.0,0.0,0.0,0.0,223
2023-05-11 09:39:34,MO2312-P-6800,MO2312-P-6800,450.2,0.0,0.0,0.0,1,458.6,464.0,21,450.2,464.0,0.0,0.0,0.0,0.0,223
2023-05-11 09:39:34,MO2312-P-6800,MO2312-P-6800,450.2,0.0,0.0,0.0,1,458.6,464.0,6,450.2,464.0,0.0,0.0,0.0,0.0,223
2023-05-11 09:39:35,MO2312-P-6800,MO2312-P-6800,450.2,0.0,0.0,0.0,1,458.6,464.2,21,450.2,464.0,0.0,0.0,0.0,0.0,223
2023-05-11 09:39:35,MO2312-P-6800,MO2312-P-6800,450.2,0.0,0.0,0.0,1,458.6,464.2,6,450.2,464.0,0.0,0.0,0.0,0.0,223
2023-05-11 09:39:36,MO2312-P-6800,MO2312-P-6800,450.2,0.0,0.0,0.0,1,458.6,464.4,6,450.2,464.0,0.0,0.0,0.0,0.0,223
2023-05-11 09:39:36,MO2312-P-6800,MO2312-P-6800,450.2,0.0,0.0,0.0,1,458.6,465.0,6,450.2,464.0,0.0,0.0,0.0,0.0,223
2023-05-11 09:39:37,MO2312-P-6800,MO2312-P-6800,450.2,0.0,0.0,0.0,1,458.6,465.2,6,450.2,464.0,0.0,0.0,0.0,0.0,223
2023-05-11 09:39:37,MO2312-P-6800,MO2312-P-6800,450.2,0.0,0.0,0.0,1,458.6,465.4,6,450.2,464.0,0.0,0.0,0.0,0.0,223
2023-05-11 09:39:38,MO2312-P-6800,MO2312-P-6800,450.2,0.0,0.0,0.0,1,458.6,465.6,21,450.2,464.0,0.0,0.0,0.0,0.0,223
2023-05-11 09:39:38,MO2312-P-6800,MO2312-P-6800,450.2,0.0,0.0,0.0,1,458.6,465.6,6,450.2,464.0,0.0,0.0,0.0,0.0,223
2023-05-11 09:39:39,MO2312-P-6800,MO2312-P-6800,450.2,0.0,0.0,0.0,1,458.6,465.8,21,450.2,464.0,0.0,0.0,0.0,0.0,223
2023-05-11 09:39:39,MO2312-P-6800,MO2312-P-6800,450.2,0.0,0.0,0.0,1,458.6,465.8,6,450.2,464.0,0.0,0.0,0.0,0.0,223
2023-05-11 09:39:40,MO2312-P-6800,MO2312-P-6800,450.2,0.0,0.0,0.0,1,458.8,466.0,21,450.2,464.0,0.0,0.0,0.0,0.0,223
2023-05-11 09:39:40,MO2312-P-6800,MO2312-P-6800,450.2,0.0,0.0,0.0,1,458.8,466.0,6,450.2,464.0,0.0,0.0,0.0,0.0,223
2023-05-11 09:39:41,MO2312-P-6800,MO2312-P-6800,450.2,0.0,0.0,0.0,1,458.8,466.2,21,450.2,464.0,0.0,0.0,0.0,0.0,223
2023-05-11 09:39:41,MO2312-P-6800,MO2312-P-6800,450.2,0.0,0.0,0.0,1,458.8,466.2,6,450.2,464.0,0.0,0.0,0.0,0.0,223
2023-05-11 09:39:42,MO2312-P-6800,MO2312-P-6800,450.2,0.0,0.0,0.0,1,458.8,466.4,22,450.2,464.0,0.0,0.0,0.0,0.0,223
2023-05-11 09:39:42,MO2312-P-6800,MO2312-P-6800,450.2,0.0,0.0,0.0,1,458.8,466.4,7,450.2,464.0,0.0,0.0,0.0,0.0,223
2023-05-11 09:39:43,MO2312-P-6800,MO2312-P-6800,450.2,0.0,0.0,0.0,1,458.8,466.4,1,450.2,464.0,0.0,0.0,0.0,0.0,223
2023-05-11 09:39:46,MO2312-P-6800,MO2312-P-6800,450.2,0.0,0.0,0.0,1,458.8,466.2,6,450.2,464.0,0.0,0.0,0.0,0.0,223
2023-05-11 09:39:52,MO2312-P-6800,MO2312-P-6800,450.2,0.0,0.0,0.0,1,459.0,466.2,6,450.2,464.0,0.0,0.0,0.0,0.0,223
2023-05-11 09:39:55,MO2312-P-6800,MO2312-P-6800,450.2,0.0,0.0,0.0,1,459.0,464.4,1,450.2,464.0,0.0,0.0,0.0,0.0,223
2023-05-11 09:40:02,MO2312-P-6800,MO2312-P-6800,450.2,0.0,0.0,0.0,12,458.0,464.4,1,450.2,464.0,0.0,0.0,0.0,0.0,223
2023-05-11 09:40:02,MO2312-P-6800,MO2312-P-6800,450.2,0.0,0.0,0.0,24,457.8,464.4,1,450.2,464.0,0.0,0.0,0.0,0.0,223
2023-05-11 09:40:03,MO2312-P-6800,MO2312-P-6800,450.2,0.0,0.0,0.0,6,457.8,464.4,1,450.2,464.0,0.0,0.0,0.0,0.0,223
2023-05-11 09:40:03,MO2312-P-6800,MO2312-P-6800,450.2,0.0,0.0,0.0,24,457.6,464.4,1,450.2,464.0,0.0,0.0,0.0,0.0,223
2023-05-11 09:40:04,MO2312-P-6800,MO2312-P-6800,450.2,0.0,0.0,0.0,6,457.6,464.4,1,450.2,464.0,0.0,0.0,0.0,0.0,223
2023-05-11 09:40:04,MO2312-P-6800,MO2312-P-6800,450.2,0.0,0.0,0.0,6,457.2,464.2,6,450.2,464.0,0.0,0.0,0.0,0.0,223
2023-05-11 09:40:05,MO2312-P-6800,MO2312-P-6800,450.2,0.0,0.0,0.0,6,457.4,464.2,6,450.2,464.0,0.0,0.0,0.0,0.0,223
2023-05-11 09:40:05,MO2312-P-6800,MO2312-P-6800,450.2,0.0,0.0,0.0,6,457.2,464.2,6,450.2,464.0,0.0,0.0,0.0,0.0,223
2023-05-11 09:40:15,MO2312-P-6800,MO2312-P-6800,450.2,0.0,0.0,0.0,7,457.2,464.2,6,450.2,464.0,0.0,0.0,0.0,0.0,223
2023-05-11 09:40:16,MO2312-P-6800,MO2312-P-6800,450.2,0.0,0.0,0.0,1,457.2,464.2,6,450.2,464.0,0.0,0.0,0.0,0.0,223
2023-05-11 09:40:16,MO2312-P-6800,MO2312-P-6800,450.2,0.0,0.0,0.0,7,457.2,464.2,6,450.2,464.0,0.0,0.0,0.0,0.0,223
2023-05-11 09:40:17,MO2312-P-6800,MO2312-P-6800,450.2,0.0,0.0,0.0,7,457.2,462.4,1,450.2,464.0,0.0,0.0,0.0,0.0,223
2023-05-11 09:40:17,MO2312-P-6800,MO2312-P-6800,450.2,0.0,0.0,0.0,1,457.2,462.4,1,450.2,464.0,0.0,0.0,0.0,0.0,223
2023-05-11 09:40:18,MO2312-P-6800,MO2312-P-6800,450.2,0.0,0.0,0.0,18,456.8,462.6,21,450.2,464.0,0.0,0.0,0.0,0.0,223
2023-05-11 09:40:19,MO2312-P-6800,MO2312-P-6800,450.2,0.0,0.0,0.0,6,456.8,462.6,12,450.2,464.0,0.0,0.0,0.0,0.0,223
2023-05-11 09:40:19,MO2312-P-6800,MO2312-P-6800,450.2,0.0,0.0,0.0,12,456.6,462.8,27,450.2,464.0,0.0,0.0,0.0,0.0,223
2023-05-11 09:40:20,MO2312-P-6800,MO2312-P-6800,450.2,0.0,0.0,0.0,6,456.4,462.8,12,450.2,464.0,0.0,0.0,0.0,0.0,223
2023-05-11 09:40:20,MO2312-P-6800,MO2312-P-6800,450.2,0.0,0.0,0.0,25,456.2,463.0,33,450.2,464.0,0.0,0.0,0.0,0.0,223
2023-05-11 09:40:21,MO2312-P-6800,MO2312-P-6800,450.2,0.0,0.0,0.0,13,456.2,463.0,18,450.2,464.0,0.0,0.0,0.0,0.0,223
2023-05-11 09:40:21,MO2312-P-6800,MO2312-P-6800,450.2,0.0,0.0,0.0,13,456.2,463.0,12,450.2,464.0,0.0,0.0,0.0,0.0,223
2023-05-11 09:40:22,MO2312-P-6800,MO2312-P-6800,450.2,0.0,0.0,0.0,13,456.2,463.0,6,450.2,464.0,0.0,0.0,0.0,0.0,223
2023-05-11 09:40:23,MO2312-P-6800,MO2312-P-6800,450.2,0.0,0.0,0.0,13,456.2,461.4,1,450.2,464.0,0.0,0.0,0.0,0.0,223
2023-05-11 09:40:23,MO2312-P-6800,MO2312-P-6800,450.2,0.0,0.0,0.0,7,456.2,461.4,1,450.2,464.0,0.0,0.0,0.0,0.0,223
2023-05-11 09:40:24,MO2312-P-6800,MO2312-P-6800,450.2,0.0,0.0,0.0,1,456.2,461.4,1,450.2,464.0,0.0,0.0,0.0,0.0,223
2023-05-11 09:40:28,MO2312-P-6800,MO2312-P-6800,450.2,0.0,0.0,0.0,1,455.6,461.4,1,450.2,464.0,0.0,0.0,0.0,0.0,223
2023-05-11 09:40:38,MO2312-P-6800,MO2312-P-6800,450.2,0.0,0.0,0.0,2,455.6,461.6,15,450.2,464.0,0.0,0.0,0.0,0.0,223
2023-05-11 09:40:38,MO2312-P-6800,MO2312-P-6800,450.2,0.0,0.0,0.0,2,455.6,462.0,12,450.2,464.0,0.0,0.0,0.0,0.0,223
2023-05-11 09:40:39,MO2312-P-6800,MO2312-P-6800,450.2,0.0,0.0,0.0,2,455.6,462.0,6,450.2,464.0,0.0,0.0,0.0,0.0,223
2023-05-11 09:40:39,MO2312-P-6800,MO2312-P-6800,450.2,0.0,0.0,0.0,2,455.6,462.2,21,450.2,464.0,0.0,0.0,0.0,0.0,223
2023-05-11 09:40:40,MO2312-P-6800,MO2312-P-6800,450.2,0.0,0.0,0.0,1,455.8,462.2,6,450.2,464.0,0.0,0.0,0.0,0.0,223
2023-05-11 09:40:40,MO2312-P-6800,MO2312-P-6800,450.2,0.0,0.0,0.0,1,455.8,462.4,21,450.2,464.0,0.0,0.0,0.0,0.0,223
2023-05-11 09:40:41,MO2312-P-6800,MO2312-P-6800,450.2,0.0,0.0,0.0,1,455.8,462.4,6,450.2,464.0,0.0,0.0,0.0,0.0,223
2023-05-11 09:40:41,MO2312-P-6800,MO2312-P-6800,450.2,0.0,0.0,0.0,1,455.8,462.6,21,450.2,464.0,0.0,0.0,0.0,0.0,223
2023-05-11 09:40:42,MO2312-P-6800,MO2312-P-6800,450.2,0.0,0.0,0.0,1,455.8,462.6,6,450.2,464.0,0.0,0.0,0.0,0.0,223
2023-05-11 09:40:42,MO2312-P-6800,MO2312-P-6800,450.2,0.0,0.0,0.0,1,455.8,462.8,21,450.2,464.0,0.0,0.0,0.0,0.0,223
2023-05-11 09:40:43,MO2312-P-6800,MO2312-P-6800,450.2,0.0,0.0,0.0,1,455.8,462.8,6,450.2,464.0,0.0,0.0,0.0,0.0,223
2023-05-11 09:40:43,MO2312-P-6800,MO2312-P-6800,450.2,0.0,0.0,0.0,1,455.8,463.0,27,450.2,464.0,0.0,0.0,0.0,0.0,223
2023-05-11 09:40:44,MO2312-P-6800,MO2312-P-6800,450.2,0.0,0.0,0.0,1,455.8,463.0,6,450.2,464.0,0.0,0.0,0.0,0.0,223
2023-05-11 09:40:44,MO2312-P-6800,MO2312-P-6800,450.2,0.0,0.0,0.0,1,455.8,463.2,33,450.2,464.0,0.0,0.0,0.0,0.0,223
2023-05-11 09:40:45,MO2312-P-6800,MO2312-P-6800,450.2,0.0,0.0,0.0,1,455.8,463.2,12,450.2,464.0,0.0,0.0,0.0,0.0,223
2023-05-11 09:40:45,MO2312-P-6800,MO2312-P-6800,450.2,0.0,0.0,0.0,1,455.8,463.4,21,450.2,464.0,0.0,0.0,0.0,0.0,223
2023-05-11 09:40:46,MO2312-P-6800,MO2312-P-6800,450.2,0.0,0.0,0.0,1,455.8,463.4,6,450.2,464.0,0.0,0.0,0.0,0.0,223
2023-05-11 09:40:46,MO2312-P-6800,MO2312-P-6800,450.2,0.0,0.0,0.0,1,455.8,463.6,28,450.2,464.0,0.0,0.0,0.0,0.0,223
2023-05-11 09:40:47,MO2312-P-6800,MO2312-P-6800,450.2,0.0,0.0,0.0,1,455.8,463.6,7,450.2,464.0,0.0,0.0,0.0,0.0,223
2023-05-11 09:40:47,MO2312-P-6800,MO2312-P-6800,450.2,0.0,0.0,0.0,1,455.8,463.6,1,450.2,464.0,0.0,0.0,0.0,0.0,223
2023-05-11 09:40:50,MO2312-P-6800,MO2312-P-6800,450.2,0.0,0.0,0.0,1,456.0,463.6,1,450.2,464.0,0.0,0.0,0.0,0.0,223
2023-05-11 09:40:56,MO2312-P-6800,MO2312-P-6800,450.2,0.0,0.0,0.0,1,456.0,463.8,27,450.2,464.0,0.0,0.0,0.0,0.0,223
2023-05-11 09:40:57,MO2312-P-6800,MO2312-P-6800,450.2,0.0,0.0,0.0,1,456.0,463.8,12,450.2,464.0,0.0,0.0,0.0,0.0,223
2023-05-11 09:40:57,MO2312-P-6800,MO2312-P-6800,450.2,0.0,0.0,0.0,1,456.0,464.0,27,450.2,464.0,0.0,0.0,0.0,0.0,223
2023-05-11 09:40:58,MO2312-P-6800,MO2312-P-6800,450.2,0.0,0.0,0.0,2,456.0,464.0,12,450.2,464.0,0.0,0.0,0.0,0.0,223
2023-05-11 09:40:58,MO2312-P-6800,MO2312-P-6800,450.2,0.0,0.0,0.0,2,456.0,464.2,33,450.2,464.0,0.0,0.0,0.0,0.0,223
2023-05-11 09:40:59,MO2312-P-6800,MO2312-P-6800,450.2,0.0,0.0,0.0,1,456.0,464.2,6,450.2,464.0,0.0,0.0,0.0,0.0,223
2023-05-11 09:40:59,MO2312-P-6800,MO2312-P-6800,450.2,0.0,0.0,0.0,1,456.0,464.4,39,450.2,464.0,0.0,0.0,0.0,0.0,223
2023-05-11 09:41:00,MO2312-P-6800,MO2312-P-6800,450.2,0.0,0.0,0.0,1,456.2,464.4,12,450.2,464.0,0.0,0.0,0.0,0.0,223
2023-05-11 09:41:00,MO2312-P-6800,MO2312-P-6800,450.2,0.0,0.0,0.0,1,456.2,464.6,33,450.2,464.0,0.0,0.0,0.0,0.0,223
2023-05-11 09:41:01,MO2312-P-6800,MO2312-P-6800,450.2,0.0,0.0,0.0,1,456.2,464.6,12,450.2,464.0,0.0,0.0,0.0,0.0,223
2023-05-11 09:41:01,MO2312-P-6800,MO2312-P-6800,450.2,0.0,0.0,0.0,1,456.2,464.8,34,450.2,464.0,0.0,0.0,0.0,0.0,223
2023-05-11 09:41:02,MO2312-P-6800,MO2312-P-6800,450.2,0.0,0.0,0.0,1,456.2,464.8,19,450.2,464.0,0.0,0.0,0.0,0.0,223
2023-05-11 09:41:02,MO2312-P-6800,MO2312-P-6800,450.2,0.0,0.0,0.0,1,456.2,464.8,13,450.2,464.0,0.0,0.0,0.0,0.0,223
2023-05-11 09:41:05,MO2312-P-6800,MO2312-P-6800,450.2,0.0,0.0,0.0,1,456.2,464.8,12,450.2,464.0,0.0,0.0,0.0,0.0,223
2023-05-11 09:41:06,MO2312-P-6800,MO2312-P-6800,450.2,0.0,0.0,0.0,1,457.6,464.8,6,450.2,464.0,0.0,0.0,0.0,0.0,223
2023-05-11 09:41:07,MO2312-P-6800,MO2312-P-6800,450.2,0.0,0.0,0.0,1,457.6,465.0,27,450.2,464.0,0.0,0.0,0.0,0.0,223
2023-05-11 09:41:07,MO2312-P-6800,MO2312-P-6800,450.2,0.0,0.0,0.0,7,457.6,465.0,6,450.2,464.0,0.0,0.0,0.0,0.0,223
2023-05-11 09:41:08,MO2312-P-6800,MO2312-P-6800,450.2,0.0,0.0,0.0,7,457.6,465.2,27,450.2,464.0,0.0,0.0,0.0,0.0,223
2023-05-11 09:41:08,MO2312-P-6800,MO2312-P-6800,450.2,0.0,0.0,0.0,7,457.6,465.2,12,450.2,464.0,0.0,0.0,0.0,0.0,223
2023-05-11 09:41:09,MO2312-P-6800,MO2312-P-6800,450.2,0.0,0.0,0.0,7,457.6,465.4,27,450.2,464.0,0.0,0.0,0.0,0.0,223
2023-05-11 09:41:09,MO2312-P-6800,MO2312-P-6800,450.2,0.0,0.0,0.0,1,457.6,465.4,12,450.2,464.0,0.0,0.0,0.0,0.0,223
2023-05-11 09:41:10,MO2312-P-6800,MO2312-P-6800,450.2,0.0,0.0,0.0,7,457.6,465.6,27,450.2,464.0,0.0,0.0,0.0,0.0,223
2023-05-11 09:41:10,MO2312-P-6800,MO2312-P-6800,450.2,0.0,0.0,0.0,6,457.6,465.6,12,450.2,464.0,0.0,0.0,0.0,0.0,223
2023-05-11 09:41:11,MO2312-P-6800,MO2312-P-6800,450.2,0.0,0.0,0.0,6,457.6,465.8,34,450.2,464.0,0.0,0.0,0.0,0.0,223
2023-05-11 09:41:11,MO2312-P-6800,MO2312-P-6800,450.2,0.0,0.0,0.0,6,457.6,465.8,13,450.2,464.0,0.0,0.0,0.0,0.0,223
2023-05-11 09:41:12,MO2312-P-6800,MO2312-P-6800,450.2,0.0,0.0,0.0,6,457.6,465.8,7,450.2,464.0,0.0,0.0,0.0,0.0,223
2023-05-11 09:41:12,MO2312-P-6800,MO2312-P-6800,450.2,0.0,0.0,0.0,6,457.6,465.8,1,450.2,464.0,0.0,0.0,0.0,0.0,223
2023-05-11 09:41:13,MO2312-P-6800,MO2312-P-6800,450.2,0.0,0.0,0.0,1,458.4,466.0,33,450.2,464.0,0.0,0.0,0.0,0.0,223
2023-05-11 09:41:13,MO2312-P-6800,MO2312-P-6800,450.2,0.0,0.0,0.0,2,458.4,466.0,12,450.2,464.0,0.0,0.0,0.0,0.0,223
2023-05-11 09:41:14,MO2312-P-6800,MO2312-P-6800,450.2,0.0,0.0,0.0,2,458.4,466.2,27,450.2,464.0,0.0,0.0,0.0,0.0,223
2023-05-11 09:41:14,MO2312-P-6800,MO2312-P-6800,450.2,0.0,0.0,0.0,2,458.4,466.2,12,450.2,464.0,0.0,0.0,0.0,0.0,223
2023-05-11 09:41:15,MO2312-P-6800,MO2312-P-6800,450.2,0.0,0.0,0.0,2,458.4,466.4,33,450.2,464.0,0.0,0.0,0.0,0.0,223
2023-05-11 09:41:15,MO2312-P-6800,MO2312-P-6800,450.2,0.0,0.0,0.0,2,458.4,466.4,18,450.2,464.0,0.0,0.0,0.0,0.0,223
2023-05-11 09:41:16,MO2312-P-6800,MO2312-P-6800,450.2,0.0,0.0,0.0,2,458.4,466.4,6,450.2,464.0,0.0,0.0,0.0,0.0,223
2023-05-11 09:41:16,MO2312-P-6800,MO2312-P-6800,450.2,0.0,0.0,0.0,2,458.4,466.6,27,450.2,464.0,0.0,0.0,0.0,0.0,223
2023-05-11 09:41:17,MO2312-P-6800,MO2312-P-6800,450.2,0.0,0.0,0.0,2,458.4,466.6,12,450.2,464.0,0.0,0.0,0.0,0.0,223
2023-05-11 09:41:17,MO2312-P-6800,MO2312-P-6800,450.2,0.0,0.0,0.0,2,458.4,466.8,27,450.2,464.0,0.0,0.0,0.0,0.0,223
2023-05-11 09:41:18,MO2312-P-6800,MO2312-P-6800,450.2,0.0,0.0,0.0,2,458.4,466.8,12,450.2,464.0,0.0,0.0,0.0,0.0,223
2023-05-11 09:41:18,MO2312-P-6800,MO2312-P-6800,450.2,0.0,0.0,0.0,2,458.4,467.0,46,450.2,464.0,0.0,0.0,0.0,0.0,223
2023-05-11 09:41:19,MO2312-P-6800,MO2312-P-6800,450.2,0.0,0.0,0.0,2,458.4,467.0,25,450.2,464.0,0.0,0.0,0.0,0.0,223
2023-05-11 09:41:19,MO2312-P-6800,MO2312-P-6800,450.2,0.0,0.0,0.0,2,458.4,467.0,19,450.2,464.0,0.0,0.0,0.0,0.0,223
2023-05-11 09:41:20,MO2312-P-6800,MO2312-P-6800,450.2,0.0,0.0,0.0,2,458.4,467.0,18,450.2,464.0,0.0,0.0,0.0,0.0,223
2023-05-11 09:41:23,MO2312-P-6800,MO2312-P-6800,450.2,0.0,0.0,0.0,1,458.6,467.0,18,450.2,464.0,0.0,0.0,0.0,0.0,223
2023-05-11 09:41:29,MO2312-P-6800,MO2312-P-6800,450.2,0.0,0.0,0.0,1,458.6,467.0,6,450.2,464.0,0.0,0.0,0.0,0.0,223
2023-05-11 09:41:30,MO2312-P-6800,MO2312-P-6800,450.2,0.0,0.0,0.0,1,458.6,467.2,28,450.2,464.0,0.0,0.0,0.0,0.0,223
2023-05-11 09:41:30,MO2312-P-6800,MO2312-P-6800,450.2,0.0,0.0,0.0,1,458.6,467.2,13,450.2,464.0,0.0,0.0,0.0,0.0,223
2023-05-11 09:41:31,MO2312-P-6800,MO2312-P-6800,450.2,0.0,0.0,0.0,1,458.6,467.2,7,450.2,464.0,0.0,0.0,0.0,0.0,223
2023-05-11 09:41:31,MO2312-P-6800,MO2312-P-6800,450.2,0.0,0.0,0.0,1,458.6,467.2,1,450.2,464.0,0.0,0.0,0.0,0.0,223
2023-05-11 09:41:33,MO2312-P-6800,MO2312-P-6800,450.2,0.0,0.0,0.0,1,458.8,467.2,1,450.2,464.0,0.0,0.0,0.0,0.0,223
2023-05-11 09:41:43,MO2312-P-6800,MO2312-P-6800,450.2,0.0,0.0,0.0,1,459.0,467.2,1,450.2,464.0,0.0,0.0,0.0,0.0,223
2023-05-11 09:41:52,MO2312-P-6800,MO2312-P-6800,450.2,0.0,0.0,0.0,1,459.0,467.0,6,450.2,464.0,0.0,0.0,0.0,0.0,223
2023-05-11 09:41:53,MO2312-P-6800,MO2312-P-6800,450.2,0.0,0.0,0.0,1,459.0,465.0,1,450.2,464.0,0.0,0.0,0.0,0.0,223
2023-05-11 09:41:58,MO2312-P-6800,MO2312-P-6800,450.2,0.0,0.0,0.0,1,459.0,465.2,21,450.2,464.0,0.0,0.0,0.0,0.0,223
2023-05-11 09:41:58,MO2312-P-6800,MO2312-P-6800,450.2,0.0,0.0,0.0,1,459.0,465.2,6,450.2,464.0,0.0,0.0,0.0,0.0,223
2023-05-11 09:41:59,MO2312-P-6800,MO2312-P-6800,450.2,0.0,0.0,0.0,1,459.0,465.4,21,450.2,464.0,0.0,0.0,0.0,0.0,223
2023-05-11 09:41:59,MO2312-P-6800,MO2312-P-6800,450.2,0.0,0.0,0.0,1,459.0,465.4,6,450.2,464.0,0.0,0.0,0.0,0.0,223
2023-05-11 09:42:00,MO2312-P-6800,MO2312-P-6800,450.2,0.0,0.0,0.0,1,459.0,465.6,33,450.2,464.0,0.0,0.0,0.0,0.0,223
2023-05-11 09:42:00,MO2312-P-6800,MO2312-P-6800,450.2,0.0,0.0,0.0,1,459.0,465.6,12,450.2,464.0,0.0,0.0,0.0,0.0,223
2023-05-11 09:42:01,MO2312-P-6800,MO2312-P-6800,450.2,0.0,0.0,0.0,1,459.2,465.6,6,450.2,464.0,0.0,0.0,0.0,0.0,223
2023-05-11 09:42:03,MO2312-P-6800,MO2312-P-6800,450.2,0.0,0.0,0.0,1,459.2,463.8,1,450.2,464.0,0.0,0.0,0.0,0.0,223
2023-05-11 09:42:04,MO2312-P-6800,MO2312-P-6800,450.2,0.0,0.0,0.0,1,458.6,463.8,1,450.2,464.0,0.0,0.0,0.0,0.0,223
2023-05-11 09:42:08,MO2312-P-6800,MO2312-P-6800,450.2,0.0,0.0,0.0,1,457.8,463.8,1,450.2,464.0,0.0,0.0,0.0,0.0,223
2023-05-11 09:42:12,MO2312-P-6800,MO2312-P-6800,450.2,0.0,0.0,0.0,12,457.4,463.8,1,450.2,464.0,0.0,0.0,0.0,0.0,223
2023-05-11 09:42:12,MO2312-P-6800,MO2312-P-6800,450.2,0.0,0.0,0.0,18,457.2,463.8,1,450.2,464.0,0.0,0.0,0.0,0.0,223
2023-05-11 09:42:13,MO2312-P-6800,MO2312-P-6800,450.2,0.0,0.0,0.0,6,457.2,463.8,1,450.2,464.0,0.0,0.0,0.0,0.0,223
2023-05-11 09:42:13,MO2312-P-6800,MO2312-P-6800,450.2,0.0,0.0,0.0,13,456.6,463.8,1,450.2,464.0,0.0,0.0,0.0,0.0,223
2023-05-11 09:42:14,MO2312-P-6800,MO2312-P-6800,450.2,0.0,0.0,0.0,7,456.6,463.8,1,450.2,464.0,0.0,0.0,0.0,0.0,223
2023-05-11 09:42:14,MO2312-P-6800,MO2312-P-6800,450.2,0.0,0.0,0.0,1,456.6,463.8,1,450.2,464.0,0.0,0.0,0.0,0.0,223
2023-05-11 09:42:17,MO2312-P-6800,MO2312-P-6800,450.2,0.0,0.0,0.0,2,456.6,464.0,15,450.2,464.0,0.0,0.0,0.0,0.0,223
2023-05-11 09:42:18,MO2312-P-6800,MO2312-P-6800,450.2,0.0,0.0,0.0,2,456.6,464.2,18,450.2,464.0,0.0,0.0,0.0,0.0,223
2023-05-11 09:42:18,MO2312-P-6800,MO2312-P-6800,450.2,0.0,0.0,0.0,2,456.6,464.2,6,450.2,464.0,0.0,0.0,0.0,0.0,223
2023-05-11 09:42:19,MO2312-P-6800,MO2312-P-6800,450.2,0.0,0.0,0.0,1,456.6,464.4,21,450.2,464.0,0.0,0.0,0.0,0.0,223
2023-05-11 09:42:19,MO2312-P-6800,MO2312-P-6800,450.2,0.0,0.0,0.0,1,456.6,464.4,6,450.2,464.0,0.0,0.0,0.0,0.0,223
2023-05-11 09:42:20,MO2312-P-6800,MO2312-P-6800,450.2,0.0,0.0,0.0,1,456.6,464.6,27,450.2,464.0,0.0,0.0,0.0,0.0,223
2023-05-11 09:42:20,MO2312-P-6800,MO2312-P-6800,450.2,0.0,0.0,0.0,1,456.6,464.6,12,450.2,464.0,0.0,0.0,0.0,0.0,223
2023-05-11 09:42:21,MO2312-P-6800,MO2312-P-6800,450.2,0.0,0.0,0.0,1,456.6,464.4,6,450.2,464.0,0.0,0.0,0.0,0.0,223
2023-05-11 09:42:22,MO2312-P-6800,MO2312-P-6800,450.2,0.0,0.0,0.0,6,456.2,464.4,6,450.2,464.0,0.0,0.0,0.0,0.0,223
2023-05-11 09:42:22,MO2312-P-6800,MO2312-P-6800,450.2,0.0,0.0,0.0,12,456.0,462.6,1,450.2,464.0,0.0,0.0,0.0,0.0,223
2023-05-11 09:42:23,MO2312-P-6800,MO2312-P-6800,450.2,0.0,0.0,0.0,18,455.8,462.8,15,450.2,464.0,0.0,0.0,0.0,0.0,223
2023-05-11 09:42:23,MO2312-P-6800,MO2312-P-6800,450.2,0.0,0.0,0.0,6,455.8,462.8,6,450.2,464.0,0.0,0.0,0.0,0.0,223
2023-05-11 09:42:24,MO2312-P-6800,MO2312-P-6800,450.2,0.0,0.0,0.0,12,455.4,463.0,15,450.2,464.0,0.0,0.0,0.0,0.0,223
2023-05-11 09:42:24,MO2312-P-6800,MO2312-P-6800,450.2,0.0,0.0,0.0,20,455.2,463.0,6,450.2,464.0,0.0,0.0,0.0,0.0,223
2023-05-11 09:42:25,MO2312-P-6800,MO2312-P-6800,450.2,0.0,0.0,0.0,8,455.2,463.2,21,450.2,464.0,0.0,0.0,0.0,0.0,223
2023-05-11 09:42:25,MO2312-P-6800,MO2312-P-6800,450.2,0.0,0.0,0.0,2,455.2,463.2,12,450.2,464.0,0.0,0.0,0.0,0.0,223
2023-05-11 09:42:26,MO2312-P-6800,MO2312-P-6800,450.2,0.0,0.0,0.0,2,455.2,463.2,6,450.2,464.0,0.0,0.0,0.0,0.0,223
2023-05-11 09:42:28,MO2312-P-6800,MO2312-P-6800,450.2,0.0,0.0,0.0,1,455.2,461.0,1,450.2,464.0,0.0,0.0,0.0,0.0,223
2023-05-11 09:42:33,MO2312-P-6800,MO2312-P-6800,450.2,0.0,0.0,0.0,1,455.4,461.0,1,450.2,464.0,0.0,0.0,0.0,0.0,223
2023-05-11 09:42:38,MO2312-P-6800,MO2312-P-6800,450.2,0.0,0.0,0.0,1,455.4,461.2,27,450.2,464.0,0.0,0.0,0.0,0.0,223
2023-05-11 09:42:38,MO2312-P-6800,MO2312-P-6800,450.2,0.0,0.0,0.0,1,455.4,461.2,12,450.2,464.0,0.0,0.0,0.0,0.0,223
2023-05-11 09:42:39,MO2312-P-6800,MO2312-P-6800,450.2,0.0,0.0,0.0,1,455.4,461.4,21,450.2,464.0,0.0,0.0,0.0,0.0,223
2023-05-11 09:42:39,MO2312-P-6800,MO2312-P-6800,450.2,0.0,0.0,0.0,1,455.4,461.4,6,450.2,464.0,0.0,0.0,0.0,0.0,223
2023-05-11 09:42:40,MO2312-P-6800,MO2312-P-6800,450.2,0.0,0.0,0.0,1,455.4,461.6,21,450.2,464.0,0.0,0.0,0.0,0.0,223
2023-05-11 09:42:40,MO2312-P-6800,MO2312-P-6800,450.2,0.0,0.0,0.0,2,455.4,461.6,6,450.2,464.0,0.0,0.0,0.0,0.0,223
2023-05-11 09:42:41,MO2312-P-6800,MO2312-P-6800,450.2,0.0,0.0,0.0,1,455.4,461.8,33,450.2,464.0,0.0,0.0,0.0,0.0,223
2023-05-11 09:42:41,MO2312-P-6800,MO2312-P-6800,450.2,0.0,0.0,0.0,1,455.4,461.8,12,450.2,464.0,0.0,0.0,0.0,0.0,223
2023-05-11 09:42:42,MO2312-P-6800,MO2312-P-6800,450.2,0.0,0.0,0.0,1,455.4,462.0,27,450.2,464.0,0.0,0.0,0.0,0.0,223
2023-05-11 09:42:42,MO2312-P-6800,MO2312-P-6800,450.2,0.0,0.0,0.0,1,455.4,462.0,12,450.2,464.0,0.0,0.0,0.0,0.0,223
2023-05-11 09:42:43,MO2312-P-6800,MO2312-P-6800,450.2,0.0,0.0,0.0,1,455.6,461.8,1,450.2,464.0,0.0,0.0,0.0,0.0,223
2023-05-11 09:42:53,MO2312-P-6800,MO2312-P-6800,450.2,0.0,0.0,0.0,1,455.8,462.0,15,450.2,464.0,0.0,0.0,0.0,0.0,223
2023-05-11 09:42:53,MO2312-P-6800,MO2312-P-6800,450.2,0.0,0.0,0.0,1,455.8,462.2,12,450.2,464.0,0.0,0.0,0.0,0.0,223
2023-05-11 09:42:54,MO2312-P-6800,MO2312-P-6800,450.2,0.0,0.0,0.0,1,455.8,462.4,27,450.2,464.0,0.0,0.0,0.0,0.0,223
2023-05-11 09:42:54,MO2312-P-6800,MO2312-P-6800,450.2,0.0,0.0,0.0,1,455.8,462.4,12,450.2,464.0,0.0,0.0,0.0,0.0,223
2023-05-11 09:42:55,MO2312-P-6800,MO2312-P-6800,450.2,0.0,0.0,0.0,1,455.8,462.6,27,450.2,464.0,0.0,0.0,0.0,0.0,223
2023-05-11 09:42:55,MO2312-P-6800,MO2312-P-6800,450.2,0.0,0.0,0.0,1,455.8,462.6,12,450.2,464.0,0.0,0.0,0.0,0.0,223
2023-05-11 09:42:56,MO2312-P-6800,MO2312-P-6800,450.2,0.0,0.0,0.0,1,455.8,462.8,27,450.2,464.0,0.0,0.0,0.0,0.0,223
2023-05-11 09:42:56,MO2312-P-6800,MO2312-P-6800,450.2,0.0,0.0,0.0,1,455.8,462.8,12,450.2,464.0,0.0,0.0,0.0,0.0,223
2023-05-11 09:42:57,MO2312-P-6800,MO2312-P-6800,450.2,0.0,0.0,0.0,1,455.8,463.0,27,450.2,464.0,0.0,0.0,0.0,0.0,223
2023-05-11 09:42:57,MO2312-P-6800,MO2312-P-6800,450.2,0.0,0.0,0.0,1,455.8,463.0,12,450.2,464.0,0.0,0.0,0.0,0.0,223
2023-05-11 09:42:58,MO2312-P-6800,MO2312-P-6800,450.2,0.0,0.0,0.0,1,455.8,462.8,1,450.2,464.0,0.0,0.0,0.0,0.0,223
2023-05-11 09:43:03,MO2312-P-6800,MO2312-P-6800,450.2,0.0,0.0,0.0,1,456.0,462.8,1,450.2,464.0,0.0,0.0,0.0,0.0,223
2023-05-11 09:43:07,MO2312-P-6800,MO2312-P-6800,450.2,0.0,0.0,0.0,1,456.0,462.8,7,450.2,464.0,0.0,0.0,0.0,0.0,223
2023-05-11 09:43:09,MO2312-P-6800,MO2312-P-6800,450.2,0.0,0.0,0.0,1,456.0,462.8,1,450.2,464.0,0.0,0.0,0.0,0.0,223
2023-05-11 09:43:11,MO2312-P-6800,MO2312-P-6800,450.2,0.0,0.0,0.0,1,456.0,463.0,15,450.2,464.0,0.0,0.0,0.0,0.0,223
2023-05-11 09:43:11,MO2312-P-6800,MO2312-P-6800,450.2,0.0,0.0,0.0,1,456.0,463.2,18,450.2,464.0,0.0,0.0,0.0,0.0,223
2023-05-11 09:43:12,MO2312-P-6800,MO2312-P-6800,450.2,0.0,0.0,0.0,1,456.0,463.2,6,450.2,464.0,0.0,0.0,0.0,0.0,223
2023-05-11 09:43:12,MO2312-P-6800,MO2312-P-6800,450.2,0.0,0.0,0.0,1,456.0,463.4,33,450.2,464.0,0.0,0.0,0.0,0.0,223
2023-05-11 09:43:13,MO2312-P-6800,MO2312-P-6800,450.2,0.0,0.0,0.0,1,456.2,463.4,12,450.2,464.0,0.0,0.0,0.0,0.0,223
2023-05-11 09:43:13,MO2312-P-6800,MO2312-P-6800,450.2,0.0,0.0,0.0,1,456.2,463.6,27,450.2,464.0,0.0,0.0,0.0,0.0,223
2023-05-11 09:43:14,MO2312-P-6800,MO2312-P-6800,450.2,0.0,0.0,0.0,1,456.2,463.6,12,450.2,464.0,0.0,0.0,0.0,0.0,223
2023-05-11 09:43:14,MO2312-P-6800,MO2312-P-6800,450.2,0.0,0.0,0.0,1,456.2,463.8,33,450.2,464.0,0.0,0.0,0.0,0.0,223
2023-05-11 09:43:15,MO2312-P-6800,MO2312-P-6800,450.2,0.0,0.0,0.0,1,456.2,463.8,12,450.2,464.0,0.0,0.0,0.0,0.0,223
2023-05-11 09:43:15,MO2312-P-6800,MO2312-P-6800,450.2,0.0,0.0,0.0,1,456.2,464.0,27,450.2,464.0,0.0,0.0,0.0,0.0,223
2023-05-11 09:43:16,MO2312-P-6800,MO2312-P-6800,450.2,0.0,0.0,0.0,1,456.2,464.0,12,450.2,464.0,0.0,0.0,0.0,0.0,223
2023-05-11 09:43:16,MO2312-P-6800,MO2312-P-6800,450.2,0.0,0.0,0.0,1,456.2,464.2,33,450.2,464.0,0.0,0.0,0.0,0.0,223
2023-05-11 09:43:17,MO2312-P-6800,MO2312-P-6800,450.2,0.0,0.0,0.0,1,456.2,464.2,18,450.2,464.0,0.0,0.0,0.0,0.0,223
2023-05-11 09:43:17,MO2312-P-6800,MO2312-P-6800,450.2,0.0,0.0,0.0,1,456.2,464.2,12,450.2,464.0,0.0,0.0,0.0,0.0,223
2023-05-11 09:43:18,MO2312-P-6800,MO2312-P-6800,450.2,0.0,0.0,0.0,1,456.2,464.2,6,450.2,464.0,0.0,0.0,0.0,0.0,223
2023-05-11 09:43:23,MO2312-P-6800,MO2312-P-6800,450.2,0.0,0.0,0.0,1,456.4,464.2,6,450.2,464.0,0.0,0.0,0.0,0.0,223
2023-05-11 09:43:24,MO2312-P-6800,MO2312-P-6800,450.2,0.0,0.0,0.0,1,456.4,464.4,27,450.2,464.0,0.0,0.0,0.0,0.0,223
2023-05-11 09:43:24,MO2312-P-6800,MO2312-P-6800,450.2,0.0,0.0,0.0,1,456.4,464.4,12,450.2,464.0,0.0,0.0,0.0,0.0,223
2023-05-11 09:43:25,MO2312-P-6800,MO2312-P-6800,450.2,0.0,0.0,0.0,1,456.4,464.6,34,450.2,464.0,0.0,0.0,0.0,0.0,223
2023-05-11 09:43:25,MO2312-P-6800,MO2312-P-6800,450.2,0.0,0.0,0.0,1,456.4,464.6,13,450.2,464.0,0.0,0.0,0.0,0.0,223
2023-05-11 09:43:26,MO2312-P-6800,MO2312-P-6800,450.2,0.0,0.0,0.0,1,456.4,464.6,7,450.2,464.0,0.0,0.0,0.0,0.0,223
2023-05-11 09:43:26,MO2312-P-6800,MO2312-P-6800,450.2,0.0,0.0,0.0,1,456.4,464.6,1,450.2,464.0,0.0,0.0,0.0,0.0,223
2023-05-11 09:43:33,MO2312-P-6800,MO2312-P-6800,450.2,0.0,0.0,0.0,1,456.6,464.6,1,450.2,464.0,0.0,0.0,0.0,0.0,223
2023-05-11 09:43:43,MO2312-P-6800,MO2312-P-6800,450.2,0.0,0.0,0.0,1,456.8,464.6,1,450.2,464.0,0.0,0.0,0.0,0.0,223
2023-05-11 09:43:43,MO2312-P-6800,MO2312-P-6800,450.2,0.0,0.0,0.0,7,456.8,464.6,1,450.2,464.0,0.0,0.0,0.0,0.0,223
2023-05-11 09:43:52,MO2312-P-6800,MO2312-P-6800,450.2,0.0,0.0,0.0,1,456.8,464.4,6,450.2,464.0,0.0,0.0,0.0,0.0,223
2023-05-11 09:43:53,MO2312-P-6800,MO2312-P-6800,450.2,0.0,0.0,0.0,1,457.0,464.4,6,450.2,464.0,0.0,0.0,0.0,0.0,223
2023-05-11 09:43:55,MO2312-P-6800,MO2312-P-6800,450.2,0.0,0.0,0.0,7,457.0,464.4,6,450.2,464.0,0.0,0.0,0.0,0.0,223
2023-05-11 09:43:57,MO2312-P-6800,MO2312-P-6800,450.2,0.0,0.0,0.0,1,457.2,464.4,6,450.2,464.0,0.0,0.0,0.0,0.0,223
2023-05-11 09:44:08,MO2312-P-6800,MO2312-P-6800,450.2,0.0,0.0,0.0,7,457.0,464.4,6,450.2,464.0,0.0,0.0,0.0,0.0,223
2023-05-11 09:44:09,MO2312-P-6800,MO2312-P-6800,450.2,0.0,0.0,0.0,1,457.2,464.4,6,450.2,464.0,0.0,0.0,0.0,0.0,223
2023-05-11 09:44:19,MO2312-P-6800,MO2312-P-6800,450.2,0.0,0.0,0.0,1,457.4,464.4,6,450.2,464.0,0.0,0.0,0.0,0.0,223
2023-05-11 09:44:29,MO2312-P-6800,MO2312-P-6800,450.2,0.0,0.0,0.0,1,457.6,464.6,16,450.2,464.0,0.0,0.0,0.0,0.0,223
2023-05-11 09:44:29,MO2312-P-6800,MO2312-P-6800,450.2,0.0,0.0,0.0,1,457.6,464.6,1,450.2,464.0,0.0,0.0,0.0,0.0,223
2023-05-11 09:44:39,MO2312-P-6800,MO2312-P-6800,450.2,0.0,0.0,0.0,1,457.8,464.6,1,450.2,464.0,0.0,0.0,0.0,0.0,223
2023-05-11 09:44:49,MO2312-P-6800,MO2312-P-6800,450.2,0.0,0.0,0.0,1,458.0,464.6,1,450.2,464.0,0.0,0.0,0.0,0.0,223
2023-05-11 09:44:59,MO2312-P-6800,MO2312-P-6800,450.2,0.0,0.0,0.0,1,458.2,464.8,21,450.2,464.0,0.0,0.0,0.0,0.0,223
2023-05-11 09:44:59,MO2312-P-6800,MO2312-P-6800,450.2,0.0,0.0,0.0,1,458.2,465.0,15,450.2,464.0,0.0,0.0,0.0,0.0,223
2023-05-11 09:45:00,MO2312-P-6800,MO2312-P-6800,450.2,0.0,0.0,0.0,1,458.2,465.2,12,450.2,464.0,0.0,0.0,0.0,0.0,223
2023-05-11 09:45:00,MO2312-P-6800,MO2312-P-6800,450.2,0.0,0.0,0.0,1,458.2,465.4,21,450.2,464.0,0.0,0.0,0.0,0.0,223
2023-05-11 09:45:01,MO2312-P-6800,MO2312-P-6800,450.2,0.0,0.0,0.0,1,458.4,465.6,27,450.2,464.0,0.0,0.0,0.0,0.0,223
2023-05-11 09:45:01,MO2312-P-6800,MO2312-P-6800,450.2,0.0,0.0,0.0,1,458.2,465.8,15,450.2,464.0,0.0,0.0,0.0,0.0,223
2023-05-11 09:45:02,MO2312-P-6800,MO2312-P-6800,450.2,0.0,0.0,0.0,2,458.2,466.2,15,450.2,464.0,0.0,0.0,0.0,0.0,223
2023-05-11 09:45:02,MO2312-P-6800,MO2312-P-6800,450.2,0.0,0.0,0.0,1,458.2,466.4,12,450.2,464.0,0.0,0.0,0.0,0.0,223
2023-05-11 09:45:03,MO2312-P-6800,MO2312-P-6800,450.2,0.0,0.0,0.0,1,458.2,466.6,27,450.2,464.0,0.0,0.0,0.0,0.0,223
2023-05-11 09:45:03,MO2312-P-6800,MO2312-P-6800,450.2,0.0,0.0,0.0,1,458.2,466.6,12,450.2,464.0,0.0,0.0,0.0,0.0,223
2023-05-11 09:45:04,MO2312-P-6800,MO2312-P-6800,450.2,0.0,0.0,0.0,1,458.2,466.8,27,450.2,464.0,0.0,0.0,0.0,0.0,223
2023-05-11 09:45:04,MO2312-P-6800,MO2312-P-6800,450.2,0.0,0.0,0.0,2,458.2,466.8,12,450.2,464.0,0.0,0.0,0.0,0.0,223
2023-05-11 09:45:05,MO2312-P-6800,MO2312-P-6800,450.2,0.0,0.0,0.0,1,460.0,467.0,27,450.2,464.0,0.0,0.0,0.0,0.0,223
2023-05-11 09:45:05,MO2312-P-6800,MO2312-P-6800,450.2,0.0,0.0,0.0,1,460.0,467.0,12,450.2,464.0,0.0,0.0,0.0,0.0,223
2023-05-11 09:45:06,MO2312-P-6800,MO2312-P-6800,450.2,0.0,0.0,0.0,1,460.0,467.2,27,450.2,464.0,0.0,0.0,0.0,0.0,223
2023-05-11 09:45:06,MO2312-P-6800,MO2312-P-6800,450.2,0.0,0.0,0.0,7,460.0,467.2,6,450.2,464.0,0.0,0.0,0.0,0.0,223
2023-05-11 09:45:07,MO2312-P-6800,MO2312-P-6800,450.2,0.0,0.0,0.0,7,460.0,467.4,15,450.2,464.0,0.0,0.0,0.0,0.0,223
2023-05-11 09:45:07,MO2312-P-6800,MO2312-P-6800,450.2,0.0,0.0,0.0,7,460.0,467.8,12,450.2,464.0,0.0,0.0,0.0,0.0,223
2023-05-11 09:45:08,MO2312-P-6800,MO2312-P-6800,450.2,0.0,0.0,0.0,7,460.0,468.0,27,450.2,464.0,0.0,0.0,0.0,0.0,223
2023-05-11 09:45:08,MO2312-P-6800,MO2312-P-6800,450.2,0.0,0.0,0.0,7,460.0,468.0,12,450.2,464.0,0.0,0.0,0.0,0.0,223
2023-05-11 09:45:09,MO2312-P-6800,MO2312-P-6800,450.2,0.0,0.0,0.0,7,460.0,468.2,27,450.2,464.0,0.0,0.0,0.0,0.0,223
2023-05-11 09:45:09,MO2312-P-6800,MO2312-P-6800,450.2,0.0,0.0,0.0,7,460.0,468.2,12,450.2,464.0,0.0,0.0,0.0,0.0,223
2023-05-11 09:45:10,MO2312-P-6800,MO2312-P-6800,450.2,0.0,0.0,0.0,7,460.0,468.4,33,450.2,464.0,0.0,0.0,0.0,0.0,223
2023-05-11 09:45:10,MO2312-P-6800,MO2312-P-6800,450.2,0.0,0.0,0.0,7,460.0,468.4,12,450.2,464.0,0.0,0.0,0.0,0.0,223
2023-05-11 09:45:11,MO2312-P-6800,MO2312-P-6800,450.2,0.0,0.0,0.0,7,460.0,468.6,39,450.2,464.0,0.0,0.0,0.0,0.0,223
2023-05-11 09:45:11,MO2312-P-6800,MO2312-P-6800,450.2,0.0,0.0,0.0,7,460.0,468.6,12,450.2,464.0,0.0,0.0,0.0,0.0,223
2023-05-11 09:45:12,MO2312-P-6800,MO2312-P-6800,450.2,0.0,0.0,0.0,7,460.0,468.8,27,450.2,464.0,0.0,0.0,0.0,0.0,223
2023-05-11 09:45:12,MO2312-P-6800,MO2312-P-6800,450.2,0.0,0.0,0.0,7,460.0,468.8,12,450.2,464.0,0.0,0.0,0.0,0.0,223
2023-05-11 09:45:13,MO2312-P-6800,MO2312-P-6800,450.2,0.0,0.0,0.0,7,460.0,469.0,27,450.2,464.0,0.0,0.0,0.0,0.0,223
2023-05-11 09:45:13,MO2312-P-6800,MO2312-P-6800,450.2,0.0,0.0,0.0,7,460.0,469.0,12,450.2,464.0,0.0,0.0,0.0,0.0,223
2023-05-11 09:45:14,MO2312-P-6800,MO2312-P-6800,450.2,0.0,0.0,0.0,7,460.0,469.2,39,450.2,464.0,0.0,0.0,0.0,0.0,223
2023-05-11 09:45:14,MO2312-P-6800,MO2312-P-6800,450.2,0.0,0.0,0.0,7,460.0,469.2,18,450.2,464.0,0.0,0.0,0.0,0.0,223
2023-05-11 09:45:15,MO2312-P-6800,MO2312-P-6800,450.2,0.0,0.0,0.0,7,460.0,469.2,12,450.2,464.0,0.0,0.0,0.0,0.0,223
2023-05-11 09:45:15,MO2312-P-6800,MO2312-P-6800,450.2,0.0,0.0,0.0,7,460.0,469.2,6,450.2,464.0,0.0,0.0,0.0,0.0,223
2023-05-11 09:45:16,MO2312-P-6800,MO2312-P-6800,450.2,0.0,0.0,0.0,7,460.0,469.0,2,450.2,464.0,0.0,0.0,0.0,0.0,223
2023-05-11 09:45:18,MO2312-P-6800,MO2312-P-6800,450.2,0.0,0.0,0.0,7,460.0,469.0,3,450.2,464.0,0.0,0.0,0.0,0.0,223
2023-05-11 09:45:19,MO2312-P-6800,MO2312-P-6800,450.2,0.0,0.0,0.0,8,460.0,469.0,3,450.2,464.0,0.0,0.0,0.0,0.0,223
2023-05-11 09:45:29,MO2312-P-6800,MO2312-P-6800,450.2,0.0,0.0,0.0,1,460.2,469.0,3,450.2,464.0,0.0,0.0,0.0,0.0,223
2023-05-11 09:45:35,MO2312-P-6800,MO2312-P-6800,450.2,0.0,0.0,0.0,1,460.2,468.8,6,450.2,464.0,0.0,0.0,0.0,0.0,223
2023-05-11 09:45:36,MO2312-P-6800,MO2312-P-6800,450.2,0.0,0.0,0.0,1,460.2,468.6,1,450.2,464.0,0.0,0.0,0.0,0.0,223
2023-05-11 09:45:39,MO2312-P-6800,MO2312-P-6800,450.2,0.0,0.0,0.0,12,459.8,468.6,1,450.2,464.0,0.0,0.0,0.0,0.0,223
2023-05-11 09:45:39,MO2312-P-6800,MO2312-P-6800,450.2,0.0,0.0,0.0,6,459.8,468.6,1,450.2,464.0,0.0,0.0,0.0,0.0,223
2023-05-11 09:45:42,MO2312-P-6800,MO2312-P-6800,450.2,0.0,0.0,0.0,6,460.0,468.6,1,450.2,464.0,0.0,0.0,0.0,0.0,223
2023-05-11 09:45:44,MO2312-P-6800,MO2312-P-6800,450.2,0.0,0.0,0.0,7,460.0,468.6,1,450.2,464.0,0.0,0.0,0.0,0.0,223
2023-05-11 09:45:51,MO2312-P-6800,MO2312-P-6800,450.2,0.0,0.0,0.0,7,460.0,468.8,27,450.2,464.0,0.0,0.0,0.0,0.0,223
2023-05-11 09:45:51,MO2312-P-6800,MO2312-P-6800,450.2,0.0,0.0,0.0,7,460.0,468.8,12,450.2,464.0,0.0,0.0,0.0,0.0,223
2023-05-11 09:45:52,MO2312-P-6800,MO2312-P-6800,450.2,0.0,0.0,0.0,7,460.0,469.0,42,450.2,464.0,0.0,0.0,0.0,0.0,223
2023-05-11 09:45:52,MO2312-P-6800,MO2312-P-6800,450.2,0.0,0.0,0.0,7,460.0,469.0,21,450.2,464.0,0.0,0.0,0.0,0.0,223
2023-05-11 09:45:53,MO2312-P-6800,MO2312-P-6800,450.2,0.0,0.0,0.0,7,460.0,469.0,15,450.2,464.0,0.0,0.0,0.0,0.0,223
2023-05-11 09:45:54,MO2312-P-6800,MO2312-P-6800,450.2,0.0,0.0,0.0,1,460.2,469.0,15,450.2,464.0,0.0,0.0,0.0,0.0,223
2023-05-11 09:45:55,MO2312-P-6800,MO2312-P-6800,450.2,0.0,0.0,0.0,1,461.8,469.0,15,450.2,464.0,0.0,0.0,0.0,0.0,223
2023-05-11 09:45:56,MO2312-P-6800,MO2312-P-6800,450.2,0.0,0.0,0.0,7,461.8,469.0,3,450.2,464.0,0.0,0.0,0.0,0.0,223
2023-05-11 09:45:57,MO2312-P-6800,MO2312-P-6800,450.2,0.0,0.0,0.0,6,462.0,469.0,1,450.2,464.0,0.0,0.0,0.0,0.0,223
2023-05-11 09:45:57,MO2312-P-6800,MO2312-P-6800,450.2,0.0,0.0,0.0,13,461.8,469.0,1,450.2,464.0,0.0,0.0,0.0,0.0,223
2023-05-11 09:45:59,MO2312-P-6800,MO2312-P-6800,450.2,0.0,0.0,0.0,13,461.8,469.2,15,450.2,464.0,0.0,0.0,0.0,0.0,223
2023-05-11 09:45:59,MO2312-P-6800,MO2312-P-6800,450.2,0.0,0.0,0.0,13,461.8,469.4,18,450.2,464.0,0.0,0.0,0.0,0.0,223
2023-05-11 09:46:00,MO2312-P-6800,MO2312-P-6800,450.2,0.0,0.0,0.0,13,461.8,469.4,6,450.2,464.0,0.0,0.0,0.0,0.0,223
2023-05-11 09:46:00,MO2312-P-6800,MO2312-P-6800,450.2,0.0,0.0,0.0,13,461.8,469.6,39,450.2,464.0,0.0,0.0,0.0,0.0,223
2023-05-11 09:46:01,MO2312-P-6800,MO2312-P-6800,450.2,0.0,0.0,0.0,13,461.8,469.6,12,450.2,464.0,0.0,0.0,0.0,0.0,223
2023-05-11 09:46:01,MO2312-P-6800,MO2312-P-6800,450.2,0.0,0.0,0.0,13,461.8,469.8,39,450.2,464.0,0.0,0.0,0.0,0.0,223
2023-05-11 09:46:02,MO2312-P-6800,MO2312-P-6800,450.2,0.0,0.0,0.0,13,461.8,469.8,13,450.2,464.0,0.0,0.0,0.0,0.0,223
2023-05-11 09:46:02,MO2312-P-6800,MO2312-P-6800,450.2,0.0,0.0,0.0,13,461.8,469.8,7,450.2,464.0,0.0,0.0,0.0,0.0,223
2023-05-11 09:46:03,MO2312-P-6800,MO2312-P-6800,450.2,0.0,0.0,0.0,13,461.8,469.8,1,450.2,464.0,0.0,0.0,0.0,0.0,223
2023-05-11 09:46:06,MO2312-P-6800,MO2312-P-6800,450.2,0.0,0.0,0.0,13,461.8,470.0,33,450.2,464.0,0.0,0.0,0.0,0.0,223
2023-05-11 09:46:06,MO2312-P-6800,MO2312-P-6800,450.2,0.0,0.0,0.0,13,461.8,470.0,18,450.2,464.0,0.0,0.0,0.0,0.0,223
2023-05-11 09:46:07,MO2312-P-6800,MO2312-P-6800,450.2,0.0,0.0,0.0,13,461.8,470.0,12,450.2,464.0,0.0,0.0,0.0,0.0,223
2023-05-11 09:46:07,MO2312-P-6800,MO2312-P-6800,450.2,0.0,0.0,0.0,13,461.8,470.0,6,450.2,464.0,0.0,0.0,0.0,0.0,223
2023-05-11 09:46:08,MO2312-P-6800,MO2312-P-6800,450.2,0.0,0.0,0.0,6,462.0,470.2,39,450.2,464.0,0.0,0.0,0.0,0.0,223
2023-05-11 09:46:08,MO2312-P-6800,MO2312-P-6800,450.2,0.0,0.0,0.0,6,462.0,470.2,12,450.2,464.0,0.0,0.0,0.0,0.0,223
2023-05-11 09:46:09,MO2312-P-6800,MO2312-P-6800,450.2,0.0,0.0,0.0,6,462.0,470.2,6,450.2,464.0,0.0,0.0,0.0,0.0,223
2023-05-11 09:46:11,MO2312-P-6800,MO2312-P-6800,450.2,0.0,0.0,0.0,13,461.8,470.2,6,450.2,464.0,0.0,0.0,0.0,0.0,223
2023-05-11 09:46:15,MO2312-P-6800,MO2312-P-6800,450.2,0.0,0.0,0.0,13,461.8,470.4,27,450.2,464.0,0.0,0.0,0.0,0.0,223
2023-05-11 09:46:15,MO2312-P-6800,MO2312-P-6800,450.2,0.0,0.0,0.0,13,461.8,470.2,6,450.2,464.0,0.0,0.0,0.0,0.0,223
2023-05-11 09:46:16,MO2312-P-6800,MO2312-P-6800,450.2,0.0,0.0,0.0,13,461.8,470.2,7,450.2,464.0,0.0,0.0,0.0,0.0,223
2023-05-11 09:46:17,MO2312-P-6800,MO2312-P-6800,450.2,0.0,0.0,0.0,13,461.8,470.0,2,450.2,464.0,0.0,0.0,0.0,0.0,223
2023-05-11 09:46:18,MO2312-P-6800,MO2312-P-6800,450.2,0.0,0.0,0.0,12,461.8,470.0,2,450.2,464.0,0.0,0.0,0.0,0.0,223
2023-05-11 09:46:18,MO2312-P-6800,MO2312-P-6800,450.2,0.0,0.0,0.0,6,461.8,470.0,2,450.2,464.0,0.0,0.0,0.0,0.0,223
2023-05-11 09:46:20,MO2312-P-6800,MO2312-P-6800,450.2,0.0,0.0,0.0,12,460.2,470.0,2,450.2,464.0,0.0,0.0,0.0,0.0,223
2023-05-11 09:46:20,MO2312-P-6800,MO2312-P-6800,450.2,0.0,0.0,0.0,1,460.2,470.0,2,450.2,464.0,0.0,0.0,0.0,0.0,223
2023-05-11 09:46:25,MO2312-P-6800,MO2312-P-6800,450.2,0.0,0.0,0.0,2,460.2,470.0,2,450.2,464.0,0.0,0.0,0.0,0.0,223
2023-05-11 09:46:25,MO2312-P-6800,MO2312-P-6800,450.2,0.0,0.0,0.0,1,460.2,470.0,2,450.2,464.0,0.0,0.0,0.0,0.0,223
2023-05-11 09:46:28,MO2312-P-6800,MO2312-P-6800,450.2,0.0,0.0,0.0,1,460.8,470.0,2,450.2,464.0,0.0,0.0,0.0,0.0,223
2023-05-11 09:46:35,MO2312-P-6800,MO2312-P-6800,450.2,0.0,0.0,0.0,2,460.8,470.0,2,450.2,464.0,0.0,0.0,0.0,0.0,223
2023-05-11 09:46:45,MO2312-P-6800,MO2312-P-6800,450.2,0.0,0.0,0.0,1,461.0,470.0,2,450.2,464.0,0.0,0.0,0.0,0.0,223
2023-05-11 09:46:52,MO2312-P-6800,MO2312-P-6800,450.2,0.0,0.0,0.0,1,461.0,469.8,6,450.2,464.0,0.0,0.0,0.0,0.0,223
2023-05-11 09:46:55,MO2312-P-6800,MO2312-P-6800,450.2,0.0,0.0,0.0,1,461.2,469.8,6,450.2,464.0,0.0,0.0,0.0,0.0,223
2023-05-11 09:47:05,MO2312-P-6800,MO2312-P-6800,450.2,0.0,0.0,0.0,1,461.4,469.8,6,450.2,464.0,0.0,0.0,0.0,0.0,223
2023-05-11 09:47:15,MO2312-P-6800,MO2312-P-6800,450.2,0.0,0.0,0.0,1,461.6,470.0,21,450.2,464.0,0.0,0.0,0.0,0.0,223
2023-05-11 09:47:16,MO2312-P-6800,MO2312-P-6800,450.2,0.0,0.0,0.0,7,461.6,470.2,21,450.2,464.0,0.0,0.0,0.0,0.0,223
2023-05-11 09:47:16,MO2312-P-6800,MO2312-P-6800,450.2,0.0,0.0,0.0,7,461.6,470.2,6,450.2,464.0,0.0,0.0,0.0,0.0,223
2023-05-11 09:47:17,MO2312-P-6800,MO2312-P-6800,450.2,0.0,0.0,0.0,7,461.6,470.4,33,450.2,464.0,0.0,0.0,0.0,0.0,223
2023-05-11 09:47:17,MO2312-P-6800,MO2312-P-6800,450.2,0.0,0.0,0.0,7,461.6,470.4,12,450.2,464.0,0.0,0.0,0.0,0.0,223
2023-05-11 09:47:18,MO2312-P-6800,MO2312-P-6800,450.2,0.0,0.0,0.0,7,461.6,470.6,51,450.2,464.0,0.0,0.0,0.0,0.0,223
2023-05-11 09:47:18,MO2312-P-6800,MO2312-P-6800,450.2,0.0,0.0,0.0,7,461.6,470.6,24,450.2,464.0,0.0,0.0,0.0,0.0,223
2023-05-11 09:47:19,MO2312-P-6800,MO2312-P-6800,450.2,0.0,0.0,0.0,7,461.6,470.6,18,450.2,464.0,0.0,0.0,0.0,0.0,223
2023-05-11 09:47:20,MO2312-P-6800,MO2312-P-6800,450.2,0.0,0.0,0.0,6,461.6,470.6,19,450.2,464.0,0.0,0.0,0.0,0.0,223
2023-05-11 09:47:21,MO2312-P-6800,MO2312-P-6800,450.2,0.0,0.0,0.0,6,461.6,470.6,18,450.2,464.0,0.0,0.0,0.0,0.0,223
2023-05-11 09:47:40,MO2312-P-6800,MO2312-P-6800,450.2,0.0,0.0,0.0,6,461.6,470.4,6,450.2,464.0,0.0,0.0,0.0,0.0,223
2023-05-11 09:47:41,MO2312-P-6800,MO2312-P-6800,450.2,0.0,0.0,0.0,1,460.8,470.4,6,450.2,464.0,0.0,0.0,0.0,0.0,223
2023-05-11 09:47:56,MO2312-P-6800,MO2312-P-6800,450.2,0.0,0.0,0.0,2,460.8,470.4,6,450.2,464.0,0.0,0.0,0.0,0.0,223
2023-05-11 09:47:58,MO2312-P-6800,MO2312-P-6800,450.2,0.0,0.0,0.0,8,460.8,470.4,6,450.2,464.0,0.0,0.0,0.0,0.0,223
2023-05-11 09:47:59,MO2312-P-6800,MO2312-P-6800,450.2,0.0,0.0,0.0,7,460.8,470.4,6,450.2,464.0,0.0,0.0,0.0,0.0,223
2023-05-11 09:48:02,MO2312-P-6800,MO2312-P-6800,450.2,0.0,0.0,0.0,8,460.8,470.4,6,450.2,464.0,0.0,0.0,0.0,0.0,223
2023-05-11 09:48:04,MO2312-P-6800,MO2312-P-6800,450.2,0.0,0.0,0.0,9,460.8,470.4,6,450.2,464.0,0.0,0.0,0.0,0.0,223
2023-05-11 09:48:06,MO2312-P-6800,MO2312-P-6800,450.2,0.0,0.0,0.0,8,460.8,470.4,6,450.2,464.0,0.0,0.0,0.0,0.0,223
2023-05-11 09:48:06,MO2312-P-6800,MO2312-P-6800,450.2,0.0,0.0,0.0,9,460.8,470.4,6,450.2,464.0,0.0,0.0,0.0,0.0,223
2023-05-11 09:48:07,MO2312-P-6800,MO2312-P-6800,450.2,0.0,0.0,0.0,8,460.8,470.4,6,450.2,464.0,0.0,0.0,0.0,0.0,223
2023-05-11 09:48:12,MO2312-P-6800,MO2312-P-6800,450.2,0.0,0.0,0.0,1,461.0,470.4,6,450.2,464.0,0.0,0.0,0.0,0.0,223
2023-05-11 09:48:14,MO2312-P-6800,MO2312-P-6800,450.2,0.0,0.0,0.0,2,461.0,470.4,6,450.2,464.0,0.0,0.0,0.0,0.0,223
2023-05-11 09:48:14,MO2312-P-6800,MO2312-P-6800,450.2,0.0,0.0,0.0,1,461.0,470.4,6,450.2,464.0,0.0,0.0,0.0,0.0,223
2023-05-11 09:48:21,MO2312-P-6800,MO2312-P-6800,450.2,0.0,0.0,0.0,18,460.6,470.4,6,450.2,464.0,0.0,0.0,0.0,0.0,223
2023-05-11 09:48:21,MO2312-P-6800,MO2312-P-6800,450.2,0.0,0.0,0.0,6,460.6,470.4,6,450.2,464.0,0.0,0.0,0.0,0.0,223
2023-05-11 09:48:22,MO2312-P-6800,MO2312-P-6800,450.2,0.0,0.0,0.0,25,459.8,470.4,7,450.2,464.0,0.0,0.0,0.0,0.0,223
2023-05-11 09:48:22,MO2312-P-6800,MO2312-P-6800,450.2,0.0,0.0,0.0,13,459.8,470.4,7,450.2,464.0,0.0,0.0,0.0,0.0,223
2023-05-11 09:48:28,MO2312-P-6800,MO2312-P-6800,450.2,0.0,0.0,0.0,14,459.8,470.4,7,450.2,464.0,0.0,0.0,0.0,0.0,223
2023-05-11 09:48:29,MO2312-P-6800,MO2312-P-6800,450.2,0.0,0.0,0.0,13,459.8,470.4,7,450.2,464.0,0.0,0.0,0.0,0.0,223
2023-05-11 09:48:31,MO2312-P-6800,MO2312-P-6800,450.2,0.0,0.0,0.0,1,460.0,470.4,7,450.2,464.0,0.0,0.0,0.0,0.0,223
2023-05-11 09:48:32,MO2312-P-6800,MO2312-P-6800,450.2,0.0,0.0,0.0,1,460.0,470.2,1,450.2,464.0,0.0,0.0,0.0,0.0,223
2023-05-11 09:48:32,MO2312-P-6800,MO2312-P-6800,450.2,0.0,0.0,0.0,1,460.0,470.4,21,450.2,464.0,0.0,0.0,0.0,0.0,223
2023-05-11 09:48:33,MO2312-P-6800,MO2312-P-6800,450.2,0.0,0.0,0.0,1,460.0,470.4,6,450.2,464.0,0.0,0.0,0.0,0.0,223
2023-05-11 09:48:40,MO2312-P-6800,MO2312-P-6800,450.2,0.0,0.0,0.0,1,460.2,470.4,6,450.2,464.0,0.0,0.0,0.0,0.0,223
2023-05-11 09:48:41,MO2312-P-6800,MO2312-P-6800,450.2,0.0,0.0,0.0,1,460.0,470.4,6,450.2,464.0,0.0,0.0,0.0,0.0,223
2023-05-11 09:48:42,MO2312-P-6800,MO2312-P-6800,450.2,0.0,0.0,0.0,1,460.2,470.4,7,450.2,464.0,0.0,0.0,0.0,0.0,223
2023-05-11 09:48:52,MO2312-P-6800,MO2312-P-6800,450.2,0.0,0.0,0.0,1,460.4,470.4,7,450.2,464.0,0.0,0.0,0.0,0.0,223
2023-05-11 09:48:54,MO2312-P-6800,MO2312-P-6800,450.2,0.0,0.0,0.0,2,460.4,470.4,6,450.2,464.0,0.0,0.0,0.0,0.0,223
2023-05-11 09:48:54,MO2312-P-6800,MO2312-P-6800,450.2,0.0,0.0,0.0,1,460.4,470.4,6,450.2,464.0,0.0,0.0,0.0,0.0,223
2023-05-11 09:48:55,MO2312-P-6800,MO2312-P-6800,450.2,0.0,0.0,0.0,2,460.4,470.4,6,450.2,464.0,0.0,0.0,0.0,0.0,223
2023-05-11 09:48:56,MO2312-P-6800,MO2312-P-6800,450.2,0.0,0.0,0.0,1,460.4,470.4,6,450.2,464.0,0.0,0.0,0.0,0.0,223
2023-05-11 09:49:01,MO2312-P-6800,MO2312-P-6800,450.2,0.0,0.0,0.0,6,459.8,470.6,39,450.2,464.0,0.0,0.0,0.0,0.0,223
2023-05-11 09:49:02,MO2312-P-6800,MO2312-P-6800,450.2,0.0,0.0,0.0,24,459.2,470.4,6,450.2,464.0,0.0,0.0,0.0,0.0,223
2023-05-11 09:49:02,MO2312-P-6800,MO2312-P-6800,450.2,0.0,0.0,0.0,12,459.2,470.4,6,450.2,464.0,0.0,0.0,0.0,0.0,223
2023-05-11 09:49:03,MO2312-P-6800,MO2312-P-6800,450.2,0.0,0.0,0.0,6,458.8,469.0,6,450.2,464.0,0.0,0.0,0.0,0.0,223
2023-05-11 09:49:03,MO2312-P-6800,MO2312-P-6800,450.2,0.0,0.0,0.0,48,458.0,467.4,1,450.2,464.0,0.0,0.0,0.0,0.0,223
2023-05-11 09:49:04,MO2312-P-6800,MO2312-P-6800,450.2,0.0,0.0,0.0,20,458.0,467.4,1,450.2,464.0,0.0,0.0,0.0,0.0,223
2023-05-11 09:49:04,MO2312-P-6800,MO2312-P-6800,450.2,0.0,0.0,0.0,6,458.2,467.2,6,450.2,464.0,0.0,0.0,0.0,0.0,223
2023-05-11 09:49:05,MO2312-P-6800,MO2312-P-6800,450.2,0.0,0.0,0.0,6,458.2,467.2,12,450.2,464.0,0.0,0.0,0.0,0.0,223
2023-05-11 09:49:07,MO2312-P-6800,MO2312-P-6800,450.2,0.0,0.0,0.0,1,458.6,467.2,12,450.2,464.0,0.0,0.0,0.0,0.0,223
2023-05-11 09:49:08,MO2312-P-6800,MO2312-P-6800,450.2,0.0,0.0,0.0,1,458.6,467.2,6,450.2,464.0,0.0,0.0,0.0,0.0,223
2023-05-11 09:49:08,MO2312-P-6800,MO2312-P-6800,450.2,0.0,0.0,0.0,6,458.2,467.4,16,450.2,464.0,0.0,0.0,0.0,0.0,223
2023-05-11 09:49:09,MO2312-P-6800,MO2312-P-6800,450.2,0.0,0.0,0.0,6,458.2,467.4,1,450.2,464.0,0.0,0.0,0.0,0.0,223
2023-05-11 09:49:14,MO2312-P-6800,MO2312-P-6800,450.2,0.0,0.0,0.0,7,458.2,467.4,1,450.2,464.0,0.0,0.0,0.0,0.0,223
2023-05-11 09:49:14,MO2312-P-6800,MO2312-P-6800,450.2,0.0,0.0,0.0,7,458.2,467.6,21,450.2,464.0,0.0,0.0,0.0,0.0,223
2023-05-11 09:49:15,MO2312-P-6800,MO2312-P-6800,450.2,0.0,0.0,0.0,7,458.2,467.6,6,450.2,464.0,0.0,0.0,0.0,0.0,223
2023-05-11 09:49:15,MO2312-P-6800,MO2312-P-6800,450.2,0.0,0.0,0.0,7,458.2,467.8,39,450.2,464.0,0.0,0.0,0.0,0.0,223
2023-05-11 09:49:16,MO2312-P-6800,MO2312-P-6800,450.2,0.0,0.0,0.0,7,458.2,467.8,12,450.2,464.0,0.0,0.0,0.0,0.0,223
2023-05-11 09:49:16,MO2312-P-6800,MO2312-P-6800,450.2,0.0,0.0,0.0,7,458.2,468.0,27,450.2,464.0,0.0,0.0,0.0,0.0,223
2023-05-11 09:49:17,MO2312-P-6800,MO2312-P-6800,450.2,0.0,0.0,0.0,7,458.2,468.0,12,450.2,464.0,0.0,0.0,0.0,0.0,223
2023-05-11 09:49:17,MO2312-P-6800,MO2312-P-6800,450.2,0.0,0.0,0.0,7,458.2,468.2,27,450.2,464.0,0.0,0.0,0.0,0.0,223
2023-05-11 09:49:18,MO2312-P-6800,MO2312-P-6800,450.2,0.0,0.0,0.0,7,458.2,468.2,12,450.2,464.0,0.0,0.0,0.0,0.0,223
2023-05-11 09:49:18,MO2312-P-6800,MO2312-P-6800,450.2,0.0,0.0,0.0,7,458.2,468.4,27,450.2,464.0,0.0,0.0,0.0,0.0,223
2023-05-11 09:49:19,MO2312-P-6800,MO2312-P-6800,450.2,0.0,0.0,0.0,7,458.2,468.4,12,450.2,464.0,0.0,0.0,0.0,0.0,223
2023-05-11 09:49:19,MO2312-P-6800,MO2312-P-6800,450.2,0.0,0.0,0.0,7,458.2,468.6,27,450.2,464.0,0.0,0.0,0.0,0.0,223
2023-05-11 09:49:20,MO2312-P-6800,MO2312-P-6800,450.2,0.0,0.0,0.0,7,458.2,468.6,12,450.2,464.0,0.0,0.0,0.0,0.0,223
2023-05-11 09:49:20,MO2312-P-6800,MO2312-P-6800,450.2,0.0,0.0,0.0,7,458.2,468.8,27,450.2,464.0,0.0,0.0,0.0,0.0,223
2023-05-11 09:49:21,MO2312-P-6800,MO2312-P-6800,450.2,0.0,0.0,0.0,7,458.2,468.8,12,450.2,464.0,0.0,0.0,0.0,0.0,223
2023-05-11 09:49:21,MO2312-P-6800,MO2312-P-6800,450.2,0.0,0.0,0.0,7,458.2,469.0,39,450.2,464.0,0.0,0.0,0.0,0.0,223
2023-05-11 09:49:22,MO2312-P-6800,MO2312-P-6800,450.2,0.0,0.0,0.0,7,458.2,469.0,18,450.2,464.0,0.0,0.0,0.0,0.0,223
2023-05-11 09:49:22,MO2312-P-6800,MO2312-P-6800,450.2,0.0,0.0,0.0,7,458.2,469.0,12,450.2,464.0,0.0,0.0,0.0,0.0,223
2023-05-11 09:49:23,MO2312-P-6800,MO2312-P-6800,450.2,0.0,0.0,0.0,7,458.2,469.2,27,450.2,464.0,0.0,0.0,0.0,0.0,223
2023-05-11 09:49:23,MO2312-P-6800,MO2312-P-6800,450.2,0.0,0.0,0.0,7,458.2,469.2,12,450.2,464.0,0.0,0.0,0.0,0.0,223
2023-05-11 09:49:24,MO2312-P-6800,MO2312-P-6800,450.2,0.0,0.0,0.0,1,458.4,469.4,27,450.2,464.0,0.0,0.0,0.0,0.0,223
2023-05-11 09:49:24,MO2312-P-6800,MO2312-P-6800,450.2,0.0,0.0,0.0,1,458.4,469.4,12,450.2,464.0,0.0,0.0,0.0,0.0,223
2023-05-11 09:49:25,MO2312-P-6800,MO2312-P-6800,450.2,0.0,0.0,0.0,1,458.4,469.6,27,450.2,464.0,0.0,0.0,0.0,0.0,223
2023-05-11 09:49:25,MO2312-P-6800,MO2312-P-6800,450.2,0.0,0.0,0.0,1,458.4,469.6,12,450.2,464.0,0.0,0.0,0.0,0.0,223
2023-05-11 09:49:26,MO2312-P-6800,MO2312-P-6800,450.2,0.0,0.0,0.0,1,458.4,469.8,27,450.2,464.0,0.0,0.0,0.0,0.0,223
2023-05-11 09:49:26,MO2312-P-6800,MO2312-P-6800,450.2,0.0,0.0,0.0,1,458.4,469.8,12,450.2,464.0,0.0,0.0,0.0,0.0,223
2023-05-11 09:49:27,MO2312-P-6800,MO2312-P-6800,450.2,0.0,0.0,0.0,1,458.4,470.0,39,450.2,464.0,0.0,0.0,0.0,0.0,223
2023-05-11 09:49:27,MO2312-P-6800,MO2312-P-6800,450.2,0.0,0.0,0.0,1,458.4,470.0,24,450.2,464.0,0.0,0.0,0.0,0.0,223
2023-05-11 09:49:28,MO2312-P-6800,MO2312-P-6800,450.2,0.0,0.0,0.0,1,458.4,470.0,18,450.2,464.0,0.0,0.0,0.0,0.0,223
2023-05-11 09:49:34,MO2312-P-6800,MO2312-P-6800,450.2,0.0,0.0,0.0,1,458.6,470.0,18,450.2,464.0,0.0,0.0,0.0,0.0,223
2023-05-11 09:49:38,MO2312-P-6800,MO2312-P-6800,450.2,0.0,0.0,0.0,1,458.6,469.8,1,450.2,464.0,0.0,0.0,0.0,0.0,223
2023-05-11 09:49:44,MO2312-P-6800,MO2312-P-6800,450.2,0.0,0.0,0.0,1,458.8,469.8,1,450.2,464.0,0.0,0.0,0.0,0.0,223
2023-05-11 09:49:54,MO2312-P-6800,MO2312-P-6800,450.2,0.0,0.0,0.0,1,459.0,469.8,1,450.2,464.0,0.0,0.0,0.0,0.0,223
2023-05-11 09:50:04,MO2312-P-6800,MO2312-P-6800,450.2,0.0,0.0,0.0,1,459.2,469.8,1,450.2,464.0,0.0,0.0,0.0,0.0,223
2023-05-11 09:50:05,MO2312-P-6800,MO2312-P-6800,450.2,0.0,0.0,0.0,1,459.2,469.8,8,450.2,464.0,0.0,0.0,0.0,0.0,223
2023-05-11 09:50:05,MO2312-P-6800,MO2312-P-6800,450.2,0.0,0.0,0.0,1,459.2,469.6,6,450.2,464.0,0.0,0.0,0.0,0.0,223
2023-05-11 09:50:07,MO2312-P-6800,MO2312-P-6800,450.2,0.0,0.0,0.0,2,459.2,469.6,8,450.2,464.0,0.0,0.0,0.0,0.0,223
2023-05-11 09:50:07,MO2312-P-6800,MO2312-P-6800,450.2,0.0,0.0,0.0,1,459.2,469.6,6,450.2,464.0,0.0,0.0,0.0,0.0,223
2023-05-11 09:50:08,MO2312-P-6800,MO2312-P-6800,450.2,0.0,0.0,0.0,2,459.2,469.6,6,450.2,464.0,0.0,0.0,0.0,0.0,223
2023-05-11 09:50:09,MO2312-P-6800,MO2312-P-6800,450.2,0.0,0.0,0.0,1,459.2,469.6,6,450.2,464.0,0.0,0.0,0.0,0.0,223
2023-05-11 09:50:10,MO2312-P-6800,MO2312-P-6800,450.2,0.0,0.0,0.0,2,459.2,469.6,6,450.2,464.0,0.0,0.0,0.0,0.0,223
2023-05-11 09:50:10,MO2312-P-6800,MO2312-P-6800,450.2,0.0,0.0,0.0,1,459.2,469.6,6,450.2,464.0,0.0,0.0,0.0,0.0,223
2023-05-11 09:50:14,MO2312-P-6800,MO2312-P-6800,450.2,0.0,0.0,0.0,1,459.4,469.6,6,450.2,464.0,0.0,0.0,0.0,0.0,223
2023-05-11 09:50:16,MO2312-P-6800,MO2312-P-6800,450.2,0.0,0.0,0.0,1,459.4,469.6,7,450.2,464.0,0.0,0.0,0.0,0.0,223
2023-05-11 09:50:19,MO2312-P-6800,MO2312-P-6800,450.2,0.0,0.0,0.0,1,459.4,469.6,6,450.2,464.0,0.0,0.0,0.0,0.0,223
2023-05-11 09:50:20,MO2312-P-6800,MO2312-P-6800,450.2,0.0,0.0,0.0,2,459.4,469.6,6,450.2,464.0,0.0,0.0,0.0,0.0,223
2023-05-11 09:50:20,MO2312-P-6800,MO2312-P-6800,450.2,0.0,0.0,0.0,1,459.4,469.6,6,450.2,464.0,0.0,0.0,0.0,0.0,223
2023-05-11 09:50:24,MO2312-P-6800,MO2312-P-6800,450.2,0.0,0.0,0.0,1,459.6,469.6,6,450.2,464.0,0.0,0.0,0.0,0.0,223
2023-05-11 09:50:26,MO2312-P-6800,MO2312-P-6800,450.2,0.0,0.0,0.0,1,459.8,469.6,6,450.2,464.0,0.0,0.0,0.0,0.0,223
2023-05-11 09:50:27,MO2312-P-6800,MO2312-P-6800,450.2,0.0,0.0,0.0,7,459.8,469.6,6,450.2,464.0,0.0,0.0,0.0,0.0,223
2023-05-11 09:50:28,MO2312-P-6800,MO2312-P-6800,450.2,0.0,0.0,0.0,6,459.8,469.6,6,450.2,464.0,0.0,0.0,0.0,0.0,223
2023-05-11 09:50:30,MO2312-P-6800,MO2312-P-6800,450.2,0.0,0.0,0.0,1,460.0,469.6,6,450.2,464.0,0.0,0.0,0.0,0.0,223
2023-05-11 09:50:30,MO2312-P-6800,MO2312-P-6800,450.2,0.0,0.0,0.0,6,459.8,469.6,6,450.2,464.0,0.0,0.0,0.0,0.0,223
2023-05-11 09:50:39,MO2312-P-6800,MO2312-P-6800,450.2,0.0,0.0,0.0,7,459.8,469.6,6,450.2,464.0,0.0,0.0,0.0,0.0,223
2023-05-11 09:50:39,MO2312-P-6800,MO2312-P-6800,450.2,0.0,0.0,0.0,1,459.8,469.6,6,450.2,464.0,0.0,0.0,0.0,0.0,223
2023-05-11 09:50:46,MO2312-P-6800,MO2312-P-6800,450.2,0.0,0.0,0.0,1,459.8,469.6,8,450.2,464.0,0.0,0.0,0.0,0.0,223
2023-05-11 09:50:47,MO2312-P-6800,MO2312-P-6800,450.2,0.0,0.0,0.0,1,459.8,469.6,6,450.2,464.0,0.0,0.0,0.0,0.0,223
2023-05-11 09:50:49,MO2312-P-6800,MO2312-P-6800,450.2,0.0,0.0,0.0,1,460.0,469.6,6,450.2,464.0,0.0,0.0,0.0,0.0,223
2023-05-11 09:50:59,MO2312-P-6800,MO2312-P-6800,450.2,0.0,0.0,0.0,1,460.2,469.6,6,450.2,464.0,0.0,0.0,0.0,0.0,223
2023-05-11 09:51:00,MO2312-P-6800,MO2312-P-6800,450.2,0.0,0.0,0.0,1,460.2,469.4,6,450.2,464.0,0.0,0.0,0.0,0.0,223
2023-05-11 09:51:08,MO2312-P-6800,MO2312-P-6800,450.2,0.0,0.0,0.0,1,460.2,469.2,6,450.2,464.0,0.0,0.0,0.0,0.0,223
2023-05-11 09:51:09,MO2312-P-6800,MO2312-P-6800,450.2,0.0,0.0,0.0,1,460.4,469.2,6,450.2,464.0,0.0,0.0,0.0,0.0,223
2023-05-11 09:51:19,MO2312-P-6800,MO2312-P-6800,450.2,0.0,0.0,0.0,1,460.6,469.2,6,450.2,464.0,0.0,0.0,0.0,0.0,223
2023-05-11 09:51:29,MO2312-P-6800,MO2312-P-6800,450.2,0.0,0.0,0.0,1,460.8,469.2,6,450.2,464.0,0.0,0.0,0.0,0.0,223
2023-05-11 09:51:39,MO2312-P-6800,MO2312-P-6800,450.2,0.0,0.0,0.0,1,461.0,469.2,6,450.2,464.0,0.0,0.0,0.0,0.0,223
2023-05-11 09:51:49,MO2312-P-6800,MO2312-P-6800,450.2,0.0,0.0,0.0,1,461.2,469.2,6,450.2,464.0,0.0,0.0,0.0,0.0,223
2023-05-11 09:51:59,MO2312-P-6800,MO2312-P-6800,450.2,0.0,0.0,0.0,1,461.4,469.2,6,450.2,464.0,0.0,0.0,0.0,0.0,223
2023-05-11 09:52:09,MO2312-P-6800,MO2312-P-6800,450.2,0.0,0.0,0.0,1,461.6,469.2,6,450.2,464.0,0.0,0.0,0.0,0.0,223
2023-05-11 09:52:12,MO2312-P-6800,MO2312-P-6800,450.2,0.0,0.0,0.0,1,461.6,469.4,21,450.2,464.0,0.0,0.0,0.0,0.0,223
2023-05-11 09:52:13,MO2312-P-6800,MO2312-P-6800,450.2,0.0,0.0,0.0,1,461.6,469.4,6,450.2,464.0,0.0,0.0,0.0,0.0,223
2023-05-11 09:52:13,MO2312-P-6800,MO2312-P-6800,450.2,0.0,0.0,0.0,1,461.6,469.6,21,450.2,464.0,0.0,0.0,0.0,0.0,223
2023-05-11 09:52:14,MO2312-P-6800,MO2312-P-6800,450.2,0.0,0.0,0.0,1,461.6,469.6,6,450.2,464.0,0.0,0.0,0.0,0.0,223
2023-05-11 09:52:14,MO2312-P-6800,MO2312-P-6800,450.2,0.0,0.0,0.0,1,461.6,469.8,28,450.2,464.0,0.0,0.0,0.0,0.0,223
2023-05-11 09:52:15,MO2312-P-6800,MO2312-P-6800,450.2,0.0,0.0,0.0,1,461.6,469.8,7,450.2,464.0,0.0,0.0,0.0,0.0,223
2023-05-11 09:52:15,MO2312-P-6800,MO2312-P-6800,450.2,0.0,0.0,0.0,1,461.6,469.8,1,450.2,464.0,0.0,0.0,0.0,0.0,223
2023-05-11 09:52:19,MO2312-P-6800,MO2312-P-6800,450.2,0.0,0.0,0.0,1,461.8,469.8,1,450.2,464.0,0.0,0.0,0.0,0.0,223
2023-05-11 09:52:29,MO2312-P-6800,MO2312-P-6800,450.2,0.0,0.0,0.0,1,462.0,469.8,1,450.2,464.0,0.0,0.0,0.0,0.0,223
2023-05-11 09:52:39,MO2312-P-6800,MO2312-P-6800,450.2,0.0,0.0,0.0,1,462.2,469.8,1,450.2,464.0,0.0,0.0,0.0,0.0,223
2023-05-11 09:52:49,MO2312-P-6800,MO2312-P-6800,450.2,0.0,0.0,0.0,1,462.4,469.8,1,450.2,464.0,0.0,0.0,0.0,0.0,223
2023-05-11 09:52:58,MO2312-P-6800,MO2312-P-6800,450.2,0.0,0.0,0.0,1,462.4,470.0,27,450.2,464.0,0.0,0.0,0.0,0.0,223
2023-05-11 09:52:59,MO2312-P-6800,MO2312-P-6800,450.2,0.0,0.0,0.0,1,462.6,470.0,6,450.2,464.0,0.0,0.0,0.0,0.0,223
2023-05-11 09:52:59,MO2312-P-6800,MO2312-P-6800,450.2,0.0,0.0,0.0,1,462.6,470.2,33,450.2,464.0,0.0,0.0,0.0,0.0,223
2023-05-11 09:53:00,MO2312-P-6800,MO2312-P-6800,450.2,0.0,0.0,0.0,1,462.6,470.2,12,450.2,464.0,0.0,0.0,0.0,0.0,223
2023-05-11 09:53:00,MO2312-P-6800,MO2312-P-6800,450.2,0.0,0.0,0.0,1,462.6,470.4,33,450.2,464.0,0.0,0.0,0.0,0.0,223
2023-05-11 09:53:01,MO2312-P-6800,MO2312-P-6800,450.2,0.0,0.0,0.0,1,462.6,470.4,12,450.2,464.0,0.0,0.0,0.0,0.0,223
2023-05-11 09:53:01,MO2312-P-6800,MO2312-P-6800,450.2,0.0,0.0,0.0,1,462.6,470.6,27,450.2,464.0,0.0,0.0,0.0,0.0,223
2023-05-11 09:53:02,MO2312-P-6800,MO2312-P-6800,450.2,0.0,0.0,0.0,1,462.6,470.6,12,450.2,464.0,0.0,0.0,0.0,0.0,223
2023-05-11 09:53:02,MO2312-P-6800,MO2312-P-6800,450.2,0.0,0.0,0.0,1,462.6,470.8,27,450.2,464.0,0.0,0.0,0.0,0.0,223
2023-05-11 09:53:03,MO2312-P-6800,MO2312-P-6800,450.2,0.0,0.0,0.0,1,462.6,470.8,12,450.2,464.0,0.0,0.0,0.0,0.0,223
2023-05-11 09:53:03,MO2312-P-6800,MO2312-P-6800,450.2,0.0,0.0,0.0,1,462.6,471.0,27,450.2,464.0,0.0,0.0,0.0,0.0,223
2023-05-11 09:53:04,MO2312-P-6800,MO2312-P-6800,450.2,0.0,0.0,0.0,1,462.6,471.0,12,450.2,464.0,0.0,0.0,0.0,0.0,223
2023-05-11 09:53:04,MO2312-P-6800,MO2312-P-6800,450.2,0.0,0.0,0.0,1,462.6,471.2,45,450.2,464.0,0.0,0.0,0.0,0.0,223
2023-05-11 09:53:05,MO2312-P-6800,MO2312-P-6800,450.2,0.0,0.0,0.0,1,462.6,471.2,18,450.2,464.0,0.0,0.0,0.0,0.0,223
2023-05-11 09:53:05,MO2312-P-6800,MO2312-P-6800,450.2,0.0,0.0,0.0,1,462.6,471.2,12,450.2,464.0,0.0,0.0,0.0,0.0,223
2023-05-11 09:53:06,MO2312-P-6800,MO2312-P-6800,450.2,0.0,0.0,0.0,1,462.6,471.2,6,450.2,464.0,0.0,0.0,0.0,0.0,223
2023-05-11 09:53:09,MO2312-P-6800,MO2312-P-6800,450.2,0.0,0.0,0.0,1,462.8,471.4,27,450.2,464.0,0.0,0.0,0.0,0.0,223
2023-05-11 09:53:09,MO2312-P-6800,MO2312-P-6800,450.2,0.0,0.0,0.0,1,462.8,471.4,12,450.2,464.0,0.0,0.0,0.0,0.0,223
2023-05-11 09:53:10,MO2312-P-6800,MO2312-P-6800,450.2,0.0,0.0,0.0,1,462.8,471.6,27,450.2,464.0,0.0,0.0,0.0,0.0,223
2023-05-11 09:53:10,MO2312-P-6800,MO2312-P-6800,450.2,0.0,0.0,0.0,1,462.8,471.6,12,450.2,464.0,0.0,0.0,0.0,0.0,223
2023-05-11 09:53:11,MO2312-P-6800,MO2312-P-6800,450.2,0.0,0.0,0.0,1,462.8,471.8,27,450.2,464.0,0.0,0.0,0.0,0.0,223
2023-05-11 09:53:11,MO2312-P-6800,MO2312-P-6800,450.2,0.0,0.0,0.0,1,462.8,471.8,12,450.2,464.0,0.0,0.0,0.0,0.0,223
2023-05-11 09:53:12,MO2312-P-6800,MO2312-P-6800,450.2,0.0,0.0,0.0,1,462.8,472.0,27,450.2,464.0,0.0,0.0,0.0,0.0,223
2023-05-11 09:53:12,MO2312-P-6800,MO2312-P-6800,450.2,0.0,0.0,0.0,1,462.8,472.0,12,450.2,464.0,0.0,0.0,0.0,0.0,223
2023-05-11 09:53:13,MO2312-P-6800,MO2312-P-6800,450.2,0.0,0.0,0.0,1,462.8,472.2,27,450.2,464.0,0.0,0.0,0.0,0.0,223
2023-05-11 09:53:13,MO2312-P-6800,MO2312-P-6800,450.2,0.0,0.0,0.0,1,462.8,472.2,12,450.2,464.0,0.0,0.0,0.0,0.0,223
2023-05-11 09:53:14,MO2312-P-6800,MO2312-P-6800,450.2,0.0,0.0,0.0,1,462.8,472.4,27,450.2,464.0,0.0,0.0,0.0,0.0,223
2023-05-11 09:53:14,MO2312-P-6800,MO2312-P-6800,450.2,0.0,0.0,0.0,1,462.8,472.4,12,450.2,464.0,0.0,0.0,0.0,0.0,223
2023-05-11 09:53:15,MO2312-P-6800,MO2312-P-6800,450.2,0.0,0.0,0.0,1,462.8,472.6,27,450.2,464.0,0.0,0.0,0.0,0.0,223
2023-05-11 09:53:15,MO2312-P-6800,MO2312-P-6800,450.2,0.0,0.0,0.0,1,462.8,472.6,12,450.2,464.0,0.0,0.0,0.0,0.0,223
2023-05-11 09:53:16,MO2312-P-6800,MO2312-P-6800,450.2,0.0,0.0,0.0,1,462.8,472.8,27,450.2,464.0,0.0,0.0,0.0,0.0,223
2023-05-11 09:53:16,MO2312-P-6800,MO2312-P-6800,450.2,0.0,0.0,0.0,1,462.8,472.8,12,450.2,464.0,0.0,0.0,0.0,0.0,223
2023-05-11 09:53:17,MO2312-P-6800,MO2312-P-6800,450.2,0.0,0.0,0.0,1,462.8,473.0,39,450.2,464.0,0.0,0.0,0.0,0.0,223
2023-05-11 09:53:17,MO2312-P-6800,MO2312-P-6800,450.2,0.0,0.0,0.0,1,462.8,473.0,24,450.2,464.0,0.0,0.0,0.0,0.0,223
2023-05-11 09:53:18,MO2312-P-6800,MO2312-P-6800,450.2,0.0,0.0,0.0,1,462.8,473.0,12,450.2,464.0,0.0,0.0,0.0,0.0,223
2023-05-11 09:53:18,MO2312-P-6800,MO2312-P-6800,450.2,0.0,0.0,0.0,1,462.8,473.0,6,450.2,464.0,0.0,0.0,0.0,0.0,223
2023-05-11 09:53:19,MO2312-P-6800,MO2312-P-6800,450.2,0.0,0.0,0.0,1,463.0,473.0,6,450.2,464.0,0.0,0.0,0.0,0.0,223
2023-05-11 09:53:29,MO2312-P-6800,MO2312-P-6800,450.2,0.0,0.0,0.0,1,463.2,473.0,6,450.2,464.0,0.0,0.0,0.0,0.0,223
2023-05-11 09:53:39,MO2312-P-6800,MO2312-P-6800,450.2,0.0,0.0,0.0,1,463.4,473.0,6,450.2,464.0,0.0,0.0,0.0,0.0,223
2023-05-11 09:53:39,MO2312-P-6800,MO2312-P-6800,450.2,0.0,0.0,0.0,7,463.4,473.0,6,450.2,464.0,0.0,0.0,0.0,0.0,223
2023-05-11 09:53:49,MO2312-P-6800,MO2312-P-6800,450.2,0.0,0.0,0.0,1,463.6,473.0,6,450.2,464.0,0.0,0.0,0.0,0.0,223
2023-05-11 09:53:54,MO2312-P-6800,MO2312-P-6800,450.2,0.0,0.0,0.0,1,463.6,472.8,6,450.2,464.0,0.0,0.0,0.0,0.0,223
2023-05-11 09:53:59,MO2312-P-6800,MO2312-P-6800,450.2,0.0,0.0,0.0,1,463.8,472.8,6,450.2,464.0,0.0,0.0,0.0,0.0,223
2023-05-11 09:54:00,MO2312-P-6800,MO2312-P-6800,450.2,0.0,0.0,0.0,1,463.8,473.0,21,450.2,464.0,0.0,0.0,0.0,0.0,223
2023-05-11 09:54:00,MO2312-P-6800,MO2312-P-6800,450.2,0.0,0.0,0.0,1,463.8,473.0,6,450.2,464.0,0.0,0.0,0.0,0.0,223
2023-05-11 09:54:01,MO2312-P-6800,MO2312-P-6800,450.2,0.0,0.0,0.0,6,463.4,473.0,7,450.2,464.0,0.0,0.0,0.0,0.0,223
2023-05-11 09:54:02,MO2312-P-6800,MO2312-P-6800,450.2,0.0,0.0,0.0,24,461.8,473.0,7,450.2,464.0,0.0,0.0,0.0,0.0,223
