time,symbol_id,symbol_name,last,trade_volume,trade_amount,open_interest_change,bv1,bp1,ap1,av1,yesterday_close,today_open,today_high,today_low,volume,amount,open_interest
2023-05-11 09:29:00,MO2312-C-7400,MO2312-C-7400,59.0,0.0,0.0,0.0,1,50.0,67.2,1,59.0,56.0,0.0,0.0,0.0,0.0,247
2023-05-11 09:30:00,MO2312-C-7400,MO2312-C-7400,59.0,0.0,0.0,0.0,1,50.8,66.8,1,59.0,56.0,0.0,0.0,0.0,0.0,247
2023-05-11 09:30:00,MO2312-C-7400,MO2312-C-7400,59.0,0.0,0.0,0.0,1,51.6,66.8,2,59.0,56.0,0.0,0.0,0.0,0.0,247
2023-05-11 09:30:01,MO2312-C-7400,MO2312-C-7400,59.0,0.0,0.0,0.0,1,55.8,66.8,1,59.0,56.0,0.0,0.0,0.0,0.0,247
2023-05-11 09:30:01,MO2312-C-7400,MO2312-C-7400,59.0,0.0,0.0,0.0,1,55.8,66.6,6,59.0,56.0,0.0,0.0,0.0,0.0,247
2023-05-11 09:30:04,MO2312-C-7400,MO2312-C-7400,59.0,0.0,0.0,0.0,1,55.8,64.8,1,59.0,56.0,0.0,0.0,0.0,0.0,247
2023-05-11 09:30:05,MO2312-C-7400,MO2312-C-7400,59.0,0.0,0.0,0.0,6,56.0,64.6,6,59.0,56.0,0.0,0.0,0.0,0.0,247
2023-05-11 09:30:07,MO2312-C-7400,MO2312-C-7400,59.0,0.0,0.0,0.0,6,56.0,64.8,1,59.0,56.0,0.0,0.0,0.0,0.0,247
2023-05-11 09:30:15,MO2312-C-7400,MO2312-C-7400,59.0,0.0,0.0,0.0,7,56.0,64.8,1,59.0,56.0,0.0,0.0,0.0,0.0,247
2023-05-11 09:30:15,MO2312-C-7400,MO2312-C-7400,59.0,0.0,0.0,0.0,6,56.2,64.8,1,59.0,56.0,0.0,0.0,0.0,0.0,247
2023-05-11 09:30:16,MO2312-C-7400,MO2312-C-7400,59.0,0.0,0.0,0.0,6,56.2,65.2,6,59.0,56.0,0.0,0.0,0.0,0.0,247
2023-05-11 09:30:16,MO2312-C-7400,MO2312-C-7400,59.0,0.0,0.0,0.0,1,56.0,66.6,6,59.0,56.0,0.0,0.0,0.0,0.0,247
2023-05-11 09:30:17,MO2312-C-7400,MO2312-C-7400,59.0,0.0,0.0,0.0,1,56.0,66.4,2,59.0,56.0,0.0,0.0,0.0,0.0,247
2023-05-11 09:30:17,MO2312-C-7400,MO2312-C-7400,59.0,0.0,0.0,0.0,1,56.0,66.2,6,59.0,56.0,0.0,0.0,0.0,0.0,247
2023-05-11 09:30:18,MO2312-C-7400,MO2312-C-7400,59.0,0.0,0.0,0.0,1,56.0,66.0,2,59.0,56.0,0.0,0.0,0.0,0.0,247
2023-05-11 09:30:18,MO2312-C-7400,MO2312-C-7400,59.0,0.0,0.0,0.0,7,56.0,65.8,6,59.0,56.0,0.0,0.0,0.0,0.0,247
2023-05-11 09:30:19,MO2312-C-7400,MO2312-C-7400,59.0,0.0,0.0,0.0,7,56.0,65.8,8,59.0,56.0,0.0,0.0,0.0,0.0,247
2023-05-11 09:30:19,MO2312-C-7400,MO2312-C-7400,59.0,0.0,0.0,0.0,6,56.2,65.8,2,59.0,56.0,0.0,0.0,0.0,0.0,247
2023-05-11 09:30:22,MO2312-C-7400,MO2312-C-7400,59.0,0.0,0.0,0.0,6,56.2,65.8,8,59.0,56.0,0.0,0.0,0.0,0.0,247
2023-05-11 09:30:23,MO2312-C-7400,MO2312-C-7400,59.0,0.0,0.0,0.0,7,56.0,65.6,6,59.0,56.0,0.0,0.0,0.0,0.0,247
2023-05-11 09:30:23,MO2312-C-7400,MO2312-C-7400,59.0,0.0,0.0,0.0,6,56.2,64.0,6,59.0,56.0,0.0,0.0,0.0,0.0,247
2023-05-11 09:30:24,MO2312-C-7400,MO2312-C-7400,59.0,0.0,0.0,0.0,6,56.4,64.0,6,59.0,56.0,0.0,0.0,0.0,0.0,247
2023-05-11 09:30:26,MO2312-C-7400,MO2312-C-7400,59.0,0.0,0.0,0.0,6,57.2,63.8,6,59.0,56.0,0.0,0.0,0.0,0.0,247
2023-05-11 09:30:26,MO2312-C-7400,MO2312-C-7400,59.0,0.0,0.0,0.0,6,57.4,63.8,6,59.0,56.0,0.0,0.0,0.0,0.0,247
2023-05-11 09:30:27,MO2312-C-7400,MO2312-C-7400,59.0,0.0,0.0,0.0,2,57.6,63.8,6,59.0,56.0,0.0,0.0,0.0,0.0,247
2023-05-11 09:30:28,MO2312-C-7400,MO2312-C-7400,59.0,0.0,0.0,0.0,4,57.6,63.8,6,59.0,56.0,0.0,0.0,0.0,0.0,247
2023-05-11 09:30:28,MO2312-C-7400,MO2312-C-7400,59.0,0.0,0.0,0.0,8,57.6,63.8,6,59.0,56.0,0.0,0.0,0.0,0.0,247
2023-05-11 09:30:29,MO2312-C-7400,MO2312-C-7400,59.0,0.0,0.0,0.0,16,57.6,63.8,6,59.0,56.0,0.0,0.0,0.0,0.0,247
2023-05-11 09:30:29,MO2312-C-7400,MO2312-C-7400,59.0,0.0,0.0,0.0,14,57.6,63.8,6,59.0,56.0,0.0,0.0,0.0,0.0,247
2023-05-11 09:30:30,MO2312-C-7400,MO2312-C-7400,59.0,0.0,0.0,0.0,15,57.6,63.8,8,59.0,56.0,0.0,0.0,0.0,0.0,247
2023-05-11 09:30:30,MO2312-C-7400,MO2312-C-7400,59.0,0.0,0.0,0.0,15,57.6,63.8,6,59.0,56.0,0.0,0.0,0.0,0.0,247
2023-05-11 09:30:31,MO2312-C-7400,MO2312-C-7400,59.0,0.0,0.0,0.0,6,57.8,63.8,6,59.0,56.0,0.0,0.0,0.0,0.0,247
2023-05-11 09:30:32,MO2312-C-7400,MO2312-C-7400,59.0,0.0,0.0,0.0,8,57.8,63.8,6,59.0,56.0,0.0,0.0,0.0,0.0,247
2023-05-11 09:30:34,MO2312-C-7400,MO2312-C-7400,59.0,0.0,0.0,0.0,6,58.0,63.8,6,59.0,56.0,0.0,0.0,0.0,0.0,247
2023-05-11 09:30:34,MO2312-C-7400,MO2312-C-7400,59.0,0.0,0.0,0.0,12,58.0,63.8,6,59.0,56.0,0.0,0.0,0.0,0.0,247
2023-05-11 09:30:35,MO2312-C-7400,MO2312-C-7400,59.0,0.0,0.0,0.0,6,58.2,63.8,6,59.0,56.0,0.0,0.0,0.0,0.0,247
2023-05-11 09:30:36,MO2312-C-7400,MO2312-C-7400,59.0,0.0,0.0,0.0,12,58.0,63.8,6,59.0,56.0,0.0,0.0,0.0,0.0,247
2023-05-11 09:30:37,MO2312-C-7400,MO2312-C-7400,59.0,0.0,0.0,0.0,6,58.2,63.8,6,59.0,56.0,0.0,0.0,0.0,0.0,247
2023-05-11 09:30:38,MO2312-C-7400,MO2312-C-7400,59.0,0.0,0.0,0.0,12,58.0,63.8,6,59.0,56.0,0.0,0.0,0.0,0.0,247
2023-05-11 09:30:39,MO2312-C-7400,MO2312-C-7400,59.0,0.0,0.0,0.0,6,58.2,63.8,6,59.0,56.0,0.0,0.0,0.0,0.0,247
2023-05-11 09:30:40,MO2312-C-7400,MO2312-C-7400,59.0,0.0,0.0,0.0,14,58.0,63.8,6,59.0,56.0,0.0,0.0,0.0,0.0,247
2023-05-11 09:30:41,MO2312-C-7400,MO2312-C-7400,59.0,0.0,0.0,0.0,6,58.2,63.8,6,59.0,56.0,0.0,0.0,0.0,0.0,247
2023-05-11 09:30:41,MO2312-C-7400,MO2312-C-7400,59.0,0.0,0.0,0.0,8,58.2,63.8,6,59.0,56.0,0.0,0.0,0.0,0.0,247
2023-05-11 09:30:42,MO2312-C-7400,MO2312-C-7400,59.0,0.0,0.0,0.0,6,58.4,63.8,6,59.0,56.0,0.0,0.0,0.0,0.0,247
2023-05-11 09:30:42,MO2312-C-7400,MO2312-C-7400,59.0,0.0,0.0,0.0,2,58.2,63.8,6,59.0,56.0,0.0,0.0,0.0,0.0,247
2023-05-11 09:30:43,MO2312-C-7400,MO2312-C-7400,59.0,0.0,0.0,0.0,8,58.2,63.8,6,59.0,56.0,0.0,0.0,0.0,0.0,247
2023-05-11 09:30:43,MO2312-C-7400,MO2312-C-7400,59.0,0.0,0.0,0.0,6,58.4,63.8,6,59.0,56.0,0.0,0.0,0.0,0.0,247
2023-05-11 09:30:47,MO2312-C-7400,MO2312-C-7400,59.0,0.0,0.0,0.0,12,58.0,63.8,6,59.0,56.0,0.0,0.0,0.0,0.0,247
2023-05-11 09:30:47,MO2312-C-7400,MO2312-C-7400,59.0,0.0,0.0,0.0,6,58.2,63.8,6,59.0,56.0,0.0,0.0,0.0,0.0,247
2023-05-11 09:30:51,MO2312-C-7400,MO2312-C-7400,59.0,0.0,0.0,0.0,12,58.0,63.8,6,59.0,56.0,0.0,0.0,0.0,0.0,247
2023-05-11 09:30:52,MO2312-C-7400,MO2312-C-7400,59.0,0.0,0.0,0.0,12,58.2,63.6,12,59.0,56.0,0.0,0.0,0.0,0.0,247
2023-05-11 09:30:52,MO2312-C-7400,MO2312-C-7400,59.0,0.0,0.0,0.0,6,58.0,63.8,6,59.0,56.0,0.0,0.0,0.0,0.0,247
2023-05-11 09:30:53,MO2312-C-7400,MO2312-C-7400,59.0,0.0,0.0,0.0,12,58.2,63.6,12,59.0,56.0,0.0,0.0,0.0,0.0,247
2023-05-11 09:30:53,MO2312-C-7400,MO2312-C-7400,59.0,0.0,0.0,0.0,6,58.0,63.8,6,59.0,56.0,0.0,0.0,0.0,0.0,247
2023-05-11 09:30:54,MO2312-C-7400,MO2312-C-7400,59.0,0.0,0.0,0.0,12,58.2,63.6,12,59.0,56.0,0.0,0.0,0.0,0.0,247
2023-05-11 09:30:54,MO2312-C-7400,MO2312-C-7400,59.0,0.0,0.0,0.0,1,59.2,63.8,6,59.0,56.0,0.0,0.0,0.0,0.0,247
2023-05-11 09:30:55,MO2312-C-7400,MO2312-C-7400,59.0,0.0,0.0,0.0,6,59.4,63.8,6,59.0,56.0,0.0,0.0,0.0,0.0,247
2023-05-11 09:30:57,MO2312-C-7400,MO2312-C-7400,59.0,0.0,0.0,0.0,6,59.4,63.6,6,59.0,56.0,0.0,0.0,0.0,0.0,247
2023-05-11 09:30:58,MO2312-C-7400,MO2312-C-7400,59.0,0.0,0.0,0.0,6,59.4,63.8,6,59.0,56.0,0.0,0.0,0.0,0.0,247
2023-05-11 09:30:59,MO2312-C-7400,MO2312-C-7400,59.0,0.0,0.0,0.0,6,59.4,63.6,6,59.0,56.0,0.0,0.0,0.0,0.0,247
2023-05-11 09:31:03,MO2312-C-7400,MO2312-C-7400,59.0,0.0,0.0,0.0,6,59.4,63.8,6,59.0,56.0,0.0,0.0,0.0,0.0,247
2023-05-11 09:31:11,MO2312-C-7400,MO2312-C-7400,59.0,0.0,0.0,0.0,6,59.4,64.0,12,59.0,56.0,0.0,0.0,0.0,0.0,247
2023-05-11 09:31:11,MO2312-C-7400,MO2312-C-7400,59.0,0.0,0.0,0.0,6,59.6,64.0,6,59.0,56.0,0.0,0.0,0.0,0.0,247
2023-05-11 09:31:12,MO2312-C-7400,MO2312-C-7400,59.0,0.0,0.0,0.0,6,59.8,64.0,6,59.0,56.0,0.0,0.0,0.0,0.0,247
2023-05-11 09:31:23,MO2312-C-7400,MO2312-C-7400,59.0,0.0,0.0,0.0,7,59.8,64.0,6,59.0,56.0,0.0,0.0,0.0,0.0,247
2023-05-11 09:31:23,MO2312-C-7400,MO2312-C-7400,59.0,0.0,0.0,0.0,6,60.0,64.0,6,59.0,56.0,0.0,0.0,0.0,0.0,247
2023-05-11 09:31:28,MO2312-C-7400,MO2312-C-7400,59.0,0.0,0.0,0.0,7,60.0,64.0,6,59.0,56.0,0.0,0.0,0.0,0.0,247
2023-05-11 09:31:28,MO2312-C-7400,MO2312-C-7400,59.0,0.0,0.0,0.0,6,60.2,64.0,12,59.0,56.0,0.0,0.0,0.0,0.0,247
2023-05-11 09:31:33,MO2312-C-7400,MO2312-C-7400,59.0,0.0,0.0,0.0,6,59.8,64.0,6,59.0,56.0,0.0,0.0,0.0,0.0,247
2023-05-11 09:31:34,MO2312-C-7400,MO2312-C-7400,59.0,0.0,0.0,0.0,6,59.8,64.0,12,59.0,56.0,0.0,0.0,0.0,0.0,247
2023-05-11 09:31:36,MO2312-C-7400,MO2312-C-7400,59.0,0.0,0.0,0.0,13,59.6,63.8,6,59.0,56.0,0.0,0.0,0.0,0.0,247
2023-05-11 09:31:43,MO2312-C-7400,MO2312-C-7400,59.0,0.0,0.0,0.0,1,59.8,63.8,6,59.0,56.0,0.0,0.0,0.0,0.0,247
2023-05-11 09:31:46,MO2312-C-7400,MO2312-C-7400,59.0,0.0,0.0,0.0,1,59.8,63.8,12,59.0,56.0,0.0,0.0,0.0,0.0,247
2023-05-11 09:31:47,MO2312-C-7400,MO2312-C-7400,59.0,0.0,0.0,0.0,1,59.8,63.6,6,59.0,56.0,0.0,0.0,0.0,0.0,247
2023-05-11 09:31:57,MO2312-C-7400,MO2312-C-7400,59.0,0.0,0.0,0.0,6,59.6,63.6,6,59.0,56.0,0.0,0.0,0.0,0.0,247
2023-05-11 09:32:02,MO2312-C-7400,MO2312-C-7400,59.0,0.0,0.0,0.0,12,59.6,63.6,6,59.0,56.0,0.0,0.0,0.0,0.0,247
2023-05-11 09:32:07,MO2312-C-7400,MO2312-C-7400,59.0,0.0,0.0,0.0,13,59.6,63.6,6,59.0,56.0,0.0,0.0,0.0,0.0,247
2023-05-11 09:32:08,MO2312-C-7400,MO2312-C-7400,59.0,0.0,0.0,0.0,13,59.6,63.6,8,59.0,56.0,0.0,0.0,0.0,0.0,247
2023-05-11 09:32:08,MO2312-C-7400,MO2312-C-7400,59.0,0.0,0.0,0.0,6,59.8,63.6,8,59.0,56.0,0.0,0.0,0.0,0.0,247
2023-05-11 09:32:16,MO2312-C-7400,MO2312-C-7400,59.0,0.0,0.0,0.0,13,59.6,63.4,6,59.0,56.0,0.0,0.0,0.0,0.0,247
2023-05-11 09:32:17,MO2312-C-7400,MO2312-C-7400,59.0,0.0,0.0,0.0,7,59.6,63.4,8,59.0,56.0,0.0,0.0,0.0,0.0,247
2023-05-11 09:32:18,MO2312-C-7400,MO2312-C-7400,59.0,0.0,0.0,0.0,13,59.6,63.2,6,59.0,56.0,0.0,0.0,0.0,0.0,247
2023-05-11 09:32:18,MO2312-C-7400,MO2312-C-7400,59.0,0.0,0.0,0.0,6,59.6,63.2,6,59.0,56.0,0.0,0.0,0.0,0.0,247
2023-05-11 09:32:19,MO2312-C-7400,MO2312-C-7400,59.0,0.0,0.0,0.0,6,59.6,63.2,14,59.0,56.0,0.0,0.0,0.0,0.0,247
2023-05-11 09:32:19,MO2312-C-7400,MO2312-C-7400,59.0,0.0,0.0,0.0,6,59.6,63.0,6,59.0,56.0,0.0,0.0,0.0,0.0,247
2023-05-11 09:32:22,MO2312-C-7400,MO2312-C-7400,59.0,0.0,0.0,0.0,6,59.6,63.0,8,59.0,56.0,0.0,0.0,0.0,0.0,247
2023-05-11 09:32:22,MO2312-C-7400,MO2312-C-7400,59.0,0.0,0.0,0.0,6,59.6,62.8,6,59.0,56.0,0.0,0.0,0.0,0.0,247
2023-05-11 09:32:23,MO2312-C-7400,MO2312-C-7400,59.0,0.0,0.0,0.0,6,59.4,62.8,6,59.0,56.0,0.0,0.0,0.0,0.0,247
2023-05-11 09:32:24,MO2312-C-7400,MO2312-C-7400,59.0,0.0,0.0,0.0,6,59.4,62.8,2,59.0,56.0,0.0,0.0,0.0,0.0,247
2023-05-11 09:32:24,MO2312-C-7400,MO2312-C-7400,59.0,0.0,0.0,0.0,12,59.4,62.6,6,59.0,56.0,0.0,0.0,0.0,0.0,247
2023-05-11 09:32:25,MO2312-C-7400,MO2312-C-7400,59.0,0.0,0.0,0.0,6,59.4,62.8,6,59.0,56.0,0.0,0.0,0.0,0.0,247
2023-05-11 09:32:26,MO2312-C-7400,MO2312-C-7400,59.0,0.0,0.0,0.0,6,59.4,62.8,8,59.0,56.0,0.0,0.0,0.0,0.0,247
2023-05-11 09:32:26,MO2312-C-7400,MO2312-C-7400,59.0,0.0,0.0,0.0,12,59.4,62.6,6,59.0,56.0,0.0,0.0,0.0,0.0,247
2023-05-11 09:32:28,MO2312-C-7400,MO2312-C-7400,59.0,0.0,0.0,0.0,6,59.4,62.6,8,59.0,56.0,0.0,0.0,0.0,0.0,247
2023-05-11 09:32:28,MO2312-C-7400,MO2312-C-7400,59.0,0.0,0.0,0.0,6,59.4,62.4,6,59.0,56.0,0.0,0.0,0.0,0.0,247
2023-05-11 09:32:29,MO2312-C-7400,MO2312-C-7400,59.0,0.0,0.0,0.0,8,59.2,62.4,14,59.0,56.0,0.0,0.0,0.0,0.0,247
2023-05-11 09:32:29,MO2312-C-7400,MO2312-C-7400,59.0,0.0,0.0,0.0,8,59.2,62.2,6,59.0,56.0,0.0,0.0,0.0,0.0,247
2023-05-11 09:32:31,MO2312-C-7400,MO2312-C-7400,59.0,0.0,0.0,0.0,8,59.2,62.2,8,59.0,56.0,0.0,0.0,0.0,0.0,247
2023-05-11 09:32:31,MO2312-C-7400,MO2312-C-7400,59.0,0.0,0.0,0.0,6,59.4,62.2,8,59.0,56.0,0.0,0.0,0.0,0.0,247
2023-05-11 09:32:33,MO2312-C-7400,MO2312-C-7400,59.0,0.0,0.0,0.0,2,59.2,62.0,6,59.0,56.0,0.0,0.0,0.0,0.0,247
2023-05-11 09:32:34,MO2312-C-7400,MO2312-C-7400,59.0,0.0,0.0,0.0,1,59.2,62.0,8,59.0,56.0,0.0,0.0,0.0,0.0,247
2023-05-11 09:32:34,MO2312-C-7400,MO2312-C-7400,59.0,0.0,0.0,0.0,7,59.2,62.0,8,59.0,56.0,0.0,0.0,0.0,0.0,247
2023-05-11 09:32:35,MO2312-C-7400,MO2312-C-7400,59.0,0.0,0.0,0.0,1,59.2,61.8,6,59.0,56.0,0.0,0.0,0.0,0.0,247
2023-05-11 09:32:37,MO2312-C-7400,MO2312-C-7400,59.0,0.0,0.0,0.0,1,59.2,61.8,8,59.0,56.0,0.0,0.0,0.0,0.0,247
2023-05-11 09:32:39,MO2312-C-7400,MO2312-C-7400,59.0,0.0,0.0,0.0,6,59.0,61.6,6,59.0,56.0,0.0,0.0,0.0,0.0,247
2023-05-11 09:32:39,MO2312-C-7400,MO2312-C-7400,59.0,0.0,0.0,0.0,13,58.8,61.6,12,59.0,56.0,0.0,0.0,0.0,0.0,247
2023-05-11 09:32:42,MO2312-C-7400,MO2312-C-7400,59.0,0.0,0.0,0.0,13,58.8,61.6,14,59.0,56.0,0.0,0.0,0.0,0.0,247
2023-05-11 09:32:46,MO2312-C-7400,MO2312-C-7400,59.0,0.0,0.0,0.0,13,58.8,61.6,12,59.0,56.0,0.0,0.0,0.0,0.0,247
2023-05-11 09:32:49,MO2312-C-7400,MO2312-C-7400,59.0,0.0,0.0,0.0,6,59.0,61.6,6,59.0,56.0,0.0,0.0,0.0,0.0,247
2023-05-11 09:32:54,MO2312-C-7400,MO2312-C-7400,59.0,0.0,0.0,0.0,7,59.0,61.6,6,59.0,56.0,0.0,0.0,0.0,0.0,247
2023-05-11 09:32:55,MO2312-C-7400,MO2312-C-7400,59.0,0.0,0.0,0.0,7,59.0,61.6,8,59.0,56.0,0.0,0.0,0.0,0.0,247
2023-05-11 09:32:57,MO2312-C-7400,MO2312-C-7400,59.0,0.0,0.0,0.0,7,59.0,61.6,6,59.0,56.0,0.0,0.0,0.0,0.0,247
2023-05-11 09:32:58,MO2312-C-7400,MO2312-C-7400,59.0,0.0,0.0,0.0,7,59.0,61.6,8,59.0,56.0,0.0,0.0,0.0,0.0,247
2023-05-11 09:32:59,MO2312-C-7400,MO2312-C-7400,59.0,0.0,0.0,0.0,7,59.0,61.6,6,59.0,56.0,0.0,0.0,0.0,0.0,247
2023-05-11 09:33:00,MO2312-C-7400,MO2312-C-7400,59.0,0.0,0.0,0.0,7,59.0,61.6,8,59.0,56.0,0.0,0.0,0.0,0.0,247
2023-05-11 09:33:01,MO2312-C-7400,MO2312-C-7400,59.0,0.0,0.0,0.0,7,59.0,61.8,6,59.0,56.0,0.0,0.0,0.0,0.0,247
2023-05-11 09:33:02,MO2312-C-7400,MO2312-C-7400,59.0,0.0,0.0,0.0,7,59.0,61.8,8,59.0,56.0,0.0,0.0,0.0,0.0,247
2023-05-11 09:33:04,MO2312-C-7400,MO2312-C-7400,59.0,0.0,0.0,0.0,1,59.2,61.8,8,59.0,56.0,0.0,0.0,0.0,0.0,247
2023-05-11 09:33:06,MO2312-C-7400,MO2312-C-7400,59.0,0.0,0.0,0.0,1,59.2,61.6,6,59.0,56.0,0.0,0.0,0.0,0.0,247
2023-05-11 09:33:07,MO2312-C-7400,MO2312-C-7400,59.0,0.0,0.0,0.0,1,59.2,61.6,8,59.0,56.0,0.0,0.0,0.0,0.0,247
2023-05-11 09:33:11,MO2312-C-7400,MO2312-C-7400,59.0,0.0,0.0,0.0,1,59.2,61.6,14,59.0,56.0,0.0,0.0,0.0,0.0,247
2023-05-11 09:33:17,MO2312-C-7400,MO2312-C-7400,59.0,0.0,0.0,0.0,1,59.4,61.6,14,59.0,56.0,0.0,0.0,0.0,0.0,247
2023-05-11 09:33:19,MO2312-C-7400,MO2312-C-7400,59.0,0.0,0.0,0.0,1,59.4,61.6,6,59.0,56.0,0.0,0.0,0.0,0.0,247
2023-05-11 09:33:23,MO2312-C-7400,MO2312-C-7400,59.0,0.0,0.0,0.0,1,59.4,61.6,8,59.0,56.0,0.0,0.0,0.0,0.0,247
2023-05-11 09:33:23,MO2312-C-7400,MO2312-C-7400,59.0,0.0,0.0,0.0,7,59.0,61.6,6,59.0,56.0,0.0,0.0,0.0,0.0,247
2023-05-11 09:33:24,MO2312-C-7400,MO2312-C-7400,59.0,0.0,0.0,0.0,1,59.0,61.6,6,59.0,56.0,0.0,0.0,0.0,0.0,247
2023-05-11 09:33:24,MO2312-C-7400,MO2312-C-7400,59.0,0.0,0.0,0.0,1,59.0,61.6,14,59.0,56.0,0.0,0.0,0.0,0.0,247
2023-05-11 09:33:26,MO2312-C-7400,MO2312-C-7400,59.0,0.0,0.0,0.0,7,59.0,61.6,8,59.0,56.0,0.0,0.0,0.0,0.0,247
2023-05-11 09:33:27,MO2312-C-7400,MO2312-C-7400,59.0,0.0,0.0,0.0,7,59.0,61.6,6,59.0,56.0,0.0,0.0,0.0,0.0,247
2023-05-11 09:33:29,MO2312-C-7400,MO2312-C-7400,59.0,0.0,0.0,0.0,6,59.2,62.0,8,59.0,56.0,0.0,0.0,0.0,0.0,247
2023-05-11 09:33:30,MO2312-C-7400,MO2312-C-7400,59.0,0.0,0.0,0.0,6,59.2,62.0,2,59.0,56.0,0.0,0.0,0.0,0.0,247
2023-05-11 09:33:31,MO2312-C-7400,MO2312-C-7400,59.0,0.0,0.0,0.0,6,59.2,62.2,18,59.0,56.0,0.0,0.0,0.0,0.0,247
2023-05-11 09:33:31,MO2312-C-7400,MO2312-C-7400,59.0,0.0,0.0,0.0,6,59.2,62.2,12,59.0,56.0,0.0,0.0,0.0,0.0,247
2023-05-11 09:33:32,MO2312-C-7400,MO2312-C-7400,59.0,0.0,0.0,0.0,6,59.2,62.2,6,59.0,56.0,0.0,0.0,0.0,0.0,247
2023-05-11 09:33:32,MO2312-C-7400,MO2312-C-7400,59.0,0.0,0.0,0.0,6,59.2,62.2,2,59.0,56.0,0.0,0.0,0.0,0.0,247
2023-05-11 09:33:33,MO2312-C-7400,MO2312-C-7400,59.0,0.0,0.0,0.0,6,59.2,62.4,30,59.0,56.0,0.0,0.0,0.0,0.0,247
2023-05-11 09:33:34,MO2312-C-7400,MO2312-C-7400,59.0,0.0,0.0,0.0,6,59.2,62.4,18,59.0,56.0,0.0,0.0,0.0,0.0,247
2023-05-11 09:33:34,MO2312-C-7400,MO2312-C-7400,59.0,0.0,0.0,0.0,6,59.2,62.4,20,59.0,56.0,0.0,0.0,0.0,0.0,247
2023-05-11 09:33:35,MO2312-C-7400,MO2312-C-7400,59.0,0.0,0.0,0.0,6,59.2,62.4,14,59.0,56.0,0.0,0.0,0.0,0.0,247
2023-05-11 09:33:42,MO2312-C-7400,MO2312-C-7400,59.0,0.0,0.0,0.0,6,59.2,62.4,20,59.0,56.0,0.0,0.0,0.0,0.0,247
2023-05-11 09:33:43,MO2312-C-7400,MO2312-C-7400,59.0,0.0,0.0,0.0,7,59.2,62.4,20,59.0,56.0,0.0,0.0,0.0,0.0,247
2023-05-11 09:33:44,MO2312-C-7400,MO2312-C-7400,59.0,0.0,0.0,0.0,6,59.4,62.2,6,59.0,56.0,0.0,0.0,0.0,0.0,247
2023-05-11 09:33:45,MO2312-C-7400,MO2312-C-7400,59.0,0.0,0.0,0.0,6,59.4,62.4,14,59.0,56.0,0.0,0.0,0.0,0.0,247
2023-05-11 09:33:46,MO2312-C-7400,MO2312-C-7400,59.0,0.0,0.0,0.0,6,59.4,62.2,2,59.0,56.0,0.0,0.0,0.0,0.0,247
2023-05-11 09:33:46,MO2312-C-7400,MO2312-C-7400,59.0,0.0,0.0,0.0,6,59.4,62.4,12,59.0,56.0,0.0,0.0,0.0,0.0,247
2023-05-11 09:33:47,MO2312-C-7400,MO2312-C-7400,59.0,0.0,0.0,0.0,6,59.4,62.4,6,59.0,56.0,0.0,0.0,0.0,0.0,247
2023-05-11 09:33:47,MO2312-C-7400,MO2312-C-7400,59.0,0.0,0.0,0.0,6,59.4,62.4,8,59.0,56.0,0.0,0.0,0.0,0.0,247
2023-05-11 09:33:48,MO2312-C-7400,MO2312-C-7400,59.0,0.0,0.0,0.0,7,59.4,62.4,8,59.0,56.0,0.0,0.0,0.0,0.0,247
2023-05-11 09:33:49,MO2312-C-7400,MO2312-C-7400,59.0,0.0,0.0,0.0,6,59.6,62.4,14,59.0,56.0,0.0,0.0,0.0,0.0,247
2023-05-11 09:33:50,MO2312-C-7400,MO2312-C-7400,59.0,0.0,0.0,0.0,1,59.4,62.4,14,59.0,56.0,0.0,0.0,0.0,0.0,247
2023-05-11 09:33:50,MO2312-C-7400,MO2312-C-7400,59.0,0.0,0.0,0.0,7,59.4,62.2,6,59.0,56.0,0.0,0.0,0.0,0.0,247
2023-05-11 09:33:52,MO2312-C-7400,MO2312-C-7400,59.0,0.0,0.0,0.0,7,59.4,62.2,8,59.0,56.0,0.0,0.0,0.0,0.0,247
2023-05-11 09:33:57,MO2312-C-7400,MO2312-C-7400,59.0,0.0,0.0,0.0,1,59.4,62.0,6,59.0,56.0,0.0,0.0,0.0,0.0,247
2023-05-11 09:33:58,MO2312-C-7400,MO2312-C-7400,59.0,0.0,0.0,0.0,1,59.6,62.0,6,59.0,56.0,0.0,0.0,0.0,0.0,247
2023-05-11 09:34:00,MO2312-C-7400,MO2312-C-7400,59.0,0.0,0.0,0.0,1,59.6,62.2,8,59.0,56.0,0.0,0.0,0.0,0.0,247
2023-05-11 09:34:01,MO2312-C-7400,MO2312-C-7400,59.0,0.0,0.0,0.0,1,59.6,62.0,6,59.0,56.0,0.0,0.0,0.0,0.0,247
2023-05-11 09:34:01,MO2312-C-7400,MO2312-C-7400,59.0,0.0,0.0,0.0,1,59.6,62.2,8,59.0,56.0,0.0,0.0,0.0,0.0,247
2023-05-11 09:34:04,MO2312-C-7400,MO2312-C-7400,59.0,0.0,0.0,0.0,1,59.6,62.2,2,59.0,56.0,0.0,0.0,0.0,0.0,247
2023-05-11 09:34:05,MO2312-C-7400,MO2312-C-7400,59.0,0.0,0.0,0.0,7,59.6,62.4,12,59.0,56.0,0.0,0.0,0.0,0.0,247
2023-05-11 09:34:06,MO2312-C-7400,MO2312-C-7400,59.0,0.0,0.0,0.0,7,59.6,62.4,14,59.0,56.0,0.0,0.0,0.0,0.0,247
2023-05-11 09:34:07,MO2312-C-7400,MO2312-C-7400,59.0,0.0,0.0,0.0,7,59.6,62.4,12,59.0,56.0,0.0,0.0,0.0,0.0,247
2023-05-11 09:34:08,MO2312-C-7400,MO2312-C-7400,59.0,0.0,0.0,0.0,1,59.8,62.4,12,59.0,56.0,0.0,0.0,0.0,0.0,247
2023-05-11 09:34:09,MO2312-C-7400,MO2312-C-7400,59.0,0.0,0.0,0.0,1,59.8,62.2,6,59.0,56.0,0.0,0.0,0.0,0.0,247
2023-05-11 09:34:20,MO2312-C-7400,MO2312-C-7400,59.0,0.0,0.0,0.0,1,60.0,62.2,6,59.0,56.0,0.0,0.0,0.0,0.0,247
2023-05-11 09:34:39,MO2312-C-7400,MO2312-C-7400,59.0,0.0,0.0,0.0,1,60.2,62.2,6,59.0,56.0,0.0,0.0,0.0,0.0,247
2023-05-11 09:34:40,MO2312-C-7400,MO2312-C-7400,59.0,0.0,0.0,0.0,1,60.2,62.4,12,59.0,56.0,0.0,0.0,0.0,0.0,247
2023-05-11 09:34:54,MO2312-C-7400,MO2312-C-7400,59.0,0.0,0.0,0.0,1,60.2,62.2,6,59.0,56.0,0.0,0.0,0.0,0.0,247
2023-05-11 09:35:07,MO2312-C-7400,MO2312-C-7400,59.0,0.0,0.0,0.0,1,60.2,62.0,6,59.0,56.0,0.0,0.0,0.0,0.0,247
2023-05-11 09:35:07,MO2312-C-7400,MO2312-C-7400,59.0,0.0,0.0,0.0,1,59.8,61.8,6,59.0,56.0,0.0,0.0,0.0,0.0,247
2023-05-11 09:35:10,MO2312-C-7400,MO2312-C-7400,59.0,0.0,0.0,0.0,1,59.8,62.0,6,59.0,56.0,0.0,0.0,0.0,0.0,247
2023-05-11 09:35:10,MO2312-C-7400,MO2312-C-7400,59.0,0.0,0.0,0.0,1,59.8,62.0,12,59.0,56.0,0.0,0.0,0.0,0.0,247
2023-05-11 09:35:11,MO2312-C-7400,MO2312-C-7400,59.0,0.0,0.0,0.0,1,59.8,62.0,6,59.0,56.0,0.0,0.0,0.0,0.0,247
2023-05-11 09:35:14,MO2312-C-7400,MO2312-C-7400,59.0,0.0,0.0,0.0,1,59.8,62.2,6,59.0,56.0,0.0,0.0,0.0,0.0,247
2023-05-11 09:35:17,MO2312-C-7400,MO2312-C-7400,59.0,0.0,0.0,0.0,1,60.0,62.2,6,59.0,56.0,0.0,0.0,0.0,0.0,247
2023-05-11 09:35:24,MO2312-C-7400,MO2312-C-7400,59.0,0.0,0.0,0.0,1,60.0,62.2,12,59.0,56.0,0.0,0.0,0.0,0.0,247
2023-05-11 09:35:25,MO2312-C-7400,MO2312-C-7400,59.0,0.0,0.0,0.0,1,60.0,62.0,6,59.0,56.0,0.0,0.0,0.0,0.0,247
2023-05-11 09:35:37,MO2312-C-7400,MO2312-C-7400,59.0,0.0,0.0,0.0,1,59.6,62.0,6,59.0,56.0,0.0,0.0,0.0,0.0,247
2023-05-11 09:35:39,MO2312-C-7400,MO2312-C-7400,59.0,0.0,0.0,0.0,1,59.6,61.8,6,59.0,56.0,0.0,0.0,0.0,0.0,247
2023-05-11 09:35:40,MO2312-C-7400,MO2312-C-7400,59.0,0.0,0.0,0.0,1,59.6,61.6,6,59.0,56.0,0.0,0.0,0.0,0.0,247
2023-05-11 09:35:40,MO2312-C-7400,MO2312-C-7400,59.0,0.0,0.0,0.0,1,59.6,61.6,12,59.0,56.0,0.0,0.0,0.0,0.0,247
2023-05-11 09:35:41,MO2312-C-7400,MO2312-C-7400,59.0,0.0,0.0,0.0,1,59.6,61.4,6,59.0,56.0,0.0,0.0,0.0,0.0,247
2023-05-11 09:35:45,MO2312-C-7400,MO2312-C-7400,59.0,0.0,0.0,0.0,1,59.2,61.4,6,59.0,56.0,0.0,0.0,0.0,0.0,247
2023-05-11 09:35:48,MO2312-C-7400,MO2312-C-7400,59.0,0.0,0.0,0.0,1,59.2,61.6,12,59.0,56.0,0.0,0.0,0.0,0.0,247
2023-05-11 09:35:56,MO2312-C-7400,MO2312-C-7400,59.0,0.0,0.0,0.0,1,59.2,61.4,6,59.0,56.0,0.0,0.0,0.0,0.0,247
2023-05-11 09:35:57,MO2312-C-7400,MO2312-C-7400,59.0,0.0,0.0,0.0,1,59.2,61.6,12,59.0,56.0,0.0,0.0,0.0,0.0,247
2023-05-11 09:35:58,MO2312-C-7400,MO2312-C-7400,59.0,0.0,0.0,0.0,1,59.2,61.4,6,59.0,56.0,0.0,0.0,0.0,0.0,247
2023-05-11 09:36:08,MO2312-C-7400,MO2312-C-7400,59.0,0.0,0.0,0.0,1,59.4,61.4,6,59.0,56.0,0.0,0.0,0.0,0.0,247
2023-05-11 09:36:10,MO2312-C-7400,MO2312-C-7400,59.0,0.0,0.0,0.0,1,59.0,61.4,6,59.0,56.0,0.0,0.0,0.0,0.0,247
2023-05-11 09:36:34,MO2312-C-7400,MO2312-C-7400,59.0,0.0,0.0,0.0,1,59.0,61.4,8,59.0,56.0,0.0,0.0,0.0,0.0,247
2023-05-11 09:36:34,MO2312-C-7400,MO2312-C-7400,59.0,0.0,0.0,0.0,1,59.0,61.2,6,59.0,56.0,0.0,0.0,0.0,0.0,247
2023-05-11 09:36:36,MO2312-C-7400,MO2312-C-7400,59.0,0.0,0.0,0.0,1,59.0,61.2,8,59.0,56.0,0.0,0.0,0.0,0.0,247
2023-05-11 09:36:39,MO2312-C-7400,MO2312-C-7400,59.0,0.0,0.0,0.0,12,58.6,61.2,8,59.0,56.0,0.0,0.0,0.0,0.0,247
2023-05-11 09:36:40,MO2312-C-7400,MO2312-C-7400,59.0,0.0,0.0,0.0,19,58.4,61.2,8,59.0,56.0,0.0,0.0,0.0,0.0,247
2023-05-11 09:36:40,MO2312-C-7400,MO2312-C-7400,59.0,0.0,0.0,0.0,13,58.4,61.2,8,59.0,56.0,0.0,0.0,0.0,0.0,247
2023-05-11 09:36:45,MO2312-C-7400,MO2312-C-7400,59.0,0.0,0.0,0.0,7,58.4,61.0,6,59.0,56.0,0.0,0.0,0.0,0.0,247
2023-05-11 09:36:45,MO2312-C-7400,MO2312-C-7400,59.0,0.0,0.0,0.0,1,58.4,61.0,8,59.0,56.0,0.0,0.0,0.0,0.0,247
2023-05-11 09:36:46,MO2312-C-7400,MO2312-C-7400,59.0,0.0,0.0,0.0,1,58.4,61.0,2,59.0,56.0,0.0,0.0,0.0,0.0,247
2023-05-11 09:36:46,MO2312-C-7400,MO2312-C-7400,59.0,0.0,0.0,0.0,1,58.4,60.8,6,59.0,56.0,0.0,0.0,0.0,0.0,247
2023-05-11 09:36:47,MO2312-C-7400,MO2312-C-7400,59.0,0.0,0.0,0.0,1,58.4,60.8,12,59.0,56.0,0.0,0.0,0.0,0.0,247
2023-05-11 09:36:47,MO2312-C-7400,MO2312-C-7400,59.0,0.0,0.0,0.0,1,58.4,60.8,18,59.0,56.0,0.0,0.0,0.0,0.0,247
2023-05-11 09:36:48,MO2312-C-7400,MO2312-C-7400,59.0,0.0,0.0,0.0,1,58.4,60.8,26,59.0,56.0,0.0,0.0,0.0,0.0,247
2023-05-11 09:36:50,MO2312-C-7400,MO2312-C-7400,59.0,0.0,0.0,0.0,1,58.6,60.8,26,59.0,56.0,0.0,0.0,0.0,0.0,247
2023-05-11 09:36:52,MO2312-C-7400,MO2312-C-7400,59.0,0.0,0.0,0.0,1,58.6,60.6,6,59.0,56.0,0.0,0.0,0.0,0.0,247
2023-05-11 09:36:56,MO2312-C-7400,MO2312-C-7400,59.0,0.0,0.0,0.0,1,58.6,60.6,8,59.0,56.0,0.0,0.0,0.0,0.0,247
2023-05-11 09:37:02,MO2312-C-7400,MO2312-C-7400,59.0,0.0,0.0,0.0,13,58.2,60.6,8,59.0,56.0,0.0,0.0,0.0,0.0,247
2023-05-11 09:37:03,MO2312-C-7400,MO2312-C-7400,59.0,0.0,0.0,0.0,7,58.2,60.6,8,59.0,56.0,0.0,0.0,0.0,0.0,247
2023-05-11 09:37:03,MO2312-C-7400,MO2312-C-7400,59.0,0.0,0.0,0.0,7,58.2,60.4,6,59.0,56.0,0.0,0.0,0.0,0.0,247
2023-05-11 09:37:04,MO2312-C-7400,MO2312-C-7400,59.0,0.0,0.0,0.0,1,58.2,60.4,6,59.0,56.0,0.0,0.0,0.0,0.0,247
2023-05-11 09:37:05,MO2312-C-7400,MO2312-C-7400,59.0,0.0,0.0,0.0,1,58.2,60.4,8,59.0,56.0,0.0,0.0,0.0,0.0,247
2023-05-11 09:37:09,MO2312-C-7400,MO2312-C-7400,59.0,0.0,0.0,0.0,1,58.2,60.4,2,59.0,56.0,0.0,0.0,0.0,0.0,247
2023-05-11 09:37:10,MO2312-C-7400,MO2312-C-7400,59.0,0.0,0.0,0.0,1,58.2,60.6,6,59.0,56.0,0.0,0.0,0.0,0.0,247
2023-05-11 09:37:11,MO2312-C-7400,MO2312-C-7400,59.0,0.0,0.0,0.0,1,58.2,60.8,24,59.0,56.0,0.0,0.0,0.0,0.0,247
2023-05-11 09:37:12,MO2312-C-7400,MO2312-C-7400,59.0,0.0,0.0,0.0,1,58.2,60.8,20,59.0,56.0,0.0,0.0,0.0,0.0,247
2023-05-11 09:37:12,MO2312-C-7400,MO2312-C-7400,59.0,0.0,0.0,0.0,1,58.4,60.8,20,59.0,56.0,0.0,0.0,0.0,0.0,247
2023-05-11 09:37:14,MO2312-C-7400,MO2312-C-7400,59.0,0.0,0.0,0.0,1,58.4,60.8,18,59.0,56.0,0.0,0.0,0.0,0.0,247
2023-05-11 09:37:15,MO2312-C-7400,MO2312-C-7400,59.0,0.0,0.0,0.0,1,58.4,60.8,20,59.0,56.0,0.0,0.0,0.0,0.0,247
2023-05-11 09:37:16,MO2312-C-7400,MO2312-C-7400,59.0,0.0,0.0,0.0,1,58.4,60.6,6,59.0,56.0,0.0,0.0,0.0,0.0,247
2023-05-11 09:37:16,MO2312-C-7400,MO2312-C-7400,59.0,0.0,0.0,0.0,1,58.4,60.6,8,59.0,56.0,0.0,0.0,0.0,0.0,247
2023-05-11 09:37:18,MO2312-C-7400,MO2312-C-7400,59.0,0.0,0.0,0.0,1,58.4,60.4,6,59.0,56.0,0.0,0.0,0.0,0.0,247
2023-05-11 09:37:19,MO2312-C-7400,MO2312-C-7400,59.0,0.0,0.0,0.0,1,58.4,60.4,8,59.0,56.0,0.0,0.0,0.0,0.0,247
2023-05-11 09:37:25,MO2312-C-7400,MO2312-C-7400,59.0,0.0,0.0,0.0,1,57.8,60.2,6,59.0,56.0,0.0,0.0,0.0,0.0,247
2023-05-11 09:37:25,MO2312-C-7400,MO2312-C-7400,59.0,0.0,0.0,0.0,1,57.8,60.2,8,59.0,56.0,0.0,0.0,0.0,0.0,247
2023-05-11 09:37:30,MO2312-C-7400,MO2312-C-7400,59.0,0.0,0.0,0.0,1,57.8,60.2,2,59.0,56.0,0.0,0.0,0.0,0.0,247
2023-05-11 09:37:31,MO2312-C-7400,MO2312-C-7400,59.0,0.0,0.0,0.0,1,57.8,60.4,6,59.0,56.0,0.0,0.0,0.0,0.0,247
2023-05-11 09:37:32,MO2312-C-7400,MO2312-C-7400,59.0,0.0,0.0,0.0,1,57.8,60.6,6,59.0,56.0,0.0,0.0,0.0,0.0,247
2023-05-11 09:37:32,MO2312-C-7400,MO2312-C-7400,59.0,0.0,0.0,0.0,1,57.8,60.4,2,59.0,56.0,0.0,0.0,0.0,0.0,247
2023-05-11 09:37:33,MO2312-C-7400,MO2312-C-7400,59.0,0.0,0.0,0.0,1,57.8,60.4,6,59.0,56.0,0.0,0.0,0.0,0.0,247
2023-05-11 09:37:33,MO2312-C-7400,MO2312-C-7400,59.0,0.0,0.0,0.0,1,57.8,60.6,6,59.0,56.0,0.0,0.0,0.0,0.0,247
2023-05-11 09:37:34,MO2312-C-7400,MO2312-C-7400,59.0,0.0,0.0,0.0,7,57.8,60.6,8,59.0,56.0,0.0,0.0,0.0,0.0,247
2023-05-11 09:37:35,MO2312-C-7400,MO2312-C-7400,59.0,0.0,0.0,0.0,1,58.0,60.6,8,59.0,56.0,0.0,0.0,0.0,0.0,247
2023-05-11 09:37:44,MO2312-C-7400,MO2312-C-7400,59.0,0.0,0.0,0.0,1,58.0,60.4,6,59.0,56.0,0.0,0.0,0.0,0.0,247
2023-05-11 09:37:48,MO2312-C-7400,MO2312-C-7400,59.0,0.0,0.0,0.0,1,58.0,60.4,8,59.0,56.0,0.0,0.0,0.0,0.0,247
2023-05-11 09:37:51,MO2312-C-7400,MO2312-C-7400,59.0,0.0,0.0,0.0,1,58.2,60.4,8,59.0,56.0,0.0,0.0,0.0,0.0,247
2023-05-11 09:37:52,MO2312-C-7400,MO2312-C-7400,59.0,0.0,0.0,0.0,1,58.2,60.4,2,59.0,56.0,0.0,0.0,0.0,0.0,247
2023-05-11 09:37:54,MO2312-C-7400,MO2312-C-7400,59.0,0.0,0.0,0.0,1,58.2,60.6,6,59.0,56.0,0.0,0.0,0.0,0.0,247
2023-05-11 09:37:55,MO2312-C-7400,MO2312-C-7400,59.0,0.0,0.0,0.0,1,58.2,60.6,8,59.0,56.0,0.0,0.0,0.0,0.0,247
2023-05-11 09:38:02,MO2312-C-7400,MO2312-C-7400,59.0,0.0,0.0,0.0,1,58.4,60.6,8,59.0,56.0,0.0,0.0,0.0,0.0,247
2023-05-11 09:38:05,MO2312-C-7400,MO2312-C-7400,59.0,0.0,0.0,0.0,1,58.4,60.6,2,59.0,56.0,0.0,0.0,0.0,0.0,247
2023-05-11 09:38:06,MO2312-C-7400,MO2312-C-7400,59.0,0.0,0.0,0.0,1,58.4,60.8,30,59.0,56.0,0.0,0.0,0.0,0.0,247
2023-05-11 09:38:07,MO2312-C-7400,MO2312-C-7400,59.0,0.0,0.0,0.0,1,58.4,60.8,18,59.0,56.0,0.0,0.0,0.0,0.0,247
2023-05-11 09:38:07,MO2312-C-7400,MO2312-C-7400,59.0,0.0,0.0,0.0,1,58.4,60.8,20,59.0,56.0,0.0,0.0,0.0,0.0,247
2023-05-11 09:38:19,MO2312-C-7400,MO2312-C-7400,59.0,0.0,0.0,0.0,1,58.4,60.8,14,59.0,56.0,0.0,0.0,0.0,0.0,247
2023-05-11 09:38:21,MO2312-C-7400,MO2312-C-7400,59.0,0.0,0.0,0.0,1,58.4,60.8,20,59.0,56.0,0.0,0.0,0.0,0.0,247
2023-05-11 09:38:22,MO2312-C-7400,MO2312-C-7400,59.0,0.0,0.0,0.0,1,58.6,60.8,20,59.0,56.0,0.0,0.0,0.0,0.0,247
2023-05-11 09:38:24,MO2312-C-7400,MO2312-C-7400,59.0,0.0,0.0,0.0,1,58.6,60.8,14,59.0,56.0,0.0,0.0,0.0,0.0,247
2023-05-11 09:38:25,MO2312-C-7400,MO2312-C-7400,59.0,0.0,0.0,0.0,1,58.6,60.8,12,59.0,56.0,0.0,0.0,0.0,0.0,247
2023-05-11 09:38:26,MO2312-C-7400,MO2312-C-7400,59.0,0.0,0.0,0.0,1,58.6,60.8,6,59.0,56.0,0.0,0.0,0.0,0.0,247
2023-05-11 09:38:32,MO2312-C-7400,MO2312-C-7400,59.0,0.0,0.0,0.0,1,58.8,60.8,6,59.0,56.0,0.0,0.0,0.0,0.0,247
2023-05-11 09:38:35,MO2312-C-7400,MO2312-C-7400,59.0,0.0,0.0,0.0,6,58.4,60.8,6,59.0,56.0,0.0,0.0,0.0,0.0,247
2023-05-11 09:38:35,MO2312-C-7400,MO2312-C-7400,59.0,0.0,0.0,0.0,6,58.0,60.8,6,59.0,56.0,0.0,0.0,0.0,0.0,247
2023-05-11 09:38:36,MO2312-C-7400,MO2312-C-7400,59.0,0.0,0.0,0.0,6,57.8,60.8,6,59.0,56.0,0.0,0.0,0.0,0.0,247
2023-05-11 09:38:41,MO2312-C-7400,MO2312-C-7400,59.0,0.0,0.0,0.0,6,57.8,60.8,12,59.0,56.0,0.0,0.0,0.0,0.0,247
2023-05-11 09:38:45,MO2312-C-7400,MO2312-C-7400,59.0,0.0,0.0,0.0,6,57.8,60.8,6,59.0,56.0,0.0,0.0,0.0,0.0,247
2023-05-11 09:38:49,MO2312-C-7400,MO2312-C-7400,59.0,0.0,0.0,0.0,6,57.8,60.8,12,59.0,56.0,0.0,0.0,0.0,0.0,247
2023-05-11 09:39:02,MO2312-C-7400,MO2312-C-7400,59.0,0.0,0.0,0.0,6,57.8,60.8,6,59.0,56.0,0.0,0.0,0.0,0.0,247
2023-05-11 09:39:06,MO2312-C-7400,MO2312-C-7400,59.0,0.0,0.0,0.0,8,57.8,60.8,6,59.0,56.0,0.0,0.0,0.0,0.0,247
2023-05-11 09:39:06,MO2312-C-7400,MO2312-C-7400,59.0,0.0,0.0,0.0,6,58.0,60.8,6,59.0,56.0,0.0,0.0,0.0,0.0,247
2023-05-11 09:39:07,MO2312-C-7400,MO2312-C-7400,59.0,0.0,0.0,0.0,6,57.8,60.8,6,59.0,56.0,0.0,0.0,0.0,0.0,247
2023-05-11 09:39:08,MO2312-C-7400,MO2312-C-7400,59.0,0.0,0.0,0.0,8,57.8,60.8,6,59.0,56.0,0.0,0.0,0.0,0.0,247
2023-05-11 09:39:08,MO2312-C-7400,MO2312-C-7400,59.0,0.0,0.0,0.0,6,58.0,60.8,6,59.0,56.0,0.0,0.0,0.0,0.0,247
2023-05-11 09:39:12,MO2312-C-7400,MO2312-C-7400,59.0,0.0,0.0,0.0,6,57.8,60.8,6,59.0,56.0,0.0,0.0,0.0,0.0,247
2023-05-11 09:39:13,MO2312-C-7400,MO2312-C-7400,59.0,0.0,0.0,0.0,6,57.8,60.8,12,59.0,56.0,0.0,0.0,0.0,0.0,247
2023-05-11 09:39:23,MO2312-C-7400,MO2312-C-7400,59.0,0.0,0.0,0.0,6,57.8,60.8,6,59.0,56.0,0.0,0.0,0.0,0.0,247
2023-05-11 09:39:26,MO2312-C-7400,MO2312-C-7400,59.0,0.0,0.0,0.0,8,57.8,60.8,6,59.0,56.0,0.0,0.0,0.0,0.0,247
2023-05-11 09:39:27,MO2312-C-7400,MO2312-C-7400,59.0,0.0,0.0,0.0,6,58.0,60.8,6,59.0,56.0,0.0,0.0,0.0,0.0,247
2023-05-11 09:39:30,MO2312-C-7400,MO2312-C-7400,59.0,0.0,0.0,0.0,2,58.0,60.8,6,59.0,56.0,0.0,0.0,0.0,0.0,247
2023-05-11 09:39:30,MO2312-C-7400,MO2312-C-7400,59.0,0.0,0.0,0.0,6,58.2,60.8,6,59.0,56.0,0.0,0.0,0.0,0.0,247
2023-05-11 09:39:31,MO2312-C-7400,MO2312-C-7400,59.0,0.0,0.0,0.0,6,57.8,60.8,6,59.0,56.0,0.0,0.0,0.0,0.0,247
2023-05-11 09:39:31,MO2312-C-7400,MO2312-C-7400,59.0,0.0,0.0,0.0,8,57.8,60.8,6,59.0,56.0,0.0,0.0,0.0,0.0,247
2023-05-11 09:39:32,MO2312-C-7400,MO2312-C-7400,59.0,0.0,0.0,0.0,6,58.0,60.8,6,59.0,56.0,0.0,0.0,0.0,0.0,247
2023-05-11 09:39:35,MO2312-C-7400,MO2312-C-7400,59.0,0.0,0.0,0.0,6,58.0,60.8,12,59.0,56.0,0.0,0.0,0.0,0.0,247
2023-05-11 09:39:37,MO2312-C-7400,MO2312-C-7400,59.0,0.0,0.0,0.0,6,57.8,60.8,6,59.0,56.0,0.0,0.0,0.0,0.0,247
2023-05-11 09:39:37,MO2312-C-7400,MO2312-C-7400,59.0,0.0,0.0,0.0,8,57.8,60.8,6,59.0,56.0,0.0,0.0,0.0,0.0,247
2023-05-11 09:39:38,MO2312-C-7400,MO2312-C-7400,59.0,0.0,0.0,0.0,6,58.0,60.8,12,59.0,56.0,0.0,0.0,0.0,0.0,247
2023-05-11 09:39:38,MO2312-C-7400,MO2312-C-7400,59.0,0.0,0.0,0.0,6,57.8,60.8,6,59.0,56.0,0.0,0.0,0.0,0.0,247
2023-05-11 09:39:39,MO2312-C-7400,MO2312-C-7400,59.0,0.0,0.0,0.0,8,57.8,60.8,6,59.0,56.0,0.0,0.0,0.0,0.0,247
2023-05-11 09:39:40,MO2312-C-7400,MO2312-C-7400,59.0,0.0,0.0,0.0,6,58.0,60.8,12,59.0,56.0,0.0,0.0,0.0,0.0,247
2023-05-11 09:39:40,MO2312-C-7400,MO2312-C-7400,59.0,0.0,0.0,0.0,6,57.8,60.8,6,59.0,56.0,0.0,0.0,0.0,0.0,247
2023-05-11 09:39:41,MO2312-C-7400,MO2312-C-7400,59.0,0.0,0.0,0.0,8,57.8,60.8,6,59.0,56.0,0.0,0.0,0.0,0.0,247
2023-05-11 09:39:41,MO2312-C-7400,MO2312-C-7400,59.0,0.0,0.0,0.0,6,58.0,60.8,12,59.0,56.0,0.0,0.0,0.0,0.0,247
2023-05-11 09:39:42,MO2312-C-7400,MO2312-C-7400,59.0,0.0,0.0,0.0,6,57.8,60.8,6,59.0,56.0,0.0,0.0,0.0,0.0,247
2023-05-11 09:39:44,MO2312-C-7400,MO2312-C-7400,59.0,0.0,0.0,0.0,8,57.8,60.8,6,59.0,56.0,0.0,0.0,0.0,0.0,247
2023-05-11 09:39:44,MO2312-C-7400,MO2312-C-7400,59.0,0.0,0.0,0.0,6,58.0,60.8,6,59.0,56.0,0.0,0.0,0.0,0.0,247
2023-05-11 09:39:46,MO2312-C-7400,MO2312-C-7400,59.0,0.0,0.0,0.0,8,58.0,60.8,6,59.0,56.0,0.0,0.0,0.0,0.0,247
2023-05-11 09:39:47,MO2312-C-7400,MO2312-C-7400,59.0,0.0,0.0,0.0,6,58.2,60.8,6,59.0,56.0,0.0,0.0,0.0,0.0,247
2023-05-11 09:39:50,MO2312-C-7400,MO2312-C-7400,59.0,0.0,0.0,0.0,6,58.2,61.0,12,59.0,56.0,0.0,0.0,0.0,0.0,247
2023-05-11 09:39:50,MO2312-C-7400,MO2312-C-7400,59.0,0.0,0.0,0.0,6,58.2,61.2,24,59.0,56.0,0.0,0.0,0.0,0.0,247
2023-05-11 09:39:51,MO2312-C-7400,MO2312-C-7400,59.0,0.0,0.0,0.0,8,58.0,61.2,6,59.0,56.0,0.0,0.0,0.0,0.0,247
2023-05-11 09:39:51,MO2312-C-7400,MO2312-C-7400,59.0,0.0,0.0,0.0,6,58.2,61.2,6,59.0,56.0,0.0,0.0,0.0,0.0,247
2023-05-11 09:40:01,MO2312-C-7400,MO2312-C-7400,59.0,0.0,0.0,0.0,8,58.0,61.4,6,59.0,56.0,0.0,0.0,0.0,0.0,247
2023-05-11 09:40:02,MO2312-C-7400,MO2312-C-7400,59.0,0.0,0.0,0.0,6,58.2,61.6,42,59.0,56.0,0.0,0.0,0.0,0.0,247
2023-05-11 09:40:02,MO2312-C-7400,MO2312-C-7400,59.0,0.0,0.0,0.0,6,58.2,61.6,36,59.0,56.0,0.0,0.0,0.0,0.0,247
2023-05-11 09:40:04,MO2312-C-7400,MO2312-C-7400,59.0,0.0,0.0,0.0,8,58.2,61.6,24,59.0,56.0,0.0,0.0,0.0,0.0,247
2023-05-11 09:40:05,MO2312-C-7400,MO2312-C-7400,59.0,0.0,0.0,0.0,6,58.4,61.6,18,59.0,56.0,0.0,0.0,0.0,0.0,247
2023-05-11 09:40:08,MO2312-C-7400,MO2312-C-7400,59.0,0.0,0.0,0.0,6,58.4,61.4,6,59.0,56.0,0.0,0.0,0.0,0.0,247
2023-05-11 09:40:08,MO2312-C-7400,MO2312-C-7400,59.0,0.0,0.0,0.0,6,58.2,61.6,24,59.0,56.0,0.0,0.0,0.0,0.0,247
2023-05-11 09:40:16,MO2312-C-7400,MO2312-C-7400,59.0,0.0,0.0,0.0,8,58.2,61.6,24,59.0,56.0,0.0,0.0,0.0,0.0,247
2023-05-11 09:40:16,MO2312-C-7400,MO2312-C-7400,59.0,0.0,0.0,0.0,6,58.4,61.4,6,59.0,56.0,0.0,0.0,0.0,0.0,247
2023-05-11 09:40:17,MO2312-C-7400,MO2312-C-7400,59.0,0.0,0.0,0.0,6,58.4,61.6,18,59.0,56.0,0.0,0.0,0.0,0.0,247
2023-05-11 09:40:18,MO2312-C-7400,MO2312-C-7400,59.0,0.0,0.0,0.0,8,58.4,61.6,18,59.0,56.0,0.0,0.0,0.0,0.0,247
2023-05-11 09:40:18,MO2312-C-7400,MO2312-C-7400,59.0,0.0,0.0,0.0,6,58.6,61.6,24,59.0,56.0,0.0,0.0,0.0,0.0,247
2023-05-11 09:40:24,MO2312-C-7400,MO2312-C-7400,59.0,0.0,0.0,0.0,6,58.6,61.6,18,59.0,56.0,0.0,0.0,0.0,0.0,247
2023-05-11 09:40:27,MO2312-C-7400,MO2312-C-7400,59.0,0.0,0.0,0.0,8,58.6,61.6,18,59.0,56.0,0.0,0.0,0.0,0.0,247
2023-05-11 09:40:28,MO2312-C-7400,MO2312-C-7400,59.0,0.0,0.0,0.0,6,58.8,61.6,24,59.0,56.0,0.0,0.0,0.0,0.0,247
2023-05-11 09:40:29,MO2312-C-7400,MO2312-C-7400,59.0,0.0,0.0,0.0,6,58.2,61.6,18,59.0,56.0,0.0,0.0,0.0,0.0,247
2023-05-11 09:40:29,MO2312-C-7400,MO2312-C-7400,59.0,0.0,0.0,0.0,8,58.2,61.6,18,59.0,56.0,0.0,0.0,0.0,0.0,247
2023-05-11 09:40:30,MO2312-C-7400,MO2312-C-7400,59.0,0.0,0.0,0.0,6,58.4,61.6,18,59.0,56.0,0.0,0.0,0.0,0.0,247
2023-05-11 09:40:30,MO2312-C-7400,MO2312-C-7400,59.0,0.0,0.0,0.0,8,58.4,61.4,6,59.0,56.0,0.0,0.0,0.0,0.0,247
2023-05-11 09:40:32,MO2312-C-7400,MO2312-C-7400,59.0,0.0,0.0,0.0,6,58.6,61.6,18,59.0,56.0,0.0,0.0,0.0,0.0,247
2023-05-11 09:40:32,MO2312-C-7400,MO2312-C-7400,59.0,0.0,0.0,0.0,6,58.2,61.6,18,59.0,56.0,0.0,0.0,0.0,0.0,247
2023-05-11 09:40:33,MO2312-C-7400,MO2312-C-7400,59.0,0.0,0.0,0.0,8,58.2,61.6,18,59.0,56.0,0.0,0.0,0.0,0.0,247
2023-05-11 09:40:33,MO2312-C-7400,MO2312-C-7400,59.0,0.0,0.0,0.0,6,58.4,61.6,18,59.0,56.0,0.0,0.0,0.0,0.0,247
2023-05-11 09:40:37,MO2312-C-7400,MO2312-C-7400,59.0,0.0,0.0,0.0,6,58.4,61.6,24,59.0,56.0,0.0,0.0,0.0,0.0,247
2023-05-11 09:40:43,MO2312-C-7400,MO2312-C-7400,59.0,0.0,0.0,0.0,8,58.2,61.6,18,59.0,56.0,0.0,0.0,0.0,0.0,247
2023-05-11 09:40:44,MO2312-C-7400,MO2312-C-7400,59.0,0.0,0.0,0.0,6,58.4,61.6,24,59.0,56.0,0.0,0.0,0.0,0.0,247
2023-05-11 09:40:45,MO2312-C-7400,MO2312-C-7400,59.0,0.0,0.0,0.0,6,58.2,61.6,18,59.0,56.0,0.0,0.0,0.0,0.0,247
2023-05-11 09:40:49,MO2312-C-7400,MO2312-C-7400,59.0,0.0,0.0,0.0,8,58.2,61.4,6,59.0,56.0,0.0,0.0,0.0,0.0,247
2023-05-11 09:40:52,MO2312-C-7400,MO2312-C-7400,59.0,0.0,0.0,0.0,6,58.4,61.4,6,59.0,56.0,0.0,0.0,0.0,0.0,247
2023-05-11 09:40:55,MO2312-C-7400,MO2312-C-7400,59.0,0.0,0.0,0.0,8,58.2,61.4,6,59.0,56.0,0.0,0.0,0.0,0.0,247
2023-05-11 09:40:56,MO2312-C-7400,MO2312-C-7400,59.0,0.0,0.0,0.0,6,58.2,61.4,6,59.0,56.0,0.0,0.0,0.0,0.0,247
2023-05-11 09:40:56,MO2312-C-7400,MO2312-C-7400,59.0,0.0,0.0,0.0,6,58.0,61.6,24,59.0,56.0,0.0,0.0,0.0,0.0,247
2023-05-11 09:40:58,MO2312-C-7400,MO2312-C-7400,59.0,0.0,0.0,0.0,8,58.0,61.6,24,59.0,56.0,0.0,0.0,0.0,0.0,247
2023-05-11 09:40:58,MO2312-C-7400,MO2312-C-7400,59.0,0.0,0.0,0.0,6,58.2,61.4,6,59.0,56.0,0.0,0.0,0.0,0.0,247
2023-05-11 09:41:00,MO2312-C-7400,MO2312-C-7400,59.0,0.0,0.0,0.0,6,58.2,61.6,18,59.0,56.0,0.0,0.0,0.0,0.0,247
2023-05-11 09:41:04,MO2312-C-7400,MO2312-C-7400,59.0,0.0,0.0,0.0,6,58.2,61.4,6,59.0,56.0,0.0,0.0,0.0,0.0,247
2023-05-11 09:41:06,MO2312-C-7400,MO2312-C-7400,59.0,0.0,0.0,0.0,8,58.0,61.4,6,59.0,56.0,0.0,0.0,0.0,0.0,247
2023-05-11 09:41:07,MO2312-C-7400,MO2312-C-7400,59.0,0.0,0.0,0.0,6,58.0,61.4,6,59.0,56.0,0.0,0.0,0.0,0.0,247
2023-05-11 09:41:08,MO2312-C-7400,MO2312-C-7400,59.0,0.0,0.0,0.0,6,57.8,61.4,6,59.0,56.0,0.0,0.0,0.0,0.0,247
2023-05-11 09:41:08,MO2312-C-7400,MO2312-C-7400,59.0,0.0,0.0,0.0,18,57.6,61.4,6,59.0,56.0,0.0,0.0,0.0,0.0,247
2023-05-11 09:41:09,MO2312-C-7400,MO2312-C-7400,59.0,0.0,0.0,0.0,12,57.6,61.4,6,59.0,56.0,0.0,0.0,0.0,0.0,247
2023-05-11 09:41:10,MO2312-C-7400,MO2312-C-7400,59.0,0.0,0.0,0.0,14,57.6,61.4,6,59.0,56.0,0.0,0.0,0.0,0.0,247
2023-05-11 09:41:11,MO2312-C-7400,MO2312-C-7400,59.0,0.0,0.0,0.0,6,57.8,61.6,36,59.0,56.0,0.0,0.0,0.0,0.0,247
2023-05-11 09:41:12,MO2312-C-7400,MO2312-C-7400,59.0,0.0,0.0,0.0,2,57.8,61.4,6,59.0,56.0,0.0,0.0,0.0,0.0,247
2023-05-11 09:41:13,MO2312-C-7400,MO2312-C-7400,59.0,0.0,0.0,0.0,12,57.6,61.4,6,59.0,56.0,0.0,0.0,0.0,0.0,247
2023-05-11 09:41:14,MO2312-C-7400,MO2312-C-7400,59.0,0.0,0.0,0.0,14,57.6,61.4,6,59.0,56.0,0.0,0.0,0.0,0.0,247
2023-05-11 09:41:17,MO2312-C-7400,MO2312-C-7400,59.0,0.0,0.0,0.0,6,57.8,61.6,36,59.0,56.0,0.0,0.0,0.0,0.0,247
2023-05-11 09:41:20,MO2312-C-7400,MO2312-C-7400,59.0,0.0,0.0,0.0,14,57.6,61.4,6,59.0,56.0,0.0,0.0,0.0,0.0,247
2023-05-11 09:41:37,MO2312-C-7400,MO2312-C-7400,59.0,0.0,0.0,0.0,14,57.6,61.4,8,59.0,56.0,0.0,0.0,0.0,0.0,247
2023-05-11 09:41:37,MO2312-C-7400,MO2312-C-7400,59.0,0.0,0.0,0.0,6,57.8,61.2,6,59.0,56.0,0.0,0.0,0.0,0.0,247
2023-05-11 09:41:38,MO2312-C-7400,MO2312-C-7400,59.0,0.0,0.0,0.0,15,57.6,61.4,6,59.0,56.0,0.0,0.0,0.0,0.0,247
2023-05-11 09:41:39,MO2312-C-7400,MO2312-C-7400,59.0,0.0,0.0,0.0,15,57.6,61.4,8,59.0,56.0,0.0,0.0,0.0,0.0,247
2023-05-11 09:41:39,MO2312-C-7400,MO2312-C-7400,59.0,0.0,0.0,0.0,6,57.8,61.2,6,59.0,56.0,0.0,0.0,0.0,0.0,247
2023-05-11 09:41:40,MO2312-C-7400,MO2312-C-7400,59.0,0.0,0.0,0.0,15,57.6,61.4,6,59.0,56.0,0.0,0.0,0.0,0.0,247
2023-05-11 09:41:41,MO2312-C-7400,MO2312-C-7400,59.0,0.0,0.0,0.0,15,57.6,61.4,8,59.0,56.0,0.0,0.0,0.0,0.0,247
2023-05-11 09:41:41,MO2312-C-7400,MO2312-C-7400,59.0,0.0,0.0,0.0,6,57.8,61.2,6,59.0,56.0,0.0,0.0,0.0,0.0,247
2023-05-11 09:41:42,MO2312-C-7400,MO2312-C-7400,59.0,0.0,0.0,0.0,15,57.6,61.4,6,59.0,56.0,0.0,0.0,0.0,0.0,247
2023-05-11 09:41:48,MO2312-C-7400,MO2312-C-7400,59.0,0.0,0.0,0.0,1,57.8,61.4,6,59.0,56.0,0.0,0.0,0.0,0.0,247
2023-05-11 09:41:49,MO2312-C-7400,MO2312-C-7400,59.0,0.0,0.0,0.0,7,57.8,61.6,36,59.0,56.0,0.0,0.0,0.0,0.0,247
2023-05-11 09:41:49,MO2312-C-7400,MO2312-C-7400,59.0,0.0,0.0,0.0,6,58.0,61.4,6,59.0,56.0,0.0,0.0,0.0,0.0,247
2023-05-11 09:41:51,MO2312-C-7400,MO2312-C-7400,59.0,0.0,0.0,0.0,6,58.0,61.6,36,59.0,56.0,0.0,0.0,0.0,0.0,247
2023-05-11 09:41:52,MO2312-C-7400,MO2312-C-7400,59.0,0.0,0.0,0.0,6,58.0,61.6,30,59.0,56.0,0.0,0.0,0.0,0.0,247
2023-05-11 09:41:53,MO2312-C-7400,MO2312-C-7400,59.0,0.0,0.0,0.0,6,58.0,61.6,24,59.0,56.0,0.0,0.0,0.0,0.0,247
2023-05-11 09:41:53,MO2312-C-7400,MO2312-C-7400,59.0,0.0,0.0,0.0,8,58.0,61.6,24,59.0,56.0,0.0,0.0,0.0,0.0,247
2023-05-11 09:41:54,MO2312-C-7400,MO2312-C-7400,59.0,0.0,0.0,0.0,6,58.2,61.4,6,59.0,56.0,0.0,0.0,0.0,0.0,247
2023-05-11 09:41:55,MO2312-C-7400,MO2312-C-7400,59.0,0.0,0.0,0.0,6,58.0,61.6,24,59.0,56.0,0.0,0.0,0.0,0.0,247
2023-05-11 09:41:56,MO2312-C-7400,MO2312-C-7400,59.0,0.0,0.0,0.0,6,58.0,61.6,26,59.0,56.0,0.0,0.0,0.0,0.0,247
2023-05-11 09:41:57,MO2312-C-7400,MO2312-C-7400,59.0,0.0,0.0,0.0,6,58.0,61.6,24,59.0,56.0,0.0,0.0,0.0,0.0,247
2023-05-11 09:42:03,MO2312-C-7400,MO2312-C-7400,59.0,0.0,0.0,0.0,6,58.0,61.6,26,59.0,56.0,0.0,0.0,0.0,0.0,247
2023-05-11 09:42:05,MO2312-C-7400,MO2312-C-7400,59.0,0.0,0.0,0.0,6,58.0,61.6,24,59.0,56.0,0.0,0.0,0.0,0.0,247
2023-05-11 09:42:06,MO2312-C-7400,MO2312-C-7400,59.0,0.0,0.0,0.0,8,58.0,61.6,24,59.0,56.0,0.0,0.0,0.0,0.0,247
2023-05-11 09:42:06,MO2312-C-7400,MO2312-C-7400,59.0,0.0,0.0,0.0,9,58.0,61.6,18,59.0,56.0,0.0,0.0,0.0,0.0,247
2023-05-11 09:42:07,MO2312-C-7400,MO2312-C-7400,59.0,0.0,0.0,0.0,6,58.2,61.6,18,59.0,56.0,0.0,0.0,0.0,0.0,247
2023-05-11 09:42:08,MO2312-C-7400,MO2312-C-7400,59.0,0.0,0.0,0.0,8,58.2,61.6,18,59.0,56.0,0.0,0.0,0.0,0.0,247
2023-05-11 09:42:09,MO2312-C-7400,MO2312-C-7400,59.0,0.0,0.0,0.0,6,58.2,61.6,24,59.0,56.0,0.0,0.0,0.0,0.0,247
2023-05-11 09:42:10,MO2312-C-7400,MO2312-C-7400,59.0,0.0,0.0,0.0,6,58.2,61.6,18,59.0,56.0,0.0,0.0,0.0,0.0,247
2023-05-11 09:42:13,MO2312-C-7400,MO2312-C-7400,59.0,0.0,0.0,0.0,8,58.2,61.6,18,59.0,56.0,0.0,0.0,0.0,0.0,247
2023-05-11 09:42:14,MO2312-C-7400,MO2312-C-7400,59.0,0.0,0.0,0.0,6,58.4,61.6,24,59.0,56.0,0.0,0.0,0.0,0.0,247
2023-05-11 09:42:17,MO2312-C-7400,MO2312-C-7400,59.0,0.0,0.0,0.0,20,58.0,61.4,6,59.0,56.0,0.0,0.0,0.0,0.0,247
2023-05-11 09:42:17,MO2312-C-7400,MO2312-C-7400,59.0,0.0,0.0,0.0,12,58.0,61.4,6,59.0,56.0,0.0,0.0,0.0,0.0,247
2023-05-11 09:42:18,MO2312-C-7400,MO2312-C-7400,59.0,0.0,0.0,0.0,6,58.0,61.4,6,59.0,56.0,0.0,0.0,0.0,0.0,247
2023-05-11 09:42:19,MO2312-C-7400,MO2312-C-7400,59.0,0.0,0.0,0.0,6,57.8,61.6,24,59.0,56.0,0.0,0.0,0.0,0.0,247
2023-05-11 09:42:19,MO2312-C-7400,MO2312-C-7400,59.0,0.0,0.0,0.0,6,57.8,61.6,26,59.0,56.0,0.0,0.0,0.0,0.0,247
2023-05-11 09:42:20,MO2312-C-7400,MO2312-C-7400,59.0,0.0,0.0,0.0,6,57.8,61.6,20,59.0,56.0,0.0,0.0,0.0,0.0,247
2023-05-11 09:42:20,MO2312-C-7400,MO2312-C-7400,59.0,0.0,0.0,0.0,6,57.8,61.6,18,59.0,56.0,0.0,0.0,0.0,0.0,247
2023-05-11 09:42:21,MO2312-C-7400,MO2312-C-7400,59.0,0.0,0.0,0.0,8,57.8,61.6,18,59.0,56.0,0.0,0.0,0.0,0.0,247
2023-05-11 09:42:21,MO2312-C-7400,MO2312-C-7400,59.0,0.0,0.0,0.0,6,58.0,61.6,18,59.0,56.0,0.0,0.0,0.0,0.0,247
2023-05-11 09:42:22,MO2312-C-7400,MO2312-C-7400,59.0,0.0,0.0,0.0,8,58.0,61.6,18,59.0,56.0,0.0,0.0,0.0,0.0,247
2023-05-11 09:42:23,MO2312-C-7400,MO2312-C-7400,59.0,0.0,0.0,0.0,6,58.2,61.6,18,59.0,56.0,0.0,0.0,0.0,0.0,247
2023-05-11 09:42:24,MO2312-C-7400,MO2312-C-7400,59.0,0.0,0.0,0.0,8,58.2,61.6,18,59.0,56.0,0.0,0.0,0.0,0.0,247
2023-05-11 09:42:25,MO2312-C-7400,MO2312-C-7400,59.0,0.0,0.0,0.0,6,58.4,61.6,18,59.0,56.0,0.0,0.0,0.0,0.0,247
2023-05-11 09:42:35,MO2312-C-7400,MO2312-C-7400,59.0,0.0,0.0,0.0,8,58.4,61.6,12,59.0,56.0,0.0,0.0,0.0,0.0,247
2023-05-11 09:42:35,MO2312-C-7400,MO2312-C-7400,59.0,0.0,0.0,0.0,6,58.6,61.6,6,59.0,56.0,0.0,0.0,0.0,0.0,247
2023-05-11 09:42:37,MO2312-C-7400,MO2312-C-7400,59.0,0.0,0.0,0.0,8,58.4,61.6,6,59.0,56.0,0.0,0.0,0.0,0.0,247
2023-05-11 09:42:38,MO2312-C-7400,MO2312-C-7400,59.0,0.0,0.0,0.0,6,58.6,61.6,6,59.0,56.0,0.0,0.0,0.0,0.0,247
2023-05-11 09:42:38,MO2312-C-7400,MO2312-C-7400,59.0,0.0,0.0,0.0,6,58.4,61.6,6,59.0,56.0,0.0,0.0,0.0,0.0,247
2023-05-11 09:42:41,MO2312-C-7400,MO2312-C-7400,59.0,0.0,0.0,0.0,6,58.2,61.6,6,59.0,56.0,0.0,0.0,0.0,0.0,247
2023-05-11 09:42:42,MO2312-C-7400,MO2312-C-7400,59.0,0.0,0.0,0.0,8,58.2,61.6,6,59.0,56.0,0.0,0.0,0.0,0.0,247
2023-05-11 09:42:43,MO2312-C-7400,MO2312-C-7400,59.0,0.0,0.0,0.0,6,58.4,61.6,6,59.0,56.0,0.0,0.0,0.0,0.0,247
2023-05-11 09:42:44,MO2312-C-7400,MO2312-C-7400,59.0,0.0,0.0,0.0,8,58.4,61.6,6,59.0,56.0,0.0,0.0,0.0,0.0,247
2023-05-11 09:42:44,MO2312-C-7400,MO2312-C-7400,59.0,0.0,0.0,0.0,2,58.4,61.6,6,59.0,56.0,0.0,0.0,0.0,0.0,247
2023-05-11 09:42:45,MO2312-C-7400,MO2312-C-7400,59.0,0.0,0.0,0.0,6,58.6,61.6,12,59.0,56.0,0.0,0.0,0.0,0.0,247
2023-05-11 09:42:45,MO2312-C-7400,MO2312-C-7400,59.0,0.0,0.0,0.0,6,57.8,61.6,6,59.0,56.0,0.0,0.0,0.0,0.0,247
2023-05-11 09:42:46,MO2312-C-7400,MO2312-C-7400,59.0,0.0,0.0,0.0,8,57.8,61.6,6,59.0,56.0,0.0,0.0,0.0,0.0,247
2023-05-11 09:42:46,MO2312-C-7400,MO2312-C-7400,59.0,0.0,0.0,0.0,6,58.0,61.6,6,59.0,56.0,0.0,0.0,0.0,0.0,247
2023-05-11 09:42:52,MO2312-C-7400,MO2312-C-7400,59.0,0.0,0.0,0.0,8,58.0,61.6,6,59.0,56.0,0.0,0.0,0.0,0.0,247
2023-05-11 09:42:53,MO2312-C-7400,MO2312-C-7400,59.0,0.0,0.0,0.0,6,58.2,61.6,6,59.0,56.0,0.0,0.0,0.0,0.0,247
2023-05-11 09:42:54,MO2312-C-7400,MO2312-C-7400,59.0,0.0,0.0,0.0,8,58.2,61.6,6,59.0,56.0,0.0,0.0,0.0,0.0,247
2023-05-11 09:42:55,MO2312-C-7400,MO2312-C-7400,59.0,0.0,0.0,0.0,6,58.4,61.6,6,59.0,56.0,0.0,0.0,0.0,0.0,247
2023-05-11 09:42:58,MO2312-C-7400,MO2312-C-7400,59.0,0.0,0.0,0.0,6,58.2,61.6,6,59.0,56.0,0.0,0.0,0.0,0.0,247
2023-05-11 09:42:58,MO2312-C-7400,MO2312-C-7400,59.0,0.0,0.0,0.0,2,58.0,61.6,6,59.0,56.0,0.0,0.0,0.0,0.0,247
2023-05-11 09:42:59,MO2312-C-7400,MO2312-C-7400,59.0,0.0,0.0,0.0,6,58.2,61.6,12,59.0,56.0,0.0,0.0,0.0,0.0,247
2023-05-11 09:42:59,MO2312-C-7400,MO2312-C-7400,59.0,0.0,0.0,0.0,6,58.0,61.6,6,59.0,56.0,0.0,0.0,0.0,0.0,247
2023-05-11 09:43:00,MO2312-C-7400,MO2312-C-7400,59.0,0.0,0.0,0.0,8,58.0,61.6,6,59.0,56.0,0.0,0.0,0.0,0.0,247
2023-05-11 09:43:00,MO2312-C-7400,MO2312-C-7400,59.0,0.0,0.0,0.0,6,58.2,61.6,12,59.0,56.0,0.0,0.0,0.0,0.0,247
2023-05-11 09:43:04,MO2312-C-7400,MO2312-C-7400,59.0,0.0,0.0,0.0,8,58.2,61.6,12,59.0,56.0,0.0,0.0,0.0,0.0,247
2023-05-11 09:43:04,MO2312-C-7400,MO2312-C-7400,59.0,0.0,0.0,0.0,6,58.4,61.4,6,59.0,56.0,0.0,0.0,0.0,0.0,247
2023-05-11 09:43:05,MO2312-C-7400,MO2312-C-7400,59.0,0.0,0.0,0.0,6,58.0,61.6,6,59.0,56.0,0.0,0.0,0.0,0.0,247
2023-05-11 09:43:06,MO2312-C-7400,MO2312-C-7400,59.0,0.0,0.0,0.0,8,58.0,61.6,6,59.0,56.0,0.0,0.0,0.0,0.0,247
2023-05-11 09:43:07,MO2312-C-7400,MO2312-C-7400,59.0,0.0,0.0,0.0,6,58.2,61.6,6,59.0,56.0,0.0,0.0,0.0,0.0,247
2023-05-11 09:43:07,MO2312-C-7400,MO2312-C-7400,59.0,0.0,0.0,0.0,8,58.2,61.6,6,59.0,56.0,0.0,0.0,0.0,0.0,247
2023-05-11 09:43:08,MO2312-C-7400,MO2312-C-7400,59.0,0.0,0.0,0.0,6,58.4,61.6,6,59.0,56.0,0.0,0.0,0.0,0.0,247
2023-05-11 09:43:09,MO2312-C-7400,MO2312-C-7400,59.0,0.0,0.0,0.0,6,58.4,61.4,6,59.0,56.0,0.0,0.0,0.0,0.0,247
2023-05-11 09:43:09,MO2312-C-7400,MO2312-C-7400,59.0,0.0,0.0,0.0,8,58.0,61.6,12,59.0,56.0,0.0,0.0,0.0,0.0,247
2023-05-11 09:43:10,MO2312-C-7400,MO2312-C-7400,59.0,0.0,0.0,0.0,6,58.2,61.4,6,59.0,56.0,0.0,0.0,0.0,0.0,247
2023-05-11 09:43:13,MO2312-C-7400,MO2312-C-7400,59.0,0.0,0.0,0.0,8,58.2,61.4,6,59.0,56.0,0.0,0.0,0.0,0.0,247
2023-05-11 09:43:14,MO2312-C-7400,MO2312-C-7400,59.0,0.0,0.0,0.0,6,58.2,61.4,6,59.0,56.0,0.0,0.0,0.0,0.0,247
2023-05-11 09:43:14,MO2312-C-7400,MO2312-C-7400,59.0,0.0,0.0,0.0,6,58.0,61.6,12,59.0,56.0,0.0,0.0,0.0,0.0,247
2023-05-11 09:43:15,MO2312-C-7400,MO2312-C-7400,59.0,0.0,0.0,0.0,8,58.0,61.6,14,59.0,56.0,0.0,0.0,0.0,0.0,247
2023-05-11 09:43:15,MO2312-C-7400,MO2312-C-7400,59.0,0.0,0.0,0.0,6,58.2,61.4,6,59.0,56.0,0.0,0.0,0.0,0.0,247
2023-05-11 09:43:17,MO2312-C-7400,MO2312-C-7400,59.0,0.0,0.0,0.0,6,58.2,61.6,12,59.0,56.0,0.0,0.0,0.0,0.0,247
2023-05-11 09:43:18,MO2312-C-7400,MO2312-C-7400,59.0,0.0,0.0,0.0,6,58.2,61.6,6,59.0,56.0,0.0,0.0,0.0,0.0,247
2023-05-11 09:43:24,MO2312-C-7400,MO2312-C-7400,59.0,0.0,0.0,0.0,6,58.2,61.4,6,59.0,56.0,0.0,0.0,0.0,0.0,247
2023-05-11 09:43:25,MO2312-C-7400,MO2312-C-7400,59.0,0.0,0.0,0.0,6,58.2,61.6,12,59.0,56.0,0.0,0.0,0.0,0.0,247
2023-05-11 09:43:33,MO2312-C-7400,MO2312-C-7400,59.0,0.0,0.0,0.0,6,58.0,61.6,6,59.0,56.0,0.0,0.0,0.0,0.0,247
2023-05-11 09:43:36,MO2312-C-7400,MO2312-C-7400,59.0,0.0,0.0,0.0,6,58.0,61.4,6,59.0,56.0,0.0,0.0,0.0,0.0,247
2023-05-11 09:43:37,MO2312-C-7400,MO2312-C-7400,59.0,0.0,0.0,0.0,6,57.8,61.6,12,59.0,56.0,0.0,0.0,0.0,0.0,247
2023-05-11 09:43:37,MO2312-C-7400,MO2312-C-7400,59.0,0.0,0.0,0.0,6,57.8,61.6,14,59.0,56.0,0.0,0.0,0.0,0.0,247
2023-05-11 09:43:40,MO2312-C-7400,MO2312-C-7400,59.0,0.0,0.0,0.0,6,57.8,61.6,12,59.0,56.0,0.0,0.0,0.0,0.0,247
2023-05-11 09:43:41,MO2312-C-7400,MO2312-C-7400,59.0,0.0,0.0,0.0,6,57.8,61.6,14,59.0,56.0,0.0,0.0,0.0,0.0,247
2023-05-11 09:43:42,MO2312-C-7400,MO2312-C-7400,59.0,0.0,0.0,0.0,6,57.8,61.6,12,59.0,56.0,0.0,0.0,0.0,0.0,247
2023-05-11 09:43:42,MO2312-C-7400,MO2312-C-7400,59.0,0.0,0.0,0.0,6,57.8,61.6,6,59.0,56.0,0.0,0.0,0.0,0.0,247
2023-05-11 09:43:45,MO2312-C-7400,MO2312-C-7400,59.0,0.0,0.0,0.0,8,57.8,61.6,6,59.0,56.0,0.0,0.0,0.0,0.0,247
2023-05-11 09:43:45,MO2312-C-7400,MO2312-C-7400,59.0,0.0,0.0,0.0,6,58.0,61.6,6,59.0,56.0,0.0,0.0,0.0,0.0,247
2023-05-11 09:43:46,MO2312-C-7400,MO2312-C-7400,59.0,0.0,0.0,0.0,6,57.8,61.6,6,59.0,56.0,0.0,0.0,0.0,0.0,247
2023-05-11 09:43:46,MO2312-C-7400,MO2312-C-7400,59.0,0.0,0.0,0.0,8,57.8,61.6,6,59.0,56.0,0.0,0.0,0.0,0.0,247
2023-05-11 09:43:47,MO2312-C-7400,MO2312-C-7400,59.0,0.0,0.0,0.0,6,58.0,61.6,6,59.0,56.0,0.0,0.0,0.0,0.0,247
2023-05-11 09:43:52,MO2312-C-7400,MO2312-C-7400,59.0,0.0,0.0,0.0,8,58.0,61.6,6,59.0,56.0,0.0,0.0,0.0,0.0,247
2023-05-11 09:43:53,MO2312-C-7400,MO2312-C-7400,59.0,0.0,0.0,0.0,6,58.2,61.6,6,59.0,56.0,0.0,0.0,0.0,0.0,247
2023-05-11 09:43:55,MO2312-C-7400,MO2312-C-7400,59.0,0.0,0.0,0.0,6,58.2,61.6,8,59.0,56.0,0.0,0.0,0.0,0.0,247
2023-05-11 09:43:56,MO2312-C-7400,MO2312-C-7400,59.0,0.0,0.0,0.0,6,58.0,61.6,6,59.0,56.0,0.0,0.0,0.0,0.0,247
2023-05-11 09:43:56,MO2312-C-7400,MO2312-C-7400,59.0,0.0,0.0,0.0,6,58.0,61.6,8,59.0,56.0,0.0,0.0,0.0,0.0,247
2023-05-11 09:43:57,MO2312-C-7400,MO2312-C-7400,59.0,0.0,0.0,0.0,6,58.0,61.6,6,59.0,56.0,0.0,0.0,0.0,0.0,247
2023-05-11 09:43:57,MO2312-C-7400,MO2312-C-7400,59.0,0.0,0.0,0.0,6,57.8,61.6,6,59.0,56.0,0.0,0.0,0.0,0.0,247
2023-05-11 09:44:10,MO2312-C-7400,MO2312-C-7400,59.0,0.0,0.0,0.0,10,57.8,61.6,6,59.0,56.0,0.0,0.0,0.0,0.0,247
2023-05-11 09:44:11,MO2312-C-7400,MO2312-C-7400,59.0,0.0,0.0,0.0,6,58.0,61.6,6,59.0,56.0,0.0,0.0,0.0,0.0,247
2023-05-11 09:44:19,MO2312-C-7400,MO2312-C-7400,59.0,0.0,0.0,0.0,8,58.0,61.6,6,59.0,56.0,0.0,0.0,0.0,0.0,247
2023-05-11 09:44:20,MO2312-C-7400,MO2312-C-7400,59.0,0.0,0.0,0.0,6,58.2,61.6,6,59.0,56.0,0.0,0.0,0.0,0.0,247
2023-05-11 09:44:23,MO2312-C-7400,MO2312-C-7400,59.0,0.0,0.0,0.0,6,58.0,61.6,6,59.0,56.0,0.0,0.0,0.0,0.0,247
2023-05-11 09:44:29,MO2312-C-7400,MO2312-C-7400,59.0,0.0,0.0,0.0,6,58.0,61.6,8,59.0,56.0,0.0,0.0,0.0,0.0,247
2023-05-11 09:44:30,MO2312-C-7400,MO2312-C-7400,59.0,0.0,0.0,0.0,6,57.8,61.6,8,59.0,56.0,0.0,0.0,0.0,0.0,247
2023-05-11 09:44:30,MO2312-C-7400,MO2312-C-7400,59.0,0.0,0.0,0.0,6,57.8,61.6,6,59.0,56.0,0.0,0.0,0.0,0.0,247
2023-05-11 09:44:31,MO2312-C-7400,MO2312-C-7400,59.0,0.0,0.0,0.0,6,57.8,61.6,8,59.0,56.0,0.0,0.0,0.0,0.0,247
2023-05-11 09:44:32,MO2312-C-7400,MO2312-C-7400,59.0,0.0,0.0,0.0,6,57.8,61.6,6,59.0,56.0,0.0,0.0,0.0,0.0,247
2023-05-11 09:44:33,MO2312-C-7400,MO2312-C-7400,59.0,0.0,0.0,0.0,6,57.8,61.6,8,59.0,56.0,0.0,0.0,0.0,0.0,247
2023-05-11 09:44:34,MO2312-C-7400,MO2312-C-7400,59.0,0.0,0.0,0.0,6,57.8,61.6,6,59.0,56.0,0.0,0.0,0.0,0.0,247
2023-05-11 09:44:35,MO2312-C-7400,MO2312-C-7400,59.0,0.0,0.0,0.0,6,57.8,61.6,8,59.0,56.0,0.0,0.0,0.0,0.0,247
2023-05-11 09:44:35,MO2312-C-7400,MO2312-C-7400,59.0,0.0,0.0,0.0,6,57.8,61.6,6,59.0,56.0,0.0,0.0,0.0,0.0,247
2023-05-11 09:44:54,MO2312-C-7400,MO2312-C-7400,59.0,0.0,0.0,0.0,6,57.8,61.6,12,59.0,56.0,0.0,0.0,0.0,0.0,247
2023-05-11 09:44:57,MO2312-C-7400,MO2312-C-7400,59.0,0.0,0.0,0.0,6,57.8,61.6,14,59.0,56.0,0.0,0.0,0.0,0.0,247
2023-05-11 09:44:58,MO2312-C-7400,MO2312-C-7400,59.0,0.0,0.0,0.0,6,57.8,61.6,20,59.0,56.0,0.0,0.0,0.0,0.0,247
2023-05-11 09:44:58,MO2312-C-7400,MO2312-C-7400,59.0,0.0,0.0,0.0,31,57.6,61.4,6,59.0,56.0,0.0,0.0,0.0,0.0,247
2023-05-11 09:44:59,MO2312-C-7400,MO2312-C-7400,59.0,0.0,0.0,0.0,25,57.6,61.4,6,59.0,56.0,0.0,0.0,0.0,0.0,247
2023-05-11 09:44:59,MO2312-C-7400,MO2312-C-7400,59.0,0.0,0.0,0.0,13,57.6,61.4,6,59.0,56.0,0.0,0.0,0.0,0.0,247
2023-05-11 09:45:00,MO2312-C-7400,MO2312-C-7400,59.0,0.0,0.0,0.0,13,57.6,61.4,8,59.0,56.0,0.0,0.0,0.0,0.0,247
2023-05-11 09:45:00,MO2312-C-7400,MO2312-C-7400,59.0,0.0,0.0,0.0,13,57.6,61.2,6,59.0,56.0,0.0,0.0,0.0,0.0,247
2023-05-11 09:45:01,MO2312-C-7400,MO2312-C-7400,59.0,0.0,0.0,0.0,13,57.6,61.2,8,59.0,56.0,0.0,0.0,0.0,0.0,247
2023-05-11 09:45:01,MO2312-C-7400,MO2312-C-7400,59.0,0.0,0.0,0.0,19,57.6,61.0,6,59.0,56.0,0.0,0.0,0.0,0.0,247
2023-05-11 09:45:02,MO2312-C-7400,MO2312-C-7400,59.0,0.0,0.0,0.0,13,57.6,61.0,8,59.0,56.0,0.0,0.0,0.0,0.0,247
2023-05-11 09:45:02,MO2312-C-7400,MO2312-C-7400,59.0,0.0,0.0,0.0,13,57.6,61.0,2,59.0,56.0,0.0,0.0,0.0,0.0,247
2023-05-11 09:45:03,MO2312-C-7400,MO2312-C-7400,59.0,0.0,0.0,0.0,7,57.8,60.8,6,59.0,56.0,0.0,0.0,0.0,0.0,247
2023-05-11 09:45:03,MO2312-C-7400,MO2312-C-7400,59.0,0.0,0.0,0.0,7,57.8,60.8,12,59.0,56.0,0.0,0.0,0.0,0.0,247
2023-05-11 09:45:04,MO2312-C-7400,MO2312-C-7400,59.0,0.0,0.0,0.0,6,58.0,60.8,6,59.0,56.0,0.0,0.0,0.0,0.0,247
2023-05-11 09:45:04,MO2312-C-7400,MO2312-C-7400,59.0,0.0,0.0,0.0,1,57.8,60.8,8,59.0,56.0,0.0,0.0,0.0,0.0,247
2023-05-11 09:45:05,MO2312-C-7400,MO2312-C-7400,59.0,0.0,0.0,0.0,6,58.0,60.8,14,59.0,56.0,0.0,0.0,0.0,0.0,247
2023-05-11 09:45:05,MO2312-C-7400,MO2312-C-7400,59.0,0.0,0.0,0.0,6,58.0,60.8,20,59.0,56.0,0.0,0.0,0.0,0.0,247
2023-05-11 09:45:06,MO2312-C-7400,MO2312-C-7400,59.0,0.0,0.0,0.0,6,57.6,60.8,14,59.0,56.0,0.0,0.0,0.0,0.0,247
2023-05-11 09:45:06,MO2312-C-7400,MO2312-C-7400,59.0,0.0,0.0,0.0,6,57.6,60.6,6,59.0,56.0,0.0,0.0,0.0,0.0,247
2023-05-11 09:45:07,MO2312-C-7400,MO2312-C-7400,59.0,0.0,0.0,0.0,6,57.6,60.6,8,59.0,56.0,0.0,0.0,0.0,0.0,247
2023-05-11 09:45:33,MO2312-C-7400,MO2312-C-7400,59.0,0.0,0.0,0.0,6,57.6,60.6,2,59.0,56.0,0.0,0.0,0.0,0.0,247
2023-05-11 09:45:34,MO2312-C-7400,MO2312-C-7400,59.0,0.0,0.0,0.0,6,57.6,60.8,24,59.0,56.0,0.0,0.0,0.0,0.0,247
2023-05-11 09:45:35,MO2312-C-7400,MO2312-C-7400,59.0,0.0,0.0,0.0,6,57.6,60.8,26,59.0,56.0,0.0,0.0,0.0,0.0,247
2023-05-11 09:45:41,MO2312-C-7400,MO2312-C-7400,59.0,0.0,0.0,0.0,18,57.4,60.6,6,59.0,56.0,0.0,0.0,0.0,0.0,247
2023-05-11 09:45:42,MO2312-C-7400,MO2312-C-7400,59.0,0.0,0.0,0.0,12,57.4,60.6,6,59.0,56.0,0.0,0.0,0.0,0.0,247
2023-05-11 09:45:43,MO2312-C-7400,MO2312-C-7400,59.0,0.0,0.0,0.0,6,57.6,60.6,6,59.0,56.0,0.0,0.0,0.0,0.0,247
2023-05-11 09:45:43,MO2312-C-7400,MO2312-C-7400,59.0,0.0,0.0,0.0,6,57.4,60.8,26,59.0,56.0,0.0,0.0,0.0,0.0,247
2023-05-11 09:45:44,MO2312-C-7400,MO2312-C-7400,59.0,0.0,0.0,0.0,6,57.4,60.8,32,59.0,56.0,0.0,0.0,0.0,0.0,247
2023-05-11 09:45:49,MO2312-C-7400,MO2312-C-7400,59.0,0.0,0.0,0.0,13,57.2,60.6,6,59.0,56.0,0.0,0.0,0.0,0.0,247
2023-05-11 09:45:49,MO2312-C-7400,MO2312-C-7400,59.0,0.0,0.0,0.0,13,57.2,60.6,8,59.0,56.0,0.0,0.0,0.0,0.0,247
2023-05-11 09:45:50,MO2312-C-7400,MO2312-C-7400,59.0,0.0,0.0,0.0,6,57.4,60.4,6,59.0,56.0,0.0,0.0,0.0,0.0,247
2023-05-11 09:45:51,MO2312-C-7400,MO2312-C-7400,59.0,0.0,0.0,0.0,6,57.4,60.4,8,59.0,56.0,0.0,0.0,0.0,0.0,247
2023-05-11 09:45:52,MO2312-C-7400,MO2312-C-7400,59.0,0.0,0.0,0.0,7,57.2,60.4,2,59.0,56.0,0.0,0.0,0.0,0.0,247
2023-05-11 09:45:52,MO2312-C-7400,MO2312-C-7400,59.0,0.0,0.0,0.0,7,57.2,60.2,6,59.0,56.0,0.0,0.0,0.0,0.0,247
2023-05-11 09:45:53,MO2312-C-7400,MO2312-C-7400,59.0,0.0,0.0,0.0,6,57.2,60.2,6,59.0,56.0,0.0,0.0,0.0,0.0,247
2023-05-11 09:45:53,MO2312-C-7400,MO2312-C-7400,59.0,0.0,0.0,0.0,13,57.0,60.6,6,59.0,56.0,0.0,0.0,0.0,0.0,247
2023-05-11 09:45:54,MO2312-C-7400,MO2312-C-7400,59.0,0.0,0.0,0.0,7,57.0,60.6,8,59.0,56.0,0.0,0.0,0.0,0.0,247
2023-05-11 09:45:54,MO2312-C-7400,MO2312-C-7400,59.0,0.0,0.0,0.0,13,57.0,60.4,6,59.0,56.0,0.0,0.0,0.0,0.0,247
2023-05-11 09:45:55,MO2312-C-7400,MO2312-C-7400,59.0,0.0,0.0,0.0,13,57.0,60.4,8,59.0,56.0,0.0,0.0,0.0,0.0,247
2023-05-11 09:45:56,MO2312-C-7400,MO2312-C-7400,59.0,0.0,0.0,0.0,7,57.0,60.4,2,59.0,56.0,0.0,0.0,0.0,0.0,247
2023-05-11 09:45:56,MO2312-C-7400,MO2312-C-7400,59.0,0.0,0.0,0.0,7,57.0,60.2,6,59.0,56.0,0.0,0.0,0.0,0.0,247
2023-05-11 09:45:57,MO2312-C-7400,MO2312-C-7400,59.0,0.0,0.0,0.0,1,57.0,60.6,6,59.0,56.0,0.0,0.0,0.0,0.0,247
2023-05-11 09:45:57,MO2312-C-7400,MO2312-C-7400,59.0,0.0,0.0,0.0,1,57.0,60.6,8,59.0,56.0,0.0,0.0,0.0,0.0,247
2023-05-11 09:45:58,MO2312-C-7400,MO2312-C-7400,59.0,0.0,0.0,0.0,1,57.0,60.4,6,59.0,56.0,0.0,0.0,0.0,0.0,247
2023-05-11 09:45:58,MO2312-C-7400,MO2312-C-7400,59.0,0.0,0.0,0.0,1,57.2,60.4,6,59.0,56.0,0.0,0.0,0.0,0.0,247
2023-05-11 09:46:00,MO2312-C-7400,MO2312-C-7400,59.0,0.0,0.0,0.0,37,56.6,60.4,6,59.0,56.0,0.0,0.0,0.0,0.0,247
2023-05-11 09:46:01,MO2312-C-7400,MO2312-C-7400,59.0,0.0,0.0,0.0,25,56.6,60.4,6,59.0,56.0,0.0,0.0,0.0,0.0,247
2023-05-11 09:46:01,MO2312-C-7400,MO2312-C-7400,59.0,0.0,0.0,0.0,21,56.6,60.4,8,59.0,56.0,0.0,0.0,0.0,0.0,247
2023-05-11 09:46:02,MO2312-C-7400,MO2312-C-7400,59.0,0.0,0.0,0.0,6,56.8,60.2,6,59.0,56.0,0.0,0.0,0.0,0.0,247
2023-05-11 09:46:02,MO2312-C-7400,MO2312-C-7400,59.0,0.0,0.0,0.0,6,56.8,60.2,8,59.0,56.0,0.0,0.0,0.0,0.0,247
2023-05-11 09:46:04,MO2312-C-7400,MO2312-C-7400,59.0,0.0,0.0,0.0,19,56.6,60.0,6,59.0,56.0,0.0,0.0,0.0,0.0,247
2023-05-11 09:46:04,MO2312-C-7400,MO2312-C-7400,59.0,0.0,0.0,0.0,19,56.6,60.0,12,59.0,56.0,0.0,0.0,0.0,0.0,247
2023-05-11 09:46:05,MO2312-C-7400,MO2312-C-7400,59.0,0.0,0.0,0.0,6,56.8,59.8,6,59.0,56.0,0.0,0.0,0.0,0.0,247
2023-05-11 09:46:07,MO2312-C-7400,MO2312-C-7400,59.0,0.0,0.0,0.0,6,56.8,59.8,8,59.0,56.0,0.0,0.0,0.0,0.0,247
2023-05-11 09:46:08,MO2312-C-7400,MO2312-C-7400,59.0,0.0,0.0,0.0,13,56.6,59.6,6,59.0,56.0,0.0,0.0,0.0,0.0,247
2023-05-11 09:46:09,MO2312-C-7400,MO2312-C-7400,59.0,0.0,0.0,0.0,6,56.6,59.6,6,59.0,56.0,0.0,0.0,0.0,0.0,247
2023-05-11 09:46:09,MO2312-C-7400,MO2312-C-7400,59.0,0.0,0.0,0.0,6,56.4,59.6,8,59.0,56.0,0.0,0.0,0.0,0.0,247
2023-05-11 09:46:11,MO2312-C-7400,MO2312-C-7400,59.0,0.0,0.0,0.0,6,56.4,59.6,2,59.0,56.0,0.0,0.0,0.0,0.0,247
2023-05-11 09:46:12,MO2312-C-7400,MO2312-C-7400,59.0,0.0,0.0,0.0,6,56.4,60.0,12,59.0,56.0,0.0,0.0,0.0,0.0,247
2023-05-11 09:46:13,MO2312-C-7400,MO2312-C-7400,59.0,0.0,0.0,0.0,6,56.4,60.0,6,59.0,56.0,0.0,0.0,0.0,0.0,247
2023-05-11 09:46:13,MO2312-C-7400,MO2312-C-7400,59.0,0.0,0.0,0.0,6,56.4,60.0,8,59.0,56.0,0.0,0.0,0.0,0.0,247
2023-05-11 09:46:15,MO2312-C-7400,MO2312-C-7400,59.0,0.0,0.0,0.0,8,56.4,60.0,8,59.0,56.0,0.0,0.0,0.0,0.0,247
2023-05-11 09:46:15,MO2312-C-7400,MO2312-C-7400,59.0,0.0,0.0,0.0,6,56.6,60.0,8,59.0,56.0,0.0,0.0,0.0,0.0,247
2023-05-11 09:46:17,MO2312-C-7400,MO2312-C-7400,59.0,0.0,0.0,0.0,6,56.4,60.0,8,59.0,56.0,0.0,0.0,0.0,0.0,247
2023-05-11 09:46:18,MO2312-C-7400,MO2312-C-7400,59.0,0.0,0.0,0.0,8,56.4,60.0,8,59.0,56.0,0.0,0.0,0.0,0.0,247
2023-05-11 09:46:19,MO2312-C-7400,MO2312-C-7400,59.0,0.0,0.0,0.0,6,56.6,60.0,8,59.0,56.0,0.0,0.0,0.0,0.0,247
2023-05-11 09:46:22,MO2312-C-7400,MO2312-C-7400,59.0,0.0,0.0,0.0,6,56.6,60.0,6,59.0,56.0,0.0,0.0,0.0,0.0,247
2023-05-11 09:46:23,MO2312-C-7400,MO2312-C-7400,59.0,0.0,0.0,0.0,6,56.6,60.0,8,59.0,56.0,0.0,0.0,0.0,0.0,247
2023-05-11 09:46:24,MO2312-C-7400,MO2312-C-7400,59.0,0.0,0.0,0.0,6,56.4,60.0,8,59.0,56.0,0.0,0.0,0.0,0.0,247
2023-05-11 09:46:25,MO2312-C-7400,MO2312-C-7400,59.0,0.0,0.0,0.0,6,56.2,60.0,8,59.0,56.0,0.0,0.0,0.0,0.0,247
2023-05-11 09:46:25,MO2312-C-7400,MO2312-C-7400,59.0,0.0,0.0,0.0,2,56.4,60.0,8,59.0,56.0,0.0,0.0,0.0,0.0,247
2023-05-11 09:46:26,MO2312-C-7400,MO2312-C-7400,59.0,0.0,0.0,0.0,6,56.6,60.0,8,59.0,56.0,0.0,0.0,0.0,0.0,247
2023-05-11 09:46:30,MO2312-C-7400,MO2312-C-7400,59.0,0.0,0.0,0.0,6,56.2,60.0,8,59.0,56.0,0.0,0.0,0.0,0.0,247
2023-05-11 09:46:31,MO2312-C-7400,MO2312-C-7400,59.0,0.0,0.0,0.0,2,56.4,60.0,8,59.0,56.0,0.0,0.0,0.0,0.0,247
2023-05-11 09:46:31,MO2312-C-7400,MO2312-C-7400,59.0,0.0,0.0,0.0,6,56.6,60.0,8,59.0,56.0,0.0,0.0,0.0,0.0,247
2023-05-11 09:46:34,MO2312-C-7400,MO2312-C-7400,59.0,0.0,0.0,0.0,6,56.2,60.0,8,59.0,56.0,0.0,0.0,0.0,0.0,247
2023-05-11 09:46:34,MO2312-C-7400,MO2312-C-7400,59.0,0.0,0.0,0.0,8,56.2,60.0,8,59.0,56.0,0.0,0.0,0.0,0.0,247
2023-05-11 09:46:35,MO2312-C-7400,MO2312-C-7400,59.0,0.0,0.0,0.0,6,56.4,60.0,8,59.0,56.0,0.0,0.0,0.0,0.0,247
2023-05-11 09:46:38,MO2312-C-7400,MO2312-C-7400,59.0,0.0,0.0,0.0,8,56.4,60.0,8,59.0,56.0,0.0,0.0,0.0,0.0,247
2023-05-11 09:46:38,MO2312-C-7400,MO2312-C-7400,59.0,0.0,0.0,0.0,6,56.6,60.0,8,59.0,56.0,0.0,0.0,0.0,0.0,247
2023-05-11 09:46:43,MO2312-C-7400,MO2312-C-7400,59.0,0.0,0.0,0.0,6,56.6,60.0,6,59.0,56.0,0.0,0.0,0.0,0.0,247
2023-05-11 09:46:44,MO2312-C-7400,MO2312-C-7400,59.0,0.0,0.0,0.0,6,56.6,60.0,8,59.0,56.0,0.0,0.0,0.0,0.0,247
2023-05-11 09:46:58,MO2312-C-7400,MO2312-C-7400,59.0,0.0,0.0,0.0,6,56.6,60.0,10,59.0,56.0,0.0,0.0,0.0,0.0,247
2023-05-11 09:46:59,MO2312-C-7400,MO2312-C-7400,59.0,0.0,0.0,0.0,6,56.6,60.0,8,59.0,56.0,0.0,0.0,0.0,0.0,247
2023-05-11 09:46:59,MO2312-C-7400,MO2312-C-7400,59.0,0.0,0.0,0.0,7,56.6,60.0,8,59.0,56.0,0.0,0.0,0.0,0.0,247
2023-05-11 09:47:00,MO2312-C-7400,MO2312-C-7400,59.0,0.0,0.0,0.0,6,56.8,60.0,8,59.0,56.0,0.0,0.0,0.0,0.0,247
2023-05-11 09:47:06,MO2312-C-7400,MO2312-C-7400,59.0,0.0,0.0,0.0,7,56.8,60.0,8,59.0,56.0,0.0,0.0,0.0,0.0,247
2023-05-11 09:47:06,MO2312-C-7400,MO2312-C-7400,59.0,0.0,0.0,0.0,6,57.0,60.0,8,59.0,56.0,0.0,0.0,0.0,0.0,247
2023-05-11 09:47:09,MO2312-C-7400,MO2312-C-7400,59.0,0.0,0.0,0.0,6,57.0,60.0,10,59.0,56.0,0.0,0.0,0.0,0.0,247
2023-05-11 09:47:11,MO2312-C-7400,MO2312-C-7400,59.0,0.0,0.0,0.0,6,57.0,60.0,8,59.0,56.0,0.0,0.0,0.0,0.0,247
2023-05-11 09:47:12,MO2312-C-7400,MO2312-C-7400,59.0,0.0,0.0,0.0,6,57.0,60.0,14,59.0,56.0,0.0,0.0,0.0,0.0,247
2023-05-11 09:47:15,MO2312-C-7400,MO2312-C-7400,59.0,0.0,0.0,0.0,1,56.4,60.0,10,59.0,56.0,0.0,0.0,0.0,0.0,247
2023-05-11 09:47:16,MO2312-C-7400,MO2312-C-7400,59.0,0.0,0.0,0.0,6,56.6,60.0,16,59.0,56.0,0.0,0.0,0.0,0.0,247
2023-05-11 09:47:18,MO2312-C-7400,MO2312-C-7400,59.0,0.0,0.0,0.0,6,56.6,60.0,14,59.0,56.0,0.0,0.0,0.0,0.0,247
2023-05-11 09:47:19,MO2312-C-7400,MO2312-C-7400,59.0,0.0,0.0,0.0,6,56.6,60.0,8,59.0,56.0,0.0,0.0,0.0,0.0,247
2023-05-11 09:47:28,MO2312-C-7400,MO2312-C-7400,59.0,0.0,0.0,0.0,6,56.6,60.0,14,59.0,56.0,0.0,0.0,0.0,0.0,247
2023-05-11 09:47:33,MO2312-C-7400,MO2312-C-7400,59.0,0.0,0.0,0.0,6,56.6,60.0,8,59.0,56.0,0.0,0.0,0.0,0.0,247
2023-05-11 09:47:41,MO2312-C-7400,MO2312-C-7400,59.0,0.0,0.0,0.0,8,56.6,60.0,8,59.0,56.0,0.0,0.0,0.0,0.0,247
2023-05-11 09:47:42,MO2312-C-7400,MO2312-C-7400,59.0,0.0,0.0,0.0,7,56.6,60.0,8,59.0,56.0,0.0,0.0,0.0,0.0,247
2023-05-11 09:47:42,MO2312-C-7400,MO2312-C-7400,59.0,0.0,0.0,0.0,6,56.8,60.0,6,59.0,56.0,0.0,0.0,0.0,0.0,247
2023-05-11 09:47:43,MO2312-C-7400,MO2312-C-7400,59.0,0.0,0.0,0.0,6,56.8,60.0,8,59.0,56.0,0.0,0.0,0.0,0.0,247
2023-05-11 09:47:56,MO2312-C-7400,MO2312-C-7400,59.0,0.0,0.0,0.0,6,56.8,60.0,10,59.0,56.0,0.0,0.0,0.0,0.0,247
2023-05-11 09:47:57,MO2312-C-7400,MO2312-C-7400,59.0,0.0,0.0,0.0,6,56.6,60.0,8,59.0,56.0,0.0,0.0,0.0,0.0,247
2023-05-11 09:47:58,MO2312-C-7400,MO2312-C-7400,59.0,0.0,0.0,0.0,6,56.4,60.0,8,59.0,56.0,0.0,0.0,0.0,0.0,247
2023-05-11 09:47:59,MO2312-C-7400,MO2312-C-7400,59.0,0.0,0.0,0.0,8,56.4,60.0,8,59.0,56.0,0.0,0.0,0.0,0.0,247
2023-05-11 09:47:59,MO2312-C-7400,MO2312-C-7400,59.0,0.0,0.0,0.0,6,56.6,60.0,8,59.0,56.0,0.0,0.0,0.0,0.0,247
2023-05-11 09:48:00,MO2312-C-7400,MO2312-C-7400,59.0,0.0,0.0,0.0,6,56.4,60.0,8,59.0,56.0,0.0,0.0,0.0,0.0,247
2023-05-11 09:48:00,MO2312-C-7400,MO2312-C-7400,59.0,0.0,0.0,0.0,8,56.4,60.0,8,59.0,56.0,0.0,0.0,0.0,0.0,247
2023-05-11 09:48:01,MO2312-C-7400,MO2312-C-7400,59.0,0.0,0.0,0.0,6,56.6,60.0,8,59.0,56.0,0.0,0.0,0.0,0.0,247
2023-05-11 09:48:05,MO2312-C-7400,MO2312-C-7400,59.0,0.0,0.0,0.0,6,56.4,60.0,8,59.0,56.0,0.0,0.0,0.0,0.0,247
2023-05-11 09:48:10,MO2312-C-7400,MO2312-C-7400,59.0,0.0,0.0,0.0,8,56.4,60.0,8,59.0,56.0,0.0,0.0,0.0,0.0,247
2023-05-11 09:48:10,MO2312-C-7400,MO2312-C-7400,59.0,0.0,0.0,0.0,6,56.6,60.0,8,59.0,56.0,0.0,0.0,0.0,0.0,247
2023-05-11 09:48:14,MO2312-C-7400,MO2312-C-7400,59.0,0.0,0.0,0.0,6,56.6,60.0,10,59.0,56.0,0.0,0.0,0.0,0.0,247
2023-05-11 09:48:14,MO2312-C-7400,MO2312-C-7400,59.0,0.0,0.0,0.0,6,56.6,60.0,8,59.0,56.0,0.0,0.0,0.0,0.0,247
2023-05-11 09:48:18,MO2312-C-7400,MO2312-C-7400,59.0,0.0,0.0,0.0,8,56.6,60.0,8,59.0,56.0,0.0,0.0,0.0,0.0,247
2023-05-11 09:48:18,MO2312-C-7400,MO2312-C-7400,59.0,0.0,0.0,0.0,6,56.8,60.0,8,59.0,56.0,0.0,0.0,0.0,0.0,247
2023-05-11 09:48:19,MO2312-C-7400,MO2312-C-7400,59.0,0.0,0.0,0.0,6,56.6,60.0,8,59.0,56.0,0.0,0.0,0.0,0.0,247
2023-05-11 09:48:20,MO2312-C-7400,MO2312-C-7400,59.0,0.0,0.0,0.0,8,56.6,60.0,8,59.0,56.0,0.0,0.0,0.0,0.0,247
2023-05-11 09:48:21,MO2312-C-7400,MO2312-C-7400,59.0,0.0,0.0,0.0,6,56.8,60.0,2,59.0,56.0,0.0,0.0,0.0,0.0,247
2023-05-11 09:48:22,MO2312-C-7400,MO2312-C-7400,59.0,0.0,0.0,0.0,6,56.8,60.6,24,59.0,56.0,0.0,0.0,0.0,0.0,247
2023-05-11 09:48:22,MO2312-C-7400,MO2312-C-7400,59.0,0.0,0.0,0.0,6,56.8,60.6,12,59.0,56.0,0.0,0.0,0.0,0.0,247
2023-05-11 09:48:23,MO2312-C-7400,MO2312-C-7400,59.0,0.0,0.0,0.0,6,56.8,60.4,2,59.0,56.0,0.0,0.0,0.0,0.0,247
2023-05-11 09:48:23,MO2312-C-7400,MO2312-C-7400,59.0,0.0,0.0,0.0,6,56.6,60.4,2,59.0,56.0,0.0,0.0,0.0,0.0,247
2023-05-11 09:48:24,MO2312-C-7400,MO2312-C-7400,59.0,0.0,0.0,0.0,8,56.6,60.4,2,59.0,56.0,0.0,0.0,0.0,0.0,247
2023-05-11 09:48:25,MO2312-C-7400,MO2312-C-7400,59.0,0.0,0.0,0.0,6,56.8,60.4,2,59.0,56.0,0.0,0.0,0.0,0.0,247
2023-05-11 09:48:25,MO2312-C-7400,MO2312-C-7400,59.0,0.0,0.0,0.0,6,56.6,60.4,2,59.0,56.0,0.0,0.0,0.0,0.0,247
2023-05-11 09:48:26,MO2312-C-7400,MO2312-C-7400,59.0,0.0,0.0,0.0,7,56.6,60.4,2,59.0,56.0,0.0,0.0,0.0,0.0,247
2023-05-11 09:48:27,MO2312-C-7400,MO2312-C-7400,59.0,0.0,0.0,0.0,6,56.8,60.4,2,59.0,56.0,0.0,0.0,0.0,0.0,247
2023-05-11 09:48:46,MO2312-C-7400,MO2312-C-7400,59.0,0.0,0.0,0.0,7,56.8,60.4,2,59.0,56.0,0.0,0.0,0.0,0.0,247
2023-05-11 09:48:47,MO2312-C-7400,MO2312-C-7400,59.0,0.0,0.0,0.0,6,57.0,60.4,2,59.0,56.0,0.0,0.0,0.0,0.0,247
2023-05-11 09:48:51,MO2312-C-7400,MO2312-C-7400,59.0,0.0,0.0,0.0,7,57.0,60.4,2,59.0,56.0,0.0,0.0,0.0,0.0,247
2023-05-11 09:48:52,MO2312-C-7400,MO2312-C-7400,59.0,0.0,0.0,0.0,6,57.2,60.4,2,59.0,56.0,0.0,0.0,0.0,0.0,247
2023-05-11 09:49:01,MO2312-C-7400,MO2312-C-7400,59.0,0.0,0.0,0.0,6,57.2,60.6,8,59.0,56.0,0.0,0.0,0.0,0.0,247
2023-05-11 09:49:01,MO2312-C-7400,MO2312-C-7400,59.0,0.0,0.0,0.0,7,57.2,60.6,8,59.0,56.0,0.0,0.0,0.0,0.0,247
2023-05-11 09:49:02,MO2312-C-7400,MO2312-C-7400,59.0,0.0,0.0,0.0,3,57.2,60.6,8,59.0,56.0,0.0,0.0,0.0,0.0,247
2023-05-11 09:49:02,MO2312-C-7400,MO2312-C-7400,59.0,0.0,0.0,0.0,6,57.4,60.6,8,59.0,56.0,0.0,0.0,0.0,0.0,247
2023-05-11 09:49:03,MO2312-C-7400,MO2312-C-7400,59.0,0.0,0.0,0.0,8,57.4,60.6,8,59.0,56.0,0.0,0.0,0.0,0.0,247
2023-05-11 09:49:04,MO2312-C-7400,MO2312-C-7400,59.0,0.0,0.0,0.0,6,57.6,60.6,6,59.0,56.0,0.0,0.0,0.0,0.0,247
2023-05-11 09:49:04,MO2312-C-7400,MO2312-C-7400,59.0,0.0,0.0,0.0,8,57.6,60.8,30,59.0,56.0,0.0,0.0,0.0,0.0,247
2023-05-11 09:49:05,MO2312-C-7400,MO2312-C-7400,59.0,0.0,0.0,0.0,6,57.8,60.8,18,59.0,56.0,0.0,0.0,0.0,0.0,247
2023-05-11 09:49:05,MO2312-C-7400,MO2312-C-7400,59.0,0.0,0.0,0.0,8,57.8,60.8,18,59.0,56.0,0.0,0.0,0.0,0.0,247
2023-05-11 09:49:06,MO2312-C-7400,MO2312-C-7400,59.0,0.0,0.0,0.0,6,58.0,60.8,18,59.0,56.0,0.0,0.0,0.0,0.0,247
2023-05-11 09:49:06,MO2312-C-7400,MO2312-C-7400,59.0,0.0,0.0,0.0,6,58.0,60.8,12,59.0,56.0,0.0,0.0,0.0,0.0,247
2023-05-11 09:49:07,MO2312-C-7400,MO2312-C-7400,59.0,0.0,0.0,0.0,6,58.0,60.8,6,59.0,56.0,0.0,0.0,0.0,0.0,247
2023-05-11 09:49:07,MO2312-C-7400,MO2312-C-7400,59.0,0.0,0.0,0.0,8,58.0,60.8,6,59.0,56.0,0.0,0.0,0.0,0.0,247
2023-05-11 09:49:08,MO2312-C-7400,MO2312-C-7400,59.0,0.0,0.0,0.0,2,58.0,60.8,6,59.0,56.0,0.0,0.0,0.0,0.0,247
2023-05-11 09:49:08,MO2312-C-7400,MO2312-C-7400,59.0,0.0,0.0,0.0,6,58.2,60.8,6,59.0,56.0,0.0,0.0,0.0,0.0,247
2023-05-11 09:49:09,MO2312-C-7400,MO2312-C-7400,59.0,0.0,0.0,0.0,6,57.6,60.8,6,59.0,56.0,0.0,0.0,0.0,0.0,247
2023-05-11 09:49:09,MO2312-C-7400,MO2312-C-7400,59.0,0.0,0.0,0.0,6,57.6,60.8,8,59.0,56.0,0.0,0.0,0.0,0.0,247
2023-05-11 09:49:11,MO2312-C-7400,MO2312-C-7400,59.0,0.0,0.0,0.0,6,57.4,60.8,10,59.0,56.0,0.0,0.0,0.0,0.0,247
2023-05-11 09:49:14,MO2312-C-7400,MO2312-C-7400,59.0,0.0,0.0,0.0,6,57.4,60.8,16,59.0,56.0,0.0,0.0,0.0,0.0,247
2023-05-11 09:49:15,MO2312-C-7400,MO2312-C-7400,59.0,0.0,0.0,0.0,6,57.4,60.8,22,59.0,56.0,0.0,0.0,0.0,0.0,247
2023-05-11 09:49:17,MO2312-C-7400,MO2312-C-7400,59.0,0.0,0.0,0.0,6,57.4,60.8,16,59.0,56.0,0.0,0.0,0.0,0.0,247
2023-05-11 09:49:20,MO2312-C-7400,MO2312-C-7400,59.0,0.0,0.0,0.0,6,57.4,60.8,14,59.0,56.0,0.0,0.0,0.0,0.0,247
2023-05-11 09:49:20,MO2312-C-7400,MO2312-C-7400,59.0,0.0,0.0,0.0,6,57.4,60.8,16,59.0,56.0,0.0,0.0,0.0,0.0,247
2023-05-11 09:49:28,MO2312-C-7400,MO2312-C-7400,59.0,0.0,0.0,0.0,6,57.4,60.8,14,59.0,56.0,0.0,0.0,0.0,0.0,247
2023-05-11 09:49:28,MO2312-C-7400,MO2312-C-7400,59.0,0.0,0.0,0.0,6,57.4,60.8,16,59.0,56.0,0.0,0.0,0.0,0.0,247
2023-05-11 09:49:36,MO2312-C-7400,MO2312-C-7400,59.0,0.0,0.0,0.0,6,57.4,60.8,14,59.0,56.0,0.0,0.0,0.0,0.0,247
2023-05-11 09:49:51,MO2312-C-7400,MO2312-C-7400,59.0,0.0,0.0,0.0,8,57.4,60.8,14,59.0,56.0,0.0,0.0,0.0,0.0,247
2023-05-11 09:49:52,MO2312-C-7400,MO2312-C-7400,59.0,0.0,0.0,0.0,6,57.6,60.8,12,59.0,56.0,0.0,0.0,0.0,0.0,247
2023-05-11 09:49:52,MO2312-C-7400,MO2312-C-7400,59.0,0.0,0.0,0.0,8,57.6,60.8,6,59.0,56.0,0.0,0.0,0.0,0.0,247
2023-05-11 09:49:53,MO2312-C-7400,MO2312-C-7400,59.0,0.0,0.0,0.0,6,57.8,61.6,42,59.0,56.0,0.0,0.0,0.0,0.0,247
2023-05-11 09:49:53,MO2312-C-7400,MO2312-C-7400,59.0,0.0,0.0,0.0,6,57.8,61.6,36,59.0,56.0,0.0,0.0,0.0,0.0,247
2023-05-11 09:49:55,MO2312-C-7400,MO2312-C-7400,59.0,0.0,0.0,0.0,8,57.8,61.6,36,59.0,56.0,0.0,0.0,0.0,0.0,247
2023-05-11 09:49:56,MO2312-C-7400,MO2312-C-7400,59.0,0.0,0.0,0.0,6,58.0,61.4,6,59.0,56.0,0.0,0.0,0.0,0.0,247
2023-05-11 09:49:56,MO2312-C-7400,MO2312-C-7400,59.0,0.0,0.0,0.0,6,58.0,61.2,2,59.0,56.0,0.0,0.0,0.0,0.0,247
2023-05-11 09:50:05,MO2312-C-7400,MO2312-C-7400,59.0,0.0,0.0,0.0,6,58.0,61.6,24,59.0,56.0,0.0,0.0,0.0,0.0,247
2023-05-11 09:50:06,MO2312-C-7400,MO2312-C-7400,59.0,0.0,0.0,0.0,6,58.0,61.4,2,59.0,56.0,0.0,0.0,0.0,0.0,247
2023-05-11 09:50:07,MO2312-C-7400,MO2312-C-7400,59.0,0.0,0.0,0.0,8,58.0,61.4,2,59.0,56.0,0.0,0.0,0.0,0.0,247
2023-05-11 09:50:07,MO2312-C-7400,MO2312-C-7400,59.0,0.0,0.0,0.0,6,58.2,61.4,2,59.0,56.0,0.0,0.0,0.0,0.0,247
2023-05-11 09:50:08,MO2312-C-7400,MO2312-C-7400,59.0,0.0,0.0,0.0,6,57.4,61.4,2,59.0,56.0,0.0,0.0,0.0,0.0,247
2023-05-11 09:50:08,MO2312-C-7400,MO2312-C-7400,59.0,0.0,0.0,0.0,8,57.4,61.4,2,59.0,56.0,0.0,0.0,0.0,0.0,247
2023-05-11 09:50:09,MO2312-C-7400,MO2312-C-7400,59.0,0.0,0.0,0.0,6,57.6,61.4,2,59.0,56.0,0.0,0.0,0.0,0.0,247
2023-05-11 09:50:14,MO2312-C-7400,MO2312-C-7400,59.0,0.0,0.0,0.0,9,57.6,61.4,2,59.0,56.0,0.0,0.0,0.0,0.0,247
2023-05-11 09:50:14,MO2312-C-7400,MO2312-C-7400,59.0,0.0,0.0,0.0,6,57.8,61.4,2,59.0,56.0,0.0,0.0,0.0,0.0,247
2023-05-11 09:50:16,MO2312-C-7400,MO2312-C-7400,59.0,0.0,0.0,0.0,8,57.8,61.4,2,59.0,56.0,0.0,0.0,0.0,0.0,247
2023-05-11 09:50:17,MO2312-C-7400,MO2312-C-7400,59.0,0.0,0.0,0.0,6,58.0,61.4,2,59.0,56.0,0.0,0.0,0.0,0.0,247
2023-05-11 09:50:19,MO2312-C-7400,MO2312-C-7400,59.0,0.0,0.0,0.0,8,58.0,61.4,8,59.0,56.0,0.0,0.0,0.0,0.0,247
2023-05-11 09:50:20,MO2312-C-7400,MO2312-C-7400,59.0,0.0,0.0,0.0,6,58.2,61.2,6,59.0,56.0,0.0,0.0,0.0,0.0,247
2023-05-11 09:50:20,MO2312-C-7400,MO2312-C-7400,59.0,0.0,0.0,0.0,6,57.8,61.0,2,59.0,56.0,0.0,0.0,0.0,0.0,247
2023-05-11 09:50:21,MO2312-C-7400,MO2312-C-7400,59.0,0.0,0.0,0.0,2,58.0,61.0,2,59.0,56.0,0.0,0.0,0.0,0.0,247
2023-05-11 09:50:21,MO2312-C-7400,MO2312-C-7400,59.0,0.0,0.0,0.0,6,58.2,61.0,2,59.0,56.0,0.0,0.0,0.0,0.0,247
2023-05-11 09:50:22,MO2312-C-7400,MO2312-C-7400,59.0,0.0,0.0,0.0,6,57.8,61.0,2,59.0,56.0,0.0,0.0,0.0,0.0,247
2023-05-11 09:50:22,MO2312-C-7400,MO2312-C-7400,59.0,0.0,0.0,0.0,8,57.8,61.0,2,59.0,56.0,0.0,0.0,0.0,0.0,247
2023-05-11 09:50:23,MO2312-C-7400,MO2312-C-7400,59.0,0.0,0.0,0.0,6,58.0,61.0,2,59.0,56.0,0.0,0.0,0.0,0.0,247
2023-05-11 09:50:24,MO2312-C-7400,MO2312-C-7400,59.0,0.0,0.0,0.0,3,57.8,61.0,2,59.0,56.0,0.0,0.0,0.0,0.0,247
2023-05-11 09:50:25,MO2312-C-7400,MO2312-C-7400,59.0,0.0,0.0,0.0,6,58.0,61.0,8,59.0,56.0,0.0,0.0,0.0,0.0,247
2023-05-11 09:50:27,MO2312-C-7400,MO2312-C-7400,59.0,0.0,0.0,0.0,7,57.8,60.8,6,59.0,56.0,0.0,0.0,0.0,0.0,247
2023-05-11 09:50:28,MO2312-C-7400,MO2312-C-7400,59.0,0.0,0.0,0.0,7,57.8,60.8,14,59.0,56.0,0.0,0.0,0.0,0.0,247
2023-05-11 09:50:28,MO2312-C-7400,MO2312-C-7400,59.0,0.0,0.0,0.0,6,58.0,60.8,18,59.0,56.0,0.0,0.0,0.0,0.0,247
2023-05-11 09:50:30,MO2312-C-7400,MO2312-C-7400,59.0,0.0,0.0,0.0,1,57.8,60.8,20,59.0,56.0,0.0,0.0,0.0,0.0,247
2023-05-11 09:50:30,MO2312-C-7400,MO2312-C-7400,59.0,0.0,0.0,0.0,7,57.8,60.6,6,59.0,56.0,0.0,0.0,0.0,0.0,247
2023-05-11 09:50:31,MO2312-C-7400,MO2312-C-7400,59.0,0.0,0.0,0.0,6,58.0,60.8,18,59.0,56.0,0.0,0.0,0.0,0.0,247
2023-05-11 09:50:34,MO2312-C-7400,MO2312-C-7400,59.0,0.0,0.0,0.0,6,58.0,60.8,12,59.0,56.0,0.0,0.0,0.0,0.0,247
2023-05-11 09:50:34,MO2312-C-7400,MO2312-C-7400,59.0,0.0,0.0,0.0,6,58.0,60.8,6,59.0,56.0,0.0,0.0,0.0,0.0,247
2023-05-11 09:50:39,MO2312-C-7400,MO2312-C-7400,59.0,0.0,0.0,0.0,6,58.0,61.4,12,59.0,56.0,0.0,0.0,0.0,0.0,247
2023-05-11 09:50:39,MO2312-C-7400,MO2312-C-7400,59.0,0.0,0.0,0.0,6,58.0,61.2,2,59.0,56.0,0.0,0.0,0.0,0.0,247
2023-05-11 09:50:45,MO2312-C-7400,MO2312-C-7400,59.0,0.0,0.0,0.0,8,58.0,61.2,2,59.0,56.0,0.0,0.0,0.0,0.0,247
2023-05-11 09:50:46,MO2312-C-7400,MO2312-C-7400,59.0,0.0,0.0,0.0,6,58.2,61.2,8,59.0,56.0,0.0,0.0,0.0,0.0,247
2023-05-11 09:50:46,MO2312-C-7400,MO2312-C-7400,59.0,0.0,0.0,0.0,6,58.2,61.2,2,59.0,56.0,0.0,0.0,0.0,0.0,247
2023-05-11 09:50:50,MO2312-C-7400,MO2312-C-7400,59.0,0.0,0.0,0.0,6,58.2,61.2,8,59.0,56.0,0.0,0.0,0.0,0.0,247
2023-05-11 09:50:52,MO2312-C-7400,MO2312-C-7400,59.0,0.0,0.0,0.0,7,58.2,61.2,8,59.0,56.0,0.0,0.0,0.0,0.0,247
2023-05-11 09:50:52,MO2312-C-7400,MO2312-C-7400,59.0,0.0,0.0,0.0,6,58.4,61.2,8,59.0,56.0,0.0,0.0,0.0,0.0,247
2023-05-11 09:50:53,MO2312-C-7400,MO2312-C-7400,59.0,0.0,0.0,0.0,6,58.0,61.2,2,59.0,56.0,0.0,0.0,0.0,0.0,247
2023-05-11 09:50:55,MO2312-C-7400,MO2312-C-7400,59.0,0.0,0.0,0.0,6,58.0,61.4,6,59.0,56.0,0.0,0.0,0.0,0.0,247
2023-05-11 09:50:55,MO2312-C-7400,MO2312-C-7400,59.0,0.0,0.0,0.0,8,58.0,61.4,8,59.0,56.0,0.0,0.0,0.0,0.0,247
2023-05-11 09:50:56,MO2312-C-7400,MO2312-C-7400,59.0,0.0,0.0,0.0,6,58.2,61.2,6,59.0,56.0,0.0,0.0,0.0,0.0,247
2023-05-11 09:50:56,MO2312-C-7400,MO2312-C-7400,59.0,0.0,0.0,0.0,6,57.8,61.2,2,59.0,56.0,0.0,0.0,0.0,0.0,247
2023-05-11 09:50:57,MO2312-C-7400,MO2312-C-7400,59.0,0.0,0.0,0.0,8,57.8,61.2,2,59.0,56.0,0.0,0.0,0.0,0.0,247
2023-05-11 09:50:57,MO2312-C-7400,MO2312-C-7400,59.0,0.0,0.0,0.0,6,58.0,61.2,2,59.0,56.0,0.0,0.0,0.0,0.0,247
2023-05-11 09:50:58,MO2312-C-7400,MO2312-C-7400,59.0,0.0,0.0,0.0,8,58.0,61.2,2,59.0,56.0,0.0,0.0,0.0,0.0,247
2023-05-11 09:50:59,MO2312-C-7400,MO2312-C-7400,59.0,0.0,0.0,0.0,6,58.2,61.2,2,59.0,56.0,0.0,0.0,0.0,0.0,247
2023-05-11 09:50:59,MO2312-C-7400,MO2312-C-7400,59.0,0.0,0.0,0.0,6,57.8,61.2,2,59.0,56.0,0.0,0.0,0.0,0.0,247
2023-05-11 09:51:00,MO2312-C-7400,MO2312-C-7400,59.0,0.0,0.0,0.0,8,57.8,61.2,2,59.0,56.0,0.0,0.0,0.0,0.0,247
2023-05-11 09:51:00,MO2312-C-7400,MO2312-C-7400,59.0,0.0,0.0,0.0,6,58.0,61.2,2,59.0,56.0,0.0,0.0,0.0,0.0,247
2023-05-11 09:51:01,MO2312-C-7400,MO2312-C-7400,59.0,0.0,0.0,0.0,8,58.0,61.2,2,59.0,56.0,0.0,0.0,0.0,0.0,247
2023-05-11 09:51:02,MO2312-C-7400,MO2312-C-7400,59.0,0.0,0.0,0.0,6,58.2,61.2,2,59.0,56.0,0.0,0.0,0.0,0.0,247
2023-05-11 09:51:02,MO2312-C-7400,MO2312-C-7400,59.0,0.0,0.0,0.0,1,58.0,61.2,2,59.0,56.0,0.0,0.0,0.0,0.0,247
2023-05-11 09:51:03,MO2312-C-7400,MO2312-C-7400,59.0,0.0,0.0,0.0,6,58.2,61.2,2,59.0,56.0,0.0,0.0,0.0,0.0,247
2023-05-11 09:51:06,MO2312-C-7400,MO2312-C-7400,59.0,0.0,0.0,0.0,6,58.2,61.2,8,59.0,56.0,0.0,0.0,0.0,0.0,247
2023-05-11 09:51:10,MO2312-C-7400,MO2312-C-7400,59.0,0.0,0.0,0.0,6,58.2,61.2,2,59.0,56.0,0.0,0.0,0.0,0.0,247
2023-05-11 09:51:11,MO2312-C-7400,MO2312-C-7400,59.0,0.0,0.0,0.0,6,58.2,61.0,6,59.0,56.0,0.0,0.0,0.0,0.0,247
2023-05-11 09:51:12,MO2312-C-7400,MO2312-C-7400,59.0,0.0,0.0,0.0,6,58.2,61.0,8,59.0,56.0,0.0,0.0,0.0,0.0,247
2023-05-11 09:51:14,MO2312-C-7400,MO2312-C-7400,59.0,0.0,0.0,0.0,6,58.2,61.0,6,59.0,56.0,0.0,0.0,0.0,0.0,247
2023-05-11 09:51:14,MO2312-C-7400,MO2312-C-7400,59.0,0.0,0.0,0.0,1,58.0,61.4,6,59.0,56.0,0.0,0.0,0.0,0.0,247
2023-05-11 09:51:15,MO2312-C-7400,MO2312-C-7400,59.0,0.0,0.0,0.0,1,58.0,61.2,2,59.0,56.0,0.0,0.0,0.0,0.0,247
2023-05-11 09:51:15,MO2312-C-7400,MO2312-C-7400,59.0,0.0,0.0,0.0,6,58.2,61.2,2,59.0,56.0,0.0,0.0,0.0,0.0,247
2023-05-11 09:51:19,MO2312-C-7400,MO2312-C-7400,59.0,0.0,0.0,0.0,6,58.2,61.2,8,59.0,56.0,0.0,0.0,0.0,0.0,247
2023-05-11 09:51:26,MO2312-C-7400,MO2312-C-7400,59.0,0.0,0.0,0.0,6,58.0,61.2,2,59.0,56.0,0.0,0.0,0.0,0.0,247
2023-05-11 09:51:27,MO2312-C-7400,MO2312-C-7400,59.0,0.0,0.0,0.0,6,57.8,61.2,2,59.0,56.0,0.0,0.0,0.0,0.0,247
2023-05-11 09:51:31,MO2312-C-7400,MO2312-C-7400,59.0,0.0,0.0,0.0,8,57.8,61.2,2,59.0,56.0,0.0,0.0,0.0,0.0,247
2023-05-11 09:51:31,MO2312-C-7400,MO2312-C-7400,59.0,0.0,0.0,0.0,6,58.0,61.2,2,59.0,56.0,0.0,0.0,0.0,0.0,247
2023-05-11 09:51:32,MO2312-C-7400,MO2312-C-7400,59.0,0.0,0.0,0.0,6,57.8,61.2,2,59.0,56.0,0.0,0.0,0.0,0.0,247
2023-05-11 09:51:32,MO2312-C-7400,MO2312-C-7400,59.0,0.0,0.0,0.0,8,57.8,61.2,2,59.0,56.0,0.0,0.0,0.0,0.0,247
2023-05-11 09:51:33,MO2312-C-7400,MO2312-C-7400,59.0,0.0,0.0,0.0,6,58.0,61.2,2,59.0,56.0,0.0,0.0,0.0,0.0,247
2023-05-11 09:51:33,MO2312-C-7400,MO2312-C-7400,59.0,0.0,0.0,0.0,6,57.8,61.2,2,59.0,56.0,0.0,0.0,0.0,0.0,247
2023-05-11 09:51:36,MO2312-C-7400,MO2312-C-7400,59.0,0.0,0.0,0.0,7,57.8,61.2,2,59.0,56.0,0.0,0.0,0.0,0.0,247
2023-05-11 09:51:36,MO2312-C-7400,MO2312-C-7400,59.0,0.0,0.0,0.0,6,58.0,61.2,2,59.0,56.0,0.0,0.0,0.0,0.0,247
2023-05-11 09:51:40,MO2312-C-7400,MO2312-C-7400,59.0,0.0,0.0,0.0,6,58.0,61.6,18,59.0,56.0,0.0,0.0,0.0,0.0,247
2023-05-11 09:51:40,MO2312-C-7400,MO2312-C-7400,59.0,0.0,0.0,0.0,6,58.0,61.4,2,59.0,56.0,0.0,0.0,0.0,0.0,247
2023-05-11 09:51:55,MO2312-C-7400,MO2312-C-7400,59.0,0.0,0.0,0.0,6,58.0,61.4,8,59.0,56.0,0.0,0.0,0.0,0.0,247
2023-05-11 09:52:03,MO2312-C-7400,MO2312-C-7400,59.0,0.0,0.0,0.0,7,57.8,61.2,6,59.0,56.0,0.0,0.0,0.0,0.0,247
2023-05-11 09:52:04,MO2312-C-7400,MO2312-C-7400,59.0,0.0,0.0,0.0,7,57.8,61.0,2,59.0,56.0,0.0,0.0,0.0,0.0,247
2023-05-11 09:52:04,MO2312-C-7400,MO2312-C-7400,59.0,0.0,0.0,0.0,6,58.0,61.0,8,59.0,56.0,0.0,0.0,0.0,0.0,247
2023-05-11 09:52:12,MO2312-C-7400,MO2312-C-7400,59.0,0.0,0.0,0.0,7,57.8,60.8,6,59.0,56.0,0.0,0.0,0.0,0.0,247
2023-05-11 09:52:13,MO2312-C-7400,MO2312-C-7400,59.0,0.0,0.0,0.0,7,57.8,60.8,12,59.0,56.0,0.0,0.0,0.0,0.0,247
2023-05-11 09:52:13,MO2312-C-7400,MO2312-C-7400,59.0,0.0,0.0,0.0,7,57.8,60.6,6,59.0,56.0,0.0,0.0,0.0,0.0,247
2023-05-11 09:52:15,MO2312-C-7400,MO2312-C-7400,59.0,0.0,0.0,0.0,6,58.0,60.8,6,59.0,56.0,0.0,0.0,0.0,0.0,247
2023-05-11 09:52:33,MO2312-C-7400,MO2312-C-7400,59.0,0.0,0.0,0.0,7,57.8,60.6,6,59.0,56.0,0.0,0.0,0.0,0.0,247
2023-05-11 09:52:37,MO2312-C-7400,MO2312-C-7400,59.0,0.0,0.0,0.0,1,57.8,60.6,6,59.0,56.0,0.0,0.0,0.0,0.0,247
2023-05-11 09:52:37,MO2312-C-7400,MO2312-C-7400,59.0,0.0,0.0,0.0,1,57.8,60.6,8,59.0,56.0,0.0,0.0,0.0,0.0,247
2023-05-11 09:52:38,MO2312-C-7400,MO2312-C-7400,59.0,0.0,0.0,0.0,6,57.8,60.6,6,59.0,56.0,0.0,0.0,0.0,0.0,247
2023-05-11 09:52:38,MO2312-C-7400,MO2312-C-7400,59.0,0.0,0.0,0.0,6,57.6,60.6,6,59.0,56.0,0.0,0.0,0.0,0.0,247
2023-05-11 09:52:40,MO2312-C-7400,MO2312-C-7400,59.0,0.0,0.0,0.0,6,57.6,60.8,12,59.0,56.0,0.0,0.0,0.0,0.0,247
2023-05-11 09:52:41,MO2312-C-7400,MO2312-C-7400,59.0,0.0,0.0,0.0,6,57.6,60.8,6,59.0,56.0,0.0,0.0,0.0,0.0,247
2023-05-11 09:52:45,MO2312-C-7400,MO2312-C-7400,59.0,0.0,0.0,0.0,6,57.6,60.6,6,59.0,56.0,0.0,0.0,0.0,0.0,247
2023-05-11 09:52:49,MO2312-C-7400,MO2312-C-7400,59.0,0.0,0.0,0.0,6,57.6,60.8,6,59.0,56.0,0.0,0.0,0.0,0.0,247
2023-05-11 09:52:49,MO2312-C-7400,MO2312-C-7400,59.0,0.0,0.0,0.0,6,57.6,60.8,8,59.0,56.0,0.0,0.0,0.0,0.0,247
2023-05-11 09:52:50,MO2312-C-7400,MO2312-C-7400,59.0,0.0,0.0,0.0,6,57.6,60.8,6,59.0,56.0,0.0,0.0,0.0,0.0,247
2023-05-11 09:52:52,MO2312-C-7400,MO2312-C-7400,59.0,0.0,0.0,0.0,6,57.6,60.6,2,59.0,56.0,0.0,0.0,0.0,0.0,247
2023-05-11 09:52:53,MO2312-C-7400,MO2312-C-7400,59.0,0.0,0.0,0.0,6,57.6,60.8,6,59.0,56.0,0.0,0.0,0.0,0.0,247
2023-05-11 09:52:53,MO2312-C-7400,MO2312-C-7400,59.0,0.0,0.0,0.0,6,57.6,60.8,8,59.0,56.0,0.0,0.0,0.0,0.0,247
2023-05-11 09:52:54,MO2312-C-7400,MO2312-C-7400,59.0,0.0,0.0,0.0,6,57.6,60.6,6,59.0,56.0,0.0,0.0,0.0,0.0,247
2023-05-11 09:53:01,MO2312-C-7400,MO2312-C-7400,59.0,0.0,0.0,0.0,6,57.4,60.6,8,59.0,56.0,0.0,0.0,0.0,0.0,247
2023-05-11 09:53:01,MO2312-C-7400,MO2312-C-7400,59.0,0.0,0.0,0.0,6,57.4,60.4,6,59.0,56.0,0.0,0.0,0.0,0.0,247
2023-05-11 09:53:02,MO2312-C-7400,MO2312-C-7400,59.0,0.0,0.0,0.0,14,57.2,60.6,6,59.0,56.0,0.0,0.0,0.0,0.0,247
2023-05-11 09:53:07,MO2312-C-7400,MO2312-C-7400,59.0,0.0,0.0,0.0,14,57.2,60.6,8,59.0,56.0,0.0,0.0,0.0,0.0,247
2023-05-11 09:53:08,MO2312-C-7400,MO2312-C-7400,59.0,0.0,0.0,0.0,6,57.4,60.4,6,59.0,56.0,0.0,0.0,0.0,0.0,247
2023-05-11 09:53:08,MO2312-C-7400,MO2312-C-7400,59.0,0.0,0.0,0.0,7,57.2,60.4,6,59.0,56.0,0.0,0.0,0.0,0.0,247
2023-05-11 09:53:09,MO2312-C-7400,MO2312-C-7400,59.0,0.0,0.0,0.0,7,57.2,60.4,2,59.0,56.0,0.0,0.0,0.0,0.0,247
2023-05-11 09:53:09,MO2312-C-7400,MO2312-C-7400,59.0,0.0,0.0,0.0,1,57.2,60.2,12,59.0,56.0,0.0,0.0,0.0,0.0,247
2023-05-11 09:53:10,MO2312-C-7400,MO2312-C-7400,59.0,0.0,0.0,0.0,1,57.2,60.0,6,59.0,56.0,0.0,0.0,0.0,0.0,247
2023-05-11 09:53:10,MO2312-C-7400,MO2312-C-7400,59.0,0.0,0.0,0.0,1,57.2,60.0,12,59.0,56.0,0.0,0.0,0.0,0.0,247
2023-05-11 09:53:11,MO2312-C-7400,MO2312-C-7400,59.0,0.0,0.0,0.0,1,57.2,59.8,6,59.0,56.0,0.0,0.0,0.0,0.0,247
2023-05-11 09:53:13,MO2312-C-7400,MO2312-C-7400,59.0,0.0,0.0,0.0,7,57.2,60.0,12,59.0,56.0,0.0,0.0,0.0,0.0,247
2023-05-11 09:53:18,MO2312-C-7400,MO2312-C-7400,59.0,0.0,0.0,0.0,12,57.0,59.8,6,59.0,56.0,0.0,0.0,0.0,0.0,247
2023-05-11 09:53:18,MO2312-C-7400,MO2312-C-7400,59.0,0.0,0.0,0.0,6,57.0,59.8,6,59.0,56.0,0.0,0.0,0.0,0.0,247
2023-05-11 09:53:35,MO2312-C-7400,MO2312-C-7400,59.0,0.0,0.0,0.0,18,56.8,59.8,6,59.0,56.0,0.0,0.0,0.0,0.0,247
2023-05-11 09:53:36,MO2312-C-7400,MO2312-C-7400,59.0,0.0,0.0,0.0,12,56.8,59.8,6,59.0,56.0,0.0,0.0,0.0,0.0,247
2023-05-11 09:53:36,MO2312-C-7400,MO2312-C-7400,59.0,0.0,0.0,0.0,6,56.8,59.8,6,59.0,56.0,0.0,0.0,0.0,0.0,247
2023-05-11 09:53:37,MO2312-C-7400,MO2312-C-7400,59.0,0.0,0.0,0.0,56,56.4,59.8,6,59.0,56.0,0.0,0.0,0.0,0.0,247
2023-05-11 09:53:38,MO2312-C-7400,MO2312-C-7400,59.0,0.0,0.0,0.0,20,56.4,59.8,8,59.0,56.0,0.0,0.0,0.0,0.0,247
2023-05-11 09:53:38,MO2312-C-7400,MO2312-C-7400,59.0,0.0,0.0,0.0,6,56.6,59.6,6,59.0,56.0,0.0,0.0,0.0,0.0,247
2023-05-11 09:53:39,MO2312-C-7400,MO2312-C-7400,59.0,0.0,0.0,0.0,6,56.6,59.6,8,59.0,56.0,0.0,0.0,0.0,0.0,247
2023-05-11 09:53:40,MO2312-C-7400,MO2312-C-7400,59.0,0.0,0.0,0.0,6,56.4,59.6,2,59.0,56.0,0.0,0.0,0.0,0.0,247
2023-05-11 09:53:40,MO2312-C-7400,MO2312-C-7400,59.0,0.0,0.0,0.0,6,56.4,59.8,6,59.0,56.0,0.0,0.0,0.0,0.0,247
2023-05-11 09:53:41,MO2312-C-7400,MO2312-C-7400,59.0,0.0,0.0,0.0,6,56.4,59.8,8,59.0,56.0,0.0,0.0,0.0,0.0,247
2023-05-11 09:53:41,MO2312-C-7400,MO2312-C-7400,59.0,0.0,0.0,0.0,6,56.4,59.8,10,59.0,56.0,0.0,0.0,0.0,0.0,247
2023-05-11 09:53:42,MO2312-C-7400,MO2312-C-7400,59.0,0.0,0.0,0.0,6,56.4,59.8,4,59.0,56.0,0.0,0.0,0.0,0.0,247
2023-05-11 09:53:43,MO2312-C-7400,MO2312-C-7400,59.0,0.0,0.0,0.0,6,56.2,59.8,2,59.0,56.0,0.0,0.0,0.0,0.0,247
2023-05-11 09:53:44,MO2312-C-7400,MO2312-C-7400,59.0,0.0,0.0,0.0,6,56.2,60.0,6,59.0,56.0,0.0,0.0,0.0,0.0,247
2023-05-11 09:53:44,MO2312-C-7400,MO2312-C-7400,59.0,0.0,0.0,0.0,8,56.2,60.0,10,59.0,56.0,0.0,0.0,0.0,0.0,247
2023-05-11 09:53:45,MO2312-C-7400,MO2312-C-7400,59.0,0.0,0.0,0.0,6,56.4,60.0,10,59.0,56.0,0.0,0.0,0.0,0.0,247
2023-05-11 09:53:45,MO2312-C-7400,MO2312-C-7400,59.0,0.0,0.0,0.0,6,56.2,60.0,10,59.0,56.0,0.0,0.0,0.0,0.0,247
2023-05-11 09:53:46,MO2312-C-7400,MO2312-C-7400,59.0,0.0,0.0,0.0,8,56.2,60.0,10,59.0,56.0,0.0,0.0,0.0,0.0,247
2023-05-11 09:53:46,MO2312-C-7400,MO2312-C-7400,59.0,0.0,0.0,0.0,6,56.4,60.0,10,59.0,56.0,0.0,0.0,0.0,0.0,247
2023-05-11 09:53:51,MO2312-C-7400,MO2312-C-7400,59.0,0.0,0.0,0.0,6,56.4,60.0,8,59.0,56.0,0.0,0.0,0.0,0.0,247
2023-05-11 09:53:52,MO2312-C-7400,MO2312-C-7400,59.0,0.0,0.0,0.0,6,56.4,60.0,10,59.0,56.0,0.0,0.0,0.0,0.0,247
2023-05-11 09:53:52,MO2312-C-7400,MO2312-C-7400,59.0,0.0,0.0,0.0,6,56.4,60.0,8,59.0,56.0,0.0,0.0,0.0,0.0,247
2023-05-11 09:53:53,MO2312-C-7400,MO2312-C-7400,59.0,0.0,0.0,0.0,6,56.4,60.0,10,59.0,56.0,0.0,0.0,0.0,0.0,247
2023-05-11 09:53:55,MO2312-C-7400,MO2312-C-7400,59.0,0.0,0.0,0.0,6,56.2,60.0,10,59.0,56.0,0.0,0.0,0.0,0.0,247
2023-05-11 09:53:56,MO2312-C-7400,MO2312-C-7400,59.0,0.0,0.0,0.0,2,56.4,60.0,10,59.0,56.0,0.0,0.0,0.0,0.0,247
2023-05-11 09:53:56,MO2312-C-7400,MO2312-C-7400,59.0,0.0,0.0,0.0,6,56.6,60.0,10,59.0,56.0,0.0,0.0,0.0,0.0,247
2023-05-11 09:53:57,MO2312-C-7400,MO2312-C-7400,59.0,0.0,0.0,0.0,6,56.2,60.0,10,59.0,56.0,0.0,0.0,0.0,0.0,247
2023-05-11 09:53:57,MO2312-C-7400,MO2312-C-7400,59.0,0.0,0.0,0.0,8,56.2,60.0,10,59.0,56.0,0.0,0.0,0.0,0.0,247
2023-05-11 09:53:58,MO2312-C-7400,MO2312-C-7400,59.0,0.0,0.0,0.0,6,56.4,60.0,10,59.0,56.0,0.0,0.0,0.0,0.0,247
2023-05-11 09:54:00,MO2312-C-7400,MO2312-C-7400,59.0,0.0,0.0,0.0,6,56.4,59.8,6,59.0,56.0,0.0,0.0,0.0,0.0,247
2023-05-11 09:54:00,MO2312-C-7400,MO2312-C-7400,59.0,0.0,0.0,0.0,6,56.2,59.8,2,59.0,56.0,0.0,0.0,0.0,0.0,247
2023-05-11 09:54:01,MO2312-C-7400,MO2312-C-7400,59.0,0.0,0.0,0.0,2,56.4,60.0,8,59.0,56.0,0.0,0.0,0.0,0.0,247
2023-05-11 09:54:01,MO2312-C-7400,MO2312-C-7400,59.0,0.0,0.0,0.0,6,56.6,60.0,10,59.0,56.0,0.0,0.0,0.0,0.0,247
2023-05-11 09:54:02,MO2312-C-7400,MO2312-C-7400,59.0,0.0,0.0,0.0,6,56.6,60.0,8,59.0,56.0,0.0,0.0,0.0,0.0,247
2023-05-11 09:54:03,MO2312-C-7400,MO2312-C-7400,59.0,0.0,0.0,0.0,10,56.6,60.0,8,59.0,56.0,0.0,0.0,0.0,0.0,247
2023-05-11 09:54:04,MO2312-C-7400,MO2312-C-7400,59.0,0.0,0.0,0.0,6,56.8,60.0,6,59.0,56.0,0.0,0.0,0.0,0.0,247
2023-05-11 09:54:04,MO2312-C-7400,MO2312-C-7400,59.0,0.0,0.0,0.0,8,56.8,60.0,6,59.0,56.0,0.0,0.0,0.0,0.0,247
2023-05-11 09:54:05,MO2312-C-7400,MO2312-C-7400,59.0,0.0,0.0,0.0,6,57.0,60.0,6,59.0,56.0,0.0,0.0,0.0,0.0,247
2023-05-11 09:54:08,MO2312-C-7400,MO2312-C-7400,59.0,0.0,0.0,0.0,8,57.0,60.0,6,59.0,56.0,0.0,0.0,0.0,0.0,247
2023-05-11 09:54:08,MO2312-C-7400,MO2312-C-7400,59.0,0.0,0.0,0.0,6,57.2,60.0,6,59.0,56.0,0.0,0.0,0.0,0.0,247
2023-05-11 09:54:10,MO2312-C-7400,MO2312-C-7400,59.0,0.0,0.0,0.0,6,57.2,60.0,12,59.0,56.0,0.0,0.0,0.0,0.0,247
2023-05-11 09:54:10,MO2312-C-7400,MO2312-C-7400,59.0,0.0,0.0,0.0,6,57.2,60.0,14,59.0,56.0,0.0,0.0,0.0,0.0,247
2023-05-11 09:54:11,MO2312-C-7400,MO2312-C-7400,59.0,0.0,0.0,0.0,2,56.6,60.0,8,59.0,56.0,0.0,0.0,0.0,0.0,247
2023-05-11 09:54:12,MO2312-C-7400,MO2312-C-7400,59.0,0.0,0.0,0.0,6,56.8,60.0,8,59.0,56.0,0.0,0.0,0.0,0.0,247
2023-05-11 09:54:12,MO2312-C-7400,MO2312-C-7400,59.0,0.0,0.0,0.0,6,56.8,60.0,6,59.0,56.0,0.0,0.0,0.0,0.0,247
2023-05-11 09:54:13,MO2312-C-7400,MO2312-C-7400,59.0,0.0,0.0,0.0,6,56.4,60.0,6,59.0,56.0,0.0,0.0,0.0,0.0,247
2023-05-11 09:54:13,MO2312-C-7400,MO2312-C-7400,59.0,0.0,0.0,0.0,10,56.4,60.0,6,59.0,56.0,0.0,0.0,0.0,0.0,247
2023-05-11 09:54:14,MO2312-C-7400,MO2312-C-7400,59.0,0.0,0.0,0.0,6,56.6,60.0,6,59.0,56.0,0.0,0.0,0.0,0.0,247
2023-05-11 09:54:20,MO2312-C-7400,MO2312-C-7400,59.0,0.0,0.0,0.0,8,56.6,60.0,6,59.0,56.0,0.0,0.0,0.0,0.0,247
2023-05-11 09:54:20,MO2312-C-7400,MO2312-C-7400,59.0,0.0,0.0,0.0,6,56.8,60.0,6,59.0,56.0,0.0,0.0,0.0,0.0,247
2023-05-11 09:54:23,MO2312-C-7400,MO2312-C-7400,59.0,0.0,0.0,0.0,8,56.8,60.0,6,59.0,56.0,0.0,0.0,0.0,0.0,247
2023-05-11 09:54:23,MO2312-C-7400,MO2312-C-7400,59.0,0.0,0.0,0.0,2,56.8,60.0,6,59.0,56.0,0.0,0.0,0.0,0.0,247
2023-05-11 09:54:24,MO2312-C-7400,MO2312-C-7400,59.0,0.0,0.0,0.0,6,57.0,60.0,6,59.0,56.0,0.0,0.0,0.0,0.0,247
2023-05-11 09:54:25,MO2312-C-7400,MO2312-C-7400,59.0,0.0,0.0,0.0,6,56.6,60.0,6,59.0,56.0,0.0,0.0,0.0,0.0,247
2023-05-11 09:54:25,MO2312-C-7400,MO2312-C-7400,59.0,0.0,0.0,0.0,10,56.6,60.0,6,59.0,56.0,0.0,0.0,0.0,0.0,247
2023-05-11 09:54:26,MO2312-C-7400,MO2312-C-7400,59.0,0.0,0.0,0.0,6,56.8,60.0,6,59.0,56.0,0.0,0.0,0.0,0.0,247
2023-05-11 09:54:30,MO2312-C-7400,MO2312-C-7400,59.0,0.0,0.0,0.0,8,56.8,60.0,6,59.0,56.0,0.0,0.0,0.0,0.0,247
2023-05-11 09:54:30,MO2312-C-7400,MO2312-C-7400,59.0,0.0,0.0,0.0,6,57.0,60.0,6,59.0,56.0,0.0,0.0,0.0,0.0,247
2023-05-11 09:54:31,MO2312-C-7400,MO2312-C-7400,59.0,0.0,0.0,0.0,8,57.0,60.0,6,59.0,56.0,0.0,0.0,0.0,0.0,247
2023-05-11 09:54:32,MO2312-C-7400,MO2312-C-7400,59.0,0.0,0.0,0.0,6,57.2,60.0,6,59.0,56.0,0.0,0.0,0.0,0.0,247
2023-05-11 09:54:33,MO2312-C-7400,MO2312-C-7400,59.0,0.0,0.0,0.0,8,57.2,60.0,6,59.0,56.0,0.0,0.0,0.0,0.0,247
2023-05-11 09:54:34,MO2312-C-7400,MO2312-C-7400,59.0,0.0,0.0,0.0,6,57.4,60.0,6,59.0,56.0,0.0,0.0,0.0,0.0,247
2023-05-11 09:54:34,MO2312-C-7400,MO2312-C-7400,59.0,0.0,0.0,0.0,1,56.8,60.0,6,59.0,56.0,0.0,0.0,0.0,0.0,247
2023-05-11 09:54:35,MO2312-C-7400,MO2312-C-7400,59.0,0.0,0.0,0.0,2,57.2,60.0,6,59.0,56.0,0.0,0.0,0.0,0.0,247
2023-05-11 09:54:35,MO2312-C-7400,MO2312-C-7400,59.0,0.0,0.0,0.0,6,57.4,60.0,6,59.0,56.0,0.0,0.0,0.0,0.0,247
2023-05-11 09:54:36,MO2312-C-7400,MO2312-C-7400,59.0,0.0,0.0,0.0,6,57.0,60.0,6,59.0,56.0,0.0,0.0,0.0,0.0,247
2023-05-11 09:54:36,MO2312-C-7400,MO2312-C-7400,59.0,0.0,0.0,0.0,8,57.0,60.0,6,59.0,56.0,0.0,0.0,0.0,0.0,247
2023-05-11 09:54:37,MO2312-C-7400,MO2312-C-7400,59.0,0.0,0.0,0.0,6,57.2,60.0,6,59.0,56.0,0.0,0.0,0.0,0.0,247
2023-05-11 09:54:37,MO2312-C-7400,MO2312-C-7400,59.0,0.0,0.0,0.0,8,57.2,60.0,6,59.0,56.0,0.0,0.0,0.0,0.0,247
2023-05-11 09:54:38,MO2312-C-7400,MO2312-C-7400,59.0,0.0,0.0,0.0,2,57.2,60.0,6,59.0,56.0,0.0,0.0,0.0,0.0,247
2023-05-11 09:54:38,MO2312-C-7400,MO2312-C-7400,59.0,0.0,0.0,0.0,6,57.4,60.0,6,59.0,56.0,0.0,0.0,0.0,0.0,247
2023-05-11 09:54:40,MO2312-C-7400,MO2312-C-7400,59.0,0.0,0.0,0.0,6,57.4,60.6,36,59.0,56.0,0.0,0.0,0.0,0.0,247
2023-05-11 09:54:40,MO2312-C-7400,MO2312-C-7400,59.0,0.0,0.0,0.0,6,57.4,60.6,18,59.0,56.0,0.0,0.0,0.0,0.0,247
2023-05-11 09:54:41,MO2312-C-7400,MO2312-C-7400,59.0,0.0,0.0,0.0,6,57.4,60.4,2,59.0,56.0,0.0,0.0,0.0,0.0,247
2023-05-11 09:54:44,MO2312-C-7400,MO2312-C-7400,59.0,0.0,0.0,0.0,6,57.4,60.6,6,59.0,56.0,0.0,0.0,0.0,0.0,247
2023-05-11 09:54:44,MO2312-C-7400,MO2312-C-7400,59.0,0.0,0.0,0.0,6,57.4,60.6,2,59.0,56.0,0.0,0.0,0.0,0.0,247
2023-05-11 09:54:51,MO2312-C-7400,MO2312-C-7400,59.0,0.0,0.0,0.0,8,57.4,60.6,2,59.0,56.0,0.0,0.0,0.0,0.0,247
2023-05-11 09:54:52,MO2312-C-7400,MO2312-C-7400,59.0,0.0,0.0,0.0,6,57.6,60.6,2,59.0,56.0,0.0,0.0,0.0,0.0,247
2023-05-11 09:54:52,MO2312-C-7400,MO2312-C-7400,59.0,0.0,0.0,0.0,6,57.4,60.6,2,59.0,56.0,0.0,0.0,0.0,0.0,247
2023-05-11 09:55:03,MO2312-C-7400,MO2312-C-7400,59.0,0.0,0.0,0.0,6,57.4,60.4,6,59.0,56.0,0.0,0.0,0.0,0.0,247
2023-05-11 09:55:03,MO2312-C-7400,MO2312-C-7400,59.0,0.0,0.0,0.0,6,57.4,60.2,2,59.0,56.0,0.0,0.0,0.0,0.0,247
2023-05-11 09:55:04,MO2312-C-7400,MO2312-C-7400,59.0,0.0,0.0,0.0,6,57.4,60.4,6,59.0,56.0,0.0,0.0,0.0,0.0,247
2023-05-11 09:55:05,MO2312-C-7400,MO2312-C-7400,59.0,0.0,0.0,0.0,6,57.2,60.4,2,59.0,56.0,0.0,0.0,0.0,0.0,247
2023-05-11 09:55:06,MO2312-C-7400,MO2312-C-7400,59.0,0.0,0.0,0.0,6,57.0,60.4,2,59.0,56.0,0.0,0.0,0.0,0.0,247
2023-05-11 09:55:12,MO2312-C-7400,MO2312-C-7400,59.0,0.0,0.0,0.0,6,57.0,60.2,6,59.0,56.0,0.0,0.0,0.0,0.0,247
2023-05-11 09:55:12,MO2312-C-7400,MO2312-C-7400,59.0,0.0,0.0,0.0,6,57.0,60.2,8,59.0,56.0,0.0,0.0,0.0,0.0,247
2023-05-11 09:55:14,MO2312-C-7400,MO2312-C-7400,59.0,0.0,0.0,0.0,6,57.0,60.2,6,59.0,56.0,0.0,0.0,0.0,0.0,247
2023-05-11 09:55:14,MO2312-C-7400,MO2312-C-7400,59.0,0.0,0.0,0.0,6,57.0,60.4,6,59.0,56.0,0.0,0.0,0.0,0.0,247
2023-05-11 09:55:15,MO2312-C-7400,MO2312-C-7400,59.0,0.0,0.0,0.0,6,57.0,60.4,8,59.0,56.0,0.0,0.0,0.0,0.0,247
2023-05-11 09:55:16,MO2312-C-7400,MO2312-C-7400,59.0,0.0,0.0,0.0,6,57.0,60.2,6,59.0,56.0,0.0,0.0,0.0,0.0,247
2023-05-11 09:55:17,MO2312-C-7400,MO2312-C-7400,59.0,0.0,0.0,0.0,24,56.8,60.4,6,59.0,56.0,0.0,0.0,0.0,0.0,247
2023-05-11 09:55:18,MO2312-C-7400,MO2312-C-7400,59.0,0.0,0.0,0.0,18,56.8,60.2,2,59.0,56.0,0.0,0.0,0.0,0.0,247
2023-05-11 09:55:18,MO2312-C-7400,MO2312-C-7400,59.0,0.0,0.0,0.0,6,57.0,60.2,8,59.0,56.0,0.0,0.0,0.0,0.0,247
2023-05-11 09:55:19,MO2312-C-7400,MO2312-C-7400,59.0,0.0,0.0,0.0,6,56.8,60.2,2,59.0,56.0,0.0,0.0,0.0,0.0,247
2023-05-11 09:55:34,MO2312-C-7400,MO2312-C-7400,59.0,0.0,0.0,0.0,6,56.6,60.2,2,59.0,56.0,0.0,0.0,0.0,0.0,247
2023-05-11 09:55:37,MO2312-C-7400,MO2312-C-7400,59.0,0.0,0.0,0.0,8,56.6,60.2,2,59.0,56.0,0.0,0.0,0.0,0.0,247
2023-05-11 09:55:38,MO2312-C-7400,MO2312-C-7400,59.0,0.0,0.0,0.0,6,56.8,60.2,8,59.0,56.0,0.0,0.0,0.0,0.0,247
2023-05-11 09:55:38,MO2312-C-7400,MO2312-C-7400,59.0,0.0,0.0,0.0,6,56.6,60.2,2,59.0,56.0,0.0,0.0,0.0,0.0,247
2023-05-11 09:55:39,MO2312-C-7400,MO2312-C-7400,59.0,0.0,0.0,0.0,8,56.6,60.2,2,59.0,56.0,0.0,0.0,0.0,0.0,247
2023-05-11 09:55:39,MO2312-C-7400,MO2312-C-7400,59.0,0.0,0.0,0.0,6,56.8,60.2,8,59.0,56.0,0.0,0.0,0.0,0.0,247
2023-05-11 09:55:40,MO2312-C-7400,MO2312-C-7400,59.0,0.0,0.0,0.0,6,56.6,60.2,2,59.0,56.0,0.0,0.0,0.0,0.0,247
2023-05-11 09:55:41,MO2312-C-7400,MO2312-C-7400,59.0,0.0,0.0,0.0,8,56.6,60.2,2,59.0,56.0,0.0,0.0,0.0,0.0,247
2023-05-11 09:55:41,MO2312-C-7400,MO2312-C-7400,59.0,0.0,0.0,0.0,8,56.6,60.0,6,59.0,56.0,0.0,0.0,0.0,0.0,247
2023-05-11 09:55:42,MO2312-C-7400,MO2312-C-7400,59.0,0.0,0.0,0.0,8,56.6,60.0,14,59.0,56.0,0.0,0.0,0.0,0.0,247
2023-05-11 09:55:42,MO2312-C-7400,MO2312-C-7400,59.0,0.0,0.0,0.0,6,56.8,59.8,6,59.0,56.0,0.0,0.0,0.0,0.0,247
2023-05-11 09:55:51,MO2312-C-7400,MO2312-C-7400,59.0,0.0,0.0,0.0,6,56.8,59.8,8,59.0,56.0,0.0,0.0,0.0,0.0,247
2023-05-11 09:55:52,MO2312-C-7400,MO2312-C-7400,59.0,0.0,0.0,0.0,2,56.6,59.8,8,59.0,56.0,0.0,0.0,0.0,0.0,247
2023-05-11 09:55:52,MO2312-C-7400,MO2312-C-7400,59.0,0.0,0.0,0.0,6,56.6,59.6,6,59.0,56.0,0.0,0.0,0.0,0.0,247
2023-05-11 09:55:54,MO2312-C-7400,MO2312-C-7400,59.0,0.0,0.0,0.0,8,56.4,59.8,12,59.0,56.0,0.0,0.0,0.0,0.0,247
2023-05-11 09:55:54,MO2312-C-7400,MO2312-C-7400,59.0,0.0,0.0,0.0,6,56.6,59.6,6,59.0,56.0,0.0,0.0,0.0,0.0,247
2023-05-11 09:55:56,MO2312-C-7400,MO2312-C-7400,59.0,0.0,0.0,0.0,2,56.4,59.6,6,59.0,56.0,0.0,0.0,0.0,0.0,247
2023-05-11 09:55:58,MO2312-C-7400,MO2312-C-7400,59.0,0.0,0.0,0.0,18,56.2,59.6,6,59.0,56.0,0.0,0.0,0.0,0.0,247
2023-05-11 09:55:58,MO2312-C-7400,MO2312-C-7400,59.0,0.0,0.0,0.0,6,56.4,59.6,6,59.0,56.0,0.0,0.0,0.0,0.0,247
2023-05-11 09:55:59,MO2312-C-7400,MO2312-C-7400,59.0,0.0,0.0,0.0,8,56.4,59.6,6,59.0,56.0,0.0,0.0,0.0,0.0,247
2023-05-11 09:56:00,MO2312-C-7400,MO2312-C-7400,59.0,0.0,0.0,0.0,6,56.6,59.8,18,59.0,56.0,0.0,0.0,0.0,0.0,247
2023-05-11 09:56:00,MO2312-C-7400,MO2312-C-7400,59.0,0.0,0.0,0.0,6,56.6,59.8,20,59.0,56.0,0.0,0.0,0.0,0.0,247
2023-05-11 09:56:01,MO2312-C-7400,MO2312-C-7400,59.0,0.0,0.0,0.0,6,56.6,59.6,6,59.0,56.0,0.0,0.0,0.0,0.0,247
2023-05-11 09:56:01,MO2312-C-7400,MO2312-C-7400,59.0,0.0,0.0,0.0,6,56.6,59.6,8,59.0,56.0,0.0,0.0,0.0,0.0,247
2023-05-11 09:56:02,MO2312-C-7400,MO2312-C-7400,59.0,0.0,0.0,0.0,6,56.6,59.8,18,59.0,56.0,0.0,0.0,0.0,0.0,247
2023-05-11 09:56:02,MO2312-C-7400,MO2312-C-7400,59.0,0.0,0.0,0.0,6,56.6,59.8,20,59.0,56.0,0.0,0.0,0.0,0.0,247
2023-05-11 09:56:03,MO2312-C-7400,MO2312-C-7400,59.0,0.0,0.0,0.0,8,56.4,59.8,14,59.0,56.0,0.0,0.0,0.0,0.0,247
2023-05-11 09:56:04,MO2312-C-7400,MO2312-C-7400,59.0,0.0,0.0,0.0,6,56.6,59.8,20,59.0,56.0,0.0,0.0,0.0,0.0,247
2023-05-11 09:56:04,MO2312-C-7400,MO2312-C-7400,59.0,0.0,0.0,0.0,6,56.4,59.8,14,59.0,56.0,0.0,0.0,0.0,0.0,247
2023-05-11 09:56:07,MO2312-C-7400,MO2312-C-7400,59.0,0.0,0.0,0.0,8,56.4,59.8,14,59.0,56.0,0.0,0.0,0.0,0.0,247
2023-05-11 09:56:07,MO2312-C-7400,MO2312-C-7400,59.0,0.0,0.0,0.0,6,56.6,59.8,22,59.0,56.0,0.0,0.0,0.0,0.0,247
2023-05-11 09:56:08,MO2312-C-7400,MO2312-C-7400,59.0,0.0,0.0,0.0,6,56.2,59.8,16,59.0,56.0,0.0,0.0,0.0,0.0,247
2023-05-11 09:56:13,MO2312-C-7400,MO2312-C-7400,59.0,0.0,0.0,0.0,6,56.2,59.8,22,59.0,56.0,0.0,0.0,0.0,0.0,247
2023-05-11 09:56:17,MO2312-C-7400,MO2312-C-7400,59.0,0.0,0.0,0.0,6,56.2,59.8,28,59.0,56.0,0.0,0.0,0.0,0.0,247
2023-05-11 09:56:17,MO2312-C-7400,MO2312-C-7400,59.0,0.0,0.0,0.0,37,56.0,59.6,6,59.0,56.0,0.0,0.0,0.0,0.0,247
2023-05-11 09:56:18,MO2312-C-7400,MO2312-C-7400,59.0,0.0,0.0,0.0,19,56.0,59.4,2,59.0,56.0,0.0,0.0,0.0,0.0,247
2023-05-11 09:56:18,MO2312-C-7400,MO2312-C-7400,59.0,0.0,0.0,0.0,6,56.2,59.4,6,59.0,56.0,0.0,0.0,0.0,0.0,247
2023-05-11 09:56:19,MO2312-C-7400,MO2312-C-7400,59.0,0.0,0.0,0.0,6,56.2,59.4,8,59.0,56.0,0.0,0.0,0.0,0.0,247
2023-05-11 09:56:21,MO2312-C-7400,MO2312-C-7400,59.0,0.0,0.0,0.0,6,56.2,59.4,2,59.0,56.0,0.0,0.0,0.0,0.0,247
2023-05-11 09:56:21,MO2312-C-7400,MO2312-C-7400,59.0,0.0,0.0,0.0,6,56.2,59.6,6,59.0,56.0,0.0,0.0,0.0,0.0,247
2023-05-11 09:56:22,MO2312-C-7400,MO2312-C-7400,59.0,0.0,0.0,0.0,6,56.2,59.8,30,59.0,56.0,0.0,0.0,0.0,0.0,247
2023-05-11 09:56:22,MO2312-C-7400,MO2312-C-7400,59.0,0.0,0.0,0.0,6,56.2,59.8,20,59.0,56.0,0.0,0.0,0.0,0.0,247
2023-05-11 09:56:23,MO2312-C-7400,MO2312-C-7400,59.0,0.0,0.0,0.0,6,56.2,59.6,2,59.0,56.0,0.0,0.0,0.0,0.0,247
2023-05-11 09:56:24,MO2312-C-7400,MO2312-C-7400,59.0,0.0,0.0,0.0,6,56.2,59.8,20,59.0,56.0,0.0,0.0,0.0,0.0,247
2023-05-11 09:56:25,MO2312-C-7400,MO2312-C-7400,59.0,0.0,0.0,0.0,6,56.2,59.8,22,59.0,56.0,0.0,0.0,0.0,0.0,247
2023-05-11 09:56:27,MO2312-C-7400,MO2312-C-7400,59.0,0.0,0.0,0.0,6,56.2,59.8,16,59.0,56.0,0.0,0.0,0.0,0.0,247
2023-05-11 09:56:33,MO2312-C-7400,MO2312-C-7400,59.0,0.0,0.0,0.0,6,56.2,59.8,14,59.0,56.0,0.0,0.0,0.0,0.0,247
2023-05-11 09:56:34,MO2312-C-7400,MO2312-C-7400,59.0,0.0,0.0,0.0,6,56.2,59.8,16,59.0,56.0,0.0,0.0,0.0,0.0,247
2023-05-11 09:56:41,MO2312-C-7400,MO2312-C-7400,59.0,0.0,0.0,0.0,6,56.2,59.8,10,59.0,56.0,0.0,0.0,0.0,0.0,247
2023-05-11 09:57:02,MO2312-C-7400,MO2312-C-7400,59.0,0.0,0.0,0.0,6,56.2,59.6,6,59.0,56.0,0.0,0.0,0.0,0.0,247
2023-05-11 09:57:03,MO2312-C-7400,MO2312-C-7400,59.0,0.0,0.0,0.0,6,56.2,59.6,8,59.0,56.0,0.0,0.0,0.0,0.0,247
2023-05-11 09:57:04,MO2312-C-7400,MO2312-C-7400,59.0,0.0,0.0,0.0,6,56.2,59.6,10,59.0,56.0,0.0,0.0,0.0,0.0,247
2023-05-11 09:57:05,MO2312-C-7400,MO2312-C-7400,59.0,0.0,0.0,0.0,6,56.2,59.6,4,59.0,56.0,0.0,0.0,0.0,0.0,247
2023-05-11 09:57:05,MO2312-C-7400,MO2312-C-7400,59.0,0.0,0.0,0.0,6,56.2,59.8,6,59.0,56.0,0.0,0.0,0.0,0.0,247
2023-05-11 09:57:06,MO2312-C-7400,MO2312-C-7400,59.0,0.0,0.0,0.0,6,56.2,59.8,8,59.0,56.0,0.0,0.0,0.0,0.0,247
2023-05-11 09:57:06,MO2312-C-7400,MO2312-C-7400,59.0,0.0,0.0,0.0,6,56.2,59.8,10,59.0,56.0,0.0,0.0,0.0,0.0,247
2023-05-11 09:57:49,MO2312-C-7400,MO2312-C-7400,59.0,0.0,0.0,0.0,8,56.2,59.8,10,59.0,56.0,0.0,0.0,0.0,0.0,247
2023-05-11 09:57:49,MO2312-C-7400,MO2312-C-7400,59.0,0.0,0.0,0.0,6,56.4,59.8,8,59.0,56.0,0.0,0.0,0.0,0.0,247
2023-05-11 09:57:50,MO2312-C-7400,MO2312-C-7400,59.0,0.0,0.0,0.0,8,56.4,59.8,2,59.0,56.0,0.0,0.0,0.0,0.0,247
2023-05-11 09:57:50,MO2312-C-7400,MO2312-C-7400,59.0,0.0,0.0,0.0,2,56.4,59.8,2,59.0,56.0,0.0,0.0,0.0,0.0,247
2023-05-11 09:57:51,MO2312-C-7400,MO2312-C-7400,59.0,0.0,0.0,0.0,6,56.6,59.8,2,59.0,56.0,0.0,0.0,0.0,0.0,247
2023-05-11 09:57:52,MO2312-C-7400,MO2312-C-7400,59.0,0.0,0.0,0.0,6,56.2,59.8,2,59.0,56.0,0.0,0.0,0.0,0.0,247
2023-05-11 09:57:52,MO2312-C-7400,MO2312-C-7400,59.0,0.0,0.0,0.0,8,56.2,59.8,2,59.0,56.0,0.0,0.0,0.0,0.0,247
2023-05-11 09:57:53,MO2312-C-7400,MO2312-C-7400,59.0,0.0,0.0,0.0,6,56.4,59.8,2,59.0,56.0,0.0,0.0,0.0,0.0,247
2023-05-11 09:57:53,MO2312-C-7400,MO2312-C-7400,59.0,0.0,0.0,0.0,8,56.4,59.8,2,59.0,56.0,0.0,0.0,0.0,0.0,247
2023-05-11 09:57:54,MO2312-C-7400,MO2312-C-7400,59.0,0.0,0.0,0.0,2,56.4,59.8,2,59.0,56.0,0.0,0.0,0.0,0.0,247
2023-05-11 09:57:54,MO2312-C-7400,MO2312-C-7400,59.0,0.0,0.0,0.0,6,56.6,59.8,8,59.0,56.0,0.0,0.0,0.0,0.0,247
2023-05-11 09:57:55,MO2312-C-7400,MO2312-C-7400,59.0,0.0,0.0,0.0,6,56.2,59.8,2,59.0,56.0,0.0,0.0,0.0,0.0,247
2023-05-11 09:57:55,MO2312-C-7400,MO2312-C-7400,59.0,0.0,0.0,0.0,8,56.2,59.8,2,59.0,56.0,0.0,0.0,0.0,0.0,247
2023-05-11 09:57:56,MO2312-C-7400,MO2312-C-7400,59.0,0.0,0.0,0.0,6,56.4,59.8,2,59.0,56.0,0.0,0.0,0.0,0.0,247
2023-05-11 09:57:58,MO2312-C-7400,MO2312-C-7400,59.0,0.0,0.0,0.0,6,56.4,59.8,8,59.0,56.0,0.0,0.0,0.0,0.0,247
2023-05-11 09:58:00,MO2312-C-7400,MO2312-C-7400,59.0,0.0,0.0,0.0,6,56.4,59.8,2,59.0,56.0,0.0,0.0,0.0,0.0,247
2023-05-11 09:58:03,MO2312-C-7400,MO2312-C-7400,59.0,0.0,0.0,0.0,8,56.2,59.6,6,59.0,56.0,0.0,0.0,0.0,0.0,247
2023-05-11 09:58:03,MO2312-C-7400,MO2312-C-7400,59.0,0.0,0.0,0.0,8,56.2,59.4,2,59.0,56.0,0.0,0.0,0.0,0.0,247
2023-05-11 09:58:04,MO2312-C-7400,MO2312-C-7400,59.0,0.0,0.0,0.0,6,56.4,59.4,8,59.0,56.0,0.0,0.0,0.0,0.0,247
2023-05-11 09:58:06,MO2312-C-7400,MO2312-C-7400,59.0,0.0,0.0,0.0,6,56.4,59.4,6,59.0,56.0,0.0,0.0,0.0,0.0,247
2023-05-11 09:58:06,MO2312-C-7400,MO2312-C-7400,59.0,0.0,0.0,0.0,2,56.2,59.8,6,59.0,56.0,0.0,0.0,0.0,0.0,247
2023-05-11 09:58:07,MO2312-C-7400,MO2312-C-7400,59.0,0.0,0.0,0.0,13,56.0,59.6,2,59.0,56.0,0.0,0.0,0.0,0.0,247
2023-05-11 09:58:07,MO2312-C-7400,MO2312-C-7400,59.0,0.0,0.0,0.0,6,56.2,59.6,8,59.0,56.0,0.0,0.0,0.0,0.0,247
2023-05-11 09:58:12,MO2312-C-7400,MO2312-C-7400,59.0,0.0,0.0,0.0,8,56.2,59.6,8,59.0,56.0,0.0,0.0,0.0,0.0,247
2023-05-11 09:58:13,MO2312-C-7400,MO2312-C-7400,59.0,0.0,0.0,0.0,6,56.4,59.4,6,59.0,56.0,0.0,0.0,0.0,0.0,247
2023-05-11 09:58:13,MO2312-C-7400,MO2312-C-7400,59.0,0.0,0.0,0.0,6,56.4,59.4,8,59.0,56.0,0.0,0.0,0.0,0.0,247
2023-05-11 09:58:15,MO2312-C-7400,MO2312-C-7400,59.0,0.0,0.0,0.0,8,56.4,59.4,8,59.0,56.0,0.0,0.0,0.0,0.0,247
