time,symbol_id,symbol_name,last,trade_volume,trade_amount,open_interest_change,bv1,bp1,ap1,av1,yesterday_close,today_open,today_high,today_low,volume,amount,open_interest
2023-05-11 09:29:00,MO2312-P-7000,MO2312-P-7000,612.0,0.0,0.0,0.0,1,511.6,701.0,1,612.0,0.0,0.0,0.0,0.0,0.0,145
2023-05-11 09:30:00,MO2312-P-7000,MO2312-P-7000,612.0,0.0,0.0,0.0,1,512.2,701.0,2,612.0,0.0,0.0,0.0,0.0,0.0,145
2023-05-11 09:30:01,MO2312-P-7000,MO2312-P-7000,612.0,0.0,0.0,0.0,2,512.2,701.0,2,612.0,0.0,0.0,0.0,0.0,0.0,145
2023-05-11 09:30:01,MO2312-P-7000,MO2312-P-7000,612.0,0.0,0.0,0.0,1,529.0,679.0,1,612.0,0.0,0.0,0.0,0.0,0.0,145
2023-05-11 09:30:05,MO2312-P-7000,MO2312-P-7000,612.0,0.0,0.0,0.0,1,529.0,679.0,2,612.0,0.0,0.0,0.0,0.0,0.0,145
2023-05-11 09:30:06,MO2312-P-7000,MO2312-P-7000,612.0,0.0,0.0,0.0,1,529.0,649.2,1,612.0,0.0,0.0,0.0,0.0,0.0,145
2023-05-11 09:30:07,MO2312-P-7000,MO2312-P-7000,612.0,0.0,0.0,0.0,1,539.0,639.0,1,612.0,0.0,0.0,0.0,0.0,0.0,145
2023-05-11 09:30:08,MO2312-P-7000,MO2312-P-7000,612.0,0.0,0.0,0.0,1,544.0,644.0,1,612.0,0.0,0.0,0.0,0.0,0.0,145
2023-05-11 09:30:09,MO2312-P-7000,MO2312-P-7000,612.0,0.0,0.0,0.0,1,546.4,646.4,1,612.0,0.0,0.0,0.0,0.0,0.0,145
2023-05-11 09:30:09,MO2312-P-7000,MO2312-P-7000,612.0,0.0,0.0,0.0,1,545.8,645.8,1,612.0,0.0,0.0,0.0,0.0,0.0,145
2023-05-11 09:30:10,MO2312-P-7000,MO2312-P-7000,612.0,0.0,0.0,0.0,1,553.8,637.8,1,612.0,0.0,0.0,0.0,0.0,0.0,145
2023-05-11 09:30:11,MO2312-P-7000,MO2312-P-7000,612.0,0.0,0.0,0.0,2,553.8,637.8,1,612.0,0.0,0.0,0.0,0.0,0.0,145
2023-05-11 09:30:12,MO2312-P-7000,MO2312-P-7000,612.0,0.0,0.0,0.0,1,561.8,637.8,1,612.0,0.0,0.0,0.0,0.0,0.0,145
2023-05-11 09:30:15,MO2312-P-7000,MO2312-P-7000,612.0,0.0,0.0,0.0,1,561.8,637.8,2,612.0,0.0,0.0,0.0,0.0,0.0,145
2023-05-11 09:30:18,MO2312-P-7000,MO2312-P-7000,612.0,0.0,0.0,0.0,1,561.8,629.8,1,612.0,0.0,0.0,0.0,0.0,0.0,145
2023-05-11 09:30:23,MO2312-P-7000,MO2312-P-7000,612.0,0.0,0.0,0.0,6,573.4,622.4,6,612.0,0.0,0.0,0.0,0.0,0.0,145
2023-05-11 09:30:24,MO2312-P-7000,MO2312-P-7000,612.0,0.0,0.0,0.0,1,573.8,622.4,6,612.0,0.0,0.0,0.0,0.0,0.0,145
2023-05-11 09:30:26,MO2312-P-7000,MO2312-P-7000,612.0,0.0,0.0,0.0,6,585.4,603.0,6,612.0,0.0,0.0,0.0,0.0,0.0,145
2023-05-11 09:30:26,MO2312-P-7000,MO2312-P-7000,612.0,0.0,0.0,0.0,12,585.4,603.0,6,612.0,0.0,0.0,0.0,0.0,0.0,145
2023-05-11 09:30:27,MO2312-P-7000,MO2312-P-7000,612.0,0.0,0.0,0.0,12,585.4,602.4,1,612.0,0.0,0.0,0.0,0.0,0.0,145
2023-05-11 09:30:28,MO2312-P-7000,MO2312-P-7000,612.0,0.0,0.0,0.0,6,585.6,602.4,1,612.0,0.0,0.0,0.0,0.0,0.0,145
2023-05-11 09:30:30,MO2312-P-7000,MO2312-P-7000,612.0,0.0,0.0,0.0,6,585.6,602.4,2,612.0,0.0,0.0,0.0,0.0,0.0,145
2023-05-11 09:30:35,MO2312-P-7000,MO2312-P-7000,612.0,0.0,0.0,0.0,6,585.6,600.8,6,612.0,0.0,0.0,0.0,0.0,0.0,145
2023-05-11 09:30:35,MO2312-P-7000,MO2312-P-7000,612.0,0.0,0.0,0.0,6,585.6,600.2,1,612.0,0.0,0.0,0.0,0.0,0.0,145
2023-05-11 09:30:49,MO2312-P-7000,MO2312-P-7000,612.0,0.0,0.0,0.0,6,585.6,600.4,15,612.0,0.0,0.0,0.0,0.0,0.0,145
2023-05-11 09:30:50,MO2312-P-7000,MO2312-P-7000,612.0,0.0,0.0,0.0,6,585.6,600.4,1,612.0,0.0,0.0,0.0,0.0,0.0,145
2023-05-11 09:30:51,MO2312-P-7000,MO2312-P-7000,612.0,0.0,0.0,0.0,1,586.6,600.4,1,612.0,0.0,0.0,0.0,0.0,0.0,145
2023-05-11 09:30:53,MO2312-P-7000,MO2312-P-7000,612.0,0.0,0.0,0.0,6,585.6,600.4,1,612.0,0.0,0.0,0.0,0.0,0.0,145
2023-05-11 09:30:54,MO2312-P-7000,MO2312-P-7000,612.0,0.0,0.0,0.0,6,585.6,600.6,21,612.0,0.0,0.0,0.0,0.0,0.0,145
2023-05-11 09:30:55,MO2312-P-7000,MO2312-P-7000,612.0,0.0,0.0,0.0,6,585.6,600.6,7,612.0,0.0,0.0,0.0,0.0,0.0,145
2023-05-11 09:30:57,MO2312-P-7000,MO2312-P-7000,612.0,0.0,0.0,0.0,6,585.6,600.6,6,612.0,0.0,0.0,0.0,0.0,0.0,145
2023-05-11 09:30:58,MO2312-P-7000,MO2312-P-7000,612.0,0.0,0.0,0.0,6,585.6,600.6,7,612.0,0.0,0.0,0.0,0.0,0.0,145
2023-05-11 09:30:58,MO2312-P-7000,MO2312-P-7000,612.0,0.0,0.0,0.0,1,586.0,600.6,6,612.0,0.0,0.0,0.0,0.0,0.0,145
2023-05-11 09:31:00,MO2312-P-7000,MO2312-P-7000,612.0,0.0,0.0,0.0,1,586.0,600.8,15,612.0,0.0,0.0,0.0,0.0,0.0,145
2023-05-11 09:31:01,MO2312-P-7000,MO2312-P-7000,612.0,0.0,0.0,0.0,1,586.0,603.0,12,612.0,0.0,0.0,0.0,0.0,0.0,145
2023-05-11 09:31:01,MO2312-P-7000,MO2312-P-7000,612.0,0.0,0.0,0.0,1,586.0,602.4,1,612.0,0.0,0.0,0.0,0.0,0.0,145
2023-05-11 09:31:03,MO2312-P-7000,MO2312-P-7000,612.0,0.0,0.0,0.0,2,586.0,602.4,2,612.0,0.0,0.0,0.0,0.0,0.0,145
2023-05-11 09:31:04,MO2312-P-7000,MO2312-P-7000,612.0,0.0,0.0,0.0,1,586.0,602.4,2,612.0,0.0,0.0,0.0,0.0,0.0,145
2023-05-11 09:31:08,MO2312-P-7000,MO2312-P-7000,612.0,0.0,0.0,0.0,6,585.6,602.4,2,612.0,0.0,0.0,0.0,0.0,0.0,145
2023-05-11 09:31:11,MO2312-P-7000,MO2312-P-7000,612.0,0.0,0.0,0.0,6,585.6,600.6,6,612.0,0.0,0.0,0.0,0.0,0.0,145
2023-05-11 09:31:12,MO2312-P-7000,MO2312-P-7000,612.0,0.0,0.0,0.0,6,585.6,600.0,1,612.0,0.0,0.0,0.0,0.0,0.0,145
2023-05-11 09:31:22,MO2312-P-7000,MO2312-P-7000,612.0,0.0,0.0,0.0,7,585.6,600.0,2,612.0,0.0,0.0,0.0,0.0,0.0,145
2023-05-11 09:31:32,MO2312-P-7000,MO2312-P-7000,612.0,0.0,0.0,0.0,1,585.8,599.8,1,612.0,0.0,0.0,0.0,0.0,0.0,145
2023-05-11 09:31:32,MO2312-P-7000,MO2312-P-7000,612.0,0.0,0.0,0.0,1,585.8,599.2,1,612.0,0.0,0.0,0.0,0.0,0.0,145
2023-05-11 09:31:33,MO2312-P-7000,MO2312-P-7000,612.0,0.0,0.0,0.0,1,585.8,599.4,15,612.0,0.0,0.0,0.0,0.0,0.0,145
2023-05-11 09:31:33,MO2312-P-7000,MO2312-P-7000,612.0,0.0,0.0,0.0,1,585.8,599.4,6,612.0,0.0,0.0,0.0,0.0,0.0,145
2023-05-11 09:31:34,MO2312-P-7000,MO2312-P-7000,612.0,0.0,0.0,0.0,1,585.8,599.6,15,612.0,0.0,0.0,0.0,0.0,0.0,145
2023-05-11 09:31:34,MO2312-P-7000,MO2312-P-7000,612.0,0.0,0.0,0.0,1,585.8,599.6,1,612.0,0.0,0.0,0.0,0.0,0.0,145
2023-05-11 09:31:35,MO2312-P-7000,MO2312-P-7000,612.0,0.0,0.0,0.0,1,585.8,599.8,16,612.0,0.0,0.0,0.0,0.0,0.0,145
2023-05-11 09:31:35,MO2312-P-7000,MO2312-P-7000,612.0,0.0,0.0,0.0,1,585.8,599.8,2,612.0,0.0,0.0,0.0,0.0,0.0,145
2023-05-11 09:31:36,MO2312-P-7000,MO2312-P-7000,612.0,0.0,0.0,0.0,1,585.8,599.8,1,612.0,0.0,0.0,0.0,0.0,0.0,145
2023-05-11 09:31:36,MO2312-P-7000,MO2312-P-7000,612.0,0.0,0.0,0.0,1,585.8,599.6,1,612.0,0.0,0.0,0.0,0.0,0.0,145
2023-05-11 09:31:37,MO2312-P-7000,MO2312-P-7000,612.0,0.0,0.0,0.0,1,585.8,599.8,16,612.0,0.0,0.0,0.0,0.0,0.0,145
2023-05-11 09:31:38,MO2312-P-7000,MO2312-P-7000,612.0,0.0,0.0,0.0,1,585.8,599.8,2,612.0,0.0,0.0,0.0,0.0,0.0,145
2023-05-11 09:31:38,MO2312-P-7000,MO2312-P-7000,612.0,0.0,0.0,0.0,1,585.8,599.8,1,612.0,0.0,0.0,0.0,0.0,0.0,145
2023-05-11 09:31:39,MO2312-P-7000,MO2312-P-7000,612.0,0.0,0.0,0.0,1,585.8,599.6,1,612.0,0.0,0.0,0.0,0.0,0.0,145
2023-05-11 09:31:42,MO2312-P-7000,MO2312-P-7000,612.0,0.0,0.0,0.0,1,586.0,599.6,1,612.0,0.0,0.0,0.0,0.0,0.0,145
2023-05-11 09:31:42,MO2312-P-7000,MO2312-P-7000,612.0,0.0,0.0,0.0,1,586.0,599.8,16,612.0,0.0,0.0,0.0,0.0,0.0,145
2023-05-11 09:31:43,MO2312-P-7000,MO2312-P-7000,612.0,0.0,0.0,0.0,1,586.0,599.6,1,612.0,0.0,0.0,0.0,0.0,0.0,145
2023-05-11 09:31:48,MO2312-P-7000,MO2312-P-7000,612.0,0.0,0.0,0.0,1,586.2,599.6,1,612.0,0.0,0.0,0.0,0.0,0.0,145
2023-05-11 09:31:49,MO2312-P-7000,MO2312-P-7000,612.0,0.0,0.0,0.0,6,586.4,599.6,1,612.0,0.0,0.0,0.0,0.0,0.0,145
2023-05-11 09:31:52,MO2312-P-7000,MO2312-P-7000,612.0,0.0,0.0,0.0,7,586.4,599.6,1,612.0,0.0,0.0,0.0,0.0,0.0,145
2023-05-11 09:31:53,MO2312-P-7000,MO2312-P-7000,612.0,0.0,0.0,0.0,7,586.4,599.4,1,612.0,0.0,0.0,0.0,0.0,0.0,145
2023-05-11 09:31:56,MO2312-P-7000,MO2312-P-7000,612.0,0.0,0.0,0.0,1,586.4,599.4,1,612.0,0.0,0.0,0.0,0.0,0.0,145
2023-05-11 09:32:02,MO2312-P-7000,MO2312-P-7000,612.0,0.0,0.0,0.0,1,586.6,599.4,1,612.0,0.0,0.0,0.0,0.0,0.0,145
2023-05-11 09:32:03,MO2312-P-7000,MO2312-P-7000,612.0,0.0,0.0,0.0,1,586.6,599.2,1,612.0,0.0,0.0,0.0,0.0,0.0,145
2023-05-11 09:32:12,MO2312-P-7000,MO2312-P-7000,612.0,0.0,0.0,0.0,1,586.8,599.2,1,612.0,0.0,0.0,0.0,0.0,0.0,145
2023-05-11 09:32:13,MO2312-P-7000,MO2312-P-7000,612.0,0.0,0.0,0.0,1,586.8,599.0,1,612.0,0.0,0.0,0.0,0.0,0.0,145
2023-05-11 09:32:17,MO2312-P-7000,MO2312-P-7000,612.0,0.0,0.0,0.0,2,586.8,599.0,1,612.0,0.0,0.0,0.0,0.0,0.0,145
2023-05-11 09:32:18,MO2312-P-7000,MO2312-P-7000,612.0,0.0,0.0,0.0,2,586.8,599.2,15,612.0,0.0,0.0,0.0,0.0,0.0,145
2023-05-11 09:32:19,MO2312-P-7000,MO2312-P-7000,612.0,0.0,0.0,0.0,2,586.8,599.4,6,612.0,0.0,0.0,0.0,0.0,0.0,145
2023-05-11 09:32:19,MO2312-P-7000,MO2312-P-7000,612.0,0.0,0.0,0.0,2,586.8,599.8,1,612.0,0.0,0.0,0.0,0.0,0.0,145
2023-05-11 09:32:20,MO2312-P-7000,MO2312-P-7000,612.0,0.0,0.0,0.0,8,586.8,599.8,1,612.0,0.0,0.0,0.0,0.0,0.0,145
2023-05-11 09:32:22,MO2312-P-7000,MO2312-P-7000,612.0,0.0,0.0,0.0,1,587.0,599.8,1,612.0,0.0,0.0,0.0,0.0,0.0,145
2023-05-11 09:32:22,MO2312-P-7000,MO2312-P-7000,612.0,0.0,0.0,0.0,1,587.0,600.0,12,612.0,0.0,0.0,0.0,0.0,0.0,145
2023-05-11 09:32:23,MO2312-P-7000,MO2312-P-7000,612.0,0.0,0.0,0.0,13,587.0,600.2,24,612.0,0.0,0.0,0.0,0.0,0.0,145
2023-05-11 09:32:23,MO2312-P-7000,MO2312-P-7000,612.0,0.0,0.0,0.0,6,587.2,600.2,6,612.0,0.0,0.0,0.0,0.0,0.0,145
2023-05-11 09:32:24,MO2312-P-7000,MO2312-P-7000,612.0,0.0,0.0,0.0,6,587.2,600.4,12,612.0,0.0,0.0,0.0,0.0,0.0,145
2023-05-11 09:32:24,MO2312-P-7000,MO2312-P-7000,612.0,0.0,0.0,0.0,6,587.2,600.8,21,612.0,0.0,0.0,0.0,0.0,0.0,145
2023-05-11 09:32:25,MO2312-P-7000,MO2312-P-7000,612.0,0.0,0.0,0.0,6,587.2,600.8,6,612.0,0.0,0.0,0.0,0.0,0.0,145
2023-05-11 09:32:25,MO2312-P-7000,MO2312-P-7000,612.0,0.0,0.0,0.0,6,587.2,601.0,34,612.0,0.0,0.0,0.0,0.0,0.0,145
2023-05-11 09:32:26,MO2312-P-7000,MO2312-P-7000,612.0,0.0,0.0,0.0,6,587.2,601.0,13,612.0,0.0,0.0,0.0,0.0,0.0,145
2023-05-11 09:32:28,MO2312-P-7000,MO2312-P-7000,612.0,0.0,0.0,0.0,6,587.2,601.0,7,612.0,0.0,0.0,0.0,0.0,0.0,145
2023-05-11 09:32:28,MO2312-P-7000,MO2312-P-7000,612.0,0.0,0.0,0.0,6,587.2,601.0,1,612.0,0.0,0.0,0.0,0.0,0.0,145
2023-05-11 09:32:30,MO2312-P-7000,MO2312-P-7000,612.0,0.0,0.0,0.0,6,587.2,601.2,33,612.0,0.0,0.0,0.0,0.0,0.0,145
2023-05-11 09:32:30,MO2312-P-7000,MO2312-P-7000,612.0,0.0,0.0,0.0,6,587.2,601.2,6,612.0,0.0,0.0,0.0,0.0,0.0,145
2023-05-11 09:32:31,MO2312-P-7000,MO2312-P-7000,612.0,0.0,0.0,0.0,6,587.2,601.6,12,612.0,0.0,0.0,0.0,0.0,0.0,145
2023-05-11 09:32:31,MO2312-P-7000,MO2312-P-7000,612.0,0.0,0.0,0.0,6,587.2,601.8,7,612.0,0.0,0.0,0.0,0.0,0.0,145
2023-05-11 09:32:32,MO2312-P-7000,MO2312-P-7000,612.0,0.0,0.0,0.0,6,587.2,601.8,1,612.0,0.0,0.0,0.0,0.0,0.0,145
2023-05-11 09:32:33,MO2312-P-7000,MO2312-P-7000,612.0,0.0,0.0,0.0,6,587.6,601.8,1,612.0,0.0,0.0,0.0,0.0,0.0,145
2023-05-11 09:32:34,MO2312-P-7000,MO2312-P-7000,612.0,0.0,0.0,0.0,8,587.6,602.2,18,612.0,0.0,0.0,0.0,0.0,0.0,145
2023-05-11 09:32:34,MO2312-P-7000,MO2312-P-7000,612.0,0.0,0.0,0.0,12,587.8,602.6,12,612.0,0.0,0.0,0.0,0.0,0.0,145
2023-05-11 09:32:35,MO2312-P-7000,MO2312-P-7000,612.0,0.0,0.0,0.0,13,587.8,602.8,18,612.0,0.0,0.0,0.0,0.0,0.0,145
2023-05-11 09:32:35,MO2312-P-7000,MO2312-P-7000,612.0,0.0,0.0,0.0,13,587.8,602.8,6,612.0,0.0,0.0,0.0,0.0,0.0,145
2023-05-11 09:32:36,MO2312-P-7000,MO2312-P-7000,612.0,0.0,0.0,0.0,13,587.8,604.2,18,612.0,0.0,0.0,0.0,0.0,0.0,145
2023-05-11 09:32:36,MO2312-P-7000,MO2312-P-7000,612.0,0.0,0.0,0.0,7,587.8,604.2,12,612.0,0.0,0.0,0.0,0.0,0.0,145
2023-05-11 09:32:37,MO2312-P-7000,MO2312-P-7000,612.0,0.0,0.0,0.0,7,587.8,604.2,7,612.0,0.0,0.0,0.0,0.0,0.0,145
2023-05-11 09:32:37,MO2312-P-7000,MO2312-P-7000,612.0,0.0,0.0,0.0,7,587.8,604.2,6,612.0,0.0,0.0,0.0,0.0,0.0,145
2023-05-11 09:32:38,MO2312-P-7000,MO2312-P-7000,612.0,0.0,0.0,0.0,7,587.8,604.2,7,612.0,0.0,0.0,0.0,0.0,0.0,145
2023-05-11 09:32:38,MO2312-P-7000,MO2312-P-7000,612.0,0.0,0.0,0.0,7,587.8,604.2,6,612.0,0.0,0.0,0.0,0.0,0.0,145
2023-05-11 09:32:45,MO2312-P-7000,MO2312-P-7000,612.0,0.0,0.0,0.0,1,588.0,604.2,6,612.0,0.0,0.0,0.0,0.0,0.0,145
2023-05-11 09:32:45,MO2312-P-7000,MO2312-P-7000,612.0,0.0,0.0,0.0,6,588.2,604.2,6,612.0,0.0,0.0,0.0,0.0,0.0,145
2023-05-11 09:32:47,MO2312-P-7000,MO2312-P-7000,612.0,0.0,0.0,0.0,6,588.2,604.2,7,612.0,0.0,0.0,0.0,0.0,0.0,145
2023-05-11 09:32:47,MO2312-P-7000,MO2312-P-7000,612.0,0.0,0.0,0.0,6,588.2,604.2,6,612.0,0.0,0.0,0.0,0.0,0.0,145
2023-05-11 09:32:49,MO2312-P-7000,MO2312-P-7000,612.0,0.0,0.0,0.0,6,588.2,604.0,1,612.0,0.0,0.0,0.0,0.0,0.0,145
2023-05-11 09:32:52,MO2312-P-7000,MO2312-P-7000,612.0,0.0,0.0,0.0,6,588.2,604.2,6,612.0,0.0,0.0,0.0,0.0,0.0,145
2023-05-11 09:32:53,MO2312-P-7000,MO2312-P-7000,612.0,0.0,0.0,0.0,6,588.2,604.2,7,612.0,0.0,0.0,0.0,0.0,0.0,145
2023-05-11 09:32:54,MO2312-P-7000,MO2312-P-7000,612.0,0.0,0.0,0.0,6,588.2,604.2,6,612.0,0.0,0.0,0.0,0.0,0.0,145
2023-05-11 09:32:56,MO2312-P-7000,MO2312-P-7000,612.0,0.0,0.0,0.0,6,588.2,604.2,7,612.0,0.0,0.0,0.0,0.0,0.0,145
2023-05-11 09:33:01,MO2312-P-7000,MO2312-P-7000,612.0,0.0,0.0,0.0,28,588.0,604.2,7,612.0,0.0,0.0,0.0,0.0,0.0,145
2023-05-11 09:33:02,MO2312-P-7000,MO2312-P-7000,612.0,0.0,0.0,0.0,1,588.2,604.2,7,612.0,0.0,0.0,0.0,0.0,0.0,145
2023-05-11 09:33:02,MO2312-P-7000,MO2312-P-7000,612.0,0.0,0.0,0.0,1,588.2,604.2,6,612.0,0.0,0.0,0.0,0.0,0.0,145
2023-05-11 09:33:04,MO2312-P-7000,MO2312-P-7000,612.0,0.0,0.0,0.0,1,592.4,604.2,6,612.0,0.0,0.0,0.0,0.0,0.0,145
2023-05-11 09:33:04,MO2312-P-7000,MO2312-P-7000,612.0,0.0,0.0,0.0,7,592.4,604.2,6,612.0,0.0,0.0,0.0,0.0,0.0,145
2023-05-11 09:33:05,MO2312-P-7000,MO2312-P-7000,612.0,0.0,0.0,0.0,6,592.6,604.4,15,612.0,0.0,0.0,0.0,0.0,0.0,145
2023-05-11 09:33:05,MO2312-P-7000,MO2312-P-7000,612.0,0.0,0.0,0.0,6,592.6,604.6,6,612.0,0.0,0.0,0.0,0.0,0.0,145
2023-05-11 09:33:06,MO2312-P-7000,MO2312-P-7000,612.0,0.0,0.0,0.0,7,592.6,604.6,6,612.0,0.0,0.0,0.0,0.0,0.0,145
2023-05-11 09:33:11,MO2312-P-7000,MO2312-P-7000,612.0,0.0,0.0,0.0,7,592.6,604.8,33,612.0,0.0,0.0,0.0,0.0,0.0,145
2023-05-11 09:33:11,MO2312-P-7000,MO2312-P-7000,612.0,0.0,0.0,0.0,7,592.6,604.8,12,612.0,0.0,0.0,0.0,0.0,0.0,145
2023-05-11 09:33:12,MO2312-P-7000,MO2312-P-7000,612.0,0.0,0.0,0.0,7,592.6,605.0,33,612.0,0.0,0.0,0.0,0.0,0.0,145
2023-05-11 09:33:12,MO2312-P-7000,MO2312-P-7000,612.0,0.0,0.0,0.0,7,592.6,605.0,12,612.0,0.0,0.0,0.0,0.0,0.0,145
2023-05-11 09:33:13,MO2312-P-7000,MO2312-P-7000,612.0,0.0,0.0,0.0,7,592.6,605.2,33,612.0,0.0,0.0,0.0,0.0,0.0,145
2023-05-11 09:33:13,MO2312-P-7000,MO2312-P-7000,612.0,0.0,0.0,0.0,7,592.6,605.2,12,612.0,0.0,0.0,0.0,0.0,0.0,145
2023-05-11 09:33:14,MO2312-P-7000,MO2312-P-7000,612.0,0.0,0.0,0.0,7,592.6,605.4,27,612.0,0.0,0.0,0.0,0.0,0.0,145
2023-05-11 09:33:14,MO2312-P-7000,MO2312-P-7000,612.0,0.0,0.0,0.0,7,592.6,605.4,13,612.0,0.0,0.0,0.0,0.0,0.0,145
2023-05-11 09:33:15,MO2312-P-7000,MO2312-P-7000,612.0,0.0,0.0,0.0,7,592.6,605.4,7,612.0,0.0,0.0,0.0,0.0,0.0,145
2023-05-11 09:33:15,MO2312-P-7000,MO2312-P-7000,612.0,0.0,0.0,0.0,7,592.6,605.4,1,612.0,0.0,0.0,0.0,0.0,0.0,145
2023-05-11 09:33:16,MO2312-P-7000,MO2312-P-7000,612.0,0.0,0.0,0.0,1,592.8,605.4,1,612.0,0.0,0.0,0.0,0.0,0.0,145
2023-05-11 09:33:24,MO2312-P-7000,MO2312-P-7000,612.0,0.0,0.0,0.0,1,592.8,605.6,51,612.0,0.0,0.0,0.0,0.0,0.0,145
2023-05-11 09:33:24,MO2312-P-7000,MO2312-P-7000,612.0,0.0,0.0,0.0,1,592.8,605.6,25,612.0,0.0,0.0,0.0,0.0,0.0,145
2023-05-11 09:33:25,MO2312-P-7000,MO2312-P-7000,612.0,0.0,0.0,0.0,1,592.8,605.6,19,612.0,0.0,0.0,0.0,0.0,0.0,145
2023-05-11 09:33:26,MO2312-P-7000,MO2312-P-7000,612.0,0.0,0.0,0.0,1,593.0,605.6,19,612.0,0.0,0.0,0.0,0.0,0.0,145
2023-05-11 09:33:35,MO2312-P-7000,MO2312-P-7000,612.0,0.0,0.0,0.0,1,593.0,605.4,7,612.0,0.0,0.0,0.0,0.0,0.0,145
2023-05-11 09:33:36,MO2312-P-7000,MO2312-P-7000,612.0,0.0,0.0,0.0,1,593.2,604.8,1,612.0,0.0,0.0,0.0,0.0,0.0,145
2023-05-11 09:33:46,MO2312-P-7000,MO2312-P-7000,612.0,0.0,0.0,0.0,1,593.4,604.8,1,612.0,0.0,0.0,0.0,0.0,0.0,145
2023-05-11 09:33:56,MO2312-P-7000,MO2312-P-7000,612.0,0.0,0.0,0.0,1,593.6,604.8,1,612.0,0.0,0.0,0.0,0.0,0.0,145
2023-05-11 09:33:58,MO2312-P-7000,MO2312-P-7000,612.0,0.0,0.0,0.0,1,593.6,604.6,6,612.0,0.0,0.0,0.0,0.0,0.0,145
2023-05-11 09:33:58,MO2312-P-7000,MO2312-P-7000,612.0,0.0,0.0,0.0,1,593.6,604.6,9,612.0,0.0,0.0,0.0,0.0,0.0,145
2023-05-11 09:34:06,MO2312-P-7000,MO2312-P-7000,612.0,0.0,0.0,0.0,1,593.8,604.6,9,612.0,0.0,0.0,0.0,0.0,0.0,145
2023-05-11 09:34:16,MO2312-P-7000,MO2312-P-7000,612.0,0.0,0.0,0.0,1,594.0,604.6,9,612.0,0.0,0.0,0.0,0.0,0.0,145
2023-05-11 09:34:19,MO2312-P-7000,MO2312-P-7000,612.0,0.0,0.0,0.0,1,594.0,604.2,6,612.0,0.0,0.0,0.0,0.0,0.0,145
2023-05-11 09:34:20,MO2312-P-7000,MO2312-P-7000,612.0,0.0,0.0,0.0,1,594.0,603.6,1,612.0,0.0,0.0,0.0,0.0,0.0,145
2023-05-11 09:34:26,MO2312-P-7000,MO2312-P-7000,612.0,0.0,0.0,0.0,1,594.2,603.6,1,612.0,0.0,0.0,0.0,0.0,0.0,145
2023-05-11 09:34:36,MO2312-P-7000,MO2312-P-7000,612.0,0.0,0.0,0.0,1,594.4,603.6,1,612.0,0.0,0.0,0.0,0.0,0.0,145
2023-05-11 09:34:40,MO2312-P-7000,MO2312-P-7000,612.0,0.0,0.0,0.0,1,594.4,602.4,6,612.0,0.0,0.0,0.0,0.0,0.0,145
2023-05-11 09:34:40,MO2312-P-7000,MO2312-P-7000,612.0,0.0,0.0,0.0,1,594.4,601.8,1,612.0,0.0,0.0,0.0,0.0,0.0,145
2023-05-11 09:34:46,MO2312-P-7000,MO2312-P-7000,612.0,0.0,0.0,0.0,1,594.6,601.8,1,612.0,0.0,0.0,0.0,0.0,0.0,145
2023-05-11 09:34:48,MO2312-P-7000,MO2312-P-7000,612.0,0.0,0.0,0.0,1,594.6,602.0,15,612.0,0.0,0.0,0.0,0.0,0.0,145
2023-05-11 09:34:48,MO2312-P-7000,MO2312-P-7000,612.0,0.0,0.0,0.0,1,594.6,602.0,1,612.0,0.0,0.0,0.0,0.0,0.0,145
2023-05-11 09:34:50,MO2312-P-7000,MO2312-P-7000,612.0,0.0,0.0,0.0,1,594.6,601.8,6,612.0,0.0,0.0,0.0,0.0,0.0,145
2023-05-11 09:34:51,MO2312-P-7000,MO2312-P-7000,612.0,0.0,0.0,0.0,1,594.6,601.8,7,612.0,0.0,0.0,0.0,0.0,0.0,145
2023-05-11 09:34:52,MO2312-P-7000,MO2312-P-7000,612.0,0.0,0.0,0.0,1,594.6,601.8,6,612.0,0.0,0.0,0.0,0.0,0.0,145
2023-05-11 09:34:56,MO2312-P-7000,MO2312-P-7000,612.0,0.0,0.0,0.0,1,594.8,601.8,6,612.0,0.0,0.0,0.0,0.0,0.0,145
2023-05-11 09:34:57,MO2312-P-7000,MO2312-P-7000,612.0,0.0,0.0,0.0,1,594.8,601.8,7,612.0,0.0,0.0,0.0,0.0,0.0,145
2023-05-11 09:35:01,MO2312-P-7000,MO2312-P-7000,612.0,0.0,0.0,0.0,1,594.8,601.8,6,612.0,0.0,0.0,0.0,0.0,0.0,145
2023-05-11 09:35:02,MO2312-P-7000,MO2312-P-7000,612.0,0.0,0.0,0.0,1,594.8,602.0,15,612.0,0.0,0.0,0.0,0.0,0.0,145
2023-05-11 09:35:03,MO2312-P-7000,MO2312-P-7000,612.0,0.0,0.0,0.0,7,594.8,602.0,6,612.0,0.0,0.0,0.0,0.0,0.0,145
2023-05-11 09:35:04,MO2312-P-7000,MO2312-P-7000,612.0,0.0,0.0,0.0,6,595.0,602.0,6,612.0,0.0,0.0,0.0,0.0,0.0,145
2023-05-11 09:35:04,MO2312-P-7000,MO2312-P-7000,612.0,0.0,0.0,0.0,1,595.0,602.0,6,612.0,0.0,0.0,0.0,0.0,0.0,145
2023-05-11 09:35:06,MO2312-P-7000,MO2312-P-7000,612.0,0.0,0.0,0.0,1,595.0,602.2,15,612.0,0.0,0.0,0.0,0.0,0.0,145
2023-05-11 09:35:07,MO2312-P-7000,MO2312-P-7000,612.0,0.0,0.0,0.0,7,595.0,602.4,12,612.0,0.0,0.0,0.0,0.0,0.0,145
2023-05-11 09:35:07,MO2312-P-7000,MO2312-P-7000,612.0,0.0,0.0,0.0,7,595.0,602.6,33,612.0,0.0,0.0,0.0,0.0,0.0,145
2023-05-11 09:35:08,MO2312-P-7000,MO2312-P-7000,612.0,0.0,0.0,0.0,7,595.0,602.6,6,612.0,0.0,0.0,0.0,0.0,0.0,145
2023-05-11 09:35:08,MO2312-P-7000,MO2312-P-7000,612.0,0.0,0.0,0.0,7,595.0,602.8,21,612.0,0.0,0.0,0.0,0.0,0.0,145
2023-05-11 09:35:09,MO2312-P-7000,MO2312-P-7000,612.0,0.0,0.0,0.0,7,595.0,602.8,6,612.0,0.0,0.0,0.0,0.0,0.0,145
2023-05-11 09:35:09,MO2312-P-7000,MO2312-P-7000,612.0,0.0,0.0,0.0,7,595.0,603.0,21,612.0,0.0,0.0,0.0,0.0,0.0,145
2023-05-11 09:35:10,MO2312-P-7000,MO2312-P-7000,612.0,0.0,0.0,0.0,1,595.0,602.8,1,612.0,0.0,0.0,0.0,0.0,0.0,145
2023-05-11 09:35:10,MO2312-P-7000,MO2312-P-7000,612.0,0.0,0.0,0.0,1,595.0,603.0,15,612.0,0.0,0.0,0.0,0.0,0.0,145
2023-05-11 09:35:11,MO2312-P-7000,MO2312-P-7000,612.0,0.0,0.0,0.0,1,595.0,603.0,1,612.0,0.0,0.0,0.0,0.0,0.0,145
2023-05-11 09:35:11,MO2312-P-7000,MO2312-P-7000,612.0,0.0,0.0,0.0,1,595.0,602.8,6,612.0,0.0,0.0,0.0,0.0,0.0,145
2023-05-11 09:35:12,MO2312-P-7000,MO2312-P-7000,612.0,0.0,0.0,0.0,1,595.0,602.4,1,612.0,0.0,0.0,0.0,0.0,0.0,145
2023-05-11 09:35:14,MO2312-P-7000,MO2312-P-7000,612.0,0.0,0.0,0.0,1,595.2,602.4,1,612.0,0.0,0.0,0.0,0.0,0.0,145
2023-05-11 09:35:16,MO2312-P-7000,MO2312-P-7000,612.0,0.0,0.0,0.0,1,595.2,602.6,21,612.0,0.0,0.0,0.0,0.0,0.0,145
2023-05-11 09:35:16,MO2312-P-7000,MO2312-P-7000,612.0,0.0,0.0,0.0,1,595.2,602.6,7,612.0,0.0,0.0,0.0,0.0,0.0,145
2023-05-11 09:35:17,MO2312-P-7000,MO2312-P-7000,612.0,0.0,0.0,0.0,1,595.2,602.6,1,612.0,0.0,0.0,0.0,0.0,0.0,145
2023-05-11 09:35:17,MO2312-P-7000,MO2312-P-7000,612.0,0.0,0.0,0.0,1,595.2,602.8,27,612.0,0.0,0.0,0.0,0.0,0.0,145
2023-05-11 09:35:18,MO2312-P-7000,MO2312-P-7000,612.0,0.0,0.0,0.0,1,595.2,602.8,12,612.0,0.0,0.0,0.0,0.0,0.0,145
2023-05-11 09:35:18,MO2312-P-7000,MO2312-P-7000,612.0,0.0,0.0,0.0,1,595.2,602.8,6,612.0,0.0,0.0,0.0,0.0,0.0,145
2023-05-11 09:35:20,MO2312-P-7000,MO2312-P-7000,612.0,0.0,0.0,0.0,1,595.2,603.0,21,612.0,0.0,0.0,0.0,0.0,0.0,145
2023-05-11 09:35:20,MO2312-P-7000,MO2312-P-7000,612.0,0.0,0.0,0.0,1,595.2,603.0,6,612.0,0.0,0.0,0.0,0.0,0.0,145
2023-05-11 09:35:21,MO2312-P-7000,MO2312-P-7000,612.0,0.0,0.0,0.0,1,595.2,603.2,33,612.0,0.0,0.0,0.0,0.0,0.0,145
2023-05-11 09:35:21,MO2312-P-7000,MO2312-P-7000,612.0,0.0,0.0,0.0,1,595.2,603.2,12,612.0,0.0,0.0,0.0,0.0,0.0,145
2023-05-11 09:35:22,MO2312-P-7000,MO2312-P-7000,612.0,0.0,0.0,0.0,1,595.2,603.2,6,612.0,0.0,0.0,0.0,0.0,0.0,145
2023-05-11 09:35:24,MO2312-P-7000,MO2312-P-7000,612.0,0.0,0.0,0.0,1,595.4,603.2,6,612.0,0.0,0.0,0.0,0.0,0.0,145
2023-05-11 09:35:25,MO2312-P-7000,MO2312-P-7000,612.0,0.0,0.0,0.0,1,595.4,603.4,6,612.0,0.0,0.0,0.0,0.0,0.0,145
2023-05-11 09:35:25,MO2312-P-7000,MO2312-P-7000,612.0,0.0,0.0,0.0,1,595.4,603.6,21,612.0,0.0,0.0,0.0,0.0,0.0,145
2023-05-11 09:35:26,MO2312-P-7000,MO2312-P-7000,612.0,0.0,0.0,0.0,1,595.4,603.8,15,612.0,0.0,0.0,0.0,0.0,0.0,145
2023-05-11 09:35:26,MO2312-P-7000,MO2312-P-7000,612.0,0.0,0.0,0.0,1,595.4,604.0,6,612.0,0.0,0.0,0.0,0.0,0.0,145
2023-05-11 09:35:27,MO2312-P-7000,MO2312-P-7000,612.0,0.0,0.0,0.0,1,595.4,604.2,27,612.0,0.0,0.0,0.0,0.0,0.0,145
2023-05-11 09:35:27,MO2312-P-7000,MO2312-P-7000,612.0,0.0,0.0,0.0,1,595.4,604.2,6,612.0,0.0,0.0,0.0,0.0,0.0,145
2023-05-11 09:35:28,MO2312-P-7000,MO2312-P-7000,612.0,0.0,0.0,0.0,1,595.4,604.2,1,612.0,0.0,0.0,0.0,0.0,0.0,145
2023-05-11 09:35:30,MO2312-P-7000,MO2312-P-7000,612.0,0.0,0.0,0.0,1,595.4,604.4,33,612.0,0.0,0.0,0.0,0.0,0.0,145
2023-05-11 09:35:31,MO2312-P-7000,MO2312-P-7000,612.0,0.0,0.0,0.0,1,595.4,604.4,7,612.0,0.0,0.0,0.0,0.0,0.0,145
2023-05-11 09:35:31,MO2312-P-7000,MO2312-P-7000,612.0,0.0,0.0,0.0,1,595.4,604.6,39,612.0,0.0,0.0,0.0,0.0,0.0,145
2023-05-11 09:35:32,MO2312-P-7000,MO2312-P-7000,612.0,0.0,0.0,0.0,1,595.4,604.6,19,612.0,0.0,0.0,0.0,0.0,0.0,145
2023-05-11 09:35:34,MO2312-P-7000,MO2312-P-7000,612.0,0.0,0.0,0.0,1,595.6,604.6,19,612.0,0.0,0.0,0.0,0.0,0.0,145
2023-05-11 09:35:35,MO2312-P-7000,MO2312-P-7000,612.0,0.0,0.0,0.0,1,595.6,604.6,18,612.0,0.0,0.0,0.0,0.0,0.0,145
2023-05-11 09:35:37,MO2312-P-7000,MO2312-P-7000,612.0,0.0,0.0,0.0,1,595.6,604.6,19,612.0,0.0,0.0,0.0,0.0,0.0,145
2023-05-11 09:35:38,MO2312-P-7000,MO2312-P-7000,612.0,0.0,0.0,0.0,1,595.6,604.8,27,612.0,0.0,0.0,0.0,0.0,0.0,145
2023-05-11 09:35:38,MO2312-P-7000,MO2312-P-7000,612.0,0.0,0.0,0.0,1,595.6,605.0,6,612.0,0.0,0.0,0.0,0.0,0.0,145
2023-05-11 09:35:39,MO2312-P-7000,MO2312-P-7000,612.0,0.0,0.0,0.0,1,595.6,605.6,8,612.0,0.0,0.0,0.0,0.0,0.0,145
2023-05-11 09:35:39,MO2312-P-7000,MO2312-P-7000,612.0,0.0,0.0,0.0,1,595.6,606.2,33,612.0,0.0,0.0,0.0,0.0,0.0,145
2023-05-11 09:35:40,MO2312-P-7000,MO2312-P-7000,612.0,0.0,0.0,0.0,1,595.6,606.2,12,612.0,0.0,0.0,0.0,0.0,0.0,145
2023-05-11 09:35:40,MO2312-P-7000,MO2312-P-7000,612.0,0.0,0.0,0.0,6,595.8,606.4,39,612.0,0.0,0.0,0.0,0.0,0.0,145
2023-05-11 09:35:41,MO2312-P-7000,MO2312-P-7000,612.0,0.0,0.0,0.0,6,595.8,606.4,18,612.0,0.0,0.0,0.0,0.0,0.0,145
2023-05-11 09:35:41,MO2312-P-7000,MO2312-P-7000,612.0,0.0,0.0,0.0,6,595.8,606.4,12,612.0,0.0,0.0,0.0,0.0,0.0,145
2023-05-11 09:35:42,MO2312-P-7000,MO2312-P-7000,612.0,0.0,0.0,0.0,6,595.8,606.4,7,612.0,0.0,0.0,0.0,0.0,0.0,145
2023-05-11 09:35:42,MO2312-P-7000,MO2312-P-7000,612.0,0.0,0.0,0.0,6,595.8,606.4,6,612.0,0.0,0.0,0.0,0.0,0.0,145
2023-05-11 09:35:43,MO2312-P-7000,MO2312-P-7000,612.0,0.0,0.0,0.0,6,596.0,606.6,27,612.0,0.0,0.0,0.0,0.0,0.0,145
2023-05-11 09:35:43,MO2312-P-7000,MO2312-P-7000,612.0,0.0,0.0,0.0,6,596.0,606.6,13,612.0,0.0,0.0,0.0,0.0,0.0,145
2023-05-11 09:35:44,MO2312-P-7000,MO2312-P-7000,612.0,0.0,0.0,0.0,6,596.0,606.6,7,612.0,0.0,0.0,0.0,0.0,0.0,145
2023-05-11 09:35:44,MO2312-P-7000,MO2312-P-7000,612.0,0.0,0.0,0.0,7,596.0,606.8,33,612.0,0.0,0.0,0.0,0.0,0.0,145
2023-05-11 09:35:45,MO2312-P-7000,MO2312-P-7000,612.0,0.0,0.0,0.0,7,596.0,606.8,13,612.0,0.0,0.0,0.0,0.0,0.0,145
2023-05-11 09:35:45,MO2312-P-7000,MO2312-P-7000,612.0,0.0,0.0,0.0,7,596.0,606.8,7,612.0,0.0,0.0,0.0,0.0,0.0,145
2023-05-11 09:35:46,MO2312-P-7000,MO2312-P-7000,612.0,0.0,0.0,0.0,7,596.0,606.8,1,612.0,0.0,0.0,0.0,0.0,0.0,145
2023-05-11 09:35:51,MO2312-P-7000,MO2312-P-7000,612.0,0.0,0.0,0.0,7,596.0,606.8,7,612.0,0.0,0.0,0.0,0.0,0.0,145
2023-05-11 09:35:54,MO2312-P-7000,MO2312-P-7000,612.0,0.0,0.0,0.0,1,596.2,606.8,7,612.0,0.0,0.0,0.0,0.0,0.0,145
2023-05-11 09:35:58,MO2312-P-7000,MO2312-P-7000,612.0,0.0,0.0,0.0,1,596.2,607.0,27,612.0,0.0,0.0,0.0,0.0,0.0,145
2023-05-11 09:35:58,MO2312-P-7000,MO2312-P-7000,612.0,0.0,0.0,0.0,1,596.2,607.0,13,612.0,0.0,0.0,0.0,0.0,0.0,145
2023-05-11 09:35:59,MO2312-P-7000,MO2312-P-7000,612.0,0.0,0.0,0.0,1,596.2,607.0,7,612.0,0.0,0.0,0.0,0.0,0.0,145
2023-05-11 09:35:59,MO2312-P-7000,MO2312-P-7000,612.0,0.0,0.0,0.0,1,596.2,607.2,27,612.0,0.0,0.0,0.0,0.0,0.0,145
2023-05-11 09:36:00,MO2312-P-7000,MO2312-P-7000,612.0,0.0,0.0,0.0,1,596.2,607.0,1,612.0,0.0,0.0,0.0,0.0,0.0,145
2023-05-11 09:36:01,MO2312-P-7000,MO2312-P-7000,612.0,0.0,0.0,0.0,1,596.2,607.2,21,612.0,0.0,0.0,0.0,0.0,0.0,145
2023-05-11 09:36:02,MO2312-P-7000,MO2312-P-7000,612.0,0.0,0.0,0.0,1,596.2,607.2,7,612.0,0.0,0.0,0.0,0.0,0.0,145
2023-05-11 09:36:02,MO2312-P-7000,MO2312-P-7000,612.0,0.0,0.0,0.0,1,596.2,607.2,1,612.0,0.0,0.0,0.0,0.0,0.0,145
2023-05-11 09:36:04,MO2312-P-7000,MO2312-P-7000,612.0,0.0,0.0,0.0,1,596.4,607.2,1,612.0,0.0,0.0,0.0,0.0,0.0,145
2023-05-11 09:36:09,MO2312-P-7000,MO2312-P-7000,612.0,0.0,0.0,0.0,1,596.4,607.0,6,612.0,0.0,0.0,0.0,0.0,0.0,145
2023-05-11 09:36:10,MO2312-P-7000,MO2312-P-7000,612.0,0.0,0.0,0.0,1,596.4,606.4,1,612.0,0.0,0.0,0.0,0.0,0.0,145
2023-05-11 09:36:11,MO2312-P-7000,MO2312-P-7000,612.0,0.0,0.0,0.0,1,596.4,606.6,21,612.0,0.0,0.0,0.0,0.0,0.0,145
2023-05-11 09:36:11,MO2312-P-7000,MO2312-P-7000,612.0,0.0,0.0,0.0,1,596.4,606.6,6,612.0,0.0,0.0,0.0,0.0,0.0,145
2023-05-11 09:36:12,MO2312-P-7000,MO2312-P-7000,612.0,0.0,0.0,0.0,1,596.4,606.8,21,612.0,0.0,0.0,0.0,0.0,0.0,145
2023-05-11 09:36:12,MO2312-P-7000,MO2312-P-7000,612.0,0.0,0.0,0.0,1,596.4,606.8,7,612.0,0.0,0.0,0.0,0.0,0.0,145
2023-05-11 09:36:13,MO2312-P-7000,MO2312-P-7000,612.0,0.0,0.0,0.0,1,596.4,606.8,1,612.0,0.0,0.0,0.0,0.0,0.0,145
2023-05-11 09:36:14,MO2312-P-7000,MO2312-P-7000,612.0,0.0,0.0,0.0,1,596.6,606.8,1,612.0,0.0,0.0,0.0,0.0,0.0,145
2023-05-11 09:36:17,MO2312-P-7000,MO2312-P-7000,612.0,0.0,0.0,0.0,1,596.6,607.0,27,612.0,0.0,0.0,0.0,0.0,0.0,145
2023-05-11 09:36:17,MO2312-P-7000,MO2312-P-7000,612.0,0.0,0.0,0.0,1,596.6,607.0,13,612.0,0.0,0.0,0.0,0.0,0.0,145
2023-05-11 09:36:18,MO2312-P-7000,MO2312-P-7000,612.0,0.0,0.0,0.0,1,596.6,607.0,12,612.0,0.0,0.0,0.0,0.0,0.0,145
2023-05-11 09:36:19,MO2312-P-7000,MO2312-P-7000,612.0,0.0,0.0,0.0,1,596.6,607.0,6,612.0,0.0,0.0,0.0,0.0,0.0,145
2023-05-11 09:36:19,MO2312-P-7000,MO2312-P-7000,612.0,0.0,0.0,0.0,1,596.6,606.6,1,612.0,0.0,0.0,0.0,0.0,0.0,145
2023-05-11 09:36:20,MO2312-P-7000,MO2312-P-7000,612.0,0.0,0.0,0.0,1,596.6,606.8,15,612.0,0.0,0.0,0.0,0.0,0.0,145
2023-05-11 09:36:20,MO2312-P-7000,MO2312-P-7000,612.0,0.0,0.0,0.0,1,596.6,606.8,1,612.0,0.0,0.0,0.0,0.0,0.0,145
2023-05-11 09:36:24,MO2312-P-7000,MO2312-P-7000,612.0,0.0,0.0,0.0,1,596.8,606.8,1,612.0,0.0,0.0,0.0,0.0,0.0,145
2023-05-11 09:36:28,MO2312-P-7000,MO2312-P-7000,612.0,0.0,0.0,0.0,1,596.8,607.0,21,612.0,0.0,0.0,0.0,0.0,0.0,145
2023-05-11 09:36:28,MO2312-P-7000,MO2312-P-7000,612.0,0.0,0.0,0.0,1,596.8,607.0,7,612.0,0.0,0.0,0.0,0.0,0.0,145
2023-05-11 09:36:31,MO2312-P-7000,MO2312-P-7000,612.0,0.0,0.0,0.0,1,596.8,607.0,6,612.0,0.0,0.0,0.0,0.0,0.0,145
2023-05-11 09:36:32,MO2312-P-7000,MO2312-P-7000,612.0,0.0,0.0,0.0,1,596.8,607.0,7,612.0,0.0,0.0,0.0,0.0,0.0,145
2023-05-11 09:36:34,MO2312-P-7000,MO2312-P-7000,612.0,0.0,0.0,0.0,1,597.0,607.0,7,612.0,0.0,0.0,0.0,0.0,0.0,145
2023-05-11 09:36:36,MO2312-P-7000,MO2312-P-7000,612.0,0.0,0.0,0.0,1,597.0,607.0,6,612.0,0.0,0.0,0.0,0.0,0.0,145
2023-05-11 09:36:36,MO2312-P-7000,MO2312-P-7000,612.0,0.0,0.0,0.0,1,597.0,607.0,7,612.0,0.0,0.0,0.0,0.0,0.0,145
2023-05-11 09:36:37,MO2312-P-7000,MO2312-P-7000,612.0,0.0,0.0,0.0,1,597.0,607.0,6,612.0,0.0,0.0,0.0,0.0,0.0,145
2023-05-11 09:36:38,MO2312-P-7000,MO2312-P-7000,612.0,0.0,0.0,0.0,7,597.0,607.0,6,612.0,0.0,0.0,0.0,0.0,0.0,145
2023-05-11 09:36:41,MO2312-P-7000,MO2312-P-7000,612.0,0.0,0.0,0.0,7,597.0,607.8,24,612.0,0.0,0.0,0.0,0.0,0.0,145
2023-05-11 09:36:41,MO2312-P-7000,MO2312-P-7000,612.0,0.0,0.0,0.0,7,597.0,607.8,6,612.0,0.0,0.0,0.0,0.0,0.0,145
2023-05-11 09:36:42,MO2312-P-7000,MO2312-P-7000,612.0,0.0,0.0,0.0,7,597.0,608.2,30,612.0,0.0,0.0,0.0,0.0,0.0,145
2023-05-11 09:36:42,MO2312-P-7000,MO2312-P-7000,612.0,0.0,0.0,0.0,7,597.0,608.0,1,612.0,0.0,0.0,0.0,0.0,0.0,145
2023-05-11 09:36:43,MO2312-P-7000,MO2312-P-7000,612.0,0.0,0.0,0.0,7,597.0,608.2,6,612.0,0.0,0.0,0.0,0.0,0.0,145
2023-05-11 09:36:44,MO2312-P-7000,MO2312-P-7000,612.0,0.0,0.0,0.0,7,597.0,608.2,1,612.0,0.0,0.0,0.0,0.0,0.0,145
2023-05-11 09:36:44,MO2312-P-7000,MO2312-P-7000,612.0,0.0,0.0,0.0,1,597.2,608.4,24,612.0,0.0,0.0,0.0,0.0,0.0,145
2023-05-11 09:36:45,MO2312-P-7000,MO2312-P-7000,612.0,0.0,0.0,0.0,1,597.2,608.4,13,612.0,0.0,0.0,0.0,0.0,0.0,145
2023-05-11 09:36:45,MO2312-P-7000,MO2312-P-7000,612.0,0.0,0.0,0.0,7,597.2,608.4,12,612.0,0.0,0.0,0.0,0.0,0.0,145
2023-05-11 09:36:46,MO2312-P-7000,MO2312-P-7000,612.0,0.0,0.0,0.0,7,597.2,608.6,6,612.0,0.0,0.0,0.0,0.0,0.0,145
2023-05-11 09:36:46,MO2312-P-7000,MO2312-P-7000,612.0,0.0,0.0,0.0,6,597.4,609.0,18,612.0,0.0,0.0,0.0,0.0,0.0,145
2023-05-11 09:36:47,MO2312-P-7000,MO2312-P-7000,612.0,0.0,0.0,0.0,6,598.2,609.0,6,612.0,0.0,0.0,0.0,0.0,0.0,145
2023-05-11 09:36:47,MO2312-P-7000,MO2312-P-7000,612.0,0.0,0.0,0.0,6,598.2,610.0,18,612.0,0.0,0.0,0.0,0.0,0.0,145
2023-05-11 09:36:48,MO2312-P-7000,MO2312-P-7000,612.0,0.0,0.0,0.0,6,598.2,610.0,7,612.0,0.0,0.0,0.0,0.0,0.0,145
2023-05-11 09:36:48,MO2312-P-7000,MO2312-P-7000,612.0,0.0,0.0,0.0,6,598.2,610.0,1,612.0,0.0,0.0,0.0,0.0,0.0,145
2023-05-11 09:36:52,MO2312-P-7000,MO2312-P-7000,612.0,0.0,0.0,0.0,6,598.2,610.8,18,612.0,0.0,0.0,0.0,0.0,0.0,145
2023-05-11 09:36:53,MO2312-P-7000,MO2312-P-7000,612.0,0.0,0.0,0.0,6,598.2,610.2,1,612.0,0.0,0.0,0.0,0.0,0.0,145
2023-05-11 09:36:58,MO2312-P-7000,MO2312-P-7000,612.0,0.0,0.0,0.0,6,598.2,610.8,12,612.0,0.0,0.0,0.0,0.0,0.0,145
2023-05-11 09:36:59,MO2312-P-7000,MO2312-P-7000,612.0,0.0,0.0,0.0,6,598.2,610.6,1,612.0,0.0,0.0,0.0,0.0,0.0,145
2023-05-11 09:36:59,MO2312-P-7000,MO2312-P-7000,612.0,0.0,0.0,0.0,7,598.2,610.6,1,612.0,0.0,0.0,0.0,0.0,0.0,145
2023-05-11 09:37:03,MO2312-P-7000,MO2312-P-7000,612.0,0.0,0.0,0.0,6,598.4,610.8,6,612.0,0.0,0.0,0.0,0.0,0.0,145
2023-05-11 09:37:04,MO2312-P-7000,MO2312-P-7000,612.0,0.0,0.0,0.0,6,598.4,610.8,7,612.0,0.0,0.0,0.0,0.0,0.0,145
2023-05-11 09:37:08,MO2312-P-7000,MO2312-P-7000,612.0,0.0,0.0,0.0,6,598.4,610.8,6,612.0,0.0,0.0,0.0,0.0,0.0,145
2023-05-11 09:37:08,MO2312-P-7000,MO2312-P-7000,612.0,0.0,0.0,0.0,6,598.4,610.8,7,612.0,0.0,0.0,0.0,0.0,0.0,145
2023-05-11 09:37:12,MO2312-P-7000,MO2312-P-7000,612.0,0.0,0.0,0.0,6,598.4,610.8,9,612.0,0.0,0.0,0.0,0.0,0.0,145
2023-05-11 09:37:13,MO2312-P-7000,MO2312-P-7000,612.0,0.0,0.0,0.0,6,598.4,610.6,6,612.0,0.0,0.0,0.0,0.0,0.0,145
2023-05-11 09:37:13,MO2312-P-7000,MO2312-P-7000,612.0,0.0,0.0,0.0,6,598.4,610.0,1,612.0,0.0,0.0,0.0,0.0,0.0,145
2023-05-11 09:37:16,MO2312-P-7000,MO2312-P-7000,612.0,0.0,0.0,0.0,6,598.4,610.2,6,612.0,0.0,0.0,0.0,0.0,0.0,145
2023-05-11 09:37:16,MO2312-P-7000,MO2312-P-7000,612.0,0.0,0.0,0.0,6,598.4,610.6,6,612.0,0.0,0.0,0.0,0.0,0.0,145
2023-05-11 09:37:17,MO2312-P-7000,MO2312-P-7000,612.0,0.0,0.0,0.0,6,598.4,610.8,12,612.0,0.0,0.0,0.0,0.0,0.0,145
2023-05-11 09:37:17,MO2312-P-7000,MO2312-P-7000,612.0,0.0,0.0,0.0,6,598.4,611.0,30,612.0,0.0,0.0,0.0,0.0,0.0,145
2023-05-11 09:37:18,MO2312-P-7000,MO2312-P-7000,612.0,0.0,0.0,0.0,6,598.4,611.0,12,612.0,0.0,0.0,0.0,0.0,0.0,145
2023-05-11 09:37:18,MO2312-P-7000,MO2312-P-7000,612.0,0.0,0.0,0.0,6,598.4,611.0,1,612.0,0.0,0.0,0.0,0.0,0.0,145
2023-05-11 09:37:19,MO2312-P-7000,MO2312-P-7000,612.0,0.0,0.0,0.0,7,598.4,611.0,1,612.0,0.0,0.0,0.0,0.0,0.0,145
2023-05-11 09:37:23,MO2312-P-7000,MO2312-P-7000,612.0,0.0,0.0,0.0,1,599.2,611.0,1,612.0,0.0,0.0,0.0,0.0,0.0,145
2023-05-11 09:37:24,MO2312-P-7000,MO2312-P-7000,612.0,0.0,0.0,0.0,2,599.2,611.0,1,612.0,0.0,0.0,0.0,0.0,0.0,145
2023-05-11 09:37:25,MO2312-P-7000,MO2312-P-7000,612.0,0.0,0.0,0.0,2,599.2,611.4,15,612.0,0.0,0.0,0.0,0.0,0.0,145
2023-05-11 09:37:25,MO2312-P-7000,MO2312-P-7000,612.0,0.0,0.0,0.0,2,599.2,611.8,24,612.0,0.0,0.0,0.0,0.0,0.0,145
2023-05-11 09:37:26,MO2312-P-7000,MO2312-P-7000,612.0,0.0,0.0,0.0,6,600.0,611.8,7,612.0,0.0,0.0,0.0,0.0,0.0,145
2023-05-11 09:37:26,MO2312-P-7000,MO2312-P-7000,612.0,0.0,0.0,0.0,6,600.0,612.0,24,612.0,0.0,0.0,0.0,0.0,0.0,145
2023-05-11 09:37:27,MO2312-P-7000,MO2312-P-7000,612.0,0.0,0.0,0.0,6,600.2,612.0,12,612.0,0.0,0.0,0.0,0.0,0.0,145
2023-05-11 09:37:27,MO2312-P-7000,MO2312-P-7000,612.0,0.0,0.0,0.0,6,600.2,612.0,7,612.0,0.0,0.0,0.0,0.0,0.0,145
2023-05-11 09:37:28,MO2312-P-7000,MO2312-P-7000,612.0,0.0,0.0,0.0,6,600.2,612.6,6,612.0,0.0,0.0,0.0,0.0,0.0,145
2023-05-11 09:37:28,MO2312-P-7000,MO2312-P-7000,612.0,0.0,0.0,0.0,6,600.2,612.8,18,612.0,0.0,0.0,0.0,0.0,0.0,145
2023-05-11 09:37:29,MO2312-P-7000,MO2312-P-7000,612.0,0.0,0.0,0.0,6,600.2,612.8,7,612.0,0.0,0.0,0.0,0.0,0.0,145
2023-05-11 09:37:29,MO2312-P-7000,MO2312-P-7000,612.0,0.0,0.0,0.0,6,600.2,612.8,1,612.0,0.0,0.0,0.0,0.0,0.0,145
2023-05-11 09:37:34,MO2312-P-7000,MO2312-P-7000,612.0,0.0,0.0,0.0,7,600.2,612.8,1,612.0,0.0,0.0,0.0,0.0,0.0,145
2023-05-11 09:37:43,MO2312-P-7000,MO2312-P-7000,612.0,0.0,0.0,0.0,7,600.2,613.4,18,612.0,0.0,0.0,0.0,0.0,0.0,145
2023-05-11 09:37:44,MO2312-P-7000,MO2312-P-7000,612.0,0.0,0.0,0.0,7,600.2,613.0,1,612.0,0.0,0.0,0.0,0.0,0.0,145
2023-05-11 09:37:44,MO2312-P-7000,MO2312-P-7000,612.0,0.0,0.0,0.0,1,600.4,613.0,1,612.0,0.0,0.0,0.0,0.0,0.0,145
2023-05-11 09:37:47,MO2312-P-7000,MO2312-P-7000,612.0,0.0,0.0,0.0,1,600.4,613.6,30,612.0,0.0,0.0,0.0,0.0,0.0,145
2023-05-11 09:37:48,MO2312-P-7000,MO2312-P-7000,612.0,0.0,0.0,0.0,1,600.4,613.2,1,612.0,0.0,0.0,0.0,0.0,0.0,145
2023-05-11 09:37:54,MO2312-P-7000,MO2312-P-7000,612.0,0.0,0.0,0.0,1,600.6,613.2,1,612.0,0.0,0.0,0.0,0.0,0.0,145
2023-05-11 09:38:04,MO2312-P-7000,MO2312-P-7000,612.0,0.0,0.0,0.0,1,600.8,613.0,6,612.0,0.0,0.0,0.0,0.0,0.0,145
2023-05-11 09:38:05,MO2312-P-7000,MO2312-P-7000,612.0,0.0,0.0,0.0,1,600.8,612.4,1,612.0,0.0,0.0,0.0,0.0,0.0,145
2023-05-11 09:38:14,MO2312-P-7000,MO2312-P-7000,612.0,0.0,0.0,0.0,1,601.0,612.4,1,612.0,0.0,0.0,0.0,0.0,0.0,145
2023-05-11 09:38:24,MO2312-P-7000,MO2312-P-7000,612.0,0.0,0.0,0.0,1,601.2,612.4,1,612.0,0.0,0.0,0.0,0.0,0.0,145
2023-05-11 09:38:34,MO2312-P-7000,MO2312-P-7000,612.0,0.0,0.0,0.0,1,601.4,612.4,1,612.0,0.0,0.0,0.0,0.0,0.0,145
2023-05-11 09:38:35,MO2312-P-7000,MO2312-P-7000,612.0,0.0,0.0,0.0,1,601.4,612.4,2,612.0,0.0,0.0,0.0,0.0,0.0,145
2023-05-11 09:38:39,MO2312-P-7000,MO2312-P-7000,612.0,0.0,0.0,0.0,1,601.4,612.4,1,612.0,0.0,0.0,0.0,0.0,0.0,145
2023-05-11 09:38:44,MO2312-P-7000,MO2312-P-7000,612.0,0.0,0.0,0.0,1,601.6,612.4,1,612.0,0.0,0.0,0.0,0.0,0.0,145
2023-05-11 09:38:54,MO2312-P-7000,MO2312-P-7000,612.0,0.0,0.0,0.0,1,601.8,612.4,1,612.0,0.0,0.0,0.0,0.0,0.0,145
2023-05-11 09:39:04,MO2312-P-7000,MO2312-P-7000,612.0,0.0,0.0,0.0,1,602.0,612.4,1,612.0,0.0,0.0,0.0,0.0,0.0,145
2023-05-11 09:39:05,MO2312-P-7000,MO2312-P-7000,612.0,0.0,0.0,0.0,1,602.0,612.2,6,612.0,0.0,0.0,0.0,0.0,0.0,145
2023-05-11 09:39:05,MO2312-P-7000,MO2312-P-7000,612.0,0.0,0.0,0.0,1,602.0,611.6,1,612.0,0.0,0.0,0.0,0.0,0.0,145
2023-05-11 09:39:12,MO2312-P-7000,MO2312-P-7000,612.0,0.0,0.0,0.0,1,602.0,611.8,21,612.0,0.0,0.0,0.0,0.0,0.0,145
2023-05-11 09:39:12,MO2312-P-7000,MO2312-P-7000,612.0,0.0,0.0,0.0,1,602.0,611.8,6,612.0,0.0,0.0,0.0,0.0,0.0,145
2023-05-11 09:39:13,MO2312-P-7000,MO2312-P-7000,612.0,0.0,0.0,0.0,1,602.0,612.0,21,612.0,0.0,0.0,0.0,0.0,0.0,145
2023-05-11 09:39:13,MO2312-P-7000,MO2312-P-7000,612.0,0.0,0.0,0.0,1,602.0,612.0,7,612.0,0.0,0.0,0.0,0.0,0.0,145
2023-05-11 09:39:14,MO2312-P-7000,MO2312-P-7000,612.0,0.0,0.0,0.0,1,602.0,612.0,1,612.0,0.0,0.0,0.0,0.0,0.0,145
2023-05-11 09:39:14,MO2312-P-7000,MO2312-P-7000,612.0,0.0,0.0,0.0,1,602.2,612.0,1,612.0,0.0,0.0,0.0,0.0,0.0,145
2023-05-11 09:39:24,MO2312-P-7000,MO2312-P-7000,612.0,0.0,0.0,0.0,1,602.2,611.8,6,612.0,0.0,0.0,0.0,0.0,0.0,145
2023-05-11 09:39:24,MO2312-P-7000,MO2312-P-7000,612.0,0.0,0.0,0.0,1,602.4,611.2,1,612.0,0.0,0.0,0.0,0.0,0.0,145
2023-05-11 09:39:30,MO2312-P-7000,MO2312-P-7000,612.0,0.0,0.0,0.0,1,601.8,611.2,1,612.0,0.0,0.0,0.0,0.0,0.0,145
2023-05-11 09:39:40,MO2312-P-7000,MO2312-P-7000,612.0,0.0,0.0,0.0,1,602.0,611.2,1,612.0,0.0,0.0,0.0,0.0,0.0,145
2023-05-11 09:39:49,MO2312-P-7000,MO2312-P-7000,612.0,0.0,0.0,0.0,1,602.0,611.0,6,612.0,0.0,0.0,0.0,0.0,0.0,145
2023-05-11 09:39:49,MO2312-P-7000,MO2312-P-7000,612.0,0.0,0.0,0.0,1,602.0,610.4,1,612.0,0.0,0.0,0.0,0.0,0.0,145
2023-05-11 09:39:50,MO2312-P-7000,MO2312-P-7000,612.0,0.0,0.0,0.0,1,602.2,610.4,1,612.0,0.0,0.0,0.0,0.0,0.0,145
2023-05-11 09:40:02,MO2312-P-7000,MO2312-P-7000,612.0,0.0,0.0,0.0,6,600.6,610.4,2,612.0,0.0,0.0,0.0,0.0,0.0,145
2023-05-11 09:40:04,MO2312-P-7000,MO2312-P-7000,612.0,0.0,0.0,0.0,12,600.4,609.6,6,612.0,0.0,0.0,0.0,0.0,0.0,145
2023-05-11 09:40:05,MO2312-P-7000,MO2312-P-7000,612.0,0.0,0.0,0.0,12,600.2,609.0,1,612.0,0.0,0.0,0.0,0.0,0.0,145
2023-05-11 09:40:05,MO2312-P-7000,MO2312-P-7000,612.0,0.0,0.0,0.0,6,600.4,608.8,6,612.0,0.0,0.0,0.0,0.0,0.0,145
2023-05-11 09:40:15,MO2312-P-7000,MO2312-P-7000,612.0,0.0,0.0,0.0,6,600.4,608.4,1,612.0,0.0,0.0,0.0,0.0,0.0,145
2023-05-11 09:40:15,MO2312-P-7000,MO2312-P-7000,612.0,0.0,0.0,0.0,6,600.0,608.4,1,612.0,0.0,0.0,0.0,0.0,0.0,145
2023-05-11 09:40:16,MO2312-P-7000,MO2312-P-7000,612.0,0.0,0.0,0.0,25,599.8,608.4,1,612.0,0.0,0.0,0.0,0.0,0.0,145
2023-05-11 09:40:16,MO2312-P-7000,MO2312-P-7000,612.0,0.0,0.0,0.0,1,600.0,608.4,1,612.0,0.0,0.0,0.0,0.0,0.0,145
2023-05-11 09:40:17,MO2312-P-7000,MO2312-P-7000,612.0,0.0,0.0,0.0,7,600.0,608.4,1,612.0,0.0,0.0,0.0,0.0,0.0,145
2023-05-11 09:40:17,MO2312-P-7000,MO2312-P-7000,612.0,0.0,0.0,0.0,1,600.0,608.2,6,612.0,0.0,0.0,0.0,0.0,0.0,145
2023-05-11 09:40:18,MO2312-P-7000,MO2312-P-7000,612.0,0.0,0.0,0.0,1,600.0,607.6,1,612.0,0.0,0.0,0.0,0.0,0.0,145
2023-05-11 09:40:18,MO2312-P-7000,MO2312-P-7000,612.0,0.0,0.0,0.0,6,599.6,607.6,1,612.0,0.0,0.0,0.0,0.0,0.0,145
2023-05-11 09:40:19,MO2312-P-7000,MO2312-P-7000,612.0,0.0,0.0,0.0,13,599.2,607.6,1,612.0,0.0,0.0,0.0,0.0,0.0,145
2023-05-11 09:40:19,MO2312-P-7000,MO2312-P-7000,612.0,0.0,0.0,0.0,7,599.2,607.6,1,612.0,0.0,0.0,0.0,0.0,0.0,145
2023-05-11 09:40:20,MO2312-P-7000,MO2312-P-7000,612.0,0.0,0.0,0.0,1,599.2,607.6,1,612.0,0.0,0.0,0.0,0.0,0.0,145
2023-05-11 09:40:28,MO2312-P-7000,MO2312-P-7000,612.0,0.0,0.0,0.0,1,598.6,607.6,1,612.0,0.0,0.0,0.0,0.0,0.0,145
2023-05-11 09:40:40,MO2312-P-7000,MO2312-P-7000,612.0,0.0,0.0,0.0,1,598.8,607.6,1,612.0,0.0,0.0,0.0,0.0,0.0,145
2023-05-11 09:40:42,MO2312-P-7000,MO2312-P-7000,612.0,0.0,0.0,0.0,1,598.8,607.8,27,612.0,0.0,0.0,0.0,0.0,0.0,145
2023-05-11 09:40:43,MO2312-P-7000,MO2312-P-7000,612.0,0.0,0.0,0.0,1,598.8,607.8,13,612.0,0.0,0.0,0.0,0.0,0.0,145
2023-05-11 09:40:43,MO2312-P-7000,MO2312-P-7000,612.0,0.0,0.0,0.0,1,598.8,607.8,6,612.0,0.0,0.0,0.0,0.0,0.0,145
2023-05-11 09:40:44,MO2312-P-7000,MO2312-P-7000,612.0,0.0,0.0,0.0,1,598.8,607.8,1,612.0,0.0,0.0,0.0,0.0,0.0,145
2023-05-11 09:40:46,MO2312-P-7000,MO2312-P-7000,612.0,0.0,0.0,0.0,1,598.8,608.0,45,612.0,0.0,0.0,0.0,0.0,0.0,145
2023-05-11 09:40:46,MO2312-P-7000,MO2312-P-7000,612.0,0.0,0.0,0.0,1,598.8,608.0,25,612.0,0.0,0.0,0.0,0.0,0.0,145
2023-05-11 09:40:47,MO2312-P-7000,MO2312-P-7000,612.0,0.0,0.0,0.0,1,598.8,608.0,19,612.0,0.0,0.0,0.0,0.0,0.0,145
2023-05-11 09:40:50,MO2312-P-7000,MO2312-P-7000,612.0,0.0,0.0,0.0,1,599.0,608.0,19,612.0,0.0,0.0,0.0,0.0,0.0,145
2023-05-11 09:40:55,MO2312-P-7000,MO2312-P-7000,612.0,0.0,0.0,0.0,1,599.0,608.0,18,612.0,0.0,0.0,0.0,0.0,0.0,145
2023-05-11 09:40:57,MO2312-P-7000,MO2312-P-7000,612.0,0.0,0.0,0.0,1,599.0,608.0,12,612.0,0.0,0.0,0.0,0.0,0.0,145
2023-05-11 09:40:58,MO2312-P-7000,MO2312-P-7000,612.0,0.0,0.0,0.0,1,599.0,608.2,27,612.0,0.0,0.0,0.0,0.0,0.0,145
2023-05-11 09:40:58,MO2312-P-7000,MO2312-P-7000,612.0,0.0,0.0,0.0,1,599.0,608.2,12,612.0,0.0,0.0,0.0,0.0,0.0,145
2023-05-11 09:40:59,MO2312-P-7000,MO2312-P-7000,612.0,0.0,0.0,0.0,1,599.0,608.4,33,612.0,0.0,0.0,0.0,0.0,0.0,145
2023-05-11 09:40:59,MO2312-P-7000,MO2312-P-7000,612.0,0.0,0.0,0.0,1,599.0,608.4,13,612.0,0.0,0.0,0.0,0.0,0.0,145
2023-05-11 09:41:00,MO2312-P-7000,MO2312-P-7000,612.0,0.0,0.0,0.0,1,599.2,608.4,7,612.0,0.0,0.0,0.0,0.0,0.0,145
2023-05-11 09:41:00,MO2312-P-7000,MO2312-P-7000,612.0,0.0,0.0,0.0,1,599.2,608.2,6,612.0,0.0,0.0,0.0,0.0,0.0,145
2023-05-11 09:41:01,MO2312-P-7000,MO2312-P-7000,612.0,0.0,0.0,0.0,1,599.2,608.2,7,612.0,0.0,0.0,0.0,0.0,0.0,145
2023-05-11 09:41:01,MO2312-P-7000,MO2312-P-7000,612.0,0.0,0.0,0.0,1,599.2,608.2,6,612.0,0.0,0.0,0.0,0.0,0.0,145
2023-05-11 09:41:02,MO2312-P-7000,MO2312-P-7000,612.0,0.0,0.0,0.0,1,599.2,607.8,1,612.0,0.0,0.0,0.0,0.0,0.0,145
2023-05-11 09:41:03,MO2312-P-7000,MO2312-P-7000,612.0,0.0,0.0,0.0,1,599.2,608.0,21,612.0,0.0,0.0,0.0,0.0,0.0,145
2023-05-11 09:41:03,MO2312-P-7000,MO2312-P-7000,612.0,0.0,0.0,0.0,1,599.2,608.0,6,612.0,0.0,0.0,0.0,0.0,0.0,145
2023-05-11 09:41:04,MO2312-P-7000,MO2312-P-7000,612.0,0.0,0.0,0.0,1,599.2,608.2,27,612.0,0.0,0.0,0.0,0.0,0.0,145
2023-05-11 09:41:04,MO2312-P-7000,MO2312-P-7000,612.0,0.0,0.0,0.0,1,599.2,608.2,12,612.0,0.0,0.0,0.0,0.0,0.0,145
2023-05-11 09:41:05,MO2312-P-7000,MO2312-P-7000,612.0,0.0,0.0,0.0,1,599.2,608.2,6,612.0,0.0,0.0,0.0,0.0,0.0,145
2023-05-11 09:41:07,MO2312-P-7000,MO2312-P-7000,612.0,0.0,0.0,0.0,1,599.2,608.4,21,612.0,0.0,0.0,0.0,0.0,0.0,145
2023-05-11 09:41:07,MO2312-P-7000,MO2312-P-7000,612.0,0.0,0.0,0.0,1,599.2,608.4,6,612.0,0.0,0.0,0.0,0.0,0.0,145
2023-05-11 09:41:08,MO2312-P-7000,MO2312-P-7000,612.0,0.0,0.0,0.0,1,599.2,608.6,27,612.0,0.0,0.0,0.0,0.0,0.0,145
2023-05-11 09:41:08,MO2312-P-7000,MO2312-P-7000,612.0,0.0,0.0,0.0,6,599.4,608.6,6,612.0,0.0,0.0,0.0,0.0,0.0,145
2023-05-11 09:41:09,MO2312-P-7000,MO2312-P-7000,612.0,0.0,0.0,0.0,6,599.4,609.0,6,612.0,0.0,0.0,0.0,0.0,0.0,145
2023-05-11 09:41:09,MO2312-P-7000,MO2312-P-7000,612.0,0.0,0.0,0.0,6,599.4,609.2,21,612.0,0.0,0.0,0.0,0.0,0.0,145
2023-05-11 09:41:10,MO2312-P-7000,MO2312-P-7000,612.0,0.0,0.0,0.0,6,599.4,609.2,6,612.0,0.0,0.0,0.0,0.0,0.0,145
2023-05-11 09:41:10,MO2312-P-7000,MO2312-P-7000,612.0,0.0,0.0,0.0,6,599.4,609.4,27,612.0,0.0,0.0,0.0,0.0,0.0,145
2023-05-11 09:41:11,MO2312-P-7000,MO2312-P-7000,612.0,0.0,0.0,0.0,6,599.4,609.4,12,612.0,0.0,0.0,0.0,0.0,0.0,145
2023-05-11 09:41:11,MO2312-P-7000,MO2312-P-7000,612.0,0.0,0.0,0.0,6,599.4,609.4,1,612.0,0.0,0.0,0.0,0.0,0.0,145
2023-05-11 09:41:12,MO2312-P-7000,MO2312-P-7000,612.0,0.0,0.0,0.0,6,599.4,609.6,27,612.0,0.0,0.0,0.0,0.0,0.0,145
2023-05-11 09:41:13,MO2312-P-7000,MO2312-P-7000,612.0,0.0,0.0,0.0,6,599.4,609.6,12,612.0,0.0,0.0,0.0,0.0,0.0,145
2023-05-11 09:41:13,MO2312-P-7000,MO2312-P-7000,612.0,0.0,0.0,0.0,6,599.4,609.6,1,612.0,0.0,0.0,0.0,0.0,0.0,145
2023-05-11 09:41:15,MO2312-P-7000,MO2312-P-7000,612.0,0.0,0.0,0.0,7,599.4,609.8,27,612.0,0.0,0.0,0.0,0.0,0.0,145
2023-05-11 09:41:15,MO2312-P-7000,MO2312-P-7000,612.0,0.0,0.0,0.0,7,599.4,609.8,13,612.0,0.0,0.0,0.0,0.0,0.0,145
2023-05-11 09:41:16,MO2312-P-7000,MO2312-P-7000,612.0,0.0,0.0,0.0,7,599.4,609.8,6,612.0,0.0,0.0,0.0,0.0,0.0,145
2023-05-11 09:41:16,MO2312-P-7000,MO2312-P-7000,612.0,0.0,0.0,0.0,7,599.4,610.0,27,612.0,0.0,0.0,0.0,0.0,0.0,145
2023-05-11 09:41:17,MO2312-P-7000,MO2312-P-7000,612.0,0.0,0.0,0.0,7,599.4,610.0,13,612.0,0.0,0.0,0.0,0.0,0.0,145
2023-05-11 09:41:17,MO2312-P-7000,MO2312-P-7000,612.0,0.0,0.0,0.0,7,599.4,610.0,7,612.0,0.0,0.0,0.0,0.0,0.0,145
2023-05-11 09:41:18,MO2312-P-7000,MO2312-P-7000,612.0,0.0,0.0,0.0,7,599.4,610.2,27,612.0,0.0,0.0,0.0,0.0,0.0,145
2023-05-11 09:41:18,MO2312-P-7000,MO2312-P-7000,612.0,0.0,0.0,0.0,7,599.4,610.2,13,612.0,0.0,0.0,0.0,0.0,0.0,145
2023-05-11 09:41:19,MO2312-P-7000,MO2312-P-7000,612.0,0.0,0.0,0.0,7,599.4,610.2,7,612.0,0.0,0.0,0.0,0.0,0.0,145
2023-05-11 09:41:19,MO2312-P-7000,MO2312-P-7000,612.0,0.0,0.0,0.0,7,599.4,610.2,1,612.0,0.0,0.0,0.0,0.0,0.0,145
2023-05-11 09:41:20,MO2312-P-7000,MO2312-P-7000,612.0,0.0,0.0,0.0,7,599.4,610.4,27,612.0,0.0,0.0,0.0,0.0,0.0,145
2023-05-11 09:41:21,MO2312-P-7000,MO2312-P-7000,612.0,0.0,0.0,0.0,7,599.4,610.4,13,612.0,0.0,0.0,0.0,0.0,0.0,145
2023-05-11 09:41:21,MO2312-P-7000,MO2312-P-7000,612.0,0.0,0.0,0.0,7,599.4,610.4,7,612.0,0.0,0.0,0.0,0.0,0.0,145
2023-05-11 09:41:22,MO2312-P-7000,MO2312-P-7000,612.0,0.0,0.0,0.0,7,599.4,610.4,1,612.0,0.0,0.0,0.0,0.0,0.0,145
2023-05-11 09:41:25,MO2312-P-7000,MO2312-P-7000,612.0,0.0,0.0,0.0,1,599.6,610.4,1,612.0,0.0,0.0,0.0,0.0,0.0,145
2023-05-11 09:41:27,MO2312-P-7000,MO2312-P-7000,612.0,0.0,0.0,0.0,1,599.6,610.6,27,612.0,0.0,0.0,0.0,0.0,0.0,145
2023-05-11 09:41:27,MO2312-P-7000,MO2312-P-7000,612.0,0.0,0.0,0.0,1,599.6,610.4,1,612.0,0.0,0.0,0.0,0.0,0.0,145
2023-05-11 09:41:28,MO2312-P-7000,MO2312-P-7000,612.0,0.0,0.0,0.0,1,599.6,610.6,21,612.0,0.0,0.0,0.0,0.0,0.0,145
2023-05-11 09:41:28,MO2312-P-7000,MO2312-P-7000,612.0,0.0,0.0,0.0,1,599.6,610.6,6,612.0,0.0,0.0,0.0,0.0,0.0,145
2023-05-11 09:41:29,MO2312-P-7000,MO2312-P-7000,612.0,0.0,0.0,0.0,1,599.6,610.8,27,612.0,0.0,0.0,0.0,0.0,0.0,145
2023-05-11 09:41:29,MO2312-P-7000,MO2312-P-7000,612.0,0.0,0.0,0.0,1,599.6,610.8,12,612.0,0.0,0.0,0.0,0.0,0.0,145
2023-05-11 09:41:30,MO2312-P-7000,MO2312-P-7000,612.0,0.0,0.0,0.0,1,599.6,610.8,1,612.0,0.0,0.0,0.0,0.0,0.0,145
2023-05-11 09:41:35,MO2312-P-7000,MO2312-P-7000,612.0,0.0,0.0,0.0,1,599.8,610.8,1,612.0,0.0,0.0,0.0,0.0,0.0,145
2023-05-11 09:41:37,MO2312-P-7000,MO2312-P-7000,612.0,0.0,0.0,0.0,1,599.8,611.0,39,612.0,0.0,0.0,0.0,0.0,0.0,145
2023-05-11 09:41:37,MO2312-P-7000,MO2312-P-7000,612.0,0.0,0.0,0.0,1,599.8,611.0,19,612.0,0.0,0.0,0.0,0.0,0.0,145
2023-05-11 09:41:38,MO2312-P-7000,MO2312-P-7000,612.0,0.0,0.0,0.0,1,599.8,611.0,12,612.0,0.0,0.0,0.0,0.0,0.0,145
2023-05-11 09:41:38,MO2312-P-7000,MO2312-P-7000,612.0,0.0,0.0,0.0,1,599.8,610.6,1,612.0,0.0,0.0,0.0,0.0,0.0,145
2023-05-11 09:41:39,MO2312-P-7000,MO2312-P-7000,612.0,0.0,0.0,0.0,1,599.8,610.8,15,612.0,0.0,0.0,0.0,0.0,0.0,145
2023-05-11 09:41:39,MO2312-P-7000,MO2312-P-7000,612.0,0.0,0.0,0.0,1,599.8,610.8,1,612.0,0.0,0.0,0.0,0.0,0.0,145
2023-05-11 09:41:45,MO2312-P-7000,MO2312-P-7000,612.0,0.0,0.0,0.0,1,600.0,610.8,1,612.0,0.0,0.0,0.0,0.0,0.0,145
2023-05-11 09:41:55,MO2312-P-7000,MO2312-P-7000,612.0,0.0,0.0,0.0,1,600.2,610.8,1,612.0,0.0,0.0,0.0,0.0,0.0,145
2023-05-11 09:42:05,MO2312-P-7000,MO2312-P-7000,612.0,0.0,0.0,0.0,1,600.4,610.8,1,612.0,0.0,0.0,0.0,0.0,0.0,145
2023-05-11 09:42:06,MO2312-P-7000,MO2312-P-7000,612.0,0.0,0.0,0.0,1,600.4,610.6,6,612.0,0.0,0.0,0.0,0.0,0.0,145
2023-05-11 09:42:07,MO2312-P-7000,MO2312-P-7000,612.0,0.0,0.0,0.0,1,600.4,610.0,1,612.0,0.0,0.0,0.0,0.0,0.0,145
2023-05-11 09:42:10,MO2312-P-7000,MO2312-P-7000,612.0,0.0,0.0,0.0,1,600.4,610.0,7,612.0,0.0,0.0,0.0,0.0,0.0,145
2023-05-11 09:42:12,MO2312-P-7000,MO2312-P-7000,612.0,0.0,0.0,0.0,1,599.8,610.0,7,612.0,0.0,0.0,0.0,0.0,0.0,145
2023-05-11 09:42:14,MO2312-P-7000,MO2312-P-7000,612.0,0.0,0.0,0.0,1,599.8,609.8,1,612.0,0.0,0.0,0.0,0.0,0.0,145
2023-05-11 09:42:15,MO2312-P-7000,MO2312-P-7000,612.0,0.0,0.0,0.0,1,599.8,609.2,1,612.0,0.0,0.0,0.0,0.0,0.0,145
2023-05-11 09:42:17,MO2312-P-7000,MO2312-P-7000,612.0,0.0,0.0,0.0,1,599.8,609.4,35,612.0,0.0,0.0,0.0,0.0,0.0,145
2023-05-11 09:42:17,MO2312-P-7000,MO2312-P-7000,612.0,0.0,0.0,0.0,1,599.8,609.4,18,612.0,0.0,0.0,0.0,0.0,0.0,145
2023-05-11 09:42:18,MO2312-P-7000,MO2312-P-7000,612.0,0.0,0.0,0.0,1,599.8,609.4,12,612.0,0.0,0.0,0.0,0.0,0.0,145
2023-05-11 09:42:18,MO2312-P-7000,MO2312-P-7000,612.0,0.0,0.0,0.0,1,599.8,609.4,6,612.0,0.0,0.0,0.0,0.0,0.0,145
2023-05-11 09:42:19,MO2312-P-7000,MO2312-P-7000,612.0,0.0,0.0,0.0,1,599.8,609.4,7,612.0,0.0,0.0,0.0,0.0,0.0,145
2023-05-11 09:42:19,MO2312-P-7000,MO2312-P-7000,612.0,0.0,0.0,0.0,1,599.8,609.4,6,612.0,0.0,0.0,0.0,0.0,0.0,145
2023-05-11 09:42:20,MO2312-P-7000,MO2312-P-7000,612.0,0.0,0.0,0.0,1,599.8,608.8,1,612.0,0.0,0.0,0.0,0.0,0.0,145
2023-05-11 09:42:22,MO2312-P-7000,MO2312-P-7000,612.0,0.0,0.0,0.0,6,598.8,608.8,2,612.0,0.0,0.0,0.0,0.0,0.0,145
2023-05-11 09:42:22,MO2312-P-7000,MO2312-P-7000,612.0,0.0,0.0,0.0,31,598.6,608.6,6,612.0,0.0,0.0,0.0,0.0,0.0,145
2023-05-11 09:42:23,MO2312-P-7000,MO2312-P-7000,612.0,0.0,0.0,0.0,18,598.6,608.0,1,612.0,0.0,0.0,0.0,0.0,0.0,145
2023-05-11 09:42:23,MO2312-P-7000,MO2312-P-7000,612.0,0.0,0.0,0.0,12,598.6,608.0,1,612.0,0.0,0.0,0.0,0.0,0.0,145
2023-05-11 09:42:24,MO2312-P-7000,MO2312-P-7000,612.0,0.0,0.0,0.0,6,598.6,608.0,1,612.0,0.0,0.0,0.0,0.0,0.0,145
2023-05-11 09:42:32,MO2312-P-7000,MO2312-P-7000,612.0,0.0,0.0,0.0,6,598.6,608.0,2,612.0,0.0,0.0,0.0,0.0,0.0,145
2023-05-11 09:42:33,MO2312-P-7000,MO2312-P-7000,612.0,0.0,0.0,0.0,6,598.6,608.0,1,612.0,0.0,0.0,0.0,0.0,0.0,145
2023-05-11 09:42:34,MO2312-P-7000,MO2312-P-7000,612.0,0.0,0.0,0.0,1,598.2,608.0,1,612.0,0.0,0.0,0.0,0.0,0.0,145
2023-05-11 09:42:40,MO2312-P-7000,MO2312-P-7000,612.0,0.0,0.0,0.0,1,598.2,608.2,27,612.0,0.0,0.0,0.0,0.0,0.0,145
2023-05-11 09:42:41,MO2312-P-7000,MO2312-P-7000,612.0,0.0,0.0,0.0,1,598.2,608.2,13,612.0,0.0,0.0,0.0,0.0,0.0,145
2023-05-11 09:42:41,MO2312-P-7000,MO2312-P-7000,612.0,0.0,0.0,0.0,1,598.2,608.2,7,612.0,0.0,0.0,0.0,0.0,0.0,145
2023-05-11 09:42:42,MO2312-P-7000,MO2312-P-7000,612.0,0.0,0.0,0.0,1,598.2,608.2,1,612.0,0.0,0.0,0.0,0.0,0.0,145
2023-05-11 09:42:44,MO2312-P-7000,MO2312-P-7000,612.0,0.0,0.0,0.0,1,598.4,608.2,7,612.0,0.0,0.0,0.0,0.0,0.0,145
2023-05-11 09:42:45,MO2312-P-7000,MO2312-P-7000,612.0,0.0,0.0,0.0,1,598.4,608.2,8,612.0,0.0,0.0,0.0,0.0,0.0,145
2023-05-11 09:42:46,MO2312-P-7000,MO2312-P-7000,612.0,0.0,0.0,0.0,1,598.4,608.0,1,612.0,0.0,0.0,0.0,0.0,0.0,145
2023-05-11 09:42:46,MO2312-P-7000,MO2312-P-7000,612.0,0.0,0.0,0.0,1,598.4,607.4,1,612.0,0.0,0.0,0.0,0.0,0.0,145
2023-05-11 09:42:54,MO2312-P-7000,MO2312-P-7000,612.0,0.0,0.0,0.0,1,598.6,607.4,1,612.0,0.0,0.0,0.0,0.0,0.0,145
2023-05-11 09:42:57,MO2312-P-7000,MO2312-P-7000,612.0,0.0,0.0,0.0,1,598.6,607.6,27,612.0,0.0,0.0,0.0,0.0,0.0,145
2023-05-11 09:42:57,MO2312-P-7000,MO2312-P-7000,612.0,0.0,0.0,0.0,1,598.6,607.6,13,612.0,0.0,0.0,0.0,0.0,0.0,145
2023-05-11 09:42:58,MO2312-P-7000,MO2312-P-7000,612.0,0.0,0.0,0.0,1,598.6,607.6,7,612.0,0.0,0.0,0.0,0.0,0.0,145
2023-05-11 09:42:58,MO2312-P-7000,MO2312-P-7000,612.0,0.0,0.0,0.0,1,598.6,607.8,27,612.0,0.0,0.0,0.0,0.0,0.0,145
2023-05-11 09:42:59,MO2312-P-7000,MO2312-P-7000,612.0,0.0,0.0,0.0,1,598.6,607.8,13,612.0,0.0,0.0,0.0,0.0,0.0,145
2023-05-11 09:42:59,MO2312-P-7000,MO2312-P-7000,612.0,0.0,0.0,0.0,1,598.6,607.8,7,612.0,0.0,0.0,0.0,0.0,0.0,145
2023-05-11 09:43:00,MO2312-P-7000,MO2312-P-7000,612.0,0.0,0.0,0.0,1,598.6,607.8,1,612.0,0.0,0.0,0.0,0.0,0.0,145
2023-05-11 09:43:01,MO2312-P-7000,MO2312-P-7000,612.0,0.0,0.0,0.0,1,598.6,608.0,33,612.0,0.0,0.0,0.0,0.0,0.0,145
2023-05-11 09:43:02,MO2312-P-7000,MO2312-P-7000,612.0,0.0,0.0,0.0,1,598.6,607.8,1,612.0,0.0,0.0,0.0,0.0,0.0,145
2023-05-11 09:43:04,MO2312-P-7000,MO2312-P-7000,612.0,0.0,0.0,0.0,1,598.8,607.8,1,612.0,0.0,0.0,0.0,0.0,0.0,145
2023-05-11 09:43:07,MO2312-P-7000,MO2312-P-7000,612.0,0.0,0.0,0.0,1,598.8,607.6,6,612.0,0.0,0.0,0.0,0.0,0.0,145
2023-05-11 09:43:07,MO2312-P-7000,MO2312-P-7000,612.0,0.0,0.0,0.0,1,598.8,607.0,1,612.0,0.0,0.0,0.0,0.0,0.0,145
2023-05-11 09:43:09,MO2312-P-7000,MO2312-P-7000,612.0,0.0,0.0,0.0,1,598.8,607.2,21,612.0,0.0,0.0,0.0,0.0,0.0,145
2023-05-11 09:43:09,MO2312-P-7000,MO2312-P-7000,612.0,0.0,0.0,0.0,1,598.8,607.2,6,612.0,0.0,0.0,0.0,0.0,0.0,145
2023-05-11 09:43:10,MO2312-P-7000,MO2312-P-7000,612.0,0.0,0.0,0.0,1,598.8,607.4,21,612.0,0.0,0.0,0.0,0.0,0.0,145
2023-05-11 09:43:10,MO2312-P-7000,MO2312-P-7000,612.0,0.0,0.0,0.0,1,598.8,607.4,6,612.0,0.0,0.0,0.0,0.0,0.0,145
2023-05-11 09:43:11,MO2312-P-7000,MO2312-P-7000,612.0,0.0,0.0,0.0,1,598.8,607.6,27,612.0,0.0,0.0,0.0,0.0,0.0,145
2023-05-11 09:43:11,MO2312-P-7000,MO2312-P-7000,612.0,0.0,0.0,0.0,1,598.8,607.6,6,612.0,0.0,0.0,0.0,0.0,0.0,145
2023-05-11 09:43:12,MO2312-P-7000,MO2312-P-7000,612.0,0.0,0.0,0.0,1,598.8,607.8,27,612.0,0.0,0.0,0.0,0.0,0.0,145
2023-05-11 09:43:12,MO2312-P-7000,MO2312-P-7000,612.0,0.0,0.0,0.0,1,598.8,607.8,7,612.0,0.0,0.0,0.0,0.0,0.0,145
2023-05-11 09:43:13,MO2312-P-7000,MO2312-P-7000,612.0,0.0,0.0,0.0,1,598.8,607.8,1,612.0,0.0,0.0,0.0,0.0,0.0,145
2023-05-11 09:43:13,MO2312-P-7000,MO2312-P-7000,612.0,0.0,0.0,0.0,1,598.8,608.0,33,612.0,0.0,0.0,0.0,0.0,0.0,145
2023-05-11 09:43:14,MO2312-P-7000,MO2312-P-7000,612.0,0.0,0.0,0.0,1,599.0,608.0,18,612.0,0.0,0.0,0.0,0.0,0.0,145
2023-05-11 09:43:14,MO2312-P-7000,MO2312-P-7000,612.0,0.0,0.0,0.0,1,599.0,608.0,12,612.0,0.0,0.0,0.0,0.0,0.0,145
2023-05-11 09:43:15,MO2312-P-7000,MO2312-P-7000,612.0,0.0,0.0,0.0,1,599.0,608.0,6,612.0,0.0,0.0,0.0,0.0,0.0,145
2023-05-11 09:43:17,MO2312-P-7000,MO2312-P-7000,612.0,0.0,0.0,0.0,1,599.0,608.0,7,612.0,0.0,0.0,0.0,0.0,0.0,145
2023-05-11 09:43:21,MO2312-P-7000,MO2312-P-7000,612.0,0.0,0.0,0.0,1,599.0,608.0,6,612.0,0.0,0.0,0.0,0.0,0.0,145
2023-05-11 09:43:24,MO2312-P-7000,MO2312-P-7000,612.0,0.0,0.0,0.0,1,599.2,608.0,6,612.0,0.0,0.0,0.0,0.0,0.0,145
2023-05-11 09:43:24,MO2312-P-7000,MO2312-P-7000,612.0,0.0,0.0,0.0,7,599.2,608.0,6,612.0,0.0,0.0,0.0,0.0,0.0,145
2023-05-11 09:43:25,MO2312-P-7000,MO2312-P-7000,612.0,0.0,0.0,0.0,7,599.2,608.0,7,612.0,0.0,0.0,0.0,0.0,0.0,145
2023-05-11 09:43:25,MO2312-P-7000,MO2312-P-7000,612.0,0.0,0.0,0.0,7,599.2,608.0,6,612.0,0.0,0.0,0.0,0.0,0.0,145
2023-05-11 09:43:27,MO2312-P-7000,MO2312-P-7000,612.0,0.0,0.0,0.0,7,599.2,608.0,7,612.0,0.0,0.0,0.0,0.0,0.0,145
2023-05-11 09:43:27,MO2312-P-7000,MO2312-P-7000,612.0,0.0,0.0,0.0,7,599.2,608.0,6,612.0,0.0,0.0,0.0,0.0,0.0,145
2023-05-11 09:43:29,MO2312-P-7000,MO2312-P-7000,612.0,0.0,0.0,0.0,7,599.2,608.0,7,612.0,0.0,0.0,0.0,0.0,0.0,145
2023-05-11 09:43:30,MO2312-P-7000,MO2312-P-7000,612.0,0.0,0.0,0.0,7,599.2,608.0,6,612.0,0.0,0.0,0.0,0.0,0.0,145
2023-05-11 09:43:34,MO2312-P-7000,MO2312-P-7000,612.0,0.0,0.0,0.0,1,599.4,608.0,6,612.0,0.0,0.0,0.0,0.0,0.0,145
2023-05-11 09:43:36,MO2312-P-7000,MO2312-P-7000,612.0,0.0,0.0,0.0,1,599.4,608.2,27,612.0,0.0,0.0,0.0,0.0,0.0,145
2023-05-11 09:43:37,MO2312-P-7000,MO2312-P-7000,612.0,0.0,0.0,0.0,1,599.4,608.2,12,612.0,0.0,0.0,0.0,0.0,0.0,145
2023-05-11 09:43:37,MO2312-P-7000,MO2312-P-7000,612.0,0.0,0.0,0.0,1,599.4,608.4,33,612.0,0.0,0.0,0.0,0.0,0.0,145
2023-05-11 09:43:38,MO2312-P-7000,MO2312-P-7000,612.0,0.0,0.0,0.0,1,599.4,608.4,12,612.0,0.0,0.0,0.0,0.0,0.0,145
2023-05-11 09:43:38,MO2312-P-7000,MO2312-P-7000,612.0,0.0,0.0,0.0,1,599.4,608.6,27,612.0,0.0,0.0,0.0,0.0,0.0,145
2023-05-11 09:43:39,MO2312-P-7000,MO2312-P-7000,612.0,0.0,0.0,0.0,1,599.4,608.6,12,612.0,0.0,0.0,0.0,0.0,0.0,145
2023-05-11 09:43:39,MO2312-P-7000,MO2312-P-7000,612.0,0.0,0.0,0.0,1,599.4,608.8,33,612.0,0.0,0.0,0.0,0.0,0.0,145
2023-05-11 09:43:40,MO2312-P-7000,MO2312-P-7000,612.0,0.0,0.0,0.0,1,599.4,608.8,18,612.0,0.0,0.0,0.0,0.0,0.0,145
2023-05-11 09:43:40,MO2312-P-7000,MO2312-P-7000,612.0,0.0,0.0,0.0,1,599.4,608.8,12,612.0,0.0,0.0,0.0,0.0,0.0,145
2023-05-11 09:43:41,MO2312-P-7000,MO2312-P-7000,612.0,0.0,0.0,0.0,1,599.4,608.8,7,612.0,0.0,0.0,0.0,0.0,0.0,145
2023-05-11 09:43:41,MO2312-P-7000,MO2312-P-7000,612.0,0.0,0.0,0.0,1,599.4,608.8,6,612.0,0.0,0.0,0.0,0.0,0.0,145
2023-05-11 09:43:43,MO2312-P-7000,MO2312-P-7000,612.0,0.0,0.0,0.0,1,599.4,608.8,7,612.0,0.0,0.0,0.0,0.0,0.0,145
2023-05-11 09:43:43,MO2312-P-7000,MO2312-P-7000,612.0,0.0,0.0,0.0,1,599.4,608.8,6,612.0,0.0,0.0,0.0,0.0,0.0,145
2023-05-11 09:43:44,MO2312-P-7000,MO2312-P-7000,612.0,0.0,0.0,0.0,1,599.6,608.6,1,612.0,0.0,0.0,0.0,0.0,0.0,145
2023-05-11 09:43:48,MO2312-P-7000,MO2312-P-7000,612.0,0.0,0.0,0.0,1,599.6,608.4,6,612.0,0.0,0.0,0.0,0.0,0.0,145
2023-05-11 09:43:49,MO2312-P-7000,MO2312-P-7000,612.0,0.0,0.0,0.0,1,599.6,608.0,1,612.0,0.0,0.0,0.0,0.0,0.0,145
2023-05-11 09:43:50,MO2312-P-7000,MO2312-P-7000,612.0,0.0,0.0,0.0,1,599.6,608.2,21,612.0,0.0,0.0,0.0,0.0,0.0,145
2023-05-11 09:43:51,MO2312-P-7000,MO2312-P-7000,612.0,0.0,0.0,0.0,1,599.6,608.2,7,612.0,0.0,0.0,0.0,0.0,0.0,145
2023-05-11 09:43:51,MO2312-P-7000,MO2312-P-7000,612.0,0.0,0.0,0.0,1,599.6,608.2,1,612.0,0.0,0.0,0.0,0.0,0.0,145
2023-05-11 09:43:54,MO2312-P-7000,MO2312-P-7000,612.0,0.0,0.0,0.0,1,599.8,608.2,1,612.0,0.0,0.0,0.0,0.0,0.0,145
2023-05-11 09:43:55,MO2312-P-7000,MO2312-P-7000,612.0,0.0,0.0,0.0,1,599.8,608.4,34,612.0,0.0,0.0,0.0,0.0,0.0,145
2023-05-11 09:43:55,MO2312-P-7000,MO2312-P-7000,612.0,0.0,0.0,0.0,1,599.8,608.4,19,612.0,0.0,0.0,0.0,0.0,0.0,145
2023-05-11 09:43:56,MO2312-P-7000,MO2312-P-7000,612.0,0.0,0.0,0.0,7,599.8,608.4,13,612.0,0.0,0.0,0.0,0.0,0.0,145
2023-05-11 09:43:57,MO2312-P-7000,MO2312-P-7000,612.0,0.0,0.0,0.0,7,599.8,608.4,12,612.0,0.0,0.0,0.0,0.0,0.0,145
2023-05-11 09:43:58,MO2312-P-7000,MO2312-P-7000,612.0,0.0,0.0,0.0,7,599.8,608.4,6,612.0,0.0,0.0,0.0,0.0,0.0,145
2023-05-11 09:44:04,MO2312-P-7000,MO2312-P-7000,612.0,0.0,0.0,0.0,1,600.0,608.4,6,612.0,0.0,0.0,0.0,0.0,0.0,145
2023-05-11 09:44:09,MO2312-P-7000,MO2312-P-7000,612.0,0.0,0.0,0.0,1,600.0,608.4,7,612.0,0.0,0.0,0.0,0.0,0.0,145
2023-05-11 09:44:11,MO2312-P-7000,MO2312-P-7000,612.0,0.0,0.0,0.0,1,600.0,608.4,9,612.0,0.0,0.0,0.0,0.0,0.0,145
2023-05-11 09:44:13,MO2312-P-7000,MO2312-P-7000,612.0,0.0,0.0,0.0,1,600.0,608.4,8,612.0,0.0,0.0,0.0,0.0,0.0,145
2023-05-11 09:44:14,MO2312-P-7000,MO2312-P-7000,612.0,0.0,0.0,0.0,1,600.2,608.4,8,612.0,0.0,0.0,0.0,0.0,0.0,145
2023-05-11 09:44:19,MO2312-P-7000,MO2312-P-7000,612.0,0.0,0.0,0.0,1,600.2,608.2,1,612.0,0.0,0.0,0.0,0.0,0.0,145
2023-05-11 09:44:20,MO2312-P-7000,MO2312-P-7000,612.0,0.0,0.0,0.0,1,600.2,608.4,23,612.0,0.0,0.0,0.0,0.0,0.0,145
2023-05-11 09:44:21,MO2312-P-7000,MO2312-P-7000,612.0,0.0,0.0,0.0,1,600.2,608.4,9,612.0,0.0,0.0,0.0,0.0,0.0,145
2023-05-11 09:44:22,MO2312-P-7000,MO2312-P-7000,612.0,0.0,0.0,0.0,1,600.2,608.4,8,612.0,0.0,0.0,0.0,0.0,0.0,145
2023-05-11 09:44:22,MO2312-P-7000,MO2312-P-7000,612.0,0.0,0.0,0.0,1,600.2,608.4,9,612.0,0.0,0.0,0.0,0.0,0.0,145
2023-05-11 09:44:23,MO2312-P-7000,MO2312-P-7000,612.0,0.0,0.0,0.0,1,600.2,608.4,10,612.0,0.0,0.0,0.0,0.0,0.0,145
2023-05-11 09:44:23,MO2312-P-7000,MO2312-P-7000,612.0,0.0,0.0,0.0,1,600.2,608.4,9,612.0,0.0,0.0,0.0,0.0,0.0,145
2023-05-11 09:44:24,MO2312-P-7000,MO2312-P-7000,612.0,0.0,0.0,0.0,1,600.4,608.4,9,612.0,0.0,0.0,0.0,0.0,0.0,145
2023-05-11 09:44:27,MO2312-P-7000,MO2312-P-7000,612.0,0.0,0.0,0.0,1,600.4,608.4,8,612.0,0.0,0.0,0.0,0.0,0.0,145
2023-05-11 09:44:29,MO2312-P-7000,MO2312-P-7000,612.0,0.0,0.0,0.0,1,600.4,608.4,2,612.0,0.0,0.0,0.0,0.0,0.0,145
2023-05-11 09:44:31,MO2312-P-7000,MO2312-P-7000,612.0,0.0,0.0,0.0,1,600.4,608.6,34,612.0,0.0,0.0,0.0,0.0,0.0,145
2023-05-11 09:44:31,MO2312-P-7000,MO2312-P-7000,612.0,0.0,0.0,0.0,1,600.4,608.6,19,612.0,0.0,0.0,0.0,0.0,0.0,145
2023-05-11 09:44:32,MO2312-P-7000,MO2312-P-7000,612.0,0.0,0.0,0.0,1,600.4,608.6,13,612.0,0.0,0.0,0.0,0.0,0.0,145
2023-05-11 09:44:32,MO2312-P-7000,MO2312-P-7000,612.0,0.0,0.0,0.0,1,600.4,608.6,12,612.0,0.0,0.0,0.0,0.0,0.0,145
2023-05-11 09:44:33,MO2312-P-7000,MO2312-P-7000,612.0,0.0,0.0,0.0,1,600.4,608.6,6,612.0,0.0,0.0,0.0,0.0,0.0,145
2023-05-11 09:44:34,MO2312-P-7000,MO2312-P-7000,612.0,0.0,0.0,0.0,1,600.6,608.6,6,612.0,0.0,0.0,0.0,0.0,0.0,145
2023-05-11 09:44:44,MO2312-P-7000,MO2312-P-7000,612.0,0.0,0.0,0.0,1,600.8,608.6,6,612.0,0.0,0.0,0.0,0.0,0.0,145
2023-05-11 09:44:54,MO2312-P-7000,MO2312-P-7000,612.0,0.0,0.0,0.0,1,601.0,608.6,6,612.0,0.0,0.0,0.0,0.0,0.0,145
2023-05-11 09:44:55,MO2312-P-7000,MO2312-P-7000,612.0,0.0,0.0,0.0,1,601.0,608.8,27,612.0,0.0,0.0,0.0,0.0,0.0,145
2023-05-11 09:44:56,MO2312-P-7000,MO2312-P-7000,612.0,0.0,0.0,0.0,1,601.0,608.8,12,612.0,0.0,0.0,0.0,0.0,0.0,145
2023-05-11 09:44:56,MO2312-P-7000,MO2312-P-7000,612.0,0.0,0.0,0.0,1,601.0,609.0,27,612.0,0.0,0.0,0.0,0.0,0.0,145
2023-05-11 09:44:57,MO2312-P-7000,MO2312-P-7000,612.0,0.0,0.0,0.0,1,601.0,609.0,6,612.0,0.0,0.0,0.0,0.0,0.0,145
2023-05-11 09:44:57,MO2312-P-7000,MO2312-P-7000,612.0,0.0,0.0,0.0,1,601.0,609.2,27,612.0,0.0,0.0,0.0,0.0,0.0,145
2023-05-11 09:44:58,MO2312-P-7000,MO2312-P-7000,612.0,0.0,0.0,0.0,1,601.0,609.2,12,612.0,0.0,0.0,0.0,0.0,0.0,145
2023-05-11 09:44:58,MO2312-P-7000,MO2312-P-7000,612.0,0.0,0.0,0.0,1,601.0,609.4,45,612.0,0.0,0.0,0.0,0.0,0.0,145
2023-05-11 09:44:59,MO2312-P-7000,MO2312-P-7000,612.0,0.0,0.0,0.0,1,601.0,609.4,12,612.0,0.0,0.0,0.0,0.0,0.0,145
2023-05-11 09:44:59,MO2312-P-7000,MO2312-P-7000,612.0,0.0,0.0,0.0,1,601.0,609.6,21,612.0,0.0,0.0,0.0,0.0,0.0,145
2023-05-11 09:45:00,MO2312-P-7000,MO2312-P-7000,612.0,0.0,0.0,0.0,1,601.0,609.6,6,612.0,0.0,0.0,0.0,0.0,0.0,145
2023-05-11 09:45:00,MO2312-P-7000,MO2312-P-7000,612.0,0.0,0.0,0.0,1,601.0,609.8,21,612.0,0.0,0.0,0.0,0.0,0.0,145
2023-05-11 09:45:01,MO2312-P-7000,MO2312-P-7000,612.0,0.0,0.0,0.0,1,601.0,610.0,15,612.0,0.0,0.0,0.0,0.0,0.0,145
2023-05-11 09:45:01,MO2312-P-7000,MO2312-P-7000,612.0,0.0,0.0,0.0,1,601.0,610.2,18,612.0,0.0,0.0,0.0,0.0,0.0,145
2023-05-11 09:45:02,MO2312-P-7000,MO2312-P-7000,612.0,0.0,0.0,0.0,1,601.0,610.2,6,612.0,0.0,0.0,0.0,0.0,0.0,145
2023-05-11 09:45:02,MO2312-P-7000,MO2312-P-7000,612.0,0.0,0.0,0.0,1,601.0,611.2,42,612.0,0.0,0.0,0.0,0.0,0.0,145
2023-05-11 09:45:03,MO2312-P-7000,MO2312-P-7000,612.0,0.0,0.0,0.0,1,601.0,610.8,1,612.0,0.0,0.0,0.0,0.0,0.0,145
2023-05-11 09:45:03,MO2312-P-7000,MO2312-P-7000,612.0,0.0,0.0,0.0,1,601.0,611.2,12,612.0,0.0,0.0,0.0,0.0,0.0,145
2023-05-11 09:45:04,MO2312-P-7000,MO2312-P-7000,612.0,0.0,0.0,0.0,1,601.2,611.0,1,612.0,0.0,0.0,0.0,0.0,0.0,145
2023-05-11 09:45:04,MO2312-P-7000,MO2312-P-7000,612.0,0.0,0.0,0.0,1,601.2,611.4,39,612.0,0.0,0.0,0.0,0.0,0.0,145
2023-05-11 09:45:05,MO2312-P-7000,MO2312-P-7000,612.0,0.0,0.0,0.0,1,601.2,611.4,19,612.0,0.0,0.0,0.0,0.0,0.0,145
2023-05-11 09:45:05,MO2312-P-7000,MO2312-P-7000,612.0,0.0,0.0,0.0,1,601.2,611.4,13,612.0,0.0,0.0,0.0,0.0,0.0,145
2023-05-11 09:45:06,MO2312-P-7000,MO2312-P-7000,612.0,0.0,0.0,0.0,6,601.4,611.4,6,612.0,0.0,0.0,0.0,0.0,0.0,145
2023-05-11 09:45:06,MO2312-P-7000,MO2312-P-7000,612.0,0.0,0.0,0.0,6,601.6,611.6,27,612.0,0.0,0.0,0.0,0.0,0.0,145
2023-05-11 09:45:07,MO2312-P-7000,MO2312-P-7000,612.0,0.0,0.0,0.0,6,601.6,611.6,6,612.0,0.0,0.0,0.0,0.0,0.0,145
2023-05-11 09:45:07,MO2312-P-7000,MO2312-P-7000,612.0,0.0,0.0,0.0,6,601.6,611.8,27,612.0,0.0,0.0,0.0,0.0,0.0,145
2023-05-11 09:45:08,MO2312-P-7000,MO2312-P-7000,612.0,0.0,0.0,0.0,6,601.6,612.0,28,612.0,0.0,0.0,0.0,0.0,0.0,145
2023-05-11 09:45:08,MO2312-P-7000,MO2312-P-7000,612.0,0.0,0.0,0.0,6,601.6,612.0,6,612.0,0.0,0.0,0.0,0.0,0.0,145
2023-05-11 09:45:09,MO2312-P-7000,MO2312-P-7000,612.0,0.0,0.0,0.0,6,601.6,612.2,27,612.0,0.0,0.0,0.0,0.0,0.0,145
2023-05-11 09:45:09,MO2312-P-7000,MO2312-P-7000,612.0,0.0,0.0,0.0,6,601.6,612.2,6,612.0,0.0,0.0,0.0,0.0,0.0,145
2023-05-11 09:45:10,MO2312-P-7000,MO2312-P-7000,612.0,0.0,0.0,0.0,6,601.6,612.4,6,612.0,0.0,0.0,0.0,0.0,0.0,145
2023-05-11 09:45:10,MO2312-P-7000,MO2312-P-7000,612.0,0.0,0.0,0.0,6,601.6,612.8,18,612.0,0.0,0.0,0.0,0.0,0.0,145
2023-05-11 09:45:11,MO2312-P-7000,MO2312-P-7000,612.0,0.0,0.0,0.0,6,601.6,612.8,7,612.0,0.0,0.0,0.0,0.0,0.0,145
2023-05-11 09:45:11,MO2312-P-7000,MO2312-P-7000,612.0,0.0,0.0,0.0,6,601.6,612.8,1,612.0,0.0,0.0,0.0,0.0,0.0,145
2023-05-11 09:45:12,MO2312-P-7000,MO2312-P-7000,612.0,0.0,0.0,0.0,6,601.8,612.8,1,612.0,0.0,0.0,0.0,0.0,0.0,145
2023-05-11 09:45:16,MO2312-P-7000,MO2312-P-7000,612.0,0.0,0.0,0.0,6,601.8,612.8,2,612.0,0.0,0.0,0.0,0.0,0.0,145
2023-05-11 09:45:21,MO2312-P-7000,MO2312-P-7000,612.0,0.0,0.0,0.0,27,601.6,612.8,2,612.0,0.0,0.0,0.0,0.0,0.0,145
2023-05-11 09:45:22,MO2312-P-7000,MO2312-P-7000,612.0,0.0,0.0,0.0,6,601.8,612.8,2,612.0,0.0,0.0,0.0,0.0,0.0,145
2023-05-11 09:45:24,MO2312-P-7000,MO2312-P-7000,612.0,0.0,0.0,0.0,7,601.8,612.8,2,612.0,0.0,0.0,0.0,0.0,0.0,145
2023-05-11 09:45:24,MO2312-P-7000,MO2312-P-7000,612.0,0.0,0.0,0.0,7,601.8,612.8,1,612.0,0.0,0.0,0.0,0.0,0.0,145
2023-05-11 09:45:25,MO2312-P-7000,MO2312-P-7000,612.0,0.0,0.0,0.0,7,601.8,612.6,1,612.0,0.0,0.0,0.0,0.0,0.0,145
2023-05-11 09:45:28,MO2312-P-7000,MO2312-P-7000,612.0,0.0,0.0,0.0,7,601.8,612.8,1,612.0,0.0,0.0,0.0,0.0,0.0,145
2023-05-11 09:45:28,MO2312-P-7000,MO2312-P-7000,612.0,0.0,0.0,0.0,7,601.8,612.8,2,612.0,0.0,0.0,0.0,0.0,0.0,145
2023-05-11 09:45:34,MO2312-P-7000,MO2312-P-7000,612.0,0.0,0.0,0.0,1,602.0,612.8,2,612.0,0.0,0.0,0.0,0.0,0.0,145
2023-05-11 09:45:36,MO2312-P-7000,MO2312-P-7000,612.0,0.0,0.0,0.0,1,602.0,612.6,1,612.0,0.0,0.0,0.0,0.0,0.0,145
2023-05-11 09:45:36,MO2312-P-7000,MO2312-P-7000,612.0,0.0,0.0,0.0,1,602.0,612.2,1,612.0,0.0,0.0,0.0,0.0,0.0,145
2023-05-11 09:45:39,MO2312-P-7000,MO2312-P-7000,612.0,0.0,0.0,0.0,1,602.0,612.0,6,612.0,0.0,0.0,0.0,0.0,0.0,145
2023-05-11 09:45:39,MO2312-P-7000,MO2312-P-7000,612.0,0.0,0.0,0.0,1,602.0,612.0,7,612.0,0.0,0.0,0.0,0.0,0.0,145
2023-05-11 09:45:40,MO2312-P-7000,MO2312-P-7000,612.0,0.0,0.0,0.0,1,602.0,612.0,6,612.0,0.0,0.0,0.0,0.0,0.0,145
2023-05-11 09:45:42,MO2312-P-7000,MO2312-P-7000,612.0,0.0,0.0,0.0,1,602.0,612.2,15,612.0,0.0,0.0,0.0,0.0,0.0,145
2023-05-11 09:45:42,MO2312-P-7000,MO2312-P-7000,612.0,0.0,0.0,0.0,1,602.0,612.4,6,612.0,0.0,0.0,0.0,0.0,0.0,145
2023-05-11 09:45:43,MO2312-P-7000,MO2312-P-7000,612.0,0.0,0.0,0.0,1,602.0,612.4,1,612.0,0.0,0.0,0.0,0.0,0.0,145
2023-05-11 09:45:44,MO2312-P-7000,MO2312-P-7000,612.0,0.0,0.0,0.0,1,602.2,612.4,1,612.0,0.0,0.0,0.0,0.0,0.0,145
2023-05-11 09:45:45,MO2312-P-7000,MO2312-P-7000,612.0,0.0,0.0,0.0,1,602.2,612.6,28,612.0,0.0,0.0,0.0,0.0,0.0,145
2023-05-11 09:45:45,MO2312-P-7000,MO2312-P-7000,612.0,0.0,0.0,0.0,1,602.2,612.6,8,612.0,0.0,0.0,0.0,0.0,0.0,145
2023-05-11 09:45:46,MO2312-P-7000,MO2312-P-7000,612.0,0.0,0.0,0.0,1,602.2,612.6,1,612.0,0.0,0.0,0.0,0.0,0.0,145
2023-05-11 09:45:46,MO2312-P-7000,MO2312-P-7000,612.0,0.0,0.0,0.0,1,602.2,612.8,34,612.0,0.0,0.0,0.0,0.0,0.0,145
2023-05-11 09:45:47,MO2312-P-7000,MO2312-P-7000,612.0,0.0,0.0,0.0,1,602.2,612.8,14,612.0,0.0,0.0,0.0,0.0,0.0,145
2023-05-11 09:45:49,MO2312-P-7000,MO2312-P-7000,612.0,0.0,0.0,0.0,1,602.2,612.8,7,612.0,0.0,0.0,0.0,0.0,0.0,145
2023-05-11 09:45:50,MO2312-P-7000,MO2312-P-7000,612.0,0.0,0.0,0.0,1,602.2,612.8,1,612.0,0.0,0.0,0.0,0.0,0.0,145
2023-05-11 09:45:52,MO2312-P-7000,MO2312-P-7000,612.0,0.0,0.0,0.0,1,602.2,613.0,25,612.0,0.0,0.0,0.0,0.0,0.0,145
2023-05-11 09:45:52,MO2312-P-7000,MO2312-P-7000,612.0,0.0,0.0,0.0,1,602.2,613.0,13,612.0,0.0,0.0,0.0,0.0,0.0,145
2023-05-11 09:45:53,MO2312-P-7000,MO2312-P-7000,612.0,0.0,0.0,0.0,1,602.2,613.0,14,612.0,0.0,0.0,0.0,0.0,0.0,145
2023-05-11 09:45:53,MO2312-P-7000,MO2312-P-7000,612.0,0.0,0.0,0.0,1,602.2,613.0,13,612.0,0.0,0.0,0.0,0.0,0.0,145
2023-05-11 09:45:54,MO2312-P-7000,MO2312-P-7000,612.0,0.0,0.0,0.0,1,602.4,613.0,12,612.0,0.0,0.0,0.0,0.0,0.0,145
2023-05-11 09:45:54,MO2312-P-7000,MO2312-P-7000,612.0,0.0,0.0,0.0,1,602.4,613.8,30,612.0,0.0,0.0,0.0,0.0,0.0,145
2023-05-11 09:45:55,MO2312-P-7000,MO2312-P-7000,612.0,0.0,0.0,0.0,1,602.4,613.4,1,612.0,0.0,0.0,0.0,0.0,0.0,145
2023-05-11 09:45:55,MO2312-P-7000,MO2312-P-7000,612.0,0.0,0.0,0.0,1,602.4,613.8,12,612.0,0.0,0.0,0.0,0.0,0.0,145
2023-05-11 09:45:56,MO2312-P-7000,MO2312-P-7000,612.0,0.0,0.0,0.0,13,602.4,614.0,7,612.0,0.0,0.0,0.0,0.0,0.0,145
2023-05-11 09:45:56,MO2312-P-7000,MO2312-P-7000,612.0,0.0,0.0,0.0,13,602.4,614.0,1,612.0,0.0,0.0,0.0,0.0,0.0,145
2023-05-11 09:45:57,MO2312-P-7000,MO2312-P-7000,612.0,0.0,0.0,0.0,13,602.4,613.8,1,612.0,0.0,0.0,0.0,0.0,0.0,145
2023-05-11 09:46:04,MO2312-P-7000,MO2312-P-7000,612.0,0.0,0.0,0.0,1,602.6,614.2,13,612.0,0.0,0.0,0.0,0.0,0.0,145
2023-05-11 09:46:04,MO2312-P-7000,MO2312-P-7000,612.0,0.0,0.0,0.0,1,602.6,614.2,7,612.0,0.0,0.0,0.0,0.0,0.0,145
2023-05-11 09:46:05,MO2312-P-7000,MO2312-P-7000,612.0,0.0,0.0,0.0,1,602.6,614.2,1,612.0,0.0,0.0,0.0,0.0,0.0,145
2023-05-11 09:46:05,MO2312-P-7000,MO2312-P-7000,612.0,0.0,0.0,0.0,6,602.8,614.2,1,612.0,0.0,0.0,0.0,0.0,0.0,145
2023-05-11 09:46:07,MO2312-P-7000,MO2312-P-7000,612.0,0.0,0.0,0.0,6,602.8,614.2,2,612.0,0.0,0.0,0.0,0.0,0.0,145
2023-05-11 09:46:08,MO2312-P-7000,MO2312-P-7000,612.0,0.0,0.0,0.0,6,602.8,614.2,1,612.0,0.0,0.0,0.0,0.0,0.0,145
2023-05-11 09:46:09,MO2312-P-7000,MO2312-P-7000,612.0,0.0,0.0,0.0,6,603.0,614.2,1,612.0,0.0,0.0,0.0,0.0,0.0,145
2023-05-11 09:46:09,MO2312-P-7000,MO2312-P-7000,612.0,0.0,0.0,0.0,6,603.0,613.8,1,612.0,0.0,0.0,0.0,0.0,0.0,145
2023-05-11 09:46:10,MO2312-P-7000,MO2312-P-7000,612.0,0.0,0.0,0.0,6,603.0,614.0,15,612.0,0.0,0.0,0.0,0.0,0.0,145
2023-05-11 09:46:10,MO2312-P-7000,MO2312-P-7000,612.0,0.0,0.0,0.0,6,603.0,614.0,1,612.0,0.0,0.0,0.0,0.0,0.0,145
2023-05-11 09:46:15,MO2312-P-7000,MO2312-P-7000,612.0,0.0,0.0,0.0,6,603.0,613.8,6,612.0,0.0,0.0,0.0,0.0,0.0,145
2023-05-11 09:46:15,MO2312-P-7000,MO2312-P-7000,612.0,0.0,0.0,0.0,22,602.8,613.2,1,612.0,0.0,0.0,0.0,0.0,0.0,145
2023-05-11 09:46:16,MO2312-P-7000,MO2312-P-7000,612.0,0.0,0.0,0.0,6,603.0,613.2,1,612.0,0.0,0.0,0.0,0.0,0.0,145
2023-05-11 09:46:18,MO2312-P-7000,MO2312-P-7000,612.0,0.0,0.0,0.0,6,603.0,613.6,2,612.0,0.0,0.0,0.0,0.0,0.0,145
2023-05-11 09:46:18,MO2312-P-7000,MO2312-P-7000,612.0,0.0,0.0,0.0,6,603.0,613.6,3,612.0,0.0,0.0,0.0,0.0,0.0,145
2023-05-11 09:46:19,MO2312-P-7000,MO2312-P-7000,612.0,0.0,0.0,0.0,7,603.0,613.6,3,612.0,0.0,0.0,0.0,0.0,0.0,145
2023-05-11 09:46:19,MO2312-P-7000,MO2312-P-7000,612.0,0.0,0.0,0.0,7,603.0,613.4,1,612.0,0.0,0.0,0.0,0.0,0.0,145
2023-05-11 09:46:20,MO2312-P-7000,MO2312-P-7000,612.0,0.0,0.0,0.0,7,603.0,612.8,1,612.0,0.0,0.0,0.0,0.0,0.0,145
2023-05-11 09:46:22,MO2312-P-7000,MO2312-P-7000,612.0,0.0,0.0,0.0,1,603.0,612.8,1,612.0,0.0,0.0,0.0,0.0,0.0,145
2023-05-11 09:46:22,MO2312-P-7000,MO2312-P-7000,612.0,0.0,0.0,0.0,1,603.0,612.8,2,612.0,0.0,0.0,0.0,0.0,0.0,145
2023-05-11 09:46:23,MO2312-P-7000,MO2312-P-7000,612.0,0.0,0.0,0.0,1,603.0,612.8,1,612.0,0.0,0.0,0.0,0.0,0.0,145
2023-05-11 09:46:27,MO2312-P-7000,MO2312-P-7000,612.0,0.0,0.0,0.0,1,603.0,613.0,7,612.0,0.0,0.0,0.0,0.0,0.0,145
2023-05-11 09:46:29,MO2312-P-7000,MO2312-P-7000,612.0,0.0,0.0,0.0,1,603.2,613.0,7,612.0,0.0,0.0,0.0,0.0,0.0,145
2023-05-11 09:46:31,MO2312-P-7000,MO2312-P-7000,612.0,0.0,0.0,0.0,1,603.2,613.0,6,612.0,0.0,0.0,0.0,0.0,0.0,145
2023-05-11 09:46:32,MO2312-P-7000,MO2312-P-7000,612.0,0.0,0.0,0.0,1,603.2,613.0,7,612.0,0.0,0.0,0.0,0.0,0.0,145
2023-05-11 09:46:32,MO2312-P-7000,MO2312-P-7000,612.0,0.0,0.0,0.0,1,603.2,613.0,6,612.0,0.0,0.0,0.0,0.0,0.0,145
2023-05-11 09:46:34,MO2312-P-7000,MO2312-P-7000,612.0,0.0,0.0,0.0,1,603.2,613.2,18,612.0,0.0,0.0,0.0,0.0,0.0,145
2023-05-11 09:46:34,MO2312-P-7000,MO2312-P-7000,612.0,0.0,0.0,0.0,1,603.2,613.2,12,612.0,0.0,0.0,0.0,0.0,0.0,145
2023-05-11 09:46:35,MO2312-P-7000,MO2312-P-7000,612.0,0.0,0.0,0.0,1,603.2,613.2,6,612.0,0.0,0.0,0.0,0.0,0.0,145
2023-05-11 09:46:36,MO2312-P-7000,MO2312-P-7000,612.0,0.0,0.0,0.0,1,603.2,612.8,1,612.0,0.0,0.0,0.0,0.0,0.0,145
2023-05-11 09:46:36,MO2312-P-7000,MO2312-P-7000,612.0,0.0,0.0,0.0,1,603.2,613.2,6,612.0,0.0,0.0,0.0,0.0,0.0,145
2023-05-11 09:46:37,MO2312-P-7000,MO2312-P-7000,612.0,0.0,0.0,0.0,1,603.2,613.2,7,612.0,0.0,0.0,0.0,0.0,0.0,145
2023-05-11 09:46:39,MO2312-P-7000,MO2312-P-7000,612.0,0.0,0.0,0.0,1,603.4,613.2,7,612.0,0.0,0.0,0.0,0.0,0.0,145
2023-05-11 09:46:41,MO2312-P-7000,MO2312-P-7000,612.0,0.0,0.0,0.0,1,603.4,613.2,6,612.0,0.0,0.0,0.0,0.0,0.0,145
2023-05-11 09:46:41,MO2312-P-7000,MO2312-P-7000,612.0,0.0,0.0,0.0,1,603.4,613.2,7,612.0,0.0,0.0,0.0,0.0,0.0,145
2023-05-11 09:46:43,MO2312-P-7000,MO2312-P-7000,612.0,0.0,0.0,0.0,1,603.4,613.0,6,612.0,0.0,0.0,0.0,0.0,0.0,145
2023-05-11 09:46:43,MO2312-P-7000,MO2312-P-7000,612.0,0.0,0.0,0.0,1,603.4,612.6,1,612.0,0.0,0.0,0.0,0.0,0.0,145
2023-05-11 09:46:44,MO2312-P-7000,MO2312-P-7000,612.0,0.0,0.0,0.0,1,603.4,612.8,21,612.0,0.0,0.0,0.0,0.0,0.0,145
2023-05-11 09:46:45,MO2312-P-7000,MO2312-P-7000,612.0,0.0,0.0,0.0,1,603.4,612.8,6,612.0,0.0,0.0,0.0,0.0,0.0,145
2023-05-11 09:46:45,MO2312-P-7000,MO2312-P-7000,612.0,0.0,0.0,0.0,1,603.4,613.0,40,612.0,0.0,0.0,0.0,0.0,0.0,145
2023-05-11 09:46:46,MO2312-P-7000,MO2312-P-7000,612.0,0.0,0.0,0.0,1,603.4,613.0,19,612.0,0.0,0.0,0.0,0.0,0.0,145
2023-05-11 09:46:49,MO2312-P-7000,MO2312-P-7000,612.0,0.0,0.0,0.0,1,603.6,613.0,20,612.0,0.0,0.0,0.0,0.0,0.0,145
2023-05-11 09:46:50,MO2312-P-7000,MO2312-P-7000,612.0,0.0,0.0,0.0,1,603.6,613.0,19,612.0,0.0,0.0,0.0,0.0,0.0,145
2023-05-11 09:46:51,MO2312-P-7000,MO2312-P-7000,612.0,0.0,0.0,0.0,1,603.6,613.0,13,612.0,0.0,0.0,0.0,0.0,0.0,145
2023-05-11 09:46:55,MO2312-P-7000,MO2312-P-7000,612.0,0.0,0.0,0.0,1,603.6,613.0,7,612.0,0.0,0.0,0.0,0.0,0.0,145
2023-05-11 09:46:55,MO2312-P-7000,MO2312-P-7000,612.0,0.0,0.0,0.0,1,603.6,613.0,6,612.0,0.0,0.0,0.0,0.0,0.0,145
2023-05-11 09:46:59,MO2312-P-7000,MO2312-P-7000,612.0,0.0,0.0,0.0,1,603.8,613.0,6,612.0,0.0,0.0,0.0,0.0,0.0,145
2023-05-11 09:47:00,MO2312-P-7000,MO2312-P-7000,612.0,0.0,0.0,0.0,1,603.8,612.8,1,612.0,0.0,0.0,0.0,0.0,0.0,145
2023-05-11 09:47:01,MO2312-P-7000,MO2312-P-7000,612.0,0.0,0.0,0.0,1,603.8,613.0,21,612.0,0.0,0.0,0.0,0.0,0.0,145
2023-05-11 09:47:01,MO2312-P-7000,MO2312-P-7000,612.0,0.0,0.0,0.0,1,603.8,613.0,6,612.0,0.0,0.0,0.0,0.0,0.0,145
2023-05-11 09:47:02,MO2312-P-7000,MO2312-P-7000,612.0,0.0,0.0,0.0,1,603.8,612.4,1,612.0,0.0,0.0,0.0,0.0,0.0,145
2023-05-11 09:47:03,MO2312-P-7000,MO2312-P-7000,612.0,0.0,0.0,0.0,1,603.8,613.0,21,612.0,0.0,0.0,0.0,0.0,0.0,145
2023-05-11 09:47:03,MO2312-P-7000,MO2312-P-7000,612.0,0.0,0.0,0.0,1,603.8,613.0,6,612.0,0.0,0.0,0.0,0.0,0.0,145
2023-05-11 09:47:09,MO2312-P-7000,MO2312-P-7000,612.0,0.0,0.0,0.0,1,604.0,613.0,6,612.0,0.0,0.0,0.0,0.0,0.0,145
2023-05-11 09:47:10,MO2312-P-7000,MO2312-P-7000,612.0,0.0,0.0,0.0,1,604.0,613.2,15,612.0,0.0,0.0,0.0,0.0,0.0,145
2023-05-11 09:47:11,MO2312-P-7000,MO2312-P-7000,612.0,0.0,0.0,0.0,1,604.0,613.4,6,612.0,0.0,0.0,0.0,0.0,0.0,145
2023-05-11 09:47:11,MO2312-P-7000,MO2312-P-7000,612.0,0.0,0.0,0.0,1,604.0,613.6,27,612.0,0.0,0.0,0.0,0.0,0.0,145
2023-05-11 09:47:12,MO2312-P-7000,MO2312-P-7000,612.0,0.0,0.0,0.0,1,604.0,613.6,6,612.0,0.0,0.0,0.0,0.0,0.0,145
2023-05-11 09:47:12,MO2312-P-7000,MO2312-P-7000,612.0,0.0,0.0,0.0,1,604.0,613.8,27,612.0,0.0,0.0,0.0,0.0,0.0,145
2023-05-11 09:47:13,MO2312-P-7000,MO2312-P-7000,612.0,0.0,0.0,0.0,1,604.0,613.8,6,612.0,0.0,0.0,0.0,0.0,0.0,145
2023-05-11 09:47:13,MO2312-P-7000,MO2312-P-7000,612.0,0.0,0.0,0.0,1,604.0,614.0,21,612.0,0.0,0.0,0.0,0.0,0.0,145
2023-05-11 09:47:14,MO2312-P-7000,MO2312-P-7000,612.0,0.0,0.0,0.0,1,604.0,614.0,6,612.0,0.0,0.0,0.0,0.0,0.0,145
2023-05-11 09:47:14,MO2312-P-7000,MO2312-P-7000,612.0,0.0,0.0,0.0,1,604.0,614.2,27,612.0,0.0,0.0,0.0,0.0,0.0,145
2023-05-11 09:47:15,MO2312-P-7000,MO2312-P-7000,612.0,0.0,0.0,0.0,1,604.0,614.2,13,612.0,0.0,0.0,0.0,0.0,0.0,145
2023-05-11 09:47:15,MO2312-P-7000,MO2312-P-7000,612.0,0.0,0.0,0.0,1,604.0,614.2,12,612.0,0.0,0.0,0.0,0.0,0.0,145
2023-05-11 09:47:16,MO2312-P-7000,MO2312-P-7000,612.0,0.0,0.0,0.0,1,604.0,614.2,6,612.0,0.0,0.0,0.0,0.0,0.0,145
2023-05-11 09:47:18,MO2312-P-7000,MO2312-P-7000,612.0,0.0,0.0,0.0,1,604.0,613.6,1,612.0,0.0,0.0,0.0,0.0,0.0,145
2023-05-11 09:47:19,MO2312-P-7000,MO2312-P-7000,612.0,0.0,0.0,0.0,1,604.2,613.8,15,612.0,0.0,0.0,0.0,0.0,0.0,145
2023-05-11 09:47:19,MO2312-P-7000,MO2312-P-7000,612.0,0.0,0.0,0.0,1,604.2,613.2,1,612.0,0.0,0.0,0.0,0.0,0.0,145
2023-05-11 09:47:22,MO2312-P-7000,MO2312-P-7000,612.0,0.0,0.0,0.0,1,604.2,613.4,21,612.0,0.0,0.0,0.0,0.0,0.0,145
2023-05-11 09:47:23,MO2312-P-7000,MO2312-P-7000,612.0,0.0,0.0,0.0,1,604.2,613.4,6,612.0,0.0,0.0,0.0,0.0,0.0,145
2023-05-11 09:47:23,MO2312-P-7000,MO2312-P-7000,612.0,0.0,0.0,0.0,1,604.2,613.6,21,612.0,0.0,0.0,0.0,0.0,0.0,145
2023-05-11 09:47:24,MO2312-P-7000,MO2312-P-7000,612.0,0.0,0.0,0.0,1,604.2,613.6,6,612.0,0.0,0.0,0.0,0.0,0.0,145
2023-05-11 09:47:24,MO2312-P-7000,MO2312-P-7000,612.0,0.0,0.0,0.0,1,604.2,613.8,21,612.0,0.0,0.0,0.0,0.0,0.0,145
2023-05-11 09:47:25,MO2312-P-7000,MO2312-P-7000,612.0,0.0,0.0,0.0,1,604.2,613.8,7,612.0,0.0,0.0,0.0,0.0,0.0,145
2023-05-11 09:47:25,MO2312-P-7000,MO2312-P-7000,612.0,0.0,0.0,0.0,1,604.2,614.0,33,612.0,0.0,0.0,0.0,0.0,0.0,145
2023-05-11 09:47:26,MO2312-P-7000,MO2312-P-7000,612.0,0.0,0.0,0.0,1,604.2,614.0,13,612.0,0.0,0.0,0.0,0.0,0.0,145
2023-05-11 09:47:28,MO2312-P-7000,MO2312-P-7000,612.0,0.0,0.0,0.0,1,604.2,614.0,6,612.0,0.0,0.0,0.0,0.0,0.0,145
2023-05-11 09:47:28,MO2312-P-7000,MO2312-P-7000,612.0,0.0,0.0,0.0,1,604.2,613.8,1,612.0,0.0,0.0,0.0,0.0,0.0,145
2023-05-11 09:47:29,MO2312-P-7000,MO2312-P-7000,612.0,0.0,0.0,0.0,1,604.4,614.0,15,612.0,0.0,0.0,0.0,0.0,0.0,145
2023-05-11 09:47:29,MO2312-P-7000,MO2312-P-7000,612.0,0.0,0.0,0.0,1,604.4,614.0,1,612.0,0.0,0.0,0.0,0.0,0.0,145
2023-05-11 09:47:33,MO2312-P-7000,MO2312-P-7000,612.0,0.0,0.0,0.0,1,604.4,613.8,6,612.0,0.0,0.0,0.0,0.0,0.0,145
2023-05-11 09:47:34,MO2312-P-7000,MO2312-P-7000,612.0,0.0,0.0,0.0,1,604.4,613.4,1,612.0,0.0,0.0,0.0,0.0,0.0,145
2023-05-11 09:47:36,MO2312-P-7000,MO2312-P-7000,612.0,0.0,0.0,0.0,1,604.4,613.6,21,612.0,0.0,0.0,0.0,0.0,0.0,145
2023-05-11 09:47:36,MO2312-P-7000,MO2312-P-7000,612.0,0.0,0.0,0.0,1,604.4,613.6,7,612.0,0.0,0.0,0.0,0.0,0.0,145
2023-05-11 09:47:37,MO2312-P-7000,MO2312-P-7000,612.0,0.0,0.0,0.0,1,604.4,613.6,1,612.0,0.0,0.0,0.0,0.0,0.0,145
2023-05-11 09:47:38,MO2312-P-7000,MO2312-P-7000,612.0,0.0,0.0,0.0,1,604.4,613.8,33,612.0,0.0,0.0,0.0,0.0,0.0,145
2023-05-11 09:47:38,MO2312-P-7000,MO2312-P-7000,612.0,0.0,0.0,0.0,1,604.4,613.8,13,612.0,0.0,0.0,0.0,0.0,0.0,145
2023-05-11 09:47:39,MO2312-P-7000,MO2312-P-7000,612.0,0.0,0.0,0.0,1,604.6,613.8,13,612.0,0.0,0.0,0.0,0.0,0.0,145
2023-05-11 09:47:49,MO2312-P-7000,MO2312-P-7000,612.0,0.0,0.0,0.0,1,604.8,613.8,13,612.0,0.0,0.0,0.0,0.0,0.0,145
2023-05-11 09:47:54,MO2312-P-7000,MO2312-P-7000,612.0,0.0,0.0,0.0,1,604.8,613.8,12,612.0,0.0,0.0,0.0,0.0,0.0,145
2023-05-11 09:47:55,MO2312-P-7000,MO2312-P-7000,612.0,0.0,0.0,0.0,1,604.8,613.8,6,612.0,0.0,0.0,0.0,0.0,0.0,145
2023-05-11 09:47:59,MO2312-P-7000,MO2312-P-7000,612.0,0.0,0.0,0.0,1,605.0,613.8,6,612.0,0.0,0.0,0.0,0.0,0.0,145
2023-05-11 09:48:04,MO2312-P-7000,MO2312-P-7000,612.0,0.0,0.0,0.0,1,605.0,613.8,7,612.0,0.0,0.0,0.0,0.0,0.0,145
2023-05-11 09:48:04,MO2312-P-7000,MO2312-P-7000,612.0,0.0,0.0,0.0,1,605.0,613.8,6,612.0,0.0,0.0,0.0,0.0,0.0,145
2023-05-11 09:48:09,MO2312-P-7000,MO2312-P-7000,612.0,0.0,0.0,0.0,1,605.2,613.8,6,612.0,0.0,0.0,0.0,0.0,0.0,145
2023-05-11 09:48:10,MO2312-P-7000,MO2312-P-7000,612.0,0.0,0.0,0.0,1,605.2,613.6,1,612.0,0.0,0.0,0.0,0.0,0.0,145
2023-05-11 09:48:12,MO2312-P-7000,MO2312-P-7000,612.0,0.0,0.0,0.0,1,605.2,613.8,21,612.0,0.0,0.0,0.0,0.0,0.0,145
2023-05-11 09:48:12,MO2312-P-7000,MO2312-P-7000,612.0,0.0,0.0,0.0,1,605.2,613.8,7,612.0,0.0,0.0,0.0,0.0,0.0,145
2023-05-11 09:48:13,MO2312-P-7000,MO2312-P-7000,612.0,0.0,0.0,0.0,1,605.2,613.8,6,612.0,0.0,0.0,0.0,0.0,0.0,145
2023-05-11 09:48:16,MO2312-P-7000,MO2312-P-7000,612.0,0.0,0.0,0.0,1,605.2,613.2,1,612.0,0.0,0.0,0.0,0.0,0.0,145
2023-05-11 09:48:17,MO2312-P-7000,MO2312-P-7000,612.0,0.0,0.0,0.0,1,604.6,613.2,1,612.0,0.0,0.0,0.0,0.0,0.0,145
2023-05-11 09:48:21,MO2312-P-7000,MO2312-P-7000,612.0,0.0,0.0,0.0,12,603.8,613.0,6,612.0,0.0,0.0,0.0,0.0,0.0,145
2023-05-11 09:48:21,MO2312-P-7000,MO2312-P-7000,612.0,0.0,0.0,0.0,6,603.8,612.6,1,612.0,0.0,0.0,0.0,0.0,0.0,145
2023-05-11 09:48:22,MO2312-P-7000,MO2312-P-7000,612.0,0.0,0.0,0.0,6,603.8,612.8,15,612.0,0.0,0.0,0.0,0.0,0.0,145
2023-05-11 09:48:22,MO2312-P-7000,MO2312-P-7000,612.0,0.0,0.0,0.0,6,603.8,612.8,7,612.0,0.0,0.0,0.0,0.0,0.0,145
2023-05-11 09:48:23,MO2312-P-7000,MO2312-P-7000,612.0,0.0,0.0,0.0,6,603.8,613.0,27,612.0,0.0,0.0,0.0,0.0,0.0,145
2023-05-11 09:48:23,MO2312-P-7000,MO2312-P-7000,612.0,0.0,0.0,0.0,6,603.8,612.8,1,612.0,0.0,0.0,0.0,0.0,0.0,145
2023-05-11 09:48:24,MO2312-P-7000,MO2312-P-7000,612.0,0.0,0.0,0.0,6,603.8,613.0,27,612.0,0.0,0.0,0.0,0.0,0.0,145
2023-05-11 09:48:24,MO2312-P-7000,MO2312-P-7000,612.0,0.0,0.0,0.0,6,603.8,612.8,1,612.0,0.0,0.0,0.0,0.0,0.0,145
2023-05-11 09:48:25,MO2312-P-7000,MO2312-P-7000,612.0,0.0,0.0,0.0,6,603.8,613.0,27,612.0,0.0,0.0,0.0,0.0,0.0,145
2023-05-11 09:48:25,MO2312-P-7000,MO2312-P-7000,612.0,0.0,0.0,0.0,6,603.8,613.0,12,612.0,0.0,0.0,0.0,0.0,0.0,145
2023-05-11 09:48:26,MO2312-P-7000,MO2312-P-7000,612.0,0.0,0.0,0.0,6,603.8,613.0,6,612.0,0.0,0.0,0.0,0.0,0.0,145
2023-05-11 09:48:33,MO2312-P-7000,MO2312-P-7000,612.0,0.0,0.0,0.0,6,603.8,613.0,7,612.0,0.0,0.0,0.0,0.0,0.0,145
2023-05-11 09:48:35,MO2312-P-7000,MO2312-P-7000,612.0,0.0,0.0,0.0,6,603.8,613.0,6,612.0,0.0,0.0,0.0,0.0,0.0,145
2023-05-11 09:48:37,MO2312-P-7000,MO2312-P-7000,612.0,0.0,0.0,0.0,7,603.8,613.0,6,612.0,0.0,0.0,0.0,0.0,0.0,145
2023-05-11 09:48:38,MO2312-P-7000,MO2312-P-7000,612.0,0.0,0.0,0.0,7,603.8,613.0,7,612.0,0.0,0.0,0.0,0.0,0.0,145
2023-05-11 09:48:38,MO2312-P-7000,MO2312-P-7000,612.0,0.0,0.0,0.0,7,603.8,613.0,6,612.0,0.0,0.0,0.0,0.0,0.0,145
2023-05-11 09:48:40,MO2312-P-7000,MO2312-P-7000,612.0,0.0,0.0,0.0,7,603.8,612.8,6,612.0,0.0,0.0,0.0,0.0,0.0,145
2023-05-11 09:48:47,MO2312-P-7000,MO2312-P-7000,612.0,0.0,0.0,0.0,1,604.0,612.8,6,612.0,0.0,0.0,0.0,0.0,0.0,145
2023-05-11 09:48:57,MO2312-P-7000,MO2312-P-7000,612.0,0.0,0.0,0.0,1,604.2,612.8,6,612.0,0.0,0.0,0.0,0.0,0.0,145
2023-05-11 09:49:01,MO2312-P-7000,MO2312-P-7000,612.0,0.0,0.0,0.0,1,604.2,612.6,1,612.0,0.0,0.0,0.0,0.0,0.0,145
2023-05-11 09:49:01,MO2312-P-7000,MO2312-P-7000,612.0,0.0,0.0,0.0,6,603.6,612.6,2,612.0,0.0,0.0,0.0,0.0,0.0,145
2023-05-11 09:49:02,MO2312-P-7000,MO2312-P-7000,612.0,0.0,0.0,0.0,12,603.4,612.4,6,612.0,0.0,0.0,0.0,0.0,0.0,145
2023-05-11 09:49:02,MO2312-P-7000,MO2312-P-7000,612.0,0.0,0.0,0.0,7,603.0,611.8,1,612.0,0.0,0.0,0.0,0.0,0.0,145
2023-05-11 09:49:03,MO2312-P-7000,MO2312-P-7000,612.0,0.0,0.0,0.0,6,602.2,611.8,1,612.0,0.0,0.0,0.0,0.0,0.0,145
2023-05-11 09:49:03,MO2312-P-7000,MO2312-P-7000,612.0,0.0,0.0,0.0,24,601.8,611.8,1,612.0,0.0,0.0,0.0,0.0,0.0,145
2023-05-11 09:49:04,MO2312-P-7000,MO2312-P-7000,612.0,0.0,0.0,0.0,6,601.8,611.8,2,612.0,0.0,0.0,0.0,0.0,0.0,145
2023-05-11 09:49:04,MO2312-P-7000,MO2312-P-7000,612.0,0.0,0.0,0.0,1,601.4,611.8,2,612.0,0.0,0.0,0.0,0.0,0.0,145
2023-05-11 09:49:06,MO2312-P-7000,MO2312-P-7000,612.0,0.0,0.0,0.0,1,601.4,611.8,1,612.0,0.0,0.0,0.0,0.0,0.0,145
2023-05-11 09:49:07,MO2312-P-7000,MO2312-P-7000,612.0,0.0,0.0,0.0,1,601.4,612.0,27,612.0,0.0,0.0,0.0,0.0,0.0,145
2023-05-11 09:49:07,MO2312-P-7000,MO2312-P-7000,612.0,0.0,0.0,0.0,1,601.4,612.0,12,612.0,0.0,0.0,0.0,0.0,0.0,145
2023-05-11 09:49:08,MO2312-P-7000,MO2312-P-7000,612.0,0.0,0.0,0.0,1,601.4,612.2,27,612.0,0.0,0.0,0.0,0.0,0.0,145
2023-05-11 09:49:08,MO2312-P-7000,MO2312-P-7000,612.0,0.0,0.0,0.0,1,601.4,612.2,12,612.0,0.0,0.0,0.0,0.0,0.0,145
2023-05-11 09:49:09,MO2312-P-7000,MO2312-P-7000,612.0,0.0,0.0,0.0,1,601.4,612.4,27,612.0,0.0,0.0,0.0,0.0,0.0,145
2023-05-11 09:49:09,MO2312-P-7000,MO2312-P-7000,612.0,0.0,0.0,0.0,1,601.4,612.4,12,612.0,0.0,0.0,0.0,0.0,0.0,145
2023-05-11 09:49:10,MO2312-P-7000,MO2312-P-7000,612.0,0.0,0.0,0.0,1,601.4,612.6,33,612.0,0.0,0.0,0.0,0.0,0.0,145
2023-05-11 09:49:10,MO2312-P-7000,MO2312-P-7000,612.0,0.0,0.0,0.0,1,601.4,612.6,12,612.0,0.0,0.0,0.0,0.0,0.0,145
2023-05-11 09:49:11,MO2312-P-7000,MO2312-P-7000,612.0,0.0,0.0,0.0,1,601.4,612.8,45,612.0,0.0,0.0,0.0,0.0,0.0,145
2023-05-11 09:49:11,MO2312-P-7000,MO2312-P-7000,612.0,0.0,0.0,0.0,1,601.4,612.8,24,612.0,0.0,0.0,0.0,0.0,0.0,145
2023-05-11 09:49:12,MO2312-P-7000,MO2312-P-7000,612.0,0.0,0.0,0.0,1,601.4,612.8,18,612.0,0.0,0.0,0.0,0.0,0.0,145
2023-05-11 09:49:13,MO2312-P-7000,MO2312-P-7000,612.0,0.0,0.0,0.0,1,601.6,612.8,18,612.0,0.0,0.0,0.0,0.0,0.0,145
2023-05-11 09:49:14,MO2312-P-7000,MO2312-P-7000,612.0,0.0,0.0,0.0,1,601.6,612.8,12,612.0,0.0,0.0,0.0,0.0,0.0,145
2023-05-11 09:49:14,MO2312-P-7000,MO2312-P-7000,612.0,0.0,0.0,0.0,1,601.6,612.8,6,612.0,0.0,0.0,0.0,0.0,0.0,145
2023-05-11 09:49:15,MO2312-P-7000,MO2312-P-7000,612.0,0.0,0.0,0.0,1,601.6,613.0,27,612.0,0.0,0.0,0.0,0.0,0.0,145
2023-05-11 09:49:16,MO2312-P-7000,MO2312-P-7000,612.0,0.0,0.0,0.0,1,601.6,613.0,12,612.0,0.0,0.0,0.0,0.0,0.0,145
2023-05-11 09:49:16,MO2312-P-7000,MO2312-P-7000,612.0,0.0,0.0,0.0,1,601.6,613.2,27,612.0,0.0,0.0,0.0,0.0,0.0,145
2023-05-11 09:49:17,MO2312-P-7000,MO2312-P-7000,612.0,0.0,0.0,0.0,1,601.6,613.2,12,612.0,0.0,0.0,0.0,0.0,0.0,145
2023-05-11 09:49:17,MO2312-P-7000,MO2312-P-7000,612.0,0.0,0.0,0.0,1,601.6,613.4,27,612.0,0.0,0.0,0.0,0.0,0.0,145
2023-05-11 09:49:18,MO2312-P-7000,MO2312-P-7000,612.0,0.0,0.0,0.0,1,601.6,613.4,12,612.0,0.0,0.0,0.0,0.0,0.0,145
2023-05-11 09:49:18,MO2312-P-7000,MO2312-P-7000,612.0,0.0,0.0,0.0,1,601.6,613.6,27,612.0,0.0,0.0,0.0,0.0,0.0,145
2023-05-11 09:49:19,MO2312-P-7000,MO2312-P-7000,612.0,0.0,0.0,0.0,1,601.6,613.6,12,612.0,0.0,0.0,0.0,0.0,0.0,145
2023-05-11 09:49:19,MO2312-P-7000,MO2312-P-7000,612.0,0.0,0.0,0.0,1,601.6,613.8,29,612.0,0.0,0.0,0.0,0.0,0.0,145
2023-05-11 09:49:20,MO2312-P-7000,MO2312-P-7000,612.0,0.0,0.0,0.0,1,601.6,613.8,14,612.0,0.0,0.0,0.0,0.0,0.0,145
2023-05-11 09:49:20,MO2312-P-7000,MO2312-P-7000,612.0,0.0,0.0,0.0,1,601.6,613.8,6,612.0,0.0,0.0,0.0,0.0,0.0,145
2023-05-11 09:49:21,MO2312-P-7000,MO2312-P-7000,612.0,0.0,0.0,0.0,1,601.6,614.0,27,612.0,0.0,0.0,0.0,0.0,0.0,145
2023-05-11 09:49:21,MO2312-P-7000,MO2312-P-7000,612.0,0.0,0.0,0.0,1,601.6,614.0,14,612.0,0.0,0.0,0.0,0.0,0.0,145
2023-05-11 09:49:22,MO2312-P-7000,MO2312-P-7000,612.0,0.0,0.0,0.0,1,601.6,614.0,8,612.0,0.0,0.0,0.0,0.0,0.0,145
2023-05-11 09:49:22,MO2312-P-7000,MO2312-P-7000,612.0,0.0,0.0,0.0,1,601.6,614.0,2,612.0,0.0,0.0,0.0,0.0,0.0,145
2023-05-11 09:49:23,MO2312-P-7000,MO2312-P-7000,612.0,0.0,0.0,0.0,1,601.6,614.2,27,612.0,0.0,0.0,0.0,0.0,0.0,145
2023-05-11 09:49:23,MO2312-P-7000,MO2312-P-7000,612.0,0.0,0.0,0.0,1,601.8,614.2,12,612.0,0.0,0.0,0.0,0.0,0.0,145
2023-05-11 09:49:24,MO2312-P-7000,MO2312-P-7000,612.0,0.0,0.0,0.0,1,601.8,614.4,27,612.0,0.0,0.0,0.0,0.0,0.0,145
2023-05-11 09:49:24,MO2312-P-7000,MO2312-P-7000,612.0,0.0,0.0,0.0,1,601.8,614.4,12,612.0,0.0,0.0,0.0,0.0,0.0,145
2023-05-11 09:49:25,MO2312-P-7000,MO2312-P-7000,612.0,0.0,0.0,0.0,1,601.8,614.6,39,612.0,0.0,0.0,0.0,0.0,0.0,145
2023-05-11 09:49:25,MO2312-P-7000,MO2312-P-7000,612.0,0.0,0.0,0.0,1,601.8,614.6,18,612.0,0.0,0.0,0.0,0.0,0.0,145
2023-05-11 09:49:26,MO2312-P-7000,MO2312-P-7000,612.0,0.0,0.0,0.0,1,601.8,614.6,12,612.0,0.0,0.0,0.0,0.0,0.0,145
2023-05-11 09:49:26,MO2312-P-7000,MO2312-P-7000,612.0,0.0,0.0,0.0,1,601.8,614.6,6,612.0,0.0,0.0,0.0,0.0,0.0,145
2023-05-11 09:49:33,MO2312-P-7000,MO2312-P-7000,612.0,0.0,0.0,0.0,1,602.0,614.6,6,612.0,0.0,0.0,0.0,0.0,0.0,145
2023-05-11 09:49:36,MO2312-P-7000,MO2312-P-7000,612.0,0.0,0.0,0.0,1,602.0,614.6,12,612.0,0.0,0.0,0.0,0.0,0.0,145
2023-05-11 09:49:38,MO2312-P-7000,MO2312-P-7000,612.0,0.0,0.0,0.0,1,602.0,614.4,1,612.0,0.0,0.0,0.0,0.0,0.0,145
2023-05-11 09:49:43,MO2312-P-7000,MO2312-P-7000,612.0,0.0,0.0,0.0,1,602.2,614.4,1,612.0,0.0,0.0,0.0,0.0,0.0,145
2023-05-11 09:49:48,MO2312-P-7000,MO2312-P-7000,612.0,0.0,0.0,0.0,1,602.2,614.2,1,612.0,0.0,0.0,0.0,0.0,0.0,145
2023-05-11 09:49:53,MO2312-P-7000,MO2312-P-7000,612.0,0.0,0.0,0.0,1,602.4,614.2,1,612.0,0.0,0.0,0.0,0.0,0.0,145
2023-05-11 09:49:58,MO2312-P-7000,MO2312-P-7000,612.0,0.0,0.0,0.0,1,602.4,614.0,1,612.0,0.0,0.0,0.0,0.0,0.0,145
2023-05-11 09:50:03,MO2312-P-7000,MO2312-P-7000,612.0,0.0,0.0,0.0,1,602.6,614.2,21,612.0,0.0,0.0,0.0,0.0,0.0,145
2023-05-11 09:50:04,MO2312-P-7000,MO2312-P-7000,612.0,0.0,0.0,0.0,1,602.6,614.2,6,612.0,0.0,0.0,0.0,0.0,0.0,145
2023-05-11 09:50:04,MO2312-P-7000,MO2312-P-7000,612.0,0.0,0.0,0.0,1,602.6,614.2,1,612.0,0.0,0.0,0.0,0.0,0.0,145
2023-05-11 09:50:05,MO2312-P-7000,MO2312-P-7000,612.0,0.0,0.0,0.0,1,602.6,613.8,6,612.0,0.0,0.0,0.0,0.0,0.0,145
2023-05-11 09:50:06,MO2312-P-7000,MO2312-P-7000,612.0,0.0,0.0,0.0,1,602.6,613.2,1,612.0,0.0,0.0,0.0,0.0,0.0,145
2023-05-11 09:50:13,MO2312-P-7000,MO2312-P-7000,612.0,0.0,0.0,0.0,1,602.8,613.2,1,612.0,0.0,0.0,0.0,0.0,0.0,145
2023-05-11 09:50:23,MO2312-P-7000,MO2312-P-7000,612.0,0.0,0.0,0.0,1,603.0,613.2,1,612.0,0.0,0.0,0.0,0.0,0.0,145
2023-05-11 09:50:26,MO2312-P-7000,MO2312-P-7000,612.0,0.0,0.0,0.0,1,603.0,613.4,23,612.0,0.0,0.0,0.0,0.0,0.0,145
2023-05-11 09:50:27,MO2312-P-7000,MO2312-P-7000,612.0,0.0,0.0,0.0,7,603.0,613.4,7,612.0,0.0,0.0,0.0,0.0,0.0,145
2023-05-11 09:50:27,MO2312-P-7000,MO2312-P-7000,612.0,0.0,0.0,0.0,7,603.0,613.6,27,612.0,0.0,0.0,0.0,0.0,0.0,145
2023-05-11 09:50:28,MO2312-P-7000,MO2312-P-7000,612.0,0.0,0.0,0.0,7,603.0,613.6,13,612.0,0.0,0.0,0.0,0.0,0.0,145
2023-05-11 09:50:33,MO2312-P-7000,MO2312-P-7000,612.0,0.0,0.0,0.0,1,603.2,613.6,13,612.0,0.0,0.0,0.0,0.0,0.0,145
2023-05-11 09:50:38,MO2312-P-7000,MO2312-P-7000,612.0,0.0,0.0,0.0,1,603.2,613.4,6,612.0,0.0,0.0,0.0,0.0,0.0,145
2023-05-11 09:50:38,MO2312-P-7000,MO2312-P-7000,612.0,0.0,0.0,0.0,1,603.2,612.8,1,612.0,0.0,0.0,0.0,0.0,0.0,145
2023-05-11 09:50:43,MO2312-P-7000,MO2312-P-7000,612.0,0.0,0.0,0.0,1,603.4,612.8,1,612.0,0.0,0.0,0.0,0.0,0.0,145
2023-05-11 09:50:53,MO2312-P-7000,MO2312-P-7000,612.0,0.0,0.0,0.0,1,603.4,613.0,21,612.0,0.0,0.0,0.0,0.0,0.0,145
2023-05-11 09:50:53,MO2312-P-7000,MO2312-P-7000,612.0,0.0,0.0,0.0,1,603.6,613.0,7,612.0,0.0,0.0,0.0,0.0,0.0,145
2023-05-11 09:50:54,MO2312-P-7000,MO2312-P-7000,612.0,0.0,0.0,0.0,1,603.6,613.0,1,612.0,0.0,0.0,0.0,0.0,0.0,145
2023-05-11 09:51:03,MO2312-P-7000,MO2312-P-7000,612.0,0.0,0.0,0.0,1,603.8,613.0,1,612.0,0.0,0.0,0.0,0.0,0.0,145
2023-05-11 09:51:06,MO2312-P-7000,MO2312-P-7000,612.0,0.0,0.0,0.0,1,603.8,613.2,21,612.0,0.0,0.0,0.0,0.0,0.0,145
2023-05-11 09:51:07,MO2312-P-7000,MO2312-P-7000,612.0,0.0,0.0,0.0,1,603.8,613.2,7,612.0,0.0,0.0,0.0,0.0,0.0,145
2023-05-11 09:51:07,MO2312-P-7000,MO2312-P-7000,612.0,0.0,0.0,0.0,1,603.8,613.2,1,612.0,0.0,0.0,0.0,0.0,0.0,145
2023-05-11 09:51:08,MO2312-P-7000,MO2312-P-7000,612.0,0.0,0.0,0.0,1,603.8,613.4,33,612.0,0.0,0.0,0.0,0.0,0.0,145
2023-05-11 09:51:08,MO2312-P-7000,MO2312-P-7000,612.0,0.0,0.0,0.0,1,603.8,613.4,12,612.0,0.0,0.0,0.0,0.0,0.0,145
2023-05-11 09:51:09,MO2312-P-7000,MO2312-P-7000,612.0,0.0,0.0,0.0,1,603.8,613.4,7,612.0,0.0,0.0,0.0,0.0,0.0,145
2023-05-11 09:51:13,MO2312-P-7000,MO2312-P-7000,612.0,0.0,0.0,0.0,1,604.0,613.4,7,612.0,0.0,0.0,0.0,0.0,0.0,145
2023-05-11 09:51:23,MO2312-P-7000,MO2312-P-7000,612.0,0.0,0.0,0.0,1,604.2,613.4,7,612.0,0.0,0.0,0.0,0.0,0.0,145
2023-05-11 09:51:33,MO2312-P-7000,MO2312-P-7000,612.0,0.0,0.0,0.0,1,604.4,613.4,7,612.0,0.0,0.0,0.0,0.0,0.0,145
2023-05-11 09:51:44,MO2312-P-7000,MO2312-P-7000,612.0,0.0,0.0,0.0,1,604.6,613.4,7,612.0,0.0,0.0,0.0,0.0,0.0,145
2023-05-11 09:51:54,MO2312-P-7000,MO2312-P-7000,612.0,0.0,0.0,0.0,1,604.8,613.4,7,612.0,0.0,0.0,0.0,0.0,0.0,145
2023-05-11 09:52:02,MO2312-P-7000,MO2312-P-7000,612.0,0.0,0.0,0.0,1,604.8,613.4,6,612.0,0.0,0.0,0.0,0.0,0.0,145
2023-05-11 09:52:04,MO2312-P-7000,MO2312-P-7000,612.0,0.0,0.0,0.0,1,605.0,613.4,6,612.0,0.0,0.0,0.0,0.0,0.0,145
2023-05-11 09:52:09,MO2312-P-7000,MO2312-P-7000,612.0,0.0,0.0,0.0,1,605.0,613.4,7,612.0,0.0,0.0,0.0,0.0,0.0,145
2023-05-11 09:52:11,MO2312-P-7000,MO2312-P-7000,612.0,0.0,0.0,0.0,1,605.0,613.4,6,612.0,0.0,0.0,0.0,0.0,0.0,145
2023-05-11 09:52:14,MO2312-P-7000,MO2312-P-7000,612.0,0.0,0.0,0.0,1,605.2,613.4,6,612.0,0.0,0.0,0.0,0.0,0.0,145
2023-05-11 09:52:14,MO2312-P-7000,MO2312-P-7000,612.0,0.0,0.0,0.0,1,605.2,613.4,7,612.0,0.0,0.0,0.0,0.0,0.0,145
2023-05-11 09:52:16,MO2312-P-7000,MO2312-P-7000,612.0,0.0,0.0,0.0,1,605.2,613.4,6,612.0,0.0,0.0,0.0,0.0,0.0,145
2023-05-11 09:52:18,MO2312-P-7000,MO2312-P-7000,612.0,0.0,0.0,0.0,1,605.2,613.4,7,612.0,0.0,0.0,0.0,0.0,0.0,145
2023-05-11 09:52:19,MO2312-P-7000,MO2312-P-7000,612.0,0.0,0.0,0.0,1,605.2,613.4,6,612.0,0.0,0.0,0.0,0.0,0.0,145
2023-05-11 09:52:22,MO2312-P-7000,MO2312-P-7000,612.0,0.0,0.0,0.0,1,605.2,613.4,7,612.0,0.0,0.0,0.0,0.0,0.0,145
2023-05-11 09:52:24,MO2312-P-7000,MO2312-P-7000,612.0,0.0,0.0,0.0,1,605.4,613.4,7,612.0,0.0,0.0,0.0,0.0,0.0,145
2023-05-11 09:52:27,MO2312-P-7000,MO2312-P-7000,612.0,0.0,0.0,0.0,1,605.4,613.4,6,612.0,0.0,0.0,0.0,0.0,0.0,145
2023-05-11 09:52:31,MO2312-P-7000,MO2312-P-7000,612.0,0.0,0.0,0.0,1,605.4,613.4,7,612.0,0.0,0.0,0.0,0.0,0.0,145
2023-05-11 09:52:31,MO2312-P-7000,MO2312-P-7000,612.0,0.0,0.0,0.0,1,605.4,613.4,6,612.0,0.0,0.0,0.0,0.0,0.0,145
2023-05-11 09:52:34,MO2312-P-7000,MO2312-P-7000,612.0,0.0,0.0,0.0,1,605.6,613.4,6,612.0,0.0,0.0,0.0,0.0,0.0,145
2023-05-11 09:52:38,MO2312-P-7000,MO2312-P-7000,612.0,0.0,0.0,0.0,1,605.6,613.6,21,612.0,0.0,0.0,0.0,0.0,0.0,145
2023-05-11 09:52:38,MO2312-P-7000,MO2312-P-7000,612.0,0.0,0.0,0.0,1,605.6,613.6,6,612.0,0.0,0.0,0.0,0.0,0.0,145
2023-05-11 09:52:39,MO2312-P-7000,MO2312-P-7000,612.0,0.0,0.0,0.0,1,605.6,613.8,27,612.0,0.0,0.0,0.0,0.0,0.0,145
2023-05-11 09:52:39,MO2312-P-7000,MO2312-P-7000,612.0,0.0,0.0,0.0,1,605.6,613.8,6,612.0,0.0,0.0,0.0,0.0,0.0,145
2023-05-11 09:52:40,MO2312-P-7000,MO2312-P-7000,612.0,0.0,0.0,0.0,1,605.6,614.0,33,612.0,0.0,0.0,0.0,0.0,0.0,145
2023-05-11 09:52:40,MO2312-P-7000,MO2312-P-7000,612.0,0.0,0.0,0.0,1,605.6,614.0,13,612.0,0.0,0.0,0.0,0.0,0.0,145
2023-05-11 09:52:43,MO2312-P-7000,MO2312-P-7000,612.0,0.0,0.0,0.0,1,605.6,613.8,6,612.0,0.0,0.0,0.0,0.0,0.0,145
2023-05-11 09:52:44,MO2312-P-7000,MO2312-P-7000,612.0,0.0,0.0,0.0,1,605.8,613.4,1,612.0,0.0,0.0,0.0,0.0,0.0,145
2023-05-11 09:52:44,MO2312-P-7000,MO2312-P-7000,612.0,0.0,0.0,0.0,1,605.8,613.6,15,612.0,0.0,0.0,0.0,0.0,0.0,145
2023-05-11 09:52:45,MO2312-P-7000,MO2312-P-7000,612.0,0.0,0.0,0.0,1,605.8,613.8,6,612.0,0.0,0.0,0.0,0.0,0.0,145
2023-05-11 09:52:53,MO2312-P-7000,MO2312-P-7000,612.0,0.0,0.0,0.0,1,605.8,614.0,21,612.0,0.0,0.0,0.0,0.0,0.0,145
2023-05-11 09:52:53,MO2312-P-7000,MO2312-P-7000,612.0,0.0,0.0,0.0,1,605.8,614.0,6,612.0,0.0,0.0,0.0,0.0,0.0,145
2023-05-11 09:52:54,MO2312-P-7000,MO2312-P-7000,612.0,0.0,0.0,0.0,1,606.0,614.2,21,612.0,0.0,0.0,0.0,0.0,0.0,145
2023-05-11 09:52:54,MO2312-P-7000,MO2312-P-7000,612.0,0.0,0.0,0.0,1,606.0,614.2,6,612.0,0.0,0.0,0.0,0.0,0.0,145
2023-05-11 09:52:55,MO2312-P-7000,MO2312-P-7000,612.0,0.0,0.0,0.0,1,606.0,614.4,21,612.0,0.0,0.0,0.0,0.0,0.0,145
2023-05-11 09:52:55,MO2312-P-7000,MO2312-P-7000,612.0,0.0,0.0,0.0,1,606.0,614.4,6,612.0,0.0,0.0,0.0,0.0,0.0,145
2023-05-11 09:52:56,MO2312-P-7000,MO2312-P-7000,612.0,0.0,0.0,0.0,1,606.0,614.6,21,612.0,0.0,0.0,0.0,0.0,0.0,145
2023-05-11 09:52:56,MO2312-P-7000,MO2312-P-7000,612.0,0.0,0.0,0.0,1,606.0,614.6,7,612.0,0.0,0.0,0.0,0.0,0.0,145
2023-05-11 09:52:57,MO2312-P-7000,MO2312-P-7000,612.0,0.0,0.0,0.0,1,606.0,614.8,33,612.0,0.0,0.0,0.0,0.0,0.0,145
2023-05-11 09:52:57,MO2312-P-7000,MO2312-P-7000,612.0,0.0,0.0,0.0,1,606.0,614.8,13,612.0,0.0,0.0,0.0,0.0,0.0,145
2023-05-11 09:52:58,MO2312-P-7000,MO2312-P-7000,612.0,0.0,0.0,0.0,1,606.0,614.8,7,612.0,0.0,0.0,0.0,0.0,0.0,145
2023-05-11 09:52:58,MO2312-P-7000,MO2312-P-7000,612.0,0.0,0.0,0.0,1,606.0,615.0,33,612.0,0.0,0.0,0.0,0.0,0.0,145
2023-05-11 09:52:59,MO2312-P-7000,MO2312-P-7000,612.0,0.0,0.0,0.0,1,606.0,615.0,12,612.0,0.0,0.0,0.0,0.0,0.0,145
2023-05-11 09:52:59,MO2312-P-7000,MO2312-P-7000,612.0,0.0,0.0,0.0,1,606.0,614.4,1,612.0,0.0,0.0,0.0,0.0,0.0,145
2023-05-11 09:53:00,MO2312-P-7000,MO2312-P-7000,612.0,0.0,0.0,0.0,1,606.0,614.6,15,612.0,0.0,0.0,0.0,0.0,0.0,145
2023-05-11 09:53:00,MO2312-P-7000,MO2312-P-7000,612.0,0.0,0.0,0.0,1,606.0,614.6,6,612.0,0.0,0.0,0.0,0.0,0.0,145
2023-05-11 09:53:01,MO2312-P-7000,MO2312-P-7000,612.0,0.0,0.0,0.0,1,606.0,614.8,15,612.0,0.0,0.0,0.0,0.0,0.0,145
2023-05-11 09:53:01,MO2312-P-7000,MO2312-P-7000,612.0,0.0,0.0,0.0,1,606.0,614.8,6,612.0,0.0,0.0,0.0,0.0,0.0,145
2023-05-11 09:53:02,MO2312-P-7000,MO2312-P-7000,612.0,0.0,0.0,0.0,1,606.0,615.0,15,612.0,0.0,0.0,0.0,0.0,0.0,145
2023-05-11 09:53:02,MO2312-P-7000,MO2312-P-7000,612.0,0.0,0.0,0.0,1,606.0,615.0,7,612.0,0.0,0.0,0.0,0.0,0.0,145
2023-05-11 09:53:03,MO2312-P-7000,MO2312-P-7000,612.0,0.0,0.0,0.0,1,606.0,615.0,1,612.0,0.0,0.0,0.0,0.0,0.0,145
2023-05-11 09:53:04,MO2312-P-7000,MO2312-P-7000,612.0,0.0,0.0,0.0,1,606.2,615.2,15,612.0,0.0,0.0,0.0,0.0,0.0,145
2023-05-11 09:53:04,MO2312-P-7000,MO2312-P-7000,612.0,0.0,0.0,0.0,7,606.2,615.2,1,612.0,0.0,0.0,0.0,0.0,0.0,145
2023-05-11 09:53:08,MO2312-P-7000,MO2312-P-7000,612.0,0.0,0.0,0.0,7,606.2,615.4,15,612.0,0.0,0.0,0.0,0.0,0.0,145
2023-05-11 09:53:09,MO2312-P-7000,MO2312-P-7000,612.0,0.0,0.0,0.0,7,606.2,615.6,24,612.0,0.0,0.0,0.0,0.0,0.0,145
2023-05-11 09:53:09,MO2312-P-7000,MO2312-P-7000,612.0,0.0,0.0,0.0,6,606.4,615.6,6,612.0,0.0,0.0,0.0,0.0,0.0,145
2023-05-11 09:53:10,MO2312-P-7000,MO2312-P-7000,612.0,0.0,0.0,0.0,6,606.4,615.8,21,612.0,0.0,0.0,0.0,0.0,0.0,145
2023-05-11 09:53:10,MO2312-P-7000,MO2312-P-7000,612.0,0.0,0.0,0.0,6,606.4,615.8,6,612.0,0.0,0.0,0.0,0.0,0.0,145
2023-05-11 09:53:11,MO2312-P-7000,MO2312-P-7000,612.0,0.0,0.0,0.0,6,606.4,615.8,1,612.0,0.0,0.0,0.0,0.0,0.0,145
2023-05-11 09:53:13,MO2312-P-7000,MO2312-P-7000,612.0,0.0,0.0,0.0,13,606.2,615.8,1,612.0,0.0,0.0,0.0,0.0,0.0,145
2023-05-11 09:53:14,MO2312-P-7000,MO2312-P-7000,612.0,0.0,0.0,0.0,1,606.4,615.8,1,612.0,0.0,0.0,0.0,0.0,0.0,145
2023-05-11 09:53:18,MO2312-P-7000,MO2312-P-7000,612.0,0.0,0.0,0.0,1,606.4,616.0,21,612.0,0.0,0.0,0.0,0.0,0.0,145
2023-05-11 09:53:18,MO2312-P-7000,MO2312-P-7000,612.0,0.0,0.0,0.0,1,606.4,616.0,7,612.0,0.0,0.0,0.0,0.0,0.0,145
2023-05-11 09:53:19,MO2312-P-7000,MO2312-P-7000,612.0,0.0,0.0,0.0,1,606.4,616.0,1,612.0,0.0,0.0,0.0,0.0,0.0,145
2023-05-11 09:53:24,MO2312-P-7000,MO2312-P-7000,612.0,0.0,0.0,0.0,1,606.6,616.0,1,612.0,0.0,0.0,0.0,0.0,0.0,145
2023-05-11 09:53:30,MO2312-P-7000,MO2312-P-7000,612.0,0.0,0.0,0.0,1,606.6,616.2,27,612.0,0.0,0.0,0.0,0.0,0.0,145
2023-05-11 09:53:31,MO2312-P-7000,MO2312-P-7000,612.0,0.0,0.0,0.0,1,606.6,616.2,13,612.0,0.0,0.0,0.0,0.0,0.0,145
2023-05-11 09:53:34,MO2312-P-7000,MO2312-P-7000,612.0,0.0,0.0,0.0,1,606.8,616.2,13,612.0,0.0,0.0,0.0,0.0,0.0,145
2023-05-11 09:53:37,MO2312-P-7000,MO2312-P-7000,612.0,0.0,0.0,0.0,1,606.8,616.2,12,612.0,0.0,0.0,0.0,0.0,0.0,145
2023-05-11 09:53:37,MO2312-P-7000,MO2312-P-7000,612.0,0.0,0.0,0.0,1,606.8,616.2,7,612.0,0.0,0.0,0.0,0.0,0.0,145
2023-05-11 09:53:39,MO2312-P-7000,MO2312-P-7000,612.0,0.0,0.0,0.0,1,606.8,616.2,6,612.0,0.0,0.0,0.0,0.0,0.0,145
2023-05-11 09:53:41,MO2312-P-7000,MO2312-P-7000,612.0,0.0,0.0,0.0,7,606.8,616.4,6,612.0,0.0,0.0,0.0,0.0,0.0,145
2023-05-11 09:53:42,MO2312-P-7000,MO2312-P-7000,612.0,0.0,0.0,0.0,7,606.8,616.8,12,612.0,0.0,0.0,0.0,0.0,0.0,145
2023-05-11 09:53:42,MO2312-P-7000,MO2312-P-7000,612.0,0.0,0.0,0.0,7,606.8,616.2,1,612.0,0.0,0.0,0.0,0.0,0.0,145
2023-05-11 09:53:43,MO2312-P-7000,MO2312-P-7000,612.0,0.0,0.0,0.0,7,606.8,617.0,30,612.0,0.0,0.0,0.0,0.0,0.0,145
2023-05-11 09:53:44,MO2312-P-7000,MO2312-P-7000,612.0,0.0,0.0,0.0,1,607.0,616.6,1,612.0,0.0,0.0,0.0,0.0,0.0,145
2023-05-11 09:53:54,MO2312-P-7000,MO2312-P-7000,612.0,0.0,0.0,0.0,1,607.2,616.6,1,612.0,0.0,0.0,0.0,0.0,0.0,145
2023-05-11 09:53:59,MO2312-P-7000,MO2312-P-7000,612.0,0.0,0.0,0.0,1,607.2,616.8,33,612.0,0.0,0.0,0.0,0.0,0.0,145
2023-05-11 09:54:00,MO2312-P-7000,MO2312-P-7000,612.0,0.0,0.0,0.0,1,607.2,616.8,12,612.0,0.0,0.0,0.0,0.0,0.0,145
2023-05-11 09:54:00,MO2312-P-7000,MO2312-P-7000,612.0,0.0,0.0,0.0,1,607.2,616.2,1,612.0,0.0,0.0,0.0,0.0,0.0,145
2023-05-11 09:54:01,MO2312-P-7000,MO2312-P-7000,612.0,0.0,0.0,0.0,1,607.2,616.0,6,612.0,0.0,0.0,0.0,0.0,0.0,145
2023-05-11 09:54:01,MO2312-P-7000,MO2312-P-7000,612.0,0.0,0.0,0.0,1,607.2,616.0,7,612.0,0.0,0.0,0.0,0.0,0.0,145
2023-05-11 09:54:02,MO2312-P-7000,MO2312-P-7000,612.0,0.0,0.0,0.0,1,606.6,616.0,7,612.0,0.0,0.0,0.0,0.0,0.0,145
2023-05-11 09:54:03,MO2312-P-7000,MO2312-P-7000,612.0,0.0,0.0,0.0,1,606.6,615.8,6,612.0,0.0,0.0,0.0,0.0,0.0,145
2023-05-11 09:54:04,MO2312-P-7000,MO2312-P-7000,612.0,0.0,0.0,0.0,1,606.6,615.6,1,612.0,0.0,0.0,0.0,0.0,0.0,145
2023-05-11 09:54:10,MO2312-P-7000,MO2312-P-7000,612.0,0.0,0.0,0.0,1,606.6,615.8,27,612.0,0.0,0.0,0.0,0.0,0.0,145
2023-05-11 09:54:10,MO2312-P-7000,MO2312-P-7000,612.0,0.0,0.0,0.0,1,606.6,615.8,12,612.0,0.0,0.0,0.0,0.0,0.0,145
2023-05-11 09:54:11,MO2312-P-7000,MO2312-P-7000,612.0,0.0,0.0,0.0,1,606.6,615.8,6,612.0,0.0,0.0,0.0,0.0,0.0,145
2023-05-11 09:54:12,MO2312-P-7000,MO2312-P-7000,612.0,0.0,0.0,0.0,1,606.8,615.8,6,612.0,0.0,0.0,0.0,0.0,0.0,145
2023-05-11 09:54:14,MO2312-P-7000,MO2312-P-7000,612.0,0.0,0.0,0.0,1,606.8,615.8,7,612.0,0.0,0.0,0.0,0.0,0.0,145
