time,symbol_id,symbol_name,last,trade_volume,trade_amount,open_interest_change,bv1,bp1,ap1,av1,yesterday_close,today_open,today_high,today_low,volume,amount,open_interest
2023-05-11 09:29:00,MO2312-C-7000,MO2312-C-7000,117.2,0.0,0.0,0.0,1,100.0,144.8,1,117.2,119.0,0.0,0.0,0.0,0.0,262
2023-05-11 09:30:00,MO2312-C-7000,MO2312-C-7000,117.2,0.0,0.0,0.0,1,106.2,138.2,1,117.2,119.0,0.0,0.0,0.0,0.0,262
2023-05-11 09:30:00,MO2312-C-7000,MO2312-C-7000,117.2,0.0,0.0,0.0,1,107.4,138.2,2,117.2,119.0,0.0,0.0,0.0,0.0,262
2023-05-11 09:30:01,MO2312-C-7000,MO2312-C-7000,117.2,0.0,0.0,0.0,6,107.6,138.2,2,117.2,119.0,0.0,0.0,0.0,0.0,262
2023-05-11 09:30:01,MO2312-C-7000,MO2312-C-7000,117.2,0.0,0.0,0.0,1,112.4,138.2,2,117.2,119.0,0.0,0.0,0.0,0.0,262
2023-05-11 09:30:02,MO2312-C-7000,MO2312-C-7000,117.2,0.0,0.0,0.0,1,112.4,138.0,6,117.2,119.0,0.0,0.0,0.0,0.0,262
2023-05-11 09:30:03,MO2312-C-7000,MO2312-C-7000,117.2,0.0,0.0,0.0,1,118.4,138.0,6,117.2,119.0,0.0,0.0,0.0,0.0,262
2023-05-11 09:30:07,MO2312-C-7000,MO2312-C-7000,117.2,0.0,0.0,0.0,1,118.4,137.8,2,117.2,119.0,0.0,0.0,0.0,0.0,262
2023-05-11 09:30:08,MO2312-C-7000,MO2312-C-7000,117.2,0.0,0.0,0.0,1,118.4,137.6,6,117.2,119.0,0.0,0.0,0.0,0.0,262
2023-05-11 09:30:08,MO2312-C-7000,MO2312-C-7000,117.2,0.0,0.0,0.0,1,118.4,130.2,1,117.2,119.0,0.0,0.0,0.0,0.0,262
2023-05-11 09:30:09,MO2312-C-7000,MO2312-C-7000,117.2,0.0,0.0,0.0,6,118.6,130.2,1,117.2,119.0,0.0,0.0,0.0,0.0,262
2023-05-11 09:30:09,MO2312-C-7000,MO2312-C-7000,117.2,0.0,0.0,0.0,1,121.0,130.2,1,117.2,119.0,0.0,0.0,0.0,0.0,262
2023-05-11 09:30:11,MO2312-C-7000,MO2312-C-7000,117.2,0.0,0.0,0.0,2,121.0,130.2,2,117.2,119.0,0.0,0.0,0.0,0.0,262
2023-05-11 09:30:15,MO2312-C-7000,MO2312-C-7000,117.2,0.0,0.0,0.0,2,121.0,130.2,1,117.2,119.0,0.0,0.0,0.0,0.0,262
2023-05-11 09:30:20,MO2312-C-7000,MO2312-C-7000,117.2,0.0,0.0,0.0,6,121.2,130.2,1,117.2,119.0,0.0,0.0,0.0,0.0,262
2023-05-11 09:30:21,MO2312-C-7000,MO2312-C-7000,117.2,0.0,0.0,0.0,6,121.2,130.0,1,117.2,119.0,0.0,0.0,0.0,0.0,262
2023-05-11 09:30:21,MO2312-C-7000,MO2312-C-7000,117.2,0.0,0.0,0.0,2,121.0,130.0,1,117.2,119.0,0.0,0.0,0.0,0.0,262
2023-05-11 09:30:22,MO2312-C-7000,MO2312-C-7000,117.2,0.0,0.0,0.0,1,121.2,130.0,1,117.2,119.0,0.0,0.0,0.0,0.0,262
2023-05-11 09:30:23,MO2312-C-7000,MO2312-C-7000,117.2,0.0,0.0,0.0,7,121.2,130.0,1,117.2,119.0,0.0,0.0,0.0,0.0,262
2023-05-11 09:30:23,MO2312-C-7000,MO2312-C-7000,117.2,0.0,0.0,0.0,7,121.2,130.0,7,117.2,119.0,0.0,0.0,0.0,0.0,262
2023-05-11 09:30:27,MO2312-C-7000,MO2312-C-7000,117.2,0.0,0.0,0.0,2,121.8,130.0,7,117.2,119.0,0.0,0.0,0.0,0.0,262
2023-05-11 09:30:28,MO2312-C-7000,MO2312-C-7000,117.2,0.0,0.0,0.0,2,121.8,130.0,6,117.2,119.0,0.0,0.0,0.0,0.0,262
2023-05-11 09:30:28,MO2312-C-7000,MO2312-C-7000,117.2,0.0,0.0,0.0,6,121.4,130.0,6,117.2,119.0,0.0,0.0,0.0,0.0,262
2023-05-11 09:30:29,MO2312-C-7000,MO2312-C-7000,117.2,0.0,0.0,0.0,2,121.6,130.0,6,117.2,119.0,0.0,0.0,0.0,0.0,262
2023-05-11 09:30:35,MO2312-C-7000,MO2312-C-7000,117.2,0.0,0.0,0.0,2,121.6,131.8,18,117.2,119.0,0.0,0.0,0.0,0.0,262
2023-05-11 09:30:36,MO2312-C-7000,MO2312-C-7000,117.2,0.0,0.0,0.0,8,121.6,131.8,19,117.2,119.0,0.0,0.0,0.0,0.0,262
2023-05-11 09:30:36,MO2312-C-7000,MO2312-C-7000,117.2,0.0,0.0,0.0,6,121.8,131.8,19,117.2,119.0,0.0,0.0,0.0,0.0,262
2023-05-11 09:30:37,MO2312-C-7000,MO2312-C-7000,117.2,0.0,0.0,0.0,2,122.2,131.8,19,117.2,119.0,0.0,0.0,0.0,0.0,262
2023-05-11 09:30:39,MO2312-C-7000,MO2312-C-7000,117.2,0.0,0.0,0.0,1,123.4,131.8,19,117.2,119.0,0.0,0.0,0.0,0.0,262
2023-05-11 09:30:39,MO2312-C-7000,MO2312-C-7000,117.2,0.0,0.0,0.0,7,123.4,131.8,19,117.2,119.0,0.0,0.0,0.0,0.0,262
2023-05-11 09:30:40,MO2312-C-7000,MO2312-C-7000,117.2,0.0,0.0,0.0,6,123.6,131.8,13,117.2,119.0,0.0,0.0,0.0,0.0,262
2023-05-11 09:30:41,MO2312-C-7000,MO2312-C-7000,117.2,0.0,0.0,0.0,6,123.6,131.8,12,117.2,119.0,0.0,0.0,0.0,0.0,262
2023-05-11 09:30:45,MO2312-C-7000,MO2312-C-7000,117.2,0.0,0.0,0.0,12,123.6,131.8,12,117.2,119.0,0.0,0.0,0.0,0.0,262
2023-05-11 09:30:46,MO2312-C-7000,MO2312-C-7000,117.2,0.0,0.0,0.0,6,123.6,131.8,12,117.2,119.0,0.0,0.0,0.0,0.0,262
2023-05-11 09:30:49,MO2312-C-7000,MO2312-C-7000,117.2,0.0,0.0,0.0,6,123.6,129.0,1,117.2,119.0,0.0,0.0,0.0,0.0,262
2023-05-11 09:30:53,MO2312-C-7000,MO2312-C-7000,117.2,0.0,0.0,0.0,6,123.6,129.8,6,117.2,119.0,0.0,0.0,0.0,0.0,262
2023-05-11 09:30:54,MO2312-C-7000,MO2312-C-7000,117.2,0.0,0.0,0.0,6,123.8,131.0,6,117.2,119.0,0.0,0.0,0.0,0.0,262
2023-05-11 09:30:55,MO2312-C-7000,MO2312-C-7000,117.2,0.0,0.0,0.0,6,123.8,131.0,7,117.2,119.0,0.0,0.0,0.0,0.0,262
2023-05-11 09:30:58,MO2312-C-7000,MO2312-C-7000,117.2,0.0,0.0,0.0,6,123.8,129.4,1,117.2,119.0,0.0,0.0,0.0,0.0,262
2023-05-11 09:30:58,MO2312-C-7000,MO2312-C-7000,117.2,0.0,0.0,0.0,6,123.8,129.4,7,117.2,119.0,0.0,0.0,0.0,0.0,262
2023-05-11 09:31:03,MO2312-C-7000,MO2312-C-7000,117.2,0.0,0.0,0.0,7,123.8,129.4,7,117.2,119.0,0.0,0.0,0.0,0.0,262
2023-05-11 09:31:04,MO2312-C-7000,MO2312-C-7000,117.2,0.0,0.0,0.0,6,124.0,129.4,7,117.2,119.0,0.0,0.0,0.0,0.0,262
2023-05-11 09:31:05,MO2312-C-7000,MO2312-C-7000,117.2,0.0,0.0,0.0,6,124.0,129.4,6,117.2,119.0,0.0,0.0,0.0,0.0,262
2023-05-11 09:31:05,MO2312-C-7000,MO2312-C-7000,117.2,0.0,0.0,0.0,6,124.0,131.0,6,117.2,119.0,0.0,0.0,0.0,0.0,262
2023-05-11 09:31:06,MO2312-C-7000,MO2312-C-7000,117.2,0.0,0.0,0.0,6,124.0,130.8,1,117.2,119.0,0.0,0.0,0.0,0.0,262
2023-05-11 09:31:08,MO2312-C-7000,MO2312-C-7000,117.2,0.0,0.0,0.0,7,124.0,130.8,1,117.2,119.0,0.0,0.0,0.0,0.0,262
2023-05-11 09:31:09,MO2312-C-7000,MO2312-C-7000,117.2,0.0,0.0,0.0,6,124.2,130.8,1,117.2,119.0,0.0,0.0,0.0,0.0,262
2023-05-11 09:31:10,MO2312-C-7000,MO2312-C-7000,117.2,0.0,0.0,0.0,6,124.4,130.8,1,117.2,119.0,0.0,0.0,0.0,0.0,262
2023-05-11 09:31:11,MO2312-C-7000,MO2312-C-7000,117.2,0.0,0.0,0.0,6,124.6,130.8,1,117.2,119.0,0.0,0.0,0.0,0.0,262
2023-05-11 09:31:12,MO2312-C-7000,MO2312-C-7000,117.2,0.0,0.0,0.0,1,124.8,130.8,1,117.2,119.0,0.0,0.0,0.0,0.0,262
2023-05-11 09:31:13,MO2312-C-7000,MO2312-C-7000,117.2,0.0,0.0,0.0,6,125.0,131.8,6,117.2,119.0,0.0,0.0,0.0,0.0,262
2023-05-11 09:31:18,MO2312-C-7000,MO2312-C-7000,117.2,0.0,0.0,0.0,7,125.0,131.8,6,117.2,119.0,0.0,0.0,0.0,0.0,262
2023-05-11 09:31:19,MO2312-C-7000,MO2312-C-7000,117.2,0.0,0.0,0.0,6,125.2,131.8,6,117.2,119.0,0.0,0.0,0.0,0.0,262
2023-05-11 09:31:33,MO2312-C-7000,MO2312-C-7000,117.2,0.0,0.0,0.0,6,125.0,130.8,1,117.2,119.0,0.0,0.0,0.0,0.0,262
2023-05-11 09:31:34,MO2312-C-7000,MO2312-C-7000,117.2,0.0,0.0,0.0,6,124.8,130.8,1,117.2,119.0,0.0,0.0,0.0,0.0,262
2023-05-11 09:31:35,MO2312-C-7000,MO2312-C-7000,117.2,0.0,0.0,0.0,6,124.6,130.8,1,117.2,119.0,0.0,0.0,0.0,0.0,262
2023-05-11 09:31:46,MO2312-C-7000,MO2312-C-7000,117.2,0.0,0.0,0.0,6,124.6,130.8,7,117.2,119.0,0.0,0.0,0.0,0.0,262
2023-05-11 09:31:46,MO2312-C-7000,MO2312-C-7000,117.2,0.0,0.0,0.0,6,124.6,130.8,13,117.2,119.0,0.0,0.0,0.0,0.0,262
2023-05-11 09:31:47,MO2312-C-7000,MO2312-C-7000,117.2,0.0,0.0,0.0,6,124.6,130.8,19,117.2,119.0,0.0,0.0,0.0,0.0,262
2023-05-11 09:31:48,MO2312-C-7000,MO2312-C-7000,117.2,0.0,0.0,0.0,7,124.6,130.8,13,117.2,119.0,0.0,0.0,0.0,0.0,262
2023-05-11 09:31:48,MO2312-C-7000,MO2312-C-7000,117.2,0.0,0.0,0.0,6,124.8,130.8,13,117.2,119.0,0.0,0.0,0.0,0.0,262
2023-05-11 09:31:49,MO2312-C-7000,MO2312-C-7000,117.2,0.0,0.0,0.0,6,124.8,129.0,1,117.2,119.0,0.0,0.0,0.0,0.0,262
2023-05-11 09:31:49,MO2312-C-7000,MO2312-C-7000,117.2,0.0,0.0,0.0,6,124.8,129.0,7,117.2,119.0,0.0,0.0,0.0,0.0,262
2023-05-11 09:31:57,MO2312-C-7000,MO2312-C-7000,117.2,0.0,0.0,0.0,6,124.6,129.0,7,117.2,119.0,0.0,0.0,0.0,0.0,262
2023-05-11 09:32:00,MO2312-C-7000,MO2312-C-7000,117.2,0.0,0.0,0.0,6,124.6,129.0,6,117.2,119.0,0.0,0.0,0.0,0.0,262
2023-05-11 09:32:00,MO2312-C-7000,MO2312-C-7000,117.2,0.0,0.0,0.0,6,124.6,130.8,18,117.2,119.0,0.0,0.0,0.0,0.0,262
2023-05-11 09:32:01,MO2312-C-7000,MO2312-C-7000,117.2,0.0,0.0,0.0,6,124.6,130.2,1,117.2,119.0,0.0,0.0,0.0,0.0,262
2023-05-11 09:32:01,MO2312-C-7000,MO2312-C-7000,117.2,0.0,0.0,0.0,6,124.6,130.2,7,117.2,119.0,0.0,0.0,0.0,0.0,262
2023-05-11 09:32:17,MO2312-C-7000,MO2312-C-7000,117.2,0.0,0.0,0.0,6,124.8,130.2,7,117.2,119.0,0.0,0.0,0.0,0.0,262
2023-05-11 09:32:17,MO2312-C-7000,MO2312-C-7000,117.2,0.0,0.0,0.0,6,125.0,128.6,1,117.2,119.0,0.0,0.0,0.0,0.0,262
2023-05-11 09:32:18,MO2312-C-7000,MO2312-C-7000,117.2,0.0,0.0,0.0,6,124.6,128.6,1,117.2,119.0,0.0,0.0,0.0,0.0,262
2023-05-11 09:32:22,MO2312-C-7000,MO2312-C-7000,117.2,0.0,0.0,0.0,6,124.8,128.6,1,117.2,119.0,0.0,0.0,0.0,0.0,262
2023-05-11 09:32:22,MO2312-C-7000,MO2312-C-7000,117.2,0.0,0.0,0.0,6,125.0,128.6,1,117.2,119.0,0.0,0.0,0.0,0.0,262
2023-05-11 09:32:23,MO2312-C-7000,MO2312-C-7000,117.2,0.0,0.0,0.0,6,124.6,128.6,1,117.2,119.0,0.0,0.0,0.0,0.0,262
2023-05-11 09:32:24,MO2312-C-7000,MO2312-C-7000,117.2,0.0,0.0,0.0,6,124.4,128.6,1,117.2,119.0,0.0,0.0,0.0,0.0,262
2023-05-11 09:32:28,MO2312-C-7000,MO2312-C-7000,117.2,0.0,0.0,0.0,6,124.4,128.6,7,117.2,119.0,0.0,0.0,0.0,0.0,262
2023-05-11 09:32:33,MO2312-C-7000,MO2312-C-7000,117.2,0.0,0.0,0.0,42,124.0,128.4,6,117.2,119.0,0.0,0.0,0.0,0.0,262
2023-05-11 09:32:34,MO2312-C-7000,MO2312-C-7000,117.2,0.0,0.0,0.0,6,124.0,128.4,6,117.2,119.0,0.0,0.0,0.0,0.0,262
2023-05-11 09:32:34,MO2312-C-7000,MO2312-C-7000,117.2,0.0,0.0,0.0,30,123.0,128.2,6,117.2,119.0,0.0,0.0,0.0,0.0,262
2023-05-11 09:32:35,MO2312-C-7000,MO2312-C-7000,117.2,0.0,0.0,0.0,12,123.2,128.2,12,117.2,119.0,0.0,0.0,0.0,0.0,262
2023-05-11 09:32:35,MO2312-C-7000,MO2312-C-7000,117.2,0.0,0.0,0.0,6,123.4,128.0,6,117.2,119.0,0.0,0.0,0.0,0.0,262
2023-05-11 09:32:38,MO2312-C-7000,MO2312-C-7000,117.2,0.0,0.0,0.0,6,123.2,128.0,6,117.2,119.0,0.0,0.0,0.0,0.0,262
2023-05-11 09:32:38,MO2312-C-7000,MO2312-C-7000,117.2,0.0,0.0,0.0,6,123.2,127.2,1,117.2,119.0,0.0,0.0,0.0,0.0,262
2023-05-11 09:32:39,MO2312-C-7000,MO2312-C-7000,117.2,0.0,0.0,0.0,6,123.2,127.0,12,117.2,119.0,0.0,0.0,0.0,0.0,262
2023-05-11 09:32:41,MO2312-C-7000,MO2312-C-7000,117.2,0.0,0.0,0.0,6,123.4,127.0,6,117.2,119.0,0.0,0.0,0.0,0.0,262
2023-05-11 09:32:42,MO2312-C-7000,MO2312-C-7000,117.2,0.0,0.0,0.0,6,123.2,127.0,6,117.2,119.0,0.0,0.0,0.0,0.0,262
2023-05-11 09:32:42,MO2312-C-7000,MO2312-C-7000,117.2,0.0,0.0,0.0,6,122.8,127.0,6,117.2,119.0,0.0,0.0,0.0,0.0,262
2023-05-11 09:32:43,MO2312-C-7000,MO2312-C-7000,117.2,0.0,0.0,0.0,6,122.6,127.0,6,117.2,119.0,0.0,0.0,0.0,0.0,262
2023-05-11 09:32:44,MO2312-C-7000,MO2312-C-7000,117.2,0.0,0.0,0.0,6,122.8,127.0,6,117.2,119.0,0.0,0.0,0.0,0.0,262
2023-05-11 09:32:44,MO2312-C-7000,MO2312-C-7000,117.2,0.0,0.0,0.0,6,123.0,127.0,6,117.2,119.0,0.0,0.0,0.0,0.0,262
2023-05-11 09:32:51,MO2312-C-7000,MO2312-C-7000,117.2,0.0,0.0,0.0,6,123.0,127.2,13,117.2,119.0,0.0,0.0,0.0,0.0,262
2023-05-11 09:33:01,MO2312-C-7000,MO2312-C-7000,117.2,0.0,0.0,0.0,6,123.0,127.2,7,117.2,119.0,0.0,0.0,0.0,0.0,262
2023-05-11 09:33:01,MO2312-C-7000,MO2312-C-7000,117.2,0.0,0.0,0.0,6,123.0,127.2,1,117.2,119.0,0.0,0.0,0.0,0.0,262
2023-05-11 09:33:06,MO2312-C-7000,MO2312-C-7000,117.2,0.0,0.0,0.0,6,123.0,127.2,7,117.2,119.0,0.0,0.0,0.0,0.0,262
2023-05-11 09:33:06,MO2312-C-7000,MO2312-C-7000,117.2,0.0,0.0,0.0,6,122.8,127.2,1,117.2,119.0,0.0,0.0,0.0,0.0,262
2023-05-11 09:33:07,MO2312-C-7000,MO2312-C-7000,117.2,0.0,0.0,0.0,6,122.6,127.2,1,117.2,119.0,0.0,0.0,0.0,0.0,262
2023-05-11 09:33:08,MO2312-C-7000,MO2312-C-7000,117.2,0.0,0.0,0.0,6,122.6,127.6,30,117.2,119.0,0.0,0.0,0.0,0.0,262
2023-05-11 09:33:09,MO2312-C-7000,MO2312-C-7000,117.2,0.0,0.0,0.0,6,122.6,127.6,24,117.2,119.0,0.0,0.0,0.0,0.0,262
2023-05-11 09:33:17,MO2312-C-7000,MO2312-C-7000,117.2,0.0,0.0,0.0,6,122.6,127.6,18,117.2,119.0,0.0,0.0,0.0,0.0,262
2023-05-11 09:33:19,MO2312-C-7000,MO2312-C-7000,117.2,0.0,0.0,0.0,6,122.6,127.6,12,117.2,119.0,0.0,0.0,0.0,0.0,262
2023-05-11 09:33:20,MO2312-C-7000,MO2312-C-7000,117.2,0.0,0.0,0.0,6,122.6,127.6,6,117.2,119.0,0.0,0.0,0.0,0.0,262
2023-05-11 09:33:31,MO2312-C-7000,MO2312-C-7000,117.2,0.0,0.0,0.0,6,122.6,128.2,7,117.2,119.0,0.0,0.0,0.0,0.0,262
2023-05-11 09:33:31,MO2312-C-7000,MO2312-C-7000,117.2,0.0,0.0,0.0,6,122.8,128.2,1,117.2,119.0,0.0,0.0,0.0,0.0,262
2023-05-11 09:33:32,MO2312-C-7000,MO2312-C-7000,117.2,0.0,0.0,0.0,6,123.0,128.2,1,117.2,119.0,0.0,0.0,0.0,0.0,262
2023-05-11 09:33:36,MO2312-C-7000,MO2312-C-7000,117.2,0.0,0.0,0.0,6,123.2,128.2,1,117.2,119.0,0.0,0.0,0.0,0.0,262
2023-05-11 09:33:36,MO2312-C-7000,MO2312-C-7000,117.2,0.0,0.0,0.0,6,123.4,128.2,1,117.2,119.0,0.0,0.0,0.0,0.0,262
2023-05-11 09:33:37,MO2312-C-7000,MO2312-C-7000,117.2,0.0,0.0,0.0,7,123.4,128.2,1,117.2,119.0,0.0,0.0,0.0,0.0,262
2023-05-11 09:33:37,MO2312-C-7000,MO2312-C-7000,117.2,0.0,0.0,0.0,6,123.6,128.6,30,117.2,119.0,0.0,0.0,0.0,0.0,262
2023-05-11 09:33:38,MO2312-C-7000,MO2312-C-7000,117.2,0.0,0.0,0.0,6,123.6,128.6,6,117.2,119.0,0.0,0.0,0.0,0.0,262
2023-05-11 09:33:38,MO2312-C-7000,MO2312-C-7000,117.2,0.0,0.0,0.0,6,123.6,128.8,12,117.2,119.0,0.0,0.0,0.0,0.0,262
2023-05-11 09:33:39,MO2312-C-7000,MO2312-C-7000,117.2,0.0,0.0,0.0,6,123.6,128.8,6,117.2,119.0,0.0,0.0,0.0,0.0,262
2023-05-11 09:33:42,MO2312-C-7000,MO2312-C-7000,117.2,0.0,0.0,0.0,7,123.6,128.8,6,117.2,119.0,0.0,0.0,0.0,0.0,262
2023-05-11 09:33:42,MO2312-C-7000,MO2312-C-7000,117.2,0.0,0.0,0.0,6,123.8,128.8,6,117.2,119.0,0.0,0.0,0.0,0.0,262
2023-05-11 09:33:46,MO2312-C-7000,MO2312-C-7000,117.2,0.0,0.0,0.0,6,124.0,128.8,6,117.2,119.0,0.0,0.0,0.0,0.0,262
2023-05-11 09:33:47,MO2312-C-7000,MO2312-C-7000,117.2,0.0,0.0,0.0,6,124.2,128.8,6,117.2,119.0,0.0,0.0,0.0,0.0,262
2023-05-11 09:33:48,MO2312-C-7000,MO2312-C-7000,117.2,0.0,0.0,0.0,6,123.8,128.8,6,117.2,119.0,0.0,0.0,0.0,0.0,262
2023-05-11 09:33:48,MO2312-C-7000,MO2312-C-7000,117.2,0.0,0.0,0.0,6,124.0,128.8,6,117.2,119.0,0.0,0.0,0.0,0.0,262
2023-05-11 09:33:49,MO2312-C-7000,MO2312-C-7000,117.2,0.0,0.0,0.0,6,124.2,128.8,6,117.2,119.0,0.0,0.0,0.0,0.0,262
2023-05-11 09:33:50,MO2312-C-7000,MO2312-C-7000,117.2,0.0,0.0,0.0,6,123.8,128.8,6,117.2,119.0,0.0,0.0,0.0,0.0,262
2023-05-11 09:33:53,MO2312-C-7000,MO2312-C-7000,117.2,0.0,0.0,0.0,6,123.4,128.8,6,117.2,119.0,0.0,0.0,0.0,0.0,262
2023-05-11 09:34:02,MO2312-C-7000,MO2312-C-7000,117.2,0.0,0.0,0.0,7,123.4,128.8,6,117.2,119.0,0.0,0.0,0.0,0.0,262
2023-05-11 09:34:02,MO2312-C-7000,MO2312-C-7000,117.2,0.0,0.0,0.0,6,123.6,128.8,6,117.2,119.0,0.0,0.0,0.0,0.0,262
2023-05-11 09:34:07,MO2312-C-7000,MO2312-C-7000,117.2,0.0,0.0,0.0,8,123.6,128.8,6,117.2,119.0,0.0,0.0,0.0,0.0,262
2023-05-11 09:34:07,MO2312-C-7000,MO2312-C-7000,117.2,0.0,0.0,0.0,6,123.8,128.8,6,117.2,119.0,0.0,0.0,0.0,0.0,262
2023-05-11 09:34:31,MO2312-C-7000,MO2312-C-7000,117.2,0.0,0.0,0.0,7,123.8,128.8,6,117.2,119.0,0.0,0.0,0.0,0.0,262
2023-05-11 09:34:32,MO2312-C-7000,MO2312-C-7000,117.2,0.0,0.0,0.0,6,124.0,128.8,6,117.2,119.0,0.0,0.0,0.0,0.0,262
2023-05-11 09:34:32,MO2312-C-7000,MO2312-C-7000,117.2,0.0,0.0,0.0,8,124.0,128.8,6,117.2,119.0,0.0,0.0,0.0,0.0,262
2023-05-11 09:34:33,MO2312-C-7000,MO2312-C-7000,117.2,0.0,0.0,0.0,6,124.2,128.8,12,117.2,119.0,0.0,0.0,0.0,0.0,262
2023-05-11 09:34:38,MO2312-C-7000,MO2312-C-7000,117.2,0.0,0.0,0.0,6,124.2,128.8,6,117.2,119.0,0.0,0.0,0.0,0.0,262
2023-05-11 09:34:40,MO2312-C-7000,MO2312-C-7000,117.2,0.0,0.0,0.0,2,124.2,128.8,6,117.2,119.0,0.0,0.0,0.0,0.0,262
2023-05-11 09:34:41,MO2312-C-7000,MO2312-C-7000,117.2,0.0,0.0,0.0,6,124.4,128.8,6,117.2,119.0,0.0,0.0,0.0,0.0,262
2023-05-11 09:34:41,MO2312-C-7000,MO2312-C-7000,117.2,0.0,0.0,0.0,6,124.0,128.8,6,117.2,119.0,0.0,0.0,0.0,0.0,262
2023-05-11 09:34:42,MO2312-C-7000,MO2312-C-7000,117.2,0.0,0.0,0.0,8,124.0,128.8,6,117.2,119.0,0.0,0.0,0.0,0.0,262
2023-05-11 09:34:42,MO2312-C-7000,MO2312-C-7000,117.2,0.0,0.0,0.0,6,124.2,128.8,6,117.2,119.0,0.0,0.0,0.0,0.0,262
2023-05-11 09:34:54,MO2312-C-7000,MO2312-C-7000,117.2,0.0,0.0,0.0,6,124.2,128.8,12,117.2,119.0,0.0,0.0,0.0,0.0,262
2023-05-11 09:35:03,MO2312-C-7000,MO2312-C-7000,117.2,0.0,0.0,0.0,2,123.6,128.6,6,117.2,119.0,0.0,0.0,0.0,0.0,262
2023-05-11 09:35:03,MO2312-C-7000,MO2312-C-7000,117.2,0.0,0.0,0.0,13,123.4,128.6,6,117.2,119.0,0.0,0.0,0.0,0.0,262
2023-05-11 09:35:04,MO2312-C-7000,MO2312-C-7000,117.2,0.0,0.0,0.0,7,123.4,128.4,6,117.2,119.0,0.0,0.0,0.0,0.0,262
2023-05-11 09:35:04,MO2312-C-7000,MO2312-C-7000,117.2,0.0,0.0,0.0,6,123.6,128.4,12,117.2,119.0,0.0,0.0,0.0,0.0,262
2023-05-11 09:35:06,MO2312-C-7000,MO2312-C-7000,117.2,0.0,0.0,0.0,3,123.4,128.2,6,117.2,119.0,0.0,0.0,0.0,0.0,262
2023-05-11 09:35:06,MO2312-C-7000,MO2312-C-7000,117.2,0.0,0.0,0.0,1,123.4,128.2,6,117.2,119.0,0.0,0.0,0.0,0.0,262
2023-05-11 09:35:11,MO2312-C-7000,MO2312-C-7000,117.2,0.0,0.0,0.0,6,123.6,128.4,6,117.2,119.0,0.0,0.0,0.0,0.0,262
2023-05-11 09:35:11,MO2312-C-7000,MO2312-C-7000,117.2,0.0,0.0,0.0,6,123.8,128.4,6,117.2,119.0,0.0,0.0,0.0,0.0,262
2023-05-11 09:35:12,MO2312-C-7000,MO2312-C-7000,117.2,0.0,0.0,0.0,6,124.0,128.2,6,117.2,119.0,0.0,0.0,0.0,0.0,262
2023-05-11 09:35:12,MO2312-C-7000,MO2312-C-7000,117.2,0.0,0.0,0.0,8,124.0,128.2,6,117.2,119.0,0.0,0.0,0.0,0.0,262
2023-05-11 09:35:13,MO2312-C-7000,MO2312-C-7000,117.2,0.0,0.0,0.0,6,124.0,128.2,6,117.2,119.0,0.0,0.0,0.0,0.0,262
2023-05-11 09:35:14,MO2312-C-7000,MO2312-C-7000,117.2,0.0,0.0,0.0,8,124.0,128.4,6,117.2,119.0,0.0,0.0,0.0,0.0,262
2023-05-11 09:35:15,MO2312-C-7000,MO2312-C-7000,117.2,0.0,0.0,0.0,6,124.2,128.4,6,117.2,119.0,0.0,0.0,0.0,0.0,262
2023-05-11 09:35:19,MO2312-C-7000,MO2312-C-7000,117.2,0.0,0.0,0.0,6,124.0,128.2,6,117.2,119.0,0.0,0.0,0.0,0.0,262
2023-05-11 09:35:20,MO2312-C-7000,MO2312-C-7000,117.2,0.0,0.0,0.0,6,123.6,128.2,6,117.2,119.0,0.0,0.0,0.0,0.0,262
2023-05-11 09:35:20,MO2312-C-7000,MO2312-C-7000,117.2,0.0,0.0,0.0,26,123.2,128.2,6,117.2,119.0,0.0,0.0,0.0,0.0,262
2023-05-11 09:35:21,MO2312-C-7000,MO2312-C-7000,117.2,0.0,0.0,0.0,14,123.2,128.2,6,117.2,119.0,0.0,0.0,0.0,0.0,262
2023-05-11 09:35:22,MO2312-C-7000,MO2312-C-7000,117.2,0.0,0.0,0.0,6,123.4,128.2,6,117.2,119.0,0.0,0.0,0.0,0.0,262
2023-05-11 09:35:23,MO2312-C-7000,MO2312-C-7000,117.2,0.0,0.0,0.0,14,123.2,128.2,6,117.2,119.0,0.0,0.0,0.0,0.0,262
2023-05-11 09:35:24,MO2312-C-7000,MO2312-C-7000,117.2,0.0,0.0,0.0,12,123.2,128.2,6,117.2,119.0,0.0,0.0,0.0,0.0,262
2023-05-11 09:35:24,MO2312-C-7000,MO2312-C-7000,117.2,0.0,0.0,0.0,6,123.2,128.2,6,117.2,119.0,0.0,0.0,0.0,0.0,262
2023-05-11 09:35:25,MO2312-C-7000,MO2312-C-7000,117.2,0.0,0.0,0.0,2,123.2,128.2,6,117.2,119.0,0.0,0.0,0.0,0.0,262
2023-05-11 09:35:25,MO2312-C-7000,MO2312-C-7000,117.2,0.0,0.0,0.0,1,123.0,128.2,6,117.2,119.0,0.0,0.0,0.0,0.0,262
2023-05-11 09:35:26,MO2312-C-7000,MO2312-C-7000,117.2,0.0,0.0,0.0,1,123.0,128.0,6,117.2,119.0,0.0,0.0,0.0,0.0,262
2023-05-11 09:35:26,MO2312-C-7000,MO2312-C-7000,117.2,0.0,0.0,0.0,1,123.0,127.8,6,117.2,119.0,0.0,0.0,0.0,0.0,262
2023-05-11 09:35:30,MO2312-C-7000,MO2312-C-7000,117.2,0.0,0.0,0.0,1,123.2,127.8,6,117.2,119.0,0.0,0.0,0.0,0.0,262
2023-05-11 09:35:33,MO2312-C-7000,MO2312-C-7000,117.2,0.0,0.0,0.0,26,122.8,127.8,6,117.2,119.0,0.0,0.0,0.0,0.0,262
2023-05-11 09:35:34,MO2312-C-7000,MO2312-C-7000,117.2,0.0,0.0,0.0,14,122.8,127.8,6,117.2,119.0,0.0,0.0,0.0,0.0,262
2023-05-11 09:35:37,MO2312-C-7000,MO2312-C-7000,117.2,0.0,0.0,0.0,6,122.8,127.8,6,117.2,119.0,0.0,0.0,0.0,0.0,262
2023-05-11 09:35:38,MO2312-C-7000,MO2312-C-7000,117.2,0.0,0.0,0.0,13,122.6,127.8,6,117.2,119.0,0.0,0.0,0.0,0.0,262
2023-05-11 09:35:38,MO2312-C-7000,MO2312-C-7000,117.2,0.0,0.0,0.0,6,122.8,126.8,1,117.2,119.0,0.0,0.0,0.0,0.0,262
2023-05-11 09:35:39,MO2312-C-7000,MO2312-C-7000,117.2,0.0,0.0,0.0,6,122.8,126.6,6,117.2,119.0,0.0,0.0,0.0,0.0,262
2023-05-11 09:35:39,MO2312-C-7000,MO2312-C-7000,117.2,0.0,0.0,0.0,9,122.6,126.6,6,117.2,119.0,0.0,0.0,0.0,0.0,262
2023-05-11 09:35:40,MO2312-C-7000,MO2312-C-7000,117.2,0.0,0.0,0.0,7,122.6,126.6,6,117.2,119.0,0.0,0.0,0.0,0.0,262
2023-05-11 09:35:42,MO2312-C-7000,MO2312-C-7000,117.2,0.0,0.0,0.0,6,122.6,126.6,6,117.2,119.0,0.0,0.0,0.0,0.0,262
2023-05-11 09:35:44,MO2312-C-7000,MO2312-C-7000,117.2,0.0,0.0,0.0,12,122.4,126.6,6,117.2,119.0,0.0,0.0,0.0,0.0,262
2023-05-11 09:35:45,MO2312-C-7000,MO2312-C-7000,117.2,0.0,0.0,0.0,6,122.4,126.6,6,117.2,119.0,0.0,0.0,0.0,0.0,262
2023-05-11 09:35:46,MO2312-C-7000,MO2312-C-7000,117.2,0.0,0.0,0.0,6,122.2,126.8,19,117.2,119.0,0.0,0.0,0.0,0.0,262
2023-05-11 09:35:48,MO2312-C-7000,MO2312-C-7000,117.2,0.0,0.0,0.0,6,122.2,126.8,13,117.2,119.0,0.0,0.0,0.0,0.0,262
2023-05-11 09:35:52,MO2312-C-7000,MO2312-C-7000,117.2,0.0,0.0,0.0,6,122.2,126.8,12,117.2,119.0,0.0,0.0,0.0,0.0,262
2023-05-11 09:35:52,MO2312-C-7000,MO2312-C-7000,117.2,0.0,0.0,0.0,6,122.2,126.8,6,117.2,119.0,0.0,0.0,0.0,0.0,262
2023-05-11 09:35:53,MO2312-C-7000,MO2312-C-7000,117.2,0.0,0.0,0.0,6,122.4,126.8,6,117.2,119.0,0.0,0.0,0.0,0.0,262
2023-05-11 09:35:53,MO2312-C-7000,MO2312-C-7000,117.2,0.0,0.0,0.0,6,122.6,126.8,6,117.2,119.0,0.0,0.0,0.0,0.0,262
2023-05-11 09:35:57,MO2312-C-7000,MO2312-C-7000,117.2,0.0,0.0,0.0,8,122.4,126.6,6,117.2,119.0,0.0,0.0,0.0,0.0,262
2023-05-11 09:35:57,MO2312-C-7000,MO2312-C-7000,117.2,0.0,0.0,0.0,12,122.6,126.8,6,117.2,119.0,0.0,0.0,0.0,0.0,262
2023-05-11 09:35:58,MO2312-C-7000,MO2312-C-7000,117.2,0.0,0.0,0.0,6,122.8,126.8,6,117.2,119.0,0.0,0.0,0.0,0.0,262
2023-05-11 09:35:58,MO2312-C-7000,MO2312-C-7000,117.2,0.0,0.0,0.0,6,122.2,126.8,6,117.2,119.0,0.0,0.0,0.0,0.0,262
2023-05-11 09:35:59,MO2312-C-7000,MO2312-C-7000,117.2,0.0,0.0,0.0,6,122.4,126.8,12,117.2,119.0,0.0,0.0,0.0,0.0,262
2023-05-11 09:35:59,MO2312-C-7000,MO2312-C-7000,117.2,0.0,0.0,0.0,6,122.4,126.6,6,117.2,119.0,0.0,0.0,0.0,0.0,262
2023-05-11 09:36:00,MO2312-C-7000,MO2312-C-7000,117.2,0.0,0.0,0.0,6,122.2,126.8,12,117.2,119.0,0.0,0.0,0.0,0.0,262
2023-05-11 09:36:00,MO2312-C-7000,MO2312-C-7000,117.2,0.0,0.0,0.0,6,122.4,126.8,12,117.2,119.0,0.0,0.0,0.0,0.0,262
2023-05-11 09:36:01,MO2312-C-7000,MO2312-C-7000,117.2,0.0,0.0,0.0,12,122.4,126.6,6,117.2,119.0,0.0,0.0,0.0,0.0,262
2023-05-11 09:36:01,MO2312-C-7000,MO2312-C-7000,117.2,0.0,0.0,0.0,15,122.0,126.6,6,117.2,119.0,0.0,0.0,0.0,0.0,262
2023-05-11 09:36:02,MO2312-C-7000,MO2312-C-7000,117.2,0.0,0.0,0.0,7,122.0,126.6,6,117.2,119.0,0.0,0.0,0.0,0.0,262
2023-05-11 09:36:02,MO2312-C-7000,MO2312-C-7000,117.2,0.0,0.0,0.0,1,122.0,126.6,6,117.2,119.0,0.0,0.0,0.0,0.0,262
2023-05-11 09:36:04,MO2312-C-7000,MO2312-C-7000,117.2,0.0,0.0,0.0,1,122.2,126.6,6,117.2,119.0,0.0,0.0,0.0,0.0,262
2023-05-11 09:36:07,MO2312-C-7000,MO2312-C-7000,117.2,0.0,0.0,0.0,6,122.4,123.2,1,117.2,119.0,0.0,0.0,0.0,0.0,262
2023-05-11 09:36:17,MO2312-C-7000,MO2312-C-7000,117.2,0.0,0.0,0.0,6,122.0,123.2,1,117.2,119.0,0.0,0.0,0.0,0.0,262
2023-05-11 09:36:32,MO2312-C-7000,MO2312-C-7000,117.2,0.0,0.0,0.0,14,121.8,123.2,1,117.2,119.0,0.0,0.0,0.0,0.0,262
2023-05-11 09:36:33,MO2312-C-7000,MO2312-C-7000,117.2,0.0,0.0,0.0,12,122.0,123.2,1,117.2,119.0,0.0,0.0,0.0,0.0,262
2023-05-11 09:36:33,MO2312-C-7000,MO2312-C-7000,117.2,0.0,0.0,0.0,6,122.2,123.2,1,117.2,119.0,0.0,0.0,0.0,0.0,262
2023-05-11 09:36:38,MO2312-C-7000,MO2312-C-7000,117.2,0.0,0.0,0.0,6,122.0,123.2,1,117.2,119.0,0.0,0.0,0.0,0.0,262
2023-05-11 09:36:39,MO2312-C-7000,MO2312-C-7000,117.2,0.0,0.0,0.0,6,121.8,123.2,1,117.2,119.0,0.0,0.0,0.0,0.0,262
2023-05-11 09:36:45,MO2312-C-7000,MO2312-C-7000,117.2,0.0,0.0,0.0,6,121.6,123.2,1,117.2,119.0,0.0,0.0,0.0,0.0,262
2023-05-11 09:36:45,MO2312-C-7000,MO2312-C-7000,117.2,0.0,0.0,0.0,6,121.4,123.2,1,117.2,119.0,0.0,0.0,0.0,0.0,262
2023-05-11 09:36:46,MO2312-C-7000,MO2312-C-7000,117.2,0.0,0.0,0.0,24,121.2,123.2,1,117.2,119.0,0.0,0.0,0.0,0.0,262
2023-05-11 09:36:47,MO2312-C-7000,MO2312-C-7000,117.2,0.0,0.0,0.0,12,121.2,123.2,1,117.2,119.0,0.0,0.0,0.0,0.0,262
2023-05-11 09:36:47,MO2312-C-7000,MO2312-C-7000,117.2,0.0,0.0,0.0,6,121.2,123.2,1,117.2,119.0,0.0,0.0,0.0,0.0,262
2023-05-11 09:36:48,MO2312-C-7000,MO2312-C-7000,117.2,0.0,0.0,0.0,6,121.0,123.2,1,117.2,119.0,0.0,0.0,0.0,0.0,262
2023-05-11 09:36:52,MO2312-C-7000,MO2312-C-7000,117.2,0.0,0.0,0.0,19,120.8,123.2,1,117.2,119.0,0.0,0.0,0.0,0.0,262
2023-05-11 09:36:53,MO2312-C-7000,MO2312-C-7000,117.2,0.0,0.0,0.0,13,120.8,123.2,1,117.2,119.0,0.0,0.0,0.0,0.0,262
2023-05-11 09:36:53,MO2312-C-7000,MO2312-C-7000,117.2,0.0,0.0,0.0,6,121.0,123.2,1,117.2,119.0,0.0,0.0,0.0,0.0,262
2023-05-11 09:36:54,MO2312-C-7000,MO2312-C-7000,117.2,0.0,0.0,0.0,6,121.2,123.2,1,117.2,119.0,0.0,0.0,0.0,0.0,262
2023-05-11 09:36:54,MO2312-C-7000,MO2312-C-7000,117.2,0.0,0.0,0.0,12,121.2,123.2,1,117.2,119.0,0.0,0.0,0.0,0.0,262
2023-05-11 09:36:56,MO2312-C-7000,MO2312-C-7000,117.2,0.0,0.0,0.0,6,121.4,123.2,1,117.2,119.0,0.0,0.0,0.0,0.0,262
2023-05-11 09:36:57,MO2312-C-7000,MO2312-C-7000,117.2,0.0,0.0,0.0,12,121.2,123.2,1,117.2,119.0,0.0,0.0,0.0,0.0,262
2023-05-11 09:36:57,MO2312-C-7000,MO2312-C-7000,117.2,0.0,0.0,0.0,6,121.4,123.2,1,117.2,119.0,0.0,0.0,0.0,0.0,262
2023-05-11 09:36:58,MO2312-C-7000,MO2312-C-7000,117.2,0.0,0.0,0.0,13,121.2,123.2,1,117.2,119.0,0.0,0.0,0.0,0.0,262
2023-05-11 09:36:58,MO2312-C-7000,MO2312-C-7000,117.2,0.0,0.0,0.0,6,121.2,123.2,1,117.2,119.0,0.0,0.0,0.0,0.0,262
2023-05-11 09:36:59,MO2312-C-7000,MO2312-C-7000,117.2,0.0,0.0,0.0,6,121.0,123.2,1,117.2,119.0,0.0,0.0,0.0,0.0,262
2023-05-11 09:36:59,MO2312-C-7000,MO2312-C-7000,117.2,0.0,0.0,0.0,6,120.8,123.2,1,117.2,119.0,0.0,0.0,0.0,0.0,262
2023-05-11 09:37:03,MO2312-C-7000,MO2312-C-7000,117.2,0.0,0.0,0.0,19,120.6,123.2,1,117.2,119.0,0.0,0.0,0.0,0.0,262
2023-05-11 09:37:04,MO2312-C-7000,MO2312-C-7000,117.2,0.0,0.0,0.0,13,120.6,123.2,1,117.2,119.0,0.0,0.0,0.0,0.0,262
2023-05-11 09:37:05,MO2312-C-7000,MO2312-C-7000,117.2,0.0,0.0,0.0,6,120.8,123.2,1,117.2,119.0,0.0,0.0,0.0,0.0,262
2023-05-11 09:37:07,MO2312-C-7000,MO2312-C-7000,117.2,0.0,0.0,0.0,12,120.6,123.2,1,117.2,119.0,0.0,0.0,0.0,0.0,262
2023-05-11 09:37:08,MO2312-C-7000,MO2312-C-7000,117.2,0.0,0.0,0.0,6,120.6,123.2,1,117.2,119.0,0.0,0.0,0.0,0.0,262
2023-05-11 09:37:10,MO2312-C-7000,MO2312-C-7000,117.2,0.0,0.0,0.0,6,120.8,123.2,1,117.2,119.0,0.0,0.0,0.0,0.0,262
2023-05-11 09:37:10,MO2312-C-7000,MO2312-C-7000,117.2,0.0,0.0,0.0,6,121.0,123.2,1,117.2,119.0,0.0,0.0,0.0,0.0,262
2023-05-11 09:37:11,MO2312-C-7000,MO2312-C-7000,117.2,0.0,0.0,0.0,6,121.2,123.2,1,117.2,119.0,0.0,0.0,0.0,0.0,262
2023-05-11 09:37:12,MO2312-C-7000,MO2312-C-7000,117.2,0.0,0.0,0.0,6,121.4,123.2,1,117.2,119.0,0.0,0.0,0.0,0.0,262
2023-05-11 09:37:13,MO2312-C-7000,MO2312-C-7000,117.2,0.0,0.0,0.0,6,120.8,123.2,1,117.2,119.0,0.0,0.0,0.0,0.0,262
2023-05-11 09:37:16,MO2312-C-7000,MO2312-C-7000,117.2,0.0,0.0,0.0,6,120.6,123.2,1,117.2,119.0,0.0,0.0,0.0,0.0,262
2023-05-11 09:37:25,MO2312-C-7000,MO2312-C-7000,117.2,0.0,0.0,0.0,24,120.4,123.2,1,117.2,119.0,0.0,0.0,0.0,0.0,262
2023-05-11 09:37:25,MO2312-C-7000,MO2312-C-7000,117.2,0.0,0.0,0.0,12,120.4,123.2,1,117.2,119.0,0.0,0.0,0.0,0.0,262
2023-05-11 09:37:26,MO2312-C-7000,MO2312-C-7000,117.2,0.0,0.0,0.0,6,120.4,123.2,1,117.2,119.0,0.0,0.0,0.0,0.0,262
2023-05-11 09:38:11,MO2312-C-7000,MO2312-C-7000,117.2,0.0,0.0,0.0,7,120.4,123.2,1,117.2,119.0,0.0,0.0,0.0,0.0,262
2023-05-11 09:38:11,MO2312-C-7000,MO2312-C-7000,117.2,0.0,0.0,0.0,6,120.6,123.2,1,117.2,119.0,0.0,0.0,0.0,0.0,262
2023-05-11 09:38:12,MO2312-C-7000,MO2312-C-7000,117.2,0.0,0.0,0.0,6,120.8,123.2,1,117.2,119.0,0.0,0.0,0.0,0.0,262
2023-05-11 09:38:12,MO2312-C-7000,MO2312-C-7000,117.2,0.0,0.0,0.0,6,121.0,123.2,1,117.2,119.0,0.0,0.0,0.0,0.0,262
2023-05-11 09:38:16,MO2312-C-7000,MO2312-C-7000,117.2,0.0,0.0,0.0,7,121.0,123.2,1,117.2,119.0,0.0,0.0,0.0,0.0,262
2023-05-11 09:38:17,MO2312-C-7000,MO2312-C-7000,117.2,0.0,0.0,0.0,6,121.2,123.2,1,117.2,119.0,0.0,0.0,0.0,0.0,262
2023-05-11 09:38:26,MO2312-C-7000,MO2312-C-7000,117.2,0.0,0.0,0.0,12,121.2,123.2,1,117.2,119.0,0.0,0.0,0.0,0.0,262
2023-05-11 09:38:26,MO2312-C-7000,MO2312-C-7000,117.2,0.0,0.0,0.0,6,121.4,123.2,1,117.2,119.0,0.0,0.0,0.0,0.0,262
2023-05-11 09:38:41,MO2312-C-7000,MO2312-C-7000,117.2,0.0,0.0,0.0,12,121.2,123.2,1,117.2,119.0,0.0,0.0,0.0,0.0,262
2023-05-11 09:38:41,MO2312-C-7000,MO2312-C-7000,117.2,0.0,0.0,0.0,6,121.2,123.2,1,117.2,119.0,0.0,0.0,0.0,0.0,262
2023-05-11 09:38:42,MO2312-C-7000,MO2312-C-7000,117.2,0.0,0.0,0.0,6,121.0,123.2,1,117.2,119.0,0.0,0.0,0.0,0.0,262
2023-05-11 09:38:46,MO2312-C-7000,MO2312-C-7000,117.2,0.0,0.0,0.0,6,121.2,123.2,1,117.2,119.0,0.0,0.0,0.0,0.0,262
2023-05-11 09:38:46,MO2312-C-7000,MO2312-C-7000,117.2,0.0,0.0,0.0,6,121.4,123.2,1,117.2,119.0,0.0,0.0,0.0,0.0,262
2023-05-11 09:38:48,MO2312-C-7000,MO2312-C-7000,117.2,0.0,0.0,0.0,6,121.0,123.2,1,117.2,119.0,0.0,0.0,0.0,0.0,262
2023-05-11 09:39:01,MO2312-C-7000,MO2312-C-7000,117.2,0.0,0.0,0.0,6,121.2,123.2,1,117.2,119.0,0.0,0.0,0.0,0.0,262
2023-05-11 09:39:01,MO2312-C-7000,MO2312-C-7000,117.2,0.0,0.0,0.0,12,121.2,123.2,1,117.2,119.0,0.0,0.0,0.0,0.0,262
2023-05-11 09:39:02,MO2312-C-7000,MO2312-C-7000,117.2,0.0,0.0,0.0,6,121.2,123.2,1,117.2,119.0,0.0,0.0,0.0,0.0,262
2023-05-11 09:39:02,MO2312-C-7000,MO2312-C-7000,117.2,0.0,0.0,0.0,6,121.0,123.2,1,117.2,119.0,0.0,0.0,0.0,0.0,262
2023-05-11 09:39:03,MO2312-C-7000,MO2312-C-7000,117.2,0.0,0.0,0.0,6,121.2,123.2,1,117.2,119.0,0.0,0.0,0.0,0.0,262
2023-05-11 09:39:03,MO2312-C-7000,MO2312-C-7000,117.2,0.0,0.0,0.0,6,121.4,123.2,1,117.2,119.0,0.0,0.0,0.0,0.0,262
2023-05-11 09:39:13,MO2312-C-7000,MO2312-C-7000,117.2,0.0,0.0,0.0,6,121.2,123.2,1,117.2,119.0,0.0,0.0,0.0,0.0,262
2023-05-11 09:39:13,MO2312-C-7000,MO2312-C-7000,117.2,0.0,0.0,0.0,6,121.0,123.2,1,117.2,119.0,0.0,0.0,0.0,0.0,262
2023-05-11 09:39:27,MO2312-C-7000,MO2312-C-7000,117.2,0.0,0.0,0.0,6,121.2,123.2,1,117.2,119.0,0.0,0.0,0.0,0.0,262
2023-05-11 09:39:27,MO2312-C-7000,MO2312-C-7000,117.2,0.0,0.0,0.0,6,121.4,123.2,1,117.2,119.0,0.0,0.0,0.0,0.0,262
2023-05-11 09:39:51,MO2312-C-7000,MO2312-C-7000,117.2,0.0,0.0,0.0,8,121.4,123.2,1,117.2,119.0,0.0,0.0,0.0,0.0,262
2023-05-11 09:39:51,MO2312-C-7000,MO2312-C-7000,117.2,0.0,0.0,0.0,6,121.6,123.2,1,117.2,119.0,0.0,0.0,0.0,0.0,262
2023-05-11 09:40:02,MO2312-C-7000,MO2312-C-7000,117.2,0.0,0.0,0.0,6,121.8,123.2,1,117.2,119.0,0.0,0.0,0.0,0.0,262
2023-05-11 09:40:02,MO2312-C-7000,MO2312-C-7000,117.2,0.0,0.0,0.0,6,122.0,123.2,1,117.2,119.0,0.0,0.0,0.0,0.0,262
2023-05-11 09:40:57,MO2312-C-7000,MO2312-C-7000,117.2,0.0,0.0,0.0,6,121.6,123.2,1,117.2,119.0,0.0,0.0,0.0,0.0,262
2023-05-11 09:41:09,MO2312-C-7000,MO2312-C-7000,117.2,0.0,0.0,0.0,6,121.0,123.2,1,117.2,119.0,0.0,0.0,0.0,0.0,262
2023-05-11 09:41:12,MO2312-C-7000,MO2312-C-7000,117.2,0.0,0.0,0.0,8,121.0,123.2,1,117.2,119.0,0.0,0.0,0.0,0.0,262
2023-05-11 09:41:13,MO2312-C-7000,MO2312-C-7000,117.2,0.0,0.0,0.0,6,121.2,123.2,1,117.2,119.0,0.0,0.0,0.0,0.0,262
2023-05-11 09:41:53,MO2312-C-7000,MO2312-C-7000,117.2,0.0,0.0,0.0,8,121.2,123.2,1,117.2,119.0,0.0,0.0,0.0,0.0,262
2023-05-11 09:41:54,MO2312-C-7000,MO2312-C-7000,117.2,0.0,0.0,0.0,6,121.4,123.2,1,117.2,119.0,0.0,0.0,0.0,0.0,262
2023-05-11 09:42:09,MO2312-C-7000,MO2312-C-7000,117.2,0.0,0.0,0.0,6,121.6,123.2,1,117.2,119.0,0.0,0.0,0.0,0.0,262
2023-05-11 09:42:09,MO2312-C-7000,MO2312-C-7000,117.2,0.0,0.0,0.0,6,121.8,123.2,1,117.2,119.0,0.0,0.0,0.0,0.0,262
2023-05-11 09:42:10,MO2312-C-7000,MO2312-C-7000,117.2,0.0,0.0,0.0,8,121.8,123.2,1,117.2,119.0,0.0,0.0,0.0,0.0,262
2023-05-11 09:42:11,MO2312-C-7000,MO2312-C-7000,117.2,0.0,0.0,0.0,6,122.0,123.2,1,117.2,119.0,0.0,0.0,0.0,0.0,262
2023-05-11 09:42:12,MO2312-C-7000,MO2312-C-7000,117.2,0.0,0.0,0.0,6,122.2,123.2,1,117.2,119.0,0.0,0.0,0.0,0.0,262
2023-05-11 09:42:12,MO2312-C-7000,MO2312-C-7000,117.2,0.0,0.0,0.0,6,122.4,123.2,1,117.2,119.0,0.0,0.0,0.0,0.0,262
2023-05-11 09:42:17,MO2312-C-7000,MO2312-C-7000,117.2,0.0,0.0,0.0,12,122.2,123.2,1,117.2,119.0,0.0,0.0,0.0,0.0,262
2023-05-11 09:42:17,MO2312-C-7000,MO2312-C-7000,117.2,0.0,0.0,0.0,6,122.2,123.2,1,117.2,119.0,0.0,0.0,0.0,0.0,262
2023-05-11 09:42:18,MO2312-C-7000,MO2312-C-7000,117.2,0.0,0.0,0.0,6,122.0,123.2,1,117.2,119.0,0.0,0.0,0.0,0.0,262
2023-05-11 09:42:18,MO2312-C-7000,MO2312-C-7000,117.2,0.0,0.0,0.0,6,121.4,123.2,1,117.2,119.0,0.0,0.0,0.0,0.0,262
2023-05-11 09:42:21,MO2312-C-7000,MO2312-C-7000,117.2,0.0,0.0,0.0,8,121.4,123.2,1,117.2,119.0,0.0,0.0,0.0,0.0,262
2023-05-11 09:42:21,MO2312-C-7000,MO2312-C-7000,117.2,0.0,0.0,0.0,6,121.6,123.2,1,117.2,119.0,0.0,0.0,0.0,0.0,262
2023-05-11 09:42:23,MO2312-C-7000,MO2312-C-7000,117.2,0.0,0.0,0.0,6,121.8,123.2,1,117.2,119.0,0.0,0.0,0.0,0.0,262
2023-05-11 09:42:23,MO2312-C-7000,MO2312-C-7000,117.2,0.0,0.0,0.0,6,122.0,123.2,1,117.2,119.0,0.0,0.0,0.0,0.0,262
2023-05-11 09:43:32,MO2312-C-7000,MO2312-C-7000,117.2,0.0,0.0,0.0,6,121.6,123.2,1,117.2,119.0,0.0,0.0,0.0,0.0,262
2023-05-11 09:43:37,MO2312-C-7000,MO2312-C-7000,117.2,0.0,0.0,0.0,6,121.0,123.2,1,117.2,119.0,0.0,0.0,0.0,0.0,262
2023-05-11 09:43:48,MO2312-C-7000,MO2312-C-7000,117.2,0.0,0.0,0.0,6,121.2,123.2,1,117.2,119.0,0.0,0.0,0.0,0.0,262
2023-05-11 09:43:49,MO2312-C-7000,MO2312-C-7000,117.2,0.0,0.0,0.0,6,121.4,123.2,1,117.2,119.0,0.0,0.0,0.0,0.0,262
2023-05-11 09:43:50,MO2312-C-7000,MO2312-C-7000,117.2,0.0,0.0,0.0,8,121.4,123.2,1,117.2,119.0,0.0,0.0,0.0,0.0,262
2023-05-11 09:43:50,MO2312-C-7000,MO2312-C-7000,117.2,0.0,0.0,0.0,6,121.6,123.2,1,117.2,119.0,0.0,0.0,0.0,0.0,262
2023-05-11 09:43:58,MO2312-C-7000,MO2312-C-7000,117.2,0.0,0.0,0.0,6,121.4,123.2,1,117.2,119.0,0.0,0.0,0.0,0.0,262
2023-05-11 09:44:10,MO2312-C-7000,MO2312-C-7000,117.2,0.0,0.0,0.0,8,121.4,123.2,1,117.2,119.0,0.0,0.0,0.0,0.0,262
2023-05-11 09:44:10,MO2312-C-7000,MO2312-C-7000,117.2,0.0,0.0,0.0,6,121.6,123.2,1,117.2,119.0,0.0,0.0,0.0,0.0,262
2023-05-11 09:44:20,MO2312-C-7000,MO2312-C-7000,117.2,0.0,0.0,0.0,12,121.6,123.2,1,117.2,119.0,0.0,0.0,0.0,0.0,262
2023-05-11 09:44:20,MO2312-C-7000,MO2312-C-7000,117.2,0.0,0.0,0.0,6,121.8,123.2,1,117.2,119.0,0.0,0.0,0.0,0.0,262
2023-05-11 09:44:24,MO2312-C-7000,MO2312-C-7000,117.2,0.0,0.0,0.0,6,121.6,123.2,1,117.2,119.0,0.0,0.0,0.0,0.0,262
2023-05-11 09:44:30,MO2312-C-7000,MO2312-C-7000,117.2,0.0,0.0,0.0,6,121.2,123.2,1,117.2,119.0,0.0,0.0,0.0,0.0,262
2023-05-11 09:44:57,MO2312-C-7000,MO2312-C-7000,117.2,0.0,0.0,0.0,6,121.0,123.2,1,117.2,119.0,0.0,0.0,0.0,0.0,262
2023-05-11 09:45:06,MO2312-C-7000,MO2312-C-7000,117.2,0.0,0.0,0.0,12,120.8,123.2,1,117.2,119.0,0.0,0.0,0.0,0.0,262
2023-05-11 09:45:07,MO2312-C-7000,MO2312-C-7000,117.2,0.0,0.0,0.0,24,120.4,123.2,1,117.2,119.0,0.0,0.0,0.0,0.0,262
2023-05-11 09:45:07,MO2312-C-7000,MO2312-C-7000,117.2,0.0,0.0,0.0,6,120.4,123.2,1,117.2,119.0,0.0,0.0,0.0,0.0,262
2023-05-11 09:45:17,MO2312-C-7000,MO2312-C-7000,117.2,0.0,0.0,0.0,6,120.2,123.2,1,117.2,119.0,0.0,0.0,0.0,0.0,262
2023-05-11 09:45:54,MO2312-C-7000,MO2312-C-7000,117.2,0.0,0.0,0.0,12,120.0,123.2,1,117.2,119.0,0.0,0.0,0.0,0.0,262
2023-05-11 09:45:55,MO2312-C-7000,MO2312-C-7000,117.2,0.0,0.0,0.0,12,119.8,123.2,1,117.2,119.0,0.0,0.0,0.0,0.0,262
2023-05-11 09:45:55,MO2312-C-7000,MO2312-C-7000,117.2,0.0,0.0,0.0,6,119.8,123.2,1,117.2,119.0,0.0,0.0,0.0,0.0,262
2023-05-11 09:45:56,MO2312-C-7000,MO2312-C-7000,117.2,0.0,0.0,0.0,24,119.6,123.2,7,117.2,119.0,0.0,0.0,0.0,0.0,262
2023-05-11 09:45:56,MO2312-C-7000,MO2312-C-7000,117.2,0.0,0.0,0.0,6,119.6,123.2,13,117.2,119.0,0.0,0.0,0.0,0.0,262
2023-05-11 09:45:57,MO2312-C-7000,MO2312-C-7000,117.2,0.0,0.0,0.0,6,119.4,123.2,19,117.2,119.0,0.0,0.0,0.0,0.0,262
2023-05-11 09:46:04,MO2312-C-7000,MO2312-C-7000,117.2,0.0,0.0,0.0,12,119.2,123.0,6,117.2,119.0,0.0,0.0,0.0,0.0,262
2023-05-11 09:46:05,MO2312-C-7000,MO2312-C-7000,117.2,0.0,0.0,0.0,6,119.0,123.0,6,117.2,119.0,0.0,0.0,0.0,0.0,262
2023-05-11 09:46:05,MO2312-C-7000,MO2312-C-7000,117.2,0.0,0.0,0.0,24,118.8,123.0,6,117.2,119.0,0.0,0.0,0.0,0.0,262
2023-05-11 09:46:06,MO2312-C-7000,MO2312-C-7000,117.2,0.0,0.0,0.0,12,118.8,123.0,6,117.2,119.0,0.0,0.0,0.0,0.0,262
2023-05-11 09:46:06,MO2312-C-7000,MO2312-C-7000,117.2,0.0,0.0,0.0,6,118.8,123.0,6,117.2,119.0,0.0,0.0,0.0,0.0,262
2023-05-11 09:46:07,MO2312-C-7000,MO2312-C-7000,117.2,0.0,0.0,0.0,6,118.4,123.2,13,117.2,119.0,0.0,0.0,0.0,0.0,262
2023-05-11 09:46:07,MO2312-C-7000,MO2312-C-7000,117.2,0.0,0.0,0.0,6,118.6,123.0,6,117.2,119.0,0.0,0.0,0.0,0.0,262
2023-05-11 09:46:08,MO2312-C-7000,MO2312-C-7000,117.2,0.0,0.0,0.0,6,118.8,123.0,12,117.2,119.0,0.0,0.0,0.0,0.0,262
2023-05-11 09:46:08,MO2312-C-7000,MO2312-C-7000,117.2,0.0,0.0,0.0,6,118.6,122.8,6,117.2,119.0,0.0,0.0,0.0,0.0,262
2023-05-11 09:46:09,MO2312-C-7000,MO2312-C-7000,117.2,0.0,0.0,0.0,6,118.4,122.8,6,117.2,119.0,0.0,0.0,0.0,0.0,262
2023-05-11 09:46:11,MO2312-C-7000,MO2312-C-7000,117.2,0.0,0.0,0.0,6,118.6,123.0,6,117.2,119.0,0.0,0.0,0.0,0.0,262
2023-05-11 09:46:15,MO2312-C-7000,MO2312-C-7000,117.2,0.0,0.0,0.0,6,118.6,123.2,7,117.2,119.0,0.0,0.0,0.0,0.0,262
2023-05-11 09:46:16,MO2312-C-7000,MO2312-C-7000,117.2,0.0,0.0,0.0,6,118.6,123.2,1,117.2,119.0,0.0,0.0,0.0,0.0,262
2023-05-11 09:46:19,MO2312-C-7000,MO2312-C-7000,117.2,0.0,0.0,0.0,8,118.6,123.2,1,117.2,119.0,0.0,0.0,0.0,0.0,262
2023-05-11 09:46:20,MO2312-C-7000,MO2312-C-7000,117.2,0.0,0.0,0.0,6,118.8,123.2,1,117.2,119.0,0.0,0.0,0.0,0.0,262
2023-05-11 09:46:25,MO2312-C-7000,MO2312-C-7000,117.2,0.0,0.0,0.0,6,118.6,123.2,1,117.2,119.0,0.0,0.0,0.0,0.0,262
2023-05-11 09:46:30,MO2312-C-7000,MO2312-C-7000,117.2,0.0,0.0,0.0,8,118.6,123.2,1,117.2,119.0,0.0,0.0,0.0,0.0,262
2023-05-11 09:46:30,MO2312-C-7000,MO2312-C-7000,117.2,0.0,0.0,0.0,6,118.8,123.2,1,117.2,119.0,0.0,0.0,0.0,0.0,262
2023-05-11 09:46:35,MO2312-C-7000,MO2312-C-7000,117.2,0.0,0.0,0.0,6,118.6,123.2,1,117.2,119.0,0.0,0.0,0.0,0.0,262
2023-05-11 09:46:38,MO2312-C-7000,MO2312-C-7000,117.2,0.0,0.0,0.0,8,118.6,123.2,1,117.2,119.0,0.0,0.0,0.0,0.0,262
2023-05-11 09:46:38,MO2312-C-7000,MO2312-C-7000,117.2,0.0,0.0,0.0,6,118.8,123.2,1,117.2,119.0,0.0,0.0,0.0,0.0,262
2023-05-11 09:46:52,MO2312-C-7000,MO2312-C-7000,117.2,0.0,0.0,0.0,6,118.6,123.2,1,117.2,119.0,0.0,0.0,0.0,0.0,262
2023-05-11 09:46:52,MO2312-C-7000,MO2312-C-7000,117.2,0.0,0.0,0.0,6,118.4,123.2,1,117.2,119.0,0.0,0.0,0.0,0.0,262
2023-05-11 09:46:56,MO2312-C-7000,MO2312-C-7000,117.2,0.0,0.0,0.0,6,118.2,123.2,1,117.2,119.0,0.0,0.0,0.0,0.0,262
2023-05-11 09:46:56,MO2312-C-7000,MO2312-C-7000,117.2,0.0,0.0,0.0,9,118.2,123.2,1,117.2,119.0,0.0,0.0,0.0,0.0,262
2023-05-11 09:46:57,MO2312-C-7000,MO2312-C-7000,117.2,0.0,0.0,0.0,6,118.4,123.2,1,117.2,119.0,0.0,0.0,0.0,0.0,262
2023-05-11 09:47:01,MO2312-C-7000,MO2312-C-7000,117.2,0.0,0.0,0.0,8,118.4,123.2,1,117.2,119.0,0.0,0.0,0.0,0.0,262
2023-05-11 09:47:01,MO2312-C-7000,MO2312-C-7000,117.2,0.0,0.0,0.0,6,118.6,123.2,1,117.2,119.0,0.0,0.0,0.0,0.0,262
2023-05-11 09:47:16,MO2312-C-7000,MO2312-C-7000,117.2,0.0,0.0,0.0,6,118.2,123.2,1,117.2,119.0,0.0,0.0,0.0,0.0,262
2023-05-11 09:47:19,MO2312-C-7000,MO2312-C-7000,117.2,0.0,0.0,0.0,2,118.4,123.2,1,117.2,119.0,0.0,0.0,0.0,0.0,262
2023-05-11 09:47:20,MO2312-C-7000,MO2312-C-7000,117.2,0.0,0.0,0.0,6,118.6,123.2,1,117.2,119.0,0.0,0.0,0.0,0.0,262
2023-05-11 09:47:20,MO2312-C-7000,MO2312-C-7000,117.2,0.0,0.0,0.0,6,118.4,123.2,1,117.2,119.0,0.0,0.0,0.0,0.0,262
2023-05-11 09:47:22,MO2312-C-7000,MO2312-C-7000,117.2,0.0,0.0,0.0,6,118.2,123.2,1,117.2,119.0,0.0,0.0,0.0,0.0,262
2023-05-11 09:47:33,MO2312-C-7000,MO2312-C-7000,117.2,0.0,0.0,0.0,8,118.2,123.2,1,117.2,119.0,0.0,0.0,0.0,0.0,262
2023-05-11 09:47:34,MO2312-C-7000,MO2312-C-7000,117.2,0.0,0.0,0.0,6,118.4,123.2,1,117.2,119.0,0.0,0.0,0.0,0.0,262
2023-05-11 09:47:39,MO2312-C-7000,MO2312-C-7000,117.2,0.0,0.0,0.0,8,118.2,123.2,1,117.2,119.0,0.0,0.0,0.0,0.0,262
2023-05-11 09:47:39,MO2312-C-7000,MO2312-C-7000,117.2,0.0,0.0,0.0,6,118.4,123.2,1,117.2,119.0,0.0,0.0,0.0,0.0,262
2023-05-11 09:47:41,MO2312-C-7000,MO2312-C-7000,117.2,0.0,0.0,0.0,8,118.4,123.2,1,117.2,119.0,0.0,0.0,0.0,0.0,262
2023-05-11 09:47:42,MO2312-C-7000,MO2312-C-7000,117.2,0.0,0.0,0.0,6,118.6,123.2,1,117.2,119.0,0.0,0.0,0.0,0.0,262
2023-05-11 09:47:42,MO2312-C-7000,MO2312-C-7000,117.2,0.0,0.0,0.0,2,118.6,123.2,1,117.2,119.0,0.0,0.0,0.0,0.0,262
2023-05-11 09:47:43,MO2312-C-7000,MO2312-C-7000,117.2,0.0,0.0,0.0,6,118.8,123.2,1,117.2,119.0,0.0,0.0,0.0,0.0,262
2023-05-11 09:47:43,MO2312-C-7000,MO2312-C-7000,117.2,0.0,0.0,0.0,6,118.2,123.2,1,117.2,119.0,0.0,0.0,0.0,0.0,262
2023-05-11 09:47:44,MO2312-C-7000,MO2312-C-7000,117.2,0.0,0.0,0.0,10,118.2,123.2,1,117.2,119.0,0.0,0.0,0.0,0.0,262
2023-05-11 09:47:44,MO2312-C-7000,MO2312-C-7000,117.2,0.0,0.0,0.0,6,118.4,123.2,1,117.2,119.0,0.0,0.0,0.0,0.0,262
2023-05-11 09:47:58,MO2312-C-7000,MO2312-C-7000,117.2,0.0,0.0,0.0,6,118.2,123.2,1,117.2,119.0,0.0,0.0,0.0,0.0,262
2023-05-11 09:48:02,MO2312-C-7000,MO2312-C-7000,117.2,0.0,0.0,0.0,8,118.2,123.2,1,117.2,119.0,0.0,0.0,0.0,0.0,262
2023-05-11 09:48:02,MO2312-C-7000,MO2312-C-7000,117.2,0.0,0.0,0.0,6,118.4,123.2,1,117.2,119.0,0.0,0.0,0.0,0.0,262
2023-05-11 09:48:07,MO2312-C-7000,MO2312-C-7000,117.2,0.0,0.0,0.0,6,118.2,123.2,1,117.2,119.0,0.0,0.0,0.0,0.0,262
2023-05-11 09:48:07,MO2312-C-7000,MO2312-C-7000,117.2,0.0,0.0,0.0,8,118.2,123.2,1,117.2,119.0,0.0,0.0,0.0,0.0,262
2023-05-11 09:48:08,MO2312-C-7000,MO2312-C-7000,117.2,0.0,0.0,0.0,6,118.4,123.2,1,117.2,119.0,0.0,0.0,0.0,0.0,262
2023-05-11 09:48:08,MO2312-C-7000,MO2312-C-7000,117.2,0.0,0.0,0.0,6,118.2,123.2,1,117.2,119.0,0.0,0.0,0.0,0.0,262
2023-05-11 09:48:09,MO2312-C-7000,MO2312-C-7000,117.2,0.0,0.0,0.0,8,118.2,123.2,1,117.2,119.0,0.0,0.0,0.0,0.0,262
2023-05-11 09:48:10,MO2312-C-7000,MO2312-C-7000,117.2,0.0,0.0,0.0,6,118.4,123.2,1,117.2,119.0,0.0,0.0,0.0,0.0,262
2023-05-11 09:48:11,MO2312-C-7000,MO2312-C-7000,117.2,0.0,0.0,0.0,8,118.4,123.2,1,117.2,119.0,0.0,0.0,0.0,0.0,262
2023-05-11 09:48:11,MO2312-C-7000,MO2312-C-7000,117.2,0.0,0.0,0.0,6,118.6,123.2,1,117.2,119.0,0.0,0.0,0.0,0.0,262
2023-05-11 09:48:12,MO2312-C-7000,MO2312-C-7000,117.2,0.0,0.0,0.0,6,118.4,123.2,1,117.2,119.0,0.0,0.0,0.0,0.0,262
2023-05-11 09:48:14,MO2312-C-7000,MO2312-C-7000,117.2,0.0,0.0,0.0,6,118.2,123.2,1,117.2,119.0,0.0,0.0,0.0,0.0,262
2023-05-11 09:48:15,MO2312-C-7000,MO2312-C-7000,117.2,0.0,0.0,0.0,8,118.2,123.2,1,117.2,119.0,0.0,0.0,0.0,0.0,262
2023-05-11 09:48:15,MO2312-C-7000,MO2312-C-7000,117.2,0.0,0.0,0.0,6,118.4,123.2,1,117.2,119.0,0.0,0.0,0.0,0.0,262
2023-05-11 09:48:17,MO2312-C-7000,MO2312-C-7000,117.2,0.0,0.0,0.0,8,118.4,123.2,1,117.2,119.0,0.0,0.0,0.0,0.0,262
2023-05-11 09:48:17,MO2312-C-7000,MO2312-C-7000,117.2,0.0,0.0,0.0,8,118.6,123.2,1,117.2,119.0,0.0,0.0,0.0,0.0,262
2023-05-11 09:48:18,MO2312-C-7000,MO2312-C-7000,117.2,0.0,0.0,0.0,6,118.8,123.2,1,117.2,119.0,0.0,0.0,0.0,0.0,262
2023-05-11 09:48:19,MO2312-C-7000,MO2312-C-7000,117.2,0.0,0.0,0.0,6,118.6,123.2,1,117.2,119.0,0.0,0.0,0.0,0.0,262
2023-05-11 09:48:20,MO2312-C-7000,MO2312-C-7000,117.2,0.0,0.0,0.0,8,118.6,123.2,1,117.2,119.0,0.0,0.0,0.0,0.0,262
2023-05-11 09:48:21,MO2312-C-7000,MO2312-C-7000,117.2,0.0,0.0,0.0,6,118.8,123.2,1,117.2,119.0,0.0,0.0,0.0,0.0,262
2023-05-11 09:48:21,MO2312-C-7000,MO2312-C-7000,117.2,0.0,0.0,0.0,9,118.8,123.2,1,117.2,119.0,0.0,0.0,0.0,0.0,262
2023-05-11 09:48:22,MO2312-C-7000,MO2312-C-7000,117.2,0.0,0.0,0.0,6,119.0,123.2,1,117.2,119.0,0.0,0.0,0.0,0.0,262
2023-05-11 09:48:30,MO2312-C-7000,MO2312-C-7000,117.2,0.0,0.0,0.0,6,118.6,123.2,1,117.2,119.0,0.0,0.0,0.0,0.0,262
2023-05-11 09:48:47,MO2312-C-7000,MO2312-C-7000,117.2,0.0,0.0,0.0,8,118.6,123.2,1,117.2,119.0,0.0,0.0,0.0,0.0,262
2023-05-11 09:48:47,MO2312-C-7000,MO2312-C-7000,117.2,0.0,0.0,0.0,6,118.8,123.2,1,117.2,119.0,0.0,0.0,0.0,0.0,262
2023-05-11 09:48:48,MO2312-C-7000,MO2312-C-7000,117.2,0.0,0.0,0.0,6,118.6,123.2,1,117.2,119.0,0.0,0.0,0.0,0.0,262
2023-05-11 09:48:48,MO2312-C-7000,MO2312-C-7000,117.2,0.0,0.0,0.0,8,118.6,123.2,1,117.2,119.0,0.0,0.0,0.0,0.0,262
2023-05-11 09:48:49,MO2312-C-7000,MO2312-C-7000,117.2,0.0,0.0,0.0,6,118.8,123.2,1,117.2,119.0,0.0,0.0,0.0,0.0,262
2023-05-11 09:48:56,MO2312-C-7000,MO2312-C-7000,117.2,0.0,0.0,0.0,8,118.8,123.2,1,117.2,119.0,0.0,0.0,0.0,0.0,262
2023-05-11 09:48:57,MO2312-C-7000,MO2312-C-7000,117.2,0.0,0.0,0.0,6,119.0,123.2,1,117.2,119.0,0.0,0.0,0.0,0.0,262
2023-05-11 09:49:01,MO2312-C-7000,MO2312-C-7000,117.2,0.0,0.0,0.0,8,119.0,123.2,1,117.2,119.0,0.0,0.0,0.0,0.0,262
2023-05-11 09:49:01,MO2312-C-7000,MO2312-C-7000,117.2,0.0,0.0,0.0,2,119.4,123.2,1,117.2,119.0,0.0,0.0,0.0,0.0,262
2023-05-11 09:49:02,MO2312-C-7000,MO2312-C-7000,117.2,0.0,0.0,0.0,6,119.6,123.2,1,117.2,119.0,0.0,0.0,0.0,0.0,262
2023-05-11 09:49:02,MO2312-C-7000,MO2312-C-7000,117.2,0.0,0.0,0.0,6,119.8,123.2,1,117.2,119.0,0.0,0.0,0.0,0.0,262
2023-05-11 09:49:03,MO2312-C-7000,MO2312-C-7000,117.2,0.0,0.0,0.0,6,120.0,123.2,1,117.2,119.0,0.0,0.0,0.0,0.0,262
2023-05-11 09:49:03,MO2312-C-7000,MO2312-C-7000,117.2,0.0,0.0,0.0,8,120.0,123.2,1,117.2,119.0,0.0,0.0,0.0,0.0,262
2023-05-11 09:49:04,MO2312-C-7000,MO2312-C-7000,117.2,0.0,0.0,0.0,6,120.2,123.2,1,117.2,119.0,0.0,0.0,0.0,0.0,262
2023-05-11 09:49:04,MO2312-C-7000,MO2312-C-7000,117.2,0.0,0.0,0.0,6,120.4,123.2,1,117.2,119.0,0.0,0.0,0.0,0.0,262
2023-05-11 09:49:05,MO2312-C-7000,MO2312-C-7000,117.2,0.0,0.0,0.0,6,120.6,123.2,1,117.2,119.0,0.0,0.0,0.0,0.0,262
2023-05-11 09:49:10,MO2312-C-7000,MO2312-C-7000,117.2,0.0,0.0,0.0,6,120.0,123.2,1,117.2,119.0,0.0,0.0,0.0,0.0,262
2023-05-11 09:49:51,MO2312-C-7000,MO2312-C-7000,117.2,0.0,0.0,0.0,8,120.0,123.2,1,117.2,119.0,0.0,0.0,0.0,0.0,262
2023-05-11 09:49:51,MO2312-C-7000,MO2312-C-7000,117.2,0.0,0.0,0.0,6,120.2,123.2,1,117.2,119.0,0.0,0.0,0.0,0.0,262
2023-05-11 09:50:13,MO2312-C-7000,MO2312-C-7000,117.2,0.0,0.0,0.0,8,120.2,123.2,1,117.2,119.0,0.0,0.0,0.0,0.0,262
2023-05-11 09:50:13,MO2312-C-7000,MO2312-C-7000,117.2,0.0,0.0,0.0,6,120.4,123.2,1,117.2,119.0,0.0,0.0,0.0,0.0,262
2023-05-11 09:50:14,MO2312-C-7000,MO2312-C-7000,117.2,0.0,0.0,0.0,6,120.2,123.2,1,117.2,119.0,0.0,0.0,0.0,0.0,262
2023-05-11 09:50:16,MO2312-C-7000,MO2312-C-7000,117.2,0.0,0.0,0.0,8,120.2,123.2,1,117.2,119.0,0.0,0.0,0.0,0.0,262
2023-05-11 09:50:16,MO2312-C-7000,MO2312-C-7000,117.2,0.0,0.0,0.0,6,120.4,123.2,1,117.2,119.0,0.0,0.0,0.0,0.0,262
2023-05-11 09:50:17,MO2312-C-7000,MO2312-C-7000,117.2,0.0,0.0,0.0,2,120.4,123.2,1,117.2,119.0,0.0,0.0,0.0,0.0,262
2023-05-11 09:50:17,MO2312-C-7000,MO2312-C-7000,117.2,0.0,0.0,0.0,12,120.6,123.2,1,117.2,119.0,0.0,0.0,0.0,0.0,262
2023-05-11 09:50:18,MO2312-C-7000,MO2312-C-7000,117.2,0.0,0.0,0.0,6,120.8,123.2,1,117.2,119.0,0.0,0.0,0.0,0.0,262
2023-05-11 09:50:18,MO2312-C-7000,MO2312-C-7000,117.2,0.0,0.0,0.0,8,120.8,123.2,1,117.2,119.0,0.0,0.0,0.0,0.0,262
2023-05-11 09:50:19,MO2312-C-7000,MO2312-C-7000,117.2,0.0,0.0,0.0,6,121.0,123.2,1,117.2,119.0,0.0,0.0,0.0,0.0,262
2023-05-11 09:50:28,MO2312-C-7000,MO2312-C-7000,117.2,0.0,0.0,0.0,6,120.8,123.2,1,117.2,119.0,0.0,0.0,0.0,0.0,262
2023-05-11 09:50:29,MO2312-C-7000,MO2312-C-7000,117.2,0.0,0.0,0.0,8,120.8,123.2,1,117.2,119.0,0.0,0.0,0.0,0.0,262
2023-05-11 09:50:29,MO2312-C-7000,MO2312-C-7000,117.2,0.0,0.0,0.0,6,121.0,123.2,1,117.2,119.0,0.0,0.0,0.0,0.0,262
2023-05-11 09:50:30,MO2312-C-7000,MO2312-C-7000,117.2,0.0,0.0,0.0,8,120.8,123.2,1,117.2,119.0,0.0,0.0,0.0,0.0,262
2023-05-11 09:50:30,MO2312-C-7000,MO2312-C-7000,117.2,0.0,0.0,0.0,6,120.8,123.2,1,117.2,119.0,0.0,0.0,0.0,0.0,262
2023-05-11 09:50:38,MO2312-C-7000,MO2312-C-7000,117.2,0.0,0.0,0.0,8,120.8,123.2,1,117.2,119.0,0.0,0.0,0.0,0.0,262
2023-05-11 09:50:39,MO2312-C-7000,MO2312-C-7000,117.2,0.0,0.0,0.0,6,121.0,123.2,1,117.2,119.0,0.0,0.0,0.0,0.0,262
2023-05-11 09:50:58,MO2312-C-7000,MO2312-C-7000,117.2,0.0,0.0,0.0,6,121.2,123.2,1,117.2,119.0,0.0,0.0,0.0,0.0,262
2023-05-11 09:50:59,MO2312-C-7000,MO2312-C-7000,117.2,0.0,0.0,0.0,12,121.2,123.2,1,117.2,119.0,0.0,0.0,0.0,0.0,262
2023-05-11 09:51:01,MO2312-C-7000,MO2312-C-7000,117.2,0.0,0.0,0.0,14,121.2,123.2,1,117.2,119.0,0.0,0.0,0.0,0.0,262
2023-05-11 09:51:02,MO2312-C-7000,MO2312-C-7000,117.2,0.0,0.0,0.0,20,121.2,123.2,1,117.2,119.0,0.0,0.0,0.0,0.0,262
2023-05-11 09:51:06,MO2312-C-7000,MO2312-C-7000,117.2,0.0,0.0,0.0,18,121.2,123.2,1,117.2,119.0,0.0,0.0,0.0,0.0,262
2023-05-11 09:51:07,MO2312-C-7000,MO2312-C-7000,117.2,0.0,0.0,0.0,12,121.2,123.2,1,117.2,119.0,0.0,0.0,0.0,0.0,262
2023-05-11 09:51:08,MO2312-C-7000,MO2312-C-7000,117.2,0.0,0.0,0.0,6,121.2,123.2,1,117.2,119.0,0.0,0.0,0.0,0.0,262
2023-05-11 09:51:08,MO2312-C-7000,MO2312-C-7000,117.2,0.0,0.0,0.0,6,121.0,123.2,1,117.2,119.0,0.0,0.0,0.0,0.0,262
2023-05-11 09:51:40,MO2312-C-7000,MO2312-C-7000,117.2,0.0,0.0,0.0,6,121.2,123.2,1,117.2,119.0,0.0,0.0,0.0,0.0,262
2023-05-11 09:51:41,MO2312-C-7000,MO2312-C-7000,117.2,0.0,0.0,0.0,6,121.4,123.2,1,117.2,119.0,0.0,0.0,0.0,0.0,262
2023-05-11 09:51:53,MO2312-C-7000,MO2312-C-7000,117.2,0.0,0.0,0.0,14,121.2,123.2,1,117.2,119.0,0.0,0.0,0.0,0.0,262
2023-05-11 09:51:53,MO2312-C-7000,MO2312-C-7000,117.2,0.0,0.0,0.0,12,121.2,123.2,1,117.2,119.0,0.0,0.0,0.0,0.0,262
2023-05-11 09:52:01,MO2312-C-7000,MO2312-C-7000,117.2,0.0,0.0,0.0,6,121.2,123.2,1,117.2,119.0,0.0,0.0,0.0,0.0,262
2023-05-11 09:52:12,MO2312-C-7000,MO2312-C-7000,117.2,0.0,0.0,0.0,6,121.0,123.2,1,117.2,119.0,0.0,0.0,0.0,0.0,262
2023-05-11 09:52:13,MO2312-C-7000,MO2312-C-7000,117.2,0.0,0.0,0.0,6,120.8,123.2,1,117.2,119.0,0.0,0.0,0.0,0.0,262
2023-05-11 09:52:54,MO2312-C-7000,MO2312-C-7000,117.2,0.0,0.0,0.0,12,120.6,123.2,1,117.2,119.0,0.0,0.0,0.0,0.0,262
2023-05-11 09:52:54,MO2312-C-7000,MO2312-C-7000,117.2,0.0,0.0,0.0,6,120.4,123.2,1,117.2,119.0,0.0,0.0,0.0,0.0,262
2023-05-11 09:53:01,MO2312-C-7000,MO2312-C-7000,117.2,0.0,0.0,0.0,12,120.2,123.2,1,117.2,119.0,0.0,0.0,0.0,0.0,262
2023-05-11 09:53:01,MO2312-C-7000,MO2312-C-7000,117.2,0.0,0.0,0.0,6,120.2,123.2,1,117.2,119.0,0.0,0.0,0.0,0.0,262
2023-05-11 09:53:08,MO2312-C-7000,MO2312-C-7000,117.2,0.0,0.0,0.0,24,119.8,123.2,1,117.2,119.0,0.0,0.0,0.0,0.0,262
2023-05-11 09:53:09,MO2312-C-7000,MO2312-C-7000,117.2,0.0,0.0,0.0,18,119.6,123.2,1,117.2,119.0,0.0,0.0,0.0,0.0,262
2023-05-11 09:53:09,MO2312-C-7000,MO2312-C-7000,117.2,0.0,0.0,0.0,14,119.4,123.0,12,117.2,119.0,0.0,0.0,0.0,0.0,262
2023-05-11 09:53:10,MO2312-C-7000,MO2312-C-7000,117.2,0.0,0.0,0.0,2,119.4,123.0,12,117.2,119.0,0.0,0.0,0.0,0.0,262
2023-05-11 09:53:10,MO2312-C-7000,MO2312-C-7000,117.2,0.0,0.0,0.0,6,119.2,123.0,12,117.2,119.0,0.0,0.0,0.0,0.0,262
2023-05-11 09:53:11,MO2312-C-7000,MO2312-C-7000,117.2,0.0,0.0,0.0,8,119.2,123.0,12,117.2,119.0,0.0,0.0,0.0,0.0,262
2023-05-11 09:53:13,MO2312-C-7000,MO2312-C-7000,117.2,0.0,0.0,0.0,6,119.4,123.0,6,117.2,119.0,0.0,0.0,0.0,0.0,262
2023-05-11 09:53:14,MO2312-C-7000,MO2312-C-7000,117.2,0.0,0.0,0.0,6,119.4,123.2,1,117.2,119.0,0.0,0.0,0.0,0.0,262
2023-05-11 09:53:18,MO2312-C-7000,MO2312-C-7000,117.2,0.0,0.0,0.0,8,119.2,123.0,6,117.2,119.0,0.0,0.0,0.0,0.0,262
2023-05-11 09:53:20,MO2312-C-7000,MO2312-C-7000,117.2,0.0,0.0,0.0,8,119.2,123.0,12,117.2,119.0,0.0,0.0,0.0,0.0,262
2023-05-11 09:53:23,MO2312-C-7000,MO2312-C-7000,117.2,0.0,0.0,0.0,6,119.2,123.0,12,117.2,119.0,0.0,0.0,0.0,0.0,262
2023-05-11 09:53:24,MO2312-C-7000,MO2312-C-7000,117.2,0.0,0.0,0.0,8,119.2,123.0,12,117.2,119.0,0.0,0.0,0.0,0.0,262
2023-05-11 09:53:26,MO2312-C-7000,MO2312-C-7000,117.2,0.0,0.0,0.0,6,119.2,123.0,12,117.2,119.0,0.0,0.0,0.0,0.0,262
2023-05-11 09:53:31,MO2312-C-7000,MO2312-C-7000,117.2,0.0,0.0,0.0,20,119.0,122.8,6,117.2,119.0,0.0,0.0,0.0,0.0,262
2023-05-11 09:53:31,MO2312-C-7000,MO2312-C-7000,117.2,0.0,0.0,0.0,12,119.0,122.8,6,117.2,119.0,0.0,0.0,0.0,0.0,262
2023-05-11 09:53:32,MO2312-C-7000,MO2312-C-7000,117.2,0.0,0.0,0.0,6,119.0,122.8,6,117.2,119.0,0.0,0.0,0.0,0.0,262
2023-05-11 09:53:35,MO2312-C-7000,MO2312-C-7000,117.2,0.0,0.0,0.0,6,119.0,122.6,6,117.2,119.0,0.0,0.0,0.0,0.0,262
2023-05-11 09:53:37,MO2312-C-7000,MO2312-C-7000,117.2,0.0,0.0,0.0,2,118.8,122.4,6,117.2,119.0,0.0,0.0,0.0,0.0,262
2023-05-11 09:53:38,MO2312-C-7000,MO2312-C-7000,117.2,0.0,0.0,0.0,18,118.6,122.4,6,117.2,119.0,0.0,0.0,0.0,0.0,262
2023-05-11 09:53:38,MO2312-C-7000,MO2312-C-7000,117.2,0.0,0.0,0.0,12,118.6,122.4,6,117.2,119.0,0.0,0.0,0.0,0.0,262
2023-05-11 09:53:39,MO2312-C-7000,MO2312-C-7000,117.2,0.0,0.0,0.0,6,118.6,122.4,6,117.2,119.0,0.0,0.0,0.0,0.0,262
2023-05-11 09:53:44,MO2312-C-7000,MO2312-C-7000,117.2,0.0,0.0,0.0,6,118.6,122.6,6,117.2,119.0,0.0,0.0,0.0,0.0,262
2023-05-11 09:53:52,MO2312-C-7000,MO2312-C-7000,117.2,0.0,0.0,0.0,6,118.6,123.2,13,117.2,119.0,0.0,0.0,0.0,0.0,262
2023-05-11 09:53:53,MO2312-C-7000,MO2312-C-7000,117.2,0.0,0.0,0.0,6,118.8,123.2,7,117.2,119.0,0.0,0.0,0.0,0.0,262
2023-05-11 09:53:53,MO2312-C-7000,MO2312-C-7000,117.2,0.0,0.0,0.0,6,119.0,123.2,1,117.2,119.0,0.0,0.0,0.0,0.0,262
2023-05-11 09:53:54,MO2312-C-7000,MO2312-C-7000,117.2,0.0,0.0,0.0,6,118.6,123.2,1,117.2,119.0,0.0,0.0,0.0,0.0,262
2023-05-11 09:54:00,MO2312-C-7000,MO2312-C-7000,117.2,0.0,0.0,0.0,18,118.4,123.0,6,117.2,119.0,0.0,0.0,0.0,0.0,262
2023-05-11 09:54:00,MO2312-C-7000,MO2312-C-7000,117.2,0.0,0.0,0.0,12,118.6,123.2,1,117.2,119.0,0.0,0.0,0.0,0.0,262
2023-05-11 09:54:01,MO2312-C-7000,MO2312-C-7000,117.2,0.0,0.0,0.0,12,118.8,123.2,7,117.2,119.0,0.0,0.0,0.0,0.0,262
2023-05-11 09:54:01,MO2312-C-7000,MO2312-C-7000,117.2,0.0,0.0,0.0,6,119.0,123.2,1,117.2,119.0,0.0,0.0,0.0,0.0,262
2023-05-11 09:54:02,MO2312-C-7000,MO2312-C-7000,117.2,0.0,0.0,0.0,6,118.6,123.2,1,117.2,119.0,0.0,0.0,0.0,0.0,262
2023-05-11 09:54:02,MO2312-C-7000,MO2312-C-7000,117.2,0.0,0.0,0.0,12,118.4,123.2,1,117.2,119.0,0.0,0.0,0.0,0.0,262
2023-05-11 09:54:03,MO2312-C-7000,MO2312-C-7000,117.2,0.0,0.0,0.0,12,118.6,123.2,1,117.2,119.0,0.0,0.0,0.0,0.0,262
2023-05-11 09:54:03,MO2312-C-7000,MO2312-C-7000,117.2,0.0,0.0,0.0,6,118.8,123.2,1,117.2,119.0,0.0,0.0,0.0,0.0,262
2023-05-11 09:54:04,MO2312-C-7000,MO2312-C-7000,117.2,0.0,0.0,0.0,8,118.8,123.2,1,117.2,119.0,0.0,0.0,0.0,0.0,262
2023-05-11 09:54:05,MO2312-C-7000,MO2312-C-7000,117.2,0.0,0.0,0.0,6,119.0,123.2,1,117.2,119.0,0.0,0.0,0.0,0.0,262
2023-05-11 09:54:11,MO2312-C-7000,MO2312-C-7000,117.2,0.0,0.0,0.0,8,118.8,123.2,1,117.2,119.0,0.0,0.0,0.0,0.0,262
2023-05-11 09:54:12,MO2312-C-7000,MO2312-C-7000,117.2,0.0,0.0,0.0,6,119.0,123.2,1,117.2,119.0,0.0,0.0,0.0,0.0,262
2023-05-11 09:54:35,MO2312-C-7000,MO2312-C-7000,117.2,0.0,0.0,0.0,2,119.0,123.2,1,117.2,119.0,0.0,0.0,0.0,0.0,262
2023-05-11 09:54:35,MO2312-C-7000,MO2312-C-7000,117.2,0.0,0.0,0.0,6,119.2,123.2,1,117.2,119.0,0.0,0.0,0.0,0.0,262
2023-05-11 09:54:36,MO2312-C-7000,MO2312-C-7000,117.2,0.0,0.0,0.0,6,118.8,123.2,1,117.2,119.0,0.0,0.0,0.0,0.0,262
2023-05-11 09:54:36,MO2312-C-7000,MO2312-C-7000,117.2,0.0,0.0,0.0,8,118.8,123.2,1,117.2,119.0,0.0,0.0,0.0,0.0,262
2023-05-11 09:54:37,MO2312-C-7000,MO2312-C-7000,117.2,0.0,0.0,0.0,6,119.0,123.2,1,117.2,119.0,0.0,0.0,0.0,0.0,262
2023-05-11 09:54:40,MO2312-C-7000,MO2312-C-7000,117.2,0.0,0.0,0.0,12,119.0,123.2,1,117.2,119.0,0.0,0.0,0.0,0.0,262
2023-05-11 09:54:40,MO2312-C-7000,MO2312-C-7000,117.2,0.0,0.0,0.0,6,119.2,123.2,1,117.2,119.0,0.0,0.0,0.0,0.0,262
2023-05-11 09:54:41,MO2312-C-7000,MO2312-C-7000,117.2,0.0,0.0,0.0,8,119.2,123.2,1,117.2,119.0,0.0,0.0,0.0,0.0,262
2023-05-11 09:54:41,MO2312-C-7000,MO2312-C-7000,117.2,0.0,0.0,0.0,6,119.4,123.2,1,117.2,119.0,0.0,0.0,0.0,0.0,262
2023-05-11 09:55:04,MO2312-C-7000,MO2312-C-7000,117.2,0.0,0.0,0.0,6,119.0,123.2,1,117.2,119.0,0.0,0.0,0.0,0.0,262
2023-05-11 09:55:12,MO2312-C-7000,MO2312-C-7000,117.2,0.0,0.0,0.0,6,119.0,123.2,7,117.2,119.0,0.0,0.0,0.0,0.0,262
2023-05-11 09:55:13,MO2312-C-7000,MO2312-C-7000,117.2,0.0,0.0,0.0,6,118.8,123.2,7,117.2,119.0,0.0,0.0,0.0,0.0,262
2023-05-11 09:55:15,MO2312-C-7000,MO2312-C-7000,117.2,0.0,0.0,0.0,8,118.8,123.2,7,117.2,119.0,0.0,0.0,0.0,0.0,262
2023-05-11 09:55:15,MO2312-C-7000,MO2312-C-7000,117.2,0.0,0.0,0.0,6,119.0,123.2,7,117.2,119.0,0.0,0.0,0.0,0.0,262
2023-05-11 09:55:25,MO2312-C-7000,MO2312-C-7000,117.2,0.0,0.0,0.0,6,118.8,123.2,7,117.2,119.0,0.0,0.0,0.0,0.0,262
2023-05-11 09:55:28,MO2312-C-7000,MO2312-C-7000,117.2,0.0,0.0,0.0,8,118.8,123.2,7,117.2,119.0,0.0,0.0,0.0,0.0,262
2023-05-11 09:55:28,MO2312-C-7000,MO2312-C-7000,117.2,0.0,0.0,0.0,6,119.0,123.2,7,117.2,119.0,0.0,0.0,0.0,0.0,262
2023-05-11 09:55:33,MO2312-C-7000,MO2312-C-7000,117.2,0.0,0.0,0.0,6,119.0,123.2,13,117.2,119.0,0.0,0.0,0.0,0.0,262
2023-05-11 09:55:33,MO2312-C-7000,MO2312-C-7000,117.2,0.0,0.0,0.0,6,119.0,123.2,19,117.2,119.0,0.0,0.0,0.0,0.0,262
2023-05-11 09:55:34,MO2312-C-7000,MO2312-C-7000,117.2,0.0,0.0,0.0,6,118.8,123.2,13,117.2,119.0,0.0,0.0,0.0,0.0,262
2023-05-11 09:55:41,MO2312-C-7000,MO2312-C-7000,117.2,0.0,0.0,0.0,18,118.6,123.0,6,117.2,119.0,0.0,0.0,0.0,0.0,262
2023-05-11 09:55:41,MO2312-C-7000,MO2312-C-7000,117.2,0.0,0.0,0.0,12,118.6,123.0,6,117.2,119.0,0.0,0.0,0.0,0.0,262
2023-05-11 09:55:42,MO2312-C-7000,MO2312-C-7000,117.2,0.0,0.0,0.0,6,118.6,123.0,6,117.2,119.0,0.0,0.0,0.0,0.0,262
2023-05-11 09:55:51,MO2312-C-7000,MO2312-C-7000,117.2,0.0,0.0,0.0,6,118.6,122.4,1,117.2,119.0,0.0,0.0,0.0,0.0,262
2023-05-11 09:55:52,MO2312-C-7000,MO2312-C-7000,117.2,0.0,0.0,0.0,14,118.4,122.2,6,117.2,119.0,0.0,0.0,0.0,0.0,262
2023-05-11 09:55:52,MO2312-C-7000,MO2312-C-7000,117.2,0.0,0.0,0.0,8,118.4,122.2,6,117.2,119.0,0.0,0.0,0.0,0.0,262
2023-05-11 09:55:54,MO2312-C-7000,MO2312-C-7000,117.2,0.0,0.0,0.0,6,118.4,122.2,6,117.2,119.0,0.0,0.0,0.0,0.0,262
2023-05-11 09:55:54,MO2312-C-7000,MO2312-C-7000,117.2,0.0,0.0,0.0,6,118.4,122.4,18,117.2,119.0,0.0,0.0,0.0,0.0,262
2023-05-11 09:55:55,MO2312-C-7000,MO2312-C-7000,117.2,0.0,0.0,0.0,2,118.4,122.4,12,117.2,119.0,0.0,0.0,0.0,0.0,262
2023-05-11 09:55:55,MO2312-C-7000,MO2312-C-7000,117.2,0.0,0.0,0.0,6,118.4,122.2,6,117.2,119.0,0.0,0.0,0.0,0.0,262
2023-05-11 09:55:56,MO2312-C-7000,MO2312-C-7000,117.2,0.0,0.0,0.0,6,118.2,122.4,6,117.2,119.0,0.0,0.0,0.0,0.0,262
2023-05-11 09:55:56,MO2312-C-7000,MO2312-C-7000,117.2,0.0,0.0,0.0,2,118.2,122.2,6,117.2,119.0,0.0,0.0,0.0,0.0,262
2023-05-11 09:55:57,MO2312-C-7000,MO2312-C-7000,117.2,0.0,0.0,0.0,6,118.0,122.2,6,117.2,119.0,0.0,0.0,0.0,0.0,262
2023-05-11 09:55:57,MO2312-C-7000,MO2312-C-7000,117.2,0.0,0.0,0.0,13,117.8,122.2,6,117.2,119.0,0.0,0.0,0.0,0.0,262
2023-05-11 09:55:58,MO2312-C-7000,MO2312-C-7000,117.2,0.0,0.0,0.0,14,117.8,121.4,1,117.2,119.0,0.0,0.0,0.0,0.0,262
2023-05-11 09:55:58,MO2312-C-7000,MO2312-C-7000,117.2,0.0,0.0,0.0,12,118.0,121.4,1,117.2,119.0,0.0,0.0,0.0,0.0,262
2023-05-11 09:55:59,MO2312-C-7000,MO2312-C-7000,117.2,0.0,0.0,0.0,6,118.2,121.4,1,117.2,119.0,0.0,0.0,0.0,0.0,262
2023-05-11 09:55:59,MO2312-C-7000,MO2312-C-7000,117.2,0.0,0.0,0.0,6,118.0,121.4,1,117.2,119.0,0.0,0.0,0.0,0.0,262
2023-05-11 09:56:08,MO2312-C-7000,MO2312-C-7000,117.2,0.0,0.0,0.0,6,117.8,121.4,1,117.2,119.0,0.0,0.0,0.0,0.0,262
2023-05-11 09:56:10,MO2312-C-7000,MO2312-C-7000,117.2,0.0,0.0,0.0,6,117.6,121.4,1,117.2,119.0,0.0,0.0,0.0,0.0,262
2023-05-11 09:56:18,MO2312-C-7000,MO2312-C-7000,117.2,0.0,0.0,0.0,6,117.6,122.0,6,117.2,119.0,0.0,0.0,0.0,0.0,262
2023-05-11 09:56:22,MO2312-C-7000,MO2312-C-7000,117.2,0.0,0.0,0.0,6,117.6,122.2,6,117.2,119.0,0.0,0.0,0.0,0.0,262
2023-05-11 09:56:22,MO2312-C-7000,MO2312-C-7000,117.2,0.0,0.0,0.0,6,117.6,122.4,18,117.2,119.0,0.0,0.0,0.0,0.0,262
2023-05-11 09:56:23,MO2312-C-7000,MO2312-C-7000,117.2,0.0,0.0,0.0,6,117.8,122.4,12,117.2,119.0,0.0,0.0,0.0,0.0,262
2023-05-11 09:56:23,MO2312-C-7000,MO2312-C-7000,117.2,0.0,0.0,0.0,6,118.0,122.4,12,117.2,119.0,0.0,0.0,0.0,0.0,262
2023-05-11 09:56:28,MO2312-C-7000,MO2312-C-7000,117.2,0.0,0.0,0.0,6,118.0,122.4,6,117.2,119.0,0.0,0.0,0.0,0.0,262
2023-05-11 09:56:48,MO2312-C-7000,MO2312-C-7000,117.2,0.0,0.0,0.0,6,118.2,122.4,6,117.2,119.0,0.0,0.0,0.0,0.0,262
2023-05-11 09:56:49,MO2312-C-7000,MO2312-C-7000,117.2,0.0,0.0,0.0,6,118.4,122.4,6,117.2,119.0,0.0,0.0,0.0,0.0,262
2023-05-11 09:56:49,MO2312-C-7000,MO2312-C-7000,117.2,0.0,0.0,0.0,6,117.8,122.4,6,117.2,119.0,0.0,0.0,0.0,0.0,262
2023-05-11 09:56:50,MO2312-C-7000,MO2312-C-7000,117.2,0.0,0.0,0.0,6,117.6,122.4,6,117.2,119.0,0.0,0.0,0.0,0.0,262
2023-05-11 09:58:58,MO2312-C-7000,MO2312-C-7000,117.2,0.0,0.0,0.0,12,117.6,122.4,6,117.2,119.0,0.0,0.0,0.0,0.0,262
2023-05-11 09:58:59,MO2312-C-7000,MO2312-C-7000,117.2,0.0,0.0,0.0,6,117.8,122.4,6,117.2,119.0,0.0,0.0,0.0,0.0,262
2023-05-11 09:59:00,MO2312-C-7000,MO2312-C-7000,117.2,0.0,0.0,0.0,8,117.8,122.4,6,117.2,119.0,0.0,0.0,0.0,0.0,262
2023-05-11 09:59:00,MO2312-C-7000,MO2312-C-7000,117.2,0.0,0.0,0.0,6,118.0,122.4,6,117.2,119.0,0.0,0.0,0.0,0.0,262
2023-05-11 09:59:55,MO2312-C-7000,MO2312-C-7000,117.2,0.0,0.0,0.0,6,118.0,122.6,12,117.2,119.0,0.0,0.0,0.0,0.0,262
2023-05-11 09:59:56,MO2312-C-7000,MO2312-C-7000,117.2,0.0,0.0,0.0,6,118.0,122.8,6,117.2,119.0,0.0,0.0,0.0,0.0,262
2023-05-11 09:59:56,MO2312-C-7000,MO2312-C-7000,117.2,0.0,0.0,0.0,6,118.2,123.0,19,117.2,119.0,0.0,0.0,0.0,0.0,262
2023-05-11 09:59:57,MO2312-C-7000,MO2312-C-7000,117.2,0.0,0.0,0.0,6,118.4,123.0,7,117.2,119.0,0.0,0.0,0.0,0.0,262
2023-05-11 09:59:57,MO2312-C-7000,MO2312-C-7000,117.2,0.0,0.0,0.0,6,118.4,123.0,1,117.2,119.0,0.0,0.0,0.0,0.0,262
2023-05-11 09:59:58,MO2312-C-7000,MO2312-C-7000,117.2,0.0,0.0,0.0,8,118.4,123.0,1,117.2,119.0,0.0,0.0,0.0,0.0,262
2023-05-11 09:59:59,MO2312-C-7000,MO2312-C-7000,117.2,0.0,0.0,0.0,6,118.6,123.0,1,117.2,119.0,0.0,0.0,0.0,0.0,262
2023-05-11 10:00:01,MO2312-C-7000,MO2312-C-7000,117.2,0.0,0.0,0.0,6,118.6,119.0,1,117.2,119.0,0.0,0.0,0.0,0.0,262
2023-05-11 10:00:02,MO2312-C-7000,MO2312-C-7000,117.2,0.0,0.0,0.0,6,118.8,119.0,1,117.2,119.0,0.0,0.0,0.0,0.0,262
2023-05-11 10:00:03,MO2312-C-7000,MO2312-C-7000,119.0,1.0,11900.0,0.0,6,119.0,123.2,7,117.2,119.0,119.0,119.0,1.0,11900.0,262
2023-05-11 10:00:03,MO2312-C-7000,MO2312-C-7000,119.0,0.0,0.0,0.0,6,119.0,123.2,1,117.2,119.0,119.0,119.0,1.0,11900.0,262
2023-05-11 10:00:04,MO2312-C-7000,MO2312-C-7000,119.0,0.0,0.0,0.0,8,119.0,123.2,1,117.2,119.0,119.0,119.0,1.0,11900.0,262
2023-05-11 10:00:05,MO2312-C-7000,MO2312-C-7000,119.0,0.0,0.0,0.0,6,119.2,123.2,1,117.2,119.0,119.0,119.0,1.0,11900.0,262
2023-05-11 10:00:09,MO2312-C-7000,MO2312-C-7000,119.0,0.0,0.0,0.0,6,118.8,123.2,1,117.2,119.0,119.0,119.0,1.0,11900.0,262
2023-05-11 10:00:12,MO2312-C-7000,MO2312-C-7000,119.0,0.0,0.0,0.0,6,118.8,123.0,6,117.2,119.0,119.0,119.0,1.0,11900.0,262
2023-05-11 10:00:13,MO2312-C-7000,MO2312-C-7000,119.0,0.0,0.0,0.0,6,118.6,123.4,6,117.2,119.0,119.0,119.0,1.0,11900.0,262
2023-05-11 10:00:14,MO2312-C-7000,MO2312-C-7000,119.0,0.0,0.0,0.0,6,118.4,123.4,6,117.2,119.0,119.0,119.0,1.0,11900.0,262
2023-05-11 10:00:16,MO2312-C-7000,MO2312-C-7000,119.0,0.0,0.0,0.0,6,118.4,119.8,1,117.2,119.0,119.0,119.0,1.0,11900.0,262
2023-05-11 10:00:17,MO2312-C-7000,MO2312-C-7000,119.0,0.0,0.0,0.0,6,118.6,119.8,1,117.2,119.0,119.0,119.0,1.0,11900.0,262
2023-05-11 10:00:17,MO2312-C-7000,MO2312-C-7000,119.0,0.0,0.0,0.0,6,118.8,119.8,1,117.2,119.0,119.0,119.0,1.0,11900.0,262
2023-05-11 10:00:25,MO2312-C-7000,MO2312-C-7000,119.0,0.0,0.0,0.0,8,118.8,119.8,1,117.2,119.0,119.0,119.0,1.0,11900.0,262
2023-05-11 10:00:26,MO2312-C-7000,MO2312-C-7000,119.0,0.0,0.0,0.0,6,119.0,119.8,1,117.2,119.0,119.0,119.0,1.0,11900.0,262
2023-05-11 10:00:40,MO2312-C-7000,MO2312-C-7000,119.0,0.0,0.0,0.0,2,119.0,119.8,1,117.2,119.0,119.0,119.0,1.0,11900.0,262
2023-05-11 10:00:40,MO2312-C-7000,MO2312-C-7000,119.0,0.0,0.0,0.0,6,119.2,119.8,1,117.2,119.0,119.0,119.0,1.0,11900.0,262
2023-05-11 10:00:41,MO2312-C-7000,MO2312-C-7000,119.0,0.0,0.0,0.0,6,118.6,119.8,1,117.2,119.0,119.0,119.0,1.0,11900.0,262
2023-05-11 10:00:41,MO2312-C-7000,MO2312-C-7000,119.0,0.0,0.0,0.0,6,118.8,119.8,1,117.2,119.0,119.0,119.0,1.0,11900.0,262
2023-05-11 10:00:42,MO2312-C-7000,MO2312-C-7000,119.0,0.0,0.0,0.0,6,119.0,119.8,1,117.2,119.0,119.0,119.0,1.0,11900.0,262
2023-05-11 10:00:43,MO2312-C-7000,MO2312-C-7000,119.0,0.0,0.0,0.0,8,119.0,119.8,1,117.2,119.0,119.0,119.0,1.0,11900.0,262
2023-05-11 10:00:43,MO2312-C-7000,MO2312-C-7000,119.0,0.0,0.0,0.0,6,119.2,119.8,1,117.2,119.0,119.0,119.0,1.0,11900.0,262
2023-05-11 10:00:45,MO2312-C-7000,MO2312-C-7000,119.0,0.0,0.0,0.0,12,119.2,119.8,1,117.2,119.0,119.0,119.0,1.0,11900.0,262
2023-05-11 10:00:46,MO2312-C-7000,MO2312-C-7000,119.0,0.0,0.0,0.0,6,119.4,119.8,1,117.2,119.0,119.0,119.0,1.0,11900.0,262
2023-05-11 10:00:48,MO2312-C-7000,MO2312-C-7000,119.0,0.0,0.0,0.0,8,119.4,119.8,1,117.2,119.0,119.0,119.0,1.0,11900.0,262
2023-05-11 10:00:49,MO2312-C-7000,MO2312-C-7000,119.0,0.0,0.0,0.0,6,119.6,119.8,1,117.2,119.0,119.0,119.0,1.0,11900.0,262
2023-05-11 10:00:49,MO2312-C-7000,MO2312-C-7000,119.8,1.0,11980.0,0.0,5,119.8,123.4,12,117.2,119.0,119.8,119.0,2.0,23880.0,262
2023-05-11 10:00:50,MO2312-C-7000,MO2312-C-7000,119.8,0.0,0.0,0.0,6,120.0,123.2,1,117.2,119.0,119.8,119.0,2.0,23880.0,262
2023-05-11 10:00:50,MO2312-C-7000,MO2312-C-7000,119.8,0.0,0.0,0.0,6,119.6,123.2,1,117.2,119.0,119.8,119.0,2.0,23880.0,262
2023-05-11 10:00:58,MO2312-C-7000,MO2312-C-7000,119.8,0.0,0.0,0.0,18,119.4,123.2,7,117.2,119.0,119.8,119.0,2.0,23880.0,262
2023-05-11 10:00:59,MO2312-C-7000,MO2312-C-7000,119.8,0.0,0.0,0.0,12,119.4,123.2,7,117.2,119.0,119.8,119.0,2.0,23880.0,262
2023-05-11 10:00:59,MO2312-C-7000,MO2312-C-7000,119.8,0.0,0.0,0.0,6,119.4,123.2,7,117.2,119.0,119.8,119.0,2.0,23880.0,262
2023-05-11 10:01:00,MO2312-C-7000,MO2312-C-7000,119.8,0.0,0.0,0.0,6,119.2,123.2,1,117.2,119.0,119.8,119.0,2.0,23880.0,262
2023-05-11 10:01:03,MO2312-C-7000,MO2312-C-7000,119.8,0.0,0.0,0.0,6,119.2,123.8,30,117.2,119.0,119.8,119.0,2.0,23880.0,262
2023-05-11 10:01:03,MO2312-C-7000,MO2312-C-7000,119.8,0.0,0.0,0.0,6,119.2,123.8,12,117.2,119.0,119.8,119.0,2.0,23880.0,262
2023-05-11 10:01:04,MO2312-C-7000,MO2312-C-7000,119.8,0.0,0.0,0.0,6,119.2,123.8,6,117.2,119.0,119.8,119.0,2.0,23880.0,262
2023-05-11 10:01:08,MO2312-C-7000,MO2312-C-7000,119.8,0.0,0.0,0.0,6,119.2,123.8,7,117.2,119.0,119.8,119.0,2.0,23880.0,262
2023-05-11 10:01:16,MO2312-C-7000,MO2312-C-7000,119.8,0.0,0.0,0.0,6,119.0,123.8,7,117.2,119.0,119.8,119.0,2.0,23880.0,262
2023-05-11 10:01:20,MO2312-C-7000,MO2312-C-7000,119.8,0.0,0.0,0.0,2,119.0,123.6,6,117.2,119.0,119.8,119.0,2.0,23880.0,262
2023-05-11 10:01:20,MO2312-C-7000,MO2312-C-7000,119.8,0.0,0.0,0.0,6,119.0,123.6,6,117.2,119.0,119.8,119.0,2.0,23880.0,262
2023-05-11 10:01:22,MO2312-C-7000,MO2312-C-7000,119.8,0.0,0.0,0.0,12,118.8,123.6,6,117.2,119.0,119.8,119.0,2.0,23880.0,262
2023-05-11 10:01:22,MO2312-C-7000,MO2312-C-7000,119.8,0.0,0.0,0.0,6,118.6,123.6,8,117.2,119.0,119.8,119.0,2.0,23880.0,262
2023-05-11 10:01:23,MO2312-C-7000,MO2312-C-7000,119.8,0.0,0.0,0.0,6,118.4,123.4,6,117.2,119.0,119.8,119.0,2.0,23880.0,262
2023-05-11 10:01:23,MO2312-C-7000,MO2312-C-7000,119.8,0.0,0.0,0.0,20,118.2,123.6,6,117.2,119.0,119.8,119.0,2.0,23880.0,262
2023-05-11 10:01:24,MO2312-C-7000,MO2312-C-7000,119.8,0.0,0.0,0.0,14,118.2,123.6,6,117.2,119.0,119.8,119.0,2.0,23880.0,262
2023-05-11 10:01:32,MO2312-C-7000,MO2312-C-7000,119.8,0.0,0.0,0.0,14,118.2,123.4,6,117.2,119.0,119.8,119.0,2.0,23880.0,262
2023-05-11 10:01:33,MO2312-C-7000,MO2312-C-7000,119.8,0.0,0.0,0.0,12,118.4,123.4,12,117.2,119.0,119.8,119.0,2.0,23880.0,262
2023-05-11 10:01:33,MO2312-C-7000,MO2312-C-7000,119.8,0.0,0.0,0.0,6,118.6,123.2,6,117.2,119.0,119.8,119.0,2.0,23880.0,262
2023-05-11 10:01:35,MO2312-C-7000,MO2312-C-7000,119.8,0.0,0.0,0.0,6,118.6,122.4,1,117.2,119.0,119.8,119.0,2.0,23880.0,262
2023-05-11 10:01:35,MO2312-C-7000,MO2312-C-7000,119.8,0.0,0.0,0.0,6,118.6,122.4,13,117.2,119.0,119.8,119.0,2.0,23880.0,262
2023-05-11 10:01:36,MO2312-C-7000,MO2312-C-7000,119.8,0.0,0.0,0.0,6,118.4,122.4,13,117.2,119.0,119.8,119.0,2.0,23880.0,262
2023-05-11 10:01:49,MO2312-C-7000,MO2312-C-7000,119.8,0.0,0.0,0.0,20,118.2,122.2,6,117.2,119.0,119.8,119.0,2.0,23880.0,262
2023-05-11 10:01:50,MO2312-C-7000,MO2312-C-7000,119.8,0.0,0.0,0.0,14,118.2,122.2,6,117.2,119.0,119.8,119.0,2.0,23880.0,262
2023-05-11 10:01:51,MO2312-C-7000,MO2312-C-7000,119.8,0.0,0.0,0.0,12,118.2,122.2,6,117.2,119.0,119.8,119.0,2.0,23880.0,262
2023-05-11 10:01:51,MO2312-C-7000,MO2312-C-7000,119.8,0.0,0.0,0.0,6,118.2,122.2,6,117.2,119.0,119.8,119.0,2.0,23880.0,262
2023-05-11 10:01:52,MO2312-C-7000,MO2312-C-7000,119.8,0.0,0.0,0.0,8,118.2,122.2,6,117.2,119.0,119.8,119.0,2.0,23880.0,262
2023-05-11 10:01:53,MO2312-C-7000,MO2312-C-7000,119.8,0.0,0.0,0.0,6,118.2,122.2,6,117.2,119.0,119.8,119.0,2.0,23880.0,262
2023-05-11 10:01:54,MO2312-C-7000,MO2312-C-7000,119.8,0.0,0.0,0.0,6,118.2,122.4,13,117.2,119.0,119.8,119.0,2.0,23880.0,262
2023-05-11 10:02:42,MO2312-C-7000,MO2312-C-7000,119.8,0.0,0.0,0.0,8,118.0,122.2,6,117.2,119.0,119.8,119.0,2.0,23880.0,262
2023-05-11 10:02:43,MO2312-C-7000,MO2312-C-7000,119.8,0.0,0.0,0.0,12,117.8,122.2,6,117.2,119.0,119.8,119.0,2.0,23880.0,262
2023-05-11 10:02:43,MO2312-C-7000,MO2312-C-7000,119.8,0.0,0.0,0.0,6,117.8,122.2,6,117.2,119.0,119.8,119.0,2.0,23880.0,262
2023-05-11 10:02:44,MO2312-C-7000,MO2312-C-7000,119.8,0.0,0.0,0.0,8,117.8,122.4,13,117.2,119.0,119.8,119.0,2.0,23880.0,262
2023-05-11 10:02:44,MO2312-C-7000,MO2312-C-7000,119.8,0.0,0.0,0.0,6,118.0,122.4,13,117.2,119.0,119.8,119.0,2.0,23880.0,262
2023-05-11 10:02:57,MO2312-C-7000,MO2312-C-7000,119.8,0.0,0.0,0.0,6,118.0,122.4,12,117.2,119.0,119.8,119.0,2.0,23880.0,262
2023-05-11 10:02:58,MO2312-C-7000,MO2312-C-7000,119.8,0.0,0.0,0.0,6,118.0,122.4,6,117.2,119.0,119.8,119.0,2.0,23880.0,262
2023-05-11 10:03:00,MO2312-C-7000,MO2312-C-7000,119.8,0.0,0.0,0.0,10,118.0,122.6,1,117.2,119.0,119.8,119.0,2.0,23880.0,262
2023-05-11 10:03:00,MO2312-C-7000,MO2312-C-7000,119.8,0.0,0.0,0.0,12,118.2,122.6,1,117.2,119.0,119.8,119.0,2.0,23880.0,262
2023-05-11 10:03:01,MO2312-C-7000,MO2312-C-7000,119.8,0.0,0.0,0.0,6,118.4,122.6,1,117.2,119.0,119.8,119.0,2.0,23880.0,262
2023-05-11 10:03:01,MO2312-C-7000,MO2312-C-7000,119.8,0.0,0.0,0.0,8,118.4,122.6,1,117.2,119.0,119.8,119.0,2.0,23880.0,262
2023-05-11 10:03:02,MO2312-C-7000,MO2312-C-7000,119.8,0.0,0.0,0.0,6,118.6,122.6,1,117.2,119.0,119.8,119.0,2.0,23880.0,262
2023-05-11 10:03:03,MO2312-C-7000,MO2312-C-7000,119.8,0.0,0.0,0.0,6,118.6,123.4,12,117.2,119.0,119.8,119.0,2.0,23880.0,262
2023-05-11 10:03:03,MO2312-C-7000,MO2312-C-7000,119.8,0.0,0.0,0.0,6,118.6,123.6,24,117.2,119.0,119.8,119.0,2.0,23880.0,262
2023-05-11 10:03:04,MO2312-C-7000,MO2312-C-7000,119.8,0.0,0.0,0.0,6,118.6,123.6,12,117.2,119.0,119.8,119.0,2.0,23880.0,262
2023-05-11 10:03:04,MO2312-C-7000,MO2312-C-7000,119.8,0.0,0.0,0.0,6,118.6,123.6,6,117.2,119.0,119.8,119.0,2.0,23880.0,262
2023-05-11 10:03:06,MO2312-C-7000,MO2312-C-7000,119.8,0.0,0.0,0.0,6,118.6,123.8,18,117.2,119.0,119.8,119.0,2.0,23880.0,262
2023-05-11 10:03:06,MO2312-C-7000,MO2312-C-7000,119.8,0.0,0.0,0.0,6,118.6,123.8,12,117.2,119.0,119.8,119.0,2.0,23880.0,262
2023-05-11 10:03:07,MO2312-C-7000,MO2312-C-7000,119.8,0.0,0.0,0.0,6,118.6,123.8,6,117.2,119.0,119.8,119.0,2.0,23880.0,262
2023-05-11 10:03:10,MO2312-C-7000,MO2312-C-7000,119.8,0.0,0.0,0.0,6,118.6,123.8,8,117.2,119.0,119.8,119.0,2.0,23880.0,262
2023-05-11 10:03:16,MO2312-C-7000,MO2312-C-7000,119.8,0.0,0.0,0.0,8,118.4,123.6,6,117.2,119.0,119.8,119.0,2.0,23880.0,262
2023-05-11 10:03:19,MO2312-C-7000,MO2312-C-7000,119.8,0.0,0.0,0.0,6,118.6,123.8,6,117.2,119.0,119.8,119.0,2.0,23880.0,262
2023-05-11 10:03:32,MO2312-C-7000,MO2312-C-7000,119.8,0.0,0.0,0.0,6,118.8,123.8,6,117.2,119.0,119.8,119.0,2.0,23880.0,262
2023-05-11 10:03:32,MO2312-C-7000,MO2312-C-7000,119.8,0.0,0.0,0.0,6,119.0,123.8,6,117.2,119.0,119.8,119.0,2.0,23880.0,262
2023-05-11 10:03:34,MO2312-C-7000,MO2312-C-7000,119.8,0.0,0.0,0.0,8,119.0,123.8,6,117.2,119.0,119.8,119.0,2.0,23880.0,262
2023-05-11 10:03:35,MO2312-C-7000,MO2312-C-7000,119.8,0.0,0.0,0.0,6,119.2,123.8,6,117.2,119.0,119.8,119.0,2.0,23880.0,262
2023-05-11 10:03:36,MO2312-C-7000,MO2312-C-7000,119.8,0.0,0.0,0.0,6,119.0,123.8,6,117.2,119.0,119.8,119.0,2.0,23880.0,262
2023-05-11 10:03:37,MO2312-C-7000,MO2312-C-7000,119.8,0.0,0.0,0.0,8,119.0,123.8,6,117.2,119.0,119.8,119.0,2.0,23880.0,262
2023-05-11 10:03:37,MO2312-C-7000,MO2312-C-7000,119.8,0.0,0.0,0.0,6,119.2,123.8,6,117.2,119.0,119.8,119.0,2.0,23880.0,262
2023-05-11 10:04:01,MO2312-C-7000,MO2312-C-7000,119.8,0.0,0.0,0.0,6,119.2,123.8,8,117.2,119.0,119.8,119.0,2.0,23880.0,262
2023-05-11 10:04:02,MO2312-C-7000,MO2312-C-7000,119.8,0.0,0.0,0.0,6,119.0,123.8,8,117.2,119.0,119.8,119.0,2.0,23880.0,262
2023-05-11 10:04:02,MO2312-C-7000,MO2312-C-7000,119.8,0.0,0.0,0.0,6,119.2,123.8,6,117.2,119.0,119.8,119.0,2.0,23880.0,262
2023-05-11 10:04:03,MO2312-C-7000,MO2312-C-7000,119.8,0.0,0.0,0.0,6,119.4,123.8,6,117.2,119.0,119.8,119.0,2.0,23880.0,262
2023-05-11 10:04:05,MO2312-C-7000,MO2312-C-7000,119.8,0.0,0.0,0.0,6,119.2,123.8,6,117.2,119.0,119.8,119.0,2.0,23880.0,262
2023-05-11 10:04:10,MO2312-C-7000,MO2312-C-7000,119.8,0.0,0.0,0.0,6,119.0,123.8,6,117.2,119.0,119.8,119.0,2.0,23880.0,262
2023-05-11 10:04:11,MO2312-C-7000,MO2312-C-7000,119.8,0.0,0.0,0.0,6,118.8,123.8,6,117.2,119.0,119.8,119.0,2.0,23880.0,262
2023-05-11 10:04:19,MO2312-C-7000,MO2312-C-7000,119.8,0.0,0.0,0.0,8,118.8,123.8,6,117.2,119.0,119.8,119.0,2.0,23880.0,262
2023-05-11 10:04:19,MO2312-C-7000,MO2312-C-7000,119.8,0.0,0.0,0.0,6,119.0,123.8,6,117.2,119.0,119.8,119.0,2.0,23880.0,262
2023-05-11 10:04:24,MO2312-C-7000,MO2312-C-7000,119.8,0.0,0.0,0.0,6,119.0,123.8,14,117.2,119.0,119.8,119.0,2.0,23880.0,262
2023-05-11 10:04:25,MO2312-C-7000,MO2312-C-7000,119.8,0.0,0.0,0.0,6,119.0,123.8,12,117.2,119.0,119.8,119.0,2.0,23880.0,262
2023-05-11 10:04:25,MO2312-C-7000,MO2312-C-7000,119.8,0.0,0.0,0.0,6,118.8,123.8,12,117.2,119.0,119.8,119.0,2.0,23880.0,262
2023-05-11 10:04:26,MO2312-C-7000,MO2312-C-7000,119.8,0.0,0.0,0.0,8,118.8,123.8,12,117.2,119.0,119.8,119.0,2.0,23880.0,262
2023-05-11 10:04:27,MO2312-C-7000,MO2312-C-7000,119.8,0.0,0.0,0.0,6,119.0,123.8,12,117.2,119.0,119.8,119.0,2.0,23880.0,262
2023-05-11 10:04:29,MO2312-C-7000,MO2312-C-7000,119.8,0.0,0.0,0.0,6,119.0,123.8,18,117.2,119.0,119.8,119.0,2.0,23880.0,262
2023-05-11 10:04:29,MO2312-C-7000,MO2312-C-7000,119.8,0.0,0.0,0.0,6,118.8,123.6,2,117.2,119.0,119.8,119.0,2.0,23880.0,262
2023-05-11 10:04:31,MO2312-C-7000,MO2312-C-7000,119.8,0.0,0.0,0.0,6,118.4,123.6,2,117.2,119.0,119.8,119.0,2.0,23880.0,262
2023-05-11 10:04:31,MO2312-C-7000,MO2312-C-7000,119.8,0.0,0.0,0.0,6,118.4,123.8,12,117.2,119.0,119.8,119.0,2.0,23880.0,262
2023-05-11 10:04:33,MO2312-C-7000,MO2312-C-7000,119.8,0.0,0.0,0.0,8,118.4,123.8,12,117.2,119.0,119.8,119.0,2.0,23880.0,262
2023-05-11 10:04:33,MO2312-C-7000,MO2312-C-7000,119.8,0.0,0.0,0.0,6,118.6,123.8,12,117.2,119.0,119.8,119.0,2.0,23880.0,262
2023-05-11 10:04:43,MO2312-C-7000,MO2312-C-7000,119.8,0.0,0.0,0.0,8,118.6,123.8,12,117.2,119.0,119.8,119.0,2.0,23880.0,262
2023-05-11 10:04:43,MO2312-C-7000,MO2312-C-7000,119.8,0.0,0.0,0.0,6,118.8,123.8,12,117.2,119.0,119.8,119.0,2.0,23880.0,262
2023-05-11 10:04:44,MO2312-C-7000,MO2312-C-7000,119.8,0.0,0.0,0.0,8,118.8,123.8,12,117.2,119.0,119.8,119.0,2.0,23880.0,262
2023-05-11 10:04:44,MO2312-C-7000,MO2312-C-7000,119.8,0.0,0.0,0.0,6,119.0,123.8,12,117.2,119.0,119.8,119.0,2.0,23880.0,262
2023-05-11 10:04:45,MO2312-C-7000,MO2312-C-7000,119.8,0.0,0.0,0.0,6,119.0,123.8,6,117.2,119.0,119.8,119.0,2.0,23880.0,262
2023-05-11 10:05:05,MO2312-C-7000,MO2312-C-7000,119.8,0.0,0.0,0.0,6,119.0,123.8,8,117.2,119.0,119.8,119.0,2.0,23880.0,262
2023-05-11 10:05:06,MO2312-C-7000,MO2312-C-7000,119.8,0.0,0.0,0.0,6,119.0,123.8,6,117.2,119.0,119.8,119.0,2.0,23880.0,262
2023-05-11 10:05:13,MO2312-C-7000,MO2312-C-7000,119.8,0.0,0.0,0.0,6,118.8,123.8,6,117.2,119.0,119.8,119.0,2.0,23880.0,262
2023-05-11 10:05:13,MO2312-C-7000,MO2312-C-7000,119.8,0.0,0.0,0.0,6,118.6,123.8,6,117.2,119.0,119.8,119.0,2.0,23880.0,262
2023-05-11 10:05:20,MO2312-C-7000,MO2312-C-7000,119.8,0.0,0.0,0.0,8,118.6,123.8,6,117.2,119.0,119.8,119.0,2.0,23880.0,262
2023-05-11 10:05:21,MO2312-C-7000,MO2312-C-7000,119.8,0.0,0.0,0.0,6,118.8,123.8,6,117.2,119.0,119.8,119.0,2.0,23880.0,262
2023-05-11 10:05:22,MO2312-C-7000,MO2312-C-7000,119.8,0.0,0.0,0.0,8,118.8,123.8,6,117.2,119.0,119.8,119.0,2.0,23880.0,262
2023-05-11 10:05:22,MO2312-C-7000,MO2312-C-7000,119.8,0.0,0.0,0.0,6,119.0,123.8,6,117.2,119.0,119.8,119.0,2.0,23880.0,262
2023-05-11 10:05:23,MO2312-C-7000,MO2312-C-7000,119.8,0.0,0.0,0.0,1,119.4,123.8,6,117.2,119.0,119.8,119.0,2.0,23880.0,262
2023-05-11 10:05:23,MO2312-C-7000,MO2312-C-7000,119.8,0.0,0.0,0.0,6,119.6,123.8,6,117.2,119.0,119.8,119.0,2.0,23880.0,262
2023-05-11 10:05:24,MO2312-C-7000,MO2312-C-7000,119.8,0.0,0.0,0.0,8,119.6,123.8,6,117.2,119.0,119.8,119.0,2.0,23880.0,262
2023-05-11 10:05:25,MO2312-C-7000,MO2312-C-7000,119.8,0.0,0.0,0.0,6,119.8,123.8,6,117.2,119.0,119.8,119.0,2.0,23880.0,262
2023-05-11 10:05:27,MO2312-C-7000,MO2312-C-7000,119.8,0.0,0.0,0.0,6,119.6,123.8,6,117.2,119.0,119.8,119.0,2.0,23880.0,262
2023-05-11 10:05:33,MO2312-C-7000,MO2312-C-7000,119.8,0.0,0.0,0.0,6,119.4,123.8,6,117.2,119.0,119.8,119.0,2.0,23880.0,262
2023-05-11 10:06:12,MO2312-C-7000,MO2312-C-7000,119.8,0.0,0.0,0.0,6,119.4,123.8,12,117.2,119.0,119.8,119.0,2.0,23880.0,262
2023-05-11 10:06:39,MO2312-C-7000,MO2312-C-7000,119.8,0.0,0.0,0.0,6,119.4,123.6,6,117.2,119.0,119.8,119.0,2.0,23880.0,262
2023-05-11 10:06:49,MO2312-C-7000,MO2312-C-7000,119.8,0.0,0.0,0.0,6,119.4,122.8,1,117.2,119.0,119.8,119.0,2.0,23880.0,262
2023-05-11 10:06:53,MO2312-C-7000,MO2312-C-7000,119.8,0.0,0.0,0.0,6,119.4,122.8,7,117.2,119.0,119.8,119.0,2.0,23880.0,262
2023-05-11 10:07:13,MO2312-C-7000,MO2312-C-7000,119.8,0.0,0.0,0.0,12,119.2,122.8,7,117.2,119.0,119.8,119.0,2.0,23880.0,262
2023-05-11 10:07:14,MO2312-C-7000,MO2312-C-7000,119.8,0.0,0.0,0.0,6,119.2,122.8,7,117.2,119.0,119.8,119.0,2.0,23880.0,262
2023-05-11 10:07:15,MO2312-C-7000,MO2312-C-7000,119.8,0.0,0.0,0.0,6,119.0,122.8,7,117.2,119.0,119.8,119.0,2.0,23880.0,262
2023-05-11 10:07:15,MO2312-C-7000,MO2312-C-7000,119.8,0.0,0.0,0.0,6,119.0,122.8,13,117.2,119.0,119.8,119.0,2.0,23880.0,262
2023-05-11 10:07:18,MO2312-C-7000,MO2312-C-7000,119.8,0.0,0.0,0.0,6,118.8,122.6,6,117.2,119.0,119.8,119.0,2.0,23880.0,262
2023-05-11 10:07:19,MO2312-C-7000,MO2312-C-7000,119.8,0.0,0.0,0.0,12,118.6,122.6,12,117.2,119.0,119.8,119.0,2.0,23880.0,262
2023-05-11 10:07:19,MO2312-C-7000,MO2312-C-7000,119.8,0.0,0.0,0.0,6,118.8,122.6,12,117.2,119.0,119.8,119.0,2.0,23880.0,262
2023-05-11 10:07:20,MO2312-C-7000,MO2312-C-7000,119.8,0.0,0.0,0.0,6,118.6,122.6,6,117.2,119.0,119.8,119.0,2.0,23880.0,262
2023-05-11 10:07:35,MO2312-C-7000,MO2312-C-7000,119.8,0.0,0.0,0.0,24,118.4,122.4,6,117.2,119.0,119.8,119.0,2.0,23880.0,262
2023-05-11 10:07:35,MO2312-C-7000,MO2312-C-7000,119.8,0.0,0.0,0.0,12,118.4,122.4,6,117.2,119.0,119.8,119.0,2.0,23880.0,262
2023-05-11 10:07:36,MO2312-C-7000,MO2312-C-7000,119.8,0.0,0.0,0.0,6,118.4,122.4,6,117.2,119.0,119.8,119.0,2.0,23880.0,262
2023-05-11 10:07:36,MO2312-C-7000,MO2312-C-7000,119.8,0.0,0.0,0.0,6,118.2,122.6,12,117.2,119.0,119.8,119.0,2.0,23880.0,262
2023-05-11 10:07:40,MO2312-C-7000,MO2312-C-7000,119.8,0.0,0.0,0.0,6,118.2,122.6,6,117.2,119.0,119.8,119.0,2.0,23880.0,262
2023-05-11 10:07:41,MO2312-C-7000,MO2312-C-7000,119.8,0.0,0.0,0.0,8,118.2,122.6,6,117.2,119.0,119.8,119.0,2.0,23880.0,262
2023-05-11 10:07:41,MO2312-C-7000,MO2312-C-7000,119.8,0.0,0.0,0.0,6,118.4,122.6,6,117.2,119.0,119.8,119.0,2.0,23880.0,262
2023-05-11 10:07:43,MO2312-C-7000,MO2312-C-7000,119.8,0.0,0.0,0.0,8,118.2,122.4,6,117.2,119.0,119.8,119.0,2.0,23880.0,262
2023-05-11 10:07:43,MO2312-C-7000,MO2312-C-7000,119.8,0.0,0.0,0.0,8,118.2,122.2,6,117.2,119.0,119.8,119.0,2.0,23880.0,262
2023-05-11 10:07:44,MO2312-C-7000,MO2312-C-7000,119.8,0.0,0.0,0.0,6,118.4,122.2,12,117.2,119.0,119.8,119.0,2.0,23880.0,262
2023-05-11 10:07:46,MO2312-C-7000,MO2312-C-7000,119.8,0.0,0.0,0.0,2,118.2,122.0,6,117.2,119.0,119.8,119.0,2.0,23880.0,262
2023-05-11 10:07:47,MO2312-C-7000,MO2312-C-7000,119.8,0.0,0.0,0.0,6,118.0,122.0,6,117.2,119.0,119.8,119.0,2.0,23880.0,262
2023-05-11 10:07:48,MO2312-C-7000,MO2312-C-7000,119.8,0.0,0.0,0.0,8,118.0,122.0,6,117.2,119.0,119.8,119.0,2.0,23880.0,262
2023-05-11 10:07:49,MO2312-C-7000,MO2312-C-7000,119.8,0.0,0.0,0.0,2,118.0,122.0,6,117.2,119.0,119.8,119.0,2.0,23880.0,262
2023-05-11 10:07:49,MO2312-C-7000,MO2312-C-7000,119.8,0.0,0.0,0.0,12,117.8,122.0,6,117.2,119.0,119.8,119.0,2.0,23880.0,262
2023-05-11 10:07:50,MO2312-C-7000,MO2312-C-7000,119.8,0.0,0.0,0.0,6,117.6,122.0,6,117.2,119.0,119.8,119.0,2.0,23880.0,262
2023-05-11 10:07:50,MO2312-C-7000,MO2312-C-7000,119.8,0.0,0.0,0.0,2,117.6,122.0,6,117.2,119.0,119.8,119.0,2.0,23880.0,262
2023-05-11 10:07:51,MO2312-C-7000,MO2312-C-7000,119.8,0.0,0.0,0.0,6,117.6,122.0,6,117.2,119.0,119.8,119.0,2.0,23880.0,262
2023-05-11 10:07:52,MO2312-C-7000,MO2312-C-7000,119.8,0.0,0.0,0.0,2,117.6,122.0,6,117.2,119.0,119.8,119.0,2.0,23880.0,262
2023-05-11 10:07:52,MO2312-C-7000,MO2312-C-7000,119.8,0.0,0.0,0.0,12,117.2,122.0,6,117.2,119.0,119.8,119.0,2.0,23880.0,262
2023-05-11 10:07:53,MO2312-C-7000,MO2312-C-7000,119.8,0.0,0.0,0.0,18,117.0,122.0,6,117.2,119.0,119.8,119.0,2.0,23880.0,262
2023-05-11 10:07:53,MO2312-C-7000,MO2312-C-7000,119.8,0.0,0.0,0.0,8,117.0,122.0,6,117.2,119.0,119.8,119.0,2.0,23880.0,262
2023-05-11 10:07:54,MO2312-C-7000,MO2312-C-7000,119.8,0.0,0.0,0.0,2,117.0,122.0,6,117.2,119.0,119.8,119.0,2.0,23880.0,262
2023-05-11 10:07:54,MO2312-C-7000,MO2312-C-7000,119.8,0.0,0.0,0.0,12,116.8,122.0,6,117.2,119.0,119.8,119.0,2.0,23880.0,262
2023-05-11 10:07:55,MO2312-C-7000,MO2312-C-7000,119.8,0.0,0.0,0.0,18,116.6,122.0,6,117.2,119.0,119.8,119.0,2.0,23880.0,262
2023-05-11 10:07:55,MO2312-C-7000,MO2312-C-7000,119.8,0.0,0.0,0.0,20,116.6,122.0,6,117.2,119.0,119.8,119.0,2.0,23880.0,262
2023-05-11 10:07:57,MO2312-C-7000,MO2312-C-7000,119.8,0.0,0.0,0.0,20,116.6,121.8,6,117.2,119.0,119.8,119.0,2.0,23880.0,262
2023-05-11 10:07:57,MO2312-C-7000,MO2312-C-7000,119.8,0.0,0.0,0.0,6,116.8,121.8,12,117.2,119.0,119.8,119.0,2.0,23880.0,262
2023-05-11 10:07:58,MO2312-C-7000,MO2312-C-7000,119.8,0.0,0.0,0.0,6,116.8,121.4,1,117.2,119.0,119.8,119.0,2.0,23880.0,262
2023-05-11 10:07:58,MO2312-C-7000,MO2312-C-7000,119.8,0.0,0.0,0.0,6,116.8,121.4,7,117.2,119.0,119.8,119.0,2.0,23880.0,262
2023-05-11 10:08:05,MO2312-C-7000,MO2312-C-7000,119.8,0.0,0.0,0.0,6,117.0,121.4,7,117.2,119.0,119.8,119.0,2.0,23880.0,262
2023-05-11 10:08:06,MO2312-C-7000,MO2312-C-7000,119.8,0.0,0.0,0.0,6,117.2,121.4,13,117.2,119.0,119.8,119.0,2.0,23880.0,262
2023-05-11 10:08:15,MO2312-C-7000,MO2312-C-7000,119.8,0.0,0.0,0.0,6,117.0,121.2,6,117.2,119.0,119.8,119.0,2.0,23880.0,262
2023-05-11 10:08:16,MO2312-C-7000,MO2312-C-7000,119.8,0.0,0.0,0.0,6,116.8,121.2,6,117.2,119.0,119.8,119.0,2.0,23880.0,262
2023-05-11 10:08:17,MO2312-C-7000,MO2312-C-7000,119.8,0.0,0.0,0.0,6,116.6,121.4,13,117.2,119.0,119.8,119.0,2.0,23880.0,262
2023-05-11 10:08:20,MO2312-C-7000,MO2312-C-7000,119.8,0.0,0.0,0.0,6,116.6,121.4,7,117.2,119.0,119.8,119.0,2.0,23880.0,262
2023-05-11 10:09:38,MO2312-C-7000,MO2312-C-7000,119.8,0.0,0.0,0.0,8,116.6,121.4,7,117.2,119.0,119.8,119.0,2.0,23880.0,262
2023-05-11 10:09:38,MO2312-C-7000,MO2312-C-7000,119.8,0.0,0.0,0.0,6,116.8,121.4,7,117.2,119.0,119.8,119.0,2.0,23880.0,262
2023-05-11 10:09:39,MO2312-C-7000,MO2312-C-7000,119.8,0.0,0.0,0.0,8,116.8,121.4,7,117.2,119.0,119.8,119.0,2.0,23880.0,262
2023-05-11 10:09:39,MO2312-C-7000,MO2312-C-7000,119.8,0.0,0.0,0.0,6,117.0,121.4,7,117.2,119.0,119.8,119.0,2.0,23880.0,262
2023-05-11 10:09:55,MO2312-C-7000,MO2312-C-7000,119.8,0.0,0.0,0.0,6,117.0,121.8,6,117.2,119.0,119.8,119.0,2.0,23880.0,262
2023-05-11 10:09:55,MO2312-C-7000,MO2312-C-7000,119.8,0.0,0.0,0.0,6,117.0,122.0,12,117.2,119.0,119.8,119.0,2.0,23880.0,262
2023-05-11 10:09:56,MO2312-C-7000,MO2312-C-7000,119.8,0.0,0.0,0.0,6,117.0,122.0,6,117.2,119.0,119.8,119.0,2.0,23880.0,262
2023-05-11 10:09:57,MO2312-C-7000,MO2312-C-7000,119.8,0.0,0.0,0.0,6,117.0,122.4,30,117.2,119.0,119.8,119.0,2.0,23880.0,262
2023-05-11 10:09:57,MO2312-C-7000,MO2312-C-7000,119.8,0.0,0.0,0.0,6,117.2,122.4,12,117.2,119.0,119.8,119.0,2.0,23880.0,262
2023-05-11 10:09:58,MO2312-C-7000,MO2312-C-7000,119.8,0.0,0.0,0.0,6,117.4,122.4,6,117.2,119.0,119.8,119.0,2.0,23880.0,262
2023-05-11 10:10:14,MO2312-C-7000,MO2312-C-7000,119.8,0.0,0.0,0.0,7,117.4,122.4,6,117.2,119.0,119.8,119.0,2.0,23880.0,262
2023-05-11 10:10:14,MO2312-C-7000,MO2312-C-7000,119.8,0.0,0.0,0.0,6,117.6,122.4,6,117.2,119.0,119.8,119.0,2.0,23880.0,262
2023-05-11 10:10:15,MO2312-C-7000,MO2312-C-7000,119.8,0.0,0.0,0.0,8,117.6,122.4,6,117.2,119.0,119.8,119.0,2.0,23880.0,262
2023-05-11 10:10:15,MO2312-C-7000,MO2312-C-7000,119.8,0.0,0.0,0.0,6,117.8,122.6,12,117.2,119.0,119.8,119.0,2.0,23880.0,262
2023-05-11 10:10:16,MO2312-C-7000,MO2312-C-7000,119.8,0.0,0.0,0.0,6,118.0,122.6,6,117.2,119.0,119.8,119.0,2.0,23880.0,262
2023-05-11 10:10:16,MO2312-C-7000,MO2312-C-7000,119.8,0.0,0.0,0.0,6,118.2,122.6,6,117.2,119.0,119.8,119.0,2.0,23880.0,262
2023-05-11 10:10:18,MO2312-C-7000,MO2312-C-7000,119.8,0.0,0.0,0.0,6,118.4,122.6,6,117.2,119.0,119.8,119.0,2.0,23880.0,262
2023-05-11 10:10:19,MO2312-C-7000,MO2312-C-7000,119.8,0.0,0.0,0.0,6,118.6,122.6,6,117.2,119.0,119.8,119.0,2.0,23880.0,262
2023-05-11 10:10:55,MO2312-C-7000,MO2312-C-7000,119.8,0.0,0.0,0.0,6,118.8,122.6,6,117.2,119.0,119.8,119.0,2.0,23880.0,262
2023-05-11 10:10:55,MO2312-C-7000,MO2312-C-7000,119.8,0.0,0.0,0.0,6,119.0,122.6,6,117.2,119.0,119.8,119.0,2.0,23880.0,262
2023-05-11 10:11:03,MO2312-C-7000,MO2312-C-7000,119.8,0.0,0.0,0.0,6,119.0,123.4,12,117.2,119.0,119.8,119.0,2.0,23880.0,262
2023-05-11 10:11:03,MO2312-C-7000,MO2312-C-7000,119.8,0.0,0.0,0.0,6,119.0,123.6,18,117.2,119.0,119.8,119.0,2.0,23880.0,262
2023-05-11 10:11:04,MO2312-C-7000,MO2312-C-7000,119.8,0.0,0.0,0.0,6,119.0,123.6,6,117.2,119.0,119.8,119.0,2.0,23880.0,262
2023-05-11 10:11:04,MO2312-C-7000,MO2312-C-7000,119.8,0.0,0.0,0.0,6,119.0,123.8,18,117.2,119.0,119.8,119.0,2.0,23880.0,262
2023-05-11 10:11:05,MO2312-C-7000,MO2312-C-7000,119.8,0.0,0.0,0.0,6,119.0,123.8,12,117.2,119.0,119.8,119.0,2.0,23880.0,262
2023-05-11 10:11:05,MO2312-C-7000,MO2312-C-7000,119.8,0.0,0.0,0.0,6,119.0,123.8,6,117.2,119.0,119.8,119.0,2.0,23880.0,262
2023-05-11 10:11:07,MO2312-C-7000,MO2312-C-7000,119.8,0.0,0.0,0.0,6,119.0,123.8,8,117.2,119.0,119.8,119.0,2.0,23880.0,262
2023-05-11 10:11:10,MO2312-C-7000,MO2312-C-7000,119.8,0.0,0.0,0.0,6,119.0,123.8,6,117.2,119.0,119.8,119.0,2.0,23880.0,262
2023-05-11 10:11:28,MO2312-C-7000,MO2312-C-7000,119.8,0.0,0.0,0.0,6,119.0,123.8,8,117.2,119.0,119.8,119.0,2.0,23880.0,262
2023-05-11 10:11:29,MO2312-C-7000,MO2312-C-7000,119.8,0.0,0.0,0.0,6,119.0,123.8,6,117.2,119.0,119.8,119.0,2.0,23880.0,262
2023-05-11 10:11:32,MO2312-C-7000,MO2312-C-7000,119.8,0.0,0.0,0.0,6,119.0,123.8,12,117.2,119.0,119.8,119.0,2.0,23880.0,262
2023-05-11 10:11:42,MO2312-C-7000,MO2312-C-7000,119.8,0.0,0.0,0.0,6,119.0,123.8,14,117.2,119.0,119.8,119.0,2.0,23880.0,262
2023-05-11 10:11:44,MO2312-C-7000,MO2312-C-7000,119.8,0.0,0.0,0.0,6,118.8,123.8,14,117.2,119.0,119.8,119.0,2.0,23880.0,262
2023-05-11 10:11:46,MO2312-C-7000,MO2312-C-7000,119.8,0.0,0.0,0.0,6,118.8,123.8,20,117.2,119.0,119.8,119.0,2.0,23880.0,262
2023-05-11 10:11:46,MO2312-C-7000,MO2312-C-7000,119.8,0.0,0.0,0.0,6,118.8,123.8,18,117.2,119.0,119.8,119.0,2.0,23880.0,262
2023-05-11 10:11:57,MO2312-C-7000,MO2312-C-7000,119.8,0.0,0.0,0.0,8,118.8,123.8,18,117.2,119.0,119.8,119.0,2.0,23880.0,262
2023-05-11 10:11:57,MO2312-C-7000,MO2312-C-7000,119.8,0.0,0.0,0.0,6,119.0,123.6,6,117.2,119.0,119.8,119.0,2.0,23880.0,262
2023-05-11 10:11:58,MO2312-C-7000,MO2312-C-7000,119.8,0.0,0.0,0.0,12,118.6,123.6,6,117.2,119.0,119.8,119.0,2.0,23880.0,262
2023-05-11 10:11:59,MO2312-C-7000,MO2312-C-7000,119.8,0.0,0.0,0.0,18,118.4,123.6,6,117.2,119.0,119.8,119.0,2.0,23880.0,262
2023-05-11 10:11:59,MO2312-C-7000,MO2312-C-7000,119.8,0.0,0.0,0.0,6,118.4,123.6,6,117.2,119.0,119.8,119.0,2.0,23880.0,262
2023-05-11 10:12:00,MO2312-C-7000,MO2312-C-7000,119.8,0.0,0.0,0.0,30,118.2,123.6,6,117.2,119.0,119.8,119.0,2.0,23880.0,262
2023-05-11 10:12:00,MO2312-C-7000,MO2312-C-7000,119.8,0.0,0.0,0.0,18,118.2,123.4,6,117.2,119.0,119.8,119.0,2.0,23880.0,262
2023-05-11 10:12:01,MO2312-C-7000,MO2312-C-7000,119.8,0.0,0.0,0.0,12,118.4,123.4,12,117.2,119.0,119.8,119.0,2.0,23880.0,262
2023-05-11 10:12:01,MO2312-C-7000,MO2312-C-7000,119.8,0.0,0.0,0.0,6,118.4,123.0,1,117.2,119.0,119.8,119.0,2.0,23880.0,262
2023-05-11 10:12:02,MO2312-C-7000,MO2312-C-7000,119.8,0.0,0.0,0.0,12,118.4,122.8,6,117.2,119.0,119.8,119.0,2.0,23880.0,262
2023-05-11 10:12:02,MO2312-C-7000,MO2312-C-7000,119.8,0.0,0.0,0.0,6,118.6,123.0,1,117.2,119.0,119.8,119.0,2.0,23880.0,262
2023-05-11 10:13:09,MO2312-C-7000,MO2312-C-7000,119.8,0.0,0.0,0.0,6,118.8,123.0,1,117.2,119.0,119.8,119.0,2.0,23880.0,262
2023-05-11 10:13:10,MO2312-C-7000,MO2312-C-7000,119.8,0.0,0.0,0.0,6,119.0,123.0,1,117.2,119.0,119.8,119.0,2.0,23880.0,262
2023-05-11 10:14:06,MO2312-C-7000,MO2312-C-7000,119.8,0.0,0.0,0.0,6,119.0,123.6,12,117.2,119.0,119.8,119.0,2.0,23880.0,262
2023-05-11 10:14:07,MO2312-C-7000,MO2312-C-7000,119.8,0.0,0.0,0.0,6,119.0,123.8,24,117.2,119.0,119.8,119.0,2.0,23880.0,262
2023-05-11 10:14:07,MO2312-C-7000,MO2312-C-7000,119.8,0.0,0.0,0.0,6,119.0,123.8,12,117.2,119.0,119.8,119.0,2.0,23880.0,262
2023-05-11 10:14:08,MO2312-C-7000,MO2312-C-7000,119.8,0.0,0.0,0.0,6,119.0,123.8,6,117.2,119.0,119.8,119.0,2.0,23880.0,262
2023-05-11 10:14:29,MO2312-C-7000,MO2312-C-7000,119.8,0.0,0.0,0.0,6,119.2,123.8,6,117.2,119.0,119.8,119.0,2.0,23880.0,262
2023-05-11 10:14:30,MO2312-C-7000,MO2312-C-7000,119.8,0.0,0.0,0.0,6,119.4,123.8,6,117.2,119.0,119.8,119.0,2.0,23880.0,262
2023-05-11 10:14:53,MO2312-C-7000,MO2312-C-7000,119.8,0.0,0.0,0.0,8,119.4,123.8,6,117.2,119.0,119.8,119.0,2.0,23880.0,262
2023-05-11 10:14:54,MO2312-C-7000,MO2312-C-7000,119.8,0.0,0.0,0.0,6,119.6,123.8,6,117.2,119.0,119.8,119.0,2.0,23880.0,262
2023-05-11 10:15:15,MO2312-C-7000,MO2312-C-7000,119.8,0.0,0.0,0.0,6,119.4,123.8,6,117.2,119.0,119.8,119.0,2.0,23880.0,262
2023-05-11 10:15:15,MO2312-C-7000,MO2312-C-7000,119.8,0.0,0.0,0.0,6,119.2,123.8,6,117.2,119.0,119.8,119.0,2.0,23880.0,262
2023-05-11 10:16:02,MO2312-C-7000,MO2312-C-7000,119.8,0.0,0.0,0.0,6,119.0,123.8,6,117.2,119.0,119.8,119.0,2.0,23880.0,262
2023-05-11 10:16:03,MO2312-C-7000,MO2312-C-7000,119.8,0.0,0.0,0.0,6,119.0,123.8,8,117.2,119.0,119.8,119.0,2.0,23880.0,262
2023-05-11 10:16:03,MO2312-C-7000,MO2312-C-7000,119.8,0.0,0.0,0.0,6,119.0,123.6,6,117.2,119.0,119.8,119.0,2.0,23880.0,262
2023-05-11 10:16:10,MO2312-C-7000,MO2312-C-7000,119.8,0.0,0.0,0.0,8,119.0,123.6,6,117.2,119.0,119.8,119.0,2.0,23880.0,262
2023-05-11 10:16:11,MO2312-C-7000,MO2312-C-7000,119.8,0.0,0.0,0.0,6,119.2,123.6,6,117.2,119.0,119.8,119.0,2.0,23880.0,262
2023-05-11 10:16:24,MO2312-C-7000,MO2312-C-7000,119.8,0.0,0.0,0.0,6,119.2,123.8,12,117.2,119.0,119.8,119.0,2.0,23880.0,262
2023-05-11 10:16:25,MO2312-C-7000,MO2312-C-7000,119.8,0.0,0.0,0.0,6,119.2,123.8,6,117.2,119.0,119.8,119.0,2.0,23880.0,262
2023-05-11 10:17:03,MO2312-C-7000,MO2312-C-7000,119.8,0.0,0.0,0.0,6,119.0,123.8,12,117.2,119.0,119.8,119.0,2.0,23880.0,262
2023-05-11 10:17:07,MO2312-C-7000,MO2312-C-7000,119.8,0.0,0.0,0.0,6,119.0,123.8,6,117.2,119.0,119.8,119.0,2.0,23880.0,262
2023-05-11 10:18:01,MO2312-C-7000,MO2312-C-7000,119.8,0.0,0.0,0.0,6,119.0,123.6,6,117.2,119.0,119.8,119.0,2.0,23880.0,262
2023-05-11 10:18:03,MO2312-C-7000,MO2312-C-7000,119.8,0.0,0.0,0.0,6,119.0,123.8,6,117.2,119.0,119.8,119.0,2.0,23880.0,262
2023-05-11 10:18:16,MO2312-C-7000,MO2312-C-7000,119.8,0.0,0.0,0.0,6,119.0,123.0,1,117.2,119.0,119.8,119.0,2.0,23880.0,262
2023-05-11 10:19:10,MO2312-C-7000,MO2312-C-7000,119.8,0.0,0.0,0.0,6,119.0,123.8,6,117.2,119.0,119.8,119.0,2.0,23880.0,262
2023-05-11 10:19:52,MO2312-C-7000,MO2312-C-7000,119.8,0.0,0.0,0.0,6,119.2,123.8,6,117.2,119.0,119.8,119.0,2.0,23880.0,262
2023-05-11 10:19:53,MO2312-C-7000,MO2312-C-7000,119.8,0.0,0.0,0.0,6,119.4,123.8,6,117.2,119.0,119.8,119.0,2.0,23880.0,262
2023-05-11 10:20:07,MO2312-C-7000,MO2312-C-7000,119.8,0.0,0.0,0.0,6,119.0,123.8,6,117.2,119.0,119.8,119.0,2.0,23880.0,262
2023-05-11 10:20:07,MO2312-C-7000,MO2312-C-7000,119.8,0.0,0.0,0.0,6,119.0,123.8,8,117.2,119.0,119.8,119.0,2.0,23880.0,262
2023-05-11 10:20:08,MO2312-C-7000,MO2312-C-7000,119.8,0.0,0.0,0.0,6,119.0,123.8,6,117.2,119.0,119.8,119.0,2.0,23880.0,262
2023-05-11 10:21:05,MO2312-C-7000,MO2312-C-7000,119.8,0.0,0.0,0.0,6,119.0,123.8,8,117.2,119.0,119.8,119.0,2.0,23880.0,262
2023-05-11 10:21:06,MO2312-C-7000,MO2312-C-7000,119.8,0.0,0.0,0.0,6,119.0,123.8,6,117.2,119.0,119.8,119.0,2.0,23880.0,262
2023-05-11 10:21:07,MO2312-C-7000,MO2312-C-7000,119.8,0.0,0.0,0.0,6,119.0,123.8,8,117.2,119.0,119.8,119.0,2.0,23880.0,262
2023-05-11 10:21:08,MO2312-C-7000,MO2312-C-7000,119.8,0.0,0.0,0.0,6,119.0,123.0,1,117.2,119.0,119.8,119.0,2.0,23880.0,262
2023-05-11 10:21:16,MO2312-C-7000,MO2312-C-7000,119.8,0.0,0.0,0.0,6,118.8,123.0,1,117.2,119.0,119.8,119.0,2.0,23880.0,262
2023-05-11 10:21:40,MO2312-C-7000,MO2312-C-7000,119.8,0.0,0.0,0.0,18,118.6,122.8,6,117.2,119.0,119.8,119.0,2.0,23880.0,262
2023-05-11 10:21:41,MO2312-C-7000,MO2312-C-7000,119.8,0.0,0.0,0.0,12,118.6,122.8,6,117.2,119.0,119.8,119.0,2.0,23880.0,262
2023-05-11 10:21:41,MO2312-C-7000,MO2312-C-7000,119.8,0.0,0.0,0.0,6,118.6,122.8,6,117.2,119.0,119.8,119.0,2.0,23880.0,262
2023-05-11 10:21:42,MO2312-C-7000,MO2312-C-7000,119.8,0.0,0.0,0.0,18,118.2,122.6,6,117.2,119.0,119.8,119.0,2.0,23880.0,262
2023-05-11 10:21:43,MO2312-C-7000,MO2312-C-7000,119.8,0.0,0.0,0.0,12,118.2,122.4,6,117.2,119.0,119.8,119.0,2.0,23880.0,262
2023-05-11 10:21:43,MO2312-C-7000,MO2312-C-7000,119.8,0.0,0.0,0.0,6,118.4,122.6,6,117.2,119.0,119.8,119.0,2.0,23880.0,262
2023-05-11 10:21:44,MO2312-C-7000,MO2312-C-7000,119.8,0.0,0.0,0.0,6,118.2,122.6,6,117.2,119.0,119.8,119.0,2.0,23880.0,262
2023-05-11 10:21:47,MO2312-C-7000,MO2312-C-7000,119.8,0.0,0.0,0.0,18,118.0,122.4,6,117.2,119.0,119.8,119.0,2.0,23880.0,262
2023-05-11 10:21:47,MO2312-C-7000,MO2312-C-7000,119.8,0.0,0.0,0.0,12,118.0,122.4,6,117.2,119.0,119.8,119.0,2.0,23880.0,262
2023-05-11 10:21:48,MO2312-C-7000,MO2312-C-7000,119.8,0.0,0.0,0.0,6,118.0,122.4,6,117.2,119.0,119.8,119.0,2.0,23880.0,262
2023-05-11 10:21:59,MO2312-C-7000,MO2312-C-7000,119.8,0.0,0.0,0.0,6,118.0,122.6,6,117.2,119.0,119.8,119.0,2.0,23880.0,262
2023-05-11 10:22:07,MO2312-C-7000,MO2312-C-7000,119.8,0.0,0.0,0.0,6,118.0,123.0,13,117.2,119.0,119.8,119.0,2.0,23880.0,262
2023-05-11 10:22:07,MO2312-C-7000,MO2312-C-7000,119.8,0.0,0.0,0.0,6,118.0,123.0,7,117.2,119.0,119.8,119.0,2.0,23880.0,262
2023-05-11 10:22:32,MO2312-C-7000,MO2312-C-7000,119.8,0.0,0.0,0.0,6,118.0,123.0,1,117.2,119.0,119.8,119.0,2.0,23880.0,262
2023-05-11 10:22:53,MO2312-C-7000,MO2312-C-7000,119.8,0.0,0.0,0.0,6,117.8,123.0,1,117.2,119.0,119.8,119.0,2.0,23880.0,262
2023-05-11 10:23:04,MO2312-C-7000,MO2312-C-7000,119.8,0.0,0.0,0.0,8,117.8,123.0,1,117.2,119.0,119.8,119.0,2.0,23880.0,262
2023-05-11 10:23:04,MO2312-C-7000,MO2312-C-7000,119.8,0.0,0.0,0.0,12,118.0,123.0,1,117.2,119.0,119.8,119.0,2.0,23880.0,262
2023-05-11 10:23:05,MO2312-C-7000,MO2312-C-7000,119.8,0.0,0.0,0.0,6,118.2,123.0,1,117.2,119.0,119.8,119.0,2.0,23880.0,262
2023-05-11 10:23:23,MO2312-C-7000,MO2312-C-7000,119.8,0.0,0.0,0.0,7,118.2,123.0,1,117.2,119.0,119.8,119.0,2.0,23880.0,262
2023-05-11 10:23:23,MO2312-C-7000,MO2312-C-7000,119.8,0.0,0.0,0.0,6,118.4,123.0,1,117.2,119.0,119.8,119.0,2.0,23880.0,262
2023-05-11 10:23:46,MO2312-C-7000,MO2312-C-7000,119.8,0.0,0.0,0.0,7,118.4,123.0,1,117.2,119.0,119.8,119.0,2.0,23880.0,262
2023-05-11 10:23:46,MO2312-C-7000,MO2312-C-7000,119.8,0.0,0.0,0.0,6,118.6,123.0,1,117.2,119.0,119.8,119.0,2.0,23880.0,262
2023-05-11 10:23:47,MO2312-C-7000,MO2312-C-7000,119.8,0.0,0.0,0.0,6,118.0,123.0,1,117.2,119.0,119.8,119.0,2.0,23880.0,262
2023-05-11 10:23:48,MO2312-C-7000,MO2312-C-7000,119.8,0.0,0.0,0.0,1,118.2,123.2,12,117.2,119.0,119.8,119.0,2.0,23880.0,262
2023-05-11 10:23:48,MO2312-C-7000,MO2312-C-7000,119.8,0.0,0.0,0.0,6,118.4,123.2,6,117.2,119.0,119.8,119.0,2.0,23880.0,262
2023-05-11 10:23:49,MO2312-C-7000,MO2312-C-7000,119.8,0.0,0.0,0.0,6,118.4,123.4,30,117.2,119.0,119.8,119.0,2.0,23880.0,262
2023-05-11 10:23:49,MO2312-C-7000,MO2312-C-7000,119.8,0.0,0.0,0.0,6,118.4,123.4,12,117.2,119.0,119.8,119.0,2.0,23880.0,262
2023-05-11 10:23:50,MO2312-C-7000,MO2312-C-7000,119.8,0.0,0.0,0.0,6,118.4,123.4,6,117.2,119.0,119.8,119.0,2.0,23880.0,262
2023-05-11 10:23:53,MO2312-C-7000,MO2312-C-7000,119.8,0.0,0.0,0.0,6,118.4,122.8,1,117.2,119.0,119.8,119.0,2.0,23880.0,262
2023-05-11 10:23:53,MO2312-C-7000,MO2312-C-7000,119.8,0.0,0.0,0.0,6,118.2,122.8,1,117.2,119.0,119.8,119.0,2.0,23880.0,262
2023-05-11 10:23:54,MO2312-C-7000,MO2312-C-7000,119.8,0.0,0.0,0.0,6,118.0,122.8,1,117.2,119.0,119.8,119.0,2.0,23880.0,262
2023-05-11 10:24:07,MO2312-C-7000,MO2312-C-7000,119.8,0.0,0.0,0.0,6,118.0,122.8,3,117.2,119.0,119.8,119.0,2.0,23880.0,262
2023-05-11 10:24:08,MO2312-C-7000,MO2312-C-7000,119.8,0.0,0.0,0.0,24,117.6,121.0,1,117.2,119.0,119.8,119.0,2.0,23880.0,262
2023-05-11 10:24:08,MO2312-C-7000,MO2312-C-7000,119.8,0.0,0.0,0.0,6,117.8,121.0,7,117.2,119.0,119.8,119.0,2.0,23880.0,262
2023-05-11 10:24:09,MO2312-C-7000,MO2312-C-7000,119.8,0.0,0.0,0.0,6,117.6,121.0,7,117.2,119.0,119.8,119.0,2.0,23880.0,262
2023-05-11 10:24:13,MO2312-C-7000,MO2312-C-7000,119.8,0.0,0.0,0.0,6,117.6,121.0,6,117.2,119.0,119.8,119.0,2.0,23880.0,262
2023-05-11 10:24:13,MO2312-C-7000,MO2312-C-7000,119.8,0.0,0.0,0.0,6,117.6,122.2,18,117.2,119.0,119.8,119.0,2.0,23880.0,262
2023-05-11 10:24:27,MO2312-C-7000,MO2312-C-7000,119.8,0.0,0.0,0.0,6,117.4,122.2,18,117.2,119.0,119.8,119.0,2.0,23880.0,262
2023-05-11 10:24:32,MO2312-C-7000,MO2312-C-7000,119.8,0.0,0.0,0.0,8,117.4,122.2,18,117.2,119.0,119.8,119.0,2.0,23880.0,262
2023-05-11 10:24:33,MO2312-C-7000,MO2312-C-7000,119.8,0.0,0.0,0.0,6,117.6,122.2,18,117.2,119.0,119.8,119.0,2.0,23880.0,262
2023-05-11 10:25:04,MO2312-C-7000,MO2312-C-7000,119.8,0.0,0.0,0.0,6,117.4,122.2,18,117.2,119.0,119.8,119.0,2.0,23880.0,262
2023-05-11 10:25:06,MO2312-C-7000,MO2312-C-7000,119.8,0.0,0.0,0.0,6,117.4,122.2,24,117.2,119.0,119.8,119.0,2.0,23880.0,262
2023-05-11 10:25:06,MO2312-C-7000,MO2312-C-7000,119.8,0.0,0.0,0.0,6,117.4,122.0,6,117.2,119.0,119.8,119.0,2.0,23880.0,262
2023-05-11 10:25:07,MO2312-C-7000,MO2312-C-7000,119.8,0.0,0.0,0.0,18,117.2,121.8,6,117.2,119.0,119.8,119.0,2.0,23880.0,262
2023-05-11 10:25:08,MO2312-C-7000,MO2312-C-7000,119.8,0.0,0.0,0.0,12,117.2,121.8,6,117.2,119.0,119.8,119.0,2.0,23880.0,262
2023-05-11 10:25:08,MO2312-C-7000,MO2312-C-7000,119.8,0.0,0.0,0.0,6,117.2,121.8,6,117.2,119.0,119.8,119.0,2.0,23880.0,262
2023-05-11 10:25:09,MO2312-C-7000,MO2312-C-7000,119.8,0.0,0.0,0.0,6,117.0,122.0,12,117.2,119.0,119.8,119.0,2.0,23880.0,262
2023-05-11 10:25:09,MO2312-C-7000,MO2312-C-7000,119.8,0.0,0.0,0.0,6,116.8,122.0,6,117.2,119.0,119.8,119.0,2.0,23880.0,262
2023-05-11 10:25:33,MO2312-C-7000,MO2312-C-7000,119.8,0.0,0.0,0.0,6,116.8,122.0,7,117.2,119.0,119.8,119.0,2.0,23880.0,262
2023-05-11 10:25:44,MO2312-C-7000,MO2312-C-7000,119.8,0.0,0.0,0.0,6,116.8,121.8,1,117.2,119.0,119.8,119.0,2.0,23880.0,262
2023-05-11 10:25:47,MO2312-C-7000,MO2312-C-7000,119.8,0.0,0.0,0.0,6,116.8,122.0,6,117.2,119.0,119.8,119.0,2.0,23880.0,262
2023-05-11 10:25:48,MO2312-C-7000,MO2312-C-7000,119.8,0.0,0.0,0.0,6,116.8,121.2,1,117.2,119.0,119.8,119.0,2.0,23880.0,262
2023-05-11 10:25:52,MO2312-C-7000,MO2312-C-7000,119.8,0.0,0.0,0.0,6,116.8,121.0,6,117.2,119.0,119.8,119.0,2.0,23880.0,262
2023-05-11 10:25:52,MO2312-C-7000,MO2312-C-7000,119.8,0.0,0.0,0.0,6,116.8,121.0,12,117.2,119.0,119.8,119.0,2.0,23880.0,262
2023-05-11 10:26:28,MO2312-C-7000,MO2312-C-7000,119.8,0.0,0.0,0.0,6,116.8,121.0,6,117.2,119.0,119.8,119.0,2.0,23880.0,262
2023-05-11 10:29:16,MO2312-C-7000,MO2312-C-7000,119.8,0.0,0.0,0.0,8,116.8,121.0,6,117.2,119.0,119.8,119.0,2.0,23880.0,262
2023-05-11 10:29:16,MO2312-C-7000,MO2312-C-7000,119.8,0.0,0.0,0.0,6,117.0,121.0,6,117.2,119.0,119.8,119.0,2.0,23880.0,262
2023-05-11 10:29:23,MO2312-C-7000,MO2312-C-7000,119.8,0.0,0.0,0.0,8,117.0,121.0,6,117.2,119.0,119.8,119.0,2.0,23880.0,262
2023-05-11 10:29:24,MO2312-C-7000,MO2312-C-7000,119.8,0.0,0.0,0.0,6,117.2,121.0,6,117.2,119.0,119.8,119.0,2.0,23880.0,262
2023-05-11 10:29:24,MO2312-C-7000,MO2312-C-7000,119.8,0.0,0.0,0.0,6,117.4,121.0,6,117.2,119.0,119.8,119.0,2.0,23880.0,262
2023-05-11 10:29:25,MO2312-C-7000,MO2312-C-7000,119.8,0.0,0.0,0.0,6,117.6,121.0,6,117.2,119.0,119.8,119.0,2.0,23880.0,262
2023-05-11 10:29:31,MO2312-C-7000,MO2312-C-7000,119.8,0.0,0.0,0.0,8,117.6,121.0,6,117.2,119.0,119.8,119.0,2.0,23880.0,262
2023-05-11 10:29:32,MO2312-C-7000,MO2312-C-7000,119.8,0.0,0.0,0.0,6,117.8,121.0,6,117.2,119.0,119.8,119.0,2.0,23880.0,262
2023-05-11 10:29:33,MO2312-C-7000,MO2312-C-7000,119.8,0.0,0.0,0.0,6,117.8,121.8,24,117.2,119.0,119.8,119.0,2.0,23880.0,262
2023-05-11 10:29:34,MO2312-C-7000,MO2312-C-7000,119.8,0.0,0.0,0.0,6,117.8,121.8,6,117.2,119.0,119.8,119.0,2.0,23880.0,262
2023-05-11 10:29:34,MO2312-C-7000,MO2312-C-7000,119.8,0.0,0.0,0.0,6,117.8,122.0,6,117.2,119.0,119.8,119.0,2.0,23880.0,262
2023-05-11 10:29:35,MO2312-C-7000,MO2312-C-7000,119.8,0.0,0.0,0.0,6,117.8,122.2,24,117.2,119.0,119.8,119.0,2.0,23880.0,262
2023-05-11 10:29:35,MO2312-C-7000,MO2312-C-7000,119.8,0.0,0.0,0.0,6,117.8,122.2,18,117.2,119.0,119.8,119.0,2.0,23880.0,262
2023-05-11 10:29:44,MO2312-C-7000,MO2312-C-7000,119.8,0.0,0.0,0.0,6,117.8,122.2,12,117.2,119.0,119.8,119.0,2.0,23880.0,262
2023-05-11 10:29:45,MO2312-C-7000,MO2312-C-7000,119.8,0.0,0.0,0.0,6,117.8,122.2,6,117.2,119.0,119.8,119.0,2.0,23880.0,262
2023-05-11 10:30:03,MO2312-C-7000,MO2312-C-7000,119.8,0.0,0.0,0.0,1,118.0,122.2,6,117.2,119.0,119.8,119.0,2.0,23880.0,262
