time,symbol_id,symbol_name,last,trade_volume,trade_amount,open_interest_change,bv1,bp1,ap1,av1,yesterday_close,today_open,today_high,today_low,volume,amount,open_interest
2023-05-11 09:29:00,MO2403-P-7000,MO2403-P-7000,675.2,0.0,0.0,0.0,1,576.6,766.0,1,675.2,673.0,0.0,0.0,0.0,0.0,75
2023-05-11 09:30:00,MO2403-P-7000,MO2403-P-7000,675.2,0.0,0.0,0.0,1,578.6,766.0,1,675.2,673.0,0.0,0.0,0.0,0.0,75
2023-05-11 09:30:01,MO2403-P-7000,MO2403-P-7000,675.2,0.0,0.0,0.0,2,578.6,766.0,2,675.2,673.0,0.0,0.0,0.0,0.0,75
2023-05-11 09:30:01,MO2403-P-7000,MO2403-P-7000,675.2,0.0,0.0,0.0,1,599.8,749.8,1,675.2,673.0,0.0,0.0,0.0,0.0,75
2023-05-11 09:30:09,MO2403-P-7000,MO2403-P-7000,675.2,0.0,0.0,0.0,1,591.4,750.0,15,675.2,673.0,0.0,0.0,0.0,0.0,75
2023-05-11 09:30:09,MO2403-P-7000,MO2403-P-7000,675.2,0.0,0.0,0.0,1,596.2,746.2,1,675.2,673.0,0.0,0.0,0.0,0.0,75
2023-05-11 09:30:11,MO2403-P-7000,MO2403-P-7000,675.2,0.0,0.0,0.0,2,596.2,746.2,1,675.2,673.0,0.0,0.0,0.0,0.0,75
2023-05-11 09:30:11,MO2403-P-7000,MO2403-P-7000,675.2,0.0,0.0,0.0,1,604.2,738.2,1,675.2,673.0,0.0,0.0,0.0,0.0,75
2023-05-11 09:30:16,MO2403-P-7000,MO2403-P-7000,675.2,0.0,0.0,0.0,1,604.2,738.2,2,675.2,673.0,0.0,0.0,0.0,0.0,75
2023-05-11 09:30:17,MO2403-P-7000,MO2403-P-7000,675.2,0.0,0.0,0.0,1,604.2,730.2,1,675.2,673.0,0.0,0.0,0.0,0.0,75
2023-05-11 09:30:23,MO2403-P-7000,MO2403-P-7000,675.2,0.0,0.0,0.0,6,639.2,689.2,6,675.2,673.0,0.0,0.0,0.0,0.0,75
2023-05-11 09:30:26,MO2403-P-7000,MO2403-P-7000,675.2,0.0,0.0,0.0,6,658.4,678.2,6,675.2,673.0,0.0,0.0,0.0,0.0,75
2023-05-11 09:30:26,MO2403-P-7000,MO2403-P-7000,675.2,0.0,0.0,0.0,6,658.4,670.2,1,675.2,673.0,0.0,0.0,0.0,0.0,75
2023-05-11 09:30:27,MO2403-P-7000,MO2403-P-7000,675.2,0.0,0.0,0.0,1,659.0,670.2,1,675.2,673.0,0.0,0.0,0.0,0.0,75
2023-05-11 09:30:29,MO2403-P-7000,MO2403-P-7000,675.2,0.0,0.0,0.0,6,658.4,670.2,1,675.2,673.0,0.0,0.0,0.0,0.0,75
2023-05-11 09:30:29,MO2403-P-7000,MO2403-P-7000,675.2,0.0,0.0,0.0,6,657.4,670.2,1,675.2,673.0,0.0,0.0,0.0,0.0,75
2023-05-11 09:30:30,MO2403-P-7000,MO2403-P-7000,675.2,0.0,0.0,0.0,1,658.0,670.2,1,675.2,673.0,0.0,0.0,0.0,0.0,75
2023-05-11 09:30:31,MO2403-P-7000,MO2403-P-7000,675.2,0.0,0.0,0.0,6,657.4,670.2,1,675.2,673.0,0.0,0.0,0.0,0.0,75
2023-05-11 09:30:32,MO2403-P-7000,MO2403-P-7000,675.2,0.0,0.0,0.0,1,657.8,670.2,1,675.2,673.0,0.0,0.0,0.0,0.0,75
2023-05-11 09:30:33,MO2403-P-7000,MO2403-P-7000,675.2,0.0,0.0,0.0,6,657.4,670.2,1,675.2,673.0,0.0,0.0,0.0,0.0,75
2023-05-11 09:30:33,MO2403-P-7000,MO2403-P-7000,675.2,0.0,0.0,0.0,1,657.8,670.2,1,675.2,673.0,0.0,0.0,0.0,0.0,75
2023-05-11 09:30:34,MO2403-P-7000,MO2403-P-7000,675.2,0.0,0.0,0.0,6,657.4,670.2,1,675.2,673.0,0.0,0.0,0.0,0.0,75
2023-05-11 09:30:35,MO2403-P-7000,MO2403-P-7000,675.2,0.0,0.0,0.0,12,655.4,670.2,1,675.2,673.0,0.0,0.0,0.0,0.0,75
2023-05-11 09:30:35,MO2403-P-7000,MO2403-P-7000,675.2,0.0,0.0,0.0,1,656.0,670.2,1,675.2,673.0,0.0,0.0,0.0,0.0,75
2023-05-11 09:30:41,MO2403-P-7000,MO2403-P-7000,675.2,0.0,0.0,0.0,6,655.6,670.2,1,675.2,673.0,0.0,0.0,0.0,0.0,75
2023-05-11 09:30:45,MO2403-P-7000,MO2403-P-7000,675.2,0.0,0.0,0.0,7,655.6,670.2,1,675.2,673.0,0.0,0.0,0.0,0.0,75
2023-05-11 09:30:49,MO2403-P-7000,MO2403-P-7000,675.2,0.0,0.0,0.0,1,656.8,670.2,1,675.2,673.0,0.0,0.0,0.0,0.0,75
2023-05-11 09:30:50,MO2403-P-7000,MO2403-P-7000,675.2,0.0,0.0,0.0,1,657.4,670.2,1,675.2,673.0,0.0,0.0,0.0,0.0,75
2023-05-11 09:30:52,MO2403-P-7000,MO2403-P-7000,675.2,0.0,0.0,0.0,1,656.8,670.2,1,675.2,673.0,0.0,0.0,0.0,0.0,75
2023-05-11 09:30:53,MO2403-P-7000,MO2403-P-7000,675.2,0.0,0.0,0.0,1,657.2,670.2,1,675.2,673.0,0.0,0.0,0.0,0.0,75
2023-05-11 09:30:54,MO2403-P-7000,MO2403-P-7000,675.2,0.0,0.0,0.0,6,655.6,670.2,1,675.2,673.0,0.0,0.0,0.0,0.0,75
2023-05-11 09:30:54,MO2403-P-7000,MO2403-P-7000,675.2,0.0,0.0,0.0,1,656.2,670.2,1,675.2,673.0,0.0,0.0,0.0,0.0,75
2023-05-11 09:30:57,MO2403-P-7000,MO2403-P-7000,675.2,0.0,0.0,0.0,1,656.6,670.2,1,675.2,673.0,0.0,0.0,0.0,0.0,75
2023-05-11 09:30:58,MO2403-P-7000,MO2403-P-7000,675.2,0.0,0.0,0.0,1,657.2,670.2,1,675.2,673.0,0.0,0.0,0.0,0.0,75
2023-05-11 09:30:59,MO2403-P-7000,MO2403-P-7000,675.2,0.0,0.0,0.0,1,658.8,670.2,1,675.2,673.0,0.0,0.0,0.0,0.0,75
2023-05-11 09:31:02,MO2403-P-7000,MO2403-P-7000,675.2,0.0,0.0,0.0,6,657.4,670.2,1,675.2,673.0,0.0,0.0,0.0,0.0,75
2023-05-11 09:31:03,MO2403-P-7000,MO2403-P-7000,675.2,0.0,0.0,0.0,8,657.4,670.2,1,675.2,673.0,0.0,0.0,0.0,0.0,75
2023-05-11 09:31:03,MO2403-P-7000,MO2403-P-7000,675.2,0.0,0.0,0.0,7,657.4,670.2,2,675.2,673.0,0.0,0.0,0.0,0.0,75
2023-05-11 09:31:05,MO2403-P-7000,MO2403-P-7000,675.2,0.0,0.0,0.0,7,657.4,664.8,1,675.2,673.0,0.0,0.0,0.0,0.0,75
2023-05-11 09:31:05,MO2403-P-7000,MO2403-P-7000,675.2,0.0,0.0,0.0,1,657.4,664.8,1,675.2,673.0,0.0,0.0,0.0,0.0,75
2023-05-11 09:31:08,MO2403-P-7000,MO2403-P-7000,675.2,0.0,0.0,0.0,6,655.4,664.8,1,675.2,673.0,0.0,0.0,0.0,0.0,75
2023-05-11 09:31:09,MO2403-P-7000,MO2403-P-7000,675.2,0.0,0.0,0.0,1,655.8,664.8,1,675.2,673.0,0.0,0.0,0.0,0.0,75
2023-05-11 09:31:11,MO2403-P-7000,MO2403-P-7000,675.2,0.0,0.0,0.0,7,655.4,664.8,1,675.2,673.0,0.0,0.0,0.0,0.0,75
2023-05-11 09:31:14,MO2403-P-7000,MO2403-P-7000,675.2,0.0,0.0,0.0,1,655.4,664.8,1,675.2,673.0,0.0,0.0,0.0,0.0,75
2023-05-11 09:31:15,MO2403-P-7000,MO2403-P-7000,675.2,0.0,0.0,0.0,7,654.6,664.8,1,675.2,673.0,0.0,0.0,0.0,0.0,75
2023-05-11 09:31:16,MO2403-P-7000,MO2403-P-7000,675.2,0.0,0.0,0.0,8,654.6,664.8,1,675.2,673.0,0.0,0.0,0.0,0.0,75
2023-05-11 09:31:16,MO2403-P-7000,MO2403-P-7000,675.2,0.0,0.0,0.0,7,654.6,664.8,1,675.2,673.0,0.0,0.0,0.0,0.0,75
2023-05-11 09:31:17,MO2403-P-7000,MO2403-P-7000,675.2,0.0,0.0,0.0,1,654.8,664.8,1,675.2,673.0,0.0,0.0,0.0,0.0,75
2023-05-11 09:31:23,MO2403-P-7000,MO2403-P-7000,675.2,0.0,0.0,0.0,7,654.8,664.8,1,675.2,673.0,0.0,0.0,0.0,0.0,75
2023-05-11 09:31:32,MO2403-P-7000,MO2403-P-7000,675.2,0.0,0.0,0.0,1,655.0,664.8,1,675.2,673.0,0.0,0.0,0.0,0.0,75
2023-05-11 09:31:33,MO2403-P-7000,MO2403-P-7000,675.2,0.0,0.0,0.0,1,656.0,664.8,1,675.2,673.0,0.0,0.0,0.0,0.0,75
2023-05-11 09:31:45,MO2403-P-7000,MO2403-P-7000,675.2,0.0,0.0,0.0,2,656.0,664.8,1,675.2,673.0,0.0,0.0,0.0,0.0,75
2023-05-11 09:31:46,MO2403-P-7000,MO2403-P-7000,675.2,0.0,0.0,0.0,1,657.6,665.0,15,675.2,673.0,0.0,0.0,0.0,0.0,75
2023-05-11 09:31:46,MO2403-P-7000,MO2403-P-7000,675.2,0.0,0.0,0.0,1,657.6,667.4,15,675.2,673.0,0.0,0.0,0.0,0.0,75
2023-05-11 09:31:47,MO2403-P-7000,MO2403-P-7000,675.2,0.0,0.0,0.0,1,657.6,666.6,1,675.2,673.0,0.0,0.0,0.0,0.0,75
2023-05-11 09:31:48,MO2403-P-7000,MO2403-P-7000,675.2,0.0,0.0,0.0,7,657.6,666.6,1,675.2,673.0,0.0,0.0,0.0,0.0,75
2023-05-11 09:31:48,MO2403-P-7000,MO2403-P-7000,675.2,0.0,0.0,0.0,1,659.2,666.8,15,675.2,673.0,0.0,0.0,0.0,0.0,75
2023-05-11 09:31:49,MO2403-P-7000,MO2403-P-7000,675.2,0.0,0.0,0.0,1,659.2,668.0,6,675.2,673.0,0.0,0.0,0.0,0.0,75
2023-05-11 09:31:49,MO2403-P-7000,MO2403-P-7000,675.2,0.0,0.0,0.0,1,659.2,668.0,1,675.2,673.0,0.0,0.0,0.0,0.0,75
2023-05-11 09:31:59,MO2403-P-7000,MO2403-P-7000,675.2,0.0,0.0,0.0,1,658.6,668.0,1,675.2,673.0,0.0,0.0,0.0,0.0,75
2023-05-11 09:32:01,MO2403-P-7000,MO2403-P-7000,675.2,0.0,0.0,0.0,1,657.8,668.0,1,675.2,673.0,0.0,0.0,0.0,0.0,75
2023-05-11 09:32:15,MO2403-P-7000,MO2403-P-7000,675.2,0.0,0.0,0.0,1,658.0,668.0,1,675.2,673.0,0.0,0.0,0.0,0.0,75
2023-05-11 09:32:15,MO2403-P-7000,MO2403-P-7000,675.2,0.0,0.0,0.0,1,657.6,668.0,1,675.2,673.0,0.0,0.0,0.0,0.0,75
2023-05-11 09:32:17,MO2403-P-7000,MO2403-P-7000,675.2,0.0,0.0,0.0,8,657.6,668.0,1,675.2,673.0,0.0,0.0,0.0,0.0,75
2023-05-11 09:32:17,MO2403-P-7000,MO2403-P-7000,675.2,0.0,0.0,0.0,1,659.4,668.0,1,675.2,673.0,0.0,0.0,0.0,0.0,75
2023-05-11 09:32:18,MO2403-P-7000,MO2403-P-7000,675.2,0.0,0.0,0.0,2,659.4,668.0,1,675.2,673.0,0.0,0.0,0.0,0.0,75
2023-05-11 09:32:22,MO2403-P-7000,MO2403-P-7000,675.2,0.0,0.0,0.0,2,659.4,668.2,15,675.2,673.0,0.0,0.0,0.0,0.0,75
2023-05-11 09:32:23,MO2403-P-7000,MO2403-P-7000,675.2,0.0,0.0,0.0,2,659.4,668.6,6,675.2,673.0,0.0,0.0,0.0,0.0,75
2023-05-11 09:32:23,MO2403-P-7000,MO2403-P-7000,675.2,0.0,0.0,0.0,2,659.4,668.8,16,675.2,673.0,0.0,0.0,0.0,0.0,75
2023-05-11 09:32:24,MO2403-P-7000,MO2403-P-7000,675.2,0.0,0.0,0.0,2,659.4,668.8,1,675.2,673.0,0.0,0.0,0.0,0.0,75
2023-05-11 09:32:27,MO2403-P-7000,MO2403-P-7000,675.2,0.0,0.0,0.0,1,661.0,668.8,1,675.2,673.0,0.0,0.0,0.0,0.0,75
2023-05-11 09:32:33,MO2403-P-7000,MO2403-P-7000,675.2,0.0,0.0,0.0,1,661.0,669.0,15,675.2,673.0,0.0,0.0,0.0,0.0,75
2023-05-11 09:32:33,MO2403-P-7000,MO2403-P-7000,675.2,0.0,0.0,0.0,1,661.0,669.2,6,675.2,673.0,0.0,0.0,0.0,0.0,75
2023-05-11 09:32:34,MO2403-P-7000,MO2403-P-7000,675.2,0.0,0.0,0.0,1,661.4,669.4,27,675.2,673.0,0.0,0.0,0.0,0.0,75
2023-05-11 09:32:34,MO2403-P-7000,MO2403-P-7000,675.2,0.0,0.0,0.0,1,661.0,669.6,21,675.2,673.0,0.0,0.0,0.0,0.0,75
2023-05-11 09:32:35,MO2403-P-7000,MO2403-P-7000,675.2,0.0,0.0,0.0,1,663.2,669.8,15,675.2,673.0,0.0,0.0,0.0,0.0,75
2023-05-11 09:32:35,MO2403-P-7000,MO2403-P-7000,675.2,0.0,0.0,0.0,1,663.2,671.6,15,675.2,673.0,0.0,0.0,0.0,0.0,75
2023-05-11 09:32:36,MO2403-P-7000,MO2403-P-7000,675.2,0.0,0.0,0.0,1,663.2,671.4,1,675.2,673.0,0.0,0.0,0.0,0.0,75
2023-05-11 09:32:37,MO2403-P-7000,MO2403-P-7000,675.2,0.0,0.0,0.0,2,663.2,671.4,1,675.2,673.0,0.0,0.0,0.0,0.0,75
2023-05-11 09:32:47,MO2403-P-7000,MO2403-P-7000,675.2,0.0,0.0,0.0,1,663.4,671.4,1,675.2,673.0,0.0,0.0,0.0,0.0,75
2023-05-11 09:32:57,MO2403-P-7000,MO2403-P-7000,675.2,0.0,0.0,0.0,1,663.6,671.4,1,675.2,673.0,0.0,0.0,0.0,0.0,75
2023-05-11 09:33:04,MO2403-P-7000,MO2403-P-7000,675.2,0.0,0.0,0.0,1,663.6,671.6,15,675.2,673.0,0.0,0.0,0.0,0.0,75
2023-05-11 09:33:04,MO2403-P-7000,MO2403-P-7000,675.2,0.0,0.0,0.0,1,663.6,672.2,17,675.2,673.0,0.0,0.0,0.0,0.0,75
2023-05-11 09:33:05,MO2403-P-7000,MO2403-P-7000,675.2,0.0,0.0,0.0,1,664.6,672.2,5,675.2,673.0,0.0,0.0,0.0,0.0,75
2023-05-11 09:33:05,MO2403-P-7000,MO2403-P-7000,675.2,0.0,0.0,0.0,2,664.6,672.2,5,675.2,673.0,0.0,0.0,0.0,0.0,75
2023-05-11 09:33:06,MO2403-P-7000,MO2403-P-7000,675.2,0.0,0.0,0.0,2,664.6,672.4,34,675.2,673.0,0.0,0.0,0.0,0.0,75
2023-05-11 09:33:06,MO2403-P-7000,MO2403-P-7000,675.2,0.0,0.0,0.0,2,664.6,672.4,7,675.2,673.0,0.0,0.0,0.0,0.0,75
2023-05-11 09:33:07,MO2403-P-7000,MO2403-P-7000,675.2,0.0,0.0,0.0,2,664.6,672.4,1,675.2,673.0,0.0,0.0,0.0,0.0,75
2023-05-11 09:33:08,MO2403-P-7000,MO2403-P-7000,675.2,0.0,0.0,0.0,1,664.6,672.4,1,675.2,673.0,0.0,0.0,0.0,0.0,75
2023-05-11 09:33:15,MO2403-P-7000,MO2403-P-7000,675.2,0.0,0.0,0.0,1,664.8,672.4,1,675.2,673.0,0.0,0.0,0.0,0.0,75
2023-05-11 09:33:19,MO2403-P-7000,MO2403-P-7000,675.2,0.0,0.0,0.0,5,663.2,672.4,1,675.2,673.0,0.0,0.0,0.0,0.0,75
2023-05-11 09:33:19,MO2403-P-7000,MO2403-P-7000,675.2,0.0,0.0,0.0,1,663.2,672.4,6,675.2,673.0,0.0,0.0,0.0,0.0,75
2023-05-11 09:33:20,MO2403-P-7000,MO2403-P-7000,675.2,0.0,0.0,0.0,1,663.2,670.0,1,675.2,673.0,0.0,0.0,0.0,0.0,75
2023-05-11 09:33:23,MO2403-P-7000,MO2403-P-7000,675.2,0.0,0.0,0.0,1,663.2,670.2,15,675.2,673.0,0.0,0.0,0.0,0.0,75
2023-05-11 09:33:24,MO2403-P-7000,MO2403-P-7000,675.2,0.0,0.0,0.0,1,663.2,672.0,6,675.2,673.0,0.0,0.0,0.0,0.0,75
2023-05-11 09:33:24,MO2403-P-7000,MO2403-P-7000,675.2,0.0,0.0,0.0,1,663.2,671.8,1,675.2,673.0,0.0,0.0,0.0,0.0,75
2023-05-11 09:33:29,MO2403-P-7000,MO2403-P-7000,675.2,0.0,0.0,0.0,1,663.4,671.8,1,675.2,673.0,0.0,0.0,0.0,0.0,75
2023-05-11 09:33:35,MO2403-P-7000,MO2403-P-7000,675.2,0.0,0.0,0.0,1,663.4,671.8,6,675.2,673.0,0.0,0.0,0.0,0.0,75
2023-05-11 09:33:35,MO2403-P-7000,MO2403-P-7000,675.2,0.0,0.0,0.0,12,662.6,671.8,6,675.2,673.0,0.0,0.0,0.0,0.0,75
2023-05-11 09:33:36,MO2403-P-7000,MO2403-P-7000,675.2,0.0,0.0,0.0,6,662.4,669.0,1,675.2,673.0,0.0,0.0,0.0,0.0,75
2023-05-11 09:33:36,MO2403-P-7000,MO2403-P-7000,675.2,0.0,0.0,0.0,30,662.2,669.0,1,675.2,673.0,0.0,0.0,0.0,0.0,75
2023-05-11 09:33:37,MO2403-P-7000,MO2403-P-7000,675.2,0.0,0.0,0.0,12,662.2,669.0,1,675.2,673.0,0.0,0.0,0.0,0.0,75
2023-05-11 09:33:37,MO2403-P-7000,MO2403-P-7000,675.2,0.0,0.0,0.0,6,662.2,669.0,1,675.2,673.0,0.0,0.0,0.0,0.0,75
2023-05-11 09:33:38,MO2403-P-7000,MO2403-P-7000,675.2,0.0,0.0,0.0,25,661.8,669.0,1,675.2,673.0,0.0,0.0,0.0,0.0,75
2023-05-11 09:33:38,MO2403-P-7000,MO2403-P-7000,675.2,0.0,0.0,0.0,7,661.8,669.0,1,675.2,673.0,0.0,0.0,0.0,0.0,75
2023-05-11 09:33:39,MO2403-P-7000,MO2403-P-7000,675.2,0.0,0.0,0.0,1,661.8,669.0,1,675.2,673.0,0.0,0.0,0.0,0.0,75
2023-05-11 09:33:42,MO2403-P-7000,MO2403-P-7000,675.2,0.0,0.0,0.0,18,661.6,669.0,1,675.2,673.0,0.0,0.0,0.0,0.0,75
2023-05-11 09:33:42,MO2403-P-7000,MO2403-P-7000,675.2,0.0,0.0,0.0,6,661.6,669.0,1,675.2,673.0,0.0,0.0,0.0,0.0,75
2023-05-11 09:33:43,MO2403-P-7000,MO2403-P-7000,675.2,0.0,0.0,0.0,13,661.0,669.0,1,675.2,673.0,0.0,0.0,0.0,0.0,75
2023-05-11 09:33:43,MO2403-P-7000,MO2403-P-7000,675.2,0.0,0.0,0.0,7,661.0,669.0,1,675.2,673.0,0.0,0.0,0.0,0.0,75
2023-05-11 09:33:44,MO2403-P-7000,MO2403-P-7000,675.2,0.0,0.0,0.0,1,661.0,669.0,1,675.2,673.0,0.0,0.0,0.0,0.0,75
2023-05-11 09:33:46,MO2403-P-7000,MO2403-P-7000,675.2,0.0,0.0,0.0,38,660.4,669.0,1,675.2,673.0,0.0,0.0,0.0,0.0,75
2023-05-11 09:33:47,MO2403-P-7000,MO2403-P-7000,675.2,0.0,0.0,0.0,20,660.4,669.0,1,675.2,673.0,0.0,0.0,0.0,0.0,75
2023-05-11 09:33:47,MO2403-P-7000,MO2403-P-7000,675.2,0.0,0.0,0.0,14,660.4,669.0,1,675.2,673.0,0.0,0.0,0.0,0.0,75
2023-05-11 09:33:50,MO2403-P-7000,MO2403-P-7000,675.2,0.0,0.0,0.0,1,662.2,669.2,15,675.2,673.0,0.0,0.0,0.0,0.0,75
2023-05-11 09:33:50,MO2403-P-7000,MO2403-P-7000,675.2,0.0,0.0,0.0,1,662.2,669.6,27,675.2,673.0,0.0,0.0,0.0,0.0,75
2023-05-11 09:33:51,MO2403-P-7000,MO2403-P-7000,675.2,0.0,0.0,0.0,1,662.2,669.8,15,675.2,673.0,0.0,0.0,0.0,0.0,75
2023-05-11 09:33:51,MO2403-P-7000,MO2403-P-7000,675.2,0.0,0.0,0.0,1,662.2,670.0,12,675.2,673.0,0.0,0.0,0.0,0.0,75
2023-05-11 09:33:52,MO2403-P-7000,MO2403-P-7000,675.2,0.0,0.0,0.0,1,662.2,670.2,28,675.2,673.0,0.0,0.0,0.0,0.0,75
2023-05-11 09:33:52,MO2403-P-7000,MO2403-P-7000,675.2,0.0,0.0,0.0,1,662.2,670.2,1,675.2,673.0,0.0,0.0,0.0,0.0,75
2023-05-11 09:33:57,MO2403-P-7000,MO2403-P-7000,675.2,0.0,0.0,0.0,1,662.2,670.4,15,675.2,673.0,0.0,0.0,0.0,0.0,75
2023-05-11 09:33:57,MO2403-P-7000,MO2403-P-7000,675.2,0.0,0.0,0.0,1,662.2,670.8,15,675.2,673.0,0.0,0.0,0.0,0.0,75
2023-05-11 09:33:58,MO2403-P-7000,MO2403-P-7000,675.2,0.0,0.0,0.0,1,662.2,671.2,21,675.2,673.0,0.0,0.0,0.0,0.0,75
2023-05-11 09:33:58,MO2403-P-7000,MO2403-P-7000,675.2,0.0,0.0,0.0,1,662.2,671.4,22,675.2,673.0,0.0,0.0,0.0,0.0,75
2023-05-11 09:33:59,MO2403-P-7000,MO2403-P-7000,675.2,0.0,0.0,0.0,1,662.2,670.0,1,675.2,673.0,0.0,0.0,0.0,0.0,75
2023-05-11 09:34:00,MO2403-P-7000,MO2403-P-7000,675.2,0.0,0.0,0.0,1,660.8,670.0,1,675.2,673.0,0.0,0.0,0.0,0.0,75
2023-05-11 09:34:01,MO2403-P-7000,MO2403-P-7000,675.2,0.0,0.0,0.0,2,660.8,670.0,1,675.2,673.0,0.0,0.0,0.0,0.0,75
2023-05-11 09:34:04,MO2403-P-7000,MO2403-P-7000,675.2,0.0,0.0,0.0,1,660.8,670.0,1,675.2,673.0,0.0,0.0,0.0,0.0,75
2023-05-11 09:34:09,MO2403-P-7000,MO2403-P-7000,675.2,0.0,0.0,0.0,2,660.8,670.0,1,675.2,673.0,0.0,0.0,0.0,0.0,75
2023-05-11 09:34:10,MO2403-P-7000,MO2403-P-7000,675.2,0.0,0.0,0.0,1,660.8,670.0,1,675.2,673.0,0.0,0.0,0.0,0.0,75
2023-05-11 09:34:11,MO2403-P-7000,MO2403-P-7000,675.2,0.0,0.0,0.0,1,661.0,670.0,1,675.2,673.0,0.0,0.0,0.0,0.0,75
2023-05-11 09:34:18,MO2403-P-7000,MO2403-P-7000,675.2,0.0,0.0,0.0,7,661.0,670.0,1,675.2,673.0,0.0,0.0,0.0,0.0,75
2023-05-11 09:34:19,MO2403-P-7000,MO2403-P-7000,675.2,0.0,0.0,0.0,1,661.6,670.0,1,675.2,673.0,0.0,0.0,0.0,0.0,75
2023-05-11 09:34:31,MO2403-P-7000,MO2403-P-7000,675.2,0.0,0.0,0.0,2,661.6,670.0,1,675.2,673.0,0.0,0.0,0.0,0.0,75
2023-05-11 09:34:33,MO2403-P-7000,MO2403-P-7000,675.2,0.0,0.0,0.0,1,662.0,670.0,1,675.2,673.0,0.0,0.0,0.0,0.0,75
2023-05-11 09:34:34,MO2403-P-7000,MO2403-P-7000,675.2,0.0,0.0,0.0,1,662.6,670.0,1,675.2,673.0,0.0,0.0,0.0,0.0,75
2023-05-11 09:34:36,MO2403-P-7000,MO2403-P-7000,675.2,0.0,0.0,0.0,2,662.6,670.0,1,675.2,673.0,0.0,0.0,0.0,0.0,75
2023-05-11 09:34:38,MO2403-P-7000,MO2403-P-7000,675.2,0.0,0.0,0.0,1,662.6,670.0,1,675.2,673.0,0.0,0.0,0.0,0.0,75
2023-05-11 09:34:41,MO2403-P-7000,MO2403-P-7000,675.2,0.0,0.0,0.0,1,661.8,670.0,1,675.2,673.0,0.0,0.0,0.0,0.0,75
2023-05-11 09:34:41,MO2403-P-7000,MO2403-P-7000,675.2,0.0,0.0,0.0,2,661.8,670.0,1,675.2,673.0,0.0,0.0,0.0,0.0,75
2023-05-11 09:34:51,MO2403-P-7000,MO2403-P-7000,675.2,0.0,0.0,0.0,1,662.0,670.0,1,675.2,673.0,0.0,0.0,0.0,0.0,75
2023-05-11 09:34:51,MO2403-P-7000,MO2403-P-7000,675.2,0.0,0.0,0.0,1,662.4,670.0,1,675.2,673.0,0.0,0.0,0.0,0.0,75
2023-05-11 09:34:59,MO2403-P-7000,MO2403-P-7000,675.2,0.0,0.0,0.0,1,662.0,670.0,1,675.2,673.0,0.0,0.0,0.0,0.0,75
2023-05-11 09:35:00,MO2403-P-7000,MO2403-P-7000,675.2,0.0,0.0,0.0,1,662.2,670.0,1,675.2,673.0,0.0,0.0,0.0,0.0,75
2023-05-11 09:35:01,MO2403-P-7000,MO2403-P-7000,675.2,0.0,0.0,0.0,2,662.2,670.0,1,675.2,673.0,0.0,0.0,0.0,0.0,75
2023-05-11 09:35:02,MO2403-P-7000,MO2403-P-7000,675.2,0.0,0.0,0.0,2,662.2,670.2,15,675.2,673.0,0.0,0.0,0.0,0.0,75
2023-05-11 09:35:02,MO2403-P-7000,MO2403-P-7000,675.2,0.0,0.0,0.0,1,663.4,670.4,6,675.2,673.0,0.0,0.0,0.0,0.0,75
2023-05-11 09:35:03,MO2403-P-7000,MO2403-P-7000,675.2,0.0,0.0,0.0,1,663.4,670.6,27,675.2,673.0,0.0,0.0,0.0,0.0,75
2023-05-11 09:35:03,MO2403-P-7000,MO2403-P-7000,675.2,0.0,0.0,0.0,1,663.4,670.8,27,675.2,673.0,0.0,0.0,0.0,0.0,75
2023-05-11 09:35:04,MO2403-P-7000,MO2403-P-7000,675.2,0.0,0.0,0.0,1,663.8,671.0,21,675.2,673.0,0.0,0.0,0.0,0.0,75
2023-05-11 09:35:04,MO2403-P-7000,MO2403-P-7000,675.2,0.0,0.0,0.0,1,663.8,671.2,15,675.2,673.0,0.0,0.0,0.0,0.0,75
2023-05-11 09:35:05,MO2403-P-7000,MO2403-P-7000,675.2,0.0,0.0,0.0,1,663.8,671.6,6,675.2,673.0,0.0,0.0,0.0,0.0,75
2023-05-11 09:35:05,MO2403-P-7000,MO2403-P-7000,675.2,0.0,0.0,0.0,1,663.8,671.8,33,675.2,673.0,0.0,0.0,0.0,0.0,75
2023-05-11 09:35:06,MO2403-P-7000,MO2403-P-7000,675.2,0.0,0.0,0.0,1,663.8,672.0,15,675.2,673.0,0.0,0.0,0.0,0.0,75
2023-05-11 09:35:06,MO2403-P-7000,MO2403-P-7000,675.2,0.0,0.0,0.0,1,663.8,672.6,6,675.2,673.0,0.0,0.0,0.0,0.0,75
2023-05-11 09:35:07,MO2403-P-7000,MO2403-P-7000,675.2,0.0,0.0,0.0,1,663.8,672.8,15,675.2,673.0,0.0,0.0,0.0,0.0,75
2023-05-11 09:35:07,MO2403-P-7000,MO2403-P-7000,675.2,0.0,0.0,0.0,1,663.8,673.2,22,675.2,673.0,0.0,0.0,0.0,0.0,75
2023-05-11 09:35:08,MO2403-P-7000,MO2403-P-7000,675.2,0.0,0.0,0.0,1,663.8,673.2,1,675.2,673.0,0.0,0.0,0.0,0.0,75
2023-05-11 09:35:11,MO2403-P-7000,MO2403-P-7000,675.2,0.0,0.0,0.0,1,663.4,673.2,1,675.2,673.0,0.0,0.0,0.0,0.0,75
2023-05-11 09:35:12,MO2403-P-7000,MO2403-P-7000,675.2,0.0,0.0,0.0,1,663.6,673.2,1,675.2,673.0,0.0,0.0,0.0,0.0,75
2023-05-11 09:35:13,MO2403-P-7000,MO2403-P-7000,675.2,0.0,0.0,0.0,1,663.4,673.2,1,675.2,673.0,0.0,0.0,0.0,0.0,75
2023-05-11 09:35:14,MO2403-P-7000,MO2403-P-7000,675.2,0.0,0.0,0.0,17,663.2,673.2,1,675.2,673.0,0.0,0.0,0.0,0.0,75
2023-05-11 09:35:15,MO2403-P-7000,MO2403-P-7000,675.2,0.0,0.0,0.0,6,663.2,673.2,1,675.2,673.0,0.0,0.0,0.0,0.0,75
2023-05-11 09:35:15,MO2403-P-7000,MO2403-P-7000,675.2,0.0,0.0,0.0,1,663.6,673.2,1,675.2,673.0,0.0,0.0,0.0,0.0,75
2023-05-11 09:35:16,MO2403-P-7000,MO2403-P-7000,675.2,0.0,0.0,0.0,2,663.6,673.2,1,675.2,673.0,0.0,0.0,0.0,0.0,75
2023-05-11 09:35:21,MO2403-P-7000,MO2403-P-7000,675.2,0.0,0.0,0.0,7,663.6,673.2,1,675.2,673.0,0.0,0.0,0.0,0.0,75
2023-05-11 09:35:26,MO2403-P-7000,MO2403-P-7000,675.2,0.0,0.0,0.0,6,664.6,673.2,1,675.2,673.0,0.0,0.0,0.0,0.0,75
2023-05-11 09:35:26,MO2403-P-7000,MO2403-P-7000,675.2,0.0,0.0,0.0,1,665.2,673.2,1,675.2,673.0,0.0,0.0,0.0,0.0,75
2023-05-11 09:35:37,MO2403-P-7000,MO2403-P-7000,675.2,0.0,0.0,0.0,6,665.2,673.2,1,675.2,673.0,0.0,0.0,0.0,0.0,75
2023-05-11 09:35:37,MO2403-P-7000,MO2403-P-7000,675.2,0.0,0.0,0.0,6,665.2,673.4,15,675.2,673.0,0.0,0.0,0.0,0.0,75
2023-05-11 09:35:38,MO2403-P-7000,MO2403-P-7000,675.2,0.0,0.0,0.0,6,665.2,673.6,6,675.2,673.0,0.0,0.0,0.0,0.0,75
2023-05-11 09:35:38,MO2403-P-7000,MO2403-P-7000,675.2,0.0,0.0,0.0,1,667.6,673.8,27,675.2,673.0,0.0,0.0,0.0,0.0,75
2023-05-11 09:35:39,MO2403-P-7000,MO2403-P-7000,675.2,0.0,0.0,0.0,1,667.6,674.0,21,675.2,673.0,0.0,0.0,0.0,0.0,75
2023-05-11 09:35:39,MO2403-P-7000,MO2403-P-7000,675.2,0.0,0.0,0.0,2,667.6,674.2,15,675.2,673.0,0.0,0.0,0.0,0.0,75
2023-05-11 09:35:40,MO2403-P-7000,MO2403-P-7000,675.2,0.0,0.0,0.0,2,667.6,674.6,6,675.2,673.0,0.0,0.0,0.0,0.0,75
2023-05-11 09:35:40,MO2403-P-7000,MO2403-P-7000,675.2,0.0,0.0,0.0,3,667.6,674.8,15,675.2,673.0,0.0,0.0,0.0,0.0,75
2023-05-11 09:35:41,MO2403-P-7000,MO2403-P-7000,675.2,0.0,0.0,0.0,2,667.6,675.8,12,675.2,673.0,0.0,0.0,0.0,0.0,75
2023-05-11 09:35:41,MO2403-P-7000,MO2403-P-7000,675.2,0.0,0.0,0.0,2,667.6,676.0,15,675.2,673.0,0.0,0.0,0.0,0.0,75
2023-05-11 09:35:42,MO2403-P-7000,MO2403-P-7000,675.2,0.0,0.0,0.0,2,667.6,676.2,24,675.2,673.0,0.0,0.0,0.0,0.0,75
2023-05-11 09:35:42,MO2403-P-7000,MO2403-P-7000,675.2,0.0,0.0,0.0,2,667.6,676.4,27,675.2,673.0,0.0,0.0,0.0,0.0,75
2023-05-11 09:35:43,MO2403-P-7000,MO2403-P-7000,675.2,0.0,0.0,0.0,2,667.6,676.6,17,675.2,673.0,0.0,0.0,0.0,0.0,75
2023-05-11 09:35:43,MO2403-P-7000,MO2403-P-7000,675.2,0.0,0.0,0.0,2,667.6,676.8,33,675.2,673.0,0.0,0.0,0.0,0.0,75
2023-05-11 09:35:44,MO2403-P-7000,MO2403-P-7000,675.2,0.0,0.0,0.0,2,667.6,676.8,12,675.2,673.0,0.0,0.0,0.0,0.0,75
2023-05-11 09:35:44,MO2403-P-7000,MO2403-P-7000,675.2,0.0,0.0,0.0,2,667.6,677.0,42,675.2,673.0,0.0,0.0,0.0,0.0,75
2023-05-11 09:35:45,MO2403-P-7000,MO2403-P-7000,675.2,0.0,0.0,0.0,2,667.6,677.0,21,675.2,673.0,0.0,0.0,0.0,0.0,75
2023-05-11 09:35:45,MO2403-P-7000,MO2403-P-7000,675.2,0.0,0.0,0.0,2,667.6,677.0,13,675.2,673.0,0.0,0.0,0.0,0.0,75
2023-05-11 09:35:48,MO2403-P-7000,MO2403-P-7000,675.2,0.0,0.0,0.0,1,667.6,675.0,1,675.2,673.0,0.0,0.0,0.0,0.0,75
2023-05-11 09:35:49,MO2403-P-7000,MO2403-P-7000,675.2,0.0,0.0,0.0,1,667.8,675.0,1,675.2,673.0,0.0,0.0,0.0,0.0,75
2023-05-11 09:35:52,MO2403-P-7000,MO2403-P-7000,675.2,0.0,0.0,0.0,12,666.6,675.0,1,675.2,673.0,0.0,0.0,0.0,0.0,75
2023-05-11 09:35:53,MO2403-P-7000,MO2403-P-7000,675.2,0.0,0.0,0.0,2,666.6,675.0,1,675.2,673.0,0.0,0.0,0.0,0.0,75
2023-05-11 09:35:59,MO2403-P-7000,MO2403-P-7000,675.2,0.0,0.0,0.0,8,666.6,675.2,15,675.2,673.0,0.0,0.0,0.0,0.0,75
2023-05-11 09:36:00,MO2403-P-7000,MO2403-P-7000,675.2,0.0,0.0,0.0,8,666.6,675.4,6,675.2,673.0,0.0,0.0,0.0,0.0,75
2023-05-11 09:36:00,MO2403-P-7000,MO2403-P-7000,675.2,0.0,0.0,0.0,8,666.6,675.6,33,675.2,673.0,0.0,0.0,0.0,0.0,75
2023-05-11 09:36:01,MO2403-P-7000,MO2403-P-7000,675.2,0.0,0.0,0.0,8,666.6,675.8,15,675.2,673.0,0.0,0.0,0.0,0.0,75
2023-05-11 09:36:01,MO2403-P-7000,MO2403-P-7000,675.2,0.0,0.0,0.0,8,666.6,676.0,6,675.2,673.0,0.0,0.0,0.0,0.0,75
2023-05-11 09:36:02,MO2403-P-7000,MO2403-P-7000,675.2,0.0,0.0,0.0,8,666.6,676.2,28,675.2,673.0,0.0,0.0,0.0,0.0,75
2023-05-11 09:36:02,MO2403-P-7000,MO2403-P-7000,675.2,0.0,0.0,0.0,6,666.8,676.2,1,675.2,673.0,0.0,0.0,0.0,0.0,75
2023-05-11 09:36:03,MO2403-P-7000,MO2403-P-7000,675.2,0.0,0.0,0.0,1,667.4,676.2,1,675.2,673.0,0.0,0.0,0.0,0.0,75
2023-05-11 09:36:04,MO2403-P-7000,MO2403-P-7000,675.2,0.0,0.0,0.0,6,667.4,676.2,1,675.2,673.0,0.0,0.0,0.0,0.0,75
2023-05-11 09:36:08,MO2403-P-7000,MO2403-P-7000,675.2,0.0,0.0,0.0,5,667.4,676.2,1,675.2,673.0,0.0,0.0,0.0,0.0,75
2023-05-11 09:36:09,MO2403-P-7000,MO2403-P-7000,675.2,0.0,0.0,0.0,6,667.4,676.2,1,675.2,673.0,0.0,0.0,0.0,0.0,75
2023-05-11 09:36:09,MO2403-P-7000,MO2403-P-7000,675.2,0.0,0.0,0.0,5,667.4,676.2,1,675.2,673.0,0.0,0.0,0.0,0.0,75
2023-05-11 09:36:10,MO2403-P-7000,MO2403-P-7000,675.2,0.0,0.0,0.0,6,667.4,676.2,1,675.2,673.0,0.0,0.0,0.0,0.0,75
2023-05-11 09:36:18,MO2403-P-7000,MO2403-P-7000,675.2,0.0,0.0,0.0,7,667.4,676.2,1,675.2,673.0,0.0,0.0,0.0,0.0,75
2023-05-11 09:36:28,MO2403-P-7000,MO2403-P-7000,675.2,0.0,0.0,0.0,1,667.6,676.2,1,675.2,673.0,0.0,0.0,0.0,0.0,75
2023-05-11 09:36:28,MO2403-P-7000,MO2403-P-7000,675.2,0.0,0.0,0.0,1,668.0,676.2,1,675.2,673.0,0.0,0.0,0.0,0.0,75
2023-05-11 09:36:30,MO2403-P-7000,MO2403-P-7000,675.2,0.0,0.0,0.0,2,668.0,676.2,1,675.2,673.0,0.0,0.0,0.0,0.0,75
2023-05-11 09:36:44,MO2403-P-7000,MO2403-P-7000,675.2,0.0,0.0,0.0,2,668.0,676.4,21,675.2,673.0,0.0,0.0,0.0,0.0,75
2023-05-11 09:36:44,MO2403-P-7000,MO2403-P-7000,675.2,0.0,0.0,0.0,2,668.0,676.4,6,675.2,673.0,0.0,0.0,0.0,0.0,75
2023-05-11 09:36:45,MO2403-P-7000,MO2403-P-7000,675.2,0.0,0.0,0.0,2,668.0,676.6,21,675.2,673.0,0.0,0.0,0.0,0.0,75
2023-05-11 09:36:45,MO2403-P-7000,MO2403-P-7000,675.2,0.0,0.0,0.0,7,668.0,676.6,6,675.2,673.0,0.0,0.0,0.0,0.0,75
2023-05-11 09:36:46,MO2403-P-7000,MO2403-P-7000,675.2,0.0,0.0,0.0,7,668.0,676.8,18,675.2,673.0,0.0,0.0,0.0,0.0,75
2023-05-11 09:36:46,MO2403-P-7000,MO2403-P-7000,675.2,0.0,0.0,0.0,1,670.4,676.8,6,675.2,673.0,0.0,0.0,0.0,0.0,75
2023-05-11 09:36:47,MO2403-P-7000,MO2403-P-7000,675.2,0.0,0.0,0.0,1,670.6,677.2,26,675.2,673.0,0.0,0.0,0.0,0.0,75
2023-05-11 09:36:47,MO2403-P-7000,MO2403-P-7000,675.2,0.0,0.0,0.0,2,670.4,677.2,7,675.2,673.0,0.0,0.0,0.0,0.0,75
2023-05-11 09:36:48,MO2403-P-7000,MO2403-P-7000,675.2,0.0,0.0,0.0,3,670.4,677.6,21,675.2,673.0,0.0,0.0,0.0,0.0,75
2023-05-11 09:36:48,MO2403-P-7000,MO2403-P-7000,675.2,0.0,0.0,0.0,3,670.4,677.6,6,675.2,673.0,0.0,0.0,0.0,0.0,75
2023-05-11 09:36:49,MO2403-P-7000,MO2403-P-7000,675.2,0.0,0.0,0.0,3,670.4,677.8,21,675.2,673.0,0.0,0.0,0.0,0.0,75
2023-05-11 09:36:49,MO2403-P-7000,MO2403-P-7000,675.2,0.0,0.0,0.0,3,670.4,677.8,6,675.2,673.0,0.0,0.0,0.0,0.0,75
2023-05-11 09:36:50,MO2403-P-7000,MO2403-P-7000,675.2,0.0,0.0,0.0,2,670.4,678.0,21,675.2,673.0,0.0,0.0,0.0,0.0,75
2023-05-11 09:36:50,MO2403-P-7000,MO2403-P-7000,675.2,0.0,0.0,0.0,2,670.4,678.0,6,675.2,673.0,0.0,0.0,0.0,0.0,75
2023-05-11 09:36:51,MO2403-P-7000,MO2403-P-7000,675.2,0.0,0.0,0.0,2,670.4,678.2,22,675.2,673.0,0.0,0.0,0.0,0.0,75
2023-05-11 09:36:51,MO2403-P-7000,MO2403-P-7000,675.2,0.0,0.0,0.0,3,670.4,678.2,6,675.2,673.0,0.0,0.0,0.0,0.0,75
2023-05-11 09:36:52,MO2403-P-7000,MO2403-P-7000,675.2,0.0,0.0,0.0,2,670.4,678.4,21,675.2,673.0,0.0,0.0,0.0,0.0,75
2023-05-11 09:36:52,MO2403-P-7000,MO2403-P-7000,675.2,0.0,0.0,0.0,1,670.6,678.4,6,675.2,673.0,0.0,0.0,0.0,0.0,75
2023-05-11 09:36:53,MO2403-P-7000,MO2403-P-7000,675.2,0.0,0.0,0.0,2,670.6,678.4,6,675.2,673.0,0.0,0.0,0.0,0.0,75
2023-05-11 09:36:53,MO2403-P-7000,MO2403-P-7000,675.2,0.0,0.0,0.0,1,670.6,678.6,21,675.2,673.0,0.0,0.0,0.0,0.0,75
2023-05-11 09:36:54,MO2403-P-7000,MO2403-P-7000,675.2,0.0,0.0,0.0,1,670.6,678.6,6,675.2,673.0,0.0,0.0,0.0,0.0,75
2023-05-11 09:36:54,MO2403-P-7000,MO2403-P-7000,675.2,0.0,0.0,0.0,1,670.6,678.8,27,675.2,673.0,0.0,0.0,0.0,0.0,75
2023-05-11 09:36:55,MO2403-P-7000,MO2403-P-7000,675.2,0.0,0.0,0.0,1,670.6,678.8,6,675.2,673.0,0.0,0.0,0.0,0.0,75
2023-05-11 09:36:55,MO2403-P-7000,MO2403-P-7000,675.2,0.0,0.0,0.0,1,670.6,679.0,34,675.2,673.0,0.0,0.0,0.0,0.0,75
2023-05-11 09:36:56,MO2403-P-7000,MO2403-P-7000,675.2,0.0,0.0,0.0,1,670.6,679.0,13,675.2,673.0,0.0,0.0,0.0,0.0,75
2023-05-11 09:36:56,MO2403-P-7000,MO2403-P-7000,675.2,0.0,0.0,0.0,1,670.6,679.0,7,675.2,673.0,0.0,0.0,0.0,0.0,75
2023-05-11 09:36:57,MO2403-P-7000,MO2403-P-7000,675.2,0.0,0.0,0.0,1,670.6,679.0,1,675.2,673.0,0.0,0.0,0.0,0.0,75
2023-05-11 09:36:58,MO2403-P-7000,MO2403-P-7000,675.2,0.0,0.0,0.0,2,670.6,679.0,1,675.2,673.0,0.0,0.0,0.0,0.0,75
2023-05-11 09:36:59,MO2403-P-7000,MO2403-P-7000,675.2,0.0,0.0,0.0,2,670.6,679.2,21,675.2,673.0,0.0,0.0,0.0,0.0,75
2023-05-11 09:36:59,MO2403-P-7000,MO2403-P-7000,675.2,0.0,0.0,0.0,2,670.6,679.2,6,675.2,673.0,0.0,0.0,0.0,0.0,75
2023-05-11 09:37:00,MO2403-P-7000,MO2403-P-7000,675.2,0.0,0.0,0.0,2,670.6,679.4,21,675.2,673.0,0.0,0.0,0.0,0.0,75
2023-05-11 09:37:00,MO2403-P-7000,MO2403-P-7000,675.2,0.0,0.0,0.0,2,670.6,679.4,6,675.2,673.0,0.0,0.0,0.0,0.0,75
2023-05-11 09:37:01,MO2403-P-7000,MO2403-P-7000,675.2,0.0,0.0,0.0,2,670.6,679.6,21,675.2,673.0,0.0,0.0,0.0,0.0,75
2023-05-11 09:37:01,MO2403-P-7000,MO2403-P-7000,675.2,0.0,0.0,0.0,2,670.6,679.6,6,675.2,673.0,0.0,0.0,0.0,0.0,75
2023-05-11 09:37:02,MO2403-P-7000,MO2403-P-7000,675.2,0.0,0.0,0.0,2,670.6,679.8,52,675.2,673.0,0.0,0.0,0.0,0.0,75
2023-05-11 09:37:02,MO2403-P-7000,MO2403-P-7000,675.2,0.0,0.0,0.0,2,670.6,679.8,19,675.2,673.0,0.0,0.0,0.0,0.0,75
2023-05-11 09:37:03,MO2403-P-7000,MO2403-P-7000,675.2,0.0,0.0,0.0,1,670.8,679.8,7,675.2,673.0,0.0,0.0,0.0,0.0,75
2023-05-11 09:37:03,MO2403-P-7000,MO2403-P-7000,675.2,0.0,0.0,0.0,1,671.4,679.8,1,675.2,673.0,0.0,0.0,0.0,0.0,75
2023-05-11 09:37:05,MO2403-P-7000,MO2403-P-7000,675.2,0.0,0.0,0.0,1,670.8,679.8,1,675.2,673.0,0.0,0.0,0.0,0.0,75
2023-05-11 09:37:05,MO2403-P-7000,MO2403-P-7000,675.2,0.0,0.0,0.0,1,671.0,679.8,1,675.2,673.0,0.0,0.0,0.0,0.0,75
2023-05-11 09:37:10,MO2403-P-7000,MO2403-P-7000,675.2,0.0,0.0,0.0,1,670.8,679.8,1,675.2,673.0,0.0,0.0,0.0,0.0,75
2023-05-11 09:37:13,MO2403-P-7000,MO2403-P-7000,675.2,0.0,0.0,0.0,6,670.2,679.8,6,675.2,673.0,0.0,0.0,0.0,0.0,75
2023-05-11 09:37:13,MO2403-P-7000,MO2403-P-7000,675.2,0.0,0.0,0.0,6,670.0,675.6,1,675.2,673.0,0.0,0.0,0.0,0.0,75
2023-05-11 09:37:14,MO2403-P-7000,MO2403-P-7000,675.2,0.0,0.0,0.0,24,669.8,675.6,1,675.2,673.0,0.0,0.0,0.0,0.0,75
2023-05-11 09:37:14,MO2403-P-7000,MO2403-P-7000,675.2,0.0,0.0,0.0,12,669.8,675.6,1,675.2,673.0,0.0,0.0,0.0,0.0,75
2023-05-11 09:37:15,MO2403-P-7000,MO2403-P-7000,675.2,0.0,0.0,0.0,6,669.8,675.6,1,675.2,673.0,0.0,0.0,0.0,0.0,75
2023-05-11 09:37:15,MO2403-P-7000,MO2403-P-7000,675.2,0.0,0.0,0.0,1,670.2,675.8,15,675.2,673.0,0.0,0.0,0.0,0.0,75
2023-05-11 09:37:16,MO2403-P-7000,MO2403-P-7000,675.2,0.0,0.0,0.0,1,670.2,676.0,6,675.2,673.0,0.0,0.0,0.0,0.0,75
2023-05-11 09:37:16,MO2403-P-7000,MO2403-P-7000,675.2,0.0,0.0,0.0,6,670.2,676.4,21,675.2,673.0,0.0,0.0,0.0,0.0,75
2023-05-11 09:37:17,MO2403-P-7000,MO2403-P-7000,675.2,0.0,0.0,0.0,6,670.2,676.6,21,675.2,673.0,0.0,0.0,0.0,0.0,75
2023-05-11 09:37:17,MO2403-P-7000,MO2403-P-7000,675.2,0.0,0.0,0.0,6,670.2,677.0,6,675.2,673.0,0.0,0.0,0.0,0.0,75
2023-05-11 09:37:18,MO2403-P-7000,MO2403-P-7000,675.2,0.0,0.0,0.0,6,670.2,678.0,39,675.2,673.0,0.0,0.0,0.0,0.0,75
2023-05-11 09:37:18,MO2403-P-7000,MO2403-P-7000,675.2,0.0,0.0,0.0,6,670.4,678.0,6,675.2,673.0,0.0,0.0,0.0,0.0,75
2023-05-11 09:37:19,MO2403-P-7000,MO2403-P-7000,675.2,0.0,0.0,0.0,1,671.0,678.2,21,675.2,673.0,0.0,0.0,0.0,0.0,75
2023-05-11 09:37:19,MO2403-P-7000,MO2403-P-7000,675.2,0.0,0.0,0.0,1,671.0,678.2,6,675.2,673.0,0.0,0.0,0.0,0.0,75
2023-05-11 09:37:20,MO2403-P-7000,MO2403-P-7000,675.2,0.0,0.0,0.0,1,671.0,678.4,21,675.2,673.0,0.0,0.0,0.0,0.0,75
2023-05-11 09:37:20,MO2403-P-7000,MO2403-P-7000,675.2,0.0,0.0,0.0,1,671.0,678.4,6,675.2,673.0,0.0,0.0,0.0,0.0,75
2023-05-11 09:37:21,MO2403-P-7000,MO2403-P-7000,675.2,0.0,0.0,0.0,1,671.0,678.6,21,675.2,673.0,0.0,0.0,0.0,0.0,75
2023-05-11 09:37:21,MO2403-P-7000,MO2403-P-7000,675.2,0.0,0.0,0.0,1,671.0,678.6,6,675.2,673.0,0.0,0.0,0.0,0.0,75
2023-05-11 09:37:22,MO2403-P-7000,MO2403-P-7000,675.2,0.0,0.0,0.0,1,671.0,678.8,22,675.2,673.0,0.0,0.0,0.0,0.0,75
2023-05-11 09:37:22,MO2403-P-7000,MO2403-P-7000,675.2,0.0,0.0,0.0,1,671.0,678.8,7,675.2,673.0,0.0,0.0,0.0,0.0,75
2023-05-11 09:37:23,MO2403-P-7000,MO2403-P-7000,675.2,0.0,0.0,0.0,1,671.0,679.0,21,675.2,673.0,0.0,0.0,0.0,0.0,75
2023-05-11 09:37:23,MO2403-P-7000,MO2403-P-7000,675.2,0.0,0.0,0.0,1,671.0,679.0,6,675.2,673.0,0.0,0.0,0.0,0.0,75
2023-05-11 09:37:24,MO2403-P-7000,MO2403-P-7000,675.2,0.0,0.0,0.0,2,671.0,679.2,21,675.2,673.0,0.0,0.0,0.0,0.0,75
2023-05-11 09:37:24,MO2403-P-7000,MO2403-P-7000,675.2,0.0,0.0,0.0,1,671.6,679.2,6,675.2,673.0,0.0,0.0,0.0,0.0,75
2023-05-11 09:37:25,MO2403-P-7000,MO2403-P-7000,675.2,0.0,0.0,0.0,1,671.6,679.4,21,675.2,673.0,0.0,0.0,0.0,0.0,75
2023-05-11 09:37:25,MO2403-P-7000,MO2403-P-7000,675.2,0.0,0.0,0.0,6,671.6,679.4,6,675.2,673.0,0.0,0.0,0.0,0.0,75
2023-05-11 09:37:26,MO2403-P-7000,MO2403-P-7000,675.2,0.0,0.0,0.0,1,671.8,679.6,33,675.2,673.0,0.0,0.0,0.0,0.0,75
2023-05-11 09:37:26,MO2403-P-7000,MO2403-P-7000,675.2,0.0,0.0,0.0,1,671.8,679.6,6,675.2,673.0,0.0,0.0,0.0,0.0,75
2023-05-11 09:37:27,MO2403-P-7000,MO2403-P-7000,675.2,0.0,0.0,0.0,1,671.8,679.8,27,675.2,673.0,0.0,0.0,0.0,0.0,75
2023-05-11 09:37:27,MO2403-P-7000,MO2403-P-7000,675.2,0.0,0.0,0.0,1,671.8,679.8,6,675.2,673.0,0.0,0.0,0.0,0.0,75
2023-05-11 09:37:28,MO2403-P-7000,MO2403-P-7000,675.2,0.0,0.0,0.0,1,671.8,680.0,21,675.2,673.0,0.0,0.0,0.0,0.0,75
2023-05-11 09:37:28,MO2403-P-7000,MO2403-P-7000,675.2,0.0,0.0,0.0,1,671.8,680.0,6,675.2,673.0,0.0,0.0,0.0,0.0,75
2023-05-11 09:37:29,MO2403-P-7000,MO2403-P-7000,675.2,0.0,0.0,0.0,1,671.8,680.2,21,675.2,673.0,0.0,0.0,0.0,0.0,75
2023-05-11 09:37:29,MO2403-P-7000,MO2403-P-7000,675.2,0.0,0.0,0.0,1,671.8,680.2,6,675.2,673.0,0.0,0.0,0.0,0.0,75
2023-05-11 09:37:30,MO2403-P-7000,MO2403-P-7000,675.2,0.0,0.0,0.0,1,671.8,680.4,21,675.2,673.0,0.0,0.0,0.0,0.0,75
2023-05-11 09:37:30,MO2403-P-7000,MO2403-P-7000,675.2,0.0,0.0,0.0,1,671.8,680.4,6,675.2,673.0,0.0,0.0,0.0,0.0,75
2023-05-11 09:37:31,MO2403-P-7000,MO2403-P-7000,675.2,0.0,0.0,0.0,1,671.8,680.6,33,675.2,673.0,0.0,0.0,0.0,0.0,75
2023-05-11 09:37:31,MO2403-P-7000,MO2403-P-7000,675.2,0.0,0.0,0.0,1,671.8,680.6,6,675.2,673.0,0.0,0.0,0.0,0.0,75
2023-05-11 09:37:32,MO2403-P-7000,MO2403-P-7000,675.2,0.0,0.0,0.0,1,671.8,680.8,22,675.2,673.0,0.0,0.0,0.0,0.0,75
2023-05-11 09:37:32,MO2403-P-7000,MO2403-P-7000,675.2,0.0,0.0,0.0,5,671.6,680.8,7,675.2,673.0,0.0,0.0,0.0,0.0,75
2023-05-11 09:37:33,MO2403-P-7000,MO2403-P-7000,675.2,0.0,0.0,0.0,1,672.0,680.8,1,675.2,673.0,0.0,0.0,0.0,0.0,75
2023-05-11 09:37:33,MO2403-P-7000,MO2403-P-7000,675.2,0.0,0.0,0.0,5,671.6,680.8,1,675.2,673.0,0.0,0.0,0.0,0.0,75
2023-05-11 09:37:34,MO2403-P-7000,MO2403-P-7000,675.2,0.0,0.0,0.0,6,671.6,680.8,1,675.2,673.0,0.0,0.0,0.0,0.0,75
2023-05-11 09:37:35,MO2403-P-7000,MO2403-P-7000,675.2,0.0,0.0,0.0,5,671.6,680.8,1,675.2,673.0,0.0,0.0,0.0,0.0,75
2023-05-11 09:37:36,MO2403-P-7000,MO2403-P-7000,675.2,0.0,0.0,0.0,6,671.6,680.8,1,675.2,673.0,0.0,0.0,0.0,0.0,75
2023-05-11 09:37:39,MO2403-P-7000,MO2403-P-7000,675.2,0.0,0.0,0.0,7,671.6,680.8,1,675.2,673.0,0.0,0.0,0.0,0.0,75
2023-05-11 09:37:41,MO2403-P-7000,MO2403-P-7000,675.2,0.0,0.0,0.0,7,671.6,681.0,39,675.2,673.0,0.0,0.0,0.0,0.0,75
2023-05-11 09:37:41,MO2403-P-7000,MO2403-P-7000,675.2,0.0,0.0,0.0,7,671.6,681.0,18,675.2,673.0,0.0,0.0,0.0,0.0,75
2023-05-11 09:37:42,MO2403-P-7000,MO2403-P-7000,675.2,0.0,0.0,0.0,7,671.6,681.0,6,675.2,673.0,0.0,0.0,0.0,0.0,75
2023-05-11 09:37:42,MO2403-P-7000,MO2403-P-7000,675.2,0.0,0.0,0.0,7,671.6,681.2,21,675.2,673.0,0.0,0.0,0.0,0.0,75
2023-05-11 09:37:43,MO2403-P-7000,MO2403-P-7000,675.2,0.0,0.0,0.0,7,671.6,681.2,6,675.2,673.0,0.0,0.0,0.0,0.0,75
2023-05-11 09:37:44,MO2403-P-7000,MO2403-P-7000,675.2,0.0,0.0,0.0,7,671.6,681.4,21,675.2,673.0,0.0,0.0,0.0,0.0,75
2023-05-11 09:37:44,MO2403-P-7000,MO2403-P-7000,675.2,0.0,0.0,0.0,7,671.6,681.4,6,675.2,673.0,0.0,0.0,0.0,0.0,75
2023-05-11 09:37:45,MO2403-P-7000,MO2403-P-7000,675.2,0.0,0.0,0.0,7,671.6,681.6,22,675.2,673.0,0.0,0.0,0.0,0.0,75
2023-05-11 09:37:45,MO2403-P-7000,MO2403-P-7000,675.2,0.0,0.0,0.0,7,671.6,681.6,7,675.2,673.0,0.0,0.0,0.0,0.0,75
2023-05-11 09:37:46,MO2403-P-7000,MO2403-P-7000,675.2,0.0,0.0,0.0,7,671.6,681.6,1,675.2,673.0,0.0,0.0,0.0,0.0,75
2023-05-11 09:37:49,MO2403-P-7000,MO2403-P-7000,675.2,0.0,0.0,0.0,1,671.8,681.6,1,675.2,673.0,0.0,0.0,0.0,0.0,75
2023-05-11 09:37:49,MO2403-P-7000,MO2403-P-7000,675.2,0.0,0.0,0.0,1,672.4,681.6,1,675.2,673.0,0.0,0.0,0.0,0.0,75
2023-05-11 09:37:50,MO2403-P-7000,MO2403-P-7000,675.2,0.0,0.0,0.0,1,671.8,681.6,1,675.2,673.0,0.0,0.0,0.0,0.0,75
2023-05-11 09:37:51,MO2403-P-7000,MO2403-P-7000,675.2,0.0,0.0,0.0,2,671.8,681.6,1,675.2,673.0,0.0,0.0,0.0,0.0,75
2023-05-11 09:37:59,MO2403-P-7000,MO2403-P-7000,675.2,0.0,0.0,0.0,1,672.0,681.6,1,675.2,673.0,0.0,0.0,0.0,0.0,75
2023-05-11 09:37:59,MO2403-P-7000,MO2403-P-7000,675.2,0.0,0.0,0.0,1,672.2,681.6,1,675.2,673.0,0.0,0.0,0.0,0.0,75
2023-05-11 09:38:00,MO2403-P-7000,MO2403-P-7000,675.2,0.0,0.0,0.0,1,672.0,681.6,1,675.2,673.0,0.0,0.0,0.0,0.0,75
2023-05-11 09:38:01,MO2403-P-7000,MO2403-P-7000,675.2,0.0,0.0,0.0,2,672.0,681.6,3,675.2,673.0,0.0,0.0,0.0,0.0,75
2023-05-11 09:38:01,MO2403-P-7000,MO2403-P-7000,675.2,0.0,0.0,0.0,2,672.0,679.8,1,675.2,673.0,0.0,0.0,0.0,0.0,75
2023-05-11 09:38:02,MO2403-P-7000,MO2403-P-7000,675.2,0.0,0.0,0.0,12,671.6,679.8,1,675.2,673.0,0.0,0.0,0.0,0.0,75
2023-05-11 09:38:03,MO2403-P-7000,MO2403-P-7000,675.2,0.0,0.0,0.0,1,671.6,679.8,1,675.2,673.0,0.0,0.0,0.0,0.0,75
2023-05-11 09:38:05,MO2403-P-7000,MO2403-P-7000,675.2,0.0,0.0,0.0,12,671.2,679.8,1,675.2,673.0,0.0,0.0,0.0,0.0,75
2023-05-11 09:38:06,MO2403-P-7000,MO2403-P-7000,675.2,0.0,0.0,0.0,1,671.2,679.8,1,675.2,673.0,0.0,0.0,0.0,0.0,75
2023-05-11 09:38:24,MO2403-P-7000,MO2403-P-7000,675.2,0.0,0.0,0.0,12,671.0,679.8,1,675.2,673.0,0.0,0.0,0.0,0.0,75
2023-05-11 09:38:25,MO2403-P-7000,MO2403-P-7000,675.2,0.0,0.0,0.0,1,671.0,679.8,1,675.2,673.0,0.0,0.0,0.0,0.0,75
2023-05-11 09:38:26,MO2403-P-7000,MO2403-P-7000,675.2,0.0,0.0,0.0,30,670.6,679.8,1,675.2,673.0,0.0,0.0,0.0,0.0,75
2023-05-11 09:38:26,MO2403-P-7000,MO2403-P-7000,675.2,0.0,0.0,0.0,1,670.8,679.8,1,675.2,673.0,0.0,0.0,0.0,0.0,75
2023-05-11 09:38:31,MO2403-P-7000,MO2403-P-7000,675.2,0.0,0.0,0.0,13,670.4,679.8,1,675.2,673.0,0.0,0.0,0.0,0.0,75
2023-05-11 09:38:31,MO2403-P-7000,MO2403-P-7000,675.2,0.0,0.0,0.0,1,670.6,679.8,1,675.2,673.0,0.0,0.0,0.0,0.0,75
2023-05-11 09:38:34,MO2403-P-7000,MO2403-P-7000,675.2,0.0,0.0,0.0,7,670.4,679.8,1,675.2,673.0,0.0,0.0,0.0,0.0,75
2023-05-11 09:38:34,MO2403-P-7000,MO2403-P-7000,675.2,0.0,0.0,0.0,1,670.6,679.8,1,675.2,673.0,0.0,0.0,0.0,0.0,75
2023-05-11 09:38:38,MO2403-P-7000,MO2403-P-7000,675.2,0.0,0.0,0.0,1,670.4,679.8,1,675.2,673.0,0.0,0.0,0.0,0.0,75
2023-05-11 09:38:55,MO2403-P-7000,MO2403-P-7000,675.2,0.0,0.0,0.0,1,671.4,679.8,1,675.2,673.0,0.0,0.0,0.0,0.0,75
2023-05-11 09:38:56,MO2403-P-7000,MO2403-P-7000,675.2,0.0,0.0,0.0,1,672.0,679.8,1,675.2,673.0,0.0,0.0,0.0,0.0,75
2023-05-11 09:38:58,MO2403-P-7000,MO2403-P-7000,675.2,0.0,0.0,0.0,1,671.4,679.8,1,675.2,673.0,0.0,0.0,0.0,0.0,75
2023-05-11 09:38:59,MO2403-P-7000,MO2403-P-7000,675.2,0.0,0.0,0.0,1,671.6,679.8,1,675.2,673.0,0.0,0.0,0.0,0.0,75
2023-05-11 09:39:00,MO2403-P-7000,MO2403-P-7000,675.2,0.0,0.0,0.0,1,671.4,679.8,1,675.2,673.0,0.0,0.0,0.0,0.0,75
2023-05-11 09:39:05,MO2403-P-7000,MO2403-P-7000,675.2,0.0,0.0,0.0,6,670.4,679.8,1,675.2,673.0,0.0,0.0,0.0,0.0,75
2023-05-11 09:39:06,MO2403-P-7000,MO2403-P-7000,675.2,0.0,0.0,0.0,8,670.4,679.8,1,675.2,673.0,0.0,0.0,0.0,0.0,75
2023-05-11 09:39:06,MO2403-P-7000,MO2403-P-7000,675.2,0.0,0.0,0.0,2,670.4,679.8,1,675.2,673.0,0.0,0.0,0.0,0.0,75
2023-05-11 09:39:10,MO2403-P-7000,MO2403-P-7000,675.2,0.0,0.0,0.0,2,670.4,679.8,6,675.2,673.0,0.0,0.0,0.0,0.0,75
2023-05-11 09:39:10,MO2403-P-7000,MO2403-P-7000,675.2,0.0,0.0,0.0,2,670.4,678.0,1,675.2,673.0,0.0,0.0,0.0,0.0,75
2023-05-11 09:39:12,MO2403-P-7000,MO2403-P-7000,675.2,0.0,0.0,0.0,2,670.4,678.2,21,675.2,673.0,0.0,0.0,0.0,0.0,75
2023-05-11 09:39:12,MO2403-P-7000,MO2403-P-7000,675.2,0.0,0.0,0.0,6,670.6,678.2,6,675.2,673.0,0.0,0.0,0.0,0.0,75
2023-05-11 09:39:13,MO2403-P-7000,MO2403-P-7000,675.2,0.0,0.0,0.0,1,671.2,677.8,1,675.2,673.0,0.0,0.0,0.0,0.0,75
2023-05-11 09:39:18,MO2403-P-7000,MO2403-P-7000,675.2,0.0,0.0,0.0,1,671.2,678.0,15,675.2,673.0,0.0,0.0,0.0,0.0,75
2023-05-11 09:39:19,MO2403-P-7000,MO2403-P-7000,675.2,0.0,0.0,0.0,1,671.2,678.4,12,675.2,673.0,0.0,0.0,0.0,0.0,75
2023-05-11 09:39:19,MO2403-P-7000,MO2403-P-7000,675.2,0.0,0.0,0.0,1,671.2,678.6,21,675.2,673.0,0.0,0.0,0.0,0.0,75
2023-05-11 09:39:20,MO2403-P-7000,MO2403-P-7000,675.2,0.0,0.0,0.0,1,671.2,678.6,6,675.2,673.0,0.0,0.0,0.0,0.0,75
2023-05-11 09:39:20,MO2403-P-7000,MO2403-P-7000,675.2,0.0,0.0,0.0,1,671.2,678.8,15,675.2,673.0,0.0,0.0,0.0,0.0,75
2023-05-11 09:39:21,MO2403-P-7000,MO2403-P-7000,675.2,0.0,0.0,0.0,2,671.2,678.8,6,675.2,673.0,0.0,0.0,0.0,0.0,75
2023-05-11 09:39:21,MO2403-P-7000,MO2403-P-7000,675.2,0.0,0.0,0.0,2,671.2,679.0,15,675.2,673.0,0.0,0.0,0.0,0.0,75
2023-05-11 09:39:22,MO2403-P-7000,MO2403-P-7000,675.2,0.0,0.0,0.0,2,671.2,679.0,6,675.2,673.0,0.0,0.0,0.0,0.0,75
2023-05-11 09:39:22,MO2403-P-7000,MO2403-P-7000,675.2,0.0,0.0,0.0,2,671.2,679.2,15,675.2,673.0,0.0,0.0,0.0,0.0,75
2023-05-11 09:39:23,MO2403-P-7000,MO2403-P-7000,675.2,0.0,0.0,0.0,2,671.2,679.2,6,675.2,673.0,0.0,0.0,0.0,0.0,75
2023-05-11 09:39:24,MO2403-P-7000,MO2403-P-7000,675.2,0.0,0.0,0.0,1,671.2,679.4,21,675.2,673.0,0.0,0.0,0.0,0.0,75
2023-05-11 09:39:24,MO2403-P-7000,MO2403-P-7000,675.2,0.0,0.0,0.0,2,671.2,679.4,6,675.2,673.0,0.0,0.0,0.0,0.0,75
2023-05-11 09:39:25,MO2403-P-7000,MO2403-P-7000,675.2,0.0,0.0,0.0,1,671.2,679.6,22,675.2,673.0,0.0,0.0,0.0,0.0,75
2023-05-11 09:39:25,MO2403-P-7000,MO2403-P-7000,675.2,0.0,0.0,0.0,1,671.2,679.6,7,675.2,673.0,0.0,0.0,0.0,0.0,75
2023-05-11 09:39:26,MO2403-P-7000,MO2403-P-7000,675.2,0.0,0.0,0.0,7,670.6,677.8,1,675.2,673.0,0.0,0.0,0.0,0.0,75
2023-05-11 09:39:26,MO2403-P-7000,MO2403-P-7000,675.2,0.0,0.0,0.0,1,670.6,677.8,1,675.2,673.0,0.0,0.0,0.0,0.0,75
2023-05-11 09:39:30,MO2403-P-7000,MO2403-P-7000,675.2,0.0,0.0,0.0,6,670.4,677.8,1,675.2,673.0,0.0,0.0,0.0,0.0,75
2023-05-11 09:39:30,MO2403-P-7000,MO2403-P-7000,675.2,0.0,0.0,0.0,1,670.6,677.8,1,675.2,673.0,0.0,0.0,0.0,0.0,75
2023-05-11 09:39:31,MO2403-P-7000,MO2403-P-7000,675.2,0.0,0.0,0.0,25,670.0,677.8,1,675.2,673.0,0.0,0.0,0.0,0.0,75
2023-05-11 09:39:31,MO2403-P-7000,MO2403-P-7000,675.2,0.0,0.0,0.0,1,670.4,677.8,1,675.2,673.0,0.0,0.0,0.0,0.0,75
2023-05-11 09:39:37,MO2403-P-7000,MO2403-P-7000,675.2,0.0,0.0,0.0,6,670.4,677.8,1,675.2,673.0,0.0,0.0,0.0,0.0,75
2023-05-11 09:39:46,MO2403-P-7000,MO2403-P-7000,675.2,0.0,0.0,0.0,1,670.4,677.8,1,675.2,673.0,0.0,0.0,0.0,0.0,75
2023-05-11 09:39:46,MO2403-P-7000,MO2403-P-7000,675.2,0.0,0.0,0.0,1,670.0,677.8,1,675.2,673.0,0.0,0.0,0.0,0.0,75
2023-05-11 09:39:47,MO2403-P-7000,MO2403-P-7000,675.2,0.0,0.0,0.0,1,670.4,677.8,1,675.2,673.0,0.0,0.0,0.0,0.0,75
2023-05-11 09:39:47,MO2403-P-7000,MO2403-P-7000,675.2,0.0,0.0,0.0,1,670.2,677.8,1,675.2,673.0,0.0,0.0,0.0,0.0,75
2023-05-11 09:39:48,MO2403-P-7000,MO2403-P-7000,675.2,0.0,0.0,0.0,2,670.2,677.8,1,675.2,673.0,0.0,0.0,0.0,0.0,75
2023-05-11 09:39:49,MO2403-P-7000,MO2403-P-7000,675.2,0.0,0.0,0.0,1,670.2,677.8,1,675.2,673.0,0.0,0.0,0.0,0.0,75
2023-05-11 09:39:50,MO2403-P-7000,MO2403-P-7000,675.2,0.0,0.0,0.0,1,670.4,677.8,1,675.2,673.0,0.0,0.0,0.0,0.0,75
2023-05-11 09:39:51,MO2403-P-7000,MO2403-P-7000,675.2,0.0,0.0,0.0,1,670.2,677.8,1,675.2,673.0,0.0,0.0,0.0,0.0,75
2023-05-11 09:39:52,MO2403-P-7000,MO2403-P-7000,675.2,0.0,0.0,0.0,2,670.2,677.8,1,675.2,673.0,0.0,0.0,0.0,0.0,75
2023-05-11 09:39:56,MO2403-P-7000,MO2403-P-7000,675.2,0.0,0.0,0.0,1,670.2,677.8,1,675.2,673.0,0.0,0.0,0.0,0.0,75
2023-05-11 09:39:56,MO2403-P-7000,MO2403-P-7000,675.2,0.0,0.0,0.0,2,670.2,677.8,1,675.2,673.0,0.0,0.0,0.0,0.0,75
2023-05-11 09:39:57,MO2403-P-7000,MO2403-P-7000,675.2,0.0,0.0,0.0,1,670.4,677.8,1,675.2,673.0,0.0,0.0,0.0,0.0,75
2023-05-11 09:40:02,MO2403-P-7000,MO2403-P-7000,675.2,0.0,0.0,0.0,12,669.8,677.8,1,675.2,673.0,0.0,0.0,0.0,0.0,75
2023-05-11 09:40:02,MO2403-P-7000,MO2403-P-7000,675.2,0.0,0.0,0.0,6,669.8,677.8,1,675.2,673.0,0.0,0.0,0.0,0.0,75
2023-05-11 09:40:03,MO2403-P-7000,MO2403-P-7000,675.2,0.0,0.0,0.0,12,669.6,677.8,1,675.2,673.0,0.0,0.0,0.0,0.0,75
2023-05-11 09:40:03,MO2403-P-7000,MO2403-P-7000,675.2,0.0,0.0,0.0,30,669.4,677.8,1,675.2,673.0,0.0,0.0,0.0,0.0,75
2023-05-11 09:40:04,MO2403-P-7000,MO2403-P-7000,675.2,0.0,0.0,0.0,6,669.4,677.8,1,675.2,673.0,0.0,0.0,0.0,0.0,75
2023-05-11 09:40:04,MO2403-P-7000,MO2403-P-7000,675.2,0.0,0.0,0.0,6,669.2,677.8,6,675.2,673.0,0.0,0.0,0.0,0.0,75
2023-05-11 09:40:05,MO2403-P-7000,MO2403-P-7000,675.2,0.0,0.0,0.0,1,669.2,675.8,1,675.2,673.0,0.0,0.0,0.0,0.0,75
2023-05-11 09:40:06,MO2403-P-7000,MO2403-P-7000,675.2,0.0,0.0,0.0,1,669.4,675.8,1,675.2,673.0,0.0,0.0,0.0,0.0,75
2023-05-11 09:40:13,MO2403-P-7000,MO2403-P-7000,675.2,0.0,0.0,0.0,1,669.4,676.0,21,675.2,673.0,0.0,0.0,0.0,0.0,75
2023-05-11 09:40:14,MO2403-P-7000,MO2403-P-7000,675.2,0.0,0.0,0.0,1,669.4,676.0,6,675.2,673.0,0.0,0.0,0.0,0.0,75
2023-05-11 09:40:14,MO2403-P-7000,MO2403-P-7000,675.2,0.0,0.0,0.0,1,669.4,676.2,21,675.2,673.0,0.0,0.0,0.0,0.0,75
2023-05-11 09:40:15,MO2403-P-7000,MO2403-P-7000,675.2,0.0,0.0,0.0,1,668.6,676.2,6,675.2,673.0,0.0,0.0,0.0,0.0,75
2023-05-11 09:40:15,MO2403-P-7000,MO2403-P-7000,675.2,0.0,0.0,0.0,2,668.6,674.8,1,675.2,673.0,0.0,0.0,0.0,0.0,75
2023-05-11 09:40:17,MO2403-P-7000,MO2403-P-7000,675.2,0.0,0.0,0.0,1,668.6,674.8,1,675.2,673.0,0.0,0.0,0.0,0.0,75
2023-05-11 09:40:18,MO2403-P-7000,MO2403-P-7000,675.2,0.0,0.0,0.0,12,668.2,674.8,1,675.2,673.0,0.0,0.0,0.0,0.0,75
2023-05-11 09:40:19,MO2403-P-7000,MO2403-P-7000,675.2,0.0,0.0,0.0,6,668.2,674.8,1,675.2,673.0,0.0,0.0,0.0,0.0,75
2023-05-11 09:40:19,MO2403-P-7000,MO2403-P-7000,675.2,0.0,0.0,0.0,1,668.2,674.8,1,675.2,673.0,0.0,0.0,0.0,0.0,75
2023-05-11 09:40:20,MO2403-P-7000,MO2403-P-7000,675.2,0.0,0.0,0.0,36,667.8,674.8,1,675.2,673.0,0.0,0.0,0.0,0.0,75
2023-05-11 09:40:20,MO2403-P-7000,MO2403-P-7000,675.2,0.0,0.0,0.0,1,668.2,674.8,1,675.2,673.0,0.0,0.0,0.0,0.0,75
2023-05-11 09:40:21,MO2403-P-7000,MO2403-P-7000,675.2,0.0,0.0,0.0,12,667.8,674.8,1,675.2,673.0,0.0,0.0,0.0,0.0,75
2023-05-11 09:40:21,MO2403-P-7000,MO2403-P-7000,675.2,0.0,0.0,0.0,1,668.0,674.8,1,675.2,673.0,0.0,0.0,0.0,0.0,75
2023-05-11 09:40:24,MO2403-P-7000,MO2403-P-7000,675.2,0.0,0.0,0.0,12,667.6,674.8,1,675.2,673.0,0.0,0.0,0.0,0.0,75
2023-05-11 09:40:24,MO2403-P-7000,MO2403-P-7000,675.2,0.0,0.0,0.0,1,667.8,674.8,1,675.2,673.0,0.0,0.0,0.0,0.0,75
2023-05-11 09:40:32,MO2403-P-7000,MO2403-P-7000,675.2,0.0,0.0,0.0,6,667.8,674.8,1,675.2,673.0,0.0,0.0,0.0,0.0,75
2023-05-11 09:40:47,MO2403-P-7000,MO2403-P-7000,675.2,0.0,0.0,0.0,6,667.8,675.0,21,675.2,673.0,0.0,0.0,0.0,0.0,75
2023-05-11 09:40:48,MO2403-P-7000,MO2403-P-7000,675.2,0.0,0.0,0.0,6,667.8,675.0,6,675.2,673.0,0.0,0.0,0.0,0.0,75
2023-05-11 09:40:48,MO2403-P-7000,MO2403-P-7000,675.2,0.0,0.0,0.0,6,667.8,675.2,21,675.2,673.0,0.0,0.0,0.0,0.0,75
2023-05-11 09:40:49,MO2403-P-7000,MO2403-P-7000,675.2,0.0,0.0,0.0,6,667.8,675.2,6,675.2,673.0,0.0,0.0,0.0,0.0,75
2023-05-11 09:40:49,MO2403-P-7000,MO2403-P-7000,675.2,0.0,0.0,0.0,6,667.8,675.4,21,675.2,673.0,0.0,0.0,0.0,0.0,75
2023-05-11 09:40:50,MO2403-P-7000,MO2403-P-7000,675.2,0.0,0.0,0.0,6,667.8,675.4,6,675.2,673.0,0.0,0.0,0.0,0.0,75
2023-05-11 09:40:50,MO2403-P-7000,MO2403-P-7000,675.2,0.0,0.0,0.0,7,667.8,675.6,21,675.2,673.0,0.0,0.0,0.0,0.0,75
2023-05-11 09:40:51,MO2403-P-7000,MO2403-P-7000,675.2,0.0,0.0,0.0,7,667.8,675.6,6,675.2,673.0,0.0,0.0,0.0,0.0,75
2023-05-11 09:40:51,MO2403-P-7000,MO2403-P-7000,675.2,0.0,0.0,0.0,7,667.8,675.8,22,675.2,673.0,0.0,0.0,0.0,0.0,75
2023-05-11 09:40:52,MO2403-P-7000,MO2403-P-7000,675.2,0.0,0.0,0.0,7,667.8,675.8,7,675.2,673.0,0.0,0.0,0.0,0.0,75
2023-05-11 09:40:52,MO2403-P-7000,MO2403-P-7000,675.2,0.0,0.0,0.0,7,667.8,675.8,1,675.2,673.0,0.0,0.0,0.0,0.0,75
2023-05-11 09:40:56,MO2403-P-7000,MO2403-P-7000,675.2,0.0,0.0,0.0,13,667.8,675.8,1,675.2,673.0,0.0,0.0,0.0,0.0,75
2023-05-11 09:40:58,MO2403-P-7000,MO2403-P-7000,675.2,0.0,0.0,0.0,13,667.8,676.0,27,675.2,673.0,0.0,0.0,0.0,0.0,75
2023-05-11 09:40:58,MO2403-P-7000,MO2403-P-7000,675.2,0.0,0.0,0.0,13,667.8,676.0,6,675.2,673.0,0.0,0.0,0.0,0.0,75
2023-05-11 09:40:59,MO2403-P-7000,MO2403-P-7000,675.2,0.0,0.0,0.0,13,667.8,676.2,21,675.2,673.0,0.0,0.0,0.0,0.0,75
2023-05-11 09:40:59,MO2403-P-7000,MO2403-P-7000,675.2,0.0,0.0,0.0,13,667.8,676.2,6,675.2,673.0,0.0,0.0,0.0,0.0,75
2023-05-11 09:41:00,MO2403-P-7000,MO2403-P-7000,675.2,0.0,0.0,0.0,13,667.8,676.4,33,675.2,673.0,0.0,0.0,0.0,0.0,75
2023-05-11 09:41:00,MO2403-P-7000,MO2403-P-7000,675.2,0.0,0.0,0.0,7,668.0,676.4,6,675.2,673.0,0.0,0.0,0.0,0.0,75
2023-05-11 09:41:01,MO2403-P-7000,MO2403-P-7000,675.2,0.0,0.0,0.0,1,668.6,676.6,28,675.2,673.0,0.0,0.0,0.0,0.0,75
2023-05-11 09:41:01,MO2403-P-7000,MO2403-P-7000,675.2,0.0,0.0,0.0,1,668.6,676.6,7,675.2,673.0,0.0,0.0,0.0,0.0,75
2023-05-11 09:41:02,MO2403-P-7000,MO2403-P-7000,675.2,0.0,0.0,0.0,1,668.6,676.6,1,675.2,673.0,0.0,0.0,0.0,0.0,75
2023-05-11 09:41:05,MO2403-P-7000,MO2403-P-7000,675.2,0.0,0.0,0.0,2,668.6,676.6,1,675.2,673.0,0.0,0.0,0.0,0.0,75
2023-05-11 09:41:06,MO2403-P-7000,MO2403-P-7000,675.2,0.0,0.0,0.0,3,668.6,676.6,1,675.2,673.0,0.0,0.0,0.0,0.0,75
2023-05-11 09:41:07,MO2403-P-7000,MO2403-P-7000,675.2,0.0,0.0,0.0,3,668.6,676.8,21,675.2,673.0,0.0,0.0,0.0,0.0,75
2023-05-11 09:41:07,MO2403-P-7000,MO2403-P-7000,675.2,0.0,0.0,0.0,3,668.6,676.8,6,675.2,673.0,0.0,0.0,0.0,0.0,75
2023-05-11 09:41:08,MO2403-P-7000,MO2403-P-7000,675.2,0.0,0.0,0.0,8,668.6,677.0,21,675.2,673.0,0.0,0.0,0.0,0.0,75
2023-05-11 09:41:08,MO2403-P-7000,MO2403-P-7000,675.2,0.0,0.0,0.0,8,668.6,677.0,6,675.2,673.0,0.0,0.0,0.0,0.0,75
2023-05-11 09:41:09,MO2403-P-7000,MO2403-P-7000,675.2,0.0,0.0,0.0,8,668.6,677.2,21,675.2,673.0,0.0,0.0,0.0,0.0,75
2023-05-11 09:41:09,MO2403-P-7000,MO2403-P-7000,675.2,0.0,0.0,0.0,8,668.6,677.2,6,675.2,673.0,0.0,0.0,0.0,0.0,75
2023-05-11 09:41:10,MO2403-P-7000,MO2403-P-7000,675.2,0.0,0.0,0.0,6,668.8,677.4,22,675.2,673.0,0.0,0.0,0.0,0.0,75
2023-05-11 09:41:10,MO2403-P-7000,MO2403-P-7000,675.2,0.0,0.0,0.0,1,669.4,677.4,7,675.2,673.0,0.0,0.0,0.0,0.0,75
2023-05-11 09:41:11,MO2403-P-7000,MO2403-P-7000,675.2,0.0,0.0,0.0,1,669.4,677.4,1,675.2,673.0,0.0,0.0,0.0,0.0,75
2023-05-11 09:41:15,MO2403-P-7000,MO2403-P-7000,675.2,0.0,0.0,0.0,2,669.4,677.4,1,675.2,673.0,0.0,0.0,0.0,0.0,75
2023-05-11 09:41:21,MO2403-P-7000,MO2403-P-7000,675.2,0.0,0.0,0.0,2,669.4,677.6,21,675.2,673.0,0.0,0.0,0.0,0.0,75
2023-05-11 09:41:22,MO2403-P-7000,MO2403-P-7000,675.2,0.0,0.0,0.0,2,669.4,677.6,6,675.2,673.0,0.0,0.0,0.0,0.0,75
2023-05-11 09:41:22,MO2403-P-7000,MO2403-P-7000,675.2,0.0,0.0,0.0,2,669.4,677.8,21,675.2,673.0,0.0,0.0,0.0,0.0,75
2023-05-11 09:41:23,MO2403-P-7000,MO2403-P-7000,675.2,0.0,0.0,0.0,2,669.4,677.8,6,675.2,673.0,0.0,0.0,0.0,0.0,75
2023-05-11 09:41:23,MO2403-P-7000,MO2403-P-7000,675.2,0.0,0.0,0.0,2,669.4,678.0,21,675.2,673.0,0.0,0.0,0.0,0.0,75
2023-05-11 09:41:24,MO2403-P-7000,MO2403-P-7000,675.2,0.0,0.0,0.0,2,669.4,678.0,6,675.2,673.0,0.0,0.0,0.0,0.0,75
2023-05-11 09:41:24,MO2403-P-7000,MO2403-P-7000,675.2,0.0,0.0,0.0,2,669.4,678.2,21,675.2,673.0,0.0,0.0,0.0,0.0,75
2023-05-11 09:41:25,MO2403-P-7000,MO2403-P-7000,675.2,0.0,0.0,0.0,2,669.4,678.2,6,675.2,673.0,0.0,0.0,0.0,0.0,75
2023-05-11 09:41:25,MO2403-P-7000,MO2403-P-7000,675.2,0.0,0.0,0.0,1,669.6,678.4,22,675.2,673.0,0.0,0.0,0.0,0.0,75
2023-05-11 09:41:26,MO2403-P-7000,MO2403-P-7000,675.2,0.0,0.0,0.0,1,670.2,678.4,7,675.2,673.0,0.0,0.0,0.0,0.0,75
2023-05-11 09:41:26,MO2403-P-7000,MO2403-P-7000,675.2,0.0,0.0,0.0,1,670.2,678.4,1,675.2,673.0,0.0,0.0,0.0,0.0,75
2023-05-11 09:41:29,MO2403-P-7000,MO2403-P-7000,675.2,0.0,0.0,0.0,6,670.2,678.4,1,675.2,673.0,0.0,0.0,0.0,0.0,75
2023-05-11 09:41:40,MO2403-P-7000,MO2403-P-7000,675.2,0.0,0.0,0.0,7,670.2,678.4,1,675.2,673.0,0.0,0.0,0.0,0.0,75
2023-05-11 09:41:49,MO2403-P-7000,MO2403-P-7000,675.2,0.0,0.0,0.0,2,670.2,678.4,1,675.2,673.0,0.0,0.0,0.0,0.0,75
2023-05-11 09:41:50,MO2403-P-7000,MO2403-P-7000,675.2,0.0,0.0,0.0,1,670.4,678.4,1,675.2,673.0,0.0,0.0,0.0,0.0,75
2023-05-11 09:41:51,MO2403-P-7000,MO2403-P-7000,675.2,0.0,0.0,0.0,1,670.6,678.4,1,675.2,673.0,0.0,0.0,0.0,0.0,75
2023-05-11 09:41:51,MO2403-P-7000,MO2403-P-7000,675.2,0.0,0.0,0.0,1,670.4,678.4,1,675.2,673.0,0.0,0.0,0.0,0.0,75
2023-05-11 09:41:52,MO2403-P-7000,MO2403-P-7000,675.2,0.0,0.0,0.0,2,670.4,678.4,1,675.2,673.0,0.0,0.0,0.0,0.0,75
2023-05-11 09:41:52,MO2403-P-7000,MO2403-P-7000,675.2,0.0,0.0,0.0,1,670.4,678.4,1,675.2,673.0,0.0,0.0,0.0,0.0,75
2023-05-11 09:41:54,MO2403-P-7000,MO2403-P-7000,675.2,0.0,0.0,0.0,1,670.4,678.2,1,675.2,673.0,0.0,0.0,0.0,0.0,75
2023-05-11 09:41:54,MO2403-P-7000,MO2403-P-7000,675.2,0.0,0.0,0.0,1,670.4,676.0,1,675.2,673.0,0.0,0.0,0.0,0.0,75
2023-05-11 09:41:58,MO2403-P-7000,MO2403-P-7000,675.2,0.0,0.0,0.0,1,670.4,676.2,21,675.2,673.0,0.0,0.0,0.0,0.0,75
2023-05-11 09:41:59,MO2403-P-7000,MO2403-P-7000,675.2,0.0,0.0,0.0,1,670.4,676.2,6,675.2,673.0,0.0,0.0,0.0,0.0,75
2023-05-11 09:41:59,MO2403-P-7000,MO2403-P-7000,675.2,0.0,0.0,0.0,1,670.4,676.4,21,675.2,673.0,0.0,0.0,0.0,0.0,75
2023-05-11 09:42:00,MO2403-P-7000,MO2403-P-7000,675.2,0.0,0.0,0.0,1,670.4,676.4,6,675.2,673.0,0.0,0.0,0.0,0.0,75
2023-05-11 09:42:00,MO2403-P-7000,MO2403-P-7000,675.2,0.0,0.0,0.0,1,670.6,676.6,21,675.2,673.0,0.0,0.0,0.0,0.0,75
2023-05-11 09:42:01,MO2403-P-7000,MO2403-P-7000,675.2,0.0,0.0,0.0,1,670.6,676.6,6,675.2,673.0,0.0,0.0,0.0,0.0,75
2023-05-11 09:42:01,MO2403-P-7000,MO2403-P-7000,675.2,0.0,0.0,0.0,1,670.6,676.8,21,675.2,673.0,0.0,0.0,0.0,0.0,75
2023-05-11 09:42:02,MO2403-P-7000,MO2403-P-7000,675.2,0.0,0.0,0.0,1,670.6,676.8,6,675.2,673.0,0.0,0.0,0.0,0.0,75
2023-05-11 09:42:02,MO2403-P-7000,MO2403-P-7000,675.2,0.0,0.0,0.0,1,670.6,677.0,21,675.2,673.0,0.0,0.0,0.0,0.0,75
2023-05-11 09:42:03,MO2403-P-7000,MO2403-P-7000,675.2,0.0,0.0,0.0,1,670.6,677.0,6,675.2,673.0,0.0,0.0,0.0,0.0,75
2023-05-11 09:42:04,MO2403-P-7000,MO2403-P-7000,675.2,0.0,0.0,0.0,1,670.6,675.6,1,675.2,673.0,0.0,0.0,0.0,0.0,75
2023-05-11 09:42:12,MO2403-P-7000,MO2403-P-7000,675.2,0.0,0.0,0.0,12,668.0,675.6,1,675.2,673.0,0.0,0.0,0.0,0.0,75
2023-05-11 09:42:12,MO2403-P-7000,MO2403-P-7000,675.2,0.0,0.0,0.0,1,668.6,675.6,1,675.2,673.0,0.0,0.0,0.0,0.0,75
2023-05-11 09:42:13,MO2403-P-7000,MO2403-P-7000,675.2,0.0,0.0,0.0,1,668.0,675.6,1,675.2,673.0,0.0,0.0,0.0,0.0,75
2023-05-11 09:42:13,MO2403-P-7000,MO2403-P-7000,675.2,0.0,0.0,0.0,1,668.4,675.6,1,675.2,673.0,0.0,0.0,0.0,0.0,75
2023-05-11 09:42:17,MO2403-P-7000,MO2403-P-7000,675.2,0.0,0.0,0.0,6,668.4,675.8,15,675.2,673.0,0.0,0.0,0.0,0.0,75
2023-05-11 09:42:17,MO2403-P-7000,MO2403-P-7000,675.2,0.0,0.0,0.0,6,668.6,676.0,12,675.2,673.0,0.0,0.0,0.0,0.0,75
2023-05-11 09:42:18,MO2403-P-7000,MO2403-P-7000,675.2,0.0,0.0,0.0,1,669.2,676.2,33,675.2,673.0,0.0,0.0,0.0,0.0,75
2023-05-11 09:42:18,MO2403-P-7000,MO2403-P-7000,675.2,0.0,0.0,0.0,1,669.2,676.2,6,675.2,673.0,0.0,0.0,0.0,0.0,75
2023-05-11 09:42:19,MO2403-P-7000,MO2403-P-7000,675.2,0.0,0.0,0.0,1,669.2,676.4,27,675.2,673.0,0.0,0.0,0.0,0.0,75
2023-05-11 09:42:19,MO2403-P-7000,MO2403-P-7000,675.2,0.0,0.0,0.0,1,669.2,676.4,6,675.2,673.0,0.0,0.0,0.0,0.0,75
2023-05-11 09:42:20,MO2403-P-7000,MO2403-P-7000,675.2,0.0,0.0,0.0,1,669.2,676.6,21,675.2,673.0,0.0,0.0,0.0,0.0,75
2023-05-11 09:42:20,MO2403-P-7000,MO2403-P-7000,675.2,0.0,0.0,0.0,1,669.2,676.6,6,675.2,673.0,0.0,0.0,0.0,0.0,75
2023-05-11 09:42:21,MO2403-P-7000,MO2403-P-7000,675.2,0.0,0.0,0.0,18,668.4,676.8,21,675.2,673.0,0.0,0.0,0.0,0.0,75
2023-05-11 09:42:21,MO2403-P-7000,MO2403-P-7000,675.2,0.0,0.0,0.0,1,668.8,676.8,6,675.2,673.0,0.0,0.0,0.0,0.0,75
2023-05-11 09:42:22,MO2403-P-7000,MO2403-P-7000,675.2,0.0,0.0,0.0,12,668.4,674.8,1,675.2,673.0,0.0,0.0,0.0,0.0,75
2023-05-11 09:42:22,MO2403-P-7000,MO2403-P-7000,675.2,0.0,0.0,0.0,1,668.4,674.8,1,675.2,673.0,0.0,0.0,0.0,0.0,75
2023-05-11 09:42:23,MO2403-P-7000,MO2403-P-7000,675.2,0.0,0.0,0.0,12,667.8,674.8,1,675.2,673.0,0.0,0.0,0.0,0.0,75
2023-05-11 09:42:23,MO2403-P-7000,MO2403-P-7000,675.2,0.0,0.0,0.0,1,668.4,674.8,1,675.2,673.0,0.0,0.0,0.0,0.0,75
2023-05-11 09:42:24,MO2403-P-7000,MO2403-P-7000,675.2,0.0,0.0,0.0,6,667.8,674.8,1,675.2,673.0,0.0,0.0,0.0,0.0,75
2023-05-11 09:42:24,MO2403-P-7000,MO2403-P-7000,675.2,0.0,0.0,0.0,7,667.8,674.8,1,675.2,673.0,0.0,0.0,0.0,0.0,75
2023-05-11 09:42:25,MO2403-P-7000,MO2403-P-7000,675.2,0.0,0.0,0.0,1,667.8,674.8,1,675.2,673.0,0.0,0.0,0.0,0.0,75
2023-05-11 09:42:31,MO2403-P-7000,MO2403-P-7000,675.2,0.0,0.0,0.0,13,667.6,674.8,1,675.2,673.0,0.0,0.0,0.0,0.0,75
2023-05-11 09:42:32,MO2403-P-7000,MO2403-P-7000,675.2,0.0,0.0,0.0,8,667.6,674.8,1,675.2,673.0,0.0,0.0,0.0,0.0,75
2023-05-11 09:42:32,MO2403-P-7000,MO2403-P-7000,675.2,0.0,0.0,0.0,2,667.6,674.8,1,675.2,673.0,0.0,0.0,0.0,0.0,75
2023-05-11 09:42:33,MO2403-P-7000,MO2403-P-7000,675.2,0.0,0.0,0.0,1,667.8,674.8,1,675.2,673.0,0.0,0.0,0.0,0.0,75
2023-05-11 09:42:34,MO2403-P-7000,MO2403-P-7000,675.2,0.0,0.0,0.0,12,667.4,674.8,1,675.2,673.0,0.0,0.0,0.0,0.0,75
2023-05-11 09:42:34,MO2403-P-7000,MO2403-P-7000,675.2,0.0,0.0,0.0,6,667.2,674.8,1,675.2,673.0,0.0,0.0,0.0,0.0,75
2023-05-11 09:42:35,MO2403-P-7000,MO2403-P-7000,675.2,0.0,0.0,0.0,30,667.0,674.8,1,675.2,673.0,0.0,0.0,0.0,0.0,75
2023-05-11 09:42:35,MO2403-P-7000,MO2403-P-7000,675.2,0.0,0.0,0.0,12,667.0,674.8,1,675.2,673.0,0.0,0.0,0.0,0.0,75
2023-05-11 09:42:36,MO2403-P-7000,MO2403-P-7000,675.2,0.0,0.0,0.0,6,667.0,674.8,1,675.2,673.0,0.0,0.0,0.0,0.0,75
2023-05-11 09:42:36,MO2403-P-7000,MO2403-P-7000,675.2,0.0,0.0,0.0,1,667.4,674.8,1,675.2,673.0,0.0,0.0,0.0,0.0,75
2023-05-11 09:42:37,MO2403-P-7000,MO2403-P-7000,675.2,0.0,0.0,0.0,6,667.0,674.8,1,675.2,673.0,0.0,0.0,0.0,0.0,75
2023-05-11 09:42:38,MO2403-P-7000,MO2403-P-7000,675.2,0.0,0.0,0.0,1,667.6,674.8,1,675.2,673.0,0.0,0.0,0.0,0.0,75
2023-05-11 09:42:40,MO2403-P-7000,MO2403-P-7000,675.2,0.0,0.0,0.0,6,667.6,674.8,1,675.2,673.0,0.0,0.0,0.0,0.0,75
2023-05-11 09:42:41,MO2403-P-7000,MO2403-P-7000,675.2,0.0,0.0,0.0,5,667.6,674.8,1,675.2,673.0,0.0,0.0,0.0,0.0,75
2023-05-11 09:42:43,MO2403-P-7000,MO2403-P-7000,675.2,0.0,0.0,0.0,1,667.0,674.8,1,675.2,673.0,0.0,0.0,0.0,0.0,75
2023-05-11 09:42:43,MO2403-P-7000,MO2403-P-7000,675.2,0.0,0.0,0.0,2,667.0,674.8,1,675.2,673.0,0.0,0.0,0.0,0.0,75
2023-05-11 09:42:44,MO2403-P-7000,MO2403-P-7000,675.2,0.0,0.0,0.0,1,667.2,674.8,1,675.2,673.0,0.0,0.0,0.0,0.0,75
2023-05-11 09:42:44,MO2403-P-7000,MO2403-P-7000,675.2,0.0,0.0,0.0,2,667.2,674.8,1,675.2,673.0,0.0,0.0,0.0,0.0,75
2023-05-11 09:42:54,MO2403-P-7000,MO2403-P-7000,675.2,0.0,0.0,0.0,1,667.4,674.8,1,675.2,673.0,0.0,0.0,0.0,0.0,75
2023-05-11 09:42:56,MO2403-P-7000,MO2403-P-7000,675.2,0.0,0.0,0.0,2,667.4,674.8,1,675.2,673.0,0.0,0.0,0.0,0.0,75
2023-05-11 09:43:01,MO2403-P-7000,MO2403-P-7000,675.2,0.0,0.0,0.0,7,667.4,674.8,1,675.2,673.0,0.0,0.0,0.0,0.0,75
2023-05-11 09:43:04,MO2403-P-7000,MO2403-P-7000,675.2,0.0,0.0,0.0,1,667.6,674.8,1,675.2,673.0,0.0,0.0,0.0,0.0,75
2023-05-11 09:43:04,MO2403-P-7000,MO2403-P-7000,675.2,0.0,0.0,0.0,2,667.6,674.8,1,675.2,673.0,0.0,0.0,0.0,0.0,75
2023-05-11 09:43:06,MO2403-P-7000,MO2403-P-7000,675.2,0.0,0.0,0.0,1,667.6,674.8,1,675.2,673.0,0.0,0.0,0.0,0.0,75
2023-05-11 09:43:08,MO2403-P-7000,MO2403-P-7000,675.2,0.0,0.0,0.0,2,667.6,674.8,1,675.2,673.0,0.0,0.0,0.0,0.0,75
2023-05-11 09:43:09,MO2403-P-7000,MO2403-P-7000,675.2,0.0,0.0,0.0,7,667.6,674.8,1,675.2,673.0,0.0,0.0,0.0,0.0,75
2023-05-11 09:43:14,MO2403-P-7000,MO2403-P-7000,675.2,0.0,0.0,0.0,1,667.8,674.8,1,675.2,673.0,0.0,0.0,0.0,0.0,75
2023-05-11 09:43:14,MO2403-P-7000,MO2403-P-7000,675.2,0.0,0.0,0.0,1,668.4,674.8,1,675.2,673.0,0.0,0.0,0.0,0.0,75
2023-05-11 09:43:17,MO2403-P-7000,MO2403-P-7000,675.2,0.0,0.0,0.0,1,667.8,674.8,1,675.2,673.0,0.0,0.0,0.0,0.0,75
2023-05-11 09:43:18,MO2403-P-7000,MO2403-P-7000,675.2,0.0,0.0,0.0,1,668.4,674.8,1,675.2,673.0,0.0,0.0,0.0,0.0,75
2023-05-11 09:43:18,MO2403-P-7000,MO2403-P-7000,675.2,0.0,0.0,0.0,1,667.8,674.8,1,675.2,673.0,0.0,0.0,0.0,0.0,75
2023-05-11 09:43:19,MO2403-P-7000,MO2403-P-7000,675.2,0.0,0.0,0.0,1,668.2,674.8,1,675.2,673.0,0.0,0.0,0.0,0.0,75
2023-05-11 09:43:24,MO2403-P-7000,MO2403-P-7000,675.2,0.0,0.0,0.0,2,668.2,674.8,1,675.2,673.0,0.0,0.0,0.0,0.0,75
2023-05-11 09:43:29,MO2403-P-7000,MO2403-P-7000,675.2,0.0,0.0,0.0,1,668.2,674.8,1,675.2,673.0,0.0,0.0,0.0,0.0,75
2023-05-11 09:43:30,MO2403-P-7000,MO2403-P-7000,675.2,0.0,0.0,0.0,2,668.2,674.8,1,675.2,673.0,0.0,0.0,0.0,0.0,75
2023-05-11 09:43:34,MO2403-P-7000,MO2403-P-7000,675.2,0.0,0.0,0.0,1,668.4,674.8,1,675.2,673.0,0.0,0.0,0.0,0.0,75
2023-05-11 09:43:36,MO2403-P-7000,MO2403-P-7000,675.2,0.0,0.0,0.0,1,668.4,675.0,21,675.2,673.0,0.0,0.0,0.0,0.0,75
2023-05-11 09:43:37,MO2403-P-7000,MO2403-P-7000,675.2,0.0,0.0,0.0,1,669.0,675.2,27,675.2,673.0,0.0,0.0,0.0,0.0,75
2023-05-11 09:43:37,MO2403-P-7000,MO2403-P-7000,675.2,0.0,0.0,0.0,1,669.0,675.4,33,675.2,673.0,0.0,0.0,0.0,0.0,75
2023-05-11 09:43:38,MO2403-P-7000,MO2403-P-7000,675.2,0.0,0.0,0.0,6,669.0,675.4,6,675.2,673.0,0.0,0.0,0.0,0.0,75
2023-05-11 09:43:38,MO2403-P-7000,MO2403-P-7000,675.2,0.0,0.0,0.0,6,669.0,675.6,21,675.2,673.0,0.0,0.0,0.0,0.0,75
2023-05-11 09:43:39,MO2403-P-7000,MO2403-P-7000,675.2,0.0,0.0,0.0,6,669.0,675.6,6,675.2,673.0,0.0,0.0,0.0,0.0,75
2023-05-11 09:43:39,MO2403-P-7000,MO2403-P-7000,675.2,0.0,0.0,0.0,6,669.0,675.8,21,675.2,673.0,0.0,0.0,0.0,0.0,75
2023-05-11 09:43:40,MO2403-P-7000,MO2403-P-7000,675.2,0.0,0.0,0.0,6,669.0,675.8,6,675.2,673.0,0.0,0.0,0.0,0.0,75
2023-05-11 09:43:40,MO2403-P-7000,MO2403-P-7000,675.2,0.0,0.0,0.0,6,669.0,676.0,21,675.2,673.0,0.0,0.0,0.0,0.0,75
2023-05-11 09:43:41,MO2403-P-7000,MO2403-P-7000,675.2,0.0,0.0,0.0,5,669.0,676.0,6,675.2,673.0,0.0,0.0,0.0,0.0,75
2023-05-11 09:43:41,MO2403-P-7000,MO2403-P-7000,675.2,0.0,0.0,0.0,6,669.0,676.2,21,675.2,673.0,0.0,0.0,0.0,0.0,75
2023-05-11 09:43:42,MO2403-P-7000,MO2403-P-7000,675.2,0.0,0.0,0.0,6,669.0,676.2,6,675.2,673.0,0.0,0.0,0.0,0.0,75
2023-05-11 09:43:42,MO2403-P-7000,MO2403-P-7000,675.2,0.0,0.0,0.0,6,669.0,676.4,27,675.2,673.0,0.0,0.0,0.0,0.0,75
2023-05-11 09:43:43,MO2403-P-7000,MO2403-P-7000,675.2,0.0,0.0,0.0,5,669.0,676.4,6,675.2,673.0,0.0,0.0,0.0,0.0,75
2023-05-11 09:43:43,MO2403-P-7000,MO2403-P-7000,675.2,0.0,0.0,0.0,5,669.0,676.6,22,675.2,673.0,0.0,0.0,0.0,0.0,75
2023-05-11 09:43:44,MO2403-P-7000,MO2403-P-7000,675.2,0.0,0.0,0.0,5,669.0,676.6,7,675.2,673.0,0.0,0.0,0.0,0.0,75
2023-05-11 09:43:44,MO2403-P-7000,MO2403-P-7000,675.2,0.0,0.0,0.0,5,669.0,676.6,1,675.2,673.0,0.0,0.0,0.0,0.0,75
2023-05-11 09:43:47,MO2403-P-7000,MO2403-P-7000,675.2,0.0,0.0,0.0,5,669.0,676.4,1,675.2,673.0,0.0,0.0,0.0,0.0,75
2023-05-11 09:43:48,MO2403-P-7000,MO2403-P-7000,675.2,0.0,0.0,0.0,5,669.0,676.4,2,675.2,673.0,0.0,0.0,0.0,0.0,75
2023-05-11 09:43:48,MO2403-P-7000,MO2403-P-7000,675.2,0.0,0.0,0.0,5,669.0,676.4,3,675.2,673.0,0.0,0.0,0.0,0.0,75
2023-05-11 09:43:51,MO2403-P-7000,MO2403-P-7000,675.2,0.0,0.0,0.0,1,668.8,676.2,1,675.2,673.0,0.0,0.0,0.0,0.0,75
2023-05-11 09:43:53,MO2403-P-7000,MO2403-P-7000,675.2,0.0,0.0,0.0,1,668.8,674.4,1,675.2,673.0,0.0,0.0,0.0,0.0,75
2023-05-11 09:43:55,MO2403-P-7000,MO2403-P-7000,675.2,0.0,0.0,0.0,1,669.4,674.6,21,675.2,673.0,0.0,0.0,0.0,0.0,75
2023-05-11 09:43:55,MO2403-P-7000,MO2403-P-7000,675.2,0.0,0.0,0.0,1,668.8,674.6,6,675.2,673.0,0.0,0.0,0.0,0.0,75
2023-05-11 09:43:56,MO2403-P-7000,MO2403-P-7000,675.2,0.0,0.0,0.0,1,669.2,674.8,21,675.2,673.0,0.0,0.0,0.0,0.0,75
2023-05-11 09:43:56,MO2403-P-7000,MO2403-P-7000,675.2,0.0,0.0,0.0,1,669.2,674.8,6,675.2,673.0,0.0,0.0,0.0,0.0,75
2023-05-11 09:43:57,MO2403-P-7000,MO2403-P-7000,675.2,0.0,0.0,0.0,1,669.2,675.0,21,675.2,673.0,0.0,0.0,0.0,0.0,75
2023-05-11 09:43:57,MO2403-P-7000,MO2403-P-7000,675.2,0.0,0.0,0.0,1,669.2,675.0,6,675.2,673.0,0.0,0.0,0.0,0.0,75
2023-05-11 09:43:58,MO2403-P-7000,MO2403-P-7000,675.2,0.0,0.0,0.0,1,669.2,675.2,21,675.2,673.0,0.0,0.0,0.0,0.0,75
2023-05-11 09:43:58,MO2403-P-7000,MO2403-P-7000,675.2,0.0,0.0,0.0,1,669.2,675.2,6,675.2,673.0,0.0,0.0,0.0,0.0,75
2023-05-11 09:43:59,MO2403-P-7000,MO2403-P-7000,675.2,0.0,0.0,0.0,1,669.2,675.4,21,675.2,673.0,0.0,0.0,0.0,0.0,75
2023-05-11 09:43:59,MO2403-P-7000,MO2403-P-7000,675.2,0.0,0.0,0.0,1,669.2,675.4,6,675.2,673.0,0.0,0.0,0.0,0.0,75
2023-05-11 09:44:00,MO2403-P-7000,MO2403-P-7000,675.2,0.0,0.0,0.0,5,669.0,675.6,21,675.2,673.0,0.0,0.0,0.0,0.0,75
2023-05-11 09:44:00,MO2403-P-7000,MO2403-P-7000,675.2,0.0,0.0,0.0,6,669.0,675.6,6,675.2,673.0,0.0,0.0,0.0,0.0,75
2023-05-11 09:44:01,MO2403-P-7000,MO2403-P-7000,675.2,0.0,0.0,0.0,6,669.0,675.8,21,675.2,673.0,0.0,0.0,0.0,0.0,75
2023-05-11 09:44:01,MO2403-P-7000,MO2403-P-7000,675.2,0.0,0.0,0.0,7,669.0,675.8,6,675.2,673.0,0.0,0.0,0.0,0.0,75
2023-05-11 09:44:02,MO2403-P-7000,MO2403-P-7000,675.2,0.0,0.0,0.0,7,669.0,676.0,21,675.2,673.0,0.0,0.0,0.0,0.0,75
2023-05-11 09:44:02,MO2403-P-7000,MO2403-P-7000,675.2,0.0,0.0,0.0,7,669.0,676.0,6,675.2,673.0,0.0,0.0,0.0,0.0,75
2023-05-11 09:44:03,MO2403-P-7000,MO2403-P-7000,675.2,0.0,0.0,0.0,7,669.0,676.2,21,675.2,673.0,0.0,0.0,0.0,0.0,75
2023-05-11 09:44:03,MO2403-P-7000,MO2403-P-7000,675.2,0.0,0.0,0.0,7,669.0,676.2,6,675.2,673.0,0.0,0.0,0.0,0.0,75
2023-05-11 09:44:04,MO2403-P-7000,MO2403-P-7000,675.2,0.0,0.0,0.0,7,669.0,676.4,28,675.2,673.0,0.0,0.0,0.0,0.0,75
2023-05-11 09:44:04,MO2403-P-7000,MO2403-P-7000,675.2,0.0,0.0,0.0,7,669.0,676.4,7,675.2,673.0,0.0,0.0,0.0,0.0,75
2023-05-11 09:44:05,MO2403-P-7000,MO2403-P-7000,675.2,0.0,0.0,0.0,7,669.0,676.4,1,675.2,673.0,0.0,0.0,0.0,0.0,75
2023-05-11 09:44:06,MO2403-P-7000,MO2403-P-7000,675.2,0.0,0.0,0.0,6,669.0,676.4,1,675.2,673.0,0.0,0.0,0.0,0.0,75
2023-05-11 09:44:07,MO2403-P-7000,MO2403-P-7000,675.2,0.0,0.0,0.0,7,669.0,676.4,1,675.2,673.0,0.0,0.0,0.0,0.0,75
2023-05-11 09:44:09,MO2403-P-7000,MO2403-P-7000,675.2,0.0,0.0,0.0,6,669.0,676.4,1,675.2,673.0,0.0,0.0,0.0,0.0,75
2023-05-11 09:44:09,MO2403-P-7000,MO2403-P-7000,675.2,0.0,0.0,0.0,1,669.0,676.4,1,675.2,673.0,0.0,0.0,0.0,0.0,75
2023-05-11 09:44:10,MO2403-P-7000,MO2403-P-7000,675.2,0.0,0.0,0.0,1,669.0,676.2,1,675.2,673.0,0.0,0.0,0.0,0.0,75
2023-05-11 09:44:11,MO2403-P-7000,MO2403-P-7000,675.2,0.0,0.0,0.0,1,669.0,676.2,2,675.2,673.0,0.0,0.0,0.0,0.0,75
2023-05-11 09:44:11,MO2403-P-7000,MO2403-P-7000,675.2,0.0,0.0,0.0,1,669.2,676.2,2,675.2,673.0,0.0,0.0,0.0,0.0,75
2023-05-11 09:44:12,MO2403-P-7000,MO2403-P-7000,675.2,0.0,0.0,0.0,1,669.2,676.0,1,675.2,673.0,0.0,0.0,0.0,0.0,75
2023-05-11 09:44:13,MO2403-P-7000,MO2403-P-7000,675.2,0.0,0.0,0.0,1,669.2,676.0,2,675.2,673.0,0.0,0.0,0.0,0.0,75
2023-05-11 09:44:20,MO2403-P-7000,MO2403-P-7000,675.2,0.0,0.0,0.0,1,669.2,676.0,3,675.2,673.0,0.0,0.0,0.0,0.0,75
2023-05-11 09:44:21,MO2403-P-7000,MO2403-P-7000,675.2,0.0,0.0,0.0,1,669.4,676.0,3,675.2,673.0,0.0,0.0,0.0,0.0,75
2023-05-11 09:44:24,MO2403-P-7000,MO2403-P-7000,675.2,0.0,0.0,0.0,1,670.0,676.0,3,675.2,673.0,0.0,0.0,0.0,0.0,75
2023-05-11 09:44:24,MO2403-P-7000,MO2403-P-7000,675.2,0.0,0.0,0.0,1,669.4,676.0,3,675.2,673.0,0.0,0.0,0.0,0.0,75
2023-05-11 09:44:25,MO2403-P-7000,MO2403-P-7000,675.2,0.0,0.0,0.0,1,669.4,676.0,2,675.2,673.0,0.0,0.0,0.0,0.0,75
2023-05-11 09:44:29,MO2403-P-7000,MO2403-P-7000,675.2,0.0,0.0,0.0,1,669.8,676.0,2,675.2,673.0,0.0,0.0,0.0,0.0,75
2023-05-11 09:44:32,MO2403-P-7000,MO2403-P-7000,675.2,0.0,0.0,0.0,1,669.4,676.0,2,675.2,673.0,0.0,0.0,0.0,0.0,75
2023-05-11 09:44:32,MO2403-P-7000,MO2403-P-7000,675.2,0.0,0.0,0.0,1,669.6,676.0,1,675.2,673.0,0.0,0.0,0.0,0.0,75
2023-05-11 09:44:34,MO2403-P-7000,MO2403-P-7000,675.2,0.0,0.0,0.0,1,669.6,676.2,15,675.2,673.0,0.0,0.0,0.0,0.0,75
2023-05-11 09:44:34,MO2403-P-7000,MO2403-P-7000,675.2,0.0,0.0,0.0,2,669.6,676.6,51,675.2,673.0,0.0,0.0,0.0,0.0,75
2023-05-11 09:44:35,MO2403-P-7000,MO2403-P-7000,675.2,0.0,0.0,0.0,2,669.6,676.6,6,675.2,673.0,0.0,0.0,0.0,0.0,75
2023-05-11 09:44:35,MO2403-P-7000,MO2403-P-7000,675.2,0.0,0.0,0.0,1,669.6,676.8,27,675.2,673.0,0.0,0.0,0.0,0.0,75
2023-05-11 09:44:36,MO2403-P-7000,MO2403-P-7000,675.2,0.0,0.0,0.0,1,669.6,676.8,12,675.2,673.0,0.0,0.0,0.0,0.0,75
2023-05-11 09:44:36,MO2403-P-7000,MO2403-P-7000,675.2,0.0,0.0,0.0,1,669.6,676.8,6,675.2,673.0,0.0,0.0,0.0,0.0,75
2023-05-11 09:44:37,MO2403-P-7000,MO2403-P-7000,675.2,0.0,0.0,0.0,1,669.6,677.0,28,675.2,673.0,0.0,0.0,0.0,0.0,75
2023-05-11 09:44:37,MO2403-P-7000,MO2403-P-7000,675.2,0.0,0.0,0.0,1,669.6,677.0,7,675.2,673.0,0.0,0.0,0.0,0.0,75
2023-05-11 09:44:38,MO2403-P-7000,MO2403-P-7000,675.2,0.0,0.0,0.0,1,669.6,677.0,1,675.2,673.0,0.0,0.0,0.0,0.0,75
2023-05-11 09:44:42,MO2403-P-7000,MO2403-P-7000,675.2,0.0,0.0,0.0,2,669.6,677.0,1,675.2,673.0,0.0,0.0,0.0,0.0,75
2023-05-11 09:44:42,MO2403-P-7000,MO2403-P-7000,675.2,0.0,0.0,0.0,1,669.8,677.0,1,675.2,673.0,0.0,0.0,0.0,0.0,75
2023-05-11 09:44:43,MO2403-P-7000,MO2403-P-7000,675.2,0.0,0.0,0.0,1,670.2,677.0,1,675.2,673.0,0.0,0.0,0.0,0.0,75
2023-05-11 09:44:44,MO2403-P-7000,MO2403-P-7000,675.2,0.0,0.0,0.0,1,669.8,677.0,1,675.2,673.0,0.0,0.0,0.0,0.0,75
2023-05-11 09:44:44,MO2403-P-7000,MO2403-P-7000,675.2,0.0,0.0,0.0,2,669.8,677.0,1,675.2,673.0,0.0,0.0,0.0,0.0,75
2023-05-11 09:44:49,MO2403-P-7000,MO2403-P-7000,675.2,0.0,0.0,0.0,1,669.8,677.0,1,675.2,673.0,0.0,0.0,0.0,0.0,75
2023-05-11 09:44:49,MO2403-P-7000,MO2403-P-7000,675.2,0.0,0.0,0.0,1,670.0,677.0,1,675.2,673.0,0.0,0.0,0.0,0.0,75
2023-05-11 09:44:50,MO2403-P-7000,MO2403-P-7000,675.2,0.0,0.0,0.0,7,670.0,677.0,1,675.2,673.0,0.0,0.0,0.0,0.0,75
2023-05-11 09:44:51,MO2403-P-7000,MO2403-P-7000,675.2,0.0,0.0,0.0,6,670.0,677.0,1,675.2,673.0,0.0,0.0,0.0,0.0,75
2023-05-11 09:44:53,MO2403-P-7000,MO2403-P-7000,675.2,0.0,0.0,0.0,7,670.0,677.0,1,675.2,673.0,0.0,0.0,0.0,0.0,75
2023-05-11 09:44:59,MO2403-P-7000,MO2403-P-7000,675.2,0.0,0.0,0.0,7,670.0,677.2,21,675.2,673.0,0.0,0.0,0.0,0.0,75
2023-05-11 09:45:00,MO2403-P-7000,MO2403-P-7000,675.2,0.0,0.0,0.0,7,670.0,677.2,6,675.2,673.0,0.0,0.0,0.0,0.0,75
2023-05-11 09:45:00,MO2403-P-7000,MO2403-P-7000,675.2,0.0,0.0,0.0,7,670.0,677.4,21,675.2,673.0,0.0,0.0,0.0,0.0,75
2023-05-11 09:45:01,MO2403-P-7000,MO2403-P-7000,675.2,0.0,0.0,0.0,7,670.0,677.4,6,675.2,673.0,0.0,0.0,0.0,0.0,75
2023-05-11 09:45:01,MO2403-P-7000,MO2403-P-7000,675.2,0.0,0.0,0.0,7,670.0,677.6,6,675.2,673.0,0.0,0.0,0.0,0.0,75
2023-05-11 09:45:02,MO2403-P-7000,MO2403-P-7000,675.2,0.0,0.0,0.0,6,670.2,677.8,21,675.2,673.0,0.0,0.0,0.0,0.0,75
2023-05-11 09:45:02,MO2403-P-7000,MO2403-P-7000,675.2,0.0,0.0,0.0,1,670.8,677.8,6,675.2,673.0,0.0,0.0,0.0,0.0,75
2023-05-11 09:45:03,MO2403-P-7000,MO2403-P-7000,675.2,0.0,0.0,0.0,1,670.8,678.0,21,675.2,673.0,0.0,0.0,0.0,0.0,75
2023-05-11 09:45:03,MO2403-P-7000,MO2403-P-7000,675.2,0.0,0.0,0.0,1,670.8,678.0,6,675.2,673.0,0.0,0.0,0.0,0.0,75
2023-05-11 09:45:04,MO2403-P-7000,MO2403-P-7000,675.2,0.0,0.0,0.0,1,670.2,678.2,21,675.2,673.0,0.0,0.0,0.0,0.0,75
2023-05-11 09:45:04,MO2403-P-7000,MO2403-P-7000,675.2,0.0,0.0,0.0,1,670.8,678.2,6,675.2,673.0,0.0,0.0,0.0,0.0,75
2023-05-11 09:45:05,MO2403-P-7000,MO2403-P-7000,675.2,0.0,0.0,0.0,1,670.8,678.4,33,675.2,673.0,0.0,0.0,0.0,0.0,75
2023-05-11 09:45:05,MO2403-P-7000,MO2403-P-7000,675.2,0.0,0.0,0.0,1,670.8,678.4,12,675.2,673.0,0.0,0.0,0.0,0.0,75
2023-05-11 09:45:06,MO2403-P-7000,MO2403-P-7000,675.2,0.0,0.0,0.0,1,670.8,678.6,27,675.2,673.0,0.0,0.0,0.0,0.0,75
2023-05-11 09:45:06,MO2403-P-7000,MO2403-P-7000,675.2,0.0,0.0,0.0,7,670.8,678.6,6,675.2,673.0,0.0,0.0,0.0,0.0,75
2023-05-11 09:45:07,MO2403-P-7000,MO2403-P-7000,675.2,0.0,0.0,0.0,7,670.8,678.8,21,675.2,673.0,0.0,0.0,0.0,0.0,75
2023-05-11 09:45:07,MO2403-P-7000,MO2403-P-7000,675.2,0.0,0.0,0.0,8,670.8,678.8,6,675.2,673.0,0.0,0.0,0.0,0.0,75
2023-05-11 09:45:08,MO2403-P-7000,MO2403-P-7000,675.2,0.0,0.0,0.0,8,670.8,679.0,21,675.2,673.0,0.0,0.0,0.0,0.0,75
2023-05-11 09:45:08,MO2403-P-7000,MO2403-P-7000,675.2,0.0,0.0,0.0,8,670.8,679.0,6,675.2,673.0,0.0,0.0,0.0,0.0,75
2023-05-11 09:45:09,MO2403-P-7000,MO2403-P-7000,675.2,0.0,0.0,0.0,8,670.8,679.2,22,675.2,673.0,0.0,0.0,0.0,0.0,75
2023-05-11 09:45:09,MO2403-P-7000,MO2403-P-7000,675.2,0.0,0.0,0.0,8,670.8,679.2,6,675.2,673.0,0.0,0.0,0.0,0.0,75
2023-05-11 09:45:10,MO2403-P-7000,MO2403-P-7000,675.2,0.0,0.0,0.0,8,670.8,679.4,28,675.2,673.0,0.0,0.0,0.0,0.0,75
2023-05-11 09:45:10,MO2403-P-7000,MO2403-P-7000,675.2,0.0,0.0,0.0,6,671.0,679.4,7,675.2,673.0,0.0,0.0,0.0,0.0,75
2023-05-11 09:45:11,MO2403-P-7000,MO2403-P-7000,675.2,0.0,0.0,0.0,1,671.6,679.6,18,675.2,673.0,0.0,0.0,0.0,0.0,75
2023-05-11 09:45:11,MO2403-P-7000,MO2403-P-7000,675.2,0.0,0.0,0.0,1,671.8,679.6,6,675.2,673.0,0.0,0.0,0.0,0.0,75
2023-05-11 09:45:12,MO2403-P-7000,MO2403-P-7000,675.2,0.0,0.0,0.0,1,672.2,679.8,12,675.2,673.0,0.0,0.0,0.0,0.0,75
2023-05-11 09:45:12,MO2403-P-7000,MO2403-P-7000,675.2,0.0,0.0,0.0,1,672.2,680.0,21,675.2,673.0,0.0,0.0,0.0,0.0,75
2023-05-11 09:45:13,MO2403-P-7000,MO2403-P-7000,675.2,0.0,0.0,0.0,1,672.2,680.0,6,675.2,673.0,0.0,0.0,0.0,0.0,75
2023-05-11 09:45:13,MO2403-P-7000,MO2403-P-7000,675.2,0.0,0.0,0.0,1,672.2,680.2,33,675.2,673.0,0.0,0.0,0.0,0.0,75
2023-05-11 09:45:14,MO2403-P-7000,MO2403-P-7000,675.2,0.0,0.0,0.0,1,672.2,680.2,12,675.2,673.0,0.0,0.0,0.0,0.0,75
2023-05-11 09:45:14,MO2403-P-7000,MO2403-P-7000,675.2,0.0,0.0,0.0,1,672.2,680.4,33,675.2,673.0,0.0,0.0,0.0,0.0,75
2023-05-11 09:45:15,MO2403-P-7000,MO2403-P-7000,675.2,0.0,0.0,0.0,7,671.8,680.4,12,675.2,673.0,0.0,0.0,0.0,0.0,75
2023-05-11 09:45:15,MO2403-P-7000,MO2403-P-7000,675.2,0.0,0.0,0.0,7,671.8,680.6,21,675.2,673.0,0.0,0.0,0.0,0.0,75
2023-05-11 09:45:16,MO2403-P-7000,MO2403-P-7000,675.2,0.0,0.0,0.0,7,671.8,680.2,1,675.2,673.0,0.0,0.0,0.0,0.0,75
2023-05-11 09:45:16,MO2403-P-7000,MO2403-P-7000,675.2,0.0,0.0,0.0,7,671.8,680.0,2,675.2,673.0,0.0,0.0,0.0,0.0,75
2023-05-11 09:45:17,MO2403-P-7000,MO2403-P-7000,675.2,0.0,0.0,0.0,9,671.8,680.0,2,675.2,673.0,0.0,0.0,0.0,0.0,75
2023-05-11 09:45:18,MO2403-P-7000,MO2403-P-7000,675.2,0.0,0.0,0.0,8,671.8,680.0,2,675.2,673.0,0.0,0.0,0.0,0.0,75
2023-05-11 09:45:18,MO2403-P-7000,MO2403-P-7000,675.2,0.0,0.0,0.0,8,671.8,680.0,5,675.2,673.0,0.0,0.0,0.0,0.0,75
2023-05-11 09:45:19,MO2403-P-7000,MO2403-P-7000,675.2,0.0,0.0,0.0,8,671.8,680.0,6,675.2,673.0,0.0,0.0,0.0,0.0,75
2023-05-11 09:45:20,MO2403-P-7000,MO2403-P-7000,675.2,0.0,0.0,0.0,9,671.8,680.0,6,675.2,673.0,0.0,0.0,0.0,0.0,75
2023-05-11 09:45:21,MO2403-P-7000,MO2403-P-7000,675.2,0.0,0.0,0.0,8,671.8,680.0,6,675.2,673.0,0.0,0.0,0.0,0.0,75
2023-05-11 09:45:21,MO2403-P-7000,MO2403-P-7000,675.2,0.0,0.0,0.0,9,671.8,680.0,6,675.2,673.0,0.0,0.0,0.0,0.0,75
2023-05-11 09:45:22,MO2403-P-7000,MO2403-P-7000,675.2,0.0,0.0,0.0,8,671.8,680.0,6,675.2,673.0,0.0,0.0,0.0,0.0,75
2023-05-11 09:45:22,MO2403-P-7000,MO2403-P-7000,675.2,0.0,0.0,0.0,1,672.0,680.0,6,675.2,673.0,0.0,0.0,0.0,0.0,75
2023-05-11 09:45:33,MO2403-P-7000,MO2403-P-7000,675.2,0.0,0.0,0.0,2,672.0,680.0,6,675.2,673.0,0.0,0.0,0.0,0.0,75
2023-05-11 09:45:33,MO2403-P-7000,MO2403-P-7000,675.2,0.0,0.0,0.0,1,672.0,680.0,6,675.2,673.0,0.0,0.0,0.0,0.0,75
2023-05-11 09:45:35,MO2403-P-7000,MO2403-P-7000,675.2,0.0,0.0,0.0,1,671.8,680.0,6,675.2,673.0,0.0,0.0,0.0,0.0,75
2023-05-11 09:45:36,MO2403-P-7000,MO2403-P-7000,675.2,0.0,0.0,0.0,2,671.8,679.8,1,675.2,673.0,0.0,0.0,0.0,0.0,75
2023-05-11 09:45:37,MO2403-P-7000,MO2403-P-7000,675.2,0.0,0.0,0.0,1,671.8,679.8,1,675.2,673.0,0.0,0.0,0.0,0.0,75
2023-05-11 09:45:38,MO2403-P-7000,MO2403-P-7000,675.2,0.0,0.0,0.0,2,671.8,679.8,1,675.2,673.0,0.0,0.0,0.0,0.0,75
2023-05-11 09:45:39,MO2403-P-7000,MO2403-P-7000,675.2,0.0,0.0,0.0,1,671.8,679.8,1,675.2,673.0,0.0,0.0,0.0,0.0,75
2023-05-11 09:45:39,MO2403-P-7000,MO2403-P-7000,675.2,0.0,0.0,0.0,1,672.0,679.8,1,675.2,673.0,0.0,0.0,0.0,0.0,75
2023-05-11 09:45:50,MO2403-P-7000,MO2403-P-7000,675.2,0.0,0.0,0.0,7,672.0,679.8,1,675.2,673.0,0.0,0.0,0.0,0.0,75
2023-05-11 09:45:51,MO2403-P-7000,MO2403-P-7000,675.2,0.0,0.0,0.0,7,672.0,680.0,20,675.2,673.0,0.0,0.0,0.0,0.0,75
2023-05-11 09:45:51,MO2403-P-7000,MO2403-P-7000,675.2,0.0,0.0,0.0,7,672.0,680.0,5,675.2,673.0,0.0,0.0,0.0,0.0,75
2023-05-11 09:45:52,MO2403-P-7000,MO2403-P-7000,675.2,0.0,0.0,0.0,7,672.0,680.0,3,675.2,673.0,0.0,0.0,0.0,0.0,75
2023-05-11 09:45:54,MO2403-P-7000,MO2403-P-7000,675.2,0.0,0.0,0.0,7,672.0,680.2,1,675.2,673.0,0.0,0.0,0.0,0.0,75
2023-05-11 09:45:55,MO2403-P-7000,MO2403-P-7000,675.2,0.0,0.0,0.0,8,672.0,680.2,1,675.2,673.0,0.0,0.0,0.0,0.0,75
2023-05-11 09:45:56,MO2403-P-7000,MO2403-P-7000,675.2,0.0,0.0,0.0,8,672.0,680.4,28,675.2,673.0,0.0,0.0,0.0,0.0,75
2023-05-11 09:45:56,MO2403-P-7000,MO2403-P-7000,675.2,0.0,0.0,0.0,8,672.0,680.4,7,675.2,673.0,0.0,0.0,0.0,0.0,75
2023-05-11 09:45:57,MO2403-P-7000,MO2403-P-7000,675.2,0.0,0.0,0.0,8,672.0,680.4,1,675.2,673.0,0.0,0.0,0.0,0.0,75
2023-05-11 09:45:57,MO2403-P-7000,MO2403-P-7000,675.2,0.0,0.0,0.0,6,672.2,680.4,1,675.2,673.0,0.0,0.0,0.0,0.0,75
2023-05-11 09:45:58,MO2403-P-7000,MO2403-P-7000,675.2,0.0,0.0,0.0,1,672.8,680.4,1,675.2,673.0,0.0,0.0,0.0,0.0,75
2023-05-11 09:45:58,MO2403-P-7000,MO2403-P-7000,675.2,0.0,0.0,0.0,1,672.8,680.6,21,675.2,673.0,0.0,0.0,0.0,0.0,75
2023-05-11 09:45:59,MO2403-P-7000,MO2403-P-7000,675.2,0.0,0.0,0.0,1,672.8,680.6,6,675.2,673.0,0.0,0.0,0.0,0.0,75
2023-05-11 09:46:00,MO2403-P-7000,MO2403-P-7000,675.2,0.0,0.0,0.0,1,672.8,680.8,27,675.2,673.0,0.0,0.0,0.0,0.0,75
2023-05-11 09:46:00,MO2403-P-7000,MO2403-P-7000,675.2,0.0,0.0,0.0,2,672.8,680.8,6,675.2,673.0,0.0,0.0,0.0,0.0,75
2023-05-11 09:46:01,MO2403-P-7000,MO2403-P-7000,675.2,0.0,0.0,0.0,2,672.8,681.0,27,675.2,673.0,0.0,0.0,0.0,0.0,75
2023-05-11 09:46:01,MO2403-P-7000,MO2403-P-7000,675.2,0.0,0.0,0.0,2,672.8,681.0,6,675.2,673.0,0.0,0.0,0.0,0.0,75
2023-05-11 09:46:02,MO2403-P-7000,MO2403-P-7000,675.2,0.0,0.0,0.0,2,672.8,681.2,21,675.2,673.0,0.0,0.0,0.0,0.0,75
2023-05-11 09:46:02,MO2403-P-7000,MO2403-P-7000,675.2,0.0,0.0,0.0,2,672.8,681.2,6,675.2,673.0,0.0,0.0,0.0,0.0,75
2023-05-11 09:46:03,MO2403-P-7000,MO2403-P-7000,675.2,0.0,0.0,0.0,2,672.8,681.4,22,675.2,673.0,0.0,0.0,0.0,0.0,75
2023-05-11 09:46:03,MO2403-P-7000,MO2403-P-7000,675.2,0.0,0.0,0.0,2,672.8,681.4,7,675.2,673.0,0.0,0.0,0.0,0.0,75
2023-05-11 09:46:04,MO2403-P-7000,MO2403-P-7000,675.2,0.0,0.0,0.0,2,672.8,681.4,1,675.2,673.0,0.0,0.0,0.0,0.0,75
2023-05-11 09:46:04,MO2403-P-7000,MO2403-P-7000,675.2,0.0,0.0,0.0,8,672.8,681.4,1,675.2,673.0,0.0,0.0,0.0,0.0,75
2023-05-11 09:46:06,MO2403-P-7000,MO2403-P-7000,675.2,0.0,0.0,0.0,8,672.8,681.6,21,675.2,673.0,0.0,0.0,0.0,0.0,75
2023-05-11 09:46:06,MO2403-P-7000,MO2403-P-7000,675.2,0.0,0.0,0.0,8,672.8,681.6,6,675.2,673.0,0.0,0.0,0.0,0.0,75
2023-05-11 09:46:07,MO2403-P-7000,MO2403-P-7000,675.2,0.0,0.0,0.0,6,673.0,681.6,6,675.2,673.0,0.0,0.0,0.0,0.0,75
2023-05-11 09:46:07,MO2403-P-7000,MO2403-P-7000,675.2,0.0,0.0,0.0,1,673.6,681.8,21,675.2,673.0,0.0,0.0,0.0,0.0,75
2023-05-11 09:46:08,MO2403-P-7000,MO2403-P-7000,675.2,0.0,0.0,0.0,1,673.6,681.8,6,675.2,673.0,0.0,0.0,0.0,0.0,75
2023-05-11 09:46:08,MO2403-P-7000,MO2403-P-7000,675.2,0.0,0.0,0.0,1,673.6,682.6,21,675.2,673.0,0.0,0.0,0.0,0.0,75
2023-05-11 09:46:09,MO2403-P-7000,MO2403-P-7000,675.2,0.0,0.0,0.0,1,673.6,682.6,6,675.2,673.0,0.0,0.0,0.0,0.0,75
2023-05-11 09:46:09,MO2403-P-7000,MO2403-P-7000,675.2,0.0,0.0,0.0,1,673.6,682.8,40,675.2,673.0,0.0,0.0,0.0,0.0,75
2023-05-11 09:46:10,MO2403-P-7000,MO2403-P-7000,675.2,0.0,0.0,0.0,1,673.6,682.8,13,675.2,673.0,0.0,0.0,0.0,0.0,75
2023-05-11 09:46:10,MO2403-P-7000,MO2403-P-7000,675.2,0.0,0.0,0.0,2,673.6,682.8,7,675.2,673.0,0.0,0.0,0.0,0.0,75
2023-05-11 09:46:11,MO2403-P-7000,MO2403-P-7000,675.2,0.0,0.0,0.0,2,673.6,682.8,1,675.2,673.0,0.0,0.0,0.0,0.0,75
2023-05-11 09:46:12,MO2403-P-7000,MO2403-P-7000,675.2,0.0,0.0,0.0,2,673.6,683.0,21,675.2,673.0,0.0,0.0,0.0,0.0,75
2023-05-11 09:46:12,MO2403-P-7000,MO2403-P-7000,675.2,0.0,0.0,0.0,2,673.6,683.0,6,675.2,673.0,0.0,0.0,0.0,0.0,75
2023-05-11 09:46:13,MO2403-P-7000,MO2403-P-7000,675.2,0.0,0.0,0.0,2,673.6,683.2,21,675.2,673.0,0.0,0.0,0.0,0.0,75
2023-05-11 09:46:13,MO2403-P-7000,MO2403-P-7000,675.2,0.0,0.0,0.0,2,673.6,682.8,1,675.2,673.0,0.0,0.0,0.0,0.0,75
2023-05-11 09:46:15,MO2403-P-7000,MO2403-P-7000,675.2,0.0,0.0,0.0,1,673.6,682.8,2,675.2,673.0,0.0,0.0,0.0,0.0,75
2023-05-11 09:46:15,MO2403-P-7000,MO2403-P-7000,675.2,0.0,0.0,0.0,6,673.0,682.8,2,675.2,673.0,0.0,0.0,0.0,0.0,75
2023-05-11 09:46:16,MO2403-P-7000,MO2403-P-7000,675.2,0.0,0.0,0.0,1,673.2,682.6,2,675.2,673.0,0.0,0.0,0.0,0.0,75
2023-05-11 09:46:17,MO2403-P-7000,MO2403-P-7000,675.2,0.0,0.0,0.0,1,673.2,682.4,1,675.2,673.0,0.0,0.0,0.0,0.0,75
2023-05-11 09:46:18,MO2403-P-7000,MO2403-P-7000,675.2,0.0,0.0,0.0,1,673.2,682.2,2,675.2,673.0,0.0,0.0,0.0,0.0,75
2023-05-11 09:46:22,MO2403-P-7000,MO2403-P-7000,675.2,0.0,0.0,0.0,42,672.6,682.2,2,675.2,673.0,0.0,0.0,0.0,0.0,75
2023-05-11 09:46:22,MO2403-P-7000,MO2403-P-7000,675.2,0.0,0.0,0.0,1,673.2,682.2,2,675.2,673.0,0.0,0.0,0.0,0.0,75
2023-05-11 09:46:23,MO2403-P-7000,MO2403-P-7000,675.2,0.0,0.0,0.0,12,672.6,682.2,2,675.2,673.0,0.0,0.0,0.0,0.0,75
2023-05-11 09:46:23,MO2403-P-7000,MO2403-P-7000,675.2,0.0,0.0,0.0,1,673.2,682.2,2,675.2,673.0,0.0,0.0,0.0,0.0,75
2023-05-11 09:46:31,MO2403-P-7000,MO2403-P-7000,675.2,0.0,0.0,0.0,2,673.2,682.2,2,675.2,673.0,0.0,0.0,0.0,0.0,75
2023-05-11 09:46:41,MO2403-P-7000,MO2403-P-7000,675.2,0.0,0.0,0.0,1,673.4,682.2,2,675.2,673.0,0.0,0.0,0.0,0.0,75
2023-05-11 09:46:41,MO2403-P-7000,MO2403-P-7000,675.2,0.0,0.0,0.0,1,673.8,682.2,2,675.2,673.0,0.0,0.0,0.0,0.0,75
2023-05-11 09:46:42,MO2403-P-7000,MO2403-P-7000,675.2,0.0,0.0,0.0,1,673.4,682.2,2,675.2,673.0,0.0,0.0,0.0,0.0,75
2023-05-11 09:46:44,MO2403-P-7000,MO2403-P-7000,675.2,0.0,0.0,0.0,1,673.6,682.2,2,675.2,673.0,0.0,0.0,0.0,0.0,75
2023-05-11 09:46:45,MO2403-P-7000,MO2403-P-7000,675.2,0.0,0.0,0.0,1,673.6,682.0,2,675.2,673.0,0.0,0.0,0.0,0.0,75
2023-05-11 09:46:46,MO2403-P-7000,MO2403-P-7000,675.2,0.0,0.0,0.0,1,673.6,681.8,1,675.2,673.0,0.0,0.0,0.0,0.0,75
2023-05-11 09:46:47,MO2403-P-7000,MO2403-P-7000,675.2,0.0,0.0,0.0,1,673.6,681.6,1,675.2,673.0,0.0,0.0,0.0,0.0,75
2023-05-11 09:46:55,MO2403-P-7000,MO2403-P-7000,675.2,0.0,0.0,0.0,1,673.6,681.8,15,675.2,673.0,0.0,0.0,0.0,0.0,75
2023-05-11 09:46:56,MO2403-P-7000,MO2403-P-7000,675.2,0.0,0.0,0.0,1,673.6,682.0,6,675.2,673.0,0.0,0.0,0.0,0.0,75
2023-05-11 09:46:56,MO2403-P-7000,MO2403-P-7000,675.2,0.0,0.0,0.0,1,673.6,682.2,33,675.2,673.0,0.0,0.0,0.0,0.0,75
2023-05-11 09:46:57,MO2403-P-7000,MO2403-P-7000,675.2,0.0,0.0,0.0,1,673.6,682.2,6,675.2,673.0,0.0,0.0,0.0,0.0,75
2023-05-11 09:46:57,MO2403-P-7000,MO2403-P-7000,675.2,0.0,0.0,0.0,1,673.6,682.4,27,675.2,673.0,0.0,0.0,0.0,0.0,75
2023-05-11 09:46:58,MO2403-P-7000,MO2403-P-7000,675.2,0.0,0.0,0.0,1,673.6,682.4,6,675.2,673.0,0.0,0.0,0.0,0.0,75
2023-05-11 09:46:58,MO2403-P-7000,MO2403-P-7000,675.2,0.0,0.0,0.0,1,673.6,682.6,39,675.2,673.0,0.0,0.0,0.0,0.0,75
2023-05-11 09:46:59,MO2403-P-7000,MO2403-P-7000,675.2,0.0,0.0,0.0,1,673.6,682.6,12,675.2,673.0,0.0,0.0,0.0,0.0,75
2023-05-11 09:47:00,MO2403-P-7000,MO2403-P-7000,675.2,0.0,0.0,0.0,1,673.6,682.6,6,675.2,673.0,0.0,0.0,0.0,0.0,75
2023-05-11 09:47:00,MO2403-P-7000,MO2403-P-7000,675.2,0.0,0.0,0.0,1,673.4,682.6,6,675.2,673.0,0.0,0.0,0.0,0.0,75
2023-05-11 09:47:01,MO2403-P-7000,MO2403-P-7000,675.2,0.0,0.0,0.0,1,673.8,682.4,1,675.2,673.0,0.0,0.0,0.0,0.0,75
2023-05-11 09:47:02,MO2403-P-7000,MO2403-P-7000,675.2,0.0,0.0,0.0,1,673.6,682.4,1,675.2,673.0,0.0,0.0,0.0,0.0,75
2023-05-11 09:47:03,MO2403-P-7000,MO2403-P-7000,675.2,0.0,0.0,0.0,1,673.8,682.4,1,675.2,673.0,0.0,0.0,0.0,0.0,75
2023-05-11 09:47:03,MO2403-P-7000,MO2403-P-7000,675.2,0.0,0.0,0.0,1,673.8,682.4,2,675.2,673.0,0.0,0.0,0.0,0.0,75
2023-05-11 09:47:10,MO2403-P-7000,MO2403-P-7000,675.2,0.0,0.0,0.0,1,673.8,682.4,1,675.2,673.0,0.0,0.0,0.0,0.0,75
2023-05-11 09:47:10,MO2403-P-7000,MO2403-P-7000,675.2,0.0,0.0,0.0,7,673.8,682.4,1,675.2,673.0,0.0,0.0,0.0,0.0,75
2023-05-11 09:47:11,MO2403-P-7000,MO2403-P-7000,675.2,0.0,0.0,0.0,6,674.0,682.6,16,675.2,673.0,0.0,0.0,0.0,0.0,75
2023-05-11 09:47:11,MO2403-P-7000,MO2403-P-7000,675.2,0.0,0.0,0.0,1,674.6,682.8,39,675.2,673.0,0.0,0.0,0.0,0.0,75
2023-05-11 09:47:12,MO2403-P-7000,MO2403-P-7000,675.2,0.0,0.0,0.0,1,674.6,682.8,12,675.2,673.0,0.0,0.0,0.0,0.0,75
2023-05-11 09:47:12,MO2403-P-7000,MO2403-P-7000,675.2,0.0,0.0,0.0,1,674.6,683.0,35,675.2,673.0,0.0,0.0,0.0,0.0,75
2023-05-11 09:47:13,MO2403-P-7000,MO2403-P-7000,675.2,0.0,0.0,0.0,1,674.6,683.0,12,675.2,673.0,0.0,0.0,0.0,0.0,75
2023-05-11 09:47:13,MO2403-P-7000,MO2403-P-7000,675.2,0.0,0.0,0.0,1,674.6,683.2,46,675.2,673.0,0.0,0.0,0.0,0.0,75
2023-05-11 09:47:14,MO2403-P-7000,MO2403-P-7000,675.2,0.0,0.0,0.0,1,674.6,683.2,19,675.2,673.0,0.0,0.0,0.0,0.0,75
2023-05-11 09:47:14,MO2403-P-7000,MO2403-P-7000,675.2,0.0,0.0,0.0,1,674.6,683.2,13,675.2,673.0,0.0,0.0,0.0,0.0,75
2023-05-11 09:47:15,MO2403-P-7000,MO2403-P-7000,675.2,0.0,0.0,0.0,1,674.6,683.2,7,675.2,673.0,0.0,0.0,0.0,0.0,75
2023-05-11 09:47:16,MO2403-P-7000,MO2403-P-7000,675.2,0.0,0.0,0.0,1,674.6,683.2,1,675.2,673.0,0.0,0.0,0.0,0.0,75
2023-05-11 09:47:19,MO2403-P-7000,MO2403-P-7000,675.2,0.0,0.0,0.0,6,674.0,683.2,1,675.2,673.0,0.0,0.0,0.0,0.0,75
2023-05-11 09:47:20,MO2403-P-7000,MO2403-P-7000,675.2,0.0,0.0,0.0,1,674.0,683.2,1,675.2,673.0,0.0,0.0,0.0,0.0,75
2023-05-11 09:47:41,MO2403-P-7000,MO2403-P-7000,675.2,0.0,0.0,0.0,12,673.8,683.2,1,675.2,673.0,0.0,0.0,0.0,0.0,75
2023-05-11 09:47:42,MO2403-P-7000,MO2403-P-7000,675.2,0.0,0.0,0.0,1,674.2,683.0,1,675.2,673.0,0.0,0.0,0.0,0.0,75
2023-05-11 09:47:42,MO2403-P-7000,MO2403-P-7000,675.2,0.0,0.0,0.0,6,673.6,683.0,1,675.2,673.0,0.0,0.0,0.0,0.0,75
2023-05-11 09:47:43,MO2403-P-7000,MO2403-P-7000,675.2,0.0,0.0,0.0,1,674.0,683.0,1,675.2,673.0,0.0,0.0,0.0,0.0,75
2023-05-11 09:47:47,MO2403-P-7000,MO2403-P-7000,675.2,0.0,0.0,0.0,1,674.0,683.2,16,675.2,673.0,0.0,0.0,0.0,0.0,75
2023-05-11 09:47:47,MO2403-P-7000,MO2403-P-7000,675.2,0.0,0.0,0.0,1,674.0,683.2,1,675.2,673.0,0.0,0.0,0.0,0.0,75
2023-05-11 09:47:51,MO2403-P-7000,MO2403-P-7000,675.2,0.0,0.0,0.0,30,673.2,683.2,1,675.2,673.0,0.0,0.0,0.0,0.0,75
2023-05-11 09:47:51,MO2403-P-7000,MO2403-P-7000,675.2,0.0,0.0,0.0,1,673.8,683.2,1,675.2,673.0,0.0,0.0,0.0,0.0,75
2023-05-11 09:48:10,MO2403-P-7000,MO2403-P-7000,675.2,0.0,0.0,0.0,6,673.4,683.2,1,675.2,673.0,0.0,0.0,0.0,0.0,75
2023-05-11 09:48:11,MO2403-P-7000,MO2403-P-7000,675.2,0.0,0.0,0.0,1,673.8,683.2,1,675.2,673.0,0.0,0.0,0.0,0.0,75
2023-05-11 09:48:12,MO2403-P-7000,MO2403-P-7000,675.2,0.0,0.0,0.0,1,673.8,683.2,2,675.2,673.0,0.0,0.0,0.0,0.0,75
2023-05-11 09:48:16,MO2403-P-7000,MO2403-P-7000,675.2,0.0,0.0,0.0,12,673.2,683.2,2,675.2,673.0,0.0,0.0,0.0,0.0,75
2023-05-11 09:48:17,MO2403-P-7000,MO2403-P-7000,675.2,0.0,0.0,0.0,1,673.4,683.2,2,675.2,673.0,0.0,0.0,0.0,0.0,75
2023-05-11 09:48:17,MO2403-P-7000,MO2403-P-7000,675.2,0.0,0.0,0.0,6,673.2,683.2,2,675.2,673.0,0.0,0.0,0.0,0.0,75
2023-05-11 09:48:18,MO2403-P-7000,MO2403-P-7000,675.2,0.0,0.0,0.0,7,673.2,683.2,3,675.2,673.0,0.0,0.0,0.0,0.0,75
2023-05-11 09:48:18,MO2403-P-7000,MO2403-P-7000,675.2,0.0,0.0,0.0,7,673.2,683.0,1,675.2,673.0,0.0,0.0,0.0,0.0,75
2023-05-11 09:48:20,MO2403-P-7000,MO2403-P-7000,675.2,0.0,0.0,0.0,12,673.0,683.0,1,675.2,673.0,0.0,0.0,0.0,0.0,75
2023-05-11 09:48:21,MO2403-P-7000,MO2403-P-7000,675.2,0.0,0.0,0.0,1,673.0,683.0,2,675.2,673.0,0.0,0.0,0.0,0.0,75
2023-05-11 09:48:21,MO2403-P-7000,MO2403-P-7000,675.2,0.0,0.0,0.0,1,673.0,683.0,6,675.2,673.0,0.0,0.0,0.0,0.0,75
2023-05-11 09:48:22,MO2403-P-7000,MO2403-P-7000,675.2,0.0,0.0,0.0,1,673.0,682.8,1,675.2,673.0,0.0,0.0,0.0,0.0,75
2023-05-11 09:48:23,MO2403-P-7000,MO2403-P-7000,675.2,0.0,0.0,0.0,1,673.0,682.6,1,675.2,673.0,0.0,0.0,0.0,0.0,75
2023-05-11 09:48:28,MO2403-P-7000,MO2403-P-7000,675.2,0.0,0.0,0.0,1,673.0,682.8,22,675.2,673.0,0.0,0.0,0.0,0.0,75
2023-05-11 09:48:28,MO2403-P-7000,MO2403-P-7000,675.2,0.0,0.0,0.0,1,673.0,682.8,7,675.2,673.0,0.0,0.0,0.0,0.0,75
2023-05-11 09:48:29,MO2403-P-7000,MO2403-P-7000,675.2,0.0,0.0,0.0,1,673.0,682.8,1,675.2,673.0,0.0,0.0,0.0,0.0,75
2023-05-11 09:48:53,MO2403-P-7000,MO2403-P-7000,675.2,0.0,0.0,0.0,1,673.0,683.0,33,675.2,673.0,0.0,0.0,0.0,0.0,75
2023-05-11 09:48:53,MO2403-P-7000,MO2403-P-7000,675.2,0.0,0.0,0.0,1,673.0,683.0,18,675.2,673.0,0.0,0.0,0.0,0.0,75
2023-05-11 09:48:54,MO2403-P-7000,MO2403-P-7000,675.2,0.0,0.0,0.0,1,673.0,683.0,11,675.2,673.0,0.0,0.0,0.0,0.0,75
2023-05-11 09:48:54,MO2403-P-7000,MO2403-P-7000,675.2,0.0,0.0,0.0,1,673.0,683.0,5,675.2,673.0,0.0,0.0,0.0,0.0,75
2023-05-11 09:49:01,MO2403-P-7000,MO2403-P-7000,675.2,0.0,0.0,0.0,12,672.6,683.0,6,675.2,673.0,0.0,0.0,0.0,0.0,75
2023-05-11 09:49:02,MO2403-P-7000,MO2403-P-7000,675.2,0.0,0.0,0.0,12,672.4,683.0,8,675.2,673.0,0.0,0.0,0.0,0.0,75
2023-05-11 09:49:02,MO2403-P-7000,MO2403-P-7000,675.2,0.0,0.0,0.0,24,672.2,683.0,14,675.2,673.0,0.0,0.0,0.0,0.0,75
2023-05-11 09:49:03,MO2403-P-7000,MO2403-P-7000,675.2,0.0,0.0,0.0,6,672.2,683.0,14,675.2,673.0,0.0,0.0,0.0,0.0,75
2023-05-11 09:49:03,MO2403-P-7000,MO2403-P-7000,675.2,0.0,0.0,0.0,24,671.8,682.8,1,675.2,673.0,0.0,0.0,0.0,0.0,75
2023-05-11 09:49:04,MO2403-P-7000,MO2403-P-7000,675.2,0.0,0.0,0.0,7,671.8,682.8,1,675.2,673.0,0.0,0.0,0.0,0.0,75
2023-05-11 09:49:04,MO2403-P-7000,MO2403-P-7000,675.2,0.0,0.0,0.0,1,671.8,682.6,1,675.2,673.0,0.0,0.0,0.0,0.0,75
2023-05-11 09:49:06,MO2403-P-7000,MO2403-P-7000,675.2,0.0,0.0,0.0,18,670.2,682.6,1,675.2,673.0,0.0,0.0,0.0,0.0,75
2023-05-11 09:49:07,MO2403-P-7000,MO2403-P-7000,675.2,0.0,0.0,0.0,1,670.8,682.6,1,675.2,673.0,0.0,0.0,0.0,0.0,75
2023-05-11 09:49:08,MO2403-P-7000,MO2403-P-7000,675.2,0.0,0.0,0.0,6,670.4,682.6,1,675.2,673.0,0.0,0.0,0.0,0.0,75
2023-05-11 09:49:09,MO2403-P-7000,MO2403-P-7000,675.2,0.0,0.0,0.0,6,670.8,682.8,15,675.2,673.0,0.0,0.0,0.0,0.0,75
2023-05-11 09:49:09,MO2403-P-7000,MO2403-P-7000,675.2,0.0,0.0,0.0,6,670.8,683.2,42,675.2,673.0,0.0,0.0,0.0,0.0,75
2023-05-11 09:49:10,MO2403-P-7000,MO2403-P-7000,675.2,0.0,0.0,0.0,6,671.0,683.2,19,675.2,673.0,0.0,0.0,0.0,0.0,75
2023-05-11 09:49:10,MO2403-P-7000,MO2403-P-7000,675.2,0.0,0.0,0.0,6,671.0,683.2,7,675.2,673.0,0.0,0.0,0.0,0.0,75
2023-05-11 09:49:11,MO2403-P-7000,MO2403-P-7000,675.2,0.0,0.0,0.0,6,671.0,683.2,1,675.2,673.0,0.0,0.0,0.0,0.0,75
2023-05-11 09:49:12,MO2403-P-7000,MO2403-P-7000,675.2,0.0,0.0,0.0,7,671.0,683.2,1,675.2,673.0,0.0,0.0,0.0,0.0,75
2023-05-11 09:49:22,MO2403-P-7000,MO2403-P-7000,675.2,0.0,0.0,0.0,1,671.2,683.2,1,675.2,673.0,0.0,0.0,0.0,0.0,75
2023-05-11 09:49:30,MO2403-P-7000,MO2403-P-7000,675.2,0.0,0.0,0.0,6,671.0,683.2,1,675.2,673.0,0.0,0.0,0.0,0.0,75
2023-05-11 09:49:36,MO2403-P-7000,MO2403-P-7000,675.2,0.0,0.0,0.0,12,670.8,683.2,1,675.2,673.0,0.0,0.0,0.0,0.0,75
2023-05-11 09:49:36,MO2403-P-7000,MO2403-P-7000,675.2,0.0,0.0,0.0,30,670.6,683.2,2,675.2,673.0,0.0,0.0,0.0,0.0,75
2023-05-11 09:49:37,MO2403-P-7000,MO2403-P-7000,675.2,0.0,0.0,0.0,6,670.6,683.2,2,675.2,673.0,0.0,0.0,0.0,0.0,75
2023-05-11 09:49:37,MO2403-P-7000,MO2403-P-7000,675.2,0.0,0.0,0.0,1,669.8,683.2,2,675.2,673.0,0.0,0.0,0.0,0.0,75
2023-05-11 09:49:38,MO2403-P-7000,MO2403-P-7000,675.2,0.0,0.0,0.0,6,669.2,683.2,2,675.2,673.0,0.0,0.0,0.0,0.0,75
2023-05-11 09:49:38,MO2403-P-7000,MO2403-P-7000,675.2,0.0,0.0,0.0,30,669.0,683.2,2,675.2,673.0,0.0,0.0,0.0,0.0,75
2023-05-11 09:49:39,MO2403-P-7000,MO2403-P-7000,675.2,0.0,0.0,0.0,18,669.0,683.2,2,675.2,673.0,0.0,0.0,0.0,0.0,75
2023-05-11 09:49:46,MO2403-P-7000,MO2403-P-7000,675.2,0.0,0.0,0.0,18,669.0,683.0,1,675.2,673.0,0.0,0.0,0.0,0.0,75
2023-05-11 09:49:50,MO2403-P-7000,MO2403-P-7000,675.2,0.0,0.0,0.0,19,669.0,683.0,1,675.2,673.0,0.0,0.0,0.0,0.0,75
2023-05-11 09:49:52,MO2403-P-7000,MO2403-P-7000,675.2,0.0,0.0,0.0,13,669.0,683.0,1,675.2,673.0,0.0,0.0,0.0,0.0,75
2023-05-11 09:49:56,MO2403-P-7000,MO2403-P-7000,675.2,0.0,0.0,0.0,13,669.0,682.8,1,675.2,673.0,0.0,0.0,0.0,0.0,75
2023-05-11 09:49:57,MO2403-P-7000,MO2403-P-7000,675.2,0.0,0.0,0.0,12,669.0,682.8,1,675.2,673.0,0.0,0.0,0.0,0.0,75
2023-05-11 09:49:57,MO2403-P-7000,MO2403-P-7000,675.2,0.0,0.0,0.0,6,669.0,682.8,1,675.2,673.0,0.0,0.0,0.0,0.0,75
2023-05-11 09:50:05,MO2403-P-7000,MO2403-P-7000,675.2,0.0,0.0,0.0,6,669.2,682.8,1,675.2,673.0,0.0,0.0,0.0,0.0,75
2023-05-11 09:50:06,MO2403-P-7000,MO2403-P-7000,675.2,0.0,0.0,0.0,1,669.8,682.6,1,675.2,673.0,0.0,0.0,0.0,0.0,75
2023-05-11 09:50:16,MO2403-P-7000,MO2403-P-7000,675.2,0.0,0.0,0.0,1,669.8,682.4,1,675.2,673.0,0.0,0.0,0.0,0.0,75
2023-05-11 09:50:26,MO2403-P-7000,MO2403-P-7000,675.2,0.0,0.0,0.0,1,669.8,682.2,1,675.2,673.0,0.0,0.0,0.0,0.0,75
2023-05-11 09:50:36,MO2403-P-7000,MO2403-P-7000,675.2,0.0,0.0,0.0,1,669.8,682.0,1,675.2,673.0,0.0,0.0,0.0,0.0,75
2023-05-11 09:50:46,MO2403-P-7000,MO2403-P-7000,675.2,0.0,0.0,0.0,1,669.8,681.8,1,675.2,673.0,0.0,0.0,0.0,0.0,75
2023-05-11 09:50:56,MO2403-P-7000,MO2403-P-7000,675.2,0.0,0.0,0.0,1,669.8,681.6,1,675.2,673.0,0.0,0.0,0.0,0.0,75
2023-05-11 09:51:06,MO2403-P-7000,MO2403-P-7000,675.2,0.0,0.0,0.0,1,669.8,681.4,1,675.2,673.0,0.0,0.0,0.0,0.0,75
2023-05-11 09:51:16,MO2403-P-7000,MO2403-P-7000,675.2,0.0,0.0,0.0,1,669.8,681.2,1,675.2,673.0,0.0,0.0,0.0,0.0,75
2023-05-11 09:51:28,MO2403-P-7000,MO2403-P-7000,675.2,0.0,0.0,0.0,1,669.8,681.0,1,675.2,673.0,0.0,0.0,0.0,0.0,75
2023-05-11 09:51:39,MO2403-P-7000,MO2403-P-7000,675.2,0.0,0.0,0.0,1,669.8,680.8,1,675.2,673.0,0.0,0.0,0.0,0.0,75
2023-05-11 09:51:49,MO2403-P-7000,MO2403-P-7000,675.2,0.0,0.0,0.0,1,669.8,680.6,1,675.2,673.0,0.0,0.0,0.0,0.0,75
2023-05-11 09:51:49,MO2403-P-7000,MO2403-P-7000,675.2,0.0,0.0,0.0,1,669.8,680.8,15,675.2,673.0,0.0,0.0,0.0,0.0,75
2023-05-11 09:51:50,MO2403-P-7000,MO2403-P-7000,675.2,0.0,0.0,0.0,1,669.8,681.0,6,675.2,673.0,0.0,0.0,0.0,0.0,75
2023-05-11 09:51:50,MO2403-P-7000,MO2403-P-7000,675.2,0.0,0.0,0.0,1,669.8,681.2,28,675.2,673.0,0.0,0.0,0.0,0.0,75
2023-05-11 09:51:51,MO2403-P-7000,MO2403-P-7000,675.2,0.0,0.0,0.0,1,669.8,681.2,7,675.2,673.0,0.0,0.0,0.0,0.0,75
2023-05-11 09:51:51,MO2403-P-7000,MO2403-P-7000,675.2,0.0,0.0,0.0,1,669.8,681.2,1,675.2,673.0,0.0,0.0,0.0,0.0,75
2023-05-11 09:51:59,MO2403-P-7000,MO2403-P-7000,675.2,0.0,0.0,0.0,1,669.8,681.0,1,675.2,673.0,0.0,0.0,0.0,0.0,75
2023-05-11 09:52:03,MO2403-P-7000,MO2403-P-7000,675.2,0.0,0.0,0.0,1,669.8,681.2,15,675.2,673.0,0.0,0.0,0.0,0.0,75
2023-05-11 09:52:04,MO2403-P-7000,MO2403-P-7000,675.2,0.0,0.0,0.0,1,669.8,681.4,6,675.2,673.0,0.0,0.0,0.0,0.0,75
2023-05-11 09:52:04,MO2403-P-7000,MO2403-P-7000,675.2,0.0,0.0,0.0,1,669.8,681.6,22,675.2,673.0,0.0,0.0,0.0,0.0,75
2023-05-11 09:52:05,MO2403-P-7000,MO2403-P-7000,675.2,0.0,0.0,0.0,1,669.8,681.6,7,675.2,673.0,0.0,0.0,0.0,0.0,75
2023-05-11 09:52:05,MO2403-P-7000,MO2403-P-7000,675.2,0.0,0.0,0.0,1,669.8,681.6,1,675.2,673.0,0.0,0.0,0.0,0.0,75
2023-05-11 09:52:13,MO2403-P-7000,MO2403-P-7000,675.2,0.0,0.0,0.0,1,669.8,681.4,1,675.2,673.0,0.0,0.0,0.0,0.0,75
2023-05-11 09:52:23,MO2403-P-7000,MO2403-P-7000,675.2,0.0,0.0,0.0,1,669.8,681.2,1,675.2,673.0,0.0,0.0,0.0,0.0,75
2023-05-11 09:52:34,MO2403-P-7000,MO2403-P-7000,675.2,0.0,0.0,0.0,1,669.8,681.0,1,675.2,673.0,0.0,0.0,0.0,0.0,75
2023-05-11 09:52:37,MO2403-P-7000,MO2403-P-7000,675.2,0.0,0.0,0.0,7,669.8,681.0,1,675.2,673.0,0.0,0.0,0.0,0.0,75
2023-05-11 09:52:38,MO2403-P-7000,MO2403-P-7000,675.2,0.0,0.0,0.0,6,671.2,681.2,21,675.2,673.0,0.0,0.0,0.0,0.0,75
2023-05-11 09:52:38,MO2403-P-7000,MO2403-P-7000,675.2,0.0,0.0,0.0,1,671.8,681.2,6,675.2,673.0,0.0,0.0,0.0,0.0,75
2023-05-11 09:52:39,MO2403-P-7000,MO2403-P-7000,675.2,0.0,0.0,0.0,1,671.8,681.4,21,675.2,673.0,0.0,0.0,0.0,0.0,75
2023-05-11 09:52:39,MO2403-P-7000,MO2403-P-7000,675.2,0.0,0.0,0.0,1,671.8,681.4,6,675.2,673.0,0.0,0.0,0.0,0.0,75
2023-05-11 09:52:40,MO2403-P-7000,MO2403-P-7000,675.2,0.0,0.0,0.0,6,671.4,681.6,21,675.2,673.0,0.0,0.0,0.0,0.0,75
2023-05-11 09:52:40,MO2403-P-7000,MO2403-P-7000,675.2,0.0,0.0,0.0,1,671.6,681.6,6,675.2,673.0,0.0,0.0,0.0,0.0,75
2023-05-11 09:52:41,MO2403-P-7000,MO2403-P-7000,675.2,0.0,0.0,0.0,1,671.4,681.8,27,675.2,673.0,0.0,0.0,0.0,0.0,75
2023-05-11 09:52:41,MO2403-P-7000,MO2403-P-7000,675.2,0.0,0.0,0.0,1,671.6,681.8,12,675.2,673.0,0.0,0.0,0.0,0.0,75
2023-05-11 09:52:42,MO2403-P-7000,MO2403-P-7000,675.2,0.0,0.0,0.0,1,671.4,681.8,6,675.2,673.0,0.0,0.0,0.0,0.0,75
2023-05-11 09:52:43,MO2403-P-7000,MO2403-P-7000,675.2,0.0,0.0,0.0,18,669.8,681.6,1,675.2,673.0,0.0,0.0,0.0,0.0,75
2023-05-11 09:52:44,MO2403-P-7000,MO2403-P-7000,675.2,0.0,0.0,0.0,1,670.4,681.6,1,675.2,673.0,0.0,0.0,0.0,0.0,75
2023-05-11 09:52:45,MO2403-P-7000,MO2403-P-7000,675.2,0.0,0.0,0.0,1,670.4,681.8,21,675.2,673.0,0.0,0.0,0.0,0.0,75
2023-05-11 09:52:46,MO2403-P-7000,MO2403-P-7000,675.2,0.0,0.0,0.0,1,670.4,681.8,6,675.2,673.0,0.0,0.0,0.0,0.0,75
2023-05-11 09:52:50,MO2403-P-7000,MO2403-P-7000,675.2,0.0,0.0,0.0,1,670.4,681.6,1,675.2,673.0,0.0,0.0,0.0,0.0,75
2023-05-11 09:52:53,MO2403-P-7000,MO2403-P-7000,675.2,0.0,0.0,0.0,1,670.4,681.8,21,675.2,673.0,0.0,0.0,0.0,0.0,75
2023-05-11 09:52:53,MO2403-P-7000,MO2403-P-7000,675.2,0.0,0.0,0.0,1,670.4,681.8,6,675.2,673.0,0.0,0.0,0.0,0.0,75
2023-05-11 09:52:59,MO2403-P-7000,MO2403-P-7000,675.2,0.0,0.0,0.0,7,670.4,681.8,6,675.2,673.0,0.0,0.0,0.0,0.0,75
2023-05-11 09:53:08,MO2403-P-7000,MO2403-P-7000,675.2,0.0,0.0,0.0,6,671.2,681.8,6,675.2,673.0,0.0,0.0,0.0,0.0,75
2023-05-11 09:53:08,MO2403-P-7000,MO2403-P-7000,675.2,0.0,0.0,0.0,1,671.8,681.8,6,675.2,673.0,0.0,0.0,0.0,0.0,75
2023-05-11 09:53:09,MO2403-P-7000,MO2403-P-7000,675.2,0.0,0.0,0.0,13,671.8,681.8,6,675.2,673.0,0.0,0.0,0.0,0.0,75
2023-05-11 09:53:10,MO2403-P-7000,MO2403-P-7000,675.2,0.0,0.0,0.0,6,672.0,681.8,6,675.2,673.0,0.0,0.0,0.0,0.0,75
2023-05-11 09:53:10,MO2403-P-7000,MO2403-P-7000,675.2,0.0,0.0,0.0,1,672.6,681.8,6,675.2,673.0,0.0,0.0,0.0,0.0,75
2023-05-11 09:53:13,MO2403-P-7000,MO2403-P-7000,675.2,0.0,0.0,0.0,7,672.6,681.8,6,675.2,673.0,0.0,0.0,0.0,0.0,75
2023-05-11 09:53:14,MO2403-P-7000,MO2403-P-7000,675.2,0.0,0.0,0.0,7,672.6,683.2,13,675.2,673.0,0.0,0.0,0.0,0.0,75
2023-05-11 09:53:14,MO2403-P-7000,MO2403-P-7000,675.2,0.0,0.0,0.0,7,672.6,683.2,7,675.2,673.0,0.0,0.0,0.0,0.0,75
2023-05-11 09:53:15,MO2403-P-7000,MO2403-P-7000,675.2,0.0,0.0,0.0,7,672.6,683.2,1,675.2,673.0,0.0,0.0,0.0,0.0,75
2023-05-11 09:53:28,MO2403-P-7000,MO2403-P-7000,675.2,0.0,0.0,0.0,8,672.6,683.2,1,675.2,673.0,0.0,0.0,0.0,0.0,75
2023-05-11 09:53:30,MO2403-P-7000,MO2403-P-7000,675.2,0.0,0.0,0.0,6,673.0,683.2,1,675.2,673.0,0.0,0.0,0.0,0.0,75
2023-05-11 09:53:30,MO2403-P-7000,MO2403-P-7000,675.2,0.0,0.0,0.0,1,673.6,683.2,1,675.2,673.0,0.0,0.0,0.0,0.0,75
2023-05-11 09:53:32,MO2403-P-7000,MO2403-P-7000,675.2,0.0,0.0,0.0,7,673.6,683.2,1,675.2,673.0,0.0,0.0,0.0,0.0,75
2023-05-11 09:53:33,MO2403-P-7000,MO2403-P-7000,675.2,0.0,0.0,0.0,8,673.6,683.2,1,675.2,673.0,0.0,0.0,0.0,0.0,75
2023-05-11 09:53:36,MO2403-P-7000,MO2403-P-7000,675.2,0.0,0.0,0.0,14,673.6,683.2,1,675.2,673.0,0.0,0.0,0.0,0.0,75
2023-05-11 09:53:38,MO2403-P-7000,MO2403-P-7000,675.2,0.0,0.0,0.0,14,673.6,684.6,12,675.2,673.0,0.0,0.0,0.0,0.0,75
2023-05-11 09:53:39,MO2403-P-7000,MO2403-P-7000,675.2,0.0,0.0,0.0,14,673.6,684.8,6,675.2,673.0,0.0,0.0,0.0,0.0,75
2023-05-11 09:53:39,MO2403-P-7000,MO2403-P-7000,675.2,0.0,0.0,0.0,14,673.6,685.6,48,675.2,673.0,0.0,0.0,0.0,0.0,75
2023-05-11 09:53:40,MO2403-P-7000,MO2403-P-7000,675.2,0.0,0.0,0.0,14,673.6,685.6,30,675.2,673.0,0.0,0.0,0.0,0.0,75
2023-05-11 09:53:40,MO2403-P-7000,MO2403-P-7000,675.2,0.0,0.0,0.0,6,673.8,685.6,18,675.2,673.0,0.0,0.0,0.0,0.0,75
2023-05-11 09:53:41,MO2403-P-7000,MO2403-P-7000,675.2,0.0,0.0,0.0,1,674.4,685.6,18,675.2,673.0,0.0,0.0,0.0,0.0,75
2023-05-11 09:53:41,MO2403-P-7000,MO2403-P-7000,675.2,0.0,0.0,0.0,1,674.4,685.6,12,675.2,673.0,0.0,0.0,0.0,0.0,75
2023-05-11 09:53:42,MO2403-P-7000,MO2403-P-7000,675.2,0.0,0.0,0.0,7,674.4,685.6,6,675.2,673.0,0.0,0.0,0.0,0.0,75
2023-05-11 09:53:43,MO2403-P-7000,MO2403-P-7000,675.2,0.0,0.0,0.0,8,674.4,685.6,6,675.2,673.0,0.0,0.0,0.0,0.0,75
2023-05-11 09:53:50,MO2403-P-7000,MO2403-P-7000,675.2,0.0,0.0,0.0,2,674.4,685.6,6,675.2,673.0,0.0,0.0,0.0,0.0,75
2023-05-11 09:53:53,MO2403-P-7000,MO2403-P-7000,675.2,0.0,0.0,0.0,1,674.6,685.6,6,675.2,673.0,0.0,0.0,0.0,0.0,75
2023-05-11 09:53:55,MO2403-P-7000,MO2403-P-7000,675.2,0.0,0.0,0.0,1,674.8,685.6,6,675.2,673.0,0.0,0.0,0.0,0.0,75
2023-05-11 09:53:56,MO2403-P-7000,MO2403-P-7000,675.2,0.0,0.0,0.0,1,674.6,685.6,6,675.2,673.0,0.0,0.0,0.0,0.0,75
2023-05-11 09:53:56,MO2403-P-7000,MO2403-P-7000,675.2,0.0,0.0,0.0,1,675.2,685.6,6,675.2,673.0,0.0,0.0,0.0,0.0,75
2023-05-11 09:53:57,MO2403-P-7000,MO2403-P-7000,675.2,0.0,0.0,0.0,1,674.6,685.6,6,675.2,673.0,0.0,0.0,0.0,0.0,75
2023-05-11 09:53:57,MO2403-P-7000,MO2403-P-7000,675.2,0.0,0.0,0.0,1,675.0,685.6,6,675.2,673.0,0.0,0.0,0.0,0.0,75
2023-05-11 09:54:01,MO2403-P-7000,MO2403-P-7000,675.2,0.0,0.0,0.0,1,674.6,685.6,6,675.2,673.0,0.0,0.0,0.0,0.0,75
2023-05-11 09:54:01,MO2403-P-7000,MO2403-P-7000,675.2,0.0,0.0,0.0,1,675.0,685.6,6,675.2,673.0,0.0,0.0,0.0,0.0,75
2023-05-11 09:54:02,MO2403-P-7000,MO2403-P-7000,675.2,0.0,0.0,0.0,6,673.8,685.6,6,675.2,673.0,0.0,0.0,0.0,0.0,75
2023-05-11 09:54:02,MO2403-P-7000,MO2403-P-7000,675.2,0.0,0.0,0.0,1,674.2,685.6,12,675.2,673.0,0.0,0.0,0.0,0.0,75
2023-05-11 09:54:03,MO2403-P-7000,MO2403-P-7000,675.2,0.0,0.0,0.0,1,673.8,685.6,12,675.2,673.0,0.0,0.0,0.0,0.0,75
2023-05-11 09:54:04,MO2403-P-7000,MO2403-P-7000,675.2,0.0,0.0,0.0,1,674.4,685.6,12,675.2,673.0,0.0,0.0,0.0,0.0,75
2023-05-11 09:54:22,MO2403-P-7000,MO2403-P-7000,675.2,0.0,0.0,0.0,2,674.4,685.6,12,675.2,673.0,0.0,0.0,0.0,0.0,75
2023-05-11 09:54:24,MO2403-P-7000,MO2403-P-7000,675.2,0.0,0.0,0.0,1,674.4,685.6,13,675.2,673.0,0.0,0.0,0.0,0.0,75
2023-05-11 09:54:25,MO2403-P-7000,MO2403-P-7000,675.2,0.0,0.0,0.0,18,673.4,685.6,13,675.2,673.0,0.0,0.0,0.0,0.0,75
2023-05-11 09:54:25,MO2403-P-7000,MO2403-P-7000,675.2,0.0,0.0,0.0,1,674.0,685.6,13,675.2,673.0,0.0,0.0,0.0,0.0,75
2023-05-11 09:54:30,MO2403-P-7000,MO2403-P-7000,675.2,0.0,0.0,0.0,2,674.0,685.6,13,675.2,673.0,0.0,0.0,0.0,0.0,75
2023-05-11 09:54:34,MO2403-P-7000,MO2403-P-7000,675.2,0.0,0.0,0.0,2,674.0,685.4,1,675.2,673.0,0.0,0.0,0.0,0.0,75
2023-05-11 09:54:35,MO2403-P-7000,MO2403-P-7000,675.2,0.0,0.0,0.0,2,674.0,685.6,29,675.2,673.0,0.0,0.0,0.0,0.0,75
2023-05-11 09:54:35,MO2403-P-7000,MO2403-P-7000,675.2,0.0,0.0,0.0,2,674.0,685.6,14,675.2,673.0,0.0,0.0,0.0,0.0,75
