time,symbol_id,symbol_name,last,trade_volume,trade_amount,open_interest_change,bv1,bp1,ap1,av1,yesterday_close,today_open,today_high,today_low,volume,amount,open_interest
2023-05-11 09:29:00,MO2403-P-6800,MO2403-P-6800,536.0,0.0,0.0,0.0,1,483.6,583.6,1,536.0,0.0,0.0,0.0,0.0,0.0,229
2023-05-11 09:30:00,MO2403-P-6800,MO2403-P-6800,536.0,0.0,0.0,0.0,1,490.6,583.6,2,536.0,0.0,0.0,0.0,0.0,0.0,229
2023-05-11 09:30:01,MO2403-P-6800,MO2403-P-6800,536.0,0.0,0.0,0.0,2,490.6,583.6,2,536.0,0.0,0.0,0.0,0.0,0.0,229
2023-05-11 09:30:01,MO2403-P-6800,MO2403-P-6800,536.0,0.0,0.0,0.0,1,500.0,582.8,1,536.0,0.0,0.0,0.0,0.0,0.0,229
2023-05-11 09:30:02,MO2403-P-6800,MO2403-P-6800,536.0,0.0,0.0,0.0,3,500.0,582.8,1,536.0,0.0,0.0,0.0,0.0,0.0,229
2023-05-11 09:30:10,MO2403-P-6800,MO2403-P-6800,536.0,0.0,0.0,0.0,3,500.0,582.8,2,536.0,0.0,0.0,0.0,0.0,0.0,229
2023-05-11 09:30:11,MO2403-P-6800,MO2403-P-6800,536.0,0.0,0.0,0.0,4,500.0,582.8,2,536.0,0.0,0.0,0.0,0.0,0.0,229
2023-05-11 09:30:15,MO2403-P-6800,MO2403-P-6800,536.0,0.0,0.0,0.0,5,500.0,582.8,2,536.0,0.0,0.0,0.0,0.0,0.0,229
2023-05-11 09:30:16,MO2403-P-6800,MO2403-P-6800,536.0,0.0,0.0,0.0,4,500.0,582.8,2,536.0,0.0,0.0,0.0,0.0,0.0,229
2023-05-11 09:30:17,MO2403-P-6800,MO2403-P-6800,536.0,0.0,0.0,0.0,5,500.0,582.8,2,536.0,0.0,0.0,0.0,0.0,0.0,229
2023-05-11 09:30:18,MO2403-P-6800,MO2403-P-6800,536.0,0.0,0.0,0.0,4,500.0,582.8,2,536.0,0.0,0.0,0.0,0.0,0.0,229
2023-05-11 09:30:20,MO2403-P-6800,MO2403-P-6800,536.0,0.0,0.0,0.0,4,500.0,582.6,1,536.0,0.0,0.0,0.0,0.0,0.0,229
2023-05-11 09:30:21,MO2403-P-6800,MO2403-P-6800,536.0,0.0,0.0,0.0,1,500.2,574.6,1,536.0,0.0,0.0,0.0,0.0,0.0,229
2023-05-11 09:30:22,MO2403-P-6800,MO2403-P-6800,536.0,0.0,0.0,0.0,1,508.2,574.6,1,536.0,0.0,0.0,0.0,0.0,0.0,229
2023-05-11 09:30:23,MO2403-P-6800,MO2403-P-6800,536.0,0.0,0.0,0.0,1,508.2,552.2,6,536.0,0.0,0.0,0.0,0.0,0.0,229
2023-05-11 09:30:24,MO2403-P-6800,MO2403-P-6800,536.0,0.0,0.0,0.0,7,508.2,552.2,6,536.0,0.0,0.0,0.0,0.0,0.0,229
2023-05-11 09:30:25,MO2403-P-6800,MO2403-P-6800,536.0,0.0,0.0,0.0,7,508.2,544.2,1,536.0,0.0,0.0,0.0,0.0,0.0,229
2023-05-11 09:30:26,MO2403-P-6800,MO2403-P-6800,536.0,0.0,0.0,0.0,6,521.4,540.6,6,536.0,0.0,0.0,0.0,0.0,0.0,229
2023-05-11 09:30:26,MO2403-P-6800,MO2403-P-6800,536.0,0.0,0.0,0.0,6,521.4,532.6,1,536.0,0.0,0.0,0.0,0.0,0.0,229
2023-05-11 09:30:28,MO2403-P-6800,MO2403-P-6800,536.0,0.0,0.0,0.0,6,521.6,532.6,1,536.0,0.0,0.0,0.0,0.0,0.0,229
2023-05-11 09:30:29,MO2403-P-6800,MO2403-P-6800,536.0,0.0,0.0,0.0,6,521.4,532.6,1,536.0,0.0,0.0,0.0,0.0,0.0,229
2023-05-11 09:30:29,MO2403-P-6800,MO2403-P-6800,536.0,0.0,0.0,0.0,6,521.2,532.6,1,536.0,0.0,0.0,0.0,0.0,0.0,229
2023-05-11 09:30:30,MO2403-P-6800,MO2403-P-6800,536.0,0.0,0.0,0.0,12,518.6,532.6,1,536.0,0.0,0.0,0.0,0.0,0.0,229
2023-05-11 09:30:31,MO2403-P-6800,MO2403-P-6800,536.0,0.0,0.0,0.0,1,518.8,532.6,1,536.0,0.0,0.0,0.0,0.0,0.0,229
2023-05-11 09:30:36,MO2403-P-6800,MO2403-P-6800,536.0,0.0,0.0,0.0,8,518.8,532.6,1,536.0,0.0,0.0,0.0,0.0,0.0,229
2023-05-11 09:30:38,MO2403-P-6800,MO2403-P-6800,536.0,0.0,0.0,0.0,7,518.8,532.6,1,536.0,0.0,0.0,0.0,0.0,0.0,229
2023-05-11 09:30:41,MO2403-P-6800,MO2403-P-6800,536.0,0.0,0.0,0.0,6,518.8,532.6,1,536.0,0.0,0.0,0.0,0.0,0.0,229
2023-05-11 09:30:48,MO2403-P-6800,MO2403-P-6800,536.0,0.0,0.0,0.0,1,519.4,532.6,1,536.0,0.0,0.0,0.0,0.0,0.0,229
2023-05-11 09:31:03,MO2403-P-6800,MO2403-P-6800,536.0,0.0,0.0,0.0,2,519.4,532.6,1,536.0,0.0,0.0,0.0,0.0,0.0,229
2023-05-11 09:31:12,MO2403-P-6800,MO2403-P-6800,536.0,0.0,0.0,0.0,1,519.4,532.6,1,536.0,0.0,0.0,0.0,0.0,0.0,229
2023-05-11 09:31:13,MO2403-P-6800,MO2403-P-6800,536.0,0.0,0.0,0.0,1,519.6,532.6,2,536.0,0.0,0.0,0.0,0.0,0.0,229
2023-05-11 09:31:13,MO2403-P-6800,MO2403-P-6800,536.0,0.0,0.0,0.0,1,519.6,524.6,1,536.0,0.0,0.0,0.0,0.0,0.0,229
2023-05-11 09:31:15,MO2403-P-6800,MO2403-P-6800,536.0,0.0,0.0,0.0,1,519.0,524.6,1,536.0,0.0,0.0,0.0,0.0,0.0,229
2023-05-11 09:31:19,MO2403-P-6800,MO2403-P-6800,536.0,0.0,0.0,0.0,1,519.0,525.0,15,536.0,0.0,0.0,0.0,0.0,0.0,229
2023-05-11 09:31:20,MO2403-P-6800,MO2403-P-6800,536.0,0.0,0.0,0.0,1,519.0,525.4,1,536.0,0.0,0.0,0.0,0.0,0.0,229
2023-05-11 09:31:25,MO2403-P-6800,MO2403-P-6800,536.0,0.0,0.0,0.0,1,519.2,525.4,1,536.0,0.0,0.0,0.0,0.0,0.0,229
2023-05-11 09:31:31,MO2403-P-6800,MO2403-P-6800,536.0,0.0,0.0,0.0,1,519.6,525.4,1,536.0,0.0,0.0,0.0,0.0,0.0,229
2023-05-11 09:31:32,MO2403-P-6800,MO2403-P-6800,536.0,0.0,0.0,0.0,2,519.6,525.4,1,536.0,0.0,0.0,0.0,0.0,0.0,229
2023-05-11 09:31:33,MO2403-P-6800,MO2403-P-6800,536.0,0.0,0.0,0.0,2,519.6,527.0,15,536.0,0.0,0.0,0.0,0.0,0.0,229
2023-05-11 09:31:33,MO2403-P-6800,MO2403-P-6800,536.0,0.0,0.0,0.0,1,520.8,526.8,1,536.0,0.0,0.0,0.0,0.0,0.0,229
2023-05-11 09:31:45,MO2403-P-6800,MO2403-P-6800,536.0,0.0,0.0,0.0,1,520.8,527.0,15,536.0,0.0,0.0,0.0,0.0,0.0,229
2023-05-11 09:31:46,MO2403-P-6800,MO2403-P-6800,536.0,0.0,0.0,0.0,1,520.8,527.6,1,536.0,0.0,0.0,0.0,0.0,0.0,229
2023-05-11 09:31:48,MO2403-P-6800,MO2403-P-6800,536.0,0.0,0.0,0.0,1,520.8,529.4,15,536.0,0.0,0.0,0.0,0.0,0.0,229
2023-05-11 09:31:48,MO2403-P-6800,MO2403-P-6800,536.0,0.0,0.0,0.0,1,520.8,529.2,1,536.0,0.0,0.0,0.0,0.0,0.0,229
2023-05-11 09:31:49,MO2403-P-6800,MO2403-P-6800,536.0,0.0,0.0,0.0,7,520.8,529.2,1,536.0,0.0,0.0,0.0,0.0,0.0,229
2023-05-11 09:31:50,MO2403-P-6800,MO2403-P-6800,536.0,0.0,0.0,0.0,1,523.6,529.2,1,536.0,0.0,0.0,0.0,0.0,0.0,229
2023-05-11 09:31:58,MO2403-P-6800,MO2403-P-6800,536.0,0.0,0.0,0.0,1,522.8,529.2,1,536.0,0.0,0.0,0.0,0.0,0.0,229
2023-05-11 09:32:01,MO2403-P-6800,MO2403-P-6800,536.0,0.0,0.0,0.0,12,521.4,529.2,1,536.0,0.0,0.0,0.0,0.0,0.0,229
2023-05-11 09:32:02,MO2403-P-6800,MO2403-P-6800,536.0,0.0,0.0,0.0,1,522.2,529.2,1,536.0,0.0,0.0,0.0,0.0,0.0,229
2023-05-11 09:32:04,MO2403-P-6800,MO2403-P-6800,536.0,0.0,0.0,0.0,1,521.4,529.2,1,536.0,0.0,0.0,0.0,0.0,0.0,229
2023-05-11 09:32:05,MO2403-P-6800,MO2403-P-6800,536.0,0.0,0.0,0.0,1,522.0,529.2,1,536.0,0.0,0.0,0.0,0.0,0.0,229
2023-05-11 09:32:08,MO2403-P-6800,MO2403-P-6800,536.0,0.0,0.0,0.0,1,521.4,529.2,1,536.0,0.0,0.0,0.0,0.0,0.0,229
2023-05-11 09:32:12,MO2403-P-6800,MO2403-P-6800,536.0,0.0,0.0,0.0,1,521.6,529.2,1,536.0,0.0,0.0,0.0,0.0,0.0,229
2023-05-11 09:32:15,MO2403-P-6800,MO2403-P-6800,536.0,0.0,0.0,0.0,1,522.0,529.2,1,536.0,0.0,0.0,0.0,0.0,0.0,229
2023-05-11 09:32:18,MO2403-P-6800,MO2403-P-6800,536.0,0.0,0.0,0.0,7,522.0,529.4,15,536.0,0.0,0.0,0.0,0.0,0.0,229
2023-05-11 09:32:19,MO2403-P-6800,MO2403-P-6800,536.0,0.0,0.0,0.0,1,524.6,529.8,1,536.0,0.0,0.0,0.0,0.0,0.0,229
2023-05-11 09:32:22,MO2403-P-6800,MO2403-P-6800,536.0,0.0,0.0,0.0,1,524.6,530.4,15,536.0,0.0,0.0,0.0,0.0,0.0,229
2023-05-11 09:32:23,MO2403-P-6800,MO2403-P-6800,536.0,0.0,0.0,0.0,1,524.6,530.4,1,536.0,0.0,0.0,0.0,0.0,0.0,229
2023-05-11 09:32:27,MO2403-P-6800,MO2403-P-6800,536.0,0.0,0.0,0.0,1,524.6,530.6,15,536.0,0.0,0.0,0.0,0.0,0.0,229
2023-05-11 09:32:28,MO2403-P-6800,MO2403-P-6800,536.0,0.0,0.0,0.0,1,524.6,531.0,12,536.0,0.0,0.0,0.0,0.0,0.0,229
2023-05-11 09:32:28,MO2403-P-6800,MO2403-P-6800,536.0,0.0,0.0,0.0,1,524.6,530.6,1,536.0,0.0,0.0,0.0,0.0,0.0,229
2023-05-11 09:32:30,MO2403-P-6800,MO2403-P-6800,536.0,0.0,0.0,0.0,1,524.6,530.8,15,536.0,0.0,0.0,0.0,0.0,0.0,229
2023-05-11 09:32:31,MO2403-P-6800,MO2403-P-6800,536.0,0.0,0.0,0.0,1,524.6,530.6,1,536.0,0.0,0.0,0.0,0.0,0.0,229
2023-05-11 09:32:32,MO2403-P-6800,MO2403-P-6800,536.0,0.0,0.0,0.0,1,524.6,530.8,15,536.0,0.0,0.0,0.0,0.0,0.0,229
2023-05-11 09:32:32,MO2403-P-6800,MO2403-P-6800,536.0,0.0,0.0,0.0,1,524.6,531.2,6,536.0,0.0,0.0,0.0,0.0,0.0,229
2023-05-11 09:32:33,MO2403-P-6800,MO2403-P-6800,536.0,0.0,0.0,0.0,6,524.6,531.4,28,536.0,0.0,0.0,0.0,0.0,0.0,229
2023-05-11 09:32:33,MO2403-P-6800,MO2403-P-6800,536.0,0.0,0.0,0.0,1,526.0,531.4,1,536.0,0.0,0.0,0.0,0.0,0.0,229
2023-05-11 09:32:34,MO2403-P-6800,MO2403-P-6800,536.0,0.0,0.0,0.0,1,526.0,532.2,1,536.0,0.0,0.0,0.0,0.0,0.0,229
2023-05-11 09:32:34,MO2403-P-6800,MO2403-P-6800,536.0,0.0,0.0,0.0,1,526.0,532.6,15,536.0,0.0,0.0,0.0,0.0,0.0,229
2023-05-11 09:32:35,MO2403-P-6800,MO2403-P-6800,536.0,0.0,0.0,0.0,8,526.0,533.0,18,536.0,0.0,0.0,0.0,0.0,0.0,229
2023-05-11 09:32:35,MO2403-P-6800,MO2403-P-6800,536.0,0.0,0.0,0.0,8,526.0,533.2,21,536.0,0.0,0.0,0.0,0.0,0.0,229
2023-05-11 09:32:36,MO2403-P-6800,MO2403-P-6800,536.0,0.0,0.0,0.0,1,527.2,532.6,1,536.0,0.0,0.0,0.0,0.0,0.0,229
2023-05-11 09:32:38,MO2403-P-6800,MO2403-P-6800,536.0,0.0,0.0,0.0,1,527.2,533.2,1,536.0,0.0,0.0,0.0,0.0,0.0,229
2023-05-11 09:32:50,MO2403-P-6800,MO2403-P-6800,536.0,0.0,0.0,0.0,33,526.6,533.2,1,536.0,0.0,0.0,0.0,0.0,0.0,229
2023-05-11 09:32:51,MO2403-P-6800,MO2403-P-6800,536.0,0.0,0.0,0.0,12,526.6,533.2,1,536.0,0.0,0.0,0.0,0.0,0.0,229
2023-05-11 09:32:51,MO2403-P-6800,MO2403-P-6800,536.0,0.0,0.0,0.0,21,526.4,533.2,1,536.0,0.0,0.0,0.0,0.0,0.0,229
2023-05-11 09:32:52,MO2403-P-6800,MO2403-P-6800,536.0,0.0,0.0,0.0,6,526.4,533.2,1,536.0,0.0,0.0,0.0,0.0,0.0,229
2023-05-11 09:32:52,MO2403-P-6800,MO2403-P-6800,536.0,0.0,0.0,0.0,22,526.2,533.2,1,536.0,0.0,0.0,0.0,0.0,0.0,229
2023-05-11 09:32:53,MO2403-P-6800,MO2403-P-6800,536.0,0.0,0.0,0.0,7,526.2,533.2,1,536.0,0.0,0.0,0.0,0.0,0.0,229
2023-05-11 09:32:53,MO2403-P-6800,MO2403-P-6800,536.0,0.0,0.0,0.0,1,526.2,533.2,1,536.0,0.0,0.0,0.0,0.0,0.0,229
2023-05-11 09:32:55,MO2403-P-6800,MO2403-P-6800,536.0,0.0,0.0,0.0,2,526.2,533.2,1,536.0,0.0,0.0,0.0,0.0,0.0,229
2023-05-11 09:33:03,MO2403-P-6800,MO2403-P-6800,536.0,0.0,0.0,0.0,1,527.6,533.2,1,536.0,0.0,0.0,0.0,0.0,0.0,229
2023-05-11 09:33:03,MO2403-P-6800,MO2403-P-6800,536.0,0.0,0.0,0.0,2,527.6,533.2,1,536.0,0.0,0.0,0.0,0.0,0.0,229
2023-05-11 09:33:08,MO2403-P-6800,MO2403-P-6800,536.0,0.0,0.0,0.0,1,527.6,533.2,1,536.0,0.0,0.0,0.0,0.0,0.0,229
2023-05-11 09:33:13,MO2403-P-6800,MO2403-P-6800,536.0,0.0,0.0,0.0,1,527.8,533.2,1,536.0,0.0,0.0,0.0,0.0,0.0,229
2023-05-11 09:33:19,MO2403-P-6800,MO2403-P-6800,536.0,0.0,0.0,0.0,1,527.0,533.2,1,536.0,0.0,0.0,0.0,0.0,0.0,229
2023-05-11 09:33:24,MO2403-P-6800,MO2403-P-6800,536.0,0.0,0.0,0.0,1,527.6,533.2,1,536.0,0.0,0.0,0.0,0.0,0.0,229
2023-05-11 09:33:26,MO2403-P-6800,MO2403-P-6800,536.0,0.0,0.0,0.0,2,527.0,533.2,1,536.0,0.0,0.0,0.0,0.0,0.0,229
2023-05-11 09:33:30,MO2403-P-6800,MO2403-P-6800,536.0,0.0,0.0,0.0,1,527.0,533.2,1,536.0,0.0,0.0,0.0,0.0,0.0,229
2023-05-11 09:33:32,MO2403-P-6800,MO2403-P-6800,536.0,0.0,0.0,0.0,1,527.0,533.2,6,536.0,0.0,0.0,0.0,0.0,0.0,229
2023-05-11 09:33:32,MO2403-P-6800,MO2403-P-6800,536.0,0.0,0.0,0.0,1,527.0,531.4,1,536.0,0.0,0.0,0.0,0.0,0.0,229
2023-05-11 09:33:34,MO2403-P-6800,MO2403-P-6800,536.0,0.0,0.0,0.0,1,526.2,531.4,1,536.0,0.0,0.0,0.0,0.0,0.0,229
2023-05-11 09:33:35,MO2403-P-6800,MO2403-P-6800,536.0,0.0,0.0,0.0,6,525.8,531.4,1,536.0,0.0,0.0,0.0,0.0,0.0,229
2023-05-11 09:33:36,MO2403-P-6800,MO2403-P-6800,536.0,0.0,0.0,0.0,6,525.6,531.4,1,536.0,0.0,0.0,0.0,0.0,0.0,229
2023-05-11 09:33:36,MO2403-P-6800,MO2403-P-6800,536.0,0.0,0.0,0.0,25,525.2,531.4,1,536.0,0.0,0.0,0.0,0.0,0.0,229
2023-05-11 09:33:37,MO2403-P-6800,MO2403-P-6800,536.0,0.0,0.0,0.0,7,525.2,531.4,1,536.0,0.0,0.0,0.0,0.0,0.0,229
2023-05-11 09:33:37,MO2403-P-6800,MO2403-P-6800,536.0,0.0,0.0,0.0,1,525.2,531.4,1,536.0,0.0,0.0,0.0,0.0,0.0,229
2023-05-11 09:33:40,MO2403-P-6800,MO2403-P-6800,536.0,0.0,0.0,0.0,18,524.8,531.4,1,536.0,0.0,0.0,0.0,0.0,0.0,229
2023-05-11 09:33:41,MO2403-P-6800,MO2403-P-6800,536.0,0.0,0.0,0.0,12,524.8,531.4,1,536.0,0.0,0.0,0.0,0.0,0.0,229
2023-05-11 09:33:42,MO2403-P-6800,MO2403-P-6800,536.0,0.0,0.0,0.0,6,524.8,531.4,1,536.0,0.0,0.0,0.0,0.0,0.0,229
2023-05-11 09:33:43,MO2403-P-6800,MO2403-P-6800,536.0,0.0,0.0,0.0,8,524.6,531.4,1,536.0,0.0,0.0,0.0,0.0,0.0,229
2023-05-11 09:33:44,MO2403-P-6800,MO2403-P-6800,536.0,0.0,0.0,0.0,2,524.6,531.4,1,536.0,0.0,0.0,0.0,0.0,0.0,229
2023-05-11 09:33:46,MO2403-P-6800,MO2403-P-6800,536.0,0.0,0.0,0.0,1,524.6,531.4,1,536.0,0.0,0.0,0.0,0.0,0.0,229
2023-05-11 09:33:55,MO2403-P-6800,MO2403-P-6800,536.0,0.0,0.0,0.0,1,524.6,531.6,15,536.0,0.0,0.0,0.0,0.0,0.0,229
2023-05-11 09:33:56,MO2403-P-6800,MO2403-P-6800,536.0,0.0,0.0,0.0,1,524.6,531.6,1,536.0,0.0,0.0,0.0,0.0,0.0,229
2023-05-11 09:33:56,MO2403-P-6800,MO2403-P-6800,536.0,0.0,0.0,0.0,2,524.6,531.8,26,536.0,0.0,0.0,0.0,0.0,0.0,229
2023-05-11 09:33:57,MO2403-P-6800,MO2403-P-6800,536.0,0.0,0.0,0.0,1,526.4,531.8,5,536.0,0.0,0.0,0.0,0.0,0.0,229
2023-05-11 09:33:57,MO2403-P-6800,MO2403-P-6800,536.0,0.0,0.0,0.0,1,526.4,532.0,27,536.0,0.0,0.0,0.0,0.0,0.0,229
2023-05-11 09:33:58,MO2403-P-6800,MO2403-P-6800,536.0,0.0,0.0,0.0,1,526.4,532.2,21,536.0,0.0,0.0,0.0,0.0,0.0,229
2023-05-11 09:33:58,MO2403-P-6800,MO2403-P-6800,536.0,0.0,0.0,0.0,1,526.4,531.8,1,536.0,0.0,0.0,0.0,0.0,0.0,229
2023-05-11 09:34:00,MO2403-P-6800,MO2403-P-6800,536.0,0.0,0.0,0.0,1,525.2,531.8,1,536.0,0.0,0.0,0.0,0.0,0.0,229
2023-05-11 09:34:03,MO2403-P-6800,MO2403-P-6800,536.0,0.0,0.0,0.0,6,524.8,531.8,1,536.0,0.0,0.0,0.0,0.0,0.0,229
2023-05-11 09:34:04,MO2403-P-6800,MO2403-P-6800,536.0,0.0,0.0,0.0,13,524.6,531.8,1,536.0,0.0,0.0,0.0,0.0,0.0,229
2023-05-11 09:34:04,MO2403-P-6800,MO2403-P-6800,536.0,0.0,0.0,0.0,7,524.6,531.8,1,536.0,0.0,0.0,0.0,0.0,0.0,229
2023-05-11 09:34:05,MO2403-P-6800,MO2403-P-6800,536.0,0.0,0.0,0.0,1,524.6,531.8,1,536.0,0.0,0.0,0.0,0.0,0.0,229
2023-05-11 09:34:06,MO2403-P-6800,MO2403-P-6800,536.0,0.0,0.0,0.0,1,524.8,531.8,1,536.0,0.0,0.0,0.0,0.0,0.0,229
2023-05-11 09:34:09,MO2403-P-6800,MO2403-P-6800,536.0,0.0,0.0,0.0,1,525.2,531.8,1,536.0,0.0,0.0,0.0,0.0,0.0,229
2023-05-11 09:34:11,MO2403-P-6800,MO2403-P-6800,536.0,0.0,0.0,0.0,1,524.8,531.8,1,536.0,0.0,0.0,0.0,0.0,0.0,229
2023-05-11 09:34:16,MO2403-P-6800,MO2403-P-6800,536.0,0.0,0.0,0.0,1,525.0,531.8,1,536.0,0.0,0.0,0.0,0.0,0.0,229
2023-05-11 09:34:17,MO2403-P-6800,MO2403-P-6800,536.0,0.0,0.0,0.0,1,525.6,531.8,1,536.0,0.0,0.0,0.0,0.0,0.0,229
2023-05-11 09:34:21,MO2403-P-6800,MO2403-P-6800,536.0,0.0,0.0,0.0,2,525.0,531.8,1,536.0,0.0,0.0,0.0,0.0,0.0,229
2023-05-11 09:34:26,MO2403-P-6800,MO2403-P-6800,536.0,0.0,0.0,0.0,1,525.2,531.8,1,536.0,0.0,0.0,0.0,0.0,0.0,229
2023-05-11 09:34:34,MO2403-P-6800,MO2403-P-6800,536.0,0.0,0.0,0.0,1,526.2,531.8,1,536.0,0.0,0.0,0.0,0.0,0.0,229
2023-05-11 09:34:38,MO2403-P-6800,MO2403-P-6800,536.0,0.0,0.0,0.0,1,525.2,531.8,1,536.0,0.0,0.0,0.0,0.0,0.0,229
2023-05-11 09:34:38,MO2403-P-6800,MO2403-P-6800,536.0,0.0,0.0,0.0,1,525.4,531.8,1,536.0,0.0,0.0,0.0,0.0,0.0,229
2023-05-11 09:34:48,MO2403-P-6800,MO2403-P-6800,536.0,0.0,0.0,0.0,1,525.6,531.8,1,536.0,0.0,0.0,0.0,0.0,0.0,229
2023-05-11 09:34:58,MO2403-P-6800,MO2403-P-6800,536.0,0.0,0.0,0.0,1,525.8,531.8,1,536.0,0.0,0.0,0.0,0.0,0.0,229
2023-05-11 09:35:01,MO2403-P-6800,MO2403-P-6800,536.0,0.0,0.0,0.0,1,526.2,531.8,1,536.0,0.0,0.0,0.0,0.0,0.0,229
2023-05-11 09:35:02,MO2403-P-6800,MO2403-P-6800,536.0,0.0,0.0,0.0,1,526.2,532.0,15,536.0,0.0,0.0,0.0,0.0,0.0,229
2023-05-11 09:35:02,MO2403-P-6800,MO2403-P-6800,536.0,0.0,0.0,0.0,1,526.2,532.4,12,536.0,0.0,0.0,0.0,0.0,0.0,229
2023-05-11 09:35:03,MO2403-P-6800,MO2403-P-6800,536.0,0.0,0.0,0.0,1,526.2,532.6,15,536.0,0.0,0.0,0.0,0.0,0.0,229
2023-05-11 09:35:03,MO2403-P-6800,MO2403-P-6800,536.0,0.0,0.0,0.0,6,526.2,532.8,18,536.0,0.0,0.0,0.0,0.0,0.0,229
2023-05-11 09:35:04,MO2403-P-6800,MO2403-P-6800,536.0,0.0,0.0,0.0,1,527.6,533.0,15,536.0,0.0,0.0,0.0,0.0,0.0,229
2023-05-11 09:35:04,MO2403-P-6800,MO2403-P-6800,536.0,0.0,0.0,0.0,1,527.6,533.2,19,536.0,0.0,0.0,0.0,0.0,0.0,229
2023-05-11 09:35:05,MO2403-P-6800,MO2403-P-6800,536.0,0.0,0.0,0.0,1,527.6,533.2,1,536.0,0.0,0.0,0.0,0.0,0.0,229
2023-05-11 09:35:06,MO2403-P-6800,MO2403-P-6800,536.0,0.0,0.0,0.0,1,527.6,533.4,16,536.0,0.0,0.0,0.0,0.0,0.0,229
2023-05-11 09:35:06,MO2403-P-6800,MO2403-P-6800,536.0,0.0,0.0,0.0,1,527.6,534.2,33,536.0,0.0,0.0,0.0,0.0,0.0,229
2023-05-11 09:35:07,MO2403-P-6800,MO2403-P-6800,536.0,0.0,0.0,0.0,1,527.6,533.8,1,536.0,0.0,0.0,0.0,0.0,0.0,229
2023-05-11 09:35:11,MO2403-P-6800,MO2403-P-6800,536.0,0.0,0.0,0.0,1,527.4,533.8,1,536.0,0.0,0.0,0.0,0.0,0.0,229
2023-05-11 09:35:20,MO2403-P-6800,MO2403-P-6800,536.0,0.0,0.0,0.0,1,527.6,533.8,1,536.0,0.0,0.0,0.0,0.0,0.0,229
2023-05-11 09:35:21,MO2403-P-6800,MO2403-P-6800,536.0,0.0,0.0,0.0,1,528.2,533.8,1,536.0,0.0,0.0,0.0,0.0,0.0,229
2023-05-11 09:35:23,MO2403-P-6800,MO2403-P-6800,536.0,0.0,0.0,0.0,1,528.2,534.0,1,536.0,0.0,0.0,0.0,0.0,0.0,229
2023-05-11 09:35:24,MO2403-P-6800,MO2403-P-6800,536.0,0.0,0.0,0.0,6,528.2,534.0,1,536.0,0.0,0.0,0.0,0.0,0.0,229
2023-05-11 09:35:26,MO2403-P-6800,MO2403-P-6800,536.0,0.0,0.0,0.0,6,528.4,534.0,1,536.0,0.0,0.0,0.0,0.0,0.0,229
2023-05-11 09:35:26,MO2403-P-6800,MO2403-P-6800,536.0,0.0,0.0,0.0,6,528.2,534.0,1,536.0,0.0,0.0,0.0,0.0,0.0,229
2023-05-11 09:35:35,MO2403-P-6800,MO2403-P-6800,536.0,0.0,0.0,0.0,7,528.2,534.0,1,536.0,0.0,0.0,0.0,0.0,0.0,229
2023-05-11 09:35:37,MO2403-P-6800,MO2403-P-6800,536.0,0.0,0.0,0.0,7,528.2,534.2,15,536.0,0.0,0.0,0.0,0.0,0.0,229
2023-05-11 09:35:37,MO2403-P-6800,MO2403-P-6800,536.0,0.0,0.0,0.0,1,529.0,535.0,30,536.0,0.0,0.0,0.0,0.0,0.0,229
2023-05-11 09:35:38,MO2403-P-6800,MO2403-P-6800,536.0,0.0,0.0,0.0,1,529.0,536.0,15,536.0,0.0,0.0,0.0,0.0,0.0,229
2023-05-11 09:35:38,MO2403-P-6800,MO2403-P-6800,536.0,0.0,0.0,0.0,6,529.0,536.4,12,536.0,0.0,0.0,0.0,0.0,0.0,229
2023-05-11 09:35:39,MO2403-P-6800,MO2403-P-6800,536.0,0.0,0.0,0.0,1,531.0,536.6,21,536.0,0.0,0.0,0.0,0.0,0.0,229
2023-05-11 09:35:39,MO2403-P-6800,MO2403-P-6800,536.0,0.0,0.0,0.0,1,531.0,536.8,15,536.0,0.0,0.0,0.0,0.0,0.0,229
2023-05-11 09:35:40,MO2403-P-6800,MO2403-P-6800,536.0,0.0,0.0,0.0,1,531.0,537.0,13,536.0,0.0,0.0,0.0,0.0,0.0,229
2023-05-11 09:35:40,MO2403-P-6800,MO2403-P-6800,536.0,0.0,0.0,0.0,1,531.0,537.0,1,536.0,0.0,0.0,0.0,0.0,0.0,229
2023-05-11 09:35:47,MO2403-P-6800,MO2403-P-6800,536.0,0.0,0.0,0.0,5,530.4,537.0,1,536.0,0.0,0.0,0.0,0.0,0.0,229
2023-05-11 09:35:48,MO2403-P-6800,MO2403-P-6800,536.0,0.0,0.0,0.0,1,529.8,537.0,1,536.0,0.0,0.0,0.0,0.0,0.0,229
2023-05-11 09:35:51,MO2403-P-6800,MO2403-P-6800,536.0,0.0,0.0,0.0,6,529.2,537.0,1,536.0,0.0,0.0,0.0,0.0,0.0,229
2023-05-11 09:35:52,MO2403-P-6800,MO2403-P-6800,536.0,0.0,0.0,0.0,17,528.8,537.0,1,536.0,0.0,0.0,0.0,0.0,0.0,229
2023-05-11 09:35:52,MO2403-P-6800,MO2403-P-6800,536.0,0.0,0.0,0.0,6,528.8,537.0,1,536.0,0.0,0.0,0.0,0.0,0.0,229
2023-05-11 09:35:53,MO2403-P-6800,MO2403-P-6800,536.0,0.0,0.0,0.0,1,528.4,537.0,1,536.0,0.0,0.0,0.0,0.0,0.0,229
2023-05-11 09:35:55,MO2403-P-6800,MO2403-P-6800,536.0,0.0,0.0,0.0,2,528.4,537.0,1,536.0,0.0,0.0,0.0,0.0,0.0,229
2023-05-11 09:35:56,MO2403-P-6800,MO2403-P-6800,536.0,0.0,0.0,0.0,1,529.8,537.0,1,536.0,0.0,0.0,0.0,0.0,0.0,229
2023-05-11 09:36:00,MO2403-P-6800,MO2403-P-6800,536.0,0.0,0.0,0.0,2,529.8,537.0,1,536.0,0.0,0.0,0.0,0.0,0.0,229
2023-05-11 09:36:06,MO2403-P-6800,MO2403-P-6800,536.0,0.0,0.0,0.0,1,529.8,537.0,1,536.0,0.0,0.0,0.0,0.0,0.0,229
2023-05-11 09:36:10,MO2403-P-6800,MO2403-P-6800,536.0,0.0,0.0,0.0,1,530.0,537.0,1,536.0,0.0,0.0,0.0,0.0,0.0,229
2023-05-11 09:36:16,MO2403-P-6800,MO2403-P-6800,536.0,0.0,0.0,0.0,1,530.6,537.0,1,536.0,0.0,0.0,0.0,0.0,0.0,229
2023-05-11 09:36:20,MO2403-P-6800,MO2403-P-6800,536.0,0.0,0.0,0.0,2,530.6,537.0,1,536.0,0.0,0.0,0.0,0.0,0.0,229
2023-05-11 09:36:30,MO2403-P-6800,MO2403-P-6800,536.0,0.0,0.0,0.0,1,530.8,537.0,1,536.0,0.0,0.0,0.0,0.0,0.0,229
2023-05-11 09:36:39,MO2403-P-6800,MO2403-P-6800,536.0,0.0,0.0,0.0,1,531.8,537.0,1,536.0,0.0,0.0,0.0,0.0,0.0,229
2023-05-11 09:36:44,MO2403-P-6800,MO2403-P-6800,536.0,0.0,0.0,0.0,1,531.8,537.2,1,536.0,0.0,0.0,0.0,0.0,0.0,229
2023-05-11 09:36:44,MO2403-P-6800,MO2403-P-6800,536.0,0.0,0.0,0.0,1,531.8,537.6,21,536.0,0.0,0.0,0.0,0.0,0.0,229
2023-05-11 09:36:45,MO2403-P-6800,MO2403-P-6800,536.0,0.0,0.0,0.0,1,531.8,537.6,6,536.0,0.0,0.0,0.0,0.0,0.0,229
2023-05-11 09:36:45,MO2403-P-6800,MO2403-P-6800,536.0,0.0,0.0,0.0,2,531.8,537.8,12,536.0,0.0,0.0,0.0,0.0,0.0,229
2023-05-11 09:36:46,MO2403-P-6800,MO2403-P-6800,536.0,0.0,0.0,0.0,8,531.8,538.0,12,536.0,0.0,0.0,0.0,0.0,0.0,229
2023-05-11 09:36:46,MO2403-P-6800,MO2403-P-6800,536.0,0.0,0.0,0.0,1,533.6,538.2,18,536.0,0.0,0.0,0.0,0.0,0.0,229
2023-05-11 09:36:47,MO2403-P-6800,MO2403-P-6800,536.0,0.0,0.0,0.0,1,533.6,538.4,6,536.0,0.0,0.0,0.0,0.0,0.0,229
2023-05-11 09:36:47,MO2403-P-6800,MO2403-P-6800,536.0,0.0,0.0,0.0,1,533.6,539.0,1,536.0,0.0,0.0,0.0,0.0,0.0,229
2023-05-11 09:36:51,MO2403-P-6800,MO2403-P-6800,536.0,0.0,0.0,0.0,1,532.2,539.6,21,536.0,0.0,0.0,0.0,0.0,0.0,229
2023-05-11 09:36:52,MO2403-P-6800,MO2403-P-6800,536.0,0.0,0.0,0.0,1,532.2,539.0,1,536.0,0.0,0.0,0.0,0.0,0.0,229
2023-05-11 09:36:52,MO2403-P-6800,MO2403-P-6800,536.0,0.0,0.0,0.0,1,532.2,539.6,21,536.0,0.0,0.0,0.0,0.0,0.0,229
2023-05-11 09:36:53,MO2403-P-6800,MO2403-P-6800,536.0,0.0,0.0,0.0,1,532.2,539.2,1,536.0,0.0,0.0,0.0,0.0,0.0,229
2023-05-11 09:36:58,MO2403-P-6800,MO2403-P-6800,536.0,0.0,0.0,0.0,1,532.2,539.6,15,536.0,0.0,0.0,0.0,0.0,0.0,229
2023-05-11 09:36:59,MO2403-P-6800,MO2403-P-6800,536.0,0.0,0.0,0.0,1,532.2,539.8,12,536.0,0.0,0.0,0.0,0.0,0.0,229
2023-05-11 09:36:59,MO2403-P-6800,MO2403-P-6800,536.0,0.0,0.0,0.0,1,532.2,540.0,33,536.0,0.0,0.0,0.0,0.0,0.0,229
2023-05-11 09:37:00,MO2403-P-6800,MO2403-P-6800,536.0,0.0,0.0,0.0,1,532.2,539.4,1,536.0,0.0,0.0,0.0,0.0,0.0,229
2023-05-11 09:37:02,MO2403-P-6800,MO2403-P-6800,536.0,0.0,0.0,0.0,1,532.2,539.6,15,536.0,0.0,0.0,0.0,0.0,0.0,229
2023-05-11 09:37:02,MO2403-P-6800,MO2403-P-6800,536.0,0.0,0.0,0.0,1,532.2,540.0,12,536.0,0.0,0.0,0.0,0.0,0.0,229
2023-05-11 09:37:03,MO2403-P-6800,MO2403-P-6800,536.0,0.0,0.0,0.0,1,532.2,540.2,34,536.0,0.0,0.0,0.0,0.0,0.0,229
2023-05-11 09:37:03,MO2403-P-6800,MO2403-P-6800,536.0,0.0,0.0,0.0,1,532.2,540.2,7,536.0,0.0,0.0,0.0,0.0,0.0,229
2023-05-11 09:37:04,MO2403-P-6800,MO2403-P-6800,536.0,0.0,0.0,0.0,1,532.2,540.2,1,536.0,0.0,0.0,0.0,0.0,0.0,229
2023-05-11 09:37:05,MO2403-P-6800,MO2403-P-6800,536.0,0.0,0.0,0.0,2,532.2,540.2,1,536.0,0.0,0.0,0.0,0.0,0.0,229
2023-05-11 09:37:07,MO2403-P-6800,MO2403-P-6800,536.0,0.0,0.0,0.0,1,533.6,540.2,1,536.0,0.0,0.0,0.0,0.0,0.0,229
2023-05-11 09:37:08,MO2403-P-6800,MO2403-P-6800,536.0,0.0,0.0,0.0,7,532.2,540.2,1,536.0,0.0,0.0,0.0,0.0,0.0,229
2023-05-11 09:37:09,MO2403-P-6800,MO2403-P-6800,536.0,0.0,0.0,0.0,6,532.2,540.2,1,536.0,0.0,0.0,0.0,0.0,0.0,229
2023-05-11 09:37:11,MO2403-P-6800,MO2403-P-6800,536.0,0.0,0.0,0.0,1,532.2,540.2,1,536.0,0.0,0.0,0.0,0.0,0.0,229
2023-05-11 09:37:15,MO2403-P-6800,MO2403-P-6800,536.0,0.0,0.0,0.0,1,532.4,540.2,2,536.0,0.0,0.0,0.0,0.0,0.0,229
2023-05-11 09:37:16,MO2403-P-6800,MO2403-P-6800,536.0,0.0,0.0,0.0,1,532.4,538.2,1,536.0,0.0,0.0,0.0,0.0,0.0,229
2023-05-11 09:37:16,MO2403-P-6800,MO2403-P-6800,536.0,0.0,0.0,0.0,6,532.4,538.8,1,536.0,0.0,0.0,0.0,0.0,0.0,229
2023-05-11 09:37:17,MO2403-P-6800,MO2403-P-6800,536.0,0.0,0.0,0.0,6,532.4,539.6,22,536.0,0.0,0.0,0.0,0.0,0.0,229
2023-05-11 09:37:18,MO2403-P-6800,MO2403-P-6800,536.0,0.0,0.0,0.0,1,533.2,539.6,7,536.0,0.0,0.0,0.0,0.0,0.0,229
2023-05-11 09:37:18,MO2403-P-6800,MO2403-P-6800,536.0,0.0,0.0,0.0,1,533.2,539.6,1,536.0,0.0,0.0,0.0,0.0,0.0,229
2023-05-11 09:37:20,MO2403-P-6800,MO2403-P-6800,536.0,0.0,0.0,0.0,6,532.4,539.6,1,536.0,0.0,0.0,0.0,0.0,0.0,229
2023-05-11 09:37:23,MO2403-P-6800,MO2403-P-6800,536.0,0.0,0.0,0.0,1,534.0,539.8,21,536.0,0.0,0.0,0.0,0.0,0.0,229
2023-05-11 09:37:23,MO2403-P-6800,MO2403-P-6800,536.0,0.0,0.0,0.0,1,534.0,539.8,6,536.0,0.0,0.0,0.0,0.0,0.0,229
2023-05-11 09:37:24,MO2403-P-6800,MO2403-P-6800,536.0,0.0,0.0,0.0,2,534.0,540.0,21,536.0,0.0,0.0,0.0,0.0,0.0,229
2023-05-11 09:37:24,MO2403-P-6800,MO2403-P-6800,536.0,0.0,0.0,0.0,2,534.0,540.0,6,536.0,0.0,0.0,0.0,0.0,0.0,229
2023-05-11 09:37:25,MO2403-P-6800,MO2403-P-6800,536.0,0.0,0.0,0.0,2,534.0,540.2,18,536.0,0.0,0.0,0.0,0.0,0.0,229
2023-05-11 09:37:25,MO2403-P-6800,MO2403-P-6800,536.0,0.0,0.0,0.0,2,534.0,540.2,6,536.0,0.0,0.0,0.0,0.0,0.0,229
2023-05-11 09:37:26,MO2403-P-6800,MO2403-P-6800,536.0,0.0,0.0,0.0,2,534.0,540.4,6,536.0,0.0,0.0,0.0,0.0,0.0,229
2023-05-11 09:37:26,MO2403-P-6800,MO2403-P-6800,536.0,0.0,0.0,0.0,2,534.0,540.8,19,536.0,0.0,0.0,0.0,0.0,0.0,229
2023-05-11 09:37:27,MO2403-P-6800,MO2403-P-6800,536.0,0.0,0.0,0.0,2,534.0,540.8,7,536.0,0.0,0.0,0.0,0.0,0.0,229
2023-05-11 09:37:27,MO2403-P-6800,MO2403-P-6800,536.0,0.0,0.0,0.0,2,534.0,540.8,1,536.0,0.0,0.0,0.0,0.0,0.0,229
2023-05-11 09:37:28,MO2403-P-6800,MO2403-P-6800,536.0,0.0,0.0,0.0,2,534.0,540.6,1,536.0,0.0,0.0,0.0,0.0,0.0,229
2023-05-11 09:37:28,MO2403-P-6800,MO2403-P-6800,536.0,0.0,0.0,0.0,2,534.0,541.2,27,536.0,0.0,0.0,0.0,0.0,0.0,229
2023-05-11 09:37:29,MO2403-P-6800,MO2403-P-6800,536.0,0.0,0.0,0.0,1,535.4,541.2,6,536.0,0.0,0.0,0.0,0.0,0.0,229
2023-05-11 09:37:29,MO2403-P-6800,MO2403-P-6800,536.0,0.0,0.0,0.0,1,535.4,541.4,21,536.0,0.0,0.0,0.0,0.0,0.0,229
2023-05-11 09:37:30,MO2403-P-6800,MO2403-P-6800,536.0,0.0,0.0,0.0,2,534.0,540.6,1,536.0,0.0,0.0,0.0,0.0,0.0,229
2023-05-11 09:37:35,MO2403-P-6800,MO2403-P-6800,536.0,0.0,0.0,0.0,1,534.2,540.6,1,536.0,0.0,0.0,0.0,0.0,0.0,229
2023-05-11 09:37:39,MO2403-P-6800,MO2403-P-6800,536.0,0.0,0.0,0.0,1,534.2,541.2,15,536.0,0.0,0.0,0.0,0.0,0.0,229
2023-05-11 09:37:40,MO2403-P-6800,MO2403-P-6800,536.0,0.0,0.0,0.0,1,535.4,541.6,13,536.0,0.0,0.0,0.0,0.0,0.0,229
2023-05-11 09:37:40,MO2403-P-6800,MO2403-P-6800,536.0,0.0,0.0,0.0,1,535.4,541.6,7,536.0,0.0,0.0,0.0,0.0,0.0,229
2023-05-11 09:37:41,MO2403-P-6800,MO2403-P-6800,536.0,0.0,0.0,0.0,1,535.4,541.6,1,536.0,0.0,0.0,0.0,0.0,0.0,229
2023-05-11 09:37:48,MO2403-P-6800,MO2403-P-6800,536.0,0.0,0.0,0.0,1,535.2,541.6,1,536.0,0.0,0.0,0.0,0.0,0.0,229
2023-05-11 09:37:51,MO2403-P-6800,MO2403-P-6800,536.0,0.0,0.0,0.0,5,533.8,541.6,1,536.0,0.0,0.0,0.0,0.0,0.0,229
2023-05-11 09:37:51,MO2403-P-6800,MO2403-P-6800,536.0,0.0,0.0,0.0,6,533.8,541.6,1,536.0,0.0,0.0,0.0,0.0,0.0,229
2023-05-11 09:38:01,MO2403-P-6800,MO2403-P-6800,536.0,0.0,0.0,0.0,1,534.0,541.6,1,536.0,0.0,0.0,0.0,0.0,0.0,229
2023-05-11 09:38:02,MO2403-P-6800,MO2403-P-6800,536.0,0.0,0.0,0.0,12,533.6,541.6,1,536.0,0.0,0.0,0.0,0.0,0.0,229
2023-05-11 09:38:03,MO2403-P-6800,MO2403-P-6800,536.0,0.0,0.0,0.0,26,533.4,541.6,1,536.0,0.0,0.0,0.0,0.0,0.0,229
2023-05-11 09:38:03,MO2403-P-6800,MO2403-P-6800,536.0,0.0,0.0,0.0,8,533.4,541.6,1,536.0,0.0,0.0,0.0,0.0,0.0,229
2023-05-11 09:38:04,MO2403-P-6800,MO2403-P-6800,536.0,0.0,0.0,0.0,2,533.4,541.6,1,536.0,0.0,0.0,0.0,0.0,0.0,229
2023-05-11 09:38:05,MO2403-P-6800,MO2403-P-6800,536.0,0.0,0.0,0.0,1,533.4,541.6,1,536.0,0.0,0.0,0.0,0.0,0.0,229
2023-05-11 09:38:12,MO2403-P-6800,MO2403-P-6800,536.0,0.0,0.0,0.0,1,533.6,541.6,1,536.0,0.0,0.0,0.0,0.0,0.0,229
2023-05-11 09:38:16,MO2403-P-6800,MO2403-P-6800,536.0,0.0,0.0,0.0,12,533.2,541.6,1,536.0,0.0,0.0,0.0,0.0,0.0,229
2023-05-11 09:38:17,MO2403-P-6800,MO2403-P-6800,536.0,0.0,0.0,0.0,6,533.2,541.6,1,536.0,0.0,0.0,0.0,0.0,0.0,229
2023-05-11 09:38:17,MO2403-P-6800,MO2403-P-6800,536.0,0.0,0.0,0.0,1,533.0,541.6,1,536.0,0.0,0.0,0.0,0.0,0.0,229
2023-05-11 09:38:22,MO2403-P-6800,MO2403-P-6800,536.0,0.0,0.0,0.0,1,533.0,541.6,6,536.0,0.0,0.0,0.0,0.0,0.0,229
2023-05-11 09:38:23,MO2403-P-6800,MO2403-P-6800,536.0,0.0,0.0,0.0,1,533.0,539.0,1,536.0,0.0,0.0,0.0,0.0,0.0,229
2023-05-11 09:38:26,MO2403-P-6800,MO2403-P-6800,536.0,0.0,0.0,0.0,1,533.2,539.0,1,536.0,0.0,0.0,0.0,0.0,0.0,229
2023-05-11 09:38:35,MO2403-P-6800,MO2403-P-6800,536.0,0.0,0.0,0.0,13,532.6,539.0,1,536.0,0.0,0.0,0.0,0.0,0.0,229
2023-05-11 09:38:35,MO2403-P-6800,MO2403-P-6800,536.0,0.0,0.0,0.0,7,532.6,539.0,1,536.0,0.0,0.0,0.0,0.0,0.0,229
2023-05-11 09:38:36,MO2403-P-6800,MO2403-P-6800,536.0,0.0,0.0,0.0,1,532.6,539.0,1,536.0,0.0,0.0,0.0,0.0,0.0,229
2023-05-11 09:38:41,MO2403-P-6800,MO2403-P-6800,536.0,0.0,0.0,0.0,1,533.4,539.0,1,536.0,0.0,0.0,0.0,0.0,0.0,229
2023-05-11 09:38:41,MO2403-P-6800,MO2403-P-6800,536.0,0.0,0.0,0.0,1,533.4,539.2,15,536.0,0.0,0.0,0.0,0.0,0.0,229
2023-05-11 09:38:42,MO2403-P-6800,MO2403-P-6800,536.0,0.0,0.0,0.0,1,533.4,539.6,19,536.0,0.0,0.0,0.0,0.0,0.0,229
2023-05-11 09:38:42,MO2403-P-6800,MO2403-P-6800,536.0,0.0,0.0,0.0,1,533.4,539.6,7,536.0,0.0,0.0,0.0,0.0,0.0,229
2023-05-11 09:38:43,MO2403-P-6800,MO2403-P-6800,536.0,0.0,0.0,0.0,1,533.4,539.6,1,536.0,0.0,0.0,0.0,0.0,0.0,229
2023-05-11 09:38:50,MO2403-P-6800,MO2403-P-6800,536.0,0.0,0.0,0.0,2,533.4,539.6,1,536.0,0.0,0.0,0.0,0.0,0.0,229
2023-05-11 09:38:54,MO2403-P-6800,MO2403-P-6800,536.0,0.0,0.0,0.0,7,533.4,539.6,1,536.0,0.0,0.0,0.0,0.0,0.0,229
2023-05-11 09:38:55,MO2403-P-6800,MO2403-P-6800,536.0,0.0,0.0,0.0,1,534.8,539.8,21,536.0,0.0,0.0,0.0,0.0,0.0,229
2023-05-11 09:38:56,MO2403-P-6800,MO2403-P-6800,536.0,0.0,0.0,0.0,1,534.8,539.8,6,536.0,0.0,0.0,0.0,0.0,0.0,229
2023-05-11 09:38:56,MO2403-P-6800,MO2403-P-6800,536.0,0.0,0.0,0.0,1,534.8,540.0,21,536.0,0.0,0.0,0.0,0.0,0.0,229
2023-05-11 09:38:57,MO2403-P-6800,MO2403-P-6800,536.0,0.0,0.0,0.0,1,534.8,539.6,1,536.0,0.0,0.0,0.0,0.0,0.0,229
2023-05-11 09:38:58,MO2403-P-6800,MO2403-P-6800,536.0,0.0,0.0,0.0,6,533.4,539.6,1,536.0,0.0,0.0,0.0,0.0,0.0,229
2023-05-11 09:39:00,MO2403-P-6800,MO2403-P-6800,536.0,0.0,0.0,0.0,1,533.6,539.6,1,536.0,0.0,0.0,0.0,0.0,0.0,229
2023-05-11 09:39:05,MO2403-P-6800,MO2403-P-6800,536.0,0.0,0.0,0.0,1,532.8,539.6,1,536.0,0.0,0.0,0.0,0.0,0.0,229
2023-05-11 09:39:12,MO2403-P-6800,MO2403-P-6800,536.0,0.0,0.0,0.0,1,533.6,539.6,1,536.0,0.0,0.0,0.0,0.0,0.0,229
2023-05-11 09:39:13,MO2403-P-6800,MO2403-P-6800,536.0,0.0,0.0,0.0,1,532.8,539.6,1,536.0,0.0,0.0,0.0,0.0,0.0,229
2023-05-11 09:39:15,MO2403-P-6800,MO2403-P-6800,536.0,0.0,0.0,0.0,1,533.0,539.6,1,536.0,0.0,0.0,0.0,0.0,0.0,229
2023-05-11 09:39:18,MO2403-P-6800,MO2403-P-6800,536.0,0.0,0.0,0.0,1,534.2,539.6,1,536.0,0.0,0.0,0.0,0.0,0.0,229
2023-05-11 09:39:24,MO2403-P-6800,MO2403-P-6800,536.0,0.0,0.0,0.0,1,533.0,539.6,1,536.0,0.0,0.0,0.0,0.0,0.0,229
2023-05-11 09:39:25,MO2403-P-6800,MO2403-P-6800,536.0,0.0,0.0,0.0,1,533.2,539.6,1,536.0,0.0,0.0,0.0,0.0,0.0,229
2023-05-11 09:39:30,MO2403-P-6800,MO2403-P-6800,536.0,0.0,0.0,0.0,13,532.4,539.6,1,536.0,0.0,0.0,0.0,0.0,0.0,229
2023-05-11 09:39:30,MO2403-P-6800,MO2403-P-6800,536.0,0.0,0.0,0.0,7,532.4,539.6,1,536.0,0.0,0.0,0.0,0.0,0.0,229
2023-05-11 09:39:31,MO2403-P-6800,MO2403-P-6800,536.0,0.0,0.0,0.0,1,532.4,539.6,1,536.0,0.0,0.0,0.0,0.0,0.0,229
2023-05-11 09:39:37,MO2403-P-6800,MO2403-P-6800,536.0,0.0,0.0,0.0,6,532.4,539.6,1,536.0,0.0,0.0,0.0,0.0,0.0,229
2023-05-11 09:39:39,MO2403-P-6800,MO2403-P-6800,536.0,0.0,0.0,0.0,1,533.4,539.6,1,536.0,0.0,0.0,0.0,0.0,0.0,229
2023-05-11 09:39:43,MO2403-P-6800,MO2403-P-6800,536.0,0.0,0.0,0.0,1,532.8,539.6,1,536.0,0.0,0.0,0.0,0.0,0.0,229
2023-05-11 09:39:48,MO2403-P-6800,MO2403-P-6800,536.0,0.0,0.0,0.0,1,532.8,539.6,6,536.0,0.0,0.0,0.0,0.0,0.0,229
2023-05-11 09:39:49,MO2403-P-6800,MO2403-P-6800,536.0,0.0,0.0,0.0,1,532.8,537.0,1,536.0,0.0,0.0,0.0,0.0,0.0,229
2023-05-11 09:39:53,MO2403-P-6800,MO2403-P-6800,536.0,0.0,0.0,0.0,1,533.0,537.0,1,536.0,0.0,0.0,0.0,0.0,0.0,229
2023-05-11 09:40:02,MO2403-P-6800,MO2403-P-6800,536.0,0.0,0.0,0.0,12,532.2,537.0,1,536.0,0.0,0.0,0.0,0.0,0.0,229
2023-05-11 09:40:02,MO2403-P-6800,MO2403-P-6800,536.0,0.0,0.0,0.0,6,532.2,537.0,1,536.0,0.0,0.0,0.0,0.0,0.0,229
2023-05-11 09:40:03,MO2403-P-6800,MO2403-P-6800,536.0,0.0,0.0,0.0,6,532.0,537.0,1,536.0,0.0,0.0,0.0,0.0,0.0,229
2023-05-11 09:40:03,MO2403-P-6800,MO2403-P-6800,536.0,0.0,0.0,0.0,18,531.6,537.0,1,536.0,0.0,0.0,0.0,0.0,0.0,229
2023-05-11 09:40:04,MO2403-P-6800,MO2403-P-6800,536.0,0.0,0.0,0.0,6,531.6,537.0,1,536.0,0.0,0.0,0.0,0.0,0.0,229
2023-05-11 09:40:04,MO2403-P-6800,MO2403-P-6800,536.0,0.0,0.0,0.0,12,531.4,537.0,1,536.0,0.0,0.0,0.0,0.0,0.0,229
2023-05-11 09:40:05,MO2403-P-6800,MO2403-P-6800,536.0,0.0,0.0,0.0,6,531.4,537.0,1,536.0,0.0,0.0,0.0,0.0,0.0,229
2023-05-11 09:40:05,MO2403-P-6800,MO2403-P-6800,536.0,0.0,0.0,0.0,6,531.2,537.0,1,536.0,0.0,0.0,0.0,0.0,0.0,229
2023-05-11 09:40:06,MO2403-P-6800,MO2403-P-6800,536.0,0.0,0.0,0.0,12,531.0,537.0,1,536.0,0.0,0.0,0.0,0.0,0.0,229
2023-05-11 09:40:06,MO2403-P-6800,MO2403-P-6800,536.0,0.0,0.0,0.0,31,530.8,537.0,1,536.0,0.0,0.0,0.0,0.0,0.0,229
2023-05-11 09:40:07,MO2403-P-6800,MO2403-P-6800,536.0,0.0,0.0,0.0,18,530.8,537.0,1,536.0,0.0,0.0,0.0,0.0,0.0,229
2023-05-11 09:40:07,MO2403-P-6800,MO2403-P-6800,536.0,0.0,0.0,0.0,12,530.8,537.0,1,536.0,0.0,0.0,0.0,0.0,0.0,229
2023-05-11 09:40:08,MO2403-P-6800,MO2403-P-6800,536.0,0.0,0.0,0.0,6,530.8,537.0,1,536.0,0.0,0.0,0.0,0.0,0.0,229
2023-05-11 09:40:16,MO2403-P-6800,MO2403-P-6800,536.0,0.0,0.0,0.0,5,530.8,537.0,1,536.0,0.0,0.0,0.0,0.0,0.0,229
2023-05-11 09:40:18,MO2403-P-6800,MO2403-P-6800,536.0,0.0,0.0,0.0,1,530.6,537.0,1,536.0,0.0,0.0,0.0,0.0,0.0,229
2023-05-11 09:40:19,MO2403-P-6800,MO2403-P-6800,536.0,0.0,0.0,0.0,1,530.8,537.0,1,536.0,0.0,0.0,0.0,0.0,0.0,229
2023-05-11 09:40:24,MO2403-P-6800,MO2403-P-6800,536.0,0.0,0.0,0.0,1,530.2,537.0,1,536.0,0.0,0.0,0.0,0.0,0.0,229
2023-05-11 09:40:32,MO2403-P-6800,MO2403-P-6800,536.0,0.0,0.0,0.0,6,530.2,537.0,1,536.0,0.0,0.0,0.0,0.0,0.0,229
2023-05-11 09:40:34,MO2403-P-6800,MO2403-P-6800,536.0,0.0,0.0,0.0,1,530.4,537.0,1,536.0,0.0,0.0,0.0,0.0,0.0,229
2023-05-11 09:40:44,MO2403-P-6800,MO2403-P-6800,536.0,0.0,0.0,0.0,1,530.6,537.0,1,536.0,0.0,0.0,0.0,0.0,0.0,229
2023-05-11 09:40:48,MO2403-P-6800,MO2403-P-6800,536.0,0.0,0.0,0.0,1,531.4,537.0,1,536.0,0.0,0.0,0.0,0.0,0.0,229
2023-05-11 09:40:49,MO2403-P-6800,MO2403-P-6800,536.0,0.0,0.0,0.0,6,531.4,537.0,1,536.0,0.0,0.0,0.0,0.0,0.0,229
2023-05-11 09:41:04,MO2403-P-6800,MO2403-P-6800,536.0,0.0,0.0,0.0,7,531.4,537.0,1,536.0,0.0,0.0,0.0,0.0,0.0,229
2023-05-11 09:41:06,MO2403-P-6800,MO2403-P-6800,536.0,0.0,0.0,0.0,7,531.4,537.2,15,536.0,0.0,0.0,0.0,0.0,0.0,229
2023-05-11 09:41:06,MO2403-P-6800,MO2403-P-6800,536.0,0.0,0.0,0.0,7,531.4,537.4,6,536.0,0.0,0.0,0.0,0.0,0.0,229
2023-05-11 09:41:07,MO2403-P-6800,MO2403-P-6800,536.0,0.0,0.0,0.0,7,531.4,537.6,27,536.0,0.0,0.0,0.0,0.0,0.0,229
2023-05-11 09:41:07,MO2403-P-6800,MO2403-P-6800,536.0,0.0,0.0,0.0,1,533.0,537.8,12,536.0,0.0,0.0,0.0,0.0,0.0,229
2023-05-11 09:41:08,MO2403-P-6800,MO2403-P-6800,536.0,0.0,0.0,0.0,1,533.0,538.8,6,536.0,0.0,0.0,0.0,0.0,0.0,229
2023-05-11 09:41:08,MO2403-P-6800,MO2403-P-6800,536.0,0.0,0.0,0.0,6,533.0,538.4,1,536.0,0.0,0.0,0.0,0.0,0.0,229
2023-05-11 09:41:09,MO2403-P-6800,MO2403-P-6800,536.0,0.0,0.0,0.0,7,533.0,538.4,1,536.0,0.0,0.0,0.0,0.0,0.0,229
2023-05-11 09:41:10,MO2403-P-6800,MO2403-P-6800,536.0,0.0,0.0,0.0,6,533.0,538.4,1,536.0,0.0,0.0,0.0,0.0,0.0,229
2023-05-11 09:41:12,MO2403-P-6800,MO2403-P-6800,536.0,0.0,0.0,0.0,1,533.0,538.4,1,536.0,0.0,0.0,0.0,0.0,0.0,229
2023-05-11 09:41:19,MO2403-P-6800,MO2403-P-6800,536.0,0.0,0.0,0.0,1,533.2,538.4,1,536.0,0.0,0.0,0.0,0.0,0.0,229
2023-05-11 09:41:29,MO2403-P-6800,MO2403-P-6800,536.0,0.0,0.0,0.0,1,533.4,539.0,21,536.0,0.0,0.0,0.0,0.0,0.0,229
2023-05-11 09:41:30,MO2403-P-6800,MO2403-P-6800,536.0,0.0,0.0,0.0,1,533.4,539.0,6,536.0,0.0,0.0,0.0,0.0,0.0,229
2023-05-11 09:41:30,MO2403-P-6800,MO2403-P-6800,536.0,0.0,0.0,0.0,1,533.4,539.2,21,536.0,0.0,0.0,0.0,0.0,0.0,229
2023-05-11 09:41:31,MO2403-P-6800,MO2403-P-6800,536.0,0.0,0.0,0.0,1,533.4,539.2,6,536.0,0.0,0.0,0.0,0.0,0.0,229
2023-05-11 09:41:32,MO2403-P-6800,MO2403-P-6800,536.0,0.0,0.0,0.0,1,533.4,539.4,21,536.0,0.0,0.0,0.0,0.0,0.0,229
2023-05-11 09:41:32,MO2403-P-6800,MO2403-P-6800,536.0,0.0,0.0,0.0,1,533.4,539.4,6,536.0,0.0,0.0,0.0,0.0,0.0,229
2023-05-11 09:41:33,MO2403-P-6800,MO2403-P-6800,536.0,0.0,0.0,0.0,1,533.4,539.6,34,536.0,0.0,0.0,0.0,0.0,0.0,229
2023-05-11 09:41:33,MO2403-P-6800,MO2403-P-6800,536.0,0.0,0.0,0.0,1,533.4,539.6,7,536.0,0.0,0.0,0.0,0.0,0.0,229
2023-05-11 09:41:34,MO2403-P-6800,MO2403-P-6800,536.0,0.0,0.0,0.0,1,533.4,539.6,1,536.0,0.0,0.0,0.0,0.0,0.0,229
2023-05-11 09:41:39,MO2403-P-6800,MO2403-P-6800,536.0,0.0,0.0,0.0,1,533.6,539.6,1,536.0,0.0,0.0,0.0,0.0,0.0,229
2023-05-11 09:41:49,MO2403-P-6800,MO2403-P-6800,536.0,0.0,0.0,0.0,1,533.8,539.6,1,536.0,0.0,0.0,0.0,0.0,0.0,229
2023-05-11 09:41:53,MO2403-P-6800,MO2403-P-6800,536.0,0.0,0.0,0.0,1,533.8,539.6,2,536.0,0.0,0.0,0.0,0.0,0.0,229
2023-05-11 09:41:53,MO2403-P-6800,MO2403-P-6800,536.0,0.0,0.0,0.0,1,533.8,537.4,1,536.0,0.0,0.0,0.0,0.0,0.0,229
2023-05-11 09:41:55,MO2403-P-6800,MO2403-P-6800,536.0,0.0,0.0,0.0,1,533.2,537.4,1,536.0,0.0,0.0,0.0,0.0,0.0,229
2023-05-11 09:42:09,MO2403-P-6800,MO2403-P-6800,536.0,0.0,0.0,0.0,1,532.4,537.4,1,536.0,0.0,0.0,0.0,0.0,0.0,229
2023-05-11 09:42:12,MO2403-P-6800,MO2403-P-6800,536.0,0.0,0.0,0.0,1,531.6,537.4,1,536.0,0.0,0.0,0.0,0.0,0.0,229
2023-05-11 09:42:22,MO2403-P-6800,MO2403-P-6800,536.0,0.0,0.0,0.0,1,530.8,537.4,1,536.0,0.0,0.0,0.0,0.0,0.0,229
2023-05-11 09:42:23,MO2403-P-6800,MO2403-P-6800,536.0,0.0,0.0,0.0,24,530.4,537.4,1,536.0,0.0,0.0,0.0,0.0,0.0,229
2023-05-11 09:42:23,MO2403-P-6800,MO2403-P-6800,536.0,0.0,0.0,0.0,6,530.4,537.4,1,536.0,0.0,0.0,0.0,0.0,0.0,229
2023-05-11 09:42:24,MO2403-P-6800,MO2403-P-6800,536.0,0.0,0.0,0.0,1,530.2,537.4,1,536.0,0.0,0.0,0.0,0.0,0.0,229
2023-05-11 09:42:33,MO2403-P-6800,MO2403-P-6800,536.0,0.0,0.0,0.0,1,530.4,537.4,1,536.0,0.0,0.0,0.0,0.0,0.0,229
2023-05-11 09:42:34,MO2403-P-6800,MO2403-P-6800,536.0,0.0,0.0,0.0,12,530.0,537.4,1,536.0,0.0,0.0,0.0,0.0,0.0,229
2023-05-11 09:42:34,MO2403-P-6800,MO2403-P-6800,536.0,0.0,0.0,0.0,19,529.8,537.4,1,536.0,0.0,0.0,0.0,0.0,0.0,229
2023-05-11 09:42:35,MO2403-P-6800,MO2403-P-6800,536.0,0.0,0.0,0.0,7,529.8,537.4,1,536.0,0.0,0.0,0.0,0.0,0.0,229
2023-05-11 09:42:35,MO2403-P-6800,MO2403-P-6800,536.0,0.0,0.0,0.0,1,529.8,537.4,1,536.0,0.0,0.0,0.0,0.0,0.0,229
2023-05-11 09:42:40,MO2403-P-6800,MO2403-P-6800,536.0,0.0,0.0,0.0,6,529.8,537.4,1,536.0,0.0,0.0,0.0,0.0,0.0,229
2023-05-11 09:42:43,MO2403-P-6800,MO2403-P-6800,536.0,0.0,0.0,0.0,1,529.8,537.4,1,536.0,0.0,0.0,0.0,0.0,0.0,229
2023-05-11 09:42:44,MO2403-P-6800,MO2403-P-6800,536.0,0.0,0.0,0.0,1,530.0,537.4,1,536.0,0.0,0.0,0.0,0.0,0.0,229
2023-05-11 09:42:46,MO2403-P-6800,MO2403-P-6800,536.0,0.0,0.0,0.0,1,530.0,537.4,2,536.0,0.0,0.0,0.0,0.0,0.0,229
2023-05-11 09:42:47,MO2403-P-6800,MO2403-P-6800,536.0,0.0,0.0,0.0,1,530.0,534.6,1,536.0,0.0,0.0,0.0,0.0,0.0,229
2023-05-11 09:42:54,MO2403-P-6800,MO2403-P-6800,536.0,0.0,0.0,0.0,1,530.2,534.6,1,536.0,0.0,0.0,0.0,0.0,0.0,229
2023-05-11 09:42:59,MO2403-P-6800,MO2403-P-6800,536.0,0.0,0.0,0.0,1,530.2,535.4,15,536.0,0.0,0.0,0.0,0.0,0.0,229
2023-05-11 09:42:59,MO2403-P-6800,MO2403-P-6800,536.0,0.0,0.0,0.0,1,530.2,535.6,6,536.0,0.0,0.0,0.0,0.0,0.0,229
2023-05-11 09:43:00,MO2403-P-6800,MO2403-P-6800,536.0,0.0,0.0,0.0,1,530.2,536.0,21,536.0,0.0,0.0,0.0,0.0,0.0,229
2023-05-11 09:43:00,MO2403-P-6800,MO2403-P-6800,536.0,0.0,0.0,0.0,1,530.2,536.0,6,536.0,0.0,0.0,0.0,0.0,0.0,229
2023-05-11 09:43:01,MO2403-P-6800,MO2403-P-6800,536.0,0.0,0.0,0.0,1,530.2,536.2,6,536.0,0.0,0.0,0.0,0.0,0.0,229
2023-05-11 09:43:01,MO2403-P-6800,MO2403-P-6800,536.0,0.0,0.0,0.0,1,530.2,536.4,6,536.0,0.0,0.0,0.0,0.0,0.0,229
2023-05-11 09:43:02,MO2403-P-6800,MO2403-P-6800,536.0,0.0,0.0,0.0,1,530.2,536.6,7,536.0,0.0,0.0,0.0,0.0,0.0,229
2023-05-11 09:43:02,MO2403-P-6800,MO2403-P-6800,536.0,0.0,0.0,0.0,1,530.2,536.6,1,536.0,0.0,0.0,0.0,0.0,0.0,229
2023-05-11 09:43:04,MO2403-P-6800,MO2403-P-6800,536.0,0.0,0.0,0.0,1,530.4,536.6,1,536.0,0.0,0.0,0.0,0.0,0.0,229
2023-05-11 09:43:09,MO2403-P-6800,MO2403-P-6800,536.0,0.0,0.0,0.0,6,530.4,536.6,1,536.0,0.0,0.0,0.0,0.0,0.0,229
2023-05-11 09:43:14,MO2403-P-6800,MO2403-P-6800,536.0,0.0,0.0,0.0,1,530.6,536.6,1,536.0,0.0,0.0,0.0,0.0,0.0,229
2023-05-11 09:43:24,MO2403-P-6800,MO2403-P-6800,536.0,0.0,0.0,0.0,1,530.8,536.6,1,536.0,0.0,0.0,0.0,0.0,0.0,229
2023-05-11 09:43:34,MO2403-P-6800,MO2403-P-6800,536.0,0.0,0.0,0.0,1,531.0,536.6,1,536.0,0.0,0.0,0.0,0.0,0.0,229
2023-05-11 09:43:44,MO2403-P-6800,MO2403-P-6800,536.0,0.0,0.0,0.0,1,531.2,536.6,1,536.0,0.0,0.0,0.0,0.0,0.0,229
2023-05-11 09:43:54,MO2403-P-6800,MO2403-P-6800,536.0,0.0,0.0,0.0,1,531.4,536.6,1,536.0,0.0,0.0,0.0,0.0,0.0,229
2023-05-11 09:44:04,MO2403-P-6800,MO2403-P-6800,536.0,0.0,0.0,0.0,1,531.6,536.6,1,536.0,0.0,0.0,0.0,0.0,0.0,229
2023-05-11 09:44:14,MO2403-P-6800,MO2403-P-6800,536.0,0.0,0.0,0.0,1,531.8,536.6,1,536.0,0.0,0.0,0.0,0.0,0.0,229
2023-05-11 09:44:24,MO2403-P-6800,MO2403-P-6800,536.0,0.0,0.0,0.0,1,532.0,536.6,1,536.0,0.0,0.0,0.0,0.0,0.0,229
2023-05-11 09:44:34,MO2403-P-6800,MO2403-P-6800,536.0,0.0,0.0,0.0,1,532.2,536.6,1,536.0,0.0,0.0,0.0,0.0,0.0,229
2023-05-11 09:44:43,MO2403-P-6800,MO2403-P-6800,536.0,0.0,0.0,0.0,1,532.2,537.4,13,536.0,0.0,0.0,0.0,0.0,0.0,229
2023-05-11 09:44:43,MO2403-P-6800,MO2403-P-6800,536.0,0.0,0.0,0.0,1,532.2,537.4,6,536.0,0.0,0.0,0.0,0.0,0.0,229
2023-05-11 09:44:44,MO2403-P-6800,MO2403-P-6800,536.0,0.0,0.0,0.0,1,532.4,538.8,57,536.0,0.0,0.0,0.0,0.0,0.0,229
2023-05-11 09:44:44,MO2403-P-6800,MO2403-P-6800,536.0,0.0,0.0,0.0,1,532.4,538.6,1,536.0,0.0,0.0,0.0,0.0,0.0,229
2023-05-11 09:44:51,MO2403-P-6800,MO2403-P-6800,536.0,0.0,0.0,0.0,1,532.4,538.8,16,536.0,0.0,0.0,0.0,0.0,0.0,229
2023-05-11 09:44:51,MO2403-P-6800,MO2403-P-6800,536.0,0.0,0.0,0.0,1,532.4,538.8,1,536.0,0.0,0.0,0.0,0.0,0.0,229
2023-05-11 09:44:54,MO2403-P-6800,MO2403-P-6800,536.0,0.0,0.0,0.0,1,532.6,538.8,1,536.0,0.0,0.0,0.0,0.0,0.0,229
2023-05-11 09:44:59,MO2403-P-6800,MO2403-P-6800,536.0,0.0,0.0,0.0,7,532.6,538.8,1,536.0,0.0,0.0,0.0,0.0,0.0,229
2023-05-11 09:45:01,MO2403-P-6800,MO2403-P-6800,536.0,0.0,0.0,0.0,6,532.8,538.8,1,536.0,0.0,0.0,0.0,0.0,0.0,229
2023-05-11 09:45:02,MO2403-P-6800,MO2403-P-6800,536.0,0.0,0.0,0.0,22,532.6,538.8,1,536.0,0.0,0.0,0.0,0.0,0.0,229
2023-05-11 09:45:03,MO2403-P-6800,MO2403-P-6800,536.0,0.0,0.0,0.0,7,532.6,538.8,1,536.0,0.0,0.0,0.0,0.0,0.0,229
2023-05-11 09:45:04,MO2403-P-6800,MO2403-P-6800,536.0,0.0,0.0,0.0,1,532.8,538.8,1,536.0,0.0,0.0,0.0,0.0,0.0,229
2023-05-11 09:45:04,MO2403-P-6800,MO2403-P-6800,536.0,0.0,0.0,0.0,7,532.8,539.0,12,536.0,0.0,0.0,0.0,0.0,0.0,229
2023-05-11 09:45:05,MO2403-P-6800,MO2403-P-6800,536.0,0.0,0.0,0.0,1,532.8,539.6,7,536.0,0.0,0.0,0.0,0.0,0.0,229
2023-05-11 09:45:05,MO2403-P-6800,MO2403-P-6800,536.0,0.0,0.0,0.0,7,532.8,539.4,1,536.0,0.0,0.0,0.0,0.0,0.0,229
2023-05-11 09:45:07,MO2403-P-6800,MO2403-P-6800,536.0,0.0,0.0,0.0,1,534.2,539.4,1,536.0,0.0,0.0,0.0,0.0,0.0,229
2023-05-11 09:45:09,MO2403-P-6800,MO2403-P-6800,536.0,0.0,0.0,0.0,1,534.2,539.6,1,536.0,0.0,0.0,0.0,0.0,0.0,229
2023-05-11 09:45:11,MO2403-P-6800,MO2403-P-6800,536.0,0.0,0.0,0.0,1,534.2,539.8,6,536.0,0.0,0.0,0.0,0.0,0.0,229
2023-05-11 09:45:11,MO2403-P-6800,MO2403-P-6800,536.0,0.0,0.0,0.0,1,534.2,540.2,18,536.0,0.0,0.0,0.0,0.0,0.0,229
2023-05-11 09:45:12,MO2403-P-6800,MO2403-P-6800,536.0,0.0,0.0,0.0,1,534.2,540.2,6,536.0,0.0,0.0,0.0,0.0,0.0,229
2023-05-11 09:45:12,MO2403-P-6800,MO2403-P-6800,536.0,0.0,0.0,0.0,1,534.2,540.4,6,536.0,0.0,0.0,0.0,0.0,0.0,229
2023-05-11 09:45:13,MO2403-P-6800,MO2403-P-6800,536.0,0.0,0.0,0.0,1,534.2,540.6,13,536.0,0.0,0.0,0.0,0.0,0.0,229
2023-05-11 09:45:13,MO2403-P-6800,MO2403-P-6800,536.0,0.0,0.0,0.0,1,534.2,540.6,8,536.0,0.0,0.0,0.0,0.0,0.0,229
2023-05-11 09:45:14,MO2403-P-6800,MO2403-P-6800,536.0,0.0,0.0,0.0,2,534.2,540.6,2,536.0,0.0,0.0,0.0,0.0,0.0,229
2023-05-11 09:45:16,MO2403-P-6800,MO2403-P-6800,536.0,0.0,0.0,0.0,2,534.2,540.4,2,536.0,0.0,0.0,0.0,0.0,0.0,229
2023-05-11 09:45:18,MO2403-P-6800,MO2403-P-6800,536.0,0.0,0.0,0.0,2,534.2,540.4,3,536.0,0.0,0.0,0.0,0.0,0.0,229
2023-05-11 09:45:18,MO2403-P-6800,MO2403-P-6800,536.0,0.0,0.0,0.0,2,534.2,540.4,6,536.0,0.0,0.0,0.0,0.0,0.0,229
2023-05-11 09:45:19,MO2403-P-6800,MO2403-P-6800,536.0,0.0,0.0,0.0,2,534.2,540.4,7,536.0,0.0,0.0,0.0,0.0,0.0,229
2023-05-11 09:45:24,MO2403-P-6800,MO2403-P-6800,536.0,0.0,0.0,0.0,1,534.4,540.4,7,536.0,0.0,0.0,0.0,0.0,0.0,229
2023-05-11 09:45:35,MO2403-P-6800,MO2403-P-6800,536.0,0.0,0.0,0.0,1,534.2,540.4,7,536.0,0.0,0.0,0.0,0.0,0.0,229
2023-05-11 09:45:37,MO2403-P-6800,MO2403-P-6800,536.0,0.0,0.0,0.0,1,534.2,540.4,8,536.0,0.0,0.0,0.0,0.0,0.0,229
2023-05-11 09:45:47,MO2403-P-6800,MO2403-P-6800,536.0,0.0,0.0,0.0,1,534.2,540.4,7,536.0,0.0,0.0,0.0,0.0,0.0,229
2023-05-11 09:45:49,MO2403-P-6800,MO2403-P-6800,536.0,0.0,0.0,0.0,7,534.2,540.4,7,536.0,0.0,0.0,0.0,0.0,0.0,229
2023-05-11 09:45:50,MO2403-P-6800,MO2403-P-6800,536.0,0.0,0.0,0.0,8,534.2,540.4,7,536.0,0.0,0.0,0.0,0.0,0.0,229
2023-05-11 09:45:52,MO2403-P-6800,MO2403-P-6800,536.0,0.0,0.0,0.0,8,534.2,540.4,6,536.0,0.0,0.0,0.0,0.0,0.0,229
2023-05-11 09:45:55,MO2403-P-6800,MO2403-P-6800,536.0,0.0,0.0,0.0,8,534.2,540.4,5,536.0,0.0,0.0,0.0,0.0,0.0,229
2023-05-11 09:45:56,MO2403-P-6800,MO2403-P-6800,536.0,0.0,0.0,0.0,2,534.2,540.4,5,536.0,0.0,0.0,0.0,0.0,0.0,229
2023-05-11 09:45:56,MO2403-P-6800,MO2403-P-6800,536.0,0.0,0.0,0.0,8,534.2,540.4,5,536.0,0.0,0.0,0.0,0.0,0.0,229
2023-05-11 09:45:57,MO2403-P-6800,MO2403-P-6800,536.0,0.0,0.0,0.0,6,534.4,540.4,4,536.0,0.0,0.0,0.0,0.0,0.0,229
2023-05-11 09:45:58,MO2403-P-6800,MO2403-P-6800,536.0,0.0,0.0,0.0,14,534.2,540.4,4,536.0,0.0,0.0,0.0,0.0,0.0,229
2023-05-11 09:45:58,MO2403-P-6800,MO2403-P-6800,536.0,0.0,0.0,0.0,14,534.2,540.4,3,536.0,0.0,0.0,0.0,0.0,0.0,229
2023-05-11 09:45:59,MO2403-P-6800,MO2403-P-6800,536.0,0.0,0.0,0.0,14,534.2,540.6,2,536.0,0.0,0.0,0.0,0.0,0.0,229
2023-05-11 09:46:00,MO2403-P-6800,MO2403-P-6800,536.0,0.0,0.0,0.0,14,534.2,540.6,1,536.0,0.0,0.0,0.0,0.0,0.0,229
2023-05-11 09:46:00,MO2403-P-6800,MO2403-P-6800,536.0,0.0,0.0,0.0,1,534.4,540.6,1,536.0,0.0,0.0,0.0,0.0,0.0,229
2023-05-11 09:46:01,MO2403-P-6800,MO2403-P-6800,536.0,0.0,0.0,0.0,1,534.4,540.8,6,536.0,0.0,0.0,0.0,0.0,0.0,229
2023-05-11 09:46:01,MO2403-P-6800,MO2403-P-6800,536.0,0.0,0.0,0.0,1,534.4,541.0,12,536.0,0.0,0.0,0.0,0.0,0.0,229
2023-05-11 09:46:02,MO2403-P-6800,MO2403-P-6800,536.0,0.0,0.0,0.0,1,534.4,541.2,8,536.0,0.0,0.0,0.0,0.0,0.0,229
2023-05-11 09:46:02,MO2403-P-6800,MO2403-P-6800,536.0,0.0,0.0,0.0,1,534.4,541.2,2,536.0,0.0,0.0,0.0,0.0,0.0,229
2023-05-11 09:46:03,MO2403-P-6800,MO2403-P-6800,536.0,0.0,0.0,0.0,7,534.4,541.2,2,536.0,0.0,0.0,0.0,0.0,0.0,229
2023-05-11 09:46:06,MO2403-P-6800,MO2403-P-6800,536.0,0.0,0.0,0.0,7,534.4,541.6,12,536.0,0.0,0.0,0.0,0.0,0.0,229
2023-05-11 09:46:06,MO2403-P-6800,MO2403-P-6800,536.0,0.0,0.0,0.0,7,534.4,541.8,12,536.0,0.0,0.0,0.0,0.0,0.0,229
2023-05-11 09:46:07,MO2403-P-6800,MO2403-P-6800,536.0,0.0,0.0,0.0,7,534.4,542.0,12,536.0,0.0,0.0,0.0,0.0,0.0,229
2023-05-11 09:46:07,MO2403-P-6800,MO2403-P-6800,536.0,0.0,0.0,0.0,7,534.4,542.6,18,536.0,0.0,0.0,0.0,0.0,0.0,229
2023-05-11 09:46:08,MO2403-P-6800,MO2403-P-6800,536.0,0.0,0.0,0.0,7,534.4,542.6,6,536.0,0.0,0.0,0.0,0.0,0.0,229
2023-05-11 09:46:08,MO2403-P-6800,MO2403-P-6800,536.0,0.0,0.0,0.0,7,534.4,543.0,12,536.0,0.0,0.0,0.0,0.0,0.0,229
2023-05-11 09:46:09,MO2403-P-6800,MO2403-P-6800,536.0,0.0,0.0,0.0,7,534.4,544.0,6,536.0,0.0,0.0,0.0,0.0,0.0,229
2023-05-11 09:46:09,MO2403-P-6800,MO2403-P-6800,536.0,0.0,0.0,0.0,7,534.4,544.0,1,536.0,0.0,0.0,0.0,0.0,0.0,229
2023-05-11 09:46:10,MO2403-P-6800,MO2403-P-6800,536.0,0.0,0.0,0.0,1,534.6,544.0,1,536.0,0.0,0.0,0.0,0.0,0.0,229
2023-05-11 09:46:12,MO2403-P-6800,MO2403-P-6800,536.0,0.0,0.0,0.0,7,534.6,544.0,1,536.0,0.0,0.0,0.0,0.0,0.0,229
2023-05-11 09:46:13,MO2403-P-6800,MO2403-P-6800,536.0,0.0,0.0,0.0,7,534.6,543.8,1,536.0,0.0,0.0,0.0,0.0,0.0,229
2023-05-11 09:46:14,MO2403-P-6800,MO2403-P-6800,536.0,0.0,0.0,0.0,1,534.6,543.8,1,536.0,0.0,0.0,0.0,0.0,0.0,229
2023-05-11 09:46:14,MO2403-P-6800,MO2403-P-6800,536.0,0.0,0.0,0.0,7,534.6,543.8,2,536.0,0.0,0.0,0.0,0.0,0.0,229
2023-05-11 09:46:15,MO2403-P-6800,MO2403-P-6800,536.0,0.0,0.0,0.0,7,534.6,543.6,1,536.0,0.0,0.0,0.0,0.0,0.0,229
2023-05-11 09:46:15,MO2403-P-6800,MO2403-P-6800,536.0,0.0,0.0,0.0,1,534.6,543.6,1,536.0,0.0,0.0,0.0,0.0,0.0,229
2023-05-11 09:46:16,MO2403-P-6800,MO2403-P-6800,536.0,0.0,0.0,0.0,1,534.6,543.4,1,536.0,0.0,0.0,0.0,0.0,0.0,229
2023-05-11 09:46:20,MO2403-P-6800,MO2403-P-6800,536.0,0.0,0.0,0.0,1,534.8,543.4,1,536.0,0.0,0.0,0.0,0.0,0.0,229
2023-05-11 09:46:22,MO2403-P-6800,MO2403-P-6800,536.0,0.0,0.0,0.0,1,534.8,542.2,1,536.0,0.0,0.0,0.0,0.0,0.0,229
2023-05-11 09:46:24,MO2403-P-6800,MO2403-P-6800,536.0,0.0,0.0,0.0,1,534.8,542.0,1,536.0,0.0,0.0,0.0,0.0,0.0,229
2023-05-11 09:46:30,MO2403-P-6800,MO2403-P-6800,536.0,0.0,0.0,0.0,1,535.0,542.0,1,536.0,0.0,0.0,0.0,0.0,0.0,229
2023-05-11 09:46:31,MO2403-P-6800,MO2403-P-6800,536.0,0.0,0.0,0.0,1,535.0,542.2,16,536.0,0.0,0.0,0.0,0.0,0.0,229
2023-05-11 09:46:31,MO2403-P-6800,MO2403-P-6800,536.0,0.0,0.0,0.0,1,535.0,542.2,1,536.0,0.0,0.0,0.0,0.0,0.0,229
2023-05-11 09:46:36,MO2403-P-6800,MO2403-P-6800,536.0,0.0,0.0,0.0,1,535.0,542.2,2,536.0,0.0,0.0,0.0,0.0,0.0,229
2023-05-11 09:46:40,MO2403-P-6800,MO2403-P-6800,536.0,0.0,0.0,0.0,1,535.2,542.2,2,536.0,0.0,0.0,0.0,0.0,0.0,229
2023-05-11 09:46:45,MO2403-P-6800,MO2403-P-6800,536.0,0.0,0.0,0.0,1,535.2,542.2,3,536.0,0.0,0.0,0.0,0.0,0.0,229
2023-05-11 09:46:50,MO2403-P-6800,MO2403-P-6800,536.0,0.0,0.0,0.0,1,535.4,542.2,3,536.0,0.0,0.0,0.0,0.0,0.0,229
2023-05-11 09:46:55,MO2403-P-6800,MO2403-P-6800,536.0,0.0,0.0,0.0,1,535.4,542.2,2,536.0,0.0,0.0,0.0,0.0,0.0,229
2023-05-11 09:46:55,MO2403-P-6800,MO2403-P-6800,536.0,0.0,0.0,0.0,7,535.4,542.2,2,536.0,0.0,0.0,0.0,0.0,0.0,229
2023-05-11 09:46:56,MO2403-P-6800,MO2403-P-6800,536.0,0.0,0.0,0.0,7,535.4,542.2,1,536.0,0.0,0.0,0.0,0.0,0.0,229
2023-05-11 09:46:59,MO2403-P-6800,MO2403-P-6800,536.0,0.0,0.0,0.0,1,535.4,542.2,1,536.0,0.0,0.0,0.0,0.0,0.0,229
2023-05-11 09:47:00,MO2403-P-6800,MO2403-P-6800,536.0,0.0,0.0,0.0,1,535.6,542.2,1,536.0,0.0,0.0,0.0,0.0,0.0,229
2023-05-11 09:47:10,MO2403-P-6800,MO2403-P-6800,536.0,0.0,0.0,0.0,1,535.6,542.4,21,536.0,0.0,0.0,0.0,0.0,0.0,229
2023-05-11 09:47:10,MO2403-P-6800,MO2403-P-6800,536.0,0.0,0.0,0.0,1,535.8,542.4,6,536.0,0.0,0.0,0.0,0.0,0.0,229
2023-05-11 09:47:11,MO2403-P-6800,MO2403-P-6800,536.0,0.0,0.0,0.0,1,535.8,542.6,21,536.0,0.0,0.0,0.0,0.0,0.0,229
2023-05-11 09:47:11,MO2403-P-6800,MO2403-P-6800,536.0,0.0,0.0,0.0,1,535.8,542.6,6,536.0,0.0,0.0,0.0,0.0,0.0,229
2023-05-11 09:47:12,MO2403-P-6800,MO2403-P-6800,536.0,0.0,0.0,0.0,1,535.8,542.8,6,536.0,0.0,0.0,0.0,0.0,0.0,229
2023-05-11 09:47:12,MO2403-P-6800,MO2403-P-6800,536.0,0.0,0.0,0.0,7,535.8,543.4,7,536.0,0.0,0.0,0.0,0.0,0.0,229
2023-05-11 09:47:13,MO2403-P-6800,MO2403-P-6800,536.0,0.0,0.0,0.0,7,535.8,543.6,18,536.0,0.0,0.0,0.0,0.0,0.0,229
2023-05-11 09:47:13,MO2403-P-6800,MO2403-P-6800,536.0,0.0,0.0,0.0,7,535.8,543.6,6,536.0,0.0,0.0,0.0,0.0,0.0,229
2023-05-11 09:47:14,MO2403-P-6800,MO2403-P-6800,536.0,0.0,0.0,0.0,7,535.8,543.8,12,536.0,0.0,0.0,0.0,0.0,0.0,229
2023-05-11 09:47:14,MO2403-P-6800,MO2403-P-6800,536.0,0.0,0.0,0.0,7,535.8,544.0,25,536.0,0.0,0.0,0.0,0.0,0.0,229
2023-05-11 09:47:15,MO2403-P-6800,MO2403-P-6800,536.0,0.0,0.0,0.0,7,535.8,544.0,6,536.0,0.0,0.0,0.0,0.0,0.0,229
2023-05-11 09:47:15,MO2403-P-6800,MO2403-P-6800,536.0,0.0,0.0,0.0,7,535.8,544.2,21,536.0,0.0,0.0,0.0,0.0,0.0,229
2023-05-11 09:47:16,MO2403-P-6800,MO2403-P-6800,536.0,0.0,0.0,0.0,7,535.8,544.2,6,536.0,0.0,0.0,0.0,0.0,0.0,229
2023-05-11 09:47:16,MO2403-P-6800,MO2403-P-6800,536.0,0.0,0.0,0.0,7,535.8,544.4,21,536.0,0.0,0.0,0.0,0.0,0.0,229
2023-05-11 09:47:17,MO2403-P-6800,MO2403-P-6800,536.0,0.0,0.0,0.0,7,535.8,544.4,6,536.0,0.0,0.0,0.0,0.0,0.0,229
2023-05-11 09:47:17,MO2403-P-6800,MO2403-P-6800,536.0,0.0,0.0,0.0,13,535.8,544.6,21,536.0,0.0,0.0,0.0,0.0,0.0,229
2023-05-11 09:47:18,MO2403-P-6800,MO2403-P-6800,536.0,0.0,0.0,0.0,13,535.8,544.6,6,536.0,0.0,0.0,0.0,0.0,0.0,229
2023-05-11 09:47:18,MO2403-P-6800,MO2403-P-6800,536.0,0.0,0.0,0.0,13,535.8,544.8,21,536.0,0.0,0.0,0.0,0.0,0.0,229
2023-05-11 09:47:19,MO2403-P-6800,MO2403-P-6800,536.0,0.0,0.0,0.0,13,535.8,544.8,6,536.0,0.0,0.0,0.0,0.0,0.0,229
2023-05-11 09:47:19,MO2403-P-6800,MO2403-P-6800,536.0,0.0,0.0,0.0,7,535.8,545.0,21,536.0,0.0,0.0,0.0,0.0,0.0,229
2023-05-11 09:47:20,MO2403-P-6800,MO2403-P-6800,536.0,0.0,0.0,0.0,1,535.8,545.0,6,536.0,0.0,0.0,0.0,0.0,0.0,229
2023-05-11 09:47:20,MO2403-P-6800,MO2403-P-6800,536.0,0.0,0.0,0.0,1,536.0,545.2,34,536.0,0.0,0.0,0.0,0.0,0.0,229
2023-05-11 09:47:21,MO2403-P-6800,MO2403-P-6800,536.0,0.0,0.0,0.0,1,536.0,545.2,13,536.0,0.0,0.0,0.0,0.0,0.0,229
2023-05-11 09:47:22,MO2403-P-6800,MO2403-P-6800,536.0,0.0,0.0,0.0,1,536.0,545.0,1,536.0,0.0,0.0,0.0,0.0,0.0,229
2023-05-11 09:47:30,MO2403-P-6800,MO2403-P-6800,536.0,0.0,0.0,0.0,1,536.2,545.0,1,536.0,0.0,0.0,0.0,0.0,0.0,229
2023-05-11 09:47:37,MO2403-P-6800,MO2403-P-6800,536.0,0.0,0.0,0.0,1,535.4,545.0,1,536.0,0.0,0.0,0.0,0.0,0.0,229
2023-05-11 09:47:41,MO2403-P-6800,MO2403-P-6800,536.0,0.0,0.0,0.0,1,535.4,544.8,1,536.0,0.0,0.0,0.0,0.0,0.0,229
2023-05-11 09:47:42,MO2403-P-6800,MO2403-P-6800,536.0,0.0,0.0,0.0,13,534.8,544.8,2,536.0,0.0,0.0,0.0,0.0,0.0,229
2023-05-11 09:47:42,MO2403-P-6800,MO2403-P-6800,536.0,0.0,0.0,0.0,7,534.8,544.8,2,536.0,0.0,0.0,0.0,0.0,0.0,229
2023-05-11 09:47:43,MO2403-P-6800,MO2403-P-6800,536.0,0.0,0.0,0.0,1,534.8,544.6,1,536.0,0.0,0.0,0.0,0.0,0.0,229
2023-05-11 09:47:47,MO2403-P-6800,MO2403-P-6800,536.0,0.0,0.0,0.0,7,534.8,544.6,1,536.0,0.0,0.0,0.0,0.0,0.0,229
2023-05-11 09:47:48,MO2403-P-6800,MO2403-P-6800,536.0,0.0,0.0,0.0,1,534.8,544.8,16,536.0,0.0,0.0,0.0,0.0,0.0,229
2023-05-11 09:47:48,MO2403-P-6800,MO2403-P-6800,536.0,0.0,0.0,0.0,1,534.8,544.8,1,536.0,0.0,0.0,0.0,0.0,0.0,229
2023-05-11 09:47:52,MO2403-P-6800,MO2403-P-6800,536.0,0.0,0.0,0.0,1,535.0,544.8,1,536.0,0.0,0.0,0.0,0.0,0.0,229
2023-05-11 09:47:56,MO2403-P-6800,MO2403-P-6800,536.0,0.0,0.0,0.0,1,535.0,545.0,18,536.0,0.0,0.0,0.0,0.0,0.0,229
2023-05-11 09:47:57,MO2403-P-6800,MO2403-P-6800,536.0,0.0,0.0,0.0,1,535.0,545.0,3,536.0,0.0,0.0,0.0,0.0,0.0,229
2023-05-11 09:47:58,MO2403-P-6800,MO2403-P-6800,536.0,0.0,0.0,0.0,1,535.0,545.0,2,536.0,0.0,0.0,0.0,0.0,0.0,229
2023-05-11 09:48:01,MO2403-P-6800,MO2403-P-6800,536.0,0.0,0.0,0.0,1,535.0,545.0,1,536.0,0.0,0.0,0.0,0.0,0.0,229
2023-05-11 09:48:02,MO2403-P-6800,MO2403-P-6800,536.0,0.0,0.0,0.0,1,535.2,545.0,1,536.0,0.0,0.0,0.0,0.0,0.0,229
2023-05-11 09:48:10,MO2403-P-6800,MO2403-P-6800,536.0,0.0,0.0,0.0,6,534.8,545.0,1,536.0,0.0,0.0,0.0,0.0,0.0,229
2023-05-11 09:48:11,MO2403-P-6800,MO2403-P-6800,536.0,0.0,0.0,0.0,6,534.8,544.8,3,536.0,0.0,0.0,0.0,0.0,0.0,229
2023-05-11 09:48:13,MO2403-P-6800,MO2403-P-6800,536.0,0.0,0.0,0.0,6,534.8,544.8,4,536.0,0.0,0.0,0.0,0.0,0.0,229
2023-05-11 09:48:16,MO2403-P-6800,MO2403-P-6800,536.0,0.0,0.0,0.0,12,534.6,544.8,4,536.0,0.0,0.0,0.0,0.0,0.0,229
2023-05-11 09:48:17,MO2403-P-6800,MO2403-P-6800,536.0,0.0,0.0,0.0,45,534.4,544.8,4,536.0,0.0,0.0,0.0,0.0,0.0,229
2023-05-11 09:48:17,MO2403-P-6800,MO2403-P-6800,536.0,0.0,0.0,0.0,24,534.4,544.8,4,536.0,0.0,0.0,0.0,0.0,0.0,229
2023-05-11 09:48:18,MO2403-P-6800,MO2403-P-6800,536.0,0.0,0.0,0.0,18,534.4,544.6,1,536.0,0.0,0.0,0.0,0.0,0.0,229
2023-05-11 09:48:18,MO2403-P-6800,MO2403-P-6800,536.0,0.0,0.0,0.0,12,534.4,544.6,1,536.0,0.0,0.0,0.0,0.0,0.0,229
2023-05-11 09:48:19,MO2403-P-6800,MO2403-P-6800,536.0,0.0,0.0,0.0,6,534.4,544.6,1,536.0,0.0,0.0,0.0,0.0,0.0,229
2023-05-11 09:48:20,MO2403-P-6800,MO2403-P-6800,536.0,0.0,0.0,0.0,25,534.2,544.6,7,536.0,0.0,0.0,0.0,0.0,0.0,229
2023-05-11 09:48:21,MO2403-P-6800,MO2403-P-6800,536.0,0.0,0.0,0.0,7,534.2,544.6,7,536.0,0.0,0.0,0.0,0.0,0.0,229
2023-05-11 09:48:21,MO2403-P-6800,MO2403-P-6800,536.0,0.0,0.0,0.0,1,534.2,544.6,7,536.0,0.0,0.0,0.0,0.0,0.0,229
2023-05-11 09:48:39,MO2403-P-6800,MO2403-P-6800,536.0,0.0,0.0,0.0,7,534.2,544.6,7,536.0,0.0,0.0,0.0,0.0,0.0,229
2023-05-11 09:48:39,MO2403-P-6800,MO2403-P-6800,536.0,0.0,0.0,0.0,1,534.2,544.6,7,536.0,0.0,0.0,0.0,0.0,0.0,229
2023-05-11 09:48:44,MO2403-P-6800,MO2403-P-6800,536.0,0.0,0.0,0.0,12,534.0,544.6,7,536.0,0.0,0.0,0.0,0.0,0.0,229
2023-05-11 09:48:45,MO2403-P-6800,MO2403-P-6800,536.0,0.0,0.0,0.0,6,534.0,544.6,7,536.0,0.0,0.0,0.0,0.0,0.0,229
2023-05-11 09:48:56,MO2403-P-6800,MO2403-P-6800,536.0,0.0,0.0,0.0,7,534.0,544.6,7,536.0,0.0,0.0,0.0,0.0,0.0,229
2023-05-11 09:49:01,MO2403-P-6800,MO2403-P-6800,536.0,0.0,0.0,0.0,24,533.8,541.8,1,536.0,0.0,0.0,0.0,0.0,0.0,229
2023-05-11 09:49:02,MO2403-P-6800,MO2403-P-6800,536.0,0.0,0.0,0.0,6,533.8,541.8,1,536.0,0.0,0.0,0.0,0.0,0.0,229
2023-05-11 09:49:02,MO2403-P-6800,MO2403-P-6800,536.0,0.0,0.0,0.0,1,533.4,541.6,2,536.0,0.0,0.0,0.0,0.0,0.0,229
2023-05-11 09:49:03,MO2403-P-6800,MO2403-P-6800,536.0,0.0,0.0,0.0,6,532.8,541.6,3,536.0,0.0,0.0,0.0,0.0,0.0,229
2023-05-11 09:49:03,MO2403-P-6800,MO2403-P-6800,536.0,0.0,0.0,0.0,6,532.4,541.4,1,536.0,0.0,0.0,0.0,0.0,0.0,229
2023-05-11 09:49:04,MO2403-P-6800,MO2403-P-6800,536.0,0.0,0.0,0.0,25,532.2,541.4,1,536.0,0.0,0.0,0.0,0.0,0.0,229
2023-05-11 09:49:04,MO2403-P-6800,MO2403-P-6800,536.0,0.0,0.0,0.0,13,532.2,541.4,1,536.0,0.0,0.0,0.0,0.0,0.0,229
2023-05-11 09:49:08,MO2403-P-6800,MO2403-P-6800,536.0,0.0,0.0,0.0,7,532.2,541.6,15,536.0,0.0,0.0,0.0,0.0,0.0,229
2023-05-11 09:49:09,MO2403-P-6800,MO2403-P-6800,536.0,0.0,0.0,0.0,7,532.2,541.8,7,536.0,0.0,0.0,0.0,0.0,0.0,229
2023-05-11 09:49:09,MO2403-P-6800,MO2403-P-6800,536.0,0.0,0.0,0.0,7,532.2,541.8,1,536.0,0.0,0.0,0.0,0.0,0.0,229
2023-05-11 09:49:13,MO2403-P-6800,MO2403-P-6800,536.0,0.0,0.0,0.0,1,532.4,541.8,1,536.0,0.0,0.0,0.0,0.0,0.0,229
2023-05-11 09:49:14,MO2403-P-6800,MO2403-P-6800,536.0,0.0,0.0,0.0,7,532.4,541.8,1,536.0,0.0,0.0,0.0,0.0,0.0,229
2023-05-11 09:49:23,MO2403-P-6800,MO2403-P-6800,536.0,0.0,0.0,0.0,1,532.6,541.8,1,536.0,0.0,0.0,0.0,0.0,0.0,229
2023-05-11 09:49:33,MO2403-P-6800,MO2403-P-6800,536.0,0.0,0.0,0.0,1,532.8,541.8,1,536.0,0.0,0.0,0.0,0.0,0.0,229
2023-05-11 09:49:36,MO2403-P-6800,MO2403-P-6800,536.0,0.0,0.0,0.0,7,532.8,541.8,1,536.0,0.0,0.0,0.0,0.0,0.0,229
2023-05-11 09:49:38,MO2403-P-6800,MO2403-P-6800,536.0,0.0,0.0,0.0,15,532.6,541.8,1,536.0,0.0,0.0,0.0,0.0,0.0,229
2023-05-11 09:49:38,MO2403-P-6800,MO2403-P-6800,536.0,0.0,0.0,0.0,18,532.2,541.8,1,536.0,0.0,0.0,0.0,0.0,0.0,229
2023-05-11 09:49:39,MO2403-P-6800,MO2403-P-6800,536.0,0.0,0.0,0.0,6,532.4,541.8,1,536.0,0.0,0.0,0.0,0.0,0.0,229
2023-05-11 09:49:57,MO2403-P-6800,MO2403-P-6800,536.0,0.0,0.0,0.0,6,532.2,541.8,1,536.0,0.0,0.0,0.0,0.0,0.0,229
2023-05-11 09:49:58,MO2403-P-6800,MO2403-P-6800,536.0,0.0,0.0,0.0,12,531.6,541.8,1,536.0,0.0,0.0,0.0,0.0,0.0,229
2023-05-11 09:49:58,MO2403-P-6800,MO2403-P-6800,536.0,0.0,0.0,0.0,36,531.4,541.8,1,536.0,0.0,0.0,0.0,0.0,0.0,229
2023-05-11 09:49:59,MO2403-P-6800,MO2403-P-6800,536.0,0.0,0.0,0.0,24,531.4,541.8,1,536.0,0.0,0.0,0.0,0.0,0.0,229
2023-05-11 09:49:59,MO2403-P-6800,MO2403-P-6800,536.0,0.0,0.0,0.0,18,531.4,541.8,1,536.0,0.0,0.0,0.0,0.0,0.0,229
2023-05-11 09:50:03,MO2403-P-6800,MO2403-P-6800,536.0,0.0,0.0,0.0,19,531.4,541.8,1,536.0,0.0,0.0,0.0,0.0,0.0,229
2023-05-11 09:50:05,MO2403-P-6800,MO2403-P-6800,536.0,0.0,0.0,0.0,18,531.4,541.8,1,536.0,0.0,0.0,0.0,0.0,0.0,229
2023-05-11 09:50:05,MO2403-P-6800,MO2403-P-6800,536.0,0.0,0.0,0.0,12,531.4,541.8,1,536.0,0.0,0.0,0.0,0.0,0.0,229
2023-05-11 09:50:06,MO2403-P-6800,MO2403-P-6800,536.0,0.0,0.0,0.0,6,531.4,541.8,1,536.0,0.0,0.0,0.0,0.0,0.0,229
2023-05-11 09:50:06,MO2403-P-6800,MO2403-P-6800,536.0,0.0,0.0,0.0,6,531.6,541.8,1,536.0,0.0,0.0,0.0,0.0,0.0,229
2023-05-11 09:50:13,MO2403-P-6800,MO2403-P-6800,536.0,0.0,0.0,0.0,6,531.4,541.8,1,536.0,0.0,0.0,0.0,0.0,0.0,229
2023-05-11 09:50:25,MO2403-P-6800,MO2403-P-6800,536.0,0.0,0.0,0.0,7,531.4,541.8,1,536.0,0.0,0.0,0.0,0.0,0.0,229
2023-05-11 09:50:27,MO2403-P-6800,MO2403-P-6800,536.0,0.0,0.0,0.0,9,531.4,541.8,1,536.0,0.0,0.0,0.0,0.0,0.0,229
2023-05-11 09:50:29,MO2403-P-6800,MO2403-P-6800,536.0,0.0,0.0,0.0,7,531.4,541.8,1,536.0,0.0,0.0,0.0,0.0,0.0,229
2023-05-11 09:50:38,MO2403-P-6800,MO2403-P-6800,536.0,0.0,0.0,0.0,6,531.6,541.8,1,536.0,0.0,0.0,0.0,0.0,0.0,229
2023-05-11 09:50:44,MO2403-P-6800,MO2403-P-6800,536.0,0.0,0.0,0.0,6,531.4,541.8,1,536.0,0.0,0.0,0.0,0.0,0.0,229
2023-05-11 09:50:44,MO2403-P-6800,MO2403-P-6800,536.0,0.0,0.0,0.0,12,531.2,541.8,1,536.0,0.0,0.0,0.0,0.0,0.0,229
2023-05-11 09:50:45,MO2403-P-6800,MO2403-P-6800,536.0,0.0,0.0,0.0,6,531.2,541.8,1,536.0,0.0,0.0,0.0,0.0,0.0,229
2023-05-11 09:50:49,MO2403-P-6800,MO2403-P-6800,536.0,0.0,0.0,0.0,6,531.4,541.8,1,536.0,0.0,0.0,0.0,0.0,0.0,229
2023-05-11 09:50:52,MO2403-P-6800,MO2403-P-6800,536.0,0.0,0.0,0.0,7,531.4,541.8,1,536.0,0.0,0.0,0.0,0.0,0.0,229
2023-05-11 09:50:55,MO2403-P-6800,MO2403-P-6800,536.0,0.0,0.0,0.0,6,531.2,541.8,1,536.0,0.0,0.0,0.0,0.0,0.0,229
2023-05-11 09:51:03,MO2403-P-6800,MO2403-P-6800,536.0,0.0,0.0,0.0,6,531.4,541.8,1,536.0,0.0,0.0,0.0,0.0,0.0,229
2023-05-11 09:51:25,MO2403-P-6800,MO2403-P-6800,536.0,0.0,0.0,0.0,7,531.4,541.8,1,536.0,0.0,0.0,0.0,0.0,0.0,229
2023-05-11 09:51:35,MO2403-P-6800,MO2403-P-6800,536.0,0.0,0.0,0.0,1,531.6,541.8,1,536.0,0.0,0.0,0.0,0.0,0.0,229
2023-05-11 09:51:40,MO2403-P-6800,MO2403-P-6800,536.0,0.0,0.0,0.0,6,531.2,541.8,1,536.0,0.0,0.0,0.0,0.0,0.0,229
2023-05-11 09:51:45,MO2403-P-6800,MO2403-P-6800,536.0,0.0,0.0,0.0,6,531.4,541.8,1,536.0,0.0,0.0,0.0,0.0,0.0,229
2023-05-11 09:51:55,MO2403-P-6800,MO2403-P-6800,536.0,0.0,0.0,0.0,7,531.4,541.8,1,536.0,0.0,0.0,0.0,0.0,0.0,229
2023-05-11 09:52:05,MO2403-P-6800,MO2403-P-6800,536.0,0.0,0.0,0.0,1,531.6,541.8,1,536.0,0.0,0.0,0.0,0.0,0.0,229
2023-05-11 09:52:12,MO2403-P-6800,MO2403-P-6800,536.0,0.0,0.0,0.0,7,531.6,541.8,1,536.0,0.0,0.0,0.0,0.0,0.0,229
2023-05-11 09:52:21,MO2403-P-6800,MO2403-P-6800,536.0,0.0,0.0,0.0,1,531.8,541.8,1,536.0,0.0,0.0,0.0,0.0,0.0,229
2023-05-11 09:52:31,MO2403-P-6800,MO2403-P-6800,536.0,0.0,0.0,0.0,1,532.0,541.8,1,536.0,0.0,0.0,0.0,0.0,0.0,229
2023-05-11 09:52:38,MO2403-P-6800,MO2403-P-6800,536.0,0.0,0.0,0.0,6,533.4,541.8,1,536.0,0.0,0.0,0.0,0.0,0.0,229
2023-05-11 09:52:39,MO2403-P-6800,MO2403-P-6800,536.0,0.0,0.0,0.0,12,533.4,541.8,1,536.0,0.0,0.0,0.0,0.0,0.0,229
2023-05-11 09:52:42,MO2403-P-6800,MO2403-P-6800,536.0,0.0,0.0,0.0,6,533.4,541.8,1,536.0,0.0,0.0,0.0,0.0,0.0,229
2023-05-11 09:52:54,MO2403-P-6800,MO2403-P-6800,536.0,0.0,0.0,0.0,12,533.4,541.8,1,536.0,0.0,0.0,0.0,0.0,0.0,229
2023-05-11 09:53:00,MO2403-P-6800,MO2403-P-6800,536.0,0.0,0.0,0.0,6,533.6,541.8,1,536.0,0.0,0.0,0.0,0.0,0.0,229
2023-05-11 09:53:08,MO2403-P-6800,MO2403-P-6800,536.0,0.0,0.0,0.0,6,533.6,542.8,12,536.0,0.0,0.0,0.0,0.0,0.0,229
2023-05-11 09:53:08,MO2403-P-6800,MO2403-P-6800,536.0,0.0,0.0,0.0,6,533.6,542.8,6,536.0,0.0,0.0,0.0,0.0,0.0,229
2023-05-11 09:53:09,MO2403-P-6800,MO2403-P-6800,536.0,0.0,0.0,0.0,6,533.6,543.0,12,536.0,0.0,0.0,0.0,0.0,0.0,229
2023-05-11 09:53:09,MO2403-P-6800,MO2403-P-6800,536.0,0.0,0.0,0.0,12,533.6,543.2,18,536.0,0.0,0.0,0.0,0.0,0.0,229
2023-05-11 09:53:10,MO2403-P-6800,MO2403-P-6800,536.0,0.0,0.0,0.0,12,533.6,543.2,6,536.0,0.0,0.0,0.0,0.0,0.0,229
2023-05-11 09:53:10,MO2403-P-6800,MO2403-P-6800,536.0,0.0,0.0,0.0,12,533.6,546.8,50,536.0,0.0,0.0,0.0,0.0,0.0,229
2023-05-11 09:53:11,MO2403-P-6800,MO2403-P-6800,536.0,0.0,0.0,0.0,12,533.6,546.2,1,536.0,0.0,0.0,0.0,0.0,0.0,229
2023-05-11 09:53:11,MO2403-P-6800,MO2403-P-6800,536.0,0.0,0.0,0.0,6,533.6,546.2,1,536.0,0.0,0.0,0.0,0.0,0.0,229
2023-05-11 09:53:18,MO2403-P-6800,MO2403-P-6800,536.0,0.0,0.0,0.0,6,533.6,546.8,39,536.0,0.0,0.0,0.0,0.0,0.0,229
2023-05-11 09:53:18,MO2403-P-6800,MO2403-P-6800,536.0,0.0,0.0,0.0,6,533.6,546.4,1,536.0,0.0,0.0,0.0,0.0,0.0,229
2023-05-11 09:53:20,MO2403-P-6800,MO2403-P-6800,536.0,0.0,0.0,0.0,6,533.6,546.8,33,536.0,0.0,0.0,0.0,0.0,0.0,229
2023-05-11 09:53:20,MO2403-P-6800,MO2403-P-6800,536.0,0.0,0.0,0.0,7,533.6,546.6,1,536.0,0.0,0.0,0.0,0.0,0.0,229
2023-05-11 09:53:22,MO2403-P-6800,MO2403-P-6800,536.0,0.0,0.0,0.0,6,534.8,546.8,27,536.0,0.0,0.0,0.0,0.0,0.0,229
2023-05-11 09:53:22,MO2403-P-6800,MO2403-P-6800,536.0,0.0,0.0,0.0,6,534.8,546.6,1,536.0,0.0,0.0,0.0,0.0,0.0,229
2023-05-11 09:53:23,MO2403-P-6800,MO2403-P-6800,536.0,0.0,0.0,0.0,12,534.8,546.6,1,536.0,0.0,0.0,0.0,0.0,0.0,229
2023-05-11 09:53:30,MO2403-P-6800,MO2403-P-6800,536.0,0.0,0.0,0.0,12,534.8,546.8,21,536.0,0.0,0.0,0.0,0.0,0.0,229
2023-05-11 09:53:30,MO2403-P-6800,MO2403-P-6800,536.0,0.0,0.0,0.0,12,534.8,546.8,19,536.0,0.0,0.0,0.0,0.0,0.0,229
2023-05-11 09:53:35,MO2403-P-6800,MO2403-P-6800,536.0,0.0,0.0,0.0,6,535.0,546.8,13,536.0,0.0,0.0,0.0,0.0,0.0,229
2023-05-11 09:53:37,MO2403-P-6800,MO2403-P-6800,536.0,0.0,0.0,0.0,7,535.0,546.8,13,536.0,0.0,0.0,0.0,0.0,0.0,229
2023-05-11 09:53:41,MO2403-P-6800,MO2403-P-6800,536.0,0.0,0.0,0.0,13,535.0,546.8,13,536.0,0.0,0.0,0.0,0.0,0.0,229
2023-05-11 09:53:42,MO2403-P-6800,MO2403-P-6800,536.0,0.0,0.0,0.0,13,535.0,546.8,7,536.0,0.0,0.0,0.0,0.0,0.0,229
2023-05-11 09:53:42,MO2403-P-6800,MO2403-P-6800,536.0,0.0,0.0,0.0,13,535.0,546.8,1,536.0,0.0,0.0,0.0,0.0,0.0,229
2023-05-11 09:53:47,MO2403-P-6800,MO2403-P-6800,536.0,0.0,0.0,0.0,1,535.2,546.8,1,536.0,0.0,0.0,0.0,0.0,0.0,229
2023-05-11 09:53:51,MO2403-P-6800,MO2403-P-6800,536.0,0.0,0.0,0.0,1,535.2,546.8,8,536.0,0.0,0.0,0.0,0.0,0.0,229
2023-05-11 09:53:54,MO2403-P-6800,MO2403-P-6800,536.0,0.0,0.0,0.0,1,535.2,546.8,7,536.0,0.0,0.0,0.0,0.0,0.0,229
2023-05-11 09:53:54,MO2403-P-6800,MO2403-P-6800,536.0,0.0,0.0,0.0,1,535.2,546.6,1,536.0,0.0,0.0,0.0,0.0,0.0,229
2023-05-11 09:53:55,MO2403-P-6800,MO2403-P-6800,536.0,0.0,0.0,0.0,1,535.2,546.8,7,536.0,0.0,0.0,0.0,0.0,0.0,229
2023-05-11 09:53:56,MO2403-P-6800,MO2403-P-6800,536.0,0.0,0.0,0.0,1,535.2,546.8,8,536.0,0.0,0.0,0.0,0.0,0.0,229
2023-05-11 09:53:56,MO2403-P-6800,MO2403-P-6800,536.0,0.0,0.0,0.0,1,535.2,546.8,7,536.0,0.0,0.0,0.0,0.0,0.0,229
2023-05-11 09:53:57,MO2403-P-6800,MO2403-P-6800,536.0,0.0,0.0,0.0,1,535.4,546.8,7,536.0,0.0,0.0,0.0,0.0,0.0,229
2023-05-11 09:54:00,MO2403-P-6800,MO2403-P-6800,536.0,0.0,0.0,0.0,6,536.6,546.8,1,536.0,0.0,0.0,0.0,0.0,0.0,229
2023-05-11 09:54:02,MO2403-P-6800,MO2403-P-6800,536.0,0.0,0.0,0.0,1,536.6,546.4,1,536.0,0.0,0.0,0.0,0.0,0.0,229
2023-05-11 09:54:02,MO2403-P-6800,MO2403-P-6800,536.0,0.0,0.0,0.0,1,536.6,546.4,7,536.0,0.0,0.0,0.0,0.0,0.0,229
2023-05-11 09:54:03,MO2403-P-6800,MO2403-P-6800,536.0,0.0,0.0,0.0,1,536.6,546.4,6,536.0,0.0,0.0,0.0,0.0,0.0,229
2023-05-11 09:54:03,MO2403-P-6800,MO2403-P-6800,536.0,0.0,0.0,0.0,1,536.6,546.2,1,536.0,0.0,0.0,0.0,0.0,0.0,229
2023-05-11 09:54:04,MO2403-P-6800,MO2403-P-6800,536.0,0.0,0.0,0.0,1,536.6,546.4,21,536.0,0.0,0.0,0.0,0.0,0.0,229
2023-05-11 09:54:04,MO2403-P-6800,MO2403-P-6800,536.0,0.0,0.0,0.0,1,536.6,546.4,6,536.0,0.0,0.0,0.0,0.0,0.0,229
2023-05-11 09:54:12,MO2403-P-6800,MO2403-P-6800,536.0,0.0,0.0,0.0,1,536.8,546.4,6,536.0,0.0,0.0,0.0,0.0,0.0,229
2023-05-11 09:54:22,MO2403-P-6800,MO2403-P-6800,536.0,0.0,0.0,0.0,1,537.0,546.4,6,536.0,0.0,0.0,0.0,0.0,0.0,229
2023-05-11 09:54:24,MO2403-P-6800,MO2403-P-6800,536.0,0.0,0.0,0.0,21,536.0,546.4,8,536.0,0.0,0.0,0.0,0.0,0.0,229
2023-05-11 09:54:25,MO2403-P-6800,MO2403-P-6800,536.0,0.0,0.0,0.0,6,536.0,546.4,7,536.0,0.0,0.0,0.0,0.0,0.0,229
2023-05-11 09:54:25,MO2403-P-6800,MO2403-P-6800,536.0,0.0,0.0,0.0,21,535.8,546.4,6,536.0,0.0,0.0,0.0,0.0,0.0,229
2023-05-11 09:54:26,MO2403-P-6800,MO2403-P-6800,536.0,0.0,0.0,0.0,6,535.8,546.4,6,536.0,0.0,0.0,0.0,0.0,0.0,229
2023-05-11 09:54:26,MO2403-P-6800,MO2403-P-6800,536.0,0.0,0.0,0.0,21,535.6,546.4,6,536.0,0.0,0.0,0.0,0.0,0.0,229
2023-05-11 09:54:27,MO2403-P-6800,MO2403-P-6800,536.0,0.0,0.0,0.0,6,535.6,546.4,6,536.0,0.0,0.0,0.0,0.0,0.0,229
2023-05-11 09:54:27,MO2403-P-6800,MO2403-P-6800,536.0,0.0,0.0,0.0,21,535.4,546.4,6,536.0,0.0,0.0,0.0,0.0,0.0,229
2023-05-11 09:54:28,MO2403-P-6800,MO2403-P-6800,536.0,0.0,0.0,0.0,6,535.4,546.4,6,536.0,0.0,0.0,0.0,0.0,0.0,229
2023-05-11 09:54:28,MO2403-P-6800,MO2403-P-6800,536.0,0.0,0.0,0.0,34,535.2,546.4,6,536.0,0.0,0.0,0.0,0.0,0.0,229
2023-05-11 09:54:29,MO2403-P-6800,MO2403-P-6800,536.0,0.0,0.0,0.0,7,535.2,546.4,7,536.0,0.0,0.0,0.0,0.0,0.0,229
2023-05-11 09:54:29,MO2403-P-6800,MO2403-P-6800,536.0,0.0,0.0,0.0,1,535.2,546.4,7,536.0,0.0,0.0,0.0,0.0,0.0,229
2023-05-11 09:54:31,MO2403-P-6800,MO2403-P-6800,536.0,0.0,0.0,0.0,1,535.2,546.4,6,536.0,0.0,0.0,0.0,0.0,0.0,229
2023-05-11 09:54:32,MO2403-P-6800,MO2403-P-6800,536.0,0.0,0.0,0.0,1,535.2,546.4,7,536.0,0.0,0.0,0.0,0.0,0.0,229
2023-05-11 09:54:33,MO2403-P-6800,MO2403-P-6800,536.0,0.0,0.0,0.0,1,535.2,546.4,6,536.0,0.0,0.0,0.0,0.0,0.0,229
2023-05-11 09:54:34,MO2403-P-6800,MO2403-P-6800,536.0,0.0,0.0,0.0,1,535.2,546.4,7,536.0,0.0,0.0,0.0,0.0,0.0,229
2023-05-11 09:54:34,MO2403-P-6800,MO2403-P-6800,536.0,0.0,0.0,0.0,1,535.2,546.4,6,536.0,0.0,0.0,0.0,0.0,0.0,229
2023-05-11 09:54:35,MO2403-P-6800,MO2403-P-6800,536.0,0.0,0.0,0.0,1,535.2,546.4,8,536.0,0.0,0.0,0.0,0.0,0.0,229
2023-05-11 09:54:35,MO2403-P-6800,MO2403-P-6800,536.0,0.0,0.0,0.0,1,535.4,546.4,6,536.0,0.0,0.0,0.0,0.0,0.0,229
2023-05-11 09:54:36,MO2403-P-6800,MO2403-P-6800,536.0,0.0,0.0,0.0,1,535.4,546.4,8,536.0,0.0,0.0,0.0,0.0,0.0,229
2023-05-11 09:54:38,MO2403-P-6800,MO2403-P-6800,536.0,0.0,0.0,0.0,1,535.4,546.4,9,536.0,0.0,0.0,0.0,0.0,0.0,229
2023-05-11 09:54:39,MO2403-P-6800,MO2403-P-6800,536.0,0.0,0.0,0.0,1,535.4,546.4,8,536.0,0.0,0.0,0.0,0.0,0.0,229
2023-05-11 09:54:39,MO2403-P-6800,MO2403-P-6800,536.0,0.0,0.0,0.0,1,535.4,546.4,9,536.0,0.0,0.0,0.0,0.0,0.0,229
2023-05-11 09:54:42,MO2403-P-6800,MO2403-P-6800,536.0,0.0,0.0,0.0,1,535.4,546.4,8,536.0,0.0,0.0,0.0,0.0,0.0,229
2023-05-11 09:54:42,MO2403-P-6800,MO2403-P-6800,536.0,0.0,0.0,0.0,1,535.4,546.2,1,536.0,0.0,0.0,0.0,0.0,0.0,229
2023-05-11 09:54:43,MO2403-P-6800,MO2403-P-6800,536.0,0.0,0.0,0.0,1,535.4,546.4,23,536.0,0.0,0.0,0.0,0.0,0.0,229
2023-05-11 09:54:43,MO2403-P-6800,MO2403-P-6800,536.0,0.0,0.0,0.0,1,535.4,546.4,9,536.0,0.0,0.0,0.0,0.0,0.0,229
2023-05-11 09:54:44,MO2403-P-6800,MO2403-P-6800,536.0,0.0,0.0,0.0,1,535.4,546.4,7,536.0,0.0,0.0,0.0,0.0,0.0,229
2023-05-11 09:54:45,MO2403-P-6800,MO2403-P-6800,536.0,0.0,0.0,0.0,1,535.4,546.4,15,536.0,0.0,0.0,0.0,0.0,0.0,229
2023-05-11 09:54:45,MO2403-P-6800,MO2403-P-6800,536.0,0.0,0.0,0.0,1,535.6,546.4,15,536.0,0.0,0.0,0.0,0.0,0.0,229
2023-05-11 09:54:46,MO2403-P-6800,MO2403-P-6800,536.0,0.0,0.0,0.0,1,535.6,546.4,13,536.0,0.0,0.0,0.0,0.0,0.0,229
2023-05-11 09:54:53,MO2403-P-6800,MO2403-P-6800,536.0,0.0,0.0,0.0,1,535.6,546.4,12,536.0,0.0,0.0,0.0,0.0,0.0,229
2023-05-11 09:54:55,MO2403-P-6800,MO2403-P-6800,536.0,0.0,0.0,0.0,1,535.8,546.4,12,536.0,0.0,0.0,0.0,0.0,0.0,229
2023-05-11 09:55:01,MO2403-P-6800,MO2403-P-6800,536.0,0.0,0.0,0.0,1,535.8,546.4,6,536.0,0.0,0.0,0.0,0.0,0.0,229
2023-05-11 09:55:03,MO2403-P-6800,MO2403-P-6800,536.0,0.0,0.0,0.0,6,536.0,546.4,6,536.0,0.0,0.0,0.0,0.0,0.0,229
2023-05-11 09:55:10,MO2403-P-6800,MO2403-P-6800,536.0,0.0,0.0,0.0,7,536.0,546.4,6,536.0,0.0,0.0,0.0,0.0,0.0,229
2023-05-11 09:55:20,MO2403-P-6800,MO2403-P-6800,536.0,0.0,0.0,0.0,1,536.2,546.4,6,536.0,0.0,0.0,0.0,0.0,0.0,229
2023-05-11 09:55:21,MO2403-P-6800,MO2403-P-6800,536.0,0.0,0.0,0.0,7,536.2,546.4,6,536.0,0.0,0.0,0.0,0.0,0.0,229
2023-05-11 09:55:30,MO2403-P-6800,MO2403-P-6800,536.0,0.0,0.0,0.0,1,536.4,546.4,6,536.0,0.0,0.0,0.0,0.0,0.0,229
2023-05-11 09:55:40,MO2403-P-6800,MO2403-P-6800,536.0,0.0,0.0,0.0,1,536.6,546.4,6,536.0,0.0,0.0,0.0,0.0,0.0,229
2023-05-11 09:55:41,MO2403-P-6800,MO2403-P-6800,536.0,0.0,0.0,0.0,1,536.6,546.8,7,536.0,0.0,0.0,0.0,0.0,0.0,229
2023-05-11 09:55:41,MO2403-P-6800,MO2403-P-6800,536.0,0.0,0.0,0.0,1,536.6,546.8,1,536.0,0.0,0.0,0.0,0.0,0.0,229
2023-05-11 09:55:50,MO2403-P-6800,MO2403-P-6800,536.0,0.0,0.0,0.0,1,536.8,546.8,1,536.0,0.0,0.0,0.0,0.0,0.0,229
2023-05-11 09:55:52,MO2403-P-6800,MO2403-P-6800,536.0,0.0,0.0,0.0,7,536.8,546.8,1,536.0,0.0,0.0,0.0,0.0,0.0,229
2023-05-11 09:55:58,MO2403-P-6800,MO2403-P-6800,536.0,0.0,0.0,0.0,6,536.8,546.8,1,536.0,0.0,0.0,0.0,0.0,0.0,229
2023-05-11 09:56:18,MO2403-P-6800,MO2403-P-6800,536.0,0.0,0.0,0.0,7,536.8,546.8,1,536.0,0.0,0.0,0.0,0.0,0.0,229
2023-05-11 09:56:21,MO2403-P-6800,MO2403-P-6800,536.0,0.0,0.0,0.0,1,536.8,546.8,1,536.0,0.0,0.0,0.0,0.0,0.0,229
2023-05-11 09:56:21,MO2403-P-6800,MO2403-P-6800,536.0,0.0,0.0,0.0,15,536.6,546.8,2,536.0,0.0,0.0,0.0,0.0,0.0,229
2023-05-11 09:56:22,MO2403-P-6800,MO2403-P-6800,536.0,0.0,0.0,0.0,18,536.2,546.8,3,536.0,0.0,0.0,0.0,0.0,0.0,229
2023-05-11 09:56:22,MO2403-P-6800,MO2403-P-6800,536.0,0.0,0.0,0.0,6,536.2,546.8,3,536.0,0.0,0.0,0.0,0.0,0.0,229
2023-05-11 09:56:23,MO2403-P-6800,MO2403-P-6800,536.0,0.0,0.0,0.0,33,536.0,546.8,3,536.0,0.0,0.0,0.0,0.0,0.0,229
2023-05-11 09:56:23,MO2403-P-6800,MO2403-P-6800,536.0,0.0,0.0,0.0,18,536.0,546.8,2,536.0,0.0,0.0,0.0,0.0,0.0,229
2023-05-11 09:56:24,MO2403-P-6800,MO2403-P-6800,536.0,0.0,0.0,0.0,12,536.0,546.8,3,536.0,0.0,0.0,0.0,0.0,0.0,229
2023-05-11 09:56:24,MO2403-P-6800,MO2403-P-6800,536.0,0.0,0.0,0.0,6,536.0,546.8,2,536.0,0.0,0.0,0.0,0.0,0.0,229
2023-05-11 09:56:27,MO2403-P-6800,MO2403-P-6800,536.0,0.0,0.0,0.0,6,536.0,546.8,1,536.0,0.0,0.0,0.0,0.0,0.0,229
2023-05-11 09:56:27,MO2403-P-6800,MO2403-P-6800,536.0,0.0,0.0,0.0,6,536.0,546.8,2,536.0,0.0,0.0,0.0,0.0,0.0,229
2023-05-11 09:56:29,MO2403-P-6800,MO2403-P-6800,536.0,0.0,0.0,0.0,6,536.0,546.8,1,536.0,0.0,0.0,0.0,0.0,0.0,229
2023-05-11 09:56:30,MO2403-P-6800,MO2403-P-6800,536.0,0.0,0.0,0.0,6,536.0,546.8,2,536.0,0.0,0.0,0.0,0.0,0.0,229
2023-05-11 09:56:31,MO2403-P-6800,MO2403-P-6800,536.0,0.0,0.0,0.0,6,536.0,546.8,1,536.0,0.0,0.0,0.0,0.0,0.0,229
2023-05-11 09:56:32,MO2403-P-6800,MO2403-P-6800,536.0,0.0,0.0,0.0,6,536.0,546.8,2,536.0,0.0,0.0,0.0,0.0,0.0,229
2023-05-11 09:56:35,MO2403-P-6800,MO2403-P-6800,536.0,0.0,0.0,0.0,6,536.0,546.8,1,536.0,0.0,0.0,0.0,0.0,0.0,229
2023-05-11 09:56:39,MO2403-P-6800,MO2403-P-6800,536.0,0.0,0.0,0.0,7,536.0,546.8,1,536.0,0.0,0.0,0.0,0.0,0.0,229
2023-05-11 09:56:41,MO2403-P-6800,MO2403-P-6800,536.0,0.0,0.0,0.0,6,536.0,546.4,1,536.0,0.0,0.0,0.0,0.0,0.0,229
2023-05-11 09:56:41,MO2403-P-6800,MO2403-P-6800,536.0,0.0,0.0,0.0,6,536.0,546.8,1,536.0,0.0,0.0,0.0,0.0,0.0,229
2023-05-11 09:56:42,MO2403-P-6800,MO2403-P-6800,536.0,0.0,0.0,0.0,6,536.0,546.8,2,536.0,0.0,0.0,0.0,0.0,0.0,229
2023-05-11 09:56:43,MO2403-P-6800,MO2403-P-6800,536.0,0.0,0.0,0.0,6,536.0,546.8,1,536.0,0.0,0.0,0.0,0.0,0.0,229
2023-05-11 09:56:54,MO2403-P-6800,MO2403-P-6800,536.0,0.0,0.0,0.0,7,536.0,546.8,1,536.0,0.0,0.0,0.0,0.0,0.0,229
2023-05-11 09:57:01,MO2403-P-6800,MO2403-P-6800,536.0,0.0,0.0,0.0,6,536.2,546.8,1,536.0,0.0,0.0,0.0,0.0,0.0,229
2023-05-11 09:57:02,MO2403-P-6800,MO2403-P-6800,536.0,0.0,0.0,0.0,12,536.2,546.8,1,536.0,0.0,0.0,0.0,0.0,0.0,229
2023-05-11 09:57:04,MO2403-P-6800,MO2403-P-6800,536.0,0.0,0.0,0.0,6,536.2,546.8,1,536.0,0.0,0.0,0.0,0.0,0.0,229
2023-05-11 09:57:09,MO2403-P-6800,MO2403-P-6800,536.0,0.0,0.0,0.0,7,536.2,546.8,1,536.0,0.0,0.0,0.0,0.0,0.0,229
2023-05-11 09:57:16,MO2403-P-6800,MO2403-P-6800,536.0,0.0,0.0,0.0,1,536.2,546.8,1,536.0,0.0,0.0,0.0,0.0,0.0,229
2023-05-11 09:57:19,MO2403-P-6800,MO2403-P-6800,536.0,0.0,0.0,0.0,1,536.4,546.8,1,536.0,0.0,0.0,0.0,0.0,0.0,229
2023-05-11 09:57:29,MO2403-P-6800,MO2403-P-6800,536.0,0.0,0.0,0.0,1,536.6,546.8,1,536.0,0.0,0.0,0.0,0.0,0.0,229
2023-05-11 09:57:39,MO2403-P-6800,MO2403-P-6800,536.0,0.0,0.0,0.0,1,536.8,546.8,1,536.0,0.0,0.0,0.0,0.0,0.0,229
2023-05-11 09:57:43,MO2403-P-6800,MO2403-P-6800,536.0,0.0,0.0,0.0,15,536.6,546.8,2,536.0,0.0,0.0,0.0,0.0,0.0,229
2023-05-11 09:57:44,MO2403-P-6800,MO2403-P-6800,536.0,0.0,0.0,0.0,12,536.4,546.8,1,536.0,0.0,0.0,0.0,0.0,0.0,229
2023-05-11 09:57:44,MO2403-P-6800,MO2403-P-6800,536.0,0.0,0.0,0.0,21,536.2,546.8,1,536.0,0.0,0.0,0.0,0.0,0.0,229
2023-05-11 09:57:45,MO2403-P-6800,MO2403-P-6800,536.0,0.0,0.0,0.0,6,536.2,546.8,1,536.0,0.0,0.0,0.0,0.0,0.0,229
2023-05-11 09:57:45,MO2403-P-6800,MO2403-P-6800,536.0,0.0,0.0,0.0,33,536.0,546.8,1,536.0,0.0,0.0,0.0,0.0,0.0,229
2023-05-11 09:57:46,MO2403-P-6800,MO2403-P-6800,536.0,0.0,0.0,0.0,18,536.0,546.8,1,536.0,0.0,0.0,0.0,0.0,0.0,229
2023-05-11 09:57:46,MO2403-P-6800,MO2403-P-6800,536.0,0.0,0.0,0.0,12,536.0,546.8,1,536.0,0.0,0.0,0.0,0.0,0.0,229
2023-05-11 09:57:47,MO2403-P-6800,MO2403-P-6800,536.0,0.0,0.0,0.0,6,536.0,546.8,1,536.0,0.0,0.0,0.0,0.0,0.0,229
2023-05-11 09:57:47,MO2403-P-6800,MO2403-P-6800,536.0,0.0,0.0,0.0,6,536.0,546.8,2,536.0,0.0,0.0,0.0,0.0,0.0,229
2023-05-11 09:57:49,MO2403-P-6800,MO2403-P-6800,536.0,0.0,0.0,0.0,6,536.0,546.8,1,536.0,0.0,0.0,0.0,0.0,0.0,229
2023-05-11 09:57:57,MO2403-P-6800,MO2403-P-6800,536.0,0.0,0.0,0.0,6,536.2,546.8,1,536.0,0.0,0.0,0.0,0.0,0.0,229
2023-05-11 09:58:00,MO2403-P-6800,MO2403-P-6800,536.0,0.0,0.0,0.0,21,536.0,546.8,1,536.0,0.0,0.0,0.0,0.0,0.0,229
2023-05-11 09:58:01,MO2403-P-6800,MO2403-P-6800,536.0,0.0,0.0,0.0,6,536.0,546.8,1,536.0,0.0,0.0,0.0,0.0,0.0,229
2023-05-11 09:58:04,MO2403-P-6800,MO2403-P-6800,536.0,0.0,0.0,0.0,6,536.2,546.8,1,536.0,0.0,0.0,0.0,0.0,0.0,229
2023-05-11 09:58:09,MO2403-P-6800,MO2403-P-6800,536.0,0.0,0.0,0.0,7,536.2,546.8,1,536.0,0.0,0.0,0.0,0.0,0.0,229
2023-05-11 09:58:12,MO2403-P-6800,MO2403-P-6800,536.0,0.0,0.0,0.0,1,536.2,546.8,1,536.0,0.0,0.0,0.0,0.0,0.0,229
2023-05-11 09:58:19,MO2403-P-6800,MO2403-P-6800,536.0,0.0,0.0,0.0,1,536.4,546.8,1,536.0,0.0,0.0,0.0,0.0,0.0,229
2023-05-11 09:58:29,MO2403-P-6800,MO2403-P-6800,536.0,0.0,0.0,0.0,1,536.6,546.8,1,536.0,0.0,0.0,0.0,0.0,0.0,229
2023-05-11 09:58:38,MO2403-P-6800,MO2403-P-6800,536.0,0.0,0.0,0.0,21,536.4,546.8,1,536.0,0.0,0.0,0.0,0.0,0.0,229
2023-05-11 09:58:39,MO2403-P-6800,MO2403-P-6800,536.0,0.0,0.0,0.0,6,536.4,546.8,1,536.0,0.0,0.0,0.0,0.0,0.0,229
2023-05-11 09:58:39,MO2403-P-6800,MO2403-P-6800,536.0,0.0,0.0,0.0,21,536.2,546.8,1,536.0,0.0,0.0,0.0,0.0,0.0,229
2023-05-11 09:58:40,MO2403-P-6800,MO2403-P-6800,536.0,0.0,0.0,0.0,6,536.2,546.8,1,536.0,0.0,0.0,0.0,0.0,0.0,229
2023-05-11 09:58:40,MO2403-P-6800,MO2403-P-6800,536.0,0.0,0.0,0.0,34,536.0,546.8,1,536.0,0.0,0.0,0.0,0.0,0.0,229
2023-05-11 09:58:41,MO2403-P-6800,MO2403-P-6800,536.0,0.0,0.0,0.0,13,536.0,546.8,1,536.0,0.0,0.0,0.0,0.0,0.0,229
2023-05-11 09:58:46,MO2403-P-6800,MO2403-P-6800,536.0,0.0,0.0,0.0,13,536.0,546.6,1,536.0,0.0,0.0,0.0,0.0,0.0,229
2023-05-11 09:58:46,MO2403-P-6800,MO2403-P-6800,536.0,0.0,0.0,0.0,13,536.0,546.8,1,536.0,0.0,0.0,0.0,0.0,0.0,229
2023-05-11 09:58:47,MO2403-P-6800,MO2403-P-6800,536.0,0.0,0.0,0.0,13,536.0,546.8,2,536.0,0.0,0.0,0.0,0.0,0.0,229
2023-05-11 09:58:47,MO2403-P-6800,MO2403-P-6800,536.0,0.0,0.0,0.0,13,536.0,546.8,1,536.0,0.0,0.0,0.0,0.0,0.0,229
2023-05-11 09:58:52,MO2403-P-6800,MO2403-P-6800,536.0,0.0,0.0,0.0,1,536.2,546.8,1,536.0,0.0,0.0,0.0,0.0,0.0,229
2023-05-11 09:58:56,MO2403-P-6800,MO2403-P-6800,536.0,0.0,0.0,0.0,1,536.2,546.6,1,536.0,0.0,0.0,0.0,0.0,0.0,229
2023-05-11 09:58:57,MO2403-P-6800,MO2403-P-6800,536.0,0.0,0.0,0.0,27,536.0,546.6,1,536.0,0.0,0.0,0.0,0.0,0.0,229
2023-05-11 09:58:57,MO2403-P-6800,MO2403-P-6800,536.0,0.0,0.0,0.0,12,536.0,546.6,1,536.0,0.0,0.0,0.0,0.0,0.0,229
2023-05-11 09:58:58,MO2403-P-6800,MO2403-P-6800,536.0,0.0,0.0,0.0,6,536.0,546.6,1,536.0,0.0,0.0,0.0,0.0,0.0,229
2023-05-11 09:59:01,MO2403-P-6800,MO2403-P-6800,536.0,0.0,0.0,0.0,33,535.8,546.6,1,536.0,0.0,0.0,0.0,0.0,0.0,229
2023-05-11 09:59:02,MO2403-P-6800,MO2403-P-6800,536.0,0.0,0.0,0.0,13,535.8,546.6,1,536.0,0.0,0.0,0.0,0.0,0.0,229
2023-05-11 09:59:02,MO2403-P-6800,MO2403-P-6800,536.0,0.0,0.0,0.0,7,535.8,546.6,1,536.0,0.0,0.0,0.0,0.0,0.0,229
2023-05-11 09:59:03,MO2403-P-6800,MO2403-P-6800,536.0,0.0,0.0,0.0,39,535.6,546.6,1,536.0,0.0,0.0,0.0,0.0,0.0,229
2023-05-11 09:59:03,MO2403-P-6800,MO2403-P-6800,536.0,0.0,0.0,0.0,12,535.6,546.6,1,536.0,0.0,0.0,0.0,0.0,0.0,229
2023-05-11 09:59:04,MO2403-P-6800,MO2403-P-6800,536.0,0.0,0.0,0.0,21,535.4,546.6,1,536.0,0.0,0.0,0.0,0.0,0.0,229
2023-05-11 09:59:04,MO2403-P-6800,MO2403-P-6800,536.0,0.0,0.0,0.0,6,535.4,546.8,1,536.0,0.0,0.0,0.0,0.0,0.0,229
2023-05-11 09:59:05,MO2403-P-6800,MO2403-P-6800,536.0,0.0,0.0,0.0,22,535.2,546.8,1,536.0,0.0,0.0,0.0,0.0,0.0,229
2023-05-11 09:59:05,MO2403-P-6800,MO2403-P-6800,536.0,0.0,0.0,0.0,7,535.2,546.8,1,536.0,0.0,0.0,0.0,0.0,0.0,229
2023-05-11 09:59:06,MO2403-P-6800,MO2403-P-6800,536.0,0.0,0.0,0.0,1,535.2,546.8,1,536.0,0.0,0.0,0.0,0.0,0.0,229
2023-05-11 09:59:13,MO2403-P-6800,MO2403-P-6800,536.0,0.0,0.0,0.0,1,535.4,546.8,1,536.0,0.0,0.0,0.0,0.0,0.0,229
2023-05-11 09:59:17,MO2403-P-6800,MO2403-P-6800,536.0,0.0,0.0,0.0,7,535.4,546.8,2,536.0,0.0,0.0,0.0,0.0,0.0,229
2023-05-11 09:59:18,MO2403-P-6800,MO2403-P-6800,536.0,0.0,0.0,0.0,7,535.4,546.8,1,536.0,0.0,0.0,0.0,0.0,0.0,229
2023-05-11 09:59:18,MO2403-P-6800,MO2403-P-6800,536.0,0.0,0.0,0.0,7,535.4,546.8,2,536.0,0.0,0.0,0.0,0.0,0.0,229
2023-05-11 09:59:19,MO2403-P-6800,MO2403-P-6800,536.0,0.0,0.0,0.0,7,535.4,546.8,1,536.0,0.0,0.0,0.0,0.0,0.0,229
2023-05-11 09:59:20,MO2403-P-6800,MO2403-P-6800,536.0,0.0,0.0,0.0,7,535.4,546.8,2,536.0,0.0,0.0,0.0,0.0,0.0,229
2023-05-11 09:59:21,MO2403-P-6800,MO2403-P-6800,536.0,0.0,0.0,0.0,7,535.4,546.8,1,536.0,0.0,0.0,0.0,0.0,0.0,229
2023-05-11 09:59:22,MO2403-P-6800,MO2403-P-6800,536.0,0.0,0.0,0.0,7,535.4,546.8,2,536.0,0.0,0.0,0.0,0.0,0.0,229
2023-05-11 09:59:23,MO2403-P-6800,MO2403-P-6800,536.0,0.0,0.0,0.0,1,535.6,546.8,2,536.0,0.0,0.0,0.0,0.0,0.0,229
2023-05-11 09:59:27,MO2403-P-6800,MO2403-P-6800,536.0,0.0,0.0,0.0,1,535.6,546.8,1,536.0,0.0,0.0,0.0,0.0,0.0,229
2023-05-11 09:59:29,MO2403-P-6800,MO2403-P-6800,536.0,0.0,0.0,0.0,1,535.6,546.8,2,536.0,0.0,0.0,0.0,0.0,0.0,229
2023-05-11 09:59:29,MO2403-P-6800,MO2403-P-6800,536.0,0.0,0.0,0.0,1,535.6,546.8,1,536.0,0.0,0.0,0.0,0.0,0.0,229
2023-05-11 09:59:30,MO2403-P-6800,MO2403-P-6800,536.0,0.0,0.0,0.0,1,535.6,546.6,1,536.0,0.0,0.0,0.0,0.0,0.0,229
2023-05-11 09:59:33,MO2403-P-6800,MO2403-P-6800,536.0,0.0,0.0,0.0,15,535.4,546.6,1,536.0,0.0,0.0,0.0,0.0,0.0,229
2023-05-11 09:59:34,MO2403-P-6800,MO2403-P-6800,536.0,0.0,0.0,0.0,18,535.0,546.6,1,536.0,0.0,0.0,0.0,0.0,0.0,229
2023-05-11 09:59:34,MO2403-P-6800,MO2403-P-6800,536.0,0.0,0.0,0.0,6,535.0,546.6,1,536.0,0.0,0.0,0.0,0.0,0.0,229
2023-05-11 09:59:35,MO2403-P-6800,MO2403-P-6800,536.0,0.0,0.0,0.0,22,534.8,546.6,1,536.0,0.0,0.0,0.0,0.0,0.0,229
2023-05-11 09:59:35,MO2403-P-6800,MO2403-P-6800,536.0,0.0,0.0,0.0,7,534.8,546.6,1,536.0,0.0,0.0,0.0,0.0,0.0,229
2023-05-11 09:59:36,MO2403-P-6800,MO2403-P-6800,536.0,0.0,0.0,0.0,1,534.8,546.6,1,536.0,0.0,0.0,0.0,0.0,0.0,229
2023-05-11 09:59:38,MO2403-P-6800,MO2403-P-6800,536.0,0.0,0.0,0.0,33,534.6,546.6,1,536.0,0.0,0.0,0.0,0.0,0.0,229
2023-05-11 09:59:39,MO2403-P-6800,MO2403-P-6800,536.0,0.0,0.0,0.0,12,534.6,546.6,1,536.0,0.0,0.0,0.0,0.0,0.0,229
2023-05-11 09:59:39,MO2403-P-6800,MO2403-P-6800,536.0,0.0,0.0,0.0,39,534.4,546.6,1,536.0,0.0,0.0,0.0,0.0,0.0,229
2023-05-11 09:59:40,MO2403-P-6800,MO2403-P-6800,536.0,0.0,0.0,0.0,18,534.4,546.6,1,536.0,0.0,0.0,0.0,0.0,0.0,229
2023-05-11 09:59:40,MO2403-P-6800,MO2403-P-6800,536.0,0.0,0.0,0.0,12,534.4,546.6,1,536.0,0.0,0.0,0.0,0.0,0.0,229
2023-05-11 09:59:41,MO2403-P-6800,MO2403-P-6800,536.0,0.0,0.0,0.0,6,534.4,546.6,1,536.0,0.0,0.0,0.0,0.0,0.0,229
2023-05-11 09:59:41,MO2403-P-6800,MO2403-P-6800,536.0,0.0,0.0,0.0,6,534.4,546.8,1,536.0,0.0,0.0,0.0,0.0,0.0,229
2023-05-11 09:59:42,MO2403-P-6800,MO2403-P-6800,536.0,0.0,0.0,0.0,6,534.4,546.8,2,536.0,0.0,0.0,0.0,0.0,0.0,229
2023-05-11 09:59:48,MO2403-P-6800,MO2403-P-6800,536.0,0.0,0.0,0.0,7,534.4,546.8,2,536.0,0.0,0.0,0.0,0.0,0.0,229
2023-05-11 09:59:54,MO2403-P-6800,MO2403-P-6800,536.0,0.0,0.0,0.0,6,534.4,546.8,2,536.0,0.0,0.0,0.0,0.0,0.0,229
2023-05-11 09:59:57,MO2403-P-6800,MO2403-P-6800,536.0,0.0,0.0,0.0,6,534.4,546.8,3,536.0,0.0,0.0,0.0,0.0,0.0,229
2023-05-11 10:00:06,MO2403-P-6800,MO2403-P-6800,536.0,0.0,0.0,0.0,6,534.4,546.8,9,536.0,0.0,0.0,0.0,0.0,0.0,229
2023-05-11 10:00:07,MO2403-P-6800,MO2403-P-6800,536.0,0.0,0.0,0.0,6,534.4,546.6,1,536.0,0.0,0.0,0.0,0.0,0.0,229
2023-05-11 10:00:08,MO2403-P-6800,MO2403-P-6800,536.0,0.0,0.0,0.0,6,534.4,546.0,1,536.0,0.0,0.0,0.0,0.0,0.0,229
2023-05-11 10:00:08,MO2403-P-6800,MO2403-P-6800,536.0,0.0,0.0,0.0,6,534.4,546.2,15,536.0,0.0,0.0,0.0,0.0,0.0,229
2023-05-11 10:00:09,MO2403-P-6800,MO2403-P-6800,536.0,0.0,0.0,0.0,6,534.4,546.2,6,536.0,0.0,0.0,0.0,0.0,0.0,229
2023-05-11 10:00:09,MO2403-P-6800,MO2403-P-6800,536.0,0.0,0.0,0.0,6,534.4,546.4,15,536.0,0.0,0.0,0.0,0.0,0.0,229
2023-05-11 10:00:10,MO2403-P-6800,MO2403-P-6800,536.0,0.0,0.0,0.0,6,534.6,546.6,6,536.0,0.0,0.0,0.0,0.0,0.0,229
2023-05-11 10:00:13,MO2403-P-6800,MO2403-P-6800,536.0,0.0,0.0,0.0,6,534.6,546.8,22,536.0,0.0,0.0,0.0,0.0,0.0,229
2023-05-11 10:00:14,MO2403-P-6800,MO2403-P-6800,536.0,0.0,0.0,0.0,6,534.6,546.8,8,536.0,0.0,0.0,0.0,0.0,0.0,229
2023-05-11 10:00:14,MO2403-P-6800,MO2403-P-6800,536.0,0.0,0.0,0.0,6,534.6,546.8,2,536.0,0.0,0.0,0.0,0.0,0.0,229
2023-05-11 10:00:23,MO2403-P-6800,MO2403-P-6800,536.0,0.0,0.0,0.0,7,534.6,546.8,2,536.0,0.0,0.0,0.0,0.0,0.0,229
2023-05-11 10:00:25,MO2403-P-6800,MO2403-P-6800,536.0,0.0,0.0,0.0,1,534.6,546.8,2,536.0,0.0,0.0,0.0,0.0,0.0,229
2023-05-11 10:00:25,MO2403-P-6800,MO2403-P-6800,536.0,0.0,0.0,0.0,1,534.6,546.8,3,536.0,0.0,0.0,0.0,0.0,0.0,229
2023-05-11 10:00:27,MO2403-P-6800,MO2403-P-6800,536.0,0.0,0.0,0.0,6,534.4,546.8,3,536.0,0.0,0.0,0.0,0.0,0.0,229
2023-05-11 10:00:28,MO2403-P-6800,MO2403-P-6800,536.0,0.0,0.0,0.0,7,534.4,546.8,3,536.0,0.0,0.0,0.0,0.0,0.0,229
2023-05-11 10:00:32,MO2403-P-6800,MO2403-P-6800,536.0,0.0,0.0,0.0,7,534.4,546.8,2,536.0,0.0,0.0,0.0,0.0,0.0,229
2023-05-11 10:00:33,MO2403-P-6800,MO2403-P-6800,536.0,0.0,0.0,0.0,7,534.4,546.8,3,536.0,0.0,0.0,0.0,0.0,0.0,229
2023-05-11 10:00:38,MO2403-P-6800,MO2403-P-6800,536.0,0.0,0.0,0.0,1,534.6,546.8,3,536.0,0.0,0.0,0.0,0.0,0.0,229
2023-05-11 10:00:40,MO2403-P-6800,MO2403-P-6800,536.0,0.0,0.0,0.0,1,534.6,546.8,1,536.0,0.0,0.0,0.0,0.0,0.0,229
2023-05-11 10:00:41,MO2403-P-6800,MO2403-P-6800,536.0,0.0,0.0,0.0,6,534.4,546.2,1,536.0,0.0,0.0,0.0,0.0,0.0,229
2023-05-11 10:00:41,MO2403-P-6800,MO2403-P-6800,536.0,0.0,0.0,0.0,7,534.4,546.2,1,536.0,0.0,0.0,0.0,0.0,0.0,229
2023-05-11 10:00:45,MO2403-P-6800,MO2403-P-6800,536.0,0.0,0.0,0.0,1,534.4,546.2,7,536.0,0.0,0.0,0.0,0.0,0.0,229
2023-05-11 10:00:46,MO2403-P-6800,MO2403-P-6800,536.0,0.0,0.0,0.0,12,534.0,546.2,7,536.0,0.0,0.0,0.0,0.0,0.0,229
2023-05-11 10:00:47,MO2403-P-6800,MO2403-P-6800,536.0,0.0,0.0,0.0,12,533.8,546.2,7,536.0,0.0,0.0,0.0,0.0,0.0,229
2023-05-11 10:00:47,MO2403-P-6800,MO2403-P-6800,536.0,0.0,0.0,0.0,31,533.6,546.2,7,536.0,0.0,0.0,0.0,0.0,0.0,229
2023-05-11 10:00:48,MO2403-P-6800,MO2403-P-6800,536.0,0.0,0.0,0.0,13,533.6,546.2,7,536.0,0.0,0.0,0.0,0.0,0.0,229
2023-05-11 10:00:48,MO2403-P-6800,MO2403-P-6800,536.0,0.0,0.0,0.0,7,533.6,546.2,7,536.0,0.0,0.0,0.0,0.0,0.0,229
2023-05-11 10:00:49,MO2403-P-6800,MO2403-P-6800,536.0,0.0,0.0,0.0,1,533.6,546.2,7,536.0,0.0,0.0,0.0,0.0,0.0,229
2023-05-11 10:00:56,MO2403-P-6800,MO2403-P-6800,536.0,0.0,0.0,0.0,1,533.8,546.2,7,536.0,0.0,0.0,0.0,0.0,0.0,229
2023-05-11 10:01:06,MO2403-P-6800,MO2403-P-6800,536.0,0.0,0.0,0.0,1,534.0,546.2,7,536.0,0.0,0.0,0.0,0.0,0.0,229
2023-05-11 10:01:16,MO2403-P-6800,MO2403-P-6800,536.0,0.0,0.0,0.0,1,534.2,546.2,7,536.0,0.0,0.0,0.0,0.0,0.0,229
2023-05-11 10:01:20,MO2403-P-6800,MO2403-P-6800,536.0,0.0,0.0,0.0,6,534.4,546.4,33,536.0,0.0,0.0,0.0,0.0,0.0,229
2023-05-11 10:01:21,MO2403-P-6800,MO2403-P-6800,536.0,0.0,0.0,0.0,6,534.6,546.4,13,536.0,0.0,0.0,0.0,0.0,0.0,229
2023-05-11 10:01:21,MO2403-P-6800,MO2403-P-6800,536.0,0.0,0.0,0.0,6,534.6,546.4,7,536.0,0.0,0.0,0.0,0.0,0.0,229
2023-05-11 10:01:22,MO2403-P-6800,MO2403-P-6800,536.0,0.0,0.0,0.0,6,534.6,546.8,13,536.0,0.0,0.0,0.0,0.0,0.0,229
2023-05-11 10:01:23,MO2403-P-6800,MO2403-P-6800,536.0,0.0,0.0,0.0,6,534.6,546.6,1,536.0,0.0,0.0,0.0,0.0,0.0,229
2023-05-11 10:01:26,MO2403-P-6800,MO2403-P-6800,536.0,0.0,0.0,0.0,7,534.6,546.6,1,536.0,0.0,0.0,0.0,0.0,0.0,229
2023-05-11 10:01:36,MO2403-P-6800,MO2403-P-6800,536.0,0.0,0.0,0.0,1,534.8,546.6,1,536.0,0.0,0.0,0.0,0.0,0.0,229
2023-05-11 10:01:37,MO2403-P-6800,MO2403-P-6800,536.0,0.0,0.0,0.0,7,534.8,546.6,1,536.0,0.0,0.0,0.0,0.0,0.0,229
2023-05-11 10:01:40,MO2403-P-6800,MO2403-P-6800,536.0,0.0,0.0,0.0,9,534.8,546.6,1,536.0,0.0,0.0,0.0,0.0,0.0,229
2023-05-11 10:01:43,MO2403-P-6800,MO2403-P-6800,536.0,0.0,0.0,0.0,7,534.8,546.6,1,536.0,0.0,0.0,0.0,0.0,0.0,229
2023-05-11 10:01:46,MO2403-P-6800,MO2403-P-6800,536.0,0.0,0.0,0.0,1,535.0,546.6,1,536.0,0.0,0.0,0.0,0.0,0.0,229
2023-05-11 10:01:56,MO2403-P-6800,MO2403-P-6800,536.0,0.0,0.0,0.0,1,535.2,546.6,1,536.0,0.0,0.0,0.0,0.0,0.0,229
2023-05-11 10:02:06,MO2403-P-6800,MO2403-P-6800,536.0,0.0,0.0,0.0,1,535.4,546.6,1,536.0,0.0,0.0,0.0,0.0,0.0,229
2023-05-11 10:02:16,MO2403-P-6800,MO2403-P-6800,536.0,0.0,0.0,0.0,1,535.6,546.6,1,536.0,0.0,0.0,0.0,0.0,0.0,229
2023-05-11 10:02:19,MO2403-P-6800,MO2403-P-6800,536.0,0.0,0.0,0.0,1,535.6,546.6,7,536.0,0.0,0.0,0.0,0.0,0.0,229
2023-05-11 10:02:26,MO2403-P-6800,MO2403-P-6800,536.0,0.0,0.0,0.0,1,535.8,546.6,7,536.0,0.0,0.0,0.0,0.0,0.0,229
2023-05-11 10:02:28,MO2403-P-6800,MO2403-P-6800,536.0,0.0,0.0,0.0,1,535.8,546.6,6,536.0,0.0,0.0,0.0,0.0,0.0,229
2023-05-11 10:02:30,MO2403-P-6800,MO2403-P-6800,536.0,0.0,0.0,0.0,1,535.8,546.6,7,536.0,0.0,0.0,0.0,0.0,0.0,229
2023-05-11 10:02:36,MO2403-P-6800,MO2403-P-6800,536.0,0.0,0.0,0.0,1,536.0,546.6,7,536.0,0.0,0.0,0.0,0.0,0.0,229
2023-05-11 10:02:40,MO2403-P-6800,MO2403-P-6800,536.0,0.0,0.0,0.0,1,536.0,546.8,16,536.0,0.0,0.0,0.0,0.0,0.0,229
2023-05-11 10:02:41,MO2403-P-6800,MO2403-P-6800,536.0,0.0,0.0,0.0,1,536.0,546.8,1,536.0,0.0,0.0,0.0,0.0,0.0,229
2023-05-11 10:02:42,MO2403-P-6800,MO2403-P-6800,536.0,0.0,0.0,0.0,1,536.0,546.6,1,536.0,0.0,0.0,0.0,0.0,0.0,229
2023-05-11 10:02:42,MO2403-P-6800,MO2403-P-6800,536.0,0.0,0.0,0.0,1,536.0,546.8,16,536.0,0.0,0.0,0.0,0.0,0.0,229
2023-05-11 10:02:43,MO2403-P-6800,MO2403-P-6800,536.0,0.0,0.0,0.0,1,536.0,546.8,1,536.0,0.0,0.0,0.0,0.0,0.0,229
2023-05-11 10:02:44,MO2403-P-6800,MO2403-P-6800,536.0,0.0,0.0,0.0,1,536.0,546.6,1,536.0,0.0,0.0,0.0,0.0,0.0,229
2023-05-11 10:02:44,MO2403-P-6800,MO2403-P-6800,536.0,0.0,0.0,0.0,1,536.0,546.8,16,536.0,0.0,0.0,0.0,0.0,0.0,229
2023-05-11 10:02:45,MO2403-P-6800,MO2403-P-6800,536.0,0.0,0.0,0.0,1,536.0,546.4,1,536.0,0.0,0.0,0.0,0.0,0.0,229
2023-05-11 10:02:46,MO2403-P-6800,MO2403-P-6800,536.0,0.0,0.0,0.0,1,536.2,546.4,1,536.0,0.0,0.0,0.0,0.0,0.0,229
2023-05-11 10:02:50,MO2403-P-6800,MO2403-P-6800,536.0,0.0,0.0,0.0,1,536.2,546.6,15,536.0,0.0,0.0,0.0,0.0,0.0,229
2023-05-11 10:02:51,MO2403-P-6800,MO2403-P-6800,536.0,0.0,0.0,0.0,1,536.2,546.6,1,536.0,0.0,0.0,0.0,0.0,0.0,229
2023-05-11 10:02:52,MO2403-P-6800,MO2403-P-6800,536.0,0.0,0.0,0.0,1,536.2,546.8,16,536.0,0.0,0.0,0.0,0.0,0.0,229
2023-05-11 10:02:52,MO2403-P-6800,MO2403-P-6800,536.0,0.0,0.0,0.0,1,536.2,546.6,1,536.0,0.0,0.0,0.0,0.0,0.0,229
2023-05-11 10:02:54,MO2403-P-6800,MO2403-P-6800,536.0,0.0,0.0,0.0,1,536.2,546.8,16,536.0,0.0,0.0,0.0,0.0,0.0,229
2023-05-11 10:02:55,MO2403-P-6800,MO2403-P-6800,536.0,0.0,0.0,0.0,1,536.2,546.8,1,536.0,0.0,0.0,0.0,0.0,0.0,229
2023-05-11 10:02:55,MO2403-P-6800,MO2403-P-6800,536.0,0.0,0.0,0.0,1,536.2,546.8,2,536.0,0.0,0.0,0.0,0.0,0.0,229
2023-05-11 10:02:56,MO2403-P-6800,MO2403-P-6800,536.0,0.0,0.0,0.0,1,536.4,546.8,2,536.0,0.0,0.0,0.0,0.0,0.0,229
2023-05-11 10:02:58,MO2403-P-6800,MO2403-P-6800,536.0,0.0,0.0,0.0,1,536.4,546.8,8,536.0,0.0,0.0,0.0,0.0,0.0,229
2023-05-11 10:03:06,MO2403-P-6800,MO2403-P-6800,536.0,0.0,0.0,0.0,1,536.6,546.8,8,536.0,0.0,0.0,0.0,0.0,0.0,229
2023-05-11 10:03:16,MO2403-P-6800,MO2403-P-6800,536.0,0.0,0.0,0.0,1,536.8,546.8,8,536.0,0.0,0.0,0.0,0.0,0.0,229
2023-05-11 10:03:26,MO2403-P-6800,MO2403-P-6800,536.0,0.0,0.0,0.0,1,537.0,546.8,8,536.0,0.0,0.0,0.0,0.0,0.0,229
2023-05-11 10:03:33,MO2403-P-6800,MO2403-P-6800,536.0,0.0,0.0,0.0,1,536.4,546.8,8,536.0,0.0,0.0,0.0,0.0,0.0,229
2023-05-11 10:03:43,MO2403-P-6800,MO2403-P-6800,536.0,0.0,0.0,0.0,1,536.6,546.8,8,536.0,0.0,0.0,0.0,0.0,0.0,229
2023-05-11 10:03:53,MO2403-P-6800,MO2403-P-6800,536.0,0.0,0.0,0.0,1,536.8,546.8,8,536.0,0.0,0.0,0.0,0.0,0.0,229
2023-05-11 10:04:03,MO2403-P-6800,MO2403-P-6800,536.0,0.0,0.0,0.0,1,537.0,546.8,8,536.0,0.0,0.0,0.0,0.0,0.0,229
2023-05-11 10:04:13,MO2403-P-6800,MO2403-P-6800,536.0,0.0,0.0,0.0,1,537.2,546.8,8,536.0,0.0,0.0,0.0,0.0,0.0,229
2023-05-11 10:04:16,MO2403-P-6800,MO2403-P-6800,536.0,0.0,0.0,0.0,1,536.4,546.8,8,536.0,0.0,0.0,0.0,0.0,0.0,229
2023-05-11 10:04:16,MO2403-P-6800,MO2403-P-6800,536.0,0.0,0.0,0.0,1,536.4,542.8,1,536.0,0.0,0.0,0.0,0.0,0.0,229
2023-05-11 10:04:17,MO2403-P-6800,MO2403-P-6800,536.0,0.0,0.0,0.0,1,536.4,542.8,7,536.0,0.0,0.0,0.0,0.0,0.0,229
2023-05-11 10:04:26,MO2403-P-6800,MO2403-P-6800,536.0,0.0,0.0,0.0,1,536.6,542.8,7,536.0,0.0,0.0,0.0,0.0,0.0,229
2023-05-11 10:04:33,MO2403-P-6800,MO2403-P-6800,536.0,0.0,0.0,0.0,1,535.8,542.8,7,536.0,0.0,0.0,0.0,0.0,0.0,229
2023-05-11 10:04:43,MO2403-P-6800,MO2403-P-6800,536.0,0.0,0.0,0.0,1,536.0,542.8,7,536.0,0.0,0.0,0.0,0.0,0.0,229
2023-05-11 10:04:53,MO2403-P-6800,MO2403-P-6800,536.0,0.0,0.0,0.0,1,536.2,542.8,7,536.0,0.0,0.0,0.0,0.0,0.0,229
2023-05-11 10:05:03,MO2403-P-6800,MO2403-P-6800,536.0,0.0,0.0,0.0,1,536.4,542.8,7,536.0,0.0,0.0,0.0,0.0,0.0,229
2023-05-11 10:05:13,MO2403-P-6800,MO2403-P-6800,536.0,0.0,0.0,0.0,1,536.6,542.8,7,536.0,0.0,0.0,0.0,0.0,0.0,229
2023-05-11 10:05:20,MO2403-P-6800,MO2403-P-6800,536.0,0.0,0.0,0.0,36,534.6,542.8,7,536.0,0.0,0.0,0.0,0.0,0.0,229
2023-05-11 10:05:21,MO2403-P-6800,MO2403-P-6800,536.0,0.0,0.0,0.0,6,534.6,542.8,7,536.0,0.0,0.0,0.0,0.0,0.0,229
2023-05-11 10:05:21,MO2403-P-6800,MO2403-P-6800,536.0,0.0,0.0,0.0,12,534.4,542.8,7,536.0,0.0,0.0,0.0,0.0,0.0,229
2023-05-11 10:05:22,MO2403-P-6800,MO2403-P-6800,536.0,0.0,0.0,0.0,6,534.4,542.8,7,536.0,0.0,0.0,0.0,0.0,0.0,229
2023-05-11 10:05:40,MO2403-P-6800,MO2403-P-6800,536.0,0.0,0.0,0.0,6,534.4,542.8,8,536.0,0.0,0.0,0.0,0.0,0.0,229
2023-05-11 10:05:50,MO2403-P-6800,MO2403-P-6800,536.0,0.0,0.0,0.0,6,534.4,542.6,1,536.0,0.0,0.0,0.0,0.0,0.0,229
2023-05-11 10:05:57,MO2403-P-6800,MO2403-P-6800,536.0,0.0,0.0,0.0,12,534.0,542.6,1,536.0,0.0,0.0,0.0,0.0,0.0,229
2023-05-11 10:05:57,MO2403-P-6800,MO2403-P-6800,536.0,0.0,0.0,0.0,6,534.0,542.6,1,536.0,0.0,0.0,0.0,0.0,0.0,229
2023-05-11 10:05:58,MO2403-P-6800,MO2403-P-6800,536.0,0.0,0.0,0.0,48,533.2,542.6,1,536.0,0.0,0.0,0.0,0.0,0.0,229
2023-05-11 10:05:58,MO2403-P-6800,MO2403-P-6800,536.0,0.0,0.0,0.0,12,533.2,542.6,1,536.0,0.0,0.0,0.0,0.0,0.0,229
2023-05-11 10:05:59,MO2403-P-6800,MO2403-P-6800,536.0,0.0,0.0,0.0,12,533.0,542.6,1,536.0,0.0,0.0,0.0,0.0,0.0,229
2023-05-11 10:05:59,MO2403-P-6800,MO2403-P-6800,536.0,0.0,0.0,0.0,6,533.0,542.6,1,536.0,0.0,0.0,0.0,0.0,0.0,229
2023-05-11 10:06:00,MO2403-P-6800,MO2403-P-6800,536.0,0.0,0.0,0.0,6,533.0,542.4,1,536.0,0.0,0.0,0.0,0.0,0.0,229
2023-05-11 10:06:10,MO2403-P-6800,MO2403-P-6800,536.0,0.0,0.0,0.0,6,533.0,542.2,1,536.0,0.0,0.0,0.0,0.0,0.0,229
2023-05-11 10:06:11,MO2403-P-6800,MO2403-P-6800,536.0,0.0,0.0,0.0,6,533.0,542.4,21,536.0,0.0,0.0,0.0,0.0,0.0,229
2023-05-11 10:06:12,MO2403-P-6800,MO2403-P-6800,536.0,0.0,0.0,0.0,6,533.0,542.4,6,536.0,0.0,0.0,0.0,0.0,0.0,229
2023-05-11 10:06:12,MO2403-P-6800,MO2403-P-6800,536.0,0.0,0.0,0.0,6,533.0,542.6,21,536.0,0.0,0.0,0.0,0.0,0.0,229
2023-05-11 10:06:13,MO2403-P-6800,MO2403-P-6800,536.0,0.0,0.0,0.0,6,533.2,542.6,6,536.0,0.0,0.0,0.0,0.0,0.0,229
2023-05-11 10:06:13,MO2403-P-6800,MO2403-P-6800,536.0,0.0,0.0,0.0,8,533.2,542.8,34,536.0,0.0,0.0,0.0,0.0,0.0,229
2023-05-11 10:06:14,MO2403-P-6800,MO2403-P-6800,536.0,0.0,0.0,0.0,8,533.2,542.8,14,536.0,0.0,0.0,0.0,0.0,0.0,229
2023-05-11 10:06:16,MO2403-P-6800,MO2403-P-6800,536.0,0.0,0.0,0.0,6,533.2,542.8,14,536.0,0.0,0.0,0.0,0.0,0.0,229
2023-05-11 10:06:17,MO2403-P-6800,MO2403-P-6800,536.0,0.0,0.0,0.0,8,533.2,542.8,14,536.0,0.0,0.0,0.0,0.0,0.0,229
2023-05-11 10:06:19,MO2403-P-6800,MO2403-P-6800,536.0,0.0,0.0,0.0,14,533.2,542.8,14,536.0,0.0,0.0,0.0,0.0,0.0,229
2023-05-11 10:06:19,MO2403-P-6800,MO2403-P-6800,536.0,0.0,0.0,0.0,6,533.4,542.8,14,536.0,0.0,0.0,0.0,0.0,0.0,229
2023-05-11 10:06:23,MO2403-P-6800,MO2403-P-6800,536.0,0.0,0.0,0.0,8,533.2,542.8,14,536.0,0.0,0.0,0.0,0.0,0.0,229
2023-05-11 10:06:24,MO2403-P-6800,MO2403-P-6800,536.0,0.0,0.0,0.0,6,533.4,542.6,1,536.0,0.0,0.0,0.0,0.0,0.0,229
2023-05-11 10:06:27,MO2403-P-6800,MO2403-P-6800,536.0,0.0,0.0,0.0,8,533.2,542.6,1,536.0,0.0,0.0,0.0,0.0,0.0,229
2023-05-11 10:06:31,MO2403-P-6800,MO2403-P-6800,536.0,0.0,0.0,0.0,6,533.2,542.6,1,536.0,0.0,0.0,0.0,0.0,0.0,229
2023-05-11 10:06:32,MO2403-P-6800,MO2403-P-6800,536.0,0.0,0.0,0.0,8,533.2,542.6,1,536.0,0.0,0.0,0.0,0.0,0.0,229
2023-05-11 10:06:34,MO2403-P-6800,MO2403-P-6800,536.0,0.0,0.0,0.0,8,533.2,542.4,1,536.0,0.0,0.0,0.0,0.0,0.0,229
2023-05-11 10:06:35,MO2403-P-6800,MO2403-P-6800,536.0,0.0,0.0,0.0,6,533.4,542.4,1,536.0,0.0,0.0,0.0,0.0,0.0,229
2023-05-11 10:06:36,MO2403-P-6800,MO2403-P-6800,536.0,0.0,0.0,0.0,6,533.4,542.6,15,536.0,0.0,0.0,0.0,0.0,0.0,229
2023-05-11 10:06:37,MO2403-P-6800,MO2403-P-6800,536.0,0.0,0.0,0.0,6,533.4,542.8,14,536.0,0.0,0.0,0.0,0.0,0.0,229
2023-05-11 10:06:46,MO2403-P-6800,MO2403-P-6800,536.0,0.0,0.0,0.0,6,533.4,542.6,1,536.0,0.0,0.0,0.0,0.0,0.0,229
2023-05-11 10:06:47,MO2403-P-6800,MO2403-P-6800,536.0,0.0,0.0,0.0,14,533.2,542.6,1,536.0,0.0,0.0,0.0,0.0,0.0,229
2023-05-11 10:06:48,MO2403-P-6800,MO2403-P-6800,536.0,0.0,0.0,0.0,8,533.2,542.6,1,536.0,0.0,0.0,0.0,0.0,0.0,229
2023-05-11 10:06:56,MO2403-P-6800,MO2403-P-6800,536.0,0.0,0.0,0.0,8,533.2,542.8,13,536.0,0.0,0.0,0.0,0.0,0.0,229
2023-05-11 10:06:56,MO2403-P-6800,MO2403-P-6800,536.0,0.0,0.0,0.0,6,533.4,542.8,8,536.0,0.0,0.0,0.0,0.0,0.0,229
2023-05-11 10:06:57,MO2403-P-6800,MO2403-P-6800,536.0,0.0,0.0,0.0,6,533.4,542.8,2,536.0,0.0,0.0,0.0,0.0,0.0,229
2023-05-11 10:07:07,MO2403-P-6800,MO2403-P-6800,536.0,0.0,0.0,0.0,6,533.4,542.6,1,536.0,0.0,0.0,0.0,0.0,0.0,229
2023-05-11 10:07:18,MO2403-P-6800,MO2403-P-6800,536.0,0.0,0.0,0.0,6,533.4,542.8,1,536.0,0.0,0.0,0.0,0.0,0.0,229
2023-05-11 10:07:30,MO2403-P-6800,MO2403-P-6800,536.0,0.0,0.0,0.0,23,533.2,542.8,1,536.0,0.0,0.0,0.0,0.0,0.0,229
2023-05-11 10:07:31,MO2403-P-6800,MO2403-P-6800,536.0,0.0,0.0,0.0,8,533.2,542.8,1,536.0,0.0,0.0,0.0,0.0,0.0,229
2023-05-11 10:07:40,MO2403-P-6800,MO2403-P-6800,536.0,0.0,0.0,0.0,6,533.2,542.8,1,536.0,0.0,0.0,0.0,0.0,0.0,229
2023-05-11 10:07:41,MO2403-P-6800,MO2403-P-6800,536.0,0.0,0.0,0.0,8,533.2,542.8,1,536.0,0.0,0.0,0.0,0.0,0.0,229
2023-05-11 10:07:44,MO2403-P-6800,MO2403-P-6800,536.0,0.0,0.0,0.0,6,533.4,542.8,1,536.0,0.0,0.0,0.0,0.0,0.0,229
2023-05-11 10:07:51,MO2403-P-6800,MO2403-P-6800,536.0,0.0,0.0,0.0,12,533.4,542.8,1,536.0,0.0,0.0,0.0,0.0,0.0,229
2023-05-11 10:07:51,MO2403-P-6800,MO2403-P-6800,536.0,0.0,0.0,0.0,6,534.6,543.4,18,536.0,0.0,0.0,0.0,0.0,0.0,229
2023-05-11 10:07:52,MO2403-P-6800,MO2403-P-6800,536.0,0.0,0.0,0.0,14,534.6,543.6,6,536.0,0.0,0.0,0.0,0.0,0.0,229
2023-05-11 10:07:52,MO2403-P-6800,MO2403-P-6800,536.0,0.0,0.0,0.0,20,534.6,543.8,12,536.0,0.0,0.0,0.0,0.0,0.0,229
2023-05-11 10:07:53,MO2403-P-6800,MO2403-P-6800,536.0,0.0,0.0,0.0,6,534.8,544.4,12,536.0,0.0,0.0,0.0,0.0,0.0,229
2023-05-11 10:07:53,MO2403-P-6800,MO2403-P-6800,536.0,0.0,0.0,0.0,6,534.8,544.6,1,536.0,0.0,0.0,0.0,0.0,0.0,229
2023-05-11 10:07:54,MO2403-P-6800,MO2403-P-6800,536.0,0.0,0.0,0.0,6,534.8,545.2,1,536.0,0.0,0.0,0.0,0.0,0.0,229
2023-05-11 10:08:04,MO2403-P-6800,MO2403-P-6800,536.0,0.0,0.0,0.0,6,534.8,545.0,1,536.0,0.0,0.0,0.0,0.0,0.0,229
2023-05-11 10:08:07,MO2403-P-6800,MO2403-P-6800,536.0,0.0,0.0,0.0,41,534.6,545.0,1,536.0,0.0,0.0,0.0,0.0,0.0,229
2023-05-11 10:08:08,MO2403-P-6800,MO2403-P-6800,536.0,0.0,0.0,0.0,26,534.6,545.0,1,536.0,0.0,0.0,0.0,0.0,0.0,229
2023-05-11 10:08:08,MO2403-P-6800,MO2403-P-6800,536.0,0.0,0.0,0.0,20,534.6,545.0,1,536.0,0.0,0.0,0.0,0.0,0.0,229
2023-05-11 10:08:12,MO2403-P-6800,MO2403-P-6800,536.0,0.0,0.0,0.0,6,534.8,545.0,1,536.0,0.0,0.0,0.0,0.0,0.0,229
2023-05-11 10:08:16,MO2403-P-6800,MO2403-P-6800,536.0,0.0,0.0,0.0,6,534.8,544.8,1,536.0,0.0,0.0,0.0,0.0,0.0,229
2023-05-11 10:08:20,MO2403-P-6800,MO2403-P-6800,536.0,0.0,0.0,0.0,35,534.6,544.8,1,536.0,0.0,0.0,0.0,0.0,0.0,229
2023-05-11 10:08:21,MO2403-P-6800,MO2403-P-6800,536.0,0.0,0.0,0.0,18,534.6,544.8,1,536.0,0.0,0.0,0.0,0.0,0.0,229
2023-05-11 10:08:25,MO2403-P-6800,MO2403-P-6800,536.0,0.0,0.0,0.0,18,534.6,545.4,1,536.0,0.0,0.0,0.0,0.0,0.0,229
2023-05-11 10:08:37,MO2403-P-6800,MO2403-P-6800,536.0,0.0,0.0,0.0,18,534.6,545.2,1,536.0,0.0,0.0,0.0,0.0,0.0,229
2023-05-11 10:08:38,MO2403-P-6800,MO2403-P-6800,536.0,0.0,0.0,0.0,12,534.6,545.2,2,536.0,0.0,0.0,0.0,0.0,0.0,229
2023-05-11 10:08:39,MO2403-P-6800,MO2403-P-6800,536.0,0.0,0.0,0.0,6,534.6,545.2,1,536.0,0.0,0.0,0.0,0.0,0.0,229
2023-05-11 10:08:42,MO2403-P-6800,MO2403-P-6800,536.0,0.0,0.0,0.0,6,534.6,545.6,6,536.0,0.0,0.0,0.0,0.0,0.0,229
2023-05-11 10:08:43,MO2403-P-6800,MO2403-P-6800,536.0,0.0,0.0,0.0,6,534.6,545.8,6,536.0,0.0,0.0,0.0,0.0,0.0,229
2023-05-11 10:08:45,MO2403-P-6800,MO2403-P-6800,536.0,0.0,0.0,0.0,6,534.6,546.0,7,536.0,0.0,0.0,0.0,0.0,0.0,229
2023-05-11 10:08:45,MO2403-P-6800,MO2403-P-6800,536.0,0.0,0.0,0.0,6,534.6,546.0,2,536.0,0.0,0.0,0.0,0.0,0.0,229
2023-05-11 10:08:46,MO2403-P-6800,MO2403-P-6800,536.0,0.0,0.0,0.0,6,534.6,546.0,1,536.0,0.0,0.0,0.0,0.0,0.0,229
2023-05-11 10:08:47,MO2403-P-6800,MO2403-P-6800,536.0,0.0,0.0,0.0,6,534.6,546.0,2,536.0,0.0,0.0,0.0,0.0,0.0,229
2023-05-11 10:08:47,MO2403-P-6800,MO2403-P-6800,536.0,0.0,0.0,0.0,6,534.6,546.0,1,536.0,0.0,0.0,0.0,0.0,0.0,229
2023-05-11 10:08:48,MO2403-P-6800,MO2403-P-6800,536.0,0.0,0.0,0.0,6,534.6,546.2,36,536.0,0.0,0.0,0.0,0.0,0.0,229
2023-05-11 10:08:48,MO2403-P-6800,MO2403-P-6800,536.0,0.0,0.0,0.0,6,534.6,546.2,31,536.0,0.0,0.0,0.0,0.0,0.0,229
