time,symbol_id,symbol_name,last,trade_volume,trade_amount,open_interest_change,bv1,bp1,ap1,av1,yesterday_close,today_open,today_high,today_low,volume,amount,open_interest
2023-05-11 09:29:00,MO2403-P-6000,MO2403-P-6000,161.6,0.0,0.0,0.0,1,128.0,184.4,1,161.6,157.4,0.0,0.0,0.0,0.0,432
2023-05-11 09:30:00,MO2403-P-6000,MO2403-P-6000,161.6,0.0,0.0,0.0,2,131.6,177.8,1,161.6,157.4,0.0,0.0,0.0,0.0,432
2023-05-11 09:30:01,MO2403-P-6000,MO2403-P-6000,161.6,0.0,0.0,0.0,6,131.8,177.8,1,161.6,157.4,0.0,0.0,0.0,0.0,432
2023-05-11 09:30:01,MO2403-P-6000,MO2403-P-6000,161.6,0.0,0.0,0.0,1,136.4,177.8,1,161.6,157.4,0.0,0.0,0.0,0.0,432
2023-05-11 09:30:02,MO2403-P-6000,MO2403-P-6000,161.6,0.0,0.0,0.0,1,136.4,177.6,6,161.6,157.4,0.0,0.0,0.0,0.0,432
2023-05-11 09:30:06,MO2403-P-6000,MO2403-P-6000,161.6,0.0,0.0,0.0,1,136.6,177.4,1,161.6,157.4,0.0,0.0,0.0,0.0,432
2023-05-11 09:30:06,MO2403-P-6000,MO2403-P-6000,161.6,0.0,0.0,0.0,1,136.6,177.2,6,161.6,157.4,0.0,0.0,0.0,0.0,432
2023-05-11 09:30:07,MO2403-P-6000,MO2403-P-6000,161.6,0.0,0.0,0.0,1,136.6,177.0,1,161.6,157.4,0.0,0.0,0.0,0.0,432
2023-05-11 09:30:07,MO2403-P-6000,MO2403-P-6000,161.6,0.0,0.0,0.0,1,144.6,176.8,6,161.6,157.4,0.0,0.0,0.0,0.0,432
2023-05-11 09:30:08,MO2403-P-6000,MO2403-P-6000,161.6,0.0,0.0,0.0,1,144.8,176.6,1,161.6,157.4,0.0,0.0,0.0,0.0,432
2023-05-11 09:30:08,MO2403-P-6000,MO2403-P-6000,161.6,0.0,0.0,0.0,1,152.6,176.4,6,161.6,157.4,0.0,0.0,0.0,0.0,432
2023-05-11 09:30:09,MO2403-P-6000,MO2403-P-6000,161.6,0.0,0.0,0.0,1,152.6,176.2,1,161.6,157.4,0.0,0.0,0.0,0.0,432
2023-05-11 09:30:09,MO2403-P-6000,MO2403-P-6000,161.6,0.0,0.0,0.0,1,152.6,176.0,6,161.6,157.4,0.0,0.0,0.0,0.0,432
2023-05-11 09:30:10,MO2403-P-6000,MO2403-P-6000,161.6,0.0,0.0,0.0,1,152.6,175.8,1,161.6,157.4,0.0,0.0,0.0,0.0,432
2023-05-11 09:30:10,MO2403-P-6000,MO2403-P-6000,161.6,0.0,0.0,0.0,1,152.6,175.6,6,161.6,157.4,0.0,0.0,0.0,0.0,432
2023-05-11 09:30:11,MO2403-P-6000,MO2403-P-6000,161.6,0.0,0.0,0.0,2,152.6,175.4,1,161.6,157.4,0.0,0.0,0.0,0.0,432
2023-05-11 09:30:11,MO2403-P-6000,MO2403-P-6000,161.6,0.0,0.0,0.0,2,152.6,175.2,6,161.6,157.4,0.0,0.0,0.0,0.0,432
2023-05-11 09:30:12,MO2403-P-6000,MO2403-P-6000,161.6,0.0,0.0,0.0,2,152.6,175.0,1,161.6,157.4,0.0,0.0,0.0,0.0,432
2023-05-11 09:30:12,MO2403-P-6000,MO2403-P-6000,161.6,0.0,0.0,0.0,2,152.6,174.8,6,161.6,157.4,0.0,0.0,0.0,0.0,432
2023-05-11 09:30:13,MO2403-P-6000,MO2403-P-6000,161.6,0.0,0.0,0.0,2,152.6,174.6,1,161.6,157.4,0.0,0.0,0.0,0.0,432
2023-05-11 09:30:13,MO2403-P-6000,MO2403-P-6000,161.6,0.0,0.0,0.0,2,152.6,174.4,6,161.6,157.4,0.0,0.0,0.0,0.0,432
2023-05-11 09:30:14,MO2403-P-6000,MO2403-P-6000,161.6,0.0,0.0,0.0,2,152.6,174.2,1,161.6,157.4,0.0,0.0,0.0,0.0,432
2023-05-11 09:30:14,MO2403-P-6000,MO2403-P-6000,161.6,0.0,0.0,0.0,2,152.6,174.0,6,161.6,157.4,0.0,0.0,0.0,0.0,432
2023-05-11 09:30:15,MO2403-P-6000,MO2403-P-6000,161.6,0.0,0.0,0.0,1,152.6,173.8,1,161.6,157.4,0.0,0.0,0.0,0.0,432
2023-05-11 09:30:15,MO2403-P-6000,MO2403-P-6000,161.6,0.0,0.0,0.0,1,152.6,173.6,6,161.6,157.4,0.0,0.0,0.0,0.0,432
2023-05-11 09:30:16,MO2403-P-6000,MO2403-P-6000,161.6,0.0,0.0,0.0,1,152.6,173.4,1,161.6,157.4,0.0,0.0,0.0,0.0,432
2023-05-11 09:30:16,MO2403-P-6000,MO2403-P-6000,161.6,0.0,0.0,0.0,1,152.6,173.2,6,161.6,157.4,0.0,0.0,0.0,0.0,432
2023-05-11 09:30:17,MO2403-P-6000,MO2403-P-6000,161.6,0.0,0.0,0.0,1,152.6,173.0,1,161.6,157.4,0.0,0.0,0.0,0.0,432
2023-05-11 09:30:17,MO2403-P-6000,MO2403-P-6000,161.6,0.0,0.0,0.0,1,152.6,172.8,6,161.6,157.4,0.0,0.0,0.0,0.0,432
2023-05-11 09:30:18,MO2403-P-6000,MO2403-P-6000,161.6,0.0,0.0,0.0,1,152.6,172.6,1,161.6,157.4,0.0,0.0,0.0,0.0,432
2023-05-11 09:30:18,MO2403-P-6000,MO2403-P-6000,161.6,0.0,0.0,0.0,1,152.6,172.4,6,161.6,157.4,0.0,0.0,0.0,0.0,432
2023-05-11 09:30:19,MO2403-P-6000,MO2403-P-6000,161.6,0.0,0.0,0.0,1,152.6,172.2,1,161.6,157.4,0.0,0.0,0.0,0.0,432
2023-05-11 09:30:19,MO2403-P-6000,MO2403-P-6000,161.6,0.0,0.0,0.0,1,152.6,172.0,6,161.6,157.4,0.0,0.0,0.0,0.0,432
2023-05-11 09:30:20,MO2403-P-6000,MO2403-P-6000,161.6,0.0,0.0,0.0,1,152.6,171.8,1,161.6,157.4,0.0,0.0,0.0,0.0,432
2023-05-11 09:30:20,MO2403-P-6000,MO2403-P-6000,161.6,0.0,0.0,0.0,1,152.6,171.6,6,161.6,157.4,0.0,0.0,0.0,0.0,432
2023-05-11 09:30:21,MO2403-P-6000,MO2403-P-6000,161.6,0.0,0.0,0.0,1,152.8,163.6,1,161.6,157.4,0.0,0.0,0.0,0.0,432
2023-05-11 09:30:21,MO2403-P-6000,MO2403-P-6000,161.6,0.0,0.0,0.0,1,152.8,163.4,6,161.6,157.4,0.0,0.0,0.0,0.0,432
2023-05-11 09:30:22,MO2403-P-6000,MO2403-P-6000,161.6,0.0,0.0,0.0,1,152.8,157.6,1,161.6,157.4,0.0,0.0,0.0,0.0,432
2023-05-11 09:30:24,MO2403-P-6000,MO2403-P-6000,161.6,0.0,0.0,0.0,1,152.8,157.6,7,161.6,157.4,0.0,0.0,0.0,0.0,432
2023-05-11 09:30:31,MO2403-P-6000,MO2403-P-6000,161.6,0.0,0.0,0.0,1,153.0,157.6,7,161.6,157.4,0.0,0.0,0.0,0.0,432
2023-05-11 09:30:35,MO2403-P-6000,MO2403-P-6000,161.6,0.0,0.0,0.0,1,153.0,156.8,1,161.6,157.4,0.0,0.0,0.0,0.0,432
2023-05-11 09:30:41,MO2403-P-6000,MO2403-P-6000,161.6,0.0,0.0,0.0,2,149.6,156.8,1,161.6,157.4,0.0,0.0,0.0,0.0,432
2023-05-11 09:30:41,MO2403-P-6000,MO2403-P-6000,161.6,0.0,0.0,0.0,7,149.4,156.8,1,161.6,157.4,0.0,0.0,0.0,0.0,432
2023-05-11 09:30:42,MO2403-P-6000,MO2403-P-6000,161.6,0.0,0.0,0.0,1,149.4,156.8,1,161.6,157.4,0.0,0.0,0.0,0.0,432
2023-05-11 09:30:58,MO2403-P-6000,MO2403-P-6000,161.6,0.0,0.0,0.0,1,149.4,157.6,18,161.6,157.4,0.0,0.0,0.0,0.0,432
2023-05-11 09:30:59,MO2403-P-6000,MO2403-P-6000,161.6,0.0,0.0,0.0,1,149.4,157.4,1,161.6,157.4,0.0,0.0,0.0,0.0,432
2023-05-11 09:31:00,MO2403-P-6000,MO2403-P-6000,161.6,0.0,0.0,0.0,1,149.4,157.2,6,161.6,157.4,0.0,0.0,0.0,0.0,432
2023-05-11 09:31:03,MO2403-P-6000,MO2403-P-6000,161.6,0.0,0.0,0.0,2,149.4,157.2,6,161.6,157.4,0.0,0.0,0.0,0.0,432
2023-05-11 09:31:03,MO2403-P-6000,MO2403-P-6000,161.6,0.0,0.0,0.0,1,151.8,157.2,6,161.6,157.4,0.0,0.0,0.0,0.0,432
2023-05-11 09:31:04,MO2403-P-6000,MO2403-P-6000,161.6,0.0,0.0,0.0,1,151.8,156.4,1,161.6,157.4,0.0,0.0,0.0,0.0,432
2023-05-11 09:31:04,MO2403-P-6000,MO2403-P-6000,161.6,0.0,0.0,0.0,1,151.8,156.2,6,161.6,157.4,0.0,0.0,0.0,0.0,432
2023-05-11 09:31:07,MO2403-P-6000,MO2403-P-6000,161.6,0.0,0.0,0.0,1,151.8,156.2,12,161.6,157.4,0.0,0.0,0.0,0.0,432
2023-05-11 09:31:07,MO2403-P-6000,MO2403-P-6000,161.6,0.0,0.0,0.0,1,151.8,156.0,6,161.6,157.4,0.0,0.0,0.0,0.0,432
2023-05-11 09:31:08,MO2403-P-6000,MO2403-P-6000,161.6,0.0,0.0,0.0,1,151.8,155.8,1,161.6,157.4,0.0,0.0,0.0,0.0,432
2023-05-11 09:31:08,MO2403-P-6000,MO2403-P-6000,161.6,0.0,0.0,0.0,1,151.8,155.6,6,161.6,157.4,0.0,0.0,0.0,0.0,432
2023-05-11 09:31:13,MO2403-P-6000,MO2403-P-6000,161.6,0.0,0.0,0.0,1,151.8,155.2,1,161.6,157.4,0.0,0.0,0.0,0.0,432
2023-05-11 09:31:13,MO2403-P-6000,MO2403-P-6000,161.6,0.0,0.0,0.0,1,151.8,155.0,6,161.6,157.4,0.0,0.0,0.0,0.0,432
2023-05-11 09:31:14,MO2403-P-6000,MO2403-P-6000,161.6,0.0,0.0,0.0,1,150.8,155.0,6,161.6,157.4,0.0,0.0,0.0,0.0,432
2023-05-11 09:31:20,MO2403-P-6000,MO2403-P-6000,161.6,0.0,0.0,0.0,1,150.8,155.6,1,161.6,157.4,0.0,0.0,0.0,0.0,432
2023-05-11 09:31:20,MO2403-P-6000,MO2403-P-6000,161.6,0.0,0.0,0.0,1,150.8,155.4,6,161.6,157.4,0.0,0.0,0.0,0.0,432
2023-05-11 09:31:26,MO2403-P-6000,MO2403-P-6000,161.6,0.0,0.0,0.0,1,150.8,155.0,1,161.6,157.4,0.0,0.0,0.0,0.0,432
2023-05-11 09:31:27,MO2403-P-6000,MO2403-P-6000,161.6,0.0,0.0,0.0,1,150.8,154.8,6,161.6,157.4,0.0,0.0,0.0,0.0,432
2023-05-11 09:31:31,MO2403-P-6000,MO2403-P-6000,161.6,0.0,0.0,0.0,1,150.8,155.2,6,161.6,157.4,0.0,0.0,0.0,0.0,432
2023-05-11 09:31:33,MO2403-P-6000,MO2403-P-6000,161.6,0.0,0.0,0.0,1,150.8,155.6,6,161.6,157.4,0.0,0.0,0.0,0.0,432
2023-05-11 09:31:35,MO2403-P-6000,MO2403-P-6000,161.6,0.0,0.0,0.0,1,150.8,155.8,6,161.6,157.4,0.0,0.0,0.0,0.0,432
2023-05-11 09:31:36,MO2403-P-6000,MO2403-P-6000,161.6,0.0,0.0,0.0,1,150.8,156.0,6,161.6,157.4,0.0,0.0,0.0,0.0,432
2023-05-11 09:31:46,MO2403-P-6000,MO2403-P-6000,161.6,0.0,0.0,0.0,1,150.8,156.2,6,161.6,157.4,0.0,0.0,0.0,0.0,432
2023-05-11 09:31:48,MO2403-P-6000,MO2403-P-6000,161.6,0.0,0.0,0.0,6,150.8,156.2,6,161.6,157.4,0.0,0.0,0.0,0.0,432
2023-05-11 09:31:49,MO2403-P-6000,MO2403-P-6000,161.6,0.0,0.0,0.0,1,153.2,156.4,6,161.6,157.4,0.0,0.0,0.0,0.0,432
2023-05-11 09:31:51,MO2403-P-6000,MO2403-P-6000,161.6,0.0,0.0,0.0,1,153.2,156.6,6,161.6,157.4,0.0,0.0,0.0,0.0,432
2023-05-11 09:31:59,MO2403-P-6000,MO2403-P-6000,161.6,0.0,0.0,0.0,1,153.2,156.6,7,161.6,157.4,0.0,0.0,0.0,0.0,432
2023-05-11 09:31:59,MO2403-P-6000,MO2403-P-6000,161.6,0.0,0.0,0.0,1,153.2,156.4,6,161.6,157.4,0.0,0.0,0.0,0.0,432
2023-05-11 09:32:01,MO2403-P-6000,MO2403-P-6000,161.6,0.0,0.0,0.0,1,152.4,156.4,6,161.6,157.4,0.0,0.0,0.0,0.0,432
2023-05-11 09:32:08,MO2403-P-6000,MO2403-P-6000,161.6,0.0,0.0,0.0,1,152.4,156.4,8,161.6,157.4,0.0,0.0,0.0,0.0,432
2023-05-11 09:32:08,MO2403-P-6000,MO2403-P-6000,161.6,0.0,0.0,0.0,1,152.4,156.0,1,161.6,157.4,0.0,0.0,0.0,0.0,432
2023-05-11 09:32:09,MO2403-P-6000,MO2403-P-6000,161.6,0.0,0.0,0.0,1,152.4,155.8,6,161.6,157.4,0.0,0.0,0.0,0.0,432
2023-05-11 09:32:15,MO2403-P-6000,MO2403-P-6000,161.6,0.0,0.0,0.0,1,152.4,156.4,1,161.6,157.4,0.0,0.0,0.0,0.0,432
2023-05-11 09:32:16,MO2403-P-6000,MO2403-P-6000,161.6,0.0,0.0,0.0,1,152.4,156.2,6,161.6,157.4,0.0,0.0,0.0,0.0,432
2023-05-11 09:32:17,MO2403-P-6000,MO2403-P-6000,161.6,0.0,0.0,0.0,1,152.4,156.6,6,161.6,157.4,0.0,0.0,0.0,0.0,432
2023-05-11 09:32:34,MO2403-P-6000,MO2403-P-6000,161.6,0.0,0.0,0.0,2,152.4,156.6,6,161.6,157.4,0.0,0.0,0.0,0.0,432
2023-05-11 09:32:36,MO2403-P-6000,MO2403-P-6000,161.6,0.0,0.0,0.0,1,154.6,156.6,6,161.6,157.4,0.0,0.0,0.0,0.0,432
2023-05-11 09:32:37,MO2403-P-6000,MO2403-P-6000,161.6,0.0,0.0,0.0,1,154.6,156.8,6,161.6,157.4,0.0,0.0,0.0,0.0,432
2023-05-11 09:32:39,MO2403-P-6000,MO2403-P-6000,161.6,0.0,0.0,0.0,2,154.6,156.8,6,161.6,157.4,0.0,0.0,0.0,0.0,432
2023-05-11 09:32:49,MO2403-P-6000,MO2403-P-6000,161.6,0.0,0.0,0.0,1,154.8,156.8,6,161.6,157.4,0.0,0.0,0.0,0.0,432
2023-05-11 09:32:50,MO2403-P-6000,MO2403-P-6000,161.6,0.0,0.0,0.0,1,154.6,156.8,6,161.6,157.4,0.0,0.0,0.0,0.0,432
2023-05-11 09:33:35,MO2403-P-6000,MO2403-P-6000,161.6,0.0,0.0,0.0,5,152.8,156.8,6,161.6,157.4,0.0,0.0,0.0,0.0,432
2023-05-11 09:33:36,MO2403-P-6000,MO2403-P-6000,161.6,0.0,0.0,0.0,1,153.4,156.8,6,161.6,157.4,0.0,0.0,0.0,0.0,432
2023-05-11 09:34:04,MO2403-P-6000,MO2403-P-6000,161.6,0.0,0.0,0.0,1,153.4,156.8,7,161.6,157.4,0.0,0.0,0.0,0.0,432
2023-05-11 09:34:05,MO2403-P-6000,MO2403-P-6000,161.6,0.0,0.0,0.0,1,153.4,156.6,6,161.6,157.4,0.0,0.0,0.0,0.0,432
2023-05-11 09:34:08,MO2403-P-6000,MO2403-P-6000,161.6,0.0,0.0,0.0,1,153.4,156.8,6,161.6,157.4,0.0,0.0,0.0,0.0,432
2023-05-11 09:35:03,MO2403-P-6000,MO2403-P-6000,161.6,0.0,0.0,0.0,6,153.4,156.8,6,161.6,157.4,0.0,0.0,0.0,0.0,432
2023-05-11 09:35:04,MO2403-P-6000,MO2403-P-6000,161.6,0.0,0.0,0.0,1,154.6,156.8,6,161.6,157.4,0.0,0.0,0.0,0.0,432
2023-05-11 09:35:37,MO2403-P-6000,MO2403-P-6000,161.6,0.0,0.0,0.0,1,154.6,157.0,12,161.6,157.4,0.0,0.0,0.0,0.0,432
2023-05-11 09:35:37,MO2403-P-6000,MO2403-P-6000,161.6,0.0,0.0,0.0,1,154.6,157.0,6,161.6,157.4,0.0,0.0,0.0,0.0,432
2023-05-11 09:35:38,MO2403-P-6000,MO2403-P-6000,161.6,0.0,0.0,0.0,1,154.6,157.4,12,161.6,157.4,0.0,0.0,0.0,0.0,432
2023-05-11 09:35:39,MO2403-P-6000,MO2403-P-6000,161.6,0.0,0.0,0.0,1,154.6,157.4,6,161.6,157.4,0.0,0.0,0.0,0.0,432
2023-05-11 09:35:39,MO2403-P-6000,MO2403-P-6000,161.6,0.0,0.0,0.0,1,154.6,158.0,6,161.6,157.4,0.0,0.0,0.0,0.0,432
2023-05-11 09:36:31,MO2403-P-6000,MO2403-P-6000,161.6,0.0,0.0,0.0,6,154.6,158.0,6,161.6,157.4,0.0,0.0,0.0,0.0,432
2023-05-11 09:36:31,MO2403-P-6000,MO2403-P-6000,161.6,0.0,0.0,0.0,1,156.0,158.0,6,161.6,157.4,0.0,0.0,0.0,0.0,432
2023-05-11 09:36:45,MO2403-P-6000,MO2403-P-6000,161.6,0.0,0.0,0.0,1,156.0,158.2,6,161.6,157.4,0.0,0.0,0.0,0.0,432
2023-05-11 09:36:46,MO2403-P-6000,MO2403-P-6000,161.6,0.0,0.0,0.0,1,156.0,158.6,36,161.6,157.4,0.0,0.0,0.0,0.0,432
2023-05-11 09:36:46,MO2403-P-6000,MO2403-P-6000,161.6,0.0,0.0,0.0,1,156.0,158.6,6,161.6,157.4,0.0,0.0,0.0,0.0,432
2023-05-11 09:36:47,MO2403-P-6000,MO2403-P-6000,161.6,0.0,0.0,0.0,1,156.0,159.2,6,161.6,157.4,0.0,0.0,0.0,0.0,432
2023-05-11 09:36:51,MO2403-P-6000,MO2403-P-6000,161.6,0.0,0.0,0.0,1,156.0,159.4,6,161.6,157.4,0.0,0.0,0.0,0.0,432
2023-05-11 09:37:04,MO2403-P-6000,MO2403-P-6000,161.6,0.0,0.0,0.0,2,156.0,159.4,6,161.6,157.4,0.0,0.0,0.0,0.0,432
2023-05-11 09:37:08,MO2403-P-6000,MO2403-P-6000,161.6,0.0,0.0,0.0,1,157.2,159.4,6,161.6,157.4,0.0,0.0,0.0,0.0,432
2023-05-11 09:37:09,MO2403-P-6000,MO2403-P-6000,161.6,0.0,0.0,0.0,2,156.0,159.4,6,161.6,157.4,0.0,0.0,0.0,0.0,432
2023-05-11 09:37:11,MO2403-P-6000,MO2403-P-6000,161.6,0.0,0.0,0.0,1,156.0,159.4,6,161.6,157.4,0.0,0.0,0.0,0.0,432
2023-05-11 09:37:29,MO2403-P-6000,MO2403-P-6000,161.6,0.0,0.0,0.0,6,156.0,159.4,6,161.6,157.4,0.0,0.0,0.0,0.0,432
2023-05-11 09:37:29,MO2403-P-6000,MO2403-P-6000,161.6,0.0,0.0,0.0,1,157.2,159.4,6,161.6,157.4,0.0,0.0,0.0,0.0,432
2023-05-11 09:38:33,MO2403-P-6000,MO2403-P-6000,161.6,0.0,0.0,0.0,1,155.8,159.4,6,161.6,157.4,0.0,0.0,0.0,0.0,432
2023-05-11 09:38:34,MO2403-P-6000,MO2403-P-6000,161.6,0.0,0.0,0.0,2,155.8,159.4,6,161.6,157.4,0.0,0.0,0.0,0.0,432
2023-05-11 09:38:38,MO2403-P-6000,MO2403-P-6000,161.6,0.0,0.0,0.0,1,155.8,159.4,6,161.6,157.4,0.0,0.0,0.0,0.0,432
2023-05-11 09:38:43,MO2403-P-6000,MO2403-P-6000,161.6,0.0,0.0,0.0,2,155.8,159.4,6,161.6,157.4,0.0,0.0,0.0,0.0,432
2023-05-11 09:38:43,MO2403-P-6000,MO2403-P-6000,161.6,0.0,0.0,0.0,1,157.0,159.4,6,161.6,157.4,0.0,0.0,0.0,0.0,432
2023-05-11 09:40:01,MO2403-P-6000,MO2403-P-6000,161.6,0.0,0.0,0.0,1,156.0,159.4,6,161.6,157.4,0.0,0.0,0.0,0.0,432
2023-05-11 09:40:04,MO2403-P-6000,MO2403-P-6000,161.6,0.0,0.0,0.0,1,156.0,159.4,11,161.6,157.4,0.0,0.0,0.0,0.0,432
2023-05-11 09:40:05,MO2403-P-6000,MO2403-P-6000,161.6,0.0,0.0,0.0,1,156.0,159.2,6,161.6,157.4,0.0,0.0,0.0,0.0,432
2023-05-11 09:40:07,MO2403-P-6000,MO2403-P-6000,161.6,0.0,0.0,0.0,1,156.0,159.4,6,161.6,157.4,0.0,0.0,0.0,0.0,432
2023-05-11 09:40:23,MO2403-P-6000,MO2403-P-6000,161.6,0.0,0.0,0.0,1,156.0,159.4,7,161.6,157.4,0.0,0.0,0.0,0.0,432
2023-05-11 09:40:24,MO2403-P-6000,MO2403-P-6000,161.6,0.0,0.0,0.0,1,156.0,159.2,6,161.6,157.4,0.0,0.0,0.0,0.0,432
2023-05-11 09:40:27,MO2403-P-6000,MO2403-P-6000,161.6,0.0,0.0,0.0,12,155.6,159.2,6,161.6,157.4,0.0,0.0,0.0,0.0,432
2023-05-11 09:40:28,MO2403-P-6000,MO2403-P-6000,161.6,0.0,0.0,0.0,6,155.4,158.8,1,161.6,157.4,0.0,0.0,0.0,0.0,432
2023-05-11 09:40:28,MO2403-P-6000,MO2403-P-6000,161.6,0.0,0.0,0.0,24,155.2,158.6,6,161.6,157.4,0.0,0.0,0.0,0.0,432
2023-05-11 09:40:29,MO2403-P-6000,MO2403-P-6000,161.6,0.0,0.0,0.0,12,155.2,158.6,6,161.6,157.4,0.0,0.0,0.0,0.0,432
2023-05-11 09:40:29,MO2403-P-6000,MO2403-P-6000,161.6,0.0,0.0,0.0,18,155.0,158.6,6,161.6,157.4,0.0,0.0,0.0,0.0,432
2023-05-11 09:40:31,MO2403-P-6000,MO2403-P-6000,161.6,0.0,0.0,0.0,12,155.0,158.6,6,161.6,157.4,0.0,0.0,0.0,0.0,432
2023-05-11 09:40:31,MO2403-P-6000,MO2403-P-6000,161.6,0.0,0.0,0.0,6,155.0,158.6,6,161.6,157.4,0.0,0.0,0.0,0.0,432
2023-05-11 09:40:37,MO2403-P-6000,MO2403-P-6000,161.6,0.0,0.0,0.0,6,155.0,158.8,6,161.6,157.4,0.0,0.0,0.0,0.0,432
2023-05-11 09:40:41,MO2403-P-6000,MO2403-P-6000,161.6,0.0,0.0,0.0,7,155.0,158.8,6,161.6,157.4,0.0,0.0,0.0,0.0,432
2023-05-11 09:40:47,MO2403-P-6000,MO2403-P-6000,161.6,0.0,0.0,0.0,1,156.2,158.8,6,161.6,157.4,0.0,0.0,0.0,0.0,432
2023-05-11 09:41:08,MO2403-P-6000,MO2403-P-6000,161.6,0.0,0.0,0.0,6,156.2,158.8,6,161.6,157.4,0.0,0.0,0.0,0.0,432
2023-05-11 09:41:09,MO2403-P-6000,MO2403-P-6000,161.6,0.0,0.0,0.0,6,156.2,159.0,6,161.6,157.4,0.0,0.0,0.0,0.0,432
2023-05-11 09:41:19,MO2403-P-6000,MO2403-P-6000,161.6,0.0,0.0,0.0,1,156.2,159.0,6,161.6,157.4,0.0,0.0,0.0,0.0,432
2023-05-11 09:41:31,MO2403-P-6000,MO2403-P-6000,161.6,0.0,0.0,0.0,1,156.2,159.2,6,161.6,157.4,0.0,0.0,0.0,0.0,432
2023-05-11 09:41:31,MO2403-P-6000,MO2403-P-6000,161.6,0.0,0.0,0.0,2,156.2,159.2,6,161.6,157.4,0.0,0.0,0.0,0.0,432
2023-05-11 09:41:41,MO2403-P-6000,MO2403-P-6000,161.6,0.0,0.0,0.0,1,156.4,159.2,6,161.6,157.4,0.0,0.0,0.0,0.0,432
2023-05-11 09:41:52,MO2403-P-6000,MO2403-P-6000,161.6,0.0,0.0,0.0,1,156.2,159.2,6,161.6,157.4,0.0,0.0,0.0,0.0,432
2023-05-11 09:42:10,MO2403-P-6000,MO2403-P-6000,161.6,0.0,0.0,0.0,7,155.8,159.2,7,161.6,157.4,0.0,0.0,0.0,0.0,432
2023-05-11 09:42:11,MO2403-P-6000,MO2403-P-6000,161.6,0.0,0.0,0.0,1,155.8,159.0,6,161.6,157.4,0.0,0.0,0.0,0.0,432
2023-05-11 09:42:12,MO2403-P-6000,MO2403-P-6000,161.6,0.0,0.0,0.0,19,155.4,159.0,6,161.6,157.4,0.0,0.0,0.0,0.0,432
2023-05-11 09:42:12,MO2403-P-6000,MO2403-P-6000,161.6,0.0,0.0,0.0,7,155.4,159.0,6,161.6,157.4,0.0,0.0,0.0,0.0,432
2023-05-11 09:42:13,MO2403-P-6000,MO2403-P-6000,161.6,0.0,0.0,0.0,1,155.4,159.0,6,161.6,157.4,0.0,0.0,0.0,0.0,432
2023-05-11 09:42:16,MO2403-P-6000,MO2403-P-6000,161.6,0.0,0.0,0.0,1,155.4,159.2,6,161.6,157.4,0.0,0.0,0.0,0.0,432
2023-05-11 09:42:17,MO2403-P-6000,MO2403-P-6000,161.6,0.0,0.0,0.0,6,155.4,159.2,6,161.6,157.4,0.0,0.0,0.0,0.0,432
2023-05-11 09:42:21,MO2403-P-6000,MO2403-P-6000,161.6,0.0,0.0,0.0,1,155.4,159.2,6,161.6,157.4,0.0,0.0,0.0,0.0,432
2023-05-11 09:42:24,MO2403-P-6000,MO2403-P-6000,161.6,0.0,0.0,0.0,1,155.4,159.2,7,161.6,157.4,0.0,0.0,0.0,0.0,432
2023-05-11 09:42:24,MO2403-P-6000,MO2403-P-6000,161.6,0.0,0.0,0.0,1,155.4,159.0,6,161.6,157.4,0.0,0.0,0.0,0.0,432
2023-05-11 09:42:28,MO2403-P-6000,MO2403-P-6000,161.6,0.0,0.0,0.0,1,155.4,158.6,1,161.6,157.4,0.0,0.0,0.0,0.0,432
2023-05-11 09:42:29,MO2403-P-6000,MO2403-P-6000,161.6,0.0,0.0,0.0,1,155.4,158.4,6,161.6,157.4,0.0,0.0,0.0,0.0,432
2023-05-11 09:42:32,MO2403-P-6000,MO2403-P-6000,161.6,0.0,0.0,0.0,12,155.0,158.4,6,161.6,157.4,0.0,0.0,0.0,0.0,432
2023-05-11 09:42:32,MO2403-P-6000,MO2403-P-6000,161.6,0.0,0.0,0.0,17,154.8,158.4,6,161.6,157.4,0.0,0.0,0.0,0.0,432
2023-05-11 09:42:33,MO2403-P-6000,MO2403-P-6000,161.6,0.0,0.0,0.0,11,154.8,158.4,6,161.6,157.4,0.0,0.0,0.0,0.0,432
2023-05-11 09:42:33,MO2403-P-6000,MO2403-P-6000,161.6,0.0,0.0,0.0,5,154.8,158.4,6,161.6,157.4,0.0,0.0,0.0,0.0,432
2023-05-11 09:42:34,MO2403-P-6000,MO2403-P-6000,161.6,0.0,0.0,0.0,18,154.6,158.4,6,161.6,157.4,0.0,0.0,0.0,0.0,432
2023-05-11 09:42:34,MO2403-P-6000,MO2403-P-6000,161.6,0.0,0.0,0.0,6,154.6,158.4,6,161.6,157.4,0.0,0.0,0.0,0.0,432
2023-05-11 09:42:35,MO2403-P-6000,MO2403-P-6000,161.6,0.0,0.0,0.0,7,154.4,158.4,6,161.6,157.4,0.0,0.0,0.0,0.0,432
2023-05-11 09:42:35,MO2403-P-6000,MO2403-P-6000,161.6,0.0,0.0,0.0,1,154.4,158.4,6,161.6,157.4,0.0,0.0,0.0,0.0,432
2023-05-11 09:42:40,MO2403-P-6000,MO2403-P-6000,161.6,0.0,0.0,0.0,6,154.4,158.4,6,161.6,157.4,0.0,0.0,0.0,0.0,432
2023-05-11 09:42:41,MO2403-P-6000,MO2403-P-6000,161.6,0.0,0.0,0.0,6,154.4,158.6,6,161.6,157.4,0.0,0.0,0.0,0.0,432
2023-05-11 09:42:59,MO2403-P-6000,MO2403-P-6000,161.6,0.0,0.0,0.0,1,155.6,158.6,6,161.6,157.4,0.0,0.0,0.0,0.0,432
2023-05-11 09:44:59,MO2403-P-6000,MO2403-P-6000,161.6,0.0,0.0,0.0,2,155.6,158.8,12,161.6,157.4,0.0,0.0,0.0,0.0,432
2023-05-11 09:44:59,MO2403-P-6000,MO2403-P-6000,161.6,0.0,0.0,0.0,1,157.0,159.0,12,161.6,157.4,0.0,0.0,0.0,0.0,432
2023-05-11 09:45:00,MO2403-P-6000,MO2403-P-6000,161.6,0.0,0.0,0.0,1,157.0,159.0,6,161.6,157.4,0.0,0.0,0.0,0.0,432
2023-05-11 09:45:00,MO2403-P-6000,MO2403-P-6000,161.6,0.0,0.0,0.0,1,157.0,159.2,6,161.6,157.4,0.0,0.0,0.0,0.0,432
2023-05-11 09:45:06,MO2403-P-6000,MO2403-P-6000,161.6,0.0,0.0,0.0,1,157.0,159.4,6,161.6,157.4,0.0,0.0,0.0,0.0,432
2023-05-11 09:45:56,MO2403-P-6000,MO2403-P-6000,161.6,0.0,0.0,0.0,1,157.0,159.6,6,161.6,157.4,0.0,0.0,0.0,0.0,432
2023-05-11 09:45:56,MO2403-P-6000,MO2403-P-6000,161.6,0.0,0.0,0.0,1,157.0,160.0,24,161.6,157.4,0.0,0.0,0.0,0.0,432
2023-05-11 09:45:57,MO2403-P-6000,MO2403-P-6000,161.6,0.0,0.0,0.0,1,157.0,159.8,6,161.6,157.4,0.0,0.0,0.0,0.0,432
2023-05-11 09:45:57,MO2403-P-6000,MO2403-P-6000,161.6,0.0,0.0,0.0,1,157.0,160.0,6,161.6,157.4,0.0,0.0,0.0,0.0,432
2023-05-11 09:45:58,MO2403-P-6000,MO2403-P-6000,161.6,0.0,0.0,0.0,1,157.0,160.2,6,161.6,157.4,0.0,0.0,0.0,0.0,432
2023-05-11 09:46:04,MO2403-P-6000,MO2403-P-6000,161.6,0.0,0.0,0.0,8,157.0,160.2,6,161.6,157.4,0.0,0.0,0.0,0.0,432
2023-05-11 09:46:05,MO2403-P-6000,MO2403-P-6000,161.6,0.0,0.0,0.0,1,158.6,160.2,6,161.6,157.4,0.0,0.0,0.0,0.0,432
2023-05-11 09:46:09,MO2403-P-6000,MO2403-P-6000,161.6,0.0,0.0,0.0,1,158.6,160.4,12,161.6,157.4,0.0,0.0,0.0,0.0,432
2023-05-11 09:46:09,MO2403-P-6000,MO2403-P-6000,161.6,0.0,0.0,0.0,1,158.6,160.6,6,161.6,157.4,0.0,0.0,0.0,0.0,432
2023-05-11 09:46:18,MO2403-P-6000,MO2403-P-6000,161.6,0.0,0.0,0.0,1,157.4,160.6,6,161.6,157.4,0.0,0.0,0.0,0.0,432
2023-05-11 09:46:18,MO2403-P-6000,MO2403-P-6000,161.6,0.0,0.0,0.0,2,157.4,160.6,6,161.6,157.4,0.0,0.0,0.0,0.0,432
2023-05-11 09:46:43,MO2403-P-6000,MO2403-P-6000,161.6,0.0,0.0,0.0,1,157.4,160.6,6,161.6,157.4,0.0,0.0,0.0,0.0,432
2023-05-11 09:47:10,MO2403-P-6000,MO2403-P-6000,161.6,0.0,0.0,0.0,2,157.4,160.6,6,161.6,157.4,0.0,0.0,0.0,0.0,432
2023-05-11 09:47:11,MO2403-P-6000,MO2403-P-6000,161.6,0.0,0.0,0.0,1,158.6,160.6,6,161.6,157.4,0.0,0.0,0.0,0.0,432
2023-05-11 09:47:16,MO2403-P-6000,MO2403-P-6000,161.6,0.0,0.0,0.0,1,158.6,160.8,24,161.6,157.4,0.0,0.0,0.0,0.0,432
2023-05-11 09:47:16,MO2403-P-6000,MO2403-P-6000,161.6,0.0,0.0,0.0,1,158.6,160.8,12,161.6,157.4,0.0,0.0,0.0,0.0,432
2023-05-11 09:47:17,MO2403-P-6000,MO2403-P-6000,161.6,0.0,0.0,0.0,1,158.6,160.8,6,161.6,157.4,0.0,0.0,0.0,0.0,432
2023-05-11 09:47:18,MO2403-P-6000,MO2403-P-6000,161.6,0.0,0.0,0.0,1,158.6,161.6,6,161.6,157.4,0.0,0.0,0.0,0.0,432
2023-05-11 09:47:40,MO2403-P-6000,MO2403-P-6000,161.6,0.0,0.0,0.0,6,157.4,161.6,7,161.6,157.4,0.0,0.0,0.0,0.0,432
2023-05-11 09:47:41,MO2403-P-6000,MO2403-P-6000,161.6,0.0,0.0,0.0,7,157.4,161.4,6,161.6,157.4,0.0,0.0,0.0,0.0,432
2023-05-11 09:47:41,MO2403-P-6000,MO2403-P-6000,161.6,0.0,0.0,0.0,1,157.4,161.4,6,161.6,157.4,0.0,0.0,0.0,0.0,432
2023-05-11 09:47:52,MO2403-P-6000,MO2403-P-6000,161.6,0.0,0.0,0.0,7,157.2,161.4,6,161.6,157.4,0.0,0.0,0.0,0.0,432
2023-05-11 09:47:53,MO2403-P-6000,MO2403-P-6000,161.6,0.0,0.0,0.0,1,157.2,161.4,6,161.6,157.4,0.0,0.0,0.0,0.0,432
2023-05-11 09:47:56,MO2403-P-6000,MO2403-P-6000,161.6,0.0,0.0,0.0,1,157.2,161.6,6,161.6,157.4,0.0,0.0,0.0,0.0,432
2023-05-11 09:47:57,MO2403-P-6000,MO2403-P-6000,161.6,0.0,0.0,0.0,2,157.2,161.6,6,161.6,157.4,0.0,0.0,0.0,0.0,432
2023-05-11 09:48:05,MO2403-P-6000,MO2403-P-6000,161.6,0.0,0.0,0.0,8,157.2,161.6,6,161.6,157.4,0.0,0.0,0.0,0.0,432
2023-05-11 09:48:06,MO2403-P-6000,MO2403-P-6000,161.6,0.0,0.0,0.0,1,158.4,161.6,6,161.6,157.4,0.0,0.0,0.0,0.0,432
2023-05-11 09:48:17,MO2403-P-6000,MO2403-P-6000,161.6,0.0,0.0,0.0,1,158.4,161.6,7,161.6,157.4,0.0,0.0,0.0,0.0,432
2023-05-11 09:48:17,MO2403-P-6000,MO2403-P-6000,161.6,0.0,0.0,0.0,1,158.4,161.4,6,161.6,157.4,0.0,0.0,0.0,0.0,432
2023-05-11 09:48:21,MO2403-P-6000,MO2403-P-6000,161.6,0.0,0.0,0.0,1,157.2,161.4,6,161.6,157.4,0.0,0.0,0.0,0.0,432
2023-05-11 09:48:43,MO2403-P-6000,MO2403-P-6000,161.6,0.0,0.0,0.0,1,157.2,161.0,1,161.6,157.4,0.0,0.0,0.0,0.0,432
2023-05-11 09:48:44,MO2403-P-6000,MO2403-P-6000,161.6,0.0,0.0,0.0,1,157.2,160.8,6,161.6,157.4,0.0,0.0,0.0,0.0,432
2023-05-11 09:48:55,MO2403-P-6000,MO2403-P-6000,161.6,0.0,0.0,0.0,1,157.2,161.6,6,161.6,157.4,0.0,0.0,0.0,0.0,432
2023-05-11 09:49:00,MO2403-P-6000,MO2403-P-6000,161.6,0.0,0.0,0.0,1,157.2,161.2,1,161.6,157.4,0.0,0.0,0.0,0.0,432
2023-05-11 09:49:00,MO2403-P-6000,MO2403-P-6000,161.6,0.0,0.0,0.0,1,157.2,161.0,6,161.6,157.4,0.0,0.0,0.0,0.0,432
2023-05-11 09:49:01,MO2403-P-6000,MO2403-P-6000,161.6,0.0,0.0,0.0,1,157.2,160.6,1,161.6,157.4,0.0,0.0,0.0,0.0,432
2023-05-11 09:49:02,MO2403-P-6000,MO2403-P-6000,161.6,0.0,0.0,0.0,1,157.2,160.4,6,161.6,157.4,0.0,0.0,0.0,0.0,432
2023-05-11 09:49:02,MO2403-P-6000,MO2403-P-6000,161.6,0.0,0.0,0.0,6,156.8,160.4,6,161.6,157.4,0.0,0.0,0.0,0.0,432
2023-05-11 09:49:03,MO2403-P-6000,MO2403-P-6000,161.6,0.0,0.0,0.0,18,156.4,160.4,6,161.6,157.4,0.0,0.0,0.0,0.0,432
2023-05-11 09:49:03,MO2403-P-6000,MO2403-P-6000,161.6,0.0,0.0,0.0,6,156.4,160.4,6,161.6,157.4,0.0,0.0,0.0,0.0,432
2023-05-11 09:49:04,MO2403-P-6000,MO2403-P-6000,161.6,0.0,0.0,0.0,1,156.0,160.4,6,161.6,157.4,0.0,0.0,0.0,0.0,432
2023-05-11 09:49:04,MO2403-P-6000,MO2403-P-6000,161.6,0.0,0.0,0.0,1,156.0,160.0,1,161.6,157.4,0.0,0.0,0.0,0.0,432
2023-05-11 09:49:05,MO2403-P-6000,MO2403-P-6000,161.6,0.0,0.0,0.0,1,156.0,159.8,6,161.6,157.4,0.0,0.0,0.0,0.0,432
2023-05-11 09:49:08,MO2403-P-6000,MO2403-P-6000,161.6,0.0,0.0,0.0,1,156.0,160.6,6,161.6,157.4,0.0,0.0,0.0,0.0,432
2023-05-11 09:49:09,MO2403-P-6000,MO2403-P-6000,161.6,0.0,0.0,0.0,7,156.0,160.6,6,161.6,157.4,0.0,0.0,0.0,0.0,432
2023-05-11 09:49:10,MO2403-P-6000,MO2403-P-6000,161.6,0.0,0.0,0.0,1,157.0,160.6,6,161.6,157.4,0.0,0.0,0.0,0.0,432
2023-05-11 09:49:21,MO2403-P-6000,MO2403-P-6000,161.6,0.0,0.0,0.0,1,157.0,160.8,6,161.6,157.4,0.0,0.0,0.0,0.0,432
2023-05-11 09:49:26,MO2403-P-6000,MO2403-P-6000,161.6,0.0,0.0,0.0,7,157.0,160.8,6,161.6,157.4,0.0,0.0,0.0,0.0,432
2023-05-11 09:49:27,MO2403-P-6000,MO2403-P-6000,161.6,0.0,0.0,0.0,1,157.0,160.8,6,161.6,157.4,0.0,0.0,0.0,0.0,432
2023-05-11 09:49:54,MO2403-P-6000,MO2403-P-6000,161.6,0.0,0.0,0.0,1,157.0,160.8,7,161.6,157.4,0.0,0.0,0.0,0.0,432
2023-05-11 09:49:54,MO2403-P-6000,MO2403-P-6000,161.6,0.0,0.0,0.0,1,157.0,160.6,6,161.6,157.4,0.0,0.0,0.0,0.0,432
2023-05-11 09:50:26,MO2403-P-6000,MO2403-P-6000,161.6,0.0,0.0,0.0,7,157.0,160.6,6,161.6,157.4,0.0,0.0,0.0,0.0,432
2023-05-11 09:50:34,MO2403-P-6000,MO2403-P-6000,161.6,0.0,0.0,0.0,7,157.0,160.8,6,161.6,157.4,0.0,0.0,0.0,0.0,432
2023-05-11 09:50:41,MO2403-P-6000,MO2403-P-6000,161.6,0.0,0.0,0.0,1,157.0,160.8,6,161.6,157.4,0.0,0.0,0.0,0.0,432
2023-05-11 09:50:44,MO2403-P-6000,MO2403-P-6000,161.6,0.0,0.0,0.0,1,157.0,160.6,1,161.6,157.4,0.0,0.0,0.0,0.0,432
2023-05-11 09:50:45,MO2403-P-6000,MO2403-P-6000,161.6,0.0,0.0,0.0,1,157.0,160.4,6,161.6,157.4,0.0,0.0,0.0,0.0,432
2023-05-11 09:50:59,MO2403-P-6000,MO2403-P-6000,161.6,0.0,0.0,0.0,12,156.4,160.4,6,161.6,157.4,0.0,0.0,0.0,0.0,432
2023-05-11 09:51:00,MO2403-P-6000,MO2403-P-6000,161.6,0.0,0.0,0.0,6,156.4,160.4,6,161.6,157.4,0.0,0.0,0.0,0.0,432
2023-05-11 09:51:08,MO2403-P-6000,MO2403-P-6000,161.6,0.0,0.0,0.0,1,156.8,160.4,6,161.6,157.4,0.0,0.0,0.0,0.0,432
2023-05-11 09:51:52,MO2403-P-6000,MO2403-P-6000,161.6,0.0,0.0,0.0,1,156.0,160.4,6,161.6,157.4,0.0,0.0,0.0,0.0,432
2023-05-11 09:52:02,MO2403-P-6000,MO2403-P-6000,161.6,0.0,0.0,0.0,7,156.0,160.4,6,161.6,157.4,0.0,0.0,0.0,0.0,432
2023-05-11 09:52:03,MO2403-P-6000,MO2403-P-6000,161.6,0.0,0.0,0.0,1,156.6,160.4,6,161.6,157.4,0.0,0.0,0.0,0.0,432
2023-05-11 09:52:19,MO2403-P-6000,MO2403-P-6000,161.6,0.0,0.0,0.0,1,156.6,160.8,6,161.6,157.4,0.0,0.0,0.0,0.0,432
2023-05-11 09:52:35,MO2403-P-6000,MO2403-P-6000,161.6,0.0,0.0,0.0,7,156.6,160.8,6,161.6,157.4,0.0,0.0,0.0,0.0,432
2023-05-11 09:52:37,MO2403-P-6000,MO2403-P-6000,161.6,0.0,0.0,0.0,1,157.8,160.8,6,161.6,157.4,0.0,0.0,0.0,0.0,432
2023-05-11 09:52:46,MO2403-P-6000,MO2403-P-6000,161.6,0.0,0.0,0.0,1,157.8,161.0,6,161.6,157.4,0.0,0.0,0.0,0.0,432
2023-05-11 09:53:01,MO2403-P-6000,MO2403-P-6000,161.6,0.0,0.0,0.0,7,157.8,161.2,12,161.6,157.4,0.0,0.0,0.0,0.0,432
2023-05-11 09:53:01,MO2403-P-6000,MO2403-P-6000,161.6,0.0,0.0,0.0,7,157.8,161.4,18,161.6,157.4,0.0,0.0,0.0,0.0,432
2023-05-11 09:53:02,MO2403-P-6000,MO2403-P-6000,161.6,0.0,0.0,0.0,7,157.8,161.4,12,161.6,157.4,0.0,0.0,0.0,0.0,432
2023-05-11 09:53:02,MO2403-P-6000,MO2403-P-6000,161.6,0.0,0.0,0.0,7,157.8,161.4,6,161.6,157.4,0.0,0.0,0.0,0.0,432
2023-05-11 09:53:04,MO2403-P-6000,MO2403-P-6000,161.6,0.0,0.0,0.0,1,158.8,161.4,6,161.6,157.4,0.0,0.0,0.0,0.0,432
2023-05-11 09:53:08,MO2403-P-6000,MO2403-P-6000,161.6,0.0,0.0,0.0,1,158.8,161.6,12,161.6,157.4,0.0,0.0,0.0,0.0,432
2023-05-11 09:53:08,MO2403-P-6000,MO2403-P-6000,161.6,0.0,0.0,0.0,1,158.8,161.8,12,161.6,157.4,0.0,0.0,0.0,0.0,432
2023-05-11 09:53:09,MO2403-P-6000,MO2403-P-6000,161.6,0.0,0.0,0.0,1,158.8,161.8,6,161.6,157.4,0.0,0.0,0.0,0.0,432
2023-05-11 09:53:09,MO2403-P-6000,MO2403-P-6000,161.6,0.0,0.0,0.0,7,158.8,162.6,24,161.6,157.4,0.0,0.0,0.0,0.0,432
2023-05-11 09:53:10,MO2403-P-6000,MO2403-P-6000,161.6,0.0,0.0,0.0,13,158.8,162.4,6,161.6,157.4,0.0,0.0,0.0,0.0,432
2023-05-11 09:53:11,MO2403-P-6000,MO2403-P-6000,161.6,0.0,0.0,0.0,7,158.8,163.0,6,161.6,157.4,0.0,0.0,0.0,0.0,432
2023-05-11 09:53:13,MO2403-P-6000,MO2403-P-6000,161.6,0.0,0.0,0.0,7,158.8,162.8,1,161.6,157.4,0.0,0.0,0.0,0.0,432
2023-05-11 09:53:14,MO2403-P-6000,MO2403-P-6000,161.6,0.0,0.0,0.0,7,158.8,162.6,6,161.6,157.4,0.0,0.0,0.0,0.0,432
2023-05-11 09:53:18,MO2403-P-6000,MO2403-P-6000,161.6,0.0,0.0,0.0,8,158.8,162.6,6,161.6,157.4,0.0,0.0,0.0,0.0,432
2023-05-11 09:53:28,MO2403-P-6000,MO2403-P-6000,161.6,0.0,0.0,0.0,1,159.0,162.6,6,161.6,157.4,0.0,0.0,0.0,0.0,432
2023-05-11 09:53:33,MO2403-P-6000,MO2403-P-6000,161.6,0.0,0.0,0.0,6,159.2,162.8,7,161.6,157.4,0.0,0.0,0.0,0.0,432
2023-05-11 09:53:38,MO2403-P-6000,MO2403-P-6000,161.6,0.0,0.0,0.0,6,159.2,162.8,6,161.6,157.4,0.0,0.0,0.0,0.0,432
2023-05-11 09:53:38,MO2403-P-6000,MO2403-P-6000,161.6,0.0,0.0,0.0,1,159.8,163.0,6,161.6,157.4,0.0,0.0,0.0,0.0,432
2023-05-11 09:53:39,MO2403-P-6000,MO2403-P-6000,161.6,0.0,0.0,0.0,7,159.8,163.4,30,161.6,157.4,0.0,0.0,0.0,0.0,432
2023-05-11 09:53:39,MO2403-P-6000,MO2403-P-6000,161.6,0.0,0.0,0.0,13,159.8,163.4,12,161.6,157.4,0.0,0.0,0.0,0.0,432
2023-05-11 09:53:40,MO2403-P-6000,MO2403-P-6000,161.6,0.0,0.0,0.0,19,159.8,163.4,6,161.6,157.4,0.0,0.0,0.0,0.0,432
2023-05-11 09:53:40,MO2403-P-6000,MO2403-P-6000,161.6,0.0,0.0,0.0,13,159.8,164.2,6,161.6,157.4,0.0,0.0,0.0,0.0,432
2023-05-11 09:53:43,MO2403-P-6000,MO2403-P-6000,161.6,0.0,0.0,0.0,14,159.8,164.2,6,161.6,157.4,0.0,0.0,0.0,0.0,432
2023-05-11 09:53:48,MO2403-P-6000,MO2403-P-6000,161.6,0.0,0.0,0.0,14,159.8,163.6,1,161.6,157.4,0.0,0.0,0.0,0.0,432
2023-05-11 09:53:49,MO2403-P-6000,MO2403-P-6000,161.6,0.0,0.0,0.0,14,159.8,163.4,6,161.6,157.4,0.0,0.0,0.0,0.0,432
2023-05-11 09:53:52,MO2403-P-6000,MO2403-P-6000,161.6,0.0,0.0,0.0,13,159.8,163.4,6,161.6,157.4,0.0,0.0,0.0,0.0,432
2023-05-11 09:53:52,MO2403-P-6000,MO2403-P-6000,161.6,0.0,0.0,0.0,7,159.8,163.4,6,161.6,157.4,0.0,0.0,0.0,0.0,432
2023-05-11 09:53:53,MO2403-P-6000,MO2403-P-6000,161.6,0.0,0.0,0.0,1,160.0,163.4,6,161.6,157.4,0.0,0.0,0.0,0.0,432
2023-05-11 09:53:54,MO2403-P-6000,MO2403-P-6000,161.6,0.0,0.0,0.0,1,160.0,162.8,1,161.6,157.4,0.0,0.0,0.0,0.0,432
2023-05-11 09:53:55,MO2403-P-6000,MO2403-P-6000,161.6,0.0,0.0,0.0,1,160.0,162.6,6,161.6,157.4,0.0,0.0,0.0,0.0,432
2023-05-11 09:54:00,MO2403-P-6000,MO2403-P-6000,161.6,0.0,0.0,0.0,1,160.0,162.8,7,161.6,157.4,0.0,0.0,0.0,0.0,432
2023-05-11 09:54:01,MO2403-P-6000,MO2403-P-6000,161.6,0.0,0.0,0.0,1,160.0,162.6,6,161.6,157.4,0.0,0.0,0.0,0.0,432
2023-05-11 09:54:06,MO2403-P-6000,MO2403-P-6000,161.6,0.0,0.0,0.0,1,160.2,162.6,6,161.6,157.4,0.0,0.0,0.0,0.0,432
2023-05-11 09:54:09,MO2403-P-6000,MO2403-P-6000,161.6,0.0,0.0,0.0,1,159.6,162.6,6,161.6,157.4,0.0,0.0,0.0,0.0,432
2023-05-11 09:54:11,MO2403-P-6000,MO2403-P-6000,161.6,0.0,0.0,0.0,1,159.6,162.8,6,161.6,157.4,0.0,0.0,0.0,0.0,432
2023-05-11 09:54:22,MO2403-P-6000,MO2403-P-6000,161.6,0.0,0.0,0.0,8,159.0,162.8,6,161.6,157.4,0.0,0.0,0.0,0.0,432
2023-05-11 09:54:25,MO2403-P-6000,MO2403-P-6000,161.6,0.0,0.0,0.0,1,159.0,162.8,6,161.6,157.4,0.0,0.0,0.0,0.0,432
2023-05-11 09:54:31,MO2403-P-6000,MO2403-P-6000,161.6,0.0,0.0,0.0,1,159.0,162.6,1,161.6,157.4,0.0,0.0,0.0,0.0,432
2023-05-11 09:54:32,MO2403-P-6000,MO2403-P-6000,161.6,0.0,0.0,0.0,1,159.0,162.4,6,161.6,157.4,0.0,0.0,0.0,0.0,432
2023-05-11 09:54:38,MO2403-P-6000,MO2403-P-6000,161.6,0.0,0.0,0.0,1,158.8,162.4,6,161.6,157.4,0.0,0.0,0.0,0.0,432
2023-05-11 09:54:42,MO2403-P-6000,MO2403-P-6000,161.6,0.0,0.0,0.0,12,158.4,162.4,6,161.6,157.4,0.0,0.0,0.0,0.0,432
2023-05-11 09:54:43,MO2403-P-6000,MO2403-P-6000,161.6,0.0,0.0,0.0,13,158.2,162.4,6,161.6,157.4,0.0,0.0,0.0,0.0,432
2023-05-11 09:54:43,MO2403-P-6000,MO2403-P-6000,161.6,0.0,0.0,0.0,7,158.2,162.4,6,161.6,157.4,0.0,0.0,0.0,0.0,432
2023-05-11 09:54:44,MO2403-P-6000,MO2403-P-6000,161.6,0.0,0.0,0.0,1,158.2,162.4,6,161.6,157.4,0.0,0.0,0.0,0.0,432
2023-05-11 09:54:56,MO2403-P-6000,MO2403-P-6000,161.6,0.0,0.0,0.0,1,157.8,162.4,6,161.6,157.4,0.0,0.0,0.0,0.0,432
2023-05-11 09:55:03,MO2403-P-6000,MO2403-P-6000,161.6,0.0,0.0,0.0,6,158.0,162.4,6,161.6,157.4,0.0,0.0,0.0,0.0,432
2023-05-11 09:55:03,MO2403-P-6000,MO2403-P-6000,161.6,0.0,0.0,0.0,1,159.0,162.6,6,161.6,157.4,0.0,0.0,0.0,0.0,432
2023-05-11 09:55:04,MO2403-P-6000,MO2403-P-6000,161.6,0.0,0.0,0.0,1,159.0,162.8,6,161.6,157.4,0.0,0.0,0.0,0.0,432
2023-05-11 09:55:11,MO2403-P-6000,MO2403-P-6000,161.6,0.0,0.0,0.0,1,159.0,163.0,6,161.6,157.4,0.0,0.0,0.0,0.0,432
2023-05-11 09:55:13,MO2403-P-6000,MO2403-P-6000,161.6,0.0,0.0,0.0,1,159.0,161.0,1,161.6,157.4,0.0,0.0,0.0,0.0,432
2023-05-11 09:55:37,MO2403-P-6000,MO2403-P-6000,161.6,0.0,0.0,0.0,2,159.0,161.0,1,161.6,157.4,0.0,0.0,0.0,0.0,432
2023-05-11 09:55:37,MO2403-P-6000,MO2403-P-6000,161.6,0.0,0.0,0.0,1,160.0,161.0,1,161.6,157.4,0.0,0.0,0.0,0.0,432
2023-05-11 09:55:52,MO2403-P-6000,MO2403-P-6000,161.6,0.0,0.0,0.0,2,160.0,161.0,1,161.6,157.4,0.0,0.0,0.0,0.0,432
2023-05-11 09:56:04,MO2403-P-6000,MO2403-P-6000,161.6,0.0,0.0,0.0,1,160.2,161.0,1,161.6,157.4,0.0,0.0,0.0,0.0,432
2023-05-11 09:56:16,MO2403-P-6000,MO2403-P-6000,161.6,0.0,0.0,0.0,1,160.4,161.0,1,161.6,157.4,0.0,0.0,0.0,0.0,432
2023-05-11 09:56:17,MO2403-P-6000,MO2403-P-6000,161.6,0.0,0.0,0.0,7,160.4,161.0,1,161.6,157.4,0.0,0.0,0.0,0.0,432
2023-05-11 09:56:22,MO2403-P-6000,MO2403-P-6000,161.6,0.0,0.0,0.0,6,160.4,161.0,1,161.6,157.4,0.0,0.0,0.0,0.0,432
2023-05-11 09:56:22,MO2403-P-6000,MO2403-P-6000,161.6,0.0,0.0,0.0,6,160.0,161.0,1,161.6,157.4,0.0,0.0,0.0,0.0,432
2023-05-11 09:56:29,MO2403-P-6000,MO2403-P-6000,161.6,0.0,0.0,0.0,6,159.6,161.0,1,161.6,157.4,0.0,0.0,0.0,0.0,432
2023-05-11 09:56:30,MO2403-P-6000,MO2403-P-6000,161.6,0.0,0.0,0.0,8,159.4,161.0,1,161.6,157.4,0.0,0.0,0.0,0.0,432
2023-05-11 09:56:33,MO2403-P-6000,MO2403-P-6000,161.6,0.0,0.0,0.0,1,159.6,161.0,1,161.6,157.4,0.0,0.0,0.0,0.0,432
2023-05-11 09:56:44,MO2403-P-6000,MO2403-P-6000,161.6,0.0,0.0,0.0,1,159.8,161.0,1,161.6,157.4,0.0,0.0,0.0,0.0,432
2023-05-11 09:56:48,MO2403-P-6000,MO2403-P-6000,161.6,0.0,0.0,0.0,1,160.4,161.0,1,161.6,157.4,0.0,0.0,0.0,0.0,432
2023-05-11 09:57:11,MO2403-P-6000,MO2403-P-6000,161.6,0.0,0.0,0.0,2,160.4,161.0,1,161.6,157.4,0.0,0.0,0.0,0.0,432
2023-05-11 09:57:17,MO2403-P-6000,MO2403-P-6000,161.6,0.0,0.0,0.0,1,160.4,161.0,1,161.6,157.4,0.0,0.0,0.0,0.0,432
2023-05-11 09:57:42,MO2403-P-6000,MO2403-P-6000,161.6,0.0,0.0,0.0,2,159.8,161.0,1,161.6,157.4,0.0,0.0,0.0,0.0,432
2023-05-11 09:57:43,MO2403-P-6000,MO2403-P-6000,161.6,0.0,0.0,0.0,1,159.8,161.0,1,161.6,157.4,0.0,0.0,0.0,0.0,432
2023-05-11 09:57:49,MO2403-P-6000,MO2403-P-6000,161.6,0.0,0.0,0.0,13,159.2,161.0,1,161.6,157.4,0.0,0.0,0.0,0.0,432
2023-05-11 09:57:53,MO2403-P-6000,MO2403-P-6000,161.6,0.0,0.0,0.0,1,159.4,161.0,1,161.6,157.4,0.0,0.0,0.0,0.0,432
2023-05-11 09:57:54,MO2403-P-6000,MO2403-P-6000,161.6,0.0,0.0,0.0,1,159.6,161.0,1,161.6,157.4,0.0,0.0,0.0,0.0,432
2023-05-11 09:58:04,MO2403-P-6000,MO2403-P-6000,161.6,0.0,0.0,0.0,7,159.6,161.0,1,161.6,157.4,0.0,0.0,0.0,0.0,432
2023-05-11 09:58:08,MO2403-P-6000,MO2403-P-6000,161.6,0.0,0.0,0.0,8,159.6,161.0,1,161.6,157.4,0.0,0.0,0.0,0.0,432
2023-05-11 09:58:12,MO2403-P-6000,MO2403-P-6000,161.6,0.0,0.0,0.0,2,159.6,161.0,1,161.6,157.4,0.0,0.0,0.0,0.0,432
2023-05-11 09:58:18,MO2403-P-6000,MO2403-P-6000,161.6,0.0,0.0,0.0,1,159.8,161.0,1,161.6,157.4,0.0,0.0,0.0,0.0,432
2023-05-11 09:58:28,MO2403-P-6000,MO2403-P-6000,161.6,0.0,0.0,0.0,1,160.0,161.0,1,161.6,157.4,0.0,0.0,0.0,0.0,432
2023-05-11 09:58:54,MO2403-P-6000,MO2403-P-6000,161.6,0.0,0.0,0.0,1,159.6,161.0,1,161.6,157.4,0.0,0.0,0.0,0.0,432
2023-05-11 09:59:00,MO2403-P-6000,MO2403-P-6000,161.6,0.0,0.0,0.0,1,159.4,161.0,1,161.6,157.4,0.0,0.0,0.0,0.0,432
2023-05-11 09:59:03,MO2403-P-6000,MO2403-P-6000,161.6,0.0,0.0,0.0,1,159.4,161.0,7,161.6,157.4,0.0,0.0,0.0,0.0,432
2023-05-11 09:59:05,MO2403-P-6000,MO2403-P-6000,161.6,0.0,0.0,0.0,1,159.4,161.0,1,161.6,157.4,0.0,0.0,0.0,0.0,432
2023-05-11 09:59:11,MO2403-P-6000,MO2403-P-6000,161.6,0.0,0.0,0.0,1,159.8,161.0,1,161.6,157.4,0.0,0.0,0.0,0.0,432
2023-05-11 09:59:23,MO2403-P-6000,MO2403-P-6000,161.6,0.0,0.0,0.0,18,159.2,161.0,1,161.6,157.4,0.0,0.0,0.0,0.0,432
2023-05-11 09:59:24,MO2403-P-6000,MO2403-P-6000,161.6,0.0,0.0,0.0,12,159.2,161.0,1,161.6,157.4,0.0,0.0,0.0,0.0,432
2023-05-11 09:59:24,MO2403-P-6000,MO2403-P-6000,161.6,0.0,0.0,0.0,6,159.2,161.0,1,161.6,157.4,0.0,0.0,0.0,0.0,432
2023-05-11 09:59:33,MO2403-P-6000,MO2403-P-6000,161.6,0.0,0.0,0.0,7,159.0,161.0,1,161.6,157.4,0.0,0.0,0.0,0.0,432
2023-05-11 09:59:33,MO2403-P-6000,MO2403-P-6000,161.6,0.0,0.0,0.0,1,159.0,161.0,1,161.6,157.4,0.0,0.0,0.0,0.0,432
2023-05-11 09:59:35,MO2403-P-6000,MO2403-P-6000,161.6,0.0,0.0,0.0,1,159.0,161.0,7,161.6,157.4,0.0,0.0,0.0,0.0,432
2023-05-11 09:59:38,MO2403-P-6000,MO2403-P-6000,161.6,0.0,0.0,0.0,12,158.8,161.0,7,161.6,157.4,0.0,0.0,0.0,0.0,432
2023-05-11 09:59:39,MO2403-P-6000,MO2403-P-6000,161.6,0.0,0.0,0.0,7,158.6,161.0,1,161.6,157.4,0.0,0.0,0.0,0.0,432
2023-05-11 09:59:39,MO2403-P-6000,MO2403-P-6000,161.6,0.0,0.0,0.0,1,158.6,161.0,7,161.6,157.4,0.0,0.0,0.0,0.0,432
2023-05-11 09:59:41,MO2403-P-6000,MO2403-P-6000,161.6,0.0,0.0,0.0,7,158.6,161.0,7,161.6,157.4,0.0,0.0,0.0,0.0,432
2023-05-11 09:59:54,MO2403-P-6000,MO2403-P-6000,161.6,0.0,0.0,0.0,1,158.6,161.0,7,161.6,157.4,0.0,0.0,0.0,0.0,432
2023-05-11 10:00:04,MO2403-P-6000,MO2403-P-6000,161.6,0.0,0.0,0.0,1,158.6,160.8,6,161.6,157.4,0.0,0.0,0.0,0.0,432
2023-05-11 10:00:06,MO2403-P-6000,MO2403-P-6000,161.6,0.0,0.0,0.0,12,158.4,160.8,6,161.6,157.4,0.0,0.0,0.0,0.0,432
2023-05-11 10:00:07,MO2403-P-6000,MO2403-P-6000,161.6,0.0,0.0,0.0,6,158.2,160.8,6,161.6,157.4,0.0,0.0,0.0,0.0,432
2023-05-11 10:00:07,MO2403-P-6000,MO2403-P-6000,161.6,0.0,0.0,0.0,13,157.8,160.8,6,161.6,157.4,0.0,0.0,0.0,0.0,432
2023-05-11 10:00:08,MO2403-P-6000,MO2403-P-6000,161.6,0.0,0.0,0.0,7,157.8,160.8,6,161.6,157.4,0.0,0.0,0.0,0.0,432
2023-05-11 10:00:08,MO2403-P-6000,MO2403-P-6000,161.6,0.0,0.0,0.0,1,157.8,160.8,6,161.6,157.4,0.0,0.0,0.0,0.0,432
2023-05-11 10:00:10,MO2403-P-6000,MO2403-P-6000,161.6,0.0,0.0,0.0,7,157.8,160.8,6,161.6,157.4,0.0,0.0,0.0,0.0,432
2023-05-11 10:00:10,MO2403-P-6000,MO2403-P-6000,161.6,0.0,0.0,0.0,1,159.0,160.8,6,161.6,157.4,0.0,0.0,0.0,0.0,432
2023-05-11 10:00:39,MO2403-P-6000,MO2403-P-6000,161.6,0.0,0.0,0.0,7,157.8,160.8,6,161.6,157.4,0.0,0.0,0.0,0.0,432
2023-05-11 10:00:40,MO2403-P-6000,MO2403-P-6000,161.6,0.0,0.0,0.0,6,158.0,160.8,6,161.6,157.4,0.0,0.0,0.0,0.0,432
2023-05-11 10:00:41,MO2403-P-6000,MO2403-P-6000,161.6,0.0,0.0,0.0,1,157.8,160.8,6,161.6,157.4,0.0,0.0,0.0,0.0,432
2023-05-11 10:00:56,MO2403-P-6000,MO2403-P-6000,161.6,0.0,0.0,0.0,7,157.8,160.8,6,161.6,157.4,0.0,0.0,0.0,0.0,432
2023-05-11 10:01:22,MO2403-P-6000,MO2403-P-6000,161.6,0.0,0.0,0.0,1,158.8,160.8,6,161.6,157.4,0.0,0.0,0.0,0.0,432
2023-05-11 10:01:35,MO2403-P-6000,MO2403-P-6000,161.6,0.0,0.0,0.0,1,158.8,161.0,1,161.6,157.4,0.0,0.0,0.0,0.0,432
2023-05-11 10:01:45,MO2403-P-6000,MO2403-P-6000,161.6,0.0,0.0,0.0,7,158.8,161.0,1,161.6,157.4,0.0,0.0,0.0,0.0,432
2023-05-11 10:02:06,MO2403-P-6000,MO2403-P-6000,161.6,0.0,0.0,0.0,1,158.8,160.8,6,161.6,157.4,0.0,0.0,0.0,0.0,432
2023-05-11 10:02:41,MO2403-P-6000,MO2403-P-6000,161.6,0.0,0.0,0.0,1,158.8,161.0,1,161.6,157.4,0.0,0.0,0.0,0.0,432
2023-05-11 10:02:45,MO2403-P-6000,MO2403-P-6000,161.6,0.0,0.0,0.0,1,158.8,161.0,7,161.6,157.4,0.0,0.0,0.0,0.0,432
2023-05-11 10:02:54,MO2403-P-6000,MO2403-P-6000,161.6,0.0,0.0,0.0,1,158.8,161.0,1,161.6,157.4,0.0,0.0,0.0,0.0,432
2023-05-11 10:02:57,MO2403-P-6000,MO2403-P-6000,161.6,0.0,0.0,0.0,1,158.8,161.0,7,161.6,157.4,0.0,0.0,0.0,0.0,432
2023-05-11 10:02:58,MO2403-P-6000,MO2403-P-6000,161.6,0.0,0.0,0.0,1,158.8,160.8,6,161.6,157.4,0.0,0.0,0.0,0.0,432
2023-05-11 10:03:06,MO2403-P-6000,MO2403-P-6000,161.6,0.0,0.0,0.0,19,158.2,160.8,6,161.6,157.4,0.0,0.0,0.0,0.0,432
2023-05-11 10:03:06,MO2403-P-6000,MO2403-P-6000,161.6,0.0,0.0,0.0,13,158.2,160.8,6,161.6,157.4,0.0,0.0,0.0,0.0,432
2023-05-11 10:03:09,MO2403-P-6000,MO2403-P-6000,161.6,0.0,0.0,0.0,6,158.2,160.8,6,161.6,157.4,0.0,0.0,0.0,0.0,432
2023-05-11 10:03:09,MO2403-P-6000,MO2403-P-6000,161.6,0.0,0.0,0.0,14,157.6,160.8,6,161.6,157.4,0.0,0.0,0.0,0.0,432
2023-05-11 10:03:30,MO2403-P-6000,MO2403-P-6000,161.6,0.0,0.0,0.0,8,157.6,160.8,6,161.6,157.4,0.0,0.0,0.0,0.0,432
2023-05-11 10:03:31,MO2403-P-6000,MO2403-P-6000,161.6,0.0,0.0,0.0,2,157.6,160.8,6,161.6,157.4,0.0,0.0,0.0,0.0,432
2023-05-11 10:03:38,MO2403-P-6000,MO2403-P-6000,161.6,0.0,0.0,0.0,1,157.6,160.8,6,161.6,157.4,0.0,0.0,0.0,0.0,432
2023-05-11 10:04:24,MO2403-P-6000,MO2403-P-6000,161.6,0.0,0.0,0.0,7,157.6,160.8,6,161.6,157.4,0.0,0.0,0.0,0.0,432
2023-05-11 10:04:26,MO2403-P-6000,MO2403-P-6000,161.6,0.0,0.0,0.0,1,157.6,160.8,6,161.6,157.4,0.0,0.0,0.0,0.0,432
2023-05-11 10:04:29,MO2403-P-6000,MO2403-P-6000,161.6,0.0,0.0,0.0,7,157.6,160.8,6,161.6,157.4,0.0,0.0,0.0,0.0,432
2023-05-11 10:04:33,MO2403-P-6000,MO2403-P-6000,161.6,0.0,0.0,0.0,1,157.6,160.8,6,161.6,157.4,0.0,0.0,0.0,0.0,432
2023-05-11 10:05:04,MO2403-P-6000,MO2403-P-6000,161.6,0.0,0.0,0.0,7,157.6,160.8,6,161.6,157.4,0.0,0.0,0.0,0.0,432
2023-05-11 10:05:20,MO2403-P-6000,MO2403-P-6000,161.6,0.0,0.0,0.0,7,157.6,160.6,1,161.6,157.4,0.0,0.0,0.0,0.0,432
2023-05-11 10:05:20,MO2403-P-6000,MO2403-P-6000,161.6,0.0,0.0,0.0,6,157.6,160.4,6,161.6,157.4,0.0,0.0,0.0,0.0,432
2023-05-11 10:05:21,MO2403-P-6000,MO2403-P-6000,161.6,0.0,0.0,0.0,6,157.2,160.4,6,161.6,157.4,0.0,0.0,0.0,0.0,432
2023-05-11 10:06:16,MO2403-P-6000,MO2403-P-6000,161.6,0.0,0.0,0.0,6,157.2,160.8,6,161.6,157.4,0.0,0.0,0.0,0.0,432
2023-05-11 10:06:38,MO2403-P-6000,MO2403-P-6000,161.6,0.0,0.0,0.0,1,158.0,160.8,6,161.6,157.4,0.0,0.0,0.0,0.0,432
2023-05-11 10:06:39,MO2403-P-6000,MO2403-P-6000,161.6,0.0,0.0,0.0,7,158.0,160.8,6,161.6,157.4,0.0,0.0,0.0,0.0,432
2023-05-11 10:07:18,MO2403-P-6000,MO2403-P-6000,161.6,0.0,0.0,0.0,1,159.0,160.8,6,161.6,157.4,0.0,0.0,0.0,0.0,432
2023-05-11 10:07:38,MO2403-P-6000,MO2403-P-6000,161.6,0.0,0.0,0.0,1,159.0,161.0,1,161.6,157.4,0.0,0.0,0.0,0.0,432
2023-05-11 10:08:23,MO2403-P-6000,MO2403-P-6000,161.6,0.0,0.0,0.0,7,159.0,161.0,1,161.6,157.4,0.0,0.0,0.0,0.0,432
2023-05-11 10:08:38,MO2403-P-6000,MO2403-P-6000,161.6,0.0,0.0,0.0,1,159.0,161.0,1,161.6,157.4,0.0,0.0,0.0,0.0,432
2023-05-11 10:08:52,MO2403-P-6000,MO2403-P-6000,161.6,0.0,0.0,0.0,2,159.0,161.0,1,161.6,157.4,0.0,0.0,0.0,0.0,432
2023-05-11 10:08:54,MO2403-P-6000,MO2403-P-6000,161.6,0.0,0.0,0.0,8,159.0,161.0,1,161.6,157.4,0.0,0.0,0.0,0.0,432
2023-05-11 10:09:02,MO2403-P-6000,MO2403-P-6000,161.6,0.0,0.0,0.0,1,159.2,161.0,1,161.6,157.4,0.0,0.0,0.0,0.0,432
2023-05-11 10:09:12,MO2403-P-6000,MO2403-P-6000,161.6,0.0,0.0,0.0,1,159.4,161.0,1,161.6,157.4,0.0,0.0,0.0,0.0,432
2023-05-11 10:09:22,MO2403-P-6000,MO2403-P-6000,161.6,0.0,0.0,0.0,1,159.6,161.0,1,161.6,157.4,0.0,0.0,0.0,0.0,432
2023-05-11 10:09:38,MO2403-P-6000,MO2403-P-6000,161.6,0.0,0.0,0.0,2,159.0,161.0,1,161.6,157.4,0.0,0.0,0.0,0.0,432
2023-05-11 10:09:50,MO2403-P-6000,MO2403-P-6000,161.6,0.0,0.0,0.0,1,159.0,161.0,1,161.6,157.4,0.0,0.0,0.0,0.0,432
2023-05-11 10:10:02,MO2403-P-6000,MO2403-P-6000,161.6,0.0,0.0,0.0,14,158.4,161.0,1,161.6,157.4,0.0,0.0,0.0,0.0,432
2023-05-11 10:10:02,MO2403-P-6000,MO2403-P-6000,161.6,0.0,0.0,0.0,8,158.4,161.0,1,161.6,157.4,0.0,0.0,0.0,0.0,432
2023-05-11 10:10:03,MO2403-P-6000,MO2403-P-6000,161.6,0.0,0.0,0.0,2,158.4,161.0,1,161.6,157.4,0.0,0.0,0.0,0.0,432
2023-05-11 10:10:07,MO2403-P-6000,MO2403-P-6000,161.6,0.0,0.0,0.0,8,158.4,161.0,1,161.6,157.4,0.0,0.0,0.0,0.0,432
2023-05-11 10:10:12,MO2403-P-6000,MO2403-P-6000,161.6,0.0,0.0,0.0,1,158.6,161.0,1,161.6,157.4,0.0,0.0,0.0,0.0,432
2023-05-11 10:10:14,MO2403-P-6000,MO2403-P-6000,161.6,0.0,0.0,0.0,1,158.6,161.0,7,161.6,157.4,0.0,0.0,0.0,0.0,432
2023-05-11 10:10:16,MO2403-P-6000,MO2403-P-6000,161.6,0.0,0.0,0.0,1,158.0,160.8,6,161.6,157.4,0.0,0.0,0.0,0.0,432
2023-05-11 10:10:18,MO2403-P-6000,MO2403-P-6000,161.6,0.0,0.0,0.0,1,158.0,160.8,7,161.6,157.4,0.0,0.0,0.0,0.0,432
2023-05-11 10:10:19,MO2403-P-6000,MO2403-P-6000,161.6,0.0,0.0,0.0,1,158.0,160.6,6,161.6,157.4,0.0,0.0,0.0,0.0,432
2023-05-11 10:10:26,MO2403-P-6000,MO2403-P-6000,161.6,0.0,0.0,0.0,12,157.6,160.6,6,161.6,157.4,0.0,0.0,0.0,0.0,432
2023-05-11 10:10:27,MO2403-P-6000,MO2403-P-6000,161.6,0.0,0.0,0.0,19,157.2,160.6,6,161.6,157.4,0.0,0.0,0.0,0.0,432
2023-05-11 10:10:27,MO2403-P-6000,MO2403-P-6000,161.6,0.0,0.0,0.0,7,157.2,160.6,6,161.6,157.4,0.0,0.0,0.0,0.0,432
2023-05-11 10:10:28,MO2403-P-6000,MO2403-P-6000,161.6,0.0,0.0,0.0,1,157.2,160.6,6,161.6,157.4,0.0,0.0,0.0,0.0,432
2023-05-11 10:10:40,MO2403-P-6000,MO2403-P-6000,161.6,0.0,0.0,0.0,12,157.0,160.6,6,161.6,157.4,0.0,0.0,0.0,0.0,432
2023-05-11 10:10:40,MO2403-P-6000,MO2403-P-6000,161.6,0.0,0.0,0.0,13,156.8,160.6,6,161.6,157.4,0.0,0.0,0.0,0.0,432
2023-05-11 10:10:45,MO2403-P-6000,MO2403-P-6000,161.6,0.0,0.0,0.0,14,156.8,160.6,6,161.6,157.4,0.0,0.0,0.0,0.0,432
2023-05-11 10:10:55,MO2403-P-6000,MO2403-P-6000,161.6,0.0,0.0,0.0,1,157.0,160.6,6,161.6,157.4,0.0,0.0,0.0,0.0,432
2023-05-11 10:11:02,MO2403-P-6000,MO2403-P-6000,161.6,0.0,0.0,0.0,1,156.8,160.6,6,161.6,157.4,0.0,0.0,0.0,0.0,432
2023-05-11 10:11:58,MO2403-P-6000,MO2403-P-6000,161.6,0.0,0.0,0.0,7,156.8,160.6,6,161.6,157.4,0.0,0.0,0.0,0.0,432
2023-05-11 10:12:01,MO2403-P-6000,MO2403-P-6000,161.6,0.0,0.0,0.0,1,157.8,160.6,6,161.6,157.4,0.0,0.0,0.0,0.0,432
2023-05-11 10:12:14,MO2403-P-6000,MO2403-P-6000,161.6,0.0,0.0,0.0,6,156.8,160.6,6,161.6,157.4,0.0,0.0,0.0,0.0,432
2023-05-11 10:12:14,MO2403-P-6000,MO2403-P-6000,161.6,0.0,0.0,0.0,7,156.8,160.6,6,161.6,157.4,0.0,0.0,0.0,0.0,432
2023-05-11 10:12:24,MO2403-P-6000,MO2403-P-6000,161.6,0.0,0.0,0.0,8,156.8,160.6,6,161.6,157.4,0.0,0.0,0.0,0.0,432
2023-05-11 10:12:38,MO2403-P-6000,MO2403-P-6000,161.6,0.0,0.0,0.0,1,157.0,160.6,6,161.6,157.4,0.0,0.0,0.0,0.0,432
2023-05-11 10:12:47,MO2403-P-6000,MO2403-P-6000,161.6,0.0,0.0,0.0,1,157.8,160.6,6,161.6,157.4,0.0,0.0,0.0,0.0,432
2023-05-11 10:13:09,MO2403-P-6000,MO2403-P-6000,161.6,0.0,0.0,0.0,1,157.0,160.6,6,161.6,157.4,0.0,0.0,0.0,0.0,432
2023-05-11 10:13:09,MO2403-P-6000,MO2403-P-6000,161.6,0.0,0.0,0.0,6,156.8,160.6,6,161.6,157.4,0.0,0.0,0.0,0.0,432
2023-05-11 10:13:14,MO2403-P-6000,MO2403-P-6000,161.6,0.0,0.0,0.0,13,156.6,160.6,6,161.6,157.4,0.0,0.0,0.0,0.0,432
2023-05-11 10:13:14,MO2403-P-6000,MO2403-P-6000,161.6,0.0,0.0,0.0,7,156.6,160.6,6,161.6,157.4,0.0,0.0,0.0,0.0,432
2023-05-11 10:13:15,MO2403-P-6000,MO2403-P-6000,161.6,0.0,0.0,0.0,1,156.6,160.6,6,161.6,157.4,0.0,0.0,0.0,0.0,432
2023-05-11 10:13:24,MO2403-P-6000,MO2403-P-6000,161.6,0.0,0.0,0.0,2,156.6,160.6,6,161.6,157.4,0.0,0.0,0.0,0.0,432
2023-05-11 10:13:31,MO2403-P-6000,MO2403-P-6000,161.6,0.0,0.0,0.0,8,156.6,160.6,6,161.6,157.4,0.0,0.0,0.0,0.0,432
2023-05-11 10:13:40,MO2403-P-6000,MO2403-P-6000,161.6,0.0,0.0,0.0,1,156.8,160.6,6,161.6,157.4,0.0,0.0,0.0,0.0,432
2023-05-11 10:13:46,MO2403-P-6000,MO2403-P-6000,161.6,0.0,0.0,0.0,7,156.6,160.6,6,161.6,157.4,0.0,0.0,0.0,0.0,432
2023-05-11 10:14:05,MO2403-P-6000,MO2403-P-6000,161.6,0.0,0.0,0.0,1,156.6,160.6,6,161.6,157.4,0.0,0.0,0.0,0.0,432
2023-05-11 10:14:16,MO2403-P-6000,MO2403-P-6000,161.6,0.0,0.0,0.0,7,156.6,160.6,6,161.6,157.4,0.0,0.0,0.0,0.0,432
2023-05-11 10:14:25,MO2403-P-6000,MO2403-P-6000,161.6,0.0,0.0,0.0,1,156.6,160.6,6,161.6,157.4,0.0,0.0,0.0,0.0,432
2023-05-11 10:14:53,MO2403-P-6000,MO2403-P-6000,161.6,0.0,0.0,0.0,1,156.6,160.0,1,161.6,157.4,0.0,0.0,0.0,0.0,432
2023-05-11 10:14:53,MO2403-P-6000,MO2403-P-6000,161.6,0.0,0.0,0.0,1,156.6,159.8,6,161.6,157.4,0.0,0.0,0.0,0.0,432
2023-05-11 10:15:56,MO2403-P-6000,MO2403-P-6000,161.6,0.0,0.0,0.0,7,156.6,159.8,6,161.6,157.4,0.0,0.0,0.0,0.0,432
2023-05-11 10:16:03,MO2403-P-6000,MO2403-P-6000,161.6,0.0,0.0,0.0,7,156.6,160.0,6,161.6,157.4,0.0,0.0,0.0,0.0,432
2023-05-11 10:16:32,MO2403-P-6000,MO2403-P-6000,161.6,0.0,0.0,0.0,7,156.6,159.8,1,161.6,157.4,0.0,0.0,0.0,0.0,432
2023-05-11 10:16:32,MO2403-P-6000,MO2403-P-6000,161.6,0.0,0.0,0.0,7,156.6,159.6,6,161.6,157.4,0.0,0.0,0.0,0.0,432
2023-05-11 10:16:33,MO2403-P-6000,MO2403-P-6000,161.6,0.0,0.0,0.0,1,156.6,159.6,6,161.6,157.4,0.0,0.0,0.0,0.0,432
2023-05-11 10:17:01,MO2403-P-6000,MO2403-P-6000,161.6,0.0,0.0,0.0,1,156.6,160.0,6,161.6,157.4,0.0,0.0,0.0,0.0,432
2023-05-11 10:18:01,MO2403-P-6000,MO2403-P-6000,161.6,0.0,0.0,0.0,7,156.6,160.0,6,161.6,157.4,0.0,0.0,0.0,0.0,432
2023-05-11 10:18:34,MO2403-P-6000,MO2403-P-6000,161.6,0.0,0.0,0.0,1,156.6,160.0,6,161.6,157.4,0.0,0.0,0.0,0.0,432
2023-05-11 10:19:23,MO2403-P-6000,MO2403-P-6000,161.6,0.0,0.0,0.0,1,156.6,159.4,1,161.6,157.4,0.0,0.0,0.0,0.0,432
2023-05-11 10:19:24,MO2403-P-6000,MO2403-P-6000,161.6,0.0,0.0,0.0,1,156.6,158.8,1,161.6,157.4,0.0,0.0,0.0,0.0,432
2023-05-11 10:19:24,MO2403-P-6000,MO2403-P-6000,161.6,0.0,0.0,0.0,1,156.6,158.6,6,161.6,157.4,0.0,0.0,0.0,0.0,432
2023-05-11 10:19:31,MO2403-P-6000,MO2403-P-6000,161.6,0.0,0.0,0.0,12,156.0,158.6,6,161.6,157.4,0.0,0.0,0.0,0.0,432
2023-05-11 10:19:31,MO2403-P-6000,MO2403-P-6000,161.6,0.0,0.0,0.0,19,155.6,158.6,6,161.6,157.4,0.0,0.0,0.0,0.0,432
2023-05-11 10:19:32,MO2403-P-6000,MO2403-P-6000,161.6,0.0,0.0,0.0,7,155.6,158.6,6,161.6,157.4,0.0,0.0,0.0,0.0,432
2023-05-11 10:19:32,MO2403-P-6000,MO2403-P-6000,161.6,0.0,0.0,0.0,1,155.6,158.6,6,161.6,157.4,0.0,0.0,0.0,0.0,432
2023-05-11 10:20:06,MO2403-P-6000,MO2403-P-6000,161.6,0.0,0.0,0.0,7,155.6,158.6,6,161.6,157.4,0.0,0.0,0.0,0.0,432
2023-05-11 10:20:06,MO2403-P-6000,MO2403-P-6000,161.6,0.0,0.0,0.0,1,156.6,158.6,6,161.6,157.4,0.0,0.0,0.0,0.0,432
2023-05-11 10:20:13,MO2403-P-6000,MO2403-P-6000,161.6,0.0,0.0,0.0,25,155.2,158.6,6,161.6,157.4,0.0,0.0,0.0,0.0,432
2023-05-11 10:20:13,MO2403-P-6000,MO2403-P-6000,161.6,0.0,0.0,0.0,13,155.2,158.0,1,161.6,157.4,0.0,0.0,0.0,0.0,432
2023-05-11 10:20:14,MO2403-P-6000,MO2403-P-6000,161.6,0.0,0.0,0.0,13,155.2,157.4,1,161.6,157.4,0.0,0.0,0.0,0.0,432
2023-05-11 10:20:14,MO2403-P-6000,MO2403-P-6000,161.6,0.0,0.0,0.0,13,155.2,157.4,7,161.6,157.4,0.0,0.0,0.0,0.0,432
2023-05-11 10:20:18,MO2403-P-6000,MO2403-P-6000,161.6,0.0,0.0,0.0,7,155.2,157.4,7,161.6,157.4,0.0,0.0,0.0,0.0,432
2023-05-11 10:20:18,MO2403-P-6000,MO2403-P-6000,161.6,0.0,0.0,0.0,1,155.2,157.4,7,161.6,157.4,0.0,0.0,0.0,0.0,432
2023-05-11 10:21:05,MO2403-P-6000,MO2403-P-6000,161.6,0.0,0.0,0.0,1,155.2,157.4,1,161.6,157.4,0.0,0.0,0.0,0.0,432
2023-05-11 10:21:14,MO2403-P-6000,MO2403-P-6000,161.6,0.0,0.0,0.0,7,155.2,157.4,1,161.6,157.4,0.0,0.0,0.0,0.0,432
2023-05-11 10:21:15,MO2403-P-6000,MO2403-P-6000,161.6,0.0,0.0,0.0,1,156.2,157.4,1,161.6,157.4,0.0,0.0,0.0,0.0,432
2023-05-11 10:21:42,MO2403-P-6000,MO2403-P-6000,161.6,0.0,0.0,0.0,7,156.2,157.4,1,161.6,157.4,0.0,0.0,0.0,0.0,432
2023-05-11 10:21:47,MO2403-P-6000,MO2403-P-6000,161.6,0.0,0.0,0.0,1,157.2,157.4,1,161.6,157.4,0.0,0.0,0.0,0.0,432
2023-05-11 10:21:53,MO2403-P-6000,MO2403-P-6000,157.4,1.0,15740.0,1.0,1,157.2,157.6,1,161.6,157.4,157.4,157.4,1.0,15740.0,433
2023-05-11 10:22:01,MO2403-P-6000,MO2403-P-6000,157.4,0.0,0.0,0.0,6,156.8,157.6,1,161.6,157.4,157.4,157.4,1.0,15740.0,433
2023-05-11 10:22:02,MO2403-P-6000,MO2403-P-6000,157.4,0.0,0.0,0.0,6,156.4,157.6,1,161.6,157.4,157.4,157.4,1.0,15740.0,433
2023-05-11 10:22:07,MO2403-P-6000,MO2403-P-6000,157.4,0.0,0.0,0.0,1,156.2,157.6,1,161.6,157.4,157.4,157.4,1.0,15740.0,433
2023-05-11 10:22:08,MO2403-P-6000,MO2403-P-6000,157.4,0.0,0.0,0.0,2,156.2,157.6,1,161.6,157.4,157.4,157.4,1.0,15740.0,433
2023-05-11 10:22:40,MO2403-P-6000,MO2403-P-6000,157.4,0.0,0.0,0.0,1,156.2,157.6,1,161.6,157.4,157.4,157.4,1.0,15740.0,433
2023-05-11 10:23:31,MO2403-P-6000,MO2403-P-6000,157.4,0.0,0.0,0.0,1,156.2,157.6,7,161.6,157.4,157.4,157.4,1.0,15740.0,433
2023-05-11 10:23:48,MO2403-P-6000,MO2403-P-6000,157.4,0.0,0.0,0.0,6,155.6,157.6,7,161.6,157.4,157.4,157.4,1.0,15740.0,433
2023-05-11 10:23:50,MO2403-P-6000,MO2403-P-6000,157.4,0.0,0.0,0.0,12,155.4,157.6,7,161.6,157.4,157.4,157.4,1.0,15740.0,433
2023-05-11 10:23:50,MO2403-P-6000,MO2403-P-6000,157.4,0.0,0.0,0.0,13,155.0,157.6,7,161.6,157.4,157.4,157.4,1.0,15740.0,433
2023-05-11 10:23:51,MO2403-P-6000,MO2403-P-6000,157.4,0.0,0.0,0.0,13,155.0,157.4,6,161.6,157.4,157.4,157.4,1.0,15740.0,433
2023-05-11 10:24:06,MO2403-P-6000,MO2403-P-6000,157.4,0.0,0.0,0.0,1,156.0,157.4,6,161.6,157.4,157.4,157.4,1.0,15740.0,433
2023-05-11 10:24:07,MO2403-P-6000,MO2403-P-6000,157.4,0.0,0.0,0.0,1,156.0,157.6,7,161.6,157.4,157.4,157.4,1.0,15740.0,433
2023-05-11 10:24:07,MO2403-P-6000,MO2403-P-6000,157.4,0.0,0.0,0.0,1,156.0,157.6,1,161.6,157.4,157.4,157.4,1.0,15740.0,433
2023-05-11 10:24:08,MO2403-P-6000,MO2403-P-6000,157.4,0.0,0.0,0.0,2,156.0,157.6,1,161.6,157.4,157.4,157.4,1.0,15740.0,433
2023-05-11 10:24:09,MO2403-P-6000,MO2403-P-6000,157.4,0.0,0.0,0.0,1,156.0,157.6,1,161.6,157.4,157.4,157.4,1.0,15740.0,433
2023-05-11 10:24:10,MO2403-P-6000,MO2403-P-6000,157.4,0.0,0.0,0.0,1,156.0,157.6,7,161.6,157.4,157.4,157.4,1.0,15740.0,433
2023-05-11 10:24:21,MO2403-P-6000,MO2403-P-6000,157.4,0.0,0.0,0.0,1,156.0,157.6,1,161.6,157.4,157.4,157.4,1.0,15740.0,433
2023-05-11 10:24:43,MO2403-P-6000,MO2403-P-6000,157.4,0.0,0.0,0.0,1,156.0,157.6,7,161.6,157.4,157.4,157.4,1.0,15740.0,433
2023-05-11 10:25:02,MO2403-P-6000,MO2403-P-6000,157.4,0.0,0.0,0.0,1,156.0,157.6,1,161.6,157.4,157.4,157.4,1.0,15740.0,433
2023-05-11 10:25:07,MO2403-P-6000,MO2403-P-6000,157.4,0.0,0.0,0.0,7,156.0,157.6,1,161.6,157.4,157.4,157.4,1.0,15740.0,433
2023-05-11 10:25:10,MO2403-P-6000,MO2403-P-6000,157.4,0.0,0.0,0.0,1,156.0,157.6,1,161.6,157.4,157.4,157.4,1.0,15740.0,433
2023-05-11 10:25:12,MO2403-P-6000,MO2403-P-6000,157.4,0.0,0.0,0.0,6,155.8,157.6,1,161.6,157.4,157.4,157.4,1.0,15740.0,433
2023-05-11 10:25:38,MO2403-P-6000,MO2403-P-6000,157.6,1.0,15760.0,0.0,6,155.8,157.8,7,161.6,157.4,157.6,157.4,2.0,31500.0,433
2023-05-11 10:25:43,MO2403-P-6000,MO2403-P-6000,157.6,0.0,0.0,0.0,6,155.8,157.8,8,161.6,157.4,157.6,157.4,2.0,31500.0,433
2023-05-11 10:25:46,MO2403-P-6000,MO2403-P-6000,157.6,0.0,0.0,0.0,6,155.8,157.8,2,161.6,157.4,157.6,157.4,2.0,31500.0,433
2023-05-11 10:25:50,MO2403-P-6000,MO2403-P-6000,157.6,0.0,0.0,0.0,7,155.8,157.8,2,161.6,157.4,157.6,157.4,2.0,31500.0,433
2023-05-11 10:25:51,MO2403-P-6000,MO2403-P-6000,157.6,0.0,0.0,0.0,1,156.2,157.8,2,161.6,157.4,157.6,157.4,2.0,31500.0,433
2023-05-11 10:25:52,MO2403-P-6000,MO2403-P-6000,157.6,0.0,0.0,0.0,7,156.2,157.8,2,161.6,157.4,157.6,157.4,2.0,31500.0,433
2023-05-11 10:26:00,MO2403-P-6000,MO2403-P-6000,157.6,0.0,0.0,0.0,8,156.2,157.8,2,161.6,157.4,157.6,157.4,2.0,31500.0,433
2023-05-11 10:26:12,MO2403-P-6000,MO2403-P-6000,157.6,0.0,0.0,0.0,8,156.2,157.8,1,161.6,157.4,157.6,157.4,2.0,31500.0,433
2023-05-11 10:26:19,MO2403-P-6000,MO2403-P-6000,157.6,0.0,0.0,0.0,1,156.4,157.8,1,161.6,157.4,157.6,157.4,2.0,31500.0,433
2023-05-11 10:26:23,MO2403-P-6000,MO2403-P-6000,157.6,0.0,0.0,0.0,1,156.4,157.8,2,161.6,157.4,157.6,157.4,2.0,31500.0,433
2023-05-11 10:26:31,MO2403-P-6000,MO2403-P-6000,157.6,0.0,0.0,0.0,1,156.6,157.8,2,161.6,157.4,157.6,157.4,2.0,31500.0,433
2023-05-11 10:26:38,MO2403-P-6000,MO2403-P-6000,157.6,0.0,0.0,0.0,1,156.6,157.8,8,161.6,157.4,157.6,157.4,2.0,31500.0,433
2023-05-11 10:26:40,MO2403-P-6000,MO2403-P-6000,157.6,0.0,0.0,0.0,1,156.2,157.8,8,161.6,157.4,157.6,157.4,2.0,31500.0,433
2023-05-11 10:27:02,MO2403-P-6000,MO2403-P-6000,157.6,0.0,0.0,0.0,6,155.4,157.8,8,161.6,157.4,157.6,157.4,2.0,31500.0,433
2023-05-11 10:27:30,MO2403-P-6000,MO2403-P-6000,157.6,0.0,0.0,0.0,7,155.4,157.8,8,161.6,157.4,157.6,157.4,2.0,31500.0,433
2023-05-11 10:27:44,MO2403-P-6000,MO2403-P-6000,157.6,0.0,0.0,0.0,6,155.4,157.8,8,161.6,157.4,157.6,157.4,2.0,31500.0,433
2023-05-11 10:27:57,MO2403-P-6000,MO2403-P-6000,157.6,0.0,0.0,0.0,6,155.4,157.8,2,161.6,157.4,157.6,157.4,2.0,31500.0,433
2023-05-11 10:28:01,MO2403-P-6000,MO2403-P-6000,157.6,0.0,0.0,0.0,6,155.4,157.8,8,161.6,157.4,157.6,157.4,2.0,31500.0,433
2023-05-11 10:28:53,MO2403-P-6000,MO2403-P-6000,157.6,0.0,0.0,0.0,1,155.0,157.8,8,161.6,157.4,157.6,157.4,2.0,31500.0,433
2023-05-11 10:28:53,MO2403-P-6000,MO2403-P-6000,157.6,0.0,0.0,0.0,1,155.0,157.6,6,161.6,157.4,157.6,157.4,2.0,31500.0,433
2023-05-11 10:30:03,MO2403-P-6000,MO2403-P-6000,157.6,0.0,0.0,0.0,2,154.8,157.6,6,161.6,157.4,157.6,157.4,2.0,31500.0,433
2023-05-11 10:30:04,MO2403-P-6000,MO2403-P-6000,157.6,0.0,0.0,0.0,12,154.6,157.6,6,161.6,157.4,157.6,157.4,2.0,31500.0,433
2023-05-11 10:30:04,MO2403-P-6000,MO2403-P-6000,157.6,0.0,0.0,0.0,6,154.2,157.6,6,161.6,157.4,157.6,157.4,2.0,31500.0,433
2023-05-11 10:30:05,MO2403-P-6000,MO2403-P-6000,157.6,0.0,0.0,0.0,2,154.2,157.6,6,161.6,157.4,157.6,157.4,2.0,31500.0,433
2023-05-11 10:30:05,MO2403-P-6000,MO2403-P-6000,157.6,0.0,0.0,0.0,24,154.0,157.6,6,161.6,157.4,157.6,157.4,2.0,31500.0,433
2023-05-11 10:30:06,MO2403-P-6000,MO2403-P-6000,157.6,0.0,0.0,0.0,12,154.0,157.6,6,161.6,157.4,157.6,157.4,2.0,31500.0,433
2023-05-11 10:30:06,MO2403-P-6000,MO2403-P-6000,157.6,0.0,0.0,0.0,8,154.0,157.6,6,161.6,157.4,157.6,157.4,2.0,31500.0,433
2023-05-11 10:30:08,MO2403-P-6000,MO2403-P-6000,157.6,0.0,0.0,0.0,1,154.8,157.6,6,161.6,157.4,157.6,157.4,2.0,31500.0,433
2023-05-11 10:30:13,MO2403-P-6000,MO2403-P-6000,157.6,0.0,0.0,0.0,2,154.6,157.6,6,161.6,157.4,157.6,157.4,2.0,31500.0,433
2023-05-11 10:30:14,MO2403-P-6000,MO2403-P-6000,157.6,0.0,0.0,0.0,1,154.0,157.6,6,161.6,157.4,157.6,157.4,2.0,31500.0,433
2023-05-11 10:30:23,MO2403-P-6000,MO2403-P-6000,157.6,0.0,0.0,0.0,1,154.0,157.4,1,161.6,157.4,157.6,157.4,2.0,31500.0,433
2023-05-11 10:30:23,MO2403-P-6000,MO2403-P-6000,157.6,0.0,0.0,0.0,1,154.0,157.2,6,161.6,157.4,157.6,157.4,2.0,31500.0,433
2023-05-11 10:30:33,MO2403-P-6000,MO2403-P-6000,157.6,0.0,0.0,0.0,1,154.0,157.4,6,161.6,157.4,157.6,157.4,2.0,31500.0,433
2023-05-11 10:30:34,MO2403-P-6000,MO2403-P-6000,157.6,0.0,0.0,0.0,1,154.0,157.6,6,161.6,157.4,157.6,157.4,2.0,31500.0,433
2023-05-11 10:31:40,MO2403-P-6000,MO2403-P-6000,157.6,0.0,0.0,0.0,1,154.0,157.4,1,161.6,157.4,157.6,157.4,2.0,31500.0,433
2023-05-11 10:31:41,MO2403-P-6000,MO2403-P-6000,157.6,0.0,0.0,0.0,1,154.0,157.2,6,161.6,157.4,157.6,157.4,2.0,31500.0,433
2023-05-11 10:32:16,MO2403-P-6000,MO2403-P-6000,157.6,0.0,0.0,0.0,2,153.8,157.2,6,161.6,157.4,157.6,157.4,2.0,31500.0,433
2023-05-11 10:32:17,MO2403-P-6000,MO2403-P-6000,157.6,0.0,0.0,0.0,12,153.6,157.2,6,161.6,157.4,157.6,157.4,2.0,31500.0,433
2023-05-11 10:32:18,MO2403-P-6000,MO2403-P-6000,157.6,0.0,0.0,0.0,12,153.4,157.2,6,161.6,157.4,157.6,157.4,2.0,31500.0,433
2023-05-11 10:32:18,MO2403-P-6000,MO2403-P-6000,157.6,0.0,0.0,0.0,2,153.4,157.2,6,161.6,157.4,157.6,157.4,2.0,31500.0,433
2023-05-11 10:32:19,MO2403-P-6000,MO2403-P-6000,157.6,0.0,0.0,0.0,25,153.2,157.2,6,161.6,157.4,157.6,157.4,2.0,31500.0,433
2023-05-11 10:32:19,MO2403-P-6000,MO2403-P-6000,157.6,0.0,0.0,0.0,19,153.2,157.2,6,161.6,157.4,157.6,157.4,2.0,31500.0,433
2023-05-11 10:32:20,MO2403-P-6000,MO2403-P-6000,157.6,0.0,0.0,0.0,21,153.2,157.2,8,161.6,157.4,157.6,157.4,2.0,31500.0,433
2023-05-11 10:32:20,MO2403-P-6000,MO2403-P-6000,157.6,0.0,0.0,0.0,19,153.2,157.0,6,161.6,157.4,157.6,157.4,2.0,31500.0,433
2023-05-11 10:32:28,MO2403-P-6000,MO2403-P-6000,157.6,0.0,0.0,0.0,13,153.2,157.0,6,161.6,157.4,157.6,157.4,2.0,31500.0,433
2023-05-11 10:32:28,MO2403-P-6000,MO2403-P-6000,157.6,0.0,0.0,0.0,6,153.4,157.0,6,161.6,157.4,157.6,157.4,2.0,31500.0,433
2023-05-11 10:32:31,MO2403-P-6000,MO2403-P-6000,157.6,0.0,0.0,0.0,14,153.2,157.0,6,161.6,157.4,157.6,157.4,2.0,31500.0,433
2023-05-11 10:32:39,MO2403-P-6000,MO2403-P-6000,157.6,0.0,0.0,0.0,1,153.4,157.0,6,161.6,157.4,157.6,157.4,2.0,31500.0,433
2023-05-11 10:32:44,MO2403-P-6000,MO2403-P-6000,157.6,0.0,0.0,0.0,6,153.4,157.0,6,161.6,157.4,157.6,157.4,2.0,31500.0,433
2023-05-11 10:32:49,MO2403-P-6000,MO2403-P-6000,157.6,0.0,0.0,0.0,13,153.2,157.0,6,161.6,157.4,157.6,157.4,2.0,31500.0,433
2023-05-11 10:32:52,MO2403-P-6000,MO2403-P-6000,157.6,0.0,0.0,0.0,7,153.2,157.0,6,161.6,157.4,157.6,157.4,2.0,31500.0,433
2023-05-11 10:32:52,MO2403-P-6000,MO2403-P-6000,157.6,0.0,0.0,0.0,1,153.2,157.0,6,161.6,157.4,157.6,157.4,2.0,31500.0,433
2023-05-11 10:33:03,MO2403-P-6000,MO2403-P-6000,157.6,0.0,0.0,0.0,1,153.2,156.6,1,161.6,157.4,157.6,157.4,2.0,31500.0,433
2023-05-11 10:33:03,MO2403-P-6000,MO2403-P-6000,157.6,0.0,0.0,0.0,1,153.2,156.4,6,161.6,157.4,157.6,157.4,2.0,31500.0,433
2023-05-11 10:33:22,MO2403-P-6000,MO2403-P-6000,157.6,0.0,0.0,0.0,1,153.2,156.6,6,161.6,157.4,157.6,157.4,2.0,31500.0,433
2023-05-11 10:33:47,MO2403-P-6000,MO2403-P-6000,157.6,0.0,0.0,0.0,7,153.2,156.6,6,161.6,157.4,157.6,157.4,2.0,31500.0,433
2023-05-11 10:33:48,MO2403-P-6000,MO2403-P-6000,157.6,0.0,0.0,0.0,1,154.2,156.8,6,161.6,157.4,157.6,157.4,2.0,31500.0,433
2023-05-11 10:33:48,MO2403-P-6000,MO2403-P-6000,157.6,0.0,0.0,0.0,1,154.2,157.0,6,161.6,157.4,157.6,157.4,2.0,31500.0,433
2023-05-11 10:34:01,MO2403-P-6000,MO2403-P-6000,157.6,0.0,0.0,0.0,1,154.2,157.0,8,161.6,157.4,157.6,157.4,2.0,31500.0,433
2023-05-11 10:34:02,MO2403-P-6000,MO2403-P-6000,157.6,0.0,0.0,0.0,1,154.2,156.8,6,161.6,157.4,157.6,157.4,2.0,31500.0,433
2023-05-11 10:34:21,MO2403-P-6000,MO2403-P-6000,157.6,0.0,0.0,0.0,7,154.2,156.8,6,161.6,157.4,157.6,157.4,2.0,31500.0,433
2023-05-11 10:34:24,MO2403-P-6000,MO2403-P-6000,157.6,0.0,0.0,0.0,7,154.2,157.0,6,161.6,157.4,157.6,157.4,2.0,31500.0,433
2023-05-11 10:34:37,MO2403-P-6000,MO2403-P-6000,157.6,0.0,0.0,0.0,1,154.2,157.0,6,161.6,157.4,157.6,157.4,2.0,31500.0,433
2023-05-11 10:34:48,MO2403-P-6000,MO2403-P-6000,157.6,0.0,0.0,0.0,12,153.8,157.0,6,161.6,157.4,157.6,157.4,2.0,31500.0,433
2023-05-11 10:34:48,MO2403-P-6000,MO2403-P-6000,157.6,0.0,0.0,0.0,6,153.8,157.0,6,161.6,157.4,157.6,157.4,2.0,31500.0,433
2023-05-11 10:34:49,MO2403-P-6000,MO2403-P-6000,157.6,0.0,0.0,0.0,19,153.4,157.0,6,161.6,157.4,157.6,157.4,2.0,31500.0,433
2023-05-11 10:34:49,MO2403-P-6000,MO2403-P-6000,157.6,0.0,0.0,0.0,13,153.4,157.0,6,161.6,157.4,157.6,157.4,2.0,31500.0,433
2023-05-11 10:34:50,MO2403-P-6000,MO2403-P-6000,157.6,0.0,0.0,0.0,1,153.6,157.0,6,161.6,157.4,157.6,157.4,2.0,31500.0,433
2023-05-11 10:34:54,MO2403-P-6000,MO2403-P-6000,157.6,0.0,0.0,0.0,12,153.4,157.0,6,161.6,157.4,157.6,157.4,2.0,31500.0,433
2023-05-11 10:34:54,MO2403-P-6000,MO2403-P-6000,157.6,0.0,0.0,0.0,6,153.4,157.0,6,161.6,157.4,157.6,157.4,2.0,31500.0,433
2023-05-11 10:35:07,MO2403-P-6000,MO2403-P-6000,157.6,0.0,0.0,0.0,1,154.2,157.0,6,161.6,157.4,157.6,157.4,2.0,31500.0,433
2023-05-11 10:35:08,MO2403-P-6000,MO2403-P-6000,157.6,0.0,0.0,0.0,1,154.2,157.2,6,161.6,157.4,157.6,157.4,2.0,31500.0,433
2023-05-11 10:35:08,MO2403-P-6000,MO2403-P-6000,157.6,0.0,0.0,0.0,7,154.2,157.4,6,161.6,157.4,157.6,157.4,2.0,31500.0,433
2023-05-11 10:35:09,MO2403-P-6000,MO2403-P-6000,157.6,0.0,0.0,0.0,6,154.4,157.4,6,161.6,157.4,157.6,157.4,2.0,31500.0,433
2023-05-11 10:35:10,MO2403-P-6000,MO2403-P-6000,157.6,0.0,0.0,0.0,15,154.2,157.4,6,161.6,157.4,157.6,157.4,2.0,31500.0,433
2023-05-11 10:35:10,MO2403-P-6000,MO2403-P-6000,157.6,0.0,0.0,0.0,13,154.2,157.4,6,161.6,157.4,157.6,157.4,2.0,31500.0,433
2023-05-11 10:35:18,MO2403-P-6000,MO2403-P-6000,157.6,0.0,0.0,0.0,7,154.2,157.4,6,161.6,157.4,157.6,157.4,2.0,31500.0,433
2023-05-11 10:35:18,MO2403-P-6000,MO2403-P-6000,157.6,0.0,0.0,0.0,1,154.2,157.4,6,161.6,157.4,157.6,157.4,2.0,31500.0,433
2023-05-11 10:36:05,MO2403-P-6000,MO2403-P-6000,157.6,0.0,0.0,0.0,7,154.2,157.4,6,161.6,157.4,157.6,157.4,2.0,31500.0,433
2023-05-11 10:36:34,MO2403-P-6000,MO2403-P-6000,157.6,0.0,0.0,0.0,8,154.2,157.4,6,161.6,157.4,157.6,157.4,2.0,31500.0,433
2023-05-11 10:36:44,MO2403-P-6000,MO2403-P-6000,157.6,0.0,0.0,0.0,1,154.4,157.4,6,161.6,157.4,157.6,157.4,2.0,31500.0,433
2023-05-11 10:36:51,MO2403-P-6000,MO2403-P-6000,157.6,0.0,0.0,0.0,7,154.2,157.4,6,161.6,157.4,157.6,157.4,2.0,31500.0,433
2023-05-11 10:36:55,MO2403-P-6000,MO2403-P-6000,157.6,0.0,0.0,0.0,1,154.2,157.4,6,161.6,157.4,157.6,157.4,2.0,31500.0,433
2023-05-11 10:38:39,MO2403-P-6000,MO2403-P-6000,157.6,0.0,0.0,0.0,7,154.2,157.4,6,161.6,157.4,157.6,157.4,2.0,31500.0,433
2023-05-11 10:38:41,MO2403-P-6000,MO2403-P-6000,157.6,0.0,0.0,0.0,1,154.2,157.4,6,161.6,157.4,157.6,157.4,2.0,31500.0,433
2023-05-11 10:39:52,MO2403-P-6000,MO2403-P-6000,157.6,0.0,0.0,0.0,6,153.8,157.2,1,161.6,157.4,157.6,157.4,2.0,31500.0,433
2023-05-11 10:39:52,MO2403-P-6000,MO2403-P-6000,157.6,0.0,0.0,0.0,6,153.8,157.0,6,161.6,157.4,157.6,157.4,2.0,31500.0,433
2023-05-11 10:39:53,MO2403-P-6000,MO2403-P-6000,157.6,0.0,0.0,0.0,12,153.6,157.0,6,161.6,157.4,157.6,157.4,2.0,31500.0,433
2023-05-11 10:39:54,MO2403-P-6000,MO2403-P-6000,157.6,0.0,0.0,0.0,6,153.6,157.0,8,161.6,157.4,157.6,157.4,2.0,31500.0,433
2023-05-11 10:39:54,MO2403-P-6000,MO2403-P-6000,157.6,0.0,0.0,0.0,19,153.4,156.8,6,161.6,157.4,157.6,157.4,2.0,31500.0,433
2023-05-11 10:39:55,MO2403-P-6000,MO2403-P-6000,157.6,0.0,0.0,0.0,13,153.4,156.8,6,161.6,157.4,157.6,157.4,2.0,31500.0,433
2023-05-11 10:40:07,MO2403-P-6000,MO2403-P-6000,157.6,0.0,0.0,0.0,7,153.4,156.8,6,161.6,157.4,157.6,157.4,2.0,31500.0,433
2023-05-11 10:40:07,MO2403-P-6000,MO2403-P-6000,157.6,0.0,0.0,0.0,1,153.4,156.4,1,161.6,157.4,157.6,157.4,2.0,31500.0,433
2023-05-11 10:40:08,MO2403-P-6000,MO2403-P-6000,157.6,0.0,0.0,0.0,1,153.4,156.2,6,161.6,157.4,157.6,157.4,2.0,31500.0,433
2023-05-11 10:40:08,MO2403-P-6000,MO2403-P-6000,157.6,0.0,0.0,0.0,1,153.4,156.2,8,161.6,157.4,157.6,157.4,2.0,31500.0,433
2023-05-11 10:40:09,MO2403-P-6000,MO2403-P-6000,157.6,0.0,0.0,0.0,1,153.4,156.0,6,161.6,157.4,157.6,157.4,2.0,31500.0,433
2023-05-11 10:40:16,MO2403-P-6000,MO2403-P-6000,157.6,0.0,0.0,0.0,1,153.4,156.2,6,161.6,157.4,157.6,157.4,2.0,31500.0,433
2023-05-11 10:40:25,MO2403-P-6000,MO2403-P-6000,157.6,0.0,0.0,0.0,1,153.4,156.2,8,161.6,157.4,157.6,157.4,2.0,31500.0,433
2023-05-11 10:40:25,MO2403-P-6000,MO2403-P-6000,157.6,0.0,0.0,0.0,1,153.4,156.0,6,161.6,157.4,157.6,157.4,2.0,31500.0,433
2023-05-11 10:40:26,MO2403-P-6000,MO2403-P-6000,157.6,0.0,0.0,0.0,1,153.4,156.2,6,161.6,157.4,157.6,157.4,2.0,31500.0,433
2023-05-11 10:40:40,MO2403-P-6000,MO2403-P-6000,157.6,0.0,0.0,0.0,1,153.4,156.4,6,161.6,157.4,157.6,157.4,2.0,31500.0,433
2023-05-11 10:40:41,MO2403-P-6000,MO2403-P-6000,157.6,0.0,0.0,0.0,1,153.4,157.0,6,161.6,157.4,157.6,157.4,2.0,31500.0,433
2023-05-11 10:40:41,MO2403-P-6000,MO2403-P-6000,157.6,0.0,0.0,0.0,1,153.4,157.0,8,161.6,157.4,157.6,157.4,2.0,31500.0,433
2023-05-11 10:40:42,MO2403-P-6000,MO2403-P-6000,157.6,0.0,0.0,0.0,1,153.4,156.8,6,161.6,157.4,157.6,157.4,2.0,31500.0,433
2023-05-11 10:40:59,MO2403-P-6000,MO2403-P-6000,157.6,0.0,0.0,0.0,1,153.4,156.8,7,161.6,157.4,157.6,157.4,2.0,31500.0,433
2023-05-11 10:41:00,MO2403-P-6000,MO2403-P-6000,157.6,0.0,0.0,0.0,1,153.4,156.6,6,161.6,157.4,157.6,157.4,2.0,31500.0,433
2023-05-11 10:41:00,MO2403-P-6000,MO2403-P-6000,157.6,0.0,0.0,0.0,1,153.4,156.6,8,161.6,157.4,157.6,157.4,2.0,31500.0,433
2023-05-11 10:41:01,MO2403-P-6000,MO2403-P-6000,157.6,0.0,0.0,0.0,1,153.4,156.4,6,161.6,157.4,157.6,157.4,2.0,31500.0,433
2023-05-11 10:41:14,MO2403-P-6000,MO2403-P-6000,157.6,0.0,0.0,0.0,1,153.4,156.6,6,161.6,157.4,157.6,157.4,2.0,31500.0,433
2023-05-11 10:41:18,MO2403-P-6000,MO2403-P-6000,157.6,0.0,0.0,0.0,1,153.4,157.0,6,161.6,157.4,157.6,157.4,2.0,31500.0,433
2023-05-11 10:41:22,MO2403-P-6000,MO2403-P-6000,157.6,0.0,0.0,0.0,1,153.4,157.0,8,161.6,157.4,157.6,157.4,2.0,31500.0,433
2023-05-11 10:41:23,MO2403-P-6000,MO2403-P-6000,157.6,0.0,0.0,0.0,1,153.4,156.8,6,161.6,157.4,157.6,157.4,2.0,31500.0,433
2023-05-11 10:42:08,MO2403-P-6000,MO2403-P-6000,157.6,0.0,0.0,0.0,7,153.4,156.8,6,161.6,157.4,157.6,157.4,2.0,31500.0,433
2023-05-11 10:42:09,MO2403-P-6000,MO2403-P-6000,157.6,0.0,0.0,0.0,1,154.2,156.8,6,161.6,157.4,157.6,157.4,2.0,31500.0,433
2023-05-11 10:42:37,MO2403-P-6000,MO2403-P-6000,157.6,0.0,0.0,0.0,6,153.4,156.8,6,161.6,157.4,157.6,157.4,2.0,31500.0,433
2023-05-11 10:42:38,MO2403-P-6000,MO2403-P-6000,157.6,0.0,0.0,0.0,1,153.2,156.8,6,161.6,157.4,157.6,157.4,2.0,31500.0,433
2023-05-11 10:43:13,MO2403-P-6000,MO2403-P-6000,157.6,0.0,0.0,0.0,7,153.2,156.8,6,161.6,157.4,157.6,157.4,2.0,31500.0,433
2023-05-11 10:43:13,MO2403-P-6000,MO2403-P-6000,157.6,0.0,0.0,0.0,6,153.2,156.8,6,161.6,157.4,157.6,157.4,2.0,31500.0,433
2023-05-11 10:43:14,MO2403-P-6000,MO2403-P-6000,157.6,0.0,0.0,0.0,1,154.2,156.8,6,161.6,157.4,157.6,157.4,2.0,31500.0,433
2023-05-11 10:45:13,MO2403-P-6000,MO2403-P-6000,157.6,0.0,0.0,0.0,12,153.0,156.8,7,161.6,157.4,157.6,157.4,2.0,31500.0,433
2023-05-11 10:45:13,MO2403-P-6000,MO2403-P-6000,157.6,0.0,0.0,0.0,12,152.8,156.6,6,161.6,157.4,157.6,157.4,2.0,31500.0,433
2023-05-11 10:45:14,MO2403-P-6000,MO2403-P-6000,157.6,0.0,0.0,0.0,7,152.8,156.6,8,161.6,157.4,157.6,157.4,2.0,31500.0,433
2023-05-11 10:45:14,MO2403-P-6000,MO2403-P-6000,157.6,0.0,0.0,0.0,7,152.8,156.4,6,161.6,157.4,157.6,157.4,2.0,31500.0,433
2023-05-11 10:45:17,MO2403-P-6000,MO2403-P-6000,157.6,0.0,0.0,0.0,1,153.6,156.4,6,161.6,157.4,157.6,157.4,2.0,31500.0,433
2023-05-11 10:46:00,MO2403-P-6000,MO2403-P-6000,157.6,0.0,0.0,0.0,1,153.6,156.8,6,161.6,157.4,157.6,157.4,2.0,31500.0,433
2023-05-11 10:54:11,MO2403-P-6000,MO2403-P-6000,157.6,0.0,0.0,0.0,1,153.6,156.6,1,161.6,157.4,157.6,157.4,2.0,31500.0,433
2023-05-11 10:54:11,MO2403-P-6000,MO2403-P-6000,157.6,0.0,0.0,0.0,1,153.6,156.4,6,161.6,157.4,157.6,157.4,2.0,31500.0,433
2023-05-11 10:54:12,MO2403-P-6000,MO2403-P-6000,157.6,0.0,0.0,0.0,1,153.6,156.4,8,161.6,157.4,157.6,157.4,2.0,31500.0,433
2023-05-11 10:54:12,MO2403-P-6000,MO2403-P-6000,157.6,0.0,0.0,0.0,1,153.6,156.2,6,161.6,157.4,157.6,157.4,2.0,31500.0,433
2023-05-11 10:54:33,MO2403-P-6000,MO2403-P-6000,157.6,0.0,0.0,0.0,1,152.8,156.2,6,161.6,157.4,157.6,157.4,2.0,31500.0,433
2023-05-11 10:54:37,MO2403-P-6000,MO2403-P-6000,157.6,0.0,0.0,0.0,1,153.0,156.2,6,161.6,157.4,157.6,157.4,2.0,31500.0,433
2023-05-11 10:54:52,MO2403-P-6000,MO2403-P-6000,157.6,0.0,0.0,0.0,1,153.2,156.2,6,161.6,157.4,157.6,157.4,2.0,31500.0,433
2023-05-11 10:54:54,MO2403-P-6000,MO2403-P-6000,157.6,0.0,0.0,0.0,1,153.2,155.8,1,161.6,157.4,157.6,157.4,2.0,31500.0,433
2023-05-11 10:54:54,MO2403-P-6000,MO2403-P-6000,157.6,0.0,0.0,0.0,1,153.2,155.6,6,161.6,157.4,157.6,157.4,2.0,31500.0,433
2023-05-11 10:54:55,MO2403-P-6000,MO2403-P-6000,157.6,0.0,0.0,0.0,1,153.2,155.6,8,161.6,157.4,157.6,157.4,2.0,31500.0,433
2023-05-11 10:54:55,MO2403-P-6000,MO2403-P-6000,157.6,0.0,0.0,0.0,1,153.2,155.4,6,161.6,157.4,157.6,157.4,2.0,31500.0,433
2023-05-11 10:55:12,MO2403-P-6000,MO2403-P-6000,157.6,0.0,0.0,0.0,1,153.6,155.4,6,161.6,157.4,157.6,157.4,2.0,31500.0,433
2023-05-11 10:55:14,MO2403-P-6000,MO2403-P-6000,157.6,0.0,0.0,0.0,1,153.6,156.4,6,161.6,157.4,157.6,157.4,2.0,31500.0,433
2023-05-11 10:55:14,MO2403-P-6000,MO2403-P-6000,157.6,0.0,0.0,0.0,1,153.6,157.0,6,161.6,157.4,157.6,157.4,2.0,31500.0,433
2023-05-11 10:55:17,MO2403-P-6000,MO2403-P-6000,157.6,0.0,0.0,0.0,2,153.6,157.0,6,161.6,157.4,157.6,157.4,2.0,31500.0,433
2023-05-11 10:55:21,MO2403-P-6000,MO2403-P-6000,157.6,0.0,0.0,0.0,2,153.6,156.4,1,161.6,157.4,157.6,157.4,2.0,31500.0,433
2023-05-11 10:55:21,MO2403-P-6000,MO2403-P-6000,157.6,0.0,0.0,0.0,2,153.6,156.2,6,161.6,157.4,157.6,157.4,2.0,31500.0,433
2023-05-11 10:55:27,MO2403-P-6000,MO2403-P-6000,157.6,0.0,0.0,0.0,1,153.8,156.2,6,161.6,157.4,157.6,157.4,2.0,31500.0,433
2023-05-11 10:55:38,MO2403-P-6000,MO2403-P-6000,157.6,0.0,0.0,0.0,1,154.0,156.2,6,161.6,157.4,157.6,157.4,2.0,31500.0,433
2023-05-11 10:55:39,MO2403-P-6000,MO2403-P-6000,157.6,0.0,0.0,0.0,1,154.0,156.8,6,161.6,157.4,157.6,157.4,2.0,31500.0,433
2023-05-11 10:55:48,MO2403-P-6000,MO2403-P-6000,157.6,0.0,0.0,0.0,1,154.2,156.8,6,161.6,157.4,157.6,157.4,2.0,31500.0,433
2023-05-11 10:55:58,MO2403-P-6000,MO2403-P-6000,157.6,0.0,0.0,0.0,1,154.4,156.8,6,161.6,157.4,157.6,157.4,2.0,31500.0,433
2023-05-11 10:56:09,MO2403-P-6000,MO2403-P-6000,157.6,0.0,0.0,0.0,1,154.4,156.6,1,161.6,157.4,157.6,157.4,2.0,31500.0,433
2023-05-11 10:56:09,MO2403-P-6000,MO2403-P-6000,157.6,0.0,0.0,0.0,1,154.4,156.4,6,161.6,157.4,157.6,157.4,2.0,31500.0,433
2023-05-11 10:56:18,MO2403-P-6000,MO2403-P-6000,157.6,0.0,0.0,0.0,1,153.8,156.4,6,161.6,157.4,157.6,157.4,2.0,31500.0,433
2023-05-11 10:56:30,MO2403-P-6000,MO2403-P-6000,157.6,0.0,0.0,0.0,1,154.0,156.4,6,161.6,157.4,157.6,157.4,2.0,31500.0,433
2023-05-11 10:56:42,MO2403-P-6000,MO2403-P-6000,157.6,0.0,0.0,0.0,1,154.2,156.4,6,161.6,157.4,157.6,157.4,2.0,31500.0,433
2023-05-11 10:56:47,MO2403-P-6000,MO2403-P-6000,157.6,0.0,0.0,0.0,1,153.6,156.4,6,161.6,157.4,157.6,157.4,2.0,31500.0,433
2023-05-11 10:56:59,MO2403-P-6000,MO2403-P-6000,157.6,0.0,0.0,0.0,1,153.8,156.4,6,161.6,157.4,157.6,157.4,2.0,31500.0,433
2023-05-11 10:57:10,MO2403-P-6000,MO2403-P-6000,157.6,0.0,0.0,0.0,1,154.0,156.4,6,161.6,157.4,157.6,157.4,2.0,31500.0,433
2023-05-11 10:57:52,MO2403-P-6000,MO2403-P-6000,157.6,0.0,0.0,0.0,7,153.4,156.4,6,161.6,157.4,157.6,157.4,2.0,31500.0,433
2023-05-11 10:57:52,MO2403-P-6000,MO2403-P-6000,157.6,0.0,0.0,0.0,1,153.4,156.4,6,161.6,157.4,157.6,157.4,2.0,31500.0,433
2023-05-11 10:58:02,MO2403-P-6000,MO2403-P-6000,157.6,0.0,0.0,0.0,1,153.6,156.4,6,161.6,157.4,157.6,157.4,2.0,31500.0,433
2023-05-11 10:58:12,MO2403-P-6000,MO2403-P-6000,157.6,0.0,0.0,0.0,1,153.8,156.4,6,161.6,157.4,157.6,157.4,2.0,31500.0,433
2023-05-11 10:58:26,MO2403-P-6000,MO2403-P-6000,157.6,0.0,0.0,0.0,1,154.0,156.4,6,161.6,157.4,157.6,157.4,2.0,31500.0,433
2023-05-11 10:58:54,MO2403-P-6000,MO2403-P-6000,157.6,0.0,0.0,0.0,1,154.2,156.4,6,161.6,157.4,157.6,157.4,2.0,31500.0,433
2023-05-11 10:59:12,MO2403-P-6000,MO2403-P-6000,157.6,0.0,0.0,0.0,1,154.4,156.4,6,161.6,157.4,157.6,157.4,2.0,31500.0,433
2023-05-11 10:59:14,MO2403-P-6000,MO2403-P-6000,157.6,0.0,0.0,0.0,2,153.8,156.4,6,161.6,157.4,157.6,157.4,2.0,31500.0,433
2023-05-11 10:59:24,MO2403-P-6000,MO2403-P-6000,157.6,0.0,0.0,0.0,1,154.0,156.4,6,161.6,157.4,157.6,157.4,2.0,31500.0,433
2023-05-11 10:59:41,MO2403-P-6000,MO2403-P-6000,157.6,0.0,0.0,0.0,1,154.2,156.4,6,161.6,157.4,157.6,157.4,2.0,31500.0,433
2023-05-11 10:59:52,MO2403-P-6000,MO2403-P-6000,157.6,0.0,0.0,0.0,1,154.4,156.4,6,161.6,157.4,157.6,157.4,2.0,31500.0,433
2023-05-11 11:00:07,MO2403-P-6000,MO2403-P-6000,157.6,0.0,0.0,0.0,1,154.6,156.4,6,161.6,157.4,157.6,157.4,2.0,31500.0,433
2023-05-11 11:00:08,MO2403-P-6000,MO2403-P-6000,157.6,0.0,0.0,0.0,1,154.6,156.8,6,161.6,157.4,157.6,157.4,2.0,31500.0,433
2023-05-11 11:00:09,MO2403-P-6000,MO2403-P-6000,157.6,0.0,0.0,0.0,1,154.6,157.0,6,161.6,157.4,157.6,157.4,2.0,31500.0,433
2023-05-11 11:00:10,MO2403-P-6000,MO2403-P-6000,157.6,0.0,0.0,0.0,1,154.6,157.2,6,161.6,157.4,157.6,157.4,2.0,31500.0,433
2023-05-11 11:00:17,MO2403-P-6000,MO2403-P-6000,157.6,0.0,0.0,0.0,1,154.6,157.0,1,161.6,157.4,157.6,157.4,2.0,31500.0,433
2023-05-11 11:00:17,MO2403-P-6000,MO2403-P-6000,157.6,0.0,0.0,0.0,1,154.6,156.8,6,161.6,157.4,157.6,157.4,2.0,31500.0,433
2023-05-11 11:00:19,MO2403-P-6000,MO2403-P-6000,157.6,0.0,0.0,0.0,1,154.8,156.8,6,161.6,157.4,157.6,157.4,2.0,31500.0,433
2023-05-11 11:00:34,MO2403-P-6000,MO2403-P-6000,157.6,0.0,0.0,0.0,1,155.0,156.8,6,161.6,157.4,157.6,157.4,2.0,31500.0,433
2023-05-11 11:00:37,MO2403-P-6000,MO2403-P-6000,157.6,0.0,0.0,0.0,3,154.4,156.8,6,161.6,157.4,157.6,157.4,2.0,31500.0,433
2023-05-11 11:00:38,MO2403-P-6000,MO2403-P-6000,157.6,0.0,0.0,0.0,1,154.4,156.8,6,161.6,157.4,157.6,157.4,2.0,31500.0,433
2023-05-11 11:00:53,MO2403-P-6000,MO2403-P-6000,157.6,0.0,0.0,0.0,1,154.6,156.8,6,161.6,157.4,157.6,157.4,2.0,31500.0,433
2023-05-11 11:00:57,MO2403-P-6000,MO2403-P-6000,157.6,0.0,0.0,0.0,1,154.6,157.2,6,161.6,157.4,157.6,157.4,2.0,31500.0,433
2023-05-11 11:00:57,MO2403-P-6000,MO2403-P-6000,157.6,0.0,0.0,0.0,2,154.6,157.2,6,161.6,157.4,157.6,157.4,2.0,31500.0,433
2023-05-11 11:01:01,MO2403-P-6000,MO2403-P-6000,157.6,0.0,0.0,0.0,1,155.4,157.2,6,161.6,157.4,157.6,157.4,2.0,31500.0,433
2023-05-11 11:01:06,MO2403-P-6000,MO2403-P-6000,157.6,0.0,0.0,0.0,1,155.4,157.4,6,161.6,157.4,157.6,157.4,2.0,31500.0,433
2023-05-11 11:01:12,MO2403-P-6000,MO2403-P-6000,157.6,0.0,0.0,0.0,13,154.8,157.4,6,161.6,157.4,157.6,157.4,2.0,31500.0,433
2023-05-11 11:01:12,MO2403-P-6000,MO2403-P-6000,157.6,0.0,0.0,0.0,7,154.8,157.4,6,161.6,157.4,157.6,157.4,2.0,31500.0,433
2023-05-11 11:01:13,MO2403-P-6000,MO2403-P-6000,157.6,0.0,0.0,0.0,1,154.8,157.4,6,161.6,157.4,157.6,157.4,2.0,31500.0,433
2023-05-11 11:01:55,MO2403-P-6000,MO2403-P-6000,157.6,0.0,0.0,0.0,12,154.6,157.4,6,161.6,157.4,157.6,157.4,2.0,31500.0,433
2023-05-11 11:01:56,MO2403-P-6000,MO2403-P-6000,157.6,0.0,0.0,0.0,15,154.4,157.4,6,161.6,157.4,157.6,157.4,2.0,31500.0,433
2023-05-11 11:01:56,MO2403-P-6000,MO2403-P-6000,157.6,0.0,0.0,0.0,7,154.4,157.4,6,161.6,157.4,157.6,157.4,2.0,31500.0,433
2023-05-11 11:01:57,MO2403-P-6000,MO2403-P-6000,157.6,0.0,0.0,0.0,1,154.4,157.4,6,161.6,157.4,157.6,157.4,2.0,31500.0,433
2023-05-11 11:02:02,MO2403-P-6000,MO2403-P-6000,157.6,0.0,0.0,0.0,1,154.4,157.2,1,161.6,157.4,157.6,157.4,2.0,31500.0,433
2023-05-11 11:02:03,MO2403-P-6000,MO2403-P-6000,157.6,0.0,0.0,0.0,1,154.4,157.0,6,161.6,157.4,157.6,157.4,2.0,31500.0,433
2023-05-11 11:02:17,MO2403-P-6000,MO2403-P-6000,157.6,0.0,0.0,0.0,2,154.4,157.0,6,161.6,157.4,157.6,157.4,2.0,31500.0,433
2023-05-11 11:02:38,MO2403-P-6000,MO2403-P-6000,157.6,0.0,0.0,0.0,2,154.4,155.8,1,161.6,157.4,157.6,157.4,2.0,31500.0,433
2023-05-11 11:02:39,MO2403-P-6000,MO2403-P-6000,157.6,0.0,0.0,0.0,2,154.4,155.6,6,161.6,157.4,157.6,157.4,2.0,31500.0,433
2023-05-11 11:02:44,MO2403-P-6000,MO2403-P-6000,157.6,0.0,0.0,0.0,1,154.6,155.6,6,161.6,157.4,157.6,157.4,2.0,31500.0,433
2023-05-11 11:02:48,MO2403-P-6000,MO2403-P-6000,157.6,0.0,0.0,0.0,1,154.4,155.6,6,161.6,157.4,157.6,157.4,2.0,31500.0,433
2023-05-11 11:03:06,MO2403-P-6000,MO2403-P-6000,157.6,0.0,0.0,0.0,2,154.0,155.6,6,161.6,157.4,157.6,157.4,2.0,31500.0,433
2023-05-11 11:03:07,MO2403-P-6000,MO2403-P-6000,157.6,0.0,0.0,0.0,12,153.8,155.6,6,161.6,157.4,157.6,157.4,2.0,31500.0,433
2023-05-11 11:03:07,MO2403-P-6000,MO2403-P-6000,157.6,0.0,0.0,0.0,13,153.6,155.6,6,161.6,157.4,157.6,157.4,2.0,31500.0,433
2023-05-11 11:03:08,MO2403-P-6000,MO2403-P-6000,157.6,0.0,0.0,0.0,9,153.6,155.6,6,161.6,157.4,157.6,157.4,2.0,31500.0,433
2023-05-11 11:03:08,MO2403-P-6000,MO2403-P-6000,157.6,0.0,0.0,0.0,3,153.6,155.6,6,161.6,157.4,157.6,157.4,2.0,31500.0,433
2023-05-11 11:03:09,MO2403-P-6000,MO2403-P-6000,157.6,0.0,0.0,0.0,1,153.6,155.6,6,161.6,157.4,157.6,157.4,2.0,31500.0,433
2023-05-11 11:03:10,MO2403-P-6000,MO2403-P-6000,157.6,0.0,0.0,0.0,7,153.6,155.6,6,161.6,157.4,157.6,157.4,2.0,31500.0,433
2023-05-11 11:03:19,MO2403-P-6000,MO2403-P-6000,157.6,0.0,0.0,0.0,1,153.6,155.6,6,161.6,157.4,157.6,157.4,2.0,31500.0,433
2023-05-11 11:04:02,MO2403-P-6000,MO2403-P-6000,157.6,0.0,0.0,0.0,7,153.6,155.6,6,161.6,157.4,157.6,157.4,2.0,31500.0,433
2023-05-11 11:04:31,MO2403-P-6000,MO2403-P-6000,157.6,0.0,0.0,0.0,1,153.6,155.6,6,161.6,157.4,157.6,157.4,2.0,31500.0,433
2023-05-11 11:05:58,MO2403-P-6000,MO2403-P-6000,157.6,0.0,0.0,0.0,12,153.2,155.6,6,161.6,157.4,157.6,157.4,2.0,31500.0,433
2023-05-11 11:05:59,MO2403-P-6000,MO2403-P-6000,157.6,0.0,0.0,0.0,6,153.0,155.6,6,161.6,157.4,157.6,157.4,2.0,31500.0,433
2023-05-11 11:05:59,MO2403-P-6000,MO2403-P-6000,157.6,0.0,0.0,0.0,30,152.8,155.6,6,161.6,157.4,157.6,157.4,2.0,31500.0,433
2023-05-11 11:06:00,MO2403-P-6000,MO2403-P-6000,157.6,0.0,0.0,0.0,6,152.8,155.6,6,161.6,157.4,157.6,157.4,2.0,31500.0,433
2023-05-11 11:06:00,MO2403-P-6000,MO2403-P-6000,157.6,0.0,0.0,0.0,9,152.6,155.6,6,161.6,157.4,157.6,157.4,2.0,31500.0,433
2023-05-11 11:06:01,MO2403-P-6000,MO2403-P-6000,157.6,0.0,0.0,0.0,3,152.6,155.6,6,161.6,157.4,157.6,157.4,2.0,31500.0,433
2023-05-11 11:06:02,MO2403-P-6000,MO2403-P-6000,157.6,0.0,0.0,0.0,1,152.6,155.6,6,161.6,157.4,157.6,157.4,2.0,31500.0,433
2023-05-11 11:06:11,MO2403-P-6000,MO2403-P-6000,157.6,0.0,0.0,0.0,7,152.6,155.6,6,161.6,157.4,157.6,157.4,2.0,31500.0,433
2023-05-11 11:06:14,MO2403-P-6000,MO2403-P-6000,157.6,0.0,0.0,0.0,1,153.4,155.6,6,161.6,157.4,157.6,157.4,2.0,31500.0,433
2023-05-11 11:07:40,MO2403-P-6000,MO2403-P-6000,157.6,0.0,0.0,0.0,3,152.4,155.6,6,161.6,157.4,157.6,157.4,2.0,31500.0,433
2023-05-11 11:07:40,MO2403-P-6000,MO2403-P-6000,157.6,0.0,0.0,0.0,1,152.4,155.6,6,161.6,157.4,157.6,157.4,2.0,31500.0,433
2023-05-11 11:07:57,MO2403-P-6000,MO2403-P-6000,157.6,0.0,0.0,0.0,1,152.4,155.4,1,161.6,157.4,157.6,157.4,2.0,31500.0,433
2023-05-11 11:07:57,MO2403-P-6000,MO2403-P-6000,157.6,0.0,0.0,0.0,1,152.4,155.2,6,161.6,157.4,157.6,157.4,2.0,31500.0,433
2023-05-11 11:08:09,MO2403-P-6000,MO2403-P-6000,157.6,0.0,0.0,0.0,1,152.4,155.6,6,161.6,157.4,157.6,157.4,2.0,31500.0,433
2023-05-11 11:09:38,MO2403-P-6000,MO2403-P-6000,157.6,0.0,0.0,0.0,7,152.4,155.6,6,161.6,157.4,157.6,157.4,2.0,31500.0,433
2023-05-11 11:09:39,MO2403-P-6000,MO2403-P-6000,157.6,0.0,0.0,0.0,1,154.2,155.6,6,161.6,157.4,157.6,157.4,2.0,31500.0,433
2023-05-11 11:10:50,MO2403-P-6000,MO2403-P-6000,157.6,0.0,0.0,0.0,7,154.2,155.6,6,161.6,157.4,157.6,157.4,2.0,31500.0,433
2023-05-11 11:10:50,MO2403-P-6000,MO2403-P-6000,157.6,0.0,0.0,0.0,1,155.0,155.6,6,161.6,157.4,157.6,157.4,2.0,31500.0,433
2023-05-11 11:11:05,MO2403-P-6000,MO2403-P-6000,157.6,0.0,0.0,0.0,1,155.0,155.8,7,161.6,157.4,157.6,157.4,2.0,31500.0,433
2023-05-11 11:11:10,MO2403-P-6000,MO2403-P-6000,157.6,0.0,0.0,0.0,1,155.0,155.8,1,161.6,157.4,157.6,157.4,2.0,31500.0,433
2023-05-11 11:11:32,MO2403-P-6000,MO2403-P-6000,155.8,1.0,15580.0,0.0,1,155.0,156.2,7,161.6,157.4,157.6,155.8,3.0,47080.0,433
2023-05-11 11:11:33,MO2403-P-6000,MO2403-P-6000,155.8,0.0,0.0,0.0,1,155.0,156.2,1,161.6,157.4,157.6,155.8,3.0,47080.0,433
2023-05-11 11:11:33,MO2403-P-6000,MO2403-P-6000,155.8,0.0,0.0,0.0,2,155.0,156.2,1,161.6,157.4,157.6,155.8,3.0,47080.0,433
2023-05-11 11:11:34,MO2403-P-6000,MO2403-P-6000,155.8,0.0,0.0,0.0,8,155.0,156.2,1,161.6,157.4,157.6,155.8,3.0,47080.0,433
2023-05-11 11:11:41,MO2403-P-6000,MO2403-P-6000,155.8,0.0,0.0,0.0,2,155.0,156.2,1,161.6,157.4,157.6,155.8,3.0,47080.0,433
2023-05-11 11:11:43,MO2403-P-6000,MO2403-P-6000,155.8,0.0,0.0,0.0,1,155.0,156.2,1,161.6,157.4,157.6,155.8,3.0,47080.0,433
2023-05-11 11:12:13,MO2403-P-6000,MO2403-P-6000,155.8,0.0,0.0,0.0,6,154.6,156.2,1,161.6,157.4,157.6,155.8,3.0,47080.0,433
2023-05-11 11:12:38,MO2403-P-6000,MO2403-P-6000,155.8,0.0,0.0,0.0,1,154.8,156.2,1,161.6,157.4,157.6,155.8,3.0,47080.0,433
2023-05-11 11:12:46,MO2403-P-6000,MO2403-P-6000,155.8,0.0,0.0,0.0,1,154.8,156.2,7,161.6,157.4,157.6,155.8,3.0,47080.0,433
2023-05-11 11:13:00,MO2403-P-6000,MO2403-P-6000,155.8,0.0,0.0,0.0,6,154.4,156.2,7,161.6,157.4,157.6,155.8,3.0,47080.0,433
2023-05-11 11:13:01,MO2403-P-6000,MO2403-P-6000,155.8,0.0,0.0,0.0,6,154.4,156.0,6,161.6,157.4,157.6,155.8,3.0,47080.0,433
2023-05-11 11:13:02,MO2403-P-6000,MO2403-P-6000,155.8,0.0,0.0,0.0,6,154.2,156.0,6,161.6,157.4,157.6,155.8,3.0,47080.0,433
2023-05-11 11:13:02,MO2403-P-6000,MO2403-P-6000,155.8,0.0,0.0,0.0,18,154.0,156.0,6,161.6,157.4,157.6,155.8,3.0,47080.0,433
2023-05-11 11:13:03,MO2403-P-6000,MO2403-P-6000,155.8,0.0,0.0,0.0,6,154.0,156.0,6,161.6,157.4,157.6,155.8,3.0,47080.0,433
2023-05-11 11:13:03,MO2403-P-6000,MO2403-P-6000,155.8,0.0,0.0,0.0,1,153.8,156.0,6,161.6,157.4,157.6,155.8,3.0,47080.0,433
2023-05-11 11:13:22,MO2403-P-6000,MO2403-P-6000,155.8,0.0,0.0,0.0,7,153.8,156.0,6,161.6,157.4,157.6,155.8,3.0,47080.0,433
2023-05-11 11:13:23,MO2403-P-6000,MO2403-P-6000,155.8,0.0,0.0,0.0,7,153.8,156.2,1,161.6,157.4,157.6,155.8,3.0,47080.0,433
2023-05-11 11:13:24,MO2403-P-6000,MO2403-P-6000,155.8,0.0,0.0,0.0,1,154.6,156.2,7,161.6,157.4,157.6,155.8,3.0,47080.0,433
2023-05-11 11:13:59,MO2403-P-6000,MO2403-P-6000,155.8,0.0,0.0,0.0,1,154.6,156.0,6,161.6,157.4,157.6,155.8,3.0,47080.0,433
2023-05-11 11:14:00,MO2403-P-6000,MO2403-P-6000,155.8,0.0,0.0,0.0,1,154.6,156.2,1,161.6,157.4,157.6,155.8,3.0,47080.0,433
2023-05-11 11:14:01,MO2403-P-6000,MO2403-P-6000,155.8,0.0,0.0,0.0,1,154.6,156.2,7,161.6,157.4,157.6,155.8,3.0,47080.0,433
2023-05-11 11:14:24,MO2403-P-6000,MO2403-P-6000,155.8,0.0,0.0,0.0,1,154.6,156.0,6,161.6,157.4,157.6,155.8,3.0,47080.0,433
2023-05-11 11:14:25,MO2403-P-6000,MO2403-P-6000,155.8,0.0,0.0,0.0,1,154.6,156.2,7,161.6,157.4,157.6,155.8,3.0,47080.0,433
2023-05-11 11:14:26,MO2403-P-6000,MO2403-P-6000,155.8,0.0,0.0,0.0,1,154.6,156.0,6,161.6,157.4,157.6,155.8,3.0,47080.0,433
2023-05-11 11:14:34,MO2403-P-6000,MO2403-P-6000,155.8,0.0,0.0,0.0,1,154.6,156.2,7,161.6,157.4,157.6,155.8,3.0,47080.0,433
2023-05-11 11:15:13,MO2403-P-6000,MO2403-P-6000,155.8,0.0,0.0,0.0,1,154.0,156.2,7,161.6,157.4,157.6,155.8,3.0,47080.0,433
2023-05-11 11:15:18,MO2403-P-6000,MO2403-P-6000,155.8,0.0,0.0,0.0,1,154.4,156.2,7,161.6,157.4,157.6,155.8,3.0,47080.0,433
2023-05-11 11:15:30,MO2403-P-6000,MO2403-P-6000,155.8,0.0,0.0,0.0,7,153.6,156.0,6,161.6,157.4,157.6,155.8,3.0,47080.0,433
2023-05-11 11:15:32,MO2403-P-6000,MO2403-P-6000,155.8,0.0,0.0,0.0,1,153.8,156.0,6,161.6,157.4,157.6,155.8,3.0,47080.0,433
2023-05-11 11:15:38,MO2403-P-6000,MO2403-P-6000,155.8,0.0,0.0,0.0,1,154.2,156.0,6,161.6,157.4,157.6,155.8,3.0,47080.0,433
2023-05-11 11:15:40,MO2403-P-6000,MO2403-P-6000,155.8,0.0,0.0,0.0,1,154.2,156.2,7,161.6,157.4,157.6,155.8,3.0,47080.0,433
2023-05-11 11:15:43,MO2403-P-6000,MO2403-P-6000,155.8,0.0,0.0,0.0,1,154.2,156.0,6,161.6,157.4,157.6,155.8,3.0,47080.0,433
2023-05-11 11:15:44,MO2403-P-6000,MO2403-P-6000,155.8,0.0,0.0,0.0,1,154.2,156.2,7,161.6,157.4,157.6,155.8,3.0,47080.0,433
2023-05-11 11:15:52,MO2403-P-6000,MO2403-P-6000,155.8,0.0,0.0,0.0,1,154.2,156.0,6,161.6,157.4,157.6,155.8,3.0,47080.0,433
2023-05-11 11:16:04,MO2403-P-6000,MO2403-P-6000,155.8,0.0,0.0,0.0,1,154.2,156.2,7,161.6,157.4,157.6,155.8,3.0,47080.0,433
2023-05-11 11:16:06,MO2403-P-6000,MO2403-P-6000,155.8,0.0,0.0,0.0,1,154.2,156.2,1,161.6,157.4,157.6,155.8,3.0,47080.0,433
2023-05-11 11:16:07,MO2403-P-6000,MO2403-P-6000,155.8,0.0,0.0,0.0,1,154.2,156.2,7,161.6,157.4,157.6,155.8,3.0,47080.0,433
2023-05-11 11:16:08,MO2403-P-6000,MO2403-P-6000,155.8,0.0,0.0,0.0,7,154.2,156.2,7,161.6,157.4,157.6,155.8,3.0,47080.0,433
2023-05-11 11:16:09,MO2403-P-6000,MO2403-P-6000,155.8,0.0,0.0,0.0,1,155.0,156.2,7,161.6,157.4,157.6,155.8,3.0,47080.0,433
2023-05-11 11:16:09,MO2403-P-6000,MO2403-P-6000,155.8,0.0,0.0,0.0,1,155.0,156.2,1,161.6,157.4,157.6,155.8,3.0,47080.0,433
2023-05-11 11:16:29,MO2403-P-6000,MO2403-P-6000,155.8,0.0,0.0,0.0,1,154.4,156.2,1,161.6,157.4,157.6,155.8,3.0,47080.0,433
2023-05-11 11:16:30,MO2403-P-6000,MO2403-P-6000,155.8,0.0,0.0,0.0,12,154.2,156.2,1,161.6,157.4,157.6,155.8,3.0,47080.0,433
2023-05-11 11:16:30,MO2403-P-6000,MO2403-P-6000,155.8,0.0,0.0,0.0,7,154.0,156.2,1,161.6,157.4,157.6,155.8,3.0,47080.0,433
2023-05-11 11:16:31,MO2403-P-6000,MO2403-P-6000,155.8,0.0,0.0,0.0,1,154.0,156.2,7,161.6,157.4,157.6,155.8,3.0,47080.0,433
2023-05-11 11:16:49,MO2403-P-6000,MO2403-P-6000,155.8,0.0,0.0,0.0,1,154.0,156.0,6,161.6,157.4,157.6,155.8,3.0,47080.0,433
2023-05-11 11:17:08,MO2403-P-6000,MO2403-P-6000,155.8,0.0,0.0,0.0,1,154.0,156.2,7,161.6,157.4,157.6,155.8,3.0,47080.0,433
2023-05-11 11:17:08,MO2403-P-6000,MO2403-P-6000,155.8,0.0,0.0,0.0,1,154.0,156.2,1,161.6,157.4,157.6,155.8,3.0,47080.0,433
2023-05-11 11:17:11,MO2403-P-6000,MO2403-P-6000,156.2,1.0,15620.0,1.0,1,154.0,156.4,6,161.6,157.4,157.6,155.8,4.0,62700.0,434
2023-05-11 11:17:12,MO2403-P-6000,MO2403-P-6000,156.2,0.0,0.0,0.0,1,154.0,156.6,19,161.6,157.4,157.6,155.8,4.0,62700.0,434
2023-05-11 11:17:12,MO2403-P-6000,MO2403-P-6000,156.2,0.0,0.0,0.0,1,154.0,156.6,13,161.6,157.4,157.6,155.8,4.0,62700.0,434
2023-05-11 11:17:13,MO2403-P-6000,MO2403-P-6000,156.2,0.0,0.0,0.0,1,154.0,156.4,6,161.6,157.4,157.6,155.8,4.0,62700.0,434
2023-05-11 11:17:58,MO2403-P-6000,MO2403-P-6000,156.2,0.0,0.0,0.0,1,154.0,156.6,14,161.6,157.4,157.6,155.8,4.0,62700.0,434
2023-05-11 11:17:58,MO2403-P-6000,MO2403-P-6000,156.2,0.0,0.0,0.0,7,154.0,156.6,14,161.6,157.4,157.6,155.8,4.0,62700.0,434
2023-05-11 11:18:01,MO2403-P-6000,MO2403-P-6000,156.2,0.0,0.0,0.0,1,154.8,156.6,14,161.6,157.4,157.6,155.8,4.0,62700.0,434
2023-05-11 11:18:17,MO2403-P-6000,MO2403-P-6000,156.2,0.0,0.0,0.0,1,154.8,156.4,6,161.6,157.4,157.6,155.8,4.0,62700.0,434
2023-05-11 11:18:25,MO2403-P-6000,MO2403-P-6000,156.2,0.0,0.0,0.0,1,154.8,156.6,13,161.6,157.4,157.6,155.8,4.0,62700.0,434
2023-05-11 11:18:37,MO2403-P-6000,MO2403-P-6000,156.2,0.0,0.0,0.0,1,154.8,156.4,6,161.6,157.4,157.6,155.8,4.0,62700.0,434
2023-05-11 11:18:39,MO2403-P-6000,MO2403-P-6000,156.2,0.0,0.0,0.0,1,153.8,156.4,6,161.6,157.4,157.6,155.8,4.0,62700.0,434
2023-05-11 11:19:23,MO2403-P-6000,MO2403-P-6000,156.2,0.0,0.0,0.0,7,153.8,156.4,6,161.6,157.4,157.6,155.8,4.0,62700.0,434
2023-05-11 11:19:24,MO2403-P-6000,MO2403-P-6000,156.2,0.0,0.0,0.0,1,154.6,156.4,6,161.6,157.4,157.6,155.8,4.0,62700.0,434
2023-05-11 11:19:24,MO2403-P-6000,MO2403-P-6000,156.2,0.0,0.0,0.0,1,154.6,156.6,13,161.6,157.4,157.6,155.8,4.0,62700.0,434
2023-05-11 11:20:06,MO2403-P-6000,MO2403-P-6000,156.2,0.0,0.0,0.0,1,154.6,156.6,7,161.6,157.4,157.6,155.8,4.0,62700.0,434
2023-05-11 11:20:07,MO2403-P-6000,MO2403-P-6000,156.2,0.0,0.0,0.0,1,154.6,156.6,1,161.6,157.4,157.6,155.8,4.0,62700.0,434
2023-05-11 11:20:55,MO2403-P-6000,MO2403-P-6000,156.2,0.0,0.0,0.0,2,154.6,156.6,1,161.6,157.4,157.6,155.8,4.0,62700.0,434
2023-05-11 11:20:59,MO2403-P-6000,MO2403-P-6000,156.2,0.0,0.0,0.0,1,155.4,156.6,1,161.6,157.4,157.6,155.8,4.0,62700.0,434
2023-05-11 11:21:01,MO2403-P-6000,MO2403-P-6000,156.2,0.0,0.0,0.0,1,155.4,156.6,2,161.6,157.4,157.6,155.8,4.0,62700.0,434
2023-05-11 11:21:27,MO2403-P-6000,MO2403-P-6000,156.2,0.0,0.0,0.0,19,154.6,156.6,2,161.6,157.4,157.6,155.8,4.0,62700.0,434
2023-05-11 11:21:27,MO2403-P-6000,MO2403-P-6000,156.2,0.0,0.0,0.0,13,154.6,156.6,8,161.6,157.4,157.6,155.8,4.0,62700.0,434
2023-05-11 11:21:29,MO2403-P-6000,MO2403-P-6000,156.2,0.0,0.0,0.0,1,154.8,156.6,8,161.6,157.4,157.6,155.8,4.0,62700.0,434
2023-05-11 11:21:29,MO2403-P-6000,MO2403-P-6000,156.2,0.0,0.0,0.0,1,154.8,156.6,2,161.6,157.4,157.6,155.8,4.0,62700.0,434
2023-05-11 11:22:02,MO2403-P-6000,MO2403-P-6000,156.2,0.0,0.0,0.0,1,155.2,156.6,2,161.6,157.4,157.6,155.8,4.0,62700.0,434
2023-05-11 11:22:45,MO2403-P-6000,MO2403-P-6000,156.2,0.0,0.0,0.0,1,155.0,156.6,2,161.6,157.4,157.6,155.8,4.0,62700.0,434
2023-05-11 11:22:56,MO2403-P-6000,MO2403-P-6000,156.2,0.0,0.0,0.0,1,155.2,156.6,2,161.6,157.4,157.6,155.8,4.0,62700.0,434
2023-05-11 11:23:02,MO2403-P-6000,MO2403-P-6000,156.2,0.0,0.0,0.0,19,154.6,156.6,2,161.6,157.4,157.6,155.8,4.0,62700.0,434
2023-05-11 11:23:02,MO2403-P-6000,MO2403-P-6000,156.2,0.0,0.0,0.0,13,154.6,156.6,8,161.6,157.4,157.6,155.8,4.0,62700.0,434
2023-05-11 11:23:03,MO2403-P-6000,MO2403-P-6000,156.2,0.0,0.0,0.0,13,154.6,156.4,6,161.6,157.4,157.6,155.8,4.0,62700.0,434
2023-05-11 11:23:12,MO2403-P-6000,MO2403-P-6000,156.2,0.0,0.0,0.0,1,154.8,156.4,6,161.6,157.4,157.6,155.8,4.0,62700.0,434
2023-05-11 11:23:12,MO2403-P-6000,MO2403-P-6000,156.2,0.0,0.0,0.0,1,154.8,156.6,2,161.6,157.4,157.6,155.8,4.0,62700.0,434
2023-05-11 11:23:19,MO2403-P-6000,MO2403-P-6000,156.2,0.0,0.0,0.0,1,154.8,156.6,8,161.6,157.4,157.6,155.8,4.0,62700.0,434
2023-05-11 11:23:21,MO2403-P-6000,MO2403-P-6000,156.2,0.0,0.0,0.0,1,154.8,156.4,6,161.6,157.4,157.6,155.8,4.0,62700.0,434
2023-05-11 11:23:21,MO2403-P-6000,MO2403-P-6000,156.2,0.0,0.0,0.0,1,154.8,156.6,8,161.6,157.4,157.6,155.8,4.0,62700.0,434
2023-05-11 11:23:24,MO2403-P-6000,MO2403-P-6000,156.2,0.0,0.0,0.0,1,154.4,156.6,8,161.6,157.4,157.6,155.8,4.0,62700.0,434
2023-05-11 11:23:25,MO2403-P-6000,MO2403-P-6000,156.2,0.0,0.0,0.0,1,154.4,156.4,6,161.6,157.4,157.6,155.8,4.0,62700.0,434
2023-05-11 11:23:29,MO2403-P-6000,MO2403-P-6000,156.2,0.0,0.0,0.0,18,154.2,156.4,6,161.6,157.4,157.6,155.8,4.0,62700.0,434
2023-05-11 11:23:29,MO2403-P-6000,MO2403-P-6000,156.2,0.0,0.0,0.0,12,154.2,156.4,6,161.6,157.4,157.6,155.8,4.0,62700.0,434
2023-05-11 11:23:30,MO2403-P-6000,MO2403-P-6000,156.2,0.0,0.0,0.0,18,153.8,156.4,6,161.6,157.4,157.6,155.8,4.0,62700.0,434
2023-05-11 11:23:30,MO2403-P-6000,MO2403-P-6000,156.2,0.0,0.0,0.0,6,153.8,156.4,6,161.6,157.4,157.6,155.8,4.0,62700.0,434
2023-05-11 11:23:31,MO2403-P-6000,MO2403-P-6000,156.2,0.0,0.0,0.0,19,153.6,156.4,6,161.6,157.4,157.6,155.8,4.0,62700.0,434
2023-05-11 11:23:31,MO2403-P-6000,MO2403-P-6000,156.2,0.0,0.0,0.0,13,153.6,156.4,6,161.6,157.4,157.6,155.8,4.0,62700.0,434
2023-05-11 11:23:53,MO2403-P-6000,MO2403-P-6000,156.2,0.0,0.0,0.0,14,153.6,156.4,6,161.6,157.4,157.6,155.8,4.0,62700.0,434
2023-05-11 11:24:03,MO2403-P-6000,MO2403-P-6000,156.2,0.0,0.0,0.0,1,153.8,156.4,6,161.6,157.4,157.6,155.8,4.0,62700.0,434
2023-05-11 11:24:07,MO2403-P-6000,MO2403-P-6000,156.2,0.0,0.0,0.0,13,153.6,156.4,6,161.6,157.4,157.6,155.8,4.0,62700.0,434
2023-05-11 11:24:22,MO2403-P-6000,MO2403-P-6000,156.2,0.0,0.0,0.0,14,153.6,156.4,6,161.6,157.4,157.6,155.8,4.0,62700.0,434
2023-05-11 11:24:35,MO2403-P-6000,MO2403-P-6000,156.2,0.0,0.0,0.0,1,153.8,156.4,6,161.6,157.4,157.6,155.8,4.0,62700.0,434
2023-05-11 11:24:45,MO2403-P-6000,MO2403-P-6000,156.2,0.0,0.0,0.0,13,153.6,156.4,6,161.6,157.4,157.6,155.8,4.0,62700.0,434
2023-05-11 11:25:05,MO2403-P-6000,MO2403-P-6000,156.2,0.0,0.0,0.0,1,154.4,156.4,6,161.6,157.4,157.6,155.8,4.0,62700.0,434
2023-05-11 11:25:08,MO2403-P-6000,MO2403-P-6000,156.2,0.0,0.0,0.0,1,154.4,156.6,8,161.6,157.4,157.6,155.8,4.0,62700.0,434
2023-05-11 11:26:44,MO2403-P-6000,MO2403-P-6000,156.2,0.0,0.0,0.0,1,154.4,156.6,2,161.6,157.4,157.6,155.8,4.0,62700.0,434
2023-05-11 11:26:54,MO2403-P-6000,MO2403-P-6000,156.2,0.0,0.0,0.0,1,154.4,156.6,8,161.6,157.4,157.6,155.8,4.0,62700.0,434
2023-05-11 11:26:55,MO2403-P-6000,MO2403-P-6000,156.2,0.0,0.0,0.0,1,154.4,156.4,6,161.6,157.4,157.6,155.8,4.0,62700.0,434
2023-05-11 11:27:36,MO2403-P-6000,MO2403-P-6000,156.4,1.0,15640.0,1.0,1,154.4,156.4,6,161.6,157.4,157.6,155.8,5.0,78340.0,435
2023-05-11 11:27:41,MO2403-P-6000,MO2403-P-6000,156.4,0.0,0.0,0.0,1,154.4,156.6,8,161.6,157.4,157.6,155.8,5.0,78340.0,435
2023-05-11 11:27:47,MO2403-P-6000,MO2403-P-6000,156.4,0.0,0.0,0.0,1,154.4,156.6,9,161.6,157.4,157.6,155.8,5.0,78340.0,435
2023-05-11 11:28:17,MO2403-P-6000,MO2403-P-6000,156.4,0.0,0.0,0.0,1,154.4,156.6,3,161.6,157.4,157.6,155.8,5.0,78340.0,435
2023-05-11 11:29:38,MO2403-P-6000,MO2403-P-6000,156.4,0.0,0.0,0.0,6,153.8,156.6,3,161.6,157.4,157.6,155.8,5.0,78340.0,435
2023-05-11 11:29:40,MO2403-P-6000,MO2403-P-6000,156.4,0.0,0.0,0.0,6,153.2,156.6,3,161.6,157.4,157.6,155.8,5.0,78340.0,435
2023-05-11 11:29:44,MO2403-P-6000,MO2403-P-6000,156.4,0.0,0.0,0.0,1,152.6,156.6,3,161.6,157.4,157.6,155.8,5.0,78340.0,435
2023-05-11 11:29:59,MO2403-P-6000,MO2403-P-6000,156.4,0.0,0.0,0.0,1,111.0,156.6,3,161.6,157.4,157.6,155.8,5.0,78340.0,435
2023-05-11 13:00:00,MO2403-P-6000,MO2403-P-6000,156.4,0.0,0.0,0.0,6,146.2,156.6,3,161.6,157.4,157.6,155.8,5.0,78340.0,435
2023-05-11 13:00:05,MO2403-P-6000,MO2403-P-6000,156.4,0.0,0.0,0.0,12,146.2,156.6,3,161.6,157.4,157.6,155.8,5.0,78340.0,435
2023-05-11 13:00:06,MO2403-P-6000,MO2403-P-6000,156.4,0.0,0.0,0.0,1,146.4,156.6,3,161.6,157.4,157.6,155.8,5.0,78340.0,435
2023-05-11 13:00:06,MO2403-P-6000,MO2403-P-6000,156.4,0.0,0.0,0.0,1,146.4,156.6,5,161.6,157.4,157.6,155.8,5.0,78340.0,435
2023-05-11 13:00:07,MO2403-P-6000,MO2403-P-6000,156.4,0.0,0.0,0.0,1,146.4,156.6,3,161.6,157.4,157.6,155.8,5.0,78340.0,435
2023-05-11 13:00:07,MO2403-P-6000,MO2403-P-6000,156.4,0.0,0.0,0.0,1,146.4,156.6,5,161.6,157.4,157.6,155.8,5.0,78340.0,435
2023-05-11 13:00:08,MO2403-P-6000,MO2403-P-6000,156.4,0.0,0.0,0.0,1,146.4,156.6,3,161.6,157.4,157.6,155.8,5.0,78340.0,435
2023-05-11 13:00:08,MO2403-P-6000,MO2403-P-6000,156.4,0.0,0.0,0.0,1,146.4,156.6,5,161.6,157.4,157.6,155.8,5.0,78340.0,435
2023-05-11 13:00:09,MO2403-P-6000,MO2403-P-6000,156.4,0.0,0.0,0.0,1,146.4,156.6,3,161.6,157.4,157.6,155.8,5.0,78340.0,435
2023-05-11 13:00:10,MO2403-P-6000,MO2403-P-6000,156.4,0.0,0.0,0.0,6,149.2,156.6,11,161.6,157.4,157.6,155.8,5.0,78340.0,435
2023-05-11 13:00:10,MO2403-P-6000,MO2403-P-6000,156.4,0.0,0.0,0.0,1,149.4,156.6,9,161.6,157.4,157.6,155.8,5.0,78340.0,435
2023-05-11 13:00:11,MO2403-P-6000,MO2403-P-6000,156.4,0.0,0.0,0.0,1,149.4,156.4,2,161.6,157.4,157.6,155.8,5.0,78340.0,435
2023-05-11 13:00:15,MO2403-P-6000,MO2403-P-6000,156.4,0.0,0.0,0.0,1,154.2,156.6,3,161.6,157.4,157.6,155.8,5.0,78340.0,435
2023-05-11 13:00:29,MO2403-P-6000,MO2403-P-6000,156.4,0.0,0.0,0.0,1,154.2,156.4,6,161.6,157.4,157.6,155.8,5.0,78340.0,435
2023-05-11 13:01:03,MO2403-P-6000,MO2403-P-6000,156.4,0.0,0.0,0.0,1,154.2,156.4,8,161.6,157.4,157.6,155.8,5.0,78340.0,435
2023-05-11 13:01:03,MO2403-P-6000,MO2403-P-6000,156.4,0.0,0.0,0.0,1,154.2,156.2,6,161.6,157.4,157.6,155.8,5.0,78340.0,435
2023-05-11 13:01:04,MO2403-P-6000,MO2403-P-6000,156.4,0.0,0.0,0.0,1,153.6,156.2,6,161.6,157.4,157.6,155.8,5.0,78340.0,435
2023-05-11 13:01:07,MO2403-P-6000,MO2403-P-6000,156.4,0.0,0.0,0.0,1,153.4,156.2,6,161.6,157.4,157.6,155.8,5.0,78340.0,435
2023-05-11 13:01:11,MO2403-P-6000,MO2403-P-6000,156.4,0.0,0.0,0.0,1,153.4,156.4,6,161.6,157.4,157.6,155.8,5.0,78340.0,435
2023-05-11 13:01:21,MO2403-P-6000,MO2403-P-6000,156.4,0.0,0.0,0.0,1,153.4,156.4,8,161.6,157.4,157.6,155.8,5.0,78340.0,435
2023-05-11 13:01:21,MO2403-P-6000,MO2403-P-6000,156.4,0.0,0.0,0.0,1,153.4,156.2,6,161.6,157.4,157.6,155.8,5.0,78340.0,435
2023-05-11 13:01:26,MO2403-P-6000,MO2403-P-6000,156.4,0.0,0.0,0.0,1,153.4,156.2,2,161.6,157.4,157.6,155.8,5.0,78340.0,435
2023-05-11 13:01:27,MO2403-P-6000,MO2403-P-6000,156.4,0.0,0.0,0.0,1,153.4,156.0,6,161.6,157.4,157.6,155.8,5.0,78340.0,435
2023-05-11 13:01:27,MO2403-P-6000,MO2403-P-6000,156.4,0.0,0.0,0.0,1,153.4,156.4,6,161.6,157.4,157.6,155.8,5.0,78340.0,435
2023-05-11 13:01:30,MO2403-P-6000,MO2403-P-6000,156.4,0.0,0.0,0.0,2,153.4,156.4,6,161.6,157.4,157.6,155.8,5.0,78340.0,435
2023-05-11 13:01:38,MO2403-P-6000,MO2403-P-6000,156.4,0.0,0.0,0.0,1,153.4,156.4,6,161.6,157.4,157.6,155.8,5.0,78340.0,435
2023-05-11 13:01:48,MO2403-P-6000,MO2403-P-6000,156.4,0.0,0.0,0.0,2,153.4,156.4,6,161.6,157.4,157.6,155.8,5.0,78340.0,435
2023-05-11 13:01:50,MO2403-P-6000,MO2403-P-6000,156.4,0.0,0.0,0.0,1,153.4,156.4,6,161.6,157.4,157.6,155.8,5.0,78340.0,435
2023-05-11 13:01:58,MO2403-P-6000,MO2403-P-6000,156.4,0.0,0.0,0.0,1,153.6,156.4,6,161.6,157.4,157.6,155.8,5.0,78340.0,435
2023-05-11 13:02:04,MO2403-P-6000,MO2403-P-6000,156.4,0.0,0.0,0.0,1,153.6,156.6,11,161.6,157.4,157.6,155.8,5.0,78340.0,435
2023-05-11 13:02:05,MO2403-P-6000,MO2403-P-6000,156.4,0.0,0.0,0.0,1,153.6,156.6,5,161.6,157.4,157.6,155.8,5.0,78340.0,435
2023-05-11 13:02:05,MO2403-P-6000,MO2403-P-6000,156.4,0.0,0.0,0.0,1,153.6,156.6,3,161.6,157.4,157.6,155.8,5.0,78340.0,435
2023-05-11 13:02:08,MO2403-P-6000,MO2403-P-6000,156.4,0.0,0.0,0.0,1,153.8,156.6,3,161.6,157.4,157.6,155.8,5.0,78340.0,435
2023-05-11 13:02:18,MO2403-P-6000,MO2403-P-6000,156.4,0.0,0.0,0.0,1,154.0,156.6,3,161.6,157.4,157.6,155.8,5.0,78340.0,435
2023-05-11 13:02:30,MO2403-P-6000,MO2403-P-6000,156.4,0.0,0.0,0.0,3,153.4,156.6,3,161.6,157.4,157.6,155.8,5.0,78340.0,435
2023-05-11 13:02:31,MO2403-P-6000,MO2403-P-6000,156.4,0.0,0.0,0.0,1,153.4,156.6,3,161.6,157.4,157.6,155.8,5.0,78340.0,435
2023-05-11 13:02:40,MO2403-P-6000,MO2403-P-6000,156.4,0.0,0.0,0.0,1,153.6,156.6,3,161.6,157.4,157.6,155.8,5.0,78340.0,435
2023-05-11 13:03:00,MO2403-P-6000,MO2403-P-6000,156.4,0.0,0.0,0.0,1,153.8,156.6,3,161.6,157.4,157.6,155.8,5.0,78340.0,435
2023-05-11 13:03:01,MO2403-P-6000,MO2403-P-6000,156.4,0.0,0.0,0.0,7,153.8,156.6,3,161.6,157.4,157.6,155.8,5.0,78340.0,435
2023-05-11 13:03:02,MO2403-P-6000,MO2403-P-6000,156.4,0.0,0.0,0.0,13,153.8,156.6,3,161.6,157.4,157.6,155.8,5.0,78340.0,435
2023-05-11 13:03:03,MO2403-P-6000,MO2403-P-6000,156.4,0.0,0.0,0.0,7,153.8,156.6,3,161.6,157.4,157.6,155.8,5.0,78340.0,435
2023-05-11 13:03:07,MO2403-P-6000,MO2403-P-6000,156.4,0.0,0.0,0.0,13,153.8,156.6,3,161.6,157.4,157.6,155.8,5.0,78340.0,435
2023-05-11 13:03:10,MO2403-P-6000,MO2403-P-6000,156.4,0.0,0.0,0.0,1,154.0,156.6,3,161.6,157.4,157.6,155.8,5.0,78340.0,435
2023-05-11 13:03:18,MO2403-P-6000,MO2403-P-6000,156.4,0.0,0.0,0.0,12,153.8,156.6,3,161.6,157.4,157.6,155.8,5.0,78340.0,435
2023-05-11 13:03:19,MO2403-P-6000,MO2403-P-6000,156.4,0.0,0.0,0.0,1,155.0,156.6,3,161.6,157.4,157.6,155.8,5.0,78340.0,435
2023-05-11 13:04:04,MO2403-P-6000,MO2403-P-6000,156.4,0.0,0.0,0.0,1,155.0,156.6,9,161.6,157.4,157.6,155.8,5.0,78340.0,435
2023-05-11 13:04:05,MO2403-P-6000,MO2403-P-6000,156.4,0.0,0.0,0.0,1,155.0,156.6,3,161.6,157.4,157.6,155.8,5.0,78340.0,435
2023-05-11 13:04:59,MO2403-P-6000,MO2403-P-6000,156.4,0.0,0.0,0.0,12,154.2,156.6,3,161.6,157.4,157.6,155.8,5.0,78340.0,435
2023-05-11 13:05:00,MO2403-P-6000,MO2403-P-6000,156.4,0.0,0.0,0.0,12,154.0,156.6,9,161.6,157.4,157.6,155.8,5.0,78340.0,435
