time,symbol_id,symbol_name,last,trade_volume,trade_amount,open_interest_change,bv1,bp1,ap1,av1,yesterday_close,today_open,today_high,today_low,volume,amount,open_interest
2023-05-11 09:29:00,MO2403-C-6200,MO2403-C-6200,506.4,0.0,0.0,0.0,1,461.6,556.0,1,506.4,0.0,0.0,0.0,0.0,0.0,55
2023-05-11 09:30:00,MO2403-C-6200,MO2403-C-6200,506.4,0.0,0.0,0.0,1,461.6,556.0,3,506.4,0.0,0.0,0.0,0.0,0.0,55
2023-05-11 09:30:01,MO2403-C-6200,MO2403-C-6200,506.4,0.0,0.0,0.0,2,461.6,556.0,3,506.4,0.0,0.0,0.0,0.0,0.0,55
2023-05-11 09:30:01,MO2403-C-6200,MO2403-C-6200,506.4,0.0,0.0,0.0,1,500.0,556.0,3,506.4,0.0,0.0,0.0,0.0,0.0,55
2023-05-11 09:30:02,MO2403-C-6200,MO2403-C-6200,506.4,0.0,0.0,0.0,3,500.0,556.0,3,506.4,0.0,0.0,0.0,0.0,0.0,55
2023-05-11 09:30:10,MO2403-C-6200,MO2403-C-6200,506.4,0.0,0.0,0.0,3,500.0,555.8,1,506.4,0.0,0.0,0.0,0.0,0.0,55
2023-05-11 09:30:11,MO2403-C-6200,MO2403-C-6200,506.4,0.0,0.0,0.0,3,500.0,547.8,1,506.4,0.0,0.0,0.0,0.0,0.0,55
2023-05-11 09:30:15,MO2403-C-6200,MO2403-C-6200,506.4,0.0,0.0,0.0,3,500.0,547.8,2,506.4,0.0,0.0,0.0,0.0,0.0,55
2023-05-11 09:30:16,MO2403-C-6200,MO2403-C-6200,506.4,0.0,0.0,0.0,4,500.0,547.8,2,506.4,0.0,0.0,0.0,0.0,0.0,55
2023-05-11 09:30:18,MO2403-C-6200,MO2403-C-6200,506.4,0.0,0.0,0.0,4,500.0,539.8,1,506.4,0.0,0.0,0.0,0.0,0.0,55
2023-05-11 09:30:22,MO2403-C-6200,MO2403-C-6200,506.4,0.0,0.0,0.0,1,508.0,539.8,1,506.4,0.0,0.0,0.0,0.0,0.0,55
2023-05-11 09:30:23,MO2403-C-6200,MO2403-C-6200,506.4,0.0,0.0,0.0,1,508.0,532.4,6,506.4,0.0,0.0,0.0,0.0,0.0,55
2023-05-11 09:30:24,MO2403-C-6200,MO2403-C-6200,506.4,0.0,0.0,0.0,7,508.0,528.0,1,506.4,0.0,0.0,0.0,0.0,0.0,55
2023-05-11 09:30:24,MO2403-C-6200,MO2403-C-6200,506.4,0.0,0.0,0.0,7,508.0,528.0,7,506.4,0.0,0.0,0.0,0.0,0.0,55
2023-05-11 09:30:25,MO2403-C-6200,MO2403-C-6200,506.4,0.0,0.0,0.0,7,508.0,528.0,8,506.4,0.0,0.0,0.0,0.0,0.0,55
2023-05-11 09:30:25,MO2403-C-6200,MO2403-C-6200,506.4,0.0,0.0,0.0,1,514.0,528.0,8,506.4,0.0,0.0,0.0,0.0,0.0,55
2023-05-11 09:30:26,MO2403-C-6200,MO2403-C-6200,506.4,0.0,0.0,0.0,1,514.0,528.0,14,506.4,0.0,0.0,0.0,0.0,0.0,55
2023-05-11 09:30:28,MO2403-C-6200,MO2403-C-6200,506.4,0.0,0.0,0.0,1,512.6,526.0,1,506.4,0.0,0.0,0.0,0.0,0.0,55
2023-05-11 09:30:36,MO2403-C-6200,MO2403-C-6200,506.4,0.0,0.0,0.0,2,512.6,526.2,1,506.4,0.0,0.0,0.0,0.0,0.0,55
2023-05-11 09:30:36,MO2403-C-6200,MO2403-C-6200,506.4,0.0,0.0,0.0,1,516.2,526.2,1,506.4,0.0,0.0,0.0,0.0,0.0,55
2023-05-11 09:30:39,MO2403-C-6200,MO2403-C-6200,506.4,0.0,0.0,0.0,1,516.2,527.0,1,506.4,0.0,0.0,0.0,0.0,0.0,55
2023-05-11 09:30:41,MO2403-C-6200,MO2403-C-6200,506.4,0.0,0.0,0.0,1,516.2,528.0,6,506.4,0.0,0.0,0.0,0.0,0.0,55
2023-05-11 09:30:45,MO2403-C-6200,MO2403-C-6200,506.4,0.0,0.0,0.0,1,516.2,530.8,6,506.4,0.0,0.0,0.0,0.0,0.0,55
2023-05-11 09:30:48,MO2403-C-6200,MO2403-C-6200,506.4,0.0,0.0,0.0,1,516.2,526.6,1,506.4,0.0,0.0,0.0,0.0,0.0,55
2023-05-11 09:30:49,MO2403-C-6200,MO2403-C-6200,506.4,0.0,0.0,0.0,15,516.0,526.6,7,506.4,0.0,0.0,0.0,0.0,0.0,55
2023-05-11 09:30:49,MO2403-C-6200,MO2403-C-6200,506.4,0.0,0.0,0.0,6,513.8,524.4,1,506.4,0.0,0.0,0.0,0.0,0.0,55
2023-05-11 09:30:52,MO2403-C-6200,MO2403-C-6200,506.4,0.0,0.0,0.0,1,516.2,524.4,1,506.4,0.0,0.0,0.0,0.0,0.0,55
2023-05-11 09:30:53,MO2403-C-6200,MO2403-C-6200,506.4,0.0,0.0,0.0,1,516.2,526.0,1,506.4,0.0,0.0,0.0,0.0,0.0,55
2023-05-11 09:30:58,MO2403-C-6200,MO2403-C-6200,506.4,0.0,0.0,0.0,15,516.0,526.0,1,506.4,0.0,0.0,0.0,0.0,0.0,55
2023-05-11 09:30:58,MO2403-C-6200,MO2403-C-6200,506.4,0.0,0.0,0.0,6,513.8,526.0,1,506.4,0.0,0.0,0.0,0.0,0.0,55
2023-05-11 09:30:59,MO2403-C-6200,MO2403-C-6200,506.4,0.0,0.0,0.0,6,513.6,526.0,1,506.4,0.0,0.0,0.0,0.0,0.0,55
2023-05-11 09:30:59,MO2403-C-6200,MO2403-C-6200,506.4,0.0,0.0,0.0,1,514.2,526.0,1,506.4,0.0,0.0,0.0,0.0,0.0,55
2023-05-11 09:31:00,MO2403-C-6200,MO2403-C-6200,506.4,0.0,0.0,0.0,6,513.6,526.0,1,506.4,0.0,0.0,0.0,0.0,0.0,55
2023-05-11 09:31:00,MO2403-C-6200,MO2403-C-6200,506.4,0.0,0.0,0.0,1,514.2,526.0,1,506.4,0.0,0.0,0.0,0.0,0.0,55
2023-05-11 09:31:03,MO2403-C-6200,MO2403-C-6200,506.4,0.0,0.0,0.0,1,514.2,526.0,2,506.4,0.0,0.0,0.0,0.0,0.0,55
2023-05-11 09:31:03,MO2403-C-6200,MO2403-C-6200,506.4,0.0,0.0,0.0,1,514.2,526.0,1,506.4,0.0,0.0,0.0,0.0,0.0,55
2023-05-11 09:31:08,MO2403-C-6200,MO2403-C-6200,506.4,0.0,0.0,0.0,8,514.2,526.6,6,506.4,0.0,0.0,0.0,0.0,0.0,55
2023-05-11 09:31:08,MO2403-C-6200,MO2403-C-6200,506.4,0.0,0.0,0.0,1,519.4,526.6,6,506.4,0.0,0.0,0.0,0.0,0.0,55
2023-05-11 09:31:09,MO2403-C-6200,MO2403-C-6200,506.4,0.0,0.0,0.0,1,518.4,526.6,6,506.4,0.0,0.0,0.0,0.0,0.0,55
2023-05-11 09:31:18,MO2403-C-6200,MO2403-C-6200,506.4,0.0,0.0,0.0,2,518.4,526.6,6,506.4,0.0,0.0,0.0,0.0,0.0,55
2023-05-11 09:31:18,MO2403-C-6200,MO2403-C-6200,506.4,0.0,0.0,0.0,1,520.0,526.6,6,506.4,0.0,0.0,0.0,0.0,0.0,55
2023-05-11 09:31:32,MO2403-C-6200,MO2403-C-6200,506.4,0.0,0.0,0.0,1,519.4,526.6,6,506.4,0.0,0.0,0.0,0.0,0.0,55
2023-05-11 09:31:33,MO2403-C-6200,MO2403-C-6200,506.4,0.0,0.0,0.0,1,518.8,525.4,1,506.4,0.0,0.0,0.0,0.0,0.0,55
2023-05-11 09:31:34,MO2403-C-6200,MO2403-C-6200,506.4,0.0,0.0,0.0,7,518.0,525.4,1,506.4,0.0,0.0,0.0,0.0,0.0,55
2023-05-11 09:31:35,MO2403-C-6200,MO2403-C-6200,506.4,0.0,0.0,0.0,2,518.0,525.4,1,506.4,0.0,0.0,0.0,0.0,0.0,55
2023-05-11 09:31:43,MO2403-C-6200,MO2403-C-6200,506.4,0.0,0.0,0.0,1,518.0,525.4,1,506.4,0.0,0.0,0.0,0.0,0.0,55
2023-05-11 09:31:45,MO2403-C-6200,MO2403-C-6200,506.4,0.0,0.0,0.0,1,517.2,525.4,1,506.4,0.0,0.0,0.0,0.0,0.0,55
2023-05-11 09:31:47,MO2403-C-6200,MO2403-C-6200,506.4,0.0,0.0,0.0,1,516.4,525.4,1,506.4,0.0,0.0,0.0,0.0,0.0,55
2023-05-11 09:31:47,MO2403-C-6200,MO2403-C-6200,506.4,0.0,0.0,0.0,1,516.6,525.4,1,506.4,0.0,0.0,0.0,0.0,0.0,55
2023-05-11 09:31:48,MO2403-C-6200,MO2403-C-6200,506.4,0.0,0.0,0.0,1,516.4,525.4,1,506.4,0.0,0.0,0.0,0.0,0.0,55
2023-05-11 09:31:49,MO2403-C-6200,MO2403-C-6200,506.4,0.0,0.0,0.0,18,516.2,525.4,1,506.4,0.0,0.0,0.0,0.0,0.0,55
2023-05-11 09:31:49,MO2403-C-6200,MO2403-C-6200,506.4,0.0,0.0,0.0,6,516.2,525.4,1,506.4,0.0,0.0,0.0,0.0,0.0,55
2023-05-11 09:31:50,MO2403-C-6200,MO2403-C-6200,506.4,0.0,0.0,0.0,6,515.8,525.4,1,506.4,0.0,0.0,0.0,0.0,0.0,55
2023-05-11 09:31:50,MO2403-C-6200,MO2403-C-6200,506.4,0.0,0.0,0.0,6,515.6,525.4,1,506.4,0.0,0.0,0.0,0.0,0.0,55
2023-05-11 09:31:51,MO2403-C-6200,MO2403-C-6200,506.4,0.0,0.0,0.0,31,515.4,525.4,1,506.4,0.0,0.0,0.0,0.0,0.0,55
2023-05-11 09:31:51,MO2403-C-6200,MO2403-C-6200,506.4,0.0,0.0,0.0,19,515.4,525.4,1,506.4,0.0,0.0,0.0,0.0,0.0,55
2023-05-11 09:31:52,MO2403-C-6200,MO2403-C-6200,506.4,0.0,0.0,0.0,13,515.4,525.4,1,506.4,0.0,0.0,0.0,0.0,0.0,55
2023-05-11 09:31:54,MO2403-C-6200,MO2403-C-6200,506.4,0.0,0.0,0.0,12,515.4,525.4,1,506.4,0.0,0.0,0.0,0.0,0.0,55
2023-05-11 09:31:54,MO2403-C-6200,MO2403-C-6200,506.4,0.0,0.0,0.0,6,515.4,525.4,1,506.4,0.0,0.0,0.0,0.0,0.0,55
2023-05-11 09:31:56,MO2403-C-6200,MO2403-C-6200,506.4,0.0,0.0,0.0,1,515.8,525.4,1,506.4,0.0,0.0,0.0,0.0,0.0,55
2023-05-11 09:31:58,MO2403-C-6200,MO2403-C-6200,506.4,0.0,0.0,0.0,1,516.0,525.4,1,506.4,0.0,0.0,0.0,0.0,0.0,55
2023-05-11 09:32:17,MO2403-C-6200,MO2403-C-6200,506.4,0.0,0.0,0.0,1,515.8,525.4,1,506.4,0.0,0.0,0.0,0.0,0.0,55
2023-05-11 09:32:17,MO2403-C-6200,MO2403-C-6200,506.4,0.0,0.0,0.0,6,515.2,525.4,1,506.4,0.0,0.0,0.0,0.0,0.0,55
2023-05-11 09:32:18,MO2403-C-6200,MO2403-C-6200,506.4,0.0,0.0,0.0,12,515.0,525.4,1,506.4,0.0,0.0,0.0,0.0,0.0,55
2023-05-11 09:32:19,MO2403-C-6200,MO2403-C-6200,506.4,0.0,0.0,0.0,24,514.8,525.4,1,506.4,0.0,0.0,0.0,0.0,0.0,55
2023-05-11 09:32:19,MO2403-C-6200,MO2403-C-6200,506.4,0.0,0.0,0.0,6,514.8,525.4,1,506.4,0.0,0.0,0.0,0.0,0.0,55
2023-05-11 09:32:20,MO2403-C-6200,MO2403-C-6200,506.4,0.0,0.0,0.0,1,514.2,525.4,1,506.4,0.0,0.0,0.0,0.0,0.0,55
2023-05-11 09:32:22,MO2403-C-6200,MO2403-C-6200,506.4,0.0,0.0,0.0,1,513.4,525.4,1,506.4,0.0,0.0,0.0,0.0,0.0,55
2023-05-11 09:32:23,MO2403-C-6200,MO2403-C-6200,506.4,0.0,0.0,0.0,1,513.6,525.4,1,506.4,0.0,0.0,0.0,0.0,0.0,55
2023-05-11 09:32:28,MO2403-C-6200,MO2403-C-6200,506.4,0.0,0.0,0.0,1,513.2,525.4,1,506.4,0.0,0.0,0.0,0.0,0.0,55
2023-05-11 09:32:33,MO2403-C-6200,MO2403-C-6200,506.4,0.0,0.0,0.0,18,513.0,525.4,1,506.4,0.0,0.0,0.0,0.0,0.0,55
2023-05-11 09:32:34,MO2403-C-6200,MO2403-C-6200,506.4,0.0,0.0,0.0,6,512.8,524.4,6,506.4,0.0,0.0,0.0,0.0,0.0,55
2023-05-11 09:32:34,MO2403-C-6200,MO2403-C-6200,506.4,0.0,0.0,0.0,24,512.4,524.4,2,506.4,0.0,0.0,0.0,0.0,0.0,55
2023-05-11 09:32:35,MO2403-C-6200,MO2403-C-6200,506.4,0.0,0.0,0.0,6,512.4,517.4,1,506.4,0.0,0.0,0.0,0.0,0.0,55
2023-05-11 09:32:35,MO2403-C-6200,MO2403-C-6200,506.4,0.0,0.0,0.0,24,511.8,517.4,1,506.4,0.0,0.0,0.0,0.0,0.0,55
2023-05-11 09:32:36,MO2403-C-6200,MO2403-C-6200,506.4,0.0,0.0,0.0,6,511.8,517.4,1,506.4,0.0,0.0,0.0,0.0,0.0,55
2023-05-11 09:32:36,MO2403-C-6200,MO2403-C-6200,506.4,0.0,0.0,0.0,13,511.2,517.4,2,506.4,0.0,0.0,0.0,0.0,0.0,55
2023-05-11 09:32:37,MO2403-C-6200,MO2403-C-6200,506.4,0.0,0.0,0.0,6,511.2,517.4,2,506.4,0.0,0.0,0.0,0.0,0.0,55
2023-05-11 09:32:37,MO2403-C-6200,MO2403-C-6200,506.4,0.0,0.0,0.0,1,511.0,517.4,2,506.4,0.0,0.0,0.0,0.0,0.0,55
2023-05-11 09:32:38,MO2403-C-6200,MO2403-C-6200,506.4,0.0,0.0,0.0,12,510.2,517.4,2,506.4,0.0,0.0,0.0,0.0,0.0,55
2023-05-11 09:32:39,MO2403-C-6200,MO2403-C-6200,506.4,0.0,0.0,0.0,1,510.8,517.4,2,506.4,0.0,0.0,0.0,0.0,0.0,55
2023-05-11 09:32:46,MO2403-C-6200,MO2403-C-6200,506.4,0.0,0.0,0.0,1,510.8,517.2,1,506.4,0.0,0.0,0.0,0.0,0.0,55
2023-05-11 09:32:49,MO2403-C-6200,MO2403-C-6200,506.4,0.0,0.0,0.0,1,510.8,517.4,16,506.4,0.0,0.0,0.0,0.0,0.0,55
2023-05-11 09:32:50,MO2403-C-6200,MO2403-C-6200,506.4,0.0,0.0,0.0,1,510.8,517.4,1,506.4,0.0,0.0,0.0,0.0,0.0,55
2023-05-11 09:32:50,MO2403-C-6200,MO2403-C-6200,506.4,0.0,0.0,0.0,1,510.8,517.6,15,506.4,0.0,0.0,0.0,0.0,0.0,55
2023-05-11 09:32:51,MO2403-C-6200,MO2403-C-6200,506.4,0.0,0.0,0.0,6,510.8,517.8,12,506.4,0.0,0.0,0.0,0.0,0.0,55
2023-05-11 09:32:51,MO2403-C-6200,MO2403-C-6200,506.4,0.0,0.0,0.0,1,512.8,518.0,21,506.4,0.0,0.0,0.0,0.0,0.0,55
2023-05-11 09:32:52,MO2403-C-6200,MO2403-C-6200,506.4,0.0,0.0,0.0,1,512.8,518.0,6,506.4,0.0,0.0,0.0,0.0,0.0,55
2023-05-11 09:32:52,MO2403-C-6200,MO2403-C-6200,506.4,0.0,0.0,0.0,1,512.4,518.2,45,506.4,0.0,0.0,0.0,0.0,0.0,55
2023-05-11 09:32:53,MO2403-C-6200,MO2403-C-6200,506.4,0.0,0.0,0.0,1,512.4,518.2,12,506.4,0.0,0.0,0.0,0.0,0.0,55
2023-05-11 09:32:53,MO2403-C-6200,MO2403-C-6200,506.4,0.0,0.0,0.0,1,512.4,518.2,6,506.4,0.0,0.0,0.0,0.0,0.0,55
2023-05-11 09:32:54,MO2403-C-6200,MO2403-C-6200,506.4,0.0,0.0,0.0,6,511.0,518.2,6,506.4,0.0,0.0,0.0,0.0,0.0,55
2023-05-11 09:32:55,MO2403-C-6200,MO2403-C-6200,506.4,0.0,0.0,0.0,1,512.0,518.2,6,506.4,0.0,0.0,0.0,0.0,0.0,55
2023-05-11 09:32:58,MO2403-C-6200,MO2403-C-6200,506.4,0.0,0.0,0.0,6,511.0,518.2,6,506.4,0.0,0.0,0.0,0.0,0.0,55
2023-05-11 09:32:59,MO2403-C-6200,MO2403-C-6200,506.4,0.0,0.0,0.0,1,511.4,518.2,6,506.4,0.0,0.0,0.0,0.0,0.0,55
2023-05-11 09:33:03,MO2403-C-6200,MO2403-C-6200,506.4,0.0,0.0,0.0,6,511.0,517.2,1,506.4,0.0,0.0,0.0,0.0,0.0,55
2023-05-11 09:33:07,MO2403-C-6200,MO2403-C-6200,506.4,0.0,0.0,0.0,6,510.6,517.2,1,506.4,0.0,0.0,0.0,0.0,0.0,55
2023-05-11 09:33:07,MO2403-C-6200,MO2403-C-6200,506.4,0.0,0.0,0.0,1,511.2,517.2,1,506.4,0.0,0.0,0.0,0.0,0.0,55
2023-05-11 09:33:08,MO2403-C-6200,MO2403-C-6200,506.4,0.0,0.0,0.0,1,511.2,517.4,15,506.4,0.0,0.0,0.0,0.0,0.0,55
2023-05-11 09:33:08,MO2403-C-6200,MO2403-C-6200,506.4,0.0,0.0,0.0,1,511.2,517.8,12,506.4,0.0,0.0,0.0,0.0,0.0,55
2023-05-11 09:33:09,MO2403-C-6200,MO2403-C-6200,506.4,0.0,0.0,0.0,1,511.2,518.0,27,506.4,0.0,0.0,0.0,0.0,0.0,55
2023-05-11 09:33:09,MO2403-C-6200,MO2403-C-6200,506.4,0.0,0.0,0.0,1,511.2,518.0,6,506.4,0.0,0.0,0.0,0.0,0.0,55
2023-05-11 09:33:10,MO2403-C-6200,MO2403-C-6200,506.4,0.0,0.0,0.0,1,511.2,518.2,40,506.4,0.0,0.0,0.0,0.0,0.0,55
2023-05-11 09:33:10,MO2403-C-6200,MO2403-C-6200,506.4,0.0,0.0,0.0,1,511.2,518.2,13,506.4,0.0,0.0,0.0,0.0,0.0,55
2023-05-11 09:33:12,MO2403-C-6200,MO2403-C-6200,506.4,0.0,0.0,0.0,1,511.2,518.2,12,506.4,0.0,0.0,0.0,0.0,0.0,55
2023-05-11 09:33:13,MO2403-C-6200,MO2403-C-6200,506.4,0.0,0.0,0.0,1,511.2,518.2,6,506.4,0.0,0.0,0.0,0.0,0.0,55
2023-05-11 09:33:13,MO2403-C-6200,MO2403-C-6200,506.4,0.0,0.0,0.0,1,511.2,517.4,1,506.4,0.0,0.0,0.0,0.0,0.0,55
2023-05-11 09:33:15,MO2403-C-6200,MO2403-C-6200,506.4,0.0,0.0,0.0,1,511.2,517.6,21,506.4,0.0,0.0,0.0,0.0,0.0,55
2023-05-11 09:33:16,MO2403-C-6200,MO2403-C-6200,506.4,0.0,0.0,0.0,1,511.2,517.6,6,506.4,0.0,0.0,0.0,0.0,0.0,55
2023-05-11 09:33:16,MO2403-C-6200,MO2403-C-6200,506.4,0.0,0.0,0.0,1,511.2,517.8,21,506.4,0.0,0.0,0.0,0.0,0.0,55
2023-05-11 09:33:17,MO2403-C-6200,MO2403-C-6200,506.4,0.0,0.0,0.0,1,511.2,517.8,6,506.4,0.0,0.0,0.0,0.0,0.0,55
2023-05-11 09:33:17,MO2403-C-6200,MO2403-C-6200,506.4,0.0,0.0,0.0,1,511.2,518.0,22,506.4,0.0,0.0,0.0,0.0,0.0,55
2023-05-11 09:33:18,MO2403-C-6200,MO2403-C-6200,506.4,0.0,0.0,0.0,1,511.2,518.0,7,506.4,0.0,0.0,0.0,0.0,0.0,55
2023-05-11 09:33:18,MO2403-C-6200,MO2403-C-6200,506.4,0.0,0.0,0.0,1,511.2,518.0,1,506.4,0.0,0.0,0.0,0.0,0.0,55
2023-05-11 09:33:19,MO2403-C-6200,MO2403-C-6200,506.4,0.0,0.0,0.0,6,511.2,518.0,1,506.4,0.0,0.0,0.0,0.0,0.0,55
2023-05-11 09:33:20,MO2403-C-6200,MO2403-C-6200,506.4,0.0,0.0,0.0,6,511.2,518.2,33,506.4,0.0,0.0,0.0,0.0,0.0,55
2023-05-11 09:33:20,MO2403-C-6200,MO2403-C-6200,506.4,0.0,0.0,0.0,1,512.6,518.2,12,506.4,0.0,0.0,0.0,0.0,0.0,55
2023-05-11 09:33:21,MO2403-C-6200,MO2403-C-6200,506.4,0.0,0.0,0.0,1,512.4,518.2,6,506.4,0.0,0.0,0.0,0.0,0.0,55
2023-05-11 09:33:23,MO2403-C-6200,MO2403-C-6200,506.4,0.0,0.0,0.0,1,511.4,518.2,6,506.4,0.0,0.0,0.0,0.0,0.0,55
2023-05-11 09:33:24,MO2403-C-6200,MO2403-C-6200,506.4,0.0,0.0,0.0,5,511.2,518.2,6,506.4,0.0,0.0,0.0,0.0,0.0,55
2023-05-11 09:33:25,MO2403-C-6200,MO2403-C-6200,506.4,0.0,0.0,0.0,5,511.2,517.0,1,506.4,0.0,0.0,0.0,0.0,0.0,55
2023-05-11 09:33:26,MO2403-C-6200,MO2403-C-6200,506.4,0.0,0.0,0.0,1,511.8,517.0,1,506.4,0.0,0.0,0.0,0.0,0.0,55
2023-05-11 09:33:27,MO2403-C-6200,MO2403-C-6200,506.4,0.0,0.0,0.0,1,511.8,518.2,6,506.4,0.0,0.0,0.0,0.0,0.0,55
2023-05-11 09:33:31,MO2403-C-6200,MO2403-C-6200,506.4,0.0,0.0,0.0,1,511.8,518.4,6,506.4,0.0,0.0,0.0,0.0,0.0,55
2023-05-11 09:33:31,MO2403-C-6200,MO2403-C-6200,506.4,0.0,0.0,0.0,1,511.8,518.6,19,506.4,0.0,0.0,0.0,0.0,0.0,55
2023-05-11 09:33:32,MO2403-C-6200,MO2403-C-6200,506.4,0.0,0.0,0.0,1,511.8,518.6,7,506.4,0.0,0.0,0.0,0.0,0.0,55
2023-05-11 09:33:32,MO2403-C-6200,MO2403-C-6200,506.4,0.0,0.0,0.0,1,511.8,518.6,1,506.4,0.0,0.0,0.0,0.0,0.0,55
2023-05-11 09:33:35,MO2403-C-6200,MO2403-C-6200,506.4,0.0,0.0,0.0,6,511.8,518.8,27,506.4,0.0,0.0,0.0,0.0,0.0,55
2023-05-11 09:33:35,MO2403-C-6200,MO2403-C-6200,506.4,0.0,0.0,0.0,6,511.8,518.8,6,506.4,0.0,0.0,0.0,0.0,0.0,55
2023-05-11 09:33:36,MO2403-C-6200,MO2403-C-6200,506.4,0.0,0.0,0.0,1,513.6,519.6,30,506.4,0.0,0.0,0.0,0.0,0.0,55
2023-05-11 09:33:36,MO2403-C-6200,MO2403-C-6200,506.4,0.0,0.0,0.0,1,513.6,519.6,6,506.4,0.0,0.0,0.0,0.0,0.0,55
2023-05-11 09:33:37,MO2403-C-6200,MO2403-C-6200,506.4,0.0,0.0,0.0,6,513.6,519.8,6,506.4,0.0,0.0,0.0,0.0,0.0,55
2023-05-11 09:33:37,MO2403-C-6200,MO2403-C-6200,506.4,0.0,0.0,0.0,6,513.8,520.2,12,506.4,0.0,0.0,0.0,0.0,0.0,55
2023-05-11 09:33:38,MO2403-C-6200,MO2403-C-6200,506.4,0.0,0.0,0.0,1,514.6,520.4,27,506.4,0.0,0.0,0.0,0.0,0.0,55
2023-05-11 09:33:38,MO2403-C-6200,MO2403-C-6200,506.4,0.0,0.0,0.0,1,514.6,520.4,6,506.4,0.0,0.0,0.0,0.0,0.0,55
2023-05-11 09:33:39,MO2403-C-6200,MO2403-C-6200,506.4,0.0,0.0,0.0,1,514.6,520.4,1,506.4,0.0,0.0,0.0,0.0,0.0,55
2023-05-11 09:33:43,MO2403-C-6200,MO2403-C-6200,506.4,0.0,0.0,0.0,6,513.8,520.4,1,506.4,0.0,0.0,0.0,0.0,0.0,55
2023-05-11 09:33:45,MO2403-C-6200,MO2403-C-6200,506.4,0.0,0.0,0.0,1,514.2,520.4,1,506.4,0.0,0.0,0.0,0.0,0.0,55
2023-05-11 09:33:48,MO2403-C-6200,MO2403-C-6200,506.4,0.0,0.0,0.0,6,513.8,520.4,1,506.4,0.0,0.0,0.0,0.0,0.0,55
2023-05-11 09:33:57,MO2403-C-6200,MO2403-C-6200,506.4,0.0,0.0,0.0,11,513.6,520.4,1,506.4,0.0,0.0,0.0,0.0,0.0,55
2023-05-11 09:33:58,MO2403-C-6200,MO2403-C-6200,506.4,0.0,0.0,0.0,5,513.6,520.4,1,506.4,0.0,0.0,0.0,0.0,0.0,55
2023-05-11 09:34:00,MO2403-C-6200,MO2403-C-6200,506.4,0.0,0.0,0.0,1,514.0,520.4,1,506.4,0.0,0.0,0.0,0.0,0.0,55
2023-05-11 09:34:03,MO2403-C-6200,MO2403-C-6200,506.4,0.0,0.0,0.0,1,514.0,520.6,12,506.4,0.0,0.0,0.0,0.0,0.0,55
2023-05-11 09:34:04,MO2403-C-6200,MO2403-C-6200,506.4,0.0,0.0,0.0,1,514.0,520.6,6,506.4,0.0,0.0,0.0,0.0,0.0,55
2023-05-11 09:34:05,MO2403-C-6200,MO2403-C-6200,506.4,0.0,0.0,0.0,6,514.0,520.6,6,506.4,0.0,0.0,0.0,0.0,0.0,55
2023-05-11 09:34:05,MO2403-C-6200,MO2403-C-6200,506.4,0.0,0.0,0.0,1,515.6,520.6,6,506.4,0.0,0.0,0.0,0.0,0.0,55
2023-05-11 09:34:06,MO2403-C-6200,MO2403-C-6200,506.4,0.0,0.0,0.0,6,515.6,520.6,6,506.4,0.0,0.0,0.0,0.0,0.0,55
2023-05-11 09:34:07,MO2403-C-6200,MO2403-C-6200,506.4,0.0,0.0,0.0,5,515.6,520.6,6,506.4,0.0,0.0,0.0,0.0,0.0,55
2023-05-11 09:34:17,MO2403-C-6200,MO2403-C-6200,506.4,0.0,0.0,0.0,5,515.6,519.8,1,506.4,0.0,0.0,0.0,0.0,0.0,55
2023-05-11 09:34:18,MO2403-C-6200,MO2403-C-6200,506.4,0.0,0.0,0.0,5,514.2,519.8,1,506.4,0.0,0.0,0.0,0.0,0.0,55
2023-05-11 09:34:21,MO2403-C-6200,MO2403-C-6200,506.4,0.0,0.0,0.0,1,514.4,520.6,21,506.4,0.0,0.0,0.0,0.0,0.0,55
2023-05-11 09:34:22,MO2403-C-6200,MO2403-C-6200,506.4,0.0,0.0,0.0,1,514.4,520.6,6,506.4,0.0,0.0,0.0,0.0,0.0,55
2023-05-11 09:34:27,MO2403-C-6200,MO2403-C-6200,506.4,0.0,0.0,0.0,5,514.2,520.6,6,506.4,0.0,0.0,0.0,0.0,0.0,55
2023-05-11 09:34:28,MO2403-C-6200,MO2403-C-6200,506.4,0.0,0.0,0.0,5,514.2,519.8,1,506.4,0.0,0.0,0.0,0.0,0.0,55
2023-05-11 09:34:31,MO2403-C-6200,MO2403-C-6200,506.4,0.0,0.0,0.0,1,514.4,519.8,1,506.4,0.0,0.0,0.0,0.0,0.0,55
2023-05-11 09:34:33,MO2403-C-6200,MO2403-C-6200,506.4,0.0,0.0,0.0,5,514.2,519.8,1,506.4,0.0,0.0,0.0,0.0,0.0,55
2023-05-11 09:34:39,MO2403-C-6200,MO2403-C-6200,506.4,0.0,0.0,0.0,5,514.2,520.6,21,506.4,0.0,0.0,0.0,0.0,0.0,55
2023-05-11 09:34:39,MO2403-C-6200,MO2403-C-6200,506.4,0.0,0.0,0.0,1,514.8,520.6,6,506.4,0.0,0.0,0.0,0.0,0.0,55
2023-05-11 09:34:40,MO2403-C-6200,MO2403-C-6200,506.4,0.0,0.0,0.0,1,514.8,520.8,18,506.4,0.0,0.0,0.0,0.0,0.0,55
2023-05-11 09:34:41,MO2403-C-6200,MO2403-C-6200,506.4,0.0,0.0,0.0,1,514.8,520.8,6,506.4,0.0,0.0,0.0,0.0,0.0,55
2023-05-11 09:34:41,MO2403-C-6200,MO2403-C-6200,506.4,0.0,0.0,0.0,1,514.8,521.2,37,506.4,0.0,0.0,0.0,0.0,0.0,55
2023-05-11 09:34:42,MO2403-C-6200,MO2403-C-6200,506.4,0.0,0.0,0.0,1,514.8,521.2,7,506.4,0.0,0.0,0.0,0.0,0.0,55
2023-05-11 09:34:42,MO2403-C-6200,MO2403-C-6200,506.4,0.0,0.0,0.0,1,514.8,521.2,1,506.4,0.0,0.0,0.0,0.0,0.0,55
2023-05-11 09:34:43,MO2403-C-6200,MO2403-C-6200,506.4,0.0,0.0,0.0,1,515.0,521.2,1,506.4,0.0,0.0,0.0,0.0,0.0,55
2023-05-11 09:34:46,MO2403-C-6200,MO2403-C-6200,506.4,0.0,0.0,0.0,17,514.2,521.2,1,506.4,0.0,0.0,0.0,0.0,0.0,55
2023-05-11 09:34:46,MO2403-C-6200,MO2403-C-6200,506.4,0.0,0.0,0.0,5,514.2,521.2,1,506.4,0.0,0.0,0.0,0.0,0.0,55
2023-05-11 09:34:51,MO2403-C-6200,MO2403-C-6200,506.4,0.0,0.0,0.0,1,514.8,521.2,1,506.4,0.0,0.0,0.0,0.0,0.0,55
2023-05-11 09:34:52,MO2403-C-6200,MO2403-C-6200,506.4,0.0,0.0,0.0,5,514.2,521.2,1,506.4,0.0,0.0,0.0,0.0,0.0,55
2023-05-11 09:35:02,MO2403-C-6200,MO2403-C-6200,506.4,0.0,0.0,0.0,18,513.8,521.2,1,506.4,0.0,0.0,0.0,0.0,0.0,55
2023-05-11 09:35:03,MO2403-C-6200,MO2403-C-6200,506.4,0.0,0.0,0.0,6,513.8,521.2,1,506.4,0.0,0.0,0.0,0.0,0.0,55
2023-05-11 09:35:03,MO2403-C-6200,MO2403-C-6200,506.4,0.0,0.0,0.0,18,513.6,521.2,1,506.4,0.0,0.0,0.0,0.0,0.0,55
2023-05-11 09:35:04,MO2403-C-6200,MO2403-C-6200,506.4,0.0,0.0,0.0,6,513.6,521.2,1,506.4,0.0,0.0,0.0,0.0,0.0,55
2023-05-11 09:35:04,MO2403-C-6200,MO2403-C-6200,506.4,0.0,0.0,0.0,6,513.4,521.2,1,506.4,0.0,0.0,0.0,0.0,0.0,55
2023-05-11 09:35:05,MO2403-C-6200,MO2403-C-6200,506.4,0.0,0.0,0.0,17,513.2,521.2,1,506.4,0.0,0.0,0.0,0.0,0.0,55
2023-05-11 09:35:05,MO2403-C-6200,MO2403-C-6200,506.4,0.0,0.0,0.0,11,513.2,521.2,1,506.4,0.0,0.0,0.0,0.0,0.0,55
2023-05-11 09:35:06,MO2403-C-6200,MO2403-C-6200,506.4,0.0,0.0,0.0,5,513.2,521.2,1,506.4,0.0,0.0,0.0,0.0,0.0,55
2023-05-11 09:35:06,MO2403-C-6200,MO2403-C-6200,506.4,0.0,0.0,0.0,12,512.8,521.2,2,506.4,0.0,0.0,0.0,0.0,0.0,55
2023-05-11 09:35:07,MO2403-C-6200,MO2403-C-6200,506.4,0.0,0.0,0.0,18,512.6,516.6,1,506.4,0.0,0.0,0.0,0.0,0.0,55
2023-05-11 09:35:07,MO2403-C-6200,MO2403-C-6200,506.4,0.0,0.0,0.0,6,512.6,516.6,1,506.4,0.0,0.0,0.0,0.0,0.0,55
2023-05-11 09:35:08,MO2403-C-6200,MO2403-C-6200,506.4,0.0,0.0,0.0,23,511.6,516.6,1,506.4,0.0,0.0,0.0,0.0,0.0,55
2023-05-11 09:35:08,MO2403-C-6200,MO2403-C-6200,506.4,0.0,0.0,0.0,11,511.6,516.6,1,506.4,0.0,0.0,0.0,0.0,0.0,55
2023-05-11 09:35:09,MO2403-C-6200,MO2403-C-6200,506.4,0.0,0.0,0.0,5,511.6,516.6,1,506.4,0.0,0.0,0.0,0.0,0.0,55
2023-05-11 09:35:09,MO2403-C-6200,MO2403-C-6200,506.4,0.0,0.0,0.0,5,511.6,517.2,21,506.4,0.0,0.0,0.0,0.0,0.0,55
2023-05-11 09:35:10,MO2403-C-6200,MO2403-C-6200,506.4,0.0,0.0,0.0,5,511.6,517.2,6,506.4,0.0,0.0,0.0,0.0,0.0,55
2023-05-11 09:35:10,MO2403-C-6200,MO2403-C-6200,506.4,0.0,0.0,0.0,5,511.6,517.4,21,506.4,0.0,0.0,0.0,0.0,0.0,55
2023-05-11 09:35:11,MO2403-C-6200,MO2403-C-6200,506.4,0.0,0.0,0.0,1,512.0,517.4,6,506.4,0.0,0.0,0.0,0.0,0.0,55
2023-05-11 09:35:11,MO2403-C-6200,MO2403-C-6200,506.4,0.0,0.0,0.0,1,512.0,517.6,6,506.4,0.0,0.0,0.0,0.0,0.0,55
2023-05-11 09:35:12,MO2403-C-6200,MO2403-C-6200,506.4,0.0,0.0,0.0,1,512.0,518.4,6,506.4,0.0,0.0,0.0,0.0,0.0,55
2023-05-11 09:35:12,MO2403-C-6200,MO2403-C-6200,506.4,0.0,0.0,0.0,1,512.0,518.8,24,506.4,0.0,0.0,0.0,0.0,0.0,55
2023-05-11 09:35:13,MO2403-C-6200,MO2403-C-6200,506.4,0.0,0.0,0.0,1,512.0,518.8,6,506.4,0.0,0.0,0.0,0.0,0.0,55
2023-05-11 09:35:13,MO2403-C-6200,MO2403-C-6200,506.4,0.0,0.0,0.0,1,512.0,519.0,21,506.4,0.0,0.0,0.0,0.0,0.0,55
2023-05-11 09:35:14,MO2403-C-6200,MO2403-C-6200,506.4,0.0,0.0,0.0,1,512.0,519.0,6,506.4,0.0,0.0,0.0,0.0,0.0,55
2023-05-11 09:35:14,MO2403-C-6200,MO2403-C-6200,506.4,0.0,0.0,0.0,6,512.0,519.2,21,506.4,0.0,0.0,0.0,0.0,0.0,55
2023-05-11 09:35:15,MO2403-C-6200,MO2403-C-6200,506.4,0.0,0.0,0.0,1,513.4,519.2,6,506.4,0.0,0.0,0.0,0.0,0.0,55
2023-05-11 09:35:15,MO2403-C-6200,MO2403-C-6200,506.4,0.0,0.0,0.0,1,513.4,519.4,7,506.4,0.0,0.0,0.0,0.0,0.0,55
2023-05-11 09:35:16,MO2403-C-6200,MO2403-C-6200,506.4,0.0,0.0,0.0,1,513.4,519.4,1,506.4,0.0,0.0,0.0,0.0,0.0,55
2023-05-11 09:35:18,MO2403-C-6200,MO2403-C-6200,506.4,0.0,0.0,0.0,6,512.2,519.4,1,506.4,0.0,0.0,0.0,0.0,0.0,55
2023-05-11 09:35:18,MO2403-C-6200,MO2403-C-6200,506.4,0.0,0.0,0.0,6,512.0,519.4,1,506.4,0.0,0.0,0.0,0.0,0.0,55
2023-05-11 09:35:19,MO2403-C-6200,MO2403-C-6200,506.4,0.0,0.0,0.0,5,512.0,519.4,1,506.4,0.0,0.0,0.0,0.0,0.0,55
2023-05-11 09:35:20,MO2403-C-6200,MO2403-C-6200,506.4,0.0,0.0,0.0,6,511.6,519.4,1,506.4,0.0,0.0,0.0,0.0,0.0,55
2023-05-11 09:35:20,MO2403-C-6200,MO2403-C-6200,506.4,0.0,0.0,0.0,24,511.4,519.4,1,506.4,0.0,0.0,0.0,0.0,0.0,55
2023-05-11 09:35:21,MO2403-C-6200,MO2403-C-6200,506.4,0.0,0.0,0.0,6,511.4,519.4,1,506.4,0.0,0.0,0.0,0.0,0.0,55
2023-05-11 09:35:21,MO2403-C-6200,MO2403-C-6200,506.4,0.0,0.0,0.0,17,511.2,519.4,1,506.4,0.0,0.0,0.0,0.0,0.0,55
2023-05-11 09:35:22,MO2403-C-6200,MO2403-C-6200,506.4,0.0,0.0,0.0,11,511.2,519.4,1,506.4,0.0,0.0,0.0,0.0,0.0,55
2023-05-11 09:35:22,MO2403-C-6200,MO2403-C-6200,506.4,0.0,0.0,0.0,5,511.2,519.4,1,506.4,0.0,0.0,0.0,0.0,0.0,55
2023-05-11 09:35:25,MO2403-C-6200,MO2403-C-6200,506.4,0.0,0.0,0.0,13,510.6,519.4,1,506.4,0.0,0.0,0.0,0.0,0.0,55
2023-05-11 09:35:25,MO2403-C-6200,MO2403-C-6200,506.4,0.0,0.0,0.0,7,510.6,519.4,1,506.4,0.0,0.0,0.0,0.0,0.0,55
2023-05-11 09:35:26,MO2403-C-6200,MO2403-C-6200,506.4,0.0,0.0,0.0,1,510.6,519.4,1,506.4,0.0,0.0,0.0,0.0,0.0,55
2023-05-11 09:35:35,MO2403-C-6200,MO2403-C-6200,506.4,0.0,0.0,0.0,24,509.8,519.4,1,506.4,0.0,0.0,0.0,0.0,0.0,55
2023-05-11 09:35:36,MO2403-C-6200,MO2403-C-6200,506.4,0.0,0.0,0.0,6,509.8,519.4,1,506.4,0.0,0.0,0.0,0.0,0.0,55
2023-05-11 09:35:36,MO2403-C-6200,MO2403-C-6200,506.4,0.0,0.0,0.0,11,509.6,519.4,1,506.4,0.0,0.0,0.0,0.0,0.0,55
2023-05-11 09:35:37,MO2403-C-6200,MO2403-C-6200,506.4,0.0,0.0,0.0,5,509.6,519.4,1,506.4,0.0,0.0,0.0,0.0,0.0,55
2023-05-11 09:35:38,MO2403-C-6200,MO2403-C-6200,506.4,0.0,0.0,0.0,12,509.4,519.4,1,506.4,0.0,0.0,0.0,0.0,0.0,55
2023-05-11 09:35:38,MO2403-C-6200,MO2403-C-6200,506.4,0.0,0.0,0.0,6,509.2,519.4,1,506.4,0.0,0.0,0.0,0.0,0.0,55
2023-05-11 09:35:39,MO2403-C-6200,MO2403-C-6200,506.4,0.0,0.0,0.0,24,508.6,519.4,1,506.4,0.0,0.0,0.0,0.0,0.0,55
2023-05-11 09:35:39,MO2403-C-6200,MO2403-C-6200,506.4,0.0,0.0,0.0,6,508.6,519.4,1,506.4,0.0,0.0,0.0,0.0,0.0,55
2023-05-11 09:35:40,MO2403-C-6200,MO2403-C-6200,506.4,0.0,0.0,0.0,11,507.4,519.4,1,506.4,0.0,0.0,0.0,0.0,0.0,55
2023-05-11 09:35:40,MO2403-C-6200,MO2403-C-6200,506.4,0.0,0.0,0.0,5,507.4,519.4,1,506.4,0.0,0.0,0.0,0.0,0.0,55
2023-05-11 09:35:43,MO2403-C-6200,MO2403-C-6200,506.4,0.0,0.0,0.0,5,507.4,519.4,2,506.4,0.0,0.0,0.0,0.0,0.0,55
2023-05-11 09:35:44,MO2403-C-6200,MO2403-C-6200,506.4,0.0,0.0,0.0,5,507.4,514.4,1,506.4,0.0,0.0,0.0,0.0,0.0,55
2023-05-11 09:35:47,MO2403-C-6200,MO2403-C-6200,506.4,0.0,0.0,0.0,1,507.8,514.4,1,506.4,0.0,0.0,0.0,0.0,0.0,55
2023-05-11 09:35:49,MO2403-C-6200,MO2403-C-6200,506.4,0.0,0.0,0.0,1,507.8,514.8,21,506.4,0.0,0.0,0.0,0.0,0.0,55
2023-05-11 09:35:50,MO2403-C-6200,MO2403-C-6200,506.4,0.0,0.0,0.0,1,507.8,514.8,6,506.4,0.0,0.0,0.0,0.0,0.0,55
2023-05-11 09:35:50,MO2403-C-6200,MO2403-C-6200,506.4,0.0,0.0,0.0,1,507.8,515.0,21,506.4,0.0,0.0,0.0,0.0,0.0,55
2023-05-11 09:35:51,MO2403-C-6200,MO2403-C-6200,506.4,0.0,0.0,0.0,1,507.8,515.0,6,506.4,0.0,0.0,0.0,0.0,0.0,55
2023-05-11 09:35:51,MO2403-C-6200,MO2403-C-6200,506.4,0.0,0.0,0.0,1,507.8,515.2,18,506.4,0.0,0.0,0.0,0.0,0.0,55
2023-05-11 09:35:52,MO2403-C-6200,MO2403-C-6200,506.4,0.0,0.0,0.0,1,507.8,515.2,6,506.4,0.0,0.0,0.0,0.0,0.0,55
2023-05-11 09:35:52,MO2403-C-6200,MO2403-C-6200,506.4,0.0,0.0,0.0,1,507.8,515.6,33,506.4,0.0,0.0,0.0,0.0,0.0,55
2023-05-11 09:35:53,MO2403-C-6200,MO2403-C-6200,506.4,0.0,0.0,0.0,1,507.8,515.6,6,506.4,0.0,0.0,0.0,0.0,0.0,55
2023-05-11 09:35:53,MO2403-C-6200,MO2403-C-6200,506.4,0.0,0.0,0.0,1,507.8,515.8,22,506.4,0.0,0.0,0.0,0.0,0.0,55
2023-05-11 09:35:54,MO2403-C-6200,MO2403-C-6200,506.4,0.0,0.0,0.0,1,507.8,515.8,7,506.4,0.0,0.0,0.0,0.0,0.0,55
2023-05-11 09:35:54,MO2403-C-6200,MO2403-C-6200,506.4,0.0,0.0,0.0,1,507.8,515.8,1,506.4,0.0,0.0,0.0,0.0,0.0,55
2023-05-11 09:36:00,MO2403-C-6200,MO2403-C-6200,506.4,0.0,0.0,0.0,6,507.6,515.8,1,506.4,0.0,0.0,0.0,0.0,0.0,55
2023-05-11 09:36:03,MO2403-C-6200,MO2403-C-6200,506.4,0.0,0.0,0.0,1,509.0,515.8,1,506.4,0.0,0.0,0.0,0.0,0.0,55
2023-05-11 09:36:11,MO2403-C-6200,MO2403-C-6200,506.4,0.0,0.0,0.0,5,508.8,515.8,1,506.4,0.0,0.0,0.0,0.0,0.0,55
2023-05-11 09:36:18,MO2403-C-6200,MO2403-C-6200,506.4,0.0,0.0,0.0,1,508.4,515.8,1,506.4,0.0,0.0,0.0,0.0,0.0,55
2023-05-11 09:36:30,MO2403-C-6200,MO2403-C-6200,506.4,0.0,0.0,0.0,5,507.8,515.8,1,506.4,0.0,0.0,0.0,0.0,0.0,55
2023-05-11 09:36:31,MO2403-C-6200,MO2403-C-6200,506.4,0.0,0.0,0.0,6,507.6,515.8,1,506.4,0.0,0.0,0.0,0.0,0.0,55
2023-05-11 09:36:31,MO2403-C-6200,MO2403-C-6200,506.4,0.0,0.0,0.0,11,507.4,515.8,1,506.4,0.0,0.0,0.0,0.0,0.0,55
2023-05-11 09:36:32,MO2403-C-6200,MO2403-C-6200,506.4,0.0,0.0,0.0,5,507.4,515.8,1,506.4,0.0,0.0,0.0,0.0,0.0,55
2023-05-11 09:36:38,MO2403-C-6200,MO2403-C-6200,506.4,0.0,0.0,0.0,18,507.2,515.8,1,506.4,0.0,0.0,0.0,0.0,0.0,55
2023-05-11 09:36:38,MO2403-C-6200,MO2403-C-6200,506.4,0.0,0.0,0.0,12,507.2,515.8,1,506.4,0.0,0.0,0.0,0.0,0.0,55
2023-05-11 09:36:39,MO2403-C-6200,MO2403-C-6200,506.4,0.0,0.0,0.0,5,507.2,515.8,1,506.4,0.0,0.0,0.0,0.0,0.0,55
2023-05-11 09:36:45,MO2403-C-6200,MO2403-C-6200,506.4,0.0,0.0,0.0,18,506.6,515.8,1,506.4,0.0,0.0,0.0,0.0,0.0,55
2023-05-11 09:36:46,MO2403-C-6200,MO2403-C-6200,506.4,0.0,0.0,0.0,6,506.6,515.8,2,506.4,0.0,0.0,0.0,0.0,0.0,55
2023-05-11 09:36:46,MO2403-C-6200,MO2403-C-6200,506.4,0.0,0.0,0.0,29,505.8,511.0,1,506.4,0.0,0.0,0.0,0.0,0.0,55
2023-05-11 09:36:47,MO2403-C-6200,MO2403-C-6200,506.4,0.0,0.0,0.0,6,505.8,511.0,1,506.4,0.0,0.0,0.0,0.0,0.0,55
2023-05-11 09:36:47,MO2403-C-6200,MO2403-C-6200,506.4,0.0,0.0,0.0,6,505.2,511.0,1,506.4,0.0,0.0,0.0,0.0,0.0,55
2023-05-11 09:36:48,MO2403-C-6200,MO2403-C-6200,506.4,0.0,0.0,0.0,6,505.4,511.0,1,506.4,0.0,0.0,0.0,0.0,0.0,55
2023-05-11 09:36:54,MO2403-C-6200,MO2403-C-6200,506.4,0.0,0.0,0.0,6,505.4,511.4,6,506.4,0.0,0.0,0.0,0.0,0.0,55
2023-05-11 09:36:54,MO2403-C-6200,MO2403-C-6200,506.4,0.0,0.0,0.0,6,505.4,511.6,12,506.4,0.0,0.0,0.0,0.0,0.0,55
2023-05-11 09:36:55,MO2403-C-6200,MO2403-C-6200,506.4,0.0,0.0,0.0,7,504.8,511.8,6,506.4,0.0,0.0,0.0,0.0,0.0,55
2023-05-11 09:36:55,MO2403-C-6200,MO2403-C-6200,506.4,0.0,0.0,0.0,7,504.8,512.0,22,506.4,0.0,0.0,0.0,0.0,0.0,55
2023-05-11 09:36:56,MO2403-C-6200,MO2403-C-6200,506.4,0.0,0.0,0.0,7,504.8,512.0,7,506.4,0.0,0.0,0.0,0.0,0.0,55
2023-05-11 09:36:56,MO2403-C-6200,MO2403-C-6200,506.4,0.0,0.0,0.0,7,504.8,512.0,1,506.4,0.0,0.0,0.0,0.0,0.0,55
2023-05-11 09:36:58,MO2403-C-6200,MO2403-C-6200,506.4,0.0,0.0,0.0,6,504.8,512.0,1,506.4,0.0,0.0,0.0,0.0,0.0,55
2023-05-11 09:37:03,MO2403-C-6200,MO2403-C-6200,506.4,0.0,0.0,0.0,12,504.6,512.0,1,506.4,0.0,0.0,0.0,0.0,0.0,55
2023-05-11 09:37:04,MO2403-C-6200,MO2403-C-6200,506.4,0.0,0.0,0.0,17,504.4,512.0,1,506.4,0.0,0.0,0.0,0.0,0.0,55
2023-05-11 09:37:04,MO2403-C-6200,MO2403-C-6200,506.4,0.0,0.0,0.0,11,504.4,512.0,1,506.4,0.0,0.0,0.0,0.0,0.0,55
2023-05-11 09:37:05,MO2403-C-6200,MO2403-C-6200,506.4,0.0,0.0,0.0,5,504.4,512.0,1,506.4,0.0,0.0,0.0,0.0,0.0,55
2023-05-11 09:37:08,MO2403-C-6200,MO2403-C-6200,506.4,0.0,0.0,0.0,1,504.8,512.0,1,506.4,0.0,0.0,0.0,0.0,0.0,55
2023-05-11 09:37:09,MO2403-C-6200,MO2403-C-6200,506.4,0.0,0.0,0.0,1,504.8,512.2,21,506.4,0.0,0.0,0.0,0.0,0.0,55
2023-05-11 09:37:10,MO2403-C-6200,MO2403-C-6200,506.4,0.0,0.0,0.0,1,504.8,512.2,6,506.4,0.0,0.0,0.0,0.0,0.0,55
2023-05-11 09:37:10,MO2403-C-6200,MO2403-C-6200,506.4,0.0,0.0,0.0,1,504.8,512.4,33,506.4,0.0,0.0,0.0,0.0,0.0,55
2023-05-11 09:37:11,MO2403-C-6200,MO2403-C-6200,506.4,0.0,0.0,0.0,1,504.8,512.4,12,506.4,0.0,0.0,0.0,0.0,0.0,55
2023-05-11 09:37:11,MO2403-C-6200,MO2403-C-6200,506.4,0.0,0.0,0.0,1,504.8,512.6,33,506.4,0.0,0.0,0.0,0.0,0.0,55
2023-05-11 09:37:12,MO2403-C-6200,MO2403-C-6200,506.4,0.0,0.0,0.0,1,504.8,512.6,6,506.4,0.0,0.0,0.0,0.0,0.0,55
2023-05-11 09:37:12,MO2403-C-6200,MO2403-C-6200,506.4,0.0,0.0,0.0,1,504.8,512.8,33,506.4,0.0,0.0,0.0,0.0,0.0,55
2023-05-11 09:37:13,MO2403-C-6200,MO2403-C-6200,506.4,0.0,0.0,0.0,6,504.8,512.8,12,506.4,0.0,0.0,0.0,0.0,0.0,55
2023-05-11 09:37:13,MO2403-C-6200,MO2403-C-6200,506.4,0.0,0.0,0.0,1,508.2,513.0,21,506.4,0.0,0.0,0.0,0.0,0.0,55
2023-05-11 09:37:14,MO2403-C-6200,MO2403-C-6200,506.4,0.0,0.0,0.0,1,508.2,513.0,6,506.4,0.0,0.0,0.0,0.0,0.0,55
2023-05-11 09:37:14,MO2403-C-6200,MO2403-C-6200,506.4,0.0,0.0,0.0,1,508.2,513.2,21,506.4,0.0,0.0,0.0,0.0,0.0,55
2023-05-11 09:37:15,MO2403-C-6200,MO2403-C-6200,506.4,0.0,0.0,0.0,1,507.0,513.2,6,506.4,0.0,0.0,0.0,0.0,0.0,55
2023-05-11 09:37:15,MO2403-C-6200,MO2403-C-6200,506.4,0.0,0.0,0.0,1,507.0,513.4,21,506.4,0.0,0.0,0.0,0.0,0.0,55
2023-05-11 09:37:16,MO2403-C-6200,MO2403-C-6200,506.4,0.0,0.0,0.0,6,504.6,513.4,6,506.4,0.0,0.0,0.0,0.0,0.0,55
2023-05-11 09:37:16,MO2403-C-6200,MO2403-C-6200,506.4,0.0,0.0,0.0,6,504.8,512.2,1,506.4,0.0,0.0,0.0,0.0,0.0,55
2023-05-11 09:37:18,MO2403-C-6200,MO2403-C-6200,506.4,0.0,0.0,0.0,5,504.6,512.2,1,506.4,0.0,0.0,0.0,0.0,0.0,55
2023-05-11 09:37:25,MO2403-C-6200,MO2403-C-6200,506.4,0.0,0.0,0.0,6,504.4,512.2,1,506.4,0.0,0.0,0.0,0.0,0.0,55
2023-05-11 09:37:25,MO2403-C-6200,MO2403-C-6200,506.4,0.0,0.0,0.0,12,504.2,512.2,1,506.4,0.0,0.0,0.0,0.0,0.0,55
2023-05-11 09:37:26,MO2403-C-6200,MO2403-C-6200,506.4,0.0,0.0,0.0,18,504.0,512.2,1,506.4,0.0,0.0,0.0,0.0,0.0,55
2023-05-11 09:37:26,MO2403-C-6200,MO2403-C-6200,506.4,0.0,0.0,0.0,6,504.0,512.2,1,506.4,0.0,0.0,0.0,0.0,0.0,55
2023-05-11 09:37:27,MO2403-C-6200,MO2403-C-6200,506.4,0.0,0.0,0.0,6,503.8,512.2,1,506.4,0.0,0.0,0.0,0.0,0.0,55
2023-05-11 09:37:27,MO2403-C-6200,MO2403-C-6200,506.4,0.0,0.0,0.0,11,503.6,512.2,1,506.4,0.0,0.0,0.0,0.0,0.0,55
2023-05-11 09:37:28,MO2403-C-6200,MO2403-C-6200,506.4,0.0,0.0,0.0,5,503.6,512.2,1,506.4,0.0,0.0,0.0,0.0,0.0,55
2023-05-11 09:37:28,MO2403-C-6200,MO2403-C-6200,506.4,0.0,0.0,0.0,12,503.4,512.2,1,506.4,0.0,0.0,0.0,0.0,0.0,55
2023-05-11 09:37:29,MO2403-C-6200,MO2403-C-6200,506.4,0.0,0.0,0.0,6,503.2,512.2,1,506.4,0.0,0.0,0.0,0.0,0.0,55
2023-05-11 09:37:29,MO2403-C-6200,MO2403-C-6200,506.4,0.0,0.0,0.0,1,502.8,512.2,1,506.4,0.0,0.0,0.0,0.0,0.0,55
2023-05-11 09:37:30,MO2403-C-6200,MO2403-C-6200,506.4,0.0,0.0,0.0,1,503.0,512.2,1,506.4,0.0,0.0,0.0,0.0,0.0,55
2023-05-11 09:37:35,MO2403-C-6200,MO2403-C-6200,506.4,0.0,0.0,0.0,6,503.0,512.2,1,506.4,0.0,0.0,0.0,0.0,0.0,55
2023-05-11 09:37:39,MO2403-C-6200,MO2403-C-6200,506.4,0.0,0.0,0.0,5,503.0,512.2,1,506.4,0.0,0.0,0.0,0.0,0.0,55
2023-05-11 09:37:48,MO2403-C-6200,MO2403-C-6200,506.4,0.0,0.0,0.0,1,503.2,512.2,1,506.4,0.0,0.0,0.0,0.0,0.0,55
2023-05-11 09:38:15,MO2403-C-6200,MO2403-C-6200,506.4,0.0,0.0,0.0,2,503.2,512.2,1,506.4,0.0,0.0,0.0,0.0,0.0,55
2023-05-11 09:38:16,MO2403-C-6200,MO2403-C-6200,506.4,0.0,0.0,0.0,1,505.0,512.2,1,506.4,0.0,0.0,0.0,0.0,0.0,55
2023-05-11 09:38:30,MO2403-C-6200,MO2403-C-6200,506.4,0.0,0.0,0.0,1,505.0,512.4,21,506.4,0.0,0.0,0.0,0.0,0.0,55
2023-05-11 09:38:30,MO2403-C-6200,MO2403-C-6200,506.4,0.0,0.0,0.0,1,505.0,512.4,6,506.4,0.0,0.0,0.0,0.0,0.0,55
2023-05-11 09:38:31,MO2403-C-6200,MO2403-C-6200,506.4,0.0,0.0,0.0,1,505.0,512.6,33,506.4,0.0,0.0,0.0,0.0,0.0,55
2023-05-11 09:38:31,MO2403-C-6200,MO2403-C-6200,506.4,0.0,0.0,0.0,1,505.0,512.6,12,506.4,0.0,0.0,0.0,0.0,0.0,55
2023-05-11 09:38:32,MO2403-C-6200,MO2403-C-6200,506.4,0.0,0.0,0.0,1,505.0,512.8,39,506.4,0.0,0.0,0.0,0.0,0.0,55
2023-05-11 09:38:32,MO2403-C-6200,MO2403-C-6200,506.4,0.0,0.0,0.0,1,505.0,512.8,12,506.4,0.0,0.0,0.0,0.0,0.0,55
2023-05-11 09:38:33,MO2403-C-6200,MO2403-C-6200,506.4,0.0,0.0,0.0,1,505.0,513.0,34,506.4,0.0,0.0,0.0,0.0,0.0,55
2023-05-11 09:38:33,MO2403-C-6200,MO2403-C-6200,506.4,0.0,0.0,0.0,1,505.0,513.0,13,506.4,0.0,0.0,0.0,0.0,0.0,55
2023-05-11 09:38:34,MO2403-C-6200,MO2403-C-6200,506.4,0.0,0.0,0.0,1,505.0,513.0,7,506.4,0.0,0.0,0.0,0.0,0.0,55
2023-05-11 09:38:34,MO2403-C-6200,MO2403-C-6200,506.4,0.0,0.0,0.0,1,505.0,513.0,1,506.4,0.0,0.0,0.0,0.0,0.0,55
2023-05-11 09:38:41,MO2403-C-6200,MO2403-C-6200,506.4,0.0,0.0,0.0,6,504.8,513.0,1,506.4,0.0,0.0,0.0,0.0,0.0,55
2023-05-11 09:38:45,MO2403-C-6200,MO2403-C-6200,506.4,0.0,0.0,0.0,1,505.4,513.0,1,506.4,0.0,0.0,0.0,0.0,0.0,55
2023-05-11 09:38:49,MO2403-C-6200,MO2403-C-6200,506.4,0.0,0.0,0.0,6,504.8,513.0,1,506.4,0.0,0.0,0.0,0.0,0.0,55
2023-05-11 09:38:54,MO2403-C-6200,MO2403-C-6200,506.4,0.0,0.0,0.0,17,504.6,513.0,1,506.4,0.0,0.0,0.0,0.0,0.0,55
2023-05-11 09:38:54,MO2403-C-6200,MO2403-C-6200,506.4,0.0,0.0,0.0,11,504.6,513.0,1,506.4,0.0,0.0,0.0,0.0,0.0,55
2023-05-11 09:38:55,MO2403-C-6200,MO2403-C-6200,506.4,0.0,0.0,0.0,30,504.2,513.0,1,506.4,0.0,0.0,0.0,0.0,0.0,55
2023-05-11 09:38:56,MO2403-C-6200,MO2403-C-6200,506.4,0.0,0.0,0.0,6,504.2,513.0,1,506.4,0.0,0.0,0.0,0.0,0.0,55
2023-05-11 09:38:56,MO2403-C-6200,MO2403-C-6200,506.4,0.0,0.0,0.0,11,504.0,513.0,1,506.4,0.0,0.0,0.0,0.0,0.0,55
2023-05-11 09:38:57,MO2403-C-6200,MO2403-C-6200,506.4,0.0,0.0,0.0,5,504.0,513.0,1,506.4,0.0,0.0,0.0,0.0,0.0,55
2023-05-11 09:38:58,MO2403-C-6200,MO2403-C-6200,506.4,0.0,0.0,0.0,1,504.8,513.0,1,506.4,0.0,0.0,0.0,0.0,0.0,55
2023-05-11 09:39:03,MO2403-C-6200,MO2403-C-6200,506.4,0.0,0.0,0.0,6,504.8,513.0,1,506.4,0.0,0.0,0.0,0.0,0.0,55
2023-05-11 09:39:03,MO2403-C-6200,MO2403-C-6200,506.4,0.0,0.0,0.0,1,505.8,513.0,1,506.4,0.0,0.0,0.0,0.0,0.0,55
2023-05-11 09:39:11,MO2403-C-6200,MO2403-C-6200,506.4,0.0,0.0,0.0,6,505.0,513.0,1,506.4,0.0,0.0,0.0,0.0,0.0,55
2023-05-11 09:39:13,MO2403-C-6200,MO2403-C-6200,506.4,0.0,0.0,0.0,1,506.2,513.0,1,506.4,0.0,0.0,0.0,0.0,0.0,55
2023-05-11 09:39:16,MO2403-C-6200,MO2403-C-6200,506.4,0.0,0.0,0.0,1,505.0,513.0,1,506.4,0.0,0.0,0.0,0.0,0.0,55
2023-05-11 09:39:18,MO2403-C-6200,MO2403-C-6200,506.4,0.0,0.0,0.0,5,504.8,513.0,1,506.4,0.0,0.0,0.0,0.0,0.0,55
2023-05-11 09:39:24,MO2403-C-6200,MO2403-C-6200,506.4,0.0,0.0,0.0,1,505.2,513.0,1,506.4,0.0,0.0,0.0,0.0,0.0,55
2023-05-11 09:39:28,MO2403-C-6200,MO2403-C-6200,506.4,0.0,0.0,0.0,1,505.2,513.2,21,506.4,0.0,0.0,0.0,0.0,0.0,55
2023-05-11 09:39:28,MO2403-C-6200,MO2403-C-6200,506.4,0.0,0.0,0.0,1,505.2,513.2,6,506.4,0.0,0.0,0.0,0.0,0.0,55
2023-05-11 09:39:29,MO2403-C-6200,MO2403-C-6200,506.4,0.0,0.0,0.0,1,505.2,513.4,33,506.4,0.0,0.0,0.0,0.0,0.0,55
2023-05-11 09:39:29,MO2403-C-6200,MO2403-C-6200,506.4,0.0,0.0,0.0,1,505.2,513.4,12,506.4,0.0,0.0,0.0,0.0,0.0,55
2023-05-11 09:39:30,MO2403-C-6200,MO2403-C-6200,506.4,0.0,0.0,0.0,1,505.2,513.6,33,506.4,0.0,0.0,0.0,0.0,0.0,55
2023-05-11 09:39:30,MO2403-C-6200,MO2403-C-6200,506.4,0.0,0.0,0.0,1,505.2,513.6,6,506.4,0.0,0.0,0.0,0.0,0.0,55
2023-05-11 09:39:31,MO2403-C-6200,MO2403-C-6200,506.4,0.0,0.0,0.0,1,505.2,513.8,33,506.4,0.0,0.0,0.0,0.0,0.0,55
2023-05-11 09:39:31,MO2403-C-6200,MO2403-C-6200,506.4,0.0,0.0,0.0,1,505.2,513.8,12,506.4,0.0,0.0,0.0,0.0,0.0,55
2023-05-11 09:39:32,MO2403-C-6200,MO2403-C-6200,506.4,0.0,0.0,0.0,1,505.2,514.0,28,506.4,0.0,0.0,0.0,0.0,0.0,55
2023-05-11 09:39:32,MO2403-C-6200,MO2403-C-6200,506.4,0.0,0.0,0.0,1,505.2,514.0,7,506.4,0.0,0.0,0.0,0.0,0.0,55
2023-05-11 09:39:33,MO2403-C-6200,MO2403-C-6200,506.4,0.0,0.0,0.0,1,505.2,514.0,1,506.4,0.0,0.0,0.0,0.0,0.0,55
2023-05-11 09:39:47,MO2403-C-6200,MO2403-C-6200,506.4,0.0,0.0,0.0,7,505.2,514.0,1,506.4,0.0,0.0,0.0,0.0,0.0,55
2023-05-11 09:39:47,MO2403-C-6200,MO2403-C-6200,506.4,0.0,0.0,0.0,1,507.2,514.0,1,506.4,0.0,0.0,0.0,0.0,0.0,55
2023-05-11 09:40:02,MO2403-C-6200,MO2403-C-6200,506.4,0.0,0.0,0.0,6,507.2,514.2,15,506.4,0.0,0.0,0.0,0.0,0.0,55
2023-05-11 09:40:02,MO2403-C-6200,MO2403-C-6200,506.4,0.0,0.0,0.0,1,508.6,514.4,12,506.4,0.0,0.0,0.0,0.0,0.0,55
2023-05-11 09:40:03,MO2403-C-6200,MO2403-C-6200,506.4,0.0,0.0,0.0,1,508.6,514.6,33,506.4,0.0,0.0,0.0,0.0,0.0,55
2023-05-11 09:40:03,MO2403-C-6200,MO2403-C-6200,506.4,0.0,0.0,0.0,1,508.6,514.6,12,506.4,0.0,0.0,0.0,0.0,0.0,55
2023-05-11 09:40:04,MO2403-C-6200,MO2403-C-6200,506.4,0.0,0.0,0.0,1,508.6,514.8,6,506.4,0.0,0.0,0.0,0.0,0.0,55
2023-05-11 09:40:04,MO2403-C-6200,MO2403-C-6200,506.4,0.0,0.0,0.0,1,508.6,515.0,7,506.4,0.0,0.0,0.0,0.0,0.0,55
2023-05-11 09:40:05,MO2403-C-6200,MO2403-C-6200,506.4,0.0,0.0,0.0,1,508.6,515.0,1,506.4,0.0,0.0,0.0,0.0,0.0,55
2023-05-11 09:40:07,MO2403-C-6200,MO2403-C-6200,506.4,0.0,0.0,0.0,7,507.4,515.0,1,506.4,0.0,0.0,0.0,0.0,0.0,55
2023-05-11 09:40:08,MO2403-C-6200,MO2403-C-6200,506.4,0.0,0.0,0.0,1,508.4,515.0,1,506.4,0.0,0.0,0.0,0.0,0.0,55
2023-05-11 09:40:09,MO2403-C-6200,MO2403-C-6200,506.4,0.0,0.0,0.0,6,507.4,515.0,1,506.4,0.0,0.0,0.0,0.0,0.0,55
2023-05-11 09:40:13,MO2403-C-6200,MO2403-C-6200,506.4,0.0,0.0,0.0,16,507.2,515.0,1,506.4,0.0,0.0,0.0,0.0,0.0,55
2023-05-11 09:40:13,MO2403-C-6200,MO2403-C-6200,506.4,0.0,0.0,0.0,1,507.2,515.0,1,506.4,0.0,0.0,0.0,0.0,0.0,55
2023-05-11 09:40:15,MO2403-C-6200,MO2403-C-6200,506.4,0.0,0.0,0.0,6,507.2,515.0,1,506.4,0.0,0.0,0.0,0.0,0.0,55
2023-05-11 09:40:16,MO2403-C-6200,MO2403-C-6200,506.4,0.0,0.0,0.0,1,508.8,515.0,1,506.4,0.0,0.0,0.0,0.0,0.0,55
2023-05-11 09:40:18,MO2403-C-6200,MO2403-C-6200,506.4,0.0,0.0,0.0,1,508.8,515.2,12,506.4,0.0,0.0,0.0,0.0,0.0,55
2023-05-11 09:40:19,MO2403-C-6200,MO2403-C-6200,506.4,0.0,0.0,0.0,1,508.8,515.2,6,506.4,0.0,0.0,0.0,0.0,0.0,55
2023-05-11 09:40:19,MO2403-C-6200,MO2403-C-6200,506.4,0.0,0.0,0.0,1,508.8,515.6,52,506.4,0.0,0.0,0.0,0.0,0.0,55
2023-05-11 09:40:20,MO2403-C-6200,MO2403-C-6200,506.4,0.0,0.0,0.0,1,508.8,515.6,13,506.4,0.0,0.0,0.0,0.0,0.0,55
2023-05-11 09:40:20,MO2403-C-6200,MO2403-C-6200,506.4,0.0,0.0,0.0,1,508.8,515.6,7,506.4,0.0,0.0,0.0,0.0,0.0,55
2023-05-11 09:40:21,MO2403-C-6200,MO2403-C-6200,506.4,0.0,0.0,0.0,1,508.8,515.6,1,506.4,0.0,0.0,0.0,0.0,0.0,55
2023-05-11 09:40:23,MO2403-C-6200,MO2403-C-6200,506.4,0.0,0.0,0.0,1,508.8,515.8,21,506.4,0.0,0.0,0.0,0.0,0.0,55
2023-05-11 09:40:24,MO2403-C-6200,MO2403-C-6200,506.4,0.0,0.0,0.0,1,508.8,515.8,6,506.4,0.0,0.0,0.0,0.0,0.0,55
2023-05-11 09:40:24,MO2403-C-6200,MO2403-C-6200,506.4,0.0,0.0,0.0,1,508.8,516.0,33,506.4,0.0,0.0,0.0,0.0,0.0,55
2023-05-11 09:40:25,MO2403-C-6200,MO2403-C-6200,506.4,0.0,0.0,0.0,1,508.8,516.0,12,506.4,0.0,0.0,0.0,0.0,0.0,55
2023-05-11 09:40:25,MO2403-C-6200,MO2403-C-6200,506.4,0.0,0.0,0.0,1,508.8,516.2,21,506.4,0.0,0.0,0.0,0.0,0.0,55
2023-05-11 09:40:26,MO2403-C-6200,MO2403-C-6200,506.4,0.0,0.0,0.0,1,508.8,516.2,6,506.4,0.0,0.0,0.0,0.0,0.0,55
2023-05-11 09:40:26,MO2403-C-6200,MO2403-C-6200,506.4,0.0,0.0,0.0,1,508.8,516.4,22,506.4,0.0,0.0,0.0,0.0,0.0,55
2023-05-11 09:40:27,MO2403-C-6200,MO2403-C-6200,506.4,0.0,0.0,0.0,1,508.8,516.4,7,506.4,0.0,0.0,0.0,0.0,0.0,55
2023-05-11 09:40:27,MO2403-C-6200,MO2403-C-6200,506.4,0.0,0.0,0.0,1,508.8,516.4,1,506.4,0.0,0.0,0.0,0.0,0.0,55
2023-05-11 09:40:28,MO2403-C-6200,MO2403-C-6200,506.4,0.0,0.0,0.0,1,508.8,516.6,21,506.4,0.0,0.0,0.0,0.0,0.0,55
2023-05-11 09:40:28,MO2403-C-6200,MO2403-C-6200,506.4,0.0,0.0,0.0,1,508.8,516.6,6,506.4,0.0,0.0,0.0,0.0,0.0,55
2023-05-11 09:40:29,MO2403-C-6200,MO2403-C-6200,506.4,0.0,0.0,0.0,1,508.8,516.8,33,506.4,0.0,0.0,0.0,0.0,0.0,55
2023-05-11 09:40:29,MO2403-C-6200,MO2403-C-6200,506.4,0.0,0.0,0.0,1,508.8,516.8,12,506.4,0.0,0.0,0.0,0.0,0.0,55
2023-05-11 09:40:30,MO2403-C-6200,MO2403-C-6200,506.4,0.0,0.0,0.0,1,508.8,517.0,21,506.4,0.0,0.0,0.0,0.0,0.0,55
2023-05-11 09:40:30,MO2403-C-6200,MO2403-C-6200,506.4,0.0,0.0,0.0,1,508.8,517.0,6,506.4,0.0,0.0,0.0,0.0,0.0,55
2023-05-11 09:40:31,MO2403-C-6200,MO2403-C-6200,506.4,0.0,0.0,0.0,1,508.8,517.2,21,506.4,0.0,0.0,0.0,0.0,0.0,55
2023-05-11 09:40:31,MO2403-C-6200,MO2403-C-6200,506.4,0.0,0.0,0.0,1,508.8,517.2,6,506.4,0.0,0.0,0.0,0.0,0.0,55
2023-05-11 09:40:32,MO2403-C-6200,MO2403-C-6200,506.4,0.0,0.0,0.0,1,508.8,517.4,34,506.4,0.0,0.0,0.0,0.0,0.0,55
2023-05-11 09:40:32,MO2403-C-6200,MO2403-C-6200,506.4,0.0,0.0,0.0,1,508.8,517.4,13,506.4,0.0,0.0,0.0,0.0,0.0,55
2023-05-11 09:40:33,MO2403-C-6200,MO2403-C-6200,506.4,0.0,0.0,0.0,1,508.8,517.4,7,506.4,0.0,0.0,0.0,0.0,0.0,55
2023-05-11 09:40:33,MO2403-C-6200,MO2403-C-6200,506.4,0.0,0.0,0.0,1,508.8,517.4,1,506.4,0.0,0.0,0.0,0.0,0.0,55
2023-05-11 09:40:42,MO2403-C-6200,MO2403-C-6200,506.4,0.0,0.0,0.0,6,508.2,517.4,2,506.4,0.0,0.0,0.0,0.0,0.0,55
2023-05-11 09:40:43,MO2403-C-6200,MO2403-C-6200,506.4,0.0,0.0,0.0,18,508.0,514.8,1,506.4,0.0,0.0,0.0,0.0,0.0,55
2023-05-11 09:40:43,MO2403-C-6200,MO2403-C-6200,506.4,0.0,0.0,0.0,6,508.0,514.8,1,506.4,0.0,0.0,0.0,0.0,0.0,55
2023-05-11 09:40:44,MO2403-C-6200,MO2403-C-6200,506.4,0.0,0.0,0.0,18,507.8,514.8,1,506.4,0.0,0.0,0.0,0.0,0.0,55
2023-05-11 09:40:44,MO2403-C-6200,MO2403-C-6200,506.4,0.0,0.0,0.0,6,507.8,514.8,1,506.4,0.0,0.0,0.0,0.0,0.0,55
2023-05-11 09:40:45,MO2403-C-6200,MO2403-C-6200,506.4,0.0,0.0,0.0,1,507.6,514.8,1,506.4,0.0,0.0,0.0,0.0,0.0,55
2023-05-11 09:40:58,MO2403-C-6200,MO2403-C-6200,506.4,0.0,0.0,0.0,12,507.4,514.8,1,506.4,0.0,0.0,0.0,0.0,0.0,55
2023-05-11 09:40:58,MO2403-C-6200,MO2403-C-6200,506.4,0.0,0.0,0.0,6,507.4,514.8,1,506.4,0.0,0.0,0.0,0.0,0.0,55
2023-05-11 09:40:59,MO2403-C-6200,MO2403-C-6200,506.4,0.0,0.0,0.0,12,507.2,514.8,1,506.4,0.0,0.0,0.0,0.0,0.0,55
2023-05-11 09:40:59,MO2403-C-6200,MO2403-C-6200,506.4,0.0,0.0,0.0,18,507.0,514.8,1,506.4,0.0,0.0,0.0,0.0,0.0,55
2023-05-11 09:41:00,MO2403-C-6200,MO2403-C-6200,506.4,0.0,0.0,0.0,6,507.0,514.8,1,506.4,0.0,0.0,0.0,0.0,0.0,55
2023-05-11 09:41:00,MO2403-C-6200,MO2403-C-6200,506.4,0.0,0.0,0.0,1,507.4,514.8,1,506.4,0.0,0.0,0.0,0.0,0.0,55
2023-05-11 09:41:04,MO2403-C-6200,MO2403-C-6200,506.4,0.0,0.0,0.0,5,506.8,514.8,1,506.4,0.0,0.0,0.0,0.0,0.0,55
2023-05-11 09:41:07,MO2403-C-6200,MO2403-C-6200,506.4,0.0,0.0,0.0,12,506.6,514.8,1,506.4,0.0,0.0,0.0,0.0,0.0,55
2023-05-11 09:41:07,MO2403-C-6200,MO2403-C-6200,506.4,0.0,0.0,0.0,6,506.4,514.8,1,506.4,0.0,0.0,0.0,0.0,0.0,55
2023-05-11 09:41:08,MO2403-C-6200,MO2403-C-6200,506.4,0.0,0.0,0.0,30,505.8,514.8,1,506.4,0.0,0.0,0.0,0.0,0.0,55
2023-05-11 09:41:08,MO2403-C-6200,MO2403-C-6200,506.4,0.0,0.0,0.0,6,505.8,514.8,1,506.4,0.0,0.0,0.0,0.0,0.0,55
2023-05-11 09:41:09,MO2403-C-6200,MO2403-C-6200,506.4,0.0,0.0,0.0,12,505.6,514.8,1,506.4,0.0,0.0,0.0,0.0,0.0,55
2023-05-11 09:41:09,MO2403-C-6200,MO2403-C-6200,506.4,0.0,0.0,0.0,7,505.4,514.8,1,506.4,0.0,0.0,0.0,0.0,0.0,55
2023-05-11 09:41:10,MO2403-C-6200,MO2403-C-6200,506.4,0.0,0.0,0.0,1,505.4,514.8,1,506.4,0.0,0.0,0.0,0.0,0.0,55
2023-05-11 09:41:22,MO2403-C-6200,MO2403-C-6200,506.4,0.0,0.0,0.0,18,504.6,514.8,1,506.4,0.0,0.0,0.0,0.0,0.0,55
2023-05-11 09:41:31,MO2403-C-6200,MO2403-C-6200,506.4,0.0,0.0,0.0,23,504.6,514.8,1,506.4,0.0,0.0,0.0,0.0,0.0,55
2023-05-11 09:41:44,MO2403-C-6200,MO2403-C-6200,506.4,0.0,0.0,0.0,1,505.8,514.8,1,506.4,0.0,0.0,0.0,0.0,0.0,55
2023-05-11 09:42:04,MO2403-C-6200,MO2403-C-6200,506.4,0.0,0.0,0.0,6,505.8,514.8,1,506.4,0.0,0.0,0.0,0.0,0.0,55
2023-05-11 09:42:06,MO2403-C-6200,MO2403-C-6200,506.4,0.0,0.0,0.0,1,507.4,514.8,1,506.4,0.0,0.0,0.0,0.0,0.0,55
2023-05-11 09:42:12,MO2403-C-6200,MO2403-C-6200,506.4,0.0,0.0,0.0,1,507.4,515.2,12,506.4,0.0,0.0,0.0,0.0,0.0,55
2023-05-11 09:42:13,MO2403-C-6200,MO2403-C-6200,506.4,0.0,0.0,0.0,1,507.4,515.4,30,506.4,0.0,0.0,0.0,0.0,0.0,55
2023-05-11 09:42:13,MO2403-C-6200,MO2403-C-6200,506.4,0.0,0.0,0.0,7,507.4,515.4,6,506.4,0.0,0.0,0.0,0.0,0.0,55
2023-05-11 09:42:14,MO2403-C-6200,MO2403-C-6200,506.4,0.0,0.0,0.0,7,507.4,515.6,27,506.4,0.0,0.0,0.0,0.0,0.0,55
2023-05-11 09:42:14,MO2403-C-6200,MO2403-C-6200,506.4,0.0,0.0,0.0,7,507.4,515.6,6,506.4,0.0,0.0,0.0,0.0,0.0,55
2023-05-11 09:42:15,MO2403-C-6200,MO2403-C-6200,506.4,0.0,0.0,0.0,7,507.4,515.8,28,506.4,0.0,0.0,0.0,0.0,0.0,55
2023-05-11 09:42:15,MO2403-C-6200,MO2403-C-6200,506.4,0.0,0.0,0.0,7,507.4,515.8,7,506.4,0.0,0.0,0.0,0.0,0.0,55
2023-05-11 09:42:16,MO2403-C-6200,MO2403-C-6200,506.4,0.0,0.0,0.0,7,507.4,514.2,1,506.4,0.0,0.0,0.0,0.0,0.0,55
2023-05-11 09:42:16,MO2403-C-6200,MO2403-C-6200,506.4,0.0,0.0,0.0,6,507.4,514.2,1,506.4,0.0,0.0,0.0,0.0,0.0,55
2023-05-11 09:42:17,MO2403-C-6200,MO2403-C-6200,506.4,0.0,0.0,0.0,21,507.2,514.2,1,506.4,0.0,0.0,0.0,0.0,0.0,55
2023-05-11 09:42:18,MO2403-C-6200,MO2403-C-6200,506.4,0.0,0.0,0.0,6,507.2,514.2,1,506.4,0.0,0.0,0.0,0.0,0.0,55
2023-05-11 09:42:18,MO2403-C-6200,MO2403-C-6200,506.4,0.0,0.0,0.0,12,507.0,514.2,1,506.4,0.0,0.0,0.0,0.0,0.0,55
2023-05-11 09:42:19,MO2403-C-6200,MO2403-C-6200,506.4,0.0,0.0,0.0,6,506.8,514.2,1,506.4,0.0,0.0,0.0,0.0,0.0,55
2023-05-11 09:42:19,MO2403-C-6200,MO2403-C-6200,506.4,0.0,0.0,0.0,29,506.0,514.2,1,506.4,0.0,0.0,0.0,0.0,0.0,55
2023-05-11 09:42:20,MO2403-C-6200,MO2403-C-6200,506.4,0.0,0.0,0.0,11,506.0,514.2,1,506.4,0.0,0.0,0.0,0.0,0.0,55
2023-05-11 09:42:20,MO2403-C-6200,MO2403-C-6200,506.4,0.0,0.0,0.0,5,506.0,514.2,1,506.4,0.0,0.0,0.0,0.0,0.0,55
2023-05-11 09:42:21,MO2403-C-6200,MO2403-C-6200,506.4,0.0,0.0,0.0,1,507.2,514.2,1,506.4,0.0,0.0,0.0,0.0,0.0,55
2023-05-11 09:42:23,MO2403-C-6200,MO2403-C-6200,506.4,0.0,0.0,0.0,2,507.2,514.2,1,506.4,0.0,0.0,0.0,0.0,0.0,55
2023-05-11 09:42:24,MO2403-C-6200,MO2403-C-6200,506.4,0.0,0.0,0.0,2,507.2,515.0,12,506.4,0.0,0.0,0.0,0.0,0.0,55
2023-05-11 09:42:24,MO2403-C-6200,MO2403-C-6200,506.4,0.0,0.0,0.0,2,507.2,515.4,1,506.4,0.0,0.0,0.0,0.0,0.0,55
2023-05-11 09:42:25,MO2403-C-6200,MO2403-C-6200,506.4,0.0,0.0,0.0,8,507.2,515.4,1,506.4,0.0,0.0,0.0,0.0,0.0,55
2023-05-11 09:42:28,MO2403-C-6200,MO2403-C-6200,506.4,0.0,0.0,0.0,1,509.4,516.0,30,506.4,0.0,0.0,0.0,0.0,0.0,55
2023-05-11 09:42:29,MO2403-C-6200,MO2403-C-6200,506.4,0.0,0.0,0.0,1,509.4,516.0,18,506.4,0.0,0.0,0.0,0.0,0.0,55
2023-05-11 09:42:30,MO2403-C-6200,MO2403-C-6200,506.4,0.0,0.0,0.0,1,509.4,516.0,6,506.4,0.0,0.0,0.0,0.0,0.0,55
2023-05-11 09:42:30,MO2403-C-6200,MO2403-C-6200,506.4,0.0,0.0,0.0,1,509.4,516.2,21,506.4,0.0,0.0,0.0,0.0,0.0,55
2023-05-11 09:42:31,MO2403-C-6200,MO2403-C-6200,506.4,0.0,0.0,0.0,1,509.4,516.2,6,506.4,0.0,0.0,0.0,0.0,0.0,55
2023-05-11 09:42:31,MO2403-C-6200,MO2403-C-6200,506.4,0.0,0.0,0.0,1,509.4,516.4,39,506.4,0.0,0.0,0.0,0.0,0.0,55
2023-05-11 09:42:32,MO2403-C-6200,MO2403-C-6200,506.4,0.0,0.0,0.0,1,509.4,516.4,12,506.4,0.0,0.0,0.0,0.0,0.0,55
2023-05-11 09:42:32,MO2403-C-6200,MO2403-C-6200,506.4,0.0,0.0,0.0,1,509.4,516.6,22,506.4,0.0,0.0,0.0,0.0,0.0,55
2023-05-11 09:42:33,MO2403-C-6200,MO2403-C-6200,506.4,0.0,0.0,0.0,1,509.4,516.6,6,506.4,0.0,0.0,0.0,0.0,0.0,55
2023-05-11 09:42:33,MO2403-C-6200,MO2403-C-6200,506.4,0.0,0.0,0.0,1,509.4,516.8,39,506.4,0.0,0.0,0.0,0.0,0.0,55
2023-05-11 09:42:34,MO2403-C-6200,MO2403-C-6200,506.4,0.0,0.0,0.0,1,509.4,516.8,12,506.4,0.0,0.0,0.0,0.0,0.0,55
2023-05-11 09:42:34,MO2403-C-6200,MO2403-C-6200,506.4,0.0,0.0,0.0,1,509.4,517.0,21,506.4,0.0,0.0,0.0,0.0,0.0,55
2023-05-11 09:42:35,MO2403-C-6200,MO2403-C-6200,506.4,0.0,0.0,0.0,1,509.4,517.0,6,506.4,0.0,0.0,0.0,0.0,0.0,55
2023-05-11 09:42:35,MO2403-C-6200,MO2403-C-6200,506.4,0.0,0.0,0.0,7,509.4,517.4,7,506.4,0.0,0.0,0.0,0.0,0.0,55
2023-05-11 09:42:36,MO2403-C-6200,MO2403-C-6200,506.4,0.0,0.0,0.0,7,509.4,517.4,1,506.4,0.0,0.0,0.0,0.0,0.0,55
2023-05-11 09:42:38,MO2403-C-6200,MO2403-C-6200,506.4,0.0,0.0,0.0,1,509.4,517.4,1,506.4,0.0,0.0,0.0,0.0,0.0,55
2023-05-11 09:42:58,MO2403-C-6200,MO2403-C-6200,506.4,0.0,0.0,0.0,12,509.0,517.4,1,506.4,0.0,0.0,0.0,0.0,0.0,55
2023-05-11 09:42:59,MO2403-C-6200,MO2403-C-6200,506.4,0.0,0.0,0.0,6,508.8,517.4,1,506.4,0.0,0.0,0.0,0.0,0.0,55
2023-05-11 09:42:59,MO2403-C-6200,MO2403-C-6200,506.4,0.0,0.0,0.0,24,508.6,517.4,1,506.4,0.0,0.0,0.0,0.0,0.0,55
2023-05-11 09:43:00,MO2403-C-6200,MO2403-C-6200,506.4,0.0,0.0,0.0,6,508.6,517.4,1,506.4,0.0,0.0,0.0,0.0,0.0,55
2023-05-11 09:43:00,MO2403-C-6200,MO2403-C-6200,506.4,0.0,0.0,0.0,18,508.4,517.4,1,506.4,0.0,0.0,0.0,0.0,0.0,55
2023-05-11 09:43:01,MO2403-C-6200,MO2403-C-6200,506.4,0.0,0.0,0.0,12,508.4,517.4,1,506.4,0.0,0.0,0.0,0.0,0.0,55
2023-05-11 09:43:01,MO2403-C-6200,MO2403-C-6200,506.4,0.0,0.0,0.0,18,507.8,517.4,1,506.4,0.0,0.0,0.0,0.0,0.0,55
2023-05-11 09:43:02,MO2403-C-6200,MO2403-C-6200,506.4,0.0,0.0,0.0,6,507.8,517.4,1,506.4,0.0,0.0,0.0,0.0,0.0,55
2023-05-11 09:43:02,MO2403-C-6200,MO2403-C-6200,506.4,0.0,0.0,0.0,18,507.6,517.4,1,506.4,0.0,0.0,0.0,0.0,0.0,55
2023-05-11 09:43:03,MO2403-C-6200,MO2403-C-6200,506.4,0.0,0.0,0.0,6,507.6,517.4,1,506.4,0.0,0.0,0.0,0.0,0.0,55
2023-05-11 09:43:03,MO2403-C-6200,MO2403-C-6200,506.4,0.0,0.0,0.0,6,507.2,517.4,1,506.4,0.0,0.0,0.0,0.0,0.0,55
2023-05-11 09:43:07,MO2403-C-6200,MO2403-C-6200,506.4,0.0,0.0,0.0,7,507.2,517.4,1,506.4,0.0,0.0,0.0,0.0,0.0,55
2023-05-11 09:43:09,MO2403-C-6200,MO2403-C-6200,506.4,0.0,0.0,0.0,1,507.2,517.4,1,506.4,0.0,0.0,0.0,0.0,0.0,55
2023-05-11 09:43:11,MO2403-C-6200,MO2403-C-6200,506.4,0.0,0.0,0.0,7,507.2,517.4,1,506.4,0.0,0.0,0.0,0.0,0.0,55
2023-05-11 09:43:37,MO2403-C-6200,MO2403-C-6200,506.4,0.0,0.0,0.0,7,507.2,517.4,2,506.4,0.0,0.0,0.0,0.0,0.0,55
2023-05-11 09:43:38,MO2403-C-6200,MO2403-C-6200,506.4,0.0,0.0,0.0,7,507.2,514.8,1,506.4,0.0,0.0,0.0,0.0,0.0,55
2023-05-11 09:44:09,MO2403-C-6200,MO2403-C-6200,506.4,0.0,0.0,0.0,12,507.2,514.8,1,506.4,0.0,0.0,0.0,0.0,0.0,55
2023-05-11 09:44:24,MO2403-C-6200,MO2403-C-6200,506.4,0.0,0.0,0.0,7,507.2,514.8,1,506.4,0.0,0.0,0.0,0.0,0.0,55
2023-05-11 09:44:24,MO2403-C-6200,MO2403-C-6200,506.4,0.0,0.0,0.0,12,507.2,514.8,1,506.4,0.0,0.0,0.0,0.0,0.0,55
2023-05-11 09:44:29,MO2403-C-6200,MO2403-C-6200,506.4,0.0,0.0,0.0,7,507.2,514.8,1,506.4,0.0,0.0,0.0,0.0,0.0,55
2023-05-11 09:44:29,MO2403-C-6200,MO2403-C-6200,506.4,0.0,0.0,0.0,7,507.2,514.8,2,506.4,0.0,0.0,0.0,0.0,0.0,55
2023-05-11 09:44:30,MO2403-C-6200,MO2403-C-6200,506.4,0.0,0.0,0.0,1,507.2,514.8,2,506.4,0.0,0.0,0.0,0.0,0.0,55
2023-05-11 09:44:32,MO2403-C-6200,MO2403-C-6200,506.4,0.0,0.0,0.0,1,507.2,514.8,1,506.4,0.0,0.0,0.0,0.0,0.0,55
2023-05-11 09:44:55,MO2403-C-6200,MO2403-C-6200,506.4,0.0,0.0,0.0,18,506.6,514.8,1,506.4,0.0,0.0,0.0,0.0,0.0,55
2023-05-11 09:44:56,MO2403-C-6200,MO2403-C-6200,506.4,0.0,0.0,0.0,12,506.6,514.8,1,506.4,0.0,0.0,0.0,0.0,0.0,55
2023-05-11 09:44:56,MO2403-C-6200,MO2403-C-6200,506.4,0.0,0.0,0.0,6,506.6,514.8,1,506.4,0.0,0.0,0.0,0.0,0.0,55
2023-05-11 09:44:59,MO2403-C-6200,MO2403-C-6200,506.4,0.0,0.0,0.0,18,506.4,514.8,1,506.4,0.0,0.0,0.0,0.0,0.0,55
2023-05-11 09:44:59,MO2403-C-6200,MO2403-C-6200,506.4,0.0,0.0,0.0,6,506.4,514.8,1,506.4,0.0,0.0,0.0,0.0,0.0,55
2023-05-11 09:45:00,MO2403-C-6200,MO2403-C-6200,506.4,0.0,0.0,0.0,12,506.0,514.8,1,506.4,0.0,0.0,0.0,0.0,0.0,55
2023-05-11 09:45:00,MO2403-C-6200,MO2403-C-6200,506.4,0.0,0.0,0.0,6,505.8,514.8,1,506.4,0.0,0.0,0.0,0.0,0.0,55
2023-05-11 09:45:01,MO2403-C-6200,MO2403-C-6200,506.4,0.0,0.0,0.0,30,505.6,514.8,1,506.4,0.0,0.0,0.0,0.0,0.0,55
2023-05-11 09:45:01,MO2403-C-6200,MO2403-C-6200,506.4,0.0,0.0,0.0,6,505.6,514.8,1,506.4,0.0,0.0,0.0,0.0,0.0,55
2023-05-11 09:45:02,MO2403-C-6200,MO2403-C-6200,506.4,0.0,0.0,0.0,6,505.4,514.8,1,506.4,0.0,0.0,0.0,0.0,0.0,55
2023-05-11 09:45:02,MO2403-C-6200,MO2403-C-6200,506.4,0.0,0.0,0.0,48,504.6,514.8,1,506.4,0.0,0.0,0.0,0.0,0.0,55
2023-05-11 09:45:03,MO2403-C-6200,MO2403-C-6200,506.4,0.0,0.0,0.0,24,504.6,514.8,1,506.4,0.0,0.0,0.0,0.0,0.0,55
2023-05-11 09:45:03,MO2403-C-6200,MO2403-C-6200,506.4,0.0,0.0,0.0,18,504.6,514.8,1,506.4,0.0,0.0,0.0,0.0,0.0,55
2023-05-11 09:45:04,MO2403-C-6200,MO2403-C-6200,506.4,0.0,0.0,0.0,6,504.8,514.8,1,506.4,0.0,0.0,0.0,0.0,0.0,55
2023-05-11 09:45:06,MO2403-C-6200,MO2403-C-6200,506.4,0.0,0.0,0.0,18,504.6,514.8,1,506.4,0.0,0.0,0.0,0.0,0.0,55
2023-05-11 09:45:10,MO2403-C-6200,MO2403-C-6200,506.4,0.0,0.0,0.0,18,504.6,514.8,2,506.4,0.0,0.0,0.0,0.0,0.0,55
2023-05-11 09:45:11,MO2403-C-6200,MO2403-C-6200,506.4,0.0,0.0,0.0,18,504.6,511.2,1,506.4,0.0,0.0,0.0,0.0,0.0,55
2023-05-11 09:45:11,MO2403-C-6200,MO2403-C-6200,506.4,0.0,0.0,0.0,6,504.6,511.2,1,506.4,0.0,0.0,0.0,0.0,0.0,55
2023-05-11 09:45:12,MO2403-C-6200,MO2403-C-6200,506.4,0.0,0.0,0.0,6,503.6,511.2,1,506.4,0.0,0.0,0.0,0.0,0.0,55
2023-05-11 09:45:12,MO2403-C-6200,MO2403-C-6200,506.4,0.0,0.0,0.0,12,502.6,511.2,1,506.4,0.0,0.0,0.0,0.0,0.0,55
2023-05-11 09:45:13,MO2403-C-6200,MO2403-C-6200,506.4,0.0,0.0,0.0,18,502.4,511.2,1,506.4,0.0,0.0,0.0,0.0,0.0,55
2023-05-11 09:45:13,MO2403-C-6200,MO2403-C-6200,506.4,0.0,0.0,0.0,12,502.4,511.2,1,506.4,0.0,0.0,0.0,0.0,0.0,55
2023-05-11 09:45:14,MO2403-C-6200,MO2403-C-6200,506.4,0.0,0.0,0.0,31,502.2,511.2,1,506.4,0.0,0.0,0.0,0.0,0.0,55
2023-05-11 09:45:14,MO2403-C-6200,MO2403-C-6200,506.4,0.0,0.0,0.0,25,502.2,511.2,1,506.4,0.0,0.0,0.0,0.0,0.0,55
2023-05-11 09:45:15,MO2403-C-6200,MO2403-C-6200,506.4,0.0,0.0,0.0,19,502.2,511.2,1,506.4,0.0,0.0,0.0,0.0,0.0,55
2023-05-11 09:45:23,MO2403-C-6200,MO2403-C-6200,506.4,0.0,0.0,0.0,18,502.2,511.2,1,506.4,0.0,0.0,0.0,0.0,0.0,55
2023-05-11 09:45:33,MO2403-C-6200,MO2403-C-6200,506.4,0.0,0.0,0.0,19,502.2,511.2,1,506.4,0.0,0.0,0.0,0.0,0.0,55
2023-05-11 09:45:34,MO2403-C-6200,MO2403-C-6200,506.4,0.0,0.0,0.0,21,502.2,511.2,1,506.4,0.0,0.0,0.0,0.0,0.0,55
2023-05-11 09:45:37,MO2403-C-6200,MO2403-C-6200,506.4,0.0,0.0,0.0,19,502.2,511.2,1,506.4,0.0,0.0,0.0,0.0,0.0,55
2023-05-11 09:45:38,MO2403-C-6200,MO2403-C-6200,506.4,0.0,0.0,0.0,22,502.2,511.2,1,506.4,0.0,0.0,0.0,0.0,0.0,55
2023-05-11 09:45:39,MO2403-C-6200,MO2403-C-6200,506.4,0.0,0.0,0.0,20,502.2,511.2,1,506.4,0.0,0.0,0.0,0.0,0.0,55
2023-05-11 09:45:40,MO2403-C-6200,MO2403-C-6200,506.4,0.0,0.0,0.0,22,502.2,511.2,1,506.4,0.0,0.0,0.0,0.0,0.0,55
2023-05-11 09:45:41,MO2403-C-6200,MO2403-C-6200,506.4,0.0,0.0,0.0,20,502.2,511.2,1,506.4,0.0,0.0,0.0,0.0,0.0,55
2023-05-11 09:45:43,MO2403-C-6200,MO2403-C-6200,506.4,0.0,0.0,0.0,1,502.4,511.2,1,506.4,0.0,0.0,0.0,0.0,0.0,55
2023-05-11 09:45:49,MO2403-C-6200,MO2403-C-6200,506.4,0.0,0.0,0.0,18,502.2,511.2,1,506.4,0.0,0.0,0.0,0.0,0.0,55
2023-05-11 09:45:50,MO2403-C-6200,MO2403-C-6200,506.4,0.0,0.0,0.0,12,502.2,511.2,1,506.4,0.0,0.0,0.0,0.0,0.0,55
2023-05-11 09:45:50,MO2403-C-6200,MO2403-C-6200,506.4,0.0,0.0,0.0,6,502.2,511.2,1,506.4,0.0,0.0,0.0,0.0,0.0,55
2023-05-11 09:45:56,MO2403-C-6200,MO2403-C-6200,506.4,0.0,0.0,0.0,30,501.8,511.2,1,506.4,0.0,0.0,0.0,0.0,0.0,55
2023-05-11 09:45:56,MO2403-C-6200,MO2403-C-6200,506.4,0.0,0.0,0.0,18,501.8,511.2,1,506.4,0.0,0.0,0.0,0.0,0.0,55
2023-05-11 09:45:58,MO2403-C-6200,MO2403-C-6200,506.4,0.0,0.0,0.0,19,501.8,511.2,1,506.4,0.0,0.0,0.0,0.0,0.0,55
2023-05-11 09:46:00,MO2403-C-6200,MO2403-C-6200,506.4,0.0,0.0,0.0,18,501.8,511.2,1,506.4,0.0,0.0,0.0,0.0,0.0,55
2023-05-11 09:46:19,MO2403-C-6200,MO2403-C-6200,506.4,0.0,0.0,0.0,6,502.0,511.2,1,506.4,0.0,0.0,0.0,0.0,0.0,55
2023-05-11 09:46:21,MO2403-C-6200,MO2403-C-6200,506.4,0.0,0.0,0.0,12,502.0,511.2,1,506.4,0.0,0.0,0.0,0.0,0.0,55
2023-05-11 09:46:25,MO2403-C-6200,MO2403-C-6200,506.4,0.0,0.0,0.0,6,502.0,511.2,1,506.4,0.0,0.0,0.0,0.0,0.0,55
2023-05-11 09:46:43,MO2403-C-6200,MO2403-C-6200,506.4,0.0,0.0,0.0,12,502.0,511.2,1,506.4,0.0,0.0,0.0,0.0,0.0,55
2023-05-11 09:46:43,MO2403-C-6200,MO2403-C-6200,506.4,0.0,0.0,0.0,14,502.0,511.2,1,506.4,0.0,0.0,0.0,0.0,0.0,55
2023-05-11 09:46:44,MO2403-C-6200,MO2403-C-6200,506.4,0.0,0.0,0.0,12,502.0,511.2,1,506.4,0.0,0.0,0.0,0.0,0.0,55
2023-05-11 09:46:50,MO2403-C-6200,MO2403-C-6200,506.4,0.0,0.0,0.0,13,502.0,511.2,1,506.4,0.0,0.0,0.0,0.0,0.0,55
2023-05-11 09:46:51,MO2403-C-6200,MO2403-C-6200,506.4,0.0,0.0,0.0,12,502.0,511.2,1,506.4,0.0,0.0,0.0,0.0,0.0,55
2023-05-11 09:46:55,MO2403-C-6200,MO2403-C-6200,506.4,0.0,0.0,0.0,6,502.0,511.2,1,506.4,0.0,0.0,0.0,0.0,0.0,55
2023-05-11 09:47:02,MO2403-C-6200,MO2403-C-6200,506.4,0.0,0.0,0.0,6,502.2,511.2,1,506.4,0.0,0.0,0.0,0.0,0.0,55
2023-05-11 09:47:09,MO2403-C-6200,MO2403-C-6200,506.4,0.0,0.0,0.0,6,502.0,511.2,1,506.4,0.0,0.0,0.0,0.0,0.0,55
2023-05-11 09:47:10,MO2403-C-6200,MO2403-C-6200,506.4,0.0,0.0,0.0,24,501.8,511.2,1,506.4,0.0,0.0,0.0,0.0,0.0,55
2023-05-11 09:47:11,MO2403-C-6200,MO2403-C-6200,506.4,0.0,0.0,0.0,18,501.8,511.2,1,506.4,0.0,0.0,0.0,0.0,0.0,55
2023-05-11 09:47:33,MO2403-C-6200,MO2403-C-6200,506.4,0.0,0.0,0.0,24,501.8,511.2,1,506.4,0.0,0.0,0.0,0.0,0.0,55
2023-05-11 09:47:42,MO2403-C-6200,MO2403-C-6200,506.4,0.0,0.0,0.0,26,501.8,511.2,1,506.4,0.0,0.0,0.0,0.0,0.0,55
2023-05-11 09:47:43,MO2403-C-6200,MO2403-C-6200,506.4,0.0,0.0,0.0,24,501.8,511.2,1,506.4,0.0,0.0,0.0,0.0,0.0,55
2023-05-11 09:47:44,MO2403-C-6200,MO2403-C-6200,506.4,0.0,0.0,0.0,25,501.8,511.2,1,506.4,0.0,0.0,0.0,0.0,0.0,55
2023-05-11 09:47:54,MO2403-C-6200,MO2403-C-6200,506.4,0.0,0.0,0.0,1,502.0,511.2,1,506.4,0.0,0.0,0.0,0.0,0.0,55
2023-05-11 09:47:55,MO2403-C-6200,MO2403-C-6200,506.4,0.0,0.0,0.0,7,502.0,511.2,1,506.4,0.0,0.0,0.0,0.0,0.0,55
2023-05-11 09:48:04,MO2403-C-6200,MO2403-C-6200,506.4,0.0,0.0,0.0,1,502.2,511.2,1,506.4,0.0,0.0,0.0,0.0,0.0,55
2023-05-11 09:48:14,MO2403-C-6200,MO2403-C-6200,506.4,0.0,0.0,0.0,1,502.4,511.2,1,506.4,0.0,0.0,0.0,0.0,0.0,55
2023-05-11 09:48:21,MO2403-C-6200,MO2403-C-6200,506.4,0.0,0.0,0.0,7,502.4,511.2,1,506.4,0.0,0.0,0.0,0.0,0.0,55
2023-05-11 09:48:24,MO2403-C-6200,MO2403-C-6200,506.4,0.0,0.0,0.0,1,502.6,511.2,1,506.4,0.0,0.0,0.0,0.0,0.0,55
2023-05-11 09:48:34,MO2403-C-6200,MO2403-C-6200,506.4,0.0,0.0,0.0,1,502.8,511.2,1,506.4,0.0,0.0,0.0,0.0,0.0,55
2023-05-11 09:48:44,MO2403-C-6200,MO2403-C-6200,506.4,0.0,0.0,0.0,1,503.0,511.2,1,506.4,0.0,0.0,0.0,0.0,0.0,55
2023-05-11 09:48:54,MO2403-C-6200,MO2403-C-6200,506.4,0.0,0.0,0.0,1,503.2,511.2,1,506.4,0.0,0.0,0.0,0.0,0.0,55
2023-05-11 09:49:01,MO2403-C-6200,MO2403-C-6200,506.4,0.0,0.0,0.0,1,503.2,511.6,18,506.4,0.0,0.0,0.0,0.0,0.0,55
2023-05-11 09:49:01,MO2403-C-6200,MO2403-C-6200,506.4,0.0,0.0,0.0,7,503.2,511.6,6,506.4,0.0,0.0,0.0,0.0,0.0,55
2023-05-11 09:49:02,MO2403-C-6200,MO2403-C-6200,506.4,0.0,0.0,0.0,13,503.2,512.0,18,506.4,0.0,0.0,0.0,0.0,0.0,55
2023-05-11 09:49:02,MO2403-C-6200,MO2403-C-6200,506.4,0.0,0.0,0.0,6,503.4,512.0,6,506.4,0.0,0.0,0.0,0.0,0.0,55
2023-05-11 09:49:03,MO2403-C-6200,MO2403-C-6200,506.4,0.0,0.0,0.0,9,503.4,512.8,12,506.4,0.0,0.0,0.0,0.0,0.0,55
2023-05-11 09:49:03,MO2403-C-6200,MO2403-C-6200,506.4,0.0,0.0,0.0,9,503.4,513.0,12,506.4,0.0,0.0,0.0,0.0,0.0,55
2023-05-11 09:49:04,MO2403-C-6200,MO2403-C-6200,506.4,0.0,0.0,0.0,9,503.4,513.2,27,506.4,0.0,0.0,0.0,0.0,0.0,55
2023-05-11 09:49:04,MO2403-C-6200,MO2403-C-6200,506.4,0.0,0.0,0.0,9,503.4,513.2,6,506.4,0.0,0.0,0.0,0.0,0.0,55
2023-05-11 09:49:05,MO2403-C-6200,MO2403-C-6200,506.4,0.0,0.0,0.0,9,503.4,513.4,39,506.4,0.0,0.0,0.0,0.0,0.0,55
2023-05-11 09:49:05,MO2403-C-6200,MO2403-C-6200,506.4,0.0,0.0,0.0,9,503.4,513.4,12,506.4,0.0,0.0,0.0,0.0,0.0,55
2023-05-11 09:49:06,MO2403-C-6200,MO2403-C-6200,506.4,0.0,0.0,0.0,7,503.4,513.6,21,506.4,0.0,0.0,0.0,0.0,0.0,55
2023-05-11 09:49:06,MO2403-C-6200,MO2403-C-6200,506.4,0.0,0.0,0.0,7,503.4,513.6,6,506.4,0.0,0.0,0.0,0.0,0.0,55
2023-05-11 09:49:07,MO2403-C-6200,MO2403-C-6200,506.4,0.0,0.0,0.0,9,503.4,513.8,21,506.4,0.0,0.0,0.0,0.0,0.0,55
2023-05-11 09:49:07,MO2403-C-6200,MO2403-C-6200,506.4,0.0,0.0,0.0,9,503.4,513.8,6,506.4,0.0,0.0,0.0,0.0,0.0,55
2023-05-11 09:49:08,MO2403-C-6200,MO2403-C-6200,506.4,0.0,0.0,0.0,7,503.4,514.0,39,506.4,0.0,0.0,0.0,0.0,0.0,55
2023-05-11 09:49:08,MO2403-C-6200,MO2403-C-6200,506.4,0.0,0.0,0.0,6,503.4,514.0,24,506.4,0.0,0.0,0.0,0.0,0.0,55
2023-05-11 09:49:09,MO2403-C-6200,MO2403-C-6200,506.4,0.0,0.0,0.0,7,503.2,514.0,18,506.4,0.0,0.0,0.0,0.0,0.0,55
2023-05-11 09:49:09,MO2403-C-6200,MO2403-C-6200,506.4,0.0,0.0,0.0,6,503.2,514.0,18,506.4,0.0,0.0,0.0,0.0,0.0,55
2023-05-11 09:49:14,MO2403-C-6200,MO2403-C-6200,506.4,0.0,0.0,0.0,6,503.0,514.0,18,506.4,0.0,0.0,0.0,0.0,0.0,55
2023-05-11 09:49:15,MO2403-C-6200,MO2403-C-6200,506.4,0.0,0.0,0.0,18,502.8,514.0,18,506.4,0.0,0.0,0.0,0.0,0.0,55
2023-05-11 09:49:16,MO2403-C-6200,MO2403-C-6200,506.4,0.0,0.0,0.0,6,502.8,514.0,18,506.4,0.0,0.0,0.0,0.0,0.0,55
2023-05-11 09:49:16,MO2403-C-6200,MO2403-C-6200,506.4,0.0,0.0,0.0,13,502.6,514.0,18,506.4,0.0,0.0,0.0,0.0,0.0,55
2023-05-11 09:49:17,MO2403-C-6200,MO2403-C-6200,506.4,0.0,0.0,0.0,7,502.6,514.0,18,506.4,0.0,0.0,0.0,0.0,0.0,55
2023-05-11 09:49:17,MO2403-C-6200,MO2403-C-6200,506.4,0.0,0.0,0.0,1,502.6,514.0,18,506.4,0.0,0.0,0.0,0.0,0.0,55
2023-05-11 09:49:20,MO2403-C-6200,MO2403-C-6200,506.4,0.0,0.0,0.0,7,502.6,514.0,18,506.4,0.0,0.0,0.0,0.0,0.0,55
2023-05-11 09:49:26,MO2403-C-6200,MO2403-C-6200,506.4,0.0,0.0,0.0,8,502.6,514.0,20,506.4,0.0,0.0,0.0,0.0,0.0,55
2023-05-11 09:49:26,MO2403-C-6200,MO2403-C-6200,506.4,0.0,0.0,0.0,8,502.6,514.0,18,506.4,0.0,0.0,0.0,0.0,0.0,55
2023-05-11 09:49:36,MO2403-C-6200,MO2403-C-6200,506.4,0.0,0.0,0.0,1,502.8,514.0,18,506.4,0.0,0.0,0.0,0.0,0.0,55
2023-05-11 09:49:36,MO2403-C-6200,MO2403-C-6200,506.4,0.0,0.0,0.0,7,502.8,514.0,18,506.4,0.0,0.0,0.0,0.0,0.0,55
2023-05-11 09:49:46,MO2403-C-6200,MO2403-C-6200,506.4,0.0,0.0,0.0,1,503.0,514.0,18,506.4,0.0,0.0,0.0,0.0,0.0,55
2023-05-11 09:49:56,MO2403-C-6200,MO2403-C-6200,506.4,0.0,0.0,0.0,1,503.2,514.0,18,506.4,0.0,0.0,0.0,0.0,0.0,55
2023-05-11 09:50:05,MO2403-C-6200,MO2403-C-6200,506.4,0.0,0.0,0.0,6,503.4,514.0,18,506.4,0.0,0.0,0.0,0.0,0.0,55
2023-05-11 09:50:05,MO2403-C-6200,MO2403-C-6200,506.4,0.0,0.0,0.0,8,503.4,514.0,18,506.4,0.0,0.0,0.0,0.0,0.0,55
2023-05-11 09:50:10,MO2403-C-6200,MO2403-C-6200,506.4,0.0,0.0,0.0,6,503.4,514.0,18,506.4,0.0,0.0,0.0,0.0,0.0,55
2023-05-11 09:50:11,MO2403-C-6200,MO2403-C-6200,506.4,0.0,0.0,0.0,7,503.4,514.0,18,506.4,0.0,0.0,0.0,0.0,0.0,55
2023-05-11 09:50:11,MO2403-C-6200,MO2403-C-6200,506.4,0.0,0.0,0.0,9,503.4,514.0,18,506.4,0.0,0.0,0.0,0.0,0.0,55
2023-05-11 09:50:21,MO2403-C-6200,MO2403-C-6200,506.4,0.0,0.0,0.0,1,503.6,514.0,18,506.4,0.0,0.0,0.0,0.0,0.0,55
2023-05-11 09:50:31,MO2403-C-6200,MO2403-C-6200,506.4,0.0,0.0,0.0,1,503.8,514.0,18,506.4,0.0,0.0,0.0,0.0,0.0,55
2023-05-11 09:50:41,MO2403-C-6200,MO2403-C-6200,506.4,0.0,0.0,0.0,1,504.0,514.0,18,506.4,0.0,0.0,0.0,0.0,0.0,55
2023-05-11 09:50:44,MO2403-C-6200,MO2403-C-6200,506.4,0.0,0.0,0.0,7,504.0,514.0,18,506.4,0.0,0.0,0.0,0.0,0.0,55
2023-05-11 09:50:51,MO2403-C-6200,MO2403-C-6200,506.4,0.0,0.0,0.0,1,504.2,514.0,18,506.4,0.0,0.0,0.0,0.0,0.0,55
2023-05-11 09:50:51,MO2403-C-6200,MO2403-C-6200,506.4,0.0,0.0,0.0,7,504.2,514.0,18,506.4,0.0,0.0,0.0,0.0,0.0,55
2023-05-11 09:51:01,MO2403-C-6200,MO2403-C-6200,506.4,0.0,0.0,0.0,1,504.4,514.0,18,506.4,0.0,0.0,0.0,0.0,0.0,55
2023-05-11 09:51:11,MO2403-C-6200,MO2403-C-6200,506.4,0.0,0.0,0.0,1,504.6,514.0,18,506.4,0.0,0.0,0.0,0.0,0.0,55
2023-05-11 09:51:21,MO2403-C-6200,MO2403-C-6200,506.4,0.0,0.0,0.0,1,504.8,514.0,18,506.4,0.0,0.0,0.0,0.0,0.0,55
2023-05-11 09:51:31,MO2403-C-6200,MO2403-C-6200,506.4,0.0,0.0,0.0,1,505.0,514.0,18,506.4,0.0,0.0,0.0,0.0,0.0,55
2023-05-11 09:51:40,MO2403-C-6200,MO2403-C-6200,506.4,0.0,0.0,0.0,6,505.2,514.0,18,506.4,0.0,0.0,0.0,0.0,0.0,55
2023-05-11 09:51:42,MO2403-C-6200,MO2403-C-6200,506.4,0.0,0.0,0.0,12,505.2,514.0,18,506.4,0.0,0.0,0.0,0.0,0.0,55
2023-05-11 09:51:51,MO2403-C-6200,MO2403-C-6200,506.4,0.0,0.0,0.0,13,505.2,514.0,18,506.4,0.0,0.0,0.0,0.0,0.0,55
2023-05-11 09:52:01,MO2403-C-6200,MO2403-C-6200,506.4,0.0,0.0,0.0,1,505.4,514.0,18,506.4,0.0,0.0,0.0,0.0,0.0,55
2023-05-11 09:52:01,MO2403-C-6200,MO2403-C-6200,506.4,0.0,0.0,0.0,7,505.4,514.0,18,506.4,0.0,0.0,0.0,0.0,0.0,55
2023-05-11 09:52:11,MO2403-C-6200,MO2403-C-6200,506.4,0.0,0.0,0.0,1,505.6,514.0,18,506.4,0.0,0.0,0.0,0.0,0.0,55
2023-05-11 09:52:21,MO2403-C-6200,MO2403-C-6200,506.4,0.0,0.0,0.0,1,505.8,514.0,18,506.4,0.0,0.0,0.0,0.0,0.0,55
2023-05-11 09:52:31,MO2403-C-6200,MO2403-C-6200,506.4,0.0,0.0,0.0,1,506.0,514.0,18,506.4,0.0,0.0,0.0,0.0,0.0,55
2023-05-11 09:52:31,MO2403-C-6200,MO2403-C-6200,506.4,0.0,0.0,0.0,1,506.0,514.0,6,506.4,0.0,0.0,0.0,0.0,0.0,55
2023-05-11 09:52:32,MO2403-C-6200,MO2403-C-6200,506.4,0.0,0.0,0.0,1,506.0,514.2,21,506.4,0.0,0.0,0.0,0.0,0.0,55
2023-05-11 09:52:32,MO2403-C-6200,MO2403-C-6200,506.4,0.0,0.0,0.0,1,506.0,514.2,6,506.4,0.0,0.0,0.0,0.0,0.0,55
2023-05-11 09:52:33,MO2403-C-6200,MO2403-C-6200,506.4,0.0,0.0,0.0,1,506.0,514.4,21,506.4,0.0,0.0,0.0,0.0,0.0,55
2023-05-11 09:52:33,MO2403-C-6200,MO2403-C-6200,506.4,0.0,0.0,0.0,1,506.0,514.4,6,506.4,0.0,0.0,0.0,0.0,0.0,55
2023-05-11 09:52:34,MO2403-C-6200,MO2403-C-6200,506.4,0.0,0.0,0.0,1,506.0,514.6,34,506.4,0.0,0.0,0.0,0.0,0.0,55
2023-05-11 09:52:34,MO2403-C-6200,MO2403-C-6200,506.4,0.0,0.0,0.0,1,506.0,514.6,13,506.4,0.0,0.0,0.0,0.0,0.0,55
2023-05-11 09:52:35,MO2403-C-6200,MO2403-C-6200,506.4,0.0,0.0,0.0,1,506.0,514.6,7,506.4,0.0,0.0,0.0,0.0,0.0,55
2023-05-11 09:52:36,MO2403-C-6200,MO2403-C-6200,506.4,0.0,0.0,0.0,1,506.0,514.6,1,506.4,0.0,0.0,0.0,0.0,0.0,55
2023-05-11 09:52:38,MO2403-C-6200,MO2403-C-6200,506.4,0.0,0.0,0.0,6,505.4,514.6,1,506.4,0.0,0.0,0.0,0.0,0.0,55
2023-05-11 09:52:42,MO2403-C-6200,MO2403-C-6200,506.4,0.0,0.0,0.0,12,505.4,514.6,1,506.4,0.0,0.0,0.0,0.0,0.0,55
2023-05-11 09:52:43,MO2403-C-6200,MO2403-C-6200,506.4,0.0,0.0,0.0,13,505.4,514.6,1,506.4,0.0,0.0,0.0,0.0,0.0,55
2023-05-11 09:52:44,MO2403-C-6200,MO2403-C-6200,506.4,0.0,0.0,0.0,19,505.4,514.6,1,506.4,0.0,0.0,0.0,0.0,0.0,55
2023-05-11 09:52:53,MO2403-C-6200,MO2403-C-6200,506.4,0.0,0.0,0.0,13,505.4,514.6,1,506.4,0.0,0.0,0.0,0.0,0.0,55
2023-05-11 09:52:53,MO2403-C-6200,MO2403-C-6200,506.4,0.0,0.0,0.0,1,505.6,514.6,1,506.4,0.0,0.0,0.0,0.0,0.0,55
2023-05-11 09:53:03,MO2403-C-6200,MO2403-C-6200,506.4,0.0,0.0,0.0,1,505.8,514.6,1,506.4,0.0,0.0,0.0,0.0,0.0,55
2023-05-11 09:53:11,MO2403-C-6200,MO2403-C-6200,506.4,0.0,0.0,0.0,1,505.4,514.6,1,506.4,0.0,0.0,0.0,0.0,0.0,55
2023-05-11 09:53:13,MO2403-C-6200,MO2403-C-6200,506.4,0.0,0.0,0.0,6,505.2,514.6,1,506.4,0.0,0.0,0.0,0.0,0.0,55
2023-05-11 09:53:13,MO2403-C-6200,MO2403-C-6200,506.4,0.0,0.0,0.0,12,505.0,514.6,1,506.4,0.0,0.0,0.0,0.0,0.0,55
2023-05-11 09:53:14,MO2403-C-6200,MO2403-C-6200,506.4,0.0,0.0,0.0,19,504.8,514.6,1,506.4,0.0,0.0,0.0,0.0,0.0,55
2023-05-11 09:53:14,MO2403-C-6200,MO2403-C-6200,506.4,0.0,0.0,0.0,1,504.8,514.6,1,506.4,0.0,0.0,0.0,0.0,0.0,55
2023-05-11 09:53:18,MO2403-C-6200,MO2403-C-6200,506.4,0.0,0.0,0.0,6,504.6,514.6,1,506.4,0.0,0.0,0.0,0.0,0.0,55
2023-05-11 09:53:45,MO2403-C-6200,MO2403-C-6200,506.4,0.0,0.0,0.0,6,504.6,514.6,2,506.4,0.0,0.0,0.0,0.0,0.0,55
2023-05-11 09:53:46,MO2403-C-6200,MO2403-C-6200,506.4,0.0,0.0,0.0,6,504.6,514.6,1,506.4,0.0,0.0,0.0,0.0,0.0,55
2023-05-11 09:53:54,MO2403-C-6200,MO2403-C-6200,506.4,0.0,0.0,0.0,12,504.6,514.6,1,506.4,0.0,0.0,0.0,0.0,0.0,55
2023-05-11 09:53:59,MO2403-C-6200,MO2403-C-6200,506.4,0.0,0.0,0.0,13,504.6,514.6,1,506.4,0.0,0.0,0.0,0.0,0.0,55
2023-05-11 09:53:59,MO2403-C-6200,MO2403-C-6200,506.4,0.0,0.0,0.0,6,504.6,514.6,1,506.4,0.0,0.0,0.0,0.0,0.0,55
2023-05-11 09:54:02,MO2403-C-6200,MO2403-C-6200,506.4,0.0,0.0,0.0,12,504.6,514.6,1,506.4,0.0,0.0,0.0,0.0,0.0,55
2023-05-11 09:54:11,MO2403-C-6200,MO2403-C-6200,506.4,0.0,0.0,0.0,6,504.6,514.6,1,506.4,0.0,0.0,0.0,0.0,0.0,55
2023-05-11 09:54:34,MO2403-C-6200,MO2403-C-6200,506.4,0.0,0.0,0.0,7,504.6,514.6,1,506.4,0.0,0.0,0.0,0.0,0.0,55
2023-05-11 09:54:39,MO2403-C-6200,MO2403-C-6200,506.4,0.0,0.0,0.0,13,504.6,514.6,1,506.4,0.0,0.0,0.0,0.0,0.0,55
2023-05-11 09:54:44,MO2403-C-6200,MO2403-C-6200,506.4,0.0,0.0,0.0,1,504.8,514.6,1,506.4,0.0,0.0,0.0,0.0,0.0,55
2023-05-11 09:54:54,MO2403-C-6200,MO2403-C-6200,506.4,0.0,0.0,0.0,12,504.6,514.6,1,506.4,0.0,0.0,0.0,0.0,0.0,55
2023-05-11 09:55:01,MO2403-C-6200,MO2403-C-6200,506.4,0.0,0.0,0.0,12,504.6,514.4,1,506.4,0.0,0.0,0.0,0.0,0.0,55
2023-05-11 09:55:03,MO2403-C-6200,MO2403-C-6200,506.4,0.0,0.0,0.0,6,504.4,514.4,1,506.4,0.0,0.0,0.0,0.0,0.0,55
2023-05-11 09:55:03,MO2403-C-6200,MO2403-C-6200,506.4,0.0,0.0,0.0,12,504.2,514.4,1,506.4,0.0,0.0,0.0,0.0,0.0,55
2023-05-11 09:55:04,MO2403-C-6200,MO2403-C-6200,506.4,0.0,0.0,0.0,18,504.0,513.8,6,506.4,0.0,0.0,0.0,0.0,0.0,55
2023-05-11 09:55:04,MO2403-C-6200,MO2403-C-6200,506.4,0.0,0.0,0.0,12,503.8,513.8,6,506.4,0.0,0.0,0.0,0.0,0.0,55
2023-05-11 09:55:05,MO2403-C-6200,MO2403-C-6200,506.4,0.0,0.0,0.0,12,503.6,513.8,6,506.4,0.0,0.0,0.0,0.0,0.0,55
2023-05-11 09:55:05,MO2403-C-6200,MO2403-C-6200,506.4,0.0,0.0,0.0,18,503.2,513.8,6,506.4,0.0,0.0,0.0,0.0,0.0,55
2023-05-11 09:55:06,MO2403-C-6200,MO2403-C-6200,506.4,0.0,0.0,0.0,12,503.2,513.8,6,506.4,0.0,0.0,0.0,0.0,0.0,55
2023-05-11 09:55:06,MO2403-C-6200,MO2403-C-6200,506.4,0.0,0.0,0.0,6,503.2,513.8,6,506.4,0.0,0.0,0.0,0.0,0.0,55
2023-05-11 09:55:12,MO2403-C-6200,MO2403-C-6200,506.4,0.0,0.0,0.0,12,502.8,513.8,6,506.4,0.0,0.0,0.0,0.0,0.0,55
2023-05-11 09:55:12,MO2403-C-6200,MO2403-C-6200,506.4,0.0,0.0,0.0,24,502.6,513.8,6,506.4,0.0,0.0,0.0,0.0,0.0,55
2023-05-11 09:55:13,MO2403-C-6200,MO2403-C-6200,506.4,0.0,0.0,0.0,13,502.6,513.8,6,506.4,0.0,0.0,0.0,0.0,0.0,55
2023-05-11 09:55:14,MO2403-C-6200,MO2403-C-6200,506.4,0.0,0.0,0.0,13,502.6,514.0,27,506.4,0.0,0.0,0.0,0.0,0.0,55
2023-05-11 09:55:15,MO2403-C-6200,MO2403-C-6200,506.4,0.0,0.0,0.0,13,502.6,514.0,6,506.4,0.0,0.0,0.0,0.0,0.0,55
2023-05-11 09:55:15,MO2403-C-6200,MO2403-C-6200,506.4,0.0,0.0,0.0,13,502.6,514.2,21,506.4,0.0,0.0,0.0,0.0,0.0,55
2023-05-11 09:55:16,MO2403-C-6200,MO2403-C-6200,506.4,0.0,0.0,0.0,13,502.6,514.2,6,506.4,0.0,0.0,0.0,0.0,0.0,55
2023-05-11 09:55:16,MO2403-C-6200,MO2403-C-6200,506.4,0.0,0.0,0.0,13,502.6,514.4,34,506.4,0.0,0.0,0.0,0.0,0.0,55
2023-05-11 09:55:17,MO2403-C-6200,MO2403-C-6200,506.4,0.0,0.0,0.0,13,502.6,514.4,13,506.4,0.0,0.0,0.0,0.0,0.0,55
2023-05-11 09:55:17,MO2403-C-6200,MO2403-C-6200,506.4,0.0,0.0,0.0,13,502.6,514.4,7,506.4,0.0,0.0,0.0,0.0,0.0,55
2023-05-11 09:55:18,MO2403-C-6200,MO2403-C-6200,506.4,0.0,0.0,0.0,13,502.6,514.4,1,506.4,0.0,0.0,0.0,0.0,0.0,55
2023-05-11 09:55:23,MO2403-C-6200,MO2403-C-6200,506.4,0.0,0.0,0.0,1,502.8,514.4,1,506.4,0.0,0.0,0.0,0.0,0.0,55
2023-05-11 09:55:30,MO2403-C-6200,MO2403-C-6200,506.4,0.0,0.0,0.0,7,502.8,514.4,1,506.4,0.0,0.0,0.0,0.0,0.0,55
2023-05-11 09:55:33,MO2403-C-6200,MO2403-C-6200,506.4,0.0,0.0,0.0,1,503.0,514.4,1,506.4,0.0,0.0,0.0,0.0,0.0,55
2023-05-11 09:55:41,MO2403-C-6200,MO2403-C-6200,506.4,0.0,0.0,0.0,1,503.0,514.0,6,506.4,0.0,0.0,0.0,0.0,0.0,55
2023-05-11 09:55:43,MO2403-C-6200,MO2403-C-6200,506.4,0.0,0.0,0.0,1,503.2,514.0,6,506.4,0.0,0.0,0.0,0.0,0.0,55
2023-05-11 09:55:56,MO2403-C-6200,MO2403-C-6200,506.4,0.0,0.0,0.0,1,503.4,514.0,6,506.4,0.0,0.0,0.0,0.0,0.0,55
2023-05-11 09:56:01,MO2403-C-6200,MO2403-C-6200,506.4,0.0,0.0,0.0,13,502.6,514.0,6,506.4,0.0,0.0,0.0,0.0,0.0,55
2023-05-11 09:56:11,MO2403-C-6200,MO2403-C-6200,506.4,0.0,0.0,0.0,1,502.8,514.0,6,506.4,0.0,0.0,0.0,0.0,0.0,55
2023-05-11 09:56:16,MO2403-C-6200,MO2403-C-6200,506.4,0.0,0.0,0.0,1,502.8,510.2,1,506.4,0.0,0.0,0.0,0.0,0.0,55
2023-05-11 09:56:16,MO2403-C-6200,MO2403-C-6200,506.4,0.0,0.0,0.0,1,502.8,510.2,7,506.4,0.0,0.0,0.0,0.0,0.0,55
2023-05-11 09:56:17,MO2403-C-6200,MO2403-C-6200,506.4,0.0,0.0,0.0,6,502.4,510.2,7,506.4,0.0,0.0,0.0,0.0,0.0,55
2023-05-11 09:56:18,MO2403-C-6200,MO2403-C-6200,506.4,0.0,0.0,0.0,31,502.0,510.2,7,506.4,0.0,0.0,0.0,0.0,0.0,55
2023-05-11 09:56:18,MO2403-C-6200,MO2403-C-6200,506.4,0.0,0.0,0.0,7,502.0,510.2,7,506.4,0.0,0.0,0.0,0.0,0.0,55
2023-05-11 09:56:19,MO2403-C-6200,MO2403-C-6200,506.4,0.0,0.0,0.0,1,502.0,510.2,7,506.4,0.0,0.0,0.0,0.0,0.0,55
2023-05-11 09:56:27,MO2403-C-6200,MO2403-C-6200,506.4,0.0,0.0,0.0,1,502.2,510.2,1,506.4,0.0,0.0,0.0,0.0,0.0,55
2023-05-11 09:56:37,MO2403-C-6200,MO2403-C-6200,506.4,0.0,0.0,0.0,1,502.4,510.2,1,506.4,0.0,0.0,0.0,0.0,0.0,55
2023-05-11 09:56:46,MO2403-C-6200,MO2403-C-6200,506.4,0.0,0.0,0.0,7,501.8,510.2,1,506.4,0.0,0.0,0.0,0.0,0.0,55
2023-05-11 09:56:56,MO2403-C-6200,MO2403-C-6200,506.4,0.0,0.0,0.0,1,502.0,510.2,1,506.4,0.0,0.0,0.0,0.0,0.0,55
2023-05-11 09:57:06,MO2403-C-6200,MO2403-C-6200,506.4,0.0,0.0,0.0,1,502.2,510.2,1,506.4,0.0,0.0,0.0,0.0,0.0,55
2023-05-11 09:57:16,MO2403-C-6200,MO2403-C-6200,506.4,0.0,0.0,0.0,1,502.4,510.2,1,506.4,0.0,0.0,0.0,0.0,0.0,55
2023-05-11 09:57:16,MO2403-C-6200,MO2403-C-6200,506.4,0.0,0.0,0.0,7,502.4,510.2,1,506.4,0.0,0.0,0.0,0.0,0.0,55
2023-05-11 09:57:26,MO2403-C-6200,MO2403-C-6200,506.4,0.0,0.0,0.0,1,502.6,510.2,1,506.4,0.0,0.0,0.0,0.0,0.0,55
2023-05-11 09:57:36,MO2403-C-6200,MO2403-C-6200,506.4,0.0,0.0,0.0,1,502.8,510.2,1,506.4,0.0,0.0,0.0,0.0,0.0,55
2023-05-11 09:57:37,MO2403-C-6200,MO2403-C-6200,506.4,0.0,0.0,0.0,6,502.4,510.2,1,506.4,0.0,0.0,0.0,0.0,0.0,55
2023-05-11 09:57:57,MO2403-C-6200,MO2403-C-6200,506.4,0.0,0.0,0.0,13,501.8,510.2,1,506.4,0.0,0.0,0.0,0.0,0.0,55
2023-05-11 09:57:58,MO2403-C-6200,MO2403-C-6200,506.4,0.0,0.0,0.0,7,501.8,510.2,1,506.4,0.0,0.0,0.0,0.0,0.0,55
2023-05-11 09:58:05,MO2403-C-6200,MO2403-C-6200,506.4,0.0,0.0,0.0,1,502.0,510.2,1,506.4,0.0,0.0,0.0,0.0,0.0,55
2023-05-11 09:58:15,MO2403-C-6200,MO2403-C-6200,506.4,0.0,0.0,0.0,1,502.2,510.2,1,506.4,0.0,0.0,0.0,0.0,0.0,55
2023-05-11 09:58:25,MO2403-C-6200,MO2403-C-6200,506.4,0.0,0.0,0.0,1,502.4,510.2,1,506.4,0.0,0.0,0.0,0.0,0.0,55
2023-05-11 09:58:34,MO2403-C-6200,MO2403-C-6200,506.4,0.0,0.0,0.0,7,502.4,510.2,1,506.4,0.0,0.0,0.0,0.0,0.0,55
2023-05-11 09:58:35,MO2403-C-6200,MO2403-C-6200,506.4,0.0,0.0,0.0,1,502.6,510.2,1,506.4,0.0,0.0,0.0,0.0,0.0,55
2023-05-11 09:58:45,MO2403-C-6200,MO2403-C-6200,506.4,0.0,0.0,0.0,1,502.8,510.2,1,506.4,0.0,0.0,0.0,0.0,0.0,55
2023-05-11 09:58:55,MO2403-C-6200,MO2403-C-6200,506.4,0.0,0.0,0.0,1,503.0,510.2,1,506.4,0.0,0.0,0.0,0.0,0.0,55
2023-05-11 09:59:07,MO2403-C-6200,MO2403-C-6200,506.4,0.0,0.0,0.0,7,502.4,510.2,1,506.4,0.0,0.0,0.0,0.0,0.0,55
2023-05-11 09:59:17,MO2403-C-6200,MO2403-C-6200,506.4,0.0,0.0,0.0,1,502.4,510.2,1,506.4,0.0,0.0,0.0,0.0,0.0,55
2023-05-11 09:59:17,MO2403-C-6200,MO2403-C-6200,506.4,0.0,0.0,0.0,1,502.6,510.2,1,506.4,0.0,0.0,0.0,0.0,0.0,55
2023-05-11 09:59:27,MO2403-C-6200,MO2403-C-6200,506.4,0.0,0.0,0.0,1,502.8,510.2,1,506.4,0.0,0.0,0.0,0.0,0.0,55
2023-05-11 09:59:33,MO2403-C-6200,MO2403-C-6200,506.4,0.0,0.0,0.0,7,502.8,510.2,1,506.4,0.0,0.0,0.0,0.0,0.0,55
2023-05-11 09:59:37,MO2403-C-6200,MO2403-C-6200,506.4,0.0,0.0,0.0,1,503.0,510.2,1,506.4,0.0,0.0,0.0,0.0,0.0,55
2023-05-11 09:59:47,MO2403-C-6200,MO2403-C-6200,506.4,0.0,0.0,0.0,1,503.2,510.2,1,506.4,0.0,0.0,0.0,0.0,0.0,55
2023-05-11 09:59:57,MO2403-C-6200,MO2403-C-6200,506.4,0.0,0.0,0.0,1,503.4,510.2,1,506.4,0.0,0.0,0.0,0.0,0.0,55
2023-05-11 10:00:03,MO2403-C-6200,MO2403-C-6200,506.4,0.0,0.0,0.0,7,503.4,510.2,1,506.4,0.0,0.0,0.0,0.0,0.0,55
2023-05-11 10:00:07,MO2403-C-6200,MO2403-C-6200,506.4,0.0,0.0,0.0,1,503.6,510.2,1,506.4,0.0,0.0,0.0,0.0,0.0,55
2023-05-11 10:00:09,MO2403-C-6200,MO2403-C-6200,506.4,0.0,0.0,0.0,6,501.8,510.2,1,506.4,0.0,0.0,0.0,0.0,0.0,55
2023-05-11 10:00:10,MO2403-C-6200,MO2403-C-6200,506.4,0.0,0.0,0.0,6,502.2,510.2,1,506.4,0.0,0.0,0.0,0.0,0.0,55
2023-05-11 10:00:14,MO2403-C-6200,MO2403-C-6200,506.4,0.0,0.0,0.0,6,502.2,510.0,1,506.4,0.0,0.0,0.0,0.0,0.0,55
2023-05-11 10:00:26,MO2403-C-6200,MO2403-C-6200,506.4,0.0,0.0,0.0,6,502.4,510.0,1,506.4,0.0,0.0,0.0,0.0,0.0,55
2023-05-11 10:00:29,MO2403-C-6200,MO2403-C-6200,506.4,0.0,0.0,0.0,6,502.4,510.2,16,506.4,0.0,0.0,0.0,0.0,0.0,55
2023-05-11 10:00:30,MO2403-C-6200,MO2403-C-6200,506.4,0.0,0.0,0.0,6,502.4,510.2,1,506.4,0.0,0.0,0.0,0.0,0.0,55
2023-05-11 10:00:40,MO2403-C-6200,MO2403-C-6200,506.4,0.0,0.0,0.0,7,502.4,510.2,1,506.4,0.0,0.0,0.0,0.0,0.0,55
2023-05-11 10:00:45,MO2403-C-6200,MO2403-C-6200,506.4,0.0,0.0,0.0,13,502.4,510.2,1,506.4,0.0,0.0,0.0,0.0,0.0,55
2023-05-11 10:00:47,MO2403-C-6200,MO2403-C-6200,506.4,0.0,0.0,0.0,13,502.4,510.4,21,506.4,0.0,0.0,0.0,0.0,0.0,55
2023-05-11 10:00:48,MO2403-C-6200,MO2403-C-6200,506.4,0.0,0.0,0.0,13,502.4,510.4,6,506.4,0.0,0.0,0.0,0.0,0.0,55
2023-05-11 10:00:48,MO2403-C-6200,MO2403-C-6200,506.4,0.0,0.0,0.0,13,502.4,510.6,39,506.4,0.0,0.0,0.0,0.0,0.0,55
2023-05-11 10:00:49,MO2403-C-6200,MO2403-C-6200,506.4,0.0,0.0,0.0,13,502.4,510.6,6,506.4,0.0,0.0,0.0,0.0,0.0,55
2023-05-11 10:00:49,MO2403-C-6200,MO2403-C-6200,506.4,0.0,0.0,0.0,13,502.4,510.8,21,506.4,0.0,0.0,0.0,0.0,0.0,55
2023-05-11 10:00:50,MO2403-C-6200,MO2403-C-6200,506.4,0.0,0.0,0.0,13,502.4,510.8,6,506.4,0.0,0.0,0.0,0.0,0.0,55
2023-05-11 10:00:50,MO2403-C-6200,MO2403-C-6200,506.4,0.0,0.0,0.0,13,502.4,511.0,21,506.4,0.0,0.0,0.0,0.0,0.0,55
2023-05-11 10:00:51,MO2403-C-6200,MO2403-C-6200,506.4,0.0,0.0,0.0,1,502.6,511.0,6,506.4,0.0,0.0,0.0,0.0,0.0,55
2023-05-11 10:00:51,MO2403-C-6200,MO2403-C-6200,506.4,0.0,0.0,0.0,1,502.6,511.2,21,506.4,0.0,0.0,0.0,0.0,0.0,55
2023-05-11 10:00:52,MO2403-C-6200,MO2403-C-6200,506.4,0.0,0.0,0.0,1,502.6,511.2,6,506.4,0.0,0.0,0.0,0.0,0.0,55
2023-05-11 10:00:52,MO2403-C-6200,MO2403-C-6200,506.4,0.0,0.0,0.0,1,502.6,511.4,21,506.4,0.0,0.0,0.0,0.0,0.0,55
2023-05-11 10:00:53,MO2403-C-6200,MO2403-C-6200,506.4,0.0,0.0,0.0,1,502.6,511.4,6,506.4,0.0,0.0,0.0,0.0,0.0,55
2023-05-11 10:00:53,MO2403-C-6200,MO2403-C-6200,506.4,0.0,0.0,0.0,1,502.6,511.6,21,506.4,0.0,0.0,0.0,0.0,0.0,55
2023-05-11 10:00:54,MO2403-C-6200,MO2403-C-6200,506.4,0.0,0.0,0.0,1,502.6,511.6,6,506.4,0.0,0.0,0.0,0.0,0.0,55
2023-05-11 10:00:54,MO2403-C-6200,MO2403-C-6200,506.4,0.0,0.0,0.0,1,502.6,511.8,33,506.4,0.0,0.0,0.0,0.0,0.0,55
2023-05-11 10:00:55,MO2403-C-6200,MO2403-C-6200,506.4,0.0,0.0,0.0,7,502.6,511.4,1,506.4,0.0,0.0,0.0,0.0,0.0,55
2023-05-11 10:00:56,MO2403-C-6200,MO2403-C-6200,506.4,0.0,0.0,0.0,13,502.6,511.4,1,506.4,0.0,0.0,0.0,0.0,0.0,55
2023-05-11 10:00:58,MO2403-C-6200,MO2403-C-6200,506.4,0.0,0.0,0.0,12,502.6,511.4,1,506.4,0.0,0.0,0.0,0.0,0.0,55
2023-05-11 10:01:03,MO2403-C-6200,MO2403-C-6200,506.4,0.0,0.0,0.0,13,502.6,511.4,1,506.4,0.0,0.0,0.0,0.0,0.0,55
2023-05-11 10:01:10,MO2403-C-6200,MO2403-C-6200,506.4,0.0,0.0,0.0,13,502.6,511.6,15,506.4,0.0,0.0,0.0,0.0,0.0,55
2023-05-11 10:01:11,MO2403-C-6200,MO2403-C-6200,506.4,0.0,0.0,0.0,13,502.6,511.8,18,506.4,0.0,0.0,0.0,0.0,0.0,55
2023-05-11 10:01:11,MO2403-C-6200,MO2403-C-6200,506.4,0.0,0.0,0.0,13,502.6,511.8,6,506.4,0.0,0.0,0.0,0.0,0.0,55
2023-05-11 10:01:12,MO2403-C-6200,MO2403-C-6200,506.4,0.0,0.0,0.0,13,502.6,512.0,39,506.4,0.0,0.0,0.0,0.0,0.0,55
2023-05-11 10:01:12,MO2403-C-6200,MO2403-C-6200,506.4,0.0,0.0,0.0,6,502.8,512.0,12,506.4,0.0,0.0,0.0,0.0,0.0,55
2023-05-11 10:01:13,MO2403-C-6200,MO2403-C-6200,506.4,0.0,0.0,0.0,6,502.8,512.2,33,506.4,0.0,0.0,0.0,0.0,0.0,55
2023-05-11 10:01:13,MO2403-C-6200,MO2403-C-6200,506.4,0.0,0.0,0.0,7,502.8,512.2,12,506.4,0.0,0.0,0.0,0.0,0.0,55
2023-05-11 10:01:14,MO2403-C-6200,MO2403-C-6200,506.4,0.0,0.0,0.0,7,502.8,512.4,21,506.4,0.0,0.0,0.0,0.0,0.0,55
2023-05-11 10:01:14,MO2403-C-6200,MO2403-C-6200,506.4,0.0,0.0,0.0,7,502.8,512.4,6,506.4,0.0,0.0,0.0,0.0,0.0,55
2023-05-11 10:01:15,MO2403-C-6200,MO2403-C-6200,506.4,0.0,0.0,0.0,7,502.8,512.6,39,506.4,0.0,0.0,0.0,0.0,0.0,55
2023-05-11 10:01:15,MO2403-C-6200,MO2403-C-6200,506.4,0.0,0.0,0.0,7,502.8,512.6,24,506.4,0.0,0.0,0.0,0.0,0.0,55
2023-05-11 10:01:16,MO2403-C-6200,MO2403-C-6200,506.4,0.0,0.0,0.0,7,502.8,512.6,18,506.4,0.0,0.0,0.0,0.0,0.0,55
2023-05-11 10:01:19,MO2403-C-6200,MO2403-C-6200,506.4,0.0,0.0,0.0,6,502.8,512.6,18,506.4,0.0,0.0,0.0,0.0,0.0,55
2023-05-11 10:01:20,MO2403-C-6200,MO2403-C-6200,506.4,0.0,0.0,0.0,6,502.6,512.6,18,506.4,0.0,0.0,0.0,0.0,0.0,55
2023-05-11 10:01:22,MO2403-C-6200,MO2403-C-6200,506.4,0.0,0.0,0.0,6,502.4,512.6,18,506.4,0.0,0.0,0.0,0.0,0.0,55
2023-05-11 10:01:22,MO2403-C-6200,MO2403-C-6200,506.4,0.0,0.0,0.0,18,502.2,512.6,18,506.4,0.0,0.0,0.0,0.0,0.0,55
2023-05-11 10:01:23,MO2403-C-6200,MO2403-C-6200,506.4,0.0,0.0,0.0,6,502.2,512.6,18,506.4,0.0,0.0,0.0,0.0,0.0,55
2023-05-11 10:01:23,MO2403-C-6200,MO2403-C-6200,506.4,0.0,0.0,0.0,18,502.0,512.6,18,506.4,0.0,0.0,0.0,0.0,0.0,55
2023-05-11 10:01:24,MO2403-C-6200,MO2403-C-6200,506.4,0.0,0.0,0.0,6,502.0,512.6,18,506.4,0.0,0.0,0.0,0.0,0.0,55
2023-05-11 10:01:24,MO2403-C-6200,MO2403-C-6200,506.4,0.0,0.0,0.0,12,501.8,512.6,18,506.4,0.0,0.0,0.0,0.0,0.0,55
2023-05-11 10:01:25,MO2403-C-6200,MO2403-C-6200,506.4,0.0,0.0,0.0,6,501.8,512.6,18,506.4,0.0,0.0,0.0,0.0,0.0,55
2023-05-11 10:01:27,MO2403-C-6200,MO2403-C-6200,506.4,0.0,0.0,0.0,6,502.0,512.6,18,506.4,0.0,0.0,0.0,0.0,0.0,55
2023-05-11 10:01:33,MO2403-C-6200,MO2403-C-6200,506.4,0.0,0.0,0.0,25,501.6,512.6,18,506.4,0.0,0.0,0.0,0.0,0.0,55
2023-05-11 10:01:33,MO2403-C-6200,MO2403-C-6200,506.4,0.0,0.0,0.0,1,501.8,512.6,18,506.4,0.0,0.0,0.0,0.0,0.0,55
2023-05-11 10:01:39,MO2403-C-6200,MO2403-C-6200,506.4,0.0,0.0,0.0,6,501.6,512.6,18,506.4,0.0,0.0,0.0,0.0,0.0,55
2023-05-11 10:02:07,MO2403-C-6200,MO2403-C-6200,506.4,0.0,0.0,0.0,12,501.6,512.6,18,506.4,0.0,0.0,0.0,0.0,0.0,55
2023-05-11 10:02:09,MO2403-C-6200,MO2403-C-6200,506.4,0.0,0.0,0.0,13,501.6,512.6,18,506.4,0.0,0.0,0.0,0.0,0.0,55
2023-05-11 10:02:17,MO2403-C-6200,MO2403-C-6200,506.4,0.0,0.0,0.0,12,501.6,512.6,18,506.4,0.0,0.0,0.0,0.0,0.0,55
2023-05-11 10:02:19,MO2403-C-6200,MO2403-C-6200,506.4,0.0,0.0,0.0,6,501.8,512.6,18,506.4,0.0,0.0,0.0,0.0,0.0,55
2023-05-11 10:02:34,MO2403-C-6200,MO2403-C-6200,506.4,0.0,0.0,0.0,6,501.8,512.4,1,506.4,0.0,0.0,0.0,0.0,0.0,55
2023-05-11 10:02:39,MO2403-C-6200,MO2403-C-6200,506.4,0.0,0.0,0.0,6,501.8,512.4,2,506.4,0.0,0.0,0.0,0.0,0.0,55
2023-05-11 10:02:43,MO2403-C-6200,MO2403-C-6200,506.4,0.0,0.0,0.0,6,501.8,512.0,6,506.4,0.0,0.0,0.0,0.0,0.0,55
2023-05-11 10:02:44,MO2403-C-6200,MO2403-C-6200,506.4,0.0,0.0,0.0,6,501.6,512.0,7,506.4,0.0,0.0,0.0,0.0,0.0,55
2023-05-11 10:02:45,MO2403-C-6200,MO2403-C-6200,506.4,0.0,0.0,0.0,6,501.6,512.2,15,506.4,0.0,0.0,0.0,0.0,0.0,55
2023-05-11 10:02:46,MO2403-C-6200,MO2403-C-6200,506.4,0.0,0.0,0.0,6,501.6,512.4,7,506.4,0.0,0.0,0.0,0.0,0.0,55
2023-05-11 10:02:46,MO2403-C-6200,MO2403-C-6200,506.4,0.0,0.0,0.0,6,501.6,512.4,1,506.4,0.0,0.0,0.0,0.0,0.0,55
2023-05-11 10:02:47,MO2403-C-6200,MO2403-C-6200,506.4,0.0,0.0,0.0,6,501.6,512.4,2,506.4,0.0,0.0,0.0,0.0,0.0,55
2023-05-11 10:02:58,MO2403-C-6200,MO2403-C-6200,506.4,0.0,0.0,0.0,12,501.6,512.4,1,506.4,0.0,0.0,0.0,0.0,0.0,55
2023-05-11 10:03:01,MO2403-C-6200,MO2403-C-6200,506.4,0.0,0.0,0.0,12,501.6,512.6,33,506.4,0.0,0.0,0.0,0.0,0.0,55
2023-05-11 10:03:01,MO2403-C-6200,MO2403-C-6200,506.4,0.0,0.0,0.0,12,501.6,512.6,18,506.4,0.0,0.0,0.0,0.0,0.0,55
2023-05-11 10:03:06,MO2403-C-6200,MO2403-C-6200,506.4,0.0,0.0,0.0,12,501.6,512.4,1,506.4,0.0,0.0,0.0,0.0,0.0,55
2023-05-11 10:03:31,MO2403-C-6200,MO2403-C-6200,506.4,0.0,0.0,0.0,14,501.6,512.4,1,506.4,0.0,0.0,0.0,0.0,0.0,55
2023-05-11 10:03:32,MO2403-C-6200,MO2403-C-6200,506.4,0.0,0.0,0.0,12,501.6,512.4,1,506.4,0.0,0.0,0.0,0.0,0.0,55
2023-05-11 10:03:35,MO2403-C-6200,MO2403-C-6200,506.4,0.0,0.0,0.0,12,501.6,512.4,2,506.4,0.0,0.0,0.0,0.0,0.0,55
2023-05-11 10:03:38,MO2403-C-6200,MO2403-C-6200,506.4,0.0,0.0,0.0,12,501.6,512.4,1,506.4,0.0,0.0,0.0,0.0,0.0,55
2023-05-11 10:03:44,MO2403-C-6200,MO2403-C-6200,506.4,0.0,0.0,0.0,12,501.6,512.6,33,506.4,0.0,0.0,0.0,0.0,0.0,55
2023-05-11 10:03:45,MO2403-C-6200,MO2403-C-6200,506.4,0.0,0.0,0.0,12,501.6,512.6,18,506.4,0.0,0.0,0.0,0.0,0.0,55
2023-05-11 10:04:10,MO2403-C-6200,MO2403-C-6200,506.4,0.0,0.0,0.0,12,501.6,512.6,19,506.4,0.0,0.0,0.0,0.0,0.0,55
2023-05-11 10:04:11,MO2403-C-6200,MO2403-C-6200,506.4,0.0,0.0,0.0,6,501.6,512.6,19,506.4,0.0,0.0,0.0,0.0,0.0,55
2023-05-11 10:04:16,MO2403-C-6200,MO2403-C-6200,506.4,0.0,0.0,0.0,6,501.6,512.6,18,506.4,0.0,0.0,0.0,0.0,0.0,55
2023-05-11 10:04:24,MO2403-C-6200,MO2403-C-6200,506.4,0.0,0.0,0.0,6,501.6,512.6,19,506.4,0.0,0.0,0.0,0.0,0.0,55
2023-05-11 10:04:24,MO2403-C-6200,MO2403-C-6200,506.4,0.0,0.0,0.0,6,501.6,512.2,6,506.4,0.0,0.0,0.0,0.0,0.0,55
2023-05-11 10:04:31,MO2403-C-6200,MO2403-C-6200,506.4,0.0,0.0,0.0,12,501.4,512.2,6,506.4,0.0,0.0,0.0,0.0,0.0,55
2023-05-11 10:04:31,MO2403-C-6200,MO2403-C-6200,506.4,0.0,0.0,0.0,6,501.2,512.2,6,506.4,0.0,0.0,0.0,0.0,0.0,55
2023-05-11 10:04:32,MO2403-C-6200,MO2403-C-6200,506.4,0.0,0.0,0.0,30,501.0,512.2,6,506.4,0.0,0.0,0.0,0.0,0.0,55
2023-05-11 10:04:32,MO2403-C-6200,MO2403-C-6200,506.4,0.0,0.0,0.0,6,501.0,512.2,6,506.4,0.0,0.0,0.0,0.0,0.0,55
2023-05-11 10:04:33,MO2403-C-6200,MO2403-C-6200,506.4,0.0,0.0,0.0,12,500.8,512.2,6,506.4,0.0,0.0,0.0,0.0,0.0,55
2023-05-11 10:04:33,MO2403-C-6200,MO2403-C-6200,506.4,0.0,0.0,0.0,6,500.8,512.2,6,506.4,0.0,0.0,0.0,0.0,0.0,55
2023-05-11 10:04:34,MO2403-C-6200,MO2403-C-6200,506.4,0.0,0.0,0.0,12,500.8,512.4,15,506.4,0.0,0.0,0.0,0.0,0.0,55
2023-05-11 10:04:34,MO2403-C-6200,MO2403-C-6200,506.4,0.0,0.0,0.0,12,500.8,512.6,31,506.4,0.0,0.0,0.0,0.0,0.0,55
2023-05-11 10:04:35,MO2403-C-6200,MO2403-C-6200,506.4,0.0,0.0,0.0,6,501.0,512.6,25,506.4,0.0,0.0,0.0,0.0,0.0,55
2023-05-11 10:04:35,MO2403-C-6200,MO2403-C-6200,506.4,0.0,0.0,0.0,6,501.0,512.6,19,506.4,0.0,0.0,0.0,0.0,0.0,55
2023-05-11 10:04:44,MO2403-C-6200,MO2403-C-6200,506.4,0.0,0.0,0.0,6,501.0,512.4,1,506.4,0.0,0.0,0.0,0.0,0.0,55
2023-05-11 10:04:54,MO2403-C-6200,MO2403-C-6200,506.4,0.0,0.0,0.0,6,501.0,512.2,1,506.4,0.0,0.0,0.0,0.0,0.0,55
2023-05-11 10:05:04,MO2403-C-6200,MO2403-C-6200,506.4,0.0,0.0,0.0,6,501.0,512.0,1,506.4,0.0,0.0,0.0,0.0,0.0,55
2023-05-11 10:05:16,MO2403-C-6200,MO2403-C-6200,506.4,0.0,0.0,0.0,6,501.0,512.2,15,506.4,0.0,0.0,0.0,0.0,0.0,55
2023-05-11 10:05:16,MO2403-C-6200,MO2403-C-6200,506.4,0.0,0.0,0.0,6,501.0,512.6,19,506.4,0.0,0.0,0.0,0.0,0.0,55
2023-05-11 10:05:20,MO2403-C-6200,MO2403-C-6200,506.4,0.0,0.0,0.0,8,501.0,512.6,19,506.4,0.0,0.0,0.0,0.0,0.0,55
2023-05-11 10:05:21,MO2403-C-6200,MO2403-C-6200,506.4,0.0,0.0,0.0,8,501.0,512.6,18,506.4,0.0,0.0,0.0,0.0,0.0,55
2023-05-11 10:05:26,MO2403-C-6200,MO2403-C-6200,506.4,0.0,0.0,0.0,6,501.0,512.6,18,506.4,0.0,0.0,0.0,0.0,0.0,55
2023-05-11 10:05:27,MO2403-C-6200,MO2403-C-6200,506.4,0.0,0.0,0.0,8,501.0,512.6,18,506.4,0.0,0.0,0.0,0.0,0.0,55
2023-05-11 10:05:33,MO2403-C-6200,MO2403-C-6200,506.4,0.0,0.0,0.0,9,501.0,512.6,18,506.4,0.0,0.0,0.0,0.0,0.0,55
2023-05-11 10:05:43,MO2403-C-6200,MO2403-C-6200,506.4,0.0,0.0,0.0,1,501.2,512.6,18,506.4,0.0,0.0,0.0,0.0,0.0,55
2023-05-11 10:05:53,MO2403-C-6200,MO2403-C-6200,506.4,0.0,0.0,0.0,1,501.4,512.6,18,506.4,0.0,0.0,0.0,0.0,0.0,55
2023-05-11 10:06:03,MO2403-C-6200,MO2403-C-6200,506.4,0.0,0.0,0.0,1,501.6,512.6,18,506.4,0.0,0.0,0.0,0.0,0.0,55
2023-05-11 10:06:13,MO2403-C-6200,MO2403-C-6200,506.4,0.0,0.0,0.0,1,501.8,512.6,18,506.4,0.0,0.0,0.0,0.0,0.0,55
2023-05-11 10:06:23,MO2403-C-6200,MO2403-C-6200,506.4,0.0,0.0,0.0,1,502.0,512.6,18,506.4,0.0,0.0,0.0,0.0,0.0,55
2023-05-11 10:06:33,MO2403-C-6200,MO2403-C-6200,506.4,0.0,0.0,0.0,1,502.2,512.6,18,506.4,0.0,0.0,0.0,0.0,0.0,55
2023-05-11 10:06:43,MO2403-C-6200,MO2403-C-6200,506.4,0.0,0.0,0.0,1,502.4,512.6,18,506.4,0.0,0.0,0.0,0.0,0.0,55
2023-05-11 10:06:53,MO2403-C-6200,MO2403-C-6200,506.4,0.0,0.0,0.0,1,502.6,512.6,18,506.4,0.0,0.0,0.0,0.0,0.0,55
2023-05-11 10:07:03,MO2403-C-6200,MO2403-C-6200,506.4,0.0,0.0,0.0,1,502.8,512.6,18,506.4,0.0,0.0,0.0,0.0,0.0,55
2023-05-11 10:07:17,MO2403-C-6200,MO2403-C-6200,506.4,0.0,0.0,0.0,1,502.4,512.6,18,506.4,0.0,0.0,0.0,0.0,0.0,55
2023-05-11 10:07:23,MO2403-C-6200,MO2403-C-6200,506.4,0.0,0.0,0.0,1,501.8,512.6,18,506.4,0.0,0.0,0.0,0.0,0.0,55
2023-05-11 10:07:33,MO2403-C-6200,MO2403-C-6200,506.4,0.0,0.0,0.0,1,502.0,512.6,18,506.4,0.0,0.0,0.0,0.0,0.0,55
2023-05-11 10:07:42,MO2403-C-6200,MO2403-C-6200,506.4,0.0,0.0,0.0,1,501.4,512.6,18,506.4,0.0,0.0,0.0,0.0,0.0,55
2023-05-11 10:07:51,MO2403-C-6200,MO2403-C-6200,506.4,0.0,0.0,0.0,6,501.2,512.6,18,506.4,0.0,0.0,0.0,0.0,0.0,55
2023-05-11 10:07:56,MO2403-C-6200,MO2403-C-6200,506.4,0.0,0.0,0.0,7,501.2,512.6,18,506.4,0.0,0.0,0.0,0.0,0.0,55
2023-05-11 10:08:06,MO2403-C-6200,MO2403-C-6200,506.4,0.0,0.0,0.0,1,501.4,512.6,18,506.4,0.0,0.0,0.0,0.0,0.0,55
2023-05-11 10:08:10,MO2403-C-6200,MO2403-C-6200,506.4,0.0,0.0,0.0,1,501.4,512.4,1,506.4,0.0,0.0,0.0,0.0,0.0,55
2023-05-11 10:08:16,MO2403-C-6200,MO2403-C-6200,506.4,0.0,0.0,0.0,1,501.6,512.4,1,506.4,0.0,0.0,0.0,0.0,0.0,55
2023-05-11 10:08:26,MO2403-C-6200,MO2403-C-6200,506.4,0.0,0.0,0.0,1,501.8,512.4,1,506.4,0.0,0.0,0.0,0.0,0.0,55
2023-05-11 10:08:36,MO2403-C-6200,MO2403-C-6200,506.4,0.0,0.0,0.0,1,502.0,512.4,1,506.4,0.0,0.0,0.0,0.0,0.0,55
2023-05-11 10:08:38,MO2403-C-6200,MO2403-C-6200,506.4,0.0,0.0,0.0,7,502.0,512.4,1,506.4,0.0,0.0,0.0,0.0,0.0,55
2023-05-11 10:08:39,MO2403-C-6200,MO2403-C-6200,506.4,0.0,0.0,0.0,7,502.0,512.6,33,506.4,0.0,0.0,0.0,0.0,0.0,55
2023-05-11 10:08:40,MO2403-C-6200,MO2403-C-6200,506.4,0.0,0.0,0.0,7,502.0,512.6,18,506.4,0.0,0.0,0.0,0.0,0.0,55
2023-05-11 10:08:46,MO2403-C-6200,MO2403-C-6200,506.4,0.0,0.0,0.0,1,502.2,512.6,18,506.4,0.0,0.0,0.0,0.0,0.0,55
2023-05-11 10:08:56,MO2403-C-6200,MO2403-C-6200,506.4,0.0,0.0,0.0,1,502.4,512.6,18,506.4,0.0,0.0,0.0,0.0,0.0,55
2023-05-11 10:09:06,MO2403-C-6200,MO2403-C-6200,506.4,0.0,0.0,0.0,1,502.6,512.6,18,506.4,0.0,0.0,0.0,0.0,0.0,55
2023-05-11 10:09:16,MO2403-C-6200,MO2403-C-6200,506.4,0.0,0.0,0.0,1,502.8,512.6,18,506.4,0.0,0.0,0.0,0.0,0.0,55
2023-05-11 10:09:26,MO2403-C-6200,MO2403-C-6200,506.4,0.0,0.0,0.0,1,503.0,512.6,18,506.4,0.0,0.0,0.0,0.0,0.0,55
2023-05-11 10:09:36,MO2403-C-6200,MO2403-C-6200,506.4,0.0,0.0,0.0,1,503.2,512.6,18,506.4,0.0,0.0,0.0,0.0,0.0,55
2023-05-11 10:09:46,MO2403-C-6200,MO2403-C-6200,506.4,0.0,0.0,0.0,1,503.4,512.6,18,506.4,0.0,0.0,0.0,0.0,0.0,55
2023-05-11 10:09:56,MO2403-C-6200,MO2403-C-6200,506.4,0.0,0.0,0.0,1,503.6,512.6,18,506.4,0.0,0.0,0.0,0.0,0.0,55
2023-05-11 10:10:06,MO2403-C-6200,MO2403-C-6200,506.4,0.0,0.0,0.0,1,503.8,512.6,18,506.4,0.0,0.0,0.0,0.0,0.0,55
2023-05-11 10:10:16,MO2403-C-6200,MO2403-C-6200,506.4,0.0,0.0,0.0,7,503.8,512.6,18,506.4,0.0,0.0,0.0,0.0,0.0,55
2023-05-11 10:10:16,MO2403-C-6200,MO2403-C-6200,506.4,0.0,0.0,0.0,1,504.0,512.6,18,506.4,0.0,0.0,0.0,0.0,0.0,55
2023-05-11 10:10:19,MO2403-C-6200,MO2403-C-6200,506.4,0.0,0.0,0.0,13,504.0,512.6,18,506.4,0.0,0.0,0.0,0.0,0.0,55
2023-05-11 10:10:19,MO2403-C-6200,MO2403-C-6200,506.4,0.0,0.0,0.0,19,504.0,512.6,18,506.4,0.0,0.0,0.0,0.0,0.0,55
2023-05-11 10:10:20,MO2403-C-6200,MO2403-C-6200,506.4,0.0,0.0,0.0,6,504.2,512.6,18,506.4,0.0,0.0,0.0,0.0,0.0,55
2023-05-11 10:10:26,MO2403-C-6200,MO2403-C-6200,506.4,0.0,0.0,0.0,7,504.2,512.6,18,506.4,0.0,0.0,0.0,0.0,0.0,55
2023-05-11 10:10:36,MO2403-C-6200,MO2403-C-6200,506.4,0.0,0.0,0.0,1,504.4,512.6,18,506.4,0.0,0.0,0.0,0.0,0.0,55
2023-05-11 10:10:37,MO2403-C-6200,MO2403-C-6200,506.4,0.0,0.0,0.0,7,504.4,512.6,18,506.4,0.0,0.0,0.0,0.0,0.0,55
2023-05-11 10:10:46,MO2403-C-6200,MO2403-C-6200,506.4,0.0,0.0,0.0,1,504.6,512.6,18,506.4,0.0,0.0,0.0,0.0,0.0,55
2023-05-11 10:10:47,MO2403-C-6200,MO2403-C-6200,506.4,0.0,0.0,0.0,1,504.6,512.6,6,506.4,0.0,0.0,0.0,0.0,0.0,55
2023-05-11 10:10:47,MO2403-C-6200,MO2403-C-6200,506.4,0.0,0.0,0.0,1,504.6,512.8,21,506.4,0.0,0.0,0.0,0.0,0.0,55
2023-05-11 10:10:48,MO2403-C-6200,MO2403-C-6200,506.4,0.0,0.0,0.0,1,504.6,512.8,6,506.4,0.0,0.0,0.0,0.0,0.0,55
2023-05-11 10:10:48,MO2403-C-6200,MO2403-C-6200,506.4,0.0,0.0,0.0,1,504.6,513.0,27,506.4,0.0,0.0,0.0,0.0,0.0,55
2023-05-11 10:10:49,MO2403-C-6200,MO2403-C-6200,506.4,0.0,0.0,0.0,1,504.6,513.0,12,506.4,0.0,0.0,0.0,0.0,0.0,55
2023-05-11 10:10:49,MO2403-C-6200,MO2403-C-6200,506.4,0.0,0.0,0.0,1,504.6,513.2,22,506.4,0.0,0.0,0.0,0.0,0.0,55
2023-05-11 10:10:50,MO2403-C-6200,MO2403-C-6200,506.4,0.0,0.0,0.0,1,504.6,513.2,7,506.4,0.0,0.0,0.0,0.0,0.0,55
2023-05-11 10:10:50,MO2403-C-6200,MO2403-C-6200,506.4,0.0,0.0,0.0,1,504.6,513.2,1,506.4,0.0,0.0,0.0,0.0,0.0,55
2023-05-11 10:10:51,MO2403-C-6200,MO2403-C-6200,506.4,0.0,0.0,0.0,7,504.6,513.2,1,506.4,0.0,0.0,0.0,0.0,0.0,55
2023-05-11 10:10:56,MO2403-C-6200,MO2403-C-6200,506.4,0.0,0.0,0.0,1,504.8,513.2,1,506.4,0.0,0.0,0.0,0.0,0.0,55
2023-05-11 10:11:06,MO2403-C-6200,MO2403-C-6200,506.4,0.0,0.0,0.0,1,505.0,513.2,1,506.4,0.0,0.0,0.0,0.0,0.0,55
2023-05-11 10:11:16,MO2403-C-6200,MO2403-C-6200,506.4,0.0,0.0,0.0,1,505.2,513.2,1,506.4,0.0,0.0,0.0,0.0,0.0,55
2023-05-11 10:11:23,MO2403-C-6200,MO2403-C-6200,506.4,0.0,0.0,0.0,7,505.2,513.2,1,506.4,0.0,0.0,0.0,0.0,0.0,55
2023-05-11 10:11:26,MO2403-C-6200,MO2403-C-6200,506.4,0.0,0.0,0.0,1,505.4,513.2,1,506.4,0.0,0.0,0.0,0.0,0.0,55
2023-05-11 10:11:38,MO2403-C-6200,MO2403-C-6200,506.4,0.0,0.0,0.0,12,504.6,513.2,1,506.4,0.0,0.0,0.0,0.0,0.0,55
2023-05-11 10:11:39,MO2403-C-6200,MO2403-C-6200,506.4,0.0,0.0,0.0,6,504.6,513.2,1,506.4,0.0,0.0,0.0,0.0,0.0,55
2023-05-11 10:11:43,MO2403-C-6200,MO2403-C-6200,506.4,0.0,0.0,0.0,7,504.4,513.2,1,506.4,0.0,0.0,0.0,0.0,0.0,55
2023-05-11 10:11:46,MO2403-C-6200,MO2403-C-6200,506.4,0.0,0.0,0.0,1,504.4,513.2,1,506.4,0.0,0.0,0.0,0.0,0.0,55
2023-05-11 10:11:49,MO2403-C-6200,MO2403-C-6200,506.4,0.0,0.0,0.0,1,504.6,513.2,1,506.4,0.0,0.0,0.0,0.0,0.0,55
2023-05-11 10:11:55,MO2403-C-6200,MO2403-C-6200,506.4,0.0,0.0,0.0,1,504.6,513.0,1,506.4,0.0,0.0,0.0,0.0,0.0,55
2023-05-11 10:12:09,MO2403-C-6200,MO2403-C-6200,506.4,0.0,0.0,0.0,1,504.8,513.0,1,506.4,0.0,0.0,0.0,0.0,0.0,55
2023-05-11 10:12:15,MO2403-C-6200,MO2403-C-6200,506.4,0.0,0.0,0.0,1,504.8,513.2,16,506.4,0.0,0.0,0.0,0.0,0.0,55
2023-05-11 10:12:16,MO2403-C-6200,MO2403-C-6200,506.4,0.0,0.0,0.0,1,504.8,513.2,1,506.4,0.0,0.0,0.0,0.0,0.0,55
2023-05-11 10:12:19,MO2403-C-6200,MO2403-C-6200,506.4,0.0,0.0,0.0,1,505.0,513.2,1,506.4,0.0,0.0,0.0,0.0,0.0,55
2023-05-11 10:12:30,MO2403-C-6200,MO2403-C-6200,506.4,0.0,0.0,0.0,1,505.2,513.2,1,506.4,0.0,0.0,0.0,0.0,0.0,55
2023-05-11 10:12:43,MO2403-C-6200,MO2403-C-6200,506.4,0.0,0.0,0.0,1,505.4,513.2,1,506.4,0.0,0.0,0.0,0.0,0.0,55
2023-05-11 10:12:46,MO2403-C-6200,MO2403-C-6200,506.4,0.0,0.0,0.0,1,504.8,513.2,1,506.4,0.0,0.0,0.0,0.0,0.0,55
2023-05-11 10:12:56,MO2403-C-6200,MO2403-C-6200,506.4,0.0,0.0,0.0,1,505.0,513.2,1,506.4,0.0,0.0,0.0,0.0,0.0,55
2023-05-11 10:13:07,MO2403-C-6200,MO2403-C-6200,506.4,0.0,0.0,0.0,1,505.2,513.2,1,506.4,0.0,0.0,0.0,0.0,0.0,55
2023-05-11 10:13:17,MO2403-C-6200,MO2403-C-6200,506.4,0.0,0.0,0.0,1,505.4,513.2,1,506.4,0.0,0.0,0.0,0.0,0.0,55
2023-05-11 10:13:22,MO2403-C-6200,MO2403-C-6200,506.4,0.0,0.0,0.0,1,504.6,513.2,1,506.4,0.0,0.0,0.0,0.0,0.0,55
2023-05-11 10:13:32,MO2403-C-6200,MO2403-C-6200,506.4,0.0,0.0,0.0,1,504.8,513.2,1,506.4,0.0,0.0,0.0,0.0,0.0,55
2023-05-11 10:13:42,MO2403-C-6200,MO2403-C-6200,506.4,0.0,0.0,0.0,1,505.0,513.2,1,506.4,0.0,0.0,0.0,0.0,0.0,55
2023-05-11 10:13:52,MO2403-C-6200,MO2403-C-6200,506.4,0.0,0.0,0.0,1,505.2,513.2,1,506.4,0.0,0.0,0.0,0.0,0.0,55
2023-05-11 10:14:02,MO2403-C-6200,MO2403-C-6200,506.4,0.0,0.0,0.0,1,505.4,513.2,1,506.4,0.0,0.0,0.0,0.0,0.0,55
2023-05-11 10:14:03,MO2403-C-6200,MO2403-C-6200,506.4,0.0,0.0,0.0,7,505.4,513.2,1,506.4,0.0,0.0,0.0,0.0,0.0,55
2023-05-11 10:14:11,MO2403-C-6200,MO2403-C-6200,506.4,0.0,0.0,0.0,6,505.4,513.2,1,506.4,0.0,0.0,0.0,0.0,0.0,55
2023-05-11 10:14:13,MO2403-C-6200,MO2403-C-6200,506.4,0.0,0.0,0.0,6,505.6,513.2,1,506.4,0.0,0.0,0.0,0.0,0.0,55
2023-05-11 10:14:16,MO2403-C-6200,MO2403-C-6200,506.4,0.0,0.0,0.0,1,504.6,513.2,1,506.4,0.0,0.0,0.0,0.0,0.0,55
2023-05-11 10:14:23,MO2403-C-6200,MO2403-C-6200,506.4,0.0,0.0,0.0,1,504.8,513.2,1,506.4,0.0,0.0,0.0,0.0,0.0,55
2023-05-11 10:14:25,MO2403-C-6200,MO2403-C-6200,506.4,0.0,0.0,0.0,7,504.8,513.2,1,506.4,0.0,0.0,0.0,0.0,0.0,55
2023-05-11 10:14:33,MO2403-C-6200,MO2403-C-6200,506.4,0.0,0.0,0.0,1,505.0,513.2,1,506.4,0.0,0.0,0.0,0.0,0.0,55
2023-05-11 10:14:43,MO2403-C-6200,MO2403-C-6200,506.4,0.0,0.0,0.0,1,505.2,513.2,1,506.4,0.0,0.0,0.0,0.0,0.0,55
2023-05-11 10:14:53,MO2403-C-6200,MO2403-C-6200,506.4,0.0,0.0,0.0,1,505.4,513.2,1,506.4,0.0,0.0,0.0,0.0,0.0,55
2023-05-11 10:15:03,MO2403-C-6200,MO2403-C-6200,506.4,0.0,0.0,0.0,1,505.6,513.2,1,506.4,0.0,0.0,0.0,0.0,0.0,55
2023-05-11 10:15:07,MO2403-C-6200,MO2403-C-6200,506.4,0.0,0.0,0.0,1,505.0,513.2,1,506.4,0.0,0.0,0.0,0.0,0.0,55
2023-05-11 10:15:17,MO2403-C-6200,MO2403-C-6200,506.4,0.0,0.0,0.0,1,505.2,513.2,1,506.4,0.0,0.0,0.0,0.0,0.0,55
2023-05-11 10:15:27,MO2403-C-6200,MO2403-C-6200,506.4,0.0,0.0,0.0,1,505.4,513.2,1,506.4,0.0,0.0,0.0,0.0,0.0,55
2023-05-11 10:15:37,MO2403-C-6200,MO2403-C-6200,506.4,0.0,0.0,0.0,7,504.8,513.2,1,506.4,0.0,0.0,0.0,0.0,0.0,55
2023-05-11 10:15:40,MO2403-C-6200,MO2403-C-6200,506.4,0.0,0.0,0.0,1,504.8,513.2,1,506.4,0.0,0.0,0.0,0.0,0.0,55
2023-05-11 10:15:43,MO2403-C-6200,MO2403-C-6200,506.4,0.0,0.0,0.0,18,504.2,513.2,1,506.4,0.0,0.0,0.0,0.0,0.0,55
2023-05-11 10:15:44,MO2403-C-6200,MO2403-C-6200,506.4,0.0,0.0,0.0,12,504.2,513.2,1,506.4,0.0,0.0,0.0,0.0,0.0,55
2023-05-11 10:15:44,MO2403-C-6200,MO2403-C-6200,506.4,0.0,0.0,0.0,6,504.2,513.2,1,506.4,0.0,0.0,0.0,0.0,0.0,55
2023-05-11 10:16:02,MO2403-C-6200,MO2403-C-6200,506.4,0.0,0.0,0.0,24,504.0,513.2,1,506.4,0.0,0.0,0.0,0.0,0.0,55
2023-05-11 10:16:03,MO2403-C-6200,MO2403-C-6200,506.4,0.0,0.0,0.0,6,504.0,513.2,1,506.4,0.0,0.0,0.0,0.0,0.0,55
2023-05-11 10:16:03,MO2403-C-6200,MO2403-C-6200,506.4,0.0,0.0,0.0,18,503.8,513.2,1,506.4,0.0,0.0,0.0,0.0,0.0,55
2023-05-11 10:16:04,MO2403-C-6200,MO2403-C-6200,506.4,0.0,0.0,0.0,12,503.8,513.2,1,506.4,0.0,0.0,0.0,0.0,0.0,55
2023-05-11 10:16:04,MO2403-C-6200,MO2403-C-6200,506.4,0.0,0.0,0.0,6,503.8,513.2,1,506.4,0.0,0.0,0.0,0.0,0.0,55
2023-05-11 10:16:11,MO2403-C-6200,MO2403-C-6200,506.4,0.0,0.0,0.0,7,503.8,513.2,1,506.4,0.0,0.0,0.0,0.0,0.0,55
2023-05-11 10:16:21,MO2403-C-6200,MO2403-C-6200,506.4,0.0,0.0,0.0,1,504.0,513.2,1,506.4,0.0,0.0,0.0,0.0,0.0,55
2023-05-11 10:16:31,MO2403-C-6200,MO2403-C-6200,506.4,0.0,0.0,0.0,1,504.2,513.2,1,506.4,0.0,0.0,0.0,0.0,0.0,55
2023-05-11 10:16:41,MO2403-C-6200,MO2403-C-6200,506.4,0.0,0.0,0.0,1,504.4,513.2,1,506.4,0.0,0.0,0.0,0.0,0.0,55
2023-05-11 10:16:51,MO2403-C-6200,MO2403-C-6200,506.4,0.0,0.0,0.0,1,504.6,513.2,1,506.4,0.0,0.0,0.0,0.0,0.0,55
2023-05-11 10:17:01,MO2403-C-6200,MO2403-C-6200,506.4,0.0,0.0,0.0,1,504.8,513.2,1,506.4,0.0,0.0,0.0,0.0,0.0,55
2023-05-11 10:17:12,MO2403-C-6200,MO2403-C-6200,506.4,0.0,0.0,0.0,1,505.0,513.2,1,506.4,0.0,0.0,0.0,0.0,0.0,55
2023-05-11 10:17:22,MO2403-C-6200,MO2403-C-6200,506.4,0.0,0.0,0.0,1,505.2,513.2,1,506.4,0.0,0.0,0.0,0.0,0.0,55
2023-05-11 10:17:32,MO2403-C-6200,MO2403-C-6200,506.4,0.0,0.0,0.0,1,505.4,513.2,1,506.4,0.0,0.0,0.0,0.0,0.0,55
2023-05-11 10:17:50,MO2403-C-6200,MO2403-C-6200,506.4,0.0,0.0,0.0,1,504.8,513.2,1,506.4,0.0,0.0,0.0,0.0,0.0,55
2023-05-11 10:18:00,MO2403-C-6200,MO2403-C-6200,506.4,0.0,0.0,0.0,1,505.0,513.2,1,506.4,0.0,0.0,0.0,0.0,0.0,55
2023-05-11 10:18:02,MO2403-C-6200,MO2403-C-6200,506.4,0.0,0.0,0.0,1,504.2,513.2,1,506.4,0.0,0.0,0.0,0.0,0.0,55
2023-05-11 10:18:12,MO2403-C-6200,MO2403-C-6200,506.4,0.0,0.0,0.0,1,504.4,513.2,1,506.4,0.0,0.0,0.0,0.0,0.0,55
2023-05-11 10:18:22,MO2403-C-6200,MO2403-C-6200,506.4,0.0,0.0,0.0,1,504.6,513.2,1,506.4,0.0,0.0,0.0,0.0,0.0,55
2023-05-11 10:18:32,MO2403-C-6200,MO2403-C-6200,506.4,0.0,0.0,0.0,1,504.8,513.2,1,506.4,0.0,0.0,0.0,0.0,0.0,55
2023-05-11 10:18:42,MO2403-C-6200,MO2403-C-6200,506.4,0.0,0.0,0.0,1,505.0,513.2,1,506.4,0.0,0.0,0.0,0.0,0.0,55
2023-05-11 10:18:53,MO2403-C-6200,MO2403-C-6200,506.4,0.0,0.0,0.0,1,505.2,513.2,1,506.4,0.0,0.0,0.0,0.0,0.0,55
2023-05-11 10:19:00,MO2403-C-6200,MO2403-C-6200,506.4,0.0,0.0,0.0,1,504.4,513.2,1,506.4,0.0,0.0,0.0,0.0,0.0,55
2023-05-11 10:19:10,MO2403-C-6200,MO2403-C-6200,506.4,0.0,0.0,0.0,1,504.6,513.2,1,506.4,0.0,0.0,0.0,0.0,0.0,55
2023-05-11 10:19:20,MO2403-C-6200,MO2403-C-6200,506.4,0.0,0.0,0.0,1,504.8,513.2,1,506.4,0.0,0.0,0.0,0.0,0.0,55
2023-05-11 10:19:30,MO2403-C-6200,MO2403-C-6200,506.4,0.0,0.0,0.0,1,505.0,513.2,1,506.4,0.0,0.0,0.0,0.0,0.0,55
