time,symbol_id,symbol_name,last,trade_volume,trade_amount,open_interest_change,bv1,bp1,ap1,av1,yesterday_close,today_open,today_high,today_low,volume,amount,open_interest
2023-05-11 09:29:00,MO2403-C-6000,MO2403-C-6000,637.8,0.0,0.0,0.0,1,544.8,734.2,1,637.8,643.2,0.0,0.0,0.0,0.0,251
2023-05-11 09:30:00,MO2403-C-6000,MO2403-C-6000,637.8,0.0,0.0,0.0,2,544.8,732.6,1,637.8,643.2,0.0,0.0,0.0,0.0,251
2023-05-11 09:30:01,MO2403-C-6000,MO2403-C-6000,637.8,0.0,0.0,0.0,1,565.4,715.4,1,637.8,643.2,0.0,0.0,0.0,0.0,251
2023-05-11 09:30:05,MO2403-C-6000,MO2403-C-6000,637.8,0.0,0.0,0.0,2,565.4,715.4,1,637.8,643.2,0.0,0.0,0.0,0.0,251
2023-05-11 09:30:09,MO2403-C-6000,MO2403-C-6000,637.8,0.0,0.0,0.0,1,565.4,726.4,15,637.8,643.2,0.0,0.0,0.0,0.0,251
2023-05-11 09:30:09,MO2403-C-6000,MO2403-C-6000,637.8,0.0,0.0,0.0,1,569.2,719.2,1,637.8,643.2,0.0,0.0,0.0,0.0,251
2023-05-11 09:30:11,MO2403-C-6000,MO2403-C-6000,637.8,0.0,0.0,0.0,1,577.2,711.2,1,637.8,643.2,0.0,0.0,0.0,0.0,251
2023-05-11 09:30:15,MO2403-C-6000,MO2403-C-6000,637.8,0.0,0.0,0.0,2,577.2,711.2,1,637.8,643.2,0.0,0.0,0.0,0.0,251
2023-05-11 09:30:18,MO2403-C-6000,MO2403-C-6000,637.8,0.0,0.0,0.0,1,585.2,711.2,1,637.8,643.2,0.0,0.0,0.0,0.0,251
2023-05-11 09:30:23,MO2403-C-6000,MO2403-C-6000,637.8,0.0,0.0,0.0,6,622.4,672.4,6,637.8,643.2,0.0,0.0,0.0,0.0,251
2023-05-11 09:30:24,MO2403-C-6000,MO2403-C-6000,637.8,0.0,0.0,0.0,6,622.4,666.4,1,637.8,643.2,0.0,0.0,0.0,0.0,251
2023-05-11 09:30:24,MO2403-C-6000,MO2403-C-6000,637.8,0.0,0.0,0.0,6,622.4,666.4,7,637.8,643.2,0.0,0.0,0.0,0.0,251
2023-05-11 09:30:25,MO2403-C-6000,MO2403-C-6000,637.8,0.0,0.0,0.0,1,630.4,666.4,7,637.8,643.2,0.0,0.0,0.0,0.0,251
2023-05-11 09:30:26,MO2403-C-6000,MO2403-C-6000,637.8,0.0,0.0,0.0,6,640.2,659.4,6,637.8,643.2,0.0,0.0,0.0,0.0,251
2023-05-11 09:30:26,MO2403-C-6000,MO2403-C-6000,637.8,0.0,0.0,0.0,1,644.4,659.4,12,637.8,643.2,0.0,0.0,0.0,0.0,251
2023-05-11 09:30:28,MO2403-C-6000,MO2403-C-6000,637.8,0.0,0.0,0.0,1,642.6,659.4,12,637.8,643.2,0.0,0.0,0.0,0.0,251
2023-05-11 09:30:29,MO2403-C-6000,MO2403-C-6000,637.8,0.0,0.0,0.0,1,643.2,659.4,12,637.8,643.2,0.0,0.0,0.0,0.0,251
2023-05-11 09:30:29,MO2403-C-6000,MO2403-C-6000,637.8,0.0,0.0,0.0,1,644.2,659.4,6,637.8,643.2,0.0,0.0,0.0,0.0,251
2023-05-11 09:30:30,MO2403-C-6000,MO2403-C-6000,637.8,0.0,0.0,0.0,1,644.4,659.4,6,637.8,643.2,0.0,0.0,0.0,0.0,251
2023-05-11 09:30:31,MO2403-C-6000,MO2403-C-6000,637.8,0.0,0.0,0.0,1,645.4,659.4,6,637.8,643.2,0.0,0.0,0.0,0.0,251
2023-05-11 09:30:36,MO2403-C-6000,MO2403-C-6000,637.8,0.0,0.0,0.0,1,645.8,659.4,6,637.8,643.2,0.0,0.0,0.0,0.0,251
2023-05-11 09:30:37,MO2403-C-6000,MO2403-C-6000,637.8,0.0,0.0,0.0,1,647.4,659.4,6,637.8,643.2,0.0,0.0,0.0,0.0,251
2023-05-11 09:30:41,MO2403-C-6000,MO2403-C-6000,637.8,0.0,0.0,0.0,2,647.4,659.4,6,637.8,643.2,0.0,0.0,0.0,0.0,251
2023-05-11 09:30:41,MO2403-C-6000,MO2403-C-6000,637.8,0.0,0.0,0.0,1,650.2,659.4,6,637.8,643.2,0.0,0.0,0.0,0.0,251
2023-05-11 09:30:46,MO2403-C-6000,MO2403-C-6000,637.8,0.0,0.0,0.0,15,649.4,659.4,6,637.8,643.2,0.0,0.0,0.0,0.0,251
2023-05-11 09:30:47,MO2403-C-6000,MO2403-C-6000,637.8,0.0,0.0,0.0,1,647.6,659.4,6,637.8,643.2,0.0,0.0,0.0,0.0,251
2023-05-11 09:30:49,MO2403-C-6000,MO2403-C-6000,637.8,0.0,0.0,0.0,6,645.6,659.4,6,637.8,643.2,0.0,0.0,0.0,0.0,251
2023-05-11 09:30:49,MO2403-C-6000,MO2403-C-6000,637.8,0.0,0.0,0.0,6,645.2,659.4,6,637.8,643.2,0.0,0.0,0.0,0.0,251
2023-05-11 09:30:50,MO2403-C-6000,MO2403-C-6000,637.8,0.0,0.0,0.0,1,645.4,659.4,6,637.8,643.2,0.0,0.0,0.0,0.0,251
2023-05-11 09:30:50,MO2403-C-6000,MO2403-C-6000,637.8,0.0,0.0,0.0,1,646.2,659.4,6,637.8,643.2,0.0,0.0,0.0,0.0,251
2023-05-11 09:30:54,MO2403-C-6000,MO2403-C-6000,637.8,0.0,0.0,0.0,2,646.2,659.4,6,637.8,643.2,0.0,0.0,0.0,0.0,251
2023-05-11 09:30:54,MO2403-C-6000,MO2403-C-6000,637.8,0.0,0.0,0.0,1,648.6,659.4,6,637.8,643.2,0.0,0.0,0.0,0.0,251
2023-05-11 09:30:56,MO2403-C-6000,MO2403-C-6000,637.8,0.0,0.0,0.0,1,647.2,659.4,6,637.8,643.2,0.0,0.0,0.0,0.0,251
2023-05-11 09:30:58,MO2403-C-6000,MO2403-C-6000,637.8,0.0,0.0,0.0,6,645.2,659.4,6,637.8,643.2,0.0,0.0,0.0,0.0,251
2023-05-11 09:30:58,MO2403-C-6000,MO2403-C-6000,637.8,0.0,0.0,0.0,6,645.2,659.0,1,637.8,643.2,0.0,0.0,0.0,0.0,251
2023-05-11 09:30:59,MO2403-C-6000,MO2403-C-6000,637.8,0.0,0.0,0.0,1,645.2,659.0,1,637.8,643.2,0.0,0.0,0.0,0.0,251
2023-05-11 09:30:59,MO2403-C-6000,MO2403-C-6000,637.8,0.0,0.0,0.0,6,643.4,659.0,1,637.8,643.2,0.0,0.0,0.0,0.0,251
2023-05-11 09:31:00,MO2403-C-6000,MO2403-C-6000,637.8,0.0,0.0,0.0,1,644.0,659.0,1,637.8,643.2,0.0,0.0,0.0,0.0,251
2023-05-11 09:31:00,MO2403-C-6000,MO2403-C-6000,637.8,0.0,0.0,0.0,1,644.4,659.0,1,637.8,643.2,0.0,0.0,0.0,0.0,251
2023-05-11 09:31:02,MO2403-C-6000,MO2403-C-6000,637.8,0.0,0.0,0.0,2,644.4,659.0,1,637.8,643.2,0.0,0.0,0.0,0.0,251
2023-05-11 09:31:02,MO2403-C-6000,MO2403-C-6000,637.8,0.0,0.0,0.0,1,647.0,659.0,1,637.8,643.2,0.0,0.0,0.0,0.0,251
2023-05-11 09:31:05,MO2403-C-6000,MO2403-C-6000,637.8,0.0,0.0,0.0,1,647.0,659.2,15,637.8,643.2,0.0,0.0,0.0,0.0,251
2023-05-11 09:31:05,MO2403-C-6000,MO2403-C-6000,637.8,0.0,0.0,0.0,1,647.0,659.4,6,637.8,643.2,0.0,0.0,0.0,0.0,251
2023-05-11 09:31:07,MO2403-C-6000,MO2403-C-6000,637.8,0.0,0.0,0.0,1,647.4,659.4,6,637.8,643.2,0.0,0.0,0.0,0.0,251
2023-05-11 09:31:07,MO2403-C-6000,MO2403-C-6000,637.8,0.0,0.0,0.0,1,648.6,659.4,6,637.8,643.2,0.0,0.0,0.0,0.0,251
2023-05-11 09:31:14,MO2403-C-6000,MO2403-C-6000,637.8,0.0,0.0,0.0,2,648.6,659.4,6,637.8,643.2,0.0,0.0,0.0,0.0,251
2023-05-11 09:31:15,MO2403-C-6000,MO2403-C-6000,637.8,0.0,0.0,0.0,1,652.6,659.4,6,637.8,643.2,0.0,0.0,0.0,0.0,251
2023-05-11 09:31:16,MO2403-C-6000,MO2403-C-6000,637.8,0.0,0.0,0.0,1,651.2,659.4,6,637.8,643.2,0.0,0.0,0.0,0.0,251
2023-05-11 09:31:32,MO2403-C-6000,MO2403-C-6000,637.8,0.0,0.0,0.0,1,649.6,659.4,6,637.8,643.2,0.0,0.0,0.0,0.0,251
2023-05-11 09:31:36,MO2403-C-6000,MO2403-C-6000,637.8,0.0,0.0,0.0,1,648.0,659.4,6,637.8,643.2,0.0,0.0,0.0,0.0,251
2023-05-11 09:31:42,MO2403-C-6000,MO2403-C-6000,637.8,0.0,0.0,0.0,1,648.0,659.2,1,637.8,643.2,0.0,0.0,0.0,0.0,251
2023-05-11 09:31:47,MO2403-C-6000,MO2403-C-6000,637.8,0.0,0.0,0.0,1,646.4,659.2,1,637.8,643.2,0.0,0.0,0.0,0.0,251
2023-05-11 09:31:48,MO2403-C-6000,MO2403-C-6000,637.8,0.0,0.0,0.0,18,646.2,659.2,1,637.8,643.2,0.0,0.0,0.0,0.0,251
2023-05-11 09:31:49,MO2403-C-6000,MO2403-C-6000,637.8,0.0,0.0,0.0,12,646.2,659.2,1,637.8,643.2,0.0,0.0,0.0,0.0,251
2023-05-11 09:31:49,MO2403-C-6000,MO2403-C-6000,637.8,0.0,0.0,0.0,6,646.2,659.2,1,637.8,643.2,0.0,0.0,0.0,0.0,251
2023-05-11 09:31:59,MO2403-C-6000,MO2403-C-6000,637.8,0.0,0.0,0.0,1,647.0,659.2,1,637.8,643.2,0.0,0.0,0.0,0.0,251
2023-05-11 09:32:17,MO2403-C-6000,MO2403-C-6000,637.8,0.0,0.0,0.0,1,646.4,659.2,1,637.8,643.2,0.0,0.0,0.0,0.0,251
2023-05-11 09:32:17,MO2403-C-6000,MO2403-C-6000,637.8,0.0,0.0,0.0,6,646.0,659.2,1,637.8,643.2,0.0,0.0,0.0,0.0,251
2023-05-11 09:32:18,MO2403-C-6000,MO2403-C-6000,637.8,0.0,0.0,0.0,12,645.8,659.2,1,637.8,643.2,0.0,0.0,0.0,0.0,251
2023-05-11 09:32:18,MO2403-C-6000,MO2403-C-6000,637.8,0.0,0.0,0.0,12,645.6,659.2,1,637.8,643.2,0.0,0.0,0.0,0.0,251
2023-05-11 09:32:19,MO2403-C-6000,MO2403-C-6000,637.8,0.0,0.0,0.0,24,645.2,656.2,1,637.8,643.2,0.0,0.0,0.0,0.0,251
2023-05-11 09:32:19,MO2403-C-6000,MO2403-C-6000,637.8,0.0,0.0,0.0,6,645.2,656.2,1,637.8,643.2,0.0,0.0,0.0,0.0,251
2023-05-11 09:32:20,MO2403-C-6000,MO2403-C-6000,637.8,0.0,0.0,0.0,6,644.8,656.2,1,637.8,643.2,0.0,0.0,0.0,0.0,251
2023-05-11 09:32:20,MO2403-C-6000,MO2403-C-6000,637.8,0.0,0.0,0.0,7,644.6,656.2,1,637.8,643.2,0.0,0.0,0.0,0.0,251
2023-05-11 09:32:21,MO2403-C-6000,MO2403-C-6000,637.8,0.0,0.0,0.0,1,644.6,656.2,1,637.8,643.2,0.0,0.0,0.0,0.0,251
2023-05-11 09:32:27,MO2403-C-6000,MO2403-C-6000,637.8,0.0,0.0,0.0,12,643.4,656.2,1,637.8,643.2,0.0,0.0,0.0,0.0,251
2023-05-11 09:32:28,MO2403-C-6000,MO2403-C-6000,637.8,0.0,0.0,0.0,6,643.4,656.2,1,637.8,643.2,0.0,0.0,0.0,0.0,251
2023-05-11 09:32:33,MO2403-C-6000,MO2403-C-6000,637.8,0.0,0.0,0.0,12,643.2,656.2,1,637.8,643.2,0.0,0.0,0.0,0.0,251
2023-05-11 09:32:33,MO2403-C-6000,MO2403-C-6000,637.8,0.0,0.0,0.0,19,643.0,656.2,1,637.8,643.2,0.0,0.0,0.0,0.0,251
2023-05-11 09:32:34,MO2403-C-6000,MO2403-C-6000,637.8,0.0,0.0,0.0,6,642.8,656.2,1,637.8,643.2,0.0,0.0,0.0,0.0,251
2023-05-11 09:32:34,MO2403-C-6000,MO2403-C-6000,637.8,0.0,0.0,0.0,30,642.0,656.2,1,637.8,643.2,0.0,0.0,0.0,0.0,251
2023-05-11 09:32:35,MO2403-C-6000,MO2403-C-6000,637.8,0.0,0.0,0.0,12,641.8,656.2,1,637.8,643.2,0.0,0.0,0.0,0.0,251
2023-05-11 09:32:35,MO2403-C-6000,MO2403-C-6000,637.8,0.0,0.0,0.0,24,641.6,656.2,1,637.8,643.2,0.0,0.0,0.0,0.0,251
2023-05-11 09:32:36,MO2403-C-6000,MO2403-C-6000,637.8,0.0,0.0,0.0,12,641.6,656.2,1,637.8,643.2,0.0,0.0,0.0,0.0,251
2023-05-11 09:32:36,MO2403-C-6000,MO2403-C-6000,637.8,0.0,0.0,0.0,7,641.2,656.2,1,637.8,643.2,0.0,0.0,0.0,0.0,251
2023-05-11 09:32:37,MO2403-C-6000,MO2403-C-6000,637.8,0.0,0.0,0.0,1,641.2,656.2,1,637.8,643.2,0.0,0.0,0.0,0.0,251
2023-05-11 09:32:38,MO2403-C-6000,MO2403-C-6000,637.8,0.0,0.0,0.0,13,639.6,656.2,1,637.8,643.2,0.0,0.0,0.0,0.0,251
2023-05-11 09:32:39,MO2403-C-6000,MO2403-C-6000,637.8,0.0,0.0,0.0,1,641.0,656.2,1,637.8,643.2,0.0,0.0,0.0,0.0,251
2023-05-11 09:32:51,MO2403-C-6000,MO2403-C-6000,637.8,0.0,0.0,0.0,2,641.0,656.2,1,637.8,643.2,0.0,0.0,0.0,0.0,251
2023-05-11 09:32:51,MO2403-C-6000,MO2403-C-6000,637.8,0.0,0.0,0.0,1,643.0,656.2,1,637.8,643.2,0.0,0.0,0.0,0.0,251
2023-05-11 09:32:54,MO2403-C-6000,MO2403-C-6000,637.8,0.0,0.0,0.0,1,641.2,656.2,1,637.8,643.2,0.0,0.0,0.0,0.0,251
2023-05-11 09:33:03,MO2403-C-6000,MO2403-C-6000,637.8,0.0,0.0,0.0,1,639.8,656.2,1,637.8,643.2,0.0,0.0,0.0,0.0,251
2023-05-11 09:33:03,MO2403-C-6000,MO2403-C-6000,637.8,0.0,0.0,0.0,2,639.8,656.2,1,637.8,643.2,0.0,0.0,0.0,0.0,251
2023-05-11 09:33:04,MO2403-C-6000,MO2403-C-6000,637.8,0.0,0.0,0.0,1,639.8,656.2,1,637.8,643.2,0.0,0.0,0.0,0.0,251
2023-05-11 09:33:16,MO2403-C-6000,MO2403-C-6000,637.8,0.0,0.0,0.0,2,639.8,656.2,1,637.8,643.2,0.0,0.0,0.0,0.0,251
2023-05-11 09:33:16,MO2403-C-6000,MO2403-C-6000,637.8,0.0,0.0,0.0,1,642.8,656.2,1,637.8,643.2,0.0,0.0,0.0,0.0,251
2023-05-11 09:33:18,MO2403-C-6000,MO2403-C-6000,637.8,0.0,0.0,0.0,12,639.6,656.2,1,637.8,643.2,0.0,0.0,0.0,0.0,251
2023-05-11 09:33:19,MO2403-C-6000,MO2403-C-6000,637.8,0.0,0.0,0.0,1,640.2,656.2,1,637.8,643.2,0.0,0.0,0.0,0.0,251
2023-05-11 09:33:19,MO2403-C-6000,MO2403-C-6000,637.8,0.0,0.0,0.0,1,642.2,656.2,1,637.8,643.2,0.0,0.0,0.0,0.0,251
2023-05-11 09:33:24,MO2403-C-6000,MO2403-C-6000,637.8,0.0,0.0,0.0,1,640.2,656.2,1,637.8,643.2,0.0,0.0,0.0,0.0,251
2023-05-11 09:33:26,MO2403-C-6000,MO2403-C-6000,637.8,0.0,0.0,0.0,2,640.2,656.2,1,637.8,643.2,0.0,0.0,0.0,0.0,251
2023-05-11 09:33:26,MO2403-C-6000,MO2403-C-6000,637.8,0.0,0.0,0.0,1,641.6,656.2,1,637.8,643.2,0.0,0.0,0.0,0.0,251
2023-05-11 09:33:38,MO2403-C-6000,MO2403-C-6000,637.8,0.0,0.0,0.0,1,641.8,656.2,1,637.8,643.2,0.0,0.0,0.0,0.0,251
2023-05-11 09:33:39,MO2403-C-6000,MO2403-C-6000,637.8,0.0,0.0,0.0,1,644.2,656.2,1,637.8,643.2,0.0,0.0,0.0,0.0,251
2023-05-11 09:33:50,MO2403-C-6000,MO2403-C-6000,637.8,0.0,0.0,0.0,1,642.8,656.2,1,637.8,643.2,0.0,0.0,0.0,0.0,251
2023-05-11 09:33:56,MO2403-C-6000,MO2403-C-6000,637.8,0.0,0.0,0.0,1,641.4,656.2,1,637.8,643.2,0.0,0.0,0.0,0.0,251
2023-05-11 09:33:57,MO2403-C-6000,MO2403-C-6000,637.8,0.0,0.0,0.0,1,641.6,656.2,1,637.8,643.2,0.0,0.0,0.0,0.0,251
2023-05-11 09:33:57,MO2403-C-6000,MO2403-C-6000,637.8,0.0,0.0,0.0,1,641.4,656.2,1,637.8,643.2,0.0,0.0,0.0,0.0,251
2023-05-11 09:34:00,MO2403-C-6000,MO2403-C-6000,637.8,0.0,0.0,0.0,1,641.6,656.2,1,637.8,643.2,0.0,0.0,0.0,0.0,251
2023-05-11 09:34:01,MO2403-C-6000,MO2403-C-6000,637.8,0.0,0.0,0.0,1,644.4,656.2,1,637.8,643.2,0.0,0.0,0.0,0.0,251
2023-05-11 09:34:17,MO2403-C-6000,MO2403-C-6000,637.8,0.0,0.0,0.0,1,642.8,656.2,1,637.8,643.2,0.0,0.0,0.0,0.0,251
2023-05-11 09:34:19,MO2403-C-6000,MO2403-C-6000,637.8,0.0,0.0,0.0,1,643.2,655.8,6,637.8,643.2,0.0,0.0,0.0,0.0,251
2023-05-11 09:34:21,MO2403-C-6000,MO2403-C-6000,637.8,0.0,0.0,0.0,1,644.2,655.8,6,637.8,643.2,0.0,0.0,0.0,0.0,251
2023-05-11 09:34:33,MO2403-C-6000,MO2403-C-6000,637.8,0.0,0.0,0.0,1,643.2,655.8,6,637.8,643.2,0.0,0.0,0.0,0.0,251
2023-05-11 09:34:35,MO2403-C-6000,MO2403-C-6000,637.8,0.0,0.0,0.0,1,642.6,655.8,6,637.8,643.2,0.0,0.0,0.0,0.0,251
2023-05-11 09:34:35,MO2403-C-6000,MO2403-C-6000,637.8,0.0,0.0,0.0,1,642.8,655.8,6,637.8,643.2,0.0,0.0,0.0,0.0,251
2023-05-11 09:34:38,MO2403-C-6000,MO2403-C-6000,637.8,0.0,0.0,0.0,1,643.0,655.8,6,637.8,643.2,0.0,0.0,0.0,0.0,251
2023-05-11 09:34:38,MO2403-C-6000,MO2403-C-6000,637.8,0.0,0.0,0.0,1,643.6,655.8,6,637.8,643.2,0.0,0.0,0.0,0.0,251
2023-05-11 09:34:40,MO2403-C-6000,MO2403-C-6000,637.8,0.0,0.0,0.0,1,645.4,655.8,6,637.8,643.2,0.0,0.0,0.0,0.0,251
2023-05-11 09:34:41,MO2403-C-6000,MO2403-C-6000,637.8,0.0,0.0,0.0,1,645.4,656.0,15,637.8,643.2,0.0,0.0,0.0,0.0,251
2023-05-11 09:34:41,MO2403-C-6000,MO2403-C-6000,637.8,0.0,0.0,0.0,1,645.4,656.2,7,637.8,643.2,0.0,0.0,0.0,0.0,251
2023-05-11 09:34:42,MO2403-C-6000,MO2403-C-6000,637.8,0.0,0.0,0.0,1,645.4,656.2,1,637.8,643.2,0.0,0.0,0.0,0.0,251
2023-05-11 09:34:43,MO2403-C-6000,MO2403-C-6000,637.8,0.0,0.0,0.0,1,643.8,656.2,1,637.8,643.2,0.0,0.0,0.0,0.0,251
2023-05-11 09:34:44,MO2403-C-6000,MO2403-C-6000,637.8,0.0,0.0,0.0,1,644.0,656.2,1,637.8,643.2,0.0,0.0,0.0,0.0,251
2023-05-11 09:34:44,MO2403-C-6000,MO2403-C-6000,637.8,0.0,0.0,0.0,1,645.2,656.2,1,637.8,643.2,0.0,0.0,0.0,0.0,251
2023-05-11 09:34:52,MO2403-C-6000,MO2403-C-6000,637.8,0.0,0.0,0.0,1,643.4,656.2,1,637.8,643.2,0.0,0.0,0.0,0.0,251
2023-05-11 09:34:53,MO2403-C-6000,MO2403-C-6000,637.8,0.0,0.0,0.0,2,643.4,656.2,1,637.8,643.2,0.0,0.0,0.0,0.0,251
2023-05-11 09:34:54,MO2403-C-6000,MO2403-C-6000,637.8,0.0,0.0,0.0,1,643.4,655.8,6,637.8,643.2,0.0,0.0,0.0,0.0,251
2023-05-11 09:34:57,MO2403-C-6000,MO2403-C-6000,637.8,0.0,0.0,0.0,2,643.4,655.8,6,637.8,643.2,0.0,0.0,0.0,0.0,251
2023-05-11 09:35:01,MO2403-C-6000,MO2403-C-6000,637.8,0.0,0.0,0.0,1,643.4,655.8,6,637.8,643.2,0.0,0.0,0.0,0.0,251
2023-05-11 09:35:01,MO2403-C-6000,MO2403-C-6000,637.8,0.0,0.0,0.0,12,643.2,655.8,6,637.8,643.2,0.0,0.0,0.0,0.0,251
2023-05-11 09:35:02,MO2403-C-6000,MO2403-C-6000,637.8,0.0,0.0,0.0,6,642.8,655.8,6,637.8,643.2,0.0,0.0,0.0,0.0,251
2023-05-11 09:35:02,MO2403-C-6000,MO2403-C-6000,637.8,0.0,0.0,0.0,18,641.6,655.8,6,637.8,643.2,0.0,0.0,0.0,0.0,251
2023-05-11 09:35:03,MO2403-C-6000,MO2403-C-6000,637.8,0.0,0.0,0.0,1,642.2,655.8,6,637.8,643.2,0.0,0.0,0.0,0.0,251
2023-05-11 09:35:03,MO2403-C-6000,MO2403-C-6000,637.8,0.0,0.0,0.0,30,641.2,655.8,6,637.8,643.2,0.0,0.0,0.0,0.0,251
2023-05-11 09:35:04,MO2403-C-6000,MO2403-C-6000,637.8,0.0,0.0,0.0,1,641.8,655.8,6,637.8,643.2,0.0,0.0,0.0,0.0,251
2023-05-11 09:35:06,MO2403-C-6000,MO2403-C-6000,637.8,0.0,0.0,0.0,1,641.4,655.8,6,637.8,643.2,0.0,0.0,0.0,0.0,251
2023-05-11 09:35:06,MO2403-C-6000,MO2403-C-6000,637.8,0.0,0.0,0.0,12,641.2,655.8,6,637.8,643.2,0.0,0.0,0.0,0.0,251
2023-05-11 09:35:07,MO2403-C-6000,MO2403-C-6000,637.8,0.0,0.0,0.0,1,641.2,652.2,1,637.8,643.2,0.0,0.0,0.0,0.0,251
2023-05-11 09:35:07,MO2403-C-6000,MO2403-C-6000,637.8,0.0,0.0,0.0,1,641.2,652.2,7,637.8,643.2,0.0,0.0,0.0,0.0,251
2023-05-11 09:35:11,MO2403-C-6000,MO2403-C-6000,637.8,0.0,0.0,0.0,1,642.2,652.2,7,637.8,643.2,0.0,0.0,0.0,0.0,251
2023-05-11 09:35:14,MO2403-C-6000,MO2403-C-6000,637.8,0.0,0.0,0.0,1,642.2,652.2,6,637.8,643.2,0.0,0.0,0.0,0.0,251
2023-05-11 09:35:19,MO2403-C-6000,MO2403-C-6000,637.8,0.0,0.0,0.0,1,641.2,652.2,6,637.8,643.2,0.0,0.0,0.0,0.0,251
2023-05-11 09:35:19,MO2403-C-6000,MO2403-C-6000,637.8,0.0,0.0,0.0,13,640.6,652.2,6,637.8,643.2,0.0,0.0,0.0,0.0,251
2023-05-11 09:35:20,MO2403-C-6000,MO2403-C-6000,637.8,0.0,0.0,0.0,7,640.6,652.2,6,637.8,643.2,0.0,0.0,0.0,0.0,251
2023-05-11 09:35:20,MO2403-C-6000,MO2403-C-6000,637.8,0.0,0.0,0.0,7,640.8,652.2,6,637.8,643.2,0.0,0.0,0.0,0.0,251
2023-05-11 09:35:21,MO2403-C-6000,MO2403-C-6000,637.8,0.0,0.0,0.0,1,640.6,652.2,6,637.8,643.2,0.0,0.0,0.0,0.0,251
2023-05-11 09:35:23,MO2403-C-6000,MO2403-C-6000,637.8,0.0,0.0,0.0,1,639.8,652.2,6,637.8,643.2,0.0,0.0,0.0,0.0,251
2023-05-11 09:35:24,MO2403-C-6000,MO2403-C-6000,637.8,0.0,0.0,0.0,1,640.2,652.2,6,637.8,643.2,0.0,0.0,0.0,0.0,251
2023-05-11 09:35:25,MO2403-C-6000,MO2403-C-6000,637.8,0.0,0.0,0.0,1,639.8,652.2,6,637.8,643.2,0.0,0.0,0.0,0.0,251
2023-05-11 09:35:25,MO2403-C-6000,MO2403-C-6000,637.8,0.0,0.0,0.0,2,639.8,652.2,6,637.8,643.2,0.0,0.0,0.0,0.0,251
2023-05-11 09:35:26,MO2403-C-6000,MO2403-C-6000,637.8,0.0,0.0,0.0,1,639.8,651.8,6,637.8,643.2,0.0,0.0,0.0,0.0,251
2023-05-11 09:35:26,MO2403-C-6000,MO2403-C-6000,637.8,0.0,0.0,0.0,2,639.8,651.8,6,637.8,643.2,0.0,0.0,0.0,0.0,251
2023-05-11 09:35:31,MO2403-C-6000,MO2403-C-6000,637.8,0.0,0.0,0.0,1,639.8,651.8,6,637.8,643.2,0.0,0.0,0.0,0.0,251
2023-05-11 09:35:32,MO2403-C-6000,MO2403-C-6000,637.8,0.0,0.0,0.0,2,639.8,651.8,6,637.8,643.2,0.0,0.0,0.0,0.0,251
2023-05-11 09:35:37,MO2403-C-6000,MO2403-C-6000,637.8,0.0,0.0,0.0,1,639.8,651.8,6,637.8,643.2,0.0,0.0,0.0,0.0,251
2023-05-11 09:35:38,MO2403-C-6000,MO2403-C-6000,637.8,0.0,0.0,0.0,18,639.4,651.8,6,637.8,643.2,0.0,0.0,0.0,0.0,251
2023-05-11 09:35:38,MO2403-C-6000,MO2403-C-6000,637.8,0.0,0.0,0.0,6,639.2,651.8,6,637.8,643.2,0.0,0.0,0.0,0.0,251
2023-05-11 09:35:39,MO2403-C-6000,MO2403-C-6000,637.8,0.0,0.0,0.0,6,639.0,651.8,6,637.8,643.2,0.0,0.0,0.0,0.0,251
2023-05-11 09:35:39,MO2403-C-6000,MO2403-C-6000,637.8,0.0,0.0,0.0,6,638.8,651.8,6,637.8,643.2,0.0,0.0,0.0,0.0,251
2023-05-11 09:35:40,MO2403-C-6000,MO2403-C-6000,637.8,0.0,0.0,0.0,6,638.6,648.6,1,637.8,643.2,0.0,0.0,0.0,0.0,251
2023-05-11 09:35:40,MO2403-C-6000,MO2403-C-6000,637.8,0.0,0.0,0.0,12,638.2,648.6,7,637.8,643.2,0.0,0.0,0.0,0.0,251
2023-05-11 09:35:41,MO2403-C-6000,MO2403-C-6000,637.8,0.0,0.0,0.0,30,637.4,648.6,7,637.8,643.2,0.0,0.0,0.0,0.0,251
2023-05-11 09:35:41,MO2403-C-6000,MO2403-C-6000,637.8,0.0,0.0,0.0,1,638.0,648.6,7,637.8,643.2,0.0,0.0,0.0,0.0,251
2023-05-11 09:35:42,MO2403-C-6000,MO2403-C-6000,637.8,0.0,0.0,0.0,6,637.6,648.6,7,637.8,643.2,0.0,0.0,0.0,0.0,251
2023-05-11 09:35:43,MO2403-C-6000,MO2403-C-6000,637.8,0.0,0.0,0.0,1,637.8,648.6,7,637.8,643.2,0.0,0.0,0.0,0.0,251
2023-05-11 09:35:44,MO2403-C-6000,MO2403-C-6000,637.8,0.0,0.0,0.0,12,637.4,648.6,7,637.8,643.2,0.0,0.0,0.0,0.0,251
2023-05-11 09:35:44,MO2403-C-6000,MO2403-C-6000,637.8,0.0,0.0,0.0,1,637.6,648.6,7,637.8,643.2,0.0,0.0,0.0,0.0,251
2023-05-11 09:35:45,MO2403-C-6000,MO2403-C-6000,637.8,0.0,0.0,0.0,7,637.6,648.6,7,637.8,643.2,0.0,0.0,0.0,0.0,251
2023-05-11 09:35:46,MO2403-C-6000,MO2403-C-6000,637.8,0.0,0.0,0.0,6,637.6,648.6,7,637.8,643.2,0.0,0.0,0.0,0.0,251
2023-05-11 09:35:47,MO2403-C-6000,MO2403-C-6000,637.8,0.0,0.0,0.0,1,637.6,648.6,7,637.8,643.2,0.0,0.0,0.0,0.0,251
2023-05-11 09:35:51,MO2403-C-6000,MO2403-C-6000,637.8,0.0,0.0,0.0,1,638.8,648.6,7,637.8,643.2,0.0,0.0,0.0,0.0,251
2023-05-11 09:35:52,MO2403-C-6000,MO2403-C-6000,637.8,0.0,0.0,0.0,1,638.8,648.6,6,637.8,643.2,0.0,0.0,0.0,0.0,251
2023-05-11 09:35:56,MO2403-C-6000,MO2403-C-6000,637.8,0.0,0.0,0.0,13,637.2,648.6,6,637.8,643.2,0.0,0.0,0.0,0.0,251
2023-05-11 09:35:57,MO2403-C-6000,MO2403-C-6000,637.8,0.0,0.0,0.0,7,637.2,648.6,6,637.8,643.2,0.0,0.0,0.0,0.0,251
2023-05-11 09:35:57,MO2403-C-6000,MO2403-C-6000,637.8,0.0,0.0,0.0,1,637.6,648.6,6,637.8,643.2,0.0,0.0,0.0,0.0,251
2023-05-11 09:35:58,MO2403-C-6000,MO2403-C-6000,637.8,0.0,0.0,0.0,7,637.2,648.6,6,637.8,643.2,0.0,0.0,0.0,0.0,251
2023-05-11 09:36:03,MO2403-C-6000,MO2403-C-6000,637.8,0.0,0.0,0.0,8,637.2,648.6,6,637.8,643.2,0.0,0.0,0.0,0.0,251
2023-05-11 09:36:04,MO2403-C-6000,MO2403-C-6000,637.8,0.0,0.0,0.0,1,638.8,648.6,6,637.8,643.2,0.0,0.0,0.0,0.0,251
2023-05-11 09:36:11,MO2403-C-6000,MO2403-C-6000,637.8,0.0,0.0,0.0,7,637.2,648.6,6,637.8,643.2,0.0,0.0,0.0,0.0,251
2023-05-11 09:36:18,MO2403-C-6000,MO2403-C-6000,637.8,0.0,0.0,0.0,6,637.2,648.6,6,637.8,643.2,0.0,0.0,0.0,0.0,251
2023-05-11 09:36:19,MO2403-C-6000,MO2403-C-6000,637.8,0.0,0.0,0.0,1,637.6,648.6,6,637.8,643.2,0.0,0.0,0.0,0.0,251
2023-05-11 09:36:20,MO2403-C-6000,MO2403-C-6000,637.8,0.0,0.0,0.0,6,637.2,648.6,6,637.8,643.2,0.0,0.0,0.0,0.0,251
2023-05-11 09:36:20,MO2403-C-6000,MO2403-C-6000,637.8,0.0,0.0,0.0,1,637.4,648.6,6,637.8,643.2,0.0,0.0,0.0,0.0,251
2023-05-11 09:36:23,MO2403-C-6000,MO2403-C-6000,637.8,0.0,0.0,0.0,6,637.2,648.6,6,637.8,643.2,0.0,0.0,0.0,0.0,251
2023-05-11 09:36:24,MO2403-C-6000,MO2403-C-6000,637.8,0.0,0.0,0.0,1,637.4,648.6,6,637.8,643.2,0.0,0.0,0.0,0.0,251
2023-05-11 09:36:28,MO2403-C-6000,MO2403-C-6000,637.8,0.0,0.0,0.0,6,637.2,648.6,6,637.8,643.2,0.0,0.0,0.0,0.0,251
2023-05-11 09:36:28,MO2403-C-6000,MO2403-C-6000,637.8,0.0,0.0,0.0,7,637.2,648.6,6,637.8,643.2,0.0,0.0,0.0,0.0,251
2023-05-11 09:36:31,MO2403-C-6000,MO2403-C-6000,637.8,0.0,0.0,0.0,6,637.2,648.6,6,637.8,643.2,0.0,0.0,0.0,0.0,251
2023-05-11 09:36:32,MO2403-C-6000,MO2403-C-6000,637.8,0.0,0.0,0.0,7,637.2,648.6,6,637.8,643.2,0.0,0.0,0.0,0.0,251
2023-05-11 09:36:36,MO2403-C-6000,MO2403-C-6000,637.8,0.0,0.0,0.0,6,637.2,648.6,6,637.8,643.2,0.0,0.0,0.0,0.0,251
2023-05-11 09:36:36,MO2403-C-6000,MO2403-C-6000,637.8,0.0,0.0,0.0,1,637.4,648.6,6,637.8,643.2,0.0,0.0,0.0,0.0,251
2023-05-11 09:36:38,MO2403-C-6000,MO2403-C-6000,637.8,0.0,0.0,0.0,6,637.2,648.6,6,637.8,643.2,0.0,0.0,0.0,0.0,251
2023-05-11 09:36:43,MO2403-C-6000,MO2403-C-6000,637.8,0.0,0.0,0.0,5,637.0,648.6,6,637.8,643.2,0.0,0.0,0.0,0.0,251
2023-05-11 09:36:45,MO2403-C-6000,MO2403-C-6000,637.8,0.0,0.0,0.0,12,636.8,648.6,6,637.8,643.2,0.0,0.0,0.0,0.0,251
2023-05-11 09:36:46,MO2403-C-6000,MO2403-C-6000,637.8,0.0,0.0,0.0,12,636.6,648.0,6,637.8,643.2,0.0,0.0,0.0,0.0,251
2023-05-11 09:36:46,MO2403-C-6000,MO2403-C-6000,637.8,0.0,0.0,0.0,24,636.0,648.0,6,637.8,643.2,0.0,0.0,0.0,0.0,251
2023-05-11 09:36:47,MO2403-C-6000,MO2403-C-6000,637.8,0.0,0.0,0.0,6,636.0,645.2,1,637.8,643.2,0.0,0.0,0.0,0.0,251
2023-05-11 09:36:47,MO2403-C-6000,MO2403-C-6000,637.8,0.0,0.0,0.0,23,635.2,645.2,1,637.8,643.2,0.0,0.0,0.0,0.0,251
2023-05-11 09:36:48,MO2403-C-6000,MO2403-C-6000,637.8,0.0,0.0,0.0,11,635.2,645.2,7,637.8,643.2,0.0,0.0,0.0,0.0,251
2023-05-11 09:36:48,MO2403-C-6000,MO2403-C-6000,637.8,0.0,0.0,0.0,5,635.2,645.2,7,637.8,643.2,0.0,0.0,0.0,0.0,251
2023-05-11 09:36:58,MO2403-C-6000,MO2403-C-6000,637.8,0.0,0.0,0.0,18,633.8,645.2,7,637.8,643.2,0.0,0.0,0.0,0.0,251
2023-05-11 09:36:59,MO2403-C-6000,MO2403-C-6000,637.8,0.0,0.0,0.0,13,633.8,645.2,7,637.8,643.2,0.0,0.0,0.0,0.0,251
2023-05-11 09:37:02,MO2403-C-6000,MO2403-C-6000,637.8,0.0,0.0,0.0,12,633.8,645.2,7,637.8,643.2,0.0,0.0,0.0,0.0,251
2023-05-11 09:37:03,MO2403-C-6000,MO2403-C-6000,637.8,0.0,0.0,0.0,6,633.8,645.2,7,637.8,643.2,0.0,0.0,0.0,0.0,251
2023-05-11 09:37:03,MO2403-C-6000,MO2403-C-6000,637.8,0.0,0.0,0.0,12,633.6,645.2,7,637.8,643.2,0.0,0.0,0.0,0.0,251
2023-05-11 09:37:04,MO2403-C-6000,MO2403-C-6000,637.8,0.0,0.0,0.0,6,633.4,645.2,7,637.8,643.2,0.0,0.0,0.0,0.0,251
2023-05-11 09:37:04,MO2403-C-6000,MO2403-C-6000,637.8,0.0,0.0,0.0,1,633.4,645.2,7,637.8,643.2,0.0,0.0,0.0,0.0,251
2023-05-11 09:37:05,MO2403-C-6000,MO2403-C-6000,637.8,0.0,0.0,0.0,7,633.4,645.2,7,637.8,643.2,0.0,0.0,0.0,0.0,251
2023-05-11 09:37:08,MO2403-C-6000,MO2403-C-6000,637.8,0.0,0.0,0.0,6,633.4,645.2,7,637.8,643.2,0.0,0.0,0.0,0.0,251
2023-05-11 09:37:09,MO2403-C-6000,MO2403-C-6000,637.8,0.0,0.0,0.0,1,634.4,645.2,7,637.8,643.2,0.0,0.0,0.0,0.0,251
2023-05-11 09:37:09,MO2403-C-6000,MO2403-C-6000,637.8,0.0,0.0,0.0,1,634.4,645.2,6,637.8,643.2,0.0,0.0,0.0,0.0,251
2023-05-11 09:37:11,MO2403-C-6000,MO2403-C-6000,637.8,0.0,0.0,0.0,2,634.4,645.2,6,637.8,643.2,0.0,0.0,0.0,0.0,251
2023-05-11 09:37:11,MO2403-C-6000,MO2403-C-6000,637.8,0.0,0.0,0.0,1,635.8,645.2,6,637.8,643.2,0.0,0.0,0.0,0.0,251
2023-05-11 09:37:13,MO2403-C-6000,MO2403-C-6000,637.8,0.0,0.0,0.0,1,635.8,645.4,27,637.8,643.2,0.0,0.0,0.0,0.0,251
2023-05-11 09:37:13,MO2403-C-6000,MO2403-C-6000,637.8,0.0,0.0,0.0,1,635.8,645.4,6,637.8,643.2,0.0,0.0,0.0,0.0,251
2023-05-11 09:37:14,MO2403-C-6000,MO2403-C-6000,637.8,0.0,0.0,0.0,1,635.8,645.6,21,637.8,643.2,0.0,0.0,0.0,0.0,251
2023-05-11 09:37:14,MO2403-C-6000,MO2403-C-6000,637.8,0.0,0.0,0.0,1,635.8,645.6,6,637.8,643.2,0.0,0.0,0.0,0.0,251
2023-05-11 09:37:15,MO2403-C-6000,MO2403-C-6000,637.8,0.0,0.0,0.0,1,635.8,645.8,21,637.8,643.2,0.0,0.0,0.0,0.0,251
2023-05-11 09:37:15,MO2403-C-6000,MO2403-C-6000,637.8,0.0,0.0,0.0,1,635.8,645.8,6,637.8,643.2,0.0,0.0,0.0,0.0,251
2023-05-11 09:37:16,MO2403-C-6000,MO2403-C-6000,637.8,0.0,0.0,0.0,6,635.4,646.0,33,637.8,643.2,0.0,0.0,0.0,0.0,251
2023-05-11 09:37:16,MO2403-C-6000,MO2403-C-6000,637.8,0.0,0.0,0.0,12,635.2,646.0,18,637.8,643.2,0.0,0.0,0.0,0.0,251
2023-05-11 09:37:17,MO2403-C-6000,MO2403-C-6000,637.8,0.0,0.0,0.0,18,634.4,646.0,12,637.8,643.2,0.0,0.0,0.0,0.0,251
2023-05-11 09:37:17,MO2403-C-6000,MO2403-C-6000,637.8,0.0,0.0,0.0,6,634.4,646.0,8,637.8,643.2,0.0,0.0,0.0,0.0,251
2023-05-11 09:37:18,MO2403-C-6000,MO2403-C-6000,637.8,0.0,0.0,0.0,11,633.4,646.0,8,637.8,643.2,0.0,0.0,0.0,0.0,251
2023-05-11 09:37:18,MO2403-C-6000,MO2403-C-6000,637.8,0.0,0.0,0.0,1,633.6,646.0,8,637.8,643.2,0.0,0.0,0.0,0.0,251
2023-05-11 09:37:23,MO2403-C-6000,MO2403-C-6000,637.8,0.0,0.0,0.0,5,633.4,646.0,8,637.8,643.2,0.0,0.0,0.0,0.0,251
2023-05-11 09:37:24,MO2403-C-6000,MO2403-C-6000,637.8,0.0,0.0,0.0,6,633.4,646.0,8,637.8,643.2,0.0,0.0,0.0,0.0,251
2023-05-11 09:37:24,MO2403-C-6000,MO2403-C-6000,637.8,0.0,0.0,0.0,5,633.4,646.0,8,637.8,643.2,0.0,0.0,0.0,0.0,251
2023-05-11 09:37:26,MO2403-C-6000,MO2403-C-6000,637.8,0.0,0.0,0.0,18,632.2,646.0,8,637.8,643.2,0.0,0.0,0.0,0.0,251
2023-05-11 09:37:27,MO2403-C-6000,MO2403-C-6000,637.8,0.0,0.0,0.0,1,632.4,646.0,8,637.8,643.2,0.0,0.0,0.0,0.0,251
2023-05-11 09:37:28,MO2403-C-6000,MO2403-C-6000,637.8,0.0,0.0,0.0,6,632.2,646.0,8,637.8,643.2,0.0,0.0,0.0,0.0,251
2023-05-11 09:37:28,MO2403-C-6000,MO2403-C-6000,637.8,0.0,0.0,0.0,18,631.8,646.0,8,637.8,643.2,0.0,0.0,0.0,0.0,251
2023-05-11 09:37:29,MO2403-C-6000,MO2403-C-6000,637.8,0.0,0.0,0.0,1,632.2,646.0,8,637.8,643.2,0.0,0.0,0.0,0.0,251
2023-05-11 09:37:32,MO2403-C-6000,MO2403-C-6000,637.8,0.0,0.0,0.0,1,633.0,646.0,8,637.8,643.2,0.0,0.0,0.0,0.0,251
2023-05-11 09:37:37,MO2403-C-6000,MO2403-C-6000,637.8,0.0,0.0,0.0,18,631.6,646.0,8,637.8,643.2,0.0,0.0,0.0,0.0,251
2023-05-11 09:37:38,MO2403-C-6000,MO2403-C-6000,637.8,0.0,0.0,0.0,1,632.2,646.0,8,637.8,643.2,0.0,0.0,0.0,0.0,251
2023-05-11 09:37:44,MO2403-C-6000,MO2403-C-6000,637.8,0.0,0.0,0.0,12,631.6,646.0,8,637.8,643.2,0.0,0.0,0.0,0.0,251
2023-05-11 09:37:45,MO2403-C-6000,MO2403-C-6000,637.8,0.0,0.0,0.0,1,632.0,646.0,8,637.8,643.2,0.0,0.0,0.0,0.0,251
2023-05-11 09:37:47,MO2403-C-6000,MO2403-C-6000,637.8,0.0,0.0,0.0,6,631.6,646.0,8,637.8,643.2,0.0,0.0,0.0,0.0,251
2023-05-11 09:37:48,MO2403-C-6000,MO2403-C-6000,637.8,0.0,0.0,0.0,1,632.0,646.0,8,637.8,643.2,0.0,0.0,0.0,0.0,251
2023-05-11 09:37:48,MO2403-C-6000,MO2403-C-6000,637.8,0.0,0.0,0.0,1,632.6,646.0,8,637.8,643.2,0.0,0.0,0.0,0.0,251
2023-05-11 09:37:53,MO2403-C-6000,MO2403-C-6000,637.8,0.0,0.0,0.0,1,633.2,646.0,8,637.8,643.2,0.0,0.0,0.0,0.0,251
2023-05-11 09:37:54,MO2403-C-6000,MO2403-C-6000,637.8,0.0,0.0,0.0,1,632.6,646.0,8,637.8,643.2,0.0,0.0,0.0,0.0,251
2023-05-11 09:37:54,MO2403-C-6000,MO2403-C-6000,637.8,0.0,0.0,0.0,1,633.0,646.0,8,637.8,643.2,0.0,0.0,0.0,0.0,251
2023-05-11 09:37:56,MO2403-C-6000,MO2403-C-6000,637.8,0.0,0.0,0.0,1,632.6,646.0,8,637.8,643.2,0.0,0.0,0.0,0.0,251
2023-05-11 09:37:57,MO2403-C-6000,MO2403-C-6000,637.8,0.0,0.0,0.0,2,632.6,646.0,8,637.8,643.2,0.0,0.0,0.0,0.0,251
2023-05-11 09:38:02,MO2403-C-6000,MO2403-C-6000,637.8,0.0,0.0,0.0,7,632.6,646.0,8,637.8,643.2,0.0,0.0,0.0,0.0,251
2023-05-11 09:38:05,MO2403-C-6000,MO2403-C-6000,637.8,0.0,0.0,0.0,1,634.2,646.0,8,637.8,643.2,0.0,0.0,0.0,0.0,251
2023-05-11 09:38:05,MO2403-C-6000,MO2403-C-6000,637.8,0.0,0.0,0.0,1,634.2,646.0,6,637.8,643.2,0.0,0.0,0.0,0.0,251
2023-05-11 09:38:24,MO2403-C-6000,MO2403-C-6000,637.8,0.0,0.0,0.0,2,634.2,646.0,6,637.8,643.2,0.0,0.0,0.0,0.0,251
2023-05-11 09:38:25,MO2403-C-6000,MO2403-C-6000,637.8,0.0,0.0,0.0,1,635.4,646.0,6,637.8,643.2,0.0,0.0,0.0,0.0,251
2023-05-11 09:38:27,MO2403-C-6000,MO2403-C-6000,637.8,0.0,0.0,0.0,5,634.8,646.0,6,637.8,643.2,0.0,0.0,0.0,0.0,251
2023-05-11 09:38:30,MO2403-C-6000,MO2403-C-6000,637.8,0.0,0.0,0.0,1,636.0,646.0,6,637.8,643.2,0.0,0.0,0.0,0.0,251
2023-05-11 09:38:39,MO2403-C-6000,MO2403-C-6000,637.8,0.0,0.0,0.0,5,634.8,646.0,6,637.8,643.2,0.0,0.0,0.0,0.0,251
2023-05-11 09:38:41,MO2403-C-6000,MO2403-C-6000,637.8,0.0,0.0,0.0,1,634.2,646.0,6,637.8,643.2,0.0,0.0,0.0,0.0,251
2023-05-11 09:38:41,MO2403-C-6000,MO2403-C-6000,637.8,0.0,0.0,0.0,5,633.0,646.0,6,637.8,643.2,0.0,0.0,0.0,0.0,251
2023-05-11 09:38:42,MO2403-C-6000,MO2403-C-6000,637.8,0.0,0.0,0.0,6,633.0,646.0,6,637.8,643.2,0.0,0.0,0.0,0.0,251
2023-05-11 09:38:42,MO2403-C-6000,MO2403-C-6000,637.8,0.0,0.0,0.0,5,633.0,646.0,6,637.8,643.2,0.0,0.0,0.0,0.0,251
2023-05-11 09:38:43,MO2403-C-6000,MO2403-C-6000,637.8,0.0,0.0,0.0,1,633.4,646.0,6,637.8,643.2,0.0,0.0,0.0,0.0,251
2023-05-11 09:38:44,MO2403-C-6000,MO2403-C-6000,637.8,0.0,0.0,0.0,1,634.0,646.0,6,637.8,643.2,0.0,0.0,0.0,0.0,251
2023-05-11 09:38:54,MO2403-C-6000,MO2403-C-6000,637.8,0.0,0.0,0.0,6,633.0,646.0,6,637.8,643.2,0.0,0.0,0.0,0.0,251
2023-05-11 09:38:55,MO2403-C-6000,MO2403-C-6000,637.8,0.0,0.0,0.0,1,633.2,646.0,6,637.8,643.2,0.0,0.0,0.0,0.0,251
2023-05-11 09:38:55,MO2403-C-6000,MO2403-C-6000,637.8,0.0,0.0,0.0,6,633.0,646.0,6,637.8,643.2,0.0,0.0,0.0,0.0,251
2023-05-11 09:38:56,MO2403-C-6000,MO2403-C-6000,637.8,0.0,0.0,0.0,7,633.0,646.0,6,637.8,643.2,0.0,0.0,0.0,0.0,251
2023-05-11 09:38:57,MO2403-C-6000,MO2403-C-6000,637.8,0.0,0.0,0.0,6,633.0,646.0,6,637.8,643.2,0.0,0.0,0.0,0.0,251
2023-05-11 09:38:57,MO2403-C-6000,MO2403-C-6000,637.8,0.0,0.0,0.0,1,633.2,646.0,6,637.8,643.2,0.0,0.0,0.0,0.0,251
2023-05-11 09:39:01,MO2403-C-6000,MO2403-C-6000,637.8,0.0,0.0,0.0,1,634.6,646.0,6,637.8,643.2,0.0,0.0,0.0,0.0,251
2023-05-11 09:39:06,MO2403-C-6000,MO2403-C-6000,637.8,0.0,0.0,0.0,1,634.8,646.0,6,637.8,643.2,0.0,0.0,0.0,0.0,251
2023-05-11 09:39:07,MO2403-C-6000,MO2403-C-6000,637.8,0.0,0.0,0.0,1,634.6,646.0,6,637.8,643.2,0.0,0.0,0.0,0.0,251
2023-05-11 09:39:07,MO2403-C-6000,MO2403-C-6000,637.8,0.0,0.0,0.0,2,634.6,646.0,6,637.8,643.2,0.0,0.0,0.0,0.0,251
2023-05-11 09:39:08,MO2403-C-6000,MO2403-C-6000,637.8,0.0,0.0,0.0,1,634.6,646.0,6,637.8,643.2,0.0,0.0,0.0,0.0,251
2023-05-11 09:39:08,MO2403-C-6000,MO2403-C-6000,637.8,0.0,0.0,0.0,2,634.6,646.0,6,637.8,643.2,0.0,0.0,0.0,0.0,251
2023-05-11 09:39:09,MO2403-C-6000,MO2403-C-6000,637.8,0.0,0.0,0.0,1,634.6,646.0,6,637.8,643.2,0.0,0.0,0.0,0.0,251
2023-05-11 09:39:10,MO2403-C-6000,MO2403-C-6000,637.8,0.0,0.0,0.0,1,635.0,646.0,6,637.8,643.2,0.0,0.0,0.0,0.0,251
2023-05-11 09:39:10,MO2403-C-6000,MO2403-C-6000,637.8,0.0,0.0,0.0,1,634.6,646.0,6,637.8,643.2,0.0,0.0,0.0,0.0,251
2023-05-11 09:39:12,MO2403-C-6000,MO2403-C-6000,637.8,0.0,0.0,0.0,6,633.0,646.0,6,637.8,643.2,0.0,0.0,0.0,0.0,251
2023-05-11 09:39:13,MO2403-C-6000,MO2403-C-6000,637.8,0.0,0.0,0.0,1,635.2,646.0,6,637.8,643.2,0.0,0.0,0.0,0.0,251
2023-05-11 09:39:18,MO2403-C-6000,MO2403-C-6000,637.8,0.0,0.0,0.0,5,633.0,646.0,6,637.8,643.2,0.0,0.0,0.0,0.0,251
2023-05-11 09:39:19,MO2403-C-6000,MO2403-C-6000,637.8,0.0,0.0,0.0,1,633.6,646.0,6,637.8,643.2,0.0,0.0,0.0,0.0,251
2023-05-11 09:39:19,MO2403-C-6000,MO2403-C-6000,637.8,0.0,0.0,0.0,5,633.0,646.0,6,637.8,643.2,0.0,0.0,0.0,0.0,251
2023-05-11 09:39:20,MO2403-C-6000,MO2403-C-6000,637.8,0.0,0.0,0.0,1,633.6,646.0,6,637.8,643.2,0.0,0.0,0.0,0.0,251
2023-05-11 09:39:23,MO2403-C-6000,MO2403-C-6000,637.8,0.0,0.0,0.0,1,633.8,646.0,6,637.8,643.2,0.0,0.0,0.0,0.0,251
2023-05-11 09:39:24,MO2403-C-6000,MO2403-C-6000,637.8,0.0,0.0,0.0,1,634.0,646.0,6,637.8,643.2,0.0,0.0,0.0,0.0,251
2023-05-11 09:39:26,MO2403-C-6000,MO2403-C-6000,637.8,0.0,0.0,0.0,1,635.6,646.0,6,637.8,643.2,0.0,0.0,0.0,0.0,251
2023-05-11 09:39:26,MO2403-C-6000,MO2403-C-6000,637.8,0.0,0.0,0.0,1,635.6,646.2,27,637.8,643.2,0.0,0.0,0.0,0.0,251
2023-05-11 09:39:27,MO2403-C-6000,MO2403-C-6000,637.8,0.0,0.0,0.0,1,635.6,646.2,6,637.8,643.2,0.0,0.0,0.0,0.0,251
2023-05-11 09:39:27,MO2403-C-6000,MO2403-C-6000,637.8,0.0,0.0,0.0,1,635.6,646.4,28,637.8,643.2,0.0,0.0,0.0,0.0,251
2023-05-11 09:39:28,MO2403-C-6000,MO2403-C-6000,637.8,0.0,0.0,0.0,1,635.6,646.4,7,637.8,643.2,0.0,0.0,0.0,0.0,251
2023-05-11 09:39:28,MO2403-C-6000,MO2403-C-6000,637.8,0.0,0.0,0.0,1,635.6,646.4,1,637.8,643.2,0.0,0.0,0.0,0.0,251
2023-05-11 09:39:36,MO2403-C-6000,MO2403-C-6000,637.8,0.0,0.0,0.0,1,635.6,646.4,7,637.8,643.2,0.0,0.0,0.0,0.0,251
2023-05-11 09:39:38,MO2403-C-6000,MO2403-C-6000,637.8,0.0,0.0,0.0,5,634.8,646.4,7,637.8,643.2,0.0,0.0,0.0,0.0,251
2023-05-11 09:39:42,MO2403-C-6000,MO2403-C-6000,637.8,0.0,0.0,0.0,6,634.8,646.4,7,637.8,643.2,0.0,0.0,0.0,0.0,251
2023-05-11 09:39:42,MO2403-C-6000,MO2403-C-6000,637.8,0.0,0.0,0.0,5,634.8,646.4,7,637.8,643.2,0.0,0.0,0.0,0.0,251
2023-05-11 09:39:43,MO2403-C-6000,MO2403-C-6000,637.8,0.0,0.0,0.0,1,635.0,646.4,7,637.8,643.2,0.0,0.0,0.0,0.0,251
2023-05-11 09:39:44,MO2403-C-6000,MO2403-C-6000,637.8,0.0,0.0,0.0,7,635.0,646.4,7,637.8,643.2,0.0,0.0,0.0,0.0,251
2023-05-11 09:39:45,MO2403-C-6000,MO2403-C-6000,637.8,0.0,0.0,0.0,1,636.2,646.4,7,637.8,643.2,0.0,0.0,0.0,0.0,251
2023-05-11 09:39:47,MO2403-C-6000,MO2403-C-6000,637.8,0.0,0.0,0.0,1,636.2,646.4,1,637.8,643.2,0.0,0.0,0.0,0.0,251
2023-05-11 09:39:56,MO2403-C-6000,MO2403-C-6000,637.8,0.0,0.0,0.0,1,636.2,646.6,21,637.8,643.2,0.0,0.0,0.0,0.0,251
2023-05-11 09:39:57,MO2403-C-6000,MO2403-C-6000,637.8,0.0,0.0,0.0,1,636.2,646.6,6,637.8,643.2,0.0,0.0,0.0,0.0,251
2023-05-11 09:39:57,MO2403-C-6000,MO2403-C-6000,637.8,0.0,0.0,0.0,1,636.2,646.8,21,637.8,643.2,0.0,0.0,0.0,0.0,251
2023-05-11 09:39:58,MO2403-C-6000,MO2403-C-6000,637.8,0.0,0.0,0.0,1,636.2,646.8,6,637.8,643.2,0.0,0.0,0.0,0.0,251
2023-05-11 09:39:58,MO2403-C-6000,MO2403-C-6000,637.8,0.0,0.0,0.0,1,636.2,647.0,21,637.8,643.2,0.0,0.0,0.0,0.0,251
2023-05-11 09:39:59,MO2403-C-6000,MO2403-C-6000,637.8,0.0,0.0,0.0,1,636.2,647.0,6,637.8,643.2,0.0,0.0,0.0,0.0,251
2023-05-11 09:39:59,MO2403-C-6000,MO2403-C-6000,637.8,0.0,0.0,0.0,1,636.2,647.2,21,637.8,643.2,0.0,0.0,0.0,0.0,251
2023-05-11 09:40:00,MO2403-C-6000,MO2403-C-6000,637.8,0.0,0.0,0.0,1,636.2,647.2,6,637.8,643.2,0.0,0.0,0.0,0.0,251
2023-05-11 09:40:00,MO2403-C-6000,MO2403-C-6000,637.8,0.0,0.0,0.0,1,636.2,647.4,21,637.8,643.2,0.0,0.0,0.0,0.0,251
2023-05-11 09:40:01,MO2403-C-6000,MO2403-C-6000,637.8,0.0,0.0,0.0,1,636.2,647.4,6,637.8,643.2,0.0,0.0,0.0,0.0,251
2023-05-11 09:40:01,MO2403-C-6000,MO2403-C-6000,637.8,0.0,0.0,0.0,1,636.2,647.6,45,637.8,643.2,0.0,0.0,0.0,0.0,251
2023-05-11 09:40:02,MO2403-C-6000,MO2403-C-6000,637.8,0.0,0.0,0.0,2,636.2,647.6,18,637.8,643.2,0.0,0.0,0.0,0.0,251
2023-05-11 09:40:02,MO2403-C-6000,MO2403-C-6000,637.8,0.0,0.0,0.0,1,638.0,647.6,12,637.8,643.2,0.0,0.0,0.0,0.0,251
2023-05-11 09:40:03,MO2403-C-6000,MO2403-C-6000,637.8,0.0,0.0,0.0,1,638.0,647.6,6,637.8,643.2,0.0,0.0,0.0,0.0,251
2023-05-11 09:40:04,MO2403-C-6000,MO2403-C-6000,637.8,0.0,0.0,0.0,6,638.0,647.6,6,637.8,643.2,0.0,0.0,0.0,0.0,251
2023-05-11 09:40:09,MO2403-C-6000,MO2403-C-6000,637.8,0.0,0.0,0.0,5,638.0,647.6,6,637.8,643.2,0.0,0.0,0.0,0.0,251
2023-05-11 09:40:10,MO2403-C-6000,MO2403-C-6000,637.8,0.0,0.0,0.0,11,636.4,647.6,6,637.8,643.2,0.0,0.0,0.0,0.0,251
2023-05-11 09:40:10,MO2403-C-6000,MO2403-C-6000,637.8,0.0,0.0,0.0,1,637.2,647.6,6,637.8,643.2,0.0,0.0,0.0,0.0,251
2023-05-11 09:40:15,MO2403-C-6000,MO2403-C-6000,637.8,0.0,0.0,0.0,2,637.2,647.6,6,637.8,643.2,0.0,0.0,0.0,0.0,251
2023-05-11 09:40:16,MO2403-C-6000,MO2403-C-6000,637.8,0.0,0.0,0.0,1,638.8,647.6,6,637.8,643.2,0.0,0.0,0.0,0.0,251
2023-05-11 09:40:40,MO2403-C-6000,MO2403-C-6000,637.8,0.0,0.0,0.0,1,637.0,647.6,6,637.8,643.2,0.0,0.0,0.0,0.0,251
2023-05-11 09:40:41,MO2403-C-6000,MO2403-C-6000,637.8,0.0,0.0,0.0,1,637.6,647.6,6,637.8,643.2,0.0,0.0,0.0,0.0,251
2023-05-11 09:40:42,MO2403-C-6000,MO2403-C-6000,637.8,0.0,0.0,0.0,1,637.0,647.6,6,637.8,643.2,0.0,0.0,0.0,0.0,251
2023-05-11 09:40:42,MO2403-C-6000,MO2403-C-6000,637.8,0.0,0.0,0.0,1,637.2,647.6,6,637.8,643.2,0.0,0.0,0.0,0.0,251
2023-05-11 09:40:43,MO2403-C-6000,MO2403-C-6000,637.8,0.0,0.0,0.0,7,637.0,647.6,6,637.8,643.2,0.0,0.0,0.0,0.0,251
2023-05-11 09:40:44,MO2403-C-6000,MO2403-C-6000,637.8,0.0,0.0,0.0,1,637.2,647.6,6,637.8,643.2,0.0,0.0,0.0,0.0,251
2023-05-11 09:40:46,MO2403-C-6000,MO2403-C-6000,637.8,0.0,0.0,0.0,7,637.0,647.6,6,637.8,643.2,0.0,0.0,0.0,0.0,251
2023-05-11 09:40:46,MO2403-C-6000,MO2403-C-6000,637.8,0.0,0.0,0.0,1,637.2,647.6,6,637.8,643.2,0.0,0.0,0.0,0.0,251
2023-05-11 09:40:54,MO2403-C-6000,MO2403-C-6000,637.8,0.0,0.0,0.0,7,637.0,647.6,6,637.8,643.2,0.0,0.0,0.0,0.0,251
2023-05-11 09:40:54,MO2403-C-6000,MO2403-C-6000,637.8,0.0,0.0,0.0,8,637.0,647.6,6,637.8,643.2,0.0,0.0,0.0,0.0,251
2023-05-11 09:40:55,MO2403-C-6000,MO2403-C-6000,637.8,0.0,0.0,0.0,7,637.0,647.6,6,637.8,643.2,0.0,0.0,0.0,0.0,251
2023-05-11 09:40:58,MO2403-C-6000,MO2403-C-6000,637.8,0.0,0.0,0.0,6,636.8,647.6,6,637.8,643.2,0.0,0.0,0.0,0.0,251
2023-05-11 09:40:58,MO2403-C-6000,MO2403-C-6000,637.8,0.0,0.0,0.0,6,636.4,647.6,6,637.8,643.2,0.0,0.0,0.0,0.0,251
2023-05-11 09:40:59,MO2403-C-6000,MO2403-C-6000,637.8,0.0,0.0,0.0,7,636.6,647.6,6,637.8,643.2,0.0,0.0,0.0,0.0,251
2023-05-11 09:41:00,MO2403-C-6000,MO2403-C-6000,637.8,0.0,0.0,0.0,1,636.8,647.6,6,637.8,643.2,0.0,0.0,0.0,0.0,251
2023-05-11 09:41:01,MO2403-C-6000,MO2403-C-6000,637.8,0.0,0.0,0.0,2,636.8,647.6,6,637.8,643.2,0.0,0.0,0.0,0.0,251
2023-05-11 09:41:04,MO2403-C-6000,MO2403-C-6000,637.8,0.0,0.0,0.0,6,636.6,647.6,6,637.8,643.2,0.0,0.0,0.0,0.0,251
2023-05-11 09:41:04,MO2403-C-6000,MO2403-C-6000,637.8,0.0,0.0,0.0,7,636.6,647.6,6,637.8,643.2,0.0,0.0,0.0,0.0,251
2023-05-11 09:41:05,MO2403-C-6000,MO2403-C-6000,637.8,0.0,0.0,0.0,6,636.6,647.6,6,637.8,643.2,0.0,0.0,0.0,0.0,251
2023-05-11 09:41:07,MO2403-C-6000,MO2403-C-6000,637.8,0.0,0.0,0.0,6,636.4,647.6,6,637.8,643.2,0.0,0.0,0.0,0.0,251
2023-05-11 09:41:07,MO2403-C-6000,MO2403-C-6000,637.8,0.0,0.0,0.0,18,636.2,647.6,6,637.8,643.2,0.0,0.0,0.0,0.0,251
2023-05-11 09:41:08,MO2403-C-6000,MO2403-C-6000,637.8,0.0,0.0,0.0,12,635.8,647.6,6,637.8,643.2,0.0,0.0,0.0,0.0,251
2023-05-11 09:41:08,MO2403-C-6000,MO2403-C-6000,637.8,0.0,0.0,0.0,12,635.6,647.6,6,637.8,643.2,0.0,0.0,0.0,0.0,251
2023-05-11 09:41:09,MO2403-C-6000,MO2403-C-6000,637.8,0.0,0.0,0.0,18,635.4,647.6,6,637.8,643.2,0.0,0.0,0.0,0.0,251
2023-05-11 09:41:09,MO2403-C-6000,MO2403-C-6000,637.8,0.0,0.0,0.0,12,635.4,647.6,6,637.8,643.2,0.0,0.0,0.0,0.0,251
2023-05-11 09:41:10,MO2403-C-6000,MO2403-C-6000,637.8,0.0,0.0,0.0,7,635.2,647.6,6,637.8,643.2,0.0,0.0,0.0,0.0,251
2023-05-11 09:41:10,MO2403-C-6000,MO2403-C-6000,637.8,0.0,0.0,0.0,1,635.6,647.6,6,637.8,643.2,0.0,0.0,0.0,0.0,251
2023-05-11 09:41:16,MO2403-C-6000,MO2403-C-6000,637.8,0.0,0.0,0.0,1,635.2,647.6,6,637.8,643.2,0.0,0.0,0.0,0.0,251
2023-05-11 09:41:16,MO2403-C-6000,MO2403-C-6000,637.8,0.0,0.0,0.0,1,635.4,647.6,6,637.8,643.2,0.0,0.0,0.0,0.0,251
2023-05-11 09:41:20,MO2403-C-6000,MO2403-C-6000,637.8,0.0,0.0,0.0,1,635.4,647.8,33,637.8,643.2,0.0,0.0,0.0,0.0,251
2023-05-11 09:41:20,MO2403-C-6000,MO2403-C-6000,637.8,0.0,0.0,0.0,12,634.2,647.8,18,637.8,643.2,0.0,0.0,0.0,0.0,251
2023-05-11 09:41:21,MO2403-C-6000,MO2403-C-6000,637.8,0.0,0.0,0.0,1,634.8,647.8,12,637.8,643.2,0.0,0.0,0.0,0.0,251
2023-05-11 09:41:21,MO2403-C-6000,MO2403-C-6000,637.8,0.0,0.0,0.0,1,634.8,647.8,6,637.8,643.2,0.0,0.0,0.0,0.0,251
2023-05-11 09:41:22,MO2403-C-6000,MO2403-C-6000,637.8,0.0,0.0,0.0,1,634.8,648.0,34,637.8,643.2,0.0,0.0,0.0,0.0,251
2023-05-11 09:41:22,MO2403-C-6000,MO2403-C-6000,637.8,0.0,0.0,0.0,1,634.8,648.0,13,637.8,643.2,0.0,0.0,0.0,0.0,251
2023-05-11 09:41:23,MO2403-C-6000,MO2403-C-6000,637.8,0.0,0.0,0.0,1,634.8,648.0,7,637.8,643.2,0.0,0.0,0.0,0.0,251
2023-05-11 09:41:23,MO2403-C-6000,MO2403-C-6000,637.8,0.0,0.0,0.0,1,634.8,648.0,1,637.8,643.2,0.0,0.0,0.0,0.0,251
2023-05-11 09:41:29,MO2403-C-6000,MO2403-C-6000,637.8,0.0,0.0,0.0,6,634.4,648.0,1,637.8,643.2,0.0,0.0,0.0,0.0,251
2023-05-11 09:41:30,MO2403-C-6000,MO2403-C-6000,637.8,0.0,0.0,0.0,1,635.0,648.0,1,637.8,643.2,0.0,0.0,0.0,0.0,251
2023-05-11 09:41:37,MO2403-C-6000,MO2403-C-6000,637.8,0.0,0.0,0.0,6,634.4,648.0,1,637.8,643.2,0.0,0.0,0.0,0.0,251
2023-05-11 09:41:37,MO2403-C-6000,MO2403-C-6000,637.8,0.0,0.0,0.0,1,634.8,648.0,1,637.8,643.2,0.0,0.0,0.0,0.0,251
2023-05-11 09:41:38,MO2403-C-6000,MO2403-C-6000,637.8,0.0,0.0,0.0,6,634.4,648.0,1,637.8,643.2,0.0,0.0,0.0,0.0,251
2023-05-11 09:41:38,MO2403-C-6000,MO2403-C-6000,637.8,0.0,0.0,0.0,1,635.0,648.0,1,637.8,643.2,0.0,0.0,0.0,0.0,251
2023-05-11 09:41:40,MO2403-C-6000,MO2403-C-6000,637.8,0.0,0.0,0.0,6,634.4,648.0,1,637.8,643.2,0.0,0.0,0.0,0.0,251
2023-05-11 09:41:40,MO2403-C-6000,MO2403-C-6000,637.8,0.0,0.0,0.0,1,635.0,648.0,1,637.8,643.2,0.0,0.0,0.0,0.0,251
2023-05-11 09:41:48,MO2403-C-6000,MO2403-C-6000,637.8,0.0,0.0,0.0,1,635.4,648.0,1,637.8,643.2,0.0,0.0,0.0,0.0,251
2023-05-11 09:41:52,MO2403-C-6000,MO2403-C-6000,637.8,0.0,0.0,0.0,1,635.6,648.0,1,637.8,643.2,0.0,0.0,0.0,0.0,251
2023-05-11 09:41:52,MO2403-C-6000,MO2403-C-6000,637.8,0.0,0.0,0.0,6,635.6,648.0,1,637.8,643.2,0.0,0.0,0.0,0.0,251
2023-05-11 09:41:53,MO2403-C-6000,MO2403-C-6000,637.8,0.0,0.0,0.0,6,635.8,648.0,1,637.8,643.2,0.0,0.0,0.0,0.0,251
2023-05-11 09:41:54,MO2403-C-6000,MO2403-C-6000,637.8,0.0,0.0,0.0,1,636.0,648.0,1,637.8,643.2,0.0,0.0,0.0,0.0,251
2023-05-11 09:41:54,MO2403-C-6000,MO2403-C-6000,637.8,0.0,0.0,0.0,6,635.8,648.0,1,637.8,643.2,0.0,0.0,0.0,0.0,251
2023-05-11 09:41:55,MO2403-C-6000,MO2403-C-6000,637.8,0.0,0.0,0.0,7,635.8,648.0,1,637.8,643.2,0.0,0.0,0.0,0.0,251
2023-05-11 09:41:55,MO2403-C-6000,MO2403-C-6000,637.8,0.0,0.0,0.0,6,635.8,648.0,1,637.8,643.2,0.0,0.0,0.0,0.0,251
2023-05-11 09:41:57,MO2403-C-6000,MO2403-C-6000,637.8,0.0,0.0,0.0,7,635.8,648.0,1,637.8,643.2,0.0,0.0,0.0,0.0,251
2023-05-11 09:41:58,MO2403-C-6000,MO2403-C-6000,637.8,0.0,0.0,0.0,6,635.8,648.0,1,637.8,643.2,0.0,0.0,0.0,0.0,251
2023-05-11 09:41:59,MO2403-C-6000,MO2403-C-6000,637.8,0.0,0.0,0.0,7,635.8,648.0,1,637.8,643.2,0.0,0.0,0.0,0.0,251
2023-05-11 09:42:00,MO2403-C-6000,MO2403-C-6000,637.8,0.0,0.0,0.0,6,635.8,648.0,1,637.8,643.2,0.0,0.0,0.0,0.0,251
2023-05-11 09:42:04,MO2403-C-6000,MO2403-C-6000,637.8,0.0,0.0,0.0,7,635.8,648.0,1,637.8,643.2,0.0,0.0,0.0,0.0,251
2023-05-11 09:42:07,MO2403-C-6000,MO2403-C-6000,637.8,0.0,0.0,0.0,1,637.4,648.0,1,637.8,643.2,0.0,0.0,0.0,0.0,251
2023-05-11 09:42:10,MO2403-C-6000,MO2403-C-6000,637.8,0.0,0.0,0.0,6,637.4,648.0,1,637.8,643.2,0.0,0.0,0.0,0.0,251
2023-05-11 09:42:12,MO2403-C-6000,MO2403-C-6000,637.8,0.0,0.0,0.0,6,637.4,648.2,33,637.8,643.2,0.0,0.0,0.0,0.0,251
2023-05-11 09:42:13,MO2403-C-6000,MO2403-C-6000,637.8,0.0,0.0,0.0,6,637.4,648.2,18,637.8,643.2,0.0,0.0,0.0,0.0,251
2023-05-11 09:42:13,MO2403-C-6000,MO2403-C-6000,637.8,0.0,0.0,0.0,7,637.4,648.2,12,637.8,643.2,0.0,0.0,0.0,0.0,251
2023-05-11 09:42:14,MO2403-C-6000,MO2403-C-6000,637.8,0.0,0.0,0.0,6,637.4,648.2,6,637.8,643.2,0.0,0.0,0.0,0.0,251
2023-05-11 09:42:15,MO2403-C-6000,MO2403-C-6000,637.8,0.0,0.0,0.0,7,637.4,648.2,6,637.8,643.2,0.0,0.0,0.0,0.0,251
2023-05-11 09:42:16,MO2403-C-6000,MO2403-C-6000,637.8,0.0,0.0,0.0,5,637.4,648.2,6,637.8,643.2,0.0,0.0,0.0,0.0,251
2023-05-11 09:42:17,MO2403-C-6000,MO2403-C-6000,637.8,0.0,0.0,0.0,6,635.8,648.2,6,637.8,643.2,0.0,0.0,0.0,0.0,251
2023-05-11 09:42:17,MO2403-C-6000,MO2403-C-6000,637.8,0.0,0.0,0.0,6,635.8,648.2,8,637.8,643.2,0.0,0.0,0.0,0.0,251
2023-05-11 09:42:18,MO2403-C-6000,MO2403-C-6000,637.8,0.0,0.0,0.0,11,635.6,648.2,8,637.8,643.2,0.0,0.0,0.0,0.0,251
2023-05-11 09:42:19,MO2403-C-6000,MO2403-C-6000,637.8,0.0,0.0,0.0,6,635.6,648.2,8,637.8,643.2,0.0,0.0,0.0,0.0,251
2023-05-11 09:42:20,MO2403-C-6000,MO2403-C-6000,637.8,0.0,0.0,0.0,6,635.6,648.2,6,637.8,643.2,0.0,0.0,0.0,0.0,251
2023-05-11 09:42:21,MO2403-C-6000,MO2403-C-6000,637.8,0.0,0.0,0.0,6,635.8,648.2,6,637.8,643.2,0.0,0.0,0.0,0.0,251
2023-05-11 09:42:21,MO2403-C-6000,MO2403-C-6000,637.8,0.0,0.0,0.0,1,636.4,648.2,6,637.8,643.2,0.0,0.0,0.0,0.0,251
2023-05-11 09:42:22,MO2403-C-6000,MO2403-C-6000,637.8,0.0,0.0,0.0,1,637.2,648.2,6,637.8,643.2,0.0,0.0,0.0,0.0,251
2023-05-11 09:42:23,MO2403-C-6000,MO2403-C-6000,637.8,0.0,0.0,0.0,1,637.8,648.2,6,637.8,643.2,0.0,0.0,0.0,0.0,251
2023-05-11 09:42:23,MO2403-C-6000,MO2403-C-6000,637.8,0.0,0.0,0.0,1,637.2,648.2,6,637.8,643.2,0.0,0.0,0.0,0.0,251
2023-05-11 09:42:24,MO2403-C-6000,MO2403-C-6000,637.8,0.0,0.0,0.0,1,637.8,648.2,6,637.8,643.2,0.0,0.0,0.0,0.0,251
2023-05-11 09:42:24,MO2403-C-6000,MO2403-C-6000,637.8,0.0,0.0,0.0,1,637.8,648.4,33,637.8,643.2,0.0,0.0,0.0,0.0,251
2023-05-11 09:42:25,MO2403-C-6000,MO2403-C-6000,637.8,0.0,0.0,0.0,1,637.8,648.4,18,637.8,643.2,0.0,0.0,0.0,0.0,251
2023-05-11 09:42:25,MO2403-C-6000,MO2403-C-6000,637.8,0.0,0.0,0.0,1,637.8,648.4,12,637.8,643.2,0.0,0.0,0.0,0.0,251
2023-05-11 09:42:26,MO2403-C-6000,MO2403-C-6000,637.8,0.0,0.0,0.0,1,637.8,648.4,6,637.8,643.2,0.0,0.0,0.0,0.0,251
2023-05-11 09:42:26,MO2403-C-6000,MO2403-C-6000,637.8,0.0,0.0,0.0,7,637.2,648.4,6,637.8,643.2,0.0,0.0,0.0,0.0,251
2023-05-11 09:42:27,MO2403-C-6000,MO2403-C-6000,637.8,0.0,0.0,0.0,1,637.6,648.4,6,637.8,643.2,0.0,0.0,0.0,0.0,251
2023-05-11 09:42:28,MO2403-C-6000,MO2403-C-6000,637.8,0.0,0.0,0.0,7,637.2,648.4,6,637.8,643.2,0.0,0.0,0.0,0.0,251
2023-05-11 09:42:28,MO2403-C-6000,MO2403-C-6000,637.8,0.0,0.0,0.0,1,637.4,648.4,6,637.8,643.2,0.0,0.0,0.0,0.0,251
2023-05-11 09:42:29,MO2403-C-6000,MO2403-C-6000,637.8,0.0,0.0,0.0,1,639.6,648.4,6,637.8,643.2,0.0,0.0,0.0,0.0,251
2023-05-11 09:42:40,MO2403-C-6000,MO2403-C-6000,637.8,0.0,0.0,0.0,5,638.2,648.4,6,637.8,643.2,0.0,0.0,0.0,0.0,251
2023-05-11 09:42:41,MO2403-C-6000,MO2403-C-6000,637.8,0.0,0.0,0.0,1,638.4,648.4,6,637.8,643.2,0.0,0.0,0.0,0.0,251
2023-05-11 09:42:42,MO2403-C-6000,MO2403-C-6000,637.8,0.0,0.0,0.0,5,638.2,648.4,6,637.8,643.2,0.0,0.0,0.0,0.0,251
2023-05-11 09:42:42,MO2403-C-6000,MO2403-C-6000,637.8,0.0,0.0,0.0,1,638.4,648.4,6,637.8,643.2,0.0,0.0,0.0,0.0,251
2023-05-11 09:42:45,MO2403-C-6000,MO2403-C-6000,637.8,0.0,0.0,0.0,5,638.2,648.4,6,637.8,643.2,0.0,0.0,0.0,0.0,251
2023-05-11 09:42:46,MO2403-C-6000,MO2403-C-6000,637.8,0.0,0.0,0.0,1,638.4,648.4,6,637.8,643.2,0.0,0.0,0.0,0.0,251
2023-05-11 09:42:46,MO2403-C-6000,MO2403-C-6000,637.8,0.0,0.0,0.0,5,638.2,648.4,6,637.8,643.2,0.0,0.0,0.0,0.0,251
2023-05-11 09:42:47,MO2403-C-6000,MO2403-C-6000,637.8,0.0,0.0,0.0,6,638.2,648.4,6,637.8,643.2,0.0,0.0,0.0,0.0,251
2023-05-11 09:42:47,MO2403-C-6000,MO2403-C-6000,637.8,0.0,0.0,0.0,5,638.2,648.4,6,637.8,643.2,0.0,0.0,0.0,0.0,251
2023-05-11 09:42:49,MO2403-C-6000,MO2403-C-6000,637.8,0.0,0.0,0.0,1,638.6,648.4,6,637.8,643.2,0.0,0.0,0.0,0.0,251
2023-05-11 09:42:50,MO2403-C-6000,MO2403-C-6000,637.8,0.0,0.0,0.0,5,638.2,648.4,6,637.8,643.2,0.0,0.0,0.0,0.0,251
2023-05-11 09:42:50,MO2403-C-6000,MO2403-C-6000,637.8,0.0,0.0,0.0,1,638.6,648.4,6,637.8,643.2,0.0,0.0,0.0,0.0,251
2023-05-11 09:42:53,MO2403-C-6000,MO2403-C-6000,637.8,0.0,0.0,0.0,5,638.2,648.4,6,637.8,643.2,0.0,0.0,0.0,0.0,251
2023-05-11 09:42:53,MO2403-C-6000,MO2403-C-6000,637.8,0.0,0.0,0.0,6,638.2,648.4,6,637.8,643.2,0.0,0.0,0.0,0.0,251
2023-05-11 09:42:57,MO2403-C-6000,MO2403-C-6000,637.8,0.0,0.0,0.0,5,638.2,648.4,6,637.8,643.2,0.0,0.0,0.0,0.0,251
2023-05-11 09:42:57,MO2403-C-6000,MO2403-C-6000,637.8,0.0,0.0,0.0,6,638.2,648.4,6,637.8,643.2,0.0,0.0,0.0,0.0,251
2023-05-11 09:42:58,MO2403-C-6000,MO2403-C-6000,637.8,0.0,0.0,0.0,5,638.2,648.4,6,637.8,643.2,0.0,0.0,0.0,0.0,251
2023-05-11 09:42:59,MO2403-C-6000,MO2403-C-6000,637.8,0.0,0.0,0.0,6,638.2,648.4,6,637.8,643.2,0.0,0.0,0.0,0.0,251
2023-05-11 09:43:00,MO2403-C-6000,MO2403-C-6000,637.8,0.0,0.0,0.0,5,638.2,648.4,6,637.8,643.2,0.0,0.0,0.0,0.0,251
2023-05-11 09:43:01,MO2403-C-6000,MO2403-C-6000,637.8,0.0,0.0,0.0,1,637.6,648.4,6,637.8,643.2,0.0,0.0,0.0,0.0,251
2023-05-11 09:43:02,MO2403-C-6000,MO2403-C-6000,637.8,0.0,0.0,0.0,1,637.8,648.4,6,637.8,643.2,0.0,0.0,0.0,0.0,251
2023-05-11 09:43:07,MO2403-C-6000,MO2403-C-6000,637.8,0.0,0.0,0.0,6,637.8,648.4,6,637.8,643.2,0.0,0.0,0.0,0.0,251
2023-05-11 09:43:09,MO2403-C-6000,MO2403-C-6000,637.8,0.0,0.0,0.0,5,637.8,648.4,6,637.8,643.2,0.0,0.0,0.0,0.0,251
2023-05-11 09:43:11,MO2403-C-6000,MO2403-C-6000,637.8,0.0,0.0,0.0,1,637.6,648.4,6,637.8,643.2,0.0,0.0,0.0,0.0,251
2023-05-11 09:43:12,MO2403-C-6000,MO2403-C-6000,637.8,0.0,0.0,0.0,2,637.6,648.4,6,637.8,643.2,0.0,0.0,0.0,0.0,251
2023-05-11 09:43:13,MO2403-C-6000,MO2403-C-6000,637.8,0.0,0.0,0.0,1,637.6,648.4,6,637.8,643.2,0.0,0.0,0.0,0.0,251
2023-05-11 09:43:16,MO2403-C-6000,MO2403-C-6000,637.8,0.0,0.0,0.0,2,637.6,648.4,6,637.8,643.2,0.0,0.0,0.0,0.0,251
2023-05-11 09:43:16,MO2403-C-6000,MO2403-C-6000,637.8,0.0,0.0,0.0,1,637.6,648.4,6,637.8,643.2,0.0,0.0,0.0,0.0,251
2023-05-11 09:43:17,MO2403-C-6000,MO2403-C-6000,637.8,0.0,0.0,0.0,8,637.6,648.4,6,637.8,643.2,0.0,0.0,0.0,0.0,251
2023-05-11 09:43:21,MO2403-C-6000,MO2403-C-6000,637.8,0.0,0.0,0.0,1,637.6,648.4,6,637.8,643.2,0.0,0.0,0.0,0.0,251
2023-05-11 09:43:21,MO2403-C-6000,MO2403-C-6000,637.8,0.0,0.0,0.0,7,637.6,648.4,6,637.8,643.2,0.0,0.0,0.0,0.0,251
2023-05-11 09:43:23,MO2403-C-6000,MO2403-C-6000,637.8,0.0,0.0,0.0,8,637.6,648.4,6,637.8,643.2,0.0,0.0,0.0,0.0,251
2023-05-11 09:43:24,MO2403-C-6000,MO2403-C-6000,637.8,0.0,0.0,0.0,1,637.6,648.4,6,637.8,643.2,0.0,0.0,0.0,0.0,251
2023-05-11 09:43:24,MO2403-C-6000,MO2403-C-6000,637.8,0.0,0.0,0.0,8,637.6,648.4,6,637.8,643.2,0.0,0.0,0.0,0.0,251
2023-05-11 09:43:25,MO2403-C-6000,MO2403-C-6000,637.8,0.0,0.0,0.0,7,637.6,648.4,6,637.8,643.2,0.0,0.0,0.0,0.0,251
2023-05-11 09:43:26,MO2403-C-6000,MO2403-C-6000,637.8,0.0,0.0,0.0,8,637.6,648.4,6,637.8,643.2,0.0,0.0,0.0,0.0,251
2023-05-11 09:43:31,MO2403-C-6000,MO2403-C-6000,637.8,0.0,0.0,0.0,7,637.6,648.4,6,637.8,643.2,0.0,0.0,0.0,0.0,251
2023-05-11 09:43:34,MO2403-C-6000,MO2403-C-6000,637.8,0.0,0.0,0.0,8,637.6,648.4,6,637.8,643.2,0.0,0.0,0.0,0.0,251
2023-05-11 09:43:35,MO2403-C-6000,MO2403-C-6000,637.8,0.0,0.0,0.0,7,637.6,648.4,6,637.8,643.2,0.0,0.0,0.0,0.0,251
2023-05-11 09:43:36,MO2403-C-6000,MO2403-C-6000,637.8,0.0,0.0,0.0,6,637.6,648.4,6,637.8,643.2,0.0,0.0,0.0,0.0,251
2023-05-11 09:43:37,MO2403-C-6000,MO2403-C-6000,637.8,0.0,0.0,0.0,6,637.6,648.4,8,637.8,643.2,0.0,0.0,0.0,0.0,251
2023-05-11 09:43:38,MO2403-C-6000,MO2403-C-6000,637.8,0.0,0.0,0.0,11,637.4,648.4,8,637.8,643.2,0.0,0.0,0.0,0.0,251
2023-05-11 09:43:45,MO2403-C-6000,MO2403-C-6000,637.8,0.0,0.0,0.0,12,637.4,648.4,6,637.8,643.2,0.0,0.0,0.0,0.0,251
2023-05-11 09:43:46,MO2403-C-6000,MO2403-C-6000,637.8,0.0,0.0,0.0,12,637.4,648.4,8,637.8,643.2,0.0,0.0,0.0,0.0,251
2023-05-11 09:43:46,MO2403-C-6000,MO2403-C-6000,637.8,0.0,0.0,0.0,12,637.4,648.4,6,637.8,643.2,0.0,0.0,0.0,0.0,251
2023-05-11 09:43:55,MO2403-C-6000,MO2403-C-6000,637.8,0.0,0.0,0.0,11,637.4,648.4,6,637.8,643.2,0.0,0.0,0.0,0.0,251
2023-05-11 09:44:09,MO2403-C-6000,MO2403-C-6000,637.8,0.0,0.0,0.0,12,637.4,648.4,6,637.8,643.2,0.0,0.0,0.0,0.0,251
2023-05-11 09:44:13,MO2403-C-6000,MO2403-C-6000,637.8,0.0,0.0,0.0,11,637.4,648.4,6,637.8,643.2,0.0,0.0,0.0,0.0,251
2023-05-11 09:44:14,MO2403-C-6000,MO2403-C-6000,637.8,0.0,0.0,0.0,12,637.4,648.4,6,637.8,643.2,0.0,0.0,0.0,0.0,251
2023-05-11 09:44:15,MO2403-C-6000,MO2403-C-6000,637.8,0.0,0.0,0.0,11,637.4,648.4,6,637.8,643.2,0.0,0.0,0.0,0.0,251
2023-05-11 09:44:19,MO2403-C-6000,MO2403-C-6000,637.8,0.0,0.0,0.0,12,637.4,648.4,6,637.8,643.2,0.0,0.0,0.0,0.0,251
2023-05-11 09:44:21,MO2403-C-6000,MO2403-C-6000,637.8,0.0,0.0,0.0,11,637.4,648.4,6,637.8,643.2,0.0,0.0,0.0,0.0,251
2023-05-11 09:44:29,MO2403-C-6000,MO2403-C-6000,637.8,0.0,0.0,0.0,5,637.4,648.4,6,637.8,643.2,0.0,0.0,0.0,0.0,251
2023-05-11 09:44:29,MO2403-C-6000,MO2403-C-6000,637.8,0.0,0.0,0.0,5,637.4,648.6,34,637.8,643.2,0.0,0.0,0.0,0.0,251
2023-05-11 09:44:30,MO2403-C-6000,MO2403-C-6000,637.8,0.0,0.0,0.0,5,637.4,648.6,19,637.8,643.2,0.0,0.0,0.0,0.0,251
2023-05-11 09:44:30,MO2403-C-6000,MO2403-C-6000,637.8,0.0,0.0,0.0,5,637.4,648.6,13,637.8,643.2,0.0,0.0,0.0,0.0,251
2023-05-11 09:44:50,MO2403-C-6000,MO2403-C-6000,637.8,0.0,0.0,0.0,6,637.2,648.6,13,637.8,643.2,0.0,0.0,0.0,0.0,251
2023-05-11 09:44:51,MO2403-C-6000,MO2403-C-6000,637.8,0.0,0.0,0.0,6,637.0,648.6,7,637.8,643.2,0.0,0.0,0.0,0.0,251
2023-05-11 09:44:51,MO2403-C-6000,MO2403-C-6000,637.8,0.0,0.0,0.0,31,636.8,648.6,1,637.8,643.2,0.0,0.0,0.0,0.0,251
2023-05-11 09:44:52,MO2403-C-6000,MO2403-C-6000,637.8,0.0,0.0,0.0,19,636.8,648.6,1,637.8,643.2,0.0,0.0,0.0,0.0,251
2023-05-11 09:44:52,MO2403-C-6000,MO2403-C-6000,637.8,0.0,0.0,0.0,13,636.8,648.6,1,637.8,643.2,0.0,0.0,0.0,0.0,251
2023-05-11 09:44:53,MO2403-C-6000,MO2403-C-6000,637.8,0.0,0.0,0.0,7,636.8,648.6,1,637.8,643.2,0.0,0.0,0.0,0.0,251
2023-05-11 09:44:53,MO2403-C-6000,MO2403-C-6000,637.8,0.0,0.0,0.0,1,636.8,648.6,1,637.8,643.2,0.0,0.0,0.0,0.0,251
2023-05-11 09:44:55,MO2403-C-6000,MO2403-C-6000,637.8,0.0,0.0,0.0,24,636.0,648.6,1,637.8,643.2,0.0,0.0,0.0,0.0,251
2023-05-11 09:44:56,MO2403-C-6000,MO2403-C-6000,637.8,0.0,0.0,0.0,12,636.0,648.6,1,637.8,643.2,0.0,0.0,0.0,0.0,251
2023-05-11 09:44:56,MO2403-C-6000,MO2403-C-6000,637.8,0.0,0.0,0.0,6,636.0,648.6,1,637.8,643.2,0.0,0.0,0.0,0.0,251
2023-05-11 09:44:59,MO2403-C-6000,MO2403-C-6000,637.8,0.0,0.0,0.0,12,635.0,648.6,1,637.8,643.2,0.0,0.0,0.0,0.0,251
2023-05-11 09:45:00,MO2403-C-6000,MO2403-C-6000,637.8,0.0,0.0,0.0,1,635.2,648.6,1,637.8,643.2,0.0,0.0,0.0,0.0,251
2023-05-11 09:45:00,MO2403-C-6000,MO2403-C-6000,637.8,0.0,0.0,0.0,36,634.4,648.6,1,637.8,643.2,0.0,0.0,0.0,0.0,251
2023-05-11 09:45:01,MO2403-C-6000,MO2403-C-6000,637.8,0.0,0.0,0.0,12,634.4,646.8,6,637.8,643.2,0.0,0.0,0.0,0.0,251
2023-05-11 09:45:01,MO2403-C-6000,MO2403-C-6000,637.8,0.0,0.0,0.0,1,634.8,646.8,8,637.8,643.2,0.0,0.0,0.0,0.0,251
2023-05-11 09:45:02,MO2403-C-6000,MO2403-C-6000,637.8,0.0,0.0,0.0,12,634.2,646.8,8,637.8,643.2,0.0,0.0,0.0,0.0,251
2023-05-11 09:45:02,MO2403-C-6000,MO2403-C-6000,637.8,0.0,0.0,0.0,1,634.8,646.8,8,637.8,643.2,0.0,0.0,0.0,0.0,251
2023-05-11 09:45:04,MO2403-C-6000,MO2403-C-6000,637.8,0.0,0.0,0.0,24,634.0,646.8,8,637.8,643.2,0.0,0.0,0.0,0.0,251
2023-05-11 09:45:05,MO2403-C-6000,MO2403-C-6000,637.8,0.0,0.0,0.0,1,634.6,644.4,1,637.8,643.2,0.0,0.0,0.0,0.0,251
2023-05-11 09:45:06,MO2403-C-6000,MO2403-C-6000,637.8,0.0,0.0,0.0,6,634.0,644.4,1,637.8,643.2,0.0,0.0,0.0,0.0,251
2023-05-11 09:45:06,MO2403-C-6000,MO2403-C-6000,637.8,0.0,0.0,0.0,12,632.8,644.4,1,637.8,643.2,0.0,0.0,0.0,0.0,251
2023-05-11 09:45:07,MO2403-C-6000,MO2403-C-6000,637.8,0.0,0.0,0.0,1,632.8,644.4,1,637.8,643.2,0.0,0.0,0.0,0.0,251
2023-05-11 09:45:23,MO2403-C-6000,MO2403-C-6000,637.8,0.0,0.0,0.0,6,632.6,644.4,1,637.8,643.2,0.0,0.0,0.0,0.0,251
2023-05-11 09:45:23,MO2403-C-6000,MO2403-C-6000,637.8,0.0,0.0,0.0,7,632.6,644.4,1,637.8,643.2,0.0,0.0,0.0,0.0,251
2023-05-11 09:45:24,MO2403-C-6000,MO2403-C-6000,637.8,0.0,0.0,0.0,6,632.6,644.4,1,637.8,643.2,0.0,0.0,0.0,0.0,251
2023-05-11 09:45:26,MO2403-C-6000,MO2403-C-6000,637.8,0.0,0.0,0.0,7,632.6,644.4,1,637.8,643.2,0.0,0.0,0.0,0.0,251
2023-05-11 09:45:27,MO2403-C-6000,MO2403-C-6000,637.8,0.0,0.0,0.0,6,632.6,644.4,1,637.8,643.2,0.0,0.0,0.0,0.0,251
2023-05-11 09:45:32,MO2403-C-6000,MO2403-C-6000,637.8,0.0,0.0,0.0,7,632.6,644.4,1,637.8,643.2,0.0,0.0,0.0,0.0,251
2023-05-11 09:45:41,MO2403-C-6000,MO2403-C-6000,637.8,0.0,0.0,0.0,6,632.6,644.4,1,637.8,643.2,0.0,0.0,0.0,0.0,251
2023-05-11 09:45:43,MO2403-C-6000,MO2403-C-6000,637.8,0.0,0.0,0.0,7,632.6,644.4,1,637.8,643.2,0.0,0.0,0.0,0.0,251
2023-05-11 09:45:44,MO2403-C-6000,MO2403-C-6000,637.8,0.0,0.0,0.0,6,632.6,644.4,1,637.8,643.2,0.0,0.0,0.0,0.0,251
2023-05-11 09:45:49,MO2403-C-6000,MO2403-C-6000,637.8,0.0,0.0,0.0,12,632.4,644.4,1,637.8,643.2,0.0,0.0,0.0,0.0,251
2023-05-11 09:45:50,MO2403-C-6000,MO2403-C-6000,637.8,0.0,0.0,0.0,24,632.2,644.4,1,637.8,643.2,0.0,0.0,0.0,0.0,251
2023-05-11 09:45:50,MO2403-C-6000,MO2403-C-6000,637.8,0.0,0.0,0.0,12,632.2,644.4,1,637.8,643.2,0.0,0.0,0.0,0.0,251
2023-05-11 09:45:51,MO2403-C-6000,MO2403-C-6000,637.8,0.0,0.0,0.0,18,632.0,644.4,1,637.8,643.2,0.0,0.0,0.0,0.0,251
2023-05-11 09:45:51,MO2403-C-6000,MO2403-C-6000,637.8,0.0,0.0,0.0,12,632.0,644.4,1,637.8,643.2,0.0,0.0,0.0,0.0,251
2023-05-11 09:45:52,MO2403-C-6000,MO2403-C-6000,637.8,0.0,0.0,0.0,6,632.0,644.4,1,637.8,643.2,0.0,0.0,0.0,0.0,251
2023-05-11 09:45:55,MO2403-C-6000,MO2403-C-6000,637.8,0.0,0.0,0.0,18,630.6,644.4,1,637.8,643.2,0.0,0.0,0.0,0.0,251
2023-05-11 09:45:56,MO2403-C-6000,MO2403-C-6000,637.8,0.0,0.0,0.0,7,630.6,644.4,1,637.8,643.2,0.0,0.0,0.0,0.0,251
2023-05-11 09:45:56,MO2403-C-6000,MO2403-C-6000,637.8,0.0,0.0,0.0,1,630.6,644.4,1,637.8,643.2,0.0,0.0,0.0,0.0,251
2023-05-11 09:46:04,MO2403-C-6000,MO2403-C-6000,637.8,0.0,0.0,0.0,12,630.4,644.4,1,637.8,643.2,0.0,0.0,0.0,0.0,251
2023-05-11 09:46:05,MO2403-C-6000,MO2403-C-6000,637.8,0.0,0.0,0.0,1,630.4,644.4,1,637.8,643.2,0.0,0.0,0.0,0.0,251
2023-05-11 09:46:05,MO2403-C-6000,MO2403-C-6000,637.8,0.0,0.0,0.0,30,630.2,644.4,1,637.8,643.2,0.0,0.0,0.0,0.0,251
2023-05-11 09:46:06,MO2403-C-6000,MO2403-C-6000,637.8,0.0,0.0,0.0,1,630.6,644.4,1,637.8,643.2,0.0,0.0,0.0,0.0,251
2023-05-11 09:46:07,MO2403-C-6000,MO2403-C-6000,637.8,0.0,0.0,0.0,12,630.2,644.4,1,637.8,643.2,0.0,0.0,0.0,0.0,251
2023-05-11 09:46:08,MO2403-C-6000,MO2403-C-6000,637.8,0.0,0.0,0.0,1,630.2,642.8,6,637.8,643.2,0.0,0.0,0.0,0.0,251
2023-05-11 09:46:08,MO2403-C-6000,MO2403-C-6000,637.8,0.0,0.0,0.0,12,630.0,642.8,6,637.8,643.2,0.0,0.0,0.0,0.0,251
2023-05-11 09:46:09,MO2403-C-6000,MO2403-C-6000,637.8,0.0,0.0,0.0,7,630.0,642.8,6,637.8,643.2,0.0,0.0,0.0,0.0,251
2023-05-11 09:46:09,MO2403-C-6000,MO2403-C-6000,637.8,0.0,0.0,0.0,7,630.0,642.8,8,637.8,643.2,0.0,0.0,0.0,0.0,251
2023-05-11 09:46:11,MO2403-C-6000,MO2403-C-6000,637.8,0.0,0.0,0.0,7,630.0,642.8,6,637.8,643.2,0.0,0.0,0.0,0.0,251
2023-05-11 09:46:15,MO2403-C-6000,MO2403-C-6000,637.8,0.0,0.0,0.0,6,630.4,643.0,23,637.8,643.2,0.0,0.0,0.0,0.0,251
2023-05-11 09:46:15,MO2403-C-6000,MO2403-C-6000,637.8,0.0,0.0,0.0,1,631.0,643.0,8,637.8,643.2,0.0,0.0,0.0,0.0,251
2023-05-11 09:46:16,MO2403-C-6000,MO2403-C-6000,637.8,0.0,0.0,0.0,1,631.0,643.2,21,637.8,643.2,0.0,0.0,0.0,0.0,251
2023-05-11 09:46:16,MO2403-C-6000,MO2403-C-6000,637.8,0.0,0.0,0.0,1,631.0,643.2,6,637.8,643.2,0.0,0.0,0.0,0.0,251
2023-05-11 09:46:17,MO2403-C-6000,MO2403-C-6000,637.8,0.0,0.0,0.0,1,631.0,643.4,21,637.8,643.2,0.0,0.0,0.0,0.0,251
2023-05-11 09:46:17,MO2403-C-6000,MO2403-C-6000,637.8,0.0,0.0,0.0,1,631.0,643.4,6,637.8,643.2,0.0,0.0,0.0,0.0,251
2023-05-11 09:46:18,MO2403-C-6000,MO2403-C-6000,637.8,0.0,0.0,0.0,6,630.6,643.6,27,637.8,643.2,0.0,0.0,0.0,0.0,251
2023-05-11 09:46:18,MO2403-C-6000,MO2403-C-6000,637.8,0.0,0.0,0.0,1,631.2,643.6,6,637.8,643.2,0.0,0.0,0.0,0.0,251
2023-05-11 09:46:19,MO2403-C-6000,MO2403-C-6000,637.8,0.0,0.0,0.0,1,631.2,643.8,29,637.8,643.2,0.0,0.0,0.0,0.0,251
2023-05-11 09:46:19,MO2403-C-6000,MO2403-C-6000,637.8,0.0,0.0,0.0,7,631.2,643.8,6,637.8,643.2,0.0,0.0,0.0,0.0,251
2023-05-11 09:46:20,MO2403-C-6000,MO2403-C-6000,637.8,0.0,0.0,0.0,7,631.2,644.0,21,637.8,643.2,0.0,0.0,0.0,0.0,251
2023-05-11 09:46:20,MO2403-C-6000,MO2403-C-6000,637.8,0.0,0.0,0.0,7,631.2,644.0,6,637.8,643.2,0.0,0.0,0.0,0.0,251
2023-05-11 09:46:21,MO2403-C-6000,MO2403-C-6000,637.8,0.0,0.0,0.0,7,631.2,644.2,21,637.8,643.2,0.0,0.0,0.0,0.0,251
2023-05-11 09:46:21,MO2403-C-6000,MO2403-C-6000,637.8,0.0,0.0,0.0,7,631.2,644.2,6,637.8,643.2,0.0,0.0,0.0,0.0,251
2023-05-11 09:46:22,MO2403-C-6000,MO2403-C-6000,637.8,0.0,0.0,0.0,7,631.2,644.4,16,637.8,643.2,0.0,0.0,0.0,0.0,251
2023-05-11 09:46:22,MO2403-C-6000,MO2403-C-6000,637.8,0.0,0.0,0.0,7,631.2,644.4,1,637.8,643.2,0.0,0.0,0.0,0.0,251
2023-05-11 09:46:23,MO2403-C-6000,MO2403-C-6000,637.8,0.0,0.0,0.0,6,631.4,644.4,1,637.8,643.2,0.0,0.0,0.0,0.0,251
2023-05-11 09:46:25,MO2403-C-6000,MO2403-C-6000,637.8,0.0,0.0,0.0,7,631.4,644.4,1,637.8,643.2,0.0,0.0,0.0,0.0,251
2023-05-11 09:46:27,MO2403-C-6000,MO2403-C-6000,637.8,0.0,0.0,0.0,6,631.4,644.4,1,637.8,643.2,0.0,0.0,0.0,0.0,251
2023-05-11 09:46:27,MO2403-C-6000,MO2403-C-6000,637.8,0.0,0.0,0.0,7,631.4,644.4,1,637.8,643.2,0.0,0.0,0.0,0.0,251
2023-05-11 09:46:28,MO2403-C-6000,MO2403-C-6000,637.8,0.0,0.0,0.0,6,631.4,644.4,1,637.8,643.2,0.0,0.0,0.0,0.0,251
2023-05-11 09:46:29,MO2403-C-6000,MO2403-C-6000,637.8,0.0,0.0,0.0,7,631.4,644.4,1,637.8,643.2,0.0,0.0,0.0,0.0,251
2023-05-11 09:46:30,MO2403-C-6000,MO2403-C-6000,637.8,0.0,0.0,0.0,6,631.4,644.4,1,637.8,643.2,0.0,0.0,0.0,0.0,251
2023-05-11 09:46:30,MO2403-C-6000,MO2403-C-6000,637.8,0.0,0.0,0.0,1,632.0,644.4,1,637.8,643.2,0.0,0.0,0.0,0.0,251
2023-05-11 09:46:31,MO2403-C-6000,MO2403-C-6000,637.8,0.0,0.0,0.0,6,631.4,644.4,1,637.8,643.2,0.0,0.0,0.0,0.0,251
2023-05-11 09:46:31,MO2403-C-6000,MO2403-C-6000,637.8,0.0,0.0,0.0,7,631.4,644.4,1,637.8,643.2,0.0,0.0,0.0,0.0,251
2023-05-11 09:46:34,MO2403-C-6000,MO2403-C-6000,637.8,0.0,0.0,0.0,6,631.4,644.4,1,637.8,643.2,0.0,0.0,0.0,0.0,251
2023-05-11 09:46:36,MO2403-C-6000,MO2403-C-6000,637.8,0.0,0.0,0.0,1,632.0,644.4,1,637.8,643.2,0.0,0.0,0.0,0.0,251
2023-05-11 09:46:36,MO2403-C-6000,MO2403-C-6000,637.8,0.0,0.0,0.0,6,631.4,644.4,1,637.8,643.2,0.0,0.0,0.0,0.0,251
2023-05-11 09:46:37,MO2403-C-6000,MO2403-C-6000,637.8,0.0,0.0,0.0,1,631.8,644.4,1,637.8,643.2,0.0,0.0,0.0,0.0,251
2023-05-11 09:46:39,MO2403-C-6000,MO2403-C-6000,637.8,0.0,0.0,0.0,6,631.4,644.4,1,637.8,643.2,0.0,0.0,0.0,0.0,251
2023-05-11 09:46:40,MO2403-C-6000,MO2403-C-6000,637.8,0.0,0.0,0.0,1,632.0,644.4,1,637.8,643.2,0.0,0.0,0.0,0.0,251
2023-05-11 09:46:40,MO2403-C-6000,MO2403-C-6000,637.8,0.0,0.0,0.0,6,631.4,644.4,1,637.8,643.2,0.0,0.0,0.0,0.0,251
2023-05-11 09:46:41,MO2403-C-6000,MO2403-C-6000,637.8,0.0,0.0,0.0,1,631.6,644.4,1,637.8,643.2,0.0,0.0,0.0,0.0,251
2023-05-11 09:46:46,MO2403-C-6000,MO2403-C-6000,637.8,0.0,0.0,0.0,6,631.4,644.4,1,637.8,643.2,0.0,0.0,0.0,0.0,251
2023-05-11 09:46:46,MO2403-C-6000,MO2403-C-6000,637.8,0.0,0.0,0.0,1,631.6,644.4,1,637.8,643.2,0.0,0.0,0.0,0.0,251
2023-05-11 09:46:47,MO2403-C-6000,MO2403-C-6000,637.8,0.0,0.0,0.0,6,631.4,644.4,1,637.8,643.2,0.0,0.0,0.0,0.0,251
2023-05-11 09:46:49,MO2403-C-6000,MO2403-C-6000,637.8,0.0,0.0,0.0,1,632.0,644.4,1,637.8,643.2,0.0,0.0,0.0,0.0,251
2023-05-11 09:46:49,MO2403-C-6000,MO2403-C-6000,637.8,0.0,0.0,0.0,6,631.4,644.4,1,637.8,643.2,0.0,0.0,0.0,0.0,251
2023-05-11 09:46:50,MO2403-C-6000,MO2403-C-6000,637.8,0.0,0.0,0.0,1,631.8,644.4,1,637.8,643.2,0.0,0.0,0.0,0.0,251
2023-05-11 09:46:50,MO2403-C-6000,MO2403-C-6000,637.8,0.0,0.0,0.0,6,631.4,644.4,1,637.8,643.2,0.0,0.0,0.0,0.0,251
2023-05-11 09:46:52,MO2403-C-6000,MO2403-C-6000,637.8,0.0,0.0,0.0,12,631.2,643.0,6,637.8,643.2,0.0,0.0,0.0,0.0,251
2023-05-11 09:46:52,MO2403-C-6000,MO2403-C-6000,637.8,0.0,0.0,0.0,6,631.2,643.0,8,637.8,643.2,0.0,0.0,0.0,0.0,251
2023-05-11 09:46:53,MO2403-C-6000,MO2403-C-6000,637.8,0.0,0.0,0.0,18,630.4,643.0,6,637.8,643.2,0.0,0.0,0.0,0.0,251
2023-05-11 09:46:53,MO2403-C-6000,MO2403-C-6000,637.8,0.0,0.0,0.0,1,630.8,643.0,6,637.8,643.2,0.0,0.0,0.0,0.0,251
2023-05-11 09:46:54,MO2403-C-6000,MO2403-C-6000,637.8,0.0,0.0,0.0,12,630.4,643.0,6,637.8,643.2,0.0,0.0,0.0,0.0,251
2023-05-11 09:46:54,MO2403-C-6000,MO2403-C-6000,637.8,0.0,0.0,0.0,7,630.4,643.0,6,637.8,643.2,0.0,0.0,0.0,0.0,251
2023-05-11 09:47:02,MO2403-C-6000,MO2403-C-6000,637.8,0.0,0.0,0.0,13,630.4,643.2,23,637.8,643.2,0.0,0.0,0.0,0.0,251
2023-05-11 09:47:03,MO2403-C-6000,MO2403-C-6000,637.8,0.0,0.0,0.0,13,630.4,643.2,8,637.8,643.2,0.0,0.0,0.0,0.0,251
2023-05-11 09:47:03,MO2403-C-6000,MO2403-C-6000,637.8,0.0,0.0,0.0,13,630.4,643.4,21,637.8,643.2,0.0,0.0,0.0,0.0,251
2023-05-11 09:47:04,MO2403-C-6000,MO2403-C-6000,637.8,0.0,0.0,0.0,13,630.4,643.4,6,637.8,643.2,0.0,0.0,0.0,0.0,251
2023-05-11 09:47:04,MO2403-C-6000,MO2403-C-6000,637.8,0.0,0.0,0.0,13,630.4,643.6,21,637.8,643.2,0.0,0.0,0.0,0.0,251
2023-05-11 09:47:05,MO2403-C-6000,MO2403-C-6000,637.8,0.0,0.0,0.0,13,630.4,643.6,6,637.8,643.2,0.0,0.0,0.0,0.0,251
2023-05-11 09:47:05,MO2403-C-6000,MO2403-C-6000,637.8,0.0,0.0,0.0,6,630.6,643.8,27,637.8,643.2,0.0,0.0,0.0,0.0,251
2023-05-11 09:47:06,MO2403-C-6000,MO2403-C-6000,637.8,0.0,0.0,0.0,1,631.2,643.8,12,637.8,643.2,0.0,0.0,0.0,0.0,251
2023-05-11 09:47:06,MO2403-C-6000,MO2403-C-6000,637.8,0.0,0.0,0.0,1,631.2,643.8,6,637.8,643.2,0.0,0.0,0.0,0.0,251
2023-05-11 09:47:08,MO2403-C-6000,MO2403-C-6000,637.8,0.0,0.0,0.0,6,630.6,643.8,6,637.8,643.2,0.0,0.0,0.0,0.0,251
2023-05-11 09:47:08,MO2403-C-6000,MO2403-C-6000,637.8,0.0,0.0,0.0,1,630.8,643.8,6,637.8,643.2,0.0,0.0,0.0,0.0,251
2023-05-11 09:47:09,MO2403-C-6000,MO2403-C-6000,637.8,0.0,0.0,0.0,6,630.6,643.0,6,637.8,643.2,0.0,0.0,0.0,0.0,251
2023-05-11 09:47:09,MO2403-C-6000,MO2403-C-6000,637.8,0.0,0.0,0.0,6,630.4,643.0,6,637.8,643.2,0.0,0.0,0.0,0.0,251
2023-05-11 09:47:11,MO2403-C-6000,MO2403-C-6000,637.8,0.0,0.0,0.0,1,630.6,643.0,6,637.8,643.2,0.0,0.0,0.0,0.0,251
2023-05-11 09:47:11,MO2403-C-6000,MO2403-C-6000,637.8,0.0,0.0,0.0,6,630.4,640.8,1,637.8,643.2,0.0,0.0,0.0,0.0,251
2023-05-11 09:47:12,MO2403-C-6000,MO2403-C-6000,637.8,0.0,0.0,0.0,7,630.4,640.8,1,637.8,643.2,0.0,0.0,0.0,0.0,251
2023-05-11 09:47:12,MO2403-C-6000,MO2403-C-6000,637.8,0.0,0.0,0.0,6,630.4,640.8,1,637.8,643.2,0.0,0.0,0.0,0.0,251
2023-05-11 09:47:13,MO2403-C-6000,MO2403-C-6000,637.8,0.0,0.0,0.0,7,630.4,640.8,1,637.8,643.2,0.0,0.0,0.0,0.0,251
2023-05-11 09:47:14,MO2403-C-6000,MO2403-C-6000,637.8,0.0,0.0,0.0,6,630.4,640.8,1,637.8,643.2,0.0,0.0,0.0,0.0,251
2023-05-11 09:47:15,MO2403-C-6000,MO2403-C-6000,637.8,0.0,0.0,0.0,7,630.4,640.8,1,637.8,643.2,0.0,0.0,0.0,0.0,251
2023-05-11 09:47:15,MO2403-C-6000,MO2403-C-6000,637.8,0.0,0.0,0.0,6,630.4,640.8,1,637.8,643.2,0.0,0.0,0.0,0.0,251
2023-05-11 09:47:16,MO2403-C-6000,MO2403-C-6000,637.8,0.0,0.0,0.0,6,630.0,640.8,1,637.8,643.2,0.0,0.0,0.0,0.0,251
2023-05-11 09:47:16,MO2403-C-6000,MO2403-C-6000,637.8,0.0,0.0,0.0,1,630.0,640.8,1,637.8,643.2,0.0,0.0,0.0,0.0,251
2023-05-11 09:47:17,MO2403-C-6000,MO2403-C-6000,637.8,0.0,0.0,0.0,12,629.8,640.8,1,637.8,643.2,0.0,0.0,0.0,0.0,251
2023-05-11 09:47:18,MO2403-C-6000,MO2403-C-6000,637.8,0.0,0.0,0.0,1,630.0,640.8,1,637.8,643.2,0.0,0.0,0.0,0.0,251
2023-05-11 09:47:19,MO2403-C-6000,MO2403-C-6000,637.8,0.0,0.0,0.0,7,630.0,640.8,1,637.8,643.2,0.0,0.0,0.0,0.0,251
2023-05-11 09:47:20,MO2403-C-6000,MO2403-C-6000,637.8,0.0,0.0,0.0,8,630.0,640.8,1,637.8,643.2,0.0,0.0,0.0,0.0,251
2023-05-11 09:47:21,MO2403-C-6000,MO2403-C-6000,637.8,0.0,0.0,0.0,7,630.0,640.8,1,637.8,643.2,0.0,0.0,0.0,0.0,251
2023-05-11 09:47:23,MO2403-C-6000,MO2403-C-6000,637.8,0.0,0.0,0.0,1,635.0,640.8,1,637.8,643.2,0.0,0.0,0.0,0.0,251
2023-05-11 09:47:41,MO2403-C-6000,MO2403-C-6000,637.8,0.0,0.0,0.0,1,635.0,641.0,21,637.8,643.2,0.0,0.0,0.0,0.0,251
2023-05-11 09:47:42,MO2403-C-6000,MO2403-C-6000,637.8,0.0,0.0,0.0,1,635.0,641.0,6,637.8,643.2,0.0,0.0,0.0,0.0,251
2023-05-11 09:47:42,MO2403-C-6000,MO2403-C-6000,637.8,0.0,0.0,0.0,1,635.0,641.2,33,637.8,643.2,0.0,0.0,0.0,0.0,251
2023-05-11 09:47:43,MO2403-C-6000,MO2403-C-6000,637.8,0.0,0.0,0.0,1,635.0,641.2,12,637.8,643.2,0.0,0.0,0.0,0.0,251
2023-05-11 09:47:43,MO2403-C-6000,MO2403-C-6000,637.8,0.0,0.0,0.0,1,635.0,641.4,21,637.8,643.2,0.0,0.0,0.0,0.0,251
2023-05-11 09:47:44,MO2403-C-6000,MO2403-C-6000,637.8,0.0,0.0,0.0,1,635.0,641.4,6,637.8,643.2,0.0,0.0,0.0,0.0,251
2023-05-11 09:47:44,MO2403-C-6000,MO2403-C-6000,637.8,0.0,0.0,0.0,1,635.0,641.6,21,637.8,643.2,0.0,0.0,0.0,0.0,251
2023-05-11 09:47:45,MO2403-C-6000,MO2403-C-6000,637.8,0.0,0.0,0.0,1,635.0,641.6,6,637.8,643.2,0.0,0.0,0.0,0.0,251
2023-05-11 09:47:45,MO2403-C-6000,MO2403-C-6000,637.8,0.0,0.0,0.0,1,635.0,641.8,21,637.8,643.2,0.0,0.0,0.0,0.0,251
2023-05-11 09:47:46,MO2403-C-6000,MO2403-C-6000,637.8,0.0,0.0,0.0,1,635.0,641.8,6,637.8,643.2,0.0,0.0,0.0,0.0,251
2023-05-11 09:47:46,MO2403-C-6000,MO2403-C-6000,637.8,0.0,0.0,0.0,1,635.0,642.0,21,637.8,643.2,0.0,0.0,0.0,0.0,251
2023-05-11 09:47:47,MO2403-C-6000,MO2403-C-6000,637.8,0.0,0.0,0.0,1,635.0,642.0,6,637.8,643.2,0.0,0.0,0.0,0.0,251
2023-05-11 09:47:47,MO2403-C-6000,MO2403-C-6000,637.8,0.0,0.0,0.0,1,635.0,642.2,21,637.8,643.2,0.0,0.0,0.0,0.0,251
2023-05-11 09:47:48,MO2403-C-6000,MO2403-C-6000,637.8,0.0,0.0,0.0,1,635.0,642.2,6,637.8,643.2,0.0,0.0,0.0,0.0,251
2023-05-11 09:47:48,MO2403-C-6000,MO2403-C-6000,637.8,0.0,0.0,0.0,1,635.0,642.4,33,637.8,643.2,0.0,0.0,0.0,0.0,251
2023-05-11 09:47:49,MO2403-C-6000,MO2403-C-6000,637.8,0.0,0.0,0.0,1,635.0,642.4,12,637.8,643.2,0.0,0.0,0.0,0.0,251
2023-05-11 09:47:49,MO2403-C-6000,MO2403-C-6000,637.8,0.0,0.0,0.0,1,635.0,642.6,21,637.8,643.2,0.0,0.0,0.0,0.0,251
2023-05-11 09:47:50,MO2403-C-6000,MO2403-C-6000,637.8,0.0,0.0,0.0,1,635.0,642.6,6,637.8,643.2,0.0,0.0,0.0,0.0,251
2023-05-11 09:47:50,MO2403-C-6000,MO2403-C-6000,637.8,0.0,0.0,0.0,1,635.0,642.8,21,637.8,643.2,0.0,0.0,0.0,0.0,251
2023-05-11 09:47:51,MO2403-C-6000,MO2403-C-6000,637.8,0.0,0.0,0.0,1,635.0,642.8,6,637.8,643.2,0.0,0.0,0.0,0.0,251
2023-05-11 09:47:51,MO2403-C-6000,MO2403-C-6000,637.8,0.0,0.0,0.0,1,635.0,643.0,39,637.8,643.2,0.0,0.0,0.0,0.0,251
2023-05-11 09:47:52,MO2403-C-6000,MO2403-C-6000,637.8,0.0,0.0,0.0,1,635.0,643.0,18,637.8,643.2,0.0,0.0,0.0,0.0,251
2023-05-11 09:47:52,MO2403-C-6000,MO2403-C-6000,637.8,0.0,0.0,0.0,1,635.0,643.0,12,637.8,643.2,0.0,0.0,0.0,0.0,251
2023-05-11 09:47:53,MO2403-C-6000,MO2403-C-6000,637.8,0.0,0.0,0.0,1,635.0,643.0,6,637.8,643.2,0.0,0.0,0.0,0.0,251
2023-05-11 09:47:56,MO2403-C-6000,MO2403-C-6000,637.8,0.0,0.0,0.0,1,635.0,643.0,12,637.8,643.2,0.0,0.0,0.0,0.0,251
2023-05-11 09:47:57,MO2403-C-6000,MO2403-C-6000,637.8,0.0,0.0,0.0,1,635.0,643.0,6,637.8,643.2,0.0,0.0,0.0,0.0,251
2023-05-11 09:48:16,MO2403-C-6000,MO2403-C-6000,637.8,0.0,0.0,0.0,1,635.0,643.2,33,637.8,643.2,0.0,0.0,0.0,0.0,251
2023-05-11 09:48:17,MO2403-C-6000,MO2403-C-6000,637.8,0.0,0.0,0.0,1,635.0,643.2,18,637.8,643.2,0.0,0.0,0.0,0.0,251
2023-05-11 09:48:17,MO2403-C-6000,MO2403-C-6000,637.8,0.0,0.0,0.0,1,635.0,643.2,12,637.8,643.2,0.0,0.0,0.0,0.0,251
2023-05-11 09:48:18,MO2403-C-6000,MO2403-C-6000,637.8,0.0,0.0,0.0,1,635.0,643.2,6,637.8,643.2,0.0,0.0,0.0,0.0,251
2023-05-11 09:48:54,MO2403-C-6000,MO2403-C-6000,643.2,6.0,385920.0,6.0,4,643.2,643.4,27,637.8,643.2,643.2,643.2,6.0,385920.0,257
2023-05-11 09:48:54,MO2403-C-6000,MO2403-C-6000,643.2,4.0,257280.0,4.0,1,635.0,643.4,6,637.8,643.2,643.2,643.2,10.0,643200.0,261
2023-05-11 09:48:55,MO2403-C-6000,MO2403-C-6000,643.2,0.0,0.0,0.0,1,635.0,643.6,22,637.8,643.2,643.2,643.2,10.0,643200.0,261
2023-05-11 09:48:55,MO2403-C-6000,MO2403-C-6000,643.2,0.0,0.0,0.0,1,635.0,643.6,7,637.8,643.2,643.2,643.2,10.0,643200.0,261
2023-05-11 09:48:56,MO2403-C-6000,MO2403-C-6000,643.2,0.0,0.0,0.0,1,635.0,643.6,1,637.8,643.2,643.2,643.2,10.0,643200.0,261
2023-05-11 09:49:00,MO2403-C-6000,MO2403-C-6000,643.2,0.0,0.0,0.0,1,635.0,643.8,41,637.8,643.2,643.2,643.2,10.0,643200.0,261
2023-05-11 09:49:00,MO2403-C-6000,MO2403-C-6000,643.2,0.0,0.0,0.0,1,635.0,643.8,20,637.8,643.2,643.2,643.2,10.0,643200.0,261
2023-05-11 09:49:01,MO2403-C-6000,MO2403-C-6000,643.2,0.0,0.0,0.0,1,635.0,643.8,12,637.8,643.2,643.2,643.2,10.0,643200.0,261
2023-05-11 09:49:01,MO2403-C-6000,MO2403-C-6000,643.2,0.0,0.0,0.0,1,635.0,643.8,6,637.8,643.2,643.2,643.2,10.0,643200.0,261
2023-05-11 09:49:03,MO2403-C-6000,MO2403-C-6000,643.2,0.0,0.0,0.0,2,635.0,643.8,6,637.8,643.2,643.2,643.2,10.0,643200.0,261
2023-05-11 09:49:03,MO2403-C-6000,MO2403-C-6000,643.2,0.0,0.0,0.0,1,635.0,643.8,6,637.8,643.2,643.2,643.2,10.0,643200.0,261
2023-05-11 09:49:18,MO2403-C-6000,MO2403-C-6000,643.2,0.0,0.0,0.0,5,641.0,643.8,6,637.8,643.2,643.2,643.2,10.0,643200.0,261
2023-05-11 09:49:23,MO2403-C-6000,MO2403-C-6000,643.2,0.0,0.0,0.0,5,641.0,644.0,33,637.8,643.2,643.2,643.2,10.0,643200.0,261
2023-05-11 09:49:24,MO2403-C-6000,MO2403-C-6000,643.2,0.0,0.0,0.0,5,641.0,644.0,18,637.8,643.2,643.2,643.2,10.0,643200.0,261
2023-05-11 09:49:24,MO2403-C-6000,MO2403-C-6000,643.2,0.0,0.0,0.0,5,641.0,644.0,12,637.8,643.2,643.2,643.2,10.0,643200.0,261
2023-05-11 09:49:25,MO2403-C-6000,MO2403-C-6000,643.2,0.0,0.0,0.0,5,641.0,644.2,33,637.8,643.2,643.2,643.2,10.0,643200.0,261
2023-05-11 09:49:25,MO2403-C-6000,MO2403-C-6000,643.2,0.0,0.0,0.0,5,641.0,644.2,18,637.8,643.2,643.2,643.2,10.0,643200.0,261
2023-05-11 09:49:26,MO2403-C-6000,MO2403-C-6000,643.2,0.0,0.0,0.0,5,641.0,644.2,12,637.8,643.2,643.2,643.2,10.0,643200.0,261
2023-05-11 09:49:26,MO2403-C-6000,MO2403-C-6000,643.2,0.0,0.0,0.0,5,641.0,644.2,6,637.8,643.2,643.2,643.2,10.0,643200.0,261
2023-05-11 09:49:28,MO2403-C-6000,MO2403-C-6000,643.2,0.0,0.0,0.0,5,641.0,644.4,27,637.8,643.2,643.2,643.2,10.0,643200.0,261
2023-05-11 09:49:28,MO2403-C-6000,MO2403-C-6000,643.2,0.0,0.0,0.0,5,641.0,644.4,6,637.8,643.2,643.2,643.2,10.0,643200.0,261
2023-05-11 09:49:29,MO2403-C-6000,MO2403-C-6000,643.2,0.0,0.0,0.0,5,641.0,644.6,21,637.8,643.2,643.2,643.2,10.0,643200.0,261
2023-05-11 09:49:29,MO2403-C-6000,MO2403-C-6000,643.2,0.0,0.0,0.0,5,641.0,644.6,6,637.8,643.2,643.2,643.2,10.0,643200.0,261
2023-05-11 09:49:30,MO2403-C-6000,MO2403-C-6000,643.2,0.0,0.0,0.0,5,641.0,644.8,29,637.8,643.2,643.2,643.2,10.0,643200.0,261
2023-05-11 09:49:30,MO2403-C-6000,MO2403-C-6000,643.2,0.0,0.0,0.0,5,641.0,644.8,8,637.8,643.2,643.2,643.2,10.0,643200.0,261
2023-05-11 09:49:31,MO2403-C-6000,MO2403-C-6000,643.2,0.0,0.0,0.0,5,641.0,644.8,2,637.8,643.2,643.2,643.2,10.0,643200.0,261
2023-05-11 09:49:31,MO2403-C-6000,MO2403-C-6000,643.2,0.0,0.0,0.0,5,641.0,645.0,39,637.8,643.2,643.2,643.2,10.0,643200.0,261
2023-05-11 09:49:32,MO2403-C-6000,MO2403-C-6000,643.2,0.0,0.0,0.0,5,641.0,645.0,18,637.8,643.2,643.2,643.2,10.0,643200.0,261
2023-05-11 09:49:32,MO2403-C-6000,MO2403-C-6000,643.2,0.0,0.0,0.0,5,641.0,645.0,14,637.8,643.2,643.2,643.2,10.0,643200.0,261
2023-05-11 09:49:35,MO2403-C-6000,MO2403-C-6000,643.2,0.0,0.0,0.0,5,641.0,645.0,12,637.8,643.2,643.2,643.2,10.0,643200.0,261
2023-05-11 09:49:35,MO2403-C-6000,MO2403-C-6000,643.2,0.0,0.0,0.0,5,641.0,645.2,33,637.8,643.2,643.2,643.2,10.0,643200.0,261
2023-05-11 09:49:36,MO2403-C-6000,MO2403-C-6000,643.2,0.0,0.0,0.0,5,641.0,645.2,12,637.8,643.2,643.2,643.2,10.0,643200.0,261
2023-05-11 09:49:36,MO2403-C-6000,MO2403-C-6000,643.2,0.0,0.0,0.0,5,641.0,645.4,35,637.8,643.2,643.2,643.2,10.0,643200.0,261
2023-05-11 09:49:37,MO2403-C-6000,MO2403-C-6000,643.2,0.0,0.0,0.0,5,641.0,645.4,14,637.8,643.2,643.2,643.2,10.0,643200.0,261
2023-05-11 09:49:37,MO2403-C-6000,MO2403-C-6000,643.2,0.0,0.0,0.0,5,641.0,645.4,6,637.8,643.2,643.2,643.2,10.0,643200.0,261
2023-05-11 09:49:38,MO2403-C-6000,MO2403-C-6000,643.2,0.0,0.0,0.0,5,641.0,645.6,21,637.8,643.2,643.2,643.2,10.0,643200.0,261
2023-05-11 09:49:38,MO2403-C-6000,MO2403-C-6000,643.2,0.0,0.0,0.0,5,641.0,645.6,6,637.8,643.2,643.2,643.2,10.0,643200.0,261
2023-05-11 09:49:39,MO2403-C-6000,MO2403-C-6000,643.2,0.0,0.0,0.0,5,641.0,645.8,33,637.8,643.2,643.2,643.2,10.0,643200.0,261
2023-05-11 09:49:39,MO2403-C-6000,MO2403-C-6000,643.2,0.0,0.0,0.0,5,641.0,645.8,12,637.8,643.2,643.2,643.2,10.0,643200.0,261
2023-05-11 09:49:40,MO2403-C-6000,MO2403-C-6000,643.2,0.0,0.0,0.0,5,641.0,646.0,21,637.8,643.2,643.2,643.2,10.0,643200.0,261
2023-05-11 09:49:40,MO2403-C-6000,MO2403-C-6000,643.2,0.0,0.0,0.0,5,641.0,646.0,6,637.8,643.2,643.2,643.2,10.0,643200.0,261
2023-05-11 09:49:41,MO2403-C-6000,MO2403-C-6000,643.2,0.0,0.0,0.0,5,641.0,646.2,23,637.8,643.2,643.2,643.2,10.0,643200.0,261
2023-05-11 09:49:41,MO2403-C-6000,MO2403-C-6000,643.2,0.0,0.0,0.0,5,641.0,646.2,6,637.8,643.2,643.2,643.2,10.0,643200.0,261
2023-05-11 09:49:42,MO2403-C-6000,MO2403-C-6000,643.2,0.0,0.0,0.0,5,641.0,646.4,39,637.8,643.2,643.2,643.2,10.0,643200.0,261
2023-05-11 09:49:42,MO2403-C-6000,MO2403-C-6000,643.2,0.0,0.0,0.0,5,641.0,646.4,20,637.8,643.2,643.2,643.2,10.0,643200.0,261
2023-05-11 09:49:43,MO2403-C-6000,MO2403-C-6000,643.2,0.0,0.0,0.0,5,641.0,646.4,14,637.8,643.2,643.2,643.2,10.0,643200.0,261
2023-05-11 09:49:51,MO2403-C-6000,MO2403-C-6000,643.2,0.0,0.0,0.0,5,641.0,646.4,12,637.8,643.2,643.2,643.2,10.0,643200.0,261
2023-05-11 09:49:51,MO2403-C-6000,MO2403-C-6000,643.2,0.0,0.0,0.0,5,641.0,646.4,6,637.8,643.2,643.2,643.2,10.0,643200.0,261
2023-05-11 09:50:16,MO2403-C-6000,MO2403-C-6000,643.2,0.0,0.0,0.0,5,641.0,646.6,27,637.8,643.2,643.2,643.2,10.0,643200.0,261
2023-05-11 09:50:16,MO2403-C-6000,MO2403-C-6000,643.2,0.0,0.0,0.0,5,641.0,646.6,6,637.8,643.2,643.2,643.2,10.0,643200.0,261
2023-05-11 09:50:17,MO2403-C-6000,MO2403-C-6000,643.2,0.0,0.0,0.0,5,641.0,646.8,21,637.8,643.2,643.2,643.2,10.0,643200.0,261
2023-05-11 09:50:17,MO2403-C-6000,MO2403-C-6000,643.2,0.0,0.0,0.0,5,641.0,646.8,6,637.8,643.2,643.2,643.2,10.0,643200.0,261
2023-05-11 09:50:18,MO2403-C-6000,MO2403-C-6000,643.2,0.0,0.0,0.0,5,641.0,647.0,21,637.8,643.2,643.2,643.2,10.0,643200.0,261
2023-05-11 09:50:18,MO2403-C-6000,MO2403-C-6000,643.2,0.0,0.0,0.0,5,641.0,647.0,6,637.8,643.2,643.2,643.2,10.0,643200.0,261
2023-05-11 09:50:19,MO2403-C-6000,MO2403-C-6000,643.2,0.0,0.0,0.0,5,641.0,647.2,21,637.8,643.2,643.2,643.2,10.0,643200.0,261
2023-05-11 09:50:20,MO2403-C-6000,MO2403-C-6000,643.2,0.0,0.0,0.0,5,641.0,647.2,6,637.8,643.2,643.2,643.2,10.0,643200.0,261
2023-05-11 09:50:20,MO2403-C-6000,MO2403-C-6000,643.2,0.0,0.0,0.0,5,641.0,647.4,27,637.8,643.2,643.2,643.2,10.0,643200.0,261
2023-05-11 09:50:21,MO2403-C-6000,MO2403-C-6000,643.2,0.0,0.0,0.0,5,641.0,647.4,12,637.8,643.2,643.2,643.2,10.0,643200.0,261
2023-05-11 09:50:21,MO2403-C-6000,MO2403-C-6000,643.2,0.0,0.0,0.0,5,641.0,647.4,6,637.8,643.2,643.2,643.2,10.0,643200.0,261
2023-05-11 09:50:22,MO2403-C-6000,MO2403-C-6000,643.2,0.0,0.0,0.0,5,641.0,647.6,23,637.8,643.2,643.2,643.2,10.0,643200.0,261
2023-05-11 09:50:22,MO2403-C-6000,MO2403-C-6000,643.2,0.0,0.0,0.0,5,641.0,647.6,8,637.8,643.2,643.2,643.2,10.0,643200.0,261
2023-05-11 09:50:23,MO2403-C-6000,MO2403-C-6000,643.2,0.0,0.0,0.0,5,641.0,647.6,2,637.8,643.2,643.2,643.2,10.0,643200.0,261
2023-05-11 09:50:24,MO2403-C-6000,MO2403-C-6000,643.2,0.0,0.0,0.0,5,641.0,647.8,39,637.8,643.2,643.2,643.2,10.0,643200.0,261
2023-05-11 09:50:24,MO2403-C-6000,MO2403-C-6000,643.2,0.0,0.0,0.0,5,641.0,647.8,18,637.8,643.2,643.2,643.2,10.0,643200.0,261
2023-05-11 09:50:25,MO2403-C-6000,MO2403-C-6000,643.2,0.0,0.0,0.0,5,641.0,647.8,14,637.8,643.2,643.2,643.2,10.0,643200.0,261
2023-05-11 09:50:42,MO2403-C-6000,MO2403-C-6000,643.2,0.0,0.0,0.0,5,641.0,647.8,8,637.8,643.2,643.2,643.2,10.0,643200.0,261
2023-05-11 09:50:42,MO2403-C-6000,MO2403-C-6000,643.2,0.0,0.0,0.0,5,641.0,647.8,2,637.8,643.2,643.2,643.2,10.0,643200.0,261
2023-05-11 09:50:43,MO2403-C-6000,MO2403-C-6000,643.2,0.0,0.0,0.0,5,641.0,648.0,45,637.8,643.2,643.2,643.2,10.0,643200.0,261
2023-05-11 09:50:43,MO2403-C-6000,MO2403-C-6000,643.2,0.0,0.0,0.0,5,641.0,648.0,30,637.8,643.2,643.2,643.2,10.0,643200.0,261
2023-05-11 09:50:44,MO2403-C-6000,MO2403-C-6000,643.2,0.0,0.0,0.0,5,641.0,648.0,20,637.8,643.2,643.2,643.2,10.0,643200.0,261
2023-05-11 09:50:45,MO2403-C-6000,MO2403-C-6000,643.2,0.0,0.0,0.0,5,641.0,648.0,18,637.8,643.2,643.2,643.2,10.0,643200.0,261
2023-05-11 09:51:43,MO2403-C-6000,MO2403-C-6000,643.2,0.0,0.0,0.0,5,641.0,648.0,12,637.8,643.2,643.2,643.2,10.0,643200.0,261
2023-05-11 09:51:43,MO2403-C-6000,MO2403-C-6000,643.2,0.0,0.0,0.0,5,641.0,648.0,6,637.8,643.2,643.2,643.2,10.0,643200.0,261
2023-05-11 09:52:03,MO2403-C-6000,MO2403-C-6000,643.2,0.0,0.0,0.0,5,641.0,648.0,8,637.8,643.2,643.2,643.2,10.0,643200.0,261
2023-05-11 09:52:06,MO2403-C-6000,MO2403-C-6000,643.2,0.0,0.0,0.0,5,641.0,648.0,6,637.8,643.2,643.2,643.2,10.0,643200.0,261
2023-05-11 09:52:07,MO2403-C-6000,MO2403-C-6000,643.2,0.0,0.0,0.0,5,641.0,648.0,8,637.8,643.2,643.2,643.2,10.0,643200.0,261
2023-05-11 09:52:10,MO2403-C-6000,MO2403-C-6000,643.2,0.0,0.0,0.0,5,641.0,648.0,6,637.8,643.2,643.2,643.2,10.0,643200.0,261
2023-05-11 09:52:39,MO2403-C-6000,MO2403-C-6000,643.2,0.0,0.0,0.0,5,641.0,648.0,8,637.8,643.2,643.2,643.2,10.0,643200.0,261
2023-05-11 09:52:58,MO2403-C-6000,MO2403-C-6000,641.0,1.0,64100.0,1.0,4,641.0,648.0,8,637.8,643.2,643.2,641.0,11.0,707300.0,262
2023-05-11 09:53:08,MO2403-C-6000,MO2403-C-6000,641.0,1.0,64100.0,1.0,3,641.0,648.0,8,637.8,643.2,643.2,641.0,12.0,771400.0,263
2023-05-11 09:53:08,MO2403-C-6000,MO2403-C-6000,641.0,3.0,192300.0,3.0,12,636.6,648.0,8,637.8,643.2,643.2,641.0,15.0,963700.0,266
2023-05-11 09:53:09,MO2403-C-6000,MO2403-C-6000,641.0,0.0,0.0,0.0,24,636.0,648.0,8,637.8,643.2,643.2,641.0,15.0,963700.0,266
2023-05-11 09:53:09,MO2403-C-6000,MO2403-C-6000,641.0,0.0,0.0,0.0,18,635.8,648.0,8,637.8,643.2,643.2,641.0,15.0,963700.0,266
2023-05-11 09:53:10,MO2403-C-6000,MO2403-C-6000,641.0,0.0,0.0,0.0,13,635.0,648.0,8,637.8,643.2,643.2,641.0,15.0,963700.0,266
2023-05-11 09:53:10,MO2403-C-6000,MO2403-C-6000,641.0,0.0,0.0,0.0,1,635.0,648.0,8,637.8,643.2,643.2,641.0,15.0,963700.0,266
2023-05-11 09:53:12,MO2403-C-6000,MO2403-C-6000,641.0,0.0,0.0,0.0,7,635.0,648.0,2,637.8,643.2,643.2,641.0,15.0,963700.0,266
2023-05-11 09:53:13,MO2403-C-6000,MO2403-C-6000,641.0,0.0,0.0,0.0,1,635.2,648.2,40,637.8,643.2,643.2,641.0,15.0,963700.0,266
2023-05-11 09:53:13,MO2403-C-6000,MO2403-C-6000,641.0,0.0,0.0,0.0,1,635.2,648.2,25,637.8,643.2,643.2,641.0,15.0,963700.0,266
2023-05-11 09:53:14,MO2403-C-6000,MO2403-C-6000,641.0,0.0,0.0,0.0,1,635.2,648.2,21,637.8,643.2,643.2,641.0,15.0,963700.0,266
2023-05-11 09:53:16,MO2403-C-6000,MO2403-C-6000,641.0,0.0,0.0,0.0,7,635.0,648.2,21,637.8,643.2,643.2,641.0,15.0,963700.0,266
2023-05-11 09:53:18,MO2403-C-6000,MO2403-C-6000,641.0,0.0,0.0,0.0,7,635.0,647.8,2,637.8,643.2,643.2,641.0,15.0,963700.0,266
2023-05-11 09:53:20,MO2403-C-6000,MO2403-C-6000,641.0,0.0,0.0,0.0,1,635.0,647.8,2,637.8,643.2,643.2,641.0,15.0,963700.0,266
2023-05-11 09:53:30,MO2403-C-6000,MO2403-C-6000,641.0,0.0,0.0,0.0,1,635.0,646.2,6,637.8,643.2,643.2,641.0,15.0,963700.0,266
2023-05-11 09:53:31,MO2403-C-6000,MO2403-C-6000,641.0,0.0,0.0,0.0,1,635.0,646.2,14,637.8,643.2,643.2,641.0,15.0,963700.0,266
2023-05-11 09:53:31,MO2403-C-6000,MO2403-C-6000,641.0,0.0,0.0,0.0,1,635.0,646.2,20,637.8,643.2,643.2,641.0,15.0,963700.0,266
2023-05-11 09:53:36,MO2403-C-6000,MO2403-C-6000,641.0,0.0,0.0,0.0,1,635.0,645.8,2,637.8,643.2,643.2,641.0,15.0,963700.0,266
2023-05-11 09:53:36,MO2403-C-6000,MO2403-C-6000,641.0,0.0,0.0,0.0,1,635.0,646.0,15,637.8,643.2,643.2,641.0,15.0,963700.0,266
2023-05-11 09:53:37,MO2403-C-6000,MO2403-C-6000,641.0,0.0,0.0,0.0,1,635.0,645.6,2,637.8,643.2,643.2,641.0,15.0,963700.0,266
2023-05-11 09:53:37,MO2403-C-6000,MO2403-C-6000,641.0,0.0,0.0,0.0,1,635.0,645.8,15,637.8,643.2,643.2,641.0,15.0,963700.0,266
2023-05-11 09:53:38,MO2403-C-6000,MO2403-C-6000,641.0,0.0,0.0,0.0,1,635.0,645.8,2,637.8,643.2,643.2,641.0,15.0,963700.0,266
2023-05-11 09:53:42,MO2403-C-6000,MO2403-C-6000,641.0,0.0,0.0,0.0,1,635.0,646.0,15,637.8,643.2,643.2,641.0,15.0,963700.0,266
2023-05-11 09:53:43,MO2403-C-6000,MO2403-C-6000,641.0,0.0,0.0,0.0,1,635.0,646.2,20,637.8,643.2,643.2,641.0,15.0,963700.0,266
2023-05-11 09:53:43,MO2403-C-6000,MO2403-C-6000,641.0,0.0,0.0,0.0,1,635.0,645.8,2,637.8,643.2,643.2,641.0,15.0,963700.0,266
2023-05-11 09:53:44,MO2403-C-6000,MO2403-C-6000,641.0,0.0,0.0,0.0,1,635.0,646.0,15,637.8,643.2,643.2,641.0,15.0,963700.0,266
2023-05-11 09:53:44,MO2403-C-6000,MO2403-C-6000,641.0,0.0,0.0,0.0,1,635.0,646.2,20,637.8,643.2,643.2,641.0,15.0,963700.0,266
2023-05-11 09:53:51,MO2403-C-6000,MO2403-C-6000,641.0,0.0,0.0,0.0,2,635.0,646.2,20,637.8,643.2,643.2,641.0,15.0,963700.0,266
2023-05-11 09:53:52,MO2403-C-6000,MO2403-C-6000,641.0,0.0,0.0,0.0,8,635.0,646.2,20,637.8,643.2,643.2,641.0,15.0,963700.0,266
2023-05-11 09:53:52,MO2403-C-6000,MO2403-C-6000,641.0,0.0,0.0,0.0,7,635.0,646.2,18,637.8,643.2,643.2,641.0,15.0,963700.0,266
2023-05-11 09:53:53,MO2403-C-6000,MO2403-C-6000,641.0,0.0,0.0,0.0,1,635.2,646.2,18,637.8,643.2,643.2,641.0,15.0,963700.0,266
2023-05-11 09:53:53,MO2403-C-6000,MO2403-C-6000,641.0,0.0,0.0,0.0,7,635.0,646.2,18,637.8,643.2,643.2,641.0,15.0,963700.0,266
2023-05-11 09:53:54,MO2403-C-6000,MO2403-C-6000,641.0,0.0,0.0,0.0,1,635.2,646.2,18,637.8,643.2,643.2,641.0,15.0,963700.0,266
2023-05-11 09:53:55,MO2403-C-6000,MO2403-C-6000,641.0,0.0,0.0,0.0,7,635.0,646.2,18,637.8,643.2,643.2,641.0,15.0,963700.0,266
2023-05-11 09:54:00,MO2403-C-6000,MO2403-C-6000,641.0,0.0,0.0,0.0,1,635.0,646.0,2,637.8,643.2,643.2,641.0,15.0,963700.0,266
2023-05-11 09:54:00,MO2403-C-6000,MO2403-C-6000,641.0,0.0,0.0,0.0,7,635.0,646.2,33,637.8,643.2,643.2,641.0,15.0,963700.0,266
2023-05-11 09:54:01,MO2403-C-6000,MO2403-C-6000,641.0,0.0,0.0,0.0,7,635.0,646.2,18,637.8,643.2,643.2,641.0,15.0,963700.0,266
2023-05-11 09:54:02,MO2403-C-6000,MO2403-C-6000,641.0,0.0,0.0,0.0,8,635.0,646.2,18,637.8,643.2,643.2,641.0,15.0,963700.0,266
2023-05-11 09:54:03,MO2403-C-6000,MO2403-C-6000,641.0,0.0,0.0,0.0,13,635.0,646.2,18,637.8,643.2,643.2,641.0,15.0,963700.0,266
2023-05-11 09:54:03,MO2403-C-6000,MO2403-C-6000,641.0,0.0,0.0,0.0,1,635.2,646.2,12,637.8,643.2,643.2,641.0,15.0,963700.0,266
2023-05-11 09:54:04,MO2403-C-6000,MO2403-C-6000,641.0,0.0,0.0,0.0,13,635.0,646.2,6,637.8,643.2,643.2,641.0,15.0,963700.0,266
2023-05-11 09:54:10,MO2403-C-6000,MO2403-C-6000,641.0,0.0,0.0,0.0,13,635.0,646.0,6,637.8,643.2,643.2,641.0,15.0,963700.0,266
2023-05-11 09:54:10,MO2403-C-6000,MO2403-C-6000,641.0,0.0,0.0,0.0,7,635.0,646.0,6,637.8,643.2,643.2,641.0,15.0,963700.0,266
2023-05-11 09:54:11,MO2403-C-6000,MO2403-C-6000,641.0,0.0,0.0,0.0,7,635.0,646.0,8,637.8,643.2,643.2,641.0,15.0,963700.0,266
2023-05-11 09:54:12,MO2403-C-6000,MO2403-C-6000,641.0,0.0,0.0,0.0,7,635.0,646.0,6,637.8,643.2,643.2,641.0,15.0,963700.0,266
2023-05-11 09:54:23,MO2403-C-6000,MO2403-C-6000,641.0,0.0,0.0,0.0,6,635.2,646.0,6,637.8,643.2,643.2,641.0,15.0,963700.0,266
2023-05-11 09:54:58,MO2403-C-6000,MO2403-C-6000,641.0,0.0,0.0,0.0,7,635.0,646.0,6,637.8,643.2,643.2,641.0,15.0,963700.0,266
2023-05-11 09:54:59,MO2403-C-6000,MO2403-C-6000,641.0,0.0,0.0,0.0,7,635.0,646.0,8,637.8,643.2,643.2,641.0,15.0,963700.0,266
2023-05-11 09:54:59,MO2403-C-6000,MO2403-C-6000,641.0,0.0,0.0,0.0,7,635.0,646.0,6,637.8,643.2,643.2,641.0,15.0,963700.0,266
2023-05-11 09:55:00,MO2403-C-6000,MO2403-C-6000,641.0,0.0,0.0,0.0,7,635.0,646.0,8,637.8,643.2,643.2,641.0,15.0,963700.0,266
2023-05-11 09:55:01,MO2403-C-6000,MO2403-C-6000,641.0,0.0,0.0,0.0,7,635.0,646.0,6,637.8,643.2,643.2,641.0,15.0,963700.0,266
2023-05-11 09:55:01,MO2403-C-6000,MO2403-C-6000,641.0,0.0,0.0,0.0,7,635.0,646.0,8,637.8,643.2,643.2,641.0,15.0,963700.0,266
2023-05-11 09:55:02,MO2403-C-6000,MO2403-C-6000,641.0,0.0,0.0,0.0,7,635.0,646.0,6,637.8,643.2,643.2,641.0,15.0,963700.0,266
2023-05-11 09:55:02,MO2403-C-6000,MO2403-C-6000,641.0,0.0,0.0,0.0,7,635.0,646.0,8,637.8,643.2,643.2,641.0,15.0,963700.0,266
2023-05-11 09:55:03,MO2403-C-6000,MO2403-C-6000,641.0,0.0,0.0,0.0,1,635.0,646.0,8,637.8,643.2,643.2,641.0,15.0,963700.0,266
2023-05-11 09:55:04,MO2403-C-6000,MO2403-C-6000,641.0,0.0,0.0,0.0,1,635.0,643.8,6,637.8,643.2,643.2,641.0,15.0,963700.0,266
2023-05-11 09:55:14,MO2403-C-6000,MO2403-C-6000,641.0,0.0,0.0,0.0,1,635.0,644.0,21,637.8,643.2,643.2,641.0,15.0,963700.0,266
2023-05-11 09:55:15,MO2403-C-6000,MO2403-C-6000,641.0,0.0,0.0,0.0,1,635.0,644.0,6,637.8,643.2,643.2,641.0,15.0,963700.0,266
2023-05-11 09:55:15,MO2403-C-6000,MO2403-C-6000,641.0,0.0,0.0,0.0,1,635.0,644.2,21,637.8,643.2,643.2,641.0,15.0,963700.0,266
2023-05-11 09:55:16,MO2403-C-6000,MO2403-C-6000,641.0,0.0,0.0,0.0,1,635.0,644.2,6,637.8,643.2,643.2,641.0,15.0,963700.0,266
2023-05-11 09:55:16,MO2403-C-6000,MO2403-C-6000,641.0,0.0,0.0,0.0,1,635.0,644.4,41,637.8,643.2,643.2,641.0,15.0,963700.0,266
2023-05-11 09:55:17,MO2403-C-6000,MO2403-C-6000,641.0,0.0,0.0,0.0,1,635.0,644.4,20,637.8,643.2,643.2,641.0,15.0,963700.0,266
2023-05-11 09:55:17,MO2403-C-6000,MO2403-C-6000,641.0,0.0,0.0,0.0,1,635.0,644.4,18,637.8,643.2,643.2,641.0,15.0,963700.0,266
2023-05-11 09:55:28,MO2403-C-6000,MO2403-C-6000,641.0,0.0,0.0,0.0,1,635.0,644.4,12,637.8,643.2,643.2,641.0,15.0,963700.0,266
2023-05-11 09:55:29,MO2403-C-6000,MO2403-C-6000,641.0,0.0,0.0,0.0,1,635.0,644.4,6,637.8,643.2,643.2,641.0,15.0,963700.0,266
2023-05-11 09:55:41,MO2403-C-6000,MO2403-C-6000,641.0,0.0,0.0,0.0,1,635.0,644.0,6,637.8,643.2,643.2,641.0,15.0,963700.0,266
2023-05-11 09:55:52,MO2403-C-6000,MO2403-C-6000,641.0,0.0,0.0,0.0,1,635.0,643.8,2,637.8,643.2,643.2,641.0,15.0,963700.0,266
2023-05-11 09:55:53,MO2403-C-6000,MO2403-C-6000,641.0,0.0,0.0,0.0,1,635.0,644.0,27,637.8,643.2,643.2,641.0,15.0,963700.0,266
2023-05-11 09:55:54,MO2403-C-6000,MO2403-C-6000,641.0,0.0,0.0,0.0,1,635.0,643.8,2,637.8,643.2,643.2,641.0,15.0,963700.0,266
2023-05-11 09:55:54,MO2403-C-6000,MO2403-C-6000,641.0,0.0,0.0,0.0,1,635.0,644.0,27,637.8,643.2,643.2,641.0,15.0,963700.0,266
2023-05-11 09:55:55,MO2403-C-6000,MO2403-C-6000,641.0,0.0,0.0,0.0,1,635.0,644.0,12,637.8,643.2,643.2,641.0,15.0,963700.0,266
2023-05-11 09:55:55,MO2403-C-6000,MO2403-C-6000,641.0,0.0,0.0,0.0,1,635.0,644.0,6,637.8,643.2,643.2,641.0,15.0,963700.0,266
2023-05-11 09:56:01,MO2403-C-6000,MO2403-C-6000,641.0,0.0,0.0,0.0,1,635.0,643.6,2,637.8,643.2,643.2,641.0,15.0,963700.0,266
2023-05-11 09:56:02,MO2403-C-6000,MO2403-C-6000,641.0,0.0,0.0,0.0,1,635.0,643.8,15,637.8,643.2,643.2,641.0,15.0,963700.0,266
2023-05-11 09:56:02,MO2403-C-6000,MO2403-C-6000,641.0,0.0,0.0,0.0,1,635.0,644.0,6,637.8,643.2,643.2,641.0,15.0,963700.0,266
2023-05-11 09:56:03,MO2403-C-6000,MO2403-C-6000,641.0,0.0,0.0,0.0,1,635.0,644.0,8,637.8,643.2,643.2,641.0,15.0,963700.0,266
2023-05-11 09:56:03,MO2403-C-6000,MO2403-C-6000,641.0,0.0,0.0,0.0,1,635.0,644.0,6,637.8,643.2,643.2,641.0,15.0,963700.0,266
2023-05-11 09:56:04,MO2403-C-6000,MO2403-C-6000,641.0,0.0,0.0,0.0,1,635.0,643.8,2,637.8,643.2,643.2,641.0,15.0,963700.0,266
2023-05-11 09:56:04,MO2403-C-6000,MO2403-C-6000,641.0,0.0,0.0,0.0,1,635.0,644.0,21,637.8,643.2,643.2,641.0,15.0,963700.0,266
2023-05-11 09:56:05,MO2403-C-6000,MO2403-C-6000,641.0,0.0,0.0,0.0,1,635.0,644.0,6,637.8,643.2,643.2,641.0,15.0,963700.0,266
2023-05-11 09:56:08,MO2403-C-6000,MO2403-C-6000,641.0,0.0,0.0,0.0,1,635.0,643.8,2,637.8,643.2,643.2,641.0,15.0,963700.0,266
2023-05-11 09:56:10,MO2403-C-6000,MO2403-C-6000,641.0,0.0,0.0,0.0,1,635.0,644.0,21,637.8,643.2,643.2,641.0,15.0,963700.0,266
2023-05-11 09:56:10,MO2403-C-6000,MO2403-C-6000,641.0,0.0,0.0,0.0,1,635.0,644.0,8,637.8,643.2,643.2,641.0,15.0,963700.0,266
2023-05-11 09:56:21,MO2403-C-6000,MO2403-C-6000,641.0,0.0,0.0,0.0,1,635.0,644.0,6,637.8,643.2,643.2,641.0,15.0,963700.0,266
2023-05-11 09:56:36,MO2403-C-6000,MO2403-C-6000,641.0,0.0,0.0,0.0,1,635.0,644.0,8,637.8,643.2,643.2,641.0,15.0,963700.0,266
2023-05-11 09:56:44,MO2403-C-6000,MO2403-C-6000,641.0,0.0,0.0,0.0,1,635.0,643.6,2,637.8,643.2,643.2,641.0,15.0,963700.0,266
2023-05-11 09:56:51,MO2403-C-6000,MO2403-C-6000,641.0,0.0,0.0,0.0,1,635.0,643.8,15,637.8,643.2,643.2,641.0,15.0,963700.0,266
2023-05-11 09:56:52,MO2403-C-6000,MO2403-C-6000,641.0,0.0,0.0,0.0,1,635.0,644.0,8,637.8,643.2,643.2,641.0,15.0,963700.0,266
2023-05-11 09:56:52,MO2403-C-6000,MO2403-C-6000,641.0,0.0,0.0,0.0,1,635.0,644.0,10,637.8,643.2,643.2,641.0,15.0,963700.0,266
2023-05-11 09:56:53,MO2403-C-6000,MO2403-C-6000,641.0,0.0,0.0,0.0,1,635.0,644.0,8,637.8,643.2,643.2,641.0,15.0,963700.0,266
2023-05-11 09:56:53,MO2403-C-6000,MO2403-C-6000,641.0,0.0,0.0,0.0,1,635.0,643.8,2,637.8,643.2,643.2,641.0,15.0,963700.0,266
2023-05-11 09:56:58,MO2403-C-6000,MO2403-C-6000,641.0,0.0,0.0,0.0,1,635.0,644.0,23,637.8,643.2,643.2,641.0,15.0,963700.0,266
2023-05-11 09:56:59,MO2403-C-6000,MO2403-C-6000,641.0,0.0,0.0,0.0,1,635.0,644.0,8,637.8,643.2,643.2,641.0,15.0,963700.0,266
2023-05-11 09:56:59,MO2403-C-6000,MO2403-C-6000,641.0,0.0,0.0,0.0,1,635.0,644.0,10,637.8,643.2,643.2,641.0,15.0,963700.0,266
2023-05-11 09:57:05,MO2403-C-6000,MO2403-C-6000,641.0,0.0,0.0,0.0,1,635.0,644.0,8,637.8,643.2,643.2,641.0,15.0,963700.0,266
2023-05-11 09:57:12,MO2403-C-6000,MO2403-C-6000,641.0,0.0,0.0,0.0,1,635.0,644.0,10,637.8,643.2,643.2,641.0,15.0,963700.0,266
2023-05-11 09:57:12,MO2403-C-6000,MO2403-C-6000,641.0,0.0,0.0,0.0,1,635.0,644.0,8,637.8,643.2,643.2,641.0,15.0,963700.0,266
2023-05-11 09:57:13,MO2403-C-6000,MO2403-C-6000,641.0,0.0,0.0,0.0,1,635.0,644.0,10,637.8,643.2,643.2,641.0,15.0,963700.0,266
2023-05-11 09:57:14,MO2403-C-6000,MO2403-C-6000,641.0,0.0,0.0,0.0,1,635.0,644.0,8,637.8,643.2,643.2,641.0,15.0,963700.0,266
2023-05-11 09:57:37,MO2403-C-6000,MO2403-C-6000,641.0,0.0,0.0,0.0,1,635.0,643.6,2,637.8,643.2,643.2,641.0,15.0,963700.0,266
2023-05-11 09:57:38,MO2403-C-6000,MO2403-C-6000,641.0,0.0,0.0,0.0,1,635.0,643.8,15,637.8,643.2,643.2,641.0,15.0,963700.0,266
2023-05-11 09:57:38,MO2403-C-6000,MO2403-C-6000,641.0,0.0,0.0,0.0,1,635.0,644.0,8,637.8,643.2,643.2,641.0,15.0,963700.0,266
2023-05-11 09:57:39,MO2403-C-6000,MO2403-C-6000,641.0,0.0,0.0,0.0,1,635.0,644.0,10,637.8,643.2,643.2,641.0,15.0,963700.0,266
2023-05-11 09:57:39,MO2403-C-6000,MO2403-C-6000,641.0,0.0,0.0,0.0,1,635.0,644.0,8,637.8,643.2,643.2,641.0,15.0,963700.0,266
2023-05-11 09:57:44,MO2403-C-6000,MO2403-C-6000,641.0,0.0,0.0,0.0,1,635.0,644.0,6,637.8,643.2,643.2,641.0,15.0,963700.0,266
2023-05-11 09:57:45,MO2403-C-6000,MO2403-C-6000,641.0,0.0,0.0,0.0,1,635.0,644.0,8,637.8,643.2,643.2,641.0,15.0,963700.0,266
2023-05-11 09:57:48,MO2403-C-6000,MO2403-C-6000,641.0,0.0,0.0,0.0,1,635.0,644.0,6,637.8,643.2,643.2,641.0,15.0,963700.0,266
2023-05-11 09:57:49,MO2403-C-6000,MO2403-C-6000,641.0,0.0,0.0,0.0,1,635.0,644.0,8,637.8,643.2,643.2,641.0,15.0,963700.0,266
2023-05-11 09:57:54,MO2403-C-6000,MO2403-C-6000,641.0,0.0,0.0,0.0,1,635.0,644.0,10,637.8,643.2,643.2,641.0,15.0,963700.0,266
2023-05-11 09:58:00,MO2403-C-6000,MO2403-C-6000,641.0,0.0,0.0,0.0,1,635.0,644.0,8,637.8,643.2,643.2,641.0,15.0,963700.0,266
2023-05-11 09:58:03,MO2403-C-6000,MO2403-C-6000,641.0,0.0,0.0,0.0,1,635.0,643.6,2,637.8,643.2,643.2,641.0,15.0,963700.0,266
2023-05-11 09:58:06,MO2403-C-6000,MO2403-C-6000,641.0,0.0,0.0,0.0,1,635.0,643.8,15,637.8,643.2,643.2,641.0,15.0,963700.0,266
2023-05-11 09:58:07,MO2403-C-6000,MO2403-C-6000,641.0,0.0,0.0,0.0,1,635.0,643.6,2,637.8,643.2,643.2,641.0,15.0,963700.0,266
2023-05-11 09:58:10,MO2403-C-6000,MO2403-C-6000,641.0,0.0,0.0,0.0,1,635.0,643.8,15,637.8,643.2,643.2,641.0,15.0,963700.0,266
2023-05-11 09:58:11,MO2403-C-6000,MO2403-C-6000,641.0,0.0,0.0,0.0,1,635.0,643.8,2,637.8,643.2,643.2,641.0,15.0,963700.0,266
2023-05-11 09:58:12,MO2403-C-6000,MO2403-C-6000,641.0,0.0,0.0,0.0,1,635.0,644.0,29,637.8,643.2,643.2,641.0,15.0,963700.0,266
2023-05-11 09:58:12,MO2403-C-6000,MO2403-C-6000,641.0,0.0,0.0,0.0,1,635.0,644.0,14,637.8,643.2,643.2,641.0,15.0,963700.0,266
2023-05-11 09:58:22,MO2403-C-6000,MO2403-C-6000,641.0,0.0,0.0,0.0,1,635.0,643.8,2,637.8,643.2,643.2,641.0,15.0,963700.0,266
2023-05-11 09:58:24,MO2403-C-6000,MO2403-C-6000,641.0,0.0,0.0,0.0,1,635.0,644.0,29,637.8,643.2,643.2,641.0,15.0,963700.0,266
2023-05-11 09:58:25,MO2403-C-6000,MO2403-C-6000,641.0,0.0,0.0,0.0,1,635.0,644.0,16,637.8,643.2,643.2,641.0,15.0,963700.0,266
2023-05-11 09:58:28,MO2403-C-6000,MO2403-C-6000,641.0,0.0,0.0,0.0,1,635.0,644.0,14,637.8,643.2,643.2,641.0,15.0,963700.0,266
2023-05-11 09:58:29,MO2403-C-6000,MO2403-C-6000,641.0,0.0,0.0,0.0,1,635.0,644.0,8,637.8,643.2,643.2,641.0,15.0,963700.0,266
2023-05-11 09:59:10,MO2403-C-6000,MO2403-C-6000,641.0,0.0,0.0,0.0,1,635.0,643.6,2,637.8,643.2,643.2,641.0,15.0,963700.0,266
2023-05-11 09:59:11,MO2403-C-6000,MO2403-C-6000,641.0,0.0,0.0,0.0,1,635.0,643.8,15,637.8,643.2,643.2,641.0,15.0,963700.0,266
2023-05-11 09:59:11,MO2403-C-6000,MO2403-C-6000,641.0,0.0,0.0,0.0,1,635.0,643.4,2,637.8,643.2,643.2,641.0,15.0,963700.0,266
2023-05-11 09:59:12,MO2403-C-6000,MO2403-C-6000,641.0,0.0,0.0,0.0,1,635.0,643.6,21,637.8,643.2,643.2,641.0,15.0,963700.0,266
2023-05-11 09:59:13,MO2403-C-6000,MO2403-C-6000,641.0,0.0,0.0,0.0,1,635.0,643.6,8,637.8,643.2,643.2,641.0,15.0,963700.0,266
2023-05-11 09:59:13,MO2403-C-6000,MO2403-C-6000,641.0,0.0,0.0,0.0,1,635.0,643.6,2,637.8,643.2,643.2,641.0,15.0,963700.0,266
2023-05-11 09:59:16,MO2403-C-6000,MO2403-C-6000,641.0,0.0,0.0,0.0,1,635.0,643.8,21,637.8,643.2,643.2,641.0,15.0,963700.0,266
2023-05-11 09:59:16,MO2403-C-6000,MO2403-C-6000,641.0,0.0,0.0,0.0,1,635.0,643.8,6,637.8,643.2,643.2,641.0,15.0,963700.0,266
2023-05-11 09:59:17,MO2403-C-6000,MO2403-C-6000,641.0,0.0,0.0,0.0,1,635.0,643.4,2,637.8,643.2,643.2,641.0,15.0,963700.0,266
2023-05-11 09:59:17,MO2403-C-6000,MO2403-C-6000,641.0,0.0,0.0,0.0,1,635.0,643.6,15,637.8,643.2,643.2,641.0,15.0,963700.0,266
2023-05-11 09:59:18,MO2403-C-6000,MO2403-C-6000,641.0,0.0,0.0,0.0,1,635.0,643.6,2,637.8,643.2,643.2,641.0,15.0,963700.0,266
2023-05-11 09:59:18,MO2403-C-6000,MO2403-C-6000,641.0,0.0,0.0,0.0,1,635.0,643.8,15,637.8,643.2,643.2,641.0,15.0,963700.0,266
2023-05-11 09:59:19,MO2403-C-6000,MO2403-C-6000,641.0,0.0,0.0,0.0,1,635.0,643.4,2,637.8,643.2,643.2,641.0,15.0,963700.0,266
2023-05-11 09:59:19,MO2403-C-6000,MO2403-C-6000,641.0,0.0,0.0,0.0,1,635.0,643.6,15,637.8,643.2,643.2,641.0,15.0,963700.0,266
2023-05-11 09:59:20,MO2403-C-6000,MO2403-C-6000,641.0,0.0,0.0,0.0,1,635.0,644.0,14,637.8,643.2,643.2,641.0,15.0,963700.0,266
2023-05-11 09:59:21,MO2403-C-6000,MO2403-C-6000,641.0,0.0,0.0,0.0,1,635.0,644.0,16,637.8,643.2,643.2,641.0,15.0,963700.0,266
2023-05-11 09:59:22,MO2403-C-6000,MO2403-C-6000,641.0,0.0,0.0,0.0,1,635.0,644.0,14,637.8,643.2,643.2,641.0,15.0,963700.0,266
2023-05-11 09:59:28,MO2403-C-6000,MO2403-C-6000,641.0,0.0,0.0,0.0,1,635.0,644.0,16,637.8,643.2,643.2,641.0,15.0,963700.0,266
2023-05-11 09:59:29,MO2403-C-6000,MO2403-C-6000,641.0,0.0,0.0,0.0,1,635.0,644.0,14,637.8,643.2,643.2,641.0,15.0,963700.0,266
2023-05-11 09:59:29,MO2403-C-6000,MO2403-C-6000,641.0,0.0,0.0,0.0,1,635.0,643.8,2,637.8,643.2,643.2,641.0,15.0,963700.0,266
2023-05-11 09:59:30,MO2403-C-6000,MO2403-C-6000,641.0,0.0,0.0,0.0,1,635.0,644.0,29,637.8,643.2,643.2,641.0,15.0,963700.0,266
2023-05-11 09:59:30,MO2403-C-6000,MO2403-C-6000,641.0,0.0,0.0,0.0,1,635.0,644.0,14,637.8,643.2,643.2,641.0,15.0,963700.0,266
2023-05-11 09:59:34,MO2403-C-6000,MO2403-C-6000,641.0,0.0,0.0,0.0,1,635.0,644.0,12,637.8,643.2,643.2,641.0,15.0,963700.0,266
2023-05-11 09:59:35,MO2403-C-6000,MO2403-C-6000,641.0,0.0,0.0,0.0,7,635.0,644.0,6,637.8,643.2,643.2,641.0,15.0,963700.0,266
2023-05-11 09:59:35,MO2403-C-6000,MO2403-C-6000,641.0,0.0,0.0,0.0,7,635.0,644.0,8,637.8,643.2,643.2,641.0,15.0,963700.0,266
2023-05-11 09:59:39,MO2403-C-6000,MO2403-C-6000,641.0,0.0,0.0,0.0,7,635.0,644.0,6,637.8,643.2,643.2,641.0,15.0,963700.0,266
2023-05-11 09:59:40,MO2403-C-6000,MO2403-C-6000,641.0,0.0,0.0,0.0,7,635.0,644.0,8,637.8,643.2,643.2,641.0,15.0,963700.0,266
2023-05-11 09:59:54,MO2403-C-6000,MO2403-C-6000,641.0,0.0,0.0,0.0,8,635.0,644.0,6,637.8,643.2,643.2,641.0,15.0,963700.0,266
2023-05-11 10:00:06,MO2403-C-6000,MO2403-C-6000,641.0,0.0,0.0,0.0,7,635.0,644.0,6,637.8,643.2,643.2,641.0,15.0,963700.0,266
2023-05-11 10:00:09,MO2403-C-6000,MO2403-C-6000,641.0,0.0,0.0,0.0,7,635.0,644.0,8,637.8,643.2,643.2,641.0,15.0,963700.0,266
2023-05-11 10:00:09,MO2403-C-6000,MO2403-C-6000,641.0,0.0,0.0,0.0,1,635.0,644.0,10,637.8,643.2,643.2,641.0,15.0,963700.0,266
2023-05-11 10:00:17,MO2403-C-6000,MO2403-C-6000,641.0,0.0,0.0,0.0,1,635.0,644.0,8,637.8,643.2,643.2,641.0,15.0,963700.0,266
2023-05-11 10:00:25,MO2403-C-6000,MO2403-C-6000,641.0,0.0,0.0,0.0,1,635.0,644.0,6,637.8,643.2,643.2,641.0,15.0,963700.0,266
2023-05-11 10:00:26,MO2403-C-6000,MO2403-C-6000,641.0,0.0,0.0,0.0,1,635.0,644.0,8,637.8,643.2,643.2,641.0,15.0,963700.0,266
2023-05-11 10:00:34,MO2403-C-6000,MO2403-C-6000,641.0,0.0,0.0,0.0,1,635.0,644.0,6,637.8,643.2,643.2,641.0,15.0,963700.0,266
2023-05-11 10:00:40,MO2403-C-6000,MO2403-C-6000,641.0,0.0,0.0,0.0,1,635.0,643.6,2,637.8,643.2,643.2,641.0,15.0,963700.0,266
2023-05-11 10:00:41,MO2403-C-6000,MO2403-C-6000,641.0,0.0,0.0,0.0,1,635.0,643.8,15,637.8,643.2,643.2,641.0,15.0,963700.0,266
2023-05-11 10:00:41,MO2403-C-6000,MO2403-C-6000,641.0,0.0,0.0,0.0,1,635.0,644.0,6,637.8,643.2,643.2,641.0,15.0,963700.0,266
2023-05-11 10:01:21,MO2403-C-6000,MO2403-C-6000,641.0,0.0,0.0,0.0,1,635.0,643.8,2,637.8,643.2,643.2,641.0,15.0,963700.0,266
2023-05-11 10:01:21,MO2403-C-6000,MO2403-C-6000,641.0,0.0,0.0,0.0,1,635.0,644.0,21,637.8,643.2,643.2,641.0,15.0,963700.0,266
2023-05-11 10:01:22,MO2403-C-6000,MO2403-C-6000,641.0,0.0,0.0,0.0,1,635.0,643.6,2,637.8,643.2,643.2,641.0,15.0,963700.0,266
2023-05-11 10:01:25,MO2403-C-6000,MO2403-C-6000,641.0,0.0,0.0,0.0,1,635.0,643.8,17,637.8,643.2,643.2,641.0,15.0,963700.0,266
2023-05-11 10:01:26,MO2403-C-6000,MO2403-C-6000,641.0,0.0,0.0,0.0,1,635.0,643.8,2,637.8,643.2,643.2,641.0,15.0,963700.0,266
2023-05-11 10:01:26,MO2403-C-6000,MO2403-C-6000,641.0,0.0,0.0,0.0,1,635.0,644.0,21,637.8,643.2,643.2,641.0,15.0,963700.0,266
2023-05-11 10:01:27,MO2403-C-6000,MO2403-C-6000,641.0,0.0,0.0,0.0,1,635.0,644.0,6,637.8,643.2,643.2,641.0,15.0,963700.0,266
