time,symbol_id,symbol_name,last,trade_volume,trade_amount,open_interest_change,bv1,bp1,ap1,av1,yesterday_close,today_open,today_high,today_low,volume,amount,open_interest
2023-05-11 09:29:00,MO2403-C-7400,MO2403-C-7400,98.6,0.0,0.0,0.0,1,82.2,112.0,1,98.6,96.6,0.0,0.0,0.0,0.0,221
2023-05-11 09:30:00,MO2403-C-7400,MO2403-C-7400,98.6,0.0,0.0,0.0,1,84.6,112.0,1,98.6,96.6,0.0,0.0,0.0,0.0,221
2023-05-11 09:30:01,MO2403-C-7400,MO2403-C-7400,98.6,0.0,0.0,0.0,6,84.8,112.0,2,98.6,96.6,0.0,0.0,0.0,0.0,221
2023-05-11 09:30:01,MO2403-C-7400,MO2403-C-7400,98.6,0.0,0.0,0.0,1,87.6,111.6,1,98.6,96.6,0.0,0.0,0.0,0.0,221
2023-05-11 09:30:02,MO2403-C-7400,MO2403-C-7400,98.6,0.0,0.0,0.0,6,87.8,111.6,1,98.6,96.6,0.0,0.0,0.0,0.0,221
2023-05-11 09:30:02,MO2403-C-7400,MO2403-C-7400,98.6,0.0,0.0,0.0,1,99.2,111.6,1,98.6,96.6,0.0,0.0,0.0,0.0,221
2023-05-11 09:30:03,MO2403-C-7400,MO2403-C-7400,98.6,0.0,0.0,0.0,1,99.2,111.4,6,98.6,96.6,0.0,0.0,0.0,0.0,221
2023-05-11 09:30:05,MO2403-C-7400,MO2403-C-7400,98.6,0.0,0.0,0.0,1,100.0,111.4,6,98.6,96.6,0.0,0.0,0.0,0.0,221
2023-05-11 09:30:06,MO2403-C-7400,MO2403-C-7400,98.6,0.0,0.0,0.0,1,100.0,111.2,1,98.6,96.6,0.0,0.0,0.0,0.0,221
2023-05-11 09:30:06,MO2403-C-7400,MO2403-C-7400,98.6,0.0,0.0,0.0,1,100.0,111.0,6,98.6,96.6,0.0,0.0,0.0,0.0,221
2023-05-11 09:30:07,MO2403-C-7400,MO2403-C-7400,98.6,0.0,0.0,0.0,1,100.0,110.8,1,98.6,96.6,0.0,0.0,0.0,0.0,221
2023-05-11 09:30:07,MO2403-C-7400,MO2403-C-7400,98.6,0.0,0.0,0.0,1,100.0,110.6,6,98.6,96.6,0.0,0.0,0.0,0.0,221
2023-05-11 09:30:08,MO2403-C-7400,MO2403-C-7400,98.6,0.0,0.0,0.0,1,100.0,110.4,1,98.6,96.6,0.0,0.0,0.0,0.0,221
2023-05-11 09:30:08,MO2403-C-7400,MO2403-C-7400,98.6,0.0,0.0,0.0,1,100.0,103.2,1,98.6,96.6,0.0,0.0,0.0,0.0,221
2023-05-11 09:30:15,MO2403-C-7400,MO2403-C-7400,98.6,0.0,0.0,0.0,1,100.0,106.0,6,98.6,96.6,0.0,0.0,0.0,0.0,221
2023-05-11 09:30:15,MO2403-C-7400,MO2403-C-7400,98.6,0.0,0.0,0.0,1,100.0,106.2,1,98.6,96.6,0.0,0.0,0.0,0.0,221
2023-05-11 09:30:16,MO2403-C-7400,MO2403-C-7400,98.6,0.0,0.0,0.0,1,100.0,105.0,1,98.6,96.6,0.0,0.0,0.0,0.0,221
2023-05-11 09:30:20,MO2403-C-7400,MO2403-C-7400,98.6,0.0,0.0,0.0,6,100.2,105.0,1,98.6,96.6,0.0,0.0,0.0,0.0,221
2023-05-11 09:30:23,MO2403-C-7400,MO2403-C-7400,98.6,0.0,0.0,0.0,1,100.0,103.4,6,98.6,96.6,0.0,0.0,0.0,0.0,221
2023-05-11 09:30:31,MO2403-C-7400,MO2403-C-7400,98.6,0.0,0.0,0.0,2,100.0,103.4,6,98.6,96.6,0.0,0.0,0.0,0.0,221
2023-05-11 09:30:32,MO2403-C-7400,MO2403-C-7400,98.6,0.0,0.0,0.0,1,100.0,103.4,6,98.6,96.6,0.0,0.0,0.0,0.0,221
2023-05-11 09:30:40,MO2403-C-7400,MO2403-C-7400,98.6,0.0,0.0,0.0,1,100.0,104.6,8,98.6,96.6,0.0,0.0,0.0,0.0,221
2023-05-11 09:30:41,MO2403-C-7400,MO2403-C-7400,98.6,0.0,0.0,0.0,6,99.8,104.6,6,98.6,96.6,0.0,0.0,0.0,0.0,221
2023-05-11 09:30:48,MO2403-C-7400,MO2403-C-7400,98.6,0.0,0.0,0.0,6,100.0,104.6,6,98.6,96.6,0.0,0.0,0.0,0.0,221
2023-05-11 09:30:48,MO2403-C-7400,MO2403-C-7400,98.6,0.0,0.0,0.0,1,100.6,104.6,6,98.6,96.6,0.0,0.0,0.0,0.0,221
2023-05-11 09:30:49,MO2403-C-7400,MO2403-C-7400,98.6,0.0,0.0,0.0,1,100.6,104.4,1,98.6,96.6,0.0,0.0,0.0,0.0,221
2023-05-11 09:30:54,MO2403-C-7400,MO2403-C-7400,98.6,0.0,0.0,0.0,1,100.6,104.6,6,98.6,96.6,0.0,0.0,0.0,0.0,221
2023-05-11 09:30:57,MO2403-C-7400,MO2403-C-7400,98.6,0.0,0.0,0.0,1,100.6,104.4,1,98.6,96.6,0.0,0.0,0.0,0.0,221
2023-05-11 09:30:58,MO2403-C-7400,MO2403-C-7400,98.6,0.0,0.0,0.0,1,100.0,104.4,1,98.6,96.6,0.0,0.0,0.0,0.0,221
2023-05-11 09:30:59,MO2403-C-7400,MO2403-C-7400,98.6,0.0,0.0,0.0,13,99.8,104.4,1,98.6,96.6,0.0,0.0,0.0,0.0,221
2023-05-11 09:30:59,MO2403-C-7400,MO2403-C-7400,98.6,0.0,0.0,0.0,13,99.8,103.4,6,98.6,96.6,0.0,0.0,0.0,0.0,221
2023-05-11 09:31:00,MO2403-C-7400,MO2403-C-7400,98.6,0.0,0.0,0.0,6,100.0,103.4,6,98.6,96.6,0.0,0.0,0.0,0.0,221
2023-05-11 09:31:03,MO2403-C-7400,MO2403-C-7400,98.6,0.0,0.0,0.0,7,100.0,103.4,6,98.6,96.6,0.0,0.0,0.0,0.0,221
2023-05-11 09:31:03,MO2403-C-7400,MO2403-C-7400,98.6,0.0,0.0,0.0,6,100.2,103.4,6,98.6,96.6,0.0,0.0,0.0,0.0,221
2023-05-11 09:31:06,MO2403-C-7400,MO2403-C-7400,98.6,0.0,0.0,0.0,1,100.8,104.4,12,98.6,96.6,0.0,0.0,0.0,0.0,221
2023-05-11 09:31:06,MO2403-C-7400,MO2403-C-7400,98.6,0.0,0.0,0.0,6,101.0,104.6,12,98.6,96.6,0.0,0.0,0.0,0.0,221
2023-05-11 09:31:07,MO2403-C-7400,MO2403-C-7400,98.6,0.0,0.0,0.0,6,101.2,104.6,6,98.6,96.6,0.0,0.0,0.0,0.0,221
2023-05-11 09:31:07,MO2403-C-7400,MO2403-C-7400,98.6,0.0,0.0,0.0,6,101.4,104.6,12,98.6,96.6,0.0,0.0,0.0,0.0,221
2023-05-11 09:31:08,MO2403-C-7400,MO2403-C-7400,98.6,0.0,0.0,0.0,6,101.0,104.6,6,98.6,96.6,0.0,0.0,0.0,0.0,221
2023-05-11 09:31:14,MO2403-C-7400,MO2403-C-7400,98.6,0.0,0.0,0.0,6,101.2,104.6,6,98.6,96.6,0.0,0.0,0.0,0.0,221
2023-05-11 09:31:15,MO2403-C-7400,MO2403-C-7400,98.6,0.0,0.0,0.0,1,101.8,104.6,6,98.6,96.6,0.0,0.0,0.0,0.0,221
2023-05-11 09:31:15,MO2403-C-7400,MO2403-C-7400,98.6,0.0,0.0,0.0,7,101.8,104.6,6,98.6,96.6,0.0,0.0,0.0,0.0,221
2023-05-11 09:31:23,MO2403-C-7400,MO2403-C-7400,98.6,0.0,0.0,0.0,8,101.8,104.6,6,98.6,96.6,0.0,0.0,0.0,0.0,221
2023-05-11 09:31:32,MO2403-C-7400,MO2403-C-7400,98.6,0.0,0.0,0.0,2,101.8,104.6,12,98.6,96.6,0.0,0.0,0.0,0.0,221
2023-05-11 09:31:33,MO2403-C-7400,MO2403-C-7400,98.6,0.0,0.0,0.0,2,101.8,104.4,6,98.6,96.6,0.0,0.0,0.0,0.0,221
2023-05-11 09:31:33,MO2403-C-7400,MO2403-C-7400,98.6,0.0,0.0,0.0,1,101.8,104.4,6,98.6,96.6,0.0,0.0,0.0,0.0,221
2023-05-11 09:31:42,MO2403-C-7400,MO2403-C-7400,98.6,0.0,0.0,0.0,1,101.2,104.4,6,98.6,96.6,0.0,0.0,0.0,0.0,221
2023-05-11 09:31:45,MO2403-C-7400,MO2403-C-7400,98.6,0.0,0.0,0.0,1,101.2,104.4,7,98.6,96.6,0.0,0.0,0.0,0.0,221
2023-05-11 09:31:46,MO2403-C-7400,MO2403-C-7400,98.6,0.0,0.0,0.0,1,101.2,104.0,1,98.6,96.6,0.0,0.0,0.0,0.0,221
2023-05-11 09:31:46,MO2403-C-7400,MO2403-C-7400,98.6,0.0,0.0,0.0,1,101.2,103.4,6,98.6,96.6,0.0,0.0,0.0,0.0,221
2023-05-11 09:31:47,MO2403-C-7400,MO2403-C-7400,98.6,0.0,0.0,0.0,1,101.2,103.4,12,98.6,96.6,0.0,0.0,0.0,0.0,221
2023-05-11 09:31:48,MO2403-C-7400,MO2403-C-7400,98.6,0.0,0.0,0.0,1,100.8,103.4,12,98.6,96.6,0.0,0.0,0.0,0.0,221
2023-05-11 09:31:48,MO2403-C-7400,MO2403-C-7400,98.6,0.0,0.0,0.0,1,100.8,103.4,13,98.6,96.6,0.0,0.0,0.0,0.0,221
2023-05-11 09:31:49,MO2403-C-7400,MO2403-C-7400,98.6,0.0,0.0,0.0,1,100.8,103.4,19,98.6,96.6,0.0,0.0,0.0,0.0,221
2023-05-11 09:31:57,MO2403-C-7400,MO2403-C-7400,98.6,0.0,0.0,0.0,31,100.2,103.4,19,98.6,96.6,0.0,0.0,0.0,0.0,221
2023-05-11 09:31:57,MO2403-C-7400,MO2403-C-7400,98.6,0.0,0.0,0.0,25,100.2,103.4,19,98.6,96.6,0.0,0.0,0.0,0.0,221
2023-05-11 09:31:58,MO2403-C-7400,MO2403-C-7400,98.6,0.0,0.0,0.0,19,100.2,103.4,19,98.6,96.6,0.0,0.0,0.0,0.0,221
2023-05-11 09:32:00,MO2403-C-7400,MO2403-C-7400,98.6,0.0,0.0,0.0,19,100.2,103.4,18,98.6,96.6,0.0,0.0,0.0,0.0,221
2023-05-11 09:32:00,MO2403-C-7400,MO2403-C-7400,98.6,0.0,0.0,0.0,6,100.4,103.4,18,98.6,96.6,0.0,0.0,0.0,0.0,221
2023-05-11 09:32:02,MO2403-C-7400,MO2403-C-7400,98.6,0.0,0.0,0.0,1,100.4,103.4,18,98.6,96.6,0.0,0.0,0.0,0.0,221
2023-05-11 09:32:12,MO2403-C-7400,MO2403-C-7400,98.6,0.0,0.0,0.0,1,100.6,103.4,18,98.6,96.6,0.0,0.0,0.0,0.0,221
2023-05-11 09:32:15,MO2403-C-7400,MO2403-C-7400,98.6,0.0,0.0,0.0,7,100.6,103.4,12,98.6,96.6,0.0,0.0,0.0,0.0,221
2023-05-11 09:32:16,MO2403-C-7400,MO2403-C-7400,98.6,0.0,0.0,0.0,7,100.6,103.4,6,98.6,96.6,0.0,0.0,0.0,0.0,221
2023-05-11 09:32:17,MO2403-C-7400,MO2403-C-7400,98.6,0.0,0.0,0.0,1,100.6,103.4,12,98.6,96.6,0.0,0.0,0.0,0.0,221
2023-05-11 09:32:18,MO2403-C-7400,MO2403-C-7400,98.6,0.0,0.0,0.0,8,100.2,103.2,1,98.6,96.6,0.0,0.0,0.0,0.0,221
2023-05-11 09:32:19,MO2403-C-7400,MO2403-C-7400,98.6,0.0,0.0,0.0,2,100.2,103.2,7,98.6,96.6,0.0,0.0,0.0,0.0,221
2023-05-11 09:32:19,MO2403-C-7400,MO2403-C-7400,98.6,0.0,0.0,0.0,2,100.2,103.0,6,98.6,96.6,0.0,0.0,0.0,0.0,221
2023-05-11 09:32:20,MO2403-C-7400,MO2403-C-7400,98.6,0.0,0.0,0.0,7,100.0,103.0,6,98.6,96.6,0.0,0.0,0.0,0.0,221
2023-05-11 09:32:21,MO2403-C-7400,MO2403-C-7400,98.6,0.0,0.0,0.0,9,100.0,103.0,6,98.6,96.6,0.0,0.0,0.0,0.0,221
2023-05-11 09:32:23,MO2403-C-7400,MO2403-C-7400,98.6,0.0,0.0,0.0,3,100.0,103.0,6,98.6,96.6,0.0,0.0,0.0,0.0,221
2023-05-11 09:32:23,MO2403-C-7400,MO2403-C-7400,98.6,0.0,0.0,0.0,1,100.0,103.0,6,98.6,96.6,0.0,0.0,0.0,0.0,221
2023-05-11 09:32:28,MO2403-C-7400,MO2403-C-7400,98.6,0.0,0.0,0.0,1,100.0,102.8,1,98.6,96.6,0.0,0.0,0.0,0.0,221
2023-05-11 09:32:28,MO2403-C-7400,MO2403-C-7400,98.6,0.0,0.0,0.0,1,100.0,102.6,6,98.6,96.6,0.0,0.0,0.0,0.0,221
2023-05-11 09:32:30,MO2403-C-7400,MO2403-C-7400,98.6,0.0,0.0,0.0,2,99.8,102.6,6,98.6,96.6,0.0,0.0,0.0,0.0,221
2023-05-11 09:32:31,MO2403-C-7400,MO2403-C-7400,98.6,0.0,0.0,0.0,13,99.6,102.6,6,98.6,96.6,0.0,0.0,0.0,0.0,221
2023-05-11 09:32:31,MO2403-C-7400,MO2403-C-7400,98.6,0.0,0.0,0.0,7,99.6,102.6,6,98.6,96.6,0.0,0.0,0.0,0.0,221
2023-05-11 09:32:32,MO2403-C-7400,MO2403-C-7400,98.6,0.0,0.0,0.0,3,99.6,102.6,6,98.6,96.6,0.0,0.0,0.0,0.0,221
2023-05-11 09:32:32,MO2403-C-7400,MO2403-C-7400,98.6,0.0,0.0,0.0,1,99.6,102.6,6,98.6,96.6,0.0,0.0,0.0,0.0,221
2023-05-11 09:32:34,MO2403-C-7400,MO2403-C-7400,98.6,0.0,0.0,0.0,2,99.4,102.0,1,98.6,96.6,0.0,0.0,0.0,0.0,221
2023-05-11 09:32:34,MO2403-C-7400,MO2403-C-7400,98.6,0.0,0.0,0.0,12,99.2,102.0,7,98.6,96.6,0.0,0.0,0.0,0.0,221
2023-05-11 09:32:35,MO2403-C-7400,MO2403-C-7400,98.6,0.0,0.0,0.0,18,99.0,102.0,7,98.6,96.6,0.0,0.0,0.0,0.0,221
2023-05-11 09:32:35,MO2403-C-7400,MO2403-C-7400,98.6,0.0,0.0,0.0,14,99.0,102.0,13,98.6,96.6,0.0,0.0,0.0,0.0,221
2023-05-11 09:32:36,MO2403-C-7400,MO2403-C-7400,98.6,0.0,0.0,0.0,14,99.0,102.0,19,98.6,96.6,0.0,0.0,0.0,0.0,221
2023-05-11 09:32:38,MO2403-C-7400,MO2403-C-7400,98.6,0.0,0.0,0.0,8,99.0,102.0,19,98.6,96.6,0.0,0.0,0.0,0.0,221
2023-05-11 09:32:39,MO2403-C-7400,MO2403-C-7400,98.6,0.0,0.0,0.0,2,99.0,102.0,19,98.6,96.6,0.0,0.0,0.0,0.0,221
2023-05-11 09:32:40,MO2403-C-7400,MO2403-C-7400,98.6,0.0,0.0,0.0,18,98.8,102.0,19,98.6,96.6,0.0,0.0,0.0,0.0,221
2023-05-11 09:32:40,MO2403-C-7400,MO2403-C-7400,98.6,0.0,0.0,0.0,12,98.8,102.0,19,98.6,96.6,0.0,0.0,0.0,0.0,221
2023-05-11 09:32:41,MO2403-C-7400,MO2403-C-7400,98.6,0.0,0.0,0.0,8,98.8,102.0,19,98.6,96.6,0.0,0.0,0.0,0.0,221
2023-05-11 09:32:49,MO2403-C-7400,MO2403-C-7400,98.6,0.0,0.0,0.0,6,99.0,102.0,13,98.6,96.6,0.0,0.0,0.0,0.0,221
2023-05-11 09:32:50,MO2403-C-7400,MO2403-C-7400,98.6,0.0,0.0,0.0,8,99.0,102.0,12,98.6,96.6,0.0,0.0,0.0,0.0,221
2023-05-11 09:32:50,MO2403-C-7400,MO2403-C-7400,98.6,0.0,0.0,0.0,6,99.2,102.0,6,98.6,96.6,0.0,0.0,0.0,0.0,221
2023-05-11 09:32:51,MO2403-C-7400,MO2403-C-7400,98.6,0.0,0.0,0.0,8,99.2,102.0,6,98.6,96.6,0.0,0.0,0.0,0.0,221
2023-05-11 09:32:59,MO2403-C-7400,MO2403-C-7400,98.6,0.0,0.0,0.0,6,99.2,102.0,6,98.6,96.6,0.0,0.0,0.0,0.0,221
2023-05-11 09:32:59,MO2403-C-7400,MO2403-C-7400,98.6,0.0,0.0,0.0,6,98.8,102.0,6,98.6,96.6,0.0,0.0,0.0,0.0,221
2023-05-11 09:33:00,MO2403-C-7400,MO2403-C-7400,98.6,0.0,0.0,0.0,2,99.2,102.0,6,98.6,96.6,0.0,0.0,0.0,0.0,221
2023-05-11 09:33:00,MO2403-C-7400,MO2403-C-7400,98.6,0.0,0.0,0.0,6,99.2,102.0,6,98.6,96.6,0.0,0.0,0.0,0.0,221
2023-05-11 09:33:01,MO2403-C-7400,MO2403-C-7400,98.6,0.0,0.0,0.0,6,99.0,102.0,6,98.6,96.6,0.0,0.0,0.0,0.0,221
2023-05-11 09:33:01,MO2403-C-7400,MO2403-C-7400,98.6,0.0,0.0,0.0,2,99.2,102.0,6,98.6,96.6,0.0,0.0,0.0,0.0,221
2023-05-11 09:33:02,MO2403-C-7400,MO2403-C-7400,98.6,0.0,0.0,0.0,6,99.2,102.0,6,98.6,96.6,0.0,0.0,0.0,0.0,221
2023-05-11 09:33:02,MO2403-C-7400,MO2403-C-7400,98.6,0.0,0.0,0.0,6,99.0,102.0,6,98.6,96.6,0.0,0.0,0.0,0.0,221
2023-05-11 09:33:03,MO2403-C-7400,MO2403-C-7400,98.6,0.0,0.0,0.0,8,99.0,102.0,7,98.6,96.6,0.0,0.0,0.0,0.0,221
2023-05-11 09:33:03,MO2403-C-7400,MO2403-C-7400,98.6,0.0,0.0,0.0,6,99.2,102.0,7,98.6,96.6,0.0,0.0,0.0,0.0,221
2023-05-11 09:33:04,MO2403-C-7400,MO2403-C-7400,98.6,0.0,0.0,0.0,8,99.2,102.0,7,98.6,96.6,0.0,0.0,0.0,0.0,221
2023-05-11 09:33:06,MO2403-C-7400,MO2403-C-7400,98.6,0.0,0.0,0.0,2,99.2,102.0,7,98.6,96.6,0.0,0.0,0.0,0.0,221
2023-05-11 09:33:07,MO2403-C-7400,MO2403-C-7400,98.6,0.0,0.0,0.0,6,99.0,102.0,7,98.6,96.6,0.0,0.0,0.0,0.0,221
2023-05-11 09:33:08,MO2403-C-7400,MO2403-C-7400,98.6,0.0,0.0,0.0,6,99.0,102.0,6,98.6,96.6,0.0,0.0,0.0,0.0,221
2023-05-11 09:33:08,MO2403-C-7400,MO2403-C-7400,98.6,0.0,0.0,0.0,8,99.0,102.0,6,98.6,96.6,0.0,0.0,0.0,0.0,221
2023-05-11 09:33:11,MO2403-C-7400,MO2403-C-7400,98.6,0.0,0.0,0.0,6,99.0,102.0,6,98.6,96.6,0.0,0.0,0.0,0.0,221
2023-05-11 09:33:12,MO2403-C-7400,MO2403-C-7400,98.6,0.0,0.0,0.0,8,99.0,102.0,6,98.6,96.6,0.0,0.0,0.0,0.0,221
2023-05-11 09:33:13,MO2403-C-7400,MO2403-C-7400,98.6,0.0,0.0,0.0,6,99.0,102.0,6,98.6,96.6,0.0,0.0,0.0,0.0,221
2023-05-11 09:33:15,MO2403-C-7400,MO2403-C-7400,98.6,0.0,0.0,0.0,9,99.0,102.0,6,98.6,96.6,0.0,0.0,0.0,0.0,221
2023-05-11 09:33:19,MO2403-C-7400,MO2403-C-7400,98.6,0.0,0.0,0.0,6,99.2,102.0,6,98.6,96.6,0.0,0.0,0.0,0.0,221
2023-05-11 09:33:21,MO2403-C-7400,MO2403-C-7400,98.6,0.0,0.0,0.0,8,99.2,102.0,6,98.6,96.6,0.0,0.0,0.0,0.0,221
2023-05-11 09:33:21,MO2403-C-7400,MO2403-C-7400,98.6,0.0,0.0,0.0,6,99.4,102.0,6,98.6,96.6,0.0,0.0,0.0,0.0,221
2023-05-11 09:33:22,MO2403-C-7400,MO2403-C-7400,98.6,0.0,0.0,0.0,8,99.4,102.0,6,98.6,96.6,0.0,0.0,0.0,0.0,221
2023-05-11 09:33:24,MO2403-C-7400,MO2403-C-7400,98.6,0.0,0.0,0.0,2,99.4,102.0,6,98.6,96.6,0.0,0.0,0.0,0.0,221
2023-05-11 09:33:25,MO2403-C-7400,MO2403-C-7400,98.6,0.0,0.0,0.0,1,99.2,102.0,6,98.6,96.6,0.0,0.0,0.0,0.0,221
2023-05-11 09:33:25,MO2403-C-7400,MO2403-C-7400,98.6,0.0,0.0,0.0,7,99.2,102.0,6,98.6,96.6,0.0,0.0,0.0,0.0,221
2023-05-11 09:33:26,MO2403-C-7400,MO2403-C-7400,98.6,0.0,0.0,0.0,9,99.2,102.0,6,98.6,96.6,0.0,0.0,0.0,0.0,221
2023-05-11 09:33:32,MO2403-C-7400,MO2403-C-7400,98.6,0.0,0.0,0.0,6,99.4,102.0,6,98.6,96.6,0.0,0.0,0.0,0.0,221
2023-05-11 09:33:34,MO2403-C-7400,MO2403-C-7400,98.6,0.0,0.0,0.0,8,99.4,102.0,6,98.6,96.6,0.0,0.0,0.0,0.0,221
2023-05-11 09:33:34,MO2403-C-7400,MO2403-C-7400,98.6,0.0,0.0,0.0,6,99.6,102.0,6,98.6,96.6,0.0,0.0,0.0,0.0,221
2023-05-11 09:33:35,MO2403-C-7400,MO2403-C-7400,98.6,0.0,0.0,0.0,6,99.6,102.6,7,98.6,96.6,0.0,0.0,0.0,0.0,221
2023-05-11 09:33:35,MO2403-C-7400,MO2403-C-7400,98.6,0.0,0.0,0.0,13,99.6,102.6,6,98.6,96.6,0.0,0.0,0.0,0.0,221
2023-05-11 09:33:36,MO2403-C-7400,MO2403-C-7400,98.6,0.0,0.0,0.0,6,99.8,102.8,18,98.6,96.6,0.0,0.0,0.0,0.0,221
2023-05-11 09:33:36,MO2403-C-7400,MO2403-C-7400,98.6,0.0,0.0,0.0,8,99.8,102.8,6,98.6,96.6,0.0,0.0,0.0,0.0,221
2023-05-11 09:33:37,MO2403-C-7400,MO2403-C-7400,98.6,0.0,0.0,0.0,8,99.8,103.0,18,98.6,96.6,0.0,0.0,0.0,0.0,221
2023-05-11 09:33:37,MO2403-C-7400,MO2403-C-7400,98.6,0.0,0.0,0.0,8,99.8,103.0,12,98.6,96.6,0.0,0.0,0.0,0.0,221
2023-05-11 09:33:38,MO2403-C-7400,MO2403-C-7400,98.6,0.0,0.0,0.0,8,99.8,103.0,6,98.6,96.6,0.0,0.0,0.0,0.0,221
2023-05-11 09:33:42,MO2403-C-7400,MO2403-C-7400,98.6,0.0,0.0,0.0,6,99.8,103.0,6,98.6,96.6,0.0,0.0,0.0,0.0,221
2023-05-11 09:33:43,MO2403-C-7400,MO2403-C-7400,98.6,0.0,0.0,0.0,6,99.8,103.2,19,98.6,96.6,0.0,0.0,0.0,0.0,221
2023-05-11 09:33:43,MO2403-C-7400,MO2403-C-7400,98.6,0.0,0.0,0.0,8,99.8,103.2,13,98.6,96.6,0.0,0.0,0.0,0.0,221
2023-05-11 09:33:44,MO2403-C-7400,MO2403-C-7400,98.6,0.0,0.0,0.0,8,99.8,103.0,6,98.6,96.6,0.0,0.0,0.0,0.0,221
2023-05-11 09:33:45,MO2403-C-7400,MO2403-C-7400,98.6,0.0,0.0,0.0,9,99.8,103.0,6,98.6,96.6,0.0,0.0,0.0,0.0,221
2023-05-11 09:33:45,MO2403-C-7400,MO2403-C-7400,98.6,0.0,0.0,0.0,6,100.0,103.2,7,98.6,96.6,0.0,0.0,0.0,0.0,221
2023-05-11 09:33:46,MO2403-C-7400,MO2403-C-7400,98.6,0.0,0.0,0.0,6,100.0,103.2,1,98.6,96.6,0.0,0.0,0.0,0.0,221
2023-05-11 09:33:46,MO2403-C-7400,MO2403-C-7400,98.6,0.0,0.0,0.0,13,100.0,103.2,1,98.6,96.6,0.0,0.0,0.0,0.0,221
2023-05-11 09:33:47,MO2403-C-7400,MO2403-C-7400,98.6,0.0,0.0,0.0,6,100.2,103.2,1,98.6,96.6,0.0,0.0,0.0,0.0,221
2023-05-11 09:33:50,MO2403-C-7400,MO2403-C-7400,98.6,0.0,0.0,0.0,8,99.8,103.0,6,98.6,96.6,0.0,0.0,0.0,0.0,221
2023-05-11 09:33:50,MO2403-C-7400,MO2403-C-7400,98.6,0.0,0.0,0.0,6,99.8,102.8,1,98.6,96.6,0.0,0.0,0.0,0.0,221
2023-05-11 09:33:54,MO2403-C-7400,MO2403-C-7400,98.6,0.0,0.0,0.0,8,99.8,102.8,1,98.6,96.6,0.0,0.0,0.0,0.0,221
2023-05-11 09:33:57,MO2403-C-7400,MO2403-C-7400,98.6,0.0,0.0,0.0,6,99.8,102.8,1,98.6,96.6,0.0,0.0,0.0,0.0,221
2023-05-11 09:33:58,MO2403-C-7400,MO2403-C-7400,98.6,0.0,0.0,0.0,8,99.8,102.8,1,98.6,96.6,0.0,0.0,0.0,0.0,221
2023-05-11 09:34:02,MO2403-C-7400,MO2403-C-7400,98.6,0.0,0.0,0.0,8,99.8,103.0,6,98.6,96.6,0.0,0.0,0.0,0.0,221
2023-05-11 09:34:03,MO2403-C-7400,MO2403-C-7400,98.6,0.0,0.0,0.0,8,99.8,103.2,6,98.6,96.6,0.0,0.0,0.0,0.0,221
2023-05-11 09:34:04,MO2403-C-7400,MO2403-C-7400,98.6,0.0,0.0,0.0,6,100.0,103.4,19,98.6,96.6,0.0,0.0,0.0,0.0,221
2023-05-11 09:34:07,MO2403-C-7400,MO2403-C-7400,98.6,0.0,0.0,0.0,8,100.0,103.4,19,98.6,96.6,0.0,0.0,0.0,0.0,221
2023-05-11 09:34:07,MO2403-C-7400,MO2403-C-7400,98.6,0.0,0.0,0.0,6,100.2,103.4,19,98.6,96.6,0.0,0.0,0.0,0.0,221
2023-05-11 09:34:08,MO2403-C-7400,MO2403-C-7400,98.6,0.0,0.0,0.0,6,99.8,103.4,13,98.6,96.6,0.0,0.0,0.0,0.0,221
2023-05-11 09:34:09,MO2403-C-7400,MO2403-C-7400,98.6,0.0,0.0,0.0,8,99.8,103.4,13,98.6,96.6,0.0,0.0,0.0,0.0,221
2023-05-11 09:34:09,MO2403-C-7400,MO2403-C-7400,98.6,0.0,0.0,0.0,6,100.0,103.4,19,98.6,96.6,0.0,0.0,0.0,0.0,221
2023-05-11 09:34:12,MO2403-C-7400,MO2403-C-7400,98.6,0.0,0.0,0.0,8,100.0,103.4,19,98.6,96.6,0.0,0.0,0.0,0.0,221
2023-05-11 09:34:13,MO2403-C-7400,MO2403-C-7400,98.6,0.0,0.0,0.0,6,100.2,103.4,19,98.6,96.6,0.0,0.0,0.0,0.0,221
2023-05-11 09:34:18,MO2403-C-7400,MO2403-C-7400,98.6,0.0,0.0,0.0,2,99.8,103.2,6,98.6,96.6,0.0,0.0,0.0,0.0,221
2023-05-11 09:34:19,MO2403-C-7400,MO2403-C-7400,98.6,0.0,0.0,0.0,12,99.6,103.2,6,98.6,96.6,0.0,0.0,0.0,0.0,221
2023-05-11 09:34:20,MO2403-C-7400,MO2403-C-7400,98.6,0.0,0.0,0.0,6,99.6,103.2,6,98.6,96.6,0.0,0.0,0.0,0.0,221
2023-05-11 09:34:20,MO2403-C-7400,MO2403-C-7400,98.6,0.0,0.0,0.0,8,99.6,103.2,6,98.6,96.6,0.0,0.0,0.0,0.0,221
2023-05-11 09:34:22,MO2403-C-7400,MO2403-C-7400,98.6,0.0,0.0,0.0,6,99.8,103.4,13,98.6,96.6,0.0,0.0,0.0,0.0,221
2023-05-11 09:34:27,MO2403-C-7400,MO2403-C-7400,98.6,0.0,0.0,0.0,8,99.8,103.4,13,98.6,96.6,0.0,0.0,0.0,0.0,221
2023-05-11 09:34:28,MO2403-C-7400,MO2403-C-7400,98.6,0.0,0.0,0.0,6,100.0,103.4,19,98.6,96.6,0.0,0.0,0.0,0.0,221
2023-05-11 09:34:34,MO2403-C-7400,MO2403-C-7400,98.6,0.0,0.0,0.0,6,100.0,103.0,1,98.6,96.6,0.0,0.0,0.0,0.0,221
2023-05-11 09:34:35,MO2403-C-7400,MO2403-C-7400,98.6,0.0,0.0,0.0,2,99.8,103.0,1,98.6,96.6,0.0,0.0,0.0,0.0,221
2023-05-11 09:34:35,MO2403-C-7400,MO2403-C-7400,98.6,0.0,0.0,0.0,8,99.8,103.0,7,98.6,96.6,0.0,0.0,0.0,0.0,221
2023-05-11 09:34:37,MO2403-C-7400,MO2403-C-7400,98.6,0.0,0.0,0.0,6,100.0,103.0,1,98.6,96.6,0.0,0.0,0.0,0.0,221
2023-05-11 09:34:39,MO2403-C-7400,MO2403-C-7400,98.6,0.0,0.0,0.0,6,100.0,103.4,18,98.6,96.6,0.0,0.0,0.0,0.0,221
2023-05-11 09:34:40,MO2403-C-7400,MO2403-C-7400,98.6,0.0,0.0,0.0,6,100.0,103.4,12,98.6,96.6,0.0,0.0,0.0,0.0,221
2023-05-11 09:34:40,MO2403-C-7400,MO2403-C-7400,98.6,0.0,0.0,0.0,2,100.0,103.4,6,98.6,96.6,0.0,0.0,0.0,0.0,221
2023-05-11 09:34:41,MO2403-C-7400,MO2403-C-7400,98.6,0.0,0.0,0.0,6,100.2,103.4,6,98.6,96.6,0.0,0.0,0.0,0.0,221
2023-05-11 09:34:41,MO2403-C-7400,MO2403-C-7400,98.6,0.0,0.0,0.0,6,100.2,103.4,12,98.6,96.6,0.0,0.0,0.0,0.0,221
2023-05-11 09:34:42,MO2403-C-7400,MO2403-C-7400,98.6,0.0,0.0,0.0,8,100.2,103.4,12,98.6,96.6,0.0,0.0,0.0,0.0,221
2023-05-11 09:34:43,MO2403-C-7400,MO2403-C-7400,98.6,0.0,0.0,0.0,6,100.2,103.4,12,98.6,96.6,0.0,0.0,0.0,0.0,221
2023-05-11 09:34:48,MO2403-C-7400,MO2403-C-7400,98.6,0.0,0.0,0.0,11,100.0,103.2,6,98.6,96.6,0.0,0.0,0.0,0.0,221
2023-05-11 09:34:48,MO2403-C-7400,MO2403-C-7400,98.6,0.0,0.0,0.0,5,100.0,103.2,6,98.6,96.6,0.0,0.0,0.0,0.0,221
2023-05-11 09:34:49,MO2403-C-7400,MO2403-C-7400,98.6,0.0,0.0,0.0,7,100.0,103.2,6,98.6,96.6,0.0,0.0,0.0,0.0,221
2023-05-11 09:34:51,MO2403-C-7400,MO2403-C-7400,98.6,0.0,0.0,0.0,2,100.0,103.2,6,98.6,96.6,0.0,0.0,0.0,0.0,221
2023-05-11 09:34:52,MO2403-C-7400,MO2403-C-7400,98.6,0.0,0.0,0.0,12,99.8,103.2,6,98.6,96.6,0.0,0.0,0.0,0.0,221
2023-05-11 09:34:53,MO2403-C-7400,MO2403-C-7400,98.6,0.0,0.0,0.0,6,99.8,103.2,6,98.6,96.6,0.0,0.0,0.0,0.0,221
2023-05-11 09:34:53,MO2403-C-7400,MO2403-C-7400,98.6,0.0,0.0,0.0,8,99.8,103.2,6,98.6,96.6,0.0,0.0,0.0,0.0,221
2023-05-11 09:35:00,MO2403-C-7400,MO2403-C-7400,98.6,0.0,0.0,0.0,8,99.8,103.0,1,98.6,96.6,0.0,0.0,0.0,0.0,221
2023-05-11 09:35:01,MO2403-C-7400,MO2403-C-7400,98.6,0.0,0.0,0.0,8,99.8,103.0,7,98.6,96.6,0.0,0.0,0.0,0.0,221
2023-05-11 09:35:02,MO2403-C-7400,MO2403-C-7400,98.6,0.0,0.0,0.0,6,99.8,103.0,7,98.6,96.6,0.0,0.0,0.0,0.0,221
2023-05-11 09:35:03,MO2403-C-7400,MO2403-C-7400,98.6,0.0,0.0,0.0,13,99.6,102.8,6,98.6,96.6,0.0,0.0,0.0,0.0,221
2023-05-11 09:35:03,MO2403-C-7400,MO2403-C-7400,98.6,0.0,0.0,0.0,8,99.6,102.8,6,98.6,96.6,0.0,0.0,0.0,0.0,221
2023-05-11 09:35:04,MO2403-C-7400,MO2403-C-7400,98.6,0.0,0.0,0.0,2,99.6,102.8,6,98.6,96.6,0.0,0.0,0.0,0.0,221
2023-05-11 09:35:06,MO2403-C-7400,MO2403-C-7400,98.6,0.0,0.0,0.0,20,99.4,102.4,1,98.6,96.6,0.0,0.0,0.0,0.0,221
2023-05-11 09:35:07,MO2403-C-7400,MO2403-C-7400,98.6,0.0,0.0,0.0,6,99.4,102.4,7,98.6,96.6,0.0,0.0,0.0,0.0,221
2023-05-11 09:35:07,MO2403-C-7400,MO2403-C-7400,98.6,0.0,0.0,0.0,13,99.2,102.4,7,98.6,96.6,0.0,0.0,0.0,0.0,221
2023-05-11 09:35:08,MO2403-C-7400,MO2403-C-7400,98.6,0.0,0.0,0.0,15,99.2,102.4,7,98.6,96.6,0.0,0.0,0.0,0.0,221
2023-05-11 09:35:11,MO2403-C-7400,MO2403-C-7400,98.6,0.0,0.0,0.0,15,99.2,102.4,6,98.6,96.6,0.0,0.0,0.0,0.0,221
2023-05-11 09:35:11,MO2403-C-7400,MO2403-C-7400,98.6,0.0,0.0,0.0,6,99.4,102.8,6,98.6,96.6,0.0,0.0,0.0,0.0,221
2023-05-11 09:35:12,MO2403-C-7400,MO2403-C-7400,98.6,0.0,0.0,0.0,9,99.4,102.8,6,98.6,96.6,0.0,0.0,0.0,0.0,221
2023-05-11 09:35:15,MO2403-C-7400,MO2403-C-7400,98.6,0.0,0.0,0.0,6,99.6,103.0,13,98.6,96.6,0.0,0.0,0.0,0.0,221
2023-05-11 09:35:16,MO2403-C-7400,MO2403-C-7400,98.6,0.0,0.0,0.0,8,99.6,103.0,13,98.6,96.6,0.0,0.0,0.0,0.0,221
2023-05-11 09:35:16,MO2403-C-7400,MO2403-C-7400,98.6,0.0,0.0,0.0,6,99.8,103.0,13,98.6,96.6,0.0,0.0,0.0,0.0,221
2023-05-11 09:35:17,MO2403-C-7400,MO2403-C-7400,98.6,0.0,0.0,0.0,8,99.8,103.0,13,98.6,96.6,0.0,0.0,0.0,0.0,221
2023-05-11 09:35:17,MO2403-C-7400,MO2403-C-7400,98.6,0.0,0.0,0.0,6,99.8,103.0,13,98.6,96.6,0.0,0.0,0.0,0.0,221
2023-05-11 09:35:18,MO2403-C-7400,MO2403-C-7400,98.6,0.0,0.0,0.0,6,99.6,103.0,13,98.6,96.6,0.0,0.0,0.0,0.0,221
2023-05-11 09:35:18,MO2403-C-7400,MO2403-C-7400,98.6,0.0,0.0,0.0,8,99.6,103.0,13,98.6,96.6,0.0,0.0,0.0,0.0,221
2023-05-11 09:35:19,MO2403-C-7400,MO2403-C-7400,98.6,0.0,0.0,0.0,7,99.4,102.8,6,98.6,96.6,0.0,0.0,0.0,0.0,221
2023-05-11 09:35:21,MO2403-C-7400,MO2403-C-7400,98.6,0.0,0.0,0.0,1,99.4,102.4,1,98.6,96.6,0.0,0.0,0.0,0.0,221
2023-05-11 09:35:22,MO2403-C-7400,MO2403-C-7400,98.6,0.0,0.0,0.0,1,99.4,102.4,7,98.6,96.6,0.0,0.0,0.0,0.0,221
2023-05-11 09:35:25,MO2403-C-7400,MO2403-C-7400,98.6,0.0,0.0,0.0,2,99.2,102.2,6,98.6,96.6,0.0,0.0,0.0,0.0,221
2023-05-11 09:35:25,MO2403-C-7400,MO2403-C-7400,98.6,0.0,0.0,0.0,6,99.2,102.2,12,98.6,96.6,0.0,0.0,0.0,0.0,221
2023-05-11 09:35:26,MO2403-C-7400,MO2403-C-7400,98.6,0.0,0.0,0.0,15,99.0,102.0,6,98.6,96.6,0.0,0.0,0.0,0.0,221
2023-05-11 09:35:26,MO2403-C-7400,MO2403-C-7400,98.6,0.0,0.0,0.0,9,99.0,102.0,6,98.6,96.6,0.0,0.0,0.0,0.0,221
2023-05-11 09:35:27,MO2403-C-7400,MO2403-C-7400,98.6,0.0,0.0,0.0,3,99.0,102.0,6,98.6,96.6,0.0,0.0,0.0,0.0,221
2023-05-11 09:35:27,MO2403-C-7400,MO2403-C-7400,98.6,0.0,0.0,0.0,1,99.0,102.0,6,98.6,96.6,0.0,0.0,0.0,0.0,221
2023-05-11 09:35:37,MO2403-C-7400,MO2403-C-7400,98.6,0.0,0.0,0.0,12,98.8,102.0,6,98.6,96.6,0.0,0.0,0.0,0.0,221
2023-05-11 09:35:38,MO2403-C-7400,MO2403-C-7400,98.6,0.0,0.0,0.0,6,98.8,101.6,1,98.6,96.6,0.0,0.0,0.0,0.0,221
2023-05-11 09:35:38,MO2403-C-7400,MO2403-C-7400,98.6,0.0,0.0,0.0,2,98.8,101.6,1,98.6,96.6,0.0,0.0,0.0,0.0,221
2023-05-11 09:35:39,MO2403-C-7400,MO2403-C-7400,98.6,0.0,0.0,0.0,18,98.6,101.6,1,98.6,96.6,0.0,0.0,0.0,0.0,221
2023-05-11 09:35:39,MO2403-C-7400,MO2403-C-7400,98.6,0.0,0.0,0.0,12,98.6,101.6,1,98.6,96.6,0.0,0.0,0.0,0.0,221
2023-05-11 09:35:40,MO2403-C-7400,MO2403-C-7400,98.6,0.0,0.0,0.0,2,98.6,101.4,6,98.6,96.6,0.0,0.0,0.0,0.0,221
2023-05-11 09:35:41,MO2403-C-7400,MO2403-C-7400,98.6,0.0,0.0,0.0,13,98.4,101.4,6,98.6,96.6,0.0,0.0,0.0,0.0,221
2023-05-11 09:35:41,MO2403-C-7400,MO2403-C-7400,98.6,0.0,0.0,0.0,7,98.4,101.4,6,98.6,96.6,0.0,0.0,0.0,0.0,221
2023-05-11 09:35:42,MO2403-C-7400,MO2403-C-7400,98.6,0.0,0.0,0.0,3,98.4,101.4,6,98.6,96.6,0.0,0.0,0.0,0.0,221
2023-05-11 09:35:43,MO2403-C-7400,MO2403-C-7400,98.6,0.0,0.0,0.0,1,98.4,101.4,6,98.6,96.6,0.0,0.0,0.0,0.0,221
2023-05-11 09:35:48,MO2403-C-7400,MO2403-C-7400,98.6,0.0,0.0,0.0,7,98.4,101.6,1,98.6,96.6,0.0,0.0,0.0,0.0,221
2023-05-11 09:35:48,MO2403-C-7400,MO2403-C-7400,98.6,0.0,0.0,0.0,9,98.4,101.6,7,98.6,96.6,0.0,0.0,0.0,0.0,221
2023-05-11 09:35:49,MO2403-C-7400,MO2403-C-7400,98.6,0.0,0.0,0.0,9,98.4,101.6,6,98.6,96.6,0.0,0.0,0.0,0.0,221
2023-05-11 09:35:50,MO2403-C-7400,MO2403-C-7400,98.6,0.0,0.0,0.0,9,98.4,101.8,6,98.6,96.6,0.0,0.0,0.0,0.0,221
2023-05-11 09:35:51,MO2403-C-7400,MO2403-C-7400,98.6,0.0,0.0,0.0,3,98.4,102.0,6,98.6,96.6,0.0,0.0,0.0,0.0,221
2023-05-11 09:35:52,MO2403-C-7400,MO2403-C-7400,98.6,0.0,0.0,0.0,6,98.6,102.0,6,98.6,96.6,0.0,0.0,0.0,0.0,221
2023-05-11 09:35:52,MO2403-C-7400,MO2403-C-7400,98.6,0.0,0.0,0.0,7,98.6,102.0,6,98.6,96.6,0.0,0.0,0.0,0.0,221
2023-05-11 09:35:53,MO2403-C-7400,MO2403-C-7400,98.6,0.0,0.0,0.0,3,98.6,102.0,6,98.6,96.6,0.0,0.0,0.0,0.0,221
2023-05-11 09:35:54,MO2403-C-7400,MO2403-C-7400,98.6,0.0,0.0,0.0,1,98.6,102.0,6,98.6,96.6,0.0,0.0,0.0,0.0,221
2023-05-11 09:35:58,MO2403-C-7400,MO2403-C-7400,98.6,0.0,0.0,0.0,2,98.4,102.0,6,98.6,96.6,0.0,0.0,0.0,0.0,221
2023-05-11 09:35:59,MO2403-C-7400,MO2403-C-7400,98.6,0.0,0.0,0.0,37,98.2,102.0,6,98.6,96.6,0.0,0.0,0.0,0.0,221
2023-05-11 09:35:59,MO2403-C-7400,MO2403-C-7400,98.6,0.0,0.0,0.0,31,98.2,101.6,1,98.6,96.6,0.0,0.0,0.0,0.0,221
2023-05-11 09:36:00,MO2403-C-7400,MO2403-C-7400,98.6,0.0,0.0,0.0,6,98.4,101.6,1,98.6,96.6,0.0,0.0,0.0,0.0,221
2023-05-11 09:36:02,MO2403-C-7400,MO2403-C-7400,98.6,0.0,0.0,0.0,8,98.4,101.6,1,98.6,96.6,0.0,0.0,0.0,0.0,221
2023-05-11 09:36:02,MO2403-C-7400,MO2403-C-7400,98.6,0.0,0.0,0.0,6,98.6,101.6,1,98.6,96.6,0.0,0.0,0.0,0.0,221
2023-05-11 09:36:03,MO2403-C-7400,MO2403-C-7400,98.6,0.0,0.0,0.0,6,98.6,101.8,6,98.6,96.6,0.0,0.0,0.0,0.0,221
2023-05-11 09:36:03,MO2403-C-7400,MO2403-C-7400,98.6,0.0,0.0,0.0,2,98.4,102.0,6,98.6,96.6,0.0,0.0,0.0,0.0,221
2023-05-11 09:36:04,MO2403-C-7400,MO2403-C-7400,98.6,0.0,0.0,0.0,29,98.2,102.0,6,98.6,96.6,0.0,0.0,0.0,0.0,221
2023-05-11 09:36:04,MO2403-C-7400,MO2403-C-7400,98.6,0.0,0.0,0.0,23,98.2,102.0,6,98.6,96.6,0.0,0.0,0.0,0.0,221
2023-05-11 09:36:05,MO2403-C-7400,MO2403-C-7400,98.6,0.0,0.0,0.0,25,98.2,102.0,6,98.6,96.6,0.0,0.0,0.0,0.0,221
2023-05-11 09:36:11,MO2403-C-7400,MO2403-C-7400,98.6,0.0,0.0,0.0,19,98.2,102.0,6,98.6,96.6,0.0,0.0,0.0,0.0,221
2023-05-11 09:36:13,MO2403-C-7400,MO2403-C-7400,98.6,0.0,0.0,0.0,20,98.2,102.0,6,98.6,96.6,0.0,0.0,0.0,0.0,221
2023-05-11 09:36:16,MO2403-C-7400,MO2403-C-7400,98.6,0.0,0.0,0.0,20,98.2,101.8,1,98.6,96.6,0.0,0.0,0.0,0.0,221
2023-05-11 09:36:17,MO2403-C-7400,MO2403-C-7400,98.6,0.0,0.0,0.0,26,98.2,101.6,6,98.6,96.6,0.0,0.0,0.0,0.0,221
2023-05-11 09:36:23,MO2403-C-7400,MO2403-C-7400,98.6,0.0,0.0,0.0,1,98.4,101.6,6,98.6,96.6,0.0,0.0,0.0,0.0,221
2023-05-11 09:36:33,MO2403-C-7400,MO2403-C-7400,98.6,0.0,0.0,0.0,7,98.4,101.8,1,98.6,96.6,0.0,0.0,0.0,0.0,221
2023-05-11 09:36:34,MO2403-C-7400,MO2403-C-7400,98.6,0.0,0.0,0.0,6,98.6,101.8,7,98.6,96.6,0.0,0.0,0.0,0.0,221
2023-05-11 09:36:38,MO2403-C-7400,MO2403-C-7400,98.6,0.0,0.0,0.0,1,98.4,101.6,6,98.6,96.6,0.0,0.0,0.0,0.0,221
2023-05-11 09:36:44,MO2403-C-7400,MO2403-C-7400,98.6,0.0,0.0,0.0,1,98.4,101.2,1,98.6,96.6,0.0,0.0,0.0,0.0,221
2023-05-11 09:36:44,MO2403-C-7400,MO2403-C-7400,98.6,0.0,0.0,0.0,1,98.4,101.2,7,98.6,96.6,0.0,0.0,0.0,0.0,221
2023-05-11 09:36:46,MO2403-C-7400,MO2403-C-7400,98.6,0.0,0.0,0.0,18,98.0,101.0,6,98.6,96.6,0.0,0.0,0.0,0.0,221
2023-05-11 09:36:46,MO2403-C-7400,MO2403-C-7400,98.6,0.0,0.0,0.0,21,97.8,101.0,6,98.6,96.6,0.0,0.0,0.0,0.0,221
2023-05-11 09:36:47,MO2403-C-7400,MO2403-C-7400,98.6,0.0,0.0,0.0,6,97.8,101.0,6,98.6,96.6,0.0,0.0,0.0,0.0,221
2023-05-11 09:36:47,MO2403-C-7400,MO2403-C-7400,98.6,0.0,0.0,0.0,1,97.6,100.6,1,98.6,96.6,0.0,0.0,0.0,0.0,221
2023-05-11 09:36:48,MO2403-C-7400,MO2403-C-7400,98.6,0.0,0.0,0.0,1,97.6,100.6,7,98.6,96.6,0.0,0.0,0.0,0.0,221
2023-05-11 09:36:49,MO2403-C-7400,MO2403-C-7400,98.6,0.0,0.0,0.0,1,97.6,100.4,6,98.6,96.6,0.0,0.0,0.0,0.0,221
2023-05-11 09:36:54,MO2403-C-7400,MO2403-C-7400,98.6,0.0,0.0,0.0,1,97.6,100.8,6,98.6,96.6,0.0,0.0,0.0,0.0,221
2023-05-11 09:36:58,MO2403-C-7400,MO2403-C-7400,98.6,0.0,0.0,0.0,14,97.4,100.8,6,98.6,96.6,0.0,0.0,0.0,0.0,221
2023-05-11 09:36:59,MO2403-C-7400,MO2403-C-7400,98.6,0.0,0.0,0.0,6,97.4,100.8,6,98.6,96.6,0.0,0.0,0.0,0.0,221
2023-05-11 09:36:59,MO2403-C-7400,MO2403-C-7400,98.6,0.0,0.0,0.0,8,97.2,100.8,6,98.6,96.6,0.0,0.0,0.0,0.0,221
2023-05-11 09:37:00,MO2403-C-7400,MO2403-C-7400,98.6,0.0,0.0,0.0,2,97.2,100.8,6,98.6,96.6,0.0,0.0,0.0,0.0,221
2023-05-11 09:37:01,MO2403-C-7400,MO2403-C-7400,98.6,0.0,0.0,0.0,14,97.0,100.8,6,98.6,96.6,0.0,0.0,0.0,0.0,221
2023-05-11 09:37:01,MO2403-C-7400,MO2403-C-7400,98.6,0.0,0.0,0.0,8,97.0,100.8,6,98.6,96.6,0.0,0.0,0.0,0.0,221
2023-05-11 09:37:02,MO2403-C-7400,MO2403-C-7400,98.6,0.0,0.0,0.0,4,97.0,100.8,6,98.6,96.6,0.0,0.0,0.0,0.0,221
2023-05-11 09:37:03,MO2403-C-7400,MO2403-C-7400,98.6,0.0,0.0,0.0,2,97.0,100.6,1,98.6,96.6,0.0,0.0,0.0,0.0,221
2023-05-11 09:37:03,MO2403-C-7400,MO2403-C-7400,98.6,0.0,0.0,0.0,2,97.0,100.4,6,98.6,96.6,0.0,0.0,0.0,0.0,221
2023-05-11 09:37:05,MO2403-C-7400,MO2403-C-7400,98.6,0.0,0.0,0.0,8,97.0,100.4,6,98.6,96.6,0.0,0.0,0.0,0.0,221
2023-05-11 09:37:05,MO2403-C-7400,MO2403-C-7400,98.6,0.0,0.0,0.0,10,97.0,100.4,6,98.6,96.6,0.0,0.0,0.0,0.0,221
2023-05-11 09:37:07,MO2403-C-7400,MO2403-C-7400,98.6,0.0,0.0,0.0,4,97.0,100.4,6,98.6,96.6,0.0,0.0,0.0,0.0,221
2023-05-11 09:37:08,MO2403-C-7400,MO2403-C-7400,98.6,0.0,0.0,0.0,2,97.0,100.4,6,98.6,96.6,0.0,0.0,0.0,0.0,221
2023-05-11 09:37:09,MO2403-C-7400,MO2403-C-7400,98.6,0.0,0.0,0.0,2,97.0,100.8,6,98.6,96.6,0.0,0.0,0.0,0.0,221
2023-05-11 09:37:10,MO2403-C-7400,MO2403-C-7400,98.6,0.0,0.0,0.0,8,97.0,100.8,6,98.6,96.6,0.0,0.0,0.0,0.0,221
2023-05-11 09:37:10,MO2403-C-7400,MO2403-C-7400,98.6,0.0,0.0,0.0,10,97.0,100.8,6,98.6,96.6,0.0,0.0,0.0,0.0,221
2023-05-11 09:37:11,MO2403-C-7400,MO2403-C-7400,98.6,0.0,0.0,0.0,1,97.2,100.8,6,98.6,96.6,0.0,0.0,0.0,0.0,221
2023-05-11 09:37:12,MO2403-C-7400,MO2403-C-7400,98.6,0.0,0.0,0.0,6,97.4,101.0,6,98.6,96.6,0.0,0.0,0.0,0.0,221
2023-05-11 09:37:13,MO2403-C-7400,MO2403-C-7400,98.6,0.0,0.0,0.0,8,97.4,101.0,6,98.6,96.6,0.0,0.0,0.0,0.0,221
2023-05-11 09:37:13,MO2403-C-7400,MO2403-C-7400,98.6,0.0,0.0,0.0,6,97.6,101.0,12,98.6,96.6,0.0,0.0,0.0,0.0,221
2023-05-11 09:37:14,MO2403-C-7400,MO2403-C-7400,98.6,0.0,0.0,0.0,8,97.6,101.0,12,98.6,96.6,0.0,0.0,0.0,0.0,221
2023-05-11 09:37:14,MO2403-C-7400,MO2403-C-7400,98.6,0.0,0.0,0.0,8,97.6,100.8,6,98.6,96.6,0.0,0.0,0.0,0.0,221
2023-05-11 09:37:15,MO2403-C-7400,MO2403-C-7400,98.6,0.0,0.0,0.0,2,97.6,100.8,6,98.6,96.6,0.0,0.0,0.0,0.0,221
2023-05-11 09:37:16,MO2403-C-7400,MO2403-C-7400,98.6,0.0,0.0,0.0,11,97.4,100.8,6,98.6,96.6,0.0,0.0,0.0,0.0,221
2023-05-11 09:37:16,MO2403-C-7400,MO2403-C-7400,98.6,0.0,0.0,0.0,13,97.2,100.8,6,98.6,96.6,0.0,0.0,0.0,0.0,221
2023-05-11 09:37:17,MO2403-C-7400,MO2403-C-7400,98.6,0.0,0.0,0.0,2,97.4,100.8,6,98.6,96.6,0.0,0.0,0.0,0.0,221
2023-05-11 09:37:17,MO2403-C-7400,MO2403-C-7400,98.6,0.0,0.0,0.0,1,97.2,100.8,6,98.6,96.6,0.0,0.0,0.0,0.0,221
2023-05-11 09:37:20,MO2403-C-7400,MO2403-C-7400,98.6,0.0,0.0,0.0,14,97.0,100.8,6,98.6,96.6,0.0,0.0,0.0,0.0,221
2023-05-11 09:37:23,MO2403-C-7400,MO2403-C-7400,98.6,0.0,0.0,0.0,14,97.0,100.8,7,98.6,96.6,0.0,0.0,0.0,0.0,221
2023-05-11 09:37:23,MO2403-C-7400,MO2403-C-7400,98.6,0.0,0.0,0.0,14,97.0,100.6,6,98.6,96.6,0.0,0.0,0.0,0.0,221
2023-05-11 09:37:25,MO2403-C-7400,MO2403-C-7400,98.6,0.0,0.0,0.0,12,97.0,100.6,6,98.6,96.6,0.0,0.0,0.0,0.0,221
2023-05-11 09:37:26,MO2403-C-7400,MO2403-C-7400,98.6,0.0,0.0,0.0,6,97.0,100.6,6,98.6,96.6,0.0,0.0,0.0,0.0,221
2023-05-11 09:37:26,MO2403-C-7400,MO2403-C-7400,98.6,0.0,0.0,0.0,8,97.0,100.6,6,98.6,96.6,0.0,0.0,0.0,0.0,221
2023-05-11 09:37:28,MO2403-C-7400,MO2403-C-7400,98.6,0.0,0.0,0.0,3,97.0,100.6,6,98.6,96.6,0.0,0.0,0.0,0.0,221
2023-05-11 09:37:28,MO2403-C-7400,MO2403-C-7400,98.6,0.0,0.0,0.0,1,97.0,100.6,6,98.6,96.6,0.0,0.0,0.0,0.0,221
2023-05-11 09:37:40,MO2403-C-7400,MO2403-C-7400,98.6,0.0,0.0,0.0,1,97.0,100.2,1,98.6,96.6,0.0,0.0,0.0,0.0,221
2023-05-11 09:37:41,MO2403-C-7400,MO2403-C-7400,98.6,0.0,0.0,0.0,1,97.0,100.0,6,98.6,96.6,0.0,0.0,0.0,0.0,221
2023-05-11 09:37:49,MO2403-C-7400,MO2403-C-7400,98.6,0.0,0.0,0.0,1,97.0,100.6,1,98.6,96.6,0.0,0.0,0.0,0.0,221
2023-05-11 09:37:49,MO2403-C-7400,MO2403-C-7400,98.6,0.0,0.0,0.0,1,97.0,100.4,6,98.6,96.6,0.0,0.0,0.0,0.0,221
2023-05-11 09:37:51,MO2403-C-7400,MO2403-C-7400,98.6,0.0,0.0,0.0,2,97.0,100.4,6,98.6,96.6,0.0,0.0,0.0,0.0,221
2023-05-11 09:37:52,MO2403-C-7400,MO2403-C-7400,98.6,0.0,0.0,0.0,8,97.0,100.4,6,98.6,96.6,0.0,0.0,0.0,0.0,221
2023-05-11 09:37:56,MO2403-C-7400,MO2403-C-7400,98.6,0.0,0.0,0.0,10,97.0,100.4,6,98.6,96.6,0.0,0.0,0.0,0.0,221
2023-05-11 09:38:02,MO2403-C-7400,MO2403-C-7400,98.6,0.0,0.0,0.0,7,97.2,100.6,7,98.6,96.6,0.0,0.0,0.0,0.0,221
2023-05-11 09:38:03,MO2403-C-7400,MO2403-C-7400,98.6,0.0,0.0,0.0,6,97.4,100.6,7,98.6,96.6,0.0,0.0,0.0,0.0,221
2023-05-11 09:38:05,MO2403-C-7400,MO2403-C-7400,98.6,0.0,0.0,0.0,8,97.4,100.6,6,98.6,96.6,0.0,0.0,0.0,0.0,221
2023-05-11 09:38:05,MO2403-C-7400,MO2403-C-7400,98.6,0.0,0.0,0.0,7,97.4,100.8,6,98.6,96.6,0.0,0.0,0.0,0.0,221
2023-05-11 09:38:07,MO2403-C-7400,MO2403-C-7400,98.6,0.0,0.0,0.0,5,97.4,100.8,6,98.6,96.6,0.0,0.0,0.0,0.0,221
2023-05-11 09:38:07,MO2403-C-7400,MO2403-C-7400,98.6,0.0,0.0,0.0,6,97.4,100.8,6,98.6,96.6,0.0,0.0,0.0,0.0,221
2023-05-11 09:38:08,MO2403-C-7400,MO2403-C-7400,98.6,0.0,0.0,0.0,8,97.4,100.8,6,98.6,96.6,0.0,0.0,0.0,0.0,221
2023-05-11 09:38:17,MO2403-C-7400,MO2403-C-7400,98.6,0.0,0.0,0.0,6,97.4,100.8,6,98.6,96.6,0.0,0.0,0.0,0.0,221
2023-05-11 09:38:17,MO2403-C-7400,MO2403-C-7400,98.6,0.0,0.0,0.0,1,97.6,100.8,6,98.6,96.6,0.0,0.0,0.0,0.0,221
2023-05-11 09:38:19,MO2403-C-7400,MO2403-C-7400,98.6,0.0,0.0,0.0,6,97.8,101.0,12,98.6,96.6,0.0,0.0,0.0,0.0,221
2023-05-11 09:38:21,MO2403-C-7400,MO2403-C-7400,98.6,0.0,0.0,0.0,1,97.6,100.8,6,98.6,96.6,0.0,0.0,0.0,0.0,221
2023-05-11 09:38:25,MO2403-C-7400,MO2403-C-7400,98.6,0.0,0.0,0.0,6,97.8,101.0,12,98.6,96.6,0.0,0.0,0.0,0.0,221
2023-05-11 09:38:26,MO2403-C-7400,MO2403-C-7400,98.6,0.0,0.0,0.0,8,97.8,101.0,12,98.6,96.6,0.0,0.0,0.0,0.0,221
2023-05-11 09:38:27,MO2403-C-7400,MO2403-C-7400,98.6,0.0,0.0,0.0,6,97.8,101.0,12,98.6,96.6,0.0,0.0,0.0,0.0,221
2023-05-11 09:38:28,MO2403-C-7400,MO2403-C-7400,98.6,0.0,0.0,0.0,7,97.8,101.0,12,98.6,96.6,0.0,0.0,0.0,0.0,221
2023-05-11 09:38:38,MO2403-C-7400,MO2403-C-7400,98.6,0.0,0.0,0.0,1,98.0,101.0,12,98.6,96.6,0.0,0.0,0.0,0.0,221
2023-05-11 09:38:39,MO2403-C-7400,MO2403-C-7400,98.6,0.0,0.0,0.0,6,97.8,101.0,12,98.6,96.6,0.0,0.0,0.0,0.0,221
2023-05-11 09:38:40,MO2403-C-7400,MO2403-C-7400,98.6,0.0,0.0,0.0,38,97.4,100.8,6,98.6,96.6,0.0,0.0,0.0,0.0,221
2023-05-11 09:38:40,MO2403-C-7400,MO2403-C-7400,98.6,0.0,0.0,0.0,26,97.4,100.8,6,98.6,96.6,0.0,0.0,0.0,0.0,221
2023-05-11 09:38:41,MO2403-C-7400,MO2403-C-7400,98.6,0.0,0.0,0.0,20,97.4,100.8,6,98.6,96.6,0.0,0.0,0.0,0.0,221
2023-05-11 09:38:41,MO2403-C-7400,MO2403-C-7400,98.6,0.0,0.0,0.0,18,97.4,100.8,6,98.6,96.6,0.0,0.0,0.0,0.0,221
2023-05-11 09:38:44,MO2403-C-7400,MO2403-C-7400,98.6,0.0,0.0,0.0,20,97.4,100.8,6,98.6,96.6,0.0,0.0,0.0,0.0,221
2023-05-11 09:38:49,MO2403-C-7400,MO2403-C-7400,98.6,0.0,0.0,0.0,1,97.6,100.8,6,98.6,96.6,0.0,0.0,0.0,0.0,221
2023-05-11 09:38:55,MO2403-C-7400,MO2403-C-7400,98.6,0.0,0.0,0.0,1,97.6,100.6,1,98.6,96.6,0.0,0.0,0.0,0.0,221
2023-05-11 09:38:56,MO2403-C-7400,MO2403-C-7400,98.6,0.0,0.0,0.0,1,97.6,100.4,6,98.6,96.6,0.0,0.0,0.0,0.0,221
2023-05-11 09:39:01,MO2403-C-7400,MO2403-C-7400,98.6,0.0,0.0,0.0,1,97.6,100.8,6,98.6,96.6,0.0,0.0,0.0,0.0,221
2023-05-11 09:39:02,MO2403-C-7400,MO2403-C-7400,98.6,0.0,0.0,0.0,1,97.8,100.8,6,98.6,96.6,0.0,0.0,0.0,0.0,221
2023-05-11 09:39:06,MO2403-C-7400,MO2403-C-7400,98.6,0.0,0.0,0.0,7,97.8,101.0,12,98.6,96.6,0.0,0.0,0.0,0.0,221
2023-05-11 09:39:10,MO2403-C-7400,MO2403-C-7400,98.6,0.0,0.0,0.0,12,97.8,101.0,12,98.6,96.6,0.0,0.0,0.0,0.0,221
2023-05-11 09:39:12,MO2403-C-7400,MO2403-C-7400,98.6,0.0,0.0,0.0,1,97.8,100.8,6,98.6,96.6,0.0,0.0,0.0,0.0,221
2023-05-11 09:39:18,MO2403-C-7400,MO2403-C-7400,98.6,0.0,0.0,0.0,1,97.8,100.8,7,98.6,96.6,0.0,0.0,0.0,0.0,221
2023-05-11 09:39:19,MO2403-C-7400,MO2403-C-7400,98.6,0.0,0.0,0.0,1,97.8,100.6,6,98.6,96.6,0.0,0.0,0.0,0.0,221
2023-05-11 09:39:23,MO2403-C-7400,MO2403-C-7400,98.6,0.0,0.0,0.0,1,97.8,100.8,7,98.6,96.6,0.0,0.0,0.0,0.0,221
2023-05-11 09:39:26,MO2403-C-7400,MO2403-C-7400,98.6,0.0,0.0,0.0,1,98.0,100.8,6,98.6,96.6,0.0,0.0,0.0,0.0,221
2023-05-11 09:39:26,MO2403-C-7400,MO2403-C-7400,98.6,0.0,0.0,0.0,1,98.0,101.2,24,98.6,96.6,0.0,0.0,0.0,0.0,221
2023-05-11 09:39:27,MO2403-C-7400,MO2403-C-7400,98.6,0.0,0.0,0.0,7,98.0,101.2,6,98.6,96.6,0.0,0.0,0.0,0.0,221
2023-05-11 09:39:27,MO2403-C-7400,MO2403-C-7400,98.6,0.0,0.0,0.0,1,98.0,101.2,6,98.6,96.6,0.0,0.0,0.0,0.0,221
2023-05-11 09:39:31,MO2403-C-7400,MO2403-C-7400,98.6,0.0,0.0,0.0,7,98.0,101.2,6,98.6,96.6,0.0,0.0,0.0,0.0,221
2023-05-11 09:39:32,MO2403-C-7400,MO2403-C-7400,98.6,0.0,0.0,0.0,9,98.0,101.2,6,98.6,96.6,0.0,0.0,0.0,0.0,221
2023-05-11 09:39:33,MO2403-C-7400,MO2403-C-7400,98.6,0.0,0.0,0.0,7,98.0,101.4,6,98.6,96.6,0.0,0.0,0.0,0.0,221
2023-05-11 09:39:35,MO2403-C-7400,MO2403-C-7400,98.6,0.0,0.0,0.0,1,98.0,101.4,6,98.6,96.6,0.0,0.0,0.0,0.0,221
2023-05-11 09:39:38,MO2403-C-7400,MO2403-C-7400,98.6,0.0,0.0,0.0,1,98.0,101.2,1,98.6,96.6,0.0,0.0,0.0,0.0,221
2023-05-11 09:39:38,MO2403-C-7400,MO2403-C-7400,98.6,0.0,0.0,0.0,1,98.0,101.0,6,98.6,96.6,0.0,0.0,0.0,0.0,221
2023-05-11 09:39:41,MO2403-C-7400,MO2403-C-7400,98.6,0.0,0.0,0.0,7,98.0,101.2,7,98.6,96.6,0.0,0.0,0.0,0.0,221
2023-05-11 09:39:46,MO2403-C-7400,MO2403-C-7400,98.6,0.0,0.0,0.0,7,98.2,101.6,18,98.6,96.6,0.0,0.0,0.0,0.0,221
2023-05-11 09:39:46,MO2403-C-7400,MO2403-C-7400,98.6,0.0,0.0,0.0,7,98.2,101.4,6,98.6,96.6,0.0,0.0,0.0,0.0,221
2023-05-11 09:39:47,MO2403-C-7400,MO2403-C-7400,98.6,0.0,0.0,0.0,7,98.2,101.6,6,98.6,96.6,0.0,0.0,0.0,0.0,221
2023-05-11 09:39:58,MO2403-C-7400,MO2403-C-7400,98.6,0.0,0.0,0.0,1,98.4,101.6,6,98.6,96.6,0.0,0.0,0.0,0.0,221
2023-05-11 09:40:01,MO2403-C-7400,MO2403-C-7400,98.6,0.0,0.0,0.0,6,98.6,101.8,31,98.6,96.6,0.0,0.0,0.0,0.0,221
2023-05-11 09:40:02,MO2403-C-7400,MO2403-C-7400,98.6,0.0,0.0,0.0,6,98.6,101.8,19,98.6,96.6,0.0,0.0,0.0,0.0,221
2023-05-11 09:40:02,MO2403-C-7400,MO2403-C-7400,98.6,0.0,0.0,0.0,6,98.6,101.8,13,98.6,96.6,0.0,0.0,0.0,0.0,221
2023-05-11 09:40:04,MO2403-C-7400,MO2403-C-7400,98.6,0.0,0.0,0.0,6,98.6,101.8,7,98.6,96.6,0.0,0.0,0.0,0.0,221
2023-05-11 09:40:05,MO2403-C-7400,MO2403-C-7400,98.6,0.0,0.0,0.0,6,98.6,101.8,1,98.6,96.6,0.0,0.0,0.0,0.0,221
2023-05-11 09:40:06,MO2403-C-7400,MO2403-C-7400,98.6,0.0,0.0,0.0,1,98.4,101.8,1,98.6,96.6,0.0,0.0,0.0,0.0,221
2023-05-11 09:40:06,MO2403-C-7400,MO2403-C-7400,98.6,0.0,0.0,0.0,6,98.6,101.8,7,98.6,96.6,0.0,0.0,0.0,0.0,221
2023-05-11 09:40:13,MO2403-C-7400,MO2403-C-7400,98.6,0.0,0.0,0.0,7,98.6,101.8,7,98.6,96.6,0.0,0.0,0.0,0.0,221
2023-05-11 09:40:16,MO2403-C-7400,MO2403-C-7400,98.6,0.0,0.0,0.0,7,98.6,101.8,6,98.6,96.6,0.0,0.0,0.0,0.0,221
2023-05-11 09:40:16,MO2403-C-7400,MO2403-C-7400,98.6,0.0,0.0,0.0,1,98.6,102.0,6,98.6,96.6,0.0,0.0,0.0,0.0,221
2023-05-11 09:40:17,MO2403-C-7400,MO2403-C-7400,98.6,0.0,0.0,0.0,6,98.8,102.2,24,98.6,96.6,0.0,0.0,0.0,0.0,221
2023-05-11 09:40:17,MO2403-C-7400,MO2403-C-7400,98.6,0.0,0.0,0.0,6,98.8,102.2,18,98.6,96.6,0.0,0.0,0.0,0.0,221
2023-05-11 09:40:27,MO2403-C-7400,MO2403-C-7400,98.6,0.0,0.0,0.0,8,98.8,102.2,18,98.6,96.6,0.0,0.0,0.0,0.0,221
2023-05-11 09:40:28,MO2403-C-7400,MO2403-C-7400,98.6,0.0,0.0,0.0,8,98.8,102.0,6,98.6,96.6,0.0,0.0,0.0,0.0,221
2023-05-11 09:40:28,MO2403-C-7400,MO2403-C-7400,98.6,0.0,0.0,0.0,6,98.8,102.0,6,98.6,96.6,0.0,0.0,0.0,0.0,221
2023-05-11 09:40:29,MO2403-C-7400,MO2403-C-7400,98.6,0.0,0.0,0.0,6,98.8,102.2,18,98.6,96.6,0.0,0.0,0.0,0.0,221
2023-05-11 09:40:34,MO2403-C-7400,MO2403-C-7400,98.6,0.0,0.0,0.0,7,98.8,102.2,18,98.6,96.6,0.0,0.0,0.0,0.0,221
2023-05-11 09:40:34,MO2403-C-7400,MO2403-C-7400,98.6,0.0,0.0,0.0,7,98.8,102.0,6,98.6,96.6,0.0,0.0,0.0,0.0,221
2023-05-11 09:40:46,MO2403-C-7400,MO2403-C-7400,98.6,0.0,0.0,0.0,1,98.4,102.0,6,98.6,96.6,0.0,0.0,0.0,0.0,221
2023-05-11 09:40:55,MO2403-C-7400,MO2403-C-7400,98.6,0.0,0.0,0.0,1,98.4,101.6,1,98.6,96.6,0.0,0.0,0.0,0.0,221
2023-05-11 09:40:55,MO2403-C-7400,MO2403-C-7400,98.6,0.0,0.0,0.0,6,98.6,101.6,1,98.6,96.6,0.0,0.0,0.0,0.0,221
2023-05-11 09:40:56,MO2403-C-7400,MO2403-C-7400,98.6,0.0,0.0,0.0,7,98.6,101.6,1,98.6,96.6,0.0,0.0,0.0,0.0,221
2023-05-11 09:40:59,MO2403-C-7400,MO2403-C-7400,98.6,0.0,0.0,0.0,1,98.6,101.4,6,98.6,96.6,0.0,0.0,0.0,0.0,221
2023-05-11 09:41:00,MO2403-C-7400,MO2403-C-7400,98.6,0.0,0.0,0.0,1,98.6,101.6,1,98.6,96.6,0.0,0.0,0.0,0.0,221
2023-05-11 09:41:01,MO2403-C-7400,MO2403-C-7400,98.6,0.0,0.0,0.0,1,98.6,101.6,7,98.6,96.6,0.0,0.0,0.0,0.0,221
2023-05-11 09:41:06,MO2403-C-7400,MO2403-C-7400,98.6,0.0,0.0,0.0,1,98.6,101.0,1,98.6,96.6,0.0,0.0,0.0,0.0,221
2023-05-11 09:41:07,MO2403-C-7400,MO2403-C-7400,98.6,0.0,0.0,0.0,13,98.2,101.0,1,98.6,96.6,0.0,0.0,0.0,0.0,221
2023-05-11 09:41:08,MO2403-C-7400,MO2403-C-7400,98.6,0.0,0.0,0.0,1,98.2,101.0,1,98.6,96.6,0.0,0.0,0.0,0.0,221
2023-05-11 09:41:09,MO2403-C-7400,MO2403-C-7400,98.6,0.0,0.0,0.0,1,98.2,101.0,7,98.6,96.6,0.0,0.0,0.0,0.0,221
2023-05-11 09:41:11,MO2403-C-7400,MO2403-C-7400,98.6,0.0,0.0,0.0,1,98.2,101.0,1,98.6,96.6,0.0,0.0,0.0,0.0,221
2023-05-11 09:41:17,MO2403-C-7400,MO2403-C-7400,98.6,0.0,0.0,0.0,1,98.4,101.0,1,98.6,96.6,0.0,0.0,0.0,0.0,221
2023-05-11 09:41:29,MO2403-C-7400,MO2403-C-7400,98.6,0.0,0.0,0.0,1,98.4,101.0,7,98.6,96.6,0.0,0.0,0.0,0.0,221
2023-05-11 09:41:31,MO2403-C-7400,MO2403-C-7400,98.6,0.0,0.0,0.0,1,98.4,101.0,1,98.6,96.6,0.0,0.0,0.0,0.0,221
2023-05-11 09:41:33,MO2403-C-7400,MO2403-C-7400,98.6,0.0,0.0,0.0,6,98.2,101.0,1,98.6,96.6,0.0,0.0,0.0,0.0,221
2023-05-11 09:41:43,MO2403-C-7400,MO2403-C-7400,98.6,0.0,0.0,0.0,7,98.2,101.0,1,98.6,96.6,0.0,0.0,0.0,0.0,221
2023-05-11 09:41:52,MO2403-C-7400,MO2403-C-7400,98.6,0.0,0.0,0.0,6,98.4,101.4,12,98.6,96.6,0.0,0.0,0.0,0.0,221
2023-05-11 09:41:53,MO2403-C-7400,MO2403-C-7400,98.6,0.0,0.0,0.0,6,98.4,101.6,12,98.6,96.6,0.0,0.0,0.0,0.0,221
2023-05-11 09:41:53,MO2403-C-7400,MO2403-C-7400,98.6,0.0,0.0,0.0,6,98.4,101.8,25,98.6,96.6,0.0,0.0,0.0,0.0,221
2023-05-11 09:41:54,MO2403-C-7400,MO2403-C-7400,98.6,0.0,0.0,0.0,6,98.4,101.8,13,98.6,96.6,0.0,0.0,0.0,0.0,221
2023-05-11 09:41:58,MO2403-C-7400,MO2403-C-7400,98.6,0.0,0.0,0.0,6,98.4,101.2,1,98.6,96.6,0.0,0.0,0.0,0.0,221
2023-05-11 09:41:58,MO2403-C-7400,MO2403-C-7400,98.6,0.0,0.0,0.0,7,98.4,101.2,1,98.6,96.6,0.0,0.0,0.0,0.0,221
2023-05-11 09:42:05,MO2403-C-7400,MO2403-C-7400,98.6,0.0,0.0,0.0,7,98.4,101.6,6,98.6,96.6,0.0,0.0,0.0,0.0,221
2023-05-11 09:42:06,MO2403-C-7400,MO2403-C-7400,98.6,0.0,0.0,0.0,7,98.4,101.8,6,98.6,96.6,0.0,0.0,0.0,0.0,221
2023-05-11 09:42:07,MO2403-C-7400,MO2403-C-7400,98.6,0.0,0.0,0.0,6,98.6,102.0,31,98.6,96.6,0.0,0.0,0.0,0.0,221
2023-05-11 09:42:08,MO2403-C-7400,MO2403-C-7400,98.6,0.0,0.0,0.0,6,98.6,102.0,19,98.6,96.6,0.0,0.0,0.0,0.0,221
2023-05-11 09:42:08,MO2403-C-7400,MO2403-C-7400,98.6,0.0,0.0,0.0,8,98.6,102.0,13,98.6,96.6,0.0,0.0,0.0,0.0,221
2023-05-11 09:42:09,MO2403-C-7400,MO2403-C-7400,98.6,0.0,0.0,0.0,6,98.8,102.0,13,98.6,96.6,0.0,0.0,0.0,0.0,221
2023-05-11 09:42:09,MO2403-C-7400,MO2403-C-7400,98.6,0.0,0.0,0.0,6,98.6,102.0,13,98.6,96.6,0.0,0.0,0.0,0.0,221
2023-05-11 09:42:12,MO2403-C-7400,MO2403-C-7400,98.6,0.0,0.0,0.0,6,98.6,102.0,7,98.6,96.6,0.0,0.0,0.0,0.0,221
2023-05-11 09:42:12,MO2403-C-7400,MO2403-C-7400,98.6,0.0,0.0,0.0,6,98.6,102.0,1,98.6,96.6,0.0,0.0,0.0,0.0,221
2023-05-11 09:42:13,MO2403-C-7400,MO2403-C-7400,98.6,0.0,0.0,0.0,11,98.6,102.0,1,98.6,96.6,0.0,0.0,0.0,0.0,221
2023-05-11 09:42:13,MO2403-C-7400,MO2403-C-7400,98.6,0.0,0.0,0.0,6,98.8,102.0,1,98.6,96.6,0.0,0.0,0.0,0.0,221
2023-05-11 09:42:15,MO2403-C-7400,MO2403-C-7400,98.6,0.0,0.0,0.0,8,98.8,102.0,1,98.6,96.6,0.0,0.0,0.0,0.0,221
2023-05-11 09:42:16,MO2403-C-7400,MO2403-C-7400,98.6,0.0,0.0,0.0,11,98.6,102.0,7,98.6,96.6,0.0,0.0,0.0,0.0,221
2023-05-11 09:42:16,MO2403-C-7400,MO2403-C-7400,98.6,0.0,0.0,0.0,6,98.8,101.4,1,98.6,96.6,0.0,0.0,0.0,0.0,221
2023-05-11 09:42:18,MO2403-C-7400,MO2403-C-7400,98.6,0.0,0.0,0.0,1,98.6,101.4,1,98.6,96.6,0.0,0.0,0.0,0.0,221
2023-05-11 09:42:21,MO2403-C-7400,MO2403-C-7400,98.6,0.0,0.0,0.0,6,98.8,101.4,1,98.6,96.6,0.0,0.0,0.0,0.0,221
2023-05-11 09:42:25,MO2403-C-7400,MO2403-C-7400,98.6,0.0,0.0,0.0,6,98.8,102.2,19,98.6,96.6,0.0,0.0,0.0,0.0,221
2023-05-11 09:42:26,MO2403-C-7400,MO2403-C-7400,98.6,0.0,0.0,0.0,6,98.8,102.2,13,98.6,96.6,0.0,0.0,0.0,0.0,221
2023-05-11 09:42:26,MO2403-C-7400,MO2403-C-7400,98.6,0.0,0.0,0.0,14,98.6,102.0,6,98.6,96.6,0.0,0.0,0.0,0.0,221
2023-05-11 09:42:27,MO2403-C-7400,MO2403-C-7400,98.6,0.0,0.0,0.0,1,98.8,102.0,6,98.6,96.6,0.0,0.0,0.0,0.0,221
2023-05-11 09:42:27,MO2403-C-7400,MO2403-C-7400,98.6,0.0,0.0,0.0,1,98.8,101.6,1,98.6,96.6,0.0,0.0,0.0,0.0,221
2023-05-11 09:42:28,MO2403-C-7400,MO2403-C-7400,98.6,0.0,0.0,0.0,7,98.8,101.6,1,98.6,96.6,0.0,0.0,0.0,0.0,221
2023-05-11 09:42:28,MO2403-C-7400,MO2403-C-7400,98.6,0.0,0.0,0.0,7,98.8,102.0,6,98.6,96.6,0.0,0.0,0.0,0.0,221
2023-05-11 09:42:29,MO2403-C-7400,MO2403-C-7400,98.6,0.0,0.0,0.0,1,98.8,102.0,6,98.6,96.6,0.0,0.0,0.0,0.0,221
2023-05-11 09:42:34,MO2403-C-7400,MO2403-C-7400,98.6,0.0,0.0,0.0,6,99.0,102.2,12,98.6,96.6,0.0,0.0,0.0,0.0,221
2023-05-11 09:42:35,MO2403-C-7400,MO2403-C-7400,98.6,0.0,0.0,0.0,6,99.2,102.2,6,98.6,96.6,0.0,0.0,0.0,0.0,221
2023-05-11 09:42:36,MO2403-C-7400,MO2403-C-7400,98.6,0.0,0.0,0.0,6,99.0,102.2,6,98.6,96.6,0.0,0.0,0.0,0.0,221
2023-05-11 09:42:39,MO2403-C-7400,MO2403-C-7400,98.6,0.0,0.0,0.0,6,99.0,101.8,1,98.6,96.6,0.0,0.0,0.0,0.0,221
2023-05-11 09:42:44,MO2403-C-7400,MO2403-C-7400,98.6,0.0,0.0,0.0,6,99.0,102.2,6,98.6,96.6,0.0,0.0,0.0,0.0,221
2023-05-11 09:42:47,MO2403-C-7400,MO2403-C-7400,98.6,0.0,0.0,0.0,7,99.0,102.2,6,98.6,96.6,0.0,0.0,0.0,0.0,221
2023-05-11 09:42:47,MO2403-C-7400,MO2403-C-7400,98.6,0.0,0.0,0.0,6,99.2,102.2,6,98.6,96.6,0.0,0.0,0.0,0.0,221
2023-05-11 09:42:48,MO2403-C-7400,MO2403-C-7400,98.6,0.0,0.0,0.0,1,99.0,102.0,6,98.6,96.6,0.0,0.0,0.0,0.0,221
2023-05-11 09:42:57,MO2403-C-7400,MO2403-C-7400,98.6,0.0,0.0,0.0,1,99.2,101.8,1,98.6,96.6,0.0,0.0,0.0,0.0,221
2023-05-11 09:43:01,MO2403-C-7400,MO2403-C-7400,98.6,0.0,0.0,0.0,1,99.2,101.8,7,98.6,96.6,0.0,0.0,0.0,0.0,221
2023-05-11 09:43:04,MO2403-C-7400,MO2403-C-7400,98.6,0.0,0.0,0.0,1,99.2,101.8,1,98.6,96.6,0.0,0.0,0.0,0.0,221
2023-05-11 09:43:07,MO2403-C-7400,MO2403-C-7400,98.6,0.0,0.0,0.0,1,99.4,101.8,1,98.6,96.6,0.0,0.0,0.0,0.0,221
2023-05-11 09:43:13,MO2403-C-7400,MO2403-C-7400,98.6,0.0,0.0,0.0,1,99.4,101.6,6,98.6,96.6,0.0,0.0,0.0,0.0,221
2023-05-11 09:43:22,MO2403-C-7400,MO2403-C-7400,98.6,0.0,0.0,0.0,1,99.0,101.6,6,98.6,96.6,0.0,0.0,0.0,0.0,221
2023-05-11 09:43:36,MO2403-C-7400,MO2403-C-7400,98.6,0.0,0.0,0.0,37,98.4,101.6,6,98.6,96.6,0.0,0.0,0.0,0.0,221
2023-05-11 09:43:37,MO2403-C-7400,MO2403-C-7400,98.6,0.0,0.0,0.0,19,98.4,101.6,6,98.6,96.6,0.0,0.0,0.0,0.0,221
2023-05-11 09:43:37,MO2403-C-7400,MO2403-C-7400,98.6,0.0,0.0,0.0,1,98.4,101.6,6,98.6,96.6,0.0,0.0,0.0,0.0,221
2023-05-11 09:43:46,MO2403-C-7400,MO2403-C-7400,98.6,0.0,0.0,0.0,1,98.6,101.6,6,98.6,96.6,0.0,0.0,0.0,0.0,221
2023-05-11 09:43:50,MO2403-C-7400,MO2403-C-7400,98.6,0.0,0.0,0.0,7,98.6,101.8,7,98.6,96.6,0.0,0.0,0.0,0.0,221
2023-05-11 09:43:55,MO2403-C-7400,MO2403-C-7400,98.6,0.0,0.0,0.0,1,98.6,101.6,6,98.6,96.6,0.0,0.0,0.0,0.0,221
2023-05-11 09:43:55,MO2403-C-7400,MO2403-C-7400,98.6,0.0,0.0,0.0,6,98.4,101.6,6,98.6,96.6,0.0,0.0,0.0,0.0,221
2023-05-11 09:43:56,MO2403-C-7400,MO2403-C-7400,98.6,0.0,0.0,0.0,6,98.4,101.8,7,98.6,96.6,0.0,0.0,0.0,0.0,221
2023-05-11 09:43:57,MO2403-C-7400,MO2403-C-7400,98.6,0.0,0.0,0.0,6,98.2,101.8,1,98.6,96.6,0.0,0.0,0.0,0.0,221
2023-05-11 09:44:00,MO2403-C-7400,MO2403-C-7400,98.6,0.0,0.0,0.0,7,98.2,101.8,1,98.6,96.6,0.0,0.0,0.0,0.0,221
2023-05-11 09:44:01,MO2403-C-7400,MO2403-C-7400,98.6,0.0,0.0,0.0,6,98.4,101.8,7,98.6,96.6,0.0,0.0,0.0,0.0,221
2023-05-11 09:44:03,MO2403-C-7400,MO2403-C-7400,98.6,0.0,0.0,0.0,6,98.4,101.2,1,98.6,96.6,0.0,0.0,0.0,0.0,221
2023-05-11 09:44:09,MO2403-C-7400,MO2403-C-7400,98.6,0.0,0.0,0.0,6,98.4,101.8,6,98.6,96.6,0.0,0.0,0.0,0.0,221
2023-05-11 09:44:09,MO2403-C-7400,MO2403-C-7400,98.6,0.0,0.0,0.0,6,98.4,102.0,1,98.6,96.6,0.0,0.0,0.0,0.0,221
2023-05-11 09:44:10,MO2403-C-7400,MO2403-C-7400,98.6,0.0,0.0,0.0,6,98.6,102.0,1,98.6,96.6,0.0,0.0,0.0,0.0,221
2023-05-11 09:44:10,MO2403-C-7400,MO2403-C-7400,98.6,0.0,0.0,0.0,13,98.6,101.8,6,98.6,96.6,0.0,0.0,0.0,0.0,221
2023-05-11 09:44:11,MO2403-C-7400,MO2403-C-7400,98.6,0.0,0.0,0.0,19,98.6,101.8,6,98.6,96.6,0.0,0.0,0.0,0.0,221
2023-05-11 09:44:13,MO2403-C-7400,MO2403-C-7400,98.6,0.0,0.0,0.0,13,98.6,101.8,6,98.6,96.6,0.0,0.0,0.0,0.0,221
2023-05-11 09:44:19,MO2403-C-7400,MO2403-C-7400,98.6,0.0,0.0,0.0,6,98.8,102.0,1,98.6,96.6,0.0,0.0,0.0,0.0,221
2023-05-11 09:44:23,MO2403-C-7400,MO2403-C-7400,98.6,0.0,0.0,0.0,13,98.6,101.8,6,98.6,96.6,0.0,0.0,0.0,0.0,221
2023-05-11 09:44:24,MO2403-C-7400,MO2403-C-7400,98.6,0.0,0.0,0.0,1,98.8,101.8,6,98.6,96.6,0.0,0.0,0.0,0.0,221
2023-05-11 09:44:29,MO2403-C-7400,MO2403-C-7400,98.6,0.0,0.0,0.0,6,98.6,101.4,1,98.6,96.6,0.0,0.0,0.0,0.0,221
2023-05-11 09:44:30,MO2403-C-7400,MO2403-C-7400,98.6,0.0,0.0,0.0,12,98.4,101.4,1,98.6,96.6,0.0,0.0,0.0,0.0,221
2023-05-11 09:44:30,MO2403-C-7400,MO2403-C-7400,98.6,0.0,0.0,0.0,6,98.4,101.4,1,98.6,96.6,0.0,0.0,0.0,0.0,221
2023-05-11 09:44:31,MO2403-C-7400,MO2403-C-7400,98.6,0.0,0.0,0.0,6,98.6,101.4,1,98.6,96.6,0.0,0.0,0.0,0.0,221
2023-05-11 09:44:33,MO2403-C-7400,MO2403-C-7400,98.6,0.0,0.0,0.0,6,98.4,101.4,1,98.6,96.6,0.0,0.0,0.0,0.0,221
2023-05-11 09:44:34,MO2403-C-7400,MO2403-C-7400,98.6,0.0,0.0,0.0,6,98.2,101.4,1,98.6,96.6,0.0,0.0,0.0,0.0,221
2023-05-11 09:44:39,MO2403-C-7400,MO2403-C-7400,98.6,0.0,0.0,0.0,6,98.4,101.4,1,98.6,96.6,0.0,0.0,0.0,0.0,221
2023-05-11 09:44:40,MO2403-C-7400,MO2403-C-7400,98.6,0.0,0.0,0.0,6,98.6,101.4,1,98.6,96.6,0.0,0.0,0.0,0.0,221
2023-05-11 09:44:42,MO2403-C-7400,MO2403-C-7400,98.6,0.0,0.0,0.0,12,98.4,101.4,1,98.6,96.6,0.0,0.0,0.0,0.0,221
2023-05-11 09:44:45,MO2403-C-7400,MO2403-C-7400,98.6,0.0,0.0,0.0,13,98.4,101.4,1,98.6,96.6,0.0,0.0,0.0,0.0,221
2023-05-11 09:44:55,MO2403-C-7400,MO2403-C-7400,98.6,0.0,0.0,0.0,1,98.6,101.4,1,98.6,96.6,0.0,0.0,0.0,0.0,221
2023-05-11 09:44:55,MO2403-C-7400,MO2403-C-7400,98.6,0.0,0.0,0.0,1,98.6,101.2,6,98.6,96.6,0.0,0.0,0.0,0.0,221
2023-05-11 09:45:00,MO2403-C-7400,MO2403-C-7400,98.6,0.0,0.0,0.0,1,98.6,100.8,1,98.6,96.6,0.0,0.0,0.0,0.0,221
2023-05-11 09:45:00,MO2403-C-7400,MO2403-C-7400,98.6,0.0,0.0,0.0,1,98.2,100.8,7,98.6,96.6,0.0,0.0,0.0,0.0,221
2023-05-11 09:45:02,MO2403-C-7400,MO2403-C-7400,98.6,0.0,0.0,0.0,6,98.0,100.6,6,98.6,96.6,0.0,0.0,0.0,0.0,221
2023-05-11 09:45:02,MO2403-C-7400,MO2403-C-7400,98.6,0.0,0.0,0.0,14,97.8,100.6,6,98.6,96.6,0.0,0.0,0.0,0.0,221
2023-05-11 09:45:03,MO2403-C-7400,MO2403-C-7400,98.6,0.0,0.0,0.0,8,97.8,100.6,6,98.6,96.6,0.0,0.0,0.0,0.0,221
2023-05-11 09:45:03,MO2403-C-7400,MO2403-C-7400,98.6,0.0,0.0,0.0,2,97.8,100.6,6,98.6,96.6,0.0,0.0,0.0,0.0,221
2023-05-11 09:45:05,MO2403-C-7400,MO2403-C-7400,98.6,0.0,0.0,0.0,1,97.8,100.6,6,98.6,96.6,0.0,0.0,0.0,0.0,221
2023-05-11 09:45:06,MO2403-C-7400,MO2403-C-7400,98.6,0.0,0.0,0.0,36,97.4,100.2,1,98.6,96.6,0.0,0.0,0.0,0.0,221
2023-05-11 09:45:07,MO2403-C-7400,MO2403-C-7400,98.6,0.0,0.0,0.0,12,97.4,100.2,7,98.6,96.6,0.0,0.0,0.0,0.0,221
2023-05-11 09:45:07,MO2403-C-7400,MO2403-C-7400,98.6,0.0,0.0,0.0,7,97.2,100.2,7,98.6,96.6,0.0,0.0,0.0,0.0,221
2023-05-11 09:45:08,MO2403-C-7400,MO2403-C-7400,98.6,0.0,0.0,0.0,1,97.2,100.2,7,98.6,96.6,0.0,0.0,0.0,0.0,221
2023-05-11 09:45:10,MO2403-C-7400,MO2403-C-7400,98.6,0.0,0.0,0.0,1,97.2,100.0,6,98.6,96.6,0.0,0.0,0.0,0.0,221
2023-05-11 09:45:17,MO2403-C-7400,MO2403-C-7400,98.6,0.0,0.0,0.0,1,97.2,100.2,6,98.6,96.6,0.0,0.0,0.0,0.0,221
2023-05-11 09:45:19,MO2403-C-7400,MO2403-C-7400,98.6,0.0,0.0,0.0,20,97.0,100.2,6,98.6,96.6,0.0,0.0,0.0,0.0,221
2023-05-11 09:45:20,MO2403-C-7400,MO2403-C-7400,98.6,0.0,0.0,0.0,14,97.0,100.2,6,98.6,96.6,0.0,0.0,0.0,0.0,221
2023-05-11 09:45:23,MO2403-C-7400,MO2403-C-7400,98.6,0.0,0.0,0.0,12,97.0,100.2,6,98.6,96.6,0.0,0.0,0.0,0.0,221
2023-05-11 09:45:23,MO2403-C-7400,MO2403-C-7400,98.6,0.0,0.0,0.0,6,97.0,100.2,6,98.6,96.6,0.0,0.0,0.0,0.0,221
2023-05-11 09:45:24,MO2403-C-7400,MO2403-C-7400,98.6,0.0,0.0,0.0,2,97.0,100.2,6,98.6,96.6,0.0,0.0,0.0,0.0,221
2023-05-11 09:45:24,MO2403-C-7400,MO2403-C-7400,98.6,0.0,0.0,0.0,1,96.8,100.2,6,98.6,96.6,0.0,0.0,0.0,0.0,221
2023-05-11 09:45:31,MO2403-C-7400,MO2403-C-7400,98.6,0.0,0.0,0.0,1,97.0,100.2,6,98.6,96.6,0.0,0.0,0.0,0.0,221
2023-05-11 09:45:33,MO2403-C-7400,MO2403-C-7400,98.6,0.0,0.0,0.0,7,97.0,100.4,7,98.6,96.6,0.0,0.0,0.0,0.0,221
2023-05-11 09:45:34,MO2403-C-7400,MO2403-C-7400,98.6,0.0,0.0,0.0,6,97.2,100.4,7,98.6,96.6,0.0,0.0,0.0,0.0,221
2023-05-11 09:45:34,MO2403-C-7400,MO2403-C-7400,98.6,0.0,0.0,0.0,8,97.2,100.4,7,98.6,96.6,0.0,0.0,0.0,0.0,221
2023-05-11 09:45:39,MO2403-C-7400,MO2403-C-7400,98.6,0.0,0.0,0.0,6,97.4,100.4,1,98.6,96.6,0.0,0.0,0.0,0.0,221
2023-05-11 09:45:39,MO2403-C-7400,MO2403-C-7400,98.6,0.0,0.0,0.0,8,97.4,100.4,1,98.6,96.6,0.0,0.0,0.0,0.0,221
2023-05-11 09:45:41,MO2403-C-7400,MO2403-C-7400,98.6,0.0,0.0,0.0,6,97.4,100.4,1,98.6,96.6,0.0,0.0,0.0,0.0,221
2023-05-11 09:45:41,MO2403-C-7400,MO2403-C-7400,98.6,0.0,0.0,0.0,1,97.2,100.2,6,98.6,96.6,0.0,0.0,0.0,0.0,221
2023-05-11 09:45:53,MO2403-C-7400,MO2403-C-7400,98.6,0.0,0.0,0.0,1,97.2,99.8,1,98.6,96.6,0.0,0.0,0.0,0.0,221
2023-05-11 09:45:55,MO2403-C-7400,MO2403-C-7400,98.6,0.0,0.0,0.0,1,97.2,99.6,6,98.6,96.6,0.0,0.0,0.0,0.0,221
2023-05-11 09:45:56,MO2403-C-7400,MO2403-C-7400,98.6,0.0,0.0,0.0,34,96.6,99.6,6,98.6,96.6,0.0,0.0,0.0,0.0,221
2023-05-11 09:45:56,MO2403-C-7400,MO2403-C-7400,98.6,0.0,0.0,0.0,20,96.6,99.6,6,98.6,96.6,0.0,0.0,0.0,0.0,221
2023-05-11 09:45:57,MO2403-C-7400,MO2403-C-7400,98.6,0.0,0.0,0.0,14,96.6,99.6,6,98.6,96.6,0.0,0.0,0.0,0.0,221
2023-05-11 09:46:02,MO2403-C-7400,MO2403-C-7400,98.6,0.0,0.0,0.0,16,96.6,99.6,6,98.6,96.6,0.0,0.0,0.0,0.0,221
2023-05-11 09:46:03,MO2403-C-7400,MO2403-C-7400,98.6,0.0,0.0,0.0,14,96.6,99.6,6,98.6,96.6,0.0,0.0,0.0,0.0,221
2023-05-11 09:46:04,MO2403-C-7400,MO2403-C-7400,98.6,0.0,0.0,0.0,8,96.6,99.6,6,98.6,96.6,0.0,0.0,0.0,0.0,221
2023-05-11 09:46:04,MO2403-C-7400,MO2403-C-7400,98.6,0.0,0.0,0.0,2,96.6,99.6,6,98.6,96.6,0.0,0.0,0.0,0.0,221
2023-05-11 09:46:07,MO2403-C-7400,MO2403-C-7400,98.6,0.0,0.0,0.0,1,96.6,99.6,6,98.6,96.6,0.0,0.0,0.0,0.0,221
2023-05-11 09:46:08,MO2403-C-7400,MO2403-C-7400,98.6,0.0,0.0,0.0,15,96.2,99.6,6,98.6,96.6,0.0,0.0,0.0,0.0,221
2023-05-11 09:46:09,MO2403-C-7400,MO2403-C-7400,98.6,0.0,0.0,0.0,9,96.2,99.6,6,98.6,96.6,0.0,0.0,0.0,0.0,221
2023-05-11 09:46:09,MO2403-C-7400,MO2403-C-7400,98.6,0.0,0.0,0.0,3,96.2,99.6,6,98.6,96.6,0.0,0.0,0.0,0.0,221
2023-05-11 09:46:10,MO2403-C-7400,MO2403-C-7400,98.6,0.0,0.0,0.0,1,96.2,99.6,6,98.6,96.6,0.0,0.0,0.0,0.0,221
2023-05-11 09:46:11,MO2403-C-7400,MO2403-C-7400,98.6,0.0,0.0,0.0,6,96.4,99.8,13,98.6,96.6,0.0,0.0,0.0,0.0,221
2023-05-11 09:46:12,MO2403-C-7400,MO2403-C-7400,98.6,0.0,0.0,0.0,8,96.4,99.8,13,98.6,96.6,0.0,0.0,0.0,0.0,221
2023-05-11 09:46:12,MO2403-C-7400,MO2403-C-7400,98.6,0.0,0.0,0.0,6,96.6,99.8,13,98.6,96.6,0.0,0.0,0.0,0.0,221
2023-05-11 09:46:13,MO2403-C-7400,MO2403-C-7400,98.6,0.0,0.0,0.0,8,96.6,99.8,13,98.6,96.6,0.0,0.0,0.0,0.0,221
2023-05-11 09:46:14,MO2403-C-7400,MO2403-C-7400,98.6,0.0,0.0,0.0,6,96.6,99.8,13,98.6,96.6,0.0,0.0,0.0,0.0,221
2023-05-11 09:46:14,MO2403-C-7400,MO2403-C-7400,98.6,0.0,0.0,0.0,6,96.4,99.8,13,98.6,96.6,0.0,0.0,0.0,0.0,221
2023-05-11 09:46:15,MO2403-C-7400,MO2403-C-7400,98.6,0.0,0.0,0.0,2,96.6,99.8,7,98.6,96.6,0.0,0.0,0.0,0.0,221
2023-05-11 09:46:15,MO2403-C-7400,MO2403-C-7400,98.6,0.0,0.0,0.0,6,96.8,99.8,1,98.6,96.6,0.0,0.0,0.0,0.0,221
2023-05-11 09:46:16,MO2403-C-7400,MO2403-C-7400,98.6,0.0,0.0,0.0,12,96.4,99.8,1,98.6,96.6,0.0,0.0,0.0,0.0,221
2023-05-11 09:46:16,MO2403-C-7400,MO2403-C-7400,98.6,0.0,0.0,0.0,6,96.6,99.8,1,98.6,96.6,0.0,0.0,0.0,0.0,221
2023-05-11 09:46:17,MO2403-C-7400,MO2403-C-7400,98.6,0.0,0.0,0.0,8,96.6,99.8,1,98.6,96.6,0.0,0.0,0.0,0.0,221
2023-05-11 09:46:18,MO2403-C-7400,MO2403-C-7400,98.6,0.0,0.0,0.0,6,96.8,100.0,18,98.6,96.6,0.0,0.0,0.0,0.0,221
2023-05-11 09:46:18,MO2403-C-7400,MO2403-C-7400,98.6,0.0,0.0,0.0,6,96.8,100.0,12,98.6,96.6,0.0,0.0,0.0,0.0,221
2023-05-11 09:46:19,MO2403-C-7400,MO2403-C-7400,98.6,0.0,0.0,0.0,6,96.8,100.0,6,98.6,96.6,0.0,0.0,0.0,0.0,221
2023-05-11 09:46:19,MO2403-C-7400,MO2403-C-7400,98.6,0.0,0.0,0.0,2,96.8,100.4,6,98.6,96.6,0.0,0.0,0.0,0.0,221
2023-05-11 09:46:20,MO2403-C-7400,MO2403-C-7400,98.6,0.0,0.0,0.0,19,96.4,100.4,6,98.6,96.6,0.0,0.0,0.0,0.0,221
2023-05-11 09:46:21,MO2403-C-7400,MO2403-C-7400,98.6,0.0,0.0,0.0,13,96.4,100.4,6,98.6,96.6,0.0,0.0,0.0,0.0,221
2023-05-11 09:46:21,MO2403-C-7400,MO2403-C-7400,98.6,0.0,0.0,0.0,15,96.4,100.4,6,98.6,96.6,0.0,0.0,0.0,0.0,221
2023-05-11 09:46:22,MO2403-C-7400,MO2403-C-7400,98.6,0.0,0.0,0.0,7,96.6,100.6,13,98.6,96.6,0.0,0.0,0.0,0.0,221
2023-05-11 09:46:22,MO2403-C-7400,MO2403-C-7400,98.6,0.0,0.0,0.0,12,96.8,100.6,13,98.6,96.6,0.0,0.0,0.0,0.0,221
2023-05-11 09:46:23,MO2403-C-7400,MO2403-C-7400,98.6,0.0,0.0,0.0,6,97.0,100.4,6,98.6,96.6,0.0,0.0,0.0,0.0,221
2023-05-11 09:46:24,MO2403-C-7400,MO2403-C-7400,98.6,0.0,0.0,0.0,9,96.6,100.4,6,98.6,96.6,0.0,0.0,0.0,0.0,221
2023-05-11 09:46:24,MO2403-C-7400,MO2403-C-7400,98.6,0.0,0.0,0.0,3,96.6,100.4,6,98.6,96.6,0.0,0.0,0.0,0.0,221
2023-05-11 09:46:25,MO2403-C-7400,MO2403-C-7400,98.6,0.0,0.0,0.0,1,96.6,100.4,6,98.6,96.6,0.0,0.0,0.0,0.0,221
2023-05-11 09:46:28,MO2403-C-7400,MO2403-C-7400,98.6,0.0,0.0,0.0,1,96.6,100.0,1,98.6,96.6,0.0,0.0,0.0,0.0,221
2023-05-11 09:46:28,MO2403-C-7400,MO2403-C-7400,98.6,0.0,0.0,0.0,6,96.8,100.0,7,98.6,96.6,0.0,0.0,0.0,0.0,221
2023-05-11 09:46:29,MO2403-C-7400,MO2403-C-7400,98.6,0.0,0.0,0.0,8,96.8,100.0,1,98.6,96.6,0.0,0.0,0.0,0.0,221
2023-05-11 09:46:29,MO2403-C-7400,MO2403-C-7400,98.6,0.0,0.0,0.0,6,97.0,100.0,1,98.6,96.6,0.0,0.0,0.0,0.0,221
2023-05-11 09:46:30,MO2403-C-7400,MO2403-C-7400,98.6,0.0,0.0,0.0,8,97.0,100.0,1,98.6,96.6,0.0,0.0,0.0,0.0,221
2023-05-11 09:46:31,MO2403-C-7400,MO2403-C-7400,98.6,0.0,0.0,0.0,6,97.0,100.0,1,98.6,96.6,0.0,0.0,0.0,0.0,221
2023-05-11 09:46:36,MO2403-C-7400,MO2403-C-7400,98.6,0.0,0.0,0.0,8,97.0,100.0,1,98.6,96.6,0.0,0.0,0.0,0.0,221
2023-05-11 09:46:37,MO2403-C-7400,MO2403-C-7400,98.6,0.0,0.0,0.0,6,97.0,100.0,1,98.6,96.6,0.0,0.0,0.0,0.0,221
2023-05-11 09:46:38,MO2403-C-7400,MO2403-C-7400,98.6,0.0,0.0,0.0,8,97.0,100.0,1,98.6,96.6,0.0,0.0,0.0,0.0,221
2023-05-11 09:46:39,MO2403-C-7400,MO2403-C-7400,98.6,0.0,0.0,0.0,6,97.0,100.0,1,98.6,96.6,0.0,0.0,0.0,0.0,221
2023-05-11 09:46:41,MO2403-C-7400,MO2403-C-7400,98.6,0.0,0.0,0.0,8,97.0,100.0,1,98.6,96.6,0.0,0.0,0.0,0.0,221
2023-05-11 09:46:43,MO2403-C-7400,MO2403-C-7400,98.6,0.0,0.0,0.0,6,97.2,100.0,1,98.6,96.6,0.0,0.0,0.0,0.0,221
2023-05-11 09:46:43,MO2403-C-7400,MO2403-C-7400,98.6,0.0,0.0,0.0,8,97.2,100.0,1,98.6,96.6,0.0,0.0,0.0,0.0,221
2023-05-11 09:46:44,MO2403-C-7400,MO2403-C-7400,98.6,0.0,0.0,0.0,6,97.4,100.0,1,98.6,96.6,0.0,0.0,0.0,0.0,221
2023-05-11 09:46:44,MO2403-C-7400,MO2403-C-7400,98.6,0.0,0.0,0.0,6,97.2,100.0,1,98.6,96.6,0.0,0.0,0.0,0.0,221
2023-05-11 09:46:52,MO2403-C-7400,MO2403-C-7400,98.6,0.0,0.0,0.0,7,97.0,100.0,7,98.6,96.6,0.0,0.0,0.0,0.0,221
2023-05-11 09:46:52,MO2403-C-7400,MO2403-C-7400,98.6,0.0,0.0,0.0,1,97.0,100.0,7,98.6,96.6,0.0,0.0,0.0,0.0,221
2023-05-11 09:47:00,MO2403-C-7400,MO2403-C-7400,98.6,0.0,0.0,0.0,6,97.2,100.0,1,98.6,96.6,0.0,0.0,0.0,0.0,221
2023-05-11 09:47:04,MO2403-C-7400,MO2403-C-7400,98.6,0.0,0.0,0.0,7,97.2,100.0,1,98.6,96.6,0.0,0.0,0.0,0.0,221
2023-05-11 09:47:08,MO2403-C-7400,MO2403-C-7400,98.6,0.0,0.0,0.0,1,97.2,100.0,7,98.6,96.6,0.0,0.0,0.0,0.0,221
2023-05-11 09:47:11,MO2403-C-7400,MO2403-C-7400,98.6,0.0,0.0,0.0,1,97.2,99.4,1,98.6,96.6,0.0,0.0,0.0,0.0,221
2023-05-11 09:47:18,MO2403-C-7400,MO2403-C-7400,98.6,0.0,0.0,0.0,1,97.2,99.8,18,98.6,96.6,0.0,0.0,0.0,0.0,221
2023-05-11 09:47:19,MO2403-C-7400,MO2403-C-7400,98.6,0.0,0.0,0.0,1,97.2,99.8,12,98.6,96.6,0.0,0.0,0.0,0.0,221
2023-05-11 09:47:19,MO2403-C-7400,MO2403-C-7400,98.6,0.0,0.0,0.0,1,97.2,100.0,18,98.6,96.6,0.0,0.0,0.0,0.0,221
2023-05-11 09:47:20,MO2403-C-7400,MO2403-C-7400,98.6,0.0,0.0,0.0,1,97.4,100.0,12,98.6,96.6,0.0,0.0,0.0,0.0,221
2023-05-11 09:47:20,MO2403-C-7400,MO2403-C-7400,98.6,0.0,0.0,0.0,1,97.4,100.0,6,98.6,96.6,0.0,0.0,0.0,0.0,221
2023-05-11 09:47:23,MO2403-C-7400,MO2403-C-7400,98.6,0.0,0.0,0.0,13,96.8,100.0,6,98.6,96.6,0.0,0.0,0.0,0.0,221
2023-05-11 09:47:33,MO2403-C-7400,MO2403-C-7400,98.6,0.0,0.0,0.0,1,97.0,100.0,6,98.6,96.6,0.0,0.0,0.0,0.0,221
2023-05-11 09:47:33,MO2403-C-7400,MO2403-C-7400,98.6,0.0,0.0,0.0,7,97.0,100.2,13,98.6,96.6,0.0,0.0,0.0,0.0,221
2023-05-11 09:47:34,MO2403-C-7400,MO2403-C-7400,98.6,0.0,0.0,0.0,6,97.2,100.2,7,98.6,96.6,0.0,0.0,0.0,0.0,221
2023-05-11 09:47:34,MO2403-C-7400,MO2403-C-7400,98.6,0.0,0.0,0.0,8,97.2,100.2,1,98.6,96.6,0.0,0.0,0.0,0.0,221
2023-05-11 09:47:38,MO2403-C-7400,MO2403-C-7400,98.6,0.0,0.0,0.0,9,97.2,100.2,1,98.6,96.6,0.0,0.0,0.0,0.0,221
2023-05-11 09:47:38,MO2403-C-7400,MO2403-C-7400,98.6,0.0,0.0,0.0,1,97.2,100.0,6,98.6,96.6,0.0,0.0,0.0,0.0,221
2023-05-11 09:47:39,MO2403-C-7400,MO2403-C-7400,98.6,0.0,0.0,0.0,1,97.2,100.2,1,98.6,96.6,0.0,0.0,0.0,0.0,221
2023-05-11 09:47:39,MO2403-C-7400,MO2403-C-7400,98.6,0.0,0.0,0.0,7,97.2,100.2,1,98.6,96.6,0.0,0.0,0.0,0.0,221
2023-05-11 09:47:40,MO2403-C-7400,MO2403-C-7400,98.6,0.0,0.0,0.0,9,97.2,100.2,1,98.6,96.6,0.0,0.0,0.0,0.0,221
2023-05-11 09:47:48,MO2403-C-7400,MO2403-C-7400,98.6,0.0,0.0,0.0,1,97.4,100.2,1,98.6,96.6,0.0,0.0,0.0,0.0,221
2023-05-11 09:47:56,MO2403-C-7400,MO2403-C-7400,98.6,0.0,0.0,0.0,1,97.4,100.0,6,98.6,96.6,0.0,0.0,0.0,0.0,221
2023-05-11 09:48:10,MO2403-C-7400,MO2403-C-7400,98.6,0.0,0.0,0.0,1,97.4,100.2,7,98.6,96.6,0.0,0.0,0.0,0.0,221
2023-05-11 09:48:13,MO2403-C-7400,MO2403-C-7400,98.6,0.0,0.0,0.0,2,97.2,100.2,7,98.6,96.6,0.0,0.0,0.0,0.0,221
2023-05-11 09:48:13,MO2403-C-7400,MO2403-C-7400,98.6,0.0,0.0,0.0,2,97.2,100.0,6,98.6,96.6,0.0,0.0,0.0,0.0,221
2023-05-11 09:48:14,MO2403-C-7400,MO2403-C-7400,98.6,0.0,0.0,0.0,1,97.0,100.0,6,98.6,96.6,0.0,0.0,0.0,0.0,221
2023-05-11 09:48:16,MO2403-C-7400,MO2403-C-7400,98.6,0.0,0.0,0.0,7,97.0,100.2,7,98.6,96.6,0.0,0.0,0.0,0.0,221
2023-05-11 09:48:16,MO2403-C-7400,MO2403-C-7400,98.6,0.0,0.0,0.0,9,97.0,100.2,7,98.6,96.6,0.0,0.0,0.0,0.0,221
2023-05-11 09:48:17,MO2403-C-7400,MO2403-C-7400,98.6,0.0,0.0,0.0,6,97.2,100.2,1,98.6,96.6,0.0,0.0,0.0,0.0,221
2023-05-11 09:48:18,MO2403-C-7400,MO2403-C-7400,98.6,0.0,0.0,0.0,8,97.2,100.2,1,98.6,96.6,0.0,0.0,0.0,0.0,221
2023-05-11 09:48:22,MO2403-C-7400,MO2403-C-7400,98.6,0.0,0.0,0.0,6,97.4,100.2,1,98.6,96.6,0.0,0.0,0.0,0.0,221
2023-05-11 09:48:23,MO2403-C-7400,MO2403-C-7400,98.6,0.0,0.0,0.0,7,97.4,100.2,1,98.6,96.6,0.0,0.0,0.0,0.0,221
2023-05-11 09:48:23,MO2403-C-7400,MO2403-C-7400,98.6,0.0,0.0,0.0,6,97.6,100.2,1,98.6,96.6,0.0,0.0,0.0,0.0,221
2023-05-11 09:48:25,MO2403-C-7400,MO2403-C-7400,98.6,0.0,0.0,0.0,8,97.6,100.2,1,98.6,96.6,0.0,0.0,0.0,0.0,221
2023-05-11 09:48:33,MO2403-C-7400,MO2403-C-7400,98.6,0.0,0.0,0.0,8,97.6,100.6,12,98.6,96.6,0.0,0.0,0.0,0.0,221
2023-05-11 09:48:34,MO2403-C-7400,MO2403-C-7400,98.6,0.0,0.0,0.0,8,97.6,100.8,19,98.6,96.6,0.0,0.0,0.0,0.0,221
2023-05-11 09:48:34,MO2403-C-7400,MO2403-C-7400,98.6,0.0,0.0,0.0,8,97.6,100.8,13,98.6,96.6,0.0,0.0,0.0,0.0,221
2023-05-11 09:48:38,MO2403-C-7400,MO2403-C-7400,98.6,0.0,0.0,0.0,9,97.6,100.8,13,98.6,96.6,0.0,0.0,0.0,0.0,221
2023-05-11 09:48:43,MO2403-C-7400,MO2403-C-7400,98.6,0.0,0.0,0.0,6,97.8,100.8,7,98.6,96.6,0.0,0.0,0.0,0.0,221
2023-05-11 09:48:44,MO2403-C-7400,MO2403-C-7400,98.6,0.0,0.0,0.0,8,97.8,100.8,1,98.6,96.6,0.0,0.0,0.0,0.0,221
2023-05-11 09:48:44,MO2403-C-7400,MO2403-C-7400,98.6,0.0,0.0,0.0,6,97.8,100.8,1,98.6,96.6,0.0,0.0,0.0,0.0,221
2023-05-11 09:48:55,MO2403-C-7400,MO2403-C-7400,98.6,0.0,0.0,0.0,1,97.6,100.8,7,98.6,96.6,0.0,0.0,0.0,0.0,221
2023-05-11 09:48:56,MO2403-C-7400,MO2403-C-7400,98.6,0.0,0.0,0.0,1,97.8,100.8,7,98.6,96.6,0.0,0.0,0.0,0.0,221
2023-05-11 09:48:57,MO2403-C-7400,MO2403-C-7400,98.6,0.0,0.0,0.0,1,97.8,100.8,1,98.6,96.6,0.0,0.0,0.0,0.0,221
2023-05-11 09:48:57,MO2403-C-7400,MO2403-C-7400,98.6,0.0,0.0,0.0,7,97.8,100.8,1,98.6,96.6,0.0,0.0,0.0,0.0,221
2023-05-11 09:49:01,MO2403-C-7400,MO2403-C-7400,98.6,0.0,0.0,0.0,6,98.0,101.0,30,98.6,96.6,0.0,0.0,0.0,0.0,221
2023-05-11 09:49:01,MO2403-C-7400,MO2403-C-7400,98.6,0.0,0.0,0.0,6,98.0,101.0,12,98.6,96.6,0.0,0.0,0.0,0.0,221
2023-05-11 09:49:02,MO2403-C-7400,MO2403-C-7400,98.6,0.0,0.0,0.0,6,98.0,101.2,6,98.6,96.6,0.0,0.0,0.0,0.0,221
2023-05-11 09:49:02,MO2403-C-7400,MO2403-C-7400,98.6,0.0,0.0,0.0,6,98.0,101.4,12,98.6,96.6,0.0,0.0,0.0,0.0,221
2023-05-11 09:49:03,MO2403-C-7400,MO2403-C-7400,98.6,0.0,0.0,0.0,8,98.0,101.6,25,98.6,96.6,0.0,0.0,0.0,0.0,221
2023-05-11 09:49:03,MO2403-C-7400,MO2403-C-7400,98.6,0.0,0.0,0.0,6,98.2,101.6,7,98.6,96.6,0.0,0.0,0.0,0.0,221
2023-05-11 09:49:04,MO2403-C-7400,MO2403-C-7400,98.6,0.0,0.0,0.0,6,98.2,101.6,1,98.6,96.6,0.0,0.0,0.0,0.0,221
2023-05-11 09:49:04,MO2403-C-7400,MO2403-C-7400,98.6,0.0,0.0,0.0,8,98.2,101.6,1,98.6,96.6,0.0,0.0,0.0,0.0,221
2023-05-11 09:49:05,MO2403-C-7400,MO2403-C-7400,98.6,0.0,0.0,0.0,6,98.4,101.6,1,98.6,96.6,0.0,0.0,0.0,0.0,221
2023-05-11 09:49:05,MO2403-C-7400,MO2403-C-7400,98.6,0.0,0.0,0.0,8,98.4,101.6,1,98.6,96.6,0.0,0.0,0.0,0.0,221
2023-05-11 09:49:06,MO2403-C-7400,MO2403-C-7400,98.6,0.0,0.0,0.0,8,98.4,101.6,7,98.6,96.6,0.0,0.0,0.0,0.0,221
2023-05-11 09:49:08,MO2403-C-7400,MO2403-C-7400,98.6,0.0,0.0,0.0,6,98.0,101.4,6,98.6,96.6,0.0,0.0,0.0,0.0,221
2023-05-11 09:49:08,MO2403-C-7400,MO2403-C-7400,98.6,0.0,0.0,0.0,6,98.0,101.0,1,98.6,96.6,0.0,0.0,0.0,0.0,221
2023-05-11 09:49:09,MO2403-C-7400,MO2403-C-7400,98.6,0.0,0.0,0.0,7,97.8,101.0,7,98.6,96.6,0.0,0.0,0.0,0.0,221
2023-05-11 09:49:10,MO2403-C-7400,MO2403-C-7400,98.6,0.0,0.0,0.0,1,97.8,100.8,6,98.6,96.6,0.0,0.0,0.0,0.0,221
2023-05-11 09:49:12,MO2403-C-7400,MO2403-C-7400,98.6,0.0,0.0,0.0,1,98.0,100.8,6,98.6,96.6,0.0,0.0,0.0,0.0,221
2023-05-11 09:49:15,MO2403-C-7400,MO2403-C-7400,98.6,0.0,0.0,0.0,9,97.6,100.8,6,98.6,96.6,0.0,0.0,0.0,0.0,221
2023-05-11 09:49:16,MO2403-C-7400,MO2403-C-7400,98.6,0.0,0.0,0.0,1,97.6,100.4,1,98.6,96.6,0.0,0.0,0.0,0.0,221
2023-05-11 09:49:16,MO2403-C-7400,MO2403-C-7400,98.6,0.0,0.0,0.0,1,97.6,100.4,7,98.6,96.6,0.0,0.0,0.0,0.0,221
2023-05-11 09:49:17,MO2403-C-7400,MO2403-C-7400,98.6,0.0,0.0,0.0,1,97.6,100.4,1,98.6,96.6,0.0,0.0,0.0,0.0,221
2023-05-11 09:49:36,MO2403-C-7400,MO2403-C-7400,98.6,0.0,0.0,0.0,6,97.8,100.4,1,98.6,96.6,0.0,0.0,0.0,0.0,221
2023-05-11 09:49:36,MO2403-C-7400,MO2403-C-7400,98.6,0.0,0.0,0.0,8,97.8,100.4,1,98.6,96.6,0.0,0.0,0.0,0.0,221
2023-05-11 09:49:37,MO2403-C-7400,MO2403-C-7400,98.6,0.0,0.0,0.0,8,97.8,101.0,12,98.6,96.6,0.0,0.0,0.0,0.0,221
2023-05-11 09:49:38,MO2403-C-7400,MO2403-C-7400,98.6,0.0,0.0,0.0,8,97.8,101.0,6,98.6,96.6,0.0,0.0,0.0,0.0,221
2023-05-11 09:49:38,MO2403-C-7400,MO2403-C-7400,98.6,0.0,0.0,0.0,2,97.8,101.0,6,98.6,96.6,0.0,0.0,0.0,0.0,221
2023-05-11 09:49:40,MO2403-C-7400,MO2403-C-7400,98.6,0.0,0.0,0.0,8,97.6,101.0,6,98.6,96.6,0.0,0.0,0.0,0.0,221
2023-05-11 09:49:41,MO2403-C-7400,MO2403-C-7400,98.6,0.0,0.0,0.0,6,97.8,101.2,7,98.6,96.6,0.0,0.0,0.0,0.0,221
2023-05-11 09:49:41,MO2403-C-7400,MO2403-C-7400,98.6,0.0,0.0,0.0,6,97.8,101.2,1,98.6,96.6,0.0,0.0,0.0,0.0,221
2023-05-11 09:49:51,MO2403-C-7400,MO2403-C-7400,98.6,0.0,0.0,0.0,8,97.8,101.2,1,98.6,96.6,0.0,0.0,0.0,0.0,221
2023-05-11 09:49:51,MO2403-C-7400,MO2403-C-7400,98.6,0.0,0.0,0.0,6,98.0,101.2,7,98.6,96.6,0.0,0.0,0.0,0.0,221
2023-05-11 09:49:52,MO2403-C-7400,MO2403-C-7400,98.6,0.0,0.0,0.0,8,98.0,101.2,7,98.6,96.6,0.0,0.0,0.0,0.0,221
2023-05-11 09:50:03,MO2403-C-7400,MO2403-C-7400,98.6,0.0,0.0,0.0,2,98.0,101.0,6,98.6,96.6,0.0,0.0,0.0,0.0,221
2023-05-11 09:50:04,MO2403-C-7400,MO2403-C-7400,98.6,0.0,0.0,0.0,6,98.0,101.2,1,98.6,96.6,0.0,0.0,0.0,0.0,221
2023-05-11 09:50:05,MO2403-C-7400,MO2403-C-7400,98.6,0.0,0.0,0.0,6,98.0,101.4,12,98.6,96.6,0.0,0.0,0.0,0.0,221
2023-05-11 09:50:05,MO2403-C-7400,MO2403-C-7400,98.6,0.0,0.0,0.0,8,98.0,101.6,18,98.6,96.6,0.0,0.0,0.0,0.0,221
2023-05-11 09:50:06,MO2403-C-7400,MO2403-C-7400,98.6,0.0,0.0,0.0,12,98.2,101.6,12,98.6,96.6,0.0,0.0,0.0,0.0,221
2023-05-11 09:50:06,MO2403-C-7400,MO2403-C-7400,98.6,0.0,0.0,0.0,6,98.4,101.6,6,98.6,96.6,0.0,0.0,0.0,0.0,221
2023-05-11 09:50:07,MO2403-C-7400,MO2403-C-7400,98.6,0.0,0.0,0.0,2,98.4,101.6,6,98.6,96.6,0.0,0.0,0.0,0.0,221
2023-05-11 09:50:07,MO2403-C-7400,MO2403-C-7400,98.6,0.0,0.0,0.0,7,98.2,101.6,6,98.6,96.6,0.0,0.0,0.0,0.0,221
2023-05-11 09:50:08,MO2403-C-7400,MO2403-C-7400,98.6,0.0,0.0,0.0,1,98.2,101.6,6,98.6,96.6,0.0,0.0,0.0,0.0,221
2023-05-11 09:50:13,MO2403-C-7400,MO2403-C-7400,98.6,0.0,0.0,0.0,7,98.2,101.6,6,98.6,96.6,0.0,0.0,0.0,0.0,221
2023-05-11 09:50:13,MO2403-C-7400,MO2403-C-7400,98.6,0.0,0.0,0.0,9,98.2,101.6,6,98.6,96.6,0.0,0.0,0.0,0.0,221
2023-05-11 09:50:16,MO2403-C-7400,MO2403-C-7400,98.6,0.0,0.0,0.0,15,98.2,101.6,6,98.6,96.6,0.0,0.0,0.0,0.0,221
2023-05-11 09:50:22,MO2403-C-7400,MO2403-C-7400,98.6,0.0,0.0,0.0,1,98.4,101.6,6,98.6,96.6,0.0,0.0,0.0,0.0,221
2023-05-11 09:50:25,MO2403-C-7400,MO2403-C-7400,98.6,0.0,0.0,0.0,1,98.4,101.2,1,98.6,96.6,0.0,0.0,0.0,0.0,221
2023-05-11 09:50:26,MO2403-C-7400,MO2403-C-7400,98.6,0.0,0.0,0.0,8,98.2,101.2,1,98.6,96.6,0.0,0.0,0.0,0.0,221
2023-05-11 09:50:26,MO2403-C-7400,MO2403-C-7400,98.6,0.0,0.0,0.0,2,98.2,101.0,6,98.6,96.6,0.0,0.0,0.0,0.0,221
2023-05-11 09:50:27,MO2403-C-7400,MO2403-C-7400,98.6,0.0,0.0,0.0,1,98.0,101.0,6,98.6,96.6,0.0,0.0,0.0,0.0,221
2023-05-11 09:50:38,MO2403-C-7400,MO2403-C-7400,98.6,0.0,0.0,0.0,6,98.2,101.2,1,98.6,96.6,0.0,0.0,0.0,0.0,221
2023-05-11 09:50:38,MO2403-C-7400,MO2403-C-7400,98.6,0.0,0.0,0.0,8,98.2,101.2,1,98.6,96.6,0.0,0.0,0.0,0.0,221
2023-05-11 09:50:44,MO2403-C-7400,MO2403-C-7400,98.6,0.0,0.0,0.0,6,98.4,101.2,1,98.6,96.6,0.0,0.0,0.0,0.0,221
2023-05-11 09:50:45,MO2403-C-7400,MO2403-C-7400,98.6,0.0,0.0,0.0,8,98.4,101.8,36,98.6,96.6,0.0,0.0,0.0,0.0,221
2023-05-11 09:50:45,MO2403-C-7400,MO2403-C-7400,98.6,0.0,0.0,0.0,6,98.6,101.8,24,98.6,96.6,0.0,0.0,0.0,0.0,221
2023-05-11 09:50:46,MO2403-C-7400,MO2403-C-7400,98.6,0.0,0.0,0.0,8,98.6,101.8,18,98.6,96.6,0.0,0.0,0.0,0.0,221
2023-05-11 09:50:49,MO2403-C-7400,MO2403-C-7400,98.6,0.0,0.0,0.0,6,98.6,101.4,1,98.6,96.6,0.0,0.0,0.0,0.0,221
2023-05-11 09:50:50,MO2403-C-7400,MO2403-C-7400,98.6,0.0,0.0,0.0,6,98.4,101.4,1,98.6,96.6,0.0,0.0,0.0,0.0,221
2023-05-11 09:50:50,MO2403-C-7400,MO2403-C-7400,98.6,0.0,0.0,0.0,8,98.4,101.4,1,98.6,96.6,0.0,0.0,0.0,0.0,221
2023-05-11 09:50:51,MO2403-C-7400,MO2403-C-7400,98.6,0.0,0.0,0.0,6,98.6,101.4,1,98.6,96.6,0.0,0.0,0.0,0.0,221
2023-05-11 09:50:55,MO2403-C-7400,MO2403-C-7400,98.6,0.0,0.0,0.0,8,98.6,101.4,1,98.6,96.6,0.0,0.0,0.0,0.0,221
2023-05-11 09:50:58,MO2403-C-7400,MO2403-C-7400,98.6,0.0,0.0,0.0,8,98.6,101.8,18,98.6,96.6,0.0,0.0,0.0,0.0,221
2023-05-11 09:50:59,MO2403-C-7400,MO2403-C-7400,98.6,0.0,0.0,0.0,6,98.8,101.8,12,98.6,96.6,0.0,0.0,0.0,0.0,221
2023-05-11 09:51:00,MO2403-C-7400,MO2403-C-7400,98.6,0.0,0.0,0.0,6,98.8,101.8,6,98.6,96.6,0.0,0.0,0.0,0.0,221
2023-05-11 09:51:06,MO2403-C-7400,MO2403-C-7400,98.6,0.0,0.0,0.0,1,98.6,101.6,7,98.6,96.6,0.0,0.0,0.0,0.0,221
2023-05-11 09:51:14,MO2403-C-7400,MO2403-C-7400,98.6,0.0,0.0,0.0,1,98.8,101.6,7,98.6,96.6,0.0,0.0,0.0,0.0,221
2023-05-11 09:51:15,MO2403-C-7400,MO2403-C-7400,98.6,0.0,0.0,0.0,7,98.8,101.6,1,98.6,96.6,0.0,0.0,0.0,0.0,221
2023-05-11 09:51:18,MO2403-C-7400,MO2403-C-7400,98.6,0.0,0.0,0.0,9,98.8,101.6,1,98.6,96.6,0.0,0.0,0.0,0.0,221
2023-05-11 09:51:19,MO2403-C-7400,MO2403-C-7400,98.6,0.0,0.0,0.0,1,98.8,101.6,7,98.6,96.6,0.0,0.0,0.0,0.0,221
2023-05-11 09:51:25,MO2403-C-7400,MO2403-C-7400,98.6,0.0,0.0,0.0,1,99.0,101.6,7,98.6,96.6,0.0,0.0,0.0,0.0,221
2023-05-11 09:51:40,MO2403-C-7400,MO2403-C-7400,98.6,0.0,0.0,0.0,1,99.0,101.6,1,98.6,96.6,0.0,0.0,0.0,0.0,221
2023-05-11 09:51:52,MO2403-C-7400,MO2403-C-7400,98.6,0.0,0.0,0.0,1,99.0,101.8,6,98.6,96.6,0.0,0.0,0.0,0.0,221
2023-05-11 09:52:00,MO2403-C-7400,MO2403-C-7400,98.6,0.0,0.0,0.0,1,99.0,101.8,12,98.6,96.6,0.0,0.0,0.0,0.0,221
2023-05-11 09:52:02,MO2403-C-7400,MO2403-C-7400,98.6,0.0,0.0,0.0,1,99.0,101.6,1,98.6,96.6,0.0,0.0,0.0,0.0,221
2023-05-11 09:52:03,MO2403-C-7400,MO2403-C-7400,98.6,0.0,0.0,0.0,13,98.6,101.6,1,98.6,96.6,0.0,0.0,0.0,0.0,221
2023-05-11 09:52:03,MO2403-C-7400,MO2403-C-7400,98.6,0.0,0.0,0.0,7,98.6,101.6,7,98.6,96.6,0.0,0.0,0.0,0.0,221
2023-05-11 09:52:04,MO2403-C-7400,MO2403-C-7400,98.6,0.0,0.0,0.0,1,98.6,101.6,7,98.6,96.6,0.0,0.0,0.0,0.0,221
2023-05-11 09:52:19,MO2403-C-7400,MO2403-C-7400,98.6,0.0,0.0,0.0,1,98.6,101.0,1,98.6,96.6,0.0,0.0,0.0,0.0,221
2023-05-11 09:52:21,MO2403-C-7400,MO2403-C-7400,98.6,0.0,0.0,0.0,6,98.4,101.0,1,98.6,96.6,0.0,0.0,0.0,0.0,221
2023-05-11 09:52:21,MO2403-C-7400,MO2403-C-7400,98.6,0.0,0.0,0.0,8,98.4,101.0,1,98.6,96.6,0.0,0.0,0.0,0.0,221
2023-05-11 09:52:34,MO2403-C-7400,MO2403-C-7400,98.6,0.0,0.0,0.0,2,98.4,101.0,1,98.6,96.6,0.0,0.0,0.0,0.0,221
2023-05-11 09:52:35,MO2403-C-7400,MO2403-C-7400,98.6,0.0,0.0,0.0,12,98.2,101.0,1,98.6,96.6,0.0,0.0,0.0,0.0,221
2023-05-11 09:52:35,MO2403-C-7400,MO2403-C-7400,98.6,0.0,0.0,0.0,25,98.0,101.0,1,98.6,96.6,0.0,0.0,0.0,0.0,221
2023-05-11 09:52:36,MO2403-C-7400,MO2403-C-7400,98.6,0.0,0.0,0.0,1,98.2,101.0,1,98.6,96.6,0.0,0.0,0.0,0.0,221
2023-05-11 09:52:36,MO2403-C-7400,MO2403-C-7400,98.6,0.0,0.0,0.0,7,98.2,101.0,1,98.6,96.6,0.0,0.0,0.0,0.0,221
2023-05-11 09:52:37,MO2403-C-7400,MO2403-C-7400,98.6,0.0,0.0,0.0,1,98.2,101.0,1,98.6,96.6,0.0,0.0,0.0,0.0,221
2023-05-11 09:52:38,MO2403-C-7400,MO2403-C-7400,98.6,0.0,0.0,0.0,8,98.0,101.0,1,98.6,96.6,0.0,0.0,0.0,0.0,221
2023-05-11 09:52:39,MO2403-C-7400,MO2403-C-7400,98.6,0.0,0.0,0.0,6,98.0,101.0,1,98.6,96.6,0.0,0.0,0.0,0.0,221
2023-05-11 09:52:39,MO2403-C-7400,MO2403-C-7400,98.6,0.0,0.0,0.0,8,98.0,101.0,1,98.6,96.6,0.0,0.0,0.0,0.0,221
2023-05-11 09:52:45,MO2403-C-7400,MO2403-C-7400,98.6,0.0,0.0,0.0,2,98.0,101.0,7,98.6,96.6,0.0,0.0,0.0,0.0,221
2023-05-11 09:52:47,MO2403-C-7400,MO2403-C-7400,98.6,0.0,0.0,0.0,12,97.8,101.0,7,98.6,96.6,0.0,0.0,0.0,0.0,221
2023-05-11 09:52:47,MO2403-C-7400,MO2403-C-7400,98.6,0.0,0.0,0.0,6,97.8,101.0,7,98.6,96.6,0.0,0.0,0.0,0.0,221
2023-05-11 09:52:48,MO2403-C-7400,MO2403-C-7400,98.6,0.0,0.0,0.0,8,97.8,101.0,7,98.6,96.6,0.0,0.0,0.0,0.0,221
2023-05-11 09:52:50,MO2403-C-7400,MO2403-C-7400,98.6,0.0,0.0,0.0,6,98.0,101.0,1,98.6,96.6,0.0,0.0,0.0,0.0,221
2023-05-11 09:52:52,MO2403-C-7400,MO2403-C-7400,98.6,0.0,0.0,0.0,2,98.0,101.0,7,98.6,96.6,0.0,0.0,0.0,0.0,221
2023-05-11 09:52:53,MO2403-C-7400,MO2403-C-7400,98.6,0.0,0.0,0.0,6,97.8,101.0,7,98.6,96.6,0.0,0.0,0.0,0.0,221
2023-05-11 09:52:53,MO2403-C-7400,MO2403-C-7400,98.6,0.0,0.0,0.0,6,97.8,100.4,1,98.6,96.6,0.0,0.0,0.0,0.0,221
2023-05-11 09:52:54,MO2403-C-7400,MO2403-C-7400,98.6,0.0,0.0,0.0,8,97.8,100.4,1,98.6,96.6,0.0,0.0,0.0,0.0,221
2023-05-11 09:52:58,MO2403-C-7400,MO2403-C-7400,98.6,0.0,0.0,0.0,9,97.8,100.4,1,98.6,96.6,0.0,0.0,0.0,0.0,221
2023-05-11 09:53:08,MO2403-C-7400,MO2403-C-7400,98.6,0.0,0.0,0.0,1,98.0,100.4,1,98.6,96.6,0.0,0.0,0.0,0.0,221
2023-05-11 09:53:12,MO2403-C-7400,MO2403-C-7400,98.6,0.0,0.0,0.0,6,97.8,100.4,1,98.6,96.6,0.0,0.0,0.0,0.0,221
2023-05-11 09:53:12,MO2403-C-7400,MO2403-C-7400,98.6,0.0,0.0,0.0,8,97.8,100.4,1,98.6,96.6,0.0,0.0,0.0,0.0,221
2023-05-11 09:53:13,MO2403-C-7400,MO2403-C-7400,98.6,0.0,0.0,0.0,6,97.8,100.4,1,98.6,96.6,0.0,0.0,0.0,0.0,221
2023-05-11 09:53:14,MO2403-C-7400,MO2403-C-7400,98.6,0.0,0.0,0.0,8,97.8,100.4,1,98.6,96.6,0.0,0.0,0.0,0.0,221
2023-05-11 09:53:14,MO2403-C-7400,MO2403-C-7400,98.6,0.0,0.0,0.0,6,98.0,100.4,1,98.6,96.6,0.0,0.0,0.0,0.0,221
2023-05-11 09:53:17,MO2403-C-7400,MO2403-C-7400,98.6,0.0,0.0,0.0,6,97.8,100.4,1,98.6,96.6,0.0,0.0,0.0,0.0,221
2023-05-11 09:53:27,MO2403-C-7400,MO2403-C-7400,98.6,0.0,0.0,0.0,7,97.8,100.4,1,98.6,96.6,0.0,0.0,0.0,0.0,221
2023-05-11 09:53:41,MO2403-C-7400,MO2403-C-7400,98.6,0.0,0.0,0.0,1,97.8,100.4,1,98.6,96.6,0.0,0.0,0.0,0.0,221
2023-05-11 09:53:42,MO2403-C-7400,MO2403-C-7400,98.6,0.0,0.0,0.0,12,97.6,100.4,1,98.6,96.6,0.0,0.0,0.0,0.0,221
2023-05-11 09:53:42,MO2403-C-7400,MO2403-C-7400,98.6,0.0,0.0,0.0,6,97.6,100.4,1,98.6,96.6,0.0,0.0,0.0,0.0,221
2023-05-11 09:53:52,MO2403-C-7400,MO2403-C-7400,98.6,0.0,0.0,0.0,7,97.6,100.4,1,98.6,96.6,0.0,0.0,0.0,0.0,221
2023-05-11 09:53:52,MO2403-C-7400,MO2403-C-7400,98.6,0.0,0.0,0.0,6,97.8,100.4,1,98.6,96.6,0.0,0.0,0.0,0.0,221
2023-05-11 09:54:00,MO2403-C-7400,MO2403-C-7400,98.6,0.0,0.0,0.0,1,97.6,100.4,1,98.6,96.6,0.0,0.0,0.0,0.0,221
2023-05-11 09:54:01,MO2403-C-7400,MO2403-C-7400,98.6,0.0,0.0,0.0,6,97.8,100.4,1,98.6,96.6,0.0,0.0,0.0,0.0,221
2023-05-11 09:54:02,MO2403-C-7400,MO2403-C-7400,98.6,0.0,0.0,0.0,6,97.8,101.0,12,98.6,96.6,0.0,0.0,0.0,0.0,221
2023-05-11 09:54:02,MO2403-C-7400,MO2403-C-7400,98.6,0.0,0.0,0.0,6,97.8,101.2,7,98.6,96.6,0.0,0.0,0.0,0.0,221
2023-05-11 09:54:03,MO2403-C-7400,MO2403-C-7400,98.6,0.0,0.0,0.0,12,97.8,101.2,1,98.6,96.6,0.0,0.0,0.0,0.0,221
2023-05-11 09:54:03,MO2403-C-7400,MO2403-C-7400,98.6,0.0,0.0,0.0,6,98.0,101.2,1,98.6,96.6,0.0,0.0,0.0,0.0,221
2023-05-11 09:54:07,MO2403-C-7400,MO2403-C-7400,98.6,0.0,0.0,0.0,7,98.0,101.2,1,98.6,96.6,0.0,0.0,0.0,0.0,221
2023-05-11 09:54:07,MO2403-C-7400,MO2403-C-7400,98.6,0.0,0.0,0.0,6,98.2,101.2,1,98.6,96.6,0.0,0.0,0.0,0.0,221
2023-05-11 09:54:10,MO2403-C-7400,MO2403-C-7400,98.6,0.0,0.0,0.0,1,98.0,101.2,1,98.6,96.6,0.0,0.0,0.0,0.0,221
2023-05-11 09:54:10,MO2403-C-7400,MO2403-C-7400,98.6,0.0,0.0,0.0,7,98.0,101.2,7,98.6,96.6,0.0,0.0,0.0,0.0,221
2023-05-11 09:54:11,MO2403-C-7400,MO2403-C-7400,98.6,0.0,0.0,0.0,7,98.0,100.4,1,98.6,96.6,0.0,0.0,0.0,0.0,221
2023-05-11 09:54:17,MO2403-C-7400,MO2403-C-7400,98.6,0.0,0.0,0.0,1,98.2,100.4,1,98.6,96.6,0.0,0.0,0.0,0.0,221
2023-05-11 09:54:23,MO2403-C-7400,MO2403-C-7400,98.6,0.0,0.0,0.0,1,98.2,101.2,7,98.6,96.6,0.0,0.0,0.0,0.0,221
2023-05-11 09:54:23,MO2403-C-7400,MO2403-C-7400,98.6,0.0,0.0,0.0,1,98.2,101.2,1,98.6,96.6,0.0,0.0,0.0,0.0,221
2023-05-11 09:54:24,MO2403-C-7400,MO2403-C-7400,98.6,0.0,0.0,0.0,7,98.2,101.2,1,98.6,96.6,0.0,0.0,0.0,0.0,221
2023-05-11 09:54:27,MO2403-C-7400,MO2403-C-7400,98.6,0.0,0.0,0.0,1,98.4,101.2,1,98.6,96.6,0.0,0.0,0.0,0.0,221
2023-05-11 09:54:31,MO2403-C-7400,MO2403-C-7400,98.6,0.0,0.0,0.0,7,98.4,101.2,1,98.6,96.6,0.0,0.0,0.0,0.0,221
2023-05-11 09:54:37,MO2403-C-7400,MO2403-C-7400,98.6,0.0,0.0,0.0,1,98.6,101.2,1,98.6,96.6,0.0,0.0,0.0,0.0,221
2023-05-11 09:54:39,MO2403-C-7400,MO2403-C-7400,98.6,0.0,0.0,0.0,1,98.6,101.4,6,98.6,96.6,0.0,0.0,0.0,0.0,221
2023-05-11 09:54:39,MO2403-C-7400,MO2403-C-7400,98.6,0.0,0.0,0.0,1,98.6,101.6,18,98.6,96.6,0.0,0.0,0.0,0.0,221
2023-05-11 09:54:40,MO2403-C-7400,MO2403-C-7400,98.6,0.0,0.0,0.0,1,98.6,101.6,12,98.6,96.6,0.0,0.0,0.0,0.0,221
2023-05-11 09:54:40,MO2403-C-7400,MO2403-C-7400,98.6,0.0,0.0,0.0,1,98.6,101.6,6,98.6,96.6,0.0,0.0,0.0,0.0,221
2023-05-11 09:54:43,MO2403-C-7400,MO2403-C-7400,98.6,0.0,0.0,0.0,1,98.6,101.2,1,98.6,96.6,0.0,0.0,0.0,0.0,221
2023-05-11 09:54:49,MO2403-C-7400,MO2403-C-7400,98.6,0.0,0.0,0.0,6,98.8,101.2,1,98.6,96.6,0.0,0.0,0.0,0.0,221
2023-05-11 09:54:57,MO2403-C-7400,MO2403-C-7400,98.6,0.0,0.0,0.0,7,98.8,101.2,1,98.6,96.6,0.0,0.0,0.0,0.0,221
2023-05-11 09:54:58,MO2403-C-7400,MO2403-C-7400,98.6,0.0,0.0,0.0,1,98.8,101.2,1,98.6,96.6,0.0,0.0,0.0,0.0,221
2023-05-11 09:55:03,MO2403-C-7400,MO2403-C-7400,98.6,0.0,0.0,0.0,1,98.2,101.2,1,98.6,96.6,0.0,0.0,0.0,0.0,221
2023-05-11 09:55:03,MO2403-C-7400,MO2403-C-7400,98.6,0.0,0.0,0.0,1,98.2,101.2,7,98.6,96.6,0.0,0.0,0.0,0.0,221
2023-05-11 09:55:04,MO2403-C-7400,MO2403-C-7400,98.6,0.0,0.0,0.0,1,98.2,100.6,1,98.6,96.6,0.0,0.0,0.0,0.0,221
2023-05-11 09:55:12,MO2403-C-7400,MO2403-C-7400,98.6,0.0,0.0,0.0,12,97.8,100.6,7,98.6,96.6,0.0,0.0,0.0,0.0,221
2023-05-11 09:55:12,MO2403-C-7400,MO2403-C-7400,98.6,0.0,0.0,0.0,13,97.6,100.6,7,98.6,96.6,0.0,0.0,0.0,0.0,221
2023-05-11 09:55:14,MO2403-C-7400,MO2403-C-7400,98.6,0.0,0.0,0.0,6,97.8,100.6,7,98.6,96.6,0.0,0.0,0.0,0.0,221
2023-05-11 09:55:17,MO2403-C-7400,MO2403-C-7400,98.6,0.0,0.0,0.0,7,97.8,100.6,7,98.6,96.6,0.0,0.0,0.0,0.0,221
2023-05-11 09:55:17,MO2403-C-7400,MO2403-C-7400,98.6,0.0,0.0,0.0,6,98.0,100.6,7,98.6,96.6,0.0,0.0,0.0,0.0,221
2023-05-11 09:55:21,MO2403-C-7400,MO2403-C-7400,98.6,0.0,0.0,0.0,7,97.8,100.6,7,98.6,96.6,0.0,0.0,0.0,0.0,221
2023-05-11 09:55:27,MO2403-C-7400,MO2403-C-7400,98.6,0.0,0.0,0.0,1,98.0,100.6,7,98.6,96.6,0.0,0.0,0.0,0.0,221
2023-05-11 09:55:33,MO2403-C-7400,MO2403-C-7400,98.6,0.0,0.0,0.0,1,98.0,100.6,13,98.6,96.6,0.0,0.0,0.0,0.0,221
2023-05-11 09:55:35,MO2403-C-7400,MO2403-C-7400,98.6,0.0,0.0,0.0,1,98.0,100.2,1,98.6,96.6,0.0,0.0,0.0,0.0,221
2023-05-11 09:55:39,MO2403-C-7400,MO2403-C-7400,98.6,0.0,0.0,0.0,19,97.4,100.2,1,98.6,96.6,0.0,0.0,0.0,0.0,221
2023-05-11 09:55:40,MO2403-C-7400,MO2403-C-7400,98.6,0.0,0.0,0.0,13,97.4,100.2,1,98.6,96.6,0.0,0.0,0.0,0.0,221
2023-05-11 09:55:41,MO2403-C-7400,MO2403-C-7400,98.6,0.0,0.0,0.0,1,97.4,100.2,1,98.6,96.6,0.0,0.0,0.0,0.0,221
2023-05-11 09:55:52,MO2403-C-7400,MO2403-C-7400,98.6,0.0,0.0,0.0,25,97.0,100.0,6,98.6,96.6,0.0,0.0,0.0,0.0,221
2023-05-11 09:55:53,MO2403-C-7400,MO2403-C-7400,98.6,0.0,0.0,0.0,7,97.0,99.8,1,98.6,96.6,0.0,0.0,0.0,0.0,221
2023-05-11 09:55:54,MO2403-C-7400,MO2403-C-7400,98.6,0.0,0.0,0.0,1,97.0,99.8,1,98.6,96.6,0.0,0.0,0.0,0.0,221
2023-05-11 09:55:55,MO2403-C-7400,MO2403-C-7400,98.6,0.0,0.0,0.0,7,97.0,99.8,1,98.6,96.6,0.0,0.0,0.0,0.0,221
2023-05-11 09:56:01,MO2403-C-7400,MO2403-C-7400,98.6,0.0,0.0,0.0,6,97.0,99.8,1,98.6,96.6,0.0,0.0,0.0,0.0,221
2023-05-11 09:56:01,MO2403-C-7400,MO2403-C-7400,98.6,0.0,0.0,0.0,7,96.8,99.8,1,98.6,96.6,0.0,0.0,0.0,0.0,221
2023-05-11 09:56:02,MO2403-C-7400,MO2403-C-7400,98.6,0.0,0.0,0.0,1,97.0,99.8,1,98.6,96.6,0.0,0.0,0.0,0.0,221
2023-05-11 09:56:16,MO2403-C-7400,MO2403-C-7400,98.6,0.0,0.0,0.0,6,96.8,99.8,1,98.6,96.6,0.0,0.0,0.0,0.0,221
2023-05-11 09:56:17,MO2403-C-7400,MO2403-C-7400,98.6,0.0,0.0,0.0,7,96.6,99.6,6,98.6,96.6,0.0,0.0,0.0,0.0,221
2023-05-11 09:56:18,MO2403-C-7400,MO2403-C-7400,98.6,0.0,0.0,0.0,1,96.6,99.0,1,98.6,96.6,0.0,0.0,0.0,0.0,221
2023-05-11 09:56:20,MO2403-C-7400,MO2403-C-7400,98.6,0.0,0.0,0.0,1,96.6,99.6,7,98.6,96.6,0.0,0.0,0.0,0.0,221
2023-05-11 09:56:21,MO2403-C-7400,MO2403-C-7400,98.6,0.0,0.0,0.0,6,96.8,99.6,1,98.6,96.6,0.0,0.0,0.0,0.0,221
2023-05-11 09:56:22,MO2403-C-7400,MO2403-C-7400,98.6,0.0,0.0,0.0,8,96.8,99.6,1,98.6,96.6,0.0,0.0,0.0,0.0,221
2023-05-11 09:56:22,MO2403-C-7400,MO2403-C-7400,98.6,0.0,0.0,0.0,6,97.0,99.6,1,98.6,96.6,0.0,0.0,0.0,0.0,221
2023-05-11 09:56:24,MO2403-C-7400,MO2403-C-7400,98.6,0.0,0.0,0.0,8,96.8,99.6,1,98.6,96.6,0.0,0.0,0.0,0.0,221
2023-05-11 09:56:25,MO2403-C-7400,MO2403-C-7400,98.6,0.0,0.0,0.0,6,97.0,99.6,1,98.6,96.6,0.0,0.0,0.0,0.0,221
2023-05-11 09:56:26,MO2403-C-7400,MO2403-C-7400,98.6,0.0,0.0,0.0,7,97.0,99.6,1,98.6,96.6,0.0,0.0,0.0,0.0,221
2023-05-11 09:56:27,MO2403-C-7400,MO2403-C-7400,98.6,0.0,0.0,0.0,7,97.0,100.2,25,98.6,96.6,0.0,0.0,0.0,0.0,221
2023-05-11 09:56:27,MO2403-C-7400,MO2403-C-7400,98.6,0.0,0.0,0.0,7,97.0,100.2,13,98.6,96.6,0.0,0.0,0.0,0.0,221
2023-05-11 09:56:28,MO2403-C-7400,MO2403-C-7400,98.6,0.0,0.0,0.0,8,97.0,100.2,13,98.6,96.6,0.0,0.0,0.0,0.0,221
2023-05-11 09:56:30,MO2403-C-7400,MO2403-C-7400,98.6,0.0,0.0,0.0,10,97.0,100.2,13,98.6,96.6,0.0,0.0,0.0,0.0,221
2023-05-11 09:56:36,MO2403-C-7400,MO2403-C-7400,98.6,0.0,0.0,0.0,1,97.2,100.2,13,98.6,96.6,0.0,0.0,0.0,0.0,221
2023-05-11 09:56:39,MO2403-C-7400,MO2403-C-7400,98.6,0.0,0.0,0.0,1,97.2,100.0,6,98.6,96.6,0.0,0.0,0.0,0.0,221
2023-05-11 09:56:41,MO2403-C-7400,MO2403-C-7400,98.6,0.0,0.0,0.0,7,97.2,100.2,7,98.6,96.6,0.0,0.0,0.0,0.0,221
2023-05-11 09:56:41,MO2403-C-7400,MO2403-C-7400,98.6,0.0,0.0,0.0,9,97.2,100.2,1,98.6,96.6,0.0,0.0,0.0,0.0,221
2023-05-11 09:56:43,MO2403-C-7400,MO2403-C-7400,98.6,0.0,0.0,0.0,3,97.2,100.0,6,98.6,96.6,0.0,0.0,0.0,0.0,221
2023-05-11 09:56:43,MO2403-C-7400,MO2403-C-7400,98.6,0.0,0.0,0.0,1,97.2,100.0,6,98.6,96.6,0.0,0.0,0.0,0.0,221
2023-05-11 09:56:44,MO2403-C-7400,MO2403-C-7400,98.6,0.0,0.0,0.0,1,97.0,99.8,1,98.6,96.6,0.0,0.0,0.0,0.0,221
2023-05-11 09:56:44,MO2403-C-7400,MO2403-C-7400,98.6,0.0,0.0,0.0,1,97.0,99.8,7,98.6,96.6,0.0,0.0,0.0,0.0,221
2023-05-11 09:56:48,MO2403-C-7400,MO2403-C-7400,98.6,0.0,0.0,0.0,8,96.8,99.2,1,98.6,96.6,0.0,0.0,0.0,0.0,221
2023-05-11 09:56:49,MO2403-C-7400,MO2403-C-7400,98.6,0.0,0.0,0.0,2,96.8,99.2,1,98.6,96.6,0.0,0.0,0.0,0.0,221
2023-05-11 09:56:49,MO2403-C-7400,MO2403-C-7400,98.6,0.0,0.0,0.0,6,96.6,99.2,1,98.6,96.6,0.0,0.0,0.0,0.0,221
2023-05-11 09:56:51,MO2403-C-7400,MO2403-C-7400,98.6,0.0,0.0,0.0,8,96.6,99.2,1,98.6,96.6,0.0,0.0,0.0,0.0,221
2023-05-11 09:56:59,MO2403-C-7400,MO2403-C-7400,98.6,0.0,0.0,0.0,9,96.6,99.2,1,98.6,96.6,0.0,0.0,0.0,0.0,221
2023-05-11 09:57:09,MO2403-C-7400,MO2403-C-7400,98.6,0.0,0.0,0.0,1,96.8,99.2,1,98.6,96.6,0.0,0.0,0.0,0.0,221
2023-05-11 09:57:10,MO2403-C-7400,MO2403-C-7400,98.6,0.0,0.0,0.0,7,96.8,99.2,1,98.6,96.6,0.0,0.0,0.0,0.0,221
2023-05-11 09:57:10,MO2403-C-7400,MO2403-C-7400,98.6,0.0,0.0,0.0,9,96.8,99.2,1,98.6,96.6,0.0,0.0,0.0,0.0,221
2023-05-11 09:57:16,MO2403-C-7400,MO2403-C-7400,98.6,0.0,0.0,0.0,9,96.8,99.8,1,98.6,96.6,0.0,0.0,0.0,0.0,221
2023-05-11 09:57:19,MO2403-C-7400,MO2403-C-7400,98.6,0.0,0.0,0.0,1,97.0,99.8,1,98.6,96.6,0.0,0.0,0.0,0.0,221
2023-05-11 09:57:30,MO2403-C-7400,MO2403-C-7400,98.6,0.0,0.0,0.0,6,97.2,99.8,1,98.6,96.6,0.0,0.0,0.0,0.0,221
2023-05-11 09:57:31,MO2403-C-7400,MO2403-C-7400,98.6,0.0,0.0,0.0,2,97.2,99.8,1,98.6,96.6,0.0,0.0,0.0,0.0,221
2023-05-11 09:57:31,MO2403-C-7400,MO2403-C-7400,98.6,0.0,0.0,0.0,1,97.0,99.8,1,98.6,96.6,0.0,0.0,0.0,0.0,221
2023-05-11 09:57:37,MO2403-C-7400,MO2403-C-7400,98.6,0.0,0.0,0.0,1,97.0,99.8,7,98.6,96.6,0.0,0.0,0.0,0.0,221
2023-05-11 09:57:38,MO2403-C-7400,MO2403-C-7400,98.6,0.0,0.0,0.0,1,97.0,99.4,1,98.6,96.6,0.0,0.0,0.0,0.0,221
2023-05-11 09:57:38,MO2403-C-7400,MO2403-C-7400,98.6,0.0,0.0,0.0,7,97.0,99.4,1,98.6,96.6,0.0,0.0,0.0,0.0,221
2023-05-11 09:57:40,MO2403-C-7400,MO2403-C-7400,98.6,0.0,0.0,0.0,9,97.0,99.4,1,98.6,96.6,0.0,0.0,0.0,0.0,221
2023-05-11 09:57:42,MO2403-C-7400,MO2403-C-7400,98.6,0.0,0.0,0.0,9,97.0,100.0,1,98.6,96.6,0.0,0.0,0.0,0.0,221
2023-05-11 09:57:43,MO2403-C-7400,MO2403-C-7400,98.6,0.0,0.0,0.0,1,97.2,100.0,1,98.6,96.6,0.0,0.0,0.0,0.0,221
2023-05-11 09:57:47,MO2403-C-7400,MO2403-C-7400,98.6,0.0,0.0,0.0,7,97.2,100.0,1,98.6,96.6,0.0,0.0,0.0,0.0,221
2023-05-11 09:57:48,MO2403-C-7400,MO2403-C-7400,98.6,0.0,0.0,0.0,9,97.2,100.0,1,98.6,96.6,0.0,0.0,0.0,0.0,221
2023-05-11 09:57:53,MO2403-C-7400,MO2403-C-7400,98.6,0.0,0.0,0.0,3,97.2,100.0,7,98.6,96.6,0.0,0.0,0.0,0.0,221
2023-05-11 09:57:54,MO2403-C-7400,MO2403-C-7400,98.6,0.0,0.0,0.0,18,96.8,100.0,7,98.6,96.6,0.0,0.0,0.0,0.0,221
2023-05-11 09:57:55,MO2403-C-7400,MO2403-C-7400,98.6,0.0,0.0,0.0,20,96.8,100.0,7,98.6,96.6,0.0,0.0,0.0,0.0,221
2023-05-11 09:57:57,MO2403-C-7400,MO2403-C-7400,98.6,0.0,0.0,0.0,20,96.8,99.6,1,98.6,96.6,0.0,0.0,0.0,0.0,221
2023-05-11 09:57:58,MO2403-C-7400,MO2403-C-7400,98.6,0.0,0.0,0.0,8,96.8,99.6,1,98.6,96.6,0.0,0.0,0.0,0.0,221
2023-05-11 09:57:59,MO2403-C-7400,MO2403-C-7400,98.6,0.0,0.0,0.0,2,96.8,99.6,1,98.6,96.6,0.0,0.0,0.0,0.0,221
2023-05-11 09:58:00,MO2403-C-7400,MO2403-C-7400,98.6,0.0,0.0,0.0,8,96.8,99.6,1,98.6,96.6,0.0,0.0,0.0,0.0,221
2023-05-11 09:58:00,MO2403-C-7400,MO2403-C-7400,98.6,0.0,0.0,0.0,6,96.8,99.6,1,98.6,96.6,0.0,0.0,0.0,0.0,221
2023-05-11 09:58:01,MO2403-C-7400,MO2403-C-7400,98.6,0.0,0.0,0.0,8,96.8,99.6,1,98.6,96.6,0.0,0.0,0.0,0.0,221
2023-05-11 09:58:03,MO2403-C-7400,MO2403-C-7400,98.6,0.0,0.0,0.0,2,96.8,99.6,1,98.6,96.6,0.0,0.0,0.0,0.0,221
2023-05-11 09:58:04,MO2403-C-7400,MO2403-C-7400,98.6,0.0,0.0,0.0,13,96.6,99.6,1,98.6,96.6,0.0,0.0,0.0,0.0,221
2023-05-11 09:58:05,MO2403-C-7400,MO2403-C-7400,98.6,0.0,0.0,0.0,1,96.8,99.6,1,98.6,96.6,0.0,0.0,0.0,0.0,221
2023-05-11 09:58:12,MO2403-C-7400,MO2403-C-7400,98.6,0.0,0.0,0.0,7,96.8,99.6,1,98.6,96.6,0.0,0.0,0.0,0.0,221
2023-05-11 09:58:13,MO2403-C-7400,MO2403-C-7400,98.6,0.0,0.0,0.0,9,96.8,99.6,1,98.6,96.6,0.0,0.0,0.0,0.0,221
2023-05-11 09:58:15,MO2403-C-7400,MO2403-C-7400,98.6,0.0,0.0,0.0,1,97.0,99.6,1,98.6,96.6,0.0,0.0,0.0,0.0,221
2023-05-11 09:58:45,MO2403-C-7400,MO2403-C-7400,98.6,0.0,0.0,0.0,6,97.2,99.6,1,98.6,96.6,0.0,0.0,0.0,0.0,221
2023-05-11 09:58:49,MO2403-C-7400,MO2403-C-7400,98.6,0.0,0.0,0.0,8,97.2,99.6,1,98.6,96.6,0.0,0.0,0.0,0.0,221
2023-05-11 09:58:52,MO2403-C-7400,MO2403-C-7400,98.6,0.0,0.0,0.0,2,97.2,99.6,1,98.6,96.6,0.0,0.0,0.0,0.0,221
2023-05-11 09:58:53,MO2403-C-7400,MO2403-C-7400,98.6,0.0,0.0,0.0,1,97.0,99.6,1,98.6,96.6,0.0,0.0,0.0,0.0,221
2023-05-11 09:58:55,MO2403-C-7400,MO2403-C-7400,98.6,0.0,0.0,0.0,1,97.2,99.6,1,98.6,96.6,0.0,0.0,0.0,0.0,221
2023-05-11 09:58:56,MO2403-C-7400,MO2403-C-7400,98.6,0.0,0.0,0.0,7,97.2,99.6,1,98.6,96.6,0.0,0.0,0.0,0.0,221
2023-05-11 09:58:58,MO2403-C-7400,MO2403-C-7400,98.6,0.0,0.0,0.0,9,97.2,99.6,1,98.6,96.6,0.0,0.0,0.0,0.0,221
2023-05-11 09:59:00,MO2403-C-7400,MO2403-C-7400,98.6,0.0,0.0,0.0,15,97.2,100.2,1,98.6,96.6,0.0,0.0,0.0,0.0,221
2023-05-11 09:59:01,MO2403-C-7400,MO2403-C-7400,98.6,0.0,0.0,0.0,21,97.2,100.2,1,98.6,96.6,0.0,0.0,0.0,0.0,221
2023-05-11 09:59:03,MO2403-C-7400,MO2403-C-7400,98.6,0.0,0.0,0.0,6,97.4,100.2,1,98.6,96.6,0.0,0.0,0.0,0.0,221
2023-05-11 09:59:03,MO2403-C-7400,MO2403-C-7400,98.6,0.0,0.0,0.0,8,97.4,100.2,1,98.6,96.6,0.0,0.0,0.0,0.0,221
2023-05-11 09:59:05,MO2403-C-7400,MO2403-C-7400,98.6,0.0,0.0,0.0,2,97.4,100.2,7,98.6,96.6,0.0,0.0,0.0,0.0,221
2023-05-11 09:59:05,MO2403-C-7400,MO2403-C-7400,98.6,0.0,0.0,0.0,2,97.4,99.6,1,98.6,96.6,0.0,0.0,0.0,0.0,221
2023-05-11 09:59:06,MO2403-C-7400,MO2403-C-7400,98.6,0.0,0.0,0.0,13,97.2,99.6,1,98.6,96.6,0.0,0.0,0.0,0.0,221
2023-05-11 09:59:07,MO2403-C-7400,MO2403-C-7400,98.6,0.0,0.0,0.0,15,97.2,99.6,1,98.6,96.6,0.0,0.0,0.0,0.0,221
2023-05-11 09:59:07,MO2403-C-7400,MO2403-C-7400,98.6,0.0,0.0,0.0,1,97.4,99.6,1,98.6,96.6,0.0,0.0,0.0,0.0,221
2023-05-11 09:59:17,MO2403-C-7400,MO2403-C-7400,98.6,0.0,0.0,0.0,2,97.2,99.6,1,98.6,96.6,0.0,0.0,0.0,0.0,221
2023-05-11 09:59:18,MO2403-C-7400,MO2403-C-7400,98.6,0.0,0.0,0.0,19,96.8,99.6,1,98.6,96.6,0.0,0.0,0.0,0.0,221
2023-05-11 09:59:19,MO2403-C-7400,MO2403-C-7400,98.6,0.0,0.0,0.0,15,96.8,99.6,1,98.6,96.6,0.0,0.0,0.0,0.0,221
2023-05-11 09:59:27,MO2403-C-7400,MO2403-C-7400,98.6,0.0,0.0,0.0,1,97.0,99.6,1,98.6,96.6,0.0,0.0,0.0,0.0,221
2023-05-11 09:59:33,MO2403-C-7400,MO2403-C-7400,98.6,0.0,0.0,0.0,7,97.0,99.6,1,98.6,96.6,0.0,0.0,0.0,0.0,221
2023-05-11 09:59:34,MO2403-C-7400,MO2403-C-7400,98.6,0.0,0.0,0.0,9,97.0,99.6,1,98.6,96.6,0.0,0.0,0.0,0.0,221
2023-05-11 09:59:37,MO2403-C-7400,MO2403-C-7400,98.6,0.0,0.0,0.0,1,97.2,100.2,7,98.6,96.6,0.0,0.0,0.0,0.0,221
2023-05-11 09:59:39,MO2403-C-7400,MO2403-C-7400,98.6,0.0,0.0,0.0,1,97.2,99.8,1,98.6,96.6,0.0,0.0,0.0,0.0,221
2023-05-11 09:59:54,MO2403-C-7400,MO2403-C-7400,98.6,0.0,0.0,0.0,1,97.4,99.8,1,98.6,96.6,0.0,0.0,0.0,0.0,221
2023-05-11 10:00:00,MO2403-C-7400,MO2403-C-7400,98.6,0.0,0.0,0.0,1,97.4,100.4,13,98.6,96.6,0.0,0.0,0.0,0.0,221
2023-05-11 10:00:04,MO2403-C-7400,MO2403-C-7400,98.6,0.0,0.0,0.0,1,97.6,100.4,13,98.6,96.6,0.0,0.0,0.0,0.0,221
2023-05-11 10:00:05,MO2403-C-7400,MO2403-C-7400,98.6,0.0,0.0,0.0,7,97.6,100.4,7,98.6,96.6,0.0,0.0,0.0,0.0,221
2023-05-11 10:00:06,MO2403-C-7400,MO2403-C-7400,98.6,0.0,0.0,0.0,7,97.6,100.4,1,98.6,96.6,0.0,0.0,0.0,0.0,221
2023-05-11 10:00:07,MO2403-C-7400,MO2403-C-7400,98.6,0.0,0.0,0.0,9,97.6,100.4,1,98.6,96.6,0.0,0.0,0.0,0.0,221
2023-05-11 10:00:08,MO2403-C-7400,MO2403-C-7400,98.6,0.0,0.0,0.0,3,97.6,100.4,7,98.6,96.6,0.0,0.0,0.0,0.0,221
2023-05-11 10:00:09,MO2403-C-7400,MO2403-C-7400,98.6,0.0,0.0,0.0,1,97.6,100.4,7,98.6,96.6,0.0,0.0,0.0,0.0,221
2023-05-11 10:00:09,MO2403-C-7400,MO2403-C-7400,98.6,0.0,0.0,0.0,12,97.4,100.0,1,98.6,96.6,0.0,0.0,0.0,0.0,221
2023-05-11 10:00:10,MO2403-C-7400,MO2403-C-7400,98.6,0.0,0.0,0.0,8,97.2,100.0,7,98.6,96.6,0.0,0.0,0.0,0.0,221
2023-05-11 10:00:22,MO2403-C-7400,MO2403-C-7400,98.6,0.0,0.0,0.0,8,97.2,99.6,1,98.6,96.6,0.0,0.0,0.0,0.0,221
2023-05-11 10:00:38,MO2403-C-7400,MO2403-C-7400,98.6,0.0,0.0,0.0,8,97.2,100.0,6,98.6,96.6,0.0,0.0,0.0,0.0,221
2023-05-11 10:00:38,MO2403-C-7400,MO2403-C-7400,98.6,0.0,0.0,0.0,8,97.2,100.2,6,98.6,96.6,0.0,0.0,0.0,0.0,221
2023-05-11 10:00:39,MO2403-C-7400,MO2403-C-7400,98.6,0.0,0.0,0.0,6,97.2,100.2,6,98.6,96.6,0.0,0.0,0.0,0.0,221
2023-05-11 10:00:40,MO2403-C-7400,MO2403-C-7400,98.6,0.0,0.0,0.0,8,97.2,100.2,6,98.6,96.6,0.0,0.0,0.0,0.0,221
2023-05-11 10:00:40,MO2403-C-7400,MO2403-C-7400,98.6,0.0,0.0,0.0,2,97.2,100.2,6,98.6,96.6,0.0,0.0,0.0,0.0,221
2023-05-11 10:00:41,MO2403-C-7400,MO2403-C-7400,98.6,0.0,0.0,0.0,8,97.2,100.2,6,98.6,96.6,0.0,0.0,0.0,0.0,221
2023-05-11 10:00:41,MO2403-C-7400,MO2403-C-7400,98.6,0.0,0.0,0.0,6,97.2,100.2,6,98.6,96.6,0.0,0.0,0.0,0.0,221
2023-05-11 10:00:42,MO2403-C-7400,MO2403-C-7400,98.6,0.0,0.0,0.0,8,97.2,100.2,6,98.6,96.6,0.0,0.0,0.0,0.0,221
2023-05-11 10:00:45,MO2403-C-7400,MO2403-C-7400,98.6,0.0,0.0,0.0,6,97.4,100.4,1,98.6,96.6,0.0,0.0,0.0,0.0,221
2023-05-11 10:00:46,MO2403-C-7400,MO2403-C-7400,98.6,0.0,0.0,0.0,8,97.4,100.4,1,98.6,96.6,0.0,0.0,0.0,0.0,221
2023-05-11 10:00:47,MO2403-C-7400,MO2403-C-7400,98.6,0.0,0.0,0.0,8,97.4,100.6,30,98.6,96.6,0.0,0.0,0.0,0.0,221
2023-05-11 10:00:48,MO2403-C-7400,MO2403-C-7400,98.6,0.0,0.0,0.0,8,97.4,100.6,18,98.6,96.6,0.0,0.0,0.0,0.0,221
2023-05-11 10:00:48,MO2403-C-7400,MO2403-C-7400,98.6,0.0,0.0,0.0,8,97.4,100.6,19,98.6,96.6,0.0,0.0,0.0,0.0,221
2023-05-11 10:00:50,MO2403-C-7400,MO2403-C-7400,98.6,0.0,0.0,0.0,2,97.4,100.2,1,98.6,96.6,0.0,0.0,0.0,0.0,221
2023-05-11 10:00:51,MO2403-C-7400,MO2403-C-7400,98.6,0.0,0.0,0.0,6,97.2,100.2,7,98.6,96.6,0.0,0.0,0.0,0.0,221
2023-05-11 10:00:52,MO2403-C-7400,MO2403-C-7400,98.6,0.0,0.0,0.0,8,97.2,100.2,7,98.6,96.6,0.0,0.0,0.0,0.0,221
2023-05-11 10:00:58,MO2403-C-7400,MO2403-C-7400,98.6,0.0,0.0,0.0,8,97.2,100.0,6,98.6,96.6,0.0,0.0,0.0,0.0,221
2023-05-11 10:00:59,MO2403-C-7400,MO2403-C-7400,98.6,0.0,0.0,0.0,2,97.2,100.0,6,98.6,96.6,0.0,0.0,0.0,0.0,221
2023-05-11 10:01:00,MO2403-C-7400,MO2403-C-7400,98.6,0.0,0.0,0.0,2,97.0,100.0,6,98.6,96.6,0.0,0.0,0.0,0.0,221
2023-05-11 10:01:03,MO2403-C-7400,MO2403-C-7400,98.6,0.0,0.0,0.0,2,97.0,100.2,6,98.6,96.6,0.0,0.0,0.0,0.0,221
2023-05-11 10:01:19,MO2403-C-7400,MO2403-C-7400,98.6,0.0,0.0,0.0,1,97.0,100.2,6,98.6,96.6,0.0,0.0,0.0,0.0,221
2023-05-11 10:01:20,MO2403-C-7400,MO2403-C-7400,98.6,0.0,0.0,0.0,1,97.0,100.2,7,98.6,96.6,0.0,0.0,0.0,0.0,221
2023-05-11 10:01:21,MO2403-C-7400,MO2403-C-7400,98.6,0.0,0.0,0.0,1,97.0,100.0,6,98.6,96.6,0.0,0.0,0.0,0.0,221
2023-05-11 10:01:33,MO2403-C-7400,MO2403-C-7400,98.6,0.0,0.0,0.0,1,97.0,99.8,1,98.6,96.6,0.0,0.0,0.0,0.0,221
2023-05-11 10:01:34,MO2403-C-7400,MO2403-C-7400,98.6,0.0,0.0,0.0,1,97.0,99.8,7,98.6,96.6,0.0,0.0,0.0,0.0,221
2023-05-11 10:01:45,MO2403-C-7400,MO2403-C-7400,98.6,0.0,0.0,0.0,1,97.0,99.6,6,98.6,96.6,0.0,0.0,0.0,0.0,221
2023-05-11 10:02:03,MO2403-C-7400,MO2403-C-7400,98.6,0.0,0.0,0.0,1,97.0,99.8,7,98.6,96.6,0.0,0.0,0.0,0.0,221
2023-05-11 10:02:13,MO2403-C-7400,MO2403-C-7400,98.6,0.0,0.0,0.0,1,97.0,99.8,1,98.6,96.6,0.0,0.0,0.0,0.0,221
2023-05-11 10:02:28,MO2403-C-7400,MO2403-C-7400,98.6,0.0,0.0,0.0,1,97.0,99.8,7,98.6,96.6,0.0,0.0,0.0,0.0,221
2023-05-11 10:02:42,MO2403-C-7400,MO2403-C-7400,98.6,0.0,0.0,0.0,15,96.8,99.4,1,98.6,96.6,0.0,0.0,0.0,0.0,221
2023-05-11 10:02:42,MO2403-C-7400,MO2403-C-7400,98.6,0.0,0.0,0.0,9,96.8,99.4,7,98.6,96.6,0.0,0.0,0.0,0.0,221
2023-05-11 10:02:43,MO2403-C-7400,MO2403-C-7400,98.6,0.0,0.0,0.0,3,96.8,99.4,7,98.6,96.6,0.0,0.0,0.0,0.0,221
2023-05-11 10:02:43,MO2403-C-7400,MO2403-C-7400,98.6,0.0,0.0,0.0,1,96.8,99.4,7,98.6,96.6,0.0,0.0,0.0,0.0,221
2023-05-11 10:02:45,MO2403-C-7400,MO2403-C-7400,98.6,0.0,0.0,0.0,1,96.8,99.4,1,98.6,96.6,0.0,0.0,0.0,0.0,221
2023-05-11 10:02:45,MO2403-C-7400,MO2403-C-7400,98.6,0.0,0.0,0.0,1,97.0,99.4,1,98.6,96.6,0.0,0.0,0.0,0.0,221
2023-05-11 10:02:56,MO2403-C-7400,MO2403-C-7400,98.6,0.0,0.0,0.0,1,97.0,99.8,6,98.6,96.6,0.0,0.0,0.0,0.0,221
2023-05-11 10:02:57,MO2403-C-7400,MO2403-C-7400,98.6,0.0,0.0,0.0,6,97.2,100.0,1,98.6,96.6,0.0,0.0,0.0,0.0,221
2023-05-11 10:02:58,MO2403-C-7400,MO2403-C-7400,98.6,0.0,0.0,0.0,8,97.2,100.0,1,98.6,96.6,0.0,0.0,0.0,0.0,221
2023-05-11 10:02:59,MO2403-C-7400,MO2403-C-7400,98.6,0.0,0.0,0.0,6,97.2,100.0,1,98.6,96.6,0.0,0.0,0.0,0.0,221
2023-05-11 10:03:00,MO2403-C-7400,MO2403-C-7400,98.6,0.0,0.0,0.0,8,97.2,100.0,1,98.6,96.6,0.0,0.0,0.0,0.0,221
2023-05-11 10:03:03,MO2403-C-7400,MO2403-C-7400,98.6,0.0,0.0,0.0,2,97.2,100.0,7,98.6,96.6,0.0,0.0,0.0,0.0,221
2023-05-11 10:03:04,MO2403-C-7400,MO2403-C-7400,98.6,0.0,0.0,0.0,7,97.0,100.0,7,98.6,96.6,0.0,0.0,0.0,0.0,221
2023-05-11 10:03:05,MO2403-C-7400,MO2403-C-7400,98.6,0.0,0.0,0.0,9,97.0,100.0,7,98.6,96.6,0.0,0.0,0.0,0.0,221
2023-05-11 10:03:05,MO2403-C-7400,MO2403-C-7400,98.6,0.0,0.0,0.0,9,97.0,100.0,6,98.6,96.6,0.0,0.0,0.0,0.0,221
2023-05-11 10:03:06,MO2403-C-7400,MO2403-C-7400,98.6,0.0,0.0,0.0,9,97.0,100.2,6,98.6,96.6,0.0,0.0,0.0,0.0,221
2023-05-11 10:03:06,MO2403-C-7400,MO2403-C-7400,98.6,0.0,0.0,0.0,15,97.0,100.4,12,98.6,96.6,0.0,0.0,0.0,0.0,221
2023-05-11 10:03:07,MO2403-C-7400,MO2403-C-7400,98.6,0.0,0.0,0.0,6,97.2,100.4,6,98.6,96.6,0.0,0.0,0.0,0.0,221
2023-05-11 10:03:07,MO2403-C-7400,MO2403-C-7400,98.6,0.0,0.0,0.0,2,97.2,100.4,6,98.6,96.6,0.0,0.0,0.0,0.0,221
2023-05-11 10:03:08,MO2403-C-7400,MO2403-C-7400,98.6,0.0,0.0,0.0,13,97.0,100.4,6,98.6,96.6,0.0,0.0,0.0,0.0,221
2023-05-11 10:03:09,MO2403-C-7400,MO2403-C-7400,98.6,0.0,0.0,0.0,15,97.0,100.4,6,98.6,96.6,0.0,0.0,0.0,0.0,221
2023-05-11 10:03:11,MO2403-C-7400,MO2403-C-7400,98.6,0.0,0.0,0.0,9,97.0,100.4,6,98.6,96.6,0.0,0.0,0.0,0.0,221
2023-05-11 10:03:21,MO2403-C-7400,MO2403-C-7400,98.6,0.0,0.0,0.0,1,97.2,100.4,6,98.6,96.6,0.0,0.0,0.0,0.0,221
2023-05-11 10:03:28,MO2403-C-7400,MO2403-C-7400,98.6,0.0,0.0,0.0,8,97.2,100.4,6,98.6,96.6,0.0,0.0,0.0,0.0,221
2023-05-11 10:03:29,MO2403-C-7400,MO2403-C-7400,98.6,0.0,0.0,0.0,10,97.2,100.4,6,98.6,96.6,0.0,0.0,0.0,0.0,221
2023-05-11 10:03:35,MO2403-C-7400,MO2403-C-7400,98.6,0.0,0.0,0.0,4,97.2,100.4,6,98.6,96.6,0.0,0.0,0.0,0.0,221
2023-05-11 10:03:36,MO2403-C-7400,MO2403-C-7400,98.6,0.0,0.0,0.0,2,97.2,100.4,6,98.6,96.6,0.0,0.0,0.0,0.0,221
2023-05-11 10:04:14,MO2403-C-7400,MO2403-C-7400,98.6,0.0,0.0,0.0,1,97.4,100.4,6,98.6,96.6,0.0,0.0,0.0,0.0,221
2023-05-11 10:04:15,MO2403-C-7400,MO2403-C-7400,98.6,0.0,0.0,0.0,7,97.4,100.6,25,98.6,96.6,0.0,0.0,0.0,0.0,221
2023-05-11 10:04:16,MO2403-C-7400,MO2403-C-7400,98.6,0.0,0.0,0.0,13,97.4,100.6,19,98.6,96.6,0.0,0.0,0.0,0.0,221
2023-05-11 10:04:16,MO2403-C-7400,MO2403-C-7400,98.6,0.0,0.0,0.0,21,97.4,100.6,18,98.6,96.6,0.0,0.0,0.0,0.0,221
2023-05-11 10:04:18,MO2403-C-7400,MO2403-C-7400,98.6,0.0,0.0,0.0,19,97.4,100.6,18,98.6,96.6,0.0,0.0,0.0,0.0,221
2023-05-11 10:04:19,MO2403-C-7400,MO2403-C-7400,98.6,0.0,0.0,0.0,21,97.4,100.6,18,98.6,96.6,0.0,0.0,0.0,0.0,221
2023-05-11 10:04:19,MO2403-C-7400,MO2403-C-7400,98.6,0.0,0.0,0.0,15,97.4,100.4,6,98.6,96.6,0.0,0.0,0.0,0.0,221
2023-05-11 10:04:24,MO2403-C-7400,MO2403-C-7400,98.6,0.0,0.0,0.0,9,97.4,100.4,6,98.6,96.6,0.0,0.0,0.0,0.0,221
2023-05-11 10:04:25,MO2403-C-7400,MO2403-C-7400,98.6,0.0,0.0,0.0,3,97.4,100.4,6,98.6,96.6,0.0,0.0,0.0,0.0,221
2023-05-11 10:04:25,MO2403-C-7400,MO2403-C-7400,98.6,0.0,0.0,0.0,1,97.4,100.4,6,98.6,96.6,0.0,0.0,0.0,0.0,221
2023-05-11 10:04:29,MO2403-C-7400,MO2403-C-7400,98.6,0.0,0.0,0.0,1,97.4,100.2,1,98.6,96.6,0.0,0.0,0.0,0.0,221
2023-05-11 10:04:30,MO2403-C-7400,MO2403-C-7400,98.6,0.0,0.0,0.0,3,97.2,100.0,6,98.6,96.6,0.0,0.0,0.0,0.0,221
2023-05-11 10:04:31,MO2403-C-7400,MO2403-C-7400,98.6,0.0,0.0,0.0,1,97.2,100.0,6,98.6,96.6,0.0,0.0,0.0,0.0,221
2023-05-11 10:04:33,MO2403-C-7400,MO2403-C-7400,98.6,0.0,0.0,0.0,1,97.2,100.2,6,98.6,96.6,0.0,0.0,0.0,0.0,221
2023-05-11 10:04:34,MO2403-C-7400,MO2403-C-7400,98.6,0.0,0.0,0.0,1,97.2,100.4,6,98.6,96.6,0.0,0.0,0.0,0.0,221
2023-05-11 10:04:42,MO2403-C-7400,MO2403-C-7400,98.6,0.0,0.0,0.0,7,97.2,100.4,6,98.6,96.6,0.0,0.0,0.0,0.0,221
