time,symbol_id,symbol_name,last,trade_volume,trade_amount,open_interest_change,bv1,bp1,ap1,av1,yesterday_close,today_open,today_high,today_low,volume,amount,open_interest
2023-05-11 09:29:00,MO2403-P-6200,MO2403-P-6200,228.4,0.0,0.0,0.0,1,193.8,250.2,1,228.4,228.4,0.0,0.0,0.0,0.0,373
2023-05-11 09:30:00,MO2403-P-6200,MO2403-P-6200,228.4,0.0,0.0,0.0,1,201.0,250.2,1,228.4,228.4,0.0,0.0,0.0,0.0,373
2023-05-11 09:30:01,MO2403-P-6200,MO2403-P-6200,228.4,0.0,0.0,0.0,1,201.0,250.0,6,228.4,228.4,0.0,0.0,0.0,0.0,373
2023-05-11 09:30:01,MO2403-P-6200,MO2403-P-6200,228.4,0.0,0.0,0.0,1,203.2,248.2,1,228.4,228.4,0.0,0.0,0.0,0.0,373
2023-05-11 09:30:02,MO2403-P-6200,MO2403-P-6200,228.4,0.0,0.0,0.0,1,203.2,248.0,6,228.4,228.4,0.0,0.0,0.0,0.0,373
2023-05-11 09:30:05,MO2403-P-6200,MO2403-P-6200,228.4,0.0,0.0,0.0,2,203.2,248.0,6,228.4,228.4,0.0,0.0,0.0,0.0,373
2023-05-11 09:30:06,MO2403-P-6200,MO2403-P-6200,228.4,0.0,0.0,0.0,1,203.4,247.2,1,228.4,228.4,0.0,0.0,0.0,0.0,373
2023-05-11 09:30:06,MO2403-P-6200,MO2403-P-6200,228.4,0.0,0.0,0.0,1,203.4,247.0,7,228.4,228.4,0.0,0.0,0.0,0.0,373
2023-05-11 09:30:07,MO2403-P-6200,MO2403-P-6200,228.4,0.0,0.0,0.0,1,203.4,246.8,6,228.4,228.4,0.0,0.0,0.0,0.0,373
2023-05-11 09:30:07,MO2403-P-6200,MO2403-P-6200,228.4,0.0,0.0,0.0,1,211.4,246.6,1,228.4,228.4,0.0,0.0,0.0,0.0,373
2023-05-11 09:30:08,MO2403-P-6200,MO2403-P-6200,228.4,0.0,0.0,0.0,1,211.6,246.4,6,228.4,228.4,0.0,0.0,0.0,0.0,373
2023-05-11 09:30:08,MO2403-P-6200,MO2403-P-6200,228.4,0.0,0.0,0.0,1,218.0,246.2,1,228.4,228.4,0.0,0.0,0.0,0.0,373
2023-05-11 09:30:09,MO2403-P-6200,MO2403-P-6200,228.4,0.0,0.0,0.0,1,218.0,246.0,6,228.4,228.4,0.0,0.0,0.0,0.0,373
2023-05-11 09:30:09,MO2403-P-6200,MO2403-P-6200,228.4,0.0,0.0,0.0,1,218.0,245.8,1,228.4,228.4,0.0,0.0,0.0,0.0,373
2023-05-11 09:30:10,MO2403-P-6200,MO2403-P-6200,228.4,0.0,0.0,0.0,1,218.0,245.6,6,228.4,228.4,0.0,0.0,0.0,0.0,373
2023-05-11 09:30:10,MO2403-P-6200,MO2403-P-6200,228.4,0.0,0.0,0.0,1,218.0,245.4,1,228.4,228.4,0.0,0.0,0.0,0.0,373
2023-05-11 09:30:11,MO2403-P-6200,MO2403-P-6200,228.4,0.0,0.0,0.0,1,218.0,245.2,6,228.4,228.4,0.0,0.0,0.0,0.0,373
2023-05-11 09:30:11,MO2403-P-6200,MO2403-P-6200,228.4,0.0,0.0,0.0,1,218.0,245.0,1,228.4,228.4,0.0,0.0,0.0,0.0,373
2023-05-11 09:30:12,MO2403-P-6200,MO2403-P-6200,228.4,0.0,0.0,0.0,1,218.0,244.8,6,228.4,228.4,0.0,0.0,0.0,0.0,373
2023-05-11 09:30:12,MO2403-P-6200,MO2403-P-6200,228.4,0.0,0.0,0.0,1,218.0,244.6,1,228.4,228.4,0.0,0.0,0.0,0.0,373
2023-05-11 09:30:13,MO2403-P-6200,MO2403-P-6200,228.4,0.0,0.0,0.0,1,218.0,244.4,6,228.4,228.4,0.0,0.0,0.0,0.0,373
2023-05-11 09:30:13,MO2403-P-6200,MO2403-P-6200,228.4,0.0,0.0,0.0,1,218.0,244.2,1,228.4,228.4,0.0,0.0,0.0,0.0,373
2023-05-11 09:30:14,MO2403-P-6200,MO2403-P-6200,228.4,0.0,0.0,0.0,1,218.0,244.0,6,228.4,228.4,0.0,0.0,0.0,0.0,373
2023-05-11 09:30:14,MO2403-P-6200,MO2403-P-6200,228.4,0.0,0.0,0.0,1,218.0,243.8,1,228.4,228.4,0.0,0.0,0.0,0.0,373
2023-05-11 09:30:15,MO2403-P-6200,MO2403-P-6200,228.4,0.0,0.0,0.0,1,203.2,243.6,6,228.4,228.4,0.0,0.0,0.0,0.0,373
2023-05-11 09:30:15,MO2403-P-6200,MO2403-P-6200,228.4,0.0,0.0,0.0,1,218.0,243.4,1,228.4,228.4,0.0,0.0,0.0,0.0,373
2023-05-11 09:30:16,MO2403-P-6200,MO2403-P-6200,228.4,0.0,0.0,0.0,1,218.0,243.2,6,228.4,228.4,0.0,0.0,0.0,0.0,373
2023-05-11 09:30:16,MO2403-P-6200,MO2403-P-6200,228.4,0.0,0.0,0.0,1,218.0,243.0,1,228.4,228.4,0.0,0.0,0.0,0.0,373
2023-05-11 09:30:17,MO2403-P-6200,MO2403-P-6200,228.4,0.0,0.0,0.0,1,218.0,242.8,6,228.4,228.4,0.0,0.0,0.0,0.0,373
2023-05-11 09:30:17,MO2403-P-6200,MO2403-P-6200,228.4,0.0,0.0,0.0,1,218.0,242.6,1,228.4,228.4,0.0,0.0,0.0,0.0,373
2023-05-11 09:30:18,MO2403-P-6200,MO2403-P-6200,228.4,0.0,0.0,0.0,1,218.0,242.4,6,228.4,228.4,0.0,0.0,0.0,0.0,373
2023-05-11 09:30:18,MO2403-P-6200,MO2403-P-6200,228.4,0.0,0.0,0.0,1,218.0,242.2,1,228.4,228.4,0.0,0.0,0.0,0.0,373
2023-05-11 09:30:19,MO2403-P-6200,MO2403-P-6200,228.4,0.0,0.0,0.0,1,218.0,242.0,6,228.4,228.4,0.0,0.0,0.0,0.0,373
2023-05-11 09:30:19,MO2403-P-6200,MO2403-P-6200,228.4,0.0,0.0,0.0,1,218.0,241.8,1,228.4,228.4,0.0,0.0,0.0,0.0,373
2023-05-11 09:30:20,MO2403-P-6200,MO2403-P-6200,228.4,0.0,0.0,0.0,1,218.0,241.6,6,228.4,228.4,0.0,0.0,0.0,0.0,373
2023-05-11 09:30:20,MO2403-P-6200,MO2403-P-6200,228.4,0.0,0.0,0.0,1,218.0,241.4,1,228.4,228.4,0.0,0.0,0.0,0.0,373
2023-05-11 09:30:21,MO2403-P-6200,MO2403-P-6200,228.4,0.0,0.0,0.0,1,218.0,233.4,1,228.4,228.4,0.0,0.0,0.0,0.0,373
2023-05-11 09:30:21,MO2403-P-6200,MO2403-P-6200,228.4,0.0,0.0,0.0,1,218.0,233.2,6,228.4,228.4,0.0,0.0,0.0,0.0,373
2023-05-11 09:30:22,MO2403-P-6200,MO2403-P-6200,228.4,0.0,0.0,0.0,1,218.0,225.2,1,228.4,228.4,0.0,0.0,0.0,0.0,373
2023-05-11 09:30:23,MO2403-P-6200,MO2403-P-6200,228.4,0.0,0.0,0.0,1,218.0,225.2,7,228.4,228.4,0.0,0.0,0.0,0.0,373
2023-05-11 09:30:24,MO2403-P-6200,MO2403-P-6200,228.4,0.0,0.0,0.0,1,218.0,223.0,1,228.4,228.4,0.0,0.0,0.0,0.0,373
2023-05-11 09:30:24,MO2403-P-6200,MO2403-P-6200,228.4,0.0,0.0,0.0,1,218.0,223.0,7,228.4,228.4,0.0,0.0,0.0,0.0,373
2023-05-11 09:30:25,MO2403-P-6200,MO2403-P-6200,228.4,0.0,0.0,0.0,1,218.2,223.0,7,228.4,228.4,0.0,0.0,0.0,0.0,373
2023-05-11 09:30:28,MO2403-P-6200,MO2403-P-6200,228.4,0.0,0.0,0.0,1,218.2,223.0,6,228.4,228.4,0.0,0.0,0.0,0.0,373
2023-05-11 09:30:31,MO2403-P-6200,MO2403-P-6200,228.4,0.0,0.0,0.0,1,218.2,222.8,1,228.4,228.4,0.0,0.0,0.0,0.0,373
2023-05-11 09:30:37,MO2403-P-6200,MO2403-P-6200,228.4,0.0,0.0,0.0,1,218.4,222.8,1,228.4,228.4,0.0,0.0,0.0,0.0,373
2023-05-11 09:30:39,MO2403-P-6200,MO2403-P-6200,228.4,0.0,0.0,0.0,1,217.8,222.8,1,228.4,228.4,0.0,0.0,0.0,0.0,373
2023-05-11 09:30:41,MO2403-P-6200,MO2403-P-6200,228.4,0.0,0.0,0.0,2,215.0,222.8,1,228.4,228.4,0.0,0.0,0.0,0.0,373
2023-05-11 09:30:41,MO2403-P-6200,MO2403-P-6200,228.4,0.0,0.0,0.0,6,214.8,222.8,1,228.4,228.4,0.0,0.0,0.0,0.0,373
2023-05-11 09:30:48,MO2403-P-6200,MO2403-P-6200,228.4,0.0,0.0,0.0,1,216.0,222.8,1,228.4,228.4,0.0,0.0,0.0,0.0,373
2023-05-11 09:30:59,MO2403-P-6200,MO2403-P-6200,228.4,0.0,0.0,0.0,1,216.0,223.0,6,228.4,228.4,0.0,0.0,0.0,0.0,373
2023-05-11 09:31:00,MO2403-P-6200,MO2403-P-6200,228.4,0.0,0.0,0.0,1,216.0,222.8,6,228.4,228.4,0.0,0.0,0.0,0.0,373
2023-05-11 09:31:02,MO2403-P-6200,MO2403-P-6200,228.4,0.0,0.0,0.0,1,216.0,222.6,1,228.4,228.4,0.0,0.0,0.0,0.0,373
2023-05-11 09:31:02,MO2403-P-6200,MO2403-P-6200,228.4,0.0,0.0,0.0,1,216.0,222.4,6,228.4,228.4,0.0,0.0,0.0,0.0,373
2023-05-11 09:31:03,MO2403-P-6200,MO2403-P-6200,228.4,0.0,0.0,0.0,2,216.0,221.8,1,228.4,228.4,0.0,0.0,0.0,0.0,373
2023-05-11 09:31:03,MO2403-P-6200,MO2403-P-6200,228.4,0.0,0.0,0.0,2,216.0,221.6,6,228.4,228.4,0.0,0.0,0.0,0.0,373
2023-05-11 09:31:05,MO2403-P-6200,MO2403-P-6200,228.4,0.0,0.0,0.0,2,216.0,221.2,1,228.4,228.4,0.0,0.0,0.0,0.0,373
2023-05-11 09:31:05,MO2403-P-6200,MO2403-P-6200,228.4,0.0,0.0,0.0,2,216.0,221.0,6,228.4,228.4,0.0,0.0,0.0,0.0,373
2023-05-11 09:31:06,MO2403-P-6200,MO2403-P-6200,228.4,0.0,0.0,0.0,1,216.0,221.0,6,228.4,228.4,0.0,0.0,0.0,0.0,373
2023-05-11 09:31:08,MO2403-P-6200,MO2403-P-6200,228.4,0.0,0.0,0.0,1,216.0,220.6,1,228.4,228.4,0.0,0.0,0.0,0.0,373
2023-05-11 09:31:09,MO2403-P-6200,MO2403-P-6200,228.4,0.0,0.0,0.0,1,216.0,220.4,6,228.4,228.4,0.0,0.0,0.0,0.0,373
2023-05-11 09:31:10,MO2403-P-6200,MO2403-P-6200,228.4,0.0,0.0,0.0,1,216.0,220.6,6,228.4,228.4,0.0,0.0,0.0,0.0,373
2023-05-11 09:31:12,MO2403-P-6200,MO2403-P-6200,228.4,0.0,0.0,0.0,1,216.0,220.2,1,228.4,228.4,0.0,0.0,0.0,0.0,373
2023-05-11 09:31:13,MO2403-P-6200,MO2403-P-6200,228.4,0.0,0.0,0.0,1,216.0,220.0,6,228.4,228.4,0.0,0.0,0.0,0.0,373
2023-05-11 09:31:14,MO2403-P-6200,MO2403-P-6200,228.4,0.0,0.0,0.0,1,216.0,219.6,1,228.4,228.4,0.0,0.0,0.0,0.0,373
2023-05-11 09:31:14,MO2403-P-6200,MO2403-P-6200,228.4,0.0,0.0,0.0,12,214.0,219.4,6,228.4,228.4,0.0,0.0,0.0,0.0,373
2023-05-11 09:31:15,MO2403-P-6200,MO2403-P-6200,228.4,0.0,0.0,0.0,1,215.0,219.4,6,228.4,228.4,0.0,0.0,0.0,0.0,373
2023-05-11 09:31:16,MO2403-P-6200,MO2403-P-6200,228.4,0.0,0.0,0.0,1,215.0,219.6,6,228.4,228.4,0.0,0.0,0.0,0.0,373
2023-05-11 09:31:17,MO2403-P-6200,MO2403-P-6200,228.4,0.0,0.0,0.0,1,215.0,219.8,6,228.4,228.4,0.0,0.0,0.0,0.0,373
2023-05-11 09:31:20,MO2403-P-6200,MO2403-P-6200,228.4,0.0,0.0,0.0,1,215.0,220.0,6,228.4,228.4,0.0,0.0,0.0,0.0,373
2023-05-11 09:31:20,MO2403-P-6200,MO2403-P-6200,228.4,0.0,0.0,0.0,1,215.0,220.2,6,228.4,228.4,0.0,0.0,0.0,0.0,373
2023-05-11 09:31:25,MO2403-P-6200,MO2403-P-6200,228.4,0.0,0.0,0.0,1,215.0,219.8,1,228.4,228.4,0.0,0.0,0.0,0.0,373
2023-05-11 09:31:26,MO2403-P-6200,MO2403-P-6200,228.4,0.0,0.0,0.0,1,215.0,219.6,6,228.4,228.4,0.0,0.0,0.0,0.0,373
2023-05-11 09:31:30,MO2403-P-6200,MO2403-P-6200,228.4,0.0,0.0,0.0,1,215.0,220.0,6,228.4,228.4,0.0,0.0,0.0,0.0,373
2023-05-11 09:31:32,MO2403-P-6200,MO2403-P-6200,228.4,0.0,0.0,0.0,1,215.0,220.4,6,228.4,228.4,0.0,0.0,0.0,0.0,373
2023-05-11 09:31:33,MO2403-P-6200,MO2403-P-6200,228.4,0.0,0.0,0.0,2,215.0,220.4,6,228.4,228.4,0.0,0.0,0.0,0.0,373
2023-05-11 09:31:34,MO2403-P-6200,MO2403-P-6200,228.4,0.0,0.0,0.0,1,216.6,220.4,6,228.4,228.4,0.0,0.0,0.0,0.0,373
2023-05-11 09:31:50,MO2403-P-6200,MO2403-P-6200,228.4,0.0,0.0,0.0,1,216.6,220.6,6,228.4,228.4,0.0,0.0,0.0,0.0,373
2023-05-11 09:31:57,MO2403-P-6200,MO2403-P-6200,228.4,0.0,0.0,0.0,1,216.6,220.8,6,228.4,228.4,0.0,0.0,0.0,0.0,373
2023-05-11 09:32:27,MO2403-P-6200,MO2403-P-6200,228.4,0.0,0.0,0.0,2,216.6,220.8,6,228.4,228.4,0.0,0.0,0.0,0.0,373
2023-05-11 09:32:27,MO2403-P-6200,MO2403-P-6200,228.4,0.0,0.0,0.0,1,219.0,220.8,6,228.4,228.4,0.0,0.0,0.0,0.0,373
2023-05-11 09:32:33,MO2403-P-6200,MO2403-P-6200,228.4,0.0,0.0,0.0,1,219.0,221.0,12,228.4,228.4,0.0,0.0,0.0,0.0,373
2023-05-11 09:32:34,MO2403-P-6200,MO2403-P-6200,228.4,0.0,0.0,0.0,1,219.0,221.0,6,228.4,228.4,0.0,0.0,0.0,0.0,373
2023-05-11 09:32:34,MO2403-P-6200,MO2403-P-6200,228.4,0.0,0.0,0.0,1,219.0,221.4,12,228.4,228.4,0.0,0.0,0.0,0.0,373
2023-05-11 09:32:35,MO2403-P-6200,MO2403-P-6200,228.4,0.0,0.0,0.0,1,219.0,221.6,6,228.4,228.4,0.0,0.0,0.0,0.0,373
2023-05-11 09:32:35,MO2403-P-6200,MO2403-P-6200,228.4,0.0,0.0,0.0,1,219.0,222.6,6,228.4,228.4,0.0,0.0,0.0,0.0,373
2023-05-11 09:32:37,MO2403-P-6200,MO2403-P-6200,228.4,0.0,0.0,0.0,2,219.0,222.6,6,228.4,228.4,0.0,0.0,0.0,0.0,373
2023-05-11 09:32:38,MO2403-P-6200,MO2403-P-6200,228.4,0.0,0.0,0.0,1,220.4,222.6,6,228.4,228.4,0.0,0.0,0.0,0.0,373
2023-05-11 09:32:39,MO2403-P-6200,MO2403-P-6200,228.4,0.0,0.0,0.0,1,220.4,222.8,6,228.4,228.4,0.0,0.0,0.0,0.0,373
2023-05-11 09:32:51,MO2403-P-6200,MO2403-P-6200,228.4,0.0,0.0,0.0,1,220.2,222.8,6,228.4,228.4,0.0,0.0,0.0,0.0,373
2023-05-11 09:32:51,MO2403-P-6200,MO2403-P-6200,228.4,0.0,0.0,0.0,6,218.4,222.8,6,228.4,228.4,0.0,0.0,0.0,0.0,373
2023-05-11 09:32:52,MO2403-P-6200,MO2403-P-6200,228.4,0.0,0.0,0.0,1,219.6,222.8,6,228.4,228.4,0.0,0.0,0.0,0.0,373
2023-05-11 09:33:23,MO2403-P-6200,MO2403-P-6200,228.4,0.0,0.0,0.0,2,219.6,222.8,6,228.4,228.4,0.0,0.0,0.0,0.0,373
2023-05-11 09:33:28,MO2403-P-6200,MO2403-P-6200,228.4,0.0,0.0,0.0,1,219.6,222.8,6,228.4,228.4,0.0,0.0,0.0,0.0,373
2023-05-11 09:33:36,MO2403-P-6200,MO2403-P-6200,228.4,0.0,0.0,0.0,12,218.2,222.8,6,228.4,228.4,0.0,0.0,0.0,0.0,373
2023-05-11 09:33:36,MO2403-P-6200,MO2403-P-6200,228.4,0.0,0.0,0.0,1,218.2,222.8,6,228.4,228.4,0.0,0.0,0.0,0.0,373
2023-05-11 09:33:37,MO2403-P-6200,MO2403-P-6200,228.4,0.0,0.0,0.0,1,218.6,222.8,6,228.4,228.4,0.0,0.0,0.0,0.0,373
2023-05-11 09:33:38,MO2403-P-6200,MO2403-P-6200,228.4,0.0,0.0,0.0,1,218.6,222.6,1,228.4,228.4,0.0,0.0,0.0,0.0,373
2023-05-11 09:33:38,MO2403-P-6200,MO2403-P-6200,228.4,0.0,0.0,0.0,1,218.6,222.4,6,228.4,228.4,0.0,0.0,0.0,0.0,373
2023-05-11 09:33:44,MO2403-P-6200,MO2403-P-6200,228.4,0.0,0.0,0.0,1,218.6,222.6,6,228.4,228.4,0.0,0.0,0.0,0.0,373
2023-05-11 09:33:57,MO2403-P-6200,MO2403-P-6200,228.4,0.0,0.0,0.0,2,218.6,222.6,6,228.4,228.4,0.0,0.0,0.0,0.0,373
2023-05-11 09:33:58,MO2403-P-6200,MO2403-P-6200,228.4,0.0,0.0,0.0,1,220.2,222.6,6,228.4,228.4,0.0,0.0,0.0,0.0,373
2023-05-11 09:34:00,MO2403-P-6200,MO2403-P-6200,228.4,0.0,0.0,0.0,1,219.0,222.6,6,228.4,228.4,0.0,0.0,0.0,0.0,373
2023-05-11 09:34:03,MO2403-P-6200,MO2403-P-6200,228.4,0.0,0.0,0.0,1,219.0,222.4,1,228.4,228.4,0.0,0.0,0.0,0.0,373
2023-05-11 09:34:04,MO2403-P-6200,MO2403-P-6200,228.4,0.0,0.0,0.0,1,219.0,222.2,6,228.4,228.4,0.0,0.0,0.0,0.0,373
2023-05-11 09:34:08,MO2403-P-6200,MO2403-P-6200,228.4,0.0,0.0,0.0,1,219.0,222.6,6,228.4,228.4,0.0,0.0,0.0,0.0,373
2023-05-11 09:34:41,MO2403-P-6200,MO2403-P-6200,228.4,0.0,0.0,0.0,1,219.0,222.6,11,228.4,228.4,0.0,0.0,0.0,0.0,373
2023-05-11 09:34:41,MO2403-P-6200,MO2403-P-6200,228.4,0.0,0.0,0.0,1,219.0,222.4,6,228.4,228.4,0.0,0.0,0.0,0.0,373
2023-05-11 09:34:46,MO2403-P-6200,MO2403-P-6200,228.4,0.0,0.0,0.0,1,219.0,222.6,6,228.4,228.4,0.0,0.0,0.0,0.0,373
2023-05-11 09:35:08,MO2403-P-6200,MO2403-P-6200,228.4,0.0,0.0,0.0,1,219.0,222.8,6,228.4,228.4,0.0,0.0,0.0,0.0,373
2023-05-11 09:35:17,MO2403-P-6200,MO2403-P-6200,228.4,0.0,0.0,0.0,2,219.0,222.8,6,228.4,228.4,0.0,0.0,0.0,0.0,373
2023-05-11 09:35:19,MO2403-P-6200,MO2403-P-6200,228.4,0.0,0.0,0.0,1,220.2,222.8,6,228.4,228.4,0.0,0.0,0.0,0.0,373
2023-05-11 09:35:26,MO2403-P-6200,MO2403-P-6200,228.4,0.0,0.0,0.0,1,220.2,223.0,12,228.4,228.4,0.0,0.0,0.0,0.0,373
2023-05-11 09:35:26,MO2403-P-6200,MO2403-P-6200,228.4,0.0,0.0,0.0,1,220.2,223.2,6,228.4,228.4,0.0,0.0,0.0,0.0,373
2023-05-11 09:35:27,MO2403-P-6200,MO2403-P-6200,228.4,0.0,0.0,0.0,1,220.2,223.4,18,228.4,228.4,0.0,0.0,0.0,0.0,373
2023-05-11 09:35:28,MO2403-P-6200,MO2403-P-6200,228.4,0.0,0.0,0.0,1,220.2,223.4,6,228.4,228.4,0.0,0.0,0.0,0.0,373
2023-05-11 09:35:28,MO2403-P-6200,MO2403-P-6200,228.4,0.0,0.0,0.0,1,220.2,224.8,6,228.4,228.4,0.0,0.0,0.0,0.0,373
2023-05-11 09:35:38,MO2403-P-6200,MO2403-P-6200,228.4,0.0,0.0,0.0,6,220.2,224.8,6,228.4,228.4,0.0,0.0,0.0,0.0,373
2023-05-11 09:35:39,MO2403-P-6200,MO2403-P-6200,228.4,0.0,0.0,0.0,1,222.2,224.8,6,228.4,228.4,0.0,0.0,0.0,0.0,373
2023-05-11 09:35:51,MO2403-P-6200,MO2403-P-6200,228.4,0.0,0.0,0.0,1,220.8,224.8,6,228.4,228.4,0.0,0.0,0.0,0.0,373
2023-05-11 09:36:24,MO2403-P-6200,MO2403-P-6200,228.4,0.0,0.0,0.0,2,220.8,224.8,6,228.4,228.4,0.0,0.0,0.0,0.0,373
2023-05-11 09:36:27,MO2403-P-6200,MO2403-P-6200,228.4,0.0,0.0,0.0,1,222.0,224.8,6,228.4,228.4,0.0,0.0,0.0,0.0,373
2023-05-11 09:36:31,MO2403-P-6200,MO2403-P-6200,228.4,0.0,0.0,0.0,1,222.0,225.0,12,228.4,228.4,0.0,0.0,0.0,0.0,373
2023-05-11 09:36:31,MO2403-P-6200,MO2403-P-6200,228.4,0.0,0.0,0.0,1,222.0,225.0,6,228.4,228.4,0.0,0.0,0.0,0.0,373
2023-05-11 09:36:32,MO2403-P-6200,MO2403-P-6200,228.4,0.0,0.0,0.0,1,222.0,225.2,6,228.4,228.4,0.0,0.0,0.0,0.0,373
2023-05-11 09:36:41,MO2403-P-6200,MO2403-P-6200,228.4,0.0,0.0,0.0,2,222.0,225.2,6,228.4,228.4,0.0,0.0,0.0,0.0,373
2023-05-11 09:36:45,MO2403-P-6200,MO2403-P-6200,228.4,0.0,0.0,0.0,1,223.2,225.2,6,228.4,228.4,0.0,0.0,0.0,0.0,373
2023-05-11 09:36:45,MO2403-P-6200,MO2403-P-6200,228.4,0.0,0.0,0.0,1,223.2,225.4,6,228.4,228.4,0.0,0.0,0.0,0.0,373
2023-05-11 09:36:46,MO2403-P-6200,MO2403-P-6200,228.4,0.0,0.0,0.0,1,223.2,225.6,6,228.4,228.4,0.0,0.0,0.0,0.0,373
2023-05-11 09:36:46,MO2403-P-6200,MO2403-P-6200,228.4,0.0,0.0,0.0,1,223.2,225.8,24,228.4,228.4,0.0,0.0,0.0,0.0,373
2023-05-11 09:36:47,MO2403-P-6200,MO2403-P-6200,228.4,0.0,0.0,0.0,1,223.2,225.8,6,228.4,228.4,0.0,0.0,0.0,0.0,373
2023-05-11 09:36:48,MO2403-P-6200,MO2403-P-6200,228.4,0.0,0.0,0.0,1,223.2,226.2,6,228.4,228.4,0.0,0.0,0.0,0.0,373
2023-05-11 09:37:10,MO2403-P-6200,MO2403-P-6200,228.4,0.0,0.0,0.0,1,222.8,226.2,6,228.4,228.4,0.0,0.0,0.0,0.0,373
2023-05-11 09:37:11,MO2403-P-6200,MO2403-P-6200,228.4,0.0,0.0,0.0,1,222.2,226.2,6,228.4,228.4,0.0,0.0,0.0,0.0,373
2023-05-11 09:37:13,MO2403-P-6200,MO2403-P-6200,228.4,0.0,0.0,0.0,1,222.2,226.2,7,228.4,228.4,0.0,0.0,0.0,0.0,373
2023-05-11 09:37:13,MO2403-P-6200,MO2403-P-6200,228.4,0.0,0.0,0.0,1,222.2,226.0,6,228.4,228.4,0.0,0.0,0.0,0.0,373
2023-05-11 09:37:16,MO2403-P-6200,MO2403-P-6200,228.4,0.0,0.0,0.0,1,222.2,226.2,6,228.4,228.4,0.0,0.0,0.0,0.0,373
2023-05-11 09:37:23,MO2403-P-6200,MO2403-P-6200,228.4,0.0,0.0,0.0,2,222.2,226.2,6,228.4,228.4,0.0,0.0,0.0,0.0,373
2023-05-11 09:37:24,MO2403-P-6200,MO2403-P-6200,228.4,0.0,0.0,0.0,1,223.6,226.2,6,228.4,228.4,0.0,0.0,0.0,0.0,373
2023-05-11 09:37:28,MO2403-P-6200,MO2403-P-6200,228.4,0.0,0.0,0.0,1,223.6,226.4,6,228.4,228.4,0.0,0.0,0.0,0.0,373
2023-05-11 09:37:28,MO2403-P-6200,MO2403-P-6200,228.4,0.0,0.0,0.0,1,223.6,226.8,6,228.4,228.4,0.0,0.0,0.0,0.0,373
2023-05-11 09:37:29,MO2403-P-6200,MO2403-P-6200,228.4,0.0,0.0,0.0,1,223.6,227.0,12,228.4,228.4,0.0,0.0,0.0,0.0,373
2023-05-11 09:37:29,MO2403-P-6200,MO2403-P-6200,228.4,0.0,0.0,0.0,1,223.6,227.0,6,228.4,228.4,0.0,0.0,0.0,0.0,373
2023-05-11 09:37:30,MO2403-P-6200,MO2403-P-6200,228.4,0.0,0.0,0.0,1,223.6,227.4,6,228.4,228.4,0.0,0.0,0.0,0.0,373
2023-05-11 09:38:05,MO2403-P-6200,MO2403-P-6200,228.4,0.0,0.0,0.0,1,223.6,227.4,7,228.4,228.4,0.0,0.0,0.0,0.0,373
2023-05-11 09:38:06,MO2403-P-6200,MO2403-P-6200,228.4,0.0,0.0,0.0,1,223.6,227.2,6,228.4,228.4,0.0,0.0,0.0,0.0,373
2023-05-11 09:38:07,MO2403-P-6200,MO2403-P-6200,228.4,0.0,0.0,0.0,1,223.6,227.4,6,228.4,228.4,0.0,0.0,0.0,0.0,373
2023-05-11 09:38:19,MO2403-P-6200,MO2403-P-6200,228.4,0.0,0.0,0.0,1,223.6,227.4,11,228.4,228.4,0.0,0.0,0.0,0.0,373
2023-05-11 09:38:20,MO2403-P-6200,MO2403-P-6200,228.4,0.0,0.0,0.0,1,223.6,227.2,6,228.4,228.4,0.0,0.0,0.0,0.0,373
2023-05-11 09:38:25,MO2403-P-6200,MO2403-P-6200,228.4,0.0,0.0,0.0,1,223.6,227.2,7,228.4,228.4,0.0,0.0,0.0,0.0,373
2023-05-11 09:38:25,MO2403-P-6200,MO2403-P-6200,228.4,0.0,0.0,0.0,1,223.6,227.0,6,228.4,228.4,0.0,0.0,0.0,0.0,373
2023-05-11 09:38:26,MO2403-P-6200,MO2403-P-6200,228.4,0.0,0.0,0.0,1,222.2,227.0,6,228.4,228.4,0.0,0.0,0.0,0.0,373
2023-05-11 09:38:26,MO2403-P-6200,MO2403-P-6200,228.4,0.0,0.0,0.0,2,222.2,227.0,6,228.4,228.4,0.0,0.0,0.0,0.0,373
2023-05-11 09:38:28,MO2403-P-6200,MO2403-P-6200,228.4,0.0,0.0,0.0,2,222.2,227.2,6,228.4,228.4,0.0,0.0,0.0,0.0,373
2023-05-11 09:38:29,MO2403-P-6200,MO2403-P-6200,228.4,0.0,0.0,0.0,2,222.2,227.0,1,228.4,228.4,0.0,0.0,0.0,0.0,373
2023-05-11 09:38:29,MO2403-P-6200,MO2403-P-6200,228.4,0.0,0.0,0.0,2,222.2,226.8,6,228.4,228.4,0.0,0.0,0.0,0.0,373
2023-05-11 09:38:34,MO2403-P-6200,MO2403-P-6200,228.4,0.0,0.0,0.0,2,222.2,226.8,11,228.4,228.4,0.0,0.0,0.0,0.0,373
2023-05-11 09:38:34,MO2403-P-6200,MO2403-P-6200,228.4,0.0,0.0,0.0,2,222.2,226.6,6,228.4,228.4,0.0,0.0,0.0,0.0,373
2023-05-11 09:38:39,MO2403-P-6200,MO2403-P-6200,228.4,0.0,0.0,0.0,1,222.4,226.6,6,228.4,228.4,0.0,0.0,0.0,0.0,373
2023-05-11 09:38:40,MO2403-P-6200,MO2403-P-6200,228.4,0.0,0.0,0.0,1,223.4,226.6,6,228.4,228.4,0.0,0.0,0.0,0.0,373
2023-05-11 09:38:40,MO2403-P-6200,MO2403-P-6200,228.4,0.0,0.0,0.0,1,223.4,226.8,6,228.4,228.4,0.0,0.0,0.0,0.0,373
2023-05-11 09:39:28,MO2403-P-6200,MO2403-P-6200,228.4,0.0,0.0,0.0,12,221.8,226.8,7,228.4,228.4,0.0,0.0,0.0,0.0,373
2023-05-11 09:39:29,MO2403-P-6200,MO2403-P-6200,228.4,0.0,0.0,0.0,1,222.4,226.6,6,228.4,228.4,0.0,0.0,0.0,0.0,373
2023-05-11 09:39:34,MO2403-P-6200,MO2403-P-6200,228.4,0.0,0.0,0.0,2,222.4,226.6,6,228.4,228.4,0.0,0.0,0.0,0.0,373
2023-05-11 09:39:36,MO2403-P-6200,MO2403-P-6200,228.4,0.0,0.0,0.0,2,222.4,226.8,6,228.4,228.4,0.0,0.0,0.0,0.0,373
2023-05-11 09:39:38,MO2403-P-6200,MO2403-P-6200,228.4,0.0,0.0,0.0,1,223.8,226.8,6,228.4,228.4,0.0,0.0,0.0,0.0,373
2023-05-11 09:39:44,MO2403-P-6200,MO2403-P-6200,228.4,0.0,0.0,0.0,2,222.4,226.8,6,228.4,228.4,0.0,0.0,0.0,0.0,373
2023-05-11 09:39:44,MO2403-P-6200,MO2403-P-6200,228.4,0.0,0.0,0.0,1,222.6,226.8,6,228.4,228.4,0.0,0.0,0.0,0.0,373
2023-05-11 09:39:48,MO2403-P-6200,MO2403-P-6200,228.4,0.0,0.0,0.0,1,222.4,226.8,6,228.4,228.4,0.0,0.0,0.0,0.0,373
2023-05-11 09:39:50,MO2403-P-6200,MO2403-P-6200,228.4,0.0,0.0,0.0,1,222.4,226.8,7,228.4,228.4,0.0,0.0,0.0,0.0,373
2023-05-11 09:39:51,MO2403-P-6200,MO2403-P-6200,228.4,0.0,0.0,0.0,1,222.4,226.6,6,228.4,228.4,0.0,0.0,0.0,0.0,373
2023-05-11 09:40:02,MO2403-P-6200,MO2403-P-6200,228.4,0.0,0.0,0.0,1,222.4,226.2,1,228.4,228.4,0.0,0.0,0.0,0.0,373
2023-05-11 09:40:02,MO2403-P-6200,MO2403-P-6200,228.4,0.0,0.0,0.0,1,222.4,226.0,6,228.4,228.4,0.0,0.0,0.0,0.0,373
2023-05-11 09:40:07,MO2403-P-6200,MO2403-P-6200,228.4,0.0,0.0,0.0,1,222.4,226.4,6,228.4,228.4,0.0,0.0,0.0,0.0,373
2023-05-11 09:40:13,MO2403-P-6200,MO2403-P-6200,228.4,0.0,0.0,0.0,1,222.4,226.8,6,228.4,228.4,0.0,0.0,0.0,0.0,373
2023-05-11 09:40:15,MO2403-P-6200,MO2403-P-6200,228.4,0.0,0.0,0.0,1,222.4,226.4,1,228.4,228.4,0.0,0.0,0.0,0.0,373
2023-05-11 09:40:15,MO2403-P-6200,MO2403-P-6200,228.4,0.0,0.0,0.0,1,222.4,226.2,6,228.4,228.4,0.0,0.0,0.0,0.0,373
2023-05-11 09:40:17,MO2403-P-6200,MO2403-P-6200,228.4,0.0,0.0,0.0,1,222.4,225.8,1,228.4,228.4,0.0,0.0,0.0,0.0,373
2023-05-11 09:40:17,MO2403-P-6200,MO2403-P-6200,228.4,0.0,0.0,0.0,1,222.4,225.6,6,228.4,228.4,0.0,0.0,0.0,0.0,373
2023-05-11 09:40:22,MO2403-P-6200,MO2403-P-6200,228.4,0.0,0.0,0.0,1,222.4,226.0,6,228.4,228.4,0.0,0.0,0.0,0.0,373
2023-05-11 09:40:23,MO2403-P-6200,MO2403-P-6200,228.4,0.0,0.0,0.0,12,221.4,225.6,1,228.4,228.4,0.0,0.0,0.0,0.0,373
2023-05-11 09:40:23,MO2403-P-6200,MO2403-P-6200,228.4,0.0,0.0,0.0,12,221.2,225.4,6,228.4,228.4,0.0,0.0,0.0,0.0,373
2023-05-11 09:40:24,MO2403-P-6200,MO2403-P-6200,228.4,0.0,0.0,0.0,14,221.0,225.4,6,228.4,228.4,0.0,0.0,0.0,0.0,373
2023-05-11 09:40:24,MO2403-P-6200,MO2403-P-6200,228.4,0.0,0.0,0.0,8,221.0,225.4,6,228.4,228.4,0.0,0.0,0.0,0.0,373
2023-05-11 09:40:25,MO2403-P-6200,MO2403-P-6200,228.4,0.0,0.0,0.0,2,221.0,225.4,6,228.4,228.4,0.0,0.0,0.0,0.0,373
2023-05-11 09:40:27,MO2403-P-6200,MO2403-P-6200,228.4,0.0,0.0,0.0,2,221.0,225.0,1,228.4,228.4,0.0,0.0,0.0,0.0,373
2023-05-11 09:40:28,MO2403-P-6200,MO2403-P-6200,228.4,0.0,0.0,0.0,2,221.0,224.8,6,228.4,228.4,0.0,0.0,0.0,0.0,373
2023-05-11 09:40:33,MO2403-P-6200,MO2403-P-6200,228.4,0.0,0.0,0.0,1,221.2,224.8,6,228.4,228.4,0.0,0.0,0.0,0.0,373
2023-05-11 09:40:37,MO2403-P-6200,MO2403-P-6200,228.4,0.0,0.0,0.0,1,221.2,225.2,6,228.4,228.4,0.0,0.0,0.0,0.0,373
2023-05-11 09:40:38,MO2403-P-6200,MO2403-P-6200,228.4,0.0,0.0,0.0,1,221.2,225.8,6,228.4,228.4,0.0,0.0,0.0,0.0,373
2023-05-11 09:40:40,MO2403-P-6200,MO2403-P-6200,228.4,0.0,0.0,0.0,1,222.2,225.8,6,228.4,228.4,0.0,0.0,0.0,0.0,373
2023-05-11 09:40:43,MO2403-P-6200,MO2403-P-6200,228.4,0.0,0.0,0.0,2,222.2,225.8,6,228.4,228.4,0.0,0.0,0.0,0.0,373
2023-05-11 09:40:58,MO2403-P-6200,MO2403-P-6200,228.4,0.0,0.0,0.0,1,222.4,225.8,6,228.4,228.4,0.0,0.0,0.0,0.0,373
2023-05-11 09:41:02,MO2403-P-6200,MO2403-P-6200,228.4,0.0,0.0,0.0,1,222.2,225.8,6,228.4,228.4,0.0,0.0,0.0,0.0,373
2023-05-11 09:41:08,MO2403-P-6200,MO2403-P-6200,228.4,0.0,0.0,0.0,6,222.2,226.0,6,228.4,228.4,0.0,0.0,0.0,0.0,373
2023-05-11 09:41:10,MO2403-P-6200,MO2403-P-6200,228.4,0.0,0.0,0.0,6,222.2,226.2,6,228.4,228.4,0.0,0.0,0.0,0.0,373
2023-05-11 09:41:12,MO2403-P-6200,MO2403-P-6200,228.4,0.0,0.0,0.0,1,222.2,226.2,6,228.4,228.4,0.0,0.0,0.0,0.0,373
2023-05-11 09:41:17,MO2403-P-6200,MO2403-P-6200,228.4,0.0,0.0,0.0,2,222.2,226.2,6,228.4,228.4,0.0,0.0,0.0,0.0,373
2023-05-11 09:41:19,MO2403-P-6200,MO2403-P-6200,228.4,0.0,0.0,0.0,1,223.4,226.2,6,228.4,228.4,0.0,0.0,0.0,0.0,373
2023-05-11 09:41:51,MO2403-P-6200,MO2403-P-6200,228.4,0.0,0.0,0.0,1,222.6,226.2,6,228.4,228.4,0.0,0.0,0.0,0.0,373
2023-05-11 09:42:08,MO2403-P-6200,MO2403-P-6200,228.4,0.0,0.0,0.0,1,222.2,226.2,6,228.4,228.4,0.0,0.0,0.0,0.0,373
2023-05-11 09:42:09,MO2403-P-6200,MO2403-P-6200,228.4,0.0,0.0,0.0,1,222.2,225.8,1,228.4,228.4,0.0,0.0,0.0,0.0,373
2023-05-11 09:42:10,MO2403-P-6200,MO2403-P-6200,228.4,0.0,0.0,0.0,1,222.2,225.6,6,228.4,228.4,0.0,0.0,0.0,0.0,373
2023-05-11 09:42:10,MO2403-P-6200,MO2403-P-6200,228.4,0.0,0.0,0.0,1,222.0,225.6,6,228.4,228.4,0.0,0.0,0.0,0.0,373
2023-05-11 09:42:12,MO2403-P-6200,MO2403-P-6200,228.4,0.0,0.0,0.0,14,221.4,225.2,1,228.4,228.4,0.0,0.0,0.0,0.0,373
2023-05-11 09:42:12,MO2403-P-6200,MO2403-P-6200,228.4,0.0,0.0,0.0,8,221.4,225.0,6,228.4,228.4,0.0,0.0,0.0,0.0,373
2023-05-11 09:42:13,MO2403-P-6200,MO2403-P-6200,228.4,0.0,0.0,0.0,2,221.4,225.0,6,228.4,228.4,0.0,0.0,0.0,0.0,373
2023-05-11 09:42:14,MO2403-P-6200,MO2403-P-6200,228.4,0.0,0.0,0.0,2,221.4,225.4,6,228.4,228.4,0.0,0.0,0.0,0.0,373
2023-05-11 09:42:16,MO2403-P-6200,MO2403-P-6200,228.4,0.0,0.0,0.0,2,221.4,225.6,6,228.4,228.4,0.0,0.0,0.0,0.0,373
2023-05-11 09:42:17,MO2403-P-6200,MO2403-P-6200,228.4,0.0,0.0,0.0,1,222.6,225.6,6,228.4,228.4,0.0,0.0,0.0,0.0,373
2023-05-11 09:42:19,MO2403-P-6200,MO2403-P-6200,228.4,0.0,0.0,0.0,1,222.6,226.0,6,228.4,228.4,0.0,0.0,0.0,0.0,373
2023-05-11 09:42:21,MO2403-P-6200,MO2403-P-6200,228.4,0.0,0.0,0.0,1,221.4,226.0,6,228.4,228.4,0.0,0.0,0.0,0.0,373
2023-05-11 09:42:22,MO2403-P-6200,MO2403-P-6200,228.4,0.0,0.0,0.0,6,221.0,225.8,1,228.4,228.4,0.0,0.0,0.0,0.0,373
2023-05-11 09:42:22,MO2403-P-6200,MO2403-P-6200,228.4,0.0,0.0,0.0,1,221.4,225.6,6,228.4,228.4,0.0,0.0,0.0,0.0,373
2023-05-11 09:42:24,MO2403-P-6200,MO2403-P-6200,228.4,0.0,0.0,0.0,1,221.4,225.2,1,228.4,228.4,0.0,0.0,0.0,0.0,373
2023-05-11 09:42:24,MO2403-P-6200,MO2403-P-6200,228.4,0.0,0.0,0.0,1,221.4,225.0,6,228.4,228.4,0.0,0.0,0.0,0.0,373
2023-05-11 09:42:29,MO2403-P-6200,MO2403-P-6200,228.4,0.0,0.0,0.0,12,220.8,225.0,6,228.4,228.4,0.0,0.0,0.0,0.0,373
2023-05-11 09:42:29,MO2403-P-6200,MO2403-P-6200,228.4,0.0,0.0,0.0,6,220.8,224.6,1,228.4,228.4,0.0,0.0,0.0,0.0,373
2023-05-11 09:42:30,MO2403-P-6200,MO2403-P-6200,228.4,0.0,0.0,0.0,7,220.6,224.4,6,228.4,228.4,0.0,0.0,0.0,0.0,373
2023-05-11 09:42:30,MO2403-P-6200,MO2403-P-6200,228.4,0.0,0.0,0.0,1,220.6,224.4,6,228.4,228.4,0.0,0.0,0.0,0.0,373
2023-05-11 09:42:34,MO2403-P-6200,MO2403-P-6200,228.4,0.0,0.0,0.0,1,220.6,224.0,1,228.4,228.4,0.0,0.0,0.0,0.0,373
2023-05-11 09:42:35,MO2403-P-6200,MO2403-P-6200,228.4,0.0,0.0,0.0,1,220.6,223.8,6,228.4,228.4,0.0,0.0,0.0,0.0,373
2023-05-11 09:42:38,MO2403-P-6200,MO2403-P-6200,228.4,0.0,0.0,0.0,1,220.8,225.2,6,228.4,228.4,0.0,0.0,0.0,0.0,373
2023-05-11 09:42:38,MO2403-P-6200,MO2403-P-6200,228.4,0.0,0.0,0.0,1,220.8,225.2,7,228.4,228.4,0.0,0.0,0.0,0.0,373
2023-05-11 09:42:39,MO2403-P-6200,MO2403-P-6200,228.4,0.0,0.0,0.0,1,220.8,225.0,6,228.4,228.4,0.0,0.0,0.0,0.0,373
2023-05-11 09:42:40,MO2403-P-6200,MO2403-P-6200,228.4,0.0,0.0,0.0,1,221.4,225.0,6,228.4,228.4,0.0,0.0,0.0,0.0,373
2023-05-11 09:42:43,MO2403-P-6200,MO2403-P-6200,228.4,0.0,0.0,0.0,1,220.8,224.6,1,228.4,228.4,0.0,0.0,0.0,0.0,373
2023-05-11 09:42:43,MO2403-P-6200,MO2403-P-6200,228.4,0.0,0.0,0.0,1,220.8,224.4,6,228.4,228.4,0.0,0.0,0.0,0.0,373
2023-05-11 09:42:48,MO2403-P-6200,MO2403-P-6200,228.4,0.0,0.0,0.0,1,221.0,224.4,6,228.4,228.4,0.0,0.0,0.0,0.0,373
2023-05-11 09:42:53,MO2403-P-6200,MO2403-P-6200,228.4,0.0,0.0,0.0,1,221.0,225.2,6,228.4,228.4,0.0,0.0,0.0,0.0,373
2023-05-11 09:42:58,MO2403-P-6200,MO2403-P-6200,228.4,0.0,0.0,0.0,1,221.4,225.2,6,228.4,228.4,0.0,0.0,0.0,0.0,373
2023-05-11 09:43:06,MO2403-P-6200,MO2403-P-6200,228.4,0.0,0.0,0.0,1,221.4,225.2,7,228.4,228.4,0.0,0.0,0.0,0.0,373
2023-05-11 09:43:06,MO2403-P-6200,MO2403-P-6200,228.4,0.0,0.0,0.0,1,221.4,225.0,6,228.4,228.4,0.0,0.0,0.0,0.0,373
2023-05-11 09:43:10,MO2403-P-6200,MO2403-P-6200,228.4,0.0,0.0,0.0,1,221.4,225.2,6,228.4,228.4,0.0,0.0,0.0,0.0,373
2023-05-11 09:43:18,MO2403-P-6200,MO2403-P-6200,228.4,0.0,0.0,0.0,2,221.4,225.2,6,228.4,228.4,0.0,0.0,0.0,0.0,373
2023-05-11 09:43:34,MO2403-P-6200,MO2403-P-6200,228.4,0.0,0.0,0.0,1,221.6,225.2,6,228.4,228.4,0.0,0.0,0.0,0.0,373
2023-05-11 09:43:48,MO2403-P-6200,MO2403-P-6200,228.4,0.0,0.0,0.0,1,221.4,225.2,6,228.4,228.4,0.0,0.0,0.0,0.0,373
2023-05-11 09:43:54,MO2403-P-6200,MO2403-P-6200,228.4,0.0,0.0,0.0,2,221.4,225.2,6,228.4,228.4,0.0,0.0,0.0,0.0,373
2023-05-11 09:43:56,MO2403-P-6200,MO2403-P-6200,228.4,0.0,0.0,0.0,1,222.6,225.2,6,228.4,228.4,0.0,0.0,0.0,0.0,373
2023-05-11 09:44:10,MO2403-P-6200,MO2403-P-6200,228.4,0.0,0.0,0.0,2,221.4,225.2,6,228.4,228.4,0.0,0.0,0.0,0.0,373
2023-05-11 09:44:23,MO2403-P-6200,MO2403-P-6200,228.4,0.0,0.0,0.0,1,221.6,225.2,6,228.4,228.4,0.0,0.0,0.0,0.0,373
2023-05-11 09:44:29,MO2403-P-6200,MO2403-P-6200,228.4,0.0,0.0,0.0,1,222.6,225.2,6,228.4,228.4,0.0,0.0,0.0,0.0,373
2023-05-11 09:44:42,MO2403-P-6200,MO2403-P-6200,228.4,0.0,0.0,0.0,1,222.6,225.4,18,228.4,228.4,0.0,0.0,0.0,0.0,373
2023-05-11 09:44:43,MO2403-P-6200,MO2403-P-6200,228.4,0.0,0.0,0.0,1,222.6,225.4,12,228.4,228.4,0.0,0.0,0.0,0.0,373
2023-05-11 09:44:43,MO2403-P-6200,MO2403-P-6200,228.4,0.0,0.0,0.0,1,222.6,225.4,6,228.4,228.4,0.0,0.0,0.0,0.0,373
2023-05-11 09:44:44,MO2403-P-6200,MO2403-P-6200,228.4,0.0,0.0,0.0,1,222.6,225.6,6,228.4,228.4,0.0,0.0,0.0,0.0,373
2023-05-11 09:44:51,MO2403-P-6200,MO2403-P-6200,228.4,0.0,0.0,0.0,1,222.6,225.8,12,228.4,228.4,0.0,0.0,0.0,0.0,373
2023-05-11 09:44:51,MO2403-P-6200,MO2403-P-6200,228.4,0.0,0.0,0.0,1,222.6,225.8,6,228.4,228.4,0.0,0.0,0.0,0.0,373
2023-05-11 09:44:58,MO2403-P-6200,MO2403-P-6200,228.4,0.0,0.0,0.0,1,222.6,226.0,18,228.4,228.4,0.0,0.0,0.0,0.0,373
2023-05-11 09:44:59,MO2403-P-6200,MO2403-P-6200,228.4,0.0,0.0,0.0,1,222.6,226.0,12,228.4,228.4,0.0,0.0,0.0,0.0,373
2023-05-11 09:44:59,MO2403-P-6200,MO2403-P-6200,228.4,0.0,0.0,0.0,1,222.6,226.0,6,228.4,228.4,0.0,0.0,0.0,0.0,373
2023-05-11 09:45:00,MO2403-P-6200,MO2403-P-6200,228.4,0.0,0.0,0.0,1,222.6,226.4,6,228.4,228.4,0.0,0.0,0.0,0.0,373
2023-05-11 09:45:01,MO2403-P-6200,MO2403-P-6200,228.4,0.0,0.0,0.0,1,222.6,226.8,6,228.4,228.4,0.0,0.0,0.0,0.0,373
2023-05-11 09:45:02,MO2403-P-6200,MO2403-P-6200,228.4,0.0,0.0,0.0,7,222.6,226.8,6,228.4,228.4,0.0,0.0,0.0,0.0,373
2023-05-11 09:45:03,MO2403-P-6200,MO2403-P-6200,228.4,0.0,0.0,0.0,1,223.8,226.8,6,228.4,228.4,0.0,0.0,0.0,0.0,373
2023-05-11 09:45:07,MO2403-P-6200,MO2403-P-6200,228.4,0.0,0.0,0.0,1,223.8,227.0,12,228.4,228.4,0.0,0.0,0.0,0.0,373
2023-05-11 09:45:07,MO2403-P-6200,MO2403-P-6200,228.4,0.0,0.0,0.0,1,223.8,227.2,12,228.4,228.4,0.0,0.0,0.0,0.0,373
2023-05-11 09:45:08,MO2403-P-6200,MO2403-P-6200,228.4,0.0,0.0,0.0,1,223.8,227.2,6,228.4,228.4,0.0,0.0,0.0,0.0,373
2023-05-11 09:46:04,MO2403-P-6200,MO2403-P-6200,228.4,0.0,0.0,0.0,1,223.8,227.4,6,228.4,228.4,0.0,0.0,0.0,0.0,373
2023-05-11 09:46:05,MO2403-P-6200,MO2403-P-6200,228.4,0.0,0.0,0.0,2,223.8,227.6,6,228.4,228.4,0.0,0.0,0.0,0.0,373
2023-05-11 09:46:05,MO2403-P-6200,MO2403-P-6200,228.4,0.0,0.0,0.0,1,226.0,227.8,6,228.4,228.4,0.0,0.0,0.0,0.0,373
2023-05-11 09:46:06,MO2403-P-6200,MO2403-P-6200,228.4,0.0,0.0,0.0,1,226.0,228.0,6,228.4,228.4,0.0,0.0,0.0,0.0,373
2023-05-11 09:46:13,MO2403-P-6200,MO2403-P-6200,228.4,0.0,0.0,0.0,1,224.8,228.0,6,228.4,228.4,0.0,0.0,0.0,0.0,373
2023-05-11 09:46:22,MO2403-P-6200,MO2403-P-6200,228.4,0.0,0.0,0.0,1,224.0,228.0,6,228.4,228.4,0.0,0.0,0.0,0.0,373
2023-05-11 09:46:23,MO2403-P-6200,MO2403-P-6200,228.4,0.0,0.0,0.0,1,224.6,228.0,6,228.4,228.4,0.0,0.0,0.0,0.0,373
2023-05-11 09:47:15,MO2403-P-6200,MO2403-P-6200,228.4,0.0,0.0,0.0,1,224.6,228.2,6,228.4,228.4,0.0,0.0,0.0,0.0,373
2023-05-11 09:47:16,MO2403-P-6200,MO2403-P-6200,228.4,0.0,0.0,0.0,1,224.6,228.4,6,228.4,228.4,0.0,0.0,0.0,0.0,373
2023-05-11 09:47:16,MO2403-P-6200,MO2403-P-6200,228.4,0.0,0.0,0.0,1,224.6,228.6,18,228.4,228.4,0.0,0.0,0.0,0.0,373
2023-05-11 09:47:17,MO2403-P-6200,MO2403-P-6200,228.4,0.0,0.0,0.0,1,224.6,228.6,12,228.4,228.4,0.0,0.0,0.0,0.0,373
2023-05-11 09:47:17,MO2403-P-6200,MO2403-P-6200,228.4,0.0,0.0,0.0,1,224.6,228.6,6,228.4,228.4,0.0,0.0,0.0,0.0,373
2023-05-11 09:48:43,MO2403-P-6200,MO2403-P-6200,228.4,0.0,0.0,0.0,6,224.2,228.6,6,228.4,228.4,0.0,0.0,0.0,0.0,373
2023-05-11 09:48:44,MO2403-P-6200,MO2403-P-6200,228.4,0.0,0.0,0.0,24,223.8,228.6,6,228.4,228.4,0.0,0.0,0.0,0.0,373
2023-05-11 09:48:44,MO2403-P-6200,MO2403-P-6200,228.4,0.0,0.0,0.0,6,223.8,228.6,6,228.4,228.4,0.0,0.0,0.0,0.0,373
2023-05-11 09:48:45,MO2403-P-6200,MO2403-P-6200,228.4,0.0,0.0,0.0,7,223.6,228.6,6,228.4,228.4,0.0,0.0,0.0,0.0,373
2023-05-11 09:48:45,MO2403-P-6200,MO2403-P-6200,228.4,0.0,0.0,0.0,1,223.6,228.6,6,228.4,228.4,0.0,0.0,0.0,0.0,373
2023-05-11 09:48:48,MO2403-P-6200,MO2403-P-6200,228.4,0.0,0.0,0.0,1,223.6,228.8,6,228.4,228.4,0.0,0.0,0.0,0.0,373
2023-05-11 09:48:50,MO2403-P-6200,MO2403-P-6200,228.4,0.0,0.0,0.0,1,223.6,228.8,12,228.4,228.4,0.0,0.0,0.0,0.0,373
2023-05-11 09:48:51,MO2403-P-6200,MO2403-P-6200,228.4,0.0,0.0,0.0,1,223.6,228.6,6,228.4,228.4,0.0,0.0,0.0,0.0,373
2023-05-11 09:49:01,MO2403-P-6200,MO2403-P-6200,228.4,0.0,0.0,0.0,1,223.6,228.2,1,228.4,228.4,0.0,0.0,0.0,0.0,373
2023-05-11 09:49:02,MO2403-P-6200,MO2403-P-6200,228.4,0.0,0.0,0.0,1,223.6,228.0,6,228.4,228.4,0.0,0.0,0.0,0.0,373
2023-05-11 09:49:02,MO2403-P-6200,MO2403-P-6200,228.4,0.0,0.0,0.0,6,223.4,228.0,6,228.4,228.4,0.0,0.0,0.0,0.0,373
2023-05-11 09:49:03,MO2403-P-6200,MO2403-P-6200,228.4,0.0,0.0,0.0,6,223.2,228.0,6,228.4,228.4,0.0,0.0,0.0,0.0,373
2023-05-11 09:49:03,MO2403-P-6200,MO2403-P-6200,228.4,0.0,0.0,0.0,12,222.2,228.0,6,228.4,228.4,0.0,0.0,0.0,0.0,373
2023-05-11 09:49:04,MO2403-P-6200,MO2403-P-6200,228.4,0.0,0.0,0.0,1,222.4,228.0,6,228.4,228.4,0.0,0.0,0.0,0.0,373
2023-05-11 09:49:17,MO2403-P-6200,MO2403-P-6200,228.4,0.0,0.0,0.0,1,222.4,228.2,6,228.4,228.4,0.0,0.0,0.0,0.0,373
2023-05-11 09:49:18,MO2403-P-6200,MO2403-P-6200,228.4,0.0,0.0,0.0,7,222.4,228.2,6,228.4,228.4,0.0,0.0,0.0,0.0,373
2023-05-11 09:49:18,MO2403-P-6200,MO2403-P-6200,228.4,0.0,0.0,0.0,1,224.0,228.2,6,228.4,228.4,0.0,0.0,0.0,0.0,373
2023-05-11 09:49:55,MO2403-P-6200,MO2403-P-6200,228.4,0.0,0.0,0.0,1,222.6,228.2,6,228.4,228.4,0.0,0.0,0.0,0.0,373
2023-05-11 09:50:26,MO2403-P-6200,MO2403-P-6200,228.4,0.0,0.0,0.0,2,222.6,228.2,6,228.4,228.4,0.0,0.0,0.0,0.0,373
2023-05-11 09:50:32,MO2403-P-6200,MO2403-P-6200,228.4,0.0,0.0,0.0,1,222.6,228.2,6,228.4,228.4,0.0,0.0,0.0,0.0,373
2023-05-11 09:52:35,MO2403-P-6200,MO2403-P-6200,228.4,0.0,0.0,0.0,6,222.8,228.2,6,228.4,228.4,0.0,0.0,0.0,0.0,373
2023-05-11 09:52:35,MO2403-P-6200,MO2403-P-6200,228.4,0.0,0.0,0.0,1,223.8,228.2,6,228.4,228.4,0.0,0.0,0.0,0.0,373
2023-05-11 09:52:38,MO2403-P-6200,MO2403-P-6200,228.4,0.0,0.0,0.0,2,223.8,228.2,6,228.4,228.4,0.0,0.0,0.0,0.0,373
2023-05-11 09:52:43,MO2403-P-6200,MO2403-P-6200,228.4,0.0,0.0,0.0,1,223.8,228.2,6,228.4,228.4,0.0,0.0,0.0,0.0,373
2023-05-11 09:52:46,MO2403-P-6200,MO2403-P-6200,228.4,0.0,0.0,0.0,1,223.8,228.4,6,228.4,228.4,0.0,0.0,0.0,0.0,373
2023-05-11 09:52:53,MO2403-P-6200,MO2403-P-6200,228.4,0.0,0.0,0.0,7,223.8,228.4,6,228.4,228.4,0.0,0.0,0.0,0.0,373
2023-05-11 09:52:58,MO2403-P-6200,MO2403-P-6200,228.4,0.0,0.0,0.0,1,225.0,228.4,6,228.4,228.4,0.0,0.0,0.0,0.0,373
2023-05-11 09:52:58,MO2403-P-6200,MO2403-P-6200,228.4,0.0,0.0,0.0,1,225.0,228.6,6,228.4,228.4,0.0,0.0,0.0,0.0,373
2023-05-11 09:52:59,MO2403-P-6200,MO2403-P-6200,228.4,0.0,0.0,0.0,1,225.0,228.8,12,228.4,228.4,0.0,0.0,0.0,0.0,373
2023-05-11 09:52:59,MO2403-P-6200,MO2403-P-6200,228.4,0.0,0.0,0.0,1,225.0,229.0,6,228.4,228.4,0.0,0.0,0.0,0.0,373
2023-05-11 09:53:00,MO2403-P-6200,MO2403-P-6200,228.4,0.0,0.0,0.0,1,225.0,229.2,24,228.4,228.4,0.0,0.0,0.0,0.0,373
2023-05-11 09:53:00,MO2403-P-6200,MO2403-P-6200,228.4,0.0,0.0,0.0,1,225.0,229.2,12,228.4,228.4,0.0,0.0,0.0,0.0,373
2023-05-11 09:53:01,MO2403-P-6200,MO2403-P-6200,228.4,0.0,0.0,0.0,1,225.0,229.2,6,228.4,228.4,0.0,0.0,0.0,0.0,373
2023-05-11 09:53:03,MO2403-P-6200,MO2403-P-6200,228.4,0.0,0.0,0.0,1,225.0,229.4,6,228.4,228.4,0.0,0.0,0.0,0.0,373
2023-05-11 09:53:04,MO2403-P-6200,MO2403-P-6200,228.4,0.0,0.0,0.0,1,225.0,229.6,6,228.4,228.4,0.0,0.0,0.0,0.0,373
2023-05-11 09:53:05,MO2403-P-6200,MO2403-P-6200,228.4,0.0,0.0,0.0,1,225.0,229.8,6,228.4,228.4,0.0,0.0,0.0,0.0,373
2023-05-11 09:53:09,MO2403-P-6200,MO2403-P-6200,228.4,0.0,0.0,0.0,6,225.2,230.0,12,228.4,228.4,0.0,0.0,0.0,0.0,373
2023-05-11 09:53:09,MO2403-P-6200,MO2403-P-6200,228.4,0.0,0.0,0.0,12,225.2,230.2,6,228.4,228.4,0.0,0.0,0.0,0.0,373
2023-05-11 09:53:10,MO2403-P-6200,MO2403-P-6200,228.4,0.0,0.0,0.0,6,225.4,230.4,30,228.4,228.4,0.0,0.0,0.0,0.0,373
2023-05-11 09:53:10,MO2403-P-6200,MO2403-P-6200,228.4,0.0,0.0,0.0,6,225.4,230.4,12,228.4,228.4,0.0,0.0,0.0,0.0,373
2023-05-11 09:53:11,MO2403-P-6200,MO2403-P-6200,228.4,0.0,0.0,0.0,6,225.4,230.4,6,228.4,228.4,0.0,0.0,0.0,0.0,373
2023-05-11 09:53:12,MO2403-P-6200,MO2403-P-6200,228.4,0.0,0.0,0.0,6,225.2,230.8,6,228.4,228.4,0.0,0.0,0.0,0.0,373
2023-05-11 09:53:13,MO2403-P-6200,MO2403-P-6200,228.4,0.0,0.0,0.0,7,225.2,230.8,6,228.4,228.4,0.0,0.0,0.0,0.0,373
2023-05-11 09:53:23,MO2403-P-6200,MO2403-P-6200,228.4,0.0,0.0,0.0,1,225.4,230.8,6,228.4,228.4,0.0,0.0,0.0,0.0,373
2023-05-11 09:53:27,MO2403-P-6200,MO2403-P-6200,228.4,0.0,0.0,0.0,7,225.4,230.8,6,228.4,228.4,0.0,0.0,0.0,0.0,373
2023-05-11 09:53:27,MO2403-P-6200,MO2403-P-6200,228.4,0.0,0.0,0.0,1,225.4,230.8,6,228.4,228.4,0.0,0.0,0.0,0.0,373
2023-05-11 09:53:30,MO2403-P-6200,MO2403-P-6200,228.4,0.0,0.0,0.0,6,225.6,231.0,18,228.4,228.4,0.0,0.0,0.0,0.0,373
2023-05-11 09:53:30,MO2403-P-6200,MO2403-P-6200,228.4,0.0,0.0,0.0,6,225.6,231.0,12,228.4,228.4,0.0,0.0,0.0,0.0,373
2023-05-11 09:53:31,MO2403-P-6200,MO2403-P-6200,228.4,0.0,0.0,0.0,6,225.6,231.0,6,228.4,228.4,0.0,0.0,0.0,0.0,373
2023-05-11 09:53:32,MO2403-P-6200,MO2403-P-6200,228.4,0.0,0.0,0.0,6,225.6,231.2,7,228.4,228.4,0.0,0.0,0.0,0.0,373
2023-05-11 09:53:32,MO2403-P-6200,MO2403-P-6200,228.4,0.0,0.0,0.0,6,225.6,231.2,1,228.4,228.4,0.0,0.0,0.0,0.0,373
2023-05-11 09:53:33,MO2403-P-6200,MO2403-P-6200,228.4,0.0,0.0,0.0,7,225.6,231.2,1,228.4,228.4,0.0,0.0,0.0,0.0,373
2023-05-11 09:53:34,MO2403-P-6200,MO2403-P-6200,228.4,0.0,0.0,0.0,6,225.8,231.2,7,228.4,228.4,0.0,0.0,0.0,0.0,373
2023-05-11 09:53:38,MO2403-P-6200,MO2403-P-6200,228.4,0.0,0.0,0.0,1,226.4,231.2,7,228.4,228.4,0.0,0.0,0.0,0.0,373
2023-05-11 09:53:38,MO2403-P-6200,MO2403-P-6200,228.4,0.0,0.0,0.0,6,226.6,231.2,1,228.4,228.4,0.0,0.0,0.0,0.0,373
2023-05-11 09:53:42,MO2403-P-6200,MO2403-P-6200,228.4,0.0,0.0,0.0,6,226.6,231.4,12,228.4,228.4,0.0,0.0,0.0,0.0,373
2023-05-11 09:53:42,MO2403-P-6200,MO2403-P-6200,228.4,0.0,0.0,0.0,6,226.6,231.6,6,228.4,228.4,0.0,0.0,0.0,0.0,373
2023-05-11 09:53:43,MO2403-P-6200,MO2403-P-6200,228.4,0.0,0.0,0.0,6,226.6,231.8,24,228.4,228.4,0.0,0.0,0.0,0.0,373
2023-05-11 09:53:43,MO2403-P-6200,MO2403-P-6200,228.4,0.0,0.0,0.0,6,226.6,231.8,12,228.4,228.4,0.0,0.0,0.0,0.0,373
2023-05-11 09:53:44,MO2403-P-6200,MO2403-P-6200,228.4,0.0,0.0,0.0,6,226.6,231.8,6,228.4,228.4,0.0,0.0,0.0,0.0,373
2023-05-11 09:53:44,MO2403-P-6200,MO2403-P-6200,228.4,0.0,0.0,0.0,13,226.4,232.0,6,228.4,228.4,0.0,0.0,0.0,0.0,373
2023-05-11 09:53:48,MO2403-P-6200,MO2403-P-6200,228.4,0.0,0.0,0.0,8,226.4,232.0,6,228.4,228.4,0.0,0.0,0.0,0.0,373
2023-05-11 09:53:51,MO2403-P-6200,MO2403-P-6200,228.4,0.0,0.0,0.0,2,226.4,232.0,6,228.4,228.4,0.0,0.0,0.0,0.0,373
2023-05-11 09:53:53,MO2403-P-6200,MO2403-P-6200,228.4,0.0,0.0,0.0,2,226.4,231.2,1,228.4,228.4,0.0,0.0,0.0,0.0,373
2023-05-11 09:53:54,MO2403-P-6200,MO2403-P-6200,228.4,0.0,0.0,0.0,2,226.4,231.0,6,228.4,228.4,0.0,0.0,0.0,0.0,373
2023-05-11 09:53:58,MO2403-P-6200,MO2403-P-6200,228.4,0.0,0.0,0.0,1,226.6,231.0,6,228.4,228.4,0.0,0.0,0.0,0.0,373
2023-05-11 09:54:00,MO2403-P-6200,MO2403-P-6200,228.4,0.0,0.0,0.0,1,226.6,231.2,7,228.4,228.4,0.0,0.0,0.0,0.0,373
2023-05-11 09:54:01,MO2403-P-6200,MO2403-P-6200,228.4,0.0,0.0,0.0,1,226.6,231.0,6,228.4,228.4,0.0,0.0,0.0,0.0,373
2023-05-11 09:54:03,MO2403-P-6200,MO2403-P-6200,228.4,0.0,0.0,0.0,1,226.6,231.0,12,228.4,228.4,0.0,0.0,0.0,0.0,373
2023-05-11 09:54:04,MO2403-P-6200,MO2403-P-6200,228.4,0.0,0.0,0.0,1,226.6,230.8,6,228.4,228.4,0.0,0.0,0.0,0.0,373
2023-05-11 09:54:22,MO2403-P-6200,MO2403-P-6200,228.4,0.0,0.0,0.0,1,226.0,230.8,6,228.4,228.4,0.0,0.0,0.0,0.0,373
2023-05-11 09:54:38,MO2403-P-6200,MO2403-P-6200,228.4,0.0,0.0,0.0,1,225.4,230.0,1,228.4,228.4,0.0,0.0,0.0,0.0,373
2023-05-11 09:54:38,MO2403-P-6200,MO2403-P-6200,228.4,0.0,0.0,0.0,1,225.4,229.8,6,228.4,228.4,0.0,0.0,0.0,0.0,373
2023-05-11 09:54:54,MO2403-P-6200,MO2403-P-6200,228.4,0.0,0.0,0.0,2,224.8,229.8,6,228.4,228.4,0.0,0.0,0.0,0.0,373
2023-05-11 09:55:03,MO2403-P-6200,MO2403-P-6200,228.4,0.0,0.0,0.0,2,224.8,230.0,1,228.4,228.4,0.0,0.0,0.0,0.0,373
2023-05-11 09:55:03,MO2403-P-6200,MO2403-P-6200,228.4,0.0,0.0,0.0,6,225.0,230.0,7,228.4,228.4,0.0,0.0,0.0,0.0,373
2023-05-11 09:55:04,MO2403-P-6200,MO2403-P-6200,228.4,0.0,0.0,0.0,6,225.2,230.0,7,228.4,228.4,0.0,0.0,0.0,0.0,373
2023-05-11 09:55:04,MO2403-P-6200,MO2403-P-6200,228.4,0.0,0.0,0.0,12,225.2,230.0,7,228.4,228.4,0.0,0.0,0.0,0.0,373
2023-05-11 09:55:11,MO2403-P-6200,MO2403-P-6200,228.4,0.0,0.0,0.0,6,225.4,230.0,1,228.4,228.4,0.0,0.0,0.0,0.0,373
2023-05-11 09:55:12,MO2403-P-6200,MO2403-P-6200,228.4,0.0,0.0,0.0,1,226.2,230.8,12,228.4,228.4,0.0,0.0,0.0,0.0,373
2023-05-11 09:55:12,MO2403-P-6200,MO2403-P-6200,228.4,0.0,0.0,0.0,1,226.2,230.6,6,228.4,228.4,0.0,0.0,0.0,0.0,373
2023-05-11 09:55:13,MO2403-P-6200,MO2403-P-6200,228.4,0.0,0.0,0.0,1,226.2,230.8,6,228.4,228.4,0.0,0.0,0.0,0.0,373
2023-05-11 09:55:16,MO2403-P-6200,MO2403-P-6200,228.4,0.0,0.0,0.0,1,226.2,228.4,1,228.4,228.4,0.0,0.0,0.0,0.0,373
2023-05-11 09:55:34,MO2403-P-6200,MO2403-P-6200,228.4,0.0,0.0,0.0,2,226.2,228.4,1,228.4,228.4,0.0,0.0,0.0,0.0,373
2023-05-11 09:55:44,MO2403-P-6200,MO2403-P-6200,228.4,0.0,0.0,0.0,1,226.4,228.4,1,228.4,228.4,0.0,0.0,0.0,0.0,373
2023-05-11 09:55:52,MO2403-P-6200,MO2403-P-6200,228.4,0.0,0.0,0.0,7,226.4,228.4,1,228.4,228.4,0.0,0.0,0.0,0.0,373
2023-05-11 09:56:01,MO2403-P-6200,MO2403-P-6200,228.4,0.0,0.0,0.0,1,226.6,228.4,1,228.4,228.4,0.0,0.0,0.0,0.0,373
2023-05-11 09:56:09,MO2403-P-6200,MO2403-P-6200,228.4,1.0,22840.0,1.0,1,227.6,228.8,1,228.4,228.4,228.4,228.4,1.0,22840.0,374
2023-05-11 09:56:10,MO2403-P-6200,MO2403-P-6200,228.4,0.0,0.0,0.0,7,227.6,228.8,1,228.4,228.4,228.4,228.4,1.0,22840.0,374
2023-05-11 09:56:21,MO2403-P-6200,MO2403-P-6200,228.4,0.0,0.0,0.0,6,227.2,228.8,1,228.4,228.4,228.4,228.4,1.0,22840.0,374
2023-05-11 09:56:22,MO2403-P-6200,MO2403-P-6200,228.4,0.0,0.0,0.0,6,226.6,228.8,1,228.4,228.4,228.4,228.4,1.0,22840.0,374
2023-05-11 09:56:27,MO2403-P-6200,MO2403-P-6200,228.4,0.0,0.0,0.0,12,226.2,228.8,1,228.4,228.4,228.4,228.4,1.0,22840.0,374
2023-05-11 09:56:28,MO2403-P-6200,MO2403-P-6200,228.4,0.0,0.0,0.0,6,226.0,228.8,1,228.4,228.4,228.4,228.4,1.0,22840.0,374
2023-05-11 09:56:28,MO2403-P-6200,MO2403-P-6200,228.4,0.0,0.0,0.0,20,225.8,228.8,1,228.4,228.4,228.4,228.4,1.0,22840.0,374
2023-05-11 09:56:29,MO2403-P-6200,MO2403-P-6200,228.4,0.0,0.0,0.0,14,225.8,228.8,1,228.4,228.4,228.4,228.4,1.0,22840.0,374
2023-05-11 09:56:30,MO2403-P-6200,MO2403-P-6200,228.4,0.0,0.0,0.0,8,225.8,228.8,1,228.4,228.4,228.4,228.4,1.0,22840.0,374
2023-05-11 09:56:31,MO2403-P-6200,MO2403-P-6200,228.4,0.0,0.0,0.0,2,225.8,228.8,1,228.4,228.4,228.4,228.4,1.0,22840.0,374
2023-05-11 09:56:39,MO2403-P-6200,MO2403-P-6200,228.4,0.0,0.0,0.0,1,226.0,228.8,1,228.4,228.4,228.4,228.4,1.0,22840.0,374
2023-05-11 09:56:41,MO2403-P-6200,MO2403-P-6200,228.4,0.0,0.0,0.0,1,225.8,228.8,1,228.4,228.4,228.4,228.4,1.0,22840.0,374
2023-05-11 09:56:46,MO2403-P-6200,MO2403-P-6200,228.4,0.0,0.0,0.0,2,225.8,228.8,1,228.4,228.4,228.4,228.4,1.0,22840.0,374
2023-05-11 09:56:48,MO2403-P-6200,MO2403-P-6200,228.4,0.0,0.0,0.0,1,227.2,228.8,1,228.4,228.4,228.4,228.4,1.0,22840.0,374
2023-05-11 09:57:42,MO2403-P-6200,MO2403-P-6200,228.4,0.0,0.0,0.0,6,226.4,228.8,1,228.4,228.4,228.4,228.4,1.0,22840.0,374
2023-05-11 09:57:42,MO2403-P-6200,MO2403-P-6200,228.4,0.0,0.0,0.0,13,226.2,228.8,1,228.4,228.4,228.4,228.4,1.0,22840.0,374
2023-05-11 09:57:43,MO2403-P-6200,MO2403-P-6200,228.4,0.0,0.0,0.0,7,226.2,228.8,1,228.4,228.4,228.4,228.4,1.0,22840.0,374
2023-05-11 09:57:43,MO2403-P-6200,MO2403-P-6200,228.4,0.0,0.0,0.0,13,226.0,228.8,1,228.4,228.4,228.4,228.4,1.0,22840.0,374
2023-05-11 09:57:44,MO2403-P-6200,MO2403-P-6200,228.4,0.0,0.0,0.0,7,226.0,228.8,1,228.4,228.4,228.4,228.4,1.0,22840.0,374
2023-05-11 09:57:45,MO2403-P-6200,MO2403-P-6200,228.4,0.0,0.0,0.0,1,226.0,228.8,1,228.4,228.4,228.4,228.4,1.0,22840.0,374
2023-05-11 09:57:58,MO2403-P-6200,MO2403-P-6200,228.4,0.0,0.0,0.0,7,226.0,228.8,1,228.4,228.4,228.4,228.4,1.0,22840.0,374
2023-05-11 09:58:00,MO2403-P-6200,MO2403-P-6200,228.4,0.0,0.0,0.0,1,226.0,228.8,1,228.4,228.4,228.4,228.4,1.0,22840.0,374
2023-05-11 09:58:03,MO2403-P-6200,MO2403-P-6200,228.4,0.0,0.0,0.0,8,226.0,228.8,1,228.4,228.4,228.4,228.4,1.0,22840.0,374
2023-05-11 09:58:13,MO2403-P-6200,MO2403-P-6200,228.4,0.0,0.0,0.0,1,226.2,228.8,1,228.4,228.4,228.4,228.4,1.0,22840.0,374
2023-05-11 09:58:23,MO2403-P-6200,MO2403-P-6200,228.4,0.0,0.0,0.0,1,226.4,228.8,1,228.4,228.4,228.4,228.4,1.0,22840.0,374
2023-05-11 09:58:38,MO2403-P-6200,MO2403-P-6200,228.4,0.0,0.0,0.0,7,226.0,228.8,1,228.4,228.4,228.4,228.4,1.0,22840.0,374
2023-05-11 09:58:39,MO2403-P-6200,MO2403-P-6200,228.4,0.0,0.0,0.0,1,226.0,228.8,1,228.4,228.4,228.4,228.4,1.0,22840.0,374
2023-05-11 09:59:17,MO2403-P-6200,MO2403-P-6200,228.4,0.0,0.0,0.0,7,226.0,228.8,1,228.4,228.4,228.4,228.4,1.0,22840.0,374
2023-05-11 09:59:17,MO2403-P-6200,MO2403-P-6200,228.4,0.0,0.0,0.0,1,226.0,228.8,1,228.4,228.4,228.4,228.4,1.0,22840.0,374
2023-05-11 09:59:19,MO2403-P-6200,MO2403-P-6200,228.4,0.0,0.0,0.0,7,226.0,228.8,1,228.4,228.4,228.4,228.4,1.0,22840.0,374
2023-05-11 09:59:23,MO2403-P-6200,MO2403-P-6200,228.4,0.0,0.0,0.0,1,226.0,228.8,1,228.4,228.4,228.4,228.4,1.0,22840.0,374
2023-05-11 09:59:37,MO2403-P-6200,MO2403-P-6200,228.4,0.0,0.0,0.0,1,226.0,228.8,7,228.4,228.4,228.4,228.4,1.0,22840.0,374
2023-05-11 09:59:37,MO2403-P-6200,MO2403-P-6200,228.4,0.0,0.0,0.0,1,226.0,228.6,6,228.4,228.4,228.4,228.4,1.0,22840.0,374
2023-05-11 09:59:40,MO2403-P-6200,MO2403-P-6200,228.4,0.0,0.0,0.0,1,226.0,228.8,1,228.4,228.4,228.4,228.4,1.0,22840.0,374
2023-05-11 09:59:55,MO2403-P-6200,MO2403-P-6200,228.4,0.0,0.0,0.0,1,226.0,228.8,7,228.4,228.4,228.4,228.4,1.0,22840.0,374
2023-05-11 09:59:56,MO2403-P-6200,MO2403-P-6200,228.4,0.0,0.0,0.0,12,225.0,228.8,7,228.4,228.4,228.4,228.4,1.0,22840.0,374
2023-05-11 09:59:57,MO2403-P-6200,MO2403-P-6200,228.4,0.0,0.0,0.0,6,224.8,228.6,6,228.4,228.4,228.4,228.4,1.0,22840.0,374
2023-05-11 09:59:57,MO2403-P-6200,MO2403-P-6200,228.4,0.0,0.0,0.0,19,224.6,228.6,6,228.4,228.4,228.4,228.4,1.0,22840.0,374
2023-05-11 09:59:58,MO2403-P-6200,MO2403-P-6200,228.4,0.0,0.0,0.0,7,224.6,228.6,6,228.4,228.4,228.4,228.4,1.0,22840.0,374
2023-05-11 09:59:58,MO2403-P-6200,MO2403-P-6200,228.4,0.0,0.0,0.0,1,224.6,228.6,6,228.4,228.4,228.4,228.4,1.0,22840.0,374
2023-05-11 10:00:05,MO2403-P-6200,MO2403-P-6200,228.4,0.0,0.0,0.0,1,224.6,228.6,12,228.4,228.4,228.4,228.4,1.0,22840.0,374
2023-05-11 10:00:06,MO2403-P-6200,MO2403-P-6200,228.4,0.0,0.0,0.0,1,224.6,228.4,6,228.4,228.4,228.4,228.4,1.0,22840.0,374
2023-05-11 10:00:10,MO2403-P-6200,MO2403-P-6200,228.4,0.0,0.0,0.0,1,224.6,228.6,6,228.4,228.4,228.4,228.4,1.0,22840.0,374
2023-05-11 10:01:22,MO2403-P-6200,MO2403-P-6200,228.4,0.0,0.0,0.0,7,224.6,228.6,6,228.4,228.4,228.4,228.4,1.0,22840.0,374
2023-05-11 10:01:35,MO2403-P-6200,MO2403-P-6200,228.4,0.0,0.0,0.0,7,224.6,228.8,1,228.4,228.4,228.4,228.4,1.0,22840.0,374
2023-05-11 10:01:49,MO2403-P-6200,MO2403-P-6200,228.4,0.0,0.0,0.0,8,224.6,228.8,1,228.4,228.4,228.4,228.4,1.0,22840.0,374
2023-05-11 10:01:49,MO2403-P-6200,MO2403-P-6200,228.4,0.0,0.0,0.0,1,225.8,228.8,1,228.4,228.4,228.4,228.4,1.0,22840.0,374
2023-05-11 10:02:08,MO2403-P-6200,MO2403-P-6200,228.4,0.0,0.0,0.0,1,225.8,228.8,7,228.4,228.4,228.4,228.4,1.0,22840.0,374
2023-05-11 10:02:41,MO2403-P-6200,MO2403-P-6200,228.4,0.0,0.0,0.0,1,225.8,228.8,1,228.4,228.4,228.4,228.4,1.0,22840.0,374
2023-05-11 10:02:46,MO2403-P-6200,MO2403-P-6200,228.4,0.0,0.0,0.0,1,225.8,228.8,7,228.4,228.4,228.4,228.4,1.0,22840.0,374
2023-05-11 10:02:47,MO2403-P-6200,MO2403-P-6200,228.4,0.0,0.0,0.0,1,225.8,228.8,1,228.4,228.4,228.4,228.4,1.0,22840.0,374
2023-05-11 10:02:57,MO2403-P-6200,MO2403-P-6200,228.4,0.0,0.0,0.0,1,225.2,228.8,1,228.4,228.4,228.4,228.4,1.0,22840.0,374
2023-05-11 10:02:58,MO2403-P-6200,MO2403-P-6200,228.4,0.0,0.0,0.0,1,225.2,228.8,7,228.4,228.4,228.4,228.4,1.0,22840.0,374
2023-05-11 10:02:59,MO2403-P-6200,MO2403-P-6200,228.4,0.0,0.0,0.0,13,224.6,228.6,6,228.4,228.4,228.4,228.4,1.0,22840.0,374
2023-05-11 10:02:59,MO2403-P-6200,MO2403-P-6200,228.4,0.0,0.0,0.0,7,224.6,228.6,6,228.4,228.4,228.4,228.4,1.0,22840.0,374
2023-05-11 10:03:00,MO2403-P-6200,MO2403-P-6200,228.4,0.0,0.0,0.0,1,224.6,228.6,6,228.4,228.4,228.4,228.4,1.0,22840.0,374
2023-05-11 10:03:20,MO2403-P-6200,MO2403-P-6200,228.4,0.0,0.0,0.0,2,224.6,228.6,6,228.4,228.4,228.4,228.4,1.0,22840.0,374
2023-05-11 10:03:33,MO2403-P-6200,MO2403-P-6200,228.4,0.0,0.0,0.0,1,224.6,228.6,6,228.4,228.4,228.4,228.4,1.0,22840.0,374
2023-05-11 10:03:35,MO2403-P-6200,MO2403-P-6200,228.4,0.0,0.0,0.0,1,224.8,228.6,6,228.4,228.4,228.4,228.4,1.0,22840.0,374
2023-05-11 10:03:38,MO2403-P-6200,MO2403-P-6200,228.4,0.0,0.0,0.0,13,224.2,228.6,6,228.4,228.4,228.4,228.4,1.0,22840.0,374
2023-05-11 10:03:38,MO2403-P-6200,MO2403-P-6200,228.4,0.0,0.0,0.0,7,224.2,228.6,6,228.4,228.4,228.4,228.4,1.0,22840.0,374
2023-05-11 10:03:39,MO2403-P-6200,MO2403-P-6200,228.4,0.0,0.0,0.0,1,224.2,228.6,6,228.4,228.4,228.4,228.4,1.0,22840.0,374
2023-05-11 10:03:51,MO2403-P-6200,MO2403-P-6200,228.4,0.0,0.0,0.0,1,224.4,228.6,6,228.4,228.4,228.4,228.4,1.0,22840.0,374
2023-05-11 10:04:16,MO2403-P-6200,MO2403-P-6200,228.4,0.0,0.0,0.0,13,223.8,228.6,6,228.4,228.4,228.4,228.4,1.0,22840.0,374
2023-05-11 10:04:16,MO2403-P-6200,MO2403-P-6200,228.4,0.0,0.0,0.0,7,223.8,228.6,6,228.4,228.4,228.4,228.4,1.0,22840.0,374
2023-05-11 10:04:17,MO2403-P-6200,MO2403-P-6200,228.4,0.0,0.0,0.0,1,223.8,228.6,6,228.4,228.4,228.4,228.4,1.0,22840.0,374
2023-05-11 10:04:26,MO2403-P-6200,MO2403-P-6200,228.4,0.0,0.0,0.0,1,224.0,228.6,6,228.4,228.4,228.4,228.4,1.0,22840.0,374
2023-05-11 10:04:29,MO2403-P-6200,MO2403-P-6200,228.4,0.0,0.0,0.0,7,224.0,228.6,6,228.4,228.4,228.4,228.4,1.0,22840.0,374
2023-05-11 10:04:34,MO2403-P-6200,MO2403-P-6200,228.4,0.0,0.0,0.0,1,224.0,228.6,6,228.4,228.4,228.4,228.4,1.0,22840.0,374
2023-05-11 10:04:36,MO2403-P-6200,MO2403-P-6200,228.4,0.0,0.0,0.0,1,224.2,228.6,6,228.4,228.4,228.4,228.4,1.0,22840.0,374
2023-05-11 10:04:54,MO2403-P-6200,MO2403-P-6200,228.4,0.0,0.0,0.0,1,224.4,228.6,6,228.4,228.4,228.4,228.4,1.0,22840.0,374
2023-05-11 10:05:04,MO2403-P-6200,MO2403-P-6200,228.4,0.0,0.0,0.0,1,224.6,228.6,6,228.4,228.4,228.4,228.4,1.0,22840.0,374
2023-05-11 10:05:20,MO2403-P-6200,MO2403-P-6200,228.4,0.0,0.0,0.0,19,223.2,228.6,6,228.4,228.4,228.4,228.4,1.0,22840.0,374
2023-05-11 10:05:21,MO2403-P-6200,MO2403-P-6200,228.4,0.0,0.0,0.0,7,223.2,228.6,6,228.4,228.4,228.4,228.4,1.0,22840.0,374
2023-05-11 10:05:21,MO2403-P-6200,MO2403-P-6200,228.4,0.0,0.0,0.0,1,223.2,228.6,6,228.4,228.4,228.4,228.4,1.0,22840.0,374
2023-05-11 10:06:01,MO2403-P-6200,MO2403-P-6200,228.4,0.0,0.0,0.0,1,223.2,228.6,12,228.4,228.4,228.4,228.4,1.0,22840.0,374
2023-05-11 10:06:01,MO2403-P-6200,MO2403-P-6200,228.4,0.0,0.0,0.0,1,223.2,228.4,6,228.4,228.4,228.4,228.4,1.0,22840.0,374
2023-05-11 10:06:12,MO2403-P-6200,MO2403-P-6200,228.4,0.0,0.0,0.0,1,223.2,228.6,6,228.4,228.4,228.4,228.4,1.0,22840.0,374
2023-05-11 10:06:37,MO2403-P-6200,MO2403-P-6200,228.4,0.0,0.0,0.0,7,223.2,228.6,6,228.4,228.4,228.4,228.4,1.0,22840.0,374
2023-05-11 10:06:57,MO2403-P-6200,MO2403-P-6200,228.4,0.0,0.0,0.0,1,224.6,228.6,6,228.4,228.4,228.4,228.4,1.0,22840.0,374
2023-05-11 10:07:16,MO2403-P-6200,MO2403-P-6200,228.4,0.0,0.0,0.0,1,224.6,228.8,7,228.4,228.4,228.4,228.4,1.0,22840.0,374
2023-05-11 10:07:43,MO2403-P-6200,MO2403-P-6200,228.4,0.0,0.0,0.0,7,224.6,228.8,1,228.4,228.4,228.4,228.4,1.0,22840.0,374
2023-05-11 10:07:47,MO2403-P-6200,MO2403-P-6200,228.4,0.0,0.0,0.0,6,224.8,228.8,1,228.4,228.4,228.4,228.4,1.0,22840.0,374
2023-05-11 10:07:52,MO2403-P-6200,MO2403-P-6200,228.4,0.0,0.0,0.0,12,224.8,228.8,1,228.4,228.4,228.4,228.4,1.0,22840.0,374
2023-05-11 10:07:52,MO2403-P-6200,MO2403-P-6200,228.4,0.0,0.0,0.0,6,225.0,228.8,1,228.4,228.4,228.4,228.4,1.0,22840.0,374
2023-05-11 10:08:13,MO2403-P-6200,MO2403-P-6200,228.4,0.0,0.0,0.0,1,226.2,228.8,1,228.4,228.4,228.4,228.4,1.0,22840.0,374
2023-05-11 10:09:39,MO2403-P-6200,MO2403-P-6200,228.4,0.0,0.0,0.0,12,225.6,228.8,1,228.4,228.4,228.4,228.4,1.0,22840.0,374
2023-05-11 10:09:39,MO2403-P-6200,MO2403-P-6200,228.4,0.0,0.0,0.0,6,225.4,228.8,1,228.4,228.4,228.4,228.4,1.0,22840.0,374
2023-05-11 10:09:40,MO2403-P-6200,MO2403-P-6200,228.4,0.0,0.0,0.0,12,225.2,228.8,1,228.4,228.4,228.4,228.4,1.0,22840.0,374
2023-05-11 10:09:40,MO2403-P-6200,MO2403-P-6200,228.4,0.0,0.0,0.0,7,225.0,228.8,1,228.4,228.4,228.4,228.4,1.0,22840.0,374
2023-05-11 10:09:41,MO2403-P-6200,MO2403-P-6200,228.4,0.0,0.0,0.0,1,225.0,228.8,1,228.4,228.4,228.4,228.4,1.0,22840.0,374
2023-05-11 10:09:41,MO2403-P-6200,MO2403-P-6200,228.4,0.0,0.0,0.0,7,225.0,228.8,1,228.4,228.4,228.4,228.4,1.0,22840.0,374
2023-05-11 10:09:44,MO2403-P-6200,MO2403-P-6200,228.4,0.0,0.0,0.0,1,225.0,228.8,1,228.4,228.4,228.4,228.4,1.0,22840.0,374
2023-05-11 10:09:54,MO2403-P-6200,MO2403-P-6200,228.4,0.0,0.0,0.0,25,224.6,228.8,1,228.4,228.4,228.4,228.4,1.0,22840.0,374
2023-05-11 10:09:54,MO2403-P-6200,MO2403-P-6200,228.4,0.0,0.0,0.0,19,224.6,228.8,1,228.4,228.4,228.4,228.4,1.0,22840.0,374
2023-05-11 10:09:59,MO2403-P-6200,MO2403-P-6200,228.4,0.0,0.0,0.0,20,224.6,228.8,1,228.4,228.4,228.4,228.4,1.0,22840.0,374
2023-05-11 10:10:02,MO2403-P-6200,MO2403-P-6200,228.4,0.0,0.0,0.0,8,224.6,228.6,6,228.4,228.4,228.4,228.4,1.0,22840.0,374
2023-05-11 10:10:02,MO2403-P-6200,MO2403-P-6200,228.4,0.0,0.0,0.0,2,224.6,228.6,6,228.4,228.4,228.4,228.4,1.0,22840.0,374
2023-05-11 10:10:06,MO2403-P-6200,MO2403-P-6200,228.4,0.0,0.0,0.0,1,225.8,228.8,1,228.4,228.4,228.4,228.4,1.0,22840.0,374
2023-05-11 10:10:14,MO2403-P-6200,MO2403-P-6200,228.4,0.0,0.0,0.0,6,224.6,228.8,1,228.4,228.4,228.4,228.4,1.0,22840.0,374
2023-05-11 10:10:15,MO2403-P-6200,MO2403-P-6200,228.4,0.0,0.0,0.0,1,224.2,228.6,6,228.4,228.4,228.4,228.4,1.0,22840.0,374
2023-05-11 10:10:17,MO2403-P-6200,MO2403-P-6200,228.4,0.0,0.0,0.0,13,224.0,228.6,6,228.4,228.4,228.4,228.4,1.0,22840.0,374
2023-05-11 10:10:18,MO2403-P-6200,MO2403-P-6200,228.4,0.0,0.0,0.0,7,224.0,228.6,12,228.4,228.4,228.4,228.4,1.0,22840.0,374
2023-05-11 10:10:18,MO2403-P-6200,MO2403-P-6200,228.4,0.0,0.0,0.0,1,224.0,228.4,6,228.4,228.4,228.4,228.4,1.0,22840.0,374
2023-05-11 10:10:20,MO2403-P-6200,MO2403-P-6200,228.4,0.0,0.0,0.0,1,224.0,228.4,7,228.4,228.4,228.4,228.4,1.0,22840.0,374
2023-05-11 10:10:20,MO2403-P-6200,MO2403-P-6200,228.4,0.0,0.0,0.0,1,224.0,228.2,6,228.4,228.4,228.4,228.4,1.0,22840.0,374
2023-05-11 10:10:37,MO2403-P-6200,MO2403-P-6200,228.4,0.0,0.0,0.0,1,224.0,228.4,6,228.4,228.4,228.4,228.4,1.0,22840.0,374
2023-05-11 10:10:54,MO2403-P-6200,MO2403-P-6200,228.4,0.0,0.0,0.0,12,223.6,228.4,6,228.4,228.4,228.4,228.4,1.0,22840.0,374
2023-05-11 10:10:55,MO2403-P-6200,MO2403-P-6200,228.4,0.0,0.0,0.0,6,223.4,228.4,6,228.4,228.4,228.4,228.4,1.0,22840.0,374
2023-05-11 10:10:55,MO2403-P-6200,MO2403-P-6200,228.4,0.0,0.0,0.0,19,223.2,228.4,6,228.4,228.4,228.4,228.4,1.0,22840.0,374
2023-05-11 10:10:56,MO2403-P-6200,MO2403-P-6200,228.4,0.0,0.0,0.0,7,223.2,228.4,6,228.4,228.4,228.4,228.4,1.0,22840.0,374
2023-05-11 10:10:56,MO2403-P-6200,MO2403-P-6200,228.4,0.0,0.0,0.0,1,223.2,228.4,6,228.4,228.4,228.4,228.4,1.0,22840.0,374
2023-05-11 10:11:01,MO2403-P-6200,MO2403-P-6200,228.4,0.0,0.0,0.0,1,223.2,228.0,1,228.4,228.4,228.4,228.4,1.0,22840.0,374
2023-05-11 10:11:01,MO2403-P-6200,MO2403-P-6200,228.4,0.0,0.0,0.0,1,223.2,227.8,6,228.4,228.4,228.4,228.4,1.0,22840.0,374
2023-05-11 10:11:02,MO2403-P-6200,MO2403-P-6200,228.4,0.0,0.0,0.0,1,222.6,227.8,6,228.4,228.4,228.4,228.4,1.0,22840.0,374
2023-05-11 10:11:22,MO2403-P-6200,MO2403-P-6200,228.4,0.0,0.0,0.0,16,222.0,227.8,6,228.4,228.4,228.4,228.4,1.0,22840.0,374
2023-05-11 10:11:23,MO2403-P-6200,MO2403-P-6200,228.4,0.0,0.0,0.0,10,222.0,227.8,6,228.4,228.4,228.4,228.4,1.0,22840.0,374
2023-05-11 10:11:23,MO2403-P-6200,MO2403-P-6200,228.4,0.0,0.0,0.0,2,222.0,227.8,6,228.4,228.4,228.4,228.4,1.0,22840.0,374
2023-05-11 10:11:32,MO2403-P-6200,MO2403-P-6200,228.4,0.0,0.0,0.0,1,222.2,227.8,6,228.4,228.4,228.4,228.4,1.0,22840.0,374
2023-05-11 10:11:43,MO2403-P-6200,MO2403-P-6200,228.4,0.0,0.0,0.0,1,223.4,227.8,6,228.4,228.4,228.4,228.4,1.0,22840.0,374
2023-05-11 10:14:07,MO2403-P-6200,MO2403-P-6200,228.4,0.0,0.0,0.0,1,222.8,227.8,6,228.4,228.4,228.4,228.4,1.0,22840.0,374
2023-05-11 10:14:11,MO2403-P-6200,MO2403-P-6200,228.4,0.0,0.0,0.0,1,223.0,227.8,6,228.4,228.4,228.4,228.4,1.0,22840.0,374
2023-05-11 10:14:18,MO2403-P-6200,MO2403-P-6200,228.4,0.0,0.0,0.0,12,222.6,227.8,6,228.4,228.4,228.4,228.4,1.0,22840.0,374
2023-05-11 10:14:19,MO2403-P-6200,MO2403-P-6200,228.4,0.0,0.0,0.0,7,222.4,227.8,6,228.4,228.4,228.4,228.4,1.0,22840.0,374
2023-05-11 10:14:19,MO2403-P-6200,MO2403-P-6200,228.4,0.0,0.0,0.0,1,222.4,227.8,6,228.4,228.4,228.4,228.4,1.0,22840.0,374
2023-05-11 10:14:53,MO2403-P-6200,MO2403-P-6200,228.4,0.0,0.0,0.0,13,222.2,227.8,6,228.4,228.4,228.4,228.4,1.0,22840.0,374
2023-05-11 10:14:54,MO2403-P-6200,MO2403-P-6200,228.4,0.0,0.0,0.0,7,222.2,227.8,6,228.4,228.4,228.4,228.4,1.0,22840.0,374
2023-05-11 10:14:54,MO2403-P-6200,MO2403-P-6200,228.4,0.0,0.0,0.0,1,222.2,227.8,6,228.4,228.4,228.4,228.4,1.0,22840.0,374
2023-05-11 10:14:55,MO2403-P-6200,MO2403-P-6200,228.4,0.0,0.0,0.0,1,222.2,227.8,12,228.4,228.4,228.4,228.4,1.0,22840.0,374
2023-05-11 10:14:55,MO2403-P-6200,MO2403-P-6200,228.4,0.0,0.0,0.0,1,222.2,227.6,6,228.4,228.4,228.4,228.4,1.0,22840.0,374
2023-05-11 10:15:38,MO2403-P-6200,MO2403-P-6200,228.4,0.0,0.0,0.0,1,222.2,227.8,6,228.4,228.4,228.4,228.4,1.0,22840.0,374
2023-05-11 10:15:43,MO2403-P-6200,MO2403-P-6200,228.4,0.0,0.0,0.0,2,222.2,227.8,6,228.4,228.4,228.4,228.4,1.0,22840.0,374
2023-05-11 10:15:53,MO2403-P-6200,MO2403-P-6200,228.4,0.0,0.0,0.0,1,222.4,227.8,6,228.4,228.4,228.4,228.4,1.0,22840.0,374
2023-05-11 10:16:03,MO2403-P-6200,MO2403-P-6200,228.4,0.0,0.0,0.0,7,222.4,227.8,6,228.4,228.4,228.4,228.4,1.0,22840.0,374
2023-05-11 10:16:03,MO2403-P-6200,MO2403-P-6200,228.4,0.0,0.0,0.0,7,222.6,227.8,6,228.4,228.4,228.4,228.4,1.0,22840.0,374
2023-05-11 10:16:04,MO2403-P-6200,MO2403-P-6200,228.4,0.0,0.0,0.0,1,222.6,227.8,6,228.4,228.4,228.4,228.4,1.0,22840.0,374
2023-05-11 10:16:11,MO2403-P-6200,MO2403-P-6200,228.4,0.0,0.0,0.0,12,222.4,227.8,6,228.4,228.4,228.4,228.4,1.0,22840.0,374
2023-05-11 10:16:11,MO2403-P-6200,MO2403-P-6200,228.4,0.0,0.0,0.0,6,222.4,227.8,6,228.4,228.4,228.4,228.4,1.0,22840.0,374
2023-05-11 10:16:19,MO2403-P-6200,MO2403-P-6200,228.4,0.0,0.0,0.0,7,222.2,227.8,6,228.4,228.4,228.4,228.4,1.0,22840.0,374
2023-05-11 10:16:20,MO2403-P-6200,MO2403-P-6200,228.4,0.0,0.0,0.0,1,222.2,227.8,6,228.4,228.4,228.4,228.4,1.0,22840.0,374
2023-05-11 10:16:27,MO2403-P-6200,MO2403-P-6200,228.4,0.0,0.0,0.0,2,222.2,227.8,6,228.4,228.4,228.4,228.4,1.0,22840.0,374
2023-05-11 10:16:37,MO2403-P-6200,MO2403-P-6200,228.4,0.0,0.0,0.0,1,222.2,227.8,6,228.4,228.4,228.4,228.4,1.0,22840.0,374
2023-05-11 10:19:26,MO2403-P-6200,MO2403-P-6200,228.4,0.0,0.0,0.0,1,222.2,227.4,1,228.4,228.4,228.4,228.4,1.0,22840.0,374
2023-05-11 10:19:26,MO2403-P-6200,MO2403-P-6200,228.4,0.0,0.0,0.0,1,222.2,225.8,1,228.4,228.4,228.4,228.4,1.0,22840.0,374
2023-05-11 10:19:27,MO2403-P-6200,MO2403-P-6200,228.4,0.0,0.0,0.0,1,222.2,225.2,1,228.4,228.4,228.4,228.4,1.0,22840.0,374
2023-05-11 10:19:28,MO2403-P-6200,MO2403-P-6200,228.4,0.0,0.0,0.0,1,222.2,225.2,7,228.4,228.4,228.4,228.4,1.0,22840.0,374
2023-05-11 10:19:40,MO2403-P-6200,MO2403-P-6200,228.4,0.0,0.0,0.0,1,222.2,225.0,6,228.4,228.4,228.4,228.4,1.0,22840.0,374
2023-05-11 10:20:05,MO2403-P-6200,MO2403-P-6200,228.4,0.0,0.0,0.0,1,222.2,225.2,1,228.4,228.4,228.4,228.4,1.0,22840.0,374
2023-05-11 10:20:06,MO2403-P-6200,MO2403-P-6200,228.4,0.0,0.0,0.0,1,222.2,225.2,7,228.4,228.4,228.4,228.4,1.0,22840.0,374
2023-05-11 10:20:08,MO2403-P-6200,MO2403-P-6200,228.4,0.0,0.0,0.0,1,222.2,225.0,6,228.4,228.4,228.4,228.4,1.0,22840.0,374
2023-05-11 10:20:09,MO2403-P-6200,MO2403-P-6200,228.4,0.0,0.0,0.0,1,222.2,225.2,7,228.4,228.4,228.4,228.4,1.0,22840.0,374
2023-05-11 10:20:12,MO2403-P-6200,MO2403-P-6200,228.4,0.0,0.0,0.0,1,222.2,225.0,6,228.4,228.4,228.4,228.4,1.0,22840.0,374
2023-05-11 10:20:12,MO2403-P-6200,MO2403-P-6200,228.4,0.0,0.0,0.0,1,222.2,225.2,7,228.4,228.4,228.4,228.4,1.0,22840.0,374
2023-05-11 10:20:15,MO2403-P-6200,MO2403-P-6200,228.4,0.0,0.0,0.0,12,221.4,225.2,7,228.4,228.4,228.4,228.4,1.0,22840.0,374
2023-05-11 10:20:15,MO2403-P-6200,MO2403-P-6200,228.4,0.0,0.0,0.0,6,221.2,225.0,6,228.4,228.4,228.4,228.4,1.0,22840.0,374
2023-05-11 10:20:16,MO2403-P-6200,MO2403-P-6200,228.4,0.0,0.0,0.0,18,221.0,225.0,6,228.4,228.4,228.4,228.4,1.0,22840.0,374
2023-05-11 10:20:16,MO2403-P-6200,MO2403-P-6200,228.4,0.0,0.0,0.0,12,221.0,225.0,6,228.4,228.4,228.4,228.4,1.0,22840.0,374
2023-05-11 10:20:17,MO2403-P-6200,MO2403-P-6200,228.4,0.0,0.0,0.0,6,221.0,225.0,6,228.4,228.4,228.4,228.4,1.0,22840.0,374
2023-05-11 10:21:08,MO2403-P-6200,MO2403-P-6200,228.4,0.0,0.0,0.0,1,222.2,225.0,6,228.4,228.4,228.4,228.4,1.0,22840.0,374
2023-05-11 10:21:25,MO2403-P-6200,MO2403-P-6200,228.4,0.0,0.0,0.0,1,222.2,225.2,1,228.4,228.4,228.4,228.4,1.0,22840.0,374
2023-05-11 10:21:31,MO2403-P-6200,MO2403-P-6200,228.4,0.0,0.0,0.0,1,222.2,225.0,6,228.4,228.4,228.4,228.4,1.0,22840.0,374
2023-05-11 10:21:35,MO2403-P-6200,MO2403-P-6200,228.4,0.0,0.0,0.0,1,222.2,225.2,1,228.4,228.4,228.4,228.4,1.0,22840.0,374
2023-05-11 10:21:40,MO2403-P-6200,MO2403-P-6200,228.4,0.0,0.0,0.0,7,222.2,225.2,1,228.4,228.4,228.4,228.4,1.0,22840.0,374
2023-05-11 10:22:02,MO2403-P-6200,MO2403-P-6200,228.4,0.0,0.0,0.0,1,222.2,225.2,1,228.4,228.4,228.4,228.4,1.0,22840.0,374
2023-05-11 10:22:29,MO2403-P-6200,MO2403-P-6200,228.4,0.0,0.0,0.0,1,222.2,225.0,6,228.4,228.4,228.4,228.4,1.0,22840.0,374
2023-05-11 10:23:03,MO2403-P-6200,MO2403-P-6200,228.4,0.0,0.0,0.0,1,222.2,224.2,1,228.4,228.4,228.4,228.4,1.0,22840.0,374
2023-05-11 10:23:04,MO2403-P-6200,MO2403-P-6200,228.4,0.0,0.0,0.0,1,222.2,223.6,1,228.4,228.4,228.4,228.4,1.0,22840.0,374
2023-05-11 10:23:48,MO2403-P-6200,MO2403-P-6200,228.4,0.0,0.0,0.0,19,220.4,223.6,1,228.4,228.4,228.4,228.4,1.0,22840.0,374
2023-05-11 10:23:48,MO2403-P-6200,MO2403-P-6200,228.4,0.0,0.0,0.0,13,220.4,223.6,7,228.4,228.4,228.4,228.4,1.0,22840.0,374
2023-05-11 10:23:52,MO2403-P-6200,MO2403-P-6200,228.4,0.0,0.0,0.0,7,220.4,223.6,7,228.4,228.4,228.4,228.4,1.0,22840.0,374
2023-05-11 10:23:53,MO2403-P-6200,MO2403-P-6200,228.4,0.0,0.0,0.0,1,220.4,223.6,7,228.4,228.4,228.4,228.4,1.0,22840.0,374
2023-05-11 10:23:54,MO2403-P-6200,MO2403-P-6200,223.8,1.0,22380.0,0.0,1,220.4,223.6,6,228.4,228.4,228.4,223.8,2.0,45220.0,374
2023-05-11 10:23:55,MO2403-P-6200,MO2403-P-6200,223.8,0.0,0.0,0.0,1,220.4,223.8,7,228.4,228.4,228.4,223.8,2.0,45220.0,374
2023-05-11 10:23:59,MO2403-P-6200,MO2403-P-6200,223.8,0.0,0.0,0.0,1,220.4,223.8,1,228.4,228.4,228.4,223.8,2.0,45220.0,374
2023-05-11 10:24:05,MO2403-P-6200,MO2403-P-6200,223.8,0.0,0.0,0.0,7,220.4,223.8,1,228.4,228.4,228.4,223.8,2.0,45220.0,374
2023-05-11 10:24:06,MO2403-P-6200,MO2403-P-6200,223.8,0.0,0.0,0.0,1,221.8,223.8,1,228.4,228.4,228.4,223.8,2.0,45220.0,374
2023-05-11 10:24:07,MO2403-P-6200,MO2403-P-6200,223.8,1.0,22380.0,1.0,1,221.8,224.2,7,228.4,228.4,228.4,223.8,3.0,67600.0,375
2023-05-11 10:24:07,MO2403-P-6200,MO2403-P-6200,223.8,0.0,0.0,0.0,1,221.8,224.2,1,228.4,228.4,228.4,223.8,3.0,67600.0,375
2023-05-11 10:24:08,MO2403-P-6200,MO2403-P-6200,224.2,1.0,22420.0,1.0,2,221.8,224.6,1,228.4,228.4,228.4,223.8,4.0,90020.0,376
2023-05-11 10:24:09,MO2403-P-6200,MO2403-P-6200,224.2,0.0,0.0,0.0,1,221.8,224.6,1,228.4,228.4,228.4,223.8,4.0,90020.0,376
2023-05-11 10:24:16,MO2403-P-6200,MO2403-P-6200,224.2,0.0,0.0,0.0,1,221.8,224.0,1,228.4,228.4,228.4,223.8,4.0,90020.0,376
2023-05-11 10:25:02,MO2403-P-6200,MO2403-P-6200,224.0,1.0,22400.0,1.0,7,221.8,224.6,1,228.4,228.4,228.4,223.8,5.0,112420.0,377
2023-05-11 10:25:06,MO2403-P-6200,MO2403-P-6200,224.6,1.0,22460.0,1.0,7,221.8,225.2,1,228.4,228.4,228.4,223.8,6.0,134880.0,378
2023-05-11 10:25:11,MO2403-P-6200,MO2403-P-6200,224.6,0.0,0.0,0.0,1,221.8,225.2,1,228.4,228.4,228.4,223.8,6.0,134880.0,378
2023-05-11 10:25:23,MO2403-P-6200,MO2403-P-6200,224.6,0.0,0.0,0.0,1,221.8,225.2,7,228.4,228.4,228.4,223.8,6.0,134880.0,378
2023-05-11 10:25:26,MO2403-P-6200,MO2403-P-6200,224.6,0.0,0.0,0.0,1,221.8,225.2,1,228.4,228.4,228.4,223.8,6.0,134880.0,378
2023-05-11 10:25:51,MO2403-P-6200,MO2403-P-6200,224.6,0.0,0.0,0.0,7,221.8,225.2,1,228.4,228.4,228.4,223.8,6.0,134880.0,378
2023-05-11 10:25:52,MO2403-P-6200,MO2403-P-6200,224.6,0.0,0.0,0.0,1,223.2,225.2,1,228.4,228.4,228.4,223.8,6.0,134880.0,378
2023-05-11 10:25:56,MO2403-P-6200,MO2403-P-6200,224.6,0.0,0.0,0.0,6,221.8,225.2,1,228.4,228.4,228.4,223.8,6.0,134880.0,378
2023-05-11 10:26:28,MO2403-P-6200,MO2403-P-6200,224.6,0.0,0.0,0.0,1,221.6,225.2,1,228.4,228.4,228.4,223.8,6.0,134880.0,378
2023-05-11 10:26:34,MO2403-P-6200,MO2403-P-6200,224.6,0.0,0.0,0.0,1,221.8,225.2,1,228.4,228.4,228.4,223.8,6.0,134880.0,378
2023-05-11 10:26:34,MO2403-P-6200,MO2403-P-6200,224.6,0.0,0.0,0.0,19,221.4,225.2,1,228.4,228.4,228.4,223.8,6.0,134880.0,378
2023-05-11 10:26:35,MO2403-P-6200,MO2403-P-6200,224.6,0.0,0.0,0.0,13,221.4,225.2,1,228.4,228.4,228.4,223.8,6.0,134880.0,378
2023-05-11 10:26:39,MO2403-P-6200,MO2403-P-6200,224.6,0.0,0.0,0.0,14,221.4,225.2,1,228.4,228.4,228.4,223.8,6.0,134880.0,378
2023-05-11 10:26:40,MO2403-P-6200,MO2403-P-6200,224.6,0.0,0.0,0.0,13,221.4,225.2,1,228.4,228.4,228.4,223.8,6.0,134880.0,378
2023-05-11 10:26:49,MO2403-P-6200,MO2403-P-6200,224.6,0.0,0.0,0.0,7,221.4,225.0,6,228.4,228.4,228.4,223.8,6.0,134880.0,378
2023-05-11 10:26:49,MO2403-P-6200,MO2403-P-6200,224.6,0.0,0.0,0.0,1,221.4,225.0,6,228.4,228.4,228.4,223.8,6.0,134880.0,378
2023-05-11 10:26:55,MO2403-P-6200,MO2403-P-6200,224.6,0.0,0.0,0.0,1,221.4,225.2,1,228.4,228.4,228.4,223.8,6.0,134880.0,378
2023-05-11 10:28:04,MO2403-P-6200,MO2403-P-6200,224.6,0.0,0.0,0.0,1,221.4,225.0,6,228.4,228.4,228.4,223.8,6.0,134880.0,378
2023-05-11 10:28:21,MO2403-P-6200,MO2403-P-6200,224.6,0.0,0.0,0.0,1,221.4,225.2,1,228.4,228.4,228.4,223.8,6.0,134880.0,378
2023-05-11 10:28:38,MO2403-P-6200,MO2403-P-6200,224.6,0.0,0.0,0.0,1,221.4,225.0,6,228.4,228.4,228.4,223.8,6.0,134880.0,378
2023-05-11 10:29:46,MO2403-P-6200,MO2403-P-6200,224.6,0.0,0.0,0.0,2,221.2,225.0,6,228.4,228.4,228.4,223.8,6.0,134880.0,378
2023-05-11 10:29:46,MO2403-P-6200,MO2403-P-6200,224.6,0.0,0.0,0.0,12,220.8,225.0,6,228.4,228.4,228.4,223.8,6.0,134880.0,378
2023-05-11 10:29:47,MO2403-P-6200,MO2403-P-6200,224.6,0.0,0.0,0.0,6,220.6,225.0,6,228.4,228.4,228.4,223.8,6.0,134880.0,378
2023-05-11 10:29:47,MO2403-P-6200,MO2403-P-6200,224.6,0.0,0.0,0.0,2,220.6,225.0,6,228.4,228.4,228.4,223.8,6.0,134880.0,378
2023-05-11 10:29:48,MO2403-P-6200,MO2403-P-6200,224.6,0.0,0.0,0.0,12,220.4,225.0,6,228.4,228.4,228.4,223.8,6.0,134880.0,378
2023-05-11 10:29:48,MO2403-P-6200,MO2403-P-6200,224.6,0.0,0.0,0.0,7,220.2,225.0,6,228.4,228.4,228.4,223.8,6.0,134880.0,378
2023-05-11 10:29:49,MO2403-P-6200,MO2403-P-6200,224.6,0.0,0.0,0.0,3,220.2,225.0,6,228.4,228.4,228.4,223.8,6.0,134880.0,378
2023-05-11 10:29:49,MO2403-P-6200,MO2403-P-6200,224.6,0.0,0.0,0.0,1,220.2,225.0,6,228.4,228.4,228.4,223.8,6.0,134880.0,378
2023-05-11 10:29:51,MO2403-P-6200,MO2403-P-6200,224.6,0.0,0.0,0.0,1,220.2,225.0,12,228.4,228.4,228.4,223.8,6.0,134880.0,378
2023-05-11 10:29:52,MO2403-P-6200,MO2403-P-6200,224.6,0.0,0.0,0.0,1,220.2,224.8,6,228.4,228.4,228.4,223.8,6.0,134880.0,378
2023-05-11 10:30:09,MO2403-P-6200,MO2403-P-6200,224.6,0.0,0.0,0.0,1,220.2,225.0,6,228.4,228.4,228.4,223.8,6.0,134880.0,378
2023-05-11 10:30:13,MO2403-P-6200,MO2403-P-6200,224.6,0.0,0.0,0.0,1,220.2,225.0,12,228.4,228.4,228.4,223.8,6.0,134880.0,378
2023-05-11 10:30:14,MO2403-P-6200,MO2403-P-6200,224.6,0.0,0.0,0.0,1,220.2,224.8,6,228.4,228.4,228.4,223.8,6.0,134880.0,378
2023-05-11 10:31:03,MO2403-P-6200,MO2403-P-6200,224.6,0.0,0.0,0.0,1,220.2,225.0,6,228.4,228.4,228.4,223.8,6.0,134880.0,378
2023-05-11 10:32:11,MO2403-P-6200,MO2403-P-6200,224.6,0.0,0.0,0.0,1,220.2,225.0,12,228.4,228.4,228.4,223.8,6.0,134880.0,378
2023-05-11 10:32:11,MO2403-P-6200,MO2403-P-6200,224.6,0.0,0.0,0.0,1,220.2,224.8,6,228.4,228.4,228.4,223.8,6.0,134880.0,378
2023-05-11 10:32:13,MO2403-P-6200,MO2403-P-6200,224.6,0.0,0.0,0.0,2,220.0,224.8,6,228.4,228.4,228.4,223.8,6.0,134880.0,378
2023-05-11 10:32:14,MO2403-P-6200,MO2403-P-6200,224.6,0.0,0.0,0.0,12,219.8,224.2,1,228.4,228.4,228.4,223.8,6.0,134880.0,378
2023-05-11 10:32:15,MO2403-P-6200,MO2403-P-6200,224.6,0.0,0.0,0.0,6,219.6,224.0,6,228.4,228.4,228.4,223.8,6.0,134880.0,378
2023-05-11 10:32:15,MO2403-P-6200,MO2403-P-6200,224.6,0.0,0.0,0.0,2,219.8,224.0,6,228.4,228.4,228.4,223.8,6.0,134880.0,378
2023-05-11 10:32:16,MO2403-P-6200,MO2403-P-6200,224.6,0.0,0.0,0.0,12,219.4,224.0,6,228.4,228.4,228.4,223.8,6.0,134880.0,378
2023-05-11 10:32:16,MO2403-P-6200,MO2403-P-6200,224.6,0.0,0.0,0.0,12,219.2,224.0,6,228.4,228.4,228.4,223.8,6.0,134880.0,378
2023-05-11 10:32:17,MO2403-P-6200,MO2403-P-6200,224.6,0.0,0.0,0.0,2,219.2,224.0,6,228.4,228.4,228.4,223.8,6.0,134880.0,378
2023-05-11 10:32:18,MO2403-P-6200,MO2403-P-6200,224.6,0.0,0.0,0.0,18,219.0,224.0,6,228.4,228.4,228.4,223.8,6.0,134880.0,378
2023-05-11 10:32:18,MO2403-P-6200,MO2403-P-6200,224.6,0.0,0.0,0.0,6,219.0,224.0,6,228.4,228.4,228.4,223.8,6.0,134880.0,378
2023-05-11 10:32:19,MO2403-P-6200,MO2403-P-6200,224.6,0.0,0.0,0.0,2,219.0,224.0,6,228.4,228.4,228.4,223.8,6.0,134880.0,378
2023-05-11 10:32:19,MO2403-P-6200,MO2403-P-6200,224.6,0.0,0.0,0.0,12,218.8,224.0,6,228.4,228.4,228.4,223.8,6.0,134880.0,378
2023-05-11 10:32:20,MO2403-P-6200,MO2403-P-6200,224.6,0.0,0.0,0.0,6,218.8,224.0,8,228.4,228.4,228.4,223.8,6.0,134880.0,378
2023-05-11 10:32:20,MO2403-P-6200,MO2403-P-6200,224.6,0.0,0.0,0.0,8,218.8,223.8,6,228.4,228.4,228.4,223.8,6.0,134880.0,378
2023-05-11 10:32:21,MO2403-P-6200,MO2403-P-6200,224.6,0.0,0.0,0.0,2,218.8,223.8,6,228.4,228.4,228.4,223.8,6.0,134880.0,378
2023-05-11 10:32:22,MO2403-P-6200,MO2403-P-6200,224.6,0.0,0.0,0.0,14,218.6,223.8,6,228.4,228.4,228.4,223.8,6.0,134880.0,378
2023-05-11 10:32:22,MO2403-P-6200,MO2403-P-6200,224.6,0.0,0.0,0.0,8,218.6,223.8,6,228.4,228.4,228.4,223.8,6.0,134880.0,378
2023-05-11 10:32:23,MO2403-P-6200,MO2403-P-6200,224.6,0.0,0.0,0.0,4,218.6,223.8,6,228.4,228.4,228.4,223.8,6.0,134880.0,378
2023-05-11 10:32:23,MO2403-P-6200,MO2403-P-6200,224.6,0.0,0.0,0.0,2,218.6,223.8,6,228.4,228.4,228.4,223.8,6.0,134880.0,378
2023-05-11 10:32:27,MO2403-P-6200,MO2403-P-6200,224.6,0.0,0.0,0.0,1,218.8,223.8,6,228.4,228.4,228.4,223.8,6.0,134880.0,378
2023-05-11 10:32:39,MO2403-P-6200,MO2403-P-6200,224.6,0.0,0.0,0.0,1,219.0,223.8,6,228.4,228.4,228.4,223.8,6.0,134880.0,378
2023-05-11 10:32:45,MO2403-P-6200,MO2403-P-6200,224.6,0.0,0.0,0.0,1,219.0,224.0,6,228.4,228.4,228.4,223.8,6.0,134880.0,378
2023-05-11 10:32:52,MO2403-P-6200,MO2403-P-6200,224.6,0.0,0.0,0.0,1,218.6,224.0,6,228.4,228.4,228.4,223.8,6.0,134880.0,378
2023-05-11 10:32:55,MO2403-P-6200,MO2403-P-6200,224.6,0.0,0.0,0.0,1,218.6,224.0,8,228.4,228.4,228.4,223.8,6.0,134880.0,378
2023-05-11 10:32:56,MO2403-P-6200,MO2403-P-6200,224.6,0.0,0.0,0.0,1,218.6,223.8,6,228.4,228.4,228.4,223.8,6.0,134880.0,378
2023-05-11 10:32:56,MO2403-P-6200,MO2403-P-6200,224.6,0.0,0.0,0.0,1,218.6,224.0,6,228.4,228.4,228.4,223.8,6.0,134880.0,378
2023-05-11 10:33:02,MO2403-P-6200,MO2403-P-6200,224.6,0.0,0.0,0.0,2,218.6,224.0,6,228.4,228.4,228.4,223.8,6.0,134880.0,378
2023-05-11 10:33:03,MO2403-P-6200,MO2403-P-6200,224.6,0.0,0.0,0.0,1,218.6,224.0,6,228.4,228.4,228.4,223.8,6.0,134880.0,378
2023-05-11 10:33:38,MO2403-P-6200,MO2403-P-6200,224.6,0.0,0.0,0.0,2,218.6,224.0,6,228.4,228.4,228.4,223.8,6.0,134880.0,378
2023-05-11 10:33:47,MO2403-P-6200,MO2403-P-6200,224.6,0.0,0.0,0.0,1,220.0,224.0,6,228.4,228.4,228.4,223.8,6.0,134880.0,378
2023-05-11 10:35:08,MO2403-P-6200,MO2403-P-6200,224.6,0.0,0.0,0.0,7,220.0,224.0,6,228.4,228.4,228.4,223.8,6.0,134880.0,378
2023-05-11 10:35:09,MO2403-P-6200,MO2403-P-6200,224.6,0.0,0.0,0.0,6,220.2,224.2,6,228.4,228.4,228.4,223.8,6.0,134880.0,378
2023-05-11 10:35:10,MO2403-P-6200,MO2403-P-6200,224.6,0.0,0.0,0.0,13,220.0,224.2,6,228.4,228.4,228.4,223.8,6.0,134880.0,378
2023-05-11 10:35:18,MO2403-P-6200,MO2403-P-6200,224.6,0.0,0.0,0.0,7,220.0,224.2,6,228.4,228.4,228.4,223.8,6.0,134880.0,378
2023-05-11 10:35:18,MO2403-P-6200,MO2403-P-6200,224.6,0.0,0.0,0.0,1,220.0,224.2,6,228.4,228.4,228.4,223.8,6.0,134880.0,378
2023-05-11 10:36:04,MO2403-P-6200,MO2403-P-6200,224.6,0.0,0.0,0.0,7,220.0,224.2,6,228.4,228.4,228.4,223.8,6.0,134880.0,378
2023-05-11 10:36:05,MO2403-P-6200,MO2403-P-6200,224.6,0.0,0.0,0.0,6,220.2,224.2,6,228.4,228.4,228.4,223.8,6.0,134880.0,378
2023-05-11 10:36:09,MO2403-P-6200,MO2403-P-6200,224.6,0.0,0.0,0.0,7,220.0,224.2,6,228.4,228.4,228.4,223.8,6.0,134880.0,378
2023-05-11 10:36:31,MO2403-P-6200,MO2403-P-6200,224.6,0.0,0.0,0.0,7,220.0,224.4,6,228.4,228.4,228.4,223.8,6.0,134880.0,378
2023-05-11 10:36:31,MO2403-P-6200,MO2403-P-6200,224.6,0.0,0.0,0.0,7,220.0,224.6,12,228.4,228.4,228.4,223.8,6.0,134880.0,378
2023-05-11 10:36:32,MO2403-P-6200,MO2403-P-6200,224.6,0.0,0.0,0.0,7,220.0,224.6,6,228.4,228.4,228.4,223.8,6.0,134880.0,378
2023-05-11 10:36:34,MO2403-P-6200,MO2403-P-6200,224.6,0.0,0.0,0.0,8,220.0,224.6,6,228.4,228.4,228.4,223.8,6.0,134880.0,378
2023-05-11 10:36:44,MO2403-P-6200,MO2403-P-6200,224.6,0.0,0.0,0.0,1,220.2,224.6,6,228.4,228.4,228.4,223.8,6.0,134880.0,378
2023-05-11 10:36:51,MO2403-P-6200,MO2403-P-6200,224.6,0.0,0.0,0.0,7,220.0,224.6,6,228.4,228.4,228.4,223.8,6.0,134880.0,378
2023-05-11 10:37:33,MO2403-P-6200,MO2403-P-6200,224.6,0.0,0.0,0.0,1,220.0,224.6,6,228.4,228.4,228.4,223.8,6.0,134880.0,378
2023-05-11 10:40:06,MO2403-P-6200,MO2403-P-6200,224.6,0.0,0.0,0.0,12,219.6,224.6,6,228.4,228.4,228.4,223.8,6.0,134880.0,378
2023-05-11 10:40:06,MO2403-P-6200,MO2403-P-6200,224.6,0.0,0.0,0.0,12,219.4,224.6,6,228.4,228.4,228.4,223.8,6.0,134880.0,378
2023-05-11 10:40:07,MO2403-P-6200,MO2403-P-6200,224.6,0.0,0.0,0.0,26,219.2,224.6,6,228.4,228.4,228.4,223.8,6.0,134880.0,378
2023-05-11 10:40:07,MO2403-P-6200,MO2403-P-6200,224.6,0.0,0.0,0.0,6,219.2,224.6,6,228.4,228.4,228.4,223.8,6.0,134880.0,378
2023-05-11 10:40:08,MO2403-P-6200,MO2403-P-6200,224.6,0.0,0.0,0.0,8,218.6,224.6,14,228.4,228.4,228.4,223.8,6.0,134880.0,378
2023-05-11 10:40:08,MO2403-P-6200,MO2403-P-6200,224.6,0.0,0.0,0.0,2,218.6,224.4,6,228.4,228.4,228.4,223.8,6.0,134880.0,378
2023-05-11 10:40:09,MO2403-P-6200,MO2403-P-6200,224.6,0.0,0.0,0.0,1,218.2,224.4,8,228.4,228.4,228.4,223.8,6.0,134880.0,378
2023-05-11 10:40:10,MO2403-P-6200,MO2403-P-6200,224.6,0.0,0.0,0.0,1,218.2,224.2,6,228.4,228.4,228.4,223.8,6.0,134880.0,378
2023-05-11 10:40:40,MO2403-P-6200,MO2403-P-6200,224.6,0.0,0.0,0.0,1,218.2,224.4,6,228.4,228.4,228.4,223.8,6.0,134880.0,378
2023-05-11 10:40:42,MO2403-P-6200,MO2403-P-6200,224.6,0.0,0.0,0.0,1,218.2,224.4,8,228.4,228.4,228.4,223.8,6.0,134880.0,378
2023-05-11 10:40:43,MO2403-P-6200,MO2403-P-6200,224.6,0.0,0.0,0.0,1,218.2,224.2,6,228.4,228.4,228.4,223.8,6.0,134880.0,378
2023-05-11 10:41:15,MO2403-P-6200,MO2403-P-6200,224.6,0.0,0.0,0.0,1,218.2,224.6,6,228.4,228.4,228.4,223.8,6.0,134880.0,378
2023-05-11 10:41:34,MO2403-P-6200,MO2403-P-6200,224.6,0.0,0.0,0.0,1,218.2,224.6,8,228.4,228.4,228.4,223.8,6.0,134880.0,378
2023-05-11 10:41:34,MO2403-P-6200,MO2403-P-6200,224.6,0.0,0.0,0.0,1,218.2,224.4,6,228.4,228.4,228.4,223.8,6.0,134880.0,378
2023-05-11 10:41:36,MO2403-P-6200,MO2403-P-6200,224.6,0.0,0.0,0.0,1,218.2,224.6,6,228.4,228.4,228.4,223.8,6.0,134880.0,378
2023-05-11 10:42:20,MO2403-P-6200,MO2403-P-6200,224.6,0.0,0.0,0.0,1,218.2,224.6,8,228.4,228.4,228.4,223.8,6.0,134880.0,378
2023-05-11 10:42:21,MO2403-P-6200,MO2403-P-6200,224.6,0.0,0.0,0.0,1,218.2,224.4,6,228.4,228.4,228.4,223.8,6.0,134880.0,378
2023-05-11 10:42:21,MO2403-P-6200,MO2403-P-6200,224.6,0.0,0.0,0.0,1,218.2,224.6,6,228.4,228.4,228.4,223.8,6.0,134880.0,378
2023-05-11 10:42:22,MO2403-P-6200,MO2403-P-6200,224.6,0.0,0.0,0.0,1,218.2,224.6,8,228.4,228.4,228.4,223.8,6.0,134880.0,378
2023-05-11 10:42:23,MO2403-P-6200,MO2403-P-6200,224.6,0.0,0.0,0.0,1,218.2,224.4,6,228.4,228.4,228.4,223.8,6.0,134880.0,378
2023-05-11 10:42:29,MO2403-P-6200,MO2403-P-6200,224.6,0.0,0.0,0.0,1,218.2,224.6,6,228.4,228.4,228.4,223.8,6.0,134880.0,378
2023-05-11 10:42:43,MO2403-P-6200,MO2403-P-6200,224.6,0.0,0.0,0.0,1,218.2,224.6,8,228.4,228.4,228.4,223.8,6.0,134880.0,378
2023-05-11 10:42:44,MO2403-P-6200,MO2403-P-6200,224.6,0.0,0.0,0.0,1,218.2,224.4,6,228.4,228.4,228.4,223.8,6.0,134880.0,378
2023-05-11 10:42:44,MO2403-P-6200,MO2403-P-6200,224.6,0.0,0.0,0.0,1,218.2,224.6,6,228.4,228.4,228.4,223.8,6.0,134880.0,378
2023-05-11 10:45:13,MO2403-P-6200,MO2403-P-6200,224.6,0.0,0.0,0.0,1,218.2,224.6,8,228.4,228.4,228.4,223.8,6.0,134880.0,378
2023-05-11 10:45:13,MO2403-P-6200,MO2403-P-6200,224.6,0.0,0.0,0.0,1,218.2,224.4,6,228.4,228.4,228.4,223.8,6.0,134880.0,378
2023-05-11 10:45:14,MO2403-P-6200,MO2403-P-6200,224.6,0.0,0.0,0.0,1,218.2,223.2,1,228.4,228.4,228.4,223.8,6.0,134880.0,378
2023-05-11 10:45:14,MO2403-P-6200,MO2403-P-6200,224.6,0.0,0.0,0.0,1,218.2,223.0,6,228.4,228.4,228.4,223.8,6.0,134880.0,378
2023-05-11 10:45:23,MO2403-P-6200,MO2403-P-6200,224.6,0.0,0.0,0.0,1,218.2,223.6,6,228.4,228.4,228.4,223.8,6.0,134880.0,378
2023-05-11 10:53:09,MO2403-P-6200,MO2403-P-6200,224.6,0.0,0.0,0.0,2,218.2,223.6,6,228.4,228.4,228.4,223.8,6.0,134880.0,378
2023-05-11 10:53:11,MO2403-P-6200,MO2403-P-6200,224.6,0.0,0.0,0.0,8,218.2,223.6,6,228.4,228.4,228.4,223.8,6.0,134880.0,378
2023-05-11 10:53:13,MO2403-P-6200,MO2403-P-6200,224.6,0.0,0.0,0.0,7,218.2,223.6,6,228.4,228.4,228.4,223.8,6.0,134880.0,378
2023-05-11 10:53:17,MO2403-P-6200,MO2403-P-6200,224.6,0.0,0.0,0.0,1,218.2,223.6,6,228.4,228.4,228.4,223.8,6.0,134880.0,378
2023-05-11 10:54:11,MO2403-P-6200,MO2403-P-6200,224.6,0.0,0.0,0.0,2,218.2,223.0,1,228.4,228.4,228.4,223.8,6.0,134880.0,378
2023-05-11 10:54:12,MO2403-P-6200,MO2403-P-6200,224.6,0.0,0.0,0.0,2,218.2,222.8,6,228.4,228.4,228.4,223.8,6.0,134880.0,378
2023-05-11 10:54:13,MO2403-P-6200,MO2403-P-6200,224.6,0.0,0.0,0.0,1,218.2,222.8,6,228.4,228.4,228.4,223.8,6.0,134880.0,378
2023-05-11 10:54:52,MO2403-P-6200,MO2403-P-6200,224.6,0.0,0.0,0.0,2,218.2,222.8,6,228.4,228.4,228.4,223.8,6.0,134880.0,378
2023-05-11 10:54:58,MO2403-P-6200,MO2403-P-6200,224.6,0.0,0.0,0.0,1,218.2,222.8,6,228.4,228.4,228.4,223.8,6.0,134880.0,378
2023-05-11 10:55:02,MO2403-P-6200,MO2403-P-6200,224.6,0.0,0.0,0.0,1,218.4,222.8,6,228.4,228.4,228.4,223.8,6.0,134880.0,378
2023-05-11 10:55:12,MO2403-P-6200,MO2403-P-6200,224.6,0.0,0.0,0.0,1,218.6,222.8,6,228.4,228.4,228.4,223.8,6.0,134880.0,378
2023-05-11 10:55:22,MO2403-P-6200,MO2403-P-6200,224.6,0.0,0.0,0.0,1,218.8,222.8,6,228.4,228.4,228.4,223.8,6.0,134880.0,378
2023-05-11 10:55:32,MO2403-P-6200,MO2403-P-6200,224.6,0.0,0.0,0.0,1,219.0,222.8,6,228.4,228.4,228.4,223.8,6.0,134880.0,378
2023-05-11 10:55:42,MO2403-P-6200,MO2403-P-6200,224.6,0.0,0.0,0.0,1,219.2,222.8,6,228.4,228.4,228.4,223.8,6.0,134880.0,378
2023-05-11 10:55:52,MO2403-P-6200,MO2403-P-6200,224.6,0.0,0.0,0.0,1,219.4,222.8,6,228.4,228.4,228.4,223.8,6.0,134880.0,378
2023-05-11 10:56:10,MO2403-P-6200,MO2403-P-6200,224.6,0.0,0.0,0.0,1,219.6,222.8,6,228.4,228.4,228.4,223.8,6.0,134880.0,378
2023-05-11 10:56:16,MO2403-P-6200,MO2403-P-6200,224.6,0.0,0.0,0.0,3,219.0,222.8,6,228.4,228.4,228.4,223.8,6.0,134880.0,378
2023-05-11 10:56:17,MO2403-P-6200,MO2403-P-6200,224.6,0.0,0.0,0.0,1,219.0,222.8,6,228.4,228.4,228.4,223.8,6.0,134880.0,378
2023-05-11 10:56:42,MO2403-P-6200,MO2403-P-6200,224.6,0.0,0.0,0.0,1,219.2,222.8,6,228.4,228.4,228.4,223.8,6.0,134880.0,378
2023-05-11 10:56:47,MO2403-P-6200,MO2403-P-6200,224.6,0.0,0.0,0.0,2,218.8,222.8,6,228.4,228.4,228.4,223.8,6.0,134880.0,378
2023-05-11 10:56:48,MO2403-P-6200,MO2403-P-6200,224.6,0.0,0.0,0.0,1,218.6,222.8,6,228.4,228.4,228.4,223.8,6.0,134880.0,378
2023-05-11 10:56:58,MO2403-P-6200,MO2403-P-6200,224.6,0.0,0.0,0.0,1,218.8,222.8,6,228.4,228.4,228.4,223.8,6.0,134880.0,378
2023-05-11 10:57:10,MO2403-P-6200,MO2403-P-6200,224.6,0.0,0.0,0.0,1,219.0,222.8,6,228.4,228.4,228.4,223.8,6.0,134880.0,378
2023-05-11 10:57:20,MO2403-P-6200,MO2403-P-6200,224.6,0.0,0.0,0.0,1,219.2,222.8,6,228.4,228.4,228.4,223.8,6.0,134880.0,378
2023-05-11 10:57:24,MO2403-P-6200,MO2403-P-6200,224.6,0.0,0.0,0.0,2,219.0,222.8,6,228.4,228.4,228.4,223.8,6.0,134880.0,378
2023-05-11 10:57:25,MO2403-P-6200,MO2403-P-6200,224.6,0.0,0.0,0.0,1,218.6,222.8,6,228.4,228.4,228.4,223.8,6.0,134880.0,378
2023-05-11 10:57:34,MO2403-P-6200,MO2403-P-6200,224.6,0.0,0.0,0.0,1,218.8,222.8,6,228.4,228.4,228.4,223.8,6.0,134880.0,378
2023-05-11 10:57:52,MO2403-P-6200,MO2403-P-6200,224.6,0.0,0.0,0.0,21,218.4,222.8,6,228.4,228.4,228.4,223.8,6.0,134880.0,378
2023-05-11 10:57:52,MO2403-P-6200,MO2403-P-6200,224.6,0.0,0.0,0.0,15,218.4,222.8,6,228.4,228.4,228.4,223.8,6.0,134880.0,378
2023-05-11 10:57:53,MO2403-P-6200,MO2403-P-6200,224.6,0.0,0.0,0.0,13,218.4,222.8,6,228.4,228.4,228.4,223.8,6.0,134880.0,378
2023-05-11 10:58:02,MO2403-P-6200,MO2403-P-6200,224.6,0.0,0.0,0.0,7,218.4,222.8,6,228.4,228.4,228.4,223.8,6.0,134880.0,378
2023-05-11 10:58:02,MO2403-P-6200,MO2403-P-6200,224.6,0.0,0.0,0.0,1,218.4,222.8,6,228.4,228.4,228.4,223.8,6.0,134880.0,378
2023-05-11 10:58:07,MO2403-P-6200,MO2403-P-6200,224.6,0.0,0.0,0.0,2,218.4,222.8,6,228.4,228.4,228.4,223.8,6.0,134880.0,378
2023-05-11 10:58:17,MO2403-P-6200,MO2403-P-6200,224.6,0.0,0.0,0.0,1,218.6,222.8,6,228.4,228.4,228.4,223.8,6.0,134880.0,378
2023-05-11 10:58:27,MO2403-P-6200,MO2403-P-6200,224.6,0.0,0.0,0.0,1,218.8,222.8,6,228.4,228.4,228.4,223.8,6.0,134880.0,378
2023-05-11 10:58:54,MO2403-P-6200,MO2403-P-6200,224.6,0.0,0.0,0.0,1,219.0,222.8,6,228.4,228.4,228.4,223.8,6.0,134880.0,378
2023-05-11 10:59:08,MO2403-P-6200,MO2403-P-6200,224.6,0.0,0.0,0.0,7,219.0,222.8,6,228.4,228.4,228.4,223.8,6.0,134880.0,378
2023-05-11 10:59:10,MO2403-P-6200,MO2403-P-6200,224.6,0.0,0.0,0.0,1,219.2,222.8,6,228.4,228.4,228.4,223.8,6.0,134880.0,378
2023-05-11 10:59:36,MO2403-P-6200,MO2403-P-6200,224.6,0.0,0.0,0.0,6,219.0,222.8,6,228.4,228.4,228.4,223.8,6.0,134880.0,378
2023-05-11 10:59:37,MO2403-P-6200,MO2403-P-6200,224.6,0.0,0.0,0.0,14,218.8,222.8,6,228.4,228.4,228.4,223.8,6.0,134880.0,378
2023-05-11 10:59:38,MO2403-P-6200,MO2403-P-6200,224.6,0.0,0.0,0.0,6,218.8,222.8,6,228.4,228.4,228.4,223.8,6.0,134880.0,378
2023-05-11 10:59:38,MO2403-P-6200,MO2403-P-6200,224.6,0.0,0.0,0.0,18,218.6,222.8,6,228.4,228.4,228.4,223.8,6.0,134880.0,378
2023-05-11 10:59:39,MO2403-P-6200,MO2403-P-6200,224.6,0.0,0.0,0.0,14,218.6,222.8,6,228.4,228.4,228.4,223.8,6.0,134880.0,378
2023-05-11 10:59:44,MO2403-P-6200,MO2403-P-6200,224.6,0.0,0.0,0.0,8,218.6,222.8,6,228.4,228.4,228.4,223.8,6.0,134880.0,378
2023-05-11 10:59:44,MO2403-P-6200,MO2403-P-6200,224.6,0.0,0.0,0.0,6,218.6,222.8,6,228.4,228.4,228.4,223.8,6.0,134880.0,378
2023-05-11 10:59:45,MO2403-P-6200,MO2403-P-6200,224.6,0.0,0.0,0.0,14,218.4,222.8,6,228.4,228.4,228.4,223.8,6.0,134880.0,378
2023-05-11 10:59:45,MO2403-P-6200,MO2403-P-6200,224.6,0.0,0.0,0.0,8,218.4,222.8,6,228.4,228.4,228.4,223.8,6.0,134880.0,378
2023-05-11 10:59:46,MO2403-P-6200,MO2403-P-6200,224.6,0.0,0.0,0.0,2,218.4,222.8,8,228.4,228.4,228.4,223.8,6.0,134880.0,378
2023-05-11 10:59:46,MO2403-P-6200,MO2403-P-6200,224.6,0.0,0.0,0.0,1,218.6,222.6,6,228.4,228.4,228.4,223.8,6.0,134880.0,378
2023-05-11 10:59:47,MO2403-P-6200,MO2403-P-6200,224.6,0.0,0.0,0.0,1,218.6,222.8,6,228.4,228.4,228.4,223.8,6.0,134880.0,378
2023-05-11 10:59:53,MO2403-P-6200,MO2403-P-6200,224.6,0.0,0.0,0.0,1,218.6,223.0,6,228.4,228.4,228.4,223.8,6.0,134880.0,378
2023-05-11 10:59:56,MO2403-P-6200,MO2403-P-6200,224.6,0.0,0.0,0.0,1,218.8,223.0,6,228.4,228.4,228.4,223.8,6.0,134880.0,378
2023-05-11 11:00:05,MO2403-P-6200,MO2403-P-6200,224.6,0.0,0.0,0.0,1,218.8,223.0,8,228.4,228.4,228.4,223.8,6.0,134880.0,378
2023-05-11 11:00:05,MO2403-P-6200,MO2403-P-6200,224.6,0.0,0.0,0.0,1,218.8,222.8,6,228.4,228.4,228.4,223.8,6.0,134880.0,378
2023-05-11 11:00:06,MO2403-P-6200,MO2403-P-6200,224.6,0.0,0.0,0.0,1,218.8,223.0,6,228.4,228.4,228.4,223.8,6.0,134880.0,378
2023-05-11 11:00:06,MO2403-P-6200,MO2403-P-6200,224.6,0.0,0.0,0.0,1,219.0,223.0,6,228.4,228.4,228.4,223.8,6.0,134880.0,378
2023-05-11 11:00:08,MO2403-P-6200,MO2403-P-6200,224.6,0.0,0.0,0.0,7,219.0,223.0,6,228.4,228.4,228.4,223.8,6.0,134880.0,378
2023-05-11 11:00:16,MO2403-P-6200,MO2403-P-6200,224.6,0.0,0.0,0.0,1,219.0,223.0,6,228.4,228.4,228.4,223.8,6.0,134880.0,378
2023-05-11 11:00:18,MO2403-P-6200,MO2403-P-6200,224.6,0.0,0.0,0.0,1,219.2,223.0,6,228.4,228.4,228.4,223.8,6.0,134880.0,378
2023-05-11 11:00:23,MO2403-P-6200,MO2403-P-6200,224.6,0.0,0.0,0.0,7,219.2,223.0,6,228.4,228.4,228.4,223.8,6.0,134880.0,378
2023-05-11 11:00:34,MO2403-P-6200,MO2403-P-6200,224.6,0.0,0.0,0.0,1,219.4,223.0,6,228.4,228.4,228.4,223.8,6.0,134880.0,378
2023-05-11 11:00:36,MO2403-P-6200,MO2403-P-6200,224.6,0.0,0.0,0.0,3,218.8,223.0,6,228.4,228.4,228.4,223.8,6.0,134880.0,378
2023-05-11 11:00:37,MO2403-P-6200,MO2403-P-6200,224.6,0.0,0.0,0.0,1,218.8,223.0,6,228.4,228.4,228.4,223.8,6.0,134880.0,378
2023-05-11 11:00:57,MO2403-P-6200,MO2403-P-6200,224.6,0.0,0.0,0.0,1,219.6,223.0,6,228.4,228.4,228.4,223.8,6.0,134880.0,378
2023-05-11 11:00:59,MO2403-P-6200,MO2403-P-6200,224.6,0.0,0.0,0.0,1,219.6,223.2,6,228.4,228.4,228.4,223.8,6.0,134880.0,378
2023-05-11 11:01:01,MO2403-P-6200,MO2403-P-6200,224.6,0.0,0.0,0.0,1,219.6,223.4,6,228.4,228.4,228.4,223.8,6.0,134880.0,378
2023-05-11 11:02:35,MO2403-P-6200,MO2403-P-6200,224.6,0.0,0.0,0.0,1,219.6,221.6,1,228.4,228.4,228.4,223.8,6.0,134880.0,378
2023-05-11 11:02:36,MO2403-P-6200,MO2403-P-6200,224.6,0.0,0.0,0.0,1,219.6,221.4,6,228.4,228.4,228.4,223.8,6.0,134880.0,378
2023-05-11 11:03:06,MO2403-P-6200,MO2403-P-6200,224.6,0.0,0.0,0.0,2,219.4,221.4,6,228.4,228.4,228.4,223.8,6.0,134880.0,378
2023-05-11 11:03:07,MO2403-P-6200,MO2403-P-6200,224.6,0.0,0.0,0.0,12,219.2,221.4,6,228.4,228.4,228.4,223.8,6.0,134880.0,378
2023-05-11 11:03:07,MO2403-P-6200,MO2403-P-6200,224.6,0.0,0.0,0.0,6,219.0,221.4,6,228.4,228.4,228.4,223.8,6.0,134880.0,378
2023-05-11 11:03:08,MO2403-P-6200,MO2403-P-6200,224.6,0.0,0.0,0.0,2,219.0,221.4,6,228.4,228.4,228.4,223.8,6.0,134880.0,378
2023-05-11 11:03:09,MO2403-P-6200,MO2403-P-6200,224.6,0.0,0.0,0.0,12,218.8,221.4,6,228.4,228.4,228.4,223.8,6.0,134880.0,378
2023-05-11 11:03:09,MO2403-P-6200,MO2403-P-6200,224.6,0.0,0.0,0.0,6,218.6,221.4,6,228.4,228.4,228.4,223.8,6.0,134880.0,378
2023-05-11 11:03:10,MO2403-P-6200,MO2403-P-6200,224.6,0.0,0.0,0.0,2,218.6,221.4,6,228.4,228.4,228.4,223.8,6.0,134880.0,378
2023-05-11 11:03:10,MO2403-P-6200,MO2403-P-6200,224.6,0.0,0.0,0.0,8,218.6,221.4,6,228.4,228.4,228.4,223.8,6.0,134880.0,378
2023-05-11 11:03:11,MO2403-P-6200,MO2403-P-6200,224.6,0.0,0.0,0.0,6,218.6,221.4,6,228.4,228.4,228.4,223.8,6.0,134880.0,378
2023-05-11 11:03:12,MO2403-P-6200,MO2403-P-6200,224.6,0.0,0.0,0.0,8,218.6,221.4,6,228.4,228.4,228.4,223.8,6.0,134880.0,378
2023-05-11 11:03:13,MO2403-P-6200,MO2403-P-6200,224.6,0.0,0.0,0.0,2,218.6,221.4,6,228.4,228.4,228.4,223.8,6.0,134880.0,378
2023-05-11 11:03:13,MO2403-P-6200,MO2403-P-6200,224.6,0.0,0.0,0.0,12,218.4,221.4,6,228.4,228.4,228.4,223.8,6.0,134880.0,378
2023-05-11 11:03:14,MO2403-P-6200,MO2403-P-6200,224.6,0.0,0.0,0.0,7,218.2,221.4,6,228.4,228.4,228.4,223.8,6.0,134880.0,378
2023-05-11 11:03:14,MO2403-P-6200,MO2403-P-6200,224.6,0.0,0.0,0.0,3,218.2,221.4,6,228.4,228.4,228.4,223.8,6.0,134880.0,378
2023-05-11 11:03:15,MO2403-P-6200,MO2403-P-6200,224.6,0.0,0.0,0.0,1,218.2,221.4,6,228.4,228.4,228.4,223.8,6.0,134880.0,378
2023-05-11 11:07:53,MO2403-P-6200,MO2403-P-6200,224.6,0.0,0.0,0.0,12,218.0,221.4,6,228.4,228.4,228.4,223.8,6.0,134880.0,378
2023-05-11 11:07:53,MO2403-P-6200,MO2403-P-6200,224.6,0.0,0.0,0.0,6,217.8,221.4,6,228.4,228.4,228.4,223.8,6.0,134880.0,378
2023-05-11 11:07:54,MO2403-P-6200,MO2403-P-6200,224.6,0.0,0.0,0.0,12,217.6,221.4,6,228.4,228.4,228.4,223.8,6.0,134880.0,378
2023-05-11 11:07:54,MO2403-P-6200,MO2403-P-6200,224.6,0.0,0.0,0.0,12,217.4,221.4,6,228.4,228.4,228.4,223.8,6.0,134880.0,378
2023-05-11 11:07:55,MO2403-P-6200,MO2403-P-6200,224.6,0.0,0.0,0.0,6,217.4,221.4,6,228.4,228.4,228.4,223.8,6.0,134880.0,378
2023-05-11 11:07:55,MO2403-P-6200,MO2403-P-6200,224.6,0.0,0.0,0.0,8,217.4,221.4,6,228.4,228.4,228.4,223.8,6.0,134880.0,378
2023-05-11 11:07:56,MO2403-P-6200,MO2403-P-6200,224.6,0.0,0.0,0.0,2,217.4,221.4,6,228.4,228.4,228.4,223.8,6.0,134880.0,378
2023-05-11 11:07:56,MO2403-P-6200,MO2403-P-6200,224.6,0.0,0.0,0.0,12,217.2,221.4,6,228.4,228.4,228.4,223.8,6.0,134880.0,378
2023-05-11 11:07:57,MO2403-P-6200,MO2403-P-6200,224.6,0.0,0.0,0.0,6,217.2,221.4,6,228.4,228.4,228.4,223.8,6.0,134880.0,378
2023-05-11 11:07:57,MO2403-P-6200,MO2403-P-6200,224.6,0.0,0.0,0.0,2,217.2,221.4,6,228.4,228.4,228.4,223.8,6.0,134880.0,378
2023-05-11 11:07:58,MO2403-P-6200,MO2403-P-6200,224.6,0.0,0.0,0.0,12,216.8,221.4,6,228.4,228.4,228.4,223.8,6.0,134880.0,378
2023-05-11 11:07:59,MO2403-P-6200,MO2403-P-6200,224.6,0.0,0.0,0.0,24,216.6,221.4,6,228.4,228.4,228.4,223.8,6.0,134880.0,378
2023-05-11 11:07:59,MO2403-P-6200,MO2403-P-6200,224.6,0.0,0.0,0.0,14,216.6,221.4,6,228.4,228.4,228.4,223.8,6.0,134880.0,378
2023-05-11 11:08:05,MO2403-P-6200,MO2403-P-6200,224.6,0.0,0.0,0.0,8,216.6,221.4,12,228.4,228.4,228.4,223.8,6.0,134880.0,378
2023-05-11 11:08:05,MO2403-P-6200,MO2403-P-6200,224.6,0.0,0.0,0.0,2,216.6,221.2,6,228.4,228.4,228.4,223.8,6.0,134880.0,378
2023-05-11 11:08:06,MO2403-P-6200,MO2403-P-6200,224.6,0.0,0.0,0.0,12,216.4,221.2,6,228.4,228.4,228.4,223.8,6.0,134880.0,378
2023-05-11 11:08:07,MO2403-P-6200,MO2403-P-6200,224.6,0.0,0.0,0.0,13,216.2,221.2,6,228.4,228.4,228.4,223.8,6.0,134880.0,378
2023-05-11 11:08:07,MO2403-P-6200,MO2403-P-6200,224.6,0.0,0.0,0.0,9,216.2,221.2,6,228.4,228.4,228.4,223.8,6.0,134880.0,378
2023-05-11 11:08:08,MO2403-P-6200,MO2403-P-6200,224.6,0.0,0.0,0.0,3,216.2,221.2,6,228.4,228.4,228.4,223.8,6.0,134880.0,378
2023-05-11 11:08:08,MO2403-P-6200,MO2403-P-6200,224.6,0.0,0.0,0.0,1,217.6,221.2,6,228.4,228.4,228.4,223.8,6.0,134880.0,378
2023-05-11 11:08:09,MO2403-P-6200,MO2403-P-6200,224.6,0.0,0.0,0.0,1,217.6,221.4,6,228.4,228.4,228.4,223.8,6.0,134880.0,378
2023-05-11 11:10:09,MO2403-P-6200,MO2403-P-6200,224.6,0.0,0.0,0.0,7,217.6,221.4,6,228.4,228.4,228.4,223.8,6.0,134880.0,378
2023-05-11 11:10:09,MO2403-P-6200,MO2403-P-6200,224.6,0.0,0.0,0.0,1,219.2,221.4,6,228.4,228.4,228.4,223.8,6.0,134880.0,378
2023-05-11 11:10:38,MO2403-P-6200,MO2403-P-6200,221.4,1.0,22140.0,1.0,1,219.2,221.4,6,228.4,228.4,228.4,221.4,7.0,157020.0,379
2023-05-11 11:10:38,MO2403-P-6200,MO2403-P-6200,221.4,0.0,0.0,0.0,1,219.2,221.6,1,228.4,228.4,228.4,221.4,7.0,157020.0,379
2023-05-11 11:10:45,MO2403-P-6200,MO2403-P-6200,221.6,1.0,22160.0,1.0,1,219.2,221.8,12,228.4,228.4,228.4,221.4,8.0,179180.0,380
2023-05-11 11:10:45,MO2403-P-6200,MO2403-P-6200,221.6,0.0,0.0,0.0,1,219.2,222.0,6,228.4,228.4,228.4,221.4,8.0,179180.0,380
2023-05-11 11:10:46,MO2403-P-6200,MO2403-P-6200,221.6,0.0,0.0,0.0,1,219.2,222.2,13,228.4,228.4,228.4,221.4,8.0,179180.0,380
2023-05-11 11:10:46,MO2403-P-6200,MO2403-P-6200,221.6,0.0,0.0,0.0,1,219.2,222.2,7,228.4,228.4,228.4,221.4,8.0,179180.0,380
2023-05-11 11:10:47,MO2403-P-6200,MO2403-P-6200,221.6,0.0,0.0,0.0,1,219.2,222.2,1,228.4,228.4,228.4,221.4,8.0,179180.0,380
2023-05-11 11:10:50,MO2403-P-6200,MO2403-P-6200,221.6,0.0,0.0,0.0,7,219.2,222.2,1,228.4,228.4,228.4,221.4,8.0,179180.0,380
2023-05-11 11:11:04,MO2403-P-6200,MO2403-P-6200,221.6,0.0,0.0,0.0,7,219.2,222.2,7,228.4,228.4,228.4,221.4,8.0,179180.0,380
2023-05-11 11:11:08,MO2403-P-6200,MO2403-P-6200,221.6,0.0,0.0,0.0,7,219.2,222.2,1,228.4,228.4,228.4,221.4,8.0,179180.0,380
2023-05-11 11:11:18,MO2403-P-6200,MO2403-P-6200,221.6,0.0,0.0,0.0,1,220.6,222.2,1,228.4,228.4,228.4,221.4,8.0,179180.0,380
2023-05-11 11:12:14,MO2403-P-6200,MO2403-P-6200,221.6,0.0,0.0,0.0,12,219.6,222.2,1,228.4,228.4,228.4,221.4,8.0,179180.0,380
2023-05-11 11:12:15,MO2403-P-6200,MO2403-P-6200,221.6,0.0,0.0,0.0,12,219.4,222.2,1,228.4,228.4,228.4,221.4,8.0,179180.0,380
2023-05-11 11:12:15,MO2403-P-6200,MO2403-P-6200,221.6,0.0,0.0,0.0,18,219.0,222.2,7,228.4,228.4,228.4,221.4,8.0,179180.0,380
2023-05-11 11:12:16,MO2403-P-6200,MO2403-P-6200,221.6,0.0,0.0,0.0,12,219.0,222.0,6,228.4,228.4,228.4,221.4,8.0,179180.0,380
2023-05-11 11:12:16,MO2403-P-6200,MO2403-P-6200,221.6,0.0,0.0,0.0,6,219.0,222.0,6,228.4,228.4,228.4,221.4,8.0,179180.0,380
2023-05-11 11:12:18,MO2403-P-6200,MO2403-P-6200,221.6,0.0,0.0,0.0,7,218.8,222.0,6,228.4,228.4,228.4,221.4,8.0,179180.0,380
2023-05-11 11:12:19,MO2403-P-6200,MO2403-P-6200,221.6,0.0,0.0,0.0,1,218.8,222.0,6,228.4,228.4,228.4,221.4,8.0,179180.0,380
2023-05-11 11:12:33,MO2403-P-6200,MO2403-P-6200,221.6,0.0,0.0,0.0,7,218.8,222.0,6,228.4,228.4,228.4,221.4,8.0,179180.0,380
2023-05-11 11:12:34,MO2403-P-6200,MO2403-P-6200,221.6,0.0,0.0,0.0,7,218.8,222.2,1,228.4,228.4,228.4,221.4,8.0,179180.0,380
2023-05-11 11:12:38,MO2403-P-6200,MO2403-P-6200,221.6,0.0,0.0,0.0,8,218.8,222.2,1,228.4,228.4,228.4,221.4,8.0,179180.0,380
2023-05-11 11:12:40,MO2403-P-6200,MO2403-P-6200,221.6,0.0,0.0,0.0,7,218.8,222.2,1,228.4,228.4,228.4,221.4,8.0,179180.0,380
2023-05-11 11:12:43,MO2403-P-6200,MO2403-P-6200,221.6,0.0,0.0,0.0,1,220.2,222.2,1,228.4,228.4,228.4,221.4,8.0,179180.0,380
2023-05-11 11:13:01,MO2403-P-6200,MO2403-P-6200,221.6,0.0,0.0,0.0,6,218.8,222.2,1,228.4,228.4,228.4,221.4,8.0,179180.0,380
2023-05-11 11:13:01,MO2403-P-6200,MO2403-P-6200,221.6,0.0,0.0,0.0,12,218.6,222.2,7,228.4,228.4,228.4,221.4,8.0,179180.0,380
2023-05-11 11:13:02,MO2403-P-6200,MO2403-P-6200,221.6,0.0,0.0,0.0,20,218.4,222.2,7,228.4,228.4,228.4,221.4,8.0,179180.0,380
2023-05-11 11:13:02,MO2403-P-6200,MO2403-P-6200,221.6,0.0,0.0,0.0,6,218.4,222.0,6,228.4,228.4,228.4,221.4,8.0,179180.0,380
2023-05-11 11:13:03,MO2403-P-6200,MO2403-P-6200,221.6,0.0,0.0,0.0,13,218.2,222.0,6,228.4,228.4,228.4,221.4,8.0,179180.0,380
2023-05-11 11:13:03,MO2403-P-6200,MO2403-P-6200,221.6,0.0,0.0,0.0,7,218.2,222.0,6,228.4,228.4,228.4,221.4,8.0,179180.0,380
2023-05-11 11:13:04,MO2403-P-6200,MO2403-P-6200,221.6,0.0,0.0,0.0,1,218.2,222.0,6,228.4,228.4,228.4,221.4,8.0,179180.0,380
2023-05-11 11:13:23,MO2403-P-6200,MO2403-P-6200,221.6,0.0,0.0,0.0,2,218.2,222.0,6,228.4,228.4,228.4,221.4,8.0,179180.0,380
2023-05-11 11:13:24,MO2403-P-6200,MO2403-P-6200,221.6,0.0,0.0,0.0,1,219.6,222.0,6,228.4,228.4,228.4,221.4,8.0,179180.0,380
2023-05-11 11:13:26,MO2403-P-6200,MO2403-P-6200,221.6,0.0,0.0,0.0,1,219.6,222.2,7,228.4,228.4,228.4,221.4,8.0,179180.0,380
2023-05-11 11:13:36,MO2403-P-6200,MO2403-P-6200,221.6,0.0,0.0,0.0,1,219.6,222.0,6,228.4,228.4,228.4,221.4,8.0,179180.0,380
2023-05-11 11:13:38,MO2403-P-6200,MO2403-P-6200,221.6,0.0,0.0,0.0,1,219.6,222.2,7,228.4,228.4,228.4,221.4,8.0,179180.0,380
2023-05-11 11:13:42,MO2403-P-6200,MO2403-P-6200,221.6,0.0,0.0,0.0,1,221.0,222.2,7,228.4,228.4,228.4,221.4,8.0,179180.0,380
2023-05-11 11:13:42,MO2403-P-6200,MO2403-P-6200,221.6,0.0,0.0,0.0,1,221.0,222.2,1,228.4,228.4,228.4,221.4,8.0,179180.0,380
2023-05-11 11:14:00,MO2403-P-6200,MO2403-P-6200,221.6,0.0,0.0,0.0,1,221.0,222.2,7,228.4,228.4,228.4,221.4,8.0,179180.0,380
2023-05-11 11:14:01,MO2403-P-6200,MO2403-P-6200,221.6,0.0,0.0,0.0,1,221.0,222.2,1,228.4,228.4,228.4,221.4,8.0,179180.0,380
2023-05-11 11:14:02,MO2403-P-6200,MO2403-P-6200,221.6,0.0,0.0,0.0,1,219.6,222.2,1,228.4,228.4,228.4,221.4,8.0,179180.0,380
2023-05-11 11:14:03,MO2403-P-6200,MO2403-P-6200,221.6,0.0,0.0,0.0,1,219.6,222.2,7,228.4,228.4,228.4,221.4,8.0,179180.0,380
2023-05-11 11:15:13,MO2403-P-6200,MO2403-P-6200,221.6,0.0,0.0,0.0,1,219.6,222.0,6,228.4,228.4,228.4,221.4,8.0,179180.0,380
2023-05-11 11:15:18,MO2403-P-6200,MO2403-P-6200,221.6,0.0,0.0,0.0,1,219.6,222.2,7,228.4,228.4,228.4,221.4,8.0,179180.0,380
2023-05-11 11:15:21,MO2403-P-6200,MO2403-P-6200,221.6,0.0,0.0,0.0,1,219.6,222.0,6,228.4,228.4,228.4,221.4,8.0,179180.0,380
2023-05-11 11:15:31,MO2403-P-6200,MO2403-P-6200,221.6,0.0,0.0,0.0,6,219.2,222.0,6,228.4,228.4,228.4,221.4,8.0,179180.0,380
2023-05-11 11:15:32,MO2403-P-6200,MO2403-P-6200,221.6,0.0,0.0,0.0,21,218.2,222.0,6,228.4,228.4,228.4,221.4,8.0,179180.0,380
2023-05-11 11:15:32,MO2403-P-6200,MO2403-P-6200,221.6,0.0,0.0,0.0,1,218.4,222.0,6,228.4,228.4,228.4,221.4,8.0,179180.0,380
2023-05-11 11:15:50,MO2403-P-6200,MO2403-P-6200,221.6,0.0,0.0,0.0,20,218.0,222.0,6,228.4,228.4,228.4,221.4,8.0,179180.0,380
2023-05-11 11:15:50,MO2403-P-6200,MO2403-P-6200,221.6,0.0,0.0,0.0,14,218.0,222.0,6,228.4,228.4,228.4,221.4,8.0,179180.0,380
2023-05-11 11:16:04,MO2403-P-6200,MO2403-P-6200,221.6,0.0,0.0,0.0,1,219.2,222.0,6,228.4,228.4,228.4,221.4,8.0,179180.0,380
2023-05-11 11:16:09,MO2403-P-6200,MO2403-P-6200,221.6,0.0,0.0,0.0,1,219.2,222.2,7,228.4,228.4,228.4,221.4,8.0,179180.0,380
2023-05-11 11:16:12,MO2403-P-6200,MO2403-P-6200,221.6,0.0,0.0,0.0,1,219.2,222.2,1,228.4,228.4,228.4,221.4,8.0,179180.0,380
2023-05-11 11:16:27,MO2403-P-6200,MO2403-P-6200,221.6,0.0,0.0,0.0,1,219.2,222.2,7,228.4,228.4,228.4,221.4,8.0,179180.0,380
2023-05-11 11:16:29,MO2403-P-6200,MO2403-P-6200,221.6,0.0,0.0,0.0,1,219.2,222.0,6,228.4,228.4,228.4,221.4,8.0,179180.0,380
2023-05-11 11:17:58,MO2403-P-6200,MO2403-P-6200,221.6,0.0,0.0,0.0,1,219.2,222.2,1,228.4,228.4,228.4,221.4,8.0,179180.0,380
2023-05-11 11:20:17,MO2403-P-6200,MO2403-P-6200,221.6,0.0,0.0,0.0,7,219.2,222.2,1,228.4,228.4,228.4,221.4,8.0,179180.0,380
2023-05-11 11:20:20,MO2403-P-6200,MO2403-P-6200,221.6,0.0,0.0,0.0,1,219.2,222.2,1,228.4,228.4,228.4,221.4,8.0,179180.0,380
2023-05-11 11:20:24,MO2403-P-6200,MO2403-P-6200,222.2,1.0,22220.0,0.0,1,219.2,222.4,6,228.4,228.4,228.4,221.4,9.0,201400.0,380
2023-05-11 11:20:25,MO2403-P-6200,MO2403-P-6200,222.2,0.0,0.0,0.0,1,219.2,222.8,19,228.4,228.4,228.4,221.4,9.0,201400.0,380
2023-05-11 11:20:25,MO2403-P-6200,MO2403-P-6200,222.2,0.0,0.0,0.0,1,219.2,222.8,13,228.4,228.4,228.4,221.4,9.0,201400.0,380
2023-05-11 11:20:42,MO2403-P-6200,MO2403-P-6200,222.2,0.0,0.0,0.0,1,219.2,222.4,1,228.4,228.4,228.4,221.4,9.0,201400.0,380
2023-05-11 11:21:10,MO2403-P-6200,MO2403-P-6200,222.2,0.0,0.0,0.0,2,219.2,222.4,1,228.4,228.4,228.4,221.4,9.0,201400.0,380
2023-05-11 11:21:11,MO2403-P-6200,MO2403-P-6200,222.2,0.0,0.0,0.0,1,220.4,222.4,1,228.4,228.4,228.4,221.4,9.0,201400.0,380
2023-05-11 11:23:16,MO2403-P-6200,MO2403-P-6200,222.2,0.0,0.0,0.0,1,220.4,222.4,7,228.4,228.4,228.4,221.4,9.0,201400.0,380
2023-05-11 11:23:16,MO2403-P-6200,MO2403-P-6200,222.2,0.0,0.0,0.0,1,220.4,222.4,1,228.4,228.4,228.4,221.4,9.0,201400.0,380
2023-05-11 11:23:20,MO2403-P-6200,MO2403-P-6200,222.2,0.0,0.0,0.0,2,219.0,222.4,1,228.4,228.4,228.4,221.4,9.0,201400.0,380
2023-05-11 11:23:20,MO2403-P-6200,MO2403-P-6200,222.2,0.0,0.0,0.0,2,219.0,222.4,7,228.4,228.4,228.4,221.4,9.0,201400.0,380
2023-05-11 11:23:21,MO2403-P-6200,MO2403-P-6200,222.2,0.0,0.0,0.0,13,218.8,222.4,7,228.4,228.4,228.4,221.4,9.0,201400.0,380
2023-05-11 11:23:21,MO2403-P-6200,MO2403-P-6200,222.2,0.0,0.0,0.0,7,218.8,222.2,6,228.4,228.4,228.4,221.4,9.0,201400.0,380
2023-05-11 11:23:22,MO2403-P-6200,MO2403-P-6200,222.2,0.0,0.0,0.0,3,218.8,222.2,6,228.4,228.4,228.4,221.4,9.0,201400.0,380
2023-05-11 11:23:22,MO2403-P-6200,MO2403-P-6200,222.2,0.0,0.0,0.0,1,218.8,222.2,6,228.4,228.4,228.4,221.4,9.0,201400.0,380
2023-05-11 11:23:23,MO2403-P-6200,MO2403-P-6200,222.2,0.0,0.0,0.0,1,218.8,222.4,7,228.4,228.4,228.4,221.4,9.0,201400.0,380
2023-05-11 11:23:24,MO2403-P-6200,MO2403-P-6200,222.2,0.0,0.0,0.0,15,218.6,222.4,7,228.4,228.4,228.4,221.4,9.0,201400.0,380
2023-05-11 11:23:25,MO2403-P-6200,MO2403-P-6200,222.2,0.0,0.0,0.0,9,218.6,222.2,6,228.4,228.4,228.4,221.4,9.0,201400.0,380
2023-05-11 11:23:25,MO2403-P-6200,MO2403-P-6200,222.2,0.0,0.0,0.0,3,218.6,222.2,6,228.4,228.4,228.4,221.4,9.0,201400.0,380
2023-05-11 11:23:26,MO2403-P-6200,MO2403-P-6200,222.2,0.0,0.0,0.0,1,218.6,222.2,6,228.4,228.4,228.4,221.4,9.0,201400.0,380
2023-05-11 11:23:53,MO2403-P-6200,MO2403-P-6200,222.2,0.0,0.0,0.0,2,218.6,222.2,6,228.4,228.4,228.4,221.4,9.0,201400.0,380
2023-05-11 11:24:03,MO2403-P-6200,MO2403-P-6200,222.2,0.0,0.0,0.0,1,218.8,222.2,6,228.4,228.4,228.4,221.4,9.0,201400.0,380
2023-05-11 11:24:03,MO2403-P-6200,MO2403-P-6200,222.2,0.0,0.0,0.0,1,218.8,222.4,7,228.4,228.4,228.4,221.4,9.0,201400.0,380
2023-05-11 11:24:07,MO2403-P-6200,MO2403-P-6200,222.2,0.0,0.0,0.0,1,218.6,222.4,7,228.4,228.4,228.4,221.4,9.0,201400.0,380
2023-05-11 11:24:07,MO2403-P-6200,MO2403-P-6200,222.2,0.0,0.0,0.0,1,218.6,222.2,6,228.4,228.4,228.4,221.4,9.0,201400.0,380
2023-05-11 11:26:26,MO2403-P-6200,MO2403-P-6200,222.2,0.0,0.0,0.0,1,218.6,222.4,1,228.4,228.4,228.4,221.4,9.0,201400.0,380
2023-05-11 11:26:27,MO2403-P-6200,MO2403-P-6200,222.2,0.0,0.0,0.0,7,218.6,222.4,1,228.4,228.4,228.4,221.4,9.0,201400.0,380
2023-05-11 11:26:32,MO2403-P-6200,MO2403-P-6200,222.2,0.0,0.0,0.0,8,218.6,222.4,1,228.4,228.4,228.4,221.4,9.0,201400.0,380
