time,symbol_id,symbol_name,last,trade_volume,trade_amount,open_interest_change,bv1,bp1,ap1,av1,yesterday_close,today_open,today_high,today_low,volume,amount,open_interest
2023-05-09 21:01:19,rb2311P3650,rb2311P3650,169.0,0.0,0.0,0.0,1,1.0,0.0,0,169.0,0.0,0.0,0.0,0.0,0.0,3
2023-05-09 21:01:35,rb2311P3650,rb2311P3650,169.0,0.0,0.0,0.0,1,35.5,0.0,0,169.0,0.0,0.0,0.0,0.0,0.0,3
2023-05-09 21:01:54,rb2311P3650,rb2311P3650,169.0,0.0,0.0,0.0,1,35.5,0.0,0,169.0,0.0,0.0,0.0,0.0,0.0,3
2023-05-09 21:01:55,rb2311P3650,rb2311P3650,169.0,0.0,0.0,0.0,1,36.0,0.0,0,169.0,0.0,0.0,0.0,0.0,0.0,3
2023-05-09 21:02:55,rb2311P3650,rb2311P3650,169.0,0.0,0.0,0.0,1,36.5,0.0,0,169.0,0.0,0.0,0.0,0.0,0.0,3
2023-05-09 21:05:25,rb2311P3650,rb2311P3650,169.0,0.0,0.0,0.0,1,36.5,0.0,0,169.0,0.0,0.0,0.0,0.0,0.0,3
2023-05-09 21:06:17,rb2311P3650,rb2311P3650,169.0,0.0,0.0,0.0,1,37.0,0.0,0,169.0,0.0,0.0,0.0,0.0,0.0,3
2023-05-09 21:25:37,rb2311P3650,rb2311P3650,169.0,0.0,0.0,0.0,1,37.5,0.0,0,169.0,0.0,0.0,0.0,0.0,0.0,3
2023-05-09 21:25:38,rb2311P3650,rb2311P3650,169.0,0.0,0.0,0.0,1,45.5,0.0,0,169.0,0.0,0.0,0.0,0.0,0.0,3
2023-05-09 21:26:12,rb2311P3650,rb2311P3650,169.0,0.0,0.0,0.0,1,45.5,0.0,0,169.0,0.0,0.0,0.0,0.0,0.0,3
2023-05-09 21:32:55,rb2311P3650,rb2311P3650,169.0,0.0,0.0,0.0,1,46.0,0.0,0,169.0,0.0,0.0,0.0,0.0,0.0,3
2023-05-09 21:32:57,rb2311P3650,rb2311P3650,169.0,0.0,0.0,0.0,1,54.0,0.0,0,169.0,0.0,0.0,0.0,0.0,0.0,3
2023-05-09 22:01:16,rb2311P3650,rb2311P3650,169.0,0.0,0.0,0.0,1,54.0,0.0,0,169.0,0.0,0.0,0.0,0.0,0.0,3
2023-05-09 22:08:25,rb2311P3650,rb2311P3650,169.0,0.0,0.0,0.0,1,54.5,0.0,0,169.0,0.0,0.0,0.0,0.0,0.0,3
2023-05-09 22:08:26,rb2311P3650,rb2311P3650,169.0,0.0,0.0,0.0,1,58.5,0.0,0,169.0,0.0,0.0,0.0,0.0,0.0,3
2023-05-09 22:26:24,rb2311P3650,rb2311P3650,169.0,0.0,0.0,0.0,1,58.5,0.0,0,169.0,0.0,0.0,0.0,0.0,0.0,3
2023-05-09 22:44:32,rb2311P3650,rb2311P3650,169.0,0.0,0.0,0.0,1,59.0,0.0,0,169.0,0.0,0.0,0.0,0.0,0.0,3
2023-05-09 22:44:32,rb2311P3650,rb2311P3650,169.0,0.0,0.0,0.0,1,59.5,0.0,0,169.0,0.0,0.0,0.0,0.0,0.0,3
2023-05-09 22:51:18,rb2311P3650,rb2311P3650,169.0,0.0,0.0,0.0,1,59.5,0.0,0,169.0,0.0,0.0,0.0,0.0,0.0,3
2023-05-09 22:57:08,rb2311P3650,rb2311P3650,169.0,0.0,0.0,0.0,1,59.0,0.0,0,169.0,0.0,0.0,0.0,0.0,0.0,3
2023-05-09 22:57:46,rb2311P3650,rb2311P3650,169.0,0.0,0.0,0.0,1,59.0,0.0,0,169.0,0.0,0.0,0.0,0.0,0.0,3
2023-05-09 22:58:48,rb2311P3650,rb2311P3650,169.0,0.0,0.0,0.0,1,59.0,0.0,0,169.0,0.0,0.0,0.0,0.0,0.0,3
2023-05-10 09:00:36,rb2311P3650,rb2311P3650,169.0,0.0,0.0,0.0,1,59.0,0.0,0,169.0,0.0,0.0,0.0,0.0,0.0,3
2023-05-10 09:01:33,rb2311P3650,rb2311P3650,169.0,0.0,0.0,0.0,1,59.5,0.0,0,169.0,0.0,0.0,0.0,0.0,0.0,3
2023-05-10 09:07:51,rb2311P3650,rb2311P3650,169.0,0.0,0.0,0.0,1,59.5,0.0,0,169.0,0.0,0.0,0.0,0.0,0.0,3
2023-05-10 10:11:58,rb2311P3650,rb2311P3650,169.0,0.0,0.0,0.0,1,60.0,0.0,0,169.0,0.0,0.0,0.0,0.0,0.0,3
2023-05-10 10:11:58,rb2311P3650,rb2311P3650,169.0,0.0,0.0,0.0,1,60.5,0.0,0,169.0,0.0,0.0,0.0,0.0,0.0,3
2023-05-10 10:12:06,rb2311P3650,rb2311P3650,169.0,0.0,0.0,0.0,1,60.0,0.0,0,169.0,0.0,0.0,0.0,0.0,0.0,3
2023-05-10 10:12:17,rb2311P3650,rb2311P3650,169.0,0.0,0.0,0.0,1,60.0,0.0,0,169.0,0.0,0.0,0.0,0.0,0.0,3
2023-05-10 10:30:12,rb2311P3650,rb2311P3650,169.0,0.0,0.0,0.0,1,60.5,0.0,0,169.0,0.0,0.0,0.0,0.0,0.0,3
2023-05-10 10:42:03,rb2311P3650,rb2311P3650,169.0,0.0,0.0,0.0,1,61.0,0.0,0,169.0,0.0,0.0,0.0,0.0,0.0,3
2023-05-10 10:42:04,rb2311P3650,rb2311P3650,169.0,0.0,0.0,0.0,1,61.0,0.0,0,169.0,0.0,0.0,0.0,0.0,0.0,3
2023-05-10 10:42:05,rb2311P3650,rb2311P3650,169.0,0.0,0.0,0.0,1,61.5,0.0,0,169.0,0.0,0.0,0.0,0.0,0.0,3
2023-05-10 10:42:17,rb2311P3650,rb2311P3650,169.0,0.0,0.0,0.0,1,61.5,0.0,0,169.0,0.0,0.0,0.0,0.0,0.0,3
2023-05-10 11:17:19,rb2311P3650,rb2311P3650,169.0,0.0,0.0,0.0,1,62.0,0.0,0,169.0,0.0,0.0,0.0,0.0,0.0,3
2023-05-10 11:17:20,rb2311P3650,rb2311P3650,169.0,0.0,0.0,0.0,1,62.0,0.0,0,169.0,0.0,0.0,0.0,0.0,0.0,3
2023-05-10 11:17:21,rb2311P3650,rb2311P3650,169.0,0.0,0.0,0.0,1,62.5,0.0,0,169.0,0.0,0.0,0.0,0.0,0.0,3
2023-05-10 11:17:48,rb2311P3650,rb2311P3650,169.0,0.0,0.0,0.0,1,62.5,0.0,0,169.0,0.0,0.0,0.0,0.0,0.0,3
2023-05-10 11:27:05,rb2311P3650,rb2311P3650,169.0,0.0,0.0,0.0,1,62.0,0.0,0,169.0,0.0,0.0,0.0,0.0,0.0,3
2023-05-10 11:29:24,rb2311P3650,rb2311P3650,169.0,0.0,0.0,0.0,1,26.5,0.0,0,169.0,0.0,0.0,0.0,0.0,0.0,3
2023-05-10 13:31:25,rb2311P3650,rb2311P3650,169.0,0.0,0.0,0.0,1,27.0,0.0,0,169.0,0.0,0.0,0.0,0.0,0.0,3
2023-05-10 13:53:10,rb2311P3650,rb2311P3650,169.0,0.0,0.0,0.0,1,27.5,0.0,0,169.0,0.0,0.0,0.0,0.0,0.0,3
2023-05-10 13:53:10,rb2311P3650,rb2311P3650,169.0,0.0,0.0,0.0,1,35.5,0.0,0,169.0,0.0,0.0,0.0,0.0,0.0,3
2023-05-10 14:15:16,rb2311P3650,rb2311P3650,169.0,0.0,0.0,0.0,1,180.0,194.0,1,169.0,0.0,0.0,0.0,0.0,0.0,3
2023-05-10 14:15:17,rb2311P3650,rb2311P3650,169.0,0.0,0.0,0.0,2,180.0,194.0,1,169.0,0.0,0.0,0.0,0.0,0.0,3
2023-05-10 14:15:17,rb2311P3650,rb2311P3650,169.0,0.0,0.0,0.0,3,180.0,194.0,2,169.0,0.0,0.0,0.0,0.0,0.0,3
2023-05-10 14:15:21,rb2311P3650,rb2311P3650,169.0,0.0,0.0,0.0,3,180.0,194.0,2,169.0,0.0,0.0,0.0,0.0,0.0,3
2023-05-10 14:15:24,rb2311P3650,rb2311P3650,169.0,0.0,0.0,0.0,1,190.5,194.0,2,169.0,0.0,0.0,0.0,0.0,0.0,3
2023-05-10 14:15:26,rb2311P3650,rb2311P3650,169.0,0.0,0.0,0.0,1,190.5,194.0,2,169.0,0.0,0.0,0.0,0.0,0.0,3
2023-05-10 14:15:26,rb2311P3650,rb2311P3650,169.0,0.0,0.0,0.0,1,190.5,191.0,1,169.0,0.0,0.0,0.0,0.0,0.0,3
2023-05-10 14:15:27,rb2311P3650,rb2311P3650,169.0,0.0,0.0,0.0,1,190.5,191.0,1,169.0,0.0,0.0,0.0,0.0,0.0,3
2023-05-10 14:15:28,rb2311P3650,rb2311P3650,169.0,0.0,0.0,0.0,1,190.5,191.0,1,169.0,0.0,0.0,0.0,0.0,0.0,3
2023-05-10 14:15:29,rb2311P3650,rb2311P3650,169.0,0.0,0.0,0.0,1,190.5,191.0,1,169.0,0.0,0.0,0.0,0.0,0.0,3
2023-05-10 14:15:32,rb2311P3650,rb2311P3650,169.0,0.0,0.0,0.0,1,190.5,191.0,1,169.0,0.0,0.0,0.0,0.0,0.0,3
2023-05-10 14:15:33,rb2311P3650,rb2311P3650,169.0,0.0,0.0,0.0,1,190.5,191.0,1,169.0,0.0,0.0,0.0,0.0,0.0,3
2023-05-10 14:15:34,rb2311P3650,rb2311P3650,169.0,0.0,0.0,0.0,1,190.5,191.0,1,169.0,0.0,0.0,0.0,0.0,0.0,3
2023-05-10 14:15:35,rb2311P3650,rb2311P3650,169.0,0.0,0.0,0.0,3,190.0,191.0,1,169.0,0.0,0.0,0.0,0.0,0.0,3
2023-05-10 14:15:37,rb2311P3650,rb2311P3650,169.0,0.0,0.0,0.0,3,190.0,191.5,3,169.0,0.0,0.0,0.0,0.0,0.0,3
2023-05-10 14:15:39,rb2311P3650,rb2311P3650,169.0,0.0,0.0,0.0,3,190.0,191.5,3,169.0,0.0,0.0,0.0,0.0,0.0,3
2023-05-10 14:15:39,rb2311P3650,rb2311P3650,169.0,0.0,0.0,0.0,2,190.0,191.5,2,169.0,0.0,0.0,0.0,0.0,0.0,3
2023-05-10 14:15:40,rb2311P3650,rb2311P3650,169.0,0.0,0.0,0.0,1,190.0,191.5,1,169.0,0.0,0.0,0.0,0.0,0.0,3
2023-05-10 14:15:44,rb2311P3650,rb2311P3650,169.0,0.0,0.0,0.0,1,185.5,196.0,1,169.0,0.0,0.0,0.0,0.0,0.0,3
2023-05-10 14:15:46,rb2311P3650,rb2311P3650,169.0,0.0,0.0,0.0,1,27.5,0.0,0,169.0,0.0,0.0,0.0,0.0,0.0,3
2023-05-10 14:15:48,rb2311P3650,rb2311P3650,169.0,0.0,0.0,0.0,1,35.5,0.0,0,169.0,0.0,0.0,0.0,0.0,0.0,3
2023-05-10 14:26:06,rb2311P3650,rb2311P3650,169.0,0.0,0.0,0.0,1,36.0,0.0,0,169.0,0.0,0.0,0.0,0.0,0.0,3
2023-05-10 14:26:08,rb2311P3650,rb2311P3650,169.0,0.0,0.0,0.0,1,44.0,0.0,0,169.0,0.0,0.0,0.0,0.0,0.0,3
2023-05-10 14:27:30,rb2311P3650,rb2311P3650,169.0,0.0,0.0,0.0,1,44.0,0.0,0,169.0,0.0,0.0,0.0,0.0,0.0,3
2023-05-10 15:14:42,rb2311P3650,rb2311P3650,169.0,0.0,0.0,0.0,1,44.0,0.0,0,169.0,0.0,0.0,0.0,0.0,0.0,3
