time,symbol_id,symbol_name,last,trade_volume,trade_amount,open_interest_change,bv1,bp1,ap1,av1,yesterday_close,today_open,today_high,today_low,volume,amount,open_interest
2023-05-09 21:00:19,rb2311P3800,rb2311P3800,250.5,0.0,0.0,0.0,1,1.0,0.0,0,250.5,0.0,0.0,0.0,0.0,0.0,1
2023-05-09 21:01:18,rb2311P3800,rb2311P3800,250.5,0.0,0.0,0.0,1,1.5,0.0,0,250.5,0.0,0.0,0.0,0.0,0.0,1
2023-05-09 21:01:19,rb2311P3800,rb2311P3800,250.5,0.0,0.0,0.0,1,2.0,0.0,0,250.5,0.0,0.0,0.0,0.0,0.0,1
2023-05-09 21:01:35,rb2311P3800,rb2311P3800,250.5,0.0,0.0,0.0,1,93.0,0.0,0,250.5,0.0,0.0,0.0,0.0,0.0,1
2023-05-09 21:01:40,rb2311P3800,rb2311P3800,250.5,0.0,0.0,0.0,1,93.5,0.0,0,250.5,0.0,0.0,0.0,0.0,0.0,1
2023-05-09 21:02:56,rb2311P3800,rb2311P3800,250.5,0.0,0.0,0.0,1,94.0,0.0,0,250.5,0.0,0.0,0.0,0.0,0.0,1
2023-05-09 21:06:16,rb2311P3800,rb2311P3800,250.5,0.0,0.0,0.0,1,94.5,0.0,0,250.5,0.0,0.0,0.0,0.0,0.0,1
2023-05-09 21:32:56,rb2311P3800,rb2311P3800,250.5,0.0,0.0,0.0,1,95.0,0.0,0,250.5,0.0,0.0,0.0,0.0,0.0,1
2023-05-09 21:32:57,rb2311P3800,rb2311P3800,250.5,0.0,0.0,0.0,1,95.0,0.0,0,250.5,0.0,0.0,0.0,0.0,0.0,1
2023-05-09 21:32:57,rb2311P3800,rb2311P3800,250.5,0.0,0.0,0.0,1,95.5,0.0,0,250.5,0.0,0.0,0.0,0.0,0.0,1
2023-05-09 22:01:19,rb2311P3800,rb2311P3800,250.5,0.0,0.0,0.0,1,95.5,0.0,0,250.5,0.0,0.0,0.0,0.0,0.0,1
2023-05-09 22:08:46,rb2311P3800,rb2311P3800,250.5,0.0,0.0,0.0,1,96.0,0.0,0,250.5,0.0,0.0,0.0,0.0,0.0,1
2023-05-09 22:08:47,rb2311P3800,rb2311P3800,250.5,0.0,0.0,0.0,1,96.5,0.0,0,250.5,0.0,0.0,0.0,0.0,0.0,1
2023-05-09 22:26:27,rb2311P3800,rb2311P3800,250.5,0.0,0.0,0.0,1,96.5,0.0,0,250.5,0.0,0.0,0.0,0.0,0.0,1
2023-05-09 22:44:37,rb2311P3800,rb2311P3800,250.5,0.0,0.0,0.0,1,97.0,0.0,0,250.5,0.0,0.0,0.0,0.0,0.0,1
2023-05-09 22:44:37,rb2311P3800,rb2311P3800,250.5,0.0,0.0,0.0,1,97.5,0.0,0,250.5,0.0,0.0,0.0,0.0,0.0,1
2023-05-09 22:51:40,rb2311P3800,rb2311P3800,250.5,0.0,0.0,0.0,1,97.5,0.0,0,250.5,0.0,0.0,0.0,0.0,0.0,1
2023-05-09 22:57:08,rb2311P3800,rb2311P3800,250.5,0.0,0.0,0.0,1,97.0,0.0,0,250.5,0.0,0.0,0.0,0.0,0.0,1
2023-05-09 22:57:46,rb2311P3800,rb2311P3800,250.5,0.0,0.0,0.0,1,97.0,0.0,0,250.5,0.0,0.0,0.0,0.0,0.0,1
2023-05-09 22:58:48,rb2311P3800,rb2311P3800,250.5,0.0,0.0,0.0,1,97.0,0.0,0,250.5,0.0,0.0,0.0,0.0,0.0,1
2023-05-10 09:00:17,rb2311P3800,rb2311P3800,250.5,0.0,0.0,0.0,1,97.0,0.0,0,250.5,0.0,0.0,0.0,0.0,0.0,1
2023-05-10 09:00:36,rb2311P3800,rb2311P3800,250.5,0.0,0.0,0.0,1,97.0,0.0,0,250.5,0.0,0.0,0.0,0.0,0.0,1
2023-05-10 14:15:16,rb2311P3800,rb2311P3800,250.5,0.0,0.0,0.0,1,263.0,284.0,1,250.5,0.0,0.0,0.0,0.0,0.0,1
2023-05-10 14:15:17,rb2311P3800,rb2311P3800,250.5,0.0,0.0,0.0,2,263.0,284.0,1,250.5,0.0,0.0,0.0,0.0,0.0,1
2023-05-10 14:15:17,rb2311P3800,rb2311P3800,250.5,0.0,0.0,0.0,3,263.0,284.0,2,250.5,0.0,0.0,0.0,0.0,0.0,1
2023-05-10 14:15:21,rb2311P3800,rb2311P3800,250.5,0.0,0.0,0.0,3,263.0,284.0,2,250.5,0.0,0.0,0.0,0.0,0.0,1
2023-05-10 14:15:26,rb2311P3800,rb2311P3800,250.5,0.0,0.0,0.0,3,263.0,284.0,2,250.5,0.0,0.0,0.0,0.0,0.0,1
2023-05-10 14:15:26,rb2311P3800,rb2311P3800,250.5,0.0,0.0,0.0,1,271.5,277.5,1,250.5,0.0,0.0,0.0,0.0,0.0,1
2023-05-10 14:15:27,rb2311P3800,rb2311P3800,250.5,0.0,0.0,0.0,1,271.5,277.5,1,250.5,0.0,0.0,0.0,0.0,0.0,1
2023-05-10 14:15:28,rb2311P3800,rb2311P3800,250.5,0.0,0.0,0.0,1,271.5,277.5,1,250.5,0.0,0.0,0.0,0.0,0.0,1
2023-05-10 14:15:29,rb2311P3800,rb2311P3800,250.5,0.0,0.0,0.0,1,271.5,277.5,1,250.5,0.0,0.0,0.0,0.0,0.0,1
2023-05-10 14:15:32,rb2311P3800,rb2311P3800,250.5,0.0,0.0,0.0,1,271.5,277.5,1,250.5,0.0,0.0,0.0,0.0,0.0,1
2023-05-10 14:15:33,rb2311P3800,rb2311P3800,250.5,0.0,0.0,0.0,1,271.5,277.5,1,250.5,0.0,0.0,0.0,0.0,0.0,1
2023-05-10 14:15:34,rb2311P3800,rb2311P3800,250.5,0.0,0.0,0.0,1,275.0,277.5,1,250.5,0.0,0.0,0.0,0.0,0.0,1
2023-05-10 14:15:34,rb2311P3800,rb2311P3800,250.5,0.0,0.0,0.0,1,275.0,277.5,1,250.5,0.0,0.0,0.0,0.0,0.0,1
2023-05-10 14:15:37,rb2311P3800,rb2311P3800,250.5,0.0,0.0,0.0,1,275.0,278.0,3,250.5,0.0,0.0,0.0,0.0,0.0,1
2023-05-10 14:15:39,rb2311P3800,rb2311P3800,250.5,0.0,0.0,0.0,1,275.0,278.0,2,250.5,0.0,0.0,0.0,0.0,0.0,1
2023-05-10 14:15:40,rb2311P3800,rb2311P3800,250.5,0.0,0.0,0.0,1,275.0,278.0,1,250.5,0.0,0.0,0.0,0.0,0.0,1
2023-05-10 14:15:44,rb2311P3800,rb2311P3800,250.5,0.0,0.0,0.0,1,275.0,279.0,1,250.5,0.0,0.0,0.0,0.0,0.0,1
2023-05-10 14:15:45,rb2311P3800,rb2311P3800,250.5,0.0,0.0,0.0,1,273.5,279.0,1,250.5,0.0,0.0,0.0,0.0,0.0,1
2023-05-10 14:15:46,rb2311P3800,rb2311P3800,250.5,0.0,0.0,0.0,1,268.5,284.0,1,250.5,0.0,0.0,0.0,0.0,0.0,1
2023-05-10 14:15:46,rb2311P3800,rb2311P3800,250.5,0.0,0.0,0.0,1,97.0,0.0,0,250.5,0.0,0.0,0.0,0.0,0.0,1
2023-05-10 15:14:42,rb2311P3800,rb2311P3800,250.5,0.0,0.0,0.0,1,97.0,0.0,0,250.5,0.0,0.0,0.0,0.0,0.0,1
