time,symbol_id,symbol_name,last,trade_volume,trade_amount,open_interest_change,bv1,bp1,ap1,av1,yesterday_close,today_open,today_high,today_low,volume,amount,open_interest
2023-05-09 22:06:15,rb2311C4300,rb2311C4300,34.0,0.0,0.0,0.0,1,7.0,0.0,0,34.0,34.5,0.0,0.0,0.0,0.0,7
2023-05-09 22:06:15,rb2311C4300,rb2311C4300,34.0,0.0,0.0,0.0,4,7.5,0.0,0,34.0,34.5,0.0,0.0,0.0,0.0,7
2023-05-09 22:06:17,rb2311C4300,rb2311C4300,34.0,0.0,0.0,0.0,1,31.5,39.5,1,34.0,34.5,0.0,0.0,0.0,0.0,7
2023-05-09 22:06:17,rb2311C4300,rb2311C4300,34.0,0.0,0.0,0.0,1,31.5,39.5,1,34.0,34.5,0.0,0.0,0.0,0.0,7
2023-05-09 22:06:27,rb2311C4300,rb2311C4300,34.0,0.0,0.0,0.0,1,35.0,38.0,1,34.0,34.5,0.0,0.0,0.0,0.0,7
2023-05-09 22:06:28,rb2311C4300,rb2311C4300,34.0,0.0,0.0,0.0,1,35.0,38.0,1,34.0,34.5,0.0,0.0,0.0,0.0,7
2023-05-09 22:06:28,rb2311C4300,rb2311C4300,34.0,0.0,0.0,0.0,1,35.0,38.0,1,34.0,34.5,0.0,0.0,0.0,0.0,7
2023-05-09 22:06:29,rb2311C4300,rb2311C4300,34.0,0.0,0.0,0.0,1,35.0,38.0,1,34.0,34.5,0.0,0.0,0.0,0.0,7
2023-05-09 22:06:29,rb2311C4300,rb2311C4300,34.5,1.0,345.0,1.0,1,34.5,38.0,1,34.0,34.5,34.5,34.5,1.0,345.0,8
2023-05-09 22:06:30,rb2311C4300,rb2311C4300,34.5,0.0,0.0,0.0,1,34.5,38.0,1,34.0,34.5,34.5,34.5,1.0,345.0,8
2023-05-09 22:06:34,rb2311C4300,rb2311C4300,34.5,0.0,0.0,0.0,1,34.5,38.0,1,34.0,34.5,34.5,34.5,1.0,345.0,8
2023-05-09 22:06:35,rb2311C4300,rb2311C4300,34.5,0.0,0.0,0.0,2,34.5,38.0,2,34.0,34.5,34.5,34.5,1.0,345.0,8
2023-05-09 22:06:38,rb2311C4300,rb2311C4300,34.5,0.0,0.0,0.0,2,34.5,38.0,1,34.0,34.5,34.5,34.5,1.0,345.0,8
2023-05-09 22:06:39,rb2311C4300,rb2311C4300,34.5,0.0,0.0,0.0,2,34.5,38.0,1,34.0,34.5,34.5,34.5,1.0,345.0,8
2023-05-09 22:06:40,rb2311C4300,rb2311C4300,34.5,0.0,0.0,0.0,1,34.5,38.0,1,34.0,34.5,34.5,34.5,1.0,345.0,8
2023-05-09 22:06:40,rb2311C4300,rb2311C4300,34.5,0.0,0.0,0.0,1,34.5,38.0,1,34.0,34.5,34.5,34.5,1.0,345.0,8
2023-05-09 22:06:41,rb2311C4300,rb2311C4300,34.5,0.0,0.0,0.0,1,34.5,38.0,1,34.0,34.5,34.5,34.5,1.0,345.0,8
2023-05-09 22:06:44,rb2311C4300,rb2311C4300,34.5,0.0,0.0,0.0,1,34.5,38.0,1,34.0,34.5,34.5,34.5,1.0,345.0,8
2023-05-09 22:06:47,rb2311C4300,rb2311C4300,34.5,0.0,0.0,0.0,0,0.0,0.0,0,34.0,34.5,34.5,34.5,1.0,345.0,8
2023-05-09 22:07:24,rb2311C4300,rb2311C4300,34.5,0.0,0.0,0.0,1,7.0,0.0,0,34.0,34.5,34.5,34.5,1.0,345.0,8
2023-05-09 22:07:25,rb2311C4300,rb2311C4300,34.5,0.0,0.0,0.0,4,7.5,0.0,0,34.0,34.5,34.5,34.5,1.0,345.0,8
2023-05-09 22:07:26,rb2311C4300,rb2311C4300,34.5,0.0,0.0,0.0,1,14.0,0.0,0,34.0,34.5,34.5,34.5,1.0,345.0,8
2023-05-09 22:07:26,rb2311C4300,rb2311C4300,34.5,0.0,0.0,0.0,1,14.0,0.0,0,34.0,34.5,34.5,34.5,1.0,345.0,8
2023-05-09 22:07:27,rb2311C4300,rb2311C4300,34.5,0.0,0.0,0.0,4,14.5,0.0,0,34.0,34.5,34.5,34.5,1.0,345.0,8
2023-05-09 22:07:27,rb2311C4300,rb2311C4300,34.5,0.0,0.0,0.0,1,21.0,0.0,0,34.0,34.5,34.5,34.5,1.0,345.0,8
2023-05-09 22:07:28,rb2311C4300,rb2311C4300,34.5,0.0,0.0,0.0,1,21.0,0.0,0,34.0,34.5,34.5,34.5,1.0,345.0,8
2023-05-09 22:07:28,rb2311C4300,rb2311C4300,34.5,0.0,0.0,0.0,4,21.5,0.0,0,34.0,34.5,34.5,34.5,1.0,345.0,8
2023-05-09 22:07:29,rb2311C4300,rb2311C4300,34.5,0.0,0.0,0.0,1,25.0,0.0,0,34.0,34.5,34.5,34.5,1.0,345.0,8
2023-05-09 22:07:29,rb2311C4300,rb2311C4300,34.5,0.0,0.0,0.0,1,25.0,0.0,0,34.0,34.5,34.5,34.5,1.0,345.0,8
2023-05-09 22:07:30,rb2311C4300,rb2311C4300,34.5,0.0,0.0,0.0,4,25.5,0.0,0,34.0,34.5,34.5,34.5,1.0,345.0,8
2023-05-09 22:07:30,rb2311C4300,rb2311C4300,34.5,0.0,0.0,0.0,1,26.0,0.0,0,34.0,34.5,34.5,34.5,1.0,345.0,8
2023-05-09 22:07:31,rb2311C4300,rb2311C4300,34.5,0.0,0.0,0.0,1,26.0,0.0,0,34.0,34.5,34.5,34.5,1.0,345.0,8
2023-05-09 22:07:31,rb2311C4300,rb2311C4300,34.5,0.0,0.0,0.0,4,26.5,0.0,0,34.0,34.5,34.5,34.5,1.0,345.0,8
2023-05-09 22:07:32,rb2311C4300,rb2311C4300,34.5,0.0,0.0,0.0,1,27.0,0.0,0,34.0,34.5,34.5,34.5,1.0,345.0,8
2023-05-09 22:07:32,rb2311C4300,rb2311C4300,34.5,0.0,0.0,0.0,1,27.0,0.0,0,34.0,34.5,34.5,34.5,1.0,345.0,8
2023-05-09 22:07:33,rb2311C4300,rb2311C4300,34.5,0.0,0.0,0.0,4,27.5,0.0,0,34.0,34.5,34.5,34.5,1.0,345.0,8
2023-05-09 22:07:33,rb2311C4300,rb2311C4300,34.5,0.0,0.0,0.0,1,28.0,0.0,0,34.0,34.5,34.5,34.5,1.0,345.0,8
2023-05-09 22:07:34,rb2311C4300,rb2311C4300,34.5,0.0,0.0,0.0,1,28.0,0.0,0,34.0,34.5,34.5,34.5,1.0,345.0,8
2023-05-09 22:07:34,rb2311C4300,rb2311C4300,34.5,0.0,0.0,0.0,5,28.0,0.0,0,34.0,34.5,34.5,34.5,1.0,345.0,8
2023-05-09 22:07:37,rb2311C4300,rb2311C4300,34.5,0.0,0.0,0.0,4,28.0,0.0,0,34.0,34.5,34.5,34.5,1.0,345.0,8
2023-05-09 22:10:33,rb2311C4300,rb2311C4300,34.5,0.0,0.0,0.0,0,0.0,0.0,0,34.0,34.5,34.5,34.5,1.0,345.0,8
2023-05-09 22:26:20,rb2311C4300,rb2311C4300,34.5,0.0,0.0,0.0,1,7.0,0.0,0,34.0,34.5,34.5,34.5,1.0,345.0,8
2023-05-09 22:26:21,rb2311C4300,rb2311C4300,34.5,0.0,0.0,0.0,4,7.5,0.0,0,34.0,34.5,34.5,34.5,1.0,345.0,8
2023-05-09 22:26:21,rb2311C4300,rb2311C4300,34.5,0.0,0.0,0.0,1,14.0,0.0,0,34.0,34.5,34.5,34.5,1.0,345.0,8
2023-05-09 22:26:22,rb2311C4300,rb2311C4300,34.5,0.0,0.0,0.0,1,14.0,0.0,0,34.0,34.5,34.5,34.5,1.0,345.0,8
2023-05-09 22:26:22,rb2311C4300,rb2311C4300,34.5,0.0,0.0,0.0,4,14.5,0.0,0,34.0,34.5,34.5,34.5,1.0,345.0,8
2023-05-09 22:26:23,rb2311C4300,rb2311C4300,34.5,0.0,0.0,0.0,1,18.0,0.0,0,34.0,34.5,34.5,34.5,1.0,345.0,8
2023-05-09 22:26:23,rb2311C4300,rb2311C4300,34.5,0.0,0.0,0.0,1,18.0,0.0,0,34.0,34.5,34.5,34.5,1.0,345.0,8
2023-05-09 22:26:24,rb2311C4300,rb2311C4300,34.5,0.0,0.0,0.0,4,18.5,0.0,0,34.0,34.5,34.5,34.5,1.0,345.0,8
2023-05-09 22:26:24,rb2311C4300,rb2311C4300,34.5,0.0,0.0,0.0,1,22.0,0.0,0,34.0,34.5,34.5,34.5,1.0,345.0,8
2023-05-09 22:26:25,rb2311C4300,rb2311C4300,34.5,0.0,0.0,0.0,1,22.0,0.0,0,34.0,34.5,34.5,34.5,1.0,345.0,8
2023-05-09 22:26:25,rb2311C4300,rb2311C4300,34.5,0.0,0.0,0.0,4,22.5,0.0,0,34.0,34.5,34.5,34.5,1.0,345.0,8
2023-05-09 22:26:26,rb2311C4300,rb2311C4300,34.5,0.0,0.0,0.0,1,23.0,0.0,0,34.0,34.5,34.5,34.5,1.0,345.0,8
2023-05-09 22:26:26,rb2311C4300,rb2311C4300,34.5,0.0,0.0,0.0,1,23.0,0.0,0,34.0,34.5,34.5,34.5,1.0,345.0,8
2023-05-09 22:26:27,rb2311C4300,rb2311C4300,34.5,0.0,0.0,0.0,4,23.5,0.0,0,34.0,34.5,34.5,34.5,1.0,345.0,8
2023-05-09 22:26:27,rb2311C4300,rb2311C4300,34.5,0.0,0.0,0.0,1,24.0,0.0,0,34.0,34.5,34.5,34.5,1.0,345.0,8
2023-05-09 22:26:28,rb2311C4300,rb2311C4300,34.5,0.0,0.0,0.0,1,24.0,0.0,0,34.0,34.5,34.5,34.5,1.0,345.0,8
2023-05-09 22:26:28,rb2311C4300,rb2311C4300,34.5,0.0,0.0,0.0,4,24.5,0.0,0,34.0,34.5,34.5,34.5,1.0,345.0,8
2023-05-09 22:26:29,rb2311C4300,rb2311C4300,34.5,0.0,0.0,0.0,1,25.0,0.0,0,34.0,34.5,34.5,34.5,1.0,345.0,8
2023-05-09 22:26:29,rb2311C4300,rb2311C4300,34.5,0.0,0.0,0.0,1,25.0,0.0,0,34.0,34.5,34.5,34.5,1.0,345.0,8
2023-05-09 22:26:30,rb2311C4300,rb2311C4300,34.5,0.0,0.0,0.0,4,25.5,0.0,0,34.0,34.5,34.5,34.5,1.0,345.0,8
2023-05-09 22:26:30,rb2311C4300,rb2311C4300,34.5,0.0,0.0,0.0,1,26.0,0.0,0,34.0,34.5,34.5,34.5,1.0,345.0,8
2023-05-09 22:26:31,rb2311C4300,rb2311C4300,34.5,0.0,0.0,0.0,1,26.0,0.0,0,34.0,34.5,34.5,34.5,1.0,345.0,8
2023-05-09 22:26:31,rb2311C4300,rb2311C4300,34.5,0.0,0.0,0.0,4,26.5,0.0,0,34.0,34.5,34.5,34.5,1.0,345.0,8
2023-05-09 22:26:32,rb2311C4300,rb2311C4300,34.5,0.0,0.0,0.0,1,27.0,0.0,0,34.0,34.5,34.5,34.5,1.0,345.0,8
2023-05-09 22:26:32,rb2311C4300,rb2311C4300,34.5,0.0,0.0,0.0,1,27.0,0.0,0,34.0,34.5,34.5,34.5,1.0,345.0,8
2023-05-09 22:26:44,rb2311C4300,rb2311C4300,34.5,0.0,0.0,0.0,0,0.0,0.0,0,34.0,34.5,34.5,34.5,1.0,345.0,8
2023-05-09 22:26:45,rb2311C4300,rb2311C4300,34.5,0.0,0.0,0.0,1,7.0,0.0,0,34.0,34.5,34.5,34.5,1.0,345.0,8
2023-05-09 22:26:45,rb2311C4300,rb2311C4300,34.5,0.0,0.0,0.0,4,7.5,0.0,0,34.0,34.5,34.5,34.5,1.0,345.0,8
2023-05-09 22:26:46,rb2311C4300,rb2311C4300,34.5,0.0,0.0,0.0,1,14.0,0.0,0,34.0,34.5,34.5,34.5,1.0,345.0,8
2023-05-09 22:26:46,rb2311C4300,rb2311C4300,34.5,0.0,0.0,0.0,1,14.0,0.0,0,34.0,34.5,34.5,34.5,1.0,345.0,8
2023-05-09 22:26:47,rb2311C4300,rb2311C4300,34.5,0.0,0.0,0.0,4,14.5,0.0,0,34.0,34.5,34.5,34.5,1.0,345.0,8
2023-05-09 22:26:47,rb2311C4300,rb2311C4300,34.5,0.0,0.0,0.0,1,18.0,0.0,0,34.0,34.5,34.5,34.5,1.0,345.0,8
2023-05-09 22:26:48,rb2311C4300,rb2311C4300,34.5,0.0,0.0,0.0,1,18.0,0.0,0,34.0,34.5,34.5,34.5,1.0,345.0,8
2023-05-09 22:26:48,rb2311C4300,rb2311C4300,34.5,0.0,0.0,0.0,4,18.5,0.0,0,34.0,34.5,34.5,34.5,1.0,345.0,8
2023-05-09 22:26:49,rb2311C4300,rb2311C4300,34.5,0.0,0.0,0.0,1,19.0,0.0,0,34.0,34.5,34.5,34.5,1.0,345.0,8
2023-05-09 22:26:49,rb2311C4300,rb2311C4300,34.5,0.0,0.0,0.0,1,19.0,0.0,0,34.0,34.5,34.5,34.5,1.0,345.0,8
2023-05-09 22:26:50,rb2311C4300,rb2311C4300,34.5,0.0,0.0,0.0,4,19.5,0.0,0,34.0,34.5,34.5,34.5,1.0,345.0,8
2023-05-09 22:26:59,rb2311C4300,rb2311C4300,34.5,0.0,0.0,0.0,1,29.5,37.5,1,34.0,34.5,34.5,34.5,1.0,345.0,8
2023-05-09 22:27:00,rb2311C4300,rb2311C4300,34.5,0.0,0.0,0.0,1,29.5,37.5,1,34.0,34.5,34.5,34.5,1.0,345.0,8
2023-05-09 22:27:00,rb2311C4300,rb2311C4300,34.5,0.0,0.0,0.0,2,29.5,37.5,2,34.0,34.5,34.5,34.5,1.0,345.0,8
2023-05-09 22:27:01,rb2311C4300,rb2311C4300,34.5,0.0,0.0,0.0,1,29.5,37.5,1,34.0,34.5,34.5,34.5,1.0,345.0,8
2023-05-09 22:27:10,rb2311C4300,rb2311C4300,34.5,0.0,0.0,0.0,1,30.0,37.5,2,34.0,34.5,34.5,34.5,1.0,345.0,8
2023-05-09 22:27:10,rb2311C4300,rb2311C4300,34.5,0.0,0.0,0.0,1,33.5,36.5,1,34.0,34.5,34.5,34.5,1.0,345.0,8
2023-05-09 22:27:11,rb2311C4300,rb2311C4300,34.5,0.0,0.0,0.0,1,33.5,36.5,1,34.0,34.5,34.5,34.5,1.0,345.0,8
2023-05-09 22:27:11,rb2311C4300,rb2311C4300,34.5,0.0,0.0,0.0,1,33.5,36.5,1,34.0,34.5,34.5,34.5,1.0,345.0,8
2023-05-09 22:27:12,rb2311C4300,rb2311C4300,34.5,0.0,0.0,0.0,1,33.5,36.5,1,34.0,34.5,34.5,34.5,1.0,345.0,8
2023-05-09 22:27:12,rb2311C4300,rb2311C4300,33.5,1.0,335.0,1.0,1,33.0,36.5,1,34.0,34.5,34.5,33.5,2.0,680.0,9
2023-05-09 22:27:13,rb2311C4300,rb2311C4300,33.5,0.0,0.0,0.0,2,33.0,36.5,1,34.0,34.5,34.5,33.5,2.0,680.0,9
2023-05-09 22:27:17,rb2311C4300,rb2311C4300,33.5,0.0,0.0,0.0,2,33.0,36.5,1,34.0,34.5,34.5,33.5,2.0,680.0,9
2023-05-09 22:27:18,rb2311C4300,rb2311C4300,33.5,0.0,0.0,0.0,3,33.0,36.5,2,34.0,34.5,34.5,33.5,2.0,680.0,9
2023-05-09 22:27:21,rb2311C4300,rb2311C4300,33.5,0.0,0.0,0.0,3,33.0,36.5,1,34.0,34.5,34.5,33.5,2.0,680.0,9
2023-05-09 22:27:22,rb2311C4300,rb2311C4300,33.5,0.0,0.0,0.0,3,33.0,36.5,1,34.0,34.5,34.5,33.5,2.0,680.0,9
2023-05-09 22:27:23,rb2311C4300,rb2311C4300,33.5,0.0,0.0,0.0,2,33.0,36.5,1,34.0,34.5,34.5,33.5,2.0,680.0,9
2023-05-09 22:27:23,rb2311C4300,rb2311C4300,33.5,0.0,0.0,0.0,2,33.0,36.5,1,34.0,34.5,34.5,33.5,2.0,680.0,9
2023-05-09 22:27:24,rb2311C4300,rb2311C4300,33.5,0.0,0.0,0.0,1,33.0,36.5,1,34.0,34.5,34.5,33.5,2.0,680.0,9
2023-05-09 22:27:25,rb2311C4300,rb2311C4300,33.5,0.0,0.0,0.0,1,33.0,36.0,1,34.0,34.5,34.5,33.5,2.0,680.0,9
2023-05-09 22:27:27,rb2311C4300,rb2311C4300,33.5,0.0,0.0,0.0,1,33.0,36.0,1,34.0,34.5,34.5,33.5,2.0,680.0,9
2023-05-09 22:27:30,rb2311C4300,rb2311C4300,33.5,0.0,0.0,0.0,1,30.0,35.5,1,34.0,34.5,34.5,33.5,2.0,680.0,9
2023-05-09 22:27:34,rb2311C4300,rb2311C4300,33.5,0.0,0.0,0.0,1,30.0,0.0,0,34.0,34.5,34.5,33.5,2.0,680.0,9
2023-05-09 22:27:35,rb2311C4300,rb2311C4300,33.5,0.0,0.0,0.0,1,30.0,35.0,1,34.0,34.5,34.5,33.5,2.0,680.0,9
2023-05-09 22:27:40,rb2311C4300,rb2311C4300,33.5,0.0,0.0,0.0,1,30.0,34.5,1,34.0,34.5,34.5,33.5,2.0,680.0,9
2023-05-09 22:27:42,rb2311C4300,rb2311C4300,33.5,0.0,0.0,0.0,1,30.0,0.0,0,34.0,34.5,34.5,33.5,2.0,680.0,9
2023-05-09 22:27:47,rb2311C4300,rb2311C4300,33.5,0.0,0.0,0.0,0,0.0,0.0,0,34.0,34.5,34.5,33.5,2.0,680.0,9
2023-05-10 09:27:58,rb2311C4300,rb2311C4300,33.5,0.0,0.0,0.0,1,7.0,0.0,0,34.0,34.5,34.5,33.5,2.0,680.0,9
2023-05-10 09:27:58,rb2311C4300,rb2311C4300,33.5,0.0,0.0,0.0,4,7.5,0.0,0,34.0,34.5,34.5,33.5,2.0,680.0,9
2023-05-10 09:28:00,rb2311C4300,rb2311C4300,33.5,0.0,0.0,0.0,1,14.0,0.0,0,34.0,34.5,34.5,33.5,2.0,680.0,9
2023-05-10 09:28:00,rb2311C4300,rb2311C4300,33.5,0.0,0.0,0.0,1,14.0,0.0,0,34.0,34.5,34.5,33.5,2.0,680.0,9
2023-05-10 09:28:01,rb2311C4300,rb2311C4300,33.5,0.0,0.0,0.0,4,14.5,0.0,0,34.0,34.5,34.5,33.5,2.0,680.0,9
2023-05-10 09:28:01,rb2311C4300,rb2311C4300,33.5,0.0,0.0,0.0,1,21.0,0.0,0,34.0,34.5,34.5,33.5,2.0,680.0,9
2023-05-10 09:28:02,rb2311C4300,rb2311C4300,33.5,0.0,0.0,0.0,1,21.0,0.0,0,34.0,34.5,34.5,33.5,2.0,680.0,9
2023-05-10 09:28:02,rb2311C4300,rb2311C4300,33.5,0.0,0.0,0.0,4,21.5,0.0,0,34.0,34.5,34.5,33.5,2.0,680.0,9
2023-05-10 09:28:03,rb2311C4300,rb2311C4300,33.5,0.0,0.0,0.0,4,21.5,0.0,0,34.0,34.5,34.5,33.5,2.0,680.0,9
2023-05-10 09:28:03,rb2311C4300,rb2311C4300,33.5,0.0,0.0,0.0,1,25.0,0.0,0,34.0,34.5,34.5,33.5,2.0,680.0,9
2023-05-10 09:28:04,rb2311C4300,rb2311C4300,33.5,0.0,0.0,0.0,1,25.0,0.0,0,34.0,34.5,34.5,33.5,2.0,680.0,9
2023-05-10 09:28:04,rb2311C4300,rb2311C4300,33.5,0.0,0.0,0.0,4,25.5,0.0,0,34.0,34.5,34.5,33.5,2.0,680.0,9
2023-05-10 09:28:05,rb2311C4300,rb2311C4300,33.5,0.0,0.0,0.0,1,26.0,0.0,0,34.0,34.5,34.5,33.5,2.0,680.0,9
2023-05-10 09:28:05,rb2311C4300,rb2311C4300,33.5,0.0,0.0,0.0,1,26.0,0.0,0,34.0,34.5,34.5,33.5,2.0,680.0,9
2023-05-10 09:28:06,rb2311C4300,rb2311C4300,33.5,0.0,0.0,0.0,4,26.5,0.0,0,34.0,34.5,34.5,33.5,2.0,680.0,9
2023-05-10 09:28:06,rb2311C4300,rb2311C4300,33.5,0.0,0.0,0.0,1,27.0,0.0,0,34.0,34.5,34.5,33.5,2.0,680.0,9
2023-05-10 09:28:07,rb2311C4300,rb2311C4300,33.5,0.0,0.0,0.0,1,27.0,0.0,0,34.0,34.5,34.5,33.5,2.0,680.0,9
2023-05-10 09:28:07,rb2311C4300,rb2311C4300,33.5,0.0,0.0,0.0,4,27.5,0.0,0,34.0,34.5,34.5,33.5,2.0,680.0,9
2023-05-10 09:28:08,rb2311C4300,rb2311C4300,33.5,0.0,0.0,0.0,1,28.0,0.0,0,34.0,34.5,34.5,33.5,2.0,680.0,9
2023-05-10 09:28:08,rb2311C4300,rb2311C4300,33.5,0.0,0.0,0.0,1,28.0,0.0,0,34.0,34.5,34.5,33.5,2.0,680.0,9
2023-05-10 09:28:09,rb2311C4300,rb2311C4300,33.5,0.0,0.0,0.0,4,28.5,0.0,0,34.0,34.5,34.5,33.5,2.0,680.0,9
2023-05-10 09:28:09,rb2311C4300,rb2311C4300,33.5,0.0,0.0,0.0,4,28.5,0.0,0,34.0,34.5,34.5,33.5,2.0,680.0,9
2023-05-10 09:28:16,rb2311C4300,rb2311C4300,33.5,0.0,0.0,0.0,1,29.0,0.0,0,34.0,34.5,34.5,33.5,2.0,680.0,9
2023-05-10 09:28:16,rb2311C4300,rb2311C4300,33.5,0.0,0.0,0.0,1,29.0,0.0,0,34.0,34.5,34.5,33.5,2.0,680.0,9
2023-05-10 09:28:22,rb2311C4300,rb2311C4300,33.5,0.0,0.0,0.0,1,31.0,39.0,1,34.0,34.5,34.5,33.5,2.0,680.0,9
2023-05-10 09:28:22,rb2311C4300,rb2311C4300,33.5,0.0,0.0,0.0,1,31.0,39.0,1,34.0,34.5,34.5,33.5,2.0,680.0,9
2023-05-10 09:28:29,rb2311C4300,rb2311C4300,33.5,0.0,0.0,0.0,1,31.5,39.0,1,34.0,34.5,34.5,33.5,2.0,680.0,9
2023-05-10 09:28:32,rb2311C4300,rb2311C4300,33.5,0.0,0.0,0.0,2,31.5,39.0,1,34.0,34.5,34.5,33.5,2.0,680.0,9
2023-05-10 09:28:33,rb2311C4300,rb2311C4300,33.5,0.0,0.0,0.0,1,35.5,38.0,1,34.0,34.5,34.5,33.5,2.0,680.0,9
2023-05-10 09:28:33,rb2311C4300,rb2311C4300,33.5,0.0,0.0,0.0,1,35.5,38.0,1,34.0,34.5,34.5,33.5,2.0,680.0,9
2023-05-10 09:28:34,rb2311C4300,rb2311C4300,33.5,0.0,0.0,0.0,1,35.5,38.0,1,34.0,34.5,34.5,33.5,2.0,680.0,9
2023-05-10 09:28:34,rb2311C4300,rb2311C4300,33.5,0.0,0.0,0.0,1,35.5,38.0,1,34.0,34.5,34.5,33.5,2.0,680.0,9
2023-05-10 09:28:35,rb2311C4300,rb2311C4300,34.5,1.0,345.0,1.0,2,35.0,38.0,1,34.0,34.5,34.5,33.5,3.0,1025.0,10
2023-05-10 09:28:39,rb2311C4300,rb2311C4300,34.5,0.0,0.0,0.0,2,35.0,38.0,1,34.0,34.5,34.5,33.5,3.0,1025.0,10
2023-05-10 09:28:40,rb2311C4300,rb2311C4300,34.5,0.0,0.0,0.0,2,35.0,38.0,1,34.0,34.5,34.5,33.5,3.0,1025.0,10
2023-05-10 09:28:41,rb2311C4300,rb2311C4300,34.5,0.0,0.0,0.0,2,35.0,38.0,1,34.0,34.5,34.5,33.5,3.0,1025.0,10
2023-05-10 09:28:44,rb2311C4300,rb2311C4300,34.5,0.0,0.0,0.0,2,35.0,38.5,4,34.0,34.5,34.5,33.5,3.0,1025.0,10
2023-05-10 09:28:44,rb2311C4300,rb2311C4300,34.5,0.0,0.0,0.0,2,35.0,38.5,4,34.0,34.5,34.5,33.5,3.0,1025.0,10
2023-05-10 09:28:45,rb2311C4300,rb2311C4300,34.5,0.0,0.0,0.0,1,35.0,38.5,3,34.0,34.5,34.5,33.5,3.0,1025.0,10
2023-05-10 09:28:46,rb2311C4300,rb2311C4300,34.5,0.0,0.0,0.0,1,35.0,38.5,3,34.0,34.5,34.5,33.5,3.0,1025.0,10
2023-05-10 09:28:46,rb2311C4300,rb2311C4300,34.5,0.0,0.0,0.0,1,34.5,38.5,2,34.0,34.5,34.5,33.5,3.0,1025.0,10
2023-05-10 09:28:50,rb2311C4300,rb2311C4300,34.5,0.0,0.0,0.0,1,34.5,38.5,1,34.0,34.5,34.5,33.5,3.0,1025.0,10
2023-05-10 09:28:52,rb2311C4300,rb2311C4300,34.5,0.0,0.0,0.0,0,0.0,0.0,0,34.0,34.5,34.5,33.5,3.0,1025.0,10
2023-05-10 09:28:58,rb2311C4300,rb2311C4300,34.5,0.0,0.0,0.0,1,7.0,0.0,0,34.0,34.5,34.5,33.5,3.0,1025.0,10
2023-05-10 09:28:59,rb2311C4300,rb2311C4300,34.5,0.0,0.0,0.0,4,7.5,0.0,0,34.0,34.5,34.5,33.5,3.0,1025.0,10
2023-05-10 09:28:59,rb2311C4300,rb2311C4300,34.5,0.0,0.0,0.0,1,14.0,0.0,0,34.0,34.5,34.5,33.5,3.0,1025.0,10
2023-05-10 09:29:00,rb2311C4300,rb2311C4300,34.5,0.0,0.0,0.0,1,14.0,0.0,0,34.0,34.5,34.5,33.5,3.0,1025.0,10
2023-05-10 09:29:00,rb2311C4300,rb2311C4300,34.5,0.0,0.0,0.0,4,14.5,0.0,0,34.0,34.5,34.5,33.5,3.0,1025.0,10
2023-05-10 09:29:01,rb2311C4300,rb2311C4300,34.5,0.0,0.0,0.0,1,21.0,0.0,0,34.0,34.5,34.5,33.5,3.0,1025.0,10
2023-05-10 09:29:01,rb2311C4300,rb2311C4300,34.5,0.0,0.0,0.0,1,21.0,0.0,0,34.0,34.5,34.5,33.5,3.0,1025.0,10
2023-05-10 09:29:02,rb2311C4300,rb2311C4300,34.5,0.0,0.0,0.0,4,21.5,0.0,0,34.0,34.5,34.5,33.5,3.0,1025.0,10
2023-05-10 09:29:02,rb2311C4300,rb2311C4300,34.5,0.0,0.0,0.0,1,25.0,0.0,0,34.0,34.5,34.5,33.5,3.0,1025.0,10
2023-05-10 09:29:03,rb2311C4300,rb2311C4300,34.5,0.0,0.0,0.0,1,25.0,0.0,0,34.0,34.5,34.5,33.5,3.0,1025.0,10
2023-05-10 09:29:03,rb2311C4300,rb2311C4300,34.5,0.0,0.0,0.0,4,25.5,0.0,0,34.0,34.5,34.5,33.5,3.0,1025.0,10
2023-05-10 09:29:04,rb2311C4300,rb2311C4300,34.5,0.0,0.0,0.0,1,26.0,0.0,0,34.0,34.5,34.5,33.5,3.0,1025.0,10
2023-05-10 09:29:04,rb2311C4300,rb2311C4300,34.5,0.0,0.0,0.0,1,26.0,0.0,0,34.0,34.5,34.5,33.5,3.0,1025.0,10
2023-05-10 09:29:05,rb2311C4300,rb2311C4300,34.5,0.0,0.0,0.0,4,26.5,0.0,0,34.0,34.5,34.5,33.5,3.0,1025.0,10
2023-05-10 09:29:05,rb2311C4300,rb2311C4300,34.5,0.0,0.0,0.0,1,27.0,0.0,0,34.0,34.5,34.5,33.5,3.0,1025.0,10
2023-05-10 09:29:06,rb2311C4300,rb2311C4300,34.5,0.0,0.0,0.0,1,27.0,0.0,0,34.0,34.5,34.5,33.5,3.0,1025.0,10
2023-05-10 09:29:06,rb2311C4300,rb2311C4300,34.5,0.0,0.0,0.0,4,27.5,0.0,0,34.0,34.5,34.5,33.5,3.0,1025.0,10
2023-05-10 09:29:07,rb2311C4300,rb2311C4300,34.5,0.0,0.0,0.0,1,28.0,0.0,0,34.0,34.5,34.5,33.5,3.0,1025.0,10
2023-05-10 09:29:07,rb2311C4300,rb2311C4300,34.5,0.0,0.0,0.0,1,28.0,0.0,0,34.0,34.5,34.5,33.5,3.0,1025.0,10
2023-05-10 09:29:08,rb2311C4300,rb2311C4300,34.5,0.0,0.0,0.0,4,28.5,0.0,0,34.0,34.5,34.5,33.5,3.0,1025.0,10
2023-05-10 09:29:08,rb2311C4300,rb2311C4300,34.5,0.0,0.0,0.0,4,28.5,0.0,0,34.0,34.5,34.5,33.5,3.0,1025.0,10
2023-05-10 09:29:19,rb2311C4300,rb2311C4300,34.5,0.0,0.0,0.0,1,29.0,0.0,0,34.0,34.5,34.5,33.5,3.0,1025.0,10
2023-05-10 09:29:20,rb2311C4300,rb2311C4300,34.5,0.0,0.0,0.0,1,29.0,0.0,0,34.0,34.5,34.5,33.5,3.0,1025.0,10
2023-05-10 09:29:22,rb2311C4300,rb2311C4300,34.5,0.0,0.0,0.0,0,0.0,0.0,0,34.0,34.5,34.5,33.5,3.0,1025.0,10
2023-05-10 09:29:23,rb2311C4300,rb2311C4300,34.5,0.0,0.0,0.0,1,7.0,0.0,0,34.0,34.5,34.5,33.5,3.0,1025.0,10
2023-05-10 09:29:23,rb2311C4300,rb2311C4300,34.5,0.0,0.0,0.0,4,7.5,0.0,0,34.0,34.5,34.5,33.5,3.0,1025.0,10
2023-05-10 09:29:24,rb2311C4300,rb2311C4300,34.5,0.0,0.0,0.0,1,14.0,0.0,0,34.0,34.5,34.5,33.5,3.0,1025.0,10
2023-05-10 09:29:24,rb2311C4300,rb2311C4300,34.5,0.0,0.0,0.0,1,14.0,0.0,0,34.0,34.5,34.5,33.5,3.0,1025.0,10
2023-05-10 09:29:25,rb2311C4300,rb2311C4300,34.5,0.0,0.0,0.0,4,14.5,0.0,0,34.0,34.5,34.5,33.5,3.0,1025.0,10
2023-05-10 09:29:25,rb2311C4300,rb2311C4300,34.5,0.0,0.0,0.0,1,18.0,0.0,0,34.0,34.5,34.5,33.5,3.0,1025.0,10
2023-05-10 09:29:26,rb2311C4300,rb2311C4300,34.5,0.0,0.0,0.0,1,18.0,0.0,0,34.0,34.5,34.5,33.5,3.0,1025.0,10
2023-05-10 09:29:26,rb2311C4300,rb2311C4300,34.5,0.0,0.0,0.0,4,18.5,0.0,0,34.0,34.5,34.5,33.5,3.0,1025.0,10
2023-05-10 09:29:27,rb2311C4300,rb2311C4300,34.5,0.0,0.0,0.0,1,22.0,0.0,0,34.0,34.5,34.5,33.5,3.0,1025.0,10
2023-05-10 09:29:27,rb2311C4300,rb2311C4300,34.5,0.0,0.0,0.0,1,22.0,0.0,0,34.0,34.5,34.5,33.5,3.0,1025.0,10
2023-05-10 09:29:28,rb2311C4300,rb2311C4300,34.5,0.0,0.0,0.0,4,22.5,0.0,0,34.0,34.5,34.5,33.5,3.0,1025.0,10
2023-05-10 09:29:28,rb2311C4300,rb2311C4300,34.5,0.0,0.0,0.0,4,22.5,0.0,0,34.0,34.5,34.5,33.5,3.0,1025.0,10
2023-05-10 09:29:31,rb2311C4300,rb2311C4300,34.5,0.0,0.0,0.0,1,31.0,39.0,1,34.0,34.5,34.5,33.5,3.0,1025.0,10
2023-05-10 09:29:31,rb2311C4300,rb2311C4300,34.5,0.0,0.0,0.0,1,31.0,39.0,1,34.0,34.5,34.5,33.5,3.0,1025.0,10
2023-05-10 09:29:38,rb2311C4300,rb2311C4300,34.5,0.0,0.0,0.0,1,33.0,39.0,1,34.0,34.5,34.5,33.5,3.0,1025.0,10
2023-05-10 09:29:40,rb2311C4300,rb2311C4300,34.5,0.0,0.0,0.0,1,33.0,34.5,1,34.0,34.5,34.5,33.5,3.0,1025.0,10
2023-05-10 09:29:40,rb2311C4300,rb2311C4300,34.5,0.0,0.0,0.0,1,33.0,34.5,1,34.0,34.5,34.5,33.5,3.0,1025.0,10
2023-05-10 09:29:41,rb2311C4300,rb2311C4300,34.5,1.0,345.0,1.0,1,33.0,36.0,1,34.0,34.5,34.5,33.5,4.0,1370.0,11
2023-05-10 09:29:41,rb2311C4300,rb2311C4300,34.5,0.0,0.0,0.0,1,33.0,36.0,1,34.0,34.5,34.5,33.5,4.0,1370.0,11
2023-05-10 09:29:43,rb2311C4300,rb2311C4300,34.5,0.0,0.0,0.0,1,33.0,36.0,1,34.0,34.5,34.5,33.5,4.0,1370.0,11
2023-05-10 09:29:44,rb2311C4300,rb2311C4300,34.5,0.0,0.0,0.0,1,33.0,36.0,1,34.0,34.5,34.5,33.5,4.0,1370.0,11
2023-05-10 09:29:48,rb2311C4300,rb2311C4300,34.5,0.0,0.0,0.0,1,33.0,36.0,1,34.0,34.5,34.5,33.5,4.0,1370.0,11
2023-05-10 09:29:49,rb2311C4300,rb2311C4300,34.5,0.0,0.0,0.0,1,33.0,36.0,1,34.0,34.5,34.5,33.5,4.0,1370.0,11
2023-05-10 09:29:51,rb2311C4300,rb2311C4300,34.5,0.0,0.0,0.0,1,33.0,36.0,1,34.0,34.5,34.5,33.5,4.0,1370.0,11
2023-05-10 09:29:51,rb2311C4300,rb2311C4300,34.5,0.0,0.0,0.0,1,33.0,36.0,1,34.0,34.5,34.5,33.5,4.0,1370.0,11
2023-05-10 09:29:52,rb2311C4300,rb2311C4300,34.5,0.0,0.0,0.0,1,33.0,36.0,1,34.0,34.5,34.5,33.5,4.0,1370.0,11
2023-05-10 09:29:52,rb2311C4300,rb2311C4300,34.5,0.0,0.0,0.0,4,32.5,36.5,4,34.0,34.5,34.5,33.5,4.0,1370.0,11
2023-05-10 09:29:53,rb2311C4300,rb2311C4300,34.5,0.0,0.0,0.0,4,32.5,36.5,4,34.0,34.5,34.5,33.5,4.0,1370.0,11
2023-05-10 09:29:54,rb2311C4300,rb2311C4300,34.5,0.0,0.0,0.0,3,32.5,36.5,3,34.0,34.5,34.5,33.5,4.0,1370.0,11
2023-05-10 09:29:55,rb2311C4300,rb2311C4300,34.5,0.0,0.0,0.0,2,32.5,36.5,2,34.0,34.5,34.5,33.5,4.0,1370.0,11
2023-05-10 09:29:58,rb2311C4300,rb2311C4300,34.5,0.0,0.0,0.0,1,32.5,36.5,1,34.0,34.5,34.5,33.5,4.0,1370.0,11
2023-05-10 09:30:01,rb2311C4300,rb2311C4300,34.5,0.0,0.0,0.0,0,0.0,0.0,0,34.0,34.5,34.5,33.5,4.0,1370.0,11
2023-05-10 14:15:16,rb2311C4300,rb2311C4300,34.5,0.0,0.0,0.0,1,25.5,33.5,1,34.0,34.5,34.5,33.5,4.0,1370.0,11
2023-05-10 14:15:26,rb2311C4300,rb2311C4300,34.5,0.0,0.0,0.0,2,25.5,33.5,2,34.0,34.5,34.5,33.5,4.0,1370.0,11
2023-05-10 14:15:26,rb2311C4300,rb2311C4300,34.5,0.0,0.0,0.0,1,30.5,33.5,3,34.0,34.5,34.5,33.5,4.0,1370.0,11
2023-05-10 14:15:27,rb2311C4300,rb2311C4300,34.5,0.0,0.0,0.0,1,30.5,33.5,2,34.0,34.5,34.5,33.5,4.0,1370.0,11
2023-05-10 14:15:27,rb2311C4300,rb2311C4300,34.5,0.0,0.0,0.0,1,30.5,33.5,2,34.0,34.5,34.5,33.5,4.0,1370.0,11
2023-05-10 14:15:28,rb2311C4300,rb2311C4300,34.5,0.0,0.0,0.0,1,30.5,33.5,1,34.0,34.5,34.5,33.5,4.0,1370.0,11
2023-05-10 14:15:29,rb2311C4300,rb2311C4300,34.5,0.0,0.0,0.0,1,30.5,33.5,1,34.0,34.5,34.5,33.5,4.0,1370.0,11
2023-05-10 14:15:32,rb2311C4300,rb2311C4300,30.5,1.0,305.0,1.0,2,30.0,33.5,1,34.0,34.5,34.5,30.5,5.0,1675.0,12
2023-05-10 14:15:33,rb2311C4300,rb2311C4300,30.5,0.0,0.0,0.0,2,30.0,33.5,1,34.0,34.5,34.5,30.5,5.0,1675.0,12
2023-05-10 14:15:34,rb2311C4300,rb2311C4300,30.5,0.0,0.0,0.0,3,30.0,33.5,2,34.0,34.5,34.5,30.5,5.0,1675.0,12
2023-05-10 14:15:37,rb2311C4300,rb2311C4300,30.5,0.0,0.0,0.0,3,30.0,33.5,1,34.0,34.5,34.5,30.5,5.0,1675.0,12
2023-05-10 14:15:39,rb2311C4300,rb2311C4300,30.5,0.0,0.0,0.0,3,30.0,33.5,1,34.0,34.5,34.5,30.5,5.0,1675.0,12
2023-05-10 14:15:39,rb2311C4300,rb2311C4300,30.5,0.0,0.0,0.0,2,30.0,33.5,1,34.0,34.5,34.5,30.5,5.0,1675.0,12
2023-05-10 14:15:40,rb2311C4300,rb2311C4300,30.5,0.0,0.0,0.0,1,30.0,33.5,1,34.0,34.5,34.5,30.5,5.0,1675.0,12
2023-05-10 14:15:43,rb2311C4300,rb2311C4300,30.5,0.0,0.0,0.0,1,30.0,33.5,1,34.0,34.5,34.5,30.5,5.0,1675.0,12
2023-05-10 14:15:44,rb2311C4300,rb2311C4300,30.5,0.0,0.0,0.0,1,30.0,33.5,1,34.0,34.5,34.5,30.5,5.0,1675.0,12
2023-05-10 14:15:46,rb2311C4300,rb2311C4300,30.5,0.0,0.0,0.0,0,0.0,0.0,0,34.0,34.5,34.5,30.5,5.0,1675.0,12
2023-05-10 15:14:42,rb2311C4300,rb2311C4300,30.5,0.0,0.0,0.0,0,0.0,0.0,0,34.0,34.5,34.5,30.5,5.0,1675.0,12
