time,symbol_id,symbol_name,last,trade_volume,trade_amount,open_interest_change,bv1,bp1,ap1,av1,yesterday_close,today_open,today_high,today_low,volume,amount,open_interest
2023-05-09 22:06:15,rb2311C4250,rb2311C4250,41.5,0.0,0.0,0.0,1,7.0,0.0,0,41.5,40.5,0.0,0.0,0.0,0.0,6
2023-05-09 22:06:15,rb2311C4250,rb2311C4250,41.5,0.0,0.0,0.0,4,7.5,0.0,0,41.5,40.5,0.0,0.0,0.0,0.0,6
2023-05-09 22:06:16,rb2311C4250,rb2311C4250,41.5,0.0,0.0,0.0,4,7.5,0.0,0,41.5,40.5,0.0,0.0,0.0,0.0,6
2023-05-09 22:06:17,rb2311C4250,rb2311C4250,41.5,0.0,0.0,0.0,1,14.0,0.0,0,41.5,40.5,0.0,0.0,0.0,0.0,6
2023-05-09 22:06:17,rb2311C4250,rb2311C4250,41.5,0.0,0.0,0.0,1,14.0,0.0,0,41.5,40.5,0.0,0.0,0.0,0.0,6
2023-05-09 22:06:18,rb2311C4250,rb2311C4250,41.5,0.0,0.0,0.0,4,14.5,0.0,0,41.5,40.5,0.0,0.0,0.0,0.0,6
2023-05-09 22:06:18,rb2311C4250,rb2311C4250,41.5,0.0,0.0,0.0,1,21.0,0.0,0,41.5,40.5,0.0,0.0,0.0,0.0,6
2023-05-09 22:06:19,rb2311C4250,rb2311C4250,41.5,0.0,0.0,0.0,1,21.0,0.0,0,41.5,40.5,0.0,0.0,0.0,0.0,6
2023-05-09 22:06:19,rb2311C4250,rb2311C4250,41.5,0.0,0.0,0.0,1,37.0,45.0,1,41.5,40.5,0.0,0.0,0.0,0.0,6
2023-05-09 22:06:20,rb2311C4250,rb2311C4250,41.5,0.0,0.0,0.0,1,37.0,45.0,1,41.5,40.5,0.0,0.0,0.0,0.0,6
2023-05-09 22:06:29,rb2311C4250,rb2311C4250,41.5,0.0,0.0,0.0,1,37.5,40.5,1,41.5,40.5,0.0,0.0,0.0,0.0,6
2023-05-09 22:06:29,rb2311C4250,rb2311C4250,41.5,0.0,0.0,0.0,1,40.0,40.5,1,41.5,40.5,0.0,0.0,0.0,0.0,6
2023-05-09 22:06:30,rb2311C4250,rb2311C4250,41.5,0.0,0.0,0.0,1,40.0,40.5,1,41.5,40.5,0.0,0.0,0.0,0.0,6
2023-05-09 22:06:31,rb2311C4250,rb2311C4250,41.5,0.0,0.0,0.0,1,40.0,40.5,1,41.5,40.5,0.0,0.0,0.0,0.0,6
2023-05-09 22:06:32,rb2311C4250,rb2311C4250,41.5,0.0,0.0,0.0,2,40.0,40.5,1,41.5,40.5,0.0,0.0,0.0,0.0,6
2023-05-09 22:06:36,rb2311C4250,rb2311C4250,41.5,0.0,0.0,0.0,2,40.0,40.5,1,41.5,40.5,0.0,0.0,0.0,0.0,6
2023-05-09 22:06:37,rb2311C4250,rb2311C4250,41.5,0.0,0.0,0.0,2,40.0,40.5,1,41.5,40.5,0.0,0.0,0.0,0.0,6
2023-05-09 22:06:40,rb2311C4250,rb2311C4250,41.5,0.0,0.0,0.0,2,40.0,41.0,3,41.5,40.5,0.0,0.0,0.0,0.0,6
2023-05-09 22:06:40,rb2311C4250,rb2311C4250,41.5,0.0,0.0,0.0,1,40.0,41.0,3,41.5,40.5,0.0,0.0,0.0,0.0,6
2023-05-09 22:06:41,rb2311C4250,rb2311C4250,41.5,0.0,0.0,0.0,1,40.0,41.0,3,41.5,40.5,0.0,0.0,0.0,0.0,6
2023-05-09 22:06:41,rb2311C4250,rb2311C4250,41.5,0.0,0.0,0.0,1,40.0,41.0,3,41.5,40.5,0.0,0.0,0.0,0.0,6
2023-05-09 22:06:42,rb2311C4250,rb2311C4250,41.5,0.0,0.0,0.0,1,40.0,41.0,3,41.5,40.5,0.0,0.0,0.0,0.0,6
2023-05-09 22:06:42,rb2311C4250,rb2311C4250,41.5,0.0,0.0,0.0,1,40.0,41.0,2,41.5,40.5,0.0,0.0,0.0,0.0,6
2023-05-09 22:06:43,rb2311C4250,rb2311C4250,41.5,0.0,0.0,0.0,1,40.0,41.0,1,41.5,40.5,0.0,0.0,0.0,0.0,6
2023-05-09 22:06:47,rb2311C4250,rb2311C4250,41.5,0.0,0.0,0.0,1,40.0,42.0,1,41.5,40.5,0.0,0.0,0.0,0.0,6
2023-05-09 22:06:47,rb2311C4250,rb2311C4250,41.5,0.0,0.0,0.0,1,38.5,42.0,1,41.5,40.5,0.0,0.0,0.0,0.0,6
2023-05-09 22:06:49,rb2311C4250,rb2311C4250,41.5,0.0,0.0,0.0,0,0.0,0.0,0,41.5,40.5,0.0,0.0,0.0,0.0,6
2023-05-09 22:07:24,rb2311C4250,rb2311C4250,41.5,0.0,0.0,0.0,1,7.0,0.0,0,41.5,40.5,0.0,0.0,0.0,0.0,6
2023-05-09 22:07:25,rb2311C4250,rb2311C4250,41.5,0.0,0.0,0.0,4,7.5,0.0,0,41.5,40.5,0.0,0.0,0.0,0.0,6
2023-05-09 22:07:25,rb2311C4250,rb2311C4250,41.5,0.0,0.0,0.0,1,14.0,0.0,0,41.5,40.5,0.0,0.0,0.0,0.0,6
2023-05-09 22:07:26,rb2311C4250,rb2311C4250,41.5,0.0,0.0,0.0,1,14.0,0.0,0,41.5,40.5,0.0,0.0,0.0,0.0,6
2023-05-09 22:07:26,rb2311C4250,rb2311C4250,41.5,0.0,0.0,0.0,4,14.5,0.0,0,41.5,40.5,0.0,0.0,0.0,0.0,6
2023-05-09 22:07:27,rb2311C4250,rb2311C4250,41.5,0.0,0.0,0.0,1,21.0,0.0,0,41.5,40.5,0.0,0.0,0.0,0.0,6
2023-05-09 22:07:27,rb2311C4250,rb2311C4250,41.5,0.0,0.0,0.0,1,21.0,0.0,0,41.5,40.5,0.0,0.0,0.0,0.0,6
2023-05-09 22:07:28,rb2311C4250,rb2311C4250,41.5,0.0,0.0,0.0,4,21.5,0.0,0,41.5,40.5,0.0,0.0,0.0,0.0,6
2023-05-09 22:07:28,rb2311C4250,rb2311C4250,41.5,0.0,0.0,0.0,1,25.0,0.0,0,41.5,40.5,0.0,0.0,0.0,0.0,6
2023-05-09 22:07:29,rb2311C4250,rb2311C4250,41.5,0.0,0.0,0.0,4,25.5,0.0,0,41.5,40.5,0.0,0.0,0.0,0.0,6
2023-05-09 22:07:29,rb2311C4250,rb2311C4250,41.5,0.0,0.0,0.0,1,26.0,0.0,0,41.5,40.5,0.0,0.0,0.0,0.0,6
2023-05-09 22:07:30,rb2311C4250,rb2311C4250,41.5,0.0,0.0,0.0,4,26.5,0.0,0,41.5,40.5,0.0,0.0,0.0,0.0,6
2023-05-09 22:07:31,rb2311C4250,rb2311C4250,41.5,0.0,0.0,0.0,1,27.0,0.0,0,41.5,40.5,0.0,0.0,0.0,0.0,6
2023-05-09 22:07:31,rb2311C4250,rb2311C4250,41.5,0.0,0.0,0.0,1,27.0,0.0,0,41.5,40.5,0.0,0.0,0.0,0.0,6
2023-05-09 22:07:32,rb2311C4250,rb2311C4250,41.5,0.0,0.0,0.0,4,27.5,0.0,0,41.5,40.5,0.0,0.0,0.0,0.0,6
2023-05-09 22:07:32,rb2311C4250,rb2311C4250,41.5,0.0,0.0,0.0,1,28.0,0.0,0,41.5,40.5,0.0,0.0,0.0,0.0,6
2023-05-09 22:07:33,rb2311C4250,rb2311C4250,41.5,0.0,0.0,0.0,1,28.0,0.0,0,41.5,40.5,0.0,0.0,0.0,0.0,6
2023-05-09 22:07:33,rb2311C4250,rb2311C4250,41.5,0.0,0.0,0.0,4,28.5,0.0,0,41.5,40.5,0.0,0.0,0.0,0.0,6
2023-05-09 22:07:34,rb2311C4250,rb2311C4250,41.5,0.0,0.0,0.0,1,29.0,0.0,0,41.5,40.5,0.0,0.0,0.0,0.0,6
2023-05-09 22:07:34,rb2311C4250,rb2311C4250,41.5,0.0,0.0,0.0,1,29.0,0.0,0,41.5,40.5,0.0,0.0,0.0,0.0,6
2023-05-09 22:07:35,rb2311C4250,rb2311C4250,41.5,0.0,0.0,0.0,4,29.5,0.0,0,41.5,40.5,0.0,0.0,0.0,0.0,6
2023-05-09 22:07:35,rb2311C4250,rb2311C4250,41.5,0.0,0.0,0.0,4,29.5,0.0,0,41.5,40.5,0.0,0.0,0.0,0.0,6
2023-05-09 22:07:55,rb2311C4250,rb2311C4250,41.5,0.0,0.0,0.0,1,37.0,45.0,1,41.5,40.5,0.0,0.0,0.0,0.0,6
2023-05-09 22:07:56,rb2311C4250,rb2311C4250,41.5,0.0,0.0,0.0,1,37.0,45.0,1,41.5,40.5,0.0,0.0,0.0,0.0,6
2023-05-09 22:08:05,rb2311C4250,rb2311C4250,41.5,0.0,0.0,0.0,1,37.5,40.5,1,41.5,40.5,0.0,0.0,0.0,0.0,6
2023-05-09 22:08:05,rb2311C4250,rb2311C4250,41.5,0.0,0.0,0.0,1,40.0,40.5,1,41.5,40.5,0.0,0.0,0.0,0.0,6
2023-05-09 22:08:06,rb2311C4250,rb2311C4250,41.5,0.0,0.0,0.0,1,40.0,40.5,1,41.5,40.5,0.0,0.0,0.0,0.0,6
2023-05-09 22:08:06,rb2311C4250,rb2311C4250,41.5,0.0,0.0,0.0,1,40.0,40.5,1,41.5,40.5,0.0,0.0,0.0,0.0,6
2023-05-09 22:08:07,rb2311C4250,rb2311C4250,41.5,0.0,0.0,0.0,1,40.0,40.5,1,41.5,40.5,0.0,0.0,0.0,0.0,6
2023-05-09 22:08:08,rb2311C4250,rb2311C4250,41.5,0.0,0.0,0.0,2,40.0,40.5,1,41.5,40.5,0.0,0.0,0.0,0.0,6
2023-05-09 22:08:12,rb2311C4250,rb2311C4250,41.5,0.0,0.0,0.0,2,40.0,40.5,1,41.5,40.5,0.0,0.0,0.0,0.0,6
2023-05-09 22:08:13,rb2311C4250,rb2311C4250,41.5,0.0,0.0,0.0,2,40.0,40.5,1,41.5,40.5,0.0,0.0,0.0,0.0,6
2023-05-09 22:08:16,rb2311C4250,rb2311C4250,41.5,0.0,0.0,0.0,2,40.0,41.0,3,41.5,40.5,0.0,0.0,0.0,0.0,6
2023-05-09 22:08:16,rb2311C4250,rb2311C4250,41.5,0.0,0.0,0.0,1,40.0,41.0,3,41.5,40.5,0.0,0.0,0.0,0.0,6
2023-05-09 22:08:18,rb2311C4250,rb2311C4250,41.5,0.0,0.0,0.0,1,40.0,41.0,3,41.5,40.5,0.0,0.0,0.0,0.0,6
2023-05-09 22:08:18,rb2311C4250,rb2311C4250,41.5,0.0,0.0,0.0,1,40.0,41.0,2,41.5,40.5,0.0,0.0,0.0,0.0,6
2023-05-09 22:08:19,rb2311C4250,rb2311C4250,41.5,0.0,0.0,0.0,1,40.0,41.0,1,41.5,40.5,0.0,0.0,0.0,0.0,6
2023-05-09 22:08:23,rb2311C4250,rb2311C4250,41.5,0.0,0.0,0.0,1,40.0,42.0,1,41.5,40.5,0.0,0.0,0.0,0.0,6
2023-05-09 22:08:23,rb2311C4250,rb2311C4250,41.5,0.0,0.0,0.0,1,38.5,42.0,1,41.5,40.5,0.0,0.0,0.0,0.0,6
2023-05-09 22:08:25,rb2311C4250,rb2311C4250,41.5,0.0,0.0,0.0,0,0.0,0.0,0,41.5,40.5,0.0,0.0,0.0,0.0,6
2023-05-09 22:08:26,rb2311C4250,rb2311C4250,41.5,0.0,0.0,0.0,1,7.0,0.0,0,41.5,40.5,0.0,0.0,0.0,0.0,6
2023-05-09 22:08:26,rb2311C4250,rb2311C4250,41.5,0.0,0.0,0.0,4,7.5,0.0,0,41.5,40.5,0.0,0.0,0.0,0.0,6
2023-05-09 22:08:27,rb2311C4250,rb2311C4250,41.5,0.0,0.0,0.0,1,14.0,0.0,0,41.5,40.5,0.0,0.0,0.0,0.0,6
2023-05-09 22:08:27,rb2311C4250,rb2311C4250,41.5,0.0,0.0,0.0,1,14.0,0.0,0,41.5,40.5,0.0,0.0,0.0,0.0,6
2023-05-09 22:08:28,rb2311C4250,rb2311C4250,41.5,0.0,0.0,0.0,4,14.5,0.0,0,41.5,40.5,0.0,0.0,0.0,0.0,6
2023-05-09 22:08:28,rb2311C4250,rb2311C4250,41.5,0.0,0.0,0.0,1,18.0,0.0,0,41.5,40.5,0.0,0.0,0.0,0.0,6
2023-05-09 22:08:29,rb2311C4250,rb2311C4250,41.5,0.0,0.0,0.0,1,18.0,0.0,0,41.5,40.5,0.0,0.0,0.0,0.0,6
2023-05-09 22:08:29,rb2311C4250,rb2311C4250,41.5,0.0,0.0,0.0,4,18.5,0.0,0,41.5,40.5,0.0,0.0,0.0,0.0,6
2023-05-09 22:08:30,rb2311C4250,rb2311C4250,41.5,0.0,0.0,0.0,1,22.0,0.0,0,41.5,40.5,0.0,0.0,0.0,0.0,6
2023-05-09 22:08:30,rb2311C4250,rb2311C4250,41.5,0.0,0.0,0.0,1,22.0,0.0,0,41.5,40.5,0.0,0.0,0.0,0.0,6
2023-05-09 22:08:31,rb2311C4250,rb2311C4250,41.5,0.0,0.0,0.0,4,22.5,0.0,0,41.5,40.5,0.0,0.0,0.0,0.0,6
2023-05-09 22:08:31,rb2311C4250,rb2311C4250,41.5,0.0,0.0,0.0,1,23.0,0.0,0,41.5,40.5,0.0,0.0,0.0,0.0,6
2023-05-09 22:08:32,rb2311C4250,rb2311C4250,41.5,0.0,0.0,0.0,1,23.0,0.0,0,41.5,40.5,0.0,0.0,0.0,0.0,6
2023-05-09 22:08:32,rb2311C4250,rb2311C4250,41.5,0.0,0.0,0.0,4,23.5,0.0,0,41.5,40.5,0.0,0.0,0.0,0.0,6
2023-05-09 22:08:33,rb2311C4250,rb2311C4250,41.5,0.0,0.0,0.0,1,24.0,0.0,0,41.5,40.5,0.0,0.0,0.0,0.0,6
2023-05-09 22:08:33,rb2311C4250,rb2311C4250,41.5,0.0,0.0,0.0,1,24.0,0.0,0,41.5,40.5,0.0,0.0,0.0,0.0,6
2023-05-09 22:08:34,rb2311C4250,rb2311C4250,41.5,0.0,0.0,0.0,4,24.5,0.0,0,41.5,40.5,0.0,0.0,0.0,0.0,6
2023-05-09 22:08:34,rb2311C4250,rb2311C4250,41.5,0.0,0.0,0.0,1,25.0,0.0,0,41.5,40.5,0.0,0.0,0.0,0.0,6
2023-05-09 22:08:35,rb2311C4250,rb2311C4250,41.5,0.0,0.0,0.0,1,25.0,0.0,0,41.5,40.5,0.0,0.0,0.0,0.0,6
2023-05-09 22:08:35,rb2311C4250,rb2311C4250,41.5,0.0,0.0,0.0,4,25.5,0.0,0,41.5,40.5,0.0,0.0,0.0,0.0,6
2023-05-09 22:08:36,rb2311C4250,rb2311C4250,41.5,0.0,0.0,0.0,1,26.0,0.0,0,41.5,40.5,0.0,0.0,0.0,0.0,6
2023-05-09 22:08:36,rb2311C4250,rb2311C4250,41.5,0.0,0.0,0.0,1,26.0,0.0,0,41.5,40.5,0.0,0.0,0.0,0.0,6
2023-05-09 22:08:37,rb2311C4250,rb2311C4250,41.5,0.0,0.0,0.0,4,26.5,0.0,0,41.5,40.5,0.0,0.0,0.0,0.0,6
2023-05-09 22:08:37,rb2311C4250,rb2311C4250,41.5,0.0,0.0,0.0,4,26.5,0.0,0,41.5,40.5,0.0,0.0,0.0,0.0,6
2023-05-09 22:14:19,rb2311C4250,rb2311C4250,41.5,0.0,0.0,0.0,4,26.5,0.0,0,41.5,40.5,0.0,0.0,0.0,0.0,6
2023-05-09 22:26:20,rb2311C4250,rb2311C4250,41.5,0.0,0.0,0.0,1,27.0,0.0,0,41.5,40.5,0.0,0.0,0.0,0.0,6
2023-05-09 22:26:21,rb2311C4250,rb2311C4250,41.5,0.0,0.0,0.0,1,27.0,0.0,0,41.5,40.5,0.0,0.0,0.0,0.0,6
2023-05-09 22:26:21,rb2311C4250,rb2311C4250,41.5,0.0,0.0,0.0,4,27.5,0.0,0,41.5,40.5,0.0,0.0,0.0,0.0,6
2023-05-09 22:26:22,rb2311C4250,rb2311C4250,41.5,0.0,0.0,0.0,4,27.5,0.0,0,41.5,40.5,0.0,0.0,0.0,0.0,6
2023-05-09 22:26:38,rb2311C4250,rb2311C4250,41.5,0.0,0.0,0.0,1,28.0,0.0,0,41.5,40.5,0.0,0.0,0.0,0.0,6
2023-05-09 22:26:39,rb2311C4250,rb2311C4250,41.5,0.0,0.0,0.0,1,28.0,0.0,0,41.5,40.5,0.0,0.0,0.0,0.0,6
2023-05-09 22:26:39,rb2311C4250,rb2311C4250,41.5,0.0,0.0,0.0,4,28.5,0.0,0,41.5,40.5,0.0,0.0,0.0,0.0,6
2023-05-09 22:27:11,rb2311C4250,rb2311C4250,41.5,0.0,0.0,0.0,1,29.0,0.0,0,41.5,40.5,0.0,0.0,0.0,0.0,6
2023-05-09 22:27:11,rb2311C4250,rb2311C4250,41.5,0.0,0.0,0.0,1,29.0,0.0,0,41.5,40.5,0.0,0.0,0.0,0.0,6
2023-05-09 22:27:12,rb2311C4250,rb2311C4250,41.5,0.0,0.0,0.0,4,29.5,0.0,0,41.5,40.5,0.0,0.0,0.0,0.0,6
2023-05-09 22:27:13,rb2311C4250,rb2311C4250,41.5,0.0,0.0,0.0,1,30.0,0.0,0,41.5,40.5,0.0,0.0,0.0,0.0,6
2023-05-09 22:27:13,rb2311C4250,rb2311C4250,41.5,0.0,0.0,0.0,1,30.0,0.0,0,41.5,40.5,0.0,0.0,0.0,0.0,6
2023-05-09 22:27:14,rb2311C4250,rb2311C4250,41.5,0.0,0.0,0.0,4,30.5,0.0,0,41.5,40.5,0.0,0.0,0.0,0.0,6
2023-05-09 22:27:14,rb2311C4250,rb2311C4250,41.5,0.0,0.0,0.0,1,31.0,0.0,0,41.5,40.5,0.0,0.0,0.0,0.0,6
2023-05-09 22:27:15,rb2311C4250,rb2311C4250,41.5,0.0,0.0,0.0,1,31.0,0.0,0,41.5,40.5,0.0,0.0,0.0,0.0,6
2023-05-09 22:27:15,rb2311C4250,rb2311C4250,41.5,0.0,0.0,0.0,5,31.0,0.0,0,41.5,40.5,0.0,0.0,0.0,0.0,6
2023-05-09 22:27:30,rb2311C4250,rb2311C4250,41.5,0.0,0.0,0.0,4,31.0,0.0,0,41.5,40.5,0.0,0.0,0.0,0.0,6
2023-05-09 22:32:13,rb2311C4250,rb2311C4250,41.5,0.0,0.0,0.0,1,0.5,0.0,0,41.5,40.5,0.0,0.0,0.0,0.0,6
2023-05-09 22:32:14,rb2311C4250,rb2311C4250,41.5,0.0,0.0,0.0,4,1.0,0.0,0,41.5,40.5,0.0,0.0,0.0,0.0,6
2023-05-09 22:57:03,rb2311C4250,rb2311C4250,41.5,0.0,0.0,0.0,1,0.5,0.0,0,41.5,40.5,0.0,0.0,0.0,0.0,6
2023-05-09 22:58:48,rb2311C4250,rb2311C4250,41.5,0.0,0.0,0.0,0,0.0,0.0,0,41.5,40.5,0.0,0.0,0.0,0.0,6
2023-05-10 09:27:58,rb2311C4250,rb2311C4250,41.5,0.0,0.0,0.0,1,7.0,0.0,0,41.5,40.5,0.0,0.0,0.0,0.0,6
2023-05-10 09:27:58,rb2311C4250,rb2311C4250,41.5,0.0,0.0,0.0,4,7.5,0.0,0,41.5,40.5,0.0,0.0,0.0,0.0,6
2023-05-10 09:28:00,rb2311C4250,rb2311C4250,41.5,0.0,0.0,0.0,1,14.0,0.0,0,41.5,40.5,0.0,0.0,0.0,0.0,6
2023-05-10 09:28:00,rb2311C4250,rb2311C4250,41.5,0.0,0.0,0.0,1,14.0,0.0,0,41.5,40.5,0.0,0.0,0.0,0.0,6
2023-05-10 09:28:01,rb2311C4250,rb2311C4250,41.5,0.0,0.0,0.0,4,14.5,0.0,0,41.5,40.5,0.0,0.0,0.0,0.0,6
2023-05-10 09:28:01,rb2311C4250,rb2311C4250,41.5,0.0,0.0,0.0,1,21.0,0.0,0,41.5,40.5,0.0,0.0,0.0,0.0,6
2023-05-10 09:28:02,rb2311C4250,rb2311C4250,41.5,0.0,0.0,0.0,1,21.0,0.0,0,41.5,40.5,0.0,0.0,0.0,0.0,6
2023-05-10 09:28:02,rb2311C4250,rb2311C4250,41.5,0.0,0.0,0.0,4,21.5,0.0,0,41.5,40.5,0.0,0.0,0.0,0.0,6
2023-05-10 09:28:03,rb2311C4250,rb2311C4250,41.5,0.0,0.0,0.0,1,25.0,0.0,0,41.5,40.5,0.0,0.0,0.0,0.0,6
2023-05-10 09:28:03,rb2311C4250,rb2311C4250,41.5,0.0,0.0,0.0,1,25.0,0.0,0,41.5,40.5,0.0,0.0,0.0,0.0,6
2023-05-10 09:28:04,rb2311C4250,rb2311C4250,41.5,0.0,0.0,0.0,4,25.5,0.0,0,41.5,40.5,0.0,0.0,0.0,0.0,6
2023-05-10 09:28:04,rb2311C4250,rb2311C4250,41.5,0.0,0.0,0.0,1,26.0,0.0,0,41.5,40.5,0.0,0.0,0.0,0.0,6
2023-05-10 09:28:05,rb2311C4250,rb2311C4250,41.5,0.0,0.0,0.0,1,26.0,0.0,0,41.5,40.5,0.0,0.0,0.0,0.0,6
2023-05-10 09:28:05,rb2311C4250,rb2311C4250,41.5,0.0,0.0,0.0,4,26.5,0.0,0,41.5,40.5,0.0,0.0,0.0,0.0,6
2023-05-10 09:28:06,rb2311C4250,rb2311C4250,41.5,0.0,0.0,0.0,1,27.0,0.0,0,41.5,40.5,0.0,0.0,0.0,0.0,6
2023-05-10 09:28:06,rb2311C4250,rb2311C4250,41.5,0.0,0.0,0.0,1,27.0,0.0,0,41.5,40.5,0.0,0.0,0.0,0.0,6
2023-05-10 09:28:07,rb2311C4250,rb2311C4250,41.5,0.0,0.0,0.0,4,27.5,0.0,0,41.5,40.5,0.0,0.0,0.0,0.0,6
2023-05-10 09:28:07,rb2311C4250,rb2311C4250,41.5,0.0,0.0,0.0,1,28.0,0.0,0,41.5,40.5,0.0,0.0,0.0,0.0,6
2023-05-10 09:28:08,rb2311C4250,rb2311C4250,41.5,0.0,0.0,0.0,1,28.0,0.0,0,41.5,40.5,0.0,0.0,0.0,0.0,6
2023-05-10 09:28:08,rb2311C4250,rb2311C4250,41.5,0.0,0.0,0.0,4,28.5,0.0,0,41.5,40.5,0.0,0.0,0.0,0.0,6
2023-05-10 09:28:09,rb2311C4250,rb2311C4250,41.5,0.0,0.0,0.0,4,28.5,0.0,0,41.5,40.5,0.0,0.0,0.0,0.0,6
2023-05-10 09:28:16,rb2311C4250,rb2311C4250,41.5,0.0,0.0,0.0,1,29.0,0.0,0,41.5,40.5,0.0,0.0,0.0,0.0,6
2023-05-10 09:28:16,rb2311C4250,rb2311C4250,41.5,0.0,0.0,0.0,1,29.0,0.0,0,41.5,40.5,0.0,0.0,0.0,0.0,6
2023-05-10 09:28:17,rb2311C4250,rb2311C4250,41.5,0.0,0.0,0.0,4,29.5,0.0,0,41.5,40.5,0.0,0.0,0.0,0.0,6
2023-05-10 09:28:18,rb2311C4250,rb2311C4250,41.5,0.0,0.0,0.0,4,29.5,0.0,0,41.5,40.5,0.0,0.0,0.0,0.0,6
2023-05-10 09:28:30,rb2311C4250,rb2311C4250,41.5,0.0,0.0,0.0,1,30.0,0.0,0,41.5,40.5,0.0,0.0,0.0,0.0,6
2023-05-10 09:28:30,rb2311C4250,rb2311C4250,41.5,0.0,0.0,0.0,1,30.0,0.0,0,41.5,40.5,0.0,0.0,0.0,0.0,6
2023-05-10 09:28:31,rb2311C4250,rb2311C4250,41.5,0.0,0.0,0.0,4,30.5,0.0,0,41.5,40.5,0.0,0.0,0.0,0.0,6
2023-05-10 09:28:31,rb2311C4250,rb2311C4250,41.5,0.0,0.0,0.0,4,30.5,0.0,0,41.5,40.5,0.0,0.0,0.0,0.0,6
2023-05-10 09:28:33,rb2311C4250,rb2311C4250,41.5,0.0,0.0,0.0,1,31.0,0.0,0,41.5,40.5,0.0,0.0,0.0,0.0,6
2023-05-10 09:28:34,rb2311C4250,rb2311C4250,41.5,0.0,0.0,0.0,1,31.0,0.0,0,41.5,40.5,0.0,0.0,0.0,0.0,6
2023-05-10 09:28:34,rb2311C4250,rb2311C4250,41.5,0.0,0.0,0.0,4,31.5,0.0,0,41.5,40.5,0.0,0.0,0.0,0.0,6
2023-05-10 09:28:35,rb2311C4250,rb2311C4250,41.5,0.0,0.0,0.0,4,31.5,0.0,0,41.5,40.5,0.0,0.0,0.0,0.0,6
2023-05-10 09:28:36,rb2311C4250,rb2311C4250,41.5,0.0,0.0,0.0,1,32.0,0.0,0,41.5,40.5,0.0,0.0,0.0,0.0,6
2023-05-10 09:28:36,rb2311C4250,rb2311C4250,41.5,0.0,0.0,0.0,1,32.0,0.0,0,41.5,40.5,0.0,0.0,0.0,0.0,6
2023-05-10 09:28:37,rb2311C4250,rb2311C4250,41.5,0.0,0.0,0.0,4,32.5,0.0,0,41.5,40.5,0.0,0.0,0.0,0.0,6
2023-05-10 09:28:37,rb2311C4250,rb2311C4250,41.5,0.0,0.0,0.0,1,33.0,0.0,0,41.5,40.5,0.0,0.0,0.0,0.0,6
2023-05-10 09:28:38,rb2311C4250,rb2311C4250,41.5,0.0,0.0,0.0,1,33.0,0.0,0,41.5,40.5,0.0,0.0,0.0,0.0,6
2023-05-10 09:28:38,rb2311C4250,rb2311C4250,41.5,0.0,0.0,0.0,5,33.0,0.0,0,41.5,40.5,0.0,0.0,0.0,0.0,6
2023-05-10 09:28:53,rb2311C4250,rb2311C4250,41.5,0.0,0.0,0.0,4,33.0,0.0,0,41.5,40.5,0.0,0.0,0.0,0.0,6
2023-05-10 09:29:58,rb2311C4250,rb2311C4250,41.5,0.0,0.0,0.0,1,36.5,44.5,1,41.5,40.5,0.0,0.0,0.0,0.0,6
2023-05-10 09:29:58,rb2311C4250,rb2311C4250,41.5,0.0,0.0,0.0,1,36.5,44.5,1,41.5,40.5,0.0,0.0,0.0,0.0,6
2023-05-10 09:30:07,rb2311C4250,rb2311C4250,41.5,0.0,0.0,0.0,2,36.5,44.5,2,41.5,40.5,0.0,0.0,0.0,0.0,6
2023-05-10 09:30:08,rb2311C4250,rb2311C4250,41.5,0.0,0.0,0.0,1,40.5,44.0,1,41.5,40.5,0.0,0.0,0.0,0.0,6
2023-05-10 09:30:08,rb2311C4250,rb2311C4250,41.5,0.0,0.0,0.0,1,40.5,44.0,1,41.5,40.5,0.0,0.0,0.0,0.0,6
2023-05-10 09:30:10,rb2311C4250,rb2311C4250,41.5,0.0,0.0,0.0,1,40.5,44.0,2,41.5,40.5,0.0,0.0,0.0,0.0,6
2023-05-10 09:30:11,rb2311C4250,rb2311C4250,41.5,0.0,0.0,0.0,1,40.5,44.0,2,41.5,40.5,0.0,0.0,0.0,0.0,6
2023-05-10 09:30:11,rb2311C4250,rb2311C4250,41.5,0.0,0.0,0.0,2,40.5,44.0,2,41.5,40.5,0.0,0.0,0.0,0.0,6
2023-05-10 09:30:15,rb2311C4250,rb2311C4250,41.5,0.0,0.0,0.0,2,40.5,44.0,2,41.5,40.5,0.0,0.0,0.0,0.0,6
2023-05-10 09:30:16,rb2311C4250,rb2311C4250,41.5,0.0,0.0,0.0,3,40.5,44.0,3,41.5,40.5,0.0,0.0,0.0,0.0,6
2023-05-10 09:30:17,rb2311C4250,rb2311C4250,40.5,1.0,405.0,1.0,2,40.5,44.0,3,41.5,40.5,40.5,40.5,1.0,405.0,7
2023-05-10 09:30:19,rb2311C4250,rb2311C4250,40.5,0.0,0.0,0.0,2,40.5,44.0,2,41.5,40.5,40.5,40.5,1.0,405.0,7
2023-05-10 09:30:19,rb2311C4250,rb2311C4250,40.5,0.0,0.0,0.0,2,40.5,44.0,2,41.5,40.5,40.5,40.5,1.0,405.0,7
2023-05-10 09:30:20,rb2311C4250,rb2311C4250,40.5,0.0,0.0,0.0,2,40.5,44.0,2,41.5,40.5,40.5,40.5,1.0,405.0,7
2023-05-10 09:30:21,rb2311C4250,rb2311C4250,40.5,0.0,0.0,0.0,2,40.5,44.0,1,41.5,40.5,40.5,40.5,1.0,405.0,7
2023-05-10 09:30:22,rb2311C4250,rb2311C4250,40.5,0.0,0.0,0.0,2,40.5,44.0,1,41.5,40.5,40.5,40.5,1.0,405.0,7
2023-05-10 09:30:25,rb2311C4250,rb2311C4250,40.5,0.0,0.0,0.0,2,40.5,44.0,1,41.5,40.5,40.5,40.5,1.0,405.0,7
2023-05-10 09:30:26,rb2311C4250,rb2311C4250,40.5,0.0,0.0,0.0,1,40.5,44.0,1,41.5,40.5,40.5,40.5,1.0,405.0,7
2023-05-10 09:30:28,rb2311C4250,rb2311C4250,40.5,0.0,0.0,0.0,0,0.0,0.0,0,41.5,40.5,40.5,40.5,1.0,405.0,7
2023-05-10 14:15:16,rb2311C4250,rb2311C4250,40.5,0.0,0.0,0.0,1,30.0,38.0,1,41.5,40.5,40.5,40.5,1.0,405.0,7
2023-05-10 14:15:22,rb2311C4250,rb2311C4250,40.5,0.0,0.0,0.0,1,32.5,35.0,1,41.5,40.5,40.5,40.5,1.0,405.0,7
2023-05-10 14:15:23,rb2311C4250,rb2311C4250,40.5,0.0,0.0,0.0,1,32.5,35.0,1,41.5,40.5,40.5,40.5,1.0,405.0,7
2023-05-10 14:15:23,rb2311C4250,rb2311C4250,40.5,0.0,0.0,0.0,1,32.5,35.0,1,41.5,40.5,40.5,40.5,1.0,405.0,7
2023-05-10 14:15:26,rb2311C4250,rb2311C4250,40.5,0.0,0.0,0.0,1,32.5,35.0,1,41.5,40.5,40.5,40.5,1.0,405.0,7
2023-05-10 14:15:26,rb2311C4250,rb2311C4250,35.0,1.0,350.0,1.0,1,32.5,36.5,2,41.5,40.5,40.5,35.0,2.0,755.0,8
2023-05-10 14:15:28,rb2311C4250,rb2311C4250,35.0,0.0,0.0,0.0,1,32.5,36.5,3,41.5,40.5,40.5,35.0,2.0,755.0,8
2023-05-10 14:15:29,rb2311C4250,rb2311C4250,35.0,0.0,0.0,0.0,1,32.5,36.5,3,41.5,40.5,40.5,35.0,2.0,755.0,8
2023-05-10 14:15:33,rb2311C4250,rb2311C4250,35.0,0.0,0.0,0.0,3,32.0,36.5,4,41.5,40.5,40.5,35.0,2.0,755.0,8
2023-05-10 14:15:34,rb2311C4250,rb2311C4250,35.0,0.0,0.0,0.0,1,32.5,36.0,1,41.5,40.5,40.5,35.0,2.0,755.0,8
2023-05-10 14:15:35,rb2311C4250,rb2311C4250,35.0,0.0,0.0,0.0,1,32.5,36.0,1,41.5,40.5,40.5,35.0,2.0,755.0,8
2023-05-10 14:15:37,rb2311C4250,rb2311C4250,35.0,0.0,0.0,0.0,1,32.5,36.0,1,41.5,40.5,40.5,35.0,2.0,755.0,8
2023-05-10 14:15:38,rb2311C4250,rb2311C4250,35.0,0.0,0.0,0.0,1,32.5,36.0,1,41.5,40.5,40.5,35.0,2.0,755.0,8
2023-05-10 14:15:39,rb2311C4250,rb2311C4250,35.0,0.0,0.0,0.0,1,32.5,36.0,1,41.5,40.5,40.5,35.0,2.0,755.0,8
2023-05-10 14:15:40,rb2311C4250,rb2311C4250,35.0,0.0,0.0,0.0,1,32.5,36.0,1,41.5,40.5,40.5,35.0,2.0,755.0,8
2023-05-10 14:15:44,rb2311C4250,rb2311C4250,35.0,0.0,0.0,0.0,1,32.5,36.0,1,41.5,40.5,40.5,35.0,2.0,755.0,8
2023-05-10 14:15:46,rb2311C4250,rb2311C4250,35.0,0.0,0.0,0.0,0,0.0,0.0,0,41.5,40.5,40.5,35.0,2.0,755.0,8
2023-05-10 15:14:42,rb2311C4250,rb2311C4250,35.0,0.0,0.0,0.0,0,0.0,0.0,0,41.5,40.5,40.5,35.0,2.0,755.0,8
