time,symbol_id,symbol_name,last,trade_volume,trade_amount,open_interest_change,bv1,bp1,ap1,av1,yesterday_close,today_open,today_high,today_low,volume,amount,open_interest
2023-05-09 20:59:00,rb2401C4250,rb2401C4250,60.5,0.0,0.0,0.0,1,1.5,0.0,0,60.5,49.5,0.0,0.0,0.0,0.0,13
2023-05-09 21:00:08,rb2401C4250,rb2401C4250,60.5,0.0,0.0,0.0,4,2.0,0.0,0,60.5,49.5,0.0,0.0,0.0,0.0,13
2023-05-09 21:01:20,rb2401C4250,rb2401C4250,60.5,0.0,0.0,0.0,2,5.5,0.0,0,60.5,49.5,0.0,0.0,0.0,0.0,13
2023-05-09 21:01:20,rb2401C4250,rb2401C4250,60.5,0.0,0.0,0.0,2,5.5,0.0,0,60.5,49.5,0.0,0.0,0.0,0.0,13
2023-05-09 21:01:21,rb2401C4250,rb2401C4250,60.5,0.0,0.0,0.0,4,6.0,0.0,0,60.5,49.5,0.0,0.0,0.0,0.0,13
2023-05-09 21:01:23,rb2401C4250,rb2401C4250,60.5,0.0,0.0,0.0,2,6.5,0.0,0,60.5,49.5,0.0,0.0,0.0,0.0,13
2023-05-09 21:01:23,rb2401C4250,rb2401C4250,60.5,0.0,0.0,0.0,2,6.5,0.0,0,60.5,49.5,0.0,0.0,0.0,0.0,13
2023-05-09 21:01:24,rb2401C4250,rb2401C4250,60.5,0.0,0.0,0.0,4,7.0,0.0,0,60.5,49.5,0.0,0.0,0.0,0.0,13
2023-05-09 21:01:26,rb2401C4250,rb2401C4250,60.5,0.0,0.0,0.0,4,7.0,0.0,0,60.5,49.5,0.0,0.0,0.0,0.0,13
2023-05-09 21:01:27,rb2401C4250,rb2401C4250,60.5,0.0,0.0,0.0,2,7.5,0.0,0,60.5,49.5,0.0,0.0,0.0,0.0,13
2023-05-09 21:01:27,rb2401C4250,rb2401C4250,60.5,0.0,0.0,0.0,2,7.5,0.0,0,60.5,49.5,0.0,0.0,0.0,0.0,13
2023-05-09 21:01:28,rb2401C4250,rb2401C4250,60.5,0.0,0.0,0.0,4,8.0,0.0,0,60.5,49.5,0.0,0.0,0.0,0.0,13
2023-05-09 21:01:30,rb2401C4250,rb2401C4250,60.5,0.0,0.0,0.0,2,8.5,0.0,0,60.5,49.5,0.0,0.0,0.0,0.0,13
2023-05-09 21:01:30,rb2401C4250,rb2401C4250,60.5,0.0,0.0,0.0,2,8.5,0.0,0,60.5,49.5,0.0,0.0,0.0,0.0,13
2023-05-09 21:01:31,rb2401C4250,rb2401C4250,60.5,0.0,0.0,0.0,4,9.0,0.0,0,60.5,49.5,0.0,0.0,0.0,0.0,13
2023-05-09 21:01:32,rb2401C4250,rb2401C4250,60.5,0.0,0.0,0.0,2,9.5,0.0,0,60.5,49.5,0.0,0.0,0.0,0.0,13
2023-05-09 21:01:33,rb2401C4250,rb2401C4250,60.5,0.0,0.0,0.0,2,9.5,0.0,0,60.5,49.5,0.0,0.0,0.0,0.0,13
2023-05-09 21:01:33,rb2401C4250,rb2401C4250,60.5,0.0,0.0,0.0,4,10.0,0.0,0,60.5,49.5,0.0,0.0,0.0,0.0,13
2023-05-09 21:01:34,rb2401C4250,rb2401C4250,60.5,0.0,0.0,0.0,4,10.0,0.0,0,60.5,49.5,0.0,0.0,0.0,0.0,13
2023-05-09 21:05:17,rb2401C4250,rb2401C4250,60.5,0.0,0.0,0.0,4,10.0,0.0,0,60.5,49.5,0.0,0.0,0.0,0.0,13
2023-05-09 21:07:58,rb2401C4250,rb2401C4250,60.5,0.0,0.0,0.0,4,10.0,0.0,0,60.5,49.5,0.0,0.0,0.0,0.0,13
2023-05-09 21:12:08,rb2401C4250,rb2401C4250,60.5,0.0,0.0,0.0,4,10.0,0.0,0,60.5,49.5,0.0,0.0,0.0,0.0,13
2023-05-09 21:14:17,rb2401C4250,rb2401C4250,60.5,0.0,0.0,0.0,4,10.0,0.0,0,60.5,49.5,0.0,0.0,0.0,0.0,13
2023-05-09 21:15:31,rb2401C4250,rb2401C4250,60.5,0.0,0.0,0.0,4,10.0,0.0,0,60.5,49.5,0.0,0.0,0.0,0.0,13
2023-05-09 21:16:16,rb2401C4250,rb2401C4250,60.5,0.0,0.0,0.0,4,10.0,0.0,0,60.5,49.5,0.0,0.0,0.0,0.0,13
2023-05-09 21:17:00,rb2401C4250,rb2401C4250,60.5,0.0,0.0,0.0,4,10.0,0.0,0,60.5,49.5,0.0,0.0,0.0,0.0,13
2023-05-09 21:43:45,rb2401C4250,rb2401C4250,60.5,0.0,0.0,0.0,1,45.5,53.5,1,60.5,49.5,0.0,0.0,0.0,0.0,13
2023-05-09 21:43:46,rb2401C4250,rb2401C4250,60.5,0.0,0.0,0.0,1,45.5,53.5,1,60.5,49.5,0.0,0.0,0.0,0.0,13
2023-05-09 21:43:55,rb2401C4250,rb2401C4250,60.5,0.0,0.0,0.0,2,45.5,53.5,2,60.5,49.5,0.0,0.0,0.0,0.0,13
2023-05-09 21:43:55,rb2401C4250,rb2401C4250,60.5,0.0,0.0,0.0,1,49.5,53.0,1,60.5,49.5,0.0,0.0,0.0,0.0,13
2023-05-09 21:43:56,rb2401C4250,rb2401C4250,60.5,0.0,0.0,0.0,1,49.5,53.0,1,60.5,49.5,0.0,0.0,0.0,0.0,13
2023-05-09 21:43:56,rb2401C4250,rb2401C4250,60.5,0.0,0.0,0.0,1,49.5,53.0,1,60.5,49.5,0.0,0.0,0.0,0.0,13
2023-05-09 21:43:57,rb2401C4250,rb2401C4250,60.5,0.0,0.0,0.0,1,49.5,53.0,2,60.5,49.5,0.0,0.0,0.0,0.0,13
2023-05-09 21:43:58,rb2401C4250,rb2401C4250,60.5,0.0,0.0,0.0,1,49.5,53.0,2,60.5,49.5,0.0,0.0,0.0,0.0,13
2023-05-09 21:44:01,rb2401C4250,rb2401C4250,49.5,1.0,495.0,0.0,2,49.0,53.0,2,60.5,49.5,49.5,49.5,1.0,495.0,13
2023-05-09 21:44:02,rb2401C4250,rb2401C4250,49.5,0.0,0.0,0.0,2,49.0,53.0,2,60.5,49.5,49.5,49.5,1.0,495.0,13
2023-05-09 21:44:03,rb2401C4250,rb2401C4250,49.5,0.0,0.0,0.0,3,49.0,53.0,3,60.5,49.5,49.5,49.5,1.0,495.0,13
2023-05-09 21:44:06,rb2401C4250,rb2401C4250,49.5,0.0,0.0,0.0,3,49.0,53.0,2,60.5,49.5,49.5,49.5,1.0,495.0,13
2023-05-09 21:44:07,rb2401C4250,rb2401C4250,49.5,0.0,0.0,0.0,3,49.0,53.0,2,60.5,49.5,49.5,49.5,1.0,495.0,13
2023-05-09 21:44:08,rb2401C4250,rb2401C4250,49.5,0.0,0.0,0.0,3,49.0,53.0,2,60.5,49.5,49.5,49.5,1.0,495.0,13
2023-05-09 21:44:08,rb2401C4250,rb2401C4250,49.5,0.0,0.0,0.0,2,49.0,53.0,1,60.5,49.5,49.5,49.5,1.0,495.0,13
2023-05-09 21:44:09,rb2401C4250,rb2401C4250,49.5,0.0,0.0,0.0,2,49.0,53.0,1,60.5,49.5,49.5,49.5,1.0,495.0,13
2023-05-09 21:44:09,rb2401C4250,rb2401C4250,49.5,0.0,0.0,0.0,1,49.0,53.0,1,60.5,49.5,49.5,49.5,1.0,495.0,13
2023-05-09 21:44:12,rb2401C4250,rb2401C4250,49.5,0.0,0.0,0.0,1,49.0,53.0,1,60.5,49.5,49.5,49.5,1.0,495.0,13
2023-05-09 21:44:13,rb2401C4250,rb2401C4250,49.5,0.0,0.0,0.0,1,49.0,53.0,1,60.5,49.5,49.5,49.5,1.0,495.0,13
2023-05-09 21:44:15,rb2401C4250,rb2401C4250,49.5,0.0,0.0,0.0,5,4.5,0.0,0,60.5,49.5,49.5,49.5,1.0,495.0,13
2023-05-09 21:44:16,rb2401C4250,rb2401C4250,49.5,0.0,0.0,0.0,5,5.0,0.0,0,60.5,49.5,49.5,49.5,1.0,495.0,13
2023-05-09 21:44:16,rb2401C4250,rb2401C4250,49.5,0.0,0.0,0.0,2,5.5,0.0,0,60.5,49.5,49.5,49.5,1.0,495.0,13
2023-05-09 21:44:17,rb2401C4250,rb2401C4250,49.5,0.0,0.0,0.0,1,6.0,0.0,0,60.5,49.5,49.5,49.5,1.0,495.0,13
2023-05-09 21:44:17,rb2401C4250,rb2401C4250,49.5,0.0,0.0,0.0,6,6.5,0.0,0,60.5,49.5,49.5,49.5,1.0,495.0,13
2023-05-09 21:44:18,rb2401C4250,rb2401C4250,49.5,0.0,0.0,0.0,1,7.0,0.0,0,60.5,49.5,49.5,49.5,1.0,495.0,13
2023-05-09 21:44:18,rb2401C4250,rb2401C4250,49.5,0.0,0.0,0.0,1,7.0,0.0,0,60.5,49.5,49.5,49.5,1.0,495.0,13
2023-05-09 21:44:19,rb2401C4250,rb2401C4250,49.5,0.0,0.0,0.0,4,7.5,0.0,0,60.5,49.5,49.5,49.5,1.0,495.0,13
2023-05-09 21:44:19,rb2401C4250,rb2401C4250,49.5,0.0,0.0,0.0,3,8.0,0.0,0,60.5,49.5,49.5,49.5,1.0,495.0,13
2023-05-09 21:44:20,rb2401C4250,rb2401C4250,49.5,0.0,0.0,0.0,3,8.0,0.0,0,60.5,49.5,49.5,49.5,1.0,495.0,13
2023-05-09 21:44:20,rb2401C4250,rb2401C4250,49.5,0.0,0.0,0.0,4,8.5,0.0,0,60.5,49.5,49.5,49.5,1.0,495.0,13
2023-05-09 21:44:21,rb2401C4250,rb2401C4250,49.5,0.0,0.0,0.0,1,9.0,0.0,0,60.5,49.5,49.5,49.5,1.0,495.0,13
2023-05-09 21:44:21,rb2401C4250,rb2401C4250,49.5,0.0,0.0,0.0,2,9.5,0.0,0,60.5,49.5,49.5,49.5,1.0,495.0,13
2023-05-09 21:44:22,rb2401C4250,rb2401C4250,49.5,0.0,0.0,0.0,5,10.0,0.0,0,60.5,49.5,49.5,49.5,1.0,495.0,13
2023-05-09 21:44:23,rb2401C4250,rb2401C4250,49.5,0.0,0.0,0.0,5,10.0,0.0,0,60.5,49.5,49.5,49.5,1.0,495.0,13
2023-05-09 21:44:25,rb2401C4250,rb2401C4250,49.5,0.0,0.0,0.0,2,10.5,0.0,0,60.5,49.5,49.5,49.5,1.0,495.0,13
2023-05-09 21:44:26,rb2401C4250,rb2401C4250,49.5,0.0,0.0,0.0,1,11.0,0.0,0,60.5,49.5,49.5,49.5,1.0,495.0,13
2023-05-09 21:44:26,rb2401C4250,rb2401C4250,49.5,0.0,0.0,0.0,4,11.5,0.0,0,60.5,49.5,49.5,49.5,1.0,495.0,13
2023-05-09 21:44:27,rb2401C4250,rb2401C4250,49.5,0.0,0.0,0.0,1,12.0,0.0,0,60.5,49.5,49.5,49.5,1.0,495.0,13
2023-05-09 21:44:27,rb2401C4250,rb2401C4250,49.5,0.0,0.0,0.0,1,12.0,0.0,0,60.5,49.5,49.5,49.5,1.0,495.0,13
2023-05-09 21:44:28,rb2401C4250,rb2401C4250,49.5,0.0,0.0,0.0,4,12.5,0.0,0,60.5,49.5,49.5,49.5,1.0,495.0,13
2023-05-09 21:44:28,rb2401C4250,rb2401C4250,49.5,0.0,0.0,0.0,1,13.0,0.0,0,60.5,49.5,49.5,49.5,1.0,495.0,13
2023-05-09 21:44:29,rb2401C4250,rb2401C4250,49.5,0.0,0.0,0.0,2,13.5,0.0,0,60.5,49.5,49.5,49.5,1.0,495.0,13
2023-05-09 21:44:29,rb2401C4250,rb2401C4250,49.5,0.0,0.0,0.0,5,14.0,0.0,0,60.5,49.5,49.5,49.5,1.0,495.0,13
2023-05-09 21:44:30,rb2401C4250,rb2401C4250,49.5,0.0,0.0,0.0,2,14.5,0.0,0,60.5,49.5,49.5,49.5,1.0,495.0,13
2023-05-09 21:44:30,rb2401C4250,rb2401C4250,49.5,0.0,0.0,0.0,1,15.0,0.0,0,60.5,49.5,49.5,49.5,1.0,495.0,13
2023-05-09 21:44:31,rb2401C4250,rb2401C4250,49.5,0.0,0.0,0.0,6,15.5,0.0,0,60.5,49.5,49.5,49.5,1.0,495.0,13
2023-05-09 21:44:31,rb2401C4250,rb2401C4250,49.5,0.0,0.0,0.0,1,16.0,0.0,0,60.5,49.5,49.5,49.5,1.0,495.0,13
2023-05-09 21:44:32,rb2401C4250,rb2401C4250,49.5,0.0,0.0,0.0,2,16.5,0.0,0,60.5,49.5,49.5,49.5,1.0,495.0,13
2023-05-09 21:44:32,rb2401C4250,rb2401C4250,49.5,0.0,0.0,0.0,4,17.0,0.0,0,60.5,49.5,49.5,49.5,1.0,495.0,13
2023-05-09 21:44:33,rb2401C4250,rb2401C4250,49.5,0.0,0.0,0.0,4,17.0,0.0,0,60.5,49.5,49.5,49.5,1.0,495.0,13
2023-05-09 21:44:41,rb2401C4250,rb2401C4250,49.5,0.0,0.0,0.0,1,17.5,0.0,0,60.5,49.5,49.5,49.5,1.0,495.0,13
2023-05-09 21:44:42,rb2401C4250,rb2401C4250,49.5,0.0,0.0,0.0,1,17.5,0.0,0,60.5,49.5,49.5,49.5,1.0,495.0,13
2023-05-09 21:44:42,rb2401C4250,rb2401C4250,49.5,0.0,0.0,0.0,4,18.0,0.0,0,60.5,49.5,49.5,49.5,1.0,495.0,13
2023-05-09 21:44:51,rb2401C4250,rb2401C4250,49.5,0.0,0.0,0.0,1,18.5,0.0,0,60.5,49.5,49.5,49.5,1.0,495.0,13
2023-05-09 21:44:52,rb2401C4250,rb2401C4250,49.5,0.0,0.0,0.0,1,18.5,0.0,0,60.5,49.5,49.5,49.5,1.0,495.0,13
2023-05-09 21:44:52,rb2401C4250,rb2401C4250,49.5,0.0,0.0,0.0,4,19.0,0.0,0,60.5,49.5,49.5,49.5,1.0,495.0,13
2023-05-09 21:45:01,rb2401C4250,rb2401C4250,49.5,0.0,0.0,0.0,1,19.5,0.0,0,60.5,49.5,49.5,49.5,1.0,495.0,13
2023-05-09 21:45:02,rb2401C4250,rb2401C4250,49.5,0.0,0.0,0.0,1,19.5,0.0,0,60.5,49.5,49.5,49.5,1.0,495.0,13
2023-05-09 21:45:02,rb2401C4250,rb2401C4250,49.5,0.0,0.0,0.0,4,20.0,0.0,0,60.5,49.5,49.5,49.5,1.0,495.0,13
2023-05-09 22:09:48,rb2401C4250,rb2401C4250,49.5,0.0,0.0,0.0,2,20.5,0.0,0,60.5,49.5,49.5,49.5,1.0,495.0,13
2023-05-09 22:09:48,rb2401C4250,rb2401C4250,49.5,0.0,0.0,0.0,2,20.5,0.0,0,60.5,49.5,49.5,49.5,1.0,495.0,13
2023-05-09 22:09:49,rb2401C4250,rb2401C4250,49.5,0.0,0.0,0.0,4,21.0,0.0,0,60.5,49.5,49.5,49.5,1.0,495.0,13
2023-05-09 22:09:49,rb2401C4250,rb2401C4250,49.5,0.0,0.0,0.0,2,21.5,0.0,0,60.5,49.5,49.5,49.5,1.0,495.0,13
2023-05-09 22:09:50,rb2401C4250,rb2401C4250,49.5,0.0,0.0,0.0,2,21.5,0.0,0,60.5,49.5,49.5,49.5,1.0,495.0,13
2023-05-09 22:09:50,rb2401C4250,rb2401C4250,49.5,0.0,0.0,0.0,4,22.0,0.0,0,60.5,49.5,49.5,49.5,1.0,495.0,13
2023-05-09 22:09:51,rb2401C4250,rb2401C4250,49.5,0.0,0.0,0.0,2,22.5,0.0,0,60.5,49.5,49.5,49.5,1.0,495.0,13
2023-05-09 22:09:51,rb2401C4250,rb2401C4250,49.5,0.0,0.0,0.0,2,22.5,0.0,0,60.5,49.5,49.5,49.5,1.0,495.0,13
2023-05-09 22:09:52,rb2401C4250,rb2401C4250,49.5,0.0,0.0,0.0,4,23.0,0.0,0,60.5,49.5,49.5,49.5,1.0,495.0,13
2023-05-09 22:09:52,rb2401C4250,rb2401C4250,49.5,0.0,0.0,0.0,2,23.5,0.0,0,60.5,49.5,49.5,49.5,1.0,495.0,13
2023-05-09 22:09:53,rb2401C4250,rb2401C4250,49.5,0.0,0.0,0.0,2,23.5,0.0,0,60.5,49.5,49.5,49.5,1.0,495.0,13
2023-05-09 22:09:53,rb2401C4250,rb2401C4250,49.5,0.0,0.0,0.0,4,24.0,0.0,0,60.5,49.5,49.5,49.5,1.0,495.0,13
2023-05-09 22:09:54,rb2401C4250,rb2401C4250,49.5,0.0,0.0,0.0,2,24.5,0.0,0,60.5,49.5,49.5,49.5,1.0,495.0,13
2023-05-09 22:09:54,rb2401C4250,rb2401C4250,49.5,0.0,0.0,0.0,2,24.5,0.0,0,60.5,49.5,49.5,49.5,1.0,495.0,13
2023-05-09 22:09:55,rb2401C4250,rb2401C4250,49.5,0.0,0.0,0.0,4,25.0,0.0,0,60.5,49.5,49.5,49.5,1.0,495.0,13
2023-05-09 22:09:55,rb2401C4250,rb2401C4250,49.5,0.0,0.0,0.0,4,25.0,0.0,0,60.5,49.5,49.5,49.5,1.0,495.0,13
2023-05-09 22:09:58,rb2401C4250,rb2401C4250,49.5,0.0,0.0,0.0,2,25.5,0.0,0,60.5,49.5,49.5,49.5,1.0,495.0,13
2023-05-09 22:09:58,rb2401C4250,rb2401C4250,49.5,0.0,0.0,0.0,2,25.5,0.0,0,60.5,49.5,49.5,49.5,1.0,495.0,13
2023-05-09 22:09:59,rb2401C4250,rb2401C4250,49.5,0.0,0.0,0.0,4,26.0,0.0,0,60.5,49.5,49.5,49.5,1.0,495.0,13
2023-05-09 22:09:59,rb2401C4250,rb2401C4250,49.5,0.0,0.0,0.0,4,26.0,0.0,0,60.5,49.5,49.5,49.5,1.0,495.0,13
2023-05-09 22:10:06,rb2401C4250,rb2401C4250,49.5,0.0,0.0,0.0,2,26.5,0.0,0,60.5,49.5,49.5,49.5,1.0,495.0,13
2023-05-09 22:10:06,rb2401C4250,rb2401C4250,49.5,0.0,0.0,0.0,2,26.5,0.0,0,60.5,49.5,49.5,49.5,1.0,495.0,13
2023-05-09 22:10:07,rb2401C4250,rb2401C4250,49.5,0.0,0.0,0.0,4,27.0,0.0,0,60.5,49.5,49.5,49.5,1.0,495.0,13
2023-05-09 22:10:07,rb2401C4250,rb2401C4250,49.5,0.0,0.0,0.0,2,27.5,0.0,0,60.5,49.5,49.5,49.5,1.0,495.0,13
2023-05-09 22:10:08,rb2401C4250,rb2401C4250,49.5,0.0,0.0,0.0,2,27.5,0.0,0,60.5,49.5,49.5,49.5,1.0,495.0,13
2023-05-09 22:10:08,rb2401C4250,rb2401C4250,49.5,0.0,0.0,0.0,4,28.0,0.0,0,60.5,49.5,49.5,49.5,1.0,495.0,13
2023-05-09 22:10:09,rb2401C4250,rb2401C4250,49.5,0.0,0.0,0.0,4,28.0,0.0,0,60.5,49.5,49.5,49.5,1.0,495.0,13
2023-05-09 22:11:26,rb2401C4250,rb2401C4250,49.5,0.0,0.0,0.0,2,28.5,0.0,0,60.5,49.5,49.5,49.5,1.0,495.0,13
2023-05-09 22:11:26,rb2401C4250,rb2401C4250,49.5,0.0,0.0,0.0,2,28.5,0.0,0,60.5,49.5,49.5,49.5,1.0,495.0,13
2023-05-09 22:11:27,rb2401C4250,rb2401C4250,49.5,0.0,0.0,0.0,4,29.0,0.0,0,60.5,49.5,49.5,49.5,1.0,495.0,13
2023-05-09 22:11:27,rb2401C4250,rb2401C4250,49.5,0.0,0.0,0.0,2,29.5,0.0,0,60.5,49.5,49.5,49.5,1.0,495.0,13
2023-05-09 22:11:28,rb2401C4250,rb2401C4250,49.5,0.0,0.0,0.0,2,29.5,0.0,0,60.5,49.5,49.5,49.5,1.0,495.0,13
2023-05-09 22:11:28,rb2401C4250,rb2401C4250,49.5,0.0,0.0,0.0,4,30.0,0.0,0,60.5,49.5,49.5,49.5,1.0,495.0,13
2023-05-09 22:11:29,rb2401C4250,rb2401C4250,49.5,0.0,0.0,0.0,4,30.0,0.0,0,60.5,49.5,49.5,49.5,1.0,495.0,13
2023-05-09 22:13:46,rb2401C4250,rb2401C4250,49.5,0.0,0.0,0.0,2,30.5,0.0,0,60.5,49.5,49.5,49.5,1.0,495.0,13
2023-05-09 22:13:46,rb2401C4250,rb2401C4250,49.5,0.0,0.0,0.0,2,30.5,0.0,0,60.5,49.5,49.5,49.5,1.0,495.0,13
2023-05-09 22:13:47,rb2401C4250,rb2401C4250,49.5,0.0,0.0,0.0,4,31.0,0.0,0,60.5,49.5,49.5,49.5,1.0,495.0,13
2023-05-09 22:13:47,rb2401C4250,rb2401C4250,49.5,0.0,0.0,0.0,4,31.0,0.0,0,60.5,49.5,49.5,49.5,1.0,495.0,13
2023-05-09 22:57:03,rb2401C4250,rb2401C4250,49.5,0.0,0.0,0.0,1,19.5,0.0,0,60.5,49.5,49.5,49.5,1.0,495.0,13
2023-05-09 22:57:50,rb2401C4250,rb2401C4250,49.5,0.0,0.0,0.0,1,3.5,0.0,0,60.5,49.5,49.5,49.5,1.0,495.0,13
2023-05-09 22:58:46,rb2401C4250,rb2401C4250,49.5,0.0,0.0,0.0,1,3.5,0.0,0,60.5,49.5,49.5,49.5,1.0,495.0,13
2023-05-10 09:01:20,rb2401C4250,rb2401C4250,49.5,0.0,0.0,0.0,2,4.0,0.0,0,60.5,49.5,49.5,49.5,1.0,495.0,13
2023-05-10 09:01:20,rb2401C4250,rb2401C4250,49.5,0.0,0.0,0.0,4,4.5,0.0,0,60.5,49.5,49.5,49.5,1.0,495.0,13
2023-05-10 09:02:04,rb2401C4250,rb2401C4250,49.5,0.0,0.0,0.0,4,4.5,0.0,0,60.5,49.5,49.5,49.5,1.0,495.0,13
2023-05-10 09:02:04,rb2401C4250,rb2401C4250,49.5,0.0,0.0,0.0,2,11.0,0.0,0,60.5,49.5,49.5,49.5,1.0,495.0,13
2023-05-10 09:02:05,rb2401C4250,rb2401C4250,49.5,0.0,0.0,0.0,4,11.5,0.0,0,60.5,49.5,49.5,49.5,1.0,495.0,13
2023-05-10 09:02:08,rb2401C4250,rb2401C4250,49.5,0.0,0.0,0.0,2,15.0,0.0,0,60.5,49.5,49.5,49.5,1.0,495.0,13
2023-05-10 09:02:08,rb2401C4250,rb2401C4250,49.5,0.0,0.0,0.0,2,15.0,0.0,0,60.5,49.5,49.5,49.5,1.0,495.0,13
2023-05-10 09:02:09,rb2401C4250,rb2401C4250,49.5,0.0,0.0,0.0,4,15.5,0.0,0,60.5,49.5,49.5,49.5,1.0,495.0,13
2023-05-10 09:02:13,rb2401C4250,rb2401C4250,49.5,0.0,0.0,0.0,2,16.0,0.0,0,60.5,49.5,49.5,49.5,1.0,495.0,13
2023-05-10 09:02:13,rb2401C4250,rb2401C4250,49.5,0.0,0.0,0.0,2,16.0,0.0,0,60.5,49.5,49.5,49.5,1.0,495.0,13
2023-05-10 09:02:14,rb2401C4250,rb2401C4250,49.5,0.0,0.0,0.0,4,16.5,0.0,0,60.5,49.5,49.5,49.5,1.0,495.0,13
2023-05-10 09:02:18,rb2401C4250,rb2401C4250,49.5,0.0,0.0,0.0,2,17.0,0.0,0,60.5,49.5,49.5,49.5,1.0,495.0,13
2023-05-10 09:02:18,rb2401C4250,rb2401C4250,49.5,0.0,0.0,0.0,2,17.0,0.0,0,60.5,49.5,49.5,49.5,1.0,495.0,13
2023-05-10 09:02:19,rb2401C4250,rb2401C4250,49.5,0.0,0.0,0.0,4,17.5,0.0,0,60.5,49.5,49.5,49.5,1.0,495.0,13
2023-05-10 09:02:22,rb2401C4250,rb2401C4250,49.5,0.0,0.0,0.0,2,18.0,0.0,0,60.5,49.5,49.5,49.5,1.0,495.0,13
2023-05-10 09:02:22,rb2401C4250,rb2401C4250,49.5,0.0,0.0,0.0,2,18.0,0.0,0,60.5,49.5,49.5,49.5,1.0,495.0,13
2023-05-10 09:02:23,rb2401C4250,rb2401C4250,49.5,0.0,0.0,0.0,4,18.5,0.0,0,60.5,49.5,49.5,49.5,1.0,495.0,13
2023-05-10 09:02:26,rb2401C4250,rb2401C4250,49.5,0.0,0.0,0.0,2,19.0,0.0,0,60.5,49.5,49.5,49.5,1.0,495.0,13
2023-05-10 09:02:27,rb2401C4250,rb2401C4250,49.5,0.0,0.0,0.0,2,19.0,0.0,0,60.5,49.5,49.5,49.5,1.0,495.0,13
2023-05-10 09:02:27,rb2401C4250,rb2401C4250,49.5,0.0,0.0,0.0,4,19.5,0.0,0,60.5,49.5,49.5,49.5,1.0,495.0,13
2023-05-10 09:02:30,rb2401C4250,rb2401C4250,49.5,0.0,0.0,0.0,4,19.5,0.0,0,60.5,49.5,49.5,49.5,1.0,495.0,13
2023-05-10 09:06:18,rb2401C4250,rb2401C4250,49.5,0.0,0.0,0.0,4,19.5,0.0,0,60.5,49.5,49.5,49.5,1.0,495.0,13
2023-05-10 09:13:18,rb2401C4250,rb2401C4250,49.5,0.0,0.0,0.0,2,20.0,0.0,0,60.5,49.5,49.5,49.5,1.0,495.0,13
2023-05-10 09:13:19,rb2401C4250,rb2401C4250,49.5,0.0,0.0,0.0,2,20.0,0.0,0,60.5,49.5,49.5,49.5,1.0,495.0,13
2023-05-10 09:13:19,rb2401C4250,rb2401C4250,49.5,0.0,0.0,0.0,4,20.5,0.0,0,60.5,49.5,49.5,49.5,1.0,495.0,13
2023-05-10 09:13:20,rb2401C4250,rb2401C4250,49.5,0.0,0.0,0.0,2,21.0,0.0,0,60.5,49.5,49.5,49.5,1.0,495.0,13
2023-05-10 09:13:20,rb2401C4250,rb2401C4250,49.5,0.0,0.0,0.0,2,21.0,0.0,0,60.5,49.5,49.5,49.5,1.0,495.0,13
2023-05-10 09:13:21,rb2401C4250,rb2401C4250,49.5,0.0,0.0,0.0,4,21.5,0.0,0,60.5,49.5,49.5,49.5,1.0,495.0,13
2023-05-10 09:13:21,rb2401C4250,rb2401C4250,49.5,0.0,0.0,0.0,2,22.0,0.0,0,60.5,49.5,49.5,49.5,1.0,495.0,13
2023-05-10 09:13:22,rb2401C4250,rb2401C4250,49.5,0.0,0.0,0.0,2,22.0,0.0,0,60.5,49.5,49.5,49.5,1.0,495.0,13
2023-05-10 09:13:22,rb2401C4250,rb2401C4250,49.5,0.0,0.0,0.0,4,22.5,0.0,0,60.5,49.5,49.5,49.5,1.0,495.0,13
2023-05-10 09:13:23,rb2401C4250,rb2401C4250,49.5,0.0,0.0,0.0,4,22.5,0.0,0,60.5,49.5,49.5,49.5,1.0,495.0,13
2023-05-10 09:16:04,rb2401C4250,rb2401C4250,49.5,0.0,0.0,0.0,2,23.0,0.0,0,60.5,49.5,49.5,49.5,1.0,495.0,13
2023-05-10 09:16:05,rb2401C4250,rb2401C4250,49.5,0.0,0.0,0.0,2,23.0,0.0,0,60.5,49.5,49.5,49.5,1.0,495.0,13
2023-05-10 09:16:05,rb2401C4250,rb2401C4250,49.5,0.0,0.0,0.0,4,23.5,0.0,0,60.5,49.5,49.5,49.5,1.0,495.0,13
2023-05-10 09:16:06,rb2401C4250,rb2401C4250,49.5,0.0,0.0,0.0,4,23.5,0.0,0,60.5,49.5,49.5,49.5,1.0,495.0,13
2023-05-10 09:16:11,rb2401C4250,rb2401C4250,49.5,0.0,0.0,0.0,2,24.0,0.0,0,60.5,49.5,49.5,49.5,1.0,495.0,13
2023-05-10 09:16:11,rb2401C4250,rb2401C4250,49.5,0.0,0.0,0.0,2,24.0,0.0,0,60.5,49.5,49.5,49.5,1.0,495.0,13
2023-05-10 09:16:12,rb2401C4250,rb2401C4250,49.5,0.0,0.0,0.0,4,24.5,0.0,0,60.5,49.5,49.5,49.5,1.0,495.0,13
2023-05-10 09:16:12,rb2401C4250,rb2401C4250,49.5,0.0,0.0,0.0,4,24.5,0.0,0,60.5,49.5,49.5,49.5,1.0,495.0,13
2023-05-10 09:19:06,rb2401C4250,rb2401C4250,49.5,0.0,0.0,0.0,2,25.0,0.0,0,60.5,49.5,49.5,49.5,1.0,495.0,13
2023-05-10 09:19:07,rb2401C4250,rb2401C4250,49.5,0.0,0.0,0.0,2,25.0,0.0,0,60.5,49.5,49.5,49.5,1.0,495.0,13
2023-05-10 09:19:07,rb2401C4250,rb2401C4250,49.5,0.0,0.0,0.0,4,25.5,0.0,0,60.5,49.5,49.5,49.5,1.0,495.0,13
2023-05-10 09:19:08,rb2401C4250,rb2401C4250,49.5,0.0,0.0,0.0,4,25.5,0.0,0,60.5,49.5,49.5,49.5,1.0,495.0,13
2023-05-10 09:19:08,rb2401C4250,rb2401C4250,49.5,0.0,0.0,0.0,2,26.0,0.0,0,60.5,49.5,49.5,49.5,1.0,495.0,13
2023-05-10 09:19:09,rb2401C4250,rb2401C4250,49.5,0.0,0.0,0.0,2,26.0,0.0,0,60.5,49.5,49.5,49.5,1.0,495.0,13
2023-05-10 09:19:09,rb2401C4250,rb2401C4250,49.5,0.0,0.0,0.0,4,26.5,0.0,0,60.5,49.5,49.5,49.5,1.0,495.0,13
2023-05-10 09:19:10,rb2401C4250,rb2401C4250,49.5,0.0,0.0,0.0,4,26.5,0.0,0,60.5,49.5,49.5,49.5,1.0,495.0,13
2023-05-10 09:21:15,rb2401C4250,rb2401C4250,49.5,0.0,0.0,0.0,2,27.0,0.0,0,60.5,49.5,49.5,49.5,1.0,495.0,13
2023-05-10 09:21:16,rb2401C4250,rb2401C4250,49.5,0.0,0.0,0.0,2,27.0,0.0,0,60.5,49.5,49.5,49.5,1.0,495.0,13
2023-05-10 09:21:16,rb2401C4250,rb2401C4250,49.5,0.0,0.0,0.0,4,27.5,0.0,0,60.5,49.5,49.5,49.5,1.0,495.0,13
2023-05-10 09:21:17,rb2401C4250,rb2401C4250,49.5,0.0,0.0,0.0,2,28.0,0.0,0,60.5,49.5,49.5,49.5,1.0,495.0,13
2023-05-10 09:21:17,rb2401C4250,rb2401C4250,49.5,0.0,0.0,0.0,2,28.0,0.0,0,60.5,49.5,49.5,49.5,1.0,495.0,13
2023-05-10 09:21:18,rb2401C4250,rb2401C4250,49.5,0.0,0.0,0.0,4,28.5,0.0,0,60.5,49.5,49.5,49.5,1.0,495.0,13
2023-05-10 09:21:18,rb2401C4250,rb2401C4250,49.5,0.0,0.0,0.0,2,29.0,0.0,0,60.5,49.5,49.5,49.5,1.0,495.0,13
2023-05-10 09:21:19,rb2401C4250,rb2401C4250,49.5,0.0,0.0,0.0,2,29.0,0.0,0,60.5,49.5,49.5,49.5,1.0,495.0,13
2023-05-10 09:21:19,rb2401C4250,rb2401C4250,49.5,0.0,0.0,0.0,4,29.5,0.0,0,60.5,49.5,49.5,49.5,1.0,495.0,13
2023-05-10 09:21:20,rb2401C4250,rb2401C4250,49.5,0.0,0.0,0.0,4,29.5,0.0,0,60.5,49.5,49.5,49.5,1.0,495.0,13
2023-05-10 09:21:50,rb2401C4250,rb2401C4250,49.5,0.0,0.0,0.0,2,30.0,0.0,0,60.5,49.5,49.5,49.5,1.0,495.0,13
2023-05-10 09:21:51,rb2401C4250,rb2401C4250,49.5,0.0,0.0,0.0,2,30.0,0.0,0,60.5,49.5,49.5,49.5,1.0,495.0,13
2023-05-10 09:21:51,rb2401C4250,rb2401C4250,49.5,0.0,0.0,0.0,4,30.5,0.0,0,60.5,49.5,49.5,49.5,1.0,495.0,13
2023-05-10 09:21:52,rb2401C4250,rb2401C4250,49.5,0.0,0.0,0.0,2,31.0,0.0,0,60.5,49.5,49.5,49.5,1.0,495.0,13
2023-05-10 09:21:53,rb2401C4250,rb2401C4250,49.5,0.0,0.0,0.0,2,31.0,0.0,0,60.5,49.5,49.5,49.5,1.0,495.0,13
2023-05-10 09:21:53,rb2401C4250,rb2401C4250,49.5,0.0,0.0,0.0,4,31.5,0.0,0,60.5,49.5,49.5,49.5,1.0,495.0,13
2023-05-10 09:21:54,rb2401C4250,rb2401C4250,49.5,0.0,0.0,0.0,2,32.0,0.0,0,60.5,49.5,49.5,49.5,1.0,495.0,13
2023-05-10 09:21:54,rb2401C4250,rb2401C4250,49.5,0.0,0.0,0.0,2,32.0,0.0,0,60.5,49.5,49.5,49.5,1.0,495.0,13
2023-05-10 09:21:55,rb2401C4250,rb2401C4250,49.5,0.0,0.0,0.0,4,32.5,0.0,0,60.5,49.5,49.5,49.5,1.0,495.0,13
2023-05-10 09:21:55,rb2401C4250,rb2401C4250,49.5,0.0,0.0,0.0,4,32.5,0.0,0,60.5,49.5,49.5,49.5,1.0,495.0,13
2023-05-10 09:22:20,rb2401C4250,rb2401C4250,49.5,0.0,0.0,0.0,2,33.0,0.0,0,60.5,49.5,49.5,49.5,1.0,495.0,13
2023-05-10 09:22:21,rb2401C4250,rb2401C4250,49.5,0.0,0.0,0.0,2,33.0,0.0,0,60.5,49.5,49.5,49.5,1.0,495.0,13
2023-05-10 09:22:21,rb2401C4250,rb2401C4250,49.5,0.0,0.0,0.0,4,33.5,0.0,0,60.5,49.5,49.5,49.5,1.0,495.0,13
2023-05-10 09:22:22,rb2401C4250,rb2401C4250,49.5,0.0,0.0,0.0,4,33.5,0.0,0,60.5,49.5,49.5,49.5,1.0,495.0,13
2023-05-10 09:22:22,rb2401C4250,rb2401C4250,49.5,0.0,0.0,0.0,2,34.0,0.0,0,60.5,49.5,49.5,49.5,1.0,495.0,13
2023-05-10 09:22:23,rb2401C4250,rb2401C4250,49.5,0.0,0.0,0.0,2,34.0,0.0,0,60.5,49.5,49.5,49.5,1.0,495.0,13
2023-05-10 09:22:23,rb2401C4250,rb2401C4250,49.5,0.0,0.0,0.0,4,34.5,0.0,0,60.5,49.5,49.5,49.5,1.0,495.0,13
2023-05-10 09:22:24,rb2401C4250,rb2401C4250,49.5,0.0,0.0,0.0,2,35.0,0.0,0,60.5,49.5,49.5,49.5,1.0,495.0,13
2023-05-10 09:22:24,rb2401C4250,rb2401C4250,49.5,0.0,0.0,0.0,2,35.0,0.0,0,60.5,49.5,49.5,49.5,1.0,495.0,13
2023-05-10 09:22:25,rb2401C4250,rb2401C4250,49.5,0.0,0.0,0.0,4,35.5,0.0,0,60.5,49.5,49.5,49.5,1.0,495.0,13
2023-05-10 09:22:25,rb2401C4250,rb2401C4250,49.5,0.0,0.0,0.0,2,36.0,0.0,0,60.5,49.5,49.5,49.5,1.0,495.0,13
2023-05-10 09:22:26,rb2401C4250,rb2401C4250,49.5,0.0,0.0,0.0,2,36.0,0.0,0,60.5,49.5,49.5,49.5,1.0,495.0,13
2023-05-10 09:22:26,rb2401C4250,rb2401C4250,49.5,0.0,0.0,0.0,4,36.5,0.0,0,60.5,49.5,49.5,49.5,1.0,495.0,13
2023-05-10 09:22:27,rb2401C4250,rb2401C4250,49.5,0.0,0.0,0.0,2,37.0,0.0,0,60.5,49.5,49.5,49.5,1.0,495.0,13
2023-05-10 09:22:27,rb2401C4250,rb2401C4250,49.5,0.0,0.0,0.0,2,37.0,0.0,0,60.5,49.5,49.5,49.5,1.0,495.0,13
2023-05-10 09:22:28,rb2401C4250,rb2401C4250,49.5,0.0,0.0,0.0,4,37.5,0.0,0,60.5,49.5,49.5,49.5,1.0,495.0,13
2023-05-10 09:22:28,rb2401C4250,rb2401C4250,49.5,0.0,0.0,0.0,4,37.5,0.0,0,60.5,49.5,49.5,49.5,1.0,495.0,13
2023-05-10 09:22:48,rb2401C4250,rb2401C4250,49.5,0.0,0.0,0.0,2,38.0,0.0,0,60.5,49.5,49.5,49.5,1.0,495.0,13
2023-05-10 09:22:49,rb2401C4250,rb2401C4250,49.5,0.0,0.0,0.0,2,38.0,0.0,0,60.5,49.5,49.5,49.5,1.0,495.0,13
2023-05-10 09:22:49,rb2401C4250,rb2401C4250,49.5,0.0,0.0,0.0,4,38.5,0.0,0,60.5,49.5,49.5,49.5,1.0,495.0,13
2023-05-10 09:22:50,rb2401C4250,rb2401C4250,49.5,0.0,0.0,0.0,2,39.0,0.0,0,60.5,49.5,49.5,49.5,1.0,495.0,13
2023-05-10 09:22:51,rb2401C4250,rb2401C4250,49.5,0.0,0.0,0.0,2,39.0,0.0,0,60.5,49.5,49.5,49.5,1.0,495.0,13
2023-05-10 09:22:51,rb2401C4250,rb2401C4250,49.5,0.0,0.0,0.0,4,39.5,0.0,0,60.5,49.5,49.5,49.5,1.0,495.0,13
2023-05-10 09:22:52,rb2401C4250,rb2401C4250,49.5,0.0,0.0,0.0,2,40.0,0.0,0,60.5,49.5,49.5,49.5,1.0,495.0,13
2023-05-10 09:22:52,rb2401C4250,rb2401C4250,49.5,0.0,0.0,0.0,2,40.0,0.0,0,60.5,49.5,49.5,49.5,1.0,495.0,13
2023-05-10 09:22:53,rb2401C4250,rb2401C4250,49.5,0.0,0.0,0.0,4,40.5,0.0,0,60.5,49.5,49.5,49.5,1.0,495.0,13
2023-05-10 09:22:53,rb2401C4250,rb2401C4250,49.5,0.0,0.0,0.0,4,40.5,0.0,0,60.5,49.5,49.5,49.5,1.0,495.0,13
2023-05-10 09:22:54,rb2401C4250,rb2401C4250,49.5,0.0,0.0,0.0,2,41.0,0.0,0,60.5,49.5,49.5,49.5,1.0,495.0,13
2023-05-10 09:22:54,rb2401C4250,rb2401C4250,49.5,0.0,0.0,0.0,2,41.0,0.0,0,60.5,49.5,49.5,49.5,1.0,495.0,13
2023-05-10 09:22:55,rb2401C4250,rb2401C4250,49.5,0.0,0.0,0.0,4,41.5,0.0,0,60.5,49.5,49.5,49.5,1.0,495.0,13
2023-05-10 09:22:55,rb2401C4250,rb2401C4250,49.5,0.0,0.0,0.0,4,41.5,0.0,0,60.5,49.5,49.5,49.5,1.0,495.0,13
2023-05-10 09:23:04,rb2401C4250,rb2401C4250,49.5,0.0,0.0,0.0,2,42.0,0.0,0,60.5,49.5,49.5,49.5,1.0,495.0,13
2023-05-10 09:23:05,rb2401C4250,rb2401C4250,49.5,0.0,0.0,0.0,2,42.0,0.0,0,60.5,49.5,49.5,49.5,1.0,495.0,13
2023-05-10 09:23:05,rb2401C4250,rb2401C4250,49.5,0.0,0.0,0.0,4,42.5,0.0,0,60.5,49.5,49.5,49.5,1.0,495.0,13
2023-05-10 09:23:06,rb2401C4250,rb2401C4250,49.5,0.0,0.0,0.0,4,42.5,0.0,0,60.5,49.5,49.5,49.5,1.0,495.0,13
2023-05-10 09:23:06,rb2401C4250,rb2401C4250,49.5,0.0,0.0,0.0,2,43.0,0.0,0,60.5,49.5,49.5,49.5,1.0,495.0,13
2023-05-10 09:23:07,rb2401C4250,rb2401C4250,49.5,0.0,0.0,0.0,2,43.0,0.0,0,60.5,49.5,49.5,49.5,1.0,495.0,13
2023-05-10 09:23:07,rb2401C4250,rb2401C4250,49.5,0.0,0.0,0.0,4,43.5,0.0,0,60.5,49.5,49.5,49.5,1.0,495.0,13
2023-05-10 09:23:08,rb2401C4250,rb2401C4250,49.5,0.0,0.0,0.0,2,44.0,0.0,0,60.5,49.5,49.5,49.5,1.0,495.0,13
2023-05-10 09:23:08,rb2401C4250,rb2401C4250,49.5,0.0,0.0,0.0,2,44.0,0.0,0,60.5,49.5,49.5,49.5,1.0,495.0,13
2023-05-10 09:23:09,rb2401C4250,rb2401C4250,49.5,0.0,0.0,0.0,4,44.5,0.0,0,60.5,49.5,49.5,49.5,1.0,495.0,13
2023-05-10 09:23:09,rb2401C4250,rb2401C4250,49.5,0.0,0.0,0.0,4,44.5,0.0,0,60.5,49.5,49.5,49.5,1.0,495.0,13
2023-05-10 09:23:14,rb2401C4250,rb2401C4250,49.5,0.0,0.0,0.0,2,45.0,0.0,0,60.5,49.5,49.5,49.5,1.0,495.0,13
2023-05-10 09:23:15,rb2401C4250,rb2401C4250,49.5,0.0,0.0,0.0,2,45.0,0.0,0,60.5,49.5,49.5,49.5,1.0,495.0,13
2023-05-10 09:23:15,rb2401C4250,rb2401C4250,49.5,0.0,0.0,0.0,6,45.0,0.0,0,60.5,49.5,49.5,49.5,1.0,495.0,13
2023-05-10 09:23:34,rb2401C4250,rb2401C4250,49.5,0.0,0.0,0.0,4,45.0,0.0,0,60.5,49.5,49.5,49.5,1.0,495.0,13
2023-05-10 09:23:56,rb2401C4250,rb2401C4250,49.5,0.0,0.0,0.0,1,4.5,0.0,0,60.5,49.5,49.5,49.5,1.0,495.0,13
2023-05-10 09:23:56,rb2401C4250,rb2401C4250,49.5,0.0,0.0,0.0,6,5.0,0.0,0,60.5,49.5,49.5,49.5,1.0,495.0,13
2023-05-10 09:26:32,rb2401C4250,rb2401C4250,49.5,0.0,0.0,0.0,1,48.5,56.5,1,60.5,49.5,49.5,49.5,1.0,495.0,13
2023-05-10 09:26:32,rb2401C4250,rb2401C4250,49.5,0.0,0.0,0.0,1,48.5,56.5,1,60.5,49.5,49.5,49.5,1.0,495.0,13
2023-05-10 09:26:39,rb2401C4250,rb2401C4250,49.5,0.0,0.0,0.0,1,49.5,52.5,1,60.5,49.5,49.5,49.5,1.0,495.0,13
2023-05-10 09:26:40,rb2401C4250,rb2401C4250,49.5,0.0,0.0,0.0,1,49.5,52.5,1,60.5,49.5,49.5,49.5,1.0,495.0,13
2023-05-10 09:26:41,rb2401C4250,rb2401C4250,49.5,0.0,0.0,0.0,1,49.5,52.5,1,60.5,49.5,49.5,49.5,1.0,495.0,13
2023-05-10 09:26:42,rb2401C4250,rb2401C4250,49.5,0.0,0.0,0.0,1,49.5,52.5,1,60.5,49.5,49.5,49.5,1.0,495.0,13
2023-05-10 09:26:43,rb2401C4250,rb2401C4250,52.5,1.0,525.0,0.0,1,49.5,53.5,1,60.5,49.5,52.5,49.5,2.0,1020.0,13
2023-05-10 09:26:44,rb2401C4250,rb2401C4250,52.5,0.0,0.0,0.0,1,49.5,53.5,1,60.5,49.5,52.5,49.5,2.0,1020.0,13
2023-05-10 09:26:44,rb2401C4250,rb2401C4250,52.5,0.0,0.0,0.0,1,49.5,53.5,2,60.5,49.5,52.5,49.5,2.0,1020.0,13
2023-05-10 09:26:45,rb2401C4250,rb2401C4250,52.5,0.0,0.0,0.0,1,49.5,53.5,2,60.5,49.5,52.5,49.5,2.0,1020.0,13
2023-05-10 09:26:49,rb2401C4250,rb2401C4250,52.5,0.0,0.0,0.0,1,49.5,53.5,2,60.5,49.5,52.5,49.5,2.0,1020.0,13
2023-05-10 09:26:50,rb2401C4250,rb2401C4250,52.5,0.0,0.0,0.0,2,49.5,53.5,3,60.5,49.5,52.5,49.5,2.0,1020.0,13
2023-05-10 09:26:50,rb2401C4250,rb2401C4250,52.5,0.0,0.0,0.0,1,49.5,53.5,3,60.5,49.5,52.5,49.5,2.0,1020.0,13
2023-05-10 09:26:51,rb2401C4250,rb2401C4250,52.5,0.0,0.0,0.0,1,49.5,53.5,3,60.5,49.5,52.5,49.5,2.0,1020.0,13
2023-05-10 09:26:53,rb2401C4250,rb2401C4250,52.5,0.0,0.0,0.0,1,49.5,53.5,3,60.5,49.5,52.5,49.5,2.0,1020.0,13
2023-05-10 09:26:54,rb2401C4250,rb2401C4250,52.5,0.0,0.0,0.0,1,49.5,53.5,3,60.5,49.5,52.5,49.5,2.0,1020.0,13
2023-05-10 09:26:54,rb2401C4250,rb2401C4250,52.5,0.0,0.0,0.0,1,49.5,53.5,2,60.5,49.5,52.5,49.5,2.0,1020.0,13
2023-05-10 09:26:55,rb2401C4250,rb2401C4250,52.5,0.0,0.0,0.0,1,49.5,53.5,1,60.5,49.5,52.5,49.5,2.0,1020.0,13
2023-05-10 09:26:56,rb2401C4250,rb2401C4250,52.5,0.0,0.0,0.0,1,49.5,53.5,1,60.5,49.5,52.5,49.5,2.0,1020.0,13
2023-05-10 09:26:56,rb2401C4250,rb2401C4250,52.5,0.0,0.0,0.0,1,49.5,53.5,1,60.5,49.5,52.5,49.5,2.0,1020.0,13
2023-05-10 09:27:00,rb2401C4250,rb2401C4250,52.5,0.0,0.0,0.0,1,49.5,53.5,1,60.5,49.5,52.5,49.5,2.0,1020.0,13
2023-05-10 09:27:02,rb2401C4250,rb2401C4250,52.5,0.0,0.0,0.0,1,4.5,0.0,0,60.5,49.5,52.5,49.5,2.0,1020.0,13
2023-05-10 09:27:03,rb2401C4250,rb2401C4250,52.5,0.0,0.0,0.0,4,5.0,0.0,0,60.5,49.5,52.5,49.5,2.0,1020.0,13
2023-05-10 09:27:03,rb2401C4250,rb2401C4250,52.5,0.0,0.0,0.0,2,5.5,0.0,0,60.5,49.5,52.5,49.5,2.0,1020.0,13
2023-05-10 09:27:04,rb2401C4250,rb2401C4250,52.5,0.0,0.0,0.0,2,5.5,0.0,0,60.5,49.5,52.5,49.5,2.0,1020.0,13
2023-05-10 09:27:04,rb2401C4250,rb2401C4250,52.5,0.0,0.0,0.0,4,6.0,0.0,0,60.5,49.5,52.5,49.5,2.0,1020.0,13
2023-05-10 09:27:05,rb2401C4250,rb2401C4250,52.5,0.0,0.0,0.0,4,6.0,0.0,0,60.5,49.5,52.5,49.5,2.0,1020.0,13
2023-05-10 09:27:06,rb2401C4250,rb2401C4250,52.5,0.0,0.0,0.0,2,12.5,0.0,0,60.5,49.5,52.5,49.5,2.0,1020.0,13
2023-05-10 09:27:06,rb2401C4250,rb2401C4250,52.5,0.0,0.0,0.0,2,12.5,0.0,0,60.5,49.5,52.5,49.5,2.0,1020.0,13
2023-05-10 09:27:07,rb2401C4250,rb2401C4250,52.5,0.0,0.0,0.0,4,13.0,0.0,0,60.5,49.5,52.5,49.5,2.0,1020.0,13
2023-05-10 09:27:07,rb2401C4250,rb2401C4250,52.5,0.0,0.0,0.0,2,16.5,0.0,0,60.5,49.5,52.5,49.5,2.0,1020.0,13
2023-05-10 09:27:08,rb2401C4250,rb2401C4250,52.5,0.0,0.0,0.0,2,16.5,0.0,0,60.5,49.5,52.5,49.5,2.0,1020.0,13
2023-05-10 09:27:08,rb2401C4250,rb2401C4250,52.5,0.0,0.0,0.0,4,17.0,0.0,0,60.5,49.5,52.5,49.5,2.0,1020.0,13
2023-05-10 09:27:09,rb2401C4250,rb2401C4250,52.5,0.0,0.0,0.0,4,17.0,0.0,0,60.5,49.5,52.5,49.5,2.0,1020.0,13
2023-05-10 09:27:09,rb2401C4250,rb2401C4250,52.5,0.0,0.0,0.0,2,23.5,0.0,0,60.5,49.5,52.5,49.5,2.0,1020.0,13
2023-05-10 09:27:10,rb2401C4250,rb2401C4250,52.5,0.0,0.0,0.0,2,23.5,0.0,0,60.5,49.5,52.5,49.5,2.0,1020.0,13
2023-05-10 09:27:10,rb2401C4250,rb2401C4250,52.5,0.0,0.0,0.0,4,24.0,0.0,0,60.5,49.5,52.5,49.5,2.0,1020.0,13
2023-05-10 09:27:11,rb2401C4250,rb2401C4250,52.5,0.0,0.0,0.0,4,24.0,0.0,0,60.5,49.5,52.5,49.5,2.0,1020.0,13
2023-05-10 09:27:11,rb2401C4250,rb2401C4250,52.5,0.0,0.0,0.0,2,24.5,0.0,0,60.5,49.5,52.5,49.5,2.0,1020.0,13
2023-05-10 09:27:12,rb2401C4250,rb2401C4250,52.5,0.0,0.0,0.0,2,24.5,0.0,0,60.5,49.5,52.5,49.5,2.0,1020.0,13
2023-05-10 09:27:12,rb2401C4250,rb2401C4250,52.5,0.0,0.0,0.0,4,25.0,0.0,0,60.5,49.5,52.5,49.5,2.0,1020.0,13
2023-05-10 09:27:13,rb2401C4250,rb2401C4250,52.5,0.0,0.0,0.0,2,25.5,0.0,0,60.5,49.5,52.5,49.5,2.0,1020.0,13
2023-05-10 09:27:13,rb2401C4250,rb2401C4250,52.5,0.0,0.0,0.0,2,25.5,0.0,0,60.5,49.5,52.5,49.5,2.0,1020.0,13
2023-05-10 09:27:14,rb2401C4250,rb2401C4250,52.5,0.0,0.0,0.0,4,26.0,0.0,0,60.5,49.5,52.5,49.5,2.0,1020.0,13
2023-05-10 09:27:14,rb2401C4250,rb2401C4250,52.5,0.0,0.0,0.0,2,26.5,0.0,0,60.5,49.5,52.5,49.5,2.0,1020.0,13
2023-05-10 09:27:15,rb2401C4250,rb2401C4250,52.5,0.0,0.0,0.0,2,26.5,0.0,0,60.5,49.5,52.5,49.5,2.0,1020.0,13
2023-05-10 09:27:15,rb2401C4250,rb2401C4250,52.5,0.0,0.0,0.0,4,27.0,0.0,0,60.5,49.5,52.5,49.5,2.0,1020.0,13
2023-05-10 09:27:16,rb2401C4250,rb2401C4250,52.5,0.0,0.0,0.0,2,27.5,0.0,0,60.5,49.5,52.5,49.5,2.0,1020.0,13
2023-05-10 09:27:16,rb2401C4250,rb2401C4250,52.5,0.0,0.0,0.0,2,27.5,0.0,0,60.5,49.5,52.5,49.5,2.0,1020.0,13
2023-05-10 09:27:17,rb2401C4250,rb2401C4250,52.5,0.0,0.0,0.0,4,28.0,0.0,0,60.5,49.5,52.5,49.5,2.0,1020.0,13
2023-05-10 09:27:17,rb2401C4250,rb2401C4250,52.5,0.0,0.0,0.0,2,28.5,0.0,0,60.5,49.5,52.5,49.5,2.0,1020.0,13
2023-05-10 09:27:18,rb2401C4250,rb2401C4250,52.5,0.0,0.0,0.0,2,28.5,0.0,0,60.5,49.5,52.5,49.5,2.0,1020.0,13
2023-05-10 09:27:18,rb2401C4250,rb2401C4250,52.5,0.0,0.0,0.0,4,29.0,0.0,0,60.5,49.5,52.5,49.5,2.0,1020.0,13
2023-05-10 09:27:19,rb2401C4250,rb2401C4250,52.5,0.0,0.0,0.0,2,29.5,0.0,0,60.5,49.5,52.5,49.5,2.0,1020.0,13
2023-05-10 09:27:19,rb2401C4250,rb2401C4250,52.5,0.0,0.0,0.0,4,30.0,0.0,0,60.5,49.5,52.5,49.5,2.0,1020.0,13
2023-05-10 09:27:20,rb2401C4250,rb2401C4250,52.5,0.0,0.0,0.0,4,30.0,0.0,0,60.5,49.5,52.5,49.5,2.0,1020.0,13
2023-05-10 09:31:34,rb2401C4250,rb2401C4250,52.5,0.0,0.0,0.0,4,30.0,0.0,0,60.5,49.5,52.5,49.5,2.0,1020.0,13
2023-05-10 09:34:09,rb2401C4250,rb2401C4250,52.5,0.0,0.0,0.0,4,30.0,0.0,0,60.5,49.5,52.5,49.5,2.0,1020.0,13
2023-05-10 09:34:42,rb2401C4250,rb2401C4250,52.5,0.0,0.0,0.0,4,30.0,0.0,0,60.5,49.5,52.5,49.5,2.0,1020.0,13
2023-05-10 09:34:56,rb2401C4250,rb2401C4250,52.5,0.0,0.0,0.0,4,30.0,0.0,0,60.5,49.5,52.5,49.5,2.0,1020.0,13
2023-05-10 09:42:43,rb2401C4250,rb2401C4250,52.5,0.0,0.0,0.0,4,30.0,0.0,0,60.5,49.5,52.5,49.5,2.0,1020.0,13
2023-05-10 09:45:19,rb2401C4250,rb2401C4250,52.5,0.0,0.0,0.0,4,30.0,0.0,0,60.5,49.5,52.5,49.5,2.0,1020.0,13
2023-05-10 10:14:33,rb2401C4250,rb2401C4250,52.5,0.0,0.0,0.0,7,4.5,0.0,0,60.5,49.5,52.5,49.5,2.0,1020.0,13
2023-05-10 10:30:09,rb2401C4250,rb2401C4250,52.5,0.0,0.0,0.0,4,5.0,0.0,0,60.5,49.5,52.5,49.5,2.0,1020.0,13
2023-05-10 10:30:15,rb2401C4250,rb2401C4250,52.5,0.0,0.0,0.0,2,5.5,0.0,0,60.5,49.5,52.5,49.5,2.0,1020.0,13
2023-05-10 10:30:16,rb2401C4250,rb2401C4250,52.5,0.0,0.0,0.0,2,5.5,0.0,0,60.5,49.5,52.5,49.5,2.0,1020.0,13
2023-05-10 10:30:16,rb2401C4250,rb2401C4250,52.5,0.0,0.0,0.0,4,6.0,0.0,0,60.5,49.5,52.5,49.5,2.0,1020.0,13
2023-05-10 10:30:27,rb2401C4250,rb2401C4250,52.5,0.0,0.0,0.0,2,6.5,0.0,0,60.5,49.5,52.5,49.5,2.0,1020.0,13
2023-05-10 10:30:27,rb2401C4250,rb2401C4250,52.5,0.0,0.0,0.0,2,6.5,0.0,0,60.5,49.5,52.5,49.5,2.0,1020.0,13
2023-05-10 10:30:28,rb2401C4250,rb2401C4250,52.5,0.0,0.0,0.0,4,7.0,0.0,0,60.5,49.5,52.5,49.5,2.0,1020.0,13
2023-05-10 10:30:42,rb2401C4250,rb2401C4250,52.5,0.0,0.0,0.0,4,7.0,0.0,0,60.5,49.5,52.5,49.5,2.0,1020.0,13
2023-05-10 10:30:43,rb2401C4250,rb2401C4250,52.5,0.0,0.0,0.0,2,7.5,0.0,0,60.5,49.5,52.5,49.5,2.0,1020.0,13
2023-05-10 10:30:43,rb2401C4250,rb2401C4250,52.5,0.0,0.0,0.0,2,7.5,0.0,0,60.5,49.5,52.5,49.5,2.0,1020.0,13
2023-05-10 10:30:44,rb2401C4250,rb2401C4250,52.5,0.0,0.0,0.0,4,8.0,0.0,0,60.5,49.5,52.5,49.5,2.0,1020.0,13
2023-05-10 10:30:50,rb2401C4250,rb2401C4250,52.5,0.0,0.0,0.0,2,8.5,0.0,0,60.5,49.5,52.5,49.5,2.0,1020.0,13
2023-05-10 10:30:50,rb2401C4250,rb2401C4250,52.5,0.0,0.0,0.0,2,8.5,0.0,0,60.5,49.5,52.5,49.5,2.0,1020.0,13
2023-05-10 10:30:51,rb2401C4250,rb2401C4250,52.5,0.0,0.0,0.0,4,9.0,0.0,0,60.5,49.5,52.5,49.5,2.0,1020.0,13
2023-05-10 10:30:55,rb2401C4250,rb2401C4250,52.5,0.0,0.0,0.0,4,9.0,0.0,0,60.5,49.5,52.5,49.5,2.0,1020.0,13
2023-05-10 10:30:56,rb2401C4250,rb2401C4250,52.5,0.0,0.0,0.0,2,9.5,0.0,0,60.5,49.5,52.5,49.5,2.0,1020.0,13
2023-05-10 10:30:56,rb2401C4250,rb2401C4250,52.5,0.0,0.0,0.0,2,9.5,0.0,0,60.5,49.5,52.5,49.5,2.0,1020.0,13
2023-05-10 10:30:57,rb2401C4250,rb2401C4250,52.5,0.0,0.0,0.0,4,10.0,0.0,0,60.5,49.5,52.5,49.5,2.0,1020.0,13
2023-05-10 10:30:58,rb2401C4250,rb2401C4250,52.5,0.0,0.0,0.0,4,10.0,0.0,0,60.5,49.5,52.5,49.5,2.0,1020.0,13
2023-05-10 11:29:33,rb2401C4250,rb2401C4250,52.5,0.0,0.0,0.0,7,4.5,0.0,0,60.5,49.5,52.5,49.5,2.0,1020.0,13
2023-05-10 13:30:32,rb2401C4250,rb2401C4250,52.5,0.0,0.0,0.0,4,5.0,0.0,0,60.5,49.5,52.5,49.5,2.0,1020.0,13
2023-05-10 13:31:19,rb2401C4250,rb2401C4250,52.5,0.0,0.0,0.0,2,5.5,0.0,0,60.5,49.5,52.5,49.5,2.0,1020.0,13
2023-05-10 13:31:19,rb2401C4250,rb2401C4250,52.5,0.0,0.0,0.0,2,5.5,0.0,0,60.5,49.5,52.5,49.5,2.0,1020.0,13
2023-05-10 13:31:20,rb2401C4250,rb2401C4250,52.5,0.0,0.0,0.0,4,6.0,0.0,0,60.5,49.5,52.5,49.5,2.0,1020.0,13
2023-05-10 13:31:23,rb2401C4250,rb2401C4250,52.5,0.0,0.0,0.0,2,6.5,0.0,0,60.5,49.5,52.5,49.5,2.0,1020.0,13
2023-05-10 13:31:24,rb2401C4250,rb2401C4250,52.5,0.0,0.0,0.0,2,6.5,0.0,0,60.5,49.5,52.5,49.5,2.0,1020.0,13
2023-05-10 13:31:24,rb2401C4250,rb2401C4250,52.5,0.0,0.0,0.0,4,7.0,0.0,0,60.5,49.5,52.5,49.5,2.0,1020.0,13
2023-05-10 13:31:26,rb2401C4250,rb2401C4250,52.5,0.0,0.0,0.0,2,7.5,0.0,0,60.5,49.5,52.5,49.5,2.0,1020.0,13
2023-05-10 13:31:27,rb2401C4250,rb2401C4250,52.5,0.0,0.0,0.0,2,7.5,0.0,0,60.5,49.5,52.5,49.5,2.0,1020.0,13
2023-05-10 13:31:27,rb2401C4250,rb2401C4250,52.5,0.0,0.0,0.0,4,8.0,0.0,0,60.5,49.5,52.5,49.5,2.0,1020.0,13
2023-05-10 13:31:28,rb2401C4250,rb2401C4250,52.5,0.0,0.0,0.0,4,8.0,0.0,0,60.5,49.5,52.5,49.5,2.0,1020.0,13
2023-05-10 13:31:28,rb2401C4250,rb2401C4250,52.5,0.0,0.0,0.0,2,8.5,0.0,0,60.5,49.5,52.5,49.5,2.0,1020.0,13
2023-05-10 13:31:29,rb2401C4250,rb2401C4250,52.5,0.0,0.0,0.0,2,8.5,0.0,0,60.5,49.5,52.5,49.5,2.0,1020.0,13
2023-05-10 13:31:29,rb2401C4250,rb2401C4250,52.5,0.0,0.0,0.0,4,9.0,0.0,0,60.5,49.5,52.5,49.5,2.0,1020.0,13
2023-05-10 13:31:30,rb2401C4250,rb2401C4250,52.5,0.0,0.0,0.0,4,9.0,0.0,0,60.5,49.5,52.5,49.5,2.0,1020.0,13
2023-05-10 13:31:30,rb2401C4250,rb2401C4250,52.5,0.0,0.0,0.0,2,9.5,0.0,0,60.5,49.5,52.5,49.5,2.0,1020.0,13
2023-05-10 13:31:31,rb2401C4250,rb2401C4250,52.5,0.0,0.0,0.0,2,9.5,0.0,0,60.5,49.5,52.5,49.5,2.0,1020.0,13
2023-05-10 13:31:31,rb2401C4250,rb2401C4250,52.5,0.0,0.0,0.0,4,10.0,0.0,0,60.5,49.5,52.5,49.5,2.0,1020.0,13
2023-05-10 13:31:32,rb2401C4250,rb2401C4250,52.5,0.0,0.0,0.0,4,10.0,0.0,0,60.5,49.5,52.5,49.5,2.0,1020.0,13
2023-05-10 13:34:51,rb2401C4250,rb2401C4250,52.5,0.0,0.0,0.0,7,4.5,0.0,0,60.5,49.5,52.5,49.5,2.0,1020.0,13
2023-05-10 13:34:52,rb2401C4250,rb2401C4250,52.5,0.0,0.0,0.0,2,5.0,0.0,0,60.5,49.5,52.5,49.5,2.0,1020.0,13
2023-05-10 13:39:20,rb2401C4250,rb2401C4250,52.5,0.0,0.0,0.0,4,5.5,0.0,0,60.5,49.5,52.5,49.5,2.0,1020.0,13
2023-05-10 13:39:21,rb2401C4250,rb2401C4250,52.5,0.0,0.0,0.0,2,6.0,0.0,0,60.5,49.5,52.5,49.5,2.0,1020.0,13
2023-05-10 13:39:22,rb2401C4250,rb2401C4250,52.5,0.0,0.0,0.0,2,6.0,0.0,0,60.5,49.5,52.5,49.5,2.0,1020.0,13
2023-05-10 13:39:22,rb2401C4250,rb2401C4250,52.5,0.0,0.0,0.0,4,6.5,0.0,0,60.5,49.5,52.5,49.5,2.0,1020.0,13
2023-05-10 13:39:23,rb2401C4250,rb2401C4250,52.5,0.0,0.0,0.0,2,7.0,0.0,0,60.5,49.5,52.5,49.5,2.0,1020.0,13
2023-05-10 13:39:23,rb2401C4250,rb2401C4250,52.5,0.0,0.0,0.0,2,7.0,0.0,0,60.5,49.5,52.5,49.5,2.0,1020.0,13
2023-05-10 13:39:24,rb2401C4250,rb2401C4250,52.5,0.0,0.0,0.0,4,7.5,0.0,0,60.5,49.5,52.5,49.5,2.0,1020.0,13
2023-05-10 13:39:24,rb2401C4250,rb2401C4250,52.5,0.0,0.0,0.0,2,8.0,0.0,0,60.5,49.5,52.5,49.5,2.0,1020.0,13
2023-05-10 13:39:25,rb2401C4250,rb2401C4250,52.5,0.0,0.0,0.0,2,8.0,0.0,0,60.5,49.5,52.5,49.5,2.0,1020.0,13
2023-05-10 13:39:25,rb2401C4250,rb2401C4250,52.5,0.0,0.0,0.0,4,8.5,0.0,0,60.5,49.5,52.5,49.5,2.0,1020.0,13
2023-05-10 13:39:26,rb2401C4250,rb2401C4250,52.5,0.0,0.0,0.0,2,9.0,0.0,0,60.5,49.5,52.5,49.5,2.0,1020.0,13
2023-05-10 13:39:27,rb2401C4250,rb2401C4250,52.5,0.0,0.0,0.0,2,9.0,0.0,0,60.5,49.5,52.5,49.5,2.0,1020.0,13
2023-05-10 13:39:27,rb2401C4250,rb2401C4250,52.5,0.0,0.0,0.0,4,9.5,0.0,0,60.5,49.5,52.5,49.5,2.0,1020.0,13
2023-05-10 13:39:28,rb2401C4250,rb2401C4250,52.5,0.0,0.0,0.0,2,10.0,0.0,0,60.5,49.5,52.5,49.5,2.0,1020.0,13
2023-05-10 13:39:28,rb2401C4250,rb2401C4250,52.5,0.0,0.0,0.0,2,10.0,0.0,0,60.5,49.5,52.5,49.5,2.0,1020.0,13
2023-05-10 13:39:29,rb2401C4250,rb2401C4250,52.5,0.0,0.0,0.0,4,10.5,0.0,0,60.5,49.5,52.5,49.5,2.0,1020.0,13
2023-05-10 13:39:29,rb2401C4250,rb2401C4250,52.5,0.0,0.0,0.0,4,10.5,0.0,0,60.5,49.5,52.5,49.5,2.0,1020.0,13
2023-05-10 13:45:11,rb2401C4250,rb2401C4250,52.5,0.0,0.0,0.0,2,14.0,0.0,0,60.5,49.5,52.5,49.5,2.0,1020.0,13
2023-05-10 13:45:12,rb2401C4250,rb2401C4250,52.5,0.0,0.0,0.0,2,14.0,0.0,0,60.5,49.5,52.5,49.5,2.0,1020.0,13
2023-05-10 13:45:12,rb2401C4250,rb2401C4250,52.5,0.0,0.0,0.0,4,14.5,0.0,0,60.5,49.5,52.5,49.5,2.0,1020.0,13
2023-05-10 13:45:13,rb2401C4250,rb2401C4250,52.5,0.0,0.0,0.0,2,15.0,0.0,0,60.5,49.5,52.5,49.5,2.0,1020.0,13
2023-05-10 13:45:14,rb2401C4250,rb2401C4250,52.5,0.0,0.0,0.0,2,15.0,0.0,0,60.5,49.5,52.5,49.5,2.0,1020.0,13
2023-05-10 13:45:14,rb2401C4250,rb2401C4250,52.5,0.0,0.0,0.0,4,15.5,0.0,0,60.5,49.5,52.5,49.5,2.0,1020.0,13
2023-05-10 13:45:15,rb2401C4250,rb2401C4250,52.5,0.0,0.0,0.0,2,16.0,0.0,0,60.5,49.5,52.5,49.5,2.0,1020.0,13
2023-05-10 13:45:16,rb2401C4250,rb2401C4250,52.5,0.0,0.0,0.0,2,16.0,0.0,0,60.5,49.5,52.5,49.5,2.0,1020.0,13
2023-05-10 13:45:16,rb2401C4250,rb2401C4250,52.5,0.0,0.0,0.0,4,16.5,0.0,0,60.5,49.5,52.5,49.5,2.0,1020.0,13
2023-05-10 13:45:17,rb2401C4250,rb2401C4250,52.5,0.0,0.0,0.0,2,17.0,0.0,0,60.5,49.5,52.5,49.5,2.0,1020.0,13
2023-05-10 13:45:17,rb2401C4250,rb2401C4250,52.5,0.0,0.0,0.0,2,17.0,0.0,0,60.5,49.5,52.5,49.5,2.0,1020.0,13
2023-05-10 13:45:18,rb2401C4250,rb2401C4250,52.5,0.0,0.0,0.0,4,17.5,0.0,0,60.5,49.5,52.5,49.5,2.0,1020.0,13
2023-05-10 13:45:18,rb2401C4250,rb2401C4250,52.5,0.0,0.0,0.0,4,17.5,0.0,0,60.5,49.5,52.5,49.5,2.0,1020.0,13
2023-05-10 13:45:22,rb2401C4250,rb2401C4250,52.5,0.0,0.0,0.0,2,18.0,0.0,0,60.5,49.5,52.5,49.5,2.0,1020.0,13
2023-05-10 13:45:22,rb2401C4250,rb2401C4250,52.5,0.0,0.0,0.0,2,18.0,0.0,0,60.5,49.5,52.5,49.5,2.0,1020.0,13
2023-05-10 13:45:23,rb2401C4250,rb2401C4250,52.5,0.0,0.0,0.0,4,18.5,0.0,0,60.5,49.5,52.5,49.5,2.0,1020.0,13
2023-05-10 13:45:23,rb2401C4250,rb2401C4250,52.5,0.0,0.0,0.0,2,19.0,0.0,0,60.5,49.5,52.5,49.5,2.0,1020.0,13
2023-05-10 13:45:24,rb2401C4250,rb2401C4250,52.5,0.0,0.0,0.0,2,19.0,0.0,0,60.5,49.5,52.5,49.5,2.0,1020.0,13
2023-05-10 13:45:24,rb2401C4250,rb2401C4250,52.5,0.0,0.0,0.0,4,19.5,0.0,0,60.5,49.5,52.5,49.5,2.0,1020.0,13
2023-05-10 13:45:25,rb2401C4250,rb2401C4250,52.5,0.0,0.0,0.0,2,20.0,0.0,0,60.5,49.5,52.5,49.5,2.0,1020.0,13
2023-05-10 13:45:25,rb2401C4250,rb2401C4250,52.5,0.0,0.0,0.0,2,20.0,0.0,0,60.5,49.5,52.5,49.5,2.0,1020.0,13
2023-05-10 13:45:26,rb2401C4250,rb2401C4250,52.5,0.0,0.0,0.0,4,20.5,0.0,0,60.5,49.5,52.5,49.5,2.0,1020.0,13
2023-05-10 13:45:26,rb2401C4250,rb2401C4250,52.5,0.0,0.0,0.0,4,20.5,0.0,0,60.5,49.5,52.5,49.5,2.0,1020.0,13
2023-05-10 14:15:46,rb2401C4250,rb2401C4250,52.5,0.0,0.0,0.0,1,43.0,51.0,1,60.5,49.5,52.5,49.5,2.0,1020.0,13
2023-05-10 14:15:47,rb2401C4250,rb2401C4250,52.5,0.0,0.0,0.0,1,43.0,51.0,1,60.5,49.5,52.5,49.5,2.0,1020.0,13
2023-05-10 14:15:54,rb2401C4250,rb2401C4250,52.5,0.0,0.0,0.0,1,44.5,47.0,1,60.5,49.5,52.5,49.5,2.0,1020.0,13
2023-05-10 14:15:54,rb2401C4250,rb2401C4250,52.5,0.0,0.0,0.0,1,44.5,47.0,1,60.5,49.5,52.5,49.5,2.0,1020.0,13
2023-05-10 14:15:56,rb2401C4250,rb2401C4250,52.5,0.0,0.0,0.0,1,44.5,47.0,1,60.5,49.5,52.5,49.5,2.0,1020.0,13
2023-05-10 14:15:56,rb2401C4250,rb2401C4250,52.5,0.0,0.0,0.0,1,46.5,47.0,1,60.5,49.5,52.5,49.5,2.0,1020.0,13
2023-05-10 14:15:57,rb2401C4250,rb2401C4250,52.5,0.0,0.0,0.0,1,46.5,47.0,1,60.5,49.5,52.5,49.5,2.0,1020.0,13
2023-05-10 14:15:58,rb2401C4250,rb2401C4250,52.5,0.0,0.0,0.0,1,46.5,47.0,1,60.5,49.5,52.5,49.5,2.0,1020.0,13
2023-05-10 14:15:59,rb2401C4250,rb2401C4250,52.5,0.0,0.0,0.0,1,46.5,47.0,1,60.5,49.5,52.5,49.5,2.0,1020.0,13
2023-05-10 14:16:03,rb2401C4250,rb2401C4250,52.5,0.0,0.0,0.0,1,46.5,47.0,1,60.5,49.5,52.5,49.5,2.0,1020.0,13
2023-05-10 14:16:03,rb2401C4250,rb2401C4250,52.5,0.0,0.0,0.0,1,46.5,47.0,1,60.5,49.5,52.5,49.5,2.0,1020.0,13
2023-05-10 14:16:04,rb2401C4250,rb2401C4250,52.5,0.0,0.0,0.0,1,46.5,47.0,1,60.5,49.5,52.5,49.5,2.0,1020.0,13
2023-05-10 14:16:05,rb2401C4250,rb2401C4250,52.5,0.0,0.0,0.0,1,46.5,47.5,3,60.5,49.5,52.5,49.5,2.0,1020.0,13
2023-05-10 14:16:05,rb2401C4250,rb2401C4250,52.5,0.0,0.0,0.0,1,46.5,47.5,3,60.5,49.5,52.5,49.5,2.0,1020.0,13
2023-05-10 14:16:07,rb2401C4250,rb2401C4250,52.5,0.0,0.0,0.0,3,46.0,47.5,3,60.5,49.5,52.5,49.5,2.0,1020.0,13
2023-05-10 14:16:08,rb2401C4250,rb2401C4250,52.5,0.0,0.0,0.0,3,46.0,47.5,3,60.5,49.5,52.5,49.5,2.0,1020.0,13
2023-05-10 14:16:09,rb2401C4250,rb2401C4250,52.5,0.0,0.0,0.0,2,46.0,47.5,2,60.5,49.5,52.5,49.5,2.0,1020.0,13
2023-05-10 14:16:10,rb2401C4250,rb2401C4250,52.5,0.0,0.0,0.0,1,46.0,47.5,1,60.5,49.5,52.5,49.5,2.0,1020.0,13
2023-05-10 14:16:14,rb2401C4250,rb2401C4250,52.5,0.0,0.0,0.0,1,45.0,48.5,1,60.5,49.5,52.5,49.5,2.0,1020.0,13
2023-05-10 14:16:15,rb2401C4250,rb2401C4250,52.5,0.0,0.0,0.0,1,45.0,48.5,1,60.5,49.5,52.5,49.5,2.0,1020.0,13
2023-05-10 14:16:16,rb2401C4250,rb2401C4250,52.5,0.0,0.0,0.0,7,4.5,0.0,0,60.5,49.5,52.5,49.5,2.0,1020.0,13
2023-05-10 14:16:17,rb2401C4250,rb2401C4250,52.5,0.0,0.0,0.0,4,5.0,0.0,0,60.5,49.5,52.5,49.5,2.0,1020.0,13
2023-05-10 14:16:17,rb2401C4250,rb2401C4250,52.5,0.0,0.0,0.0,6,5.0,0.0,0,60.5,49.5,52.5,49.5,2.0,1020.0,13
2023-05-10 14:47:21,rb2401C4250,rb2401C4250,52.5,0.0,0.0,0.0,6,5.0,0.0,0,60.5,49.5,52.5,49.5,2.0,1020.0,13
2023-05-10 14:48:31,rb2401C4250,rb2401C4250,52.5,0.0,0.0,0.0,6,5.0,0.0,0,60.5,49.5,52.5,49.5,2.0,1020.0,13
2023-05-10 14:48:59,rb2401C4250,rb2401C4250,52.5,0.0,0.0,0.0,6,5.0,0.0,0,60.5,49.5,52.5,49.5,2.0,1020.0,13
2023-05-10 14:50:41,rb2401C4250,rb2401C4250,52.5,0.0,0.0,0.0,6,5.0,0.0,0,60.5,49.5,52.5,49.5,2.0,1020.0,13
2023-05-10 14:59:03,rb2401C4250,rb2401C4250,52.5,0.0,0.0,0.0,2,5.0,0.0,0,60.5,49.5,52.5,49.5,2.0,1020.0,13
2023-05-10 15:14:42,rb2401C4250,rb2401C4250,52.5,0.0,0.0,0.0,2,5.0,0.0,0,60.5,49.5,52.5,49.5,2.0,1020.0,13
