time,symbol_id,symbol_name,last,trade_volume,trade_amount,open_interest_change,bv1,bp1,ap1,av1,yesterday_close,today_open,today_high,today_low,volume,amount,open_interest
2023-05-09 20:59:00,rb2401P3100,rb2401P3100,50.0,0.0,0.0,0.0,1,1.5,0.0,0,50.0,52.5,0.0,0.0,0.0,0.0,45
2023-05-09 21:00:08,rb2401P3100,rb2401P3100,50.0,0.0,0.0,0.0,4,2.0,0.0,0,50.0,52.5,0.0,0.0,0.0,0.0,45
2023-05-09 21:02:57,rb2401P3100,rb2401P3100,50.0,0.0,0.0,0.0,1,2.5,0.0,0,50.0,52.5,0.0,0.0,0.0,0.0,45
2023-05-09 21:02:58,rb2401P3100,rb2401P3100,50.0,0.0,0.0,0.0,1,2.5,0.0,0,50.0,52.5,0.0,0.0,0.0,0.0,45
2023-05-09 21:02:58,rb2401P3100,rb2401P3100,50.0,0.0,0.0,0.0,4,3.0,0.0,0,50.0,52.5,0.0,0.0,0.0,0.0,45
2023-05-09 21:05:37,rb2401P3100,rb2401P3100,50.0,0.0,0.0,0.0,4,3.0,0.0,0,50.0,52.5,0.0,0.0,0.0,0.0,45
2023-05-09 21:06:18,rb2401P3100,rb2401P3100,50.0,0.0,0.0,0.0,1,46.0,54.0,1,50.0,52.5,0.0,0.0,0.0,0.0,45
2023-05-09 21:06:19,rb2401P3100,rb2401P3100,50.0,0.0,0.0,0.0,1,46.0,54.0,1,50.0,52.5,0.0,0.0,0.0,0.0,45
2023-05-09 21:06:19,rb2401P3100,rb2401P3100,50.0,0.0,0.0,0.0,2,46.0,54.0,2,50.0,52.5,0.0,0.0,0.0,0.0,45
2023-05-09 21:06:28,rb2401P3100,rb2401P3100,50.0,0.0,0.0,0.0,3,46.0,54.0,3,50.0,52.5,0.0,0.0,0.0,0.0,45
2023-05-09 21:06:29,rb2401P3100,rb2401P3100,50.0,0.0,0.0,0.0,4,46.0,54.0,4,50.0,52.5,0.0,0.0,0.0,0.0,45
2023-05-09 21:06:29,rb2401P3100,rb2401P3100,50.0,0.0,0.0,0.0,1,49.5,52.5,1,50.0,52.5,0.0,0.0,0.0,0.0,45
2023-05-09 21:06:30,rb2401P3100,rb2401P3100,50.0,0.0,0.0,0.0,1,49.5,52.5,1,50.0,52.5,0.0,0.0,0.0,0.0,45
2023-05-09 21:06:30,rb2401P3100,rb2401P3100,50.0,0.0,0.0,0.0,1,49.5,52.5,1,50.0,52.5,0.0,0.0,0.0,0.0,45
2023-05-09 21:06:31,rb2401P3100,rb2401P3100,50.0,0.0,0.0,0.0,1,49.5,52.5,1,50.0,52.5,0.0,0.0,0.0,0.0,45
2023-05-09 21:06:32,rb2401P3100,rb2401P3100,50.0,0.0,0.0,0.0,1,49.5,52.5,1,50.0,52.5,0.0,0.0,0.0,0.0,45
2023-05-09 21:06:34,rb2401P3100,rb2401P3100,50.0,0.0,0.0,0.0,1,49.5,52.5,1,50.0,52.5,0.0,0.0,0.0,0.0,45
2023-05-09 21:06:36,rb2401P3100,rb2401P3100,50.0,0.0,0.0,0.0,1,49.5,52.5,1,50.0,52.5,0.0,0.0,0.0,0.0,45
2023-05-09 21:06:37,rb2401P3100,rb2401P3100,50.0,0.0,0.0,0.0,1,49.5,52.5,1,50.0,52.5,0.0,0.0,0.0,0.0,45
2023-05-09 21:06:38,rb2401P3100,rb2401P3100,52.5,1.0,525.0,1.0,1,49.5,53.0,6,50.0,52.5,52.5,52.5,1.0,525.0,46
2023-05-09 21:06:40,rb2401P3100,rb2401P3100,52.5,0.0,0.0,0.0,1,49.5,53.0,4,50.0,52.5,52.5,52.5,1.0,525.0,46
2023-05-09 21:06:40,rb2401P3100,rb2401P3100,52.5,0.0,0.0,0.0,4,49.0,52.0,2,50.0,52.5,52.5,52.5,1.0,525.0,46
2023-05-09 21:06:41,rb2401P3100,rb2401P3100,52.5,0.0,0.0,0.0,4,49.0,52.0,2,50.0,52.5,52.5,52.5,1.0,525.0,46
2023-05-09 21:06:42,rb2401P3100,rb2401P3100,52.5,0.0,0.0,0.0,3,49.0,52.0,2,50.0,52.5,52.5,52.5,1.0,525.0,46
2023-05-09 21:06:42,rb2401P3100,rb2401P3100,52.5,0.0,0.0,0.0,3,49.0,52.0,2,50.0,52.5,52.5,52.5,1.0,525.0,46
2023-05-09 21:06:43,rb2401P3100,rb2401P3100,52.5,0.0,0.0,0.0,2,49.0,52.0,2,50.0,52.5,52.5,52.5,1.0,525.0,46
2023-05-09 21:06:45,rb2401P3100,rb2401P3100,52.5,0.0,0.0,0.0,2,49.0,53.0,2,50.0,52.5,52.5,52.5,1.0,525.0,46
2023-05-09 21:06:46,rb2401P3100,rb2401P3100,52.5,0.0,0.0,0.0,1,49.0,53.0,1,50.0,52.5,52.5,52.5,1.0,525.0,46
2023-05-09 21:06:48,rb2401P3100,rb2401P3100,52.5,0.0,0.0,0.0,1,49.0,53.0,1,50.0,52.5,52.5,52.5,1.0,525.0,46
2023-05-09 21:06:49,rb2401P3100,rb2401P3100,52.5,0.0,0.0,0.0,2,2.5,0.0,0,50.0,52.5,52.5,52.5,1.0,525.0,46
2023-05-09 21:06:49,rb2401P3100,rb2401P3100,52.5,0.0,0.0,0.0,4,3.0,0.0,0,50.0,52.5,52.5,52.5,1.0,525.0,46
2023-05-09 21:06:50,rb2401P3100,rb2401P3100,52.5,0.0,0.0,0.0,1,3.5,0.0,0,50.0,52.5,52.5,52.5,1.0,525.0,46
2023-05-09 21:06:50,rb2401P3100,rb2401P3100,52.5,0.0,0.0,0.0,1,3.5,0.0,0,50.0,52.5,52.5,52.5,1.0,525.0,46
2023-05-09 21:06:51,rb2401P3100,rb2401P3100,52.5,0.0,0.0,0.0,4,4.0,0.0,0,50.0,52.5,52.5,52.5,1.0,525.0,46
2023-05-09 21:06:51,rb2401P3100,rb2401P3100,52.5,0.0,0.0,0.0,1,4.5,0.0,0,50.0,52.5,52.5,52.5,1.0,525.0,46
2023-05-09 21:06:52,rb2401P3100,rb2401P3100,52.5,0.0,0.0,0.0,1,4.5,0.0,0,50.0,52.5,52.5,52.5,1.0,525.0,46
2023-05-09 21:06:52,rb2401P3100,rb2401P3100,52.5,0.0,0.0,0.0,4,5.0,0.0,0,50.0,52.5,52.5,52.5,1.0,525.0,46
2023-05-09 21:06:53,rb2401P3100,rb2401P3100,52.5,0.0,0.0,0.0,1,5.5,0.0,0,50.0,52.5,52.5,52.5,1.0,525.0,46
2023-05-09 21:06:53,rb2401P3100,rb2401P3100,52.5,0.0,0.0,0.0,1,5.5,0.0,0,50.0,52.5,52.5,52.5,1.0,525.0,46
2023-05-09 21:06:54,rb2401P3100,rb2401P3100,52.5,0.0,0.0,0.0,4,6.0,0.0,0,50.0,52.5,52.5,52.5,1.0,525.0,46
2023-05-09 21:06:54,rb2401P3100,rb2401P3100,52.5,0.0,0.0,0.0,1,6.5,0.0,0,50.0,52.5,52.5,52.5,1.0,525.0,46
2023-05-09 21:06:55,rb2401P3100,rb2401P3100,52.5,0.0,0.0,0.0,1,6.5,0.0,0,50.0,52.5,52.5,52.5,1.0,525.0,46
2023-05-09 21:06:55,rb2401P3100,rb2401P3100,52.5,0.0,0.0,0.0,4,7.0,0.0,0,50.0,52.5,52.5,52.5,1.0,525.0,46
2023-05-09 21:06:56,rb2401P3100,rb2401P3100,52.5,0.0,0.0,0.0,1,7.5,0.0,0,50.0,52.5,52.5,52.5,1.0,525.0,46
2023-05-09 21:06:56,rb2401P3100,rb2401P3100,52.5,0.0,0.0,0.0,1,7.5,0.0,0,50.0,52.5,52.5,52.5,1.0,525.0,46
2023-05-09 21:06:57,rb2401P3100,rb2401P3100,52.5,0.0,0.0,0.0,4,8.0,0.0,0,50.0,52.5,52.5,52.5,1.0,525.0,46
2023-05-09 21:06:57,rb2401P3100,rb2401P3100,52.5,0.0,0.0,0.0,1,8.5,0.0,0,50.0,52.5,52.5,52.5,1.0,525.0,46
2023-05-09 21:06:58,rb2401P3100,rb2401P3100,52.5,0.0,0.0,0.0,1,8.5,0.0,0,50.0,52.5,52.5,52.5,1.0,525.0,46
2023-05-09 21:06:58,rb2401P3100,rb2401P3100,52.5,0.0,0.0,0.0,4,9.0,0.0,0,50.0,52.5,52.5,52.5,1.0,525.0,46
2023-05-09 21:06:59,rb2401P3100,rb2401P3100,52.5,0.0,0.0,0.0,1,9.5,0.0,0,50.0,52.5,52.5,52.5,1.0,525.0,46
2023-05-09 21:06:59,rb2401P3100,rb2401P3100,52.5,0.0,0.0,0.0,1,9.5,0.0,0,50.0,52.5,52.5,52.5,1.0,525.0,46
2023-05-09 21:07:00,rb2401P3100,rb2401P3100,52.5,0.0,0.0,0.0,4,10.0,0.0,0,50.0,52.5,52.5,52.5,1.0,525.0,46
2023-05-09 21:07:00,rb2401P3100,rb2401P3100,52.5,0.0,0.0,0.0,1,10.5,0.0,0,50.0,52.5,52.5,52.5,1.0,525.0,46
2023-05-09 21:07:01,rb2401P3100,rb2401P3100,52.5,0.0,0.0,0.0,1,10.5,0.0,0,50.0,52.5,52.5,52.5,1.0,525.0,46
2023-05-09 21:07:01,rb2401P3100,rb2401P3100,52.5,0.0,0.0,0.0,4,11.0,0.0,0,50.0,52.5,52.5,52.5,1.0,525.0,46
2023-05-09 21:07:02,rb2401P3100,rb2401P3100,52.5,0.0,0.0,0.0,1,11.5,0.0,0,50.0,52.5,52.5,52.5,1.0,525.0,46
2023-05-09 21:07:02,rb2401P3100,rb2401P3100,52.5,0.0,0.0,0.0,1,11.5,0.0,0,50.0,52.5,52.5,52.5,1.0,525.0,46
2023-05-09 21:07:03,rb2401P3100,rb2401P3100,52.5,0.0,0.0,0.0,4,12.0,0.0,0,50.0,52.5,52.5,52.5,1.0,525.0,46
2023-05-09 21:07:03,rb2401P3100,rb2401P3100,52.5,0.0,0.0,0.0,1,12.5,0.0,0,50.0,52.5,52.5,52.5,1.0,525.0,46
2023-05-09 21:07:04,rb2401P3100,rb2401P3100,52.5,0.0,0.0,0.0,1,12.5,0.0,0,50.0,52.5,52.5,52.5,1.0,525.0,46
2023-05-09 21:07:04,rb2401P3100,rb2401P3100,52.5,0.0,0.0,0.0,4,13.0,0.0,0,50.0,52.5,52.5,52.5,1.0,525.0,46
2023-05-09 21:07:05,rb2401P3100,rb2401P3100,52.5,0.0,0.0,0.0,1,13.5,0.0,0,50.0,52.5,52.5,52.5,1.0,525.0,46
2023-05-09 21:07:05,rb2401P3100,rb2401P3100,52.5,0.0,0.0,0.0,1,13.5,0.0,0,50.0,52.5,52.5,52.5,1.0,525.0,46
2023-05-09 21:07:06,rb2401P3100,rb2401P3100,52.5,0.0,0.0,0.0,4,14.0,0.0,0,50.0,52.5,52.5,52.5,1.0,525.0,46
2023-05-09 21:07:06,rb2401P3100,rb2401P3100,52.5,0.0,0.0,0.0,1,14.5,0.0,0,50.0,52.5,52.5,52.5,1.0,525.0,46
2023-05-09 21:07:07,rb2401P3100,rb2401P3100,52.5,0.0,0.0,0.0,1,14.5,0.0,0,50.0,52.5,52.5,52.5,1.0,525.0,46
2023-05-09 21:07:07,rb2401P3100,rb2401P3100,52.5,0.0,0.0,0.0,4,15.0,0.0,0,50.0,52.5,52.5,52.5,1.0,525.0,46
2023-05-09 21:07:08,rb2401P3100,rb2401P3100,52.5,0.0,0.0,0.0,1,15.5,0.0,0,50.0,52.5,52.5,52.5,1.0,525.0,46
2023-05-09 21:07:08,rb2401P3100,rb2401P3100,52.5,0.0,0.0,0.0,1,15.5,0.0,0,50.0,52.5,52.5,52.5,1.0,525.0,46
2023-05-09 21:07:09,rb2401P3100,rb2401P3100,52.5,0.0,0.0,0.0,4,16.0,0.0,0,50.0,52.5,52.5,52.5,1.0,525.0,46
2023-05-09 21:07:17,rb2401P3100,rb2401P3100,52.5,0.0,0.0,0.0,1,16.5,0.0,0,50.0,52.5,52.5,52.5,1.0,525.0,46
2023-05-09 21:07:18,rb2401P3100,rb2401P3100,52.5,0.0,0.0,0.0,1,16.5,0.0,0,50.0,52.5,52.5,52.5,1.0,525.0,46
2023-05-09 21:07:18,rb2401P3100,rb2401P3100,52.5,0.0,0.0,0.0,4,17.0,0.0,0,50.0,52.5,52.5,52.5,1.0,525.0,46
2023-05-09 21:07:27,rb2401P3100,rb2401P3100,52.5,0.0,0.0,0.0,1,17.5,0.0,0,50.0,52.5,52.5,52.5,1.0,525.0,46
2023-05-09 21:07:28,rb2401P3100,rb2401P3100,52.5,0.0,0.0,0.0,1,17.5,0.0,0,50.0,52.5,52.5,52.5,1.0,525.0,46
2023-05-09 21:07:28,rb2401P3100,rb2401P3100,52.5,0.0,0.0,0.0,4,18.0,0.0,0,50.0,52.5,52.5,52.5,1.0,525.0,46
2023-05-09 21:07:37,rb2401P3100,rb2401P3100,52.5,0.0,0.0,0.0,1,18.5,0.0,0,50.0,52.5,52.5,52.5,1.0,525.0,46
2023-05-09 21:07:38,rb2401P3100,rb2401P3100,52.5,0.0,0.0,0.0,1,18.5,0.0,0,50.0,52.5,52.5,52.5,1.0,525.0,46
2023-05-09 21:07:38,rb2401P3100,rb2401P3100,52.5,0.0,0.0,0.0,4,19.0,0.0,0,50.0,52.5,52.5,52.5,1.0,525.0,46
2023-05-09 21:08:16,rb2401P3100,rb2401P3100,52.5,0.0,0.0,0.0,1,46.5,54.5,1,50.0,52.5,52.5,52.5,1.0,525.0,46
2023-05-09 21:08:16,rb2401P3100,rb2401P3100,52.5,0.0,0.0,0.0,1,46.5,54.5,1,50.0,52.5,52.5,52.5,1.0,525.0,46
2023-05-09 21:08:17,rb2401P3100,rb2401P3100,52.5,0.0,0.0,0.0,2,46.5,54.5,2,50.0,52.5,52.5,52.5,1.0,525.0,46
2023-05-09 21:08:19,rb2401P3100,rb2401P3100,52.5,0.0,0.0,0.0,2,46.5,52.5,2,50.0,52.5,52.5,52.5,1.0,525.0,46
2023-05-09 21:08:22,rb2401P3100,rb2401P3100,52.5,1.0,525.0,0.0,2,46.5,52.5,1,50.0,52.5,52.5,52.5,2.0,1050.0,46
2023-05-09 21:08:26,rb2401P3100,rb2401P3100,52.5,0.0,0.0,0.0,1,49.5,52.5,2,50.0,52.5,52.5,52.5,2.0,1050.0,46
2023-05-09 21:08:27,rb2401P3100,rb2401P3100,52.5,0.0,0.0,0.0,1,49.5,52.5,2,50.0,52.5,52.5,52.5,2.0,1050.0,46
2023-05-09 21:08:27,rb2401P3100,rb2401P3100,52.5,0.0,0.0,0.0,1,49.5,52.5,2,50.0,52.5,52.5,52.5,2.0,1050.0,46
2023-05-09 21:08:28,rb2401P3100,rb2401P3100,52.5,0.0,0.0,0.0,1,49.5,52.5,2,50.0,52.5,52.5,52.5,2.0,1050.0,46
2023-05-09 21:08:29,rb2401P3100,rb2401P3100,52.5,0.0,0.0,0.0,1,49.5,52.5,2,50.0,52.5,52.5,52.5,2.0,1050.0,46
2023-05-09 21:08:29,rb2401P3100,rb2401P3100,52.5,0.0,0.0,0.0,1,49.5,52.5,1,50.0,52.5,52.5,52.5,2.0,1050.0,46
2023-05-09 21:08:32,rb2401P3100,rb2401P3100,52.5,0.0,0.0,0.0,1,49.5,52.5,1,50.0,52.5,52.5,52.5,2.0,1050.0,46
2023-05-09 21:08:33,rb2401P3100,rb2401P3100,52.5,0.0,0.0,0.0,1,49.5,52.5,1,50.0,52.5,52.5,52.5,2.0,1050.0,46
2023-05-09 21:08:34,rb2401P3100,rb2401P3100,52.5,0.0,0.0,0.0,1,49.5,52.5,1,50.0,52.5,52.5,52.5,2.0,1050.0,46
2023-05-09 21:08:37,rb2401P3100,rb2401P3100,52.5,0.0,0.0,0.0,4,49.0,53.0,5,50.0,52.5,52.5,52.5,2.0,1050.0,46
2023-05-09 21:08:38,rb2401P3100,rb2401P3100,52.5,0.0,0.0,0.0,4,49.0,53.0,5,50.0,52.5,52.5,52.5,2.0,1050.0,46
2023-05-09 21:08:39,rb2401P3100,rb2401P3100,52.5,0.0,0.0,0.0,3,49.0,53.0,3,50.0,52.5,52.5,52.5,2.0,1050.0,46
2023-05-09 21:08:39,rb2401P3100,rb2401P3100,52.5,0.0,0.0,0.0,3,49.0,53.0,3,50.0,52.5,52.5,52.5,2.0,1050.0,46
2023-05-09 21:08:40,rb2401P3100,rb2401P3100,52.5,0.0,0.0,0.0,2,49.0,53.0,2,50.0,52.5,52.5,52.5,2.0,1050.0,46
2023-05-09 21:08:43,rb2401P3100,rb2401P3100,52.5,0.0,0.0,0.0,1,49.0,53.0,1,50.0,52.5,52.5,52.5,2.0,1050.0,46
2023-05-09 21:08:46,rb2401P3100,rb2401P3100,52.5,0.0,0.0,0.0,1,18.5,0.0,0,50.0,52.5,52.5,52.5,2.0,1050.0,46
2023-05-09 21:08:46,rb2401P3100,rb2401P3100,52.5,0.0,0.0,0.0,4,19.0,0.0,0,50.0,52.5,52.5,52.5,2.0,1050.0,46
2023-05-09 21:08:47,rb2401P3100,rb2401P3100,52.5,0.0,0.0,0.0,1,50.0,0.0,0,50.0,52.5,52.5,52.5,2.0,1050.0,46
2023-05-09 21:08:47,rb2401P3100,rb2401P3100,52.5,0.0,0.0,0.0,1,50.0,0.0,0,50.0,52.5,52.5,52.5,2.0,1050.0,46
2023-05-09 21:10:35,rb2401P3100,rb2401P3100,52.5,0.0,0.0,0.0,1,50.0,53.5,1,50.0,52.5,52.5,52.5,2.0,1050.0,46
2023-05-09 21:10:36,rb2401P3100,rb2401P3100,52.5,0.0,0.0,0.0,1,50.0,53.5,1,50.0,52.5,52.5,52.5,2.0,1050.0,46
2023-05-09 21:10:36,rb2401P3100,rb2401P3100,52.5,0.0,0.0,0.0,2,50.0,53.5,2,50.0,52.5,52.5,52.5,2.0,1050.0,46
2023-05-09 21:10:37,rb2401P3100,rb2401P3100,52.5,0.0,0.0,0.0,2,50.0,52.5,1,50.0,52.5,52.5,52.5,2.0,1050.0,46
2023-05-09 21:10:40,rb2401P3100,rb2401P3100,52.5,0.0,0.0,0.0,2,50.0,52.5,1,50.0,52.5,52.5,52.5,2.0,1050.0,46
2023-05-09 21:10:45,rb2401P3100,rb2401P3100,52.5,0.0,0.0,0.0,2,50.0,52.5,1,50.0,52.5,52.5,52.5,2.0,1050.0,46
2023-05-09 21:10:46,rb2401P3100,rb2401P3100,52.5,0.0,0.0,0.0,2,50.0,52.0,1,50.0,52.5,52.5,52.5,2.0,1050.0,46
2023-05-09 21:10:47,rb2401P3100,rb2401P3100,52.5,0.0,0.0,0.0,2,50.0,52.0,1,50.0,52.5,52.5,52.5,2.0,1050.0,46
2023-05-09 21:10:47,rb2401P3100,rb2401P3100,52.5,0.0,0.0,0.0,2,50.0,52.0,1,50.0,52.5,52.5,52.5,2.0,1050.0,46
2023-05-09 21:10:48,rb2401P3100,rb2401P3100,52.5,0.0,0.0,0.0,2,50.0,52.0,1,50.0,52.5,52.5,52.5,2.0,1050.0,46
2023-05-09 21:10:51,rb2401P3100,rb2401P3100,52.5,0.0,0.0,0.0,1,50.0,52.0,1,50.0,52.5,52.5,52.5,2.0,1050.0,46
2023-05-09 21:10:52,rb2401P3100,rb2401P3100,52.5,0.0,0.0,0.0,1,50.0,52.0,1,50.0,52.5,52.5,52.5,2.0,1050.0,46
2023-05-09 21:10:53,rb2401P3100,rb2401P3100,52.5,0.0,0.0,0.0,1,50.0,52.0,1,50.0,52.5,52.5,52.5,2.0,1050.0,46
2023-05-09 21:10:53,rb2401P3100,rb2401P3100,52.5,1.0,525.0,1.0,1,50.0,52.5,4,50.0,52.5,52.5,52.5,3.0,1575.0,47
2023-05-09 21:10:57,rb2401P3100,rb2401P3100,52.5,0.0,0.0,0.0,1,50.0,52.5,4,50.0,52.5,52.5,52.5,3.0,1575.0,47
2023-05-09 21:10:57,rb2401P3100,rb2401P3100,52.5,0.0,0.0,0.0,1,50.0,52.5,4,50.0,52.5,52.5,52.5,3.0,1575.0,47
2023-05-09 21:10:58,rb2401P3100,rb2401P3100,52.5,0.0,0.0,0.0,1,50.0,52.5,3,50.0,52.5,52.5,52.5,3.0,1575.0,47
2023-05-09 21:10:59,rb2401P3100,rb2401P3100,52.5,0.0,0.0,0.0,1,50.0,52.5,2,50.0,52.5,52.5,52.5,3.0,1575.0,47
2023-05-09 21:11:03,rb2401P3100,rb2401P3100,52.5,0.0,0.0,0.0,1,50.0,52.5,1,50.0,52.5,52.5,52.5,3.0,1575.0,47
2023-05-09 21:11:04,rb2401P3100,rb2401P3100,52.5,0.0,0.0,0.0,1,50.0,52.5,1,50.0,52.5,52.5,52.5,3.0,1575.0,47
2023-05-09 21:11:05,rb2401P3100,rb2401P3100,52.5,0.0,0.0,0.0,1,50.0,52.5,1,50.0,52.5,52.5,52.5,3.0,1575.0,47
2023-05-09 21:11:20,rb2401P3100,rb2401P3100,52.5,0.0,0.0,0.0,1,50.0,0.0,0,50.0,52.5,52.5,52.5,3.0,1575.0,47
2023-05-09 21:11:53,rb2401P3100,rb2401P3100,52.5,0.0,0.0,0.0,1,50.0,53.5,1,50.0,52.5,52.5,52.5,3.0,1575.0,47
2023-05-09 21:11:54,rb2401P3100,rb2401P3100,52.5,0.0,0.0,0.0,1,50.0,53.5,1,50.0,52.5,52.5,52.5,3.0,1575.0,47
2023-05-09 21:11:54,rb2401P3100,rb2401P3100,52.5,0.0,0.0,0.0,2,50.0,53.5,2,50.0,52.5,52.5,52.5,3.0,1575.0,47
2023-05-09 21:11:55,rb2401P3100,rb2401P3100,52.5,0.0,0.0,0.0,2,50.0,52.5,1,50.0,52.5,52.5,52.5,3.0,1575.0,47
2023-05-09 21:11:59,rb2401P3100,rb2401P3100,52.5,0.0,0.0,0.0,2,50.0,52.5,1,50.0,52.5,52.5,52.5,3.0,1575.0,47
2023-05-09 21:12:00,rb2401P3100,rb2401P3100,52.5,1.0,525.0,0.0,2,50.0,53.5,2,50.0,52.5,52.5,52.5,4.0,2100.0,47
2023-05-09 21:12:03,rb2401P3100,rb2401P3100,52.5,0.0,0.0,0.0,2,50.0,53.5,2,50.0,52.5,52.5,52.5,4.0,2100.0,47
2023-05-09 21:12:03,rb2401P3100,rb2401P3100,52.5,0.0,0.0,0.0,2,50.0,51.5,1,50.0,52.5,52.5,52.5,4.0,2100.0,47
2023-05-09 21:12:04,rb2401P3100,rb2401P3100,52.5,0.0,0.0,0.0,2,50.0,51.5,1,50.0,52.5,52.5,52.5,4.0,2100.0,47
2023-05-09 21:12:05,rb2401P3100,rb2401P3100,52.5,0.0,0.0,0.0,2,50.0,51.5,1,50.0,52.5,52.5,52.5,4.0,2100.0,47
2023-05-09 21:12:05,rb2401P3100,rb2401P3100,52.5,0.0,0.0,0.0,2,50.0,51.5,1,50.0,52.5,52.5,52.5,4.0,2100.0,47
2023-05-09 21:12:06,rb2401P3100,rb2401P3100,52.5,0.0,0.0,0.0,2,50.0,51.5,1,50.0,52.5,52.5,52.5,4.0,2100.0,47
2023-05-09 21:12:09,rb2401P3100,rb2401P3100,52.5,0.0,0.0,0.0,1,50.0,51.5,1,50.0,52.5,52.5,52.5,4.0,2100.0,47
2023-05-09 21:12:10,rb2401P3100,rb2401P3100,52.5,0.0,0.0,0.0,1,50.0,51.5,1,50.0,52.5,52.5,52.5,4.0,2100.0,47
2023-05-09 21:12:11,rb2401P3100,rb2401P3100,52.5,0.0,0.0,0.0,1,50.0,51.5,1,50.0,52.5,52.5,52.5,4.0,2100.0,47
2023-05-09 21:12:11,rb2401P3100,rb2401P3100,52.5,0.0,0.0,0.0,1,50.0,51.5,1,50.0,52.5,52.5,52.5,4.0,2100.0,47
2023-05-09 21:12:14,rb2401P3100,rb2401P3100,52.5,0.0,0.0,0.0,1,51.5,52.0,3,50.0,52.5,52.5,52.5,4.0,2100.0,47
2023-05-09 21:12:15,rb2401P3100,rb2401P3100,51.5,1.0,515.0,1.0,1,50.0,52.0,3,50.0,52.5,52.5,51.5,5.0,2615.0,48
2023-05-09 21:12:16,rb2401P3100,rb2401P3100,51.5,0.0,0.0,0.0,1,50.0,52.0,2,50.0,52.5,52.5,51.5,5.0,2615.0,48
2023-05-09 21:12:17,rb2401P3100,rb2401P3100,51.5,0.0,0.0,0.0,1,50.0,52.0,1,50.0,52.5,52.5,51.5,5.0,2615.0,48
2023-05-09 21:12:21,rb2401P3100,rb2401P3100,51.5,0.0,0.0,0.0,1,50.0,52.5,1,50.0,52.5,52.5,51.5,5.0,2615.0,48
2023-05-09 21:12:23,rb2401P3100,rb2401P3100,51.5,0.0,0.0,0.0,1,50.0,0.0,0,50.0,52.5,52.5,51.5,5.0,2615.0,48
2023-05-09 21:13:24,rb2401P3100,rb2401P3100,51.5,0.0,0.0,0.0,1,50.0,53.0,1,50.0,52.5,52.5,51.5,5.0,2615.0,48
2023-05-09 21:13:24,rb2401P3100,rb2401P3100,51.5,0.0,0.0,0.0,1,50.0,53.0,1,50.0,52.5,52.5,51.5,5.0,2615.0,48
2023-05-09 21:13:25,rb2401P3100,rb2401P3100,51.5,0.0,0.0,0.0,2,50.0,53.0,2,50.0,52.5,52.5,51.5,5.0,2615.0,48
2023-05-09 21:13:29,rb2401P3100,rb2401P3100,51.5,0.0,0.0,0.0,2,50.0,53.0,2,50.0,52.5,52.5,51.5,5.0,2615.0,48
2023-05-09 21:13:34,rb2401P3100,rb2401P3100,51.5,0.0,0.0,0.0,2,50.0,51.5,1,50.0,52.5,52.5,51.5,5.0,2615.0,48
2023-05-09 21:13:35,rb2401P3100,rb2401P3100,51.5,0.0,0.0,0.0,2,50.0,51.5,1,50.0,52.5,52.5,51.5,5.0,2615.0,48
2023-05-09 21:13:36,rb2401P3100,rb2401P3100,51.5,0.0,0.0,0.0,2,50.0,51.5,1,50.0,52.5,52.5,51.5,5.0,2615.0,48
2023-05-09 21:13:37,rb2401P3100,rb2401P3100,51.5,0.0,0.0,0.0,2,50.0,51.5,1,50.0,52.5,52.5,51.5,5.0,2615.0,48
2023-05-09 21:13:40,rb2401P3100,rb2401P3100,51.5,0.0,0.0,0.0,1,50.0,51.5,1,50.0,52.5,52.5,51.5,5.0,2615.0,48
2023-05-09 21:13:41,rb2401P3100,rb2401P3100,51.5,0.0,0.0,0.0,1,50.0,51.5,1,50.0,52.5,52.5,51.5,5.0,2615.0,48
2023-05-09 21:13:41,rb2401P3100,rb2401P3100,51.5,0.0,0.0,0.0,1,50.0,51.5,1,50.0,52.5,52.5,51.5,5.0,2615.0,48
2023-05-09 21:13:42,rb2401P3100,rb2401P3100,51.5,0.0,0.0,0.0,1,50.0,51.5,1,50.0,52.5,52.5,51.5,5.0,2615.0,48
2023-05-09 21:13:45,rb2401P3100,rb2401P3100,51.5,0.0,0.0,0.0,1,50.0,52.0,3,50.0,52.5,52.5,51.5,5.0,2615.0,48
2023-05-09 21:13:46,rb2401P3100,rb2401P3100,51.5,0.0,0.0,0.0,1,50.0,52.0,3,50.0,52.5,52.5,51.5,5.0,2615.0,48
2023-05-09 21:13:47,rb2401P3100,rb2401P3100,51.5,0.0,0.0,0.0,1,50.0,52.0,2,50.0,52.5,52.5,51.5,5.0,2615.0,48
2023-05-09 21:13:48,rb2401P3100,rb2401P3100,51.5,0.0,0.0,0.0,1,50.0,52.0,1,50.0,52.5,52.5,51.5,5.0,2615.0,48
2023-05-09 21:13:51,rb2401P3100,rb2401P3100,51.5,0.0,0.0,0.0,1,50.0,52.5,2,50.0,52.5,52.5,51.5,5.0,2615.0,48
2023-05-09 21:13:54,rb2401P3100,rb2401P3100,51.5,0.0,0.0,0.0,1,50.0,52.5,1,50.0,52.5,52.5,51.5,5.0,2615.0,48
2023-05-09 21:13:55,rb2401P3100,rb2401P3100,51.5,0.0,0.0,0.0,1,50.0,0.0,0,50.0,52.5,52.5,51.5,5.0,2615.0,48
2023-05-09 21:15:10,rb2401P3100,rb2401P3100,51.5,0.0,0.0,0.0,1,50.0,53.0,1,50.0,52.5,52.5,51.5,5.0,2615.0,48
2023-05-09 21:15:10,rb2401P3100,rb2401P3100,51.5,0.0,0.0,0.0,1,50.0,53.0,1,50.0,52.5,52.5,51.5,5.0,2615.0,48
2023-05-09 21:15:11,rb2401P3100,rb2401P3100,51.5,0.0,0.0,0.0,2,50.0,53.0,2,50.0,52.5,52.5,51.5,5.0,2615.0,48
2023-05-09 21:15:11,rb2401P3100,rb2401P3100,51.5,0.0,0.0,0.0,2,50.0,52.5,1,50.0,52.5,52.5,51.5,5.0,2615.0,48
2023-05-09 21:15:15,rb2401P3100,rb2401P3100,51.5,0.0,0.0,0.0,2,50.0,52.5,1,50.0,52.5,52.5,51.5,5.0,2615.0,48
2023-05-09 21:15:20,rb2401P3100,rb2401P3100,51.5,0.0,0.0,0.0,2,50.0,52.5,1,50.0,52.5,52.5,51.5,5.0,2615.0,48
2023-05-09 21:15:20,rb2401P3100,rb2401P3100,51.5,0.0,0.0,0.0,2,50.0,51.5,1,50.0,52.5,52.5,51.5,5.0,2615.0,48
2023-05-09 21:15:21,rb2401P3100,rb2401P3100,51.5,0.0,0.0,0.0,2,50.0,51.5,1,50.0,52.5,52.5,51.5,5.0,2615.0,48
2023-05-09 21:15:22,rb2401P3100,rb2401P3100,51.5,0.0,0.0,0.0,2,50.0,51.5,1,50.0,52.5,52.5,51.5,5.0,2615.0,48
2023-05-09 21:15:23,rb2401P3100,rb2401P3100,51.5,0.0,0.0,0.0,2,50.0,51.5,1,50.0,52.5,52.5,51.5,5.0,2615.0,48
2023-05-09 21:15:23,rb2401P3100,rb2401P3100,51.5,1.0,515.0,1.0,2,50.0,52.0,2,50.0,52.5,52.5,51.5,6.0,3130.0,49
2023-05-09 21:15:26,rb2401P3100,rb2401P3100,51.5,0.0,0.0,0.0,1,50.0,52.0,2,50.0,52.5,52.5,51.5,6.0,3130.0,49
2023-05-09 21:15:27,rb2401P3100,rb2401P3100,51.5,0.0,0.0,0.0,1,50.0,52.0,2,50.0,52.5,52.5,51.5,6.0,3130.0,49
2023-05-09 21:15:27,rb2401P3100,rb2401P3100,51.5,0.0,0.0,0.0,1,50.0,52.0,2,50.0,52.5,52.5,51.5,6.0,3130.0,49
2023-05-09 21:15:28,rb2401P3100,rb2401P3100,51.5,0.0,0.0,0.0,1,50.0,52.0,2,50.0,52.5,52.5,51.5,6.0,3130.0,49
2023-05-09 21:15:31,rb2401P3100,rb2401P3100,51.5,0.0,0.0,0.0,1,50.0,52.0,2,50.0,52.5,52.5,51.5,6.0,3130.0,49
2023-05-09 21:15:32,rb2401P3100,rb2401P3100,51.5,0.0,0.0,0.0,1,50.0,52.0,2,50.0,52.5,52.5,51.5,6.0,3130.0,49
2023-05-09 21:15:33,rb2401P3100,rb2401P3100,51.5,0.0,0.0,0.0,1,50.0,52.0,1,50.0,52.5,52.5,51.5,6.0,3130.0,49
2023-05-09 21:15:34,rb2401P3100,rb2401P3100,51.5,0.0,0.0,0.0,1,50.0,52.5,2,50.0,52.5,52.5,51.5,6.0,3130.0,49
2023-05-09 21:15:34,rb2401P3100,rb2401P3100,51.5,0.0,0.0,0.0,1,50.0,52.5,2,50.0,52.5,52.5,51.5,6.0,3130.0,49
2023-05-09 21:15:37,rb2401P3100,rb2401P3100,51.5,0.0,0.0,0.0,1,50.0,52.5,1,50.0,52.5,52.5,51.5,6.0,3130.0,49
2023-05-09 21:15:40,rb2401P3100,rb2401P3100,51.5,0.0,0.0,0.0,1,50.0,52.5,1,50.0,52.5,52.5,51.5,6.0,3130.0,49
2023-05-09 21:15:45,rb2401P3100,rb2401P3100,51.5,0.0,0.0,0.0,1,50.0,0.0,0,50.0,52.5,52.5,51.5,6.0,3130.0,49
2023-05-09 21:16:03,rb2401P3100,rb2401P3100,51.5,0.0,0.0,0.0,1,49.0,0.0,0,50.0,52.5,52.5,51.5,6.0,3130.0,49
2023-05-09 21:16:16,rb2401P3100,rb2401P3100,51.5,0.0,0.0,0.0,1,49.0,53.0,1,50.0,52.5,52.5,51.5,6.0,3130.0,49
2023-05-09 21:16:17,rb2401P3100,rb2401P3100,51.5,0.0,0.0,0.0,1,49.0,53.0,1,50.0,52.5,52.5,51.5,6.0,3130.0,49
2023-05-09 21:16:17,rb2401P3100,rb2401P3100,51.5,0.0,0.0,0.0,2,49.0,53.0,2,50.0,52.5,52.5,51.5,6.0,3130.0,49
2023-05-09 21:16:18,rb2401P3100,rb2401P3100,51.5,0.0,0.0,0.0,2,49.0,52.0,1,50.0,52.5,52.5,51.5,6.0,3130.0,49
2023-05-09 21:16:22,rb2401P3100,rb2401P3100,52.0,1.0,520.0,0.0,2,49.0,53.0,2,50.0,52.5,52.5,51.5,7.0,3650.0,49
2023-05-09 21:16:22,rb2401P3100,rb2401P3100,52.0,0.0,0.0,0.0,2,49.0,53.0,2,50.0,52.5,52.5,51.5,7.0,3650.0,49
2023-05-09 21:16:26,rb2401P3100,rb2401P3100,52.0,0.0,0.0,0.0,2,49.0,53.0,2,50.0,52.5,52.5,51.5,7.0,3650.0,49
2023-05-09 21:16:27,rb2401P3100,rb2401P3100,52.0,0.0,0.0,0.0,2,49.0,51.0,1,50.0,52.5,52.5,51.5,7.0,3650.0,49
2023-05-09 21:16:28,rb2401P3100,rb2401P3100,52.0,0.0,0.0,0.0,2,49.0,51.0,1,50.0,52.5,52.5,51.5,7.0,3650.0,49
2023-05-09 21:16:28,rb2401P3100,rb2401P3100,52.0,0.0,0.0,0.0,2,49.0,51.0,1,50.0,52.5,52.5,51.5,7.0,3650.0,49
2023-05-09 21:16:29,rb2401P3100,rb2401P3100,52.0,0.0,0.0,0.0,2,49.0,51.0,1,50.0,52.5,52.5,51.5,7.0,3650.0,49
2023-05-09 21:16:33,rb2401P3100,rb2401P3100,52.0,0.0,0.0,0.0,1,49.0,51.0,1,50.0,52.5,52.5,51.5,7.0,3650.0,49
2023-05-09 21:16:33,rb2401P3100,rb2401P3100,52.0,0.0,0.0,0.0,1,49.0,51.0,1,50.0,52.5,52.5,51.5,7.0,3650.0,49
2023-05-09 21:16:34,rb2401P3100,rb2401P3100,52.0,0.0,0.0,0.0,1,49.0,51.0,1,50.0,52.5,52.5,51.5,7.0,3650.0,49
2023-05-09 21:16:38,rb2401P3100,rb2401P3100,52.0,0.0,0.0,0.0,1,49.0,51.5,3,50.0,52.5,52.5,51.5,7.0,3650.0,49
2023-05-09 21:16:39,rb2401P3100,rb2401P3100,52.0,0.0,0.0,0.0,1,49.0,51.5,2,50.0,52.5,52.5,51.5,7.0,3650.0,49
2023-05-09 21:16:40,rb2401P3100,rb2401P3100,52.0,0.0,0.0,0.0,1,49.0,51.5,1,50.0,52.5,52.5,51.5,7.0,3650.0,49
2023-05-09 21:16:44,rb2401P3100,rb2401P3100,52.0,0.0,0.0,0.0,1,49.0,52.0,1,50.0,52.5,52.5,51.5,7.0,3650.0,49
2023-05-09 21:16:46,rb2401P3100,rb2401P3100,52.0,0.0,0.0,0.0,1,49.0,0.0,0,50.0,52.5,52.5,51.5,7.0,3650.0,49
2023-05-09 21:18:17,rb2401P3100,rb2401P3100,52.0,0.0,0.0,0.0,1,49.0,53.5,1,50.0,52.5,52.5,51.5,7.0,3650.0,49
2023-05-09 21:18:17,rb2401P3100,rb2401P3100,52.0,0.0,0.0,0.0,1,49.0,53.5,1,50.0,52.5,52.5,51.5,7.0,3650.0,49
2023-05-09 21:18:18,rb2401P3100,rb2401P3100,52.0,0.0,0.0,0.0,2,49.0,53.5,2,50.0,52.5,52.5,51.5,7.0,3650.0,49
2023-05-09 21:18:23,rb2401P3100,rb2401P3100,52.0,0.0,0.0,0.0,2,49.0,53.5,2,50.0,52.5,52.5,51.5,7.0,3650.0,49
2023-05-09 21:18:27,rb2401P3100,rb2401P3100,52.0,0.0,0.0,0.0,2,49.0,53.5,2,50.0,52.5,52.5,51.5,7.0,3650.0,49
2023-05-09 21:18:27,rb2401P3100,rb2401P3100,52.0,0.0,0.0,0.0,2,49.0,51.5,1,50.0,52.5,52.5,51.5,7.0,3650.0,49
2023-05-09 21:18:28,rb2401P3100,rb2401P3100,52.0,0.0,0.0,0.0,2,49.0,51.5,1,50.0,52.5,52.5,51.5,7.0,3650.0,49
2023-05-09 21:18:29,rb2401P3100,rb2401P3100,52.0,0.0,0.0,0.0,2,49.0,51.5,1,50.0,52.5,52.5,51.5,7.0,3650.0,49
2023-05-09 21:18:30,rb2401P3100,rb2401P3100,52.0,0.0,0.0,0.0,2,49.0,51.5,1,50.0,52.5,52.5,51.5,7.0,3650.0,49
2023-05-09 21:18:33,rb2401P3100,rb2401P3100,52.0,0.0,0.0,0.0,1,49.0,51.5,1,50.0,52.5,52.5,51.5,7.0,3650.0,49
2023-05-09 21:18:34,rb2401P3100,rb2401P3100,52.0,0.0,0.0,0.0,1,49.0,51.5,1,50.0,52.5,52.5,51.5,7.0,3650.0,49
2023-05-09 21:18:34,rb2401P3100,rb2401P3100,52.0,1.0,520.0,1.0,1,49.0,52.0,3,50.0,52.5,52.5,51.5,8.0,4170.0,50
2023-05-09 21:18:35,rb2401P3100,rb2401P3100,52.0,0.0,0.0,0.0,1,49.0,52.0,3,50.0,52.5,52.5,51.5,8.0,4170.0,50
2023-05-09 21:18:36,rb2401P3100,rb2401P3100,52.0,0.0,0.0,0.0,1,49.0,52.0,3,50.0,52.5,52.5,51.5,8.0,4170.0,50
2023-05-09 21:18:38,rb2401P3100,rb2401P3100,52.0,0.0,0.0,0.0,1,49.0,52.0,3,50.0,52.5,52.5,51.5,8.0,4170.0,50
2023-05-09 21:18:39,rb2401P3100,rb2401P3100,52.0,0.0,0.0,0.0,1,49.0,52.0,3,50.0,52.5,52.5,51.5,8.0,4170.0,50
2023-05-09 21:18:40,rb2401P3100,rb2401P3100,52.0,0.0,0.0,0.0,1,49.0,52.0,2,50.0,52.5,52.5,51.5,8.0,4170.0,50
2023-05-09 21:18:41,rb2401P3100,rb2401P3100,52.0,0.0,0.0,0.0,1,49.0,52.0,1,50.0,52.5,52.5,51.5,8.0,4170.0,50
2023-05-09 21:18:44,rb2401P3100,rb2401P3100,52.0,0.0,0.0,0.0,1,49.0,52.5,1,50.0,52.5,52.5,51.5,8.0,4170.0,50
2023-05-09 21:18:45,rb2401P3100,rb2401P3100,52.0,0.0,0.0,0.0,1,49.0,52.5,1,50.0,52.5,52.5,51.5,8.0,4170.0,50
2023-05-09 21:18:47,rb2401P3100,rb2401P3100,52.0,0.0,0.0,0.0,1,49.0,0.0,0,50.0,52.5,52.5,51.5,8.0,4170.0,50
2023-05-09 21:19:44,rb2401P3100,rb2401P3100,52.0,0.0,0.0,0.0,1,49.0,53.0,1,50.0,52.5,52.5,51.5,8.0,4170.0,50
2023-05-09 21:19:45,rb2401P3100,rb2401P3100,52.0,0.0,0.0,0.0,1,49.0,53.0,1,50.0,52.5,52.5,51.5,8.0,4170.0,50
2023-05-09 21:19:45,rb2401P3100,rb2401P3100,52.0,0.0,0.0,0.0,2,49.0,53.0,2,50.0,52.5,52.5,51.5,8.0,4170.0,50
2023-05-09 21:19:49,rb2401P3100,rb2401P3100,52.0,0.0,0.0,0.0,1,50.0,53.0,2,50.0,52.5,52.5,51.5,8.0,4170.0,50
2023-05-09 21:19:49,rb2401P3100,rb2401P3100,52.0,0.0,0.0,0.0,1,50.0,53.0,2,50.0,52.5,52.5,51.5,8.0,4170.0,50
2023-05-09 21:19:54,rb2401P3100,rb2401P3100,52.0,0.0,0.0,0.0,1,50.0,51.5,1,50.0,52.5,52.5,51.5,8.0,4170.0,50
2023-05-09 21:19:56,rb2401P3100,rb2401P3100,52.0,0.0,0.0,0.0,1,50.0,51.5,1,50.0,52.5,52.5,51.5,8.0,4170.0,50
2023-05-09 21:19:56,rb2401P3100,rb2401P3100,52.0,0.0,0.0,0.0,1,50.0,51.5,1,50.0,52.5,52.5,51.5,8.0,4170.0,50
2023-05-09 21:19:57,rb2401P3100,rb2401P3100,52.0,0.0,0.0,0.0,1,50.0,51.5,1,50.0,52.5,52.5,51.5,8.0,4170.0,50
2023-05-09 21:19:58,rb2401P3100,rb2401P3100,52.0,1.0,520.0,1.0,1,50.0,52.0,2,50.0,52.5,52.5,51.5,9.0,4690.0,51
2023-05-09 21:20:00,rb2401P3100,rb2401P3100,52.0,0.0,0.0,0.0,1,50.0,52.0,2,50.0,52.5,52.5,51.5,9.0,4690.0,51
2023-05-09 21:20:01,rb2401P3100,rb2401P3100,52.0,0.0,0.0,0.0,1,50.0,52.0,2,50.0,52.5,52.5,51.5,9.0,4690.0,51
2023-05-09 21:20:02,rb2401P3100,rb2401P3100,52.0,0.0,0.0,0.0,1,50.0,52.0,2,50.0,52.5,52.5,51.5,9.0,4690.0,51
2023-05-09 21:20:05,rb2401P3100,rb2401P3100,52.0,0.0,0.0,0.0,1,50.0,52.0,2,50.0,52.5,52.5,51.5,9.0,4690.0,51
2023-05-09 21:20:06,rb2401P3100,rb2401P3100,52.0,0.0,0.0,0.0,1,50.0,52.0,2,50.0,52.5,52.5,51.5,9.0,4690.0,51
2023-05-09 21:20:07,rb2401P3100,rb2401P3100,52.0,0.0,0.0,0.0,1,50.0,52.0,1,50.0,52.5,52.5,51.5,9.0,4690.0,51
2023-05-09 21:20:08,rb2401P3100,rb2401P3100,52.0,0.0,0.0,0.0,1,50.0,53.0,2,50.0,52.5,52.5,51.5,9.0,4690.0,51
2023-05-09 21:20:09,rb2401P3100,rb2401P3100,52.0,0.0,0.0,0.0,1,50.5,53.0,2,50.0,52.5,52.5,51.5,9.0,4690.0,51
2023-05-09 21:20:09,rb2401P3100,rb2401P3100,50.5,1.0,505.0,1.0,1,49.5,53.0,2,50.0,52.5,52.5,50.5,10.0,5195.0,52
2023-05-09 21:20:12,rb2401P3100,rb2401P3100,50.5,0.0,0.0,0.0,2,49.0,53.0,1,50.0,52.5,52.5,50.5,10.0,5195.0,52
2023-05-09 21:20:14,rb2401P3100,rb2401P3100,50.5,0.0,0.0,0.0,1,49.0,0.0,0,50.0,52.5,52.5,50.5,10.0,5195.0,52
2023-05-09 21:22:55,rb2401P3100,rb2401P3100,50.5,0.0,0.0,0.0,1,49.0,53.5,1,50.0,52.5,52.5,50.5,10.0,5195.0,52
2023-05-09 21:22:56,rb2401P3100,rb2401P3100,50.5,0.0,0.0,0.0,1,49.0,53.5,1,50.0,52.5,52.5,50.5,10.0,5195.0,52
2023-05-09 21:22:56,rb2401P3100,rb2401P3100,50.5,0.0,0.0,0.0,2,49.0,53.5,2,50.0,52.5,52.5,50.5,10.0,5195.0,52
2023-05-09 21:22:57,rb2401P3100,rb2401P3100,50.5,0.0,0.0,0.0,2,49.0,52.0,1,50.0,52.5,52.5,50.5,10.0,5195.0,52
2023-05-09 21:23:01,rb2401P3100,rb2401P3100,52.0,1.0,520.0,0.0,2,49.0,53.5,2,50.0,52.5,52.5,50.5,11.0,5715.0,52
2023-05-09 21:23:01,rb2401P3100,rb2401P3100,52.0,0.0,0.0,0.0,2,49.0,53.5,2,50.0,52.5,52.5,50.5,11.0,5715.0,52
2023-05-09 21:23:05,rb2401P3100,rb2401P3100,52.0,0.0,0.0,0.0,2,49.0,53.5,2,50.0,52.5,52.5,50.5,11.0,5715.0,52
2023-05-09 21:23:06,rb2401P3100,rb2401P3100,52.0,0.0,0.0,0.0,1,50.5,53.5,2,50.0,52.5,52.5,50.5,11.0,5715.0,52
2023-05-09 21:23:06,rb2401P3100,rb2401P3100,52.0,0.0,0.0,0.0,1,50.5,51.5,1,50.0,52.5,52.5,50.5,11.0,5715.0,52
2023-05-09 21:23:07,rb2401P3100,rb2401P3100,52.0,0.0,0.0,0.0,1,50.5,51.5,1,50.0,52.5,52.5,50.5,11.0,5715.0,52
2023-05-09 21:23:07,rb2401P3100,rb2401P3100,52.0,0.0,0.0,0.0,1,50.5,51.5,1,50.0,52.5,52.5,50.5,11.0,5715.0,52
2023-05-09 21:23:09,rb2401P3100,rb2401P3100,52.0,0.0,0.0,0.0,1,50.5,51.5,1,50.0,52.5,52.5,50.5,11.0,5715.0,52
2023-05-09 21:23:12,rb2401P3100,rb2401P3100,52.0,0.0,0.0,0.0,1,50.5,51.5,1,50.0,52.5,52.5,50.5,11.0,5715.0,52
2023-05-09 21:23:13,rb2401P3100,rb2401P3100,52.0,0.0,0.0,0.0,1,50.5,51.5,1,50.0,52.5,52.5,50.5,11.0,5715.0,52
2023-05-09 21:23:13,rb2401P3100,rb2401P3100,52.0,0.0,0.0,0.0,1,50.5,51.5,1,50.0,52.5,52.5,50.5,11.0,5715.0,52
2023-05-09 21:23:17,rb2401P3100,rb2401P3100,52.0,0.0,0.0,0.0,1,50.5,52.0,3,50.0,52.5,52.5,50.5,11.0,5715.0,52
2023-05-09 21:23:18,rb2401P3100,rb2401P3100,52.0,0.0,0.0,0.0,1,50.5,52.0,2,50.0,52.5,52.5,50.5,11.0,5715.0,52
2023-05-09 21:23:19,rb2401P3100,rb2401P3100,52.0,0.0,0.0,0.0,1,50.5,52.0,2,50.0,52.5,52.5,50.5,11.0,5715.0,52
2023-05-09 21:23:20,rb2401P3100,rb2401P3100,52.0,0.0,0.0,0.0,1,50.5,52.0,1,50.0,52.5,52.5,50.5,11.0,5715.0,52
2023-05-09 21:23:23,rb2401P3100,rb2401P3100,52.0,0.0,0.0,0.0,1,50.5,53.0,1,50.0,52.5,52.5,50.5,11.0,5715.0,52
2023-05-09 21:23:25,rb2401P3100,rb2401P3100,52.0,0.0,0.0,0.0,1,51.0,53.0,1,50.0,52.5,52.5,50.5,11.0,5715.0,52
2023-05-09 21:23:25,rb2401P3100,rb2401P3100,52.0,0.0,0.0,0.0,1,51.0,0.0,0,50.0,52.5,52.5,50.5,11.0,5715.0,52
2023-05-09 21:23:30,rb2401P3100,rb2401P3100,52.0,0.0,0.0,0.0,1,50.5,0.0,0,50.0,52.5,52.5,50.5,11.0,5715.0,52
2023-05-09 21:23:33,rb2401P3100,rb2401P3100,52.0,0.0,0.0,0.0,1,49.0,0.0,0,50.0,52.5,52.5,50.5,11.0,5715.0,52
2023-05-09 21:24:59,rb2401P3100,rb2401P3100,52.0,0.0,0.0,0.0,1,49.0,54.0,1,50.0,52.5,52.5,50.5,11.0,5715.0,52
2023-05-09 21:25:00,rb2401P3100,rb2401P3100,52.0,0.0,0.0,0.0,2,49.0,54.0,1,50.0,52.5,52.5,50.5,11.0,5715.0,52
2023-05-09 21:25:01,rb2401P3100,rb2401P3100,52.0,0.0,0.0,0.0,3,49.0,54.0,2,50.0,52.5,52.5,50.5,11.0,5715.0,52
2023-05-09 21:25:02,rb2401P3100,rb2401P3100,52.0,0.0,0.0,0.0,1,51.0,54.0,2,50.0,52.5,52.5,50.5,11.0,5715.0,52
2023-05-09 21:25:05,rb2401P3100,rb2401P3100,52.0,0.0,0.0,0.0,1,51.0,54.0,2,50.0,52.5,52.5,50.5,11.0,5715.0,52
2023-05-09 21:25:09,rb2401P3100,rb2401P3100,52.0,0.0,0.0,0.0,1,51.0,54.0,2,50.0,52.5,52.5,50.5,11.0,5715.0,52
2023-05-09 21:25:10,rb2401P3100,rb2401P3100,52.0,0.0,0.0,0.0,1,51.0,51.5,1,50.0,52.5,52.5,50.5,11.0,5715.0,52
2023-05-09 21:25:11,rb2401P3100,rb2401P3100,52.0,0.0,0.0,0.0,1,51.0,51.5,1,50.0,52.5,52.5,50.5,11.0,5715.0,52
2023-05-09 21:25:11,rb2401P3100,rb2401P3100,52.0,0.0,0.0,0.0,1,51.0,51.5,1,50.0,52.5,52.5,50.5,11.0,5715.0,52
2023-05-09 21:25:12,rb2401P3100,rb2401P3100,52.0,0.0,0.0,0.0,1,51.0,51.5,1,50.0,52.5,52.5,50.5,11.0,5715.0,52
2023-05-09 21:25:12,rb2401P3100,rb2401P3100,52.0,1.0,520.0,1.0,1,51.0,52.0,1,50.0,52.5,52.5,50.5,12.0,6235.0,53
2023-05-09 21:25:13,rb2401P3100,rb2401P3100,52.0,0.0,0.0,0.0,1,51.0,52.0,2,50.0,52.5,52.5,50.5,12.0,6235.0,53
2023-05-09 21:25:16,rb2401P3100,rb2401P3100,52.0,0.0,0.0,0.0,1,51.0,52.0,2,50.0,52.5,52.5,50.5,12.0,6235.0,53
2023-05-09 21:25:17,rb2401P3100,rb2401P3100,52.0,0.0,0.0,0.0,1,51.0,52.0,2,50.0,52.5,52.5,50.5,12.0,6235.0,53
2023-05-09 21:25:18,rb2401P3100,rb2401P3100,52.0,0.0,0.0,0.0,1,51.0,52.0,2,50.0,52.5,52.5,50.5,12.0,6235.0,53
2023-05-09 21:25:22,rb2401P3100,rb2401P3100,52.0,0.0,0.0,0.0,1,51.0,52.0,2,50.0,52.5,52.5,50.5,12.0,6235.0,53
2023-05-09 21:25:23,rb2401P3100,rb2401P3100,52.0,0.0,0.0,0.0,1,51.0,52.0,1,50.0,52.5,52.5,50.5,12.0,6235.0,53
2023-05-09 21:25:23,rb2401P3100,rb2401P3100,52.0,0.0,0.0,0.0,1,51.0,52.0,1,50.0,52.5,52.5,50.5,12.0,6235.0,53
2023-05-09 21:25:24,rb2401P3100,rb2401P3100,52.0,0.0,0.0,0.0,1,51.0,52.5,1,50.0,52.5,52.5,50.5,12.0,6235.0,53
2023-05-09 21:25:27,rb2401P3100,rb2401P3100,52.0,0.0,0.0,0.0,1,51.0,53.5,1,50.0,52.5,52.5,50.5,12.0,6235.0,53
2023-05-09 21:25:30,rb2401P3100,rb2401P3100,52.0,0.0,0.0,0.0,1,51.0,0.0,0,50.0,52.5,52.5,50.5,12.0,6235.0,53
2023-05-09 21:25:36,rb2401P3100,rb2401P3100,52.0,0.0,0.0,0.0,1,49.0,0.0,0,50.0,52.5,52.5,50.5,12.0,6235.0,53
2023-05-09 21:31:55,rb2401P3100,rb2401P3100,52.0,0.0,0.0,0.0,1,49.0,55.0,1,50.0,52.5,52.5,50.5,12.0,6235.0,53
2023-05-09 21:31:56,rb2401P3100,rb2401P3100,52.0,0.0,0.0,0.0,2,49.0,55.0,2,50.0,52.5,52.5,50.5,12.0,6235.0,53
2023-05-09 21:32:04,rb2401P3100,rb2401P3100,52.0,0.0,0.0,0.0,1,52.5,55.0,3,50.0,52.5,52.5,50.5,12.0,6235.0,53
2023-05-09 21:32:05,rb2401P3100,rb2401P3100,52.0,0.0,0.0,0.0,1,52.5,55.0,3,50.0,52.5,52.5,50.5,12.0,6235.0,53
2023-05-09 21:32:05,rb2401P3100,rb2401P3100,52.0,0.0,0.0,0.0,1,52.5,55.0,3,50.0,52.5,52.5,50.5,12.0,6235.0,53
2023-05-09 21:32:06,rb2401P3100,rb2401P3100,52.0,1.0,520.0,1.0,1,51.5,55.0,3,50.0,52.5,52.5,50.5,13.0,6755.0,54
2023-05-09 21:32:07,rb2401P3100,rb2401P3100,52.0,0.0,0.0,0.0,1,51.5,55.0,4,50.0,52.5,52.5,50.5,13.0,6755.0,54
2023-05-09 21:32:08,rb2401P3100,rb2401P3100,52.0,0.0,0.0,0.0,1,51.5,55.0,4,50.0,52.5,52.5,50.5,13.0,6755.0,54
2023-05-09 21:32:12,rb2401P3100,rb2401P3100,52.0,0.0,0.0,0.0,1,51.5,55.0,3,50.0,52.5,52.5,50.5,13.0,6755.0,54
2023-05-09 21:32:12,rb2401P3100,rb2401P3100,52.0,0.0,0.0,0.0,1,51.5,55.0,4,50.0,52.5,52.5,50.5,13.0,6755.0,54
2023-05-09 21:32:13,rb2401P3100,rb2401P3100,52.0,0.0,0.0,0.0,2,51.5,55.0,5,50.0,52.5,52.5,50.5,13.0,6755.0,54
2023-05-09 21:32:15,rb2401P3100,rb2401P3100,52.0,0.0,0.0,0.0,2,51.5,55.0,4,50.0,52.5,52.5,50.5,13.0,6755.0,54
2023-05-09 21:32:16,rb2401P3100,rb2401P3100,52.0,0.0,0.0,0.0,2,51.5,55.0,4,50.0,52.5,52.5,50.5,13.0,6755.0,54
2023-05-09 21:32:17,rb2401P3100,rb2401P3100,52.0,0.0,0.0,0.0,1,51.5,55.0,4,50.0,52.5,52.5,50.5,13.0,6755.0,54
2023-05-09 21:32:17,rb2401P3100,rb2401P3100,52.0,0.0,0.0,0.0,1,51.5,55.0,4,50.0,52.5,52.5,50.5,13.0,6755.0,54
2023-05-09 21:32:18,rb2401P3100,rb2401P3100,52.0,0.0,0.0,0.0,1,51.5,55.0,3,50.0,52.5,52.5,50.5,13.0,6755.0,54
2023-05-09 21:32:19,rb2401P3100,rb2401P3100,52.0,0.0,0.0,0.0,1,51.5,55.0,2,50.0,52.5,52.5,50.5,13.0,6755.0,54
2023-05-09 21:32:23,rb2401P3100,rb2401P3100,52.0,0.0,0.0,0.0,1,51.5,55.0,1,50.0,52.5,52.5,50.5,13.0,6755.0,54
2023-05-09 21:32:23,rb2401P3100,rb2401P3100,52.0,0.0,0.0,0.0,2,51.5,55.0,1,50.0,52.5,52.5,50.5,13.0,6755.0,54
2023-05-09 21:32:25,rb2401P3100,rb2401P3100,52.0,0.0,0.0,0.0,1,51.5,0.0,0,50.0,52.5,52.5,50.5,13.0,6755.0,54
2023-05-09 21:32:32,rb2401P3100,rb2401P3100,52.0,0.0,0.0,0.0,1,51.5,0.0,0,50.0,52.5,52.5,50.5,13.0,6755.0,54
2023-05-09 21:32:35,rb2401P3100,rb2401P3100,52.0,0.0,0.0,0.0,1,49.0,0.0,0,50.0,52.5,52.5,50.5,13.0,6755.0,54
2023-05-09 21:35:28,rb2401P3100,rb2401P3100,52.0,0.0,0.0,0.0,1,49.0,54.0,1,50.0,52.5,52.5,50.5,13.0,6755.0,54
2023-05-09 21:35:29,rb2401P3100,rb2401P3100,52.0,0.0,0.0,0.0,2,49.0,54.0,1,50.0,52.5,52.5,50.5,13.0,6755.0,54
2023-05-09 21:35:30,rb2401P3100,rb2401P3100,52.0,0.0,0.0,0.0,3,49.0,54.0,2,50.0,52.5,52.5,50.5,13.0,6755.0,54
2023-05-09 21:35:33,rb2401P3100,rb2401P3100,52.0,0.0,0.0,0.0,1,51.5,54.0,2,50.0,52.5,52.5,50.5,13.0,6755.0,54
2023-05-09 21:35:33,rb2401P3100,rb2401P3100,51.5,1.0,515.0,1.0,3,49.0,54.0,2,50.0,52.5,52.5,50.5,14.0,7270.0,55
2023-05-09 21:35:34,rb2401P3100,rb2401P3100,51.5,0.0,0.0,0.0,3,49.0,54.0,2,50.0,52.5,52.5,50.5,14.0,7270.0,55
2023-05-09 21:35:35,rb2401P3100,rb2401P3100,51.5,0.0,0.0,0.0,1,51.5,54.0,3,50.0,52.5,52.5,50.5,14.0,7270.0,55
2023-05-09 21:35:38,rb2401P3100,rb2401P3100,51.5,0.0,0.0,0.0,1,51.5,54.0,3,50.0,52.5,52.5,50.5,14.0,7270.0,55
2023-05-09 21:35:39,rb2401P3100,rb2401P3100,50.5,2.0,1020.0,2.0,3,49.0,50.5,1,50.0,52.5,52.5,50.5,16.0,8290.0,57
2023-05-09 21:35:40,rb2401P3100,rb2401P3100,50.5,0.0,0.0,0.0,2,49.0,50.5,1,50.0,52.5,52.5,50.5,16.0,8290.0,57
2023-05-09 21:35:40,rb2401P3100,rb2401P3100,50.5,0.0,0.0,0.0,2,49.0,50.5,1,50.0,52.5,52.5,50.5,16.0,8290.0,57
2023-05-09 21:35:41,rb2401P3100,rb2401P3100,50.5,0.0,0.0,0.0,2,49.0,50.5,1,50.0,52.5,52.5,50.5,16.0,8290.0,57
2023-05-09 21:35:41,rb2401P3100,rb2401P3100,50.5,0.0,0.0,0.0,2,49.0,50.5,1,50.0,52.5,52.5,50.5,16.0,8290.0,57
2023-05-09 21:35:45,rb2401P3100,rb2401P3100,50.5,0.0,0.0,0.0,1,49.0,50.5,1,50.0,52.5,52.5,50.5,16.0,8290.0,57
2023-05-09 21:35:46,rb2401P3100,rb2401P3100,50.5,0.0,0.0,0.0,1,49.0,50.5,1,50.0,52.5,52.5,50.5,16.0,8290.0,57
2023-05-09 21:35:46,rb2401P3100,rb2401P3100,50.5,0.0,0.0,0.0,1,49.0,50.5,1,50.0,52.5,52.5,50.5,16.0,8290.0,57
2023-05-09 21:35:50,rb2401P3100,rb2401P3100,50.5,0.0,0.0,0.0,1,49.0,50.5,1,50.0,52.5,52.5,50.5,16.0,8290.0,57
2023-05-09 21:35:52,rb2401P3100,rb2401P3100,50.5,0.0,0.0,0.0,1,49.0,50.5,1,50.0,52.5,52.5,50.5,16.0,8290.0,57
2023-05-09 21:35:52,rb2401P3100,rb2401P3100,50.5,1.0,505.0,0.0,1,49.0,51.0,2,50.0,52.5,52.5,50.5,17.0,8795.0,57
2023-05-09 21:35:53,rb2401P3100,rb2401P3100,50.5,0.0,0.0,0.0,1,49.0,51.0,1,50.0,52.5,52.5,50.5,17.0,8795.0,57
2023-05-09 21:35:56,rb2401P3100,rb2401P3100,50.5,0.0,0.0,0.0,1,49.0,51.5,1,50.0,52.5,52.5,50.5,17.0,8795.0,57
2023-05-09 21:35:59,rb2401P3100,rb2401P3100,50.5,0.0,0.0,0.0,1,49.0,52.5,1,50.0,52.5,52.5,50.5,17.0,8795.0,57
2023-05-09 21:36:17,rb2401P3100,rb2401P3100,50.5,0.0,0.0,0.0,1,49.0,0.0,0,50.0,52.5,52.5,50.5,17.0,8795.0,57
2023-05-09 21:36:57,rb2401P3100,rb2401P3100,50.5,0.0,0.0,0.0,1,49.0,53.5,1,50.0,52.5,52.5,50.5,17.0,8795.0,57
2023-05-09 21:36:57,rb2401P3100,rb2401P3100,50.5,0.0,0.0,0.0,1,49.0,53.5,1,50.0,52.5,52.5,50.5,17.0,8795.0,57
2023-05-09 21:36:58,rb2401P3100,rb2401P3100,50.5,0.0,0.0,0.0,2,49.0,53.5,2,50.0,52.5,52.5,50.5,17.0,8795.0,57
2023-05-09 21:36:59,rb2401P3100,rb2401P3100,50.5,0.0,0.0,0.0,2,49.0,52.0,2,50.0,52.5,52.5,50.5,17.0,8795.0,57
2023-05-09 21:37:03,rb2401P3100,rb2401P3100,50.5,0.0,0.0,0.0,2,49.0,52.0,2,50.0,52.5,52.5,50.5,17.0,8795.0,57
2023-05-09 21:37:07,rb2401P3100,rb2401P3100,50.5,0.0,0.0,0.0,2,49.0,50.5,1,50.0,52.5,52.5,50.5,17.0,8795.0,57
2023-05-09 21:37:09,rb2401P3100,rb2401P3100,50.5,0.0,0.0,0.0,2,49.0,50.5,1,50.0,52.5,52.5,50.5,17.0,8795.0,57
2023-05-09 21:37:09,rb2401P3100,rb2401P3100,50.5,0.0,0.0,0.0,2,49.0,50.5,1,50.0,52.5,52.5,50.5,17.0,8795.0,57
2023-05-09 21:37:10,rb2401P3100,rb2401P3100,50.5,0.0,0.0,0.0,2,49.0,50.5,1,50.0,52.5,52.5,50.5,17.0,8795.0,57
2023-05-09 21:37:13,rb2401P3100,rb2401P3100,50.5,1.0,505.0,1.0,2,49.0,51.0,2,50.0,52.5,52.5,50.5,18.0,9300.0,58
2023-05-09 21:37:13,rb2401P3100,rb2401P3100,50.5,0.0,0.0,0.0,1,49.0,51.0,2,50.0,52.5,52.5,50.5,18.0,9300.0,58
2023-05-09 21:37:14,rb2401P3100,rb2401P3100,50.5,0.0,0.0,0.0,1,49.0,51.0,2,50.0,52.5,52.5,50.5,18.0,9300.0,58
2023-05-09 21:37:15,rb2401P3100,rb2401P3100,50.5,0.0,0.0,0.0,1,49.0,51.0,2,50.0,52.5,52.5,50.5,18.0,9300.0,58
2023-05-09 21:37:15,rb2401P3100,rb2401P3100,50.5,0.0,0.0,0.0,1,49.0,51.0,2,50.0,52.5,52.5,50.5,18.0,9300.0,58
2023-05-09 21:37:16,rb2401P3100,rb2401P3100,50.5,0.0,0.0,0.0,1,49.0,51.0,2,50.0,52.5,52.5,50.5,18.0,9300.0,58
2023-05-09 21:37:17,rb2401P3100,rb2401P3100,50.5,0.0,0.0,0.0,1,50.0,51.0,2,50.0,52.5,52.5,50.5,18.0,9300.0,58
2023-05-09 21:37:18,rb2401P3100,rb2401P3100,50.5,0.0,0.0,0.0,1,50.0,51.0,2,50.0,52.5,52.5,50.5,18.0,9300.0,58
2023-05-09 21:37:20,rb2401P3100,rb2401P3100,50.5,0.0,0.0,0.0,1,50.0,51.0,1,50.0,52.5,52.5,50.5,18.0,9300.0,58
2023-05-09 21:37:21,rb2401P3100,rb2401P3100,50.5,0.0,0.0,0.0,1,50.0,51.0,1,50.0,52.5,52.5,50.5,18.0,9300.0,58
2023-05-09 21:37:21,rb2401P3100,rb2401P3100,50.5,0.0,0.0,0.0,1,50.0,52.0,4,50.0,52.5,52.5,50.5,18.0,9300.0,58
2023-05-09 21:37:24,rb2401P3100,rb2401P3100,50.5,0.0,0.0,0.0,1,50.0,52.0,4,50.0,52.5,52.5,50.5,18.0,9300.0,58
2023-05-09 21:37:25,rb2401P3100,rb2401P3100,50.5,0.0,0.0,0.0,1,50.0,52.0,3,50.0,52.5,52.5,50.5,18.0,9300.0,58
2023-05-09 21:37:27,rb2401P3100,rb2401P3100,50.5,0.0,0.0,0.0,1,50.0,52.0,2,50.0,52.5,52.5,50.5,18.0,9300.0,58
2023-05-09 21:37:30,rb2401P3100,rb2401P3100,50.5,0.0,0.0,0.0,1,50.0,0.0,0,50.0,52.5,52.5,50.5,18.0,9300.0,58
2023-05-09 21:38:46,rb2401P3100,rb2401P3100,50.5,0.0,0.0,0.0,1,50.0,54.5,1,50.0,52.5,52.5,50.5,18.0,9300.0,58
2023-05-09 21:38:47,rb2401P3100,rb2401P3100,50.5,0.0,0.0,0.0,1,50.0,54.5,1,50.0,52.5,52.5,50.5,18.0,9300.0,58
2023-05-09 21:38:47,rb2401P3100,rb2401P3100,50.5,0.0,0.0,0.0,2,50.0,54.5,2,50.0,52.5,52.5,50.5,18.0,9300.0,58
2023-05-09 21:38:52,rb2401P3100,rb2401P3100,50.5,0.0,0.0,0.0,2,50.0,54.5,2,50.0,52.5,52.5,50.5,18.0,9300.0,58
2023-05-09 21:38:56,rb2401P3100,rb2401P3100,50.5,0.0,0.0,0.0,2,50.0,51.0,1,50.0,52.5,52.5,50.5,18.0,9300.0,58
2023-05-09 21:38:58,rb2401P3100,rb2401P3100,50.5,0.0,0.0,0.0,2,50.0,51.0,1,50.0,52.5,52.5,50.5,18.0,9300.0,58
2023-05-09 21:38:58,rb2401P3100,rb2401P3100,51.0,1.0,510.0,1.0,2,50.0,51.5,1,50.0,52.5,52.5,50.5,19.0,9810.0,59
2023-05-09 21:38:59,rb2401P3100,rb2401P3100,51.0,0.0,0.0,0.0,2,50.0,51.5,1,50.0,52.5,52.5,50.5,19.0,9810.0,59
2023-05-09 21:39:02,rb2401P3100,rb2401P3100,51.0,0.0,0.0,0.0,1,50.0,51.5,1,50.0,52.5,52.5,50.5,19.0,9810.0,59
2023-05-09 21:39:03,rb2401P3100,rb2401P3100,51.0,0.0,0.0,0.0,1,50.0,51.5,1,50.0,52.5,52.5,50.5,19.0,9810.0,59
2023-05-09 21:39:04,rb2401P3100,rb2401P3100,51.0,0.0,0.0,0.0,1,50.0,51.5,1,50.0,52.5,52.5,50.5,19.0,9810.0,59
2023-05-09 21:39:04,rb2401P3100,rb2401P3100,51.0,0.0,0.0,0.0,1,50.0,51.5,1,50.0,52.5,52.5,50.5,19.0,9810.0,59
2023-05-09 21:39:07,rb2401P3100,rb2401P3100,51.0,0.0,0.0,0.0,1,50.0,51.5,1,50.0,52.5,52.5,50.5,19.0,9810.0,59
2023-05-09 21:39:09,rb2401P3100,rb2401P3100,51.0,0.0,0.0,0.0,1,50.0,52.0,1,50.0,52.5,52.5,50.5,19.0,9810.0,59
2023-05-09 21:39:10,rb2401P3100,rb2401P3100,51.0,0.0,0.0,0.0,1,50.0,52.5,1,50.0,52.5,52.5,50.5,19.0,9810.0,59
2023-05-09 21:39:14,rb2401P3100,rb2401P3100,51.0,0.0,0.0,0.0,1,50.0,52.5,1,50.0,52.5,52.5,50.5,19.0,9810.0,59
2023-05-09 21:39:16,rb2401P3100,rb2401P3100,51.0,0.0,0.0,0.0,1,50.0,0.0,0,50.0,52.5,52.5,50.5,19.0,9810.0,59
2023-05-09 21:40:48,rb2401P3100,rb2401P3100,51.0,0.0,0.0,0.0,1,50.0,54.0,1,50.0,52.5,52.5,50.5,19.0,9810.0,59
2023-05-09 21:40:48,rb2401P3100,rb2401P3100,51.0,0.0,0.0,0.0,1,50.0,54.0,1,50.0,52.5,52.5,50.5,19.0,9810.0,59
2023-05-09 21:40:49,rb2401P3100,rb2401P3100,51.0,0.0,0.0,0.0,2,50.0,54.0,2,50.0,52.5,52.5,50.5,19.0,9810.0,59
2023-05-09 21:40:54,rb2401P3100,rb2401P3100,51.0,0.0,0.0,0.0,2,50.0,54.0,2,50.0,52.5,52.5,50.5,19.0,9810.0,59
2023-05-09 21:40:55,rb2401P3100,rb2401P3100,51.0,0.0,0.0,0.0,1,51.5,54.0,3,50.0,52.5,52.5,50.5,19.0,9810.0,59
2023-05-09 21:40:58,rb2401P3100,rb2401P3100,51.0,1.0,510.0,1.0,2,50.0,54.0,3,50.0,52.5,52.5,50.5,20.0,10320.0,60
2023-05-09 21:40:59,rb2401P3100,rb2401P3100,51.0,0.0,0.0,0.0,2,50.0,54.0,3,50.0,52.5,52.5,50.5,20.0,10320.0,60
2023-05-09 21:41:00,rb2401P3100,rb2401P3100,51.0,0.0,0.0,0.0,2,50.0,54.0,4,50.0,52.5,52.5,50.5,20.0,10320.0,60
2023-05-09 21:41:01,rb2401P3100,rb2401P3100,51.0,0.0,0.0,0.0,2,50.0,54.0,4,50.0,52.5,52.5,50.5,20.0,10320.0,60
2023-05-09 21:41:04,rb2401P3100,rb2401P3100,51.0,0.0,0.0,0.0,1,50.0,54.0,3,50.0,52.5,52.5,50.5,20.0,10320.0,60
2023-05-09 21:41:05,rb2401P3100,rb2401P3100,51.0,0.0,0.0,0.0,1,50.0,54.0,4,50.0,52.5,52.5,50.5,20.0,10320.0,60
2023-05-09 21:41:06,rb2401P3100,rb2401P3100,51.0,0.0,0.0,0.0,2,50.0,54.0,5,50.0,52.5,52.5,50.5,20.0,10320.0,60
2023-05-09 21:41:06,rb2401P3100,rb2401P3100,51.0,0.0,0.0,0.0,2,50.0,54.0,4,50.0,52.5,52.5,50.5,20.0,10320.0,60
2023-05-09 21:41:09,rb2401P3100,rb2401P3100,51.0,0.0,0.0,0.0,2,50.0,54.0,4,50.0,52.5,52.5,50.5,20.0,10320.0,60
2023-05-09 21:41:11,rb2401P3100,rb2401P3100,51.0,0.0,0.0,0.0,2,50.0,54.0,3,50.0,52.5,52.5,50.5,20.0,10320.0,60
2023-05-09 21:41:12,rb2401P3100,rb2401P3100,51.0,0.0,0.0,0.0,2,50.0,54.0,2,50.0,52.5,52.5,50.5,20.0,10320.0,60
2023-05-09 21:41:15,rb2401P3100,rb2401P3100,51.0,0.0,0.0,0.0,2,50.0,54.0,1,50.0,52.5,52.5,50.5,20.0,10320.0,60
2023-05-09 21:41:18,rb2401P3100,rb2401P3100,51.0,0.0,0.0,0.0,1,50.0,0.0,0,50.0,52.5,52.5,50.5,20.0,10320.0,60
2023-05-09 21:43:45,rb2401P3100,rb2401P3100,51.0,0.0,0.0,0.0,1,50.0,54.0,1,50.0,52.5,52.5,50.5,20.0,10320.0,60
2023-05-09 21:43:46,rb2401P3100,rb2401P3100,51.0,0.0,0.0,0.0,1,50.0,54.0,1,50.0,52.5,52.5,50.5,20.0,10320.0,60
2023-05-09 21:43:46,rb2401P3100,rb2401P3100,51.0,0.0,0.0,0.0,2,50.0,54.0,2,50.0,52.5,52.5,50.5,20.0,10320.0,60
2023-05-09 21:43:55,rb2401P3100,rb2401P3100,51.0,0.0,0.0,0.0,2,50.0,50.5,1,50.0,52.5,52.5,50.5,20.0,10320.0,60
2023-05-09 21:43:56,rb2401P3100,rb2401P3100,51.0,0.0,0.0,0.0,2,50.0,50.5,1,50.0,52.5,52.5,50.5,20.0,10320.0,60
2023-05-09 21:43:57,rb2401P3100,rb2401P3100,51.0,0.0,0.0,0.0,2,50.0,50.5,1,50.0,52.5,52.5,50.5,20.0,10320.0,60
2023-05-09 21:43:58,rb2401P3100,rb2401P3100,51.0,0.0,0.0,0.0,2,50.0,50.5,1,50.0,52.5,52.5,50.5,20.0,10320.0,60
2023-05-09 21:43:59,rb2401P3100,rb2401P3100,51.0,1.0,510.0,1.0,2,50.0,51.0,2,50.0,52.5,52.5,50.5,21.0,10830.0,61
2023-05-09 21:44:01,rb2401P3100,rb2401P3100,51.0,0.0,0.0,0.0,1,50.0,51.0,2,50.0,52.5,52.5,50.5,21.0,10830.0,61
2023-05-09 21:44:02,rb2401P3100,rb2401P3100,51.0,0.0,0.0,0.0,1,50.0,51.0,2,50.0,52.5,52.5,50.5,21.0,10830.0,61
2023-05-09 21:44:03,rb2401P3100,rb2401P3100,51.0,0.0,0.0,0.0,1,50.0,51.0,2,50.0,52.5,52.5,50.5,21.0,10830.0,61
2023-05-09 21:44:04,rb2401P3100,rb2401P3100,51.0,0.0,0.0,0.0,1,50.0,51.0,2,50.0,52.5,52.5,50.5,21.0,10830.0,61
2023-05-09 21:44:06,rb2401P3100,rb2401P3100,51.0,0.0,0.0,0.0,1,50.0,51.0,2,50.0,52.5,52.5,50.5,21.0,10830.0,61
2023-05-09 21:44:08,rb2401P3100,rb2401P3100,51.0,0.0,0.0,0.0,1,50.0,51.0,1,50.0,52.5,52.5,50.5,21.0,10830.0,61
2023-05-09 21:44:09,rb2401P3100,rb2401P3100,51.0,0.0,0.0,0.0,1,50.0,51.0,1,50.0,52.5,52.5,50.5,21.0,10830.0,61
2023-05-09 21:44:09,rb2401P3100,rb2401P3100,51.0,0.0,0.0,0.0,1,50.0,52.5,1,50.0,52.5,52.5,50.5,21.0,10830.0,61
2023-05-09 21:44:10,rb2401P3100,rb2401P3100,51.0,0.0,0.0,0.0,1,50.0,52.5,1,50.0,52.5,52.5,50.5,21.0,10830.0,61
2023-05-09 21:44:13,rb2401P3100,rb2401P3100,51.0,0.0,0.0,0.0,1,50.0,52.5,1,50.0,52.5,52.5,50.5,21.0,10830.0,61
2023-05-09 21:44:15,rb2401P3100,rb2401P3100,51.0,0.0,0.0,0.0,1,50.0,0.0,0,50.0,52.5,52.5,50.5,21.0,10830.0,61
2023-05-09 21:48:23,rb2401P3100,rb2401P3100,51.0,0.0,0.0,0.0,1,50.0,53.5,1,50.0,52.5,52.5,50.5,21.0,10830.0,61
2023-05-09 21:48:24,rb2401P3100,rb2401P3100,51.0,0.0,0.0,0.0,1,50.0,53.5,1,50.0,52.5,52.5,50.5,21.0,10830.0,61
2023-05-09 21:48:24,rb2401P3100,rb2401P3100,51.0,0.0,0.0,0.0,2,50.0,53.5,2,50.0,52.5,52.5,50.5,21.0,10830.0,61
2023-05-09 21:48:25,rb2401P3100,rb2401P3100,51.0,0.0,0.0,0.0,2,50.0,51.5,2,50.0,52.5,52.5,50.5,21.0,10830.0,61
2023-05-09 21:48:29,rb2401P3100,rb2401P3100,51.0,0.0,0.0,0.0,2,50.0,51.5,2,50.0,52.5,52.5,50.5,21.0,10830.0,61
2023-05-09 21:48:34,rb2401P3100,rb2401P3100,51.0,0.0,0.0,0.0,2,50.0,51.5,3,50.0,52.5,52.5,50.5,21.0,10830.0,61
2023-05-09 21:48:35,rb2401P3100,rb2401P3100,51.0,0.0,0.0,0.0,2,50.0,51.5,3,50.0,52.5,52.5,50.5,21.0,10830.0,61
2023-05-09 21:48:35,rb2401P3100,rb2401P3100,51.0,0.0,0.0,0.0,2,50.0,51.5,4,50.0,52.5,52.5,50.5,21.0,10830.0,61
2023-05-09 21:48:36,rb2401P3100,rb2401P3100,51.0,0.0,0.0,0.0,2,50.0,51.5,4,50.0,52.5,52.5,50.5,21.0,10830.0,61
2023-05-09 21:48:39,rb2401P3100,rb2401P3100,51.0,0.0,0.0,0.0,1,50.0,51.5,4,50.0,52.5,52.5,50.5,21.0,10830.0,61
2023-05-09 21:48:40,rb2401P3100,rb2401P3100,51.0,0.0,0.0,0.0,1,50.0,51.0,2,50.0,52.5,52.5,50.5,21.0,10830.0,61
2023-05-09 21:48:40,rb2401P3100,rb2401P3100,51.0,0.0,0.0,0.0,1,50.0,51.0,2,50.0,52.5,52.5,50.5,21.0,10830.0,61
2023-05-09 21:48:41,rb2401P3100,rb2401P3100,51.0,0.0,0.0,0.0,1,50.5,51.0,2,50.0,52.5,52.5,50.5,21.0,10830.0,61
2023-05-09 21:48:45,rb2401P3100,rb2401P3100,51.0,0.0,0.0,0.0,1,50.5,51.0,2,50.0,52.5,52.5,50.5,21.0,10830.0,61
2023-05-09 21:48:46,rb2401P3100,rb2401P3100,51.0,0.0,0.0,0.0,1,50.5,51.0,2,50.0,52.5,52.5,50.5,21.0,10830.0,61
2023-05-09 21:48:47,rb2401P3100,rb2401P3100,51.0,0.0,0.0,0.0,1,50.5,51.5,2,50.0,52.5,52.5,50.5,21.0,10830.0,61
2023-05-09 21:48:47,rb2401P3100,rb2401P3100,51.0,0.0,0.0,0.0,1,50.5,51.5,1,50.0,52.5,52.5,50.5,21.0,10830.0,61
2023-05-09 21:48:51,rb2401P3100,rb2401P3100,51.0,0.0,0.0,0.0,1,50.5,52.5,1,50.0,52.5,52.5,50.5,21.0,10830.0,61
2023-05-09 21:48:52,rb2401P3100,rb2401P3100,51.0,0.0,0.0,0.0,1,50.0,52.5,1,50.0,52.5,52.5,50.5,21.0,10830.0,61
2023-05-09 21:48:53,rb2401P3100,rb2401P3100,51.0,0.0,0.0,0.0,1,50.0,0.0,0,50.0,52.5,52.5,50.5,21.0,10830.0,61
2023-05-09 21:51:00,rb2401P3100,rb2401P3100,50.0,1.0,500.0,1.0,1,49.0,0.0,0,50.0,52.5,52.5,50.0,22.0,11330.0,62
2023-05-09 21:51:24,rb2401P3100,rb2401P3100,50.0,0.0,0.0,0.0,1,49.0,68.0,1,50.0,52.5,52.5,50.0,22.0,11330.0,62
2023-05-09 21:51:25,rb2401P3100,rb2401P3100,50.0,0.0,0.0,0.0,1,49.0,67.5,4,50.0,52.5,52.5,50.0,22.0,11330.0,62
2023-05-09 21:51:31,rb2401P3100,rb2401P3100,50.0,0.0,0.0,0.0,1,49.0,62.0,1,50.0,52.5,52.5,50.0,22.0,11330.0,62
2023-05-09 21:51:31,rb2401P3100,rb2401P3100,50.0,0.0,0.0,0.0,1,49.0,62.0,1,50.0,52.5,52.5,50.0,22.0,11330.0,62
2023-05-09 21:51:32,rb2401P3100,rb2401P3100,50.0,0.0,0.0,0.0,1,49.0,61.5,4,50.0,52.5,52.5,50.0,22.0,11330.0,62
2023-05-09 21:51:34,rb2401P3100,rb2401P3100,50.0,0.0,0.0,0.0,1,49.0,61.5,4,50.0,52.5,52.5,50.0,22.0,11330.0,62
2023-05-09 21:51:42,rb2401P3100,rb2401P3100,50.0,0.0,0.0,0.0,1,49.0,57.5,1,50.0,52.5,52.5,50.0,22.0,11330.0,62
2023-05-09 21:51:42,rb2401P3100,rb2401P3100,50.0,0.0,0.0,0.0,1,49.0,57.5,1,50.0,52.5,52.5,50.0,22.0,11330.0,62
2023-05-09 21:51:58,rb2401P3100,rb2401P3100,50.0,0.0,0.0,0.0,1,49.0,0.0,0,50.0,52.5,52.5,50.0,22.0,11330.0,62
2023-05-09 21:52:02,rb2401P3100,rb2401P3100,50.0,0.0,0.0,0.0,1,49.0,60.5,1,50.0,52.5,52.5,50.0,22.0,11330.0,62
2023-05-09 21:52:03,rb2401P3100,rb2401P3100,50.0,0.0,0.0,0.0,1,49.0,60.0,4,50.0,52.5,52.5,50.0,22.0,11330.0,62
2023-05-09 21:52:05,rb2401P3100,rb2401P3100,50.0,0.0,0.0,0.0,1,49.0,60.0,4,50.0,52.5,52.5,50.0,22.0,11330.0,62
2023-05-09 21:52:07,rb2401P3100,rb2401P3100,50.0,0.0,0.0,0.0,1,49.0,59.5,1,50.0,52.5,52.5,50.0,22.0,11330.0,62
2023-05-09 21:52:08,rb2401P3100,rb2401P3100,50.0,0.0,0.0,0.0,1,49.0,59.5,1,50.0,52.5,52.5,50.0,22.0,11330.0,62
2023-05-09 21:52:08,rb2401P3100,rb2401P3100,50.0,0.0,0.0,0.0,1,49.0,59.0,4,50.0,52.5,52.5,50.0,22.0,11330.0,62
2023-05-09 21:52:10,rb2401P3100,rb2401P3100,50.0,0.0,0.0,0.0,1,49.0,59.0,4,50.0,52.5,52.5,50.0,22.0,11330.0,62
2023-05-09 21:52:14,rb2401P3100,rb2401P3100,50.0,0.0,0.0,0.0,1,49.0,58.5,1,50.0,52.5,52.5,50.0,22.0,11330.0,62
2023-05-09 21:52:15,rb2401P3100,rb2401P3100,50.0,0.0,0.0,0.0,1,49.0,58.5,1,50.0,52.5,52.5,50.0,22.0,11330.0,62
2023-05-09 21:52:15,rb2401P3100,rb2401P3100,50.0,0.0,0.0,0.0,1,49.0,58.5,5,50.0,52.5,52.5,50.0,22.0,11330.0,62
2023-05-09 21:55:14,rb2401P3100,rb2401P3100,50.0,0.0,0.0,0.0,1,49.0,58.5,4,50.0,52.5,52.5,50.0,22.0,11330.0,62
2023-05-09 21:56:38,rb2401P3100,rb2401P3100,50.0,0.0,0.0,0.0,1,49.0,53.0,1,50.0,52.5,52.5,50.0,22.0,11330.0,62
2023-05-09 21:56:39,rb2401P3100,rb2401P3100,50.0,0.0,0.0,0.0,1,49.0,53.0,1,50.0,52.5,52.5,50.0,22.0,11330.0,62
2023-05-09 21:56:39,rb2401P3100,rb2401P3100,50.0,0.0,0.0,0.0,2,49.0,53.0,2,50.0,52.5,52.5,50.0,22.0,11330.0,62
2023-05-09 21:56:44,rb2401P3100,rb2401P3100,50.0,0.0,0.0,0.0,2,49.0,53.0,2,50.0,52.5,52.5,50.0,22.0,11330.0,62
2023-05-09 21:56:49,rb2401P3100,rb2401P3100,50.0,0.0,0.0,0.0,2,49.0,51.0,1,50.0,52.5,52.5,50.0,22.0,11330.0,62
2023-05-09 21:56:50,rb2401P3100,rb2401P3100,50.0,0.0,0.0,0.0,2,49.0,51.0,1,50.0,52.5,52.5,50.0,22.0,11330.0,62
2023-05-09 21:56:50,rb2401P3100,rb2401P3100,50.0,0.0,0.0,0.0,2,49.0,51.0,2,50.0,52.5,52.5,50.0,22.0,11330.0,62
2023-05-09 21:56:52,rb2401P3100,rb2401P3100,50.0,0.0,0.0,0.0,2,49.0,51.0,2,50.0,52.5,52.5,50.0,22.0,11330.0,62
2023-05-09 21:56:52,rb2401P3100,rb2401P3100,50.0,0.0,0.0,0.0,1,50.0,51.0,2,50.0,52.5,52.5,50.0,22.0,11330.0,62
2023-05-09 21:56:54,rb2401P3100,rb2401P3100,50.0,0.0,0.0,0.0,1,50.0,51.0,2,50.0,52.5,52.5,50.0,22.0,11330.0,62
2023-05-09 21:56:56,rb2401P3100,rb2401P3100,50.0,0.0,0.0,0.0,1,50.0,51.0,2,50.0,52.5,52.5,50.0,22.0,11330.0,62
2023-05-09 21:56:56,rb2401P3100,rb2401P3100,50.0,0.0,0.0,0.0,1,50.0,51.0,2,50.0,52.5,52.5,50.0,22.0,11330.0,62
2023-05-09 21:57:00,rb2401P3100,rb2401P3100,50.0,0.0,0.0,0.0,1,50.0,51.0,1,50.0,52.5,52.5,50.0,22.0,11330.0,62
2023-05-09 21:57:02,rb2401P3100,rb2401P3100,50.0,0.0,0.0,0.0,1,50.0,51.5,2,50.0,52.5,52.5,50.0,22.0,11330.0,62
2023-05-09 21:57:02,rb2401P3100,rb2401P3100,50.0,0.0,0.0,0.0,1,50.0,51.5,2,50.0,52.5,52.5,50.0,22.0,11330.0,62
2023-05-09 21:57:03,rb2401P3100,rb2401P3100,50.0,0.0,0.0,0.0,1,50.0,51.5,1,50.0,52.5,52.5,50.0,22.0,11330.0,62
2023-05-09 21:57:03,rb2401P3100,rb2401P3100,50.0,0.0,0.0,0.0,1,49.0,51.5,1,50.0,52.5,52.5,50.0,22.0,11330.0,62
2023-05-09 21:57:06,rb2401P3100,rb2401P3100,50.0,0.0,0.0,0.0,1,49.0,52.5,1,50.0,52.5,52.5,50.0,22.0,11330.0,62
2023-05-09 21:57:08,rb2401P3100,rb2401P3100,50.0,0.0,0.0,0.0,1,49.0,0.0,0,50.0,52.5,52.5,50.0,22.0,11330.0,62
2023-05-09 21:58:45,rb2401P3100,rb2401P3100,50.0,0.0,0.0,0.0,1,49.0,53.0,1,50.0,52.5,52.5,50.0,22.0,11330.0,62
2023-05-09 21:58:46,rb2401P3100,rb2401P3100,50.0,0.0,0.0,0.0,1,49.0,53.0,1,50.0,52.5,52.5,50.0,22.0,11330.0,62
2023-05-09 21:58:46,rb2401P3100,rb2401P3100,50.0,0.0,0.0,0.0,2,49.0,53.0,2,50.0,52.5,52.5,50.0,22.0,11330.0,62
2023-05-09 21:58:48,rb2401P3100,rb2401P3100,50.0,0.0,0.0,0.0,2,49.0,52.0,3,50.0,52.5,52.5,50.0,22.0,11330.0,62
2023-05-09 21:58:51,rb2401P3100,rb2401P3100,50.0,0.0,0.0,0.0,2,49.0,52.0,3,50.0,52.5,52.5,50.0,22.0,11330.0,62
2023-05-09 21:58:52,rb2401P3100,rb2401P3100,50.0,0.0,0.0,0.0,1,50.0,52.0,3,50.0,52.5,52.5,50.0,22.0,11330.0,62
2023-05-09 21:58:56,rb2401P3100,rb2401P3100,50.0,0.0,0.0,0.0,1,50.0,50.5,1,50.0,52.5,52.5,50.0,22.0,11330.0,62
2023-05-09 21:58:57,rb2401P3100,rb2401P3100,50.0,0.0,0.0,0.0,1,50.0,50.5,1,50.0,52.5,52.5,50.0,22.0,11330.0,62
2023-05-09 21:58:57,rb2401P3100,rb2401P3100,50.0,0.0,0.0,0.0,1,50.0,50.5,1,50.0,52.5,52.5,50.0,22.0,11330.0,62
2023-05-09 21:58:58,rb2401P3100,rb2401P3100,50.0,0.0,0.0,0.0,1,50.0,50.5,1,50.0,52.5,52.5,50.0,22.0,11330.0,62
2023-05-09 21:59:02,rb2401P3100,rb2401P3100,50.0,0.0,0.0,0.0,1,50.0,50.5,1,50.0,52.5,52.5,50.0,22.0,11330.0,62
2023-05-09 21:59:02,rb2401P3100,rb2401P3100,50.0,0.0,0.0,0.0,1,50.0,50.5,1,50.0,52.5,52.5,50.0,22.0,11330.0,62
2023-05-09 21:59:03,rb2401P3100,rb2401P3100,50.0,0.0,0.0,0.0,1,49.5,50.5,1,50.0,52.5,52.5,50.0,22.0,11330.0,62
2023-05-09 21:59:03,rb2401P3100,rb2401P3100,50.0,0.0,0.0,0.0,1,49.5,50.5,1,50.0,52.5,52.5,50.0,22.0,11330.0,62
2023-05-09 21:59:07,rb2401P3100,rb2401P3100,50.0,0.0,0.0,0.0,1,49.5,51.0,3,50.0,52.5,52.5,50.0,22.0,11330.0,62
2023-05-09 21:59:08,rb2401P3100,rb2401P3100,50.0,0.0,0.0,0.0,1,49.5,51.0,2,50.0,52.5,52.5,50.0,22.0,11330.0,62
2023-05-09 21:59:09,rb2401P3100,rb2401P3100,50.0,0.0,0.0,0.0,2,49.0,51.0,1,50.0,52.5,52.5,50.0,22.0,11330.0,62
2023-05-09 21:59:13,rb2401P3100,rb2401P3100,50.0,0.0,0.0,0.0,1,49.0,52.0,4,50.0,52.5,52.5,50.0,22.0,11330.0,62
2023-05-09 21:59:15,rb2401P3100,rb2401P3100,50.0,0.0,0.0,0.0,1,49.0,52.0,3,50.0,52.5,52.5,50.0,22.0,11330.0,62
2023-05-09 22:03:40,rb2401P3100,rb2401P3100,50.0,0.0,0.0,0.0,1,49.0,0.0,0,50.0,52.5,52.5,50.0,22.0,11330.0,62
2023-05-09 22:03:49,rb2401P3100,rb2401P3100,50.0,0.0,0.0,0.0,1,49.0,54.5,1,50.0,52.5,52.5,50.0,22.0,11330.0,62
2023-05-09 22:03:49,rb2401P3100,rb2401P3100,50.0,0.0,0.0,0.0,2,49.0,54.5,2,50.0,52.5,52.5,50.0,22.0,11330.0,62
2023-05-09 22:03:50,rb2401P3100,rb2401P3100,50.0,0.0,0.0,0.0,3,49.0,54.5,3,50.0,52.5,52.5,50.0,22.0,11330.0,62
2023-05-09 22:03:51,rb2401P3100,rb2401P3100,50.0,0.0,0.0,0.0,3,49.0,52.0,3,50.0,52.5,52.5,50.0,22.0,11330.0,62
2023-05-09 22:03:54,rb2401P3100,rb2401P3100,50.0,0.0,0.0,0.0,3,49.0,52.0,3,50.0,52.5,52.5,50.0,22.0,11330.0,62
2023-05-09 22:03:55,rb2401P3100,rb2401P3100,50.0,0.0,0.0,0.0,1,50.5,52.0,3,50.0,52.5,52.5,50.0,22.0,11330.0,62
2023-05-09 22:03:59,rb2401P3100,rb2401P3100,50.0,0.0,0.0,0.0,1,50.5,51.5,1,50.0,52.5,52.5,50.0,22.0,11330.0,62
2023-05-09 22:04:01,rb2401P3100,rb2401P3100,50.0,0.0,0.0,0.0,1,50.5,51.5,1,50.0,52.5,52.5,50.0,22.0,11330.0,62
2023-05-09 22:04:02,rb2401P3100,rb2401P3100,50.0,0.0,0.0,0.0,1,50.5,51.5,1,50.0,52.5,52.5,50.0,22.0,11330.0,62
2023-05-09 22:04:05,rb2401P3100,rb2401P3100,50.0,0.0,0.0,0.0,1,50.5,51.5,1,50.0,52.5,52.5,50.0,22.0,11330.0,62
2023-05-09 22:04:06,rb2401P3100,rb2401P3100,50.0,0.0,0.0,0.0,1,50.5,51.5,1,50.0,52.5,52.5,50.0,22.0,11330.0,62
2023-05-09 22:04:06,rb2401P3100,rb2401P3100,50.0,0.0,0.0,0.0,1,50.0,51.5,1,50.0,52.5,52.5,50.0,22.0,11330.0,62
2023-05-09 22:04:07,rb2401P3100,rb2401P3100,50.0,0.0,0.0,0.0,1,50.0,51.5,1,50.0,52.5,52.5,50.0,22.0,11330.0,62
2023-05-09 22:04:08,rb2401P3100,rb2401P3100,50.0,0.0,0.0,0.0,1,50.0,51.5,1,50.0,52.5,52.5,50.0,22.0,11330.0,62
2023-05-09 22:04:10,rb2401P3100,rb2401P3100,50.0,0.0,0.0,0.0,1,50.0,52.0,7,50.0,52.5,52.5,50.0,22.0,11330.0,62
2023-05-09 22:04:12,rb2401P3100,rb2401P3100,50.0,0.0,0.0,0.0,1,50.0,52.0,6,50.0,52.5,52.5,50.0,22.0,11330.0,62
2023-05-09 22:04:13,rb2401P3100,rb2401P3100,50.0,0.0,0.0,0.0,3,49.0,52.0,4,50.0,52.5,52.5,50.0,22.0,11330.0,62
2023-05-09 22:04:16,rb2401P3100,rb2401P3100,50.0,0.0,0.0,0.0,2,49.0,52.0,3,50.0,52.5,52.5,50.0,22.0,11330.0,62
2023-05-09 22:04:19,rb2401P3100,rb2401P3100,50.0,0.0,0.0,0.0,1,49.0,52.0,3,50.0,52.5,52.5,50.0,22.0,11330.0,62
2023-05-09 22:04:19,rb2401P3100,rb2401P3100,50.0,0.0,0.0,0.0,1,49.0,51.5,3,50.0,52.5,52.5,50.0,22.0,11330.0,62
2023-05-09 22:04:24,rb2401P3100,rb2401P3100,50.0,0.0,0.0,0.0,1,49.0,0.0,0,50.0,52.5,52.5,50.0,22.0,11330.0,62
2023-05-09 22:07:06,rb2401P3100,rb2401P3100,50.0,0.0,0.0,0.0,1,49.0,54.0,1,50.0,52.5,52.5,50.0,22.0,11330.0,62
2023-05-09 22:07:07,rb2401P3100,rb2401P3100,50.0,0.0,0.0,0.0,2,49.0,54.0,1,50.0,52.5,52.5,50.0,22.0,11330.0,62
2023-05-09 22:07:07,rb2401P3100,rb2401P3100,50.0,0.0,0.0,0.0,3,49.0,54.0,2,50.0,52.5,52.5,50.0,22.0,11330.0,62
2023-05-09 22:07:08,rb2401P3100,rb2401P3100,50.0,0.0,0.0,0.0,3,49.0,52.0,1,50.0,52.5,52.5,50.0,22.0,11330.0,62
2023-05-09 22:07:12,rb2401P3100,rb2401P3100,50.0,0.0,0.0,0.0,3,49.0,52.0,1,50.0,52.5,52.5,50.0,22.0,11330.0,62
2023-05-09 22:07:16,rb2401P3100,rb2401P3100,50.0,0.0,0.0,0.0,3,49.0,51.0,1,50.0,52.5,52.5,50.0,22.0,11330.0,62
2023-05-09 22:07:18,rb2401P3100,rb2401P3100,50.0,0.0,0.0,0.0,1,50.5,51.0,1,50.0,52.5,52.5,50.0,22.0,11330.0,62
2023-05-09 22:07:19,rb2401P3100,rb2401P3100,50.0,0.0,0.0,0.0,1,50.5,51.0,1,50.0,52.5,52.5,50.0,22.0,11330.0,62
2023-05-09 22:07:22,rb2401P3100,rb2401P3100,50.0,0.0,0.0,0.0,1,50.5,51.0,1,50.0,52.5,52.5,50.0,22.0,11330.0,62
2023-05-09 22:07:23,rb2401P3100,rb2401P3100,50.0,0.0,0.0,0.0,1,50.5,51.0,1,50.0,52.5,52.5,50.0,22.0,11330.0,62
2023-05-09 22:07:24,rb2401P3100,rb2401P3100,50.0,0.0,0.0,0.0,1,50.5,51.0,1,50.0,52.5,52.5,50.0,22.0,11330.0,62
2023-05-09 22:07:24,rb2401P3100,rb2401P3100,50.0,0.0,0.0,0.0,1,50.5,51.0,1,50.0,52.5,52.5,50.0,22.0,11330.0,62
2023-05-09 22:07:25,rb2401P3100,rb2401P3100,50.0,0.0,0.0,0.0,1,50.5,51.0,1,50.0,52.5,52.5,50.0,22.0,11330.0,62
2023-05-09 22:07:27,rb2401P3100,rb2401P3100,50.0,0.0,0.0,0.0,1,50.5,51.5,6,50.0,52.5,52.5,50.0,22.0,11330.0,62
2023-05-09 22:07:29,rb2401P3100,rb2401P3100,50.0,0.0,0.0,0.0,1,50.0,51.5,5,50.0,52.5,52.5,50.0,22.0,11330.0,62
2023-05-09 22:07:30,rb2401P3100,rb2401P3100,50.0,0.0,0.0,0.0,3,49.0,51.5,3,50.0,52.5,52.5,50.0,22.0,11330.0,62
2023-05-09 22:07:34,rb2401P3100,rb2401P3100,50.0,0.0,0.0,0.0,2,49.0,51.5,2,50.0,52.5,52.5,50.0,22.0,11330.0,62
2023-05-09 22:07:36,rb2401P3100,rb2401P3100,50.0,0.0,0.0,0.0,1,49.0,51.5,2,50.0,52.5,52.5,50.0,22.0,11330.0,62
2023-05-09 22:07:44,rb2401P3100,rb2401P3100,50.0,0.0,0.0,0.0,1,49.0,52.0,1,50.0,52.5,52.5,50.0,22.0,11330.0,62
2023-05-09 22:07:57,rb2401P3100,rb2401P3100,50.0,0.0,0.0,0.0,1,49.0,0.0,0,50.0,52.5,52.5,50.0,22.0,11330.0,62
2023-05-09 22:08:20,rb2401P3100,rb2401P3100,50.0,0.0,0.0,0.0,1,49.0,54.5,1,50.0,52.5,52.5,50.0,22.0,11330.0,62
2023-05-09 22:08:21,rb2401P3100,rb2401P3100,50.0,0.0,0.0,0.0,2,49.0,54.5,2,50.0,52.5,52.5,50.0,22.0,11330.0,62
2023-05-09 22:08:21,rb2401P3100,rb2401P3100,50.0,0.0,0.0,0.0,3,49.0,54.5,3,50.0,52.5,52.5,50.0,22.0,11330.0,62
2023-05-09 22:08:22,rb2401P3100,rb2401P3100,50.0,0.0,0.0,0.0,3,49.0,53.0,1,50.0,52.5,52.5,50.0,22.0,11330.0,62
2023-05-09 22:08:26,rb2401P3100,rb2401P3100,50.0,0.0,0.0,0.0,3,49.0,53.0,1,50.0,52.5,52.5,50.0,22.0,11330.0,62
2023-05-09 22:08:31,rb2401P3100,rb2401P3100,50.0,0.0,0.0,0.0,3,49.0,51.5,1,50.0,52.5,52.5,50.0,22.0,11330.0,62
2023-05-09 22:08:32,rb2401P3100,rb2401P3100,50.0,0.0,0.0,0.0,2,49.0,51.5,1,50.0,52.5,52.5,50.0,22.0,11330.0,62
2023-05-09 22:08:32,rb2401P3100,rb2401P3100,50.0,0.0,0.0,0.0,2,49.0,51.5,1,50.0,52.5,52.5,50.0,22.0,11330.0,62
2023-05-09 22:08:33,rb2401P3100,rb2401P3100,50.0,0.0,0.0,0.0,2,49.0,51.5,1,50.0,52.5,52.5,50.0,22.0,11330.0,62
2023-05-09 22:08:37,rb2401P3100,rb2401P3100,50.0,0.0,0.0,0.0,1,49.0,51.5,1,50.0,52.5,52.5,50.0,22.0,11330.0,62
2023-05-09 22:08:38,rb2401P3100,rb2401P3100,50.0,0.0,0.0,0.0,1,49.0,51.5,1,50.0,52.5,52.5,50.0,22.0,11330.0,62
2023-05-09 22:08:38,rb2401P3100,rb2401P3100,50.0,0.0,0.0,0.0,1,50.5,51.5,1,50.0,52.5,52.5,50.0,22.0,11330.0,62
2023-05-09 22:08:41,rb2401P3100,rb2401P3100,50.5,1.0,505.0,0.0,1,49.0,50.5,1,50.0,52.5,52.5,50.0,23.0,11835.0,62
2023-05-09 22:08:42,rb2401P3100,rb2401P3100,50.5,0.0,0.0,0.0,1,49.0,50.5,1,50.0,52.5,52.5,50.0,23.0,11835.0,62
2023-05-09 22:08:43,rb2401P3100,rb2401P3100,50.5,0.0,0.0,0.0,1,49.0,50.5,1,50.0,52.5,52.5,50.0,23.0,11835.0,62
2023-05-09 22:08:44,rb2401P3100,rb2401P3100,50.5,0.0,0.0,0.0,1,49.0,50.5,1,50.0,52.5,52.5,50.0,23.0,11835.0,62
2023-05-09 22:08:48,rb2401P3100,rb2401P3100,50.5,0.0,0.0,0.0,1,49.0,50.5,1,50.0,52.5,52.5,50.0,23.0,11835.0,62
2023-05-09 22:08:49,rb2401P3100,rb2401P3100,50.5,0.0,0.0,0.0,1,49.0,50.5,1,50.0,52.5,52.5,50.0,23.0,11835.0,62
2023-05-09 22:08:50,rb2401P3100,rb2401P3100,50.5,0.0,0.0,0.0,1,49.0,50.5,1,50.0,52.5,52.5,50.0,23.0,11835.0,62
2023-05-09 22:08:54,rb2401P3100,rb2401P3100,50.5,0.0,0.0,0.0,1,49.0,53.0,1,50.0,52.5,52.5,50.0,23.0,11835.0,62
2023-05-09 22:09:04,rb2401P3100,rb2401P3100,50.5,0.0,0.0,0.0,1,49.0,0.0,0,50.0,52.5,52.5,50.0,23.0,11835.0,62
2023-05-09 22:10:04,rb2401P3100,rb2401P3100,50.5,0.0,0.0,0.0,1,49.0,54.5,1,50.0,52.5,52.5,50.0,23.0,11835.0,62
2023-05-09 22:10:04,rb2401P3100,rb2401P3100,50.5,0.0,0.0,0.0,2,49.0,54.5,2,50.0,52.5,52.5,50.0,23.0,11835.0,62
2023-05-09 22:10:05,rb2401P3100,rb2401P3100,50.5,0.0,0.0,0.0,3,49.0,54.5,3,50.0,52.5,52.5,50.0,23.0,11835.0,62
2023-05-09 22:10:07,rb2401P3100,rb2401P3100,50.5,0.0,0.0,0.0,3,49.0,51.0,1,50.0,52.5,52.5,50.0,23.0,11835.0,62
2023-05-09 22:10:09,rb2401P3100,rb2401P3100,50.5,0.0,0.0,0.0,3,49.0,51.0,1,50.0,52.5,52.5,50.0,23.0,11835.0,62
2023-05-09 22:10:14,rb2401P3100,rb2401P3100,50.5,0.0,0.0,0.0,3,49.0,51.0,1,50.0,52.5,52.5,50.0,23.0,11835.0,62
2023-05-09 22:10:15,rb2401P3100,rb2401P3100,50.5,0.0,0.0,0.0,2,49.0,51.0,1,50.0,52.5,52.5,50.0,23.0,11835.0,62
2023-05-09 22:10:16,rb2401P3100,rb2401P3100,50.5,0.0,0.0,0.0,2,49.0,51.0,1,50.0,52.5,52.5,50.0,23.0,11835.0,62
2023-05-09 22:10:17,rb2401P3100,rb2401P3100,50.5,0.0,0.0,0.0,2,49.0,51.0,1,50.0,52.5,52.5,50.0,23.0,11835.0,62
2023-05-09 22:10:18,rb2401P3100,rb2401P3100,50.5,0.0,0.0,0.0,1,50.5,51.0,1,50.0,52.5,52.5,50.0,23.0,11835.0,62
2023-05-09 22:10:20,rb2401P3100,rb2401P3100,50.5,1.0,505.0,0.0,1,49.0,51.0,1,50.0,52.5,52.5,50.0,24.0,12340.0,62
2023-05-09 22:10:21,rb2401P3100,rb2401P3100,50.5,0.0,0.0,0.0,1,49.0,51.0,1,50.0,52.5,52.5,50.0,24.0,12340.0,62
2023-05-09 22:10:21,rb2401P3100,rb2401P3100,50.5,0.0,0.0,0.0,1,49.0,51.0,1,50.0,52.5,52.5,50.0,24.0,12340.0,62
2023-05-09 22:10:22,rb2401P3100,rb2401P3100,50.5,0.0,0.0,0.0,1,49.0,51.0,1,50.0,52.5,52.5,50.0,24.0,12340.0,62
2023-05-09 22:10:25,rb2401P3100,rb2401P3100,50.5,0.0,0.0,0.0,1,49.0,51.0,1,50.0,52.5,52.5,50.0,24.0,12340.0,62
2023-05-09 22:10:27,rb2401P3100,rb2401P3100,50.5,0.0,0.0,0.0,1,49.0,51.0,1,50.0,52.5,52.5,50.0,24.0,12340.0,62
2023-05-09 22:10:28,rb2401P3100,rb2401P3100,50.5,0.0,0.0,0.0,1,49.0,51.0,1,50.0,52.5,52.5,50.0,24.0,12340.0,62
2023-05-09 22:10:29,rb2401P3100,rb2401P3100,50.5,0.0,0.0,0.0,1,49.0,51.0,1,50.0,52.5,52.5,50.0,24.0,12340.0,62
2023-05-09 22:10:31,rb2401P3100,rb2401P3100,50.5,0.0,0.0,0.0,1,49.0,51.0,1,50.0,52.5,52.5,50.0,24.0,12340.0,62
2023-05-09 22:10:34,rb2401P3100,rb2401P3100,50.5,0.0,0.0,0.0,1,49.0,51.0,1,50.0,52.5,52.5,50.0,24.0,12340.0,62
2023-05-09 22:11:55,rb2401P3100,rb2401P3100,50.5,0.0,0.0,0.0,1,49.0,0.0,0,50.0,52.5,52.5,50.0,24.0,12340.0,62
2023-05-09 22:12:02,rb2401P3100,rb2401P3100,50.5,0.0,0.0,0.0,1,49.0,54.5,1,50.0,52.5,52.5,50.0,24.0,12340.0,62
2023-05-09 22:12:03,rb2401P3100,rb2401P3100,50.5,0.0,0.0,0.0,2,49.0,54.5,2,50.0,52.5,52.5,50.0,24.0,12340.0,62
2023-05-09 22:12:04,rb2401P3100,rb2401P3100,50.5,0.0,0.0,0.0,3,49.0,54.5,3,50.0,52.5,52.5,50.0,24.0,12340.0,62
2023-05-09 22:12:04,rb2401P3100,rb2401P3100,50.5,0.0,0.0,0.0,3,49.0,51.0,1,50.0,52.5,52.5,50.0,24.0,12340.0,62
2023-05-09 22:12:08,rb2401P3100,rb2401P3100,50.5,0.0,0.0,0.0,3,49.0,51.0,1,50.0,52.5,52.5,50.0,24.0,12340.0,62
2023-05-09 22:12:11,rb2401P3100,rb2401P3100,51.0,1.0,510.0,0.0,3,49.0,54.0,2,50.0,52.5,52.5,50.0,25.0,12850.0,62
2023-05-09 22:12:13,rb2401P3100,rb2401P3100,51.0,0.0,0.0,0.0,3,49.0,51.5,1,50.0,52.5,52.5,50.0,25.0,12850.0,62
2023-05-09 22:12:14,rb2401P3100,rb2401P3100,51.0,0.0,0.0,0.0,2,49.0,51.5,1,50.0,52.5,52.5,50.0,25.0,12850.0,62
2023-05-09 22:12:14,rb2401P3100,rb2401P3100,51.0,0.0,0.0,0.0,2,49.0,51.5,1,50.0,52.5,52.5,50.0,25.0,12850.0,62
2023-05-09 22:12:15,rb2401P3100,rb2401P3100,51.0,0.0,0.0,0.0,2,49.0,51.5,1,50.0,52.5,52.5,50.0,25.0,12850.0,62
2023-05-09 22:12:16,rb2401P3100,rb2401P3100,51.0,0.0,0.0,0.0,2,49.0,51.5,1,50.0,52.5,52.5,50.0,25.0,12850.0,62
2023-05-09 22:12:19,rb2401P3100,rb2401P3100,51.0,0.0,0.0,0.0,1,49.0,51.5,1,50.0,52.5,52.5,50.0,25.0,12850.0,62
2023-05-09 22:12:20,rb2401P3100,rb2401P3100,51.0,0.0,0.0,0.0,1,49.0,51.5,1,50.0,52.5,52.5,50.0,25.0,12850.0,62
2023-05-09 22:12:20,rb2401P3100,rb2401P3100,51.0,0.0,0.0,0.0,1,49.0,51.5,1,50.0,52.5,52.5,50.0,25.0,12850.0,62
2023-05-09 22:12:21,rb2401P3100,rb2401P3100,51.0,0.0,0.0,0.0,1,49.0,51.5,1,50.0,52.5,52.5,50.0,25.0,12850.0,62
2023-05-09 22:12:22,rb2401P3100,rb2401P3100,51.0,0.0,0.0,0.0,1,49.0,51.5,1,50.0,52.5,52.5,50.0,25.0,12850.0,62
2023-05-09 22:12:24,rb2401P3100,rb2401P3100,51.0,0.0,0.0,0.0,1,49.0,52.0,4,50.0,52.5,52.5,50.0,25.0,12850.0,62
2023-05-09 22:12:26,rb2401P3100,rb2401P3100,51.0,0.0,0.0,0.0,1,49.0,52.0,3,50.0,52.5,52.5,50.0,25.0,12850.0,62
2023-05-09 22:12:26,rb2401P3100,rb2401P3100,51.0,0.0,0.0,0.0,1,49.0,52.0,3,50.0,52.5,52.5,50.0,25.0,12850.0,62
2023-05-09 22:12:27,rb2401P3100,rb2401P3100,51.0,0.0,0.0,0.0,1,49.0,52.0,2,50.0,52.5,52.5,50.0,25.0,12850.0,62
2023-05-09 22:12:30,rb2401P3100,rb2401P3100,51.0,0.0,0.0,0.0,1,49.0,52.0,1,50.0,52.5,52.5,50.0,25.0,12850.0,62
2023-05-09 22:12:33,rb2401P3100,rb2401P3100,51.0,0.0,0.0,0.0,1,49.0,0.0,0,50.0,52.5,52.5,50.0,25.0,12850.0,62
2023-05-09 22:13:50,rb2401P3100,rb2401P3100,51.0,0.0,0.0,0.0,1,49.0,55.0,1,50.0,52.5,52.5,50.0,25.0,12850.0,62
2023-05-09 22:13:51,rb2401P3100,rb2401P3100,51.0,0.0,0.0,0.0,2,49.0,55.0,2,50.0,52.5,52.5,50.0,25.0,12850.0,62
2023-05-09 22:14:01,rb2401P3100,rb2401P3100,51.0,0.0,0.0,0.0,2,49.0,51.5,1,50.0,52.5,52.5,50.0,25.0,12850.0,62
2023-05-09 22:14:02,rb2401P3100,rb2401P3100,51.5,1.0,515.0,1.0,2,49.0,53.0,1,50.0,52.5,52.5,50.0,26.0,13365.0,63
2023-05-09 22:14:02,rb2401P3100,rb2401P3100,51.5,0.0,0.0,0.0,2,49.0,53.0,2,50.0,52.5,52.5,50.0,26.0,13365.0,63
2023-05-09 22:14:03,rb2401P3100,rb2401P3100,51.5,0.0,0.0,0.0,2,49.0,53.0,2,50.0,52.5,52.5,50.0,26.0,13365.0,63
2023-05-09 22:14:06,rb2401P3100,rb2401P3100,51.5,0.0,0.0,0.0,1,49.0,53.0,2,50.0,52.5,52.5,50.0,26.0,13365.0,63
2023-05-09 22:14:08,rb2401P3100,rb2401P3100,51.5,0.0,0.0,0.0,1,49.0,53.0,2,50.0,52.5,52.5,50.0,26.0,13365.0,63
2023-05-09 22:14:08,rb2401P3100,rb2401P3100,51.5,0.0,0.0,0.0,2,49.0,53.0,3,50.0,52.5,52.5,50.0,26.0,13365.0,63
2023-05-09 22:14:12,rb2401P3100,rb2401P3100,51.5,0.0,0.0,0.0,2,49.0,53.0,3,50.0,52.5,52.5,50.0,26.0,13365.0,63
2023-05-09 22:14:13,rb2401P3100,rb2401P3100,51.5,0.0,0.0,0.0,2,49.0,53.0,3,50.0,52.5,52.5,50.0,26.0,13365.0,63
2023-05-09 22:14:13,rb2401P3100,rb2401P3100,51.5,0.0,0.0,0.0,2,49.0,53.0,1,50.0,52.5,52.5,50.0,26.0,13365.0,63
2023-05-09 22:14:14,rb2401P3100,rb2401P3100,51.5,0.0,0.0,0.0,2,49.0,53.0,1,50.0,52.5,52.5,50.0,26.0,13365.0,63
2023-05-09 22:14:18,rb2401P3100,rb2401P3100,51.5,0.0,0.0,0.0,2,49.0,53.0,1,50.0,52.5,52.5,50.0,26.0,13365.0,63
2023-05-09 22:14:20,rb2401P3100,rb2401P3100,51.5,0.0,0.0,0.0,1,49.0,0.0,0,50.0,52.5,52.5,50.0,26.0,13365.0,63
2023-05-09 22:15:03,rb2401P3100,rb2401P3100,51.5,0.0,0.0,0.0,1,49.0,54.5,1,50.0,52.5,52.5,50.0,26.0,13365.0,63
2023-05-09 22:15:04,rb2401P3100,rb2401P3100,51.5,0.0,0.0,0.0,2,49.0,54.5,2,50.0,52.5,52.5,50.0,26.0,13365.0,63
2023-05-09 22:15:04,rb2401P3100,rb2401P3100,51.5,0.0,0.0,0.0,3,49.0,54.5,3,50.0,52.5,52.5,50.0,26.0,13365.0,63
2023-05-09 22:15:09,rb2401P3100,rb2401P3100,51.5,0.0,0.0,0.0,3,49.0,54.5,3,50.0,52.5,52.5,50.0,26.0,13365.0,63
2023-05-09 22:15:13,rb2401P3100,rb2401P3100,51.5,0.0,0.0,0.0,3,49.0,51.5,1,50.0,52.5,52.5,50.0,26.0,13365.0,63
2023-05-09 22:15:15,rb2401P3100,rb2401P3100,51.5,0.0,0.0,0.0,4,49.0,51.5,1,50.0,52.5,52.5,50.0,26.0,13365.0,63
2023-05-09 22:15:16,rb2401P3100,rb2401P3100,51.5,0.0,0.0,0.0,4,49.0,51.5,1,50.0,52.5,52.5,50.0,26.0,13365.0,63
2023-05-09 22:15:19,rb2401P3100,rb2401P3100,51.5,0.0,0.0,0.0,3,49.0,51.5,1,50.0,52.5,52.5,50.0,26.0,13365.0,63
2023-05-09 22:15:20,rb2401P3100,rb2401P3100,51.5,0.0,0.0,0.0,4,49.0,51.5,1,50.0,52.5,52.5,50.0,26.0,13365.0,63
2023-05-09 22:15:21,rb2401P3100,rb2401P3100,51.5,0.0,0.0,0.0,4,49.0,51.5,1,50.0,52.5,52.5,50.0,26.0,13365.0,63
2023-05-09 22:15:22,rb2401P3100,rb2401P3100,51.5,0.0,0.0,0.0,3,49.0,51.5,1,50.0,52.5,52.5,50.0,26.0,13365.0,63
2023-05-09 22:15:24,rb2401P3100,rb2401P3100,51.5,0.0,0.0,0.0,3,49.0,52.0,4,50.0,52.5,52.5,50.0,26.0,13365.0,63
2023-05-09 22:15:26,rb2401P3100,rb2401P3100,51.5,0.0,0.0,0.0,3,49.0,52.0,3,50.0,52.5,52.5,50.0,26.0,13365.0,63
2023-05-09 22:15:27,rb2401P3100,rb2401P3100,51.5,0.0,0.0,0.0,2,49.0,52.0,2,50.0,52.5,52.5,50.0,26.0,13365.0,63
2023-05-09 22:15:31,rb2401P3100,rb2401P3100,51.5,0.0,0.0,0.0,1,49.0,52.0,1,50.0,52.5,52.5,50.0,26.0,13365.0,63
2023-05-09 22:15:33,rb2401P3100,rb2401P3100,51.5,0.0,0.0,0.0,1,49.0,0.0,0,50.0,52.5,52.5,50.0,26.0,13365.0,63
2023-05-09 22:57:50,rb2401P3100,rb2401P3100,51.5,0.0,0.0,0.0,1,49.0,0.0,0,50.0,52.5,52.5,50.0,26.0,13365.0,63
2023-05-09 22:57:51,rb2401P3100,rb2401P3100,51.5,0.0,0.0,0.0,1,49.0,0.0,0,50.0,52.5,52.5,50.0,26.0,13365.0,63
2023-05-09 22:58:46,rb2401P3100,rb2401P3100,51.5,0.0,0.0,0.0,1,49.0,0.0,0,50.0,52.5,52.5,50.0,26.0,13365.0,63
2023-05-10 09:04:54,rb2401P3100,rb2401P3100,51.5,0.0,0.0,0.0,1,49.0,52.0,1,50.0,52.5,52.5,50.0,26.0,13365.0,63
2023-05-10 09:04:54,rb2401P3100,rb2401P3100,51.5,0.0,0.0,0.0,1,49.0,52.0,1,50.0,52.5,52.5,50.0,26.0,13365.0,63
2023-05-10 09:04:55,rb2401P3100,rb2401P3100,51.5,0.0,0.0,0.0,2,49.0,52.0,2,50.0,52.5,52.5,50.0,26.0,13365.0,63
2023-05-10 09:05:00,rb2401P3100,rb2401P3100,51.5,0.0,0.0,0.0,1,49.5,52.0,3,50.0,52.5,52.5,50.0,26.0,13365.0,63
2023-05-10 09:05:03,rb2401P3100,rb2401P3100,49.5,1.0,495.0,1.0,2,49.0,52.0,3,50.0,52.5,52.5,49.5,27.0,13860.0,64
2023-05-10 09:05:05,rb2401P3100,rb2401P3100,49.5,0.0,0.0,0.0,2,49.0,52.0,3,50.0,52.5,52.5,49.5,27.0,13860.0,64
2023-05-10 09:05:06,rb2401P3100,rb2401P3100,49.5,0.0,0.0,0.0,2,49.0,52.0,4,50.0,52.5,52.5,49.5,27.0,13860.0,64
2023-05-10 09:05:10,rb2401P3100,rb2401P3100,49.5,0.0,0.0,0.0,1,49.0,52.0,3,50.0,52.5,52.5,49.5,27.0,13860.0,64
2023-05-10 09:05:11,rb2401P3100,rb2401P3100,49.5,0.0,0.0,0.0,1,49.0,52.0,4,50.0,52.5,52.5,49.5,27.0,13860.0,64
2023-05-10 09:05:11,rb2401P3100,rb2401P3100,49.5,0.0,0.0,0.0,1,49.0,52.0,3,50.0,52.5,52.5,49.5,27.0,13860.0,64
2023-05-10 09:05:12,rb2401P3100,rb2401P3100,49.5,0.0,0.0,0.0,1,49.0,52.0,3,50.0,52.5,52.5,49.5,27.0,13860.0,64
2023-05-10 09:05:15,rb2401P3100,rb2401P3100,49.5,0.0,0.0,0.0,1,49.0,52.0,3,50.0,52.5,52.5,49.5,27.0,13860.0,64
2023-05-10 09:05:17,rb2401P3100,rb2401P3100,49.5,0.0,0.0,0.0,1,49.0,52.0,2,50.0,52.5,52.5,49.5,27.0,13860.0,64
2023-05-10 09:05:18,rb2401P3100,rb2401P3100,49.5,0.0,0.0,0.0,1,49.0,52.0,1,50.0,52.5,52.5,49.5,27.0,13860.0,64
2023-05-10 09:05:21,rb2401P3100,rb2401P3100,49.5,0.0,0.0,0.0,1,49.0,52.5,1,50.0,52.5,52.5,49.5,27.0,13860.0,64
2023-05-10 09:05:24,rb2401P3100,rb2401P3100,49.5,0.0,0.0,0.0,1,49.0,0.0,0,50.0,52.5,52.5,49.5,27.0,13860.0,64
2023-05-10 09:05:28,rb2401P3100,rb2401P3100,49.0,1.0,490.0,1.0,1,3.5,0.0,0,50.0,52.5,52.5,49.0,28.0,14350.0,65
2023-05-10 09:05:28,rb2401P3100,rb2401P3100,49.0,0.0,0.0,0.0,2,11.5,0.0,0,50.0,52.5,52.5,49.0,28.0,14350.0,65
2023-05-10 09:05:29,rb2401P3100,rb2401P3100,49.0,0.0,0.0,0.0,1,12.0,0.0,0,50.0,52.5,52.5,49.0,28.0,14350.0,65
2023-05-10 09:05:29,rb2401P3100,rb2401P3100,49.0,0.0,0.0,0.0,4,12.5,0.0,0,50.0,52.5,52.5,49.0,28.0,14350.0,65
2023-05-10 09:05:30,rb2401P3100,rb2401P3100,49.0,0.0,0.0,0.0,1,13.0,0.0,0,50.0,52.5,52.5,49.0,28.0,14350.0,65
2023-05-10 09:05:30,rb2401P3100,rb2401P3100,49.0,0.0,0.0,0.0,1,13.0,0.0,0,50.0,52.5,52.5,49.0,28.0,14350.0,65
2023-05-10 09:05:31,rb2401P3100,rb2401P3100,49.0,0.0,0.0,0.0,4,13.5,0.0,0,50.0,52.5,52.5,49.0,28.0,14350.0,65
2023-05-10 09:05:31,rb2401P3100,rb2401P3100,49.0,0.0,0.0,0.0,1,14.0,0.0,0,50.0,52.5,52.5,49.0,28.0,14350.0,65
2023-05-10 09:05:32,rb2401P3100,rb2401P3100,49.0,0.0,0.0,0.0,1,14.0,0.0,0,50.0,52.5,52.5,49.0,28.0,14350.0,65
2023-05-10 09:05:32,rb2401P3100,rb2401P3100,49.0,0.0,0.0,0.0,4,14.5,0.0,0,50.0,52.5,52.5,49.0,28.0,14350.0,65
2023-05-10 09:05:33,rb2401P3100,rb2401P3100,49.0,0.0,0.0,0.0,1,15.0,0.0,0,50.0,52.5,52.5,49.0,28.0,14350.0,65
2023-05-10 09:05:33,rb2401P3100,rb2401P3100,49.0,0.0,0.0,0.0,2,23.0,0.0,0,50.0,52.5,52.5,49.0,28.0,14350.0,65
2023-05-10 09:05:34,rb2401P3100,rb2401P3100,49.0,0.0,0.0,0.0,5,23.5,0.0,0,50.0,52.5,52.5,49.0,28.0,14350.0,65
2023-05-10 09:05:35,rb2401P3100,rb2401P3100,49.0,0.0,0.0,0.0,5,23.5,0.0,0,50.0,52.5,52.5,49.0,28.0,14350.0,65
2023-05-10 09:05:35,rb2401P3100,rb2401P3100,49.0,0.0,0.0,0.0,2,27.5,0.0,0,50.0,52.5,52.5,49.0,28.0,14350.0,65
2023-05-10 09:05:36,rb2401P3100,rb2401P3100,49.0,0.0,0.0,0.0,2,27.5,0.0,0,50.0,52.5,52.5,49.0,28.0,14350.0,65
2023-05-10 09:05:36,rb2401P3100,rb2401P3100,49.0,0.0,0.0,0.0,4,28.0,0.0,0,50.0,52.5,52.5,49.0,28.0,14350.0,65
2023-05-10 09:05:37,rb2401P3100,rb2401P3100,49.0,0.0,0.0,0.0,5,28.0,0.0,0,50.0,52.5,52.5,49.0,28.0,14350.0,65
2023-05-10 09:05:38,rb2401P3100,rb2401P3100,49.0,0.0,0.0,0.0,2,28.5,0.0,0,50.0,52.5,52.5,49.0,28.0,14350.0,65
2023-05-10 09:05:38,rb2401P3100,rb2401P3100,49.0,0.0,0.0,0.0,2,28.5,0.0,0,50.0,52.5,52.5,49.0,28.0,14350.0,65
2023-05-10 09:05:39,rb2401P3100,rb2401P3100,49.0,0.0,0.0,0.0,4,29.0,0.0,0,50.0,52.5,52.5,49.0,28.0,14350.0,65
2023-05-10 09:05:48,rb2401P3100,rb2401P3100,49.0,0.0,0.0,0.0,4,29.0,50.0,1,50.0,52.5,52.5,49.0,28.0,14350.0,65
2023-05-10 09:05:48,rb2401P3100,rb2401P3100,49.0,0.0,0.0,0.0,2,29.5,50.0,1,50.0,52.5,52.5,49.0,28.0,14350.0,65
2023-05-10 09:05:49,rb2401P3100,rb2401P3100,49.0,0.0,0.0,0.0,2,29.5,50.0,1,50.0,52.5,52.5,49.0,28.0,14350.0,65
2023-05-10 09:05:49,rb2401P3100,rb2401P3100,49.0,0.0,0.0,0.0,4,30.0,50.0,1,50.0,52.5,52.5,49.0,28.0,14350.0,65
2023-05-10 09:05:50,rb2401P3100,rb2401P3100,49.0,0.0,0.0,0.0,4,30.0,50.0,1,50.0,52.5,52.5,49.0,28.0,14350.0,65
2023-05-10 09:06:11,rb2401P3100,rb2401P3100,49.0,0.0,0.0,0.0,1,43.0,50.0,1,50.0,52.5,52.5,49.0,28.0,14350.0,65
2023-05-10 09:06:12,rb2401P3100,rb2401P3100,49.0,0.0,0.0,0.0,1,43.0,50.0,1,50.0,52.5,52.5,49.0,28.0,14350.0,65
2023-05-10 09:06:13,rb2401P3100,rb2401P3100,49.0,0.0,0.0,0.0,2,43.0,50.0,2,50.0,52.5,52.5,49.0,28.0,14350.0,65
2023-05-10 09:06:21,rb2401P3100,rb2401P3100,49.0,0.0,0.0,0.0,1,48.5,50.0,2,50.0,52.5,52.5,49.0,28.0,14350.0,65
2023-05-10 09:06:21,rb2401P3100,rb2401P3100,49.0,0.0,0.0,0.0,1,48.5,50.0,2,50.0,52.5,52.5,49.0,28.0,14350.0,65
2023-05-10 09:06:23,rb2401P3100,rb2401P3100,49.0,0.0,0.0,0.0,1,48.5,50.0,2,50.0,52.5,52.5,49.0,28.0,14350.0,65
2023-05-10 09:06:24,rb2401P3100,rb2401P3100,49.0,0.0,0.0,0.0,1,48.5,50.0,3,50.0,52.5,52.5,49.0,28.0,14350.0,65
2023-05-10 09:06:25,rb2401P3100,rb2401P3100,48.5,1.0,485.0,1.0,1,47.5,50.0,3,50.0,52.5,52.5,48.5,29.0,14835.0,66
2023-05-10 09:06:28,rb2401P3100,rb2401P3100,48.5,0.0,0.0,0.0,1,47.5,50.0,2,50.0,52.5,52.5,48.5,29.0,14835.0,66
2023-05-10 09:06:29,rb2401P3100,rb2401P3100,48.5,0.0,0.0,0.0,1,47.5,49.5,1,50.0,52.5,52.5,48.5,29.0,14835.0,66
2023-05-10 09:06:29,rb2401P3100,rb2401P3100,48.5,0.0,0.0,0.0,1,47.5,49.5,1,50.0,52.5,52.5,48.5,29.0,14835.0,66
2023-05-10 09:06:32,rb2401P3100,rb2401P3100,48.5,0.0,0.0,0.0,1,47.5,49.5,1,50.0,52.5,52.5,48.5,29.0,14835.0,66
2023-05-10 09:06:32,rb2401P3100,rb2401P3100,48.5,0.0,0.0,0.0,1,47.5,49.5,1,50.0,52.5,52.5,48.5,29.0,14835.0,66
2023-05-10 09:06:33,rb2401P3100,rb2401P3100,48.5,0.0,0.0,0.0,3,46.5,49.5,1,50.0,52.5,52.5,48.5,29.0,14835.0,66
2023-05-10 09:06:35,rb2401P3100,rb2401P3100,48.5,0.0,0.0,0.0,3,46.5,49.5,1,50.0,52.5,52.5,48.5,29.0,14835.0,66
2023-05-10 09:06:35,rb2401P3100,rb2401P3100,48.5,0.0,0.0,0.0,2,46.5,49.5,1,50.0,52.5,52.5,48.5,29.0,14835.0,66
2023-05-10 09:06:39,rb2401P3100,rb2401P3100,48.5,0.0,0.0,0.0,1,46.5,49.5,1,50.0,52.5,52.5,48.5,29.0,14835.0,66
2023-05-10 09:06:41,rb2401P3100,rb2401P3100,48.5,0.0,0.0,0.0,1,28.0,49.5,1,50.0,52.5,52.5,48.5,29.0,14835.0,66
2023-05-10 09:06:42,rb2401P3100,rb2401P3100,48.5,0.0,0.0,0.0,6,28.5,49.5,1,50.0,52.5,52.5,48.5,29.0,14835.0,66
2023-05-10 09:16:14,rb2401P3100,rb2401P3100,48.5,0.0,0.0,0.0,1,43.5,49.5,1,50.0,52.5,52.5,48.5,29.0,14835.0,66
2023-05-10 09:16:15,rb2401P3100,rb2401P3100,48.5,0.0,0.0,0.0,1,43.5,49.5,1,50.0,52.5,52.5,48.5,29.0,14835.0,66
2023-05-10 09:16:15,rb2401P3100,rb2401P3100,48.5,0.0,0.0,0.0,2,43.5,49.5,2,50.0,52.5,52.5,48.5,29.0,14835.0,66
2023-05-10 09:16:25,rb2401P3100,rb2401P3100,48.5,0.0,0.0,0.0,1,47.0,49.5,2,50.0,52.5,52.5,48.5,29.0,14835.0,66
2023-05-10 09:16:25,rb2401P3100,rb2401P3100,48.5,0.0,0.0,0.0,1,47.0,49.5,2,50.0,52.5,52.5,48.5,29.0,14835.0,66
2023-05-10 09:16:26,rb2401P3100,rb2401P3100,48.5,0.0,0.0,0.0,1,47.0,49.5,2,50.0,52.5,52.5,48.5,29.0,14835.0,66
2023-05-10 09:16:26,rb2401P3100,rb2401P3100,48.5,0.0,0.0,0.0,1,47.0,49.5,2,50.0,52.5,52.5,48.5,29.0,14835.0,66
2023-05-10 09:16:27,rb2401P3100,rb2401P3100,48.5,0.0,0.0,0.0,1,47.0,49.5,2,50.0,52.5,52.5,48.5,29.0,14835.0,66
2023-05-10 09:16:29,rb2401P3100,rb2401P3100,48.5,0.0,0.0,0.0,1,48.5,49.5,2,50.0,52.5,52.5,48.5,29.0,14835.0,66
2023-05-10 09:16:30,rb2401P3100,rb2401P3100,48.5,0.0,0.0,0.0,1,48.5,49.5,1,50.0,52.5,52.5,48.5,29.0,14835.0,66
2023-05-10 09:16:31,rb2401P3100,rb2401P3100,48.5,0.0,0.0,0.0,1,48.5,49.5,1,50.0,52.5,52.5,48.5,29.0,14835.0,66
2023-05-10 09:16:32,rb2401P3100,rb2401P3100,48.5,0.0,0.0,0.0,1,48.5,49.5,1,50.0,52.5,52.5,48.5,29.0,14835.0,66
2023-05-10 09:16:36,rb2401P3100,rb2401P3100,48.5,0.0,0.0,0.0,1,48.5,49.5,1,50.0,52.5,52.5,48.5,29.0,14835.0,66
2023-05-10 09:16:36,rb2401P3100,rb2401P3100,48.5,0.0,0.0,0.0,1,48.5,49.5,1,50.0,52.5,52.5,48.5,29.0,14835.0,66
2023-05-10 09:16:37,rb2401P3100,rb2401P3100,48.5,0.0,0.0,0.0,1,48.5,49.5,1,50.0,52.5,52.5,48.5,29.0,14835.0,66
2023-05-10 09:16:38,rb2401P3100,rb2401P3100,48.5,0.0,0.0,0.0,1,48.5,49.5,1,50.0,52.5,52.5,48.5,29.0,14835.0,66
2023-05-10 09:16:40,rb2401P3100,rb2401P3100,48.5,0.0,0.0,0.0,1,47.0,49.5,1,50.0,52.5,52.5,48.5,29.0,14835.0,66
2023-05-10 09:16:42,rb2401P3100,rb2401P3100,48.5,0.0,0.0,0.0,1,47.0,49.5,1,50.0,52.5,52.5,48.5,29.0,14835.0,66
2023-05-10 09:16:44,rb2401P3100,rb2401P3100,48.5,0.0,0.0,0.0,1,28.0,49.5,1,50.0,52.5,52.5,48.5,29.0,14835.0,66
2023-05-10 09:16:45,rb2401P3100,rb2401P3100,48.5,0.0,0.0,0.0,6,28.5,0.0,0,50.0,52.5,52.5,48.5,29.0,14835.0,66
2023-05-10 09:16:45,rb2401P3100,rb2401P3100,48.5,0.0,0.0,0.0,6,28.5,50.0,1,50.0,52.5,52.5,48.5,29.0,14835.0,66
2023-05-10 09:25:31,rb2401P3100,rb2401P3100,48.5,0.0,0.0,0.0,1,43.5,50.0,1,50.0,52.5,52.5,48.5,29.0,14835.0,66
2023-05-10 09:25:32,rb2401P3100,rb2401P3100,48.5,0.0,0.0,0.0,1,43.5,50.0,1,50.0,52.5,52.5,48.5,29.0,14835.0,66
2023-05-10 09:25:32,rb2401P3100,rb2401P3100,48.5,0.0,0.0,0.0,2,43.5,50.0,2,50.0,52.5,52.5,48.5,29.0,14835.0,66
2023-05-10 09:25:41,rb2401P3100,rb2401P3100,48.5,0.0,0.0,0.0,2,43.5,50.0,2,50.0,52.5,52.5,48.5,29.0,14835.0,66
2023-05-10 09:25:42,rb2401P3100,rb2401P3100,48.5,0.0,0.0,0.0,1,47.0,50.0,3,50.0,52.5,52.5,48.5,29.0,14835.0,66
2023-05-10 09:25:42,rb2401P3100,rb2401P3100,48.5,0.0,0.0,0.0,1,47.0,50.0,3,50.0,52.5,52.5,48.5,29.0,14835.0,66
2023-05-10 09:25:43,rb2401P3100,rb2401P3100,48.5,0.0,0.0,0.0,1,47.0,50.0,5,50.0,52.5,52.5,48.5,29.0,14835.0,66
2023-05-10 09:25:44,rb2401P3100,rb2401P3100,48.5,0.0,0.0,0.0,1,48.5,50.0,5,50.0,52.5,52.5,48.5,29.0,14835.0,66
2023-05-10 09:25:44,rb2401P3100,rb2401P3100,48.5,0.0,0.0,0.0,1,48.5,50.0,5,50.0,52.5,52.5,48.5,29.0,14835.0,66
2023-05-10 09:25:47,rb2401P3100,rb2401P3100,48.5,0.0,0.0,0.0,1,48.5,50.0,4,50.0,52.5,52.5,48.5,29.0,14835.0,66
2023-05-10 09:25:48,rb2401P3100,rb2401P3100,48.5,0.0,0.0,0.0,1,48.5,50.0,5,50.0,52.5,52.5,48.5,29.0,14835.0,66
2023-05-10 09:25:49,rb2401P3100,rb2401P3100,48.5,0.0,0.0,0.0,1,48.5,50.0,5,50.0,52.5,52.5,48.5,29.0,14835.0,66
2023-05-10 09:25:52,rb2401P3100,rb2401P3100,48.5,0.0,0.0,0.0,1,48.5,49.5,1,50.0,52.5,52.5,48.5,29.0,14835.0,66
2023-05-10 09:25:53,rb2401P3100,rb2401P3100,48.5,0.0,0.0,0.0,1,48.5,49.5,1,50.0,52.5,52.5,48.5,29.0,14835.0,66
2023-05-10 09:25:53,rb2401P3100,rb2401P3100,48.5,0.0,0.0,0.0,1,48.5,49.5,1,50.0,52.5,52.5,48.5,29.0,14835.0,66
2023-05-10 09:25:54,rb2401P3100,rb2401P3100,48.5,0.0,0.0,0.0,1,48.5,49.5,1,50.0,52.5,52.5,48.5,29.0,14835.0,66
2023-05-10 09:25:55,rb2401P3100,rb2401P3100,48.5,0.0,0.0,0.0,1,48.0,49.5,1,50.0,52.5,52.5,48.5,29.0,14835.0,66
2023-05-10 09:25:55,rb2401P3100,rb2401P3100,48.5,0.0,0.0,0.0,1,47.5,49.5,1,50.0,52.5,52.5,48.5,29.0,14835.0,66
2023-05-10 09:25:59,rb2401P3100,rb2401P3100,48.5,0.0,0.0,0.0,1,47.5,49.5,1,50.0,52.5,52.5,48.5,29.0,14835.0,66
2023-05-10 09:26:01,rb2401P3100,rb2401P3100,48.5,0.0,0.0,0.0,1,28.0,49.5,1,50.0,52.5,52.5,48.5,29.0,14835.0,66
2023-05-10 09:26:02,rb2401P3100,rb2401P3100,48.5,0.0,0.0,0.0,6,28.5,49.5,1,50.0,52.5,52.5,48.5,29.0,14835.0,66
2023-05-10 09:26:04,rb2401P3100,rb2401P3100,48.5,0.0,0.0,0.0,6,28.5,50.5,1,50.0,52.5,52.5,48.5,29.0,14835.0,66
2023-05-10 09:26:32,rb2401P3100,rb2401P3100,48.5,0.0,0.0,0.0,1,43.0,50.5,1,50.0,52.5,52.5,48.5,29.0,14835.0,66
2023-05-10 09:26:32,rb2401P3100,rb2401P3100,48.5,0.0,0.0,0.0,1,43.0,50.5,1,50.0,52.5,52.5,48.5,29.0,14835.0,66
2023-05-10 09:26:33,rb2401P3100,rb2401P3100,48.5,0.0,0.0,0.0,2,43.0,50.5,2,50.0,52.5,52.5,48.5,29.0,14835.0,66
2023-05-10 09:26:42,rb2401P3100,rb2401P3100,48.5,0.0,0.0,0.0,3,43.0,50.5,2,50.0,52.5,52.5,48.5,29.0,14835.0,66
2023-05-10 09:26:43,rb2401P3100,rb2401P3100,48.5,0.0,0.0,0.0,1,47.0,50.0,1,50.0,52.5,52.5,48.5,29.0,14835.0,66
2023-05-10 09:26:43,rb2401P3100,rb2401P3100,48.5,0.0,0.0,0.0,1,47.0,50.0,1,50.0,52.5,52.5,48.5,29.0,14835.0,66
2023-05-10 09:26:44,rb2401P3100,rb2401P3100,48.5,0.0,0.0,0.0,1,47.0,50.0,1,50.0,52.5,52.5,48.5,29.0,14835.0,66
2023-05-10 09:26:44,rb2401P3100,rb2401P3100,48.5,0.0,0.0,0.0,1,47.0,50.0,2,50.0,52.5,52.5,48.5,29.0,14835.0,66
2023-05-10 09:26:45,rb2401P3100,rb2401P3100,48.5,0.0,0.0,0.0,1,47.0,50.0,2,50.0,52.5,52.5,48.5,29.0,14835.0,66
2023-05-10 09:26:48,rb2401P3100,rb2401P3100,48.5,0.0,0.0,0.0,1,48.5,50.0,2,50.0,52.5,52.5,48.5,29.0,14835.0,66
2023-05-10 09:26:48,rb2401P3100,rb2401P3100,48.5,0.0,0.0,0.0,1,48.5,50.0,2,50.0,52.5,52.5,48.5,29.0,14835.0,66
2023-05-10 09:26:49,rb2401P3100,rb2401P3100,48.5,0.0,0.0,0.0,1,48.5,50.0,2,50.0,52.5,52.5,48.5,29.0,14835.0,66
2023-05-10 09:26:50,rb2401P3100,rb2401P3100,48.5,0.0,0.0,0.0,1,48.5,50.0,2,50.0,52.5,52.5,48.5,29.0,14835.0,66
2023-05-10 09:26:54,rb2401P3100,rb2401P3100,48.5,0.0,0.0,0.0,1,48.5,50.0,1,50.0,52.5,52.5,48.5,29.0,14835.0,66
2023-05-10 09:26:55,rb2401P3100,rb2401P3100,48.5,0.0,0.0,0.0,1,48.5,50.0,1,50.0,52.5,52.5,48.5,29.0,14835.0,66
2023-05-10 09:26:55,rb2401P3100,rb2401P3100,48.5,0.0,0.0,0.0,1,48.5,50.5,4,50.0,52.5,52.5,48.5,29.0,14835.0,66
2023-05-10 09:26:56,rb2401P3100,rb2401P3100,48.5,0.0,0.0,0.0,1,48.5,50.5,2,50.0,52.5,52.5,48.5,29.0,14835.0,66
2023-05-10 09:26:59,rb2401P3100,rb2401P3100,48.5,0.0,0.0,0.0,1,47.5,50.5,2,50.0,52.5,52.5,48.5,29.0,14835.0,66
2023-05-10 09:27:00,rb2401P3100,rb2401P3100,48.5,0.0,0.0,0.0,1,47.5,50.5,1,50.0,52.5,52.5,48.5,29.0,14835.0,66
2023-05-10 09:27:02,rb2401P3100,rb2401P3100,48.5,0.0,0.0,0.0,1,28.0,50.5,1,50.0,52.5,52.5,48.5,29.0,14835.0,66
2023-05-10 09:27:03,rb2401P3100,rb2401P3100,48.5,0.0,0.0,0.0,4,28.5,50.5,1,50.0,52.5,52.5,48.5,29.0,14835.0,66
2023-05-10 09:27:55,rb2401P3100,rb2401P3100,48.5,0.0,0.0,0.0,1,44.0,50.5,1,50.0,52.5,52.5,48.5,29.0,14835.0,66
2023-05-10 09:27:55,rb2401P3100,rb2401P3100,48.5,0.0,0.0,0.0,1,44.0,50.5,1,50.0,52.5,52.5,48.5,29.0,14835.0,66
2023-05-10 09:27:56,rb2401P3100,rb2401P3100,48.5,0.0,0.0,0.0,2,44.0,50.5,2,50.0,52.5,52.5,48.5,29.0,14835.0,66
2023-05-10 09:28:04,rb2401P3100,rb2401P3100,48.5,0.0,0.0,0.0,2,44.0,50.5,2,50.0,52.5,52.5,48.5,29.0,14835.0,66
2023-05-10 09:28:05,rb2401P3100,rb2401P3100,48.5,0.0,0.0,0.0,1,47.5,50.5,3,50.0,52.5,52.5,48.5,29.0,14835.0,66
2023-05-10 09:28:05,rb2401P3100,rb2401P3100,48.5,0.0,0.0,0.0,1,47.5,50.5,3,50.0,52.5,52.5,48.5,29.0,14835.0,66
2023-05-10 09:28:07,rb2401P3100,rb2401P3100,48.5,0.0,0.0,0.0,1,47.5,50.5,5,50.0,52.5,52.5,48.5,29.0,14835.0,66
2023-05-10 09:28:08,rb2401P3100,rb2401P3100,48.5,0.0,0.0,0.0,1,47.5,50.5,5,50.0,52.5,52.5,48.5,29.0,14835.0,66
2023-05-10 09:28:11,rb2401P3100,rb2401P3100,48.5,0.0,0.0,0.0,1,47.5,50.5,4,50.0,52.5,52.5,48.5,29.0,14835.0,66
2023-05-10 09:28:12,rb2401P3100,rb2401P3100,48.5,0.0,0.0,0.0,1,47.5,50.5,5,50.0,52.5,52.5,48.5,29.0,14835.0,66
2023-05-10 09:28:13,rb2401P3100,rb2401P3100,48.5,0.0,0.0,0.0,1,47.5,50.5,5,50.0,52.5,52.5,48.5,29.0,14835.0,66
2023-05-10 09:28:14,rb2401P3100,rb2401P3100,48.5,0.0,0.0,0.0,1,49.0,50.5,5,50.0,52.5,52.5,48.5,29.0,14835.0,66
2023-05-10 09:28:16,rb2401P3100,rb2401P3100,48.5,0.0,0.0,0.0,1,49.0,50.5,4,50.0,52.5,52.5,48.5,29.0,14835.0,66
2023-05-10 09:28:16,rb2401P3100,rb2401P3100,48.5,0.0,0.0,0.0,1,49.0,50.5,4,50.0,52.5,52.5,48.5,29.0,14835.0,66
2023-05-10 09:28:17,rb2401P3100,rb2401P3100,48.5,0.0,0.0,0.0,1,49.0,50.5,4,50.0,52.5,52.5,48.5,29.0,14835.0,66
2023-05-10 09:28:17,rb2401P3100,rb2401P3100,48.5,0.0,0.0,0.0,1,49.0,50.5,4,50.0,52.5,52.5,48.5,29.0,14835.0,66
2023-05-10 09:28:18,rb2401P3100,rb2401P3100,48.5,0.0,0.0,0.0,1,49.0,50.0,1,50.0,52.5,52.5,48.5,29.0,14835.0,66
2023-05-10 09:28:19,rb2401P3100,rb2401P3100,48.5,0.0,0.0,0.0,1,49.0,50.0,1,50.0,52.5,52.5,48.5,29.0,14835.0,66
2023-05-10 09:28:22,rb2401P3100,rb2401P3100,48.5,0.0,0.0,0.0,1,49.0,50.0,1,50.0,52.5,52.5,48.5,29.0,14835.0,66
2023-05-10 09:28:25,rb2401P3100,rb2401P3100,48.5,0.0,0.0,0.0,1,28.0,50.0,1,50.0,52.5,52.5,48.5,29.0,14835.0,66
2023-05-10 09:28:25,rb2401P3100,rb2401P3100,48.5,0.0,0.0,0.0,4,28.5,50.0,1,50.0,52.5,52.5,48.5,29.0,14835.0,66
2023-05-10 09:28:32,rb2401P3100,rb2401P3100,48.5,0.0,0.0,0.0,4,28.5,51.5,1,50.0,52.5,52.5,48.5,29.0,14835.0,66
2023-05-10 09:32:04,rb2401P3100,rb2401P3100,48.5,0.0,0.0,0.0,1,44.5,51.5,1,50.0,52.5,52.5,48.5,29.0,14835.0,66
2023-05-10 09:32:04,rb2401P3100,rb2401P3100,48.5,0.0,0.0,0.0,1,44.5,51.5,1,50.0,52.5,52.5,48.5,29.0,14835.0,66
2023-05-10 09:32:05,rb2401P3100,rb2401P3100,48.5,0.0,0.0,0.0,2,44.5,51.5,2,50.0,52.5,52.5,48.5,29.0,14835.0,66
2023-05-10 09:32:13,rb2401P3100,rb2401P3100,48.5,0.0,0.0,0.0,2,44.5,51.5,2,50.0,52.5,52.5,48.5,29.0,14835.0,66
2023-05-10 09:32:14,rb2401P3100,rb2401P3100,48.5,0.0,0.0,0.0,1,47.5,51.0,1,50.0,52.5,52.5,48.5,29.0,14835.0,66
2023-05-10 09:32:14,rb2401P3100,rb2401P3100,48.5,0.0,0.0,0.0,1,47.5,51.0,1,50.0,52.5,52.5,48.5,29.0,14835.0,66
2023-05-10 09:32:16,rb2401P3100,rb2401P3100,48.5,0.0,0.0,0.0,1,47.5,51.0,2,50.0,52.5,52.5,48.5,29.0,14835.0,66
2023-05-10 09:32:16,rb2401P3100,rb2401P3100,48.5,0.0,0.0,0.0,1,49.5,51.0,2,50.0,52.5,52.5,48.5,29.0,14835.0,66
2023-05-10 09:32:17,rb2401P3100,rb2401P3100,49.5,1.0,495.0,1.0,1,49.0,51.0,2,50.0,52.5,52.5,48.5,30.0,15330.0,67
2023-05-10 09:32:20,rb2401P3100,rb2401P3100,49.5,0.0,0.0,0.0,1,49.0,51.0,2,50.0,52.5,52.5,48.5,30.0,15330.0,67
2023-05-10 09:32:21,rb2401P3100,rb2401P3100,49.5,0.0,0.0,0.0,1,49.0,51.0,2,50.0,52.5,52.5,48.5,30.0,15330.0,67
2023-05-10 09:32:22,rb2401P3100,rb2401P3100,49.5,0.0,0.0,0.0,1,49.0,51.0,2,50.0,52.5,52.5,48.5,30.0,15330.0,67
2023-05-10 09:32:23,rb2401P3100,rb2401P3100,49.5,0.0,0.0,0.0,1,49.0,50.0,1,50.0,52.5,52.5,48.5,30.0,15330.0,67
2023-05-10 09:32:25,rb2401P3100,rb2401P3100,49.5,0.0,0.0,0.0,1,49.0,50.0,1,50.0,52.5,52.5,48.5,30.0,15330.0,67
2023-05-10 09:32:25,rb2401P3100,rb2401P3100,49.5,0.0,0.0,0.0,1,49.0,50.0,1,50.0,52.5,52.5,48.5,30.0,15330.0,67
2023-05-10 09:32:26,rb2401P3100,rb2401P3100,49.5,0.0,0.0,0.0,1,49.0,50.0,1,50.0,52.5,52.5,48.5,30.0,15330.0,67
2023-05-10 09:32:27,rb2401P3100,rb2401P3100,49.5,0.0,0.0,0.0,1,49.0,50.0,1,50.0,52.5,52.5,48.5,30.0,15330.0,67
2023-05-10 09:32:27,rb2401P3100,rb2401P3100,49.5,0.0,0.0,0.0,1,49.0,50.0,1,50.0,52.5,52.5,48.5,30.0,15330.0,67
2023-05-10 09:32:28,rb2401P3100,rb2401P3100,49.5,0.0,0.0,0.0,1,48.5,50.0,1,50.0,52.5,52.5,48.5,30.0,15330.0,67
2023-05-10 09:32:28,rb2401P3100,rb2401P3100,49.5,0.0,0.0,0.0,1,48.0,50.0,1,50.0,52.5,52.5,48.5,30.0,15330.0,67
2023-05-10 09:32:31,rb2401P3100,rb2401P3100,49.5,0.0,0.0,0.0,1,48.0,50.0,1,50.0,52.5,52.5,48.5,30.0,15330.0,67
2023-05-10 09:32:34,rb2401P3100,rb2401P3100,49.5,0.0,0.0,0.0,1,28.0,50.0,1,50.0,52.5,52.5,48.5,30.0,15330.0,67
2023-05-10 09:32:34,rb2401P3100,rb2401P3100,49.5,0.0,0.0,0.0,4,28.5,50.0,1,50.0,52.5,52.5,48.5,30.0,15330.0,67
2023-05-10 09:32:38,rb2401P3100,rb2401P3100,49.5,0.0,0.0,0.0,4,28.5,52.0,1,50.0,52.5,52.5,48.5,30.0,15330.0,67
2023-05-10 09:33:22,rb2401P3100,rb2401P3100,49.5,0.0,0.0,0.0,1,44.0,52.0,2,50.0,52.5,52.5,48.5,30.0,15330.0,67
2023-05-10 09:33:22,rb2401P3100,rb2401P3100,49.5,0.0,0.0,0.0,1,44.0,52.0,2,50.0,52.5,52.5,48.5,30.0,15330.0,67
2023-05-10 09:33:23,rb2401P3100,rb2401P3100,49.5,0.0,0.0,0.0,2,44.0,52.0,3,50.0,52.5,52.5,48.5,30.0,15330.0,67
2023-05-10 09:33:31,rb2401P3100,rb2401P3100,49.5,0.0,0.0,0.0,1,49.5,52.0,4,50.0,52.5,52.5,48.5,30.0,15330.0,67
2023-05-10 09:33:32,rb2401P3100,rb2401P3100,49.5,1.0,495.0,1.0,1,48.5,50.5,1,50.0,52.5,52.5,48.5,31.0,15825.0,68
2023-05-10 09:33:32,rb2401P3100,rb2401P3100,49.5,0.0,0.0,0.0,1,48.0,50.5,1,50.0,52.5,52.5,48.5,31.0,15825.0,68
2023-05-10 09:33:33,rb2401P3100,rb2401P3100,49.5,0.0,0.0,0.0,1,48.0,50.5,1,50.0,52.5,52.5,48.5,31.0,15825.0,68
2023-05-10 09:33:34,rb2401P3100,rb2401P3100,49.5,0.0,0.0,0.0,1,48.0,50.5,2,50.0,52.5,52.5,48.5,31.0,15825.0,68
2023-05-10 09:33:35,rb2401P3100,rb2401P3100,49.5,0.0,0.0,0.0,1,48.0,50.5,2,50.0,52.5,52.5,48.5,31.0,15825.0,68
2023-05-10 09:33:36,rb2401P3100,rb2401P3100,49.5,0.0,0.0,0.0,1,48.0,50.5,2,50.0,52.5,52.5,48.5,31.0,15825.0,68
2023-05-10 09:33:36,rb2401P3100,rb2401P3100,49.5,0.0,0.0,0.0,1,48.0,50.0,1,50.0,52.5,52.5,48.5,31.0,15825.0,68
2023-05-10 09:33:38,rb2401P3100,rb2401P3100,49.5,0.0,0.0,0.0,1,48.0,50.0,1,50.0,52.5,52.5,48.5,31.0,15825.0,68
2023-05-10 09:33:39,rb2401P3100,rb2401P3100,49.5,0.0,0.0,0.0,1,48.0,50.0,1,50.0,52.5,52.5,48.5,31.0,15825.0,68
2023-05-10 09:33:40,rb2401P3100,rb2401P3100,49.5,0.0,0.0,0.0,1,48.0,50.0,1,50.0,52.5,52.5,48.5,31.0,15825.0,68
2023-05-10 09:33:42,rb2401P3100,rb2401P3100,49.5,0.0,0.0,0.0,1,48.0,50.0,1,50.0,52.5,52.5,48.5,31.0,15825.0,68
2023-05-10 09:33:43,rb2401P3100,rb2401P3100,49.5,0.0,0.0,0.0,1,48.0,50.0,1,50.0,52.5,52.5,48.5,31.0,15825.0,68
2023-05-10 09:33:43,rb2401P3100,rb2401P3100,49.5,0.0,0.0,0.0,2,47.5,50.0,1,50.0,52.5,52.5,48.5,31.0,15825.0,68
2023-05-10 09:33:44,rb2401P3100,rb2401P3100,49.5,0.0,0.0,0.0,2,47.5,50.0,1,50.0,52.5,52.5,48.5,31.0,15825.0,68
2023-05-10 09:33:45,rb2401P3100,rb2401P3100,49.5,0.0,0.0,0.0,2,47.5,50.0,1,50.0,52.5,52.5,48.5,31.0,15825.0,68
2023-05-10 09:33:46,rb2401P3100,rb2401P3100,49.5,0.0,0.0,0.0,1,47.5,50.0,1,50.0,52.5,52.5,48.5,31.0,15825.0,68
2023-05-10 09:33:49,rb2401P3100,rb2401P3100,49.5,0.0,0.0,0.0,1,47.0,50.0,1,50.0,52.5,52.5,48.5,31.0,15825.0,68
2023-05-10 09:33:52,rb2401P3100,rb2401P3100,49.5,0.0,0.0,0.0,1,28.0,50.0,1,50.0,52.5,52.5,48.5,31.0,15825.0,68
2023-05-10 09:33:52,rb2401P3100,rb2401P3100,49.5,0.0,0.0,0.0,4,28.5,50.0,1,50.0,52.5,52.5,48.5,31.0,15825.0,68
2023-05-10 09:33:53,rb2401P3100,rb2401P3100,49.5,0.0,0.0,0.0,4,28.5,49.5,1,50.0,52.5,52.5,48.5,31.0,15825.0,68
2023-05-10 09:33:58,rb2401P3100,rb2401P3100,49.5,0.0,0.0,0.0,4,28.5,0.0,0,50.0,52.5,52.5,48.5,31.0,15825.0,68
2023-05-10 09:35:23,rb2401P3100,rb2401P3100,49.5,0.0,0.0,0.0,4,28.5,53.0,1,50.0,52.5,52.5,48.5,31.0,15825.0,68
2023-05-10 09:35:25,rb2401P3100,rb2401P3100,49.5,0.0,0.0,0.0,1,44.0,52.0,1,50.0,52.5,52.5,48.5,31.0,15825.0,68
2023-05-10 09:35:26,rb2401P3100,rb2401P3100,49.5,0.0,0.0,0.0,1,44.0,52.0,1,50.0,52.5,52.5,48.5,31.0,15825.0,68
2023-05-10 09:35:26,rb2401P3100,rb2401P3100,49.5,0.0,0.0,0.0,2,44.0,52.0,2,50.0,52.5,52.5,48.5,31.0,15825.0,68
2023-05-10 09:35:32,rb2401P3100,rb2401P3100,49.5,0.0,0.0,0.0,2,44.0,50.0,1,50.0,52.5,52.5,48.5,31.0,15825.0,68
2023-05-10 09:35:36,rb2401P3100,rb2401P3100,49.5,0.0,0.0,0.0,1,47.5,50.0,1,50.0,52.5,52.5,48.5,31.0,15825.0,68
2023-05-10 09:35:36,rb2401P3100,rb2401P3100,49.5,0.0,0.0,0.0,1,47.5,50.0,1,50.0,52.5,52.5,48.5,31.0,15825.0,68
2023-05-10 09:35:37,rb2401P3100,rb2401P3100,49.5,0.0,0.0,0.0,1,47.5,50.0,1,50.0,52.5,52.5,48.5,31.0,15825.0,68
2023-05-10 09:35:37,rb2401P3100,rb2401P3100,49.5,0.0,0.0,0.0,1,47.5,50.0,1,50.0,52.5,52.5,48.5,31.0,15825.0,68
2023-05-10 09:35:38,rb2401P3100,rb2401P3100,49.5,0.0,0.0,0.0,1,47.5,50.0,1,50.0,52.5,52.5,48.5,31.0,15825.0,68
2023-05-10 09:35:40,rb2401P3100,rb2401P3100,49.5,0.0,0.0,0.0,1,47.5,49.5,1,50.0,52.5,52.5,48.5,31.0,15825.0,68
2023-05-10 09:35:41,rb2401P3100,rb2401P3100,49.5,0.0,0.0,0.0,1,47.5,49.5,1,50.0,52.5,52.5,48.5,31.0,15825.0,68
2023-05-10 09:35:42,rb2401P3100,rb2401P3100,49.5,0.0,0.0,0.0,1,47.5,49.5,1,50.0,52.5,52.5,48.5,31.0,15825.0,68
2023-05-10 09:35:43,rb2401P3100,rb2401P3100,49.5,0.0,0.0,0.0,1,47.5,49.5,1,50.0,52.5,52.5,48.5,31.0,15825.0,68
2023-05-10 09:35:47,rb2401P3100,rb2401P3100,49.5,0.0,0.0,0.0,1,47.0,49.5,1,50.0,52.5,52.5,48.5,31.0,15825.0,68
2023-05-10 09:35:47,rb2401P3100,rb2401P3100,49.5,0.0,0.0,0.0,1,47.0,49.5,1,50.0,52.5,52.5,48.5,31.0,15825.0,68
2023-05-10 09:35:48,rb2401P3100,rb2401P3100,49.5,0.0,0.0,0.0,1,47.0,49.5,1,50.0,52.5,52.5,48.5,31.0,15825.0,68
2023-05-10 09:35:49,rb2401P3100,rb2401P3100,49.5,0.0,0.0,0.0,1,47.0,49.5,1,50.0,52.5,52.5,48.5,31.0,15825.0,68
2023-05-10 09:35:49,rb2401P3100,rb2401P3100,49.5,0.0,0.0,0.0,2,46.5,49.5,1,50.0,52.5,52.5,48.5,31.0,15825.0,68
2023-05-10 09:35:53,rb2401P3100,rb2401P3100,49.5,0.0,0.0,0.0,1,46.5,49.5,1,50.0,52.5,52.5,48.5,31.0,15825.0,68
2023-05-10 09:35:55,rb2401P3100,rb2401P3100,49.5,0.0,0.0,0.0,1,28.0,49.5,1,50.0,52.5,52.5,48.5,31.0,15825.0,68
2023-05-10 09:35:56,rb2401P3100,rb2401P3100,49.5,0.0,0.0,0.0,4,28.5,49.5,1,50.0,52.5,52.5,48.5,31.0,15825.0,68
2023-05-10 09:36:05,rb2401P3100,rb2401P3100,49.5,0.0,0.0,0.0,4,28.5,0.0,0,50.0,52.5,52.5,48.5,31.0,15825.0,68
2023-05-10 09:37:20,rb2401P3100,rb2401P3100,49.5,0.0,0.0,0.0,1,44.5,52.5,1,50.0,52.5,52.5,48.5,31.0,15825.0,68
2023-05-10 09:37:20,rb2401P3100,rb2401P3100,49.5,0.0,0.0,0.0,1,44.5,52.5,1,50.0,52.5,52.5,48.5,31.0,15825.0,68
2023-05-10 09:37:21,rb2401P3100,rb2401P3100,49.5,0.0,0.0,0.0,2,44.5,52.5,2,50.0,52.5,52.5,48.5,31.0,15825.0,68
2023-05-10 09:37:22,rb2401P3100,rb2401P3100,49.5,0.0,0.0,0.0,2,44.5,50.0,1,50.0,52.5,52.5,48.5,31.0,15825.0,68
2023-05-10 09:37:22,rb2401P3100,rb2401P3100,49.5,0.0,0.0,0.0,3,44.5,50.0,2,50.0,52.5,52.5,48.5,31.0,15825.0,68
2023-05-10 09:37:25,rb2401P3100,rb2401P3100,49.5,0.0,0.0,0.0,3,44.5,50.0,2,50.0,52.5,52.5,48.5,31.0,15825.0,68
2023-05-10 09:37:29,rb2401P3100,rb2401P3100,49.5,0.0,0.0,0.0,3,44.5,50.0,2,50.0,52.5,52.5,48.5,31.0,15825.0,68
2023-05-10 09:37:30,rb2401P3100,rb2401P3100,49.5,0.0,0.0,0.0,1,48.0,50.0,2,50.0,52.5,52.5,48.5,31.0,15825.0,68
2023-05-10 09:37:30,rb2401P3100,rb2401P3100,49.5,0.0,0.0,0.0,1,48.0,50.0,2,50.0,52.5,52.5,48.5,31.0,15825.0,68
2023-05-10 09:37:32,rb2401P3100,rb2401P3100,49.5,0.0,0.0,0.0,1,48.0,50.0,2,50.0,52.5,52.5,48.5,31.0,15825.0,68
2023-05-10 09:37:33,rb2401P3100,rb2401P3100,49.5,0.0,0.0,0.0,1,48.0,50.0,2,50.0,52.5,52.5,48.5,31.0,15825.0,68
2023-05-10 09:37:33,rb2401P3100,rb2401P3100,49.5,0.0,0.0,0.0,1,48.0,50.0,1,50.0,52.5,52.5,48.5,31.0,15825.0,68
2023-05-10 09:37:36,rb2401P3100,rb2401P3100,49.5,0.0,0.0,0.0,1,48.0,50.0,1,50.0,52.5,52.5,48.5,31.0,15825.0,68
2023-05-10 09:37:37,rb2401P3100,rb2401P3100,49.5,0.0,0.0,0.0,1,48.0,50.0,1,50.0,52.5,52.5,48.5,31.0,15825.0,68
2023-05-10 09:37:38,rb2401P3100,rb2401P3100,49.5,0.0,0.0,0.0,1,48.0,50.0,1,50.0,52.5,52.5,48.5,31.0,15825.0,68
2023-05-10 09:37:41,rb2401P3100,rb2401P3100,49.5,0.0,0.0,0.0,1,47.5,50.0,1,50.0,52.5,52.5,48.5,31.0,15825.0,68
2023-05-10 09:37:42,rb2401P3100,rb2401P3100,49.5,0.0,0.0,0.0,1,47.5,50.0,1,50.0,52.5,52.5,48.5,31.0,15825.0,68
2023-05-10 09:37:43,rb2401P3100,rb2401P3100,49.5,0.0,0.0,0.0,1,47.5,50.0,1,50.0,52.5,52.5,48.5,31.0,15825.0,68
2023-05-10 09:37:44,rb2401P3100,rb2401P3100,49.5,0.0,0.0,0.0,2,47.0,50.0,1,50.0,52.5,52.5,48.5,31.0,15825.0,68
2023-05-10 09:37:47,rb2401P3100,rb2401P3100,49.5,0.0,0.0,0.0,1,47.0,50.0,1,50.0,52.5,52.5,48.5,31.0,15825.0,68
2023-05-10 09:37:50,rb2401P3100,rb2401P3100,49.5,0.0,0.0,0.0,1,28.0,50.0,1,50.0,52.5,52.5,48.5,31.0,15825.0,68
2023-05-10 09:37:50,rb2401P3100,rb2401P3100,49.5,0.0,0.0,0.0,4,28.5,50.0,1,50.0,52.5,52.5,48.5,31.0,15825.0,68
2023-05-10 09:38:04,rb2401P3100,rb2401P3100,49.5,0.0,0.0,0.0,4,28.5,0.0,0,50.0,52.5,52.5,48.5,31.0,15825.0,68
2023-05-10 09:38:43,rb2401P3100,rb2401P3100,49.5,0.0,0.0,0.0,1,49.0,0.0,0,50.0,52.5,52.5,48.5,31.0,15825.0,68
2023-05-10 09:38:44,rb2401P3100,rb2401P3100,49.5,0.0,0.0,0.0,1,49.0,0.0,0,50.0,52.5,52.5,48.5,31.0,15825.0,68
2023-05-10 09:38:45,rb2401P3100,rb2401P3100,49.5,0.0,0.0,0.0,1,49.0,52.5,1,50.0,52.5,52.5,48.5,31.0,15825.0,68
2023-05-10 09:38:46,rb2401P3100,rb2401P3100,49.5,0.0,0.0,0.0,1,49.0,52.5,1,50.0,52.5,52.5,48.5,31.0,15825.0,68
2023-05-10 09:38:46,rb2401P3100,rb2401P3100,49.5,0.0,0.0,0.0,2,49.0,52.5,2,50.0,52.5,52.5,48.5,31.0,15825.0,68
2023-05-10 09:38:49,rb2401P3100,rb2401P3100,49.5,0.0,0.0,0.0,2,49.0,50.0,1,50.0,52.5,52.5,48.5,31.0,15825.0,68
2023-05-10 09:38:51,rb2401P3100,rb2401P3100,49.5,0.0,0.0,0.0,2,49.0,50.0,1,50.0,52.5,52.5,48.5,31.0,15825.0,68
2023-05-10 09:38:55,rb2401P3100,rb2401P3100,49.5,0.0,0.0,0.0,2,49.0,50.0,1,50.0,52.5,52.5,48.5,31.0,15825.0,68
2023-05-10 09:38:56,rb2401P3100,rb2401P3100,49.5,0.0,0.0,0.0,2,49.0,50.0,1,50.0,52.5,52.5,48.5,31.0,15825.0,68
2023-05-10 09:38:57,rb2401P3100,rb2401P3100,49.5,0.0,0.0,0.0,2,49.0,50.0,1,50.0,52.5,52.5,48.5,31.0,15825.0,68
2023-05-10 09:38:57,rb2401P3100,rb2401P3100,49.5,0.0,0.0,0.0,2,49.0,50.0,1,50.0,52.5,52.5,48.5,31.0,15825.0,68
2023-05-10 09:38:58,rb2401P3100,rb2401P3100,49.5,0.0,0.0,0.0,2,49.0,50.0,1,50.0,52.5,52.5,48.5,31.0,15825.0,68
2023-05-10 09:39:01,rb2401P3100,rb2401P3100,49.5,0.0,0.0,0.0,1,49.0,50.0,1,50.0,52.5,52.5,48.5,31.0,15825.0,68
2023-05-10 09:39:02,rb2401P3100,rb2401P3100,49.5,0.0,0.0,0.0,1,49.0,50.0,1,50.0,52.5,52.5,48.5,31.0,15825.0,68
2023-05-10 09:39:03,rb2401P3100,rb2401P3100,49.5,0.0,0.0,0.0,1,49.0,50.0,1,50.0,52.5,52.5,48.5,31.0,15825.0,68
2023-05-10 09:39:03,rb2401P3100,rb2401P3100,49.5,0.0,0.0,0.0,1,49.0,50.0,1,50.0,52.5,52.5,48.5,31.0,15825.0,68
2023-05-10 09:39:04,rb2401P3100,rb2401P3100,49.5,0.0,0.0,0.0,1,49.0,49.5,1,50.0,52.5,52.5,48.5,31.0,15825.0,68
2023-05-10 09:39:07,rb2401P3100,rb2401P3100,49.5,0.0,0.0,0.0,1,49.0,49.5,1,50.0,52.5,52.5,48.5,31.0,15825.0,68
2023-05-10 09:39:08,rb2401P3100,rb2401P3100,49.5,0.0,0.0,0.0,1,49.0,49.5,1,50.0,52.5,52.5,48.5,31.0,15825.0,68
2023-05-10 09:39:09,rb2401P3100,rb2401P3100,49.5,0.0,0.0,0.0,1,49.0,49.5,1,50.0,52.5,52.5,48.5,31.0,15825.0,68
2023-05-10 09:39:13,rb2401P3100,rb2401P3100,49.5,0.0,0.0,0.0,1,49.0,49.5,1,50.0,52.5,52.5,48.5,31.0,15825.0,68
2023-05-10 09:39:15,rb2401P3100,rb2401P3100,49.5,0.0,0.0,0.0,1,49.0,49.5,1,50.0,52.5,52.5,48.5,31.0,15825.0,68
2023-05-10 09:39:17,rb2401P3100,rb2401P3100,49.5,0.0,0.0,0.0,1,49.0,0.0,0,50.0,52.5,52.5,48.5,31.0,15825.0,68
2023-05-10 09:40:07,rb2401P3100,rb2401P3100,49.5,0.0,0.0,0.0,1,49.0,52.5,1,50.0,52.5,52.5,48.5,31.0,15825.0,68
2023-05-10 09:40:07,rb2401P3100,rb2401P3100,49.5,0.0,0.0,0.0,1,49.0,52.5,1,50.0,52.5,52.5,48.5,31.0,15825.0,68
2023-05-10 09:40:08,rb2401P3100,rb2401P3100,49.5,0.0,0.0,0.0,2,49.0,52.5,2,50.0,52.5,52.5,48.5,31.0,15825.0,68
