time,symbol_id,symbol_name,last,trade_volume,trade_amount,open_interest_change,bv1,bp1,ap1,av1,yesterday_close,today_open,today_high,today_low,volume,amount,open_interest
2023-05-09 20:59:00,rb2401C4400,rb2401C4400,35.0,0.0,0.0,0.0,1,1.5,0.0,0,35.0,34.0,0.0,0.0,0.0,0.0,11
2023-05-09 21:00:08,rb2401C4400,rb2401C4400,35.0,0.0,0.0,0.0,4,2.0,0.0,0,35.0,34.0,0.0,0.0,0.0,0.0,11
2023-05-09 21:05:17,rb2401C4400,rb2401C4400,35.0,0.0,0.0,0.0,1,2.5,0.0,0,35.0,34.0,0.0,0.0,0.0,0.0,11
2023-05-09 21:05:18,rb2401C4400,rb2401C4400,35.0,0.0,0.0,0.0,1,2.5,0.0,0,35.0,34.0,0.0,0.0,0.0,0.0,11
2023-05-09 21:05:18,rb2401C4400,rb2401C4400,35.0,0.0,0.0,0.0,4,3.0,0.0,0,35.0,34.0,0.0,0.0,0.0,0.0,11
2023-05-09 21:12:08,rb2401C4400,rb2401C4400,35.0,0.0,0.0,0.0,5,3.0,0.0,0,35.0,34.0,0.0,0.0,0.0,0.0,11
2023-05-09 21:14:17,rb2401C4400,rb2401C4400,35.0,0.0,0.0,0.0,7,3.0,0.0,0,35.0,34.0,0.0,0.0,0.0,0.0,11
2023-05-09 21:15:31,rb2401C4400,rb2401C4400,35.0,0.0,0.0,0.0,9,3.0,0.0,0,35.0,34.0,0.0,0.0,0.0,0.0,11
2023-05-09 21:16:16,rb2401C4400,rb2401C4400,35.0,0.0,0.0,0.0,9,3.0,0.0,0,35.0,34.0,0.0,0.0,0.0,0.0,11
2023-05-09 21:17:00,rb2401C4400,rb2401C4400,35.0,0.0,0.0,0.0,9,3.0,0.0,0,35.0,34.0,0.0,0.0,0.0,0.0,11
2023-05-09 21:19:05,rb2401C4400,rb2401C4400,35.0,0.0,0.0,0.0,2,6.5,0.0,0,35.0,34.0,0.0,0.0,0.0,0.0,11
2023-05-09 21:19:06,rb2401C4400,rb2401C4400,35.0,0.0,0.0,0.0,2,6.5,0.0,0,35.0,34.0,0.0,0.0,0.0,0.0,11
2023-05-09 21:19:06,rb2401C4400,rb2401C4400,35.0,0.0,0.0,0.0,4,7.0,0.0,0,35.0,34.0,0.0,0.0,0.0,0.0,11
2023-05-09 21:19:07,rb2401C4400,rb2401C4400,35.0,0.0,0.0,0.0,2,7.5,0.0,0,35.0,34.0,0.0,0.0,0.0,0.0,11
2023-05-09 21:19:07,rb2401C4400,rb2401C4400,35.0,0.0,0.0,0.0,2,7.5,0.0,0,35.0,34.0,0.0,0.0,0.0,0.0,11
2023-05-09 21:19:08,rb2401C4400,rb2401C4400,35.0,0.0,0.0,0.0,4,8.0,0.0,0,35.0,34.0,0.0,0.0,0.0,0.0,11
2023-05-09 21:19:08,rb2401C4400,rb2401C4400,35.0,0.0,0.0,0.0,2,8.5,0.0,0,35.0,34.0,0.0,0.0,0.0,0.0,11
2023-05-09 21:19:09,rb2401C4400,rb2401C4400,35.0,0.0,0.0,0.0,2,8.5,0.0,0,35.0,34.0,0.0,0.0,0.0,0.0,11
2023-05-09 21:19:09,rb2401C4400,rb2401C4400,35.0,0.0,0.0,0.0,4,9.0,0.0,0,35.0,34.0,0.0,0.0,0.0,0.0,11
2023-05-09 21:19:10,rb2401C4400,rb2401C4400,35.0,0.0,0.0,0.0,2,9.5,0.0,0,35.0,34.0,0.0,0.0,0.0,0.0,11
2023-05-09 21:19:10,rb2401C4400,rb2401C4400,35.0,0.0,0.0,0.0,2,9.5,0.0,0,35.0,34.0,0.0,0.0,0.0,0.0,11
2023-05-09 21:19:11,rb2401C4400,rb2401C4400,35.0,0.0,0.0,0.0,4,10.0,0.0,0,35.0,34.0,0.0,0.0,0.0,0.0,11
2023-05-09 21:19:11,rb2401C4400,rb2401C4400,35.0,0.0,0.0,0.0,2,10.5,0.0,0,35.0,34.0,0.0,0.0,0.0,0.0,11
2023-05-09 21:19:12,rb2401C4400,rb2401C4400,35.0,0.0,0.0,0.0,2,10.5,0.0,0,35.0,34.0,0.0,0.0,0.0,0.0,11
2023-05-09 21:19:12,rb2401C4400,rb2401C4400,35.0,0.0,0.0,0.0,4,11.0,0.0,0,35.0,34.0,0.0,0.0,0.0,0.0,11
2023-05-09 21:19:13,rb2401C4400,rb2401C4400,35.0,0.0,0.0,0.0,2,11.5,0.0,0,35.0,34.0,0.0,0.0,0.0,0.0,11
2023-05-09 21:19:13,rb2401C4400,rb2401C4400,35.0,0.0,0.0,0.0,2,11.5,0.0,0,35.0,34.0,0.0,0.0,0.0,0.0,11
2023-05-09 21:19:14,rb2401C4400,rb2401C4400,35.0,0.0,0.0,0.0,4,12.0,0.0,0,35.0,34.0,0.0,0.0,0.0,0.0,11
2023-05-09 21:19:14,rb2401C4400,rb2401C4400,35.0,0.0,0.0,0.0,4,12.0,0.0,0,35.0,34.0,0.0,0.0,0.0,0.0,11
2023-05-09 21:43:45,rb2401C4400,rb2401C4400,35.0,0.0,0.0,0.0,1,29.0,37.0,1,35.0,34.0,0.0,0.0,0.0,0.0,11
2023-05-09 21:43:46,rb2401C4400,rb2401C4400,35.0,0.0,0.0,0.0,1,29.0,37.0,1,35.0,34.0,0.0,0.0,0.0,0.0,11
2023-05-09 21:43:55,rb2401C4400,rb2401C4400,35.0,0.0,0.0,0.0,2,29.0,37.0,2,35.0,34.0,0.0,0.0,0.0,0.0,11
2023-05-09 21:43:55,rb2401C4400,rb2401C4400,35.0,0.0,0.0,0.0,1,34.0,37.0,3,35.0,34.0,0.0,0.0,0.0,0.0,11
2023-05-09 21:43:56,rb2401C4400,rb2401C4400,34.0,1.0,340.0,0.0,1,33.0,37.0,2,35.0,34.0,34.0,34.0,1.0,340.0,11
2023-05-09 21:43:56,rb2401C4400,rb2401C4400,34.0,0.0,0.0,0.0,1,32.0,37.0,2,35.0,34.0,34.0,34.0,1.0,340.0,11
2023-05-09 21:43:57,rb2401C4400,rb2401C4400,34.0,0.0,0.0,0.0,2,32.0,37.0,2,35.0,34.0,34.0,34.0,1.0,340.0,11
2023-05-09 21:43:57,rb2401C4400,rb2401C4400,34.0,0.0,0.0,0.0,2,32.0,37.0,2,35.0,34.0,34.0,34.0,1.0,340.0,11
2023-05-09 21:43:58,rb2401C4400,rb2401C4400,34.0,0.0,0.0,0.0,2,32.0,37.0,2,35.0,34.0,34.0,34.0,1.0,340.0,11
2023-05-09 21:44:02,rb2401C4400,rb2401C4400,34.0,0.0,0.0,0.0,2,32.0,37.0,2,35.0,34.0,34.0,34.0,1.0,340.0,11
2023-05-09 21:44:03,rb2401C4400,rb2401C4400,34.0,0.0,0.0,0.0,1,32.5,36.5,1,35.0,34.0,34.0,34.0,1.0,340.0,11
2023-05-09 21:44:06,rb2401C4400,rb2401C4400,34.0,0.0,0.0,0.0,1,32.5,36.5,1,35.0,34.0,34.0,34.0,1.0,340.0,11
2023-05-09 21:44:07,rb2401C4400,rb2401C4400,34.0,0.0,0.0,0.0,1,32.5,36.5,1,35.0,34.0,34.0,34.0,1.0,340.0,11
2023-05-09 21:44:08,rb2401C4400,rb2401C4400,34.0,0.0,0.0,0.0,1,32.5,36.5,1,35.0,34.0,34.0,34.0,1.0,340.0,11
2023-05-09 21:44:08,rb2401C4400,rb2401C4400,34.0,0.0,0.0,0.0,1,32.5,36.5,1,35.0,34.0,34.0,34.0,1.0,340.0,11
2023-05-09 21:44:09,rb2401C4400,rb2401C4400,34.0,0.0,0.0,0.0,1,32.5,36.5,1,35.0,34.0,34.0,34.0,1.0,340.0,11
2023-05-09 21:44:10,rb2401C4400,rb2401C4400,34.0,0.0,0.0,0.0,1,32.5,36.5,1,35.0,34.0,34.0,34.0,1.0,340.0,11
2023-05-09 21:44:13,rb2401C4400,rb2401C4400,34.0,0.0,0.0,0.0,1,32.5,36.5,1,35.0,34.0,34.0,34.0,1.0,340.0,11
2023-05-09 21:44:15,rb2401C4400,rb2401C4400,34.0,0.0,0.0,0.0,5,3.0,0.0,0,35.0,34.0,34.0,34.0,1.0,340.0,11
2023-05-09 21:44:16,rb2401C4400,rb2401C4400,34.0,0.0,0.0,0.0,5,3.5,0.0,0,35.0,34.0,34.0,34.0,1.0,340.0,11
2023-05-09 21:44:17,rb2401C4400,rb2401C4400,34.0,0.0,0.0,0.0,2,7.0,0.0,0,35.0,34.0,34.0,34.0,1.0,340.0,11
2023-05-09 21:44:17,rb2401C4400,rb2401C4400,34.0,0.0,0.0,0.0,1,7.5,0.0,0,35.0,34.0,34.0,34.0,1.0,340.0,11
2023-05-09 21:44:18,rb2401C4400,rb2401C4400,34.0,0.0,0.0,0.0,4,8.0,0.0,0,35.0,34.0,34.0,34.0,1.0,340.0,11
2023-05-09 21:44:18,rb2401C4400,rb2401C4400,34.0,0.0,0.0,0.0,1,8.5,0.0,0,35.0,34.0,34.0,34.0,1.0,340.0,11
2023-05-09 21:44:19,rb2401C4400,rb2401C4400,34.0,0.0,0.0,0.0,2,9.0,0.0,0,35.0,34.0,34.0,34.0,1.0,340.0,11
2023-05-09 21:44:19,rb2401C4400,rb2401C4400,34.0,0.0,0.0,0.0,5,9.5,0.0,0,35.0,34.0,34.0,34.0,1.0,340.0,11
2023-05-09 21:44:20,rb2401C4400,rb2401C4400,34.0,0.0,0.0,0.0,5,9.5,0.0,0,35.0,34.0,34.0,34.0,1.0,340.0,11
2023-05-09 21:44:21,rb2401C4400,rb2401C4400,34.0,0.0,0.0,0.0,2,10.0,0.0,0,35.0,34.0,34.0,34.0,1.0,340.0,11
2023-05-09 21:44:21,rb2401C4400,rb2401C4400,34.0,0.0,0.0,0.0,1,10.5,0.0,0,35.0,34.0,34.0,34.0,1.0,340.0,11
2023-05-09 21:44:22,rb2401C4400,rb2401C4400,34.0,0.0,0.0,0.0,4,11.0,0.0,0,35.0,34.0,34.0,34.0,1.0,340.0,11
2023-05-09 21:44:22,rb2401C4400,rb2401C4400,34.0,0.0,0.0,0.0,1,11.5,0.0,0,35.0,34.0,34.0,34.0,1.0,340.0,11
2023-05-09 21:44:23,rb2401C4400,rb2401C4400,34.0,0.0,0.0,0.0,1,11.5,0.0,0,35.0,34.0,34.0,34.0,1.0,340.0,11
2023-05-09 21:44:23,rb2401C4400,rb2401C4400,34.0,0.0,0.0,0.0,4,12.0,0.0,0,35.0,34.0,34.0,34.0,1.0,340.0,11
2023-05-09 21:44:24,rb2401C4400,rb2401C4400,34.0,0.0,0.0,0.0,1,12.5,0.0,0,35.0,34.0,34.0,34.0,1.0,340.0,11
2023-05-09 21:44:24,rb2401C4400,rb2401C4400,34.0,0.0,0.0,0.0,1,12.5,0.0,0,35.0,34.0,34.0,34.0,1.0,340.0,11
2023-05-09 21:44:25,rb2401C4400,rb2401C4400,34.0,0.0,0.0,0.0,4,13.0,0.0,0,35.0,34.0,34.0,34.0,1.0,340.0,11
2023-05-09 21:44:25,rb2401C4400,rb2401C4400,34.0,0.0,0.0,0.0,1,13.5,0.0,0,35.0,34.0,34.0,34.0,1.0,340.0,11
2023-05-09 21:44:26,rb2401C4400,rb2401C4400,34.0,0.0,0.0,0.0,1,13.5,0.0,0,35.0,34.0,34.0,34.0,1.0,340.0,11
2023-05-09 21:44:26,rb2401C4400,rb2401C4400,34.0,0.0,0.0,0.0,4,14.0,0.0,0,35.0,34.0,34.0,34.0,1.0,340.0,11
2023-05-09 22:01:52,rb2401C4400,rb2401C4400,34.0,0.0,0.0,0.0,2,14.5,0.0,0,35.0,34.0,34.0,34.0,1.0,340.0,11
2023-05-09 22:01:53,rb2401C4400,rb2401C4400,34.0,0.0,0.0,0.0,2,14.5,0.0,0,35.0,34.0,34.0,34.0,1.0,340.0,11
2023-05-09 22:01:53,rb2401C4400,rb2401C4400,34.0,0.0,0.0,0.0,4,15.0,0.0,0,35.0,34.0,34.0,34.0,1.0,340.0,11
2023-05-09 22:01:54,rb2401C4400,rb2401C4400,34.0,0.0,0.0,0.0,4,15.0,0.0,0,35.0,34.0,34.0,34.0,1.0,340.0,11
2023-05-09 22:09:48,rb2401C4400,rb2401C4400,34.0,0.0,0.0,0.0,2,18.5,0.0,0,35.0,34.0,34.0,34.0,1.0,340.0,11
2023-05-09 22:09:49,rb2401C4400,rb2401C4400,34.0,0.0,0.0,0.0,2,18.5,0.0,0,35.0,34.0,34.0,34.0,1.0,340.0,11
2023-05-09 22:09:49,rb2401C4400,rb2401C4400,34.0,0.0,0.0,0.0,4,19.0,0.0,0,35.0,34.0,34.0,34.0,1.0,340.0,11
2023-05-09 22:09:50,rb2401C4400,rb2401C4400,34.0,0.0,0.0,0.0,2,19.5,0.0,0,35.0,34.0,34.0,34.0,1.0,340.0,11
2023-05-09 22:09:50,rb2401C4400,rb2401C4400,34.0,0.0,0.0,0.0,2,19.5,0.0,0,35.0,34.0,34.0,34.0,1.0,340.0,11
2023-05-09 22:09:51,rb2401C4400,rb2401C4400,34.0,0.0,0.0,0.0,4,20.0,0.0,0,35.0,34.0,34.0,34.0,1.0,340.0,11
2023-05-09 22:09:51,rb2401C4400,rb2401C4400,34.0,0.0,0.0,0.0,2,20.5,0.0,0,35.0,34.0,34.0,34.0,1.0,340.0,11
2023-05-09 22:09:52,rb2401C4400,rb2401C4400,34.0,0.0,0.0,0.0,4,21.0,0.0,0,35.0,34.0,34.0,34.0,1.0,340.0,11
2023-05-09 22:09:52,rb2401C4400,rb2401C4400,34.0,0.0,0.0,0.0,4,21.0,0.0,0,35.0,34.0,34.0,34.0,1.0,340.0,11
2023-05-09 22:09:53,rb2401C4400,rb2401C4400,34.0,0.0,0.0,0.0,2,21.5,0.0,0,35.0,34.0,34.0,34.0,1.0,340.0,11
2023-05-09 22:09:53,rb2401C4400,rb2401C4400,34.0,0.0,0.0,0.0,2,21.5,0.0,0,35.0,34.0,34.0,34.0,1.0,340.0,11
2023-05-09 22:09:54,rb2401C4400,rb2401C4400,34.0,0.0,0.0,0.0,4,22.0,0.0,0,35.0,34.0,34.0,34.0,1.0,340.0,11
2023-05-09 22:09:54,rb2401C4400,rb2401C4400,34.0,0.0,0.0,0.0,2,22.5,0.0,0,35.0,34.0,34.0,34.0,1.0,340.0,11
2023-05-09 22:09:55,rb2401C4400,rb2401C4400,34.0,0.0,0.0,0.0,2,22.5,0.0,0,35.0,34.0,34.0,34.0,1.0,340.0,11
2023-05-09 22:09:55,rb2401C4400,rb2401C4400,34.0,0.0,0.0,0.0,4,23.0,0.0,0,35.0,34.0,34.0,34.0,1.0,340.0,11
2023-05-09 22:09:56,rb2401C4400,rb2401C4400,34.0,0.0,0.0,0.0,4,23.0,0.0,0,35.0,34.0,34.0,34.0,1.0,340.0,11
2023-05-09 22:09:57,rb2401C4400,rb2401C4400,34.0,0.0,0.0,0.0,2,23.5,0.0,0,35.0,34.0,34.0,34.0,1.0,340.0,11
2023-05-09 22:09:57,rb2401C4400,rb2401C4400,34.0,0.0,0.0,0.0,2,23.5,0.0,0,35.0,34.0,34.0,34.0,1.0,340.0,11
2023-05-09 22:09:58,rb2401C4400,rb2401C4400,34.0,0.0,0.0,0.0,4,24.0,0.0,0,35.0,34.0,34.0,34.0,1.0,340.0,11
2023-05-09 22:09:58,rb2401C4400,rb2401C4400,34.0,0.0,0.0,0.0,2,24.5,0.0,0,35.0,34.0,34.0,34.0,1.0,340.0,11
2023-05-09 22:09:59,rb2401C4400,rb2401C4400,34.0,0.0,0.0,0.0,2,24.5,0.0,0,35.0,34.0,34.0,34.0,1.0,340.0,11
2023-05-09 22:09:59,rb2401C4400,rb2401C4400,34.0,0.0,0.0,0.0,4,25.0,0.0,0,35.0,34.0,34.0,34.0,1.0,340.0,11
2023-05-09 22:10:00,rb2401C4400,rb2401C4400,34.0,0.0,0.0,0.0,2,25.5,0.0,0,35.0,34.0,34.0,34.0,1.0,340.0,11
2023-05-09 22:10:00,rb2401C4400,rb2401C4400,34.0,0.0,0.0,0.0,2,25.5,0.0,0,35.0,34.0,34.0,34.0,1.0,340.0,11
2023-05-09 22:10:01,rb2401C4400,rb2401C4400,34.0,0.0,0.0,0.0,4,26.0,0.0,0,35.0,34.0,34.0,34.0,1.0,340.0,11
2023-05-09 22:10:01,rb2401C4400,rb2401C4400,34.0,0.0,0.0,0.0,4,26.0,0.0,0,35.0,34.0,34.0,34.0,1.0,340.0,11
2023-05-09 22:10:06,rb2401C4400,rb2401C4400,34.0,0.0,0.0,0.0,2,26.5,0.0,0,35.0,34.0,34.0,34.0,1.0,340.0,11
2023-05-09 22:10:06,rb2401C4400,rb2401C4400,34.0,0.0,0.0,0.0,2,26.5,0.0,0,35.0,34.0,34.0,34.0,1.0,340.0,11
2023-05-09 22:10:07,rb2401C4400,rb2401C4400,34.0,0.0,0.0,0.0,4,27.0,0.0,0,35.0,34.0,34.0,34.0,1.0,340.0,11
2023-05-09 22:10:08,rb2401C4400,rb2401C4400,34.0,0.0,0.0,0.0,2,27.5,0.0,0,35.0,34.0,34.0,34.0,1.0,340.0,11
2023-05-09 22:10:08,rb2401C4400,rb2401C4400,34.0,0.0,0.0,0.0,2,27.5,0.0,0,35.0,34.0,34.0,34.0,1.0,340.0,11
2023-05-09 22:10:09,rb2401C4400,rb2401C4400,34.0,0.0,0.0,0.0,4,28.0,0.0,0,35.0,34.0,34.0,34.0,1.0,340.0,11
2023-05-09 22:10:09,rb2401C4400,rb2401C4400,34.0,0.0,0.0,0.0,4,28.0,0.0,0,35.0,34.0,34.0,34.0,1.0,340.0,11
2023-05-09 22:11:26,rb2401C4400,rb2401C4400,34.0,0.0,0.0,0.0,2,28.5,0.0,0,35.0,34.0,34.0,34.0,1.0,340.0,11
2023-05-09 22:11:26,rb2401C4400,rb2401C4400,34.0,0.0,0.0,0.0,2,28.5,0.0,0,35.0,34.0,34.0,34.0,1.0,340.0,11
2023-05-09 22:11:45,rb2401C4400,rb2401C4400,34.0,0.0,0.0,0.0,1,13.5,0.0,0,35.0,34.0,34.0,34.0,1.0,340.0,11
2023-05-09 22:11:46,rb2401C4400,rb2401C4400,34.0,0.0,0.0,0.0,6,14.0,0.0,0,35.0,34.0,34.0,34.0,1.0,340.0,11
2023-05-09 22:17:23,rb2401C4400,rb2401C4400,34.0,0.0,0.0,0.0,1,29.5,37.5,1,35.0,34.0,34.0,34.0,1.0,340.0,11
2023-05-09 22:17:24,rb2401C4400,rb2401C4400,34.0,0.0,0.0,0.0,1,29.5,37.5,1,35.0,34.0,34.0,34.0,1.0,340.0,11
2023-05-09 22:17:24,rb2401C4400,rb2401C4400,34.0,0.0,0.0,0.0,5,29.5,37.5,1,35.0,34.0,34.0,34.0,1.0,340.0,11
2023-05-09 22:17:29,rb2401C4400,rb2401C4400,34.0,0.0,0.0,0.0,5,29.5,37.0,1,35.0,34.0,34.0,34.0,1.0,340.0,11
2023-05-09 22:17:32,rb2401C4400,rb2401C4400,34.0,0.0,0.0,0.0,1,31.5,34.0,1,35.0,34.0,34.0,34.0,1.0,340.0,11
2023-05-09 22:17:32,rb2401C4400,rb2401C4400,34.0,0.0,0.0,0.0,1,31.5,34.0,1,35.0,34.0,34.0,34.0,1.0,340.0,11
2023-05-09 22:17:33,rb2401C4400,rb2401C4400,34.0,0.0,0.0,0.0,1,31.5,34.0,1,35.0,34.0,34.0,34.0,1.0,340.0,11
2023-05-09 22:17:33,rb2401C4400,rb2401C4400,34.0,1.0,340.0,0.0,1,31.5,35.0,1,35.0,34.0,34.0,34.0,2.0,680.0,11
2023-05-09 22:17:35,rb2401C4400,rb2401C4400,34.0,0.0,0.0,0.0,1,31.5,35.0,2,35.0,34.0,34.0,34.0,2.0,680.0,11
2023-05-09 22:17:36,rb2401C4400,rb2401C4400,34.0,0.0,0.0,0.0,1,31.5,35.0,2,35.0,34.0,34.0,34.0,2.0,680.0,11
2023-05-09 22:17:36,rb2401C4400,rb2401C4400,34.0,0.0,0.0,0.0,1,31.5,35.0,2,35.0,34.0,34.0,34.0,2.0,680.0,11
2023-05-09 22:17:41,rb2401C4400,rb2401C4400,34.0,0.0,0.0,0.0,1,31.5,35.0,2,35.0,34.0,34.0,34.0,2.0,680.0,11
2023-05-09 22:17:41,rb2401C4400,rb2401C4400,34.0,0.0,0.0,0.0,2,31.5,35.0,3,35.0,34.0,34.0,34.0,2.0,680.0,11
2023-05-09 22:17:43,rb2401C4400,rb2401C4400,34.0,0.0,0.0,0.0,1,31.5,35.0,3,35.0,34.0,34.0,34.0,2.0,680.0,11
2023-05-09 22:17:43,rb2401C4400,rb2401C4400,34.0,0.0,0.0,0.0,1,31.5,35.0,3,35.0,34.0,34.0,34.0,2.0,680.0,11
2023-05-09 22:17:44,rb2401C4400,rb2401C4400,34.0,0.0,0.0,0.0,1,31.5,35.0,3,35.0,34.0,34.0,34.0,2.0,680.0,11
2023-05-09 22:17:45,rb2401C4400,rb2401C4400,34.0,0.0,0.0,0.0,1,31.5,35.0,2,35.0,34.0,34.0,34.0,2.0,680.0,11
2023-05-09 22:17:46,rb2401C4400,rb2401C4400,34.0,0.0,0.0,0.0,1,31.5,35.0,1,35.0,34.0,34.0,34.0,2.0,680.0,11
2023-05-09 22:17:47,rb2401C4400,rb2401C4400,34.0,0.0,0.0,0.0,1,31.5,35.0,1,35.0,34.0,34.0,34.0,2.0,680.0,11
2023-05-09 22:17:48,rb2401C4400,rb2401C4400,34.0,0.0,0.0,0.0,1,32.0,35.0,1,35.0,34.0,34.0,34.0,2.0,680.0,11
2023-05-09 22:17:50,rb2401C4400,rb2401C4400,34.0,0.0,0.0,0.0,1,31.5,35.0,1,35.0,34.0,34.0,34.0,2.0,680.0,11
2023-05-09 22:17:51,rb2401C4400,rb2401C4400,34.0,0.0,0.0,0.0,1,31.5,35.0,1,35.0,34.0,34.0,34.0,2.0,680.0,11
2023-05-09 22:17:53,rb2401C4400,rb2401C4400,34.0,0.0,0.0,0.0,1,13.5,0.0,0,35.0,34.0,34.0,34.0,2.0,680.0,11
2023-05-09 22:17:54,rb2401C4400,rb2401C4400,34.0,0.0,0.0,0.0,6,14.0,0.0,0,35.0,34.0,34.0,34.0,2.0,680.0,11
2023-05-09 22:35:51,rb2401C4400,rb2401C4400,34.0,0.0,0.0,0.0,4,14.0,0.0,0,35.0,34.0,34.0,34.0,2.0,680.0,11
2023-05-09 22:57:03,rb2401C4400,rb2401C4400,34.0,0.0,0.0,0.0,1,13.5,0.0,0,35.0,34.0,34.0,34.0,2.0,680.0,11
2023-05-09 22:57:50,rb2401C4400,rb2401C4400,34.0,0.0,0.0,0.0,1,2.5,0.0,0,35.0,34.0,34.0,34.0,2.0,680.0,11
2023-05-10 09:01:22,rb2401C4400,rb2401C4400,34.0,0.0,0.0,0.0,2,9.0,0.0,0,35.0,34.0,34.0,34.0,2.0,680.0,11
2023-05-10 09:01:22,rb2401C4400,rb2401C4400,34.0,0.0,0.0,0.0,4,9.5,0.0,0,35.0,34.0,34.0,34.0,2.0,680.0,11
2023-05-10 09:02:05,rb2401C4400,rb2401C4400,34.0,0.0,0.0,0.0,2,13.0,0.0,0,35.0,34.0,34.0,34.0,2.0,680.0,11
2023-05-10 09:02:06,rb2401C4400,rb2401C4400,34.0,0.0,0.0,0.0,2,13.0,0.0,0,35.0,34.0,34.0,34.0,2.0,680.0,11
2023-05-10 09:02:06,rb2401C4400,rb2401C4400,34.0,0.0,0.0,0.0,4,13.5,0.0,0,35.0,34.0,34.0,34.0,2.0,680.0,11
2023-05-10 09:02:09,rb2401C4400,rb2401C4400,34.0,0.0,0.0,0.0,2,14.0,0.0,0,35.0,34.0,34.0,34.0,2.0,680.0,11
2023-05-10 09:02:10,rb2401C4400,rb2401C4400,34.0,0.0,0.0,0.0,2,14.0,0.0,0,35.0,34.0,34.0,34.0,2.0,680.0,11
2023-05-10 09:02:10,rb2401C4400,rb2401C4400,34.0,0.0,0.0,0.0,4,14.5,0.0,0,35.0,34.0,34.0,34.0,2.0,680.0,11
2023-05-10 09:02:14,rb2401C4400,rb2401C4400,34.0,0.0,0.0,0.0,2,15.0,0.0,0,35.0,34.0,34.0,34.0,2.0,680.0,11
2023-05-10 09:02:15,rb2401C4400,rb2401C4400,34.0,0.0,0.0,0.0,2,15.0,0.0,0,35.0,34.0,34.0,34.0,2.0,680.0,11
2023-05-10 09:02:15,rb2401C4400,rb2401C4400,34.0,0.0,0.0,0.0,4,15.5,0.0,0,35.0,34.0,34.0,34.0,2.0,680.0,11
2023-05-10 09:02:19,rb2401C4400,rb2401C4400,34.0,0.0,0.0,0.0,4,15.5,0.0,0,35.0,34.0,34.0,34.0,2.0,680.0,11
2023-05-10 09:02:19,rb2401C4400,rb2401C4400,34.0,0.0,0.0,0.0,2,16.0,0.0,0,35.0,34.0,34.0,34.0,2.0,680.0,11
2023-05-10 09:02:20,rb2401C4400,rb2401C4400,34.0,0.0,0.0,0.0,2,16.0,0.0,0,35.0,34.0,34.0,34.0,2.0,680.0,11
2023-05-10 09:02:20,rb2401C4400,rb2401C4400,34.0,0.0,0.0,0.0,4,16.5,0.0,0,35.0,34.0,34.0,34.0,2.0,680.0,11
2023-05-10 09:02:24,rb2401C4400,rb2401C4400,34.0,0.0,0.0,0.0,2,17.0,0.0,0,35.0,34.0,34.0,34.0,2.0,680.0,11
2023-05-10 09:02:24,rb2401C4400,rb2401C4400,34.0,0.0,0.0,0.0,2,17.0,0.0,0,35.0,34.0,34.0,34.0,2.0,680.0,11
2023-05-10 09:02:25,rb2401C4400,rb2401C4400,34.0,0.0,0.0,0.0,4,17.5,0.0,0,35.0,34.0,34.0,34.0,2.0,680.0,11
2023-05-10 09:02:27,rb2401C4400,rb2401C4400,34.0,0.0,0.0,0.0,4,17.5,0.0,0,35.0,34.0,34.0,34.0,2.0,680.0,11
2023-05-10 09:02:28,rb2401C4400,rb2401C4400,34.0,0.0,0.0,0.0,2,18.0,0.0,0,35.0,34.0,34.0,34.0,2.0,680.0,11
2023-05-10 09:02:28,rb2401C4400,rb2401C4400,34.0,0.0,0.0,0.0,2,18.0,0.0,0,35.0,34.0,34.0,34.0,2.0,680.0,11
2023-05-10 09:02:29,rb2401C4400,rb2401C4400,34.0,0.0,0.0,0.0,4,18.5,0.0,0,35.0,34.0,34.0,34.0,2.0,680.0,11
2023-05-10 09:02:30,rb2401C4400,rb2401C4400,34.0,0.0,0.0,0.0,4,18.5,0.0,0,35.0,34.0,34.0,34.0,2.0,680.0,11
2023-05-10 09:02:31,rb2401C4400,rb2401C4400,34.0,0.0,0.0,0.0,2,19.0,0.0,0,35.0,34.0,34.0,34.0,2.0,680.0,11
2023-05-10 09:02:31,rb2401C4400,rb2401C4400,34.0,0.0,0.0,0.0,2,19.0,0.0,0,35.0,34.0,34.0,34.0,2.0,680.0,11
2023-05-10 09:02:32,rb2401C4400,rb2401C4400,34.0,0.0,0.0,0.0,4,19.5,0.0,0,35.0,34.0,34.0,34.0,2.0,680.0,11
2023-05-10 09:02:33,rb2401C4400,rb2401C4400,34.0,0.0,0.0,0.0,4,19.5,0.0,0,35.0,34.0,34.0,34.0,2.0,680.0,11
2023-05-10 09:06:18,rb2401C4400,rb2401C4400,34.0,0.0,0.0,0.0,4,19.5,0.0,0,35.0,34.0,34.0,34.0,2.0,680.0,11
2023-05-10 09:10:41,rb2401C4400,rb2401C4400,34.0,0.0,0.0,0.0,4,19.5,0.0,0,35.0,34.0,34.0,34.0,2.0,680.0,11
2023-05-10 09:13:18,rb2401C4400,rb2401C4400,34.0,0.0,0.0,0.0,2,20.0,0.0,0,35.0,34.0,34.0,34.0,2.0,680.0,11
2023-05-10 09:13:19,rb2401C4400,rb2401C4400,34.0,0.0,0.0,0.0,2,20.0,0.0,0,35.0,34.0,34.0,34.0,2.0,680.0,11
2023-05-10 09:13:19,rb2401C4400,rb2401C4400,34.0,0.0,0.0,0.0,4,20.5,0.0,0,35.0,34.0,34.0,34.0,2.0,680.0,11
2023-05-10 09:13:20,rb2401C4400,rb2401C4400,34.0,0.0,0.0,0.0,2,21.0,0.0,0,35.0,34.0,34.0,34.0,2.0,680.0,11
2023-05-10 09:13:21,rb2401C4400,rb2401C4400,34.0,0.0,0.0,0.0,2,21.0,0.0,0,35.0,34.0,34.0,34.0,2.0,680.0,11
2023-05-10 09:13:21,rb2401C4400,rb2401C4400,34.0,0.0,0.0,0.0,4,21.5,0.0,0,35.0,34.0,34.0,34.0,2.0,680.0,11
2023-05-10 09:13:22,rb2401C4400,rb2401C4400,34.0,0.0,0.0,0.0,2,22.0,0.0,0,35.0,34.0,34.0,34.0,2.0,680.0,11
2023-05-10 09:13:22,rb2401C4400,rb2401C4400,34.0,0.0,0.0,0.0,2,22.0,0.0,0,35.0,34.0,34.0,34.0,2.0,680.0,11
2023-05-10 09:13:23,rb2401C4400,rb2401C4400,34.0,0.0,0.0,0.0,4,22.5,0.0,0,35.0,34.0,34.0,34.0,2.0,680.0,11
2023-05-10 09:13:23,rb2401C4400,rb2401C4400,34.0,0.0,0.0,0.0,4,22.5,0.0,0,35.0,34.0,34.0,34.0,2.0,680.0,11
2023-05-10 09:16:04,rb2401C4400,rb2401C4400,34.0,0.0,0.0,0.0,2,23.0,0.0,0,35.0,34.0,34.0,34.0,2.0,680.0,11
2023-05-10 09:16:05,rb2401C4400,rb2401C4400,34.0,0.0,0.0,0.0,2,23.0,0.0,0,35.0,34.0,34.0,34.0,2.0,680.0,11
2023-05-10 09:16:05,rb2401C4400,rb2401C4400,34.0,0.0,0.0,0.0,4,23.5,0.0,0,35.0,34.0,34.0,34.0,2.0,680.0,11
2023-05-10 09:16:06,rb2401C4400,rb2401C4400,34.0,0.0,0.0,0.0,4,23.5,0.0,0,35.0,34.0,34.0,34.0,2.0,680.0,11
2023-05-10 09:16:11,rb2401C4400,rb2401C4400,34.0,0.0,0.0,0.0,2,24.0,0.0,0,35.0,34.0,34.0,34.0,2.0,680.0,11
2023-05-10 09:16:11,rb2401C4400,rb2401C4400,34.0,0.0,0.0,0.0,2,24.0,0.0,0,35.0,34.0,34.0,34.0,2.0,680.0,11
2023-05-10 09:16:12,rb2401C4400,rb2401C4400,34.0,0.0,0.0,0.0,4,24.5,0.0,0,35.0,34.0,34.0,34.0,2.0,680.0,11
2023-05-10 09:16:12,rb2401C4400,rb2401C4400,34.0,0.0,0.0,0.0,4,24.5,0.0,0,35.0,34.0,34.0,34.0,2.0,680.0,11
2023-05-10 09:19:06,rb2401C4400,rb2401C4400,34.0,0.0,0.0,0.0,2,25.0,0.0,0,35.0,34.0,34.0,34.0,2.0,680.0,11
2023-05-10 09:19:07,rb2401C4400,rb2401C4400,34.0,0.0,0.0,0.0,2,25.0,0.0,0,35.0,34.0,34.0,34.0,2.0,680.0,11
2023-05-10 09:19:07,rb2401C4400,rb2401C4400,34.0,0.0,0.0,0.0,4,25.5,0.0,0,35.0,34.0,34.0,34.0,2.0,680.0,11
2023-05-10 09:19:08,rb2401C4400,rb2401C4400,34.0,0.0,0.0,0.0,4,25.5,0.0,0,35.0,34.0,34.0,34.0,2.0,680.0,11
2023-05-10 09:19:09,rb2401C4400,rb2401C4400,34.0,0.0,0.0,0.0,2,26.0,0.0,0,35.0,34.0,34.0,34.0,2.0,680.0,11
2023-05-10 09:19:09,rb2401C4400,rb2401C4400,34.0,0.0,0.0,0.0,2,26.0,0.0,0,35.0,34.0,34.0,34.0,2.0,680.0,11
2023-05-10 09:19:10,rb2401C4400,rb2401C4400,34.0,0.0,0.0,0.0,4,26.5,0.0,0,35.0,34.0,34.0,34.0,2.0,680.0,11
2023-05-10 09:19:10,rb2401C4400,rb2401C4400,34.0,0.0,0.0,0.0,4,26.5,0.0,0,35.0,34.0,34.0,34.0,2.0,680.0,11
2023-05-10 09:21:15,rb2401C4400,rb2401C4400,34.0,0.0,0.0,0.0,2,27.0,0.0,0,35.0,34.0,34.0,34.0,2.0,680.0,11
2023-05-10 09:21:16,rb2401C4400,rb2401C4400,34.0,0.0,0.0,0.0,2,27.0,0.0,0,35.0,34.0,34.0,34.0,2.0,680.0,11
2023-05-10 09:21:16,rb2401C4400,rb2401C4400,34.0,0.0,0.0,0.0,4,27.5,0.0,0,35.0,34.0,34.0,34.0,2.0,680.0,11
2023-05-10 09:21:17,rb2401C4400,rb2401C4400,34.0,0.0,0.0,0.0,2,28.0,0.0,0,35.0,34.0,34.0,34.0,2.0,680.0,11
2023-05-10 09:21:18,rb2401C4400,rb2401C4400,34.0,0.0,0.0,0.0,2,28.0,0.0,0,35.0,34.0,34.0,34.0,2.0,680.0,11
2023-05-10 09:21:18,rb2401C4400,rb2401C4400,34.0,0.0,0.0,0.0,4,28.5,0.0,0,35.0,34.0,34.0,34.0,2.0,680.0,11
2023-05-10 09:21:19,rb2401C4400,rb2401C4400,34.0,0.0,0.0,0.0,2,29.0,0.0,0,35.0,34.0,34.0,34.0,2.0,680.0,11
2023-05-10 09:21:19,rb2401C4400,rb2401C4400,34.0,0.0,0.0,0.0,2,29.0,0.0,0,35.0,34.0,34.0,34.0,2.0,680.0,11
2023-05-10 09:21:20,rb2401C4400,rb2401C4400,34.0,0.0,0.0,0.0,4,29.5,0.0,0,35.0,34.0,34.0,34.0,2.0,680.0,11
2023-05-10 09:21:20,rb2401C4400,rb2401C4400,34.0,0.0,0.0,0.0,4,29.5,0.0,0,35.0,34.0,34.0,34.0,2.0,680.0,11
2023-05-10 09:21:51,rb2401C4400,rb2401C4400,34.0,0.0,0.0,0.0,2,30.0,0.0,0,35.0,34.0,34.0,34.0,2.0,680.0,11
2023-05-10 09:21:51,rb2401C4400,rb2401C4400,34.0,0.0,0.0,0.0,2,30.0,0.0,0,35.0,34.0,34.0,34.0,2.0,680.0,11
2023-05-10 09:21:52,rb2401C4400,rb2401C4400,34.0,0.0,0.0,0.0,4,30.5,0.0,0,35.0,34.0,34.0,34.0,2.0,680.0,11
2023-05-10 09:21:53,rb2401C4400,rb2401C4400,34.0,0.0,0.0,0.0,4,30.5,0.0,0,35.0,34.0,34.0,34.0,2.0,680.0,11
2023-05-10 09:21:53,rb2401C4400,rb2401C4400,34.0,0.0,0.0,0.0,2,31.0,0.0,0,35.0,34.0,34.0,34.0,2.0,680.0,11
2023-05-10 09:21:54,rb2401C4400,rb2401C4400,34.0,0.0,0.0,0.0,2,31.0,0.0,0,35.0,34.0,34.0,34.0,2.0,680.0,11
2023-05-10 09:21:54,rb2401C4400,rb2401C4400,34.0,0.0,0.0,0.0,6,31.0,0.0,0,35.0,34.0,34.0,34.0,2.0,680.0,11
2023-05-10 09:22:06,rb2401C4400,rb2401C4400,34.0,0.0,0.0,0.0,2,31.0,0.0,0,35.0,34.0,34.0,34.0,2.0,680.0,11
2023-05-10 09:22:09,rb2401C4400,rb2401C4400,34.0,0.0,0.0,0.0,1,31.5,39.5,1,35.0,34.0,34.0,34.0,2.0,680.0,11
2023-05-10 09:22:10,rb2401C4400,rb2401C4400,34.0,0.0,0.0,0.0,1,31.5,39.5,1,35.0,34.0,34.0,34.0,2.0,680.0,11
2023-05-10 09:22:10,rb2401C4400,rb2401C4400,34.0,0.0,0.0,0.0,2,31.5,39.5,2,35.0,34.0,34.0,34.0,2.0,680.0,11
2023-05-10 09:22:11,rb2401C4400,rb2401C4400,34.0,0.0,0.0,0.0,1,31.5,39.5,1,35.0,34.0,34.0,34.0,2.0,680.0,11
2023-05-10 09:22:19,rb2401C4400,rb2401C4400,34.0,0.0,0.0,0.0,2,31.5,39.5,2,35.0,34.0,34.0,34.0,2.0,680.0,11
2023-05-10 09:22:20,rb2401C4400,rb2401C4400,34.0,0.0,0.0,0.0,1,38.0,39.5,2,35.0,34.0,34.0,34.0,2.0,680.0,11
2023-05-10 09:22:20,rb2401C4400,rb2401C4400,34.0,0.0,0.0,0.0,1,38.0,39.5,1,35.0,34.0,34.0,34.0,2.0,680.0,11
2023-05-10 09:22:21,rb2401C4400,rb2401C4400,34.0,0.0,0.0,0.0,1,38.0,39.5,1,35.0,34.0,34.0,34.0,2.0,680.0,11
2023-05-10 09:22:21,rb2401C4400,rb2401C4400,34.0,0.0,0.0,0.0,1,38.0,40.0,1,35.0,34.0,34.0,34.0,2.0,680.0,11
2023-05-10 09:22:22,rb2401C4400,rb2401C4400,34.0,0.0,0.0,0.0,1,38.0,40.0,1,35.0,34.0,34.0,34.0,2.0,680.0,11
2023-05-10 09:22:25,rb2401C4400,rb2401C4400,34.0,0.0,0.0,0.0,1,38.5,40.0,1,35.0,34.0,34.0,34.0,2.0,680.0,11
2023-05-10 09:22:27,rb2401C4400,rb2401C4400,34.0,0.0,0.0,0.0,1,38.5,40.0,1,35.0,34.0,34.0,34.0,2.0,680.0,11
2023-05-10 09:22:27,rb2401C4400,rb2401C4400,35.5,1.0,355.0,1.0,1,38.0,40.0,1,35.0,34.0,35.5,34.0,3.0,1035.0,12
2023-05-10 09:22:31,rb2401C4400,rb2401C4400,38.0,1.0,380.0,-1.0,3,37.5,40.0,1,35.0,34.0,38.0,34.0,4.0,1415.0,11
2023-05-10 09:22:31,rb2401C4400,rb2401C4400,38.0,0.0,0.0,0.0,3,37.5,40.0,1,35.0,34.0,38.0,34.0,4.0,1415.0,11
2023-05-10 09:22:32,rb2401C4400,rb2401C4400,38.0,0.0,0.0,0.0,3,37.5,40.0,1,35.0,34.0,38.0,34.0,4.0,1415.0,11
2023-05-10 09:22:33,rb2401C4400,rb2401C4400,38.0,0.0,0.0,0.0,3,37.5,40.5,2,35.0,34.0,38.0,34.0,4.0,1415.0,11
2023-05-10 09:22:33,rb2401C4400,rb2401C4400,38.0,0.0,0.0,0.0,2,37.5,40.5,1,35.0,34.0,38.0,34.0,4.0,1415.0,11
2023-05-10 09:22:37,rb2401C4400,rb2401C4400,38.0,0.0,0.0,0.0,1,37.5,41.0,1,35.0,34.0,38.0,34.0,4.0,1415.0,11
2023-05-10 09:22:38,rb2401C4400,rb2401C4400,38.0,0.0,0.0,0.0,1,37.5,41.0,1,35.0,34.0,38.0,34.0,4.0,1415.0,11
2023-05-10 09:22:39,rb2401C4400,rb2401C4400,38.0,0.0,0.0,0.0,1,3.0,0.0,0,35.0,34.0,38.0,34.0,4.0,1415.0,11
2023-05-10 09:22:40,rb2401C4400,rb2401C4400,38.0,0.0,0.0,0.0,2,6.5,0.0,0,35.0,34.0,38.0,34.0,4.0,1415.0,11
2023-05-10 09:22:40,rb2401C4400,rb2401C4400,38.0,0.0,0.0,0.0,1,7.0,0.0,0,35.0,34.0,38.0,34.0,4.0,1415.0,11
2023-05-10 09:22:41,rb2401C4400,rb2401C4400,38.0,0.0,0.0,0.0,6,7.5,0.0,0,35.0,34.0,38.0,34.0,4.0,1415.0,11
2023-05-10 09:22:41,rb2401C4400,rb2401C4400,38.0,0.0,0.0,0.0,1,8.0,0.0,0,35.0,34.0,38.0,34.0,4.0,1415.0,11
2023-05-10 09:22:42,rb2401C4400,rb2401C4400,38.0,0.0,0.0,0.0,2,8.5,0.0,0,35.0,34.0,38.0,34.0,4.0,1415.0,11
2023-05-10 09:22:42,rb2401C4400,rb2401C4400,38.0,0.0,0.0,0.0,4,9.0,0.0,0,35.0,34.0,38.0,34.0,4.0,1415.0,11
2023-05-10 09:22:43,rb2401C4400,rb2401C4400,38.0,0.0,0.0,0.0,2,9.5,0.0,0,35.0,34.0,38.0,34.0,4.0,1415.0,11
2023-05-10 09:22:43,rb2401C4400,rb2401C4400,38.0,0.0,0.0,0.0,2,9.5,0.0,0,35.0,34.0,38.0,34.0,4.0,1415.0,11
2023-05-10 09:22:44,rb2401C4400,rb2401C4400,38.0,0.0,0.0,0.0,4,10.0,0.0,0,35.0,34.0,38.0,34.0,4.0,1415.0,11
2023-05-10 09:22:44,rb2401C4400,rb2401C4400,38.0,0.0,0.0,0.0,2,10.5,0.0,0,35.0,34.0,38.0,34.0,4.0,1415.0,11
2023-05-10 09:22:45,rb2401C4400,rb2401C4400,38.0,0.0,0.0,0.0,2,10.5,0.0,0,35.0,34.0,38.0,34.0,4.0,1415.0,11
2023-05-10 09:22:45,rb2401C4400,rb2401C4400,38.0,0.0,0.0,0.0,4,11.0,0.0,0,35.0,34.0,38.0,34.0,4.0,1415.0,11
2023-05-10 09:22:46,rb2401C4400,rb2401C4400,38.0,0.0,0.0,0.0,2,11.5,0.0,0,35.0,34.0,38.0,34.0,4.0,1415.0,11
2023-05-10 09:22:46,rb2401C4400,rb2401C4400,38.0,0.0,0.0,0.0,2,11.5,0.0,0,35.0,34.0,38.0,34.0,4.0,1415.0,11
2023-05-10 09:22:47,rb2401C4400,rb2401C4400,38.0,0.0,0.0,0.0,4,12.0,0.0,0,35.0,34.0,38.0,34.0,4.0,1415.0,11
2023-05-10 09:22:47,rb2401C4400,rb2401C4400,38.0,0.0,0.0,0.0,4,12.0,0.0,0,35.0,34.0,38.0,34.0,4.0,1415.0,11
2023-05-10 09:24:13,rb2401C4400,rb2401C4400,38.0,0.0,0.0,0.0,2,12.5,0.0,0,35.0,34.0,38.0,34.0,4.0,1415.0,11
2023-05-10 09:24:14,rb2401C4400,rb2401C4400,38.0,0.0,0.0,0.0,2,12.5,0.0,0,35.0,34.0,38.0,34.0,4.0,1415.0,11
2023-05-10 09:24:14,rb2401C4400,rb2401C4400,38.0,0.0,0.0,0.0,4,13.0,0.0,0,35.0,34.0,38.0,34.0,4.0,1415.0,11
2023-05-10 09:24:15,rb2401C4400,rb2401C4400,38.0,0.0,0.0,0.0,2,13.5,0.0,0,35.0,34.0,38.0,34.0,4.0,1415.0,11
2023-05-10 09:24:15,rb2401C4400,rb2401C4400,38.0,0.0,0.0,0.0,2,13.5,0.0,0,35.0,34.0,38.0,34.0,4.0,1415.0,11
2023-05-10 09:24:16,rb2401C4400,rb2401C4400,38.0,0.0,0.0,0.0,4,14.0,0.0,0,35.0,34.0,38.0,34.0,4.0,1415.0,11
2023-05-10 09:24:16,rb2401C4400,rb2401C4400,38.0,0.0,0.0,0.0,2,14.5,0.0,0,35.0,34.0,38.0,34.0,4.0,1415.0,11
2023-05-10 09:24:17,rb2401C4400,rb2401C4400,38.0,0.0,0.0,0.0,2,14.5,0.0,0,35.0,34.0,38.0,34.0,4.0,1415.0,11
2023-05-10 09:24:17,rb2401C4400,rb2401C4400,38.0,0.0,0.0,0.0,4,15.0,0.0,0,35.0,34.0,38.0,34.0,4.0,1415.0,11
2023-05-10 09:24:18,rb2401C4400,rb2401C4400,38.0,0.0,0.0,0.0,2,15.5,0.0,0,35.0,34.0,38.0,34.0,4.0,1415.0,11
2023-05-10 09:24:18,rb2401C4400,rb2401C4400,38.0,0.0,0.0,0.0,2,15.5,0.0,0,35.0,34.0,38.0,34.0,4.0,1415.0,11
2023-05-10 09:24:19,rb2401C4400,rb2401C4400,38.0,0.0,0.0,0.0,4,16.0,0.0,0,35.0,34.0,38.0,34.0,4.0,1415.0,11
2023-05-10 09:24:19,rb2401C4400,rb2401C4400,38.0,0.0,0.0,0.0,2,16.5,0.0,0,35.0,34.0,38.0,34.0,4.0,1415.0,11
2023-05-10 09:24:20,rb2401C4400,rb2401C4400,38.0,0.0,0.0,0.0,2,16.5,0.0,0,35.0,34.0,38.0,34.0,4.0,1415.0,11
2023-05-10 09:24:20,rb2401C4400,rb2401C4400,38.0,0.0,0.0,0.0,4,17.0,0.0,0,35.0,34.0,38.0,34.0,4.0,1415.0,11
2023-05-10 09:24:21,rb2401C4400,rb2401C4400,38.0,0.0,0.0,0.0,2,17.5,0.0,0,35.0,34.0,38.0,34.0,4.0,1415.0,11
2023-05-10 09:24:21,rb2401C4400,rb2401C4400,38.0,0.0,0.0,0.0,2,17.5,0.0,0,35.0,34.0,38.0,34.0,4.0,1415.0,11
2023-05-10 09:24:22,rb2401C4400,rb2401C4400,38.0,0.0,0.0,0.0,4,18.0,0.0,0,35.0,34.0,38.0,34.0,4.0,1415.0,11
2023-05-10 09:24:22,rb2401C4400,rb2401C4400,38.0,0.0,0.0,0.0,4,18.0,0.0,0,35.0,34.0,38.0,34.0,4.0,1415.0,11
2023-05-10 09:24:23,rb2401C4400,rb2401C4400,38.0,0.0,0.0,0.0,2,21.5,0.0,0,35.0,34.0,38.0,34.0,4.0,1415.0,11
2023-05-10 09:24:24,rb2401C4400,rb2401C4400,38.0,0.0,0.0,0.0,2,21.5,0.0,0,35.0,34.0,38.0,34.0,4.0,1415.0,11
2023-05-10 09:24:24,rb2401C4400,rb2401C4400,38.0,0.0,0.0,0.0,4,22.0,0.0,0,35.0,34.0,38.0,34.0,4.0,1415.0,11
2023-05-10 09:24:25,rb2401C4400,rb2401C4400,38.0,0.0,0.0,0.0,2,22.5,0.0,0,35.0,34.0,38.0,34.0,4.0,1415.0,11
2023-05-10 09:24:25,rb2401C4400,rb2401C4400,38.0,0.0,0.0,0.0,2,22.5,0.0,0,35.0,34.0,38.0,34.0,4.0,1415.0,11
2023-05-10 09:24:26,rb2401C4400,rb2401C4400,38.0,0.0,0.0,0.0,4,23.0,0.0,0,35.0,34.0,38.0,34.0,4.0,1415.0,11
2023-05-10 09:24:26,rb2401C4400,rb2401C4400,38.0,0.0,0.0,0.0,2,23.5,0.0,0,35.0,34.0,38.0,34.0,4.0,1415.0,11
2023-05-10 09:24:27,rb2401C4400,rb2401C4400,38.0,0.0,0.0,0.0,2,23.5,0.0,0,35.0,34.0,38.0,34.0,4.0,1415.0,11
2023-05-10 09:24:27,rb2401C4400,rb2401C4400,38.0,0.0,0.0,0.0,4,24.0,0.0,0,35.0,34.0,38.0,34.0,4.0,1415.0,11
2023-05-10 09:24:28,rb2401C4400,rb2401C4400,38.0,0.0,0.0,0.0,2,24.5,0.0,0,35.0,34.0,38.0,34.0,4.0,1415.0,11
2023-05-10 09:24:28,rb2401C4400,rb2401C4400,38.0,0.0,0.0,0.0,2,24.5,0.0,0,35.0,34.0,38.0,34.0,4.0,1415.0,11
2023-05-10 09:24:29,rb2401C4400,rb2401C4400,38.0,0.0,0.0,0.0,4,25.0,0.0,0,35.0,34.0,38.0,34.0,4.0,1415.0,11
2023-05-10 09:24:29,rb2401C4400,rb2401C4400,38.0,0.0,0.0,0.0,2,25.5,0.0,0,35.0,34.0,38.0,34.0,4.0,1415.0,11
2023-05-10 09:24:30,rb2401C4400,rb2401C4400,38.0,0.0,0.0,0.0,2,25.5,0.0,0,35.0,34.0,38.0,34.0,4.0,1415.0,11
2023-05-10 09:24:30,rb2401C4400,rb2401C4400,38.0,0.0,0.0,0.0,4,26.0,0.0,0,35.0,34.0,38.0,34.0,4.0,1415.0,11
2023-05-10 09:24:31,rb2401C4400,rb2401C4400,38.0,0.0,0.0,0.0,4,26.0,0.0,0,35.0,34.0,38.0,34.0,4.0,1415.0,11
2023-05-10 09:24:45,rb2401C4400,rb2401C4400,38.0,0.0,0.0,0.0,2,26.5,0.0,0,35.0,34.0,38.0,34.0,4.0,1415.0,11
2023-05-10 09:24:46,rb2401C4400,rb2401C4400,38.0,0.0,0.0,0.0,2,26.5,0.0,0,35.0,34.0,38.0,34.0,4.0,1415.0,11
2023-05-10 09:24:46,rb2401C4400,rb2401C4400,38.0,0.0,0.0,0.0,4,27.0,0.0,0,35.0,34.0,38.0,34.0,4.0,1415.0,11
2023-05-10 09:24:47,rb2401C4400,rb2401C4400,38.0,0.0,0.0,0.0,2,27.5,0.0,0,35.0,34.0,38.0,34.0,4.0,1415.0,11
2023-05-10 09:24:47,rb2401C4400,rb2401C4400,38.0,0.0,0.0,0.0,2,27.5,0.0,0,35.0,34.0,38.0,34.0,4.0,1415.0,11
2023-05-10 09:24:48,rb2401C4400,rb2401C4400,38.0,0.0,0.0,0.0,4,28.0,0.0,0,35.0,34.0,38.0,34.0,4.0,1415.0,11
2023-05-10 09:24:48,rb2401C4400,rb2401C4400,38.0,0.0,0.0,0.0,2,28.5,0.0,0,35.0,34.0,38.0,34.0,4.0,1415.0,11
2023-05-10 09:24:49,rb2401C4400,rb2401C4400,38.0,0.0,0.0,0.0,2,28.5,0.0,0,35.0,34.0,38.0,34.0,4.0,1415.0,11
2023-05-10 09:24:49,rb2401C4400,rb2401C4400,38.0,0.0,0.0,0.0,4,29.0,0.0,0,35.0,34.0,38.0,34.0,4.0,1415.0,11
2023-05-10 09:24:50,rb2401C4400,rb2401C4400,38.0,0.0,0.0,0.0,4,29.0,0.0,0,35.0,34.0,38.0,34.0,4.0,1415.0,11
2023-05-10 09:25:16,rb2401C4400,rb2401C4400,38.0,0.0,0.0,0.0,2,29.5,0.0,0,35.0,34.0,38.0,34.0,4.0,1415.0,11
2023-05-10 09:25:17,rb2401C4400,rb2401C4400,38.0,0.0,0.0,0.0,2,29.5,0.0,0,35.0,34.0,38.0,34.0,4.0,1415.0,11
2023-05-10 09:25:17,rb2401C4400,rb2401C4400,38.0,0.0,0.0,0.0,4,30.0,0.0,0,35.0,34.0,38.0,34.0,4.0,1415.0,11
2023-05-10 09:25:18,rb2401C4400,rb2401C4400,38.0,0.0,0.0,0.0,2,30.5,0.0,0,35.0,34.0,38.0,34.0,4.0,1415.0,11
2023-05-10 09:25:18,rb2401C4400,rb2401C4400,38.0,0.0,0.0,0.0,2,30.5,0.0,0,35.0,34.0,38.0,34.0,4.0,1415.0,11
2023-05-10 09:25:19,rb2401C4400,rb2401C4400,38.0,0.0,0.0,0.0,6,30.5,0.0,0,35.0,34.0,38.0,34.0,4.0,1415.0,11
2023-05-10 09:25:35,rb2401C4400,rb2401C4400,38.0,0.0,0.0,0.0,4,30.5,0.0,0,35.0,34.0,38.0,34.0,4.0,1415.0,11
2023-05-10 09:26:32,rb2401C4400,rb2401C4400,38.0,0.0,0.0,0.0,1,31.5,39.5,1,35.0,34.0,38.0,34.0,4.0,1415.0,11
2023-05-10 09:26:32,rb2401C4400,rb2401C4400,38.0,0.0,0.0,0.0,1,31.5,39.5,1,35.0,34.0,38.0,34.0,4.0,1415.0,11
2023-05-10 09:26:42,rb2401C4400,rb2401C4400,38.0,0.0,0.0,0.0,1,33.5,36.0,1,35.0,34.0,38.0,34.0,4.0,1415.0,11
2023-05-10 09:26:43,rb2401C4400,rb2401C4400,38.0,1.0,380.0,0.0,1,33.5,37.5,1,35.0,34.0,38.0,34.0,5.0,1795.0,11
2023-05-10 09:26:44,rb2401C4400,rb2401C4400,38.0,0.0,0.0,0.0,1,33.5,37.5,2,35.0,34.0,38.0,34.0,5.0,1795.0,11
2023-05-10 09:26:45,rb2401C4400,rb2401C4400,38.0,0.0,0.0,0.0,1,33.5,37.5,2,35.0,34.0,38.0,34.0,5.0,1795.0,11
2023-05-10 09:26:49,rb2401C4400,rb2401C4400,38.0,0.0,0.0,0.0,1,33.5,37.5,2,35.0,34.0,38.0,34.0,5.0,1795.0,11
2023-05-10 09:26:50,rb2401C4400,rb2401C4400,38.0,0.0,0.0,0.0,2,33.5,37.5,3,35.0,34.0,38.0,34.0,5.0,1795.0,11
2023-05-10 09:26:53,rb2401C4400,rb2401C4400,38.0,0.0,0.0,0.0,1,33.5,37.5,3,35.0,34.0,38.0,34.0,5.0,1795.0,11
2023-05-10 09:26:54,rb2401C4400,rb2401C4400,38.0,0.0,0.0,0.0,1,33.5,37.5,3,35.0,34.0,38.0,34.0,5.0,1795.0,11
2023-05-10 09:26:54,rb2401C4400,rb2401C4400,38.0,0.0,0.0,0.0,1,33.5,37.5,2,35.0,34.0,38.0,34.0,5.0,1795.0,11
2023-05-10 09:26:55,rb2401C4400,rb2401C4400,38.0,0.0,0.0,0.0,1,33.5,37.5,2,35.0,34.0,38.0,34.0,5.0,1795.0,11
2023-05-10 09:26:55,rb2401C4400,rb2401C4400,38.0,0.0,0.0,0.0,1,33.5,37.5,1,35.0,34.0,38.0,34.0,5.0,1795.0,11
2023-05-10 09:26:56,rb2401C4400,rb2401C4400,38.0,0.0,0.0,0.0,1,33.5,37.5,1,35.0,34.0,38.0,34.0,5.0,1795.0,11
2023-05-10 09:26:56,rb2401C4400,rb2401C4400,38.0,0.0,0.0,0.0,1,33.5,37.5,1,35.0,34.0,38.0,34.0,5.0,1795.0,11
2023-05-10 09:27:00,rb2401C4400,rb2401C4400,38.0,0.0,0.0,0.0,1,33.5,37.5,1,35.0,34.0,38.0,34.0,5.0,1795.0,11
2023-05-10 09:27:02,rb2401C4400,rb2401C4400,38.0,0.0,0.0,0.0,1,8.0,0.0,0,35.0,34.0,38.0,34.0,5.0,1795.0,11
2023-05-10 09:27:03,rb2401C4400,rb2401C4400,38.0,0.0,0.0,0.0,4,8.5,0.0,0,35.0,34.0,38.0,34.0,5.0,1795.0,11
2023-05-10 09:27:03,rb2401C4400,rb2401C4400,38.0,0.0,0.0,0.0,2,9.0,0.0,0,35.0,34.0,38.0,34.0,5.0,1795.0,11
2023-05-10 09:27:04,rb2401C4400,rb2401C4400,38.0,0.0,0.0,0.0,2,9.0,0.0,0,35.0,34.0,38.0,34.0,5.0,1795.0,11
2023-05-10 09:27:04,rb2401C4400,rb2401C4400,38.0,0.0,0.0,0.0,4,9.5,0.0,0,35.0,34.0,38.0,34.0,5.0,1795.0,11
2023-05-10 09:27:06,rb2401C4400,rb2401C4400,38.0,0.0,0.0,0.0,2,10.0,0.0,0,35.0,34.0,38.0,34.0,5.0,1795.0,11
2023-05-10 09:27:06,rb2401C4400,rb2401C4400,38.0,0.0,0.0,0.0,2,10.0,0.0,0,35.0,34.0,38.0,34.0,5.0,1795.0,11
2023-05-10 09:27:07,rb2401C4400,rb2401C4400,38.0,0.0,0.0,0.0,4,10.5,0.0,0,35.0,34.0,38.0,34.0,5.0,1795.0,11
2023-05-10 09:27:08,rb2401C4400,rb2401C4400,38.0,0.0,0.0,0.0,2,11.0,0.0,0,35.0,34.0,38.0,34.0,5.0,1795.0,11
2023-05-10 09:27:08,rb2401C4400,rb2401C4400,38.0,0.0,0.0,0.0,2,11.0,0.0,0,35.0,34.0,38.0,34.0,5.0,1795.0,11
2023-05-10 09:27:09,rb2401C4400,rb2401C4400,38.0,0.0,0.0,0.0,4,11.5,0.0,0,35.0,34.0,38.0,34.0,5.0,1795.0,11
2023-05-10 09:27:09,rb2401C4400,rb2401C4400,38.0,0.0,0.0,0.0,4,11.5,0.0,0,35.0,34.0,38.0,34.0,5.0,1795.0,11
2023-05-10 09:28:42,rb2401C4400,rb2401C4400,38.0,0.0,0.0,0.0,4,11.5,0.0,0,35.0,34.0,38.0,34.0,5.0,1795.0,11
2023-05-10 09:28:43,rb2401C4400,rb2401C4400,38.0,0.0,0.0,0.0,4,11.5,0.0,0,35.0,34.0,38.0,34.0,5.0,1795.0,11
2023-05-10 09:31:34,rb2401C4400,rb2401C4400,38.0,0.0,0.0,0.0,4,11.5,0.0,0,35.0,34.0,38.0,34.0,5.0,1795.0,11
2023-05-10 09:34:09,rb2401C4400,rb2401C4400,38.0,0.0,0.0,0.0,4,11.5,0.0,0,35.0,34.0,38.0,34.0,5.0,1795.0,11
2023-05-10 09:34:42,rb2401C4400,rb2401C4400,38.0,0.0,0.0,0.0,4,11.5,0.0,0,35.0,34.0,38.0,34.0,5.0,1795.0,11
2023-05-10 09:34:56,rb2401C4400,rb2401C4400,38.0,0.0,0.0,0.0,4,11.5,0.0,0,35.0,34.0,38.0,34.0,5.0,1795.0,11
2023-05-10 09:42:43,rb2401C4400,rb2401C4400,38.0,0.0,0.0,0.0,4,11.5,0.0,0,35.0,34.0,38.0,34.0,5.0,1795.0,11
2023-05-10 09:45:19,rb2401C4400,rb2401C4400,38.0,0.0,0.0,0.0,4,11.5,0.0,0,35.0,34.0,38.0,34.0,5.0,1795.0,11
2023-05-10 10:14:30,rb2401C4400,rb2401C4400,38.0,0.0,0.0,0.0,4,11.5,0.0,0,35.0,34.0,38.0,34.0,5.0,1795.0,11
2023-05-10 10:14:33,rb2401C4400,rb2401C4400,38.0,0.0,0.0,0.0,7,3.0,0.0,0,35.0,34.0,38.0,34.0,5.0,1795.0,11
2023-05-10 10:30:09,rb2401C4400,rb2401C4400,38.0,0.0,0.0,0.0,4,3.5,0.0,0,35.0,34.0,38.0,34.0,5.0,1795.0,11
2023-05-10 10:30:16,rb2401C4400,rb2401C4400,38.0,0.0,0.0,0.0,2,7.0,0.0,0,35.0,34.0,38.0,34.0,5.0,1795.0,11
2023-05-10 10:30:16,rb2401C4400,rb2401C4400,38.0,0.0,0.0,0.0,2,7.0,0.0,0,35.0,34.0,38.0,34.0,5.0,1795.0,11
2023-05-10 10:30:17,rb2401C4400,rb2401C4400,38.0,0.0,0.0,0.0,4,7.5,0.0,0,35.0,34.0,38.0,34.0,5.0,1795.0,11
2023-05-10 10:30:30,rb2401C4400,rb2401C4400,38.0,0.0,0.0,0.0,4,7.5,0.0,0,35.0,34.0,38.0,34.0,5.0,1795.0,11
2023-05-10 10:30:30,rb2401C4400,rb2401C4400,38.0,0.0,0.0,0.0,2,8.0,0.0,0,35.0,34.0,38.0,34.0,5.0,1795.0,11
2023-05-10 10:30:31,rb2401C4400,rb2401C4400,38.0,0.0,0.0,0.0,2,8.0,0.0,0,35.0,34.0,38.0,34.0,5.0,1795.0,11
2023-05-10 10:30:31,rb2401C4400,rb2401C4400,38.0,0.0,0.0,0.0,4,8.5,0.0,0,35.0,34.0,38.0,34.0,5.0,1795.0,11
2023-05-10 10:30:44,rb2401C4400,rb2401C4400,38.0,0.0,0.0,0.0,4,8.5,0.0,0,35.0,34.0,38.0,34.0,5.0,1795.0,11
2023-05-10 10:30:45,rb2401C4400,rb2401C4400,38.0,0.0,0.0,0.0,2,9.0,0.0,0,35.0,34.0,38.0,34.0,5.0,1795.0,11
2023-05-10 10:30:45,rb2401C4400,rb2401C4400,38.0,0.0,0.0,0.0,2,9.0,0.0,0,35.0,34.0,38.0,34.0,5.0,1795.0,11
2023-05-10 10:30:46,rb2401C4400,rb2401C4400,38.0,0.0,0.0,0.0,4,9.5,0.0,0,35.0,34.0,38.0,34.0,5.0,1795.0,11
2023-05-10 10:30:52,rb2401C4400,rb2401C4400,38.0,0.0,0.0,0.0,2,10.0,0.0,0,35.0,34.0,38.0,34.0,5.0,1795.0,11
2023-05-10 10:30:53,rb2401C4400,rb2401C4400,38.0,0.0,0.0,0.0,2,10.0,0.0,0,35.0,34.0,38.0,34.0,5.0,1795.0,11
2023-05-10 10:30:53,rb2401C4400,rb2401C4400,38.0,0.0,0.0,0.0,4,10.5,0.0,0,35.0,34.0,38.0,34.0,5.0,1795.0,11
2023-05-10 10:30:56,rb2401C4400,rb2401C4400,38.0,0.0,0.0,0.0,2,11.0,0.0,0,35.0,34.0,38.0,34.0,5.0,1795.0,11
2023-05-10 10:30:57,rb2401C4400,rb2401C4400,38.0,0.0,0.0,0.0,2,11.0,0.0,0,35.0,34.0,38.0,34.0,5.0,1795.0,11
2023-05-10 10:30:57,rb2401C4400,rb2401C4400,38.0,0.0,0.0,0.0,4,11.5,0.0,0,35.0,34.0,38.0,34.0,5.0,1795.0,11
2023-05-10 10:30:58,rb2401C4400,rb2401C4400,38.0,0.0,0.0,0.0,4,11.5,0.0,0,35.0,34.0,38.0,34.0,5.0,1795.0,11
2023-05-10 11:29:33,rb2401C4400,rb2401C4400,38.0,0.0,0.0,0.0,7,3.0,0.0,0,35.0,34.0,38.0,34.0,5.0,1795.0,11
2023-05-10 13:30:32,rb2401C4400,rb2401C4400,38.0,0.0,0.0,0.0,4,3.5,0.0,0,35.0,34.0,38.0,34.0,5.0,1795.0,11
2023-05-10 13:31:19,rb2401C4400,rb2401C4400,38.0,0.0,0.0,0.0,2,7.0,0.0,0,35.0,34.0,38.0,34.0,5.0,1795.0,11
2023-05-10 13:31:20,rb2401C4400,rb2401C4400,38.0,0.0,0.0,0.0,2,7.0,0.0,0,35.0,34.0,38.0,34.0,5.0,1795.0,11
2023-05-10 13:31:20,rb2401C4400,rb2401C4400,38.0,0.0,0.0,0.0,4,7.5,0.0,0,35.0,34.0,38.0,34.0,5.0,1795.0,11
2023-05-10 13:31:24,rb2401C4400,rb2401C4400,38.0,0.0,0.0,0.0,4,7.5,0.0,0,35.0,34.0,38.0,34.0,5.0,1795.0,11
2023-05-10 13:31:24,rb2401C4400,rb2401C4400,38.0,0.0,0.0,0.0,2,8.0,0.0,0,35.0,34.0,38.0,34.0,5.0,1795.0,11
2023-05-10 13:31:25,rb2401C4400,rb2401C4400,38.0,0.0,0.0,0.0,2,8.0,0.0,0,35.0,34.0,38.0,34.0,5.0,1795.0,11
2023-05-10 13:31:25,rb2401C4400,rb2401C4400,38.0,0.0,0.0,0.0,4,8.5,0.0,0,35.0,34.0,38.0,34.0,5.0,1795.0,11
2023-05-10 13:31:27,rb2401C4400,rb2401C4400,38.0,0.0,0.0,0.0,2,9.0,0.0,0,35.0,34.0,38.0,34.0,5.0,1795.0,11
2023-05-10 13:31:27,rb2401C4400,rb2401C4400,38.0,0.0,0.0,0.0,2,9.0,0.0,0,35.0,34.0,38.0,34.0,5.0,1795.0,11
2023-05-10 13:31:28,rb2401C4400,rb2401C4400,38.0,0.0,0.0,0.0,4,9.5,0.0,0,35.0,34.0,38.0,34.0,5.0,1795.0,11
2023-05-10 13:31:29,rb2401C4400,rb2401C4400,38.0,0.0,0.0,0.0,2,10.0,0.0,0,35.0,34.0,38.0,34.0,5.0,1795.0,11
2023-05-10 13:31:29,rb2401C4400,rb2401C4400,38.0,0.0,0.0,0.0,2,10.0,0.0,0,35.0,34.0,38.0,34.0,5.0,1795.0,11
2023-05-10 13:31:30,rb2401C4400,rb2401C4400,38.0,0.0,0.0,0.0,4,10.5,0.0,0,35.0,34.0,38.0,34.0,5.0,1795.0,11
2023-05-10 13:31:31,rb2401C4400,rb2401C4400,38.0,0.0,0.0,0.0,2,11.0,0.0,0,35.0,34.0,38.0,34.0,5.0,1795.0,11
2023-05-10 13:31:31,rb2401C4400,rb2401C4400,38.0,0.0,0.0,0.0,2,11.0,0.0,0,35.0,34.0,38.0,34.0,5.0,1795.0,11
2023-05-10 13:31:32,rb2401C4400,rb2401C4400,38.0,0.0,0.0,0.0,4,11.5,0.0,0,35.0,34.0,38.0,34.0,5.0,1795.0,11
2023-05-10 13:31:32,rb2401C4400,rb2401C4400,38.0,0.0,0.0,0.0,4,11.5,0.0,0,35.0,34.0,38.0,34.0,5.0,1795.0,11
2023-05-10 13:34:51,rb2401C4400,rb2401C4400,38.0,0.0,0.0,0.0,7,3.0,0.0,0,35.0,34.0,38.0,34.0,5.0,1795.0,11
2023-05-10 13:34:52,rb2401C4400,rb2401C4400,38.0,0.0,0.0,0.0,2,6.5,0.0,0,35.0,34.0,38.0,34.0,5.0,1795.0,11
2023-05-10 13:39:20,rb2401C4400,rb2401C4400,38.0,0.0,0.0,0.0,4,7.0,0.0,0,35.0,34.0,38.0,34.0,5.0,1795.0,11
2023-05-10 13:39:22,rb2401C4400,rb2401C4400,38.0,0.0,0.0,0.0,4,7.0,0.0,0,35.0,34.0,38.0,34.0,5.0,1795.0,11
2023-05-10 13:39:22,rb2401C4400,rb2401C4400,38.0,0.0,0.0,0.0,2,7.5,0.0,0,35.0,34.0,38.0,34.0,5.0,1795.0,11
2023-05-10 13:39:23,rb2401C4400,rb2401C4400,38.0,0.0,0.0,0.0,2,7.5,0.0,0,35.0,34.0,38.0,34.0,5.0,1795.0,11
2023-05-10 13:39:23,rb2401C4400,rb2401C4400,38.0,0.0,0.0,0.0,4,8.0,0.0,0,35.0,34.0,38.0,34.0,5.0,1795.0,11
2023-05-10 13:39:24,rb2401C4400,rb2401C4400,38.0,0.0,0.0,0.0,2,8.5,0.0,0,35.0,34.0,38.0,34.0,5.0,1795.0,11
2023-05-10 13:39:24,rb2401C4400,rb2401C4400,38.0,0.0,0.0,0.0,2,8.5,0.0,0,35.0,34.0,38.0,34.0,5.0,1795.0,11
2023-05-10 13:39:25,rb2401C4400,rb2401C4400,38.0,0.0,0.0,0.0,4,9.0,0.0,0,35.0,34.0,38.0,34.0,5.0,1795.0,11
2023-05-10 13:39:25,rb2401C4400,rb2401C4400,38.0,0.0,0.0,0.0,2,9.5,0.0,0,35.0,34.0,38.0,34.0,5.0,1795.0,11
2023-05-10 13:39:26,rb2401C4400,rb2401C4400,38.0,0.0,0.0,0.0,2,9.5,0.0,0,35.0,34.0,38.0,34.0,5.0,1795.0,11
2023-05-10 13:39:26,rb2401C4400,rb2401C4400,38.0,0.0,0.0,0.0,4,10.0,0.0,0,35.0,34.0,38.0,34.0,5.0,1795.0,11
2023-05-10 13:39:27,rb2401C4400,rb2401C4400,38.0,0.0,0.0,0.0,4,10.0,0.0,0,35.0,34.0,38.0,34.0,5.0,1795.0,11
2023-05-10 13:39:27,rb2401C4400,rb2401C4400,38.0,0.0,0.0,0.0,2,10.5,0.0,0,35.0,34.0,38.0,34.0,5.0,1795.0,11
2023-05-10 13:39:28,rb2401C4400,rb2401C4400,38.0,0.0,0.0,0.0,2,10.5,0.0,0,35.0,34.0,38.0,34.0,5.0,1795.0,11
2023-05-10 13:39:28,rb2401C4400,rb2401C4400,38.0,0.0,0.0,0.0,4,11.0,0.0,0,35.0,34.0,38.0,34.0,5.0,1795.0,11
2023-05-10 13:39:29,rb2401C4400,rb2401C4400,38.0,0.0,0.0,0.0,2,11.5,0.0,0,35.0,34.0,38.0,34.0,5.0,1795.0,11
2023-05-10 13:39:29,rb2401C4400,rb2401C4400,38.0,0.0,0.0,0.0,2,11.5,0.0,0,35.0,34.0,38.0,34.0,5.0,1795.0,11
2023-05-10 13:39:30,rb2401C4400,rb2401C4400,38.0,0.0,0.0,0.0,4,12.0,0.0,0,35.0,34.0,38.0,34.0,5.0,1795.0,11
2023-05-10 13:39:30,rb2401C4400,rb2401C4400,38.0,0.0,0.0,0.0,4,12.0,0.0,0,35.0,34.0,38.0,34.0,5.0,1795.0,11
2023-05-10 13:45:11,rb2401C4400,rb2401C4400,38.0,0.0,0.0,0.0,2,12.5,0.0,0,35.0,34.0,38.0,34.0,5.0,1795.0,11
2023-05-10 13:45:12,rb2401C4400,rb2401C4400,38.0,0.0,0.0,0.0,2,12.5,0.0,0,35.0,34.0,38.0,34.0,5.0,1795.0,11
2023-05-10 13:45:12,rb2401C4400,rb2401C4400,38.0,0.0,0.0,0.0,4,13.0,0.0,0,35.0,34.0,38.0,34.0,5.0,1795.0,11
2023-05-10 13:45:13,rb2401C4400,rb2401C4400,38.0,0.0,0.0,0.0,4,13.0,0.0,0,35.0,34.0,38.0,34.0,5.0,1795.0,11
2023-05-10 13:45:14,rb2401C4400,rb2401C4400,38.0,0.0,0.0,0.0,2,13.5,0.0,0,35.0,34.0,38.0,34.0,5.0,1795.0,11
2023-05-10 13:45:14,rb2401C4400,rb2401C4400,38.0,0.0,0.0,0.0,2,13.5,0.0,0,35.0,34.0,38.0,34.0,5.0,1795.0,11
2023-05-10 13:45:15,rb2401C4400,rb2401C4400,38.0,0.0,0.0,0.0,4,14.0,0.0,0,35.0,34.0,38.0,34.0,5.0,1795.0,11
2023-05-10 13:45:15,rb2401C4400,rb2401C4400,38.0,0.0,0.0,0.0,2,14.5,0.0,0,35.0,34.0,38.0,34.0,5.0,1795.0,11
2023-05-10 13:45:16,rb2401C4400,rb2401C4400,38.0,0.0,0.0,0.0,2,14.5,0.0,0,35.0,34.0,38.0,34.0,5.0,1795.0,11
2023-05-10 13:45:16,rb2401C4400,rb2401C4400,38.0,0.0,0.0,0.0,4,15.0,0.0,0,35.0,34.0,38.0,34.0,5.0,1795.0,11
2023-05-10 13:45:17,rb2401C4400,rb2401C4400,38.0,0.0,0.0,0.0,2,15.5,0.0,0,35.0,34.0,38.0,34.0,5.0,1795.0,11
2023-05-10 13:45:17,rb2401C4400,rb2401C4400,38.0,0.0,0.0,0.0,2,15.5,0.0,0,35.0,34.0,38.0,34.0,5.0,1795.0,11
2023-05-10 13:45:18,rb2401C4400,rb2401C4400,38.0,0.0,0.0,0.0,4,16.0,0.0,0,35.0,34.0,38.0,34.0,5.0,1795.0,11
2023-05-10 13:45:18,rb2401C4400,rb2401C4400,38.0,0.0,0.0,0.0,4,16.0,0.0,0,35.0,34.0,38.0,34.0,5.0,1795.0,11
2023-05-10 13:45:19,rb2401C4400,rb2401C4400,38.0,0.0,0.0,0.0,2,16.5,0.0,0,35.0,34.0,38.0,34.0,5.0,1795.0,11
2023-05-10 13:45:19,rb2401C4400,rb2401C4400,38.0,0.0,0.0,0.0,2,16.5,0.0,0,35.0,34.0,38.0,34.0,5.0,1795.0,11
2023-05-10 13:45:20,rb2401C4400,rb2401C4400,38.0,0.0,0.0,0.0,4,17.0,0.0,0,35.0,34.0,38.0,34.0,5.0,1795.0,11
2023-05-10 13:45:20,rb2401C4400,rb2401C4400,38.0,0.0,0.0,0.0,2,17.5,0.0,0,35.0,34.0,38.0,34.0,5.0,1795.0,11
2023-05-10 13:45:21,rb2401C4400,rb2401C4400,38.0,0.0,0.0,0.0,2,17.5,0.0,0,35.0,34.0,38.0,34.0,5.0,1795.0,11
2023-05-10 13:45:21,rb2401C4400,rb2401C4400,38.0,0.0,0.0,0.0,4,18.0,0.0,0,35.0,34.0,38.0,34.0,5.0,1795.0,11
2023-05-10 13:45:22,rb2401C4400,rb2401C4400,38.0,0.0,0.0,0.0,4,18.0,0.0,0,35.0,34.0,38.0,34.0,5.0,1795.0,11
2023-05-10 13:45:22,rb2401C4400,rb2401C4400,38.0,0.0,0.0,0.0,2,18.5,0.0,0,35.0,34.0,38.0,34.0,5.0,1795.0,11
2023-05-10 13:45:23,rb2401C4400,rb2401C4400,38.0,0.0,0.0,0.0,2,18.5,0.0,0,35.0,34.0,38.0,34.0,5.0,1795.0,11
2023-05-10 13:45:23,rb2401C4400,rb2401C4400,38.0,0.0,0.0,0.0,4,19.0,0.0,0,35.0,34.0,38.0,34.0,5.0,1795.0,11
2023-05-10 13:45:24,rb2401C4400,rb2401C4400,38.0,0.0,0.0,0.0,2,19.5,0.0,0,35.0,34.0,38.0,34.0,5.0,1795.0,11
2023-05-10 13:45:24,rb2401C4400,rb2401C4400,38.0,0.0,0.0,0.0,2,19.5,0.0,0,35.0,34.0,38.0,34.0,5.0,1795.0,11
2023-05-10 13:45:25,rb2401C4400,rb2401C4400,38.0,0.0,0.0,0.0,4,20.0,0.0,0,35.0,34.0,38.0,34.0,5.0,1795.0,11
2023-05-10 13:45:25,rb2401C4400,rb2401C4400,38.0,0.0,0.0,0.0,4,20.0,0.0,0,35.0,34.0,38.0,34.0,5.0,1795.0,11
2023-05-10 14:15:46,rb2401C4400,rb2401C4400,38.0,0.0,0.0,0.0,1,28.0,36.0,1,35.0,34.0,38.0,34.0,5.0,1795.0,11
2023-05-10 14:15:47,rb2401C4400,rb2401C4400,38.0,0.0,0.0,0.0,1,28.0,36.0,1,35.0,34.0,38.0,34.0,5.0,1795.0,11
2023-05-10 14:15:51,rb2401C4400,rb2401C4400,38.0,0.0,0.0,0.0,1,30.5,32.5,1,35.0,34.0,38.0,34.0,5.0,1795.0,11
2023-05-10 14:15:52,rb2401C4400,rb2401C4400,38.0,0.0,0.0,0.0,1,30.5,32.5,1,35.0,34.0,38.0,34.0,5.0,1795.0,11
2023-05-10 14:15:56,rb2401C4400,rb2401C4400,38.0,0.0,0.0,0.0,1,30.5,32.5,1,35.0,34.0,38.0,34.0,5.0,1795.0,11
2023-05-10 14:15:56,rb2401C4400,rb2401C4400,32.5,1.0,325.0,1.0,1,30.5,33.5,1,35.0,34.0,38.0,32.5,6.0,2120.0,12
2023-05-10 14:15:58,rb2401C4400,rb2401C4400,32.5,0.0,0.0,0.0,1,30.5,33.5,1,35.0,34.0,38.0,32.5,6.0,2120.0,12
2023-05-10 14:15:59,rb2401C4400,rb2401C4400,32.5,0.0,0.0,0.0,1,30.5,33.5,1,35.0,34.0,38.0,32.5,6.0,2120.0,12
2023-05-10 14:16:00,rb2401C4400,rb2401C4400,32.5,0.0,0.0,0.0,1,30.5,33.5,1,35.0,34.0,38.0,32.5,6.0,2120.0,12
2023-05-10 14:16:02,rb2401C4400,rb2401C4400,32.5,0.0,0.0,0.0,2,30.0,33.5,1,35.0,34.0,38.0,32.5,6.0,2120.0,12
2023-05-10 14:16:03,rb2401C4400,rb2401C4400,32.5,0.0,0.0,0.0,2,30.0,33.5,1,35.0,34.0,38.0,32.5,6.0,2120.0,12
2023-05-10 14:16:04,rb2401C4400,rb2401C4400,32.5,0.0,0.0,0.0,3,30.0,33.5,2,35.0,34.0,38.0,32.5,6.0,2120.0,12
2023-05-10 14:16:05,rb2401C4400,rb2401C4400,32.5,0.0,0.0,0.0,3,30.0,33.5,2,35.0,34.0,38.0,32.5,6.0,2120.0,12
2023-05-10 14:16:07,rb2401C4400,rb2401C4400,32.5,0.0,0.0,0.0,3,30.0,33.5,1,35.0,34.0,38.0,32.5,6.0,2120.0,12
2023-05-10 14:16:09,rb2401C4400,rb2401C4400,32.5,0.0,0.0,0.0,2,30.0,33.5,1,35.0,34.0,38.0,32.5,6.0,2120.0,12
2023-05-10 14:16:10,rb2401C4400,rb2401C4400,32.5,0.0,0.0,0.0,1,30.0,33.5,1,35.0,34.0,38.0,32.5,6.0,2120.0,12
2023-05-10 14:16:12,rb2401C4400,rb2401C4400,32.5,0.0,0.0,0.0,1,30.0,33.5,1,35.0,34.0,38.0,32.5,6.0,2120.0,12
2023-05-10 14:16:14,rb2401C4400,rb2401C4400,32.5,0.0,0.0,0.0,1,30.0,33.5,1,35.0,34.0,38.0,32.5,6.0,2120.0,12
2023-05-10 14:16:16,rb2401C4400,rb2401C4400,32.5,0.0,0.0,0.0,7,3.0,0.0,0,35.0,34.0,38.0,32.5,6.0,2120.0,12
2023-05-10 14:16:17,rb2401C4400,rb2401C4400,32.5,0.0,0.0,0.0,4,3.5,0.0,0,35.0,34.0,38.0,32.5,6.0,2120.0,12
2023-05-10 14:16:18,rb2401C4400,rb2401C4400,32.5,0.0,0.0,0.0,2,7.0,0.0,0,35.0,34.0,38.0,32.5,6.0,2120.0,12
2023-05-10 14:16:18,rb2401C4400,rb2401C4400,32.5,0.0,0.0,0.0,2,7.0,0.0,0,35.0,34.0,38.0,32.5,6.0,2120.0,12
2023-05-10 14:16:19,rb2401C4400,rb2401C4400,32.5,0.0,0.0,0.0,4,7.5,0.0,0,35.0,34.0,38.0,32.5,6.0,2120.0,12
2023-05-10 14:16:19,rb2401C4400,rb2401C4400,32.5,0.0,0.0,0.0,4,7.5,0.0,0,35.0,34.0,38.0,32.5,6.0,2120.0,12
2023-05-10 14:16:20,rb2401C4400,rb2401C4400,32.5,0.0,0.0,0.0,2,8.0,0.0,0,35.0,34.0,38.0,32.5,6.0,2120.0,12
2023-05-10 14:16:20,rb2401C4400,rb2401C4400,32.5,0.0,0.0,0.0,2,8.0,0.0,0,35.0,34.0,38.0,32.5,6.0,2120.0,12
2023-05-10 14:16:21,rb2401C4400,rb2401C4400,32.5,0.0,0.0,0.0,4,8.5,0.0,0,35.0,34.0,38.0,32.5,6.0,2120.0,12
2023-05-10 14:16:22,rb2401C4400,rb2401C4400,32.5,0.0,0.0,0.0,2,9.0,0.0,0,35.0,34.0,38.0,32.5,6.0,2120.0,12
2023-05-10 14:16:22,rb2401C4400,rb2401C4400,32.5,0.0,0.0,0.0,2,9.0,0.0,0,35.0,34.0,38.0,32.5,6.0,2120.0,12
2023-05-10 14:16:23,rb2401C4400,rb2401C4400,32.5,0.0,0.0,0.0,4,9.5,0.0,0,35.0,34.0,38.0,32.5,6.0,2120.0,12
2023-05-10 14:16:24,rb2401C4400,rb2401C4400,32.5,0.0,0.0,0.0,2,10.0,0.0,0,35.0,34.0,38.0,32.5,6.0,2120.0,12
2023-05-10 14:16:24,rb2401C4400,rb2401C4400,32.5,0.0,0.0,0.0,2,10.0,0.0,0,35.0,34.0,38.0,32.5,6.0,2120.0,12
2023-05-10 14:16:25,rb2401C4400,rb2401C4400,32.5,0.0,0.0,0.0,4,10.5,0.0,0,35.0,34.0,38.0,32.5,6.0,2120.0,12
2023-05-10 14:16:25,rb2401C4400,rb2401C4400,32.5,0.0,0.0,0.0,2,11.0,0.0,0,35.0,34.0,38.0,32.5,6.0,2120.0,12
2023-05-10 14:16:26,rb2401C4400,rb2401C4400,32.5,0.0,0.0,0.0,2,11.0,0.0,0,35.0,34.0,38.0,32.5,6.0,2120.0,12
2023-05-10 14:16:26,rb2401C4400,rb2401C4400,32.5,0.0,0.0,0.0,4,11.5,0.0,0,35.0,34.0,38.0,32.5,6.0,2120.0,12
2023-05-10 14:16:27,rb2401C4400,rb2401C4400,32.5,0.0,0.0,0.0,4,11.5,0.0,0,35.0,34.0,38.0,32.5,6.0,2120.0,12
2023-05-10 14:16:53,rb2401C4400,rb2401C4400,32.5,0.0,0.0,0.0,1,12.0,0.0,0,35.0,34.0,38.0,32.5,6.0,2120.0,12
2023-05-10 14:16:54,rb2401C4400,rb2401C4400,32.5,0.0,0.0,0.0,1,12.0,0.0,0,35.0,34.0,38.0,32.5,6.0,2120.0,12
2023-05-10 14:16:54,rb2401C4400,rb2401C4400,32.5,0.0,0.0,0.0,4,12.5,0.0,0,35.0,34.0,38.0,32.5,6.0,2120.0,12
2023-05-10 14:47:21,rb2401C4400,rb2401C4400,32.5,0.0,0.0,0.0,4,12.5,0.0,0,35.0,34.0,38.0,32.5,6.0,2120.0,12
2023-05-10 14:48:31,rb2401C4400,rb2401C4400,32.5,0.0,0.0,0.0,4,12.5,0.0,0,35.0,34.0,38.0,32.5,6.0,2120.0,12
2023-05-10 14:48:59,rb2401C4400,rb2401C4400,32.5,0.0,0.0,0.0,4,12.5,0.0,0,35.0,34.0,38.0,32.5,6.0,2120.0,12
2023-05-10 14:50:41,rb2401C4400,rb2401C4400,32.5,0.0,0.0,0.0,4,12.5,0.0,0,35.0,34.0,38.0,32.5,6.0,2120.0,12
2023-05-10 14:59:03,rb2401C4400,rb2401C4400,32.5,0.0,0.0,0.0,1,12.0,0.0,0,35.0,34.0,38.0,32.5,6.0,2120.0,12
2023-05-10 14:59:40,rb2401C4400,rb2401C4400,32.5,0.0,0.0,0.0,4,3.0,0.0,0,35.0,34.0,38.0,32.5,6.0,2120.0,12
2023-05-10 14:59:54,rb2401C4400,rb2401C4400,32.5,0.0,0.0,0.0,2,6.5,0.0,0,35.0,34.0,38.0,32.5,6.0,2120.0,12
2023-05-10 15:14:42,rb2401C4400,rb2401C4400,32.5,0.0,0.0,0.0,2,6.5,0.0,0,35.0,34.0,38.0,32.5,6.0,2120.0,12
