time,symbol_id,symbol_name,last,trade_volume,trade_amount,open_interest_change,bv1,bp1,ap1,av1,yesterday_close,today_open,today_high,today_low,volume,amount,open_interest
2023-05-09 20:59:00,rb2401P3550,rb2401P3550,190.0,0.0,0.0,0.0,1,1.5,0.0,0,190.0,0.0,0.0,0.0,0.0,0.0,2
2023-05-09 21:01:24,rb2401P3550,rb2401P3550,190.0,0.0,0.0,0.0,2,2.0,0.0,0,190.0,0.0,0.0,0.0,0.0,0.0,2
2023-05-09 21:01:36,rb2401P3550,rb2401P3550,190.0,0.0,0.0,0.0,1,45.5,0.0,0,190.0,0.0,0.0,0.0,0.0,0.0,2
2023-05-09 21:01:40,rb2401P3550,rb2401P3550,190.0,0.0,0.0,0.0,2,46.0,0.0,0,190.0,0.0,0.0,0.0,0.0,0.0,2
2023-05-09 21:02:57,rb2401P3550,rb2401P3550,190.0,0.0,0.0,0.0,1,46.5,0.0,0,190.0,0.0,0.0,0.0,0.0,0.0,2
2023-05-09 21:03:03,rb2401P3550,rb2401P3550,190.0,0.0,0.0,0.0,2,47.0,0.0,0,190.0,0.0,0.0,0.0,0.0,0.0,2
2023-05-09 21:05:38,rb2401P3550,rb2401P3550,190.0,0.0,0.0,0.0,2,47.0,0.0,0,190.0,0.0,0.0,0.0,0.0,0.0,2
2023-05-09 21:08:18,rb2401P3550,rb2401P3550,190.0,0.0,0.0,0.0,2,47.0,0.0,0,190.0,0.0,0.0,0.0,0.0,0.0,2
2023-05-09 21:12:29,rb2401P3550,rb2401P3550,190.0,0.0,0.0,0.0,2,47.0,0.0,0,190.0,0.0,0.0,0.0,0.0,0.0,2
2023-05-09 21:14:39,rb2401P3550,rb2401P3550,190.0,0.0,0.0,0.0,2,47.0,0.0,0,190.0,0.0,0.0,0.0,0.0,0.0,2
2023-05-09 21:15:53,rb2401P3550,rb2401P3550,190.0,0.0,0.0,0.0,2,47.0,0.0,0,190.0,0.0,0.0,0.0,0.0,0.0,2
2023-05-09 21:32:57,rb2401P3550,rb2401P3550,190.0,0.0,0.0,0.0,1,47.5,0.0,0,190.0,0.0,0.0,0.0,0.0,0.0,2
2023-05-09 21:33:00,rb2401P3550,rb2401P3550,190.0,0.0,0.0,0.0,2,51.5,0.0,0,190.0,0.0,0.0,0.0,0.0,0.0,2
2023-05-09 21:43:45,rb2401P3550,rb2401P3550,190.0,0.0,0.0,0.0,1,174.0,188.0,1,190.0,0.0,0.0,0.0,0.0,0.0,2
2023-05-09 21:43:46,rb2401P3550,rb2401P3550,190.0,0.0,0.0,0.0,2,174.0,188.0,2,190.0,0.0,0.0,0.0,0.0,0.0,2
2023-05-09 21:43:46,rb2401P3550,rb2401P3550,190.0,0.0,0.0,0.0,3,174.0,188.0,3,190.0,0.0,0.0,0.0,0.0,0.0,2
2023-05-09 21:43:50,rb2401P3550,rb2401P3550,190.0,0.0,0.0,0.0,3,174.0,188.0,3,190.0,0.0,0.0,0.0,0.0,0.0,2
2023-05-09 21:43:55,rb2401P3550,rb2401P3550,190.0,0.0,0.0,0.0,3,174.0,188.0,3,190.0,0.0,0.0,0.0,0.0,0.0,2
2023-05-09 21:43:55,rb2401P3550,rb2401P3550,190.0,0.0,0.0,0.0,1,174.5,180.0,1,190.0,0.0,0.0,0.0,0.0,0.0,2
2023-05-09 21:43:56,rb2401P3550,rb2401P3550,190.0,0.0,0.0,0.0,1,174.5,180.0,1,190.0,0.0,0.0,0.0,0.0,0.0,2
2023-05-09 21:43:57,rb2401P3550,rb2401P3550,190.0,0.0,0.0,0.0,1,174.5,180.0,1,190.0,0.0,0.0,0.0,0.0,0.0,2
2023-05-09 21:43:58,rb2401P3550,rb2401P3550,190.0,0.0,0.0,0.0,1,174.5,180.0,1,190.0,0.0,0.0,0.0,0.0,0.0,2
2023-05-09 21:44:01,rb2401P3550,rb2401P3550,190.0,0.0,0.0,0.0,1,174.5,180.0,1,190.0,0.0,0.0,0.0,0.0,0.0,2
2023-05-09 21:44:02,rb2401P3550,rb2401P3550,190.0,0.0,0.0,0.0,1,174.5,180.0,1,190.0,0.0,0.0,0.0,0.0,0.0,2
2023-05-09 21:44:03,rb2401P3550,rb2401P3550,190.0,0.0,0.0,0.0,1,178.5,180.0,1,190.0,0.0,0.0,0.0,0.0,0.0,2
2023-05-09 21:44:03,rb2401P3550,rb2401P3550,190.0,0.0,0.0,0.0,1,178.5,180.0,1,190.0,0.0,0.0,0.0,0.0,0.0,2
2023-05-09 21:44:04,rb2401P3550,rb2401P3550,190.0,0.0,0.0,0.0,1,178.5,180.0,1,190.0,0.0,0.0,0.0,0.0,0.0,2
2023-05-09 21:44:06,rb2401P3550,rb2401P3550,190.0,0.0,0.0,0.0,1,178.5,180.5,3,190.0,0.0,0.0,0.0,0.0,0.0,2
2023-05-09 21:44:08,rb2401P3550,rb2401P3550,190.0,0.0,0.0,0.0,1,178.5,180.5,2,190.0,0.0,0.0,0.0,0.0,0.0,2
2023-05-09 21:44:09,rb2401P3550,rb2401P3550,190.0,0.0,0.0,0.0,1,178.5,180.5,1,190.0,0.0,0.0,0.0,0.0,0.0,2
2023-05-09 21:44:13,rb2401P3550,rb2401P3550,190.0,0.0,0.0,0.0,1,178.5,181.0,1,190.0,0.0,0.0,0.0,0.0,0.0,2
2023-05-09 21:44:14,rb2401P3550,rb2401P3550,190.0,0.0,0.0,0.0,1,177.5,181.0,1,190.0,0.0,0.0,0.0,0.0,0.0,2
2023-05-09 21:44:15,rb2401P3550,rb2401P3550,190.0,0.0,0.0,0.0,1,174.5,184.0,1,190.0,0.0,0.0,0.0,0.0,0.0,2
2023-05-09 21:44:15,rb2401P3550,rb2401P3550,190.0,0.0,0.0,0.0,1,47.5,0.0,0,190.0,0.0,0.0,0.0,0.0,0.0,2
2023-05-09 21:44:17,rb2401P3550,rb2401P3550,190.0,0.0,0.0,0.0,2,51.5,0.0,0,190.0,0.0,0.0,0.0,0.0,0.0,2
2023-05-09 22:01:33,rb2401P3550,rb2401P3550,190.0,0.0,0.0,0.0,2,51.5,0.0,0,190.0,0.0,0.0,0.0,0.0,0.0,2
2023-05-09 22:09:59,rb2401P3550,rb2401P3550,190.0,0.0,0.0,0.0,1,52.0,0.0,0,190.0,0.0,0.0,0.0,0.0,0.0,2
2023-05-09 22:10:00,rb2401P3550,rb2401P3550,190.0,0.0,0.0,0.0,2,56.0,0.0,0,190.0,0.0,0.0,0.0,0.0,0.0,2
2023-05-09 22:26:40,rb2401P3550,rb2401P3550,190.0,0.0,0.0,0.0,2,56.0,0.0,0,190.0,0.0,0.0,0.0,0.0,0.0,2
2023-05-09 22:45:35,rb2401P3550,rb2401P3550,190.0,0.0,0.0,0.0,1,56.5,0.0,0,190.0,0.0,0.0,0.0,0.0,0.0,2
2023-05-09 22:45:35,rb2401P3550,rb2401P3550,190.0,0.0,0.0,0.0,2,64.5,0.0,0,190.0,0.0,0.0,0.0,0.0,0.0,2
2023-05-09 22:48:51,rb2401P3550,rb2401P3550,190.0,0.0,0.0,0.0,2,64.5,0.0,0,190.0,0.0,0.0,0.0,0.0,0.0,2
2023-05-09 22:49:21,rb2401P3550,rb2401P3550,190.0,0.0,0.0,0.0,2,64.5,0.0,0,190.0,0.0,0.0,0.0,0.0,0.0,2
2023-05-09 22:50:28,rb2401P3550,rb2401P3550,190.0,0.0,0.0,0.0,2,64.5,0.0,0,190.0,0.0,0.0,0.0,0.0,0.0,2
2023-05-09 22:52:39,rb2401P3550,rb2401P3550,190.0,0.0,0.0,0.0,2,64.5,0.0,0,190.0,0.0,0.0,0.0,0.0,0.0,2
2023-05-09 22:57:08,rb2401P3550,rb2401P3550,190.0,0.0,0.0,0.0,1,56.5,0.0,0,190.0,0.0,0.0,0.0,0.0,0.0,2
2023-05-09 22:57:45,rb2401P3550,rb2401P3550,190.0,0.0,0.0,0.0,1,56.5,0.0,0,190.0,0.0,0.0,0.0,0.0,0.0,2
2023-05-09 22:58:46,rb2401P3550,rb2401P3550,190.0,0.0,0.0,0.0,1,56.5,0.0,0,190.0,0.0,0.0,0.0,0.0,0.0,2
2023-05-10 09:00:37,rb2401P3550,rb2401P3550,190.0,0.0,0.0,0.0,1,56.5,0.0,0,190.0,0.0,0.0,0.0,0.0,0.0,2
2023-05-10 09:01:24,rb2401P3550,rb2401P3550,190.0,0.0,0.0,0.0,2,57.0,0.0,0,190.0,0.0,0.0,0.0,0.0,0.0,2
2023-05-10 09:26:32,rb2401P3550,rb2401P3550,190.0,0.0,0.0,0.0,1,167.5,181.5,1,190.0,0.0,0.0,0.0,0.0,0.0,2
2023-05-10 09:26:32,rb2401P3550,rb2401P3550,190.0,0.0,0.0,0.0,1,167.5,181.5,1,190.0,0.0,0.0,0.0,0.0,0.0,2
2023-05-10 09:26:33,rb2401P3550,rb2401P3550,190.0,0.0,0.0,0.0,2,167.5,181.5,2,190.0,0.0,0.0,0.0,0.0,0.0,2
2023-05-10 09:26:42,rb2401P3550,rb2401P3550,190.0,0.0,0.0,0.0,2,167.5,181.5,2,190.0,0.0,0.0,0.0,0.0,0.0,2
2023-05-10 09:26:43,rb2401P3550,rb2401P3550,190.0,0.0,0.0,0.0,1,171.0,176.5,1,190.0,0.0,0.0,0.0,0.0,0.0,2
2023-05-10 09:26:43,rb2401P3550,rb2401P3550,190.0,0.0,0.0,0.0,1,171.0,176.5,1,190.0,0.0,0.0,0.0,0.0,0.0,2
2023-05-10 09:26:44,rb2401P3550,rb2401P3550,190.0,0.0,0.0,0.0,1,171.0,176.5,1,190.0,0.0,0.0,0.0,0.0,0.0,2
2023-05-10 09:26:44,rb2401P3550,rb2401P3550,190.0,0.0,0.0,0.0,1,171.0,176.5,1,190.0,0.0,0.0,0.0,0.0,0.0,2
2023-05-10 09:26:45,rb2401P3550,rb2401P3550,190.0,0.0,0.0,0.0,1,171.0,176.5,1,190.0,0.0,0.0,0.0,0.0,0.0,2
2023-05-10 09:26:48,rb2401P3550,rb2401P3550,190.0,0.0,0.0,0.0,1,174.0,176.5,1,190.0,0.0,0.0,0.0,0.0,0.0,2
2023-05-10 09:26:49,rb2401P3550,rb2401P3550,190.0,0.0,0.0,0.0,1,174.0,176.5,1,190.0,0.0,0.0,0.0,0.0,0.0,2
2023-05-10 09:26:50,rb2401P3550,rb2401P3550,190.0,0.0,0.0,0.0,1,174.0,176.5,1,190.0,0.0,0.0,0.0,0.0,0.0,2
2023-05-10 09:26:54,rb2401P3550,rb2401P3550,190.0,0.0,0.0,0.0,1,174.0,177.0,3,190.0,0.0,0.0,0.0,0.0,0.0,2
2023-05-10 09:26:54,rb2401P3550,rb2401P3550,190.0,0.0,0.0,0.0,1,174.0,177.0,3,190.0,0.0,0.0,0.0,0.0,0.0,2
2023-05-10 09:26:55,rb2401P3550,rb2401P3550,190.0,0.0,0.0,0.0,1,174.0,177.0,3,190.0,0.0,0.0,0.0,0.0,0.0,2
2023-05-10 09:26:55,rb2401P3550,rb2401P3550,190.0,0.0,0.0,0.0,1,174.0,177.0,2,190.0,0.0,0.0,0.0,0.0,0.0,2
2023-05-10 09:26:56,rb2401P3550,rb2401P3550,190.0,0.0,0.0,0.0,1,174.0,177.0,1,190.0,0.0,0.0,0.0,0.0,0.0,2
2023-05-10 09:26:59,rb2401P3550,rb2401P3550,190.0,0.0,0.0,0.0,2,170.5,177.0,1,190.0,0.0,0.0,0.0,0.0,0.0,2
2023-05-10 09:27:00,rb2401P3550,rb2401P3550,190.0,0.0,0.0,0.0,1,170.5,180.0,1,190.0,0.0,0.0,0.0,0.0,0.0,2
2023-05-10 09:27:02,rb2401P3550,rb2401P3550,190.0,0.0,0.0,0.0,1,56.5,0.0,0,190.0,0.0,0.0,0.0,0.0,0.0,2
2023-05-10 09:27:04,rb2401P3550,rb2401P3550,190.0,0.0,0.0,0.0,2,57.0,0.0,0,190.0,0.0,0.0,0.0,0.0,0.0,2
2023-05-10 09:34:31,rb2401P3550,rb2401P3550,190.0,0.0,0.0,0.0,2,57.0,0.0,0,190.0,0.0,0.0,0.0,0.0,0.0,2
2023-05-10 09:35:04,rb2401P3550,rb2401P3550,190.0,0.0,0.0,0.0,2,57.0,0.0,0,190.0,0.0,0.0,0.0,0.0,0.0,2
2023-05-10 09:39:23,rb2401P3550,rb2401P3550,190.0,0.0,0.0,0.0,2,57.0,0.0,0,190.0,0.0,0.0,0.0,0.0,0.0,2
2023-05-10 09:40:06,rb2401P3550,rb2401P3550,190.0,0.0,0.0,0.0,2,57.0,0.0,0,190.0,0.0,0.0,0.0,0.0,0.0,2
2023-05-10 10:11:58,rb2401P3550,rb2401P3550,190.0,0.0,0.0,0.0,1,57.5,0.0,0,190.0,0.0,0.0,0.0,0.0,0.0,2
2023-05-10 10:12:00,rb2401P3550,rb2401P3550,190.0,0.0,0.0,0.0,2,58.0,0.0,0,190.0,0.0,0.0,0.0,0.0,0.0,2
2023-05-10 10:12:05,rb2401P3550,rb2401P3550,190.0,0.0,0.0,0.0,2,58.0,0.0,0,190.0,0.0,0.0,0.0,0.0,0.0,2
2023-05-10 10:12:06,rb2401P3550,rb2401P3550,190.0,0.0,0.0,0.0,1,57.5,0.0,0,190.0,0.0,0.0,0.0,0.0,0.0,2
2023-05-10 10:30:17,rb2401P3550,rb2401P3550,190.0,0.0,0.0,0.0,2,58.0,0.0,0,190.0,0.0,0.0,0.0,0.0,0.0,2
2023-05-10 10:42:39,rb2401P3550,rb2401P3550,190.0,0.0,0.0,0.0,1,58.5,0.0,0,190.0,0.0,0.0,0.0,0.0,0.0,2
2023-05-10 10:42:41,rb2401P3550,rb2401P3550,190.0,0.0,0.0,0.0,2,59.0,0.0,0,190.0,0.0,0.0,0.0,0.0,0.0,2
2023-05-10 10:42:54,rb2401P3550,rb2401P3550,190.0,0.0,0.0,0.0,2,59.0,0.0,0,190.0,0.0,0.0,0.0,0.0,0.0,2
2023-05-10 11:17:20,rb2401P3550,rb2401P3550,190.0,0.0,0.0,0.0,1,59.5,0.0,0,190.0,0.0,0.0,0.0,0.0,0.0,2
2023-05-10 11:17:21,rb2401P3550,rb2401P3550,190.0,0.0,0.0,0.0,1,59.5,0.0,0,190.0,0.0,0.0,0.0,0.0,0.0,2
2023-05-10 11:17:21,rb2401P3550,rb2401P3550,190.0,0.0,0.0,0.0,2,60.0,0.0,0,190.0,0.0,0.0,0.0,0.0,0.0,2
2023-05-10 11:17:54,rb2401P3550,rb2401P3550,190.0,0.0,0.0,0.0,2,60.0,0.0,0,190.0,0.0,0.0,0.0,0.0,0.0,2
2023-05-10 11:27:05,rb2401P3550,rb2401P3550,190.0,0.0,0.0,0.0,1,59.5,0.0,0,190.0,0.0,0.0,0.0,0.0,0.0,2
2023-05-10 13:31:22,rb2401P3550,rb2401P3550,190.0,0.0,0.0,0.0,2,60.0,0.0,0,190.0,0.0,0.0,0.0,0.0,0.0,2
2023-05-10 13:53:10,rb2401P3550,rb2401P3550,190.0,0.0,0.0,0.0,1,60.5,0.0,0,190.0,0.0,0.0,0.0,0.0,0.0,2
2023-05-10 13:53:10,rb2401P3550,rb2401P3550,190.0,0.0,0.0,0.0,1,60.5,0.0,0,190.0,0.0,0.0,0.0,0.0,0.0,2
2023-05-10 13:53:22,rb2401P3550,rb2401P3550,190.0,0.0,0.0,0.0,1,60.5,0.0,0,190.0,0.0,0.0,0.0,0.0,0.0,2
2023-05-10 14:07:33,rb2401P3550,rb2401P3550,190.0,0.0,0.0,0.0,2,68.5,0.0,0,190.0,0.0,0.0,0.0,0.0,0.0,2
2023-05-10 14:15:46,rb2401P3550,rb2401P3550,190.0,0.0,0.0,0.0,1,182.5,197.0,1,190.0,0.0,0.0,0.0,0.0,0.0,2
2023-05-10 14:15:47,rb2401P3550,rb2401P3550,190.0,0.0,0.0,0.0,2,182.5,197.0,1,190.0,0.0,0.0,0.0,0.0,0.0,2
2023-05-10 14:15:47,rb2401P3550,rb2401P3550,190.0,0.0,0.0,0.0,3,182.5,197.0,2,190.0,0.0,0.0,0.0,0.0,0.0,2
2023-05-10 14:15:52,rb2401P3550,rb2401P3550,190.0,0.0,0.0,0.0,3,182.5,197.0,2,190.0,0.0,0.0,0.0,0.0,0.0,2
2023-05-10 14:15:56,rb2401P3550,rb2401P3550,190.0,0.0,0.0,0.0,3,182.5,197.0,2,190.0,0.0,0.0,0.0,0.0,0.0,2
2023-05-10 14:15:56,rb2401P3550,rb2401P3550,190.0,0.0,0.0,0.0,1,185.5,191.0,1,190.0,0.0,0.0,0.0,0.0,0.0,2
2023-05-10 14:15:57,rb2401P3550,rb2401P3550,190.0,0.0,0.0,0.0,1,185.5,191.0,1,190.0,0.0,0.0,0.0,0.0,0.0,2
2023-05-10 14:15:58,rb2401P3550,rb2401P3550,190.0,0.0,0.0,0.0,1,185.5,191.0,1,190.0,0.0,0.0,0.0,0.0,0.0,2
2023-05-10 14:15:59,rb2401P3550,rb2401P3550,190.0,0.0,0.0,0.0,1,185.5,191.0,1,190.0,0.0,0.0,0.0,0.0,0.0,2
2023-05-10 14:16:02,rb2401P3550,rb2401P3550,190.0,0.0,0.0,0.0,1,188.5,191.0,1,190.0,0.0,0.0,0.0,0.0,0.0,2
2023-05-10 14:16:03,rb2401P3550,rb2401P3550,190.0,0.0,0.0,0.0,1,188.5,191.0,1,190.0,0.0,0.0,0.0,0.0,0.0,2
2023-05-10 14:16:04,rb2401P3550,rb2401P3550,190.0,0.0,0.0,0.0,1,188.5,191.0,1,190.0,0.0,0.0,0.0,0.0,0.0,2
2023-05-10 14:16:04,rb2401P3550,rb2401P3550,190.0,0.0,0.0,0.0,1,188.5,191.0,1,190.0,0.0,0.0,0.0,0.0,0.0,2
2023-05-10 14:16:07,rb2401P3550,rb2401P3550,190.0,0.0,0.0,0.0,1,188.5,191.5,3,190.0,0.0,0.0,0.0,0.0,0.0,2
2023-05-10 14:16:09,rb2401P3550,rb2401P3550,190.0,0.0,0.0,0.0,1,188.5,191.5,2,190.0,0.0,0.0,0.0,0.0,0.0,2
2023-05-10 14:16:10,rb2401P3550,rb2401P3550,190.0,0.0,0.0,0.0,1,188.5,191.5,1,190.0,0.0,0.0,0.0,0.0,0.0,2
2023-05-10 14:16:13,rb2401P3550,rb2401P3550,190.0,0.0,0.0,0.0,1,187.5,191.5,1,190.0,0.0,0.0,0.0,0.0,0.0,2
2023-05-10 14:16:14,rb2401P3550,rb2401P3550,190.0,0.0,0.0,0.0,1,187.5,192.0,1,190.0,0.0,0.0,0.0,0.0,0.0,2
2023-05-10 14:16:15,rb2401P3550,rb2401P3550,190.0,0.0,0.0,0.0,1,184.5,195.0,1,190.0,0.0,0.0,0.0,0.0,0.0,2
2023-05-10 14:16:16,rb2401P3550,rb2401P3550,190.0,0.0,0.0,0.0,1,60.5,0.0,0,190.0,0.0,0.0,0.0,0.0,0.0,2
2023-05-10 14:16:18,rb2401P3550,rb2401P3550,190.0,0.0,0.0,0.0,2,68.5,0.0,0,190.0,0.0,0.0,0.0,0.0,0.0,2
2023-05-10 14:26:09,rb2401P3550,rb2401P3550,190.0,0.0,0.0,0.0,1,69.0,0.0,0,190.0,0.0,0.0,0.0,0.0,0.0,2
2023-05-10 14:26:10,rb2401P3550,rb2401P3550,190.0,0.0,0.0,0.0,2,73.0,0.0,0,190.0,0.0,0.0,0.0,0.0,0.0,2
2023-05-10 14:27:36,rb2401P3550,rb2401P3550,190.0,0.0,0.0,0.0,2,73.0,0.0,0,190.0,0.0,0.0,0.0,0.0,0.0,2
2023-05-10 14:59:57,rb2401P3550,rb2401P3550,190.0,0.0,0.0,0.0,1,69.0,0.0,0,190.0,0.0,0.0,0.0,0.0,0.0,2
2023-05-10 15:14:42,rb2401P3550,rb2401P3550,190.0,0.0,0.0,0.0,1,69.0,0.0,0,190.0,0.0,0.0,0.0,0.0,0.0,2
