time,symbol_id,symbol_name,last,trade_volume,trade_amount,open_interest_change,bv1,bp1,ap1,av1,yesterday_close,today_open,today_high,today_low,volume,amount,open_interest
2023-05-09 20:59:00,rb2401P3500,rb2401P3500,167.5,0.0,0.0,0.0,1,1.5,0.0,0,167.5,0.0,0.0,0.0,0.0,0.0,7
2023-05-09 21:01:24,rb2401P3500,rb2401P3500,167.5,0.0,0.0,0.0,2,2.0,0.0,0,167.5,0.0,0.0,0.0,0.0,0.0,7
2023-05-09 21:01:36,rb2401P3500,rb2401P3500,167.5,0.0,0.0,0.0,1,30.5,0.0,0,167.5,0.0,0.0,0.0,0.0,0.0,7
2023-05-09 21:01:40,rb2401P3500,rb2401P3500,167.5,0.0,0.0,0.0,1,30.5,0.0,0,167.5,0.0,0.0,0.0,0.0,0.0,7
2023-05-09 21:01:40,rb2401P3500,rb2401P3500,167.5,0.0,0.0,0.0,2,31.0,0.0,0,167.5,0.0,0.0,0.0,0.0,0.0,7
2023-05-09 21:02:57,rb2401P3500,rb2401P3500,167.5,0.0,0.0,0.0,1,31.5,0.0,0,167.5,0.0,0.0,0.0,0.0,0.0,7
2023-05-09 21:03:03,rb2401P3500,rb2401P3500,167.5,0.0,0.0,0.0,2,32.0,0.0,0,167.5,0.0,0.0,0.0,0.0,0.0,7
2023-05-09 21:05:38,rb2401P3500,rb2401P3500,167.5,0.0,0.0,0.0,2,32.0,0.0,0,167.5,0.0,0.0,0.0,0.0,0.0,7
2023-05-09 21:08:18,rb2401P3500,rb2401P3500,167.5,0.0,0.0,0.0,2,32.0,0.0,0,167.5,0.0,0.0,0.0,0.0,0.0,7
2023-05-09 21:09:16,rb2401P3500,rb2401P3500,167.5,0.0,0.0,0.0,5,60.0,0.0,0,167.5,0.0,0.0,0.0,0.0,0.0,7
2023-05-09 21:09:16,rb2401P3500,rb2401P3500,167.5,0.0,0.0,0.0,2,60.5,0.0,0,167.5,0.0,0.0,0.0,0.0,0.0,7
2023-05-09 21:09:43,rb2401P3500,rb2401P3500,167.5,0.0,0.0,0.0,2,60.5,0.0,0,167.5,0.0,0.0,0.0,0.0,0.0,7
2023-05-09 21:12:29,rb2401P3500,rb2401P3500,167.5,0.0,0.0,0.0,2,60.5,0.0,0,167.5,0.0,0.0,0.0,0.0,0.0,7
2023-05-09 21:14:39,rb2401P3500,rb2401P3500,167.5,0.0,0.0,0.0,2,60.5,0.0,0,167.5,0.0,0.0,0.0,0.0,0.0,7
2023-05-09 21:15:53,rb2401P3500,rb2401P3500,167.5,0.0,0.0,0.0,2,60.5,0.0,0,167.5,0.0,0.0,0.0,0.0,0.0,7
2023-05-09 21:32:57,rb2401P3500,rb2401P3500,167.5,0.0,0.0,0.0,1,61.0,0.0,0,167.5,0.0,0.0,0.0,0.0,0.0,7
2023-05-09 21:33:01,rb2401P3500,rb2401P3500,167.5,0.0,0.0,0.0,2,61.5,0.0,0,167.5,0.0,0.0,0.0,0.0,0.0,7
2023-05-09 21:43:45,rb2401P3500,rb2401P3500,167.5,0.0,0.0,0.0,1,152.5,166.5,1,167.5,0.0,0.0,0.0,0.0,0.0,7
2023-05-09 21:43:46,rb2401P3500,rb2401P3500,167.5,0.0,0.0,0.0,2,152.5,166.5,2,167.5,0.0,0.0,0.0,0.0,0.0,7
2023-05-09 21:43:54,rb2401P3500,rb2401P3500,167.5,0.0,0.0,0.0,1,157.5,162.5,1,167.5,0.0,0.0,0.0,0.0,0.0,7
2023-05-09 21:43:55,rb2401P3500,rb2401P3500,167.5,0.0,0.0,0.0,1,157.5,162.5,1,167.5,0.0,0.0,0.0,0.0,0.0,7
2023-05-09 21:43:55,rb2401P3500,rb2401P3500,167.5,0.0,0.0,0.0,1,157.5,158.5,1,167.5,0.0,0.0,0.0,0.0,0.0,7
2023-05-09 21:43:56,rb2401P3500,rb2401P3500,167.5,0.0,0.0,0.0,1,157.5,158.5,1,167.5,0.0,0.0,0.0,0.0,0.0,7
2023-05-09 21:43:57,rb2401P3500,rb2401P3500,167.5,0.0,0.0,0.0,1,157.5,158.5,1,167.5,0.0,0.0,0.0,0.0,0.0,7
2023-05-09 21:43:58,rb2401P3500,rb2401P3500,167.5,0.0,0.0,0.0,1,157.5,158.5,1,167.5,0.0,0.0,0.0,0.0,0.0,7
2023-05-09 21:44:01,rb2401P3500,rb2401P3500,167.5,0.0,0.0,0.0,1,157.5,158.5,1,167.5,0.0,0.0,0.0,0.0,0.0,7
2023-05-09 21:44:02,rb2401P3500,rb2401P3500,167.5,0.0,0.0,0.0,1,157.5,158.5,1,167.5,0.0,0.0,0.0,0.0,0.0,7
2023-05-09 21:44:03,rb2401P3500,rb2401P3500,167.5,0.0,0.0,0.0,1,157.5,158.5,1,167.5,0.0,0.0,0.0,0.0,0.0,7
2023-05-09 21:44:06,rb2401P3500,rb2401P3500,167.5,0.0,0.0,0.0,3,157.0,158.5,1,167.5,0.0,0.0,0.0,0.0,0.0,7
2023-05-09 21:44:06,rb2401P3500,rb2401P3500,167.5,0.0,0.0,0.0,3,157.0,159.0,3,167.5,0.0,0.0,0.0,0.0,0.0,7
2023-05-09 21:44:08,rb2401P3500,rb2401P3500,167.5,0.0,0.0,0.0,3,157.0,159.0,3,167.5,0.0,0.0,0.0,0.0,0.0,7
2023-05-09 21:44:08,rb2401P3500,rb2401P3500,167.5,0.0,0.0,0.0,2,157.0,159.0,2,167.5,0.0,0.0,0.0,0.0,0.0,7
2023-05-09 21:44:09,rb2401P3500,rb2401P3500,167.5,0.0,0.0,0.0,1,157.0,159.0,1,167.5,0.0,0.0,0.0,0.0,0.0,7
2023-05-09 21:44:13,rb2401P3500,rb2401P3500,167.5,0.0,0.0,0.0,1,153.5,162.5,1,167.5,0.0,0.0,0.0,0.0,0.0,7
2023-05-09 21:44:15,rb2401P3500,rb2401P3500,167.5,0.0,0.0,0.0,1,61.0,0.0,0,167.5,0.0,0.0,0.0,0.0,0.0,7
2023-05-09 21:44:17,rb2401P3500,rb2401P3500,167.5,0.0,0.0,0.0,2,61.5,0.0,0,167.5,0.0,0.0,0.0,0.0,0.0,7
2023-05-09 22:01:32,rb2401P3500,rb2401P3500,167.5,0.0,0.0,0.0,2,61.5,0.0,0,167.5,0.0,0.0,0.0,0.0,0.0,7
2023-05-09 22:09:58,rb2401P3500,rb2401P3500,167.5,0.0,0.0,0.0,1,62.0,0.0,0,167.5,0.0,0.0,0.0,0.0,0.0,7
2023-05-09 22:09:59,rb2401P3500,rb2401P3500,167.5,0.0,0.0,0.0,2,62.5,0.0,0,167.5,0.0,0.0,0.0,0.0,0.0,7
2023-05-09 22:26:39,rb2401P3500,rb2401P3500,167.5,0.0,0.0,0.0,2,62.5,0.0,0,167.5,0.0,0.0,0.0,0.0,0.0,7
2023-05-09 22:45:31,rb2401P3500,rb2401P3500,167.5,0.0,0.0,0.0,1,63.0,0.0,0,167.5,0.0,0.0,0.0,0.0,0.0,7
2023-05-09 22:45:32,rb2401P3500,rb2401P3500,167.5,0.0,0.0,0.0,2,71.0,0.0,0,167.5,0.0,0.0,0.0,0.0,0.0,7
2023-05-09 22:48:51,rb2401P3500,rb2401P3500,167.5,0.0,0.0,0.0,2,71.0,0.0,0,167.5,0.0,0.0,0.0,0.0,0.0,7
2023-05-09 22:49:21,rb2401P3500,rb2401P3500,167.5,0.0,0.0,0.0,2,71.0,0.0,0,167.5,0.0,0.0,0.0,0.0,0.0,7
2023-05-09 22:50:29,rb2401P3500,rb2401P3500,167.5,0.0,0.0,0.0,2,71.0,0.0,0,167.5,0.0,0.0,0.0,0.0,0.0,7
2023-05-09 22:52:38,rb2401P3500,rb2401P3500,167.5,0.0,0.0,0.0,2,71.0,0.0,0,167.5,0.0,0.0,0.0,0.0,0.0,7
2023-05-09 22:57:09,rb2401P3500,rb2401P3500,167.5,0.0,0.0,0.0,1,63.0,0.0,0,167.5,0.0,0.0,0.0,0.0,0.0,7
2023-05-09 22:57:45,rb2401P3500,rb2401P3500,167.5,0.0,0.0,0.0,1,63.0,0.0,0,167.5,0.0,0.0,0.0,0.0,0.0,7
2023-05-09 22:58:46,rb2401P3500,rb2401P3500,167.5,0.0,0.0,0.0,1,63.0,0.0,0,167.5,0.0,0.0,0.0,0.0,0.0,7
2023-05-10 09:00:37,rb2401P3500,rb2401P3500,167.5,0.0,0.0,0.0,1,63.0,0.0,0,167.5,0.0,0.0,0.0,0.0,0.0,7
2023-05-10 09:01:24,rb2401P3500,rb2401P3500,167.5,0.0,0.0,0.0,2,63.5,0.0,0,167.5,0.0,0.0,0.0,0.0,0.0,7
2023-05-10 09:26:32,rb2401P3500,rb2401P3500,167.5,0.0,0.0,0.0,1,146.0,160.0,1,167.5,0.0,0.0,0.0,0.0,0.0,7
2023-05-10 09:26:32,rb2401P3500,rb2401P3500,167.5,0.0,0.0,0.0,1,146.0,160.0,1,167.5,0.0,0.0,0.0,0.0,0.0,7
2023-05-10 09:26:33,rb2401P3500,rb2401P3500,167.5,0.0,0.0,0.0,2,146.0,160.0,2,167.5,0.0,0.0,0.0,0.0,0.0,7
2023-05-10 09:26:42,rb2401P3500,rb2401P3500,167.5,0.0,0.0,0.0,2,146.0,160.0,2,167.5,0.0,0.0,0.0,0.0,0.0,7
2023-05-10 09:26:43,rb2401P3500,rb2401P3500,167.5,0.0,0.0,0.0,1,150.5,155.5,1,167.5,0.0,0.0,0.0,0.0,0.0,7
2023-05-10 09:26:43,rb2401P3500,rb2401P3500,167.5,0.0,0.0,0.0,1,150.5,155.5,1,167.5,0.0,0.0,0.0,0.0,0.0,7
2023-05-10 09:26:44,rb2401P3500,rb2401P3500,167.5,0.0,0.0,0.0,1,150.5,155.5,1,167.5,0.0,0.0,0.0,0.0,0.0,7
2023-05-10 09:26:44,rb2401P3500,rb2401P3500,167.5,0.0,0.0,0.0,1,150.5,155.5,1,167.5,0.0,0.0,0.0,0.0,0.0,7
2023-05-10 09:26:45,rb2401P3500,rb2401P3500,167.5,0.0,0.0,0.0,1,150.5,155.5,1,167.5,0.0,0.0,0.0,0.0,0.0,7
2023-05-10 09:26:46,rb2401P3500,rb2401P3500,167.5,0.0,0.0,0.0,1,153.0,155.5,1,167.5,0.0,0.0,0.0,0.0,0.0,7
2023-05-10 09:26:47,rb2401P3500,rb2401P3500,167.5,0.0,0.0,0.0,1,153.0,155.5,1,167.5,0.0,0.0,0.0,0.0,0.0,7
2023-05-10 09:26:49,rb2401P3500,rb2401P3500,167.5,0.0,0.0,0.0,1,153.0,155.5,1,167.5,0.0,0.0,0.0,0.0,0.0,7
2023-05-10 09:26:50,rb2401P3500,rb2401P3500,167.5,0.0,0.0,0.0,1,153.0,155.5,1,167.5,0.0,0.0,0.0,0.0,0.0,7
2023-05-10 09:26:54,rb2401P3500,rb2401P3500,167.5,0.0,0.0,0.0,1,153.0,156.0,3,167.5,0.0,0.0,0.0,0.0,0.0,7
2023-05-10 09:26:55,rb2401P3500,rb2401P3500,167.5,0.0,0.0,0.0,1,153.0,156.0,2,167.5,0.0,0.0,0.0,0.0,0.0,7
2023-05-10 09:26:56,rb2401P3500,rb2401P3500,167.5,0.0,0.0,0.0,1,153.0,156.0,2,167.5,0.0,0.0,0.0,0.0,0.0,7
2023-05-10 09:26:56,rb2401P3500,rb2401P3500,167.5,0.0,0.0,0.0,1,153.0,156.0,1,167.5,0.0,0.0,0.0,0.0,0.0,7
2023-05-10 09:26:57,rb2401P3500,rb2401P3500,167.5,0.0,0.0,0.0,1,152.0,156.0,1,167.5,0.0,0.0,0.0,0.0,0.0,7
2023-05-10 09:26:58,rb2401P3500,rb2401P3500,167.5,0.0,0.0,0.0,1,150.5,156.0,1,167.5,0.0,0.0,0.0,0.0,0.0,7
2023-05-10 09:27:00,rb2401P3500,rb2401P3500,167.5,0.0,0.0,0.0,1,150.0,158.5,1,167.5,0.0,0.0,0.0,0.0,0.0,7
2023-05-10 09:27:02,rb2401P3500,rb2401P3500,167.5,0.0,0.0,0.0,1,63.0,0.0,0,167.5,0.0,0.0,0.0,0.0,0.0,7
2023-05-10 09:27:04,rb2401P3500,rb2401P3500,167.5,0.0,0.0,0.0,2,63.5,0.0,0,167.5,0.0,0.0,0.0,0.0,0.0,7
2023-05-10 09:34:31,rb2401P3500,rb2401P3500,167.5,0.0,0.0,0.0,2,63.5,0.0,0,167.5,0.0,0.0,0.0,0.0,0.0,7
2023-05-10 09:35:04,rb2401P3500,rb2401P3500,167.5,0.0,0.0,0.0,2,63.5,0.0,0,167.5,0.0,0.0,0.0,0.0,0.0,7
2023-05-10 09:39:23,rb2401P3500,rb2401P3500,167.5,0.0,0.0,0.0,2,63.5,0.0,0,167.5,0.0,0.0,0.0,0.0,0.0,7
2023-05-10 09:40:06,rb2401P3500,rb2401P3500,167.5,0.0,0.0,0.0,2,63.5,0.0,0,167.5,0.0,0.0,0.0,0.0,0.0,7
2023-05-10 10:11:58,rb2401P3500,rb2401P3500,167.5,0.0,0.0,0.0,1,64.0,0.0,0,167.5,0.0,0.0,0.0,0.0,0.0,7
2023-05-10 10:12:00,rb2401P3500,rb2401P3500,167.5,0.0,0.0,0.0,2,68.0,0.0,0,167.5,0.0,0.0,0.0,0.0,0.0,7
2023-05-10 10:12:06,rb2401P3500,rb2401P3500,167.5,0.0,0.0,0.0,1,64.0,0.0,0,167.5,0.0,0.0,0.0,0.0,0.0,7
2023-05-10 10:30:18,rb2401P3500,rb2401P3500,167.5,0.0,0.0,0.0,2,64.5,0.0,0,167.5,0.0,0.0,0.0,0.0,0.0,7
2023-05-10 10:42:39,rb2401P3500,rb2401P3500,167.5,0.0,0.0,0.0,1,65.0,0.0,0,167.5,0.0,0.0,0.0,0.0,0.0,7
2023-05-10 10:42:41,rb2401P3500,rb2401P3500,167.5,0.0,0.0,0.0,2,65.5,0.0,0,167.5,0.0,0.0,0.0,0.0,0.0,7
2023-05-10 10:42:53,rb2401P3500,rb2401P3500,167.5,0.0,0.0,0.0,2,65.5,0.0,0,167.5,0.0,0.0,0.0,0.0,0.0,7
2023-05-10 11:17:20,rb2401P3500,rb2401P3500,167.5,0.0,0.0,0.0,1,66.0,0.0,0,167.5,0.0,0.0,0.0,0.0,0.0,7
2023-05-10 11:17:22,rb2401P3500,rb2401P3500,167.5,0.0,0.0,0.0,2,66.5,0.0,0,167.5,0.0,0.0,0.0,0.0,0.0,7
2023-05-10 11:17:53,rb2401P3500,rb2401P3500,167.5,0.0,0.0,0.0,2,66.5,0.0,0,167.5,0.0,0.0,0.0,0.0,0.0,7
2023-05-10 11:27:05,rb2401P3500,rb2401P3500,167.5,0.0,0.0,0.0,1,66.0,0.0,0,167.5,0.0,0.0,0.0,0.0,0.0,7
2023-05-10 11:29:24,rb2401P3500,rb2401P3500,167.5,0.0,0.0,0.0,1,22.5,0.0,0,167.5,0.0,0.0,0.0,0.0,0.0,7
2023-05-10 13:31:22,rb2401P3500,rb2401P3500,167.5,0.0,0.0,0.0,2,30.5,0.0,0,167.5,0.0,0.0,0.0,0.0,0.0,7
2023-05-10 13:53:10,rb2401P3500,rb2401P3500,167.5,0.0,0.0,0.0,1,31.0,0.0,0,167.5,0.0,0.0,0.0,0.0,0.0,7
2023-05-10 13:53:14,rb2401P3500,rb2401P3500,167.5,0.0,0.0,0.0,2,39.0,0.0,0,167.5,0.0,0.0,0.0,0.0,0.0,7
2023-05-10 14:15:46,rb2401P3500,rb2401P3500,167.5,0.0,0.0,0.0,1,160.0,174.0,1,167.5,0.0,0.0,0.0,0.0,0.0,7
2023-05-10 14:15:47,rb2401P3500,rb2401P3500,167.5,0.0,0.0,0.0,1,160.0,174.0,1,167.5,0.0,0.0,0.0,0.0,0.0,7
2023-05-10 14:15:47,rb2401P3500,rb2401P3500,167.5,0.0,0.0,0.0,2,160.0,174.0,2,167.5,0.0,0.0,0.0,0.0,0.0,7
2023-05-10 14:15:51,rb2401P3500,rb2401P3500,167.5,0.0,0.0,0.0,1,166.0,171.0,1,167.5,0.0,0.0,0.0,0.0,0.0,7
2023-05-10 14:15:52,rb2401P3500,rb2401P3500,167.5,0.0,0.0,0.0,1,166.0,171.0,1,167.5,0.0,0.0,0.0,0.0,0.0,7
2023-05-10 14:15:53,rb2401P3500,rb2401P3500,167.5,0.0,0.0,0.0,1,166.0,171.0,1,167.5,0.0,0.0,0.0,0.0,0.0,7
2023-05-10 14:15:56,rb2401P3500,rb2401P3500,167.5,0.0,0.0,0.0,1,166.0,171.0,1,167.5,0.0,0.0,0.0,0.0,0.0,7
2023-05-10 14:15:56,rb2401P3500,rb2401P3500,167.5,0.0,0.0,0.0,1,166.0,168.5,1,167.5,0.0,0.0,0.0,0.0,0.0,7
2023-05-10 14:15:57,rb2401P3500,rb2401P3500,167.5,0.0,0.0,0.0,1,166.0,168.5,1,167.5,0.0,0.0,0.0,0.0,0.0,7
2023-05-10 14:15:58,rb2401P3500,rb2401P3500,167.5,0.0,0.0,0.0,1,166.0,168.5,1,167.5,0.0,0.0,0.0,0.0,0.0,7
2023-05-10 14:15:59,rb2401P3500,rb2401P3500,167.5,0.0,0.0,0.0,1,166.0,168.5,1,167.5,0.0,0.0,0.0,0.0,0.0,7
2023-05-10 14:16:02,rb2401P3500,rb2401P3500,167.5,0.0,0.0,0.0,2,165.5,168.5,1,167.5,0.0,0.0,0.0,0.0,0.0,7
2023-05-10 14:16:03,rb2401P3500,rb2401P3500,167.5,0.0,0.0,0.0,2,165.5,168.5,1,167.5,0.0,0.0,0.0,0.0,0.0,7
2023-05-10 14:16:04,rb2401P3500,rb2401P3500,167.5,0.0,0.0,0.0,2,165.5,168.5,1,167.5,0.0,0.0,0.0,0.0,0.0,7
2023-05-10 14:16:05,rb2401P3500,rb2401P3500,167.5,0.0,0.0,0.0,2,165.5,168.5,1,167.5,0.0,0.0,0.0,0.0,0.0,7
2023-05-10 14:16:07,rb2401P3500,rb2401P3500,167.5,0.0,0.0,0.0,2,165.5,169.0,3,167.5,0.0,0.0,0.0,0.0,0.0,7
2023-05-10 14:16:08,rb2401P3500,rb2401P3500,167.5,0.0,0.0,0.0,2,165.5,169.0,3,167.5,0.0,0.0,0.0,0.0,0.0,7
2023-05-10 14:16:09,rb2401P3500,rb2401P3500,167.5,0.0,0.0,0.0,1,165.5,169.0,2,167.5,0.0,0.0,0.0,0.0,0.0,7
2023-05-10 14:16:10,rb2401P3500,rb2401P3500,167.5,0.0,0.0,0.0,1,165.0,169.0,1,167.5,0.0,0.0,0.0,0.0,0.0,7
2023-05-10 14:16:14,rb2401P3500,rb2401P3500,167.5,0.0,0.0,0.0,1,162.5,171.5,1,167.5,0.0,0.0,0.0,0.0,0.0,7
2023-05-10 14:16:16,rb2401P3500,rb2401P3500,167.5,0.0,0.0,0.0,1,31.0,0.0,0,167.5,0.0,0.0,0.0,0.0,0.0,7
2023-05-10 14:16:18,rb2401P3500,rb2401P3500,167.5,0.0,0.0,0.0,2,39.0,0.0,0,167.5,0.0,0.0,0.0,0.0,0.0,7
2023-05-10 14:26:09,rb2401P3500,rb2401P3500,167.5,0.0,0.0,0.0,1,39.5,0.0,0,167.5,0.0,0.0,0.0,0.0,0.0,7
2023-05-10 14:26:11,rb2401P3500,rb2401P3500,167.5,0.0,0.0,0.0,2,47.5,0.0,0,167.5,0.0,0.0,0.0,0.0,0.0,7
2023-05-10 14:27:35,rb2401P3500,rb2401P3500,167.5,0.0,0.0,0.0,2,47.5,0.0,0,167.5,0.0,0.0,0.0,0.0,0.0,7
2023-05-10 15:14:42,rb2401P3500,rb2401P3500,167.5,0.0,0.0,0.0,2,47.5,0.0,0,167.5,0.0,0.0,0.0,0.0,0.0,7
