time,symbol_id,symbol_name,last,trade_volume,trade_amount,open_interest_change,bv1,bp1,ap1,av1,yesterday_close,today_open,today_high,today_low,volume,amount,open_interest
2023-05-09 20:59:00,rb2401P3900,rb2401P3900,392.5,0.0,0.0,0.0,1,1.5,0.0,0,392.5,0.0,0.0,0.0,0.0,0.0,3
2023-05-09 21:00:20,rb2401P3900,rb2401P3900,392.5,0.0,0.0,0.0,1,2.0,0.0,0,392.5,0.0,0.0,0.0,0.0,0.0,3
2023-05-09 21:01:21,rb2401P3900,rb2401P3900,392.5,0.0,0.0,0.0,1,2.5,0.0,0,392.5,0.0,0.0,0.0,0.0,0.0,3
2023-05-09 21:01:21,rb2401P3900,rb2401P3900,392.5,0.0,0.0,0.0,1,3.0,0.0,0,392.5,0.0,0.0,0.0,0.0,0.0,3
2023-05-09 21:01:36,rb2401P3900,rb2401P3900,392.5,0.0,0.0,0.0,1,201.0,0.0,0,392.5,0.0,0.0,0.0,0.0,0.0,3
2023-05-09 21:01:37,rb2401P3900,rb2401P3900,392.5,0.0,0.0,0.0,1,201.0,0.0,0,392.5,0.0,0.0,0.0,0.0,0.0,3
2023-05-09 21:05:38,rb2401P3900,rb2401P3900,392.5,0.0,0.0,0.0,1,201.0,0.0,0,392.5,0.0,0.0,0.0,0.0,0.0,3
2023-05-09 21:08:18,rb2401P3900,rb2401P3900,392.5,0.0,0.0,0.0,1,201.0,0.0,0,392.5,0.0,0.0,0.0,0.0,0.0,3
2023-05-09 21:12:30,rb2401P3900,rb2401P3900,392.5,0.0,0.0,0.0,1,201.0,0.0,0,392.5,0.0,0.0,0.0,0.0,0.0,3
2023-05-09 21:14:39,rb2401P3900,rb2401P3900,392.5,0.0,0.0,0.0,1,201.0,0.0,0,392.5,0.0,0.0,0.0,0.0,0.0,3
2023-05-09 21:15:53,rb2401P3900,rb2401P3900,392.5,0.0,0.0,0.0,1,201.0,0.0,0,392.5,0.0,0.0,0.0,0.0,0.0,3
2023-05-09 21:43:45,rb2401P3900,rb2401P3900,392.5,0.0,0.0,0.0,1,348.5,384.5,1,392.5,0.0,0.0,0.0,0.0,0.0,3
2023-05-09 21:43:46,rb2401P3900,rb2401P3900,392.5,0.0,0.0,0.0,2,348.5,384.5,2,392.5,0.0,0.0,0.0,0.0,0.0,3
2023-05-09 21:43:55,rb2401P3900,rb2401P3900,392.5,0.0,0.0,0.0,3,348.5,384.5,3,392.5,0.0,0.0,0.0,0.0,0.0,3
2023-05-09 21:43:55,rb2401P3900,rb2401P3900,392.5,0.0,0.0,0.0,1,376.5,383.5,1,392.5,0.0,0.0,0.0,0.0,0.0,3
2023-05-09 21:43:56,rb2401P3900,rb2401P3900,392.5,0.0,0.0,0.0,1,376.5,383.5,1,392.5,0.0,0.0,0.0,0.0,0.0,3
2023-05-09 21:43:57,rb2401P3900,rb2401P3900,392.5,0.0,0.0,0.0,1,377.5,383.0,1,392.5,0.0,0.0,0.0,0.0,0.0,3
2023-05-09 21:43:58,rb2401P3900,rb2401P3900,392.5,0.0,0.0,0.0,1,377.5,383.0,1,392.5,0.0,0.0,0.0,0.0,0.0,3
2023-05-09 21:44:01,rb2401P3900,rb2401P3900,392.5,0.0,0.0,0.0,1,377.5,383.0,1,392.5,0.0,0.0,0.0,0.0,0.0,3
2023-05-09 21:44:02,rb2401P3900,rb2401P3900,392.5,0.0,0.0,0.0,1,377.5,383.0,1,392.5,0.0,0.0,0.0,0.0,0.0,3
2023-05-09 21:44:03,rb2401P3900,rb2401P3900,392.5,0.0,0.0,0.0,1,377.5,383.0,1,392.5,0.0,0.0,0.0,0.0,0.0,3
2023-05-09 21:44:06,rb2401P3900,rb2401P3900,392.5,0.0,0.0,0.0,1,377.5,383.0,1,392.5,0.0,0.0,0.0,0.0,0.0,3
2023-05-09 21:44:08,rb2401P3900,rb2401P3900,392.5,0.0,0.0,0.0,1,377.5,383.0,1,392.5,0.0,0.0,0.0,0.0,0.0,3
2023-05-09 21:44:08,rb2401P3900,rb2401P3900,392.5,0.0,0.0,0.0,1,377.0,383.5,2,392.5,0.0,0.0,0.0,0.0,0.0,3
2023-05-09 21:44:09,rb2401P3900,rb2401P3900,392.5,0.0,0.0,0.0,1,376.5,383.5,1,392.5,0.0,0.0,0.0,0.0,0.0,3
2023-05-09 21:44:13,rb2401P3900,rb2401P3900,392.5,0.0,0.0,0.0,1,371.0,389.5,1,392.5,0.0,0.0,0.0,0.0,0.0,3
2023-05-09 21:44:15,rb2401P3900,rb2401P3900,392.5,0.0,0.0,0.0,1,201.0,0.0,0,392.5,0.0,0.0,0.0,0.0,0.0,3
2023-05-09 22:48:51,rb2401P3900,rb2401P3900,392.5,0.0,0.0,0.0,1,201.0,0.0,0,392.5,0.0,0.0,0.0,0.0,0.0,3
2023-05-09 22:49:21,rb2401P3900,rb2401P3900,392.5,0.0,0.0,0.0,1,201.0,0.0,0,392.5,0.0,0.0,0.0,0.0,0.0,3
2023-05-09 22:50:28,rb2401P3900,rb2401P3900,392.5,0.0,0.0,0.0,1,201.0,0.0,0,392.5,0.0,0.0,0.0,0.0,0.0,3
2023-05-09 22:57:45,rb2401P3900,rb2401P3900,392.5,0.0,0.0,0.0,1,3.5,0.0,0,392.5,0.0,0.0,0.0,0.0,0.0,3
2023-05-09 22:57:45,rb2401P3900,rb2401P3900,392.5,0.0,0.0,0.0,1,4.0,0.0,0,392.5,0.0,0.0,0.0,0.0,0.0,3
2023-05-09 22:58:46,rb2401P3900,rb2401P3900,392.5,0.0,0.0,0.0,1,3.5,0.0,0,392.5,0.0,0.0,0.0,0.0,0.0,3
2023-05-10 09:00:20,rb2401P3900,rb2401P3900,392.5,0.0,0.0,0.0,1,4.0,0.0,0,392.5,0.0,0.0,0.0,0.0,0.0,3
2023-05-10 09:00:37,rb2401P3900,rb2401P3900,392.5,0.0,0.0,0.0,1,184.0,0.0,0,392.5,0.0,0.0,0.0,0.0,0.0,3
2023-05-10 09:26:32,rb2401P3900,rb2401P3900,392.5,0.0,0.0,0.0,1,338.5,374.5,1,392.5,0.0,0.0,0.0,0.0,0.0,3
2023-05-10 09:26:33,rb2401P3900,rb2401P3900,392.5,0.0,0.0,0.0,2,338.5,374.5,2,392.5,0.0,0.0,0.0,0.0,0.0,3
2023-05-10 09:26:42,rb2401P3900,rb2401P3900,392.5,0.0,0.0,0.0,3,338.5,374.5,3,392.5,0.0,0.0,0.0,0.0,0.0,3
2023-05-10 09:26:43,rb2401P3900,rb2401P3900,392.5,0.0,0.0,0.0,1,370.0,374.5,4,392.5,0.0,0.0,0.0,0.0,0.0,3
2023-05-10 09:26:43,rb2401P3900,rb2401P3900,392.5,0.0,0.0,0.0,1,370.0,374.5,3,392.5,0.0,0.0,0.0,0.0,0.0,3
2023-05-10 09:26:44,rb2401P3900,rb2401P3900,392.5,0.0,0.0,0.0,1,370.0,374.5,2,392.5,0.0,0.0,0.0,0.0,0.0,3
2023-05-10 09:26:44,rb2401P3900,rb2401P3900,392.5,0.0,0.0,0.0,1,370.0,374.5,3,392.5,0.0,0.0,0.0,0.0,0.0,3
2023-05-10 09:26:45,rb2401P3900,rb2401P3900,392.5,0.0,0.0,0.0,1,370.0,374.5,3,392.5,0.0,0.0,0.0,0.0,0.0,3
2023-05-10 09:26:48,rb2401P3900,rb2401P3900,392.5,0.0,0.0,0.0,1,370.0,374.5,3,392.5,0.0,0.0,0.0,0.0,0.0,3
2023-05-10 09:26:48,rb2401P3900,rb2401P3900,392.5,0.0,0.0,0.0,1,370.0,374.5,2,392.5,0.0,0.0,0.0,0.0,0.0,3
2023-05-10 09:26:49,rb2401P3900,rb2401P3900,392.5,0.0,0.0,0.0,1,370.0,374.5,2,392.5,0.0,0.0,0.0,0.0,0.0,3
2023-05-10 09:26:50,rb2401P3900,rb2401P3900,392.5,0.0,0.0,0.0,1,370.0,374.5,2,392.5,0.0,0.0,0.0,0.0,0.0,3
2023-05-10 09:26:54,rb2401P3900,rb2401P3900,392.5,0.0,0.0,0.0,4,369.5,374.5,2,392.5,0.0,0.0,0.0,0.0,0.0,3
2023-05-10 09:26:55,rb2401P3900,rb2401P3900,392.5,0.0,0.0,0.0,4,369.5,374.5,1,392.5,0.0,0.0,0.0,0.0,0.0,3
2023-05-10 09:26:55,rb2401P3900,rb2401P3900,392.5,0.0,0.0,0.0,3,369.5,374.5,1,392.5,0.0,0.0,0.0,0.0,0.0,3
2023-05-10 09:26:56,rb2401P3900,rb2401P3900,392.5,0.0,0.0,0.0,2,369.5,375.0,2,392.5,0.0,0.0,0.0,0.0,0.0,3
2023-05-10 09:26:59,rb2401P3900,rb2401P3900,392.5,0.0,0.0,0.0,1,369.5,375.0,1,392.5,0.0,0.0,0.0,0.0,0.0,3
2023-05-10 09:27:00,rb2401P3900,rb2401P3900,392.5,0.0,0.0,0.0,1,363.5,381.0,1,392.5,0.0,0.0,0.0,0.0,0.0,3
2023-05-10 09:27:02,rb2401P3900,rb2401P3900,392.5,0.0,0.0,0.0,1,184.0,0.0,0,392.5,0.0,0.0,0.0,0.0,0.0,3
2023-05-10 09:31:56,rb2401P3900,rb2401P3900,392.5,0.0,0.0,0.0,1,184.0,0.0,0,392.5,0.0,0.0,0.0,0.0,0.0,3
2023-05-10 09:34:31,rb2401P3900,rb2401P3900,392.5,0.0,0.0,0.0,1,184.0,0.0,0,392.5,0.0,0.0,0.0,0.0,0.0,3
2023-05-10 09:35:04,rb2401P3900,rb2401P3900,392.5,0.0,0.0,0.0,1,184.0,0.0,0,392.5,0.0,0.0,0.0,0.0,0.0,3
2023-05-10 09:39:23,rb2401P3900,rb2401P3900,392.5,0.0,0.0,0.0,1,184.0,0.0,0,392.5,0.0,0.0,0.0,0.0,0.0,3
2023-05-10 09:40:06,rb2401P3900,rb2401P3900,392.5,0.0,0.0,0.0,1,184.0,0.0,0,392.5,0.0,0.0,0.0,0.0,0.0,3
2023-05-10 09:43:05,rb2401P3900,rb2401P3900,392.5,0.0,0.0,0.0,1,184.0,0.0,0,392.5,0.0,0.0,0.0,0.0,0.0,3
2023-05-10 09:45:42,rb2401P3900,rb2401P3900,392.5,0.0,0.0,0.0,1,184.0,0.0,0,392.5,0.0,0.0,0.0,0.0,0.0,3
2023-05-10 10:14:21,rb2401P3900,rb2401P3900,392.5,0.0,0.0,0.0,1,184.5,0.0,0,392.5,0.0,0.0,0.0,0.0,0.0,3
2023-05-10 14:15:46,rb2401P3900,rb2401P3900,392.5,0.0,0.0,0.0,1,364.0,400.0,1,392.5,0.0,0.0,0.0,0.0,0.0,3
2023-05-10 14:15:47,rb2401P3900,rb2401P3900,392.5,0.0,0.0,0.0,2,364.0,400.0,2,392.5,0.0,0.0,0.0,0.0,0.0,3
2023-05-10 14:15:56,rb2401P3900,rb2401P3900,392.5,0.0,0.0,0.0,3,364.0,400.0,3,392.5,0.0,0.0,0.0,0.0,0.0,3
2023-05-10 14:15:56,rb2401P3900,rb2401P3900,392.5,0.0,0.0,0.0,2,394.0,400.0,3,392.5,0.0,0.0,0.0,0.0,0.0,3
2023-05-10 14:15:57,rb2401P3900,rb2401P3900,392.5,0.0,0.0,0.0,2,394.0,400.0,2,392.5,0.0,0.0,0.0,0.0,0.0,3
2023-05-10 14:15:57,rb2401P3900,rb2401P3900,392.5,0.0,0.0,0.0,2,394.0,400.0,2,392.5,0.0,0.0,0.0,0.0,0.0,3
2023-05-10 14:15:58,rb2401P3900,rb2401P3900,392.5,0.0,0.0,0.0,2,394.0,400.0,1,392.5,0.0,0.0,0.0,0.0,0.0,3
2023-05-10 14:15:59,rb2401P3900,rb2401P3900,392.5,0.0,0.0,0.0,2,394.0,400.0,1,392.5,0.0,0.0,0.0,0.0,0.0,3
2023-05-10 14:16:01,rb2401P3900,rb2401P3900,392.5,0.0,0.0,0.0,2,394.0,400.0,1,392.5,0.0,0.0,0.0,0.0,0.0,3
2023-05-10 14:16:02,rb2401P3900,rb2401P3900,392.5,0.0,0.0,0.0,2,394.0,400.5,2,392.5,0.0,0.0,0.0,0.0,0.0,3
2023-05-10 14:16:04,rb2401P3900,rb2401P3900,392.5,0.0,0.0,0.0,2,394.0,400.5,2,392.5,0.0,0.0,0.0,0.0,0.0,3
2023-05-10 14:16:04,rb2401P3900,rb2401P3900,392.5,0.0,0.0,0.0,2,394.0,400.5,2,392.5,0.0,0.0,0.0,0.0,0.0,3
2023-05-10 14:16:07,rb2401P3900,rb2401P3900,392.5,0.0,0.0,0.0,3,393.5,400.5,2,392.5,0.0,0.0,0.0,0.0,0.0,3
2023-05-10 14:16:08,rb2401P3900,rb2401P3900,392.5,0.0,0.0,0.0,3,393.5,400.5,2,392.5,0.0,0.0,0.0,0.0,0.0,3
2023-05-10 14:16:09,rb2401P3900,rb2401P3900,392.5,0.0,0.0,0.0,3,393.5,400.5,2,392.5,0.0,0.0,0.0,0.0,0.0,3
2023-05-10 14:16:09,rb2401P3900,rb2401P3900,392.5,0.0,0.0,0.0,2,393.5,400.5,1,392.5,0.0,0.0,0.0,0.0,0.0,3
2023-05-10 14:16:10,rb2401P3900,rb2401P3900,392.5,0.0,0.0,0.0,1,393.5,401.0,1,392.5,0.0,0.0,0.0,0.0,0.0,3
2023-05-10 14:16:13,rb2401P3900,rb2401P3900,392.5,0.0,0.0,0.0,1,393.5,401.0,1,392.5,0.0,0.0,0.0,0.0,0.0,3
2023-05-10 14:16:14,rb2401P3900,rb2401P3900,392.5,0.0,0.0,0.0,1,388.0,406.5,1,392.5,0.0,0.0,0.0,0.0,0.0,3
2023-05-10 14:16:16,rb2401P3900,rb2401P3900,392.5,0.0,0.0,0.0,1,184.5,0.0,0,392.5,0.0,0.0,0.0,0.0,0.0,3
2023-05-10 14:48:44,rb2401P3900,rb2401P3900,392.5,0.0,0.0,0.0,1,184.5,0.0,0,392.5,0.0,0.0,0.0,0.0,0.0,3
2023-05-10 15:14:42,rb2401P3900,rb2401P3900,392.5,0.0,0.0,0.0,1,184.5,0.0,0,392.5,0.0,0.0,0.0,0.0,0.0,3
