time,symbol_id,symbol_name,last,trade_volume,trade_amount,open_interest_change,bv1,bp1,ap1,av1,yesterday_close,today_open,today_high,today_low,volume,amount,open_interest
2023-05-09 20:59:00,rb2401P3350,rb2401P3350,110.5,0.0,0.0,0.0,1,1.5,0.0,0,110.5,106.0,0.0,0.0,0.0,0.0,4
2023-05-09 21:00:08,rb2401P3350,rb2401P3350,110.5,0.0,0.0,0.0,4,2.0,0.0,0,110.5,106.0,0.0,0.0,0.0,0.0,4
2023-05-09 21:01:25,rb2401P3350,rb2401P3350,110.5,0.0,0.0,0.0,2,2.5,0.0,0,110.5,106.0,0.0,0.0,0.0,0.0,4
2023-05-09 21:01:26,rb2401P3350,rb2401P3350,110.5,0.0,0.0,0.0,2,2.5,0.0,0,110.5,106.0,0.0,0.0,0.0,0.0,4
2023-05-09 21:01:26,rb2401P3350,rb2401P3350,110.5,0.0,0.0,0.0,4,3.0,0.0,0,110.5,106.0,0.0,0.0,0.0,0.0,4
2023-05-09 21:01:41,rb2401P3350,rb2401P3350,110.5,0.0,0.0,0.0,4,3.0,0.0,0,110.5,106.0,0.0,0.0,0.0,0.0,4
2023-05-09 21:01:42,rb2401P3350,rb2401P3350,110.5,0.0,0.0,0.0,2,3.5,0.0,0,110.5,106.0,0.0,0.0,0.0,0.0,4
2023-05-09 21:01:42,rb2401P3350,rb2401P3350,110.5,0.0,0.0,0.0,2,3.5,0.0,0,110.5,106.0,0.0,0.0,0.0,0.0,4
2023-05-09 21:01:43,rb2401P3350,rb2401P3350,110.5,0.0,0.0,0.0,4,4.0,0.0,0,110.5,106.0,0.0,0.0,0.0,0.0,4
2023-05-09 21:01:45,rb2401P3350,rb2401P3350,110.5,0.0,0.0,0.0,2,4.5,0.0,0,110.5,106.0,0.0,0.0,0.0,0.0,4
2023-05-09 21:01:46,rb2401P3350,rb2401P3350,110.5,0.0,0.0,0.0,2,4.5,0.0,0,110.5,106.0,0.0,0.0,0.0,0.0,4
2023-05-09 21:01:46,rb2401P3350,rb2401P3350,110.5,0.0,0.0,0.0,4,5.0,0.0,0,110.5,106.0,0.0,0.0,0.0,0.0,4
2023-05-09 21:01:47,rb2401P3350,rb2401P3350,110.5,0.0,0.0,0.0,2,5.5,0.0,0,110.5,106.0,0.0,0.0,0.0,0.0,4
2023-05-09 21:01:48,rb2401P3350,rb2401P3350,110.5,0.0,0.0,0.0,2,5.5,0.0,0,110.5,106.0,0.0,0.0,0.0,0.0,4
2023-05-09 21:01:48,rb2401P3350,rb2401P3350,110.5,0.0,0.0,0.0,4,6.0,0.0,0,110.5,106.0,0.0,0.0,0.0,0.0,4
2023-05-09 21:01:49,rb2401P3350,rb2401P3350,110.5,0.0,0.0,0.0,2,6.5,0.0,0,110.5,106.0,0.0,0.0,0.0,0.0,4
2023-05-09 21:01:49,rb2401P3350,rb2401P3350,110.5,0.0,0.0,0.0,2,6.5,0.0,0,110.5,106.0,0.0,0.0,0.0,0.0,4
2023-05-09 21:01:50,rb2401P3350,rb2401P3350,110.5,0.0,0.0,0.0,4,7.0,0.0,0,110.5,106.0,0.0,0.0,0.0,0.0,4
2023-05-09 21:01:50,rb2401P3350,rb2401P3350,110.5,0.0,0.0,0.0,2,7.5,0.0,0,110.5,106.0,0.0,0.0,0.0,0.0,4
2023-05-09 21:01:51,rb2401P3350,rb2401P3350,110.5,0.0,0.0,0.0,2,7.5,0.0,0,110.5,106.0,0.0,0.0,0.0,0.0,4
2023-05-09 21:01:51,rb2401P3350,rb2401P3350,110.5,0.0,0.0,0.0,4,8.0,0.0,0,110.5,106.0,0.0,0.0,0.0,0.0,4
2023-05-09 21:01:52,rb2401P3350,rb2401P3350,110.5,0.0,0.0,0.0,2,8.5,0.0,0,110.5,106.0,0.0,0.0,0.0,0.0,4
2023-05-09 21:01:52,rb2401P3350,rb2401P3350,110.5,0.0,0.0,0.0,2,8.5,0.0,0,110.5,106.0,0.0,0.0,0.0,0.0,4
2023-05-09 21:01:53,rb2401P3350,rb2401P3350,110.5,0.0,0.0,0.0,4,9.0,0.0,0,110.5,106.0,0.0,0.0,0.0,0.0,4
2023-05-09 21:01:53,rb2401P3350,rb2401P3350,110.5,0.0,0.0,0.0,4,9.0,0.0,0,110.5,106.0,0.0,0.0,0.0,0.0,4
2023-05-09 21:01:54,rb2401P3350,rb2401P3350,110.5,0.0,0.0,0.0,2,9.5,0.0,0,110.5,106.0,0.0,0.0,0.0,0.0,4
2023-05-09 21:01:54,rb2401P3350,rb2401P3350,110.5,0.0,0.0,0.0,2,9.5,0.0,0,110.5,106.0,0.0,0.0,0.0,0.0,4
2023-05-09 21:01:55,rb2401P3350,rb2401P3350,110.5,0.0,0.0,0.0,4,10.0,0.0,0,110.5,106.0,0.0,0.0,0.0,0.0,4
2023-05-09 21:01:55,rb2401P3350,rb2401P3350,110.5,0.0,0.0,0.0,2,10.5,0.0,0,110.5,106.0,0.0,0.0,0.0,0.0,4
2023-05-09 21:01:56,rb2401P3350,rb2401P3350,110.5,0.0,0.0,0.0,2,10.5,0.0,0,110.5,106.0,0.0,0.0,0.0,0.0,4
2023-05-09 21:01:56,rb2401P3350,rb2401P3350,110.5,0.0,0.0,0.0,4,11.0,0.0,0,110.5,106.0,0.0,0.0,0.0,0.0,4
2023-05-09 21:01:57,rb2401P3350,rb2401P3350,110.5,0.0,0.0,0.0,2,11.5,0.0,0,110.5,106.0,0.0,0.0,0.0,0.0,4
2023-05-09 21:01:57,rb2401P3350,rb2401P3350,110.5,0.0,0.0,0.0,2,11.5,0.0,0,110.5,106.0,0.0,0.0,0.0,0.0,4
2023-05-09 21:01:58,rb2401P3350,rb2401P3350,110.5,0.0,0.0,0.0,4,12.0,0.0,0,110.5,106.0,0.0,0.0,0.0,0.0,4
2023-05-09 21:01:58,rb2401P3350,rb2401P3350,110.5,0.0,0.0,0.0,2,12.5,0.0,0,110.5,106.0,0.0,0.0,0.0,0.0,4
2023-05-09 21:01:59,rb2401P3350,rb2401P3350,110.5,0.0,0.0,0.0,2,12.5,0.0,0,110.5,106.0,0.0,0.0,0.0,0.0,4
2023-05-09 21:01:59,rb2401P3350,rb2401P3350,110.5,0.0,0.0,0.0,4,13.0,0.0,0,110.5,106.0,0.0,0.0,0.0,0.0,4
2023-05-09 21:02:00,rb2401P3350,rb2401P3350,110.5,0.0,0.0,0.0,2,13.5,0.0,0,110.5,106.0,0.0,0.0,0.0,0.0,4
2023-05-09 21:02:00,rb2401P3350,rb2401P3350,110.5,0.0,0.0,0.0,2,13.5,0.0,0,110.5,106.0,0.0,0.0,0.0,0.0,4
2023-05-09 21:02:01,rb2401P3350,rb2401P3350,110.5,0.0,0.0,0.0,4,14.0,0.0,0,110.5,106.0,0.0,0.0,0.0,0.0,4
2023-05-09 21:02:01,rb2401P3350,rb2401P3350,110.5,0.0,0.0,0.0,2,14.5,0.0,0,110.5,106.0,0.0,0.0,0.0,0.0,4
2023-05-09 21:02:02,rb2401P3350,rb2401P3350,110.5,0.0,0.0,0.0,2,14.5,0.0,0,110.5,106.0,0.0,0.0,0.0,0.0,4
2023-05-09 21:02:02,rb2401P3350,rb2401P3350,110.5,0.0,0.0,0.0,4,15.0,0.0,0,110.5,106.0,0.0,0.0,0.0,0.0,4
2023-05-09 21:02:03,rb2401P3350,rb2401P3350,110.5,0.0,0.0,0.0,2,15.5,0.0,0,110.5,106.0,0.0,0.0,0.0,0.0,4
2023-05-09 21:02:03,rb2401P3350,rb2401P3350,110.5,0.0,0.0,0.0,2,15.5,0.0,0,110.5,106.0,0.0,0.0,0.0,0.0,4
2023-05-09 21:02:04,rb2401P3350,rb2401P3350,110.5,0.0,0.0,0.0,4,16.0,0.0,0,110.5,106.0,0.0,0.0,0.0,0.0,4
2023-05-09 21:02:04,rb2401P3350,rb2401P3350,110.5,0.0,0.0,0.0,2,16.5,0.0,0,110.5,106.0,0.0,0.0,0.0,0.0,4
2023-05-09 21:02:05,rb2401P3350,rb2401P3350,110.5,0.0,0.0,0.0,2,16.5,0.0,0,110.5,106.0,0.0,0.0,0.0,0.0,4
2023-05-09 21:02:05,rb2401P3350,rb2401P3350,110.5,0.0,0.0,0.0,4,17.0,0.0,0,110.5,106.0,0.0,0.0,0.0,0.0,4
2023-05-09 21:02:06,rb2401P3350,rb2401P3350,110.5,0.0,0.0,0.0,2,17.5,0.0,0,110.5,106.0,0.0,0.0,0.0,0.0,4
2023-05-09 21:02:06,rb2401P3350,rb2401P3350,110.5,0.0,0.0,0.0,2,17.5,0.0,0,110.5,106.0,0.0,0.0,0.0,0.0,4
2023-05-09 21:02:07,rb2401P3350,rb2401P3350,110.5,0.0,0.0,0.0,4,18.0,0.0,0,110.5,106.0,0.0,0.0,0.0,0.0,4
2023-05-09 21:02:07,rb2401P3350,rb2401P3350,110.5,0.0,0.0,0.0,2,18.5,0.0,0,110.5,106.0,0.0,0.0,0.0,0.0,4
2023-05-09 21:02:08,rb2401P3350,rb2401P3350,110.5,0.0,0.0,0.0,2,18.5,0.0,0,110.5,106.0,0.0,0.0,0.0,0.0,4
2023-05-09 21:02:08,rb2401P3350,rb2401P3350,110.5,0.0,0.0,0.0,4,19.0,0.0,0,110.5,106.0,0.0,0.0,0.0,0.0,4
2023-05-09 21:02:09,rb2401P3350,rb2401P3350,110.5,0.0,0.0,0.0,2,19.5,0.0,0,110.5,106.0,0.0,0.0,0.0,0.0,4
2023-05-09 21:02:09,rb2401P3350,rb2401P3350,110.5,0.0,0.0,0.0,2,19.5,0.0,0,110.5,106.0,0.0,0.0,0.0,0.0,4
2023-05-09 21:02:10,rb2401P3350,rb2401P3350,110.5,0.0,0.0,0.0,4,20.0,0.0,0,110.5,106.0,0.0,0.0,0.0,0.0,4
2023-05-09 21:02:10,rb2401P3350,rb2401P3350,110.5,0.0,0.0,0.0,2,20.5,0.0,0,110.5,106.0,0.0,0.0,0.0,0.0,4
2023-05-09 21:02:11,rb2401P3350,rb2401P3350,110.5,0.0,0.0,0.0,2,20.5,0.0,0,110.5,106.0,0.0,0.0,0.0,0.0,4
2023-05-09 21:02:11,rb2401P3350,rb2401P3350,110.5,0.0,0.0,0.0,4,21.0,0.0,0,110.5,106.0,0.0,0.0,0.0,0.0,4
2023-05-09 21:02:12,rb2401P3350,rb2401P3350,110.5,0.0,0.0,0.0,2,21.5,0.0,0,110.5,106.0,0.0,0.0,0.0,0.0,4
2023-05-09 21:02:12,rb2401P3350,rb2401P3350,110.5,0.0,0.0,0.0,2,21.5,0.0,0,110.5,106.0,0.0,0.0,0.0,0.0,4
2023-05-09 21:02:13,rb2401P3350,rb2401P3350,110.5,0.0,0.0,0.0,4,22.0,0.0,0,110.5,106.0,0.0,0.0,0.0,0.0,4
2023-05-09 21:02:13,rb2401P3350,rb2401P3350,110.5,0.0,0.0,0.0,4,22.0,0.0,0,110.5,106.0,0.0,0.0,0.0,0.0,4
2023-05-09 21:02:14,rb2401P3350,rb2401P3350,110.5,0.0,0.0,0.0,2,22.5,0.0,0,110.5,106.0,0.0,0.0,0.0,0.0,4
2023-05-09 21:02:14,rb2401P3350,rb2401P3350,110.5,0.0,0.0,0.0,2,22.5,0.0,0,110.5,106.0,0.0,0.0,0.0,0.0,4
2023-05-09 21:02:15,rb2401P3350,rb2401P3350,110.5,0.0,0.0,0.0,4,23.0,0.0,0,110.5,106.0,0.0,0.0,0.0,0.0,4
2023-05-09 21:02:15,rb2401P3350,rb2401P3350,110.5,0.0,0.0,0.0,2,23.5,0.0,0,110.5,106.0,0.0,0.0,0.0,0.0,4
2023-05-09 21:02:16,rb2401P3350,rb2401P3350,110.5,0.0,0.0,0.0,2,23.5,0.0,0,110.5,106.0,0.0,0.0,0.0,0.0,4
2023-05-09 21:02:16,rb2401P3350,rb2401P3350,110.5,0.0,0.0,0.0,4,24.0,0.0,0,110.5,106.0,0.0,0.0,0.0,0.0,4
2023-05-09 21:02:17,rb2401P3350,rb2401P3350,110.5,0.0,0.0,0.0,2,24.5,0.0,0,110.5,106.0,0.0,0.0,0.0,0.0,4
2023-05-09 21:02:17,rb2401P3350,rb2401P3350,110.5,0.0,0.0,0.0,2,24.5,0.0,0,110.5,106.0,0.0,0.0,0.0,0.0,4
2023-05-09 21:02:18,rb2401P3350,rb2401P3350,110.5,0.0,0.0,0.0,4,25.0,0.0,0,110.5,106.0,0.0,0.0,0.0,0.0,4
2023-05-09 21:02:18,rb2401P3350,rb2401P3350,110.5,0.0,0.0,0.0,2,25.5,0.0,0,110.5,106.0,0.0,0.0,0.0,0.0,4
2023-05-09 21:02:19,rb2401P3350,rb2401P3350,110.5,0.0,0.0,0.0,2,25.5,0.0,0,110.5,106.0,0.0,0.0,0.0,0.0,4
2023-05-09 21:02:19,rb2401P3350,rb2401P3350,110.5,0.0,0.0,0.0,4,26.0,0.0,0,110.5,106.0,0.0,0.0,0.0,0.0,4
2023-05-09 21:02:20,rb2401P3350,rb2401P3350,110.5,0.0,0.0,0.0,2,26.5,0.0,0,110.5,106.0,0.0,0.0,0.0,0.0,4
2023-05-09 21:02:20,rb2401P3350,rb2401P3350,110.5,0.0,0.0,0.0,2,26.5,0.0,0,110.5,106.0,0.0,0.0,0.0,0.0,4
2023-05-09 21:02:21,rb2401P3350,rb2401P3350,110.5,0.0,0.0,0.0,4,27.0,0.0,0,110.5,106.0,0.0,0.0,0.0,0.0,4
2023-05-09 21:02:21,rb2401P3350,rb2401P3350,110.5,0.0,0.0,0.0,2,27.5,0.0,0,110.5,106.0,0.0,0.0,0.0,0.0,4
2023-05-09 21:02:22,rb2401P3350,rb2401P3350,110.5,0.0,0.0,0.0,2,27.5,0.0,0,110.5,106.0,0.0,0.0,0.0,0.0,4
2023-05-09 21:02:22,rb2401P3350,rb2401P3350,110.5,0.0,0.0,0.0,4,28.0,0.0,0,110.5,106.0,0.0,0.0,0.0,0.0,4
2023-05-09 21:02:24,rb2401P3350,rb2401P3350,110.5,0.0,0.0,0.0,2,28.5,0.0,0,110.5,106.0,0.0,0.0,0.0,0.0,4
2023-05-09 21:02:24,rb2401P3350,rb2401P3350,110.5,0.0,0.0,0.0,2,28.5,0.0,0,110.5,106.0,0.0,0.0,0.0,0.0,4
2023-05-09 21:02:25,rb2401P3350,rb2401P3350,110.5,0.0,0.0,0.0,4,29.0,0.0,0,110.5,106.0,0.0,0.0,0.0,0.0,4
2023-05-09 21:02:25,rb2401P3350,rb2401P3350,110.5,0.0,0.0,0.0,2,29.5,0.0,0,110.5,106.0,0.0,0.0,0.0,0.0,4
2023-05-09 21:02:26,rb2401P3350,rb2401P3350,110.5,0.0,0.0,0.0,2,29.5,0.0,0,110.5,106.0,0.0,0.0,0.0,0.0,4
2023-05-09 21:02:26,rb2401P3350,rb2401P3350,110.5,0.0,0.0,0.0,4,30.0,0.0,0,110.5,106.0,0.0,0.0,0.0,0.0,4
2023-05-09 21:02:27,rb2401P3350,rb2401P3350,110.5,0.0,0.0,0.0,2,30.5,0.0,0,110.5,106.0,0.0,0.0,0.0,0.0,4
2023-05-09 21:02:27,rb2401P3350,rb2401P3350,110.5,0.0,0.0,0.0,2,30.5,0.0,0,110.5,106.0,0.0,0.0,0.0,0.0,4
2023-05-09 21:02:28,rb2401P3350,rb2401P3350,110.5,0.0,0.0,0.0,4,31.0,0.0,0,110.5,106.0,0.0,0.0,0.0,0.0,4
2023-05-09 21:02:28,rb2401P3350,rb2401P3350,110.5,0.0,0.0,0.0,2,31.5,0.0,0,110.5,106.0,0.0,0.0,0.0,0.0,4
2023-05-09 21:02:29,rb2401P3350,rb2401P3350,110.5,0.0,0.0,0.0,2,31.5,0.0,0,110.5,106.0,0.0,0.0,0.0,0.0,4
2023-05-09 21:02:29,rb2401P3350,rb2401P3350,110.5,0.0,0.0,0.0,4,32.0,0.0,0,110.5,106.0,0.0,0.0,0.0,0.0,4
2023-05-09 21:02:30,rb2401P3350,rb2401P3350,110.5,0.0,0.0,0.0,2,32.5,0.0,0,110.5,106.0,0.0,0.0,0.0,0.0,4
2023-05-09 21:02:30,rb2401P3350,rb2401P3350,110.5,0.0,0.0,0.0,2,32.5,0.0,0,110.5,106.0,0.0,0.0,0.0,0.0,4
2023-05-09 21:02:31,rb2401P3350,rb2401P3350,110.5,0.0,0.0,0.0,4,33.0,0.0,0,110.5,106.0,0.0,0.0,0.0,0.0,4
2023-05-09 21:02:31,rb2401P3350,rb2401P3350,110.5,0.0,0.0,0.0,2,33.5,0.0,0,110.5,106.0,0.0,0.0,0.0,0.0,4
2023-05-09 21:02:32,rb2401P3350,rb2401P3350,110.5,0.0,0.0,0.0,2,33.5,0.0,0,110.5,106.0,0.0,0.0,0.0,0.0,4
2023-05-09 21:02:32,rb2401P3350,rb2401P3350,110.5,0.0,0.0,0.0,4,34.0,0.0,0,110.5,106.0,0.0,0.0,0.0,0.0,4
2023-05-09 21:02:33,rb2401P3350,rb2401P3350,110.5,0.0,0.0,0.0,4,34.0,0.0,0,110.5,106.0,0.0,0.0,0.0,0.0,4
2023-05-09 21:02:33,rb2401P3350,rb2401P3350,110.5,0.0,0.0,0.0,2,34.5,0.0,0,110.5,106.0,0.0,0.0,0.0,0.0,4
2023-05-09 21:02:34,rb2401P3350,rb2401P3350,110.5,0.0,0.0,0.0,2,34.5,0.0,0,110.5,106.0,0.0,0.0,0.0,0.0,4
2023-05-09 21:02:34,rb2401P3350,rb2401P3350,110.5,0.0,0.0,0.0,4,35.0,0.0,0,110.5,106.0,0.0,0.0,0.0,0.0,4
2023-05-09 21:02:35,rb2401P3350,rb2401P3350,110.5,0.0,0.0,0.0,4,35.0,0.0,0,110.5,106.0,0.0,0.0,0.0,0.0,4
2023-05-09 21:02:35,rb2401P3350,rb2401P3350,110.5,0.0,0.0,0.0,2,35.5,0.0,0,110.5,106.0,0.0,0.0,0.0,0.0,4
2023-05-09 21:02:36,rb2401P3350,rb2401P3350,110.5,0.0,0.0,0.0,2,35.5,0.0,0,110.5,106.0,0.0,0.0,0.0,0.0,4
2023-05-09 21:02:36,rb2401P3350,rb2401P3350,110.5,0.0,0.0,0.0,4,36.0,0.0,0,110.5,106.0,0.0,0.0,0.0,0.0,4
2023-05-09 21:02:37,rb2401P3350,rb2401P3350,110.5,0.0,0.0,0.0,2,36.5,0.0,0,110.5,106.0,0.0,0.0,0.0,0.0,4
2023-05-09 21:02:37,rb2401P3350,rb2401P3350,110.5,0.0,0.0,0.0,2,36.5,0.0,0,110.5,106.0,0.0,0.0,0.0,0.0,4
2023-05-09 21:02:38,rb2401P3350,rb2401P3350,110.5,0.0,0.0,0.0,4,37.0,0.0,0,110.5,106.0,0.0,0.0,0.0,0.0,4
2023-05-09 21:02:38,rb2401P3350,rb2401P3350,110.5,0.0,0.0,0.0,2,37.5,0.0,0,110.5,106.0,0.0,0.0,0.0,0.0,4
2023-05-09 21:02:39,rb2401P3350,rb2401P3350,110.5,0.0,0.0,0.0,2,37.5,0.0,0,110.5,106.0,0.0,0.0,0.0,0.0,4
2023-05-09 21:02:39,rb2401P3350,rb2401P3350,110.5,0.0,0.0,0.0,4,38.0,0.0,0,110.5,106.0,0.0,0.0,0.0,0.0,4
2023-05-09 21:02:40,rb2401P3350,rb2401P3350,110.5,0.0,0.0,0.0,2,38.5,0.0,0,110.5,106.0,0.0,0.0,0.0,0.0,4
2023-05-09 21:02:40,rb2401P3350,rb2401P3350,110.5,0.0,0.0,0.0,2,38.5,0.0,0,110.5,106.0,0.0,0.0,0.0,0.0,4
2023-05-09 21:02:41,rb2401P3350,rb2401P3350,110.5,0.0,0.0,0.0,4,39.0,0.0,0,110.5,106.0,0.0,0.0,0.0,0.0,4
2023-05-09 21:02:42,rb2401P3350,rb2401P3350,110.5,0.0,0.0,0.0,2,39.5,0.0,0,110.5,106.0,0.0,0.0,0.0,0.0,4
2023-05-09 21:02:42,rb2401P3350,rb2401P3350,110.5,0.0,0.0,0.0,2,39.5,0.0,0,110.5,106.0,0.0,0.0,0.0,0.0,4
2023-05-09 21:02:43,rb2401P3350,rb2401P3350,110.5,0.0,0.0,0.0,4,40.0,0.0,0,110.5,106.0,0.0,0.0,0.0,0.0,4
2023-05-09 21:02:44,rb2401P3350,rb2401P3350,110.5,0.0,0.0,0.0,2,40.5,0.0,0,110.5,106.0,0.0,0.0,0.0,0.0,4
2023-05-09 21:02:44,rb2401P3350,rb2401P3350,110.5,0.0,0.0,0.0,2,40.5,0.0,0,110.5,106.0,0.0,0.0,0.0,0.0,4
2023-05-09 21:02:45,rb2401P3350,rb2401P3350,110.5,0.0,0.0,0.0,4,41.0,0.0,0,110.5,106.0,0.0,0.0,0.0,0.0,4
2023-05-09 21:02:50,rb2401P3350,rb2401P3350,110.5,0.0,0.0,0.0,2,41.5,0.0,0,110.5,106.0,0.0,0.0,0.0,0.0,4
2023-05-09 21:02:50,rb2401P3350,rb2401P3350,110.5,0.0,0.0,0.0,2,41.5,0.0,0,110.5,106.0,0.0,0.0,0.0,0.0,4
2023-05-09 21:02:51,rb2401P3350,rb2401P3350,110.5,0.0,0.0,0.0,4,42.0,0.0,0,110.5,106.0,0.0,0.0,0.0,0.0,4
2023-05-09 21:02:52,rb2401P3350,rb2401P3350,110.5,0.0,0.0,0.0,2,42.5,0.0,0,110.5,106.0,0.0,0.0,0.0,0.0,4
2023-05-09 21:02:52,rb2401P3350,rb2401P3350,110.5,0.0,0.0,0.0,2,42.5,0.0,0,110.5,106.0,0.0,0.0,0.0,0.0,4
2023-05-09 21:02:53,rb2401P3350,rb2401P3350,110.5,0.0,0.0,0.0,4,43.0,0.0,0,110.5,106.0,0.0,0.0,0.0,0.0,4
2023-05-09 21:02:53,rb2401P3350,rb2401P3350,110.5,0.0,0.0,0.0,4,43.0,0.0,0,110.5,106.0,0.0,0.0,0.0,0.0,4
2023-05-09 21:02:54,rb2401P3350,rb2401P3350,110.5,0.0,0.0,0.0,2,43.5,0.0,0,110.5,106.0,0.0,0.0,0.0,0.0,4
2023-05-09 21:02:54,rb2401P3350,rb2401P3350,110.5,0.0,0.0,0.0,2,43.5,0.0,0,110.5,106.0,0.0,0.0,0.0,0.0,4
2023-05-09 21:02:55,rb2401P3350,rb2401P3350,110.5,0.0,0.0,0.0,4,44.0,0.0,0,110.5,106.0,0.0,0.0,0.0,0.0,4
2023-05-09 21:02:56,rb2401P3350,rb2401P3350,110.5,0.0,0.0,0.0,4,44.0,0.0,0,110.5,106.0,0.0,0.0,0.0,0.0,4
2023-05-09 21:02:56,rb2401P3350,rb2401P3350,110.5,0.0,0.0,0.0,2,44.5,0.0,0,110.5,106.0,0.0,0.0,0.0,0.0,4
2023-05-09 21:02:57,rb2401P3350,rb2401P3350,110.5,0.0,0.0,0.0,2,44.5,0.0,0,110.5,106.0,0.0,0.0,0.0,0.0,4
2023-05-09 21:02:57,rb2401P3350,rb2401P3350,110.5,0.0,0.0,0.0,5,45.0,0.0,0,110.5,106.0,0.0,0.0,0.0,0.0,4
2023-05-09 21:03:04,rb2401P3350,rb2401P3350,110.5,0.0,0.0,0.0,2,45.5,0.0,0,110.5,106.0,0.0,0.0,0.0,0.0,4
2023-05-09 21:03:05,rb2401P3350,rb2401P3350,110.5,0.0,0.0,0.0,2,45.5,0.0,0,110.5,106.0,0.0,0.0,0.0,0.0,4
2023-05-09 21:03:05,rb2401P3350,rb2401P3350,110.5,0.0,0.0,0.0,4,46.0,0.0,0,110.5,106.0,0.0,0.0,0.0,0.0,4
2023-05-09 21:03:06,rb2401P3350,rb2401P3350,110.5,0.0,0.0,0.0,2,46.5,0.0,0,110.5,106.0,0.0,0.0,0.0,0.0,4
2023-05-09 21:03:06,rb2401P3350,rb2401P3350,110.5,0.0,0.0,0.0,2,46.5,0.0,0,110.5,106.0,0.0,0.0,0.0,0.0,4
2023-05-09 21:03:07,rb2401P3350,rb2401P3350,110.5,0.0,0.0,0.0,4,47.0,0.0,0,110.5,106.0,0.0,0.0,0.0,0.0,4
2023-05-09 21:03:07,rb2401P3350,rb2401P3350,110.5,0.0,0.0,0.0,2,47.5,0.0,0,110.5,106.0,0.0,0.0,0.0,0.0,4
2023-05-09 21:03:08,rb2401P3350,rb2401P3350,110.5,0.0,0.0,0.0,2,47.5,0.0,0,110.5,106.0,0.0,0.0,0.0,0.0,4
2023-05-09 21:03:08,rb2401P3350,rb2401P3350,110.5,0.0,0.0,0.0,4,48.0,0.0,0,110.5,106.0,0.0,0.0,0.0,0.0,4
2023-05-09 21:03:09,rb2401P3350,rb2401P3350,110.5,0.0,0.0,0.0,2,48.5,0.0,0,110.5,106.0,0.0,0.0,0.0,0.0,4
2023-05-09 21:03:09,rb2401P3350,rb2401P3350,110.5,0.0,0.0,0.0,2,48.5,0.0,0,110.5,106.0,0.0,0.0,0.0,0.0,4
2023-05-09 21:03:10,rb2401P3350,rb2401P3350,110.5,0.0,0.0,0.0,4,49.0,0.0,0,110.5,106.0,0.0,0.0,0.0,0.0,4
2023-05-09 21:03:10,rb2401P3350,rb2401P3350,110.5,0.0,0.0,0.0,2,49.5,0.0,0,110.5,106.0,0.0,0.0,0.0,0.0,4
2023-05-09 21:03:11,rb2401P3350,rb2401P3350,110.5,0.0,0.0,0.0,2,49.5,0.0,0,110.5,106.0,0.0,0.0,0.0,0.0,4
2023-05-09 21:03:11,rb2401P3350,rb2401P3350,110.5,0.0,0.0,0.0,4,50.0,0.0,0,110.5,106.0,0.0,0.0,0.0,0.0,4
2023-05-09 21:03:12,rb2401P3350,rb2401P3350,110.5,0.0,0.0,0.0,2,50.5,0.0,0,110.5,106.0,0.0,0.0,0.0,0.0,4
2023-05-09 21:03:12,rb2401P3350,rb2401P3350,110.5,0.0,0.0,0.0,2,50.5,0.0,0,110.5,106.0,0.0,0.0,0.0,0.0,4
2023-05-09 21:03:13,rb2401P3350,rb2401P3350,110.5,0.0,0.0,0.0,4,51.0,0.0,0,110.5,106.0,0.0,0.0,0.0,0.0,4
2023-05-09 21:03:13,rb2401P3350,rb2401P3350,110.5,0.0,0.0,0.0,2,51.5,0.0,0,110.5,106.0,0.0,0.0,0.0,0.0,4
2023-05-09 21:03:14,rb2401P3350,rb2401P3350,110.5,0.0,0.0,0.0,2,51.5,0.0,0,110.5,106.0,0.0,0.0,0.0,0.0,4
2023-05-09 21:03:14,rb2401P3350,rb2401P3350,110.5,0.0,0.0,0.0,4,52.0,0.0,0,110.5,106.0,0.0,0.0,0.0,0.0,4
2023-05-09 21:03:15,rb2401P3350,rb2401P3350,110.5,0.0,0.0,0.0,4,52.0,0.0,0,110.5,106.0,0.0,0.0,0.0,0.0,4
2023-05-09 21:03:15,rb2401P3350,rb2401P3350,110.5,0.0,0.0,0.0,2,52.5,0.0,0,110.5,106.0,0.0,0.0,0.0,0.0,4
2023-05-09 21:03:16,rb2401P3350,rb2401P3350,110.5,0.0,0.0,0.0,2,52.5,0.0,0,110.5,106.0,0.0,0.0,0.0,0.0,4
2023-05-09 21:03:16,rb2401P3350,rb2401P3350,110.5,0.0,0.0,0.0,4,53.0,0.0,0,110.5,106.0,0.0,0.0,0.0,0.0,4
2023-05-09 21:03:17,rb2401P3350,rb2401P3350,110.5,0.0,0.0,0.0,2,53.5,0.0,0,110.5,106.0,0.0,0.0,0.0,0.0,4
2023-05-09 21:03:17,rb2401P3350,rb2401P3350,110.5,0.0,0.0,0.0,2,53.5,0.0,0,110.5,106.0,0.0,0.0,0.0,0.0,4
2023-05-09 21:03:18,rb2401P3350,rb2401P3350,110.5,0.0,0.0,0.0,4,54.0,0.0,0,110.5,106.0,0.0,0.0,0.0,0.0,4
2023-05-09 21:03:18,rb2401P3350,rb2401P3350,110.5,0.0,0.0,0.0,2,54.5,0.0,0,110.5,106.0,0.0,0.0,0.0,0.0,4
2023-05-09 21:03:19,rb2401P3350,rb2401P3350,110.5,0.0,0.0,0.0,2,54.5,0.0,0,110.5,106.0,0.0,0.0,0.0,0.0,4
2023-05-09 21:03:19,rb2401P3350,rb2401P3350,110.5,0.0,0.0,0.0,4,55.0,0.0,0,110.5,106.0,0.0,0.0,0.0,0.0,4
2023-05-09 21:03:20,rb2401P3350,rb2401P3350,110.5,0.0,0.0,0.0,2,55.5,0.0,0,110.5,106.0,0.0,0.0,0.0,0.0,4
2023-05-09 21:03:21,rb2401P3350,rb2401P3350,110.5,0.0,0.0,0.0,2,55.5,0.0,0,110.5,106.0,0.0,0.0,0.0,0.0,4
2023-05-09 21:03:21,rb2401P3350,rb2401P3350,110.5,0.0,0.0,0.0,4,56.0,0.0,0,110.5,106.0,0.0,0.0,0.0,0.0,4
2023-05-09 21:03:22,rb2401P3350,rb2401P3350,110.5,0.0,0.0,0.0,4,56.0,0.0,0,110.5,106.0,0.0,0.0,0.0,0.0,4
2023-05-09 21:04:15,rb2401P3350,rb2401P3350,110.5,0.0,0.0,0.0,4,56.0,0.0,0,110.5,106.0,0.0,0.0,0.0,0.0,4
2023-05-09 21:05:38,rb2401P3350,rb2401P3350,110.5,0.0,0.0,0.0,4,56.0,0.0,0,110.5,106.0,0.0,0.0,0.0,0.0,4
2023-05-09 21:08:18,rb2401P3350,rb2401P3350,110.5,0.0,0.0,0.0,4,56.0,0.0,0,110.5,106.0,0.0,0.0,0.0,0.0,4
2023-05-09 21:12:29,rb2401P3350,rb2401P3350,110.5,0.0,0.0,0.0,4,56.0,0.0,0,110.5,106.0,0.0,0.0,0.0,0.0,4
2023-05-09 21:14:38,rb2401P3350,rb2401P3350,110.5,0.0,0.0,0.0,4,56.0,0.0,0,110.5,106.0,0.0,0.0,0.0,0.0,4
2023-05-09 21:15:53,rb2401P3350,rb2401P3350,110.5,0.0,0.0,0.0,4,56.0,0.0,0,110.5,106.0,0.0,0.0,0.0,0.0,4
2023-05-09 21:43:45,rb2401P3350,rb2401P3350,110.5,0.0,0.0,0.0,1,104.5,118.5,1,110.5,106.0,0.0,0.0,0.0,0.0,4
2023-05-09 21:43:46,rb2401P3350,rb2401P3350,110.5,0.0,0.0,0.0,1,104.5,118.0,4,110.5,106.0,0.0,0.0,0.0,0.0,4
2023-05-09 21:43:46,rb2401P3350,rb2401P3350,110.5,0.0,0.0,0.0,2,104.5,118.0,5,110.5,106.0,0.0,0.0,0.0,0.0,4
2023-05-09 21:43:55,rb2401P3350,rb2401P3350,110.5,0.0,0.0,0.0,3,104.5,118.0,5,110.5,106.0,0.0,0.0,0.0,0.0,4
2023-05-09 21:43:55,rb2401P3350,rb2401P3350,110.5,0.0,0.0,0.0,4,104.5,106.0,1,110.5,106.0,0.0,0.0,0.0,0.0,4
2023-05-09 21:43:56,rb2401P3350,rb2401P3350,110.5,0.0,0.0,0.0,3,104.5,106.0,1,110.5,106.0,0.0,0.0,0.0,0.0,4
2023-05-09 21:43:56,rb2401P3350,rb2401P3350,110.5,0.0,0.0,0.0,3,104.5,106.0,1,110.5,106.0,0.0,0.0,0.0,0.0,4
2023-05-09 21:43:57,rb2401P3350,rb2401P3350,110.5,0.0,0.0,0.0,3,104.5,106.0,1,110.5,106.0,0.0,0.0,0.0,0.0,4
2023-05-09 21:43:58,rb2401P3350,rb2401P3350,110.5,0.0,0.0,0.0,3,104.5,106.0,1,110.5,106.0,0.0,0.0,0.0,0.0,4
2023-05-09 21:44:00,rb2401P3350,rb2401P3350,106.0,1.0,1060.0,1.0,3,104.5,106.5,2,110.5,106.0,106.0,106.0,1.0,1060.0,5
2023-05-09 21:44:01,rb2401P3350,rb2401P3350,106.0,0.0,0.0,0.0,2,104.5,106.5,2,110.5,106.0,106.0,106.0,1.0,1060.0,5
2023-05-09 21:44:02,rb2401P3350,rb2401P3350,106.0,0.0,0.0,0.0,2,104.5,106.5,2,110.5,106.0,106.0,106.0,1.0,1060.0,5
2023-05-09 21:44:03,rb2401P3350,rb2401P3350,106.0,0.0,0.0,0.0,2,104.5,106.5,2,110.5,106.0,106.0,106.0,1.0,1060.0,5
2023-05-09 21:44:06,rb2401P3350,rb2401P3350,106.0,0.0,0.0,0.0,2,104.5,106.5,2,110.5,106.0,106.0,106.0,1.0,1060.0,5
2023-05-09 21:44:07,rb2401P3350,rb2401P3350,106.0,0.0,0.0,0.0,2,104.5,106.5,2,110.5,106.0,106.0,106.0,1.0,1060.0,5
2023-05-09 21:44:08,rb2401P3350,rb2401P3350,106.0,0.0,0.0,0.0,1,104.5,106.5,2,110.5,106.0,106.0,106.0,1.0,1060.0,5
2023-05-09 21:44:08,rb2401P3350,rb2401P3350,106.0,0.0,0.0,0.0,1,104.5,106.5,1,110.5,106.0,106.0,106.0,1.0,1060.0,5
2023-05-09 21:44:09,rb2401P3350,rb2401P3350,106.0,0.0,0.0,0.0,1,104.0,107.0,1,110.5,106.0,106.0,106.0,1.0,1060.0,5
2023-05-09 21:44:12,rb2401P3350,rb2401P3350,106.0,0.0,0.0,0.0,1,104.0,107.0,1,110.5,106.0,106.0,106.0,1.0,1060.0,5
2023-05-09 21:44:13,rb2401P3350,rb2401P3350,106.0,0.0,0.0,0.0,1,102.0,109.0,1,110.5,106.0,106.0,106.0,1.0,1060.0,5
2023-05-09 21:44:15,rb2401P3350,rb2401P3350,106.0,0.0,0.0,0.0,1,45.0,0.0,0,110.5,106.0,106.0,106.0,1.0,1060.0,5
2023-05-09 21:44:16,rb2401P3350,rb2401P3350,106.0,0.0,0.0,0.0,4,45.5,0.0,0,110.5,106.0,106.0,106.0,1.0,1060.0,5
2023-05-09 21:44:16,rb2401P3350,rb2401P3350,106.0,0.0,0.0,0.0,1,46.0,0.0,0,110.5,106.0,106.0,106.0,1.0,1060.0,5
2023-05-09 21:44:17,rb2401P3350,rb2401P3350,106.0,0.0,0.0,0.0,1,46.0,0.0,0,110.5,106.0,106.0,106.0,1.0,1060.0,5
2023-05-09 21:44:17,rb2401P3350,rb2401P3350,106.0,0.0,0.0,0.0,4,46.5,0.0,0,110.5,106.0,106.0,106.0,1.0,1060.0,5
2023-05-09 21:44:18,rb2401P3350,rb2401P3350,106.0,0.0,0.0,0.0,1,47.0,0.0,0,110.5,106.0,106.0,106.0,1.0,1060.0,5
2023-05-09 21:44:18,rb2401P3350,rb2401P3350,106.0,0.0,0.0,0.0,3,47.0,0.0,0,110.5,106.0,106.0,106.0,1.0,1060.0,5
2023-05-09 21:44:19,rb2401P3350,rb2401P3350,106.0,0.0,0.0,0.0,4,47.5,0.0,0,110.5,106.0,106.0,106.0,1.0,1060.0,5
2023-05-09 21:44:19,rb2401P3350,rb2401P3350,106.0,0.0,0.0,0.0,1,48.0,0.0,0,110.5,106.0,106.0,106.0,1.0,1060.0,5
2023-05-09 21:44:20,rb2401P3350,rb2401P3350,106.0,0.0,0.0,0.0,1,48.0,0.0,0,110.5,106.0,106.0,106.0,1.0,1060.0,5
2023-05-09 21:44:20,rb2401P3350,rb2401P3350,106.0,0.0,0.0,0.0,4,48.5,0.0,0,110.5,106.0,106.0,106.0,1.0,1060.0,5
2023-05-09 21:44:21,rb2401P3350,rb2401P3350,106.0,0.0,0.0,0.0,1,49.0,0.0,0,110.5,106.0,106.0,106.0,1.0,1060.0,5
2023-05-09 21:44:21,rb2401P3350,rb2401P3350,106.0,0.0,0.0,0.0,1,49.0,0.0,0,110.5,106.0,106.0,106.0,1.0,1060.0,5
2023-05-09 21:44:22,rb2401P3350,rb2401P3350,106.0,0.0,0.0,0.0,4,49.5,0.0,0,110.5,106.0,106.0,106.0,1.0,1060.0,5
2023-05-09 21:44:22,rb2401P3350,rb2401P3350,106.0,0.0,0.0,0.0,1,50.0,0.0,0,110.5,106.0,106.0,106.0,1.0,1060.0,5
2023-05-09 21:44:23,rb2401P3350,rb2401P3350,106.0,0.0,0.0,0.0,1,50.0,0.0,0,110.5,106.0,106.0,106.0,1.0,1060.0,5
2023-05-09 21:44:23,rb2401P3350,rb2401P3350,106.0,0.0,0.0,0.0,4,50.5,0.0,0,110.5,106.0,106.0,106.0,1.0,1060.0,5
2023-05-09 21:44:24,rb2401P3350,rb2401P3350,106.0,0.0,0.0,0.0,1,51.0,0.0,0,110.5,106.0,106.0,106.0,1.0,1060.0,5
2023-05-09 21:44:24,rb2401P3350,rb2401P3350,106.0,0.0,0.0,0.0,1,51.0,0.0,0,110.5,106.0,106.0,106.0,1.0,1060.0,5
2023-05-09 21:44:25,rb2401P3350,rb2401P3350,106.0,0.0,0.0,0.0,4,51.5,0.0,0,110.5,106.0,106.0,106.0,1.0,1060.0,5
2023-05-09 21:44:25,rb2401P3350,rb2401P3350,106.0,0.0,0.0,0.0,1,52.0,0.0,0,110.5,106.0,106.0,106.0,1.0,1060.0,5
2023-05-09 21:44:26,rb2401P3350,rb2401P3350,106.0,0.0,0.0,0.0,1,52.0,0.0,0,110.5,106.0,106.0,106.0,1.0,1060.0,5
2023-05-09 21:44:26,rb2401P3350,rb2401P3350,106.0,0.0,0.0,0.0,4,52.5,0.0,0,110.5,106.0,106.0,106.0,1.0,1060.0,5
2023-05-09 21:44:27,rb2401P3350,rb2401P3350,106.0,0.0,0.0,0.0,1,53.0,0.0,0,110.5,106.0,106.0,106.0,1.0,1060.0,5
2023-05-09 21:44:27,rb2401P3350,rb2401P3350,106.0,0.0,0.0,0.0,2,53.5,0.0,0,110.5,106.0,106.0,106.0,1.0,1060.0,5
2023-05-09 21:44:28,rb2401P3350,rb2401P3350,106.0,0.0,0.0,0.0,5,54.0,0.0,0,110.5,106.0,106.0,106.0,1.0,1060.0,5
2023-05-09 21:44:29,rb2401P3350,rb2401P3350,106.0,0.0,0.0,0.0,5,54.0,0.0,0,110.5,106.0,106.0,106.0,1.0,1060.0,5
2023-05-09 21:44:29,rb2401P3350,rb2401P3350,106.0,0.0,0.0,0.0,2,54.5,0.0,0,110.5,106.0,106.0,106.0,1.0,1060.0,5
2023-05-09 21:44:30,rb2401P3350,rb2401P3350,106.0,0.0,0.0,0.0,1,55.0,0.0,0,110.5,106.0,106.0,106.0,1.0,1060.0,5
2023-05-09 21:44:30,rb2401P3350,rb2401P3350,106.0,0.0,0.0,0.0,4,55.5,0.0,0,110.5,106.0,106.0,106.0,1.0,1060.0,5
2023-05-09 21:44:31,rb2401P3350,rb2401P3350,106.0,0.0,0.0,0.0,1,56.0,0.0,0,110.5,106.0,106.0,106.0,1.0,1060.0,5
2023-05-09 21:44:31,rb2401P3350,rb2401P3350,106.0,0.0,0.0,0.0,1,56.0,0.0,0,110.5,106.0,106.0,106.0,1.0,1060.0,5
2023-05-09 21:44:32,rb2401P3350,rb2401P3350,106.0,0.0,0.0,0.0,4,56.5,0.0,0,110.5,106.0,106.0,106.0,1.0,1060.0,5
2023-05-09 21:44:39,rb2401P3350,rb2401P3350,106.0,0.0,0.0,0.0,1,57.0,0.0,0,110.5,106.0,106.0,106.0,1.0,1060.0,5
2023-05-09 21:44:40,rb2401P3350,rb2401P3350,106.0,0.0,0.0,0.0,1,57.0,0.0,0,110.5,106.0,106.0,106.0,1.0,1060.0,5
2023-05-09 21:44:40,rb2401P3350,rb2401P3350,106.0,0.0,0.0,0.0,4,57.5,0.0,0,110.5,106.0,106.0,106.0,1.0,1060.0,5
2023-05-09 21:44:49,rb2401P3350,rb2401P3350,106.0,0.0,0.0,0.0,1,58.0,0.0,0,110.5,106.0,106.0,106.0,1.0,1060.0,5
2023-05-09 21:44:50,rb2401P3350,rb2401P3350,106.0,0.0,0.0,0.0,1,58.0,0.0,0,110.5,106.0,106.0,106.0,1.0,1060.0,5
2023-05-09 21:44:50,rb2401P3350,rb2401P3350,106.0,0.0,0.0,0.0,4,58.5,0.0,0,110.5,106.0,106.0,106.0,1.0,1060.0,5
2023-05-09 21:44:59,rb2401P3350,rb2401P3350,106.0,0.0,0.0,0.0,1,59.0,0.0,0,110.5,106.0,106.0,106.0,1.0,1060.0,5
2023-05-09 21:45:00,rb2401P3350,rb2401P3350,106.0,0.0,0.0,0.0,1,59.0,0.0,0,110.5,106.0,106.0,106.0,1.0,1060.0,5
2023-05-09 21:45:00,rb2401P3350,rb2401P3350,106.0,0.0,0.0,0.0,4,59.5,0.0,0,110.5,106.0,106.0,106.0,1.0,1060.0,5
2023-05-09 21:50:10,rb2401P3350,rb2401P3350,106.0,0.0,0.0,0.0,2,60.0,0.0,0,110.5,106.0,106.0,106.0,1.0,1060.0,5
2023-05-09 21:50:10,rb2401P3350,rb2401P3350,106.0,0.0,0.0,0.0,2,60.0,0.0,0,110.5,106.0,106.0,106.0,1.0,1060.0,5
2023-05-09 21:50:11,rb2401P3350,rb2401P3350,106.0,0.0,0.0,0.0,4,60.5,0.0,0,110.5,106.0,106.0,106.0,1.0,1060.0,5
2023-05-09 21:50:11,rb2401P3350,rb2401P3350,106.0,0.0,0.0,0.0,4,60.5,0.0,0,110.5,106.0,106.0,106.0,1.0,1060.0,5
2023-05-09 21:50:12,rb2401P3350,rb2401P3350,106.0,0.0,0.0,0.0,2,61.0,0.0,0,110.5,106.0,106.0,106.0,1.0,1060.0,5
2023-05-09 21:50:12,rb2401P3350,rb2401P3350,106.0,0.0,0.0,0.0,2,61.0,0.0,0,110.5,106.0,106.0,106.0,1.0,1060.0,5
2023-05-09 21:50:13,rb2401P3350,rb2401P3350,106.0,0.0,0.0,0.0,4,61.5,0.0,0,110.5,106.0,106.0,106.0,1.0,1060.0,5
2023-05-09 21:50:13,rb2401P3350,rb2401P3350,106.0,0.0,0.0,0.0,2,62.0,0.0,0,110.5,106.0,106.0,106.0,1.0,1060.0,5
2023-05-09 21:50:14,rb2401P3350,rb2401P3350,106.0,0.0,0.0,0.0,2,62.0,0.0,0,110.5,106.0,106.0,106.0,1.0,1060.0,5
2023-05-09 21:50:14,rb2401P3350,rb2401P3350,106.0,0.0,0.0,0.0,4,62.5,0.0,0,110.5,106.0,106.0,106.0,1.0,1060.0,5
2023-05-09 21:50:15,rb2401P3350,rb2401P3350,106.0,0.0,0.0,0.0,4,62.5,0.0,0,110.5,106.0,106.0,106.0,1.0,1060.0,5
2023-05-09 21:50:20,rb2401P3350,rb2401P3350,106.0,0.0,0.0,0.0,2,63.0,0.0,0,110.5,106.0,106.0,106.0,1.0,1060.0,5
2023-05-09 21:50:20,rb2401P3350,rb2401P3350,106.0,0.0,0.0,0.0,2,63.0,0.0,0,110.5,106.0,106.0,106.0,1.0,1060.0,5
2023-05-09 21:50:21,rb2401P3350,rb2401P3350,106.0,0.0,0.0,0.0,4,63.5,0.0,0,110.5,106.0,106.0,106.0,1.0,1060.0,5
2023-05-09 21:50:21,rb2401P3350,rb2401P3350,106.0,0.0,0.0,0.0,4,63.5,0.0,0,110.5,106.0,106.0,106.0,1.0,1060.0,5
2023-05-09 21:50:22,rb2401P3350,rb2401P3350,106.0,0.0,0.0,0.0,2,64.0,0.0,0,110.5,106.0,106.0,106.0,1.0,1060.0,5
2023-05-09 21:50:22,rb2401P3350,rb2401P3350,106.0,0.0,0.0,0.0,2,64.0,0.0,0,110.5,106.0,106.0,106.0,1.0,1060.0,5
2023-05-09 21:50:23,rb2401P3350,rb2401P3350,106.0,0.0,0.0,0.0,4,64.5,0.0,0,110.5,106.0,106.0,106.0,1.0,1060.0,5
2023-05-09 21:50:23,rb2401P3350,rb2401P3350,106.0,0.0,0.0,0.0,2,65.0,0.0,0,110.5,106.0,106.0,106.0,1.0,1060.0,5
2023-05-09 21:50:24,rb2401P3350,rb2401P3350,106.0,0.0,0.0,0.0,2,65.0,0.0,0,110.5,106.0,106.0,106.0,1.0,1060.0,5
2023-05-09 21:50:24,rb2401P3350,rb2401P3350,106.0,0.0,0.0,0.0,4,65.5,0.0,0,110.5,106.0,106.0,106.0,1.0,1060.0,5
2023-05-09 21:50:25,rb2401P3350,rb2401P3350,106.0,0.0,0.0,0.0,2,66.0,0.0,0,110.5,106.0,106.0,106.0,1.0,1060.0,5
2023-05-09 21:50:25,rb2401P3350,rb2401P3350,106.0,0.0,0.0,0.0,2,66.0,0.0,0,110.5,106.0,106.0,106.0,1.0,1060.0,5
2023-05-09 21:50:26,rb2401P3350,rb2401P3350,106.0,0.0,0.0,0.0,4,66.5,0.0,0,110.5,106.0,106.0,106.0,1.0,1060.0,5
2023-05-09 21:50:26,rb2401P3350,rb2401P3350,106.0,0.0,0.0,0.0,4,66.5,0.0,0,110.5,106.0,106.0,106.0,1.0,1060.0,5
2023-05-09 22:06:59,rb2401P3350,rb2401P3350,106.0,0.0,0.0,0.0,1,104.5,118.5,1,110.5,106.0,106.0,106.0,1.0,1060.0,5
2023-05-09 22:07:00,rb2401P3350,rb2401P3350,106.0,0.0,0.0,0.0,1,104.5,118.0,4,110.5,106.0,106.0,106.0,1.0,1060.0,5
2023-05-09 22:07:01,rb2401P3350,rb2401P3350,106.0,0.0,0.0,0.0,2,104.5,118.0,5,110.5,106.0,106.0,106.0,1.0,1060.0,5
2023-05-09 22:07:04,rb2401P3350,rb2401P3350,106.0,0.0,0.0,0.0,1,105.0,118.0,5,110.5,106.0,106.0,106.0,1.0,1060.0,5
2023-05-09 22:07:05,rb2401P3350,rb2401P3350,106.0,0.0,0.0,0.0,2,105.0,118.0,6,110.5,106.0,106.0,106.0,1.0,1060.0,5
2023-05-09 22:07:09,rb2401P3350,rb2401P3350,106.0,0.0,0.0,0.0,2,105.0,118.0,6,110.5,106.0,106.0,106.0,1.0,1060.0,5
2023-05-09 22:07:10,rb2401P3350,rb2401P3350,106.0,0.0,0.0,0.0,2,105.0,106.5,1,110.5,106.0,106.0,106.0,1.0,1060.0,5
2023-05-09 22:07:11,rb2401P3350,rb2401P3350,106.0,0.0,0.0,0.0,2,105.0,106.5,1,110.5,106.0,106.0,106.0,1.0,1060.0,5
2023-05-09 22:07:11,rb2401P3350,rb2401P3350,106.0,0.0,0.0,0.0,2,105.0,106.5,1,110.5,106.0,106.0,106.0,1.0,1060.0,5
2023-05-09 22:07:12,rb2401P3350,rb2401P3350,106.0,0.0,0.0,0.0,2,105.0,106.5,1,110.5,106.0,106.0,106.0,1.0,1060.0,5
2023-05-09 22:07:13,rb2401P3350,rb2401P3350,106.0,0.0,0.0,0.0,2,105.0,106.5,1,110.5,106.0,106.0,106.0,1.0,1060.0,5
2023-05-09 22:07:15,rb2401P3350,rb2401P3350,106.0,0.0,0.0,0.0,1,105.0,106.5,1,110.5,106.0,106.0,106.0,1.0,1060.0,5
2023-05-09 22:07:16,rb2401P3350,rb2401P3350,106.0,0.0,0.0,0.0,1,105.0,106.5,1,110.5,106.0,106.0,106.0,1.0,1060.0,5
2023-05-09 22:07:16,rb2401P3350,rb2401P3350,106.0,0.0,0.0,0.0,1,105.0,106.5,1,110.5,106.0,106.0,106.0,1.0,1060.0,5
2023-05-09 22:07:17,rb2401P3350,rb2401P3350,106.0,0.0,0.0,0.0,4,104.5,106.5,1,110.5,106.0,106.0,106.0,1.0,1060.0,5
2023-05-09 22:07:18,rb2401P3350,rb2401P3350,106.0,0.0,0.0,0.0,1,106.0,106.5,1,110.5,106.0,106.0,106.0,1.0,1060.0,5
2023-05-09 22:07:21,rb2401P3350,rb2401P3350,106.0,0.0,0.0,0.0,1,106.0,107.0,3,110.5,106.0,106.0,106.0,1.0,1060.0,5
2023-05-09 22:07:22,rb2401P3350,rb2401P3350,106.0,0.0,0.0,0.0,1,106.0,107.0,3,110.5,106.0,106.0,106.0,1.0,1060.0,5
2023-05-09 22:07:23,rb2401P3350,rb2401P3350,106.0,0.0,0.0,0.0,1,106.0,107.0,2,110.5,106.0,106.0,106.0,1.0,1060.0,5
2023-05-09 22:07:23,rb2401P3350,rb2401P3350,106.0,0.0,0.0,0.0,1,106.0,107.0,2,110.5,106.0,106.0,106.0,1.0,1060.0,5
2023-05-09 22:07:24,rb2401P3350,rb2401P3350,106.0,0.0,0.0,0.0,1,106.0,107.0,1,110.5,106.0,106.0,106.0,1.0,1060.0,5
2023-05-09 22:07:27,rb2401P3350,rb2401P3350,106.0,0.0,0.0,0.0,1,106.0,109.0,1,110.5,106.0,106.0,106.0,1.0,1060.0,5
2023-05-09 22:07:29,rb2401P3350,rb2401P3350,106.0,0.0,0.0,0.0,1,102.0,109.0,1,110.5,106.0,106.0,106.0,1.0,1060.0,5
2023-05-09 22:07:30,rb2401P3350,rb2401P3350,106.0,0.0,0.0,0.0,1,59.0,0.0,0,110.5,106.0,106.0,106.0,1.0,1060.0,5
2023-05-09 22:07:30,rb2401P3350,rb2401P3350,106.0,0.0,0.0,0.0,2,63.0,0.0,0,110.5,106.0,106.0,106.0,1.0,1060.0,5
2023-05-09 22:07:31,rb2401P3350,rb2401P3350,106.0,0.0,0.0,0.0,2,63.0,0.0,0,110.5,106.0,106.0,106.0,1.0,1060.0,5
2023-05-09 22:07:31,rb2401P3350,rb2401P3350,106.0,0.0,0.0,0.0,4,63.5,0.0,0,110.5,106.0,106.0,106.0,1.0,1060.0,5
2023-05-09 22:07:32,rb2401P3350,rb2401P3350,106.0,0.0,0.0,0.0,2,64.0,0.0,0,110.5,106.0,106.0,106.0,1.0,1060.0,5
2023-05-09 22:07:32,rb2401P3350,rb2401P3350,106.0,0.0,0.0,0.0,2,64.0,0.0,0,110.5,106.0,106.0,106.0,1.0,1060.0,5
2023-05-09 22:07:33,rb2401P3350,rb2401P3350,106.0,0.0,0.0,0.0,4,64.5,0.0,0,110.5,106.0,106.0,106.0,1.0,1060.0,5
2023-05-09 22:07:33,rb2401P3350,rb2401P3350,106.0,0.0,0.0,0.0,2,65.0,0.0,0,110.5,106.0,106.0,106.0,1.0,1060.0,5
2023-05-09 22:07:34,rb2401P3350,rb2401P3350,106.0,0.0,0.0,0.0,2,65.0,0.0,0,110.5,106.0,106.0,106.0,1.0,1060.0,5
2023-05-09 22:07:34,rb2401P3350,rb2401P3350,106.0,0.0,0.0,0.0,4,65.5,0.0,0,110.5,106.0,106.0,106.0,1.0,1060.0,5
2023-05-09 22:07:35,rb2401P3350,rb2401P3350,106.0,0.0,0.0,0.0,4,65.5,0.0,0,110.5,106.0,106.0,106.0,1.0,1060.0,5
2023-05-09 22:10:50,rb2401P3350,rb2401P3350,106.0,0.0,0.0,0.0,2,73.5,0.0,0,110.5,106.0,106.0,106.0,1.0,1060.0,5
2023-05-09 22:10:51,rb2401P3350,rb2401P3350,106.0,0.0,0.0,0.0,2,73.5,0.0,0,110.5,106.0,106.0,106.0,1.0,1060.0,5
2023-05-09 22:10:51,rb2401P3350,rb2401P3350,106.0,0.0,0.0,0.0,4,74.0,0.0,0,110.5,106.0,106.0,106.0,1.0,1060.0,5
2023-05-09 22:10:52,rb2401P3350,rb2401P3350,106.0,0.0,0.0,0.0,2,82.0,0.0,0,110.5,106.0,106.0,106.0,1.0,1060.0,5
2023-05-09 22:10:52,rb2401P3350,rb2401P3350,106.0,0.0,0.0,0.0,2,82.0,0.0,0,110.5,106.0,106.0,106.0,1.0,1060.0,5
2023-05-09 22:10:53,rb2401P3350,rb2401P3350,106.0,0.0,0.0,0.0,4,82.5,0.0,0,110.5,106.0,106.0,106.0,1.0,1060.0,5
2023-05-09 22:10:53,rb2401P3350,rb2401P3350,106.0,0.0,0.0,0.0,2,86.5,0.0,0,110.5,106.0,106.0,106.0,1.0,1060.0,5
2023-05-09 22:10:54,rb2401P3350,rb2401P3350,106.0,0.0,0.0,0.0,2,86.5,0.0,0,110.5,106.0,106.0,106.0,1.0,1060.0,5
2023-05-09 22:10:54,rb2401P3350,rb2401P3350,106.0,0.0,0.0,0.0,4,87.0,0.0,0,110.5,106.0,106.0,106.0,1.0,1060.0,5
2023-05-09 22:10:55,rb2401P3350,rb2401P3350,106.0,0.0,0.0,0.0,2,87.5,0.0,0,110.5,106.0,106.0,106.0,1.0,1060.0,5
2023-05-09 22:10:55,rb2401P3350,rb2401P3350,106.0,0.0,0.0,0.0,2,87.5,0.0,0,110.5,106.0,106.0,106.0,1.0,1060.0,5
2023-05-09 22:10:56,rb2401P3350,rb2401P3350,106.0,0.0,0.0,0.0,4,88.0,0.0,0,110.5,106.0,106.0,106.0,1.0,1060.0,5
2023-05-09 22:10:56,rb2401P3350,rb2401P3350,106.0,0.0,0.0,0.0,2,88.5,0.0,0,110.5,106.0,106.0,106.0,1.0,1060.0,5
2023-05-09 22:10:57,rb2401P3350,rb2401P3350,106.0,0.0,0.0,0.0,2,88.5,0.0,0,110.5,106.0,106.0,106.0,1.0,1060.0,5
2023-05-09 22:10:57,rb2401P3350,rb2401P3350,106.0,0.0,0.0,0.0,4,89.0,0.0,0,110.5,106.0,106.0,106.0,1.0,1060.0,5
2023-05-09 22:10:58,rb2401P3350,rb2401P3350,106.0,0.0,0.0,0.0,4,89.0,0.0,0,110.5,106.0,106.0,106.0,1.0,1060.0,5
2023-05-09 22:10:59,rb2401P3350,rb2401P3350,106.0,0.0,0.0,0.0,2,89.5,0.0,0,110.5,106.0,106.0,106.0,1.0,1060.0,5
2023-05-09 22:10:59,rb2401P3350,rb2401P3350,106.0,0.0,0.0,0.0,2,89.5,0.0,0,110.5,106.0,106.0,106.0,1.0,1060.0,5
2023-05-09 22:11:00,rb2401P3350,rb2401P3350,106.0,0.0,0.0,0.0,4,90.0,0.0,0,110.5,106.0,106.0,106.0,1.0,1060.0,5
2023-05-09 22:11:00,rb2401P3350,rb2401P3350,106.0,0.0,0.0,0.0,4,90.0,0.0,0,110.5,106.0,106.0,106.0,1.0,1060.0,5
2023-05-09 22:11:08,rb2401P3350,rb2401P3350,106.0,0.0,0.0,0.0,2,90.5,0.0,0,110.5,106.0,106.0,106.0,1.0,1060.0,5
2023-05-09 22:11:09,rb2401P3350,rb2401P3350,106.0,0.0,0.0,0.0,2,90.5,0.0,0,110.5,106.0,106.0,106.0,1.0,1060.0,5
2023-05-09 22:11:09,rb2401P3350,rb2401P3350,106.0,0.0,0.0,0.0,4,91.0,0.0,0,110.5,106.0,106.0,106.0,1.0,1060.0,5
2023-05-09 22:11:10,rb2401P3350,rb2401P3350,106.0,0.0,0.0,0.0,4,91.0,0.0,0,110.5,106.0,106.0,106.0,1.0,1060.0,5
2023-05-09 22:57:03,rb2401P3350,rb2401P3350,106.0,0.0,0.0,0.0,1,59.0,0.0,0,110.5,106.0,106.0,106.0,1.0,1060.0,5
2023-05-09 22:57:51,rb2401P3350,rb2401P3350,106.0,0.0,0.0,0.0,1,3.5,0.0,0,110.5,106.0,106.0,106.0,1.0,1060.0,5
2023-05-09 22:58:46,rb2401P3350,rb2401P3350,106.0,0.0,0.0,0.0,1,3.5,0.0,0,110.5,106.0,106.0,106.0,1.0,1060.0,5
2023-05-10 09:01:25,rb2401P3350,rb2401P3350,106.0,0.0,0.0,0.0,2,11.5,0.0,0,110.5,106.0,106.0,106.0,1.0,1060.0,5
2023-05-10 09:01:25,rb2401P3350,rb2401P3350,106.0,0.0,0.0,0.0,4,12.0,0.0,0,110.5,106.0,106.0,106.0,1.0,1060.0,5
2023-05-10 09:02:32,rb2401P3350,rb2401P3350,106.0,0.0,0.0,0.0,2,20.0,0.0,0,110.5,106.0,106.0,106.0,1.0,1060.0,5
2023-05-10 09:02:32,rb2401P3350,rb2401P3350,106.0,0.0,0.0,0.0,2,20.0,0.0,0,110.5,106.0,106.0,106.0,1.0,1060.0,5
2023-05-10 09:02:33,rb2401P3350,rb2401P3350,106.0,0.0,0.0,0.0,4,20.5,0.0,0,110.5,106.0,106.0,106.0,1.0,1060.0,5
2023-05-10 09:02:34,rb2401P3350,rb2401P3350,106.0,0.0,0.0,0.0,4,20.5,0.0,0,110.5,106.0,106.0,106.0,1.0,1060.0,5
2023-05-10 09:02:34,rb2401P3350,rb2401P3350,106.0,0.0,0.0,0.0,2,28.5,0.0,0,110.5,106.0,106.0,106.0,1.0,1060.0,5
2023-05-10 09:02:35,rb2401P3350,rb2401P3350,106.0,0.0,0.0,0.0,2,28.5,0.0,0,110.5,106.0,106.0,106.0,1.0,1060.0,5
2023-05-10 09:02:35,rb2401P3350,rb2401P3350,106.0,0.0,0.0,0.0,4,29.0,0.0,0,110.5,106.0,106.0,106.0,1.0,1060.0,5
2023-05-10 09:02:36,rb2401P3350,rb2401P3350,106.0,0.0,0.0,0.0,2,37.0,0.0,0,110.5,106.0,106.0,106.0,1.0,1060.0,5
2023-05-10 09:02:37,rb2401P3350,rb2401P3350,106.0,0.0,0.0,0.0,2,37.0,0.0,0,110.5,106.0,106.0,106.0,1.0,1060.0,5
2023-05-10 09:02:37,rb2401P3350,rb2401P3350,106.0,0.0,0.0,0.0,4,37.5,0.0,0,110.5,106.0,106.0,106.0,1.0,1060.0,5
2023-05-10 09:02:39,rb2401P3350,rb2401P3350,106.0,0.0,0.0,0.0,4,37.5,0.0,0,110.5,106.0,106.0,106.0,1.0,1060.0,5
2023-05-10 09:02:40,rb2401P3350,rb2401P3350,106.0,0.0,0.0,0.0,2,41.5,0.0,0,110.5,106.0,106.0,106.0,1.0,1060.0,5
2023-05-10 09:02:40,rb2401P3350,rb2401P3350,106.0,0.0,0.0,0.0,2,41.5,0.0,0,110.5,106.0,106.0,106.0,1.0,1060.0,5
2023-05-10 09:02:41,rb2401P3350,rb2401P3350,106.0,0.0,0.0,0.0,4,42.0,0.0,0,110.5,106.0,106.0,106.0,1.0,1060.0,5
2023-05-10 09:02:45,rb2401P3350,rb2401P3350,106.0,0.0,0.0,0.0,2,42.5,0.0,0,110.5,106.0,106.0,106.0,1.0,1060.0,5
2023-05-10 09:02:46,rb2401P3350,rb2401P3350,106.0,0.0,0.0,0.0,2,42.5,0.0,0,110.5,106.0,106.0,106.0,1.0,1060.0,5
2023-05-10 09:02:46,rb2401P3350,rb2401P3350,106.0,0.0,0.0,0.0,4,43.0,0.0,0,110.5,106.0,106.0,106.0,1.0,1060.0,5
2023-05-10 09:02:50,rb2401P3350,rb2401P3350,106.0,0.0,0.0,0.0,4,43.0,0.0,0,110.5,106.0,106.0,106.0,1.0,1060.0,5
2023-05-10 09:02:51,rb2401P3350,rb2401P3350,106.0,0.0,0.0,0.0,2,43.5,0.0,0,110.5,106.0,106.0,106.0,1.0,1060.0,5
2023-05-10 09:02:51,rb2401P3350,rb2401P3350,106.0,0.0,0.0,0.0,2,43.5,0.0,0,110.5,106.0,106.0,106.0,1.0,1060.0,5
2023-05-10 09:02:52,rb2401P3350,rb2401P3350,106.0,0.0,0.0,0.0,4,44.0,0.0,0,110.5,106.0,106.0,106.0,1.0,1060.0,5
2023-05-10 09:02:56,rb2401P3350,rb2401P3350,106.0,0.0,0.0,0.0,2,44.5,0.0,0,110.5,106.0,106.0,106.0,1.0,1060.0,5
2023-05-10 09:02:57,rb2401P3350,rb2401P3350,106.0,0.0,0.0,0.0,2,44.5,0.0,0,110.5,106.0,106.0,106.0,1.0,1060.0,5
2023-05-10 09:02:57,rb2401P3350,rb2401P3350,106.0,0.0,0.0,0.0,4,45.0,0.0,0,110.5,106.0,106.0,106.0,1.0,1060.0,5
2023-05-10 09:02:58,rb2401P3350,rb2401P3350,106.0,0.0,0.0,0.0,4,45.0,0.0,0,110.5,106.0,106.0,106.0,1.0,1060.0,5
2023-05-10 09:02:59,rb2401P3350,rb2401P3350,106.0,0.0,0.0,0.0,2,45.5,0.0,0,110.5,106.0,106.0,106.0,1.0,1060.0,5
2023-05-10 09:02:59,rb2401P3350,rb2401P3350,106.0,0.0,0.0,0.0,2,45.5,0.0,0,110.5,106.0,106.0,106.0,1.0,1060.0,5
2023-05-10 09:03:00,rb2401P3350,rb2401P3350,106.0,0.0,0.0,0.0,4,46.0,0.0,0,110.5,106.0,106.0,106.0,1.0,1060.0,5
2023-05-10 09:03:01,rb2401P3350,rb2401P3350,106.0,0.0,0.0,0.0,4,46.0,0.0,0,110.5,106.0,106.0,106.0,1.0,1060.0,5
2023-05-10 09:03:01,rb2401P3350,rb2401P3350,106.0,0.0,0.0,0.0,2,46.5,0.0,0,110.5,106.0,106.0,106.0,1.0,1060.0,5
2023-05-10 09:03:02,rb2401P3350,rb2401P3350,106.0,0.0,0.0,0.0,2,46.5,0.0,0,110.5,106.0,106.0,106.0,1.0,1060.0,5
2023-05-10 09:03:02,rb2401P3350,rb2401P3350,106.0,0.0,0.0,0.0,4,47.0,0.0,0,110.5,106.0,106.0,106.0,1.0,1060.0,5
2023-05-10 09:03:03,rb2401P3350,rb2401P3350,106.0,0.0,0.0,0.0,2,47.5,0.0,0,110.5,106.0,106.0,106.0,1.0,1060.0,5
2023-05-10 09:03:04,rb2401P3350,rb2401P3350,106.0,0.0,0.0,0.0,2,47.5,0.0,0,110.5,106.0,106.0,106.0,1.0,1060.0,5
2023-05-10 09:03:04,rb2401P3350,rb2401P3350,106.0,0.0,0.0,0.0,4,48.0,0.0,0,110.5,106.0,106.0,106.0,1.0,1060.0,5
2023-05-10 09:03:07,rb2401P3350,rb2401P3350,106.0,0.0,0.0,0.0,2,48.5,0.0,0,110.5,106.0,106.0,106.0,1.0,1060.0,5
2023-05-10 09:03:08,rb2401P3350,rb2401P3350,106.0,0.0,0.0,0.0,2,48.5,0.0,0,110.5,106.0,106.0,106.0,1.0,1060.0,5
2023-05-10 09:03:08,rb2401P3350,rb2401P3350,106.0,0.0,0.0,0.0,4,49.0,0.0,0,110.5,106.0,106.0,106.0,1.0,1060.0,5
2023-05-10 09:03:09,rb2401P3350,rb2401P3350,106.0,0.0,0.0,0.0,4,49.0,0.0,0,110.5,106.0,106.0,106.0,1.0,1060.0,5
2023-05-10 09:03:09,rb2401P3350,rb2401P3350,106.0,0.0,0.0,0.0,2,49.5,0.0,0,110.5,106.0,106.0,106.0,1.0,1060.0,5
2023-05-10 09:03:10,rb2401P3350,rb2401P3350,106.0,0.0,0.0,0.0,2,49.5,0.0,0,110.5,106.0,106.0,106.0,1.0,1060.0,5
2023-05-10 09:03:10,rb2401P3350,rb2401P3350,106.0,0.0,0.0,0.0,4,50.0,0.0,0,110.5,106.0,106.0,106.0,1.0,1060.0,5
2023-05-10 09:03:11,rb2401P3350,rb2401P3350,106.0,0.0,0.0,0.0,2,50.5,0.0,0,110.5,106.0,106.0,106.0,1.0,1060.0,5
2023-05-10 09:03:12,rb2401P3350,rb2401P3350,106.0,0.0,0.0,0.0,2,50.5,0.0,0,110.5,106.0,106.0,106.0,1.0,1060.0,5
2023-05-10 09:03:12,rb2401P3350,rb2401P3350,106.0,0.0,0.0,0.0,4,51.0,0.0,0,110.5,106.0,106.0,106.0,1.0,1060.0,5
2023-05-10 09:03:14,rb2401P3350,rb2401P3350,106.0,0.0,0.0,0.0,2,51.5,0.0,0,110.5,106.0,106.0,106.0,1.0,1060.0,5
2023-05-10 09:03:15,rb2401P3350,rb2401P3350,106.0,0.0,0.0,0.0,2,51.5,0.0,0,110.5,106.0,106.0,106.0,1.0,1060.0,5
2023-05-10 09:03:15,rb2401P3350,rb2401P3350,106.0,0.0,0.0,0.0,4,52.0,0.0,0,110.5,106.0,106.0,106.0,1.0,1060.0,5
2023-05-10 09:03:16,rb2401P3350,rb2401P3350,106.0,0.0,0.0,0.0,2,52.5,0.0,0,110.5,106.0,106.0,106.0,1.0,1060.0,5
2023-05-10 09:03:16,rb2401P3350,rb2401P3350,106.0,0.0,0.0,0.0,2,52.5,0.0,0,110.5,106.0,106.0,106.0,1.0,1060.0,5
2023-05-10 09:03:17,rb2401P3350,rb2401P3350,106.0,0.0,0.0,0.0,4,53.0,0.0,0,110.5,106.0,106.0,106.0,1.0,1060.0,5
2023-05-10 09:03:17,rb2401P3350,rb2401P3350,106.0,0.0,0.0,0.0,2,53.5,0.0,0,110.5,106.0,106.0,106.0,1.0,1060.0,5
2023-05-10 09:03:18,rb2401P3350,rb2401P3350,106.0,0.0,0.0,0.0,2,53.5,0.0,0,110.5,106.0,106.0,106.0,1.0,1060.0,5
2023-05-10 09:03:18,rb2401P3350,rb2401P3350,106.0,0.0,0.0,0.0,4,54.0,0.0,0,110.5,106.0,106.0,106.0,1.0,1060.0,5
2023-05-10 09:03:19,rb2401P3350,rb2401P3350,106.0,0.0,0.0,0.0,4,54.0,0.0,0,110.5,106.0,106.0,106.0,1.0,1060.0,5
2023-05-10 09:03:19,rb2401P3350,rb2401P3350,106.0,0.0,0.0,0.0,2,54.5,0.0,0,110.5,106.0,106.0,106.0,1.0,1060.0,5
2023-05-10 09:03:20,rb2401P3350,rb2401P3350,106.0,0.0,0.0,0.0,2,54.5,0.0,0,110.5,106.0,106.0,106.0,1.0,1060.0,5
2023-05-10 09:03:20,rb2401P3350,rb2401P3350,106.0,0.0,0.0,0.0,4,55.0,0.0,0,110.5,106.0,106.0,106.0,1.0,1060.0,5
2023-05-10 09:03:21,rb2401P3350,rb2401P3350,106.0,0.0,0.0,0.0,2,55.5,0.0,0,110.5,106.0,106.0,106.0,1.0,1060.0,5
2023-05-10 09:03:21,rb2401P3350,rb2401P3350,106.0,0.0,0.0,0.0,2,55.5,0.0,0,110.5,106.0,106.0,106.0,1.0,1060.0,5
2023-05-10 09:03:22,rb2401P3350,rb2401P3350,106.0,0.0,0.0,0.0,4,56.0,0.0,0,110.5,106.0,106.0,106.0,1.0,1060.0,5
2023-05-10 09:03:22,rb2401P3350,rb2401P3350,106.0,0.0,0.0,0.0,4,56.0,0.0,0,110.5,106.0,106.0,106.0,1.0,1060.0,5
2023-05-10 09:06:02,rb2401P3350,rb2401P3350,106.0,0.0,0.0,0.0,4,56.0,0.0,0,110.5,106.0,106.0,106.0,1.0,1060.0,5
2023-05-10 09:07:42,rb2401P3350,rb2401P3350,106.0,0.0,0.0,0.0,1,100.0,114.0,1,110.5,106.0,106.0,106.0,1.0,1060.0,5
2023-05-10 09:07:43,rb2401P3350,rb2401P3350,106.0,0.0,0.0,0.0,1,100.0,114.0,1,110.5,106.0,106.0,106.0,1.0,1060.0,5
2023-05-10 09:07:43,rb2401P3350,rb2401P3350,106.0,0.0,0.0,0.0,2,100.0,114.0,2,110.5,106.0,106.0,106.0,1.0,1060.0,5
2023-05-10 09:07:52,rb2401P3350,rb2401P3350,106.0,0.0,0.0,0.0,3,100.0,114.0,3,110.5,106.0,106.0,106.0,1.0,1060.0,5
2023-05-10 09:07:54,rb2401P3350,rb2401P3350,106.0,0.0,0.0,0.0,3,100.0,114.0,4,110.5,106.0,106.0,106.0,1.0,1060.0,5
2023-05-10 09:07:55,rb2401P3350,rb2401P3350,106.0,0.0,0.0,0.0,3,100.0,114.0,4,110.5,106.0,106.0,106.0,1.0,1060.0,5
2023-05-10 09:07:57,rb2401P3350,rb2401P3350,106.0,0.0,0.0,0.0,1,102.5,105.5,1,110.5,106.0,106.0,106.0,1.0,1060.0,5
2023-05-10 09:07:58,rb2401P3350,rb2401P3350,106.0,0.0,0.0,0.0,1,102.5,105.5,1,110.5,106.0,106.0,106.0,1.0,1060.0,5
2023-05-10 09:07:58,rb2401P3350,rb2401P3350,106.0,0.0,0.0,0.0,1,102.5,105.5,1,110.5,106.0,106.0,106.0,1.0,1060.0,5
2023-05-10 09:07:59,rb2401P3350,rb2401P3350,106.0,0.0,0.0,0.0,1,102.5,105.5,1,110.5,106.0,106.0,106.0,1.0,1060.0,5
2023-05-10 09:08:00,rb2401P3350,rb2401P3350,106.0,0.0,0.0,0.0,1,102.5,105.5,1,110.5,106.0,106.0,106.0,1.0,1060.0,5
2023-05-10 09:08:05,rb2401P3350,rb2401P3350,106.0,0.0,0.0,0.0,1,102.5,105.5,1,110.5,106.0,106.0,106.0,1.0,1060.0,5
2023-05-10 09:08:06,rb2401P3350,rb2401P3350,106.0,0.0,0.0,0.0,1,102.5,105.5,1,110.5,106.0,106.0,106.0,1.0,1060.0,5
2023-05-10 09:08:08,rb2401P3350,rb2401P3350,106.0,0.0,0.0,0.0,1,101.5,106.5,1,110.5,106.0,106.0,106.0,1.0,1060.0,5
2023-05-10 09:08:09,rb2401P3350,rb2401P3350,106.0,0.0,0.0,0.0,1,101.5,106.5,1,110.5,106.0,106.0,106.0,1.0,1060.0,5
2023-05-10 09:08:09,rb2401P3350,rb2401P3350,106.0,0.0,0.0,0.0,1,100.5,107.5,1,110.5,106.0,106.0,106.0,1.0,1060.0,5
2023-05-10 09:08:10,rb2401P3350,rb2401P3350,106.0,0.0,0.0,0.0,1,100.5,107.5,1,110.5,106.0,106.0,106.0,1.0,1060.0,5
2023-05-10 09:08:12,rb2401P3350,rb2401P3350,106.0,0.0,0.0,0.0,1,3.5,0.0,0,110.5,106.0,106.0,106.0,1.0,1060.0,5
2023-05-10 09:08:13,rb2401P3350,rb2401P3350,106.0,0.0,0.0,0.0,2,11.5,0.0,0,110.5,106.0,106.0,106.0,1.0,1060.0,5
2023-05-10 09:08:13,rb2401P3350,rb2401P3350,106.0,0.0,0.0,0.0,2,11.5,0.0,0,110.5,106.0,106.0,106.0,1.0,1060.0,5
2023-05-10 09:08:14,rb2401P3350,rb2401P3350,106.0,0.0,0.0,0.0,4,12.0,0.0,0,110.5,106.0,106.0,106.0,1.0,1060.0,5
2023-05-10 09:08:14,rb2401P3350,rb2401P3350,106.0,0.0,0.0,0.0,2,20.0,0.0,0,110.5,106.0,106.0,106.0,1.0,1060.0,5
2023-05-10 09:08:15,rb2401P3350,rb2401P3350,106.0,0.0,0.0,0.0,2,20.0,0.0,0,110.5,106.0,106.0,106.0,1.0,1060.0,5
2023-05-10 09:08:15,rb2401P3350,rb2401P3350,106.0,0.0,0.0,0.0,4,20.5,0.0,0,110.5,106.0,106.0,106.0,1.0,1060.0,5
2023-05-10 09:08:16,rb2401P3350,rb2401P3350,106.0,0.0,0.0,0.0,2,28.5,0.0,0,110.5,106.0,106.0,106.0,1.0,1060.0,5
2023-05-10 09:08:16,rb2401P3350,rb2401P3350,106.0,0.0,0.0,0.0,2,28.5,0.0,0,110.5,106.0,106.0,106.0,1.0,1060.0,5
2023-05-10 09:08:17,rb2401P3350,rb2401P3350,106.0,0.0,0.0,0.0,4,29.0,0.0,0,110.5,106.0,106.0,106.0,1.0,1060.0,5
2023-05-10 09:08:17,rb2401P3350,rb2401P3350,106.0,0.0,0.0,0.0,2,37.0,0.0,0,110.5,106.0,106.0,106.0,1.0,1060.0,5
2023-05-10 09:08:18,rb2401P3350,rb2401P3350,106.0,0.0,0.0,0.0,2,37.0,0.0,0,110.5,106.0,106.0,106.0,1.0,1060.0,5
2023-05-10 09:08:18,rb2401P3350,rb2401P3350,106.0,0.0,0.0,0.0,4,37.5,0.0,0,110.5,106.0,106.0,106.0,1.0,1060.0,5
2023-05-10 09:08:19,rb2401P3350,rb2401P3350,106.0,0.0,0.0,0.0,2,45.5,0.0,0,110.5,106.0,106.0,106.0,1.0,1060.0,5
2023-05-10 09:08:19,rb2401P3350,rb2401P3350,106.0,0.0,0.0,0.0,2,45.5,0.0,0,110.5,106.0,106.0,106.0,1.0,1060.0,5
2023-05-10 09:08:20,rb2401P3350,rb2401P3350,106.0,0.0,0.0,0.0,4,46.0,0.0,0,110.5,106.0,106.0,106.0,1.0,1060.0,5
2023-05-10 09:08:20,rb2401P3350,rb2401P3350,106.0,0.0,0.0,0.0,2,50.0,0.0,0,110.5,106.0,106.0,106.0,1.0,1060.0,5
2023-05-10 09:08:21,rb2401P3350,rb2401P3350,106.0,0.0,0.0,0.0,2,50.0,0.0,0,110.5,106.0,106.0,106.0,1.0,1060.0,5
2023-05-10 09:08:21,rb2401P3350,rb2401P3350,106.0,0.0,0.0,0.0,4,50.5,0.0,0,110.5,106.0,106.0,106.0,1.0,1060.0,5
2023-05-10 09:08:22,rb2401P3350,rb2401P3350,106.0,0.0,0.0,0.0,2,51.0,0.0,0,110.5,106.0,106.0,106.0,1.0,1060.0,5
2023-05-10 09:08:22,rb2401P3350,rb2401P3350,106.0,0.0,0.0,0.0,2,51.0,0.0,0,110.5,106.0,106.0,106.0,1.0,1060.0,5
2023-05-10 09:08:23,rb2401P3350,rb2401P3350,106.0,0.0,0.0,0.0,4,51.5,0.0,0,110.5,106.0,106.0,106.0,1.0,1060.0,5
2023-05-10 09:08:23,rb2401P3350,rb2401P3350,106.0,0.0,0.0,0.0,2,52.0,0.0,0,110.5,106.0,106.0,106.0,1.0,1060.0,5
2023-05-10 09:08:24,rb2401P3350,rb2401P3350,106.0,0.0,0.0,0.0,2,52.0,0.0,0,110.5,106.0,106.0,106.0,1.0,1060.0,5
2023-05-10 09:08:24,rb2401P3350,rb2401P3350,106.0,0.0,0.0,0.0,4,52.5,0.0,0,110.5,106.0,106.0,106.0,1.0,1060.0,5
2023-05-10 09:08:25,rb2401P3350,rb2401P3350,106.0,0.0,0.0,0.0,2,53.0,0.0,0,110.5,106.0,106.0,106.0,1.0,1060.0,5
2023-05-10 09:08:25,rb2401P3350,rb2401P3350,106.0,0.0,0.0,0.0,2,53.0,0.0,0,110.5,106.0,106.0,106.0,1.0,1060.0,5
2023-05-10 09:08:26,rb2401P3350,rb2401P3350,106.0,0.0,0.0,0.0,4,53.5,0.0,0,110.5,106.0,106.0,106.0,1.0,1060.0,5
2023-05-10 09:08:26,rb2401P3350,rb2401P3350,106.0,0.0,0.0,0.0,4,53.5,0.0,0,110.5,106.0,106.0,106.0,1.0,1060.0,5
2023-05-10 09:26:32,rb2401P3350,rb2401P3350,106.0,0.0,0.0,0.0,1,99.5,109.0,1,110.5,106.0,106.0,106.0,1.0,1060.0,5
2023-05-10 09:26:32,rb2401P3350,rb2401P3350,106.0,0.0,0.0,0.0,2,99.5,109.0,2,110.5,106.0,106.0,106.0,1.0,1060.0,5
2023-05-10 09:26:33,rb2401P3350,rb2401P3350,106.0,0.0,0.0,0.0,3,99.5,109.0,3,110.5,106.0,106.0,106.0,1.0,1060.0,5
2023-05-10 09:26:38,rb2401P3350,rb2401P3350,106.0,0.0,0.0,0.0,3,99.5,109.0,3,110.5,106.0,106.0,106.0,1.0,1060.0,5
2023-05-10 09:26:42,rb2401P3350,rb2401P3350,106.0,0.0,0.0,0.0,1,102.5,106.0,1,110.5,106.0,106.0,106.0,1.0,1060.0,5
2023-05-10 09:26:43,rb2401P3350,rb2401P3350,106.0,0.0,0.0,0.0,1,102.5,104.0,1,110.5,106.0,106.0,106.0,1.0,1060.0,5
2023-05-10 09:26:43,rb2401P3350,rb2401P3350,106.0,0.0,0.0,0.0,1,102.5,104.0,1,110.5,106.0,106.0,106.0,1.0,1060.0,5
2023-05-10 09:26:44,rb2401P3350,rb2401P3350,106.0,0.0,0.0,0.0,1,102.5,104.0,1,110.5,106.0,106.0,106.0,1.0,1060.0,5
2023-05-10 09:26:44,rb2401P3350,rb2401P3350,106.0,0.0,0.0,0.0,1,102.5,104.0,1,110.5,106.0,106.0,106.0,1.0,1060.0,5
2023-05-10 09:26:45,rb2401P3350,rb2401P3350,106.0,0.0,0.0,0.0,1,102.5,104.0,1,110.5,106.0,106.0,106.0,1.0,1060.0,5
2023-05-10 09:26:48,rb2401P3350,rb2401P3350,106.0,0.0,0.0,0.0,1,102.5,104.0,1,110.5,106.0,106.0,106.0,1.0,1060.0,5
2023-05-10 09:26:49,rb2401P3350,rb2401P3350,106.0,0.0,0.0,0.0,1,102.5,104.0,1,110.5,106.0,106.0,106.0,1.0,1060.0,5
2023-05-10 09:26:50,rb2401P3350,rb2401P3350,106.0,0.0,0.0,0.0,1,102.5,104.0,1,110.5,106.0,106.0,106.0,1.0,1060.0,5
2023-05-10 09:26:51,rb2401P3350,rb2401P3350,106.0,0.0,0.0,0.0,1,102.5,104.0,1,110.5,106.0,106.0,106.0,1.0,1060.0,5
2023-05-10 09:26:53,rb2401P3350,rb2401P3350,106.0,0.0,0.0,0.0,2,102.0,104.0,1,110.5,106.0,106.0,106.0,1.0,1060.0,5
2023-05-10 09:26:54,rb2401P3350,rb2401P3350,106.0,0.0,0.0,0.0,2,102.0,104.5,3,110.5,106.0,106.0,106.0,1.0,1060.0,5
2023-05-10 09:26:55,rb2401P3350,rb2401P3350,106.0,0.0,0.0,0.0,1,102.0,104.5,2,110.5,106.0,106.0,106.0,1.0,1060.0,5
2023-05-10 09:26:56,rb2401P3350,rb2401P3350,106.0,0.0,0.0,0.0,1,102.0,104.5,2,110.5,106.0,106.0,106.0,1.0,1060.0,5
2023-05-10 09:26:56,rb2401P3350,rb2401P3350,106.0,0.0,0.0,0.0,1,101.5,104.5,1,110.5,106.0,106.0,106.0,1.0,1060.0,5
2023-05-10 09:27:00,rb2401P3350,rb2401P3350,106.0,0.0,0.0,0.0,1,100.0,106.5,1,110.5,106.0,106.0,106.0,1.0,1060.0,5
2023-05-10 09:27:02,rb2401P3350,rb2401P3350,106.0,0.0,0.0,0.0,1,3.5,0.0,0,110.5,106.0,106.0,106.0,1.0,1060.0,5
2023-05-10 09:27:03,rb2401P3350,rb2401P3350,106.0,0.0,0.0,0.0,4,4.0,0.0,0,110.5,106.0,106.0,106.0,1.0,1060.0,5
2023-05-10 09:27:04,rb2401P3350,rb2401P3350,106.0,0.0,0.0,0.0,2,12.0,0.0,0,110.5,106.0,106.0,106.0,1.0,1060.0,5
2023-05-10 09:27:05,rb2401P3350,rb2401P3350,106.0,0.0,0.0,0.0,2,12.0,0.0,0,110.5,106.0,106.0,106.0,1.0,1060.0,5
2023-05-10 09:27:05,rb2401P3350,rb2401P3350,106.0,0.0,0.0,0.0,4,12.5,0.0,0,110.5,106.0,106.0,106.0,1.0,1060.0,5
2023-05-10 09:27:07,rb2401P3350,rb2401P3350,106.0,0.0,0.0,0.0,2,20.5,0.0,0,110.5,106.0,106.0,106.0,1.0,1060.0,5
2023-05-10 09:27:08,rb2401P3350,rb2401P3350,106.0,0.0,0.0,0.0,2,20.5,0.0,0,110.5,106.0,106.0,106.0,1.0,1060.0,5
2023-05-10 09:27:08,rb2401P3350,rb2401P3350,106.0,0.0,0.0,0.0,4,21.0,0.0,0,110.5,106.0,106.0,106.0,1.0,1060.0,5
2023-05-10 09:27:12,rb2401P3350,rb2401P3350,106.0,0.0,0.0,0.0,2,21.5,0.0,0,110.5,106.0,106.0,106.0,1.0,1060.0,5
2023-05-10 09:27:13,rb2401P3350,rb2401P3350,106.0,0.0,0.0,0.0,2,21.5,0.0,0,110.5,106.0,106.0,106.0,1.0,1060.0,5
2023-05-10 09:27:13,rb2401P3350,rb2401P3350,106.0,0.0,0.0,0.0,4,22.0,0.0,0,110.5,106.0,106.0,106.0,1.0,1060.0,5
2023-05-10 09:27:15,rb2401P3350,rb2401P3350,106.0,0.0,0.0,0.0,2,22.5,0.0,0,110.5,106.0,106.0,106.0,1.0,1060.0,5
2023-05-10 09:27:16,rb2401P3350,rb2401P3350,106.0,0.0,0.0,0.0,2,22.5,0.0,0,110.5,106.0,106.0,106.0,1.0,1060.0,5
2023-05-10 09:27:16,rb2401P3350,rb2401P3350,106.0,0.0,0.0,0.0,4,23.0,0.0,0,110.5,106.0,106.0,106.0,1.0,1060.0,5
2023-05-10 09:27:17,rb2401P3350,rb2401P3350,106.0,0.0,0.0,0.0,2,23.5,0.0,0,110.5,106.0,106.0,106.0,1.0,1060.0,5
2023-05-10 09:27:18,rb2401P3350,rb2401P3350,106.0,0.0,0.0,0.0,2,23.5,0.0,0,110.5,106.0,106.0,106.0,1.0,1060.0,5
2023-05-10 09:27:18,rb2401P3350,rb2401P3350,106.0,0.0,0.0,0.0,4,24.0,0.0,0,110.5,106.0,106.0,106.0,1.0,1060.0,5
2023-05-10 09:27:19,rb2401P3350,rb2401P3350,106.0,0.0,0.0,0.0,2,24.5,0.0,0,110.5,106.0,106.0,106.0,1.0,1060.0,5
2023-05-10 09:27:19,rb2401P3350,rb2401P3350,106.0,0.0,0.0,0.0,4,25.0,0.0,0,110.5,106.0,106.0,106.0,1.0,1060.0,5
2023-05-10 09:27:20,rb2401P3350,rb2401P3350,106.0,0.0,0.0,0.0,2,25.5,0.0,0,110.5,106.0,106.0,106.0,1.0,1060.0,5
2023-05-10 09:27:21,rb2401P3350,rb2401P3350,106.0,0.0,0.0,0.0,2,25.5,0.0,0,110.5,106.0,106.0,106.0,1.0,1060.0,5
2023-05-10 09:27:21,rb2401P3350,rb2401P3350,106.0,0.0,0.0,0.0,4,26.0,0.0,0,110.5,106.0,106.0,106.0,1.0,1060.0,5
2023-05-10 09:27:22,rb2401P3350,rb2401P3350,106.0,0.0,0.0,0.0,2,26.5,0.0,0,110.5,106.0,106.0,106.0,1.0,1060.0,5
2023-05-10 09:27:23,rb2401P3350,rb2401P3350,106.0,0.0,0.0,0.0,2,26.5,0.0,0,110.5,106.0,106.0,106.0,1.0,1060.0,5
2023-05-10 09:27:23,rb2401P3350,rb2401P3350,106.0,0.0,0.0,0.0,4,27.0,0.0,0,110.5,106.0,106.0,106.0,1.0,1060.0,5
2023-05-10 09:27:24,rb2401P3350,rb2401P3350,106.0,0.0,0.0,0.0,4,27.0,0.0,0,110.5,106.0,106.0,106.0,1.0,1060.0,5
2023-05-10 09:27:55,rb2401P3350,rb2401P3350,106.0,0.0,0.0,0.0,2,35.0,0.0,0,110.5,106.0,106.0,106.0,1.0,1060.0,5
2023-05-10 09:27:56,rb2401P3350,rb2401P3350,106.0,0.0,0.0,0.0,2,35.0,0.0,0,110.5,106.0,106.0,106.0,1.0,1060.0,5
2023-05-10 09:27:56,rb2401P3350,rb2401P3350,106.0,0.0,0.0,0.0,4,35.5,0.0,0,110.5,106.0,106.0,106.0,1.0,1060.0,5
2023-05-10 09:27:57,rb2401P3350,rb2401P3350,106.0,0.0,0.0,0.0,2,39.5,0.0,0,110.5,106.0,106.0,106.0,1.0,1060.0,5
2023-05-10 09:27:57,rb2401P3350,rb2401P3350,106.0,0.0,0.0,0.0,2,39.5,0.0,0,110.5,106.0,106.0,106.0,1.0,1060.0,5
2023-05-10 09:27:58,rb2401P3350,rb2401P3350,106.0,0.0,0.0,0.0,4,40.0,0.0,0,110.5,106.0,106.0,106.0,1.0,1060.0,5
2023-05-10 09:27:58,rb2401P3350,rb2401P3350,106.0,0.0,0.0,0.0,2,40.5,0.0,0,110.5,106.0,106.0,106.0,1.0,1060.0,5
2023-05-10 09:27:59,rb2401P3350,rb2401P3350,106.0,0.0,0.0,0.0,2,40.5,0.0,0,110.5,106.0,106.0,106.0,1.0,1060.0,5
2023-05-10 09:27:59,rb2401P3350,rb2401P3350,106.0,0.0,0.0,0.0,4,41.0,0.0,0,110.5,106.0,106.0,106.0,1.0,1060.0,5
2023-05-10 09:28:00,rb2401P3350,rb2401P3350,106.0,0.0,0.0,0.0,4,41.0,0.0,0,110.5,106.0,106.0,106.0,1.0,1060.0,5
2023-05-10 09:28:00,rb2401P3350,rb2401P3350,106.0,0.0,0.0,0.0,2,41.5,0.0,0,110.5,106.0,106.0,106.0,1.0,1060.0,5
2023-05-10 09:28:01,rb2401P3350,rb2401P3350,106.0,0.0,0.0,0.0,2,41.5,0.0,0,110.5,106.0,106.0,106.0,1.0,1060.0,5
2023-05-10 09:28:01,rb2401P3350,rb2401P3350,106.0,0.0,0.0,0.0,4,42.0,0.0,0,110.5,106.0,106.0,106.0,1.0,1060.0,5
2023-05-10 09:28:02,rb2401P3350,rb2401P3350,106.0,0.0,0.0,0.0,2,42.5,0.0,0,110.5,106.0,106.0,106.0,1.0,1060.0,5
2023-05-10 09:28:02,rb2401P3350,rb2401P3350,106.0,0.0,0.0,0.0,2,42.5,0.0,0,110.5,106.0,106.0,106.0,1.0,1060.0,5
2023-05-10 09:28:03,rb2401P3350,rb2401P3350,106.0,0.0,0.0,0.0,4,43.0,0.0,0,110.5,106.0,106.0,106.0,1.0,1060.0,5
2023-05-10 09:28:03,rb2401P3350,rb2401P3350,106.0,0.0,0.0,0.0,2,43.5,0.0,0,110.5,106.0,106.0,106.0,1.0,1060.0,5
2023-05-10 09:28:04,rb2401P3350,rb2401P3350,106.0,0.0,0.0,0.0,2,43.5,0.0,0,110.5,106.0,106.0,106.0,1.0,1060.0,5
2023-05-10 09:28:04,rb2401P3350,rb2401P3350,106.0,0.0,0.0,0.0,4,44.0,0.0,0,110.5,106.0,106.0,106.0,1.0,1060.0,5
2023-05-10 09:28:05,rb2401P3350,rb2401P3350,106.0,0.0,0.0,0.0,2,44.5,0.0,0,110.5,106.0,106.0,106.0,1.0,1060.0,5
2023-05-10 09:28:05,rb2401P3350,rb2401P3350,106.0,0.0,0.0,0.0,2,44.5,0.0,0,110.5,106.0,106.0,106.0,1.0,1060.0,5
2023-05-10 09:28:06,rb2401P3350,rb2401P3350,106.0,0.0,0.0,0.0,4,45.0,0.0,0,110.5,106.0,106.0,106.0,1.0,1060.0,5
2023-05-10 09:28:06,rb2401P3350,rb2401P3350,106.0,0.0,0.0,0.0,2,45.5,0.0,0,110.5,106.0,106.0,106.0,1.0,1060.0,5
2023-05-10 09:28:07,rb2401P3350,rb2401P3350,106.0,0.0,0.0,0.0,2,45.5,0.0,0,110.5,106.0,106.0,106.0,1.0,1060.0,5
2023-05-10 09:28:07,rb2401P3350,rb2401P3350,106.0,0.0,0.0,0.0,4,46.0,0.0,0,110.5,106.0,106.0,106.0,1.0,1060.0,5
2023-05-10 09:28:08,rb2401P3350,rb2401P3350,106.0,0.0,0.0,0.0,4,46.0,0.0,0,110.5,106.0,106.0,106.0,1.0,1060.0,5
2023-05-10 09:28:14,rb2401P3350,rb2401P3350,106.0,0.0,0.0,0.0,2,46.5,0.0,0,110.5,106.0,106.0,106.0,1.0,1060.0,5
2023-05-10 09:28:15,rb2401P3350,rb2401P3350,106.0,0.0,0.0,0.0,2,46.5,0.0,0,110.5,106.0,106.0,106.0,1.0,1060.0,5
2023-05-10 09:28:15,rb2401P3350,rb2401P3350,106.0,0.0,0.0,0.0,4,47.0,0.0,0,110.5,106.0,106.0,106.0,1.0,1060.0,5
2023-05-10 09:28:16,rb2401P3350,rb2401P3350,106.0,0.0,0.0,0.0,2,47.5,0.0,0,110.5,106.0,106.0,106.0,1.0,1060.0,5
2023-05-10 09:28:17,rb2401P3350,rb2401P3350,106.0,0.0,0.0,0.0,2,47.5,0.0,0,110.5,106.0,106.0,106.0,1.0,1060.0,5
2023-05-10 09:28:17,rb2401P3350,rb2401P3350,106.0,0.0,0.0,0.0,4,48.0,0.0,0,110.5,106.0,106.0,106.0,1.0,1060.0,5
2023-05-10 09:28:18,rb2401P3350,rb2401P3350,106.0,0.0,0.0,0.0,2,48.5,0.0,0,110.5,106.0,106.0,106.0,1.0,1060.0,5
2023-05-10 09:28:18,rb2401P3350,rb2401P3350,106.0,0.0,0.0,0.0,2,48.5,0.0,0,110.5,106.0,106.0,106.0,1.0,1060.0,5
2023-05-10 09:28:19,rb2401P3350,rb2401P3350,106.0,0.0,0.0,0.0,4,49.0,0.0,0,110.5,106.0,106.0,106.0,1.0,1060.0,5
2023-05-10 09:28:19,rb2401P3350,rb2401P3350,106.0,0.0,0.0,0.0,2,49.5,0.0,0,110.5,106.0,106.0,106.0,1.0,1060.0,5
2023-05-10 09:28:20,rb2401P3350,rb2401P3350,106.0,0.0,0.0,0.0,2,49.5,0.0,0,110.5,106.0,106.0,106.0,1.0,1060.0,5
2023-05-10 09:28:20,rb2401P3350,rb2401P3350,106.0,0.0,0.0,0.0,4,50.0,0.0,0,110.5,106.0,106.0,106.0,1.0,1060.0,5
2023-05-10 09:28:21,rb2401P3350,rb2401P3350,106.0,0.0,0.0,0.0,2,50.5,0.0,0,110.5,106.0,106.0,106.0,1.0,1060.0,5
2023-05-10 09:28:21,rb2401P3350,rb2401P3350,106.0,0.0,0.0,0.0,2,50.5,0.0,0,110.5,106.0,106.0,106.0,1.0,1060.0,5
2023-05-10 09:28:22,rb2401P3350,rb2401P3350,106.0,0.0,0.0,0.0,4,51.0,0.0,0,110.5,106.0,106.0,106.0,1.0,1060.0,5
2023-05-10 09:28:22,rb2401P3350,rb2401P3350,106.0,0.0,0.0,0.0,2,51.5,0.0,0,110.5,106.0,106.0,106.0,1.0,1060.0,5
2023-05-10 09:28:23,rb2401P3350,rb2401P3350,106.0,0.0,0.0,0.0,2,51.5,0.0,0,110.5,106.0,106.0,106.0,1.0,1060.0,5
2023-05-10 09:28:23,rb2401P3350,rb2401P3350,106.0,0.0,0.0,0.0,4,52.0,0.0,0,110.5,106.0,106.0,106.0,1.0,1060.0,5
2023-05-10 09:28:24,rb2401P3350,rb2401P3350,106.0,0.0,0.0,0.0,2,52.5,0.0,0,110.5,106.0,106.0,106.0,1.0,1060.0,5
2023-05-10 09:28:24,rb2401P3350,rb2401P3350,106.0,0.0,0.0,0.0,2,52.5,0.0,0,110.5,106.0,106.0,106.0,1.0,1060.0,5
2023-05-10 09:28:25,rb2401P3350,rb2401P3350,106.0,0.0,0.0,0.0,4,53.0,0.0,0,110.5,106.0,106.0,106.0,1.0,1060.0,5
2023-05-10 09:28:25,rb2401P3350,rb2401P3350,106.0,0.0,0.0,0.0,2,53.5,0.0,0,110.5,106.0,106.0,106.0,1.0,1060.0,5
2023-05-10 09:28:26,rb2401P3350,rb2401P3350,106.0,0.0,0.0,0.0,2,53.5,0.0,0,110.5,106.0,106.0,106.0,1.0,1060.0,5
2023-05-10 09:28:26,rb2401P3350,rb2401P3350,106.0,0.0,0.0,0.0,4,54.0,0.0,0,110.5,106.0,106.0,106.0,1.0,1060.0,5
2023-05-10 09:28:27,rb2401P3350,rb2401P3350,106.0,0.0,0.0,0.0,2,54.5,0.0,0,110.5,106.0,106.0,106.0,1.0,1060.0,5
2023-05-10 09:28:27,rb2401P3350,rb2401P3350,106.0,0.0,0.0,0.0,2,54.5,0.0,0,110.5,106.0,106.0,106.0,1.0,1060.0,5
2023-05-10 09:28:28,rb2401P3350,rb2401P3350,106.0,0.0,0.0,0.0,4,55.0,0.0,0,110.5,106.0,106.0,106.0,1.0,1060.0,5
2023-05-10 09:28:28,rb2401P3350,rb2401P3350,106.0,0.0,0.0,0.0,2,55.5,0.0,0,110.5,106.0,106.0,106.0,1.0,1060.0,5
2023-05-10 09:28:29,rb2401P3350,rb2401P3350,106.0,0.0,0.0,0.0,2,55.5,0.0,0,110.5,106.0,106.0,106.0,1.0,1060.0,5
2023-05-10 09:28:29,rb2401P3350,rb2401P3350,106.0,0.0,0.0,0.0,4,56.0,0.0,0,110.5,106.0,106.0,106.0,1.0,1060.0,5
2023-05-10 09:28:30,rb2401P3350,rb2401P3350,106.0,0.0,0.0,0.0,4,56.0,0.0,0,110.5,106.0,106.0,106.0,1.0,1060.0,5
2023-05-10 09:31:55,rb2401P3350,rb2401P3350,106.0,0.0,0.0,0.0,4,56.0,0.0,0,110.5,106.0,106.0,106.0,1.0,1060.0,5
2023-05-10 09:34:30,rb2401P3350,rb2401P3350,106.0,0.0,0.0,0.0,4,56.0,0.0,0,110.5,106.0,106.0,106.0,1.0,1060.0,5
2023-05-10 09:35:04,rb2401P3350,rb2401P3350,106.0,0.0,0.0,0.0,4,56.0,0.0,0,110.5,106.0,106.0,106.0,1.0,1060.0,5
2023-05-10 09:35:17,rb2401P3350,rb2401P3350,106.0,0.0,0.0,0.0,4,56.0,0.0,0,110.5,106.0,106.0,106.0,1.0,1060.0,5
2023-05-10 09:35:52,rb2401P3350,rb2401P3350,106.0,0.0,0.0,0.0,2,64.0,0.0,0,110.5,106.0,106.0,106.0,1.0,1060.0,5
2023-05-10 09:35:53,rb2401P3350,rb2401P3350,106.0,0.0,0.0,0.0,2,64.0,0.0,0,110.5,106.0,106.0,106.0,1.0,1060.0,5
2023-05-10 09:35:53,rb2401P3350,rb2401P3350,106.0,0.0,0.0,0.0,4,64.5,0.0,0,110.5,106.0,106.0,106.0,1.0,1060.0,5
2023-05-10 09:35:54,rb2401P3350,rb2401P3350,106.0,0.0,0.0,0.0,2,68.5,0.0,0,110.5,106.0,106.0,106.0,1.0,1060.0,5
2023-05-10 09:35:54,rb2401P3350,rb2401P3350,106.0,0.0,0.0,0.0,2,68.5,0.0,0,110.5,106.0,106.0,106.0,1.0,1060.0,5
2023-05-10 09:35:55,rb2401P3350,rb2401P3350,106.0,0.0,0.0,0.0,4,69.0,0.0,0,110.5,106.0,106.0,106.0,1.0,1060.0,5
2023-05-10 09:35:55,rb2401P3350,rb2401P3350,106.0,0.0,0.0,0.0,2,69.5,0.0,0,110.5,106.0,106.0,106.0,1.0,1060.0,5
2023-05-10 09:35:56,rb2401P3350,rb2401P3350,106.0,0.0,0.0,0.0,2,69.5,0.0,0,110.5,106.0,106.0,106.0,1.0,1060.0,5
2023-05-10 09:35:56,rb2401P3350,rb2401P3350,106.0,0.0,0.0,0.0,4,70.0,0.0,0,110.5,106.0,106.0,106.0,1.0,1060.0,5
2023-05-10 09:35:57,rb2401P3350,rb2401P3350,106.0,0.0,0.0,0.0,2,70.5,0.0,0,110.5,106.0,106.0,106.0,1.0,1060.0,5
2023-05-10 09:35:57,rb2401P3350,rb2401P3350,106.0,0.0,0.0,0.0,2,70.5,0.0,0,110.5,106.0,106.0,106.0,1.0,1060.0,5
2023-05-10 09:35:58,rb2401P3350,rb2401P3350,106.0,0.0,0.0,0.0,4,71.0,0.0,0,110.5,106.0,106.0,106.0,1.0,1060.0,5
2023-05-10 09:35:58,rb2401P3350,rb2401P3350,106.0,0.0,0.0,0.0,2,71.5,0.0,0,110.5,106.0,106.0,106.0,1.0,1060.0,5
2023-05-10 09:35:59,rb2401P3350,rb2401P3350,106.0,0.0,0.0,0.0,2,71.5,0.0,0,110.5,106.0,106.0,106.0,1.0,1060.0,5
2023-05-10 09:35:59,rb2401P3350,rb2401P3350,106.0,0.0,0.0,0.0,4,72.0,0.0,0,110.5,106.0,106.0,106.0,1.0,1060.0,5
2023-05-10 09:36:00,rb2401P3350,rb2401P3350,106.0,0.0,0.0,0.0,2,72.5,0.0,0,110.5,106.0,106.0,106.0,1.0,1060.0,5
2023-05-10 09:36:00,rb2401P3350,rb2401P3350,106.0,0.0,0.0,0.0,2,72.5,0.0,0,110.5,106.0,106.0,106.0,1.0,1060.0,5
2023-05-10 09:36:01,rb2401P3350,rb2401P3350,106.0,0.0,0.0,0.0,4,73.0,0.0,0,110.5,106.0,106.0,106.0,1.0,1060.0,5
2023-05-10 09:36:01,rb2401P3350,rb2401P3350,106.0,0.0,0.0,0.0,4,73.0,0.0,0,110.5,106.0,106.0,106.0,1.0,1060.0,5
2023-05-10 09:36:02,rb2401P3350,rb2401P3350,106.0,0.0,0.0,0.0,2,73.5,0.0,0,110.5,106.0,106.0,106.0,1.0,1060.0,5
2023-05-10 09:36:03,rb2401P3350,rb2401P3350,106.0,0.0,0.0,0.0,2,73.5,0.0,0,110.5,106.0,106.0,106.0,1.0,1060.0,5
2023-05-10 09:36:03,rb2401P3350,rb2401P3350,106.0,0.0,0.0,0.0,4,74.0,0.0,0,110.5,106.0,106.0,106.0,1.0,1060.0,5
2023-05-10 09:36:04,rb2401P3350,rb2401P3350,106.0,0.0,0.0,0.0,2,74.5,0.0,0,110.5,106.0,106.0,106.0,1.0,1060.0,5
2023-05-10 09:36:04,rb2401P3350,rb2401P3350,106.0,0.0,0.0,0.0,2,74.5,0.0,0,110.5,106.0,106.0,106.0,1.0,1060.0,5
2023-05-10 09:36:05,rb2401P3350,rb2401P3350,106.0,0.0,0.0,0.0,4,75.0,0.0,0,110.5,106.0,106.0,106.0,1.0,1060.0,5
2023-05-10 09:36:05,rb2401P3350,rb2401P3350,106.0,0.0,0.0,0.0,2,75.5,0.0,0,110.5,106.0,106.0,106.0,1.0,1060.0,5
2023-05-10 09:36:06,rb2401P3350,rb2401P3350,106.0,0.0,0.0,0.0,2,75.5,0.0,0,110.5,106.0,106.0,106.0,1.0,1060.0,5
2023-05-10 09:36:06,rb2401P3350,rb2401P3350,106.0,0.0,0.0,0.0,4,76.0,0.0,0,110.5,106.0,106.0,106.0,1.0,1060.0,5
2023-05-10 09:36:07,rb2401P3350,rb2401P3350,106.0,0.0,0.0,0.0,2,76.5,0.0,0,110.5,106.0,106.0,106.0,1.0,1060.0,5
2023-05-10 09:36:07,rb2401P3350,rb2401P3350,106.0,0.0,0.0,0.0,2,76.5,0.0,0,110.5,106.0,106.0,106.0,1.0,1060.0,5
2023-05-10 09:36:08,rb2401P3350,rb2401P3350,106.0,0.0,0.0,0.0,4,77.0,0.0,0,110.5,106.0,106.0,106.0,1.0,1060.0,5
2023-05-10 09:36:08,rb2401P3350,rb2401P3350,106.0,0.0,0.0,0.0,4,77.0,0.0,0,110.5,106.0,106.0,106.0,1.0,1060.0,5
2023-05-10 09:39:02,rb2401P3350,rb2401P3350,106.0,0.0,0.0,0.0,2,77.5,0.0,0,110.5,106.0,106.0,106.0,1.0,1060.0,5
2023-05-10 09:39:02,rb2401P3350,rb2401P3350,106.0,0.0,0.0,0.0,2,77.5,0.0,0,110.5,106.0,106.0,106.0,1.0,1060.0,5
2023-05-10 09:39:03,rb2401P3350,rb2401P3350,106.0,0.0,0.0,0.0,4,78.0,0.0,0,110.5,106.0,106.0,106.0,1.0,1060.0,5
2023-05-10 09:39:03,rb2401P3350,rb2401P3350,106.0,0.0,0.0,0.0,4,78.0,0.0,0,110.5,106.0,106.0,106.0,1.0,1060.0,5
2023-05-10 09:39:23,rb2401P3350,rb2401P3350,106.0,0.0,0.0,0.0,4,78.0,0.0,0,110.5,106.0,106.0,106.0,1.0,1060.0,5
2023-05-10 09:40:06,rb2401P3350,rb2401P3350,106.0,0.0,0.0,0.0,4,78.0,0.0,0,110.5,106.0,106.0,106.0,1.0,1060.0,5
2023-05-10 09:43:04,rb2401P3350,rb2401P3350,106.0,0.0,0.0,0.0,4,78.0,0.0,0,110.5,106.0,106.0,106.0,1.0,1060.0,5
2023-05-10 09:45:41,rb2401P3350,rb2401P3350,106.0,0.0,0.0,0.0,4,78.0,0.0,0,110.5,106.0,106.0,106.0,1.0,1060.0,5
2023-05-10 10:14:33,rb2401P3350,rb2401P3350,106.0,0.0,0.0,0.0,1,7.5,0.0,0,110.5,106.0,106.0,106.0,1.0,1060.0,5
2023-05-10 10:30:09,rb2401P3350,rb2401P3350,106.0,0.0,0.0,0.0,4,8.0,0.0,0,110.5,106.0,106.0,106.0,1.0,1060.0,5
2023-05-10 10:30:18,rb2401P3350,rb2401P3350,106.0,0.0,0.0,0.0,2,12.0,0.0,0,110.5,106.0,106.0,106.0,1.0,1060.0,5
2023-05-10 10:30:19,rb2401P3350,rb2401P3350,106.0,0.0,0.0,0.0,2,12.0,0.0,0,110.5,106.0,106.0,106.0,1.0,1060.0,5
2023-05-10 10:30:19,rb2401P3350,rb2401P3350,106.0,0.0,0.0,0.0,4,12.5,0.0,0,110.5,106.0,106.0,106.0,1.0,1060.0,5
2023-05-10 10:30:58,rb2401P3350,rb2401P3350,106.0,0.0,0.0,0.0,2,13.0,0.0,0,110.5,106.0,106.0,106.0,1.0,1060.0,5
2023-05-10 10:30:59,rb2401P3350,rb2401P3350,106.0,0.0,0.0,0.0,2,13.0,0.0,0,110.5,106.0,106.0,106.0,1.0,1060.0,5
2023-05-10 10:30:59,rb2401P3350,rb2401P3350,106.0,0.0,0.0,0.0,4,13.5,0.0,0,110.5,106.0,106.0,106.0,1.0,1060.0,5
2023-05-10 10:31:01,rb2401P3350,rb2401P3350,106.0,0.0,0.0,0.0,2,14.0,0.0,0,110.5,106.0,106.0,106.0,1.0,1060.0,5
2023-05-10 10:31:01,rb2401P3350,rb2401P3350,106.0,0.0,0.0,0.0,2,14.0,0.0,0,110.5,106.0,106.0,106.0,1.0,1060.0,5
2023-05-10 10:31:02,rb2401P3350,rb2401P3350,106.0,0.0,0.0,0.0,4,14.5,0.0,0,110.5,106.0,106.0,106.0,1.0,1060.0,5
2023-05-10 10:31:02,rb2401P3350,rb2401P3350,106.0,0.0,0.0,0.0,4,14.5,0.0,0,110.5,106.0,106.0,106.0,1.0,1060.0,5
2023-05-10 10:31:03,rb2401P3350,rb2401P3350,106.0,0.0,0.0,0.0,2,15.0,0.0,0,110.5,106.0,106.0,106.0,1.0,1060.0,5
2023-05-10 10:31:03,rb2401P3350,rb2401P3350,106.0,0.0,0.0,0.0,2,15.0,0.0,0,110.5,106.0,106.0,106.0,1.0,1060.0,5
2023-05-10 10:31:04,rb2401P3350,rb2401P3350,106.0,0.0,0.0,0.0,4,15.5,0.0,0,110.5,106.0,106.0,106.0,1.0,1060.0,5
2023-05-10 10:31:04,rb2401P3350,rb2401P3350,106.0,0.0,0.0,0.0,4,15.5,0.0,0,110.5,106.0,106.0,106.0,1.0,1060.0,5
2023-05-10 10:31:05,rb2401P3350,rb2401P3350,106.0,0.0,0.0,0.0,2,16.0,0.0,0,110.5,106.0,106.0,106.0,1.0,1060.0,5
2023-05-10 10:31:05,rb2401P3350,rb2401P3350,106.0,0.0,0.0,0.0,2,16.0,0.0,0,110.5,106.0,106.0,106.0,1.0,1060.0,5
2023-05-10 10:31:06,rb2401P3350,rb2401P3350,106.0,0.0,0.0,0.0,4,16.5,0.0,0,110.5,106.0,106.0,106.0,1.0,1060.0,5
2023-05-10 10:31:06,rb2401P3350,rb2401P3350,106.0,0.0,0.0,0.0,2,17.0,0.0,0,110.5,106.0,106.0,106.0,1.0,1060.0,5
2023-05-10 10:31:07,rb2401P3350,rb2401P3350,106.0,0.0,0.0,0.0,2,17.0,0.0,0,110.5,106.0,106.0,106.0,1.0,1060.0,5
2023-05-10 10:31:07,rb2401P3350,rb2401P3350,106.0,0.0,0.0,0.0,4,17.5,0.0,0,110.5,106.0,106.0,106.0,1.0,1060.0,5
2023-05-10 10:31:08,rb2401P3350,rb2401P3350,106.0,0.0,0.0,0.0,2,18.0,0.0,0,110.5,106.0,106.0,106.0,1.0,1060.0,5
2023-05-10 10:31:09,rb2401P3350,rb2401P3350,106.0,0.0,0.0,0.0,2,18.0,0.0,0,110.5,106.0,106.0,106.0,1.0,1060.0,5
2023-05-10 10:31:09,rb2401P3350,rb2401P3350,106.0,0.0,0.0,0.0,4,18.5,0.0,0,110.5,106.0,106.0,106.0,1.0,1060.0,5
2023-05-10 10:31:10,rb2401P3350,rb2401P3350,106.0,0.0,0.0,0.0,2,19.0,0.0,0,110.5,106.0,106.0,106.0,1.0,1060.0,5
2023-05-10 10:31:10,rb2401P3350,rb2401P3350,106.0,0.0,0.0,0.0,2,19.0,0.0,0,110.5,106.0,106.0,106.0,1.0,1060.0,5
2023-05-10 10:31:11,rb2401P3350,rb2401P3350,106.0,0.0,0.0,0.0,4,19.5,0.0,0,110.5,106.0,106.0,106.0,1.0,1060.0,5
2023-05-10 10:31:12,rb2401P3350,rb2401P3350,106.0,0.0,0.0,0.0,4,19.5,0.0,0,110.5,106.0,106.0,106.0,1.0,1060.0,5
2023-05-10 10:31:12,rb2401P3350,rb2401P3350,106.0,0.0,0.0,0.0,2,20.0,0.0,0,110.5,106.0,106.0,106.0,1.0,1060.0,5
2023-05-10 10:31:13,rb2401P3350,rb2401P3350,106.0,0.0,0.0,0.0,2,20.0,0.0,0,110.5,106.0,106.0,106.0,1.0,1060.0,5
2023-05-10 10:31:13,rb2401P3350,rb2401P3350,106.0,0.0,0.0,0.0,4,20.5,0.0,0,110.5,106.0,106.0,106.0,1.0,1060.0,5
2023-05-10 10:31:14,rb2401P3350,rb2401P3350,106.0,0.0,0.0,0.0,2,21.0,0.0,0,110.5,106.0,106.0,106.0,1.0,1060.0,5
2023-05-10 10:31:15,rb2401P3350,rb2401P3350,106.0,0.0,0.0,0.0,2,21.0,0.0,0,110.5,106.0,106.0,106.0,1.0,1060.0,5
2023-05-10 10:31:15,rb2401P3350,rb2401P3350,106.0,0.0,0.0,0.0,4,21.5,0.0,0,110.5,106.0,106.0,106.0,1.0,1060.0,5
2023-05-10 10:31:16,rb2401P3350,rb2401P3350,106.0,0.0,0.0,0.0,2,22.0,0.0,0,110.5,106.0,106.0,106.0,1.0,1060.0,5
2023-05-10 10:31:16,rb2401P3350,rb2401P3350,106.0,0.0,0.0,0.0,2,22.0,0.0,0,110.5,106.0,106.0,106.0,1.0,1060.0,5
2023-05-10 10:31:17,rb2401P3350,rb2401P3350,106.0,0.0,0.0,0.0,4,22.5,0.0,0,110.5,106.0,106.0,106.0,1.0,1060.0,5
2023-05-10 10:31:18,rb2401P3350,rb2401P3350,106.0,0.0,0.0,0.0,2,23.0,0.0,0,110.5,106.0,106.0,106.0,1.0,1060.0,5
2023-05-10 10:31:18,rb2401P3350,rb2401P3350,106.0,0.0,0.0,0.0,2,23.0,0.0,0,110.5,106.0,106.0,106.0,1.0,1060.0,5
2023-05-10 10:31:19,rb2401P3350,rb2401P3350,106.0,0.0,0.0,0.0,4,23.5,0.0,0,110.5,106.0,106.0,106.0,1.0,1060.0,5
2023-05-10 10:31:19,rb2401P3350,rb2401P3350,106.0,0.0,0.0,0.0,2,24.0,0.0,0,110.5,106.0,106.0,106.0,1.0,1060.0,5
2023-05-10 10:31:20,rb2401P3350,rb2401P3350,106.0,0.0,0.0,0.0,2,24.0,0.0,0,110.5,106.0,106.0,106.0,1.0,1060.0,5
2023-05-10 10:31:20,rb2401P3350,rb2401P3350,106.0,0.0,0.0,0.0,4,24.5,0.0,0,110.5,106.0,106.0,106.0,1.0,1060.0,5
2023-05-10 10:31:21,rb2401P3350,rb2401P3350,106.0,0.0,0.0,0.0,2,25.0,0.0,0,110.5,106.0,106.0,106.0,1.0,1060.0,5
2023-05-10 10:31:21,rb2401P3350,rb2401P3350,106.0,0.0,0.0,0.0,2,25.0,0.0,0,110.5,106.0,106.0,106.0,1.0,1060.0,5
2023-05-10 10:31:22,rb2401P3350,rb2401P3350,106.0,0.0,0.0,0.0,4,25.5,0.0,0,110.5,106.0,106.0,106.0,1.0,1060.0,5
2023-05-10 10:31:22,rb2401P3350,rb2401P3350,106.0,0.0,0.0,0.0,2,26.0,0.0,0,110.5,106.0,106.0,106.0,1.0,1060.0,5
2023-05-10 10:31:23,rb2401P3350,rb2401P3350,106.0,0.0,0.0,0.0,2,26.0,0.0,0,110.5,106.0,106.0,106.0,1.0,1060.0,5
2023-05-10 10:31:23,rb2401P3350,rb2401P3350,106.0,0.0,0.0,0.0,4,26.5,0.0,0,110.5,106.0,106.0,106.0,1.0,1060.0,5
2023-05-10 10:31:24,rb2401P3350,rb2401P3350,106.0,0.0,0.0,0.0,2,27.0,0.0,0,110.5,106.0,106.0,106.0,1.0,1060.0,5
2023-05-10 10:31:24,rb2401P3350,rb2401P3350,106.0,0.0,0.0,0.0,2,27.0,0.0,0,110.5,106.0,106.0,106.0,1.0,1060.0,5
2023-05-10 10:31:25,rb2401P3350,rb2401P3350,106.0,0.0,0.0,0.0,4,27.5,0.0,0,110.5,106.0,106.0,106.0,1.0,1060.0,5
2023-05-10 10:31:25,rb2401P3350,rb2401P3350,106.0,0.0,0.0,0.0,2,28.0,0.0,0,110.5,106.0,106.0,106.0,1.0,1060.0,5
2023-05-10 10:31:26,rb2401P3350,rb2401P3350,106.0,0.0,0.0,0.0,2,28.0,0.0,0,110.5,106.0,106.0,106.0,1.0,1060.0,5
2023-05-10 10:31:26,rb2401P3350,rb2401P3350,106.0,0.0,0.0,0.0,4,28.5,0.0,0,110.5,106.0,106.0,106.0,1.0,1060.0,5
2023-05-10 10:31:27,rb2401P3350,rb2401P3350,106.0,0.0,0.0,0.0,2,29.0,0.0,0,110.5,106.0,106.0,106.0,1.0,1060.0,5
2023-05-10 10:31:27,rb2401P3350,rb2401P3350,106.0,0.0,0.0,0.0,2,29.0,0.0,0,110.5,106.0,106.0,106.0,1.0,1060.0,5
2023-05-10 10:31:28,rb2401P3350,rb2401P3350,106.0,0.0,0.0,0.0,4,29.5,0.0,0,110.5,106.0,106.0,106.0,1.0,1060.0,5
2023-05-10 10:31:29,rb2401P3350,rb2401P3350,106.0,0.0,0.0,0.0,2,30.0,0.0,0,110.5,106.0,106.0,106.0,1.0,1060.0,5
2023-05-10 10:31:29,rb2401P3350,rb2401P3350,106.0,0.0,0.0,0.0,2,30.0,0.0,0,110.5,106.0,106.0,106.0,1.0,1060.0,5
2023-05-10 10:31:30,rb2401P3350,rb2401P3350,106.0,0.0,0.0,0.0,4,30.5,0.0,0,110.5,106.0,106.0,106.0,1.0,1060.0,5
2023-05-10 10:31:30,rb2401P3350,rb2401P3350,106.0,0.0,0.0,0.0,2,31.0,0.0,0,110.5,106.0,106.0,106.0,1.0,1060.0,5
2023-05-10 10:31:31,rb2401P3350,rb2401P3350,106.0,0.0,0.0,0.0,2,31.0,0.0,0,110.5,106.0,106.0,106.0,1.0,1060.0,5
2023-05-10 10:31:31,rb2401P3350,rb2401P3350,106.0,0.0,0.0,0.0,4,31.5,0.0,0,110.5,106.0,106.0,106.0,1.0,1060.0,5
2023-05-10 10:31:32,rb2401P3350,rb2401P3350,106.0,0.0,0.0,0.0,2,32.0,0.0,0,110.5,106.0,106.0,106.0,1.0,1060.0,5
2023-05-10 10:31:32,rb2401P3350,rb2401P3350,106.0,0.0,0.0,0.0,2,32.0,0.0,0,110.5,106.0,106.0,106.0,1.0,1060.0,5
2023-05-10 10:31:33,rb2401P3350,rb2401P3350,106.0,0.0,0.0,0.0,4,32.5,0.0,0,110.5,106.0,106.0,106.0,1.0,1060.0,5
2023-05-10 10:31:33,rb2401P3350,rb2401P3350,106.0,0.0,0.0,0.0,2,33.0,0.0,0,110.5,106.0,106.0,106.0,1.0,1060.0,5
2023-05-10 10:31:34,rb2401P3350,rb2401P3350,106.0,0.0,0.0,0.0,2,33.0,0.0,0,110.5,106.0,106.0,106.0,1.0,1060.0,5
2023-05-10 10:31:34,rb2401P3350,rb2401P3350,106.0,0.0,0.0,0.0,4,33.5,0.0,0,110.5,106.0,106.0,106.0,1.0,1060.0,5
2023-05-10 10:31:35,rb2401P3350,rb2401P3350,106.0,0.0,0.0,0.0,2,34.0,0.0,0,110.5,106.0,106.0,106.0,1.0,1060.0,5
2023-05-10 10:31:35,rb2401P3350,rb2401P3350,106.0,0.0,0.0,0.0,2,34.0,0.0,0,110.5,106.0,106.0,106.0,1.0,1060.0,5
2023-05-10 10:31:36,rb2401P3350,rb2401P3350,106.0,0.0,0.0,0.0,4,34.5,0.0,0,110.5,106.0,106.0,106.0,1.0,1060.0,5
2023-05-10 10:31:36,rb2401P3350,rb2401P3350,106.0,0.0,0.0,0.0,2,35.0,0.0,0,110.5,106.0,106.0,106.0,1.0,1060.0,5
2023-05-10 10:31:37,rb2401P3350,rb2401P3350,106.0,0.0,0.0,0.0,2,35.0,0.0,0,110.5,106.0,106.0,106.0,1.0,1060.0,5
2023-05-10 10:31:37,rb2401P3350,rb2401P3350,106.0,0.0,0.0,0.0,4,35.5,0.0,0,110.5,106.0,106.0,106.0,1.0,1060.0,5
2023-05-10 10:31:38,rb2401P3350,rb2401P3350,106.0,0.0,0.0,0.0,2,39.5,0.0,0,110.5,106.0,106.0,106.0,1.0,1060.0,5
2023-05-10 10:31:38,rb2401P3350,rb2401P3350,106.0,0.0,0.0,0.0,2,39.5,0.0,0,110.5,106.0,106.0,106.0,1.0,1060.0,5
2023-05-10 10:31:39,rb2401P3350,rb2401P3350,106.0,0.0,0.0,0.0,4,40.0,0.0,0,110.5,106.0,106.0,106.0,1.0,1060.0,5
2023-05-10 10:31:39,rb2401P3350,rb2401P3350,106.0,0.0,0.0,0.0,2,40.5,0.0,0,110.5,106.0,106.0,106.0,1.0,1060.0,5
2023-05-10 10:31:40,rb2401P3350,rb2401P3350,106.0,0.0,0.0,0.0,2,40.5,0.0,0,110.5,106.0,106.0,106.0,1.0,1060.0,5
2023-05-10 10:31:40,rb2401P3350,rb2401P3350,106.0,0.0,0.0,0.0,4,41.0,0.0,0,110.5,106.0,106.0,106.0,1.0,1060.0,5
2023-05-10 10:31:41,rb2401P3350,rb2401P3350,106.0,0.0,0.0,0.0,2,41.5,0.0,0,110.5,106.0,106.0,106.0,1.0,1060.0,5
2023-05-10 10:31:41,rb2401P3350,rb2401P3350,106.0,0.0,0.0,0.0,2,41.5,0.0,0,110.5,106.0,106.0,106.0,1.0,1060.0,5
2023-05-10 10:31:42,rb2401P3350,rb2401P3350,106.0,0.0,0.0,0.0,4,42.0,0.0,0,110.5,106.0,106.0,106.0,1.0,1060.0,5
2023-05-10 10:31:42,rb2401P3350,rb2401P3350,106.0,0.0,0.0,0.0,4,42.0,0.0,0,110.5,106.0,106.0,106.0,1.0,1060.0,5
2023-05-10 10:32:55,rb2401P3350,rb2401P3350,106.0,0.0,0.0,0.0,2,46.0,0.0,0,110.5,106.0,106.0,106.0,1.0,1060.0,5
2023-05-10 10:32:56,rb2401P3350,rb2401P3350,106.0,0.0,0.0,0.0,2,46.0,0.0,0,110.5,106.0,106.0,106.0,1.0,1060.0,5
2023-05-10 10:32:56,rb2401P3350,rb2401P3350,106.0,0.0,0.0,0.0,4,46.5,0.0,0,110.5,106.0,106.0,106.0,1.0,1060.0,5
2023-05-10 10:32:57,rb2401P3350,rb2401P3350,106.0,0.0,0.0,0.0,4,46.5,0.0,0,110.5,106.0,106.0,106.0,1.0,1060.0,5
2023-05-10 10:32:58,rb2401P3350,rb2401P3350,106.0,0.0,0.0,0.0,2,47.0,0.0,0,110.5,106.0,106.0,106.0,1.0,1060.0,5
2023-05-10 10:32:58,rb2401P3350,rb2401P3350,106.0,0.0,0.0,0.0,2,47.0,0.0,0,110.5,106.0,106.0,106.0,1.0,1060.0,5
2023-05-10 10:32:59,rb2401P3350,rb2401P3350,106.0,0.0,0.0,0.0,4,47.5,0.0,0,110.5,106.0,106.0,106.0,1.0,1060.0,5
2023-05-10 10:32:59,rb2401P3350,rb2401P3350,106.0,0.0,0.0,0.0,2,48.0,0.0,0,110.5,106.0,106.0,106.0,1.0,1060.0,5
2023-05-10 10:33:00,rb2401P3350,rb2401P3350,106.0,0.0,0.0,0.0,2,48.0,0.0,0,110.5,106.0,106.0,106.0,1.0,1060.0,5
2023-05-10 10:33:00,rb2401P3350,rb2401P3350,106.0,0.0,0.0,0.0,4,48.5,0.0,0,110.5,106.0,106.0,106.0,1.0,1060.0,5
2023-05-10 10:33:01,rb2401P3350,rb2401P3350,106.0,0.0,0.0,0.0,2,49.0,0.0,0,110.5,106.0,106.0,106.0,1.0,1060.0,5
2023-05-10 10:33:01,rb2401P3350,rb2401P3350,106.0,0.0,0.0,0.0,2,49.0,0.0,0,110.5,106.0,106.0,106.0,1.0,1060.0,5
2023-05-10 10:33:02,rb2401P3350,rb2401P3350,106.0,0.0,0.0,0.0,4,49.5,0.0,0,110.5,106.0,106.0,106.0,1.0,1060.0,5
2023-05-10 10:33:02,rb2401P3350,rb2401P3350,106.0,0.0,0.0,0.0,2,50.0,0.0,0,110.5,106.0,106.0,106.0,1.0,1060.0,5
2023-05-10 10:33:03,rb2401P3350,rb2401P3350,106.0,0.0,0.0,0.0,2,50.0,0.0,0,110.5,106.0,106.0,106.0,1.0,1060.0,5
2023-05-10 10:33:03,rb2401P3350,rb2401P3350,106.0,0.0,0.0,0.0,4,50.5,0.0,0,110.5,106.0,106.0,106.0,1.0,1060.0,5
2023-05-10 10:33:04,rb2401P3350,rb2401P3350,106.0,0.0,0.0,0.0,4,50.5,0.0,0,110.5,106.0,106.0,106.0,1.0,1060.0,5
2023-05-10 10:33:05,rb2401P3350,rb2401P3350,106.0,0.0,0.0,0.0,2,51.0,0.0,0,110.5,106.0,106.0,106.0,1.0,1060.0,5
2023-05-10 10:33:06,rb2401P3350,rb2401P3350,106.0,0.0,0.0,0.0,2,51.0,0.0,0,110.5,106.0,106.0,106.0,1.0,1060.0,5
2023-05-10 10:33:06,rb2401P3350,rb2401P3350,106.0,0.0,0.0,0.0,4,51.5,0.0,0,110.5,106.0,106.0,106.0,1.0,1060.0,5
2023-05-10 10:33:07,rb2401P3350,rb2401P3350,106.0,0.0,0.0,0.0,2,52.0,0.0,0,110.5,106.0,106.0,106.0,1.0,1060.0,5
2023-05-10 10:33:08,rb2401P3350,rb2401P3350,106.0,0.0,0.0,0.0,2,52.0,0.0,0,110.5,106.0,106.0,106.0,1.0,1060.0,5
2023-05-10 10:33:08,rb2401P3350,rb2401P3350,106.0,0.0,0.0,0.0,4,52.5,0.0,0,110.5,106.0,106.0,106.0,1.0,1060.0,5
2023-05-10 10:33:09,rb2401P3350,rb2401P3350,106.0,0.0,0.0,0.0,2,53.0,0.0,0,110.5,106.0,106.0,106.0,1.0,1060.0,5
2023-05-10 10:33:10,rb2401P3350,rb2401P3350,106.0,0.0,0.0,0.0,2,53.0,0.0,0,110.5,106.0,106.0,106.0,1.0,1060.0,5
2023-05-10 10:33:10,rb2401P3350,rb2401P3350,106.0,0.0,0.0,0.0,4,53.5,0.0,0,110.5,106.0,106.0,106.0,1.0,1060.0,5
2023-05-10 10:33:11,rb2401P3350,rb2401P3350,106.0,0.0,0.0,0.0,4,53.5,0.0,0,110.5,106.0,106.0,106.0,1.0,1060.0,5
2023-05-10 10:33:14,rb2401P3350,rb2401P3350,106.0,0.0,0.0,0.0,2,54.0,0.0,0,110.5,106.0,106.0,106.0,1.0,1060.0,5
2023-05-10 10:33:15,rb2401P3350,rb2401P3350,106.0,0.0,0.0,0.0,2,54.0,0.0,0,110.5,106.0,106.0,106.0,1.0,1060.0,5
2023-05-10 10:33:15,rb2401P3350,rb2401P3350,106.0,0.0,0.0,0.0,4,54.5,0.0,0,110.5,106.0,106.0,106.0,1.0,1060.0,5
2023-05-10 10:33:16,rb2401P3350,rb2401P3350,106.0,0.0,0.0,0.0,4,54.5,0.0,0,110.5,106.0,106.0,106.0,1.0,1060.0,5
2023-05-10 11:29:33,rb2401P3350,rb2401P3350,106.0,0.0,0.0,0.0,1,7.5,0.0,0,110.5,106.0,106.0,106.0,1.0,1060.0,5
2023-05-10 13:30:32,rb2401P3350,rb2401P3350,106.0,0.0,0.0,0.0,4,8.0,0.0,0,110.5,106.0,106.0,106.0,1.0,1060.0,5
2023-05-10 13:31:23,rb2401P3350,rb2401P3350,106.0,0.0,0.0,0.0,2,8.5,0.0,0,110.5,106.0,106.0,106.0,1.0,1060.0,5
2023-05-10 13:31:24,rb2401P3350,rb2401P3350,106.0,0.0,0.0,0.0,2,8.5,0.0,0,110.5,106.0,106.0,106.0,1.0,1060.0,5
2023-05-10 13:31:24,rb2401P3350,rb2401P3350,106.0,0.0,0.0,0.0,4,9.0,0.0,0,110.5,106.0,106.0,106.0,1.0,1060.0,5
2023-05-10 13:31:27,rb2401P3350,rb2401P3350,106.0,0.0,0.0,0.0,2,9.5,0.0,0,110.5,106.0,106.0,106.0,1.0,1060.0,5
2023-05-10 13:31:28,rb2401P3350,rb2401P3350,106.0,0.0,0.0,0.0,2,9.5,0.0,0,110.5,106.0,106.0,106.0,1.0,1060.0,5
2023-05-10 13:31:28,rb2401P3350,rb2401P3350,106.0,0.0,0.0,0.0,4,10.0,0.0,0,110.5,106.0,106.0,106.0,1.0,1060.0,5
2023-05-10 13:31:31,rb2401P3350,rb2401P3350,106.0,0.0,0.0,0.0,2,10.5,0.0,0,110.5,106.0,106.0,106.0,1.0,1060.0,5
2023-05-10 13:31:32,rb2401P3350,rb2401P3350,106.0,0.0,0.0,0.0,2,10.5,0.0,0,110.5,106.0,106.0,106.0,1.0,1060.0,5
2023-05-10 13:31:32,rb2401P3350,rb2401P3350,106.0,0.0,0.0,0.0,4,11.0,0.0,0,110.5,106.0,106.0,106.0,1.0,1060.0,5
2023-05-10 13:31:33,rb2401P3350,rb2401P3350,106.0,0.0,0.0,0.0,2,11.5,0.0,0,110.5,106.0,106.0,106.0,1.0,1060.0,5
2023-05-10 13:31:33,rb2401P3350,rb2401P3350,106.0,0.0,0.0,0.0,2,11.5,0.0,0,110.5,106.0,106.0,106.0,1.0,1060.0,5
2023-05-10 13:31:34,rb2401P3350,rb2401P3350,106.0,0.0,0.0,0.0,4,12.0,0.0,0,110.5,106.0,106.0,106.0,1.0,1060.0,5
2023-05-10 13:31:34,rb2401P3350,rb2401P3350,106.0,0.0,0.0,0.0,4,12.0,0.0,0,110.5,106.0,106.0,106.0,1.0,1060.0,5
2023-05-10 13:31:35,rb2401P3350,rb2401P3350,106.0,0.0,0.0,0.0,2,12.5,0.0,0,110.5,106.0,106.0,106.0,1.0,1060.0,5
2023-05-10 13:31:35,rb2401P3350,rb2401P3350,106.0,0.0,0.0,0.0,2,12.5,0.0,0,110.5,106.0,106.0,106.0,1.0,1060.0,5
2023-05-10 13:31:36,rb2401P3350,rb2401P3350,106.0,0.0,0.0,0.0,4,13.0,0.0,0,110.5,106.0,106.0,106.0,1.0,1060.0,5
2023-05-10 13:31:37,rb2401P3350,rb2401P3350,106.0,0.0,0.0,0.0,2,13.5,0.0,0,110.5,106.0,106.0,106.0,1.0,1060.0,5
2023-05-10 13:31:37,rb2401P3350,rb2401P3350,106.0,0.0,0.0,0.0,2,13.5,0.0,0,110.5,106.0,106.0,106.0,1.0,1060.0,5
2023-05-10 13:31:38,rb2401P3350,rb2401P3350,106.0,0.0,0.0,0.0,4,14.0,0.0,0,110.5,106.0,106.0,106.0,1.0,1060.0,5
2023-05-10 13:31:38,rb2401P3350,rb2401P3350,106.0,0.0,0.0,0.0,2,14.5,0.0,0,110.5,106.0,106.0,106.0,1.0,1060.0,5
2023-05-10 13:31:39,rb2401P3350,rb2401P3350,106.0,0.0,0.0,0.0,2,14.5,0.0,0,110.5,106.0,106.0,106.0,1.0,1060.0,5
2023-05-10 13:31:39,rb2401P3350,rb2401P3350,106.0,0.0,0.0,0.0,4,15.0,0.0,0,110.5,106.0,106.0,106.0,1.0,1060.0,5
2023-05-10 13:31:40,rb2401P3350,rb2401P3350,106.0,0.0,0.0,0.0,4,15.0,0.0,0,110.5,106.0,106.0,106.0,1.0,1060.0,5
2023-05-10 13:31:40,rb2401P3350,rb2401P3350,106.0,0.0,0.0,0.0,2,15.5,0.0,0,110.5,106.0,106.0,106.0,1.0,1060.0,5
2023-05-10 13:31:41,rb2401P3350,rb2401P3350,106.0,0.0,0.0,0.0,2,15.5,0.0,0,110.5,106.0,106.0,106.0,1.0,1060.0,5
2023-05-10 13:31:41,rb2401P3350,rb2401P3350,106.0,0.0,0.0,0.0,4,16.0,0.0,0,110.5,106.0,106.0,106.0,1.0,1060.0,5
2023-05-10 13:31:45,rb2401P3350,rb2401P3350,106.0,0.0,0.0,0.0,2,16.5,0.0,0,110.5,106.0,106.0,106.0,1.0,1060.0,5
2023-05-10 13:31:45,rb2401P3350,rb2401P3350,106.0,0.0,0.0,0.0,2,16.5,0.0,0,110.5,106.0,106.0,106.0,1.0,1060.0,5
2023-05-10 13:31:46,rb2401P3350,rb2401P3350,106.0,0.0,0.0,0.0,4,17.0,0.0,0,110.5,106.0,106.0,106.0,1.0,1060.0,5
2023-05-10 13:31:48,rb2401P3350,rb2401P3350,106.0,0.0,0.0,0.0,2,17.5,0.0,0,110.5,106.0,106.0,106.0,1.0,1060.0,5
2023-05-10 13:31:48,rb2401P3350,rb2401P3350,106.0,0.0,0.0,0.0,2,17.5,0.0,0,110.5,106.0,106.0,106.0,1.0,1060.0,5
2023-05-10 13:31:49,rb2401P3350,rb2401P3350,106.0,0.0,0.0,0.0,4,18.0,0.0,0,110.5,106.0,106.0,106.0,1.0,1060.0,5
2023-05-10 13:31:50,rb2401P3350,rb2401P3350,106.0,0.0,0.0,0.0,2,18.5,0.0,0,110.5,106.0,106.0,106.0,1.0,1060.0,5
2023-05-10 13:31:50,rb2401P3350,rb2401P3350,106.0,0.0,0.0,0.0,2,18.5,0.0,0,110.5,106.0,106.0,106.0,1.0,1060.0,5
2023-05-10 13:31:51,rb2401P3350,rb2401P3350,106.0,0.0,0.0,0.0,4,19.0,0.0,0,110.5,106.0,106.0,106.0,1.0,1060.0,5
2023-05-10 13:31:52,rb2401P3350,rb2401P3350,106.0,0.0,0.0,0.0,4,19.0,0.0,0,110.5,106.0,106.0,106.0,1.0,1060.0,5
2023-05-10 13:31:52,rb2401P3350,rb2401P3350,106.0,0.0,0.0,0.0,2,19.5,0.0,0,110.5,106.0,106.0,106.0,1.0,1060.0,5
2023-05-10 13:31:53,rb2401P3350,rb2401P3350,106.0,0.0,0.0,0.0,2,19.5,0.0,0,110.5,106.0,106.0,106.0,1.0,1060.0,5
2023-05-10 13:31:53,rb2401P3350,rb2401P3350,106.0,0.0,0.0,0.0,4,20.0,0.0,0,110.5,106.0,106.0,106.0,1.0,1060.0,5
2023-05-10 13:32:01,rb2401P3350,rb2401P3350,106.0,0.0,0.0,0.0,4,20.0,0.0,0,110.5,106.0,106.0,106.0,1.0,1060.0,5
2023-05-10 13:32:01,rb2401P3350,rb2401P3350,106.0,0.0,0.0,0.0,2,20.5,0.0,0,110.5,106.0,106.0,106.0,1.0,1060.0,5
2023-05-10 13:32:02,rb2401P3350,rb2401P3350,106.0,0.0,0.0,0.0,2,20.5,0.0,0,110.5,106.0,106.0,106.0,1.0,1060.0,5
2023-05-10 13:32:02,rb2401P3350,rb2401P3350,106.0,0.0,0.0,0.0,4,21.0,0.0,0,110.5,106.0,106.0,106.0,1.0,1060.0,5
2023-05-10 13:32:08,rb2401P3350,rb2401P3350,106.0,0.0,0.0,0.0,4,21.0,0.0,0,110.5,106.0,106.0,106.0,1.0,1060.0,5
2023-05-10 13:32:08,rb2401P3350,rb2401P3350,106.0,0.0,0.0,0.0,2,21.5,0.0,0,110.5,106.0,106.0,106.0,1.0,1060.0,5
2023-05-10 13:32:09,rb2401P3350,rb2401P3350,106.0,0.0,0.0,0.0,2,21.5,0.0,0,110.5,106.0,106.0,106.0,1.0,1060.0,5
2023-05-10 13:32:09,rb2401P3350,rb2401P3350,106.0,0.0,0.0,0.0,4,22.0,0.0,0,110.5,106.0,106.0,106.0,1.0,1060.0,5
2023-05-10 13:32:10,rb2401P3350,rb2401P3350,106.0,0.0,0.0,0.0,4,22.0,0.0,0,110.5,106.0,106.0,106.0,1.0,1060.0,5
2023-05-10 13:32:10,rb2401P3350,rb2401P3350,106.0,0.0,0.0,0.0,2,22.5,0.0,0,110.5,106.0,106.0,106.0,1.0,1060.0,5
2023-05-10 13:32:11,rb2401P3350,rb2401P3350,106.0,0.0,0.0,0.0,2,22.5,0.0,0,110.5,106.0,106.0,106.0,1.0,1060.0,5
2023-05-10 13:32:11,rb2401P3350,rb2401P3350,106.0,0.0,0.0,0.0,4,23.0,0.0,0,110.5,106.0,106.0,106.0,1.0,1060.0,5
2023-05-10 13:32:12,rb2401P3350,rb2401P3350,106.0,0.0,0.0,0.0,2,23.5,0.0,0,110.5,106.0,106.0,106.0,1.0,1060.0,5
2023-05-10 13:32:13,rb2401P3350,rb2401P3350,106.0,0.0,0.0,0.0,2,23.5,0.0,0,110.5,106.0,106.0,106.0,1.0,1060.0,5
2023-05-10 13:32:13,rb2401P3350,rb2401P3350,106.0,0.0,0.0,0.0,4,24.0,0.0,0,110.5,106.0,106.0,106.0,1.0,1060.0,5
2023-05-10 13:32:14,rb2401P3350,rb2401P3350,106.0,0.0,0.0,0.0,4,24.0,0.0,0,110.5,106.0,106.0,106.0,1.0,1060.0,5
2023-05-10 13:32:14,rb2401P3350,rb2401P3350,106.0,0.0,0.0,0.0,2,24.5,0.0,0,110.5,106.0,106.0,106.0,1.0,1060.0,5
2023-05-10 13:32:15,rb2401P3350,rb2401P3350,106.0,0.0,0.0,0.0,2,24.5,0.0,0,110.5,106.0,106.0,106.0,1.0,1060.0,5
2023-05-10 13:32:15,rb2401P3350,rb2401P3350,106.0,0.0,0.0,0.0,4,25.0,0.0,0,110.5,106.0,106.0,106.0,1.0,1060.0,5
2023-05-10 13:32:16,rb2401P3350,rb2401P3350,106.0,0.0,0.0,0.0,4,25.0,0.0,0,110.5,106.0,106.0,106.0,1.0,1060.0,5
2023-05-10 13:32:17,rb2401P3350,rb2401P3350,106.0,0.0,0.0,0.0,2,25.5,0.0,0,110.5,106.0,106.0,106.0,1.0,1060.0,5
2023-05-10 13:32:17,rb2401P3350,rb2401P3350,106.0,0.0,0.0,0.0,2,25.5,0.0,0,110.5,106.0,106.0,106.0,1.0,1060.0,5
2023-05-10 13:32:18,rb2401P3350,rb2401P3350,106.0,0.0,0.0,0.0,4,26.0,0.0,0,110.5,106.0,106.0,106.0,1.0,1060.0,5
2023-05-10 13:32:18,rb2401P3350,rb2401P3350,106.0,0.0,0.0,0.0,4,26.0,0.0,0,110.5,106.0,106.0,106.0,1.0,1060.0,5
2023-05-10 13:32:19,rb2401P3350,rb2401P3350,106.0,0.0,0.0,0.0,2,26.5,0.0,0,110.5,106.0,106.0,106.0,1.0,1060.0,5
2023-05-10 13:32:19,rb2401P3350,rb2401P3350,106.0,0.0,0.0,0.0,2,26.5,0.0,0,110.5,106.0,106.0,106.0,1.0,1060.0,5
2023-05-10 13:32:20,rb2401P3350,rb2401P3350,106.0,0.0,0.0,0.0,4,27.0,0.0,0,110.5,106.0,106.0,106.0,1.0,1060.0,5
2023-05-10 13:32:21,rb2401P3350,rb2401P3350,106.0,0.0,0.0,0.0,2,27.5,0.0,0,110.5,106.0,106.0,106.0,1.0,1060.0,5
2023-05-10 13:32:22,rb2401P3350,rb2401P3350,106.0,0.0,0.0,0.0,2,27.5,0.0,0,110.5,106.0,106.0,106.0,1.0,1060.0,5
2023-05-10 13:32:22,rb2401P3350,rb2401P3350,106.0,0.0,0.0,0.0,4,28.0,0.0,0,110.5,106.0,106.0,106.0,1.0,1060.0,5
2023-05-10 13:32:23,rb2401P3350,rb2401P3350,106.0,0.0,0.0,0.0,4,28.0,0.0,0,110.5,106.0,106.0,106.0,1.0,1060.0,5
2023-05-10 13:32:23,rb2401P3350,rb2401P3350,106.0,0.0,0.0,0.0,2,28.5,0.0,0,110.5,106.0,106.0,106.0,1.0,1060.0,5
2023-05-10 13:32:24,rb2401P3350,rb2401P3350,106.0,0.0,0.0,0.0,2,28.5,0.0,0,110.5,106.0,106.0,106.0,1.0,1060.0,5
2023-05-10 13:32:24,rb2401P3350,rb2401P3350,106.0,0.0,0.0,0.0,4,29.0,0.0,0,110.5,106.0,106.0,106.0,1.0,1060.0,5
2023-05-10 13:32:25,rb2401P3350,rb2401P3350,106.0,0.0,0.0,0.0,4,29.0,0.0,0,110.5,106.0,106.0,106.0,1.0,1060.0,5
2023-05-10 13:32:26,rb2401P3350,rb2401P3350,106.0,0.0,0.0,0.0,2,29.5,0.0,0,110.5,106.0,106.0,106.0,1.0,1060.0,5
2023-05-10 13:32:26,rb2401P3350,rb2401P3350,106.0,0.0,0.0,0.0,2,29.5,0.0,0,110.5,106.0,106.0,106.0,1.0,1060.0,5
2023-05-10 13:32:27,rb2401P3350,rb2401P3350,106.0,0.0,0.0,0.0,4,30.0,0.0,0,110.5,106.0,106.0,106.0,1.0,1060.0,5
2023-05-10 13:32:28,rb2401P3350,rb2401P3350,106.0,0.0,0.0,0.0,2,30.5,0.0,0,110.5,106.0,106.0,106.0,1.0,1060.0,5
2023-05-10 13:32:28,rb2401P3350,rb2401P3350,106.0,0.0,0.0,0.0,2,30.5,0.0,0,110.5,106.0,106.0,106.0,1.0,1060.0,5
2023-05-10 13:32:29,rb2401P3350,rb2401P3350,106.0,0.0,0.0,0.0,4,31.0,0.0,0,110.5,106.0,106.0,106.0,1.0,1060.0,5
2023-05-10 13:32:30,rb2401P3350,rb2401P3350,106.0,0.0,0.0,0.0,4,31.0,0.0,0,110.5,106.0,106.0,106.0,1.0,1060.0,5
2023-05-10 13:32:30,rb2401P3350,rb2401P3350,106.0,0.0,0.0,0.0,2,31.5,0.0,0,110.5,106.0,106.0,106.0,1.0,1060.0,5
2023-05-10 13:32:31,rb2401P3350,rb2401P3350,106.0,0.0,0.0,0.0,2,31.5,0.0,0,110.5,106.0,106.0,106.0,1.0,1060.0,5
2023-05-10 13:32:31,rb2401P3350,rb2401P3350,106.0,0.0,0.0,0.0,4,32.0,0.0,0,110.5,106.0,106.0,106.0,1.0,1060.0,5
2023-05-10 13:32:32,rb2401P3350,rb2401P3350,106.0,0.0,0.0,0.0,4,32.0,0.0,0,110.5,106.0,106.0,106.0,1.0,1060.0,5
2023-05-10 13:32:32,rb2401P3350,rb2401P3350,106.0,0.0,0.0,0.0,2,32.5,0.0,0,110.5,106.0,106.0,106.0,1.0,1060.0,5
2023-05-10 13:32:33,rb2401P3350,rb2401P3350,106.0,0.0,0.0,0.0,2,32.5,0.0,0,110.5,106.0,106.0,106.0,1.0,1060.0,5
2023-05-10 13:32:33,rb2401P3350,rb2401P3350,106.0,0.0,0.0,0.0,4,33.0,0.0,0,110.5,106.0,106.0,106.0,1.0,1060.0,5
2023-05-10 13:32:34,rb2401P3350,rb2401P3350,106.0,0.0,0.0,0.0,2,33.5,0.0,0,110.5,106.0,106.0,106.0,1.0,1060.0,5
2023-05-10 13:32:35,rb2401P3350,rb2401P3350,106.0,0.0,0.0,0.0,2,33.5,0.0,0,110.5,106.0,106.0,106.0,1.0,1060.0,5
2023-05-10 13:32:35,rb2401P3350,rb2401P3350,106.0,0.0,0.0,0.0,4,34.0,0.0,0,110.5,106.0,106.0,106.0,1.0,1060.0,5
2023-05-10 13:32:42,rb2401P3350,rb2401P3350,106.0,0.0,0.0,0.0,4,34.0,0.0,0,110.5,106.0,106.0,106.0,1.0,1060.0,5
2023-05-10 13:32:42,rb2401P3350,rb2401P3350,106.0,0.0,0.0,0.0,2,34.5,0.0,0,110.5,106.0,106.0,106.0,1.0,1060.0,5
2023-05-10 13:32:43,rb2401P3350,rb2401P3350,106.0,0.0,0.0,0.0,2,34.5,0.0,0,110.5,106.0,106.0,106.0,1.0,1060.0,5
2023-05-10 13:32:43,rb2401P3350,rb2401P3350,106.0,0.0,0.0,0.0,4,35.0,0.0,0,110.5,106.0,106.0,106.0,1.0,1060.0,5
2023-05-10 13:32:44,rb2401P3350,rb2401P3350,106.0,0.0,0.0,0.0,4,35.0,0.0,0,110.5,106.0,106.0,106.0,1.0,1060.0,5
2023-05-10 13:32:44,rb2401P3350,rb2401P3350,106.0,0.0,0.0,0.0,2,35.5,0.0,0,110.5,106.0,106.0,106.0,1.0,1060.0,5
2023-05-10 13:32:45,rb2401P3350,rb2401P3350,106.0,0.0,0.0,0.0,2,35.5,0.0,0,110.5,106.0,106.0,106.0,1.0,1060.0,5
2023-05-10 13:32:45,rb2401P3350,rb2401P3350,106.0,0.0,0.0,0.0,4,36.0,0.0,0,110.5,106.0,106.0,106.0,1.0,1060.0,5
2023-05-10 13:32:47,rb2401P3350,rb2401P3350,106.0,0.0,0.0,0.0,4,36.0,0.0,0,110.5,106.0,106.0,106.0,1.0,1060.0,5
2023-05-10 13:32:47,rb2401P3350,rb2401P3350,106.0,0.0,0.0,0.0,2,36.5,0.0,0,110.5,106.0,106.0,106.0,1.0,1060.0,5
2023-05-10 13:32:48,rb2401P3350,rb2401P3350,106.0,0.0,0.0,0.0,2,36.5,0.0,0,110.5,106.0,106.0,106.0,1.0,1060.0,5
2023-05-10 13:32:48,rb2401P3350,rb2401P3350,106.0,0.0,0.0,0.0,4,37.0,0.0,0,110.5,106.0,106.0,106.0,1.0,1060.0,5
2023-05-10 13:32:50,rb2401P3350,rb2401P3350,106.0,0.0,0.0,0.0,4,37.0,0.0,0,110.5,106.0,106.0,106.0,1.0,1060.0,5
2023-05-10 13:32:50,rb2401P3350,rb2401P3350,106.0,0.0,0.0,0.0,2,37.5,0.0,0,110.5,106.0,106.0,106.0,1.0,1060.0,5
2023-05-10 13:32:51,rb2401P3350,rb2401P3350,106.0,0.0,0.0,0.0,2,37.5,0.0,0,110.5,106.0,106.0,106.0,1.0,1060.0,5
2023-05-10 13:32:51,rb2401P3350,rb2401P3350,106.0,0.0,0.0,0.0,4,38.0,0.0,0,110.5,106.0,106.0,106.0,1.0,1060.0,5
2023-05-10 13:32:53,rb2401P3350,rb2401P3350,106.0,0.0,0.0,0.0,2,38.5,0.0,0,110.5,106.0,106.0,106.0,1.0,1060.0,5
2023-05-10 13:32:53,rb2401P3350,rb2401P3350,106.0,0.0,0.0,0.0,2,38.5,0.0,0,110.5,106.0,106.0,106.0,1.0,1060.0,5
2023-05-10 13:32:54,rb2401P3350,rb2401P3350,106.0,0.0,0.0,0.0,4,39.0,0.0,0,110.5,106.0,106.0,106.0,1.0,1060.0,5
2023-05-10 13:32:54,rb2401P3350,rb2401P3350,106.0,0.0,0.0,0.0,4,39.0,0.0,0,110.5,106.0,106.0,106.0,1.0,1060.0,5
2023-05-10 13:32:55,rb2401P3350,rb2401P3350,106.0,0.0,0.0,0.0,2,39.5,0.0,0,110.5,106.0,106.0,106.0,1.0,1060.0,5
2023-05-10 13:32:55,rb2401P3350,rb2401P3350,106.0,0.0,0.0,0.0,2,39.5,0.0,0,110.5,106.0,106.0,106.0,1.0,1060.0,5
2023-05-10 13:32:56,rb2401P3350,rb2401P3350,106.0,0.0,0.0,0.0,4,40.0,0.0,0,110.5,106.0,106.0,106.0,1.0,1060.0,5
2023-05-10 13:32:58,rb2401P3350,rb2401P3350,106.0,0.0,0.0,0.0,4,40.0,0.0,0,110.5,106.0,106.0,106.0,1.0,1060.0,5
2023-05-10 13:32:58,rb2401P3350,rb2401P3350,106.0,0.0,0.0,0.0,2,40.5,0.0,0,110.5,106.0,106.0,106.0,1.0,1060.0,5
2023-05-10 13:32:59,rb2401P3350,rb2401P3350,106.0,0.0,0.0,0.0,2,40.5,0.0,0,110.5,106.0,106.0,106.0,1.0,1060.0,5
2023-05-10 13:32:59,rb2401P3350,rb2401P3350,106.0,0.0,0.0,0.0,4,41.0,0.0,0,110.5,106.0,106.0,106.0,1.0,1060.0,5
2023-05-10 13:33:00,rb2401P3350,rb2401P3350,106.0,0.0,0.0,0.0,4,41.0,0.0,0,110.5,106.0,106.0,106.0,1.0,1060.0,5
2023-05-10 13:33:01,rb2401P3350,rb2401P3350,106.0,0.0,0.0,0.0,2,41.5,0.0,0,110.5,106.0,106.0,106.0,1.0,1060.0,5
2023-05-10 13:33:01,rb2401P3350,rb2401P3350,106.0,0.0,0.0,0.0,2,41.5,0.0,0,110.5,106.0,106.0,106.0,1.0,1060.0,5
2023-05-10 13:33:02,rb2401P3350,rb2401P3350,106.0,0.0,0.0,0.0,4,42.0,0.0,0,110.5,106.0,106.0,106.0,1.0,1060.0,5
2023-05-10 13:33:05,rb2401P3350,rb2401P3350,106.0,0.0,0.0,0.0,2,42.5,0.0,0,110.5,106.0,106.0,106.0,1.0,1060.0,5
2023-05-10 13:33:06,rb2401P3350,rb2401P3350,106.0,0.0,0.0,0.0,2,42.5,0.0,0,110.5,106.0,106.0,106.0,1.0,1060.0,5
2023-05-10 13:33:06,rb2401P3350,rb2401P3350,106.0,0.0,0.0,0.0,4,43.0,0.0,0,110.5,106.0,106.0,106.0,1.0,1060.0,5
2023-05-10 13:33:07,rb2401P3350,rb2401P3350,106.0,0.0,0.0,0.0,2,43.5,0.0,0,110.5,106.0,106.0,106.0,1.0,1060.0,5
2023-05-10 13:33:08,rb2401P3350,rb2401P3350,106.0,0.0,0.0,0.0,2,43.5,0.0,0,110.5,106.0,106.0,106.0,1.0,1060.0,5
2023-05-10 13:33:08,rb2401P3350,rb2401P3350,106.0,0.0,0.0,0.0,4,44.0,0.0,0,110.5,106.0,106.0,106.0,1.0,1060.0,5
2023-05-10 13:33:09,rb2401P3350,rb2401P3350,106.0,0.0,0.0,0.0,4,44.0,0.0,0,110.5,106.0,106.0,106.0,1.0,1060.0,5
2023-05-10 13:33:09,rb2401P3350,rb2401P3350,106.0,0.0,0.0,0.0,2,44.5,0.0,0,110.5,106.0,106.0,106.0,1.0,1060.0,5
2023-05-10 13:33:10,rb2401P3350,rb2401P3350,106.0,0.0,0.0,0.0,2,44.5,0.0,0,110.5,106.0,106.0,106.0,1.0,1060.0,5
2023-05-10 13:33:10,rb2401P3350,rb2401P3350,106.0,0.0,0.0,0.0,4,45.0,0.0,0,110.5,106.0,106.0,106.0,1.0,1060.0,5
2023-05-10 13:33:11,rb2401P3350,rb2401P3350,106.0,0.0,0.0,0.0,2,45.5,0.0,0,110.5,106.0,106.0,106.0,1.0,1060.0,5
2023-05-10 13:33:11,rb2401P3350,rb2401P3350,106.0,0.0,0.0,0.0,2,45.5,0.0,0,110.5,106.0,106.0,106.0,1.0,1060.0,5
2023-05-10 13:33:12,rb2401P3350,rb2401P3350,106.0,0.0,0.0,0.0,4,46.0,0.0,0,110.5,106.0,106.0,106.0,1.0,1060.0,5
2023-05-10 13:33:12,rb2401P3350,rb2401P3350,106.0,0.0,0.0,0.0,2,46.5,0.0,0,110.5,106.0,106.0,106.0,1.0,1060.0,5
2023-05-10 13:33:13,rb2401P3350,rb2401P3350,106.0,0.0,0.0,0.0,2,46.5,0.0,0,110.5,106.0,106.0,106.0,1.0,1060.0,5
2023-05-10 13:33:13,rb2401P3350,rb2401P3350,106.0,0.0,0.0,0.0,4,47.0,0.0,0,110.5,106.0,106.0,106.0,1.0,1060.0,5
2023-05-10 13:33:14,rb2401P3350,rb2401P3350,106.0,0.0,0.0,0.0,4,47.0,0.0,0,110.5,106.0,106.0,106.0,1.0,1060.0,5
2023-05-10 13:33:14,rb2401P3350,rb2401P3350,106.0,0.0,0.0,0.0,2,47.5,0.0,0,110.5,106.0,106.0,106.0,1.0,1060.0,5
2023-05-10 13:33:15,rb2401P3350,rb2401P3350,106.0,0.0,0.0,0.0,2,47.5,0.0,0,110.5,106.0,106.0,106.0,1.0,1060.0,5
2023-05-10 13:33:15,rb2401P3350,rb2401P3350,106.0,0.0,0.0,0.0,4,48.0,0.0,0,110.5,106.0,106.0,106.0,1.0,1060.0,5
2023-05-10 13:33:16,rb2401P3350,rb2401P3350,106.0,0.0,0.0,0.0,4,48.0,0.0,0,110.5,106.0,106.0,106.0,1.0,1060.0,5
2023-05-10 13:33:16,rb2401P3350,rb2401P3350,106.0,0.0,0.0,0.0,2,48.5,0.0,0,110.5,106.0,106.0,106.0,1.0,1060.0,5
2023-05-10 13:33:17,rb2401P3350,rb2401P3350,106.0,0.0,0.0,0.0,2,48.5,0.0,0,110.5,106.0,106.0,106.0,1.0,1060.0,5
2023-05-10 13:33:17,rb2401P3350,rb2401P3350,106.0,0.0,0.0,0.0,4,49.0,0.0,0,110.5,106.0,106.0,106.0,1.0,1060.0,5
2023-05-10 13:33:18,rb2401P3350,rb2401P3350,106.0,0.0,0.0,0.0,4,49.0,0.0,0,110.5,106.0,106.0,106.0,1.0,1060.0,5
2023-05-10 13:33:18,rb2401P3350,rb2401P3350,106.0,0.0,0.0,0.0,2,49.5,0.0,0,110.5,106.0,106.0,106.0,1.0,1060.0,5
2023-05-10 13:33:19,rb2401P3350,rb2401P3350,106.0,0.0,0.0,0.0,2,49.5,0.0,0,110.5,106.0,106.0,106.0,1.0,1060.0,5
2023-05-10 13:33:19,rb2401P3350,rb2401P3350,106.0,0.0,0.0,0.0,4,50.0,0.0,0,110.5,106.0,106.0,106.0,1.0,1060.0,5
2023-05-10 13:33:20,rb2401P3350,rb2401P3350,106.0,0.0,0.0,0.0,4,50.0,0.0,0,110.5,106.0,106.0,106.0,1.0,1060.0,5
2023-05-10 13:33:20,rb2401P3350,rb2401P3350,106.0,0.0,0.0,0.0,2,50.5,0.0,0,110.5,106.0,106.0,106.0,1.0,1060.0,5
2023-05-10 13:33:21,rb2401P3350,rb2401P3350,106.0,0.0,0.0,0.0,2,50.5,0.0,0,110.5,106.0,106.0,106.0,1.0,1060.0,5
2023-05-10 13:33:21,rb2401P3350,rb2401P3350,106.0,0.0,0.0,0.0,4,51.0,0.0,0,110.5,106.0,106.0,106.0,1.0,1060.0,5
2023-05-10 13:33:22,rb2401P3350,rb2401P3350,106.0,0.0,0.0,0.0,2,51.5,0.0,0,110.5,106.0,106.0,106.0,1.0,1060.0,5
2023-05-10 13:33:23,rb2401P3350,rb2401P3350,106.0,0.0,0.0,0.0,2,51.5,0.0,0,110.5,106.0,106.0,106.0,1.0,1060.0,5
2023-05-10 13:33:23,rb2401P3350,rb2401P3350,106.0,0.0,0.0,0.0,4,52.0,0.0,0,110.5,106.0,106.0,106.0,1.0,1060.0,5
2023-05-10 13:33:24,rb2401P3350,rb2401P3350,106.0,0.0,0.0,0.0,4,52.0,0.0,0,110.5,106.0,106.0,106.0,1.0,1060.0,5
2023-05-10 13:33:24,rb2401P3350,rb2401P3350,106.0,0.0,0.0,0.0,2,52.5,0.0,0,110.5,106.0,106.0,106.0,1.0,1060.0,5
2023-05-10 13:33:25,rb2401P3350,rb2401P3350,106.0,0.0,0.0,0.0,2,52.5,0.0,0,110.5,106.0,106.0,106.0,1.0,1060.0,5
2023-05-10 13:33:25,rb2401P3350,rb2401P3350,106.0,0.0,0.0,0.0,4,53.0,0.0,0,110.5,106.0,106.0,106.0,1.0,1060.0,5
2023-05-10 13:33:26,rb2401P3350,rb2401P3350,106.0,0.0,0.0,0.0,4,53.0,0.0,0,110.5,106.0,106.0,106.0,1.0,1060.0,5
2023-05-10 13:33:26,rb2401P3350,rb2401P3350,106.0,0.0,0.0,0.0,2,53.5,0.0,0,110.5,106.0,106.0,106.0,1.0,1060.0,5
2023-05-10 13:33:27,rb2401P3350,rb2401P3350,106.0,0.0,0.0,0.0,2,53.5,0.0,0,110.5,106.0,106.0,106.0,1.0,1060.0,5
2023-05-10 13:33:27,rb2401P3350,rb2401P3350,106.0,0.0,0.0,0.0,4,54.0,0.0,0,110.5,106.0,106.0,106.0,1.0,1060.0,5
2023-05-10 13:33:28,rb2401P3350,rb2401P3350,106.0,0.0,0.0,0.0,2,54.5,0.0,0,110.5,106.0,106.0,106.0,1.0,1060.0,5
2023-05-10 13:33:28,rb2401P3350,rb2401P3350,106.0,0.0,0.0,0.0,2,54.5,0.0,0,110.5,106.0,106.0,106.0,1.0,1060.0,5
2023-05-10 13:33:29,rb2401P3350,rb2401P3350,106.0,0.0,0.0,0.0,4,55.0,0.0,0,110.5,106.0,106.0,106.0,1.0,1060.0,5
2023-05-10 13:33:29,rb2401P3350,rb2401P3350,106.0,0.0,0.0,0.0,4,55.0,0.0,0,110.5,106.0,106.0,106.0,1.0,1060.0,5
2023-05-10 13:33:30,rb2401P3350,rb2401P3350,106.0,0.0,0.0,0.0,2,55.5,0.0,0,110.5,106.0,106.0,106.0,1.0,1060.0,5
2023-05-10 13:33:30,rb2401P3350,rb2401P3350,106.0,0.0,0.0,0.0,2,55.5,0.0,0,110.5,106.0,106.0,106.0,1.0,1060.0,5
2023-05-10 13:33:31,rb2401P3350,rb2401P3350,106.0,0.0,0.0,0.0,4,56.0,0.0,0,110.5,106.0,106.0,106.0,1.0,1060.0,5
2023-05-10 13:33:31,rb2401P3350,rb2401P3350,106.0,0.0,0.0,0.0,4,56.0,0.0,0,110.5,106.0,106.0,106.0,1.0,1060.0,5
2023-05-10 13:34:51,rb2401P3350,rb2401P3350,106.0,0.0,0.0,0.0,1,7.5,0.0,0,110.5,106.0,106.0,106.0,1.0,1060.0,5
2023-05-10 13:34:52,rb2401P3350,rb2401P3350,106.0,0.0,0.0,0.0,2,8.0,0.0,0,110.5,106.0,106.0,106.0,1.0,1060.0,5
2023-05-10 13:39:20,rb2401P3350,rb2401P3350,106.0,0.0,0.0,0.0,4,8.5,0.0,0,110.5,106.0,106.0,106.0,1.0,1060.0,5
2023-05-10 13:39:22,rb2401P3350,rb2401P3350,106.0,0.0,0.0,0.0,4,8.5,0.0,0,110.5,106.0,106.0,106.0,1.0,1060.0,5
2023-05-10 13:39:23,rb2401P3350,rb2401P3350,106.0,0.0,0.0,0.0,2,16.5,0.0,0,110.5,106.0,106.0,106.0,1.0,1060.0,5
2023-05-10 13:39:23,rb2401P3350,rb2401P3350,106.0,0.0,0.0,0.0,2,16.5,0.0,0,110.5,106.0,106.0,106.0,1.0,1060.0,5
2023-05-10 13:39:24,rb2401P3350,rb2401P3350,106.0,0.0,0.0,0.0,4,17.0,0.0,0,110.5,106.0,106.0,106.0,1.0,1060.0,5
2023-05-10 13:39:26,rb2401P3350,rb2401P3350,106.0,0.0,0.0,0.0,4,17.0,0.0,0,110.5,106.0,106.0,106.0,1.0,1060.0,5
2023-05-10 13:39:27,rb2401P3350,rb2401P3350,106.0,0.0,0.0,0.0,2,21.0,0.0,0,110.5,106.0,106.0,106.0,1.0,1060.0,5
2023-05-10 13:39:27,rb2401P3350,rb2401P3350,106.0,0.0,0.0,0.0,2,21.0,0.0,0,110.5,106.0,106.0,106.0,1.0,1060.0,5
2023-05-10 13:39:28,rb2401P3350,rb2401P3350,106.0,0.0,0.0,0.0,4,21.5,0.0,0,110.5,106.0,106.0,106.0,1.0,1060.0,5
2023-05-10 13:39:30,rb2401P3350,rb2401P3350,106.0,0.0,0.0,0.0,4,21.5,0.0,0,110.5,106.0,106.0,106.0,1.0,1060.0,5
2023-05-10 13:39:30,rb2401P3350,rb2401P3350,106.0,0.0,0.0,0.0,2,22.0,0.0,0,110.5,106.0,106.0,106.0,1.0,1060.0,5
2023-05-10 13:39:31,rb2401P3350,rb2401P3350,106.0,0.0,0.0,0.0,2,22.0,0.0,0,110.5,106.0,106.0,106.0,1.0,1060.0,5
2023-05-10 13:39:31,rb2401P3350,rb2401P3350,106.0,0.0,0.0,0.0,4,22.5,0.0,0,110.5,106.0,106.0,106.0,1.0,1060.0,5
2023-05-10 13:39:32,rb2401P3350,rb2401P3350,106.0,0.0,0.0,0.0,4,22.5,0.0,0,110.5,106.0,106.0,106.0,1.0,1060.0,5
2023-05-10 13:39:32,rb2401P3350,rb2401P3350,106.0,0.0,0.0,0.0,2,23.0,0.0,0,110.5,106.0,106.0,106.0,1.0,1060.0,5
2023-05-10 13:39:33,rb2401P3350,rb2401P3350,106.0,0.0,0.0,0.0,2,23.0,0.0,0,110.5,106.0,106.0,106.0,1.0,1060.0,5
2023-05-10 13:39:33,rb2401P3350,rb2401P3350,106.0,0.0,0.0,0.0,4,23.5,0.0,0,110.5,106.0,106.0,106.0,1.0,1060.0,5
2023-05-10 13:39:34,rb2401P3350,rb2401P3350,106.0,0.0,0.0,0.0,4,23.5,0.0,0,110.5,106.0,106.0,106.0,1.0,1060.0,5
2023-05-10 13:39:34,rb2401P3350,rb2401P3350,106.0,0.0,0.0,0.0,2,24.0,0.0,0,110.5,106.0,106.0,106.0,1.0,1060.0,5
2023-05-10 13:39:35,rb2401P3350,rb2401P3350,106.0,0.0,0.0,0.0,2,24.0,0.0,0,110.5,106.0,106.0,106.0,1.0,1060.0,5
2023-05-10 13:39:35,rb2401P3350,rb2401P3350,106.0,0.0,0.0,0.0,4,24.5,0.0,0,110.5,106.0,106.0,106.0,1.0,1060.0,5
