time,symbol_id,symbol_name,last,trade_volume,trade_amount,open_interest_change,bv1,bp1,ap1,av1,yesterday_close,today_open,today_high,today_low,volume,amount,open_interest
2023-05-10 20:58:43,rr2309,rr2309,3429.0,0.0,0.0,0.0,3,3425.0,3429.0,1,3429.0,3427.0,0.0,0.0,0.0,0.0,3610
2023-05-10 21:00:05,rr2309,rr2309,3429.0,0.0,0.0,0.0,1,3426.0,3429.0,1,3429.0,3427.0,0.0,0.0,0.0,0.0,3610
2023-05-10 21:00:05,rr2309,rr2309,3427.0,3.0,102810.0,3.0,1,3426.0,3427.0,3,3429.0,3427.0,3427.0,3427.0,3.0,102810.0,3613
2023-05-10 21:00:06,rr2309,rr2309,3427.0,0.0,0.0,0.0,1,3426.0,3427.0,6,3429.0,3427.0,3427.0,3427.0,3.0,102810.0,3613
2023-05-10 21:00:11,rr2309,rr2309,3427.0,0.0,0.0,0.0,1,3426.0,3427.0,9,3429.0,3427.0,3427.0,3427.0,3.0,102810.0,3613
2023-05-10 21:00:13,rr2309,rr2309,3427.0,0.0,0.0,0.0,1,3426.0,3427.0,6,3429.0,3427.0,3427.0,3427.0,3.0,102810.0,3613
2023-05-10 21:00:13,rr2309,rr2309,3427.0,0.0,0.0,0.0,1,3426.0,3427.0,9,3429.0,3427.0,3427.0,3427.0,3.0,102810.0,3613
2023-05-10 21:00:14,rr2309,rr2309,3427.0,0.0,0.0,0.0,1,3426.0,3427.0,12,3429.0,3427.0,3427.0,3427.0,3.0,102810.0,3613
2023-05-10 21:00:14,rr2309,rr2309,3427.0,0.0,0.0,0.0,1,3426.0,3427.0,15,3429.0,3427.0,3427.0,3427.0,3.0,102810.0,3613
2023-05-10 21:00:17,rr2309,rr2309,3427.0,0.0,0.0,0.0,4,3426.0,3427.0,12,3429.0,3427.0,3427.0,3427.0,3.0,102810.0,3613
2023-05-10 21:00:19,rr2309,rr2309,3427.0,0.0,0.0,0.0,1,3426.0,3427.0,15,3429.0,3427.0,3427.0,3427.0,3.0,102810.0,3613
2023-05-10 21:00:26,rr2309,rr2309,3427.0,0.0,0.0,0.0,1,3426.0,3427.0,12,3429.0,3427.0,3427.0,3427.0,3.0,102810.0,3613
2023-05-10 21:00:27,rr2309,rr2309,3427.0,0.0,0.0,0.0,1,3426.0,3427.0,15,3429.0,3427.0,3427.0,3427.0,3.0,102810.0,3613
2023-05-10 21:00:31,rr2309,rr2309,3427.0,0.0,0.0,0.0,1,3426.0,3427.0,12,3429.0,3427.0,3427.0,3427.0,3.0,102810.0,3613
2023-05-10 21:00:32,rr2309,rr2309,3427.0,0.0,0.0,0.0,1,3426.0,3427.0,15,3429.0,3427.0,3427.0,3427.0,3.0,102810.0,3613
2023-05-10 21:00:36,rr2309,rr2309,3427.0,0.0,0.0,0.0,1,3426.0,3427.0,12,3429.0,3427.0,3427.0,3427.0,3.0,102810.0,3613
2023-05-10 21:00:37,rr2309,rr2309,3427.0,0.0,0.0,0.0,1,3426.0,3427.0,15,3429.0,3427.0,3427.0,3427.0,3.0,102810.0,3613
2023-05-10 21:00:41,rr2309,rr2309,3427.0,0.0,0.0,0.0,1,3426.0,3427.0,12,3429.0,3427.0,3427.0,3427.0,3.0,102810.0,3613
2023-05-10 21:00:45,rr2309,rr2309,3427.0,0.0,0.0,0.0,1,3426.0,3427.0,15,3429.0,3427.0,3427.0,3427.0,3.0,102810.0,3613
2023-05-10 21:00:46,rr2309,rr2309,3427.0,0.0,0.0,0.0,19,3425.0,3427.0,15,3429.0,3427.0,3427.0,3427.0,3.0,102810.0,3613
2023-05-10 21:00:46,rr2309,rr2309,3427.0,0.0,0.0,0.0,3,3426.0,3427.0,12,3429.0,3427.0,3427.0,3427.0,3.0,102810.0,3613
2023-05-10 21:00:47,rr2309,rr2309,3427.0,0.0,0.0,0.0,3,3426.0,3427.0,3,3429.0,3427.0,3427.0,3427.0,3.0,102810.0,3613
2023-05-10 21:00:49,rr2309,rr2309,3427.0,0.0,0.0,0.0,15,3425.0,3427.0,3,3429.0,3427.0,3427.0,3427.0,3.0,102810.0,3613
2023-05-10 21:00:49,rr2309,rr2309,3427.0,0.0,0.0,0.0,12,3425.0,3427.0,3,3429.0,3427.0,3427.0,3427.0,3.0,102810.0,3613
2023-05-10 21:00:50,rr2309,rr2309,3427.0,0.0,0.0,0.0,6,3425.0,3427.0,3,3429.0,3427.0,3427.0,3427.0,3.0,102810.0,3613
2023-05-10 21:00:51,rr2309,rr2309,3427.0,0.0,0.0,0.0,3,3426.0,3427.0,3,3429.0,3427.0,3427.0,3427.0,3.0,102810.0,3613
2023-05-10 21:00:54,rr2309,rr2309,3427.0,0.0,0.0,0.0,15,3425.0,3427.0,3,3429.0,3427.0,3427.0,3427.0,3.0,102810.0,3613
2023-05-10 21:00:55,rr2309,rr2309,3427.0,0.0,0.0,0.0,12,3425.0,3427.0,3,3429.0,3427.0,3427.0,3427.0,3.0,102810.0,3613
2023-05-10 21:00:55,rr2309,rr2309,3427.0,0.0,0.0,0.0,15,3425.0,3427.0,3,3429.0,3427.0,3427.0,3427.0,3.0,102810.0,3613
2023-05-10 21:00:56,rr2309,rr2309,3427.0,0.0,0.0,0.0,3,3426.0,3427.0,3,3429.0,3427.0,3427.0,3427.0,3.0,102810.0,3613
2023-05-10 21:00:59,rr2309,rr2309,3427.0,0.0,0.0,0.0,15,3425.0,3427.0,3,3429.0,3427.0,3427.0,3427.0,3.0,102810.0,3613
2023-05-10 21:01:01,rr2309,rr2309,3427.0,0.0,0.0,0.0,3,3426.0,3427.0,3,3429.0,3427.0,3427.0,3427.0,3.0,102810.0,3613
2023-05-10 21:01:03,rr2309,rr2309,3426.0,3.0,102780.0,3.0,21,3425.0,3426.0,9,3429.0,3427.0,3427.0,3426.0,6.0,205590.0,3616
2023-05-10 21:01:04,rr2309,rr2309,3426.0,0.0,0.0,0.0,18,3425.0,3426.0,15,3429.0,3427.0,3427.0,3426.0,6.0,205590.0,3616
2023-05-10 21:01:04,rr2309,rr2309,3426.0,0.0,0.0,0.0,15,3425.0,3426.0,15,3429.0,3427.0,3427.0,3426.0,6.0,205590.0,3616
2023-05-10 21:01:05,rr2309,rr2309,3426.0,0.0,0.0,0.0,18,3425.0,3426.0,15,3429.0,3427.0,3427.0,3426.0,6.0,205590.0,3616
2023-05-10 21:01:08,rr2309,rr2309,3426.0,0.0,0.0,0.0,18,3425.0,3426.0,18,3429.0,3427.0,3427.0,3426.0,6.0,205590.0,3616
2023-05-10 21:01:08,rr2309,rr2309,3426.0,0.0,0.0,0.0,18,3425.0,3426.0,21,3429.0,3427.0,3427.0,3426.0,6.0,205590.0,3616
2023-05-10 21:01:10,rr2309,rr2309,3426.0,0.0,0.0,0.0,12,3425.0,3426.0,21,3429.0,3427.0,3427.0,3426.0,6.0,205590.0,3616
2023-05-10 21:01:10,rr2309,rr2309,3426.0,0.0,0.0,0.0,15,3425.0,3426.0,21,3429.0,3427.0,3427.0,3426.0,6.0,205590.0,3616
2023-05-10 21:01:12,rr2309,rr2309,3426.0,0.0,0.0,0.0,15,3425.0,3426.0,18,3429.0,3427.0,3427.0,3426.0,6.0,205590.0,3616
2023-05-10 21:01:13,rr2309,rr2309,3426.0,0.0,0.0,0.0,15,3425.0,3426.0,21,3429.0,3427.0,3427.0,3426.0,6.0,205590.0,3616
2023-05-10 21:01:14,rr2309,rr2309,3426.0,0.0,0.0,0.0,12,3425.0,3426.0,21,3429.0,3427.0,3427.0,3426.0,6.0,205590.0,3616
2023-05-10 21:01:15,rr2309,rr2309,3426.0,0.0,0.0,0.0,15,3425.0,3426.0,21,3429.0,3427.0,3427.0,3426.0,6.0,205590.0,3616
2023-05-10 21:01:17,rr2309,rr2309,3426.0,0.0,0.0,0.0,15,3425.0,3426.0,18,3429.0,3427.0,3427.0,3426.0,6.0,205590.0,3616
2023-05-10 21:01:18,rr2309,rr2309,3426.0,0.0,0.0,0.0,15,3425.0,3426.0,21,3429.0,3427.0,3427.0,3426.0,6.0,205590.0,3616
2023-05-10 21:01:20,rr2309,rr2309,3426.0,0.0,0.0,0.0,12,3425.0,3426.0,21,3429.0,3427.0,3427.0,3426.0,6.0,205590.0,3616
2023-05-10 21:01:22,rr2309,rr2309,3426.0,0.0,0.0,0.0,12,3425.0,3426.0,18,3429.0,3427.0,3427.0,3426.0,6.0,205590.0,3616
2023-05-10 21:01:23,rr2309,rr2309,3426.0,0.0,0.0,0.0,15,3425.0,3426.0,21,3429.0,3427.0,3427.0,3426.0,6.0,205590.0,3616
2023-05-10 21:01:24,rr2309,rr2309,3426.0,0.0,0.0,0.0,12,3425.0,3426.0,21,3429.0,3427.0,3427.0,3426.0,6.0,205590.0,3616
2023-05-10 21:01:25,rr2309,rr2309,3426.0,0.0,0.0,0.0,6,3425.0,3426.0,24,3429.0,3427.0,3427.0,3426.0,6.0,205590.0,3616
2023-05-10 21:01:28,rr2309,rr2309,3426.0,0.0,0.0,0.0,3,3425.0,3426.0,21,3429.0,3427.0,3427.0,3426.0,6.0,205590.0,3616
2023-05-10 21:01:28,rr2309,rr2309,3426.0,0.0,0.0,0.0,3,3425.0,3426.0,24,3429.0,3427.0,3427.0,3426.0,6.0,205590.0,3616
2023-05-10 21:01:32,rr2309,rr2309,3426.0,0.0,0.0,0.0,3,3425.0,3426.0,21,3429.0,3427.0,3427.0,3426.0,6.0,205590.0,3616
2023-05-10 21:01:33,rr2309,rr2309,3426.0,0.0,0.0,0.0,3,3425.0,3426.0,24,3429.0,3427.0,3427.0,3426.0,6.0,205590.0,3616
2023-05-10 21:01:38,rr2309,rr2309,3426.0,0.0,0.0,0.0,3,3425.0,3426.0,21,3429.0,3427.0,3427.0,3426.0,6.0,205590.0,3616
2023-05-10 21:01:38,rr2309,rr2309,3426.0,0.0,0.0,0.0,3,3425.0,3426.0,24,3429.0,3427.0,3427.0,3426.0,6.0,205590.0,3616
2023-05-10 21:01:39,rr2309,rr2309,3425.0,1.0,34250.0,-1.0,2,3425.0,3426.0,24,3429.0,3427.0,3427.0,3425.0,7.0,239840.0,3615
2023-05-10 21:01:42,rr2309,rr2309,3425.0,0.0,0.0,0.0,2,3425.0,3426.0,21,3429.0,3427.0,3427.0,3425.0,7.0,239840.0,3615
2023-05-10 21:01:43,rr2309,rr2309,3425.0,0.0,0.0,0.0,2,3425.0,3426.0,24,3429.0,3427.0,3427.0,3425.0,7.0,239840.0,3615
2023-05-10 21:01:47,rr2309,rr2309,3425.0,2.0,68500.0,0.0,22,3424.0,3425.0,1,3429.0,3427.0,3427.0,3425.0,9.0,308340.0,3615
2023-05-10 21:01:48,rr2309,rr2309,3425.0,0.0,0.0,0.0,19,3424.0,3425.0,1,3429.0,3427.0,3427.0,3425.0,9.0,308340.0,3615
2023-05-10 21:01:49,rr2309,rr2309,3425.0,0.0,0.0,0.0,16,3424.0,3425.0,1,3429.0,3427.0,3427.0,3425.0,9.0,308340.0,3615
2023-05-10 21:01:51,rr2309,rr2309,3425.0,0.0,0.0,0.0,19,3424.0,3425.0,1,3429.0,3427.0,3427.0,3425.0,9.0,308340.0,3615
2023-05-10 21:01:54,rr2309,rr2309,3425.0,0.0,0.0,0.0,16,3424.0,3425.0,7,3429.0,3427.0,3427.0,3425.0,9.0,308340.0,3615
2023-05-10 21:01:56,rr2309,rr2309,3425.0,0.0,0.0,0.0,19,3424.0,3425.0,13,3429.0,3427.0,3427.0,3425.0,9.0,308340.0,3615
2023-05-10 21:01:58,rr2309,rr2309,3425.0,0.0,0.0,0.0,19,3424.0,3425.0,19,3429.0,3427.0,3427.0,3425.0,9.0,308340.0,3615
2023-05-10 21:01:58,rr2309,rr2309,3425.0,0.0,0.0,0.0,19,3424.0,3425.0,22,3429.0,3427.0,3427.0,3425.0,9.0,308340.0,3615
2023-05-10 21:01:59,rr2309,rr2309,3425.0,0.0,0.0,0.0,13,3424.0,3425.0,25,3429.0,3427.0,3427.0,3425.0,9.0,308340.0,3615
2023-05-10 21:01:59,rr2309,rr2309,3425.0,0.0,0.0,0.0,10,3424.0,3425.0,22,3429.0,3427.0,3427.0,3425.0,9.0,308340.0,3615
2023-05-10 21:02:00,rr2309,rr2309,3425.0,0.0,0.0,0.0,7,3424.0,3425.0,25,3429.0,3427.0,3427.0,3425.0,9.0,308340.0,3615
2023-05-10 21:02:01,rr2309,rr2309,3425.0,0.0,0.0,0.0,1,3424.0,3425.0,28,3429.0,3427.0,3427.0,3425.0,9.0,308340.0,3615
2023-05-10 21:02:02,rr2309,rr2309,3425.0,0.0,0.0,0.0,1,3424.0,3425.0,26,3429.0,3427.0,3427.0,3425.0,9.0,308340.0,3615
2023-05-10 21:02:03,rr2309,rr2309,3425.0,0.0,0.0,0.0,1,3424.0,3425.0,29,3429.0,3427.0,3427.0,3425.0,9.0,308340.0,3615
2023-05-10 21:02:08,rr2309,rr2309,3425.0,0.0,0.0,0.0,1,3424.0,3425.0,26,3429.0,3427.0,3427.0,3425.0,9.0,308340.0,3615
2023-05-10 21:02:08,rr2309,rr2309,3425.0,0.0,0.0,0.0,1,3424.0,3425.0,29,3429.0,3427.0,3427.0,3425.0,9.0,308340.0,3615
2023-05-10 21:02:09,rr2309,rr2309,3425.0,0.0,0.0,0.0,2,3424.0,3425.0,29,3429.0,3427.0,3427.0,3425.0,9.0,308340.0,3615
2023-05-10 21:02:09,rr2309,rr2309,3424.0,2.0,68480.0,0.0,24,3423.0,3425.0,29,3429.0,3427.0,3427.0,3424.0,11.0,376820.0,3615
2023-05-10 21:02:10,rr2309,rr2309,3424.0,0.0,0.0,0.0,15,3423.0,3424.0,3,3429.0,3427.0,3427.0,3424.0,11.0,376820.0,3615
2023-05-10 21:02:10,rr2309,rr2309,3424.0,0.0,0.0,0.0,18,3423.0,3424.0,3,3429.0,3427.0,3427.0,3424.0,11.0,376820.0,3615
2023-05-10 21:02:12,rr2309,rr2309,3424.0,0.0,0.0,0.0,18,3423.0,3425.0,29,3429.0,3427.0,3427.0,3424.0,11.0,376820.0,3615
2023-05-10 21:02:13,rr2309,rr2309,3424.0,0.0,0.0,0.0,18,3423.0,3425.0,26,3429.0,3427.0,3427.0,3424.0,11.0,376820.0,3615
2023-05-10 21:02:13,rr2309,rr2309,3424.0,0.0,0.0,0.0,18,3423.0,3425.0,29,3429.0,3427.0,3427.0,3424.0,11.0,376820.0,3615
2023-05-10 21:02:14,rr2309,rr2309,3424.0,0.0,0.0,0.0,18,3423.0,3424.0,3,3429.0,3427.0,3427.0,3424.0,11.0,376820.0,3615
2023-05-10 21:02:15,rr2309,rr2309,3424.0,0.0,0.0,0.0,15,3423.0,3424.0,3,3429.0,3427.0,3427.0,3424.0,11.0,376820.0,3615
2023-05-10 21:02:15,rr2309,rr2309,3424.0,0.0,0.0,0.0,18,3423.0,3424.0,10,3429.0,3427.0,3427.0,3424.0,11.0,376820.0,3615
2023-05-10 21:02:16,rr2309,rr2309,3424.0,0.0,0.0,0.0,21,3423.0,3424.0,7,3429.0,3427.0,3427.0,3424.0,11.0,376820.0,3615
2023-05-10 21:02:18,rr2309,rr2309,3424.0,0.0,0.0,0.0,21,3423.0,3425.0,29,3429.0,3427.0,3427.0,3424.0,11.0,376820.0,3615
2023-05-10 21:02:18,rr2309,rr2309,3424.0,0.0,0.0,0.0,18,3423.0,3424.0,3,3429.0,3427.0,3427.0,3424.0,11.0,376820.0,3615
2023-05-10 21:02:20,rr2309,rr2309,3424.0,0.0,0.0,0.0,15,3423.0,3424.0,16,3429.0,3427.0,3427.0,3424.0,11.0,376820.0,3615
2023-05-10 21:02:20,rr2309,rr2309,3424.0,0.0,0.0,0.0,15,3423.0,3424.0,22,3429.0,3427.0,3427.0,3424.0,11.0,376820.0,3615
2023-05-10 21:02:22,rr2309,rr2309,3424.0,0.0,0.0,0.0,15,3423.0,3424.0,19,3429.0,3427.0,3427.0,3424.0,11.0,376820.0,3615
2023-05-10 21:02:23,rr2309,rr2309,3424.0,0.0,0.0,0.0,15,3423.0,3424.0,22,3429.0,3427.0,3427.0,3424.0,11.0,376820.0,3615
2023-05-10 21:02:25,rr2309,rr2309,3424.0,22.0,753280.0,19.0,21,3424.0,3425.0,26,3429.0,3427.0,3427.0,3424.0,33.0,1130100.0,3634
2023-05-10 21:02:25,rr2309,rr2309,3424.0,0.0,0.0,0.0,27,3424.0,3425.0,16,3429.0,3427.0,3427.0,3424.0,33.0,1130100.0,3634
2023-05-10 21:02:26,rr2309,rr2309,3424.0,0.0,0.0,0.0,27,3424.0,3425.0,13,3429.0,3427.0,3427.0,3424.0,33.0,1130100.0,3634
2023-05-10 21:02:27,rr2309,rr2309,3425.0,13.0,445250.0,7.0,6,3425.0,3426.0,15,3429.0,3427.0,3427.0,3424.0,46.0,1575350.0,3641
2023-05-10 21:02:27,rr2309,rr2309,3425.0,0.0,0.0,0.0,10,3425.0,3426.0,21,3429.0,3427.0,3427.0,3424.0,46.0,1575350.0,3641
2023-05-10 21:02:28,rr2309,rr2309,3425.0,0.0,0.0,0.0,18,3425.0,3426.0,18,3429.0,3427.0,3427.0,3424.0,46.0,1575350.0,3641
2023-05-10 21:02:28,rr2309,rr2309,3425.0,0.0,0.0,0.0,18,3425.0,3426.0,21,3429.0,3427.0,3427.0,3424.0,46.0,1575350.0,3641
2023-05-10 21:02:33,rr2309,rr2309,3425.0,0.0,0.0,0.0,21,3425.0,3426.0,21,3429.0,3427.0,3427.0,3424.0,46.0,1575350.0,3641
2023-05-10 21:02:38,rr2309,rr2309,3425.0,0.0,0.0,0.0,21,3425.0,3426.0,15,3429.0,3427.0,3427.0,3424.0,46.0,1575350.0,3641
2023-05-10 21:02:38,rr2309,rr2309,3426.0,14.0,479640.0,3.0,3,3426.0,3427.0,12,3429.0,3427.0,3427.0,3424.0,60.0,2054990.0,3644
2023-05-10 21:02:39,rr2309,rr2309,3426.0,0.0,0.0,0.0,5,3426.0,3427.0,18,3429.0,3427.0,3427.0,3424.0,60.0,2054990.0,3644
2023-05-10 21:02:45,rr2309,rr2309,3426.0,0.0,0.0,0.0,8,3426.0,3427.0,15,3429.0,3427.0,3427.0,3424.0,60.0,2054990.0,3644
2023-05-10 21:02:45,rr2309,rr2309,3426.0,0.0,0.0,0.0,10,3426.0,3427.0,18,3429.0,3427.0,3427.0,3424.0,60.0,2054990.0,3644
2023-05-10 21:02:46,rr2309,rr2309,3426.0,0.0,0.0,0.0,13,3426.0,3427.0,15,3429.0,3427.0,3427.0,3424.0,60.0,2054990.0,3644
2023-05-10 21:02:46,rr2309,rr2309,3426.0,0.0,0.0,0.0,14,3426.0,3427.0,15,3429.0,3427.0,3427.0,3424.0,60.0,2054990.0,3644
2023-05-10 21:02:47,rr2309,rr2309,3426.0,0.0,0.0,0.0,17,3426.0,3427.0,15,3429.0,3427.0,3427.0,3424.0,60.0,2054990.0,3644
2023-05-10 21:02:47,rr2309,rr2309,3426.0,0.0,0.0,0.0,20,3426.0,3427.0,12,3429.0,3427.0,3427.0,3424.0,60.0,2054990.0,3644
2023-05-10 21:02:48,rr2309,rr2309,3426.0,0.0,0.0,0.0,20,3426.0,3427.0,9,3429.0,3427.0,3427.0,3424.0,60.0,2054990.0,3644
2023-05-10 21:02:48,rr2309,rr2309,3426.0,0.0,0.0,0.0,20,3426.0,3427.0,6,3429.0,3427.0,3427.0,3424.0,60.0,2054990.0,3644
2023-05-10 21:02:49,rr2309,rr2309,3426.0,0.0,0.0,0.0,23,3426.0,3427.0,3,3429.0,3427.0,3427.0,3424.0,60.0,2054990.0,3644
2023-05-10 21:02:49,rr2309,rr2309,3426.0,0.0,0.0,0.0,20,3426.0,3427.0,6,3429.0,3427.0,3427.0,3424.0,60.0,2054990.0,3644
2023-05-10 21:02:50,rr2309,rr2309,3426.0,23.0,787980.0,-9.0,9,3425.0,3426.0,8,3429.0,3427.0,3427.0,3424.0,83.0,2842970.0,3635
2023-05-10 21:02:50,rr2309,rr2309,3426.0,3.0,102780.0,-3.0,9,3425.0,3426.0,8,3429.0,3427.0,3427.0,3424.0,86.0,2945750.0,3632
2023-05-10 21:02:51,rr2309,rr2309,3426.0,0.0,0.0,0.0,12,3425.0,3426.0,8,3429.0,3427.0,3427.0,3424.0,86.0,2945750.0,3632
2023-05-10 21:02:51,rr2309,rr2309,3426.0,0.0,0.0,0.0,15,3425.0,3426.0,8,3429.0,3427.0,3427.0,3424.0,86.0,2945750.0,3632
2023-05-10 21:02:53,rr2309,rr2309,3426.0,0.0,0.0,0.0,15,3425.0,3426.0,5,3429.0,3427.0,3427.0,3424.0,86.0,2945750.0,3632
2023-05-10 21:02:53,rr2309,rr2309,3426.0,0.0,0.0,0.0,15,3425.0,3426.0,8,3429.0,3427.0,3427.0,3424.0,86.0,2945750.0,3632
2023-05-10 21:02:57,rr2309,rr2309,3426.0,0.0,0.0,0.0,15,3425.0,3426.0,5,3429.0,3427.0,3427.0,3424.0,86.0,2945750.0,3632
2023-05-10 21:02:58,rr2309,rr2309,3426.0,0.0,0.0,0.0,15,3425.0,3426.0,8,3429.0,3427.0,3427.0,3424.0,86.0,2945750.0,3632
2023-05-10 21:03:01,rr2309,rr2309,3426.0,0.0,0.0,0.0,9,3425.0,3426.0,17,3429.0,3427.0,3427.0,3424.0,86.0,2945750.0,3632
2023-05-10 21:03:02,rr2309,rr2309,3426.0,0.0,0.0,0.0,3,3425.0,3426.0,28,3429.0,3427.0,3427.0,3424.0,86.0,2945750.0,3632
2023-05-10 21:03:02,rr2309,rr2309,3426.0,0.0,0.0,0.0,3,3425.0,3426.0,25,3429.0,3427.0,3427.0,3424.0,86.0,2945750.0,3632
2023-05-10 21:03:03,rr2309,rr2309,3426.0,0.0,0.0,0.0,3,3425.0,3426.0,28,3429.0,3427.0,3427.0,3424.0,86.0,2945750.0,3632
2023-05-10 21:03:07,rr2309,rr2309,3426.0,0.0,0.0,0.0,3,3425.0,3426.0,25,3429.0,3427.0,3427.0,3424.0,86.0,2945750.0,3632
2023-05-10 21:03:08,rr2309,rr2309,3426.0,0.0,0.0,0.0,3,3425.0,3426.0,28,3429.0,3427.0,3427.0,3424.0,86.0,2945750.0,3632
2023-05-10 21:03:10,rr2309,rr2309,3426.0,0.0,0.0,0.0,3,3425.0,3426.0,31,3429.0,3427.0,3427.0,3424.0,86.0,2945750.0,3632
2023-05-10 21:03:13,rr2309,rr2309,3426.0,0.0,0.0,0.0,3,3425.0,3426.0,28,3429.0,3427.0,3427.0,3424.0,86.0,2945750.0,3632
2023-05-10 21:03:14,rr2309,rr2309,3426.0,0.0,0.0,0.0,3,3425.0,3426.0,31,3429.0,3427.0,3427.0,3424.0,86.0,2945750.0,3632
2023-05-10 21:03:17,rr2309,rr2309,3426.0,0.0,0.0,0.0,3,3425.0,3426.0,28,3429.0,3427.0,3427.0,3424.0,86.0,2945750.0,3632
2023-05-10 21:03:18,rr2309,rr2309,3426.0,0.0,0.0,0.0,3,3425.0,3426.0,31,3429.0,3427.0,3427.0,3424.0,86.0,2945750.0,3632
2023-05-10 21:03:22,rr2309,rr2309,3426.0,0.0,0.0,0.0,3,3425.0,3426.0,28,3429.0,3427.0,3427.0,3424.0,86.0,2945750.0,3632
2023-05-10 21:03:23,rr2309,rr2309,3425.0,3.0,102750.0,-3.0,27,3424.0,3425.0,3,3429.0,3427.0,3427.0,3424.0,89.0,3048500.0,3629
2023-05-10 21:03:24,rr2309,rr2309,3425.0,0.0,0.0,0.0,24,3424.0,3425.0,3,3429.0,3427.0,3427.0,3424.0,89.0,3048500.0,3629
2023-05-10 21:03:25,rr2309,rr2309,3425.0,0.0,0.0,0.0,24,3424.0,3425.0,6,3429.0,3427.0,3427.0,3424.0,89.0,3048500.0,3629
2023-05-10 21:03:26,rr2309,rr2309,3425.0,0.0,0.0,0.0,24,3424.0,3425.0,12,3429.0,3427.0,3427.0,3424.0,89.0,3048500.0,3629
2023-05-10 21:03:26,rr2309,rr2309,3425.0,0.0,0.0,0.0,21,3424.0,3425.0,18,3429.0,3427.0,3427.0,3424.0,89.0,3048500.0,3629
2023-05-10 21:03:28,rr2309,rr2309,3425.0,0.0,0.0,0.0,21,3424.0,3425.0,21,3429.0,3427.0,3427.0,3424.0,89.0,3048500.0,3629
2023-05-10 21:03:28,rr2309,rr2309,3425.0,3.0,102750.0,3.0,21,3424.0,3425.0,18,3429.0,3427.0,3427.0,3424.0,92.0,3151250.0,3632
2023-05-10 21:03:29,rr2309,rr2309,3425.0,0.0,0.0,0.0,24,3424.0,3425.0,18,3429.0,3427.0,3427.0,3424.0,92.0,3151250.0,3632
2023-05-10 21:03:31,rr2309,rr2309,3425.0,0.0,0.0,0.0,24,3424.0,3425.0,15,3429.0,3427.0,3427.0,3424.0,92.0,3151250.0,3632
2023-05-10 21:03:31,rr2309,rr2309,3425.0,0.0,0.0,0.0,21,3424.0,3425.0,18,3429.0,3427.0,3427.0,3424.0,92.0,3151250.0,3632
2023-05-10 21:03:32,rr2309,rr2309,3425.0,0.0,0.0,0.0,24,3424.0,3425.0,15,3429.0,3427.0,3427.0,3424.0,92.0,3151250.0,3632
2023-05-10 21:03:32,rr2309,rr2309,3425.0,0.0,0.0,0.0,21,3424.0,3425.0,18,3429.0,3427.0,3427.0,3424.0,92.0,3151250.0,3632
2023-05-10 21:03:33,rr2309,rr2309,3425.0,0.0,0.0,0.0,21,3424.0,3425.0,15,3429.0,3427.0,3427.0,3424.0,92.0,3151250.0,3632
2023-05-10 21:03:33,rr2309,rr2309,3425.0,0.0,0.0,0.0,21,3424.0,3425.0,18,3429.0,3427.0,3427.0,3424.0,92.0,3151250.0,3632
2023-05-10 21:03:34,rr2309,rr2309,3425.0,0.0,0.0,0.0,24,3424.0,3425.0,15,3429.0,3427.0,3427.0,3424.0,92.0,3151250.0,3632
2023-05-10 21:03:34,rr2309,rr2309,3425.0,0.0,0.0,0.0,21,3424.0,3425.0,18,3429.0,3427.0,3427.0,3424.0,92.0,3151250.0,3632
2023-05-10 21:03:35,rr2309,rr2309,3425.0,0.0,0.0,0.0,24,3424.0,3425.0,18,3429.0,3427.0,3427.0,3424.0,92.0,3151250.0,3632
2023-05-10 21:03:38,rr2309,rr2309,3425.0,0.0,0.0,0.0,24,3424.0,3425.0,15,3429.0,3427.0,3427.0,3424.0,92.0,3151250.0,3632
2023-05-10 21:03:39,rr2309,rr2309,3425.0,0.0,0.0,0.0,21,3424.0,3425.0,18,3429.0,3427.0,3427.0,3424.0,92.0,3151250.0,3632
2023-05-10 21:03:39,rr2309,rr2309,3425.0,0.0,0.0,0.0,24,3424.0,3425.0,18,3429.0,3427.0,3427.0,3424.0,92.0,3151250.0,3632
2023-05-10 21:03:41,rr2309,rr2309,3425.0,0.0,0.0,0.0,21,3424.0,3425.0,12,3429.0,3427.0,3427.0,3424.0,92.0,3151250.0,3632
2023-05-10 21:03:42,rr2309,rr2309,3425.0,0.0,0.0,0.0,18,3424.0,3425.0,15,3429.0,3427.0,3427.0,3424.0,92.0,3151250.0,3632
2023-05-10 21:03:42,rr2309,rr2309,3425.0,0.0,0.0,0.0,21,3424.0,3425.0,15,3429.0,3427.0,3427.0,3424.0,92.0,3151250.0,3632
2023-05-10 21:03:43,rr2309,rr2309,3425.0,0.0,0.0,0.0,21,3424.0,3425.0,12,3429.0,3427.0,3427.0,3424.0,92.0,3151250.0,3632
2023-05-10 21:03:44,rr2309,rr2309,3425.0,0.0,0.0,0.0,21,3424.0,3425.0,9,3429.0,3427.0,3427.0,3424.0,92.0,3151250.0,3632
2023-05-10 21:03:44,rr2309,rr2309,3425.0,0.0,0.0,0.0,21,3424.0,3425.0,12,3429.0,3427.0,3427.0,3424.0,92.0,3151250.0,3632
2023-05-10 21:03:45,rr2309,rr2309,3425.0,0.0,0.0,0.0,21,3424.0,3425.0,9,3429.0,3427.0,3427.0,3424.0,92.0,3151250.0,3632
2023-05-10 21:03:45,rr2309,rr2309,3425.0,0.0,0.0,0.0,21,3424.0,3425.0,12,3429.0,3427.0,3427.0,3424.0,92.0,3151250.0,3632
2023-05-10 21:03:46,rr2309,rr2309,3425.0,0.0,0.0,0.0,21,3424.0,3425.0,15,3429.0,3427.0,3427.0,3424.0,92.0,3151250.0,3632
2023-05-10 21:03:48,rr2309,rr2309,3425.0,0.0,0.0,0.0,21,3424.0,3425.0,12,3429.0,3427.0,3427.0,3424.0,92.0,3151250.0,3632
2023-05-10 21:03:50,rr2309,rr2309,3425.0,0.0,0.0,0.0,18,3424.0,3425.0,15,3429.0,3427.0,3427.0,3424.0,92.0,3151250.0,3632
2023-05-10 21:03:50,rr2309,rr2309,3425.0,0.0,0.0,0.0,21,3424.0,3425.0,15,3429.0,3427.0,3427.0,3424.0,92.0,3151250.0,3632
2023-05-10 21:03:54,rr2309,rr2309,3425.0,0.0,0.0,0.0,21,3424.0,3425.0,12,3429.0,3427.0,3427.0,3424.0,92.0,3151250.0,3632
2023-05-10 21:03:58,rr2309,rr2309,3425.0,0.0,0.0,0.0,21,3424.0,3425.0,9,3429.0,3427.0,3427.0,3424.0,92.0,3151250.0,3632
2023-05-10 21:03:58,rr2309,rr2309,3425.0,0.0,0.0,0.0,24,3424.0,3425.0,3,3429.0,3427.0,3427.0,3424.0,92.0,3151250.0,3632
2023-05-10 21:03:59,rr2309,rr2309,3425.0,0.0,0.0,0.0,24,3424.0,3426.0,26,3429.0,3427.0,3427.0,3424.0,92.0,3151250.0,3632
2023-05-10 21:04:00,rr2309,rr2309,3425.0,6.0,205500.0,-3.0,18,3424.0,3426.0,23,3429.0,3427.0,3427.0,3424.0,98.0,3356750.0,3629
2023-05-10 21:04:00,rr2309,rr2309,3425.0,0.0,0.0,0.0,21,3424.0,3425.0,3,3429.0,3427.0,3427.0,3424.0,98.0,3356750.0,3629
2023-05-10 21:04:03,rr2309,rr2309,3425.0,0.0,0.0,0.0,21,3424.0,3426.0,26,3429.0,3427.0,3427.0,3424.0,98.0,3356750.0,3629
2023-05-10 21:04:04,rr2309,rr2309,3425.0,0.0,0.0,0.0,21,3424.0,3426.0,23,3429.0,3427.0,3427.0,3424.0,98.0,3356750.0,3629
2023-05-10 21:04:04,rr2309,rr2309,3425.0,0.0,0.0,0.0,21,3424.0,3426.0,26,3429.0,3427.0,3427.0,3424.0,98.0,3356750.0,3629
2023-05-10 21:04:05,rr2309,rr2309,3425.0,0.0,0.0,0.0,21,3424.0,3425.0,3,3429.0,3427.0,3427.0,3424.0,98.0,3356750.0,3629
2023-05-10 21:04:08,rr2309,rr2309,3425.0,0.0,0.0,0.0,21,3424.0,3426.0,26,3429.0,3427.0,3427.0,3424.0,98.0,3356750.0,3629
2023-05-10 21:04:09,rr2309,rr2309,3425.0,0.0,0.0,0.0,21,3424.0,3426.0,23,3429.0,3427.0,3427.0,3424.0,98.0,3356750.0,3629
2023-05-10 21:04:09,rr2309,rr2309,3425.0,0.0,0.0,0.0,21,3424.0,3426.0,26,3429.0,3427.0,3427.0,3424.0,98.0,3356750.0,3629
2023-05-10 21:04:10,rr2309,rr2309,3425.0,0.0,0.0,0.0,21,3424.0,3425.0,3,3429.0,3427.0,3427.0,3424.0,98.0,3356750.0,3629
2023-05-10 21:04:13,rr2309,rr2309,3425.0,0.0,0.0,0.0,21,3424.0,3426.0,26,3429.0,3427.0,3427.0,3424.0,98.0,3356750.0,3629
2023-05-10 21:04:14,rr2309,rr2309,3425.0,0.0,0.0,0.0,21,3424.0,3426.0,23,3429.0,3427.0,3427.0,3424.0,98.0,3356750.0,3629
2023-05-10 21:04:14,rr2309,rr2309,3425.0,0.0,0.0,0.0,21,3424.0,3426.0,26,3429.0,3427.0,3427.0,3424.0,98.0,3356750.0,3629
2023-05-10 21:04:15,rr2309,rr2309,3425.0,0.0,0.0,0.0,21,3424.0,3425.0,3,3429.0,3427.0,3427.0,3424.0,98.0,3356750.0,3629
2023-05-10 21:04:18,rr2309,rr2309,3425.0,0.0,0.0,0.0,21,3424.0,3426.0,26,3429.0,3427.0,3427.0,3424.0,98.0,3356750.0,3629
2023-05-10 21:04:19,rr2309,rr2309,3425.0,0.0,0.0,0.0,21,3424.0,3426.0,23,3429.0,3427.0,3427.0,3424.0,98.0,3356750.0,3629
2023-05-10 21:04:20,rr2309,rr2309,3425.0,0.0,0.0,0.0,21,3424.0,3426.0,26,3429.0,3427.0,3427.0,3424.0,98.0,3356750.0,3629
2023-05-10 21:04:20,rr2309,rr2309,3425.0,0.0,0.0,0.0,21,3424.0,3425.0,3,3429.0,3427.0,3427.0,3424.0,98.0,3356750.0,3629
2023-05-10 21:04:23,rr2309,rr2309,3425.0,0.0,0.0,0.0,21,3424.0,3426.0,26,3429.0,3427.0,3427.0,3424.0,98.0,3356750.0,3629
2023-05-10 21:04:24,rr2309,rr2309,3425.0,0.0,0.0,0.0,21,3424.0,3426.0,23,3429.0,3427.0,3427.0,3424.0,98.0,3356750.0,3629
2023-05-10 21:04:24,rr2309,rr2309,3425.0,0.0,0.0,0.0,21,3424.0,3426.0,26,3429.0,3427.0,3427.0,3424.0,98.0,3356750.0,3629
2023-05-10 21:04:25,rr2309,rr2309,3425.0,0.0,0.0,0.0,21,3424.0,3425.0,3,3429.0,3427.0,3427.0,3424.0,98.0,3356750.0,3629
2023-05-10 21:04:28,rr2309,rr2309,3425.0,0.0,0.0,0.0,18,3424.0,3425.0,3,3429.0,3427.0,3427.0,3424.0,98.0,3356750.0,3629
2023-05-10 21:04:28,rr2309,rr2309,3425.0,0.0,0.0,0.0,21,3424.0,3426.0,26,3429.0,3427.0,3427.0,3424.0,98.0,3356750.0,3629
2023-05-10 21:04:29,rr2309,rr2309,3425.0,0.0,0.0,0.0,21,3424.0,3426.0,23,3429.0,3427.0,3427.0,3424.0,98.0,3356750.0,3629
2023-05-10 21:04:30,rr2309,rr2309,3425.0,0.0,0.0,0.0,21,3424.0,3426.0,26,3429.0,3427.0,3427.0,3424.0,98.0,3356750.0,3629
2023-05-10 21:04:30,rr2309,rr2309,3425.0,0.0,0.0,0.0,21,3424.0,3425.0,3,3429.0,3427.0,3427.0,3424.0,98.0,3356750.0,3629
2023-05-10 21:04:33,rr2309,rr2309,3425.0,0.0,0.0,0.0,21,3424.0,3426.0,26,3429.0,3427.0,3427.0,3424.0,98.0,3356750.0,3629
2023-05-10 21:04:34,rr2309,rr2309,3425.0,0.0,0.0,0.0,21,3424.0,3426.0,23,3429.0,3427.0,3427.0,3424.0,98.0,3356750.0,3629
2023-05-10 21:04:34,rr2309,rr2309,3425.0,0.0,0.0,0.0,21,3424.0,3426.0,26,3429.0,3427.0,3427.0,3424.0,98.0,3356750.0,3629
2023-05-10 21:04:35,rr2309,rr2309,3425.0,0.0,0.0,0.0,21,3424.0,3425.0,3,3429.0,3427.0,3427.0,3424.0,98.0,3356750.0,3629
2023-05-10 21:04:38,rr2309,rr2309,3425.0,0.0,0.0,0.0,21,3424.0,3426.0,26,3429.0,3427.0,3427.0,3424.0,98.0,3356750.0,3629
2023-05-10 21:04:39,rr2309,rr2309,3425.0,0.0,0.0,0.0,21,3424.0,3426.0,23,3429.0,3427.0,3427.0,3424.0,98.0,3356750.0,3629
2023-05-10 21:04:39,rr2309,rr2309,3425.0,0.0,0.0,0.0,21,3424.0,3426.0,26,3429.0,3427.0,3427.0,3424.0,98.0,3356750.0,3629
2023-05-10 21:04:40,rr2309,rr2309,3425.0,0.0,0.0,0.0,21,3424.0,3425.0,3,3429.0,3427.0,3427.0,3424.0,98.0,3356750.0,3629
2023-05-10 21:04:43,rr2309,rr2309,3425.0,0.0,0.0,0.0,21,3424.0,3426.0,26,3429.0,3427.0,3427.0,3424.0,98.0,3356750.0,3629
2023-05-10 21:04:44,rr2309,rr2309,3425.0,0.0,0.0,0.0,21,3424.0,3426.0,23,3429.0,3427.0,3427.0,3424.0,98.0,3356750.0,3629
2023-05-10 21:04:44,rr2309,rr2309,3425.0,0.0,0.0,0.0,21,3424.0,3426.0,26,3429.0,3427.0,3427.0,3424.0,98.0,3356750.0,3629
2023-05-10 21:04:46,rr2309,rr2309,3425.0,0.0,0.0,0.0,21,3424.0,3425.0,3,3429.0,3427.0,3427.0,3424.0,98.0,3356750.0,3629
2023-05-10 21:04:49,rr2309,rr2309,3425.0,0.0,0.0,0.0,22,3424.0,3425.0,3,3429.0,3427.0,3427.0,3424.0,98.0,3356750.0,3629
2023-05-10 21:04:49,rr2309,rr2309,3425.0,0.0,0.0,0.0,22,3424.0,3426.0,26,3429.0,3427.0,3427.0,3424.0,98.0,3356750.0,3629
2023-05-10 21:04:49,rr2309,rr2309,3425.0,0.0,0.0,0.0,22,3424.0,3426.0,23,3429.0,3427.0,3427.0,3424.0,98.0,3356750.0,3629
2023-05-10 21:04:51,rr2309,rr2309,3425.0,0.0,0.0,0.0,22,3424.0,3426.0,26,3429.0,3427.0,3427.0,3424.0,98.0,3356750.0,3629
2023-05-10 21:04:51,rr2309,rr2309,3425.0,0.0,0.0,0.0,22,3424.0,3425.0,3,3429.0,3427.0,3427.0,3424.0,98.0,3356750.0,3629
2023-05-10 21:04:53,rr2309,rr2309,3425.0,3.0,102750.0,0.0,3,3425.0,3426.0,17,3429.0,3427.0,3427.0,3424.0,101.0,3459500.0,3629
2023-05-10 21:04:54,rr2309,rr2309,3425.0,0.0,0.0,0.0,6,3425.0,3426.0,20,3429.0,3427.0,3427.0,3424.0,101.0,3459500.0,3629
2023-05-10 21:04:55,rr2309,rr2309,3425.0,0.0,0.0,0.0,9,3425.0,3426.0,23,3429.0,3427.0,3427.0,3424.0,101.0,3459500.0,3629
2023-05-10 21:04:55,rr2309,rr2309,3425.0,0.0,0.0,0.0,15,3425.0,3426.0,20,3429.0,3427.0,3427.0,3424.0,101.0,3459500.0,3629
2023-05-10 21:04:56,rr2309,rr2309,3425.0,0.0,0.0,0.0,15,3425.0,3426.0,23,3429.0,3427.0,3427.0,3424.0,101.0,3459500.0,3629
2023-05-10 21:05:04,rr2309,rr2309,3425.0,0.0,0.0,0.0,15,3425.0,3426.0,29,3429.0,3427.0,3427.0,3424.0,101.0,3459500.0,3629
2023-05-10 21:05:43,rr2309,rr2309,3425.0,0.0,0.0,0.0,15,3425.0,3426.0,26,3429.0,3427.0,3427.0,3424.0,101.0,3459500.0,3629
2023-05-10 21:05:44,rr2309,rr2309,3426.0,1.0,34260.0,-1.0,18,3425.0,3426.0,28,3429.0,3427.0,3427.0,3424.0,102.0,3493760.0,3628
2023-05-10 21:05:44,rr2309,rr2309,3426.0,13.0,445380.0,0.0,15,3425.0,3426.0,12,3429.0,3427.0,3427.0,3424.0,115.0,3939140.0,3628
2023-05-10 21:05:45,rr2309,rr2309,3426.0,0.0,0.0,0.0,18,3425.0,3426.0,15,3429.0,3427.0,3427.0,3424.0,115.0,3939140.0,3628
2023-05-10 21:05:45,rr2309,rr2309,3426.0,0.0,0.0,0.0,18,3425.0,3426.0,12,3429.0,3427.0,3427.0,3424.0,115.0,3939140.0,3628
2023-05-10 21:05:46,rr2309,rr2309,3426.0,0.0,0.0,0.0,18,3425.0,3426.0,15,3429.0,3427.0,3427.0,3424.0,115.0,3939140.0,3628
2023-05-10 21:05:46,rr2309,rr2309,3426.0,0.0,0.0,0.0,18,3425.0,3426.0,12,3429.0,3427.0,3427.0,3424.0,115.0,3939140.0,3628
2023-05-10 21:05:47,rr2309,rr2309,3426.0,0.0,0.0,0.0,21,3425.0,3426.0,18,3429.0,3427.0,3427.0,3424.0,115.0,3939140.0,3628
2023-05-10 21:05:47,rr2309,rr2309,3426.0,0.0,0.0,0.0,24,3425.0,3426.0,18,3429.0,3427.0,3427.0,3424.0,115.0,3939140.0,3628
2023-05-10 21:05:51,rr2309,rr2309,3426.0,18.0,616680.0,12.0,19,3426.0,3427.0,12,3429.0,3427.0,3427.0,3424.0,133.0,4555820.0,3640
2023-05-10 21:05:52,rr2309,rr2309,3426.0,0.0,0.0,0.0,25,3426.0,3427.0,15,3429.0,3427.0,3427.0,3424.0,133.0,4555820.0,3640
2023-05-10 21:05:52,rr2309,rr2309,3426.0,0.0,0.0,0.0,75,3426.0,3427.0,12,3429.0,3427.0,3427.0,3424.0,133.0,4555820.0,3640
2023-05-10 21:05:53,rr2309,rr2309,3426.0,0.0,0.0,0.0,72,3426.0,3427.0,15,3429.0,3427.0,3427.0,3424.0,133.0,4555820.0,3640
2023-05-10 21:05:53,rr2309,rr2309,3426.0,0.0,0.0,0.0,75,3426.0,3427.0,15,3429.0,3427.0,3427.0,3424.0,133.0,4555820.0,3640
2023-05-10 21:05:54,rr2309,rr2309,3426.0,0.0,0.0,0.0,75,3426.0,3427.0,18,3429.0,3427.0,3427.0,3424.0,133.0,4555820.0,3640
2023-05-10 21:05:54,rr2309,rr2309,3426.0,0.0,0.0,0.0,78,3426.0,3427.0,21,3429.0,3427.0,3427.0,3424.0,133.0,4555820.0,3640
2023-05-10 21:05:55,rr2309,rr2309,3426.0,0.0,0.0,0.0,75,3426.0,3427.0,21,3429.0,3427.0,3427.0,3424.0,133.0,4555820.0,3640
2023-05-10 21:05:55,rr2309,rr2309,3426.0,0.0,0.0,0.0,78,3426.0,3427.0,21,3429.0,3427.0,3427.0,3424.0,133.0,4555820.0,3640
2023-05-10 21:05:56,rr2309,rr2309,3426.0,0.0,0.0,0.0,75,3426.0,3427.0,21,3429.0,3427.0,3427.0,3424.0,133.0,4555820.0,3640
2023-05-10 21:05:56,rr2309,rr2309,3426.0,0.0,0.0,0.0,78,3426.0,3427.0,21,3429.0,3427.0,3427.0,3424.0,133.0,4555820.0,3640
2023-05-10 21:06:26,rr2309,rr2309,3426.0,0.0,0.0,0.0,75,3426.0,3427.0,21,3429.0,3427.0,3427.0,3424.0,133.0,4555820.0,3640
2023-05-10 21:06:27,rr2309,rr2309,3426.0,0.0,0.0,0.0,76,3426.0,3427.0,21,3429.0,3427.0,3427.0,3424.0,133.0,4555820.0,3640
2023-05-10 21:06:27,rr2309,rr2309,3426.0,0.0,0.0,0.0,78,3426.0,3427.0,21,3429.0,3427.0,3427.0,3424.0,133.0,4555820.0,3640
2023-05-10 21:06:50,rr2309,rr2309,3426.0,0.0,0.0,0.0,78,3426.0,3427.0,18,3429.0,3427.0,3427.0,3424.0,133.0,4555820.0,3640
2023-05-10 21:06:50,rr2309,rr2309,3426.0,0.0,0.0,0.0,81,3426.0,3427.0,18,3429.0,3427.0,3427.0,3424.0,133.0,4555820.0,3640
2023-05-10 21:06:53,rr2309,rr2309,3427.0,3.0,102810.0,0.0,78,3426.0,3427.0,12,3429.0,3427.0,3427.0,3424.0,136.0,4658630.0,3640
2023-05-10 21:06:53,rr2309,rr2309,3427.0,12.0,411240.0,3.0,5,3427.0,3428.0,27,3429.0,3427.0,3427.0,3424.0,148.0,5069870.0,3643
2023-05-10 21:06:54,rr2309,rr2309,3427.0,0.0,0.0,0.0,9,3427.0,3428.0,27,3429.0,3427.0,3427.0,3424.0,148.0,5069870.0,3643
2023-05-10 21:06:56,rr2309,rr2309,3427.0,0.0,0.0,0.0,13,3427.0,3428.0,21,3429.0,3427.0,3427.0,3424.0,148.0,5069870.0,3643
2023-05-10 21:06:56,rr2309,rr2309,3427.0,0.0,0.0,0.0,12,3427.0,3428.0,24,3429.0,3427.0,3427.0,3424.0,148.0,5069870.0,3643
2023-05-10 21:06:57,rr2309,rr2309,3427.0,0.0,0.0,0.0,13,3427.0,3428.0,21,3429.0,3427.0,3427.0,3424.0,148.0,5069870.0,3643
2023-05-10 21:06:57,rr2309,rr2309,3427.0,0.0,0.0,0.0,16,3427.0,3428.0,21,3429.0,3427.0,3427.0,3424.0,148.0,5069870.0,3643
2023-05-10 21:07:02,rr2309,rr2309,3427.0,0.0,0.0,0.0,16,3427.0,3428.0,23,3429.0,3427.0,3427.0,3424.0,148.0,5069870.0,3643
2023-05-10 21:07:04,rr2309,rr2309,3427.0,0.0,0.0,0.0,13,3427.0,3428.0,23,3429.0,3427.0,3427.0,3424.0,148.0,5069870.0,3643
2023-05-10 21:07:05,rr2309,rr2309,3427.0,0.0,0.0,0.0,9,3427.0,3428.0,26,3429.0,3427.0,3427.0,3424.0,148.0,5069870.0,3643
2023-05-10 21:07:05,rr2309,rr2309,3427.0,0.0,0.0,0.0,17,3427.0,3428.0,26,3429.0,3427.0,3427.0,3424.0,148.0,5069870.0,3643
2023-05-10 21:07:06,rr2309,rr2309,3427.0,0.0,0.0,0.0,24,3427.0,3428.0,23,3429.0,3427.0,3427.0,3424.0,148.0,5069870.0,3643
2023-05-10 21:07:06,rr2309,rr2309,3427.0,0.0,0.0,0.0,30,3427.0,3428.0,20,3429.0,3427.0,3427.0,3424.0,148.0,5069870.0,3643
2023-05-10 21:07:09,rr2309,rr2309,3427.0,0.0,0.0,0.0,22,3427.0,3428.0,20,3429.0,3427.0,3427.0,3424.0,148.0,5069870.0,3643
2023-05-10 21:07:13,rr2309,rr2309,3427.0,21.0,719670.0,-12.0,63,3426.0,3427.0,5,3429.0,3427.0,3427.0,3424.0,169.0,5789540.0,3631
2023-05-10 21:07:14,rr2309,rr2309,3427.0,3.0,102810.0,-1.0,72,3426.0,3427.0,5,3429.0,3427.0,3427.0,3424.0,172.0,5892350.0,3630
2023-05-10 21:07:14,rr2309,rr2309,3427.0,0.0,0.0,0.0,78,3426.0,3427.0,5,3429.0,3427.0,3427.0,3424.0,172.0,5892350.0,3630
2023-05-10 21:07:16,rr2309,rr2309,3427.0,0.0,0.0,0.0,75,3426.0,3427.0,5,3429.0,3427.0,3427.0,3424.0,172.0,5892350.0,3630
2023-05-10 21:07:17,rr2309,rr2309,3427.0,0.0,0.0,0.0,71,3426.0,3427.0,5,3429.0,3427.0,3427.0,3424.0,172.0,5892350.0,3630
2023-05-10 21:07:19,rr2309,rr2309,3427.0,0.0,0.0,0.0,74,3426.0,3427.0,5,3429.0,3427.0,3427.0,3424.0,172.0,5892350.0,3630
2023-05-10 21:07:19,rr2309,rr2309,3427.0,0.0,0.0,0.0,71,3426.0,3427.0,5,3429.0,3427.0,3427.0,3424.0,172.0,5892350.0,3630
2023-05-10 21:07:20,rr2309,rr2309,3427.0,0.0,0.0,0.0,74,3426.0,3427.0,8,3429.0,3427.0,3427.0,3424.0,172.0,5892350.0,3630
2023-05-10 21:07:38,rr2309,rr2309,3427.0,0.0,0.0,0.0,74,3426.0,3427.0,11,3429.0,3427.0,3427.0,3424.0,172.0,5892350.0,3630
2023-05-10 21:07:38,rr2309,rr2309,3427.0,0.0,0.0,0.0,71,3426.0,3427.0,20,3429.0,3427.0,3427.0,3424.0,172.0,5892350.0,3630
2023-05-10 21:07:39,rr2309,rr2309,3427.0,0.0,0.0,0.0,71,3426.0,3427.0,23,3429.0,3427.0,3427.0,3424.0,172.0,5892350.0,3630
2023-05-10 21:11:10,rr2309,rr2309,3427.0,0.0,0.0,0.0,21,3426.0,3427.0,23,3429.0,3427.0,3427.0,3424.0,172.0,5892350.0,3630
2023-05-10 21:11:10,rr2309,rr2309,3427.0,0.0,0.0,0.0,18,3426.0,3427.0,26,3429.0,3427.0,3427.0,3424.0,172.0,5892350.0,3630
2023-05-10 21:11:26,rr2309,rr2309,3427.0,0.0,0.0,0.0,18,3426.0,3427.0,23,3429.0,3427.0,3427.0,3424.0,172.0,5892350.0,3630
2023-05-10 21:11:26,rr2309,rr2309,3427.0,0.0,0.0,0.0,12,3426.0,3427.0,20,3429.0,3427.0,3427.0,3424.0,172.0,5892350.0,3630
2023-05-10 21:11:27,rr2309,rr2309,3427.0,0.0,0.0,0.0,15,3426.0,3427.0,23,3429.0,3427.0,3427.0,3424.0,172.0,5892350.0,3630
2023-05-10 21:11:29,rr2309,rr2309,3427.0,23.0,788210.0,-11.0,42,3427.0,3428.0,14,3429.0,3427.0,3427.0,3424.0,195.0,6680560.0,3619
2023-05-10 21:11:30,rr2309,rr2309,3427.0,0.0,0.0,0.0,51,3427.0,3428.0,14,3429.0,3427.0,3427.0,3424.0,195.0,6680560.0,3619
2023-05-10 21:11:31,rr2309,rr2309,3427.0,0.0,0.0,0.0,48,3427.0,3428.0,14,3429.0,3427.0,3427.0,3424.0,195.0,6680560.0,3619
2023-05-10 21:11:32,rr2309,rr2309,3427.0,0.0,0.0,0.0,51,3427.0,3428.0,20,3429.0,3427.0,3427.0,3424.0,195.0,6680560.0,3619
2023-05-10 21:11:37,rr2309,rr2309,3427.0,0.0,0.0,0.0,51,3427.0,3428.0,17,3429.0,3427.0,3427.0,3424.0,195.0,6680560.0,3619
2023-05-10 21:11:37,rr2309,rr2309,3427.0,0.0,0.0,0.0,51,3427.0,3428.0,11,3429.0,3427.0,3427.0,3424.0,195.0,6680560.0,3619
2023-05-10 21:11:38,rr2309,rr2309,3427.0,0.0,0.0,0.0,52,3427.0,3428.0,5,3429.0,3427.0,3427.0,3424.0,195.0,6680560.0,3619
2023-05-10 21:11:38,rr2309,rr2309,3427.0,0.0,0.0,0.0,57,3427.0,3428.0,8,3429.0,3427.0,3427.0,3424.0,195.0,6680560.0,3619
2023-05-10 21:12:00,rr2309,rr2309,3427.0,0.0,0.0,0.0,54,3427.0,3428.0,8,3429.0,3427.0,3427.0,3424.0,195.0,6680560.0,3619
2023-05-10 21:12:01,rr2309,rr2309,3427.0,0.0,0.0,0.0,57,3427.0,3428.0,8,3429.0,3427.0,3427.0,3424.0,195.0,6680560.0,3619
2023-05-10 21:12:02,rr2309,rr2309,3427.0,0.0,0.0,0.0,51,3427.0,3428.0,8,3429.0,3427.0,3427.0,3424.0,195.0,6680560.0,3619
2023-05-10 21:12:04,rr2309,rr2309,3427.0,0.0,0.0,0.0,57,3427.0,3428.0,8,3429.0,3427.0,3427.0,3424.0,195.0,6680560.0,3619
2023-05-10 21:12:28,rr2309,rr2309,3427.0,0.0,0.0,0.0,54,3427.0,3428.0,14,3429.0,3427.0,3427.0,3424.0,195.0,6680560.0,3619
2023-05-10 21:12:29,rr2309,rr2309,3427.0,0.0,0.0,0.0,54,3427.0,3428.0,17,3429.0,3427.0,3427.0,3424.0,195.0,6680560.0,3619
2023-05-10 21:12:29,rr2309,rr2309,3427.0,0.0,0.0,0.0,54,3427.0,3428.0,20,3429.0,3427.0,3427.0,3424.0,195.0,6680560.0,3619
2023-05-10 21:13:12,rr2309,rr2309,3427.0,0.0,0.0,0.0,48,3427.0,3428.0,17,3429.0,3427.0,3427.0,3424.0,195.0,6680560.0,3619
2023-05-10 21:13:12,rr2309,rr2309,3427.0,0.0,0.0,0.0,51,3427.0,3428.0,20,3429.0,3427.0,3427.0,3424.0,195.0,6680560.0,3619
2023-05-10 21:13:19,rr2309,rr2309,3427.0,0.0,0.0,0.0,48,3427.0,3428.0,20,3429.0,3427.0,3427.0,3424.0,195.0,6680560.0,3619
2023-05-10 21:13:19,rr2309,rr2309,3427.0,0.0,0.0,0.0,48,3427.0,3428.0,14,3429.0,3427.0,3427.0,3424.0,195.0,6680560.0,3619
2023-05-10 21:13:20,rr2309,rr2309,3427.0,0.0,0.0,0.0,51,3427.0,3428.0,20,3429.0,3427.0,3427.0,3424.0,195.0,6680560.0,3619
2023-05-10 21:13:20,rr2309,rr2309,3427.0,0.0,0.0,0.0,54,3427.0,3428.0,20,3429.0,3427.0,3427.0,3424.0,195.0,6680560.0,3619
2023-05-10 21:13:22,rr2309,rr2309,3427.0,0.0,0.0,0.0,51,3427.0,3428.0,20,3429.0,3427.0,3427.0,3424.0,195.0,6680560.0,3619
2023-05-10 21:13:22,rr2309,rr2309,3427.0,0.0,0.0,0.0,54,3427.0,3428.0,20,3429.0,3427.0,3427.0,3424.0,195.0,6680560.0,3619
2023-05-10 21:13:23,rr2309,rr2309,3427.0,0.0,0.0,0.0,51,3427.0,3428.0,17,3429.0,3427.0,3427.0,3424.0,195.0,6680560.0,3619
2023-05-10 21:13:25,rr2309,rr2309,3427.0,0.0,0.0,0.0,54,3427.0,3428.0,20,3429.0,3427.0,3427.0,3424.0,195.0,6680560.0,3619
2023-05-10 21:13:27,rr2309,rr2309,3427.0,0.0,0.0,0.0,51,3427.0,3428.0,17,3429.0,3427.0,3427.0,3424.0,195.0,6680560.0,3619
2023-05-10 21:13:28,rr2309,rr2309,3427.0,0.0,0.0,0.0,51,3427.0,3428.0,11,3429.0,3427.0,3427.0,3424.0,195.0,6680560.0,3619
2023-05-10 21:13:28,rr2309,rr2309,3427.0,0.0,0.0,0.0,52,3427.0,3428.0,5,3429.0,3427.0,3427.0,3424.0,195.0,6680560.0,3619
2023-05-10 21:13:28,rr2309,rr2309,3427.0,0.0,0.0,0.0,54,3427.0,3428.0,5,3429.0,3427.0,3427.0,3424.0,195.0,6680560.0,3619
2023-05-10 21:13:29,rr2309,rr2309,3427.0,0.0,0.0,0.0,57,3427.0,3428.0,8,3429.0,3427.0,3427.0,3424.0,195.0,6680560.0,3619
2023-05-10 21:13:30,rr2309,rr2309,3428.0,8.0,274240.0,3.0,8,3428.0,3429.0,22,3429.0,3427.0,3428.0,3424.0,203.0,6954800.0,3622
2023-05-10 21:13:30,rr2309,rr2309,3428.0,0.0,0.0,0.0,8,3428.0,3429.0,19,3429.0,3427.0,3428.0,3424.0,203.0,6954800.0,3622
2023-05-10 21:13:31,rr2309,rr2309,3428.0,0.0,0.0,0.0,5,3428.0,3429.0,19,3429.0,3427.0,3428.0,3424.0,203.0,6954800.0,3622
2023-05-10 21:13:31,rr2309,rr2309,3428.0,0.0,0.0,0.0,8,3428.0,3429.0,19,3429.0,3427.0,3428.0,3424.0,203.0,6954800.0,3622
2023-05-10 21:13:33,rr2309,rr2309,3428.0,0.0,0.0,0.0,15,3428.0,3429.0,19,3429.0,3427.0,3428.0,3424.0,203.0,6954800.0,3622
2023-05-10 21:13:34,rr2309,rr2309,3428.0,0.0,0.0,0.0,18,3428.0,3429.0,19,3429.0,3427.0,3428.0,3424.0,203.0,6954800.0,3622
2023-05-10 21:13:57,rr2309,rr2309,3428.0,0.0,0.0,0.0,21,3428.0,3429.0,19,3429.0,3427.0,3428.0,3424.0,203.0,6954800.0,3622
2023-05-10 21:13:57,rr2309,rr2309,3428.0,0.0,0.0,0.0,24,3428.0,3429.0,13,3429.0,3427.0,3428.0,3424.0,203.0,6954800.0,3622
2023-05-10 21:14:05,rr2309,rr2309,3428.0,0.0,0.0,0.0,21,3428.0,3429.0,13,3429.0,3427.0,3428.0,3424.0,203.0,6954800.0,3622
2023-05-10 21:14:06,rr2309,rr2309,3428.0,0.0,0.0,0.0,24,3428.0,3429.0,7,3429.0,3427.0,3428.0,3424.0,203.0,6954800.0,3622
2023-05-10 21:14:10,rr2309,rr2309,3428.0,0.0,0.0,0.0,27,3428.0,3429.0,4,3429.0,3427.0,3428.0,3424.0,203.0,6954800.0,3622
2023-05-10 21:14:12,rr2309,rr2309,3428.0,0.0,0.0,0.0,24,3428.0,3429.0,1,3429.0,3427.0,3428.0,3424.0,203.0,6954800.0,3622
2023-05-10 21:14:13,rr2309,rr2309,3428.0,0.0,0.0,0.0,27,3428.0,3429.0,1,3429.0,3427.0,3428.0,3424.0,203.0,6954800.0,3622
2023-05-10 21:14:36,rr2309,rr2309,3428.0,0.0,0.0,0.0,24,3428.0,3429.0,1,3429.0,3427.0,3428.0,3424.0,203.0,6954800.0,3622
2023-05-10 21:14:36,rr2309,rr2309,3428.0,0.0,0.0,0.0,27,3428.0,3429.0,1,3429.0,3427.0,3428.0,3424.0,203.0,6954800.0,3622
2023-05-10 21:15:08,rr2309,rr2309,3428.0,0.0,0.0,0.0,24,3428.0,3429.0,1,3429.0,3427.0,3428.0,3424.0,203.0,6954800.0,3622
2023-05-10 21:15:08,rr2309,rr2309,3428.0,0.0,0.0,0.0,27,3428.0,3429.0,1,3429.0,3427.0,3428.0,3424.0,203.0,6954800.0,3622
2023-05-10 21:15:10,rr2309,rr2309,3428.0,0.0,0.0,0.0,26,3428.0,3429.0,1,3429.0,3427.0,3428.0,3424.0,203.0,6954800.0,3622
2023-05-10 21:15:11,rr2309,rr2309,3428.0,0.0,0.0,0.0,21,3428.0,3429.0,4,3429.0,3427.0,3428.0,3424.0,203.0,6954800.0,3622
2023-05-10 21:15:12,rr2309,rr2309,3428.0,0.0,0.0,0.0,24,3428.0,3429.0,1,3429.0,3427.0,3428.0,3424.0,203.0,6954800.0,3622
2023-05-10 21:15:12,rr2309,rr2309,3428.0,0.0,0.0,0.0,24,3428.0,3429.0,4,3429.0,3427.0,3428.0,3424.0,203.0,6954800.0,3622
2023-05-10 21:15:13,rr2309,rr2309,3428.0,0.0,0.0,0.0,27,3428.0,3429.0,1,3429.0,3427.0,3428.0,3424.0,203.0,6954800.0,3622
2023-05-10 21:15:13,rr2309,rr2309,3428.0,0.0,0.0,0.0,24,3428.0,3429.0,4,3429.0,3427.0,3428.0,3424.0,203.0,6954800.0,3622
2023-05-10 21:15:14,rr2309,rr2309,3428.0,0.0,0.0,0.0,27,3428.0,3429.0,1,3429.0,3427.0,3428.0,3424.0,203.0,6954800.0,3622
2023-05-10 21:15:14,rr2309,rr2309,3428.0,0.0,0.0,0.0,21,3428.0,3429.0,4,3429.0,3427.0,3428.0,3424.0,203.0,6954800.0,3622
2023-05-10 21:15:15,rr2309,rr2309,3428.0,0.0,0.0,0.0,27,3428.0,3429.0,1,3429.0,3427.0,3428.0,3424.0,203.0,6954800.0,3622
2023-05-10 21:15:17,rr2309,rr2309,3428.0,0.0,0.0,0.0,24,3428.0,3429.0,1,3429.0,3427.0,3428.0,3424.0,203.0,6954800.0,3622
2023-05-10 21:15:17,rr2309,rr2309,3428.0,0.0,0.0,0.0,27,3428.0,3429.0,1,3429.0,3427.0,3428.0,3424.0,203.0,6954800.0,3622
2023-05-10 21:15:39,rr2309,rr2309,3428.0,0.0,0.0,0.0,24,3428.0,3429.0,4,3429.0,3427.0,3428.0,3424.0,203.0,6954800.0,3622
2023-05-10 21:15:39,rr2309,rr2309,3428.0,0.0,0.0,0.0,27,3428.0,3429.0,1,3429.0,3427.0,3428.0,3424.0,203.0,6954800.0,3622
2023-05-10 21:15:42,rr2309,rr2309,3428.0,0.0,0.0,0.0,24,3428.0,3429.0,4,3429.0,3427.0,3428.0,3424.0,203.0,6954800.0,3622
2023-05-10 21:15:42,rr2309,rr2309,3428.0,0.0,0.0,0.0,27,3428.0,3429.0,1,3429.0,3427.0,3428.0,3424.0,203.0,6954800.0,3622
2023-05-10 21:15:43,rr2309,rr2309,3428.0,0.0,0.0,0.0,24,3428.0,3429.0,4,3429.0,3427.0,3428.0,3424.0,203.0,6954800.0,3622
2023-05-10 21:15:43,rr2309,rr2309,3428.0,0.0,0.0,0.0,27,3428.0,3429.0,1,3429.0,3427.0,3428.0,3424.0,203.0,6954800.0,3622
2023-05-10 21:15:44,rr2309,rr2309,3428.0,0.0,0.0,0.0,24,3428.0,3429.0,4,3429.0,3427.0,3428.0,3424.0,203.0,6954800.0,3622
2023-05-10 21:15:44,rr2309,rr2309,3428.0,0.0,0.0,0.0,27,3428.0,3429.0,1,3429.0,3427.0,3428.0,3424.0,203.0,6954800.0,3622
2023-05-10 21:15:45,rr2309,rr2309,3428.0,0.0,0.0,0.0,24,3428.0,3429.0,4,3429.0,3427.0,3428.0,3424.0,203.0,6954800.0,3622
2023-05-10 21:15:45,rr2309,rr2309,3428.0,0.0,0.0,0.0,27,3428.0,3429.0,1,3429.0,3427.0,3428.0,3424.0,203.0,6954800.0,3622
2023-05-10 21:15:46,rr2309,rr2309,3428.0,0.0,0.0,0.0,24,3428.0,3429.0,4,3429.0,3427.0,3428.0,3424.0,203.0,6954800.0,3622
2023-05-10 21:15:46,rr2309,rr2309,3428.0,0.0,0.0,0.0,27,3428.0,3429.0,1,3429.0,3427.0,3428.0,3424.0,203.0,6954800.0,3622
2023-05-10 21:15:47,rr2309,rr2309,3428.0,0.0,0.0,0.0,24,3428.0,3429.0,4,3429.0,3427.0,3428.0,3424.0,203.0,6954800.0,3622
2023-05-10 21:15:47,rr2309,rr2309,3428.0,0.0,0.0,0.0,27,3428.0,3429.0,1,3429.0,3427.0,3428.0,3424.0,203.0,6954800.0,3622
2023-05-10 21:15:48,rr2309,rr2309,3428.0,0.0,0.0,0.0,24,3428.0,3429.0,4,3429.0,3427.0,3428.0,3424.0,203.0,6954800.0,3622
2023-05-10 21:15:48,rr2309,rr2309,3428.0,0.0,0.0,0.0,27,3428.0,3429.0,1,3429.0,3427.0,3428.0,3424.0,203.0,6954800.0,3622
2023-05-10 21:15:49,rr2309,rr2309,3428.0,0.0,0.0,0.0,24,3428.0,3429.0,4,3429.0,3427.0,3428.0,3424.0,203.0,6954800.0,3622
2023-05-10 21:15:49,rr2309,rr2309,3428.0,0.0,0.0,0.0,27,3428.0,3429.0,1,3429.0,3427.0,3428.0,3424.0,203.0,6954800.0,3622
2023-05-10 21:15:50,rr2309,rr2309,3428.0,0.0,0.0,0.0,24,3428.0,3429.0,4,3429.0,3427.0,3428.0,3424.0,203.0,6954800.0,3622
2023-05-10 21:15:50,rr2309,rr2309,3428.0,0.0,0.0,0.0,27,3428.0,3429.0,1,3429.0,3427.0,3428.0,3424.0,203.0,6954800.0,3622
2023-05-10 21:15:51,rr2309,rr2309,3428.0,0.0,0.0,0.0,24,3428.0,3429.0,4,3429.0,3427.0,3428.0,3424.0,203.0,6954800.0,3622
2023-05-10 21:15:51,rr2309,rr2309,3428.0,0.0,0.0,0.0,27,3428.0,3429.0,1,3429.0,3427.0,3428.0,3424.0,203.0,6954800.0,3622
2023-05-10 21:15:52,rr2309,rr2309,3428.0,0.0,0.0,0.0,24,3428.0,3429.0,4,3429.0,3427.0,3428.0,3424.0,203.0,6954800.0,3622
2023-05-10 21:15:52,rr2309,rr2309,3428.0,0.0,0.0,0.0,27,3428.0,3429.0,1,3429.0,3427.0,3428.0,3424.0,203.0,6954800.0,3622
2023-05-10 21:15:53,rr2309,rr2309,3428.0,0.0,0.0,0.0,24,3428.0,3429.0,4,3429.0,3427.0,3428.0,3424.0,203.0,6954800.0,3622
2023-05-10 21:15:53,rr2309,rr2309,3428.0,0.0,0.0,0.0,27,3428.0,3429.0,1,3429.0,3427.0,3428.0,3424.0,203.0,6954800.0,3622
2023-05-10 21:15:54,rr2309,rr2309,3428.0,0.0,0.0,0.0,24,3428.0,3429.0,4,3429.0,3427.0,3428.0,3424.0,203.0,6954800.0,3622
2023-05-10 21:15:54,rr2309,rr2309,3428.0,0.0,0.0,0.0,27,3428.0,3429.0,1,3429.0,3427.0,3428.0,3424.0,203.0,6954800.0,3622
2023-05-10 21:15:55,rr2309,rr2309,3428.0,0.0,0.0,0.0,24,3428.0,3429.0,4,3429.0,3427.0,3428.0,3424.0,203.0,6954800.0,3622
2023-05-10 21:15:55,rr2309,rr2309,3428.0,0.0,0.0,0.0,27,3428.0,3429.0,1,3429.0,3427.0,3428.0,3424.0,203.0,6954800.0,3622
2023-05-10 21:15:56,rr2309,rr2309,3428.0,0.0,0.0,0.0,24,3428.0,3429.0,4,3429.0,3427.0,3428.0,3424.0,203.0,6954800.0,3622
2023-05-10 21:15:56,rr2309,rr2309,3428.0,0.0,0.0,0.0,27,3428.0,3429.0,1,3429.0,3427.0,3428.0,3424.0,203.0,6954800.0,3622
2023-05-10 21:15:57,rr2309,rr2309,3428.0,0.0,0.0,0.0,24,3428.0,3429.0,4,3429.0,3427.0,3428.0,3424.0,203.0,6954800.0,3622
2023-05-10 21:15:57,rr2309,rr2309,3428.0,0.0,0.0,0.0,27,3428.0,3429.0,1,3429.0,3427.0,3428.0,3424.0,203.0,6954800.0,3622
2023-05-10 21:15:58,rr2309,rr2309,3428.0,0.0,0.0,0.0,24,3428.0,3429.0,4,3429.0,3427.0,3428.0,3424.0,203.0,6954800.0,3622
2023-05-10 21:15:58,rr2309,rr2309,3428.0,0.0,0.0,0.0,27,3428.0,3429.0,1,3429.0,3427.0,3428.0,3424.0,203.0,6954800.0,3622
2023-05-10 21:15:59,rr2309,rr2309,3428.0,0.0,0.0,0.0,24,3428.0,3429.0,4,3429.0,3427.0,3428.0,3424.0,203.0,6954800.0,3622
2023-05-10 21:15:59,rr2309,rr2309,3428.0,0.0,0.0,0.0,27,3428.0,3429.0,1,3429.0,3427.0,3428.0,3424.0,203.0,6954800.0,3622
2023-05-10 21:16:00,rr2309,rr2309,3428.0,0.0,0.0,0.0,24,3428.0,3429.0,4,3429.0,3427.0,3428.0,3424.0,203.0,6954800.0,3622
2023-05-10 21:16:00,rr2309,rr2309,3428.0,0.0,0.0,0.0,27,3428.0,3429.0,1,3429.0,3427.0,3428.0,3424.0,203.0,6954800.0,3622
2023-05-10 21:16:01,rr2309,rr2309,3428.0,0.0,0.0,0.0,24,3428.0,3429.0,4,3429.0,3427.0,3428.0,3424.0,203.0,6954800.0,3622
2023-05-10 21:16:01,rr2309,rr2309,3428.0,0.0,0.0,0.0,27,3428.0,3429.0,1,3429.0,3427.0,3428.0,3424.0,203.0,6954800.0,3622
2023-05-10 21:16:02,rr2309,rr2309,3428.0,0.0,0.0,0.0,24,3428.0,3429.0,4,3429.0,3427.0,3428.0,3424.0,203.0,6954800.0,3622
2023-05-10 21:16:02,rr2309,rr2309,3428.0,0.0,0.0,0.0,27,3428.0,3429.0,1,3429.0,3427.0,3428.0,3424.0,203.0,6954800.0,3622
2023-05-10 21:16:03,rr2309,rr2309,3428.0,0.0,0.0,0.0,24,3428.0,3429.0,4,3429.0,3427.0,3428.0,3424.0,203.0,6954800.0,3622
2023-05-10 21:16:03,rr2309,rr2309,3428.0,0.0,0.0,0.0,27,3428.0,3429.0,1,3429.0,3427.0,3428.0,3424.0,203.0,6954800.0,3622
2023-05-10 21:16:04,rr2309,rr2309,3428.0,0.0,0.0,0.0,24,3428.0,3429.0,4,3429.0,3427.0,3428.0,3424.0,203.0,6954800.0,3622
2023-05-10 21:16:04,rr2309,rr2309,3428.0,0.0,0.0,0.0,27,3428.0,3429.0,1,3429.0,3427.0,3428.0,3424.0,203.0,6954800.0,3622
2023-05-10 21:16:05,rr2309,rr2309,3428.0,0.0,0.0,0.0,24,3428.0,3429.0,4,3429.0,3427.0,3428.0,3424.0,203.0,6954800.0,3622
2023-05-10 21:16:05,rr2309,rr2309,3428.0,0.0,0.0,0.0,27,3428.0,3429.0,1,3429.0,3427.0,3428.0,3424.0,203.0,6954800.0,3622
2023-05-10 21:16:06,rr2309,rr2309,3428.0,0.0,0.0,0.0,24,3428.0,3429.0,4,3429.0,3427.0,3428.0,3424.0,203.0,6954800.0,3622
2023-05-10 21:16:06,rr2309,rr2309,3428.0,0.0,0.0,0.0,27,3428.0,3429.0,1,3429.0,3427.0,3428.0,3424.0,203.0,6954800.0,3622
2023-05-10 21:16:07,rr2309,rr2309,3428.0,0.0,0.0,0.0,24,3428.0,3429.0,4,3429.0,3427.0,3428.0,3424.0,203.0,6954800.0,3622
2023-05-10 21:16:07,rr2309,rr2309,3428.0,0.0,0.0,0.0,27,3428.0,3429.0,1,3429.0,3427.0,3428.0,3424.0,203.0,6954800.0,3622
2023-05-10 21:16:08,rr2309,rr2309,3428.0,0.0,0.0,0.0,24,3428.0,3429.0,4,3429.0,3427.0,3428.0,3424.0,203.0,6954800.0,3622
2023-05-10 21:16:08,rr2309,rr2309,3428.0,0.0,0.0,0.0,27,3428.0,3429.0,1,3429.0,3427.0,3428.0,3424.0,203.0,6954800.0,3622
2023-05-10 21:16:09,rr2309,rr2309,3428.0,0.0,0.0,0.0,24,3428.0,3429.0,4,3429.0,3427.0,3428.0,3424.0,203.0,6954800.0,3622
2023-05-10 21:16:09,rr2309,rr2309,3428.0,0.0,0.0,0.0,27,3428.0,3429.0,1,3429.0,3427.0,3428.0,3424.0,203.0,6954800.0,3622
2023-05-10 21:16:10,rr2309,rr2309,3428.0,0.0,0.0,0.0,24,3428.0,3429.0,4,3429.0,3427.0,3428.0,3424.0,203.0,6954800.0,3622
2023-05-10 21:16:10,rr2309,rr2309,3428.0,0.0,0.0,0.0,27,3428.0,3429.0,1,3429.0,3427.0,3428.0,3424.0,203.0,6954800.0,3622
2023-05-10 21:16:11,rr2309,rr2309,3428.0,0.0,0.0,0.0,24,3428.0,3429.0,4,3429.0,3427.0,3428.0,3424.0,203.0,6954800.0,3622
2023-05-10 21:16:11,rr2309,rr2309,3428.0,0.0,0.0,0.0,27,3428.0,3429.0,1,3429.0,3427.0,3428.0,3424.0,203.0,6954800.0,3622
2023-05-10 21:16:12,rr2309,rr2309,3428.0,0.0,0.0,0.0,26,3428.0,3429.0,4,3429.0,3427.0,3428.0,3424.0,203.0,6954800.0,3622
2023-05-10 21:16:12,rr2309,rr2309,3428.0,0.0,0.0,0.0,24,3428.0,3429.0,1,3429.0,3427.0,3428.0,3424.0,203.0,6954800.0,3622
2023-05-10 21:16:13,rr2309,rr2309,3428.0,0.0,0.0,0.0,24,3428.0,3429.0,4,3429.0,3427.0,3428.0,3424.0,203.0,6954800.0,3622
2023-05-10 21:16:13,rr2309,rr2309,3428.0,0.0,0.0,0.0,24,3428.0,3429.0,1,3429.0,3427.0,3428.0,3424.0,203.0,6954800.0,3622
2023-05-10 21:16:14,rr2309,rr2309,3428.0,0.0,0.0,0.0,24,3428.0,3429.0,4,3429.0,3427.0,3428.0,3424.0,203.0,6954800.0,3622
2023-05-10 21:16:14,rr2309,rr2309,3428.0,0.0,0.0,0.0,27,3428.0,3429.0,1,3429.0,3427.0,3428.0,3424.0,203.0,6954800.0,3622
2023-05-10 21:16:15,rr2309,rr2309,3428.0,0.0,0.0,0.0,24,3428.0,3429.0,4,3429.0,3427.0,3428.0,3424.0,203.0,6954800.0,3622
2023-05-10 21:16:15,rr2309,rr2309,3428.0,0.0,0.0,0.0,27,3428.0,3429.0,1,3429.0,3427.0,3428.0,3424.0,203.0,6954800.0,3622
2023-05-10 21:16:27,rr2309,rr2309,3428.0,0.0,0.0,0.0,23,3428.0,3429.0,1,3429.0,3427.0,3428.0,3424.0,203.0,6954800.0,3622
2023-05-10 21:16:28,rr2309,rr2309,3428.0,0.0,0.0,0.0,27,3428.0,3429.0,1,3429.0,3427.0,3428.0,3424.0,203.0,6954800.0,3622
2023-05-10 21:16:30,rr2309,rr2309,3428.0,0.0,0.0,0.0,24,3428.0,3429.0,1,3429.0,3427.0,3428.0,3424.0,203.0,6954800.0,3622
2023-05-10 21:16:31,rr2309,rr2309,3428.0,0.0,0.0,0.0,27,3428.0,3429.0,1,3429.0,3427.0,3428.0,3424.0,203.0,6954800.0,3622
2023-05-10 21:16:49,rr2309,rr2309,3428.0,0.0,0.0,0.0,26,3428.0,3429.0,1,3429.0,3427.0,3428.0,3424.0,203.0,6954800.0,3622
2023-05-10 21:17:28,rr2309,rr2309,3428.0,0.0,0.0,0.0,24,3428.0,3429.0,4,3429.0,3427.0,3428.0,3424.0,203.0,6954800.0,3622
2023-05-10 21:17:28,rr2309,rr2309,3428.0,0.0,0.0,0.0,27,3428.0,3429.0,1,3429.0,3427.0,3428.0,3424.0,203.0,6954800.0,3622
2023-05-10 21:17:29,rr2309,rr2309,3428.0,0.0,0.0,0.0,24,3428.0,3429.0,4,3429.0,3427.0,3428.0,3424.0,203.0,6954800.0,3622
2023-05-10 21:17:29,rr2309,rr2309,3428.0,0.0,0.0,0.0,27,3428.0,3429.0,1,3429.0,3427.0,3428.0,3424.0,203.0,6954800.0,3622
2023-05-10 21:17:30,rr2309,rr2309,3428.0,0.0,0.0,0.0,24,3428.0,3429.0,4,3429.0,3427.0,3428.0,3424.0,203.0,6954800.0,3622
2023-05-10 21:17:30,rr2309,rr2309,3428.0,0.0,0.0,0.0,27,3428.0,3429.0,1,3429.0,3427.0,3428.0,3424.0,203.0,6954800.0,3622
2023-05-10 21:17:31,rr2309,rr2309,3428.0,0.0,0.0,0.0,24,3428.0,3429.0,4,3429.0,3427.0,3428.0,3424.0,203.0,6954800.0,3622
2023-05-10 21:17:31,rr2309,rr2309,3428.0,0.0,0.0,0.0,27,3428.0,3429.0,1,3429.0,3427.0,3428.0,3424.0,203.0,6954800.0,3622
2023-05-10 21:17:32,rr2309,rr2309,3428.0,0.0,0.0,0.0,24,3428.0,3429.0,4,3429.0,3427.0,3428.0,3424.0,203.0,6954800.0,3622
2023-05-10 21:17:32,rr2309,rr2309,3428.0,0.0,0.0,0.0,27,3428.0,3429.0,1,3429.0,3427.0,3428.0,3424.0,203.0,6954800.0,3622
2023-05-10 21:17:33,rr2309,rr2309,3428.0,0.0,0.0,0.0,24,3428.0,3429.0,4,3429.0,3427.0,3428.0,3424.0,203.0,6954800.0,3622
2023-05-10 21:17:33,rr2309,rr2309,3428.0,0.0,0.0,0.0,27,3428.0,3429.0,1,3429.0,3427.0,3428.0,3424.0,203.0,6954800.0,3622
2023-05-10 21:17:34,rr2309,rr2309,3428.0,0.0,0.0,0.0,24,3428.0,3429.0,4,3429.0,3427.0,3428.0,3424.0,203.0,6954800.0,3622
2023-05-10 21:17:34,rr2309,rr2309,3428.0,0.0,0.0,0.0,27,3428.0,3429.0,1,3429.0,3427.0,3428.0,3424.0,203.0,6954800.0,3622
2023-05-10 21:17:35,rr2309,rr2309,3428.0,0.0,0.0,0.0,24,3428.0,3429.0,4,3429.0,3427.0,3428.0,3424.0,203.0,6954800.0,3622
2023-05-10 21:17:35,rr2309,rr2309,3428.0,0.0,0.0,0.0,27,3428.0,3429.0,1,3429.0,3427.0,3428.0,3424.0,203.0,6954800.0,3622
2023-05-10 21:17:36,rr2309,rr2309,3428.0,0.0,0.0,0.0,24,3428.0,3429.0,4,3429.0,3427.0,3428.0,3424.0,203.0,6954800.0,3622
2023-05-10 21:17:36,rr2309,rr2309,3428.0,0.0,0.0,0.0,27,3428.0,3429.0,1,3429.0,3427.0,3428.0,3424.0,203.0,6954800.0,3622
2023-05-10 21:17:37,rr2309,rr2309,3428.0,0.0,0.0,0.0,24,3428.0,3429.0,4,3429.0,3427.0,3428.0,3424.0,203.0,6954800.0,3622
2023-05-10 21:17:37,rr2309,rr2309,3428.0,0.0,0.0,0.0,21,3428.0,3429.0,7,3429.0,3427.0,3428.0,3424.0,203.0,6954800.0,3622
2023-05-10 21:17:38,rr2309,rr2309,3428.0,0.0,0.0,0.0,21,3428.0,3429.0,4,3429.0,3427.0,3428.0,3424.0,203.0,6954800.0,3622
2023-05-10 21:17:38,rr2309,rr2309,3428.0,0.0,0.0,0.0,24,3428.0,3429.0,4,3429.0,3427.0,3428.0,3424.0,203.0,6954800.0,3622
2023-05-10 21:17:48,rr2309,rr2309,3429.0,10.0,342900.0,1.0,2,3429.0,3430.0,24,3429.0,3427.0,3429.0,3424.0,213.0,7297700.0,3623
2023-05-10 21:17:48,rr2309,rr2309,3429.0,6.0,205770.0,-1.0,24,3428.0,3430.0,22,3429.0,3427.0,3430.0,3424.0,219.0,7503470.0,3622
2023-05-10 21:17:49,rr2309,rr2309,3429.0,3.0,102870.0,0.0,21,3428.0,3429.0,3,3429.0,3427.0,3430.0,3424.0,222.0,7606340.0,3622
2023-05-10 21:17:49,rr2309,rr2309,3429.0,1.0,34290.0,-1.0,21,3428.0,3429.0,2,3429.0,3427.0,3430.0,3424.0,223.0,7640630.0,3621
2023-05-10 21:17:50,rr2309,rr2309,3429.0,0.0,0.0,0.0,24,3428.0,3429.0,2,3429.0,3427.0,3430.0,3424.0,223.0,7640630.0,3621
2023-05-10 21:17:55,rr2309,rr2309,3429.0,0.0,0.0,0.0,21,3428.0,3429.0,2,3429.0,3427.0,3430.0,3424.0,223.0,7640630.0,3621
2023-05-10 21:17:55,rr2309,rr2309,3429.0,0.0,0.0,0.0,24,3428.0,3429.0,2,3429.0,3427.0,3430.0,3424.0,223.0,7640630.0,3621
2023-05-10 21:18:01,rr2309,rr2309,3429.0,0.0,0.0,0.0,21,3428.0,3429.0,5,3429.0,3427.0,3430.0,3424.0,223.0,7640630.0,3621
2023-05-10 21:18:02,rr2309,rr2309,3429.0,0.0,0.0,0.0,24,3428.0,3429.0,2,3429.0,3427.0,3430.0,3424.0,223.0,7640630.0,3621
2023-05-10 21:18:02,rr2309,rr2309,3429.0,0.0,0.0,0.0,21,3428.0,3429.0,2,3429.0,3427.0,3430.0,3424.0,223.0,7640630.0,3621
2023-05-10 21:18:03,rr2309,rr2309,3429.0,0.0,0.0,0.0,24,3428.0,3429.0,2,3429.0,3427.0,3430.0,3424.0,223.0,7640630.0,3621
2023-05-10 21:18:05,rr2309,rr2309,3429.0,0.0,0.0,0.0,21,3428.0,3429.0,5,3429.0,3427.0,3430.0,3424.0,223.0,7640630.0,3621
2023-05-10 21:18:06,rr2309,rr2309,3429.0,0.0,0.0,0.0,24,3428.0,3429.0,2,3429.0,3427.0,3430.0,3424.0,223.0,7640630.0,3621
2023-05-10 21:18:06,rr2309,rr2309,3429.0,0.0,0.0,0.0,21,3428.0,3429.0,5,3429.0,3427.0,3430.0,3424.0,223.0,7640630.0,3621
2023-05-10 21:18:07,rr2309,rr2309,3429.0,0.0,0.0,0.0,24,3428.0,3429.0,2,3429.0,3427.0,3430.0,3424.0,223.0,7640630.0,3621
2023-05-10 21:18:07,rr2309,rr2309,3429.0,0.0,0.0,0.0,21,3428.0,3429.0,5,3429.0,3427.0,3430.0,3424.0,223.0,7640630.0,3621
2023-05-10 21:18:08,rr2309,rr2309,3429.0,0.0,0.0,0.0,24,3428.0,3429.0,2,3429.0,3427.0,3430.0,3424.0,223.0,7640630.0,3621
2023-05-10 21:18:08,rr2309,rr2309,3429.0,0.0,0.0,0.0,21,3428.0,3429.0,5,3429.0,3427.0,3430.0,3424.0,223.0,7640630.0,3621
2023-05-10 21:18:09,rr2309,rr2309,3429.0,0.0,0.0,0.0,24,3428.0,3429.0,2,3429.0,3427.0,3430.0,3424.0,223.0,7640630.0,3621
2023-05-10 21:18:09,rr2309,rr2309,3429.0,0.0,0.0,0.0,21,3428.0,3429.0,5,3429.0,3427.0,3430.0,3424.0,223.0,7640630.0,3621
2023-05-10 21:18:10,rr2309,rr2309,3429.0,0.0,0.0,0.0,24,3428.0,3429.0,2,3429.0,3427.0,3430.0,3424.0,223.0,7640630.0,3621
2023-05-10 21:18:10,rr2309,rr2309,3429.0,0.0,0.0,0.0,21,3428.0,3429.0,2,3429.0,3427.0,3430.0,3424.0,223.0,7640630.0,3621
2023-05-10 21:18:11,rr2309,rr2309,3429.0,0.0,0.0,0.0,24,3428.0,3429.0,2,3429.0,3427.0,3430.0,3424.0,223.0,7640630.0,3621
2023-05-10 21:18:18,rr2309,rr2309,3429.0,0.0,0.0,0.0,21,3428.0,3429.0,5,3429.0,3427.0,3430.0,3424.0,223.0,7640630.0,3621
2023-05-10 21:18:18,rr2309,rr2309,3429.0,0.0,0.0,0.0,24,3428.0,3429.0,2,3429.0,3427.0,3430.0,3424.0,223.0,7640630.0,3621
2023-05-10 21:18:23,rr2309,rr2309,3429.0,0.0,0.0,0.0,21,3428.0,3429.0,5,3429.0,3427.0,3430.0,3424.0,223.0,7640630.0,3621
2023-05-10 21:18:23,rr2309,rr2309,3429.0,0.0,0.0,0.0,24,3428.0,3429.0,2,3429.0,3427.0,3430.0,3424.0,223.0,7640630.0,3621
2023-05-10 21:18:24,rr2309,rr2309,3429.0,0.0,0.0,0.0,21,3428.0,3429.0,5,3429.0,3427.0,3430.0,3424.0,223.0,7640630.0,3621
2023-05-10 21:18:24,rr2309,rr2309,3429.0,0.0,0.0,0.0,24,3428.0,3429.0,2,3429.0,3427.0,3430.0,3424.0,223.0,7640630.0,3621
2023-05-10 21:18:25,rr2309,rr2309,3429.0,0.0,0.0,0.0,21,3428.0,3429.0,5,3429.0,3427.0,3430.0,3424.0,223.0,7640630.0,3621
2023-05-10 21:18:25,rr2309,rr2309,3429.0,0.0,0.0,0.0,24,3428.0,3429.0,2,3429.0,3427.0,3430.0,3424.0,223.0,7640630.0,3621
2023-05-10 21:18:26,rr2309,rr2309,3429.0,0.0,0.0,0.0,21,3428.0,3429.0,5,3429.0,3427.0,3430.0,3424.0,223.0,7640630.0,3621
2023-05-10 21:18:26,rr2309,rr2309,3429.0,0.0,0.0,0.0,24,3428.0,3429.0,2,3429.0,3427.0,3430.0,3424.0,223.0,7640630.0,3621
2023-05-10 21:18:27,rr2309,rr2309,3429.0,0.0,0.0,0.0,21,3428.0,3429.0,5,3429.0,3427.0,3430.0,3424.0,223.0,7640630.0,3621
2023-05-10 21:18:27,rr2309,rr2309,3429.0,0.0,0.0,0.0,24,3428.0,3429.0,2,3429.0,3427.0,3430.0,3424.0,223.0,7640630.0,3621
2023-05-10 21:18:28,rr2309,rr2309,3429.0,0.0,0.0,0.0,21,3428.0,3429.0,5,3429.0,3427.0,3430.0,3424.0,223.0,7640630.0,3621
2023-05-10 21:18:28,rr2309,rr2309,3429.0,0.0,0.0,0.0,24,3428.0,3429.0,2,3429.0,3427.0,3430.0,3424.0,223.0,7640630.0,3621
2023-05-10 21:18:29,rr2309,rr2309,3429.0,0.0,0.0,0.0,21,3428.0,3429.0,5,3429.0,3427.0,3430.0,3424.0,223.0,7640630.0,3621
2023-05-10 21:18:29,rr2309,rr2309,3429.0,0.0,0.0,0.0,24,3428.0,3429.0,2,3429.0,3427.0,3430.0,3424.0,223.0,7640630.0,3621
2023-05-10 21:18:30,rr2309,rr2309,3429.0,0.0,0.0,0.0,21,3428.0,3429.0,5,3429.0,3427.0,3430.0,3424.0,223.0,7640630.0,3621
2023-05-10 21:18:30,rr2309,rr2309,3429.0,0.0,0.0,0.0,18,3428.0,3429.0,8,3429.0,3427.0,3430.0,3424.0,223.0,7640630.0,3621
2023-05-10 21:18:31,rr2309,rr2309,3429.0,0.0,0.0,0.0,21,3428.0,3429.0,5,3429.0,3427.0,3430.0,3424.0,223.0,7640630.0,3621
2023-05-10 21:18:54,rr2309,rr2309,3429.0,0.0,0.0,0.0,24,3428.0,3429.0,2,3429.0,3427.0,3430.0,3424.0,223.0,7640630.0,3621
2023-05-10 21:20:49,rr2309,rr2309,3429.0,0.0,0.0,0.0,18,3428.0,3429.0,2,3429.0,3427.0,3430.0,3424.0,223.0,7640630.0,3621
2023-05-10 21:20:49,rr2309,rr2309,3429.0,0.0,0.0,0.0,24,3428.0,3429.0,2,3429.0,3427.0,3430.0,3424.0,223.0,7640630.0,3621
2023-05-10 21:23:13,rr2309,rr2309,3429.0,0.0,0.0,0.0,21,3428.0,3429.0,2,3429.0,3427.0,3430.0,3424.0,223.0,7640630.0,3621
2023-05-10 21:23:13,rr2309,rr2309,3429.0,0.0,0.0,0.0,24,3428.0,3429.0,2,3429.0,3427.0,3430.0,3424.0,223.0,7640630.0,3621
2023-05-10 21:23:26,rr2309,rr2309,3429.0,0.0,0.0,0.0,18,3428.0,3429.0,2,3429.0,3427.0,3430.0,3424.0,223.0,7640630.0,3621
2023-05-10 21:23:26,rr2309,rr2309,3429.0,0.0,0.0,0.0,21,3428.0,3429.0,2,3429.0,3427.0,3430.0,3424.0,223.0,7640630.0,3621
2023-05-10 21:23:27,rr2309,rr2309,3429.0,0.0,0.0,0.0,24,3428.0,3429.0,2,3429.0,3427.0,3430.0,3424.0,223.0,7640630.0,3621
2023-05-10 21:23:28,rr2309,rr2309,3429.0,0.0,0.0,0.0,21,3428.0,3429.0,2,3429.0,3427.0,3430.0,3424.0,223.0,7640630.0,3621
2023-05-10 21:23:28,rr2309,rr2309,3429.0,0.0,0.0,0.0,24,3428.0,3429.0,2,3429.0,3427.0,3430.0,3424.0,223.0,7640630.0,3621
2023-05-10 21:23:29,rr2309,rr2309,3429.0,0.0,0.0,0.0,21,3428.0,3429.0,2,3429.0,3427.0,3430.0,3424.0,223.0,7640630.0,3621
2023-05-10 21:23:29,rr2309,rr2309,3429.0,0.0,0.0,0.0,24,3428.0,3429.0,2,3429.0,3427.0,3430.0,3424.0,223.0,7640630.0,3621
2023-05-10 21:23:31,rr2309,rr2309,3429.0,0.0,0.0,0.0,21,3428.0,3429.0,2,3429.0,3427.0,3430.0,3424.0,223.0,7640630.0,3621
2023-05-10 21:23:31,rr2309,rr2309,3429.0,0.0,0.0,0.0,24,3428.0,3429.0,2,3429.0,3427.0,3430.0,3424.0,223.0,7640630.0,3621
2023-05-10 21:23:32,rr2309,rr2309,3429.0,0.0,0.0,0.0,21,3428.0,3429.0,2,3429.0,3427.0,3430.0,3424.0,223.0,7640630.0,3621
2023-05-10 21:23:32,rr2309,rr2309,3429.0,0.0,0.0,0.0,24,3428.0,3429.0,2,3429.0,3427.0,3430.0,3424.0,223.0,7640630.0,3621
2023-05-10 21:23:34,rr2309,rr2309,3429.0,0.0,0.0,0.0,21,3428.0,3429.0,2,3429.0,3427.0,3430.0,3424.0,223.0,7640630.0,3621
2023-05-10 21:23:34,rr2309,rr2309,3429.0,0.0,0.0,0.0,24,3428.0,3429.0,2,3429.0,3427.0,3430.0,3424.0,223.0,7640630.0,3621
2023-05-10 21:23:35,rr2309,rr2309,3429.0,0.0,0.0,0.0,21,3428.0,3429.0,2,3429.0,3427.0,3430.0,3424.0,223.0,7640630.0,3621
2023-05-10 21:23:36,rr2309,rr2309,3429.0,0.0,0.0,0.0,24,3428.0,3429.0,2,3429.0,3427.0,3430.0,3424.0,223.0,7640630.0,3621
2023-05-10 21:23:41,rr2309,rr2309,3429.0,0.0,0.0,0.0,21,3428.0,3429.0,2,3429.0,3427.0,3430.0,3424.0,223.0,7640630.0,3621
2023-05-10 21:23:42,rr2309,rr2309,3429.0,0.0,0.0,0.0,24,3428.0,3429.0,2,3429.0,3427.0,3430.0,3424.0,223.0,7640630.0,3621
2023-05-10 21:24:11,rr2309,rr2309,3429.0,0.0,0.0,0.0,21,3428.0,3429.0,2,3429.0,3427.0,3430.0,3424.0,223.0,7640630.0,3621
2023-05-10 21:24:14,rr2309,rr2309,3429.0,0.0,0.0,0.0,24,3428.0,3429.0,2,3429.0,3427.0,3430.0,3424.0,223.0,7640630.0,3621
2023-05-10 21:24:18,rr2309,rr2309,3429.0,0.0,0.0,0.0,21,3428.0,3429.0,2,3429.0,3427.0,3430.0,3424.0,223.0,7640630.0,3621
2023-05-10 21:24:18,rr2309,rr2309,3429.0,0.0,0.0,0.0,24,3428.0,3429.0,2,3429.0,3427.0,3430.0,3424.0,223.0,7640630.0,3621
2023-05-10 21:24:22,rr2309,rr2309,3429.0,0.0,0.0,0.0,21,3428.0,3429.0,2,3429.0,3427.0,3430.0,3424.0,223.0,7640630.0,3621
2023-05-10 21:24:22,rr2309,rr2309,3429.0,0.0,0.0,0.0,24,3428.0,3429.0,2,3429.0,3427.0,3430.0,3424.0,223.0,7640630.0,3621
2023-05-10 21:24:23,rr2309,rr2309,3429.0,0.0,0.0,0.0,21,3428.0,3429.0,2,3429.0,3427.0,3430.0,3424.0,223.0,7640630.0,3621
2023-05-10 21:24:24,rr2309,rr2309,3429.0,0.0,0.0,0.0,18,3428.0,3429.0,2,3429.0,3427.0,3430.0,3424.0,223.0,7640630.0,3621
2023-05-10 21:24:25,rr2309,rr2309,3429.0,0.0,0.0,0.0,21,3428.0,3429.0,8,3429.0,3427.0,3430.0,3424.0,223.0,7640630.0,3621
2023-05-10 21:24:25,rr2309,rr2309,3429.0,0.0,0.0,0.0,24,3428.0,3429.0,2,3429.0,3427.0,3430.0,3424.0,223.0,7640630.0,3621
2023-05-10 21:24:26,rr2309,rr2309,3429.0,0.0,0.0,0.0,21,3428.0,3429.0,2,3429.0,3427.0,3430.0,3424.0,223.0,7640630.0,3621
2023-05-10 21:24:28,rr2309,rr2309,3429.0,0.0,0.0,0.0,24,3428.0,3429.0,2,3429.0,3427.0,3430.0,3424.0,223.0,7640630.0,3621
2023-05-10 21:24:28,rr2309,rr2309,3429.0,0.0,0.0,0.0,24,3428.0,3429.0,7,3429.0,3427.0,3430.0,3424.0,223.0,7640630.0,3621
2023-05-10 21:24:29,rr2309,rr2309,3429.0,0.0,0.0,0.0,21,3428.0,3429.0,5,3429.0,3427.0,3430.0,3424.0,223.0,7640630.0,3621
2023-05-10 21:24:38,rr2309,rr2309,3429.0,0.0,0.0,0.0,24,3428.0,3429.0,2,3429.0,3427.0,3430.0,3424.0,223.0,7640630.0,3621
2023-05-10 21:24:39,rr2309,rr2309,3429.0,0.0,0.0,0.0,21,3428.0,3429.0,2,3429.0,3427.0,3430.0,3424.0,223.0,7640630.0,3621
2023-05-10 21:24:39,rr2309,rr2309,3429.0,0.0,0.0,0.0,24,3428.0,3429.0,2,3429.0,3427.0,3430.0,3424.0,223.0,7640630.0,3621
2023-05-10 21:24:40,rr2309,rr2309,3429.0,0.0,0.0,0.0,21,3428.0,3429.0,2,3429.0,3427.0,3430.0,3424.0,223.0,7640630.0,3621
2023-05-10 21:24:40,rr2309,rr2309,3429.0,0.0,0.0,0.0,24,3428.0,3429.0,2,3429.0,3427.0,3430.0,3424.0,223.0,7640630.0,3621
2023-05-10 21:25:09,rr2309,rr2309,3429.0,0.0,0.0,0.0,21,3428.0,3429.0,2,3429.0,3427.0,3430.0,3424.0,223.0,7640630.0,3621
2023-05-10 21:25:11,rr2309,rr2309,3429.0,0.0,0.0,0.0,21,3428.0,3429.0,7,3429.0,3427.0,3430.0,3424.0,223.0,7640630.0,3621
2023-05-10 21:25:11,rr2309,rr2309,3428.0,20.0,685600.0,3.0,45,3427.0,3429.0,7,3429.0,3427.0,3430.0,3424.0,243.0,8326230.0,3624
2023-05-10 21:25:12,rr2309,rr2309,3428.0,0.0,0.0,0.0,3,3428.0,3429.0,7,3429.0,3427.0,3430.0,3424.0,243.0,8326230.0,3624
2023-05-10 21:25:14,rr2309,rr2309,3428.0,0.0,0.0,0.0,3,3428.0,3429.0,16,3429.0,3427.0,3430.0,3424.0,243.0,8326230.0,3624
2023-05-10 21:25:14,rr2309,rr2309,3428.0,2.0,68560.0,1.0,57,3427.0,3428.0,1,3429.0,3427.0,3430.0,3424.0,245.0,8394790.0,3625
2023-05-10 21:25:18,rr2309,rr2309,3428.0,0.0,0.0,0.0,57,3427.0,3428.0,10,3429.0,3427.0,3430.0,3424.0,245.0,8394790.0,3625
2023-05-10 21:25:19,rr2309,rr2309,3428.0,0.0,0.0,0.0,54,3427.0,3428.0,19,3429.0,3427.0,3430.0,3424.0,245.0,8394790.0,3625
2023-05-10 21:25:19,rr2309,rr2309,3428.0,1.0,34280.0,-1.0,53,3427.0,3428.0,24,3429.0,3427.0,3430.0,3424.0,246.0,8429070.0,3624
2023-05-10 21:25:20,rr2309,rr2309,3428.0,0.0,0.0,0.0,54,3427.0,3428.0,24,3429.0,3427.0,3430.0,3424.0,246.0,8429070.0,3624
2023-05-10 21:25:20,rr2309,rr2309,3428.0,12.0,411360.0,3.0,9,3428.0,3429.0,17,3429.0,3427.0,3430.0,3424.0,258.0,8840430.0,3627
2023-05-10 21:25:21,rr2309,rr2309,3428.0,0.0,0.0,0.0,18,3428.0,3429.0,23,3429.0,3427.0,3430.0,3424.0,258.0,8840430.0,3627
2023-05-10 21:25:21,rr2309,rr2309,3428.0,0.0,0.0,0.0,21,3428.0,3429.0,23,3429.0,3427.0,3430.0,3424.0,258.0,8840430.0,3627
2023-05-10 21:25:22,rr2309,rr2309,3428.0,0.0,0.0,0.0,18,3428.0,3429.0,23,3429.0,3427.0,3430.0,3424.0,258.0,8840430.0,3627
2023-05-10 21:25:22,rr2309,rr2309,3428.0,0.0,0.0,0.0,21,3428.0,3429.0,23,3429.0,3427.0,3430.0,3424.0,258.0,8840430.0,3627
2023-05-10 21:25:23,rr2309,rr2309,3428.0,0.0,0.0,0.0,15,3428.0,3429.0,17,3429.0,3427.0,3430.0,3424.0,258.0,8840430.0,3627
2023-05-10 21:25:23,rr2309,rr2309,3428.0,0.0,0.0,0.0,21,3428.0,3429.0,20,3429.0,3427.0,3430.0,3424.0,258.0,8840430.0,3627
2023-05-10 21:25:24,rr2309,rr2309,3428.0,0.0,0.0,0.0,24,3428.0,3429.0,20,3429.0,3427.0,3430.0,3424.0,258.0,8840430.0,3627
2023-05-10 21:25:25,rr2309,rr2309,3428.0,0.0,0.0,0.0,24,3428.0,3429.0,23,3429.0,3427.0,3430.0,3424.0,258.0,8840430.0,3627
2023-05-10 21:25:26,rr2309,rr2309,3428.0,0.0,0.0,0.0,24,3428.0,3429.0,20,3429.0,3427.0,3430.0,3424.0,258.0,8840430.0,3627
2023-05-10 21:25:26,rr2309,rr2309,3428.0,0.0,0.0,0.0,24,3428.0,3429.0,23,3429.0,3427.0,3430.0,3424.0,258.0,8840430.0,3627
2023-05-10 21:25:27,rr2309,rr2309,3428.0,0.0,0.0,0.0,24,3428.0,3429.0,20,3429.0,3427.0,3430.0,3424.0,258.0,8840430.0,3627
2023-05-10 21:25:27,rr2309,rr2309,3428.0,0.0,0.0,0.0,24,3428.0,3429.0,23,3429.0,3427.0,3430.0,3424.0,258.0,8840430.0,3627
2023-05-10 21:25:28,rr2309,rr2309,3428.0,0.0,0.0,0.0,21,3428.0,3429.0,20,3429.0,3427.0,3430.0,3424.0,258.0,8840430.0,3627
2023-05-10 21:25:28,rr2309,rr2309,3428.0,0.0,0.0,0.0,27,3428.0,3429.0,20,3429.0,3427.0,3430.0,3424.0,258.0,8840430.0,3627
2023-05-10 21:25:29,rr2309,rr2309,3428.0,0.0,0.0,0.0,24,3428.0,3429.0,23,3429.0,3427.0,3430.0,3424.0,258.0,8840430.0,3627
2023-05-10 21:25:29,rr2309,rr2309,3428.0,0.0,0.0,0.0,27,3428.0,3429.0,23,3429.0,3427.0,3430.0,3424.0,258.0,8840430.0,3627
2023-05-10 21:25:33,rr2309,rr2309,3428.0,0.0,0.0,0.0,27,3428.0,3429.0,20,3429.0,3427.0,3430.0,3424.0,258.0,8840430.0,3627
2023-05-10 21:25:34,rr2309,rr2309,3428.0,0.0,0.0,0.0,27,3428.0,3429.0,23,3429.0,3427.0,3430.0,3424.0,258.0,8840430.0,3627
2023-05-10 21:25:37,rr2309,rr2309,3428.0,0.0,0.0,0.0,24,3428.0,3429.0,20,3429.0,3427.0,3430.0,3424.0,258.0,8840430.0,3627
2023-05-10 21:25:37,rr2309,rr2309,3428.0,0.0,0.0,0.0,24,3428.0,3429.0,23,3429.0,3427.0,3430.0,3424.0,258.0,8840430.0,3627
2023-05-10 21:25:38,rr2309,rr2309,3428.0,0.0,0.0,0.0,27,3428.0,3429.0,23,3429.0,3427.0,3430.0,3424.0,258.0,8840430.0,3627
2023-05-10 21:27:13,rr2309,rr2309,3428.0,0.0,0.0,0.0,24,3428.0,3429.0,20,3429.0,3427.0,3430.0,3424.0,258.0,8840430.0,3627
2023-05-10 21:27:14,rr2309,rr2309,3428.0,0.0,0.0,0.0,27,3428.0,3429.0,23,3429.0,3427.0,3430.0,3424.0,258.0,8840430.0,3627
2023-05-10 21:27:32,rr2309,rr2309,3428.0,0.0,0.0,0.0,24,3428.0,3429.0,23,3429.0,3427.0,3430.0,3424.0,258.0,8840430.0,3627
2023-05-10 21:27:32,rr2309,rr2309,3428.0,0.0,0.0,0.0,27,3428.0,3429.0,23,3429.0,3427.0,3430.0,3424.0,258.0,8840430.0,3627
2023-05-10 21:27:33,rr2309,rr2309,3428.0,0.0,0.0,0.0,27,3428.0,3429.0,28,3429.0,3427.0,3430.0,3424.0,258.0,8840430.0,3627
2023-05-10 21:27:34,rr2309,rr2309,3428.0,0.0,0.0,0.0,24,3428.0,3429.0,31,3429.0,3427.0,3430.0,3424.0,258.0,8840430.0,3627
2023-05-10 21:27:38,rr2309,rr2309,3428.0,0.0,0.0,0.0,21,3428.0,3429.0,31,3429.0,3427.0,3430.0,3424.0,258.0,8840430.0,3627
2023-05-10 21:27:38,rr2309,rr2309,3428.0,0.0,0.0,0.0,24,3428.0,3429.0,31,3429.0,3427.0,3430.0,3424.0,258.0,8840430.0,3627
2023-05-10 21:27:39,rr2309,rr2309,3428.0,0.0,0.0,0.0,21,3428.0,3429.0,31,3429.0,3427.0,3430.0,3424.0,258.0,8840430.0,3627
2023-05-10 21:27:39,rr2309,rr2309,3428.0,0.0,0.0,0.0,24,3428.0,3429.0,31,3429.0,3427.0,3430.0,3424.0,258.0,8840430.0,3627
2023-05-10 21:27:40,rr2309,rr2309,3428.0,0.0,0.0,0.0,21,3428.0,3429.0,31,3429.0,3427.0,3430.0,3424.0,258.0,8840430.0,3627
2023-05-10 21:27:40,rr2309,rr2309,3428.0,0.0,0.0,0.0,24,3428.0,3429.0,31,3429.0,3427.0,3430.0,3424.0,258.0,8840430.0,3627
2023-05-10 21:27:41,rr2309,rr2309,3428.0,0.0,0.0,0.0,21,3428.0,3429.0,31,3429.0,3427.0,3430.0,3424.0,258.0,8840430.0,3627
2023-05-10 21:27:41,rr2309,rr2309,3428.0,0.0,0.0,0.0,24,3428.0,3429.0,31,3429.0,3427.0,3430.0,3424.0,258.0,8840430.0,3627
2023-05-10 21:27:42,rr2309,rr2309,3428.0,0.0,0.0,0.0,21,3428.0,3429.0,31,3429.0,3427.0,3430.0,3424.0,258.0,8840430.0,3627
2023-05-10 21:27:42,rr2309,rr2309,3428.0,0.0,0.0,0.0,24,3428.0,3429.0,31,3429.0,3427.0,3430.0,3424.0,258.0,8840430.0,3627
2023-05-10 21:27:43,rr2309,rr2309,3428.0,0.0,0.0,0.0,21,3428.0,3429.0,31,3429.0,3427.0,3430.0,3424.0,258.0,8840430.0,3627
2023-05-10 21:27:43,rr2309,rr2309,3428.0,0.0,0.0,0.0,24,3428.0,3429.0,31,3429.0,3427.0,3430.0,3424.0,258.0,8840430.0,3627
2023-05-10 21:27:44,rr2309,rr2309,3428.0,0.0,0.0,0.0,21,3428.0,3429.0,31,3429.0,3427.0,3430.0,3424.0,258.0,8840430.0,3627
2023-05-10 21:27:44,rr2309,rr2309,3428.0,0.0,0.0,0.0,24,3428.0,3429.0,31,3429.0,3427.0,3430.0,3424.0,258.0,8840430.0,3627
2023-05-10 21:27:45,rr2309,rr2309,3428.0,0.0,0.0,0.0,21,3428.0,3429.0,31,3429.0,3427.0,3430.0,3424.0,258.0,8840430.0,3627
2023-05-10 21:27:45,rr2309,rr2309,3428.0,0.0,0.0,0.0,24,3428.0,3429.0,31,3429.0,3427.0,3430.0,3424.0,258.0,8840430.0,3627
2023-05-10 21:27:46,rr2309,rr2309,3428.0,0.0,0.0,0.0,21,3428.0,3429.0,31,3429.0,3427.0,3430.0,3424.0,258.0,8840430.0,3627
2023-05-10 21:27:46,rr2309,rr2309,3428.0,0.0,0.0,0.0,24,3428.0,3429.0,31,3429.0,3427.0,3430.0,3424.0,258.0,8840430.0,3627
2023-05-10 21:27:47,rr2309,rr2309,3428.0,0.0,0.0,0.0,21,3428.0,3429.0,31,3429.0,3427.0,3430.0,3424.0,258.0,8840430.0,3627
2023-05-10 21:27:47,rr2309,rr2309,3428.0,0.0,0.0,0.0,24,3428.0,3429.0,31,3429.0,3427.0,3430.0,3424.0,258.0,8840430.0,3627
2023-05-10 21:27:48,rr2309,rr2309,3428.0,0.0,0.0,0.0,21,3428.0,3429.0,31,3429.0,3427.0,3430.0,3424.0,258.0,8840430.0,3627
2023-05-10 21:27:48,rr2309,rr2309,3428.0,0.0,0.0,0.0,24,3428.0,3429.0,31,3429.0,3427.0,3430.0,3424.0,258.0,8840430.0,3627
2023-05-10 21:27:49,rr2309,rr2309,3428.0,0.0,0.0,0.0,21,3428.0,3429.0,31,3429.0,3427.0,3430.0,3424.0,258.0,8840430.0,3627
2023-05-10 21:27:49,rr2309,rr2309,3428.0,0.0,0.0,0.0,24,3428.0,3429.0,31,3429.0,3427.0,3430.0,3424.0,258.0,8840430.0,3627
2023-05-10 21:27:50,rr2309,rr2309,3428.0,0.0,0.0,0.0,21,3428.0,3429.0,31,3429.0,3427.0,3430.0,3424.0,258.0,8840430.0,3627
2023-05-10 21:27:50,rr2309,rr2309,3428.0,0.0,0.0,0.0,24,3428.0,3429.0,31,3429.0,3427.0,3430.0,3424.0,258.0,8840430.0,3627
2023-05-10 21:27:51,rr2309,rr2309,3428.0,0.0,0.0,0.0,21,3428.0,3429.0,31,3429.0,3427.0,3430.0,3424.0,258.0,8840430.0,3627
2023-05-10 21:27:51,rr2309,rr2309,3428.0,0.0,0.0,0.0,24,3428.0,3429.0,31,3429.0,3427.0,3430.0,3424.0,258.0,8840430.0,3627
2023-05-10 21:27:52,rr2309,rr2309,3428.0,0.0,0.0,0.0,21,3428.0,3429.0,31,3429.0,3427.0,3430.0,3424.0,258.0,8840430.0,3627
2023-05-10 21:27:52,rr2309,rr2309,3428.0,0.0,0.0,0.0,24,3428.0,3429.0,31,3429.0,3427.0,3430.0,3424.0,258.0,8840430.0,3627
2023-05-10 21:27:53,rr2309,rr2309,3428.0,0.0,0.0,0.0,21,3428.0,3429.0,31,3429.0,3427.0,3430.0,3424.0,258.0,8840430.0,3627
2023-05-10 21:27:53,rr2309,rr2309,3428.0,0.0,0.0,0.0,24,3428.0,3429.0,31,3429.0,3427.0,3430.0,3424.0,258.0,8840430.0,3627
2023-05-10 21:27:54,rr2309,rr2309,3428.0,0.0,0.0,0.0,21,3428.0,3429.0,31,3429.0,3427.0,3430.0,3424.0,258.0,8840430.0,3627
2023-05-10 21:27:54,rr2309,rr2309,3428.0,0.0,0.0,0.0,24,3428.0,3429.0,31,3429.0,3427.0,3430.0,3424.0,258.0,8840430.0,3627
2023-05-10 21:27:55,rr2309,rr2309,3428.0,0.0,0.0,0.0,21,3428.0,3429.0,31,3429.0,3427.0,3430.0,3424.0,258.0,8840430.0,3627
2023-05-10 21:27:55,rr2309,rr2309,3428.0,0.0,0.0,0.0,24,3428.0,3429.0,31,3429.0,3427.0,3430.0,3424.0,258.0,8840430.0,3627
2023-05-10 21:28:15,rr2309,rr2309,3428.0,0.0,0.0,0.0,24,3428.0,3429.0,26,3429.0,3427.0,3430.0,3424.0,258.0,8840430.0,3627
2023-05-10 21:29:21,rr2309,rr2309,3428.0,0.0,0.0,0.0,24,3428.0,3429.0,28,3429.0,3427.0,3430.0,3424.0,258.0,8840430.0,3627
2023-05-10 21:29:22,rr2309,rr2309,3428.0,0.0,0.0,0.0,24,3428.0,3429.0,26,3429.0,3427.0,3430.0,3424.0,258.0,8840430.0,3627
2023-05-10 21:29:42,rr2309,rr2309,3428.0,0.0,0.0,0.0,24,3428.0,3429.0,21,3429.0,3427.0,3430.0,3424.0,258.0,8840430.0,3627
2023-05-10 21:29:43,rr2309,rr2309,3428.0,0.0,0.0,0.0,27,3428.0,3429.0,24,3429.0,3427.0,3430.0,3424.0,258.0,8840430.0,3627
2023-05-10 21:29:43,rr2309,rr2309,3428.0,0.0,0.0,0.0,34,3428.0,3429.0,29,3429.0,3427.0,3430.0,3424.0,258.0,8840430.0,3627
2023-05-10 21:29:44,rr2309,rr2309,3428.0,0.0,0.0,0.0,34,3428.0,3429.0,24,3429.0,3427.0,3430.0,3424.0,258.0,8840430.0,3627
2023-05-10 21:29:44,rr2309,rr2309,3428.0,0.0,0.0,0.0,34,3428.0,3429.0,32,3429.0,3427.0,3430.0,3424.0,258.0,8840430.0,3627
2023-05-10 21:29:45,rr2309,rr2309,3428.0,0.0,0.0,0.0,34,3428.0,3429.0,24,3429.0,3427.0,3430.0,3424.0,258.0,8840430.0,3627
2023-05-10 21:29:45,rr2309,rr2309,3430.0,40.0,1371680.0,18.0,3,3430.0,3431.0,6,3429.0,3427.0,3430.0,3424.0,298.0,10212110.0,3645
2023-05-10 21:29:46,rr2309,rr2309,3431.0,21.0,720480.0,6.0,17,3431.0,3432.0,12,3429.0,3427.0,3431.0,3424.0,319.0,10932590.0,3651
2023-05-10 21:29:46,rr2309,rr2309,3431.0,0.0,0.0,0.0,23,3431.0,3432.0,18,3429.0,3427.0,3431.0,3424.0,319.0,10932590.0,3651
2023-05-10 21:29:47,rr2309,rr2309,3431.0,0.0,0.0,0.0,23,3431.0,3432.0,21,3429.0,3427.0,3431.0,3424.0,319.0,10932590.0,3651
2023-05-10 21:29:48,rr2309,rr2309,3431.0,0.0,0.0,0.0,23,3431.0,3432.0,24,3429.0,3427.0,3431.0,3424.0,319.0,10932590.0,3651
2023-05-10 21:29:50,rr2309,rr2309,3431.0,23.0,789130.0,-17.0,18,3430.0,3431.0,26,3429.0,3427.0,3431.0,3424.0,342.0,11721720.0,3634
2023-05-10 21:29:50,rr2309,rr2309,3431.0,0.0,0.0,0.0,21,3430.0,3431.0,36,3429.0,3427.0,3431.0,3424.0,342.0,11721720.0,3634
2023-05-10 21:29:51,rr2309,rr2309,3430.0,3.0,102900.0,0.0,14,3430.0,3431.0,33,3429.0,3427.0,3431.0,3424.0,345.0,11824620.0,3634
2023-05-10 21:29:51,rr2309,rr2309,3430.0,6.0,205800.0,0.0,6,3430.0,3431.0,21,3429.0,3427.0,3431.0,3424.0,351.0,12030420.0,3634
2023-05-10 21:29:52,rr2309,rr2309,3430.0,5.0,171500.0,1.0,24,3429.0,3430.0,8,3429.0,3427.0,3431.0,3424.0,356.0,12201920.0,3635
2023-05-10 21:29:52,rr2309,rr2309,3430.0,0.0,0.0,0.0,21,3429.0,3430.0,14,3429.0,3427.0,3431.0,3424.0,356.0,12201920.0,3635
2023-05-10 21:29:53,rr2309,rr2309,3430.0,0.0,0.0,0.0,21,3429.0,3430.0,20,3429.0,3427.0,3431.0,3424.0,356.0,12201920.0,3635
2023-05-10 21:29:53,rr2309,rr2309,3430.0,0.0,0.0,0.0,21,3429.0,3430.0,12,3429.0,3427.0,3431.0,3424.0,356.0,12201920.0,3635
2023-05-10 21:29:54,rr2309,rr2309,3430.0,0.0,0.0,0.0,22,3429.0,3430.0,12,3429.0,3427.0,3431.0,3424.0,356.0,12201920.0,3635
2023-05-10 21:29:54,rr2309,rr2309,3430.0,0.0,0.0,0.0,25,3429.0,3430.0,15,3429.0,3427.0,3431.0,3424.0,356.0,12201920.0,3635
2023-05-10 21:29:58,rr2309,rr2309,3430.0,0.0,0.0,0.0,25,3429.0,3430.0,18,3429.0,3427.0,3431.0,3424.0,356.0,12201920.0,3635
2023-05-10 21:29:58,rr2309,rr2309,3430.0,0.0,0.0,0.0,25,3429.0,3430.0,21,3429.0,3427.0,3431.0,3424.0,356.0,12201920.0,3635
2023-05-10 21:30:01,rr2309,rr2309,3429.0,17.0,582930.0,-10.0,3,3429.0,3430.0,6,3429.0,3427.0,3431.0,3424.0,373.0,12784850.0,3625
2023-05-10 21:30:02,rr2309,rr2309,3429.0,0.0,0.0,0.0,3,3429.0,3430.0,9,3429.0,3427.0,3431.0,3424.0,373.0,12784850.0,3625
2023-05-10 21:30:02,rr2309,rr2309,3429.0,0.0,0.0,0.0,3,3429.0,3430.0,18,3429.0,3427.0,3431.0,3424.0,373.0,12784850.0,3625
2023-05-10 21:30:04,rr2309,rr2309,3429.0,0.0,0.0,0.0,3,3429.0,3430.0,21,3429.0,3427.0,3431.0,3424.0,373.0,12784850.0,3625
2023-05-10 21:30:16,rr2309,rr2309,3429.0,0.0,0.0,0.0,10,3429.0,3430.0,21,3429.0,3427.0,3431.0,3424.0,373.0,12784850.0,3625
2023-05-10 21:30:17,rr2309,rr2309,3429.0,0.0,0.0,0.0,22,3429.0,3430.0,18,3429.0,3427.0,3431.0,3424.0,373.0,12784850.0,3625
2023-05-10 21:30:17,rr2309,rr2309,3429.0,0.0,0.0,0.0,22,3429.0,3430.0,21,3429.0,3427.0,3431.0,3424.0,373.0,12784850.0,3625
2023-05-10 21:30:20,rr2309,rr2309,3429.0,6.0,205740.0,3.0,16,3429.0,3430.0,18,3429.0,3427.0,3431.0,3424.0,379.0,12990590.0,3628
2023-05-10 21:30:20,rr2309,rr2309,3429.0,15.0,514350.0,1.0,15,3428.0,3429.0,2,3429.0,3427.0,3431.0,3424.0,394.0,13504940.0,3629
2023-05-10 21:30:21,rr2309,rr2309,3429.0,0.0,0.0,0.0,21,3428.0,3429.0,2,3429.0,3427.0,3431.0,3424.0,394.0,13504940.0,3629
2023-05-10 21:30:23,rr2309,rr2309,3429.0,0.0,0.0,0.0,24,3428.0,3429.0,2,3429.0,3427.0,3431.0,3424.0,394.0,13504940.0,3629
2023-05-10 21:30:27,rr2309,rr2309,3429.0,0.0,0.0,0.0,24,3428.0,3429.0,3,3429.0,3427.0,3431.0,3424.0,394.0,13504940.0,3629
2023-05-10 21:30:27,rr2309,rr2309,3429.0,0.0,0.0,0.0,24,3428.0,3429.0,4,3429.0,3427.0,3431.0,3424.0,394.0,13504940.0,3629
2023-05-10 21:30:28,rr2309,rr2309,3429.0,0.0,0.0,0.0,24,3428.0,3429.0,8,3429.0,3427.0,3431.0,3424.0,394.0,13504940.0,3629
2023-05-10 21:30:28,rr2309,rr2309,3429.0,0.0,0.0,0.0,21,3428.0,3429.0,17,3429.0,3427.0,3431.0,3424.0,394.0,13504940.0,3629
2023-05-10 21:30:29,rr2309,rr2309,3429.0,0.0,0.0,0.0,24,3428.0,3429.0,20,3429.0,3427.0,3431.0,3424.0,394.0,13504940.0,3629
2023-05-10 21:30:29,rr2309,rr2309,3429.0,0.0,0.0,0.0,21,3428.0,3429.0,20,3429.0,3427.0,3431.0,3424.0,394.0,13504940.0,3629
2023-05-10 21:30:56,rr2309,rr2309,3429.0,0.0,0.0,0.0,21,3428.0,3429.0,17,3429.0,3427.0,3431.0,3424.0,394.0,13504940.0,3629
2023-05-10 21:30:58,rr2309,rr2309,3429.0,0.0,0.0,0.0,21,3428.0,3429.0,20,3429.0,3427.0,3431.0,3424.0,394.0,13504940.0,3629
2023-05-10 21:31:01,rr2309,rr2309,3429.0,0.0,0.0,0.0,23,3428.0,3429.0,20,3429.0,3427.0,3431.0,3424.0,394.0,13504940.0,3629
2023-05-10 21:35:26,rr2309,rr2309,3429.0,0.0,0.0,0.0,23,3428.0,3429.0,17,3429.0,3427.0,3431.0,3424.0,394.0,13504940.0,3629
2023-05-10 21:35:32,rr2309,rr2309,3429.0,0.0,0.0,0.0,23,3428.0,3429.0,20,3429.0,3427.0,3431.0,3424.0,394.0,13504940.0,3629
2023-05-10 21:36:12,rr2309,rr2309,3429.0,0.0,0.0,0.0,23,3428.0,3429.0,17,3429.0,3427.0,3431.0,3424.0,394.0,13504940.0,3629
2023-05-10 21:36:12,rr2309,rr2309,3429.0,0.0,0.0,0.0,23,3428.0,3429.0,20,3429.0,3427.0,3431.0,3424.0,394.0,13504940.0,3629
2023-05-10 21:37:04,rr2309,rr2309,3429.0,0.0,0.0,0.0,23,3428.0,3429.0,23,3429.0,3427.0,3431.0,3424.0,394.0,13504940.0,3629
2023-05-10 21:37:31,rr2309,rr2309,3429.0,0.0,0.0,0.0,23,3428.0,3429.0,20,3429.0,3427.0,3431.0,3424.0,394.0,13504940.0,3629
2023-05-10 21:37:32,rr2309,rr2309,3429.0,26.0,891540.0,-5.0,11,3429.0,3430.0,23,3429.0,3427.0,3431.0,3424.0,420.0,14396480.0,3624
2023-05-10 21:37:32,rr2309,rr2309,3429.0,0.0,0.0,0.0,20,3429.0,3430.0,26,3429.0,3427.0,3431.0,3424.0,420.0,14396480.0,3624
2023-05-10 21:37:33,rr2309,rr2309,3429.0,0.0,0.0,0.0,24,3429.0,3430.0,26,3429.0,3427.0,3431.0,3424.0,420.0,14396480.0,3624
2023-05-10 21:37:34,rr2309,rr2309,3429.0,0.0,0.0,0.0,27,3429.0,3430.0,29,3429.0,3427.0,3431.0,3424.0,420.0,14396480.0,3624
2023-05-10 21:37:46,rr2309,rr2309,3429.0,0.0,0.0,0.0,27,3429.0,3430.0,26,3429.0,3427.0,3431.0,3424.0,420.0,14396480.0,3624
2023-05-10 21:37:47,rr2309,rr2309,3429.0,0.0,0.0,0.0,27,3429.0,3430.0,23,3429.0,3427.0,3431.0,3424.0,420.0,14396480.0,3624
2023-05-10 21:38:27,rr2309,rr2309,3429.0,0.0,0.0,0.0,27,3429.0,3430.0,26,3429.0,3427.0,3431.0,3424.0,420.0,14396480.0,3624
2023-05-10 21:38:39,rr2309,rr2309,3429.0,0.0,0.0,0.0,30,3429.0,3430.0,25,3429.0,3427.0,3431.0,3424.0,420.0,14396480.0,3624
2023-05-10 21:40:20,rr2309,rr2309,3429.0,0.0,0.0,0.0,27,3429.0,3430.0,19,3429.0,3427.0,3431.0,3424.0,420.0,14396480.0,3624
2023-05-10 21:40:21,rr2309,rr2309,3429.0,0.0,0.0,0.0,27,3429.0,3430.0,28,3429.0,3427.0,3431.0,3424.0,420.0,14396480.0,3624
2023-05-10 21:40:28,rr2309,rr2309,3429.0,0.0,0.0,0.0,24,3429.0,3430.0,25,3429.0,3427.0,3431.0,3424.0,420.0,14396480.0,3624
2023-05-10 21:40:29,rr2309,rr2309,3429.0,0.0,0.0,0.0,27,3429.0,3430.0,25,3429.0,3427.0,3431.0,3424.0,420.0,14396480.0,3624
2023-05-10 21:40:30,rr2309,rr2309,3429.0,0.0,0.0,0.0,30,3429.0,3430.0,25,3429.0,3427.0,3431.0,3424.0,420.0,14396480.0,3624
2023-05-10 21:40:35,rr2309,rr2309,3429.0,0.0,0.0,0.0,27,3429.0,3430.0,22,3429.0,3427.0,3431.0,3424.0,420.0,14396480.0,3624
2023-05-10 21:40:36,rr2309,rr2309,3429.0,0.0,0.0,0.0,27,3429.0,3430.0,25,3429.0,3427.0,3431.0,3424.0,420.0,14396480.0,3624
2023-05-10 21:40:36,rr2309,rr2309,3429.0,0.0,0.0,0.0,30,3429.0,3430.0,25,3429.0,3427.0,3431.0,3424.0,420.0,14396480.0,3624
2023-05-10 21:40:39,rr2309,rr2309,3429.0,0.0,0.0,0.0,27,3429.0,3430.0,25,3429.0,3427.0,3431.0,3424.0,420.0,14396480.0,3624
2023-05-10 21:40:40,rr2309,rr2309,3429.0,0.0,0.0,0.0,30,3429.0,3430.0,25,3429.0,3427.0,3431.0,3424.0,420.0,14396480.0,3624
2023-05-10 21:40:44,rr2309,rr2309,3429.0,0.0,0.0,0.0,27,3429.0,3430.0,25,3429.0,3427.0,3431.0,3424.0,420.0,14396480.0,3624
2023-05-10 21:40:45,rr2309,rr2309,3429.0,0.0,0.0,0.0,30,3429.0,3430.0,25,3429.0,3427.0,3431.0,3424.0,420.0,14396480.0,3624
2023-05-10 21:40:50,rr2309,rr2309,3429.0,0.0,0.0,0.0,27,3429.0,3430.0,25,3429.0,3427.0,3431.0,3424.0,420.0,14396480.0,3624
2023-05-10 21:40:51,rr2309,rr2309,3429.0,0.0,0.0,0.0,30,3429.0,3430.0,25,3429.0,3427.0,3431.0,3424.0,420.0,14396480.0,3624
2023-05-10 21:41:03,rr2309,rr2309,3429.0,0.0,0.0,0.0,24,3429.0,3430.0,22,3429.0,3427.0,3431.0,3424.0,420.0,14396480.0,3624
2023-05-10 21:41:04,rr2309,rr2309,3429.0,0.0,0.0,0.0,27,3429.0,3430.0,25,3429.0,3427.0,3431.0,3424.0,420.0,14396480.0,3624
2023-05-10 21:41:09,rr2309,rr2309,3429.0,0.0,0.0,0.0,30,3429.0,3430.0,25,3429.0,3427.0,3431.0,3424.0,420.0,14396480.0,3624
2023-05-10 21:41:17,rr2309,rr2309,3430.0,25.0,857500.0,19.0,43,3430.0,3431.0,23,3429.0,3427.0,3431.0,3424.0,445.0,15253980.0,3643
2023-05-10 21:41:18,rr2309,rr2309,3430.0,0.0,0.0,0.0,52,3430.0,3431.0,35,3429.0,3427.0,3431.0,3424.0,445.0,15253980.0,3643
2023-05-10 21:41:19,rr2309,rr2309,3430.0,0.0,0.0,0.0,49,3430.0,3431.0,35,3429.0,3427.0,3431.0,3424.0,445.0,15253980.0,3643
2023-05-10 21:41:20,rr2309,rr2309,3431.0,1.0,34310.0,0.0,49,3430.0,3431.0,34,3429.0,3427.0,3431.0,3424.0,446.0,15288290.0,3643
2023-05-10 21:41:20,rr2309,rr2309,3431.0,3.0,102930.0,1.0,49,3430.0,3431.0,34,3429.0,3427.0,3431.0,3424.0,449.0,15391220.0,3644
2023-05-10 21:41:21,rr2309,rr2309,3431.0,0.0,0.0,0.0,24,3430.0,3431.0,34,3429.0,3427.0,3431.0,3424.0,449.0,15391220.0,3644
2023-05-10 21:41:22,rr2309,rr2309,3431.0,0.0,0.0,0.0,30,3430.0,3431.0,31,3429.0,3427.0,3431.0,3424.0,449.0,15391220.0,3644
2023-05-10 21:41:29,rr2309,rr2309,3431.0,5.0,171550.0,5.0,30,3430.0,3431.0,26,3429.0,3427.0,3431.0,3424.0,454.0,15562770.0,3649
2023-05-10 21:41:30,rr2309,rr2309,3431.0,5.0,171550.0,5.0,30,3430.0,3431.0,21,3429.0,3427.0,3431.0,3424.0,459.0,15734320.0,3654
2023-05-10 21:41:30,rr2309,rr2309,3431.0,0.0,0.0,0.0,27,3430.0,3431.0,24,3429.0,3427.0,3431.0,3424.0,459.0,15734320.0,3654
2023-05-10 21:41:31,rr2309,rr2309,3431.0,22.0,754820.0,2.0,6,3431.0,3432.0,8,3429.0,3427.0,3431.0,3424.0,481.0,16489140.0,3656
2023-05-10 21:41:31,rr2309,rr2309,3431.0,12.0,411720.0,0.0,3,3431.0,3432.0,14,3429.0,3427.0,3431.0,3424.0,493.0,16900860.0,3656
2023-05-10 21:41:32,rr2309,rr2309,3431.0,8.0,274480.0,3.0,33,3430.0,3432.0,23,3429.0,3427.0,3431.0,3424.0,501.0,17175340.0,3659
2023-05-10 21:41:32,rr2309,rr2309,3431.0,0.0,0.0,0.0,11,3431.0,3432.0,23,3429.0,3427.0,3431.0,3424.0,501.0,17175340.0,3659
2023-05-10 21:41:33,rr2309,rr2309,3431.0,0.0,0.0,0.0,20,3431.0,3432.0,20,3429.0,3427.0,3431.0,3424.0,501.0,17175340.0,3659
2023-05-10 21:41:33,rr2309,rr2309,3431.0,0.0,0.0,0.0,25,3431.0,3432.0,20,3429.0,3427.0,3431.0,3424.0,501.0,17175340.0,3659
2023-05-10 21:41:34,rr2309,rr2309,3431.0,0.0,0.0,0.0,28,3431.0,3432.0,23,3429.0,3427.0,3431.0,3424.0,501.0,17175340.0,3659
2023-05-10 21:41:35,rr2309,rr2309,3432.0,1.0,34320.0,1.0,28,3431.0,3432.0,22,3429.0,3427.0,3432.0,3424.0,502.0,17209660.0,3660
2023-05-10 21:41:36,rr2309,rr2309,3432.0,0.0,0.0,0.0,15,3431.0,3432.0,22,3429.0,3427.0,3432.0,3424.0,502.0,17209660.0,3660
2023-05-10 21:41:38,rr2309,rr2309,3431.0,5.0,171550.0,-1.0,6,3431.0,3432.0,16,3429.0,3427.0,3432.0,3424.0,507.0,17381210.0,3659
2023-05-10 21:41:39,rr2309,rr2309,3431.0,0.0,0.0,0.0,33,3430.0,3432.0,22,3429.0,3427.0,3432.0,3424.0,507.0,17381210.0,3659
2023-05-10 21:41:39,rr2309,rr2309,3431.0,0.0,0.0,0.0,6,3431.0,3432.0,22,3429.0,3427.0,3432.0,3424.0,507.0,17381210.0,3659
2023-05-10 21:41:40,rr2309,rr2309,3431.0,0.0,0.0,0.0,33,3430.0,3432.0,22,3429.0,3427.0,3432.0,3424.0,507.0,17381210.0,3659
2023-05-10 21:41:40,rr2309,rr2309,3431.0,0.0,0.0,0.0,6,3431.0,3432.0,22,3429.0,3427.0,3432.0,3424.0,507.0,17381210.0,3659
2023-05-10 21:41:41,rr2309,rr2309,3431.0,0.0,0.0,0.0,33,3430.0,3432.0,22,3429.0,3427.0,3432.0,3424.0,507.0,17381210.0,3659
2023-05-10 21:41:41,rr2309,rr2309,3431.0,0.0,0.0,0.0,6,3431.0,3432.0,25,3429.0,3427.0,3432.0,3424.0,507.0,17381210.0,3659
2023-05-10 21:41:43,rr2309,rr2309,3431.0,4.0,137240.0,0.0,33,3430.0,3432.0,22,3429.0,3427.0,3432.0,3424.0,511.0,17518450.0,3659
2023-05-10 21:41:44,rr2309,rr2309,3431.0,0.0,0.0,0.0,11,3431.0,3432.0,22,3429.0,3427.0,3432.0,3424.0,511.0,17518450.0,3659
2023-05-10 21:41:44,rr2309,rr2309,3431.0,0.0,0.0,0.0,20,3431.0,3432.0,19,3429.0,3427.0,3432.0,3424.0,511.0,17518450.0,3659
2023-05-10 21:41:46,rr2309,rr2309,3431.0,0.0,0.0,0.0,25,3431.0,3432.0,19,3429.0,3427.0,3432.0,3424.0,511.0,17518450.0,3659
2023-05-10 21:41:46,rr2309,rr2309,3431.0,0.0,0.0,0.0,25,3431.0,3432.0,22,3429.0,3427.0,3432.0,3424.0,511.0,17518450.0,3659
2023-05-10 21:41:48,rr2309,rr2309,3431.0,0.0,0.0,0.0,15,3431.0,3432.0,22,3429.0,3427.0,3432.0,3424.0,511.0,17518450.0,3659
2023-05-10 21:41:48,rr2309,rr2309,3431.0,0.0,0.0,0.0,12,3431.0,3432.0,22,3429.0,3427.0,3432.0,3424.0,511.0,17518450.0,3659
2023-05-10 21:41:51,rr2309,rr2309,3431.0,0.0,0.0,0.0,15,3431.0,3432.0,22,3429.0,3427.0,3432.0,3424.0,511.0,17518450.0,3659
2023-05-10 21:41:53,rr2309,rr2309,3431.0,0.0,0.0,0.0,24,3431.0,3432.0,22,3429.0,3427.0,3432.0,3424.0,511.0,17518450.0,3659
2023-05-10 21:42:00,rr2309,rr2309,3430.0,42.0,1440810.0,-18.0,31,3429.0,3430.0,27,3429.0,3427.0,3432.0,3424.0,553.0,18959260.0,3641
2023-05-10 21:42:00,rr2309,rr2309,3430.0,0.0,0.0,0.0,37,3429.0,3430.0,30,3429.0,3427.0,3432.0,3424.0,553.0,18959260.0,3641
2023-05-10 21:42:02,rr2309,rr2309,3430.0,0.0,0.0,0.0,37,3429.0,3430.0,33,3429.0,3427.0,3432.0,3424.0,553.0,18959260.0,3641
2023-05-10 21:42:02,rr2309,rr2309,3430.0,0.0,0.0,0.0,40,3429.0,3430.0,30,3429.0,3427.0,3432.0,3424.0,553.0,18959260.0,3641
2023-05-10 21:42:06,rr2309,rr2309,3430.0,0.0,0.0,0.0,41,3429.0,3430.0,30,3429.0,3427.0,3432.0,3424.0,553.0,18959260.0,3641
2023-05-10 21:42:06,rr2309,rr2309,3430.0,0.0,0.0,0.0,41,3429.0,3430.0,33,3429.0,3427.0,3432.0,3424.0,553.0,18959260.0,3641
2023-05-10 21:42:17,rr2309,rr2309,3430.0,0.0,0.0,0.0,40,3429.0,3430.0,33,3429.0,3427.0,3432.0,3424.0,553.0,18959260.0,3641
2023-05-10 21:42:19,rr2309,rr2309,3430.0,0.0,0.0,0.0,40,3429.0,3430.0,36,3429.0,3427.0,3432.0,3424.0,553.0,18959260.0,3641
2023-05-10 21:42:34,rr2309,rr2309,3430.0,0.0,0.0,0.0,37,3429.0,3430.0,36,3429.0,3427.0,3432.0,3424.0,553.0,18959260.0,3641
2023-05-10 21:42:35,rr2309,rr2309,3430.0,0.0,0.0,0.0,40,3429.0,3430.0,36,3429.0,3427.0,3432.0,3424.0,553.0,18959260.0,3641
2023-05-10 21:42:41,rr2309,rr2309,3430.0,35.0,1200500.0,-19.0,8,3430.0,3431.0,17,3429.0,3427.0,3432.0,3424.0,588.0,20159760.0,3622
2023-05-10 21:42:41,rr2309,rr2309,3430.0,3.0,102900.0,0.0,13,3430.0,3431.0,26,3429.0,3427.0,3432.0,3424.0,591.0,20262660.0,3622
2023-05-10 21:42:42,rr2309,rr2309,3430.0,0.0,0.0,0.0,22,3430.0,3431.0,23,3429.0,3427.0,3432.0,3424.0,591.0,20262660.0,3622
2023-05-10 21:42:42,rr2309,rr2309,3430.0,0.0,0.0,0.0,21,3430.0,3431.0,23,3429.0,3427.0,3432.0,3424.0,591.0,20262660.0,3622
2023-05-10 21:42:43,rr2309,rr2309,3430.0,0.0,0.0,0.0,24,3430.0,3431.0,26,3429.0,3427.0,3432.0,3424.0,591.0,20262660.0,3622
2023-05-10 21:43:07,rr2309,rr2309,3430.0,0.0,0.0,0.0,24,3430.0,3431.0,29,3429.0,3427.0,3432.0,3424.0,591.0,20262660.0,3622
2023-05-10 21:43:40,rr2309,rr2309,3430.0,0.0,0.0,0.0,27,3430.0,3431.0,26,3429.0,3427.0,3432.0,3424.0,591.0,20262660.0,3622
2023-05-10 21:43:49,rr2309,rr2309,3430.0,0.0,0.0,0.0,24,3430.0,3431.0,26,3429.0,3427.0,3432.0,3424.0,591.0,20262660.0,3622
2023-05-10 21:43:49,rr2309,rr2309,3430.0,0.0,0.0,0.0,21,3430.0,3431.0,29,3429.0,3427.0,3432.0,3424.0,591.0,20262660.0,3622
2023-05-10 21:43:50,rr2309,rr2309,3430.0,0.0,0.0,0.0,24,3430.0,3431.0,23,3429.0,3427.0,3432.0,3424.0,591.0,20262660.0,3622
2023-05-10 21:43:51,rr2309,rr2309,3430.0,0.0,0.0,0.0,27,3430.0,3431.0,26,3429.0,3427.0,3432.0,3424.0,591.0,20262660.0,3622
2023-05-10 21:43:52,rr2309,rr2309,3430.0,0.0,0.0,0.0,24,3430.0,3431.0,23,3429.0,3427.0,3432.0,3424.0,591.0,20262660.0,3622
2023-05-10 21:43:52,rr2309,rr2309,3430.0,0.0,0.0,0.0,24,3430.0,3431.0,26,3429.0,3427.0,3432.0,3424.0,591.0,20262660.0,3622
2023-05-10 21:43:53,rr2309,rr2309,3430.0,0.0,0.0,0.0,27,3430.0,3431.0,26,3429.0,3427.0,3432.0,3424.0,591.0,20262660.0,3622
2023-05-10 21:43:53,rr2309,rr2309,3430.0,0.0,0.0,0.0,24,3430.0,3431.0,23,3429.0,3427.0,3432.0,3424.0,591.0,20262660.0,3622
2023-05-10 21:43:54,rr2309,rr2309,3430.0,0.0,0.0,0.0,27,3430.0,3431.0,26,3429.0,3427.0,3432.0,3424.0,591.0,20262660.0,3622
2023-05-10 21:43:56,rr2309,rr2309,3430.0,0.0,0.0,0.0,27,3430.0,3431.0,23,3429.0,3427.0,3432.0,3424.0,591.0,20262660.0,3622
2023-05-10 21:43:56,rr2309,rr2309,3430.0,0.0,0.0,0.0,24,3430.0,3431.0,26,3429.0,3427.0,3432.0,3424.0,591.0,20262660.0,3622
2023-05-10 21:43:57,rr2309,rr2309,3430.0,0.0,0.0,0.0,27,3430.0,3431.0,26,3429.0,3427.0,3432.0,3424.0,591.0,20262660.0,3622
2023-05-10 21:44:08,rr2309,rr2309,3430.0,0.0,0.0,0.0,27,3430.0,3431.0,23,3429.0,3427.0,3432.0,3424.0,591.0,20262660.0,3622
2023-05-10 21:44:09,rr2309,rr2309,3430.0,0.0,0.0,0.0,24,3430.0,3431.0,26,3429.0,3427.0,3432.0,3424.0,591.0,20262660.0,3622
2023-05-10 21:44:10,rr2309,rr2309,3430.0,0.0,0.0,0.0,27,3430.0,3431.0,23,3429.0,3427.0,3432.0,3424.0,591.0,20262660.0,3622
2023-05-10 21:44:10,rr2309,rr2309,3430.0,0.0,0.0,0.0,24,3430.0,3431.0,26,3429.0,3427.0,3432.0,3424.0,591.0,20262660.0,3622
2023-05-10 21:44:11,rr2309,rr2309,3430.0,0.0,0.0,0.0,27,3430.0,3431.0,23,3429.0,3427.0,3432.0,3424.0,591.0,20262660.0,3622
2023-05-10 21:44:11,rr2309,rr2309,3430.0,0.0,0.0,0.0,24,3430.0,3431.0,26,3429.0,3427.0,3432.0,3424.0,591.0,20262660.0,3622
2023-05-10 21:44:12,rr2309,rr2309,3430.0,0.0,0.0,0.0,27,3430.0,3431.0,23,3429.0,3427.0,3432.0,3424.0,591.0,20262660.0,3622
2023-05-10 21:44:12,rr2309,rr2309,3430.0,0.0,0.0,0.0,24,3430.0,3431.0,26,3429.0,3427.0,3432.0,3424.0,591.0,20262660.0,3622
2023-05-10 21:44:13,rr2309,rr2309,3430.0,0.0,0.0,0.0,27,3430.0,3431.0,23,3429.0,3427.0,3432.0,3424.0,591.0,20262660.0,3622
2023-05-10 21:44:13,rr2309,rr2309,3430.0,0.0,0.0,0.0,24,3430.0,3431.0,26,3429.0,3427.0,3432.0,3424.0,591.0,20262660.0,3622
2023-05-10 21:44:14,rr2309,rr2309,3430.0,0.0,0.0,0.0,27,3430.0,3431.0,23,3429.0,3427.0,3432.0,3424.0,591.0,20262660.0,3622
2023-05-10 21:44:14,rr2309,rr2309,3430.0,0.0,0.0,0.0,24,3430.0,3431.0,26,3429.0,3427.0,3432.0,3424.0,591.0,20262660.0,3622
2023-05-10 21:44:15,rr2309,rr2309,3430.0,0.0,0.0,0.0,27,3430.0,3431.0,23,3429.0,3427.0,3432.0,3424.0,591.0,20262660.0,3622
2023-05-10 21:44:15,rr2309,rr2309,3430.0,0.0,0.0,0.0,24,3430.0,3431.0,26,3429.0,3427.0,3432.0,3424.0,591.0,20262660.0,3622
2023-05-10 21:44:16,rr2309,rr2309,3430.0,0.0,0.0,0.0,27,3430.0,3431.0,23,3429.0,3427.0,3432.0,3424.0,591.0,20262660.0,3622
2023-05-10 21:44:16,rr2309,rr2309,3430.0,0.0,0.0,0.0,24,3430.0,3431.0,26,3429.0,3427.0,3432.0,3424.0,591.0,20262660.0,3622
2023-05-10 21:44:17,rr2309,rr2309,3430.0,0.0,0.0,0.0,27,3430.0,3431.0,23,3429.0,3427.0,3432.0,3424.0,591.0,20262660.0,3622
2023-05-10 21:44:17,rr2309,rr2309,3430.0,0.0,0.0,0.0,24,3430.0,3431.0,26,3429.0,3427.0,3432.0,3424.0,591.0,20262660.0,3622
2023-05-10 21:44:18,rr2309,rr2309,3430.0,0.0,0.0,0.0,27,3430.0,3431.0,23,3429.0,3427.0,3432.0,3424.0,591.0,20262660.0,3622
2023-05-10 21:44:18,rr2309,rr2309,3430.0,0.0,0.0,0.0,24,3430.0,3431.0,26,3429.0,3427.0,3432.0,3424.0,591.0,20262660.0,3622
2023-05-10 21:44:19,rr2309,rr2309,3430.0,0.0,0.0,0.0,27,3430.0,3431.0,23,3429.0,3427.0,3432.0,3424.0,591.0,20262660.0,3622
2023-05-10 21:44:19,rr2309,rr2309,3430.0,0.0,0.0,0.0,24,3430.0,3431.0,26,3429.0,3427.0,3432.0,3424.0,591.0,20262660.0,3622
2023-05-10 21:44:20,rr2309,rr2309,3430.0,0.0,0.0,0.0,27,3430.0,3431.0,23,3429.0,3427.0,3432.0,3424.0,591.0,20262660.0,3622
2023-05-10 21:44:20,rr2309,rr2309,3430.0,0.0,0.0,0.0,24,3430.0,3431.0,28,3429.0,3427.0,3432.0,3424.0,591.0,20262660.0,3622
2023-05-10 21:44:22,rr2309,rr2309,3430.0,0.0,0.0,0.0,27,3430.0,3431.0,25,3429.0,3427.0,3432.0,3424.0,591.0,20262660.0,3622
2023-05-10 21:44:22,rr2309,rr2309,3430.0,0.0,0.0,0.0,24,3430.0,3431.0,28,3429.0,3427.0,3432.0,3424.0,591.0,20262660.0,3622
2023-05-10 21:44:24,rr2309,rr2309,3430.0,0.0,0.0,0.0,27,3430.0,3431.0,25,3429.0,3427.0,3432.0,3424.0,591.0,20262660.0,3622
2023-05-10 21:44:24,rr2309,rr2309,3430.0,0.0,0.0,0.0,24,3430.0,3431.0,30,3429.0,3427.0,3432.0,3424.0,591.0,20262660.0,3622
2023-05-10 21:44:25,rr2309,rr2309,3430.0,0.0,0.0,0.0,27,3430.0,3431.0,30,3429.0,3427.0,3432.0,3424.0,591.0,20262660.0,3622
2023-05-10 21:46:35,rr2309,rr2309,3430.0,0.0,0.0,0.0,24,3430.0,3431.0,27,3429.0,3427.0,3432.0,3424.0,591.0,20262660.0,3622
2023-05-10 21:46:35,rr2309,rr2309,3430.0,0.0,0.0,0.0,27,3430.0,3431.0,27,3429.0,3427.0,3432.0,3424.0,591.0,20262660.0,3622
2023-05-10 21:46:35,rr2309,rr2309,3430.0,0.0,0.0,0.0,27,3430.0,3431.0,30,3429.0,3427.0,3432.0,3424.0,591.0,20262660.0,3622
2023-05-10 21:46:44,rr2309,rr2309,3430.0,0.0,0.0,0.0,21,3430.0,3431.0,27,3429.0,3427.0,3432.0,3424.0,591.0,20262660.0,3622
2023-05-10 21:46:44,rr2309,rr2309,3430.0,0.0,0.0,0.0,27,3430.0,3431.0,30,3429.0,3427.0,3432.0,3424.0,591.0,20262660.0,3622
2023-05-10 21:49:50,rr2309,rr2309,3430.0,0.0,0.0,0.0,24,3430.0,3431.0,27,3429.0,3427.0,3432.0,3424.0,591.0,20262660.0,3622
2023-05-10 21:49:50,rr2309,rr2309,3430.0,0.0,0.0,0.0,27,3430.0,3431.0,30,3429.0,3427.0,3432.0,3424.0,591.0,20262660.0,3622
2023-05-10 21:49:53,rr2309,rr2309,3430.0,0.0,0.0,0.0,24,3430.0,3431.0,27,3429.0,3427.0,3432.0,3424.0,591.0,20262660.0,3622
2023-05-10 21:49:53,rr2309,rr2309,3430.0,0.0,0.0,0.0,27,3430.0,3431.0,30,3429.0,3427.0,3432.0,3424.0,591.0,20262660.0,3622
2023-05-10 21:49:54,rr2309,rr2309,3430.0,0.0,0.0,0.0,24,3430.0,3431.0,30,3429.0,3427.0,3432.0,3424.0,591.0,20262660.0,3622
2023-05-10 21:49:55,rr2309,rr2309,3430.0,0.0,0.0,0.0,27,3430.0,3431.0,30,3429.0,3427.0,3432.0,3424.0,591.0,20262660.0,3622
2023-05-10 21:50:02,rr2309,rr2309,3430.0,0.0,0.0,0.0,24,3430.0,3431.0,30,3429.0,3427.0,3432.0,3424.0,591.0,20262660.0,3622
2023-05-10 21:50:03,rr2309,rr2309,3430.0,0.0,0.0,0.0,27,3430.0,3431.0,30,3429.0,3427.0,3432.0,3424.0,591.0,20262660.0,3622
2023-05-10 21:50:30,rr2309,rr2309,3430.0,0.0,0.0,0.0,27,3430.0,3431.0,31,3429.0,3427.0,3432.0,3424.0,591.0,20262660.0,3622
2023-05-10 21:51:37,rr2309,rr2309,3430.0,0.0,0.0,0.0,24,3430.0,3431.0,31,3429.0,3427.0,3432.0,3424.0,591.0,20262660.0,3622
2023-05-10 21:58:26,rr2309,rr2309,3430.0,0.0,0.0,0.0,21,3430.0,3431.0,28,3429.0,3427.0,3432.0,3424.0,591.0,20262660.0,3622
2023-05-10 21:58:26,rr2309,rr2309,3430.0,0.0,0.0,0.0,24,3430.0,3431.0,31,3429.0,3427.0,3432.0,3424.0,591.0,20262660.0,3622
2023-05-10 21:59:00,rr2309,rr2309,3430.0,0.0,0.0,0.0,24,3430.0,3431.0,30,3429.0,3427.0,3432.0,3424.0,591.0,20262660.0,3622
2023-05-10 22:03:19,rr2309,rr2309,3430.0,2.0,68600.0,0.0,24,3430.0,3431.0,30,3429.0,3427.0,3432.0,3424.0,593.0,20331260.0,3622
2023-05-10 22:03:27,rr2309,rr2309,3431.0,1.0,34310.0,0.0,24,3430.0,3431.0,29,3429.0,3427.0,3432.0,3424.0,594.0,20365570.0,3622
2023-05-10 22:03:33,rr2309,rr2309,3431.0,0.0,0.0,0.0,25,3430.0,3431.0,29,3429.0,3427.0,3432.0,3424.0,594.0,20365570.0,3622
2023-05-10 22:04:34,rr2309,rr2309,3430.0,24.0,823200.0,5.0,33,3429.0,3430.0,7,3429.0,3427.0,3432.0,3424.0,618.0,21188770.0,3627
2023-05-10 22:04:34,rr2309,rr2309,3430.0,0.0,0.0,0.0,39,3429.0,3430.0,7,3429.0,3427.0,3432.0,3424.0,618.0,21188770.0,3627
2023-05-10 22:04:35,rr2309,rr2309,3430.0,0.0,0.0,0.0,39,3429.0,3430.0,6,3429.0,3427.0,3432.0,3424.0,618.0,21188770.0,3627
2023-05-10 22:04:37,rr2309,rr2309,3430.0,0.0,0.0,0.0,42,3429.0,3430.0,12,3429.0,3427.0,3432.0,3424.0,618.0,21188770.0,3627
2023-05-10 22:04:37,rr2309,rr2309,3430.0,0.0,0.0,0.0,39,3429.0,3430.0,21,3429.0,3427.0,3432.0,3424.0,618.0,21188770.0,3627
2023-05-10 22:04:52,rr2309,rr2309,3430.0,4.0,137200.0,-4.0,39,3429.0,3430.0,20,3429.0,3427.0,3432.0,3424.0,622.0,21325970.0,3623
2023-05-10 22:04:52,rr2309,rr2309,3430.0,0.0,0.0,0.0,39,3429.0,3430.0,21,3429.0,3427.0,3432.0,3424.0,622.0,21325970.0,3623
2023-05-10 22:05:11,rr2309,rr2309,3430.0,0.0,0.0,0.0,39,3429.0,3430.0,20,3429.0,3427.0,3432.0,3424.0,622.0,21325970.0,3623
2023-05-10 22:05:25,rr2309,rr2309,3430.0,0.0,0.0,0.0,39,3429.0,3430.0,23,3429.0,3427.0,3432.0,3424.0,622.0,21325970.0,3623
2023-05-10 22:05:38,rr2309,rr2309,3430.0,0.0,0.0,0.0,39,3429.0,3430.0,26,3429.0,3427.0,3432.0,3424.0,622.0,21325970.0,3623
2023-05-10 22:09:29,rr2309,rr2309,3430.0,25.0,857500.0,13.0,13,3430.0,3431.0,20,3429.0,3427.0,3432.0,3424.0,647.0,22183470.0,3636
2023-05-10 22:09:29,rr2309,rr2309,3430.0,0.0,0.0,0.0,28,3430.0,3431.0,29,3429.0,3427.0,3432.0,3424.0,647.0,22183470.0,3636
2023-05-10 22:09:30,rr2309,rr2309,3430.0,0.0,0.0,0.0,26,3430.0,3431.0,29,3429.0,3427.0,3432.0,3424.0,647.0,22183470.0,3636
2023-05-10 22:09:32,rr2309,rr2309,3430.0,0.0,0.0,0.0,29,3430.0,3431.0,32,3429.0,3427.0,3432.0,3424.0,647.0,22183470.0,3636
2023-05-10 22:09:39,rr2309,rr2309,3430.0,0.0,0.0,0.0,32,3430.0,3431.0,32,3429.0,3427.0,3432.0,3424.0,647.0,22183470.0,3636
2023-05-10 22:10:52,rr2309,rr2309,3430.0,0.0,0.0,0.0,29,3430.0,3431.0,26,3429.0,3427.0,3432.0,3424.0,647.0,22183470.0,3636
2023-05-10 22:10:53,rr2309,rr2309,3430.0,0.0,0.0,0.0,32,3430.0,3431.0,29,3429.0,3427.0,3432.0,3424.0,647.0,22183470.0,3636
2023-05-10 22:11:18,rr2309,rr2309,3430.0,0.0,0.0,0.0,35,3430.0,3431.0,29,3429.0,3427.0,3432.0,3424.0,647.0,22183470.0,3636
2023-05-10 22:11:35,rr2309,rr2309,3430.0,0.0,0.0,0.0,32,3430.0,3431.0,29,3429.0,3427.0,3432.0,3424.0,647.0,22183470.0,3636
2023-05-10 22:11:35,rr2309,rr2309,3430.0,0.0,0.0,0.0,35,3430.0,3431.0,29,3429.0,3427.0,3432.0,3424.0,647.0,22183470.0,3636
2023-05-10 22:11:46,rr2309,rr2309,3430.0,0.0,0.0,0.0,32,3430.0,3431.0,20,3429.0,3427.0,3432.0,3424.0,647.0,22183470.0,3636
2023-05-10 22:11:46,rr2309,rr2309,3430.0,0.0,0.0,0.0,35,3430.0,3431.0,29,3429.0,3427.0,3432.0,3424.0,647.0,22183470.0,3636
2023-05-10 22:11:47,rr2309,rr2309,3430.0,0.0,0.0,0.0,32,3430.0,3431.0,32,3429.0,3427.0,3432.0,3424.0,647.0,22183470.0,3636
2023-05-10 22:11:48,rr2309,rr2309,3430.0,0.0,0.0,0.0,32,3430.0,3431.0,29,3429.0,3427.0,3432.0,3424.0,647.0,22183470.0,3636
2023-05-10 22:11:48,rr2309,rr2309,3430.0,0.0,0.0,0.0,35,3430.0,3431.0,29,3429.0,3427.0,3432.0,3424.0,647.0,22183470.0,3636
2023-05-10 22:11:55,rr2309,rr2309,3430.0,0.0,0.0,0.0,29,3430.0,3431.0,29,3429.0,3427.0,3432.0,3424.0,647.0,22183470.0,3636
2023-05-10 22:11:56,rr2309,rr2309,3430.0,0.0,0.0,0.0,32,3430.0,3431.0,29,3429.0,3427.0,3432.0,3424.0,647.0,22183470.0,3636
2023-05-10 22:11:57,rr2309,rr2309,3430.0,0.0,0.0,0.0,35,3430.0,3431.0,29,3429.0,3427.0,3432.0,3424.0,647.0,22183470.0,3636
2023-05-10 22:12:04,rr2309,rr2309,3430.0,0.0,0.0,0.0,32,3430.0,3431.0,26,3429.0,3427.0,3432.0,3424.0,647.0,22183470.0,3636
2023-05-10 22:12:05,rr2309,rr2309,3430.0,0.0,0.0,0.0,32,3430.0,3431.0,32,3429.0,3427.0,3432.0,3424.0,647.0,22183470.0,3636
2023-05-10 22:12:05,rr2309,rr2309,3430.0,0.0,0.0,0.0,32,3430.0,3431.0,29,3429.0,3427.0,3432.0,3424.0,647.0,22183470.0,3636
2023-05-10 22:12:06,rr2309,rr2309,3430.0,0.0,0.0,0.0,35,3430.0,3431.0,29,3429.0,3427.0,3432.0,3424.0,647.0,22183470.0,3636
2023-05-10 22:12:08,rr2309,rr2309,3430.0,0.0,0.0,0.0,29,3430.0,3431.0,29,3429.0,3427.0,3432.0,3424.0,647.0,22183470.0,3636
2023-05-10 22:12:09,rr2309,rr2309,3430.0,0.0,0.0,0.0,29,3430.0,3431.0,32,3429.0,3427.0,3432.0,3424.0,647.0,22183470.0,3636
2023-05-10 22:12:10,rr2309,rr2309,3430.0,0.0,0.0,0.0,32,3430.0,3431.0,29,3429.0,3427.0,3432.0,3424.0,647.0,22183470.0,3636
2023-05-10 22:12:10,rr2309,rr2309,3430.0,0.0,0.0,0.0,29,3430.0,3431.0,29,3429.0,3427.0,3432.0,3424.0,647.0,22183470.0,3636
2023-05-10 22:12:11,rr2309,rr2309,3430.0,0.0,0.0,0.0,29,3430.0,3431.0,32,3429.0,3427.0,3432.0,3424.0,647.0,22183470.0,3636
2023-05-10 22:12:11,rr2309,rr2309,3430.0,0.0,0.0,0.0,32,3430.0,3431.0,29,3429.0,3427.0,3432.0,3424.0,647.0,22183470.0,3636
2023-05-10 22:12:12,rr2309,rr2309,3430.0,0.0,0.0,0.0,29,3430.0,3431.0,32,3429.0,3427.0,3432.0,3424.0,647.0,22183470.0,3636
2023-05-10 22:12:12,rr2309,rr2309,3430.0,0.0,0.0,0.0,32,3430.0,3431.0,29,3429.0,3427.0,3432.0,3424.0,647.0,22183470.0,3636
2023-05-10 22:12:13,rr2309,rr2309,3430.0,0.0,0.0,0.0,32,3430.0,3431.0,32,3429.0,3427.0,3432.0,3424.0,647.0,22183470.0,3636
2023-05-10 22:12:14,rr2309,rr2309,3430.0,0.0,0.0,0.0,29,3430.0,3431.0,32,3429.0,3427.0,3432.0,3424.0,647.0,22183470.0,3636
