time,symbol_id,symbol_name,last,trade_volume,trade_amount,open_interest_change,bv1,bp1,ap1,av1,yesterday_close,today_open,today_high,today_low,volume,amount,open_interest
2023-05-10 20:58:07,rr2401,rr2401,3461.0,0.0,0.0,0.0,1,3451.0,3470.0,1,3461.0,3463.0,0.0,0.0,0.0,0.0,382
2023-05-10 21:00:12,rr2401,rr2401,3461.0,0.0,0.0,0.0,1,3451.0,3469.0,2,3461.0,3463.0,0.0,0.0,0.0,0.0,382
2023-05-10 21:00:52,rr2401,rr2401,3461.0,0.0,0.0,0.0,2,3451.0,3469.0,2,3461.0,3463.0,0.0,0.0,0.0,0.0,382
2023-05-10 21:01:37,rr2401,rr2401,3461.0,0.0,0.0,0.0,2,3451.0,3468.0,1,3461.0,3463.0,0.0,0.0,0.0,0.0,382
2023-05-10 21:02:22,rr2401,rr2401,3461.0,0.0,0.0,0.0,2,3451.0,3467.0,2,3461.0,3463.0,0.0,0.0,0.0,0.0,382
2023-05-10 21:03:00,rr2401,rr2401,3461.0,0.0,0.0,0.0,1,3452.0,3466.0,3,3461.0,3463.0,0.0,0.0,0.0,0.0,382
2023-05-10 21:03:48,rr2401,rr2401,3461.0,0.0,0.0,0.0,1,3452.0,3465.0,2,3461.0,3463.0,0.0,0.0,0.0,0.0,382
2023-05-10 21:03:51,rr2401,rr2401,3461.0,0.0,0.0,0.0,1,3452.0,3464.0,3,3461.0,3463.0,0.0,0.0,0.0,0.0,382
2023-05-10 21:04:31,rr2401,rr2401,3461.0,0.0,0.0,0.0,1,3452.0,3463.0,2,3461.0,3463.0,0.0,0.0,0.0,0.0,382
2023-05-10 21:04:34,rr2401,rr2401,3461.0,0.0,0.0,0.0,1,3452.0,3462.0,3,3461.0,3463.0,0.0,0.0,0.0,0.0,382
2023-05-10 21:05:01,rr2401,rr2401,3461.0,0.0,0.0,0.0,2,3451.0,3463.0,2,3461.0,3463.0,0.0,0.0,0.0,0.0,382
2023-05-10 21:05:05,rr2401,rr2401,3461.0,0.0,0.0,0.0,1,3452.0,3463.0,2,3461.0,3463.0,0.0,0.0,0.0,0.0,382
2023-05-10 21:06:14,rr2401,rr2401,3461.0,0.0,0.0,0.0,2,3452.0,3463.0,2,3461.0,3463.0,0.0,0.0,0.0,0.0,382
2023-05-10 21:08:14,rr2401,rr2401,3461.0,0.0,0.0,0.0,2,3453.0,3463.0,2,3461.0,3463.0,0.0,0.0,0.0,0.0,382
2023-05-10 21:08:30,rr2401,rr2401,3461.0,0.0,0.0,0.0,2,3453.0,3462.0,2,3461.0,3463.0,0.0,0.0,0.0,0.0,382
2023-05-10 21:08:50,rr2401,rr2401,3461.0,0.0,0.0,0.0,2,3453.0,3463.0,2,3461.0,3463.0,0.0,0.0,0.0,0.0,382
2023-05-10 21:09:20,rr2401,rr2401,3461.0,0.0,0.0,0.0,3,3453.0,3463.0,2,3461.0,3463.0,0.0,0.0,0.0,0.0,382
2023-05-10 21:09:32,rr2401,rr2401,3461.0,0.0,0.0,0.0,3,3453.0,3468.0,1,3461.0,3463.0,0.0,0.0,0.0,0.0,382
2023-05-10 21:09:32,rr2401,rr2401,3461.0,0.0,0.0,0.0,3,3453.0,3467.0,3,3461.0,3463.0,0.0,0.0,0.0,0.0,382
2023-05-10 21:10:10,rr2401,rr2401,3461.0,0.0,0.0,0.0,3,3453.0,3466.0,2,3461.0,3463.0,0.0,0.0,0.0,0.0,382
2023-05-10 21:10:10,rr2401,rr2401,3461.0,0.0,0.0,0.0,1,3454.0,3466.0,2,3461.0,3463.0,0.0,0.0,0.0,0.0,382
2023-05-10 21:10:11,rr2401,rr2401,3461.0,0.0,0.0,0.0,1,3454.0,3465.0,3,3461.0,3463.0,0.0,0.0,0.0,0.0,382
2023-05-10 21:10:52,rr2401,rr2401,3461.0,0.0,0.0,0.0,1,3454.0,3464.0,2,3461.0,3463.0,0.0,0.0,0.0,0.0,382
2023-05-10 21:10:59,rr2401,rr2401,3461.0,0.0,0.0,0.0,2,3454.0,3464.0,2,3461.0,3463.0,0.0,0.0,0.0,0.0,382
2023-05-10 21:12:40,rr2401,rr2401,3461.0,0.0,0.0,0.0,2,3455.0,3464.0,2,3461.0,3463.0,0.0,0.0,0.0,0.0,382
2023-05-10 21:13:32,rr2401,rr2401,3461.0,0.0,0.0,0.0,1,3456.0,3464.0,2,3461.0,3463.0,0.0,0.0,0.0,0.0,382
2023-05-10 21:13:37,rr2401,rr2401,3461.0,0.0,0.0,0.0,2,3457.0,3464.0,2,3461.0,3463.0,0.0,0.0,0.0,0.0,382
2023-05-10 21:15:52,rr2401,rr2401,3461.0,0.0,0.0,0.0,2,3457.0,3468.0,1,3461.0,3463.0,0.0,0.0,0.0,0.0,382
2023-05-10 21:15:53,rr2401,rr2401,3461.0,0.0,0.0,0.0,2,3457.0,3467.0,3,3461.0,3463.0,0.0,0.0,0.0,0.0,382
2023-05-10 21:16:28,rr2401,rr2401,3461.0,0.0,0.0,0.0,2,3457.0,3466.0,2,3461.0,3463.0,0.0,0.0,0.0,0.0,382
2023-05-10 21:21:29,rr2401,rr2401,3461.0,0.0,0.0,0.0,2,3457.0,3467.0,1,3461.0,3463.0,0.0,0.0,0.0,0.0,382
2023-05-10 21:21:29,rr2401,rr2401,3461.0,0.0,0.0,0.0,2,3457.0,3468.0,1,3461.0,3463.0,0.0,0.0,0.0,0.0,382
2023-05-10 21:22:03,rr2401,rr2401,3461.0,0.0,0.0,0.0,2,3457.0,3467.0,2,3461.0,3463.0,0.0,0.0,0.0,0.0,382
2023-05-10 21:22:04,rr2401,rr2401,3461.0,0.0,0.0,0.0,2,3457.0,3466.0,3,3461.0,3463.0,0.0,0.0,0.0,0.0,382
2023-05-10 21:22:13,rr2401,rr2401,3461.0,0.0,0.0,0.0,1,3456.0,3466.0,3,3461.0,3463.0,0.0,0.0,0.0,0.0,382
2023-05-10 21:22:14,rr2401,rr2401,3461.0,0.0,0.0,0.0,1,3454.0,3466.0,3,3461.0,3463.0,0.0,0.0,0.0,0.0,382
2023-05-10 21:22:17,rr2401,rr2401,3461.0,0.0,0.0,0.0,2,3455.0,3466.0,3,3461.0,3463.0,0.0,0.0,0.0,0.0,382
2023-05-10 21:22:17,rr2401,rr2401,3461.0,0.0,0.0,0.0,1,3456.0,3466.0,3,3461.0,3463.0,0.0,0.0,0.0,0.0,382
2023-05-10 21:22:20,rr2401,rr2401,3461.0,0.0,0.0,0.0,2,3457.0,3466.0,3,3461.0,3463.0,0.0,0.0,0.0,0.0,382
2023-05-10 21:22:44,rr2401,rr2401,3461.0,0.0,0.0,0.0,2,3457.0,3465.0,2,3461.0,3463.0,0.0,0.0,0.0,0.0,382
2023-05-10 21:25:11,rr2401,rr2401,3461.0,0.0,0.0,0.0,3,3457.0,3465.0,2,3461.0,3463.0,0.0,0.0,0.0,0.0,382
2023-05-10 21:25:12,rr2401,rr2401,3461.0,0.0,0.0,0.0,2,3457.0,3465.0,2,3461.0,3463.0,0.0,0.0,0.0,0.0,382
2023-05-10 21:25:14,rr2401,rr2401,3461.0,0.0,0.0,0.0,3,3457.0,3465.0,2,3461.0,3463.0,0.0,0.0,0.0,0.0,382
2023-05-10 21:25:20,rr2401,rr2401,3461.0,0.0,0.0,0.0,2,3457.0,3465.0,2,3461.0,3463.0,0.0,0.0,0.0,0.0,382
2023-05-10 21:26:55,rr2401,rr2401,3461.0,0.0,0.0,0.0,2,3457.0,3464.0,2,3461.0,3463.0,0.0,0.0,0.0,0.0,382
2023-05-10 21:27:00,rr2401,rr2401,3461.0,0.0,0.0,0.0,2,3457.0,3465.0,2,3461.0,3463.0,0.0,0.0,0.0,0.0,382
2023-05-10 21:27:44,rr2401,rr2401,3461.0,0.0,0.0,0.0,2,3457.0,3466.0,3,3461.0,3463.0,0.0,0.0,0.0,0.0,382
2023-05-10 21:28:24,rr2401,rr2401,3461.0,0.0,0.0,0.0,2,3457.0,3465.0,2,3461.0,3463.0,0.0,0.0,0.0,0.0,382
2023-05-10 21:29:37,rr2401,rr2401,3461.0,0.0,0.0,0.0,2,3457.0,3464.0,2,3461.0,3463.0,0.0,0.0,0.0,0.0,382
2023-05-10 21:29:45,rr2401,rr2401,3461.0,0.0,0.0,0.0,2,3457.0,3464.0,7,3461.0,3463.0,0.0,0.0,0.0,0.0,382
2023-05-10 21:29:46,rr2401,rr2401,3461.0,0.0,0.0,0.0,2,3457.0,3464.0,2,3461.0,3463.0,0.0,0.0,0.0,0.0,382
2023-05-10 21:29:49,rr2401,rr2401,3461.0,0.0,0.0,0.0,2,3457.0,3464.0,7,3461.0,3463.0,0.0,0.0,0.0,0.0,382
2023-05-10 21:29:50,rr2401,rr2401,3461.0,0.0,0.0,0.0,1,3458.0,3464.0,7,3461.0,3463.0,0.0,0.0,0.0,0.0,382
2023-05-10 21:29:52,rr2401,rr2401,3461.0,0.0,0.0,0.0,1,3458.0,3464.0,2,3461.0,3463.0,0.0,0.0,0.0,0.0,382
2023-05-10 21:29:56,rr2401,rr2401,3461.0,0.0,0.0,0.0,1,3458.0,3465.0,2,3461.0,3463.0,0.0,0.0,0.0,0.0,382
2023-05-10 21:30:20,rr2401,rr2401,3461.0,0.0,0.0,0.0,2,3458.0,3465.0,2,3461.0,3463.0,0.0,0.0,0.0,0.0,382
2023-05-10 21:30:21,rr2401,rr2401,3461.0,0.0,0.0,0.0,2,3457.0,3465.0,2,3461.0,3463.0,0.0,0.0,0.0,0.0,382
2023-05-10 21:33:13,rr2401,rr2401,3461.0,0.0,0.0,0.0,1,3454.0,3465.0,2,3461.0,3463.0,0.0,0.0,0.0,0.0,382
2023-05-10 21:33:13,rr2401,rr2401,3461.0,0.0,0.0,0.0,1,3455.0,3465.0,2,3461.0,3463.0,0.0,0.0,0.0,0.0,382
2023-05-10 21:33:15,rr2401,rr2401,3461.0,0.0,0.0,0.0,2,3456.0,3465.0,2,3461.0,3463.0,0.0,0.0,0.0,0.0,382
2023-05-10 21:33:24,rr2401,rr2401,3461.0,0.0,0.0,0.0,2,3456.0,3468.0,1,3461.0,3463.0,0.0,0.0,0.0,0.0,382
2023-05-10 21:33:24,rr2401,rr2401,3461.0,0.0,0.0,0.0,1,3457.0,3467.0,3,3461.0,3463.0,0.0,0.0,0.0,0.0,382
2023-05-10 21:33:28,rr2401,rr2401,3461.0,0.0,0.0,0.0,3,3458.0,3467.0,3,3461.0,3463.0,0.0,0.0,0.0,0.0,382
2023-05-10 21:33:32,rr2401,rr2401,3461.0,0.0,0.0,0.0,1,3457.0,3467.0,3,3461.0,3463.0,0.0,0.0,0.0,0.0,382
2023-05-10 21:33:35,rr2401,rr2401,3461.0,0.0,0.0,0.0,3,3458.0,3467.0,3,3461.0,3463.0,0.0,0.0,0.0,0.0,382
2023-05-10 21:33:40,rr2401,rr2401,3461.0,0.0,0.0,0.0,1,3457.0,3467.0,3,3461.0,3463.0,0.0,0.0,0.0,0.0,382
2023-05-10 21:33:59,rr2401,rr2401,3461.0,0.0,0.0,0.0,1,3457.0,3466.0,2,3461.0,3463.0,0.0,0.0,0.0,0.0,382
2023-05-10 21:34:54,rr2401,rr2401,3461.0,0.0,0.0,0.0,1,3457.0,3465.0,1,3461.0,3463.0,0.0,0.0,0.0,0.0,382
2023-05-10 21:35:09,rr2401,rr2401,3461.0,0.0,0.0,0.0,3,3458.0,3465.0,1,3461.0,3463.0,0.0,0.0,0.0,0.0,382
2023-05-10 21:36:07,rr2401,rr2401,3461.0,0.0,0.0,0.0,3,3458.0,3464.0,2,3461.0,3463.0,0.0,0.0,0.0,0.0,382
2023-05-10 21:37:31,rr2401,rr2401,3461.0,0.0,0.0,0.0,2,3458.0,3464.0,2,3461.0,3463.0,0.0,0.0,0.0,0.0,382
2023-05-10 21:41:08,rr2401,rr2401,3461.0,0.0,0.0,0.0,2,3458.0,3467.0,2,3461.0,3463.0,0.0,0.0,0.0,0.0,382
2023-05-10 21:41:08,rr2401,rr2401,3461.0,0.0,0.0,0.0,2,3458.0,3478.0,1,3461.0,3463.0,0.0,0.0,0.0,0.0,382
2023-05-10 21:41:09,rr2401,rr2401,3461.0,0.0,0.0,0.0,2,3458.0,3477.0,1,3461.0,3463.0,0.0,0.0,0.0,0.0,382
2023-05-10 21:41:22,rr2401,rr2401,3461.0,0.0,0.0,0.0,2,3458.0,3476.0,3,3461.0,3463.0,0.0,0.0,0.0,0.0,382
2023-05-10 21:41:23,rr2401,rr2401,3461.0,0.0,0.0,0.0,1,3459.0,3476.0,5,3461.0,3463.0,0.0,0.0,0.0,0.0,382
2023-05-10 21:41:45,rr2401,rr2401,3461.0,0.0,0.0,0.0,1,3459.0,3475.0,2,3461.0,3463.0,0.0,0.0,0.0,0.0,382
2023-05-10 21:41:45,rr2401,rr2401,3461.0,0.0,0.0,0.0,1,3459.0,3475.0,3,3461.0,3463.0,0.0,0.0,0.0,0.0,382
2023-05-10 21:41:46,rr2401,rr2401,3461.0,0.0,0.0,0.0,1,3459.0,3474.0,3,3461.0,3463.0,0.0,0.0,0.0,0.0,382
2023-05-10 21:41:46,rr2401,rr2401,3461.0,0.0,0.0,0.0,1,3459.0,3474.0,4,3461.0,3463.0,0.0,0.0,0.0,0.0,382
2023-05-10 21:41:59,rr2401,rr2401,3461.0,0.0,0.0,0.0,2,3459.0,3474.0,4,3461.0,3463.0,0.0,0.0,0.0,0.0,382
2023-05-10 21:42:00,rr2401,rr2401,3461.0,0.0,0.0,0.0,2,3458.0,3474.0,4,3461.0,3463.0,0.0,0.0,0.0,0.0,382
2023-05-10 21:42:27,rr2401,rr2401,3461.0,0.0,0.0,0.0,2,3458.0,3473.0,2,3461.0,3463.0,0.0,0.0,0.0,0.0,382
2023-05-10 21:42:31,rr2401,rr2401,3461.0,0.0,0.0,0.0,2,3458.0,3472.0,3,3461.0,3463.0,0.0,0.0,0.0,0.0,382
2023-05-10 21:43:07,rr2401,rr2401,3461.0,0.0,0.0,0.0,1,3459.0,3472.0,3,3461.0,3463.0,0.0,0.0,0.0,0.0,382
2023-05-10 21:43:50,rr2401,rr2401,3461.0,0.0,0.0,0.0,1,3459.0,3471.0,2,3461.0,3463.0,0.0,0.0,0.0,0.0,382
2023-05-10 21:43:51,rr2401,rr2401,3461.0,0.0,0.0,0.0,1,3459.0,3470.0,3,3461.0,3463.0,0.0,0.0,0.0,0.0,382
2023-05-10 21:44:31,rr2401,rr2401,3461.0,0.0,0.0,0.0,1,3459.0,3469.0,2,3461.0,3463.0,0.0,0.0,0.0,0.0,382
2023-05-10 21:45:23,rr2401,rr2401,3461.0,0.0,0.0,0.0,2,3458.0,3469.0,2,3461.0,3463.0,0.0,0.0,0.0,0.0,382
2023-05-10 21:49:31,rr2401,rr2401,3461.0,0.0,0.0,0.0,2,3458.0,3476.0,1,3461.0,3463.0,0.0,0.0,0.0,0.0,382
2023-05-10 21:49:32,rr2401,rr2401,3461.0,0.0,0.0,0.0,2,3458.0,3475.0,3,3461.0,3463.0,0.0,0.0,0.0,0.0,382
2023-05-10 21:49:32,rr2401,rr2401,3461.0,0.0,0.0,0.0,2,3458.0,3475.0,4,3461.0,3463.0,0.0,0.0,0.0,0.0,382
2023-05-10 21:49:39,rr2401,rr2401,3461.0,0.0,0.0,0.0,2,3458.0,3475.0,5,3461.0,3463.0,0.0,0.0,0.0,0.0,382
2023-05-10 21:50:06,rr2401,rr2401,3461.0,0.0,0.0,0.0,2,3458.0,3474.0,2,3461.0,3463.0,0.0,0.0,0.0,0.0,382
2023-05-10 21:50:09,rr2401,rr2401,3461.0,0.0,0.0,0.0,2,3458.0,3473.0,3,3461.0,3463.0,0.0,0.0,0.0,0.0,382
2023-05-10 21:50:48,rr2401,rr2401,3461.0,0.0,0.0,0.0,2,3458.0,3472.0,2,3461.0,3463.0,0.0,0.0,0.0,0.0,382
2023-05-10 21:51:25,rr2401,rr2401,3461.0,0.0,0.0,0.0,2,3458.0,3471.0,3,3461.0,3463.0,0.0,0.0,0.0,0.0,382
2023-05-10 21:52:11,rr2401,rr2401,3461.0,0.0,0.0,0.0,2,3458.0,3470.0,2,3461.0,3463.0,0.0,0.0,0.0,0.0,382
2023-05-10 21:56:04,rr2401,rr2401,3461.0,0.0,0.0,0.0,2,3458.0,3469.0,3,3461.0,3463.0,0.0,0.0,0.0,0.0,382
2023-05-10 21:57:04,rr2401,rr2401,3461.0,0.0,0.0,0.0,2,3458.0,3468.0,2,3461.0,3463.0,0.0,0.0,0.0,0.0,382
2023-05-10 22:01:40,rr2401,rr2401,3461.0,0.0,0.0,0.0,2,3458.0,3467.0,2,3461.0,3463.0,0.0,0.0,0.0,0.0,382
2023-05-10 22:01:47,rr2401,rr2401,3461.0,0.0,0.0,0.0,1,3455.0,3467.0,2,3461.0,3463.0,0.0,0.0,0.0,0.0,382
2023-05-10 22:01:47,rr2401,rr2401,3461.0,0.0,0.0,0.0,1,3456.0,3467.0,2,3461.0,3463.0,0.0,0.0,0.0,0.0,382
2023-05-10 22:01:49,rr2401,rr2401,3461.0,0.0,0.0,0.0,2,3457.0,3467.0,2,3461.0,3463.0,0.0,0.0,0.0,0.0,382
2023-05-10 22:02:39,rr2401,rr2401,3461.0,0.0,0.0,0.0,2,3457.0,3466.0,2,3461.0,3463.0,0.0,0.0,0.0,0.0,382
2023-05-10 22:02:39,rr2401,rr2401,3461.0,0.0,0.0,0.0,1,3458.0,3466.0,2,3461.0,3463.0,0.0,0.0,0.0,0.0,382
2023-05-10 22:04:16,rr2401,rr2401,3461.0,0.0,0.0,0.0,2,3459.0,3466.0,2,3461.0,3463.0,0.0,0.0,0.0,0.0,382
2023-05-10 22:04:28,rr2401,rr2401,3461.0,0.0,0.0,0.0,1,3458.0,3466.0,2,3461.0,3463.0,0.0,0.0,0.0,0.0,382
2023-05-10 22:04:31,rr2401,rr2401,3461.0,0.0,0.0,0.0,2,3459.0,3466.0,2,3461.0,3463.0,0.0,0.0,0.0,0.0,382
2023-05-10 22:04:34,rr2401,rr2401,3461.0,0.0,0.0,0.0,3,3459.0,3466.0,2,3461.0,3463.0,0.0,0.0,0.0,0.0,382
2023-05-10 22:07:39,rr2401,rr2401,3461.0,0.0,0.0,0.0,3,3459.0,3469.0,3,3461.0,3463.0,0.0,0.0,0.0,0.0,382
2023-05-10 22:08:17,rr2401,rr2401,3461.0,0.0,0.0,0.0,3,3459.0,3468.0,2,3461.0,3463.0,0.0,0.0,0.0,0.0,382
2023-05-10 22:09:29,rr2401,rr2401,3461.0,0.0,0.0,0.0,2,3459.0,3468.0,2,3461.0,3463.0,0.0,0.0,0.0,0.0,382
2023-05-10 22:09:53,rr2401,rr2401,3461.0,0.0,0.0,0.0,1,3455.0,3468.0,2,3461.0,3463.0,0.0,0.0,0.0,0.0,382
2023-05-10 22:09:53,rr2401,rr2401,3461.0,0.0,0.0,0.0,1,3456.0,3468.0,2,3461.0,3463.0,0.0,0.0,0.0,0.0,382
2023-05-10 22:09:55,rr2401,rr2401,3461.0,0.0,0.0,0.0,2,3457.0,3468.0,2,3461.0,3463.0,0.0,0.0,0.0,0.0,382
2023-05-10 22:10:03,rr2401,rr2401,3461.0,0.0,0.0,0.0,1,3458.0,3468.0,2,3461.0,3463.0,0.0,0.0,0.0,0.0,382
2023-05-10 22:12:05,rr2401,rr2401,3461.0,0.0,0.0,0.0,2,3457.0,3468.0,2,3461.0,3463.0,0.0,0.0,0.0,0.0,382
2023-05-10 22:12:09,rr2401,rr2401,3461.0,0.0,0.0,0.0,1,3458.0,3468.0,2,3461.0,3463.0,0.0,0.0,0.0,0.0,382
2023-05-10 22:13:18,rr2401,rr2401,3461.0,0.0,0.0,0.0,1,3458.0,3469.0,3,3461.0,3463.0,0.0,0.0,0.0,0.0,382
2023-05-10 22:13:26,rr2401,rr2401,3461.0,0.0,0.0,0.0,1,3458.0,3468.0,2,3461.0,3463.0,0.0,0.0,0.0,0.0,382
2023-05-10 22:13:32,rr2401,rr2401,3461.0,0.0,0.0,0.0,2,3459.0,3468.0,2,3461.0,3463.0,0.0,0.0,0.0,0.0,382
2023-05-10 22:13:52,rr2401,rr2401,3461.0,0.0,0.0,0.0,2,3459.0,3467.0,2,3461.0,3463.0,0.0,0.0,0.0,0.0,382
2023-05-10 22:15:58,rr2401,rr2401,3461.0,0.0,0.0,0.0,2,3459.0,3466.0,2,3461.0,3463.0,0.0,0.0,0.0,0.0,382
2023-05-10 22:16:38,rr2401,rr2401,3461.0,0.0,0.0,0.0,2,3459.0,3465.0,2,3461.0,3463.0,0.0,0.0,0.0,0.0,382
2023-05-10 22:18:25,rr2401,rr2401,3461.0,0.0,0.0,0.0,1,3458.0,3465.0,2,3461.0,3463.0,0.0,0.0,0.0,0.0,382
2023-05-10 22:18:26,rr2401,rr2401,3461.0,0.0,0.0,0.0,1,3455.0,3465.0,2,3461.0,3463.0,0.0,0.0,0.0,0.0,382
2023-05-10 22:18:27,rr2401,rr2401,3461.0,0.0,0.0,0.0,2,3456.0,3465.0,2,3461.0,3463.0,0.0,0.0,0.0,0.0,382
2023-05-10 22:18:32,rr2401,rr2401,3461.0,0.0,0.0,0.0,1,3457.0,3465.0,2,3461.0,3463.0,0.0,0.0,0.0,0.0,382
2023-05-10 22:18:36,rr2401,rr2401,3461.0,0.0,0.0,0.0,2,3458.0,3465.0,2,3461.0,3463.0,0.0,0.0,0.0,0.0,382
2023-05-10 22:21:38,rr2401,rr2401,3461.0,0.0,0.0,0.0,2,3458.0,3466.0,2,3461.0,3463.0,0.0,0.0,0.0,0.0,382
2023-05-10 22:22:13,rr2401,rr2401,3461.0,0.0,0.0,0.0,2,3458.0,3465.0,2,3461.0,3463.0,0.0,0.0,0.0,0.0,382
2023-05-10 22:27:14,rr2401,rr2401,3461.0,0.0,0.0,0.0,2,3458.0,3466.0,2,3461.0,3463.0,0.0,0.0,0.0,0.0,382
2023-05-10 22:27:47,rr2401,rr2401,3461.0,0.0,0.0,0.0,2,3458.0,3465.0,2,3461.0,3463.0,0.0,0.0,0.0,0.0,382
2023-05-10 22:30:23,rr2401,rr2401,3461.0,0.0,0.0,0.0,1,3457.0,3465.0,2,3461.0,3463.0,0.0,0.0,0.0,0.0,382
2023-05-10 22:30:24,rr2401,rr2401,3461.0,0.0,0.0,0.0,1,3455.0,3465.0,2,3461.0,3463.0,0.0,0.0,0.0,0.0,382
2023-05-10 22:30:26,rr2401,rr2401,3461.0,0.0,0.0,0.0,2,3456.0,3465.0,2,3461.0,3463.0,0.0,0.0,0.0,0.0,382
2023-05-10 22:31:56,rr2401,rr2401,3461.0,0.0,0.0,0.0,1,3457.0,3465.0,2,3461.0,3463.0,0.0,0.0,0.0,0.0,382
2023-05-10 22:32:48,rr2401,rr2401,3461.0,0.0,0.0,0.0,1,3457.0,3466.0,2,3461.0,3463.0,0.0,0.0,0.0,0.0,382
2023-05-10 22:33:27,rr2401,rr2401,3461.0,0.0,0.0,0.0,1,3457.0,3465.0,2,3461.0,3463.0,0.0,0.0,0.0,0.0,382
2023-05-10 22:33:57,rr2401,rr2401,3461.0,0.0,0.0,0.0,2,3456.0,3465.0,2,3461.0,3463.0,0.0,0.0,0.0,0.0,382
2023-05-10 22:35:02,rr2401,rr2401,3461.0,0.0,0.0,0.0,1,3457.0,3465.0,2,3461.0,3463.0,0.0,0.0,0.0,0.0,382
2023-05-10 22:35:07,rr2401,rr2401,3461.0,0.0,0.0,0.0,2,3458.0,3465.0,2,3461.0,3463.0,0.0,0.0,0.0,0.0,382
2023-05-10 22:35:14,rr2401,rr2401,3461.0,0.0,0.0,0.0,1,3459.0,3465.0,2,3461.0,3463.0,0.0,0.0,0.0,0.0,382
2023-05-10 22:37:16,rr2401,rr2401,3461.0,0.0,0.0,0.0,2,3458.0,3465.0,2,3461.0,3463.0,0.0,0.0,0.0,0.0,382
2023-05-10 22:38:27,rr2401,rr2401,3461.0,0.0,0.0,0.0,2,3458.0,3466.0,2,3461.0,3463.0,0.0,0.0,0.0,0.0,382
2023-05-10 22:38:28,rr2401,rr2401,3461.0,0.0,0.0,0.0,1,3459.0,3466.0,2,3461.0,3463.0,0.0,0.0,0.0,0.0,382
2023-05-10 22:39:03,rr2401,rr2401,3461.0,0.0,0.0,0.0,1,3459.0,3465.0,2,3461.0,3463.0,0.0,0.0,0.0,0.0,382
2023-05-10 22:40:01,rr2401,rr2401,3461.0,0.0,0.0,0.0,3,3460.0,3465.0,2,3461.0,3463.0,0.0,0.0,0.0,0.0,382
2023-05-10 22:40:05,rr2401,rr2401,3461.0,0.0,0.0,0.0,1,3459.0,3465.0,2,3461.0,3463.0,0.0,0.0,0.0,0.0,382
2023-05-10 22:40:47,rr2401,rr2401,3461.0,0.0,0.0,0.0,1,3455.0,3465.0,2,3461.0,3463.0,0.0,0.0,0.0,0.0,382
2023-05-10 22:40:55,rr2401,rr2401,3461.0,0.0,0.0,0.0,1,3456.0,3465.0,2,3461.0,3463.0,0.0,0.0,0.0,0.0,382
2023-05-10 22:43:47,rr2401,rr2401,3461.0,0.0,0.0,0.0,1,3455.0,3465.0,2,3461.0,3463.0,0.0,0.0,0.0,0.0,382
2023-05-10 22:44:03,rr2401,rr2401,3461.0,0.0,0.0,0.0,1,3455.0,3466.0,2,3461.0,3463.0,0.0,0.0,0.0,0.0,382
2023-05-10 22:44:04,rr2401,rr2401,3461.0,0.0,0.0,0.0,1,3456.0,3466.0,2,3461.0,3463.0,0.0,0.0,0.0,0.0,382
2023-05-10 22:44:37,rr2401,rr2401,3461.0,0.0,0.0,0.0,1,3456.0,3465.0,2,3461.0,3463.0,0.0,0.0,0.0,0.0,382
2023-05-10 22:46:06,rr2401,rr2401,3461.0,0.0,0.0,0.0,1,3455.0,3465.0,2,3461.0,3463.0,0.0,0.0,0.0,0.0,382
2023-05-10 22:46:09,rr2401,rr2401,3461.0,0.0,0.0,0.0,1,3456.0,3465.0,2,3461.0,3463.0,0.0,0.0,0.0,0.0,382
2023-05-10 22:46:13,rr2401,rr2401,3463.0,2.0,69260.0,2.0,1,3456.0,3465.0,2,3461.0,3463.0,3463.0,3463.0,2.0,69260.0,384
2023-05-10 22:46:14,rr2401,rr2401,3463.0,0.0,0.0,0.0,2,3456.0,3465.0,2,3461.0,3463.0,3463.0,3463.0,2.0,69260.0,384
2023-05-10 22:46:18,rr2401,rr2401,3463.0,2.0,69260.0,2.0,2,3456.0,3465.0,2,3461.0,3463.0,3463.0,3463.0,4.0,138520.0,386
2023-05-10 22:46:21,rr2401,rr2401,3464.0,2.0,69280.0,2.0,2,3456.0,3465.0,2,3461.0,3463.0,3464.0,3463.0,6.0,207800.0,388
2023-05-10 22:46:27,rr2401,rr2401,3464.0,2.0,69280.0,2.0,2,3456.0,3465.0,2,3461.0,3463.0,3464.0,3463.0,8.0,277080.0,390
2023-05-10 22:46:33,rr2401,rr2401,3464.0,2.0,69280.0,2.0,2,3456.0,3465.0,2,3461.0,3463.0,3464.0,3463.0,10.0,346360.0,392
2023-05-10 22:46:41,rr2401,rr2401,3464.0,2.0,69280.0,2.0,2,3456.0,3465.0,2,3461.0,3463.0,3464.0,3463.0,12.0,415640.0,394
2023-05-10 22:46:45,rr2401,rr2401,3464.0,2.0,69280.0,2.0,2,3456.0,3465.0,2,3461.0,3463.0,3464.0,3463.0,14.0,484920.0,396
2023-05-10 22:46:57,rr2401,rr2401,3464.0,2.0,69280.0,2.0,2,3456.0,3465.0,2,3461.0,3463.0,3464.0,3463.0,16.0,554200.0,398
2023-05-10 22:47:08,rr2401,rr2401,3464.0,0.0,0.0,0.0,2,3456.0,3464.0,2,3461.0,3463.0,3464.0,3463.0,16.0,554200.0,398
2023-05-10 22:47:45,rr2401,rr2401,3464.0,2.0,69280.0,2.0,2,3456.0,3464.0,14,3461.0,3463.0,3464.0,3463.0,18.0,623480.0,400
2023-05-10 22:47:50,rr2401,rr2401,3464.0,2.0,69280.0,2.0,2,3456.0,3466.0,2,3461.0,3463.0,3464.0,3463.0,20.0,692760.0,402
2023-05-10 22:48:01,rr2401,rr2401,3464.0,0.0,0.0,0.0,2,3460.0,3466.0,2,3461.0,3463.0,3464.0,3463.0,20.0,692760.0,402
2023-05-10 22:48:06,rr2401,rr2401,3464.0,0.0,0.0,0.0,2,3460.0,3465.0,2,3461.0,3463.0,3464.0,3463.0,20.0,692760.0,402
2023-05-10 22:48:27,rr2401,rr2401,3464.0,0.0,0.0,0.0,3,3460.0,3465.0,2,3461.0,3463.0,3464.0,3463.0,20.0,692760.0,402
2023-05-10 22:52:00,rr2401,rr2401,3464.0,2.0,69280.0,2.0,2,3460.0,3465.0,2,3461.0,3463.0,3464.0,3463.0,22.0,762040.0,404
2023-05-10 22:52:04,rr2401,rr2401,3464.0,2.0,69280.0,2.0,2,3460.0,3465.0,2,3461.0,3463.0,3464.0,3463.0,24.0,831320.0,406
2023-05-10 22:52:08,rr2401,rr2401,3464.0,2.0,69280.0,2.0,2,3460.0,3465.0,2,3461.0,3463.0,3464.0,3463.0,26.0,900600.0,408
2023-05-10 22:52:12,rr2401,rr2401,3464.0,2.0,69280.0,2.0,2,3460.0,3465.0,2,3461.0,3463.0,3464.0,3463.0,28.0,969880.0,410
2023-05-10 22:52:16,rr2401,rr2401,3464.0,2.0,69280.0,2.0,2,3460.0,3465.0,2,3461.0,3463.0,3464.0,3463.0,30.0,1039160.0,412
2023-05-10 22:53:06,rr2401,rr2401,3464.0,0.0,0.0,0.0,2,3460.0,3466.0,2,3461.0,3463.0,3464.0,3463.0,30.0,1039160.0,412
2023-05-10 22:53:37,rr2401,rr2401,3464.0,2.0,69280.0,2.0,2,3460.0,3466.0,2,3461.0,3463.0,3464.0,3463.0,32.0,1108440.0,414
2023-05-10 22:53:38,rr2401,rr2401,3464.0,0.0,0.0,0.0,2,3460.0,3465.0,7,3461.0,3463.0,3464.0,3463.0,32.0,1108440.0,414
2023-05-10 22:54:52,rr2401,rr2401,3464.0,0.0,0.0,0.0,2,3460.0,3464.0,1,3461.0,3463.0,3464.0,3463.0,32.0,1108440.0,414
2023-05-10 22:55:45,rr2401,rr2401,3464.0,0.0,0.0,0.0,2,3460.0,3463.0,2,3461.0,3463.0,3464.0,3463.0,32.0,1108440.0,414
2023-05-10 22:55:47,rr2401,rr2401,3464.0,0.0,0.0,0.0,2,3460.0,3464.0,1,3461.0,3463.0,3464.0,3463.0,32.0,1108440.0,414
2023-05-10 22:55:57,rr2401,rr2401,3464.0,0.0,0.0,0.0,1,3455.0,3464.0,1,3461.0,3463.0,3464.0,3463.0,32.0,1108440.0,414
2023-05-10 22:55:58,rr2401,rr2401,3464.0,0.0,0.0,0.0,1,3456.0,3464.0,1,3461.0,3463.0,3464.0,3463.0,32.0,1108440.0,414
2023-05-10 22:56:02,rr2401,rr2401,3464.0,0.0,0.0,0.0,2,3456.0,3464.0,1,3461.0,3463.0,3464.0,3463.0,32.0,1108440.0,414
2023-05-10 22:56:03,rr2401,rr2401,3464.0,0.0,0.0,0.0,3,3461.0,3464.0,1,3461.0,3463.0,3464.0,3463.0,32.0,1108440.0,414
2023-05-10 22:56:49,rr2401,rr2401,3464.0,0.0,0.0,0.0,2,3461.0,3464.0,1,3461.0,3463.0,3464.0,3463.0,32.0,1108440.0,414
2023-05-10 22:56:49,rr2401,rr2401,3464.0,0.0,0.0,0.0,2,3461.0,3464.0,6,3461.0,3463.0,3464.0,3463.0,32.0,1108440.0,414
2023-05-10 22:59:08,rr2401,rr2401,3464.0,0.0,0.0,0.0,1,3455.0,3464.0,6,3461.0,3463.0,3464.0,3463.0,32.0,1108440.0,414
2023-05-10 22:59:13,rr2401,rr2401,3464.0,0.0,0.0,0.0,1,3455.0,3463.0,2,3461.0,3463.0,3464.0,3463.0,32.0,1108440.0,414
2023-05-10 22:59:15,rr2401,rr2401,3464.0,0.0,0.0,0.0,3,3460.0,3463.0,2,3461.0,3463.0,3464.0,3463.0,32.0,1108440.0,414
2023-05-10 22:59:17,rr2401,rr2401,3464.0,0.0,0.0,0.0,3,3460.0,3464.0,6,3461.0,3463.0,3464.0,3463.0,32.0,1108440.0,414
2023-05-10 22:59:19,rr2401,rr2401,3464.0,0.0,0.0,0.0,2,3460.0,3464.0,6,3461.0,3463.0,3464.0,3463.0,32.0,1108440.0,414
2023-05-10 22:59:20,rr2401,rr2401,3464.0,0.0,0.0,0.0,3,3460.0,3464.0,6,3461.0,3463.0,3464.0,3463.0,32.0,1108440.0,414
2023-05-10 22:59:20,rr2401,rr2401,3464.0,0.0,0.0,0.0,2,3460.0,3464.0,6,3461.0,3463.0,3464.0,3463.0,32.0,1108440.0,414
2023-05-10 22:59:21,rr2401,rr2401,3464.0,0.0,0.0,0.0,3,3460.0,3464.0,6,3461.0,3463.0,3464.0,3463.0,32.0,1108440.0,414
2023-05-10 22:59:21,rr2401,rr2401,3464.0,0.0,0.0,0.0,2,3460.0,3464.0,6,3461.0,3463.0,3464.0,3463.0,32.0,1108440.0,414
2023-05-10 22:59:22,rr2401,rr2401,3464.0,0.0,0.0,0.0,3,3460.0,3464.0,6,3461.0,3463.0,3464.0,3463.0,32.0,1108440.0,414
2023-05-10 22:59:22,rr2401,rr2401,3464.0,0.0,0.0,0.0,2,3460.0,3464.0,6,3461.0,3463.0,3464.0,3463.0,32.0,1108440.0,414
2023-05-10 22:59:23,rr2401,rr2401,3464.0,0.0,0.0,0.0,3,3460.0,3464.0,6,3461.0,3463.0,3464.0,3463.0,32.0,1108440.0,414
2023-05-10 22:59:23,rr2401,rr2401,3464.0,0.0,0.0,0.0,2,3460.0,3464.0,6,3461.0,3463.0,3464.0,3463.0,32.0,1108440.0,414
2023-05-10 22:59:24,rr2401,rr2401,3464.0,0.0,0.0,0.0,3,3460.0,3464.0,6,3461.0,3463.0,3464.0,3463.0,32.0,1108440.0,414
2023-05-10 22:59:24,rr2401,rr2401,3464.0,0.0,0.0,0.0,2,3460.0,3464.0,6,3461.0,3463.0,3464.0,3463.0,32.0,1108440.0,414
2023-05-10 22:59:25,rr2401,rr2401,3464.0,0.0,0.0,0.0,3,3460.0,3464.0,6,3461.0,3463.0,3464.0,3463.0,32.0,1108440.0,414
2023-05-10 22:59:25,rr2401,rr2401,3464.0,0.0,0.0,0.0,2,3460.0,3464.0,6,3461.0,3463.0,3464.0,3463.0,32.0,1108440.0,414
2023-05-10 22:59:26,rr2401,rr2401,3464.0,0.0,0.0,0.0,3,3460.0,3464.0,6,3461.0,3463.0,3464.0,3463.0,32.0,1108440.0,414
2023-05-10 22:59:26,rr2401,rr2401,3464.0,0.0,0.0,0.0,2,3460.0,3464.0,6,3461.0,3463.0,3464.0,3463.0,32.0,1108440.0,414
2023-05-10 22:59:27,rr2401,rr2401,3464.0,0.0,0.0,0.0,3,3460.0,3464.0,6,3461.0,3463.0,3464.0,3463.0,32.0,1108440.0,414
2023-05-10 22:59:27,rr2401,rr2401,3464.0,0.0,0.0,0.0,2,3460.0,3464.0,6,3461.0,3463.0,3464.0,3463.0,32.0,1108440.0,414
2023-05-10 22:59:28,rr2401,rr2401,3464.0,0.0,0.0,0.0,3,3460.0,3464.0,6,3461.0,3463.0,3464.0,3463.0,32.0,1108440.0,414
2023-05-10 22:59:28,rr2401,rr2401,3464.0,0.0,0.0,0.0,2,3460.0,3464.0,6,3461.0,3463.0,3464.0,3463.0,32.0,1108440.0,414
2023-05-10 22:59:29,rr2401,rr2401,3464.0,0.0,0.0,0.0,3,3460.0,3464.0,6,3461.0,3463.0,3464.0,3463.0,32.0,1108440.0,414
2023-05-10 22:59:29,rr2401,rr2401,3464.0,0.0,0.0,0.0,2,3460.0,3464.0,6,3461.0,3463.0,3464.0,3463.0,32.0,1108440.0,414
2023-05-10 22:59:30,rr2401,rr2401,3464.0,0.0,0.0,0.0,3,3460.0,3464.0,6,3461.0,3463.0,3464.0,3463.0,32.0,1108440.0,414
2023-05-10 22:59:30,rr2401,rr2401,3464.0,0.0,0.0,0.0,2,3460.0,3464.0,6,3461.0,3463.0,3464.0,3463.0,32.0,1108440.0,414
2023-05-10 22:59:31,rr2401,rr2401,3464.0,0.0,0.0,0.0,3,3460.0,3464.0,6,3461.0,3463.0,3464.0,3463.0,32.0,1108440.0,414
2023-05-10 22:59:31,rr2401,rr2401,3464.0,0.0,0.0,0.0,2,3460.0,3464.0,6,3461.0,3463.0,3464.0,3463.0,32.0,1108440.0,414
2023-05-10 22:59:32,rr2401,rr2401,3464.0,0.0,0.0,0.0,3,3460.0,3464.0,4,3461.0,3463.0,3464.0,3463.0,32.0,1108440.0,414
2023-05-10 22:59:32,rr2401,rr2401,3464.0,0.0,0.0,0.0,3,3460.0,3464.0,1,3461.0,3463.0,3464.0,3463.0,32.0,1108440.0,414
2023-05-10 22:59:34,rr2401,rr2401,3464.0,0.0,0.0,0.0,2,3460.0,3464.0,1,3461.0,3463.0,3464.0,3463.0,32.0,1108440.0,414
2023-05-10 22:59:55,rr2401,rr2401,3464.0,0.0,0.0,0.0,3,3460.0,3464.0,1,3461.0,3463.0,3464.0,3463.0,32.0,1108440.0,414
2023-05-10 23:00:00,rr2401,rr2401,3464.0,0.0,0.0,0.0,2,3460.0,3464.0,1,3461.0,3463.0,3464.0,3463.0,32.0,1108440.0,414
2023-05-11 09:00:00,rr2401,rr2401,3464.0,0.0,0.0,0.0,3,3460.0,3464.0,1,3461.0,3463.0,3464.0,3463.0,32.0,1108440.0,414
2023-05-11 09:00:02,rr2401,rr2401,3464.0,0.0,0.0,0.0,4,3460.0,3464.0,4,3461.0,3463.0,3464.0,3463.0,32.0,1108440.0,414
2023-05-11 09:00:05,rr2401,rr2401,3464.0,0.0,0.0,0.0,4,3460.0,3464.0,1,3461.0,3463.0,3464.0,3463.0,32.0,1108440.0,414
2023-05-11 09:00:08,rr2401,rr2401,3464.0,0.0,0.0,0.0,4,3460.0,3464.0,4,3461.0,3463.0,3464.0,3463.0,32.0,1108440.0,414
2023-05-11 09:00:11,rr2401,rr2401,3464.0,0.0,0.0,0.0,4,3460.0,3464.0,1,3461.0,3463.0,3464.0,3463.0,32.0,1108440.0,414
2023-05-11 09:00:12,rr2401,rr2401,3464.0,0.0,0.0,0.0,4,3460.0,3463.0,2,3461.0,3463.0,3464.0,3463.0,32.0,1108440.0,414
2023-05-11 09:00:15,rr2401,rr2401,3464.0,0.0,0.0,0.0,4,3460.0,3464.0,4,3461.0,3463.0,3464.0,3463.0,32.0,1108440.0,414
2023-05-11 09:00:17,rr2401,rr2401,3464.0,0.0,0.0,0.0,4,3460.0,3464.0,1,3461.0,3463.0,3464.0,3463.0,32.0,1108440.0,414
2023-05-11 09:00:19,rr2401,rr2401,3464.0,0.0,0.0,0.0,4,3460.0,3464.0,4,3461.0,3463.0,3464.0,3463.0,32.0,1108440.0,414
2023-05-11 09:00:22,rr2401,rr2401,3464.0,0.0,0.0,0.0,4,3460.0,3464.0,1,3461.0,3463.0,3464.0,3463.0,32.0,1108440.0,414
2023-05-11 09:00:24,rr2401,rr2401,3464.0,0.0,0.0,0.0,4,3460.0,3464.0,4,3461.0,3463.0,3464.0,3463.0,32.0,1108440.0,414
2023-05-11 09:00:27,rr2401,rr2401,3464.0,0.0,0.0,0.0,4,3460.0,3464.0,1,3461.0,3463.0,3464.0,3463.0,32.0,1108440.0,414
2023-05-11 09:00:29,rr2401,rr2401,3464.0,0.0,0.0,0.0,4,3460.0,3464.0,4,3461.0,3463.0,3464.0,3463.0,32.0,1108440.0,414
2023-05-11 09:00:32,rr2401,rr2401,3464.0,0.0,0.0,0.0,4,3460.0,3464.0,1,3461.0,3463.0,3464.0,3463.0,32.0,1108440.0,414
2023-05-11 09:00:34,rr2401,rr2401,3464.0,0.0,0.0,0.0,4,3460.0,3464.0,4,3461.0,3463.0,3464.0,3463.0,32.0,1108440.0,414
2023-05-11 09:00:37,rr2401,rr2401,3464.0,0.0,0.0,0.0,4,3460.0,3464.0,1,3461.0,3463.0,3464.0,3463.0,32.0,1108440.0,414
2023-05-11 09:00:39,rr2401,rr2401,3464.0,0.0,0.0,0.0,4,3460.0,3464.0,4,3461.0,3463.0,3464.0,3463.0,32.0,1108440.0,414
2023-05-11 09:00:42,rr2401,rr2401,3464.0,0.0,0.0,0.0,4,3460.0,3464.0,1,3461.0,3463.0,3464.0,3463.0,32.0,1108440.0,414
2023-05-11 09:00:44,rr2401,rr2401,3464.0,0.0,0.0,0.0,4,3460.0,3464.0,4,3461.0,3463.0,3464.0,3463.0,32.0,1108440.0,414
2023-05-11 09:00:47,rr2401,rr2401,3464.0,0.0,0.0,0.0,4,3460.0,3464.0,1,3461.0,3463.0,3464.0,3463.0,32.0,1108440.0,414
2023-05-11 09:00:49,rr2401,rr2401,3464.0,0.0,0.0,0.0,4,3460.0,3464.0,4,3461.0,3463.0,3464.0,3463.0,32.0,1108440.0,414
2023-05-11 09:00:52,rr2401,rr2401,3464.0,0.0,0.0,0.0,4,3460.0,3464.0,1,3461.0,3463.0,3464.0,3463.0,32.0,1108440.0,414
2023-05-11 09:00:54,rr2401,rr2401,3464.0,0.0,0.0,0.0,4,3460.0,3464.0,4,3461.0,3463.0,3464.0,3463.0,32.0,1108440.0,414
2023-05-11 09:00:55,rr2401,rr2401,3464.0,0.0,0.0,0.0,4,3460.0,3463.0,2,3461.0,3463.0,3464.0,3463.0,32.0,1108440.0,414
2023-05-11 09:00:58,rr2401,rr2401,3464.0,0.0,0.0,0.0,4,3460.0,3464.0,1,3461.0,3463.0,3464.0,3463.0,32.0,1108440.0,414
2023-05-11 09:00:59,rr2401,rr2401,3464.0,0.0,0.0,0.0,4,3460.0,3464.0,4,3461.0,3463.0,3464.0,3463.0,32.0,1108440.0,414
2023-05-11 09:01:02,rr2401,rr2401,3464.0,0.0,0.0,0.0,4,3460.0,3464.0,1,3461.0,3463.0,3464.0,3463.0,32.0,1108440.0,414
2023-05-11 09:01:04,rr2401,rr2401,3464.0,0.0,0.0,0.0,4,3460.0,3464.0,4,3461.0,3463.0,3464.0,3463.0,32.0,1108440.0,414
2023-05-11 09:01:06,rr2401,rr2401,3464.0,0.0,0.0,0.0,4,3460.0,3464.0,1,3461.0,3463.0,3464.0,3463.0,32.0,1108440.0,414
2023-05-11 09:01:09,rr2401,rr2401,3464.0,0.0,0.0,0.0,4,3460.0,3464.0,4,3461.0,3463.0,3464.0,3463.0,32.0,1108440.0,414
2023-05-11 09:01:12,rr2401,rr2401,3464.0,0.0,0.0,0.0,4,3460.0,3464.0,1,3461.0,3463.0,3464.0,3463.0,32.0,1108440.0,414
2023-05-11 09:01:15,rr2401,rr2401,3464.0,0.0,0.0,0.0,4,3460.0,3464.0,4,3461.0,3463.0,3464.0,3463.0,32.0,1108440.0,414
2023-05-11 09:01:18,rr2401,rr2401,3464.0,0.0,0.0,0.0,4,3460.0,3464.0,1,3461.0,3463.0,3464.0,3463.0,32.0,1108440.0,414
2023-05-11 09:01:20,rr2401,rr2401,3464.0,0.0,0.0,0.0,4,3460.0,3464.0,4,3461.0,3463.0,3464.0,3463.0,32.0,1108440.0,414
2023-05-11 09:01:23,rr2401,rr2401,3464.0,0.0,0.0,0.0,4,3460.0,3464.0,1,3461.0,3463.0,3464.0,3463.0,32.0,1108440.0,414
2023-05-11 09:01:25,rr2401,rr2401,3464.0,0.0,0.0,0.0,4,3460.0,3464.0,4,3461.0,3463.0,3464.0,3463.0,32.0,1108440.0,414
2023-05-11 09:01:28,rr2401,rr2401,3464.0,0.0,0.0,0.0,4,3460.0,3464.0,1,3461.0,3463.0,3464.0,3463.0,32.0,1108440.0,414
2023-05-11 09:01:30,rr2401,rr2401,3464.0,0.0,0.0,0.0,4,3460.0,3464.0,4,3461.0,3463.0,3464.0,3463.0,32.0,1108440.0,414
2023-05-11 09:01:30,rr2401,rr2401,3464.0,0.0,0.0,0.0,4,3460.0,3464.0,6,3461.0,3463.0,3464.0,3463.0,32.0,1108440.0,414
2023-05-11 09:01:37,rr2401,rr2401,3464.0,0.0,0.0,0.0,4,3460.0,3463.0,2,3461.0,3463.0,3464.0,3463.0,32.0,1108440.0,414
2023-05-11 09:01:40,rr2401,rr2401,3464.0,0.0,0.0,0.0,4,3460.0,3464.0,6,3461.0,3463.0,3464.0,3463.0,32.0,1108440.0,414
2023-05-11 09:01:42,rr2401,rr2401,3464.0,0.0,0.0,0.0,1,3463.0,3464.0,6,3461.0,3463.0,3464.0,3463.0,32.0,1108440.0,414
2023-05-11 09:02:26,rr2401,rr2401,3464.0,0.0,0.0,0.0,1,3463.0,3464.0,4,3461.0,3463.0,3464.0,3463.0,32.0,1108440.0,414
2023-05-11 09:02:26,rr2401,rr2401,3464.0,0.0,0.0,0.0,1,3463.0,3464.0,1,3461.0,3463.0,3464.0,3463.0,32.0,1108440.0,414
2023-05-11 09:02:27,rr2401,rr2401,3464.0,0.0,0.0,0.0,1,3463.0,3464.0,6,3461.0,3463.0,3464.0,3463.0,32.0,1108440.0,414
2023-05-11 09:02:30,rr2401,rr2401,3464.0,0.0,0.0,0.0,1,3463.0,3464.0,1,3461.0,3463.0,3464.0,3463.0,32.0,1108440.0,414
2023-05-11 09:02:30,rr2401,rr2401,3464.0,0.0,0.0,0.0,1,3463.0,3464.0,6,3461.0,3463.0,3464.0,3463.0,32.0,1108440.0,414
2023-05-11 09:02:40,rr2401,rr2401,3464.0,0.0,0.0,0.0,1,3463.0,3464.0,4,3461.0,3463.0,3464.0,3463.0,32.0,1108440.0,414
2023-05-11 09:02:43,rr2401,rr2401,3464.0,0.0,0.0,0.0,1,3463.0,3464.0,1,3461.0,3463.0,3464.0,3463.0,32.0,1108440.0,414
2023-05-11 09:02:43,rr2401,rr2401,3464.0,0.0,0.0,0.0,1,3463.0,3464.0,6,3461.0,3463.0,3464.0,3463.0,32.0,1108440.0,414
2023-05-11 09:02:49,rr2401,rr2401,3464.0,3.0,103920.0,3.0,1,3463.0,3466.0,2,3461.0,3463.0,3464.0,3463.0,35.0,1212360.0,417
2023-05-11 09:03:27,rr2401,rr2401,3464.0,0.0,0.0,0.0,2,3463.0,3466.0,2,3461.0,3463.0,3464.0,3463.0,35.0,1212360.0,417
2023-05-11 09:03:30,rr2401,rr2401,3464.0,0.0,0.0,0.0,2,3463.0,3465.0,4,3461.0,3463.0,3464.0,3463.0,35.0,1212360.0,417
2023-05-11 09:03:40,rr2401,rr2401,3463.0,1.0,34630.0,0.0,1,3463.0,3465.0,4,3461.0,3463.0,3464.0,3463.0,36.0,1246990.0,417
2023-05-11 09:04:03,rr2401,rr2401,3463.0,1.0,34630.0,1.0,3,3460.0,3465.0,4,3461.0,3463.0,3464.0,3463.0,37.0,1281620.0,418
2023-05-11 09:04:23,rr2401,rr2401,3463.0,0.0,0.0,0.0,1,3460.0,3465.0,4,3461.0,3463.0,3464.0,3463.0,37.0,1281620.0,418
2023-05-11 09:04:26,rr2401,rr2401,3463.0,0.0,0.0,0.0,1,3460.0,3464.0,2,3461.0,3463.0,3464.0,3463.0,37.0,1281620.0,418
2023-05-11 09:04:28,rr2401,rr2401,3463.0,0.0,0.0,0.0,3,3461.0,3464.0,2,3461.0,3463.0,3464.0,3463.0,37.0,1281620.0,418
2023-05-11 09:04:29,rr2401,rr2401,3463.0,0.0,0.0,0.0,3,3461.0,3465.0,4,3461.0,3463.0,3464.0,3463.0,37.0,1281620.0,418
2023-05-11 09:05:08,rr2401,rr2401,3463.0,0.0,0.0,0.0,3,3461.0,3464.0,2,3461.0,3463.0,3464.0,3463.0,37.0,1281620.0,418
2023-05-11 09:05:11,rr2401,rr2401,3463.0,0.0,0.0,0.0,3,3461.0,3465.0,4,3461.0,3463.0,3464.0,3463.0,37.0,1281620.0,418
2023-05-11 09:05:51,rr2401,rr2401,3463.0,0.0,0.0,0.0,3,3461.0,3464.0,2,3461.0,3463.0,3464.0,3463.0,37.0,1281620.0,418
2023-05-11 09:05:51,rr2401,rr2401,3463.0,0.0,0.0,0.0,4,3461.0,3464.0,2,3461.0,3463.0,3464.0,3463.0,37.0,1281620.0,418
2023-05-11 09:05:54,rr2401,rr2401,3463.0,0.0,0.0,0.0,4,3461.0,3465.0,4,3461.0,3463.0,3464.0,3463.0,37.0,1281620.0,418
2023-05-11 09:06:34,rr2401,rr2401,3463.0,0.0,0.0,0.0,4,3461.0,3464.0,2,3461.0,3463.0,3464.0,3463.0,37.0,1281620.0,418
2023-05-11 09:06:37,rr2401,rr2401,3463.0,0.0,0.0,0.0,4,3461.0,3465.0,4,3461.0,3463.0,3464.0,3463.0,37.0,1281620.0,418
2023-05-11 09:06:48,rr2401,rr2401,3463.0,0.0,0.0,0.0,2,3461.0,3465.0,4,3461.0,3463.0,3464.0,3463.0,37.0,1281620.0,418
2023-05-11 09:06:51,rr2401,rr2401,3463.0,0.0,0.0,0.0,2,3462.0,3465.0,4,3461.0,3463.0,3464.0,3463.0,37.0,1281620.0,418
2023-05-11 09:11:16,rr2401,rr2401,3465.0,4.0,138600.0,4.0,6,3465.0,3466.0,2,3461.0,3463.0,3465.0,3463.0,41.0,1420220.0,422
2023-05-11 09:11:27,rr2401,rr2401,3466.0,2.0,69320.0,0.0,8,3466.0,3477.0,1,3461.0,3463.0,3466.0,3463.0,43.0,1489540.0,422
2023-05-11 09:11:28,rr2401,rr2401,3466.0,0.0,0.0,0.0,8,3466.0,3476.0,3,3461.0,3463.0,3466.0,3463.0,43.0,1489540.0,422
2023-05-11 09:11:28,rr2401,rr2401,3466.0,0.0,0.0,0.0,8,3466.0,3476.0,4,3461.0,3463.0,3466.0,3463.0,43.0,1489540.0,422
2023-05-11 09:11:29,rr2401,rr2401,3466.0,0.0,0.0,0.0,8,3466.0,3475.0,2,3461.0,3463.0,3466.0,3463.0,43.0,1489540.0,422
2023-05-11 09:11:30,rr2401,rr2401,3466.0,0.0,0.0,0.0,8,3466.0,3475.0,3,3461.0,3463.0,3466.0,3463.0,43.0,1489540.0,422
2023-05-11 09:11:32,rr2401,rr2401,3466.0,0.0,0.0,0.0,8,3466.0,3471.0,3,3461.0,3463.0,3466.0,3463.0,43.0,1489540.0,422
2023-05-11 09:11:32,rr2401,rr2401,3466.0,0.0,0.0,0.0,8,3466.0,3471.0,4,3461.0,3463.0,3466.0,3463.0,43.0,1489540.0,422
2023-05-11 09:12:11,rr2401,rr2401,3466.0,0.0,0.0,0.0,8,3466.0,3470.0,2,3461.0,3463.0,3466.0,3463.0,43.0,1489540.0,422
2023-05-11 09:12:27,rr2401,rr2401,3466.0,0.0,0.0,0.0,8,3466.0,3469.0,3,3461.0,3463.0,3466.0,3463.0,43.0,1489540.0,422
2023-05-11 09:21:28,rr2401,rr2401,3466.0,0.0,0.0,0.0,8,3466.0,3468.0,1,3461.0,3463.0,3466.0,3463.0,43.0,1489540.0,422
2023-05-11 09:21:29,rr2401,rr2401,3466.0,0.0,0.0,0.0,8,3466.0,3468.0,4,3461.0,3463.0,3466.0,3463.0,43.0,1489540.0,422
2023-05-11 09:26:07,rr2401,rr2401,3468.0,6.0,208070.0,5.0,8,3466.0,3477.0,1,3461.0,3463.0,3468.0,3463.0,49.0,1697610.0,427
2023-05-11 09:26:08,rr2401,rr2401,3468.0,0.0,0.0,0.0,8,3466.0,3476.0,1,3461.0,3463.0,3468.0,3463.0,49.0,1697610.0,427
2023-05-11 09:26:09,rr2401,rr2401,3468.0,0.0,0.0,0.0,8,3466.0,3475.0,2,3461.0,3463.0,3468.0,3463.0,49.0,1697610.0,427
2023-05-11 09:26:09,rr2401,rr2401,3468.0,0.0,0.0,0.0,8,3466.0,3475.0,3,3461.0,3463.0,3468.0,3463.0,49.0,1697610.0,427
2023-05-11 09:26:10,rr2401,rr2401,3468.0,0.0,0.0,0.0,8,3466.0,3473.0,1,3461.0,3463.0,3468.0,3463.0,49.0,1697610.0,427
2023-05-11 09:26:22,rr2401,rr2401,3468.0,0.0,0.0,0.0,8,3466.0,3473.0,2,3461.0,3463.0,3468.0,3463.0,49.0,1697610.0,427
2023-05-11 09:26:51,rr2401,rr2401,3468.0,0.0,0.0,0.0,8,3466.0,3472.0,2,3461.0,3463.0,3468.0,3463.0,49.0,1697610.0,427
2023-05-11 09:26:58,rr2401,rr2401,3466.0,1.0,34660.0,1.0,7,3466.0,3472.0,2,3461.0,3463.0,3468.0,3463.0,50.0,1732270.0,428
2023-05-11 09:26:59,rr2401,rr2401,3466.0,0.0,0.0,0.0,7,3466.0,3471.0,1,3461.0,3463.0,3468.0,3463.0,50.0,1732270.0,428
2023-05-11 09:28:15,rr2401,rr2401,3466.0,0.0,0.0,0.0,7,3466.0,3470.0,2,3461.0,3463.0,3468.0,3463.0,50.0,1732270.0,428
2023-05-11 09:28:19,rr2401,rr2401,3466.0,0.0,0.0,0.0,8,3466.0,3470.0,2,3461.0,3463.0,3468.0,3463.0,50.0,1732270.0,428
2023-05-11 09:28:19,rr2401,rr2401,3466.0,0.0,0.0,0.0,8,3466.0,3469.0,1,3461.0,3463.0,3468.0,3463.0,50.0,1732270.0,428
2023-05-11 09:30:25,rr2401,rr2401,3466.0,0.0,0.0,0.0,8,3466.0,3475.0,1,3461.0,3463.0,3468.0,3463.0,50.0,1732270.0,428
2023-05-11 09:30:26,rr2401,rr2401,3466.0,0.0,0.0,0.0,8,3466.0,3475.0,2,3461.0,3463.0,3468.0,3463.0,50.0,1732270.0,428
2023-05-11 09:30:34,rr2401,rr2401,3466.0,0.0,0.0,0.0,8,3466.0,3474.0,1,3461.0,3463.0,3468.0,3463.0,50.0,1732270.0,428
2023-05-11 09:31:03,rr2401,rr2401,3466.0,0.0,0.0,0.0,8,3466.0,3474.0,2,3461.0,3463.0,3468.0,3463.0,50.0,1732270.0,428
2023-05-11 09:31:04,rr2401,rr2401,3466.0,0.0,0.0,0.0,8,3466.0,3473.0,2,3461.0,3463.0,3468.0,3463.0,50.0,1732270.0,428
2023-05-11 09:31:06,rr2401,rr2401,3466.0,0.0,0.0,0.0,8,3466.0,3472.0,1,3461.0,3463.0,3468.0,3463.0,50.0,1732270.0,428
2023-05-11 09:31:18,rr2401,rr2401,3466.0,0.0,0.0,0.0,8,3466.0,3471.0,1,3461.0,3463.0,3468.0,3463.0,50.0,1732270.0,428
2023-05-11 09:31:22,rr2401,rr2401,3466.0,0.0,0.0,0.0,8,3466.0,3470.0,1,3461.0,3463.0,3468.0,3463.0,50.0,1732270.0,428
2023-05-11 09:31:46,rr2401,rr2401,3466.0,0.0,0.0,0.0,8,3466.0,3469.0,2,3461.0,3463.0,3468.0,3463.0,50.0,1732270.0,428
2023-05-11 09:31:47,rr2401,rr2401,3466.0,0.0,0.0,0.0,8,3466.0,3471.0,1,3461.0,3463.0,3468.0,3463.0,50.0,1732270.0,428
2023-05-11 09:31:48,rr2401,rr2401,3466.0,0.0,0.0,0.0,8,3466.0,3470.0,1,3461.0,3463.0,3468.0,3463.0,50.0,1732270.0,428
2023-05-11 09:32:26,rr2401,rr2401,3466.0,0.0,0.0,0.0,8,3466.0,3469.0,2,3461.0,3463.0,3468.0,3463.0,50.0,1732270.0,428
2023-05-11 09:32:29,rr2401,rr2401,3466.0,0.0,0.0,0.0,8,3466.0,3471.0,1,3461.0,3463.0,3468.0,3463.0,50.0,1732270.0,428
2023-05-11 09:32:29,rr2401,rr2401,3466.0,0.0,0.0,0.0,8,3466.0,3470.0,1,3461.0,3463.0,3468.0,3463.0,50.0,1732270.0,428
2023-05-11 09:33:09,rr2401,rr2401,3466.0,0.0,0.0,0.0,8,3466.0,3469.0,2,3461.0,3463.0,3468.0,3463.0,50.0,1732270.0,428
2023-05-11 09:33:10,rr2401,rr2401,3466.0,0.0,0.0,0.0,8,3466.0,3469.0,3,3461.0,3463.0,3468.0,3463.0,50.0,1732270.0,428
2023-05-11 09:33:11,rr2401,rr2401,3466.0,0.0,0.0,0.0,8,3466.0,3469.0,1,3461.0,3463.0,3468.0,3463.0,50.0,1732270.0,428
2023-05-11 09:35:10,rr2401,rr2401,3466.0,0.0,0.0,0.0,8,3466.0,3471.0,1,3461.0,3463.0,3468.0,3463.0,50.0,1732270.0,428
2023-05-11 09:35:12,rr2401,rr2401,3466.0,0.0,0.0,0.0,8,3466.0,3470.0,2,3461.0,3463.0,3468.0,3463.0,50.0,1732270.0,428
2023-05-11 09:35:13,rr2401,rr2401,3466.0,0.0,0.0,0.0,8,3466.0,3469.0,1,3461.0,3463.0,3468.0,3463.0,50.0,1732270.0,428
2023-05-11 09:37:22,rr2401,rr2401,3466.0,0.0,0.0,0.0,8,3466.0,3471.0,1,3461.0,3463.0,3468.0,3463.0,50.0,1732270.0,428
2023-05-11 09:37:59,rr2401,rr2401,3466.0,0.0,0.0,0.0,8,3466.0,3470.0,2,3461.0,3463.0,3468.0,3463.0,50.0,1732270.0,428
2023-05-11 09:37:59,rr2401,rr2401,3466.0,0.0,0.0,0.0,8,3466.0,3469.0,1,3461.0,3463.0,3468.0,3463.0,50.0,1732270.0,428
2023-05-11 09:40:16,rr2401,rr2401,3466.0,0.0,0.0,0.0,8,3466.0,3471.0,1,3461.0,3463.0,3468.0,3463.0,50.0,1732270.0,428
2023-05-11 09:40:44,rr2401,rr2401,3466.0,0.0,0.0,0.0,8,3466.0,3470.0,2,3461.0,3463.0,3468.0,3463.0,50.0,1732270.0,428
2023-05-11 09:40:45,rr2401,rr2401,3466.0,0.0,0.0,0.0,8,3466.0,3469.0,1,3461.0,3463.0,3468.0,3463.0,50.0,1732270.0,428
2023-05-11 09:42:43,rr2401,rr2401,3466.0,0.0,0.0,0.0,8,3466.0,3471.0,1,3461.0,3463.0,3468.0,3463.0,50.0,1732270.0,428
2023-05-11 09:42:49,rr2401,rr2401,3466.0,0.0,0.0,0.0,8,3466.0,3470.0,2,3461.0,3463.0,3468.0,3463.0,50.0,1732270.0,428
2023-05-11 09:42:50,rr2401,rr2401,3466.0,0.0,0.0,0.0,8,3466.0,3469.0,1,3461.0,3463.0,3468.0,3463.0,50.0,1732270.0,428
2023-05-11 09:43:42,rr2401,rr2401,3466.0,0.0,0.0,0.0,9,3466.0,3469.0,1,3461.0,3463.0,3468.0,3463.0,50.0,1732270.0,428
2023-05-11 09:44:57,rr2401,rr2401,3466.0,0.0,0.0,0.0,9,3466.0,3471.0,1,3461.0,3463.0,3468.0,3463.0,50.0,1732270.0,428
2023-05-11 09:44:59,rr2401,rr2401,3466.0,0.0,0.0,0.0,9,3466.0,3470.0,2,3461.0,3463.0,3468.0,3463.0,50.0,1732270.0,428
2023-05-11 09:45:00,rr2401,rr2401,3466.0,0.0,0.0,0.0,9,3466.0,3469.0,1,3461.0,3463.0,3468.0,3463.0,50.0,1732270.0,428
2023-05-11 09:46:58,rr2401,rr2401,3466.0,0.0,0.0,0.0,9,3466.0,3471.0,1,3461.0,3463.0,3468.0,3463.0,50.0,1732270.0,428
2023-05-11 09:46:58,rr2401,rr2401,3466.0,3.0,103980.0,3.0,6,3466.0,3471.0,1,3461.0,3463.0,3468.0,3463.0,53.0,1836250.0,431
2023-05-11 09:47:06,rr2401,rr2401,3466.0,0.0,0.0,0.0,6,3466.0,3470.0,2,3461.0,3463.0,3468.0,3463.0,53.0,1836250.0,431
2023-05-11 09:47:07,rr2401,rr2401,3466.0,0.0,0.0,0.0,6,3466.0,3469.0,1,3461.0,3463.0,3468.0,3463.0,53.0,1836250.0,431
2023-05-11 09:48:12,rr2401,rr2401,3466.0,0.0,0.0,0.0,8,3466.0,3469.0,1,3461.0,3463.0,3468.0,3463.0,53.0,1836250.0,431
2023-05-11 09:48:36,rr2401,rr2401,3466.0,0.0,0.0,0.0,2,3467.0,3469.0,1,3461.0,3463.0,3468.0,3463.0,53.0,1836250.0,431
2023-05-11 09:48:37,rr2401,rr2401,3467.0,1.0,34670.0,1.0,1,3467.0,3469.0,1,3461.0,3463.0,3468.0,3463.0,54.0,1870920.0,432
2023-05-11 09:49:08,rr2401,rr2401,3467.0,0.0,0.0,0.0,1,3467.0,3471.0,1,3461.0,3463.0,3468.0,3463.0,54.0,1870920.0,432
2023-05-11 09:49:11,rr2401,rr2401,3467.0,0.0,0.0,0.0,1,3467.0,3470.0,7,3461.0,3463.0,3468.0,3463.0,54.0,1870920.0,432
2023-05-11 09:49:12,rr2401,rr2401,3467.0,0.0,0.0,0.0,1,3467.0,3470.0,8,3461.0,3463.0,3468.0,3463.0,54.0,1870920.0,432
2023-05-11 09:49:14,rr2401,rr2401,3467.0,0.0,0.0,0.0,1,3467.0,3470.0,6,3461.0,3463.0,3468.0,3463.0,54.0,1870920.0,432
2023-05-11 09:49:44,rr2401,rr2401,3467.0,0.0,0.0,0.0,1,3467.0,3470.0,1,3461.0,3463.0,3468.0,3463.0,54.0,1870920.0,432
2023-05-11 09:50:06,rr2401,rr2401,3467.0,0.0,0.0,0.0,1,3467.0,3470.0,2,3461.0,3463.0,3468.0,3463.0,54.0,1870920.0,432
2023-05-11 09:55:14,rr2401,rr2401,3467.0,1.0,34670.0,1.0,7,3466.0,3470.0,2,3461.0,3463.0,3468.0,3463.0,55.0,1905590.0,433
2023-05-11 09:55:36,rr2401,rr2401,3467.0,0.0,0.0,0.0,7,3466.0,3469.0,2,3461.0,3463.0,3468.0,3463.0,55.0,1905590.0,433
2023-05-11 09:55:38,rr2401,rr2401,3467.0,0.0,0.0,0.0,7,3466.0,3469.0,3,3461.0,3463.0,3468.0,3463.0,55.0,1905590.0,433
2023-05-11 09:55:39,rr2401,rr2401,3467.0,0.0,0.0,0.0,7,3466.0,3469.0,1,3461.0,3463.0,3468.0,3463.0,55.0,1905590.0,433
2023-05-11 09:55:39,rr2401,rr2401,3467.0,0.0,0.0,0.0,7,3466.0,3469.0,2,3461.0,3463.0,3468.0,3463.0,55.0,1905590.0,433
2023-05-11 09:56:17,rr2401,rr2401,3467.0,0.0,0.0,0.0,7,3466.0,3468.0,1,3461.0,3463.0,3468.0,3463.0,55.0,1905590.0,433
2023-05-11 09:56:20,rr2401,rr2401,3467.0,0.0,0.0,0.0,7,3466.0,3468.0,2,3461.0,3463.0,3468.0,3463.0,55.0,1905590.0,433
2023-05-11 09:56:21,rr2401,rr2401,3467.0,0.0,0.0,0.0,7,3466.0,3468.0,3,3461.0,3463.0,3468.0,3463.0,55.0,1905590.0,433
2023-05-11 09:56:27,rr2401,rr2401,3467.0,0.0,0.0,0.0,7,3466.0,3468.0,2,3461.0,3463.0,3468.0,3463.0,55.0,1905590.0,433
2023-05-11 09:56:28,rr2401,rr2401,3466.0,1.0,34660.0,1.0,6,3466.0,3468.0,2,3461.0,3463.0,3468.0,3463.0,56.0,1940250.0,434
2023-05-11 10:00:52,rr2401,rr2401,3466.0,1.0,34660.0,0.0,6,3466.0,3468.0,2,3461.0,3463.0,3468.0,3463.0,57.0,1974910.0,434
2023-05-11 10:14:52,rr2401,rr2401,3466.0,0.0,0.0,0.0,6,3466.0,3468.0,5,3461.0,3463.0,3468.0,3463.0,57.0,1974910.0,434
2023-05-11 10:14:53,rr2401,rr2401,3466.0,0.0,0.0,0.0,6,3466.0,3468.0,2,3461.0,3463.0,3468.0,3463.0,57.0,1974910.0,434
2023-05-11 10:32:04,rr2401,rr2401,3466.0,1.0,34660.0,1.0,5,3466.0,3468.0,2,3461.0,3463.0,3468.0,3463.0,58.0,2009570.0,435
2023-05-11 10:44:29,rr2401,rr2401,3466.0,0.0,0.0,0.0,5,3466.0,3468.0,5,3461.0,3463.0,3468.0,3463.0,58.0,2009570.0,435
2023-05-11 10:44:56,rr2401,rr2401,3466.0,0.0,0.0,0.0,5,3466.0,3468.0,2,3461.0,3463.0,3468.0,3463.0,58.0,2009570.0,435
2023-05-11 10:44:59,rr2401,rr2401,3466.0,0.0,0.0,0.0,5,3466.0,3468.0,5,3461.0,3463.0,3468.0,3463.0,58.0,2009570.0,435
2023-05-11 10:50:48,rr2401,rr2401,3466.0,0.0,0.0,0.0,5,3466.0,3468.0,2,3461.0,3463.0,3468.0,3463.0,58.0,2009570.0,435
2023-05-11 11:06:16,rr2401,rr2401,3466.0,3.0,103980.0,2.0,2,3466.0,3468.0,22,3461.0,3463.0,3468.0,3463.0,61.0,2113550.0,437
2023-05-11 11:06:17,rr2401,rr2401,3466.0,0.0,0.0,0.0,2,3466.0,3468.0,2,3461.0,3463.0,3468.0,3463.0,61.0,2113550.0,437
2023-05-11 11:06:20,rr2401,rr2401,3466.0,0.0,0.0,0.0,2,3466.0,3468.0,22,3461.0,3463.0,3468.0,3463.0,61.0,2113550.0,437
2023-05-11 11:06:22,rr2401,rr2401,3466.0,0.0,0.0,0.0,2,3466.0,3468.0,2,3461.0,3463.0,3468.0,3463.0,61.0,2113550.0,437
2023-05-11 11:06:25,rr2401,rr2401,3466.0,0.0,0.0,0.0,2,3466.0,3468.0,22,3461.0,3463.0,3468.0,3463.0,61.0,2113550.0,437
2023-05-11 11:06:28,rr2401,rr2401,3466.0,0.0,0.0,0.0,2,3466.0,3468.0,2,3461.0,3463.0,3468.0,3463.0,61.0,2113550.0,437
2023-05-11 11:06:31,rr2401,rr2401,3466.0,0.0,0.0,0.0,2,3466.0,3468.0,22,3461.0,3463.0,3468.0,3463.0,61.0,2113550.0,437
2023-05-11 11:06:33,rr2401,rr2401,3466.0,0.0,0.0,0.0,2,3466.0,3468.0,2,3461.0,3463.0,3468.0,3463.0,61.0,2113550.0,437
2023-05-11 11:06:36,rr2401,rr2401,3466.0,0.0,0.0,0.0,2,3466.0,3468.0,22,3461.0,3463.0,3468.0,3463.0,61.0,2113550.0,437
2023-05-11 11:06:38,rr2401,rr2401,3466.0,0.0,0.0,0.0,2,3466.0,3468.0,2,3461.0,3463.0,3468.0,3463.0,61.0,2113550.0,437
2023-05-11 11:06:41,rr2401,rr2401,3466.0,0.0,0.0,0.0,2,3466.0,3468.0,22,3461.0,3463.0,3468.0,3463.0,61.0,2113550.0,437
2023-05-11 11:06:43,rr2401,rr2401,3466.0,0.0,0.0,0.0,2,3466.0,3468.0,2,3461.0,3463.0,3468.0,3463.0,61.0,2113550.0,437
2023-05-11 11:06:46,rr2401,rr2401,3466.0,0.0,0.0,0.0,2,3466.0,3468.0,22,3461.0,3463.0,3468.0,3463.0,61.0,2113550.0,437
2023-05-11 11:06:48,rr2401,rr2401,3466.0,0.0,0.0,0.0,2,3466.0,3468.0,2,3461.0,3463.0,3468.0,3463.0,61.0,2113550.0,437
2023-05-11 11:06:51,rr2401,rr2401,3466.0,0.0,0.0,0.0,2,3466.0,3468.0,22,3461.0,3463.0,3468.0,3463.0,61.0,2113550.0,437
2023-05-11 11:06:54,rr2401,rr2401,3466.0,0.0,0.0,0.0,2,3466.0,3468.0,2,3461.0,3463.0,3468.0,3463.0,61.0,2113550.0,437
2023-05-11 11:06:57,rr2401,rr2401,3466.0,0.0,0.0,0.0,2,3466.0,3468.0,22,3461.0,3463.0,3468.0,3463.0,61.0,2113550.0,437
2023-05-11 11:07:00,rr2401,rr2401,3466.0,0.0,0.0,0.0,2,3466.0,3468.0,2,3461.0,3463.0,3468.0,3463.0,61.0,2113550.0,437
2023-05-11 11:07:03,rr2401,rr2401,3466.0,0.0,0.0,0.0,2,3466.0,3468.0,22,3461.0,3463.0,3468.0,3463.0,61.0,2113550.0,437
2023-05-11 11:07:06,rr2401,rr2401,3466.0,0.0,0.0,0.0,2,3466.0,3468.0,2,3461.0,3463.0,3468.0,3463.0,61.0,2113550.0,437
2023-05-11 11:07:09,rr2401,rr2401,3466.0,0.0,0.0,0.0,2,3466.0,3468.0,22,3461.0,3463.0,3468.0,3463.0,61.0,2113550.0,437
2023-05-11 11:07:11,rr2401,rr2401,3466.0,0.0,0.0,0.0,2,3466.0,3468.0,2,3461.0,3463.0,3468.0,3463.0,61.0,2113550.0,437
2023-05-11 11:07:14,rr2401,rr2401,3466.0,0.0,0.0,0.0,2,3466.0,3468.0,22,3461.0,3463.0,3468.0,3463.0,61.0,2113550.0,437
2023-05-11 11:07:17,rr2401,rr2401,3466.0,0.0,0.0,0.0,2,3466.0,3468.0,2,3461.0,3463.0,3468.0,3463.0,61.0,2113550.0,437
2023-05-11 11:07:20,rr2401,rr2401,3466.0,0.0,0.0,0.0,2,3466.0,3468.0,22,3461.0,3463.0,3468.0,3463.0,61.0,2113550.0,437
2023-05-11 11:07:22,rr2401,rr2401,3466.0,0.0,0.0,0.0,2,3466.0,3468.0,2,3461.0,3463.0,3468.0,3463.0,61.0,2113550.0,437
2023-05-11 11:07:25,rr2401,rr2401,3466.0,0.0,0.0,0.0,2,3466.0,3468.0,22,3461.0,3463.0,3468.0,3463.0,61.0,2113550.0,437
2023-05-11 11:07:28,rr2401,rr2401,3466.0,0.0,0.0,0.0,2,3466.0,3468.0,2,3461.0,3463.0,3468.0,3463.0,61.0,2113550.0,437
2023-05-11 11:07:31,rr2401,rr2401,3466.0,0.0,0.0,0.0,2,3466.0,3468.0,22,3461.0,3463.0,3468.0,3463.0,61.0,2113550.0,437
2023-05-11 11:07:33,rr2401,rr2401,3466.0,0.0,0.0,0.0,2,3466.0,3468.0,2,3461.0,3463.0,3468.0,3463.0,61.0,2113550.0,437
2023-05-11 11:07:36,rr2401,rr2401,3466.0,0.0,0.0,0.0,2,3466.0,3468.0,22,3461.0,3463.0,3468.0,3463.0,61.0,2113550.0,437
2023-05-11 11:07:38,rr2401,rr2401,3466.0,0.0,0.0,0.0,2,3466.0,3468.0,2,3461.0,3463.0,3468.0,3463.0,61.0,2113550.0,437
2023-05-11 11:07:41,rr2401,rr2401,3466.0,0.0,0.0,0.0,2,3466.0,3468.0,22,3461.0,3463.0,3468.0,3463.0,61.0,2113550.0,437
2023-05-11 11:07:43,rr2401,rr2401,3466.0,0.0,0.0,0.0,2,3466.0,3468.0,2,3461.0,3463.0,3468.0,3463.0,61.0,2113550.0,437
2023-05-11 11:07:46,rr2401,rr2401,3466.0,0.0,0.0,0.0,2,3466.0,3468.0,22,3461.0,3463.0,3468.0,3463.0,61.0,2113550.0,437
2023-05-11 11:07:49,rr2401,rr2401,3466.0,0.0,0.0,0.0,2,3466.0,3468.0,2,3461.0,3463.0,3468.0,3463.0,61.0,2113550.0,437
2023-05-11 11:07:52,rr2401,rr2401,3466.0,0.0,0.0,0.0,2,3466.0,3468.0,22,3461.0,3463.0,3468.0,3463.0,61.0,2113550.0,437
2023-05-11 11:07:54,rr2401,rr2401,3466.0,0.0,0.0,0.0,2,3466.0,3468.0,2,3461.0,3463.0,3468.0,3463.0,61.0,2113550.0,437
2023-05-11 11:07:57,rr2401,rr2401,3466.0,0.0,0.0,0.0,2,3466.0,3468.0,22,3461.0,3463.0,3468.0,3463.0,61.0,2113550.0,437
2023-05-11 11:07:59,rr2401,rr2401,3466.0,0.0,0.0,0.0,2,3466.0,3468.0,2,3461.0,3463.0,3468.0,3463.0,61.0,2113550.0,437
2023-05-11 11:08:02,rr2401,rr2401,3466.0,0.0,0.0,0.0,2,3466.0,3468.0,22,3461.0,3463.0,3468.0,3463.0,61.0,2113550.0,437
2023-05-11 11:08:04,rr2401,rr2401,3466.0,0.0,0.0,0.0,2,3466.0,3468.0,2,3461.0,3463.0,3468.0,3463.0,61.0,2113550.0,437
2023-05-11 11:08:07,rr2401,rr2401,3466.0,0.0,0.0,0.0,2,3466.0,3468.0,22,3461.0,3463.0,3468.0,3463.0,61.0,2113550.0,437
2023-05-11 11:08:09,rr2401,rr2401,3466.0,0.0,0.0,0.0,2,3466.0,3468.0,2,3461.0,3463.0,3468.0,3463.0,61.0,2113550.0,437
2023-05-11 11:08:12,rr2401,rr2401,3466.0,0.0,0.0,0.0,2,3466.0,3468.0,22,3461.0,3463.0,3468.0,3463.0,61.0,2113550.0,437
2023-05-11 11:08:14,rr2401,rr2401,3466.0,0.0,0.0,0.0,2,3466.0,3468.0,2,3461.0,3463.0,3468.0,3463.0,61.0,2113550.0,437
2023-05-11 11:08:17,rr2401,rr2401,3466.0,0.0,0.0,0.0,2,3466.0,3468.0,22,3461.0,3463.0,3468.0,3463.0,61.0,2113550.0,437
2023-05-11 11:08:19,rr2401,rr2401,3466.0,0.0,0.0,0.0,2,3466.0,3468.0,2,3461.0,3463.0,3468.0,3463.0,61.0,2113550.0,437
2023-05-11 11:08:22,rr2401,rr2401,3466.0,0.0,0.0,0.0,2,3466.0,3468.0,22,3461.0,3463.0,3468.0,3463.0,61.0,2113550.0,437
2023-05-11 11:08:24,rr2401,rr2401,3466.0,0.0,0.0,0.0,2,3466.0,3468.0,2,3461.0,3463.0,3468.0,3463.0,61.0,2113550.0,437
2023-05-11 11:08:27,rr2401,rr2401,3466.0,0.0,0.0,0.0,2,3466.0,3468.0,22,3461.0,3463.0,3468.0,3463.0,61.0,2113550.0,437
2023-05-11 11:08:29,rr2401,rr2401,3466.0,0.0,0.0,0.0,2,3466.0,3468.0,2,3461.0,3463.0,3468.0,3463.0,61.0,2113550.0,437
2023-05-11 11:08:32,rr2401,rr2401,3466.0,0.0,0.0,0.0,2,3466.0,3468.0,22,3461.0,3463.0,3468.0,3463.0,61.0,2113550.0,437
2023-05-11 11:08:35,rr2401,rr2401,3466.0,0.0,0.0,0.0,2,3466.0,3468.0,2,3461.0,3463.0,3468.0,3463.0,61.0,2113550.0,437
2023-05-11 11:08:38,rr2401,rr2401,3466.0,0.0,0.0,0.0,2,3466.0,3468.0,22,3461.0,3463.0,3468.0,3463.0,61.0,2113550.0,437
2023-05-11 11:08:40,rr2401,rr2401,3466.0,0.0,0.0,0.0,2,3466.0,3468.0,2,3461.0,3463.0,3468.0,3463.0,61.0,2113550.0,437
2023-05-11 11:08:43,rr2401,rr2401,3466.0,0.0,0.0,0.0,2,3466.0,3468.0,22,3461.0,3463.0,3468.0,3463.0,61.0,2113550.0,437
2023-05-11 11:08:46,rr2401,rr2401,3466.0,0.0,0.0,0.0,2,3466.0,3468.0,2,3461.0,3463.0,3468.0,3463.0,61.0,2113550.0,437
2023-05-11 11:08:49,rr2401,rr2401,3466.0,0.0,0.0,0.0,2,3466.0,3468.0,22,3461.0,3463.0,3468.0,3463.0,61.0,2113550.0,437
2023-05-11 11:08:52,rr2401,rr2401,3466.0,0.0,0.0,0.0,2,3466.0,3468.0,2,3461.0,3463.0,3468.0,3463.0,61.0,2113550.0,437
2023-05-11 11:08:55,rr2401,rr2401,3466.0,0.0,0.0,0.0,2,3466.0,3468.0,22,3461.0,3463.0,3468.0,3463.0,61.0,2113550.0,437
2023-05-11 11:08:57,rr2401,rr2401,3466.0,0.0,0.0,0.0,2,3466.0,3468.0,2,3461.0,3463.0,3468.0,3463.0,61.0,2113550.0,437
2023-05-11 11:09:00,rr2401,rr2401,3466.0,0.0,0.0,0.0,2,3466.0,3468.0,22,3461.0,3463.0,3468.0,3463.0,61.0,2113550.0,437
2023-05-11 11:09:03,rr2401,rr2401,3466.0,0.0,0.0,0.0,2,3466.0,3468.0,2,3461.0,3463.0,3468.0,3463.0,61.0,2113550.0,437
2023-05-11 11:09:06,rr2401,rr2401,3466.0,0.0,0.0,0.0,2,3466.0,3468.0,22,3461.0,3463.0,3468.0,3463.0,61.0,2113550.0,437
2023-05-11 11:09:09,rr2401,rr2401,3466.0,0.0,0.0,0.0,2,3466.0,3468.0,2,3461.0,3463.0,3468.0,3463.0,61.0,2113550.0,437
2023-05-11 11:09:12,rr2401,rr2401,3466.0,0.0,0.0,0.0,2,3466.0,3468.0,22,3461.0,3463.0,3468.0,3463.0,61.0,2113550.0,437
2023-05-11 11:09:15,rr2401,rr2401,3466.0,0.0,0.0,0.0,2,3466.0,3468.0,2,3461.0,3463.0,3468.0,3463.0,61.0,2113550.0,437
2023-05-11 11:09:18,rr2401,rr2401,3466.0,0.0,0.0,0.0,2,3466.0,3468.0,22,3461.0,3463.0,3468.0,3463.0,61.0,2113550.0,437
2023-05-11 11:09:21,rr2401,rr2401,3466.0,0.0,0.0,0.0,2,3466.0,3468.0,2,3461.0,3463.0,3468.0,3463.0,61.0,2113550.0,437
2023-05-11 11:09:24,rr2401,rr2401,3466.0,0.0,0.0,0.0,2,3466.0,3468.0,22,3461.0,3463.0,3468.0,3463.0,61.0,2113550.0,437
2023-05-11 11:09:27,rr2401,rr2401,3466.0,0.0,0.0,0.0,2,3466.0,3468.0,2,3461.0,3463.0,3468.0,3463.0,61.0,2113550.0,437
2023-05-11 11:09:30,rr2401,rr2401,3466.0,0.0,0.0,0.0,2,3466.0,3468.0,22,3461.0,3463.0,3468.0,3463.0,61.0,2113550.0,437
2023-05-11 11:09:32,rr2401,rr2401,3466.0,0.0,0.0,0.0,2,3466.0,3468.0,2,3461.0,3463.0,3468.0,3463.0,61.0,2113550.0,437
2023-05-11 11:09:35,rr2401,rr2401,3466.0,0.0,0.0,0.0,2,3466.0,3468.0,22,3461.0,3463.0,3468.0,3463.0,61.0,2113550.0,437
2023-05-11 11:09:37,rr2401,rr2401,3466.0,0.0,0.0,0.0,2,3466.0,3468.0,2,3461.0,3463.0,3468.0,3463.0,61.0,2113550.0,437
2023-05-11 11:09:40,rr2401,rr2401,3466.0,0.0,0.0,0.0,2,3466.0,3468.0,22,3461.0,3463.0,3468.0,3463.0,61.0,2113550.0,437
2023-05-11 11:09:43,rr2401,rr2401,3466.0,0.0,0.0,0.0,2,3466.0,3468.0,2,3461.0,3463.0,3468.0,3463.0,61.0,2113550.0,437
2023-05-11 11:09:46,rr2401,rr2401,3466.0,0.0,0.0,0.0,2,3466.0,3468.0,22,3461.0,3463.0,3468.0,3463.0,61.0,2113550.0,437
2023-05-11 11:09:49,rr2401,rr2401,3466.0,0.0,0.0,0.0,2,3466.0,3468.0,2,3461.0,3463.0,3468.0,3463.0,61.0,2113550.0,437
2023-05-11 11:09:52,rr2401,rr2401,3466.0,0.0,0.0,0.0,2,3466.0,3468.0,22,3461.0,3463.0,3468.0,3463.0,61.0,2113550.0,437
2023-05-11 11:09:55,rr2401,rr2401,3466.0,0.0,0.0,0.0,2,3466.0,3468.0,2,3461.0,3463.0,3468.0,3463.0,61.0,2113550.0,437
2023-05-11 11:09:58,rr2401,rr2401,3466.0,0.0,0.0,0.0,2,3466.0,3468.0,22,3461.0,3463.0,3468.0,3463.0,61.0,2113550.0,437
2023-05-11 11:10:00,rr2401,rr2401,3466.0,0.0,0.0,0.0,2,3466.0,3468.0,2,3461.0,3463.0,3468.0,3463.0,61.0,2113550.0,437
2023-05-11 11:10:03,rr2401,rr2401,3466.0,0.0,0.0,0.0,2,3466.0,3468.0,22,3461.0,3463.0,3468.0,3463.0,61.0,2113550.0,437
2023-05-11 11:10:05,rr2401,rr2401,3466.0,0.0,0.0,0.0,2,3466.0,3468.0,2,3461.0,3463.0,3468.0,3463.0,61.0,2113550.0,437
2023-05-11 11:10:08,rr2401,rr2401,3466.0,0.0,0.0,0.0,2,3466.0,3468.0,22,3461.0,3463.0,3468.0,3463.0,61.0,2113550.0,437
2023-05-11 11:10:10,rr2401,rr2401,3466.0,0.0,0.0,0.0,2,3466.0,3468.0,2,3461.0,3463.0,3468.0,3463.0,61.0,2113550.0,437
2023-05-11 11:10:13,rr2401,rr2401,3466.0,0.0,0.0,0.0,2,3466.0,3468.0,22,3461.0,3463.0,3468.0,3463.0,61.0,2113550.0,437
2023-05-11 11:10:15,rr2401,rr2401,3466.0,0.0,0.0,0.0,2,3466.0,3468.0,2,3461.0,3463.0,3468.0,3463.0,61.0,2113550.0,437
2023-05-11 11:10:18,rr2401,rr2401,3466.0,0.0,0.0,0.0,2,3466.0,3468.0,22,3461.0,3463.0,3468.0,3463.0,61.0,2113550.0,437
2023-05-11 11:10:21,rr2401,rr2401,3466.0,0.0,0.0,0.0,2,3466.0,3468.0,2,3461.0,3463.0,3468.0,3463.0,61.0,2113550.0,437
2023-05-11 11:10:24,rr2401,rr2401,3466.0,0.0,0.0,0.0,2,3466.0,3468.0,22,3461.0,3463.0,3468.0,3463.0,61.0,2113550.0,437
2023-05-11 11:10:27,rr2401,rr2401,3466.0,0.0,0.0,0.0,2,3466.0,3468.0,2,3461.0,3463.0,3468.0,3463.0,61.0,2113550.0,437
2023-05-11 11:10:30,rr2401,rr2401,3466.0,0.0,0.0,0.0,2,3466.0,3468.0,22,3461.0,3463.0,3468.0,3463.0,61.0,2113550.0,437
2023-05-11 11:10:32,rr2401,rr2401,3466.0,0.0,0.0,0.0,2,3466.0,3468.0,2,3461.0,3463.0,3468.0,3463.0,61.0,2113550.0,437
2023-05-11 11:10:35,rr2401,rr2401,3466.0,0.0,0.0,0.0,2,3466.0,3468.0,22,3461.0,3463.0,3468.0,3463.0,61.0,2113550.0,437
2023-05-11 11:10:37,rr2401,rr2401,3466.0,0.0,0.0,0.0,2,3466.0,3468.0,2,3461.0,3463.0,3468.0,3463.0,61.0,2113550.0,437
2023-05-11 11:10:40,rr2401,rr2401,3466.0,0.0,0.0,0.0,2,3466.0,3468.0,22,3461.0,3463.0,3468.0,3463.0,61.0,2113550.0,437
2023-05-11 11:10:42,rr2401,rr2401,3466.0,0.0,0.0,0.0,2,3466.0,3468.0,2,3461.0,3463.0,3468.0,3463.0,61.0,2113550.0,437
2023-05-11 11:10:45,rr2401,rr2401,3466.0,0.0,0.0,0.0,2,3466.0,3468.0,22,3461.0,3463.0,3468.0,3463.0,61.0,2113550.0,437
2023-05-11 11:10:47,rr2401,rr2401,3466.0,0.0,0.0,0.0,2,3466.0,3468.0,2,3461.0,3463.0,3468.0,3463.0,61.0,2113550.0,437
2023-05-11 11:10:50,rr2401,rr2401,3466.0,0.0,0.0,0.0,2,3466.0,3468.0,22,3461.0,3463.0,3468.0,3463.0,61.0,2113550.0,437
2023-05-11 11:10:52,rr2401,rr2401,3466.0,0.0,0.0,0.0,2,3466.0,3468.0,2,3461.0,3463.0,3468.0,3463.0,61.0,2113550.0,437
2023-05-11 11:10:55,rr2401,rr2401,3466.0,0.0,0.0,0.0,2,3466.0,3468.0,22,3461.0,3463.0,3468.0,3463.0,61.0,2113550.0,437
2023-05-11 11:10:57,rr2401,rr2401,3466.0,0.0,0.0,0.0,2,3466.0,3468.0,2,3461.0,3463.0,3468.0,3463.0,61.0,2113550.0,437
2023-05-11 11:11:00,rr2401,rr2401,3466.0,0.0,0.0,0.0,2,3466.0,3468.0,22,3461.0,3463.0,3468.0,3463.0,61.0,2113550.0,437
2023-05-11 11:11:03,rr2401,rr2401,3466.0,0.0,0.0,0.0,2,3466.0,3468.0,2,3461.0,3463.0,3468.0,3463.0,61.0,2113550.0,437
2023-05-11 11:11:06,rr2401,rr2401,3466.0,0.0,0.0,0.0,2,3466.0,3468.0,22,3461.0,3463.0,3468.0,3463.0,61.0,2113550.0,437
2023-05-11 11:11:08,rr2401,rr2401,3466.0,0.0,0.0,0.0,2,3466.0,3468.0,2,3461.0,3463.0,3468.0,3463.0,61.0,2113550.0,437
2023-05-11 11:11:11,rr2401,rr2401,3466.0,0.0,0.0,0.0,2,3466.0,3468.0,22,3461.0,3463.0,3468.0,3463.0,61.0,2113550.0,437
2023-05-11 11:11:13,rr2401,rr2401,3466.0,0.0,0.0,0.0,2,3466.0,3468.0,2,3461.0,3463.0,3468.0,3463.0,61.0,2113550.0,437
2023-05-11 11:11:16,rr2401,rr2401,3466.0,0.0,0.0,0.0,2,3466.0,3468.0,22,3461.0,3463.0,3468.0,3463.0,61.0,2113550.0,437
2023-05-11 11:11:18,rr2401,rr2401,3466.0,0.0,0.0,0.0,2,3466.0,3468.0,2,3461.0,3463.0,3468.0,3463.0,61.0,2113550.0,437
2023-05-11 11:11:21,rr2401,rr2401,3466.0,0.0,0.0,0.0,2,3466.0,3468.0,22,3461.0,3463.0,3468.0,3463.0,61.0,2113550.0,437
2023-05-11 11:11:23,rr2401,rr2401,3466.0,0.0,0.0,0.0,2,3466.0,3468.0,2,3461.0,3463.0,3468.0,3463.0,61.0,2113550.0,437
2023-05-11 11:11:26,rr2401,rr2401,3466.0,0.0,0.0,0.0,2,3466.0,3468.0,22,3461.0,3463.0,3468.0,3463.0,61.0,2113550.0,437
2023-05-11 11:11:28,rr2401,rr2401,3466.0,0.0,0.0,0.0,2,3466.0,3468.0,2,3461.0,3463.0,3468.0,3463.0,61.0,2113550.0,437
2023-05-11 11:11:31,rr2401,rr2401,3466.0,0.0,0.0,0.0,2,3466.0,3468.0,22,3461.0,3463.0,3468.0,3463.0,61.0,2113550.0,437
2023-05-11 11:11:34,rr2401,rr2401,3466.0,0.0,0.0,0.0,2,3466.0,3468.0,2,3461.0,3463.0,3468.0,3463.0,61.0,2113550.0,437
2023-05-11 11:11:37,rr2401,rr2401,3466.0,0.0,0.0,0.0,2,3466.0,3468.0,22,3461.0,3463.0,3468.0,3463.0,61.0,2113550.0,437
2023-05-11 11:11:39,rr2401,rr2401,3466.0,0.0,0.0,0.0,2,3466.0,3468.0,2,3461.0,3463.0,3468.0,3463.0,61.0,2113550.0,437
2023-05-11 11:11:42,rr2401,rr2401,3466.0,0.0,0.0,0.0,2,3466.0,3468.0,22,3461.0,3463.0,3468.0,3463.0,61.0,2113550.0,437
2023-05-11 11:11:45,rr2401,rr2401,3466.0,0.0,0.0,0.0,2,3466.0,3468.0,2,3461.0,3463.0,3468.0,3463.0,61.0,2113550.0,437
2023-05-11 11:11:48,rr2401,rr2401,3466.0,0.0,0.0,0.0,2,3466.0,3468.0,22,3461.0,3463.0,3468.0,3463.0,61.0,2113550.0,437
2023-05-11 11:11:50,rr2401,rr2401,3466.0,0.0,0.0,0.0,2,3466.0,3468.0,2,3461.0,3463.0,3468.0,3463.0,61.0,2113550.0,437
2023-05-11 11:11:53,rr2401,rr2401,3466.0,0.0,0.0,0.0,2,3466.0,3468.0,22,3461.0,3463.0,3468.0,3463.0,61.0,2113550.0,437
2023-05-11 11:11:55,rr2401,rr2401,3466.0,0.0,0.0,0.0,2,3466.0,3468.0,2,3461.0,3463.0,3468.0,3463.0,61.0,2113550.0,437
2023-05-11 11:17:46,rr2401,rr2401,3466.0,0.0,0.0,0.0,2,3466.0,3468.0,22,3461.0,3463.0,3468.0,3463.0,61.0,2113550.0,437
2023-05-11 11:17:47,rr2401,rr2401,3466.0,0.0,0.0,0.0,2,3466.0,3468.0,2,3461.0,3463.0,3468.0,3463.0,61.0,2113550.0,437
2023-05-11 11:17:50,rr2401,rr2401,3466.0,0.0,0.0,0.0,2,3466.0,3468.0,22,3461.0,3463.0,3468.0,3463.0,61.0,2113550.0,437
2023-05-11 11:17:50,rr2401,rr2401,3466.0,0.0,0.0,0.0,2,3466.0,3468.0,2,3461.0,3463.0,3468.0,3463.0,61.0,2113550.0,437
2023-05-11 11:17:53,rr2401,rr2401,3466.0,0.0,0.0,0.0,2,3466.0,3468.0,22,3461.0,3463.0,3468.0,3463.0,61.0,2113550.0,437
2023-05-11 11:17:53,rr2401,rr2401,3466.0,0.0,0.0,0.0,2,3466.0,3468.0,2,3461.0,3463.0,3468.0,3463.0,61.0,2113550.0,437
2023-05-11 11:17:54,rr2401,rr2401,3466.0,0.0,0.0,0.0,2,3466.0,3468.0,22,3461.0,3463.0,3468.0,3463.0,61.0,2113550.0,437
2023-05-11 11:17:55,rr2401,rr2401,3466.0,0.0,0.0,0.0,2,3466.0,3468.0,2,3461.0,3463.0,3468.0,3463.0,61.0,2113550.0,437
2023-05-11 11:17:58,rr2401,rr2401,3466.0,0.0,0.0,0.0,2,3466.0,3468.0,22,3461.0,3463.0,3468.0,3463.0,61.0,2113550.0,437
2023-05-11 11:18:01,rr2401,rr2401,3466.0,0.0,0.0,0.0,2,3466.0,3468.0,2,3461.0,3463.0,3468.0,3463.0,61.0,2113550.0,437
2023-05-11 11:18:04,rr2401,rr2401,3466.0,0.0,0.0,0.0,2,3466.0,3468.0,22,3461.0,3463.0,3468.0,3463.0,61.0,2113550.0,437
2023-05-11 11:18:07,rr2401,rr2401,3466.0,0.0,0.0,0.0,2,3466.0,3468.0,2,3461.0,3463.0,3468.0,3463.0,61.0,2113550.0,437
2023-05-11 11:18:10,rr2401,rr2401,3466.0,0.0,0.0,0.0,2,3466.0,3468.0,22,3461.0,3463.0,3468.0,3463.0,61.0,2113550.0,437
2023-05-11 11:18:12,rr2401,rr2401,3466.0,0.0,0.0,0.0,2,3466.0,3468.0,2,3461.0,3463.0,3468.0,3463.0,61.0,2113550.0,437
2023-05-11 11:18:15,rr2401,rr2401,3466.0,0.0,0.0,0.0,2,3466.0,3468.0,22,3461.0,3463.0,3468.0,3463.0,61.0,2113550.0,437
2023-05-11 11:18:17,rr2401,rr2401,3466.0,0.0,0.0,0.0,2,3466.0,3468.0,2,3461.0,3463.0,3468.0,3463.0,61.0,2113550.0,437
2023-05-11 11:22:06,rr2401,rr2401,3466.0,0.0,0.0,0.0,2,3466.0,3468.0,22,3461.0,3463.0,3468.0,3463.0,61.0,2113550.0,437
2023-05-11 11:22:06,rr2401,rr2401,3466.0,0.0,0.0,0.0,2,3466.0,3468.0,2,3461.0,3463.0,3468.0,3463.0,61.0,2113550.0,437
2023-05-11 11:22:09,rr2401,rr2401,3466.0,0.0,0.0,0.0,2,3466.0,3468.0,22,3461.0,3463.0,3468.0,3463.0,61.0,2113550.0,437
2023-05-11 11:22:11,rr2401,rr2401,3466.0,0.0,0.0,0.0,2,3466.0,3468.0,2,3461.0,3463.0,3468.0,3463.0,61.0,2113550.0,437
2023-05-11 11:22:14,rr2401,rr2401,3466.0,0.0,0.0,0.0,2,3466.0,3468.0,22,3461.0,3463.0,3468.0,3463.0,61.0,2113550.0,437
2023-05-11 11:22:16,rr2401,rr2401,3466.0,0.0,0.0,0.0,2,3466.0,3468.0,2,3461.0,3463.0,3468.0,3463.0,61.0,2113550.0,437
2023-05-11 11:22:19,rr2401,rr2401,3466.0,0.0,0.0,0.0,2,3466.0,3468.0,22,3461.0,3463.0,3468.0,3463.0,61.0,2113550.0,437
2023-05-11 11:22:21,rr2401,rr2401,3466.0,0.0,0.0,0.0,2,3466.0,3468.0,2,3461.0,3463.0,3468.0,3463.0,61.0,2113550.0,437
2023-05-11 11:22:24,rr2401,rr2401,3466.0,0.0,0.0,0.0,2,3466.0,3468.0,22,3461.0,3463.0,3468.0,3463.0,61.0,2113550.0,437
2023-05-11 11:22:26,rr2401,rr2401,3466.0,0.0,0.0,0.0,2,3466.0,3468.0,2,3461.0,3463.0,3468.0,3463.0,61.0,2113550.0,437
2023-05-11 11:22:29,rr2401,rr2401,3466.0,0.0,0.0,0.0,2,3466.0,3468.0,22,3461.0,3463.0,3468.0,3463.0,61.0,2113550.0,437
2023-05-11 11:22:31,rr2401,rr2401,3466.0,0.0,0.0,0.0,2,3466.0,3468.0,2,3461.0,3463.0,3468.0,3463.0,61.0,2113550.0,437
2023-05-11 11:22:33,rr2401,rr2401,3466.0,0.0,0.0,0.0,2,3466.0,3468.0,22,3461.0,3463.0,3468.0,3463.0,61.0,2113550.0,437
2023-05-11 11:22:36,rr2401,rr2401,3466.0,0.0,0.0,0.0,2,3466.0,3468.0,2,3461.0,3463.0,3468.0,3463.0,61.0,2113550.0,437
2023-05-11 11:22:39,rr2401,rr2401,3466.0,0.0,0.0,0.0,2,3466.0,3468.0,22,3461.0,3463.0,3468.0,3463.0,61.0,2113550.0,437
2023-05-11 11:22:41,rr2401,rr2401,3466.0,0.0,0.0,0.0,2,3466.0,3468.0,2,3461.0,3463.0,3468.0,3463.0,61.0,2113550.0,437
2023-05-11 11:22:42,rr2401,rr2401,3466.0,0.0,0.0,0.0,2,3466.0,3468.0,22,3461.0,3463.0,3468.0,3463.0,61.0,2113550.0,437
2023-05-11 11:22:43,rr2401,rr2401,3466.0,0.0,0.0,0.0,2,3466.0,3468.0,2,3461.0,3463.0,3468.0,3463.0,61.0,2113550.0,437
2023-05-11 11:22:46,rr2401,rr2401,3466.0,0.0,0.0,0.0,2,3466.0,3468.0,22,3461.0,3463.0,3468.0,3463.0,61.0,2113550.0,437
2023-05-11 11:22:48,rr2401,rr2401,3466.0,0.0,0.0,0.0,2,3466.0,3468.0,2,3461.0,3463.0,3468.0,3463.0,61.0,2113550.0,437
2023-05-11 11:22:51,rr2401,rr2401,3466.0,0.0,0.0,0.0,2,3466.0,3468.0,22,3461.0,3463.0,3468.0,3463.0,61.0,2113550.0,437
2023-05-11 11:22:53,rr2401,rr2401,3466.0,0.0,0.0,0.0,2,3466.0,3468.0,2,3461.0,3463.0,3468.0,3463.0,61.0,2113550.0,437
2023-05-11 11:22:56,rr2401,rr2401,3466.0,0.0,0.0,0.0,2,3466.0,3468.0,22,3461.0,3463.0,3468.0,3463.0,61.0,2113550.0,437
2023-05-11 11:22:58,rr2401,rr2401,3466.0,0.0,0.0,0.0,2,3466.0,3468.0,2,3461.0,3463.0,3468.0,3463.0,61.0,2113550.0,437
2023-05-11 11:23:01,rr2401,rr2401,3466.0,0.0,0.0,0.0,2,3466.0,3468.0,22,3461.0,3463.0,3468.0,3463.0,61.0,2113550.0,437
2023-05-11 11:23:03,rr2401,rr2401,3466.0,0.0,0.0,0.0,2,3466.0,3468.0,2,3461.0,3463.0,3468.0,3463.0,61.0,2113550.0,437
2023-05-11 11:23:06,rr2401,rr2401,3466.0,0.0,0.0,0.0,2,3466.0,3468.0,22,3461.0,3463.0,3468.0,3463.0,61.0,2113550.0,437
2023-05-11 11:23:08,rr2401,rr2401,3466.0,0.0,0.0,0.0,2,3466.0,3468.0,2,3461.0,3463.0,3468.0,3463.0,61.0,2113550.0,437
2023-05-11 11:23:11,rr2401,rr2401,3466.0,0.0,0.0,0.0,2,3466.0,3468.0,22,3461.0,3463.0,3468.0,3463.0,61.0,2113550.0,437
2023-05-11 11:23:13,rr2401,rr2401,3466.0,0.0,0.0,0.0,2,3466.0,3468.0,2,3461.0,3463.0,3468.0,3463.0,61.0,2113550.0,437
2023-05-11 11:23:14,rr2401,rr2401,3466.0,0.0,0.0,0.0,2,3466.0,3468.0,22,3461.0,3463.0,3468.0,3463.0,61.0,2113550.0,437
2023-05-11 11:23:14,rr2401,rr2401,3466.0,0.0,0.0,0.0,2,3466.0,3468.0,2,3461.0,3463.0,3468.0,3463.0,61.0,2113550.0,437
2023-05-11 11:23:17,rr2401,rr2401,3466.0,0.0,0.0,0.0,2,3466.0,3468.0,22,3461.0,3463.0,3468.0,3463.0,61.0,2113550.0,437
2023-05-11 11:23:19,rr2401,rr2401,3466.0,0.0,0.0,0.0,2,3466.0,3468.0,2,3461.0,3463.0,3468.0,3463.0,61.0,2113550.0,437
2023-05-11 11:23:20,rr2401,rr2401,3466.0,0.0,0.0,0.0,2,3466.0,3468.0,22,3461.0,3463.0,3468.0,3463.0,61.0,2113550.0,437
2023-05-11 11:23:20,rr2401,rr2401,3466.0,0.0,0.0,0.0,2,3466.0,3468.0,2,3461.0,3463.0,3468.0,3463.0,61.0,2113550.0,437
2023-05-11 11:23:23,rr2401,rr2401,3466.0,0.0,0.0,0.0,2,3466.0,3468.0,22,3461.0,3463.0,3468.0,3463.0,61.0,2113550.0,437
2023-05-11 11:23:26,rr2401,rr2401,3466.0,0.0,0.0,0.0,2,3466.0,3468.0,2,3461.0,3463.0,3468.0,3463.0,61.0,2113550.0,437
2023-05-11 11:23:29,rr2401,rr2401,3466.0,0.0,0.0,0.0,2,3466.0,3468.0,22,3461.0,3463.0,3468.0,3463.0,61.0,2113550.0,437
2023-05-11 11:23:32,rr2401,rr2401,3466.0,0.0,0.0,0.0,2,3466.0,3468.0,2,3461.0,3463.0,3468.0,3463.0,61.0,2113550.0,437
2023-05-11 11:23:35,rr2401,rr2401,3466.0,0.0,0.0,0.0,2,3466.0,3468.0,22,3461.0,3463.0,3468.0,3463.0,61.0,2113550.0,437
2023-05-11 11:23:37,rr2401,rr2401,3466.0,0.0,0.0,0.0,2,3466.0,3468.0,2,3461.0,3463.0,3468.0,3463.0,61.0,2113550.0,437
2023-05-11 11:29:31,rr2401,rr2401,3466.0,0.0,0.0,0.0,2,3466.0,3468.0,1,3461.0,3463.0,3468.0,3463.0,61.0,2113550.0,437
2023-05-11 11:29:34,rr2401,rr2401,3466.0,0.0,0.0,0.0,2,3466.0,3468.0,21,3461.0,3463.0,3468.0,3463.0,61.0,2113550.0,437
2023-05-11 11:29:34,rr2401,rr2401,3466.0,0.0,0.0,0.0,2,3466.0,3468.0,1,3461.0,3463.0,3468.0,3463.0,61.0,2113550.0,437
2023-05-11 11:29:37,rr2401,rr2401,3466.0,0.0,0.0,0.0,2,3466.0,3468.0,21,3461.0,3463.0,3468.0,3463.0,61.0,2113550.0,437
2023-05-11 11:29:37,rr2401,rr2401,3466.0,0.0,0.0,0.0,2,3466.0,3468.0,1,3461.0,3463.0,3468.0,3463.0,61.0,2113550.0,437
2023-05-11 11:29:38,rr2401,rr2401,3466.0,0.0,0.0,0.0,2,3466.0,3468.0,21,3461.0,3463.0,3468.0,3463.0,61.0,2113550.0,437
2023-05-11 11:29:39,rr2401,rr2401,3466.0,0.0,0.0,0.0,2,3466.0,3468.0,1,3461.0,3463.0,3468.0,3463.0,61.0,2113550.0,437
2023-05-11 11:29:41,rr2401,rr2401,3466.0,0.0,0.0,0.0,2,3466.0,3468.0,21,3461.0,3463.0,3468.0,3463.0,61.0,2113550.0,437
2023-05-11 11:29:42,rr2401,rr2401,3466.0,0.0,0.0,0.0,2,3466.0,3468.0,17,3461.0,3463.0,3468.0,3463.0,61.0,2113550.0,437
2023-05-11 11:29:43,rr2401,rr2401,3466.0,0.0,0.0,0.0,2,3466.0,3468.0,14,3461.0,3463.0,3468.0,3463.0,61.0,2113550.0,437
2023-05-11 11:29:44,rr2401,rr2401,3466.0,0.0,0.0,0.0,2,3466.0,3468.0,17,3461.0,3463.0,3468.0,3463.0,61.0,2113550.0,437
2023-05-11 11:29:45,rr2401,rr2401,3466.0,0.0,0.0,0.0,2,3466.0,3468.0,14,3461.0,3463.0,3468.0,3463.0,61.0,2113550.0,437
2023-05-11 11:29:48,rr2401,rr2401,3466.0,0.0,0.0,0.0,2,3466.0,3468.0,11,3461.0,3463.0,3468.0,3463.0,61.0,2113550.0,437
2023-05-11 11:29:49,rr2401,rr2401,3466.0,0.0,0.0,0.0,2,3466.0,3468.0,14,3461.0,3463.0,3468.0,3463.0,61.0,2113550.0,437
2023-05-11 11:29:50,rr2401,rr2401,3466.0,0.0,0.0,0.0,2,3466.0,3468.0,8,3461.0,3463.0,3468.0,3463.0,61.0,2113550.0,437
2023-05-11 11:29:51,rr2401,rr2401,3466.0,0.0,0.0,0.0,2,3466.0,3468.0,5,3461.0,3463.0,3468.0,3463.0,61.0,2113550.0,437
2023-05-11 11:30:00,rr2401,rr2401,3466.0,0.0,0.0,0.0,2,3466.0,3468.0,1,3461.0,3463.0,3468.0,3463.0,61.0,2113550.0,437
2023-05-11 13:30:00,rr2401,rr2401,3466.0,0.0,0.0,0.0,6,3465.0,3468.0,5,3461.0,3463.0,3468.0,3463.0,61.0,2113550.0,437
2023-05-11 13:30:01,rr2401,rr2401,3466.0,0.0,0.0,0.0,6,3465.0,3468.0,6,3461.0,3463.0,3468.0,3463.0,61.0,2113550.0,437
2023-05-11 13:30:03,rr2401,rr2401,3466.0,0.0,0.0,0.0,6,3465.0,3468.0,12,3461.0,3463.0,3468.0,3463.0,61.0,2113550.0,437
2023-05-11 13:30:07,rr2401,rr2401,3466.0,0.0,0.0,0.0,6,3465.0,3468.0,15,3461.0,3463.0,3468.0,3463.0,61.0,2113550.0,437
2023-05-11 13:30:07,rr2401,rr2401,3466.0,0.0,0.0,0.0,6,3465.0,3468.0,2,3461.0,3463.0,3468.0,3463.0,61.0,2113550.0,437
2023-05-11 13:30:10,rr2401,rr2401,3466.0,0.0,0.0,0.0,6,3465.0,3468.0,18,3461.0,3463.0,3468.0,3463.0,61.0,2113550.0,437
2023-05-11 13:30:11,rr2401,rr2401,3466.0,0.0,0.0,0.0,6,3465.0,3468.0,22,3461.0,3463.0,3468.0,3463.0,61.0,2113550.0,437
2023-05-11 13:30:12,rr2401,rr2401,3466.0,0.0,0.0,0.0,6,3465.0,3468.0,2,3461.0,3463.0,3468.0,3463.0,61.0,2113550.0,437
2023-05-11 13:39:01,rr2401,rr2401,3465.0,1.0,34650.0,1.0,5,3465.0,3468.0,2,3461.0,3463.0,3468.0,3463.0,62.0,2148200.0,438
2023-05-11 13:39:27,rr2401,rr2401,3465.0,5.0,173250.0,0.0,2,3463.0,3468.0,2,3461.0,3463.0,3468.0,3463.0,67.0,2321450.0,438
2023-05-11 13:39:55,rr2401,rr2401,3465.0,0.0,0.0,0.0,2,3463.0,3467.0,2,3461.0,3463.0,3468.0,3463.0,67.0,2321450.0,438
2023-05-11 13:40:06,rr2401,rr2401,3465.0,0.0,0.0,0.0,2,3463.0,3466.0,1,3461.0,3463.0,3468.0,3463.0,67.0,2321450.0,438
2023-05-11 13:42:08,rr2401,rr2401,3465.0,0.0,0.0,0.0,2,3463.0,3468.0,1,3461.0,3463.0,3468.0,3463.0,67.0,2321450.0,438
2023-05-11 13:42:12,rr2401,rr2401,3465.0,0.0,0.0,0.0,2,3463.0,3467.0,1,3461.0,3463.0,3468.0,3463.0,67.0,2321450.0,438
2023-05-11 13:42:41,rr2401,rr2401,3465.0,0.0,0.0,0.0,2,3463.0,3466.0,2,3461.0,3463.0,3468.0,3463.0,67.0,2321450.0,438
2023-05-11 13:42:43,rr2401,rr2401,3465.0,0.0,0.0,0.0,2,3463.0,3468.0,1,3461.0,3463.0,3468.0,3463.0,67.0,2321450.0,438
2023-05-11 13:42:43,rr2401,rr2401,3465.0,0.0,0.0,0.0,2,3463.0,3467.0,1,3461.0,3463.0,3468.0,3463.0,67.0,2321450.0,438
2023-05-11 13:43:13,rr2401,rr2401,3465.0,0.0,0.0,0.0,2,3463.0,3466.0,2,3461.0,3463.0,3468.0,3463.0,67.0,2321450.0,438
2023-05-11 13:43:15,rr2401,rr2401,3465.0,0.0,0.0,0.0,2,3463.0,3466.0,3,3461.0,3463.0,3468.0,3463.0,67.0,2321450.0,438
2023-05-11 13:43:16,rr2401,rr2401,3465.0,0.0,0.0,0.0,2,3463.0,3466.0,1,3461.0,3463.0,3468.0,3463.0,67.0,2321450.0,438
2023-05-11 13:43:42,rr2401,rr2401,3465.0,0.0,0.0,0.0,2,3463.0,3466.0,16,3461.0,3463.0,3468.0,3463.0,67.0,2321450.0,438
2023-05-11 13:43:42,rr2401,rr2401,3465.0,0.0,0.0,0.0,2,3463.0,3466.0,1,3461.0,3463.0,3468.0,3463.0,67.0,2321450.0,438
2023-05-11 13:43:45,rr2401,rr2401,3465.0,0.0,0.0,0.0,2,3463.0,3466.0,16,3461.0,3463.0,3468.0,3463.0,67.0,2321450.0,438
2023-05-11 13:43:47,rr2401,rr2401,3465.0,0.0,0.0,0.0,2,3463.0,3466.0,1,3461.0,3463.0,3468.0,3463.0,67.0,2321450.0,438
2023-05-11 13:43:50,rr2401,rr2401,3465.0,0.0,0.0,0.0,2,3463.0,3466.0,16,3461.0,3463.0,3468.0,3463.0,67.0,2321450.0,438
2023-05-11 13:43:53,rr2401,rr2401,3465.0,0.0,0.0,0.0,2,3463.0,3466.0,1,3461.0,3463.0,3468.0,3463.0,67.0,2321450.0,438
2023-05-11 13:43:56,rr2401,rr2401,3465.0,0.0,0.0,0.0,2,3463.0,3466.0,16,3461.0,3463.0,3468.0,3463.0,67.0,2321450.0,438
2023-05-11 13:43:58,rr2401,rr2401,3465.0,0.0,0.0,0.0,2,3463.0,3466.0,1,3461.0,3463.0,3468.0,3463.0,67.0,2321450.0,438
2023-05-11 13:44:01,rr2401,rr2401,3465.0,0.0,0.0,0.0,2,3463.0,3466.0,16,3461.0,3463.0,3468.0,3463.0,67.0,2321450.0,438
2023-05-11 13:44:03,rr2401,rr2401,3465.0,0.0,0.0,0.0,2,3463.0,3466.0,1,3461.0,3463.0,3468.0,3463.0,67.0,2321450.0,438
2023-05-11 13:44:06,rr2401,rr2401,3465.0,0.0,0.0,0.0,2,3463.0,3466.0,16,3461.0,3463.0,3468.0,3463.0,67.0,2321450.0,438
2023-05-11 13:44:08,rr2401,rr2401,3465.0,0.0,0.0,0.0,2,3463.0,3466.0,1,3461.0,3463.0,3468.0,3463.0,67.0,2321450.0,438
2023-05-11 13:44:11,rr2401,rr2401,3465.0,0.0,0.0,0.0,2,3463.0,3466.0,16,3461.0,3463.0,3468.0,3463.0,67.0,2321450.0,438
2023-05-11 13:44:13,rr2401,rr2401,3465.0,0.0,0.0,0.0,2,3463.0,3466.0,1,3461.0,3463.0,3468.0,3463.0,67.0,2321450.0,438
2023-05-11 13:44:16,rr2401,rr2401,3465.0,0.0,0.0,0.0,2,3463.0,3466.0,16,3461.0,3463.0,3468.0,3463.0,67.0,2321450.0,438
2023-05-11 13:44:18,rr2401,rr2401,3465.0,0.0,0.0,0.0,2,3463.0,3466.0,1,3461.0,3463.0,3468.0,3463.0,67.0,2321450.0,438
2023-05-11 13:44:21,rr2401,rr2401,3465.0,0.0,0.0,0.0,2,3463.0,3466.0,16,3461.0,3463.0,3468.0,3463.0,67.0,2321450.0,438
2023-05-11 13:44:23,rr2401,rr2401,3465.0,0.0,0.0,0.0,2,3463.0,3466.0,1,3461.0,3463.0,3468.0,3463.0,67.0,2321450.0,438
2023-05-11 13:44:26,rr2401,rr2401,3465.0,0.0,0.0,0.0,2,3463.0,3466.0,16,3461.0,3463.0,3468.0,3463.0,67.0,2321450.0,438
2023-05-11 13:44:28,rr2401,rr2401,3465.0,0.0,0.0,0.0,2,3463.0,3466.0,1,3461.0,3463.0,3468.0,3463.0,67.0,2321450.0,438
2023-05-11 13:44:31,rr2401,rr2401,3465.0,0.0,0.0,0.0,2,3463.0,3466.0,16,3461.0,3463.0,3468.0,3463.0,67.0,2321450.0,438
2023-05-11 13:44:33,rr2401,rr2401,3465.0,0.0,0.0,0.0,2,3463.0,3466.0,1,3461.0,3463.0,3468.0,3463.0,67.0,2321450.0,438
2023-05-11 13:44:36,rr2401,rr2401,3465.0,0.0,0.0,0.0,2,3463.0,3466.0,16,3461.0,3463.0,3468.0,3463.0,67.0,2321450.0,438
2023-05-11 13:44:38,rr2401,rr2401,3465.0,0.0,0.0,0.0,2,3463.0,3466.0,1,3461.0,3463.0,3468.0,3463.0,67.0,2321450.0,438
2023-05-11 13:45:16,rr2401,rr2401,3465.0,0.0,0.0,0.0,2,3463.0,3468.0,1,3461.0,3463.0,3468.0,3463.0,67.0,2321450.0,438
2023-05-11 13:45:26,rr2401,rr2401,3465.0,0.0,0.0,0.0,2,3463.0,3467.0,2,3461.0,3463.0,3468.0,3463.0,67.0,2321450.0,438
2023-05-11 13:45:26,rr2401,rr2401,3465.0,0.0,0.0,0.0,2,3463.0,3466.0,1,3461.0,3463.0,3468.0,3463.0,67.0,2321450.0,438
2023-05-11 13:46:03,rr2401,rr2401,3465.0,0.0,0.0,0.0,2,3463.0,3466.0,16,3461.0,3463.0,3468.0,3463.0,67.0,2321450.0,438
2023-05-11 13:46:04,rr2401,rr2401,3465.0,0.0,0.0,0.0,2,3463.0,3466.0,1,3461.0,3463.0,3468.0,3463.0,67.0,2321450.0,438
2023-05-11 13:46:07,rr2401,rr2401,3465.0,0.0,0.0,0.0,2,3463.0,3466.0,16,3461.0,3463.0,3468.0,3463.0,67.0,2321450.0,438
2023-05-11 13:46:10,rr2401,rr2401,3465.0,0.0,0.0,0.0,2,3463.0,3466.0,1,3461.0,3463.0,3468.0,3463.0,67.0,2321450.0,438
2023-05-11 13:46:13,rr2401,rr2401,3465.0,0.0,0.0,0.0,2,3463.0,3466.0,16,3461.0,3463.0,3468.0,3463.0,67.0,2321450.0,438
2023-05-11 13:46:15,rr2401,rr2401,3465.0,0.0,0.0,0.0,2,3463.0,3466.0,1,3461.0,3463.0,3468.0,3463.0,67.0,2321450.0,438
2023-05-11 13:46:15,rr2401,rr2401,3465.0,0.0,0.0,0.0,3,3463.0,3466.0,16,3461.0,3463.0,3468.0,3463.0,67.0,2321450.0,438
2023-05-11 13:47:52,rr2401,rr2401,3466.0,16.0,554560.0,14.0,4,3466.0,3468.0,5,3461.0,3463.0,3468.0,3463.0,83.0,2876010.0,452
2023-05-11 13:47:53,rr2401,rr2401,3466.0,0.0,0.0,0.0,4,3466.0,3468.0,1,3461.0,3463.0,3468.0,3463.0,83.0,2876010.0,452
2023-05-11 13:49:34,rr2401,rr2401,3466.0,4.0,138640.0,4.0,3,3463.0,3468.0,1,3461.0,3463.0,3468.0,3463.0,87.0,3014650.0,456
2023-05-11 13:49:40,rr2401,rr2401,3466.0,0.0,0.0,0.0,12,3463.0,3468.0,1,3461.0,3463.0,3468.0,3463.0,87.0,3014650.0,456
2023-05-11 13:49:42,rr2401,rr2401,3466.0,0.0,0.0,0.0,13,3463.0,3468.0,1,3461.0,3463.0,3468.0,3463.0,87.0,3014650.0,456
2023-05-11 13:50:17,rr2401,rr2401,3466.0,0.0,0.0,0.0,13,3463.0,3467.0,5,3461.0,3463.0,3468.0,3463.0,87.0,3014650.0,456
2023-05-11 13:52:16,rr2401,rr2401,3466.0,0.0,0.0,0.0,13,3463.0,3467.0,7,3461.0,3463.0,3468.0,3463.0,87.0,3014650.0,456
2023-05-11 13:53:54,rr2401,rr2401,3467.0,5.0,173350.0,3.0,13,3463.0,3468.0,1,3461.0,3463.0,3468.0,3463.0,92.0,3188000.0,459
2023-05-11 13:53:57,rr2401,rr2401,3467.0,0.0,0.0,0.0,2,3463.0,3468.0,1,3461.0,3463.0,3468.0,3463.0,92.0,3188000.0,459
2023-05-11 13:54:04,rr2401,rr2401,3467.0,0.0,0.0,0.0,13,3463.0,3468.0,1,3461.0,3463.0,3468.0,3463.0,92.0,3188000.0,459
2023-05-11 13:54:09,rr2401,rr2401,3467.0,0.0,0.0,0.0,2,3463.0,3468.0,3,3461.0,3463.0,3468.0,3463.0,92.0,3188000.0,459
2023-05-11 13:54:12,rr2401,rr2401,3467.0,0.0,0.0,0.0,13,3463.0,3468.0,1,3461.0,3463.0,3468.0,3463.0,92.0,3188000.0,459
2023-05-11 13:54:25,rr2401,rr2401,3467.0,0.0,0.0,0.0,13,3463.0,3468.0,3,3461.0,3463.0,3468.0,3463.0,92.0,3188000.0,459
2023-05-11 13:54:26,rr2401,rr2401,3467.0,0.0,0.0,0.0,13,3463.0,3468.0,1,3461.0,3463.0,3468.0,3463.0,92.0,3188000.0,459
2023-05-11 13:54:29,rr2401,rr2401,3467.0,0.0,0.0,0.0,13,3463.0,3468.0,3,3461.0,3463.0,3468.0,3463.0,92.0,3188000.0,459
2023-05-11 13:54:31,rr2401,rr2401,3467.0,0.0,0.0,0.0,13,3463.0,3468.0,1,3461.0,3463.0,3468.0,3463.0,92.0,3188000.0,459
2023-05-11 13:54:34,rr2401,rr2401,3467.0,0.0,0.0,0.0,13,3463.0,3468.0,3,3461.0,3463.0,3468.0,3463.0,92.0,3188000.0,459
2023-05-11 13:54:36,rr2401,rr2401,3467.0,0.0,0.0,0.0,13,3463.0,3468.0,1,3461.0,3463.0,3468.0,3463.0,92.0,3188000.0,459
2023-05-11 13:54:39,rr2401,rr2401,3467.0,0.0,0.0,0.0,13,3463.0,3468.0,3,3461.0,3463.0,3468.0,3463.0,92.0,3188000.0,459
2023-05-11 13:54:41,rr2401,rr2401,3467.0,0.0,0.0,0.0,13,3463.0,3468.0,1,3461.0,3463.0,3468.0,3463.0,92.0,3188000.0,459
2023-05-11 13:54:44,rr2401,rr2401,3467.0,0.0,0.0,0.0,13,3463.0,3468.0,3,3461.0,3463.0,3468.0,3463.0,92.0,3188000.0,459
2023-05-11 13:54:46,rr2401,rr2401,3467.0,0.0,0.0,0.0,13,3463.0,3468.0,1,3461.0,3463.0,3468.0,3463.0,92.0,3188000.0,459
2023-05-11 13:54:49,rr2401,rr2401,3467.0,0.0,0.0,0.0,13,3463.0,3468.0,3,3461.0,3463.0,3468.0,3463.0,92.0,3188000.0,459
2023-05-11 13:54:52,rr2401,rr2401,3467.0,0.0,0.0,0.0,13,3463.0,3468.0,1,3461.0,3463.0,3468.0,3463.0,92.0,3188000.0,459
2023-05-11 13:54:55,rr2401,rr2401,3467.0,0.0,0.0,0.0,13,3463.0,3468.0,3,3461.0,3463.0,3468.0,3463.0,92.0,3188000.0,459
2023-05-11 13:54:57,rr2401,rr2401,3467.0,0.0,0.0,0.0,13,3463.0,3468.0,1,3461.0,3463.0,3468.0,3463.0,92.0,3188000.0,459
2023-05-11 13:55:00,rr2401,rr2401,3467.0,0.0,0.0,0.0,13,3463.0,3468.0,3,3461.0,3463.0,3468.0,3463.0,92.0,3188000.0,459
2023-05-11 13:55:02,rr2401,rr2401,3467.0,0.0,0.0,0.0,13,3463.0,3468.0,1,3461.0,3463.0,3468.0,3463.0,92.0,3188000.0,459
2023-05-11 13:55:05,rr2401,rr2401,3467.0,0.0,0.0,0.0,13,3463.0,3468.0,3,3461.0,3463.0,3468.0,3463.0,92.0,3188000.0,459
2023-05-11 13:55:07,rr2401,rr2401,3467.0,0.0,0.0,0.0,13,3463.0,3468.0,1,3461.0,3463.0,3468.0,3463.0,92.0,3188000.0,459
2023-05-11 13:55:10,rr2401,rr2401,3467.0,0.0,0.0,0.0,13,3463.0,3468.0,3,3461.0,3463.0,3468.0,3463.0,92.0,3188000.0,459
2023-05-11 13:55:13,rr2401,rr2401,3467.0,0.0,0.0,0.0,13,3463.0,3468.0,1,3461.0,3463.0,3468.0,3463.0,92.0,3188000.0,459
2023-05-11 13:55:16,rr2401,rr2401,3467.0,0.0,0.0,0.0,13,3463.0,3468.0,3,3461.0,3463.0,3468.0,3463.0,92.0,3188000.0,459
2023-05-11 13:55:18,rr2401,rr2401,3467.0,0.0,0.0,0.0,13,3463.0,3468.0,1,3461.0,3463.0,3468.0,3463.0,92.0,3188000.0,459
2023-05-11 13:55:21,rr2401,rr2401,3467.0,0.0,0.0,0.0,13,3463.0,3468.0,3,3461.0,3463.0,3468.0,3463.0,92.0,3188000.0,459
2023-05-11 13:55:23,rr2401,rr2401,3467.0,0.0,0.0,0.0,13,3463.0,3468.0,1,3461.0,3463.0,3468.0,3463.0,92.0,3188000.0,459
2023-05-11 13:55:26,rr2401,rr2401,3467.0,0.0,0.0,0.0,13,3463.0,3468.0,3,3461.0,3463.0,3468.0,3463.0,92.0,3188000.0,459
2023-05-11 13:55:28,rr2401,rr2401,3467.0,0.0,0.0,0.0,13,3463.0,3468.0,1,3461.0,3463.0,3468.0,3463.0,92.0,3188000.0,459
2023-05-11 13:55:31,rr2401,rr2401,3467.0,0.0,0.0,0.0,13,3463.0,3468.0,3,3461.0,3463.0,3468.0,3463.0,92.0,3188000.0,459
2023-05-11 13:55:33,rr2401,rr2401,3467.0,0.0,0.0,0.0,13,3463.0,3468.0,1,3461.0,3463.0,3468.0,3463.0,92.0,3188000.0,459
2023-05-11 13:55:36,rr2401,rr2401,3467.0,0.0,0.0,0.0,13,3463.0,3468.0,3,3461.0,3463.0,3468.0,3463.0,92.0,3188000.0,459
2023-05-11 13:55:38,rr2401,rr2401,3467.0,0.0,0.0,0.0,13,3463.0,3468.0,1,3461.0,3463.0,3468.0,3463.0,92.0,3188000.0,459
2023-05-11 13:55:41,rr2401,rr2401,3467.0,0.0,0.0,0.0,13,3463.0,3468.0,3,3461.0,3463.0,3468.0,3463.0,92.0,3188000.0,459
2023-05-11 13:55:44,rr2401,rr2401,3467.0,0.0,0.0,0.0,13,3463.0,3468.0,1,3461.0,3463.0,3468.0,3463.0,92.0,3188000.0,459
2023-05-11 13:55:47,rr2401,rr2401,3467.0,0.0,0.0,0.0,13,3463.0,3468.0,3,3461.0,3463.0,3468.0,3463.0,92.0,3188000.0,459
2023-05-11 13:55:49,rr2401,rr2401,3467.0,0.0,0.0,0.0,13,3463.0,3468.0,1,3461.0,3463.0,3468.0,3463.0,92.0,3188000.0,459
2023-05-11 13:55:52,rr2401,rr2401,3467.0,0.0,0.0,0.0,13,3463.0,3468.0,3,3461.0,3463.0,3468.0,3463.0,92.0,3188000.0,459
2023-05-11 13:55:54,rr2401,rr2401,3467.0,0.0,0.0,0.0,13,3463.0,3468.0,1,3461.0,3463.0,3468.0,3463.0,92.0,3188000.0,459
2023-05-11 13:55:57,rr2401,rr2401,3467.0,0.0,0.0,0.0,13,3463.0,3468.0,3,3461.0,3463.0,3468.0,3463.0,92.0,3188000.0,459
2023-05-11 13:55:59,rr2401,rr2401,3467.0,0.0,0.0,0.0,13,3463.0,3468.0,1,3461.0,3463.0,3468.0,3463.0,92.0,3188000.0,459
2023-05-11 13:56:02,rr2401,rr2401,3467.0,0.0,0.0,0.0,13,3463.0,3468.0,3,3461.0,3463.0,3468.0,3463.0,92.0,3188000.0,459
2023-05-11 13:56:04,rr2401,rr2401,3467.0,0.0,0.0,0.0,13,3463.0,3468.0,1,3461.0,3463.0,3468.0,3463.0,92.0,3188000.0,459
2023-05-11 13:56:07,rr2401,rr2401,3467.0,0.0,0.0,0.0,13,3463.0,3468.0,3,3461.0,3463.0,3468.0,3463.0,92.0,3188000.0,459
2023-05-11 13:56:09,rr2401,rr2401,3467.0,0.0,0.0,0.0,13,3463.0,3468.0,1,3461.0,3463.0,3468.0,3463.0,92.0,3188000.0,459
2023-05-11 13:56:12,rr2401,rr2401,3467.0,0.0,0.0,0.0,13,3463.0,3468.0,3,3461.0,3463.0,3468.0,3463.0,92.0,3188000.0,459
2023-05-11 13:56:14,rr2401,rr2401,3467.0,0.0,0.0,0.0,13,3463.0,3468.0,1,3461.0,3463.0,3468.0,3463.0,92.0,3188000.0,459
2023-05-11 13:56:17,rr2401,rr2401,3467.0,0.0,0.0,0.0,13,3463.0,3468.0,3,3461.0,3463.0,3468.0,3463.0,92.0,3188000.0,459
2023-05-11 13:56:19,rr2401,rr2401,3467.0,0.0,0.0,0.0,13,3463.0,3468.0,1,3461.0,3463.0,3468.0,3463.0,92.0,3188000.0,459
2023-05-11 13:56:22,rr2401,rr2401,3467.0,0.0,0.0,0.0,13,3463.0,3468.0,3,3461.0,3463.0,3468.0,3463.0,92.0,3188000.0,459
2023-05-11 13:56:24,rr2401,rr2401,3467.0,0.0,0.0,0.0,13,3463.0,3468.0,1,3461.0,3463.0,3468.0,3463.0,92.0,3188000.0,459
2023-05-11 13:56:27,rr2401,rr2401,3467.0,0.0,0.0,0.0,13,3463.0,3468.0,3,3461.0,3463.0,3468.0,3463.0,92.0,3188000.0,459
2023-05-11 13:56:29,rr2401,rr2401,3467.0,0.0,0.0,0.0,13,3463.0,3468.0,1,3461.0,3463.0,3468.0,3463.0,92.0,3188000.0,459
2023-05-11 13:56:32,rr2401,rr2401,3467.0,0.0,0.0,0.0,13,3463.0,3468.0,3,3461.0,3463.0,3468.0,3463.0,92.0,3188000.0,459
2023-05-11 13:56:34,rr2401,rr2401,3467.0,0.0,0.0,0.0,13,3463.0,3468.0,1,3461.0,3463.0,3468.0,3463.0,92.0,3188000.0,459
2023-05-11 13:56:37,rr2401,rr2401,3467.0,0.0,0.0,0.0,13,3463.0,3468.0,3,3461.0,3463.0,3468.0,3463.0,92.0,3188000.0,459
2023-05-11 13:56:39,rr2401,rr2401,3467.0,0.0,0.0,0.0,13,3463.0,3468.0,1,3461.0,3463.0,3468.0,3463.0,92.0,3188000.0,459
2023-05-11 13:56:42,rr2401,rr2401,3467.0,0.0,0.0,0.0,13,3463.0,3468.0,3,3461.0,3463.0,3468.0,3463.0,92.0,3188000.0,459
2023-05-11 13:56:44,rr2401,rr2401,3467.0,0.0,0.0,0.0,13,3463.0,3468.0,1,3461.0,3463.0,3468.0,3463.0,92.0,3188000.0,459
2023-05-11 13:56:47,rr2401,rr2401,3467.0,0.0,0.0,0.0,13,3463.0,3468.0,3,3461.0,3463.0,3468.0,3463.0,92.0,3188000.0,459
2023-05-11 13:56:49,rr2401,rr2401,3467.0,0.0,0.0,0.0,13,3463.0,3468.0,1,3461.0,3463.0,3468.0,3463.0,92.0,3188000.0,459
2023-05-11 13:56:52,rr2401,rr2401,3467.0,0.0,0.0,0.0,13,3463.0,3468.0,3,3461.0,3463.0,3468.0,3463.0,92.0,3188000.0,459
2023-05-11 13:56:54,rr2401,rr2401,3467.0,0.0,0.0,0.0,13,3463.0,3468.0,1,3461.0,3463.0,3468.0,3463.0,92.0,3188000.0,459
2023-05-11 13:56:57,rr2401,rr2401,3467.0,0.0,0.0,0.0,13,3463.0,3468.0,3,3461.0,3463.0,3468.0,3463.0,92.0,3188000.0,459
2023-05-11 13:56:59,rr2401,rr2401,3467.0,0.0,0.0,0.0,13,3463.0,3468.0,1,3461.0,3463.0,3468.0,3463.0,92.0,3188000.0,459
2023-05-11 13:57:02,rr2401,rr2401,3467.0,0.0,0.0,0.0,13,3463.0,3468.0,3,3461.0,3463.0,3468.0,3463.0,92.0,3188000.0,459
2023-05-11 13:57:04,rr2401,rr2401,3467.0,0.0,0.0,0.0,13,3463.0,3468.0,1,3461.0,3463.0,3468.0,3463.0,92.0,3188000.0,459
2023-05-11 13:57:07,rr2401,rr2401,3467.0,0.0,0.0,0.0,13,3463.0,3468.0,3,3461.0,3463.0,3468.0,3463.0,92.0,3188000.0,459
2023-05-11 13:57:09,rr2401,rr2401,3467.0,0.0,0.0,0.0,13,3463.0,3468.0,1,3461.0,3463.0,3468.0,3463.0,92.0,3188000.0,459
2023-05-11 13:57:12,rr2401,rr2401,3467.0,0.0,0.0,0.0,13,3463.0,3468.0,3,3461.0,3463.0,3468.0,3463.0,92.0,3188000.0,459
2023-05-11 13:57:14,rr2401,rr2401,3467.0,0.0,0.0,0.0,13,3463.0,3468.0,1,3461.0,3463.0,3468.0,3463.0,92.0,3188000.0,459
2023-05-11 13:57:17,rr2401,rr2401,3467.0,0.0,0.0,0.0,13,3463.0,3468.0,3,3461.0,3463.0,3468.0,3463.0,92.0,3188000.0,459
2023-05-11 13:57:19,rr2401,rr2401,3467.0,0.0,0.0,0.0,13,3463.0,3468.0,1,3461.0,3463.0,3468.0,3463.0,92.0,3188000.0,459
2023-05-11 13:57:22,rr2401,rr2401,3467.0,0.0,0.0,0.0,13,3463.0,3468.0,3,3461.0,3463.0,3468.0,3463.0,92.0,3188000.0,459
2023-05-11 13:57:24,rr2401,rr2401,3467.0,0.0,0.0,0.0,13,3463.0,3468.0,1,3461.0,3463.0,3468.0,3463.0,92.0,3188000.0,459
2023-05-11 13:57:27,rr2401,rr2401,3467.0,0.0,0.0,0.0,13,3463.0,3468.0,3,3461.0,3463.0,3468.0,3463.0,92.0,3188000.0,459
2023-05-11 13:57:29,rr2401,rr2401,3467.0,0.0,0.0,0.0,13,3463.0,3468.0,1,3461.0,3463.0,3468.0,3463.0,92.0,3188000.0,459
2023-05-11 13:57:32,rr2401,rr2401,3467.0,0.0,0.0,0.0,13,3463.0,3468.0,3,3461.0,3463.0,3468.0,3463.0,92.0,3188000.0,459
2023-05-11 13:57:34,rr2401,rr2401,3467.0,0.0,0.0,0.0,13,3463.0,3468.0,1,3461.0,3463.0,3468.0,3463.0,92.0,3188000.0,459
2023-05-11 13:57:37,rr2401,rr2401,3467.0,0.0,0.0,0.0,13,3463.0,3468.0,3,3461.0,3463.0,3468.0,3463.0,92.0,3188000.0,459
2023-05-11 13:57:39,rr2401,rr2401,3467.0,0.0,0.0,0.0,13,3463.0,3468.0,1,3461.0,3463.0,3468.0,3463.0,92.0,3188000.0,459
2023-05-11 13:57:42,rr2401,rr2401,3467.0,0.0,0.0,0.0,13,3463.0,3468.0,3,3461.0,3463.0,3468.0,3463.0,92.0,3188000.0,459
2023-05-11 13:57:45,rr2401,rr2401,3467.0,0.0,0.0,0.0,13,3463.0,3468.0,1,3461.0,3463.0,3468.0,3463.0,92.0,3188000.0,459
2023-05-11 13:57:48,rr2401,rr2401,3467.0,0.0,0.0,0.0,13,3463.0,3468.0,3,3461.0,3463.0,3468.0,3463.0,92.0,3188000.0,459
2023-05-11 13:57:50,rr2401,rr2401,3467.0,0.0,0.0,0.0,13,3463.0,3468.0,1,3461.0,3463.0,3468.0,3463.0,92.0,3188000.0,459
2023-05-11 13:57:53,rr2401,rr2401,3467.0,0.0,0.0,0.0,13,3463.0,3468.0,3,3461.0,3463.0,3468.0,3463.0,92.0,3188000.0,459
2023-05-11 13:57:55,rr2401,rr2401,3467.0,0.0,0.0,0.0,13,3463.0,3468.0,1,3461.0,3463.0,3468.0,3463.0,92.0,3188000.0,459
2023-05-11 13:57:58,rr2401,rr2401,3467.0,0.0,0.0,0.0,13,3463.0,3468.0,3,3461.0,3463.0,3468.0,3463.0,92.0,3188000.0,459
2023-05-11 13:58:00,rr2401,rr2401,3467.0,0.0,0.0,0.0,13,3463.0,3468.0,1,3461.0,3463.0,3468.0,3463.0,92.0,3188000.0,459
2023-05-11 13:58:03,rr2401,rr2401,3467.0,0.0,0.0,0.0,13,3463.0,3468.0,3,3461.0,3463.0,3468.0,3463.0,92.0,3188000.0,459
2023-05-11 13:58:05,rr2401,rr2401,3467.0,0.0,0.0,0.0,13,3463.0,3468.0,1,3461.0,3463.0,3468.0,3463.0,92.0,3188000.0,459
2023-05-11 13:58:08,rr2401,rr2401,3467.0,0.0,0.0,0.0,13,3463.0,3468.0,3,3461.0,3463.0,3468.0,3463.0,92.0,3188000.0,459
2023-05-11 13:58:10,rr2401,rr2401,3467.0,0.0,0.0,0.0,13,3463.0,3468.0,1,3461.0,3463.0,3468.0,3463.0,92.0,3188000.0,459
2023-05-11 13:58:13,rr2401,rr2401,3467.0,0.0,0.0,0.0,13,3463.0,3468.0,3,3461.0,3463.0,3468.0,3463.0,92.0,3188000.0,459
2023-05-11 13:58:15,rr2401,rr2401,3467.0,0.0,0.0,0.0,13,3463.0,3468.0,1,3461.0,3463.0,3468.0,3463.0,92.0,3188000.0,459
2023-05-11 13:58:18,rr2401,rr2401,3467.0,0.0,0.0,0.0,13,3463.0,3468.0,3,3461.0,3463.0,3468.0,3463.0,92.0,3188000.0,459
2023-05-11 13:58:20,rr2401,rr2401,3467.0,0.0,0.0,0.0,13,3463.0,3468.0,1,3461.0,3463.0,3468.0,3463.0,92.0,3188000.0,459
2023-05-11 13:58:23,rr2401,rr2401,3467.0,0.0,0.0,0.0,13,3463.0,3468.0,3,3461.0,3463.0,3468.0,3463.0,92.0,3188000.0,459
2023-05-11 13:58:25,rr2401,rr2401,3467.0,0.0,0.0,0.0,13,3463.0,3468.0,1,3461.0,3463.0,3468.0,3463.0,92.0,3188000.0,459
2023-05-11 13:58:28,rr2401,rr2401,3467.0,0.0,0.0,0.0,13,3463.0,3468.0,3,3461.0,3463.0,3468.0,3463.0,92.0,3188000.0,459
2023-05-11 13:58:30,rr2401,rr2401,3467.0,0.0,0.0,0.0,13,3463.0,3468.0,1,3461.0,3463.0,3468.0,3463.0,92.0,3188000.0,459
2023-05-11 13:58:33,rr2401,rr2401,3467.0,0.0,0.0,0.0,13,3463.0,3468.0,3,3461.0,3463.0,3468.0,3463.0,92.0,3188000.0,459
2023-05-11 13:58:35,rr2401,rr2401,3467.0,0.0,0.0,0.0,13,3463.0,3468.0,1,3461.0,3463.0,3468.0,3463.0,92.0,3188000.0,459
2023-05-11 13:58:37,rr2401,rr2401,3467.0,0.0,0.0,0.0,13,3463.0,3468.0,3,3461.0,3463.0,3468.0,3463.0,92.0,3188000.0,459
2023-05-11 13:58:40,rr2401,rr2401,3467.0,0.0,0.0,0.0,13,3463.0,3468.0,1,3461.0,3463.0,3468.0,3463.0,92.0,3188000.0,459
2023-05-11 13:58:43,rr2401,rr2401,3467.0,0.0,0.0,0.0,13,3463.0,3468.0,3,3461.0,3463.0,3468.0,3463.0,92.0,3188000.0,459
2023-05-11 13:58:45,rr2401,rr2401,3467.0,0.0,0.0,0.0,13,3463.0,3468.0,1,3461.0,3463.0,3468.0,3463.0,92.0,3188000.0,459
2023-05-11 13:58:48,rr2401,rr2401,3467.0,0.0,0.0,0.0,13,3463.0,3468.0,3,3461.0,3463.0,3468.0,3463.0,92.0,3188000.0,459
2023-05-11 13:58:50,rr2401,rr2401,3467.0,0.0,0.0,0.0,13,3463.0,3468.0,1,3461.0,3463.0,3468.0,3463.0,92.0,3188000.0,459
2023-05-11 13:58:53,rr2401,rr2401,3467.0,0.0,0.0,0.0,13,3463.0,3468.0,3,3461.0,3463.0,3468.0,3463.0,92.0,3188000.0,459
2023-05-11 13:58:55,rr2401,rr2401,3467.0,0.0,0.0,0.0,13,3463.0,3468.0,1,3461.0,3463.0,3468.0,3463.0,92.0,3188000.0,459
2023-05-11 13:58:57,rr2401,rr2401,3467.0,0.0,0.0,0.0,13,3463.0,3468.0,3,3461.0,3463.0,3468.0,3463.0,92.0,3188000.0,459
2023-05-11 13:58:58,rr2401,rr2401,3467.0,0.0,0.0,0.0,13,3463.0,3468.0,1,3461.0,3463.0,3468.0,3463.0,92.0,3188000.0,459
2023-05-11 13:59:00,rr2401,rr2401,3467.0,0.0,0.0,0.0,13,3463.0,3468.0,3,3461.0,3463.0,3468.0,3463.0,92.0,3188000.0,459
2023-05-11 13:59:00,rr2401,rr2401,3467.0,0.0,0.0,0.0,13,3463.0,3468.0,1,3461.0,3463.0,3468.0,3463.0,92.0,3188000.0,459
2023-05-11 14:03:48,rr2401,rr2401,3467.0,0.0,0.0,0.0,1,3465.0,3468.0,1,3461.0,3463.0,3468.0,3463.0,92.0,3188000.0,459
2023-05-11 14:14:21,rr2401,rr2401,3467.0,0.0,0.0,0.0,1,3465.0,3476.0,1,3461.0,3463.0,3468.0,3463.0,92.0,3188000.0,459
2023-05-11 14:14:23,rr2401,rr2401,3467.0,0.0,0.0,0.0,1,3465.0,3476.0,2,3461.0,3463.0,3468.0,3463.0,92.0,3188000.0,459
2023-05-11 14:14:30,rr2401,rr2401,3467.0,0.0,0.0,0.0,1,3465.0,3470.0,3,3461.0,3463.0,3468.0,3463.0,92.0,3188000.0,459
2023-05-11 14:17:47,rr2401,rr2401,3467.0,0.0,0.0,0.0,1,3465.0,3469.0,2,3461.0,3463.0,3468.0,3463.0,92.0,3188000.0,459
2023-05-11 14:23:29,rr2401,rr2401,3467.0,0.0,0.0,0.0,1,3465.0,3470.0,3,3461.0,3463.0,3468.0,3463.0,92.0,3188000.0,459
2023-05-11 14:23:30,rr2401,rr2401,3467.0,0.0,0.0,0.0,1,3465.0,3469.0,2,3461.0,3463.0,3468.0,3463.0,92.0,3188000.0,459
2023-05-11 14:25:32,rr2401,rr2401,3467.0,0.0,0.0,0.0,1,3465.0,3468.0,1,3461.0,3463.0,3468.0,3463.0,92.0,3188000.0,459
2023-05-11 14:29:02,rr2401,rr2401,3467.0,0.0,0.0,0.0,1,3465.0,3468.0,3,3461.0,3463.0,3468.0,3463.0,92.0,3188000.0,459
2023-05-11 14:30:53,rr2401,rr2401,3467.0,0.0,0.0,0.0,10,3465.0,3468.0,1,3461.0,3463.0,3468.0,3463.0,92.0,3188000.0,459
2023-05-11 14:30:54,rr2401,rr2401,3469.0,2.0,69370.0,1.0,12,3465.0,3469.0,3,3461.0,3463.0,3469.0,3463.0,94.0,3257370.0,460
2023-05-11 14:30:55,rr2401,rr2401,3469.0,0.0,0.0,0.0,1,3465.0,3469.0,1,3461.0,3463.0,3469.0,3463.0,94.0,3257370.0,460
2023-05-11 14:31:18,rr2401,rr2401,3466.0,1.0,34660.0,1.0,1,3465.0,3469.0,1,3461.0,3463.0,3469.0,3463.0,95.0,3292030.0,461
2023-05-11 14:31:22,rr2401,rr2401,3466.0,0.0,0.0,0.0,1,3465.0,3468.0,1,3461.0,3463.0,3469.0,3463.0,95.0,3292030.0,461
2023-05-11 14:32:08,rr2401,rr2401,3466.0,0.0,0.0,0.0,21,3465.0,3468.0,1,3461.0,3463.0,3469.0,3463.0,95.0,3292030.0,461
2023-05-11 14:32:44,rr2401,rr2401,3466.0,0.0,0.0,0.0,24,3465.0,3468.0,1,3461.0,3463.0,3469.0,3463.0,95.0,3292030.0,461
2023-05-11 14:36:06,rr2401,rr2401,3466.0,0.0,0.0,0.0,34,3465.0,3468.0,1,3461.0,3463.0,3469.0,3463.0,95.0,3292030.0,461
2023-05-11 14:36:42,rr2401,rr2401,3466.0,0.0,0.0,0.0,24,3465.0,3468.0,1,3461.0,3463.0,3469.0,3463.0,95.0,3292030.0,461
2023-05-11 14:36:42,rr2401,rr2401,3466.0,0.0,0.0,0.0,34,3465.0,3468.0,1,3461.0,3463.0,3469.0,3463.0,95.0,3292030.0,461
2023-05-11 14:38:00,rr2401,rr2401,3466.0,0.0,0.0,0.0,33,3465.0,3468.0,1,3461.0,3463.0,3469.0,3463.0,95.0,3292030.0,461
2023-05-11 14:38:01,rr2401,rr2401,3466.0,0.0,0.0,0.0,28,3465.0,3468.0,1,3461.0,3463.0,3469.0,3463.0,95.0,3292030.0,461
2023-05-11 14:38:02,rr2401,rr2401,3466.0,0.0,0.0,0.0,24,3465.0,3468.0,1,3461.0,3463.0,3469.0,3463.0,95.0,3292030.0,461
2023-05-11 14:38:02,rr2401,rr2401,3466.0,0.0,0.0,0.0,28,3465.0,3468.0,1,3461.0,3463.0,3469.0,3463.0,95.0,3292030.0,461
2023-05-11 14:38:03,rr2401,rr2401,3466.0,0.0,0.0,0.0,24,3465.0,3468.0,1,3461.0,3463.0,3469.0,3463.0,95.0,3292030.0,461
2023-05-11 14:38:03,rr2401,rr2401,3466.0,0.0,0.0,0.0,28,3465.0,3468.0,1,3461.0,3463.0,3469.0,3463.0,95.0,3292030.0,461
2023-05-11 14:38:04,rr2401,rr2401,3466.0,0.0,0.0,0.0,24,3465.0,3468.0,1,3461.0,3463.0,3469.0,3463.0,95.0,3292030.0,461
2023-05-11 14:38:04,rr2401,rr2401,3466.0,0.0,0.0,0.0,28,3465.0,3468.0,1,3461.0,3463.0,3469.0,3463.0,95.0,3292030.0,461
2023-05-11 14:38:05,rr2401,rr2401,3466.0,0.0,0.0,0.0,24,3465.0,3468.0,1,3461.0,3463.0,3469.0,3463.0,95.0,3292030.0,461
2023-05-11 14:38:05,rr2401,rr2401,3466.0,0.0,0.0,0.0,28,3465.0,3468.0,1,3461.0,3463.0,3469.0,3463.0,95.0,3292030.0,461
2023-05-11 14:38:06,rr2401,rr2401,3466.0,0.0,0.0,0.0,24,3465.0,3468.0,1,3461.0,3463.0,3469.0,3463.0,95.0,3292030.0,461
2023-05-11 14:38:06,rr2401,rr2401,3466.0,0.0,0.0,0.0,28,3465.0,3468.0,1,3461.0,3463.0,3469.0,3463.0,95.0,3292030.0,461
2023-05-11 14:38:07,rr2401,rr2401,3466.0,0.0,0.0,0.0,25,3465.0,3468.0,1,3461.0,3463.0,3469.0,3463.0,95.0,3292030.0,461
2023-05-11 14:38:07,rr2401,rr2401,3466.0,0.0,0.0,0.0,24,3465.0,3468.0,1,3461.0,3463.0,3469.0,3463.0,95.0,3292030.0,461
2023-05-11 14:38:08,rr2401,rr2401,3466.0,0.0,0.0,0.0,24,3465.0,3468.0,3,3461.0,3463.0,3469.0,3463.0,95.0,3292030.0,461
2023-05-11 14:39:58,rr2401,rr2401,3465.0,20.0,693000.0,20.0,4,3465.0,3468.0,3,3461.0,3463.0,3469.0,3463.0,115.0,3985030.0,481
2023-05-11 14:39:58,rr2401,rr2401,3465.0,2.0,69300.0,1.0,2,3465.0,3468.0,3,3461.0,3463.0,3469.0,3463.0,117.0,4054330.0,482
2023-05-11 14:40:09,rr2401,rr2401,3465.0,0.0,0.0,0.0,2,3465.0,3468.0,1,3461.0,3463.0,3469.0,3463.0,117.0,4054330.0,482
2023-05-11 14:41:45,rr2401,rr2401,3465.0,0.0,0.0,0.0,1,3451.0,3468.0,1,3461.0,3463.0,3469.0,3463.0,117.0,4054330.0,482
2023-05-11 14:41:45,rr2401,rr2401,3465.0,0.0,0.0,0.0,3,3451.0,3468.0,1,3461.0,3463.0,3469.0,3463.0,117.0,4054330.0,482
2023-05-11 14:41:46,rr2401,rr2401,3465.0,0.0,0.0,0.0,2,3452.0,3468.0,1,3461.0,3463.0,3469.0,3463.0,117.0,4054330.0,482
2023-05-11 14:41:46,rr2401,rr2401,3465.0,0.0,0.0,0.0,3,3452.0,3468.0,1,3461.0,3463.0,3469.0,3463.0,117.0,4054330.0,482
2023-05-11 14:41:47,rr2401,rr2401,3465.0,0.0,0.0,0.0,4,3452.0,3468.0,1,3461.0,3463.0,3469.0,3463.0,117.0,4054330.0,482
2023-05-11 14:41:48,rr2401,rr2401,3465.0,0.0,0.0,0.0,2,3453.0,3468.0,1,3461.0,3463.0,3469.0,3463.0,117.0,4054330.0,482
2023-05-11 14:41:48,rr2401,rr2401,3465.0,0.0,0.0,0.0,3,3453.0,3468.0,1,3461.0,3463.0,3469.0,3463.0,117.0,4054330.0,482
2023-05-11 14:41:49,rr2401,rr2401,3465.0,0.0,0.0,0.0,2,3455.0,3468.0,1,3461.0,3463.0,3469.0,3463.0,117.0,4054330.0,482
2023-05-11 14:41:51,rr2401,rr2401,3465.0,0.0,0.0,0.0,3,3455.0,3468.0,1,3461.0,3463.0,3469.0,3463.0,117.0,4054330.0,482
2023-05-11 14:41:56,rr2401,rr2401,3465.0,0.0,0.0,0.0,2,3464.0,3468.0,1,3461.0,3463.0,3469.0,3463.0,117.0,4054330.0,482
2023-05-11 14:45:13,rr2401,rr2401,3465.0,0.0,0.0,0.0,3,3464.0,3468.0,1,3461.0,3463.0,3469.0,3463.0,117.0,4054330.0,482
2023-05-11 14:46:15,rr2401,rr2401,3465.0,0.0,0.0,0.0,1,3465.0,3468.0,1,3461.0,3463.0,3469.0,3463.0,117.0,4054330.0,482
2023-05-11 14:46:25,rr2401,rr2401,3465.0,0.0,0.0,0.0,3,3464.0,3468.0,1,3461.0,3463.0,3469.0,3463.0,117.0,4054330.0,482
2023-05-11 14:47:07,rr2401,rr2401,3465.0,0.0,0.0,0.0,3,3464.0,3468.0,2,3461.0,3463.0,3469.0,3463.0,117.0,4054330.0,482
2023-05-11 14:57:10,rr2401,rr2401,3465.0,0.0,0.0,0.0,6,3464.0,3468.0,4,3461.0,3463.0,3469.0,3463.0,117.0,4054330.0,482
2023-05-11 14:57:11,rr2401,rr2401,3468.0,1.0,34680.0,0.0,13,3464.0,3468.0,3,3461.0,3463.0,3469.0,3463.0,118.0,4089010.0,482
2023-05-11 14:57:16,rr2401,rr2401,3468.0,0.0,0.0,0.0,3,3464.0,3468.0,1,3461.0,3463.0,3469.0,3463.0,118.0,4089010.0,482
2023-05-11 14:58:28,rr2401,rr2401,3468.0,0.0,0.0,0.0,3,3464.0,3469.0,2,3461.0,3463.0,3469.0,3463.0,118.0,4089010.0,482
2023-05-11 14:58:47,rr2401,rr2401,3468.0,0.0,0.0,0.0,1,3464.0,3469.0,2,3461.0,3463.0,3469.0,3463.0,118.0,4089010.0,482
2023-05-11 14:58:51,rr2401,rr2401,3468.0,0.0,0.0,0.0,2,3465.0,3469.0,2,3461.0,3463.0,3469.0,3463.0,118.0,4089010.0,482
2023-05-11 14:59:50,rr2401,rr2401,3468.0,0.0,0.0,0.0,2,3465.0,3469.0,4,3461.0,3463.0,3469.0,3463.0,118.0,4089010.0,482
2023-05-11 14:59:59,rr2401,rr2401,3468.0,0.0,0.0,0.0,2,3465.0,3469.0,2,3461.0,3463.0,3469.0,3463.0,118.0,4089010.0,482
2023-05-11 15:01:09,rr2401,rr2401,3468.0,0.0,0.0,0.0,2,3465.0,3469.0,2,3461.0,3463.0,3469.0,3463.0,118.0,4089010.0,482
