time,symbol_id,symbol_name,last,trade_volume,trade_amount,open_interest_change,bv1,bp1,ap1,av1,yesterday_close,today_open,today_high,today_low,volume,amount,open_interest
2023-05-10 20:58:52,rr2404,rr2404,3490.0,0.0,0.0,0.0,1,3483.0,3500.0,2,3490.0,3484.0,0.0,0.0,0.0,0.0,45
2023-05-10 21:00:13,rr2404,rr2404,3490.0,0.0,0.0,0.0,1,3483.0,3499.0,2,3490.0,3484.0,0.0,0.0,0.0,0.0,45
2023-05-10 21:05:12,rr2404,rr2404,3490.0,0.0,0.0,0.0,1,3483.0,3500.0,2,3490.0,3484.0,0.0,0.0,0.0,0.0,45
2023-05-10 21:05:14,rr2404,rr2404,3490.0,0.0,0.0,0.0,1,3483.0,3499.0,2,3490.0,3484.0,0.0,0.0,0.0,0.0,45
2023-05-10 21:06:46,rr2404,rr2404,3490.0,0.0,0.0,0.0,1,3483.0,3498.0,1,3490.0,3484.0,0.0,0.0,0.0,0.0,45
2023-05-10 21:07:28,rr2404,rr2404,3490.0,0.0,0.0,0.0,2,3483.0,3498.0,1,3490.0,3484.0,0.0,0.0,0.0,0.0,45
2023-05-10 21:08:05,rr2404,rr2404,3490.0,0.0,0.0,0.0,2,3483.0,3497.0,2,3490.0,3484.0,0.0,0.0,0.0,0.0,45
2023-05-10 21:08:29,rr2404,rr2404,3490.0,0.0,0.0,0.0,1,3483.0,3497.0,2,3490.0,3484.0,0.0,0.0,0.0,0.0,45
2023-05-10 21:12:31,rr2404,rr2404,3490.0,0.0,0.0,0.0,1,3483.0,3496.0,1,3490.0,3484.0,0.0,0.0,0.0,0.0,45
2023-05-10 21:13:40,rr2404,rr2404,3490.0,0.0,0.0,0.0,1,3483.0,3495.0,2,3490.0,3484.0,0.0,0.0,0.0,0.0,45
2023-05-10 21:13:54,rr2404,rr2404,3490.0,0.0,0.0,0.0,1,3483.0,3494.0,1,3490.0,3484.0,0.0,0.0,0.0,0.0,45
2023-05-10 21:15:04,rr2404,rr2404,3490.0,0.0,0.0,0.0,1,3483.0,3493.0,2,3490.0,3484.0,0.0,0.0,0.0,0.0,45
2023-05-10 21:20:04,rr2404,rr2404,3490.0,0.0,0.0,0.0,1,3483.0,3494.0,1,3490.0,3484.0,0.0,0.0,0.0,0.0,45
2023-05-10 21:20:37,rr2404,rr2404,3490.0,0.0,0.0,0.0,1,3483.0,3493.0,2,3490.0,3484.0,0.0,0.0,0.0,0.0,45
2023-05-10 21:25:37,rr2404,rr2404,3490.0,0.0,0.0,0.0,1,3483.0,3494.0,1,3490.0,3484.0,0.0,0.0,0.0,0.0,45
2023-05-10 21:26:16,rr2404,rr2404,3490.0,0.0,0.0,0.0,1,3483.0,3493.0,2,3490.0,3484.0,0.0,0.0,0.0,0.0,45
2023-05-10 21:31:16,rr2404,rr2404,3490.0,0.0,0.0,0.0,1,3483.0,3494.0,1,3490.0,3484.0,0.0,0.0,0.0,0.0,45
2023-05-10 21:31:55,rr2404,rr2404,3490.0,0.0,0.0,0.0,1,3483.0,3493.0,2,3490.0,3484.0,0.0,0.0,0.0,0.0,45
2023-05-10 21:36:55,rr2404,rr2404,3490.0,0.0,0.0,0.0,1,3483.0,3494.0,1,3490.0,3484.0,0.0,0.0,0.0,0.0,45
2023-05-10 21:37:33,rr2404,rr2404,3490.0,0.0,0.0,0.0,1,3483.0,3493.0,2,3490.0,3484.0,0.0,0.0,0.0,0.0,45
2023-05-10 21:42:33,rr2404,rr2404,3490.0,0.0,0.0,0.0,1,3483.0,3494.0,1,3490.0,3484.0,0.0,0.0,0.0,0.0,45
2023-05-10 21:43:08,rr2404,rr2404,3490.0,0.0,0.0,0.0,1,3483.0,3493.0,2,3490.0,3484.0,0.0,0.0,0.0,0.0,45
2023-05-10 21:48:09,rr2404,rr2404,3490.0,0.0,0.0,0.0,1,3483.0,3494.0,1,3490.0,3484.0,0.0,0.0,0.0,0.0,45
2023-05-10 21:48:42,rr2404,rr2404,3490.0,0.0,0.0,0.0,1,3483.0,3493.0,2,3490.0,3484.0,0.0,0.0,0.0,0.0,45
2023-05-10 21:53:42,rr2404,rr2404,3490.0,0.0,0.0,0.0,1,3483.0,3494.0,1,3490.0,3484.0,0.0,0.0,0.0,0.0,45
2023-05-10 21:54:19,rr2404,rr2404,3490.0,0.0,0.0,0.0,1,3483.0,3493.0,2,3490.0,3484.0,0.0,0.0,0.0,0.0,45
2023-05-10 21:59:19,rr2404,rr2404,3490.0,0.0,0.0,0.0,1,3483.0,3494.0,1,3490.0,3484.0,0.0,0.0,0.0,0.0,45
2023-05-10 21:59:52,rr2404,rr2404,3490.0,0.0,0.0,0.0,1,3483.0,3493.0,2,3490.0,3484.0,0.0,0.0,0.0,0.0,45
2023-05-10 22:04:52,rr2404,rr2404,3490.0,0.0,0.0,0.0,1,3483.0,3494.0,1,3490.0,3484.0,0.0,0.0,0.0,0.0,45
2023-05-10 22:05:26,rr2404,rr2404,3490.0,0.0,0.0,0.0,1,3483.0,3493.0,2,3490.0,3484.0,0.0,0.0,0.0,0.0,45
2023-05-10 22:06:35,rr2404,rr2404,3490.0,0.0,0.0,0.0,1,3483.0,3492.0,1,3490.0,3484.0,0.0,0.0,0.0,0.0,45
2023-05-10 22:07:36,rr2404,rr2404,3490.0,0.0,0.0,0.0,1,3483.0,3491.0,2,3490.0,3484.0,0.0,0.0,0.0,0.0,45
2023-05-10 22:12:36,rr2404,rr2404,3490.0,0.0,0.0,0.0,1,3483.0,3492.0,1,3490.0,3484.0,0.0,0.0,0.0,0.0,45
2023-05-10 22:12:41,rr2404,rr2404,3490.0,0.0,0.0,0.0,1,3483.0,3497.0,1,3490.0,3484.0,0.0,0.0,0.0,0.0,45
2023-05-10 22:12:43,rr2404,rr2404,3490.0,0.0,0.0,0.0,1,3483.0,3496.0,1,3490.0,3484.0,0.0,0.0,0.0,0.0,45
2023-05-10 22:13:09,rr2404,rr2404,3490.0,0.0,0.0,0.0,1,3483.0,3495.0,2,3490.0,3484.0,0.0,0.0,0.0,0.0,45
2023-05-10 22:18:10,rr2404,rr2404,3490.0,0.0,0.0,0.0,1,3483.0,3496.0,1,3490.0,3484.0,0.0,0.0,0.0,0.0,45
2023-05-10 22:18:44,rr2404,rr2404,3490.0,0.0,0.0,0.0,1,3483.0,3495.0,2,3490.0,3484.0,0.0,0.0,0.0,0.0,45
2023-05-10 22:21:47,rr2404,rr2404,3490.0,0.0,0.0,0.0,1,3483.0,3494.0,1,3490.0,3484.0,0.0,0.0,0.0,0.0,45
2023-05-10 22:22:55,rr2404,rr2404,3490.0,0.0,0.0,0.0,1,3483.0,3493.0,2,3490.0,3484.0,0.0,0.0,0.0,0.0,45
2023-05-10 22:27:56,rr2404,rr2404,3490.0,0.0,0.0,0.0,1,3483.0,3494.0,1,3490.0,3484.0,0.0,0.0,0.0,0.0,45
2023-05-10 22:28:29,rr2404,rr2404,3490.0,0.0,0.0,0.0,1,3483.0,3493.0,2,3490.0,3484.0,0.0,0.0,0.0,0.0,45
2023-05-10 22:33:29,rr2404,rr2404,3490.0,0.0,0.0,0.0,1,3483.0,3494.0,1,3490.0,3484.0,0.0,0.0,0.0,0.0,45
2023-05-10 22:34:09,rr2404,rr2404,3490.0,0.0,0.0,0.0,1,3483.0,3493.0,2,3490.0,3484.0,0.0,0.0,0.0,0.0,45
2023-05-10 22:36:07,rr2404,rr2404,3490.0,0.0,0.0,0.0,1,3483.0,3492.0,1,3490.0,3484.0,0.0,0.0,0.0,0.0,45
2023-05-10 22:36:58,rr2404,rr2404,3490.0,0.0,0.0,0.0,1,3483.0,3491.0,2,3490.0,3484.0,0.0,0.0,0.0,0.0,45
2023-05-10 22:41:58,rr2404,rr2404,3490.0,0.0,0.0,0.0,1,3483.0,3492.0,1,3490.0,3484.0,0.0,0.0,0.0,0.0,45
2023-05-10 22:42:32,rr2404,rr2404,3490.0,0.0,0.0,0.0,1,3483.0,3491.0,2,3490.0,3484.0,0.0,0.0,0.0,0.0,45
2023-05-10 22:47:32,rr2404,rr2404,3490.0,0.0,0.0,0.0,1,3483.0,3492.0,1,3490.0,3484.0,0.0,0.0,0.0,0.0,45
2023-05-10 22:48:06,rr2404,rr2404,3490.0,0.0,0.0,0.0,1,3483.0,3491.0,2,3490.0,3484.0,0.0,0.0,0.0,0.0,45
2023-05-10 22:53:06,rr2404,rr2404,3490.0,0.0,0.0,0.0,1,3483.0,3492.0,1,3490.0,3484.0,0.0,0.0,0.0,0.0,45
2023-05-10 22:53:19,rr2404,rr2404,3490.0,0.0,0.0,0.0,1,3484.0,3492.0,1,3490.0,3484.0,0.0,0.0,0.0,0.0,45
2023-05-10 22:53:39,rr2404,rr2404,3490.0,0.0,0.0,0.0,1,3484.0,3491.0,2,3490.0,3484.0,0.0,0.0,0.0,0.0,45
2023-05-10 22:53:50,rr2404,rr2404,3490.0,0.0,0.0,0.0,2,3484.0,3491.0,2,3490.0,3484.0,0.0,0.0,0.0,0.0,45
2023-05-10 22:58:39,rr2404,rr2404,3490.0,0.0,0.0,0.0,2,3484.0,3492.0,1,3490.0,3484.0,0.0,0.0,0.0,0.0,45
2023-05-10 22:58:40,rr2404,rr2404,3490.0,0.0,0.0,0.0,2,3484.0,3494.0,1,3490.0,3484.0,0.0,0.0,0.0,0.0,45
2023-05-10 22:58:50,rr2404,rr2404,3484.0,1.0,34840.0,1.0,1,3484.0,3494.0,1,3490.0,3484.0,3484.0,3484.0,1.0,34840.0,46
2023-05-10 22:58:50,rr2404,rr2404,3484.0,0.0,0.0,0.0,2,3484.0,3494.0,1,3490.0,3484.0,3484.0,3484.0,1.0,34840.0,46
2023-05-10 22:58:51,rr2404,rr2404,3484.0,0.0,0.0,0.0,1,3484.0,3494.0,1,3490.0,3484.0,3484.0,3484.0,1.0,34840.0,46
2023-05-10 22:59:13,rr2404,rr2404,3484.0,0.0,0.0,0.0,1,3484.0,3493.0,2,3490.0,3484.0,3484.0,3484.0,1.0,34840.0,46
2023-05-10 22:59:43,rr2404,rr2404,3484.0,0.0,0.0,0.0,1,3484.0,3494.0,1,3490.0,3484.0,3484.0,3484.0,1.0,34840.0,46
2023-05-11 09:00:12,rr2404,rr2404,3484.0,0.0,0.0,0.0,1,3484.0,3493.0,2,3490.0,3484.0,3484.0,3484.0,1.0,34840.0,46
2023-05-11 09:02:25,rr2404,rr2404,3484.0,0.0,0.0,0.0,2,3484.0,3493.0,2,3490.0,3484.0,3484.0,3484.0,1.0,34840.0,46
2023-05-11 09:05:12,rr2404,rr2404,3484.0,0.0,0.0,0.0,2,3484.0,3494.0,1,3490.0,3484.0,3484.0,3484.0,1.0,34840.0,46
2023-05-11 09:05:31,rr2404,rr2404,3484.0,0.0,0.0,0.0,1,3484.0,3494.0,1,3490.0,3484.0,3484.0,3484.0,1.0,34840.0,46
2023-05-11 09:05:51,rr2404,rr2404,3484.0,0.0,0.0,0.0,1,3484.0,3493.0,2,3490.0,3484.0,3484.0,3484.0,1.0,34840.0,46
2023-05-11 09:08:05,rr2404,rr2404,3484.0,0.0,0.0,0.0,2,3484.0,3493.0,2,3490.0,3484.0,3484.0,3484.0,1.0,34840.0,46
2023-05-11 09:08:05,rr2404,rr2404,3484.0,0.0,0.0,0.0,1,3484.0,3493.0,2,3490.0,3484.0,3484.0,3484.0,1.0,34840.0,46
2023-05-11 09:08:53,rr2404,rr2404,3484.0,0.0,0.0,0.0,2,3484.0,3493.0,2,3490.0,3484.0,3484.0,3484.0,1.0,34840.0,46
2023-05-11 09:08:54,rr2404,rr2404,3484.0,0.0,0.0,0.0,1,3484.0,3493.0,2,3490.0,3484.0,3484.0,3484.0,1.0,34840.0,46
2023-05-11 09:09:05,rr2404,rr2404,3484.0,0.0,0.0,0.0,2,3484.0,3493.0,2,3490.0,3484.0,3484.0,3484.0,1.0,34840.0,46
2023-05-11 09:09:05,rr2404,rr2404,3484.0,0.0,0.0,0.0,1,3484.0,3493.0,2,3490.0,3484.0,3484.0,3484.0,1.0,34840.0,46
2023-05-11 09:10:51,rr2404,rr2404,3484.0,0.0,0.0,0.0,1,3484.0,3494.0,1,3490.0,3484.0,3484.0,3484.0,1.0,34840.0,46
2023-05-11 09:10:57,rr2404,rr2404,3484.0,0.0,0.0,0.0,2,3484.0,3494.0,1,3490.0,3484.0,3484.0,3484.0,1.0,34840.0,46
2023-05-11 09:10:58,rr2404,rr2404,3484.0,0.0,0.0,0.0,1,3484.0,3494.0,1,3490.0,3484.0,3484.0,3484.0,1.0,34840.0,46
2023-05-11 09:11:05,rr2404,rr2404,3484.0,0.0,0.0,0.0,2,3484.0,3494.0,1,3490.0,3484.0,3484.0,3484.0,1.0,34840.0,46
2023-05-11 09:11:05,rr2404,rr2404,3484.0,0.0,0.0,0.0,1,3484.0,3494.0,1,3490.0,3484.0,3484.0,3484.0,1.0,34840.0,46
2023-05-11 09:11:28,rr2404,rr2404,3484.0,0.0,0.0,0.0,2,3484.0,3494.0,1,3490.0,3484.0,3484.0,3484.0,1.0,34840.0,46
2023-05-11 09:11:29,rr2404,rr2404,3484.0,0.0,0.0,0.0,1,3484.0,3494.0,1,3490.0,3484.0,3484.0,3484.0,1.0,34840.0,46
2023-05-11 09:11:29,rr2404,rr2404,3484.0,0.0,0.0,0.0,1,3484.0,3493.0,2,3490.0,3484.0,3484.0,3484.0,1.0,34840.0,46
2023-05-11 09:11:32,rr2404,rr2404,3484.0,0.0,0.0,0.0,2,3484.0,3493.0,2,3490.0,3484.0,3484.0,3484.0,1.0,34840.0,46
2023-05-11 09:16:29,rr2404,rr2404,3484.0,0.0,0.0,0.0,2,3484.0,3497.0,1,3490.0,3484.0,3484.0,3484.0,1.0,34840.0,46
2023-05-11 09:17:08,rr2404,rr2404,3484.0,0.0,0.0,0.0,2,3484.0,3496.0,2,3490.0,3484.0,3484.0,3484.0,1.0,34840.0,46
2023-05-11 09:22:08,rr2404,rr2404,3484.0,0.0,0.0,0.0,2,3484.0,3497.0,1,3490.0,3484.0,3484.0,3484.0,1.0,34840.0,46
2023-05-11 09:22:41,rr2404,rr2404,3484.0,0.0,0.0,0.0,2,3484.0,3496.0,2,3490.0,3484.0,3484.0,3484.0,1.0,34840.0,46
2023-05-11 09:27:41,rr2404,rr2404,3484.0,0.0,0.0,0.0,2,3484.0,3497.0,1,3490.0,3484.0,3484.0,3484.0,1.0,34840.0,46
2023-05-11 09:28:15,rr2404,rr2404,3484.0,0.0,0.0,0.0,2,3484.0,3496.0,2,3490.0,3484.0,3484.0,3484.0,1.0,34840.0,46
2023-05-11 09:29:06,rr2404,rr2404,3484.0,0.0,0.0,0.0,2,3484.0,3494.0,1,3490.0,3484.0,3484.0,3484.0,1.0,34840.0,46
2023-05-11 09:29:28,rr2404,rr2404,3484.0,0.0,0.0,0.0,2,3484.0,3490.0,1,3490.0,3484.0,3484.0,3484.0,1.0,34840.0,46
2023-05-11 09:33:09,rr2404,rr2404,3484.0,0.0,0.0,0.0,2,3484.0,3490.0,3,3490.0,3484.0,3484.0,3484.0,1.0,34840.0,46
2023-05-11 09:38:09,rr2404,rr2404,3484.0,0.0,0.0,0.0,2,3484.0,3490.0,1,3490.0,3484.0,3484.0,3484.0,1.0,34840.0,46
2023-05-11 09:38:40,rr2404,rr2404,3484.0,0.0,0.0,0.0,2,3484.0,3489.0,2,3490.0,3484.0,3484.0,3484.0,1.0,34840.0,46
2023-05-11 09:41:11,rr2404,rr2404,3484.0,0.0,0.0,0.0,1,3485.0,3489.0,2,3490.0,3484.0,3484.0,3484.0,1.0,34840.0,46
2023-05-11 09:41:13,rr2404,rr2404,3484.0,0.0,0.0,0.0,1,3485.0,3490.0,1,3490.0,3484.0,3484.0,3484.0,1.0,34840.0,46
2023-05-11 09:41:14,rr2404,rr2404,3484.0,0.0,0.0,0.0,1,3484.0,3490.0,1,3490.0,3484.0,3484.0,3484.0,1.0,34840.0,46
2023-05-11 09:41:26,rr2404,rr2404,3484.0,0.0,0.0,0.0,1,3484.0,3489.0,2,3490.0,3484.0,3484.0,3484.0,1.0,34840.0,46
2023-05-11 09:41:27,rr2404,rr2404,3484.0,0.0,0.0,0.0,2,3484.0,3489.0,2,3490.0,3484.0,3484.0,3484.0,1.0,34840.0,46
2023-05-11 09:46:27,rr2404,rr2404,3484.0,0.0,0.0,0.0,2,3484.0,3490.0,1,3490.0,3484.0,3484.0,3484.0,1.0,34840.0,46
2023-05-11 09:47:07,rr2404,rr2404,3484.0,0.0,0.0,0.0,2,3484.0,3489.0,2,3490.0,3484.0,3484.0,3484.0,1.0,34840.0,46
2023-05-11 09:49:13,rr2404,rr2404,3484.0,0.0,0.0,0.0,1,3484.0,3489.0,2,3490.0,3484.0,3484.0,3484.0,1.0,34840.0,46
2023-05-11 09:51:07,rr2404,rr2404,3484.0,0.0,0.0,0.0,3,3484.0,3489.0,2,3490.0,3484.0,3484.0,3484.0,1.0,34840.0,46
2023-05-11 09:52:07,rr2404,rr2404,3484.0,0.0,0.0,0.0,3,3484.0,3490.0,1,3490.0,3484.0,3484.0,3484.0,1.0,34840.0,46
2023-05-11 09:52:47,rr2404,rr2404,3484.0,0.0,0.0,0.0,3,3484.0,3489.0,2,3490.0,3484.0,3484.0,3484.0,1.0,34840.0,46
2023-05-11 09:57:47,rr2404,rr2404,3484.0,0.0,0.0,0.0,3,3484.0,3490.0,1,3490.0,3484.0,3484.0,3484.0,1.0,34840.0,46
2023-05-11 09:57:47,rr2404,rr2404,3484.0,0.0,0.0,0.0,3,3484.0,3490.0,2,3490.0,3484.0,3484.0,3484.0,1.0,34840.0,46
2023-05-11 09:57:48,rr2404,rr2404,3484.0,0.0,0.0,0.0,3,3484.0,3489.0,2,3490.0,3484.0,3484.0,3484.0,1.0,34840.0,46
2023-05-11 09:58:02,rr2404,rr2404,3484.0,0.0,0.0,0.0,3,3484.0,3489.0,3,3490.0,3484.0,3484.0,3484.0,1.0,34840.0,46
2023-05-11 10:00:27,rr2404,rr2404,3484.0,0.0,0.0,0.0,3,3484.0,3489.0,2,3490.0,3484.0,3484.0,3484.0,1.0,34840.0,46
2023-05-11 10:02:02,rr2404,rr2404,3484.0,0.0,0.0,0.0,3,3484.0,3489.0,3,3490.0,3484.0,3484.0,3484.0,1.0,34840.0,46
2023-05-11 10:02:48,rr2404,rr2404,3484.0,0.0,0.0,0.0,3,3484.0,3489.0,1,3490.0,3484.0,3484.0,3484.0,1.0,34840.0,46
2023-05-11 10:03:22,rr2404,rr2404,3484.0,0.0,0.0,0.0,3,3484.0,3488.0,2,3490.0,3484.0,3484.0,3484.0,1.0,34840.0,46
2023-05-11 10:03:24,rr2404,rr2404,3484.0,0.0,0.0,0.0,3,3484.0,3490.0,1,3490.0,3484.0,3484.0,3484.0,1.0,34840.0,46
2023-05-11 10:03:31,rr2404,rr2404,3484.0,0.0,0.0,0.0,3,3484.0,3490.0,2,3490.0,3484.0,3484.0,3484.0,1.0,34840.0,46
2023-05-11 10:03:50,rr2404,rr2404,3484.0,0.0,0.0,0.0,3,3484.0,3489.0,1,3490.0,3484.0,3484.0,3484.0,1.0,34840.0,46
2023-05-11 10:04:03,rr2404,rr2404,3484.0,0.0,0.0,0.0,3,3484.0,3488.0,2,3490.0,3484.0,3484.0,3484.0,1.0,34840.0,46
2023-05-11 10:04:06,rr2404,rr2404,3484.0,0.0,0.0,0.0,3,3484.0,3489.0,1,3490.0,3484.0,3484.0,3484.0,1.0,34840.0,46
2023-05-11 10:04:45,rr2404,rr2404,3484.0,0.0,0.0,0.0,3,3484.0,3488.0,2,3490.0,3484.0,3484.0,3484.0,1.0,34840.0,46
2023-05-11 10:04:48,rr2404,rr2404,3484.0,0.0,0.0,0.0,3,3484.0,3489.0,1,3490.0,3484.0,3484.0,3484.0,1.0,34840.0,46
2023-05-11 10:05:28,rr2404,rr2404,3484.0,0.0,0.0,0.0,3,3484.0,3488.0,2,3490.0,3484.0,3484.0,3484.0,1.0,34840.0,46
2023-05-11 10:05:30,rr2404,rr2404,3484.0,0.0,0.0,0.0,3,3484.0,3489.0,1,3490.0,3484.0,3484.0,3484.0,1.0,34840.0,46
2023-05-11 10:05:47,rr2404,rr2404,3484.0,0.0,0.0,0.0,3,3484.0,3489.0,2,3490.0,3484.0,3484.0,3484.0,1.0,34840.0,46
2023-05-11 10:06:09,rr2404,rr2404,3484.0,0.0,0.0,0.0,3,3484.0,3488.0,2,3490.0,3484.0,3484.0,3484.0,1.0,34840.0,46
2023-05-11 10:06:12,rr2404,rr2404,3484.0,0.0,0.0,0.0,3,3484.0,3489.0,1,3490.0,3484.0,3484.0,3484.0,1.0,34840.0,46
2023-05-11 10:06:26,rr2404,rr2404,3484.0,0.0,0.0,0.0,3,3484.0,3489.0,2,3490.0,3484.0,3484.0,3484.0,1.0,34840.0,46
2023-05-11 10:06:42,rr2404,rr2404,3484.0,0.0,0.0,0.0,3,3484.0,3489.0,1,3490.0,3484.0,3484.0,3484.0,1.0,34840.0,46
2023-05-11 10:06:43,rr2404,rr2404,3484.0,0.0,0.0,0.0,3,3484.0,3489.0,2,3490.0,3484.0,3484.0,3484.0,1.0,34840.0,46
2023-05-11 10:06:51,rr2404,rr2404,3484.0,0.0,0.0,0.0,3,3484.0,3488.0,2,3490.0,3484.0,3484.0,3484.0,1.0,34840.0,46
2023-05-11 10:06:54,rr2404,rr2404,3484.0,0.0,0.0,0.0,3,3484.0,3489.0,1,3490.0,3484.0,3484.0,3484.0,1.0,34840.0,46
2023-05-11 10:06:59,rr2404,rr2404,3484.0,0.0,0.0,0.0,3,3484.0,3489.0,2,3490.0,3484.0,3484.0,3484.0,1.0,34840.0,46
2023-05-11 10:07:35,rr2404,rr2404,3484.0,0.0,0.0,0.0,3,3484.0,3488.0,2,3490.0,3484.0,3484.0,3484.0,1.0,34840.0,46
2023-05-11 10:07:37,rr2404,rr2404,3484.0,0.0,0.0,0.0,3,3484.0,3489.0,1,3490.0,3484.0,3484.0,3484.0,1.0,34840.0,46
2023-05-11 10:07:38,rr2404,rr2404,3484.0,0.0,0.0,0.0,3,3484.0,3489.0,2,3490.0,3484.0,3484.0,3484.0,1.0,34840.0,46
2023-05-11 10:08:04,rr2404,rr2404,3484.0,0.0,0.0,0.0,3,3484.0,3489.0,1,3490.0,3484.0,3484.0,3484.0,1.0,34840.0,46
2023-05-11 10:08:07,rr2404,rr2404,3484.0,0.0,0.0,0.0,3,3484.0,3489.0,2,3490.0,3484.0,3484.0,3484.0,1.0,34840.0,46
2023-05-11 10:08:08,rr2404,rr2404,3484.0,0.0,0.0,0.0,3,3484.0,3489.0,1,3490.0,3484.0,3484.0,3484.0,1.0,34840.0,46
2023-05-11 10:08:10,rr2404,rr2404,3484.0,0.0,0.0,0.0,3,3484.0,3489.0,2,3490.0,3484.0,3484.0,3484.0,1.0,34840.0,46
2023-05-11 10:08:15,rr2404,rr2404,3484.0,0.0,0.0,0.0,3,3484.0,3489.0,1,3490.0,3484.0,3484.0,3484.0,1.0,34840.0,46
2023-05-11 10:08:16,rr2404,rr2404,3484.0,0.0,0.0,0.0,3,3484.0,3488.0,2,3490.0,3484.0,3484.0,3484.0,1.0,34840.0,46
2023-05-11 10:08:18,rr2404,rr2404,3484.0,0.0,0.0,0.0,3,3484.0,3489.0,1,3490.0,3484.0,3484.0,3484.0,1.0,34840.0,46
2023-05-11 10:08:20,rr2404,rr2404,3484.0,0.0,0.0,0.0,3,3484.0,3489.0,2,3490.0,3484.0,3484.0,3484.0,1.0,34840.0,46
2023-05-11 10:08:22,rr2404,rr2404,3484.0,0.0,0.0,0.0,3,3484.0,3489.0,1,3490.0,3484.0,3484.0,3484.0,1.0,34840.0,46
2023-05-11 10:08:27,rr2404,rr2404,3484.0,0.0,0.0,0.0,3,3484.0,3489.0,2,3490.0,3484.0,3484.0,3484.0,1.0,34840.0,46
2023-05-11 10:08:30,rr2404,rr2404,3484.0,0.0,0.0,0.0,3,3484.0,3489.0,1,3490.0,3484.0,3484.0,3484.0,1.0,34840.0,46
2023-05-11 10:08:37,rr2404,rr2404,3484.0,0.0,0.0,0.0,3,3484.0,3489.0,2,3490.0,3484.0,3484.0,3484.0,1.0,34840.0,46
2023-05-11 10:08:40,rr2404,rr2404,3484.0,0.0,0.0,0.0,3,3484.0,3489.0,1,3490.0,3484.0,3484.0,3484.0,1.0,34840.0,46
2023-05-11 10:08:47,rr2404,rr2404,3484.0,0.0,0.0,0.0,3,3484.0,3489.0,2,3490.0,3484.0,3484.0,3484.0,1.0,34840.0,46
2023-05-11 10:08:47,rr2404,rr2404,3484.0,0.0,0.0,0.0,3,3484.0,3489.0,1,3490.0,3484.0,3484.0,3484.0,1.0,34840.0,46
2023-05-11 10:08:48,rr2404,rr2404,3484.0,0.0,0.0,0.0,3,3484.0,3489.0,2,3490.0,3484.0,3484.0,3484.0,1.0,34840.0,46
2023-05-11 10:08:51,rr2404,rr2404,3484.0,0.0,0.0,0.0,3,3484.0,3489.0,1,3490.0,3484.0,3484.0,3484.0,1.0,34840.0,46
2023-05-11 10:08:53,rr2404,rr2404,3484.0,0.0,0.0,0.0,3,3484.0,3489.0,2,3490.0,3484.0,3484.0,3484.0,1.0,34840.0,46
2023-05-11 10:08:54,rr2404,rr2404,3484.0,0.0,0.0,0.0,3,3484.0,3489.0,1,3490.0,3484.0,3484.0,3484.0,1.0,34840.0,46
2023-05-11 10:08:55,rr2404,rr2404,3484.0,0.0,0.0,0.0,3,3484.0,3489.0,2,3490.0,3484.0,3484.0,3484.0,1.0,34840.0,46
2023-05-11 10:08:58,rr2404,rr2404,3484.0,0.0,0.0,0.0,3,3484.0,3488.0,2,3490.0,3484.0,3484.0,3484.0,1.0,34840.0,46
2023-05-11 10:09:00,rr2404,rr2404,3484.0,0.0,0.0,0.0,3,3484.0,3489.0,1,3490.0,3484.0,3484.0,3484.0,1.0,34840.0,46
2023-05-11 10:09:17,rr2404,rr2404,3484.0,0.0,0.0,0.0,3,3484.0,3489.0,2,3490.0,3484.0,3484.0,3484.0,1.0,34840.0,46
2023-05-11 10:09:39,rr2404,rr2404,3484.0,0.0,0.0,0.0,3,3484.0,3488.0,2,3490.0,3484.0,3484.0,3484.0,1.0,34840.0,46
2023-05-11 10:09:42,rr2404,rr2404,3484.0,0.0,0.0,0.0,3,3484.0,3489.0,1,3490.0,3484.0,3484.0,3484.0,1.0,34840.0,46
2023-05-11 10:09:43,rr2404,rr2404,3484.0,0.0,0.0,0.0,3,3484.0,3489.0,2,3490.0,3484.0,3484.0,3484.0,1.0,34840.0,46
2023-05-11 10:10:21,rr2404,rr2404,3484.0,0.0,0.0,0.0,3,3484.0,3488.0,2,3490.0,3484.0,3484.0,3484.0,1.0,34840.0,46
2023-05-11 10:10:23,rr2404,rr2404,3484.0,0.0,0.0,0.0,3,3484.0,3489.0,1,3490.0,3484.0,3484.0,3484.0,1.0,34840.0,46
2023-05-11 10:10:34,rr2404,rr2404,3484.0,0.0,0.0,0.0,3,3484.0,3489.0,2,3490.0,3484.0,3484.0,3484.0,1.0,34840.0,46
2023-05-11 10:10:46,rr2404,rr2404,3484.0,0.0,0.0,0.0,3,3484.0,3489.0,1,3490.0,3484.0,3484.0,3484.0,1.0,34840.0,46
2023-05-11 10:10:52,rr2404,rr2404,3484.0,0.0,0.0,0.0,3,3484.0,3489.0,2,3490.0,3484.0,3484.0,3484.0,1.0,34840.0,46
2023-05-11 10:10:52,rr2404,rr2404,3484.0,0.0,0.0,0.0,3,3484.0,3489.0,1,3490.0,3484.0,3484.0,3484.0,1.0,34840.0,46
2023-05-11 10:10:58,rr2404,rr2404,3484.0,0.0,0.0,0.0,3,3484.0,3489.0,2,3490.0,3484.0,3484.0,3484.0,1.0,34840.0,46
2023-05-11 10:11:01,rr2404,rr2404,3484.0,0.0,0.0,0.0,3,3484.0,3489.0,1,3490.0,3484.0,3484.0,3484.0,1.0,34840.0,46
2023-05-11 10:11:03,rr2404,rr2404,3484.0,0.0,0.0,0.0,3,3484.0,3488.0,2,3490.0,3484.0,3484.0,3484.0,1.0,34840.0,46
2023-05-11 10:11:05,rr2404,rr2404,3484.0,0.0,0.0,0.0,3,3484.0,3489.0,1,3490.0,3484.0,3484.0,3484.0,1.0,34840.0,46
2023-05-11 10:11:08,rr2404,rr2404,3484.0,0.0,0.0,0.0,3,3484.0,3489.0,2,3490.0,3484.0,3484.0,3484.0,1.0,34840.0,46
2023-05-11 10:11:28,rr2404,rr2404,3484.0,0.0,0.0,0.0,3,3484.0,3489.0,1,3490.0,3484.0,3484.0,3484.0,1.0,34840.0,46
2023-05-11 10:11:30,rr2404,rr2404,3484.0,0.0,0.0,0.0,3,3484.0,3489.0,2,3490.0,3484.0,3484.0,3484.0,1.0,34840.0,46
2023-05-11 10:11:32,rr2404,rr2404,3484.0,0.0,0.0,0.0,3,3484.0,3489.0,1,3490.0,3484.0,3484.0,3484.0,1.0,34840.0,46
2023-05-11 10:11:44,rr2404,rr2404,3484.0,0.0,0.0,0.0,3,3484.0,3488.0,2,3490.0,3484.0,3484.0,3484.0,1.0,34840.0,46
2023-05-11 10:11:46,rr2404,rr2404,3484.0,0.0,0.0,0.0,3,3484.0,3489.0,1,3490.0,3484.0,3484.0,3484.0,1.0,34840.0,46
2023-05-11 10:12:23,rr2404,rr2404,3484.0,0.0,0.0,0.0,3,3484.0,3489.0,2,3490.0,3484.0,3484.0,3484.0,1.0,34840.0,46
2023-05-11 10:12:26,rr2404,rr2404,3484.0,0.0,0.0,0.0,3,3484.0,3488.0,2,3490.0,3484.0,3484.0,3484.0,1.0,34840.0,46
2023-05-11 10:12:28,rr2404,rr2404,3484.0,0.0,0.0,0.0,3,3484.0,3489.0,1,3490.0,3484.0,3484.0,3484.0,1.0,34840.0,46
2023-05-11 10:12:35,rr2404,rr2404,3484.0,0.0,0.0,0.0,3,3484.0,3489.0,2,3490.0,3484.0,3484.0,3484.0,1.0,34840.0,46
2023-05-11 10:12:44,rr2404,rr2404,3484.0,0.0,0.0,0.0,3,3484.0,3489.0,1,3490.0,3484.0,3484.0,3484.0,1.0,34840.0,46
2023-05-11 10:12:45,rr2404,rr2404,3484.0,0.0,0.0,0.0,3,3484.0,3489.0,2,3490.0,3484.0,3484.0,3484.0,1.0,34840.0,46
2023-05-11 10:13:07,rr2404,rr2404,3484.0,0.0,0.0,0.0,3,3484.0,3488.0,2,3490.0,3484.0,3484.0,3484.0,1.0,34840.0,46
2023-05-11 10:13:09,rr2404,rr2404,3484.0,0.0,0.0,0.0,3,3484.0,3489.0,1,3490.0,3484.0,3484.0,3484.0,1.0,34840.0,46
2023-05-11 10:13:09,rr2404,rr2404,3484.0,0.0,0.0,0.0,3,3484.0,3489.0,2,3490.0,3484.0,3484.0,3484.0,1.0,34840.0,46
2023-05-11 10:13:48,rr2404,rr2404,3484.0,0.0,0.0,0.0,3,3484.0,3488.0,2,3490.0,3484.0,3484.0,3484.0,1.0,34840.0,46
2023-05-11 10:13:51,rr2404,rr2404,3484.0,0.0,0.0,0.0,3,3484.0,3490.0,1,3490.0,3484.0,3484.0,3484.0,1.0,34840.0,46
2023-05-11 10:13:52,rr2404,rr2404,3484.0,0.0,0.0,0.0,3,3484.0,3490.0,2,3490.0,3484.0,3484.0,3484.0,1.0,34840.0,46
2023-05-11 10:14:30,rr2404,rr2404,3484.0,0.0,0.0,0.0,3,3484.0,3489.0,2,3490.0,3484.0,3484.0,3484.0,1.0,34840.0,46
2023-05-11 10:14:43,rr2404,rr2404,3484.0,0.0,0.0,0.0,3,3484.0,3489.0,3,3490.0,3484.0,3484.0,3484.0,1.0,34840.0,46
2023-05-11 10:14:52,rr2404,rr2404,3484.0,0.0,0.0,0.0,3,3484.0,3489.0,2,3490.0,3484.0,3484.0,3484.0,1.0,34840.0,46
2023-05-11 10:30:11,rr2404,rr2404,3484.0,0.0,0.0,0.0,3,3484.0,3490.0,1,3490.0,3484.0,3484.0,3484.0,1.0,34840.0,46
2023-05-11 10:30:12,rr2404,rr2404,3484.0,0.0,0.0,0.0,3,3484.0,3490.0,2,3490.0,3484.0,3484.0,3484.0,1.0,34840.0,46
2023-05-11 10:30:47,rr2404,rr2404,3484.0,0.0,0.0,0.0,3,3484.0,3489.0,2,3490.0,3484.0,3484.0,3484.0,1.0,34840.0,46
2023-05-11 10:31:45,rr2404,rr2404,3484.0,0.0,0.0,0.0,3,3484.0,3489.0,3,3490.0,3484.0,3484.0,3484.0,1.0,34840.0,46
2023-05-11 10:33:04,rr2404,rr2404,3484.0,0.0,0.0,0.0,3,3484.0,3489.0,2,3490.0,3484.0,3484.0,3484.0,1.0,34840.0,46
2023-05-11 10:33:15,rr2404,rr2404,3484.0,0.0,0.0,0.0,3,3484.0,3489.0,3,3490.0,3484.0,3484.0,3484.0,1.0,34840.0,46
2023-05-11 10:34:02,rr2404,rr2404,3484.0,0.0,0.0,0.0,3,3484.0,3489.0,2,3490.0,3484.0,3484.0,3484.0,1.0,34840.0,46
2023-05-11 10:34:15,rr2404,rr2404,3484.0,0.0,0.0,0.0,3,3484.0,3489.0,3,3490.0,3484.0,3484.0,3484.0,1.0,34840.0,46
2023-05-11 10:34:17,rr2404,rr2404,3484.0,0.0,0.0,0.0,3,3484.0,3489.0,2,3490.0,3484.0,3484.0,3484.0,1.0,34840.0,46
2023-05-11 10:34:22,rr2404,rr2404,3484.0,0.0,0.0,0.0,3,3484.0,3489.0,3,3490.0,3484.0,3484.0,3484.0,1.0,34840.0,46
2023-05-11 10:34:25,rr2404,rr2404,3484.0,0.0,0.0,0.0,3,3484.0,3489.0,2,3490.0,3484.0,3484.0,3484.0,1.0,34840.0,46
2023-05-11 10:34:28,rr2404,rr2404,3484.0,0.0,0.0,0.0,3,3484.0,3489.0,3,3490.0,3484.0,3484.0,3484.0,1.0,34840.0,46
2023-05-11 10:35:14,rr2404,rr2404,3484.0,0.0,0.0,0.0,3,3484.0,3489.0,2,3490.0,3484.0,3484.0,3484.0,1.0,34840.0,46
2023-05-11 10:35:24,rr2404,rr2404,3484.0,0.0,0.0,0.0,3,3484.0,3489.0,3,3490.0,3484.0,3484.0,3484.0,1.0,34840.0,46
2023-05-11 10:35:48,rr2404,rr2404,3484.0,0.0,0.0,0.0,3,3484.0,3489.0,1,3490.0,3484.0,3484.0,3484.0,1.0,34840.0,46
2023-05-11 10:36:19,rr2404,rr2404,3484.0,0.0,0.0,0.0,3,3484.0,3488.0,2,3490.0,3484.0,3484.0,3484.0,1.0,34840.0,46
2023-05-11 10:36:21,rr2404,rr2404,3484.0,0.0,0.0,0.0,3,3484.0,3490.0,1,3490.0,3484.0,3484.0,3484.0,1.0,34840.0,46
2023-05-11 10:36:54,rr2404,rr2404,3484.0,0.0,0.0,0.0,3,3484.0,3490.0,2,3490.0,3484.0,3484.0,3484.0,1.0,34840.0,46
2023-05-11 10:37:01,rr2404,rr2404,3484.0,0.0,0.0,0.0,3,3484.0,3489.0,2,3490.0,3484.0,3484.0,3484.0,1.0,34840.0,46
2023-05-11 10:37:13,rr2404,rr2404,3484.0,0.0,0.0,0.0,3,3484.0,3489.0,3,3490.0,3484.0,3484.0,3484.0,1.0,34840.0,46
2023-05-11 10:37:16,rr2404,rr2404,3484.0,0.0,0.0,0.0,3,3484.0,3489.0,2,3490.0,3484.0,3484.0,3484.0,1.0,34840.0,46
2023-05-11 10:37:28,rr2404,rr2404,3484.0,0.0,0.0,0.0,3,3484.0,3489.0,3,3490.0,3484.0,3484.0,3484.0,1.0,34840.0,46
2023-05-11 10:39:53,rr2404,rr2404,3484.0,0.0,0.0,0.0,3,3484.0,3489.0,2,3490.0,3484.0,3484.0,3484.0,1.0,34840.0,46
2023-05-11 10:42:02,rr2404,rr2404,3484.0,0.0,0.0,0.0,3,3484.0,3490.0,1,3490.0,3484.0,3484.0,3484.0,1.0,34840.0,46
2023-05-11 10:42:02,rr2404,rr2404,3484.0,0.0,0.0,0.0,3,3484.0,3490.0,2,3490.0,3484.0,3484.0,3484.0,1.0,34840.0,46
2023-05-11 10:42:41,rr2404,rr2404,3484.0,0.0,0.0,0.0,3,3484.0,3489.0,2,3490.0,3484.0,3484.0,3484.0,1.0,34840.0,46
2023-05-11 10:42:57,rr2404,rr2404,3484.0,0.0,0.0,0.0,1,3485.0,3489.0,2,3490.0,3484.0,3484.0,3484.0,1.0,34840.0,46
2023-05-11 10:42:58,rr2404,rr2404,3484.0,0.0,0.0,0.0,1,3485.0,3490.0,1,3490.0,3484.0,3484.0,3484.0,1.0,34840.0,46
2023-05-11 10:42:59,rr2404,rr2404,3484.0,0.0,0.0,0.0,1,3485.0,3490.0,2,3490.0,3484.0,3484.0,3484.0,1.0,34840.0,46
2023-05-11 10:43:00,rr2404,rr2404,3484.0,0.0,0.0,0.0,3,3484.0,3490.0,2,3490.0,3484.0,3484.0,3484.0,1.0,34840.0,46
2023-05-11 10:43:22,rr2404,rr2404,3484.0,0.0,0.0,0.0,3,3484.0,3489.0,2,3490.0,3484.0,3484.0,3484.0,1.0,34840.0,46
2023-05-11 10:48:22,rr2404,rr2404,3484.0,0.0,0.0,0.0,3,3484.0,3490.0,1,3490.0,3484.0,3484.0,3484.0,1.0,34840.0,46
2023-05-11 10:48:23,rr2404,rr2404,3484.0,0.0,0.0,0.0,3,3484.0,3490.0,2,3490.0,3484.0,3484.0,3484.0,1.0,34840.0,46
2023-05-11 10:48:57,rr2404,rr2404,3484.0,0.0,0.0,0.0,3,3484.0,3489.0,2,3490.0,3484.0,3484.0,3484.0,1.0,34840.0,46
2023-05-11 10:49:55,rr2404,rr2404,3484.0,0.0,0.0,0.0,3,3484.0,3489.0,3,3490.0,3484.0,3484.0,3484.0,1.0,34840.0,46
2023-05-11 10:53:58,rr2404,rr2404,3484.0,0.0,0.0,0.0,3,3484.0,3489.0,1,3490.0,3484.0,3484.0,3484.0,1.0,34840.0,46
2023-05-11 10:54:38,rr2404,rr2404,3484.0,0.0,0.0,0.0,3,3484.0,3488.0,2,3490.0,3484.0,3484.0,3484.0,1.0,34840.0,46
2023-05-11 10:54:40,rr2404,rr2404,3484.0,0.0,0.0,0.0,3,3484.0,3490.0,1,3490.0,3484.0,3484.0,3484.0,1.0,34840.0,46
2023-05-11 10:54:53,rr2404,rr2404,3484.0,0.0,0.0,0.0,3,3484.0,3490.0,2,3490.0,3484.0,3484.0,3484.0,1.0,34840.0,46
2023-05-11 10:55:19,rr2404,rr2404,3484.0,0.0,0.0,0.0,3,3484.0,3489.0,2,3490.0,3484.0,3484.0,3484.0,1.0,34840.0,46
2023-05-11 10:56:29,rr2404,rr2404,3489.0,1.0,34890.0,0.0,3,3484.0,3489.0,1,3490.0,3484.0,3489.0,3484.0,2.0,69730.0,46
2023-05-11 11:00:19,rr2404,rr2404,3489.0,0.0,0.0,0.0,3,3484.0,3490.0,1,3490.0,3484.0,3489.0,3484.0,2.0,69730.0,46
2023-05-11 11:00:20,rr2404,rr2404,3489.0,0.0,0.0,0.0,3,3484.0,3490.0,2,3490.0,3484.0,3489.0,3484.0,2.0,69730.0,46
2023-05-11 11:00:53,rr2404,rr2404,3489.0,0.0,0.0,0.0,3,3484.0,3489.0,1,3490.0,3484.0,3489.0,3484.0,2.0,69730.0,46
2023-05-11 11:01:06,rr2404,rr2404,3489.0,0.0,0.0,0.0,3,3484.0,3489.0,2,3490.0,3484.0,3489.0,3484.0,2.0,69730.0,46
2023-05-11 11:05:53,rr2404,rr2404,3489.0,0.0,0.0,0.0,3,3484.0,3489.0,1,3490.0,3484.0,3489.0,3484.0,2.0,69730.0,46
2023-05-11 11:06:25,rr2404,rr2404,3489.0,0.0,0.0,0.0,3,3484.0,3488.0,1,3490.0,3484.0,3489.0,3484.0,2.0,69730.0,46
2023-05-11 11:06:28,rr2404,rr2404,3489.0,0.0,0.0,0.0,3,3484.0,3490.0,1,3490.0,3484.0,3489.0,3484.0,2.0,69730.0,46
2023-05-11 11:06:48,rr2404,rr2404,3489.0,0.0,0.0,0.0,3,3484.0,3490.0,2,3490.0,3484.0,3489.0,3484.0,2.0,69730.0,46
2023-05-11 11:07:07,rr2404,rr2404,3489.0,0.0,0.0,0.0,3,3484.0,3489.0,1,3490.0,3484.0,3489.0,3484.0,2.0,69730.0,46
2023-05-11 11:07:25,rr2404,rr2404,3489.0,0.0,0.0,0.0,3,3484.0,3489.0,2,3490.0,3484.0,3489.0,3484.0,2.0,69730.0,46
2023-05-11 11:08:02,rr2404,rr2404,3489.0,0.0,0.0,0.0,3,3484.0,3489.0,1,3490.0,3484.0,3489.0,3484.0,2.0,69730.0,46
2023-05-11 11:12:07,rr2404,rr2404,3489.0,0.0,0.0,0.0,3,3484.0,3490.0,1,3490.0,3484.0,3489.0,3484.0,2.0,69730.0,46
2023-05-11 11:12:08,rr2404,rr2404,3489.0,0.0,0.0,0.0,3,3484.0,3490.0,2,3490.0,3484.0,3489.0,3484.0,2.0,69730.0,46
2023-05-11 11:12:41,rr2404,rr2404,3489.0,0.0,0.0,0.0,3,3484.0,3489.0,1,3490.0,3484.0,3489.0,3484.0,2.0,69730.0,46
2023-05-11 11:16:35,rr2404,rr2404,3489.0,0.0,0.0,0.0,3,3484.0,3489.0,2,3490.0,3484.0,3489.0,3484.0,2.0,69730.0,46
2023-05-11 11:16:35,rr2404,rr2404,3489.0,0.0,0.0,0.0,3,3484.0,3489.0,1,3490.0,3484.0,3489.0,3484.0,2.0,69730.0,46
2023-05-11 11:17:41,rr2404,rr2404,3489.0,0.0,0.0,0.0,3,3484.0,3490.0,1,3490.0,3484.0,3489.0,3484.0,2.0,69730.0,46
2023-05-11 11:17:41,rr2404,rr2404,3489.0,0.0,0.0,0.0,3,3484.0,3490.0,2,3490.0,3484.0,3489.0,3484.0,2.0,69730.0,46
2023-05-11 11:18:18,rr2404,rr2404,3489.0,0.0,0.0,0.0,3,3484.0,3489.0,1,3490.0,3484.0,3489.0,3484.0,2.0,69730.0,46
2023-05-11 11:19:07,rr2404,rr2404,3489.0,0.0,0.0,0.0,3,3484.0,3489.0,2,3490.0,3484.0,3489.0,3484.0,2.0,69730.0,46
2023-05-11 11:19:08,rr2404,rr2404,3489.0,0.0,0.0,0.0,3,3484.0,3489.0,1,3490.0,3484.0,3489.0,3484.0,2.0,69730.0,46
2023-05-11 11:19:19,rr2404,rr2404,3489.0,0.0,0.0,0.0,1,3486.0,3489.0,1,3490.0,3484.0,3489.0,3484.0,2.0,69730.0,46
2023-05-11 11:19:20,rr2404,rr2404,3489.0,0.0,0.0,0.0,1,3486.0,3490.0,1,3490.0,3484.0,3489.0,3484.0,2.0,69730.0,46
2023-05-11 11:19:21,rr2404,rr2404,3489.0,0.0,0.0,0.0,1,3486.0,3490.0,2,3490.0,3484.0,3489.0,3484.0,2.0,69730.0,46
2023-05-11 11:23:18,rr2404,rr2404,3489.0,0.0,0.0,0.0,1,3486.0,3490.0,1,3490.0,3484.0,3489.0,3484.0,2.0,69730.0,46
2023-05-11 11:23:37,rr2404,rr2404,3489.0,0.0,0.0,0.0,1,3486.0,3490.0,2,3490.0,3484.0,3489.0,3484.0,2.0,69730.0,46
2023-05-11 11:23:38,rr2404,rr2404,3489.0,0.0,0.0,0.0,1,3486.0,3490.0,1,3490.0,3484.0,3489.0,3484.0,2.0,69730.0,46
2023-05-11 11:28:15,rr2404,rr2404,3489.0,0.0,0.0,0.0,1,3486.0,3490.0,2,3490.0,3484.0,3489.0,3484.0,2.0,69730.0,46
2023-05-11 11:28:16,rr2404,rr2404,3489.0,0.0,0.0,0.0,1,3486.0,3490.0,1,3490.0,3484.0,3489.0,3484.0,2.0,69730.0,46
2023-05-11 11:28:40,rr2404,rr2404,3489.0,0.0,0.0,0.0,1,3486.0,3490.0,2,3490.0,3484.0,3489.0,3484.0,2.0,69730.0,46
2023-05-11 11:28:41,rr2404,rr2404,3489.0,0.0,0.0,0.0,1,3486.0,3490.0,1,3490.0,3484.0,3489.0,3484.0,2.0,69730.0,46
2023-05-11 11:28:59,rr2404,rr2404,3489.0,0.0,0.0,0.0,1,3486.0,3494.0,1,3490.0,3484.0,3489.0,3484.0,2.0,69730.0,46
2023-05-11 11:29:00,rr2404,rr2404,3489.0,0.0,0.0,0.0,1,3486.0,3494.0,2,3490.0,3484.0,3489.0,3484.0,2.0,69730.0,46
2023-05-11 11:29:03,rr2404,rr2404,3489.0,0.0,0.0,0.0,1,3486.0,3494.0,1,3490.0,3484.0,3489.0,3484.0,2.0,69730.0,46
2023-05-11 11:29:24,rr2404,rr2404,3489.0,0.0,0.0,0.0,1,3486.0,3493.0,1,3490.0,3484.0,3489.0,3484.0,2.0,69730.0,46
2023-05-11 11:29:33,rr2404,rr2404,3489.0,0.0,0.0,0.0,1,3486.0,3493.0,2,3490.0,3484.0,3489.0,3484.0,2.0,69730.0,46
2023-05-11 11:29:42,rr2404,rr2404,3489.0,0.0,0.0,0.0,1,3486.0,3493.0,1,3490.0,3484.0,3489.0,3484.0,2.0,69730.0,46
2023-05-11 11:29:58,rr2404,rr2404,3486.0,1.0,34860.0,0.0,3,3484.0,3486.0,1,3490.0,3484.0,3489.0,3484.0,3.0,104590.0,46
2023-05-11 13:30:00,rr2404,rr2404,3486.0,1.0,34860.0,1.0,3,3484.0,3497.0,1,3490.0,3484.0,3489.0,3484.0,4.0,139450.0,47
2023-05-11 13:30:01,rr2404,rr2404,3486.0,0.0,0.0,0.0,3,3484.0,3497.0,2,3490.0,3484.0,3489.0,3484.0,4.0,139450.0,47
2023-05-11 13:30:05,rr2404,rr2404,3486.0,0.0,0.0,0.0,3,3484.0,3496.0,2,3490.0,3484.0,3489.0,3484.0,4.0,139450.0,47
2023-05-11 13:30:07,rr2404,rr2404,3486.0,0.0,0.0,0.0,3,3484.0,3496.0,3,3490.0,3484.0,3489.0,3484.0,4.0,139450.0,47
2023-05-11 13:30:11,rr2404,rr2404,3486.0,0.0,0.0,0.0,3,3484.0,3495.0,1,3490.0,3484.0,3489.0,3484.0,4.0,139450.0,47
2023-05-11 13:30:12,rr2404,rr2404,3486.0,0.0,0.0,0.0,3,3484.0,3495.0,3,3490.0,3484.0,3489.0,3484.0,4.0,139450.0,47
2023-05-11 13:30:14,rr2404,rr2404,3486.0,0.0,0.0,0.0,3,3484.0,3495.0,4,3490.0,3484.0,3489.0,3484.0,4.0,139450.0,47
2023-05-11 13:30:17,rr2404,rr2404,3486.0,0.0,0.0,0.0,3,3484.0,3494.0,2,3490.0,3484.0,3489.0,3484.0,4.0,139450.0,47
2023-05-11 13:30:20,rr2404,rr2404,3486.0,0.0,0.0,0.0,3,3484.0,3494.0,3,3490.0,3484.0,3489.0,3484.0,4.0,139450.0,47
2023-05-11 13:30:56,rr2404,rr2404,3486.0,0.0,0.0,0.0,3,3484.0,3493.0,1,3490.0,3484.0,3489.0,3484.0,4.0,139450.0,47
2023-05-11 13:31:08,rr2404,rr2404,3486.0,0.0,0.0,0.0,3,3484.0,3493.0,2,3490.0,3484.0,3489.0,3484.0,4.0,139450.0,47
2023-05-11 13:32:48,rr2404,rr2404,3486.0,0.0,0.0,0.0,3,3484.0,3492.0,1,3490.0,3484.0,3489.0,3484.0,4.0,139450.0,47
2023-05-11 13:33:12,rr2404,rr2404,3486.0,0.0,0.0,0.0,3,3484.0,3492.0,2,3490.0,3484.0,3489.0,3484.0,4.0,139450.0,47
2023-05-11 13:33:41,rr2404,rr2404,3486.0,0.0,0.0,0.0,3,3484.0,3491.0,1,3490.0,3484.0,3489.0,3484.0,4.0,139450.0,47
2023-05-11 13:33:47,rr2404,rr2404,3486.0,0.0,0.0,0.0,3,3484.0,3491.0,2,3490.0,3484.0,3489.0,3484.0,4.0,139450.0,47
2023-05-11 13:38:42,rr2404,rr2404,3486.0,0.0,0.0,0.0,3,3484.0,3491.0,1,3490.0,3484.0,3489.0,3484.0,4.0,139450.0,47
2023-05-11 13:39:13,rr2404,rr2404,3486.0,0.0,0.0,0.0,3,3484.0,3490.0,1,3490.0,3484.0,3489.0,3484.0,4.0,139450.0,47
2023-05-11 13:39:18,rr2404,rr2404,3486.0,0.0,0.0,0.0,3,3484.0,3490.0,2,3490.0,3484.0,3489.0,3484.0,4.0,139450.0,47
2023-05-11 13:44:14,rr2404,rr2404,3486.0,0.0,0.0,0.0,3,3484.0,3490.0,1,3490.0,3484.0,3489.0,3484.0,4.0,139450.0,47
2023-05-11 13:44:44,rr2404,rr2404,3486.0,0.0,0.0,0.0,3,3484.0,3489.0,1,3490.0,3484.0,3489.0,3484.0,4.0,139450.0,47
2023-05-11 13:49:45,rr2404,rr2404,3486.0,0.0,0.0,0.0,3,3484.0,3497.0,1,3490.0,3484.0,3489.0,3484.0,4.0,139450.0,47
2023-05-11 13:49:45,rr2404,rr2404,3486.0,0.0,0.0,0.0,3,3484.0,3497.0,2,3490.0,3484.0,3489.0,3484.0,4.0,139450.0,47
2023-05-11 13:50:17,rr2404,rr2404,3486.0,0.0,0.0,0.0,3,3484.0,3496.0,1,3490.0,3484.0,3489.0,3484.0,4.0,139450.0,47
2023-05-11 13:50:24,rr2404,rr2404,3486.0,0.0,0.0,0.0,3,3484.0,3496.0,2,3490.0,3484.0,3489.0,3484.0,4.0,139450.0,47
2023-05-11 13:52:22,rr2404,rr2404,3486.0,0.0,0.0,0.0,3,3484.0,3494.0,1,3490.0,3484.0,3489.0,3484.0,4.0,139450.0,47
2023-05-11 13:52:31,rr2404,rr2404,3486.0,0.0,0.0,0.0,3,3484.0,3494.0,2,3490.0,3484.0,3489.0,3484.0,4.0,139450.0,47
2023-05-11 13:53:06,rr2404,rr2404,3486.0,0.0,0.0,0.0,3,3484.0,3493.0,1,3490.0,3484.0,3489.0,3484.0,4.0,139450.0,47
2023-05-11 13:53:08,rr2404,rr2404,3486.0,0.0,0.0,0.0,3,3484.0,3493.0,2,3490.0,3484.0,3489.0,3484.0,4.0,139450.0,47
2023-05-11 13:57:53,rr2404,rr2404,3486.0,0.0,0.0,0.0,2,3485.0,3493.0,2,3490.0,3484.0,3489.0,3484.0,4.0,139450.0,47
2023-05-11 13:57:58,rr2404,rr2404,3486.0,0.0,0.0,0.0,3,3484.0,3493.0,2,3490.0,3484.0,3489.0,3484.0,4.0,139450.0,47
2023-05-11 13:58:07,rr2404,rr2404,3486.0,0.0,0.0,0.0,3,3484.0,3493.0,1,3490.0,3484.0,3489.0,3484.0,4.0,139450.0,47
2023-05-11 13:58:41,rr2404,rr2404,3486.0,0.0,0.0,0.0,3,3484.0,3492.0,1,3490.0,3484.0,3489.0,3484.0,4.0,139450.0,47
2023-05-11 13:58:51,rr2404,rr2404,3486.0,0.0,0.0,0.0,3,3484.0,3492.0,2,3490.0,3484.0,3489.0,3484.0,4.0,139450.0,47
2023-05-11 14:03:42,rr2404,rr2404,3486.0,0.0,0.0,0.0,3,3484.0,3492.0,1,3490.0,3484.0,3489.0,3484.0,4.0,139450.0,47
2023-05-11 14:04:12,rr2404,rr2404,3486.0,0.0,0.0,0.0,3,3484.0,3491.0,1,3490.0,3484.0,3489.0,3484.0,4.0,139450.0,47
2023-05-11 14:04:15,rr2404,rr2404,3486.0,0.0,0.0,0.0,3,3484.0,3491.0,2,3490.0,3484.0,3489.0,3484.0,4.0,139450.0,47
2023-05-11 14:05:01,rr2404,rr2404,3486.0,0.0,0.0,0.0,3,3484.0,3491.0,1,3490.0,3484.0,3489.0,3484.0,4.0,139450.0,47
2023-05-11 14:05:19,rr2404,rr2404,3486.0,0.0,0.0,0.0,3,3484.0,3491.0,2,3490.0,3484.0,3489.0,3484.0,4.0,139450.0,47
2023-05-11 14:05:20,rr2404,rr2404,3486.0,0.0,0.0,0.0,3,3484.0,3491.0,1,3490.0,3484.0,3489.0,3484.0,4.0,139450.0,47
2023-05-11 14:05:20,rr2404,rr2404,3486.0,0.0,0.0,0.0,3,3484.0,3491.0,2,3490.0,3484.0,3489.0,3484.0,4.0,139450.0,47
2023-05-11 14:05:21,rr2404,rr2404,3486.0,0.0,0.0,0.0,3,3484.0,3491.0,1,3490.0,3484.0,3489.0,3484.0,4.0,139450.0,47
2023-05-11 14:05:34,rr2404,rr2404,3486.0,0.0,0.0,0.0,3,3484.0,3491.0,2,3490.0,3484.0,3489.0,3484.0,4.0,139450.0,47
2023-05-11 14:05:34,rr2404,rr2404,3486.0,0.0,0.0,0.0,3,3484.0,3491.0,1,3490.0,3484.0,3489.0,3484.0,4.0,139450.0,47
2023-05-11 14:05:49,rr2404,rr2404,3486.0,0.0,0.0,0.0,3,3484.0,3491.0,2,3490.0,3484.0,3489.0,3484.0,4.0,139450.0,47
2023-05-11 14:05:49,rr2404,rr2404,3486.0,0.0,0.0,0.0,3,3484.0,3491.0,1,3490.0,3484.0,3489.0,3484.0,4.0,139450.0,47
2023-05-11 14:06:33,rr2404,rr2404,3486.0,0.0,0.0,0.0,3,3484.0,3491.0,2,3490.0,3484.0,3489.0,3484.0,4.0,139450.0,47
2023-05-11 14:06:33,rr2404,rr2404,3486.0,0.0,0.0,0.0,3,3484.0,3491.0,1,3490.0,3484.0,3489.0,3484.0,4.0,139450.0,47
2023-05-11 14:06:34,rr2404,rr2404,3486.0,0.0,0.0,0.0,3,3484.0,3491.0,2,3490.0,3484.0,3489.0,3484.0,4.0,139450.0,47
2023-05-11 14:06:34,rr2404,rr2404,3486.0,0.0,0.0,0.0,3,3484.0,3491.0,1,3490.0,3484.0,3489.0,3484.0,4.0,139450.0,47
2023-05-11 14:07:20,rr2404,rr2404,3486.0,0.0,0.0,0.0,3,3484.0,3491.0,2,3490.0,3484.0,3489.0,3484.0,4.0,139450.0,47
2023-05-11 14:07:20,rr2404,rr2404,3486.0,0.0,0.0,0.0,3,3484.0,3491.0,1,3490.0,3484.0,3489.0,3484.0,4.0,139450.0,47
2023-05-11 14:07:35,rr2404,rr2404,3486.0,0.0,0.0,0.0,3,3484.0,3491.0,2,3490.0,3484.0,3489.0,3484.0,4.0,139450.0,47
2023-05-11 14:07:35,rr2404,rr2404,3486.0,0.0,0.0,0.0,3,3484.0,3491.0,1,3490.0,3484.0,3489.0,3484.0,4.0,139450.0,47
2023-05-11 14:08:04,rr2404,rr2404,3486.0,0.0,0.0,0.0,3,3484.0,3491.0,2,3490.0,3484.0,3489.0,3484.0,4.0,139450.0,47
2023-05-11 14:08:24,rr2404,rr2404,3486.0,0.0,0.0,0.0,3,3484.0,3491.0,1,3490.0,3484.0,3489.0,3484.0,4.0,139450.0,47
2023-05-11 14:08:26,rr2404,rr2404,3486.0,0.0,0.0,0.0,3,3484.0,3491.0,2,3490.0,3484.0,3489.0,3484.0,4.0,139450.0,47
2023-05-11 14:08:26,rr2404,rr2404,3486.0,0.0,0.0,0.0,3,3484.0,3491.0,1,3490.0,3484.0,3489.0,3484.0,4.0,139450.0,47
2023-05-11 14:08:52,rr2404,rr2404,3486.0,0.0,0.0,0.0,3,3484.0,3491.0,2,3490.0,3484.0,3489.0,3484.0,4.0,139450.0,47
2023-05-11 14:08:56,rr2404,rr2404,3486.0,0.0,0.0,0.0,2,3485.0,3491.0,2,3490.0,3484.0,3489.0,3484.0,4.0,139450.0,47
2023-05-11 14:09:07,rr2404,rr2404,3486.0,0.0,0.0,0.0,3,3484.0,3491.0,2,3490.0,3484.0,3489.0,3484.0,4.0,139450.0,47
2023-05-11 14:09:08,rr2404,rr2404,3486.0,0.0,0.0,0.0,1,3485.0,3491.0,2,3490.0,3484.0,3489.0,3484.0,4.0,139450.0,47
2023-05-11 14:09:13,rr2404,rr2404,3486.0,0.0,0.0,0.0,1,3485.0,3491.0,1,3490.0,3484.0,3489.0,3484.0,4.0,139450.0,47
2023-05-11 14:09:46,rr2404,rr2404,3486.0,0.0,0.0,0.0,1,3485.0,3490.0,1,3490.0,3484.0,3489.0,3484.0,4.0,139450.0,47
2023-05-11 14:10:03,rr2404,rr2404,3486.0,0.0,0.0,0.0,1,3485.0,3490.0,2,3490.0,3484.0,3489.0,3484.0,4.0,139450.0,47
2023-05-11 14:10:05,rr2404,rr2404,3486.0,0.0,0.0,0.0,1,3485.0,3490.0,1,3490.0,3484.0,3489.0,3484.0,4.0,139450.0,47
2023-05-11 14:11:18,rr2404,rr2404,3486.0,0.0,0.0,0.0,1,3485.0,3490.0,2,3490.0,3484.0,3489.0,3484.0,4.0,139450.0,47
2023-05-11 14:11:19,rr2404,rr2404,3486.0,0.0,0.0,0.0,1,3485.0,3490.0,1,3490.0,3484.0,3489.0,3484.0,4.0,139450.0,47
2023-05-11 14:12:30,rr2404,rr2404,3485.0,1.0,34850.0,1.0,3,3484.0,3490.0,1,3490.0,3484.0,3489.0,3484.0,5.0,174300.0,48
2023-05-11 14:13:07,rr2404,rr2404,3485.0,0.0,0.0,0.0,1,3485.0,3490.0,1,3490.0,3484.0,3489.0,3484.0,5.0,174300.0,48
2023-05-11 14:14:47,rr2404,rr2404,3485.0,0.0,0.0,0.0,1,3485.0,3494.0,1,3490.0,3484.0,3489.0,3484.0,5.0,174300.0,48
2023-05-11 14:14:47,rr2404,rr2404,3485.0,0.0,0.0,0.0,1,3485.0,3494.0,2,3490.0,3484.0,3489.0,3484.0,5.0,174300.0,48
2023-05-11 14:15:20,rr2404,rr2404,3485.0,0.0,0.0,0.0,1,3485.0,3493.0,1,3490.0,3484.0,3489.0,3484.0,5.0,174300.0,48
2023-05-11 14:15:26,rr2404,rr2404,3485.0,0.0,0.0,0.0,1,3485.0,3493.0,2,3490.0,3484.0,3489.0,3484.0,5.0,174300.0,48
2023-05-11 14:16:20,rr2404,rr2404,3485.0,0.0,0.0,0.0,1,3485.0,3492.0,2,3490.0,3484.0,3489.0,3484.0,5.0,174300.0,48
2023-05-11 14:16:23,rr2404,rr2404,3485.0,0.0,0.0,0.0,1,3485.0,3492.0,3,3490.0,3484.0,3489.0,3484.0,5.0,174300.0,48
2023-05-11 14:17:24,rr2404,rr2404,3485.0,0.0,0.0,0.0,1,3485.0,3491.0,1,3490.0,3484.0,3489.0,3484.0,5.0,174300.0,48
2023-05-11 14:21:42,rr2404,rr2404,3485.0,0.0,0.0,0.0,1,3485.0,3490.0,2,3490.0,3484.0,3489.0,3484.0,5.0,174300.0,48
2023-05-11 14:21:46,rr2404,rr2404,3485.0,0.0,0.0,0.0,3,3484.0,3490.0,2,3490.0,3484.0,3489.0,3484.0,5.0,174300.0,48
2023-05-11 14:21:49,rr2404,rr2404,3485.0,0.0,0.0,0.0,1,3485.0,3490.0,2,3490.0,3484.0,3489.0,3484.0,5.0,174300.0,48
2023-05-11 14:21:58,rr2404,rr2404,3485.0,0.0,0.0,0.0,1,3485.0,3491.0,1,3490.0,3484.0,3489.0,3484.0,5.0,174300.0,48
2023-05-11 14:22:24,rr2404,rr2404,3485.0,0.0,0.0,0.0,1,3485.0,3494.0,1,3490.0,3484.0,3489.0,3484.0,5.0,174300.0,48
2023-05-11 14:22:25,rr2404,rr2404,3485.0,0.0,0.0,0.0,1,3485.0,3494.0,2,3490.0,3484.0,3489.0,3484.0,5.0,174300.0,48
2023-05-11 14:23:00,rr2404,rr2404,3485.0,0.0,0.0,0.0,1,3485.0,3493.0,1,3490.0,3484.0,3489.0,3484.0,5.0,174300.0,48
2023-05-11 14:23:12,rr2404,rr2404,3485.0,0.0,0.0,0.0,1,3485.0,3493.0,2,3490.0,3484.0,3489.0,3484.0,5.0,174300.0,48
2023-05-11 14:28:00,rr2404,rr2404,3485.0,0.0,0.0,0.0,1,3485.0,3493.0,1,3490.0,3484.0,3489.0,3484.0,5.0,174300.0,48
2023-05-11 14:28:35,rr2404,rr2404,3485.0,0.0,0.0,0.0,1,3485.0,3492.0,1,3490.0,3484.0,3489.0,3484.0,5.0,174300.0,48
2023-05-11 14:28:41,rr2404,rr2404,3485.0,0.0,0.0,0.0,1,3485.0,3492.0,2,3490.0,3484.0,3489.0,3484.0,5.0,174300.0,48
2023-05-11 14:29:01,rr2404,rr2404,3485.0,0.0,0.0,0.0,1,3485.0,3492.0,1,3490.0,3484.0,3489.0,3484.0,5.0,174300.0,48
2023-05-11 14:29:58,rr2404,rr2404,3485.0,0.0,0.0,0.0,1,3485.0,3491.0,1,3490.0,3484.0,3489.0,3484.0,5.0,174300.0,48
2023-05-11 14:30:07,rr2404,rr2404,3485.0,0.0,0.0,0.0,3,3484.0,3491.0,1,3490.0,3484.0,3489.0,3484.0,5.0,174300.0,48
2023-05-11 14:30:08,rr2404,rr2404,3485.0,0.0,0.0,0.0,1,3485.0,3491.0,1,3490.0,3484.0,3489.0,3484.0,5.0,174300.0,48
2023-05-11 14:30:41,rr2404,rr2404,3485.0,0.0,0.0,0.0,1,3485.0,3490.0,1,3490.0,3484.0,3489.0,3484.0,5.0,174300.0,48
2023-05-11 14:30:55,rr2404,rr2404,3485.0,0.0,0.0,0.0,1,3485.0,3491.0,1,3490.0,3484.0,3489.0,3484.0,5.0,174300.0,48
2023-05-11 14:31:22,rr2404,rr2404,3485.0,0.0,0.0,0.0,1,3485.0,3490.0,1,3490.0,3484.0,3489.0,3484.0,5.0,174300.0,48
2023-05-11 14:36:03,rr2404,rr2404,3485.0,0.0,0.0,0.0,2,3485.0,3490.0,1,3490.0,3484.0,3489.0,3484.0,5.0,174300.0,48
2023-05-11 14:36:22,rr2404,rr2404,3485.0,0.0,0.0,0.0,2,3485.0,3491.0,1,3490.0,3484.0,3489.0,3484.0,5.0,174300.0,48
2023-05-11 14:36:31,rr2404,rr2404,3485.0,0.0,0.0,0.0,2,3485.0,3494.0,1,3490.0,3484.0,3489.0,3484.0,5.0,174300.0,48
2023-05-11 14:36:34,rr2404,rr2404,3485.0,0.0,0.0,0.0,2,3485.0,3493.0,2,3490.0,3484.0,3489.0,3484.0,5.0,174300.0,48
2023-05-11 14:36:54,rr2404,rr2404,3485.0,0.0,0.0,0.0,2,3485.0,3492.0,1,3490.0,3484.0,3489.0,3484.0,5.0,174300.0,48
2023-05-11 14:38:23,rr2404,rr2404,3485.0,1.0,34850.0,1.0,1,3485.0,3492.0,1,3490.0,3484.0,3489.0,3484.0,6.0,209150.0,49
2023-05-11 14:38:42,rr2404,rr2404,3485.0,0.0,0.0,0.0,1,3485.0,3491.0,2,3490.0,3484.0,3489.0,3484.0,6.0,209150.0,49
2023-05-11 14:39:42,rr2404,rr2404,3485.0,0.0,0.0,0.0,1,3485.0,3490.0,1,3490.0,3484.0,3489.0,3484.0,6.0,209150.0,49
2023-05-11 14:44:42,rr2404,rr2404,3485.0,0.0,0.0,0.0,1,3485.0,3491.0,2,3490.0,3484.0,3489.0,3484.0,6.0,209150.0,49
2023-05-11 14:45:16,rr2404,rr2404,3485.0,0.0,0.0,0.0,1,3485.0,3490.0,1,3490.0,3484.0,3489.0,3484.0,6.0,209150.0,49
2023-05-11 14:50:16,rr2404,rr2404,3485.0,0.0,0.0,0.0,1,3485.0,3497.0,1,3490.0,3484.0,3489.0,3484.0,6.0,209150.0,49
2023-05-11 14:50:16,rr2404,rr2404,3485.0,0.0,0.0,0.0,1,3485.0,3497.0,2,3490.0,3484.0,3489.0,3484.0,6.0,209150.0,49
2023-05-11 14:50:47,rr2404,rr2404,3485.0,0.0,0.0,0.0,1,3485.0,3496.0,1,3490.0,3484.0,3489.0,3484.0,6.0,209150.0,49
2023-05-11 14:50:52,rr2404,rr2404,3485.0,0.0,0.0,0.0,1,3485.0,3495.0,2,3490.0,3484.0,3489.0,3484.0,6.0,209150.0,49
2023-05-11 14:50:58,rr2404,rr2404,3485.0,0.0,0.0,0.0,1,3485.0,3495.0,3,3490.0,3484.0,3489.0,3484.0,6.0,209150.0,49
2023-05-11 14:51:55,rr2404,rr2404,3485.0,0.0,0.0,0.0,5,3485.0,3495.0,3,3490.0,3484.0,3489.0,3484.0,6.0,209150.0,49
2023-05-11 14:52:10,rr2404,rr2404,3485.0,0.0,0.0,0.0,5,3485.0,3494.0,1,3490.0,3484.0,3489.0,3484.0,6.0,209150.0,49
2023-05-11 14:52:13,rr2404,rr2404,3485.0,0.0,0.0,0.0,5,3485.0,3494.0,2,3490.0,3484.0,3489.0,3484.0,6.0,209150.0,49
2023-05-11 14:53:56,rr2404,rr2404,3485.0,0.0,0.0,0.0,1,3486.0,3494.0,2,3490.0,3484.0,3489.0,3484.0,6.0,209150.0,49
2023-05-11 14:56:03,rr2404,rr2404,3485.0,0.0,0.0,0.0,6,3486.0,3494.0,2,3490.0,3484.0,3489.0,3484.0,6.0,209150.0,49
2023-05-11 14:57:11,rr2404,rr2404,3485.0,0.0,0.0,0.0,6,3486.0,3494.0,1,3490.0,3484.0,3489.0,3484.0,6.0,209150.0,49
2023-05-11 14:57:44,rr2404,rr2404,3485.0,0.0,0.0,0.0,6,3486.0,3493.0,1,3490.0,3484.0,3489.0,3484.0,6.0,209150.0,49
2023-05-11 15:01:09,rr2404,rr2404,3485.0,0.0,0.0,0.0,6,3486.0,3493.0,1,3490.0,3484.0,3489.0,3484.0,6.0,209150.0,49
