time,symbol_id,symbol_name,last,trade_volume,trade_amount,open_interest_change,bv1,bp1,ap1,av1,yesterday_close,today_open,today_high,today_low,volume,amount,open_interest
2023-05-11 08:59:00,CJ2305,CJ2305,10290.0,0.0,0.0,-17.0,8,10205.0,10310.0,10,10290.0,10250.0,0.0,0.0,0.0,0.0,810
2023-05-11 09:00:01,CJ2305,CJ2305,10290.0,0.0,0.0,0.0,4,10225.0,10310.0,10,10290.0,10250.0,0.0,0.0,0.0,0.0,810
2023-05-11 09:00:01,CJ2305,CJ2305,10290.0,0.0,0.0,0.0,4,10260.0,10310.0,10,10290.0,10250.0,0.0,0.0,0.0,0.0,810
2023-05-11 09:00:02,CJ2305,CJ2305,10290.0,0.0,0.0,0.0,4,10265.0,10310.0,10,10290.0,10250.0,0.0,0.0,0.0,0.0,810
2023-05-11 09:00:03,CJ2305,CJ2305,10290.0,0.0,0.0,0.0,3,10265.0,10310.0,10,10290.0,10250.0,0.0,0.0,0.0,0.0,810
2023-05-11 09:00:04,CJ2305,CJ2305,10290.0,0.0,0.0,0.0,2,10265.0,10310.0,10,10290.0,10250.0,0.0,0.0,0.0,0.0,810
2023-05-11 09:00:04,CJ2305,CJ2305,10290.0,0.0,0.0,0.0,4,10260.0,10310.0,10,10290.0,10250.0,0.0,0.0,0.0,0.0,810
2023-05-11 09:00:07,CJ2305,CJ2305,10290.0,0.0,0.0,0.0,4,10255.0,10310.0,10,10290.0,10250.0,0.0,0.0,0.0,0.0,810
2023-05-11 09:00:08,CJ2305,CJ2305,10290.0,0.0,0.0,0.0,4,10250.0,10310.0,10,10290.0,10250.0,0.0,0.0,0.0,0.0,810
2023-05-11 09:00:08,CJ2305,CJ2305,10290.0,0.0,0.0,0.0,4,10245.0,10310.0,10,10290.0,10250.0,0.0,0.0,0.0,0.0,810
2023-05-11 09:00:09,CJ2305,CJ2305,10290.0,0.0,0.0,0.0,4,10240.0,10310.0,10,10290.0,10250.0,0.0,0.0,0.0,0.0,810
2023-05-11 09:00:09,CJ2305,CJ2305,10290.0,0.0,0.0,0.0,4,10235.0,10310.0,10,10290.0,10250.0,0.0,0.0,0.0,0.0,810
2023-05-11 09:00:10,CJ2305,CJ2305,10290.0,0.0,0.0,0.0,1,10245.0,10310.0,10,10290.0,10250.0,0.0,0.0,0.0,0.0,810
2023-05-11 09:00:10,CJ2305,CJ2305,10290.0,0.0,0.0,0.0,4,10235.0,10310.0,10,10290.0,10250.0,0.0,0.0,0.0,0.0,810
2023-05-11 09:00:11,CJ2305,CJ2305,10290.0,0.0,0.0,0.0,4,10240.0,10310.0,10,10290.0,10250.0,0.0,0.0,0.0,0.0,810
2023-05-11 09:00:12,CJ2305,CJ2305,10290.0,0.0,0.0,0.0,4,10235.0,10310.0,10,10290.0,10250.0,0.0,0.0,0.0,0.0,810
2023-05-11 09:00:15,CJ2305,CJ2305,10290.0,0.0,0.0,0.0,2,10235.0,10310.0,10,10290.0,10250.0,0.0,0.0,0.0,0.0,810
2023-05-11 09:00:15,CJ2305,CJ2305,10290.0,0.0,0.0,0.0,4,10235.0,10310.0,10,10290.0,10250.0,0.0,0.0,0.0,0.0,810
2023-05-11 09:00:16,CJ2305,CJ2305,10290.0,0.0,0.0,0.0,4,10240.0,10310.0,10,10290.0,10250.0,0.0,0.0,0.0,0.0,810
2023-05-11 09:00:18,CJ2305,CJ2305,10290.0,0.0,0.0,0.0,1,10245.0,10310.0,10,10290.0,10250.0,0.0,0.0,0.0,0.0,810
2023-05-11 09:00:18,CJ2305,CJ2305,10290.0,0.0,0.0,0.0,2,10245.0,10310.0,10,10290.0,10250.0,0.0,0.0,0.0,0.0,810
2023-05-11 09:00:19,CJ2305,CJ2305,10290.0,0.0,0.0,0.0,4,10240.0,10310.0,10,10290.0,10250.0,0.0,0.0,0.0,0.0,810
2023-05-11 09:00:20,CJ2305,CJ2305,10290.0,0.0,0.0,0.0,2,10245.0,10310.0,10,10290.0,10250.0,0.0,0.0,0.0,0.0,810
2023-05-11 09:00:22,CJ2305,CJ2305,10290.0,0.0,0.0,0.0,4,10240.0,10310.0,10,10290.0,10250.0,0.0,0.0,0.0,0.0,810
2023-05-11 09:00:27,CJ2305,CJ2305,10290.0,0.0,0.0,0.0,1,10245.0,10310.0,10,10290.0,10250.0,0.0,0.0,0.0,0.0,810
2023-05-11 09:00:28,CJ2305,CJ2305,10290.0,0.0,0.0,0.0,4,10240.0,10310.0,10,10290.0,10250.0,0.0,0.0,0.0,0.0,810
2023-05-11 09:00:28,CJ2305,CJ2305,10290.0,0.0,0.0,0.0,4,10245.0,10310.0,10,10290.0,10250.0,0.0,0.0,0.0,0.0,810
2023-05-11 09:00:31,CJ2305,CJ2305,10290.0,0.0,0.0,0.0,4,10250.0,10310.0,10,10290.0,10250.0,0.0,0.0,0.0,0.0,810
2023-05-11 09:00:33,CJ2305,CJ2305,10290.0,0.0,0.0,0.0,1,10255.0,10310.0,10,10290.0,10250.0,0.0,0.0,0.0,0.0,810
2023-05-11 09:00:33,CJ2305,CJ2305,10290.0,0.0,0.0,0.0,4,10255.0,10310.0,10,10290.0,10250.0,0.0,0.0,0.0,0.0,810
2023-05-11 09:00:41,CJ2305,CJ2305,10290.0,0.0,0.0,0.0,2,10255.0,10310.0,10,10290.0,10250.0,0.0,0.0,0.0,0.0,810
2023-05-11 09:00:41,CJ2305,CJ2305,10290.0,0.0,0.0,0.0,4,10250.0,10310.0,10,10290.0,10250.0,0.0,0.0,0.0,0.0,810
2023-05-11 09:00:44,CJ2305,CJ2305,10290.0,0.0,0.0,0.0,4,10245.0,10310.0,10,10290.0,10250.0,0.0,0.0,0.0,0.0,810
2023-05-11 09:00:45,CJ2305,CJ2305,10290.0,0.0,0.0,0.0,4,10240.0,10310.0,10,10290.0,10250.0,0.0,0.0,0.0,0.0,810
2023-05-11 09:00:46,CJ2305,CJ2305,10290.0,0.0,0.0,0.0,4,10250.0,10310.0,10,10290.0,10250.0,0.0,0.0,0.0,0.0,810
2023-05-11 09:00:46,CJ2305,CJ2305,10290.0,0.0,0.0,0.0,4,10255.0,10310.0,10,10290.0,10250.0,0.0,0.0,0.0,0.0,810
2023-05-11 09:00:47,CJ2305,CJ2305,10290.0,0.0,0.0,0.0,1,10260.0,10310.0,10,10290.0,10250.0,0.0,0.0,0.0,0.0,810
2023-05-11 09:00:47,CJ2305,CJ2305,10290.0,0.0,0.0,0.0,4,10255.0,10310.0,10,10290.0,10250.0,0.0,0.0,0.0,0.0,810
2023-05-11 09:00:48,CJ2305,CJ2305,10290.0,0.0,0.0,0.0,4,10265.0,10310.0,10,10290.0,10250.0,0.0,0.0,0.0,0.0,810
2023-05-11 09:00:58,CJ2305,CJ2305,10290.0,0.0,0.0,0.0,4,10275.0,10310.0,10,10290.0,10250.0,0.0,0.0,0.0,0.0,810
2023-05-11 09:00:58,CJ2305,CJ2305,10290.0,0.0,0.0,0.0,4,10270.0,10310.0,10,10290.0,10250.0,0.0,0.0,0.0,0.0,810
2023-05-11 09:01:00,CJ2305,CJ2305,10290.0,0.0,0.0,0.0,4,10265.0,10310.0,10,10290.0,10250.0,0.0,0.0,0.0,0.0,810
2023-05-11 09:01:01,CJ2305,CJ2305,10290.0,0.0,0.0,0.0,4,10255.0,10310.0,10,10290.0,10250.0,0.0,0.0,0.0,0.0,810
2023-05-11 09:01:01,CJ2305,CJ2305,10290.0,0.0,0.0,0.0,4,10260.0,10310.0,10,10290.0,10250.0,0.0,0.0,0.0,0.0,810
2023-05-11 09:01:05,CJ2305,CJ2305,10290.0,0.0,0.0,0.0,2,10260.0,10310.0,10,10290.0,10250.0,0.0,0.0,0.0,0.0,810
2023-05-11 09:01:05,CJ2305,CJ2305,10290.0,0.0,0.0,0.0,4,10255.0,10310.0,10,10290.0,10250.0,0.0,0.0,0.0,0.0,810
2023-05-11 09:01:06,CJ2305,CJ2305,10290.0,0.0,0.0,0.0,2,10255.0,10310.0,10,10290.0,10250.0,0.0,0.0,0.0,0.0,810
2023-05-11 09:01:07,CJ2305,CJ2305,10290.0,0.0,0.0,0.0,4,10245.0,10310.0,10,10290.0,10250.0,0.0,0.0,0.0,0.0,810
2023-05-11 09:01:07,CJ2305,CJ2305,10290.0,0.0,0.0,0.0,3,10245.0,10310.0,10,10290.0,10250.0,0.0,0.0,0.0,0.0,810
2023-05-11 09:01:07,CJ2305,CJ2305,10290.0,0.0,0.0,0.0,4,10240.0,10310.0,10,10290.0,10250.0,0.0,0.0,0.0,0.0,810
2023-05-11 09:01:10,CJ2305,CJ2305,10290.0,0.0,0.0,0.0,4,10235.0,10310.0,10,10290.0,10250.0,0.0,0.0,0.0,0.0,810
2023-05-11 09:01:12,CJ2305,CJ2305,10290.0,0.0,0.0,0.0,4,10230.0,10310.0,10,10290.0,10250.0,0.0,0.0,0.0,0.0,810
2023-05-11 09:01:13,CJ2305,CJ2305,10290.0,0.0,0.0,0.0,2,10230.0,10310.0,10,10290.0,10250.0,0.0,0.0,0.0,0.0,810
2023-05-11 09:01:14,CJ2305,CJ2305,10290.0,0.0,0.0,0.0,3,10225.0,10310.0,10,10290.0,10250.0,0.0,0.0,0.0,0.0,810
2023-05-11 09:01:14,CJ2305,CJ2305,10290.0,0.0,0.0,0.0,4,10220.0,10310.0,10,10290.0,10250.0,0.0,0.0,0.0,0.0,810
2023-05-11 09:01:15,CJ2305,CJ2305,10290.0,0.0,0.0,0.0,12,10205.0,10310.0,10,10290.0,10250.0,0.0,0.0,0.0,0.0,810
2023-05-11 09:01:15,CJ2305,CJ2305,10290.0,0.0,0.0,0.0,4,10210.0,10310.0,10,10290.0,10250.0,0.0,0.0,0.0,0.0,810
2023-05-11 09:01:15,CJ2305,CJ2305,10290.0,0.0,0.0,0.0,4,10215.0,10310.0,10,10290.0,10250.0,0.0,0.0,0.0,0.0,810
2023-05-11 09:01:16,CJ2305,CJ2305,10290.0,0.0,0.0,0.0,2,10225.0,10310.0,10,10290.0,10250.0,0.0,0.0,0.0,0.0,810
2023-05-11 09:01:17,CJ2305,CJ2305,10290.0,0.0,0.0,0.0,4,10225.0,10310.0,10,10290.0,10250.0,0.0,0.0,0.0,0.0,810
2023-05-11 09:01:18,CJ2305,CJ2305,10290.0,0.0,0.0,0.0,3,10230.0,10310.0,10,10290.0,10250.0,0.0,0.0,0.0,0.0,810
2023-05-11 09:01:19,CJ2305,CJ2305,10290.0,0.0,0.0,0.0,4,10220.0,10310.0,10,10290.0,10250.0,0.0,0.0,0.0,0.0,810
2023-05-11 09:01:19,CJ2305,CJ2305,10290.0,0.0,0.0,0.0,4,10215.0,10310.0,10,10290.0,10250.0,0.0,0.0,0.0,0.0,810
2023-05-11 09:01:21,CJ2305,CJ2305,10290.0,0.0,0.0,0.0,4,10225.0,10310.0,10,10290.0,10250.0,0.0,0.0,0.0,0.0,810
2023-05-11 09:01:21,CJ2305,CJ2305,10290.0,0.0,0.0,0.0,4,10230.0,10310.0,10,10290.0,10250.0,0.0,0.0,0.0,0.0,810
2023-05-11 09:01:25,CJ2305,CJ2305,10290.0,0.0,0.0,0.0,4,10235.0,10310.0,10,10290.0,10250.0,0.0,0.0,0.0,0.0,810
2023-05-11 09:01:25,CJ2305,CJ2305,10290.0,0.0,0.0,0.0,4,10230.0,10310.0,10,10290.0,10250.0,0.0,0.0,0.0,0.0,810
2023-05-11 09:01:31,CJ2305,CJ2305,10290.0,0.0,0.0,0.0,3,10235.0,10310.0,10,10290.0,10250.0,0.0,0.0,0.0,0.0,810
2023-05-11 09:01:31,CJ2305,CJ2305,10290.0,0.0,0.0,0.0,4,10235.0,10310.0,10,10290.0,10250.0,0.0,0.0,0.0,0.0,810
2023-05-11 09:01:33,CJ2305,CJ2305,10290.0,0.0,0.0,0.0,3,10235.0,10310.0,10,10290.0,10250.0,0.0,0.0,0.0,0.0,810
2023-05-11 09:01:33,CJ2305,CJ2305,10290.0,0.0,0.0,0.0,4,10235.0,10310.0,10,10290.0,10250.0,0.0,0.0,0.0,0.0,810
2023-05-11 09:01:36,CJ2305,CJ2305,10290.0,0.0,0.0,0.0,4,10230.0,10310.0,10,10290.0,10250.0,0.0,0.0,0.0,0.0,810
2023-05-11 09:01:37,CJ2305,CJ2305,10290.0,0.0,0.0,0.0,4,10235.0,10310.0,10,10290.0,10250.0,0.0,0.0,0.0,0.0,810
2023-05-11 09:01:48,CJ2305,CJ2305,10290.0,0.0,0.0,0.0,4,10240.0,10310.0,10,10290.0,10250.0,0.0,0.0,0.0,0.0,810
2023-05-11 09:01:55,CJ2305,CJ2305,10290.0,0.0,0.0,0.0,4,10245.0,10310.0,10,10290.0,10250.0,0.0,0.0,0.0,0.0,810
2023-05-11 09:02:01,CJ2305,CJ2305,10290.0,0.0,0.0,0.0,4,10240.0,10310.0,10,10290.0,10250.0,0.0,0.0,0.0,0.0,810
2023-05-11 09:02:02,CJ2305,CJ2305,10290.0,0.0,0.0,0.0,4,10245.0,10310.0,10,10290.0,10250.0,0.0,0.0,0.0,0.0,810
2023-05-11 09:02:03,CJ2305,CJ2305,10290.0,0.0,0.0,0.0,4,10250.0,10310.0,10,10290.0,10250.0,0.0,0.0,0.0,0.0,810
2023-05-11 09:02:03,CJ2305,CJ2305,10290.0,0.0,0.0,0.0,4,10235.0,10310.0,10,10290.0,10250.0,0.0,0.0,0.0,0.0,810
2023-05-11 09:02:03,CJ2305,CJ2305,10290.0,0.0,0.0,0.0,4,10240.0,10310.0,10,10290.0,10250.0,0.0,0.0,0.0,0.0,810
2023-05-11 09:02:04,CJ2305,CJ2305,10290.0,0.0,0.0,0.0,4,10245.0,10310.0,10,10290.0,10250.0,0.0,0.0,0.0,0.0,810
2023-05-11 09:02:06,CJ2305,CJ2305,10290.0,0.0,0.0,0.0,1,10245.0,10310.0,10,10290.0,10250.0,0.0,0.0,0.0,0.0,810
2023-05-11 09:02:08,CJ2305,CJ2305,10290.0,0.0,0.0,0.0,3,10245.0,10310.0,10,10290.0,10250.0,0.0,0.0,0.0,0.0,810
2023-05-11 09:02:08,CJ2305,CJ2305,10290.0,0.0,0.0,0.0,4,10245.0,10310.0,10,10290.0,10250.0,0.0,0.0,0.0,0.0,810
2023-05-11 09:02:10,CJ2305,CJ2305,10290.0,0.0,0.0,0.0,2,10245.0,10310.0,10,10290.0,10250.0,0.0,0.0,0.0,0.0,810
2023-05-11 09:02:11,CJ2305,CJ2305,10290.0,0.0,0.0,0.0,4,10245.0,10310.0,10,10290.0,10250.0,0.0,0.0,0.0,0.0,810
2023-05-11 09:02:13,CJ2305,CJ2305,10290.0,0.0,0.0,0.0,1,10245.0,10310.0,10,10290.0,10250.0,0.0,0.0,0.0,0.0,810
2023-05-11 09:02:15,CJ2305,CJ2305,10290.0,0.0,0.0,0.0,4,10240.0,10310.0,10,10290.0,10250.0,0.0,0.0,0.0,0.0,810
2023-05-11 09:02:18,CJ2305,CJ2305,10290.0,0.0,0.0,0.0,4,10245.0,10310.0,10,10290.0,10250.0,0.0,0.0,0.0,0.0,810
2023-05-11 09:02:21,CJ2305,CJ2305,10290.0,0.0,0.0,0.0,4,10240.0,10310.0,10,10290.0,10250.0,0.0,0.0,0.0,0.0,810
2023-05-11 09:02:27,CJ2305,CJ2305,10290.0,0.0,0.0,0.0,3,10245.0,10310.0,10,10290.0,10250.0,0.0,0.0,0.0,0.0,810
2023-05-11 09:02:27,CJ2305,CJ2305,10290.0,0.0,0.0,0.0,4,10240.0,10310.0,10,10290.0,10250.0,0.0,0.0,0.0,0.0,810
2023-05-11 09:02:28,CJ2305,CJ2305,10290.0,0.0,0.0,0.0,4,10245.0,10310.0,10,10290.0,10250.0,0.0,0.0,0.0,0.0,810
2023-05-11 09:02:32,CJ2305,CJ2305,10290.0,0.0,0.0,0.0,3,10250.0,10310.0,10,10290.0,10250.0,0.0,0.0,0.0,0.0,810
2023-05-11 09:02:33,CJ2305,CJ2305,10290.0,0.0,0.0,0.0,4,10250.0,10310.0,10,10290.0,10250.0,0.0,0.0,0.0,0.0,810
2023-05-11 09:02:35,CJ2305,CJ2305,10290.0,0.0,0.0,0.0,3,10255.0,10310.0,10,10290.0,10250.0,0.0,0.0,0.0,0.0,810
2023-05-11 09:02:35,CJ2305,CJ2305,10290.0,0.0,0.0,0.0,4,10250.0,10310.0,10,10290.0,10250.0,0.0,0.0,0.0,0.0,810
2023-05-11 09:02:37,CJ2305,CJ2305,10290.0,0.0,0.0,0.0,4,10245.0,10310.0,10,10290.0,10250.0,0.0,0.0,0.0,0.0,810
2023-05-11 09:02:40,CJ2305,CJ2305,10290.0,0.0,0.0,0.0,4,10240.0,10310.0,10,10290.0,10250.0,0.0,0.0,0.0,0.0,810
2023-05-11 09:02:44,CJ2305,CJ2305,10290.0,0.0,0.0,0.0,4,10245.0,10310.0,10,10290.0,10250.0,0.0,0.0,0.0,0.0,810
2023-05-11 09:02:55,CJ2305,CJ2305,10290.0,0.0,0.0,0.0,4,10250.0,10310.0,10,10290.0,10250.0,0.0,0.0,0.0,0.0,810
2023-05-11 09:03:01,CJ2305,CJ2305,10290.0,0.0,0.0,0.0,4,10255.0,10310.0,10,10290.0,10250.0,0.0,0.0,0.0,0.0,810
2023-05-11 09:03:10,CJ2305,CJ2305,10290.0,0.0,0.0,0.0,2,10255.0,10310.0,10,10290.0,10250.0,0.0,0.0,0.0,0.0,810
2023-05-11 09:03:11,CJ2305,CJ2305,10290.0,0.0,0.0,0.0,4,10250.0,10310.0,10,10290.0,10250.0,0.0,0.0,0.0,0.0,810
2023-05-11 09:03:21,CJ2305,CJ2305,10290.0,0.0,0.0,0.0,4,10255.0,10310.0,10,10290.0,10250.0,0.0,0.0,0.0,0.0,810
2023-05-11 09:03:35,CJ2305,CJ2305,10290.0,0.0,0.0,0.0,2,10255.0,10310.0,10,10290.0,10250.0,0.0,0.0,0.0,0.0,810
2023-05-11 09:03:35,CJ2305,CJ2305,10290.0,0.0,0.0,0.0,4,10250.0,10310.0,10,10290.0,10250.0,0.0,0.0,0.0,0.0,810
2023-05-11 09:03:37,CJ2305,CJ2305,10290.0,0.0,0.0,0.0,1,10255.0,10310.0,10,10290.0,10250.0,0.0,0.0,0.0,0.0,810
2023-05-11 09:03:37,CJ2305,CJ2305,10290.0,0.0,0.0,0.0,4,10255.0,10310.0,10,10290.0,10250.0,0.0,0.0,0.0,0.0,810
2023-05-11 09:03:41,CJ2305,CJ2305,10290.0,0.0,0.0,0.0,4,10250.0,10310.0,10,10290.0,10250.0,0.0,0.0,0.0,0.0,810
2023-05-11 09:03:41,CJ2305,CJ2305,10290.0,0.0,0.0,0.0,4,10245.0,10310.0,10,10290.0,10250.0,0.0,0.0,0.0,0.0,810
2023-05-11 09:03:45,CJ2305,CJ2305,10290.0,0.0,0.0,0.0,6,10245.0,10310.0,10,10290.0,10250.0,0.0,0.0,0.0,0.0,810
2023-05-11 09:03:55,CJ2305,CJ2305,10290.0,0.0,0.0,0.0,2,10245.0,10310.0,10,10290.0,10250.0,0.0,0.0,0.0,0.0,810
2023-05-11 09:04:11,CJ2305,CJ2305,10290.0,0.0,0.0,0.0,6,10245.0,10310.0,10,10290.0,10250.0,0.0,0.0,0.0,0.0,810
2023-05-11 09:04:14,CJ2305,CJ2305,10290.0,0.0,0.0,0.0,2,10245.0,10310.0,10,10290.0,10250.0,0.0,0.0,0.0,0.0,810
2023-05-11 09:04:14,CJ2305,CJ2305,10290.0,0.0,0.0,0.0,10,10245.0,10310.0,10,10290.0,10250.0,0.0,0.0,0.0,0.0,810
2023-05-11 09:04:55,CJ2305,CJ2305,10290.0,0.0,0.0,0.0,2,10245.0,10310.0,10,10290.0,10250.0,0.0,0.0,0.0,0.0,810
2023-05-11 09:06:11,CJ2305,CJ2305,10290.0,0.0,0.0,0.0,10,10245.0,10310.0,10,10290.0,10250.0,0.0,0.0,0.0,0.0,810
2023-05-11 09:11:04,CJ2305,CJ2305,10290.0,0.0,0.0,0.0,10,10245.0,10310.0,12,10290.0,10250.0,0.0,0.0,0.0,0.0,810
2023-05-11 09:11:04,CJ2305,CJ2305,10290.0,0.0,0.0,0.0,10,10245.0,10310.0,10,10290.0,10250.0,0.0,0.0,0.0,0.0,810
2023-05-11 09:11:10,CJ2305,CJ2305,10290.0,0.0,0.0,0.0,10,10245.0,10310.0,11,10290.0,10250.0,0.0,0.0,0.0,0.0,810
2023-05-11 09:11:11,CJ2305,CJ2305,10290.0,0.0,0.0,0.0,10,10245.0,10310.0,15,10290.0,10250.0,0.0,0.0,0.0,0.0,810
2023-05-11 09:11:11,CJ2305,CJ2305,10290.0,0.0,0.0,0.0,10,10245.0,10310.0,10,10290.0,10250.0,0.0,0.0,0.0,0.0,810
2023-05-11 09:11:31,CJ2305,CJ2305,10290.0,0.0,0.0,0.0,5,10250.0,10310.0,10,10290.0,10250.0,0.0,0.0,0.0,0.0,810
2023-05-11 09:11:38,CJ2305,CJ2305,10290.0,0.0,0.0,0.0,5,10250.0,10310.0,15,10290.0,10250.0,0.0,0.0,0.0,0.0,810
2023-05-11 09:11:39,CJ2305,CJ2305,10290.0,0.0,0.0,0.0,5,10250.0,10310.0,10,10290.0,10250.0,0.0,0.0,0.0,0.0,810
2023-05-11 09:12:00,CJ2305,CJ2305,10290.0,0.0,0.0,0.0,5,10250.0,10310.0,15,10290.0,10250.0,0.0,0.0,0.0,0.0,810
2023-05-11 09:12:02,CJ2305,CJ2305,10290.0,0.0,0.0,0.0,5,10250.0,10310.0,10,10290.0,10250.0,0.0,0.0,0.0,0.0,810
2023-05-11 09:12:03,CJ2305,CJ2305,10290.0,0.0,0.0,0.0,5,10250.0,10310.0,15,10290.0,10250.0,0.0,0.0,0.0,0.0,810
2023-05-11 09:12:04,CJ2305,CJ2305,10290.0,0.0,0.0,0.0,5,10250.0,10310.0,10,10290.0,10250.0,0.0,0.0,0.0,0.0,810
2023-05-11 09:12:05,CJ2305,CJ2305,10290.0,0.0,0.0,0.0,5,10250.0,10310.0,13,10290.0,10250.0,0.0,0.0,0.0,0.0,810
2023-05-11 09:12:08,CJ2305,CJ2305,10290.0,0.0,0.0,0.0,5,10250.0,10310.0,14,10290.0,10250.0,0.0,0.0,0.0,0.0,810
2023-05-11 09:12:08,CJ2305,CJ2305,10290.0,0.0,0.0,0.0,5,10250.0,10310.0,15,10290.0,10250.0,0.0,0.0,0.0,0.0,810
2023-05-11 09:12:10,CJ2305,CJ2305,10290.0,0.0,0.0,0.0,5,10250.0,10310.0,10,10290.0,10250.0,0.0,0.0,0.0,0.0,810
2023-05-11 09:12:15,CJ2305,CJ2305,10290.0,0.0,0.0,0.0,5,10250.0,10310.0,15,10290.0,10250.0,0.0,0.0,0.0,0.0,810
2023-05-11 09:12:16,CJ2305,CJ2305,10290.0,0.0,0.0,0.0,5,10250.0,10305.0,5,10290.0,10250.0,0.0,0.0,0.0,0.0,810
2023-05-11 09:12:16,CJ2305,CJ2305,10290.0,0.0,0.0,0.0,5,10250.0,10310.0,15,10290.0,10250.0,0.0,0.0,0.0,0.0,810
2023-05-11 09:12:21,CJ2305,CJ2305,10290.0,0.0,0.0,0.0,5,10250.0,10310.0,10,10290.0,10250.0,0.0,0.0,0.0,0.0,810
2023-05-11 09:12:22,CJ2305,CJ2305,10290.0,0.0,0.0,0.0,5,10250.0,10310.0,15,10290.0,10250.0,0.0,0.0,0.0,0.0,810
2023-05-11 09:12:27,CJ2305,CJ2305,10290.0,0.0,0.0,0.0,5,10250.0,10310.0,10,10290.0,10250.0,0.0,0.0,0.0,0.0,810
2023-05-11 09:12:34,CJ2305,CJ2305,10290.0,0.0,0.0,0.0,5,10250.0,10310.0,12,10290.0,10250.0,0.0,0.0,0.0,0.0,810
2023-05-11 09:12:34,CJ2305,CJ2305,10290.0,0.0,0.0,0.0,5,10250.0,10310.0,10,10290.0,10250.0,0.0,0.0,0.0,0.0,810
2023-05-11 09:12:42,CJ2305,CJ2305,10290.0,0.0,0.0,0.0,5,10250.0,10310.0,11,10290.0,10250.0,0.0,0.0,0.0,0.0,810
2023-05-11 09:12:44,CJ2305,CJ2305,10290.0,0.0,0.0,0.0,5,10250.0,10310.0,10,10290.0,10250.0,0.0,0.0,0.0,0.0,810
2023-05-11 09:13:43,CJ2305,CJ2305,10290.0,0.0,0.0,0.0,5,10250.0,10310.0,11,10290.0,10250.0,0.0,0.0,0.0,0.0,810
2023-05-11 09:13:44,CJ2305,CJ2305,10290.0,0.0,0.0,0.0,5,10250.0,10310.0,10,10290.0,10250.0,0.0,0.0,0.0,0.0,810
2023-05-11 09:13:57,CJ2305,CJ2305,10290.0,0.0,0.0,0.0,5,10250.0,10310.0,15,10290.0,10250.0,0.0,0.0,0.0,0.0,810
2023-05-11 09:14:07,CJ2305,CJ2305,10290.0,0.0,0.0,0.0,5,10250.0,10305.0,5,10290.0,10250.0,0.0,0.0,0.0,0.0,810
2023-05-11 09:14:08,CJ2305,CJ2305,10250.0,2.0,20500.0,-2.0,3,10250.0,10300.0,5,10290.0,10250.0,10250.0,10250.0,2.0,20500.0,808
2023-05-11 09:14:08,CJ2305,CJ2305,10250.0,2.0,20500.0,-2.0,1,10250.0,10295.0,5,10290.0,10250.0,10250.0,10250.0,4.0,41000.0,806
2023-05-11 09:14:09,CJ2305,CJ2305,10250.0,0.0,0.0,0.0,1,10250.0,10290.0,5,10290.0,10250.0,10250.0,10250.0,4.0,41000.0,806
2023-05-11 09:14:09,CJ2305,CJ2305,10250.0,0.0,0.0,0.0,1,10250.0,10295.0,5,10290.0,10250.0,10250.0,10250.0,4.0,41000.0,806
2023-05-11 09:14:13,CJ2305,CJ2305,10250.0,0.0,0.0,0.0,1,10250.0,10300.0,5,10290.0,10250.0,10250.0,10250.0,4.0,41000.0,806
2023-05-11 09:14:24,CJ2305,CJ2305,10250.0,0.0,0.0,0.0,1,10250.0,10305.0,5,10290.0,10250.0,10250.0,10250.0,4.0,41000.0,806
2023-05-11 09:14:47,CJ2305,CJ2305,10250.0,0.0,0.0,0.0,1,10250.0,10300.0,5,10290.0,10250.0,10250.0,10250.0,4.0,41000.0,806
2023-05-11 09:14:48,CJ2305,CJ2305,10250.0,0.0,0.0,0.0,1,10250.0,10295.0,4,10290.0,10250.0,10250.0,10250.0,4.0,41000.0,806
2023-05-11 09:14:49,CJ2305,CJ2305,10250.0,0.0,0.0,0.0,1,10250.0,10295.0,5,10290.0,10250.0,10250.0,10250.0,4.0,41000.0,806
2023-05-11 09:14:51,CJ2305,CJ2305,10250.0,0.0,0.0,0.0,1,10250.0,10300.0,5,10290.0,10250.0,10250.0,10250.0,4.0,41000.0,806
2023-05-11 09:14:56,CJ2305,CJ2305,10250.0,0.0,0.0,0.0,1,10250.0,10295.0,1,10290.0,10250.0,10250.0,10250.0,4.0,41000.0,806
2023-05-11 09:14:57,CJ2305,CJ2305,10250.0,0.0,0.0,0.0,1,10250.0,10295.0,5,10290.0,10250.0,10250.0,10250.0,4.0,41000.0,806
2023-05-11 09:14:59,CJ2305,CJ2305,10250.0,0.0,0.0,0.0,1,10250.0,10300.0,5,10290.0,10250.0,10250.0,10250.0,4.0,41000.0,806
2023-05-11 09:15:01,CJ2305,CJ2305,10250.0,0.0,0.0,0.0,1,10250.0,10305.0,5,10290.0,10250.0,10250.0,10250.0,4.0,41000.0,806
2023-05-11 09:15:04,CJ2305,CJ2305,10250.0,0.0,0.0,0.0,1,10250.0,10300.0,4,10290.0,10250.0,10250.0,10250.0,4.0,41000.0,806
2023-05-11 09:15:05,CJ2305,CJ2305,10250.0,0.0,0.0,0.0,1,10250.0,10305.0,5,10290.0,10250.0,10250.0,10250.0,4.0,41000.0,806
2023-05-11 09:15:08,CJ2305,CJ2305,10250.0,0.0,0.0,0.0,1,10250.0,10300.0,1,10290.0,10250.0,10250.0,10250.0,4.0,41000.0,806
2023-05-11 09:15:08,CJ2305,CJ2305,10250.0,0.0,0.0,0.0,1,10250.0,10305.0,5,10290.0,10250.0,10250.0,10250.0,4.0,41000.0,806
2023-05-11 09:15:11,CJ2305,CJ2305,10250.0,0.0,0.0,0.0,1,10250.0,10310.0,15,10290.0,10250.0,10250.0,10250.0,4.0,41000.0,806
2023-05-11 09:15:16,CJ2305,CJ2305,10250.0,0.0,0.0,0.0,1,10250.0,10305.0,5,10290.0,10250.0,10250.0,10250.0,4.0,41000.0,806
2023-05-11 09:15:53,CJ2305,CJ2305,10255.0,2.0,20500.0,-2.0,3,10255.0,10305.0,5,10290.0,10250.0,10255.0,10250.0,6.0,61500.0,804
2023-05-11 09:15:54,CJ2305,CJ2305,10255.0,2.0,20540.0,-2.0,1,10255.0,10305.0,5,10290.0,10250.0,10255.0,10250.0,8.0,82040.0,802
2023-05-11 09:15:56,CJ2305,CJ2305,10255.0,0.0,0.0,0.0,1,10255.0,10310.0,15,10290.0,10250.0,10255.0,10250.0,8.0,82040.0,802
2023-05-11 09:16:19,CJ2305,CJ2305,10255.0,0.0,0.0,0.0,1,10255.0,10305.0,5,10290.0,10250.0,10255.0,10250.0,8.0,82040.0,802
2023-05-11 09:16:29,CJ2305,CJ2305,10255.0,0.0,0.0,0.0,1,10255.0,10305.0,3,10290.0,10250.0,10255.0,10250.0,8.0,82040.0,802
2023-05-11 09:16:29,CJ2305,CJ2305,10255.0,0.0,0.0,0.0,1,10255.0,10310.0,15,10290.0,10250.0,10255.0,10250.0,8.0,82040.0,802
2023-05-11 09:16:35,CJ2305,CJ2305,10255.0,0.0,0.0,0.0,1,10255.0,10305.0,5,10290.0,10250.0,10255.0,10250.0,8.0,82040.0,802
2023-05-11 09:16:51,CJ2305,CJ2305,10255.0,0.0,0.0,0.0,1,10255.0,10310.0,15,10290.0,10250.0,10255.0,10250.0,8.0,82040.0,802
2023-05-11 09:17:01,CJ2305,CJ2305,10255.0,0.0,0.0,0.0,1,10255.0,10305.0,5,10290.0,10250.0,10255.0,10250.0,8.0,82040.0,802
2023-05-11 09:17:02,CJ2305,CJ2305,10255.0,0.0,0.0,0.0,1,10255.0,10300.0,5,10290.0,10250.0,10255.0,10250.0,8.0,82040.0,802
2023-05-11 09:17:05,CJ2305,CJ2305,10255.0,0.0,0.0,0.0,1,10255.0,10305.0,5,10290.0,10250.0,10255.0,10250.0,8.0,82040.0,802
2023-05-11 09:17:05,CJ2305,CJ2305,10255.0,0.0,0.0,0.0,1,10255.0,10300.0,5,10290.0,10250.0,10255.0,10250.0,8.0,82040.0,802
2023-05-11 09:17:11,CJ2305,CJ2305,10255.0,0.0,0.0,0.0,1,10255.0,10295.0,2,10290.0,10250.0,10255.0,10250.0,8.0,82040.0,802
2023-05-11 09:17:11,CJ2305,CJ2305,10255.0,0.0,0.0,0.0,1,10255.0,10295.0,5,10290.0,10250.0,10255.0,10250.0,8.0,82040.0,802
2023-05-11 09:17:13,CJ2305,CJ2305,10255.0,0.0,0.0,0.0,1,10255.0,10300.0,5,10290.0,10250.0,10255.0,10250.0,8.0,82040.0,802
2023-05-11 09:17:16,CJ2305,CJ2305,10255.0,0.0,0.0,0.0,1,10255.0,10295.0,5,10290.0,10250.0,10255.0,10250.0,8.0,82040.0,802
2023-05-11 09:17:18,CJ2305,CJ2305,10255.0,0.0,0.0,0.0,1,10255.0,10290.0,4,10290.0,10250.0,10255.0,10250.0,8.0,82040.0,802
2023-05-11 09:17:18,CJ2305,CJ2305,10255.0,0.0,0.0,0.0,1,10255.0,10290.0,5,10290.0,10250.0,10255.0,10250.0,8.0,82040.0,802
2023-05-11 09:17:19,CJ2305,CJ2305,10255.0,0.0,0.0,0.0,1,10255.0,10290.0,3,10290.0,10250.0,10255.0,10250.0,8.0,82040.0,802
2023-05-11 09:17:21,CJ2305,CJ2305,10255.0,0.0,0.0,0.0,1,10255.0,10280.0,5,10290.0,10250.0,10255.0,10250.0,8.0,82040.0,802
2023-05-11 09:17:21,CJ2305,CJ2305,10255.0,0.0,0.0,0.0,1,10255.0,10285.0,5,10290.0,10250.0,10255.0,10250.0,8.0,82040.0,802
2023-05-11 09:17:22,CJ2305,CJ2305,10255.0,0.0,0.0,0.0,1,10255.0,10280.0,5,10290.0,10250.0,10255.0,10250.0,8.0,82040.0,802
2023-05-11 09:17:26,CJ2305,CJ2305,10255.0,0.0,0.0,0.0,1,10255.0,10285.0,5,10290.0,10250.0,10255.0,10250.0,8.0,82040.0,802
2023-05-11 09:17:30,CJ2305,CJ2305,10255.0,0.0,0.0,0.0,1,10255.0,10285.0,2,10290.0,10250.0,10255.0,10250.0,8.0,82040.0,802
2023-05-11 09:17:30,CJ2305,CJ2305,10255.0,0.0,0.0,0.0,1,10255.0,10285.0,5,10290.0,10250.0,10255.0,10250.0,8.0,82040.0,802
2023-05-11 09:17:32,CJ2305,CJ2305,10255.0,0.0,0.0,0.0,1,10255.0,10290.0,2,10290.0,10250.0,10255.0,10250.0,8.0,82040.0,802
2023-05-11 09:17:32,CJ2305,CJ2305,10255.0,0.0,0.0,0.0,1,10255.0,10285.0,2,10290.0,10250.0,10255.0,10250.0,8.0,82040.0,802
2023-05-11 09:17:32,CJ2305,CJ2305,10255.0,0.0,0.0,0.0,1,10255.0,10285.0,5,10290.0,10250.0,10255.0,10250.0,8.0,82040.0,802
2023-05-11 09:17:33,CJ2305,CJ2305,10255.0,0.0,0.0,0.0,1,10250.0,10285.0,5,10290.0,10250.0,10255.0,10250.0,8.0,82040.0,802
2023-05-11 09:17:34,CJ2305,CJ2305,10255.0,0.0,0.0,0.0,1,10250.0,10290.0,5,10290.0,10250.0,10255.0,10250.0,8.0,82040.0,802
2023-05-11 09:17:35,CJ2305,CJ2305,10255.0,0.0,0.0,0.0,1,10250.0,10290.0,4,10290.0,10250.0,10255.0,10250.0,8.0,82040.0,802
2023-05-11 09:17:35,CJ2305,CJ2305,10255.0,0.0,0.0,0.0,1,10250.0,10290.0,5,10290.0,10250.0,10255.0,10250.0,8.0,82040.0,802
2023-05-11 09:17:40,CJ2305,CJ2305,10255.0,0.0,0.0,0.0,1,10250.0,10285.0,3,10290.0,10250.0,10255.0,10250.0,8.0,82040.0,802
2023-05-11 09:17:40,CJ2305,CJ2305,10255.0,0.0,0.0,0.0,1,10250.0,10285.0,2,10290.0,10250.0,10255.0,10250.0,8.0,82040.0,802
2023-05-11 09:17:42,CJ2305,CJ2305,10255.0,0.0,0.0,0.0,1,10250.0,10290.0,5,10290.0,10250.0,10255.0,10250.0,8.0,82040.0,802
2023-05-11 09:17:43,CJ2305,CJ2305,10255.0,0.0,0.0,0.0,1,10250.0,10285.0,5,10290.0,10250.0,10255.0,10250.0,8.0,82040.0,802
2023-05-11 09:17:46,CJ2305,CJ2305,10255.0,0.0,0.0,0.0,1,10250.0,10290.0,5,10290.0,10250.0,10255.0,10250.0,8.0,82040.0,802
2023-05-11 09:17:52,CJ2305,CJ2305,10250.0,1.0,10210.0,0.0,10,10245.0,10250.0,1,10290.0,10250.0,10255.0,10250.0,9.0,92250.0,802
2023-05-11 09:17:52,CJ2305,CJ2305,10245.0,2.0,20500.0,0.0,8,10245.0,10250.0,1,10290.0,10250.0,10255.0,10245.0,11.0,112750.0,802
2023-05-11 09:17:53,CJ2305,CJ2305,10245.0,2.0,20500.0,-2.0,6,10245.0,10250.0,1,10290.0,10250.0,10255.0,10245.0,13.0,133250.0,800
2023-05-11 09:17:54,CJ2305,CJ2305,10245.0,2.0,20500.0,-2.0,4,10245.0,10250.0,1,10290.0,10250.0,10255.0,10245.0,15.0,153750.0,798
2023-05-11 09:17:54,CJ2305,CJ2305,10245.0,2.0,20500.0,-2.0,2,10245.0,10250.0,1,10290.0,10250.0,10255.0,10245.0,17.0,174250.0,796
2023-05-11 09:17:54,CJ2305,CJ2305,10245.0,2.0,20500.0,-2.0,8,10205.0,10250.0,1,10290.0,10250.0,10255.0,10245.0,19.0,194750.0,794
2023-05-11 09:18:26,CJ2305,CJ2305,10245.0,0.0,0.0,0.0,5,10210.0,10250.0,1,10290.0,10250.0,10255.0,10245.0,19.0,194750.0,794
2023-05-11 09:18:41,CJ2305,CJ2305,10250.0,1.0,10250.0,0.0,5,10210.0,10290.0,5,10290.0,10250.0,10255.0,10245.0,20.0,205000.0,794
2023-05-11 09:18:43,CJ2305,CJ2305,10250.0,0.0,0.0,0.0,5,10210.0,10285.0,5,10290.0,10250.0,10255.0,10245.0,20.0,205000.0,794
2023-05-11 09:18:51,CJ2305,CJ2305,10250.0,0.0,0.0,0.0,5,10210.0,10290.0,5,10290.0,10250.0,10255.0,10245.0,20.0,205000.0,794
2023-05-11 09:18:52,CJ2305,CJ2305,10250.0,0.0,0.0,0.0,5,10210.0,10295.0,5,10290.0,10250.0,10255.0,10245.0,20.0,205000.0,794
2023-05-11 09:19:01,CJ2305,CJ2305,10250.0,0.0,0.0,0.0,5,10210.0,10290.0,5,10290.0,10250.0,10255.0,10245.0,20.0,205000.0,794
2023-05-11 09:19:03,CJ2305,CJ2305,10250.0,0.0,0.0,0.0,8,10205.0,10290.0,5,10290.0,10250.0,10255.0,10245.0,20.0,205000.0,794
2023-05-11 09:19:03,CJ2305,CJ2305,10250.0,0.0,0.0,0.0,8,10205.0,10295.0,5,10290.0,10250.0,10255.0,10245.0,20.0,205000.0,794
2023-05-11 09:19:06,CJ2305,CJ2305,10250.0,0.0,0.0,0.0,8,10205.0,10290.0,5,10290.0,10250.0,10255.0,10245.0,20.0,205000.0,794
2023-05-11 09:19:06,CJ2305,CJ2305,10250.0,0.0,0.0,0.0,8,10205.0,10285.0,3,10290.0,10250.0,10255.0,10245.0,20.0,205000.0,794
2023-05-11 09:19:06,CJ2305,CJ2305,10250.0,0.0,0.0,0.0,8,10205.0,10285.0,5,10290.0,10250.0,10255.0,10245.0,20.0,205000.0,794
2023-05-11 09:19:10,CJ2305,CJ2305,10250.0,0.0,0.0,0.0,8,10205.0,10290.0,5,10290.0,10250.0,10255.0,10245.0,20.0,205000.0,794
2023-05-11 09:19:12,CJ2305,CJ2305,10250.0,0.0,0.0,0.0,8,10205.0,10285.0,5,10290.0,10250.0,10255.0,10245.0,20.0,205000.0,794
2023-05-11 09:19:14,CJ2305,CJ2305,10250.0,0.0,0.0,0.0,8,10205.0,10290.0,5,10290.0,10250.0,10255.0,10245.0,20.0,205000.0,794
2023-05-11 09:19:17,CJ2305,CJ2305,10250.0,0.0,0.0,0.0,8,10205.0,10285.0,5,10290.0,10250.0,10255.0,10245.0,20.0,205000.0,794
2023-05-11 09:19:21,CJ2305,CJ2305,10250.0,0.0,0.0,0.0,8,10205.0,10280.0,5,10290.0,10250.0,10255.0,10245.0,20.0,205000.0,794
2023-05-11 09:19:25,CJ2305,CJ2305,10250.0,0.0,0.0,0.0,8,10205.0,10280.0,1,10290.0,10250.0,10255.0,10245.0,20.0,205000.0,794
2023-05-11 09:19:25,CJ2305,CJ2305,10250.0,0.0,0.0,0.0,8,10205.0,10280.0,5,10290.0,10250.0,10255.0,10245.0,20.0,205000.0,794
2023-05-11 09:19:26,CJ2305,CJ2305,10250.0,0.0,0.0,0.0,8,10205.0,10280.0,3,10290.0,10250.0,10255.0,10245.0,20.0,205000.0,794
2023-05-11 09:19:26,CJ2305,CJ2305,10250.0,0.0,0.0,0.0,8,10205.0,10280.0,5,10290.0,10250.0,10255.0,10245.0,20.0,205000.0,794
2023-05-11 09:19:27,CJ2305,CJ2305,10250.0,0.0,0.0,0.0,8,10205.0,10275.0,5,10290.0,10250.0,10255.0,10245.0,20.0,205000.0,794
2023-05-11 09:19:28,CJ2305,CJ2305,10250.0,0.0,0.0,0.0,8,10205.0,10270.0,5,10290.0,10250.0,10255.0,10245.0,20.0,205000.0,794
2023-05-11 09:19:30,CJ2305,CJ2305,10250.0,0.0,0.0,0.0,8,10205.0,10260.0,5,10290.0,10250.0,10255.0,10245.0,20.0,205000.0,794
2023-05-11 09:19:30,CJ2305,CJ2305,10250.0,0.0,0.0,0.0,8,10205.0,10265.0,5,10290.0,10250.0,10255.0,10245.0,20.0,205000.0,794
2023-05-11 09:19:32,CJ2305,CJ2305,10250.0,0.0,0.0,0.0,8,10205.0,10260.0,5,10290.0,10250.0,10255.0,10245.0,20.0,205000.0,794
2023-05-11 09:19:33,CJ2305,CJ2305,10250.0,0.0,0.0,0.0,8,10205.0,10265.0,5,10290.0,10250.0,10255.0,10245.0,20.0,205000.0,794
2023-05-11 09:19:33,CJ2305,CJ2305,10250.0,0.0,0.0,0.0,8,10205.0,10270.0,5,10290.0,10250.0,10255.0,10245.0,20.0,205000.0,794
2023-05-11 09:19:35,CJ2305,CJ2305,10250.0,0.0,0.0,0.0,8,10205.0,10275.0,4,10290.0,10250.0,10255.0,10245.0,20.0,205000.0,794
2023-05-11 09:19:35,CJ2305,CJ2305,10250.0,0.0,0.0,0.0,8,10205.0,10275.0,5,10290.0,10250.0,10255.0,10245.0,20.0,205000.0,794
2023-05-11 09:19:36,CJ2305,CJ2305,10250.0,0.0,0.0,0.0,8,10205.0,10275.0,2,10290.0,10250.0,10255.0,10245.0,20.0,205000.0,794
2023-05-11 09:19:37,CJ2305,CJ2305,10250.0,0.0,0.0,0.0,8,10205.0,10275.0,4,10290.0,10250.0,10255.0,10245.0,20.0,205000.0,794
2023-05-11 09:19:38,CJ2305,CJ2305,10250.0,0.0,0.0,0.0,8,10205.0,10275.0,5,10290.0,10250.0,10255.0,10245.0,20.0,205000.0,794
2023-05-11 09:19:39,CJ2305,CJ2305,10250.0,0.0,0.0,0.0,8,10205.0,10270.0,5,10290.0,10250.0,10255.0,10245.0,20.0,205000.0,794
2023-05-11 09:19:41,CJ2305,CJ2305,10250.0,0.0,0.0,0.0,8,10205.0,10275.0,5,10290.0,10250.0,10255.0,10245.0,20.0,205000.0,794
2023-05-11 09:19:43,CJ2305,CJ2305,10250.0,0.0,0.0,0.0,8,10205.0,10270.0,4,10290.0,10250.0,10255.0,10245.0,20.0,205000.0,794
2023-05-11 09:19:44,CJ2305,CJ2305,10250.0,0.0,0.0,0.0,8,10205.0,10265.0,5,10290.0,10250.0,10255.0,10245.0,20.0,205000.0,794
2023-05-11 09:19:46,CJ2305,CJ2305,10250.0,0.0,0.0,0.0,8,10205.0,10260.0,5,10290.0,10250.0,10255.0,10245.0,20.0,205000.0,794
2023-05-11 09:19:47,CJ2305,CJ2305,10250.0,0.0,0.0,0.0,8,10205.0,10265.0,5,10290.0,10250.0,10255.0,10245.0,20.0,205000.0,794
2023-05-11 09:19:48,CJ2305,CJ2305,10205.0,2.0,20390.0,0.0,6,10205.0,10255.0,5,10290.0,10250.0,10255.0,10205.0,22.0,225390.0,794
2023-05-11 09:19:48,CJ2305,CJ2305,10205.0,2.0,20370.0,0.0,4,10205.0,10260.0,5,10290.0,10250.0,10255.0,10205.0,24.0,245760.0,794
2023-05-11 09:19:49,CJ2305,CJ2305,10205.0,0.0,0.0,0.0,4,10205.0,10255.0,5,10290.0,10250.0,10255.0,10205.0,24.0,245760.0,794
2023-05-11 09:19:50,CJ2305,CJ2305,10205.0,2.0,20480.0,0.0,2,10205.0,10260.0,5,10290.0,10250.0,10255.0,10205.0,26.0,266240.0,794
2023-05-11 09:19:50,CJ2305,CJ2305,10205.0,2.0,20340.0,0.0,6,10200.0,10265.0,5,10290.0,10250.0,10255.0,10205.0,28.0,286580.0,794
2023-05-11 09:19:56,CJ2305,CJ2305,10205.0,0.0,0.0,0.0,6,10200.0,10260.0,1,10290.0,10250.0,10255.0,10205.0,28.0,286580.0,794
2023-05-11 09:19:56,CJ2305,CJ2305,10205.0,0.0,0.0,0.0,6,10200.0,10265.0,5,10290.0,10250.0,10255.0,10205.0,28.0,286580.0,794
2023-05-11 09:19:59,CJ2305,CJ2305,10205.0,0.0,0.0,0.0,6,10200.0,10260.0,5,10290.0,10250.0,10255.0,10205.0,28.0,286580.0,794
2023-05-11 09:20:00,CJ2305,CJ2305,10205.0,0.0,0.0,0.0,6,10200.0,10270.0,5,10290.0,10250.0,10255.0,10205.0,28.0,286580.0,794
2023-05-11 09:20:01,CJ2305,CJ2305,10205.0,0.0,0.0,0.0,6,10200.0,10260.0,1,10290.0,10250.0,10255.0,10205.0,28.0,286580.0,794
2023-05-11 09:20:02,CJ2305,CJ2305,10205.0,0.0,0.0,0.0,6,10200.0,10265.0,5,10290.0,10250.0,10255.0,10205.0,28.0,286580.0,794
2023-05-11 09:20:02,CJ2305,CJ2305,10205.0,0.0,0.0,0.0,6,10200.0,10260.0,5,10290.0,10250.0,10255.0,10205.0,28.0,286580.0,794
2023-05-11 09:20:03,CJ2305,CJ2305,10205.0,0.0,0.0,0.0,6,10200.0,10265.0,5,10290.0,10250.0,10255.0,10205.0,28.0,286580.0,794
2023-05-11 09:20:08,CJ2305,CJ2305,10205.0,0.0,0.0,0.0,6,10200.0,10270.0,5,10290.0,10250.0,10255.0,10205.0,28.0,286580.0,794
2023-05-11 09:20:10,CJ2305,CJ2305,10205.0,0.0,0.0,0.0,6,10200.0,10265.0,1,10290.0,10250.0,10255.0,10205.0,28.0,286580.0,794
2023-05-11 09:20:11,CJ2305,CJ2305,10205.0,0.0,0.0,0.0,6,10200.0,10265.0,2,10290.0,10250.0,10255.0,10205.0,28.0,286580.0,794
2023-05-11 09:20:11,CJ2305,CJ2305,10205.0,0.0,0.0,0.0,6,10200.0,10270.0,5,10290.0,10250.0,10255.0,10205.0,28.0,286580.0,794
2023-05-11 09:20:13,CJ2305,CJ2305,10205.0,0.0,0.0,0.0,6,10200.0,10265.0,1,10290.0,10250.0,10255.0,10205.0,28.0,286580.0,794
2023-05-11 09:20:13,CJ2305,CJ2305,10205.0,0.0,0.0,0.0,6,10200.0,10270.0,5,10290.0,10250.0,10255.0,10205.0,28.0,286580.0,794
2023-05-11 09:20:15,CJ2305,CJ2305,10205.0,0.0,0.0,0.0,6,10200.0,10265.0,5,10290.0,10250.0,10255.0,10205.0,28.0,286580.0,794
2023-05-11 09:20:16,CJ2305,CJ2305,10205.0,0.0,0.0,0.0,6,10200.0,10270.0,5,10290.0,10250.0,10255.0,10205.0,28.0,286580.0,794
2023-05-11 09:20:17,CJ2305,CJ2305,10205.0,0.0,0.0,0.0,6,10200.0,10265.0,3,10290.0,10250.0,10255.0,10205.0,28.0,286580.0,794
2023-05-11 09:20:17,CJ2305,CJ2305,10205.0,0.0,0.0,0.0,6,10200.0,10265.0,1,10290.0,10250.0,10255.0,10205.0,28.0,286580.0,794
2023-05-11 09:20:18,CJ2305,CJ2305,10205.0,0.0,0.0,0.0,6,10200.0,10270.0,5,10290.0,10250.0,10255.0,10205.0,28.0,286580.0,794
2023-05-11 09:20:18,CJ2305,CJ2305,10205.0,0.0,0.0,0.0,6,10200.0,10265.0,5,10290.0,10250.0,10255.0,10205.0,28.0,286580.0,794
2023-05-11 09:20:26,CJ2305,CJ2305,10205.0,0.0,0.0,0.0,6,10200.0,10265.0,2,10290.0,10250.0,10255.0,10205.0,28.0,286580.0,794
2023-05-11 09:20:26,CJ2305,CJ2305,10205.0,0.0,0.0,0.0,6,10200.0,10265.0,1,10290.0,10250.0,10255.0,10205.0,28.0,286580.0,794
2023-05-11 09:20:26,CJ2305,CJ2305,10205.0,0.0,0.0,0.0,6,10200.0,10270.0,5,10290.0,10250.0,10255.0,10205.0,28.0,286580.0,794
2023-05-11 09:20:27,CJ2305,CJ2305,10205.0,0.0,0.0,0.0,6,10200.0,10265.0,3,10290.0,10250.0,10255.0,10205.0,28.0,286580.0,794
2023-05-11 09:20:28,CJ2305,CJ2305,10205.0,0.0,0.0,0.0,6,10200.0,10265.0,5,10290.0,10250.0,10255.0,10205.0,28.0,286580.0,794
2023-05-11 09:20:29,CJ2305,CJ2305,10200.0,6.0,61240.0,0.0,2,10175.0,10265.0,5,10290.0,10250.0,10255.0,10200.0,34.0,347820.0,794
2023-05-11 09:20:31,CJ2305,CJ2305,10200.0,0.0,0.0,0.0,2,10175.0,10270.0,5,10290.0,10250.0,10255.0,10200.0,34.0,347820.0,794
2023-05-11 09:20:31,CJ2305,CJ2305,10200.0,0.0,0.0,0.0,2,10175.0,10260.0,5,10290.0,10250.0,10255.0,10200.0,34.0,347820.0,794
2023-05-11 09:20:33,CJ2305,CJ2305,10200.0,0.0,0.0,0.0,2,10175.0,10265.0,5,10290.0,10250.0,10255.0,10200.0,34.0,347820.0,794
2023-05-11 09:20:34,CJ2305,CJ2305,10200.0,0.0,0.0,0.0,2,10175.0,10265.0,3,10290.0,10250.0,10255.0,10200.0,34.0,347820.0,794
2023-05-11 09:20:34,CJ2305,CJ2305,10200.0,0.0,0.0,0.0,2,10175.0,10265.0,2,10290.0,10250.0,10255.0,10200.0,34.0,347820.0,794
2023-05-11 09:20:35,CJ2305,CJ2305,10200.0,0.0,0.0,0.0,2,10175.0,10265.0,5,10290.0,10250.0,10255.0,10200.0,34.0,347820.0,794
2023-05-11 09:20:37,CJ2305,CJ2305,10200.0,0.0,0.0,0.0,2,10175.0,10260.0,5,10290.0,10250.0,10255.0,10200.0,34.0,347820.0,794
2023-05-11 09:20:39,CJ2305,CJ2305,10200.0,0.0,0.0,0.0,2,10175.0,10260.0,3,10290.0,10250.0,10255.0,10200.0,34.0,347820.0,794
2023-05-11 09:20:39,CJ2305,CJ2305,10200.0,0.0,0.0,0.0,2,10175.0,10265.0,5,10290.0,10250.0,10255.0,10200.0,34.0,347820.0,794
2023-05-11 09:20:43,CJ2305,CJ2305,10200.0,0.0,0.0,0.0,2,10175.0,10265.0,2,10290.0,10250.0,10255.0,10200.0,34.0,347820.0,794
2023-05-11 09:20:43,CJ2305,CJ2305,10200.0,0.0,0.0,0.0,2,10175.0,10270.0,5,10290.0,10250.0,10255.0,10200.0,34.0,347820.0,794
2023-05-11 09:20:46,CJ2305,CJ2305,10200.0,0.0,0.0,0.0,2,10175.0,10265.0,5,10290.0,10250.0,10255.0,10200.0,34.0,347820.0,794
2023-05-11 09:20:51,CJ2305,CJ2305,10200.0,0.0,0.0,0.0,2,10175.0,10270.0,5,10290.0,10250.0,10255.0,10200.0,34.0,347820.0,794
2023-05-11 09:20:54,CJ2305,CJ2305,10200.0,0.0,0.0,0.0,5,10180.0,10270.0,5,10290.0,10250.0,10255.0,10200.0,34.0,347820.0,794
2023-05-11 09:20:59,CJ2305,CJ2305,10200.0,0.0,0.0,0.0,5,10180.0,10265.0,5,10290.0,10250.0,10255.0,10200.0,34.0,347820.0,794
2023-05-11 09:21:09,CJ2305,CJ2305,10200.0,0.0,0.0,0.0,5,10180.0,10235.0,1,10290.0,10250.0,10255.0,10200.0,34.0,347820.0,794
2023-05-11 09:21:26,CJ2305,CJ2305,10200.0,0.0,0.0,0.0,5,10180.0,10240.0,1,10290.0,10250.0,10255.0,10200.0,34.0,347820.0,794
2023-05-11 09:21:45,CJ2305,CJ2305,10240.0,1.0,10230.0,-1.0,5,10180.0,10260.0,2,10290.0,10250.0,10255.0,10200.0,35.0,358050.0,793
2023-05-11 09:26:56,CJ2305,CJ2305,10240.0,0.0,0.0,0.0,9,10180.0,10260.0,2,10290.0,10250.0,10255.0,10200.0,35.0,358050.0,793
2023-05-11 09:27:00,CJ2305,CJ2305,10240.0,0.0,0.0,0.0,5,10180.0,10260.0,2,10290.0,10250.0,10255.0,10200.0,35.0,358050.0,793
2023-05-11 09:27:01,CJ2305,CJ2305,10240.0,0.0,0.0,0.0,9,10180.0,10260.0,2,10290.0,10250.0,10255.0,10200.0,35.0,358050.0,793
2023-05-11 09:27:04,CJ2305,CJ2305,10240.0,0.0,0.0,0.0,5,10180.0,10260.0,2,10290.0,10250.0,10255.0,10200.0,35.0,358050.0,793
2023-05-11 09:27:05,CJ2305,CJ2305,10240.0,0.0,0.0,0.0,9,10180.0,10260.0,2,10290.0,10250.0,10255.0,10200.0,35.0,358050.0,793
2023-05-11 09:27:08,CJ2305,CJ2305,10240.0,0.0,0.0,0.0,8,10180.0,10260.0,2,10290.0,10250.0,10255.0,10200.0,35.0,358050.0,793
2023-05-11 09:27:09,CJ2305,CJ2305,10240.0,0.0,0.0,0.0,5,10180.0,10260.0,2,10290.0,10250.0,10255.0,10200.0,35.0,358050.0,793
2023-05-11 09:27:13,CJ2305,CJ2305,10240.0,0.0,0.0,0.0,7,10180.0,10260.0,2,10290.0,10250.0,10255.0,10200.0,35.0,358050.0,793
2023-05-11 09:27:14,CJ2305,CJ2305,10240.0,0.0,0.0,0.0,5,10180.0,10260.0,2,10290.0,10250.0,10255.0,10200.0,35.0,358050.0,793
2023-05-11 09:30:08,CJ2305,CJ2305,10260.0,2.0,20460.0,0.0,5,10180.0,10275.0,5,10290.0,10250.0,10260.0,10200.0,37.0,378510.0,793
2023-05-11 09:30:08,CJ2305,CJ2305,10260.0,0.0,0.0,0.0,5,10180.0,10275.0,3,10290.0,10250.0,10260.0,10200.0,37.0,378510.0,793
2023-05-11 09:30:09,CJ2305,CJ2305,10260.0,0.0,0.0,0.0,5,10180.0,10275.0,5,10290.0,10250.0,10260.0,10200.0,37.0,378510.0,793
2023-05-11 09:30:19,CJ2305,CJ2305,10260.0,0.0,0.0,0.0,5,10180.0,10280.0,5,10290.0,10250.0,10260.0,10200.0,37.0,378510.0,793
2023-05-11 09:30:19,CJ2305,CJ2305,10260.0,0.0,0.0,0.0,5,10180.0,10275.0,4,10290.0,10250.0,10260.0,10200.0,37.0,378510.0,793
2023-05-11 09:30:19,CJ2305,CJ2305,10260.0,0.0,0.0,0.0,5,10180.0,10280.0,5,10290.0,10250.0,10260.0,10200.0,37.0,378510.0,793
2023-05-11 09:30:20,CJ2305,CJ2305,10260.0,0.0,0.0,0.0,5,10180.0,10275.0,3,10290.0,10250.0,10260.0,10200.0,37.0,378510.0,793
2023-05-11 09:30:23,CJ2305,CJ2305,10260.0,0.0,0.0,0.0,5,10180.0,10275.0,5,10290.0,10250.0,10260.0,10200.0,37.0,378510.0,793
2023-05-11 09:30:48,CJ2305,CJ2305,10260.0,0.0,0.0,0.0,5,10180.0,10280.0,5,10290.0,10250.0,10260.0,10200.0,37.0,378510.0,793
2023-05-11 09:31:12,CJ2305,CJ2305,10260.0,0.0,0.0,0.0,5,10180.0,10285.0,5,10290.0,10250.0,10260.0,10200.0,37.0,378510.0,793
2023-05-11 09:31:25,CJ2305,CJ2305,10260.0,0.0,0.0,0.0,5,10180.0,10290.0,5,10290.0,10250.0,10260.0,10200.0,37.0,378510.0,793
2023-05-11 09:31:26,CJ2305,CJ2305,10260.0,0.0,0.0,0.0,5,10180.0,10285.0,5,10290.0,10250.0,10260.0,10200.0,37.0,378510.0,793
2023-05-11 09:31:30,CJ2305,CJ2305,10260.0,0.0,0.0,0.0,5,10180.0,10285.0,3,10290.0,10250.0,10260.0,10200.0,37.0,378510.0,793
2023-05-11 09:31:30,CJ2305,CJ2305,10260.0,0.0,0.0,0.0,5,10180.0,10285.0,5,10290.0,10250.0,10260.0,10200.0,37.0,378510.0,793
2023-05-11 09:31:31,CJ2305,CJ2305,10260.0,0.0,0.0,0.0,5,10180.0,10280.0,5,10290.0,10250.0,10260.0,10200.0,37.0,378510.0,793
2023-05-11 09:31:31,CJ2305,CJ2305,10260.0,0.0,0.0,0.0,5,10180.0,10280.0,4,10290.0,10250.0,10260.0,10200.0,37.0,378510.0,793
2023-05-11 09:31:32,CJ2305,CJ2305,10260.0,0.0,0.0,0.0,5,10180.0,10280.0,5,10290.0,10250.0,10260.0,10200.0,37.0,378510.0,793
2023-05-11 09:31:39,CJ2305,CJ2305,10260.0,0.0,0.0,0.0,5,10180.0,10280.0,3,10290.0,10250.0,10260.0,10200.0,37.0,378510.0,793
2023-05-11 09:31:41,CJ2305,CJ2305,10260.0,0.0,0.0,0.0,5,10180.0,10280.0,5,10290.0,10250.0,10260.0,10200.0,37.0,378510.0,793
2023-05-11 09:31:43,CJ2305,CJ2305,10260.0,0.0,0.0,0.0,5,10180.0,10285.0,5,10290.0,10250.0,10260.0,10200.0,37.0,378510.0,793
2023-05-11 09:31:45,CJ2305,CJ2305,10260.0,0.0,0.0,0.0,5,10180.0,10280.0,5,10290.0,10250.0,10260.0,10200.0,37.0,378510.0,793
2023-05-11 09:32:02,CJ2305,CJ2305,10260.0,0.0,0.0,0.0,5,10180.0,10275.0,3,10290.0,10250.0,10260.0,10200.0,37.0,378510.0,793
2023-05-11 09:32:11,CJ2305,CJ2305,10260.0,0.0,0.0,0.0,5,10180.0,10275.0,4,10290.0,10250.0,10260.0,10200.0,37.0,378510.0,793
2023-05-11 09:32:11,CJ2305,CJ2305,10260.0,0.0,0.0,0.0,5,10180.0,10275.0,5,10290.0,10250.0,10260.0,10200.0,37.0,378510.0,793
2023-05-11 09:32:21,CJ2305,CJ2305,10260.0,0.0,0.0,0.0,5,10180.0,10280.0,5,10290.0,10250.0,10260.0,10200.0,37.0,378510.0,793
2023-05-11 09:32:24,CJ2305,CJ2305,10260.0,0.0,0.0,0.0,5,10180.0,10275.0,5,10290.0,10250.0,10260.0,10200.0,37.0,378510.0,793
2023-05-11 09:33:03,CJ2305,CJ2305,10260.0,0.0,0.0,0.0,5,10180.0,10270.0,4,10290.0,10250.0,10260.0,10200.0,37.0,378510.0,793
2023-05-11 09:33:09,CJ2305,CJ2305,10260.0,0.0,0.0,0.0,5,10180.0,10275.0,2,10290.0,10250.0,10260.0,10200.0,37.0,378510.0,793
2023-05-11 09:33:09,CJ2305,CJ2305,10260.0,0.0,0.0,0.0,5,10180.0,10275.0,5,10290.0,10250.0,10260.0,10200.0,37.0,378510.0,793
2023-05-11 09:33:14,CJ2305,CJ2305,10260.0,0.0,0.0,0.0,5,10180.0,10270.0,5,10290.0,10250.0,10260.0,10200.0,37.0,378510.0,793
2023-05-11 09:33:24,CJ2305,CJ2305,10260.0,0.0,0.0,0.0,5,10180.0,10260.0,2,10290.0,10250.0,10260.0,10200.0,37.0,378510.0,793
2023-05-11 09:35:19,CJ2305,CJ2305,10260.0,0.0,0.0,0.0,5,10180.0,10260.0,4,10290.0,10250.0,10260.0,10200.0,37.0,378510.0,793
2023-05-11 09:35:21,CJ2305,CJ2305,10260.0,0.0,0.0,0.0,5,10180.0,10260.0,7,10290.0,10250.0,10260.0,10200.0,37.0,378510.0,793
2023-05-11 09:35:51,CJ2305,CJ2305,10260.0,0.0,0.0,0.0,5,10180.0,10255.0,5,10290.0,10250.0,10260.0,10200.0,37.0,378510.0,793
2023-05-11 09:35:56,CJ2305,CJ2305,10260.0,0.0,0.0,0.0,5,10180.0,10250.0,1,10290.0,10250.0,10260.0,10200.0,37.0,378510.0,793
2023-05-11 09:35:56,CJ2305,CJ2305,10260.0,0.0,0.0,0.0,5,10180.0,10255.0,5,10290.0,10250.0,10260.0,10200.0,37.0,378510.0,793
2023-05-11 09:35:59,CJ2305,CJ2305,10260.0,0.0,0.0,0.0,5,10180.0,10260.0,7,10290.0,10250.0,10260.0,10200.0,37.0,378510.0,793
2023-05-11 09:36:03,CJ2305,CJ2305,10260.0,0.0,0.0,0.0,5,10180.0,10255.0,1,10290.0,10250.0,10260.0,10200.0,37.0,378510.0,793
2023-05-11 09:36:03,CJ2305,CJ2305,10260.0,0.0,0.0,0.0,5,10180.0,10255.0,5,10290.0,10250.0,10260.0,10200.0,37.0,378510.0,793
2023-05-11 09:36:12,CJ2305,CJ2305,10260.0,0.0,0.0,0.0,5,10180.0,10250.0,5,10290.0,10250.0,10260.0,10200.0,37.0,378510.0,793
2023-05-11 09:36:14,CJ2305,CJ2305,10260.0,0.0,0.0,0.0,5,10180.0,10250.0,4,10290.0,10250.0,10260.0,10200.0,37.0,378510.0,793
2023-05-11 09:36:17,CJ2305,CJ2305,10260.0,0.0,0.0,0.0,5,10180.0,10255.0,5,10290.0,10250.0,10260.0,10200.0,37.0,378510.0,793
2023-05-11 09:36:17,CJ2305,CJ2305,10260.0,0.0,0.0,0.0,5,10180.0,10250.0,3,10290.0,10250.0,10260.0,10200.0,37.0,378510.0,793
2023-05-11 09:36:18,CJ2305,CJ2305,10260.0,0.0,0.0,0.0,5,10180.0,10250.0,5,10290.0,10250.0,10260.0,10200.0,37.0,378510.0,793
2023-05-11 09:36:31,CJ2305,CJ2305,10250.0,5.0,51360.0,0.0,5,10180.0,10260.0,2,10290.0,10250.0,10260.0,10200.0,42.0,429870.0,793
2023-05-11 09:41:34,CJ2305,CJ2305,10250.0,0.0,0.0,0.0,5,10180.0,10250.0,16,10290.0,10250.0,10260.0,10200.0,42.0,429870.0,793
2023-05-11 09:41:48,CJ2305,CJ2305,10250.0,0.0,0.0,0.0,5,10220.0,10250.0,16,10290.0,10250.0,10260.0,10200.0,42.0,429870.0,793
2023-05-11 09:41:54,CJ2305,CJ2305,10250.0,0.0,0.0,0.0,5,10230.0,10250.0,16,10290.0,10250.0,10260.0,10200.0,42.0,429870.0,793
2023-05-11 09:41:54,CJ2305,CJ2305,10230.0,2.0,20470.0,-2.0,3,10230.0,10250.0,16,10290.0,10250.0,10260.0,10200.0,44.0,450340.0,791
2023-05-11 09:41:54,CJ2305,CJ2305,10230.0,2.0,20470.0,-2.0,1,10230.0,10250.0,16,10290.0,10250.0,10260.0,10200.0,46.0,470810.0,789
2023-05-11 09:42:24,CJ2305,CJ2305,10230.0,2.0,20470.0,-2.0,14,10230.0,10250.0,16,10290.0,10250.0,10260.0,10200.0,48.0,491280.0,787
2023-05-11 09:42:25,CJ2305,CJ2305,10230.0,2.0,20470.0,-2.0,12,10230.0,10250.0,16,10290.0,10250.0,10260.0,10200.0,50.0,511750.0,785
2023-05-11 09:42:25,CJ2305,CJ2305,10230.0,2.0,20470.0,-2.0,10,10230.0,10250.0,16,10290.0,10250.0,10260.0,10200.0,52.0,532220.0,783
2023-05-11 09:42:26,CJ2305,CJ2305,10230.0,2.0,20470.0,-2.0,8,10230.0,10250.0,16,10290.0,10250.0,10260.0,10200.0,54.0,552690.0,781
2023-05-11 09:42:26,CJ2305,CJ2305,10230.0,2.0,20470.0,-2.0,6,10230.0,10250.0,16,10290.0,10250.0,10260.0,10200.0,56.0,573160.0,779
2023-05-11 09:42:27,CJ2305,CJ2305,10230.0,2.0,20470.0,-2.0,4,10230.0,10250.0,16,10290.0,10250.0,10260.0,10200.0,58.0,593630.0,777
2023-05-11 09:42:27,CJ2305,CJ2305,10230.0,2.0,20470.0,-2.0,2,10230.0,10250.0,16,10290.0,10250.0,10260.0,10200.0,60.0,614100.0,775
2023-05-11 09:42:28,CJ2305,CJ2305,10230.0,2.0,20470.0,-2.0,5,10220.0,10250.0,16,10290.0,10250.0,10260.0,10200.0,62.0,634570.0,773
2023-05-11 09:42:28,CJ2305,CJ2305,10220.0,2.0,20150.0,-2.0,3,10220.0,10250.0,16,10290.0,10250.0,10260.0,10200.0,64.0,654720.0,771
2023-05-11 09:42:29,CJ2305,CJ2305,10220.0,2.0,20460.0,-2.0,1,10220.0,10250.0,16,10290.0,10250.0,10260.0,10200.0,66.0,675180.0,769
2023-05-11 09:43:12,CJ2305,CJ2305,10220.0,0.0,0.0,0.0,16,10220.0,10250.0,16,10290.0,10250.0,10260.0,10200.0,66.0,675180.0,769
2023-05-11 09:43:13,CJ2305,CJ2305,10220.0,2.0,20460.0,-2.0,14,10220.0,10250.0,16,10290.0,10250.0,10260.0,10200.0,68.0,695640.0,767
2023-05-11 09:43:14,CJ2305,CJ2305,10220.0,2.0,20460.0,-2.0,12,10220.0,10250.0,16,10290.0,10250.0,10260.0,10200.0,70.0,716100.0,765
2023-05-11 09:43:14,CJ2305,CJ2305,10220.0,2.0,20460.0,-2.0,10,10220.0,10250.0,16,10290.0,10250.0,10260.0,10200.0,72.0,736560.0,763
2023-05-11 09:43:15,CJ2305,CJ2305,10220.0,2.0,20460.0,-2.0,8,10220.0,10250.0,16,10290.0,10250.0,10260.0,10200.0,74.0,757020.0,761
2023-05-11 09:43:15,CJ2305,CJ2305,10220.0,2.0,20460.0,-2.0,6,10220.0,10250.0,16,10290.0,10250.0,10260.0,10200.0,76.0,777480.0,759
2023-05-11 09:43:16,CJ2305,CJ2305,10220.0,2.0,20460.0,-2.0,4,10220.0,10250.0,16,10290.0,10250.0,10260.0,10200.0,78.0,797940.0,757
2023-05-11 09:43:16,CJ2305,CJ2305,10220.0,2.0,20460.0,-2.0,2,10220.0,10250.0,16,10290.0,10250.0,10260.0,10200.0,80.0,818400.0,755
2023-05-11 09:43:17,CJ2305,CJ2305,10220.0,2.0,20460.0,-2.0,2,10175.0,10250.0,16,10290.0,10250.0,10260.0,10200.0,82.0,838860.0,753
2023-05-11 09:43:46,CJ2305,CJ2305,10220.0,0.0,0.0,0.0,16,10175.0,10250.0,16,10290.0,10250.0,10260.0,10200.0,82.0,838860.0,753
2023-05-11 09:44:10,CJ2305,CJ2305,10220.0,0.0,0.0,0.0,16,10175.0,10245.0,2,10290.0,10250.0,10260.0,10200.0,82.0,838860.0,753
2023-05-11 09:47:30,CJ2305,CJ2305,10220.0,0.0,0.0,0.0,2,10175.0,10245.0,2,10290.0,10250.0,10260.0,10200.0,82.0,838860.0,753
2023-05-11 09:48:31,CJ2305,CJ2305,10245.0,2.0,20460.0,0.0,2,10175.0,10250.0,16,10290.0,10250.0,10260.0,10200.0,84.0,859320.0,753
2023-05-11 09:50:55,CJ2305,CJ2305,10245.0,0.0,0.0,0.0,2,10175.0,10245.0,2,10290.0,10250.0,10260.0,10200.0,84.0,859320.0,753
2023-05-11 09:53:04,CJ2305,CJ2305,10245.0,0.0,0.0,0.0,15,10185.0,10245.0,2,10290.0,10250.0,10260.0,10200.0,84.0,859320.0,753
2023-05-11 09:53:56,CJ2305,CJ2305,10245.0,0.0,0.0,0.0,30,10185.0,10245.0,2,10290.0,10250.0,10260.0,10200.0,84.0,859320.0,753
2023-05-11 09:56:53,CJ2305,CJ2305,10245.0,0.0,0.0,0.0,10,10195.0,10245.0,2,10290.0,10250.0,10260.0,10200.0,84.0,859320.0,753
2023-05-11 10:00:02,CJ2305,CJ2305,10195.0,2.0,20460.0,-2.0,8,10195.0,10245.0,2,10290.0,10250.0,10260.0,10195.0,86.0,879780.0,751
2023-05-11 10:00:02,CJ2305,CJ2305,10195.0,2.0,20460.0,-2.0,6,10195.0,10245.0,2,10290.0,10250.0,10260.0,10195.0,88.0,900240.0,749
2023-05-11 10:00:03,CJ2305,CJ2305,10195.0,2.0,20460.0,-2.0,4,10195.0,10245.0,2,10290.0,10250.0,10260.0,10195.0,90.0,920700.0,747
2023-05-11 10:00:08,CJ2305,CJ2305,10195.0,2.0,20000.0,-2.0,2,10195.0,10245.0,2,10290.0,10250.0,10260.0,10195.0,92.0,940700.0,745
2023-05-11 10:00:09,CJ2305,CJ2305,10195.0,2.0,20450.0,-2.0,15,10185.0,10245.0,2,10290.0,10250.0,10260.0,10195.0,94.0,961150.0,743
2023-05-11 10:02:36,CJ2305,CJ2305,10195.0,0.0,0.0,0.0,10,10190.0,10245.0,2,10290.0,10250.0,10260.0,10195.0,94.0,961150.0,743
2023-05-11 10:03:21,CJ2305,CJ2305,10195.0,0.0,0.0,0.0,5,10195.0,10245.0,2,10290.0,10250.0,10260.0,10195.0,94.0,961150.0,743
2023-05-11 10:03:36,CJ2305,CJ2305,10195.0,0.0,0.0,0.0,10,10190.0,10245.0,2,10290.0,10250.0,10260.0,10195.0,94.0,961150.0,743
2023-05-11 10:04:11,CJ2305,CJ2305,10190.0,2.0,20450.0,-2.0,8,10190.0,10245.0,2,10290.0,10250.0,10260.0,10190.0,96.0,981600.0,741
2023-05-11 10:04:30,CJ2305,CJ2305,10190.0,2.0,20450.0,-2.0,6,10190.0,10245.0,2,10290.0,10250.0,10260.0,10190.0,98.0,1002050.0,739
2023-05-11 10:04:31,CJ2305,CJ2305,10190.0,2.0,20450.0,-2.0,4,10190.0,10245.0,2,10290.0,10250.0,10260.0,10190.0,100.0,1022500.0,737
2023-05-11 10:04:39,CJ2305,CJ2305,10190.0,2.0,20450.0,-2.0,2,10190.0,10245.0,2,10290.0,10250.0,10260.0,10190.0,102.0,1042950.0,735
2023-05-11 10:04:40,CJ2305,CJ2305,10190.0,2.0,20450.0,-2.0,15,10185.0,10245.0,2,10290.0,10250.0,10260.0,10190.0,104.0,1063400.0,733
2023-05-11 10:05:02,CJ2305,CJ2305,10190.0,0.0,0.0,0.0,10,10190.0,10245.0,2,10290.0,10250.0,10260.0,10190.0,104.0,1063400.0,733
2023-05-11 10:05:03,CJ2305,CJ2305,10190.0,2.0,19920.0,-2.0,8,10190.0,10245.0,2,10290.0,10250.0,10260.0,10190.0,106.0,1083320.0,731
2023-05-11 10:05:03,CJ2305,CJ2305,10190.0,2.0,20440.0,-2.0,6,10190.0,10245.0,2,10290.0,10250.0,10260.0,10190.0,108.0,1103760.0,729
2023-05-11 10:07:21,CJ2305,CJ2305,10190.0,0.0,0.0,0.0,15,10185.0,10245.0,2,10290.0,10250.0,10260.0,10190.0,108.0,1103760.0,729
2023-05-11 10:08:32,CJ2305,CJ2305,10190.0,0.0,0.0,0.0,10,10190.0,10245.0,2,10290.0,10250.0,10260.0,10190.0,108.0,1103760.0,729
2023-05-11 10:11:45,CJ2305,CJ2305,10190.0,0.0,0.0,0.0,4,10195.0,10245.0,2,10290.0,10250.0,10260.0,10190.0,108.0,1103760.0,729
2023-05-11 10:14:16,CJ2305,CJ2305,10190.0,0.0,0.0,0.0,4,10195.0,10240.0,8,10290.0,10250.0,10260.0,10190.0,108.0,1103760.0,729
2023-05-11 10:31:52,CJ2305,CJ2305,10190.0,0.0,0.0,0.0,4,10195.0,10240.0,3,10290.0,10250.0,10260.0,10190.0,108.0,1103760.0,729
2023-05-11 10:33:13,CJ2305,CJ2305,10190.0,0.0,0.0,0.0,5,10200.0,10240.0,3,10290.0,10250.0,10260.0,10190.0,108.0,1103760.0,729
2023-05-11 10:33:32,CJ2305,CJ2305,10200.0,5.0,51100.0,-5.0,4,10195.0,10240.0,3,10290.0,10250.0,10260.0,10190.0,113.0,1154860.0,724
2023-05-11 10:35:51,CJ2305,CJ2305,10240.0,2.0,20440.0,-2.0,4,10195.0,10240.0,1,10290.0,10250.0,10260.0,10190.0,115.0,1175300.0,722
2023-05-11 10:39:14,CJ2305,CJ2305,10240.0,1.0,10220.0,-1.0,4,10195.0,10245.0,2,10290.0,10250.0,10260.0,10190.0,116.0,1185520.0,721
2023-05-11 10:42:22,CJ2305,CJ2305,10195.0,2.0,20440.0,-2.0,2,10195.0,10245.0,2,10290.0,10250.0,10260.0,10190.0,118.0,1205960.0,719
2023-05-11 10:42:23,CJ2305,CJ2305,10195.0,2.0,20440.0,-2.0,10,10190.0,10245.0,2,10290.0,10250.0,10260.0,10190.0,120.0,1226400.0,717
2023-05-11 10:55:46,CJ2305,CJ2305,10245.0,2.0,20440.0,0.0,10,10190.0,10250.0,16,10290.0,10250.0,10260.0,10190.0,122.0,1246840.0,717
2023-05-11 10:57:36,CJ2305,CJ2305,10245.0,0.0,0.0,0.0,10,10190.0,10245.0,3,10290.0,10250.0,10260.0,10190.0,122.0,1246840.0,717
2023-05-11 10:58:05,CJ2305,CJ2305,10245.0,0.0,0.0,0.0,16,10195.0,10245.0,3,10290.0,10250.0,10260.0,10190.0,122.0,1246840.0,717
2023-05-11 10:58:11,CJ2305,CJ2305,10245.0,3.0,30660.0,0.0,16,10195.0,10250.0,16,10290.0,10250.0,10260.0,10190.0,125.0,1277500.0,717
2023-05-11 10:58:51,CJ2305,CJ2305,10250.0,10.0,102875.0,0.0,16,10195.0,10250.0,6,10290.0,10250.0,10260.0,10190.0,135.0,1380375.0,717
2023-05-11 11:00:22,CJ2305,CJ2305,10250.0,0.0,0.0,0.0,16,10195.0,10245.0,2,10290.0,10250.0,10260.0,10190.0,135.0,1380375.0,717
2023-05-11 11:02:01,CJ2305,CJ2305,10250.0,0.0,0.0,0.0,10,10200.0,10245.0,2,10290.0,10250.0,10260.0,10190.0,135.0,1380375.0,717
2023-05-11 11:02:11,CJ2305,CJ2305,10200.0,2.0,20450.0,-2.0,8,10200.0,10245.0,2,10290.0,10250.0,10260.0,10190.0,137.0,1400825.0,715
2023-05-11 11:06:49,CJ2305,CJ2305,10200.0,2.0,20450.0,0.0,6,10200.0,10245.0,2,10290.0,10250.0,10260.0,10190.0,139.0,1421275.0,715
2023-05-11 11:06:51,CJ2305,CJ2305,10200.0,2.0,19745.0,0.0,4,10200.0,10245.0,2,10290.0,10250.0,10260.0,10190.0,141.0,1441020.0,715
2023-05-11 11:06:52,CJ2305,CJ2305,10200.0,2.0,20440.0,0.0,2,10200.0,10245.0,2,10290.0,10250.0,10260.0,10190.0,143.0,1461460.0,715
2023-05-11 11:06:55,CJ2305,CJ2305,10200.0,2.0,20440.0,0.0,20,10185.0,10245.0,2,10290.0,10250.0,10260.0,10190.0,145.0,1481900.0,715
2023-05-11 11:07:17,CJ2305,CJ2305,10200.0,0.0,0.0,0.0,16,10190.0,10245.0,2,10290.0,10250.0,10260.0,10190.0,145.0,1481900.0,715
2023-05-11 11:15:19,CJ2305,CJ2305,10245.0,2.0,20440.0,0.0,16,10190.0,10250.0,6,10290.0,10250.0,10260.0,10190.0,147.0,1502340.0,715
2023-05-11 11:15:29,CJ2305,CJ2305,10245.0,0.0,0.0,0.0,16,10190.0,10240.0,3,10290.0,10250.0,10260.0,10190.0,147.0,1502340.0,715
2023-05-11 11:15:39,CJ2305,CJ2305,10240.0,3.0,30660.0,0.0,16,10190.0,10250.0,6,10290.0,10250.0,10260.0,10190.0,150.0,1533000.0,715
2023-05-11 11:15:47,CJ2305,CJ2305,10240.0,0.0,0.0,0.0,16,10190.0,10240.0,3,10290.0,10250.0,10260.0,10190.0,150.0,1533000.0,715
2023-05-11 11:15:52,CJ2305,CJ2305,10240.0,3.0,31425.0,0.0,16,10190.0,10250.0,6,10290.0,10250.0,10260.0,10190.0,153.0,1564425.0,715
2023-05-11 11:15:57,CJ2305,CJ2305,10240.0,0.0,0.0,0.0,16,10190.0,10240.0,3,10290.0,10250.0,10260.0,10190.0,153.0,1564425.0,715
2023-05-11 11:16:16,CJ2305,CJ2305,10240.0,3.0,30675.0,0.0,16,10190.0,10250.0,6,10290.0,10250.0,10260.0,10190.0,156.0,1595100.0,715
2023-05-11 11:16:55,CJ2305,CJ2305,10240.0,0.0,0.0,0.0,19,10190.0,10250.0,6,10290.0,10250.0,10260.0,10190.0,156.0,1595100.0,715
2023-05-11 11:16:56,CJ2305,CJ2305,10240.0,0.0,0.0,0.0,17,10190.0,10250.0,6,10290.0,10250.0,10260.0,10190.0,156.0,1595100.0,715
2023-05-11 11:17:00,CJ2305,CJ2305,10240.0,0.0,0.0,0.0,16,10190.0,10250.0,6,10290.0,10250.0,10260.0,10190.0,156.0,1595100.0,715
2023-05-11 11:17:41,CJ2305,CJ2305,10240.0,0.0,0.0,0.0,17,10190.0,10250.0,6,10290.0,10250.0,10260.0,10190.0,156.0,1595100.0,715
2023-05-11 11:18:10,CJ2305,CJ2305,10240.0,0.0,0.0,0.0,16,10190.0,10250.0,6,10290.0,10250.0,10260.0,10190.0,156.0,1595100.0,715
2023-05-11 11:18:47,CJ2305,CJ2305,10240.0,0.0,0.0,0.0,17,10190.0,10250.0,6,10290.0,10250.0,10260.0,10190.0,156.0,1595100.0,715
2023-05-11 11:19:47,CJ2305,CJ2305,10240.0,0.0,0.0,0.0,16,10190.0,10250.0,6,10290.0,10250.0,10260.0,10190.0,156.0,1595100.0,715
2023-05-11 11:20:11,CJ2305,CJ2305,10240.0,0.0,0.0,0.0,20,10190.0,10250.0,6,10290.0,10250.0,10260.0,10190.0,156.0,1595100.0,715
2023-05-11 11:20:21,CJ2305,CJ2305,10240.0,0.0,0.0,0.0,16,10190.0,10250.0,6,10290.0,10250.0,10260.0,10190.0,156.0,1595100.0,715
2023-05-11 11:20:27,CJ2305,CJ2305,10240.0,0.0,0.0,0.0,1,10200.0,10250.0,6,10290.0,10250.0,10260.0,10190.0,156.0,1595100.0,715
2023-05-11 11:20:32,CJ2305,CJ2305,10240.0,0.0,0.0,0.0,16,10190.0,10250.0,6,10290.0,10250.0,10260.0,10190.0,156.0,1595100.0,715
2023-05-11 13:30:39,CJ2305,CJ2305,10240.0,0.0,0.0,0.0,20,10185.0,10250.0,6,10290.0,10250.0,10260.0,10190.0,156.0,1595100.0,715
2023-05-11 13:31:43,CJ2305,CJ2305,10240.0,0.0,0.0,0.0,20,10190.0,10250.0,6,10290.0,10250.0,10260.0,10190.0,156.0,1595100.0,715
2023-05-11 13:34:54,CJ2305,CJ2305,10190.0,2.0,20450.0,-2.0,18,10190.0,10250.0,6,10290.0,10250.0,10260.0,10190.0,158.0,1615550.0,713
2023-05-11 13:34:55,CJ2305,CJ2305,10190.0,2.0,19650.0,-2.0,16,10190.0,10250.0,6,10290.0,10250.0,10260.0,10190.0,160.0,1635200.0,711
2023-05-11 13:34:55,CJ2305,CJ2305,10190.0,2.0,20440.0,-2.0,14,10190.0,10250.0,6,10290.0,10250.0,10260.0,10190.0,162.0,1655640.0,709
2023-05-11 13:34:56,CJ2305,CJ2305,10190.0,2.0,20440.0,-2.0,12,10190.0,10250.0,6,10290.0,10250.0,10260.0,10190.0,164.0,1676080.0,707
2023-05-11 13:35:04,CJ2305,CJ2305,10190.0,0.0,0.0,0.0,12,10190.0,10250.0,11,10290.0,10250.0,10260.0,10190.0,164.0,1676080.0,707
2023-05-11 13:35:04,CJ2305,CJ2305,10190.0,2.0,20440.0,0.0,10,10190.0,10250.0,11,10290.0,10250.0,10260.0,10190.0,166.0,1696520.0,707
2023-05-11 13:35:04,CJ2305,CJ2305,10190.0,2.0,20440.0,0.0,8,10190.0,10250.0,6,10290.0,10250.0,10260.0,10190.0,168.0,1716960.0,707
2023-05-11 13:35:05,CJ2305,CJ2305,10190.0,2.0,20440.0,0.0,6,10190.0,10250.0,6,10290.0,10250.0,10260.0,10190.0,170.0,1737400.0,707
2023-05-11 13:45:27,CJ2305,CJ2305,10190.0,0.0,0.0,0.0,6,10190.0,10230.0,6,10290.0,10250.0,10260.0,10190.0,170.0,1737400.0,707
2023-05-11 13:47:27,CJ2305,CJ2305,10230.0,4.0,40880.0,-4.0,6,10190.0,10230.0,2,10290.0,10250.0,10260.0,10190.0,174.0,1778280.0,703
2023-05-11 13:47:35,CJ2305,CJ2305,10230.0,2.0,20440.0,-2.0,6,10190.0,10310.0,5,10290.0,10250.0,10260.0,10190.0,176.0,1798720.0,701
2023-05-11 13:48:42,CJ2305,CJ2305,10230.0,0.0,0.0,0.0,6,10190.0,10315.0,5,10290.0,10250.0,10260.0,10190.0,176.0,1798720.0,701
2023-05-11 13:48:48,CJ2305,CJ2305,10230.0,0.0,0.0,0.0,5,10195.0,10315.0,5,10290.0,10250.0,10260.0,10190.0,176.0,1798720.0,701
2023-05-11 13:48:54,CJ2305,CJ2305,10230.0,0.0,0.0,0.0,5,10195.0,10320.0,5,10290.0,10250.0,10260.0,10190.0,176.0,1798720.0,701
2023-05-11 13:49:36,CJ2305,CJ2305,10230.0,0.0,0.0,0.0,5,10195.0,10315.0,4,10290.0,10250.0,10260.0,10190.0,176.0,1798720.0,701
2023-05-11 13:49:37,CJ2305,CJ2305,10230.0,0.0,0.0,0.0,5,10195.0,10315.0,5,10290.0,10250.0,10260.0,10190.0,176.0,1798720.0,701
2023-05-11 13:49:43,CJ2305,CJ2305,10230.0,0.0,0.0,0.0,4,10195.0,10315.0,5,10290.0,10250.0,10260.0,10190.0,176.0,1798720.0,701
2023-05-11 13:49:50,CJ2305,CJ2305,10230.0,0.0,0.0,0.0,4,10195.0,10315.0,4,10290.0,10250.0,10260.0,10190.0,176.0,1798720.0,701
2023-05-11 13:49:50,CJ2305,CJ2305,10230.0,0.0,0.0,0.0,4,10195.0,10320.0,5,10290.0,10250.0,10260.0,10190.0,176.0,1798720.0,701
2023-05-11 13:49:53,CJ2305,CJ2305,10230.0,0.0,0.0,0.0,4,10195.0,10315.0,1,10290.0,10250.0,10260.0,10190.0,176.0,1798720.0,701
2023-05-11 13:49:58,CJ2305,CJ2305,10230.0,0.0,0.0,0.0,4,10195.0,10320.0,5,10290.0,10250.0,10260.0,10190.0,176.0,1798720.0,701
2023-05-11 13:50:07,CJ2305,CJ2305,10230.0,0.0,0.0,0.0,4,10195.0,10315.0,5,10290.0,10250.0,10260.0,10190.0,176.0,1798720.0,701
2023-05-11 13:50:08,CJ2305,CJ2305,10230.0,0.0,0.0,0.0,4,10195.0,10315.0,3,10290.0,10250.0,10260.0,10190.0,176.0,1798720.0,701
2023-05-11 13:50:08,CJ2305,CJ2305,10230.0,0.0,0.0,0.0,4,10195.0,10320.0,5,10290.0,10250.0,10260.0,10190.0,176.0,1798720.0,701
2023-05-11 13:50:09,CJ2305,CJ2305,10230.0,0.0,0.0,0.0,4,10195.0,10315.0,5,10290.0,10250.0,10260.0,10190.0,176.0,1798720.0,701
2023-05-11 13:50:29,CJ2305,CJ2305,10230.0,0.0,0.0,0.0,3,10195.0,10315.0,5,10290.0,10250.0,10260.0,10190.0,176.0,1798720.0,701
2023-05-11 13:50:31,CJ2305,CJ2305,10230.0,0.0,0.0,0.0,2,10195.0,10315.0,5,10290.0,10250.0,10260.0,10190.0,176.0,1798720.0,701
2023-05-11 13:50:31,CJ2305,CJ2305,10230.0,0.0,0.0,0.0,1,10195.0,10315.0,5,10290.0,10250.0,10260.0,10190.0,176.0,1798720.0,701
2023-05-11 13:50:33,CJ2305,CJ2305,10230.0,0.0,0.0,0.0,6,10190.0,10315.0,5,10290.0,10250.0,10260.0,10190.0,176.0,1798720.0,701
2023-05-11 13:50:33,CJ2305,CJ2305,10230.0,0.0,0.0,0.0,6,10190.0,10310.0,4,10290.0,10250.0,10260.0,10190.0,176.0,1798720.0,701
2023-05-11 13:50:35,CJ2305,CJ2305,10230.0,0.0,0.0,0.0,6,10190.0,10310.0,5,10290.0,10250.0,10260.0,10190.0,176.0,1798720.0,701
2023-05-11 13:50:59,CJ2305,CJ2305,10230.0,0.0,0.0,0.0,6,10190.0,10305.0,5,10290.0,10250.0,10260.0,10190.0,176.0,1798720.0,701
2023-05-11 13:51:14,CJ2305,CJ2305,10230.0,0.0,0.0,0.0,6,10190.0,10310.0,5,10290.0,10250.0,10260.0,10190.0,176.0,1798720.0,701
2023-05-11 13:51:28,CJ2305,CJ2305,10230.0,0.0,0.0,0.0,6,10190.0,10305.0,5,10290.0,10250.0,10260.0,10190.0,176.0,1798720.0,701
2023-05-11 13:51:35,CJ2305,CJ2305,10230.0,0.0,0.0,0.0,6,10190.0,10305.0,4,10290.0,10250.0,10260.0,10190.0,176.0,1798720.0,701
2023-05-11 13:51:38,CJ2305,CJ2305,10230.0,0.0,0.0,0.0,6,10190.0,10310.0,5,10290.0,10250.0,10260.0,10190.0,176.0,1798720.0,701
2023-05-11 13:51:39,CJ2305,CJ2305,10230.0,0.0,0.0,0.0,6,10190.0,10315.0,5,10290.0,10250.0,10260.0,10190.0,176.0,1798720.0,701
2023-05-11 13:51:53,CJ2305,CJ2305,10230.0,0.0,0.0,0.0,6,10190.0,10310.0,5,10290.0,10250.0,10260.0,10190.0,176.0,1798720.0,701
2023-05-11 13:52:03,CJ2305,CJ2305,10230.0,0.0,0.0,0.0,6,10190.0,10310.0,1,10290.0,10250.0,10260.0,10190.0,176.0,1798720.0,701
2023-05-11 13:52:03,CJ2305,CJ2305,10230.0,0.0,0.0,0.0,6,10190.0,10310.0,5,10290.0,10250.0,10260.0,10190.0,176.0,1798720.0,701
2023-05-11 13:52:11,CJ2305,CJ2305,10230.0,0.0,0.0,0.0,6,10190.0,10305.0,5,10290.0,10250.0,10260.0,10190.0,176.0,1798720.0,701
2023-05-11 13:52:20,CJ2305,CJ2305,10230.0,0.0,0.0,0.0,6,10190.0,10310.0,5,10290.0,10250.0,10260.0,10190.0,176.0,1798720.0,701
2023-05-11 13:52:21,CJ2305,CJ2305,10230.0,0.0,0.0,0.0,6,10190.0,10305.0,1,10290.0,10250.0,10260.0,10190.0,176.0,1798720.0,701
2023-05-11 13:52:21,CJ2305,CJ2305,10230.0,0.0,0.0,0.0,6,10190.0,10305.0,3,10290.0,10250.0,10260.0,10190.0,176.0,1798720.0,701
2023-05-11 13:52:28,CJ2305,CJ2305,10230.0,0.0,0.0,0.0,6,10190.0,10305.0,1,10290.0,10250.0,10260.0,10190.0,176.0,1798720.0,701
2023-05-11 13:52:31,CJ2305,CJ2305,10230.0,0.0,0.0,0.0,6,10190.0,10310.0,5,10290.0,10250.0,10260.0,10190.0,176.0,1798720.0,701
2023-05-11 13:52:34,CJ2305,CJ2305,10230.0,0.0,0.0,0.0,6,10190.0,10305.0,2,10290.0,10250.0,10260.0,10190.0,176.0,1798720.0,701
2023-05-11 13:52:35,CJ2305,CJ2305,10230.0,0.0,0.0,0.0,6,10190.0,10305.0,5,10290.0,10250.0,10260.0,10190.0,176.0,1798720.0,701
2023-05-11 13:53:01,CJ2305,CJ2305,10230.0,0.0,0.0,0.0,6,10190.0,10310.0,5,10290.0,10250.0,10260.0,10190.0,176.0,1798720.0,701
2023-05-11 13:53:11,CJ2305,CJ2305,10230.0,0.0,0.0,0.0,6,10190.0,10305.0,5,10290.0,10250.0,10260.0,10190.0,176.0,1798720.0,701
2023-05-11 13:53:31,CJ2305,CJ2305,10230.0,0.0,0.0,0.0,6,10190.0,10310.0,5,10290.0,10250.0,10260.0,10190.0,176.0,1798720.0,701
2023-05-11 13:53:32,CJ2305,CJ2305,10230.0,0.0,0.0,0.0,6,10190.0,10305.0,5,10290.0,10250.0,10260.0,10190.0,176.0,1798720.0,701
2023-05-11 13:53:32,CJ2305,CJ2305,10230.0,0.0,0.0,0.0,6,10190.0,10310.0,5,10290.0,10250.0,10260.0,10190.0,176.0,1798720.0,701
2023-05-11 13:53:41,CJ2305,CJ2305,10230.0,0.0,0.0,0.0,6,10190.0,10305.0,3,10290.0,10250.0,10260.0,10190.0,176.0,1798720.0,701
2023-05-11 13:53:41,CJ2305,CJ2305,10230.0,0.0,0.0,0.0,6,10190.0,10305.0,5,10290.0,10250.0,10260.0,10190.0,176.0,1798720.0,701
2023-05-11 13:53:45,CJ2305,CJ2305,10230.0,0.0,0.0,0.0,6,10190.0,10310.0,5,10290.0,10250.0,10260.0,10190.0,176.0,1798720.0,701
2023-05-11 13:53:56,CJ2305,CJ2305,10230.0,0.0,0.0,0.0,6,10190.0,10300.0,5,10290.0,10250.0,10260.0,10190.0,176.0,1798720.0,701
2023-05-11 13:53:56,CJ2305,CJ2305,10230.0,0.0,0.0,0.0,6,10190.0,10305.0,5,10290.0,10250.0,10260.0,10190.0,176.0,1798720.0,701
2023-05-11 13:54:22,CJ2305,CJ2305,10230.0,0.0,0.0,0.0,6,10190.0,10300.0,4,10290.0,10250.0,10260.0,10190.0,176.0,1798720.0,701
2023-05-11 13:54:22,CJ2305,CJ2305,10230.0,0.0,0.0,0.0,6,10190.0,10300.0,5,10290.0,10250.0,10260.0,10190.0,176.0,1798720.0,701
2023-05-11 13:54:38,CJ2305,CJ2305,10230.0,0.0,0.0,0.0,6,10190.0,10295.0,4,10290.0,10250.0,10260.0,10190.0,176.0,1798720.0,701
2023-05-11 13:54:38,CJ2305,CJ2305,10230.0,0.0,0.0,0.0,6,10190.0,10295.0,5,10290.0,10250.0,10260.0,10190.0,176.0,1798720.0,701
2023-05-11 13:54:44,CJ2305,CJ2305,10230.0,0.0,0.0,0.0,6,10190.0,10295.0,4,10290.0,10250.0,10260.0,10190.0,176.0,1798720.0,701
2023-05-11 13:54:55,CJ2305,CJ2305,10230.0,0.0,0.0,0.0,6,10190.0,10300.0,5,10290.0,10250.0,10260.0,10190.0,176.0,1798720.0,701
2023-05-11 13:54:59,CJ2305,CJ2305,10230.0,0.0,0.0,0.0,6,10190.0,10295.0,4,10290.0,10250.0,10260.0,10190.0,176.0,1798720.0,701
2023-05-11 13:54:59,CJ2305,CJ2305,10230.0,0.0,0.0,0.0,6,10190.0,10295.0,5,10290.0,10250.0,10260.0,10190.0,176.0,1798720.0,701
2023-05-11 13:55:10,CJ2305,CJ2305,10230.0,0.0,0.0,0.0,6,10190.0,10295.0,2,10290.0,10250.0,10260.0,10190.0,176.0,1798720.0,701
2023-05-11 13:55:10,CJ2305,CJ2305,10230.0,0.0,0.0,0.0,6,10190.0,10295.0,5,10290.0,10250.0,10260.0,10190.0,176.0,1798720.0,701
2023-05-11 13:55:24,CJ2305,CJ2305,10230.0,0.0,0.0,0.0,6,10190.0,10290.0,5,10290.0,10250.0,10260.0,10190.0,176.0,1798720.0,701
2023-05-11 13:55:25,CJ2305,CJ2305,10230.0,0.0,0.0,0.0,6,10190.0,10285.0,5,10290.0,10250.0,10260.0,10190.0,176.0,1798720.0,701
2023-05-11 13:55:30,CJ2305,CJ2305,10230.0,0.0,0.0,0.0,6,10190.0,10285.0,4,10290.0,10250.0,10260.0,10190.0,176.0,1798720.0,701
2023-05-11 13:55:30,CJ2305,CJ2305,10230.0,0.0,0.0,0.0,6,10190.0,10285.0,5,10290.0,10250.0,10260.0,10190.0,176.0,1798720.0,701
2023-05-11 13:55:44,CJ2305,CJ2305,10230.0,0.0,0.0,0.0,6,10190.0,10290.0,5,10290.0,10250.0,10260.0,10190.0,176.0,1798720.0,701
2023-05-11 13:55:46,CJ2305,CJ2305,10230.0,0.0,0.0,0.0,6,10190.0,10285.0,4,10290.0,10250.0,10260.0,10190.0,176.0,1798720.0,701
2023-05-11 13:55:46,CJ2305,CJ2305,10230.0,0.0,0.0,0.0,6,10190.0,10285.0,5,10290.0,10250.0,10260.0,10190.0,176.0,1798720.0,701
2023-05-11 13:55:48,CJ2305,CJ2305,10230.0,0.0,0.0,0.0,6,10190.0,10290.0,5,10290.0,10250.0,10260.0,10190.0,176.0,1798720.0,701
2023-05-11 13:55:53,CJ2305,CJ2305,10230.0,0.0,0.0,0.0,6,10190.0,10285.0,5,10290.0,10250.0,10260.0,10190.0,176.0,1798720.0,701
2023-05-11 13:56:03,CJ2305,CJ2305,10230.0,0.0,0.0,0.0,6,10190.0,10285.0,4,10290.0,10250.0,10260.0,10190.0,176.0,1798720.0,701
2023-05-11 13:56:04,CJ2305,CJ2305,10230.0,0.0,0.0,0.0,6,10190.0,10285.0,2,10290.0,10250.0,10260.0,10190.0,176.0,1798720.0,701
2023-05-11 13:56:04,CJ2305,CJ2305,10230.0,0.0,0.0,0.0,6,10190.0,10290.0,5,10290.0,10250.0,10260.0,10190.0,176.0,1798720.0,701
2023-05-11 13:56:23,CJ2305,CJ2305,10230.0,0.0,0.0,0.0,6,10190.0,10295.0,5,10290.0,10250.0,10260.0,10190.0,176.0,1798720.0,701
2023-05-11 13:56:29,CJ2305,CJ2305,10230.0,0.0,0.0,0.0,6,10190.0,10290.0,5,10290.0,10250.0,10260.0,10190.0,176.0,1798720.0,701
2023-05-11 13:56:35,CJ2305,CJ2305,10230.0,0.0,0.0,0.0,6,10190.0,10290.0,2,10290.0,10250.0,10260.0,10190.0,176.0,1798720.0,701
2023-05-11 13:56:35,CJ2305,CJ2305,10230.0,0.0,0.0,0.0,6,10190.0,10295.0,5,10290.0,10250.0,10260.0,10190.0,176.0,1798720.0,701
2023-05-11 13:56:36,CJ2305,CJ2305,10230.0,0.0,0.0,0.0,6,10190.0,10290.0,5,10290.0,10250.0,10260.0,10190.0,176.0,1798720.0,701
2023-05-11 13:56:37,CJ2305,CJ2305,10230.0,0.0,0.0,0.0,6,10190.0,10295.0,5,10290.0,10250.0,10260.0,10190.0,176.0,1798720.0,701
2023-05-11 13:56:41,CJ2305,CJ2305,10230.0,0.0,0.0,0.0,6,10190.0,10290.0,1,10290.0,10250.0,10260.0,10190.0,176.0,1798720.0,701
2023-05-11 13:56:42,CJ2305,CJ2305,10230.0,0.0,0.0,0.0,6,10190.0,10290.0,5,10290.0,10250.0,10260.0,10190.0,176.0,1798720.0,701
2023-05-11 13:56:44,CJ2305,CJ2305,10230.0,0.0,0.0,0.0,6,10190.0,10295.0,5,10290.0,10250.0,10260.0,10190.0,176.0,1798720.0,701
2023-05-11 13:57:08,CJ2305,CJ2305,10230.0,0.0,0.0,0.0,6,10190.0,10290.0,1,10290.0,10250.0,10260.0,10190.0,176.0,1798720.0,701
2023-05-11 13:57:13,CJ2305,CJ2305,10230.0,0.0,0.0,0.0,6,10190.0,10290.0,5,10290.0,10250.0,10260.0,10190.0,176.0,1798720.0,701
2023-05-11 13:57:25,CJ2305,CJ2305,10230.0,0.0,0.0,0.0,6,10190.0,10285.0,5,10290.0,10250.0,10260.0,10190.0,176.0,1798720.0,701
2023-05-11 13:57:51,CJ2305,CJ2305,10230.0,0.0,0.0,0.0,6,10190.0,10285.0,4,10290.0,10250.0,10260.0,10190.0,176.0,1798720.0,701
2023-05-11 13:57:52,CJ2305,CJ2305,10230.0,0.0,0.0,0.0,6,10190.0,10285.0,5,10290.0,10250.0,10260.0,10190.0,176.0,1798720.0,701
2023-05-11 13:57:54,CJ2305,CJ2305,10230.0,0.0,0.0,0.0,6,10190.0,10290.0,5,10290.0,10250.0,10260.0,10190.0,176.0,1798720.0,701
2023-05-11 13:58:05,CJ2305,CJ2305,10230.0,0.0,0.0,0.0,6,10190.0,10285.0,4,10290.0,10250.0,10260.0,10190.0,176.0,1798720.0,701
2023-05-11 13:58:05,CJ2305,CJ2305,10230.0,0.0,0.0,0.0,6,10190.0,10285.0,5,10290.0,10250.0,10260.0,10190.0,176.0,1798720.0,701
2023-05-11 13:58:23,CJ2305,CJ2305,10230.0,0.0,0.0,0.0,6,10190.0,10280.0,5,10290.0,10250.0,10260.0,10190.0,176.0,1798720.0,701
2023-05-11 13:58:29,CJ2305,CJ2305,10230.0,0.0,0.0,0.0,6,10190.0,10280.0,4,10290.0,10250.0,10260.0,10190.0,176.0,1798720.0,701
2023-05-11 13:58:30,CJ2305,CJ2305,10230.0,0.0,0.0,0.0,6,10190.0,10280.0,5,10290.0,10250.0,10260.0,10190.0,176.0,1798720.0,701
2023-05-11 13:58:32,CJ2305,CJ2305,10230.0,0.0,0.0,0.0,6,10190.0,10275.0,5,10290.0,10250.0,10260.0,10190.0,176.0,1798720.0,701
2023-05-11 13:58:38,CJ2305,CJ2305,10230.0,0.0,0.0,0.0,6,10190.0,10280.0,5,10290.0,10250.0,10260.0,10190.0,176.0,1798720.0,701
2023-05-11 13:58:39,CJ2305,CJ2305,10230.0,0.0,0.0,0.0,6,10190.0,10275.0,4,10290.0,10250.0,10260.0,10190.0,176.0,1798720.0,701
2023-05-11 13:58:41,CJ2305,CJ2305,10230.0,0.0,0.0,0.0,6,10190.0,10280.0,5,10290.0,10250.0,10260.0,10190.0,176.0,1798720.0,701
2023-05-11 13:58:48,CJ2305,CJ2305,10230.0,0.0,0.0,0.0,6,10190.0,10275.0,5,10290.0,10250.0,10260.0,10190.0,176.0,1798720.0,701
2023-05-11 13:58:55,CJ2305,CJ2305,10230.0,0.0,0.0,0.0,6,10190.0,10280.0,5,10290.0,10250.0,10260.0,10190.0,176.0,1798720.0,701
2023-05-11 13:58:57,CJ2305,CJ2305,10230.0,0.0,0.0,0.0,6,10190.0,10275.0,5,10290.0,10250.0,10260.0,10190.0,176.0,1798720.0,701
2023-05-11 13:59:13,CJ2305,CJ2305,10230.0,0.0,0.0,0.0,6,10190.0,10270.0,5,10290.0,10250.0,10260.0,10190.0,176.0,1798720.0,701
2023-05-11 13:59:24,CJ2305,CJ2305,10230.0,0.0,0.0,0.0,6,10190.0,10270.0,1,10290.0,10250.0,10260.0,10190.0,176.0,1798720.0,701
2023-05-11 13:59:24,CJ2305,CJ2305,10230.0,0.0,0.0,0.0,6,10190.0,10270.0,5,10290.0,10250.0,10260.0,10190.0,176.0,1798720.0,701
2023-05-11 13:59:25,CJ2305,CJ2305,10230.0,0.0,0.0,0.0,6,10190.0,10270.0,3,10290.0,10250.0,10260.0,10190.0,176.0,1798720.0,701
2023-05-11 13:59:25,CJ2305,CJ2305,10230.0,0.0,0.0,0.0,6,10190.0,10270.0,5,10290.0,10250.0,10260.0,10190.0,176.0,1798720.0,701
2023-05-11 13:59:26,CJ2305,CJ2305,10230.0,0.0,0.0,0.0,6,10190.0,10280.0,5,10290.0,10250.0,10260.0,10190.0,176.0,1798720.0,701
2023-05-11 13:59:27,CJ2305,CJ2305,10230.0,0.0,0.0,0.0,6,10190.0,10275.0,4,10290.0,10250.0,10260.0,10190.0,176.0,1798720.0,701
2023-05-11 13:59:27,CJ2305,CJ2305,10230.0,0.0,0.0,0.0,6,10190.0,10275.0,2,10290.0,10250.0,10260.0,10190.0,176.0,1798720.0,701
2023-05-11 13:59:28,CJ2305,CJ2305,10230.0,0.0,0.0,0.0,6,10190.0,10275.0,5,10290.0,10250.0,10260.0,10190.0,176.0,1798720.0,701
2023-05-11 13:59:48,CJ2305,CJ2305,10230.0,0.0,0.0,0.0,6,10190.0,10275.0,3,10290.0,10250.0,10260.0,10190.0,176.0,1798720.0,701
2023-05-11 13:59:49,CJ2305,CJ2305,10230.0,0.0,0.0,0.0,6,10190.0,10275.0,4,10290.0,10250.0,10260.0,10190.0,176.0,1798720.0,701
2023-05-11 13:59:50,CJ2305,CJ2305,10230.0,0.0,0.0,0.0,6,10190.0,10280.0,5,10290.0,10250.0,10260.0,10190.0,176.0,1798720.0,701
2023-05-11 14:00:30,CJ2305,CJ2305,10230.0,0.0,0.0,0.0,6,10190.0,10275.0,5,10290.0,10250.0,10260.0,10190.0,176.0,1798720.0,701
2023-05-11 14:00:59,CJ2305,CJ2305,10230.0,0.0,0.0,0.0,6,10190.0,10275.0,4,10290.0,10250.0,10260.0,10190.0,176.0,1798720.0,701
2023-05-11 14:00:59,CJ2305,CJ2305,10230.0,0.0,0.0,0.0,6,10190.0,10275.0,5,10290.0,10250.0,10260.0,10190.0,176.0,1798720.0,701
2023-05-11 14:01:16,CJ2305,CJ2305,10230.0,0.0,0.0,0.0,6,10190.0,10270.0,5,10290.0,10250.0,10260.0,10190.0,176.0,1798720.0,701
2023-05-11 14:01:22,CJ2305,CJ2305,10230.0,0.0,0.0,0.0,6,10190.0,10275.0,5,10290.0,10250.0,10260.0,10190.0,176.0,1798720.0,701
2023-05-11 14:01:38,CJ2305,CJ2305,10230.0,0.0,0.0,0.0,6,10190.0,10280.0,5,10290.0,10250.0,10260.0,10190.0,176.0,1798720.0,701
2023-05-11 14:01:39,CJ2305,CJ2305,10230.0,0.0,0.0,0.0,6,10190.0,10275.0,3,10290.0,10250.0,10260.0,10190.0,176.0,1798720.0,701
2023-05-11 14:01:43,CJ2305,CJ2305,10230.0,0.0,0.0,0.0,6,10190.0,10280.0,5,10290.0,10250.0,10260.0,10190.0,176.0,1798720.0,701
2023-05-11 14:02:22,CJ2305,CJ2305,10230.0,0.0,0.0,0.0,6,10190.0,10275.0,4,10290.0,10250.0,10260.0,10190.0,176.0,1798720.0,701
2023-05-11 14:02:22,CJ2305,CJ2305,10230.0,0.0,0.0,0.0,6,10190.0,10275.0,5,10290.0,10250.0,10260.0,10190.0,176.0,1798720.0,701
2023-05-11 14:03:20,CJ2305,CJ2305,10230.0,0.0,0.0,0.0,6,10190.0,10265.0,9,10290.0,10250.0,10260.0,10190.0,176.0,1798720.0,701
2023-05-11 14:03:27,CJ2305,CJ2305,10230.0,0.0,0.0,0.0,6,10190.0,10265.0,10,10290.0,10250.0,10260.0,10190.0,176.0,1798720.0,701
2023-05-11 14:03:33,CJ2305,CJ2305,10230.0,0.0,0.0,0.0,6,10190.0,10265.0,6,10290.0,10250.0,10260.0,10190.0,176.0,1798720.0,701
2023-05-11 14:03:34,CJ2305,CJ2305,10230.0,0.0,0.0,0.0,6,10190.0,10265.0,10,10290.0,10250.0,10260.0,10190.0,176.0,1798720.0,701
2023-05-11 14:03:46,CJ2305,CJ2305,10230.0,0.0,0.0,0.0,6,10190.0,10265.0,4,10290.0,10250.0,10260.0,10190.0,176.0,1798720.0,701
2023-05-11 14:03:51,CJ2305,CJ2305,10230.0,0.0,0.0,0.0,6,10190.0,10265.0,2,10290.0,10250.0,10260.0,10190.0,176.0,1798720.0,701
2023-05-11 14:03:51,CJ2305,CJ2305,10230.0,0.0,0.0,0.0,6,10190.0,10270.0,10,10290.0,10250.0,10260.0,10190.0,176.0,1798720.0,701
2023-05-11 14:03:58,CJ2305,CJ2305,10230.0,0.0,0.0,0.0,6,10190.0,10265.0,1,10290.0,10250.0,10260.0,10190.0,176.0,1798720.0,701
2023-05-11 14:04:00,CJ2305,CJ2305,10230.0,0.0,0.0,0.0,6,10190.0,10265.0,2,10290.0,10250.0,10260.0,10190.0,176.0,1798720.0,701
2023-05-11 14:04:01,CJ2305,CJ2305,10230.0,0.0,0.0,0.0,6,10190.0,10270.0,10,10290.0,10250.0,10260.0,10190.0,176.0,1798720.0,701
2023-05-11 14:05:38,CJ2305,CJ2305,10230.0,0.0,0.0,0.0,6,10190.0,10265.0,9,10290.0,10250.0,10260.0,10190.0,176.0,1798720.0,701
2023-05-11 14:05:40,CJ2305,CJ2305,10230.0,0.0,0.0,0.0,6,10190.0,10265.0,10,10290.0,10250.0,10260.0,10190.0,176.0,1798720.0,701
2023-05-11 14:05:51,CJ2305,CJ2305,10230.0,0.0,0.0,0.0,6,10190.0,10265.0,7,10290.0,10250.0,10260.0,10190.0,176.0,1798720.0,701
2023-05-11 14:05:54,CJ2305,CJ2305,10230.0,0.0,0.0,0.0,6,10190.0,10265.0,5,10290.0,10250.0,10260.0,10190.0,176.0,1798720.0,701
2023-05-11 14:05:55,CJ2305,CJ2305,10230.0,0.0,0.0,0.0,6,10190.0,10265.0,10,10290.0,10250.0,10260.0,10190.0,176.0,1798720.0,701
2023-05-11 14:06:09,CJ2305,CJ2305,10230.0,0.0,0.0,0.0,6,10190.0,10260.0,5,10290.0,10250.0,10260.0,10190.0,176.0,1798720.0,701
2023-05-11 14:06:10,CJ2305,CJ2305,10230.0,0.0,0.0,0.0,6,10190.0,10260.0,7,10290.0,10250.0,10260.0,10190.0,176.0,1798720.0,701
2023-05-11 14:06:11,CJ2305,CJ2305,10230.0,0.0,0.0,0.0,6,10190.0,10260.0,5,10290.0,10250.0,10260.0,10190.0,176.0,1798720.0,701
2023-05-11 14:06:12,CJ2305,CJ2305,10230.0,0.0,0.0,0.0,6,10190.0,10260.0,9,10290.0,10250.0,10260.0,10190.0,176.0,1798720.0,701
2023-05-11 14:06:14,CJ2305,CJ2305,10230.0,0.0,0.0,0.0,6,10190.0,10260.0,6,10290.0,10250.0,10260.0,10190.0,176.0,1798720.0,701
2023-05-11 14:06:15,CJ2305,CJ2305,10230.0,0.0,0.0,0.0,6,10190.0,10260.0,8,10290.0,10250.0,10260.0,10190.0,176.0,1798720.0,701
2023-05-11 14:06:18,CJ2305,CJ2305,10230.0,0.0,0.0,0.0,6,10190.0,10260.0,10,10290.0,10250.0,10260.0,10190.0,176.0,1798720.0,701
2023-05-11 14:06:25,CJ2305,CJ2305,10230.0,0.0,0.0,0.0,6,10190.0,10260.0,4,10290.0,10250.0,10260.0,10190.0,176.0,1798720.0,701
2023-05-11 14:06:26,CJ2305,CJ2305,10230.0,0.0,0.0,0.0,6,10190.0,10265.0,10,10290.0,10250.0,10260.0,10190.0,176.0,1798720.0,701
2023-05-11 14:06:29,CJ2305,CJ2305,10230.0,0.0,0.0,0.0,6,10190.0,10260.0,1,10290.0,10250.0,10260.0,10190.0,176.0,1798720.0,701
2023-05-11 14:06:31,CJ2305,CJ2305,10230.0,0.0,0.0,0.0,6,10190.0,10265.0,10,10290.0,10250.0,10260.0,10190.0,176.0,1798720.0,701
2023-05-11 14:06:51,CJ2305,CJ2305,10230.0,0.0,0.0,0.0,6,10190.0,10265.0,9,10290.0,10250.0,10260.0,10190.0,176.0,1798720.0,701
2023-05-11 14:06:57,CJ2305,CJ2305,10230.0,0.0,0.0,0.0,6,10190.0,10265.0,10,10290.0,10250.0,10260.0,10190.0,176.0,1798720.0,701
2023-05-11 14:07:02,CJ2305,CJ2305,10230.0,0.0,0.0,0.0,6,10190.0,10260.0,10,10290.0,10250.0,10260.0,10190.0,176.0,1798720.0,701
2023-05-11 14:07:37,CJ2305,CJ2305,10230.0,0.0,0.0,0.0,6,10190.0,10255.0,9,10290.0,10250.0,10260.0,10190.0,176.0,1798720.0,701
2023-05-11 14:07:38,CJ2305,CJ2305,10230.0,0.0,0.0,0.0,6,10190.0,10255.0,10,10290.0,10250.0,10260.0,10190.0,176.0,1798720.0,701
2023-05-11 14:07:40,CJ2305,CJ2305,10230.0,0.0,0.0,0.0,6,10190.0,10255.0,9,10290.0,10250.0,10260.0,10190.0,176.0,1798720.0,701
2023-05-11 14:07:41,CJ2305,CJ2305,10230.0,0.0,0.0,0.0,6,10190.0,10255.0,3,10290.0,10250.0,10260.0,10190.0,176.0,1798720.0,701
2023-05-11 14:07:42,CJ2305,CJ2305,10230.0,0.0,0.0,0.0,6,10190.0,10260.0,10,10290.0,10250.0,10260.0,10190.0,176.0,1798720.0,701
2023-05-11 14:07:56,CJ2305,CJ2305,10230.0,0.0,0.0,0.0,6,10190.0,10255.0,5,10290.0,10250.0,10260.0,10190.0,176.0,1798720.0,701
2023-05-11 14:07:59,CJ2305,CJ2305,10230.0,0.0,0.0,0.0,6,10190.0,10260.0,5,10290.0,10250.0,10260.0,10190.0,176.0,1798720.0,701
2023-05-11 14:08:05,CJ2305,CJ2305,10230.0,0.0,0.0,0.0,6,10190.0,10255.0,5,10290.0,10250.0,10260.0,10190.0,176.0,1798720.0,701
2023-05-11 14:08:17,CJ2305,CJ2305,10230.0,0.0,0.0,0.0,6,10190.0,10265.0,5,10290.0,10250.0,10260.0,10190.0,176.0,1798720.0,701
2023-05-11 14:08:18,CJ2305,CJ2305,10230.0,0.0,0.0,0.0,6,10190.0,10265.0,3,10290.0,10250.0,10260.0,10190.0,176.0,1798720.0,701
2023-05-11 14:08:20,CJ2305,CJ2305,10230.0,0.0,0.0,0.0,6,10190.0,10265.0,4,10290.0,10250.0,10260.0,10190.0,176.0,1798720.0,701
2023-05-11 14:08:23,CJ2305,CJ2305,10230.0,0.0,0.0,0.0,6,10190.0,10265.0,5,10290.0,10250.0,10260.0,10190.0,176.0,1798720.0,701
2023-05-11 14:08:24,CJ2305,CJ2305,10230.0,0.0,0.0,0.0,6,10190.0,10265.0,1,10290.0,10250.0,10260.0,10190.0,176.0,1798720.0,701
2023-05-11 14:08:25,CJ2305,CJ2305,10230.0,0.0,0.0,0.0,6,10190.0,10265.0,2,10290.0,10250.0,10260.0,10190.0,176.0,1798720.0,701
2023-05-11 14:08:25,CJ2305,CJ2305,10230.0,0.0,0.0,0.0,6,10190.0,10265.0,5,10290.0,10250.0,10260.0,10190.0,176.0,1798720.0,701
2023-05-11 14:09:10,CJ2305,CJ2305,10230.0,0.0,0.0,0.0,6,10190.0,10265.0,1,10290.0,10250.0,10260.0,10190.0,176.0,1798720.0,701
2023-05-11 14:09:11,CJ2305,CJ2305,10230.0,0.0,0.0,0.0,6,10190.0,10270.0,5,10290.0,10250.0,10260.0,10190.0,176.0,1798720.0,701
2023-05-11 14:09:13,CJ2305,CJ2305,10230.0,0.0,0.0,0.0,6,10190.0,10265.0,5,10290.0,10250.0,10260.0,10190.0,176.0,1798720.0,701
2023-05-11 14:09:19,CJ2305,CJ2305,10230.0,0.0,0.0,0.0,6,10190.0,10265.0,2,10290.0,10250.0,10260.0,10190.0,176.0,1798720.0,701
2023-05-11 14:09:20,CJ2305,CJ2305,10230.0,0.0,0.0,0.0,6,10190.0,10265.0,4,10290.0,10250.0,10260.0,10190.0,176.0,1798720.0,701
2023-05-11 14:09:26,CJ2305,CJ2305,10230.0,0.0,0.0,0.0,6,10190.0,10270.0,5,10290.0,10250.0,10260.0,10190.0,176.0,1798720.0,701
2023-05-11 14:10:14,CJ2305,CJ2305,10230.0,0.0,0.0,0.0,6,10190.0,10265.0,3,10290.0,10250.0,10260.0,10190.0,176.0,1798720.0,701
2023-05-11 14:10:14,CJ2305,CJ2305,10230.0,0.0,0.0,0.0,6,10190.0,10265.0,5,10290.0,10250.0,10260.0,10190.0,176.0,1798720.0,701
2023-05-11 14:10:47,CJ2305,CJ2305,10230.0,0.0,0.0,0.0,6,10190.0,10265.0,1,10290.0,10250.0,10260.0,10190.0,176.0,1798720.0,701
2023-05-11 14:10:48,CJ2305,CJ2305,10230.0,0.0,0.0,0.0,6,10190.0,10270.0,5,10290.0,10250.0,10260.0,10190.0,176.0,1798720.0,701
2023-05-11 14:11:27,CJ2305,CJ2305,10230.0,0.0,0.0,0.0,6,10190.0,10265.0,5,10290.0,10250.0,10260.0,10190.0,176.0,1798720.0,701
2023-05-11 14:11:48,CJ2305,CJ2305,10230.0,0.0,0.0,0.0,6,10190.0,10265.0,1,10290.0,10250.0,10260.0,10190.0,176.0,1798720.0,701
2023-05-11 14:11:48,CJ2305,CJ2305,10230.0,0.0,0.0,0.0,6,10190.0,10265.0,3,10290.0,10250.0,10260.0,10190.0,176.0,1798720.0,701
2023-05-11 14:11:49,CJ2305,CJ2305,10230.0,0.0,0.0,0.0,6,10190.0,10270.0,5,10290.0,10250.0,10260.0,10190.0,176.0,1798720.0,701
2023-05-11 14:12:08,CJ2305,CJ2305,10230.0,0.0,0.0,0.0,6,10190.0,10265.0,5,10290.0,10250.0,10260.0,10190.0,176.0,1798720.0,701
2023-05-11 14:13:00,CJ2305,CJ2305,10230.0,0.0,0.0,0.0,6,10190.0,10270.0,5,10290.0,10250.0,10260.0,10190.0,176.0,1798720.0,701
2023-05-11 14:13:00,CJ2305,CJ2305,10230.0,0.0,0.0,0.0,6,10190.0,10275.0,5,10290.0,10250.0,10260.0,10190.0,176.0,1798720.0,701
2023-05-11 14:13:12,CJ2305,CJ2305,10230.0,0.0,0.0,0.0,6,10190.0,10275.0,4,10290.0,10250.0,10260.0,10190.0,176.0,1798720.0,701
2023-05-11 14:13:13,CJ2305,CJ2305,10230.0,0.0,0.0,0.0,6,10190.0,10280.0,5,10290.0,10250.0,10260.0,10190.0,176.0,1798720.0,701
2023-05-11 14:13:25,CJ2305,CJ2305,10230.0,0.0,0.0,0.0,6,10190.0,10275.0,5,10290.0,10250.0,10260.0,10190.0,176.0,1798720.0,701
2023-05-11 14:16:22,CJ2305,CJ2305,10230.0,0.0,0.0,0.0,6,10190.0,10270.0,5,10290.0,10250.0,10260.0,10190.0,176.0,1798720.0,701
2023-05-11 14:16:55,CJ2305,CJ2305,10230.0,0.0,0.0,0.0,6,10190.0,10265.0,5,10290.0,10250.0,10260.0,10190.0,176.0,1798720.0,701
2023-05-11 14:17:15,CJ2305,CJ2305,10230.0,0.0,0.0,0.0,6,10190.0,10265.0,3,10290.0,10250.0,10260.0,10190.0,176.0,1798720.0,701
2023-05-11 14:17:16,CJ2305,CJ2305,10230.0,0.0,0.0,0.0,6,10190.0,10270.0,5,10290.0,10250.0,10260.0,10190.0,176.0,1798720.0,701
2023-05-11 14:17:17,CJ2305,CJ2305,10230.0,0.0,0.0,0.0,6,10190.0,10275.0,5,10290.0,10250.0,10260.0,10190.0,176.0,1798720.0,701
2023-05-11 14:17:18,CJ2305,CJ2305,10230.0,0.0,0.0,0.0,6,10190.0,10270.0,2,10290.0,10250.0,10260.0,10190.0,176.0,1798720.0,701
2023-05-11 14:17:19,CJ2305,CJ2305,10230.0,0.0,0.0,0.0,6,10190.0,10270.0,5,10290.0,10250.0,10260.0,10190.0,176.0,1798720.0,701
2023-05-11 14:18:52,CJ2305,CJ2305,10230.0,0.0,0.0,0.0,6,10190.0,10265.0,2,10290.0,10250.0,10260.0,10190.0,176.0,1798720.0,701
2023-05-11 14:19:03,CJ2305,CJ2305,10230.0,0.0,0.0,0.0,6,10190.0,10270.0,5,10290.0,10250.0,10260.0,10190.0,176.0,1798720.0,701
2023-05-11 14:19:33,CJ2305,CJ2305,10230.0,0.0,0.0,0.0,6,10190.0,10265.0,2,10290.0,10250.0,10260.0,10190.0,176.0,1798720.0,701
2023-05-11 14:19:46,CJ2305,CJ2305,10230.0,0.0,0.0,0.0,6,10190.0,10265.0,5,10290.0,10250.0,10260.0,10190.0,176.0,1798720.0,701
2023-05-11 14:20:26,CJ2305,CJ2305,10230.0,0.0,0.0,0.0,6,10190.0,10270.0,5,10290.0,10250.0,10260.0,10190.0,176.0,1798720.0,701
2023-05-11 14:20:42,CJ2305,CJ2305,10230.0,0.0,0.0,0.0,6,10190.0,10265.0,4,10290.0,10250.0,10260.0,10190.0,176.0,1798720.0,701
2023-05-11 14:20:42,CJ2305,CJ2305,10230.0,0.0,0.0,0.0,6,10190.0,10265.0,5,10290.0,10250.0,10260.0,10190.0,176.0,1798720.0,701
2023-05-11 14:20:49,CJ2305,CJ2305,10230.0,0.0,0.0,0.0,6,10190.0,10270.0,5,10290.0,10250.0,10260.0,10190.0,176.0,1798720.0,701
2023-05-11 14:20:53,CJ2305,CJ2305,10230.0,0.0,0.0,0.0,6,10190.0,10265.0,2,10290.0,10250.0,10260.0,10190.0,176.0,1798720.0,701
2023-05-11 14:20:56,CJ2305,CJ2305,10230.0,0.0,0.0,0.0,6,10190.0,10265.0,5,10290.0,10250.0,10260.0,10190.0,176.0,1798720.0,701
2023-05-11 14:21:02,CJ2305,CJ2305,10230.0,0.0,0.0,0.0,6,10190.0,10260.0,5,10290.0,10250.0,10260.0,10190.0,176.0,1798720.0,701
2023-05-11 14:21:09,CJ2305,CJ2305,10230.0,0.0,0.0,0.0,6,10190.0,10255.0,5,10290.0,10250.0,10260.0,10190.0,176.0,1798720.0,701
2023-05-11 14:21:09,CJ2305,CJ2305,10230.0,0.0,0.0,0.0,6,10190.0,10255.0,1,10290.0,10250.0,10260.0,10190.0,176.0,1798720.0,701
2023-05-11 14:21:11,CJ2305,CJ2305,10230.0,0.0,0.0,0.0,6,10190.0,10260.0,5,10290.0,10250.0,10260.0,10190.0,176.0,1798720.0,701
2023-05-11 14:21:12,CJ2305,CJ2305,10230.0,0.0,0.0,0.0,6,10190.0,10255.0,5,10290.0,10250.0,10260.0,10190.0,176.0,1798720.0,701
2023-05-11 14:21:14,CJ2305,CJ2305,10230.0,0.0,0.0,0.0,6,10190.0,10260.0,5,10290.0,10250.0,10260.0,10190.0,176.0,1798720.0,701
2023-05-11 14:21:16,CJ2305,CJ2305,10230.0,0.0,0.0,0.0,6,10190.0,10255.0,2,10290.0,10250.0,10260.0,10190.0,176.0,1798720.0,701
2023-05-11 14:21:18,CJ2305,CJ2305,10230.0,0.0,0.0,0.0,6,10190.0,10255.0,5,10290.0,10250.0,10260.0,10190.0,176.0,1798720.0,701
2023-05-11 14:21:40,CJ2305,CJ2305,10230.0,0.0,0.0,0.0,6,10190.0,10255.0,1,10290.0,10250.0,10260.0,10190.0,176.0,1798720.0,701
2023-05-11 14:21:42,CJ2305,CJ2305,10230.0,0.0,0.0,0.0,6,10190.0,10255.0,5,10290.0,10250.0,10260.0,10190.0,176.0,1798720.0,701
2023-05-11 14:21:46,CJ2305,CJ2305,10230.0,0.0,0.0,0.0,6,10190.0,10260.0,5,10290.0,10250.0,10260.0,10190.0,176.0,1798720.0,701
2023-05-11 14:22:03,CJ2305,CJ2305,10230.0,0.0,0.0,0.0,6,10190.0,10255.0,4,10290.0,10250.0,10260.0,10190.0,176.0,1798720.0,701
2023-05-11 14:22:03,CJ2305,CJ2305,10230.0,0.0,0.0,0.0,6,10190.0,10255.0,5,10290.0,10250.0,10260.0,10190.0,176.0,1798720.0,701
2023-05-11 14:22:32,CJ2305,CJ2305,10230.0,0.0,0.0,0.0,6,10190.0,10250.0,4,10290.0,10250.0,10260.0,10190.0,176.0,1798720.0,701
2023-05-11 14:22:32,CJ2305,CJ2305,10230.0,0.0,0.0,0.0,6,10190.0,10250.0,5,10290.0,10250.0,10260.0,10190.0,176.0,1798720.0,701
2023-05-11 14:22:37,CJ2305,CJ2305,10230.0,0.0,0.0,0.0,6,10190.0,10250.0,2,10290.0,10250.0,10260.0,10190.0,176.0,1798720.0,701
2023-05-11 14:22:39,CJ2305,CJ2305,10230.0,0.0,0.0,0.0,6,10190.0,10255.0,5,10290.0,10250.0,10260.0,10190.0,176.0,1798720.0,701
2023-05-11 14:22:46,CJ2305,CJ2305,10230.0,0.0,0.0,0.0,6,10190.0,10260.0,5,10290.0,10250.0,10260.0,10190.0,176.0,1798720.0,701
2023-05-11 14:23:24,CJ2305,CJ2305,10230.0,0.0,0.0,0.0,6,10190.0,10255.0,5,10290.0,10250.0,10260.0,10190.0,176.0,1798720.0,701
2023-05-11 14:23:50,CJ2305,CJ2305,10230.0,0.0,0.0,0.0,6,10190.0,10255.0,2,10290.0,10250.0,10260.0,10190.0,176.0,1798720.0,701
2023-05-11 14:23:50,CJ2305,CJ2305,10230.0,0.0,0.0,0.0,6,10190.0,10250.0,5,10290.0,10250.0,10260.0,10190.0,176.0,1798720.0,701
2023-05-11 14:23:52,CJ2305,CJ2305,10230.0,0.0,0.0,0.0,6,10190.0,10245.0,5,10290.0,10250.0,10260.0,10190.0,176.0,1798720.0,701
2023-05-11 14:23:53,CJ2305,CJ2305,10230.0,0.0,0.0,0.0,6,10190.0,10240.0,5,10290.0,10250.0,10260.0,10190.0,176.0,1798720.0,701
2023-05-11 14:23:58,CJ2305,CJ2305,10230.0,0.0,0.0,0.0,6,10190.0,10235.0,2,10290.0,10250.0,10260.0,10190.0,176.0,1798720.0,701
2023-05-11 14:23:58,CJ2305,CJ2305,10190.0,2.0,20440.0,0.0,4,10190.0,10240.0,5,10290.0,10250.0,10260.0,10190.0,178.0,1819160.0,701
2023-05-11 14:23:58,CJ2305,CJ2305,10190.0,2.0,20440.0,0.0,2,10190.0,10240.0,5,10290.0,10250.0,10260.0,10190.0,180.0,1839600.0,701
2023-05-11 14:24:01,CJ2305,CJ2305,10190.0,0.0,0.0,0.0,2,10190.0,10240.0,3,10290.0,10250.0,10260.0,10190.0,180.0,1839600.0,701
2023-05-11 14:24:01,CJ2305,CJ2305,10190.0,0.0,0.0,0.0,2,10190.0,10240.0,5,10290.0,10250.0,10260.0,10190.0,180.0,1839600.0,701
2023-05-11 14:24:03,CJ2305,CJ2305,10190.0,0.0,0.0,0.0,2,10190.0,10235.0,5,10290.0,10250.0,10260.0,10190.0,180.0,1839600.0,701
2023-05-11 14:24:04,CJ2305,CJ2305,10190.0,0.0,0.0,0.0,2,10190.0,10235.0,4,10290.0,10250.0,10260.0,10190.0,180.0,1839600.0,701
2023-05-11 14:24:05,CJ2305,CJ2305,10190.0,0.0,0.0,0.0,2,10190.0,10240.0,5,10290.0,10250.0,10260.0,10190.0,180.0,1839600.0,701
2023-05-11 14:24:05,CJ2305,CJ2305,10190.0,0.0,0.0,0.0,2,10190.0,10235.0,5,10290.0,10250.0,10260.0,10190.0,180.0,1839600.0,701
2023-05-11 14:24:07,CJ2305,CJ2305,10190.0,0.0,0.0,0.0,2,10190.0,10240.0,5,10290.0,10250.0,10260.0,10190.0,180.0,1839600.0,701
2023-05-11 14:24:09,CJ2305,CJ2305,10190.0,0.0,0.0,0.0,2,10190.0,10235.0,2,10290.0,10250.0,10260.0,10190.0,180.0,1839600.0,701
2023-05-11 14:24:09,CJ2305,CJ2305,10190.0,0.0,0.0,0.0,2,10190.0,10235.0,5,10290.0,10250.0,10260.0,10190.0,180.0,1839600.0,701
2023-05-11 14:24:13,CJ2305,CJ2305,10190.0,0.0,0.0,0.0,2,10190.0,10230.0,5,10290.0,10250.0,10260.0,10190.0,180.0,1839600.0,701
2023-05-11 14:24:16,CJ2305,CJ2305,10190.0,0.0,0.0,0.0,2,10190.0,10235.0,5,10290.0,10250.0,10260.0,10190.0,180.0,1839600.0,701
2023-05-11 14:24:18,CJ2305,CJ2305,10190.0,0.0,0.0,0.0,2,10190.0,10240.0,5,10290.0,10250.0,10260.0,10190.0,180.0,1839600.0,701
2023-05-11 14:24:19,CJ2305,CJ2305,10190.0,0.0,0.0,0.0,2,10190.0,10235.0,5,10290.0,10250.0,10260.0,10190.0,180.0,1839600.0,701
2023-05-11 14:24:23,CJ2305,CJ2305,10190.0,0.0,0.0,0.0,2,10190.0,10240.0,5,10290.0,10250.0,10260.0,10190.0,180.0,1839600.0,701
2023-05-11 14:24:24,CJ2305,CJ2305,10190.0,0.0,0.0,0.0,2,10190.0,10245.0,5,10290.0,10250.0,10260.0,10190.0,180.0,1839600.0,701
2023-05-11 14:24:26,CJ2305,CJ2305,10190.0,0.0,0.0,0.0,2,10190.0,10250.0,5,10290.0,10250.0,10260.0,10190.0,180.0,1839600.0,701
2023-05-11 14:24:28,CJ2305,CJ2305,10190.0,0.0,0.0,0.0,2,10190.0,10245.0,5,10290.0,10250.0,10260.0,10190.0,180.0,1839600.0,701
2023-05-11 14:24:45,CJ2305,CJ2305,10190.0,0.0,0.0,0.0,2,10190.0,10240.0,5,10290.0,10250.0,10260.0,10190.0,180.0,1839600.0,701
2023-05-11 14:25:56,CJ2305,CJ2305,10190.0,0.0,0.0,0.0,2,10190.0,10245.0,5,10290.0,10250.0,10260.0,10190.0,180.0,1839600.0,701
2023-05-11 14:25:57,CJ2305,CJ2305,10190.0,0.0,0.0,0.0,2,10190.0,10240.0,5,10290.0,10250.0,10260.0,10190.0,180.0,1839600.0,701
2023-05-11 14:25:59,CJ2305,CJ2305,10190.0,0.0,0.0,0.0,2,10190.0,10240.0,4,10290.0,10250.0,10260.0,10190.0,180.0,1839600.0,701
2023-05-11 14:25:59,CJ2305,CJ2305,10190.0,0.0,0.0,0.0,2,10190.0,10245.0,5,10290.0,10250.0,10260.0,10190.0,180.0,1839600.0,701
2023-05-11 14:26:01,CJ2305,CJ2305,10190.0,0.0,0.0,0.0,2,10190.0,10240.0,5,10290.0,10250.0,10260.0,10190.0,180.0,1839600.0,701
2023-05-11 14:26:03,CJ2305,CJ2305,10190.0,0.0,0.0,0.0,2,10190.0,10240.0,4,10290.0,10250.0,10260.0,10190.0,180.0,1839600.0,701
2023-05-11 14:26:04,CJ2305,CJ2305,10190.0,0.0,0.0,0.0,2,10190.0,10245.0,5,10290.0,10250.0,10260.0,10190.0,180.0,1839600.0,701
2023-05-11 14:26:04,CJ2305,CJ2305,10190.0,0.0,0.0,0.0,2,10190.0,10240.0,5,10290.0,10250.0,10260.0,10190.0,180.0,1839600.0,701
2023-05-11 14:26:06,CJ2305,CJ2305,10190.0,0.0,0.0,0.0,2,10190.0,10240.0,4,10290.0,10250.0,10260.0,10190.0,180.0,1839600.0,701
2023-05-11 14:26:09,CJ2305,CJ2305,10190.0,0.0,0.0,0.0,2,10190.0,10240.0,5,10290.0,10250.0,10260.0,10190.0,180.0,1839600.0,701
2023-05-11 14:26:11,CJ2305,CJ2305,10190.0,0.0,0.0,0.0,2,10190.0,10240.0,4,10290.0,10250.0,10260.0,10190.0,180.0,1839600.0,701
2023-05-11 14:26:14,CJ2305,CJ2305,10190.0,0.0,0.0,0.0,2,10190.0,10240.0,5,10290.0,10250.0,10260.0,10190.0,180.0,1839600.0,701
2023-05-11 14:26:16,CJ2305,CJ2305,10190.0,0.0,0.0,0.0,2,10190.0,10235.0,2,10290.0,10250.0,10260.0,10190.0,180.0,1839600.0,701
2023-05-11 14:26:16,CJ2305,CJ2305,10190.0,0.0,0.0,0.0,2,10190.0,10240.0,5,10290.0,10250.0,10260.0,10190.0,180.0,1839600.0,701
2023-05-11 14:26:42,CJ2305,CJ2305,10190.0,0.0,0.0,0.0,2,10190.0,10245.0,10,10290.0,10250.0,10260.0,10190.0,180.0,1839600.0,701
2023-05-11 14:27:00,CJ2305,CJ2305,10245.0,10.0,102200.0,0.0,2,10190.0,10305.0,8,10290.0,10250.0,10260.0,10190.0,190.0,1941800.0,701
2023-05-11 14:27:00,CJ2305,CJ2305,10245.0,0.0,0.0,0.0,2,10190.0,10305.0,7,10290.0,10250.0,10260.0,10190.0,190.0,1941800.0,701
2023-05-11 14:27:05,CJ2305,CJ2305,10245.0,0.0,0.0,0.0,2,10190.0,10305.0,5,10290.0,10250.0,10260.0,10190.0,190.0,1941800.0,701
2023-05-11 14:27:05,CJ2305,CJ2305,10245.0,0.0,0.0,0.0,2,10190.0,10305.0,7,10290.0,10250.0,10260.0,10190.0,190.0,1941800.0,701
2023-05-11 14:27:09,CJ2305,CJ2305,10245.0,0.0,0.0,0.0,2,10190.0,10305.0,11,10290.0,10250.0,10260.0,10190.0,190.0,1941800.0,701
2023-05-11 14:27:12,CJ2305,CJ2305,10245.0,0.0,0.0,0.0,2,10190.0,10305.0,7,10290.0,10250.0,10260.0,10190.0,190.0,1941800.0,701
2023-05-11 14:27:13,CJ2305,CJ2305,10245.0,0.0,0.0,0.0,2,10190.0,10305.0,5,10290.0,10250.0,10260.0,10190.0,190.0,1941800.0,701
2023-05-11 14:27:14,CJ2305,CJ2305,10245.0,0.0,0.0,0.0,2,10190.0,10305.0,11,10290.0,10250.0,10260.0,10190.0,190.0,1941800.0,701
2023-05-11 14:27:14,CJ2305,CJ2305,10245.0,0.0,0.0,0.0,2,10190.0,10305.0,5,10290.0,10250.0,10260.0,10190.0,190.0,1941800.0,701
2023-05-11 14:27:52,CJ2305,CJ2305,10245.0,0.0,0.0,0.0,2,10190.0,10305.0,6,10290.0,10250.0,10260.0,10190.0,190.0,1941800.0,701
2023-05-11 14:27:52,CJ2305,CJ2305,10245.0,0.0,0.0,0.0,2,10190.0,10305.0,13,10290.0,10250.0,10260.0,10190.0,190.0,1941800.0,701
2023-05-11 14:27:53,CJ2305,CJ2305,10245.0,0.0,0.0,0.0,2,10190.0,10305.0,10,10290.0,10250.0,10260.0,10190.0,190.0,1941800.0,701
2023-05-11 14:27:57,CJ2305,CJ2305,10245.0,0.0,0.0,0.0,2,10190.0,10305.0,12,10290.0,10250.0,10260.0,10190.0,190.0,1941800.0,701
2023-05-11 14:27:58,CJ2305,CJ2305,10245.0,0.0,0.0,0.0,2,10190.0,10305.0,11,10290.0,10250.0,10260.0,10190.0,190.0,1941800.0,701
2023-05-11 14:28:01,CJ2305,CJ2305,10245.0,0.0,0.0,0.0,2,10190.0,10305.0,8,10290.0,10250.0,10260.0,10190.0,190.0,1941800.0,701
2023-05-11 14:28:05,CJ2305,CJ2305,10245.0,0.0,0.0,0.0,2,10190.0,10305.0,6,10290.0,10250.0,10260.0,10190.0,190.0,1941800.0,701
2023-05-11 14:28:05,CJ2305,CJ2305,10245.0,0.0,0.0,0.0,2,10190.0,10305.0,9,10290.0,10250.0,10260.0,10190.0,190.0,1941800.0,701
2023-05-11 14:28:05,CJ2305,CJ2305,10245.0,0.0,0.0,0.0,2,10190.0,10305.0,13,10290.0,10250.0,10260.0,10190.0,190.0,1941800.0,701
2023-05-11 14:28:13,CJ2305,CJ2305,10245.0,0.0,0.0,0.0,2,10190.0,10305.0,11,10290.0,10250.0,10260.0,10190.0,190.0,1941800.0,701
2023-05-11 14:28:14,CJ2305,CJ2305,10245.0,0.0,0.0,0.0,2,10190.0,10305.0,13,10290.0,10250.0,10260.0,10190.0,190.0,1941800.0,701
2023-05-11 14:28:21,CJ2305,CJ2305,10245.0,0.0,0.0,0.0,2,10190.0,10305.0,12,10290.0,10250.0,10260.0,10190.0,190.0,1941800.0,701
2023-05-11 14:28:37,CJ2305,CJ2305,10245.0,0.0,0.0,0.0,2,10190.0,10305.0,13,10290.0,10250.0,10260.0,10190.0,190.0,1941800.0,701
2023-05-11 14:28:46,CJ2305,CJ2305,10245.0,0.0,0.0,0.0,2,10190.0,10305.0,5,10290.0,10250.0,10260.0,10190.0,190.0,1941800.0,701
2023-05-11 14:29:09,CJ2305,CJ2305,10245.0,0.0,0.0,0.0,2,10190.0,10305.0,11,10290.0,10250.0,10260.0,10190.0,190.0,1941800.0,701
2023-05-11 14:29:09,CJ2305,CJ2305,10245.0,0.0,0.0,0.0,2,10190.0,10305.0,13,10290.0,10250.0,10260.0,10190.0,190.0,1941800.0,701
2023-05-11 14:29:11,CJ2305,CJ2305,10245.0,0.0,0.0,0.0,2,10190.0,10305.0,11,10290.0,10250.0,10260.0,10190.0,190.0,1941800.0,701
2023-05-11 14:29:12,CJ2305,CJ2305,10245.0,0.0,0.0,0.0,2,10190.0,10305.0,13,10290.0,10250.0,10260.0,10190.0,190.0,1941800.0,701
2023-05-11 14:29:18,CJ2305,CJ2305,10245.0,0.0,0.0,0.0,2,10190.0,10300.0,4,10290.0,10250.0,10260.0,10190.0,190.0,1941800.0,701
2023-05-11 14:29:18,CJ2305,CJ2305,10245.0,0.0,0.0,0.0,2,10190.0,10300.0,2,10290.0,10250.0,10260.0,10190.0,190.0,1941800.0,701
2023-05-11 14:29:19,CJ2305,CJ2305,10245.0,0.0,0.0,0.0,2,10190.0,10300.0,6,10290.0,10250.0,10260.0,10190.0,190.0,1941800.0,701
2023-05-11 14:29:20,CJ2305,CJ2305,10245.0,0.0,0.0,0.0,2,10190.0,10300.0,4,10290.0,10250.0,10260.0,10190.0,190.0,1941800.0,701
2023-05-11 14:29:21,CJ2305,CJ2305,10245.0,0.0,0.0,0.0,2,10190.0,10300.0,8,10290.0,10250.0,10260.0,10190.0,190.0,1941800.0,701
2023-05-11 14:29:26,CJ2305,CJ2305,10245.0,0.0,0.0,0.0,2,10190.0,10300.0,5,10290.0,10250.0,10260.0,10190.0,190.0,1941800.0,701
2023-05-11 14:29:26,CJ2305,CJ2305,10245.0,0.0,0.0,0.0,2,10190.0,10300.0,8,10290.0,10250.0,10260.0,10190.0,190.0,1941800.0,701
2023-05-11 14:29:27,CJ2305,CJ2305,10245.0,0.0,0.0,0.0,2,10190.0,10300.0,6,10290.0,10250.0,10260.0,10190.0,190.0,1941800.0,701
2023-05-11 14:29:28,CJ2305,CJ2305,10245.0,0.0,0.0,0.0,2,10190.0,10300.0,5,10290.0,10250.0,10260.0,10190.0,190.0,1941800.0,701
2023-05-11 14:29:30,CJ2305,CJ2305,10245.0,0.0,0.0,0.0,2,10190.0,10300.0,8,10290.0,10250.0,10260.0,10190.0,190.0,1941800.0,701
2023-05-11 14:29:32,CJ2305,CJ2305,10245.0,0.0,0.0,0.0,2,10190.0,10295.0,1,10290.0,10250.0,10260.0,10190.0,190.0,1941800.0,701
2023-05-11 14:29:32,CJ2305,CJ2305,10245.0,0.0,0.0,0.0,2,10190.0,10295.0,7,10290.0,10250.0,10260.0,10190.0,190.0,1941800.0,701
2023-05-11 14:29:33,CJ2305,CJ2305,10245.0,0.0,0.0,0.0,2,10190.0,10295.0,8,10290.0,10250.0,10260.0,10190.0,190.0,1941800.0,701
2023-05-11 14:29:34,CJ2305,CJ2305,10245.0,0.0,0.0,0.0,20,10185.0,10295.0,8,10290.0,10250.0,10260.0,10190.0,190.0,1941800.0,701
2023-05-11 14:29:55,CJ2305,CJ2305,10245.0,0.0,0.0,0.0,20,10185.0,10290.0,8,10290.0,10250.0,10260.0,10190.0,190.0,1941800.0,701
2023-05-11 14:29:57,CJ2305,CJ2305,10245.0,0.0,0.0,0.0,20,10185.0,10285.0,8,10290.0,10250.0,10260.0,10190.0,190.0,1941800.0,701
2023-05-11 14:29:57,CJ2305,CJ2305,10185.0,2.0,20440.0,2.0,18,10185.0,10290.0,8,10290.0,10250.0,10260.0,10185.0,192.0,1962240.0,703
2023-05-11 14:29:58,CJ2305,CJ2305,10185.0,2.0,20440.0,2.0,16,10185.0,10290.0,8,10290.0,10250.0,10260.0,10185.0,194.0,1982680.0,705
2023-05-11 14:30:30,CJ2305,CJ2305,10185.0,0.0,0.0,0.0,16,10185.0,10295.0,8,10290.0,10250.0,10260.0,10185.0,194.0,1982680.0,705
2023-05-11 14:30:31,CJ2305,CJ2305,10185.0,0.0,0.0,0.0,16,10185.0,10290.0,8,10290.0,10250.0,10260.0,10185.0,194.0,1982680.0,705
2023-05-11 14:30:35,CJ2305,CJ2305,10185.0,0.0,0.0,0.0,16,10185.0,10285.0,1,10290.0,10250.0,10260.0,10185.0,194.0,1982680.0,705
2023-05-11 14:30:35,CJ2305,CJ2305,10185.0,0.0,0.0,0.0,16,10185.0,10290.0,8,10290.0,10250.0,10260.0,10185.0,194.0,1982680.0,705
2023-05-11 14:30:39,CJ2305,CJ2305,10185.0,0.0,0.0,0.0,16,10185.0,10285.0,6,10290.0,10250.0,10260.0,10185.0,194.0,1982680.0,705
2023-05-11 14:30:40,CJ2305,CJ2305,10185.0,2.0,20440.0,2.0,14,10185.0,10285.0,6,10290.0,10250.0,10260.0,10185.0,196.0,2003120.0,707
2023-05-11 14:30:40,CJ2305,CJ2305,10185.0,2.0,20440.0,2.0,12,10185.0,10285.0,3,10290.0,10250.0,10260.0,10185.0,198.0,2023560.0,709
2023-05-11 14:30:41,CJ2305,CJ2305,10185.0,2.0,20440.0,2.0,10,10185.0,10285.0,7,10290.0,10250.0,10260.0,10185.0,200.0,2044000.0,711
2023-05-11 14:30:41,CJ2305,CJ2305,10185.0,2.0,20440.0,2.0,8,10185.0,10290.0,8,10290.0,10250.0,10260.0,10185.0,202.0,2064440.0,713
2023-05-11 14:30:42,CJ2305,CJ2305,10185.0,2.0,20440.0,2.0,6,10185.0,10290.0,8,10290.0,10250.0,10260.0,10185.0,204.0,2084880.0,715
2023-05-11 14:30:45,CJ2305,CJ2305,10185.0,0.0,0.0,0.0,6,10185.0,10285.0,8,10290.0,10250.0,10260.0,10185.0,204.0,2084880.0,715
2023-05-11 14:30:46,CJ2305,CJ2305,10185.0,2.0,20440.0,2.0,4,10185.0,10285.0,8,10290.0,10250.0,10260.0,10185.0,206.0,2105320.0,717
2023-05-11 14:30:46,CJ2305,CJ2305,10185.0,2.0,20440.0,2.0,2,10185.0,10285.0,8,10290.0,10250.0,10260.0,10185.0,208.0,2125760.0,719
2023-05-11 14:30:47,CJ2305,CJ2305,10185.0,2.0,20440.0,2.0,2,10175.0,10285.0,8,10290.0,10250.0,10260.0,10185.0,210.0,2146200.0,721
2023-05-11 14:30:47,CJ2305,CJ2305,10185.0,0.0,0.0,0.0,2,10175.0,10285.0,1,10290.0,10250.0,10260.0,10185.0,210.0,2146200.0,721
2023-05-11 14:30:49,CJ2305,CJ2305,10185.0,0.0,0.0,0.0,2,10175.0,10285.0,5,10290.0,10250.0,10260.0,10185.0,210.0,2146200.0,721
2023-05-11 14:30:50,CJ2305,CJ2305,10185.0,0.0,0.0,0.0,2,10175.0,10285.0,3,10290.0,10250.0,10260.0,10185.0,210.0,2146200.0,721
2023-05-11 14:30:51,CJ2305,CJ2305,10185.0,0.0,0.0,0.0,2,10175.0,10290.0,8,10290.0,10250.0,10260.0,10185.0,210.0,2146200.0,721
2023-05-11 14:30:54,CJ2305,CJ2305,10185.0,0.0,0.0,0.0,2,10175.0,10285.0,8,10290.0,10250.0,10260.0,10185.0,210.0,2146200.0,721
2023-05-11 14:30:56,CJ2305,CJ2305,10185.0,0.0,0.0,0.0,2,10175.0,10285.0,6,10290.0,10250.0,10260.0,10185.0,210.0,2146200.0,721
2023-05-11 14:30:57,CJ2305,CJ2305,10185.0,0.0,0.0,0.0,2,10175.0,10285.0,8,10290.0,10250.0,10260.0,10185.0,210.0,2146200.0,721
2023-05-11 14:31:05,CJ2305,CJ2305,10185.0,0.0,0.0,0.0,2,10175.0,10290.0,8,10290.0,10250.0,10260.0,10185.0,210.0,2146200.0,721
2023-05-11 14:31:12,CJ2305,CJ2305,10185.0,0.0,0.0,0.0,2,10175.0,10285.0,8,10290.0,10250.0,10260.0,10185.0,210.0,2146200.0,721
2023-05-11 14:31:16,CJ2305,CJ2305,10185.0,0.0,0.0,0.0,2,10175.0,10285.0,6,10290.0,10250.0,10260.0,10185.0,210.0,2146200.0,721
2023-05-11 14:31:16,CJ2305,CJ2305,10185.0,0.0,0.0,0.0,2,10175.0,10285.0,8,10290.0,10250.0,10260.0,10185.0,210.0,2146200.0,721
2023-05-11 14:31:40,CJ2305,CJ2305,10185.0,0.0,0.0,0.0,2,10175.0,10280.0,8,10290.0,10250.0,10260.0,10185.0,210.0,2146200.0,721
2023-05-11 14:31:40,CJ2305,CJ2305,10185.0,0.0,0.0,0.0,2,10175.0,10275.0,8,10290.0,10250.0,10260.0,10185.0,210.0,2146200.0,721
2023-05-11 14:31:41,CJ2305,CJ2305,10185.0,0.0,0.0,0.0,2,10175.0,10280.0,8,10290.0,10250.0,10260.0,10185.0,210.0,2146200.0,721
2023-05-11 14:31:43,CJ2305,CJ2305,10185.0,0.0,0.0,0.0,2,10175.0,10285.0,8,10290.0,10250.0,10260.0,10185.0,210.0,2146200.0,721
2023-05-11 14:31:45,CJ2305,CJ2305,10185.0,0.0,0.0,0.0,2,10175.0,10285.0,7,10290.0,10250.0,10260.0,10185.0,210.0,2146200.0,721
2023-05-11 14:31:45,CJ2305,CJ2305,10185.0,0.0,0.0,0.0,2,10175.0,10285.0,8,10290.0,10250.0,10260.0,10185.0,210.0,2146200.0,721
2023-05-11 14:31:46,CJ2305,CJ2305,10185.0,0.0,0.0,0.0,2,10175.0,10280.0,3,10290.0,10250.0,10260.0,10185.0,210.0,2146200.0,721
2023-05-11 14:31:47,CJ2305,CJ2305,10185.0,0.0,0.0,0.0,2,10175.0,10280.0,7,10290.0,10250.0,10260.0,10185.0,210.0,2146200.0,721
2023-05-11 14:31:47,CJ2305,CJ2305,10185.0,0.0,0.0,0.0,2,10175.0,10280.0,8,10290.0,10250.0,10260.0,10185.0,210.0,2146200.0,721
2023-05-11 14:31:48,CJ2305,CJ2305,10185.0,0.0,0.0,0.0,2,10175.0,10275.0,8,10290.0,10250.0,10260.0,10185.0,210.0,2146200.0,721
2023-05-11 14:31:50,CJ2305,CJ2305,10185.0,0.0,0.0,0.0,2,10175.0,10280.0,8,10290.0,10250.0,10260.0,10185.0,210.0,2146200.0,721
2023-05-11 14:31:51,CJ2305,CJ2305,10185.0,0.0,0.0,0.0,2,10175.0,10280.0,5,10290.0,10250.0,10260.0,10185.0,210.0,2146200.0,721
2023-05-11 14:31:51,CJ2305,CJ2305,10185.0,0.0,0.0,0.0,2,10175.0,10280.0,8,10290.0,10250.0,10260.0,10185.0,210.0,2146200.0,721
2023-05-11 14:31:58,CJ2305,CJ2305,10185.0,0.0,0.0,0.0,2,10175.0,10285.0,8,10290.0,10250.0,10260.0,10185.0,210.0,2146200.0,721
2023-05-11 14:31:58,CJ2305,CJ2305,10185.0,0.0,0.0,0.0,2,10175.0,10280.0,8,10290.0,10250.0,10260.0,10185.0,210.0,2146200.0,721
2023-05-11 14:32:00,CJ2305,CJ2305,10185.0,0.0,0.0,0.0,2,10175.0,10275.0,2,10290.0,10250.0,10260.0,10185.0,210.0,2146200.0,721
2023-05-11 14:32:01,CJ2305,CJ2305,10185.0,0.0,0.0,0.0,2,10175.0,10280.0,8,10290.0,10250.0,10260.0,10185.0,210.0,2146200.0,721
2023-05-11 14:32:14,CJ2305,CJ2305,10185.0,0.0,0.0,0.0,8,10180.0,10280.0,8,10290.0,10250.0,10260.0,10185.0,210.0,2146200.0,721
2023-05-11 14:32:15,CJ2305,CJ2305,10185.0,0.0,0.0,0.0,8,10180.0,10275.0,4,10290.0,10250.0,10260.0,10185.0,210.0,2146200.0,721
2023-05-11 14:32:16,CJ2305,CJ2305,10185.0,0.0,0.0,0.0,8,10180.0,10275.0,2,10290.0,10250.0,10260.0,10185.0,210.0,2146200.0,721
2023-05-11 14:32:17,CJ2305,CJ2305,10185.0,0.0,0.0,0.0,8,10180.0,10275.0,4,10290.0,10250.0,10260.0,10185.0,210.0,2146200.0,721
2023-05-11 14:32:17,CJ2305,CJ2305,10185.0,0.0,0.0,0.0,8,10180.0,10275.0,1,10290.0,10250.0,10260.0,10185.0,210.0,2146200.0,721
2023-05-11 14:32:18,CJ2305,CJ2305,10185.0,0.0,0.0,0.0,8,10180.0,10280.0,8,10290.0,10250.0,10260.0,10185.0,210.0,2146200.0,721
2023-05-11 14:32:32,CJ2305,CJ2305,10185.0,0.0,0.0,0.0,8,10180.0,10275.0,2,10290.0,10250.0,10260.0,10185.0,210.0,2146200.0,721
2023-05-11 14:32:32,CJ2305,CJ2305,10185.0,0.0,0.0,0.0,8,10180.0,10275.0,8,10290.0,10250.0,10260.0,10185.0,210.0,2146200.0,721
2023-05-11 14:32:42,CJ2305,CJ2305,10185.0,0.0,0.0,0.0,2,10175.0,10270.0,8,10290.0,10250.0,10260.0,10185.0,210.0,2146200.0,721
2023-05-11 14:32:42,CJ2305,CJ2305,10185.0,0.0,0.0,0.0,2,10175.0,10265.0,8,10290.0,10250.0,10260.0,10185.0,210.0,2146200.0,721
