time,symbol_id,symbol_name,last,trade_volume,trade_amount,open_interest_change,bv1,bp1,ap1,av1,yesterday_close,today_open,today_high,today_low,volume,amount,open_interest
2023-05-09 20:59:00,ss2311,ss2311,14765.0,0.0,0.0,0.0,1,14380.0,14995.0,1,14765.0,14760.0,0.0,0.0,0.0,0.0,1024
2023-05-09 21:00:01,ss2311,ss2311,14765.0,0.0,0.0,0.0,2,14725.0,14920.0,2,14765.0,14760.0,0.0,0.0,0.0,0.0,1024
2023-05-09 21:00:01,ss2311,ss2311,14765.0,0.0,0.0,0.0,2,14730.0,14910.0,2,14765.0,14760.0,0.0,0.0,0.0,0.0,1024
2023-05-09 21:00:02,ss2311,ss2311,14765.0,0.0,0.0,0.0,1,14735.0,14900.0,2,14765.0,14760.0,0.0,0.0,0.0,0.0,1024
2023-05-09 21:00:02,ss2311,ss2311,14765.0,0.0,0.0,0.0,2,14745.0,14900.0,2,14765.0,14760.0,0.0,0.0,0.0,0.0,1024
2023-05-09 21:00:03,ss2311,ss2311,14765.0,0.0,0.0,0.0,1,14740.0,14895.0,2,14765.0,14760.0,0.0,0.0,0.0,0.0,1024
2023-05-09 21:00:03,ss2311,ss2311,14765.0,0.0,0.0,0.0,2,14735.0,14890.0,3,14765.0,14760.0,0.0,0.0,0.0,0.0,1024
2023-05-09 21:00:04,ss2311,ss2311,14765.0,0.0,0.0,0.0,1,14745.0,14890.0,3,14765.0,14760.0,0.0,0.0,0.0,0.0,1024
2023-05-09 21:00:04,ss2311,ss2311,14765.0,0.0,0.0,0.0,1,14745.0,14885.0,1,14765.0,14760.0,0.0,0.0,0.0,0.0,1024
2023-05-09 21:00:05,ss2311,ss2311,14765.0,0.0,0.0,0.0,3,14745.0,14880.0,2,14765.0,14760.0,0.0,0.0,0.0,0.0,1024
2023-05-09 21:00:05,ss2311,ss2311,14765.0,0.0,0.0,0.0,1,14745.0,14875.0,1,14765.0,14760.0,0.0,0.0,0.0,0.0,1024
2023-05-09 21:00:06,ss2311,ss2311,14765.0,0.0,0.0,0.0,1,14745.0,14870.0,2,14765.0,14760.0,0.0,0.0,0.0,0.0,1024
2023-05-09 21:00:06,ss2311,ss2311,14765.0,0.0,0.0,0.0,1,14745.0,14870.0,2,14765.0,14760.0,0.0,0.0,0.0,0.0,1024
2023-05-09 21:00:07,ss2311,ss2311,14765.0,0.0,0.0,0.0,1,14745.0,14865.0,1,14765.0,14760.0,0.0,0.0,0.0,0.0,1024
2023-05-09 21:00:07,ss2311,ss2311,14765.0,0.0,0.0,0.0,1,14745.0,14860.0,2,14765.0,14760.0,0.0,0.0,0.0,0.0,1024
2023-05-09 21:00:08,ss2311,ss2311,14765.0,0.0,0.0,0.0,1,14745.0,14860.0,2,14765.0,14760.0,0.0,0.0,0.0,0.0,1024
2023-05-09 21:00:08,ss2311,ss2311,14765.0,0.0,0.0,0.0,1,14750.0,14855.0,1,14765.0,14760.0,0.0,0.0,0.0,0.0,1024
2023-05-09 21:00:09,ss2311,ss2311,14765.0,0.0,0.0,0.0,1,14750.0,14850.0,2,14765.0,14760.0,0.0,0.0,0.0,0.0,1024
2023-05-09 21:00:09,ss2311,ss2311,14765.0,0.0,0.0,0.0,1,14755.0,14845.0,2,14765.0,14760.0,0.0,0.0,0.0,0.0,1024
2023-05-09 21:00:10,ss2311,ss2311,14765.0,0.0,0.0,0.0,2,14755.0,14840.0,2,14765.0,14760.0,0.0,0.0,0.0,0.0,1024
2023-05-09 21:00:10,ss2311,ss2311,14765.0,0.0,0.0,0.0,1,14755.0,14840.0,3,14765.0,14760.0,0.0,0.0,0.0,0.0,1024
2023-05-09 21:00:11,ss2311,ss2311,14765.0,0.0,0.0,0.0,1,14755.0,14835.0,1,14765.0,14760.0,0.0,0.0,0.0,0.0,1024
2023-05-09 21:00:11,ss2311,ss2311,14765.0,0.0,0.0,0.0,1,14755.0,14835.0,1,14765.0,14760.0,0.0,0.0,0.0,0.0,1024
2023-05-09 21:00:12,ss2311,ss2311,14765.0,0.0,0.0,0.0,2,14760.0,14835.0,1,14765.0,14760.0,0.0,0.0,0.0,0.0,1024
2023-05-09 21:00:12,ss2311,ss2311,14765.0,0.0,0.0,0.0,1,14760.0,14830.0,2,14765.0,14760.0,0.0,0.0,0.0,0.0,1024
2023-05-09 21:00:13,ss2311,ss2311,14765.0,0.0,0.0,0.0,1,14760.0,14830.0,2,14765.0,14760.0,0.0,0.0,0.0,0.0,1024
2023-05-09 21:00:13,ss2311,ss2311,14765.0,0.0,0.0,0.0,1,14760.0,14825.0,1,14765.0,14760.0,0.0,0.0,0.0,0.0,1024
2023-05-09 21:00:15,ss2311,ss2311,14765.0,0.0,0.0,0.0,1,14760.0,14825.0,1,14765.0,14760.0,0.0,0.0,0.0,0.0,1024
2023-05-09 21:00:15,ss2311,ss2311,14765.0,0.0,0.0,0.0,1,14760.0,14820.0,2,14765.0,14760.0,0.0,0.0,0.0,0.0,1024
2023-05-09 21:00:16,ss2311,ss2311,14765.0,0.0,0.0,0.0,1,14760.0,14820.0,2,14765.0,14760.0,0.0,0.0,0.0,0.0,1024
2023-05-09 21:00:16,ss2311,ss2311,14765.0,0.0,0.0,0.0,2,14735.0,14815.0,1,14765.0,14760.0,0.0,0.0,0.0,0.0,1024
2023-05-09 21:00:17,ss2311,ss2311,14765.0,0.0,0.0,0.0,2,14740.0,14815.0,1,14765.0,14760.0,0.0,0.0,0.0,0.0,1024
2023-05-09 21:00:17,ss2311,ss2311,14765.0,0.0,0.0,0.0,2,14740.0,14815.0,1,14765.0,14760.0,0.0,0.0,0.0,0.0,1024
2023-05-09 21:00:18,ss2311,ss2311,14765.0,0.0,0.0,0.0,2,14740.0,14815.0,1,14765.0,14760.0,0.0,0.0,0.0,0.0,1024
2023-05-09 21:00:18,ss2311,ss2311,14765.0,0.0,0.0,0.0,2,14740.0,14810.0,2,14765.0,14760.0,0.0,0.0,0.0,0.0,1024
2023-05-09 21:00:19,ss2311,ss2311,14765.0,0.0,0.0,0.0,2,14740.0,14810.0,2,14765.0,14760.0,0.0,0.0,0.0,0.0,1024
2023-05-09 21:00:19,ss2311,ss2311,14765.0,0.0,0.0,0.0,2,14740.0,14805.0,1,14765.0,14760.0,0.0,0.0,0.0,0.0,1024
2023-05-09 21:00:21,ss2311,ss2311,14765.0,0.0,0.0,0.0,2,14740.0,14805.0,1,14765.0,14760.0,0.0,0.0,0.0,0.0,1024
2023-05-09 21:00:21,ss2311,ss2311,14765.0,0.0,0.0,0.0,2,14740.0,14800.0,2,14765.0,14760.0,0.0,0.0,0.0,0.0,1024
2023-05-09 21:00:22,ss2311,ss2311,14765.0,0.0,0.0,0.0,2,14740.0,14800.0,2,14765.0,14760.0,0.0,0.0,0.0,0.0,1024
2023-05-09 21:00:22,ss2311,ss2311,14765.0,0.0,0.0,0.0,2,14740.0,14800.0,2,14765.0,14760.0,0.0,0.0,0.0,0.0,1024
2023-05-09 21:00:24,ss2311,ss2311,14765.0,0.0,0.0,0.0,2,14740.0,14820.0,1,14765.0,14760.0,0.0,0.0,0.0,0.0,1024
2023-05-09 21:00:24,ss2311,ss2311,14765.0,0.0,0.0,0.0,2,14740.0,14815.0,3,14765.0,14760.0,0.0,0.0,0.0,0.0,1024
2023-05-09 21:00:26,ss2311,ss2311,14765.0,0.0,0.0,0.0,2,14740.0,14815.0,3,14765.0,14760.0,0.0,0.0,0.0,0.0,1024
2023-05-09 21:00:26,ss2311,ss2311,14765.0,0.0,0.0,0.0,2,14740.0,14815.0,3,14765.0,14760.0,0.0,0.0,0.0,0.0,1024
2023-05-09 21:00:36,ss2311,ss2311,14765.0,0.0,0.0,0.0,2,14740.0,14815.0,3,14765.0,14760.0,0.0,0.0,0.0,0.0,1024
2023-05-09 21:00:37,ss2311,ss2311,14765.0,0.0,0.0,0.0,2,14740.0,14815.0,3,14765.0,14760.0,0.0,0.0,0.0,0.0,1024
2023-05-09 21:00:42,ss2311,ss2311,14765.0,0.0,0.0,0.0,2,14740.0,14815.0,3,14765.0,14760.0,0.0,0.0,0.0,0.0,1024
2023-05-09 21:00:43,ss2311,ss2311,14765.0,0.0,0.0,0.0,2,14740.0,14815.0,3,14765.0,14760.0,0.0,0.0,0.0,0.0,1024
2023-05-09 21:00:45,ss2311,ss2311,14765.0,0.0,0.0,0.0,2,14740.0,14815.0,3,14765.0,14760.0,0.0,0.0,0.0,0.0,1024
2023-05-09 21:00:46,ss2311,ss2311,14765.0,0.0,0.0,0.0,2,14740.0,14815.0,3,14765.0,14760.0,0.0,0.0,0.0,0.0,1024
2023-05-09 21:00:52,ss2311,ss2311,14765.0,0.0,0.0,0.0,2,14740.0,14815.0,3,14765.0,14760.0,0.0,0.0,0.0,0.0,1024
2023-05-09 21:00:52,ss2311,ss2311,14765.0,0.0,0.0,0.0,2,14740.0,14815.0,3,14765.0,14760.0,0.0,0.0,0.0,0.0,1024
2023-05-09 21:00:53,ss2311,ss2311,14765.0,0.0,0.0,0.0,2,14740.0,14815.0,3,14765.0,14760.0,0.0,0.0,0.0,0.0,1024
2023-05-09 21:00:54,ss2311,ss2311,14765.0,0.0,0.0,0.0,2,14740.0,14815.0,3,14765.0,14760.0,0.0,0.0,0.0,0.0,1024
2023-05-09 21:00:55,ss2311,ss2311,14765.0,0.0,0.0,0.0,2,14740.0,14815.0,3,14765.0,14760.0,0.0,0.0,0.0,0.0,1024
2023-05-09 21:00:56,ss2311,ss2311,14765.0,0.0,0.0,0.0,2,14740.0,14815.0,3,14765.0,14760.0,0.0,0.0,0.0,0.0,1024
2023-05-09 21:00:57,ss2311,ss2311,14765.0,0.0,0.0,0.0,1,14740.0,14815.0,3,14765.0,14760.0,0.0,0.0,0.0,0.0,1024
2023-05-09 21:00:58,ss2311,ss2311,14765.0,0.0,0.0,0.0,1,14745.0,14815.0,4,14765.0,14760.0,0.0,0.0,0.0,0.0,1024
2023-05-09 21:00:58,ss2311,ss2311,14765.0,0.0,0.0,0.0,1,14750.0,14815.0,4,14765.0,14760.0,0.0,0.0,0.0,0.0,1024
2023-05-09 21:01:00,ss2311,ss2311,14765.0,0.0,0.0,0.0,1,14755.0,14810.0,1,14765.0,14760.0,0.0,0.0,0.0,0.0,1024
2023-05-09 21:01:01,ss2311,ss2311,14765.0,0.0,0.0,0.0,1,14755.0,14810.0,1,14765.0,14760.0,0.0,0.0,0.0,0.0,1024
2023-05-09 21:01:01,ss2311,ss2311,14765.0,0.0,0.0,0.0,1,14750.0,14805.0,3,14765.0,14760.0,0.0,0.0,0.0,0.0,1024
2023-05-09 21:01:02,ss2311,ss2311,14765.0,0.0,0.0,0.0,1,14750.0,14800.0,1,14765.0,14760.0,0.0,0.0,0.0,0.0,1024
2023-05-09 21:01:02,ss2311,ss2311,14765.0,0.0,0.0,0.0,2,14750.0,14800.0,1,14765.0,14760.0,0.0,0.0,0.0,0.0,1024
2023-05-09 21:01:03,ss2311,ss2311,14765.0,0.0,0.0,0.0,1,14750.0,14805.0,3,14765.0,14760.0,0.0,0.0,0.0,0.0,1024
2023-05-09 21:01:03,ss2311,ss2311,14765.0,0.0,0.0,0.0,1,14750.0,14805.0,3,14765.0,14760.0,0.0,0.0,0.0,0.0,1024
2023-05-09 21:01:04,ss2311,ss2311,14765.0,0.0,0.0,0.0,2,14745.0,14805.0,5,14765.0,14760.0,0.0,0.0,0.0,0.0,1024
2023-05-09 21:01:04,ss2311,ss2311,14765.0,0.0,0.0,0.0,3,14745.0,14805.0,5,14765.0,14760.0,0.0,0.0,0.0,0.0,1024
2023-05-09 21:01:05,ss2311,ss2311,14765.0,0.0,0.0,0.0,2,14755.0,14800.0,2,14765.0,14760.0,0.0,0.0,0.0,0.0,1024
2023-05-09 21:01:05,ss2311,ss2311,14765.0,0.0,0.0,0.0,2,14755.0,14800.0,2,14765.0,14760.0,0.0,0.0,0.0,0.0,1024
2023-05-09 21:01:06,ss2311,ss2311,14765.0,0.0,0.0,0.0,2,14755.0,14795.0,2,14765.0,14760.0,0.0,0.0,0.0,0.0,1024
2023-05-09 21:01:06,ss2311,ss2311,14765.0,0.0,0.0,0.0,2,14755.0,14795.0,2,14765.0,14760.0,0.0,0.0,0.0,0.0,1024
2023-05-09 21:01:07,ss2311,ss2311,14765.0,0.0,0.0,0.0,2,14755.0,14795.0,3,14765.0,14760.0,0.0,0.0,0.0,0.0,1024
2023-05-09 21:01:08,ss2311,ss2311,14765.0,0.0,0.0,0.0,1,14745.0,14795.0,3,14765.0,14760.0,0.0,0.0,0.0,0.0,1024
2023-05-09 21:01:08,ss2311,ss2311,14765.0,0.0,0.0,0.0,1,14745.0,14795.0,3,14765.0,14760.0,0.0,0.0,0.0,0.0,1024
2023-05-09 21:01:09,ss2311,ss2311,14765.0,0.0,0.0,0.0,1,14745.0,14795.0,3,14765.0,14760.0,0.0,0.0,0.0,0.0,1024
2023-05-09 21:01:09,ss2311,ss2311,14765.0,0.0,0.0,0.0,2,14745.0,14795.0,3,14765.0,14760.0,0.0,0.0,0.0,0.0,1024
2023-05-09 21:01:10,ss2311,ss2311,14765.0,0.0,0.0,0.0,2,14745.0,14795.0,3,14765.0,14760.0,0.0,0.0,0.0,0.0,1024
2023-05-09 21:01:11,ss2311,ss2311,14765.0,0.0,0.0,0.0,2,14745.0,14795.0,3,14765.0,14760.0,0.0,0.0,0.0,0.0,1024
2023-05-09 21:01:11,ss2311,ss2311,14765.0,0.0,0.0,0.0,1,14745.0,14795.0,3,14765.0,14760.0,0.0,0.0,0.0,0.0,1024
2023-05-09 21:01:12,ss2311,ss2311,14765.0,0.0,0.0,0.0,1,14750.0,14795.0,3,14765.0,14760.0,0.0,0.0,0.0,0.0,1024
2023-05-09 21:01:12,ss2311,ss2311,14765.0,0.0,0.0,0.0,1,14715.0,14795.0,3,14765.0,14760.0,0.0,0.0,0.0,0.0,1024
2023-05-09 21:01:13,ss2311,ss2311,14765.0,0.0,0.0,0.0,3,14720.0,14795.0,2,14765.0,14760.0,0.0,0.0,0.0,0.0,1024
2023-05-09 21:01:13,ss2311,ss2311,14765.0,0.0,0.0,0.0,3,14720.0,14795.0,2,14765.0,14760.0,0.0,0.0,0.0,0.0,1024
2023-05-09 21:01:14,ss2311,ss2311,14765.0,0.0,0.0,0.0,3,14720.0,14795.0,2,14765.0,14760.0,0.0,0.0,0.0,0.0,1024
2023-05-09 21:01:14,ss2311,ss2311,14765.0,0.0,0.0,0.0,2,14750.0,14795.0,2,14765.0,14760.0,0.0,0.0,0.0,0.0,1024
2023-05-09 21:01:15,ss2311,ss2311,14765.0,0.0,0.0,0.0,3,14750.0,14795.0,2,14765.0,14760.0,0.0,0.0,0.0,0.0,1024
2023-05-09 21:01:15,ss2311,ss2311,14765.0,0.0,0.0,0.0,3,14750.0,14795.0,2,14765.0,14760.0,0.0,0.0,0.0,0.0,1024
2023-05-09 21:01:16,ss2311,ss2311,14765.0,0.0,0.0,0.0,1,14755.0,14795.0,2,14765.0,14760.0,0.0,0.0,0.0,0.0,1024
2023-05-09 21:01:16,ss2311,ss2311,14765.0,0.0,0.0,0.0,2,14755.0,14840.0,2,14765.0,14760.0,0.0,0.0,0.0,0.0,1024
2023-05-09 21:01:17,ss2311,ss2311,14765.0,0.0,0.0,0.0,2,14755.0,14835.0,32,14765.0,14760.0,0.0,0.0,0.0,0.0,1024
2023-05-09 21:01:17,ss2311,ss2311,14765.0,0.0,0.0,0.0,1,14755.0,14830.0,1,14765.0,14760.0,0.0,0.0,0.0,0.0,1024
2023-05-09 21:01:18,ss2311,ss2311,14765.0,0.0,0.0,0.0,1,14755.0,14830.0,1,14765.0,14760.0,0.0,0.0,0.0,0.0,1024
2023-05-09 21:01:18,ss2311,ss2311,14765.0,0.0,0.0,0.0,1,14755.0,14830.0,1,14765.0,14760.0,0.0,0.0,0.0,0.0,1024
2023-05-09 21:01:19,ss2311,ss2311,14765.0,0.0,0.0,0.0,2,14755.0,14835.0,2,14765.0,14760.0,0.0,0.0,0.0,0.0,1024
2023-05-09 21:01:19,ss2311,ss2311,14765.0,0.0,0.0,0.0,2,14755.0,14840.0,2,14765.0,14760.0,0.0,0.0,0.0,0.0,1024
2023-05-09 21:01:20,ss2311,ss2311,14765.0,0.0,0.0,0.0,1,14755.0,14830.0,2,14765.0,14760.0,0.0,0.0,0.0,0.0,1024
2023-05-09 21:01:20,ss2311,ss2311,14765.0,0.0,0.0,0.0,1,14755.0,14825.0,5,14765.0,14760.0,0.0,0.0,0.0,0.0,1024
2023-05-09 21:01:21,ss2311,ss2311,14765.0,0.0,0.0,0.0,1,14755.0,14830.0,2,14765.0,14760.0,0.0,0.0,0.0,0.0,1024
2023-05-09 21:01:21,ss2311,ss2311,14765.0,0.0,0.0,0.0,2,14720.0,14825.0,8,14765.0,14760.0,0.0,0.0,0.0,0.0,1024
2023-05-09 21:01:22,ss2311,ss2311,14765.0,0.0,0.0,0.0,1,14725.0,14825.0,8,14765.0,14760.0,0.0,0.0,0.0,0.0,1024
2023-05-09 21:01:22,ss2311,ss2311,14765.0,0.0,0.0,0.0,1,14725.0,14825.0,8,14765.0,14760.0,0.0,0.0,0.0,0.0,1024
2023-05-09 21:01:23,ss2311,ss2311,14765.0,0.0,0.0,0.0,1,14725.0,14820.0,1,14765.0,14760.0,0.0,0.0,0.0,0.0,1024
2023-05-09 21:01:24,ss2311,ss2311,14765.0,0.0,0.0,0.0,1,14725.0,14820.0,3,14765.0,14760.0,0.0,0.0,0.0,0.0,1024
2023-05-09 21:01:24,ss2311,ss2311,14765.0,0.0,0.0,0.0,1,14725.0,14815.0,7,14765.0,14760.0,0.0,0.0,0.0,0.0,1024
2023-05-09 21:01:25,ss2311,ss2311,14765.0,0.0,0.0,0.0,1,14760.0,14815.0,7,14765.0,14760.0,0.0,0.0,0.0,0.0,1024
2023-05-09 21:01:25,ss2311,ss2311,14765.0,0.0,0.0,0.0,1,14760.0,14815.0,7,14765.0,14760.0,0.0,0.0,0.0,0.0,1024
2023-05-09 21:01:26,ss2311,ss2311,14765.0,0.0,0.0,0.0,1,14760.0,14815.0,7,14765.0,14760.0,0.0,0.0,0.0,0.0,1024
2023-05-09 21:01:27,ss2311,ss2311,14765.0,0.0,0.0,0.0,1,14760.0,14810.0,2,14765.0,14760.0,0.0,0.0,0.0,0.0,1024
2023-05-09 21:01:27,ss2311,ss2311,14765.0,0.0,0.0,0.0,3,14715.0,14810.0,3,14765.0,14760.0,0.0,0.0,0.0,0.0,1024
2023-05-09 21:01:28,ss2311,ss2311,14765.0,0.0,0.0,0.0,1,14720.0,14810.0,3,14765.0,14760.0,0.0,0.0,0.0,0.0,1024
2023-05-09 21:01:28,ss2311,ss2311,14765.0,0.0,0.0,0.0,1,14720.0,14810.0,3,14765.0,14760.0,0.0,0.0,0.0,0.0,1024
2023-05-09 21:01:29,ss2311,ss2311,14765.0,0.0,0.0,0.0,1,14720.0,14810.0,3,14765.0,14760.0,0.0,0.0,0.0,0.0,1024
2023-05-09 21:01:34,ss2311,ss2311,14765.0,0.0,0.0,0.0,3,14720.0,14810.0,3,14765.0,14760.0,0.0,0.0,0.0,0.0,1024
2023-05-09 21:01:34,ss2311,ss2311,14765.0,0.0,0.0,0.0,3,14720.0,14810.0,3,14765.0,14760.0,0.0,0.0,0.0,0.0,1024
2023-05-09 21:01:39,ss2311,ss2311,14765.0,0.0,0.0,0.0,3,14720.0,14810.0,3,14765.0,14760.0,0.0,0.0,0.0,0.0,1024
2023-05-09 21:01:40,ss2311,ss2311,14765.0,0.0,0.0,0.0,3,14720.0,14810.0,3,14765.0,14760.0,0.0,0.0,0.0,0.0,1024
2023-05-09 21:01:40,ss2311,ss2311,14765.0,0.0,0.0,0.0,2,14725.0,14810.0,3,14765.0,14760.0,0.0,0.0,0.0,0.0,1024
2023-05-09 21:01:41,ss2311,ss2311,14765.0,0.0,0.0,0.0,1,14730.0,14810.0,3,14765.0,14760.0,0.0,0.0,0.0,0.0,1024
2023-05-09 21:01:43,ss2311,ss2311,14765.0,0.0,0.0,0.0,1,14730.0,14810.0,3,14765.0,14760.0,0.0,0.0,0.0,0.0,1024
2023-05-09 21:01:44,ss2311,ss2311,14765.0,0.0,0.0,0.0,1,14730.0,14810.0,3,14765.0,14760.0,0.0,0.0,0.0,0.0,1024
2023-05-09 21:01:45,ss2311,ss2311,14765.0,0.0,0.0,0.0,1,14730.0,14810.0,3,14765.0,14760.0,0.0,0.0,0.0,0.0,1024
2023-05-09 21:01:45,ss2311,ss2311,14765.0,0.0,0.0,0.0,1,14730.0,14805.0,1,14765.0,14760.0,0.0,0.0,0.0,0.0,1024
2023-05-09 21:01:46,ss2311,ss2311,14765.0,0.0,0.0,0.0,1,14730.0,14805.0,1,14765.0,14760.0,0.0,0.0,0.0,0.0,1024
2023-05-09 21:01:46,ss2311,ss2311,14765.0,0.0,0.0,0.0,1,14730.0,14800.0,4,14765.0,14760.0,0.0,0.0,0.0,0.0,1024
2023-05-09 21:01:48,ss2311,ss2311,14765.0,0.0,0.0,0.0,1,14730.0,14800.0,4,14765.0,14760.0,0.0,0.0,0.0,0.0,1024
2023-05-09 21:01:49,ss2311,ss2311,14765.0,0.0,0.0,0.0,1,14730.0,14800.0,4,14765.0,14760.0,0.0,0.0,0.0,0.0,1024
2023-05-09 21:01:50,ss2311,ss2311,14765.0,0.0,0.0,0.0,1,14730.0,14800.0,4,14765.0,14760.0,0.0,0.0,0.0,0.0,1024
2023-05-09 21:01:50,ss2311,ss2311,14765.0,0.0,0.0,0.0,1,14730.0,14800.0,4,14765.0,14760.0,0.0,0.0,0.0,0.0,1024
2023-05-09 21:01:55,ss2311,ss2311,14765.0,0.0,0.0,0.0,1,14730.0,14800.0,4,14765.0,14760.0,0.0,0.0,0.0,0.0,1024
2023-05-09 21:01:56,ss2311,ss2311,14765.0,0.0,0.0,0.0,1,14730.0,14800.0,4,14765.0,14760.0,0.0,0.0,0.0,0.0,1024
2023-05-09 21:01:57,ss2311,ss2311,14765.0,0.0,0.0,0.0,1,14730.0,14800.0,4,14765.0,14760.0,0.0,0.0,0.0,0.0,1024
2023-05-09 21:01:58,ss2311,ss2311,14765.0,0.0,0.0,0.0,1,14730.0,14800.0,4,14765.0,14760.0,0.0,0.0,0.0,0.0,1024
2023-05-09 21:02:14,ss2311,ss2311,14765.0,0.0,0.0,0.0,1,14730.0,14800.0,4,14765.0,14760.0,0.0,0.0,0.0,0.0,1024
2023-05-09 21:02:14,ss2311,ss2311,14765.0,0.0,0.0,0.0,1,14730.0,14800.0,4,14765.0,14760.0,0.0,0.0,0.0,0.0,1024
2023-05-09 21:02:21,ss2311,ss2311,14765.0,0.0,0.0,0.0,1,14730.0,14800.0,4,14765.0,14760.0,0.0,0.0,0.0,0.0,1024
2023-05-09 21:02:21,ss2311,ss2311,14765.0,0.0,0.0,0.0,1,14730.0,14800.0,4,14765.0,14760.0,0.0,0.0,0.0,0.0,1024
2023-05-09 21:02:25,ss2311,ss2311,14765.0,0.0,0.0,0.0,1,14730.0,14800.0,4,14765.0,14760.0,0.0,0.0,0.0,0.0,1024
2023-05-09 21:02:29,ss2311,ss2311,14765.0,0.0,0.0,0.0,1,14730.0,14795.0,1,14765.0,14760.0,0.0,0.0,0.0,0.0,1024
2023-05-09 21:02:30,ss2311,ss2311,14765.0,0.0,0.0,0.0,1,14730.0,14790.0,1,14765.0,14760.0,0.0,0.0,0.0,0.0,1024
2023-05-09 21:02:30,ss2311,ss2311,14765.0,0.0,0.0,0.0,1,14730.0,14790.0,2,14765.0,14760.0,0.0,0.0,0.0,0.0,1024
2023-05-09 21:02:31,ss2311,ss2311,14765.0,0.0,0.0,0.0,1,14730.0,14785.0,1,14765.0,14760.0,0.0,0.0,0.0,0.0,1024
2023-05-09 21:02:31,ss2311,ss2311,14765.0,0.0,0.0,0.0,1,14730.0,14790.0,3,14765.0,14760.0,0.0,0.0,0.0,0.0,1024
2023-05-09 21:02:54,ss2311,ss2311,14765.0,0.0,0.0,0.0,1,14730.0,14790.0,3,14765.0,14760.0,0.0,0.0,0.0,0.0,1024
2023-05-09 21:02:55,ss2311,ss2311,14765.0,0.0,0.0,0.0,1,14730.0,14790.0,3,14765.0,14760.0,0.0,0.0,0.0,0.0,1024
2023-05-09 21:03:00,ss2311,ss2311,14765.0,0.0,0.0,0.0,1,14730.0,14790.0,3,14765.0,14760.0,0.0,0.0,0.0,0.0,1024
2023-05-09 21:03:01,ss2311,ss2311,14765.0,0.0,0.0,0.0,1,14730.0,14785.0,1,14765.0,14760.0,0.0,0.0,0.0,0.0,1024
2023-05-09 21:03:01,ss2311,ss2311,14765.0,0.0,0.0,0.0,1,14730.0,14780.0,1,14765.0,14760.0,0.0,0.0,0.0,0.0,1024
2023-05-09 21:03:02,ss2311,ss2311,14765.0,0.0,0.0,0.0,1,14730.0,14780.0,1,14765.0,14760.0,0.0,0.0,0.0,0.0,1024
2023-05-09 21:03:03,ss2311,ss2311,14765.0,0.0,0.0,0.0,1,14730.0,14775.0,2,14765.0,14760.0,0.0,0.0,0.0,0.0,1024
2023-05-09 21:03:03,ss2311,ss2311,14765.0,0.0,0.0,0.0,1,14730.0,14775.0,2,14765.0,14760.0,0.0,0.0,0.0,0.0,1024
2023-05-09 21:03:04,ss2311,ss2311,14765.0,0.0,0.0,0.0,1,14730.0,14770.0,1,14765.0,14760.0,0.0,0.0,0.0,0.0,1024
2023-05-09 21:03:04,ss2311,ss2311,14765.0,0.0,0.0,0.0,1,14730.0,14775.0,2,14765.0,14760.0,0.0,0.0,0.0,0.0,1024
2023-05-09 21:03:05,ss2311,ss2311,14765.0,0.0,0.0,0.0,1,14730.0,14775.0,2,14765.0,14760.0,0.0,0.0,0.0,0.0,1024
2023-05-09 21:03:08,ss2311,ss2311,14765.0,0.0,0.0,0.0,1,14730.0,14775.0,2,14765.0,14760.0,0.0,0.0,0.0,0.0,1024
2023-05-09 21:03:12,ss2311,ss2311,14765.0,0.0,0.0,0.0,1,14730.0,14770.0,1,14765.0,14760.0,0.0,0.0,0.0,0.0,1024
2023-05-09 21:03:12,ss2311,ss2311,14765.0,0.0,0.0,0.0,1,14730.0,14770.0,1,14765.0,14760.0,0.0,0.0,0.0,0.0,1024
2023-05-09 21:03:13,ss2311,ss2311,14765.0,0.0,0.0,0.0,1,14730.0,14770.0,3,14765.0,14760.0,0.0,0.0,0.0,0.0,1024
2023-05-09 21:03:24,ss2311,ss2311,14765.0,0.0,0.0,0.0,1,14730.0,14770.0,3,14765.0,14760.0,0.0,0.0,0.0,0.0,1024
2023-05-09 21:03:25,ss2311,ss2311,14765.0,0.0,0.0,0.0,1,14730.0,14770.0,3,14765.0,14760.0,0.0,0.0,0.0,0.0,1024
2023-05-09 21:03:31,ss2311,ss2311,14765.0,0.0,0.0,0.0,2,14720.0,14770.0,3,14765.0,14760.0,0.0,0.0,0.0,0.0,1024
2023-05-09 21:03:31,ss2311,ss2311,14765.0,0.0,0.0,0.0,1,14725.0,14770.0,3,14765.0,14760.0,0.0,0.0,0.0,0.0,1024
2023-05-09 21:03:32,ss2311,ss2311,14765.0,0.0,0.0,0.0,1,14725.0,14770.0,1,14765.0,14760.0,0.0,0.0,0.0,0.0,1024
2023-05-09 21:03:32,ss2311,ss2311,14765.0,0.0,0.0,0.0,1,14725.0,14765.0,2,14765.0,14760.0,0.0,0.0,0.0,0.0,1024
2023-05-09 21:03:33,ss2311,ss2311,14765.0,0.0,0.0,0.0,1,14715.0,14765.0,2,14765.0,14760.0,0.0,0.0,0.0,0.0,1024
2023-05-09 21:03:33,ss2311,ss2311,14765.0,0.0,0.0,0.0,1,14720.0,14765.0,2,14765.0,14760.0,0.0,0.0,0.0,0.0,1024
2023-05-09 21:03:36,ss2311,ss2311,14765.0,0.0,0.0,0.0,1,14720.0,14770.0,1,14765.0,14760.0,0.0,0.0,0.0,0.0,1024
2023-05-09 21:03:37,ss2311,ss2311,14765.0,0.0,0.0,0.0,1,14720.0,14765.0,1,14765.0,14760.0,0.0,0.0,0.0,0.0,1024
2023-05-09 21:03:37,ss2311,ss2311,14765.0,0.0,0.0,0.0,1,14720.0,14770.0,1,14765.0,14760.0,0.0,0.0,0.0,0.0,1024
2023-05-09 21:03:38,ss2311,ss2311,14765.0,0.0,0.0,0.0,1,14720.0,14765.0,2,14765.0,14760.0,0.0,0.0,0.0,0.0,1024
2023-05-09 21:03:40,ss2311,ss2311,14765.0,0.0,0.0,0.0,1,14720.0,14770.0,1,14765.0,14760.0,0.0,0.0,0.0,0.0,1024
2023-05-09 21:03:42,ss2311,ss2311,14765.0,0.0,0.0,0.0,1,14720.0,14770.0,3,14765.0,14760.0,0.0,0.0,0.0,0.0,1024
2023-05-09 21:03:49,ss2311,ss2311,14765.0,0.0,0.0,0.0,1,14720.0,14770.0,1,14765.0,14760.0,0.0,0.0,0.0,0.0,1024
2023-05-09 21:03:51,ss2311,ss2311,14765.0,0.0,0.0,0.0,1,14720.0,14770.0,1,14765.0,14760.0,0.0,0.0,0.0,0.0,1024
2023-05-09 21:03:51,ss2311,ss2311,14765.0,0.0,0.0,0.0,1,14720.0,14765.0,2,14765.0,14760.0,0.0,0.0,0.0,0.0,1024
2023-05-09 21:03:54,ss2311,ss2311,14765.0,0.0,0.0,0.0,1,14720.0,14770.0,1,14765.0,14760.0,0.0,0.0,0.0,0.0,1024
2023-05-09 21:03:54,ss2311,ss2311,14765.0,0.0,0.0,0.0,1,14720.0,14770.0,3,14765.0,14760.0,0.0,0.0,0.0,0.0,1024
2023-05-09 21:03:57,ss2311,ss2311,14765.0,0.0,0.0,0.0,1,14720.0,14770.0,3,14765.0,14760.0,0.0,0.0,0.0,0.0,1024
2023-05-09 21:03:57,ss2311,ss2311,14765.0,0.0,0.0,0.0,1,14720.0,14770.0,1,14765.0,14760.0,0.0,0.0,0.0,0.0,1024
2023-05-09 21:04:08,ss2311,ss2311,14765.0,0.0,0.0,0.0,1,14720.0,14770.0,1,14765.0,14760.0,0.0,0.0,0.0,0.0,1024
2023-05-09 21:04:08,ss2311,ss2311,14765.0,0.0,0.0,0.0,1,14720.0,14770.0,1,14765.0,14760.0,0.0,0.0,0.0,0.0,1024
2023-05-09 21:04:27,ss2311,ss2311,14765.0,0.0,0.0,0.0,1,14720.0,14770.0,1,14765.0,14760.0,0.0,0.0,0.0,0.0,1024
2023-05-09 21:04:30,ss2311,ss2311,14765.0,0.0,0.0,0.0,1,14720.0,14765.0,1,14765.0,14760.0,0.0,0.0,0.0,0.0,1024
2023-05-09 21:04:31,ss2311,ss2311,14765.0,0.0,0.0,0.0,1,14720.0,14765.0,1,14765.0,14760.0,0.0,0.0,0.0,0.0,1024
2023-05-09 21:04:37,ss2311,ss2311,14765.0,0.0,0.0,0.0,1,14720.0,14765.0,1,14765.0,14760.0,0.0,0.0,0.0,0.0,1024
2023-05-09 21:04:38,ss2311,ss2311,14765.0,0.0,0.0,0.0,1,14720.0,14765.0,3,14765.0,14760.0,0.0,0.0,0.0,0.0,1024
2023-05-09 21:04:41,ss2311,ss2311,14765.0,0.0,0.0,0.0,1,14720.0,14765.0,1,14765.0,14760.0,0.0,0.0,0.0,0.0,1024
2023-05-09 21:04:41,ss2311,ss2311,14765.0,0.0,0.0,0.0,1,14720.0,14760.0,2,14765.0,14760.0,0.0,0.0,0.0,0.0,1024
2023-05-09 21:04:42,ss2311,ss2311,14765.0,0.0,0.0,0.0,1,14720.0,14760.0,2,14765.0,14760.0,0.0,0.0,0.0,0.0,1024
2023-05-09 21:04:44,ss2311,ss2311,14765.0,0.0,0.0,0.0,1,14720.0,14770.0,1,14765.0,14760.0,0.0,0.0,0.0,0.0,1024
2023-05-09 21:04:45,ss2311,ss2311,14765.0,0.0,0.0,0.0,1,14720.0,14765.0,1,14765.0,14760.0,0.0,0.0,0.0,0.0,1024
2023-05-09 21:04:45,ss2311,ss2311,14765.0,0.0,0.0,0.0,1,14720.0,14765.0,3,14765.0,14760.0,0.0,0.0,0.0,0.0,1024
2023-05-09 21:04:46,ss2311,ss2311,14765.0,0.0,0.0,0.0,1,14720.0,14765.0,3,14765.0,14760.0,0.0,0.0,0.0,0.0,1024
2023-05-09 21:04:55,ss2311,ss2311,14765.0,0.0,0.0,0.0,1,14720.0,14765.0,3,14765.0,14760.0,0.0,0.0,0.0,0.0,1024
2023-05-09 21:04:57,ss2311,ss2311,14765.0,0.0,0.0,0.0,1,14720.0,14765.0,3,14765.0,14760.0,0.0,0.0,0.0,0.0,1024
2023-05-09 21:05:02,ss2311,ss2311,14765.0,0.0,0.0,0.0,1,14720.0,14765.0,2,14765.0,14760.0,0.0,0.0,0.0,0.0,1024
2023-05-09 21:05:03,ss2311,ss2311,14765.0,0.0,0.0,0.0,1,14720.0,14770.0,1,14765.0,14760.0,0.0,0.0,0.0,0.0,1024
2023-05-09 21:05:03,ss2311,ss2311,14765.0,0.0,0.0,0.0,1,14720.0,14765.0,1,14765.0,14760.0,0.0,0.0,0.0,0.0,1024
2023-05-09 21:05:04,ss2311,ss2311,14765.0,0.0,0.0,0.0,1,14720.0,14770.0,3,14765.0,14760.0,0.0,0.0,0.0,0.0,1024
2023-05-09 21:05:06,ss2311,ss2311,14765.0,0.0,0.0,0.0,1,14725.0,14770.0,1,14765.0,14760.0,0.0,0.0,0.0,0.0,1024
2023-05-09 21:05:06,ss2311,ss2311,14765.0,0.0,0.0,0.0,1,14730.0,14770.0,1,14765.0,14760.0,0.0,0.0,0.0,0.0,1024
2023-05-09 21:05:07,ss2311,ss2311,14765.0,0.0,0.0,0.0,1,14730.0,14770.0,1,14765.0,14760.0,0.0,0.0,0.0,0.0,1024
2023-05-09 21:05:07,ss2311,ss2311,14765.0,0.0,0.0,0.0,2,14735.0,14765.0,1,14765.0,14760.0,0.0,0.0,0.0,0.0,1024
2023-05-09 21:05:08,ss2311,ss2311,14765.0,0.0,0.0,0.0,3,14735.0,14765.0,1,14765.0,14760.0,0.0,0.0,0.0,0.0,1024
2023-05-09 21:05:08,ss2311,ss2311,14765.0,0.0,0.0,0.0,3,14735.0,14765.0,1,14765.0,14760.0,0.0,0.0,0.0,0.0,1024
2023-05-09 21:05:09,ss2311,ss2311,14765.0,0.0,0.0,0.0,1,14715.0,14770.0,1,14765.0,14760.0,0.0,0.0,0.0,0.0,1024
2023-05-09 21:05:09,ss2311,ss2311,14765.0,0.0,0.0,0.0,1,14720.0,14770.0,3,14765.0,14760.0,0.0,0.0,0.0,0.0,1024
2023-05-09 21:05:10,ss2311,ss2311,14765.0,0.0,0.0,0.0,1,14720.0,14765.0,1,14765.0,14760.0,0.0,0.0,0.0,0.0,1024
2023-05-09 21:05:11,ss2311,ss2311,14765.0,0.0,0.0,0.0,1,14725.0,14765.0,3,14765.0,14760.0,0.0,0.0,0.0,0.0,1024
2023-05-09 21:05:11,ss2311,ss2311,14765.0,0.0,0.0,0.0,1,14730.0,14765.0,3,14765.0,14760.0,0.0,0.0,0.0,0.0,1024
2023-05-09 21:05:12,ss2311,ss2311,14765.0,0.0,0.0,0.0,1,14730.0,14765.0,2,14765.0,14760.0,0.0,0.0,0.0,0.0,1024
2023-05-09 21:05:13,ss2311,ss2311,14765.0,0.0,0.0,0.0,1,14730.0,14765.0,2,14765.0,14760.0,0.0,0.0,0.0,0.0,1024
2023-05-09 21:05:13,ss2311,ss2311,14765.0,0.0,0.0,0.0,1,14730.0,14770.0,1,14765.0,14760.0,0.0,0.0,0.0,0.0,1024
2023-05-09 21:05:14,ss2311,ss2311,14765.0,0.0,0.0,0.0,1,14730.0,14770.0,1,14765.0,14760.0,0.0,0.0,0.0,0.0,1024
2023-05-09 21:05:15,ss2311,ss2311,14765.0,0.0,0.0,0.0,1,14735.0,14815.0,1,14765.0,14760.0,0.0,0.0,0.0,0.0,1024
2023-05-09 21:05:15,ss2311,ss2311,14765.0,0.0,0.0,0.0,1,14740.0,14810.0,2,14765.0,14760.0,0.0,0.0,0.0,0.0,1024
2023-05-09 21:05:16,ss2311,ss2311,14765.0,0.0,0.0,0.0,1,14740.0,14805.0,4,14765.0,14760.0,0.0,0.0,0.0,0.0,1024
2023-05-09 21:05:16,ss2311,ss2311,14765.0,0.0,0.0,0.0,1,14740.0,14805.0,6,14765.0,14760.0,0.0,0.0,0.0,0.0,1024
2023-05-09 21:05:17,ss2311,ss2311,14765.0,0.0,0.0,0.0,1,14740.0,14795.0,2,14765.0,14760.0,0.0,0.0,0.0,0.0,1024
2023-05-09 21:05:17,ss2311,ss2311,14765.0,0.0,0.0,0.0,1,14740.0,14795.0,2,14765.0,14760.0,0.0,0.0,0.0,0.0,1024
2023-05-09 21:05:18,ss2311,ss2311,14765.0,0.0,0.0,0.0,3,14745.0,14795.0,2,14765.0,14760.0,0.0,0.0,0.0,0.0,1024
2023-05-09 21:05:18,ss2311,ss2311,14765.0,0.0,0.0,0.0,3,14745.0,14790.0,2,14765.0,14760.0,0.0,0.0,0.0,0.0,1024
2023-05-09 21:05:19,ss2311,ss2311,14765.0,0.0,0.0,0.0,2,14710.0,14790.0,2,14765.0,14760.0,0.0,0.0,0.0,0.0,1024
2023-05-09 21:05:19,ss2311,ss2311,14765.0,0.0,0.0,0.0,2,14740.0,14790.0,2,14765.0,14760.0,0.0,0.0,0.0,0.0,1024
2023-05-09 21:05:20,ss2311,ss2311,14765.0,0.0,0.0,0.0,3,14740.0,14790.0,2,14765.0,14760.0,0.0,0.0,0.0,0.0,1024
2023-05-09 21:05:20,ss2311,ss2311,14765.0,0.0,0.0,0.0,2,14740.0,14790.0,2,14765.0,14760.0,0.0,0.0,0.0,0.0,1024
2023-05-09 21:05:21,ss2311,ss2311,14765.0,0.0,0.0,0.0,2,14710.0,14785.0,1,14765.0,14760.0,0.0,0.0,0.0,0.0,1024
2023-05-09 21:05:21,ss2311,ss2311,14765.0,0.0,0.0,0.0,2,14715.0,14785.0,1,14765.0,14760.0,0.0,0.0,0.0,0.0,1024
2023-05-09 21:05:22,ss2311,ss2311,14765.0,0.0,0.0,0.0,2,14715.0,14780.0,2,14765.0,14760.0,0.0,0.0,0.0,0.0,1024
2023-05-09 21:05:26,ss2311,ss2311,14765.0,0.0,0.0,0.0,3,14715.0,14780.0,2,14765.0,14760.0,0.0,0.0,0.0,0.0,1024
2023-05-09 21:05:26,ss2311,ss2311,14765.0,0.0,0.0,0.0,2,14715.0,14780.0,2,14765.0,14760.0,0.0,0.0,0.0,0.0,1024
2023-05-09 21:05:27,ss2311,ss2311,14765.0,0.0,0.0,0.0,4,14715.0,14780.0,2,14765.0,14760.0,0.0,0.0,0.0,0.0,1024
2023-05-09 21:05:32,ss2311,ss2311,14765.0,0.0,0.0,0.0,2,14720.0,14780.0,2,14765.0,14760.0,0.0,0.0,0.0,0.0,1024
2023-05-09 21:05:33,ss2311,ss2311,14765.0,0.0,0.0,0.0,2,14725.0,14780.0,2,14765.0,14760.0,0.0,0.0,0.0,0.0,1024
2023-05-09 21:05:47,ss2311,ss2311,14765.0,0.0,0.0,0.0,2,14725.0,14780.0,2,14765.0,14760.0,0.0,0.0,0.0,0.0,1024
2023-05-09 21:05:48,ss2311,ss2311,14765.0,0.0,0.0,0.0,2,14725.0,14785.0,1,14765.0,14760.0,0.0,0.0,0.0,0.0,1024
2023-05-09 21:05:48,ss2311,ss2311,14765.0,0.0,0.0,0.0,2,14725.0,14785.0,3,14765.0,14760.0,0.0,0.0,0.0,0.0,1024
2023-05-09 21:05:55,ss2311,ss2311,14765.0,0.0,0.0,0.0,2,14725.0,14785.0,1,14765.0,14760.0,0.0,0.0,0.0,0.0,1024
2023-05-09 21:05:55,ss2311,ss2311,14765.0,0.0,0.0,0.0,2,14725.0,14780.0,2,14765.0,14760.0,0.0,0.0,0.0,0.0,1024
2023-05-09 21:05:58,ss2311,ss2311,14765.0,0.0,0.0,0.0,2,14725.0,14785.0,1,14765.0,14760.0,0.0,0.0,0.0,0.0,1024
2023-05-09 21:05:58,ss2311,ss2311,14765.0,0.0,0.0,0.0,2,14725.0,14785.0,3,14765.0,14760.0,0.0,0.0,0.0,0.0,1024
2023-05-09 21:05:59,ss2311,ss2311,14765.0,0.0,0.0,0.0,4,14725.0,14785.0,3,14765.0,14760.0,0.0,0.0,0.0,0.0,1024
2023-05-09 21:05:59,ss2311,ss2311,14765.0,0.0,0.0,0.0,2,14725.0,14785.0,3,14765.0,14760.0,0.0,0.0,0.0,0.0,1024
2023-05-09 21:06:02,ss2311,ss2311,14765.0,0.0,0.0,0.0,4,14725.0,14785.0,1,14765.0,14760.0,0.0,0.0,0.0,0.0,1024
2023-05-09 21:06:03,ss2311,ss2311,14765.0,0.0,0.0,0.0,4,14725.0,14785.0,1,14765.0,14760.0,0.0,0.0,0.0,0.0,1024
2023-05-09 21:06:05,ss2311,ss2311,14765.0,0.0,0.0,0.0,2,14725.0,14785.0,1,14765.0,14760.0,0.0,0.0,0.0,0.0,1024
2023-05-09 21:06:05,ss2311,ss2311,14765.0,0.0,0.0,0.0,4,14725.0,14785.0,1,14765.0,14760.0,0.0,0.0,0.0,0.0,1024
2023-05-09 21:06:08,ss2311,ss2311,14765.0,0.0,0.0,0.0,2,14725.0,14785.0,1,14765.0,14760.0,0.0,0.0,0.0,0.0,1024
2023-05-09 21:06:09,ss2311,ss2311,14765.0,0.0,0.0,0.0,4,14725.0,14785.0,1,14765.0,14760.0,0.0,0.0,0.0,0.0,1024
2023-05-09 21:06:14,ss2311,ss2311,14765.0,0.0,0.0,0.0,2,14725.0,14785.0,1,14765.0,14760.0,0.0,0.0,0.0,0.0,1024
2023-05-09 21:06:15,ss2311,ss2311,14765.0,0.0,0.0,0.0,4,14725.0,14785.0,1,14765.0,14760.0,0.0,0.0,0.0,0.0,1024
2023-05-09 21:06:34,ss2311,ss2311,14765.0,0.0,0.0,0.0,4,14725.0,14785.0,1,14765.0,14760.0,0.0,0.0,0.0,0.0,1024
2023-05-09 21:06:39,ss2311,ss2311,14765.0,0.0,0.0,0.0,2,14730.0,14785.0,1,14765.0,14760.0,0.0,0.0,0.0,0.0,1024
2023-05-09 21:06:39,ss2311,ss2311,14765.0,0.0,0.0,0.0,2,14735.0,14785.0,1,14765.0,14760.0,0.0,0.0,0.0,0.0,1024
2023-05-09 21:06:40,ss2311,ss2311,14765.0,0.0,0.0,0.0,2,14735.0,14785.0,1,14765.0,14760.0,0.0,0.0,0.0,0.0,1024
2023-05-09 21:06:40,ss2311,ss2311,14765.0,0.0,0.0,0.0,2,14735.0,14785.0,1,14765.0,14760.0,0.0,0.0,0.0,0.0,1024
2023-05-09 21:06:41,ss2311,ss2311,14765.0,0.0,0.0,0.0,2,14735.0,14785.0,1,14765.0,14760.0,0.0,0.0,0.0,0.0,1024
2023-05-09 21:06:41,ss2311,ss2311,14765.0,0.0,0.0,0.0,2,14735.0,14785.0,1,14765.0,14760.0,0.0,0.0,0.0,0.0,1024
2023-05-09 21:06:42,ss2311,ss2311,14765.0,0.0,0.0,0.0,2,14735.0,14785.0,1,14765.0,14760.0,0.0,0.0,0.0,0.0,1024
2023-05-09 21:06:44,ss2311,ss2311,14765.0,0.0,0.0,0.0,2,14735.0,14785.0,1,14765.0,14760.0,0.0,0.0,0.0,0.0,1024
2023-05-09 21:06:45,ss2311,ss2311,14765.0,0.0,0.0,0.0,2,14735.0,14785.0,1,14765.0,14760.0,0.0,0.0,0.0,0.0,1024
2023-05-09 21:06:45,ss2311,ss2311,14765.0,0.0,0.0,0.0,2,14735.0,14785.0,1,14765.0,14760.0,0.0,0.0,0.0,0.0,1024
2023-05-09 21:06:46,ss2311,ss2311,14765.0,0.0,0.0,0.0,2,14735.0,14785.0,1,14765.0,14760.0,0.0,0.0,0.0,0.0,1024
2023-05-09 21:06:48,ss2311,ss2311,14765.0,0.0,0.0,0.0,2,14735.0,14785.0,1,14765.0,14760.0,0.0,0.0,0.0,0.0,1024
2023-05-09 21:06:51,ss2311,ss2311,14765.0,0.0,0.0,0.0,2,14735.0,14785.0,1,14765.0,14760.0,0.0,0.0,0.0,0.0,1024
2023-05-09 21:06:51,ss2311,ss2311,14765.0,0.0,0.0,0.0,2,14735.0,14785.0,1,14765.0,14760.0,0.0,0.0,0.0,0.0,1024
2023-05-09 21:06:55,ss2311,ss2311,14765.0,0.0,0.0,0.0,2,14735.0,14785.0,1,14765.0,14760.0,0.0,0.0,0.0,0.0,1024
2023-05-09 21:06:55,ss2311,ss2311,14765.0,0.0,0.0,0.0,2,14735.0,14785.0,1,14765.0,14760.0,0.0,0.0,0.0,0.0,1024
2023-05-09 21:07:02,ss2311,ss2311,14765.0,0.0,0.0,0.0,2,14735.0,14785.0,1,14765.0,14760.0,0.0,0.0,0.0,0.0,1024
2023-05-09 21:07:03,ss2311,ss2311,14765.0,0.0,0.0,0.0,2,14735.0,14785.0,1,14765.0,14760.0,0.0,0.0,0.0,0.0,1024
2023-05-09 21:07:17,ss2311,ss2311,14765.0,0.0,0.0,0.0,2,14735.0,14785.0,1,14765.0,14760.0,0.0,0.0,0.0,0.0,1024
2023-05-09 21:07:17,ss2311,ss2311,14765.0,0.0,0.0,0.0,2,14735.0,14785.0,1,14765.0,14760.0,0.0,0.0,0.0,0.0,1024
2023-05-09 21:07:18,ss2311,ss2311,14765.0,0.0,0.0,0.0,2,14735.0,14785.0,1,14765.0,14760.0,0.0,0.0,0.0,0.0,1024
2023-05-09 21:07:24,ss2311,ss2311,14765.0,0.0,0.0,0.0,2,14735.0,14785.0,1,14765.0,14760.0,0.0,0.0,0.0,0.0,1024
2023-05-09 21:07:25,ss2311,ss2311,14765.0,0.0,0.0,0.0,2,14735.0,14785.0,1,14765.0,14760.0,0.0,0.0,0.0,0.0,1024
2023-05-09 21:07:35,ss2311,ss2311,14765.0,0.0,0.0,0.0,2,14735.0,14785.0,1,14765.0,14760.0,0.0,0.0,0.0,0.0,1024
2023-05-09 21:07:35,ss2311,ss2311,14765.0,0.0,0.0,0.0,2,14735.0,14785.0,1,14765.0,14760.0,0.0,0.0,0.0,0.0,1024
2023-05-09 21:07:50,ss2311,ss2311,14765.0,0.0,0.0,0.0,2,14735.0,14785.0,1,14765.0,14760.0,0.0,0.0,0.0,0.0,1024
2023-05-09 21:07:51,ss2311,ss2311,14765.0,0.0,0.0,0.0,2,14735.0,14785.0,1,14765.0,14760.0,0.0,0.0,0.0,0.0,1024
2023-05-09 21:07:53,ss2311,ss2311,14765.0,0.0,0.0,0.0,2,14735.0,14785.0,1,14765.0,14760.0,0.0,0.0,0.0,0.0,1024
2023-05-09 21:07:54,ss2311,ss2311,14765.0,0.0,0.0,0.0,2,14735.0,14785.0,1,14765.0,14760.0,0.0,0.0,0.0,0.0,1024
2023-05-09 21:07:57,ss2311,ss2311,14765.0,0.0,0.0,0.0,2,14735.0,14785.0,1,14765.0,14760.0,0.0,0.0,0.0,0.0,1024
2023-05-09 21:07:58,ss2311,ss2311,14765.0,0.0,0.0,0.0,2,14735.0,14785.0,1,14765.0,14760.0,0.0,0.0,0.0,0.0,1024
2023-05-09 21:08:01,ss2311,ss2311,14765.0,0.0,0.0,0.0,2,14735.0,14785.0,1,14765.0,14760.0,0.0,0.0,0.0,0.0,1024
2023-05-09 21:08:01,ss2311,ss2311,14765.0,0.0,0.0,0.0,2,14735.0,14785.0,1,14765.0,14760.0,0.0,0.0,0.0,0.0,1024
2023-05-09 21:08:09,ss2311,ss2311,14765.0,0.0,0.0,0.0,2,14735.0,14785.0,1,14765.0,14760.0,0.0,0.0,0.0,0.0,1024
2023-05-09 21:08:09,ss2311,ss2311,14765.0,0.0,0.0,0.0,2,14735.0,14785.0,1,14765.0,14760.0,0.0,0.0,0.0,0.0,1024
2023-05-09 21:08:14,ss2311,ss2311,14765.0,0.0,0.0,0.0,2,14735.0,14785.0,1,14765.0,14760.0,0.0,0.0,0.0,0.0,1024
2023-05-09 21:08:15,ss2311,ss2311,14765.0,0.0,0.0,0.0,2,14735.0,14785.0,3,14765.0,14760.0,0.0,0.0,0.0,0.0,1024
2023-05-09 21:08:17,ss2311,ss2311,14765.0,0.0,0.0,0.0,2,14735.0,14785.0,1,14765.0,14760.0,0.0,0.0,0.0,0.0,1024
2023-05-09 21:08:21,ss2311,ss2311,14765.0,0.0,0.0,0.0,2,14735.0,14785.0,1,14765.0,14760.0,0.0,0.0,0.0,0.0,1024
2023-05-09 21:08:22,ss2311,ss2311,14765.0,0.0,0.0,0.0,2,14735.0,14785.0,1,14765.0,14760.0,0.0,0.0,0.0,0.0,1024
2023-05-09 21:08:22,ss2311,ss2311,14765.0,0.0,0.0,0.0,2,14735.0,14785.0,1,14765.0,14760.0,0.0,0.0,0.0,0.0,1024
2023-05-09 21:08:28,ss2311,ss2311,14765.0,0.0,0.0,0.0,2,14735.0,14785.0,1,14765.0,14760.0,0.0,0.0,0.0,0.0,1024
2023-05-09 21:08:28,ss2311,ss2311,14765.0,0.0,0.0,0.0,2,14735.0,14785.0,1,14765.0,14760.0,0.0,0.0,0.0,0.0,1024
2023-05-09 21:08:34,ss2311,ss2311,14765.0,0.0,0.0,0.0,2,14735.0,14785.0,1,14765.0,14760.0,0.0,0.0,0.0,0.0,1024
2023-05-09 21:08:35,ss2311,ss2311,14765.0,0.0,0.0,0.0,2,14735.0,14785.0,1,14765.0,14760.0,0.0,0.0,0.0,0.0,1024
2023-05-09 21:08:39,ss2311,ss2311,14765.0,0.0,0.0,0.0,2,14735.0,14785.0,1,14765.0,14760.0,0.0,0.0,0.0,0.0,1024
2023-05-09 21:08:40,ss2311,ss2311,14765.0,0.0,0.0,0.0,2,14735.0,14785.0,1,14765.0,14760.0,0.0,0.0,0.0,0.0,1024
2023-05-09 21:08:43,ss2311,ss2311,14765.0,0.0,0.0,0.0,2,14735.0,14785.0,1,14765.0,14760.0,0.0,0.0,0.0,0.0,1024
2023-05-09 21:08:43,ss2311,ss2311,14765.0,0.0,0.0,0.0,2,14735.0,14785.0,1,14765.0,14760.0,0.0,0.0,0.0,0.0,1024
2023-05-09 21:08:45,ss2311,ss2311,14765.0,0.0,0.0,0.0,2,14735.0,14785.0,1,14765.0,14760.0,0.0,0.0,0.0,0.0,1024
2023-05-09 21:08:45,ss2311,ss2311,14765.0,0.0,0.0,0.0,2,14735.0,14785.0,1,14765.0,14760.0,0.0,0.0,0.0,0.0,1024
2023-05-09 21:08:46,ss2311,ss2311,14765.0,0.0,0.0,0.0,4,14735.0,14785.0,1,14765.0,14760.0,0.0,0.0,0.0,0.0,1024
2023-05-09 21:08:49,ss2311,ss2311,14765.0,0.0,0.0,0.0,2,14735.0,14785.0,1,14765.0,14760.0,0.0,0.0,0.0,0.0,1024
2023-05-09 21:08:53,ss2311,ss2311,14765.0,0.0,0.0,0.0,2,14735.0,14785.0,1,14765.0,14760.0,0.0,0.0,0.0,0.0,1024
2023-05-09 21:08:53,ss2311,ss2311,14765.0,0.0,0.0,0.0,2,14735.0,14785.0,1,14765.0,14760.0,0.0,0.0,0.0,0.0,1024
2023-05-09 21:08:54,ss2311,ss2311,14765.0,0.0,0.0,0.0,2,14735.0,14785.0,1,14765.0,14760.0,0.0,0.0,0.0,0.0,1024
2023-05-09 21:08:54,ss2311,ss2311,14765.0,0.0,0.0,0.0,2,14735.0,14785.0,1,14765.0,14760.0,0.0,0.0,0.0,0.0,1024
2023-05-09 21:08:55,ss2311,ss2311,14765.0,0.0,0.0,0.0,2,14735.0,14785.0,1,14765.0,14760.0,0.0,0.0,0.0,0.0,1024
2023-05-09 21:08:56,ss2311,ss2311,14765.0,0.0,0.0,0.0,2,14735.0,14785.0,1,14765.0,14760.0,0.0,0.0,0.0,0.0,1024
2023-05-09 21:08:57,ss2311,ss2311,14765.0,0.0,0.0,0.0,4,14735.0,14785.0,1,14765.0,14760.0,0.0,0.0,0.0,0.0,1024
2023-05-09 21:08:57,ss2311,ss2311,14765.0,0.0,0.0,0.0,4,14735.0,14785.0,1,14765.0,14760.0,0.0,0.0,0.0,0.0,1024
2023-05-09 21:09:03,ss2311,ss2311,14765.0,0.0,0.0,0.0,1,14740.0,14785.0,1,14765.0,14760.0,0.0,0.0,0.0,0.0,1024
2023-05-09 21:09:03,ss2311,ss2311,14765.0,0.0,0.0,0.0,2,14745.0,14785.0,1,14765.0,14760.0,0.0,0.0,0.0,0.0,1024
2023-05-09 21:09:07,ss2311,ss2311,14765.0,0.0,0.0,0.0,1,14750.0,14785.0,1,14765.0,14760.0,0.0,0.0,0.0,0.0,1024
2023-05-09 21:09:07,ss2311,ss2311,14765.0,0.0,0.0,0.0,2,14755.0,14785.0,1,14765.0,14760.0,0.0,0.0,0.0,0.0,1024
2023-05-09 21:09:10,ss2311,ss2311,14765.0,0.0,0.0,0.0,2,14755.0,14785.0,1,14765.0,14760.0,0.0,0.0,0.0,0.0,1024
2023-05-09 21:09:16,ss2311,ss2311,14765.0,0.0,0.0,0.0,2,14755.0,14785.0,1,14765.0,14760.0,0.0,0.0,0.0,0.0,1024
2023-05-09 21:09:16,ss2311,ss2311,14765.0,0.0,0.0,0.0,2,14755.0,14785.0,1,14765.0,14760.0,0.0,0.0,0.0,0.0,1024
2023-05-09 21:09:17,ss2311,ss2311,14765.0,0.0,0.0,0.0,2,14755.0,14785.0,1,14765.0,14760.0,0.0,0.0,0.0,0.0,1024
2023-05-09 21:09:17,ss2311,ss2311,14765.0,0.0,0.0,0.0,2,14755.0,14785.0,1,14765.0,14760.0,0.0,0.0,0.0,0.0,1024
2023-05-09 21:09:18,ss2311,ss2311,14765.0,0.0,0.0,0.0,2,14755.0,14785.0,1,14765.0,14760.0,0.0,0.0,0.0,0.0,1024
2023-05-09 21:09:19,ss2311,ss2311,14765.0,0.0,0.0,0.0,2,14755.0,14785.0,1,14765.0,14760.0,0.0,0.0,0.0,0.0,1024
2023-05-09 21:09:20,ss2311,ss2311,14765.0,0.0,0.0,0.0,2,14755.0,14785.0,1,14765.0,14760.0,0.0,0.0,0.0,0.0,1024
2023-05-09 21:09:24,ss2311,ss2311,14765.0,0.0,0.0,0.0,2,14755.0,14785.0,1,14765.0,14760.0,0.0,0.0,0.0,0.0,1024
2023-05-09 21:09:24,ss2311,ss2311,14765.0,0.0,0.0,0.0,2,14755.0,14785.0,1,14765.0,14760.0,0.0,0.0,0.0,0.0,1024
2023-05-09 21:09:28,ss2311,ss2311,14765.0,0.0,0.0,0.0,2,14755.0,14785.0,1,14765.0,14760.0,0.0,0.0,0.0,0.0,1024
2023-05-09 21:09:28,ss2311,ss2311,14765.0,0.0,0.0,0.0,2,14755.0,14785.0,1,14765.0,14760.0,0.0,0.0,0.0,0.0,1024
2023-05-09 21:09:33,ss2311,ss2311,14765.0,0.0,0.0,0.0,1,14755.0,14785.0,1,14765.0,14760.0,0.0,0.0,0.0,0.0,1024
2023-05-09 21:09:38,ss2311,ss2311,14765.0,0.0,0.0,0.0,1,14755.0,14785.0,1,14765.0,14760.0,0.0,0.0,0.0,0.0,1024
2023-05-09 21:09:38,ss2311,ss2311,14765.0,0.0,0.0,0.0,1,14755.0,14785.0,1,14765.0,14760.0,0.0,0.0,0.0,0.0,1024
2023-05-09 21:09:52,ss2311,ss2311,14765.0,0.0,0.0,0.0,1,14730.0,14785.0,1,14765.0,14760.0,0.0,0.0,0.0,0.0,1024
2023-05-09 21:09:52,ss2311,ss2311,14765.0,0.0,0.0,0.0,2,14735.0,14785.0,1,14765.0,14760.0,0.0,0.0,0.0,0.0,1024
2023-05-09 21:10:01,ss2311,ss2311,14765.0,0.0,0.0,0.0,2,14735.0,14785.0,1,14765.0,14760.0,0.0,0.0,0.0,0.0,1024
2023-05-09 21:10:02,ss2311,ss2311,14765.0,0.0,0.0,0.0,2,14735.0,14785.0,1,14765.0,14760.0,0.0,0.0,0.0,0.0,1024
2023-05-09 21:10:02,ss2311,ss2311,14765.0,0.0,0.0,0.0,2,14735.0,14785.0,3,14765.0,14760.0,0.0,0.0,0.0,0.0,1024
2023-05-09 21:10:08,ss2311,ss2311,14765.0,0.0,0.0,0.0,2,14735.0,14780.0,1,14765.0,14760.0,0.0,0.0,0.0,0.0,1024
2023-05-09 21:10:14,ss2311,ss2311,14765.0,0.0,0.0,0.0,2,14735.0,14780.0,1,14765.0,14760.0,0.0,0.0,0.0,0.0,1024
2023-05-09 21:10:17,ss2311,ss2311,14765.0,0.0,0.0,0.0,3,14740.0,14780.0,1,14765.0,14760.0,0.0,0.0,0.0,0.0,1024
2023-05-09 21:10:18,ss2311,ss2311,14765.0,0.0,0.0,0.0,1,14745.0,14780.0,1,14765.0,14760.0,0.0,0.0,0.0,0.0,1024
2023-05-09 21:10:18,ss2311,ss2311,14765.0,0.0,0.0,0.0,1,14750.0,14780.0,1,14765.0,14760.0,0.0,0.0,0.0,0.0,1024
2023-05-09 21:10:19,ss2311,ss2311,14765.0,0.0,0.0,0.0,1,14755.0,14780.0,1,14765.0,14760.0,0.0,0.0,0.0,0.0,1024
2023-05-09 21:10:19,ss2311,ss2311,14765.0,0.0,0.0,0.0,1,14755.0,14780.0,1,14765.0,14760.0,0.0,0.0,0.0,0.0,1024
2023-05-09 21:10:21,ss2311,ss2311,14765.0,0.0,0.0,0.0,1,14755.0,14780.0,1,14765.0,14760.0,0.0,0.0,0.0,0.0,1024
2023-05-09 21:10:22,ss2311,ss2311,14765.0,0.0,0.0,0.0,1,14755.0,14785.0,1,14765.0,14760.0,0.0,0.0,0.0,0.0,1024
2023-05-09 21:10:22,ss2311,ss2311,14765.0,0.0,0.0,0.0,1,14720.0,14785.0,1,14765.0,14760.0,0.0,0.0,0.0,0.0,1024
2023-05-09 21:10:23,ss2311,ss2311,14765.0,0.0,0.0,0.0,5,14725.0,14785.0,1,14765.0,14760.0,0.0,0.0,0.0,0.0,1024
2023-05-09 21:10:23,ss2311,ss2311,14765.0,0.0,0.0,0.0,2,14730.0,14785.0,1,14765.0,14760.0,0.0,0.0,0.0,0.0,1024
2023-05-09 21:10:24,ss2311,ss2311,14765.0,0.0,0.0,0.0,2,14735.0,14785.0,1,14765.0,14760.0,0.0,0.0,0.0,0.0,1024
2023-05-09 21:10:24,ss2311,ss2311,14765.0,0.0,0.0,0.0,2,14735.0,14785.0,1,14765.0,14760.0,0.0,0.0,0.0,0.0,1024
2023-05-09 21:10:47,ss2311,ss2311,14765.0,0.0,0.0,0.0,9,14740.0,14785.0,1,14765.0,14760.0,0.0,0.0,0.0,0.0,1024
2023-05-09 21:10:47,ss2311,ss2311,14765.0,0.0,0.0,0.0,1,14745.0,14785.0,1,14765.0,14760.0,0.0,0.0,0.0,0.0,1024
2023-05-09 21:10:48,ss2311,ss2311,14765.0,0.0,0.0,0.0,1,14745.0,14805.0,1,14765.0,14760.0,0.0,0.0,0.0,0.0,1024
2023-05-09 21:10:48,ss2311,ss2311,14765.0,0.0,0.0,0.0,1,14745.0,14805.0,1,14765.0,14760.0,0.0,0.0,0.0,0.0,1024
2023-05-09 21:10:49,ss2311,ss2311,14765.0,0.0,0.0,0.0,1,14745.0,14805.0,1,14765.0,14760.0,0.0,0.0,0.0,0.0,1024
2023-05-09 21:10:50,ss2311,ss2311,14765.0,0.0,0.0,0.0,1,14750.0,14805.0,1,14765.0,14760.0,0.0,0.0,0.0,0.0,1024
2023-05-09 21:10:50,ss2311,ss2311,14765.0,0.0,0.0,0.0,2,14750.0,14805.0,1,14765.0,14760.0,0.0,0.0,0.0,0.0,1024
2023-05-09 21:10:51,ss2311,ss2311,14765.0,0.0,0.0,0.0,1,14750.0,14800.0,2,14765.0,14760.0,0.0,0.0,0.0,0.0,1024
2023-05-09 21:10:52,ss2311,ss2311,14765.0,0.0,0.0,0.0,1,14750.0,14795.0,1,14765.0,14760.0,0.0,0.0,0.0,0.0,1024
2023-05-09 21:10:54,ss2311,ss2311,14765.0,0.0,0.0,0.0,1,14750.0,14795.0,1,14765.0,14760.0,0.0,0.0,0.0,0.0,1024
2023-05-09 21:10:55,ss2311,ss2311,14765.0,0.0,0.0,0.0,1,14750.0,14790.0,2,14765.0,14760.0,0.0,0.0,0.0,0.0,1024
2023-05-09 21:10:55,ss2311,ss2311,14765.0,0.0,0.0,0.0,1,14750.0,14785.0,1,14765.0,14760.0,0.0,0.0,0.0,0.0,1024
2023-05-09 21:10:57,ss2311,ss2311,14765.0,0.0,0.0,0.0,1,14750.0,14785.0,1,14765.0,14760.0,0.0,0.0,0.0,0.0,1024
2023-05-09 21:10:58,ss2311,ss2311,14765.0,0.0,0.0,0.0,1,14755.0,14805.0,1,14765.0,14760.0,0.0,0.0,0.0,0.0,1024
2023-05-09 21:10:58,ss2311,ss2311,14765.0,0.0,0.0,0.0,1,14755.0,14800.0,2,14765.0,14760.0,0.0,0.0,0.0,0.0,1024
2023-05-09 21:10:59,ss2311,ss2311,14765.0,0.0,0.0,0.0,1,14755.0,14795.0,1,14765.0,14760.0,0.0,0.0,0.0,0.0,1024
2023-05-09 21:11:00,ss2311,ss2311,14765.0,0.0,0.0,0.0,1,14755.0,14790.0,1,14765.0,14760.0,0.0,0.0,0.0,0.0,1024
2023-05-09 21:11:00,ss2311,ss2311,14765.0,0.0,0.0,0.0,2,14730.0,14785.0,1,14765.0,14760.0,0.0,0.0,0.0,0.0,1024
2023-05-09 21:11:01,ss2311,ss2311,14765.0,0.0,0.0,0.0,13,14735.0,14785.0,1,14765.0,14760.0,0.0,0.0,0.0,0.0,1024
2023-05-09 21:11:04,ss2311,ss2311,14765.0,0.0,0.0,0.0,15,14735.0,14785.0,1,14765.0,14760.0,0.0,0.0,0.0,0.0,1024
2023-05-09 21:11:04,ss2311,ss2311,14765.0,0.0,0.0,0.0,13,14735.0,14785.0,1,14765.0,14760.0,0.0,0.0,0.0,0.0,1024
2023-05-09 21:11:20,ss2311,ss2311,14765.0,0.0,0.0,0.0,1,14740.0,14785.0,1,14765.0,14760.0,0.0,0.0,0.0,0.0,1024
2023-05-09 21:11:21,ss2311,ss2311,14765.0,0.0,0.0,0.0,1,14745.0,14785.0,1,14765.0,14760.0,0.0,0.0,0.0,0.0,1024
2023-05-09 21:11:21,ss2311,ss2311,14765.0,0.0,0.0,0.0,3,14745.0,14785.0,1,14765.0,14760.0,0.0,0.0,0.0,0.0,1024
2023-05-09 21:11:22,ss2311,ss2311,14765.0,0.0,0.0,0.0,3,14745.0,14785.0,1,14765.0,14760.0,0.0,0.0,0.0,0.0,1024
2023-05-09 21:11:22,ss2311,ss2311,14765.0,0.0,0.0,0.0,1,14750.0,14785.0,1,14765.0,14760.0,0.0,0.0,0.0,0.0,1024
2023-05-09 21:11:23,ss2311,ss2311,14765.0,0.0,0.0,0.0,2,14750.0,14785.0,1,14765.0,14760.0,0.0,0.0,0.0,0.0,1024
2023-05-09 21:11:24,ss2311,ss2311,14765.0,0.0,0.0,0.0,2,14750.0,14785.0,1,14765.0,14760.0,0.0,0.0,0.0,0.0,1024
2023-05-09 21:11:25,ss2311,ss2311,14765.0,0.0,0.0,0.0,1,14750.0,14785.0,1,14765.0,14760.0,0.0,0.0,0.0,0.0,1024
2023-05-09 21:11:25,ss2311,ss2311,14765.0,0.0,0.0,0.0,1,14750.0,14785.0,1,14765.0,14760.0,0.0,0.0,0.0,0.0,1024
2023-05-09 21:11:26,ss2311,ss2311,14765.0,0.0,0.0,0.0,1,14750.0,14785.0,1,14765.0,14760.0,0.0,0.0,0.0,0.0,1024
2023-05-09 21:11:28,ss2311,ss2311,14765.0,0.0,0.0,0.0,1,14750.0,14785.0,1,14765.0,14760.0,0.0,0.0,0.0,0.0,1024
2023-05-09 21:11:28,ss2311,ss2311,14765.0,0.0,0.0,0.0,1,14750.0,14785.0,1,14765.0,14760.0,0.0,0.0,0.0,0.0,1024
2023-05-09 21:11:30,ss2311,ss2311,14765.0,0.0,0.0,0.0,1,14750.0,14785.0,3,14765.0,14760.0,0.0,0.0,0.0,0.0,1024
2023-05-09 21:11:30,ss2311,ss2311,14765.0,0.0,0.0,0.0,1,14750.0,14785.0,3,14765.0,14760.0,0.0,0.0,0.0,0.0,1024
2023-05-09 21:11:31,ss2311,ss2311,14765.0,0.0,0.0,0.0,1,14750.0,14785.0,3,14765.0,14760.0,0.0,0.0,0.0,0.0,1024
2023-05-09 21:11:34,ss2311,ss2311,14765.0,0.0,0.0,0.0,1,14750.0,14785.0,3,14765.0,14760.0,0.0,0.0,0.0,0.0,1024
2023-05-09 21:11:34,ss2311,ss2311,14765.0,0.0,0.0,0.0,1,14750.0,14785.0,3,14765.0,14760.0,0.0,0.0,0.0,0.0,1024
2023-05-09 21:11:39,ss2311,ss2311,14765.0,0.0,0.0,0.0,1,14750.0,14785.0,3,14765.0,14760.0,0.0,0.0,0.0,0.0,1024
2023-05-09 21:11:41,ss2311,ss2311,14765.0,0.0,0.0,0.0,1,14750.0,14780.0,1,14765.0,14760.0,0.0,0.0,0.0,0.0,1024
2023-05-09 21:11:42,ss2311,ss2311,14765.0,0.0,0.0,0.0,1,14750.0,14780.0,1,14765.0,14760.0,0.0,0.0,0.0,0.0,1024
2023-05-09 21:11:42,ss2311,ss2311,14765.0,0.0,0.0,0.0,1,14750.0,14780.0,1,14765.0,14760.0,0.0,0.0,0.0,0.0,1024
2023-05-09 21:11:43,ss2311,ss2311,14765.0,0.0,0.0,0.0,1,14720.0,14780.0,1,14765.0,14760.0,0.0,0.0,0.0,0.0,1024
2023-05-09 21:11:44,ss2311,ss2311,14765.0,0.0,0.0,0.0,1,14745.0,14780.0,1,14765.0,14760.0,0.0,0.0,0.0,0.0,1024
2023-05-09 21:11:44,ss2311,ss2311,14765.0,0.0,0.0,0.0,2,14745.0,14780.0,1,14765.0,14760.0,0.0,0.0,0.0,0.0,1024
2023-05-09 21:11:45,ss2311,ss2311,14765.0,0.0,0.0,0.0,2,14745.0,14780.0,1,14765.0,14760.0,0.0,0.0,0.0,0.0,1024
2023-05-09 21:11:45,ss2311,ss2311,14765.0,0.0,0.0,0.0,2,14745.0,14780.0,1,14765.0,14760.0,0.0,0.0,0.0,0.0,1024
2023-05-09 21:11:52,ss2311,ss2311,14765.0,0.0,0.0,0.0,1,14750.0,14780.0,1,14765.0,14760.0,0.0,0.0,0.0,0.0,1024
2023-05-09 21:11:52,ss2311,ss2311,14765.0,0.0,0.0,0.0,1,14750.0,14780.0,1,14765.0,14760.0,0.0,0.0,0.0,0.0,1024
2023-05-09 21:11:55,ss2311,ss2311,14765.0,0.0,0.0,0.0,1,14750.0,14780.0,1,14765.0,14760.0,0.0,0.0,0.0,0.0,1024
2023-05-09 21:11:57,ss2311,ss2311,14765.0,0.0,0.0,0.0,1,14750.0,14780.0,1,14765.0,14760.0,0.0,0.0,0.0,0.0,1024
2023-05-09 21:12:20,ss2311,ss2311,14765.0,0.0,0.0,0.0,1,14750.0,14780.0,1,14765.0,14760.0,0.0,0.0,0.0,0.0,1024
2023-05-09 21:12:20,ss2311,ss2311,14765.0,0.0,0.0,0.0,1,14750.0,14780.0,1,14765.0,14760.0,0.0,0.0,0.0,0.0,1024
2023-05-09 21:12:24,ss2311,ss2311,14765.0,0.0,0.0,0.0,1,14750.0,14780.0,1,14765.0,14760.0,0.0,0.0,0.0,0.0,1024
2023-05-09 21:12:25,ss2311,ss2311,14765.0,0.0,0.0,0.0,1,14750.0,14780.0,1,14765.0,14760.0,0.0,0.0,0.0,0.0,1024
2023-05-09 21:12:26,ss2311,ss2311,14765.0,0.0,0.0,0.0,1,14750.0,14780.0,1,14765.0,14760.0,0.0,0.0,0.0,0.0,1024
2023-05-09 21:12:26,ss2311,ss2311,14765.0,0.0,0.0,0.0,1,14750.0,14780.0,1,14765.0,14760.0,0.0,0.0,0.0,0.0,1024
2023-05-09 21:12:32,ss2311,ss2311,14765.0,0.0,0.0,0.0,1,14750.0,14780.0,1,14765.0,14760.0,0.0,0.0,0.0,0.0,1024
2023-05-09 21:12:32,ss2311,ss2311,14765.0,0.0,0.0,0.0,1,14750.0,14780.0,1,14765.0,14760.0,0.0,0.0,0.0,0.0,1024
2023-05-09 21:12:34,ss2311,ss2311,14765.0,0.0,0.0,0.0,1,14750.0,14780.0,1,14765.0,14760.0,0.0,0.0,0.0,0.0,1024
2023-05-09 21:12:34,ss2311,ss2311,14765.0,0.0,0.0,0.0,1,14750.0,14780.0,1,14765.0,14760.0,0.0,0.0,0.0,0.0,1024
2023-05-09 21:12:37,ss2311,ss2311,14765.0,0.0,0.0,0.0,1,14750.0,14780.0,1,14765.0,14760.0,0.0,0.0,0.0,0.0,1024
2023-05-09 21:12:37,ss2311,ss2311,14765.0,0.0,0.0,0.0,1,14750.0,14780.0,1,14765.0,14760.0,0.0,0.0,0.0,0.0,1024
2023-05-09 21:12:38,ss2311,ss2311,14765.0,0.0,0.0,0.0,1,14750.0,14780.0,1,14765.0,14760.0,0.0,0.0,0.0,0.0,1024
2023-05-09 21:12:38,ss2311,ss2311,14765.0,0.0,0.0,0.0,1,14750.0,14810.0,1,14765.0,14760.0,0.0,0.0,0.0,0.0,1024
2023-05-09 21:12:39,ss2311,ss2311,14765.0,0.0,0.0,0.0,1,14750.0,14785.0,1,14765.0,14760.0,0.0,0.0,0.0,0.0,1024
2023-05-09 21:12:39,ss2311,ss2311,14765.0,0.0,0.0,0.0,1,14750.0,14785.0,1,14765.0,14760.0,0.0,0.0,0.0,0.0,1024
2023-05-09 21:12:48,ss2311,ss2311,14765.0,0.0,0.0,0.0,1,14750.0,14785.0,1,14765.0,14760.0,0.0,0.0,0.0,0.0,1024
2023-05-09 21:12:49,ss2311,ss2311,14765.0,0.0,0.0,0.0,1,14750.0,14785.0,1,14765.0,14760.0,0.0,0.0,0.0,0.0,1024
2023-05-09 21:12:49,ss2311,ss2311,14765.0,0.0,0.0,0.0,1,14750.0,14785.0,1,14765.0,14760.0,0.0,0.0,0.0,0.0,1024
2023-05-09 21:12:50,ss2311,ss2311,14765.0,0.0,0.0,0.0,1,14750.0,14805.0,1,14765.0,14760.0,0.0,0.0,0.0,0.0,1024
2023-05-09 21:12:50,ss2311,ss2311,14765.0,0.0,0.0,0.0,1,14750.0,14805.0,3,14765.0,14760.0,0.0,0.0,0.0,0.0,1024
2023-05-09 21:12:52,ss2311,ss2311,14765.0,0.0,0.0,0.0,1,14750.0,14805.0,3,14765.0,14760.0,0.0,0.0,0.0,0.0,1024
2023-05-09 21:12:53,ss2311,ss2311,14765.0,0.0,0.0,0.0,1,14750.0,14805.0,3,14765.0,14760.0,0.0,0.0,0.0,0.0,1024
2023-05-09 21:12:54,ss2311,ss2311,14765.0,0.0,0.0,0.0,1,14750.0,14805.0,1,14765.0,14760.0,0.0,0.0,0.0,0.0,1024
2023-05-09 21:12:54,ss2311,ss2311,14765.0,0.0,0.0,0.0,1,14750.0,14800.0,2,14765.0,14760.0,0.0,0.0,0.0,0.0,1024
2023-05-09 21:12:55,ss2311,ss2311,14765.0,0.0,0.0,0.0,1,14750.0,14795.0,1,14765.0,14760.0,0.0,0.0,0.0,0.0,1024
2023-05-09 21:12:57,ss2311,ss2311,14765.0,0.0,0.0,0.0,1,14750.0,14795.0,1,14765.0,14760.0,0.0,0.0,0.0,0.0,1024
2023-05-09 21:12:57,ss2311,ss2311,14765.0,0.0,0.0,0.0,1,14750.0,14795.0,1,14765.0,14760.0,0.0,0.0,0.0,0.0,1024
2023-05-09 21:12:58,ss2311,ss2311,14765.0,0.0,0.0,0.0,1,14750.0,14805.0,1,14765.0,14760.0,0.0,0.0,0.0,0.0,1024
2023-05-09 21:12:58,ss2311,ss2311,14765.0,0.0,0.0,0.0,1,14750.0,14805.0,3,14765.0,14760.0,0.0,0.0,0.0,0.0,1024
2023-05-09 21:13:00,ss2311,ss2311,14765.0,0.0,0.0,0.0,1,14750.0,14805.0,3,14765.0,14760.0,0.0,0.0,0.0,0.0,1024
2023-05-09 21:13:00,ss2311,ss2311,14765.0,0.0,0.0,0.0,1,14750.0,14805.0,3,14765.0,14760.0,0.0,0.0,0.0,0.0,1024
2023-05-09 21:13:02,ss2311,ss2311,14765.0,0.0,0.0,0.0,1,14750.0,14805.0,1,14765.0,14760.0,0.0,0.0,0.0,0.0,1024
2023-05-09 21:13:02,ss2311,ss2311,14765.0,0.0,0.0,0.0,1,14750.0,14800.0,2,14765.0,14760.0,0.0,0.0,0.0,0.0,1024
2023-05-09 21:13:03,ss2311,ss2311,14765.0,0.0,0.0,0.0,1,14750.0,14795.0,1,14765.0,14760.0,0.0,0.0,0.0,0.0,1024
2023-05-09 21:13:05,ss2311,ss2311,14765.0,0.0,0.0,0.0,1,14750.0,14795.0,1,14765.0,14760.0,0.0,0.0,0.0,0.0,1024
2023-05-09 21:13:05,ss2311,ss2311,14765.0,0.0,0.0,0.0,1,14750.0,14805.0,1,14765.0,14760.0,0.0,0.0,0.0,0.0,1024
2023-05-09 21:13:06,ss2311,ss2311,14765.0,0.0,0.0,0.0,1,14750.0,14790.0,1,14765.0,14760.0,0.0,0.0,0.0,0.0,1024
2023-05-09 21:13:06,ss2311,ss2311,14765.0,0.0,0.0,0.0,1,14750.0,14790.0,1,14765.0,14760.0,0.0,0.0,0.0,0.0,1024
2023-05-09 21:13:07,ss2311,ss2311,14765.0,0.0,0.0,0.0,1,14750.0,14785.0,1,14765.0,14760.0,0.0,0.0,0.0,0.0,1024
2023-05-09 21:13:07,ss2311,ss2311,14765.0,0.0,0.0,0.0,1,14750.0,14790.0,2,14765.0,14760.0,0.0,0.0,0.0,0.0,1024
2023-05-09 21:13:10,ss2311,ss2311,14765.0,0.0,0.0,0.0,2,14730.0,14790.0,2,14765.0,14760.0,0.0,0.0,0.0,0.0,1024
2023-05-09 21:13:10,ss2311,ss2311,14765.0,0.0,0.0,0.0,2,14740.0,14790.0,2,14765.0,14760.0,0.0,0.0,0.0,0.0,1024
2023-05-09 21:13:11,ss2311,ss2311,14765.0,0.0,0.0,0.0,1,14745.0,14790.0,2,14765.0,14760.0,0.0,0.0,0.0,0.0,1024
2023-05-09 21:13:12,ss2311,ss2311,14765.0,0.0,0.0,0.0,1,14745.0,14790.0,1,14765.0,14760.0,0.0,0.0,0.0,0.0,1024
2023-05-09 21:13:13,ss2311,ss2311,14765.0,0.0,0.0,0.0,1,14745.0,14790.0,1,14765.0,14760.0,0.0,0.0,0.0,0.0,1024
2023-05-09 21:13:13,ss2311,ss2311,14765.0,0.0,0.0,0.0,3,14745.0,14790.0,1,14765.0,14760.0,0.0,0.0,0.0,0.0,1024
2023-05-09 21:13:14,ss2311,ss2311,14765.0,0.0,0.0,0.0,1,14750.0,14790.0,1,14765.0,14760.0,0.0,0.0,0.0,0.0,1024
2023-05-09 21:13:14,ss2311,ss2311,14765.0,0.0,0.0,0.0,2,14750.0,14790.0,1,14765.0,14760.0,0.0,0.0,0.0,0.0,1024
2023-05-09 21:13:17,ss2311,ss2311,14765.0,0.0,0.0,0.0,2,14750.0,14790.0,1,14765.0,14760.0,0.0,0.0,0.0,0.0,1024
2023-05-09 21:13:17,ss2311,ss2311,14765.0,0.0,0.0,0.0,1,14750.0,14790.0,1,14765.0,14760.0,0.0,0.0,0.0,0.0,1024
2023-05-09 21:13:18,ss2311,ss2311,14765.0,0.0,0.0,0.0,1,14750.0,14790.0,1,14765.0,14760.0,0.0,0.0,0.0,0.0,1024
2023-05-09 21:13:18,ss2311,ss2311,14765.0,0.0,0.0,0.0,1,14750.0,14790.0,1,14765.0,14760.0,0.0,0.0,0.0,0.0,1024
2023-05-09 21:13:20,ss2311,ss2311,14765.0,0.0,0.0,0.0,2,14730.0,14790.0,1,14765.0,14760.0,0.0,0.0,0.0,0.0,1024
2023-05-09 21:13:21,ss2311,ss2311,14765.0,0.0,0.0,0.0,2,14740.0,14790.0,1,14765.0,14760.0,0.0,0.0,0.0,0.0,1024
2023-05-09 21:13:21,ss2311,ss2311,14765.0,0.0,0.0,0.0,1,14745.0,14785.0,1,14765.0,14760.0,0.0,0.0,0.0,0.0,1024
2023-05-09 21:13:22,ss2311,ss2311,14765.0,0.0,0.0,0.0,1,14745.0,14785.0,1,14765.0,14760.0,0.0,0.0,0.0,0.0,1024
2023-05-09 21:13:22,ss2311,ss2311,14765.0,0.0,0.0,0.0,1,14745.0,14790.0,1,14765.0,14760.0,0.0,0.0,0.0,0.0,1024
2023-05-09 21:13:23,ss2311,ss2311,14765.0,0.0,0.0,0.0,1,14745.0,14785.0,1,14765.0,14760.0,0.0,0.0,0.0,0.0,1024
2023-05-09 21:13:23,ss2311,ss2311,14765.0,0.0,0.0,0.0,2,14730.0,14785.0,1,14765.0,14760.0,0.0,0.0,0.0,0.0,1024
2023-05-09 21:13:24,ss2311,ss2311,14765.0,0.0,0.0,0.0,18,14735.0,14785.0,1,14765.0,14760.0,0.0,0.0,0.0,0.0,1024
2023-05-09 21:13:25,ss2311,ss2311,14765.0,0.0,0.0,0.0,6,14735.0,14785.0,1,14765.0,14760.0,0.0,0.0,0.0,0.0,1024
2023-05-09 21:13:30,ss2311,ss2311,14765.0,0.0,0.0,0.0,6,14735.0,14785.0,1,14765.0,14760.0,0.0,0.0,0.0,0.0,1024
2023-05-09 21:13:30,ss2311,ss2311,14765.0,0.0,0.0,0.0,6,14735.0,14785.0,1,14765.0,14760.0,0.0,0.0,0.0,0.0,1024
2023-05-09 21:13:31,ss2311,ss2311,14765.0,0.0,0.0,0.0,6,14735.0,14785.0,1,14765.0,14760.0,0.0,0.0,0.0,0.0,1024
2023-05-09 21:13:32,ss2311,ss2311,14765.0,0.0,0.0,0.0,6,14735.0,14785.0,1,14765.0,14760.0,0.0,0.0,0.0,0.0,1024
2023-05-09 21:13:32,ss2311,ss2311,14765.0,0.0,0.0,0.0,6,14735.0,14785.0,1,14765.0,14760.0,0.0,0.0,0.0,0.0,1024
2023-05-09 21:13:33,ss2311,ss2311,14765.0,0.0,0.0,0.0,2,14740.0,14785.0,1,14765.0,14760.0,0.0,0.0,0.0,0.0,1024
2023-05-09 21:13:33,ss2311,ss2311,14765.0,0.0,0.0,0.0,2,14740.0,14785.0,1,14765.0,14760.0,0.0,0.0,0.0,0.0,1024
2023-05-09 21:13:34,ss2311,ss2311,14765.0,0.0,0.0,0.0,1,14740.0,14785.0,1,14765.0,14760.0,0.0,0.0,0.0,0.0,1024
2023-05-09 21:13:38,ss2311,ss2311,14765.0,0.0,0.0,0.0,2,14740.0,14785.0,1,14765.0,14760.0,0.0,0.0,0.0,0.0,1024
2023-05-09 21:13:39,ss2311,ss2311,14765.0,0.0,0.0,0.0,1,14745.0,14785.0,1,14765.0,14760.0,0.0,0.0,0.0,0.0,1024
2023-05-09 21:13:44,ss2311,ss2311,14765.0,0.0,0.0,0.0,1,14750.0,14785.0,1,14765.0,14760.0,0.0,0.0,0.0,0.0,1024
2023-05-09 21:13:45,ss2311,ss2311,14765.0,0.0,0.0,0.0,1,14750.0,14785.0,1,14765.0,14760.0,0.0,0.0,0.0,0.0,1024
2023-05-09 21:13:46,ss2311,ss2311,14765.0,0.0,0.0,0.0,1,14750.0,14785.0,1,14765.0,14760.0,0.0,0.0,0.0,0.0,1024
2023-05-09 21:13:46,ss2311,ss2311,14765.0,0.0,0.0,0.0,2,14740.0,14785.0,1,14765.0,14760.0,0.0,0.0,0.0,0.0,1024
2023-05-09 21:13:47,ss2311,ss2311,14765.0,0.0,0.0,0.0,2,14745.0,14785.0,1,14765.0,14760.0,0.0,0.0,0.0,0.0,1024
2023-05-09 21:13:49,ss2311,ss2311,14765.0,0.0,0.0,0.0,2,14745.0,14785.0,1,14765.0,14760.0,0.0,0.0,0.0,0.0,1024
2023-05-09 21:13:49,ss2311,ss2311,14765.0,0.0,0.0,0.0,2,14745.0,14785.0,1,14765.0,14760.0,0.0,0.0,0.0,0.0,1024
2023-05-09 21:13:50,ss2311,ss2311,14765.0,0.0,0.0,0.0,2,14745.0,14785.0,1,14765.0,14760.0,0.0,0.0,0.0,0.0,1024
2023-05-09 21:13:50,ss2311,ss2311,14765.0,0.0,0.0,0.0,2,14745.0,14785.0,1,14765.0,14760.0,0.0,0.0,0.0,0.0,1024
2023-05-09 21:13:53,ss2311,ss2311,14765.0,0.0,0.0,0.0,1,14745.0,14785.0,1,14765.0,14760.0,0.0,0.0,0.0,0.0,1024
2023-05-09 21:13:53,ss2311,ss2311,14765.0,0.0,0.0,0.0,2,14745.0,14785.0,1,14765.0,14760.0,0.0,0.0,0.0,0.0,1024
2023-05-09 21:13:54,ss2311,ss2311,14765.0,0.0,0.0,0.0,2,14745.0,14785.0,1,14765.0,14760.0,0.0,0.0,0.0,0.0,1024
2023-05-09 21:13:55,ss2311,ss2311,14765.0,0.0,0.0,0.0,2,14745.0,14785.0,1,14765.0,14760.0,0.0,0.0,0.0,0.0,1024
2023-05-09 21:13:56,ss2311,ss2311,14765.0,0.0,0.0,0.0,1,14745.0,14785.0,1,14765.0,14760.0,0.0,0.0,0.0,0.0,1024
2023-05-09 21:13:58,ss2311,ss2311,14765.0,0.0,0.0,0.0,1,14745.0,14785.0,1,14765.0,14760.0,0.0,0.0,0.0,0.0,1024
2023-05-09 21:13:58,ss2311,ss2311,14765.0,0.0,0.0,0.0,1,14745.0,14785.0,1,14765.0,14760.0,0.0,0.0,0.0,0.0,1024
2023-05-09 21:13:59,ss2311,ss2311,14765.0,0.0,0.0,0.0,1,14745.0,14795.0,1,14765.0,14760.0,0.0,0.0,0.0,0.0,1024
2023-05-09 21:14:00,ss2311,ss2311,14765.0,0.0,0.0,0.0,1,14745.0,14795.0,3,14765.0,14760.0,0.0,0.0,0.0,0.0,1024
2023-05-09 21:14:01,ss2311,ss2311,14765.0,0.0,0.0,0.0,1,14745.0,14795.0,3,14765.0,14760.0,0.0,0.0,0.0,0.0,1024
2023-05-09 21:14:10,ss2311,ss2311,14765.0,0.0,0.0,0.0,1,14745.0,14795.0,3,14765.0,14760.0,0.0,0.0,0.0,0.0,1024
2023-05-09 21:14:10,ss2311,ss2311,14765.0,0.0,0.0,0.0,1,14745.0,14795.0,3,14765.0,14760.0,0.0,0.0,0.0,0.0,1024
2023-05-09 21:14:12,ss2311,ss2311,14765.0,0.0,0.0,0.0,2,14745.0,14795.0,3,14765.0,14760.0,0.0,0.0,0.0,0.0,1024
2023-05-09 21:14:13,ss2311,ss2311,14765.0,0.0,0.0,0.0,2,14745.0,14795.0,3,14765.0,14760.0,0.0,0.0,0.0,0.0,1024
2023-05-09 21:14:13,ss2311,ss2311,14765.0,0.0,0.0,0.0,1,14750.0,14795.0,3,14765.0,14760.0,0.0,0.0,0.0,0.0,1024
2023-05-09 21:14:14,ss2311,ss2311,14765.0,0.0,0.0,0.0,1,14750.0,14795.0,3,14765.0,14760.0,0.0,0.0,0.0,0.0,1024
2023-05-09 21:14:14,ss2311,ss2311,14765.0,0.0,0.0,0.0,1,14750.0,14795.0,3,14765.0,14760.0,0.0,0.0,0.0,0.0,1024
2023-05-09 21:14:15,ss2311,ss2311,14765.0,0.0,0.0,0.0,1,14750.0,14795.0,3,14765.0,14760.0,0.0,0.0,0.0,0.0,1024
2023-05-09 21:14:15,ss2311,ss2311,14765.0,0.0,0.0,0.0,1,14750.0,14795.0,3,14765.0,14760.0,0.0,0.0,0.0,0.0,1024
2023-05-09 21:14:16,ss2311,ss2311,14765.0,0.0,0.0,0.0,2,14730.0,14795.0,3,14765.0,14760.0,0.0,0.0,0.0,0.0,1024
2023-05-09 21:14:16,ss2311,ss2311,14765.0,0.0,0.0,0.0,2,14740.0,14795.0,3,14765.0,14760.0,0.0,0.0,0.0,0.0,1024
2023-05-09 21:14:17,ss2311,ss2311,14765.0,0.0,0.0,0.0,1,14745.0,14795.0,3,14765.0,14760.0,0.0,0.0,0.0,0.0,1024
2023-05-09 21:14:20,ss2311,ss2311,14765.0,0.0,0.0,0.0,1,14745.0,14795.0,3,14765.0,14760.0,0.0,0.0,0.0,0.0,1024
2023-05-09 21:14:21,ss2311,ss2311,14765.0,0.0,0.0,0.0,1,14745.0,14795.0,3,14765.0,14760.0,0.0,0.0,0.0,0.0,1024
2023-05-09 21:14:30,ss2311,ss2311,14765.0,0.0,0.0,0.0,1,14745.0,14790.0,1,14765.0,14760.0,0.0,0.0,0.0,0.0,1024
2023-05-09 21:14:31,ss2311,ss2311,14765.0,0.0,0.0,0.0,1,14745.0,14785.0,1,14765.0,14760.0,0.0,0.0,0.0,0.0,1024
2023-05-09 21:14:40,ss2311,ss2311,14765.0,0.0,0.0,0.0,1,14745.0,14785.0,1,14765.0,14760.0,0.0,0.0,0.0,0.0,1024
2023-05-09 21:14:41,ss2311,ss2311,14765.0,0.0,0.0,0.0,1,14745.0,14785.0,1,14765.0,14760.0,0.0,0.0,0.0,0.0,1024
2023-05-09 21:14:42,ss2311,ss2311,14765.0,0.0,0.0,0.0,1,14745.0,14785.0,1,14765.0,14760.0,0.0,0.0,0.0,0.0,1024
2023-05-09 21:14:42,ss2311,ss2311,14765.0,0.0,0.0,0.0,1,14745.0,14785.0,1,14765.0,14760.0,0.0,0.0,0.0,0.0,1024
2023-05-09 21:14:47,ss2311,ss2311,14765.0,0.0,0.0,0.0,1,14745.0,14785.0,1,14765.0,14760.0,0.0,0.0,0.0,0.0,1024
2023-05-09 21:14:48,ss2311,ss2311,14765.0,0.0,0.0,0.0,1,14745.0,14785.0,1,14765.0,14760.0,0.0,0.0,0.0,0.0,1024
2023-05-09 21:14:49,ss2311,ss2311,14765.0,0.0,0.0,0.0,1,14745.0,14785.0,1,14765.0,14760.0,0.0,0.0,0.0,0.0,1024
2023-05-09 21:14:50,ss2311,ss2311,14765.0,0.0,0.0,0.0,1,14745.0,14785.0,1,14765.0,14760.0,0.0,0.0,0.0,0.0,1024
2023-05-09 21:14:52,ss2311,ss2311,14765.0,0.0,0.0,0.0,1,14745.0,14785.0,1,14765.0,14760.0,0.0,0.0,0.0,0.0,1024
2023-05-09 21:14:52,ss2311,ss2311,14765.0,0.0,0.0,0.0,1,14745.0,14785.0,1,14765.0,14760.0,0.0,0.0,0.0,0.0,1024
2023-05-09 21:14:57,ss2311,ss2311,14765.0,0.0,0.0,0.0,1,14745.0,14785.0,1,14765.0,14760.0,0.0,0.0,0.0,0.0,1024
2023-05-09 21:14:57,ss2311,ss2311,14765.0,0.0,0.0,0.0,1,14745.0,14785.0,1,14765.0,14760.0,0.0,0.0,0.0,0.0,1024
2023-05-09 21:15:00,ss2311,ss2311,14765.0,0.0,0.0,0.0,1,14745.0,14785.0,1,14765.0,14760.0,0.0,0.0,0.0,0.0,1024
2023-05-09 21:15:01,ss2311,ss2311,14765.0,0.0,0.0,0.0,1,14745.0,14785.0,1,14765.0,14760.0,0.0,0.0,0.0,0.0,1024
2023-05-09 21:15:05,ss2311,ss2311,14765.0,0.0,0.0,0.0,3,14745.0,14790.0,1,14765.0,14760.0,0.0,0.0,0.0,0.0,1024
2023-05-09 21:15:06,ss2311,ss2311,14765.0,0.0,0.0,0.0,1,14745.0,14785.0,1,14765.0,14760.0,0.0,0.0,0.0,0.0,1024
2023-05-09 21:15:10,ss2311,ss2311,14765.0,0.0,0.0,0.0,2,14745.0,14785.0,1,14765.0,14760.0,0.0,0.0,0.0,0.0,1024
2023-05-09 21:15:19,ss2311,ss2311,14765.0,0.0,0.0,0.0,2,14745.0,14785.0,1,14765.0,14760.0,0.0,0.0,0.0,0.0,1024
2023-05-09 21:15:19,ss2311,ss2311,14765.0,0.0,0.0,0.0,2,14745.0,14785.0,1,14765.0,14760.0,0.0,0.0,0.0,0.0,1024
2023-05-09 21:15:23,ss2311,ss2311,14765.0,0.0,0.0,0.0,2,14745.0,14790.0,1,14765.0,14760.0,0.0,0.0,0.0,0.0,1024
2023-05-09 21:15:24,ss2311,ss2311,14765.0,0.0,0.0,0.0,4,14745.0,14790.0,1,14765.0,14760.0,0.0,0.0,0.0,0.0,1024
2023-05-09 21:15:25,ss2311,ss2311,14765.0,0.0,0.0,0.0,2,14745.0,14785.0,1,14765.0,14760.0,0.0,0.0,0.0,0.0,1024
2023-05-09 21:15:25,ss2311,ss2311,14765.0,0.0,0.0,0.0,2,14745.0,14790.0,2,14765.0,14760.0,0.0,0.0,0.0,0.0,1024
2023-05-09 21:15:27,ss2311,ss2311,14765.0,0.0,0.0,0.0,4,14745.0,14790.0,2,14765.0,14760.0,0.0,0.0,0.0,0.0,1024
2023-05-09 21:15:29,ss2311,ss2311,14765.0,0.0,0.0,0.0,4,14745.0,14790.0,2,14765.0,14760.0,0.0,0.0,0.0,0.0,1024
2023-05-09 21:15:50,ss2311,ss2311,14765.0,0.0,0.0,0.0,4,14745.0,14790.0,1,14765.0,14760.0,0.0,0.0,0.0,0.0,1024
2023-05-09 21:15:50,ss2311,ss2311,14765.0,0.0,0.0,0.0,2,14750.0,14790.0,1,14765.0,14760.0,0.0,0.0,0.0,0.0,1024
2023-05-09 21:15:51,ss2311,ss2311,14765.0,0.0,0.0,0.0,1,14755.0,14790.0,1,14765.0,14760.0,0.0,0.0,0.0,0.0,1024
2023-05-09 21:15:52,ss2311,ss2311,14765.0,0.0,0.0,0.0,1,14755.0,14790.0,1,14765.0,14760.0,0.0,0.0,0.0,0.0,1024
2023-05-09 21:15:53,ss2311,ss2311,14765.0,0.0,0.0,0.0,2,14730.0,14790.0,1,14765.0,14760.0,0.0,0.0,0.0,0.0,1024
2023-05-09 21:15:53,ss2311,ss2311,14765.0,0.0,0.0,0.0,2,14745.0,14790.0,1,14765.0,14760.0,0.0,0.0,0.0,0.0,1024
2023-05-09 21:15:54,ss2311,ss2311,14765.0,0.0,0.0,0.0,1,14750.0,14790.0,1,14765.0,14760.0,0.0,0.0,0.0,0.0,1024
2023-05-09 21:15:55,ss2311,ss2311,14765.0,0.0,0.0,0.0,1,14750.0,14790.0,1,14765.0,14760.0,0.0,0.0,0.0,0.0,1024
2023-05-09 21:15:59,ss2311,ss2311,14765.0,0.0,0.0,0.0,1,14750.0,14790.0,1,14765.0,14760.0,0.0,0.0,0.0,0.0,1024
2023-05-09 21:16:00,ss2311,ss2311,14765.0,0.0,0.0,0.0,1,14750.0,14790.0,1,14765.0,14760.0,0.0,0.0,0.0,0.0,1024
2023-05-09 21:16:03,ss2311,ss2311,14765.0,0.0,0.0,0.0,1,14750.0,14790.0,1,14765.0,14760.0,0.0,0.0,0.0,0.0,1024
2023-05-09 21:16:03,ss2311,ss2311,14765.0,0.0,0.0,0.0,2,14730.0,14785.0,1,14765.0,14760.0,0.0,0.0,0.0,0.0,1024
2023-05-09 21:16:04,ss2311,ss2311,14765.0,0.0,0.0,0.0,2,14740.0,14790.0,2,14765.0,14760.0,0.0,0.0,0.0,0.0,1024
2023-05-09 21:16:04,ss2311,ss2311,14765.0,0.0,0.0,0.0,1,14745.0,14790.0,4,14765.0,14760.0,0.0,0.0,0.0,0.0,1024
2023-05-09 21:16:05,ss2311,ss2311,14765.0,0.0,0.0,0.0,3,14745.0,14790.0,4,14765.0,14760.0,0.0,0.0,0.0,0.0,1024
2023-05-09 21:16:09,ss2311,ss2311,14765.0,0.0,0.0,0.0,3,14745.0,14790.0,4,14765.0,14760.0,0.0,0.0,0.0,0.0,1024
2023-05-09 21:16:09,ss2311,ss2311,14765.0,0.0,0.0,0.0,3,14745.0,14790.0,4,14765.0,14760.0,0.0,0.0,0.0,0.0,1024
2023-05-09 21:16:10,ss2311,ss2311,14765.0,0.0,0.0,0.0,4,14745.0,14790.0,4,14765.0,14760.0,0.0,0.0,0.0,0.0,1024
2023-05-09 21:16:16,ss2311,ss2311,14765.0,0.0,0.0,0.0,4,14745.0,14790.0,4,14765.0,14760.0,0.0,0.0,0.0,0.0,1024
2023-05-09 21:16:17,ss2311,ss2311,14765.0,0.0,0.0,0.0,4,14745.0,14790.0,4,14765.0,14760.0,0.0,0.0,0.0,0.0,1024
2023-05-09 21:16:19,ss2311,ss2311,14765.0,0.0,0.0,0.0,4,14745.0,14790.0,2,14765.0,14760.0,0.0,0.0,0.0,0.0,1024
2023-05-09 21:16:19,ss2311,ss2311,14765.0,0.0,0.0,0.0,2,14750.0,14790.0,1,14765.0,14760.0,0.0,0.0,0.0,0.0,1024
2023-05-09 21:16:20,ss2311,ss2311,14765.0,0.0,0.0,0.0,1,14755.0,14790.0,1,14765.0,14760.0,0.0,0.0,0.0,0.0,1024
2023-05-09 21:16:30,ss2311,ss2311,14765.0,0.0,0.0,0.0,1,14755.0,14770.0,1,14765.0,14760.0,0.0,0.0,0.0,0.0,1024
2023-05-09 21:16:40,ss2311,ss2311,14765.0,0.0,0.0,0.0,1,14755.0,14760.0,1,14765.0,14760.0,0.0,0.0,0.0,0.0,1024
2023-05-09 21:16:43,ss2311,ss2311,14760.0,1.0,73800.0,-1.0,1,14755.0,14770.0,1,14765.0,14760.0,14760.0,14760.0,1.0,73800.0,1023
2023-05-09 21:16:46,ss2311,ss2311,14755.0,1.0,73775.0,-1.0,2,14750.0,14770.0,1,14765.0,14760.0,14760.0,14755.0,2.0,147575.0,1022
2023-05-09 21:16:49,ss2311,ss2311,14755.0,0.0,0.0,0.0,2,14750.0,14770.0,1,14765.0,14760.0,14760.0,14755.0,2.0,147575.0,1022
2023-05-09 21:16:49,ss2311,ss2311,14755.0,0.0,0.0,0.0,2,14750.0,14770.0,1,14765.0,14760.0,14760.0,14755.0,2.0,147575.0,1022
2023-05-09 21:16:50,ss2311,ss2311,14755.0,0.0,0.0,0.0,1,14755.0,14770.0,1,14765.0,14760.0,14760.0,14755.0,2.0,147575.0,1022
2023-05-09 21:16:54,ss2311,ss2311,14755.0,0.0,0.0,0.0,1,14755.0,14760.0,1,14765.0,14760.0,14760.0,14755.0,2.0,147575.0,1022
2023-05-09 21:16:55,ss2311,ss2311,14760.0,1.0,73800.0,-1.0,3,14755.0,14770.0,1,14765.0,14760.0,14760.0,14755.0,3.0,221375.0,1021
2023-05-09 21:16:55,ss2311,ss2311,14760.0,0.0,0.0,0.0,3,14755.0,14770.0,1,14765.0,14760.0,14760.0,14755.0,3.0,221375.0,1021
2023-05-09 21:16:56,ss2311,ss2311,14760.0,0.0,0.0,0.0,1,14755.0,14770.0,1,14765.0,14760.0,14760.0,14755.0,3.0,221375.0,1021
2023-05-09 21:16:59,ss2311,ss2311,14760.0,0.0,0.0,0.0,1,14755.0,14760.0,1,14765.0,14760.0,14760.0,14755.0,3.0,221375.0,1021
2023-05-09 21:17:02,ss2311,ss2311,14760.0,1.0,73800.0,-1.0,1,14755.0,14770.0,1,14765.0,14760.0,14760.0,14755.0,4.0,295175.0,1020
2023-05-09 21:17:03,ss2311,ss2311,14760.0,0.0,0.0,0.0,1,14760.0,14770.0,1,14765.0,14760.0,14760.0,14755.0,4.0,295175.0,1020
2023-05-09 21:17:05,ss2311,ss2311,14760.0,1.0,73800.0,-1.0,1,14755.0,14770.0,1,14765.0,14760.0,14760.0,14755.0,5.0,368975.0,1019
2023-05-09 21:17:08,ss2311,ss2311,14760.0,0.0,0.0,0.0,1,14755.0,14770.0,1,14765.0,14760.0,14760.0,14755.0,5.0,368975.0,1019
2023-05-09 21:17:10,ss2311,ss2311,14760.0,0.0,0.0,0.0,3,14755.0,14770.0,1,14765.0,14760.0,14760.0,14755.0,5.0,368975.0,1019
2023-05-09 21:17:19,ss2311,ss2311,14760.0,0.0,0.0,0.0,1,14760.0,14770.0,1,14765.0,14760.0,14760.0,14755.0,5.0,368975.0,1019
2023-05-09 21:17:20,ss2311,ss2311,14760.0,0.0,0.0,0.0,3,14760.0,14770.0,1,14765.0,14760.0,14760.0,14755.0,5.0,368975.0,1019
2023-05-09 21:17:21,ss2311,ss2311,14760.0,0.0,0.0,0.0,1,14760.0,14770.0,1,14765.0,14760.0,14760.0,14755.0,5.0,368975.0,1019
2023-05-09 21:17:23,ss2311,ss2311,14760.0,0.0,0.0,0.0,3,14760.0,14770.0,1,14765.0,14760.0,14760.0,14755.0,5.0,368975.0,1019
2023-05-09 21:17:24,ss2311,ss2311,14760.0,0.0,0.0,0.0,1,14760.0,14770.0,1,14765.0,14760.0,14760.0,14755.0,5.0,368975.0,1019
2023-05-09 21:17:56,ss2311,ss2311,14760.0,0.0,0.0,0.0,1,14755.0,14770.0,1,14765.0,14760.0,14760.0,14755.0,5.0,368975.0,1019
2023-05-09 21:17:57,ss2311,ss2311,14760.0,0.0,0.0,0.0,3,14755.0,14770.0,1,14765.0,14760.0,14760.0,14755.0,5.0,368975.0,1019
2023-05-09 21:18:03,ss2311,ss2311,14760.0,0.0,0.0,0.0,2,14755.0,14770.0,1,14765.0,14760.0,14760.0,14755.0,5.0,368975.0,1019
2023-05-09 21:18:05,ss2311,ss2311,14760.0,0.0,0.0,0.0,1,14740.0,14770.0,1,14765.0,14760.0,14760.0,14755.0,5.0,368975.0,1019
2023-05-09 21:18:05,ss2311,ss2311,14760.0,0.0,0.0,0.0,2,14750.0,14770.0,1,14765.0,14760.0,14760.0,14755.0,5.0,368975.0,1019
2023-05-09 21:18:11,ss2311,ss2311,14760.0,0.0,0.0,0.0,1,14755.0,14770.0,1,14765.0,14760.0,14760.0,14755.0,5.0,368975.0,1019
2023-05-09 21:18:12,ss2311,ss2311,14770.0,1.0,73850.0,0.0,1,14770.0,14825.0,1,14765.0,14760.0,14770.0,14755.0,6.0,442825.0,1019
2023-05-09 21:18:13,ss2311,ss2311,14770.0,0.0,0.0,0.0,1,14755.0,14800.0,1,14765.0,14760.0,14770.0,14755.0,6.0,442825.0,1019
2023-05-09 21:18:13,ss2311,ss2311,14770.0,0.0,0.0,0.0,1,14765.0,14800.0,3,14765.0,14760.0,14770.0,14755.0,6.0,442825.0,1019
2023-05-09 21:18:14,ss2311,ss2311,14770.0,0.0,0.0,0.0,1,14765.0,14800.0,3,14765.0,14760.0,14770.0,14755.0,6.0,442825.0,1019
2023-05-09 21:18:15,ss2311,ss2311,14770.0,0.0,0.0,0.0,1,14740.0,14795.0,1,14765.0,14760.0,14770.0,14755.0,6.0,442825.0,1019
2023-05-09 21:18:15,ss2311,ss2311,14770.0,0.0,0.0,0.0,1,14760.0,14795.0,1,14765.0,14760.0,14770.0,14755.0,6.0,442825.0,1019
2023-05-09 21:18:16,ss2311,ss2311,14770.0,0.0,0.0,0.0,1,14760.0,14795.0,1,14765.0,14760.0,14770.0,14755.0,6.0,442825.0,1019
2023-05-09 21:18:17,ss2311,ss2311,14770.0,0.0,0.0,0.0,1,14760.0,14795.0,1,14765.0,14760.0,14770.0,14755.0,6.0,442825.0,1019
2023-05-09 21:18:24,ss2311,ss2311,14770.0,0.0,0.0,0.0,1,14760.0,14800.0,2,14765.0,14760.0,14770.0,14755.0,6.0,442825.0,1019
2023-05-09 21:18:24,ss2311,ss2311,14770.0,0.0,0.0,0.0,1,14765.0,14800.0,1,14765.0,14760.0,14770.0,14755.0,6.0,442825.0,1019
2023-05-09 21:18:25,ss2311,ss2311,14770.0,0.0,0.0,0.0,1,14740.0,14795.0,1,14765.0,14760.0,14770.0,14755.0,6.0,442825.0,1019
2023-05-09 21:18:25,ss2311,ss2311,14770.0,0.0,0.0,0.0,1,14760.0,14795.0,1,14765.0,14760.0,14770.0,14755.0,6.0,442825.0,1019
2023-05-09 21:18:26,ss2311,ss2311,14770.0,0.0,0.0,0.0,1,14760.0,14795.0,1,14765.0,14760.0,14770.0,14755.0,6.0,442825.0,1019
2023-05-09 21:18:26,ss2311,ss2311,14770.0,0.0,0.0,0.0,1,14760.0,14795.0,1,14765.0,14760.0,14770.0,14755.0,6.0,442825.0,1019
2023-05-09 21:18:27,ss2311,ss2311,14770.0,0.0,0.0,0.0,1,14760.0,14795.0,1,14765.0,14760.0,14770.0,14755.0,6.0,442825.0,1019
2023-05-09 21:18:32,ss2311,ss2311,14770.0,0.0,0.0,0.0,1,14740.0,14795.0,1,14765.0,14760.0,14770.0,14755.0,6.0,442825.0,1019
2023-05-09 21:18:33,ss2311,ss2311,14770.0,0.0,0.0,0.0,1,14745.0,14790.0,1,14765.0,14760.0,14770.0,14755.0,6.0,442825.0,1019
2023-05-09 21:18:33,ss2311,ss2311,14770.0,0.0,0.0,0.0,1,14760.0,14820.0,4,14765.0,14760.0,14770.0,14755.0,6.0,442825.0,1019
2023-05-09 21:18:34,ss2311,ss2311,14770.0,0.0,0.0,0.0,1,14760.0,14795.0,1,14765.0,14760.0,14770.0,14755.0,6.0,442825.0,1019
2023-05-09 21:18:34,ss2311,ss2311,14770.0,0.0,0.0,0.0,1,14760.0,14795.0,1,14765.0,14760.0,14770.0,14755.0,6.0,442825.0,1019
2023-05-09 21:18:39,ss2311,ss2311,14770.0,0.0,0.0,0.0,1,14760.0,14790.0,1,14765.0,14760.0,14770.0,14755.0,6.0,442825.0,1019
2023-05-09 21:18:40,ss2311,ss2311,14770.0,0.0,0.0,0.0,1,14760.0,14790.0,1,14765.0,14760.0,14770.0,14755.0,6.0,442825.0,1019
2023-05-09 21:18:41,ss2311,ss2311,14770.0,0.0,0.0,0.0,1,14740.0,14790.0,2,14765.0,14760.0,14770.0,14755.0,6.0,442825.0,1019
2023-05-09 21:18:42,ss2311,ss2311,14770.0,0.0,0.0,0.0,1,14755.0,14790.0,1,14765.0,14760.0,14770.0,14755.0,6.0,442825.0,1019
2023-05-09 21:18:42,ss2311,ss2311,14770.0,0.0,0.0,0.0,1,14760.0,14790.0,1,14765.0,14760.0,14770.0,14755.0,6.0,442825.0,1019
2023-05-09 21:18:43,ss2311,ss2311,14770.0,0.0,0.0,0.0,1,14765.0,14790.0,1,14765.0,14760.0,14770.0,14755.0,6.0,442825.0,1019
2023-05-09 21:18:44,ss2311,ss2311,14770.0,0.0,0.0,0.0,1,14765.0,14790.0,1,14765.0,14760.0,14770.0,14755.0,6.0,442825.0,1019
2023-05-09 21:18:44,ss2311,ss2311,14770.0,0.0,0.0,0.0,1,14760.0,14790.0,1,14765.0,14760.0,14770.0,14755.0,6.0,442825.0,1019
2023-05-09 21:18:55,ss2311,ss2311,14770.0,0.0,0.0,0.0,1,14760.0,14790.0,1,14765.0,14760.0,14770.0,14755.0,6.0,442825.0,1019
2023-05-09 21:18:55,ss2311,ss2311,14770.0,0.0,0.0,0.0,1,14760.0,14790.0,1,14765.0,14760.0,14770.0,14755.0,6.0,442825.0,1019
2023-05-09 21:19:03,ss2311,ss2311,14770.0,0.0,0.0,0.0,1,14760.0,14790.0,1,14765.0,14760.0,14770.0,14755.0,6.0,442825.0,1019
2023-05-09 21:19:04,ss2311,ss2311,14770.0,0.0,0.0,0.0,1,14760.0,14790.0,1,14765.0,14760.0,14770.0,14755.0,6.0,442825.0,1019
2023-05-09 21:19:13,ss2311,ss2311,14770.0,0.0,0.0,0.0,1,14765.0,14790.0,1,14765.0,14760.0,14770.0,14755.0,6.0,442825.0,1019
2023-05-09 21:19:13,ss2311,ss2311,14770.0,0.0,0.0,0.0,1,14760.0,14820.0,4,14765.0,14760.0,14770.0,14755.0,6.0,442825.0,1019
2023-05-09 21:19:14,ss2311,ss2311,14770.0,0.0,0.0,0.0,1,14760.0,14795.0,1,14765.0,14760.0,14770.0,14755.0,6.0,442825.0,1019
2023-05-09 21:19:14,ss2311,ss2311,14770.0,0.0,0.0,0.0,1,14760.0,14795.0,1,14765.0,14760.0,14770.0,14755.0,6.0,442825.0,1019
2023-05-09 21:19:16,ss2311,ss2311,14770.0,0.0,0.0,0.0,1,14760.0,14795.0,1,14765.0,14760.0,14770.0,14755.0,6.0,442825.0,1019
2023-05-09 21:19:20,ss2311,ss2311,14770.0,0.0,0.0,0.0,1,14760.0,14790.0,1,14765.0,14760.0,14770.0,14755.0,6.0,442825.0,1019
2023-05-09 21:19:21,ss2311,ss2311,14770.0,0.0,0.0,0.0,1,14760.0,14790.0,1,14765.0,14760.0,14770.0,14755.0,6.0,442825.0,1019
2023-05-09 21:19:22,ss2311,ss2311,14770.0,0.0,0.0,0.0,1,14765.0,14790.0,1,14765.0,14760.0,14770.0,14755.0,6.0,442825.0,1019
2023-05-09 21:19:22,ss2311,ss2311,14770.0,0.0,0.0,0.0,1,14765.0,14820.0,4,14765.0,14760.0,14770.0,14755.0,6.0,442825.0,1019
2023-05-09 21:19:23,ss2311,ss2311,14770.0,0.0,0.0,0.0,1,14765.0,14800.0,1,14765.0,14760.0,14770.0,14755.0,6.0,442825.0,1019
2023-05-09 21:19:23,ss2311,ss2311,14770.0,0.0,0.0,0.0,1,14765.0,14800.0,1,14765.0,14760.0,14770.0,14755.0,6.0,442825.0,1019
2023-05-09 21:19:31,ss2311,ss2311,14770.0,0.0,0.0,0.0,1,14765.0,14800.0,1,14765.0,14760.0,14770.0,14755.0,6.0,442825.0,1019
2023-05-09 21:19:32,ss2311,ss2311,14770.0,0.0,0.0,0.0,1,14765.0,14800.0,1,14765.0,14760.0,14770.0,14755.0,6.0,442825.0,1019
2023-05-09 21:19:37,ss2311,ss2311,14770.0,0.0,0.0,0.0,1,14765.0,14800.0,1,14765.0,14760.0,14770.0,14755.0,6.0,442825.0,1019
2023-05-09 21:19:37,ss2311,ss2311,14770.0,0.0,0.0,0.0,1,14765.0,14800.0,1,14765.0,14760.0,14770.0,14755.0,6.0,442825.0,1019
2023-05-09 21:19:41,ss2311,ss2311,14770.0,0.0,0.0,0.0,1,14765.0,14800.0,3,14765.0,14760.0,14770.0,14755.0,6.0,442825.0,1019
2023-05-09 21:19:42,ss2311,ss2311,14770.0,0.0,0.0,0.0,1,14770.0,14800.0,2,14765.0,14760.0,14770.0,14755.0,6.0,442825.0,1019
2023-05-09 21:19:43,ss2311,ss2311,14770.0,0.0,0.0,0.0,1,14770.0,14800.0,2,14765.0,14760.0,14770.0,14755.0,6.0,442825.0,1019
2023-05-09 21:19:44,ss2311,ss2311,14770.0,0.0,0.0,0.0,1,14770.0,14820.0,4,14765.0,14760.0,14770.0,14755.0,6.0,442825.0,1019
2023-05-09 21:19:44,ss2311,ss2311,14770.0,0.0,0.0,0.0,1,14770.0,14805.0,1,14765.0,14760.0,14770.0,14755.0,6.0,442825.0,1019
2023-05-09 21:19:45,ss2311,ss2311,14770.0,0.0,0.0,0.0,1,14770.0,14805.0,1,14765.0,14760.0,14770.0,14755.0,6.0,442825.0,1019
2023-05-09 21:19:45,ss2311,ss2311,14770.0,0.0,0.0,0.0,1,14750.0,14805.0,1,14765.0,14760.0,14770.0,14755.0,6.0,442825.0,1019
2023-05-09 21:19:46,ss2311,ss2311,14770.0,0.0,0.0,0.0,1,14765.0,14805.0,1,14765.0,14760.0,14770.0,14755.0,6.0,442825.0,1019
2023-05-09 21:19:46,ss2311,ss2311,14770.0,0.0,0.0,0.0,1,14770.0,14805.0,1,14765.0,14760.0,14770.0,14755.0,6.0,442825.0,1019
2023-05-09 21:19:47,ss2311,ss2311,14770.0,0.0,0.0,0.0,1,14770.0,14805.0,1,14765.0,14760.0,14770.0,14755.0,6.0,442825.0,1019
2023-05-09 21:19:47,ss2311,ss2311,14770.0,0.0,0.0,0.0,1,14750.0,14805.0,3,14765.0,14760.0,14770.0,14755.0,6.0,442825.0,1019
2023-05-09 21:19:48,ss2311,ss2311,14770.0,0.0,0.0,0.0,1,14765.0,14805.0,3,14765.0,14760.0,14770.0,14755.0,6.0,442825.0,1019
2023-05-09 21:19:48,ss2311,ss2311,14770.0,0.0,0.0,0.0,1,14765.0,14805.0,3,14765.0,14760.0,14770.0,14755.0,6.0,442825.0,1019
2023-05-09 21:19:49,ss2311,ss2311,14770.0,0.0,0.0,0.0,3,14765.0,14805.0,3,14765.0,14760.0,14770.0,14755.0,6.0,442825.0,1019
2023-05-09 21:19:49,ss2311,ss2311,14770.0,0.0,0.0,0.0,3,14765.0,14805.0,3,14765.0,14760.0,14770.0,14755.0,6.0,442825.0,1019
2023-05-09 21:19:50,ss2311,ss2311,14770.0,0.0,0.0,0.0,2,14770.0,14805.0,3,14765.0,14760.0,14770.0,14755.0,6.0,442825.0,1019
2023-05-09 21:19:52,ss2311,ss2311,14770.0,0.0,0.0,0.0,2,14770.0,14800.0,1,14765.0,14760.0,14770.0,14755.0,6.0,442825.0,1019
2023-05-09 21:19:52,ss2311,ss2311,14770.0,0.0,0.0,0.0,2,14770.0,14795.0,1,14765.0,14760.0,14770.0,14755.0,6.0,442825.0,1019
2023-05-09 21:19:53,ss2311,ss2311,14770.0,0.0,0.0,0.0,2,14770.0,14795.0,1,14765.0,14760.0,14770.0,14755.0,6.0,442825.0,1019
2023-05-09 21:19:56,ss2311,ss2311,14770.0,0.0,0.0,0.0,1,14765.0,14795.0,1,14765.0,14760.0,14770.0,14755.0,6.0,442825.0,1019
2023-05-09 21:19:59,ss2311,ss2311,14770.0,0.0,0.0,0.0,1,14750.0,14795.0,2,14765.0,14760.0,14770.0,14755.0,6.0,442825.0,1019
2023-05-09 21:19:59,ss2311,ss2311,14770.0,0.0,0.0,0.0,1,14765.0,14795.0,1,14765.0,14760.0,14770.0,14755.0,6.0,442825.0,1019
2023-05-09 21:20:00,ss2311,ss2311,14770.0,0.0,0.0,0.0,1,14765.0,14800.0,1,14765.0,14760.0,14770.0,14755.0,6.0,442825.0,1019
2023-05-09 21:20:00,ss2311,ss2311,14770.0,0.0,0.0,0.0,1,14765.0,14800.0,4,14765.0,14760.0,14770.0,14755.0,6.0,442825.0,1019
2023-05-09 21:20:02,ss2311,ss2311,14770.0,0.0,0.0,0.0,1,14765.0,14795.0,1,14765.0,14760.0,14770.0,14755.0,6.0,442825.0,1019
2023-05-09 21:20:03,ss2311,ss2311,14770.0,0.0,0.0,0.0,1,14765.0,14795.0,1,14765.0,14760.0,14770.0,14755.0,6.0,442825.0,1019
2023-05-09 21:20:03,ss2311,ss2311,14770.0,0.0,0.0,0.0,1,14750.0,14790.0,1,14765.0,14760.0,14770.0,14755.0,6.0,442825.0,1019
2023-05-09 21:20:04,ss2311,ss2311,14770.0,0.0,0.0,0.0,1,14760.0,14795.0,1,14765.0,14760.0,14770.0,14755.0,6.0,442825.0,1019
2023-05-09 21:20:04,ss2311,ss2311,14770.0,0.0,0.0,0.0,1,14765.0,14795.0,1,14765.0,14760.0,14770.0,14755.0,6.0,442825.0,1019
2023-05-09 21:20:05,ss2311,ss2311,14770.0,0.0,0.0,0.0,1,14765.0,14795.0,1,14765.0,14760.0,14770.0,14755.0,6.0,442825.0,1019
2023-05-09 21:20:25,ss2311,ss2311,14770.0,0.0,0.0,0.0,1,14765.0,14795.0,1,14765.0,14760.0,14770.0,14755.0,6.0,442825.0,1019
2023-05-09 21:20:26,ss2311,ss2311,14770.0,0.0,0.0,0.0,1,14765.0,14795.0,1,14765.0,14760.0,14770.0,14755.0,6.0,442825.0,1019
2023-05-09 21:20:28,ss2311,ss2311,14770.0,0.0,0.0,0.0,1,14750.0,14795.0,1,14765.0,14760.0,14770.0,14755.0,6.0,442825.0,1019
2023-05-09 21:20:28,ss2311,ss2311,14770.0,0.0,0.0,0.0,1,14765.0,14795.0,1,14765.0,14760.0,14770.0,14755.0,6.0,442825.0,1019
2023-05-09 21:20:36,ss2311,ss2311,14770.0,0.0,0.0,0.0,1,14750.0,14790.0,1,14765.0,14760.0,14770.0,14755.0,6.0,442825.0,1019
2023-05-09 21:20:36,ss2311,ss2311,14770.0,0.0,0.0,0.0,1,14760.0,14795.0,2,14765.0,14760.0,14770.0,14755.0,6.0,442825.0,1019
2023-05-09 21:20:37,ss2311,ss2311,14770.0,0.0,0.0,0.0,1,14760.0,14790.0,1,14765.0,14760.0,14770.0,14755.0,6.0,442825.0,1019
2023-05-09 21:20:38,ss2311,ss2311,14770.0,0.0,0.0,0.0,1,14760.0,14795.0,3,14765.0,14760.0,14770.0,14755.0,6.0,442825.0,1019
2023-05-09 21:20:42,ss2311,ss2311,14770.0,0.0,0.0,0.0,1,14765.0,14795.0,2,14765.0,14760.0,14770.0,14755.0,6.0,442825.0,1019
2023-05-09 21:20:45,ss2311,ss2311,14770.0,0.0,0.0,0.0,1,14750.0,14795.0,2,14765.0,14760.0,14770.0,14755.0,6.0,442825.0,1019
2023-05-09 21:20:45,ss2311,ss2311,14770.0,0.0,0.0,0.0,1,14760.0,14795.0,3,14765.0,14760.0,14770.0,14755.0,6.0,442825.0,1019
2023-05-09 21:20:46,ss2311,ss2311,14770.0,0.0,0.0,0.0,1,14765.0,14795.0,2,14765.0,14760.0,14770.0,14755.0,6.0,442825.0,1019
2023-05-09 21:21:05,ss2311,ss2311,14770.0,0.0,0.0,0.0,1,14750.0,14795.0,2,14765.0,14760.0,14770.0,14755.0,6.0,442825.0,1019
2023-05-09 21:21:06,ss2311,ss2311,14770.0,0.0,0.0,0.0,1,14760.0,14795.0,3,14765.0,14760.0,14770.0,14755.0,6.0,442825.0,1019
2023-05-09 21:21:12,ss2311,ss2311,14770.0,0.0,0.0,0.0,1,14760.0,14795.0,3,14765.0,14760.0,14770.0,14755.0,6.0,442825.0,1019
2023-05-09 21:21:12,ss2311,ss2311,14770.0,0.0,0.0,0.0,1,14760.0,14795.0,3,14765.0,14760.0,14770.0,14755.0,6.0,442825.0,1019
2023-05-09 21:21:13,ss2311,ss2311,14770.0,0.0,0.0,0.0,3,14760.0,14795.0,3,14765.0,14760.0,14770.0,14755.0,6.0,442825.0,1019
2023-05-09 21:21:17,ss2311,ss2311,14770.0,0.0,0.0,0.0,3,14760.0,14795.0,3,14765.0,14760.0,14770.0,14755.0,6.0,442825.0,1019
2023-05-09 21:21:17,ss2311,ss2311,14770.0,0.0,0.0,0.0,3,14760.0,14795.0,3,14765.0,14760.0,14770.0,14755.0,6.0,442825.0,1019
2023-05-09 21:21:25,ss2311,ss2311,14770.0,0.0,0.0,0.0,4,14760.0,14795.0,3,14765.0,14760.0,14770.0,14755.0,6.0,442825.0,1019
2023-05-09 21:21:38,ss2311,ss2311,14770.0,0.0,0.0,0.0,4,14760.0,14795.0,3,14765.0,14760.0,14770.0,14755.0,6.0,442825.0,1019
2023-05-09 21:21:38,ss2311,ss2311,14770.0,0.0,0.0,0.0,4,14760.0,14795.0,3,14765.0,14760.0,14770.0,14755.0,6.0,442825.0,1019
2023-05-09 21:21:42,ss2311,ss2311,14770.0,0.0,0.0,0.0,2,14760.0,14795.0,3,14765.0,14760.0,14770.0,14755.0,6.0,442825.0,1019
2023-05-09 21:22:08,ss2311,ss2311,14770.0,0.0,0.0,0.0,1,14760.0,14795.0,3,14765.0,14760.0,14770.0,14755.0,6.0,442825.0,1019
2023-05-09 21:22:09,ss2311,ss2311,14770.0,0.0,0.0,0.0,1,14760.0,14790.0,1,14765.0,14760.0,14770.0,14755.0,6.0,442825.0,1019
2023-05-09 21:22:10,ss2311,ss2311,14770.0,0.0,0.0,0.0,1,14760.0,14785.0,1,14765.0,14760.0,14770.0,14755.0,6.0,442825.0,1019
2023-05-09 21:22:10,ss2311,ss2311,14770.0,0.0,0.0,0.0,1,14760.0,14790.0,1,14765.0,14760.0,14770.0,14755.0,6.0,442825.0,1019
2023-05-09 21:22:11,ss2311,ss2311,14770.0,0.0,0.0,0.0,2,14760.0,14790.0,1,14765.0,14760.0,14770.0,14755.0,6.0,442825.0,1019
2023-05-09 21:22:13,ss2311,ss2311,14770.0,0.0,0.0,0.0,1,14760.0,14790.0,2,14765.0,14760.0,14770.0,14755.0,6.0,442825.0,1019
2023-05-09 21:22:46,ss2311,ss2311,14770.0,0.0,0.0,0.0,1,14760.0,14790.0,2,14765.0,14760.0,14770.0,14755.0,6.0,442825.0,1019
2023-05-09 21:22:49,ss2311,ss2311,14770.0,0.0,0.0,0.0,1,14760.0,14790.0,3,14765.0,14760.0,14770.0,14755.0,6.0,442825.0,1019
2023-05-09 21:22:54,ss2311,ss2311,14770.0,0.0,0.0,0.0,1,14750.0,14790.0,3,14765.0,14760.0,14770.0,14755.0,6.0,442825.0,1019
2023-05-09 21:22:55,ss2311,ss2311,14770.0,0.0,0.0,0.0,1,14755.0,14790.0,3,14765.0,14760.0,14770.0,14755.0,6.0,442825.0,1019
2023-05-09 21:22:56,ss2311,ss2311,14770.0,0.0,0.0,0.0,1,14755.0,14790.0,3,14765.0,14760.0,14770.0,14755.0,6.0,442825.0,1019
2023-05-09 21:22:56,ss2311,ss2311,14770.0,0.0,0.0,0.0,1,14755.0,14790.0,3,14765.0,14760.0,14770.0,14755.0,6.0,442825.0,1019
2023-05-09 21:23:03,ss2311,ss2311,14770.0,0.0,0.0,0.0,2,14755.0,14790.0,3,14765.0,14760.0,14770.0,14755.0,6.0,442825.0,1019
2023-05-09 21:23:06,ss2311,ss2311,14770.0,0.0,0.0,0.0,1,14755.0,14790.0,3,14765.0,14760.0,14770.0,14755.0,6.0,442825.0,1019
2023-05-09 21:23:06,ss2311,ss2311,14770.0,0.0,0.0,0.0,1,14755.0,14785.0,1,14765.0,14760.0,14770.0,14755.0,6.0,442825.0,1019
2023-05-09 21:23:07,ss2311,ss2311,14770.0,0.0,0.0,0.0,1,14740.0,14785.0,1,14765.0,14760.0,14770.0,14755.0,6.0,442825.0,1019
2023-05-09 21:23:07,ss2311,ss2311,14770.0,0.0,0.0,0.0,1,14740.0,14785.0,1,14765.0,14760.0,14770.0,14755.0,6.0,442825.0,1019
2023-05-09 21:23:08,ss2311,ss2311,14770.0,0.0,0.0,0.0,1,14750.0,14785.0,1,14765.0,14760.0,14770.0,14755.0,6.0,442825.0,1019
2023-05-09 21:23:12,ss2311,ss2311,14770.0,0.0,0.0,0.0,1,14740.0,14780.0,2,14765.0,14760.0,14770.0,14755.0,6.0,442825.0,1019
2023-05-09 21:23:12,ss2311,ss2311,14770.0,0.0,0.0,0.0,1,14745.0,14780.0,2,14765.0,14760.0,14770.0,14755.0,6.0,442825.0,1019
2023-05-09 21:23:15,ss2311,ss2311,14770.0,0.0,0.0,0.0,2,14750.0,14780.0,2,14765.0,14760.0,14770.0,14755.0,6.0,442825.0,1019
2023-05-09 21:23:22,ss2311,ss2311,14770.0,0.0,0.0,0.0,2,14750.0,14780.0,2,14765.0,14760.0,14770.0,14755.0,6.0,442825.0,1019
2023-05-09 21:23:31,ss2311,ss2311,14770.0,0.0,0.0,0.0,2,14750.0,14790.0,1,14765.0,14760.0,14770.0,14755.0,6.0,442825.0,1019
2023-05-09 21:23:31,ss2311,ss2311,14770.0,0.0,0.0,0.0,2,14750.0,14785.0,2,14765.0,14760.0,14770.0,14755.0,6.0,442825.0,1019
2023-05-09 21:23:32,ss2311,ss2311,14770.0,0.0,0.0,0.0,2,14750.0,14780.0,1,14765.0,14760.0,14770.0,14755.0,6.0,442825.0,1019
2023-05-09 21:23:58,ss2311,ss2311,14770.0,0.0,0.0,0.0,2,14750.0,14785.0,1,14765.0,14760.0,14770.0,14755.0,6.0,442825.0,1019
2023-05-09 21:23:58,ss2311,ss2311,14770.0,0.0,0.0,0.0,3,14750.0,14785.0,2,14765.0,14760.0,14770.0,14755.0,6.0,442825.0,1019
2023-05-09 21:24:00,ss2311,ss2311,14770.0,0.0,0.0,0.0,2,14750.0,14780.0,1,14765.0,14760.0,14770.0,14755.0,6.0,442825.0,1019
2023-05-09 21:24:09,ss2311,ss2311,14770.0,0.0,0.0,0.0,2,14750.0,14780.0,1,14765.0,14760.0,14770.0,14755.0,6.0,442825.0,1019
2023-05-09 21:24:12,ss2311,ss2311,14770.0,0.0,0.0,0.0,2,14750.0,14775.0,1,14765.0,14760.0,14770.0,14755.0,6.0,442825.0,1019
2023-05-09 21:24:28,ss2311,ss2311,14770.0,0.0,0.0,0.0,3,14750.0,14775.0,1,14765.0,14760.0,14770.0,14755.0,6.0,442825.0,1019
2023-05-09 21:24:54,ss2311,ss2311,14770.0,0.0,0.0,0.0,3,14750.0,14775.0,1,14765.0,14760.0,14770.0,14755.0,6.0,442825.0,1019
2023-05-09 21:24:55,ss2311,ss2311,14770.0,0.0,0.0,0.0,3,14750.0,14775.0,1,14765.0,14760.0,14770.0,14755.0,6.0,442825.0,1019
2023-05-09 21:24:59,ss2311,ss2311,14770.0,0.0,0.0,0.0,3,14750.0,14775.0,1,14765.0,14760.0,14770.0,14755.0,6.0,442825.0,1019
2023-05-09 21:25:00,ss2311,ss2311,14770.0,0.0,0.0,0.0,4,14750.0,14775.0,1,14765.0,14760.0,14770.0,14755.0,6.0,442825.0,1019
2023-05-09 21:25:01,ss2311,ss2311,14770.0,0.0,0.0,0.0,3,14750.0,14815.0,1,14765.0,14760.0,14770.0,14755.0,6.0,442825.0,1019
2023-05-09 21:25:01,ss2311,ss2311,14770.0,0.0,0.0,0.0,3,14750.0,14780.0,1,14765.0,14760.0,14770.0,14755.0,6.0,442825.0,1019
2023-05-09 21:25:02,ss2311,ss2311,14770.0,0.0,0.0,0.0,3,14750.0,14780.0,2,14765.0,14760.0,14770.0,14755.0,6.0,442825.0,1019
2023-05-09 21:25:02,ss2311,ss2311,14770.0,0.0,0.0,0.0,3,14750.0,14780.0,2,14765.0,14760.0,14770.0,14755.0,6.0,442825.0,1019
2023-05-09 21:25:07,ss2311,ss2311,14770.0,0.0,0.0,0.0,3,14750.0,14780.0,2,14765.0,14760.0,14770.0,14755.0,6.0,442825.0,1019
2023-05-09 21:25:13,ss2311,ss2311,14770.0,0.0,0.0,0.0,3,14750.0,14780.0,2,14765.0,14760.0,14770.0,14755.0,6.0,442825.0,1019
2023-05-09 21:25:13,ss2311,ss2311,14770.0,0.0,0.0,0.0,3,14750.0,14780.0,2,14765.0,14760.0,14770.0,14755.0,6.0,442825.0,1019
2023-05-09 21:25:20,ss2311,ss2311,14770.0,0.0,0.0,0.0,3,14750.0,14775.0,1,14765.0,14760.0,14770.0,14755.0,6.0,442825.0,1019
2023-05-09 21:25:21,ss2311,ss2311,14770.0,0.0,0.0,0.0,3,14750.0,14780.0,2,14765.0,14760.0,14770.0,14755.0,6.0,442825.0,1019
2023-05-09 21:25:24,ss2311,ss2311,14770.0,0.0,0.0,0.0,1,14750.0,14780.0,2,14765.0,14760.0,14770.0,14755.0,6.0,442825.0,1019
2023-05-09 21:25:33,ss2311,ss2311,14770.0,0.0,0.0,0.0,1,14750.0,14775.0,1,14765.0,14760.0,14770.0,14755.0,6.0,442825.0,1019
2023-05-09 21:25:33,ss2311,ss2311,14770.0,0.0,0.0,0.0,1,14750.0,14775.0,1,14765.0,14760.0,14770.0,14755.0,6.0,442825.0,1019
2023-05-09 21:25:34,ss2311,ss2311,14770.0,0.0,0.0,0.0,1,14750.0,14775.0,1,14765.0,14760.0,14770.0,14755.0,6.0,442825.0,1019
2023-05-09 21:25:36,ss2311,ss2311,14770.0,0.0,0.0,0.0,1,14750.0,14775.0,2,14765.0,14760.0,14770.0,14755.0,6.0,442825.0,1019
2023-05-09 21:25:39,ss2311,ss2311,14770.0,0.0,0.0,0.0,1,14750.0,14775.0,1,14765.0,14760.0,14770.0,14755.0,6.0,442825.0,1019
2023-05-09 21:25:46,ss2311,ss2311,14770.0,0.0,0.0,0.0,1,14750.0,14775.0,2,14765.0,14760.0,14770.0,14755.0,6.0,442825.0,1019
2023-05-09 21:25:52,ss2311,ss2311,14770.0,0.0,0.0,0.0,1,14750.0,14775.0,1,14765.0,14760.0,14770.0,14755.0,6.0,442825.0,1019
2023-05-09 21:25:57,ss2311,ss2311,14770.0,0.0,0.0,0.0,1,14740.0,14775.0,1,14765.0,14760.0,14770.0,14755.0,6.0,442825.0,1019
2023-05-09 21:25:58,ss2311,ss2311,14770.0,0.0,0.0,0.0,1,14745.0,14775.0,1,14765.0,14760.0,14770.0,14755.0,6.0,442825.0,1019
2023-05-09 21:26:00,ss2311,ss2311,14770.0,0.0,0.0,0.0,2,14745.0,14775.0,1,14765.0,14760.0,14770.0,14755.0,6.0,442825.0,1019
2023-05-09 21:26:01,ss2311,ss2311,14770.0,0.0,0.0,0.0,2,14745.0,14775.0,1,14765.0,14760.0,14770.0,14755.0,6.0,442825.0,1019
2023-05-09 21:26:01,ss2311,ss2311,14770.0,0.0,0.0,0.0,2,14745.0,14775.0,1,14765.0,14760.0,14770.0,14755.0,6.0,442825.0,1019
2023-05-09 21:26:06,ss2311,ss2311,14770.0,0.0,0.0,0.0,2,14745.0,14800.0,1,14765.0,14760.0,14770.0,14755.0,6.0,442825.0,1019
2023-05-09 21:26:06,ss2311,ss2311,14770.0,0.0,0.0,0.0,2,14745.0,14780.0,2,14765.0,14760.0,14770.0,14755.0,6.0,442825.0,1019
2023-05-09 21:26:07,ss2311,ss2311,14770.0,0.0,0.0,0.0,2,14745.0,14800.0,1,14765.0,14760.0,14770.0,14755.0,6.0,442825.0,1019
2023-05-09 21:26:07,ss2311,ss2311,14770.0,0.0,0.0,0.0,1,14750.0,14785.0,1,14765.0,14760.0,14770.0,14755.0,6.0,442825.0,1019
2023-05-09 21:26:08,ss2311,ss2311,14770.0,0.0,0.0,0.0,1,14750.0,14785.0,1,14765.0,14760.0,14770.0,14755.0,6.0,442825.0,1019
2023-05-09 21:26:10,ss2311,ss2311,14770.0,0.0,0.0,0.0,1,14750.0,14785.0,1,14765.0,14760.0,14770.0,14755.0,6.0,442825.0,1019
2023-05-09 21:26:18,ss2311,ss2311,14770.0,0.0,0.0,0.0,1,14750.0,14780.0,1,14765.0,14760.0,14770.0,14755.0,6.0,442825.0,1019
2023-05-09 21:26:19,ss2311,ss2311,14770.0,0.0,0.0,0.0,2,14750.0,14780.0,1,14765.0,14760.0,14770.0,14755.0,6.0,442825.0,1019
2023-05-09 21:26:34,ss2311,ss2311,14770.0,0.0,0.0,0.0,1,14755.0,14780.0,1,14765.0,14760.0,14770.0,14755.0,6.0,442825.0,1019
2023-05-09 21:26:34,ss2311,ss2311,14770.0,0.0,0.0,0.0,1,14755.0,14780.0,1,14765.0,14760.0,14770.0,14755.0,6.0,442825.0,1019
2023-05-09 21:26:35,ss2311,ss2311,14770.0,0.0,0.0,0.0,1,14755.0,14815.0,2,14765.0,14760.0,14770.0,14755.0,6.0,442825.0,1019
2023-05-09 21:26:35,ss2311,ss2311,14770.0,0.0,0.0,0.0,1,14755.0,14790.0,1,14765.0,14760.0,14770.0,14755.0,6.0,442825.0,1019
2023-05-09 21:26:36,ss2311,ss2311,14770.0,0.0,0.0,0.0,1,14755.0,14790.0,1,14765.0,14760.0,14770.0,14755.0,6.0,442825.0,1019
2023-05-09 21:26:41,ss2311,ss2311,14770.0,0.0,0.0,0.0,1,14755.0,14790.0,2,14765.0,14760.0,14770.0,14755.0,6.0,442825.0,1019
2023-05-09 21:26:47,ss2311,ss2311,14770.0,0.0,0.0,0.0,1,14755.0,14785.0,5,14765.0,14760.0,14770.0,14755.0,6.0,442825.0,1019
2023-05-09 21:26:48,ss2311,ss2311,14770.0,0.0,0.0,0.0,1,14755.0,14785.0,5,14765.0,14760.0,14770.0,14755.0,6.0,442825.0,1019
2023-05-09 21:26:51,ss2311,ss2311,14770.0,0.0,0.0,0.0,1,14755.0,14790.0,1,14765.0,14760.0,14770.0,14755.0,6.0,442825.0,1019
2023-05-09 21:26:51,ss2311,ss2311,14770.0,0.0,0.0,0.0,1,14755.0,14790.0,2,14765.0,14760.0,14770.0,14755.0,6.0,442825.0,1019
2023-05-09 21:26:53,ss2311,ss2311,14770.0,0.0,0.0,0.0,1,14755.0,14785.0,5,14765.0,14760.0,14770.0,14755.0,6.0,442825.0,1019
2023-05-09 21:26:53,ss2311,ss2311,14770.0,0.0,0.0,0.0,1,14755.0,14785.0,5,14765.0,14760.0,14770.0,14755.0,6.0,442825.0,1019
2023-05-09 21:26:54,ss2311,ss2311,14770.0,0.0,0.0,0.0,1,14755.0,14790.0,1,14765.0,14760.0,14770.0,14755.0,6.0,442825.0,1019
2023-05-09 21:26:55,ss2311,ss2311,14770.0,0.0,0.0,0.0,1,14755.0,14790.0,2,14765.0,14760.0,14770.0,14755.0,6.0,442825.0,1019
2023-05-09 21:27:00,ss2311,ss2311,14770.0,0.0,0.0,0.0,1,14755.0,14785.0,1,14765.0,14760.0,14770.0,14755.0,6.0,442825.0,1019
2023-05-09 21:27:01,ss2311,ss2311,14770.0,0.0,0.0,0.0,1,14755.0,14785.0,1,14765.0,14760.0,14770.0,14755.0,6.0,442825.0,1019
2023-05-09 21:27:34,ss2311,ss2311,14770.0,0.0,0.0,0.0,1,14755.0,14785.0,2,14765.0,14760.0,14770.0,14755.0,6.0,442825.0,1019
2023-05-09 21:27:35,ss2311,ss2311,14770.0,0.0,0.0,0.0,1,14755.0,14785.0,1,14765.0,14760.0,14770.0,14755.0,6.0,442825.0,1019
2023-05-09 21:27:39,ss2311,ss2311,14770.0,0.0,0.0,0.0,1,14740.0,14785.0,2,14765.0,14760.0,14770.0,14755.0,6.0,442825.0,1019
2023-05-09 21:27:40,ss2311,ss2311,14770.0,0.0,0.0,0.0,1,14745.0,14785.0,3,14765.0,14760.0,14770.0,14755.0,6.0,442825.0,1019
2023-05-09 21:27:40,ss2311,ss2311,14770.0,0.0,0.0,0.0,1,14750.0,14785.0,3,14765.0,14760.0,14770.0,14755.0,6.0,442825.0,1019
2023-05-09 21:27:42,ss2311,ss2311,14770.0,0.0,0.0,0.0,1,14750.0,14785.0,3,14765.0,14760.0,14770.0,14755.0,6.0,442825.0,1019
2023-05-09 21:27:48,ss2311,ss2311,14770.0,0.0,0.0,0.0,1,14740.0,14785.0,3,14765.0,14760.0,14770.0,14755.0,6.0,442825.0,1019
2023-05-09 21:27:49,ss2311,ss2311,14770.0,0.0,0.0,0.0,1,14745.0,14780.0,3,14765.0,14760.0,14770.0,14755.0,6.0,442825.0,1019
2023-05-09 21:27:49,ss2311,ss2311,14770.0,0.0,0.0,0.0,1,14745.0,14780.0,3,14765.0,14760.0,14770.0,14755.0,6.0,442825.0,1019
2023-05-09 21:27:50,ss2311,ss2311,14770.0,0.0,0.0,0.0,1,14745.0,14780.0,3,14765.0,14760.0,14770.0,14755.0,6.0,442825.0,1019
2023-05-09 21:27:50,ss2311,ss2311,14770.0,0.0,0.0,0.0,1,14745.0,14780.0,1,14765.0,14760.0,14770.0,14755.0,6.0,442825.0,1019
2023-05-09 21:27:51,ss2311,ss2311,14770.0,0.0,0.0,0.0,1,14750.0,14780.0,1,14765.0,14760.0,14770.0,14755.0,6.0,442825.0,1019
2023-05-09 21:27:51,ss2311,ss2311,14770.0,0.0,0.0,0.0,1,14740.0,14780.0,2,14765.0,14760.0,14770.0,14755.0,6.0,442825.0,1019
2023-05-09 21:27:52,ss2311,ss2311,14770.0,0.0,0.0,0.0,1,14745.0,14780.0,2,14765.0,14760.0,14770.0,14755.0,6.0,442825.0,1019
2023-05-09 21:27:52,ss2311,ss2311,14770.0,0.0,0.0,0.0,1,14750.0,14780.0,1,14765.0,14760.0,14770.0,14755.0,6.0,442825.0,1019
2023-05-09 21:27:58,ss2311,ss2311,14770.0,0.0,0.0,0.0,1,14740.0,14780.0,2,14765.0,14760.0,14770.0,14755.0,6.0,442825.0,1019
2023-05-09 21:27:59,ss2311,ss2311,14770.0,0.0,0.0,0.0,1,14745.0,14780.0,2,14765.0,14760.0,14770.0,14755.0,6.0,442825.0,1019
2023-05-09 21:28:00,ss2311,ss2311,14770.0,0.0,0.0,0.0,1,14750.0,14780.0,1,14765.0,14760.0,14770.0,14755.0,6.0,442825.0,1019
2023-05-09 21:28:01,ss2311,ss2311,14770.0,0.0,0.0,0.0,1,14740.0,14780.0,1,14765.0,14760.0,14770.0,14755.0,6.0,442825.0,1019
2023-05-09 21:28:01,ss2311,ss2311,14770.0,0.0,0.0,0.0,1,14745.0,14780.0,2,14765.0,14760.0,14770.0,14755.0,6.0,442825.0,1019
2023-05-09 21:28:05,ss2311,ss2311,14770.0,0.0,0.0,0.0,2,14745.0,14780.0,2,14765.0,14760.0,14770.0,14755.0,6.0,442825.0,1019
2023-05-09 21:28:20,ss2311,ss2311,14770.0,0.0,0.0,0.0,1,14745.0,14775.0,2,14765.0,14760.0,14770.0,14755.0,6.0,442825.0,1019
2023-05-09 21:28:20,ss2311,ss2311,14770.0,0.0,0.0,0.0,1,14730.0,14775.0,3,14765.0,14760.0,14770.0,14755.0,6.0,442825.0,1019
2023-05-09 21:28:21,ss2311,ss2311,14770.0,0.0,0.0,0.0,1,14740.0,14775.0,3,14765.0,14760.0,14770.0,14755.0,6.0,442825.0,1019
2023-05-09 21:28:22,ss2311,ss2311,14770.0,0.0,0.0,0.0,1,14740.0,14775.0,3,14765.0,14760.0,14770.0,14755.0,6.0,442825.0,1019
2023-05-09 21:28:24,ss2311,ss2311,14770.0,0.0,0.0,0.0,2,14745.0,14775.0,3,14765.0,14760.0,14770.0,14755.0,6.0,442825.0,1019
2023-05-09 21:28:26,ss2311,ss2311,14770.0,0.0,0.0,0.0,2,14745.0,14775.0,3,14765.0,14760.0,14770.0,14755.0,6.0,442825.0,1019
2023-05-09 21:28:33,ss2311,ss2311,14770.0,0.0,0.0,0.0,1,14740.0,14775.0,3,14765.0,14760.0,14770.0,14755.0,6.0,442825.0,1019
2023-05-09 21:29:06,ss2311,ss2311,14770.0,0.0,0.0,0.0,1,14740.0,14770.0,1,14765.0,14760.0,14770.0,14755.0,6.0,442825.0,1019
2023-05-09 21:29:06,ss2311,ss2311,14770.0,0.0,0.0,0.0,1,14740.0,14770.0,1,14765.0,14760.0,14770.0,14755.0,6.0,442825.0,1019
2023-05-09 21:29:17,ss2311,ss2311,14770.0,0.0,0.0,0.0,2,14740.0,14770.0,1,14765.0,14760.0,14770.0,14755.0,6.0,442825.0,1019
2023-05-09 21:29:35,ss2311,ss2311,14770.0,0.0,0.0,0.0,1,14740.0,14770.0,2,14765.0,14760.0,14770.0,14755.0,6.0,442825.0,1019
2023-05-09 21:29:35,ss2311,ss2311,14770.0,0.0,0.0,0.0,1,14730.0,14770.0,3,14765.0,14760.0,14770.0,14755.0,6.0,442825.0,1019
2023-05-09 21:29:36,ss2311,ss2311,14770.0,0.0,0.0,0.0,2,14735.0,14770.0,3,14765.0,14760.0,14770.0,14755.0,6.0,442825.0,1019
2023-05-09 21:29:47,ss2311,ss2311,14770.0,0.0,0.0,0.0,3,14735.0,14770.0,3,14765.0,14760.0,14770.0,14755.0,6.0,442825.0,1019
2023-05-09 21:29:59,ss2311,ss2311,14770.0,0.0,0.0,0.0,3,14735.0,14770.0,2,14765.0,14760.0,14770.0,14755.0,6.0,442825.0,1019
2023-05-09 21:30:00,ss2311,ss2311,14770.0,0.0,0.0,0.0,1,14740.0,14770.0,2,14765.0,14760.0,14770.0,14755.0,6.0,442825.0,1019
2023-05-09 21:30:00,ss2311,ss2311,14770.0,0.0,0.0,0.0,1,14740.0,14770.0,1,14765.0,14760.0,14770.0,14755.0,6.0,442825.0,1019
2023-05-09 21:30:01,ss2311,ss2311,14770.0,0.0,0.0,0.0,1,14730.0,14770.0,2,14765.0,14760.0,14770.0,14755.0,6.0,442825.0,1019
2023-05-09 21:30:02,ss2311,ss2311,14770.0,0.0,0.0,0.0,2,14735.0,14770.0,3,14765.0,14760.0,14770.0,14755.0,6.0,442825.0,1019
2023-05-09 21:30:04,ss2311,ss2311,14770.0,0.0,0.0,0.0,3,14735.0,14770.0,3,14765.0,14760.0,14770.0,14755.0,6.0,442825.0,1019
2023-05-09 21:30:06,ss2311,ss2311,14770.0,0.0,0.0,0.0,3,14735.0,14770.0,2,14765.0,14760.0,14770.0,14755.0,6.0,442825.0,1019
2023-05-09 21:30:06,ss2311,ss2311,14770.0,0.0,0.0,0.0,1,14740.0,14770.0,2,14765.0,14760.0,14770.0,14755.0,6.0,442825.0,1019
2023-05-09 21:30:07,ss2311,ss2311,14770.0,0.0,0.0,0.0,1,14730.0,14770.0,2,14765.0,14760.0,14770.0,14755.0,6.0,442825.0,1019
2023-05-09 21:30:07,ss2311,ss2311,14770.0,0.0,0.0,0.0,2,14735.0,14770.0,3,14765.0,14760.0,14770.0,14755.0,6.0,442825.0,1019
2023-05-09 21:30:08,ss2311,ss2311,14770.0,0.0,0.0,0.0,1,14740.0,14770.0,2,14765.0,14760.0,14770.0,14755.0,6.0,442825.0,1019
2023-05-09 21:30:09,ss2311,ss2311,14770.0,0.0,0.0,0.0,1,14740.0,14770.0,2,14765.0,14760.0,14770.0,14755.0,6.0,442825.0,1019
2023-05-09 21:30:10,ss2311,ss2311,14770.0,0.0,0.0,0.0,1,14730.0,14770.0,3,14765.0,14760.0,14770.0,14755.0,6.0,442825.0,1019
2023-05-09 21:30:11,ss2311,ss2311,14770.0,0.0,0.0,0.0,2,14735.0,14770.0,3,14765.0,14760.0,14770.0,14755.0,6.0,442825.0,1019
2023-05-09 21:30:24,ss2311,ss2311,14770.0,0.0,0.0,0.0,1,14735.0,14770.0,3,14765.0,14760.0,14770.0,14755.0,6.0,442825.0,1019
2023-05-09 21:30:24,ss2311,ss2311,14770.0,0.0,0.0,0.0,1,14735.0,14770.0,3,14765.0,14760.0,14770.0,14755.0,6.0,442825.0,1019
2023-05-09 21:30:25,ss2311,ss2311,14770.0,0.0,0.0,0.0,1,14735.0,14765.0,1,14765.0,14760.0,14770.0,14755.0,6.0,442825.0,1019
2023-05-09 21:30:26,ss2311,ss2311,14770.0,0.0,0.0,0.0,2,14735.0,14765.0,1,14765.0,14760.0,14770.0,14755.0,6.0,442825.0,1019
2023-05-09 21:30:30,ss2311,ss2311,14770.0,0.0,0.0,0.0,2,14735.0,14765.0,1,14765.0,14760.0,14770.0,14755.0,6.0,442825.0,1019
2023-05-09 21:30:31,ss2311,ss2311,14770.0,0.0,0.0,0.0,2,14735.0,14765.0,1,14765.0,14760.0,14770.0,14755.0,6.0,442825.0,1019
2023-05-09 21:30:32,ss2311,ss2311,14770.0,0.0,0.0,0.0,2,14735.0,14770.0,2,14765.0,14760.0,14770.0,14755.0,6.0,442825.0,1019
2023-05-09 21:30:32,ss2311,ss2311,14770.0,0.0,0.0,0.0,2,14735.0,14770.0,3,14765.0,14760.0,14770.0,14755.0,6.0,442825.0,1019
2023-05-09 21:30:34,ss2311,ss2311,14770.0,0.0,0.0,0.0,1,14740.0,14770.0,3,14765.0,14760.0,14770.0,14755.0,6.0,442825.0,1019
2023-05-09 21:30:35,ss2311,ss2311,14770.0,0.0,0.0,0.0,1,14740.0,14770.0,3,14765.0,14760.0,14770.0,14755.0,6.0,442825.0,1019
2023-05-09 21:30:47,ss2311,ss2311,14770.0,0.0,0.0,0.0,2,14740.0,14770.0,3,14765.0,14760.0,14770.0,14755.0,6.0,442825.0,1019
2023-05-09 21:31:05,ss2311,ss2311,14770.0,0.0,0.0,0.0,1,14740.0,14770.0,3,14765.0,14760.0,14770.0,14755.0,6.0,442825.0,1019
2023-05-09 21:31:08,ss2311,ss2311,14770.0,0.0,0.0,0.0,2,14740.0,14770.0,2,14765.0,14760.0,14770.0,14755.0,6.0,442825.0,1019
2023-05-09 21:31:17,ss2311,ss2311,14770.0,0.0,0.0,0.0,1,14740.0,14770.0,3,14765.0,14760.0,14770.0,14755.0,6.0,442825.0,1019
2023-05-09 21:31:19,ss2311,ss2311,14770.0,0.0,0.0,0.0,1,14740.0,14770.0,2,14765.0,14760.0,14770.0,14755.0,6.0,442825.0,1019
2023-05-09 21:31:19,ss2311,ss2311,14770.0,0.0,0.0,0.0,2,14740.0,14770.0,2,14765.0,14760.0,14770.0,14755.0,6.0,442825.0,1019
2023-05-09 21:31:20,ss2311,ss2311,14770.0,0.0,0.0,0.0,1,14740.0,14770.0,2,14765.0,14760.0,14770.0,14755.0,6.0,442825.0,1019
2023-05-09 21:31:20,ss2311,ss2311,14770.0,0.0,0.0,0.0,1,14740.0,14770.0,3,14765.0,14760.0,14770.0,14755.0,6.0,442825.0,1019
2023-05-09 21:31:25,ss2311,ss2311,14770.0,0.0,0.0,0.0,2,14720.0,14770.0,3,14765.0,14760.0,14770.0,14755.0,6.0,442825.0,1019
2023-05-09 21:31:25,ss2311,ss2311,14770.0,0.0,0.0,0.0,1,14735.0,14765.0,1,14765.0,14760.0,14770.0,14755.0,6.0,442825.0,1019
2023-05-09 21:31:27,ss2311,ss2311,14770.0,0.0,0.0,0.0,2,14735.0,14765.0,1,14765.0,14760.0,14770.0,14755.0,6.0,442825.0,1019
2023-05-09 21:31:29,ss2311,ss2311,14770.0,0.0,0.0,0.0,2,14735.0,14765.0,1,14765.0,14760.0,14770.0,14755.0,6.0,442825.0,1019
2023-05-09 21:31:33,ss2311,ss2311,14770.0,0.0,0.0,0.0,1,14735.0,14765.0,2,14765.0,14760.0,14770.0,14755.0,6.0,442825.0,1019
2023-05-09 21:31:33,ss2311,ss2311,14770.0,0.0,0.0,0.0,1,14720.0,14765.0,2,14765.0,14760.0,14770.0,14755.0,6.0,442825.0,1019
2023-05-09 21:31:34,ss2311,ss2311,14770.0,0.0,0.0,0.0,1,14730.0,14765.0,2,14765.0,14760.0,14770.0,14755.0,6.0,442825.0,1019
2023-05-09 21:31:35,ss2311,ss2311,14770.0,0.0,0.0,0.0,1,14730.0,14765.0,2,14765.0,14760.0,14770.0,14755.0,6.0,442825.0,1019
2023-05-09 21:31:40,ss2311,ss2311,14770.0,0.0,0.0,0.0,1,14730.0,14765.0,1,14765.0,14760.0,14770.0,14755.0,6.0,442825.0,1019
2023-05-09 21:31:41,ss2311,ss2311,14770.0,0.0,0.0,0.0,1,14735.0,14765.0,1,14765.0,14760.0,14770.0,14755.0,6.0,442825.0,1019
2023-05-09 21:31:42,ss2311,ss2311,14770.0,0.0,0.0,0.0,1,14720.0,14765.0,1,14765.0,14760.0,14770.0,14755.0,6.0,442825.0,1019
2023-05-09 21:31:42,ss2311,ss2311,14770.0,0.0,0.0,0.0,1,14730.0,14765.0,2,14765.0,14760.0,14770.0,14755.0,6.0,442825.0,1019
2023-05-09 21:31:45,ss2311,ss2311,14770.0,0.0,0.0,0.0,1,14730.0,14765.0,2,14765.0,14760.0,14770.0,14755.0,6.0,442825.0,1019
2023-05-09 21:31:45,ss2311,ss2311,14770.0,0.0,0.0,0.0,1,14730.0,14765.0,1,14765.0,14760.0,14770.0,14755.0,6.0,442825.0,1019
2023-05-09 21:31:46,ss2311,ss2311,14770.0,0.0,0.0,0.0,1,14735.0,14770.0,1,14765.0,14760.0,14770.0,14755.0,6.0,442825.0,1019
2023-05-09 21:31:46,ss2311,ss2311,14770.0,0.0,0.0,0.0,1,14735.0,14770.0,2,14765.0,14760.0,14770.0,14755.0,6.0,442825.0,1019
2023-05-09 21:31:47,ss2311,ss2311,14770.0,0.0,0.0,0.0,1,14735.0,14770.0,3,14765.0,14760.0,14770.0,14755.0,6.0,442825.0,1019
2023-05-09 21:31:50,ss2311,ss2311,14770.0,0.0,0.0,0.0,1,14735.0,14765.0,1,14765.0,14760.0,14770.0,14755.0,6.0,442825.0,1019
2023-05-09 21:31:51,ss2311,ss2311,14770.0,0.0,0.0,0.0,1,14720.0,14765.0,2,14765.0,14760.0,14770.0,14755.0,6.0,442825.0,1019
2023-05-09 21:31:51,ss2311,ss2311,14770.0,0.0,0.0,0.0,1,14730.0,14765.0,2,14765.0,14760.0,14770.0,14755.0,6.0,442825.0,1019
2023-05-09 21:31:58,ss2311,ss2311,14770.0,0.0,0.0,0.0,1,14730.0,14765.0,2,14765.0,14760.0,14770.0,14755.0,6.0,442825.0,1019
2023-05-09 21:31:59,ss2311,ss2311,14770.0,0.0,0.0,0.0,1,14735.0,14765.0,1,14765.0,14760.0,14770.0,14755.0,6.0,442825.0,1019
2023-05-09 21:32:00,ss2311,ss2311,14770.0,0.0,0.0,0.0,1,14720.0,14765.0,1,14765.0,14760.0,14770.0,14755.0,6.0,442825.0,1019
2023-05-09 21:32:00,ss2311,ss2311,14770.0,0.0,0.0,0.0,1,14730.0,14765.0,2,14765.0,14760.0,14770.0,14755.0,6.0,442825.0,1019
2023-05-09 21:32:01,ss2311,ss2311,14770.0,0.0,0.0,0.0,1,14730.0,14765.0,2,14765.0,14760.0,14770.0,14755.0,6.0,442825.0,1019
2023-05-09 21:32:02,ss2311,ss2311,14770.0,0.0,0.0,0.0,1,14730.0,14765.0,2,14765.0,14760.0,14770.0,14755.0,6.0,442825.0,1019
2023-05-09 21:32:02,ss2311,ss2311,14770.0,0.0,0.0,0.0,1,14740.0,14765.0,2,14765.0,14760.0,14770.0,14755.0,6.0,442825.0,1019
2023-05-09 21:32:09,ss2311,ss2311,14770.0,0.0,0.0,0.0,1,14740.0,14770.0,1,14765.0,14760.0,14770.0,14755.0,6.0,442825.0,1019
2023-05-09 21:32:10,ss2311,ss2311,14770.0,0.0,0.0,0.0,1,14740.0,14770.0,3,14765.0,14760.0,14770.0,14755.0,6.0,442825.0,1019
