time,symbol_id,symbol_name,last,trade_volume,trade_amount,open_interest_change,bv1,bp1,ap1,av1,yesterday_close,today_open,today_high,today_low,volume,amount,open_interest
2023-05-09 20:59:00,fu2403,fu2403,2748.0,0.0,0.0,0.0,4,2737.0,2763.0,1,2748.0,2749.0,0.0,0.0,0.0,0.0,9189
2023-05-09 21:00:01,fu2403,fu2403,2748.0,0.0,0.0,0.0,4,2737.0,2751.0,1,2748.0,2749.0,0.0,0.0,0.0,0.0,9189
2023-05-09 21:00:01,fu2403,fu2403,2748.0,0.0,0.0,0.0,10,2738.0,2750.0,5,2748.0,2749.0,0.0,0.0,0.0,0.0,9189
2023-05-09 21:00:02,fu2403,fu2403,2748.0,0.0,0.0,0.0,10,2738.0,2749.0,1,2748.0,2749.0,0.0,0.0,0.0,0.0,9189
2023-05-09 21:00:03,fu2403,fu2403,2749.0,1.0,27490.0,-1.0,10,2738.0,2751.0,9,2748.0,2749.0,2749.0,2749.0,1.0,27490.0,9188
2023-05-09 21:00:03,fu2403,fu2403,2749.0,0.0,0.0,0.0,10,2738.0,2752.0,9,2748.0,2749.0,2749.0,2749.0,1.0,27490.0,9188
2023-05-09 21:00:04,fu2403,fu2403,2749.0,0.0,0.0,0.0,10,2738.0,2754.0,9,2748.0,2749.0,2749.0,2749.0,1.0,27490.0,9188
2023-05-09 21:00:04,fu2403,fu2403,2749.0,0.0,0.0,0.0,10,2738.0,2754.0,2,2748.0,2749.0,2749.0,2749.0,1.0,27490.0,9188
2023-05-09 21:00:05,fu2403,fu2403,2749.0,0.0,0.0,0.0,1,2739.0,2756.0,9,2748.0,2749.0,2749.0,2749.0,1.0,27490.0,9188
2023-05-09 21:00:05,fu2403,fu2403,2749.0,0.0,0.0,0.0,10,2740.0,2755.0,5,2748.0,2749.0,2749.0,2749.0,1.0,27490.0,9188
2023-05-09 21:00:06,fu2403,fu2403,2749.0,0.0,0.0,0.0,10,2740.0,2757.0,9,2748.0,2749.0,2749.0,2749.0,1.0,27490.0,9188
2023-05-09 21:00:06,fu2403,fu2403,2749.0,0.0,0.0,0.0,1,2741.0,2756.0,5,2748.0,2749.0,2749.0,2749.0,1.0,27490.0,9188
2023-05-09 21:00:07,fu2403,fu2403,2749.0,0.0,0.0,0.0,10,2742.0,2756.0,14,2748.0,2749.0,2749.0,2749.0,1.0,27490.0,9188
2023-05-09 21:00:07,fu2403,fu2403,2749.0,0.0,0.0,0.0,10,2742.0,2758.0,9,2748.0,2749.0,2749.0,2749.0,1.0,27490.0,9188
2023-05-09 21:00:08,fu2403,fu2403,2749.0,0.0,0.0,0.0,1,2745.0,2757.0,5,2748.0,2749.0,2749.0,2749.0,1.0,27490.0,9188
2023-05-09 21:00:08,fu2403,fu2403,2749.0,0.0,0.0,0.0,10,2746.0,2756.0,2,2748.0,2749.0,2749.0,2749.0,1.0,27490.0,9188
2023-05-09 21:00:09,fu2403,fu2403,2749.0,0.0,0.0,0.0,1,2745.0,2746.0,1,2748.0,2749.0,2749.0,2749.0,1.0,27490.0,9188
2023-05-09 21:00:09,fu2403,fu2403,2747.0,1.0,27470.0,0.0,10,2746.0,2755.0,3,2748.0,2749.0,2749.0,2747.0,2.0,54960.0,9188
2023-05-09 21:00:10,fu2403,fu2403,2747.0,0.0,0.0,0.0,10,2746.0,2753.0,1,2748.0,2749.0,2749.0,2747.0,2.0,54960.0,9188
2023-05-09 21:00:10,fu2403,fu2403,2747.0,0.0,0.0,0.0,6,2746.0,2752.0,1,2748.0,2749.0,2749.0,2747.0,2.0,54960.0,9188
2023-05-09 21:00:11,fu2403,fu2403,2747.0,0.0,0.0,0.0,6,2746.0,2752.0,13,2748.0,2749.0,2749.0,2747.0,2.0,54960.0,9188
2023-05-09 21:00:11,fu2403,fu2403,2747.0,0.0,0.0,0.0,6,2746.0,2752.0,1,2748.0,2749.0,2749.0,2747.0,2.0,54960.0,9188
2023-05-09 21:00:12,fu2403,fu2403,2747.0,0.0,0.0,0.0,1,2746.0,2752.0,3,2748.0,2749.0,2749.0,2747.0,2.0,54960.0,9188
2023-05-09 21:00:12,fu2403,fu2403,2747.0,0.0,0.0,0.0,6,2746.0,2751.0,2,2748.0,2749.0,2749.0,2747.0,2.0,54960.0,9188
2023-05-09 21:00:13,fu2403,fu2403,2747.0,0.0,0.0,0.0,2,2745.0,2750.0,2,2748.0,2749.0,2749.0,2747.0,2.0,54960.0,9188
2023-05-09 21:00:13,fu2403,fu2403,2747.0,0.0,0.0,0.0,7,2745.0,2750.0,3,2748.0,2749.0,2749.0,2747.0,2.0,54960.0,9188
2023-05-09 21:00:14,fu2403,fu2403,2747.0,0.0,0.0,0.0,7,2745.0,2756.0,1,2748.0,2749.0,2749.0,2747.0,2.0,54960.0,9188
2023-05-09 21:00:15,fu2403,fu2403,2747.0,0.0,0.0,0.0,4,2746.0,2752.0,1,2748.0,2749.0,2749.0,2747.0,2.0,54960.0,9188
2023-05-09 21:00:15,fu2403,fu2403,2747.0,0.0,0.0,0.0,6,2747.0,2752.0,1,2748.0,2749.0,2749.0,2747.0,2.0,54960.0,9188
2023-05-09 21:00:16,fu2403,fu2403,2747.0,0.0,0.0,0.0,6,2747.0,2755.0,9,2748.0,2749.0,2749.0,2747.0,2.0,54960.0,9188
2023-05-09 21:00:16,fu2403,fu2403,2747.0,0.0,0.0,0.0,6,2747.0,2753.0,2,2748.0,2749.0,2749.0,2747.0,2.0,54960.0,9188
2023-05-09 21:00:17,fu2403,fu2403,2747.0,0.0,0.0,0.0,6,2747.0,2753.0,2,2748.0,2749.0,2749.0,2747.0,2.0,54960.0,9188
2023-05-09 21:00:17,fu2403,fu2403,2747.0,0.0,0.0,0.0,6,2747.0,2755.0,9,2748.0,2749.0,2749.0,2747.0,2.0,54960.0,9188
2023-05-09 21:00:18,fu2403,fu2403,2747.0,0.0,0.0,0.0,10,2747.0,2753.0,1,2748.0,2749.0,2749.0,2747.0,2.0,54960.0,9188
2023-05-09 21:00:18,fu2403,fu2403,2747.0,0.0,0.0,0.0,10,2747.0,2755.0,9,2748.0,2749.0,2749.0,2747.0,2.0,54960.0,9188
2023-05-09 21:00:19,fu2403,fu2403,2747.0,0.0,0.0,0.0,6,2747.0,2754.0,4,2748.0,2749.0,2749.0,2747.0,2.0,54960.0,9188
2023-05-09 21:00:19,fu2403,fu2403,2747.0,0.0,0.0,0.0,10,2747.0,2753.0,4,2748.0,2749.0,2749.0,2747.0,2.0,54960.0,9188
2023-05-09 21:00:20,fu2403,fu2403,2747.0,0.0,0.0,0.0,6,2747.0,2753.0,13,2748.0,2749.0,2749.0,2747.0,2.0,54960.0,9188
2023-05-09 21:00:20,fu2403,fu2403,2747.0,2.0,54940.0,2.0,1,2745.0,2747.0,2,2748.0,2749.0,2749.0,2747.0,4.0,109900.0,9190
2023-05-09 21:00:21,fu2403,fu2403,2747.0,2.0,54940.0,0.0,1,2746.0,2752.0,2,2748.0,2749.0,2749.0,2747.0,6.0,164840.0,9190
2023-05-09 21:00:21,fu2403,fu2403,2747.0,0.0,0.0,0.0,1,2746.0,2751.0,2,2748.0,2749.0,2749.0,2747.0,6.0,164840.0,9190
2023-05-09 21:00:22,fu2403,fu2403,2747.0,0.0,0.0,0.0,1,2746.0,2750.0,1,2748.0,2749.0,2749.0,2747.0,6.0,164840.0,9190
2023-05-09 21:00:22,fu2403,fu2403,2747.0,0.0,0.0,0.0,1,2746.0,2752.0,8,2748.0,2749.0,2749.0,2747.0,6.0,164840.0,9190
2023-05-09 21:00:23,fu2403,fu2403,2747.0,0.0,0.0,0.0,1,2746.0,2751.0,1,2748.0,2749.0,2749.0,2747.0,6.0,164840.0,9190
2023-05-09 21:00:23,fu2403,fu2403,2747.0,0.0,0.0,0.0,4,2746.0,2752.0,8,2748.0,2749.0,2749.0,2747.0,6.0,164840.0,9190
2023-05-09 21:00:24,fu2403,fu2403,2747.0,0.0,0.0,0.0,4,2746.0,2751.0,1,2748.0,2749.0,2749.0,2747.0,6.0,164840.0,9190
2023-05-09 21:00:25,fu2403,fu2403,2747.0,0.0,0.0,0.0,4,2746.0,2751.0,2,2748.0,2749.0,2749.0,2747.0,6.0,164840.0,9190
2023-05-09 21:00:25,fu2403,fu2403,2747.0,0.0,0.0,0.0,4,2746.0,2751.0,1,2748.0,2749.0,2749.0,2747.0,6.0,164840.0,9190
2023-05-09 21:00:26,fu2403,fu2403,2747.0,0.0,0.0,0.0,4,2746.0,2767.0,1,2748.0,2749.0,2749.0,2747.0,6.0,164840.0,9190
2023-05-09 21:00:27,fu2403,fu2403,2747.0,0.0,0.0,0.0,8,2746.0,2752.0,2,2748.0,2749.0,2749.0,2747.0,6.0,164840.0,9190
2023-05-09 21:00:27,fu2403,fu2403,2747.0,0.0,0.0,0.0,8,2746.0,2752.0,2,2748.0,2749.0,2749.0,2747.0,6.0,164840.0,9190
2023-05-09 21:00:28,fu2403,fu2403,2747.0,0.0,0.0,0.0,8,2746.0,2757.0,3,2748.0,2749.0,2749.0,2747.0,6.0,164840.0,9190
2023-05-09 21:00:28,fu2403,fu2403,2747.0,0.0,0.0,0.0,8,2746.0,2752.0,1,2748.0,2749.0,2749.0,2747.0,6.0,164840.0,9190
2023-05-09 21:00:29,fu2403,fu2403,2747.0,0.0,0.0,0.0,8,2746.0,2752.0,1,2748.0,2749.0,2749.0,2747.0,6.0,164840.0,9190
2023-05-09 21:00:29,fu2403,fu2403,2747.0,0.0,0.0,0.0,8,2746.0,2756.0,9,2748.0,2749.0,2749.0,2747.0,6.0,164840.0,9190
2023-05-09 21:00:30,fu2403,fu2403,2747.0,0.0,0.0,0.0,8,2746.0,2753.0,2,2748.0,2749.0,2749.0,2747.0,6.0,164840.0,9190
2023-05-09 21:00:30,fu2403,fu2403,2747.0,0.0,0.0,0.0,8,2746.0,2753.0,2,2748.0,2749.0,2749.0,2747.0,6.0,164840.0,9190
2023-05-09 21:00:31,fu2403,fu2403,2747.0,0.0,0.0,0.0,8,2746.0,2753.0,1,2748.0,2749.0,2749.0,2747.0,6.0,164840.0,9190
2023-05-09 21:00:32,fu2403,fu2403,2747.0,0.0,0.0,0.0,8,2746.0,2756.0,8,2748.0,2749.0,2749.0,2747.0,6.0,164840.0,9190
2023-05-09 21:00:33,fu2403,fu2403,2747.0,0.0,0.0,0.0,8,2746.0,2755.0,1,2748.0,2749.0,2749.0,2747.0,6.0,164840.0,9190
2023-05-09 21:00:33,fu2403,fu2403,2747.0,0.0,0.0,0.0,8,2746.0,2755.0,2,2748.0,2749.0,2749.0,2747.0,6.0,164840.0,9190
2023-05-09 21:00:34,fu2403,fu2403,2747.0,0.0,0.0,0.0,8,2746.0,2757.0,8,2748.0,2749.0,2749.0,2747.0,6.0,164840.0,9190
2023-05-09 21:00:34,fu2403,fu2403,2747.0,0.0,0.0,0.0,9,2746.0,2756.0,2,2748.0,2749.0,2749.0,2747.0,6.0,164840.0,9190
2023-05-09 21:00:35,fu2403,fu2403,2747.0,0.0,0.0,0.0,9,2746.0,2758.0,8,2748.0,2749.0,2749.0,2747.0,6.0,164840.0,9190
2023-05-09 21:00:35,fu2403,fu2403,2747.0,0.0,0.0,0.0,9,2746.0,2757.0,2,2748.0,2749.0,2749.0,2747.0,6.0,164840.0,9190
2023-05-09 21:00:36,fu2403,fu2403,2747.0,0.0,0.0,0.0,1,2747.0,2757.0,2,2748.0,2749.0,2749.0,2747.0,6.0,164840.0,9190
2023-05-09 21:00:36,fu2403,fu2403,2747.0,0.0,0.0,0.0,8,2748.0,2757.0,10,2748.0,2749.0,2749.0,2747.0,6.0,164840.0,9190
2023-05-09 21:00:37,fu2403,fu2403,2747.0,0.0,0.0,0.0,8,2748.0,2755.0,1,2748.0,2749.0,2749.0,2747.0,6.0,164840.0,9190
2023-05-09 21:00:37,fu2403,fu2403,2747.0,0.0,0.0,0.0,8,2748.0,2755.0,2,2748.0,2749.0,2749.0,2747.0,6.0,164840.0,9190
2023-05-09 21:00:38,fu2403,fu2403,2747.0,0.0,0.0,0.0,8,2748.0,2757.0,8,2748.0,2749.0,2749.0,2747.0,6.0,164840.0,9190
2023-05-09 21:00:39,fu2403,fu2403,2747.0,0.0,0.0,0.0,8,2748.0,2756.0,2,2748.0,2749.0,2749.0,2747.0,6.0,164840.0,9190
2023-05-09 21:00:39,fu2403,fu2403,2747.0,0.0,0.0,0.0,8,2748.0,2756.0,10,2748.0,2749.0,2749.0,2747.0,6.0,164840.0,9190
2023-05-09 21:00:40,fu2403,fu2403,2747.0,0.0,0.0,0.0,8,2748.0,2755.0,2,2748.0,2749.0,2749.0,2747.0,6.0,164840.0,9190
2023-05-09 21:00:41,fu2403,fu2403,2747.0,0.0,0.0,0.0,8,2748.0,2756.0,8,2748.0,2749.0,2749.0,2747.0,6.0,164840.0,9190
2023-05-09 21:00:41,fu2403,fu2403,2747.0,0.0,0.0,0.0,8,2748.0,2755.0,2,2748.0,2749.0,2749.0,2747.0,6.0,164840.0,9190
2023-05-09 21:00:43,fu2403,fu2403,2747.0,0.0,0.0,0.0,8,2748.0,2755.0,1,2748.0,2749.0,2749.0,2747.0,6.0,164840.0,9190
2023-05-09 21:00:44,fu2403,fu2403,2747.0,0.0,0.0,0.0,8,2748.0,2754.0,1,2748.0,2749.0,2749.0,2747.0,6.0,164840.0,9190
2023-05-09 21:00:44,fu2403,fu2403,2747.0,0.0,0.0,0.0,4,2748.0,2754.0,2,2748.0,2749.0,2749.0,2747.0,6.0,164840.0,9190
2023-05-09 21:00:47,fu2403,fu2403,2747.0,0.0,0.0,0.0,4,2748.0,2754.0,1,2748.0,2749.0,2749.0,2747.0,6.0,164840.0,9190
2023-05-09 21:00:48,fu2403,fu2403,2747.0,0.0,0.0,0.0,8,2748.0,2755.0,8,2748.0,2749.0,2749.0,2747.0,6.0,164840.0,9190
2023-05-09 21:00:48,fu2403,fu2403,2747.0,0.0,0.0,0.0,8,2748.0,2755.0,10,2748.0,2749.0,2749.0,2747.0,6.0,164840.0,9190
2023-05-09 21:00:49,fu2403,fu2403,2747.0,0.0,0.0,0.0,8,2748.0,2755.0,2,2748.0,2749.0,2749.0,2747.0,6.0,164840.0,9190
2023-05-09 21:00:49,fu2403,fu2403,2747.0,0.0,0.0,0.0,8,2748.0,2755.0,1,2748.0,2749.0,2749.0,2747.0,6.0,164840.0,9190
2023-05-09 21:00:50,fu2403,fu2403,2747.0,0.0,0.0,0.0,8,2748.0,2757.0,8,2748.0,2749.0,2749.0,2747.0,6.0,164840.0,9190
2023-05-09 21:00:50,fu2403,fu2403,2747.0,0.0,0.0,0.0,8,2748.0,2757.0,1,2748.0,2749.0,2749.0,2747.0,6.0,164840.0,9190
2023-05-09 21:00:51,fu2403,fu2403,2747.0,0.0,0.0,0.0,8,2748.0,2759.0,8,2748.0,2749.0,2749.0,2747.0,6.0,164840.0,9190
2023-05-09 21:00:51,fu2403,fu2403,2747.0,0.0,0.0,0.0,8,2748.0,2757.0,2,2748.0,2749.0,2749.0,2747.0,6.0,164840.0,9190
2023-05-09 21:00:52,fu2403,fu2403,2747.0,0.0,0.0,0.0,8,2748.0,2758.0,2,2748.0,2749.0,2749.0,2747.0,6.0,164840.0,9190
2023-05-09 21:00:52,fu2403,fu2403,2747.0,0.0,0.0,0.0,9,2748.0,2758.0,2,2748.0,2749.0,2749.0,2747.0,6.0,164840.0,9190
2023-05-09 21:00:53,fu2403,fu2403,2747.0,0.0,0.0,0.0,1,2749.0,2758.0,1,2748.0,2749.0,2749.0,2747.0,6.0,164840.0,9190
2023-05-09 21:00:53,fu2403,fu2403,2747.0,0.0,0.0,0.0,8,2750.0,2761.0,8,2748.0,2749.0,2749.0,2747.0,6.0,164840.0,9190
2023-05-09 21:00:54,fu2403,fu2403,2747.0,0.0,0.0,0.0,9,2750.0,2760.0,2,2748.0,2749.0,2749.0,2747.0,6.0,164840.0,9190
2023-05-09 21:00:55,fu2403,fu2403,2747.0,0.0,0.0,0.0,9,2750.0,2760.0,1,2748.0,2749.0,2749.0,2747.0,6.0,164840.0,9190
2023-05-09 21:00:56,fu2403,fu2403,2747.0,0.0,0.0,0.0,8,2750.0,2759.0,2,2748.0,2749.0,2749.0,2747.0,6.0,164840.0,9190
2023-05-09 21:00:57,fu2403,fu2403,2747.0,0.0,0.0,0.0,2,2751.0,2758.0,2,2748.0,2749.0,2749.0,2747.0,6.0,164840.0,9190
2023-05-09 21:00:57,fu2403,fu2403,2747.0,0.0,0.0,0.0,4,2752.0,2758.0,2,2748.0,2749.0,2749.0,2747.0,6.0,164840.0,9190
2023-05-09 21:00:59,fu2403,fu2403,2747.0,0.0,0.0,0.0,4,2752.0,2755.0,1,2748.0,2749.0,2749.0,2747.0,6.0,164840.0,9190
2023-05-09 21:00:59,fu2403,fu2403,2747.0,0.0,0.0,0.0,1,2752.0,2755.0,1,2748.0,2749.0,2749.0,2747.0,6.0,164840.0,9190
2023-05-09 21:01:00,fu2403,fu2403,2747.0,0.0,0.0,0.0,4,2752.0,2755.0,1,2748.0,2749.0,2749.0,2747.0,6.0,164840.0,9190
2023-05-09 21:01:00,fu2403,fu2403,2747.0,0.0,0.0,0.0,1,2753.0,2755.0,1,2748.0,2749.0,2749.0,2747.0,6.0,164840.0,9190
2023-05-09 21:01:01,fu2403,fu2403,2747.0,0.0,0.0,0.0,5,2750.0,2755.0,1,2748.0,2749.0,2749.0,2747.0,6.0,164840.0,9190
2023-05-09 21:01:01,fu2403,fu2403,2747.0,0.0,0.0,0.0,8,2750.0,2755.0,1,2748.0,2749.0,2749.0,2747.0,6.0,164840.0,9190
2023-05-09 21:01:02,fu2403,fu2403,2747.0,0.0,0.0,0.0,1,2751.0,2755.0,1,2748.0,2749.0,2749.0,2747.0,6.0,164840.0,9190
2023-05-09 21:01:02,fu2403,fu2403,2747.0,0.0,0.0,0.0,1,2751.0,2755.0,11,2748.0,2749.0,2749.0,2747.0,6.0,164840.0,9190
2023-05-09 21:01:03,fu2403,fu2403,2747.0,0.0,0.0,0.0,5,2748.0,2755.0,11,2748.0,2749.0,2749.0,2747.0,6.0,164840.0,9190
2023-05-09 21:01:04,fu2403,fu2403,2747.0,0.0,0.0,0.0,2,2745.0,2754.0,1,2748.0,2749.0,2749.0,2747.0,6.0,164840.0,9190
2023-05-09 21:01:04,fu2403,fu2403,2747.0,0.0,0.0,0.0,1,2747.0,2754.0,10,2748.0,2749.0,2749.0,2747.0,6.0,164840.0,9190
2023-05-09 21:01:05,fu2403,fu2403,2747.0,0.0,0.0,0.0,1,2751.0,2754.0,10,2748.0,2749.0,2749.0,2747.0,6.0,164840.0,9190
2023-05-09 21:01:05,fu2403,fu2403,2751.0,1.0,27510.0,1.0,1,2747.0,2753.0,2,2748.0,2749.0,2751.0,2747.0,7.0,192350.0,9191
2023-05-09 21:01:06,fu2403,fu2403,2751.0,0.0,0.0,0.0,1,2749.0,2753.0,10,2748.0,2749.0,2751.0,2747.0,7.0,192350.0,9191
2023-05-09 21:01:07,fu2403,fu2403,2751.0,0.0,0.0,0.0,1,2749.0,2753.0,10,2748.0,2749.0,2751.0,2747.0,7.0,192350.0,9191
2023-05-09 21:01:07,fu2403,fu2403,2751.0,0.0,0.0,0.0,1,2749.0,2753.0,9,2748.0,2749.0,2751.0,2747.0,7.0,192350.0,9191
2023-05-09 21:01:08,fu2403,fu2403,2751.0,0.0,0.0,0.0,1,2749.0,2754.0,9,2748.0,2749.0,2751.0,2747.0,7.0,192350.0,9191
2023-05-09 21:01:08,fu2403,fu2403,2751.0,0.0,0.0,0.0,1,2749.0,2753.0,1,2748.0,2749.0,2751.0,2747.0,7.0,192350.0,9191
2023-05-09 21:01:09,fu2403,fu2403,2751.0,0.0,0.0,0.0,6,2749.0,2753.0,2,2748.0,2749.0,2751.0,2747.0,7.0,192350.0,9191
2023-05-09 21:01:09,fu2403,fu2403,2751.0,0.0,0.0,0.0,9,2749.0,2753.0,2,2748.0,2749.0,2751.0,2747.0,7.0,192350.0,9191
2023-05-09 21:01:10,fu2403,fu2403,2751.0,0.0,0.0,0.0,5,2749.0,2753.0,2,2748.0,2749.0,2751.0,2747.0,7.0,192350.0,9191
2023-05-09 21:01:10,fu2403,fu2403,2751.0,0.0,0.0,0.0,5,2748.0,2753.0,2,2748.0,2749.0,2751.0,2747.0,7.0,192350.0,9191
2023-05-09 21:01:11,fu2403,fu2403,2751.0,0.0,0.0,0.0,2,2747.0,2753.0,2,2748.0,2749.0,2751.0,2747.0,7.0,192350.0,9191
2023-05-09 21:01:12,fu2403,fu2403,2751.0,0.0,0.0,0.0,7,2747.0,2753.0,12,2748.0,2749.0,2751.0,2747.0,7.0,192350.0,9191
2023-05-09 21:01:12,fu2403,fu2403,2751.0,0.0,0.0,0.0,2,2747.0,2753.0,12,2748.0,2749.0,2751.0,2747.0,7.0,192350.0,9191
2023-05-09 21:01:13,fu2403,fu2403,2751.0,0.0,0.0,0.0,1,2747.0,2753.0,11,2748.0,2749.0,2751.0,2747.0,7.0,192350.0,9191
2023-05-09 21:01:14,fu2403,fu2403,2751.0,0.0,0.0,0.0,1,2747.0,2752.0,2,2748.0,2749.0,2751.0,2747.0,7.0,192350.0,9191
2023-05-09 21:01:14,fu2403,fu2403,2751.0,0.0,0.0,0.0,1,2747.0,2751.0,10,2748.0,2749.0,2751.0,2747.0,7.0,192350.0,9191
2023-05-09 21:01:16,fu2403,fu2403,2751.0,0.0,0.0,0.0,1,2747.0,2751.0,10,2748.0,2749.0,2751.0,2747.0,7.0,192350.0,9191
2023-05-09 21:01:17,fu2403,fu2403,2751.0,0.0,0.0,0.0,1,2747.0,2751.0,8,2748.0,2749.0,2751.0,2747.0,7.0,192350.0,9191
2023-05-09 21:01:17,fu2403,fu2403,2751.0,0.0,0.0,0.0,1,2747.0,2752.0,8,2748.0,2749.0,2751.0,2747.0,7.0,192350.0,9191
2023-05-09 21:01:18,fu2403,fu2403,2751.0,0.0,0.0,0.0,1,2747.0,2752.0,11,2748.0,2749.0,2751.0,2747.0,7.0,192350.0,9191
2023-05-09 21:01:19,fu2403,fu2403,2751.0,0.0,0.0,0.0,1,2747.0,2751.0,2,2748.0,2749.0,2751.0,2747.0,7.0,192350.0,9191
2023-05-09 21:01:19,fu2403,fu2403,2751.0,0.0,0.0,0.0,1,2747.0,2751.0,10,2748.0,2749.0,2751.0,2747.0,7.0,192350.0,9191
2023-05-09 21:01:21,fu2403,fu2403,2751.0,0.0,0.0,0.0,1,2747.0,2751.0,10,2748.0,2749.0,2751.0,2747.0,7.0,192350.0,9191
2023-05-09 21:01:31,fu2403,fu2403,2751.0,0.0,0.0,0.0,1,2747.0,2750.0,2,2748.0,2749.0,2751.0,2747.0,7.0,192350.0,9191
2023-05-09 21:01:31,fu2403,fu2403,2751.0,0.0,0.0,0.0,1,2747.0,2750.0,10,2748.0,2749.0,2751.0,2747.0,7.0,192350.0,9191
2023-05-09 21:01:32,fu2403,fu2403,2751.0,0.0,0.0,0.0,1,2747.0,2750.0,11,2748.0,2749.0,2751.0,2747.0,7.0,192350.0,9191
2023-05-09 21:01:32,fu2403,fu2403,2751.0,0.0,0.0,0.0,1,2747.0,2750.0,1,2748.0,2749.0,2751.0,2747.0,7.0,192350.0,9191
2023-05-09 21:01:33,fu2403,fu2403,2751.0,0.0,0.0,0.0,1,2747.0,2750.0,8,2748.0,2749.0,2751.0,2747.0,7.0,192350.0,9191
2023-05-09 21:01:33,fu2403,fu2403,2751.0,0.0,0.0,0.0,1,2747.0,2751.0,8,2748.0,2749.0,2751.0,2747.0,7.0,192350.0,9191
2023-05-09 21:01:34,fu2403,fu2403,2751.0,0.0,0.0,0.0,1,2747.0,2751.0,10,2748.0,2749.0,2751.0,2747.0,7.0,192350.0,9191
2023-05-09 21:01:34,fu2403,fu2403,2751.0,0.0,0.0,0.0,1,2745.0,2751.0,10,2748.0,2749.0,2751.0,2747.0,7.0,192350.0,9191
2023-05-09 21:01:36,fu2403,fu2403,2751.0,0.0,0.0,0.0,2,2745.0,2751.0,10,2748.0,2749.0,2751.0,2747.0,7.0,192350.0,9191
2023-05-09 21:01:37,fu2403,fu2403,2751.0,0.0,0.0,0.0,7,2745.0,2751.0,10,2748.0,2749.0,2751.0,2747.0,7.0,192350.0,9191
2023-05-09 21:01:40,fu2403,fu2403,2751.0,0.0,0.0,0.0,1,2745.0,2751.0,10,2748.0,2749.0,2751.0,2747.0,7.0,192350.0,9191
2023-05-09 21:01:41,fu2403,fu2403,2751.0,0.0,0.0,0.0,1,2745.0,2751.0,10,2748.0,2749.0,2751.0,2747.0,7.0,192350.0,9191
2023-05-09 21:01:41,fu2403,fu2403,2751.0,0.0,0.0,0.0,1,2745.0,2750.0,1,2748.0,2749.0,2751.0,2747.0,7.0,192350.0,9191
2023-05-09 21:01:42,fu2403,fu2403,2751.0,0.0,0.0,0.0,1,2745.0,2750.0,8,2748.0,2749.0,2751.0,2747.0,7.0,192350.0,9191
2023-05-09 21:01:43,fu2403,fu2403,2751.0,0.0,0.0,0.0,1,2745.0,2753.0,1,2748.0,2749.0,2751.0,2747.0,7.0,192350.0,9191
2023-05-09 21:01:43,fu2403,fu2403,2751.0,0.0,0.0,0.0,1,2745.0,2751.0,2,2748.0,2749.0,2751.0,2747.0,7.0,192350.0,9191
2023-05-09 21:01:44,fu2403,fu2403,2751.0,0.0,0.0,0.0,1,2745.0,2750.0,9,2748.0,2749.0,2751.0,2747.0,7.0,192350.0,9191
2023-05-09 21:01:44,fu2403,fu2403,2751.0,0.0,0.0,0.0,1,2745.0,2750.0,10,2748.0,2749.0,2751.0,2747.0,7.0,192350.0,9191
2023-05-09 21:01:45,fu2403,fu2403,2751.0,0.0,0.0,0.0,1,2745.0,2749.0,1,2748.0,2749.0,2751.0,2747.0,7.0,192350.0,9191
2023-05-09 21:01:45,fu2403,fu2403,2751.0,0.0,0.0,0.0,1,2745.0,2749.0,10,2748.0,2749.0,2751.0,2747.0,7.0,192350.0,9191
2023-05-09 21:01:46,fu2403,fu2403,2751.0,0.0,0.0,0.0,1,2745.0,2749.0,10,2748.0,2749.0,2751.0,2747.0,7.0,192350.0,9191
2023-05-09 21:01:47,fu2403,fu2403,2751.0,0.0,0.0,0.0,1,2745.0,2749.0,10,2748.0,2749.0,2751.0,2747.0,7.0,192350.0,9191
2023-05-09 21:01:50,fu2403,fu2403,2751.0,0.0,0.0,0.0,1,2745.0,2749.0,10,2748.0,2749.0,2751.0,2747.0,7.0,192350.0,9191
2023-05-09 21:01:51,fu2403,fu2403,2751.0,0.0,0.0,0.0,1,2745.0,2753.0,2,2748.0,2749.0,2751.0,2747.0,7.0,192350.0,9191
2023-05-09 21:01:52,fu2403,fu2403,2751.0,0.0,0.0,0.0,1,2745.0,2750.0,2,2748.0,2749.0,2751.0,2747.0,7.0,192350.0,9191
2023-05-09 21:01:52,fu2403,fu2403,2751.0,0.0,0.0,0.0,1,2745.0,2750.0,10,2748.0,2749.0,2751.0,2747.0,7.0,192350.0,9191
2023-05-09 21:01:54,fu2403,fu2403,2751.0,0.0,0.0,0.0,1,2745.0,2749.0,1,2748.0,2749.0,2751.0,2747.0,7.0,192350.0,9191
2023-05-09 21:01:54,fu2403,fu2403,2751.0,0.0,0.0,0.0,1,2745.0,2749.0,11,2748.0,2749.0,2751.0,2747.0,7.0,192350.0,9191
2023-05-09 21:01:56,fu2403,fu2403,2751.0,0.0,0.0,0.0,1,2745.0,2749.0,11,2748.0,2749.0,2751.0,2747.0,7.0,192350.0,9191
2023-05-09 21:01:58,fu2403,fu2403,2751.0,0.0,0.0,0.0,1,2745.0,2749.0,10,2748.0,2749.0,2751.0,2747.0,7.0,192350.0,9191
2023-05-09 21:01:59,fu2403,fu2403,2751.0,0.0,0.0,0.0,1,2745.0,2749.0,8,2748.0,2749.0,2751.0,2747.0,7.0,192350.0,9191
2023-05-09 21:01:59,fu2403,fu2403,2751.0,0.0,0.0,0.0,1,2745.0,2750.0,8,2748.0,2749.0,2751.0,2747.0,7.0,192350.0,9191
2023-05-09 21:02:00,fu2403,fu2403,2751.0,0.0,0.0,0.0,1,2745.0,2750.0,10,2748.0,2749.0,2751.0,2747.0,7.0,192350.0,9191
2023-05-09 21:02:00,fu2403,fu2403,2751.0,0.0,0.0,0.0,3,2746.0,2751.0,5,2748.0,2749.0,2751.0,2747.0,7.0,192350.0,9191
2023-05-09 21:02:01,fu2403,fu2403,2751.0,0.0,0.0,0.0,1,2746.0,2750.0,1,2748.0,2749.0,2751.0,2747.0,7.0,192350.0,9191
2023-05-09 21:02:01,fu2403,fu2403,2751.0,0.0,0.0,0.0,1,2746.0,2750.0,3,2748.0,2749.0,2751.0,2747.0,7.0,192350.0,9191
2023-05-09 21:02:03,fu2403,fu2403,2751.0,0.0,0.0,0.0,1,2745.0,2750.0,3,2748.0,2749.0,2751.0,2747.0,7.0,192350.0,9191
2023-05-09 21:02:03,fu2403,fu2403,2751.0,0.0,0.0,0.0,2,2745.0,2749.0,2,2748.0,2749.0,2751.0,2747.0,7.0,192350.0,9191
2023-05-09 21:02:04,fu2403,fu2403,2751.0,0.0,0.0,0.0,2,2745.0,2750.0,6,2748.0,2749.0,2751.0,2747.0,7.0,192350.0,9191
2023-05-09 21:02:04,fu2403,fu2403,2751.0,0.0,0.0,0.0,8,2745.0,2750.0,2,2748.0,2749.0,2751.0,2747.0,7.0,192350.0,9191
2023-05-09 21:02:05,fu2403,fu2403,2751.0,0.0,0.0,0.0,2,2745.0,2750.0,2,2748.0,2749.0,2751.0,2747.0,7.0,192350.0,9191
2023-05-09 21:02:07,fu2403,fu2403,2751.0,0.0,0.0,0.0,2,2745.0,2749.0,1,2748.0,2749.0,2751.0,2747.0,7.0,192350.0,9191
2023-05-09 21:02:07,fu2403,fu2403,2751.0,0.0,0.0,0.0,2,2745.0,2750.0,2,2748.0,2749.0,2751.0,2747.0,7.0,192350.0,9191
2023-05-09 21:02:08,fu2403,fu2403,2751.0,0.0,0.0,0.0,8,2745.0,2750.0,2,2748.0,2749.0,2751.0,2747.0,7.0,192350.0,9191
2023-05-09 21:02:13,fu2403,fu2403,2751.0,0.0,0.0,0.0,8,2745.0,2753.0,5,2748.0,2749.0,2751.0,2747.0,7.0,192350.0,9191
2023-05-09 21:02:14,fu2403,fu2403,2751.0,0.0,0.0,0.0,8,2745.0,2751.0,2,2748.0,2749.0,2751.0,2747.0,7.0,192350.0,9191
2023-05-09 21:02:14,fu2403,fu2403,2751.0,0.0,0.0,0.0,8,2745.0,2751.0,2,2748.0,2749.0,2751.0,2747.0,7.0,192350.0,9191
2023-05-09 21:02:18,fu2403,fu2403,2751.0,0.0,0.0,0.0,8,2745.0,2750.0,2,2748.0,2749.0,2751.0,2747.0,7.0,192350.0,9191
2023-05-09 21:02:19,fu2403,fu2403,2751.0,0.0,0.0,0.0,8,2745.0,2750.0,2,2748.0,2749.0,2751.0,2747.0,7.0,192350.0,9191
2023-05-09 21:02:21,fu2403,fu2403,2751.0,0.0,0.0,0.0,8,2745.0,2753.0,5,2748.0,2749.0,2751.0,2747.0,7.0,192350.0,9191
2023-05-09 21:02:22,fu2403,fu2403,2751.0,0.0,0.0,0.0,8,2745.0,2751.0,2,2748.0,2749.0,2751.0,2747.0,7.0,192350.0,9191
2023-05-09 21:02:22,fu2403,fu2403,2751.0,0.0,0.0,0.0,8,2745.0,2751.0,2,2748.0,2749.0,2751.0,2747.0,7.0,192350.0,9191
2023-05-09 21:02:26,fu2403,fu2403,2751.0,0.0,0.0,0.0,9,2745.0,2753.0,1,2748.0,2749.0,2751.0,2747.0,7.0,192350.0,9191
2023-05-09 21:02:27,fu2403,fu2403,2751.0,0.0,0.0,0.0,10,2745.0,2752.0,3,2748.0,2749.0,2751.0,2747.0,7.0,192350.0,9191
2023-05-09 21:02:30,fu2403,fu2403,2751.0,0.0,0.0,0.0,1,2746.0,2752.0,3,2748.0,2749.0,2751.0,2747.0,7.0,192350.0,9191
2023-05-09 21:02:30,fu2403,fu2403,2751.0,0.0,0.0,0.0,8,2747.0,2752.0,1,2748.0,2749.0,2751.0,2747.0,7.0,192350.0,9191
2023-05-09 21:02:31,fu2403,fu2403,2751.0,0.0,0.0,0.0,9,2747.0,2752.0,1,2748.0,2749.0,2751.0,2747.0,7.0,192350.0,9191
2023-05-09 21:02:32,fu2403,fu2403,2751.0,0.0,0.0,0.0,7,2747.0,2752.0,1,2748.0,2749.0,2751.0,2747.0,7.0,192350.0,9191
2023-05-09 21:02:32,fu2403,fu2403,2751.0,0.0,0.0,0.0,7,2747.0,2752.0,3,2748.0,2749.0,2751.0,2747.0,7.0,192350.0,9191
2023-05-09 21:02:33,fu2403,fu2403,2751.0,0.0,0.0,0.0,1,2747.0,2752.0,3,2748.0,2749.0,2751.0,2747.0,7.0,192350.0,9191
2023-05-09 21:02:33,fu2403,fu2403,2751.0,0.0,0.0,0.0,1,2747.0,2751.0,2,2748.0,2749.0,2751.0,2747.0,7.0,192350.0,9191
2023-05-09 21:02:34,fu2403,fu2403,2751.0,0.0,0.0,0.0,1,2747.0,2751.0,2,2748.0,2749.0,2751.0,2747.0,7.0,192350.0,9191
2023-05-09 21:02:36,fu2403,fu2403,2751.0,0.0,0.0,0.0,1,2747.0,2753.0,1,2748.0,2749.0,2751.0,2747.0,7.0,192350.0,9191
2023-05-09 21:02:36,fu2403,fu2403,2751.0,0.0,0.0,0.0,1,2747.0,2752.0,3,2748.0,2749.0,2751.0,2747.0,7.0,192350.0,9191
2023-05-09 21:03:00,fu2403,fu2403,2751.0,0.0,0.0,0.0,1,2747.0,2751.0,2,2748.0,2749.0,2751.0,2747.0,7.0,192350.0,9191
2023-05-09 21:03:00,fu2403,fu2403,2751.0,0.0,0.0,0.0,1,2747.0,2753.0,5,2748.0,2749.0,2751.0,2747.0,7.0,192350.0,9191
2023-05-09 21:03:01,fu2403,fu2403,2751.0,0.0,0.0,0.0,1,2747.0,2752.0,1,2748.0,2749.0,2751.0,2747.0,7.0,192350.0,9191
2023-05-09 21:03:01,fu2403,fu2403,2751.0,0.0,0.0,0.0,1,2747.0,2752.0,2,2748.0,2749.0,2751.0,2747.0,7.0,192350.0,9191
2023-05-09 21:03:02,fu2403,fu2403,2751.0,0.0,0.0,0.0,1,2747.0,2752.0,2,2748.0,2749.0,2751.0,2747.0,7.0,192350.0,9191
2023-05-09 21:03:02,fu2403,fu2403,2751.0,0.0,0.0,0.0,1,2747.0,2752.0,2,2748.0,2749.0,2751.0,2747.0,7.0,192350.0,9191
2023-05-09 21:03:03,fu2403,fu2403,2751.0,0.0,0.0,0.0,1,2747.0,2751.0,1,2748.0,2749.0,2751.0,2747.0,7.0,192350.0,9191
2023-05-09 21:03:04,fu2403,fu2403,2751.0,0.0,0.0,0.0,7,2747.0,2751.0,1,2748.0,2749.0,2751.0,2747.0,7.0,192350.0,9191
2023-05-09 21:03:05,fu2403,fu2403,2751.0,0.0,0.0,0.0,7,2747.0,2752.0,2,2748.0,2749.0,2751.0,2747.0,7.0,192350.0,9191
2023-05-09 21:03:05,fu2403,fu2403,2751.0,0.0,0.0,0.0,9,2747.0,2753.0,1,2748.0,2749.0,2751.0,2747.0,7.0,192350.0,9191
2023-05-09 21:03:06,fu2403,fu2403,2751.0,0.0,0.0,0.0,9,2747.0,2753.0,1,2748.0,2749.0,2751.0,2747.0,7.0,192350.0,9191
2023-05-09 21:03:06,fu2403,fu2403,2751.0,0.0,0.0,0.0,1,2748.0,2753.0,1,2748.0,2749.0,2751.0,2747.0,7.0,192350.0,9191
2023-05-09 21:03:07,fu2403,fu2403,2751.0,0.0,0.0,0.0,7,2749.0,2753.0,1,2748.0,2749.0,2751.0,2747.0,7.0,192350.0,9191
2023-05-09 21:03:07,fu2403,fu2403,2751.0,0.0,0.0,0.0,7,2749.0,2753.0,1,2748.0,2749.0,2751.0,2747.0,7.0,192350.0,9191
2023-05-09 21:03:13,fu2403,fu2403,2751.0,0.0,0.0,0.0,1,2749.0,2753.0,1,2748.0,2749.0,2751.0,2747.0,7.0,192350.0,9191
2023-05-09 21:03:18,fu2403,fu2403,2751.0,0.0,0.0,0.0,2,2749.0,2753.0,1,2748.0,2749.0,2751.0,2747.0,7.0,192350.0,9191
2023-05-09 21:03:18,fu2403,fu2403,2751.0,0.0,0.0,0.0,6,2750.0,2753.0,1,2748.0,2749.0,2751.0,2747.0,7.0,192350.0,9191
2023-05-09 21:03:19,fu2403,fu2403,2751.0,0.0,0.0,0.0,1,2751.0,2753.0,1,2748.0,2749.0,2751.0,2747.0,7.0,192350.0,9191
2023-05-09 21:03:19,fu2403,fu2403,2751.0,0.0,0.0,0.0,1,2750.0,2753.0,1,2748.0,2749.0,2751.0,2747.0,7.0,192350.0,9191
2023-05-09 21:03:21,fu2403,fu2403,2751.0,0.0,0.0,0.0,1,2750.0,2753.0,1,2748.0,2749.0,2751.0,2747.0,7.0,192350.0,9191
2023-05-09 21:03:23,fu2403,fu2403,2751.0,0.0,0.0,0.0,1,2750.0,2753.0,1,2748.0,2749.0,2751.0,2747.0,7.0,192350.0,9191
2023-05-09 21:03:23,fu2403,fu2403,2751.0,0.0,0.0,0.0,2,2750.0,2753.0,1,2748.0,2749.0,2751.0,2747.0,7.0,192350.0,9191
2023-05-09 21:03:24,fu2403,fu2403,2751.0,0.0,0.0,0.0,7,2750.0,2753.0,1,2748.0,2749.0,2751.0,2747.0,7.0,192350.0,9191
2023-05-09 21:03:26,fu2403,fu2403,2751.0,0.0,0.0,0.0,7,2750.0,2753.0,1,2748.0,2749.0,2751.0,2747.0,7.0,192350.0,9191
2023-05-09 21:03:28,fu2403,fu2403,2751.0,0.0,0.0,0.0,8,2750.0,2753.0,1,2748.0,2749.0,2751.0,2747.0,7.0,192350.0,9191
2023-05-09 21:03:28,fu2403,fu2403,2751.0,0.0,0.0,0.0,9,2750.0,2753.0,1,2748.0,2749.0,2751.0,2747.0,7.0,192350.0,9191
2023-05-09 21:03:32,fu2403,fu2403,2751.0,0.0,0.0,0.0,7,2750.0,2753.0,1,2748.0,2749.0,2751.0,2747.0,7.0,192350.0,9191
2023-05-09 21:03:32,fu2403,fu2403,2751.0,0.0,0.0,0.0,7,2750.0,2753.0,1,2748.0,2749.0,2751.0,2747.0,7.0,192350.0,9191
2023-05-09 21:03:33,fu2403,fu2403,2751.0,0.0,0.0,0.0,1,2750.0,2753.0,1,2748.0,2749.0,2751.0,2747.0,7.0,192350.0,9191
2023-05-09 21:03:34,fu2403,fu2403,2751.0,0.0,0.0,0.0,1,2750.0,2753.0,1,2748.0,2749.0,2751.0,2747.0,7.0,192350.0,9191
2023-05-09 21:03:38,fu2403,fu2403,2751.0,0.0,0.0,0.0,1,2750.0,2753.0,1,2748.0,2749.0,2751.0,2747.0,7.0,192350.0,9191
2023-05-09 21:03:38,fu2403,fu2403,2751.0,0.0,0.0,0.0,2,2750.0,2753.0,1,2748.0,2749.0,2751.0,2747.0,7.0,192350.0,9191
2023-05-09 21:03:39,fu2403,fu2403,2751.0,0.0,0.0,0.0,7,2750.0,2753.0,1,2748.0,2749.0,2751.0,2747.0,7.0,192350.0,9191
2023-05-09 21:03:41,fu2403,fu2403,2751.0,0.0,0.0,0.0,1,2750.0,2753.0,1,2748.0,2749.0,2751.0,2747.0,7.0,192350.0,9191
2023-05-09 21:03:41,fu2403,fu2403,2751.0,0.0,0.0,0.0,1,2751.0,2753.0,1,2748.0,2749.0,2751.0,2747.0,7.0,192350.0,9191
2023-05-09 21:03:43,fu2403,fu2403,2751.0,0.0,0.0,0.0,1,2751.0,2753.0,1,2748.0,2749.0,2751.0,2747.0,7.0,192350.0,9191
2023-05-09 21:03:48,fu2403,fu2403,2751.0,0.0,0.0,0.0,2,2751.0,2753.0,1,2748.0,2749.0,2751.0,2747.0,7.0,192350.0,9191
2023-05-09 21:03:48,fu2403,fu2403,2751.0,0.0,0.0,0.0,1,2751.0,2753.0,1,2748.0,2749.0,2751.0,2747.0,7.0,192350.0,9191
2023-05-09 21:03:49,fu2403,fu2403,2751.0,0.0,0.0,0.0,3,2751.0,2753.0,1,2748.0,2749.0,2751.0,2747.0,7.0,192350.0,9191
2023-05-09 21:03:50,fu2403,fu2403,2751.0,0.0,0.0,0.0,1,2751.0,2753.0,1,2748.0,2749.0,2751.0,2747.0,7.0,192350.0,9191
2023-05-09 21:03:51,fu2403,fu2403,2751.0,1.0,27510.0,1.0,1,2750.0,2753.0,1,2748.0,2749.0,2751.0,2747.0,8.0,219860.0,9192
2023-05-09 21:03:51,fu2403,fu2403,2751.0,0.0,0.0,0.0,2,2750.0,2753.0,1,2748.0,2749.0,2751.0,2747.0,8.0,219860.0,9192
2023-05-09 21:03:53,fu2403,fu2403,2751.0,0.0,0.0,0.0,1,2751.0,2753.0,1,2748.0,2749.0,2751.0,2747.0,8.0,219860.0,9192
2023-05-09 21:03:54,fu2403,fu2403,2751.0,0.0,0.0,0.0,1,2750.0,2753.0,1,2748.0,2749.0,2751.0,2747.0,8.0,219860.0,9192
2023-05-09 21:03:54,fu2403,fu2403,2751.0,0.0,0.0,0.0,2,2750.0,2753.0,1,2748.0,2749.0,2751.0,2747.0,8.0,219860.0,9192
2023-05-09 21:04:02,fu2403,fu2403,2751.0,0.0,0.0,0.0,1,2745.0,2752.0,1,2748.0,2749.0,2751.0,2747.0,8.0,219860.0,9192
2023-05-09 21:04:03,fu2403,fu2403,2751.0,0.0,0.0,0.0,9,2746.0,2753.0,2,2748.0,2749.0,2751.0,2747.0,8.0,219860.0,9192
2023-05-09 21:04:03,fu2403,fu2403,2751.0,0.0,0.0,0.0,9,2746.0,2753.0,4,2748.0,2749.0,2751.0,2747.0,8.0,219860.0,9192
2023-05-09 21:04:06,fu2403,fu2403,2751.0,0.0,0.0,0.0,9,2746.0,2753.0,4,2748.0,2749.0,2751.0,2747.0,8.0,219860.0,9192
2023-05-09 21:04:07,fu2403,fu2403,2751.0,0.0,0.0,0.0,9,2746.0,2752.0,2,2748.0,2749.0,2751.0,2747.0,8.0,219860.0,9192
2023-05-09 21:04:07,fu2403,fu2403,2751.0,0.0,0.0,0.0,9,2746.0,2751.0,1,2748.0,2749.0,2751.0,2747.0,8.0,219860.0,9192
2023-05-09 21:04:08,fu2403,fu2403,2751.0,0.0,0.0,0.0,9,2746.0,2751.0,1,2748.0,2749.0,2751.0,2747.0,8.0,219860.0,9192
2023-05-09 21:04:10,fu2403,fu2403,2751.0,0.0,0.0,0.0,4,2746.0,2751.0,1,2748.0,2749.0,2751.0,2747.0,8.0,219860.0,9192
2023-05-09 21:04:11,fu2403,fu2403,2751.0,0.0,0.0,0.0,4,2746.0,2751.0,1,2748.0,2749.0,2751.0,2747.0,8.0,219860.0,9192
2023-05-09 21:04:12,fu2403,fu2403,2751.0,0.0,0.0,0.0,4,2746.0,2751.0,3,2748.0,2749.0,2751.0,2747.0,8.0,219860.0,9192
2023-05-09 21:04:12,fu2403,fu2403,2751.0,0.0,0.0,0.0,4,2746.0,2751.0,1,2748.0,2749.0,2751.0,2747.0,8.0,219860.0,9192
2023-05-09 21:04:13,fu2403,fu2403,2751.0,0.0,0.0,0.0,4,2746.0,2752.0,1,2748.0,2749.0,2751.0,2747.0,8.0,219860.0,9192
2023-05-09 21:04:13,fu2403,fu2403,2751.0,0.0,0.0,0.0,9,2746.0,2752.0,3,2748.0,2749.0,2751.0,2747.0,8.0,219860.0,9192
2023-05-09 21:04:14,fu2403,fu2403,2751.0,0.0,0.0,0.0,9,2746.0,2752.0,1,2748.0,2749.0,2751.0,2747.0,8.0,219860.0,9192
2023-05-09 21:04:14,fu2403,fu2403,2751.0,0.0,0.0,0.0,9,2746.0,2752.0,3,2748.0,2749.0,2751.0,2747.0,8.0,219860.0,9192
2023-05-09 21:04:15,fu2403,fu2403,2751.0,0.0,0.0,0.0,9,2746.0,2752.0,2,2748.0,2749.0,2751.0,2747.0,8.0,219860.0,9192
2023-05-09 21:04:16,fu2403,fu2403,2751.0,0.0,0.0,0.0,9,2746.0,2752.0,1,2748.0,2749.0,2751.0,2747.0,8.0,219860.0,9192
2023-05-09 21:04:17,fu2403,fu2403,2751.0,0.0,0.0,0.0,9,2746.0,2752.0,1,2748.0,2749.0,2751.0,2747.0,8.0,219860.0,9192
2023-05-09 21:04:20,fu2403,fu2403,2751.0,0.0,0.0,0.0,9,2746.0,2752.0,3,2748.0,2749.0,2751.0,2747.0,8.0,219860.0,9192
2023-05-09 21:04:21,fu2403,fu2403,2751.0,0.0,0.0,0.0,4,2746.0,2752.0,3,2748.0,2749.0,2751.0,2747.0,8.0,219860.0,9192
2023-05-09 21:04:21,fu2403,fu2403,2751.0,0.0,0.0,0.0,4,2746.0,2752.0,3,2748.0,2749.0,2751.0,2747.0,8.0,219860.0,9192
2023-05-09 21:04:22,fu2403,fu2403,2751.0,0.0,0.0,0.0,4,2746.0,2752.0,3,2748.0,2749.0,2751.0,2747.0,8.0,219860.0,9192
2023-05-09 21:04:22,fu2403,fu2403,2751.0,0.0,0.0,0.0,1,2746.0,2751.0,2,2748.0,2749.0,2751.0,2747.0,8.0,219860.0,9192
2023-05-09 21:04:23,fu2403,fu2403,2751.0,0.0,0.0,0.0,1,2746.0,2750.0,3,2748.0,2749.0,2751.0,2747.0,8.0,219860.0,9192
2023-05-09 21:04:23,fu2403,fu2403,2751.0,0.0,0.0,0.0,1,2746.0,2750.0,3,2748.0,2749.0,2751.0,2747.0,8.0,219860.0,9192
2023-05-09 21:04:24,fu2403,fu2403,2751.0,0.0,0.0,0.0,1,2745.0,2750.0,3,2748.0,2749.0,2751.0,2747.0,8.0,219860.0,9192
2023-05-09 21:04:24,fu2403,fu2403,2751.0,0.0,0.0,0.0,2,2745.0,2749.0,1,2748.0,2749.0,2751.0,2747.0,8.0,219860.0,9192
2023-05-09 21:04:25,fu2403,fu2403,2751.0,0.0,0.0,0.0,2,2745.0,2749.0,1,2748.0,2749.0,2751.0,2747.0,8.0,219860.0,9192
2023-05-09 21:04:25,fu2403,fu2403,2751.0,0.0,0.0,0.0,1,2746.0,2753.0,2,2748.0,2749.0,2751.0,2747.0,8.0,219860.0,9192
2023-05-09 21:04:26,fu2403,fu2403,2751.0,0.0,0.0,0.0,1,2746.0,2750.0,2,2748.0,2749.0,2751.0,2747.0,8.0,219860.0,9192
2023-05-09 21:04:26,fu2403,fu2403,2751.0,0.0,0.0,0.0,1,2746.0,2750.0,2,2748.0,2749.0,2751.0,2747.0,8.0,219860.0,9192
2023-05-09 21:04:27,fu2403,fu2403,2751.0,0.0,0.0,0.0,1,2746.0,2752.0,8,2748.0,2749.0,2751.0,2747.0,8.0,219860.0,9192
2023-05-09 21:04:27,fu2403,fu2403,2751.0,0.0,0.0,0.0,1,2746.0,2751.0,3,2748.0,2749.0,2751.0,2747.0,8.0,219860.0,9192
2023-05-09 21:04:37,fu2403,fu2403,2751.0,0.0,0.0,0.0,1,2746.0,2750.0,2,2748.0,2749.0,2751.0,2747.0,8.0,219860.0,9192
2023-05-09 21:04:38,fu2403,fu2403,2751.0,0.0,0.0,0.0,1,2746.0,2749.0,1,2748.0,2749.0,2751.0,2747.0,8.0,219860.0,9192
2023-05-09 21:04:58,fu2403,fu2403,2751.0,0.0,0.0,0.0,1,2746.0,2753.0,1,2748.0,2749.0,2751.0,2747.0,8.0,219860.0,9192
2023-05-09 21:04:58,fu2403,fu2403,2751.0,0.0,0.0,0.0,4,2746.0,2751.0,2,2748.0,2749.0,2751.0,2747.0,8.0,219860.0,9192
2023-05-09 21:04:59,fu2403,fu2403,2751.0,0.0,0.0,0.0,4,2746.0,2750.0,1,2748.0,2749.0,2751.0,2747.0,8.0,219860.0,9192
2023-05-09 21:05:00,fu2403,fu2403,2751.0,0.0,0.0,0.0,1,2746.0,2750.0,3,2748.0,2749.0,2751.0,2747.0,8.0,219860.0,9192
2023-05-09 21:05:01,fu2403,fu2403,2751.0,0.0,0.0,0.0,3,2746.0,2750.0,3,2748.0,2749.0,2751.0,2747.0,8.0,219860.0,9192
2023-05-09 21:05:02,fu2403,fu2403,2751.0,0.0,0.0,0.0,3,2746.0,2750.0,1,2748.0,2749.0,2751.0,2747.0,8.0,219860.0,9192
2023-05-09 21:05:03,fu2403,fu2403,2751.0,0.0,0.0,0.0,3,2746.0,2751.0,1,2748.0,2749.0,2751.0,2747.0,8.0,219860.0,9192
2023-05-09 21:05:03,fu2403,fu2403,2751.0,0.0,0.0,0.0,3,2746.0,2750.0,2,2748.0,2749.0,2751.0,2747.0,8.0,219860.0,9192
2023-05-09 21:05:04,fu2403,fu2403,2751.0,0.0,0.0,0.0,3,2746.0,2749.0,1,2748.0,2749.0,2751.0,2747.0,8.0,219860.0,9192
2023-05-09 21:05:06,fu2403,fu2403,2751.0,0.0,0.0,0.0,3,2746.0,2749.0,1,2748.0,2749.0,2751.0,2747.0,8.0,219860.0,9192
2023-05-09 21:05:06,fu2403,fu2403,2751.0,0.0,0.0,0.0,3,2746.0,2753.0,8,2748.0,2749.0,2751.0,2747.0,8.0,219860.0,9192
2023-05-09 21:05:07,fu2403,fu2403,2751.0,0.0,0.0,0.0,9,2746.0,2751.0,2,2748.0,2749.0,2751.0,2747.0,8.0,219860.0,9192
2023-05-09 21:05:07,fu2403,fu2403,2751.0,0.0,0.0,0.0,9,2746.0,2751.0,2,2748.0,2749.0,2751.0,2747.0,8.0,219860.0,9192
2023-05-09 21:05:08,fu2403,fu2403,2751.0,0.0,0.0,0.0,3,2746.0,2750.0,2,2748.0,2749.0,2751.0,2747.0,8.0,219860.0,9192
2023-05-09 21:05:08,fu2403,fu2403,2751.0,0.0,0.0,0.0,3,2746.0,2751.0,1,2748.0,2749.0,2751.0,2747.0,8.0,219860.0,9192
2023-05-09 21:05:09,fu2403,fu2403,2751.0,0.0,0.0,0.0,3,2746.0,2750.0,2,2748.0,2749.0,2751.0,2747.0,8.0,219860.0,9192
2023-05-09 21:05:10,fu2403,fu2403,2751.0,0.0,0.0,0.0,1,2745.0,2750.0,3,2748.0,2749.0,2751.0,2747.0,8.0,219860.0,9192
2023-05-09 21:05:10,fu2403,fu2403,2751.0,0.0,0.0,0.0,3,2746.0,2750.0,3,2748.0,2749.0,2751.0,2747.0,8.0,219860.0,9192
2023-05-09 21:05:11,fu2403,fu2403,2751.0,0.0,0.0,0.0,3,2745.0,2750.0,3,2748.0,2749.0,2751.0,2747.0,8.0,219860.0,9192
2023-05-09 21:05:11,fu2403,fu2403,2751.0,0.0,0.0,0.0,1,2746.0,2750.0,3,2748.0,2749.0,2751.0,2747.0,8.0,219860.0,9192
2023-05-09 21:05:12,fu2403,fu2403,2751.0,0.0,0.0,0.0,3,2746.0,2750.0,3,2748.0,2749.0,2751.0,2747.0,8.0,219860.0,9192
2023-05-09 21:05:12,fu2403,fu2403,2751.0,0.0,0.0,0.0,3,2746.0,2750.0,1,2748.0,2749.0,2751.0,2747.0,8.0,219860.0,9192
2023-05-09 21:05:13,fu2403,fu2403,2751.0,0.0,0.0,0.0,1,2747.0,2750.0,1,2748.0,2749.0,2751.0,2747.0,8.0,219860.0,9192
2023-05-09 21:05:13,fu2403,fu2403,2751.0,0.0,0.0,0.0,3,2747.0,2752.0,1,2748.0,2749.0,2751.0,2747.0,8.0,219860.0,9192
2023-05-09 21:05:14,fu2403,fu2403,2751.0,0.0,0.0,0.0,3,2747.0,2751.0,2,2748.0,2749.0,2751.0,2747.0,8.0,219860.0,9192
2023-05-09 21:05:15,fu2403,fu2403,2751.0,0.0,0.0,0.0,3,2747.0,2751.0,3,2748.0,2749.0,2751.0,2747.0,8.0,219860.0,9192
2023-05-09 21:05:19,fu2403,fu2403,2751.0,0.0,0.0,0.0,3,2747.0,2751.0,1,2748.0,2749.0,2751.0,2747.0,8.0,219860.0,9192
2023-05-09 21:05:19,fu2403,fu2403,2751.0,0.0,0.0,0.0,3,2747.0,2752.0,1,2748.0,2749.0,2751.0,2747.0,8.0,219860.0,9192
2023-05-09 21:05:20,fu2403,fu2403,2751.0,0.0,0.0,0.0,9,2747.0,2752.0,3,2748.0,2749.0,2751.0,2747.0,8.0,219860.0,9192
2023-05-09 21:05:22,fu2403,fu2403,2751.0,0.0,0.0,0.0,3,2747.0,2751.0,2,2748.0,2749.0,2751.0,2747.0,8.0,219860.0,9192
2023-05-09 21:05:23,fu2403,fu2403,2751.0,0.0,0.0,0.0,3,2747.0,2750.0,1,2748.0,2749.0,2751.0,2747.0,8.0,219860.0,9192
2023-05-09 21:05:23,fu2403,fu2403,2751.0,0.0,0.0,0.0,3,2747.0,2751.0,1,2748.0,2749.0,2751.0,2747.0,8.0,219860.0,9192
2023-05-09 21:05:24,fu2403,fu2403,2751.0,0.0,0.0,0.0,3,2747.0,2751.0,1,2748.0,2749.0,2751.0,2747.0,8.0,219860.0,9192
2023-05-09 21:05:25,fu2403,fu2403,2751.0,0.0,0.0,0.0,3,2747.0,2751.0,1,2748.0,2749.0,2751.0,2747.0,8.0,219860.0,9192
2023-05-09 21:05:26,fu2403,fu2403,2751.0,0.0,0.0,0.0,3,2747.0,2752.0,1,2748.0,2749.0,2751.0,2747.0,8.0,219860.0,9192
2023-05-09 21:05:26,fu2403,fu2403,2751.0,0.0,0.0,0.0,6,2748.0,2752.0,1,2748.0,2749.0,2751.0,2747.0,8.0,219860.0,9192
2023-05-09 21:05:27,fu2403,fu2403,2751.0,0.0,0.0,0.0,3,2749.0,2752.0,1,2748.0,2749.0,2751.0,2747.0,8.0,219860.0,9192
2023-05-09 21:05:27,fu2403,fu2403,2751.0,0.0,0.0,0.0,9,2749.0,2752.0,1,2748.0,2749.0,2751.0,2747.0,8.0,219860.0,9192
2023-05-09 21:05:28,fu2403,fu2403,2751.0,0.0,0.0,0.0,9,2749.0,2752.0,1,2748.0,2749.0,2751.0,2747.0,8.0,219860.0,9192
2023-05-09 21:05:29,fu2403,fu2403,2752.0,1.0,27520.0,-1.0,1,2750.0,2753.0,1,2748.0,2749.0,2752.0,2747.0,9.0,247380.0,9191
2023-05-09 21:05:29,fu2403,fu2403,2752.0,0.0,0.0,0.0,3,2751.0,2753.0,1,2748.0,2749.0,2752.0,2747.0,9.0,247380.0,9191
2023-05-09 21:05:32,fu2403,fu2403,2752.0,0.0,0.0,0.0,1,2745.0,2753.0,1,2748.0,2749.0,2752.0,2747.0,9.0,247380.0,9191
2023-05-09 21:05:33,fu2403,fu2403,2752.0,0.0,0.0,0.0,9,2746.0,2752.0,1,2748.0,2749.0,2752.0,2747.0,9.0,247380.0,9191
2023-05-09 21:05:33,fu2403,fu2403,2752.0,0.0,0.0,0.0,1,2747.0,2752.0,1,2748.0,2749.0,2752.0,2747.0,9.0,247380.0,9191
2023-05-09 21:05:34,fu2403,fu2403,2752.0,0.0,0.0,0.0,9,2748.0,2752.0,1,2748.0,2749.0,2752.0,2747.0,9.0,247380.0,9191
2023-05-09 21:05:34,fu2403,fu2403,2752.0,0.0,0.0,0.0,1,2749.0,2752.0,1,2748.0,2749.0,2752.0,2747.0,9.0,247380.0,9191
2023-05-09 21:05:35,fu2403,fu2403,2752.0,0.0,0.0,0.0,1,2749.0,2752.0,1,2748.0,2749.0,2752.0,2747.0,9.0,247380.0,9191
2023-05-09 21:05:36,fu2403,fu2403,2752.0,0.0,0.0,0.0,2,2749.0,2752.0,1,2748.0,2749.0,2752.0,2747.0,9.0,247380.0,9191
2023-05-09 21:05:37,fu2403,fu2403,2752.0,0.0,0.0,0.0,4,2749.0,2752.0,1,2748.0,2749.0,2752.0,2747.0,9.0,247380.0,9191
2023-05-09 21:05:38,fu2403,fu2403,2752.0,0.0,0.0,0.0,1,2749.0,2752.0,3,2748.0,2749.0,2752.0,2747.0,9.0,247380.0,9191
2023-05-09 21:05:38,fu2403,fu2403,2752.0,0.0,0.0,0.0,3,2748.0,2752.0,3,2748.0,2749.0,2752.0,2747.0,9.0,247380.0,9191
2023-05-09 21:05:39,fu2403,fu2403,2752.0,0.0,0.0,0.0,4,2748.0,2752.0,3,2748.0,2749.0,2752.0,2747.0,9.0,247380.0,9191
2023-05-09 21:05:39,fu2403,fu2403,2752.0,0.0,0.0,0.0,1,2748.0,2751.0,2,2748.0,2749.0,2752.0,2747.0,9.0,247380.0,9191
2023-05-09 21:05:40,fu2403,fu2403,2752.0,0.0,0.0,0.0,1,2748.0,2750.0,1,2748.0,2749.0,2752.0,2747.0,9.0,247380.0,9191
2023-05-09 21:05:40,fu2403,fu2403,2752.0,0.0,0.0,0.0,1,2748.0,2752.0,1,2748.0,2749.0,2752.0,2747.0,9.0,247380.0,9191
2023-05-09 21:05:41,fu2403,fu2403,2752.0,0.0,0.0,0.0,1,2748.0,2751.0,1,2748.0,2749.0,2752.0,2747.0,9.0,247380.0,9191
2023-05-09 21:05:41,fu2403,fu2403,2752.0,0.0,0.0,0.0,1,2748.0,2750.0,1,2748.0,2749.0,2752.0,2747.0,9.0,247380.0,9191
2023-05-09 21:05:42,fu2403,fu2403,2752.0,0.0,0.0,0.0,1,2748.0,2750.0,1,2748.0,2749.0,2752.0,2747.0,9.0,247380.0,9191
2023-05-09 21:05:42,fu2403,fu2403,2752.0,0.0,0.0,0.0,1,2748.0,2750.0,1,2748.0,2749.0,2752.0,2747.0,9.0,247380.0,9191
2023-05-09 21:05:46,fu2403,fu2403,2748.0,1.0,27480.0,0.0,1,2745.0,2750.0,1,2748.0,2749.0,2752.0,2747.0,10.0,274860.0,9191
2023-05-09 21:05:46,fu2403,fu2403,2748.0,0.0,0.0,0.0,3,2746.0,2750.0,1,2748.0,2749.0,2752.0,2747.0,10.0,274860.0,9191
2023-05-09 21:05:48,fu2403,fu2403,2748.0,0.0,0.0,0.0,3,2746.0,2750.0,1,2748.0,2749.0,2752.0,2747.0,10.0,274860.0,9191
2023-05-09 21:05:50,fu2403,fu2403,2748.0,0.0,0.0,0.0,3,2746.0,2750.0,1,2748.0,2749.0,2752.0,2747.0,10.0,274860.0,9191
2023-05-09 21:05:52,fu2403,fu2403,2748.0,0.0,0.0,0.0,3,2746.0,2750.0,3,2748.0,2749.0,2752.0,2747.0,10.0,274860.0,9191
2023-05-09 21:05:52,fu2403,fu2403,2748.0,0.0,0.0,0.0,3,2746.0,2750.0,2,2748.0,2749.0,2752.0,2747.0,10.0,274860.0,9191
2023-05-09 21:05:55,fu2403,fu2403,2748.0,0.0,0.0,0.0,3,2746.0,2750.0,3,2748.0,2749.0,2752.0,2747.0,10.0,274860.0,9191
2023-05-09 21:05:55,fu2403,fu2403,2748.0,0.0,0.0,0.0,3,2745.0,2750.0,3,2748.0,2749.0,2752.0,2747.0,10.0,274860.0,9191
2023-05-09 21:05:56,fu2403,fu2403,2748.0,0.0,0.0,0.0,1,2746.0,2750.0,3,2748.0,2749.0,2752.0,2747.0,10.0,274860.0,9191
2023-05-09 21:05:56,fu2403,fu2403,2748.0,0.0,0.0,0.0,3,2746.0,2750.0,2,2748.0,2749.0,2752.0,2747.0,10.0,274860.0,9191
2023-05-09 21:05:57,fu2403,fu2403,2748.0,0.0,0.0,0.0,1,2747.0,2750.0,1,2748.0,2749.0,2752.0,2747.0,10.0,274860.0,9191
2023-05-09 21:05:57,fu2403,fu2403,2748.0,0.0,0.0,0.0,3,2747.0,2751.0,3,2748.0,2749.0,2752.0,2747.0,10.0,274860.0,9191
2023-05-09 21:05:58,fu2403,fu2403,2748.0,0.0,0.0,0.0,9,2747.0,2750.0,1,2748.0,2749.0,2752.0,2747.0,10.0,274860.0,9191
2023-05-09 21:05:58,fu2403,fu2403,2748.0,0.0,0.0,0.0,3,2747.0,2750.0,1,2748.0,2749.0,2752.0,2747.0,10.0,274860.0,9191
2023-05-09 21:06:01,fu2403,fu2403,2748.0,0.0,0.0,0.0,1,2745.0,2750.0,3,2748.0,2749.0,2752.0,2747.0,10.0,274860.0,9191
2023-05-09 21:06:01,fu2403,fu2403,2748.0,0.0,0.0,0.0,6,2745.0,2750.0,3,2748.0,2749.0,2752.0,2747.0,10.0,274860.0,9191
2023-05-09 21:06:02,fu2403,fu2403,2748.0,0.0,0.0,0.0,1,2746.0,2750.0,3,2748.0,2749.0,2752.0,2747.0,10.0,274860.0,9191
2023-05-09 21:06:03,fu2403,fu2403,2748.0,0.0,0.0,0.0,5,2745.0,2750.0,3,2748.0,2749.0,2752.0,2747.0,10.0,274860.0,9191
2023-05-09 21:06:03,fu2403,fu2403,2748.0,0.0,0.0,0.0,6,2745.0,2749.0,1,2748.0,2749.0,2752.0,2747.0,10.0,274860.0,9191
2023-05-09 21:06:04,fu2403,fu2403,2748.0,0.0,0.0,0.0,6,2745.0,2749.0,4,2748.0,2749.0,2752.0,2747.0,10.0,274860.0,9191
2023-05-09 21:06:05,fu2403,fu2403,2748.0,0.0,0.0,0.0,1,2746.0,2749.0,3,2748.0,2749.0,2752.0,2747.0,10.0,274860.0,9191
2023-05-09 21:06:05,fu2403,fu2403,2748.0,0.0,0.0,0.0,5,2746.0,2749.0,3,2748.0,2749.0,2752.0,2747.0,10.0,274860.0,9191
2023-05-09 21:06:10,fu2403,fu2403,2748.0,0.0,0.0,0.0,1,2745.0,2749.0,3,2748.0,2749.0,2752.0,2747.0,10.0,274860.0,9191
2023-05-09 21:06:11,fu2403,fu2403,2748.0,0.0,0.0,0.0,1,2745.0,2748.0,1,2748.0,2749.0,2752.0,2747.0,10.0,274860.0,9191
2023-05-09 21:06:11,fu2403,fu2403,2748.0,0.0,0.0,0.0,1,2745.0,2749.0,5,2748.0,2749.0,2752.0,2747.0,10.0,274860.0,9191
2023-05-09 21:06:12,fu2403,fu2403,2748.0,0.0,0.0,0.0,1,2745.0,2748.0,3,2748.0,2749.0,2752.0,2747.0,10.0,274860.0,9191
2023-05-09 21:06:19,fu2403,fu2403,2748.0,0.0,0.0,0.0,2,2745.0,2748.0,1,2748.0,2749.0,2752.0,2747.0,10.0,274860.0,9191
2023-05-09 21:06:20,fu2403,fu2403,2748.0,0.0,0.0,0.0,1,2745.0,2748.0,1,2748.0,2749.0,2752.0,2747.0,10.0,274860.0,9191
2023-05-09 21:06:21,fu2403,fu2403,2748.0,0.0,0.0,0.0,1,2745.0,2748.0,3,2748.0,2749.0,2752.0,2747.0,10.0,274860.0,9191
2023-05-09 21:06:23,fu2403,fu2403,2748.0,0.0,0.0,0.0,2,2745.0,2748.0,1,2748.0,2749.0,2752.0,2747.0,10.0,274860.0,9191
2023-05-09 21:06:23,fu2403,fu2403,2748.0,0.0,0.0,0.0,1,2745.0,2748.0,1,2748.0,2749.0,2752.0,2747.0,10.0,274860.0,9191
2023-05-09 21:06:24,fu2403,fu2403,2748.0,0.0,0.0,0.0,1,2745.0,2748.0,3,2748.0,2749.0,2752.0,2747.0,10.0,274860.0,9191
2023-05-09 21:06:25,fu2403,fu2403,2748.0,0.0,0.0,0.0,1,2745.0,2748.0,1,2748.0,2749.0,2752.0,2747.0,10.0,274860.0,9191
2023-05-09 21:06:27,fu2403,fu2403,2748.0,0.0,0.0,0.0,1,2745.0,2748.0,3,2748.0,2749.0,2752.0,2747.0,10.0,274860.0,9191
2023-05-09 21:06:28,fu2403,fu2403,2748.0,0.0,0.0,0.0,1,2745.0,2747.0,1,2748.0,2749.0,2752.0,2747.0,10.0,274860.0,9191
2023-05-09 21:06:28,fu2403,fu2403,2748.0,0.0,0.0,0.0,1,2745.0,2747.0,3,2748.0,2749.0,2752.0,2747.0,10.0,274860.0,9191
2023-05-09 21:06:29,fu2403,fu2403,2748.0,0.0,0.0,0.0,1,2745.0,2747.0,5,2748.0,2749.0,2752.0,2747.0,10.0,274860.0,9191
2023-05-09 21:06:29,fu2403,fu2403,2745.0,1.0,27450.0,1.0,4,2743.0,2747.0,5,2748.0,2749.0,2752.0,2745.0,11.0,302310.0,9192
2023-05-09 21:06:30,fu2403,fu2403,2745.0,0.0,0.0,0.0,5,2743.0,2747.0,5,2748.0,2749.0,2752.0,2745.0,11.0,302310.0,9192
2023-05-09 21:06:30,fu2403,fu2403,2745.0,0.0,0.0,0.0,4,2742.0,2746.0,1,2748.0,2749.0,2752.0,2745.0,11.0,302310.0,9192
2023-05-09 21:06:31,fu2403,fu2403,2745.0,0.0,0.0,0.0,5,2742.0,2746.0,3,2748.0,2749.0,2752.0,2745.0,11.0,302310.0,9192
2023-05-09 21:06:31,fu2403,fu2403,2745.0,0.0,0.0,0.0,4,2741.0,2746.0,3,2748.0,2749.0,2752.0,2745.0,11.0,302310.0,9192
2023-05-09 21:06:32,fu2403,fu2403,2745.0,0.0,0.0,0.0,5,2741.0,2745.0,2,2748.0,2749.0,2752.0,2745.0,11.0,302310.0,9192
2023-05-09 21:06:32,fu2403,fu2403,2745.0,0.0,0.0,0.0,5,2741.0,2745.0,4,2748.0,2749.0,2752.0,2745.0,11.0,302310.0,9192
2023-05-09 21:06:33,fu2403,fu2403,2745.0,0.0,0.0,0.0,4,2740.0,2745.0,5,2748.0,2749.0,2752.0,2745.0,11.0,302310.0,9192
2023-05-09 21:06:33,fu2403,fu2403,2745.0,0.0,0.0,0.0,1,2741.0,2744.0,1,2748.0,2749.0,2752.0,2745.0,11.0,302310.0,9192
2023-05-09 21:06:34,fu2403,fu2403,2745.0,0.0,0.0,0.0,5,2741.0,2745.0,6,2748.0,2749.0,2752.0,2745.0,11.0,302310.0,9192
2023-05-09 21:06:34,fu2403,fu2403,2745.0,0.0,0.0,0.0,4,2740.0,2744.0,2,2748.0,2749.0,2752.0,2745.0,11.0,302310.0,9192
2023-05-09 21:06:35,fu2403,fu2403,2745.0,0.0,0.0,0.0,1,2741.0,2745.0,3,2748.0,2749.0,2752.0,2745.0,11.0,302310.0,9192
2023-05-09 21:06:35,fu2403,fu2403,2745.0,0.0,0.0,0.0,5,2741.0,2744.0,1,2748.0,2749.0,2752.0,2745.0,11.0,302310.0,9192
2023-05-09 21:06:36,fu2403,fu2403,2745.0,0.0,0.0,0.0,5,2741.0,2745.0,6,2748.0,2749.0,2752.0,2745.0,11.0,302310.0,9192
2023-05-09 21:06:36,fu2403,fu2403,2745.0,0.0,0.0,0.0,4,2740.0,2745.0,6,2748.0,2749.0,2752.0,2745.0,11.0,302310.0,9192
2023-05-09 21:06:37,fu2403,fu2403,2745.0,0.0,0.0,0.0,5,2740.0,2745.0,6,2748.0,2749.0,2752.0,2745.0,11.0,302310.0,9192
2023-05-09 21:06:37,fu2403,fu2403,2745.0,0.0,0.0,0.0,5,2740.0,2745.0,7,2748.0,2749.0,2752.0,2745.0,11.0,302310.0,9192
2023-05-09 21:06:38,fu2403,fu2403,2745.0,0.0,0.0,0.0,4,2739.0,2744.0,2,2748.0,2749.0,2752.0,2745.0,11.0,302310.0,9192
2023-05-09 21:06:38,fu2403,fu2403,2745.0,0.0,0.0,0.0,1,2740.0,2744.0,2,2748.0,2749.0,2752.0,2745.0,11.0,302310.0,9192
2023-05-09 21:06:39,fu2403,fu2403,2745.0,0.0,0.0,0.0,1,2740.0,2743.0,1,2748.0,2749.0,2752.0,2745.0,11.0,302310.0,9192
2023-05-09 21:06:39,fu2403,fu2403,2745.0,0.0,0.0,0.0,4,2739.0,2743.0,4,2748.0,2749.0,2752.0,2745.0,11.0,302310.0,9192
2023-05-09 21:06:40,fu2403,fu2403,2745.0,0.0,0.0,0.0,1,2740.0,2743.0,4,2748.0,2749.0,2752.0,2745.0,11.0,302310.0,9192
2023-05-09 21:06:40,fu2403,fu2403,2745.0,0.0,0.0,0.0,1,2740.0,2743.0,4,2748.0,2749.0,2752.0,2745.0,11.0,302310.0,9192
2023-05-09 21:06:42,fu2403,fu2403,2745.0,0.0,0.0,0.0,1,2740.0,2743.0,4,2748.0,2749.0,2752.0,2745.0,11.0,302310.0,9192
2023-05-09 21:06:42,fu2403,fu2403,2745.0,0.0,0.0,0.0,1,2740.0,2743.0,3,2748.0,2749.0,2752.0,2745.0,11.0,302310.0,9192
2023-05-09 21:06:43,fu2403,fu2403,2745.0,0.0,0.0,0.0,5,2741.0,2743.0,3,2748.0,2749.0,2752.0,2745.0,11.0,302310.0,9192
2023-05-09 21:06:43,fu2403,fu2403,2745.0,0.0,0.0,0.0,4,2740.0,2743.0,3,2748.0,2749.0,2752.0,2745.0,11.0,302310.0,9192
2023-05-09 21:06:44,fu2403,fu2403,2745.0,0.0,0.0,0.0,5,2740.0,2743.0,3,2748.0,2749.0,2752.0,2745.0,11.0,302310.0,9192
2023-05-09 21:06:45,fu2403,fu2403,2745.0,0.0,0.0,0.0,1,2741.0,2746.0,1,2748.0,2749.0,2752.0,2745.0,11.0,302310.0,9192
2023-05-09 21:06:46,fu2403,fu2403,2745.0,0.0,0.0,0.0,4,2742.0,2745.0,4,2748.0,2749.0,2752.0,2745.0,11.0,302310.0,9192
2023-05-09 21:06:46,fu2403,fu2403,2745.0,0.0,0.0,0.0,4,2741.0,2745.0,6,2748.0,2749.0,2752.0,2745.0,11.0,302310.0,9192
2023-05-09 21:06:47,fu2403,fu2403,2745.0,0.0,0.0,0.0,5,2741.0,2745.0,4,2748.0,2749.0,2752.0,2745.0,11.0,302310.0,9192
2023-05-09 21:06:47,fu2403,fu2403,2745.0,0.0,0.0,0.0,5,2741.0,2745.0,3,2748.0,2749.0,2752.0,2745.0,11.0,302310.0,9192
2023-05-09 21:06:48,fu2403,fu2403,2745.0,0.0,0.0,0.0,1,2742.0,2745.0,3,2748.0,2749.0,2752.0,2745.0,11.0,302310.0,9192
2023-05-09 21:06:48,fu2403,fu2403,2745.0,0.0,0.0,0.0,5,2742.0,2745.0,3,2748.0,2749.0,2752.0,2745.0,11.0,302310.0,9192
2023-05-09 21:06:49,fu2403,fu2403,2745.0,0.0,0.0,0.0,5,2742.0,2747.0,1,2748.0,2749.0,2752.0,2745.0,11.0,302310.0,9192
2023-05-09 21:06:49,fu2403,fu2403,2745.0,0.0,0.0,0.0,5,2742.0,2746.0,1,2748.0,2749.0,2752.0,2745.0,11.0,302310.0,9192
2023-05-09 21:06:50,fu2403,fu2403,2745.0,0.0,0.0,0.0,5,2742.0,2746.0,3,2748.0,2749.0,2752.0,2745.0,11.0,302310.0,9192
2023-05-09 21:06:52,fu2403,fu2403,2745.0,0.0,0.0,0.0,5,2742.0,2746.0,1,2748.0,2749.0,2752.0,2745.0,11.0,302310.0,9192
2023-05-09 21:06:53,fu2403,fu2403,2745.0,0.0,0.0,0.0,5,2742.0,2746.0,1,2748.0,2749.0,2752.0,2745.0,11.0,302310.0,9192
2023-05-09 21:06:56,fu2403,fu2403,2745.0,0.0,0.0,0.0,5,2742.0,2746.0,3,2748.0,2749.0,2752.0,2745.0,11.0,302310.0,9192
2023-05-09 21:07:01,fu2403,fu2403,2745.0,0.0,0.0,0.0,1,2733.0,2745.0,2,2748.0,2749.0,2752.0,2745.0,11.0,302310.0,9192
2023-05-09 21:07:01,fu2403,fu2403,2745.0,0.0,0.0,0.0,1,2737.0,2744.0,4,2748.0,2749.0,2752.0,2745.0,11.0,302310.0,9192
2023-05-09 21:07:02,fu2403,fu2403,2745.0,0.0,0.0,0.0,12,2738.0,2744.0,4,2748.0,2749.0,2752.0,2745.0,11.0,302310.0,9192
2023-05-09 21:07:02,fu2403,fu2403,2745.0,0.0,0.0,0.0,12,2738.0,2744.0,3,2748.0,2749.0,2752.0,2745.0,11.0,302310.0,9192
2023-05-09 21:07:03,fu2403,fu2403,2745.0,0.0,0.0,0.0,12,2738.0,2744.0,3,2748.0,2749.0,2752.0,2745.0,11.0,302310.0,9192
2023-05-09 21:07:03,fu2403,fu2403,2745.0,0.0,0.0,0.0,12,2738.0,2748.0,2,2748.0,2749.0,2752.0,2745.0,11.0,302310.0,9192
2023-05-09 21:07:04,fu2403,fu2403,2745.0,0.0,0.0,0.0,12,2738.0,2747.0,6,2748.0,2749.0,2752.0,2745.0,11.0,302310.0,9192
2023-05-09 21:07:04,fu2403,fu2403,2745.0,0.0,0.0,0.0,12,2738.0,2747.0,6,2748.0,2749.0,2752.0,2745.0,11.0,302310.0,9192
2023-05-09 21:07:05,fu2403,fu2403,2745.0,0.0,0.0,0.0,12,2738.0,2747.0,6,2748.0,2749.0,2752.0,2745.0,11.0,302310.0,9192
2023-05-09 21:07:05,fu2403,fu2403,2745.0,0.0,0.0,0.0,12,2738.0,2747.0,4,2748.0,2749.0,2752.0,2745.0,11.0,302310.0,9192
2023-05-09 21:07:06,fu2403,fu2403,2745.0,0.0,0.0,0.0,1,2739.0,2747.0,4,2748.0,2749.0,2752.0,2745.0,11.0,302310.0,9192
2023-05-09 21:07:06,fu2403,fu2403,2745.0,0.0,0.0,0.0,1,2741.0,2750.0,1,2748.0,2749.0,2752.0,2745.0,11.0,302310.0,9192
2023-05-09 21:07:07,fu2403,fu2403,2745.0,0.0,0.0,0.0,12,2742.0,2749.0,1,2748.0,2749.0,2752.0,2745.0,11.0,302310.0,9192
2023-05-09 21:07:07,fu2403,fu2403,2745.0,0.0,0.0,0.0,12,2742.0,2750.0,1,2748.0,2749.0,2752.0,2745.0,11.0,302310.0,9192
2023-05-09 21:07:08,fu2403,fu2403,2745.0,0.0,0.0,0.0,1,2743.0,2750.0,1,2748.0,2749.0,2752.0,2745.0,11.0,302310.0,9192
2023-05-09 21:07:08,fu2403,fu2403,2745.0,0.0,0.0,0.0,9,2744.0,2750.0,1,2748.0,2749.0,2752.0,2745.0,11.0,302310.0,9192
2023-05-09 21:07:09,fu2403,fu2403,2745.0,0.0,0.0,0.0,2,2745.0,2750.0,1,2748.0,2749.0,2752.0,2745.0,11.0,302310.0,9192
2023-05-09 21:07:09,fu2403,fu2403,2745.0,0.0,0.0,0.0,9,2746.0,2750.0,1,2748.0,2749.0,2752.0,2745.0,11.0,302310.0,9192
2023-05-09 21:07:10,fu2403,fu2403,2745.0,0.0,0.0,0.0,8,2746.0,2749.0,1,2748.0,2749.0,2752.0,2745.0,11.0,302310.0,9192
2023-05-09 21:07:10,fu2403,fu2403,2745.0,0.0,0.0,0.0,8,2746.0,2749.0,1,2748.0,2749.0,2752.0,2745.0,11.0,302310.0,9192
2023-05-09 21:07:11,fu2403,fu2403,2745.0,0.0,0.0,0.0,2,2746.0,2749.0,4,2748.0,2749.0,2752.0,2745.0,11.0,302310.0,9192
2023-05-09 21:07:11,fu2403,fu2403,2746.0,2.0,54920.0,2.0,5,2745.0,2749.0,4,2748.0,2749.0,2752.0,2745.0,13.0,357230.0,9194
2023-05-09 21:07:12,fu2403,fu2403,2746.0,0.0,0.0,0.0,5,2744.0,2749.0,4,2748.0,2749.0,2752.0,2745.0,13.0,357230.0,9194
2023-05-09 21:07:12,fu2403,fu2403,2746.0,0.0,0.0,0.0,6,2744.0,2748.0,2,2748.0,2749.0,2752.0,2745.0,13.0,357230.0,9194
2023-05-09 21:07:13,fu2403,fu2403,2746.0,0.0,0.0,0.0,1,2745.0,2749.0,1,2748.0,2749.0,2752.0,2745.0,13.0,357230.0,9194
2023-05-09 21:07:13,fu2403,fu2403,2746.0,0.0,0.0,0.0,5,2744.0,2748.0,1,2748.0,2749.0,2752.0,2745.0,13.0,357230.0,9194
2023-05-09 21:07:14,fu2403,fu2403,2746.0,0.0,0.0,0.0,1,2745.0,2749.0,4,2748.0,2749.0,2752.0,2745.0,13.0,357230.0,9194
2023-05-09 21:07:14,fu2403,fu2403,2746.0,0.0,0.0,0.0,6,2745.0,2749.0,4,2748.0,2749.0,2752.0,2745.0,13.0,357230.0,9194
2023-05-09 21:07:15,fu2403,fu2403,2746.0,0.0,0.0,0.0,2,2743.0,2749.0,4,2748.0,2749.0,2752.0,2745.0,13.0,357230.0,9194
2023-05-09 21:07:16,fu2403,fu2403,2746.0,0.0,0.0,0.0,6,2744.0,2748.0,2,2748.0,2749.0,2752.0,2745.0,13.0,357230.0,9194
2023-05-09 21:07:16,fu2403,fu2403,2746.0,0.0,0.0,0.0,6,2744.0,2747.0,1,2748.0,2749.0,2752.0,2745.0,13.0,357230.0,9194
2023-05-09 21:07:17,fu2403,fu2403,2746.0,0.0,0.0,0.0,7,2743.0,2747.0,1,2748.0,2749.0,2752.0,2745.0,13.0,357230.0,9194
2023-05-09 21:07:17,fu2403,fu2403,2746.0,0.0,0.0,0.0,8,2743.0,2747.0,1,2748.0,2749.0,2752.0,2745.0,13.0,357230.0,9194
2023-05-09 21:07:20,fu2403,fu2403,2746.0,0.0,0.0,0.0,8,2743.0,2747.0,2,2748.0,2749.0,2752.0,2745.0,13.0,357230.0,9194
2023-05-09 21:07:21,fu2403,fu2403,2746.0,0.0,0.0,0.0,8,2743.0,2747.0,2,2748.0,2749.0,2752.0,2745.0,13.0,357230.0,9194
2023-05-09 21:07:21,fu2403,fu2403,2746.0,0.0,0.0,0.0,8,2743.0,2747.0,2,2748.0,2749.0,2752.0,2745.0,13.0,357230.0,9194
2023-05-09 21:07:22,fu2403,fu2403,2746.0,0.0,0.0,0.0,1,2744.0,2747.0,2,2748.0,2749.0,2752.0,2745.0,13.0,357230.0,9194
2023-05-09 21:07:22,fu2403,fu2403,2746.0,0.0,0.0,0.0,7,2743.0,2747.0,2,2748.0,2749.0,2752.0,2745.0,13.0,357230.0,9194
2023-05-09 21:07:23,fu2403,fu2403,2746.0,0.0,0.0,0.0,4,2744.0,2747.0,2,2748.0,2749.0,2752.0,2745.0,13.0,357230.0,9194
2023-05-09 21:07:23,fu2403,fu2403,2746.0,0.0,0.0,0.0,7,2743.0,2747.0,2,2748.0,2749.0,2752.0,2745.0,13.0,357230.0,9194
2023-05-09 21:07:24,fu2403,fu2403,2746.0,0.0,0.0,0.0,1,2744.0,2747.0,2,2748.0,2749.0,2752.0,2745.0,13.0,357230.0,9194
2023-05-09 21:07:24,fu2403,fu2403,2746.0,0.0,0.0,0.0,7,2743.0,2747.0,2,2748.0,2749.0,2752.0,2745.0,13.0,357230.0,9194
2023-05-09 21:07:25,fu2403,fu2403,2746.0,0.0,0.0,0.0,8,2743.0,2747.0,2,2748.0,2749.0,2752.0,2745.0,13.0,357230.0,9194
2023-05-09 21:07:26,fu2403,fu2403,2746.0,0.0,0.0,0.0,8,2743.0,2747.0,2,2748.0,2749.0,2752.0,2745.0,13.0,357230.0,9194
2023-05-09 21:07:28,fu2403,fu2403,2746.0,0.0,0.0,0.0,6,2743.0,2747.0,4,2748.0,2749.0,2752.0,2745.0,13.0,357230.0,9194
2023-05-09 21:07:31,fu2403,fu2403,2746.0,0.0,0.0,0.0,1,2740.0,2747.0,4,2748.0,2749.0,2752.0,2745.0,13.0,357230.0,9194
2023-05-09 21:07:32,fu2403,fu2403,2746.0,0.0,0.0,0.0,9,2741.0,2747.0,4,2748.0,2749.0,2752.0,2745.0,13.0,357230.0,9194
2023-05-09 21:07:35,fu2403,fu2403,2746.0,0.0,0.0,0.0,9,2741.0,2747.0,2,2748.0,2749.0,2752.0,2745.0,13.0,357230.0,9194
2023-05-09 21:07:37,fu2403,fu2403,2746.0,0.0,0.0,0.0,9,2741.0,2746.0,1,2748.0,2749.0,2752.0,2745.0,13.0,357230.0,9194
2023-05-09 21:07:38,fu2403,fu2403,2746.0,0.0,0.0,0.0,9,2741.0,2746.0,1,2748.0,2749.0,2752.0,2745.0,13.0,357230.0,9194
2023-05-09 21:07:44,fu2403,fu2403,2746.0,0.0,0.0,0.0,9,2741.0,2747.0,1,2748.0,2749.0,2752.0,2745.0,13.0,357230.0,9194
2023-05-09 21:07:45,fu2403,fu2403,2746.0,0.0,0.0,0.0,9,2741.0,2746.0,1,2748.0,2749.0,2752.0,2745.0,13.0,357230.0,9194
2023-05-09 21:07:45,fu2403,fu2403,2746.0,0.0,0.0,0.0,9,2741.0,2747.0,1,2748.0,2749.0,2752.0,2745.0,13.0,357230.0,9194
2023-05-09 21:07:48,fu2403,fu2403,2746.0,0.0,0.0,0.0,9,2741.0,2746.0,1,2748.0,2749.0,2752.0,2745.0,13.0,357230.0,9194
2023-05-09 21:07:50,fu2403,fu2403,2746.0,0.0,0.0,0.0,9,2741.0,2747.0,1,2748.0,2749.0,2752.0,2745.0,13.0,357230.0,9194
2023-05-09 21:07:53,fu2403,fu2403,2746.0,0.0,0.0,0.0,9,2741.0,2749.0,1,2748.0,2749.0,2752.0,2745.0,13.0,357230.0,9194
2023-05-09 21:07:53,fu2403,fu2403,2746.0,0.0,0.0,0.0,9,2741.0,2748.0,1,2748.0,2749.0,2752.0,2745.0,13.0,357230.0,9194
2023-05-09 21:07:54,fu2403,fu2403,2746.0,0.0,0.0,0.0,9,2741.0,2748.0,1,2748.0,2749.0,2752.0,2745.0,13.0,357230.0,9194
2023-05-09 21:07:56,fu2403,fu2403,2746.0,0.0,0.0,0.0,1,2742.0,2749.0,1,2748.0,2749.0,2752.0,2745.0,13.0,357230.0,9194
2023-05-09 21:07:57,fu2403,fu2403,2746.0,0.0,0.0,0.0,7,2743.0,2749.0,1,2748.0,2749.0,2752.0,2745.0,13.0,357230.0,9194
2023-05-09 21:07:57,fu2403,fu2403,2746.0,0.0,0.0,0.0,3,2744.0,2749.0,1,2748.0,2749.0,2752.0,2745.0,13.0,357230.0,9194
2023-05-09 21:07:58,fu2403,fu2403,2746.0,0.0,0.0,0.0,7,2745.0,2749.0,1,2748.0,2749.0,2752.0,2745.0,13.0,357230.0,9194
2023-05-09 21:08:02,fu2403,fu2403,2746.0,0.0,0.0,0.0,7,2745.0,2748.0,1,2748.0,2749.0,2752.0,2745.0,13.0,357230.0,9194
2023-05-09 21:08:04,fu2403,fu2403,2746.0,0.0,0.0,0.0,1,2745.0,2748.0,1,2748.0,2749.0,2752.0,2745.0,13.0,357230.0,9194
2023-05-09 21:08:04,fu2403,fu2403,2746.0,0.0,0.0,0.0,1,2745.0,2748.0,1,2748.0,2749.0,2752.0,2745.0,13.0,357230.0,9194
2023-05-09 21:08:05,fu2403,fu2403,2746.0,0.0,0.0,0.0,1,2745.0,2748.0,1,2748.0,2749.0,2752.0,2745.0,13.0,357230.0,9194
2023-05-09 21:08:06,fu2403,fu2403,2746.0,0.0,0.0,0.0,1,2745.0,2748.0,1,2748.0,2749.0,2752.0,2745.0,13.0,357230.0,9194
2023-05-09 21:08:06,fu2403,fu2403,2746.0,0.0,0.0,0.0,1,2745.0,2748.0,1,2748.0,2749.0,2752.0,2745.0,13.0,357230.0,9194
2023-05-09 21:08:11,fu2403,fu2403,2746.0,0.0,0.0,0.0,1,2740.0,2748.0,3,2748.0,2749.0,2752.0,2745.0,13.0,357230.0,9194
2023-05-09 21:08:12,fu2403,fu2403,2746.0,0.0,0.0,0.0,10,2741.0,2748.0,3,2748.0,2749.0,2752.0,2745.0,13.0,357230.0,9194
2023-05-09 21:08:13,fu2403,fu2403,2746.0,0.0,0.0,0.0,10,2741.0,2748.0,1,2748.0,2749.0,2752.0,2745.0,13.0,357230.0,9194
2023-05-09 21:08:14,fu2403,fu2403,2746.0,0.0,0.0,0.0,10,2741.0,2748.0,1,2748.0,2749.0,2752.0,2745.0,13.0,357230.0,9194
2023-05-09 21:08:24,fu2403,fu2403,2746.0,0.0,0.0,0.0,10,2741.0,2747.0,1,2748.0,2749.0,2752.0,2745.0,13.0,357230.0,9194
2023-05-09 21:08:24,fu2403,fu2403,2746.0,0.0,0.0,0.0,10,2741.0,2747.0,1,2748.0,2749.0,2752.0,2745.0,13.0,357230.0,9194
2023-05-09 21:08:35,fu2403,fu2403,2746.0,0.0,0.0,0.0,10,2741.0,2747.0,1,2748.0,2749.0,2752.0,2745.0,13.0,357230.0,9194
2023-05-09 21:08:50,fu2403,fu2403,2746.0,0.0,0.0,0.0,10,2741.0,2746.0,1,2748.0,2749.0,2752.0,2745.0,13.0,357230.0,9194
2023-05-09 21:08:51,fu2403,fu2403,2746.0,0.0,0.0,0.0,10,2741.0,2747.0,1,2748.0,2749.0,2752.0,2745.0,13.0,357230.0,9194
2023-05-09 21:08:51,fu2403,fu2403,2746.0,0.0,0.0,0.0,10,2741.0,2747.0,1,2748.0,2749.0,2752.0,2745.0,13.0,357230.0,9194
2023-05-09 21:08:52,fu2403,fu2403,2746.0,0.0,0.0,0.0,10,2741.0,2746.0,1,2748.0,2749.0,2752.0,2745.0,13.0,357230.0,9194
2023-05-09 21:08:52,fu2403,fu2403,2746.0,0.0,0.0,0.0,10,2741.0,2747.0,1,2748.0,2749.0,2752.0,2745.0,13.0,357230.0,9194
2023-05-09 21:08:53,fu2403,fu2403,2746.0,0.0,0.0,0.0,10,2741.0,2746.0,1,2748.0,2749.0,2752.0,2745.0,13.0,357230.0,9194
2023-05-09 21:08:56,fu2403,fu2403,2746.0,0.0,0.0,0.0,10,2741.0,2747.0,1,2748.0,2749.0,2752.0,2745.0,13.0,357230.0,9194
2023-05-09 21:09:02,fu2403,fu2403,2746.0,0.0,0.0,0.0,10,2741.0,2746.0,1,2748.0,2749.0,2752.0,2745.0,13.0,357230.0,9194
2023-05-09 21:09:33,fu2403,fu2403,2746.0,0.0,0.0,0.0,10,2741.0,2747.0,1,2748.0,2749.0,2752.0,2745.0,13.0,357230.0,9194
2023-05-09 21:09:33,fu2403,fu2403,2746.0,0.0,0.0,0.0,10,2741.0,2747.0,1,2748.0,2749.0,2752.0,2745.0,13.0,357230.0,9194
2023-05-09 21:09:52,fu2403,fu2403,2746.0,0.0,0.0,0.0,10,2741.0,2746.0,1,2748.0,2749.0,2752.0,2745.0,13.0,357230.0,9194
2023-05-09 21:09:53,fu2403,fu2403,2746.0,0.0,0.0,0.0,10,2741.0,2746.0,1,2748.0,2749.0,2752.0,2745.0,13.0,357230.0,9194
2023-05-09 21:10:02,fu2403,fu2403,2746.0,0.0,0.0,0.0,10,2741.0,2747.0,1,2748.0,2749.0,2752.0,2745.0,13.0,357230.0,9194
2023-05-09 21:10:03,fu2403,fu2403,2746.0,0.0,0.0,0.0,10,2741.0,2747.0,1,2748.0,2749.0,2752.0,2745.0,13.0,357230.0,9194
2023-05-09 21:10:14,fu2403,fu2403,2746.0,0.0,0.0,0.0,10,2741.0,2746.0,1,2748.0,2749.0,2752.0,2745.0,13.0,357230.0,9194
2023-05-09 21:10:14,fu2403,fu2403,2746.0,0.0,0.0,0.0,10,2741.0,2747.0,1,2748.0,2749.0,2752.0,2745.0,13.0,357230.0,9194
2023-05-09 21:10:15,fu2403,fu2403,2746.0,0.0,0.0,0.0,10,2741.0,2746.0,1,2748.0,2749.0,2752.0,2745.0,13.0,357230.0,9194
2023-05-09 21:10:15,fu2403,fu2403,2746.0,0.0,0.0,0.0,10,2741.0,2747.0,2,2748.0,2749.0,2752.0,2745.0,13.0,357230.0,9194
2023-05-09 21:10:45,fu2403,fu2403,2747.0,1.0,27470.0,-1.0,9,2741.0,2747.0,1,2748.0,2749.0,2752.0,2745.0,14.0,384700.0,9193
2023-05-09 21:10:46,fu2403,fu2403,2747.0,0.0,0.0,0.0,9,2741.0,2748.0,1,2748.0,2749.0,2752.0,2745.0,14.0,384700.0,9193
2023-05-09 21:10:54,fu2403,fu2403,2747.0,0.0,0.0,0.0,1,2742.0,2748.0,1,2748.0,2749.0,2752.0,2745.0,14.0,384700.0,9193
2023-05-09 21:10:55,fu2403,fu2403,2747.0,0.0,0.0,0.0,6,2743.0,2748.0,1,2748.0,2749.0,2752.0,2745.0,14.0,384700.0,9193
2023-05-09 21:10:55,fu2403,fu2403,2747.0,0.0,0.0,0.0,3,2744.0,2748.0,1,2748.0,2749.0,2752.0,2745.0,14.0,384700.0,9193
2023-05-09 21:10:56,fu2403,fu2403,2747.0,0.0,0.0,0.0,3,2744.0,2748.0,1,2748.0,2749.0,2752.0,2745.0,14.0,384700.0,9193
2023-05-09 21:10:57,fu2403,fu2403,2747.0,0.0,0.0,0.0,3,2744.0,2750.0,1,2748.0,2749.0,2752.0,2745.0,14.0,384700.0,9193
2023-05-09 21:10:57,fu2403,fu2403,2747.0,0.0,0.0,0.0,6,2745.0,2749.0,1,2748.0,2749.0,2752.0,2745.0,14.0,384700.0,9193
2023-05-09 21:10:58,fu2403,fu2403,2747.0,0.0,0.0,0.0,6,2745.0,2750.0,1,2748.0,2749.0,2752.0,2745.0,14.0,384700.0,9193
2023-05-09 21:10:58,fu2403,fu2403,2747.0,0.0,0.0,0.0,6,2745.0,2749.0,1,2748.0,2749.0,2752.0,2745.0,14.0,384700.0,9193
2023-05-09 21:11:07,fu2403,fu2403,2749.0,1.0,27490.0,0.0,6,2745.0,2750.0,1,2748.0,2749.0,2752.0,2745.0,15.0,412190.0,9193
2023-05-09 21:11:08,fu2403,fu2403,2749.0,0.0,0.0,0.0,1,2746.0,2750.0,1,2748.0,2749.0,2752.0,2745.0,15.0,412190.0,9193
2023-05-09 21:11:08,fu2403,fu2403,2749.0,0.0,0.0,0.0,2,2746.0,2749.0,1,2748.0,2749.0,2752.0,2745.0,15.0,412190.0,9193
2023-05-09 21:11:09,fu2403,fu2403,2749.0,0.0,0.0,0.0,1,2747.0,2749.0,1,2748.0,2749.0,2752.0,2745.0,15.0,412190.0,9193
2023-05-09 21:11:09,fu2403,fu2403,2749.0,0.0,0.0,0.0,3,2746.0,2749.0,1,2748.0,2749.0,2752.0,2745.0,15.0,412190.0,9193
2023-05-09 21:11:10,fu2403,fu2403,2749.0,0.0,0.0,0.0,5,2747.0,2749.0,1,2748.0,2749.0,2752.0,2745.0,15.0,412190.0,9193
2023-05-09 21:11:10,fu2403,fu2403,2749.0,0.0,0.0,0.0,1,2748.0,2750.0,1,2748.0,2749.0,2752.0,2745.0,15.0,412190.0,9193
2023-05-09 21:11:11,fu2403,fu2403,2749.0,0.0,0.0,0.0,6,2748.0,2750.0,1,2748.0,2749.0,2752.0,2745.0,15.0,412190.0,9193
2023-05-09 21:11:12,fu2403,fu2403,2749.0,0.0,0.0,0.0,3,2746.0,2750.0,1,2748.0,2749.0,2752.0,2745.0,15.0,412190.0,9193
2023-05-09 21:11:12,fu2403,fu2403,2749.0,0.0,0.0,0.0,6,2747.0,2749.0,1,2748.0,2749.0,2752.0,2745.0,15.0,412190.0,9193
2023-05-09 21:11:21,fu2403,fu2403,2749.0,0.0,0.0,0.0,6,2747.0,2749.0,1,2748.0,2749.0,2752.0,2745.0,15.0,412190.0,9193
2023-05-09 21:11:42,fu2403,fu2403,2749.0,0.0,0.0,0.0,2,2746.0,2749.0,1,2748.0,2749.0,2752.0,2745.0,15.0,412190.0,9193
2023-05-09 21:11:42,fu2403,fu2403,2749.0,0.0,0.0,0.0,7,2746.0,2749.0,1,2748.0,2749.0,2752.0,2745.0,15.0,412190.0,9193
2023-05-09 21:11:48,fu2403,fu2403,2749.0,0.0,0.0,0.0,1,2747.0,2749.0,1,2748.0,2749.0,2752.0,2745.0,15.0,412190.0,9193
2023-05-09 21:11:48,fu2403,fu2403,2749.0,0.0,0.0,0.0,5,2747.0,2749.0,1,2748.0,2749.0,2752.0,2745.0,15.0,412190.0,9193
2023-05-09 21:11:49,fu2403,fu2403,2749.0,0.0,0.0,0.0,5,2747.0,2749.0,1,2748.0,2749.0,2752.0,2745.0,15.0,412190.0,9193
2023-05-09 21:11:57,fu2403,fu2403,2749.0,0.0,0.0,0.0,1,2748.0,2750.0,1,2748.0,2749.0,2752.0,2745.0,15.0,412190.0,9193
2023-05-09 21:11:57,fu2403,fu2403,2749.0,0.0,0.0,0.0,6,2748.0,2750.0,1,2748.0,2749.0,2752.0,2745.0,15.0,412190.0,9193
2023-05-09 21:12:04,fu2403,fu2403,2749.0,0.0,0.0,0.0,3,2746.0,2750.0,1,2748.0,2749.0,2752.0,2745.0,15.0,412190.0,9193
2023-05-09 21:12:04,fu2403,fu2403,2749.0,0.0,0.0,0.0,6,2747.0,2749.0,1,2748.0,2749.0,2752.0,2745.0,15.0,412190.0,9193
2023-05-09 21:12:11,fu2403,fu2403,2749.0,0.0,0.0,0.0,6,2747.0,2749.0,1,2748.0,2749.0,2752.0,2745.0,15.0,412190.0,9193
2023-05-09 21:12:11,fu2403,fu2403,2749.0,0.0,0.0,0.0,5,2747.0,2749.0,1,2748.0,2749.0,2752.0,2745.0,15.0,412190.0,9193
2023-05-09 21:12:12,fu2403,fu2403,2749.0,0.0,0.0,0.0,7,2746.0,2749.0,1,2748.0,2749.0,2752.0,2745.0,15.0,412190.0,9193
2023-05-09 21:12:12,fu2403,fu2403,2749.0,0.0,0.0,0.0,1,2747.0,2749.0,1,2748.0,2749.0,2752.0,2745.0,15.0,412190.0,9193
2023-05-09 21:12:13,fu2403,fu2403,2749.0,0.0,0.0,0.0,5,2748.0,2749.0,1,2748.0,2749.0,2752.0,2745.0,15.0,412190.0,9193
2023-05-09 21:12:13,fu2403,fu2403,2749.0,0.0,0.0,0.0,5,2748.0,2749.0,1,2748.0,2749.0,2752.0,2745.0,15.0,412190.0,9193
2023-05-09 21:12:16,fu2403,fu2403,2749.0,0.0,0.0,0.0,5,2748.0,2749.0,1,2748.0,2749.0,2752.0,2745.0,15.0,412190.0,9193
2023-05-09 21:12:17,fu2403,fu2403,2749.0,0.0,0.0,0.0,5,2748.0,2749.0,1,2748.0,2749.0,2752.0,2745.0,15.0,412190.0,9193
2023-05-09 21:12:18,fu2403,fu2403,2749.0,0.0,0.0,0.0,5,2748.0,2749.0,1,2748.0,2749.0,2752.0,2745.0,15.0,412190.0,9193
2023-05-09 21:12:21,fu2403,fu2403,2748.0,3.0,82440.0,3.0,2,2748.0,2749.0,1,2748.0,2749.0,2752.0,2745.0,18.0,494630.0,9196
2023-05-09 21:12:22,fu2403,fu2403,2748.0,0.0,0.0,0.0,2,2748.0,2749.0,1,2748.0,2749.0,2752.0,2745.0,18.0,494630.0,9196
2023-05-09 21:12:22,fu2403,fu2403,2748.0,2.0,54960.0,2.0,2,2746.0,2749.0,1,2748.0,2749.0,2752.0,2745.0,20.0,549590.0,9198
2023-05-09 21:12:23,fu2403,fu2403,2748.0,0.0,0.0,0.0,3,2746.0,2749.0,1,2748.0,2749.0,2752.0,2745.0,20.0,549590.0,9198
2023-05-09 21:12:26,fu2403,fu2403,2748.0,0.0,0.0,0.0,1,2747.0,2749.0,1,2748.0,2749.0,2752.0,2745.0,20.0,549590.0,9198
2023-05-09 21:12:26,fu2403,fu2403,2748.0,0.0,0.0,0.0,2,2747.0,2749.0,1,2748.0,2749.0,2752.0,2745.0,20.0,549590.0,9198
2023-05-09 21:12:28,fu2403,fu2403,2748.0,0.0,0.0,0.0,2,2746.0,2749.0,1,2748.0,2749.0,2752.0,2745.0,20.0,549590.0,9198
2023-05-09 21:12:28,fu2403,fu2403,2748.0,0.0,0.0,0.0,3,2746.0,2749.0,1,2748.0,2749.0,2752.0,2745.0,20.0,549590.0,9198
2023-05-09 21:12:29,fu2403,fu2403,2748.0,0.0,0.0,0.0,3,2746.0,2749.0,1,2748.0,2749.0,2752.0,2745.0,20.0,549590.0,9198
2023-05-09 21:12:31,fu2403,fu2403,2748.0,0.0,0.0,0.0,1,2742.0,2749.0,1,2748.0,2749.0,2752.0,2745.0,20.0,549590.0,9198
2023-05-09 21:12:32,fu2403,fu2403,2748.0,0.0,0.0,0.0,5,2743.0,2749.0,1,2748.0,2749.0,2752.0,2745.0,20.0,549590.0,9198
2023-05-09 21:12:44,fu2403,fu2403,2748.0,0.0,0.0,0.0,5,2743.0,2748.0,1,2748.0,2749.0,2752.0,2745.0,20.0,549590.0,9198
2023-05-09 21:12:45,fu2403,fu2403,2748.0,0.0,0.0,0.0,5,2743.0,2747.0,1,2748.0,2749.0,2752.0,2745.0,20.0,549590.0,9198
2023-05-09 21:12:45,fu2403,fu2403,2748.0,0.0,0.0,0.0,5,2743.0,2748.0,2,2748.0,2749.0,2752.0,2745.0,20.0,549590.0,9198
2023-05-09 21:12:46,fu2403,fu2403,2748.0,0.0,0.0,0.0,5,2743.0,2748.0,2,2748.0,2749.0,2752.0,2745.0,20.0,549590.0,9198
2023-05-09 21:12:47,fu2403,fu2403,2748.0,0.0,0.0,0.0,5,2743.0,2748.0,1,2748.0,2749.0,2752.0,2745.0,20.0,549590.0,9198
2023-05-09 21:12:48,fu2403,fu2403,2748.0,0.0,0.0,0.0,5,2743.0,2749.0,2,2748.0,2749.0,2752.0,2745.0,20.0,549590.0,9198
2023-05-09 21:12:48,fu2403,fu2403,2748.0,0.0,0.0,0.0,5,2743.0,2747.0,1,2748.0,2749.0,2752.0,2745.0,20.0,549590.0,9198
2023-05-09 21:12:49,fu2403,fu2403,2748.0,0.0,0.0,0.0,5,2743.0,2747.0,1,2748.0,2749.0,2752.0,2745.0,20.0,549590.0,9198
2023-05-09 21:12:50,fu2403,fu2403,2748.0,0.0,0.0,0.0,5,2743.0,2747.0,1,2748.0,2749.0,2752.0,2745.0,20.0,549590.0,9198
2023-05-09 21:12:51,fu2403,fu2403,2748.0,0.0,0.0,0.0,5,2743.0,2747.0,1,2748.0,2749.0,2752.0,2745.0,20.0,549590.0,9198
2023-05-09 21:13:01,fu2403,fu2403,2747.0,1.0,27470.0,0.0,1,2746.0,2751.0,1,2748.0,2749.0,2752.0,2745.0,21.0,577060.0,9198
2023-05-09 21:13:02,fu2403,fu2403,2747.0,0.0,0.0,0.0,2,2747.0,2750.0,1,2748.0,2749.0,2752.0,2745.0,21.0,577060.0,9198
2023-05-09 21:13:02,fu2403,fu2403,2747.0,0.0,0.0,0.0,1,2747.0,2750.0,1,2748.0,2749.0,2752.0,2745.0,21.0,577060.0,9198
2023-05-09 21:13:03,fu2403,fu2403,2747.0,1.0,27470.0,1.0,3,2743.0,2750.0,1,2748.0,2749.0,2752.0,2745.0,22.0,604530.0,9199
2023-05-09 21:13:03,fu2403,fu2403,2747.0,0.0,0.0,0.0,1,2744.0,2750.0,1,2748.0,2749.0,2752.0,2745.0,22.0,604530.0,9199
2023-05-09 21:13:04,fu2403,fu2403,2747.0,0.0,0.0,0.0,3,2743.0,2750.0,1,2748.0,2749.0,2752.0,2745.0,22.0,604530.0,9199
2023-05-09 21:13:04,fu2403,fu2403,2747.0,0.0,0.0,0.0,1,2744.0,2750.0,1,2748.0,2749.0,2752.0,2745.0,22.0,604530.0,9199
2023-05-09 21:13:05,fu2403,fu2403,2747.0,0.0,0.0,0.0,1,2744.0,2751.0,2,2748.0,2749.0,2752.0,2745.0,22.0,604530.0,9199
2023-05-09 21:13:06,fu2403,fu2403,2747.0,0.0,0.0,0.0,1,2744.0,2750.0,2,2748.0,2749.0,2752.0,2745.0,22.0,604530.0,9199
2023-05-09 21:13:06,fu2403,fu2403,2747.0,0.0,0.0,0.0,1,2744.0,2750.0,1,2748.0,2749.0,2752.0,2745.0,22.0,604530.0,9199
2023-05-09 21:13:07,fu2403,fu2403,2747.0,0.0,0.0,0.0,1,2744.0,2749.0,2,2748.0,2749.0,2752.0,2745.0,22.0,604530.0,9199
2023-05-09 21:13:07,fu2403,fu2403,2747.0,0.0,0.0,0.0,1,2744.0,2749.0,2,2748.0,2749.0,2752.0,2745.0,22.0,604530.0,9199
2023-05-09 21:13:08,fu2403,fu2403,2747.0,0.0,0.0,0.0,1,2744.0,2749.0,2,2748.0,2749.0,2752.0,2745.0,22.0,604530.0,9199
2023-05-09 21:13:08,fu2403,fu2403,2747.0,0.0,0.0,0.0,1,2744.0,2750.0,1,2748.0,2749.0,2752.0,2745.0,22.0,604530.0,9199
2023-05-09 21:13:11,fu2403,fu2403,2747.0,0.0,0.0,0.0,1,2744.0,2750.0,1,2748.0,2749.0,2752.0,2745.0,22.0,604530.0,9199
2023-05-09 21:13:14,fu2403,fu2403,2747.0,0.0,0.0,0.0,1,2744.0,2750.0,1,2748.0,2749.0,2752.0,2745.0,22.0,604530.0,9199
2023-05-09 21:13:15,fu2403,fu2403,2747.0,0.0,0.0,0.0,1,2744.0,2750.0,1,2748.0,2749.0,2752.0,2745.0,22.0,604530.0,9199
2023-05-09 21:13:15,fu2403,fu2403,2747.0,0.0,0.0,0.0,1,2744.0,2750.0,1,2748.0,2749.0,2752.0,2745.0,22.0,604530.0,9199
2023-05-09 21:13:21,fu2403,fu2403,2747.0,0.0,0.0,0.0,1,2744.0,2750.0,1,2748.0,2749.0,2752.0,2745.0,22.0,604530.0,9199
2023-05-09 21:13:22,fu2403,fu2403,2747.0,0.0,0.0,0.0,1,2744.0,2752.0,1,2748.0,2749.0,2752.0,2745.0,22.0,604530.0,9199
2023-05-09 21:13:22,fu2403,fu2403,2747.0,0.0,0.0,0.0,2,2745.0,2751.0,1,2748.0,2749.0,2752.0,2745.0,22.0,604530.0,9199
2023-05-09 21:13:23,fu2403,fu2403,2747.0,0.0,0.0,0.0,4,2746.0,2751.0,1,2748.0,2749.0,2752.0,2745.0,22.0,604530.0,9199
2023-05-09 21:13:24,fu2403,fu2403,2747.0,0.0,0.0,0.0,4,2746.0,2751.0,1,2748.0,2749.0,2752.0,2745.0,22.0,604530.0,9199
2023-05-09 21:13:27,fu2403,fu2403,2747.0,0.0,0.0,0.0,4,2746.0,2751.0,1,2748.0,2749.0,2752.0,2745.0,22.0,604530.0,9199
2023-05-09 21:13:28,fu2403,fu2403,2747.0,0.0,0.0,0.0,4,2746.0,2753.0,2,2748.0,2749.0,2752.0,2745.0,22.0,604530.0,9199
2023-05-09 21:13:28,fu2403,fu2403,2747.0,0.0,0.0,0.0,4,2746.0,2752.0,1,2748.0,2749.0,2752.0,2745.0,22.0,604530.0,9199
2023-05-09 21:13:32,fu2403,fu2403,2747.0,0.0,0.0,0.0,4,2746.0,2752.0,1,2748.0,2749.0,2752.0,2745.0,22.0,604530.0,9199
2023-05-09 21:13:32,fu2403,fu2403,2747.0,0.0,0.0,0.0,4,2746.0,2752.0,1,2748.0,2749.0,2752.0,2745.0,22.0,604530.0,9199
2023-05-09 21:13:33,fu2403,fu2403,2747.0,0.0,0.0,0.0,5,2746.0,2752.0,1,2748.0,2749.0,2752.0,2745.0,22.0,604530.0,9199
2023-05-09 21:13:33,fu2403,fu2403,2747.0,0.0,0.0,0.0,5,2746.0,2752.0,1,2748.0,2749.0,2752.0,2745.0,22.0,604530.0,9199
2023-05-09 21:13:35,fu2403,fu2403,2747.0,0.0,0.0,0.0,5,2746.0,2753.0,1,2748.0,2749.0,2752.0,2745.0,22.0,604530.0,9199
2023-05-09 21:13:35,fu2403,fu2403,2747.0,0.0,0.0,0.0,5,2746.0,2753.0,1,2748.0,2749.0,2752.0,2745.0,22.0,604530.0,9199
2023-05-09 21:13:36,fu2403,fu2403,2747.0,0.0,0.0,0.0,5,2746.0,2753.0,1,2748.0,2749.0,2752.0,2745.0,22.0,604530.0,9199
2023-05-09 21:13:37,fu2403,fu2403,2747.0,0.0,0.0,0.0,5,2746.0,2753.0,1,2748.0,2749.0,2752.0,2745.0,22.0,604530.0,9199
2023-05-09 21:13:39,fu2403,fu2403,2747.0,0.0,0.0,0.0,5,2746.0,2753.0,1,2748.0,2749.0,2752.0,2745.0,22.0,604530.0,9199
2023-05-09 21:13:43,fu2403,fu2403,2747.0,0.0,0.0,0.0,1,2747.0,2753.0,1,2748.0,2749.0,2752.0,2745.0,22.0,604530.0,9199
2023-05-09 21:13:44,fu2403,fu2403,2747.0,0.0,0.0,0.0,1,2748.0,2753.0,1,2748.0,2749.0,2752.0,2745.0,22.0,604530.0,9199
2023-05-09 21:13:44,fu2403,fu2403,2747.0,0.0,0.0,0.0,3,2749.0,2753.0,1,2748.0,2749.0,2752.0,2745.0,22.0,604530.0,9199
2023-05-09 21:13:45,fu2403,fu2403,2747.0,0.0,0.0,0.0,1,2750.0,2753.0,1,2748.0,2749.0,2752.0,2745.0,22.0,604530.0,9199
2023-05-09 21:13:45,fu2403,fu2403,2747.0,0.0,0.0,0.0,4,2749.0,2753.0,1,2748.0,2749.0,2752.0,2745.0,22.0,604530.0,9199
2023-05-09 21:13:46,fu2403,fu2403,2747.0,0.0,0.0,0.0,4,2749.0,2753.0,1,2748.0,2749.0,2752.0,2745.0,22.0,604530.0,9199
2023-05-09 21:13:46,fu2403,fu2403,2753.0,1.0,27530.0,-1.0,4,2749.0,2763.0,1,2748.0,2749.0,2753.0,2745.0,23.0,632060.0,9198
2023-05-09 21:13:47,fu2403,fu2403,2753.0,0.0,0.0,0.0,4,2749.0,2760.0,1,2748.0,2749.0,2753.0,2745.0,23.0,632060.0,9198
2023-05-09 21:13:47,fu2403,fu2403,2753.0,0.0,0.0,0.0,5,2749.0,2759.0,3,2748.0,2749.0,2753.0,2745.0,23.0,632060.0,9198
2023-05-09 21:13:48,fu2403,fu2403,2753.0,0.0,0.0,0.0,1,2750.0,2758.0,1,2748.0,2749.0,2753.0,2745.0,23.0,632060.0,9198
2023-05-09 21:13:48,fu2403,fu2403,2753.0,0.0,0.0,0.0,1,2750.0,2758.0,1,2748.0,2749.0,2753.0,2745.0,23.0,632060.0,9198
2023-05-09 21:13:49,fu2403,fu2403,2753.0,0.0,0.0,0.0,2,2751.0,2758.0,1,2748.0,2749.0,2753.0,2745.0,23.0,632060.0,9198
2023-05-09 21:13:49,fu2403,fu2403,2753.0,0.0,0.0,0.0,3,2752.0,2758.0,1,2748.0,2749.0,2753.0,2745.0,23.0,632060.0,9198
2023-05-09 21:13:50,fu2403,fu2403,2753.0,0.0,0.0,0.0,3,2752.0,2758.0,1,2748.0,2749.0,2753.0,2745.0,23.0,632060.0,9198
2023-05-09 21:13:50,fu2403,fu2403,2753.0,0.0,0.0,0.0,3,2752.0,2758.0,1,2748.0,2749.0,2753.0,2745.0,23.0,632060.0,9198
2023-05-09 21:14:00,fu2403,fu2403,2753.0,0.0,0.0,0.0,3,2752.0,2758.0,3,2748.0,2749.0,2753.0,2745.0,23.0,632060.0,9198
2023-05-09 21:14:01,fu2403,fu2403,2753.0,0.0,0.0,0.0,3,2752.0,2758.0,11,2748.0,2749.0,2753.0,2745.0,23.0,632060.0,9198
2023-05-09 21:14:02,fu2403,fu2403,2753.0,0.0,0.0,0.0,3,2752.0,2758.0,10,2748.0,2749.0,2753.0,2745.0,23.0,632060.0,9198
2023-05-09 21:14:03,fu2403,fu2403,2753.0,0.0,0.0,0.0,3,2752.0,2758.0,11,2748.0,2749.0,2753.0,2745.0,23.0,632060.0,9198
2023-05-09 21:14:03,fu2403,fu2403,2753.0,0.0,0.0,0.0,3,2752.0,2758.0,1,2748.0,2749.0,2753.0,2745.0,23.0,632060.0,9198
2023-05-09 21:14:05,fu2403,fu2403,2753.0,0.0,0.0,0.0,3,2752.0,2758.0,3,2748.0,2749.0,2753.0,2745.0,23.0,632060.0,9198
2023-05-09 21:14:05,fu2403,fu2403,2753.0,0.0,0.0,0.0,3,2752.0,2758.0,11,2748.0,2749.0,2753.0,2745.0,23.0,632060.0,9198
2023-05-09 21:14:10,fu2403,fu2403,2753.0,0.0,0.0,0.0,1,2747.0,2758.0,11,2748.0,2749.0,2753.0,2745.0,23.0,632060.0,9198
2023-05-09 21:14:10,fu2403,fu2403,2753.0,0.0,0.0,0.0,4,2748.0,2758.0,11,2748.0,2749.0,2753.0,2745.0,23.0,632060.0,9198
2023-05-09 21:14:11,fu2403,fu2403,2753.0,0.0,0.0,0.0,4,2748.0,2758.0,12,2748.0,2749.0,2753.0,2745.0,23.0,632060.0,9198
2023-05-09 21:14:13,fu2403,fu2403,2753.0,0.0,0.0,0.0,4,2748.0,2757.0,2,2748.0,2749.0,2753.0,2745.0,23.0,632060.0,9198
2023-05-09 21:14:14,fu2403,fu2403,2753.0,0.0,0.0,0.0,4,2748.0,2756.0,4,2748.0,2749.0,2753.0,2745.0,23.0,632060.0,9198
2023-05-09 21:14:21,fu2403,fu2403,2753.0,0.0,0.0,0.0,4,2748.0,2756.0,6,2748.0,2749.0,2753.0,2745.0,23.0,632060.0,9198
2023-05-09 21:14:22,fu2403,fu2403,2753.0,0.0,0.0,0.0,4,2748.0,2756.0,14,2748.0,2749.0,2753.0,2745.0,23.0,632060.0,9198
2023-05-09 21:14:26,fu2403,fu2403,2753.0,0.0,0.0,0.0,4,2748.0,2755.0,2,2748.0,2749.0,2753.0,2745.0,23.0,632060.0,9198
2023-05-09 21:14:26,fu2403,fu2403,2753.0,0.0,0.0,0.0,4,2748.0,2754.0,1,2748.0,2749.0,2753.0,2745.0,23.0,632060.0,9198
2023-05-09 21:14:27,fu2403,fu2403,2753.0,0.0,0.0,0.0,4,2748.0,2754.0,3,2748.0,2749.0,2753.0,2745.0,23.0,632060.0,9198
2023-05-09 21:14:28,fu2403,fu2403,2753.0,0.0,0.0,0.0,4,2748.0,2754.0,3,2748.0,2749.0,2753.0,2745.0,23.0,632060.0,9198
2023-05-09 21:14:29,fu2403,fu2403,2753.0,0.0,0.0,0.0,5,2748.0,2754.0,3,2748.0,2749.0,2753.0,2745.0,23.0,632060.0,9198
2023-05-09 21:14:31,fu2403,fu2403,2753.0,0.0,0.0,0.0,5,2748.0,2753.0,1,2748.0,2749.0,2753.0,2745.0,23.0,632060.0,9198
2023-05-09 21:14:32,fu2403,fu2403,2753.0,0.0,0.0,0.0,4,2748.0,2752.0,1,2748.0,2749.0,2753.0,2745.0,23.0,632060.0,9198
2023-05-09 21:14:32,fu2403,fu2403,2753.0,0.0,0.0,0.0,5,2748.0,2752.0,1,2748.0,2749.0,2753.0,2745.0,23.0,632060.0,9198
2023-05-09 21:14:33,fu2403,fu2403,2753.0,0.0,0.0,0.0,5,2748.0,2752.0,1,2748.0,2749.0,2753.0,2745.0,23.0,632060.0,9198
2023-05-09 21:14:33,fu2403,fu2403,2753.0,0.0,0.0,0.0,4,2748.0,2752.0,1,2748.0,2749.0,2753.0,2745.0,23.0,632060.0,9198
2023-05-09 21:14:34,fu2403,fu2403,2753.0,0.0,0.0,0.0,5,2748.0,2752.0,1,2748.0,2749.0,2753.0,2745.0,23.0,632060.0,9198
2023-05-09 21:14:40,fu2403,fu2403,2753.0,0.0,0.0,0.0,4,2748.0,2752.0,1,2748.0,2749.0,2753.0,2745.0,23.0,632060.0,9198
2023-05-09 21:14:41,fu2403,fu2403,2753.0,0.0,0.0,0.0,4,2748.0,2752.0,1,2748.0,2749.0,2753.0,2745.0,23.0,632060.0,9198
2023-05-09 21:14:42,fu2403,fu2403,2753.0,0.0,0.0,0.0,4,2748.0,2752.0,1,2748.0,2749.0,2753.0,2745.0,23.0,632060.0,9198
2023-05-09 21:14:48,fu2403,fu2403,2753.0,0.0,0.0,0.0,1,2748.0,2752.0,1,2748.0,2749.0,2753.0,2745.0,23.0,632060.0,9198
2023-05-09 21:14:49,fu2403,fu2403,2753.0,0.0,0.0,0.0,1,2747.0,2752.0,3,2748.0,2749.0,2753.0,2745.0,23.0,632060.0,9198
2023-05-09 21:14:49,fu2403,fu2403,2753.0,0.0,0.0,0.0,1,2748.0,2752.0,3,2748.0,2749.0,2753.0,2745.0,23.0,632060.0,9198
2023-05-09 21:14:50,fu2403,fu2403,2753.0,0.0,0.0,0.0,1,2748.0,2752.0,3,2748.0,2749.0,2753.0,2745.0,23.0,632060.0,9198
2023-05-09 21:14:58,fu2403,fu2403,2753.0,0.0,0.0,0.0,2,2748.0,2752.0,3,2748.0,2749.0,2753.0,2745.0,23.0,632060.0,9198
2023-05-09 21:14:59,fu2403,fu2403,2753.0,0.0,0.0,0.0,1,2748.0,2752.0,3,2748.0,2749.0,2753.0,2745.0,23.0,632060.0,9198
2023-05-09 21:15:00,fu2403,fu2403,2753.0,0.0,0.0,0.0,2,2748.0,2752.0,3,2748.0,2749.0,2753.0,2745.0,23.0,632060.0,9198
2023-05-09 21:15:01,fu2403,fu2403,2753.0,0.0,0.0,0.0,2,2748.0,2752.0,3,2748.0,2749.0,2753.0,2745.0,23.0,632060.0,9198
2023-05-09 21:15:02,fu2403,fu2403,2753.0,0.0,0.0,0.0,2,2748.0,2752.0,1,2748.0,2749.0,2753.0,2745.0,23.0,632060.0,9198
2023-05-09 21:15:02,fu2403,fu2403,2753.0,0.0,0.0,0.0,2,2748.0,2752.0,1,2748.0,2749.0,2753.0,2745.0,23.0,632060.0,9198
2023-05-09 21:15:03,fu2403,fu2403,2753.0,0.0,0.0,0.0,1,2748.0,2752.0,1,2748.0,2749.0,2753.0,2745.0,23.0,632060.0,9198
2023-05-09 21:15:04,fu2403,fu2403,2753.0,0.0,0.0,0.0,1,2748.0,2752.0,1,2748.0,2749.0,2753.0,2745.0,23.0,632060.0,9198
2023-05-09 21:15:05,fu2403,fu2403,2753.0,0.0,0.0,0.0,2,2748.0,2752.0,1,2748.0,2749.0,2753.0,2745.0,23.0,632060.0,9198
2023-05-09 21:15:05,fu2403,fu2403,2753.0,0.0,0.0,0.0,2,2748.0,2752.0,1,2748.0,2749.0,2753.0,2745.0,23.0,632060.0,9198
2023-05-09 21:15:06,fu2403,fu2403,2753.0,0.0,0.0,0.0,1,2749.0,2752.0,1,2748.0,2749.0,2753.0,2745.0,23.0,632060.0,9198
2023-05-09 21:15:06,fu2403,fu2403,2753.0,0.0,0.0,0.0,2,2750.0,2753.0,1,2748.0,2749.0,2753.0,2745.0,23.0,632060.0,9198
2023-05-09 21:15:07,fu2403,fu2403,2753.0,0.0,0.0,0.0,2,2750.0,2753.0,1,2748.0,2749.0,2753.0,2745.0,23.0,632060.0,9198
2023-05-09 21:15:07,fu2403,fu2403,2753.0,0.0,0.0,0.0,2,2750.0,2753.0,1,2748.0,2749.0,2753.0,2745.0,23.0,632060.0,9198
2023-05-09 21:15:08,fu2403,fu2403,2753.0,0.0,0.0,0.0,3,2750.0,2753.0,1,2748.0,2749.0,2753.0,2745.0,23.0,632060.0,9198
2023-05-09 21:15:08,fu2403,fu2403,2753.0,0.0,0.0,0.0,3,2750.0,2753.0,1,2748.0,2749.0,2753.0,2745.0,23.0,632060.0,9198
2023-05-09 21:15:11,fu2403,fu2403,2753.0,0.0,0.0,0.0,2,2750.0,2753.0,1,2748.0,2749.0,2753.0,2745.0,23.0,632060.0,9198
2023-05-09 21:15:11,fu2403,fu2403,2753.0,0.0,0.0,0.0,2,2750.0,2753.0,1,2748.0,2749.0,2753.0,2745.0,23.0,632060.0,9198
2023-05-09 21:15:13,fu2403,fu2403,2753.0,0.0,0.0,0.0,3,2750.0,2753.0,1,2748.0,2749.0,2753.0,2745.0,23.0,632060.0,9198
2023-05-09 21:15:14,fu2403,fu2403,2753.0,0.0,0.0,0.0,3,2750.0,2753.0,1,2748.0,2749.0,2753.0,2745.0,23.0,632060.0,9198
2023-05-09 21:15:14,fu2403,fu2403,2753.0,0.0,0.0,0.0,3,2750.0,2753.0,1,2748.0,2749.0,2753.0,2745.0,23.0,632060.0,9198
2023-05-09 21:15:28,fu2403,fu2403,2753.0,0.0,0.0,0.0,1,2751.0,2753.0,1,2748.0,2749.0,2753.0,2745.0,23.0,632060.0,9198
2023-05-09 21:15:28,fu2403,fu2403,2753.0,0.0,0.0,0.0,1,2751.0,2753.0,1,2748.0,2749.0,2753.0,2745.0,23.0,632060.0,9198
2023-05-09 21:15:29,fu2403,fu2403,2753.0,1.0,27530.0,-1.0,1,2751.0,2758.0,4,2748.0,2749.0,2753.0,2745.0,24.0,659590.0,9197
2023-05-09 21:15:30,fu2403,fu2403,2753.0,0.0,0.0,0.0,1,2752.0,2757.0,1,2748.0,2749.0,2753.0,2745.0,24.0,659590.0,9197
2023-05-09 21:15:30,fu2403,fu2403,2753.0,0.0,0.0,0.0,1,2753.0,2757.0,1,2748.0,2749.0,2753.0,2745.0,24.0,659590.0,9197
2023-05-09 21:15:31,fu2403,fu2403,2753.0,0.0,0.0,0.0,1,2753.0,2757.0,1,2748.0,2749.0,2753.0,2745.0,24.0,659590.0,9197
2023-05-09 21:15:33,fu2403,fu2403,2753.0,0.0,0.0,0.0,1,2753.0,2757.0,1,2748.0,2749.0,2753.0,2745.0,24.0,659590.0,9197
2023-05-09 21:15:41,fu2403,fu2403,2753.0,0.0,0.0,0.0,1,2754.0,2757.0,1,2748.0,2749.0,2753.0,2745.0,24.0,659590.0,9197
2023-05-09 21:15:42,fu2403,fu2403,2753.0,0.0,0.0,0.0,1,2753.0,2757.0,1,2748.0,2749.0,2753.0,2745.0,24.0,659590.0,9197
2023-05-09 21:15:42,fu2403,fu2403,2753.0,0.0,0.0,0.0,1,2754.0,2757.0,1,2748.0,2749.0,2753.0,2745.0,24.0,659590.0,9197
2023-05-09 21:15:43,fu2403,fu2403,2753.0,0.0,0.0,0.0,2,2753.0,2757.0,1,2748.0,2749.0,2753.0,2745.0,24.0,659590.0,9197
2023-05-09 21:15:44,fu2403,fu2403,2753.0,0.0,0.0,0.0,2,2753.0,2757.0,1,2748.0,2749.0,2753.0,2745.0,24.0,659590.0,9197
2023-05-09 21:15:47,fu2403,fu2403,2753.0,0.0,0.0,0.0,3,2753.0,2757.0,1,2748.0,2749.0,2753.0,2745.0,24.0,659590.0,9197
2023-05-09 21:15:47,fu2403,fu2403,2753.0,0.0,0.0,0.0,3,2753.0,2757.0,1,2748.0,2749.0,2753.0,2745.0,24.0,659590.0,9197
2023-05-09 21:15:50,fu2403,fu2403,2753.0,0.0,0.0,0.0,3,2753.0,2757.0,1,2748.0,2749.0,2753.0,2745.0,24.0,659590.0,9197
2023-05-09 21:15:50,fu2403,fu2403,2753.0,0.0,0.0,0.0,1,2754.0,2760.0,4,2748.0,2749.0,2753.0,2745.0,24.0,659590.0,9197
2023-05-09 21:15:51,fu2403,fu2403,2753.0,0.0,0.0,0.0,1,2755.0,2759.0,1,2748.0,2749.0,2753.0,2745.0,24.0,659590.0,9197
2023-05-09 21:15:51,fu2403,fu2403,2753.0,0.0,0.0,0.0,1,2755.0,2759.0,1,2748.0,2749.0,2753.0,2745.0,24.0,659590.0,9197
2023-05-09 21:15:52,fu2403,fu2403,2753.0,0.0,0.0,0.0,1,2754.0,2759.0,1,2748.0,2749.0,2753.0,2745.0,24.0,659590.0,9197
2023-05-09 21:15:53,fu2403,fu2403,2753.0,0.0,0.0,0.0,2,2754.0,2759.0,1,2748.0,2749.0,2753.0,2745.0,24.0,659590.0,9197
2023-05-09 21:15:54,fu2403,fu2403,2753.0,0.0,0.0,0.0,1,2754.0,2759.0,1,2748.0,2749.0,2753.0,2745.0,24.0,659590.0,9197
2023-05-09 21:15:55,fu2403,fu2403,2753.0,0.0,0.0,0.0,2,2754.0,2759.0,1,2748.0,2749.0,2753.0,2745.0,24.0,659590.0,9197
2023-05-09 21:15:56,fu2403,fu2403,2753.0,0.0,0.0,0.0,2,2754.0,2759.0,1,2748.0,2749.0,2753.0,2745.0,24.0,659590.0,9197
2023-05-09 21:15:56,fu2403,fu2403,2753.0,0.0,0.0,0.0,1,2755.0,2759.0,1,2748.0,2749.0,2753.0,2745.0,24.0,659590.0,9197
2023-05-09 21:15:57,fu2403,fu2403,2753.0,0.0,0.0,0.0,4,2756.0,2760.0,1,2748.0,2749.0,2753.0,2745.0,24.0,659590.0,9197
2023-05-09 21:15:57,fu2403,fu2403,2753.0,0.0,0.0,0.0,4,2756.0,2760.0,1,2748.0,2749.0,2753.0,2745.0,24.0,659590.0,9197
2023-05-09 21:15:58,fu2403,fu2403,2753.0,0.0,0.0,0.0,5,2756.0,2760.0,1,2748.0,2749.0,2753.0,2745.0,24.0,659590.0,9197
2023-05-09 21:15:58,fu2403,fu2403,2753.0,0.0,0.0,0.0,5,2756.0,2762.0,1,2748.0,2749.0,2753.0,2745.0,24.0,659590.0,9197
2023-05-09 21:15:59,fu2403,fu2403,2753.0,0.0,0.0,0.0,5,2756.0,2761.0,1,2748.0,2749.0,2753.0,2745.0,24.0,659590.0,9197
2023-05-09 21:16:00,fu2403,fu2403,2753.0,0.0,0.0,0.0,4,2756.0,2761.0,1,2748.0,2749.0,2753.0,2745.0,24.0,659590.0,9197
2023-05-09 21:16:02,fu2403,fu2403,2753.0,0.0,0.0,0.0,1,2756.0,2761.0,1,2748.0,2749.0,2753.0,2745.0,24.0,659590.0,9197
2023-05-09 21:16:03,fu2403,fu2403,2753.0,0.0,0.0,0.0,1,2756.0,2761.0,1,2748.0,2749.0,2753.0,2745.0,24.0,659590.0,9197
2023-05-09 21:16:03,fu2403,fu2403,2753.0,0.0,0.0,0.0,1,2756.0,2761.0,1,2748.0,2749.0,2753.0,2745.0,24.0,659590.0,9197
2023-05-09 21:16:04,fu2403,fu2403,2753.0,0.0,0.0,0.0,2,2755.0,2761.0,1,2748.0,2749.0,2753.0,2745.0,24.0,659590.0,9197
2023-05-09 21:16:04,fu2403,fu2403,2753.0,0.0,0.0,0.0,2,2755.0,2760.0,7,2748.0,2749.0,2753.0,2745.0,24.0,659590.0,9197
2023-05-09 21:16:05,fu2403,fu2403,2753.0,0.0,0.0,0.0,2,2755.0,2759.0,3,2748.0,2749.0,2753.0,2745.0,24.0,659590.0,9197
2023-05-09 21:16:07,fu2403,fu2403,2753.0,0.0,0.0,0.0,2,2753.0,2759.0,3,2748.0,2749.0,2753.0,2745.0,24.0,659590.0,9197
2023-05-09 21:16:08,fu2403,fu2403,2753.0,0.0,0.0,0.0,2,2753.0,2759.0,9,2748.0,2749.0,2753.0,2745.0,24.0,659590.0,9197
2023-05-09 21:16:08,fu2403,fu2403,2753.0,0.0,0.0,0.0,1,2754.0,2759.0,9,2748.0,2749.0,2753.0,2745.0,24.0,659590.0,9197
2023-05-09 21:16:09,fu2403,fu2403,2753.0,0.0,0.0,0.0,2,2753.0,2759.0,9,2748.0,2749.0,2753.0,2745.0,24.0,659590.0,9197
2023-05-09 21:16:09,fu2403,fu2403,2753.0,0.0,0.0,0.0,1,2754.0,2759.0,9,2748.0,2749.0,2753.0,2745.0,24.0,659590.0,9197
2023-05-09 21:16:12,fu2403,fu2403,2753.0,0.0,0.0,0.0,2,2753.0,2759.0,9,2748.0,2749.0,2753.0,2745.0,24.0,659590.0,9197
2023-05-09 21:16:13,fu2403,fu2403,2753.0,0.0,0.0,0.0,2,2753.0,2759.0,9,2748.0,2749.0,2753.0,2745.0,24.0,659590.0,9197
2023-05-09 21:16:13,fu2403,fu2403,2753.0,0.0,0.0,0.0,1,2752.0,2759.0,11,2748.0,2749.0,2753.0,2745.0,24.0,659590.0,9197
2023-05-09 21:16:14,fu2403,fu2403,2753.0,0.0,0.0,0.0,1,2753.0,2758.0,2,2748.0,2749.0,2753.0,2745.0,24.0,659590.0,9197
2023-05-09 21:16:14,fu2403,fu2403,2753.0,0.0,0.0,0.0,1,2753.0,2759.0,2,2748.0,2749.0,2753.0,2745.0,24.0,659590.0,9197
2023-05-09 21:16:15,fu2403,fu2403,2753.0,0.0,0.0,0.0,2,2753.0,2759.0,2,2748.0,2749.0,2753.0,2745.0,24.0,659590.0,9197
2023-05-09 21:16:15,fu2403,fu2403,2753.0,0.0,0.0,0.0,1,2753.0,2758.0,1,2748.0,2749.0,2753.0,2745.0,24.0,659590.0,9197
2023-05-09 21:16:16,fu2403,fu2403,2753.0,0.0,0.0,0.0,2,2753.0,2758.0,1,2748.0,2749.0,2753.0,2745.0,24.0,659590.0,9197
2023-05-09 21:16:18,fu2403,fu2403,2753.0,0.0,0.0,0.0,2,2753.0,2758.0,1,2748.0,2749.0,2753.0,2745.0,24.0,659590.0,9197
2023-05-09 21:16:18,fu2403,fu2403,2753.0,0.0,0.0,0.0,1,2754.0,2766.0,1,2748.0,2749.0,2753.0,2745.0,24.0,659590.0,9197
2023-05-09 21:16:19,fu2403,fu2403,2753.0,0.0,0.0,0.0,4,2755.0,2759.0,1,2748.0,2749.0,2753.0,2745.0,24.0,659590.0,9197
2023-05-09 21:16:19,fu2403,fu2403,2753.0,0.0,0.0,0.0,5,2755.0,2761.0,1,2748.0,2749.0,2753.0,2745.0,24.0,659590.0,9197
2023-05-09 21:16:20,fu2403,fu2403,2753.0,0.0,0.0,0.0,1,2756.0,2760.0,1,2748.0,2749.0,2753.0,2745.0,24.0,659590.0,9197
2023-05-09 21:16:21,fu2403,fu2403,2753.0,0.0,0.0,0.0,1,2757.0,2760.0,1,2748.0,2749.0,2753.0,2745.0,24.0,659590.0,9197
2023-05-09 21:16:21,fu2403,fu2403,2753.0,0.0,0.0,0.0,1,2756.0,2760.0,1,2748.0,2749.0,2753.0,2745.0,24.0,659590.0,9197
2023-05-09 21:16:23,fu2403,fu2403,2753.0,0.0,0.0,0.0,2,2756.0,2760.0,1,2748.0,2749.0,2753.0,2745.0,24.0,659590.0,9197
2023-05-09 21:16:26,fu2403,fu2403,2753.0,0.0,0.0,0.0,1,2756.0,2760.0,1,2748.0,2749.0,2753.0,2745.0,24.0,659590.0,9197
2023-05-09 21:16:28,fu2403,fu2403,2753.0,0.0,0.0,0.0,2,2756.0,2760.0,1,2748.0,2749.0,2753.0,2745.0,24.0,659590.0,9197
2023-05-09 21:16:29,fu2403,fu2403,2753.0,0.0,0.0,0.0,1,2756.0,2760.0,1,2748.0,2749.0,2753.0,2745.0,24.0,659590.0,9197
2023-05-09 21:16:30,fu2403,fu2403,2753.0,0.0,0.0,0.0,2,2756.0,2760.0,1,2748.0,2749.0,2753.0,2745.0,24.0,659590.0,9197
2023-05-09 21:16:30,fu2403,fu2403,2753.0,0.0,0.0,0.0,1,2756.0,2760.0,1,2748.0,2749.0,2753.0,2745.0,24.0,659590.0,9197
2023-05-09 21:16:31,fu2403,fu2403,2753.0,0.0,0.0,0.0,2,2756.0,2760.0,1,2748.0,2749.0,2753.0,2745.0,24.0,659590.0,9197
2023-05-09 21:16:32,fu2403,fu2403,2753.0,0.0,0.0,0.0,1,2756.0,2760.0,1,2748.0,2749.0,2753.0,2745.0,24.0,659590.0,9197
2023-05-09 21:16:57,fu2403,fu2403,2753.0,0.0,0.0,0.0,1,2752.0,2760.0,1,2748.0,2749.0,2753.0,2745.0,24.0,659590.0,9197
2023-05-09 21:16:58,fu2403,fu2403,2753.0,0.0,0.0,0.0,5,2753.0,2760.0,1,2748.0,2749.0,2753.0,2745.0,24.0,659590.0,9197
2023-05-09 21:17:03,fu2403,fu2403,2753.0,0.0,0.0,0.0,5,2753.0,2760.0,1,2748.0,2749.0,2753.0,2745.0,24.0,659590.0,9197
2023-05-09 21:17:31,fu2403,fu2403,2753.0,0.0,0.0,0.0,2,2754.0,2760.0,1,2748.0,2749.0,2753.0,2745.0,24.0,659590.0,9197
2023-05-09 21:17:31,fu2403,fu2403,2753.0,0.0,0.0,0.0,1,2755.0,2760.0,1,2748.0,2749.0,2753.0,2745.0,24.0,659590.0,9197
2023-05-09 21:17:32,fu2403,fu2403,2753.0,0.0,0.0,0.0,1,2755.0,2760.0,1,2748.0,2749.0,2753.0,2745.0,24.0,659590.0,9197
2023-05-09 21:17:33,fu2403,fu2403,2753.0,0.0,0.0,0.0,1,2755.0,2759.0,1,2748.0,2749.0,2753.0,2745.0,24.0,659590.0,9197
2023-05-09 21:17:33,fu2403,fu2403,2753.0,0.0,0.0,0.0,1,2754.0,2758.0,1,2748.0,2749.0,2753.0,2745.0,24.0,659590.0,9197
2023-05-09 21:17:34,fu2403,fu2403,2753.0,0.0,0.0,0.0,2,2754.0,2759.0,2,2748.0,2749.0,2753.0,2745.0,24.0,659590.0,9197
2023-05-09 21:17:43,fu2403,fu2403,2753.0,0.0,0.0,0.0,1,2754.0,2758.0,1,2748.0,2749.0,2753.0,2745.0,24.0,659590.0,9197
2023-05-09 21:17:44,fu2403,fu2403,2753.0,0.0,0.0,0.0,2,2754.0,2757.0,1,2748.0,2749.0,2753.0,2745.0,24.0,659590.0,9197
2023-05-09 21:17:44,fu2403,fu2403,2753.0,0.0,0.0,0.0,1,2755.0,2758.0,2,2748.0,2749.0,2753.0,2745.0,24.0,659590.0,9197
2023-05-09 21:17:45,fu2403,fu2403,2753.0,0.0,0.0,0.0,3,2753.0,2758.0,2,2748.0,2749.0,2753.0,2745.0,24.0,659590.0,9197
2023-05-09 21:17:45,fu2403,fu2403,2753.0,0.0,0.0,0.0,2,2754.0,2758.0,2,2748.0,2749.0,2753.0,2745.0,24.0,659590.0,9197
2023-05-09 21:17:50,fu2403,fu2403,2758.0,1.0,27580.0,0.0,2,2754.0,2758.0,1,2748.0,2749.0,2758.0,2745.0,25.0,687170.0,9197
2023-05-09 21:17:50,fu2403,fu2403,2758.0,0.0,0.0,0.0,2,2754.0,2758.0,1,2748.0,2749.0,2758.0,2745.0,25.0,687170.0,9197
2023-05-09 21:17:53,fu2403,fu2403,2758.0,0.0,0.0,0.0,2,2754.0,2758.0,1,2748.0,2749.0,2758.0,2745.0,25.0,687170.0,9197
2023-05-09 21:18:06,fu2403,fu2403,2758.0,0.0,0.0,0.0,2,2754.0,2759.0,1,2748.0,2749.0,2758.0,2745.0,25.0,687170.0,9197
2023-05-09 21:18:06,fu2403,fu2403,2758.0,0.0,0.0,0.0,2,2754.0,2759.0,1,2748.0,2749.0,2758.0,2745.0,25.0,687170.0,9197
2023-05-09 21:18:07,fu2403,fu2403,2758.0,0.0,0.0,0.0,2,2754.0,2758.0,1,2748.0,2749.0,2758.0,2745.0,25.0,687170.0,9197
2023-05-09 21:18:07,fu2403,fu2403,2758.0,0.0,0.0,0.0,2,2754.0,2758.0,1,2748.0,2749.0,2758.0,2745.0,25.0,687170.0,9197
2023-05-09 21:18:09,fu2403,fu2403,2758.0,0.0,0.0,0.0,2,2754.0,2759.0,1,2748.0,2749.0,2758.0,2745.0,25.0,687170.0,9197
2023-05-09 21:18:09,fu2403,fu2403,2758.0,0.0,0.0,0.0,2,2754.0,2758.0,1,2748.0,2749.0,2758.0,2745.0,25.0,687170.0,9197
2023-05-09 21:18:10,fu2403,fu2403,2758.0,0.0,0.0,0.0,2,2754.0,2759.0,1,2748.0,2749.0,2758.0,2745.0,25.0,687170.0,9197
2023-05-09 21:18:10,fu2403,fu2403,2758.0,0.0,0.0,0.0,2,2754.0,2758.0,1,2748.0,2749.0,2758.0,2745.0,25.0,687170.0,9197
2023-05-09 21:18:11,fu2403,fu2403,2758.0,0.0,0.0,0.0,2,2754.0,2759.0,1,2748.0,2749.0,2758.0,2745.0,25.0,687170.0,9197
2023-05-09 21:18:30,fu2403,fu2403,2758.0,0.0,0.0,0.0,2,2754.0,2759.0,1,2748.0,2749.0,2758.0,2745.0,25.0,687170.0,9197
2023-05-09 21:18:31,fu2403,fu2403,2758.0,0.0,0.0,0.0,2,2754.0,2759.0,1,2748.0,2749.0,2758.0,2745.0,25.0,687170.0,9197
2023-05-09 21:18:31,fu2403,fu2403,2758.0,0.0,0.0,0.0,2,2754.0,2759.0,1,2748.0,2749.0,2758.0,2745.0,25.0,687170.0,9197
2023-05-09 21:18:34,fu2403,fu2403,2759.0,1.0,27590.0,0.0,2,2754.0,2763.0,3,2748.0,2749.0,2759.0,2745.0,26.0,714760.0,9197
2023-05-09 21:18:35,fu2403,fu2403,2759.0,0.0,0.0,0.0,2,2754.0,2762.0,1,2748.0,2749.0,2759.0,2745.0,26.0,714760.0,9197
2023-05-09 21:18:43,fu2403,fu2403,2759.0,0.0,0.0,0.0,2,2754.0,2763.0,12,2748.0,2749.0,2759.0,2745.0,26.0,714760.0,9197
2023-05-09 21:18:43,fu2403,fu2403,2759.0,0.0,0.0,0.0,2,2754.0,2762.0,4,2748.0,2749.0,2759.0,2745.0,26.0,714760.0,9197
2023-05-09 21:18:44,fu2403,fu2403,2759.0,0.0,0.0,0.0,2,2754.0,2762.0,4,2748.0,2749.0,2759.0,2745.0,26.0,714760.0,9197
2023-05-09 21:18:44,fu2403,fu2403,2759.0,0.0,0.0,0.0,2,2754.0,2762.0,6,2748.0,2749.0,2759.0,2745.0,26.0,714760.0,9197
2023-05-09 21:18:45,fu2403,fu2403,2759.0,0.0,0.0,0.0,2,2754.0,2761.0,6,2748.0,2749.0,2759.0,2745.0,26.0,714760.0,9197
2023-05-09 21:18:45,fu2403,fu2403,2759.0,0.0,0.0,0.0,2,2754.0,2760.0,3,2748.0,2749.0,2759.0,2745.0,26.0,714760.0,9197
2023-05-09 21:18:46,fu2403,fu2403,2759.0,0.0,0.0,0.0,2,2754.0,2759.0,1,2748.0,2749.0,2759.0,2745.0,26.0,714760.0,9197
2023-05-09 21:18:46,fu2403,fu2403,2759.0,0.0,0.0,0.0,2,2754.0,2760.0,4,2748.0,2749.0,2759.0,2745.0,26.0,714760.0,9197
2023-05-09 21:18:57,fu2403,fu2403,2759.0,0.0,0.0,0.0,1,2754.0,2760.0,4,2748.0,2749.0,2759.0,2745.0,26.0,714760.0,9197
2023-05-09 21:18:57,fu2403,fu2403,2759.0,0.0,0.0,0.0,2,2754.0,2760.0,4,2748.0,2749.0,2759.0,2745.0,26.0,714760.0,9197
2023-05-09 21:18:58,fu2403,fu2403,2759.0,0.0,0.0,0.0,2,2754.0,2760.0,5,2748.0,2749.0,2759.0,2745.0,26.0,714760.0,9197
2023-05-09 21:19:01,fu2403,fu2403,2759.0,0.0,0.0,0.0,1,2754.0,2760.0,5,2748.0,2749.0,2759.0,2745.0,26.0,714760.0,9197
2023-05-09 21:19:02,fu2403,fu2403,2759.0,0.0,0.0,0.0,1,2754.0,2760.0,9,2748.0,2749.0,2759.0,2745.0,26.0,714760.0,9197
2023-05-09 21:19:02,fu2403,fu2403,2759.0,0.0,0.0,0.0,1,2754.0,2760.0,9,2748.0,2749.0,2759.0,2745.0,26.0,714760.0,9197
2023-05-09 21:19:03,fu2403,fu2403,2759.0,0.0,0.0,0.0,1,2754.0,2760.0,9,2748.0,2749.0,2759.0,2745.0,26.0,714760.0,9197
2023-05-09 21:19:03,fu2403,fu2403,2759.0,0.0,0.0,0.0,1,2754.0,2760.0,10,2748.0,2749.0,2759.0,2745.0,26.0,714760.0,9197
2023-05-09 21:19:04,fu2403,fu2403,2759.0,0.0,0.0,0.0,1,2754.0,2760.0,6,2748.0,2749.0,2759.0,2745.0,26.0,714760.0,9197
2023-05-09 21:19:05,fu2403,fu2403,2759.0,0.0,0.0,0.0,2,2754.0,2760.0,6,2748.0,2749.0,2759.0,2745.0,26.0,714760.0,9197
2023-05-09 21:19:05,fu2403,fu2403,2759.0,0.0,0.0,0.0,1,2754.0,2760.0,10,2748.0,2749.0,2759.0,2745.0,26.0,714760.0,9197
2023-05-09 21:19:06,fu2403,fu2403,2759.0,0.0,0.0,0.0,2,2754.0,2760.0,10,2748.0,2749.0,2759.0,2745.0,26.0,714760.0,9197
2023-05-09 21:19:07,fu2403,fu2403,2759.0,0.0,0.0,0.0,2,2754.0,2760.0,6,2748.0,2749.0,2759.0,2745.0,26.0,714760.0,9197
2023-05-09 21:19:08,fu2403,fu2403,2759.0,0.0,0.0,0.0,2,2754.0,2760.0,6,2748.0,2749.0,2759.0,2745.0,26.0,714760.0,9197
2023-05-09 21:19:15,fu2403,fu2403,2759.0,0.0,0.0,0.0,1,2755.0,2760.0,6,2748.0,2749.0,2759.0,2745.0,26.0,714760.0,9197
2023-05-09 21:19:16,fu2403,fu2403,2759.0,0.0,0.0,0.0,1,2755.0,2760.0,6,2748.0,2749.0,2759.0,2745.0,26.0,714760.0,9197
2023-05-09 21:19:18,fu2403,fu2403,2759.0,0.0,0.0,0.0,1,2755.0,2760.0,6,2748.0,2749.0,2759.0,2745.0,26.0,714760.0,9197
2023-05-09 21:19:23,fu2403,fu2403,2759.0,0.0,0.0,0.0,1,2755.0,2760.0,8,2748.0,2749.0,2759.0,2745.0,26.0,714760.0,9197
2023-05-09 21:19:23,fu2403,fu2403,2759.0,0.0,0.0,0.0,1,2755.0,2760.0,10,2748.0,2749.0,2759.0,2745.0,26.0,714760.0,9197
2023-05-09 21:19:29,fu2403,fu2403,2759.0,0.0,0.0,0.0,1,2759.0,2760.0,10,2748.0,2749.0,2759.0,2745.0,26.0,714760.0,9197
2023-05-09 21:19:30,fu2403,fu2403,2759.0,1.0,27590.0,1.0,1,2755.0,2760.0,10,2748.0,2749.0,2759.0,2745.0,27.0,742350.0,9198
2023-05-09 21:19:50,fu2403,fu2403,2759.0,0.0,0.0,0.0,1,2755.0,2760.0,10,2748.0,2749.0,2759.0,2745.0,27.0,742350.0,9198
2023-05-09 21:19:51,fu2403,fu2403,2759.0,0.0,0.0,0.0,1,2755.0,2760.0,12,2748.0,2749.0,2759.0,2745.0,27.0,742350.0,9198
2023-05-09 21:19:51,fu2403,fu2403,2759.0,0.0,0.0,0.0,1,2755.0,2760.0,10,2748.0,2749.0,2759.0,2745.0,27.0,742350.0,9198
2023-05-09 21:19:53,fu2403,fu2403,2759.0,0.0,0.0,0.0,1,2755.0,2760.0,12,2748.0,2749.0,2759.0,2745.0,27.0,742350.0,9198
2023-05-09 21:19:53,fu2403,fu2403,2759.0,0.0,0.0,0.0,1,2755.0,2760.0,17,2748.0,2749.0,2759.0,2745.0,27.0,742350.0,9198
2023-05-09 21:19:54,fu2403,fu2403,2759.0,1.0,27590.0,0.0,1,2755.0,2759.0,2,2748.0,2749.0,2759.0,2745.0,28.0,769940.0,9198
2023-05-09 21:19:54,fu2403,fu2403,2759.0,0.0,0.0,0.0,1,2755.0,2758.0,5,2748.0,2749.0,2759.0,2745.0,28.0,769940.0,9198
2023-05-09 21:19:55,fu2403,fu2403,2759.0,0.0,0.0,0.0,1,2755.0,2757.0,2,2748.0,2749.0,2759.0,2745.0,28.0,769940.0,9198
2023-05-09 21:19:55,fu2403,fu2403,2759.0,0.0,0.0,0.0,1,2755.0,2757.0,2,2748.0,2749.0,2759.0,2745.0,28.0,769940.0,9198
2023-05-09 21:20:07,fu2403,fu2403,2759.0,0.0,0.0,0.0,1,2755.0,2758.0,1,2748.0,2749.0,2759.0,2745.0,28.0,769940.0,9198
2023-05-09 21:20:08,fu2403,fu2403,2759.0,0.0,0.0,0.0,1,2755.0,2758.0,1,2748.0,2749.0,2759.0,2745.0,28.0,769940.0,9198
2023-05-09 21:20:08,fu2403,fu2403,2759.0,0.0,0.0,0.0,1,2755.0,2757.0,1,2748.0,2749.0,2759.0,2745.0,28.0,769940.0,9198
2023-05-09 21:20:11,fu2403,fu2403,2759.0,0.0,0.0,0.0,3,2752.0,2757.0,1,2748.0,2749.0,2759.0,2745.0,28.0,769940.0,9198
2023-05-09 21:20:11,fu2403,fu2403,2757.0,1.0,27570.0,0.0,2,2753.0,2758.0,1,2748.0,2749.0,2759.0,2745.0,29.0,797510.0,9198
2023-05-09 21:20:12,fu2403,fu2403,2757.0,0.0,0.0,0.0,1,2754.0,2758.0,1,2748.0,2749.0,2759.0,2745.0,29.0,797510.0,9198
2023-05-09 21:20:12,fu2403,fu2403,2757.0,0.0,0.0,0.0,1,2754.0,2758.0,1,2748.0,2749.0,2759.0,2745.0,29.0,797510.0,9198
2023-05-09 21:20:15,fu2403,fu2403,2757.0,0.0,0.0,0.0,2,2752.0,2758.0,1,2748.0,2749.0,2759.0,2745.0,29.0,797510.0,9198
2023-05-09 21:20:16,fu2403,fu2403,2757.0,0.0,0.0,0.0,1,2753.0,2758.0,1,2748.0,2749.0,2759.0,2745.0,29.0,797510.0,9198
2023-05-09 21:20:16,fu2403,fu2403,2757.0,0.0,0.0,0.0,1,2753.0,2758.0,1,2748.0,2749.0,2759.0,2745.0,29.0,797510.0,9198
2023-05-09 21:20:17,fu2403,fu2403,2757.0,0.0,0.0,0.0,2,2753.0,2758.0,1,2748.0,2749.0,2759.0,2745.0,29.0,797510.0,9198
2023-05-09 21:20:30,fu2403,fu2403,2757.0,0.0,0.0,0.0,2,2753.0,2758.0,1,2748.0,2749.0,2759.0,2745.0,29.0,797510.0,9198
2023-05-09 21:20:32,fu2403,fu2403,2757.0,0.0,0.0,0.0,2,2753.0,2759.0,1,2748.0,2749.0,2759.0,2745.0,29.0,797510.0,9198
2023-05-09 21:20:32,fu2403,fu2403,2757.0,0.0,0.0,0.0,2,2753.0,2759.0,1,2748.0,2749.0,2759.0,2745.0,29.0,797510.0,9198
2023-05-09 21:20:35,fu2403,fu2403,2757.0,0.0,0.0,0.0,1,2754.0,2759.0,1,2748.0,2749.0,2759.0,2745.0,29.0,797510.0,9198
2023-05-09 21:20:36,fu2403,fu2403,2757.0,0.0,0.0,0.0,1,2754.0,2759.0,1,2748.0,2749.0,2759.0,2745.0,29.0,797510.0,9198
2023-05-09 21:20:39,fu2403,fu2403,2757.0,0.0,0.0,0.0,2,2754.0,2759.0,1,2748.0,2749.0,2759.0,2745.0,29.0,797510.0,9198
2023-05-09 21:20:54,fu2403,fu2403,2757.0,0.0,0.0,0.0,2,2754.0,2760.0,2,2748.0,2749.0,2759.0,2745.0,29.0,797510.0,9198
2023-05-09 21:20:54,fu2403,fu2403,2757.0,0.0,0.0,0.0,1,2755.0,2760.0,3,2748.0,2749.0,2759.0,2745.0,29.0,797510.0,9198
2023-05-09 21:20:55,fu2403,fu2403,2757.0,0.0,0.0,0.0,1,2755.0,2760.0,3,2748.0,2749.0,2759.0,2745.0,29.0,797510.0,9198
2023-05-09 21:21:03,fu2403,fu2403,2757.0,0.0,0.0,0.0,1,2755.0,2760.0,3,2748.0,2749.0,2759.0,2745.0,29.0,797510.0,9198
2023-05-09 21:21:05,fu2403,fu2403,2757.0,0.0,0.0,0.0,1,2754.0,2760.0,3,2748.0,2749.0,2759.0,2745.0,29.0,797510.0,9198
2023-05-09 21:21:06,fu2403,fu2403,2757.0,0.0,0.0,0.0,2,2754.0,2760.0,8,2748.0,2749.0,2759.0,2745.0,29.0,797510.0,9198
2023-05-09 21:21:16,fu2403,fu2403,2757.0,0.0,0.0,0.0,1,2754.0,2760.0,10,2748.0,2749.0,2759.0,2745.0,29.0,797510.0,9198
2023-05-09 21:21:16,fu2403,fu2403,2757.0,0.0,0.0,0.0,1,2754.0,2760.0,14,2748.0,2749.0,2759.0,2745.0,29.0,797510.0,9198
2023-05-09 21:21:17,fu2403,fu2403,2757.0,0.0,0.0,0.0,1,2754.0,2760.0,16,2748.0,2749.0,2759.0,2745.0,29.0,797510.0,9198
2023-05-09 21:21:17,fu2403,fu2403,2757.0,0.0,0.0,0.0,1,2754.0,2760.0,14,2748.0,2749.0,2759.0,2745.0,29.0,797510.0,9198
2023-05-09 21:21:18,fu2403,fu2403,2757.0,0.0,0.0,0.0,1,2754.0,2759.0,2,2748.0,2749.0,2759.0,2745.0,29.0,797510.0,9198
2023-05-09 21:21:18,fu2403,fu2403,2757.0,0.0,0.0,0.0,1,2754.0,2758.0,5,2748.0,2749.0,2759.0,2745.0,29.0,797510.0,9198
2023-05-09 21:21:19,fu2403,fu2403,2757.0,0.0,0.0,0.0,1,2754.0,2757.0,1,2748.0,2749.0,2759.0,2745.0,29.0,797510.0,9198
2023-05-09 21:21:21,fu2403,fu2403,2757.0,0.0,0.0,0.0,1,2754.0,2758.0,1,2748.0,2749.0,2759.0,2745.0,29.0,797510.0,9198
2023-05-09 21:21:22,fu2403,fu2403,2757.0,0.0,0.0,0.0,1,2754.0,2758.0,1,2748.0,2749.0,2759.0,2745.0,29.0,797510.0,9198
2023-05-09 21:21:59,fu2403,fu2403,2757.0,0.0,0.0,0.0,1,2754.0,2758.0,1,2748.0,2749.0,2759.0,2745.0,29.0,797510.0,9198
2023-05-09 21:21:59,fu2403,fu2403,2757.0,0.0,0.0,0.0,1,2754.0,2758.0,3,2748.0,2749.0,2759.0,2745.0,29.0,797510.0,9198
2023-05-09 21:22:00,fu2403,fu2403,2757.0,0.0,0.0,0.0,1,2754.0,2758.0,6,2748.0,2749.0,2759.0,2745.0,29.0,797510.0,9198
2023-05-09 21:22:00,fu2403,fu2403,2757.0,0.0,0.0,0.0,1,2754.0,2758.0,4,2748.0,2749.0,2759.0,2745.0,29.0,797510.0,9198
2023-05-09 21:22:01,fu2403,fu2403,2757.0,0.0,0.0,0.0,1,2754.0,2758.0,1,2748.0,2749.0,2759.0,2745.0,29.0,797510.0,9198
2023-05-09 21:22:01,fu2403,fu2403,2757.0,0.0,0.0,0.0,1,2754.0,2758.0,1,2748.0,2749.0,2759.0,2745.0,29.0,797510.0,9198
2023-05-09 21:22:02,fu2403,fu2403,2757.0,0.0,0.0,0.0,1,2754.0,2758.0,1,2748.0,2749.0,2759.0,2745.0,29.0,797510.0,9198
2023-05-09 21:22:27,fu2403,fu2403,2757.0,0.0,0.0,0.0,1,2754.0,2758.0,3,2748.0,2749.0,2759.0,2745.0,29.0,797510.0,9198
2023-05-09 21:22:28,fu2403,fu2403,2757.0,0.0,0.0,0.0,1,2754.0,2758.0,12,2748.0,2749.0,2759.0,2745.0,29.0,797510.0,9198
2023-05-09 21:22:28,fu2403,fu2403,2757.0,0.0,0.0,0.0,1,2754.0,2758.0,1,2748.0,2749.0,2759.0,2745.0,29.0,797510.0,9198
2023-05-09 21:22:36,fu2403,fu2403,2757.0,0.0,0.0,0.0,1,2754.0,2758.0,1,2748.0,2749.0,2759.0,2745.0,29.0,797510.0,9198
2023-05-09 21:23:01,fu2403,fu2403,2757.0,0.0,0.0,0.0,1,2754.0,2758.0,3,2748.0,2749.0,2759.0,2745.0,29.0,797510.0,9198
2023-05-09 21:23:02,fu2403,fu2403,2757.0,0.0,0.0,0.0,1,2754.0,2757.0,1,2748.0,2749.0,2759.0,2745.0,29.0,797510.0,9198
2023-05-09 21:23:03,fu2403,fu2403,2757.0,0.0,0.0,0.0,1,2754.0,2758.0,1,2748.0,2749.0,2759.0,2745.0,29.0,797510.0,9198
