time,symbol_id,symbol_name,last,trade_volume,trade_amount,open_interest_change,bv1,bp1,ap1,av1,yesterday_close,today_open,today_high,today_low,volume,amount,open_interest
2023-05-10 08:55:01,si2403,si2403,15350.0,0.0,0.0,0.0,1,14555.0,16390.0,1,15350.0,15105.0,0.0,0.0,0.0,0.0,44
2023-05-10 09:00:00,si2403,si2403,15350.0,0.0,0.0,0.0,1,14560.0,16390.0,1,15350.0,15105.0,0.0,0.0,0.0,0.0,44
2023-05-10 09:00:00,si2403,si2403,15350.0,0.0,0.0,0.0,1,14690.0,15945.0,1,15350.0,15105.0,0.0,0.0,0.0,0.0,44
2023-05-10 09:00:01,si2403,si2403,15350.0,0.0,0.0,0.0,1,14700.0,15695.0,1,15350.0,15105.0,0.0,0.0,0.0,0.0,44
2023-05-10 09:00:02,si2403,si2403,15350.0,0.0,0.0,0.0,1,14700.0,15685.0,1,15350.0,15105.0,0.0,0.0,0.0,0.0,44
2023-05-10 09:00:03,si2403,si2403,15350.0,0.0,0.0,0.0,1,14705.0,15685.0,1,15350.0,15105.0,0.0,0.0,0.0,0.0,44
2023-05-10 09:00:04,si2403,si2403,15350.0,0.0,0.0,0.0,1,14715.0,15680.0,2,15350.0,15105.0,0.0,0.0,0.0,0.0,44
2023-05-10 09:00:04,si2403,si2403,15350.0,0.0,0.0,0.0,1,14715.0,15670.0,1,15350.0,15105.0,0.0,0.0,0.0,0.0,44
2023-05-10 09:00:06,si2403,si2403,15350.0,0.0,0.0,0.0,1,14720.0,15670.0,1,15350.0,15105.0,0.0,0.0,0.0,0.0,44
2023-05-10 09:00:06,si2403,si2403,15350.0,0.0,0.0,0.0,1,14730.0,15670.0,1,15350.0,15105.0,0.0,0.0,0.0,0.0,44
2023-05-10 09:00:07,si2403,si2403,15350.0,0.0,0.0,0.0,1,14730.0,15665.0,1,15350.0,15105.0,0.0,0.0,0.0,0.0,44
2023-05-10 09:00:07,si2403,si2403,15350.0,0.0,0.0,0.0,1,14730.0,15655.0,1,15350.0,15105.0,0.0,0.0,0.0,0.0,44
2023-05-10 09:00:09,si2403,si2403,15350.0,0.0,0.0,0.0,1,14735.0,15655.0,1,15350.0,15105.0,0.0,0.0,0.0,0.0,44
2023-05-10 09:00:09,si2403,si2403,15350.0,0.0,0.0,0.0,1,14745.0,15655.0,1,15350.0,15105.0,0.0,0.0,0.0,0.0,44
2023-05-10 09:00:10,si2403,si2403,15350.0,0.0,0.0,0.0,1,14745.0,15650.0,2,15350.0,15105.0,0.0,0.0,0.0,0.0,44
2023-05-10 09:00:10,si2403,si2403,15350.0,0.0,0.0,0.0,1,14745.0,15640.0,1,15350.0,15105.0,0.0,0.0,0.0,0.0,44
2023-05-10 09:00:11,si2403,si2403,15350.0,0.0,0.0,0.0,1,14750.0,15640.0,1,15350.0,15105.0,0.0,0.0,0.0,0.0,44
2023-05-10 09:00:11,si2403,si2403,15350.0,0.0,0.0,0.0,1,14760.0,15640.0,1,15350.0,15105.0,0.0,0.0,0.0,0.0,44
2023-05-10 09:00:13,si2403,si2403,15350.0,0.0,0.0,0.0,2,14765.0,15635.0,4,15350.0,15105.0,0.0,0.0,0.0,0.0,44
2023-05-10 09:00:13,si2403,si2403,15350.0,0.0,0.0,0.0,1,14775.0,15625.0,1,15350.0,15105.0,0.0,0.0,0.0,0.0,44
2023-05-10 09:00:15,si2403,si2403,15350.0,0.0,0.0,0.0,1,14935.0,15625.0,1,15350.0,15105.0,0.0,0.0,0.0,0.0,44
2023-05-10 09:00:15,si2403,si2403,15350.0,0.0,0.0,0.0,1,14945.0,15625.0,1,15350.0,15105.0,0.0,0.0,0.0,0.0,44
2023-05-10 09:00:16,si2403,si2403,15350.0,0.0,0.0,0.0,1,14945.0,15620.0,2,15350.0,15105.0,0.0,0.0,0.0,0.0,44
2023-05-10 09:00:16,si2403,si2403,15350.0,0.0,0.0,0.0,1,14945.0,15610.0,1,15350.0,15105.0,0.0,0.0,0.0,0.0,44
2023-05-10 09:00:17,si2403,si2403,15350.0,0.0,0.0,0.0,1,14950.0,15610.0,1,15350.0,15105.0,0.0,0.0,0.0,0.0,44
2023-05-10 09:00:18,si2403,si2403,15350.0,0.0,0.0,0.0,1,14960.0,15605.0,3,15350.0,15105.0,0.0,0.0,0.0,0.0,44
2023-05-10 09:00:18,si2403,si2403,15350.0,0.0,0.0,0.0,1,14960.0,15595.0,1,15350.0,15105.0,0.0,0.0,0.0,0.0,44
2023-05-10 09:00:19,si2403,si2403,15350.0,0.0,0.0,0.0,2,14965.0,15595.0,1,15350.0,15105.0,0.0,0.0,0.0,0.0,44
2023-05-10 09:00:20,si2403,si2403,15350.0,0.0,0.0,0.0,1,14975.0,15595.0,1,15350.0,15105.0,0.0,0.0,0.0,0.0,44
2023-05-10 09:00:20,si2403,si2403,15350.0,0.0,0.0,0.0,1,14975.0,15590.0,2,15350.0,15105.0,0.0,0.0,0.0,0.0,44
2023-05-10 09:00:21,si2403,si2403,15350.0,0.0,0.0,0.0,1,14980.0,15580.0,1,15350.0,15105.0,0.0,0.0,0.0,0.0,44
2023-05-10 09:00:21,si2403,si2403,15350.0,0.0,0.0,0.0,1,14990.0,15580.0,1,15350.0,15105.0,0.0,0.0,0.0,0.0,44
2023-05-10 09:00:22,si2403,si2403,15350.0,0.0,0.0,0.0,1,14995.0,15580.0,1,15350.0,15105.0,0.0,0.0,0.0,0.0,44
2023-05-10 09:00:22,si2403,si2403,15350.0,0.0,0.0,0.0,1,15005.0,15580.0,1,15350.0,15105.0,0.0,0.0,0.0,0.0,44
2023-05-10 09:00:24,si2403,si2403,15350.0,0.0,0.0,0.0,1,15010.0,15575.0,1,15350.0,15105.0,0.0,0.0,0.0,0.0,44
2023-05-10 09:00:24,si2403,si2403,15350.0,0.0,0.0,0.0,1,15020.0,15565.0,1,15350.0,15105.0,0.0,0.0,0.0,0.0,44
2023-05-10 09:00:26,si2403,si2403,15350.0,0.0,0.0,0.0,5,15025.0,15560.0,3,15350.0,15105.0,0.0,0.0,0.0,0.0,44
2023-05-10 09:00:26,si2403,si2403,15350.0,0.0,0.0,0.0,1,15035.0,15550.0,1,15350.0,15105.0,0.0,0.0,0.0,0.0,44
2023-05-10 09:00:27,si2403,si2403,15350.0,0.0,0.0,0.0,1,15040.0,15550.0,1,15350.0,15105.0,0.0,0.0,0.0,0.0,44
2023-05-10 09:00:28,si2403,si2403,15350.0,0.0,0.0,0.0,1,15050.0,15545.0,1,15350.0,15105.0,0.0,0.0,0.0,0.0,44
2023-05-10 09:00:28,si2403,si2403,15350.0,0.0,0.0,0.0,1,15050.0,15535.0,1,15350.0,15105.0,0.0,0.0,0.0,0.0,44
2023-05-10 09:00:29,si2403,si2403,15350.0,0.0,0.0,0.0,1,15055.0,15535.0,1,15350.0,15105.0,0.0,0.0,0.0,0.0,44
2023-05-10 09:00:29,si2403,si2403,15350.0,0.0,0.0,0.0,1,15065.0,15535.0,1,15350.0,15105.0,0.0,0.0,0.0,0.0,44
2023-05-10 09:00:30,si2403,si2403,15350.0,0.0,0.0,0.0,1,15065.0,15530.0,4,15350.0,15105.0,0.0,0.0,0.0,0.0,44
2023-05-10 09:00:30,si2403,si2403,15350.0,0.0,0.0,0.0,1,15065.0,15525.0,1,15350.0,15105.0,0.0,0.0,0.0,0.0,44
2023-05-10 09:00:31,si2403,si2403,15350.0,0.0,0.0,0.0,2,15070.0,15525.0,3,15350.0,15105.0,0.0,0.0,0.0,0.0,44
2023-05-10 09:00:31,si2403,si2403,15350.0,0.0,0.0,0.0,1,15080.0,15520.0,1,15350.0,15105.0,0.0,0.0,0.0,0.0,44
2023-05-10 09:00:34,si2403,si2403,15350.0,0.0,0.0,0.0,4,15085.0,15515.0,4,15350.0,15105.0,0.0,0.0,0.0,0.0,44
2023-05-10 09:00:34,si2403,si2403,15350.0,0.0,0.0,0.0,1,15095.0,15515.0,5,15350.0,15105.0,0.0,0.0,0.0,0.0,44
2023-05-10 09:00:35,si2403,si2403,15350.0,0.0,0.0,0.0,1,15095.0,15510.0,1,15350.0,15105.0,0.0,0.0,0.0,0.0,44
2023-05-10 09:00:38,si2403,si2403,15350.0,0.0,0.0,0.0,1,15095.0,15505.0,2,15350.0,15105.0,0.0,0.0,0.0,0.0,44
2023-05-10 09:00:39,si2403,si2403,15350.0,0.0,0.0,0.0,2,15100.0,15505.0,2,15350.0,15105.0,0.0,0.0,0.0,0.0,44
2023-05-10 09:00:39,si2403,si2403,15350.0,0.0,0.0,0.0,1,15110.0,15505.0,2,15350.0,15105.0,0.0,0.0,0.0,0.0,44
2023-05-10 09:00:40,si2403,si2403,15350.0,0.0,0.0,0.0,4,15115.0,15500.0,3,15350.0,15105.0,0.0,0.0,0.0,0.0,44
2023-05-10 09:00:41,si2403,si2403,15350.0,0.0,0.0,0.0,1,15125.0,15500.0,3,15350.0,15105.0,0.0,0.0,0.0,0.0,44
2023-05-10 09:00:42,si2403,si2403,15350.0,0.0,0.0,0.0,1,15125.0,15495.0,2,15350.0,15105.0,0.0,0.0,0.0,0.0,44
2023-05-10 09:00:43,si2403,si2403,15350.0,0.0,0.0,0.0,2,15130.0,15495.0,2,15350.0,15105.0,0.0,0.0,0.0,0.0,44
2023-05-10 09:00:44,si2403,si2403,15350.0,0.0,0.0,0.0,5,15135.0,15490.0,3,15350.0,15105.0,0.0,0.0,0.0,0.0,44
2023-05-10 09:00:44,si2403,si2403,15350.0,0.0,0.0,0.0,2,15140.0,15490.0,3,15350.0,15105.0,0.0,0.0,0.0,0.0,44
2023-05-10 09:00:45,si2403,si2403,15350.0,0.0,0.0,0.0,2,15140.0,15485.0,2,15350.0,15105.0,0.0,0.0,0.0,0.0,44
2023-05-10 09:00:46,si2403,si2403,15350.0,0.0,0.0,0.0,1,15145.0,15480.0,1,15350.0,15105.0,0.0,0.0,0.0,0.0,44
2023-05-10 09:00:47,si2403,si2403,15350.0,0.0,0.0,0.0,3,15150.0,15475.0,2,15350.0,15105.0,0.0,0.0,0.0,0.0,44
2023-05-10 09:00:47,si2403,si2403,15350.0,0.0,0.0,0.0,6,15150.0,15475.0,4,15350.0,15105.0,0.0,0.0,0.0,0.0,44
2023-05-10 09:00:49,si2403,si2403,15350.0,0.0,0.0,0.0,1,15155.0,15470.0,1,15350.0,15105.0,0.0,0.0,0.0,0.0,44
2023-05-10 09:00:51,si2403,si2403,15350.0,0.0,0.0,0.0,2,15160.0,15470.0,1,15350.0,15105.0,0.0,0.0,0.0,0.0,44
2023-05-10 09:00:52,si2403,si2403,15350.0,0.0,0.0,0.0,2,15165.0,15465.0,1,15350.0,15105.0,0.0,0.0,0.0,0.0,44
2023-05-10 09:00:53,si2403,si2403,15350.0,0.0,0.0,0.0,5,15165.0,15465.0,2,15350.0,15105.0,0.0,0.0,0.0,0.0,44
2023-05-10 09:00:53,si2403,si2403,15350.0,0.0,0.0,0.0,2,15170.0,15465.0,2,15350.0,15105.0,0.0,0.0,0.0,0.0,44
2023-05-10 09:00:54,si2403,si2403,15350.0,0.0,0.0,0.0,2,15170.0,15460.0,1,15350.0,15105.0,0.0,0.0,0.0,0.0,44
2023-05-10 09:00:56,si2403,si2403,15350.0,0.0,0.0,0.0,4,15175.0,15455.0,2,15350.0,15105.0,0.0,0.0,0.0,0.0,44
2023-05-10 09:00:56,si2403,si2403,15350.0,0.0,0.0,0.0,5,15175.0,15455.0,2,15350.0,15105.0,0.0,0.0,0.0,0.0,44
2023-05-10 09:00:57,si2403,si2403,15350.0,0.0,0.0,0.0,2,15180.0,15455.0,2,15350.0,15105.0,0.0,0.0,0.0,0.0,44
2023-05-10 09:00:57,si2403,si2403,15350.0,0.0,0.0,0.0,2,15180.0,15455.0,3,15350.0,15105.0,0.0,0.0,0.0,0.0,44
2023-05-10 09:00:58,si2403,si2403,15350.0,0.0,0.0,0.0,4,15180.0,15455.0,3,15350.0,15105.0,0.0,0.0,0.0,0.0,44
2023-05-10 09:00:59,si2403,si2403,15350.0,0.0,0.0,0.0,5,15185.0,15455.0,3,15350.0,15105.0,0.0,0.0,0.0,0.0,44
2023-05-10 09:01:05,si2403,si2403,15350.0,0.0,0.0,0.0,5,15185.0,15455.0,2,15350.0,15105.0,0.0,0.0,0.0,0.0,44
2023-05-10 09:01:39,si2403,si2403,15350.0,0.0,0.0,0.0,1,15235.0,15455.0,2,15350.0,15105.0,0.0,0.0,0.0,0.0,44
2023-05-10 09:01:40,si2403,si2403,15350.0,0.0,0.0,0.0,1,15240.0,15455.0,2,15350.0,15105.0,0.0,0.0,0.0,0.0,44
2023-05-10 09:01:41,si2403,si2403,15350.0,0.0,0.0,0.0,3,15245.0,15455.0,2,15350.0,15105.0,0.0,0.0,0.0,0.0,44
2023-05-10 09:01:44,si2403,si2403,15350.0,0.0,0.0,0.0,1,15250.0,15455.0,2,15350.0,15105.0,0.0,0.0,0.0,0.0,44
2023-05-10 09:01:45,si2403,si2403,15350.0,0.0,0.0,0.0,2,15255.0,15455.0,2,15350.0,15105.0,0.0,0.0,0.0,0.0,44
2023-05-10 09:01:47,si2403,si2403,15350.0,0.0,0.0,0.0,1,15260.0,15455.0,2,15350.0,15105.0,0.0,0.0,0.0,0.0,44
2023-05-10 09:01:48,si2403,si2403,15350.0,0.0,0.0,0.0,2,15265.0,15455.0,2,15350.0,15105.0,0.0,0.0,0.0,0.0,44
2023-05-10 09:01:50,si2403,si2403,15350.0,0.0,0.0,0.0,1,15270.0,15455.0,2,15350.0,15105.0,0.0,0.0,0.0,0.0,44
2023-05-10 09:01:51,si2403,si2403,15350.0,0.0,0.0,0.0,3,15270.0,15455.0,2,15350.0,15105.0,0.0,0.0,0.0,0.0,44
2023-05-10 09:02:01,si2403,si2403,15350.0,0.0,0.0,0.0,1,15270.0,15455.0,2,15350.0,15105.0,0.0,0.0,0.0,0.0,44
2023-05-10 09:02:02,si2403,si2403,15350.0,0.0,0.0,0.0,3,15270.0,15455.0,2,15350.0,15105.0,0.0,0.0,0.0,0.0,44
2023-05-10 09:02:05,si2403,si2403,15350.0,0.0,0.0,0.0,1,15270.0,15455.0,2,15350.0,15105.0,0.0,0.0,0.0,0.0,44
2023-05-10 09:02:06,si2403,si2403,15350.0,0.0,0.0,0.0,2,15275.0,15455.0,2,15350.0,15105.0,0.0,0.0,0.0,0.0,44
2023-05-10 09:02:08,si2403,si2403,15350.0,0.0,0.0,0.0,3,15275.0,15455.0,2,15350.0,15105.0,0.0,0.0,0.0,0.0,44
2023-05-10 09:02:10,si2403,si2403,15350.0,0.0,0.0,0.0,1,15275.0,15455.0,2,15350.0,15105.0,0.0,0.0,0.0,0.0,44
2023-05-10 09:02:10,si2403,si2403,15350.0,0.0,0.0,0.0,2,15280.0,15455.0,2,15350.0,15105.0,0.0,0.0,0.0,0.0,44
2023-05-10 09:02:11,si2403,si2403,15350.0,0.0,0.0,0.0,1,15290.0,15455.0,2,15350.0,15105.0,0.0,0.0,0.0,0.0,44
2023-05-10 09:02:23,si2403,si2403,15350.0,0.0,0.0,0.0,2,15295.0,15455.0,2,15350.0,15105.0,0.0,0.0,0.0,0.0,44
2023-05-10 09:02:24,si2403,si2403,15350.0,0.0,0.0,0.0,1,15300.0,15455.0,2,15350.0,15105.0,0.0,0.0,0.0,0.0,44
2023-05-10 09:03:06,si2403,si2403,15350.0,0.0,0.0,0.0,2,15305.0,15455.0,2,15350.0,15105.0,0.0,0.0,0.0,0.0,44
2023-05-10 09:03:07,si2403,si2403,15350.0,0.0,0.0,0.0,1,15310.0,15455.0,2,15350.0,15105.0,0.0,0.0,0.0,0.0,44
2023-05-10 09:03:41,si2403,si2403,15350.0,0.0,0.0,0.0,1,15310.0,15455.0,1,15350.0,15105.0,0.0,0.0,0.0,0.0,44
2023-05-10 09:03:42,si2403,si2403,15350.0,0.0,0.0,0.0,1,15310.0,15455.0,2,15350.0,15105.0,0.0,0.0,0.0,0.0,44
2023-05-10 09:03:43,si2403,si2403,15350.0,0.0,0.0,0.0,1,15310.0,15455.0,1,15350.0,15105.0,0.0,0.0,0.0,0.0,44
2023-05-10 09:03:44,si2403,si2403,15350.0,0.0,0.0,0.0,3,15315.0,15450.0,1,15350.0,15105.0,0.0,0.0,0.0,0.0,44
2023-05-10 09:03:44,si2403,si2403,15350.0,0.0,0.0,0.0,1,15320.0,15450.0,1,15350.0,15105.0,0.0,0.0,0.0,0.0,44
2023-05-10 09:03:45,si2403,si2403,15350.0,0.0,0.0,0.0,1,15320.0,15450.0,2,15350.0,15105.0,0.0,0.0,0.0,0.0,44
2023-05-10 09:03:46,si2403,si2403,15350.0,0.0,0.0,0.0,1,15320.0,15450.0,1,15350.0,15105.0,0.0,0.0,0.0,0.0,44
2023-05-10 09:03:48,si2403,si2403,15350.0,0.0,0.0,0.0,1,15320.0,15585.0,1,15350.0,15105.0,0.0,0.0,0.0,0.0,44
2023-05-10 09:03:48,si2403,si2403,15350.0,0.0,0.0,0.0,1,15320.0,15580.0,6,15350.0,15105.0,0.0,0.0,0.0,0.0,44
2023-05-10 09:03:49,si2403,si2403,15350.0,0.0,0.0,0.0,1,15320.0,15580.0,8,15350.0,15105.0,0.0,0.0,0.0,0.0,44
2023-05-10 09:03:50,si2403,si2403,15350.0,0.0,0.0,0.0,2,15325.0,15580.0,8,15350.0,15105.0,0.0,0.0,0.0,0.0,44
2023-05-10 09:03:50,si2403,si2403,15350.0,0.0,0.0,0.0,1,15330.0,15580.0,8,15350.0,15105.0,0.0,0.0,0.0,0.0,44
2023-05-10 09:04:22,si2403,si2403,15350.0,0.0,0.0,0.0,1,15330.0,15575.0,1,15350.0,15105.0,0.0,0.0,0.0,0.0,44
2023-05-10 09:04:23,si2403,si2403,15350.0,0.0,0.0,0.0,1,15330.0,15570.0,6,15350.0,15105.0,0.0,0.0,0.0,0.0,44
2023-05-10 09:04:24,si2403,si2403,15350.0,0.0,0.0,0.0,1,15330.0,15570.0,8,15350.0,15105.0,0.0,0.0,0.0,0.0,44
2023-05-10 09:04:25,si2403,si2403,15350.0,0.0,0.0,0.0,1,15125.0,15570.0,8,15350.0,15105.0,0.0,0.0,0.0,0.0,44
2023-05-10 09:04:25,si2403,si2403,15350.0,0.0,0.0,0.0,1,15255.0,15570.0,8,15350.0,15105.0,0.0,0.0,0.0,0.0,44
2023-05-10 09:04:28,si2403,si2403,15350.0,0.0,0.0,0.0,2,15260.0,15570.0,8,15350.0,15105.0,0.0,0.0,0.0,0.0,44
2023-05-10 09:04:29,si2403,si2403,15350.0,0.0,0.0,0.0,1,15280.0,15570.0,8,15350.0,15105.0,0.0,0.0,0.0,0.0,44
2023-05-10 09:04:32,si2403,si2403,15350.0,0.0,0.0,0.0,3,15285.0,15570.0,8,15350.0,15105.0,0.0,0.0,0.0,0.0,44
2023-05-10 09:04:32,si2403,si2403,15350.0,0.0,0.0,0.0,1,15295.0,15570.0,8,15350.0,15105.0,0.0,0.0,0.0,0.0,44
2023-05-10 09:04:33,si2403,si2403,15350.0,0.0,0.0,0.0,1,15295.0,15565.0,2,15350.0,15105.0,0.0,0.0,0.0,0.0,44
2023-05-10 09:04:34,si2403,si2403,15350.0,0.0,0.0,0.0,1,15295.0,15560.0,2,15350.0,15105.0,0.0,0.0,0.0,0.0,44
2023-05-10 09:04:35,si2403,si2403,15350.0,0.0,0.0,0.0,4,15295.0,15555.0,3,15350.0,15105.0,0.0,0.0,0.0,0.0,44
2023-05-10 09:04:36,si2403,si2403,15350.0,0.0,0.0,0.0,4,15295.0,15550.0,2,15350.0,15105.0,0.0,0.0,0.0,0.0,44
2023-05-10 09:04:38,si2403,si2403,15350.0,0.0,0.0,0.0,4,15295.0,15545.0,3,15350.0,15105.0,0.0,0.0,0.0,0.0,44
2023-05-10 09:04:39,si2403,si2403,15350.0,0.0,0.0,0.0,4,15295.0,15540.0,2,15350.0,15105.0,0.0,0.0,0.0,0.0,44
2023-05-10 09:04:44,si2403,si2403,15350.0,0.0,0.0,0.0,4,15295.0,15535.0,3,15350.0,15105.0,0.0,0.0,0.0,0.0,44
2023-05-10 09:04:44,si2403,si2403,15350.0,0.0,0.0,0.0,1,15295.0,15535.0,3,15350.0,15105.0,0.0,0.0,0.0,0.0,44
2023-05-10 09:04:45,si2403,si2403,15350.0,0.0,0.0,0.0,3,15300.0,15530.0,2,15350.0,15105.0,0.0,0.0,0.0,0.0,44
2023-05-10 09:04:45,si2403,si2403,15350.0,0.0,0.0,0.0,1,15310.0,15530.0,2,15350.0,15105.0,0.0,0.0,0.0,0.0,44
2023-05-10 09:04:51,si2403,si2403,15350.0,0.0,0.0,0.0,1,15310.0,15525.0,3,15350.0,15105.0,0.0,0.0,0.0,0.0,44
2023-05-10 09:04:53,si2403,si2403,15350.0,0.0,0.0,0.0,1,15310.0,15520.0,2,15350.0,15105.0,0.0,0.0,0.0,0.0,44
2023-05-10 09:04:55,si2403,si2403,15350.0,0.0,0.0,0.0,1,15310.0,15515.0,3,15350.0,15105.0,0.0,0.0,0.0,0.0,44
2023-05-10 09:05:03,si2403,si2403,15350.0,0.0,0.0,0.0,1,15310.0,15510.0,2,15350.0,15105.0,0.0,0.0,0.0,0.0,44
2023-05-10 09:05:04,si2403,si2403,15350.0,0.0,0.0,0.0,1,15310.0,15505.0,1,15350.0,15105.0,0.0,0.0,0.0,0.0,44
2023-05-10 09:05:04,si2403,si2403,15350.0,0.0,0.0,0.0,1,15310.0,15500.0,1,15350.0,15105.0,0.0,0.0,0.0,0.0,44
2023-05-10 09:05:09,si2403,si2403,15350.0,0.0,0.0,0.0,1,15310.0,15495.0,1,15350.0,15105.0,0.0,0.0,0.0,0.0,44
2023-05-10 09:05:10,si2403,si2403,15350.0,0.0,0.0,0.0,1,15310.0,15490.0,1,15350.0,15105.0,0.0,0.0,0.0,0.0,44
2023-05-10 09:05:14,si2403,si2403,15350.0,0.0,0.0,0.0,1,15310.0,15485.0,1,15350.0,15105.0,0.0,0.0,0.0,0.0,44
2023-05-10 09:05:15,si2403,si2403,15350.0,0.0,0.0,0.0,1,15310.0,15480.0,1,15350.0,15105.0,0.0,0.0,0.0,0.0,44
2023-05-10 09:05:17,si2403,si2403,15350.0,0.0,0.0,0.0,1,15310.0,15475.0,1,15350.0,15105.0,0.0,0.0,0.0,0.0,44
2023-05-10 09:05:19,si2403,si2403,15350.0,0.0,0.0,0.0,1,15310.0,15470.0,1,15350.0,15105.0,0.0,0.0,0.0,0.0,44
2023-05-10 09:05:20,si2403,si2403,15350.0,0.0,0.0,0.0,1,15310.0,15465.0,1,15350.0,15105.0,0.0,0.0,0.0,0.0,44
2023-05-10 09:05:21,si2403,si2403,15350.0,0.0,0.0,0.0,1,15310.0,15460.0,1,15350.0,15105.0,0.0,0.0,0.0,0.0,44
2023-05-10 09:05:28,si2403,si2403,15350.0,0.0,0.0,0.0,1,15310.0,15460.0,2,15350.0,15105.0,0.0,0.0,0.0,0.0,44
2023-05-10 09:05:52,si2403,si2403,15350.0,0.0,0.0,0.0,1,15310.0,15460.0,1,15350.0,15105.0,0.0,0.0,0.0,0.0,44
2023-05-10 09:05:52,si2403,si2403,15350.0,0.0,0.0,0.0,1,15310.0,15455.0,1,15350.0,15105.0,0.0,0.0,0.0,0.0,44
2023-05-10 09:05:57,si2403,si2403,15350.0,0.0,0.0,0.0,2,15315.0,15455.0,1,15350.0,15105.0,0.0,0.0,0.0,0.0,44
2023-05-10 09:05:58,si2403,si2403,15350.0,0.0,0.0,0.0,1,15320.0,15455.0,1,15350.0,15105.0,0.0,0.0,0.0,0.0,44
2023-05-10 09:05:58,si2403,si2403,15350.0,0.0,0.0,0.0,1,15320.0,15455.0,2,15350.0,15105.0,0.0,0.0,0.0,0.0,44
2023-05-10 09:06:06,si2403,si2403,15350.0,0.0,0.0,0.0,1,15320.0,15575.0,1,15350.0,15105.0,0.0,0.0,0.0,0.0,44
2023-05-10 09:06:07,si2403,si2403,15350.0,0.0,0.0,0.0,1,15320.0,15570.0,8,15350.0,15105.0,0.0,0.0,0.0,0.0,44
2023-05-10 09:06:07,si2403,si2403,15350.0,0.0,0.0,0.0,1,15320.0,15565.0,1,15350.0,15105.0,0.0,0.0,0.0,0.0,44
2023-05-10 09:06:08,si2403,si2403,15350.0,0.0,0.0,0.0,1,15320.0,15560.0,2,15350.0,15105.0,0.0,0.0,0.0,0.0,44
2023-05-10 09:06:11,si2403,si2403,15350.0,0.0,0.0,0.0,1,15320.0,15555.0,3,15350.0,15105.0,0.0,0.0,0.0,0.0,44
2023-05-10 09:06:12,si2403,si2403,15350.0,0.0,0.0,0.0,1,15320.0,15550.0,2,15350.0,15105.0,0.0,0.0,0.0,0.0,44
2023-05-10 09:06:16,si2403,si2403,15350.0,0.0,0.0,0.0,1,15320.0,15545.0,3,15350.0,15105.0,0.0,0.0,0.0,0.0,44
2023-05-10 09:06:17,si2403,si2403,15350.0,0.0,0.0,0.0,1,15320.0,15540.0,2,15350.0,15105.0,0.0,0.0,0.0,0.0,44
2023-05-10 09:06:18,si2403,si2403,15350.0,0.0,0.0,0.0,1,15320.0,15535.0,3,15350.0,15105.0,0.0,0.0,0.0,0.0,44
2023-05-10 09:06:21,si2403,si2403,15350.0,0.0,0.0,0.0,1,15320.0,15530.0,2,15350.0,15105.0,0.0,0.0,0.0,0.0,44
2023-05-10 09:06:22,si2403,si2403,15350.0,0.0,0.0,0.0,1,15320.0,15525.0,2,15350.0,15105.0,0.0,0.0,0.0,0.0,44
2023-05-10 09:06:23,si2403,si2403,15350.0,0.0,0.0,0.0,1,15320.0,15520.0,1,15350.0,15105.0,0.0,0.0,0.0,0.0,44
2023-05-10 09:06:24,si2403,si2403,15350.0,0.0,0.0,0.0,1,15320.0,15520.0,3,15350.0,15105.0,0.0,0.0,0.0,0.0,44
2023-05-10 09:06:30,si2403,si2403,15350.0,0.0,0.0,0.0,1,15320.0,15515.0,2,15350.0,15105.0,0.0,0.0,0.0,0.0,44
2023-05-10 09:06:32,si2403,si2403,15350.0,0.0,0.0,0.0,1,15320.0,15510.0,2,15350.0,15105.0,0.0,0.0,0.0,0.0,44
2023-05-10 09:06:33,si2403,si2403,15350.0,0.0,0.0,0.0,1,15320.0,15510.0,3,15350.0,15105.0,0.0,0.0,0.0,0.0,44
2023-05-10 09:06:36,si2403,si2403,15350.0,0.0,0.0,0.0,1,15320.0,15505.0,1,15350.0,15105.0,0.0,0.0,0.0,0.0,44
2023-05-10 09:06:37,si2403,si2403,15350.0,0.0,0.0,0.0,1,15320.0,15500.0,1,15350.0,15105.0,0.0,0.0,0.0,0.0,44
2023-05-10 09:06:39,si2403,si2403,15350.0,0.0,0.0,0.0,1,15320.0,15495.0,1,15350.0,15105.0,0.0,0.0,0.0,0.0,44
2023-05-10 09:06:40,si2403,si2403,15350.0,0.0,0.0,0.0,1,15320.0,15495.0,3,15350.0,15105.0,0.0,0.0,0.0,0.0,44
2023-05-10 09:06:43,si2403,si2403,15350.0,0.0,0.0,0.0,1,15320.0,15490.0,1,15350.0,15105.0,0.0,0.0,0.0,0.0,44
2023-05-10 09:06:45,si2403,si2403,15350.0,0.0,0.0,0.0,1,15320.0,15485.0,1,15350.0,15105.0,0.0,0.0,0.0,0.0,44
2023-05-10 09:06:46,si2403,si2403,15350.0,0.0,0.0,0.0,1,15320.0,15480.0,1,15350.0,15105.0,0.0,0.0,0.0,0.0,44
2023-05-10 09:06:48,si2403,si2403,15350.0,0.0,0.0,0.0,1,15320.0,15475.0,1,15350.0,15105.0,0.0,0.0,0.0,0.0,44
2023-05-10 09:06:54,si2403,si2403,15350.0,0.0,0.0,0.0,1,15320.0,15470.0,1,15350.0,15105.0,0.0,0.0,0.0,0.0,44
2023-05-10 09:06:55,si2403,si2403,15350.0,0.0,0.0,0.0,1,15320.0,15465.0,1,15350.0,15105.0,0.0,0.0,0.0,0.0,44
2023-05-10 09:06:56,si2403,si2403,15350.0,0.0,0.0,0.0,1,15125.0,15465.0,1,15350.0,15105.0,0.0,0.0,0.0,0.0,44
2023-05-10 09:06:56,si2403,si2403,15350.0,0.0,0.0,0.0,1,15245.0,15465.0,1,15350.0,15105.0,0.0,0.0,0.0,0.0,44
2023-05-10 09:07:00,si2403,si2403,15350.0,0.0,0.0,0.0,4,15250.0,15465.0,1,15350.0,15105.0,0.0,0.0,0.0,0.0,44
2023-05-10 09:07:01,si2403,si2403,15350.0,0.0,0.0,0.0,1,15270.0,15460.0,1,15350.0,15105.0,0.0,0.0,0.0,0.0,44
2023-05-10 09:07:02,si2403,si2403,15350.0,0.0,0.0,0.0,1,15270.0,15455.0,1,15350.0,15105.0,0.0,0.0,0.0,0.0,44
2023-05-10 09:07:03,si2403,si2403,15350.0,0.0,0.0,0.0,3,15275.0,15455.0,1,15350.0,15105.0,0.0,0.0,0.0,0.0,44
2023-05-10 09:07:04,si2403,si2403,15350.0,0.0,0.0,0.0,1,15285.0,15450.0,1,15350.0,15105.0,0.0,0.0,0.0,0.0,44
2023-05-10 09:07:08,si2403,si2403,15350.0,0.0,0.0,0.0,3,15285.0,15445.0,1,15350.0,15105.0,0.0,0.0,0.0,0.0,44
2023-05-10 09:07:08,si2403,si2403,15350.0,0.0,0.0,0.0,4,15285.0,15445.0,1,15350.0,15105.0,0.0,0.0,0.0,0.0,44
2023-05-10 09:07:09,si2403,si2403,15350.0,0.0,0.0,0.0,4,15285.0,15445.0,2,15350.0,15105.0,0.0,0.0,0.0,0.0,44
2023-05-10 09:07:11,si2403,si2403,15350.0,0.0,0.0,0.0,4,15285.0,15565.0,1,15350.0,15105.0,0.0,0.0,0.0,0.0,44
2023-05-10 09:07:12,si2403,si2403,15350.0,0.0,0.0,0.0,4,15285.0,15560.0,4,15350.0,15105.0,0.0,0.0,0.0,0.0,44
2023-05-10 09:07:12,si2403,si2403,15350.0,0.0,0.0,0.0,4,15285.0,15555.0,1,15350.0,15105.0,0.0,0.0,0.0,0.0,44
2023-05-10 09:07:15,si2403,si2403,15350.0,0.0,0.0,0.0,4,15285.0,15550.0,6,15350.0,15105.0,0.0,0.0,0.0,0.0,44
2023-05-10 09:07:15,si2403,si2403,15350.0,0.0,0.0,0.0,4,15285.0,15550.0,8,15350.0,15105.0,0.0,0.0,0.0,0.0,44
2023-05-10 09:07:16,si2403,si2403,15350.0,0.0,0.0,0.0,2,15285.0,15550.0,8,15350.0,15105.0,0.0,0.0,0.0,0.0,44
2023-05-10 09:07:17,si2403,si2403,15350.0,0.0,0.0,0.0,2,15290.0,15550.0,8,15350.0,15105.0,0.0,0.0,0.0,0.0,44
2023-05-10 09:07:17,si2403,si2403,15350.0,0.0,0.0,0.0,3,15290.0,15550.0,5,15350.0,15105.0,0.0,0.0,0.0,0.0,44
2023-05-10 09:07:18,si2403,si2403,15350.0,0.0,0.0,0.0,1,15300.0,15550.0,5,15350.0,15105.0,0.0,0.0,0.0,0.0,44
2023-05-10 09:07:21,si2403,si2403,15350.0,0.0,0.0,0.0,1,15300.0,15550.0,8,15350.0,15105.0,0.0,0.0,0.0,0.0,44
2023-05-10 09:07:22,si2403,si2403,15350.0,0.0,0.0,0.0,1,15300.0,15545.0,2,15350.0,15105.0,0.0,0.0,0.0,0.0,44
2023-05-10 09:07:23,si2403,si2403,15350.0,0.0,0.0,0.0,1,15300.0,15540.0,5,15350.0,15105.0,0.0,0.0,0.0,0.0,44
2023-05-10 09:07:24,si2403,si2403,15350.0,0.0,0.0,0.0,4,15300.0,15540.0,5,15350.0,15105.0,0.0,0.0,0.0,0.0,44
2023-05-10 09:07:28,si2403,si2403,15350.0,0.0,0.0,0.0,1,15300.0,15540.0,5,15350.0,15105.0,0.0,0.0,0.0,0.0,44
2023-05-10 09:07:28,si2403,si2403,15350.0,0.0,0.0,0.0,4,15300.0,15540.0,5,15350.0,15105.0,0.0,0.0,0.0,0.0,44
2023-05-10 09:07:31,si2403,si2403,15350.0,0.0,0.0,0.0,1,15300.0,15540.0,5,15350.0,15105.0,0.0,0.0,0.0,0.0,44
2023-05-10 09:08:05,si2403,si2403,15350.0,0.0,0.0,0.0,1,15300.0,15535.0,2,15350.0,15105.0,0.0,0.0,0.0,0.0,44
2023-05-10 09:08:06,si2403,si2403,15350.0,0.0,0.0,0.0,1,15300.0,15530.0,2,15350.0,15105.0,0.0,0.0,0.0,0.0,44
2023-05-10 09:08:06,si2403,si2403,15350.0,0.0,0.0,0.0,1,15300.0,15525.0,2,15350.0,15105.0,0.0,0.0,0.0,0.0,44
2023-05-10 09:08:07,si2403,si2403,15350.0,0.0,0.0,0.0,1,15300.0,15525.0,3,15350.0,15105.0,0.0,0.0,0.0,0.0,44
2023-05-10 09:08:11,si2403,si2403,15350.0,0.0,0.0,0.0,1,15300.0,15520.0,2,15350.0,15105.0,0.0,0.0,0.0,0.0,44
2023-05-10 09:08:15,si2403,si2403,15350.0,0.0,0.0,0.0,1,15300.0,15515.0,1,15350.0,15105.0,0.0,0.0,0.0,0.0,44
2023-05-10 09:08:15,si2403,si2403,15350.0,0.0,0.0,0.0,1,15300.0,15515.0,3,15350.0,15105.0,0.0,0.0,0.0,0.0,44
2023-05-10 09:08:21,si2403,si2403,15350.0,0.0,0.0,0.0,1,15300.0,15510.0,2,15350.0,15105.0,0.0,0.0,0.0,0.0,44
2023-05-10 09:08:23,si2403,si2403,15350.0,0.0,0.0,0.0,1,15300.0,15505.0,2,15350.0,15105.0,0.0,0.0,0.0,0.0,44
2023-05-10 09:08:26,si2403,si2403,15350.0,0.0,0.0,0.0,1,15300.0,15500.0,2,15350.0,15105.0,0.0,0.0,0.0,0.0,44
2023-05-10 09:08:47,si2403,si2403,15350.0,0.0,0.0,0.0,1,15300.0,15495.0,2,15350.0,15105.0,0.0,0.0,0.0,0.0,44
2023-05-10 09:08:48,si2403,si2403,15350.0,0.0,0.0,0.0,1,15300.0,15490.0,1,15350.0,15105.0,0.0,0.0,0.0,0.0,44
2023-05-10 09:08:49,si2403,si2403,15350.0,0.0,0.0,0.0,1,15300.0,15485.0,1,15350.0,15105.0,0.0,0.0,0.0,0.0,44
2023-05-10 09:08:51,si2403,si2403,15350.0,0.0,0.0,0.0,1,15300.0,15480.0,1,15350.0,15105.0,0.0,0.0,0.0,0.0,44
2023-05-10 09:08:53,si2403,si2403,15350.0,0.0,0.0,0.0,1,15300.0,15475.0,1,15350.0,15105.0,0.0,0.0,0.0,0.0,44
2023-05-10 09:08:59,si2403,si2403,15350.0,0.0,0.0,0.0,1,15300.0,15470.0,1,15350.0,15105.0,0.0,0.0,0.0,0.0,44
2023-05-10 09:09:05,si2403,si2403,15350.0,0.0,0.0,0.0,1,15300.0,15465.0,1,15350.0,15105.0,0.0,0.0,0.0,0.0,44
2023-05-10 09:09:06,si2403,si2403,15350.0,0.0,0.0,0.0,1,15300.0,15460.0,1,15350.0,15105.0,0.0,0.0,0.0,0.0,44
2023-05-10 09:09:08,si2403,si2403,15350.0,0.0,0.0,0.0,1,15300.0,15455.0,1,15350.0,15105.0,0.0,0.0,0.0,0.0,44
2023-05-10 09:09:13,si2403,si2403,15350.0,0.0,0.0,0.0,1,15300.0,15450.0,1,15350.0,15105.0,0.0,0.0,0.0,0.0,44
2023-05-10 09:09:15,si2403,si2403,15350.0,0.0,0.0,0.0,1,15300.0,15450.0,2,15350.0,15105.0,0.0,0.0,0.0,0.0,44
2023-05-10 09:09:20,si2403,si2403,15350.0,0.0,0.0,0.0,1,15300.0,15555.0,1,15350.0,15105.0,0.0,0.0,0.0,0.0,44
2023-05-10 09:09:20,si2403,si2403,15350.0,0.0,0.0,0.0,1,15300.0,15550.0,3,15350.0,15105.0,0.0,0.0,0.0,0.0,44
2023-05-10 09:09:21,si2403,si2403,15350.0,0.0,0.0,0.0,1,15300.0,15545.0,2,15350.0,15105.0,0.0,0.0,0.0,0.0,44
2023-05-10 09:09:22,si2403,si2403,15350.0,0.0,0.0,0.0,1,15300.0,15540.0,2,15350.0,15105.0,0.0,0.0,0.0,0.0,44
2023-05-10 09:09:23,si2403,si2403,15350.0,0.0,0.0,0.0,1,15300.0,15540.0,3,15350.0,15105.0,0.0,0.0,0.0,0.0,44
2023-05-10 09:09:25,si2403,si2403,15350.0,0.0,0.0,0.0,1,15300.0,15535.0,2,15350.0,15105.0,0.0,0.0,0.0,0.0,44
2023-05-10 09:09:29,si2403,si2403,15350.0,0.0,0.0,0.0,1,15300.0,15530.0,2,15350.0,15105.0,0.0,0.0,0.0,0.0,44
2023-05-10 09:09:30,si2403,si2403,15350.0,0.0,0.0,0.0,1,15300.0,15525.0,2,15350.0,15105.0,0.0,0.0,0.0,0.0,44
2023-05-10 09:09:31,si2403,si2403,15350.0,0.0,0.0,0.0,1,15300.0,15520.0,1,15350.0,15105.0,0.0,0.0,0.0,0.0,44
2023-05-10 09:09:31,si2403,si2403,15350.0,0.0,0.0,0.0,1,15300.0,15515.0,2,15350.0,15105.0,0.0,0.0,0.0,0.0,44
2023-05-10 09:09:32,si2403,si2403,15350.0,0.0,0.0,0.0,1,15300.0,15510.0,2,15350.0,15105.0,0.0,0.0,0.0,0.0,44
2023-05-10 09:09:34,si2403,si2403,15350.0,0.0,0.0,0.0,1,15300.0,15505.0,3,15350.0,15105.0,0.0,0.0,0.0,0.0,44
2023-05-10 09:10:07,si2403,si2403,15350.0,0.0,0.0,0.0,1,15300.0,15500.0,2,15350.0,15105.0,0.0,0.0,0.0,0.0,44
2023-05-10 09:10:07,si2403,si2403,15350.0,0.0,0.0,0.0,1,15300.0,15505.0,3,15350.0,15105.0,0.0,0.0,0.0,0.0,44
2023-05-10 09:10:08,si2403,si2403,15350.0,0.0,0.0,0.0,1,15300.0,15505.0,1,15350.0,15105.0,0.0,0.0,0.0,0.0,44
2023-05-10 09:10:08,si2403,si2403,15350.0,0.0,0.0,0.0,1,15300.0,15500.0,2,15350.0,15105.0,0.0,0.0,0.0,0.0,44
2023-05-10 09:10:10,si2403,si2403,15350.0,0.0,0.0,0.0,1,15300.0,15495.0,2,15350.0,15105.0,0.0,0.0,0.0,0.0,44
2023-05-10 09:10:13,si2403,si2403,15350.0,0.0,0.0,0.0,1,15300.0,15490.0,2,15350.0,15105.0,0.0,0.0,0.0,0.0,44
2023-05-10 09:10:53,si2403,si2403,15350.0,0.0,0.0,0.0,1,15300.0,15485.0,2,15350.0,15105.0,0.0,0.0,0.0,0.0,44
2023-05-10 09:10:55,si2403,si2403,15350.0,0.0,0.0,0.0,1,15300.0,15480.0,2,15350.0,15105.0,0.0,0.0,0.0,0.0,44
2023-05-10 09:11:35,si2403,si2403,15350.0,0.0,0.0,0.0,2,15305.0,15480.0,2,15350.0,15105.0,0.0,0.0,0.0,0.0,44
2023-05-10 09:11:36,si2403,si2403,15350.0,0.0,0.0,0.0,1,15310.0,15480.0,2,15350.0,15105.0,0.0,0.0,0.0,0.0,44
2023-05-10 09:12:18,si2403,si2403,15350.0,0.0,0.0,0.0,1,15310.0,15475.0,2,15350.0,15105.0,0.0,0.0,0.0,0.0,44
2023-05-10 09:12:20,si2403,si2403,15350.0,0.0,0.0,0.0,1,15310.0,15470.0,2,15350.0,15105.0,0.0,0.0,0.0,0.0,44
2023-05-10 09:12:28,si2403,si2403,15350.0,0.0,0.0,0.0,1,15310.0,15470.0,3,15350.0,15105.0,0.0,0.0,0.0,0.0,44
2023-05-10 09:12:35,si2403,si2403,15350.0,0.0,0.0,0.0,1,15145.0,15470.0,3,15350.0,15105.0,0.0,0.0,0.0,0.0,44
2023-05-10 09:12:35,si2403,si2403,15350.0,0.0,0.0,0.0,1,15230.0,15470.0,3,15350.0,15105.0,0.0,0.0,0.0,0.0,44
2023-05-10 09:12:41,si2403,si2403,15350.0,0.0,0.0,0.0,4,15235.0,15470.0,3,15350.0,15105.0,0.0,0.0,0.0,0.0,44
2023-05-10 09:12:42,si2403,si2403,15350.0,0.0,0.0,0.0,1,15255.0,15470.0,3,15350.0,15105.0,0.0,0.0,0.0,0.0,44
2023-05-10 09:12:44,si2403,si2403,15350.0,0.0,0.0,0.0,1,15260.0,15470.0,3,15350.0,15105.0,0.0,0.0,0.0,0.0,44
2023-05-10 09:12:44,si2403,si2403,15350.0,0.0,0.0,0.0,1,15270.0,15470.0,3,15350.0,15105.0,0.0,0.0,0.0,0.0,44
2023-05-10 09:12:45,si2403,si2403,15350.0,0.0,0.0,0.0,2,15270.0,15470.0,3,15350.0,15105.0,0.0,0.0,0.0,0.0,44
2023-05-10 09:12:45,si2403,si2403,15350.0,0.0,0.0,0.0,3,15270.0,15470.0,3,15350.0,15105.0,0.0,0.0,0.0,0.0,44
2023-05-10 09:12:49,si2403,si2403,15350.0,0.0,0.0,0.0,4,15270.0,15470.0,3,15350.0,15105.0,0.0,0.0,0.0,0.0,44
2023-05-10 09:13:00,si2403,si2403,15350.0,0.0,0.0,0.0,2,15275.0,15470.0,3,15350.0,15105.0,0.0,0.0,0.0,0.0,44
2023-05-10 09:13:01,si2403,si2403,15350.0,0.0,0.0,0.0,1,15285.0,15470.0,3,15350.0,15105.0,0.0,0.0,0.0,0.0,44
2023-05-10 09:13:08,si2403,si2403,15350.0,0.0,0.0,0.0,1,15285.0,15465.0,2,15350.0,15105.0,0.0,0.0,0.0,0.0,44
2023-05-10 09:13:09,si2403,si2403,15350.0,0.0,0.0,0.0,1,15285.0,15470.0,3,15350.0,15105.0,0.0,0.0,0.0,0.0,44
2023-05-10 09:13:09,si2403,si2403,15350.0,0.0,0.0,0.0,1,15285.0,15470.0,1,15350.0,15105.0,0.0,0.0,0.0,0.0,44
2023-05-10 09:13:10,si2403,si2403,15350.0,0.0,0.0,0.0,1,15285.0,15465.0,2,15350.0,15105.0,0.0,0.0,0.0,0.0,44
2023-05-10 09:13:14,si2403,si2403,15350.0,0.0,0.0,0.0,1,15285.0,15460.0,2,15350.0,15105.0,0.0,0.0,0.0,0.0,44
2023-05-10 09:13:14,si2403,si2403,15350.0,0.0,0.0,0.0,1,15285.0,15465.0,2,15350.0,15105.0,0.0,0.0,0.0,0.0,44
2023-05-10 09:13:15,si2403,si2403,15350.0,0.0,0.0,0.0,1,15285.0,15465.0,1,15350.0,15105.0,0.0,0.0,0.0,0.0,44
2023-05-10 09:13:15,si2403,si2403,15350.0,0.0,0.0,0.0,1,15285.0,15460.0,1,15350.0,15105.0,0.0,0.0,0.0,0.0,44
2023-05-10 09:13:17,si2403,si2403,15350.0,0.0,0.0,0.0,1,15285.0,15455.0,1,15350.0,15105.0,0.0,0.0,0.0,0.0,44
2023-05-10 09:13:18,si2403,si2403,15350.0,0.0,0.0,0.0,1,15285.0,15450.0,1,15350.0,15105.0,0.0,0.0,0.0,0.0,44
2023-05-10 09:13:20,si2403,si2403,15350.0,0.0,0.0,0.0,1,15285.0,15445.0,1,15350.0,15105.0,0.0,0.0,0.0,0.0,44
2023-05-10 09:13:21,si2403,si2403,15350.0,0.0,0.0,0.0,1,15285.0,15440.0,1,15350.0,15105.0,0.0,0.0,0.0,0.0,44
2023-05-10 09:13:22,si2403,si2403,15350.0,0.0,0.0,0.0,1,15285.0,15435.0,1,15350.0,15105.0,0.0,0.0,0.0,0.0,44
2023-05-10 09:13:23,si2403,si2403,15350.0,0.0,0.0,0.0,1,15135.0,15435.0,1,15350.0,15105.0,0.0,0.0,0.0,0.0,44
2023-05-10 09:13:23,si2403,si2403,15350.0,0.0,0.0,0.0,1,15210.0,15435.0,1,15350.0,15105.0,0.0,0.0,0.0,0.0,44
2023-05-10 09:13:25,si2403,si2403,15350.0,0.0,0.0,0.0,4,15215.0,15435.0,1,15350.0,15105.0,0.0,0.0,0.0,0.0,44
2023-05-10 09:13:25,si2403,si2403,15350.0,0.0,0.0,0.0,1,15235.0,15430.0,1,15350.0,15105.0,0.0,0.0,0.0,0.0,44
2023-05-10 09:13:27,si2403,si2403,15350.0,0.0,0.0,0.0,1,15235.0,15425.0,1,15350.0,15105.0,0.0,0.0,0.0,0.0,44
2023-05-10 09:13:28,si2403,si2403,15350.0,0.0,0.0,0.0,3,15240.0,15420.0,1,15350.0,15105.0,0.0,0.0,0.0,0.0,44
2023-05-10 09:13:29,si2403,si2403,15350.0,0.0,0.0,0.0,1,15250.0,15420.0,1,15350.0,15105.0,0.0,0.0,0.0,0.0,44
2023-05-10 09:13:31,si2403,si2403,15350.0,0.0,0.0,0.0,4,15250.0,15415.0,1,15350.0,15105.0,0.0,0.0,0.0,0.0,44
2023-05-10 09:13:32,si2403,si2403,15350.0,0.0,0.0,0.0,4,15250.0,15415.0,2,15350.0,15105.0,0.0,0.0,0.0,0.0,44
2023-05-10 09:13:35,si2403,si2403,15350.0,0.0,0.0,0.0,1,15250.0,15555.0,1,15350.0,15105.0,0.0,0.0,0.0,0.0,44
2023-05-10 09:13:35,si2403,si2403,15350.0,0.0,0.0,0.0,3,15255.0,15550.0,2,15350.0,15105.0,0.0,0.0,0.0,0.0,44
2023-05-10 09:13:36,si2403,si2403,15350.0,0.0,0.0,0.0,1,15265.0,15540.0,1,15350.0,15105.0,0.0,0.0,0.0,0.0,44
2023-05-10 09:13:37,si2403,si2403,15350.0,0.0,0.0,0.0,1,15265.0,15535.0,2,15350.0,15105.0,0.0,0.0,0.0,0.0,44
2023-05-10 09:13:38,si2403,si2403,15350.0,0.0,0.0,0.0,1,15265.0,15530.0,1,15350.0,15105.0,0.0,0.0,0.0,0.0,44
2023-05-10 09:13:38,si2403,si2403,15350.0,0.0,0.0,0.0,1,15265.0,15530.0,4,15350.0,15105.0,0.0,0.0,0.0,0.0,44
2023-05-10 09:13:39,si2403,si2403,15350.0,0.0,0.0,0.0,1,15265.0,15525.0,5,15350.0,15105.0,0.0,0.0,0.0,0.0,44
2023-05-10 09:13:42,si2403,si2403,15350.0,0.0,0.0,0.0,1,15265.0,15520.0,5,15350.0,15105.0,0.0,0.0,0.0,0.0,44
2023-05-10 09:13:43,si2403,si2403,15350.0,0.0,0.0,0.0,1,15265.0,15515.0,4,15350.0,15105.0,0.0,0.0,0.0,0.0,44
2023-05-10 09:13:44,si2403,si2403,15350.0,0.0,0.0,0.0,1,15265.0,15510.0,1,15350.0,15105.0,0.0,0.0,0.0,0.0,44
2023-05-10 09:13:45,si2403,si2403,15350.0,0.0,0.0,0.0,1,15265.0,15505.0,3,15350.0,15105.0,0.0,0.0,0.0,0.0,44
2023-05-10 09:13:46,si2403,si2403,15350.0,0.0,0.0,0.0,1,15265.0,15500.0,1,15350.0,15105.0,0.0,0.0,0.0,0.0,44
2023-05-10 09:13:47,si2403,si2403,15350.0,0.0,0.0,0.0,1,15265.0,15500.0,2,15350.0,15105.0,0.0,0.0,0.0,0.0,44
2023-05-10 09:13:47,si2403,si2403,15350.0,0.0,0.0,0.0,1,15265.0,15495.0,3,15350.0,15105.0,0.0,0.0,0.0,0.0,44
2023-05-10 09:13:49,si2403,si2403,15350.0,0.0,0.0,0.0,1,15265.0,15490.0,1,15350.0,15105.0,0.0,0.0,0.0,0.0,44
2023-05-10 09:13:50,si2403,si2403,15350.0,0.0,0.0,0.0,1,15265.0,15485.0,3,15350.0,15105.0,0.0,0.0,0.0,0.0,44
2023-05-10 09:13:51,si2403,si2403,15350.0,0.0,0.0,0.0,1,15265.0,15480.0,1,15350.0,15105.0,0.0,0.0,0.0,0.0,44
2023-05-10 09:13:52,si2403,si2403,15350.0,0.0,0.0,0.0,1,15265.0,15475.0,3,15350.0,15105.0,0.0,0.0,0.0,0.0,44
2023-05-10 09:13:53,si2403,si2403,15350.0,0.0,0.0,0.0,1,15265.0,15470.0,1,15350.0,15105.0,0.0,0.0,0.0,0.0,44
2023-05-10 09:13:54,si2403,si2403,15350.0,0.0,0.0,0.0,1,15265.0,15465.0,2,15350.0,15105.0,0.0,0.0,0.0,0.0,44
2023-05-10 09:13:56,si2403,si2403,15350.0,0.0,0.0,0.0,1,15265.0,15460.0,2,15350.0,15105.0,0.0,0.0,0.0,0.0,44
2023-05-10 09:14:01,si2403,si2403,15350.0,0.0,0.0,0.0,1,15265.0,15455.0,2,15350.0,15105.0,0.0,0.0,0.0,0.0,44
2023-05-10 09:14:02,si2403,si2403,15350.0,0.0,0.0,0.0,1,15265.0,15450.0,3,15350.0,15105.0,0.0,0.0,0.0,0.0,44
2023-05-10 09:14:03,si2403,si2403,15350.0,0.0,0.0,0.0,1,15265.0,15445.0,2,15350.0,15105.0,0.0,0.0,0.0,0.0,44
2023-05-10 09:14:05,si2403,si2403,15350.0,0.0,0.0,0.0,1,15265.0,15440.0,3,15350.0,15105.0,0.0,0.0,0.0,0.0,44
2023-05-10 09:14:06,si2403,si2403,15350.0,0.0,0.0,0.0,1,15135.0,15440.0,3,15350.0,15105.0,0.0,0.0,0.0,0.0,44
2023-05-10 09:14:07,si2403,si2403,15350.0,0.0,0.0,0.0,1,15190.0,15440.0,3,15350.0,15105.0,0.0,0.0,0.0,0.0,44
2023-05-10 09:14:10,si2403,si2403,15350.0,0.0,0.0,0.0,3,15195.0,15440.0,3,15350.0,15105.0,0.0,0.0,0.0,0.0,44
2023-05-10 09:14:10,si2403,si2403,15350.0,0.0,0.0,0.0,1,15215.0,15440.0,3,15350.0,15105.0,0.0,0.0,0.0,0.0,44
2023-05-10 09:14:13,si2403,si2403,15350.0,0.0,0.0,0.0,2,15220.0,15435.0,2,15350.0,15105.0,0.0,0.0,0.0,0.0,44
2023-05-10 09:14:13,si2403,si2403,15350.0,0.0,0.0,0.0,1,15230.0,15530.0,1,15350.0,15105.0,0.0,0.0,0.0,0.0,44
2023-05-10 09:14:14,si2403,si2403,15350.0,0.0,0.0,0.0,1,15230.0,15430.0,3,15350.0,15105.0,0.0,0.0,0.0,0.0,44
2023-05-10 09:14:16,si2403,si2403,15350.0,0.0,0.0,0.0,3,15230.0,15430.0,3,15350.0,15105.0,0.0,0.0,0.0,0.0,44
2023-05-10 09:14:16,si2403,si2403,15350.0,0.0,0.0,0.0,4,15230.0,15430.0,3,15350.0,15105.0,0.0,0.0,0.0,0.0,44
2023-05-10 09:14:19,si2403,si2403,15350.0,0.0,0.0,0.0,1,15230.0,15430.0,3,15350.0,15105.0,0.0,0.0,0.0,0.0,44
2023-05-10 09:14:20,si2403,si2403,15350.0,0.0,0.0,0.0,3,15235.0,15430.0,3,15350.0,15105.0,0.0,0.0,0.0,0.0,44
2023-05-10 09:14:20,si2403,si2403,15350.0,0.0,0.0,0.0,1,15245.0,15430.0,3,15350.0,15105.0,0.0,0.0,0.0,0.0,44
2023-05-10 09:14:24,si2403,si2403,15350.0,0.0,0.0,0.0,1,15245.0,15425.0,2,15350.0,15105.0,0.0,0.0,0.0,0.0,44
2023-05-10 09:14:25,si2403,si2403,15350.0,0.0,0.0,0.0,1,15245.0,15420.0,2,15350.0,15105.0,0.0,0.0,0.0,0.0,44
2023-05-10 09:15:06,si2403,si2403,15350.0,0.0,0.0,0.0,2,15250.0,15420.0,2,15350.0,15105.0,0.0,0.0,0.0,0.0,44
2023-05-10 09:15:06,si2403,si2403,15350.0,0.0,0.0,0.0,1,15255.0,15420.0,2,15350.0,15105.0,0.0,0.0,0.0,0.0,44
2023-05-10 09:15:15,si2403,si2403,15350.0,0.0,0.0,0.0,1,15135.0,15420.0,2,15350.0,15105.0,0.0,0.0,0.0,0.0,44
2023-05-10 09:15:16,si2403,si2403,15350.0,0.0,0.0,0.0,1,15185.0,15420.0,2,15350.0,15105.0,0.0,0.0,0.0,0.0,44
2023-05-10 09:15:19,si2403,si2403,15350.0,0.0,0.0,0.0,4,15190.0,15420.0,2,15350.0,15105.0,0.0,0.0,0.0,0.0,44
2023-05-10 09:15:19,si2403,si2403,15350.0,0.0,0.0,0.0,1,15210.0,15420.0,2,15350.0,15105.0,0.0,0.0,0.0,0.0,44
2023-05-10 09:15:22,si2403,si2403,15350.0,0.0,0.0,0.0,3,15215.0,15420.0,2,15350.0,15105.0,0.0,0.0,0.0,0.0,44
2023-05-10 09:15:22,si2403,si2403,15350.0,0.0,0.0,0.0,1,15225.0,15420.0,2,15350.0,15105.0,0.0,0.0,0.0,0.0,44
2023-05-10 09:15:25,si2403,si2403,15350.0,0.0,0.0,0.0,4,15225.0,15420.0,2,15350.0,15105.0,0.0,0.0,0.0,0.0,44
2023-05-10 09:15:43,si2403,si2403,15350.0,0.0,0.0,0.0,4,15225.0,15415.0,2,15350.0,15105.0,0.0,0.0,0.0,0.0,44
2023-05-10 09:15:43,si2403,si2403,15350.0,0.0,0.0,0.0,1,15225.0,15410.0,1,15350.0,15105.0,0.0,0.0,0.0,0.0,44
2023-05-10 09:15:44,si2403,si2403,15350.0,0.0,0.0,0.0,1,15225.0,15410.0,3,15350.0,15105.0,0.0,0.0,0.0,0.0,44
2023-05-10 09:15:44,si2403,si2403,15350.0,0.0,0.0,0.0,1,15075.0,15405.0,2,15350.0,15105.0,0.0,0.0,0.0,0.0,44
2023-05-10 09:15:45,si2403,si2403,15350.0,0.0,0.0,0.0,1,15150.0,15405.0,2,15350.0,15105.0,0.0,0.0,0.0,0.0,44
2023-05-10 09:15:46,si2403,si2403,15350.0,0.0,0.0,0.0,1,15150.0,15400.0,1,15350.0,15105.0,0.0,0.0,0.0,0.0,44
2023-05-10 09:15:47,si2403,si2403,15350.0,0.0,0.0,0.0,1,15150.0,15400.0,3,15350.0,15105.0,0.0,0.0,0.0,0.0,44
2023-05-10 09:15:47,si2403,si2403,15350.0,0.0,0.0,0.0,1,15150.0,15395.0,2,15350.0,15105.0,0.0,0.0,0.0,0.0,44
2023-05-10 09:15:48,si2403,si2403,15350.0,0.0,0.0,0.0,4,15150.0,15395.0,2,15350.0,15105.0,0.0,0.0,0.0,0.0,44
2023-05-10 09:15:49,si2403,si2403,15350.0,0.0,0.0,0.0,4,15150.0,15395.0,4,15350.0,15105.0,0.0,0.0,0.0,0.0,44
2023-05-10 09:15:49,si2403,si2403,15350.0,0.0,0.0,0.0,4,15150.0,15390.0,3,15350.0,15105.0,0.0,0.0,0.0,0.0,44
2023-05-10 09:15:50,si2403,si2403,15350.0,0.0,0.0,0.0,2,15150.0,15390.0,3,15350.0,15105.0,0.0,0.0,0.0,0.0,44
2023-05-10 09:15:50,si2403,si2403,15350.0,0.0,0.0,0.0,1,15150.0,15385.0,2,15350.0,15105.0,0.0,0.0,0.0,0.0,44
2023-05-10 09:15:51,si2403,si2403,15350.0,0.0,0.0,0.0,2,15155.0,15385.0,2,15350.0,15105.0,0.0,0.0,0.0,0.0,44
2023-05-10 09:15:51,si2403,si2403,15350.0,0.0,0.0,0.0,1,15165.0,15385.0,2,15350.0,15105.0,0.0,0.0,0.0,0.0,44
2023-05-10 09:15:52,si2403,si2403,15350.0,0.0,0.0,0.0,1,15165.0,15380.0,3,15350.0,15105.0,0.0,0.0,0.0,0.0,44
2023-05-10 09:15:54,si2403,si2403,15350.0,0.0,0.0,0.0,2,15165.0,15380.0,3,15350.0,15105.0,0.0,0.0,0.0,0.0,44
2023-05-10 09:15:54,si2403,si2403,15350.0,0.0,0.0,0.0,4,15165.0,15380.0,3,15350.0,15105.0,0.0,0.0,0.0,0.0,44
2023-05-10 09:15:55,si2403,si2403,15350.0,0.0,0.0,0.0,4,15165.0,15375.0,2,15350.0,15105.0,0.0,0.0,0.0,0.0,44
2023-05-10 09:15:56,si2403,si2403,15350.0,0.0,0.0,0.0,3,15165.0,15425.0,1,15350.0,15105.0,0.0,0.0,0.0,0.0,44
2023-05-10 09:15:57,si2403,si2403,15350.0,0.0,0.0,0.0,1,15165.0,15370.0,3,15350.0,15105.0,0.0,0.0,0.0,0.0,44
2023-05-10 09:15:57,si2403,si2403,15350.0,0.0,0.0,0.0,4,15165.0,15370.0,3,15350.0,15105.0,0.0,0.0,0.0,0.0,44
2023-05-10 09:15:59,si2403,si2403,15350.0,0.0,0.0,0.0,4,15165.0,15370.0,2,15350.0,15105.0,0.0,0.0,0.0,0.0,44
2023-05-10 09:15:59,si2403,si2403,15350.0,0.0,0.0,0.0,1,15165.0,15370.0,2,15350.0,15105.0,0.0,0.0,0.0,0.0,44
2023-05-10 09:16:00,si2403,si2403,15350.0,0.0,0.0,0.0,1,15170.0,15370.0,2,15350.0,15105.0,0.0,0.0,0.0,0.0,44
2023-05-10 09:16:00,si2403,si2403,15350.0,0.0,0.0,0.0,1,15180.0,15370.0,2,15350.0,15105.0,0.0,0.0,0.0,0.0,44
2023-05-10 09:16:04,si2403,si2403,15350.0,0.0,0.0,0.0,3,15185.0,15370.0,2,15350.0,15105.0,0.0,0.0,0.0,0.0,44
2023-05-10 09:16:05,si2403,si2403,15350.0,0.0,0.0,0.0,1,15195.0,15370.0,2,15350.0,15105.0,0.0,0.0,0.0,0.0,44
2023-05-10 09:16:31,si2403,si2403,15350.0,0.0,0.0,0.0,2,15200.0,15370.0,2,15350.0,15105.0,0.0,0.0,0.0,0.0,44
2023-05-10 09:16:32,si2403,si2403,15350.0,0.0,0.0,0.0,1,15205.0,15370.0,2,15350.0,15105.0,0.0,0.0,0.0,0.0,44
2023-05-10 09:16:38,si2403,si2403,15350.0,0.0,0.0,0.0,4,15205.0,15370.0,2,15350.0,15105.0,0.0,0.0,0.0,0.0,44
2023-05-10 09:16:59,si2403,si2403,15350.0,0.0,0.0,0.0,3,15205.0,15370.0,2,15350.0,15105.0,0.0,0.0,0.0,0.0,44
2023-05-10 09:17:00,si2403,si2403,15350.0,0.0,0.0,0.0,1,15210.0,15370.0,2,15350.0,15105.0,0.0,0.0,0.0,0.0,44
2023-05-10 09:17:00,si2403,si2403,15350.0,0.0,0.0,0.0,1,15220.0,15370.0,2,15350.0,15105.0,0.0,0.0,0.0,0.0,44
2023-05-10 09:17:13,si2403,si2403,15350.0,0.0,0.0,0.0,2,15225.0,15370.0,2,15350.0,15105.0,0.0,0.0,0.0,0.0,44
2023-05-10 09:17:14,si2403,si2403,15350.0,0.0,0.0,0.0,1,15230.0,15370.0,2,15350.0,15105.0,0.0,0.0,0.0,0.0,44
2023-05-10 09:17:22,si2403,si2403,15350.0,0.0,0.0,0.0,2,15225.0,15370.0,2,15350.0,15105.0,0.0,0.0,0.0,0.0,44
2023-05-10 09:17:54,si2403,si2403,15350.0,0.0,0.0,0.0,1,15230.0,15370.0,2,15350.0,15105.0,0.0,0.0,0.0,0.0,44
2023-05-10 09:18:37,si2403,si2403,15350.0,0.0,0.0,0.0,2,15235.0,15370.0,2,15350.0,15105.0,0.0,0.0,0.0,0.0,44
2023-05-10 09:18:38,si2403,si2403,15350.0,0.0,0.0,0.0,1,15240.0,15370.0,2,15350.0,15105.0,0.0,0.0,0.0,0.0,44
2023-05-10 09:18:42,si2403,si2403,15350.0,0.0,0.0,0.0,1,15240.0,15480.0,1,15350.0,15105.0,0.0,0.0,0.0,0.0,44
2023-05-10 09:18:42,si2403,si2403,15350.0,0.0,0.0,0.0,1,15240.0,15475.0,2,15350.0,15105.0,0.0,0.0,0.0,0.0,44
2023-05-10 09:18:43,si2403,si2403,15350.0,0.0,0.0,0.0,1,15240.0,15470.0,1,15350.0,15105.0,0.0,0.0,0.0,0.0,44
2023-05-10 09:18:44,si2403,si2403,15350.0,0.0,0.0,0.0,1,15240.0,15465.0,2,15350.0,15105.0,0.0,0.0,0.0,0.0,44
2023-05-10 09:18:46,si2403,si2403,15350.0,0.0,0.0,0.0,1,15240.0,15460.0,3,15350.0,15105.0,0.0,0.0,0.0,0.0,44
2023-05-10 09:18:48,si2403,si2403,15350.0,0.0,0.0,0.0,1,15240.0,15455.0,2,15350.0,15105.0,0.0,0.0,0.0,0.0,44
2023-05-10 09:18:49,si2403,si2403,15350.0,0.0,0.0,0.0,1,15240.0,15450.0,3,15350.0,15105.0,0.0,0.0,0.0,0.0,44
2023-05-10 09:18:51,si2403,si2403,15350.0,0.0,0.0,0.0,1,15240.0,15445.0,2,15350.0,15105.0,0.0,0.0,0.0,0.0,44
2023-05-10 09:18:53,si2403,si2403,15350.0,0.0,0.0,0.0,1,15240.0,15440.0,3,15350.0,15105.0,0.0,0.0,0.0,0.0,44
2023-05-10 09:18:57,si2403,si2403,15350.0,0.0,0.0,0.0,1,15240.0,15435.0,2,15350.0,15105.0,0.0,0.0,0.0,0.0,44
2023-05-10 09:18:58,si2403,si2403,15350.0,0.0,0.0,0.0,1,15240.0,15430.0,2,15350.0,15105.0,0.0,0.0,0.0,0.0,44
2023-05-10 09:19:19,si2403,si2403,15350.0,0.0,0.0,0.0,1,15245.0,15430.0,2,15350.0,15105.0,0.0,0.0,0.0,0.0,44
2023-05-10 09:19:20,si2403,si2403,15350.0,0.0,0.0,0.0,1,15255.0,15430.0,2,15350.0,15105.0,0.0,0.0,0.0,0.0,44
2023-05-10 09:19:20,si2403,si2403,15350.0,0.0,0.0,0.0,2,15255.0,15430.0,2,15350.0,15105.0,0.0,0.0,0.0,0.0,44
2023-05-10 09:19:22,si2403,si2403,15350.0,0.0,0.0,0.0,3,15255.0,15430.0,2,15350.0,15105.0,0.0,0.0,0.0,0.0,44
2023-05-10 09:19:23,si2403,si2403,15350.0,0.0,0.0,0.0,4,15255.0,15430.0,2,15350.0,15105.0,0.0,0.0,0.0,0.0,44
2023-05-10 09:19:39,si2403,si2403,15350.0,0.0,0.0,0.0,1,15255.0,15430.0,2,15350.0,15105.0,0.0,0.0,0.0,0.0,44
2023-05-10 09:20:02,si2403,si2403,15350.0,0.0,0.0,0.0,2,15260.0,15430.0,2,15350.0,15105.0,0.0,0.0,0.0,0.0,44
2023-05-10 09:20:03,si2403,si2403,15350.0,0.0,0.0,0.0,1,15265.0,15430.0,2,15350.0,15105.0,0.0,0.0,0.0,0.0,44
2023-05-10 09:20:45,si2403,si2403,15350.0,0.0,0.0,0.0,2,15270.0,15430.0,2,15350.0,15105.0,0.0,0.0,0.0,0.0,44
2023-05-10 09:20:57,si2403,si2403,15350.0,0.0,0.0,0.0,1,15110.0,15430.0,2,15350.0,15105.0,0.0,0.0,0.0,0.0,44
2023-05-10 09:20:57,si2403,si2403,15350.0,0.0,0.0,0.0,1,15195.0,15430.0,2,15350.0,15105.0,0.0,0.0,0.0,0.0,44
2023-05-10 09:20:58,si2403,si2403,15350.0,0.0,0.0,0.0,1,15200.0,15430.0,2,15350.0,15105.0,0.0,0.0,0.0,0.0,44
2023-05-10 09:20:58,si2403,si2403,15350.0,0.0,0.0,0.0,1,15220.0,15430.0,2,15350.0,15105.0,0.0,0.0,0.0,0.0,44
2023-05-10 09:21:01,si2403,si2403,15350.0,0.0,0.0,0.0,3,15225.0,15430.0,2,15350.0,15105.0,0.0,0.0,0.0,0.0,44
2023-05-10 09:21:01,si2403,si2403,15350.0,0.0,0.0,0.0,1,15235.0,15430.0,2,15350.0,15105.0,0.0,0.0,0.0,0.0,44
2023-05-10 09:21:04,si2403,si2403,15350.0,0.0,0.0,0.0,4,15235.0,15430.0,2,15350.0,15105.0,0.0,0.0,0.0,0.0,44
2023-05-10 09:21:06,si2403,si2403,15350.0,0.0,0.0,0.0,1,15235.0,15430.0,2,15350.0,15105.0,0.0,0.0,0.0,0.0,44
2023-05-10 09:21:07,si2403,si2403,15350.0,0.0,0.0,0.0,2,15240.0,15430.0,2,15350.0,15105.0,0.0,0.0,0.0,0.0,44
2023-05-10 09:21:07,si2403,si2403,15350.0,0.0,0.0,0.0,1,15250.0,15430.0,2,15350.0,15105.0,0.0,0.0,0.0,0.0,44
2023-05-10 09:21:27,si2403,si2403,15350.0,0.0,0.0,0.0,2,15255.0,15430.0,2,15350.0,15105.0,0.0,0.0,0.0,0.0,44
2023-05-10 09:21:28,si2403,si2403,15350.0,0.0,0.0,0.0,1,15260.0,15430.0,2,15350.0,15105.0,0.0,0.0,0.0,0.0,44
2023-05-10 09:22:09,si2403,si2403,15350.0,0.0,0.0,0.0,2,15265.0,15430.0,2,15350.0,15105.0,0.0,0.0,0.0,0.0,44
2023-05-10 09:22:10,si2403,si2403,15350.0,0.0,0.0,0.0,1,15270.0,15430.0,2,15350.0,15105.0,0.0,0.0,0.0,0.0,44
2023-05-10 09:22:51,si2403,si2403,15350.0,0.0,0.0,0.0,1,15270.0,15425.0,2,15350.0,15105.0,0.0,0.0,0.0,0.0,44
2023-05-10 09:22:53,si2403,si2403,15350.0,0.0,0.0,0.0,1,15270.0,15420.0,2,15350.0,15105.0,0.0,0.0,0.0,0.0,44
2023-05-10 09:23:01,si2403,si2403,15350.0,0.0,0.0,0.0,1,15110.0,15420.0,2,15350.0,15105.0,0.0,0.0,0.0,0.0,44
2023-05-10 09:23:02,si2403,si2403,15350.0,0.0,0.0,0.0,1,15195.0,15420.0,2,15350.0,15105.0,0.0,0.0,0.0,0.0,44
2023-05-10 09:23:06,si2403,si2403,15350.0,0.0,0.0,0.0,1,15200.0,15420.0,3,15350.0,15105.0,0.0,0.0,0.0,0.0,44
2023-05-10 09:23:07,si2403,si2403,15350.0,0.0,0.0,0.0,2,15200.0,15420.0,3,15350.0,15105.0,0.0,0.0,0.0,0.0,44
2023-05-10 09:23:07,si2403,si2403,15350.0,0.0,0.0,0.0,1,15220.0,15420.0,3,15350.0,15105.0,0.0,0.0,0.0,0.0,44
2023-05-10 09:23:09,si2403,si2403,15350.0,0.0,0.0,0.0,1,15220.0,15420.0,2,15350.0,15105.0,0.0,0.0,0.0,0.0,44
2023-05-10 09:23:10,si2403,si2403,15350.0,0.0,0.0,0.0,2,15225.0,15420.0,2,15350.0,15105.0,0.0,0.0,0.0,0.0,44
2023-05-10 09:23:10,si2403,si2403,15350.0,0.0,0.0,0.0,1,15235.0,15420.0,2,15350.0,15105.0,0.0,0.0,0.0,0.0,44
2023-05-10 09:23:34,si2403,si2403,15350.0,0.0,0.0,0.0,1,15235.0,15415.0,2,15350.0,15105.0,0.0,0.0,0.0,0.0,44
2023-05-10 09:23:35,si2403,si2403,15350.0,0.0,0.0,0.0,1,15235.0,15410.0,2,15350.0,15105.0,0.0,0.0,0.0,0.0,44
2023-05-10 09:24:15,si2403,si2403,15350.0,0.0,0.0,0.0,2,15240.0,15410.0,2,15350.0,15105.0,0.0,0.0,0.0,0.0,44
2023-05-10 09:24:16,si2403,si2403,15350.0,0.0,0.0,0.0,1,15245.0,15410.0,2,15350.0,15105.0,0.0,0.0,0.0,0.0,44
2023-05-10 09:24:57,si2403,si2403,15350.0,0.0,0.0,0.0,1,15245.0,15405.0,2,15350.0,15105.0,0.0,0.0,0.0,0.0,44
2023-05-10 09:24:59,si2403,si2403,15350.0,0.0,0.0,0.0,1,15110.0,15405.0,2,15350.0,15105.0,0.0,0.0,0.0,0.0,44
2023-05-10 09:25:00,si2403,si2403,15350.0,0.0,0.0,0.0,1,15170.0,15400.0,2,15350.0,15105.0,0.0,0.0,0.0,0.0,44
2023-05-10 09:25:00,si2403,si2403,15350.0,0.0,0.0,0.0,1,15170.0,15400.0,3,15350.0,15105.0,0.0,0.0,0.0,0.0,44
2023-05-10 09:25:01,si2403,si2403,15350.0,0.0,0.0,0.0,4,15175.0,15400.0,3,15350.0,15105.0,0.0,0.0,0.0,0.0,44
2023-05-10 09:25:01,si2403,si2403,15350.0,0.0,0.0,0.0,1,15195.0,15400.0,3,15350.0,15105.0,0.0,0.0,0.0,0.0,44
2023-05-10 09:25:03,si2403,si2403,15350.0,0.0,0.0,0.0,1,15195.0,15400.0,2,15350.0,15105.0,0.0,0.0,0.0,0.0,44
2023-05-10 09:25:04,si2403,si2403,15350.0,0.0,0.0,0.0,4,15195.0,15400.0,2,15350.0,15105.0,0.0,0.0,0.0,0.0,44
2023-05-10 09:25:07,si2403,si2403,15350.0,0.0,0.0,0.0,1,15195.0,15400.0,2,15350.0,15105.0,0.0,0.0,0.0,0.0,44
2023-05-10 09:25:08,si2403,si2403,15350.0,0.0,0.0,0.0,1,15200.0,15400.0,2,15350.0,15105.0,0.0,0.0,0.0,0.0,44
2023-05-10 09:25:08,si2403,si2403,15350.0,0.0,0.0,0.0,1,15210.0,15400.0,2,15350.0,15105.0,0.0,0.0,0.0,0.0,44
2023-05-10 09:25:39,si2403,si2403,15350.0,0.0,0.0,0.0,2,15215.0,15400.0,2,15350.0,15105.0,0.0,0.0,0.0,0.0,44
2023-05-10 09:25:40,si2403,si2403,15350.0,0.0,0.0,0.0,1,15220.0,15400.0,2,15350.0,15105.0,0.0,0.0,0.0,0.0,44
2023-05-10 09:26:22,si2403,si2403,15350.0,0.0,0.0,0.0,2,15225.0,15400.0,2,15350.0,15105.0,0.0,0.0,0.0,0.0,44
2023-05-10 09:26:22,si2403,si2403,15350.0,0.0,0.0,0.0,1,15230.0,15400.0,2,15350.0,15105.0,0.0,0.0,0.0,0.0,44
2023-05-10 09:27:04,si2403,si2403,15350.0,0.0,0.0,0.0,1,15230.0,15395.0,2,15350.0,15105.0,0.0,0.0,0.0,0.0,44
2023-05-10 09:27:07,si2403,si2403,15350.0,0.0,0.0,0.0,1,15230.0,15390.0,1,15350.0,15105.0,0.0,0.0,0.0,0.0,44
2023-05-10 09:27:07,si2403,si2403,15350.0,0.0,0.0,0.0,1,15230.0,15390.0,2,15350.0,15105.0,0.0,0.0,0.0,0.0,44
2023-05-10 09:27:14,si2403,si2403,15350.0,0.0,0.0,0.0,1,15060.0,15390.0,2,15350.0,15105.0,0.0,0.0,0.0,0.0,44
2023-05-10 09:27:14,si2403,si2403,15350.0,0.0,0.0,0.0,1,15155.0,15390.0,2,15350.0,15105.0,0.0,0.0,0.0,0.0,44
2023-05-10 09:27:17,si2403,si2403,15350.0,0.0,0.0,0.0,1,15155.0,15385.0,1,15350.0,15105.0,0.0,0.0,0.0,0.0,44
2023-05-10 09:27:18,si2403,si2403,15350.0,0.0,0.0,0.0,3,15160.0,15385.0,1,15350.0,15105.0,0.0,0.0,0.0,0.0,44
2023-05-10 09:27:18,si2403,si2403,15350.0,0.0,0.0,0.0,4,15160.0,15380.0,1,15350.0,15105.0,0.0,0.0,0.0,0.0,44
2023-05-10 09:27:19,si2403,si2403,15350.0,0.0,0.0,0.0,4,15160.0,15380.0,2,15350.0,15105.0,0.0,0.0,0.0,0.0,44
2023-05-10 09:27:19,si2403,si2403,15350.0,0.0,0.0,0.0,1,15180.0,15380.0,2,15350.0,15105.0,0.0,0.0,0.0,0.0,44
2023-05-10 09:27:20,si2403,si2403,15350.0,0.0,0.0,0.0,1,15180.0,15375.0,1,15350.0,15105.0,0.0,0.0,0.0,0.0,44
2023-05-10 09:27:21,si2403,si2403,15350.0,0.0,0.0,0.0,3,15180.0,15375.0,1,15350.0,15105.0,0.0,0.0,0.0,0.0,44
2023-05-10 09:27:22,si2403,si2403,15350.0,0.0,0.0,0.0,4,15180.0,15370.0,2,15350.0,15105.0,0.0,0.0,0.0,0.0,44
2023-05-10 09:27:23,si2403,si2403,15350.0,0.0,0.0,0.0,4,15180.0,15370.0,3,15350.0,15105.0,0.0,0.0,0.0,0.0,44
2023-05-10 09:27:27,si2403,si2403,15350.0,0.0,0.0,0.0,4,15180.0,15370.0,2,15350.0,15105.0,0.0,0.0,0.0,0.0,44
2023-05-10 09:27:28,si2403,si2403,15350.0,0.0,0.0,0.0,4,15180.0,15370.0,3,15350.0,15105.0,0.0,0.0,0.0,0.0,44
2023-05-10 09:27:32,si2403,si2403,15350.0,0.0,0.0,0.0,4,15180.0,15370.0,2,15350.0,15105.0,0.0,0.0,0.0,0.0,44
2023-05-10 09:27:33,si2403,si2403,15350.0,0.0,0.0,0.0,4,15180.0,15365.0,1,15350.0,15105.0,0.0,0.0,0.0,0.0,44
2023-05-10 09:27:34,si2403,si2403,15350.0,0.0,0.0,0.0,1,15180.0,15360.0,2,15350.0,15105.0,0.0,0.0,0.0,0.0,44
2023-05-10 09:27:36,si2403,si2403,15350.0,0.0,0.0,0.0,1,15180.0,15355.0,1,15350.0,15105.0,0.0,0.0,0.0,0.0,44
2023-05-10 09:27:37,si2403,si2403,15350.0,0.0,0.0,0.0,1,15180.0,15350.0,2,15350.0,15105.0,0.0,0.0,0.0,0.0,44
2023-05-10 09:27:47,si2403,si2403,15350.0,0.0,0.0,0.0,2,15185.0,15350.0,2,15350.0,15105.0,0.0,0.0,0.0,0.0,44
2023-05-10 09:27:47,si2403,si2403,15350.0,0.0,0.0,0.0,1,15190.0,15350.0,2,15350.0,15105.0,0.0,0.0,0.0,0.0,44
2023-05-10 09:28:13,si2403,si2403,15350.0,0.0,0.0,0.0,1,15060.0,15350.0,2,15350.0,15105.0,0.0,0.0,0.0,0.0,44
2023-05-10 09:28:13,si2403,si2403,15350.0,0.0,0.0,0.0,1,15115.0,15350.0,2,15350.0,15105.0,0.0,0.0,0.0,0.0,44
2023-05-10 09:28:16,si2403,si2403,15350.0,0.0,0.0,0.0,1,15115.0,15345.0,1,15350.0,15105.0,0.0,0.0,0.0,0.0,44
2023-05-10 09:28:17,si2403,si2403,15350.0,0.0,0.0,0.0,1,15120.0,15345.0,1,15350.0,15105.0,0.0,0.0,0.0,0.0,44
2023-05-10 09:28:17,si2403,si2403,15350.0,0.0,0.0,0.0,4,15120.0,15345.0,1,15350.0,15105.0,0.0,0.0,0.0,0.0,44
2023-05-10 09:28:18,si2403,si2403,15350.0,0.0,0.0,0.0,1,15140.0,15340.0,2,15350.0,15105.0,0.0,0.0,0.0,0.0,44
2023-05-10 09:28:20,si2403,si2403,15350.0,0.0,0.0,0.0,4,15140.0,15340.0,2,15350.0,15105.0,0.0,0.0,0.0,0.0,44
2023-05-10 09:28:22,si2403,si2403,15350.0,0.0,0.0,0.0,1,15140.0,15340.0,2,15350.0,15105.0,0.0,0.0,0.0,0.0,44
2023-05-10 09:28:23,si2403,si2403,15350.0,0.0,0.0,0.0,3,15145.0,15340.0,2,15350.0,15105.0,0.0,0.0,0.0,0.0,44
2023-05-10 09:28:23,si2403,si2403,15350.0,0.0,0.0,0.0,1,15155.0,15340.0,2,15350.0,15105.0,0.0,0.0,0.0,0.0,44
2023-05-10 09:28:29,si2403,si2403,15350.0,0.0,0.0,0.0,2,15160.0,15340.0,2,15350.0,15105.0,0.0,0.0,0.0,0.0,44
2023-05-10 09:28:29,si2403,si2403,15350.0,0.0,0.0,0.0,1,15165.0,15340.0,2,15350.0,15105.0,0.0,0.0,0.0,0.0,44
2023-05-10 09:28:36,si2403,si2403,15350.0,0.0,0.0,0.0,1,15165.0,15335.0,1,15350.0,15105.0,0.0,0.0,0.0,0.0,44
2023-05-10 09:28:37,si2403,si2403,15350.0,0.0,0.0,0.0,1,15165.0,15330.0,2,15350.0,15105.0,0.0,0.0,0.0,0.0,44
2023-05-10 09:28:41,si2403,si2403,15350.0,0.0,0.0,0.0,1,15165.0,15330.0,3,15350.0,15105.0,0.0,0.0,0.0,0.0,44
2023-05-10 09:28:42,si2403,si2403,15350.0,0.0,0.0,0.0,1,15000.0,15330.0,3,15350.0,15105.0,0.0,0.0,0.0,0.0,44
2023-05-10 09:28:43,si2403,si2403,15350.0,0.0,0.0,0.0,1,15085.0,15330.0,3,15350.0,15105.0,0.0,0.0,0.0,0.0,44
2023-05-10 09:28:43,si2403,si2403,15350.0,0.0,0.0,0.0,1,15085.0,15330.0,2,15350.0,15105.0,0.0,0.0,0.0,0.0,44
2023-05-10 09:28:44,si2403,si2403,15350.0,0.0,0.0,0.0,3,15090.0,15325.0,3,15350.0,15105.0,0.0,0.0,0.0,0.0,44
2023-05-10 09:28:44,si2403,si2403,15350.0,0.0,0.0,0.0,4,15090.0,15325.0,1,15350.0,15105.0,0.0,0.0,0.0,0.0,44
2023-05-10 09:28:45,si2403,si2403,15350.0,0.0,0.0,0.0,4,15090.0,15320.0,2,15350.0,15105.0,0.0,0.0,0.0,0.0,44
2023-05-10 09:28:45,si2403,si2403,15350.0,0.0,0.0,0.0,1,15110.0,15320.0,2,15350.0,15105.0,0.0,0.0,0.0,0.0,44
2023-05-10 09:28:47,si2403,si2403,15350.0,0.0,0.0,0.0,3,15115.0,15320.0,3,15350.0,15105.0,0.0,0.0,0.0,0.0,44
2023-05-10 09:28:48,si2403,si2403,15350.0,0.0,0.0,0.0,1,15125.0,15320.0,3,15350.0,15105.0,0.0,0.0,0.0,0.0,44
2023-05-10 09:28:50,si2403,si2403,15350.0,0.0,0.0,0.0,3,15125.0,15320.0,3,15350.0,15105.0,0.0,0.0,0.0,0.0,44
2023-05-10 09:28:50,si2403,si2403,15350.0,0.0,0.0,0.0,4,15125.0,15320.0,3,15350.0,15105.0,0.0,0.0,0.0,0.0,44
2023-05-10 09:29:06,si2403,si2403,15350.0,0.0,0.0,0.0,1,15125.0,15320.0,3,15350.0,15105.0,0.0,0.0,0.0,0.0,44
2023-05-10 09:29:08,si2403,si2403,15350.0,0.0,0.0,0.0,1,15125.0,15315.0,2,15350.0,15105.0,0.0,0.0,0.0,0.0,44
2023-05-10 09:29:09,si2403,si2403,15350.0,0.0,0.0,0.0,1,15125.0,15310.0,1,15350.0,15105.0,0.0,0.0,0.0,0.0,44
2023-05-10 09:29:09,si2403,si2403,15350.0,0.0,0.0,0.0,1,15125.0,15310.0,2,15350.0,15105.0,0.0,0.0,0.0,0.0,44
2023-05-10 09:29:10,si2403,si2403,15350.0,0.0,0.0,0.0,1,15125.0,15310.0,3,15350.0,15105.0,0.0,0.0,0.0,0.0,44
2023-05-10 09:29:10,si2403,si2403,15350.0,0.0,0.0,0.0,1,15125.0,15305.0,2,15350.0,15105.0,0.0,0.0,0.0,0.0,44
2023-05-10 09:29:11,si2403,si2403,15350.0,0.0,0.0,0.0,1,15125.0,15305.0,4,15350.0,15105.0,0.0,0.0,0.0,0.0,44
2023-05-10 09:29:12,si2403,si2403,15350.0,0.0,0.0,0.0,1,15125.0,15300.0,1,15350.0,15105.0,0.0,0.0,0.0,0.0,44
2023-05-10 09:29:12,si2403,si2403,15350.0,0.0,0.0,0.0,1,15125.0,15300.0,2,15350.0,15105.0,0.0,0.0,0.0,0.0,44
2023-05-10 09:29:13,si2403,si2403,15350.0,0.0,0.0,0.0,1,15000.0,15295.0,3,15350.0,15105.0,0.0,0.0,0.0,0.0,44
2023-05-10 09:29:13,si2403,si2403,15350.0,0.0,0.0,0.0,1,14690.0,15295.0,3,15350.0,15105.0,0.0,0.0,0.0,0.0,44
2023-05-10 09:29:14,si2403,si2403,15350.0,0.0,0.0,0.0,1,15045.0,15295.0,3,15350.0,15105.0,0.0,0.0,0.0,0.0,44
2023-05-10 09:29:15,si2403,si2403,15350.0,0.0,0.0,0.0,1,15045.0,15290.0,2,15350.0,15105.0,0.0,0.0,0.0,0.0,44
2023-05-10 09:29:16,si2403,si2403,15350.0,0.0,0.0,0.0,1,15045.0,15285.0,1,15350.0,15105.0,0.0,0.0,0.0,0.0,44
2023-05-10 09:29:16,si2403,si2403,15350.0,0.0,0.0,0.0,3,15050.0,15285.0,1,15350.0,15105.0,0.0,0.0,0.0,0.0,44
2023-05-10 09:29:17,si2403,si2403,15350.0,0.0,0.0,0.0,1,15070.0,15285.0,1,15350.0,15105.0,0.0,0.0,0.0,0.0,44
2023-05-10 09:29:18,si2403,si2403,15350.0,0.0,0.0,0.0,1,15070.0,15280.0,1,15350.0,15105.0,0.0,0.0,0.0,0.0,44
2023-05-10 09:29:18,si2403,si2403,15350.0,0.0,0.0,0.0,1,15070.0,15280.0,2,15350.0,15105.0,0.0,0.0,0.0,0.0,44
2023-05-10 09:29:19,si2403,si2403,15350.0,0.0,0.0,0.0,1,15070.0,15280.0,3,15350.0,15105.0,0.0,0.0,0.0,0.0,44
2023-05-10 09:29:19,si2403,si2403,15350.0,0.0,0.0,0.0,1,15075.0,15280.0,3,15350.0,15105.0,0.0,0.0,0.0,0.0,44
2023-05-10 09:29:20,si2403,si2403,15350.0,0.0,0.0,0.0,1,15080.0,15280.0,3,15350.0,15105.0,0.0,0.0,0.0,0.0,44
2023-05-10 09:29:20,si2403,si2403,15350.0,0.0,0.0,0.0,1,15090.0,15280.0,3,15350.0,15105.0,0.0,0.0,0.0,0.0,44
2023-05-10 09:29:23,si2403,si2403,15350.0,0.0,0.0,0.0,1,15090.0,15280.0,2,15350.0,15105.0,0.0,0.0,0.0,0.0,44
2023-05-10 09:29:25,si2403,si2403,15350.0,0.0,0.0,0.0,2,15090.0,15280.0,2,15350.0,15105.0,0.0,0.0,0.0,0.0,44
2023-05-10 09:29:26,si2403,si2403,15350.0,0.0,0.0,0.0,4,15090.0,15280.0,2,15350.0,15105.0,0.0,0.0,0.0,0.0,44
2023-05-10 09:29:28,si2403,si2403,15350.0,0.0,0.0,0.0,3,15090.0,15280.0,2,15350.0,15105.0,0.0,0.0,0.0,0.0,44
2023-05-10 09:29:28,si2403,si2403,15350.0,0.0,0.0,0.0,4,15090.0,15280.0,2,15350.0,15105.0,0.0,0.0,0.0,0.0,44
2023-05-10 09:29:31,si2403,si2403,15350.0,0.0,0.0,0.0,1,15090.0,15280.0,2,15350.0,15105.0,0.0,0.0,0.0,0.0,44
2023-05-10 09:29:32,si2403,si2403,15350.0,0.0,0.0,0.0,3,15095.0,15280.0,2,15350.0,15105.0,0.0,0.0,0.0,0.0,44
2023-05-10 09:29:33,si2403,si2403,15350.0,0.0,0.0,0.0,1,15105.0,15280.0,2,15350.0,15105.0,0.0,0.0,0.0,0.0,44
2023-05-10 09:29:54,si2403,si2403,15350.0,0.0,0.0,0.0,1,15105.0,15275.0,2,15350.0,15105.0,0.0,0.0,0.0,0.0,44
2023-05-10 09:29:55,si2403,si2403,15350.0,0.0,0.0,0.0,1,15105.0,15270.0,2,15350.0,15105.0,0.0,0.0,0.0,0.0,44
2023-05-10 09:30:02,si2403,si2403,15350.0,0.0,0.0,0.0,1,14945.0,15270.0,3,15350.0,15105.0,0.0,0.0,0.0,0.0,44
2023-05-10 09:30:02,si2403,si2403,15350.0,0.0,0.0,0.0,1,15035.0,15270.0,3,15350.0,15105.0,0.0,0.0,0.0,0.0,44
2023-05-10 09:30:04,si2403,si2403,15350.0,0.0,0.0,0.0,1,15035.0,15270.0,2,15350.0,15105.0,0.0,0.0,0.0,0.0,44
2023-05-10 09:30:05,si2403,si2403,15350.0,0.0,0.0,0.0,1,15035.0,15270.0,3,15350.0,15105.0,0.0,0.0,0.0,0.0,44
2023-05-10 09:30:06,si2403,si2403,15350.0,0.0,0.0,0.0,4,15040.0,15270.0,3,15350.0,15105.0,0.0,0.0,0.0,0.0,44
2023-05-10 09:30:07,si2403,si2403,15350.0,0.0,0.0,0.0,1,15060.0,15270.0,3,15350.0,15105.0,0.0,0.0,0.0,0.0,44
2023-05-10 09:30:08,si2403,si2403,15350.0,0.0,0.0,0.0,1,15060.0,15270.0,2,15350.0,15105.0,0.0,0.0,0.0,0.0,44
2023-05-10 09:30:09,si2403,si2403,15350.0,0.0,0.0,0.0,3,15065.0,15270.0,2,15350.0,15105.0,0.0,0.0,0.0,0.0,44
2023-05-10 09:30:09,si2403,si2403,15350.0,0.0,0.0,0.0,1,15075.0,15270.0,2,15350.0,15105.0,0.0,0.0,0.0,0.0,44
2023-05-10 09:30:11,si2403,si2403,15350.0,0.0,0.0,0.0,4,15075.0,15270.0,2,15350.0,15105.0,0.0,0.0,0.0,0.0,44
2023-05-10 09:30:13,si2403,si2403,15350.0,0.0,0.0,0.0,3,15075.0,15270.0,2,15350.0,15105.0,0.0,0.0,0.0,0.0,44
2023-05-10 09:30:14,si2403,si2403,15350.0,0.0,0.0,0.0,1,15080.0,15270.0,2,15350.0,15105.0,0.0,0.0,0.0,0.0,44
2023-05-10 09:30:14,si2403,si2403,15350.0,0.0,0.0,0.0,3,15080.0,15270.0,2,15350.0,15105.0,0.0,0.0,0.0,0.0,44
2023-05-10 09:30:15,si2403,si2403,15350.0,0.0,0.0,0.0,1,15090.0,15270.0,2,15350.0,15105.0,0.0,0.0,0.0,0.0,44
2023-05-10 09:30:25,si2403,si2403,15350.0,0.0,0.0,0.0,1,15100.0,15270.0,2,15350.0,15105.0,0.0,0.0,0.0,0.0,44
2023-05-10 09:30:25,si2403,si2403,15350.0,0.0,0.0,0.0,1,15105.0,15270.0,2,15350.0,15105.0,0.0,0.0,0.0,0.0,44
2023-05-10 09:30:37,si2403,si2403,15350.0,0.0,0.0,0.0,1,15105.0,15265.0,2,15350.0,15105.0,0.0,0.0,0.0,0.0,44
2023-05-10 09:30:38,si2403,si2403,15350.0,0.0,0.0,0.0,1,15105.0,15260.0,2,15350.0,15105.0,0.0,0.0,0.0,0.0,44
2023-05-10 09:30:53,si2403,si2403,15350.0,0.0,0.0,0.0,1,15100.0,15260.0,2,15350.0,15105.0,0.0,0.0,0.0,0.0,44
2023-05-10 09:30:53,si2403,si2403,15350.0,0.0,0.0,0.0,1,15100.0,15255.0,1,15350.0,15105.0,0.0,0.0,0.0,0.0,44
2023-05-10 09:30:54,si2403,si2403,15350.0,0.0,0.0,0.0,1,15100.0,15250.0,1,15350.0,15105.0,0.0,0.0,0.0,0.0,44
2023-05-10 09:30:55,si2403,si2403,15350.0,0.0,0.0,0.0,1,15100.0,15250.0,2,15350.0,15105.0,0.0,0.0,0.0,0.0,44
2023-05-10 09:31:16,si2403,si2403,15350.0,0.0,0.0,0.0,1,15100.0,15245.0,1,15350.0,15105.0,0.0,0.0,0.0,0.0,44
2023-05-10 09:31:19,si2403,si2403,15350.0,0.0,0.0,0.0,1,15100.0,15240.0,2,15350.0,15105.0,0.0,0.0,0.0,0.0,44
2023-05-10 09:31:20,si2403,si2403,15350.0,0.0,0.0,0.0,1,15100.0,15235.0,2,15350.0,15105.0,0.0,0.0,0.0,0.0,44
2023-05-10 09:32:00,si2403,si2403,15350.0,0.0,0.0,0.0,1,15100.0,15320.0,1,15350.0,15105.0,0.0,0.0,0.0,0.0,44
2023-05-10 09:32:00,si2403,si2403,15350.0,0.0,0.0,0.0,1,15100.0,15315.0,7,15350.0,15105.0,0.0,0.0,0.0,0.0,44
2023-05-10 09:32:01,si2403,si2403,15350.0,0.0,0.0,0.0,1,15100.0,15310.0,1,15350.0,15105.0,0.0,0.0,0.0,0.0,44
2023-05-10 09:32:02,si2403,si2403,15350.0,0.0,0.0,0.0,1,15100.0,15305.0,2,15350.0,15105.0,0.0,0.0,0.0,0.0,44
2023-05-10 09:32:04,si2403,si2403,15350.0,0.0,0.0,0.0,1,15100.0,15300.0,5,15350.0,15105.0,0.0,0.0,0.0,0.0,44
2023-05-10 09:32:05,si2403,si2403,15350.0,0.0,0.0,0.0,1,15100.0,15300.0,6,15350.0,15105.0,0.0,0.0,0.0,0.0,44
2023-05-10 09:32:05,si2403,si2403,15350.0,0.0,0.0,0.0,1,15100.0,15295.0,2,15350.0,15105.0,0.0,0.0,0.0,0.0,44
2023-05-10 09:32:07,si2403,si2403,15350.0,0.0,0.0,0.0,1,15100.0,15290.0,3,15350.0,15105.0,0.0,0.0,0.0,0.0,44
2023-05-10 09:32:08,si2403,si2403,15350.0,0.0,0.0,0.0,1,15100.0,15285.0,2,15350.0,15105.0,0.0,0.0,0.0,0.0,44
2023-05-10 09:32:10,si2403,si2403,15350.0,0.0,0.0,0.0,1,15100.0,15280.0,3,15350.0,15105.0,0.0,0.0,0.0,0.0,44
2023-05-10 09:32:11,si2403,si2403,15350.0,0.0,0.0,0.0,1,15100.0,15275.0,2,15350.0,15105.0,0.0,0.0,0.0,0.0,44
2023-05-10 09:32:14,si2403,si2403,15350.0,0.0,0.0,0.0,1,15100.0,15270.0,2,15350.0,15105.0,0.0,0.0,0.0,0.0,44
2023-05-10 09:32:15,si2403,si2403,15350.0,0.0,0.0,0.0,1,15100.0,15265.0,1,15350.0,15105.0,0.0,0.0,0.0,0.0,44
2023-05-10 09:32:17,si2403,si2403,15350.0,0.0,0.0,0.0,1,15100.0,15260.0,1,15350.0,15105.0,0.0,0.0,0.0,0.0,44
2023-05-10 09:32:18,si2403,si2403,15350.0,0.0,0.0,0.0,1,15100.0,15255.0,1,15350.0,15105.0,0.0,0.0,0.0,0.0,44
2023-05-10 09:32:20,si2403,si2403,15350.0,0.0,0.0,0.0,1,15100.0,15250.0,1,15350.0,15105.0,0.0,0.0,0.0,0.0,44
2023-05-10 09:32:21,si2403,si2403,15350.0,0.0,0.0,0.0,1,15100.0,15245.0,1,15350.0,15105.0,0.0,0.0,0.0,0.0,44
2023-05-10 09:32:24,si2403,si2403,15350.0,0.0,0.0,0.0,1,15100.0,15240.0,1,15350.0,15105.0,0.0,0.0,0.0,0.0,44
2023-05-10 09:32:25,si2403,si2403,15350.0,0.0,0.0,0.0,1,15100.0,15235.0,1,15350.0,15105.0,0.0,0.0,0.0,0.0,44
2023-05-10 09:32:27,si2403,si2403,15350.0,0.0,0.0,0.0,1,15100.0,15230.0,1,15350.0,15105.0,0.0,0.0,0.0,0.0,44
2023-05-10 09:32:28,si2403,si2403,15350.0,0.0,0.0,0.0,1,15100.0,15225.0,1,15350.0,15105.0,0.0,0.0,0.0,0.0,44
2023-05-10 09:32:30,si2403,si2403,15350.0,0.0,0.0,0.0,1,15100.0,15220.0,1,15350.0,15105.0,0.0,0.0,0.0,0.0,44
2023-05-10 09:32:33,si2403,si2403,15350.0,0.0,0.0,0.0,1,15100.0,15215.0,1,15350.0,15105.0,0.0,0.0,0.0,0.0,44
2023-05-10 09:32:34,si2403,si2403,15350.0,0.0,0.0,0.0,1,15100.0,15215.0,2,15350.0,15105.0,0.0,0.0,0.0,0.0,44
2023-05-10 09:32:39,si2403,si2403,15350.0,0.0,0.0,0.0,1,15100.0,15215.0,1,15350.0,15105.0,0.0,0.0,0.0,0.0,44
2023-05-10 09:32:40,si2403,si2403,15350.0,0.0,0.0,0.0,1,15100.0,15210.0,1,15350.0,15105.0,0.0,0.0,0.0,0.0,44
2023-05-10 09:32:41,si2403,si2403,15350.0,0.0,0.0,0.0,1,15100.0,15205.0,1,15350.0,15105.0,0.0,0.0,0.0,0.0,44
2023-05-10 09:32:43,si2403,si2403,15350.0,0.0,0.0,0.0,1,15100.0,15320.0,1,15350.0,15105.0,0.0,0.0,0.0,0.0,44
2023-05-10 09:32:43,si2403,si2403,15350.0,0.0,0.0,0.0,1,15100.0,15315.0,6,15350.0,15105.0,0.0,0.0,0.0,0.0,44
2023-05-10 09:32:44,si2403,si2403,15350.0,0.0,0.0,0.0,1,15100.0,15310.0,2,15350.0,15105.0,0.0,0.0,0.0,0.0,44
2023-05-10 09:32:45,si2403,si2403,15350.0,0.0,0.0,0.0,1,15100.0,15200.0,2,15350.0,15105.0,0.0,0.0,0.0,0.0,44
2023-05-10 09:32:59,si2403,si2403,15350.0,0.0,0.0,0.0,1,15100.0,15320.0,1,15350.0,15105.0,0.0,0.0,0.0,0.0,44
2023-05-10 09:33:00,si2403,si2403,15350.0,0.0,0.0,0.0,1,15100.0,15315.0,3,15350.0,15105.0,0.0,0.0,0.0,0.0,44
2023-05-10 09:33:01,si2403,si2403,15350.0,0.0,0.0,0.0,1,15100.0,15310.0,2,15350.0,15105.0,0.0,0.0,0.0,0.0,44
2023-05-10 09:33:03,si2403,si2403,15350.0,0.0,0.0,0.0,1,15100.0,15305.0,3,15350.0,15105.0,0.0,0.0,0.0,0.0,44
2023-05-10 09:33:05,si2403,si2403,15350.0,0.0,0.0,0.0,1,15100.0,15300.0,2,15350.0,15105.0,0.0,0.0,0.0,0.0,44
2023-05-10 09:33:06,si2403,si2403,15350.0,0.0,0.0,0.0,1,15100.0,15295.0,2,15350.0,15105.0,0.0,0.0,0.0,0.0,44
2023-05-10 09:33:08,si2403,si2403,15350.0,0.0,0.0,0.0,1,15100.0,15290.0,1,15350.0,15105.0,0.0,0.0,0.0,0.0,44
2023-05-10 09:33:09,si2403,si2403,15350.0,0.0,0.0,0.0,1,15100.0,15285.0,2,15350.0,15105.0,0.0,0.0,0.0,0.0,44
2023-05-10 09:33:10,si2403,si2403,15350.0,0.0,0.0,0.0,1,15100.0,15285.0,4,15350.0,15105.0,0.0,0.0,0.0,0.0,44
2023-05-10 09:33:12,si2403,si2403,15350.0,0.0,0.0,0.0,1,15100.0,15280.0,1,15350.0,15105.0,0.0,0.0,0.0,0.0,44
2023-05-10 09:33:14,si2403,si2403,15350.0,0.0,0.0,0.0,1,15100.0,15275.0,4,15350.0,15105.0,0.0,0.0,0.0,0.0,44
2023-05-10 09:33:16,si2403,si2403,15350.0,0.0,0.0,0.0,1,15100.0,15270.0,1,15350.0,15105.0,0.0,0.0,0.0,0.0,44
2023-05-10 09:33:18,si2403,si2403,15350.0,0.0,0.0,0.0,1,15100.0,15265.0,1,15350.0,15105.0,0.0,0.0,0.0,0.0,44
2023-05-10 09:33:20,si2403,si2403,15350.0,0.0,0.0,0.0,1,15100.0,15260.0,1,15350.0,15105.0,0.0,0.0,0.0,0.0,44
2023-05-10 09:33:23,si2403,si2403,15350.0,0.0,0.0,0.0,1,15100.0,15255.0,1,15350.0,15105.0,0.0,0.0,0.0,0.0,44
2023-05-10 09:33:25,si2403,si2403,15350.0,0.0,0.0,0.0,1,15100.0,15250.0,1,15350.0,15105.0,0.0,0.0,0.0,0.0,44
2023-05-10 09:33:26,si2403,si2403,15350.0,0.0,0.0,0.0,1,15100.0,15245.0,1,15350.0,15105.0,0.0,0.0,0.0,0.0,44
2023-05-10 09:33:27,si2403,si2403,15350.0,0.0,0.0,0.0,1,15100.0,15245.0,3,15350.0,15105.0,0.0,0.0,0.0,0.0,44
2023-05-10 09:33:28,si2403,si2403,15350.0,0.0,0.0,0.0,1,15100.0,15240.0,1,15350.0,15105.0,0.0,0.0,0.0,0.0,44
2023-05-10 09:33:29,si2403,si2403,15350.0,0.0,0.0,0.0,1,15100.0,15235.0,1,15350.0,15105.0,0.0,0.0,0.0,0.0,44
2023-05-10 09:33:32,si2403,si2403,15350.0,0.0,0.0,0.0,1,15100.0,15230.0,1,15350.0,15105.0,0.0,0.0,0.0,0.0,44
2023-05-10 09:33:33,si2403,si2403,15350.0,0.0,0.0,0.0,1,15100.0,15225.0,1,15350.0,15105.0,0.0,0.0,0.0,0.0,44
2023-05-10 09:33:35,si2403,si2403,15350.0,0.0,0.0,0.0,1,15100.0,15320.0,1,15350.0,15105.0,0.0,0.0,0.0,0.0,44
2023-05-10 09:33:36,si2403,si2403,15350.0,0.0,0.0,0.0,1,15100.0,15315.0,3,15350.0,15105.0,0.0,0.0,0.0,0.0,44
2023-05-10 09:33:36,si2403,si2403,15350.0,0.0,0.0,0.0,1,15100.0,15310.0,1,15350.0,15105.0,0.0,0.0,0.0,0.0,44
2023-05-10 09:33:37,si2403,si2403,15350.0,0.0,0.0,0.0,1,15100.0,15305.0,2,15350.0,15105.0,0.0,0.0,0.0,0.0,44
2023-05-10 09:33:38,si2403,si2403,15350.0,0.0,0.0,0.0,1,15105.0,15305.0,2,15350.0,15105.0,0.0,0.0,0.0,0.0,44
2023-05-10 09:33:39,si2403,si2403,15350.0,0.0,0.0,0.0,1,15105.0,15300.0,1,15350.0,15105.0,0.0,0.0,0.0,0.0,44
2023-05-10 09:33:39,si2403,si2403,15350.0,0.0,0.0,0.0,1,15105.0,15300.0,3,15350.0,15105.0,0.0,0.0,0.0,0.0,44
2023-05-10 09:33:40,si2403,si2403,15350.0,0.0,0.0,0.0,1,15105.0,15295.0,2,15350.0,15105.0,0.0,0.0,0.0,0.0,44
2023-05-10 09:33:41,si2403,si2403,15350.0,0.0,0.0,0.0,1,15100.0,15295.0,2,15350.0,15105.0,0.0,0.0,0.0,0.0,44
2023-05-10 09:33:42,si2403,si2403,15350.0,0.0,0.0,0.0,1,15100.0,15290.0,1,15350.0,15105.0,0.0,0.0,0.0,0.0,44
2023-05-10 09:33:43,si2403,si2403,15350.0,0.0,0.0,0.0,1,15100.0,15285.0,2,15350.0,15105.0,0.0,0.0,0.0,0.0,44
2023-05-10 09:33:43,si2403,si2403,15350.0,0.0,0.0,0.0,1,15105.0,15285.0,2,15350.0,15105.0,0.0,0.0,0.0,0.0,44
2023-05-10 09:34:08,si2403,si2403,15350.0,0.0,0.0,0.0,1,15105.0,15280.0,2,15350.0,15105.0,0.0,0.0,0.0,0.0,44
2023-05-10 09:34:09,si2403,si2403,15350.0,0.0,0.0,0.0,1,15105.0,15275.0,2,15350.0,15105.0,0.0,0.0,0.0,0.0,44
2023-05-10 09:34:19,si2403,si2403,15350.0,0.0,0.0,0.0,1,15100.0,15275.0,2,15350.0,15105.0,0.0,0.0,0.0,0.0,44
2023-05-10 09:34:20,si2403,si2403,15350.0,0.0,0.0,0.0,1,15100.0,15270.0,2,15350.0,15105.0,0.0,0.0,0.0,0.0,44
2023-05-10 09:34:21,si2403,si2403,15350.0,0.0,0.0,0.0,1,15100.0,15265.0,2,15350.0,15105.0,0.0,0.0,0.0,0.0,44
2023-05-10 09:34:54,si2403,si2403,15350.0,0.0,0.0,0.0,1,15100.0,15260.0,2,15350.0,15105.0,0.0,0.0,0.0,0.0,44
2023-05-10 09:34:56,si2403,si2403,15350.0,0.0,0.0,0.0,1,15100.0,15255.0,2,15350.0,15105.0,0.0,0.0,0.0,0.0,44
2023-05-10 09:35:04,si2403,si2403,15350.0,0.0,0.0,0.0,1,15105.0,15255.0,2,15350.0,15105.0,0.0,0.0,0.0,0.0,44
2023-05-10 09:35:14,si2403,si2403,15350.0,0.0,0.0,0.0,1,15100.0,15255.0,2,15350.0,15105.0,0.0,0.0,0.0,0.0,44
2023-05-10 09:35:36,si2403,si2403,15350.0,0.0,0.0,0.0,1,15100.0,15250.0,2,15350.0,15105.0,0.0,0.0,0.0,0.0,44
2023-05-10 09:35:37,si2403,si2403,15350.0,0.0,0.0,0.0,1,15100.0,15245.0,2,15350.0,15105.0,0.0,0.0,0.0,0.0,44
2023-05-10 09:35:40,si2403,si2403,15350.0,0.0,0.0,0.0,1,15105.0,15245.0,2,15350.0,15105.0,0.0,0.0,0.0,0.0,44
2023-05-10 09:36:18,si2403,si2403,15350.0,0.0,0.0,0.0,1,15105.0,15240.0,2,15350.0,15105.0,0.0,0.0,0.0,0.0,44
2023-05-10 09:36:20,si2403,si2403,15350.0,0.0,0.0,0.0,1,15105.0,15235.0,2,15350.0,15105.0,0.0,0.0,0.0,0.0,44
2023-05-10 09:36:47,si2403,si2403,15350.0,0.0,0.0,0.0,1,15105.0,15320.0,1,15350.0,15105.0,0.0,0.0,0.0,0.0,44
2023-05-10 09:36:47,si2403,si2403,15350.0,0.0,0.0,0.0,1,15105.0,15315.0,4,15350.0,15105.0,0.0,0.0,0.0,0.0,44
2023-05-10 09:36:48,si2403,si2403,15350.0,0.0,0.0,0.0,1,15105.0,15315.0,5,15350.0,15105.0,0.0,0.0,0.0,0.0,44
2023-05-10 09:36:58,si2403,si2403,15350.0,0.0,0.0,0.0,1,15105.0,15315.0,3,15350.0,15105.0,0.0,0.0,0.0,0.0,44
2023-05-10 09:36:59,si2403,si2403,15350.0,0.0,0.0,0.0,1,15105.0,15310.0,2,15350.0,15105.0,0.0,0.0,0.0,0.0,44
2023-05-10 09:36:59,si2403,si2403,15350.0,0.0,0.0,0.0,2,15105.0,15310.0,4,15350.0,15105.0,0.0,0.0,0.0,0.0,44
2023-05-10 09:37:00,si2403,si2403,15350.0,0.0,0.0,0.0,2,15105.0,15305.0,3,15350.0,15105.0,0.0,0.0,0.0,0.0,44
2023-05-10 09:37:10,si2403,si2403,15350.0,0.0,0.0,0.0,5,15105.0,15305.0,3,15350.0,15105.0,0.0,0.0,0.0,0.0,44
2023-05-10 09:37:18,si2403,si2403,15350.0,0.0,0.0,0.0,2,15105.0,15305.0,3,15350.0,15105.0,0.0,0.0,0.0,0.0,44
2023-05-10 09:37:19,si2403,si2403,15350.0,0.0,0.0,0.0,3,15110.0,15305.0,3,15350.0,15105.0,0.0,0.0,0.0,0.0,44
2023-05-10 09:37:19,si2403,si2403,15350.0,0.0,0.0,0.0,1,15120.0,15305.0,3,15350.0,15105.0,0.0,0.0,0.0,0.0,44
2023-05-10 09:37:33,si2403,si2403,15350.0,0.0,0.0,0.0,1,15120.0,15300.0,2,15350.0,15105.0,0.0,0.0,0.0,0.0,44
2023-05-10 09:37:34,si2403,si2403,15350.0,0.0,0.0,0.0,1,15120.0,15295.0,1,15350.0,15105.0,0.0,0.0,0.0,0.0,44
2023-05-10 09:37:35,si2403,si2403,15350.0,0.0,0.0,0.0,1,15120.0,15290.0,1,15350.0,15105.0,0.0,0.0,0.0,0.0,44
2023-05-10 09:37:40,si2403,si2403,15350.0,0.0,0.0,0.0,1,15120.0,15285.0,1,15350.0,15105.0,0.0,0.0,0.0,0.0,44
2023-05-10 09:37:41,si2403,si2403,15350.0,0.0,0.0,0.0,1,15120.0,15280.0,1,15350.0,15105.0,0.0,0.0,0.0,0.0,44
2023-05-10 09:37:42,si2403,si2403,15350.0,0.0,0.0,0.0,1,15120.0,15275.0,1,15350.0,15105.0,0.0,0.0,0.0,0.0,44
2023-05-10 09:37:47,si2403,si2403,15350.0,0.0,0.0,0.0,1,15120.0,15270.0,1,15350.0,15105.0,0.0,0.0,0.0,0.0,44
2023-05-10 09:37:53,si2403,si2403,15350.0,0.0,0.0,0.0,1,15120.0,15265.0,1,15350.0,15105.0,0.0,0.0,0.0,0.0,44
2023-05-10 09:37:55,si2403,si2403,15350.0,0.0,0.0,0.0,1,15120.0,15260.0,1,15350.0,15105.0,0.0,0.0,0.0,0.0,44
2023-05-10 09:37:58,si2403,si2403,15350.0,0.0,0.0,0.0,1,15120.0,15255.0,1,15350.0,15105.0,0.0,0.0,0.0,0.0,44
2023-05-10 09:37:59,si2403,si2403,15350.0,0.0,0.0,0.0,1,15120.0,15250.0,1,15350.0,15105.0,0.0,0.0,0.0,0.0,44
2023-05-10 09:38:01,si2403,si2403,15350.0,0.0,0.0,0.0,1,15120.0,15245.0,1,15350.0,15105.0,0.0,0.0,0.0,0.0,44
2023-05-10 09:38:02,si2403,si2403,15350.0,0.0,0.0,0.0,1,15120.0,15240.0,1,15350.0,15105.0,0.0,0.0,0.0,0.0,44
2023-05-10 09:38:04,si2403,si2403,15350.0,0.0,0.0,0.0,1,15120.0,15240.0,2,15350.0,15105.0,0.0,0.0,0.0,0.0,44
2023-05-10 09:38:14,si2403,si2403,15350.0,0.0,0.0,0.0,1,15105.0,15240.0,1,15350.0,15105.0,0.0,0.0,0.0,0.0,44
2023-05-10 09:38:15,si2403,si2403,15350.0,0.0,0.0,0.0,1,15110.0,15235.0,1,15350.0,15105.0,0.0,0.0,0.0,0.0,44
2023-05-10 09:38:16,si2403,si2403,15350.0,0.0,0.0,0.0,1,15110.0,15235.0,2,15350.0,15105.0,0.0,0.0,0.0,0.0,44
2023-05-10 09:38:24,si2403,si2403,15350.0,0.0,0.0,0.0,2,15115.0,15235.0,2,15350.0,15105.0,0.0,0.0,0.0,0.0,44
2023-05-10 09:38:25,si2403,si2403,15350.0,0.0,0.0,0.0,2,15115.0,15370.0,1,15350.0,15105.0,0.0,0.0,0.0,0.0,44
2023-05-10 09:38:25,si2403,si2403,15350.0,0.0,0.0,0.0,2,15115.0,15365.0,8,15350.0,15105.0,0.0,0.0,0.0,0.0,44
2023-05-10 09:38:26,si2403,si2403,15350.0,0.0,0.0,0.0,2,15115.0,15355.0,1,15350.0,15105.0,0.0,0.0,0.0,0.0,44
2023-05-10 09:38:26,si2403,si2403,15350.0,0.0,0.0,0.0,1,15105.0,15355.0,1,15350.0,15105.0,0.0,0.0,0.0,0.0,44
2023-05-10 09:38:27,si2403,si2403,15350.0,0.0,0.0,0.0,1,15120.0,15350.0,2,15350.0,15105.0,0.0,0.0,0.0,0.0,44
2023-05-10 09:38:31,si2403,si2403,15350.0,0.0,0.0,0.0,1,15120.0,15345.0,6,15350.0,15105.0,0.0,0.0,0.0,0.0,44
2023-05-10 09:38:34,si2403,si2403,15350.0,0.0,0.0,0.0,1,15120.0,15340.0,2,15350.0,15105.0,0.0,0.0,0.0,0.0,44
2023-05-10 09:38:38,si2403,si2403,15350.0,0.0,0.0,0.0,1,15120.0,15335.0,3,15350.0,15105.0,0.0,0.0,0.0,0.0,44
2023-05-10 09:38:40,si2403,si2403,15350.0,0.0,0.0,0.0,1,15120.0,15330.0,2,15350.0,15105.0,0.0,0.0,0.0,0.0,44
2023-05-10 09:38:44,si2403,si2403,15350.0,0.0,0.0,0.0,1,15120.0,15325.0,3,15350.0,15105.0,0.0,0.0,0.0,0.0,44
2023-05-10 09:38:48,si2403,si2403,15350.0,0.0,0.0,0.0,1,15120.0,15320.0,2,15350.0,15105.0,0.0,0.0,0.0,0.0,44
2023-05-10 09:38:50,si2403,si2403,15350.0,0.0,0.0,0.0,1,15120.0,15315.0,3,15350.0,15105.0,0.0,0.0,0.0,0.0,44
2023-05-10 09:38:55,si2403,si2403,15350.0,0.0,0.0,0.0,1,15120.0,15310.0,2,15350.0,15105.0,0.0,0.0,0.0,0.0,44
2023-05-10 09:38:56,si2403,si2403,15350.0,0.0,0.0,0.0,1,15120.0,15305.0,3,15350.0,15105.0,0.0,0.0,0.0,0.0,44
2023-05-10 09:38:57,si2403,si2403,15350.0,0.0,0.0,0.0,1,15120.0,15300.0,2,15350.0,15105.0,0.0,0.0,0.0,0.0,44
2023-05-10 09:38:59,si2403,si2403,15350.0,0.0,0.0,0.0,1,15120.0,15295.0,3,15350.0,15105.0,0.0,0.0,0.0,0.0,44
2023-05-10 09:39:00,si2403,si2403,15350.0,0.0,0.0,0.0,1,15120.0,15290.0,2,15350.0,15105.0,0.0,0.0,0.0,0.0,44
2023-05-10 09:39:02,si2403,si2403,15350.0,0.0,0.0,0.0,1,15120.0,15285.0,2,15350.0,15105.0,0.0,0.0,0.0,0.0,44
2023-05-10 09:39:06,si2403,si2403,15350.0,0.0,0.0,0.0,1,15120.0,15280.0,2,15350.0,15105.0,0.0,0.0,0.0,0.0,44
2023-05-10 09:39:07,si2403,si2403,15350.0,0.0,0.0,0.0,1,15120.0,15275.0,2,15350.0,15105.0,0.0,0.0,0.0,0.0,44
2023-05-10 09:39:47,si2403,si2403,15350.0,0.0,0.0,0.0,1,15120.0,15270.0,2,15350.0,15105.0,0.0,0.0,0.0,0.0,44
2023-05-10 09:39:49,si2403,si2403,15350.0,0.0,0.0,0.0,1,15120.0,15265.0,2,15350.0,15105.0,0.0,0.0,0.0,0.0,44
2023-05-10 09:40:30,si2403,si2403,15350.0,0.0,0.0,0.0,1,15120.0,15260.0,2,15350.0,15105.0,0.0,0.0,0.0,0.0,44
2023-05-10 09:40:31,si2403,si2403,15350.0,0.0,0.0,0.0,1,15120.0,15255.0,2,15350.0,15105.0,0.0,0.0,0.0,0.0,44
2023-05-10 09:40:57,si2403,si2403,15350.0,0.0,0.0,0.0,1,15105.0,15255.0,2,15350.0,15105.0,0.0,0.0,0.0,0.0,44
2023-05-10 09:40:57,si2403,si2403,15350.0,0.0,0.0,0.0,1,15110.0,15255.0,2,15350.0,15105.0,0.0,0.0,0.0,0.0,44
2023-05-10 09:41:12,si2403,si2403,15350.0,0.0,0.0,0.0,1,15110.0,15250.0,2,15350.0,15105.0,0.0,0.0,0.0,0.0,44
2023-05-10 09:41:13,si2403,si2403,15350.0,0.0,0.0,0.0,1,15110.0,15245.0,2,15350.0,15105.0,0.0,0.0,0.0,0.0,44
2023-05-10 09:41:49,si2403,si2403,15350.0,0.0,0.0,0.0,1,15105.0,15245.0,2,15350.0,15105.0,0.0,0.0,0.0,0.0,44
2023-05-10 09:41:55,si2403,si2403,15350.0,0.0,0.0,0.0,1,15105.0,15240.0,2,15350.0,15105.0,0.0,0.0,0.0,0.0,44
2023-05-10 09:41:57,si2403,si2403,15350.0,0.0,0.0,0.0,1,15105.0,15235.0,2,15350.0,15105.0,0.0,0.0,0.0,0.0,44
2023-05-10 09:42:37,si2403,si2403,15350.0,0.0,0.0,0.0,1,15105.0,15230.0,2,15350.0,15105.0,0.0,0.0,0.0,0.0,44
2023-05-10 09:42:38,si2403,si2403,15350.0,0.0,0.0,0.0,1,15105.0,15225.0,2,15350.0,15105.0,0.0,0.0,0.0,0.0,44
2023-05-10 09:43:19,si2403,si2403,15350.0,0.0,0.0,0.0,1,15105.0,15220.0,2,15350.0,15105.0,0.0,0.0,0.0,0.0,44
2023-05-10 09:43:22,si2403,si2403,15350.0,0.0,0.0,0.0,1,15105.0,15215.0,2,15350.0,15105.0,0.0,0.0,0.0,0.0,44
2023-05-10 09:44:01,si2403,si2403,15350.0,0.0,0.0,0.0,2,15110.0,15215.0,2,15350.0,15105.0,0.0,0.0,0.0,0.0,44
2023-05-10 09:44:18,si2403,si2403,15350.0,0.0,0.0,0.0,1,15105.0,15215.0,2,15350.0,15105.0,0.0,0.0,0.0,0.0,44
2023-05-10 09:44:43,si2403,si2403,15350.0,0.0,0.0,0.0,1,15105.0,15210.0,2,15350.0,15105.0,0.0,0.0,0.0,0.0,44
2023-05-10 09:44:46,si2403,si2403,15350.0,0.0,0.0,0.0,1,15105.0,15205.0,1,15350.0,15105.0,0.0,0.0,0.0,0.0,44
2023-05-10 09:44:49,si2403,si2403,15350.0,0.0,0.0,0.0,1,15105.0,15210.0,3,15350.0,15105.0,0.0,0.0,0.0,0.0,44
2023-05-10 09:44:49,si2403,si2403,15350.0,0.0,0.0,0.0,1,15105.0,15210.0,4,15350.0,15105.0,0.0,0.0,0.0,0.0,44
2023-05-10 09:44:54,si2403,si2403,15350.0,0.0,0.0,0.0,1,15105.0,15210.0,2,15350.0,15105.0,0.0,0.0,0.0,0.0,44
2023-05-10 09:44:54,si2403,si2403,15350.0,0.0,0.0,0.0,1,15105.0,15205.0,2,15350.0,15105.0,0.0,0.0,0.0,0.0,44
2023-05-10 09:45:01,si2403,si2403,15350.0,0.0,0.0,0.0,1,15105.0,15210.0,2,15350.0,15105.0,0.0,0.0,0.0,0.0,44
2023-05-10 09:45:02,si2403,si2403,15350.0,0.0,0.0,0.0,1,15105.0,15210.0,4,15350.0,15105.0,0.0,0.0,0.0,0.0,44
2023-05-10 09:45:06,si2403,si2403,15350.0,0.0,0.0,0.0,1,15105.0,15210.0,2,15350.0,15105.0,0.0,0.0,0.0,0.0,44
2023-05-10 09:45:06,si2403,si2403,15350.0,0.0,0.0,0.0,1,15105.0,15205.0,2,15350.0,15105.0,0.0,0.0,0.0,0.0,44
2023-05-10 09:45:12,si2403,si2403,15350.0,0.0,0.0,0.0,1,15105.0,15210.0,2,15350.0,15105.0,0.0,0.0,0.0,0.0,44
2023-05-10 09:45:13,si2403,si2403,15350.0,0.0,0.0,0.0,1,15105.0,15210.0,4,15350.0,15105.0,0.0,0.0,0.0,0.0,44
2023-05-10 09:45:15,si2403,si2403,15350.0,0.0,0.0,0.0,1,15105.0,15210.0,2,15350.0,15105.0,0.0,0.0,0.0,0.0,44
2023-05-10 09:45:16,si2403,si2403,15350.0,0.0,0.0,0.0,1,15105.0,15205.0,2,15350.0,15105.0,0.0,0.0,0.0,0.0,44
2023-05-10 09:45:25,si2403,si2403,15350.0,0.0,0.0,0.0,1,15105.0,15200.0,2,15350.0,15105.0,0.0,0.0,0.0,0.0,44
2023-05-10 09:45:26,si2403,si2403,15350.0,0.0,0.0,0.0,1,15105.0,15200.0,4,15350.0,15105.0,0.0,0.0,0.0,0.0,44
2023-05-10 09:45:33,si2403,si2403,15350.0,0.0,0.0,0.0,1,15105.0,15200.0,2,15350.0,15105.0,0.0,0.0,0.0,0.0,44
2023-05-10 09:45:34,si2403,si2403,15350.0,0.0,0.0,0.0,1,15105.0,15195.0,2,15350.0,15105.0,0.0,0.0,0.0,0.0,44
2023-05-10 09:45:37,si2403,si2403,15350.0,0.0,0.0,0.0,1,15105.0,15200.0,2,15350.0,15105.0,0.0,0.0,0.0,0.0,44
2023-05-10 09:45:37,si2403,si2403,15350.0,0.0,0.0,0.0,1,15105.0,15200.0,4,15350.0,15105.0,0.0,0.0,0.0,0.0,44
2023-05-10 09:45:39,si2403,si2403,15350.0,0.0,0.0,0.0,1,15105.0,15200.0,2,15350.0,15105.0,0.0,0.0,0.0,0.0,44
2023-05-10 09:45:40,si2403,si2403,15350.0,0.0,0.0,0.0,1,15105.0,15200.0,1,15350.0,15105.0,0.0,0.0,0.0,0.0,44
2023-05-10 09:45:40,si2403,si2403,15350.0,0.0,0.0,0.0,1,15105.0,15355.0,1,15350.0,15105.0,0.0,0.0,0.0,0.0,44
2023-05-10 09:45:41,si2403,si2403,15350.0,0.0,0.0,0.0,1,15105.0,15350.0,7,15350.0,15105.0,0.0,0.0,0.0,0.0,44
2023-05-10 09:45:41,si2403,si2403,15350.0,0.0,0.0,0.0,1,15105.0,15350.0,8,15350.0,15105.0,0.0,0.0,0.0,0.0,44
2023-05-10 09:45:42,si2403,si2403,15350.0,0.0,0.0,0.0,1,15105.0,15340.0,1,15350.0,15105.0,0.0,0.0,0.0,0.0,44
2023-05-10 09:45:43,si2403,si2403,15350.0,0.0,0.0,0.0,1,15105.0,15335.0,2,15350.0,15105.0,0.0,0.0,0.0,0.0,44
2023-05-10 09:45:44,si2403,si2403,15350.0,0.0,0.0,0.0,1,15105.0,15335.0,6,15350.0,15105.0,0.0,0.0,0.0,0.0,44
2023-05-10 09:45:44,si2403,si2403,15350.0,0.0,0.0,0.0,1,15105.0,15335.0,7,15350.0,15105.0,0.0,0.0,0.0,0.0,44
2023-05-10 09:45:45,si2403,si2403,15350.0,0.0,0.0,0.0,1,15105.0,15330.0,1,15350.0,15105.0,0.0,0.0,0.0,0.0,44
2023-05-10 09:45:46,si2403,si2403,15350.0,0.0,0.0,0.0,1,15105.0,15325.0,2,15350.0,15105.0,0.0,0.0,0.0,0.0,44
2023-05-10 09:45:46,si2403,si2403,15350.0,0.0,0.0,0.0,1,15110.0,15320.0,4,15350.0,15105.0,0.0,0.0,0.0,0.0,44
2023-05-10 09:45:47,si2403,si2403,15350.0,0.0,0.0,0.0,1,15110.0,15320.0,5,15350.0,15105.0,0.0,0.0,0.0,0.0,44
2023-05-10 09:45:47,si2403,si2403,15350.0,0.0,0.0,0.0,1,15110.0,15315.0,2,15350.0,15105.0,0.0,0.0,0.0,0.0,44
2023-05-10 09:45:48,si2403,si2403,15350.0,0.0,0.0,0.0,1,15110.0,15315.0,3,15350.0,15105.0,0.0,0.0,0.0,0.0,44
2023-05-10 09:45:49,si2403,si2403,15350.0,0.0,0.0,0.0,1,15110.0,15315.0,2,15350.0,15105.0,0.0,0.0,0.0,0.0,44
2023-05-10 09:45:49,si2403,si2403,15350.0,0.0,0.0,0.0,1,15110.0,15310.0,1,15350.0,15105.0,0.0,0.0,0.0,0.0,44
2023-05-10 09:45:50,si2403,si2403,15350.0,0.0,0.0,0.0,1,15110.0,15310.0,3,15350.0,15105.0,0.0,0.0,0.0,0.0,44
2023-05-10 09:45:50,si2403,si2403,15350.0,0.0,0.0,0.0,1,15110.0,15305.0,2,15350.0,15105.0,0.0,0.0,0.0,0.0,44
2023-05-10 09:45:53,si2403,si2403,15350.0,0.0,0.0,0.0,1,15110.0,15300.0,3,15350.0,15105.0,0.0,0.0,0.0,0.0,44
2023-05-10 09:45:55,si2403,si2403,15350.0,0.0,0.0,0.0,1,15110.0,15295.0,2,15350.0,15105.0,0.0,0.0,0.0,0.0,44
2023-05-10 09:45:56,si2403,si2403,15350.0,0.0,0.0,0.0,1,15110.0,15290.0,2,15350.0,15105.0,0.0,0.0,0.0,0.0,44
2023-05-10 09:46:00,si2403,si2403,15350.0,0.0,0.0,0.0,1,15110.0,15285.0,2,15350.0,15105.0,0.0,0.0,0.0,0.0,44
2023-05-10 09:46:01,si2403,si2403,15350.0,0.0,0.0,0.0,1,15110.0,15280.0,2,15350.0,15105.0,0.0,0.0,0.0,0.0,44
2023-05-10 09:46:03,si2403,si2403,15350.0,0.0,0.0,0.0,1,15110.0,15275.0,2,15350.0,15105.0,0.0,0.0,0.0,0.0,44
2023-05-10 09:46:04,si2403,si2403,15350.0,0.0,0.0,0.0,1,15110.0,15270.0,1,15350.0,15105.0,0.0,0.0,0.0,0.0,44
2023-05-10 09:46:05,si2403,si2403,15350.0,0.0,0.0,0.0,1,15110.0,15265.0,1,15350.0,15105.0,0.0,0.0,0.0,0.0,44
2023-05-10 09:46:06,si2403,si2403,15350.0,0.0,0.0,0.0,1,15110.0,15265.0,3,15350.0,15105.0,0.0,0.0,0.0,0.0,44
2023-05-10 09:46:07,si2403,si2403,15350.0,0.0,0.0,0.0,1,15110.0,15260.0,1,15350.0,15105.0,0.0,0.0,0.0,0.0,44
2023-05-10 09:46:09,si2403,si2403,15350.0,0.0,0.0,0.0,1,15110.0,15255.0,1,15350.0,15105.0,0.0,0.0,0.0,0.0,44
2023-05-10 09:46:10,si2403,si2403,15350.0,0.0,0.0,0.0,1,15110.0,15250.0,1,15350.0,15105.0,0.0,0.0,0.0,0.0,44
2023-05-10 09:46:11,si2403,si2403,15350.0,0.0,0.0,0.0,1,15110.0,15245.0,1,15350.0,15105.0,0.0,0.0,0.0,0.0,44
2023-05-10 09:46:13,si2403,si2403,15350.0,0.0,0.0,0.0,1,15110.0,15240.0,1,15350.0,15105.0,0.0,0.0,0.0,0.0,44
2023-05-10 09:46:15,si2403,si2403,15350.0,0.0,0.0,0.0,1,15110.0,15235.0,1,15350.0,15105.0,0.0,0.0,0.0,0.0,44
2023-05-10 09:46:16,si2403,si2403,15350.0,0.0,0.0,0.0,1,15110.0,15230.0,1,15350.0,15105.0,0.0,0.0,0.0,0.0,44
2023-05-10 09:46:20,si2403,si2403,15350.0,0.0,0.0,0.0,1,15110.0,15225.0,1,15350.0,15105.0,0.0,0.0,0.0,0.0,44
2023-05-10 09:46:22,si2403,si2403,15350.0,0.0,0.0,0.0,1,15110.0,15220.0,1,15350.0,15105.0,0.0,0.0,0.0,0.0,44
2023-05-10 09:46:26,si2403,si2403,15350.0,0.0,0.0,0.0,1,15110.0,15215.0,1,15350.0,15105.0,0.0,0.0,0.0,0.0,44
2023-05-10 09:46:29,si2403,si2403,15350.0,0.0,0.0,0.0,1,15105.0,15210.0,1,15350.0,15105.0,0.0,0.0,0.0,0.0,44
2023-05-10 09:46:30,si2403,si2403,15350.0,0.0,0.0,0.0,1,15105.0,15205.0,1,15350.0,15105.0,0.0,0.0,0.0,0.0,44
2023-05-10 09:46:32,si2403,si2403,15350.0,0.0,0.0,0.0,1,15105.0,15200.0,1,15350.0,15105.0,0.0,0.0,0.0,0.0,44
2023-05-10 09:46:33,si2403,si2403,15350.0,0.0,0.0,0.0,1,15105.0,15200.0,2,15350.0,15105.0,0.0,0.0,0.0,0.0,44
2023-05-10 09:46:36,si2403,si2403,15350.0,0.0,0.0,0.0,1,15105.0,15200.0,1,15350.0,15105.0,0.0,0.0,0.0,0.0,44
2023-05-10 09:46:37,si2403,si2403,15350.0,0.0,0.0,0.0,1,15105.0,15195.0,1,15350.0,15105.0,0.0,0.0,0.0,0.0,44
2023-05-10 09:46:38,si2403,si2403,15350.0,0.0,0.0,0.0,1,15105.0,15195.0,2,15350.0,15105.0,0.0,0.0,0.0,0.0,44
2023-05-10 09:46:48,si2403,si2403,15350.0,0.0,0.0,0.0,1,15105.0,15190.0,2,15350.0,15105.0,0.0,0.0,0.0,0.0,44
2023-05-10 09:46:49,si2403,si2403,15350.0,0.0,0.0,0.0,1,15105.0,15195.0,2,15350.0,15105.0,0.0,0.0,0.0,0.0,44
2023-05-10 09:46:49,si2403,si2403,15350.0,0.0,0.0,0.0,1,15105.0,15195.0,1,15350.0,15105.0,0.0,0.0,0.0,0.0,44
2023-05-10 09:46:50,si2403,si2403,15350.0,0.0,0.0,0.0,1,15105.0,15195.0,2,15350.0,15105.0,0.0,0.0,0.0,0.0,44
2023-05-10 09:46:51,si2403,si2403,15350.0,0.0,0.0,0.0,1,15105.0,15195.0,1,15350.0,15105.0,0.0,0.0,0.0,0.0,44
2023-05-10 09:46:57,si2403,si2403,15350.0,0.0,0.0,0.0,1,15105.0,15340.0,1,15350.0,15105.0,0.0,0.0,0.0,0.0,44
2023-05-10 09:46:58,si2403,si2403,15350.0,0.0,0.0,0.0,1,15105.0,15335.0,3,15350.0,15105.0,0.0,0.0,0.0,0.0,44
2023-05-10 09:46:58,si2403,si2403,15350.0,0.0,0.0,0.0,1,15105.0,15325.0,1,15350.0,15105.0,0.0,0.0,0.0,0.0,44
2023-05-10 09:47:00,si2403,si2403,15350.0,0.0,0.0,0.0,1,15105.0,15320.0,2,15350.0,15105.0,0.0,0.0,0.0,0.0,44
2023-05-10 09:47:03,si2403,si2403,15350.0,0.0,0.0,0.0,1,15105.0,15315.0,6,15350.0,15105.0,0.0,0.0,0.0,0.0,44
2023-05-10 09:47:04,si2403,si2403,15350.0,0.0,0.0,0.0,1,15105.0,15310.0,2,15350.0,15105.0,0.0,0.0,0.0,0.0,44
2023-05-10 09:47:09,si2403,si2403,15350.0,0.0,0.0,0.0,1,15105.0,15305.0,3,15350.0,15105.0,0.0,0.0,0.0,0.0,44
2023-05-10 09:47:10,si2403,si2403,15350.0,0.0,0.0,0.0,1,15105.0,15300.0,2,15350.0,15105.0,0.0,0.0,0.0,0.0,44
2023-05-10 09:47:12,si2403,si2403,15350.0,0.0,0.0,0.0,1,15105.0,15295.0,3,15350.0,15105.0,0.0,0.0,0.0,0.0,44
2023-05-10 09:47:13,si2403,si2403,15350.0,0.0,0.0,0.0,1,15105.0,15290.0,2,15350.0,15105.0,0.0,0.0,0.0,0.0,44
2023-05-10 09:47:15,si2403,si2403,15350.0,0.0,0.0,0.0,1,15105.0,15285.0,3,15350.0,15105.0,0.0,0.0,0.0,0.0,44
2023-05-10 09:47:16,si2403,si2403,15350.0,0.0,0.0,0.0,1,15105.0,15280.0,2,15350.0,15105.0,0.0,0.0,0.0,0.0,44
2023-05-10 09:47:18,si2403,si2403,15350.0,0.0,0.0,0.0,1,15105.0,15275.0,3,15350.0,15105.0,0.0,0.0,0.0,0.0,44
2023-05-10 09:47:20,si2403,si2403,15350.0,0.0,0.0,0.0,1,15110.0,15275.0,3,15350.0,15105.0,0.0,0.0,0.0,0.0,44
2023-05-10 09:47:20,si2403,si2403,15350.0,0.0,0.0,0.0,1,15110.0,15270.0,2,15350.0,15105.0,0.0,0.0,0.0,0.0,44
2023-05-10 09:47:21,si2403,si2403,15350.0,0.0,0.0,0.0,1,15110.0,15265.0,2,15350.0,15105.0,0.0,0.0,0.0,0.0,44
2023-05-10 09:47:29,si2403,si2403,15350.0,0.0,0.0,0.0,1,15110.0,15260.0,2,15350.0,15105.0,0.0,0.0,0.0,0.0,44
2023-05-10 09:47:34,si2403,si2403,15350.0,0.0,0.0,0.0,1,15110.0,15255.0,1,15350.0,15105.0,0.0,0.0,0.0,0.0,44
2023-05-10 09:47:34,si2403,si2403,15350.0,0.0,0.0,0.0,1,15110.0,15255.0,2,15350.0,15105.0,0.0,0.0,0.0,0.0,44
2023-05-10 09:47:36,si2403,si2403,15350.0,0.0,0.0,0.0,1,15105.0,15255.0,2,15350.0,15105.0,0.0,0.0,0.0,0.0,44
2023-05-10 09:47:40,si2403,si2403,15350.0,0.0,0.0,0.0,1,15105.0,15255.0,3,15350.0,15105.0,0.0,0.0,0.0,0.0,44
2023-05-10 09:47:44,si2403,si2403,15350.0,0.0,0.0,0.0,1,15105.0,15255.0,2,15350.0,15105.0,0.0,0.0,0.0,0.0,44
2023-05-10 09:47:45,si2403,si2403,15350.0,0.0,0.0,0.0,1,15105.0,15250.0,1,15350.0,15105.0,0.0,0.0,0.0,0.0,44
2023-05-10 09:47:47,si2403,si2403,15350.0,0.0,0.0,0.0,1,15105.0,15245.0,2,15350.0,15105.0,0.0,0.0,0.0,0.0,44
2023-05-10 09:47:48,si2403,si2403,15350.0,0.0,0.0,0.0,1,15105.0,15245.0,3,15350.0,15105.0,0.0,0.0,0.0,0.0,44
2023-05-10 09:47:54,si2403,si2403,15350.0,0.0,0.0,0.0,1,15105.0,15245.0,2,15350.0,15105.0,0.0,0.0,0.0,0.0,44
2023-05-10 09:47:55,si2403,si2403,15350.0,0.0,0.0,0.0,1,15105.0,15240.0,1,15350.0,15105.0,0.0,0.0,0.0,0.0,44
2023-05-10 09:48:00,si2403,si2403,15350.0,0.0,0.0,0.0,1,15105.0,15235.0,2,15350.0,15105.0,0.0,0.0,0.0,0.0,44
2023-05-10 09:48:01,si2403,si2403,15350.0,0.0,0.0,0.0,1,15105.0,15230.0,1,15350.0,15105.0,0.0,0.0,0.0,0.0,44
2023-05-10 09:48:03,si2403,si2403,15350.0,0.0,0.0,0.0,1,15105.0,15225.0,2,15350.0,15105.0,0.0,0.0,0.0,0.0,44
2023-05-10 09:48:31,si2403,si2403,15350.0,0.0,0.0,0.0,1,15105.0,15220.0,1,15350.0,15105.0,0.0,0.0,0.0,0.0,44
2023-05-10 09:48:32,si2403,si2403,15350.0,0.0,0.0,0.0,1,15105.0,15215.0,1,15350.0,15105.0,0.0,0.0,0.0,0.0,44
2023-05-10 09:48:33,si2403,si2403,15350.0,0.0,0.0,0.0,1,15105.0,15215.0,2,15350.0,15105.0,0.0,0.0,0.0,0.0,44
2023-05-10 09:48:54,si2403,si2403,15350.0,0.0,0.0,0.0,1,15105.0,15210.0,2,15350.0,15105.0,0.0,0.0,0.0,0.0,44
2023-05-10 09:48:55,si2403,si2403,15350.0,0.0,0.0,0.0,1,15105.0,15205.0,2,15350.0,15105.0,0.0,0.0,0.0,0.0,44
2023-05-10 09:49:36,si2403,si2403,15350.0,0.0,0.0,0.0,1,15105.0,15200.0,2,15350.0,15105.0,0.0,0.0,0.0,0.0,44
2023-05-10 09:49:37,si2403,si2403,15350.0,0.0,0.0,0.0,1,15105.0,15195.0,2,15350.0,15105.0,0.0,0.0,0.0,0.0,44
2023-05-10 09:49:47,si2403,si2403,15350.0,0.0,0.0,0.0,1,15105.0,15190.0,1,15350.0,15105.0,0.0,0.0,0.0,0.0,44
2023-05-10 09:49:49,si2403,si2403,15350.0,0.0,0.0,0.0,1,15105.0,15185.0,2,15350.0,15105.0,0.0,0.0,0.0,0.0,44
2023-05-10 09:50:17,si2403,si2403,15350.0,0.0,0.0,0.0,1,15105.0,15180.0,2,15350.0,15105.0,0.0,0.0,0.0,0.0,44
2023-05-10 09:50:18,si2403,si2403,15350.0,0.0,0.0,0.0,1,15105.0,15175.0,2,15350.0,15105.0,0.0,0.0,0.0,0.0,44
2023-05-10 09:50:58,si2403,si2403,15350.0,0.0,0.0,0.0,1,15105.0,15170.0,2,15350.0,15105.0,0.0,0.0,0.0,0.0,44
2023-05-10 09:50:59,si2403,si2403,15350.0,0.0,0.0,0.0,1,15105.0,15165.0,1,15350.0,15105.0,0.0,0.0,0.0,0.0,44
2023-05-10 09:51:02,si2403,si2403,15350.0,0.0,0.0,0.0,1,15105.0,15160.0,1,15350.0,15105.0,0.0,0.0,0.0,0.0,44
2023-05-10 09:51:04,si2403,si2403,15350.0,0.0,0.0,0.0,1,15105.0,15155.0,1,15350.0,15105.0,0.0,0.0,0.0,0.0,44
2023-05-10 09:51:06,si2403,si2403,15350.0,0.0,0.0,0.0,1,15105.0,15150.0,1,15350.0,15105.0,0.0,0.0,0.0,0.0,44
2023-05-10 09:51:07,si2403,si2403,15350.0,0.0,0.0,0.0,1,15105.0,15145.0,1,15350.0,15105.0,0.0,0.0,0.0,0.0,44
2023-05-10 09:51:08,si2403,si2403,15350.0,0.0,0.0,0.0,1,15105.0,15145.0,2,15350.0,15105.0,0.0,0.0,0.0,0.0,44
2023-05-10 09:51:10,si2403,si2403,15350.0,0.0,0.0,0.0,1,15105.0,15145.0,1,15350.0,15105.0,0.0,0.0,0.0,0.0,44
2023-05-10 09:51:11,si2403,si2403,15350.0,0.0,0.0,0.0,1,15105.0,15145.0,2,15350.0,15105.0,0.0,0.0,0.0,0.0,44
2023-05-10 09:51:12,si2403,si2403,15350.0,0.0,0.0,0.0,1,15105.0,15145.0,1,15350.0,15105.0,0.0,0.0,0.0,0.0,44
2023-05-10 09:51:13,si2403,si2403,15350.0,0.0,0.0,0.0,1,15105.0,15145.0,2,15350.0,15105.0,0.0,0.0,0.0,0.0,44
2023-05-10 09:51:15,si2403,si2403,15350.0,0.0,0.0,0.0,1,15105.0,15170.0,2,15350.0,15105.0,0.0,0.0,0.0,0.0,44
2023-05-10 09:51:16,si2403,si2403,15350.0,0.0,0.0,0.0,1,15105.0,15165.0,2,15350.0,15105.0,0.0,0.0,0.0,0.0,44
2023-05-10 09:51:40,si2403,si2403,15350.0,0.0,0.0,0.0,1,15105.0,15160.0,2,15350.0,15105.0,0.0,0.0,0.0,0.0,44
2023-05-10 09:51:41,si2403,si2403,15350.0,0.0,0.0,0.0,1,15105.0,15155.0,1,15350.0,15105.0,0.0,0.0,0.0,0.0,44
2023-05-10 09:51:42,si2403,si2403,15350.0,0.0,0.0,0.0,1,15105.0,15155.0,2,15350.0,15105.0,0.0,0.0,0.0,0.0,44
2023-05-10 09:52:23,si2403,si2403,15350.0,0.0,0.0,0.0,1,15105.0,15150.0,2,15350.0,15105.0,0.0,0.0,0.0,0.0,44
2023-05-10 09:52:24,si2403,si2403,15350.0,0.0,0.0,0.0,1,15105.0,15145.0,2,15350.0,15105.0,0.0,0.0,0.0,0.0,44
2023-05-10 09:53:04,si2403,si2403,15350.0,0.0,0.0,0.0,1,15105.0,15140.0,2,15350.0,15105.0,0.0,0.0,0.0,0.0,44
2023-05-10 09:53:06,si2403,si2403,15350.0,0.0,0.0,0.0,1,15105.0,15135.0,2,15350.0,15105.0,0.0,0.0,0.0,0.0,44
2023-05-10 09:53:28,si2403,si2403,15350.0,0.0,0.0,0.0,1,15105.0,15135.0,1,15350.0,15105.0,0.0,0.0,0.0,0.0,44
2023-05-10 09:53:29,si2403,si2403,15350.0,0.0,0.0,0.0,1,15105.0,15325.0,1,15350.0,15105.0,0.0,0.0,0.0,0.0,44
2023-05-10 09:53:30,si2403,si2403,15350.0,0.0,0.0,0.0,1,15105.0,15320.0,8,15350.0,15105.0,0.0,0.0,0.0,0.0,44
2023-05-10 09:53:30,si2403,si2403,15350.0,0.0,0.0,0.0,1,15105.0,15315.0,1,15350.0,15105.0,0.0,0.0,0.0,0.0,44
2023-05-10 09:53:31,si2403,si2403,15350.0,0.0,0.0,0.0,1,15105.0,15310.0,4,15350.0,15105.0,0.0,0.0,0.0,0.0,44
2023-05-10 09:53:33,si2403,si2403,15350.0,0.0,0.0,0.0,1,15105.0,15305.0,6,15350.0,15105.0,0.0,0.0,0.0,0.0,44
2023-05-10 09:53:34,si2403,si2403,15350.0,0.0,0.0,0.0,1,15105.0,15300.0,4,15350.0,15105.0,0.0,0.0,0.0,0.0,44
2023-05-10 09:53:39,si2403,si2403,15350.0,0.0,0.0,0.0,1,15105.0,15295.0,6,15350.0,15105.0,0.0,0.0,0.0,0.0,44
2023-05-10 09:53:40,si2403,si2403,15350.0,0.0,0.0,0.0,1,15105.0,15290.0,4,15350.0,15105.0,0.0,0.0,0.0,0.0,44
2023-05-10 09:53:42,si2403,si2403,15350.0,0.0,0.0,0.0,1,15105.0,15285.0,6,15350.0,15105.0,0.0,0.0,0.0,0.0,44
2023-05-10 09:53:43,si2403,si2403,15350.0,0.0,0.0,0.0,1,15105.0,15280.0,4,15350.0,15105.0,0.0,0.0,0.0,0.0,44
2023-05-10 09:53:45,si2403,si2403,15350.0,0.0,0.0,0.0,1,15105.0,15275.0,6,15350.0,15105.0,0.0,0.0,0.0,0.0,44
2023-05-10 09:53:45,si2403,si2403,15350.0,0.0,0.0,0.0,1,15105.0,15275.0,8,15350.0,15105.0,0.0,0.0,0.0,0.0,44
2023-05-10 09:53:46,si2403,si2403,15350.0,0.0,0.0,0.0,1,15105.0,15270.0,4,15350.0,15105.0,0.0,0.0,0.0,0.0,44
2023-05-10 09:53:48,si2403,si2403,15350.0,0.0,0.0,0.0,1,15105.0,15265.0,6,15350.0,15105.0,0.0,0.0,0.0,0.0,44
2023-05-10 09:53:49,si2403,si2403,15350.0,0.0,0.0,0.0,1,15105.0,15260.0,4,15350.0,15105.0,0.0,0.0,0.0,0.0,44
2023-05-10 09:53:51,si2403,si2403,15350.0,0.0,0.0,0.0,1,15105.0,15255.0,6,15350.0,15105.0,0.0,0.0,0.0,0.0,44
2023-05-10 09:53:52,si2403,si2403,15350.0,0.0,0.0,0.0,1,15105.0,15250.0,4,15350.0,15105.0,0.0,0.0,0.0,0.0,44
2023-05-10 09:53:55,si2403,si2403,15350.0,0.0,0.0,0.0,1,15105.0,15245.0,6,15350.0,15105.0,0.0,0.0,0.0,0.0,44
2023-05-10 09:53:56,si2403,si2403,15350.0,0.0,0.0,0.0,1,15105.0,15240.0,2,15350.0,15105.0,0.0,0.0,0.0,0.0,44
2023-05-10 09:53:58,si2403,si2403,15350.0,0.0,0.0,0.0,1,15105.0,15235.0,6,15350.0,15105.0,0.0,0.0,0.0,0.0,44
2023-05-10 09:53:59,si2403,si2403,15350.0,0.0,0.0,0.0,1,15105.0,15230.0,2,15350.0,15105.0,0.0,0.0,0.0,0.0,44
2023-05-10 09:54:01,si2403,si2403,15350.0,0.0,0.0,0.0,1,15105.0,15225.0,6,15350.0,15105.0,0.0,0.0,0.0,0.0,44
2023-05-10 09:54:02,si2403,si2403,15350.0,0.0,0.0,0.0,1,15105.0,15220.0,2,15350.0,15105.0,0.0,0.0,0.0,0.0,44
2023-05-10 09:54:06,si2403,si2403,15350.0,0.0,0.0,0.0,1,15105.0,15215.0,5,15350.0,15105.0,0.0,0.0,0.0,0.0,44
2023-05-10 09:54:07,si2403,si2403,15350.0,0.0,0.0,0.0,1,15105.0,15210.0,2,15350.0,15105.0,0.0,0.0,0.0,0.0,44
2023-05-10 09:54:13,si2403,si2403,15350.0,0.0,0.0,0.0,1,15105.0,15205.0,5,15350.0,15105.0,0.0,0.0,0.0,0.0,44
2023-05-10 09:54:14,si2403,si2403,15350.0,0.0,0.0,0.0,1,15105.0,15200.0,2,15350.0,15105.0,0.0,0.0,0.0,0.0,44
2023-05-10 09:54:16,si2403,si2403,15350.0,0.0,0.0,0.0,1,15105.0,15195.0,2,15350.0,15105.0,0.0,0.0,0.0,0.0,44
2023-05-10 09:54:17,si2403,si2403,15350.0,0.0,0.0,0.0,1,15105.0,15190.0,2,15350.0,15105.0,0.0,0.0,0.0,0.0,44
2023-05-10 09:54:19,si2403,si2403,15350.0,0.0,0.0,0.0,1,15105.0,15185.0,2,15350.0,15105.0,0.0,0.0,0.0,0.0,44
2023-05-10 09:54:20,si2403,si2403,15350.0,0.0,0.0,0.0,1,15105.0,15180.0,2,15350.0,15105.0,0.0,0.0,0.0,0.0,44
2023-05-10 09:54:22,si2403,si2403,15350.0,0.0,0.0,0.0,1,15105.0,15175.0,2,15350.0,15105.0,0.0,0.0,0.0,0.0,44
2023-05-10 09:54:23,si2403,si2403,15350.0,0.0,0.0,0.0,1,15105.0,15170.0,2,15350.0,15105.0,0.0,0.0,0.0,0.0,44
2023-05-10 09:54:25,si2403,si2403,15350.0,0.0,0.0,0.0,1,15105.0,15165.0,2,15350.0,15105.0,0.0,0.0,0.0,0.0,44
2023-05-10 09:54:26,si2403,si2403,15350.0,0.0,0.0,0.0,1,15105.0,15160.0,2,15350.0,15105.0,0.0,0.0,0.0,0.0,44
2023-05-10 09:54:27,si2403,si2403,15350.0,0.0,0.0,0.0,1,15105.0,15160.0,4,15350.0,15105.0,0.0,0.0,0.0,0.0,44
2023-05-10 09:54:28,si2403,si2403,15350.0,0.0,0.0,0.0,1,15105.0,15155.0,2,15350.0,15105.0,0.0,0.0,0.0,0.0,44
2023-05-10 09:54:29,si2403,si2403,15350.0,0.0,0.0,0.0,1,15105.0,15150.0,2,15350.0,15105.0,0.0,0.0,0.0,0.0,44
2023-05-10 09:54:30,si2403,si2403,15350.0,0.0,0.0,0.0,1,15105.0,15145.0,2,15350.0,15105.0,0.0,0.0,0.0,0.0,44
2023-05-10 09:54:38,si2403,si2403,15350.0,0.0,0.0,0.0,1,15105.0,15140.0,2,15350.0,15105.0,0.0,0.0,0.0,0.0,44
2023-05-10 09:54:39,si2403,si2403,15350.0,0.0,0.0,0.0,1,15105.0,15135.0,1,15350.0,15105.0,0.0,0.0,0.0,0.0,44
2023-05-10 09:54:53,si2403,si2403,15350.0,0.0,0.0,0.0,1,15105.0,15130.0,2,15350.0,15105.0,0.0,0.0,0.0,0.0,44
2023-05-10 09:54:54,si2403,si2403,15350.0,0.0,0.0,0.0,1,15105.0,15250.0,2,15350.0,15105.0,0.0,0.0,0.0,0.0,44
2023-05-10 09:54:55,si2403,si2403,15350.0,0.0,0.0,0.0,1,15105.0,15245.0,6,15350.0,15105.0,0.0,0.0,0.0,0.0,44
2023-05-10 09:54:55,si2403,si2403,15350.0,0.0,0.0,0.0,1,15105.0,15245.0,7,15350.0,15105.0,0.0,0.0,0.0,0.0,44
2023-05-10 09:54:56,si2403,si2403,15350.0,0.0,0.0,0.0,1,15105.0,15240.0,2,15350.0,15105.0,0.0,0.0,0.0,0.0,44
2023-05-10 09:54:57,si2403,si2403,15350.0,0.0,0.0,0.0,1,15105.0,15235.0,2,15350.0,15105.0,0.0,0.0,0.0,0.0,44
2023-05-10 09:55:00,si2403,si2403,15350.0,0.0,0.0,0.0,1,15105.0,15230.0,5,15350.0,15105.0,0.0,0.0,0.0,0.0,44
2023-05-10 09:55:01,si2403,si2403,15350.0,0.0,0.0,0.0,1,15105.0,15225.0,2,15350.0,15105.0,0.0,0.0,0.0,0.0,44
2023-05-10 09:55:03,si2403,si2403,15350.0,0.0,0.0,0.0,1,15105.0,15220.0,5,15350.0,15105.0,0.0,0.0,0.0,0.0,44
2023-05-10 09:55:04,si2403,si2403,15350.0,0.0,0.0,0.0,1,15105.0,15215.0,2,15350.0,15105.0,0.0,0.0,0.0,0.0,44
2023-05-10 09:55:06,si2403,si2403,15350.0,0.0,0.0,0.0,1,15105.0,15210.0,5,15350.0,15105.0,0.0,0.0,0.0,0.0,44
2023-05-10 09:55:07,si2403,si2403,15350.0,0.0,0.0,0.0,1,15105.0,15205.0,2,15350.0,15105.0,0.0,0.0,0.0,0.0,44
2023-05-10 09:55:09,si2403,si2403,15350.0,0.0,0.0,0.0,1,15105.0,15200.0,2,15350.0,15105.0,0.0,0.0,0.0,0.0,44
2023-05-10 09:55:09,si2403,si2403,15350.0,0.0,0.0,0.0,1,15105.0,15200.0,7,15350.0,15105.0,0.0,0.0,0.0,0.0,44
2023-05-10 09:55:10,si2403,si2403,15350.0,0.0,0.0,0.0,1,15105.0,15195.0,2,15350.0,15105.0,0.0,0.0,0.0,0.0,44
2023-05-10 09:55:12,si2403,si2403,15350.0,0.0,0.0,0.0,1,15105.0,15190.0,2,15350.0,15105.0,0.0,0.0,0.0,0.0,44
2023-05-10 09:55:13,si2403,si2403,15350.0,0.0,0.0,0.0,1,15105.0,15185.0,2,15350.0,15105.0,0.0,0.0,0.0,0.0,44
2023-05-10 09:55:15,si2403,si2403,15350.0,0.0,0.0,0.0,1,15105.0,15180.0,2,15350.0,15105.0,0.0,0.0,0.0,0.0,44
2023-05-10 09:55:16,si2403,si2403,15350.0,0.0,0.0,0.0,1,15105.0,15175.0,2,15350.0,15105.0,0.0,0.0,0.0,0.0,44
2023-05-10 09:55:18,si2403,si2403,15350.0,0.0,0.0,0.0,1,15105.0,15170.0,2,15350.0,15105.0,0.0,0.0,0.0,0.0,44
2023-05-10 09:55:19,si2403,si2403,15350.0,0.0,0.0,0.0,1,15105.0,15165.0,2,15350.0,15105.0,0.0,0.0,0.0,0.0,44
2023-05-10 09:55:22,si2403,si2403,15350.0,0.0,0.0,0.0,1,15105.0,15160.0,2,15350.0,15105.0,0.0,0.0,0.0,0.0,44
2023-05-10 09:55:23,si2403,si2403,15350.0,0.0,0.0,0.0,1,15105.0,15155.0,2,15350.0,15105.0,0.0,0.0,0.0,0.0,44
2023-05-10 09:55:24,si2403,si2403,15350.0,0.0,0.0,0.0,1,15105.0,15150.0,1,15350.0,15105.0,0.0,0.0,0.0,0.0,44
2023-05-10 09:55:26,si2403,si2403,15350.0,0.0,0.0,0.0,1,15105.0,15145.0,2,15350.0,15105.0,0.0,0.0,0.0,0.0,44
2023-05-10 09:55:28,si2403,si2403,15350.0,0.0,0.0,0.0,1,15105.0,15140.0,1,15350.0,15105.0,0.0,0.0,0.0,0.0,44
2023-05-10 09:55:50,si2403,si2403,15350.0,0.0,0.0,0.0,1,15105.0,15135.0,2,15350.0,15105.0,0.0,0.0,0.0,0.0,44
2023-05-10 09:55:51,si2403,si2403,15350.0,0.0,0.0,0.0,1,15105.0,15130.0,1,15350.0,15105.0,0.0,0.0,0.0,0.0,44
2023-05-10 09:55:57,si2403,si2403,15350.0,0.0,0.0,0.0,1,15105.0,15320.0,1,15350.0,15105.0,0.0,0.0,0.0,0.0,44
2023-05-10 09:55:57,si2403,si2403,15350.0,0.0,0.0,0.0,1,15105.0,15315.0,7,15350.0,15105.0,0.0,0.0,0.0,0.0,44
2023-05-10 09:55:58,si2403,si2403,15350.0,0.0,0.0,0.0,1,15105.0,15315.0,9,15350.0,15105.0,0.0,0.0,0.0,0.0,44
2023-05-10 09:56:32,si2403,si2403,15350.0,0.0,0.0,0.0,1,15105.0,15310.0,2,15350.0,15105.0,0.0,0.0,0.0,0.0,44
2023-05-10 09:56:33,si2403,si2403,15350.0,0.0,0.0,0.0,1,15105.0,15305.0,4,15350.0,15105.0,0.0,0.0,0.0,0.0,44
2023-05-10 09:56:35,si2403,si2403,15350.0,0.0,0.0,0.0,1,15105.0,15300.0,5,15350.0,15105.0,0.0,0.0,0.0,0.0,44
2023-05-10 09:56:37,si2403,si2403,15350.0,0.0,0.0,0.0,1,15105.0,15295.0,4,15350.0,15105.0,0.0,0.0,0.0,0.0,44
2023-05-10 09:56:38,si2403,si2403,15350.0,0.0,0.0,0.0,1,15105.0,15290.0,2,15350.0,15105.0,0.0,0.0,0.0,0.0,44
2023-05-10 09:56:38,si2403,si2403,15350.0,0.0,0.0,0.0,1,15105.0,15290.0,5,15350.0,15105.0,0.0,0.0,0.0,0.0,44
2023-05-10 09:56:39,si2403,si2403,15350.0,0.0,0.0,0.0,1,15105.0,15285.0,4,15350.0,15105.0,0.0,0.0,0.0,0.0,44
2023-05-10 09:56:41,si2403,si2403,15350.0,0.0,0.0,0.0,1,15105.0,15280.0,5,15350.0,15105.0,0.0,0.0,0.0,0.0,44
2023-05-10 09:56:42,si2403,si2403,15350.0,0.0,0.0,0.0,1,15105.0,15275.0,4,15350.0,15105.0,0.0,0.0,0.0,0.0,44
2023-05-10 09:56:47,si2403,si2403,15350.0,0.0,0.0,0.0,1,15105.0,15270.0,5,15350.0,15105.0,0.0,0.0,0.0,0.0,44
2023-05-10 09:56:48,si2403,si2403,15350.0,0.0,0.0,0.0,1,15105.0,15265.0,2,15350.0,15105.0,0.0,0.0,0.0,0.0,44
2023-05-10 09:56:52,si2403,si2403,15350.0,0.0,0.0,0.0,1,15105.0,15260.0,5,15350.0,15105.0,0.0,0.0,0.0,0.0,44
2023-05-10 09:56:53,si2403,si2403,15350.0,0.0,0.0,0.0,1,15105.0,15255.0,2,15350.0,15105.0,0.0,0.0,0.0,0.0,44
2023-05-10 09:56:55,si2403,si2403,15350.0,0.0,0.0,0.0,1,15105.0,15250.0,5,15350.0,15105.0,0.0,0.0,0.0,0.0,44
2023-05-10 09:56:57,si2403,si2403,15350.0,0.0,0.0,0.0,1,15105.0,15245.0,2,15350.0,15105.0,0.0,0.0,0.0,0.0,44
2023-05-10 09:56:58,si2403,si2403,15350.0,0.0,0.0,0.0,1,15105.0,15240.0,2,15350.0,15105.0,0.0,0.0,0.0,0.0,44
2023-05-10 09:56:59,si2403,si2403,15350.0,0.0,0.0,0.0,1,15105.0,15235.0,2,15350.0,15105.0,0.0,0.0,0.0,0.0,44
2023-05-10 09:57:01,si2403,si2403,15350.0,0.0,0.0,0.0,1,15105.0,15230.0,2,15350.0,15105.0,0.0,0.0,0.0,0.0,44
2023-05-10 09:57:02,si2403,si2403,15350.0,0.0,0.0,0.0,1,15105.0,15225.0,2,15350.0,15105.0,0.0,0.0,0.0,0.0,44
2023-05-10 09:57:08,si2403,si2403,15350.0,0.0,0.0,0.0,1,15105.0,15220.0,2,15350.0,15105.0,0.0,0.0,0.0,0.0,44
2023-05-10 09:57:10,si2403,si2403,15350.0,0.0,0.0,0.0,1,15105.0,15215.0,2,15350.0,15105.0,0.0,0.0,0.0,0.0,44
2023-05-10 09:57:12,si2403,si2403,15350.0,0.0,0.0,0.0,1,15105.0,15210.0,2,15350.0,15105.0,0.0,0.0,0.0,0.0,44
2023-05-10 09:57:14,si2403,si2403,15350.0,0.0,0.0,0.0,1,15105.0,15205.0,2,15350.0,15105.0,0.0,0.0,0.0,0.0,44
2023-05-10 09:57:15,si2403,si2403,15350.0,0.0,0.0,0.0,1,15105.0,15200.0,2,15350.0,15105.0,0.0,0.0,0.0,0.0,44
2023-05-10 09:57:16,si2403,si2403,15350.0,0.0,0.0,0.0,1,15105.0,15195.0,2,15350.0,15105.0,0.0,0.0,0.0,0.0,44
2023-05-10 09:57:18,si2403,si2403,15350.0,0.0,0.0,0.0,1,15105.0,15190.0,1,15350.0,15105.0,0.0,0.0,0.0,0.0,44
2023-05-10 09:57:19,si2403,si2403,15350.0,0.0,0.0,0.0,1,15105.0,15190.0,2,15350.0,15105.0,0.0,0.0,0.0,0.0,44
2023-05-10 09:57:19,si2403,si2403,15350.0,0.0,0.0,0.0,1,15105.0,15185.0,2,15350.0,15105.0,0.0,0.0,0.0,0.0,44
2023-05-10 09:57:22,si2403,si2403,15350.0,0.0,0.0,0.0,1,15105.0,15180.0,1,15350.0,15105.0,0.0,0.0,0.0,0.0,44
2023-05-10 09:57:23,si2403,si2403,15350.0,0.0,0.0,0.0,1,15105.0,15175.0,2,15350.0,15105.0,0.0,0.0,0.0,0.0,44
