time,symbol_id,symbol_name,last,trade_volume,trade_amount,open_interest_change,bv1,bp1,ap1,av1,yesterday_close,today_open,today_high,today_low,volume,amount,open_interest
2023-05-10 20:56:11,pp2311-P-7400,pp2311-P-7400,390.5,0.0,0.0,0.0,1,0.5,0.0,0,390.5,0.0,0.0,0.0,0.0,0.0,4
2023-05-10 21:00:56,pp2311-P-7400,pp2311-P-7400,390.5,0.0,0.0,0.0,1,63.5,0.0,0,390.5,0.0,0.0,0.0,0.0,0.0,4
2023-05-10 21:01:15,pp2311-P-7400,pp2311-P-7400,390.5,0.0,0.0,0.0,1,64.0,0.0,0,390.5,0.0,0.0,0.0,0.0,0.0,4
2023-05-10 21:01:17,pp2311-P-7400,pp2311-P-7400,390.5,0.0,0.0,0.0,2,64.0,0.0,0,390.5,0.0,0.0,0.0,0.0,0.0,4
2023-05-10 21:02:24,pp2311-P-7400,pp2311-P-7400,390.5,0.0,0.0,0.0,1,64.5,0.0,0,390.5,0.0,0.0,0.0,0.0,0.0,4
2023-05-10 21:03:17,pp2311-P-7400,pp2311-P-7400,390.5,0.0,0.0,0.0,1,65.0,0.0,0,390.5,0.0,0.0,0.0,0.0,0.0,4
2023-05-10 21:32:24,pp2311-P-7400,pp2311-P-7400,390.5,0.0,0.0,0.0,1,65.5,0.0,0,390.5,0.0,0.0,0.0,0.0,0.0,4
2023-05-10 21:32:27,pp2311-P-7400,pp2311-P-7400,390.5,0.0,0.0,0.0,1,66.0,0.0,0,390.5,0.0,0.0,0.0,0.0,0.0,4
2023-05-10 22:02:25,pp2311-P-7400,pp2311-P-7400,390.5,0.0,0.0,0.0,1,66.5,0.0,0,390.5,0.0,0.0,0.0,0.0,0.0,4
2023-05-10 22:02:26,pp2311-P-7400,pp2311-P-7400,390.5,0.0,0.0,0.0,1,67.0,0.0,0,390.5,0.0,0.0,0.0,0.0,0.0,4
2023-05-10 22:57:17,pp2311-P-7400,pp2311-P-7400,390.5,0.0,0.0,0.0,1,66.5,0.0,0,390.5,0.0,0.0,0.0,0.0,0.0,4
2023-05-11 09:00:56,pp2311-P-7400,pp2311-P-7400,390.5,0.0,0.0,0.0,1,82.5,0.0,0,390.5,0.0,0.0,0.0,0.0,0.0,4
2023-05-11 09:01:19,pp2311-P-7400,pp2311-P-7400,390.5,0.0,0.0,0.0,1,83.0,0.0,0,390.5,0.0,0.0,0.0,0.0,0.0,4
2023-05-11 09:01:52,pp2311-P-7400,pp2311-P-7400,390.5,0.0,0.0,0.0,1,83.5,0.0,0,390.5,0.0,0.0,0.0,0.0,0.0,4
2023-05-11 09:02:06,pp2311-P-7400,pp2311-P-7400,390.5,0.0,0.0,0.0,1,84.0,0.0,0,390.5,0.0,0.0,0.0,0.0,0.0,4
2023-05-11 09:53:59,pp2311-P-7400,pp2311-P-7400,390.5,0.0,0.0,0.0,1,84.5,0.0,0,390.5,0.0,0.0,0.0,0.0,0.0,4
2023-05-11 09:54:00,pp2311-P-7400,pp2311-P-7400,390.5,0.0,0.0,0.0,1,85.0,0.0,0,390.5,0.0,0.0,0.0,0.0,0.0,4
2023-05-11 10:12:18,pp2311-P-7400,pp2311-P-7400,390.5,0.0,0.0,0.0,1,84.5,0.0,0,390.5,0.0,0.0,0.0,0.0,0.0,4
2023-05-11 10:30:21,pp2311-P-7400,pp2311-P-7400,390.5,0.0,0.0,0.0,1,85.0,0.0,0,390.5,0.0,0.0,0.0,0.0,0.0,4
2023-05-11 10:40:16,pp2311-P-7400,pp2311-P-7400,390.5,0.0,0.0,0.0,1,85.5,0.0,0,390.5,0.0,0.0,0.0,0.0,0.0,4
2023-05-11 10:40:17,pp2311-P-7400,pp2311-P-7400,390.5,0.0,0.0,0.0,1,86.0,0.0,0,390.5,0.0,0.0,0.0,0.0,0.0,4
2023-05-11 11:11:43,pp2311-P-7400,pp2311-P-7400,390.5,0.0,0.0,0.0,1,86.5,0.0,0,390.5,0.0,0.0,0.0,0.0,0.0,4
2023-05-11 11:11:48,pp2311-P-7400,pp2311-P-7400,390.5,0.0,0.0,0.0,1,87.0,0.0,0,390.5,0.0,0.0,0.0,0.0,0.0,4
2023-05-11 11:27:13,pp2311-P-7400,pp2311-P-7400,390.5,0.0,0.0,0.0,1,86.5,0.0,0,390.5,0.0,0.0,0.0,0.0,0.0,4
2023-05-11 13:31:19,pp2311-P-7400,pp2311-P-7400,390.5,0.0,0.0,0.0,1,87.0,0.0,0,390.5,0.0,0.0,0.0,0.0,0.0,4
2023-05-11 13:31:25,pp2311-P-7400,pp2311-P-7400,390.5,0.0,0.0,0.0,1,87.5,0.0,0,390.5,0.0,0.0,0.0,0.0,0.0,4
2023-05-11 13:31:59,pp2311-P-7400,pp2311-P-7400,390.5,0.0,0.0,0.0,1,88.0,0.0,0,390.5,0.0,0.0,0.0,0.0,0.0,4
2023-05-11 14:22:19,pp2311-P-7400,pp2311-P-7400,390.5,0.0,0.0,0.0,1,352.0,372.0,1,390.5,0.0,0.0,0.0,0.0,0.0,4
2023-05-11 14:22:20,pp2311-P-7400,pp2311-P-7400,390.5,0.0,0.0,0.0,1,365.5,372.0,1,390.5,0.0,0.0,0.0,0.0,0.0,4
2023-05-11 14:22:24,pp2311-P-7400,pp2311-P-7400,390.5,0.0,0.0,0.0,2,365.5,372.0,1,390.5,0.0,0.0,0.0,0.0,0.0,4
2023-05-11 14:22:30,pp2311-P-7400,pp2311-P-7400,390.5,0.0,0.0,0.0,2,365.5,378.0,1,390.5,0.0,0.0,0.0,0.0,0.0,4
2023-05-11 14:22:31,pp2311-P-7400,pp2311-P-7400,390.5,0.0,0.0,0.0,1,361.5,378.5,1,390.5,0.0,0.0,0.0,0.0,0.0,4
2023-05-11 14:22:31,pp2311-P-7400,pp2311-P-7400,390.5,0.0,0.0,0.0,1,360.0,378.5,1,390.5,0.0,0.0,0.0,0.0,0.0,4
2023-05-11 14:22:33,pp2311-P-7400,pp2311-P-7400,390.5,0.0,0.0,0.0,1,359.5,378.5,1,390.5,0.0,0.0,0.0,0.0,0.0,4
2023-05-11 14:22:33,pp2311-P-7400,pp2311-P-7400,390.5,0.0,0.0,0.0,1,359.0,378.5,1,390.5,0.0,0.0,0.0,0.0,0.0,4
2023-05-11 14:22:34,pp2311-P-7400,pp2311-P-7400,390.5,0.0,0.0,0.0,1,358.5,378.5,1,390.5,0.0,0.0,0.0,0.0,0.0,4
2023-05-11 14:22:46,pp2311-P-7400,pp2311-P-7400,390.5,0.0,0.0,0.0,1,87.5,0.0,0,390.5,0.0,0.0,0.0,0.0,0.0,4
2023-05-11 14:22:46,pp2311-P-7400,pp2311-P-7400,390.5,0.0,0.0,0.0,1,88.0,0.0,0,390.5,0.0,0.0,0.0,0.0,0.0,4
2023-05-11 15:01:10,pp2311-P-7400,pp2311-P-7400,390.5,0.0,0.0,0.0,1,88.0,0.0,0,390.5,0.0,0.0,0.0,0.0,0.0,4
