time,symbol_id,symbol_name,last,trade_volume,trade_amount,open_interest_change,bv1,bp1,ap1,av1,yesterday_close,today_open,today_high,today_low,volume,amount,open_interest
2023-05-10 20:55:46,pp2312-C-7800,pp2312-C-7800,117.0,0.0,0.0,0.0,1,0.5,0.0,0,117.0,0.0,0.0,0.0,0.0,0.0,1
2023-05-10 21:03:46,pp2312-C-7800,pp2312-C-7800,117.0,0.0,0.0,0.0,1,1.0,0.0,0,117.0,0.0,0.0,0.0,0.0,0.0,1
2023-05-10 21:05:03,pp2312-C-7800,pp2312-C-7800,117.0,0.0,0.0,0.0,1,1.5,0.0,0,117.0,0.0,0.0,0.0,0.0,0.0,1
2023-05-10 21:06:19,pp2312-C-7800,pp2312-C-7800,117.0,0.0,0.0,0.0,1,2.0,0.0,0,117.0,0.0,0.0,0.0,0.0,0.0,1
2023-05-10 21:10:32,pp2312-C-7800,pp2312-C-7800,117.0,0.0,0.0,0.0,1,2.5,0.0,0,117.0,0.0,0.0,0.0,0.0,0.0,1
2023-05-10 21:10:33,pp2312-C-7800,pp2312-C-7800,117.0,0.0,0.0,0.0,1,3.0,0.0,0,117.0,0.0,0.0,0.0,0.0,0.0,1
2023-05-10 21:16:57,pp2312-C-7800,pp2312-C-7800,117.0,0.0,0.0,0.0,1,7.0,0.0,0,117.0,0.0,0.0,0.0,0.0,0.0,1
2023-05-10 21:16:59,pp2312-C-7800,pp2312-C-7800,117.0,0.0,0.0,0.0,1,7.5,0.0,0,117.0,0.0,0.0,0.0,0.0,0.0,1
2023-05-10 22:57:20,pp2312-C-7800,pp2312-C-7800,117.0,0.0,0.0,0.0,1,2.5,0.0,0,117.0,0.0,0.0,0.0,0.0,0.0,1
2023-05-11 09:01:45,pp2312-C-7800,pp2312-C-7800,117.0,0.0,0.0,0.0,1,3.0,0.0,0,117.0,0.0,0.0,0.0,0.0,0.0,1
2023-05-11 09:32:58,pp2312-C-7800,pp2312-C-7800,117.0,0.0,0.0,0.0,1,7.0,0.0,0,117.0,0.0,0.0,0.0,0.0,0.0,1
2023-05-11 09:32:59,pp2312-C-7800,pp2312-C-7800,117.0,0.0,0.0,0.0,1,7.5,0.0,0,117.0,0.0,0.0,0.0,0.0,0.0,1
2023-05-11 09:36:40,pp2312-C-7800,pp2312-C-7800,117.0,0.0,0.0,0.0,1,8.0,0.0,0,117.0,0.0,0.0,0.0,0.0,0.0,1
2023-05-11 09:36:41,pp2312-C-7800,pp2312-C-7800,117.0,0.0,0.0,0.0,1,8.5,0.0,0,117.0,0.0,0.0,0.0,0.0,0.0,1
2023-05-11 10:12:21,pp2312-C-7800,pp2312-C-7800,117.0,0.0,0.0,0.0,1,8.0,0.0,0,117.0,0.0,0.0,0.0,0.0,0.0,1
2023-05-11 10:30:17,pp2312-C-7800,pp2312-C-7800,117.0,0.0,0.0,0.0,1,8.5,0.0,0,117.0,0.0,0.0,0.0,0.0,0.0,1
2023-05-11 11:27:16,pp2312-C-7800,pp2312-C-7800,117.0,0.0,0.0,0.0,1,8.0,0.0,0,117.0,0.0,0.0,0.0,0.0,0.0,1
2023-05-11 13:31:12,pp2312-C-7800,pp2312-C-7800,117.0,0.0,0.0,0.0,1,8.5,0.0,0,117.0,0.0,0.0,0.0,0.0,0.0,1
2023-05-11 14:22:49,pp2312-C-7800,pp2312-C-7800,117.0,0.0,0.0,0.0,1,77.5,93.5,1,117.0,0.0,0.0,0.0,0.0,0.0,1
2023-05-11 14:22:49,pp2312-C-7800,pp2312-C-7800,117.0,0.0,0.0,0.0,1,80.5,93.5,1,117.0,0.0,0.0,0.0,0.0,0.0,1
2023-05-11 14:22:52,pp2312-C-7800,pp2312-C-7800,117.0,0.0,0.0,0.0,1,84.5,93.5,1,117.0,0.0,0.0,0.0,0.0,0.0,1
2023-05-11 14:22:54,pp2312-C-7800,pp2312-C-7800,117.0,0.0,0.0,0.0,2,84.5,93.5,2,117.0,0.0,0.0,0.0,0.0,0.0,1
2023-05-11 14:23:00,pp2312-C-7800,pp2312-C-7800,117.0,0.0,0.0,0.0,2,84.5,93.5,1,117.0,0.0,0.0,0.0,0.0,0.0,1
2023-05-11 14:23:03,pp2312-C-7800,pp2312-C-7800,117.0,0.0,0.0,0.0,1,84.5,93.5,1,117.0,0.0,0.0,0.0,0.0,0.0,1
2023-05-11 14:23:06,pp2312-C-7800,pp2312-C-7800,117.0,0.0,0.0,0.0,1,81.0,97.0,1,117.0,0.0,0.0,0.0,0.0,0.0,1
2023-05-11 14:23:15,pp2312-C-7800,pp2312-C-7800,117.0,0.0,0.0,0.0,1,8.0,0.0,0,117.0,0.0,0.0,0.0,0.0,0.0,1
2023-05-11 14:23:15,pp2312-C-7800,pp2312-C-7800,117.0,0.0,0.0,0.0,1,14.5,0.0,0,117.0,0.0,0.0,0.0,0.0,0.0,1
2023-05-11 15:01:10,pp2312-C-7800,pp2312-C-7800,117.0,0.0,0.0,0.0,1,14.5,0.0,0,117.0,0.0,0.0,0.0,0.0,0.0,1
