time,symbol_id,symbol_name,last,trade_volume,trade_amount,open_interest_change,bv1,bp1,ap1,av1,yesterday_close,today_open,today_high,today_low,volume,amount,open_interest
2023-05-10 20:55:38,pp2311-C-7800,pp2311-C-7800,102.0,0.0,0.0,0.0,1,0.5,0.0,0,102.0,0.0,0.0,0.0,0.0,0.0,5
2023-05-10 21:01:15,pp2311-C-7800,pp2311-C-7800,102.0,0.0,0.0,0.0,1,1.0,0.0,0,102.0,0.0,0.0,0.0,0.0,0.0,5
2023-05-10 21:04:56,pp2311-C-7800,pp2311-C-7800,102.0,0.0,0.0,0.0,1,1.5,0.0,0,102.0,0.0,0.0,0.0,0.0,0.0,5
2023-05-10 21:04:57,pp2311-C-7800,pp2311-C-7800,102.0,0.0,0.0,0.0,1,2.0,0.0,0,102.0,0.0,0.0,0.0,0.0,0.0,5
2023-05-10 21:10:26,pp2311-C-7800,pp2311-C-7800,102.0,0.0,0.0,0.0,1,2.5,0.0,0,102.0,0.0,0.0,0.0,0.0,0.0,5
2023-05-10 21:10:27,pp2311-C-7800,pp2311-C-7800,102.0,0.0,0.0,0.0,1,3.0,0.0,0,102.0,0.0,0.0,0.0,0.0,0.0,5
2023-05-10 21:16:50,pp2311-C-7800,pp2311-C-7800,102.0,0.0,0.0,0.0,1,6.5,0.0,0,102.0,0.0,0.0,0.0,0.0,0.0,5
2023-05-10 21:16:52,pp2311-C-7800,pp2311-C-7800,102.0,0.0,0.0,0.0,1,7.0,0.0,0,102.0,0.0,0.0,0.0,0.0,0.0,5
2023-05-10 22:57:16,pp2311-C-7800,pp2311-C-7800,102.0,0.0,0.0,0.0,1,2.5,0.0,0,102.0,0.0,0.0,0.0,0.0,0.0,5
2023-05-11 09:01:19,pp2311-C-7800,pp2311-C-7800,102.0,0.0,0.0,0.0,1,3.0,0.0,0,102.0,0.0,0.0,0.0,0.0,0.0,5
2023-05-11 09:32:51,pp2311-C-7800,pp2311-C-7800,102.0,0.0,0.0,0.0,1,6.5,0.0,0,102.0,0.0,0.0,0.0,0.0,0.0,5
2023-05-11 09:32:53,pp2311-C-7800,pp2311-C-7800,102.0,0.0,0.0,0.0,1,7.0,0.0,0,102.0,0.0,0.0,0.0,0.0,0.0,5
2023-05-11 09:36:34,pp2311-C-7800,pp2311-C-7800,102.0,0.0,0.0,0.0,1,7.5,0.0,0,102.0,0.0,0.0,0.0,0.0,0.0,5
2023-05-11 09:36:36,pp2311-C-7800,pp2311-C-7800,102.0,0.0,0.0,0.0,1,8.0,0.0,0,102.0,0.0,0.0,0.0,0.0,0.0,5
2023-05-11 10:12:18,pp2311-C-7800,pp2311-C-7800,102.0,0.0,0.0,0.0,1,7.5,0.0,0,102.0,0.0,0.0,0.0,0.0,0.0,5
2023-05-11 10:30:20,pp2311-C-7800,pp2311-C-7800,102.0,0.0,0.0,0.0,1,8.0,0.0,0,102.0,0.0,0.0,0.0,0.0,0.0,5
2023-05-11 11:27:13,pp2311-C-7800,pp2311-C-7800,102.0,0.0,0.0,0.0,1,7.5,0.0,0,102.0,0.0,0.0,0.0,0.0,0.0,5
2023-05-11 13:31:19,pp2311-C-7800,pp2311-C-7800,102.0,0.0,0.0,0.0,1,8.0,0.0,0,102.0,0.0,0.0,0.0,0.0,0.0,5
2023-05-11 14:22:20,pp2311-C-7800,pp2311-C-7800,102.0,0.0,0.0,0.0,1,70.0,77.5,1,102.0,0.0,0.0,0.0,0.0,0.0,5
2023-05-11 14:22:22,pp2311-C-7800,pp2311-C-7800,102.0,0.0,0.0,0.0,1,73.0,77.5,1,102.0,0.0,0.0,0.0,0.0,0.0,5
2023-05-11 14:22:25,pp2311-C-7800,pp2311-C-7800,102.0,0.0,0.0,0.0,2,73.0,77.5,1,102.0,0.0,0.0,0.0,0.0,0.0,5
2023-05-11 14:22:31,pp2311-C-7800,pp2311-C-7800,102.0,0.0,0.0,0.0,2,73.0,83.0,1,102.0,0.0,0.0,0.0,0.0,0.0,5
2023-05-11 14:22:33,pp2311-C-7800,pp2311-C-7800,102.0,0.0,0.0,0.0,1,73.0,83.0,1,102.0,0.0,0.0,0.0,0.0,0.0,5
2023-05-11 14:22:37,pp2311-C-7800,pp2311-C-7800,102.0,0.0,0.0,0.0,1,70.0,83.0,1,102.0,0.0,0.0,0.0,0.0,0.0,5
2023-05-11 14:22:38,pp2311-C-7800,pp2311-C-7800,102.0,0.0,0.0,0.0,1,67.5,83.0,1,102.0,0.0,0.0,0.0,0.0,0.0,5
2023-05-11 14:22:40,pp2311-C-7800,pp2311-C-7800,102.0,0.0,0.0,0.0,1,7.5,0.0,0,102.0,0.0,0.0,0.0,0.0,0.0,5
2023-05-11 14:22:40,pp2311-C-7800,pp2311-C-7800,102.0,0.0,0.0,0.0,1,14.0,0.0,0,102.0,0.0,0.0,0.0,0.0,0.0,5
2023-05-11 15:01:10,pp2311-C-7800,pp2311-C-7800,102.0,0.0,0.0,0.0,1,14.0,0.0,0,102.0,0.0,0.0,0.0,0.0,0.0,5
