time,symbol_id,symbol_name,last,trade_volume,trade_amount,open_interest_change,bv1,bp1,ap1,av1,yesterday_close,today_open,today_high,today_low,volume,amount,open_interest
2023-05-10 20:56:52,pp2401-P-6700,pp2401-P-6700,139.5,0.0,0.0,0.0,1,1.5,0.0,0,139.5,0.0,0.0,0.0,0.0,0.0,10
2023-05-10 21:02:26,pp2401-P-6700,pp2401-P-6700,139.5,0.0,0.0,0.0,1,2.0,0.0,0,139.5,0.0,0.0,0.0,0.0,0.0,10
2023-05-10 21:03:23,pp2401-P-6700,pp2401-P-6700,139.5,0.0,0.0,0.0,1,2.5,0.0,0,139.5,0.0,0.0,0.0,0.0,0.0,10
2023-05-10 21:04:40,pp2401-P-6700,pp2401-P-6700,139.5,0.0,0.0,0.0,2,2.5,0.0,0,139.5,0.0,0.0,0.0,0.0,0.0,10
2023-05-10 21:10:10,pp2401-P-6700,pp2401-P-6700,139.5,0.0,0.0,0.0,1,3.5,0.0,0,139.5,0.0,0.0,0.0,0.0,0.0,10
2023-05-10 21:11:28,pp2401-P-6700,pp2401-P-6700,139.5,0.0,0.0,0.0,1,4.0,0.0,0,139.5,0.0,0.0,0.0,0.0,0.0,10
2023-05-10 21:16:34,pp2401-P-6700,pp2401-P-6700,139.5,0.0,0.0,0.0,1,5.0,0.0,0,139.5,0.0,0.0,0.0,0.0,0.0,10
2023-05-10 21:17:34,pp2401-P-6700,pp2401-P-6700,139.5,0.0,0.0,0.0,1,5.5,0.0,0,139.5,0.0,0.0,0.0,0.0,0.0,10
2023-05-10 21:33:21,pp2401-P-6700,pp2401-P-6700,139.5,0.0,0.0,0.0,1,6.0,0.0,0,139.5,0.0,0.0,0.0,0.0,0.0,10
2023-05-10 21:33:21,pp2401-P-6700,pp2401-P-6700,139.5,0.0,0.0,0.0,1,6.5,0.0,0,139.5,0.0,0.0,0.0,0.0,0.0,10
2023-05-10 22:03:21,pp2401-P-6700,pp2401-P-6700,139.5,0.0,0.0,0.0,1,7.0,0.0,0,139.5,0.0,0.0,0.0,0.0,0.0,10
2023-05-10 22:03:21,pp2401-P-6700,pp2401-P-6700,139.5,0.0,0.0,0.0,1,7.5,0.0,0,139.5,0.0,0.0,0.0,0.0,0.0,10
2023-05-10 22:16:34,pp2401-P-6700,pp2401-P-6700,139.5,0.0,0.0,0.0,1,123.5,139.0,1,139.5,0.0,0.0,0.0,0.0,0.0,10
2023-05-10 22:16:36,pp2401-P-6700,pp2401-P-6700,139.5,0.0,0.0,0.0,1,123.5,131.0,1,139.5,0.0,0.0,0.0,0.0,0.0,10
2023-05-10 22:16:39,pp2401-P-6700,pp2401-P-6700,139.5,0.0,0.0,0.0,2,123.5,131.0,1,139.5,0.0,0.0,0.0,0.0,0.0,10
2023-05-10 22:16:45,pp2401-P-6700,pp2401-P-6700,139.5,0.0,0.0,0.0,1,123.5,131.0,1,139.5,0.0,0.0,0.0,0.0,0.0,10
2023-05-10 22:16:47,pp2401-P-6700,pp2401-P-6700,139.5,0.0,0.0,0.0,1,123.5,135.0,1,139.5,0.0,0.0,0.0,0.0,0.0,10
2023-05-10 22:16:51,pp2401-P-6700,pp2401-P-6700,139.5,0.0,0.0,0.0,1,121.5,135.0,1,139.5,0.0,0.0,0.0,0.0,0.0,10
2023-05-10 22:16:52,pp2401-P-6700,pp2401-P-6700,139.5,0.0,0.0,0.0,1,119.5,135.0,1,139.5,0.0,0.0,0.0,0.0,0.0,10
2023-05-10 22:16:54,pp2401-P-6700,pp2401-P-6700,139.5,0.0,0.0,0.0,1,7.0,0.0,0,139.5,0.0,0.0,0.0,0.0,0.0,10
2023-05-10 22:16:55,pp2401-P-6700,pp2401-P-6700,139.5,0.0,0.0,0.0,1,7.5,0.0,0,139.5,0.0,0.0,0.0,0.0,0.0,10
2023-05-10 22:57:22,pp2401-P-6700,pp2401-P-6700,139.5,0.0,0.0,0.0,1,7.0,0.0,0,139.5,0.0,0.0,0.0,0.0,0.0,10
2023-05-11 09:00:02,pp2401-P-6700,pp2401-P-6700,139.5,0.0,0.0,0.0,1,3.5,0.0,0,139.5,0.0,0.0,0.0,0.0,0.0,10
2023-05-11 09:01:59,pp2401-P-6700,pp2401-P-6700,139.5,0.0,0.0,0.0,1,4.0,0.0,0,139.5,0.0,0.0,0.0,0.0,0.0,10
2023-05-11 09:02:03,pp2401-P-6700,pp2401-P-6700,139.5,0.0,0.0,0.0,1,4.5,0.0,0,139.5,0.0,0.0,0.0,0.0,0.0,10
2023-05-11 09:32:35,pp2401-P-6700,pp2401-P-6700,139.5,0.0,0.0,0.0,1,5.0,0.0,0,139.5,0.0,0.0,0.0,0.0,0.0,10
2023-05-11 09:32:36,pp2401-P-6700,pp2401-P-6700,139.5,0.0,0.0,0.0,1,5.5,0.0,0,139.5,0.0,0.0,0.0,0.0,0.0,10
2023-05-11 09:38:04,pp2401-P-6700,pp2401-P-6700,139.5,0.0,0.0,0.0,1,6.0,0.0,0,139.5,0.0,0.0,0.0,0.0,0.0,10
2023-05-11 09:38:05,pp2401-P-6700,pp2401-P-6700,139.5,0.0,0.0,0.0,1,6.5,0.0,0,139.5,0.0,0.0,0.0,0.0,0.0,10
2023-05-11 09:39:25,pp2401-P-6700,pp2401-P-6700,139.5,0.0,0.0,0.0,1,7.0,0.0,0,139.5,0.0,0.0,0.0,0.0,0.0,10
2023-05-11 09:39:25,pp2401-P-6700,pp2401-P-6700,139.5,0.0,0.0,0.0,1,7.5,0.0,0,139.5,0.0,0.0,0.0,0.0,0.0,10
2023-05-11 09:54:01,pp2401-P-6700,pp2401-P-6700,139.5,0.0,0.0,0.0,1,8.0,0.0,0,139.5,0.0,0.0,0.0,0.0,0.0,10
2023-05-11 09:54:04,pp2401-P-6700,pp2401-P-6700,139.5,0.0,0.0,0.0,1,8.5,0.0,0,139.5,0.0,0.0,0.0,0.0,0.0,10
2023-05-11 10:12:23,pp2401-P-6700,pp2401-P-6700,139.5,0.0,0.0,0.0,1,8.0,0.0,0,139.5,0.0,0.0,0.0,0.0,0.0,10
2023-05-11 10:30:24,pp2401-P-6700,pp2401-P-6700,139.5,0.0,0.0,0.0,1,8.5,0.0,0,139.5,0.0,0.0,0.0,0.0,0.0,10
2023-05-11 11:27:18,pp2401-P-6700,pp2401-P-6700,139.5,0.0,0.0,0.0,1,8.0,0.0,0,139.5,0.0,0.0,0.0,0.0,0.0,10
2023-05-11 11:29:36,pp2401-P-6700,pp2401-P-6700,139.5,0.0,0.0,0.0,1,7.0,0.0,0,139.5,0.0,0.0,0.0,0.0,0.0,10
2023-05-11 13:31:44,pp2401-P-6700,pp2401-P-6700,139.5,0.0,0.0,0.0,1,7.5,0.0,0,139.5,0.0,0.0,0.0,0.0,0.0,10
2023-05-11 15:01:10,pp2401-P-6700,pp2401-P-6700,139.5,0.0,0.0,0.0,1,7.5,0.0,0,139.5,0.0,0.0,0.0,0.0,0.0,10
