time,symbol_id,symbol_name,last,trade_volume,trade_amount,open_interest_change,bv1,bp1,ap1,av1,yesterday_close,today_open,today_high,today_low,volume,amount,open_interest
2023-05-10 20:56:23,pp2402-P-6700,pp2402-P-6700,158.5,0.0,0.0,0.0,1,0.5,0.0,0,158.5,0.0,0.0,0.0,0.0,0.0,1
2023-05-10 21:02:27,pp2402-P-6700,pp2402-P-6700,158.5,0.0,0.0,0.0,1,1.0,0.0,0,158.5,0.0,0.0,0.0,0.0,0.0,1
2023-05-10 21:04:04,pp2402-P-6700,pp2402-P-6700,158.5,0.0,0.0,0.0,1,1.5,0.0,0,158.5,0.0,0.0,0.0,0.0,0.0,1
2023-05-10 21:04:05,pp2402-P-6700,pp2402-P-6700,158.5,0.0,0.0,0.0,1,2.0,0.0,0,158.5,0.0,0.0,0.0,0.0,0.0,1
2023-05-10 21:06:07,pp2402-P-6700,pp2402-P-6700,158.5,0.0,0.0,0.0,1,2.5,0.0,0,158.5,0.0,0.0,0.0,0.0,0.0,1
2023-05-10 21:11:08,pp2402-P-6700,pp2402-P-6700,158.5,0.0,0.0,0.0,2,2.5,0.0,0,158.5,0.0,0.0,0.0,0.0,0.0,1
2023-05-10 21:17:36,pp2402-P-6700,pp2402-P-6700,158.5,0.0,0.0,0.0,1,3.0,0.0,0,158.5,0.0,0.0,0.0,0.0,0.0,1
2023-05-10 21:17:42,pp2402-P-6700,pp2402-P-6700,158.5,0.0,0.0,0.0,1,3.5,0.0,0,158.5,0.0,0.0,0.0,0.0,0.0,1
2023-05-10 21:34:33,pp2402-P-6700,pp2402-P-6700,158.5,0.0,0.0,0.0,1,4.0,0.0,0,158.5,0.0,0.0,0.0,0.0,0.0,1
2023-05-10 21:34:33,pp2402-P-6700,pp2402-P-6700,158.5,0.0,0.0,0.0,1,4.5,0.0,0,158.5,0.0,0.0,0.0,0.0,0.0,1
2023-05-10 22:04:45,pp2402-P-6700,pp2402-P-6700,158.5,0.0,0.0,0.0,1,5.0,0.0,0,158.5,0.0,0.0,0.0,0.0,0.0,1
2023-05-10 22:04:45,pp2402-P-6700,pp2402-P-6700,158.5,0.0,0.0,0.0,1,5.5,0.0,0,158.5,0.0,0.0,0.0,0.0,0.0,1
2023-05-10 22:17:18,pp2402-P-6700,pp2402-P-6700,158.5,0.0,0.0,0.0,1,131.0,148.0,1,158.5,0.0,0.0,0.0,0.0,0.0,1
2023-05-10 22:17:19,pp2402-P-6700,pp2402-P-6700,158.5,0.0,0.0,0.0,3,131.0,148.0,3,158.5,0.0,0.0,0.0,0.0,0.0,1
2023-05-10 22:17:29,pp2402-P-6700,pp2402-P-6700,158.5,0.0,0.0,0.0,2,131.0,148.0,2,158.5,0.0,0.0,0.0,0.0,0.0,1
2023-05-10 22:17:30,pp2402-P-6700,pp2402-P-6700,158.5,0.0,0.0,0.0,1,131.0,148.0,1,158.5,0.0,0.0,0.0,0.0,0.0,1
2023-05-10 22:17:31,pp2402-P-6700,pp2402-P-6700,158.5,0.0,0.0,0.0,1,5.0,0.0,0,158.5,0.0,0.0,0.0,0.0,0.0,1
2023-05-10 22:17:31,pp2402-P-6700,pp2402-P-6700,158.5,0.0,0.0,0.0,1,5.5,0.0,0,158.5,0.0,0.0,0.0,0.0,0.0,1
2023-05-10 22:57:27,pp2402-P-6700,pp2402-P-6700,158.5,0.0,0.0,0.0,1,5.0,0.0,0,158.5,0.0,0.0,0.0,0.0,0.0,1
2023-05-11 09:00:02,pp2402-P-6700,pp2402-P-6700,158.5,0.0,0.0,0.0,1,2.5,0.0,0,158.5,0.0,0.0,0.0,0.0,0.0,1
2023-05-11 09:01:47,pp2402-P-6700,pp2402-P-6700,158.5,0.0,0.0,0.0,1,3.0,0.0,0,158.5,0.0,0.0,0.0,0.0,0.0,1
2023-05-11 09:01:59,pp2402-P-6700,pp2402-P-6700,158.5,0.0,0.0,0.0,1,3.5,0.0,0,158.5,0.0,0.0,0.0,0.0,0.0,1
2023-05-11 09:03:26,pp2402-P-6700,pp2402-P-6700,158.5,0.0,0.0,0.0,1,4.0,0.0,0,158.5,0.0,0.0,0.0,0.0,0.0,1
2023-05-11 09:37:17,pp2402-P-6700,pp2402-P-6700,158.5,0.0,0.0,0.0,2,4.0,0.0,0,158.5,0.0,0.0,0.0,0.0,0.0,1
2023-05-11 09:54:01,pp2402-P-6700,pp2402-P-6700,158.5,0.0,0.0,0.0,1,4.5,0.0,0,158.5,0.0,0.0,0.0,0.0,0.0,1
2023-05-11 09:54:02,pp2402-P-6700,pp2402-P-6700,158.5,0.0,0.0,0.0,1,5.0,0.0,0,158.5,0.0,0.0,0.0,0.0,0.0,1
2023-05-11 10:12:27,pp2402-P-6700,pp2402-P-6700,158.5,0.0,0.0,0.0,1,4.5,0.0,0,158.5,0.0,0.0,0.0,0.0,0.0,1
2023-05-11 10:30:13,pp2402-P-6700,pp2402-P-6700,158.5,0.0,0.0,0.0,1,5.0,0.0,0,158.5,0.0,0.0,0.0,0.0,0.0,1
2023-05-11 10:53:58,pp2402-P-6700,pp2402-P-6700,158.5,0.0,0.0,0.0,1,5.5,0.0,0,158.5,0.0,0.0,0.0,0.0,0.0,1
2023-05-11 10:53:59,pp2402-P-6700,pp2402-P-6700,158.5,0.0,0.0,0.0,1,6.0,0.0,0,158.5,0.0,0.0,0.0,0.0,0.0,1
2023-05-11 11:27:03,pp2402-P-6700,pp2402-P-6700,158.5,0.0,0.0,0.0,1,6.5,0.0,0,158.5,0.0,0.0,0.0,0.0,0.0,1
2023-05-11 11:29:37,pp2402-P-6700,pp2402-P-6700,158.5,0.0,0.0,0.0,1,4.0,0.0,0,158.5,0.0,0.0,0.0,0.0,0.0,1
2023-05-11 13:31:32,pp2402-P-6700,pp2402-P-6700,158.5,0.0,0.0,0.0,1,4.5,0.0,0,158.5,0.0,0.0,0.0,0.0,0.0,1
2023-05-11 13:46:14,pp2402-P-6700,pp2402-P-6700,158.5,0.0,0.0,0.0,1,5.0,0.0,0,158.5,0.0,0.0,0.0,0.0,0.0,1
2023-05-11 13:46:14,pp2402-P-6700,pp2402-P-6700,158.5,0.0,0.0,0.0,1,5.5,0.0,0,158.5,0.0,0.0,0.0,0.0,0.0,1
2023-05-11 15:01:10,pp2402-P-6700,pp2402-P-6700,158.5,0.0,0.0,0.0,1,5.5,0.0,0,158.5,0.0,0.0,0.0,0.0,0.0,1
