time,symbol_id,symbol_name,last,trade_volume,trade_amount,open_interest_change,bv1,bp1,ap1,av1,yesterday_close,today_open,today_high,today_low,volume,amount,open_interest
2023-05-10 20:59:00,al2310,al2310,18145.0,0.0,0.0,0.0,2,18100.0,18125.0,80,18145.0,18100.0,0.0,0.0,0.0,0.0,15010
2023-05-10 21:00:00,al2310,al2310,18100.0,2.0,181000.0,2.0,1,18060.0,18100.0,1,18145.0,18100.0,18100.0,18100.0,2.0,181000.0,15012
2023-05-10 21:00:01,al2310,al2310,18060.0,3.0,270900.0,0.0,5,18065.0,18070.0,1,18145.0,18100.0,18100.0,18060.0,5.0,451900.0,15012
2023-05-10 21:00:01,al2310,al2310,18060.0,0.0,0.0,0.0,2,18070.0,18075.0,1,18145.0,18100.0,18100.0,18060.0,5.0,451900.0,15012
2023-05-10 21:00:02,al2310,al2310,18075.0,1.0,90375.0,-1.0,1,18075.0,18095.0,3,18145.0,18100.0,18100.0,18060.0,6.0,542275.0,15011
2023-05-10 21:00:02,al2310,al2310,18085.0,1.0,90425.0,-1.0,1,18075.0,18085.0,1,18145.0,18100.0,18100.0,18060.0,7.0,632700.0,15010
2023-05-10 21:00:03,al2310,al2310,18085.0,0.0,0.0,0.0,7,18075.0,18085.0,2,18145.0,18100.0,18100.0,18060.0,7.0,632700.0,15010
2023-05-10 21:00:03,al2310,al2310,18085.0,0.0,0.0,0.0,11,18075.0,18095.0,3,18145.0,18100.0,18100.0,18060.0,7.0,632700.0,15010
2023-05-10 21:00:04,al2310,al2310,18075.0,1.0,90375.0,0.0,2,18080.0,18095.0,5,18145.0,18100.0,18100.0,18060.0,8.0,723075.0,15010
2023-05-10 21:00:04,al2310,al2310,18075.0,0.0,0.0,0.0,2,18080.0,18095.0,5,18145.0,18100.0,18100.0,18060.0,8.0,723075.0,15010
2023-05-10 21:00:05,al2310,al2310,18075.0,0.0,0.0,0.0,5,18085.0,18100.0,3,18145.0,18100.0,18100.0,18060.0,8.0,723075.0,15010
2023-05-10 21:00:05,al2310,al2310,18075.0,0.0,0.0,0.0,14,18085.0,18105.0,3,18145.0,18100.0,18100.0,18060.0,8.0,723075.0,15010
2023-05-10 21:00:06,al2310,al2310,18075.0,0.0,0.0,0.0,14,18085.0,18105.0,9,18145.0,18100.0,18100.0,18060.0,8.0,723075.0,15010
2023-05-10 21:00:06,al2310,al2310,18075.0,0.0,0.0,0.0,1,18090.0,18105.0,5,18145.0,18100.0,18100.0,18060.0,8.0,723075.0,15010
2023-05-10 21:00:07,al2310,al2310,18075.0,0.0,0.0,0.0,1,18090.0,18105.0,2,18145.0,18100.0,18100.0,18060.0,8.0,723075.0,15010
2023-05-10 21:00:07,al2310,al2310,18075.0,1.0,90375.0,1.0,6,18090.0,18110.0,6,18145.0,18100.0,18100.0,18060.0,9.0,813450.0,15011
2023-05-10 21:00:08,al2310,al2310,18075.0,0.0,0.0,0.0,15,18090.0,18110.0,6,18145.0,18100.0,18100.0,18060.0,9.0,813450.0,15011
2023-05-10 21:00:08,al2310,al2310,18075.0,0.0,0.0,0.0,10,18090.0,18105.0,3,18145.0,18100.0,18100.0,18060.0,9.0,813450.0,15011
2023-05-10 21:00:09,al2310,al2310,18075.0,0.0,0.0,0.0,16,18090.0,18110.0,14,18145.0,18100.0,18100.0,18060.0,9.0,813450.0,15011
2023-05-10 21:00:09,al2310,al2310,18075.0,0.0,0.0,0.0,1,18095.0,18110.0,6,18145.0,18100.0,18100.0,18060.0,9.0,813450.0,15011
2023-05-10 21:00:10,al2310,al2310,18075.0,0.0,0.0,0.0,6,18100.0,18110.0,6,18145.0,18100.0,18100.0,18060.0,9.0,813450.0,15011
2023-05-10 21:00:10,al2310,al2310,18100.0,6.0,543000.0,1.0,6,18100.0,18110.0,6,18145.0,18100.0,18100.0,18060.0,15.0,1356450.0,15012
2023-05-10 21:00:11,al2310,al2310,18100.0,4.0,362000.0,1.0,5,18100.0,18105.0,4,18145.0,18100.0,18100.0,18060.0,19.0,1718450.0,15013
2023-05-10 21:00:11,al2310,al2310,18100.0,0.0,0.0,0.0,1,18095.0,18105.0,4,18145.0,18100.0,18100.0,18060.0,19.0,1718450.0,15013
2023-05-10 21:00:12,al2310,al2310,18100.0,0.0,0.0,0.0,1,18095.0,18105.0,6,18145.0,18100.0,18100.0,18060.0,19.0,1718450.0,15013
2023-05-10 21:00:12,al2310,al2310,18100.0,0.0,0.0,0.0,1,18095.0,18105.0,4,18145.0,18100.0,18100.0,18060.0,19.0,1718450.0,15013
2023-05-10 21:00:13,al2310,al2310,18100.0,0.0,0.0,0.0,1,18095.0,18105.0,4,18145.0,18100.0,18100.0,18060.0,19.0,1718450.0,15013
2023-05-10 21:00:15,al2310,al2310,18100.0,0.0,0.0,0.0,1,18095.0,18110.0,6,18145.0,18100.0,18100.0,18060.0,19.0,1718450.0,15013
2023-05-10 21:00:15,al2310,al2310,18100.0,0.0,0.0,0.0,1,18095.0,18110.0,8,18145.0,18100.0,18100.0,18060.0,19.0,1718450.0,15013
2023-05-10 21:00:17,al2310,al2310,18100.0,0.0,0.0,0.0,1,18095.0,18105.0,2,18145.0,18100.0,18100.0,18060.0,19.0,1718450.0,15013
2023-05-10 21:00:17,al2310,al2310,18100.0,0.0,0.0,0.0,1,18095.0,18105.0,4,18145.0,18100.0,18100.0,18060.0,19.0,1718450.0,15013
2023-05-10 21:00:18,al2310,al2310,18100.0,0.0,0.0,0.0,1,18095.0,18105.0,5,18145.0,18100.0,18100.0,18060.0,19.0,1718450.0,15013
2023-05-10 21:00:19,al2310,al2310,18100.0,0.0,0.0,0.0,6,18085.0,18105.0,12,18145.0,18100.0,18100.0,18060.0,19.0,1718450.0,15013
2023-05-10 21:00:19,al2310,al2310,18100.0,0.0,0.0,0.0,6,18085.0,18105.0,12,18145.0,18100.0,18100.0,18060.0,19.0,1718450.0,15013
2023-05-10 21:00:20,al2310,al2310,18100.0,0.0,0.0,0.0,5,18085.0,18105.0,12,18145.0,18100.0,18100.0,18060.0,19.0,1718450.0,15013
2023-05-10 21:00:20,al2310,al2310,18100.0,0.0,0.0,0.0,6,18085.0,18105.0,11,18145.0,18100.0,18100.0,18060.0,19.0,1718450.0,15013
2023-05-10 21:00:21,al2310,al2310,18100.0,0.0,0.0,0.0,5,18085.0,18105.0,11,18145.0,18100.0,18100.0,18060.0,19.0,1718450.0,15013
2023-05-10 21:00:21,al2310,al2310,18100.0,0.0,0.0,0.0,10,18085.0,18100.0,5,18145.0,18100.0,18100.0,18060.0,19.0,1718450.0,15013
2023-05-10 21:00:22,al2310,al2310,18100.0,0.0,0.0,0.0,3,18090.0,18100.0,2,18145.0,18100.0,18100.0,18060.0,19.0,1718450.0,15013
2023-05-10 21:00:22,al2310,al2310,18100.0,2.0,181000.0,-2.0,8,18090.0,18110.0,6,18145.0,18100.0,18100.0,18060.0,21.0,1899450.0,15011
2023-05-10 21:00:23,al2310,al2310,18100.0,0.0,0.0,0.0,2,18095.0,18110.0,8,18145.0,18100.0,18100.0,18060.0,21.0,1899450.0,15011
2023-05-10 21:00:24,al2310,al2310,18100.0,0.0,0.0,0.0,3,18095.0,18110.0,8,18145.0,18100.0,18100.0,18060.0,21.0,1899450.0,15011
2023-05-10 21:00:24,al2310,al2310,18100.0,0.0,0.0,0.0,1,18095.0,18110.0,8,18145.0,18100.0,18100.0,18060.0,21.0,1899450.0,15011
2023-05-10 21:00:25,al2310,al2310,18100.0,0.0,0.0,0.0,3,18095.0,18110.0,8,18145.0,18100.0,18100.0,18060.0,21.0,1899450.0,15011
2023-05-10 21:00:25,al2310,al2310,18100.0,0.0,0.0,0.0,9,18095.0,18115.0,6,18145.0,18100.0,18100.0,18060.0,21.0,1899450.0,15011
2023-05-10 21:00:26,al2310,al2310,18100.0,0.0,0.0,0.0,2,18100.0,18115.0,15,18145.0,18100.0,18100.0,18060.0,21.0,1899450.0,15011
2023-05-10 21:00:26,al2310,al2310,18100.0,0.0,0.0,0.0,12,18095.0,18115.0,15,18145.0,18100.0,18100.0,18060.0,21.0,1899450.0,15011
2023-05-10 21:00:27,al2310,al2310,18100.0,0.0,0.0,0.0,14,18095.0,18115.0,15,18145.0,18100.0,18100.0,18060.0,21.0,1899450.0,15011
2023-05-10 21:00:27,al2310,al2310,18100.0,0.0,0.0,0.0,3,18100.0,18115.0,8,18145.0,18100.0,18100.0,18060.0,21.0,1899450.0,15011
2023-05-10 21:00:28,al2310,al2310,18100.0,0.0,0.0,0.0,2,18100.0,18115.0,8,18145.0,18100.0,18100.0,18060.0,21.0,1899450.0,15011
2023-05-10 21:00:28,al2310,al2310,18100.0,0.0,0.0,0.0,12,18095.0,18115.0,8,18145.0,18100.0,18100.0,18060.0,21.0,1899450.0,15011
2023-05-10 21:00:29,al2310,al2310,18100.0,0.0,0.0,0.0,14,18095.0,18115.0,8,18145.0,18100.0,18100.0,18060.0,21.0,1899450.0,15011
2023-05-10 21:00:30,al2310,al2310,18100.0,0.0,0.0,0.0,3,18100.0,18115.0,8,18145.0,18100.0,18100.0,18060.0,21.0,1899450.0,15011
2023-05-10 21:00:31,al2310,al2310,18100.0,0.0,0.0,0.0,8,18100.0,18115.0,2,18145.0,18100.0,18100.0,18060.0,21.0,1899450.0,15011
2023-05-10 21:00:32,al2310,al2310,18100.0,0.0,0.0,0.0,8,18100.0,18120.0,6,18145.0,18100.0,18100.0,18060.0,21.0,1899450.0,15011
2023-05-10 21:00:33,al2310,al2310,18100.0,0.0,0.0,0.0,8,18100.0,18120.0,8,18145.0,18100.0,18100.0,18060.0,21.0,1899450.0,15011
2023-05-10 21:00:33,al2310,al2310,18100.0,0.0,0.0,0.0,14,18100.0,18120.0,8,18145.0,18100.0,18100.0,18060.0,21.0,1899450.0,15011
2023-05-10 21:00:34,al2310,al2310,18100.0,0.0,0.0,0.0,2,18105.0,18120.0,8,18145.0,18100.0,18100.0,18060.0,21.0,1899450.0,15011
2023-05-10 21:00:34,al2310,al2310,18100.0,0.0,0.0,0.0,12,18100.0,18120.0,8,18145.0,18100.0,18100.0,18060.0,21.0,1899450.0,15011
2023-05-10 21:00:35,al2310,al2310,18100.0,0.0,0.0,0.0,14,18100.0,18120.0,8,18145.0,18100.0,18100.0,18060.0,21.0,1899450.0,15011
2023-05-10 21:00:35,al2310,al2310,18100.0,0.0,0.0,0.0,14,18100.0,18120.0,15,18145.0,18100.0,18100.0,18060.0,21.0,1899450.0,15011
2023-05-10 21:00:36,al2310,al2310,18100.0,0.0,0.0,0.0,9,18100.0,18120.0,15,18145.0,18100.0,18100.0,18060.0,21.0,1899450.0,15011
2023-05-10 21:00:36,al2310,al2310,18100.0,0.0,0.0,0.0,2,18105.0,18120.0,8,18145.0,18100.0,18100.0,18060.0,21.0,1899450.0,15011
2023-05-10 21:00:37,al2310,al2310,18100.0,0.0,0.0,0.0,2,18110.0,18120.0,6,18145.0,18100.0,18100.0,18060.0,21.0,1899450.0,15011
2023-05-10 21:00:37,al2310,al2310,18100.0,0.0,0.0,0.0,3,18105.0,18120.0,8,18145.0,18100.0,18100.0,18060.0,21.0,1899450.0,15011
2023-05-10 21:00:38,al2310,al2310,18100.0,0.0,0.0,0.0,7,18100.0,18120.0,8,18145.0,18100.0,18100.0,18060.0,21.0,1899450.0,15011
2023-05-10 21:00:38,al2310,al2310,18100.0,0.0,0.0,0.0,14,18100.0,18120.0,15,18145.0,18100.0,18100.0,18060.0,21.0,1899450.0,15011
2023-05-10 21:00:40,al2310,al2310,18100.0,0.0,0.0,0.0,14,18100.0,18115.0,1,18145.0,18100.0,18100.0,18060.0,21.0,1899450.0,15011
2023-05-10 21:00:40,al2310,al2310,18100.0,0.0,0.0,0.0,2,18100.0,18115.0,4,18145.0,18100.0,18100.0,18060.0,21.0,1899450.0,15011
2023-05-10 21:00:41,al2310,al2310,18100.0,0.0,0.0,0.0,7,18095.0,18115.0,5,18145.0,18100.0,18100.0,18060.0,21.0,1899450.0,15011
2023-05-10 21:00:41,al2310,al2310,18100.0,0.0,0.0,0.0,14,18095.0,18115.0,5,18145.0,18100.0,18100.0,18060.0,21.0,1899450.0,15011
2023-05-10 21:00:42,al2310,al2310,18100.0,0.0,0.0,0.0,19,18090.0,18110.0,1,18145.0,18100.0,18100.0,18060.0,21.0,1899450.0,15011
2023-05-10 21:00:43,al2310,al2310,18100.0,0.0,0.0,0.0,2,18095.0,18110.0,7,18145.0,18100.0,18100.0,18060.0,21.0,1899450.0,15011
2023-05-10 21:00:43,al2310,al2310,18100.0,0.0,0.0,0.0,14,18090.0,18110.0,7,18145.0,18100.0,18100.0,18060.0,21.0,1899450.0,15011
2023-05-10 21:00:44,al2310,al2310,18100.0,0.0,0.0,0.0,1,18095.0,18110.0,6,18145.0,18100.0,18100.0,18060.0,21.0,1899450.0,15011
2023-05-10 21:00:44,al2310,al2310,18100.0,0.0,0.0,0.0,3,18095.0,18110.0,6,18145.0,18100.0,18100.0,18060.0,21.0,1899450.0,15011
2023-05-10 21:00:45,al2310,al2310,18100.0,0.0,0.0,0.0,5,18095.0,18110.0,6,18145.0,18100.0,18100.0,18060.0,21.0,1899450.0,15011
2023-05-10 21:00:46,al2310,al2310,18100.0,0.0,0.0,0.0,9,18090.0,18110.0,6,18145.0,18100.0,18100.0,18060.0,21.0,1899450.0,15011
2023-05-10 21:00:46,al2310,al2310,18100.0,0.0,0.0,0.0,16,18090.0,18110.0,6,18145.0,18100.0,18100.0,18060.0,21.0,1899450.0,15011
2023-05-10 21:00:49,al2310,al2310,18100.0,0.0,0.0,0.0,11,18090.0,18110.0,6,18145.0,18100.0,18100.0,18060.0,21.0,1899450.0,15011
2023-05-10 21:00:49,al2310,al2310,18100.0,0.0,0.0,0.0,11,18090.0,18105.0,1,18145.0,18100.0,18100.0,18060.0,21.0,1899450.0,15011
2023-05-10 21:00:50,al2310,al2310,18100.0,0.0,0.0,0.0,2,18095.0,18105.0,1,18145.0,18100.0,18100.0,18060.0,21.0,1899450.0,15011
2023-05-10 21:00:50,al2310,al2310,18100.0,0.0,0.0,0.0,14,18090.0,18105.0,3,18145.0,18100.0,18100.0,18060.0,21.0,1899450.0,15011
2023-05-10 21:00:51,al2310,al2310,18100.0,0.0,0.0,0.0,10,18085.0,18105.0,3,18145.0,18100.0,18100.0,18060.0,21.0,1899450.0,15011
2023-05-10 21:00:51,al2310,al2310,18100.0,0.0,0.0,0.0,1,18095.0,18100.0,1,18145.0,18100.0,18100.0,18060.0,21.0,1899450.0,15011
2023-05-10 21:00:52,al2310,al2310,18100.0,0.0,0.0,0.0,1,18095.0,18105.0,3,18145.0,18100.0,18100.0,18060.0,21.0,1899450.0,15011
2023-05-10 21:00:53,al2310,al2310,18100.0,0.0,0.0,0.0,1,18090.0,18105.0,3,18145.0,18100.0,18100.0,18060.0,21.0,1899450.0,15011
2023-05-10 21:00:53,al2310,al2310,18100.0,0.0,0.0,0.0,3,18090.0,18105.0,3,18145.0,18100.0,18100.0,18060.0,21.0,1899450.0,15011
2023-05-10 21:00:54,al2310,al2310,18100.0,0.0,0.0,0.0,3,18090.0,18105.0,2,18145.0,18100.0,18100.0,18060.0,21.0,1899450.0,15011
2023-05-10 21:00:55,al2310,al2310,18100.0,0.0,0.0,0.0,3,18095.0,18110.0,4,18145.0,18100.0,18100.0,18060.0,21.0,1899450.0,15011
2023-05-10 21:00:56,al2310,al2310,18100.0,0.0,0.0,0.0,3,18095.0,18110.0,2,18145.0,18100.0,18100.0,18060.0,21.0,1899450.0,15011
2023-05-10 21:00:57,al2310,al2310,18100.0,0.0,0.0,0.0,3,18095.0,18110.0,3,18145.0,18100.0,18100.0,18060.0,21.0,1899450.0,15011
2023-05-10 21:00:59,al2310,al2310,18100.0,0.0,0.0,0.0,12,18090.0,18105.0,1,18145.0,18100.0,18100.0,18060.0,21.0,1899450.0,15011
2023-05-10 21:00:59,al2310,al2310,18100.0,0.0,0.0,0.0,14,18090.0,18105.0,3,18145.0,18100.0,18100.0,18060.0,21.0,1899450.0,15011
2023-05-10 21:01:00,al2310,al2310,18100.0,0.0,0.0,0.0,2,18095.0,18110.0,1,18145.0,18100.0,18100.0,18060.0,21.0,1899450.0,15011
2023-05-10 21:01:01,al2310,al2310,18100.0,0.0,0.0,0.0,4,18095.0,18110.0,3,18145.0,18100.0,18100.0,18060.0,21.0,1899450.0,15011
2023-05-10 21:01:01,al2310,al2310,18100.0,0.0,0.0,0.0,4,18095.0,18110.0,4,18145.0,18100.0,18100.0,18060.0,21.0,1899450.0,15011
2023-05-10 21:01:02,al2310,al2310,18100.0,0.0,0.0,0.0,1,18095.0,18105.0,1,18145.0,18100.0,18100.0,18060.0,21.0,1899450.0,15011
2023-05-10 21:01:02,al2310,al2310,18100.0,0.0,0.0,0.0,1,18095.0,18105.0,4,18145.0,18100.0,18100.0,18060.0,21.0,1899450.0,15011
2023-05-10 21:01:03,al2310,al2310,18100.0,0.0,0.0,0.0,1,18095.0,18105.0,4,18145.0,18100.0,18100.0,18060.0,21.0,1899450.0,15011
2023-05-10 21:01:03,al2310,al2310,18100.0,0.0,0.0,0.0,1,18095.0,18105.0,5,18145.0,18100.0,18100.0,18060.0,21.0,1899450.0,15011
2023-05-10 21:01:04,al2310,al2310,18100.0,0.0,0.0,0.0,10,18085.0,18105.0,5,18145.0,18100.0,18100.0,18060.0,21.0,1899450.0,15011
2023-05-10 21:01:05,al2310,al2310,18100.0,0.0,0.0,0.0,20,18085.0,18105.0,5,18145.0,18100.0,18100.0,18060.0,21.0,1899450.0,15011
2023-05-10 21:01:05,al2310,al2310,18100.0,0.0,0.0,0.0,3,18090.0,18105.0,5,18145.0,18100.0,18100.0,18060.0,21.0,1899450.0,15011
2023-05-10 21:01:06,al2310,al2310,18100.0,0.0,0.0,0.0,3,18090.0,18105.0,4,18145.0,18100.0,18100.0,18060.0,21.0,1899450.0,15011
2023-05-10 21:01:07,al2310,al2310,18100.0,0.0,0.0,0.0,1,18090.0,18105.0,4,18145.0,18100.0,18100.0,18060.0,21.0,1899450.0,15011
2023-05-10 21:01:07,al2310,al2310,18100.0,0.0,0.0,0.0,5,18090.0,18105.0,3,18145.0,18100.0,18100.0,18060.0,21.0,1899450.0,15011
2023-05-10 21:01:08,al2310,al2310,18100.0,0.0,0.0,0.0,7,18090.0,18105.0,3,18145.0,18100.0,18100.0,18060.0,21.0,1899450.0,15011
2023-05-10 21:01:08,al2310,al2310,18100.0,0.0,0.0,0.0,1,18095.0,18105.0,3,18145.0,18100.0,18100.0,18060.0,21.0,1899450.0,15011
2023-05-10 21:01:09,al2310,al2310,18100.0,0.0,0.0,0.0,1,18095.0,18105.0,3,18145.0,18100.0,18100.0,18060.0,21.0,1899450.0,15011
2023-05-10 21:01:09,al2310,al2310,18100.0,0.0,0.0,0.0,1,18095.0,18105.0,3,18145.0,18100.0,18100.0,18060.0,21.0,1899450.0,15011
2023-05-10 21:01:10,al2310,al2310,18095.0,1.0,90475.0,0.0,13,18085.0,18100.0,1,18145.0,18100.0,18100.0,18060.0,22.0,1989925.0,15011
2023-05-10 21:01:11,al2310,al2310,18095.0,0.0,0.0,0.0,20,18085.0,18100.0,3,18145.0,18100.0,18100.0,18060.0,22.0,1989925.0,15011
2023-05-10 21:01:11,al2310,al2310,18095.0,0.0,0.0,0.0,18,18085.0,18100.0,3,18145.0,18100.0,18100.0,18060.0,22.0,1989925.0,15011
2023-05-10 21:01:12,al2310,al2310,18095.0,0.0,0.0,0.0,12,18085.0,18100.0,3,18145.0,18100.0,18100.0,18060.0,22.0,1989925.0,15011
2023-05-10 21:01:12,al2310,al2310,18095.0,0.0,0.0,0.0,1,18090.0,18100.0,3,18145.0,18100.0,18100.0,18060.0,22.0,1989925.0,15011
2023-05-10 21:01:13,al2310,al2310,18095.0,0.0,0.0,0.0,1,18090.0,18100.0,3,18145.0,18100.0,18100.0,18060.0,22.0,1989925.0,15011
2023-05-10 21:01:13,al2310,al2310,18095.0,0.0,0.0,0.0,1,18090.0,18100.0,4,18145.0,18100.0,18100.0,18060.0,22.0,1989925.0,15011
2023-05-10 21:01:14,al2310,al2310,18095.0,0.0,0.0,0.0,1,18090.0,18100.0,3,18145.0,18100.0,18100.0,18060.0,22.0,1989925.0,15011
2023-05-10 21:01:14,al2310,al2310,18095.0,0.0,0.0,0.0,1,18090.0,18100.0,4,18145.0,18100.0,18100.0,18060.0,22.0,1989925.0,15011
2023-05-10 21:01:15,al2310,al2310,18095.0,0.0,0.0,0.0,1,18090.0,18100.0,3,18145.0,18100.0,18100.0,18060.0,22.0,1989925.0,15011
2023-05-10 21:01:16,al2310,al2310,18095.0,0.0,0.0,0.0,11,18080.0,18100.0,4,18145.0,18100.0,18100.0,18060.0,22.0,1989925.0,15011
2023-05-10 21:01:16,al2310,al2310,18095.0,0.0,0.0,0.0,2,18085.0,18100.0,4,18145.0,18100.0,18100.0,18060.0,22.0,1989925.0,15011
2023-05-10 21:01:17,al2310,al2310,18095.0,0.0,0.0,0.0,4,18085.0,18100.0,4,18145.0,18100.0,18100.0,18060.0,22.0,1989925.0,15011
2023-05-10 21:01:17,al2310,al2310,18095.0,0.0,0.0,0.0,3,18085.0,18100.0,5,18145.0,18100.0,18100.0,18060.0,22.0,1989925.0,15011
2023-05-10 21:01:18,al2310,al2310,18095.0,0.0,0.0,0.0,1,18085.0,18100.0,5,18145.0,18100.0,18100.0,18060.0,22.0,1989925.0,15011
2023-05-10 21:01:19,al2310,al2310,18095.0,0.0,0.0,0.0,3,18085.0,18100.0,5,18145.0,18100.0,18100.0,18060.0,22.0,1989925.0,15011
2023-05-10 21:01:20,al2310,al2310,18095.0,0.0,0.0,0.0,1,18085.0,18100.0,5,18145.0,18100.0,18100.0,18060.0,22.0,1989925.0,15011
2023-05-10 21:01:21,al2310,al2310,18095.0,1.0,90475.0,0.0,1,18085.0,18100.0,4,18145.0,18100.0,18100.0,18060.0,23.0,2080400.0,15011
2023-05-10 21:01:21,al2310,al2310,18095.0,0.0,0.0,0.0,1,18080.0,18095.0,10,18145.0,18100.0,18100.0,18060.0,23.0,2080400.0,15011
2023-05-10 21:01:22,al2310,al2310,18095.0,0.0,0.0,0.0,2,18080.0,18090.0,2,18145.0,18100.0,18100.0,18060.0,23.0,2080400.0,15011
2023-05-10 21:01:22,al2310,al2310,18095.0,0.0,0.0,0.0,2,18080.0,18090.0,3,18145.0,18100.0,18100.0,18060.0,23.0,2080400.0,15011
2023-05-10 21:01:24,al2310,al2310,18095.0,0.0,0.0,0.0,1,18080.0,18090.0,3,18145.0,18100.0,18100.0,18060.0,23.0,2080400.0,15011
2023-05-10 21:01:24,al2310,al2310,18095.0,0.0,0.0,0.0,1,18080.0,18090.0,9,18145.0,18100.0,18100.0,18060.0,23.0,2080400.0,15011
2023-05-10 21:01:25,al2310,al2310,18095.0,0.0,0.0,0.0,1,18080.0,18090.0,10,18145.0,18100.0,18100.0,18060.0,23.0,2080400.0,15011
2023-05-10 21:01:26,al2310,al2310,18095.0,0.0,0.0,0.0,12,18070.0,18090.0,10,18145.0,18100.0,18100.0,18060.0,23.0,2080400.0,15011
2023-05-10 21:01:27,al2310,al2310,18095.0,0.0,0.0,0.0,3,18075.0,18090.0,10,18145.0,18100.0,18100.0,18060.0,23.0,2080400.0,15011
2023-05-10 21:01:27,al2310,al2310,18095.0,0.0,0.0,0.0,1,18080.0,18090.0,10,18145.0,18100.0,18100.0,18060.0,23.0,2080400.0,15011
2023-05-10 21:01:28,al2310,al2310,18095.0,0.0,0.0,0.0,1,18080.0,18090.0,3,18145.0,18100.0,18100.0,18060.0,23.0,2080400.0,15011
2023-05-10 21:01:31,al2310,al2310,18095.0,0.0,0.0,0.0,1,18080.0,18090.0,2,18145.0,18100.0,18100.0,18060.0,23.0,2080400.0,15011
2023-05-10 21:01:31,al2310,al2310,18095.0,0.0,0.0,0.0,1,18080.0,18090.0,3,18145.0,18100.0,18100.0,18060.0,23.0,2080400.0,15011
2023-05-10 21:01:34,al2310,al2310,18095.0,0.0,0.0,0.0,1,18080.0,18090.0,2,18145.0,18100.0,18100.0,18060.0,23.0,2080400.0,15011
2023-05-10 21:01:35,al2310,al2310,18095.0,0.0,0.0,0.0,1,18080.0,18090.0,4,18145.0,18100.0,18100.0,18060.0,23.0,2080400.0,15011
2023-05-10 21:01:36,al2310,al2310,18095.0,0.0,0.0,0.0,1,18075.0,18090.0,5,18145.0,18100.0,18100.0,18060.0,23.0,2080400.0,15011
2023-05-10 21:01:36,al2310,al2310,18095.0,0.0,0.0,0.0,9,18075.0,18090.0,5,18145.0,18100.0,18100.0,18060.0,23.0,2080400.0,15011
2023-05-10 21:01:37,al2310,al2310,18095.0,0.0,0.0,0.0,1,18075.0,18090.0,12,18145.0,18100.0,18100.0,18060.0,23.0,2080400.0,15011
2023-05-10 21:01:38,al2310,al2310,18095.0,0.0,0.0,0.0,2,18075.0,18090.0,12,18145.0,18100.0,18100.0,18060.0,23.0,2080400.0,15011
2023-05-10 21:01:38,al2310,al2310,18095.0,0.0,0.0,0.0,1,18080.0,18090.0,5,18145.0,18100.0,18100.0,18060.0,23.0,2080400.0,15011
2023-05-10 21:01:39,al2310,al2310,18095.0,0.0,0.0,0.0,2,18075.0,18090.0,5,18145.0,18100.0,18100.0,18060.0,23.0,2080400.0,15011
2023-05-10 21:01:40,al2310,al2310,18095.0,0.0,0.0,0.0,1,18075.0,18090.0,12,18145.0,18100.0,18100.0,18060.0,23.0,2080400.0,15011
2023-05-10 21:01:43,al2310,al2310,18095.0,0.0,0.0,0.0,2,18080.0,18090.0,5,18145.0,18100.0,18100.0,18060.0,23.0,2080400.0,15011
2023-05-10 21:01:44,al2310,al2310,18095.0,0.0,0.0,0.0,2,18080.0,18090.0,5,18145.0,18100.0,18100.0,18060.0,23.0,2080400.0,15011
2023-05-10 21:01:44,al2310,al2310,18095.0,0.0,0.0,0.0,1,18080.0,18090.0,5,18145.0,18100.0,18100.0,18060.0,23.0,2080400.0,15011
2023-05-10 21:01:45,al2310,al2310,18095.0,0.0,0.0,0.0,2,18075.0,18090.0,5,18145.0,18100.0,18100.0,18060.0,23.0,2080400.0,15011
2023-05-10 21:01:46,al2310,al2310,18095.0,0.0,0.0,0.0,1,18080.0,18090.0,12,18145.0,18100.0,18100.0,18060.0,23.0,2080400.0,15011
2023-05-10 21:01:46,al2310,al2310,18095.0,0.0,0.0,0.0,2,18080.0,18090.0,5,18145.0,18100.0,18100.0,18060.0,23.0,2080400.0,15011
2023-05-10 21:01:48,al2310,al2310,18095.0,0.0,0.0,0.0,2,18080.0,18090.0,3,18145.0,18100.0,18100.0,18060.0,23.0,2080400.0,15011
2023-05-10 21:01:50,al2310,al2310,18095.0,0.0,0.0,0.0,2,18080.0,18090.0,4,18145.0,18100.0,18100.0,18060.0,23.0,2080400.0,15011
2023-05-10 21:01:52,al2310,al2310,18095.0,0.0,0.0,0.0,2,18080.0,18090.0,3,18145.0,18100.0,18100.0,18060.0,23.0,2080400.0,15011
2023-05-10 21:01:54,al2310,al2310,18095.0,0.0,0.0,0.0,2,18080.0,18090.0,4,18145.0,18100.0,18100.0,18060.0,23.0,2080400.0,15011
2023-05-10 21:01:56,al2310,al2310,18095.0,0.0,0.0,0.0,1,18080.0,18090.0,4,18145.0,18100.0,18100.0,18060.0,23.0,2080400.0,15011
2023-05-10 21:01:56,al2310,al2310,18095.0,0.0,0.0,0.0,12,18070.0,18090.0,4,18145.0,18100.0,18100.0,18060.0,23.0,2080400.0,15011
2023-05-10 21:01:57,al2310,al2310,18095.0,0.0,0.0,0.0,2,18075.0,18085.0,1,18145.0,18100.0,18100.0,18060.0,23.0,2080400.0,15011
2023-05-10 21:01:57,al2310,al2310,18095.0,0.0,0.0,0.0,2,18075.0,18085.0,3,18145.0,18100.0,18100.0,18060.0,23.0,2080400.0,15011
2023-05-10 21:02:00,al2310,al2310,18095.0,0.0,0.0,0.0,2,18075.0,18085.0,3,18145.0,18100.0,18100.0,18060.0,23.0,2080400.0,15011
2023-05-10 21:02:02,al2310,al2310,18095.0,0.0,0.0,0.0,2,18075.0,18085.0,2,18145.0,18100.0,18100.0,18060.0,23.0,2080400.0,15011
2023-05-10 21:02:04,al2310,al2310,18095.0,0.0,0.0,0.0,2,18075.0,18085.0,3,18145.0,18100.0,18100.0,18060.0,23.0,2080400.0,15011
2023-05-10 21:02:04,al2310,al2310,18095.0,0.0,0.0,0.0,1,18075.0,18085.0,3,18145.0,18100.0,18100.0,18060.0,23.0,2080400.0,15011
2023-05-10 21:02:05,al2310,al2310,18095.0,0.0,0.0,0.0,9,18070.0,18085.0,3,18145.0,18100.0,18100.0,18060.0,23.0,2080400.0,15011
2023-05-10 21:02:05,al2310,al2310,18095.0,0.0,0.0,0.0,2,18070.0,18085.0,4,18145.0,18100.0,18100.0,18060.0,23.0,2080400.0,15011
2023-05-10 21:02:06,al2310,al2310,18095.0,0.0,0.0,0.0,1,18075.0,18085.0,11,18145.0,18100.0,18100.0,18060.0,23.0,2080400.0,15011
2023-05-10 21:02:06,al2310,al2310,18095.0,0.0,0.0,0.0,1,18075.0,18085.0,4,18145.0,18100.0,18100.0,18060.0,23.0,2080400.0,15011
2023-05-10 21:02:07,al2310,al2310,18095.0,0.0,0.0,0.0,2,18070.0,18085.0,4,18145.0,18100.0,18100.0,18060.0,23.0,2080400.0,15011
2023-05-10 21:02:10,al2310,al2310,18095.0,0.0,0.0,0.0,1,18075.0,18085.0,4,18145.0,18100.0,18100.0,18060.0,23.0,2080400.0,15011
2023-05-10 21:02:11,al2310,al2310,18095.0,0.0,0.0,0.0,2,18070.0,18085.0,4,18145.0,18100.0,18100.0,18060.0,23.0,2080400.0,15011
2023-05-10 21:02:12,al2310,al2310,18095.0,0.0,0.0,0.0,2,18070.0,18085.0,10,18145.0,18100.0,18100.0,18060.0,23.0,2080400.0,15011
2023-05-10 21:02:12,al2310,al2310,18095.0,0.0,0.0,0.0,2,18070.0,18085.0,11,18145.0,18100.0,18100.0,18060.0,23.0,2080400.0,15011
2023-05-10 21:02:13,al2310,al2310,18095.0,0.0,0.0,0.0,3,18070.0,18085.0,4,18145.0,18100.0,18100.0,18060.0,23.0,2080400.0,15011
2023-05-10 21:02:13,al2310,al2310,18095.0,0.0,0.0,0.0,2,18070.0,18085.0,4,18145.0,18100.0,18100.0,18060.0,23.0,2080400.0,15011
2023-05-10 21:02:21,al2310,al2310,18095.0,0.0,0.0,0.0,1,18070.0,18080.0,4,18145.0,18100.0,18100.0,18060.0,23.0,2080400.0,15011
2023-05-10 21:02:22,al2310,al2310,18095.0,0.0,0.0,0.0,2,18070.0,18080.0,3,18145.0,18100.0,18100.0,18060.0,23.0,2080400.0,15011
2023-05-10 21:02:22,al2310,al2310,18095.0,0.0,0.0,0.0,2,18070.0,18080.0,2,18145.0,18100.0,18100.0,18060.0,23.0,2080400.0,15011
2023-05-10 21:02:23,al2310,al2310,18095.0,0.0,0.0,0.0,2,18070.0,18080.0,4,18145.0,18100.0,18100.0,18060.0,23.0,2080400.0,15011
2023-05-10 21:02:23,al2310,al2310,18095.0,0.0,0.0,0.0,1,18070.0,18080.0,4,18145.0,18100.0,18100.0,18060.0,23.0,2080400.0,15011
2023-05-10 21:02:24,al2310,al2310,18095.0,0.0,0.0,0.0,1,18070.0,18080.0,6,18145.0,18100.0,18100.0,18060.0,23.0,2080400.0,15011
2023-05-10 21:02:24,al2310,al2310,18095.0,0.0,0.0,0.0,1,18070.0,18080.0,5,18145.0,18100.0,18100.0,18060.0,23.0,2080400.0,15011
2023-05-10 21:02:25,al2310,al2310,18095.0,0.0,0.0,0.0,2,18070.0,18080.0,5,18145.0,18100.0,18100.0,18060.0,23.0,2080400.0,15011
2023-05-10 21:02:26,al2310,al2310,18095.0,0.0,0.0,0.0,2,18070.0,18080.0,2,18145.0,18100.0,18100.0,18060.0,23.0,2080400.0,15011
2023-05-10 21:02:26,al2310,al2310,18095.0,0.0,0.0,0.0,2,18070.0,18080.0,2,18145.0,18100.0,18100.0,18060.0,23.0,2080400.0,15011
2023-05-10 21:02:27,al2310,al2310,18095.0,0.0,0.0,0.0,7,18070.0,18080.0,2,18145.0,18100.0,18100.0,18060.0,23.0,2080400.0,15011
2023-05-10 21:02:27,al2310,al2310,18095.0,0.0,0.0,0.0,10,18070.0,18080.0,3,18145.0,18100.0,18100.0,18060.0,23.0,2080400.0,15011
2023-05-10 21:02:28,al2310,al2310,18095.0,0.0,0.0,0.0,10,18070.0,18080.0,3,18145.0,18100.0,18100.0,18060.0,23.0,2080400.0,15011
2023-05-10 21:02:29,al2310,al2310,18095.0,0.0,0.0,0.0,9,18070.0,18080.0,3,18145.0,18100.0,18100.0,18060.0,23.0,2080400.0,15011
2023-05-10 21:02:30,al2310,al2310,18095.0,0.0,0.0,0.0,1,18070.0,18080.0,3,18145.0,18100.0,18100.0,18060.0,23.0,2080400.0,15011
2023-05-10 21:02:31,al2310,al2310,18095.0,0.0,0.0,0.0,2,18070.0,18080.0,3,18145.0,18100.0,18100.0,18060.0,23.0,2080400.0,15011
2023-05-10 21:02:34,al2310,al2310,18095.0,0.0,0.0,0.0,7,18070.0,18080.0,3,18145.0,18100.0,18100.0,18060.0,23.0,2080400.0,15011
2023-05-10 21:02:36,al2310,al2310,18095.0,0.0,0.0,0.0,2,18070.0,18080.0,3,18145.0,18100.0,18100.0,18060.0,23.0,2080400.0,15011
2023-05-10 21:02:37,al2310,al2310,18095.0,0.0,0.0,0.0,1,18070.0,18080.0,5,18145.0,18100.0,18100.0,18060.0,23.0,2080400.0,15011
2023-05-10 21:02:39,al2310,al2310,18095.0,0.0,0.0,0.0,1,18070.0,18080.0,4,18145.0,18100.0,18100.0,18060.0,23.0,2080400.0,15011
2023-05-10 21:02:40,al2310,al2310,18095.0,0.0,0.0,0.0,2,18070.0,18080.0,3,18145.0,18100.0,18100.0,18060.0,23.0,2080400.0,15011
2023-05-10 21:02:49,al2310,al2310,18095.0,0.0,0.0,0.0,2,18070.0,18080.0,4,18145.0,18100.0,18100.0,18060.0,23.0,2080400.0,15011
2023-05-10 21:02:49,al2310,al2310,18095.0,0.0,0.0,0.0,1,18070.0,18080.0,4,18145.0,18100.0,18100.0,18060.0,23.0,2080400.0,15011
2023-05-10 21:02:50,al2310,al2310,18095.0,0.0,0.0,0.0,1,18070.0,18080.0,12,18145.0,18100.0,18100.0,18060.0,23.0,2080400.0,15011
2023-05-10 21:02:51,al2310,al2310,18070.0,1.0,90350.0,1.0,15,18060.0,18080.0,12,18145.0,18100.0,18100.0,18060.0,24.0,2170750.0,15012
2023-05-10 21:02:51,al2310,al2310,18070.0,0.0,0.0,0.0,1,18065.0,18075.0,2,18145.0,18100.0,18100.0,18060.0,24.0,2170750.0,15012
2023-05-10 21:02:52,al2310,al2310,18070.0,0.0,0.0,0.0,13,18060.0,18070.0,2,18145.0,18100.0,18100.0,18060.0,24.0,2170750.0,15012
2023-05-10 21:02:52,al2310,al2310,18070.0,0.0,0.0,0.0,1,18060.0,18070.0,3,18145.0,18100.0,18100.0,18060.0,24.0,2170750.0,15012
2023-05-10 21:02:53,al2310,al2310,18070.0,0.0,0.0,0.0,1,18060.0,18070.0,3,18145.0,18100.0,18100.0,18060.0,24.0,2170750.0,15012
2023-05-10 21:02:54,al2310,al2310,18070.0,0.0,0.0,0.0,1,18060.0,18070.0,3,18145.0,18100.0,18100.0,18060.0,24.0,2170750.0,15012
2023-05-10 21:02:55,al2310,al2310,18070.0,0.0,0.0,0.0,1,18060.0,18070.0,4,18145.0,18100.0,18100.0,18060.0,24.0,2170750.0,15012
2023-05-10 21:02:55,al2310,al2310,18070.0,0.0,0.0,0.0,1,18060.0,18070.0,12,18145.0,18100.0,18100.0,18060.0,24.0,2170750.0,15012
2023-05-10 21:02:56,al2310,al2310,18070.0,0.0,0.0,0.0,1,18060.0,18070.0,5,18145.0,18100.0,18100.0,18060.0,24.0,2170750.0,15012
2023-05-10 21:02:57,al2310,al2310,18070.0,0.0,0.0,0.0,12,18055.0,18070.0,4,18145.0,18100.0,18100.0,18060.0,24.0,2170750.0,15012
2023-05-10 21:02:57,al2310,al2310,18070.0,0.0,0.0,0.0,7,18055.0,18070.0,11,18145.0,18100.0,18100.0,18060.0,24.0,2170750.0,15012
2023-05-10 21:02:58,al2310,al2310,18070.0,0.0,0.0,0.0,7,18055.0,18070.0,5,18145.0,18100.0,18100.0,18060.0,24.0,2170750.0,15012
2023-05-10 21:02:58,al2310,al2310,18070.0,0.0,0.0,0.0,1,18055.0,18070.0,4,18145.0,18100.0,18100.0,18060.0,24.0,2170750.0,15012
2023-05-10 21:02:59,al2310,al2310,18070.0,0.0,0.0,0.0,1,18060.0,18070.0,5,18145.0,18100.0,18100.0,18060.0,24.0,2170750.0,15012
2023-05-10 21:02:59,al2310,al2310,18070.0,0.0,0.0,0.0,1,18060.0,18070.0,5,18145.0,18100.0,18100.0,18060.0,24.0,2170750.0,15012
2023-05-10 21:03:00,al2310,al2310,18070.0,0.0,0.0,0.0,1,18060.0,18070.0,4,18145.0,18100.0,18100.0,18060.0,24.0,2170750.0,15012
2023-05-10 21:03:00,al2310,al2310,18070.0,0.0,0.0,0.0,3,18060.0,18070.0,7,18145.0,18100.0,18100.0,18060.0,24.0,2170750.0,15012
2023-05-10 21:03:01,al2310,al2310,18070.0,0.0,0.0,0.0,9,18055.0,18070.0,7,18145.0,18100.0,18100.0,18060.0,24.0,2170750.0,15012
2023-05-10 21:03:01,al2310,al2310,18070.0,0.0,0.0,0.0,4,18055.0,18065.0,1,18145.0,18100.0,18100.0,18060.0,24.0,2170750.0,15012
2023-05-10 21:03:02,al2310,al2310,18070.0,0.0,0.0,0.0,4,18055.0,18060.0,2,18145.0,18100.0,18100.0,18060.0,24.0,2170750.0,15012
2023-05-10 21:03:04,al2310,al2310,18070.0,0.0,0.0,0.0,5,18055.0,18060.0,2,18145.0,18100.0,18100.0,18060.0,24.0,2170750.0,15012
2023-05-10 21:03:04,al2310,al2310,18070.0,0.0,0.0,0.0,4,18055.0,18060.0,2,18145.0,18100.0,18100.0,18060.0,24.0,2170750.0,15012
2023-05-10 21:03:06,al2310,al2310,18070.0,0.0,0.0,0.0,4,18055.0,18060.0,2,18145.0,18100.0,18100.0,18060.0,24.0,2170750.0,15012
2023-05-10 21:03:06,al2310,al2310,18070.0,0.0,0.0,0.0,3,18055.0,18060.0,2,18145.0,18100.0,18100.0,18060.0,24.0,2170750.0,15012
2023-05-10 21:03:07,al2310,al2310,18070.0,0.0,0.0,0.0,11,18050.0,18060.0,2,18145.0,18100.0,18100.0,18060.0,24.0,2170750.0,15012
2023-05-10 21:03:07,al2310,al2310,18070.0,0.0,0.0,0.0,12,18050.0,18060.0,2,18145.0,18100.0,18100.0,18060.0,24.0,2170750.0,15012
2023-05-10 21:03:08,al2310,al2310,18070.0,0.0,0.0,0.0,12,18050.0,18060.0,2,18145.0,18100.0,18100.0,18060.0,24.0,2170750.0,15012
2023-05-10 21:03:09,al2310,al2310,18070.0,0.0,0.0,0.0,13,18050.0,18060.0,2,18145.0,18100.0,18100.0,18060.0,24.0,2170750.0,15012
2023-05-10 21:03:09,al2310,al2310,18060.0,2.0,180600.0,-2.0,1,18055.0,18060.0,2,18145.0,18100.0,18100.0,18060.0,26.0,2351350.0,15010
2023-05-10 21:03:10,al2310,al2310,18060.0,2.0,180600.0,-2.0,4,18055.0,18065.0,1,18145.0,18100.0,18100.0,18060.0,28.0,2531950.0,15008
2023-05-10 21:03:10,al2310,al2310,18060.0,0.0,0.0,0.0,4,18055.0,18065.0,1,18145.0,18100.0,18100.0,18060.0,28.0,2531950.0,15008
2023-05-10 21:03:11,al2310,al2310,18060.0,1.0,90300.0,0.0,4,18055.0,18060.0,1,18145.0,18100.0,18100.0,18060.0,29.0,2622250.0,15008
2023-05-10 21:03:11,al2310,al2310,18060.0,1.0,90300.0,-1.0,4,18055.0,18060.0,2,18145.0,18100.0,18100.0,18060.0,30.0,2712550.0,15007
2023-05-10 21:03:12,al2310,al2310,18060.0,0.0,0.0,0.0,4,18055.0,18065.0,2,18145.0,18100.0,18100.0,18060.0,30.0,2712550.0,15007
2023-05-10 21:03:12,al2310,al2310,18060.0,0.0,0.0,0.0,4,18055.0,18065.0,4,18145.0,18100.0,18100.0,18060.0,30.0,2712550.0,15007
2023-05-10 21:03:13,al2310,al2310,18060.0,0.0,0.0,0.0,1,18060.0,18065.0,3,18145.0,18100.0,18100.0,18060.0,30.0,2712550.0,15007
2023-05-10 21:03:14,al2310,al2310,18060.0,0.0,0.0,0.0,1,18060.0,18065.0,3,18145.0,18100.0,18100.0,18060.0,30.0,2712550.0,15007
2023-05-10 21:03:14,al2310,al2310,18060.0,0.0,0.0,0.0,1,18060.0,18065.0,3,18145.0,18100.0,18100.0,18060.0,30.0,2712550.0,15007
2023-05-10 21:03:15,al2310,al2310,18060.0,0.0,0.0,0.0,10,18055.0,18065.0,3,18145.0,18100.0,18100.0,18060.0,30.0,2712550.0,15007
2023-05-10 21:03:15,al2310,al2310,18060.0,0.0,0.0,0.0,11,18055.0,18060.0,1,18145.0,18100.0,18100.0,18060.0,30.0,2712550.0,15007
2023-05-10 21:03:16,al2310,al2310,18060.0,1.0,90300.0,0.0,1,18060.0,18065.0,3,18145.0,18100.0,18100.0,18060.0,31.0,2802850.0,15007
2023-05-10 21:03:18,al2310,al2310,18060.0,0.0,0.0,0.0,10,18055.0,18065.0,3,18145.0,18100.0,18100.0,18060.0,31.0,2802850.0,15007
2023-05-10 21:03:18,al2310,al2310,18060.0,0.0,0.0,0.0,11,18055.0,18065.0,3,18145.0,18100.0,18100.0,18060.0,31.0,2802850.0,15007
2023-05-10 21:03:19,al2310,al2310,18060.0,0.0,0.0,0.0,10,18055.0,18065.0,4,18145.0,18100.0,18100.0,18060.0,31.0,2802850.0,15007
2023-05-10 21:03:20,al2310,al2310,18060.0,0.0,0.0,0.0,1,18060.0,18065.0,3,18145.0,18100.0,18100.0,18060.0,31.0,2802850.0,15007
2023-05-10 21:03:20,al2310,al2310,18060.0,0.0,0.0,0.0,12,18055.0,18065.0,3,18145.0,18100.0,18100.0,18060.0,31.0,2802850.0,15007
2023-05-10 21:03:21,al2310,al2310,18060.0,0.0,0.0,0.0,17,18055.0,18065.0,3,18145.0,18100.0,18100.0,18060.0,31.0,2802850.0,15007
2023-05-10 21:03:25,al2310,al2310,18060.0,0.0,0.0,0.0,16,18055.0,18065.0,3,18145.0,18100.0,18100.0,18060.0,31.0,2802850.0,15007
2023-05-10 21:03:26,al2310,al2310,18060.0,0.0,0.0,0.0,10,18055.0,18065.0,4,18145.0,18100.0,18100.0,18060.0,31.0,2802850.0,15007
2023-05-10 21:03:26,al2310,al2310,18060.0,0.0,0.0,0.0,11,18055.0,18065.0,3,18145.0,18100.0,18100.0,18060.0,31.0,2802850.0,15007
2023-05-10 21:03:27,al2310,al2310,18060.0,0.0,0.0,0.0,1,18060.0,18065.0,3,18145.0,18100.0,18100.0,18060.0,31.0,2802850.0,15007
2023-05-10 21:03:29,al2310,al2310,18060.0,0.0,0.0,0.0,10,18055.0,18065.0,3,18145.0,18100.0,18100.0,18060.0,31.0,2802850.0,15007
2023-05-10 21:03:29,al2310,al2310,18060.0,0.0,0.0,0.0,11,18055.0,18065.0,3,18145.0,18100.0,18100.0,18060.0,31.0,2802850.0,15007
2023-05-10 21:03:31,al2310,al2310,18060.0,0.0,0.0,0.0,1,18060.0,18065.0,3,18145.0,18100.0,18100.0,18060.0,31.0,2802850.0,15007
2023-05-10 21:03:32,al2310,al2310,18060.0,0.0,0.0,0.0,10,18055.0,18065.0,3,18145.0,18100.0,18100.0,18060.0,31.0,2802850.0,15007
2023-05-10 21:03:32,al2310,al2310,18060.0,0.0,0.0,0.0,11,18055.0,18065.0,3,18145.0,18100.0,18100.0,18060.0,31.0,2802850.0,15007
2023-05-10 21:03:34,al2310,al2310,18060.0,0.0,0.0,0.0,1,18060.0,18065.0,3,18145.0,18100.0,18100.0,18060.0,31.0,2802850.0,15007
2023-05-10 21:03:36,al2310,al2310,18060.0,0.0,0.0,0.0,1,18060.0,18065.0,3,18145.0,18100.0,18100.0,18060.0,31.0,2802850.0,15007
2023-05-10 21:03:38,al2310,al2310,18060.0,0.0,0.0,0.0,1,18060.0,18065.0,3,18145.0,18100.0,18100.0,18060.0,31.0,2802850.0,15007
2023-05-10 21:03:39,al2310,al2310,18060.0,0.0,0.0,0.0,1,18060.0,18065.0,3,18145.0,18100.0,18100.0,18060.0,31.0,2802850.0,15007
2023-05-10 21:03:39,al2310,al2310,18060.0,0.0,0.0,0.0,1,18060.0,18065.0,3,18145.0,18100.0,18100.0,18060.0,31.0,2802850.0,15007
2023-05-10 21:03:40,al2310,al2310,18060.0,0.0,0.0,0.0,1,18060.0,18065.0,3,18145.0,18100.0,18100.0,18060.0,31.0,2802850.0,15007
2023-05-10 21:03:41,al2310,al2310,18060.0,0.0,0.0,0.0,10,18055.0,18065.0,3,18145.0,18100.0,18100.0,18060.0,31.0,2802850.0,15007
2023-05-10 21:03:41,al2310,al2310,18060.0,0.0,0.0,0.0,4,18055.0,18065.0,4,18145.0,18100.0,18100.0,18060.0,31.0,2802850.0,15007
2023-05-10 21:03:42,al2310,al2310,18060.0,0.0,0.0,0.0,4,18055.0,18065.0,8,18145.0,18100.0,18100.0,18060.0,31.0,2802850.0,15007
2023-05-10 21:03:45,al2310,al2310,18060.0,0.0,0.0,0.0,3,18055.0,18065.0,9,18145.0,18100.0,18100.0,18060.0,31.0,2802850.0,15007
2023-05-10 21:03:45,al2310,al2310,18060.0,0.0,0.0,0.0,12,18050.0,18065.0,16,18145.0,18100.0,18100.0,18060.0,31.0,2802850.0,15007
2023-05-10 21:03:46,al2310,al2310,18060.0,0.0,0.0,0.0,13,18050.0,18065.0,16,18145.0,18100.0,18100.0,18060.0,31.0,2802850.0,15007
2023-05-10 21:03:46,al2310,al2310,18060.0,0.0,0.0,0.0,1,18055.0,18065.0,17,18145.0,18100.0,18100.0,18060.0,31.0,2802850.0,15007
2023-05-10 21:03:47,al2310,al2310,18060.0,0.0,0.0,0.0,1,18055.0,18065.0,10,18145.0,18100.0,18100.0,18060.0,31.0,2802850.0,15007
2023-05-10 21:03:47,al2310,al2310,18060.0,0.0,0.0,0.0,18,18050.0,18065.0,9,18145.0,18100.0,18100.0,18060.0,31.0,2802850.0,15007
2023-05-10 21:03:48,al2310,al2310,18060.0,0.0,0.0,0.0,12,18050.0,18060.0,5,18145.0,18100.0,18100.0,18060.0,31.0,2802850.0,15007
2023-05-10 21:03:48,al2310,al2310,18060.0,0.0,0.0,0.0,12,18050.0,18060.0,7,18145.0,18100.0,18100.0,18060.0,31.0,2802850.0,15007
2023-05-10 21:03:50,al2310,al2310,18060.0,0.0,0.0,0.0,12,18050.0,18060.0,3,18145.0,18100.0,18100.0,18060.0,31.0,2802850.0,15007
2023-05-10 21:03:55,al2310,al2310,18060.0,0.0,0.0,0.0,12,18050.0,18060.0,7,18145.0,18100.0,18100.0,18060.0,31.0,2802850.0,15007
2023-05-10 21:03:56,al2310,al2310,18060.0,0.0,0.0,0.0,8,18050.0,18060.0,16,18145.0,18100.0,18100.0,18060.0,31.0,2802850.0,15007
2023-05-10 21:03:56,al2310,al2310,18060.0,0.0,0.0,0.0,8,18050.0,18055.0,1,18145.0,18100.0,18100.0,18060.0,31.0,2802850.0,15007
2023-05-10 21:03:57,al2310,al2310,18050.0,4.0,361000.0,2.0,4,18050.0,18055.0,18,18145.0,18100.0,18100.0,18050.0,35.0,3163850.0,15009
2023-05-10 21:03:57,al2310,al2310,18050.0,4.0,361000.0,4.0,3,18035.0,18055.0,11,18145.0,18100.0,18100.0,18050.0,39.0,3524850.0,15013
2023-05-10 21:03:58,al2310,al2310,18050.0,0.0,0.0,0.0,1,18040.0,18050.0,4,18145.0,18100.0,18100.0,18050.0,39.0,3524850.0,15013
2023-05-10 21:03:58,al2310,al2310,18050.0,0.0,0.0,0.0,6,18035.0,18050.0,5,18145.0,18100.0,18100.0,18050.0,39.0,3524850.0,15013
2023-05-10 21:03:59,al2310,al2310,18050.0,0.0,0.0,0.0,5,18035.0,18050.0,4,18145.0,18100.0,18100.0,18050.0,39.0,3524850.0,15013
2023-05-10 21:03:59,al2310,al2310,18050.0,0.0,0.0,0.0,1,18035.0,18045.0,1,18145.0,18100.0,18100.0,18050.0,39.0,3524850.0,15013
2023-05-10 21:04:00,al2310,al2310,18050.0,0.0,0.0,0.0,2,18035.0,18040.0,2,18145.0,18100.0,18100.0,18050.0,39.0,3524850.0,15013
2023-05-10 21:04:00,al2310,al2310,18040.0,2.0,180425.0,-1.0,2,18040.0,18050.0,7,18145.0,18100.0,18100.0,18040.0,41.0,3705275.0,15012
2023-05-10 21:04:01,al2310,al2310,18050.0,3.0,270750.0,-1.0,3,18050.0,18055.0,5,18145.0,18100.0,18100.0,18040.0,44.0,3976025.0,15011
2023-05-10 21:04:01,al2310,al2310,18050.0,3.0,270750.0,-1.0,1,18040.0,18050.0,4,18145.0,18100.0,18100.0,18040.0,47.0,4246775.0,15010
2023-05-10 21:04:02,al2310,al2310,18050.0,0.0,0.0,0.0,1,18040.0,18050.0,2,18145.0,18100.0,18100.0,18040.0,47.0,4246775.0,15010
2023-05-10 21:04:02,al2310,al2310,18050.0,0.0,0.0,0.0,2,18040.0,18050.0,2,18145.0,18100.0,18100.0,18040.0,47.0,4246775.0,15010
2023-05-10 21:04:05,al2310,al2310,18050.0,0.0,0.0,0.0,1,18040.0,18050.0,2,18145.0,18100.0,18100.0,18040.0,47.0,4246775.0,15010
2023-05-10 21:04:06,al2310,al2310,18050.0,0.0,0.0,0.0,1,18040.0,18050.0,2,18145.0,18100.0,18100.0,18040.0,47.0,4246775.0,15010
2023-05-10 21:04:06,al2310,al2310,18050.0,0.0,0.0,0.0,2,18040.0,18050.0,2,18145.0,18100.0,18100.0,18040.0,47.0,4246775.0,15010
2023-05-10 21:04:07,al2310,al2310,18050.0,0.0,0.0,0.0,1,18040.0,18050.0,4,18145.0,18100.0,18100.0,18040.0,47.0,4246775.0,15010
2023-05-10 21:04:08,al2310,al2310,18050.0,0.0,0.0,0.0,1,18040.0,18050.0,10,18145.0,18100.0,18100.0,18040.0,47.0,4246775.0,15010
2023-05-10 21:04:08,al2310,al2310,18040.0,1.0,90200.0,-1.0,11,18035.0,18040.0,9,18145.0,18100.0,18100.0,18040.0,48.0,4336975.0,15009
2023-05-10 21:04:09,al2310,al2310,18040.0,2.0,180400.0,0.0,12,18035.0,18040.0,7,18145.0,18100.0,18100.0,18040.0,50.0,4517375.0,15009
2023-05-10 21:04:09,al2310,al2310,18040.0,0.0,0.0,0.0,9,18035.0,18040.0,7,18145.0,18100.0,18100.0,18040.0,50.0,4517375.0,15009
2023-05-10 21:04:10,al2310,al2310,18040.0,0.0,0.0,0.0,11,18030.0,18040.0,7,18145.0,18100.0,18100.0,18040.0,50.0,4517375.0,15009
2023-05-10 21:04:10,al2310,al2310,18040.0,0.0,0.0,0.0,12,18030.0,18040.0,9,18145.0,18100.0,18100.0,18040.0,50.0,4517375.0,15009
2023-05-10 21:04:11,al2310,al2310,18040.0,0.0,0.0,0.0,12,18030.0,18040.0,9,18145.0,18100.0,18100.0,18040.0,50.0,4517375.0,15009
2023-05-10 21:04:11,al2310,al2310,18040.0,0.0,0.0,0.0,12,18030.0,18040.0,7,18145.0,18100.0,18100.0,18040.0,50.0,4517375.0,15009
2023-05-10 21:04:12,al2310,al2310,18040.0,0.0,0.0,0.0,2,18030.0,18040.0,11,18145.0,18100.0,18100.0,18040.0,50.0,4517375.0,15009
2023-05-10 21:04:12,al2310,al2310,18040.0,0.0,0.0,0.0,1,18030.0,18040.0,9,18145.0,18100.0,18100.0,18040.0,50.0,4517375.0,15009
2023-05-10 21:04:13,al2310,al2310,18040.0,0.0,0.0,0.0,1,18035.0,18040.0,9,18145.0,18100.0,18100.0,18040.0,50.0,4517375.0,15009
2023-05-10 21:04:13,al2310,al2310,18040.0,0.0,0.0,0.0,2,18035.0,18040.0,9,18145.0,18100.0,18100.0,18040.0,50.0,4517375.0,15009
2023-05-10 21:04:14,al2310,al2310,18040.0,0.0,0.0,0.0,1,18035.0,18040.0,9,18145.0,18100.0,18100.0,18040.0,50.0,4517375.0,15009
2023-05-10 21:04:14,al2310,al2310,18040.0,0.0,0.0,0.0,11,18035.0,18040.0,9,18145.0,18100.0,18100.0,18040.0,50.0,4517375.0,15009
2023-05-10 21:04:15,al2310,al2310,18035.0,5.0,450875.0,2.0,6,18035.0,18040.0,11,18145.0,18100.0,18100.0,18035.0,55.0,4968250.0,15011
2023-05-10 21:04:15,al2310,al2310,18035.0,0.0,0.0,0.0,6,18035.0,18040.0,9,18145.0,18100.0,18100.0,18035.0,55.0,4968250.0,15011
2023-05-10 21:04:16,al2310,al2310,18035.0,0.0,0.0,0.0,6,18035.0,18040.0,12,18145.0,18100.0,18100.0,18035.0,55.0,4968250.0,15011
2023-05-10 21:04:17,al2310,al2310,18035.0,0.0,0.0,0.0,6,18035.0,18040.0,12,18145.0,18100.0,18100.0,18035.0,55.0,4968250.0,15011
2023-05-10 21:04:17,al2310,al2310,18035.0,3.0,270525.0,2.0,3,18035.0,18040.0,12,18145.0,18100.0,18100.0,18035.0,58.0,5238775.0,15013
2023-05-10 21:04:18,al2310,al2310,18035.0,0.0,0.0,0.0,3,18035.0,18040.0,21,18145.0,18100.0,18100.0,18035.0,58.0,5238775.0,15013
2023-05-10 21:04:18,al2310,al2310,18040.0,1.0,90200.0,-1.0,3,18035.0,18040.0,18,18145.0,18100.0,18100.0,18035.0,59.0,5328975.0,15012
2023-05-10 21:04:19,al2310,al2310,18040.0,0.0,0.0,0.0,3,18035.0,18040.0,9,18145.0,18100.0,18100.0,18035.0,59.0,5328975.0,15012
2023-05-10 21:04:19,al2310,al2310,18040.0,0.0,0.0,0.0,3,18035.0,18040.0,9,18145.0,18100.0,18100.0,18035.0,59.0,5328975.0,15012
2023-05-10 21:04:20,al2310,al2310,18040.0,0.0,0.0,0.0,3,18035.0,18040.0,8,18145.0,18100.0,18100.0,18035.0,59.0,5328975.0,15012
2023-05-10 21:04:20,al2310,al2310,18040.0,0.0,0.0,0.0,3,18035.0,18040.0,10,18145.0,18100.0,18100.0,18035.0,59.0,5328975.0,15012
2023-05-10 21:04:21,al2310,al2310,18040.0,0.0,0.0,0.0,3,18035.0,18040.0,16,18145.0,18100.0,18100.0,18035.0,59.0,5328975.0,15012
2023-05-10 21:04:21,al2310,al2310,18040.0,0.0,0.0,0.0,3,18035.0,18040.0,17,18145.0,18100.0,18100.0,18035.0,59.0,5328975.0,15012
2023-05-10 21:04:25,al2310,al2310,18040.0,0.0,0.0,0.0,3,18035.0,18040.0,16,18145.0,18100.0,18100.0,18035.0,59.0,5328975.0,15012
2023-05-10 21:04:25,al2310,al2310,18040.0,0.0,0.0,0.0,3,18035.0,18040.0,16,18145.0,18100.0,18100.0,18035.0,59.0,5328975.0,15012
2023-05-10 21:04:26,al2310,al2310,18040.0,0.0,0.0,0.0,3,18035.0,18040.0,16,18145.0,18100.0,18100.0,18035.0,59.0,5328975.0,15012
2023-05-10 21:04:27,al2310,al2310,18040.0,0.0,0.0,0.0,3,18035.0,18040.0,9,18145.0,18100.0,18100.0,18035.0,59.0,5328975.0,15012
2023-05-10 21:04:27,al2310,al2310,18040.0,3.0,270600.0,0.0,3,18035.0,18040.0,6,18145.0,18100.0,18100.0,18035.0,62.0,5599575.0,15012
2023-05-10 21:04:28,al2310,al2310,18035.0,3.0,270525.0,0.0,8,18025.0,18040.0,6,18145.0,18100.0,18100.0,18035.0,65.0,5870100.0,15012
2023-05-10 21:04:28,al2310,al2310,18035.0,0.0,0.0,0.0,1,18030.0,18035.0,7,18145.0,18100.0,18100.0,18035.0,65.0,5870100.0,15012
2023-05-10 21:04:29,al2310,al2310,18035.0,0.0,0.0,0.0,1,18030.0,18035.0,2,18145.0,18100.0,18100.0,18035.0,65.0,5870100.0,15012
2023-05-10 21:04:29,al2310,al2310,18035.0,2.0,180350.0,0.0,1,18030.0,18035.0,2,18145.0,18100.0,18100.0,18035.0,67.0,6050450.0,15012
2023-05-10 21:04:30,al2310,al2310,18035.0,0.0,0.0,0.0,1,18030.0,18040.0,3,18145.0,18100.0,18100.0,18035.0,67.0,6050450.0,15012
2023-05-10 21:04:30,al2310,al2310,18035.0,0.0,0.0,0.0,1,18030.0,18040.0,12,18145.0,18100.0,18100.0,18035.0,67.0,6050450.0,15012
2023-05-10 21:04:31,al2310,al2310,18035.0,0.0,0.0,0.0,4,18030.0,18040.0,5,18145.0,18100.0,18100.0,18035.0,67.0,6050450.0,15012
2023-05-10 21:04:31,al2310,al2310,18040.0,1.0,90200.0,-1.0,6,18030.0,18040.0,4,18145.0,18100.0,18100.0,18035.0,68.0,6140650.0,15011
2023-05-10 21:04:32,al2310,al2310,18040.0,4.0,360800.0,-1.0,2,18035.0,18050.0,2,18145.0,18100.0,18100.0,18035.0,72.0,6501450.0,15010
2023-05-10 21:04:32,al2310,al2310,18040.0,0.0,0.0,0.0,2,18035.0,18045.0,7,18145.0,18100.0,18100.0,18035.0,72.0,6501450.0,15010
2023-05-10 21:04:33,al2310,al2310,18040.0,0.0,0.0,0.0,12,18030.0,18040.0,2,18145.0,18100.0,18100.0,18035.0,72.0,6501450.0,15010
2023-05-10 21:04:33,al2310,al2310,18040.0,0.0,0.0,0.0,11,18030.0,18040.0,2,18145.0,18100.0,18100.0,18035.0,72.0,6501450.0,15010
2023-05-10 21:04:34,al2310,al2310,18040.0,0.0,0.0,0.0,1,18035.0,18050.0,3,18145.0,18100.0,18100.0,18035.0,72.0,6501450.0,15010
2023-05-10 21:04:34,al2310,al2310,18040.0,0.0,0.0,0.0,1,18035.0,18045.0,9,18145.0,18100.0,18100.0,18035.0,72.0,6501450.0,15010
2023-05-10 21:04:35,al2310,al2310,18040.0,0.0,0.0,0.0,1,18035.0,18045.0,11,18145.0,18100.0,18100.0,18035.0,72.0,6501450.0,15010
2023-05-10 21:04:35,al2310,al2310,18035.0,1.0,90175.0,-1.0,13,18030.0,18035.0,4,18145.0,18100.0,18100.0,18035.0,73.0,6591625.0,15009
2023-05-10 21:04:36,al2310,al2310,18035.0,4.0,360700.0,-3.0,12,18030.0,18040.0,1,18145.0,18100.0,18100.0,18035.0,77.0,6952325.0,15006
2023-05-10 21:04:36,al2310,al2310,18035.0,0.0,0.0,0.0,11,18030.0,18040.0,3,18145.0,18100.0,18100.0,18035.0,77.0,6952325.0,15006
2023-05-10 21:04:38,al2310,al2310,18030.0,3.0,270450.0,-3.0,4,18025.0,18040.0,5,18145.0,18100.0,18100.0,18030.0,80.0,7222775.0,15003
2023-05-10 21:04:38,al2310,al2310,18030.0,0.0,0.0,0.0,4,18025.0,18040.0,12,18145.0,18100.0,18100.0,18030.0,80.0,7222775.0,15003
2023-05-10 21:04:39,al2310,al2310,18030.0,0.0,0.0,0.0,2,18030.0,18040.0,10,18145.0,18100.0,18100.0,18030.0,80.0,7222775.0,15003
2023-05-10 21:04:39,al2310,al2310,18030.0,0.0,0.0,0.0,4,18030.0,18040.0,1,18145.0,18100.0,18100.0,18030.0,80.0,7222775.0,15003
2023-05-10 21:04:40,al2310,al2310,18030.0,0.0,0.0,0.0,10,18030.0,18040.0,3,18145.0,18100.0,18100.0,18030.0,80.0,7222775.0,15003
2023-05-10 21:04:41,al2310,al2310,18030.0,0.0,0.0,0.0,8,18030.0,18040.0,3,18145.0,18100.0,18100.0,18030.0,80.0,7222775.0,15003
2023-05-10 21:04:41,al2310,al2310,18030.0,0.0,0.0,0.0,8,18030.0,18040.0,3,18145.0,18100.0,18100.0,18030.0,80.0,7222775.0,15003
2023-05-10 21:04:44,al2310,al2310,18030.0,0.0,0.0,0.0,8,18030.0,18040.0,3,18145.0,18100.0,18100.0,18030.0,80.0,7222775.0,15003
2023-05-10 21:04:44,al2310,al2310,18030.0,0.0,0.0,0.0,3,18030.0,18040.0,4,18145.0,18100.0,18100.0,18030.0,80.0,7222775.0,15003
2023-05-10 21:04:45,al2310,al2310,18030.0,0.0,0.0,0.0,1,18030.0,18040.0,13,18145.0,18100.0,18100.0,18030.0,80.0,7222775.0,15003
2023-05-10 21:04:45,al2310,al2310,18030.0,0.0,0.0,0.0,1,18030.0,18040.0,13,18145.0,18100.0,18100.0,18030.0,80.0,7222775.0,15003
2023-05-10 21:04:46,al2310,al2310,18030.0,0.0,0.0,0.0,1,18030.0,18040.0,13,18145.0,18100.0,18100.0,18030.0,80.0,7222775.0,15003
2023-05-10 21:04:48,al2310,al2310,18030.0,1.0,90150.0,1.0,14,18020.0,18040.0,14,18145.0,18100.0,18100.0,18030.0,81.0,7312925.0,15004
2023-05-10 21:04:49,al2310,al2310,18030.0,0.0,0.0,0.0,14,18020.0,18035.0,9,18145.0,18100.0,18100.0,18030.0,81.0,7312925.0,15004
2023-05-10 21:04:49,al2310,al2310,18030.0,0.0,0.0,0.0,16,18020.0,18035.0,13,18145.0,18100.0,18100.0,18030.0,81.0,7312925.0,15004
2023-05-10 21:04:50,al2310,al2310,18030.0,0.0,0.0,0.0,16,18020.0,18030.0,1,18145.0,18100.0,18100.0,18030.0,81.0,7312925.0,15004
2023-05-10 21:04:52,al2310,al2310,18030.0,0.0,0.0,0.0,18,18020.0,18030.0,1,18145.0,18100.0,18100.0,18030.0,81.0,7312925.0,15004
2023-05-10 21:04:52,al2310,al2310,18030.0,1.0,90150.0,0.0,12,18020.0,18035.0,13,18145.0,18100.0,18100.0,18030.0,82.0,7403075.0,15004
2023-05-10 21:04:53,al2310,al2310,18030.0,0.0,0.0,0.0,5,18020.0,18035.0,13,18145.0,18100.0,18100.0,18030.0,82.0,7403075.0,15004
2023-05-10 21:04:53,al2310,al2310,18030.0,0.0,0.0,0.0,1,18025.0,18030.0,1,18145.0,18100.0,18100.0,18030.0,82.0,7403075.0,15004
2023-05-10 21:04:54,al2310,al2310,18030.0,0.0,0.0,0.0,1,18025.0,18030.0,1,18145.0,18100.0,18100.0,18030.0,82.0,7403075.0,15004
2023-05-10 21:04:54,al2310,al2310,18030.0,0.0,0.0,0.0,1,18025.0,18030.0,1,18145.0,18100.0,18100.0,18030.0,82.0,7403075.0,15004
2023-05-10 21:04:56,al2310,al2310,18030.0,0.0,0.0,0.0,1,18025.0,18030.0,1,18145.0,18100.0,18100.0,18030.0,82.0,7403075.0,15004
2023-05-10 21:04:56,al2310,al2310,18030.0,0.0,0.0,0.0,8,18020.0,18030.0,1,18145.0,18100.0,18100.0,18030.0,82.0,7403075.0,15004
2023-05-10 21:04:57,al2310,al2310,18030.0,0.0,0.0,0.0,1,18025.0,18030.0,3,18145.0,18100.0,18100.0,18030.0,82.0,7403075.0,15004
2023-05-10 21:04:57,al2310,al2310,18030.0,0.0,0.0,0.0,12,18020.0,18030.0,1,18145.0,18100.0,18100.0,18030.0,82.0,7403075.0,15004
2023-05-10 21:04:58,al2310,al2310,18030.0,0.0,0.0,0.0,14,18020.0,18030.0,1,18145.0,18100.0,18100.0,18030.0,82.0,7403075.0,15004
2023-05-10 21:04:58,al2310,al2310,18030.0,0.0,0.0,0.0,7,18020.0,18030.0,1,18145.0,18100.0,18100.0,18030.0,82.0,7403075.0,15004
2023-05-10 21:04:59,al2310,al2310,18030.0,0.0,0.0,0.0,3,18020.0,18030.0,1,18145.0,18100.0,18100.0,18030.0,82.0,7403075.0,15004
2023-05-10 21:04:59,al2310,al2310,18030.0,0.0,0.0,0.0,13,18020.0,18030.0,1,18145.0,18100.0,18100.0,18030.0,82.0,7403075.0,15004
2023-05-10 21:05:00,al2310,al2310,18030.0,0.0,0.0,0.0,11,18020.0,18030.0,1,18145.0,18100.0,18100.0,18030.0,82.0,7403075.0,15004
2023-05-10 21:05:01,al2310,al2310,18030.0,0.0,0.0,0.0,5,18020.0,18030.0,1,18145.0,18100.0,18100.0,18030.0,82.0,7403075.0,15004
2023-05-10 21:05:01,al2310,al2310,18030.0,0.0,0.0,0.0,7,18020.0,18030.0,1,18145.0,18100.0,18100.0,18030.0,82.0,7403075.0,15004
2023-05-10 21:05:02,al2310,al2310,18030.0,0.0,0.0,0.0,5,18020.0,18030.0,1,18145.0,18100.0,18100.0,18030.0,82.0,7403075.0,15004
2023-05-10 21:05:02,al2310,al2310,18030.0,0.0,0.0,0.0,7,18020.0,18030.0,1,18145.0,18100.0,18100.0,18030.0,82.0,7403075.0,15004
2023-05-10 21:05:03,al2310,al2310,18030.0,0.0,0.0,0.0,7,18020.0,18030.0,1,18145.0,18100.0,18100.0,18030.0,82.0,7403075.0,15004
2023-05-10 21:05:03,al2310,al2310,18030.0,0.0,0.0,0.0,13,18020.0,18030.0,1,18145.0,18100.0,18100.0,18030.0,82.0,7403075.0,15004
2023-05-10 21:05:04,al2310,al2310,18030.0,0.0,0.0,0.0,13,18020.0,18030.0,7,18145.0,18100.0,18100.0,18030.0,82.0,7403075.0,15004
2023-05-10 21:05:04,al2310,al2310,18030.0,0.0,0.0,0.0,13,18020.0,18030.0,1,18145.0,18100.0,18100.0,18030.0,82.0,7403075.0,15004
2023-05-10 21:05:05,al2310,al2310,18030.0,0.0,0.0,0.0,14,18020.0,18030.0,1,18145.0,18100.0,18100.0,18030.0,82.0,7403075.0,15004
2023-05-10 21:05:07,al2310,al2310,18030.0,0.0,0.0,0.0,13,18020.0,18030.0,1,18145.0,18100.0,18100.0,18030.0,82.0,7403075.0,15004
2023-05-10 21:05:07,al2310,al2310,18030.0,0.0,0.0,0.0,5,18020.0,18030.0,5,18145.0,18100.0,18100.0,18030.0,82.0,7403075.0,15004
2023-05-10 21:05:08,al2310,al2310,18030.0,0.0,0.0,0.0,5,18020.0,18030.0,5,18145.0,18100.0,18100.0,18030.0,82.0,7403075.0,15004
2023-05-10 21:05:08,al2310,al2310,18030.0,0.0,0.0,0.0,5,18020.0,18030.0,5,18145.0,18100.0,18100.0,18030.0,82.0,7403075.0,15004
2023-05-10 21:05:09,al2310,al2310,18030.0,0.0,0.0,0.0,5,18020.0,18030.0,13,18145.0,18100.0,18100.0,18030.0,82.0,7403075.0,15004
2023-05-10 21:05:09,al2310,al2310,18030.0,0.0,0.0,0.0,5,18020.0,18030.0,13,18145.0,18100.0,18100.0,18030.0,82.0,7403075.0,15004
2023-05-10 21:05:10,al2310,al2310,18030.0,0.0,0.0,0.0,5,18020.0,18025.0,3,18145.0,18100.0,18100.0,18030.0,82.0,7403075.0,15004
2023-05-10 21:05:12,al2310,al2310,18025.0,3.0,270375.0,2.0,3,18020.0,18025.0,7,18145.0,18100.0,18100.0,18025.0,85.0,7673450.0,15006
2023-05-10 21:05:12,al2310,al2310,18025.0,0.0,0.0,0.0,3,18020.0,18025.0,2,18145.0,18100.0,18100.0,18025.0,85.0,7673450.0,15006
2023-05-10 21:05:13,al2310,al2310,18025.0,0.0,0.0,0.0,3,18020.0,18025.0,2,18145.0,18100.0,18100.0,18025.0,85.0,7673450.0,15006
2023-05-10 21:05:13,al2310,al2310,18025.0,0.0,0.0,0.0,3,18020.0,18030.0,4,18145.0,18100.0,18100.0,18025.0,85.0,7673450.0,15006
2023-05-10 21:05:14,al2310,al2310,18025.0,0.0,0.0,0.0,5,18020.0,18030.0,13,18145.0,18100.0,18100.0,18025.0,85.0,7673450.0,15006
2023-05-10 21:05:14,al2310,al2310,18025.0,0.0,0.0,0.0,3,18020.0,18030.0,14,18145.0,18100.0,18100.0,18025.0,85.0,7673450.0,15006
2023-05-10 21:05:15,al2310,al2310,18025.0,0.0,0.0,0.0,2,18020.0,18025.0,1,18145.0,18100.0,18100.0,18025.0,85.0,7673450.0,15006
2023-05-10 21:05:15,al2310,al2310,18025.0,0.0,0.0,0.0,2,18020.0,18025.0,3,18145.0,18100.0,18100.0,18025.0,85.0,7673450.0,15006
2023-05-10 21:05:16,al2310,al2310,18020.0,1.0,90100.0,1.0,1,18020.0,18025.0,9,18145.0,18100.0,18100.0,18020.0,86.0,7763550.0,15007
2023-05-10 21:05:16,al2310,al2310,18020.0,1.0,90100.0,0.0,2,18015.0,18025.0,4,18145.0,18100.0,18100.0,18020.0,87.0,7853650.0,15007
2023-05-10 21:05:17,al2310,al2310,18020.0,0.0,0.0,0.0,2,18015.0,18020.0,1,18145.0,18100.0,18100.0,18020.0,87.0,7853650.0,15007
2023-05-10 21:05:17,al2310,al2310,18020.0,1.0,90100.0,1.0,2,18015.0,18025.0,10,18145.0,18100.0,18100.0,18020.0,88.0,7943750.0,15008
2023-05-10 21:05:18,al2310,al2310,18020.0,0.0,0.0,0.0,1,18020.0,18025.0,10,18145.0,18100.0,18100.0,18020.0,88.0,7943750.0,15008
2023-05-10 21:05:18,al2310,al2310,18020.0,0.0,0.0,0.0,2,18015.0,18025.0,10,18145.0,18100.0,18100.0,18020.0,88.0,7943750.0,15008
2023-05-10 21:05:19,al2310,al2310,18020.0,0.0,0.0,0.0,2,18015.0,18025.0,11,18145.0,18100.0,18100.0,18020.0,88.0,7943750.0,15008
2023-05-10 21:05:19,al2310,al2310,18020.0,0.0,0.0,0.0,1,18020.0,18025.0,11,18145.0,18100.0,18100.0,18020.0,88.0,7943750.0,15008
2023-05-10 21:05:20,al2310,al2310,18025.0,2.0,180250.0,0.0,4,18015.0,18025.0,1,18145.0,18100.0,18100.0,18020.0,90.0,8124000.0,15008
2023-05-10 21:05:20,al2310,al2310,18025.0,1.0,90125.0,0.0,13,18015.0,18030.0,3,18145.0,18100.0,18100.0,18020.0,91.0,8214125.0,15008
2023-05-10 21:05:21,al2310,al2310,18025.0,0.0,0.0,0.0,1,18020.0,18030.0,11,18145.0,18100.0,18100.0,18020.0,91.0,8214125.0,15008
2023-05-10 21:05:21,al2310,al2310,18025.0,0.0,0.0,0.0,1,18020.0,18030.0,11,18145.0,18100.0,18100.0,18020.0,91.0,8214125.0,15008
2023-05-10 21:05:22,al2310,al2310,18025.0,0.0,0.0,0.0,1,18020.0,18030.0,12,18145.0,18100.0,18100.0,18020.0,91.0,8214125.0,15008
2023-05-10 21:05:23,al2310,al2310,18025.0,0.0,0.0,0.0,3,18020.0,18030.0,11,18145.0,18100.0,18100.0,18020.0,91.0,8214125.0,15008
2023-05-10 21:05:23,al2310,al2310,18025.0,0.0,0.0,0.0,3,18020.0,18030.0,12,18145.0,18100.0,18100.0,18020.0,91.0,8214125.0,15008
2023-05-10 21:05:25,al2310,al2310,18025.0,0.0,0.0,0.0,3,18020.0,18025.0,5,18145.0,18100.0,18100.0,18020.0,91.0,8214125.0,15008
2023-05-10 21:05:26,al2310,al2310,18025.0,0.0,0.0,0.0,3,18020.0,18025.0,5,18145.0,18100.0,18100.0,18020.0,91.0,8214125.0,15008
2023-05-10 21:05:28,al2310,al2310,18025.0,0.0,0.0,0.0,2,18020.0,18025.0,7,18145.0,18100.0,18100.0,18020.0,91.0,8214125.0,15008
2023-05-10 21:05:29,al2310,al2310,18025.0,0.0,0.0,0.0,2,18020.0,18025.0,9,18145.0,18100.0,18100.0,18020.0,91.0,8214125.0,15008
2023-05-10 21:05:30,al2310,al2310,18020.0,2.0,180200.0,1.0,8,18010.0,18025.0,10,18145.0,18100.0,18100.0,18020.0,93.0,8394325.0,15009
2023-05-10 21:05:30,al2310,al2310,18020.0,0.0,0.0,0.0,10,18010.0,18025.0,16,18145.0,18100.0,18100.0,18020.0,93.0,8394325.0,15009
2023-05-10 21:05:31,al2310,al2310,18020.0,0.0,0.0,0.0,1,18015.0,18025.0,17,18145.0,18100.0,18100.0,18020.0,93.0,8394325.0,15009
2023-05-10 21:05:31,al2310,al2310,18020.0,0.0,0.0,0.0,17,18010.0,18025.0,16,18145.0,18100.0,18100.0,18020.0,93.0,8394325.0,15009
2023-05-10 21:05:32,al2310,al2310,18020.0,0.0,0.0,0.0,14,18010.0,18025.0,10,18145.0,18100.0,18100.0,18020.0,93.0,8394325.0,15009
2023-05-10 21:05:32,al2310,al2310,18020.0,0.0,0.0,0.0,14,18010.0,18025.0,17,18145.0,18100.0,18100.0,18020.0,93.0,8394325.0,15009
2023-05-10 21:05:33,al2310,al2310,18020.0,0.0,0.0,0.0,12,18010.0,18025.0,17,18145.0,18100.0,18100.0,18020.0,93.0,8394325.0,15009
2023-05-10 21:05:33,al2310,al2310,18020.0,0.0,0.0,0.0,12,18010.0,18025.0,16,18145.0,18100.0,18100.0,18020.0,93.0,8394325.0,15009
2023-05-10 21:05:34,al2310,al2310,18020.0,0.0,0.0,0.0,6,18010.0,18020.0,13,18145.0,18100.0,18100.0,18020.0,93.0,8394325.0,15009
2023-05-10 21:05:35,al2310,al2310,18020.0,0.0,0.0,0.0,6,18010.0,18020.0,17,18145.0,18100.0,18100.0,18020.0,93.0,8394325.0,15009
2023-05-10 21:05:37,al2310,al2310,18020.0,0.0,0.0,0.0,6,18010.0,18020.0,17,18145.0,18100.0,18100.0,18020.0,93.0,8394325.0,15009
2023-05-10 21:05:38,al2310,al2310,18020.0,0.0,0.0,0.0,6,18010.0,18020.0,17,18145.0,18100.0,18100.0,18020.0,93.0,8394325.0,15009
2023-05-10 21:05:39,al2310,al2310,18020.0,0.0,0.0,0.0,6,18010.0,18020.0,9,18145.0,18100.0,18100.0,18020.0,93.0,8394325.0,15009
2023-05-10 21:05:39,al2310,al2310,18020.0,0.0,0.0,0.0,6,18010.0,18020.0,12,18145.0,18100.0,18100.0,18020.0,93.0,8394325.0,15009
2023-05-10 21:05:40,al2310,al2310,18020.0,0.0,0.0,0.0,6,18010.0,18020.0,12,18145.0,18100.0,18100.0,18020.0,93.0,8394325.0,15009
2023-05-10 21:05:41,al2310,al2310,18020.0,0.0,0.0,0.0,6,18010.0,18020.0,12,18145.0,18100.0,18100.0,18020.0,93.0,8394325.0,15009
2023-05-10 21:05:42,al2310,al2310,18020.0,0.0,0.0,0.0,6,18010.0,18020.0,5,18145.0,18100.0,18100.0,18020.0,93.0,8394325.0,15009
2023-05-10 21:05:42,al2310,al2310,18020.0,2.0,180200.0,0.0,6,18010.0,18025.0,2,18145.0,18100.0,18100.0,18020.0,95.0,8574525.0,15009
2023-05-10 21:05:43,al2310,al2310,18020.0,0.0,0.0,0.0,6,18010.0,18020.0,2,18145.0,18100.0,18100.0,18020.0,95.0,8574525.0,15009
2023-05-10 21:05:44,al2310,al2310,18020.0,0.0,0.0,0.0,6,18010.0,18020.0,3,18145.0,18100.0,18100.0,18020.0,95.0,8574525.0,15009
2023-05-10 21:05:45,al2310,al2310,18020.0,0.0,0.0,0.0,6,18010.0,18015.0,2,18145.0,18100.0,18100.0,18020.0,95.0,8574525.0,15009
2023-05-10 21:05:46,al2310,al2310,18015.0,2.0,180150.0,0.0,1,18015.0,18020.0,1,18145.0,18100.0,18100.0,18015.0,97.0,8754675.0,15009
2023-05-10 21:05:47,al2310,al2310,18015.0,0.0,0.0,0.0,1,18015.0,18020.0,3,18145.0,18100.0,18100.0,18015.0,97.0,8754675.0,15009
2023-05-10 21:05:48,al2310,al2310,18015.0,1.0,90075.0,1.0,6,18010.0,18015.0,1,18145.0,18100.0,18100.0,18015.0,98.0,8844750.0,15010
2023-05-10 21:05:48,al2310,al2310,18015.0,1.0,90075.0,0.0,6,18010.0,18025.0,9,18145.0,18100.0,18100.0,18015.0,99.0,8934825.0,15010
2023-05-10 21:05:49,al2310,al2310,18015.0,0.0,0.0,0.0,14,18010.0,18025.0,9,18145.0,18100.0,18100.0,18015.0,99.0,8934825.0,15010
2023-05-10 21:05:49,al2310,al2310,18015.0,0.0,0.0,0.0,14,18010.0,18025.0,2,18145.0,18100.0,18100.0,18015.0,99.0,8934825.0,15010
2023-05-10 21:05:50,al2310,al2310,18015.0,0.0,0.0,0.0,13,18010.0,18025.0,9,18145.0,18100.0,18100.0,18015.0,99.0,8934825.0,15010
2023-05-10 21:05:51,al2310,al2310,18015.0,0.0,0.0,0.0,14,18010.0,18025.0,11,18145.0,18100.0,18100.0,18015.0,99.0,8934825.0,15010
2023-05-10 21:05:53,al2310,al2310,18015.0,0.0,0.0,0.0,13,18010.0,18025.0,11,18145.0,18100.0,18100.0,18015.0,99.0,8934825.0,15010
2023-05-10 21:05:53,al2310,al2310,18015.0,0.0,0.0,0.0,13,18010.0,18020.0,2,18145.0,18100.0,18100.0,18015.0,99.0,8934825.0,15010
2023-05-10 21:05:54,al2310,al2310,18015.0,0.0,0.0,0.0,14,18010.0,18020.0,2,18145.0,18100.0,18100.0,18015.0,99.0,8934825.0,15010
2023-05-10 21:05:54,al2310,al2310,18015.0,0.0,0.0,0.0,13,18010.0,18020.0,2,18145.0,18100.0,18100.0,18015.0,99.0,8934825.0,15010
2023-05-10 21:05:55,al2310,al2310,18015.0,0.0,0.0,0.0,14,18010.0,18020.0,2,18145.0,18100.0,18100.0,18015.0,99.0,8934825.0,15010
2023-05-10 21:05:55,al2310,al2310,18015.0,0.0,0.0,0.0,17,18010.0,18025.0,7,18145.0,18100.0,18100.0,18015.0,99.0,8934825.0,15010
2023-05-10 21:05:56,al2310,al2310,18015.0,0.0,0.0,0.0,2,18015.0,18025.0,2,18145.0,18100.0,18100.0,18015.0,99.0,8934825.0,15010
2023-05-10 21:05:56,al2310,al2310,18025.0,1.0,90125.0,1.0,7,18015.0,18025.0,1,18145.0,18100.0,18100.0,18015.0,100.0,9024950.0,15011
2023-05-10 21:05:57,al2310,al2310,18025.0,0.0,0.0,0.0,1,18020.0,18025.0,1,18145.0,18100.0,18100.0,18015.0,100.0,9024950.0,15011
2023-05-10 21:05:57,al2310,al2310,18020.0,1.0,90100.0,-1.0,13,18010.0,18025.0,1,18145.0,18100.0,18100.0,18015.0,101.0,9115050.0,15010
2023-05-10 21:05:58,al2310,al2310,18020.0,0.0,0.0,0.0,1,18015.0,18025.0,1,18145.0,18100.0,18100.0,18015.0,101.0,9115050.0,15010
2023-05-10 21:05:58,al2310,al2310,18020.0,0.0,0.0,0.0,7,18015.0,18025.0,1,18145.0,18100.0,18100.0,18015.0,101.0,9115050.0,15010
2023-05-10 21:05:59,al2310,al2310,18020.0,0.0,0.0,0.0,1,18020.0,18025.0,1,18145.0,18100.0,18100.0,18015.0,101.0,9115050.0,15010
2023-05-10 21:05:59,al2310,al2310,18020.0,0.0,0.0,0.0,1,18020.0,18025.0,1,18145.0,18100.0,18100.0,18015.0,101.0,9115050.0,15010
2023-05-10 21:06:00,al2310,al2310,18020.0,0.0,0.0,0.0,1,18020.0,18025.0,1,18145.0,18100.0,18100.0,18015.0,101.0,9115050.0,15010
2023-05-10 21:06:00,al2310,al2310,18020.0,0.0,0.0,0.0,1,18020.0,18025.0,1,18145.0,18100.0,18100.0,18015.0,101.0,9115050.0,15010
2023-05-10 21:06:01,al2310,al2310,18020.0,0.0,0.0,0.0,1,18020.0,18025.0,1,18145.0,18100.0,18100.0,18015.0,101.0,9115050.0,15010
2023-05-10 21:06:02,al2310,al2310,18020.0,0.0,0.0,0.0,1,18020.0,18025.0,1,18145.0,18100.0,18100.0,18015.0,101.0,9115050.0,15010
2023-05-10 21:06:02,al2310,al2310,18020.0,1.0,90100.0,0.0,6,18015.0,18025.0,8,18145.0,18100.0,18100.0,18015.0,102.0,9205150.0,15010
2023-05-10 21:06:03,al2310,al2310,18020.0,0.0,0.0,0.0,10,18015.0,18025.0,1,18145.0,18100.0,18100.0,18015.0,102.0,9205150.0,15010
2023-05-10 21:06:04,al2310,al2310,18020.0,0.0,0.0,0.0,10,18015.0,18030.0,2,18145.0,18100.0,18100.0,18015.0,102.0,9205150.0,15010
2023-05-10 21:06:05,al2310,al2310,18020.0,0.0,0.0,0.0,1,18020.0,18030.0,2,18145.0,18100.0,18100.0,18015.0,102.0,9205150.0,15010
2023-05-10 21:06:05,al2310,al2310,18020.0,0.0,0.0,0.0,17,18015.0,18030.0,2,18145.0,18100.0,18100.0,18015.0,102.0,9205150.0,15010
2023-05-10 21:06:06,al2310,al2310,18020.0,0.0,0.0,0.0,1,18020.0,18030.0,2,18145.0,18100.0,18100.0,18015.0,102.0,9205150.0,15010
2023-05-10 21:06:06,al2310,al2310,18020.0,8.0,720800.0,-8.0,11,18015.0,18020.0,2,18145.0,18100.0,18100.0,18015.0,110.0,9925950.0,15002
2023-05-10 21:06:07,al2310,al2310,18020.0,2.0,180200.0,-2.0,3,18020.0,18030.0,2,18145.0,18100.0,18100.0,18015.0,112.0,10106150.0,15000
2023-05-10 21:06:07,al2310,al2310,18020.0,0.0,0.0,0.0,3,18020.0,18030.0,2,18145.0,18100.0,18100.0,18015.0,112.0,10106150.0,15000
2023-05-10 21:06:08,al2310,al2310,18020.0,0.0,0.0,0.0,1,18020.0,18030.0,2,18145.0,18100.0,18100.0,18015.0,112.0,10106150.0,15000
2023-05-10 21:06:09,al2310,al2310,18020.0,0.0,0.0,0.0,1,18020.0,18030.0,2,18145.0,18100.0,18100.0,18015.0,112.0,10106150.0,15000
2023-05-10 21:06:09,al2310,al2310,18020.0,0.0,0.0,0.0,1,18020.0,18025.0,2,18145.0,18100.0,18100.0,18015.0,112.0,10106150.0,15000
2023-05-10 21:06:10,al2310,al2310,18025.0,2.0,180250.0,1.0,1,18020.0,18035.0,2,18145.0,18100.0,18100.0,18015.0,114.0,10286400.0,15001
2023-05-10 21:06:10,al2310,al2310,18025.0,0.0,0.0,0.0,3,18020.0,18030.0,1,18145.0,18100.0,18100.0,18015.0,114.0,10286400.0,15001
2023-05-10 21:06:11,al2310,al2310,18025.0,0.0,0.0,0.0,3,18020.0,18035.0,9,18145.0,18100.0,18100.0,18015.0,114.0,10286400.0,15001
2023-05-10 21:06:11,al2310,al2310,18035.0,2.0,180350.0,2.0,8,18035.0,18040.0,4,18145.0,18100.0,18100.0,18015.0,116.0,10466750.0,15003
2023-05-10 21:06:12,al2310,al2310,18040.0,9.0,811600.0,8.0,2,18020.0,18035.0,1,18145.0,18100.0,18100.0,18015.0,125.0,11278350.0,15011
2023-05-10 21:06:12,al2310,al2310,18040.0,0.0,0.0,0.0,2,18020.0,18035.0,7,18145.0,18100.0,18100.0,18015.0,125.0,11278350.0,15011
2023-05-10 21:06:13,al2310,al2310,18040.0,0.0,0.0,0.0,3,18025.0,18035.0,1,18145.0,18100.0,18100.0,18015.0,125.0,11278350.0,15011
2023-05-10 21:06:13,al2310,al2310,18040.0,0.0,0.0,0.0,4,18020.0,18035.0,3,18145.0,18100.0,18100.0,18015.0,125.0,11278350.0,15011
2023-05-10 21:06:14,al2310,al2310,18040.0,0.0,0.0,0.0,2,18025.0,18035.0,3,18145.0,18100.0,18100.0,18015.0,125.0,11278350.0,15011
2023-05-10 21:06:14,al2310,al2310,18040.0,0.0,0.0,0.0,2,18025.0,18030.0,2,18145.0,18100.0,18100.0,18015.0,125.0,11278350.0,15011
2023-05-10 21:06:15,al2310,al2310,18030.0,2.0,180300.0,2.0,2,18025.0,18030.0,2,18145.0,18100.0,18100.0,18015.0,127.0,11458650.0,15013
2023-05-10 21:06:16,al2310,al2310,18030.0,2.0,180300.0,0.0,2,18025.0,18035.0,1,18145.0,18100.0,18100.0,18015.0,129.0,11638950.0,15013
2023-05-10 21:06:17,al2310,al2310,18035.0,1.0,90175.0,-1.0,2,18025.0,18040.0,1,18145.0,18100.0,18100.0,18015.0,130.0,11729125.0,15012
2023-05-10 21:06:17,al2310,al2310,18035.0,0.0,0.0,0.0,1,18030.0,18040.0,9,18145.0,18100.0,18100.0,18015.0,130.0,11729125.0,15012
2023-05-10 21:06:18,al2310,al2310,18035.0,0.0,0.0,0.0,1,18025.0,18040.0,8,18145.0,18100.0,18100.0,18015.0,130.0,11729125.0,15012
2023-05-10 21:06:18,al2310,al2310,18035.0,0.0,0.0,0.0,3,18025.0,18040.0,7,18145.0,18100.0,18100.0,18015.0,130.0,11729125.0,15012
2023-05-10 21:06:19,al2310,al2310,18035.0,0.0,0.0,0.0,1,18030.0,18035.0,5,18145.0,18100.0,18100.0,18015.0,130.0,11729125.0,15012
2023-05-10 21:06:19,al2310,al2310,18035.0,0.0,0.0,0.0,3,18025.0,18035.0,6,18145.0,18100.0,18100.0,18015.0,130.0,11729125.0,15012
2023-05-10 21:06:23,al2310,al2310,18035.0,0.0,0.0,0.0,3,18025.0,18035.0,6,18145.0,18100.0,18100.0,18015.0,130.0,11729125.0,15012
2023-05-10 21:06:27,al2310,al2310,18035.0,0.0,0.0,0.0,3,18025.0,18035.0,6,18145.0,18100.0,18100.0,18015.0,130.0,11729125.0,15012
2023-05-10 21:06:28,al2310,al2310,18035.0,2.0,180350.0,2.0,3,18025.0,18035.0,4,18145.0,18100.0,18100.0,18015.0,132.0,11909475.0,15014
2023-05-10 21:06:28,al2310,al2310,18035.0,0.0,0.0,0.0,3,18025.0,18035.0,11,18145.0,18100.0,18100.0,18015.0,132.0,11909475.0,15014
2023-05-10 21:06:29,al2310,al2310,18035.0,0.0,0.0,0.0,3,18025.0,18035.0,4,18145.0,18100.0,18100.0,18015.0,132.0,11909475.0,15014
2023-05-10 21:06:30,al2310,al2310,18035.0,0.0,0.0,0.0,3,18025.0,18035.0,4,18145.0,18100.0,18100.0,18015.0,132.0,11909475.0,15014
2023-05-10 21:06:31,al2310,al2310,18035.0,0.0,0.0,0.0,3,18025.0,18035.0,4,18145.0,18100.0,18100.0,18015.0,132.0,11909475.0,15014
2023-05-10 21:06:32,al2310,al2310,18035.0,0.0,0.0,0.0,3,18025.0,18035.0,4,18145.0,18100.0,18100.0,18015.0,132.0,11909475.0,15014
2023-05-10 21:06:32,al2310,al2310,18035.0,0.0,0.0,0.0,3,18025.0,18035.0,4,18145.0,18100.0,18100.0,18015.0,132.0,11909475.0,15014
2023-05-10 21:06:34,al2310,al2310,18035.0,0.0,0.0,0.0,3,18025.0,18035.0,4,18145.0,18100.0,18100.0,18015.0,132.0,11909475.0,15014
2023-05-10 21:06:34,al2310,al2310,18035.0,0.0,0.0,0.0,3,18025.0,18035.0,4,18145.0,18100.0,18100.0,18015.0,132.0,11909475.0,15014
2023-05-10 21:06:35,al2310,al2310,18035.0,0.0,0.0,0.0,2,18020.0,18035.0,6,18145.0,18100.0,18100.0,18015.0,132.0,11909475.0,15014
2023-05-10 21:06:36,al2310,al2310,18035.0,0.0,0.0,0.0,2,18020.0,18030.0,2,18145.0,18100.0,18100.0,18015.0,132.0,11909475.0,15014
2023-05-10 21:06:36,al2310,al2310,18035.0,0.0,0.0,0.0,1,18025.0,18035.0,11,18145.0,18100.0,18100.0,18015.0,132.0,11909475.0,15014
2023-05-10 21:06:37,al2310,al2310,18035.0,0.0,0.0,0.0,1,18025.0,18035.0,13,18145.0,18100.0,18100.0,18015.0,132.0,11909475.0,15014
2023-05-10 21:06:41,al2310,al2310,18035.0,0.0,0.0,0.0,2,18025.0,18035.0,6,18145.0,18100.0,18100.0,18015.0,132.0,11909475.0,15014
2023-05-10 21:06:43,al2310,al2310,18035.0,0.0,0.0,0.0,2,18025.0,18035.0,6,18145.0,18100.0,18100.0,18015.0,132.0,11909475.0,15014
2023-05-10 21:06:44,al2310,al2310,18035.0,0.0,0.0,0.0,2,18025.0,18035.0,6,18145.0,18100.0,18100.0,18015.0,132.0,11909475.0,15014
2023-05-10 21:06:46,al2310,al2310,18035.0,0.0,0.0,0.0,2,18025.0,18035.0,4,18145.0,18100.0,18100.0,18015.0,132.0,11909475.0,15014
2023-05-10 21:06:48,al2310,al2310,18035.0,0.0,0.0,0.0,2,18025.0,18035.0,1,18145.0,18100.0,18100.0,18015.0,132.0,11909475.0,15014
2023-05-10 21:06:49,al2310,al2310,18035.0,1.0,90175.0,0.0,2,18025.0,18045.0,3,18145.0,18100.0,18100.0,18015.0,133.0,11999650.0,15014
2023-05-10 21:06:49,al2310,al2310,18035.0,0.0,0.0,0.0,4,18025.0,18040.0,8,18145.0,18100.0,18100.0,18015.0,133.0,11999650.0,15014
2023-05-10 21:06:50,al2310,al2310,18035.0,0.0,0.0,0.0,2,18025.0,18040.0,2,18145.0,18100.0,18100.0,18015.0,133.0,11999650.0,15014
2023-05-10 21:06:50,al2310,al2310,18035.0,0.0,0.0,0.0,2,18025.0,18040.0,9,18145.0,18100.0,18100.0,18015.0,133.0,11999650.0,15014
2023-05-10 21:06:52,al2310,al2310,18035.0,0.0,0.0,0.0,4,18025.0,18040.0,14,18145.0,18100.0,18100.0,18015.0,133.0,11999650.0,15014
2023-05-10 21:06:53,al2310,al2310,18035.0,0.0,0.0,0.0,4,18025.0,18040.0,14,18145.0,18100.0,18100.0,18015.0,133.0,11999650.0,15014
2023-05-10 21:06:53,al2310,al2310,18035.0,0.0,0.0,0.0,2,18025.0,18040.0,14,18145.0,18100.0,18100.0,18015.0,133.0,11999650.0,15014
2023-05-10 21:06:54,al2310,al2310,18035.0,0.0,0.0,0.0,2,18025.0,18040.0,14,18145.0,18100.0,18100.0,18015.0,133.0,11999650.0,15014
2023-05-10 21:06:56,al2310,al2310,18035.0,0.0,0.0,0.0,2,18025.0,18040.0,14,18145.0,18100.0,18100.0,18015.0,133.0,11999650.0,15014
2023-05-10 21:06:56,al2310,al2310,18035.0,0.0,0.0,0.0,2,18025.0,18040.0,14,18145.0,18100.0,18100.0,18015.0,133.0,11999650.0,15014
2023-05-10 21:06:57,al2310,al2310,18040.0,2.0,180400.0,2.0,4,18025.0,18040.0,14,18145.0,18100.0,18100.0,18015.0,135.0,12180050.0,15016
2023-05-10 21:06:58,al2310,al2310,18040.0,0.0,0.0,0.0,4,18025.0,18040.0,7,18145.0,18100.0,18100.0,18015.0,135.0,12180050.0,15016
2023-05-10 21:07:00,al2310,al2310,18040.0,0.0,0.0,0.0,1,18030.0,18040.0,7,18145.0,18100.0,18100.0,18015.0,135.0,12180050.0,15016
2023-05-10 21:07:00,al2310,al2310,18040.0,0.0,0.0,0.0,1,18030.0,18040.0,7,18145.0,18100.0,18100.0,18015.0,135.0,12180050.0,15016
2023-05-10 21:07:01,al2310,al2310,18040.0,0.0,0.0,0.0,1,18030.0,18040.0,7,18145.0,18100.0,18100.0,18015.0,135.0,12180050.0,15016
2023-05-10 21:07:01,al2310,al2310,18040.0,0.0,0.0,0.0,1,18030.0,18040.0,2,18145.0,18100.0,18100.0,18015.0,135.0,12180050.0,15016
2023-05-10 21:07:02,al2310,al2310,18040.0,0.0,0.0,0.0,1,18030.0,18040.0,2,18145.0,18100.0,18100.0,18015.0,135.0,12180050.0,15016
2023-05-10 21:07:02,al2310,al2310,18040.0,0.0,0.0,0.0,1,18030.0,18040.0,7,18145.0,18100.0,18100.0,18015.0,135.0,12180050.0,15016
2023-05-10 21:07:03,al2310,al2310,18040.0,0.0,0.0,0.0,1,18030.0,18040.0,7,18145.0,18100.0,18100.0,18015.0,135.0,12180050.0,15016
2023-05-10 21:07:04,al2310,al2310,18040.0,0.0,0.0,0.0,1,18030.0,18040.0,2,18145.0,18100.0,18100.0,18015.0,135.0,12180050.0,15016
2023-05-10 21:07:04,al2310,al2310,18040.0,0.0,0.0,0.0,1,18030.0,18050.0,3,18145.0,18100.0,18100.0,18015.0,135.0,12180050.0,15016
2023-05-10 21:07:05,al2310,al2310,18040.0,0.0,0.0,0.0,1,18030.0,18040.0,2,18145.0,18100.0,18100.0,18015.0,135.0,12180050.0,15016
2023-05-10 21:07:05,al2310,al2310,18040.0,0.0,0.0,0.0,1,18030.0,18040.0,2,18145.0,18100.0,18100.0,18015.0,135.0,12180050.0,15016
2023-05-10 21:07:07,al2310,al2310,18040.0,0.0,0.0,0.0,1,18030.0,18040.0,2,18145.0,18100.0,18100.0,18015.0,135.0,12180050.0,15016
2023-05-10 21:07:18,al2310,al2310,18040.0,0.0,0.0,0.0,1,18030.0,18040.0,2,18145.0,18100.0,18100.0,18015.0,135.0,12180050.0,15016
2023-05-10 21:07:19,al2310,al2310,18040.0,1.0,90200.0,1.0,1,18030.0,18040.0,1,18145.0,18100.0,18100.0,18015.0,136.0,12270250.0,15017
2023-05-10 21:07:20,al2310,al2310,18040.0,0.0,0.0,0.0,1,18030.0,18040.0,1,18145.0,18100.0,18100.0,18015.0,136.0,12270250.0,15017
2023-05-10 21:07:22,al2310,al2310,18040.0,0.0,0.0,0.0,1,18030.0,18040.0,1,18145.0,18100.0,18100.0,18015.0,136.0,12270250.0,15017
2023-05-10 21:07:22,al2310,al2310,18040.0,0.0,0.0,0.0,1,18030.0,18040.0,1,18145.0,18100.0,18100.0,18015.0,136.0,12270250.0,15017
2023-05-10 21:07:23,al2310,al2310,18040.0,0.0,0.0,0.0,1,18030.0,18040.0,1,18145.0,18100.0,18100.0,18015.0,136.0,12270250.0,15017
2023-05-10 21:07:23,al2310,al2310,18040.0,0.0,0.0,0.0,1,18030.0,18040.0,1,18145.0,18100.0,18100.0,18015.0,136.0,12270250.0,15017
2023-05-10 21:07:26,al2310,al2310,18040.0,0.0,0.0,0.0,1,18030.0,18040.0,1,18145.0,18100.0,18100.0,18015.0,136.0,12270250.0,15017
2023-05-10 21:07:27,al2310,al2310,18040.0,0.0,0.0,0.0,1,18030.0,18040.0,1,18145.0,18100.0,18100.0,18015.0,136.0,12270250.0,15017
2023-05-10 21:07:29,al2310,al2310,18040.0,0.0,0.0,0.0,1,18030.0,18040.0,1,18145.0,18100.0,18100.0,18015.0,136.0,12270250.0,15017
2023-05-10 21:07:30,al2310,al2310,18040.0,0.0,0.0,0.0,1,18030.0,18040.0,2,18145.0,18100.0,18100.0,18015.0,136.0,12270250.0,15017
2023-05-10 21:07:31,al2310,al2310,18040.0,0.0,0.0,0.0,1,18030.0,18040.0,7,18145.0,18100.0,18100.0,18015.0,136.0,12270250.0,15017
2023-05-10 21:07:34,al2310,al2310,18040.0,0.0,0.0,0.0,1,18030.0,18040.0,2,18145.0,18100.0,18100.0,18015.0,136.0,12270250.0,15017
2023-05-10 21:07:34,al2310,al2310,18040.0,0.0,0.0,0.0,1,18030.0,18040.0,2,18145.0,18100.0,18100.0,18015.0,136.0,12270250.0,15017
2023-05-10 21:07:35,al2310,al2310,18040.0,10.0,902000.0,-1.0,1,18030.0,18040.0,1,18145.0,18100.0,18100.0,18015.0,146.0,13172250.0,15016
2023-05-10 21:07:40,al2310,al2310,18040.0,0.0,0.0,0.0,1,18030.0,18035.0,1,18145.0,18100.0,18100.0,18015.0,146.0,13172250.0,15016
2023-05-10 21:07:40,al2310,al2310,18035.0,1.0,90175.0,1.0,1,18035.0,18040.0,1,18145.0,18100.0,18100.0,18015.0,147.0,13262425.0,15017
2023-05-10 21:07:41,al2310,al2310,18035.0,1.0,90175.0,1.0,1,18030.0,18035.0,1,18145.0,18100.0,18100.0,18015.0,148.0,13352600.0,15018
2023-05-10 21:07:41,al2310,al2310,18035.0,0.0,0.0,0.0,1,18030.0,18035.0,1,18145.0,18100.0,18100.0,18015.0,148.0,13352600.0,15018
2023-05-10 21:07:42,al2310,al2310,18035.0,0.0,0.0,0.0,1,18030.0,18035.0,1,18145.0,18100.0,18100.0,18015.0,148.0,13352600.0,15018
2023-05-10 21:07:43,al2310,al2310,18035.0,0.0,0.0,0.0,1,18030.0,18045.0,1,18145.0,18100.0,18100.0,18015.0,148.0,13352600.0,15018
2023-05-10 21:07:43,al2310,al2310,18035.0,0.0,0.0,0.0,1,18030.0,18035.0,5,18145.0,18100.0,18100.0,18015.0,148.0,13352600.0,15018
2023-05-10 21:07:44,al2310,al2310,18035.0,0.0,0.0,0.0,1,18030.0,18040.0,1,18145.0,18100.0,18100.0,18015.0,148.0,13352600.0,15018
2023-05-10 21:07:45,al2310,al2310,18035.0,0.0,0.0,0.0,1,18030.0,18035.0,1,18145.0,18100.0,18100.0,18015.0,148.0,13352600.0,15018
2023-05-10 21:07:46,al2310,al2310,18035.0,0.0,0.0,0.0,1,18030.0,18035.0,5,18145.0,18100.0,18100.0,18015.0,148.0,13352600.0,15018
2023-05-10 21:07:46,al2310,al2310,18035.0,0.0,0.0,0.0,1,18030.0,18045.0,9,18145.0,18100.0,18100.0,18015.0,148.0,13352600.0,15018
2023-05-10 21:07:47,al2310,al2310,18035.0,0.0,0.0,0.0,1,18030.0,18040.0,1,18145.0,18100.0,18100.0,18015.0,148.0,13352600.0,15018
2023-05-10 21:07:48,al2310,al2310,18035.0,0.0,0.0,0.0,1,18030.0,18040.0,1,18145.0,18100.0,18100.0,18015.0,148.0,13352600.0,15018
2023-05-10 21:07:48,al2310,al2310,18035.0,0.0,0.0,0.0,1,18030.0,18040.0,6,18145.0,18100.0,18100.0,18015.0,148.0,13352600.0,15018
2023-05-10 21:07:49,al2310,al2310,18035.0,0.0,0.0,0.0,1,18035.0,18040.0,6,18145.0,18100.0,18100.0,18015.0,148.0,13352600.0,15018
2023-05-10 21:07:50,al2310,al2310,18035.0,1.0,90175.0,-1.0,1,18030.0,18040.0,6,18145.0,18100.0,18100.0,18015.0,149.0,13442775.0,15017
2023-05-10 21:07:50,al2310,al2310,18035.0,0.0,0.0,0.0,1,18035.0,18040.0,6,18145.0,18100.0,18100.0,18015.0,149.0,13442775.0,15017
2023-05-10 21:07:51,al2310,al2310,18035.0,0.0,0.0,0.0,1,18030.0,18040.0,6,18145.0,18100.0,18100.0,18015.0,149.0,13442775.0,15017
2023-05-10 21:07:52,al2310,al2310,18035.0,0.0,0.0,0.0,1,18030.0,18035.0,1,18145.0,18100.0,18100.0,18015.0,149.0,13442775.0,15017
2023-05-10 21:07:52,al2310,al2310,18035.0,0.0,0.0,0.0,1,18035.0,18040.0,6,18145.0,18100.0,18100.0,18015.0,149.0,13442775.0,15017
2023-05-10 21:07:53,al2310,al2310,18035.0,0.0,0.0,0.0,1,18030.0,18035.0,1,18145.0,18100.0,18100.0,18015.0,149.0,13442775.0,15017
2023-05-10 21:07:56,al2310,al2310,18035.0,0.0,0.0,0.0,1,18030.0,18035.0,2,18145.0,18100.0,18100.0,18015.0,149.0,13442775.0,15017
2023-05-10 21:07:57,al2310,al2310,18035.0,0.0,0.0,0.0,1,18030.0,18035.0,2,18145.0,18100.0,18100.0,18015.0,149.0,13442775.0,15017
2023-05-10 21:07:58,al2310,al2310,18035.0,1.0,90175.0,1.0,1,18030.0,18035.0,1,18145.0,18100.0,18100.0,18015.0,150.0,13532950.0,15018
2023-05-10 21:07:59,al2310,al2310,18035.0,0.0,0.0,0.0,1,18025.0,18035.0,1,18145.0,18100.0,18100.0,18015.0,150.0,13532950.0,15018
2023-05-10 21:08:00,al2310,al2310,18035.0,0.0,0.0,0.0,1,18025.0,18035.0,1,18145.0,18100.0,18100.0,18015.0,150.0,13532950.0,15018
2023-05-10 21:08:00,al2310,al2310,18035.0,0.0,0.0,0.0,1,18025.0,18030.0,1,18145.0,18100.0,18100.0,18015.0,150.0,13532950.0,15018
2023-05-10 21:08:01,al2310,al2310,18035.0,0.0,0.0,0.0,1,18030.0,18035.0,1,18145.0,18100.0,18100.0,18015.0,150.0,13532950.0,15018
2023-05-10 21:08:01,al2310,al2310,18035.0,0.0,0.0,0.0,1,18025.0,18035.0,1,18145.0,18100.0,18100.0,18015.0,150.0,13532950.0,15018
2023-05-10 21:08:02,al2310,al2310,18035.0,0.0,0.0,0.0,1,18025.0,18035.0,6,18145.0,18100.0,18100.0,18015.0,150.0,13532950.0,15018
2023-05-10 21:08:04,al2310,al2310,18035.0,0.0,0.0,0.0,2,18020.0,18035.0,6,18145.0,18100.0,18100.0,18015.0,150.0,13532950.0,15018
2023-05-10 21:08:04,al2310,al2310,18035.0,0.0,0.0,0.0,1,18025.0,18035.0,6,18145.0,18100.0,18100.0,18015.0,150.0,13532950.0,15018
2023-05-10 21:08:05,al2310,al2310,18035.0,0.0,0.0,0.0,14,18020.0,18035.0,6,18145.0,18100.0,18100.0,18015.0,150.0,13532950.0,15018
2023-05-10 21:08:07,al2310,al2310,18035.0,0.0,0.0,0.0,1,18025.0,18035.0,1,18145.0,18100.0,18100.0,18015.0,150.0,13532950.0,15018
2023-05-10 21:08:08,al2310,al2310,18035.0,0.0,0.0,0.0,1,18025.0,18035.0,1,18145.0,18100.0,18100.0,18015.0,150.0,13532950.0,15018
2023-05-10 21:08:09,al2310,al2310,18035.0,1.0,90175.0,1.0,1,18025.0,18040.0,6,18145.0,18100.0,18100.0,18015.0,151.0,13623125.0,15019
2023-05-10 21:08:09,al2310,al2310,18035.0,0.0,0.0,0.0,1,18025.0,18040.0,11,18145.0,18100.0,18100.0,18015.0,151.0,13623125.0,15019
2023-05-10 21:08:10,al2310,al2310,18035.0,0.0,0.0,0.0,1,18025.0,18035.0,1,18145.0,18100.0,18100.0,18015.0,151.0,13623125.0,15019
2023-05-10 21:08:10,al2310,al2310,18035.0,0.0,0.0,0.0,1,18030.0,18040.0,12,18145.0,18100.0,18100.0,18015.0,151.0,13623125.0,15019
2023-05-10 21:08:11,al2310,al2310,18035.0,0.0,0.0,0.0,1,18030.0,18040.0,11,18145.0,18100.0,18100.0,18015.0,151.0,13623125.0,15019
2023-05-10 21:08:11,al2310,al2310,18035.0,0.0,0.0,0.0,1,18030.0,18035.0,1,18145.0,18100.0,18100.0,18015.0,151.0,13623125.0,15019
2023-05-10 21:08:12,al2310,al2310,18035.0,0.0,0.0,0.0,1,18030.0,18040.0,13,18145.0,18100.0,18100.0,18015.0,151.0,13623125.0,15019
2023-05-10 21:08:15,al2310,al2310,18035.0,0.0,0.0,0.0,1,18030.0,18040.0,14,18145.0,18100.0,18100.0,18015.0,151.0,13623125.0,15019
2023-05-10 21:08:15,al2310,al2310,18035.0,0.0,0.0,0.0,1,18030.0,18040.0,15,18145.0,18100.0,18100.0,18015.0,151.0,13623125.0,15019
2023-05-10 21:08:16,al2310,al2310,18035.0,0.0,0.0,0.0,2,18020.0,18040.0,15,18145.0,18100.0,18100.0,18015.0,151.0,13623125.0,15019
2023-05-10 21:08:16,al2310,al2310,18035.0,0.0,0.0,0.0,1,18025.0,18040.0,15,18145.0,18100.0,18100.0,18015.0,151.0,13623125.0,15019
2023-05-10 21:08:18,al2310,al2310,18035.0,0.0,0.0,0.0,2,18025.0,18040.0,15,18145.0,18100.0,18100.0,18015.0,151.0,13623125.0,15019
2023-05-10 21:08:20,al2310,al2310,18035.0,0.0,0.0,0.0,2,18025.0,18040.0,10,18145.0,18100.0,18100.0,18015.0,151.0,13623125.0,15019
2023-05-10 21:08:21,al2310,al2310,18035.0,0.0,0.0,0.0,2,18025.0,18040.0,9,18145.0,18100.0,18100.0,18015.0,151.0,13623125.0,15019
2023-05-10 21:08:22,al2310,al2310,18035.0,0.0,0.0,0.0,2,18025.0,18040.0,7,18145.0,18100.0,18100.0,18015.0,151.0,13623125.0,15019
2023-05-10 21:08:23,al2310,al2310,18035.0,0.0,0.0,0.0,2,18025.0,18040.0,7,18145.0,18100.0,18100.0,18015.0,151.0,13623125.0,15019
2023-05-10 21:08:23,al2310,al2310,18035.0,0.0,0.0,0.0,2,18025.0,18040.0,1,18145.0,18100.0,18100.0,18015.0,151.0,13623125.0,15019
2023-05-10 21:08:24,al2310,al2310,18035.0,0.0,0.0,0.0,2,18025.0,18040.0,1,18145.0,18100.0,18100.0,18015.0,151.0,13623125.0,15019
2023-05-10 21:08:25,al2310,al2310,18035.0,0.0,0.0,0.0,4,18025.0,18040.0,1,18145.0,18100.0,18100.0,18015.0,151.0,13623125.0,15019
2023-05-10 21:08:26,al2310,al2310,18035.0,0.0,0.0,0.0,2,18025.0,18040.0,1,18145.0,18100.0,18100.0,18015.0,151.0,13623125.0,15019
2023-05-10 21:08:29,al2310,al2310,18035.0,0.0,0.0,0.0,1,18030.0,18040.0,1,18145.0,18100.0,18100.0,18015.0,151.0,13623125.0,15019
2023-05-10 21:08:30,al2310,al2310,18035.0,0.0,0.0,0.0,2,18025.0,18040.0,1,18145.0,18100.0,18100.0,18015.0,151.0,13623125.0,15019
2023-05-10 21:08:30,al2310,al2310,18035.0,0.0,0.0,0.0,1,18025.0,18040.0,1,18145.0,18100.0,18100.0,18015.0,151.0,13623125.0,15019
2023-05-10 21:08:31,al2310,al2310,18035.0,0.0,0.0,0.0,1,18025.0,18040.0,7,18145.0,18100.0,18100.0,18015.0,151.0,13623125.0,15019
2023-05-10 21:08:31,al2310,al2310,18035.0,0.0,0.0,0.0,1,18030.0,18040.0,7,18145.0,18100.0,18100.0,18015.0,151.0,13623125.0,15019
2023-05-10 21:08:35,al2310,al2310,18035.0,0.0,0.0,0.0,1,18030.0,18040.0,3,18145.0,18100.0,18100.0,18015.0,151.0,13623125.0,15019
2023-05-10 21:08:35,al2310,al2310,18035.0,0.0,0.0,0.0,1,18030.0,18040.0,9,18145.0,18100.0,18100.0,18015.0,151.0,13623125.0,15019
2023-05-10 21:08:36,al2310,al2310,18035.0,0.0,0.0,0.0,1,18030.0,18040.0,10,18145.0,18100.0,18100.0,18015.0,151.0,13623125.0,15019
2023-05-10 21:08:37,al2310,al2310,18035.0,0.0,0.0,0.0,1,18030.0,18035.0,6,18145.0,18100.0,18100.0,18015.0,151.0,13623125.0,15019
2023-05-10 21:08:37,al2310,al2310,18035.0,0.0,0.0,0.0,1,18030.0,18035.0,6,18145.0,18100.0,18100.0,18015.0,151.0,13623125.0,15019
2023-05-10 21:08:38,al2310,al2310,18035.0,0.0,0.0,0.0,1,18030.0,18035.0,6,18145.0,18100.0,18100.0,18015.0,151.0,13623125.0,15019
2023-05-10 21:08:39,al2310,al2310,18035.0,6.0,541050.0,1.0,4,18035.0,18040.0,8,18145.0,18100.0,18100.0,18015.0,157.0,14164175.0,15020
2023-05-10 21:08:39,al2310,al2310,18035.0,4.0,360700.0,3.0,1,18025.0,18035.0,1,18145.0,18100.0,18100.0,18015.0,161.0,14524875.0,15023
2023-05-10 21:08:40,al2310,al2310,18035.0,0.0,0.0,0.0,1,18030.0,18040.0,9,18145.0,18100.0,18100.0,18015.0,161.0,14524875.0,15023
2023-05-10 21:08:40,al2310,al2310,18035.0,0.0,0.0,0.0,2,18025.0,18040.0,9,18145.0,18100.0,18100.0,18015.0,161.0,14524875.0,15023
2023-05-10 21:08:41,al2310,al2310,18035.0,0.0,0.0,0.0,1,18025.0,18040.0,9,18145.0,18100.0,18100.0,18015.0,161.0,14524875.0,15023
2023-05-10 21:08:41,al2310,al2310,18035.0,0.0,0.0,0.0,1,18030.0,18040.0,9,18145.0,18100.0,18100.0,18015.0,161.0,14524875.0,15023
2023-05-10 21:08:42,al2310,al2310,18035.0,0.0,0.0,0.0,1,18030.0,18040.0,14,18145.0,18100.0,18100.0,18015.0,161.0,14524875.0,15023
2023-05-10 21:08:42,al2310,al2310,18035.0,0.0,0.0,0.0,1,18030.0,18040.0,14,18145.0,18100.0,18100.0,18015.0,161.0,14524875.0,15023
2023-05-10 21:08:43,al2310,al2310,18035.0,0.0,0.0,0.0,1,18030.0,18040.0,14,18145.0,18100.0,18100.0,18015.0,161.0,14524875.0,15023
2023-05-10 21:08:43,al2310,al2310,18035.0,0.0,0.0,0.0,1,18025.0,18040.0,14,18145.0,18100.0,18100.0,18015.0,161.0,14524875.0,15023
2023-05-10 21:08:50,al2310,al2310,18035.0,0.0,0.0,0.0,2,18025.0,18040.0,13,18145.0,18100.0,18100.0,18015.0,161.0,14524875.0,15023
2023-05-10 21:08:52,al2310,al2310,18035.0,0.0,0.0,0.0,2,18025.0,18040.0,14,18145.0,18100.0,18100.0,18015.0,161.0,14524875.0,15023
2023-05-10 21:08:52,al2310,al2310,18035.0,0.0,0.0,0.0,2,18025.0,18040.0,14,18145.0,18100.0,18100.0,18015.0,161.0,14524875.0,15023
2023-05-10 21:08:53,al2310,al2310,18035.0,0.0,0.0,0.0,2,18025.0,18040.0,6,18145.0,18100.0,18100.0,18015.0,161.0,14524875.0,15023
2023-05-10 21:08:53,al2310,al2310,18035.0,0.0,0.0,0.0,2,18025.0,18040.0,13,18145.0,18100.0,18100.0,18015.0,161.0,14524875.0,15023
2023-05-10 21:08:56,al2310,al2310,18035.0,0.0,0.0,0.0,2,18025.0,18040.0,14,18145.0,18100.0,18100.0,18015.0,161.0,14524875.0,15023
2023-05-10 21:08:58,al2310,al2310,18035.0,0.0,0.0,0.0,2,18025.0,18040.0,13,18145.0,18100.0,18100.0,18015.0,161.0,14524875.0,15023
2023-05-10 21:08:58,al2310,al2310,18035.0,0.0,0.0,0.0,3,18025.0,18040.0,7,18145.0,18100.0,18100.0,18015.0,161.0,14524875.0,15023
2023-05-10 21:08:59,al2310,al2310,18035.0,0.0,0.0,0.0,3,18025.0,18040.0,7,18145.0,18100.0,18100.0,18015.0,161.0,14524875.0,15023
2023-05-10 21:09:00,al2310,al2310,18035.0,0.0,0.0,0.0,10,18025.0,18040.0,7,18145.0,18100.0,18100.0,18015.0,161.0,14524875.0,15023
2023-05-10 21:09:01,al2310,al2310,18035.0,0.0,0.0,0.0,10,18025.0,18040.0,2,18145.0,18100.0,18100.0,18015.0,161.0,14524875.0,15023
2023-05-10 21:09:01,al2310,al2310,18035.0,0.0,0.0,0.0,9,18025.0,18040.0,2,18145.0,18100.0,18100.0,18015.0,161.0,14524875.0,15023
2023-05-10 21:09:02,al2310,al2310,18035.0,0.0,0.0,0.0,2,18025.0,18040.0,10,18145.0,18100.0,18100.0,18015.0,161.0,14524875.0,15023
2023-05-10 21:09:04,al2310,al2310,18035.0,0.0,0.0,0.0,3,18025.0,18040.0,8,18145.0,18100.0,18100.0,18015.0,161.0,14524875.0,15023
2023-05-10 21:09:05,al2310,al2310,18035.0,0.0,0.0,0.0,3,18025.0,18040.0,2,18145.0,18100.0,18100.0,18015.0,161.0,14524875.0,15023
2023-05-10 21:09:06,al2310,al2310,18035.0,0.0,0.0,0.0,3,18025.0,18040.0,7,18145.0,18100.0,18100.0,18015.0,161.0,14524875.0,15023
2023-05-10 21:09:07,al2310,al2310,18035.0,0.0,0.0,0.0,5,18025.0,18040.0,7,18145.0,18100.0,18100.0,18015.0,161.0,14524875.0,15023
2023-05-10 21:09:07,al2310,al2310,18035.0,0.0,0.0,0.0,5,18025.0,18040.0,8,18145.0,18100.0,18100.0,18015.0,161.0,14524875.0,15023
2023-05-10 21:09:08,al2310,al2310,18035.0,0.0,0.0,0.0,5,18025.0,18040.0,2,18145.0,18100.0,18100.0,18015.0,161.0,14524875.0,15023
2023-05-10 21:09:09,al2310,al2310,18035.0,0.0,0.0,0.0,5,18025.0,18040.0,7,18145.0,18100.0,18100.0,18015.0,161.0,14524875.0,15023
2023-05-10 21:09:10,al2310,al2310,18035.0,0.0,0.0,0.0,12,18025.0,18040.0,7,18145.0,18100.0,18100.0,18015.0,161.0,14524875.0,15023
2023-05-10 21:09:10,al2310,al2310,18035.0,0.0,0.0,0.0,10,18025.0,18040.0,7,18145.0,18100.0,18100.0,18015.0,161.0,14524875.0,15023
2023-05-10 21:09:11,al2310,al2310,18035.0,0.0,0.0,0.0,2,18025.0,18040.0,13,18145.0,18100.0,18100.0,18015.0,161.0,14524875.0,15023
2023-05-10 21:09:12,al2310,al2310,18035.0,0.0,0.0,0.0,3,18025.0,18040.0,6,18145.0,18100.0,18100.0,18015.0,161.0,14524875.0,15023
2023-05-10 21:09:13,al2310,al2310,18035.0,0.0,0.0,0.0,3,18025.0,18040.0,11,18145.0,18100.0,18100.0,18015.0,161.0,14524875.0,15023
2023-05-10 21:09:14,al2310,al2310,18035.0,0.0,0.0,0.0,4,18025.0,18040.0,12,18145.0,18100.0,18100.0,18015.0,161.0,14524875.0,15023
2023-05-10 21:09:14,al2310,al2310,18035.0,0.0,0.0,0.0,2,18025.0,18040.0,13,18145.0,18100.0,18100.0,18015.0,161.0,14524875.0,15023
2023-05-10 21:09:15,al2310,al2310,18035.0,0.0,0.0,0.0,2,18025.0,18040.0,12,18145.0,18100.0,18100.0,18015.0,161.0,14524875.0,15023
2023-05-10 21:09:15,al2310,al2310,18035.0,0.0,0.0,0.0,2,18025.0,18040.0,13,18145.0,18100.0,18100.0,18015.0,161.0,14524875.0,15023
2023-05-10 21:09:16,al2310,al2310,18035.0,0.0,0.0,0.0,3,18025.0,18040.0,12,18145.0,18100.0,18100.0,18015.0,161.0,14524875.0,15023
2023-05-10 21:09:16,al2310,al2310,18035.0,0.0,0.0,0.0,3,18025.0,18040.0,6,18145.0,18100.0,18100.0,18015.0,161.0,14524875.0,15023
2023-05-10 21:09:19,al2310,al2310,18035.0,0.0,0.0,0.0,3,18025.0,18040.0,6,18145.0,18100.0,18100.0,18015.0,161.0,14524875.0,15023
2023-05-10 21:09:19,al2310,al2310,18035.0,0.0,0.0,0.0,3,18025.0,18040.0,6,18145.0,18100.0,18100.0,18015.0,161.0,14524875.0,15023
2023-05-10 21:09:21,al2310,al2310,18035.0,0.0,0.0,0.0,2,18025.0,18040.0,6,18145.0,18100.0,18100.0,18015.0,161.0,14524875.0,15023
2023-05-10 21:09:22,al2310,al2310,18035.0,0.0,0.0,0.0,2,18025.0,18040.0,6,18145.0,18100.0,18100.0,18015.0,161.0,14524875.0,15023
2023-05-10 21:09:23,al2310,al2310,18035.0,0.0,0.0,0.0,1,18030.0,18040.0,6,18145.0,18100.0,18100.0,18015.0,161.0,14524875.0,15023
2023-05-10 21:09:23,al2310,al2310,18035.0,0.0,0.0,0.0,1,18030.0,18040.0,6,18145.0,18100.0,18100.0,18015.0,161.0,14524875.0,15023
2023-05-10 21:09:25,al2310,al2310,18035.0,0.0,0.0,0.0,1,18035.0,18040.0,6,18145.0,18100.0,18100.0,18015.0,161.0,14524875.0,15023
2023-05-10 21:09:26,al2310,al2310,18035.0,0.0,0.0,0.0,1,18035.0,18040.0,6,18145.0,18100.0,18100.0,18015.0,161.0,14524875.0,15023
2023-05-10 21:09:27,al2310,al2310,18035.0,0.0,0.0,0.0,1,18035.0,18040.0,1,18145.0,18100.0,18100.0,18015.0,161.0,14524875.0,15023
2023-05-10 21:09:28,al2310,al2310,18035.0,0.0,0.0,0.0,1,18035.0,18040.0,1,18145.0,18100.0,18100.0,18015.0,161.0,14524875.0,15023
2023-05-10 21:09:28,al2310,al2310,18035.0,0.0,0.0,0.0,1,18035.0,18040.0,1,18145.0,18100.0,18100.0,18015.0,161.0,14524875.0,15023
2023-05-10 21:09:29,al2310,al2310,18035.0,0.0,0.0,0.0,1,18030.0,18040.0,1,18145.0,18100.0,18100.0,18015.0,161.0,14524875.0,15023
2023-05-10 21:09:29,al2310,al2310,18035.0,0.0,0.0,0.0,1,18040.0,18045.0,1,18145.0,18100.0,18100.0,18015.0,161.0,14524875.0,15023
2023-05-10 21:09:30,al2310,al2310,18035.0,0.0,0.0,0.0,1,18035.0,18045.0,7,18145.0,18100.0,18100.0,18015.0,161.0,14524875.0,15023
2023-05-10 21:09:31,al2310,al2310,18035.0,0.0,0.0,0.0,1,18035.0,18045.0,7,18145.0,18100.0,18100.0,18015.0,161.0,14524875.0,15023
2023-05-10 21:09:32,al2310,al2310,18035.0,0.0,0.0,0.0,1,18035.0,18040.0,1,18145.0,18100.0,18100.0,18015.0,161.0,14524875.0,15023
2023-05-10 21:09:33,al2310,al2310,18035.0,0.0,0.0,0.0,1,18035.0,18040.0,1,18145.0,18100.0,18100.0,18015.0,161.0,14524875.0,15023
2023-05-10 21:09:33,al2310,al2310,18035.0,0.0,0.0,0.0,1,18035.0,18040.0,1,18145.0,18100.0,18100.0,18015.0,161.0,14524875.0,15023
2023-05-10 21:09:35,al2310,al2310,18035.0,0.0,0.0,0.0,1,18035.0,18040.0,1,18145.0,18100.0,18100.0,18015.0,161.0,14524875.0,15023
2023-05-10 21:09:43,al2310,al2310,18035.0,1.0,90175.0,0.0,3,18030.0,18040.0,1,18145.0,18100.0,18100.0,18015.0,162.0,14615050.0,15023
2023-05-10 21:09:46,al2310,al2310,18035.0,0.0,0.0,0.0,1,18025.0,18040.0,1,18145.0,18100.0,18100.0,18015.0,162.0,14615050.0,15023
2023-05-10 21:09:46,al2310,al2310,18035.0,0.0,0.0,0.0,4,18030.0,18040.0,1,18145.0,18100.0,18100.0,18015.0,162.0,14615050.0,15023
2023-05-10 21:09:47,al2310,al2310,18035.0,0.0,0.0,0.0,4,18030.0,18040.0,1,18145.0,18100.0,18100.0,18015.0,162.0,14615050.0,15023
2023-05-10 21:09:48,al2310,al2310,18035.0,0.0,0.0,0.0,3,18030.0,18040.0,1,18145.0,18100.0,18100.0,18015.0,162.0,14615050.0,15023
2023-05-10 21:09:49,al2310,al2310,18030.0,2.0,180300.0,-2.0,3,18025.0,18040.0,1,18145.0,18100.0,18100.0,18015.0,164.0,14795350.0,15021
2023-05-10 21:09:49,al2310,al2310,18030.0,0.0,0.0,0.0,4,18025.0,18040.0,1,18145.0,18100.0,18100.0,18015.0,164.0,14795350.0,15021
2023-05-10 21:09:52,al2310,al2310,18030.0,0.0,0.0,0.0,4,18025.0,18040.0,1,18145.0,18100.0,18100.0,18015.0,164.0,14795350.0,15021
2023-05-10 21:09:52,al2310,al2310,18030.0,0.0,0.0,0.0,3,18025.0,18040.0,6,18145.0,18100.0,18100.0,18015.0,164.0,14795350.0,15021
2023-05-10 21:09:56,al2310,al2310,18040.0,1.0,90200.0,1.0,3,18025.0,18040.0,5,18145.0,18100.0,18100.0,18015.0,165.0,14885550.0,15022
2023-05-10 21:09:57,al2310,al2310,18040.0,0.0,0.0,0.0,1,18030.0,18040.0,5,18145.0,18100.0,18100.0,18015.0,165.0,14885550.0,15022
2023-05-10 21:09:57,al2310,al2310,18040.0,1.0,90200.0,1.0,1,18030.0,18040.0,4,18145.0,18100.0,18100.0,18015.0,166.0,14975750.0,15023
2023-05-10 21:09:58,al2310,al2310,18040.0,1.0,90200.0,1.0,1,18030.0,18040.0,3,18145.0,18100.0,18100.0,18015.0,167.0,15065950.0,15024
2023-05-10 21:10:00,al2310,al2310,18040.0,0.0,0.0,0.0,1,18030.0,18040.0,4,18145.0,18100.0,18100.0,18015.0,167.0,15065950.0,15024
2023-05-10 21:10:01,al2310,al2310,18040.0,0.0,0.0,0.0,1,18030.0,18035.0,1,18145.0,18100.0,18100.0,18015.0,167.0,15065950.0,15024
2023-05-10 21:10:01,al2310,al2310,18040.0,0.0,0.0,0.0,1,18030.0,18035.0,1,18145.0,18100.0,18100.0,18015.0,167.0,15065950.0,15024
2023-05-10 21:10:04,al2310,al2310,18040.0,0.0,0.0,0.0,3,18030.0,18035.0,1,18145.0,18100.0,18100.0,18015.0,167.0,15065950.0,15024
2023-05-10 21:10:05,al2310,al2310,18040.0,0.0,0.0,0.0,3,18030.0,18040.0,5,18145.0,18100.0,18100.0,18015.0,167.0,15065950.0,15024
2023-05-10 21:10:07,al2310,al2310,18040.0,0.0,0.0,0.0,3,18030.0,18040.0,4,18145.0,18100.0,18100.0,18015.0,167.0,15065950.0,15024
2023-05-10 21:10:08,al2310,al2310,18040.0,0.0,0.0,0.0,3,18030.0,18040.0,4,18145.0,18100.0,18100.0,18015.0,167.0,15065950.0,15024
2023-05-10 21:10:09,al2310,al2310,18040.0,0.0,0.0,0.0,4,18030.0,18040.0,4,18145.0,18100.0,18100.0,18015.0,167.0,15065950.0,15024
2023-05-10 21:10:09,al2310,al2310,18040.0,0.0,0.0,0.0,2,18030.0,18040.0,1,18145.0,18100.0,18100.0,18015.0,167.0,15065950.0,15024
2023-05-10 21:10:10,al2310,al2310,18040.0,0.0,0.0,0.0,2,18030.0,18050.0,2,18145.0,18100.0,18100.0,18015.0,167.0,15065950.0,15024
2023-05-10 21:10:10,al2310,al2310,18040.0,0.0,0.0,0.0,9,18030.0,18045.0,3,18145.0,18100.0,18100.0,18015.0,167.0,15065950.0,15024
2023-05-10 21:10:11,al2310,al2310,18040.0,0.0,0.0,0.0,5,18030.0,18045.0,1,18145.0,18100.0,18100.0,18015.0,167.0,15065950.0,15024
2023-05-10 21:10:11,al2310,al2310,18040.0,0.0,0.0,0.0,3,18035.0,18045.0,1,18145.0,18100.0,18100.0,18015.0,167.0,15065950.0,15024
2023-05-10 21:10:12,al2310,al2310,18040.0,0.0,0.0,0.0,1,18040.0,18045.0,1,18145.0,18100.0,18100.0,18015.0,167.0,15065950.0,15024
2023-05-10 21:10:13,al2310,al2310,18040.0,1.0,90200.0,-1.0,4,18035.0,18045.0,1,18145.0,18100.0,18100.0,18015.0,168.0,15156150.0,15023
2023-05-10 21:10:14,al2310,al2310,18040.0,0.0,0.0,0.0,2,18040.0,18045.0,1,18145.0,18100.0,18100.0,18015.0,168.0,15156150.0,15023
2023-05-10 21:10:15,al2310,al2310,18040.0,2.0,180400.0,0.0,4,18035.0,18045.0,1,18145.0,18100.0,18100.0,18015.0,170.0,15336550.0,15023
2023-05-10 21:10:17,al2310,al2310,18040.0,0.0,0.0,0.0,1,18040.0,18045.0,1,18145.0,18100.0,18100.0,18015.0,170.0,15336550.0,15023
2023-05-10 21:10:18,al2310,al2310,18045.0,1.0,90225.0,-1.0,1,18045.0,18055.0,4,18145.0,18100.0,18100.0,18015.0,171.0,15426775.0,15022
2023-05-10 21:10:18,al2310,al2310,18045.0,0.0,0.0,0.0,1,18045.0,18055.0,10,18145.0,18100.0,18100.0,18015.0,171.0,15426775.0,15022
2023-05-10 21:10:19,al2310,al2310,18045.0,0.0,0.0,0.0,1,18045.0,18050.0,1,18145.0,18100.0,18100.0,18015.0,171.0,15426775.0,15022
2023-05-10 21:10:19,al2310,al2310,18045.0,0.0,0.0,0.0,1,18045.0,18055.0,11,18145.0,18100.0,18100.0,18015.0,171.0,15426775.0,15022
2023-05-10 21:10:20,al2310,al2310,18045.0,0.0,0.0,0.0,1,18045.0,18055.0,5,18145.0,18100.0,18100.0,18015.0,171.0,15426775.0,15022
2023-05-10 21:10:22,al2310,al2310,18045.0,0.0,0.0,0.0,1,18045.0,18055.0,5,18145.0,18100.0,18100.0,18015.0,171.0,15426775.0,15022
2023-05-10 21:10:23,al2310,al2310,18045.0,0.0,0.0,0.0,1,18045.0,18055.0,5,18145.0,18100.0,18100.0,18015.0,171.0,15426775.0,15022
2023-05-10 21:10:23,al2310,al2310,18045.0,0.0,0.0,0.0,1,18045.0,18055.0,5,18145.0,18100.0,18100.0,18015.0,171.0,15426775.0,15022
2023-05-10 21:10:26,al2310,al2310,18045.0,0.0,0.0,0.0,1,18045.0,18055.0,1,18145.0,18100.0,18100.0,18015.0,171.0,15426775.0,15022
2023-05-10 21:10:27,al2310,al2310,18045.0,0.0,0.0,0.0,4,18045.0,18055.0,1,18145.0,18100.0,18100.0,18015.0,171.0,15426775.0,15022
2023-05-10 21:10:27,al2310,al2310,18045.0,0.0,0.0,0.0,4,18045.0,18055.0,1,18145.0,18100.0,18100.0,18015.0,171.0,15426775.0,15022
2023-05-10 21:10:28,al2310,al2310,18045.0,0.0,0.0,0.0,4,18045.0,18055.0,1,18145.0,18100.0,18100.0,18015.0,171.0,15426775.0,15022
2023-05-10 21:10:28,al2310,al2310,18045.0,0.0,0.0,0.0,4,18045.0,18055.0,1,18145.0,18100.0,18100.0,18015.0,171.0,15426775.0,15022
2023-05-10 21:10:29,al2310,al2310,18045.0,0.0,0.0,0.0,4,18045.0,18055.0,1,18145.0,18100.0,18100.0,18015.0,171.0,15426775.0,15022
2023-05-10 21:10:30,al2310,al2310,18045.0,0.0,0.0,0.0,4,18045.0,18060.0,1,18145.0,18100.0,18100.0,18015.0,171.0,15426775.0,15022
2023-05-10 21:10:31,al2310,al2310,18045.0,0.0,0.0,0.0,4,18045.0,18060.0,7,18145.0,18100.0,18100.0,18015.0,171.0,15426775.0,15022
2023-05-10 21:10:31,al2310,al2310,18045.0,0.0,0.0,0.0,1,18050.0,18060.0,1,18145.0,18100.0,18100.0,18015.0,171.0,15426775.0,15022
2023-05-10 21:10:32,al2310,al2310,18045.0,0.0,0.0,0.0,1,18050.0,18060.0,1,18145.0,18100.0,18100.0,18015.0,171.0,15426775.0,15022
2023-05-10 21:10:32,al2310,al2310,18045.0,0.0,0.0,0.0,1,18055.0,18060.0,1,18145.0,18100.0,18100.0,18015.0,171.0,15426775.0,15022
2023-05-10 21:10:33,al2310,al2310,18045.0,0.0,0.0,0.0,1,18055.0,18060.0,1,18145.0,18100.0,18100.0,18015.0,171.0,15426775.0,15022
2023-05-10 21:10:33,al2310,al2310,18045.0,0.0,0.0,0.0,1,18055.0,18060.0,1,18145.0,18100.0,18100.0,18015.0,171.0,15426775.0,15022
2023-05-10 21:10:34,al2310,al2310,18045.0,0.0,0.0,0.0,1,18055.0,18065.0,1,18145.0,18100.0,18100.0,18015.0,171.0,15426775.0,15022
2023-05-10 21:10:34,al2310,al2310,18045.0,0.0,0.0,0.0,1,18055.0,18065.0,6,18145.0,18100.0,18100.0,18015.0,171.0,15426775.0,15022
2023-05-10 21:10:35,al2310,al2310,18045.0,0.0,0.0,0.0,1,18055.0,18060.0,1,18145.0,18100.0,18100.0,18015.0,171.0,15426775.0,15022
2023-05-10 21:10:35,al2310,al2310,18045.0,0.0,0.0,0.0,1,18055.0,18065.0,7,18145.0,18100.0,18100.0,18015.0,171.0,15426775.0,15022
2023-05-10 21:10:36,al2310,al2310,18045.0,0.0,0.0,0.0,1,18055.0,18065.0,7,18145.0,18100.0,18100.0,18015.0,171.0,15426775.0,15022
2023-05-10 21:10:39,al2310,al2310,18045.0,0.0,0.0,0.0,1,18055.0,18065.0,7,18145.0,18100.0,18100.0,18015.0,171.0,15426775.0,15022
2023-05-10 21:10:40,al2310,al2310,18045.0,0.0,0.0,0.0,1,18055.0,18065.0,8,18145.0,18100.0,18100.0,18015.0,171.0,15426775.0,15022
2023-05-10 21:10:43,al2310,al2310,18045.0,0.0,0.0,0.0,1,18055.0,18065.0,8,18145.0,18100.0,18100.0,18015.0,171.0,15426775.0,15022
2023-05-10 21:10:43,al2310,al2310,18045.0,0.0,0.0,0.0,1,18055.0,18065.0,8,18145.0,18100.0,18100.0,18015.0,171.0,15426775.0,15022
2023-05-10 21:10:44,al2310,al2310,18045.0,0.0,0.0,0.0,2,18050.0,18065.0,8,18145.0,18100.0,18100.0,18015.0,171.0,15426775.0,15022
2023-05-10 21:10:44,al2310,al2310,18045.0,0.0,0.0,0.0,1,18050.0,18065.0,9,18145.0,18100.0,18100.0,18015.0,171.0,15426775.0,15022
2023-05-10 21:10:45,al2310,al2310,18045.0,0.0,0.0,0.0,1,18050.0,18055.0,5,18145.0,18100.0,18100.0,18015.0,171.0,15426775.0,15022
2023-05-10 21:10:45,al2310,al2310,18055.0,1.0,90275.0,1.0,1,18050.0,18055.0,4,18145.0,18100.0,18100.0,18015.0,172.0,15517050.0,15023
2023-05-10 21:10:46,al2310,al2310,18055.0,4.0,361100.0,0.0,2,18050.0,18065.0,7,18145.0,18100.0,18100.0,18015.0,176.0,15878150.0,15023
2023-05-10 21:10:46,al2310,al2310,18055.0,0.0,0.0,0.0,2,18050.0,18060.0,1,18145.0,18100.0,18100.0,18015.0,176.0,15878150.0,15023
2023-05-10 21:10:47,al2310,al2310,18055.0,0.0,0.0,0.0,1,18050.0,18065.0,9,18145.0,18100.0,18100.0,18015.0,176.0,15878150.0,15023
2023-05-10 21:10:48,al2310,al2310,18055.0,0.0,0.0,0.0,1,18050.0,18060.0,4,18145.0,18100.0,18100.0,18015.0,176.0,15878150.0,15023
2023-05-10 21:10:48,al2310,al2310,18055.0,0.0,0.0,0.0,1,18050.0,18055.0,1,18145.0,18100.0,18100.0,18015.0,176.0,15878150.0,15023
2023-05-10 21:10:49,al2310,al2310,18055.0,0.0,0.0,0.0,1,18050.0,18060.0,7,18145.0,18100.0,18100.0,18015.0,176.0,15878150.0,15023
2023-05-10 21:10:51,al2310,al2310,18055.0,0.0,0.0,0.0,1,18050.0,18055.0,1,18145.0,18100.0,18100.0,18015.0,176.0,15878150.0,15023
2023-05-10 21:10:52,al2310,al2310,18055.0,0.0,0.0,0.0,4,18045.0,18055.0,6,18145.0,18100.0,18100.0,18015.0,176.0,15878150.0,15023
2023-05-10 21:10:53,al2310,al2310,18055.0,0.0,0.0,0.0,4,18045.0,18055.0,1,18145.0,18100.0,18100.0,18015.0,176.0,15878150.0,15023
2023-05-10 21:10:53,al2310,al2310,18055.0,0.0,0.0,0.0,4,18045.0,18055.0,1,18145.0,18100.0,18100.0,18015.0,176.0,15878150.0,15023
2023-05-10 21:10:54,al2310,al2310,18055.0,0.0,0.0,0.0,1,18050.0,18055.0,1,18145.0,18100.0,18100.0,18015.0,176.0,15878150.0,15023
2023-05-10 21:10:55,al2310,al2310,18055.0,1.0,90275.0,0.0,1,18050.0,18065.0,1,18145.0,18100.0,18100.0,18015.0,177.0,15968425.0,15023
2023-05-10 21:10:55,al2310,al2310,18050.0,1.0,90250.0,0.0,7,18045.0,18060.0,1,18145.0,18100.0,18100.0,18015.0,178.0,16058675.0,15023
2023-05-10 21:10:56,al2310,al2310,18050.0,0.0,0.0,0.0,2,18050.0,18060.0,1,18145.0,18100.0,18100.0,18015.0,178.0,16058675.0,15023
2023-05-10 21:10:57,al2310,al2310,18060.0,1.0,90300.0,-1.0,2,18050.0,18065.0,7,18145.0,18100.0,18100.0,18015.0,179.0,16148975.0,15022
2023-05-10 21:10:58,al2310,al2310,18060.0,0.0,0.0,0.0,1,18055.0,18065.0,7,18145.0,18100.0,18100.0,18015.0,179.0,16148975.0,15022
2023-05-10 21:10:59,al2310,al2310,18060.0,0.0,0.0,0.0,1,18055.0,18060.0,1,18145.0,18100.0,18100.0,18015.0,179.0,16148975.0,15022
2023-05-10 21:10:59,al2310,al2310,18060.0,0.0,0.0,0.0,1,18055.0,18065.0,13,18145.0,18100.0,18100.0,18015.0,179.0,16148975.0,15022
2023-05-10 21:11:00,al2310,al2310,18060.0,0.0,0.0,0.0,2,18050.0,18065.0,13,18145.0,18100.0,18100.0,18015.0,179.0,16148975.0,15022
2023-05-10 21:11:00,al2310,al2310,18060.0,0.0,0.0,0.0,1,18055.0,18065.0,13,18145.0,18100.0,18100.0,18015.0,179.0,16148975.0,15022
2023-05-10 21:11:01,al2310,al2310,18060.0,0.0,0.0,0.0,3,18050.0,18065.0,13,18145.0,18100.0,18100.0,18015.0,179.0,16148975.0,15022
2023-05-10 21:11:08,al2310,al2310,18060.0,0.0,0.0,0.0,3,18050.0,18065.0,13,18145.0,18100.0,18100.0,18015.0,179.0,16148975.0,15022
2023-05-10 21:11:09,al2310,al2310,18060.0,0.0,0.0,0.0,3,18050.0,18065.0,13,18145.0,18100.0,18100.0,18015.0,179.0,16148975.0,15022
2023-05-10 21:11:13,al2310,al2310,18060.0,0.0,0.0,0.0,3,18050.0,18065.0,18,18145.0,18100.0,18100.0,18015.0,179.0,16148975.0,15022
2023-05-10 21:11:14,al2310,al2310,18060.0,0.0,0.0,0.0,3,18050.0,18060.0,5,18145.0,18100.0,18100.0,18015.0,179.0,16148975.0,15022
2023-05-10 21:11:15,al2310,al2310,18060.0,0.0,0.0,0.0,3,18050.0,18060.0,10,18145.0,18100.0,18100.0,18015.0,179.0,16148975.0,15022
2023-05-10 21:11:15,al2310,al2310,18060.0,0.0,0.0,0.0,3,18050.0,18060.0,15,18145.0,18100.0,18100.0,18015.0,179.0,16148975.0,15022
2023-05-10 21:11:16,al2310,al2310,18060.0,0.0,0.0,0.0,3,18050.0,18060.0,15,18145.0,18100.0,18100.0,18015.0,179.0,16148975.0,15022
2023-05-10 21:11:17,al2310,al2310,18060.0,0.0,0.0,0.0,3,18050.0,18055.0,5,18145.0,18100.0,18100.0,18015.0,179.0,16148975.0,15022
