time,symbol_id,symbol_name,last,trade_volume,trade_amount,open_interest_change,bv1,bp1,ap1,av1,yesterday_close,today_open,today_high,today_low,volume,amount,open_interest
2023-05-10 20:59:00,al2404,al2404,18035.0,0.0,0.0,0.0,1,17900.0,18150.0,5,18035.0,17965.0,0.0,0.0,0.0,0.0,455
2023-05-10 21:00:01,al2404,al2404,18035.0,0.0,0.0,0.0,1,17905.0,18145.0,1,18035.0,17965.0,0.0,0.0,0.0,0.0,455
2023-05-10 21:00:01,al2404,al2404,18035.0,0.0,0.0,0.0,1,17905.0,18145.0,1,18035.0,17965.0,0.0,0.0,0.0,0.0,455
2023-05-10 21:00:02,al2404,al2404,18035.0,0.0,0.0,0.0,2,17910.0,18140.0,2,18035.0,17965.0,0.0,0.0,0.0,0.0,455
2023-05-10 21:00:03,al2404,al2404,18035.0,0.0,0.0,0.0,2,17910.0,18140.0,2,18035.0,17965.0,0.0,0.0,0.0,0.0,455
2023-05-10 21:00:03,al2404,al2404,18035.0,0.0,0.0,0.0,1,17915.0,18135.0,1,18035.0,17965.0,0.0,0.0,0.0,0.0,455
2023-05-10 21:00:04,al2404,al2404,18035.0,0.0,0.0,0.0,3,17915.0,18135.0,1,18035.0,17965.0,0.0,0.0,0.0,0.0,455
2023-05-10 21:00:05,al2404,al2404,18035.0,0.0,0.0,0.0,3,17915.0,18135.0,1,18035.0,17965.0,0.0,0.0,0.0,0.0,455
2023-05-10 21:00:06,al2404,al2404,18035.0,0.0,0.0,0.0,2,17920.0,18130.0,2,18035.0,17965.0,0.0,0.0,0.0,0.0,455
2023-05-10 21:00:06,al2404,al2404,18035.0,0.0,0.0,0.0,2,17925.0,18125.0,1,18035.0,17965.0,0.0,0.0,0.0,0.0,455
2023-05-10 21:00:08,al2404,al2404,18035.0,0.0,0.0,0.0,2,17925.0,18120.0,1,18035.0,17965.0,0.0,0.0,0.0,0.0,455
2023-05-10 21:00:08,al2404,al2404,18035.0,0.0,0.0,0.0,2,17930.0,18115.0,1,18035.0,17965.0,0.0,0.0,0.0,0.0,455
2023-05-10 21:00:09,al2404,al2404,18035.0,0.0,0.0,0.0,2,17935.0,18115.0,1,18035.0,17965.0,0.0,0.0,0.0,0.0,455
2023-05-10 21:00:11,al2404,al2404,18035.0,0.0,0.0,0.0,2,17935.0,18115.0,1,18035.0,17965.0,0.0,0.0,0.0,0.0,455
2023-05-10 21:00:11,al2404,al2404,18035.0,0.0,0.0,0.0,2,17940.0,18115.0,1,18035.0,17965.0,0.0,0.0,0.0,0.0,455
2023-05-10 21:00:12,al2404,al2404,18035.0,0.0,0.0,0.0,1,17945.0,18115.0,1,18035.0,17965.0,0.0,0.0,0.0,0.0,455
2023-05-10 21:00:12,al2404,al2404,18035.0,0.0,0.0,0.0,1,17945.0,18115.0,2,18035.0,17965.0,0.0,0.0,0.0,0.0,455
2023-05-10 21:00:14,al2404,al2404,18035.0,0.0,0.0,0.0,1,17945.0,18115.0,2,18035.0,17965.0,0.0,0.0,0.0,0.0,455
2023-05-10 21:00:14,al2404,al2404,18035.0,0.0,0.0,0.0,2,17950.0,18110.0,1,18035.0,17965.0,0.0,0.0,0.0,0.0,455
2023-05-10 21:00:15,al2404,al2404,18035.0,0.0,0.0,0.0,1,17955.0,18105.0,1,18035.0,17965.0,0.0,0.0,0.0,0.0,455
2023-05-10 21:00:16,al2404,al2404,18035.0,0.0,0.0,0.0,1,17960.0,18100.0,1,18035.0,17965.0,0.0,0.0,0.0,0.0,455
2023-05-10 21:00:16,al2404,al2404,18035.0,0.0,0.0,0.0,1,17965.0,18095.0,1,18035.0,17965.0,0.0,0.0,0.0,0.0,455
2023-05-10 21:00:17,al2404,al2404,18035.0,0.0,0.0,0.0,1,17965.0,18095.0,1,18035.0,17965.0,0.0,0.0,0.0,0.0,455
2023-05-10 21:00:17,al2404,al2404,18035.0,0.0,0.0,0.0,2,17970.0,18095.0,1,18035.0,17965.0,0.0,0.0,0.0,0.0,455
2023-05-10 21:00:18,al2404,al2404,18035.0,0.0,0.0,0.0,1,17975.0,18095.0,1,18035.0,17965.0,0.0,0.0,0.0,0.0,455
2023-05-10 21:00:18,al2404,al2404,18035.0,0.0,0.0,0.0,1,17975.0,18095.0,1,18035.0,17965.0,0.0,0.0,0.0,0.0,455
2023-05-10 21:00:19,al2404,al2404,18035.0,0.0,0.0,0.0,1,17975.0,18090.0,1,18035.0,17965.0,0.0,0.0,0.0,0.0,455
2023-05-10 21:00:19,al2404,al2404,18035.0,0.0,0.0,0.0,1,17980.0,18085.0,1,18035.0,17965.0,0.0,0.0,0.0,0.0,455
2023-05-10 21:00:20,al2404,al2404,18035.0,0.0,0.0,0.0,1,17980.0,18085.0,1,18035.0,17965.0,0.0,0.0,0.0,0.0,455
2023-05-10 21:00:20,al2404,al2404,18035.0,0.0,0.0,0.0,2,17985.0,18085.0,1,18035.0,17965.0,0.0,0.0,0.0,0.0,455
2023-05-10 21:00:21,al2404,al2404,18035.0,0.0,0.0,0.0,2,17985.0,18085.0,1,18035.0,17965.0,0.0,0.0,0.0,0.0,455
2023-05-10 21:00:22,al2404,al2404,18035.0,0.0,0.0,0.0,2,17985.0,18080.0,2,18035.0,17965.0,0.0,0.0,0.0,0.0,455
2023-05-10 21:00:22,al2404,al2404,18035.0,0.0,0.0,0.0,1,17990.0,18080.0,2,18035.0,17965.0,0.0,0.0,0.0,0.0,455
2023-05-10 21:00:23,al2404,al2404,18035.0,0.0,0.0,0.0,1,17990.0,18075.0,1,18035.0,17965.0,0.0,0.0,0.0,0.0,455
2023-05-10 21:00:23,al2404,al2404,18035.0,0.0,0.0,0.0,1,17990.0,18075.0,1,18035.0,17965.0,0.0,0.0,0.0,0.0,455
2023-05-10 21:00:24,al2404,al2404,18035.0,0.0,0.0,0.0,2,17995.0,18075.0,1,18035.0,17965.0,0.0,0.0,0.0,0.0,455
2023-05-10 21:00:24,al2404,al2404,18035.0,0.0,0.0,0.0,2,17995.0,18075.0,1,18035.0,17965.0,0.0,0.0,0.0,0.0,455
2023-05-10 21:00:25,al2404,al2404,18035.0,0.0,0.0,0.0,2,17995.0,18075.0,1,18035.0,17965.0,0.0,0.0,0.0,0.0,455
2023-05-10 21:00:25,al2404,al2404,18035.0,0.0,0.0,0.0,2,17995.0,18075.0,1,18035.0,17965.0,0.0,0.0,0.0,0.0,455
2023-05-10 21:00:26,al2404,al2404,18035.0,0.0,0.0,0.0,3,17995.0,18075.0,1,18035.0,17965.0,0.0,0.0,0.0,0.0,455
2023-05-10 21:00:27,al2404,al2404,18035.0,0.0,0.0,0.0,3,17995.0,18075.0,1,18035.0,17965.0,0.0,0.0,0.0,0.0,455
2023-05-10 21:00:28,al2404,al2404,18035.0,0.0,0.0,0.0,3,17995.0,18075.0,1,18035.0,17965.0,0.0,0.0,0.0,0.0,455
2023-05-10 21:00:30,al2404,al2404,18035.0,0.0,0.0,0.0,3,17995.0,18075.0,1,18035.0,17965.0,0.0,0.0,0.0,0.0,455
2023-05-10 21:00:31,al2404,al2404,18035.0,0.0,0.0,0.0,2,17995.0,18075.0,1,18035.0,17965.0,0.0,0.0,0.0,0.0,455
2023-05-10 21:00:32,al2404,al2404,18035.0,0.0,0.0,0.0,1,18000.0,18075.0,1,18035.0,17965.0,0.0,0.0,0.0,0.0,455
2023-05-10 21:00:32,al2404,al2404,18035.0,0.0,0.0,0.0,1,18000.0,18075.0,1,18035.0,17965.0,0.0,0.0,0.0,0.0,455
2023-05-10 21:00:33,al2404,al2404,18035.0,0.0,0.0,0.0,2,18005.0,18075.0,1,18035.0,17965.0,0.0,0.0,0.0,0.0,455
2023-05-10 21:00:33,al2404,al2404,18035.0,0.0,0.0,0.0,2,18005.0,18075.0,1,18035.0,17965.0,0.0,0.0,0.0,0.0,455
2023-05-10 21:00:34,al2404,al2404,18035.0,0.0,0.0,0.0,2,18005.0,18075.0,1,18035.0,17965.0,0.0,0.0,0.0,0.0,455
2023-05-10 21:00:35,al2404,al2404,18035.0,0.0,0.0,0.0,2,18005.0,18075.0,1,18035.0,17965.0,0.0,0.0,0.0,0.0,455
2023-05-10 21:00:36,al2404,al2404,18035.0,0.0,0.0,0.0,2,18005.0,18075.0,1,18035.0,17965.0,0.0,0.0,0.0,0.0,455
2023-05-10 21:00:37,al2404,al2404,18035.0,0.0,0.0,0.0,2,18005.0,18075.0,1,18035.0,17965.0,0.0,0.0,0.0,0.0,455
2023-05-10 21:00:37,al2404,al2404,18035.0,0.0,0.0,0.0,3,18005.0,18075.0,1,18035.0,17965.0,0.0,0.0,0.0,0.0,455
2023-05-10 21:00:40,al2404,al2404,18035.0,0.0,0.0,0.0,2,18005.0,18075.0,1,18035.0,17965.0,0.0,0.0,0.0,0.0,455
2023-05-10 21:00:41,al2404,al2404,18035.0,0.0,0.0,0.0,2,18005.0,18075.0,1,18035.0,17965.0,0.0,0.0,0.0,0.0,455
2023-05-10 21:00:41,al2404,al2404,18035.0,0.0,0.0,0.0,2,18005.0,18075.0,1,18035.0,17965.0,0.0,0.0,0.0,0.0,455
2023-05-10 21:00:42,al2404,al2404,18035.0,0.0,0.0,0.0,1,18000.0,18075.0,1,18035.0,17965.0,0.0,0.0,0.0,0.0,455
2023-05-10 21:00:43,al2404,al2404,18035.0,0.0,0.0,0.0,2,18005.0,18075.0,1,18035.0,17965.0,0.0,0.0,0.0,0.0,455
2023-05-10 21:00:45,al2404,al2404,18035.0,0.0,0.0,0.0,1,18000.0,18075.0,1,18035.0,17965.0,0.0,0.0,0.0,0.0,455
2023-05-10 21:00:46,al2404,al2404,18035.0,0.0,0.0,0.0,3,18000.0,18075.0,1,18035.0,17965.0,0.0,0.0,0.0,0.0,455
2023-05-10 21:00:47,al2404,al2404,18035.0,0.0,0.0,0.0,3,18000.0,18075.0,1,18035.0,17965.0,0.0,0.0,0.0,0.0,455
2023-05-10 21:00:47,al2404,al2404,18035.0,0.0,0.0,0.0,3,18000.0,18075.0,1,18035.0,17965.0,0.0,0.0,0.0,0.0,455
2023-05-10 21:00:48,al2404,al2404,18035.0,0.0,0.0,0.0,3,18000.0,18075.0,1,18035.0,17965.0,0.0,0.0,0.0,0.0,455
2023-05-10 21:00:48,al2404,al2404,18035.0,0.0,0.0,0.0,3,18000.0,18075.0,1,18035.0,17965.0,0.0,0.0,0.0,0.0,455
2023-05-10 21:00:49,al2404,al2404,18035.0,0.0,0.0,0.0,3,18000.0,18075.0,1,18035.0,17965.0,0.0,0.0,0.0,0.0,455
2023-05-10 21:00:51,al2404,al2404,18035.0,0.0,0.0,0.0,1,18000.0,18075.0,1,18035.0,17965.0,0.0,0.0,0.0,0.0,455
2023-05-10 21:00:51,al2404,al2404,18035.0,0.0,0.0,0.0,1,18000.0,18075.0,1,18035.0,17965.0,0.0,0.0,0.0,0.0,455
2023-05-10 21:00:53,al2404,al2404,18035.0,0.0,0.0,0.0,3,18000.0,18075.0,1,18035.0,17965.0,0.0,0.0,0.0,0.0,455
2023-05-10 21:00:54,al2404,al2404,18035.0,0.0,0.0,0.0,10,18010.0,18075.0,1,18035.0,17965.0,0.0,0.0,0.0,0.0,455
2023-05-10 21:00:55,al2404,al2404,18035.0,0.0,0.0,0.0,10,18010.0,18075.0,1,18035.0,17965.0,0.0,0.0,0.0,0.0,455
2023-05-10 21:00:55,al2404,al2404,18035.0,0.0,0.0,0.0,10,18010.0,18075.0,1,18035.0,17965.0,0.0,0.0,0.0,0.0,455
2023-05-10 21:00:56,al2404,al2404,18035.0,0.0,0.0,0.0,10,18010.0,18075.0,1,18035.0,17965.0,0.0,0.0,0.0,0.0,455
2023-05-10 21:00:57,al2404,al2404,18035.0,0.0,0.0,0.0,10,18010.0,18075.0,1,18035.0,17965.0,0.0,0.0,0.0,0.0,455
2023-05-10 21:00:58,al2404,al2404,18035.0,0.0,0.0,0.0,10,18010.0,18075.0,1,18035.0,17965.0,0.0,0.0,0.0,0.0,455
2023-05-10 21:01:01,al2404,al2404,18035.0,0.0,0.0,0.0,10,18010.0,18070.0,2,18035.0,17965.0,0.0,0.0,0.0,0.0,455
2023-05-10 21:01:01,al2404,al2404,18035.0,0.0,0.0,0.0,10,18010.0,18065.0,1,18035.0,17965.0,0.0,0.0,0.0,0.0,455
2023-05-10 21:01:02,al2404,al2404,18035.0,0.0,0.0,0.0,10,18010.0,18065.0,1,18035.0,17965.0,0.0,0.0,0.0,0.0,455
2023-05-10 21:01:03,al2404,al2404,18035.0,0.0,0.0,0.0,10,18010.0,18065.0,1,18035.0,17965.0,0.0,0.0,0.0,0.0,455
2023-05-10 21:01:03,al2404,al2404,18035.0,0.0,0.0,0.0,10,18010.0,18065.0,1,18035.0,17965.0,0.0,0.0,0.0,0.0,455
2023-05-10 21:01:12,al2404,al2404,18035.0,0.0,0.0,0.0,10,18010.0,18065.0,1,18035.0,17965.0,0.0,0.0,0.0,0.0,455
2023-05-10 21:01:13,al2404,al2404,18035.0,0.0,0.0,0.0,10,18010.0,18065.0,1,18035.0,17965.0,0.0,0.0,0.0,0.0,455
2023-05-10 21:01:13,al2404,al2404,18035.0,0.0,0.0,0.0,10,18010.0,18065.0,1,18035.0,17965.0,0.0,0.0,0.0,0.0,455
2023-05-10 21:01:14,al2404,al2404,18035.0,0.0,0.0,0.0,10,18010.0,18065.0,1,18035.0,17965.0,0.0,0.0,0.0,0.0,455
2023-05-10 21:01:15,al2404,al2404,18035.0,0.0,0.0,0.0,10,18010.0,18065.0,1,18035.0,17965.0,0.0,0.0,0.0,0.0,455
2023-05-10 21:01:21,al2404,al2404,18035.0,0.0,0.0,0.0,10,18010.0,18065.0,2,18035.0,17965.0,0.0,0.0,0.0,0.0,455
2023-05-10 21:01:23,al2404,al2404,18035.0,0.0,0.0,0.0,10,18010.0,18065.0,2,18035.0,17965.0,0.0,0.0,0.0,0.0,455
2023-05-10 21:01:24,al2404,al2404,18035.0,0.0,0.0,0.0,10,18010.0,18065.0,2,18035.0,17965.0,0.0,0.0,0.0,0.0,455
2023-05-10 21:01:24,al2404,al2404,18035.0,0.0,0.0,0.0,10,18010.0,18065.0,3,18035.0,17965.0,0.0,0.0,0.0,0.0,455
2023-05-10 21:01:25,al2404,al2404,18035.0,0.0,0.0,0.0,10,18010.0,18060.0,1,18035.0,17965.0,0.0,0.0,0.0,0.0,455
2023-05-10 21:01:25,al2404,al2404,18035.0,0.0,0.0,0.0,10,18010.0,18055.0,1,18035.0,17965.0,0.0,0.0,0.0,0.0,455
2023-05-10 21:01:26,al2404,al2404,18035.0,0.0,0.0,0.0,10,18010.0,18055.0,1,18035.0,17965.0,0.0,0.0,0.0,0.0,455
2023-05-10 21:01:27,al2404,al2404,18035.0,0.0,0.0,0.0,10,18010.0,18055.0,1,18035.0,17965.0,0.0,0.0,0.0,0.0,455
2023-05-10 21:01:27,al2404,al2404,18035.0,0.0,0.0,0.0,10,18010.0,18055.0,1,18035.0,17965.0,0.0,0.0,0.0,0.0,455
2023-05-10 21:01:28,al2404,al2404,18035.0,0.0,0.0,0.0,10,18010.0,18055.0,1,18035.0,17965.0,0.0,0.0,0.0,0.0,455
2023-05-10 21:01:28,al2404,al2404,18035.0,0.0,0.0,0.0,10,18010.0,18055.0,1,18035.0,17965.0,0.0,0.0,0.0,0.0,455
2023-05-10 21:01:29,al2404,al2404,18035.0,0.0,0.0,0.0,10,18010.0,18055.0,1,18035.0,17965.0,0.0,0.0,0.0,0.0,455
2023-05-10 21:01:31,al2404,al2404,18035.0,0.0,0.0,0.0,10,18010.0,18055.0,1,18035.0,17965.0,0.0,0.0,0.0,0.0,455
2023-05-10 21:01:32,al2404,al2404,18035.0,0.0,0.0,0.0,10,18010.0,18055.0,1,18035.0,17965.0,0.0,0.0,0.0,0.0,455
2023-05-10 21:01:38,al2404,al2404,18035.0,0.0,0.0,0.0,10,18010.0,18055.0,1,18035.0,17965.0,0.0,0.0,0.0,0.0,455
2023-05-10 21:01:39,al2404,al2404,18035.0,0.0,0.0,0.0,10,18010.0,18055.0,1,18035.0,17965.0,0.0,0.0,0.0,0.0,455
2023-05-10 21:01:40,al2404,al2404,18035.0,0.0,0.0,0.0,10,18010.0,18055.0,1,18035.0,17965.0,0.0,0.0,0.0,0.0,455
2023-05-10 21:01:40,al2404,al2404,18035.0,0.0,0.0,0.0,10,18010.0,18055.0,1,18035.0,17965.0,0.0,0.0,0.0,0.0,455
2023-05-10 21:01:42,al2404,al2404,18035.0,0.0,0.0,0.0,1,17985.0,18055.0,1,18035.0,17965.0,0.0,0.0,0.0,0.0,455
2023-05-10 21:01:43,al2404,al2404,18035.0,0.0,0.0,0.0,1,17985.0,18055.0,1,18035.0,17965.0,0.0,0.0,0.0,0.0,455
2023-05-10 21:01:44,al2404,al2404,18035.0,0.0,0.0,0.0,3,17985.0,18055.0,1,18035.0,17965.0,0.0,0.0,0.0,0.0,455
2023-05-10 21:01:44,al2404,al2404,18035.0,0.0,0.0,0.0,3,17985.0,18050.0,2,18035.0,17965.0,0.0,0.0,0.0,0.0,455
2023-05-10 21:01:45,al2404,al2404,18035.0,0.0,0.0,0.0,3,17985.0,18045.0,1,18035.0,17965.0,0.0,0.0,0.0,0.0,455
2023-05-10 21:01:46,al2404,al2404,18035.0,0.0,0.0,0.0,1,17985.0,18045.0,1,18035.0,17965.0,0.0,0.0,0.0,0.0,455
2023-05-10 21:01:47,al2404,al2404,18035.0,0.0,0.0,0.0,3,17985.0,18045.0,1,18035.0,17965.0,0.0,0.0,0.0,0.0,455
2023-05-10 21:01:49,al2404,al2404,18035.0,0.0,0.0,0.0,3,17985.0,18045.0,1,18035.0,17965.0,0.0,0.0,0.0,0.0,455
2023-05-10 21:01:49,al2404,al2404,18035.0,0.0,0.0,0.0,3,17985.0,18045.0,1,18035.0,17965.0,0.0,0.0,0.0,0.0,455
2023-05-10 21:01:50,al2404,al2404,18035.0,0.0,0.0,0.0,3,17985.0,18045.0,1,18035.0,17965.0,0.0,0.0,0.0,0.0,455
2023-05-10 21:01:50,al2404,al2404,18035.0,0.0,0.0,0.0,1,17985.0,18045.0,1,18035.0,17965.0,0.0,0.0,0.0,0.0,455
2023-05-10 21:01:52,al2404,al2404,18035.0,0.0,0.0,0.0,3,17985.0,18045.0,1,18035.0,17965.0,0.0,0.0,0.0,0.0,455
2023-05-10 21:01:55,al2404,al2404,18035.0,0.0,0.0,0.0,1,17985.0,18045.0,1,18035.0,17965.0,0.0,0.0,0.0,0.0,455
2023-05-10 21:01:58,al2404,al2404,18035.0,0.0,0.0,0.0,10,18000.0,18045.0,1,18035.0,17965.0,0.0,0.0,0.0,0.0,455
2023-05-10 21:02:00,al2404,al2404,18035.0,0.0,0.0,0.0,10,18000.0,18045.0,1,18035.0,17965.0,0.0,0.0,0.0,0.0,455
2023-05-10 21:02:03,al2404,al2404,18035.0,0.0,0.0,0.0,10,18000.0,18045.0,1,18035.0,17965.0,0.0,0.0,0.0,0.0,455
2023-05-10 21:02:04,al2404,al2404,18035.0,0.0,0.0,0.0,10,18000.0,18045.0,1,18035.0,17965.0,0.0,0.0,0.0,0.0,455
2023-05-10 21:02:04,al2404,al2404,18035.0,0.0,0.0,0.0,10,18000.0,18045.0,1,18035.0,17965.0,0.0,0.0,0.0,0.0,455
2023-05-10 21:02:06,al2404,al2404,18035.0,0.0,0.0,0.0,10,18000.0,18045.0,1,18035.0,17965.0,0.0,0.0,0.0,0.0,455
2023-05-10 21:02:14,al2404,al2404,18035.0,0.0,0.0,0.0,10,18000.0,18045.0,1,18035.0,17965.0,0.0,0.0,0.0,0.0,455
2023-05-10 21:02:14,al2404,al2404,18035.0,0.0,0.0,0.0,10,18000.0,18045.0,1,18035.0,17965.0,0.0,0.0,0.0,0.0,455
2023-05-10 21:02:18,al2404,al2404,18035.0,0.0,0.0,0.0,10,18000.0,18045.0,1,18035.0,17965.0,0.0,0.0,0.0,0.0,455
2023-05-10 21:02:18,al2404,al2404,18035.0,0.0,0.0,0.0,10,18000.0,18045.0,1,18035.0,17965.0,0.0,0.0,0.0,0.0,455
2023-05-10 21:02:19,al2404,al2404,18035.0,0.0,0.0,0.0,10,18000.0,18045.0,1,18035.0,17965.0,0.0,0.0,0.0,0.0,455
2023-05-10 21:02:19,al2404,al2404,18035.0,0.0,0.0,0.0,10,18000.0,18045.0,1,18035.0,17965.0,0.0,0.0,0.0,0.0,455
2023-05-10 21:02:24,al2404,al2404,18035.0,0.0,0.0,0.0,10,18000.0,18045.0,1,18035.0,17965.0,0.0,0.0,0.0,0.0,455
2023-05-10 21:02:27,al2404,al2404,18035.0,0.0,0.0,0.0,10,18000.0,18040.0,2,18035.0,17965.0,0.0,0.0,0.0,0.0,455
2023-05-10 21:02:28,al2404,al2404,18035.0,0.0,0.0,0.0,10,18000.0,18040.0,3,18035.0,17965.0,0.0,0.0,0.0,0.0,455
2023-05-10 21:02:28,al2404,al2404,18035.0,0.0,0.0,0.0,10,18000.0,18040.0,3,18035.0,17965.0,0.0,0.0,0.0,0.0,455
2023-05-10 21:02:30,al2404,al2404,18035.0,0.0,0.0,0.0,10,18000.0,18035.0,1,18035.0,17965.0,0.0,0.0,0.0,0.0,455
2023-05-10 21:02:31,al2404,al2404,18035.0,0.0,0.0,0.0,10,18000.0,18035.0,1,18035.0,17965.0,0.0,0.0,0.0,0.0,455
2023-05-10 21:02:31,al2404,al2404,18035.0,0.0,0.0,0.0,10,18000.0,18040.0,2,18035.0,17965.0,0.0,0.0,0.0,0.0,455
2023-05-10 21:02:32,al2404,al2404,18035.0,0.0,0.0,0.0,10,18000.0,18040.0,3,18035.0,17965.0,0.0,0.0,0.0,0.0,455
2023-05-10 21:02:37,al2404,al2404,18035.0,0.0,0.0,0.0,10,18000.0,18035.0,1,18035.0,17965.0,0.0,0.0,0.0,0.0,455
2023-05-10 21:02:38,al2404,al2404,18035.0,0.0,0.0,0.0,10,18000.0,18035.0,1,18035.0,17965.0,0.0,0.0,0.0,0.0,455
2023-05-10 21:02:39,al2404,al2404,18035.0,0.0,0.0,0.0,10,18000.0,18035.0,1,18035.0,17965.0,0.0,0.0,0.0,0.0,455
2023-05-10 21:02:41,al2404,al2404,18035.0,0.0,0.0,0.0,10,18000.0,18040.0,2,18035.0,17965.0,0.0,0.0,0.0,0.0,455
2023-05-10 21:02:41,al2404,al2404,18035.0,0.0,0.0,0.0,10,18000.0,18040.0,3,18035.0,17965.0,0.0,0.0,0.0,0.0,455
2023-05-10 21:02:43,al2404,al2404,18035.0,0.0,0.0,0.0,10,18000.0,18035.0,1,18035.0,17965.0,0.0,0.0,0.0,0.0,455
2023-05-10 21:02:45,al2404,al2404,18035.0,0.0,0.0,0.0,10,18000.0,18035.0,1,18035.0,17965.0,0.0,0.0,0.0,0.0,455
2023-05-10 21:02:46,al2404,al2404,18035.0,0.0,0.0,0.0,10,18000.0,18035.0,1,18035.0,17965.0,0.0,0.0,0.0,0.0,455
2023-05-10 21:02:49,al2404,al2404,18035.0,0.0,0.0,0.0,10,18000.0,18035.0,1,18035.0,17965.0,0.0,0.0,0.0,0.0,455
2023-05-10 21:02:49,al2404,al2404,18035.0,0.0,0.0,0.0,10,18000.0,18035.0,1,18035.0,17965.0,0.0,0.0,0.0,0.0,455
2023-05-10 21:02:55,al2404,al2404,18035.0,0.0,0.0,0.0,1,17965.0,18035.0,1,18035.0,17965.0,0.0,0.0,0.0,0.0,455
2023-05-10 21:02:55,al2404,al2404,18035.0,0.0,0.0,0.0,1,17965.0,18035.0,1,18035.0,17965.0,0.0,0.0,0.0,0.0,455
2023-05-10 21:02:59,al2404,al2404,18035.0,0.0,0.0,0.0,1,17965.0,18035.0,1,18035.0,17965.0,0.0,0.0,0.0,0.0,455
2023-05-10 21:03:00,al2404,al2404,18035.0,0.0,0.0,0.0,1,17965.0,18035.0,1,18035.0,17965.0,0.0,0.0,0.0,0.0,455
2023-05-10 21:03:01,al2404,al2404,18035.0,0.0,0.0,0.0,2,17970.0,18035.0,1,18035.0,17965.0,0.0,0.0,0.0,0.0,455
2023-05-10 21:03:01,al2404,al2404,18035.0,0.0,0.0,0.0,2,17970.0,18035.0,1,18035.0,17965.0,0.0,0.0,0.0,0.0,455
2023-05-10 21:03:02,al2404,al2404,18035.0,0.0,0.0,0.0,2,17970.0,18035.0,1,18035.0,17965.0,0.0,0.0,0.0,0.0,455
2023-05-10 21:03:03,al2404,al2404,18035.0,0.0,0.0,0.0,2,17970.0,18035.0,1,18035.0,17965.0,0.0,0.0,0.0,0.0,455
2023-05-10 21:03:03,al2404,al2404,18035.0,0.0,0.0,0.0,2,17970.0,18035.0,1,18035.0,17965.0,0.0,0.0,0.0,0.0,455
2023-05-10 21:03:05,al2404,al2404,18035.0,0.0,0.0,0.0,2,17970.0,18035.0,1,18035.0,17965.0,0.0,0.0,0.0,0.0,455
2023-05-10 21:03:06,al2404,al2404,18035.0,0.0,0.0,0.0,11,17965.0,18035.0,1,18035.0,17965.0,0.0,0.0,0.0,0.0,455
2023-05-10 21:03:06,al2404,al2404,18035.0,0.0,0.0,0.0,10,17965.0,18035.0,1,18035.0,17965.0,0.0,0.0,0.0,0.0,455
2023-05-10 21:03:07,al2404,al2404,18035.0,0.0,0.0,0.0,2,17970.0,18035.0,2,18035.0,17965.0,0.0,0.0,0.0,0.0,455
2023-05-10 21:03:07,al2404,al2404,18035.0,0.0,0.0,0.0,2,17970.0,18035.0,2,18035.0,17965.0,0.0,0.0,0.0,0.0,455
2023-05-10 21:03:09,al2404,al2404,18035.0,0.0,0.0,0.0,2,17970.0,18035.0,2,18035.0,17965.0,0.0,0.0,0.0,0.0,455
2023-05-10 21:03:09,al2404,al2404,18035.0,0.0,0.0,0.0,2,17970.0,18035.0,1,18035.0,17965.0,0.0,0.0,0.0,0.0,455
2023-05-10 21:03:13,al2404,al2404,18035.0,0.0,0.0,0.0,2,17970.0,18035.0,1,18035.0,17965.0,0.0,0.0,0.0,0.0,455
2023-05-10 21:03:13,al2404,al2404,18035.0,0.0,0.0,0.0,2,17970.0,18035.0,1,18035.0,17965.0,0.0,0.0,0.0,0.0,455
2023-05-10 21:03:20,al2404,al2404,18035.0,0.0,0.0,0.0,2,17970.0,18035.0,1,18035.0,17965.0,0.0,0.0,0.0,0.0,455
2023-05-10 21:03:25,al2404,al2404,18035.0,0.0,0.0,0.0,2,17970.0,18035.0,1,18035.0,17965.0,0.0,0.0,0.0,0.0,455
2023-05-10 21:03:26,al2404,al2404,18035.0,0.0,0.0,0.0,2,17970.0,18035.0,1,18035.0,17965.0,0.0,0.0,0.0,0.0,455
2023-05-10 21:03:29,al2404,al2404,18035.0,0.0,0.0,0.0,2,17970.0,18035.0,1,18035.0,17965.0,0.0,0.0,0.0,0.0,455
2023-05-10 21:03:30,al2404,al2404,18035.0,0.0,0.0,0.0,2,17970.0,18035.0,1,18035.0,17965.0,0.0,0.0,0.0,0.0,455
2023-05-10 21:03:33,al2404,al2404,18035.0,0.0,0.0,0.0,2,17970.0,18035.0,1,18035.0,17965.0,0.0,0.0,0.0,0.0,455
2023-05-10 21:03:34,al2404,al2404,18035.0,0.0,0.0,0.0,2,17970.0,18035.0,1,18035.0,17965.0,0.0,0.0,0.0,0.0,455
2023-05-10 21:03:45,al2404,al2404,18035.0,0.0,0.0,0.0,2,17970.0,18035.0,1,18035.0,17965.0,0.0,0.0,0.0,0.0,455
2023-05-10 21:03:45,al2404,al2404,18035.0,0.0,0.0,0.0,2,17970.0,18035.0,2,18035.0,17965.0,0.0,0.0,0.0,0.0,455
2023-05-10 21:03:46,al2404,al2404,18035.0,0.0,0.0,0.0,2,17970.0,18035.0,2,18035.0,17965.0,0.0,0.0,0.0,0.0,455
2023-05-10 21:03:47,al2404,al2404,18035.0,0.0,0.0,0.0,2,17970.0,18035.0,2,18035.0,17965.0,0.0,0.0,0.0,0.0,455
2023-05-10 21:03:48,al2404,al2404,18035.0,0.0,0.0,0.0,2,17970.0,18035.0,1,18035.0,17965.0,0.0,0.0,0.0,0.0,455
2023-05-10 21:03:48,al2404,al2404,18035.0,0.0,0.0,0.0,2,17970.0,18035.0,2,18035.0,17965.0,0.0,0.0,0.0,0.0,455
2023-05-10 21:03:51,al2404,al2404,18035.0,0.0,0.0,0.0,10,17965.0,18035.0,2,18035.0,17965.0,0.0,0.0,0.0,0.0,455
2023-05-10 21:03:52,al2404,al2404,18035.0,0.0,0.0,0.0,10,17965.0,18030.0,2,18035.0,17965.0,0.0,0.0,0.0,0.0,455
2023-05-10 21:03:52,al2404,al2404,18035.0,0.0,0.0,0.0,10,17965.0,18025.0,1,18035.0,17965.0,0.0,0.0,0.0,0.0,455
2023-05-10 21:03:54,al2404,al2404,18035.0,0.0,0.0,0.0,10,17965.0,18025.0,1,18035.0,17965.0,0.0,0.0,0.0,0.0,455
2023-05-10 21:03:54,al2404,al2404,18035.0,0.0,0.0,0.0,10,17965.0,18025.0,2,18035.0,17965.0,0.0,0.0,0.0,0.0,455
2023-05-10 21:03:55,al2404,al2404,18035.0,0.0,0.0,0.0,10,17965.0,18025.0,2,18035.0,17965.0,0.0,0.0,0.0,0.0,455
2023-05-10 21:03:56,al2404,al2404,18035.0,0.0,0.0,0.0,10,17965.0,18025.0,2,18035.0,17965.0,0.0,0.0,0.0,0.0,455
2023-05-10 21:03:57,al2404,al2404,18035.0,0.0,0.0,0.0,10,17965.0,18025.0,3,18035.0,17965.0,0.0,0.0,0.0,0.0,455
2023-05-10 21:03:59,al2404,al2404,18035.0,0.0,0.0,0.0,10,17965.0,18020.0,1,18035.0,17965.0,0.0,0.0,0.0,0.0,455
2023-05-10 21:03:59,al2404,al2404,18035.0,0.0,0.0,0.0,10,17965.0,18015.0,1,18035.0,17965.0,0.0,0.0,0.0,0.0,455
2023-05-10 21:04:00,al2404,al2404,18035.0,0.0,0.0,0.0,10,17965.0,18015.0,2,18035.0,17965.0,0.0,0.0,0.0,0.0,455
2023-05-10 21:04:00,al2404,al2404,18035.0,0.0,0.0,0.0,10,17965.0,18015.0,2,18035.0,17965.0,0.0,0.0,0.0,0.0,455
2023-05-10 21:04:01,al2404,al2404,18035.0,0.0,0.0,0.0,10,17965.0,18015.0,2,18035.0,17965.0,0.0,0.0,0.0,0.0,455
2023-05-10 21:04:02,al2404,al2404,18035.0,0.0,0.0,0.0,10,17965.0,18015.0,2,18035.0,17965.0,0.0,0.0,0.0,0.0,455
2023-05-10 21:04:03,al2404,al2404,18035.0,0.0,0.0,0.0,10,17965.0,18015.0,2,18035.0,17965.0,0.0,0.0,0.0,0.0,455
2023-05-10 21:04:03,al2404,al2404,18035.0,0.0,0.0,0.0,10,17965.0,18015.0,2,18035.0,17965.0,0.0,0.0,0.0,0.0,455
2023-05-10 21:04:06,al2404,al2404,18035.0,0.0,0.0,0.0,10,17965.0,18015.0,2,18035.0,17965.0,0.0,0.0,0.0,0.0,455
2023-05-10 21:04:07,al2404,al2404,18035.0,0.0,0.0,0.0,10,17965.0,18015.0,2,18035.0,17965.0,0.0,0.0,0.0,0.0,455
2023-05-10 21:04:07,al2404,al2404,18035.0,0.0,0.0,0.0,10,17965.0,18015.0,2,18035.0,17965.0,0.0,0.0,0.0,0.0,455
2023-05-10 21:04:12,al2404,al2404,18035.0,0.0,0.0,0.0,10,17965.0,18015.0,3,18035.0,17965.0,0.0,0.0,0.0,0.0,455
2023-05-10 21:04:13,al2404,al2404,18035.0,0.0,0.0,0.0,10,17965.0,18015.0,3,18035.0,17965.0,0.0,0.0,0.0,0.0,455
2023-05-10 21:04:15,al2404,al2404,18035.0,0.0,0.0,0.0,10,17965.0,18015.0,2,18035.0,17965.0,0.0,0.0,0.0,0.0,455
2023-05-10 21:04:15,al2404,al2404,18035.0,0.0,0.0,0.0,10,17965.0,18015.0,3,18035.0,17965.0,0.0,0.0,0.0,0.0,455
2023-05-10 21:04:16,al2404,al2404,18035.0,0.0,0.0,0.0,10,17965.0,18015.0,3,18035.0,17965.0,0.0,0.0,0.0,0.0,455
2023-05-10 21:04:17,al2404,al2404,18035.0,0.0,0.0,0.0,10,17965.0,18015.0,3,18035.0,17965.0,0.0,0.0,0.0,0.0,455
2023-05-10 21:04:18,al2404,al2404,18035.0,0.0,0.0,0.0,10,17965.0,18015.0,4,18035.0,17965.0,0.0,0.0,0.0,0.0,455
2023-05-10 21:04:18,al2404,al2404,18035.0,0.0,0.0,0.0,10,17965.0,18010.0,1,18035.0,17965.0,0.0,0.0,0.0,0.0,455
2023-05-10 21:04:19,al2404,al2404,18035.0,0.0,0.0,0.0,10,17965.0,18005.0,1,18035.0,17965.0,0.0,0.0,0.0,0.0,455
2023-05-10 21:04:19,al2404,al2404,18035.0,0.0,0.0,0.0,10,17965.0,18005.0,2,18035.0,17965.0,0.0,0.0,0.0,0.0,455
2023-05-10 21:04:20,al2404,al2404,18035.0,0.0,0.0,0.0,10,17965.0,18005.0,2,18035.0,17965.0,0.0,0.0,0.0,0.0,455
2023-05-10 21:04:20,al2404,al2404,18035.0,0.0,0.0,0.0,10,17965.0,18005.0,2,18035.0,17965.0,0.0,0.0,0.0,0.0,455
2023-05-10 21:04:21,al2404,al2404,18035.0,0.0,0.0,0.0,10,17965.0,18005.0,2,18035.0,17965.0,0.0,0.0,0.0,0.0,455
2023-05-10 21:04:23,al2404,al2404,18035.0,0.0,0.0,0.0,10,17965.0,18005.0,2,18035.0,17965.0,0.0,0.0,0.0,0.0,455
2023-05-10 21:04:24,al2404,al2404,18035.0,0.0,0.0,0.0,10,17965.0,18005.0,2,18035.0,17965.0,0.0,0.0,0.0,0.0,455
2023-05-10 21:04:28,al2404,al2404,18035.0,0.0,0.0,0.0,10,17965.0,18005.0,3,18035.0,17965.0,0.0,0.0,0.0,0.0,455
2023-05-10 21:04:30,al2404,al2404,17965.0,2.0,179650.0,2.0,8,17965.0,18005.0,3,18035.0,17965.0,17965.0,17965.0,2.0,179650.0,457
2023-05-10 21:04:31,al2404,al2404,17965.0,0.0,0.0,0.0,1,17985.0,18005.0,4,18035.0,17965.0,17965.0,17965.0,2.0,179650.0,457
2023-05-10 21:04:31,al2404,al2404,17965.0,0.0,0.0,0.0,1,17985.0,18005.0,4,18035.0,17965.0,17965.0,17965.0,2.0,179650.0,457
2023-05-10 21:04:35,al2404,al2404,17965.0,0.0,0.0,0.0,1,17985.0,18005.0,4,18035.0,17965.0,17965.0,17965.0,2.0,179650.0,457
2023-05-10 21:04:36,al2404,al2404,17965.0,0.0,0.0,0.0,1,17985.0,18005.0,4,18035.0,17965.0,17965.0,17965.0,2.0,179650.0,457
2023-05-10 21:04:38,al2404,al2404,17985.0,1.0,89925.0,1.0,1,17925.0,18005.0,4,18035.0,17965.0,17985.0,17965.0,3.0,269575.0,458
2023-05-10 21:04:39,al2404,al2404,17985.0,0.0,0.0,0.0,2,17930.0,18005.0,4,18035.0,17965.0,17985.0,17965.0,3.0,269575.0,458
2023-05-10 21:04:39,al2404,al2404,17985.0,0.0,0.0,0.0,4,17930.0,18005.0,4,18035.0,17965.0,17985.0,17965.0,3.0,269575.0,458
2023-05-10 21:04:41,al2404,al2404,17985.0,0.0,0.0,0.0,5,17930.0,18005.0,4,18035.0,17965.0,17985.0,17965.0,3.0,269575.0,458
2023-05-10 21:04:44,al2404,al2404,17985.0,0.0,0.0,0.0,7,17930.0,18005.0,4,18035.0,17965.0,17985.0,17965.0,3.0,269575.0,458
2023-05-10 21:04:46,al2404,al2404,17985.0,0.0,0.0,0.0,5,17930.0,18005.0,4,18035.0,17965.0,17985.0,17965.0,3.0,269575.0,458
2023-05-10 21:04:48,al2404,al2404,17985.0,0.0,0.0,0.0,4,17930.0,18005.0,4,18035.0,17965.0,17985.0,17965.0,3.0,269575.0,458
2023-05-10 21:04:49,al2404,al2404,17985.0,0.0,0.0,0.0,2,17930.0,18005.0,5,18035.0,17965.0,17985.0,17965.0,3.0,269575.0,458
2023-05-10 21:04:52,al2404,al2404,17985.0,0.0,0.0,0.0,4,17930.0,18005.0,5,18035.0,17965.0,17985.0,17965.0,3.0,269575.0,458
2023-05-10 21:04:56,al2404,al2404,17985.0,0.0,0.0,0.0,2,17930.0,18005.0,5,18035.0,17965.0,17985.0,17965.0,3.0,269575.0,458
2023-05-10 21:04:56,al2404,al2404,17985.0,0.0,0.0,0.0,2,17930.0,18005.0,5,18035.0,17965.0,17985.0,17965.0,3.0,269575.0,458
2023-05-10 21:04:57,al2404,al2404,17985.0,0.0,0.0,0.0,4,17930.0,18005.0,5,18035.0,17965.0,17985.0,17965.0,3.0,269575.0,458
2023-05-10 21:05:00,al2404,al2404,17985.0,0.0,0.0,0.0,1,17930.0,18005.0,5,18035.0,17965.0,17985.0,17965.0,3.0,269575.0,458
2023-05-10 21:05:01,al2404,al2404,17985.0,0.0,0.0,0.0,3,17930.0,18005.0,5,18035.0,17965.0,17985.0,17965.0,3.0,269575.0,458
2023-05-10 21:05:04,al2404,al2404,17985.0,0.0,0.0,0.0,3,17930.0,18005.0,6,18035.0,17965.0,17985.0,17965.0,3.0,269575.0,458
2023-05-10 21:05:04,al2404,al2404,17985.0,0.0,0.0,0.0,3,17930.0,18005.0,7,18035.0,17965.0,17985.0,17965.0,3.0,269575.0,458
2023-05-10 21:05:06,al2404,al2404,17985.0,0.0,0.0,0.0,3,17930.0,18005.0,5,18035.0,17965.0,17985.0,17965.0,3.0,269575.0,458
2023-05-10 21:05:07,al2404,al2404,17985.0,0.0,0.0,0.0,1,17930.0,18005.0,5,18035.0,17965.0,17985.0,17965.0,3.0,269575.0,458
2023-05-10 21:05:09,al2404,al2404,17985.0,0.0,0.0,0.0,1,17930.0,18005.0,6,18035.0,17965.0,17985.0,17965.0,3.0,269575.0,458
2023-05-10 21:05:09,al2404,al2404,17985.0,0.0,0.0,0.0,1,17930.0,18000.0,1,18035.0,17965.0,17985.0,17965.0,3.0,269575.0,458
2023-05-10 21:05:10,al2404,al2404,17985.0,0.0,0.0,0.0,1,17930.0,17995.0,1,18035.0,17965.0,17985.0,17965.0,3.0,269575.0,458
2023-05-10 21:05:10,al2404,al2404,17985.0,0.0,0.0,0.0,1,17930.0,17995.0,2,18035.0,17965.0,17985.0,17965.0,3.0,269575.0,458
2023-05-10 21:05:11,al2404,al2404,17985.0,0.0,0.0,0.0,1,17930.0,17995.0,3,18035.0,17965.0,17985.0,17965.0,3.0,269575.0,458
2023-05-10 21:05:11,al2404,al2404,17985.0,0.0,0.0,0.0,1,17930.0,17995.0,4,18035.0,17965.0,17985.0,17965.0,3.0,269575.0,458
2023-05-10 21:05:12,al2404,al2404,17985.0,0.0,0.0,0.0,1,17930.0,17995.0,4,18035.0,17965.0,17985.0,17965.0,3.0,269575.0,458
2023-05-10 21:05:14,al2404,al2404,17985.0,0.0,0.0,0.0,1,17905.0,17995.0,4,18035.0,17965.0,17985.0,17965.0,3.0,269575.0,458
2023-05-10 21:05:14,al2404,al2404,17985.0,0.0,0.0,0.0,2,17910.0,17990.0,2,18035.0,17965.0,17985.0,17965.0,3.0,269575.0,458
2023-05-10 21:05:15,al2404,al2404,17985.0,0.0,0.0,0.0,4,17910.0,17985.0,1,18035.0,17965.0,17985.0,17965.0,3.0,269575.0,458
2023-05-10 21:05:15,al2404,al2404,17985.0,0.0,0.0,0.0,7,17910.0,17985.0,2,18035.0,17965.0,17985.0,17965.0,3.0,269575.0,458
2023-05-10 21:05:16,al2404,al2404,17985.0,0.0,0.0,0.0,7,17910.0,17985.0,3,18035.0,17965.0,17985.0,17965.0,3.0,269575.0,458
2023-05-10 21:05:16,al2404,al2404,17985.0,0.0,0.0,0.0,8,17910.0,17985.0,2,18035.0,17965.0,17985.0,17965.0,3.0,269575.0,458
2023-05-10 21:05:17,al2404,al2404,17985.0,0.0,0.0,0.0,8,17910.0,17985.0,3,18035.0,17965.0,17985.0,17965.0,3.0,269575.0,458
2023-05-10 21:05:18,al2404,al2404,17985.0,0.0,0.0,0.0,8,17910.0,17985.0,2,18035.0,17965.0,17985.0,17965.0,3.0,269575.0,458
2023-05-10 21:05:18,al2404,al2404,17985.0,0.0,0.0,0.0,6,17910.0,17985.0,2,18035.0,17965.0,17985.0,17965.0,3.0,269575.0,458
2023-05-10 21:05:19,al2404,al2404,17985.0,0.0,0.0,0.0,6,17910.0,17985.0,3,18035.0,17965.0,17985.0,17965.0,3.0,269575.0,458
2023-05-10 21:05:19,al2404,al2404,17985.0,0.0,0.0,0.0,8,17910.0,17985.0,2,18035.0,17965.0,17985.0,17965.0,3.0,269575.0,458
2023-05-10 21:05:20,al2404,al2404,17985.0,0.0,0.0,0.0,8,17910.0,17985.0,2,18035.0,17965.0,17985.0,17965.0,3.0,269575.0,458
2023-05-10 21:05:21,al2404,al2404,17985.0,0.0,0.0,0.0,9,17910.0,17985.0,2,18035.0,17965.0,17985.0,17965.0,3.0,269575.0,458
2023-05-10 21:05:21,al2404,al2404,17985.0,0.0,0.0,0.0,7,17910.0,17985.0,2,18035.0,17965.0,17985.0,17965.0,3.0,269575.0,458
2023-05-10 21:05:22,al2404,al2404,17985.0,0.0,0.0,0.0,9,17910.0,17985.0,2,18035.0,17965.0,17985.0,17965.0,3.0,269575.0,458
2023-05-10 21:05:28,al2404,al2404,17985.0,0.0,0.0,0.0,7,17910.0,17985.0,3,18035.0,17965.0,17985.0,17965.0,3.0,269575.0,458
2023-05-10 21:05:28,al2404,al2404,17985.0,0.0,0.0,0.0,7,17910.0,17985.0,2,18035.0,17965.0,17985.0,17965.0,3.0,269575.0,458
2023-05-10 21:05:29,al2404,al2404,17985.0,0.0,0.0,0.0,7,17910.0,17985.0,3,18035.0,17965.0,17985.0,17965.0,3.0,269575.0,458
2023-05-10 21:05:30,al2404,al2404,17985.0,0.0,0.0,0.0,7,17910.0,17985.0,3,18035.0,17965.0,17985.0,17965.0,3.0,269575.0,458
2023-05-10 21:05:30,al2404,al2404,17985.0,0.0,0.0,0.0,6,17910.0,17985.0,3,18035.0,17965.0,17985.0,17965.0,3.0,269575.0,458
2023-05-10 21:05:33,al2404,al2404,17985.0,0.0,0.0,0.0,6,17910.0,17985.0,3,18035.0,17965.0,17985.0,17965.0,3.0,269575.0,458
2023-05-10 21:05:35,al2404,al2404,17985.0,0.0,0.0,0.0,6,17910.0,17985.0,3,18035.0,17965.0,17985.0,17965.0,3.0,269575.0,458
2023-05-10 21:05:36,al2404,al2404,17985.0,0.0,0.0,0.0,4,17910.0,17985.0,3,18035.0,17965.0,17985.0,17965.0,3.0,269575.0,458
2023-05-10 21:05:38,al2404,al2404,17985.0,0.0,0.0,0.0,2,17910.0,17985.0,3,18035.0,17965.0,17985.0,17965.0,3.0,269575.0,458
2023-05-10 21:05:38,al2404,al2404,17985.0,0.0,0.0,0.0,4,17910.0,17985.0,3,18035.0,17965.0,17985.0,17965.0,3.0,269575.0,458
2023-05-10 21:05:40,al2404,al2404,17985.0,0.0,0.0,0.0,11,17915.0,17985.0,3,18035.0,17965.0,17985.0,17965.0,3.0,269575.0,458
2023-05-10 21:05:41,al2404,al2404,17985.0,0.0,0.0,0.0,12,17915.0,17985.0,3,18035.0,17965.0,17985.0,17965.0,3.0,269575.0,458
2023-05-10 21:05:42,al2404,al2404,17985.0,0.0,0.0,0.0,14,17915.0,17985.0,3,18035.0,17965.0,17985.0,17965.0,3.0,269575.0,458
2023-05-10 21:05:43,al2404,al2404,17985.0,0.0,0.0,0.0,14,17915.0,17985.0,3,18035.0,17965.0,17985.0,17965.0,3.0,269575.0,458
2023-05-10 21:05:43,al2404,al2404,17985.0,0.0,0.0,0.0,16,17915.0,17985.0,3,18035.0,17965.0,17985.0,17965.0,3.0,269575.0,458
2023-05-10 21:05:48,al2404,al2404,17985.0,0.0,0.0,0.0,14,17915.0,17985.0,3,18035.0,17965.0,17985.0,17965.0,3.0,269575.0,458
2023-05-10 21:05:48,al2404,al2404,17985.0,0.0,0.0,0.0,16,17915.0,17985.0,3,18035.0,17965.0,17985.0,17965.0,3.0,269575.0,458
2023-05-10 21:05:49,al2404,al2404,17985.0,0.0,0.0,0.0,16,17915.0,17985.0,2,18035.0,17965.0,17985.0,17965.0,3.0,269575.0,458
2023-05-10 21:05:53,al2404,al2404,17985.0,0.0,0.0,0.0,16,17915.0,17985.0,3,18035.0,17965.0,17985.0,17965.0,3.0,269575.0,458
2023-05-10 21:05:54,al2404,al2404,17985.0,0.0,0.0,0.0,16,17915.0,17985.0,2,18035.0,17965.0,17985.0,17965.0,3.0,269575.0,458
2023-05-10 21:05:55,al2404,al2404,17985.0,0.0,0.0,0.0,14,17915.0,17985.0,2,18035.0,17965.0,17985.0,17965.0,3.0,269575.0,458
2023-05-10 21:05:56,al2404,al2404,17985.0,0.0,0.0,0.0,2,17920.0,17985.0,2,18035.0,17965.0,17985.0,17965.0,3.0,269575.0,458
2023-05-10 21:05:56,al2404,al2404,17985.0,0.0,0.0,0.0,2,17920.0,17985.0,2,18035.0,17965.0,17985.0,17965.0,3.0,269575.0,458
2023-05-10 21:05:57,al2404,al2404,17985.0,0.0,0.0,0.0,2,17920.0,17980.0,2,18035.0,17965.0,17985.0,17965.0,3.0,269575.0,458
2023-05-10 21:05:57,al2404,al2404,17985.0,0.0,0.0,0.0,1,17925.0,17980.0,3,18035.0,17965.0,17985.0,17965.0,3.0,269575.0,458
2023-05-10 21:05:58,al2404,al2404,17985.0,0.0,0.0,0.0,1,17925.0,17980.0,4,18035.0,17965.0,17985.0,17965.0,3.0,269575.0,458
2023-05-10 21:05:58,al2404,al2404,17985.0,0.0,0.0,0.0,1,17925.0,17980.0,4,18035.0,17965.0,17985.0,17965.0,3.0,269575.0,458
2023-05-10 21:06:00,al2404,al2404,17985.0,0.0,0.0,0.0,3,17925.0,17980.0,4,18035.0,17965.0,17985.0,17965.0,3.0,269575.0,458
2023-05-10 21:06:02,al2404,al2404,17985.0,0.0,0.0,0.0,1,17925.0,17980.0,4,18035.0,17965.0,17985.0,17965.0,3.0,269575.0,458
2023-05-10 21:06:02,al2404,al2404,17985.0,0.0,0.0,0.0,1,17925.0,17975.0,1,18035.0,17965.0,17985.0,17965.0,3.0,269575.0,458
2023-05-10 21:06:03,al2404,al2404,17985.0,0.0,0.0,0.0,1,17925.0,17980.0,2,18035.0,17965.0,17985.0,17965.0,3.0,269575.0,458
2023-05-10 21:06:03,al2404,al2404,17985.0,0.0,0.0,0.0,2,17925.0,17980.0,4,18035.0,17965.0,17985.0,17965.0,3.0,269575.0,458
2023-05-10 21:06:05,al2404,al2404,17985.0,0.0,0.0,0.0,4,17925.0,17980.0,3,18035.0,17965.0,17985.0,17965.0,3.0,269575.0,458
2023-05-10 21:06:09,al2404,al2404,17985.0,0.0,0.0,0.0,1,17930.0,17980.0,3,18035.0,17965.0,17985.0,17965.0,3.0,269575.0,458
2023-05-10 21:06:10,al2404,al2404,17985.0,0.0,0.0,0.0,1,17930.0,17980.0,3,18035.0,17965.0,17985.0,17965.0,3.0,269575.0,458
2023-05-10 21:06:11,al2404,al2404,17985.0,0.0,0.0,0.0,3,17930.0,17980.0,3,18035.0,17965.0,17985.0,17965.0,3.0,269575.0,458
2023-05-10 21:06:11,al2404,al2404,17985.0,0.0,0.0,0.0,3,17930.0,17980.0,2,18035.0,17965.0,17985.0,17965.0,3.0,269575.0,458
2023-05-10 21:06:13,al2404,al2404,17985.0,0.0,0.0,0.0,5,17930.0,17980.0,2,18035.0,17965.0,17985.0,17965.0,3.0,269575.0,458
2023-05-10 21:06:15,al2404,al2404,17985.0,0.0,0.0,0.0,3,17930.0,17980.0,2,18035.0,17965.0,17985.0,17965.0,3.0,269575.0,458
2023-05-10 21:06:17,al2404,al2404,17985.0,0.0,0.0,0.0,5,17930.0,17980.0,2,18035.0,17965.0,17985.0,17965.0,3.0,269575.0,458
2023-05-10 21:06:23,al2404,al2404,17985.0,0.0,0.0,0.0,5,17930.0,17980.0,3,18035.0,17965.0,17985.0,17965.0,3.0,269575.0,458
2023-05-10 21:06:28,al2404,al2404,17985.0,0.0,0.0,0.0,5,17930.0,17975.0,1,18035.0,17965.0,17985.0,17965.0,3.0,269575.0,458
2023-05-10 21:06:29,al2404,al2404,17985.0,0.0,0.0,0.0,5,17930.0,17980.0,2,18035.0,17965.0,17985.0,17965.0,3.0,269575.0,458
2023-05-10 21:06:29,al2404,al2404,17985.0,0.0,0.0,0.0,5,17930.0,17980.0,3,18035.0,17965.0,17985.0,17965.0,3.0,269575.0,458
2023-05-10 21:06:34,al2404,al2404,17985.0,0.0,0.0,0.0,1,17935.0,17980.0,3,18035.0,17965.0,17985.0,17965.0,3.0,269575.0,458
2023-05-10 21:06:34,al2404,al2404,17985.0,0.0,0.0,0.0,1,17935.0,17980.0,3,18035.0,17965.0,17985.0,17965.0,3.0,269575.0,458
2023-05-10 21:06:36,al2404,al2404,17985.0,0.0,0.0,0.0,1,17935.0,17975.0,1,18035.0,17965.0,17985.0,17965.0,3.0,269575.0,458
2023-05-10 21:06:41,al2404,al2404,17985.0,0.0,0.0,0.0,1,17935.0,17980.0,2,18035.0,17965.0,17985.0,17965.0,3.0,269575.0,458
2023-05-10 21:06:42,al2404,al2404,17985.0,0.0,0.0,0.0,1,17935.0,17980.0,3,18035.0,17965.0,17985.0,17965.0,3.0,269575.0,458
2023-05-10 21:06:48,al2404,al2404,17985.0,0.0,0.0,0.0,3,17935.0,17980.0,3,18035.0,17965.0,17985.0,17965.0,3.0,269575.0,458
2023-05-10 21:06:50,al2404,al2404,17985.0,0.0,0.0,0.0,3,17935.0,17980.0,2,18035.0,17965.0,17985.0,17965.0,3.0,269575.0,458
2023-05-10 21:06:50,al2404,al2404,17985.0,0.0,0.0,0.0,3,17935.0,17980.0,3,18035.0,17965.0,17985.0,17965.0,3.0,269575.0,458
2023-05-10 21:06:51,al2404,al2404,17985.0,0.0,0.0,0.0,5,17935.0,17980.0,3,18035.0,17965.0,17985.0,17965.0,3.0,269575.0,458
2023-05-10 21:06:53,al2404,al2404,17985.0,0.0,0.0,0.0,3,17935.0,17980.0,3,18035.0,17965.0,17985.0,17965.0,3.0,269575.0,458
2023-05-10 21:06:57,al2404,al2404,17985.0,0.0,0.0,0.0,5,17935.0,17980.0,3,18035.0,17965.0,17985.0,17965.0,3.0,269575.0,458
2023-05-10 21:06:58,al2404,al2404,17985.0,0.0,0.0,0.0,5,17935.0,17980.0,2,18035.0,17965.0,17985.0,17965.0,3.0,269575.0,458
2023-05-10 21:07:07,al2404,al2404,17985.0,0.0,0.0,0.0,3,17935.0,17980.0,2,18035.0,17965.0,17985.0,17965.0,3.0,269575.0,458
2023-05-10 21:07:08,al2404,al2404,17985.0,0.0,0.0,0.0,5,17935.0,17980.0,2,18035.0,17965.0,17985.0,17965.0,3.0,269575.0,458
2023-05-10 21:07:21,al2404,al2404,17985.0,0.0,0.0,0.0,5,17935.0,17980.0,2,18035.0,17965.0,17985.0,17965.0,3.0,269575.0,458
2023-05-10 21:07:35,al2404,al2404,17985.0,0.0,0.0,0.0,5,17935.0,17980.0,3,18035.0,17965.0,17985.0,17965.0,3.0,269575.0,458
2023-05-10 21:07:36,al2404,al2404,17985.0,0.0,0.0,0.0,5,17935.0,17980.0,2,18035.0,17965.0,17985.0,17965.0,3.0,269575.0,458
2023-05-10 21:07:39,al2404,al2404,17985.0,0.0,0.0,0.0,1,17935.0,17980.0,2,18035.0,17965.0,17985.0,17965.0,3.0,269575.0,458
2023-05-10 21:07:49,al2404,al2404,17985.0,0.0,0.0,0.0,3,17935.0,17980.0,2,18035.0,17965.0,17985.0,17965.0,3.0,269575.0,458
2023-05-10 21:07:50,al2404,al2404,17985.0,0.0,0.0,0.0,1,17935.0,17980.0,2,18035.0,17965.0,17985.0,17965.0,3.0,269575.0,458
2023-05-10 21:07:51,al2404,al2404,17985.0,0.0,0.0,0.0,3,17935.0,17980.0,2,18035.0,17965.0,17985.0,17965.0,3.0,269575.0,458
2023-05-10 21:07:52,al2404,al2404,17985.0,0.0,0.0,0.0,1,17935.0,17980.0,2,18035.0,17965.0,17985.0,17965.0,3.0,269575.0,458
2023-05-10 21:07:53,al2404,al2404,17985.0,0.0,0.0,0.0,3,17935.0,17980.0,2,18035.0,17965.0,17985.0,17965.0,3.0,269575.0,458
2023-05-10 21:07:53,al2404,al2404,17985.0,0.0,0.0,0.0,1,17935.0,17980.0,2,18035.0,17965.0,17985.0,17965.0,3.0,269575.0,458
2023-05-10 21:07:57,al2404,al2404,17985.0,0.0,0.0,0.0,1,17935.0,17980.0,3,18035.0,17965.0,17985.0,17965.0,3.0,269575.0,458
2023-05-10 21:08:23,al2404,al2404,17985.0,0.0,0.0,0.0,3,17935.0,17980.0,3,18035.0,17965.0,17985.0,17965.0,3.0,269575.0,458
2023-05-10 21:08:23,al2404,al2404,17985.0,0.0,0.0,0.0,3,17935.0,17980.0,2,18035.0,17965.0,17985.0,17965.0,3.0,269575.0,458
2023-05-10 21:08:25,al2404,al2404,17985.0,0.0,0.0,0.0,5,17935.0,17980.0,2,18035.0,17965.0,17985.0,17965.0,3.0,269575.0,458
2023-05-10 21:08:30,al2404,al2404,17985.0,0.0,0.0,0.0,3,17935.0,17980.0,2,18035.0,17965.0,17985.0,17965.0,3.0,269575.0,458
2023-05-10 21:08:30,al2404,al2404,17985.0,0.0,0.0,0.0,1,17935.0,17980.0,2,18035.0,17965.0,17985.0,17965.0,3.0,269575.0,458
2023-05-10 21:08:31,al2404,al2404,17985.0,0.0,0.0,0.0,1,17935.0,17980.0,3,18035.0,17965.0,17985.0,17965.0,3.0,269575.0,458
2023-05-10 21:08:35,al2404,al2404,17985.0,0.0,0.0,0.0,1,17935.0,17980.0,2,18035.0,17965.0,17985.0,17965.0,3.0,269575.0,458
2023-05-10 21:08:35,al2404,al2404,17985.0,0.0,0.0,0.0,1,17935.0,17980.0,3,18035.0,17965.0,17985.0,17965.0,3.0,269575.0,458
2023-05-10 21:08:53,al2404,al2404,17985.0,0.0,0.0,0.0,1,17935.0,17980.0,2,18035.0,17965.0,17985.0,17965.0,3.0,269575.0,458
2023-05-10 21:08:53,al2404,al2404,17985.0,0.0,0.0,0.0,1,17935.0,17980.0,3,18035.0,17965.0,17985.0,17965.0,3.0,269575.0,458
2023-05-10 21:08:58,al2404,al2404,17985.0,0.0,0.0,0.0,1,17935.0,17980.0,2,18035.0,17965.0,17985.0,17965.0,3.0,269575.0,458
2023-05-10 21:09:02,al2404,al2404,17985.0,0.0,0.0,0.0,1,17935.0,17980.0,3,18035.0,17965.0,17985.0,17965.0,3.0,269575.0,458
2023-05-10 21:09:05,al2404,al2404,17985.0,0.0,0.0,0.0,1,17935.0,17980.0,2,18035.0,17965.0,17985.0,17965.0,3.0,269575.0,458
2023-05-10 21:09:06,al2404,al2404,17985.0,0.0,0.0,0.0,1,17935.0,17980.0,3,18035.0,17965.0,17985.0,17965.0,3.0,269575.0,458
2023-05-10 21:09:07,al2404,al2404,17985.0,0.0,0.0,0.0,3,17935.0,17980.0,3,18035.0,17965.0,17985.0,17965.0,3.0,269575.0,458
2023-05-10 21:09:08,al2404,al2404,17985.0,0.0,0.0,0.0,3,17935.0,17980.0,2,18035.0,17965.0,17985.0,17965.0,3.0,269575.0,458
2023-05-10 21:09:10,al2404,al2404,17985.0,0.0,0.0,0.0,1,17935.0,17980.0,2,18035.0,17965.0,17985.0,17965.0,3.0,269575.0,458
2023-05-10 21:09:11,al2404,al2404,17985.0,0.0,0.0,0.0,1,17935.0,17980.0,3,18035.0,17965.0,17985.0,17965.0,3.0,269575.0,458
2023-05-10 21:09:12,al2404,al2404,17985.0,0.0,0.0,0.0,1,17935.0,17980.0,2,18035.0,17965.0,17985.0,17965.0,3.0,269575.0,458
2023-05-10 21:09:13,al2404,al2404,17985.0,0.0,0.0,0.0,1,17935.0,17980.0,3,18035.0,17965.0,17985.0,17965.0,3.0,269575.0,458
2023-05-10 21:09:14,al2404,al2404,17985.0,0.0,0.0,0.0,3,17935.0,17980.0,3,18035.0,17965.0,17985.0,17965.0,3.0,269575.0,458
2023-05-10 21:09:16,al2404,al2404,17985.0,0.0,0.0,0.0,1,17935.0,17980.0,2,18035.0,17965.0,17985.0,17965.0,3.0,269575.0,458
2023-05-10 21:09:23,al2404,al2404,17985.0,0.0,0.0,0.0,3,17935.0,17980.0,2,18035.0,17965.0,17985.0,17965.0,3.0,269575.0,458
2023-05-10 21:09:30,al2404,al2404,17985.0,0.0,0.0,0.0,2,17940.0,17980.0,2,18035.0,17965.0,17985.0,17965.0,3.0,269575.0,458
2023-05-10 21:09:30,al2404,al2404,17985.0,0.0,0.0,0.0,2,17940.0,17980.0,2,18035.0,17965.0,17985.0,17965.0,3.0,269575.0,458
2023-05-10 21:09:33,al2404,al2404,17985.0,0.0,0.0,0.0,1,17935.0,17980.0,2,18035.0,17965.0,17985.0,17965.0,3.0,269575.0,458
2023-05-10 21:09:33,al2404,al2404,17985.0,0.0,0.0,0.0,3,17935.0,17980.0,2,18035.0,17965.0,17985.0,17965.0,3.0,269575.0,458
2023-05-10 21:10:00,al2404,al2404,17985.0,0.0,0.0,0.0,1,17940.0,17980.0,2,18035.0,17965.0,17985.0,17965.0,3.0,269575.0,458
2023-05-10 21:10:01,al2404,al2404,17985.0,0.0,0.0,0.0,1,17940.0,17980.0,3,18035.0,17965.0,17985.0,17965.0,3.0,269575.0,458
2023-05-10 21:10:03,al2404,al2404,17985.0,0.0,0.0,0.0,1,17935.0,17980.0,3,18035.0,17965.0,17985.0,17965.0,3.0,269575.0,458
2023-05-10 21:10:05,al2404,al2404,17985.0,0.0,0.0,0.0,1,17935.0,17980.0,2,18035.0,17965.0,17985.0,17965.0,3.0,269575.0,458
2023-05-10 21:10:06,al2404,al2404,17985.0,0.0,0.0,0.0,3,17935.0,17980.0,2,18035.0,17965.0,17985.0,17965.0,3.0,269575.0,458
2023-05-10 21:10:09,al2404,al2404,17985.0,0.0,0.0,0.0,1,17940.0,17980.0,2,18035.0,17965.0,17985.0,17965.0,3.0,269575.0,458
2023-05-10 21:10:11,al2404,al2404,17985.0,0.0,0.0,0.0,1,17940.0,17980.0,2,18035.0,17965.0,17985.0,17965.0,3.0,269575.0,458
2023-05-10 21:10:11,al2404,al2404,17985.0,0.0,0.0,0.0,3,17940.0,17980.0,2,18035.0,17965.0,17985.0,17965.0,3.0,269575.0,458
2023-05-10 21:10:14,al2404,al2404,17985.0,0.0,0.0,0.0,4,17940.0,17980.0,2,18035.0,17965.0,17985.0,17965.0,3.0,269575.0,458
2023-05-10 21:10:18,al2404,al2404,17985.0,0.0,0.0,0.0,2,17945.0,17980.0,2,18035.0,17965.0,17985.0,17965.0,3.0,269575.0,458
2023-05-10 21:10:19,al2404,al2404,17985.0,0.0,0.0,0.0,2,17945.0,17980.0,2,18035.0,17965.0,17985.0,17965.0,3.0,269575.0,458
2023-05-10 21:10:19,al2404,al2404,17985.0,0.0,0.0,0.0,2,17945.0,17980.0,2,18035.0,17965.0,17985.0,17965.0,3.0,269575.0,458
2023-05-10 21:10:20,al2404,al2404,17985.0,0.0,0.0,0.0,2,17955.0,17980.0,2,18035.0,17965.0,17985.0,17965.0,3.0,269575.0,458
2023-05-10 21:10:20,al2404,al2404,17985.0,0.0,0.0,0.0,2,17955.0,18070.0,1,18035.0,17965.0,17985.0,17965.0,3.0,269575.0,458
2023-05-10 21:10:21,al2404,al2404,17985.0,0.0,0.0,0.0,2,17955.0,18065.0,3,18035.0,17965.0,17985.0,17965.0,3.0,269575.0,458
2023-05-10 21:10:21,al2404,al2404,17985.0,0.0,0.0,0.0,2,17955.0,18060.0,3,18035.0,17965.0,17985.0,17965.0,3.0,269575.0,458
2023-05-10 21:10:22,al2404,al2404,17985.0,0.0,0.0,0.0,2,17955.0,18055.0,2,18035.0,17965.0,17985.0,17965.0,3.0,269575.0,458
2023-05-10 21:10:22,al2404,al2404,17985.0,0.0,0.0,0.0,2,17955.0,18055.0,8,18035.0,17965.0,17985.0,17965.0,3.0,269575.0,458
2023-05-10 21:10:23,al2404,al2404,17985.0,0.0,0.0,0.0,2,17955.0,18055.0,10,18035.0,17965.0,17985.0,17965.0,3.0,269575.0,458
2023-05-10 21:10:24,al2404,al2404,17985.0,0.0,0.0,0.0,2,17955.0,18055.0,11,18035.0,17965.0,17985.0,17965.0,3.0,269575.0,458
2023-05-10 21:10:24,al2404,al2404,17985.0,0.0,0.0,0.0,2,17955.0,18050.0,3,18035.0,17965.0,17985.0,17965.0,3.0,269575.0,458
2023-05-10 21:10:25,al2404,al2404,17985.0,0.0,0.0,0.0,2,17955.0,18045.0,2,18035.0,17965.0,17985.0,17965.0,3.0,269575.0,458
2023-05-10 21:10:25,al2404,al2404,17985.0,0.0,0.0,0.0,2,17955.0,18040.0,1,18035.0,17965.0,17985.0,17965.0,3.0,269575.0,458
2023-05-10 21:10:26,al2404,al2404,17985.0,0.0,0.0,0.0,2,17955.0,18035.0,2,18035.0,17965.0,17985.0,17965.0,3.0,269575.0,458
2023-05-10 21:10:26,al2404,al2404,17985.0,0.0,0.0,0.0,2,17955.0,18035.0,5,18035.0,17965.0,17985.0,17965.0,3.0,269575.0,458
2023-05-10 21:10:27,al2404,al2404,17985.0,0.0,0.0,0.0,2,17955.0,18035.0,5,18035.0,17965.0,17985.0,17965.0,3.0,269575.0,458
2023-05-10 21:10:27,al2404,al2404,17985.0,0.0,0.0,0.0,2,17955.0,18030.0,1,18035.0,17965.0,17985.0,17965.0,3.0,269575.0,458
2023-05-10 21:10:28,al2404,al2404,17985.0,0.0,0.0,0.0,2,17955.0,18025.0,1,18035.0,17965.0,17985.0,17965.0,3.0,269575.0,458
2023-05-10 21:10:28,al2404,al2404,17985.0,0.0,0.0,0.0,2,17955.0,18025.0,4,18035.0,17965.0,17985.0,17965.0,3.0,269575.0,458
2023-05-10 21:10:29,al2404,al2404,17985.0,0.0,0.0,0.0,2,17955.0,18025.0,6,18035.0,17965.0,17985.0,17965.0,3.0,269575.0,458
2023-05-10 21:10:30,al2404,al2404,17985.0,0.0,0.0,0.0,2,17955.0,18025.0,6,18035.0,17965.0,17985.0,17965.0,3.0,269575.0,458
2023-05-10 21:10:31,al2404,al2404,17985.0,0.0,0.0,0.0,2,17955.0,18025.0,6,18035.0,17965.0,17985.0,17965.0,3.0,269575.0,458
2023-05-10 21:10:32,al2404,al2404,17985.0,0.0,0.0,0.0,4,17955.0,18025.0,6,18035.0,17965.0,17985.0,17965.0,3.0,269575.0,458
2023-05-10 21:10:39,al2404,al2404,17985.0,0.0,0.0,0.0,4,17955.0,18025.0,4,18035.0,17965.0,17985.0,17965.0,3.0,269575.0,458
2023-05-10 21:10:44,al2404,al2404,17985.0,0.0,0.0,0.0,2,17955.0,18025.0,4,18035.0,17965.0,17985.0,17965.0,3.0,269575.0,458
2023-05-10 21:10:45,al2404,al2404,17985.0,0.0,0.0,0.0,1,17955.0,18025.0,4,18035.0,17965.0,17985.0,17965.0,3.0,269575.0,458
2023-05-10 21:10:46,al2404,al2404,17985.0,0.0,0.0,0.0,3,17955.0,18025.0,4,18035.0,17965.0,17985.0,17965.0,3.0,269575.0,458
2023-05-10 21:10:47,al2404,al2404,17985.0,0.0,0.0,0.0,4,17955.0,18025.0,4,18035.0,17965.0,17985.0,17965.0,3.0,269575.0,458
2023-05-10 21:10:49,al2404,al2404,17985.0,0.0,0.0,0.0,4,17955.0,18020.0,2,18035.0,17965.0,17985.0,17965.0,3.0,269575.0,458
2023-05-10 21:10:49,al2404,al2404,17985.0,0.0,0.0,0.0,4,17955.0,18015.0,1,18035.0,17965.0,17985.0,17965.0,3.0,269575.0,458
2023-05-10 21:10:50,al2404,al2404,17985.0,0.0,0.0,0.0,2,17955.0,18015.0,2,18035.0,17965.0,17985.0,17965.0,3.0,269575.0,458
2023-05-10 21:10:51,al2404,al2404,17985.0,0.0,0.0,0.0,2,17955.0,18015.0,4,18035.0,17965.0,17985.0,17965.0,3.0,269575.0,458
2023-05-10 21:10:53,al2404,al2404,17985.0,0.0,0.0,0.0,2,17955.0,18015.0,2,18035.0,17965.0,17985.0,17965.0,3.0,269575.0,458
2023-05-10 21:10:54,al2404,al2404,17985.0,0.0,0.0,0.0,2,17955.0,18015.0,4,18035.0,17965.0,17985.0,17965.0,3.0,269575.0,458
2023-05-10 21:10:55,al2404,al2404,17985.0,0.0,0.0,0.0,4,17955.0,18015.0,4,18035.0,17965.0,17985.0,17965.0,3.0,269575.0,458
2023-05-10 21:10:55,al2404,al2404,17985.0,0.0,0.0,0.0,4,17955.0,18015.0,2,18035.0,17965.0,17985.0,17965.0,3.0,269575.0,458
2023-05-10 21:11:22,al2404,al2404,17985.0,0.0,0.0,0.0,5,17955.0,18015.0,2,18035.0,17965.0,17985.0,17965.0,3.0,269575.0,458
2023-05-10 21:11:22,al2404,al2404,17985.0,0.0,0.0,0.0,3,17955.0,18015.0,2,18035.0,17965.0,17985.0,17965.0,3.0,269575.0,458
2023-05-10 21:11:23,al2404,al2404,17985.0,0.0,0.0,0.0,2,17960.0,18015.0,2,18035.0,17965.0,17985.0,17965.0,3.0,269575.0,458
2023-05-10 21:11:23,al2404,al2404,17985.0,0.0,0.0,0.0,2,17960.0,18015.0,2,18035.0,17965.0,17985.0,17965.0,3.0,269575.0,458
2023-05-10 21:11:27,al2404,al2404,17985.0,0.0,0.0,0.0,2,17960.0,18015.0,2,18035.0,17965.0,17985.0,17965.0,3.0,269575.0,458
2023-05-10 21:11:27,al2404,al2404,17985.0,0.0,0.0,0.0,1,17965.0,18015.0,2,18035.0,17965.0,17985.0,17965.0,3.0,269575.0,458
2023-05-10 21:11:28,al2404,al2404,17985.0,0.0,0.0,0.0,1,17965.0,18015.0,2,18035.0,17965.0,17985.0,17965.0,3.0,269575.0,458
2023-05-10 21:11:29,al2404,al2404,17985.0,0.0,0.0,0.0,1,17965.0,18015.0,2,18035.0,17965.0,17985.0,17965.0,3.0,269575.0,458
2023-05-10 21:11:31,al2404,al2404,17985.0,0.0,0.0,0.0,1,17965.0,18010.0,2,18035.0,17965.0,17985.0,17965.0,3.0,269575.0,458
2023-05-10 21:11:32,al2404,al2404,17985.0,0.0,0.0,0.0,1,17965.0,18005.0,1,18035.0,17965.0,17985.0,17965.0,3.0,269575.0,458
2023-05-10 21:11:33,al2404,al2404,17985.0,0.0,0.0,0.0,1,17935.0,18005.0,1,18035.0,17965.0,17985.0,17965.0,3.0,269575.0,458
2023-05-10 21:11:33,al2404,al2404,17985.0,0.0,0.0,0.0,1,17940.0,18005.0,1,18035.0,17965.0,17985.0,17965.0,3.0,269575.0,458
2023-05-10 21:11:34,al2404,al2404,17985.0,0.0,0.0,0.0,3,17940.0,18005.0,1,18035.0,17965.0,17985.0,17965.0,3.0,269575.0,458
2023-05-10 21:11:34,al2404,al2404,17985.0,0.0,0.0,0.0,2,17945.0,18005.0,1,18035.0,17965.0,17985.0,17965.0,3.0,269575.0,458
2023-05-10 21:11:35,al2404,al2404,17985.0,0.0,0.0,0.0,2,17945.0,18005.0,1,18035.0,17965.0,17985.0,17965.0,3.0,269575.0,458
2023-05-10 21:11:35,al2404,al2404,17985.0,0.0,0.0,0.0,4,17945.0,18005.0,1,18035.0,17965.0,17985.0,17965.0,3.0,269575.0,458
2023-05-10 21:11:36,al2404,al2404,17985.0,0.0,0.0,0.0,1,17960.0,18005.0,1,18035.0,17965.0,17985.0,17965.0,3.0,269575.0,458
2023-05-10 21:11:36,al2404,al2404,17985.0,0.0,0.0,0.0,1,17960.0,18005.0,1,18035.0,17965.0,17985.0,17965.0,3.0,269575.0,458
2023-05-10 21:11:37,al2404,al2404,17985.0,0.0,0.0,0.0,1,17960.0,18005.0,1,18035.0,17965.0,17985.0,17965.0,3.0,269575.0,458
2023-05-10 21:11:39,al2404,al2404,17985.0,0.0,0.0,0.0,3,17960.0,18005.0,1,18035.0,17965.0,17985.0,17965.0,3.0,269575.0,458
2023-05-10 21:11:41,al2404,al2404,17985.0,0.0,0.0,0.0,3,17960.0,18005.0,1,18035.0,17965.0,17985.0,17965.0,3.0,269575.0,458
2023-05-10 21:11:41,al2404,al2404,17985.0,0.0,0.0,0.0,1,17960.0,18005.0,1,18035.0,17965.0,17985.0,17965.0,3.0,269575.0,458
2023-05-10 21:12:08,al2404,al2404,17985.0,0.0,0.0,0.0,3,17960.0,18005.0,1,18035.0,17965.0,17985.0,17965.0,3.0,269575.0,458
2023-05-10 21:12:11,al2404,al2404,17985.0,0.0,0.0,0.0,3,17960.0,18005.0,1,18035.0,17965.0,17985.0,17965.0,3.0,269575.0,458
2023-05-10 21:12:12,al2404,al2404,17985.0,0.0,0.0,0.0,1,17960.0,18065.0,1,18035.0,17965.0,17985.0,17965.0,3.0,269575.0,458
2023-05-10 21:12:12,al2404,al2404,17985.0,0.0,0.0,0.0,2,17965.0,18060.0,7,18035.0,17965.0,17985.0,17965.0,3.0,269575.0,458
2023-05-10 21:12:13,al2404,al2404,17985.0,0.0,0.0,0.0,2,17965.0,18060.0,9,18035.0,17965.0,17985.0,17965.0,3.0,269575.0,458
2023-05-10 21:12:13,al2404,al2404,17985.0,0.0,0.0,0.0,2,17965.0,18060.0,8,18035.0,17965.0,17985.0,17965.0,3.0,269575.0,458
2023-05-10 21:12:14,al2404,al2404,17985.0,0.0,0.0,0.0,2,17965.0,18055.0,2,18035.0,17965.0,17985.0,17965.0,3.0,269575.0,458
2023-05-10 21:12:14,al2404,al2404,17985.0,0.0,0.0,0.0,2,17965.0,18050.0,2,18035.0,17965.0,17985.0,17965.0,3.0,269575.0,458
2023-05-10 21:12:15,al2404,al2404,17985.0,0.0,0.0,0.0,2,17965.0,18050.0,3,18035.0,17965.0,17985.0,17965.0,3.0,269575.0,458
2023-05-10 21:12:15,al2404,al2404,17985.0,0.0,0.0,0.0,2,17965.0,18045.0,1,18035.0,17965.0,17985.0,17965.0,3.0,269575.0,458
2023-05-10 21:12:16,al2404,al2404,17985.0,0.0,0.0,0.0,2,17965.0,18040.0,1,18035.0,17965.0,17985.0,17965.0,3.0,269575.0,458
2023-05-10 21:12:16,al2404,al2404,17985.0,0.0,0.0,0.0,2,17965.0,18040.0,2,18035.0,17965.0,17985.0,17965.0,3.0,269575.0,458
2023-05-10 21:12:18,al2404,al2404,17985.0,0.0,0.0,0.0,2,17965.0,18040.0,4,18035.0,17965.0,17985.0,17965.0,3.0,269575.0,458
2023-05-10 21:12:21,al2404,al2404,17985.0,0.0,0.0,0.0,2,17965.0,18040.0,4,18035.0,17965.0,17985.0,17965.0,3.0,269575.0,458
2023-05-10 21:12:21,al2404,al2404,17985.0,0.0,0.0,0.0,2,17965.0,18040.0,5,18035.0,17965.0,17985.0,17965.0,3.0,269575.0,458
2023-05-10 21:12:27,al2404,al2404,17985.0,0.0,0.0,0.0,2,17965.0,18040.0,4,18035.0,17965.0,17985.0,17965.0,3.0,269575.0,458
2023-05-10 21:12:29,al2404,al2404,17985.0,0.0,0.0,0.0,1,17960.0,18040.0,5,18035.0,17965.0,17985.0,17965.0,3.0,269575.0,458
2023-05-10 21:12:29,al2404,al2404,17985.0,0.0,0.0,0.0,3,17960.0,18040.0,5,18035.0,17965.0,17985.0,17965.0,3.0,269575.0,458
2023-05-10 21:12:30,al2404,al2404,17985.0,0.0,0.0,0.0,3,17960.0,18040.0,5,18035.0,17965.0,17985.0,17965.0,3.0,269575.0,458
2023-05-10 21:12:41,al2404,al2404,17985.0,0.0,0.0,0.0,3,17960.0,18035.0,1,18035.0,17965.0,17985.0,17965.0,3.0,269575.0,458
2023-05-10 21:12:41,al2404,al2404,17985.0,0.0,0.0,0.0,3,17960.0,18030.0,1,18035.0,17965.0,17985.0,17965.0,3.0,269575.0,458
2023-05-10 21:12:42,al2404,al2404,17985.0,0.0,0.0,0.0,3,17960.0,18030.0,2,18035.0,17965.0,17985.0,17965.0,3.0,269575.0,458
2023-05-10 21:12:42,al2404,al2404,17985.0,0.0,0.0,0.0,3,17960.0,18030.0,4,18035.0,17965.0,17985.0,17965.0,3.0,269575.0,458
2023-05-10 21:12:53,al2404,al2404,17985.0,0.0,0.0,0.0,3,17960.0,18030.0,4,18035.0,17965.0,17985.0,17965.0,3.0,269575.0,458
2023-05-10 21:12:56,al2404,al2404,17985.0,0.0,0.0,0.0,3,17960.0,18025.0,2,18035.0,17965.0,17985.0,17965.0,3.0,269575.0,458
2023-05-10 21:12:56,al2404,al2404,17985.0,0.0,0.0,0.0,3,17960.0,18020.0,1,18035.0,17965.0,17985.0,17965.0,3.0,269575.0,458
2023-05-10 21:12:57,al2404,al2404,17985.0,0.0,0.0,0.0,3,17960.0,18020.0,2,18035.0,17965.0,17985.0,17965.0,3.0,269575.0,458
2023-05-10 21:12:57,al2404,al2404,17985.0,0.0,0.0,0.0,1,17960.0,18020.0,2,18035.0,17965.0,17985.0,17965.0,3.0,269575.0,458
2023-05-10 21:12:58,al2404,al2404,17985.0,0.0,0.0,0.0,2,17965.0,18020.0,2,18035.0,17965.0,17985.0,17965.0,3.0,269575.0,458
2023-05-10 21:12:59,al2404,al2404,17985.0,0.0,0.0,0.0,2,17965.0,18020.0,2,18035.0,17965.0,17985.0,17965.0,3.0,269575.0,458
2023-05-10 21:13:01,al2404,al2404,17985.0,0.0,0.0,0.0,1,17960.0,18020.0,2,18035.0,17965.0,17985.0,17965.0,3.0,269575.0,458
2023-05-10 21:13:02,al2404,al2404,17985.0,0.0,0.0,0.0,3,17960.0,18020.0,2,18035.0,17965.0,17985.0,17965.0,3.0,269575.0,458
2023-05-10 21:13:04,al2404,al2404,17985.0,0.0,0.0,0.0,4,17960.0,18020.0,2,18035.0,17965.0,17985.0,17965.0,3.0,269575.0,458
2023-05-10 21:13:04,al2404,al2404,17985.0,0.0,0.0,0.0,2,17960.0,18020.0,2,18035.0,17965.0,17985.0,17965.0,3.0,269575.0,458
2023-05-10 21:13:05,al2404,al2404,17985.0,0.0,0.0,0.0,2,17965.0,18020.0,2,18035.0,17965.0,17985.0,17965.0,3.0,269575.0,458
2023-05-10 21:13:05,al2404,al2404,17985.0,0.0,0.0,0.0,2,17965.0,18020.0,2,18035.0,17965.0,17985.0,17965.0,3.0,269575.0,458
2023-05-10 21:13:34,al2404,al2404,17985.0,0.0,0.0,0.0,2,17965.0,18020.0,2,18035.0,17965.0,17985.0,17965.0,3.0,269575.0,458
2023-05-10 21:13:35,al2404,al2404,17985.0,0.0,0.0,0.0,2,17965.0,18020.0,2,18035.0,17965.0,17985.0,17965.0,3.0,269575.0,458
2023-05-10 21:13:35,al2404,al2404,17985.0,0.0,0.0,0.0,3,17965.0,18020.0,2,18035.0,17965.0,17985.0,17965.0,3.0,269575.0,458
2023-05-10 21:13:38,al2404,al2404,17985.0,0.0,0.0,0.0,3,17965.0,18015.0,2,18035.0,17965.0,17985.0,17965.0,3.0,269575.0,458
2023-05-10 21:13:38,al2404,al2404,17985.0,0.0,0.0,0.0,3,17965.0,18015.0,3,18035.0,17965.0,17985.0,17965.0,3.0,269575.0,458
2023-05-10 21:13:40,al2404,al2404,17985.0,0.0,0.0,0.0,3,17965.0,18015.0,3,18035.0,17965.0,17985.0,17965.0,3.0,269575.0,458
2023-05-10 21:13:40,al2404,al2404,17985.0,0.0,0.0,0.0,1,17970.0,18015.0,3,18035.0,17965.0,17985.0,17965.0,3.0,269575.0,458
2023-05-10 21:13:41,al2404,al2404,17985.0,0.0,0.0,0.0,1,17970.0,18015.0,3,18035.0,17965.0,17985.0,17965.0,3.0,269575.0,458
2023-05-10 21:13:41,al2404,al2404,17985.0,0.0,0.0,0.0,3,17970.0,18015.0,3,18035.0,17965.0,17985.0,17965.0,3.0,269575.0,458
2023-05-10 21:13:44,al2404,al2404,17985.0,0.0,0.0,0.0,1,17970.0,18015.0,3,18035.0,17965.0,17985.0,17965.0,3.0,269575.0,458
2023-05-10 21:13:44,al2404,al2404,17985.0,0.0,0.0,0.0,1,17970.0,18015.0,3,18035.0,17965.0,17985.0,17965.0,3.0,269575.0,458
2023-05-10 21:13:49,al2404,al2404,17985.0,0.0,0.0,0.0,3,17970.0,18015.0,3,18035.0,17965.0,17985.0,17965.0,3.0,269575.0,458
2023-05-10 21:13:51,al2404,al2404,17985.0,0.0,0.0,0.0,3,17970.0,18015.0,3,18035.0,17965.0,17985.0,17965.0,3.0,269575.0,458
2023-05-10 21:13:51,al2404,al2404,17985.0,0.0,0.0,0.0,3,17970.0,18015.0,3,18035.0,17965.0,17985.0,17965.0,3.0,269575.0,458
2023-05-10 21:13:52,al2404,al2404,17985.0,0.0,0.0,0.0,3,17970.0,18015.0,3,18035.0,17965.0,17985.0,17965.0,3.0,269575.0,458
2023-05-10 21:13:52,al2404,al2404,17985.0,0.0,0.0,0.0,3,17970.0,18015.0,3,18035.0,17965.0,17985.0,17965.0,3.0,269575.0,458
2023-05-10 21:13:53,al2404,al2404,17985.0,0.0,0.0,0.0,1,17970.0,18015.0,3,18035.0,17965.0,17985.0,17965.0,3.0,269575.0,458
2023-05-10 21:13:53,al2404,al2404,17985.0,0.0,0.0,0.0,1,17970.0,18015.0,3,18035.0,17965.0,17985.0,17965.0,3.0,269575.0,458
2023-05-10 21:13:55,al2404,al2404,17985.0,0.0,0.0,0.0,1,17970.0,18010.0,1,18035.0,17965.0,17985.0,17965.0,3.0,269575.0,458
2023-05-10 21:14:01,al2404,al2404,17985.0,0.0,0.0,0.0,1,17970.0,18010.0,1,18035.0,17965.0,17985.0,17965.0,3.0,269575.0,458
2023-05-10 21:14:02,al2404,al2404,17985.0,0.0,0.0,0.0,1,17970.0,18010.0,1,18035.0,17965.0,17985.0,17965.0,3.0,269575.0,458
2023-05-10 21:14:06,al2404,al2404,17985.0,0.0,0.0,0.0,1,17970.0,18010.0,1,18035.0,17965.0,17985.0,17965.0,3.0,269575.0,458
2023-05-10 21:14:07,al2404,al2404,17985.0,0.0,0.0,0.0,1,17970.0,18010.0,1,18035.0,17965.0,17985.0,17965.0,3.0,269575.0,458
2023-05-10 21:14:08,al2404,al2404,17985.0,0.0,0.0,0.0,1,17970.0,18010.0,1,18035.0,17965.0,17985.0,17965.0,3.0,269575.0,458
2023-05-10 21:14:08,al2404,al2404,17985.0,0.0,0.0,0.0,1,17970.0,18010.0,1,18035.0,17965.0,17985.0,17965.0,3.0,269575.0,458
2023-05-10 21:14:12,al2404,al2404,17985.0,0.0,0.0,0.0,1,17970.0,18010.0,1,18035.0,17965.0,17985.0,17965.0,3.0,269575.0,458
2023-05-10 21:14:13,al2404,al2404,17985.0,0.0,0.0,0.0,1,17970.0,18010.0,1,18035.0,17965.0,17985.0,17965.0,3.0,269575.0,458
2023-05-10 21:14:14,al2404,al2404,17985.0,0.0,0.0,0.0,1,17970.0,18010.0,1,18035.0,17965.0,17985.0,17965.0,3.0,269575.0,458
2023-05-10 21:14:15,al2404,al2404,17985.0,0.0,0.0,0.0,1,17970.0,18015.0,2,18035.0,17965.0,17985.0,17965.0,3.0,269575.0,458
2023-05-10 21:14:15,al2404,al2404,17985.0,0.0,0.0,0.0,1,17970.0,18015.0,3,18035.0,17965.0,17985.0,17965.0,3.0,269575.0,458
2023-05-10 21:14:24,al2404,al2404,17985.0,0.0,0.0,0.0,1,17970.0,18015.0,3,18035.0,17965.0,17985.0,17965.0,3.0,269575.0,458
2023-05-10 21:14:25,al2404,al2404,17985.0,0.0,0.0,0.0,1,17970.0,18015.0,3,18035.0,17965.0,17985.0,17965.0,3.0,269575.0,458
2023-05-10 21:14:32,al2404,al2404,17985.0,0.0,0.0,0.0,1,17970.0,18015.0,3,18035.0,17965.0,17985.0,17965.0,3.0,269575.0,458
2023-05-10 21:14:33,al2404,al2404,17985.0,0.0,0.0,0.0,1,17970.0,18015.0,3,18035.0,17965.0,17985.0,17965.0,3.0,269575.0,458
2023-05-10 21:14:35,al2404,al2404,17985.0,0.0,0.0,0.0,1,17970.0,18015.0,3,18035.0,17965.0,17985.0,17965.0,3.0,269575.0,458
2023-05-10 21:14:36,al2404,al2404,17985.0,0.0,0.0,0.0,1,17970.0,18015.0,3,18035.0,17965.0,17985.0,17965.0,3.0,269575.0,458
2023-05-10 21:14:38,al2404,al2404,17985.0,0.0,0.0,0.0,1,17970.0,18015.0,3,18035.0,17965.0,17985.0,17965.0,3.0,269575.0,458
2023-05-10 21:14:39,al2404,al2404,17985.0,0.0,0.0,0.0,1,17970.0,18015.0,3,18035.0,17965.0,17985.0,17965.0,3.0,269575.0,458
2023-05-10 21:14:42,al2404,al2404,17985.0,0.0,0.0,0.0,1,17970.0,18015.0,3,18035.0,17965.0,17985.0,17965.0,3.0,269575.0,458
2023-05-10 21:14:43,al2404,al2404,17985.0,0.0,0.0,0.0,3,17970.0,18015.0,3,18035.0,17965.0,17985.0,17965.0,3.0,269575.0,458
2023-05-10 21:14:48,al2404,al2404,17985.0,0.0,0.0,0.0,3,17970.0,18015.0,3,18035.0,17965.0,17985.0,17965.0,3.0,269575.0,458
2023-05-10 21:14:48,al2404,al2404,17985.0,0.0,0.0,0.0,1,17970.0,18015.0,3,18035.0,17965.0,17985.0,17965.0,3.0,269575.0,458
2023-05-10 21:14:55,al2404,al2404,17985.0,0.0,0.0,0.0,1,17970.0,18015.0,3,18035.0,17965.0,17985.0,17965.0,3.0,269575.0,458
2023-05-10 21:14:56,al2404,al2404,17985.0,0.0,0.0,0.0,1,17970.0,18015.0,3,18035.0,17965.0,17985.0,17965.0,3.0,269575.0,458
2023-05-10 21:14:58,al2404,al2404,17985.0,0.0,0.0,0.0,1,17970.0,18015.0,3,18035.0,17965.0,17985.0,17965.0,3.0,269575.0,458
2023-05-10 21:14:58,al2404,al2404,17985.0,0.0,0.0,0.0,1,17970.0,18015.0,3,18035.0,17965.0,17985.0,17965.0,3.0,269575.0,458
2023-05-10 21:14:59,al2404,al2404,17985.0,0.0,0.0,0.0,3,17970.0,18015.0,3,18035.0,17965.0,17985.0,17965.0,3.0,269575.0,458
2023-05-10 21:14:59,al2404,al2404,17985.0,0.0,0.0,0.0,3,17970.0,18015.0,3,18035.0,17965.0,17985.0,17965.0,3.0,269575.0,458
2023-05-10 21:15:00,al2404,al2404,17985.0,0.0,0.0,0.0,3,17970.0,18015.0,3,18035.0,17965.0,17985.0,17965.0,3.0,269575.0,458
2023-05-10 21:15:00,al2404,al2404,17985.0,0.0,0.0,0.0,2,17970.0,18015.0,3,18035.0,17965.0,17985.0,17965.0,3.0,269575.0,458
2023-05-10 21:15:01,al2404,al2404,17985.0,0.0,0.0,0.0,1,17950.0,18015.0,3,18035.0,17965.0,17985.0,17965.0,3.0,269575.0,458
2023-05-10 21:15:02,al2404,al2404,17985.0,0.0,0.0,0.0,2,17970.0,18015.0,3,18035.0,17965.0,17985.0,17965.0,3.0,269575.0,458
2023-05-10 21:15:02,al2404,al2404,17985.0,0.0,0.0,0.0,2,17970.0,18015.0,3,18035.0,17965.0,17985.0,17965.0,3.0,269575.0,458
2023-05-10 21:15:04,al2404,al2404,17985.0,0.0,0.0,0.0,2,17955.0,18015.0,3,18035.0,17965.0,17985.0,17965.0,3.0,269575.0,458
2023-05-10 21:15:05,al2404,al2404,17985.0,0.0,0.0,0.0,2,17970.0,18015.0,3,18035.0,17965.0,17985.0,17965.0,3.0,269575.0,458
2023-05-10 21:15:05,al2404,al2404,17985.0,0.0,0.0,0.0,2,17970.0,18015.0,3,18035.0,17965.0,17985.0,17965.0,3.0,269575.0,458
2023-05-10 21:15:16,al2404,al2404,17985.0,0.0,0.0,0.0,4,17970.0,18015.0,3,18035.0,17965.0,17985.0,17965.0,3.0,269575.0,458
2023-05-10 21:15:34,al2404,al2404,17985.0,0.0,0.0,0.0,4,17970.0,18015.0,2,18035.0,17965.0,17985.0,17965.0,3.0,269575.0,458
2023-05-10 21:15:47,al2404,al2404,17985.0,0.0,0.0,0.0,4,17970.0,18015.0,2,18035.0,17965.0,17985.0,17965.0,3.0,269575.0,458
2023-05-10 21:15:48,al2404,al2404,17985.0,0.0,0.0,0.0,4,17970.0,18015.0,2,18035.0,17965.0,17985.0,17965.0,3.0,269575.0,458
2023-05-10 21:15:49,al2404,al2404,17985.0,0.0,0.0,0.0,4,17970.0,18015.0,2,18035.0,17965.0,17985.0,17965.0,3.0,269575.0,458
2023-05-10 21:15:50,al2404,al2404,17985.0,0.0,0.0,0.0,2,17975.0,18015.0,2,18035.0,17965.0,17985.0,17965.0,3.0,269575.0,458
2023-05-10 21:15:50,al2404,al2404,17985.0,0.0,0.0,0.0,2,17975.0,18015.0,2,18035.0,17965.0,17985.0,17965.0,3.0,269575.0,458
2023-05-10 21:15:54,al2404,al2404,17985.0,0.0,0.0,0.0,2,17975.0,18015.0,2,18035.0,17965.0,17985.0,17965.0,3.0,269575.0,458
2023-05-10 21:15:54,al2404,al2404,17985.0,0.0,0.0,0.0,2,17975.0,18015.0,3,18035.0,17965.0,17985.0,17965.0,3.0,269575.0,458
2023-05-10 21:15:55,al2404,al2404,17985.0,0.0,0.0,0.0,2,17975.0,18010.0,1,18035.0,17965.0,17985.0,17965.0,3.0,269575.0,458
2023-05-10 21:15:57,al2404,al2404,17985.0,0.0,0.0,0.0,2,17975.0,18015.0,2,18035.0,17965.0,17985.0,17965.0,3.0,269575.0,458
2023-05-10 21:15:57,al2404,al2404,17985.0,0.0,0.0,0.0,2,17975.0,18015.0,3,18035.0,17965.0,17985.0,17965.0,3.0,269575.0,458
2023-05-10 21:16:02,al2404,al2404,17985.0,0.0,0.0,0.0,2,17975.0,18010.0,1,18035.0,17965.0,17985.0,17965.0,3.0,269575.0,458
2023-05-10 21:16:05,al2404,al2404,17985.0,0.0,0.0,0.0,1,17905.0,18010.0,1,18035.0,17965.0,17985.0,17965.0,3.0,269575.0,458
2023-05-10 21:16:06,al2404,al2404,17985.0,0.0,0.0,0.0,3,17910.0,18010.0,2,18035.0,17965.0,17985.0,17965.0,3.0,269575.0,458
2023-05-10 21:16:06,al2404,al2404,17985.0,0.0,0.0,0.0,10,17910.0,18010.0,2,18035.0,17965.0,17985.0,17965.0,3.0,269575.0,458
2023-05-10 21:16:08,al2404,al2404,17985.0,0.0,0.0,0.0,12,17910.0,18010.0,2,18035.0,17965.0,17985.0,17965.0,3.0,269575.0,458
2023-05-10 21:16:12,al2404,al2404,17985.0,0.0,0.0,0.0,10,17910.0,18010.0,2,18035.0,17965.0,17985.0,17965.0,3.0,269575.0,458
2023-05-10 21:16:12,al2404,al2404,17985.0,0.0,0.0,0.0,12,17910.0,18010.0,2,18035.0,17965.0,17985.0,17965.0,3.0,269575.0,458
2023-05-10 21:16:39,al2404,al2404,17985.0,0.0,0.0,0.0,12,17910.0,18010.0,2,18035.0,17965.0,17985.0,17965.0,3.0,269575.0,458
2023-05-10 21:16:44,al2404,al2404,17985.0,0.0,0.0,0.0,10,17910.0,18010.0,2,18035.0,17965.0,17985.0,17965.0,3.0,269575.0,458
2023-05-10 21:16:44,al2404,al2404,17985.0,0.0,0.0,0.0,12,17910.0,18010.0,2,18035.0,17965.0,17985.0,17965.0,3.0,269575.0,458
2023-05-10 21:16:55,al2404,al2404,17985.0,0.0,0.0,0.0,10,17910.0,18010.0,2,18035.0,17965.0,17985.0,17965.0,3.0,269575.0,458
2023-05-10 21:16:56,al2404,al2404,17985.0,0.0,0.0,0.0,12,17910.0,18010.0,2,18035.0,17965.0,17985.0,17965.0,3.0,269575.0,458
2023-05-10 21:17:06,al2404,al2404,17985.0,0.0,0.0,0.0,10,17910.0,18005.0,2,18035.0,17965.0,17985.0,17965.0,3.0,269575.0,458
2023-05-10 21:17:07,al2404,al2404,17985.0,0.0,0.0,0.0,10,17910.0,18000.0,1,18035.0,17965.0,17985.0,17965.0,3.0,269575.0,458
2023-05-10 21:17:07,al2404,al2404,17985.0,0.0,0.0,0.0,10,17910.0,18000.0,2,18035.0,17965.0,17985.0,17965.0,3.0,269575.0,458
2023-05-10 21:17:11,al2404,al2404,17985.0,0.0,0.0,0.0,10,17910.0,18000.0,2,18035.0,17965.0,17985.0,17965.0,3.0,269575.0,458
2023-05-10 21:17:11,al2404,al2404,17985.0,0.0,0.0,0.0,10,17910.0,18000.0,2,18035.0,17965.0,17985.0,17965.0,3.0,269575.0,458
2023-05-10 21:17:16,al2404,al2404,17985.0,0.0,0.0,0.0,10,17915.0,18000.0,2,18035.0,17965.0,17985.0,17965.0,3.0,269575.0,458
2023-05-10 21:17:16,al2404,al2404,17985.0,0.0,0.0,0.0,1,17920.0,18000.0,2,18035.0,17965.0,17985.0,17965.0,3.0,269575.0,458
2023-05-10 21:17:17,al2404,al2404,17985.0,0.0,0.0,0.0,2,17925.0,18000.0,2,18035.0,17965.0,17985.0,17965.0,3.0,269575.0,458
2023-05-10 21:17:17,al2404,al2404,17985.0,0.0,0.0,0.0,4,17925.0,18000.0,2,18035.0,17965.0,17985.0,17965.0,3.0,269575.0,458
2023-05-10 21:17:18,al2404,al2404,17985.0,0.0,0.0,0.0,4,17925.0,18000.0,2,18035.0,17965.0,17985.0,17965.0,3.0,269575.0,458
2023-05-10 21:17:19,al2404,al2404,17985.0,0.0,0.0,0.0,2,17930.0,18000.0,2,18035.0,17965.0,17985.0,17965.0,3.0,269575.0,458
2023-05-10 21:17:19,al2404,al2404,17985.0,0.0,0.0,0.0,4,17930.0,18000.0,2,18035.0,17965.0,17985.0,17965.0,3.0,269575.0,458
2023-05-10 21:17:20,al2404,al2404,17985.0,0.0,0.0,0.0,4,17930.0,18000.0,2,18035.0,17965.0,17985.0,17965.0,3.0,269575.0,458
2023-05-10 21:17:20,al2404,al2404,17985.0,0.0,0.0,0.0,2,17950.0,18000.0,2,18035.0,17965.0,17985.0,17965.0,3.0,269575.0,458
2023-05-10 21:17:21,al2404,al2404,17985.0,0.0,0.0,0.0,2,17950.0,18000.0,2,18035.0,17965.0,17985.0,17965.0,3.0,269575.0,458
2023-05-10 21:17:22,al2404,al2404,17985.0,0.0,0.0,0.0,2,17950.0,18000.0,2,18035.0,17965.0,17985.0,17965.0,3.0,269575.0,458
2023-05-10 21:17:24,al2404,al2404,17985.0,0.0,0.0,0.0,2,17950.0,18000.0,2,18035.0,17965.0,17985.0,17965.0,3.0,269575.0,458
2023-05-10 21:17:26,al2404,al2404,17985.0,0.0,0.0,0.0,4,17950.0,18000.0,2,18035.0,17965.0,17985.0,17965.0,3.0,269575.0,458
2023-05-10 21:17:26,al2404,al2404,17985.0,0.0,0.0,0.0,4,17950.0,18000.0,1,18035.0,17965.0,17985.0,17965.0,3.0,269575.0,458
2023-05-10 21:17:33,al2404,al2404,17985.0,0.0,0.0,0.0,2,17950.0,18000.0,1,18035.0,17965.0,17985.0,17965.0,3.0,269575.0,458
2023-05-10 21:17:46,al2404,al2404,17985.0,0.0,0.0,0.0,2,17950.0,18000.0,1,18035.0,17965.0,17985.0,17965.0,3.0,269575.0,458
2023-05-10 21:17:46,al2404,al2404,17985.0,0.0,0.0,0.0,2,17950.0,18000.0,2,18035.0,17965.0,17985.0,17965.0,3.0,269575.0,458
2023-05-10 21:17:48,al2404,al2404,17985.0,0.0,0.0,0.0,2,17950.0,17995.0,2,18035.0,17965.0,17985.0,17965.0,3.0,269575.0,458
2023-05-10 21:17:49,al2404,al2404,17985.0,0.0,0.0,0.0,2,17950.0,17995.0,3,18035.0,17965.0,17985.0,17965.0,3.0,269575.0,458
2023-05-10 21:17:59,al2404,al2404,17985.0,0.0,0.0,0.0,10,17915.0,17995.0,3,18035.0,17965.0,17985.0,17965.0,3.0,269575.0,458
2023-05-10 21:17:59,al2404,al2404,17985.0,0.0,0.0,0.0,5,17920.0,17995.0,3,18035.0,17965.0,17985.0,17965.0,3.0,269575.0,458
2023-05-10 21:18:00,al2404,al2404,17985.0,0.0,0.0,0.0,2,17925.0,17995.0,3,18035.0,17965.0,17985.0,17965.0,3.0,269575.0,458
2023-05-10 21:18:00,al2404,al2404,17985.0,0.0,0.0,0.0,2,17925.0,17995.0,3,18035.0,17965.0,17985.0,17965.0,3.0,269575.0,458
2023-05-10 21:18:01,al2404,al2404,17985.0,0.0,0.0,0.0,3,17925.0,17995.0,3,18035.0,17965.0,17985.0,17965.0,3.0,269575.0,458
2023-05-10 21:18:01,al2404,al2404,17985.0,0.0,0.0,0.0,4,17925.0,17995.0,3,18035.0,17965.0,17985.0,17965.0,3.0,269575.0,458
2023-05-10 21:18:03,al2404,al2404,17985.0,0.0,0.0,0.0,4,17925.0,17995.0,3,18035.0,17965.0,17985.0,17965.0,3.0,269575.0,458
2023-05-10 21:18:03,al2404,al2404,17985.0,0.0,0.0,0.0,4,17930.0,17995.0,3,18035.0,17965.0,17985.0,17965.0,3.0,269575.0,458
2023-05-10 21:18:04,al2404,al2404,17985.0,0.0,0.0,0.0,4,17930.0,17995.0,3,18035.0,17965.0,17985.0,17965.0,3.0,269575.0,458
2023-05-10 21:18:04,al2404,al2404,17985.0,0.0,0.0,0.0,4,17930.0,17995.0,3,18035.0,17965.0,17985.0,17965.0,3.0,269575.0,458
2023-05-10 21:18:05,al2404,al2404,17985.0,0.0,0.0,0.0,2,17950.0,17995.0,3,18035.0,17965.0,17985.0,17965.0,3.0,269575.0,458
2023-05-10 21:18:05,al2404,al2404,17985.0,0.0,0.0,0.0,2,17950.0,17990.0,1,18035.0,17965.0,17985.0,17965.0,3.0,269575.0,458
2023-05-10 21:18:06,al2404,al2404,17985.0,0.0,0.0,0.0,2,17950.0,17990.0,1,18035.0,17965.0,17985.0,17965.0,3.0,269575.0,458
2023-05-10 21:18:06,al2404,al2404,17985.0,0.0,0.0,0.0,2,17950.0,17995.0,2,18035.0,17965.0,17985.0,17965.0,3.0,269575.0,458
2023-05-10 21:18:07,al2404,al2404,17985.0,0.0,0.0,0.0,2,17950.0,17995.0,3,18035.0,17965.0,17985.0,17965.0,3.0,269575.0,458
2023-05-10 21:18:22,al2404,al2404,17985.0,0.0,0.0,0.0,2,17950.0,17990.0,1,18035.0,17965.0,17985.0,17965.0,3.0,269575.0,458
2023-05-10 21:18:22,al2404,al2404,17985.0,0.0,0.0,0.0,2,17950.0,17995.0,2,18035.0,17965.0,17985.0,17965.0,3.0,269575.0,458
2023-05-10 21:18:23,al2404,al2404,17985.0,0.0,0.0,0.0,2,17950.0,17990.0,1,18035.0,17965.0,17985.0,17965.0,3.0,269575.0,458
2023-05-10 21:18:23,al2404,al2404,17985.0,0.0,0.0,0.0,2,17950.0,17980.0,2,18035.0,17965.0,17985.0,17965.0,3.0,269575.0,458
2023-05-10 21:18:24,al2404,al2404,17985.0,0.0,0.0,0.0,2,17950.0,17980.0,2,18035.0,17965.0,17985.0,17965.0,3.0,269575.0,458
2023-05-10 21:18:25,al2404,al2404,17985.0,0.0,0.0,0.0,10,17915.0,17980.0,2,18035.0,17965.0,17985.0,17965.0,3.0,269575.0,458
2023-05-10 21:18:25,al2404,al2404,17985.0,0.0,0.0,0.0,1,17920.0,17980.0,2,18035.0,17965.0,17985.0,17965.0,3.0,269575.0,458
2023-05-10 21:18:26,al2404,al2404,17985.0,0.0,0.0,0.0,1,17925.0,17980.0,2,18035.0,17965.0,17985.0,17965.0,3.0,269575.0,458
2023-05-10 21:18:26,al2404,al2404,17985.0,0.0,0.0,0.0,1,17925.0,17980.0,2,18035.0,17965.0,17985.0,17965.0,3.0,269575.0,458
2023-05-10 21:18:27,al2404,al2404,17985.0,0.0,0.0,0.0,1,17925.0,17980.0,2,18035.0,17965.0,17985.0,17965.0,3.0,269575.0,458
2023-05-10 21:18:27,al2404,al2404,17985.0,0.0,0.0,0.0,2,17945.0,17980.0,2,18035.0,17965.0,17985.0,17965.0,3.0,269575.0,458
2023-05-10 21:18:28,al2404,al2404,17985.0,0.0,0.0,0.0,2,17945.0,17980.0,2,18035.0,17965.0,17985.0,17965.0,3.0,269575.0,458
2023-05-10 21:18:29,al2404,al2404,17985.0,0.0,0.0,0.0,2,17945.0,17980.0,2,18035.0,17965.0,17985.0,17965.0,3.0,269575.0,458
2023-05-10 21:18:30,al2404,al2404,17985.0,0.0,0.0,0.0,2,17945.0,17980.0,2,18035.0,17965.0,17985.0,17965.0,3.0,269575.0,458
2023-05-10 21:18:38,al2404,al2404,17985.0,0.0,0.0,0.0,4,17945.0,17980.0,2,18035.0,17965.0,17985.0,17965.0,3.0,269575.0,458
2023-05-10 21:18:38,al2404,al2404,17985.0,0.0,0.0,0.0,6,17945.0,17980.0,2,18035.0,17965.0,17985.0,17965.0,3.0,269575.0,458
2023-05-10 21:18:39,al2404,al2404,17985.0,0.0,0.0,0.0,4,17945.0,17980.0,2,18035.0,17965.0,17985.0,17965.0,3.0,269575.0,458
2023-05-10 21:18:44,al2404,al2404,17985.0,0.0,0.0,0.0,2,17945.0,17980.0,2,18035.0,17965.0,17985.0,17965.0,3.0,269575.0,458
2023-05-10 21:18:50,al2404,al2404,17985.0,0.0,0.0,0.0,4,17945.0,17980.0,2,18035.0,17965.0,17985.0,17965.0,3.0,269575.0,458
2023-05-10 21:18:52,al2404,al2404,17985.0,0.0,0.0,0.0,6,17945.0,17980.0,2,18035.0,17965.0,17985.0,17965.0,3.0,269575.0,458
2023-05-10 21:18:53,al2404,al2404,17985.0,0.0,0.0,0.0,4,17945.0,17980.0,2,18035.0,17965.0,17985.0,17965.0,3.0,269575.0,458
2023-05-10 21:18:59,al2404,al2404,17985.0,0.0,0.0,0.0,4,17945.0,17980.0,2,18035.0,17965.0,17985.0,17965.0,3.0,269575.0,458
2023-05-10 21:19:02,al2404,al2404,17985.0,0.0,0.0,0.0,2,17945.0,17980.0,2,18035.0,17965.0,17985.0,17965.0,3.0,269575.0,458
2023-05-10 21:19:05,al2404,al2404,17985.0,0.0,0.0,0.0,4,17945.0,17980.0,2,18035.0,17965.0,17985.0,17965.0,3.0,269575.0,458
2023-05-10 21:19:13,al2404,al2404,17985.0,0.0,0.0,0.0,4,17945.0,17980.0,4,18035.0,17965.0,17985.0,17965.0,3.0,269575.0,458
2023-05-10 21:19:17,al2404,al2404,17945.0,2.0,179450.0,1.0,4,17945.0,17980.0,2,18035.0,17965.0,17985.0,17945.0,5.0,449025.0,459
2023-05-10 21:19:18,al2404,al2404,17945.0,0.0,0.0,0.0,4,17945.0,18065.0,1,18035.0,17965.0,17985.0,17945.0,5.0,449025.0,459
2023-05-10 21:19:19,al2404,al2404,17945.0,0.0,0.0,0.0,3,17945.0,18060.0,4,18035.0,17965.0,17985.0,17945.0,5.0,449025.0,459
2023-05-10 21:19:19,al2404,al2404,17945.0,0.0,0.0,0.0,3,17945.0,18060.0,4,18035.0,17965.0,17985.0,17945.0,5.0,449025.0,459
2023-05-10 21:19:20,al2404,al2404,17945.0,0.0,0.0,0.0,1,17945.0,18055.0,5,18035.0,17965.0,17985.0,17945.0,5.0,449025.0,459
2023-05-10 21:19:20,al2404,al2404,17945.0,0.0,0.0,0.0,2,17950.0,18050.0,2,18035.0,17965.0,17985.0,17945.0,5.0,449025.0,459
2023-05-10 21:19:21,al2404,al2404,17945.0,0.0,0.0,0.0,2,17950.0,18050.0,5,18035.0,17965.0,17985.0,17945.0,5.0,449025.0,459
2023-05-10 21:19:21,al2404,al2404,17945.0,0.0,0.0,0.0,2,17950.0,18045.0,2,18035.0,17965.0,17985.0,17945.0,5.0,449025.0,459
2023-05-10 21:19:22,al2404,al2404,17945.0,0.0,0.0,0.0,2,17950.0,18040.0,2,18035.0,17965.0,17985.0,17945.0,5.0,449025.0,459
2023-05-10 21:19:22,al2404,al2404,17945.0,0.0,0.0,0.0,2,17950.0,18040.0,3,18035.0,17965.0,17985.0,17945.0,5.0,449025.0,459
2023-05-10 21:19:23,al2404,al2404,17945.0,0.0,0.0,0.0,2,17950.0,18040.0,3,18035.0,17965.0,17985.0,17945.0,5.0,449025.0,459
2023-05-10 21:19:23,al2404,al2404,17945.0,0.0,0.0,0.0,2,17950.0,18030.0,1,18035.0,17965.0,17985.0,17945.0,5.0,449025.0,459
2023-05-10 21:19:24,al2404,al2404,17945.0,0.0,0.0,0.0,2,17950.0,18025.0,1,18035.0,17965.0,17985.0,17945.0,5.0,449025.0,459
2023-05-10 21:19:24,al2404,al2404,17945.0,0.0,0.0,0.0,10,17915.0,18025.0,3,18035.0,17965.0,17985.0,17945.0,5.0,449025.0,459
2023-05-10 21:19:25,al2404,al2404,17945.0,0.0,0.0,0.0,5,17920.0,18005.0,1,18035.0,17965.0,17985.0,17945.0,5.0,449025.0,459
2023-05-10 21:19:25,al2404,al2404,17945.0,0.0,0.0,0.0,6,17920.0,18000.0,1,18035.0,17965.0,17985.0,17945.0,5.0,449025.0,459
2023-05-10 21:19:26,al2404,al2404,17945.0,0.0,0.0,0.0,6,17920.0,18000.0,2,18035.0,17965.0,17985.0,17945.0,5.0,449025.0,459
2023-05-10 21:19:26,al2404,al2404,17945.0,0.0,0.0,0.0,6,17920.0,18000.0,2,18035.0,17965.0,17985.0,17945.0,5.0,449025.0,459
2023-05-10 21:19:27,al2404,al2404,17945.0,0.0,0.0,0.0,7,17920.0,18000.0,2,18035.0,17965.0,17985.0,17945.0,5.0,449025.0,459
2023-05-10 21:19:30,al2404,al2404,17945.0,0.0,0.0,0.0,5,17945.0,18000.0,2,18035.0,17965.0,17985.0,17945.0,5.0,449025.0,459
2023-05-10 21:19:30,al2404,al2404,17945.0,0.0,0.0,0.0,10,17945.0,18000.0,2,18035.0,17965.0,17985.0,17945.0,5.0,449025.0,459
2023-05-10 21:19:32,al2404,al2404,17945.0,0.0,0.0,0.0,12,17945.0,18000.0,2,18035.0,17965.0,17985.0,17945.0,5.0,449025.0,459
2023-05-10 21:19:33,al2404,al2404,17945.0,0.0,0.0,0.0,12,17945.0,18000.0,2,18035.0,17965.0,17985.0,17945.0,5.0,449025.0,459
2023-05-10 21:19:35,al2404,al2404,17945.0,0.0,0.0,0.0,22,17945.0,18000.0,2,18035.0,17965.0,17985.0,17945.0,5.0,449025.0,459
2023-05-10 21:19:35,al2404,al2404,17945.0,0.0,0.0,0.0,22,17945.0,18000.0,2,18035.0,17965.0,17985.0,17945.0,5.0,449025.0,459
2023-05-10 21:19:36,al2404,al2404,17945.0,0.0,0.0,0.0,2,17950.0,18000.0,2,18035.0,17965.0,17985.0,17945.0,5.0,449025.0,459
2023-05-10 21:19:36,al2404,al2404,17945.0,0.0,0.0,0.0,2,17950.0,18000.0,2,18035.0,17965.0,17985.0,17945.0,5.0,449025.0,459
2023-05-10 21:19:46,al2404,al2404,17945.0,0.0,0.0,0.0,2,17950.0,18000.0,2,18035.0,17965.0,17985.0,17945.0,5.0,449025.0,459
2023-05-10 21:19:46,al2404,al2404,17945.0,0.0,0.0,0.0,2,17950.0,18000.0,1,18035.0,17965.0,17985.0,17945.0,5.0,449025.0,459
2023-05-10 21:19:55,al2404,al2404,17945.0,0.0,0.0,0.0,2,17950.0,17995.0,2,18035.0,17965.0,17985.0,17945.0,5.0,449025.0,459
2023-05-10 21:19:55,al2404,al2404,17945.0,0.0,0.0,0.0,20,17945.0,17995.0,3,18035.0,17965.0,17985.0,17945.0,5.0,449025.0,459
2023-05-10 21:19:56,al2404,al2404,17945.0,0.0,0.0,0.0,24,17945.0,17995.0,3,18035.0,17965.0,17985.0,17945.0,5.0,449025.0,459
2023-05-10 21:19:57,al2404,al2404,17945.0,0.0,0.0,0.0,24,17945.0,17990.0,1,18035.0,17965.0,17985.0,17945.0,5.0,449025.0,459
2023-05-10 21:19:58,al2404,al2404,17945.0,0.0,0.0,0.0,24,17945.0,17990.0,1,18035.0,17965.0,17985.0,17945.0,5.0,449025.0,459
2023-05-10 21:19:58,al2404,al2404,17945.0,0.0,0.0,0.0,24,17945.0,17985.0,1,18035.0,17965.0,17985.0,17945.0,5.0,449025.0,459
2023-05-10 21:19:59,al2404,al2404,17945.0,0.0,0.0,0.0,24,17945.0,17995.0,2,18035.0,17965.0,17985.0,17945.0,5.0,449025.0,459
2023-05-10 21:19:59,al2404,al2404,17945.0,0.0,0.0,0.0,24,17945.0,17990.0,1,18035.0,17965.0,17985.0,17945.0,5.0,449025.0,459
2023-05-10 21:20:00,al2404,al2404,17945.0,0.0,0.0,0.0,24,17945.0,17995.0,2,18035.0,17965.0,17985.0,17945.0,5.0,449025.0,459
2023-05-10 21:20:00,al2404,al2404,17945.0,0.0,0.0,0.0,22,17945.0,17995.0,3,18035.0,17965.0,17985.0,17945.0,5.0,449025.0,459
2023-05-10 21:20:02,al2404,al2404,17945.0,0.0,0.0,0.0,2,17950.0,17995.0,3,18035.0,17965.0,17985.0,17945.0,5.0,449025.0,459
2023-05-10 21:20:03,al2404,al2404,17945.0,0.0,0.0,0.0,2,17950.0,17995.0,3,18035.0,17965.0,17985.0,17945.0,5.0,449025.0,459
2023-05-10 21:20:04,al2404,al2404,17945.0,0.0,0.0,0.0,2,17950.0,17995.0,2,18035.0,17965.0,17985.0,17945.0,5.0,449025.0,459
2023-05-10 21:20:05,al2404,al2404,17945.0,0.0,0.0,0.0,2,17950.0,17995.0,3,18035.0,17965.0,17985.0,17945.0,5.0,449025.0,459
2023-05-10 21:20:07,al2404,al2404,17945.0,0.0,0.0,0.0,2,17950.0,17995.0,2,18035.0,17965.0,17985.0,17945.0,5.0,449025.0,459
2023-05-10 21:20:08,al2404,al2404,17945.0,0.0,0.0,0.0,2,17950.0,17995.0,2,18035.0,17965.0,17985.0,17945.0,5.0,449025.0,459
2023-05-10 21:20:09,al2404,al2404,17945.0,0.0,0.0,0.0,2,17950.0,17995.0,2,18035.0,17965.0,17985.0,17945.0,5.0,449025.0,459
2023-05-10 21:20:09,al2404,al2404,17945.0,0.0,0.0,0.0,2,17950.0,17995.0,3,18035.0,17965.0,17985.0,17945.0,5.0,449025.0,459
2023-05-10 21:20:12,al2404,al2404,17945.0,0.0,0.0,0.0,2,17950.0,17995.0,2,18035.0,17965.0,17985.0,17945.0,5.0,449025.0,459
2023-05-10 21:20:14,al2404,al2404,17945.0,0.0,0.0,0.0,4,17950.0,17995.0,2,18035.0,17965.0,17985.0,17945.0,5.0,449025.0,459
2023-05-10 21:20:15,al2404,al2404,17945.0,0.0,0.0,0.0,2,17950.0,17995.0,2,18035.0,17965.0,17985.0,17945.0,5.0,449025.0,459
2023-05-10 21:20:17,al2404,al2404,17945.0,0.0,0.0,0.0,4,17950.0,17995.0,2,18035.0,17965.0,17985.0,17945.0,5.0,449025.0,459
2023-05-10 21:20:31,al2404,al2404,17945.0,0.0,0.0,0.0,2,17950.0,17995.0,2,18035.0,17965.0,17985.0,17945.0,5.0,449025.0,459
2023-05-10 21:20:33,al2404,al2404,17945.0,0.0,0.0,0.0,10,17945.0,17995.0,3,18035.0,17965.0,17985.0,17945.0,5.0,449025.0,459
2023-05-10 21:20:33,al2404,al2404,17945.0,0.0,0.0,0.0,12,17945.0,17995.0,3,18035.0,17965.0,17985.0,17945.0,5.0,449025.0,459
2023-05-10 21:20:36,al2404,al2404,17945.0,0.0,0.0,0.0,10,17945.0,17995.0,3,18035.0,17965.0,17985.0,17945.0,5.0,449025.0,459
2023-05-10 21:20:36,al2404,al2404,17945.0,0.0,0.0,0.0,2,17950.0,17995.0,3,18035.0,17965.0,17985.0,17945.0,5.0,449025.0,459
2023-05-10 21:20:58,al2404,al2404,17945.0,0.0,0.0,0.0,10,17945.0,17995.0,3,18035.0,17965.0,17985.0,17945.0,5.0,449025.0,459
2023-05-10 21:20:58,al2404,al2404,17945.0,0.0,0.0,0.0,12,17945.0,17995.0,3,18035.0,17965.0,17985.0,17945.0,5.0,449025.0,459
2023-05-10 21:21:00,al2404,al2404,17945.0,0.0,0.0,0.0,12,17945.0,17990.0,1,18035.0,17965.0,17985.0,17945.0,5.0,449025.0,459
2023-05-10 21:21:01,al2404,al2404,17945.0,0.0,0.0,0.0,12,17945.0,17995.0,2,18035.0,17965.0,17985.0,17945.0,5.0,449025.0,459
2023-05-10 21:21:02,al2404,al2404,17945.0,0.0,0.0,0.0,12,17945.0,17995.0,3,18035.0,17965.0,17985.0,17945.0,5.0,449025.0,459
2023-05-10 21:21:03,al2404,al2404,17945.0,0.0,0.0,0.0,12,17945.0,17990.0,1,18035.0,17965.0,17985.0,17945.0,5.0,449025.0,459
2023-05-10 21:21:40,al2404,al2404,17945.0,0.0,0.0,0.0,12,17945.0,17990.0,1,18035.0,17965.0,17985.0,17945.0,5.0,449025.0,459
2023-05-10 21:21:59,al2404,al2404,17945.0,0.0,0.0,0.0,12,17945.0,17985.0,2,18035.0,17965.0,17985.0,17945.0,5.0,449025.0,459
2023-05-10 21:22:00,al2404,al2404,17945.0,0.0,0.0,0.0,12,17945.0,17985.0,3,18035.0,17965.0,17985.0,17945.0,5.0,449025.0,459
2023-05-10 21:22:00,al2404,al2404,17945.0,0.0,0.0,0.0,10,17945.0,17985.0,3,18035.0,17965.0,17985.0,17945.0,5.0,449025.0,459
2023-05-10 21:22:49,al2404,al2404,17945.0,0.0,0.0,0.0,10,17945.0,17985.0,2,18035.0,17965.0,17985.0,17945.0,5.0,449025.0,459
2023-05-10 21:23:13,al2404,al2404,17945.0,0.0,0.0,0.0,10,17945.0,17985.0,3,18035.0,17965.0,17985.0,17945.0,5.0,449025.0,459
2023-05-10 21:23:26,al2404,al2404,17945.0,0.0,0.0,0.0,10,17945.0,17985.0,2,18035.0,17965.0,17985.0,17945.0,5.0,449025.0,459
2023-05-10 21:23:28,al2404,al2404,17945.0,0.0,0.0,0.0,12,17945.0,17985.0,2,18035.0,17965.0,17985.0,17945.0,5.0,449025.0,459
2023-05-10 21:23:29,al2404,al2404,17945.0,0.0,0.0,0.0,12,17945.0,17985.0,3,18035.0,17965.0,17985.0,17945.0,5.0,449025.0,459
2023-05-10 21:23:30,al2404,al2404,17945.0,0.0,0.0,0.0,12,17945.0,17985.0,2,18035.0,17965.0,17985.0,17945.0,5.0,449025.0,459
2023-05-10 21:23:30,al2404,al2404,17945.0,0.0,0.0,0.0,12,17945.0,17985.0,3,18035.0,17965.0,17985.0,17945.0,5.0,449025.0,459
2023-05-10 21:23:31,al2404,al2404,17945.0,0.0,0.0,0.0,10,17945.0,17985.0,3,18035.0,17965.0,17985.0,17945.0,5.0,449025.0,459
2023-05-10 21:23:40,al2404,al2404,17945.0,0.0,0.0,0.0,10,17915.0,17985.0,3,18035.0,17965.0,17985.0,17945.0,5.0,449025.0,459
2023-05-10 21:23:40,al2404,al2404,17945.0,0.0,0.0,0.0,2,17920.0,17985.0,3,18035.0,17965.0,17985.0,17945.0,5.0,449025.0,459
2023-05-10 21:23:41,al2404,al2404,17945.0,0.0,0.0,0.0,2,17920.0,17985.0,3,18035.0,17965.0,17985.0,17945.0,5.0,449025.0,459
2023-05-10 21:23:42,al2404,al2404,17945.0,0.0,0.0,0.0,4,17920.0,17985.0,3,18035.0,17965.0,17985.0,17945.0,5.0,449025.0,459
2023-05-10 21:23:42,al2404,al2404,17945.0,0.0,0.0,0.0,2,17925.0,17985.0,3,18035.0,17965.0,17985.0,17945.0,5.0,449025.0,459
2023-05-10 21:23:43,al2404,al2404,17945.0,0.0,0.0,0.0,2,17925.0,17985.0,3,18035.0,17965.0,17985.0,17945.0,5.0,449025.0,459
2023-05-10 21:23:44,al2404,al2404,17945.0,0.0,0.0,0.0,4,17925.0,17985.0,3,18035.0,17965.0,17985.0,17945.0,5.0,449025.0,459
2023-05-10 21:23:45,al2404,al2404,17945.0,0.0,0.0,0.0,4,17925.0,17985.0,3,18035.0,17965.0,17985.0,17945.0,5.0,449025.0,459
2023-05-10 21:24:22,al2404,al2404,17945.0,0.0,0.0,0.0,6,17925.0,17985.0,3,18035.0,17965.0,17985.0,17945.0,5.0,449025.0,459
2023-05-10 21:24:25,al2404,al2404,17945.0,0.0,0.0,0.0,6,17925.0,17985.0,3,18035.0,17965.0,17985.0,17945.0,5.0,449025.0,459
2023-05-10 21:24:28,al2404,al2404,17945.0,0.0,0.0,0.0,10,17935.0,17985.0,3,18035.0,17965.0,17985.0,17945.0,5.0,449025.0,459
2023-05-10 21:24:28,al2404,al2404,17945.0,0.0,0.0,0.0,10,17935.0,17985.0,3,18035.0,17965.0,17985.0,17945.0,5.0,449025.0,459
2023-05-10 21:24:29,al2404,al2404,17945.0,0.0,0.0,0.0,12,17935.0,17985.0,3,18035.0,17965.0,17985.0,17945.0,5.0,449025.0,459
2023-05-10 21:24:45,al2404,al2404,17945.0,0.0,0.0,0.0,12,17935.0,17985.0,3,18035.0,17965.0,17985.0,17945.0,5.0,449025.0,459
2023-05-10 21:24:49,al2404,al2404,17945.0,0.0,0.0,0.0,12,17935.0,17980.0,1,18035.0,17965.0,17985.0,17945.0,5.0,449025.0,459
2023-05-10 21:24:49,al2404,al2404,17945.0,0.0,0.0,0.0,10,17945.0,17985.0,2,18035.0,17965.0,17985.0,17945.0,5.0,449025.0,459
2023-05-10 21:24:50,al2404,al2404,17945.0,0.0,0.0,0.0,10,17945.0,17985.0,3,18035.0,17965.0,17985.0,17945.0,5.0,449025.0,459
2023-05-10 21:24:54,al2404,al2404,17945.0,0.0,0.0,0.0,10,17945.0,17985.0,3,18035.0,17965.0,17985.0,17945.0,5.0,449025.0,459
2023-05-10 21:24:54,al2404,al2404,17945.0,0.0,0.0,0.0,10,17945.0,17980.0,1,18035.0,17965.0,17985.0,17945.0,5.0,449025.0,459
2023-05-10 21:24:55,al2404,al2404,17945.0,0.0,0.0,0.0,10,17945.0,17980.0,1,18035.0,17965.0,17985.0,17945.0,5.0,449025.0,459
2023-05-10 21:24:56,al2404,al2404,17945.0,0.0,0.0,0.0,10,17945.0,17985.0,2,18035.0,17965.0,17985.0,17945.0,5.0,449025.0,459
2023-05-10 21:24:56,al2404,al2404,17945.0,0.0,0.0,0.0,10,17945.0,17985.0,3,18035.0,17965.0,17985.0,17945.0,5.0,449025.0,459
2023-05-10 21:25:04,al2404,al2404,17945.0,0.0,0.0,0.0,10,17945.0,17980.0,1,18035.0,17965.0,17985.0,17945.0,5.0,449025.0,459
2023-05-10 21:25:04,al2404,al2404,17945.0,0.0,0.0,0.0,10,17945.0,17980.0,1,18035.0,17965.0,17985.0,17945.0,5.0,449025.0,459
2023-05-10 21:25:06,al2404,al2404,17945.0,0.0,0.0,0.0,10,17945.0,17980.0,2,18035.0,17965.0,17985.0,17945.0,5.0,449025.0,459
2023-05-10 21:25:31,al2404,al2404,17945.0,0.0,0.0,0.0,10,17945.0,17980.0,2,18035.0,17965.0,17985.0,17945.0,5.0,449025.0,459
2023-05-10 21:25:39,al2404,al2404,17945.0,0.0,0.0,0.0,10,17945.0,17975.0,1,18035.0,17965.0,17985.0,17945.0,5.0,449025.0,459
2023-05-10 21:25:41,al2404,al2404,17945.0,0.0,0.0,0.0,10,17945.0,17975.0,1,18035.0,17965.0,17985.0,17945.0,5.0,449025.0,459
2023-05-10 21:25:42,al2404,al2404,17945.0,0.0,0.0,0.0,10,17945.0,17980.0,1,18035.0,17965.0,17985.0,17945.0,5.0,449025.0,459
2023-05-10 21:25:43,al2404,al2404,17945.0,0.0,0.0,0.0,10,17945.0,17980.0,2,18035.0,17965.0,17985.0,17945.0,5.0,449025.0,459
2023-05-10 21:25:50,al2404,al2404,17945.0,0.0,0.0,0.0,10,17945.0,17975.0,1,18035.0,17965.0,17985.0,17945.0,5.0,449025.0,459
2023-05-10 21:25:59,al2404,al2404,17945.0,0.0,0.0,0.0,10,17945.0,17980.0,1,18035.0,17965.0,17985.0,17945.0,5.0,449025.0,459
2023-05-10 21:26:00,al2404,al2404,17945.0,0.0,0.0,0.0,10,17945.0,17980.0,2,18035.0,17965.0,17985.0,17945.0,5.0,449025.0,459
2023-05-10 21:26:03,al2404,al2404,17945.0,0.0,0.0,0.0,10,17945.0,17975.0,1,18035.0,17965.0,17985.0,17945.0,5.0,449025.0,459
2023-05-10 21:26:04,al2404,al2404,17945.0,0.0,0.0,0.0,10,17945.0,17980.0,1,18035.0,17965.0,17985.0,17945.0,5.0,449025.0,459
2023-05-10 21:26:04,al2404,al2404,17945.0,0.0,0.0,0.0,10,17945.0,17980.0,2,18035.0,17965.0,17985.0,17945.0,5.0,449025.0,459
2023-05-10 21:26:11,al2404,al2404,17945.0,0.0,0.0,0.0,10,17945.0,17975.0,2,18035.0,17965.0,17985.0,17945.0,5.0,449025.0,459
2023-05-10 21:26:12,al2404,al2404,17945.0,0.0,0.0,0.0,10,17945.0,17975.0,2,18035.0,17965.0,17985.0,17945.0,5.0,449025.0,459
2023-05-10 21:26:16,al2404,al2404,17945.0,0.0,0.0,0.0,10,17945.0,17975.0,3,18035.0,17965.0,17985.0,17945.0,5.0,449025.0,459
2023-05-10 21:26:16,al2404,al2404,17945.0,0.0,0.0,0.0,10,17945.0,17975.0,2,18035.0,17965.0,17985.0,17945.0,5.0,449025.0,459
2023-05-10 21:26:38,al2404,al2404,17945.0,0.0,0.0,0.0,10,17945.0,17975.0,2,18035.0,17965.0,17985.0,17945.0,5.0,449025.0,459
2023-05-10 21:26:46,al2404,al2404,17945.0,0.0,0.0,0.0,10,17945.0,17970.0,1,18035.0,17965.0,17985.0,17945.0,5.0,449025.0,459
2023-05-10 21:26:47,al2404,al2404,17945.0,0.0,0.0,0.0,10,17945.0,17975.0,2,18035.0,17965.0,17985.0,17945.0,5.0,449025.0,459
2023-05-10 21:27:04,al2404,al2404,17945.0,0.0,0.0,0.0,10,17945.0,17975.0,3,18035.0,17965.0,17985.0,17945.0,5.0,449025.0,459
2023-05-10 21:27:04,al2404,al2404,17945.0,0.0,0.0,0.0,10,17945.0,17975.0,2,18035.0,17965.0,17985.0,17945.0,5.0,449025.0,459
2023-05-10 21:27:37,al2404,al2404,17945.0,0.0,0.0,0.0,10,17945.0,17975.0,3,18035.0,17965.0,17985.0,17945.0,5.0,449025.0,459
2023-05-10 21:27:37,al2404,al2404,17945.0,0.0,0.0,0.0,10,17945.0,17975.0,2,18035.0,17965.0,17985.0,17945.0,5.0,449025.0,459
2023-05-10 21:27:44,al2404,al2404,17945.0,0.0,0.0,0.0,10,17915.0,17975.0,2,18035.0,17965.0,17985.0,17945.0,5.0,449025.0,459
2023-05-10 21:27:45,al2404,al2404,17945.0,0.0,0.0,0.0,2,17930.0,17975.0,2,18035.0,17965.0,17985.0,17945.0,5.0,449025.0,459
2023-05-10 21:27:45,al2404,al2404,17945.0,0.0,0.0,0.0,2,17930.0,17975.0,2,18035.0,17965.0,17985.0,17945.0,5.0,449025.0,459
2023-05-10 21:27:46,al2404,al2404,17945.0,0.0,0.0,0.0,2,17930.0,17975.0,2,18035.0,17965.0,17985.0,17945.0,5.0,449025.0,459
2023-05-10 21:28:00,al2404,al2404,17945.0,0.0,0.0,0.0,2,17930.0,17975.0,2,18035.0,17965.0,17985.0,17945.0,5.0,449025.0,459
2023-05-10 21:28:01,al2404,al2404,17945.0,0.0,0.0,0.0,10,17915.0,17975.0,2,18035.0,17965.0,17985.0,17945.0,5.0,449025.0,459
2023-05-10 21:28:02,al2404,al2404,17945.0,0.0,0.0,0.0,2,17920.0,17975.0,2,18035.0,17965.0,17985.0,17945.0,5.0,449025.0,459
2023-05-10 21:28:02,al2404,al2404,17945.0,0.0,0.0,0.0,2,17920.0,17975.0,2,18035.0,17965.0,17985.0,17945.0,5.0,449025.0,459
2023-05-10 21:28:03,al2404,al2404,17945.0,0.0,0.0,0.0,3,17920.0,17975.0,2,18035.0,17965.0,17985.0,17945.0,5.0,449025.0,459
2023-05-10 21:28:04,al2404,al2404,17945.0,0.0,0.0,0.0,10,17940.0,17975.0,2,18035.0,17965.0,17985.0,17945.0,5.0,449025.0,459
2023-05-10 21:28:04,al2404,al2404,17945.0,0.0,0.0,0.0,10,17940.0,17975.0,2,18035.0,17965.0,17985.0,17945.0,5.0,449025.0,459
2023-05-10 21:28:05,al2404,al2404,17945.0,0.0,0.0,0.0,10,17940.0,17975.0,2,18035.0,17965.0,17985.0,17945.0,5.0,449025.0,459
2023-05-10 21:28:06,al2404,al2404,17945.0,0.0,0.0,0.0,10,17940.0,17970.0,1,18035.0,17965.0,17985.0,17945.0,5.0,449025.0,459
2023-05-10 21:28:07,al2404,al2404,17945.0,0.0,0.0,0.0,10,17940.0,17975.0,2,18035.0,17965.0,17985.0,17945.0,5.0,449025.0,459
2023-05-10 21:28:14,al2404,al2404,17945.0,0.0,0.0,0.0,10,17940.0,17975.0,3,18035.0,17965.0,17985.0,17945.0,5.0,449025.0,459
2023-05-10 21:28:16,al2404,al2404,17945.0,0.0,0.0,0.0,5,17945.0,17975.0,3,18035.0,17965.0,17985.0,17945.0,5.0,449025.0,459
2023-05-10 21:28:17,al2404,al2404,17945.0,0.0,0.0,0.0,10,17945.0,17975.0,3,18035.0,17965.0,17985.0,17945.0,5.0,449025.0,459
2023-05-10 21:28:36,al2404,al2404,17945.0,0.0,0.0,0.0,10,17945.0,17975.0,2,18035.0,17965.0,17985.0,17945.0,5.0,449025.0,459
2023-05-10 21:28:56,al2404,al2404,17945.0,0.0,0.0,0.0,10,17945.0,17975.0,3,18035.0,17965.0,17985.0,17945.0,5.0,449025.0,459
2023-05-10 21:29:03,al2404,al2404,17945.0,0.0,0.0,0.0,10,17945.0,17970.0,1,18035.0,17965.0,17985.0,17945.0,5.0,449025.0,459
2023-05-10 21:29:03,al2404,al2404,17945.0,0.0,0.0,0.0,10,17945.0,17970.0,1,18035.0,17965.0,17985.0,17945.0,5.0,449025.0,459
2023-05-10 21:29:07,al2404,al2404,17945.0,0.0,0.0,0.0,10,17945.0,17975.0,2,18035.0,17965.0,17985.0,17945.0,5.0,449025.0,459
2023-05-10 21:29:08,al2404,al2404,17945.0,0.0,0.0,0.0,10,17945.0,17975.0,3,18035.0,17965.0,17985.0,17945.0,5.0,449025.0,459
2023-05-10 21:29:50,al2404,al2404,17945.0,0.0,0.0,0.0,10,17945.0,17970.0,1,18035.0,17965.0,17985.0,17945.0,5.0,449025.0,459
2023-05-10 21:29:51,al2404,al2404,17945.0,0.0,0.0,0.0,10,17945.0,17975.0,2,18035.0,17965.0,17985.0,17945.0,5.0,449025.0,459
2023-05-10 21:29:52,al2404,al2404,17945.0,0.0,0.0,0.0,10,17945.0,17975.0,3,18035.0,17965.0,17985.0,17945.0,5.0,449025.0,459
2023-05-10 21:29:57,al2404,al2404,17945.0,0.0,0.0,0.0,10,17940.0,17975.0,3,18035.0,17965.0,17985.0,17945.0,5.0,449025.0,459
2023-05-10 21:30:00,al2404,al2404,17945.0,0.0,0.0,0.0,10,17940.0,17970.0,1,18035.0,17965.0,17985.0,17945.0,5.0,449025.0,459
2023-05-10 21:30:01,al2404,al2404,17945.0,0.0,0.0,0.0,10,17940.0,17975.0,2,18035.0,17965.0,17985.0,17945.0,5.0,449025.0,459
2023-05-10 21:30:01,al2404,al2404,17945.0,0.0,0.0,0.0,10,17940.0,17975.0,3,18035.0,17965.0,17985.0,17945.0,5.0,449025.0,459
2023-05-10 21:30:02,al2404,al2404,17945.0,0.0,0.0,0.0,10,17940.0,17970.0,1,18035.0,17965.0,17985.0,17945.0,5.0,449025.0,459
2023-05-10 21:30:03,al2404,al2404,17945.0,0.0,0.0,0.0,10,17940.0,17975.0,2,18035.0,17965.0,17985.0,17945.0,5.0,449025.0,459
2023-05-10 21:30:04,al2404,al2404,17945.0,0.0,0.0,0.0,10,17940.0,17975.0,3,18035.0,17965.0,17985.0,17945.0,5.0,449025.0,459
2023-05-10 21:30:15,al2404,al2404,17945.0,0.0,0.0,0.0,10,17940.0,17970.0,1,18035.0,17965.0,17985.0,17945.0,5.0,449025.0,459
2023-05-10 21:30:40,al2404,al2404,17945.0,0.0,0.0,0.0,10,17940.0,17975.0,2,18035.0,17965.0,17985.0,17945.0,5.0,449025.0,459
2023-05-10 21:30:40,al2404,al2404,17945.0,0.0,0.0,0.0,10,17940.0,17975.0,3,18035.0,17965.0,17985.0,17945.0,5.0,449025.0,459
2023-05-10 21:31:11,al2404,al2404,17945.0,0.0,0.0,0.0,10,17940.0,17975.0,1,18035.0,17965.0,17985.0,17945.0,5.0,449025.0,459
2023-05-10 21:31:14,al2404,al2404,17945.0,0.0,0.0,0.0,10,17940.0,18065.0,1,18035.0,17965.0,17985.0,17945.0,5.0,449025.0,459
2023-05-10 21:31:14,al2404,al2404,17945.0,0.0,0.0,0.0,10,17940.0,18060.0,12,18035.0,17965.0,17985.0,17945.0,5.0,449025.0,459
2023-05-10 21:31:15,al2404,al2404,17945.0,0.0,0.0,0.0,10,17940.0,18060.0,14,18035.0,17965.0,17985.0,17945.0,5.0,449025.0,459
2023-05-10 21:31:15,al2404,al2404,17945.0,0.0,0.0,0.0,10,17940.0,18060.0,25,18035.0,17965.0,17985.0,17945.0,5.0,449025.0,459
2023-05-10 21:31:16,al2404,al2404,17945.0,0.0,0.0,0.0,10,17940.0,18060.0,27,18035.0,17965.0,17985.0,17945.0,5.0,449025.0,459
2023-05-10 21:31:30,al2404,al2404,17945.0,0.0,0.0,0.0,12,17940.0,18060.0,19,18035.0,17965.0,17985.0,17945.0,5.0,449025.0,459
2023-05-10 21:31:31,al2404,al2404,17945.0,0.0,0.0,0.0,12,17940.0,18060.0,17,18035.0,17965.0,17985.0,17945.0,5.0,449025.0,459
2023-05-10 21:31:32,al2404,al2404,17945.0,0.0,0.0,0.0,12,17940.0,18060.0,19,18035.0,17965.0,17985.0,17945.0,5.0,449025.0,459
2023-05-10 21:31:38,al2404,al2404,17945.0,0.0,0.0,0.0,12,17940.0,18060.0,17,18035.0,17965.0,17985.0,17945.0,5.0,449025.0,459
2023-05-10 21:31:39,al2404,al2404,17945.0,0.0,0.0,0.0,12,17940.0,18060.0,19,18035.0,17965.0,17985.0,17945.0,5.0,449025.0,459
2023-05-10 21:31:49,al2404,al2404,17945.0,0.0,0.0,0.0,12,17940.0,18055.0,2,18035.0,17965.0,17985.0,17945.0,5.0,449025.0,459
2023-05-10 21:31:50,al2404,al2404,17945.0,0.0,0.0,0.0,12,17940.0,18050.0,2,18035.0,17965.0,17985.0,17945.0,5.0,449025.0,459
2023-05-10 21:31:50,al2404,al2404,17945.0,0.0,0.0,0.0,10,17940.0,18045.0,5,18035.0,17965.0,17985.0,17945.0,5.0,449025.0,459
2023-05-10 21:31:51,al2404,al2404,17945.0,0.0,0.0,0.0,10,17940.0,18040.0,3,18035.0,17965.0,17985.0,17945.0,5.0,449025.0,459
2023-05-10 21:31:51,al2404,al2404,17945.0,0.0,0.0,0.0,10,17940.0,18040.0,7,18035.0,17965.0,17985.0,17945.0,5.0,449025.0,459
2023-05-10 21:31:52,al2404,al2404,17945.0,0.0,0.0,0.0,10,17940.0,18040.0,7,18035.0,17965.0,17985.0,17945.0,5.0,449025.0,459
2023-05-10 21:31:52,al2404,al2404,17945.0,0.0,0.0,0.0,10,17940.0,18030.0,1,18035.0,17965.0,17985.0,17945.0,5.0,449025.0,459
2023-05-10 21:31:53,al2404,al2404,17945.0,0.0,0.0,0.0,10,17940.0,18025.0,2,18035.0,17965.0,17985.0,17945.0,5.0,449025.0,459
2023-05-10 21:31:53,al2404,al2404,17945.0,0.0,0.0,0.0,10,17940.0,18020.0,2,18035.0,17965.0,17985.0,17945.0,5.0,449025.0,459
2023-05-10 21:31:54,al2404,al2404,17945.0,0.0,0.0,0.0,10,17940.0,18015.0,1,18035.0,17965.0,17985.0,17945.0,5.0,449025.0,459
2023-05-10 21:31:54,al2404,al2404,17945.0,0.0,0.0,0.0,10,17940.0,18010.0,1,18035.0,17965.0,17985.0,17945.0,5.0,449025.0,459
2023-05-10 21:31:55,al2404,al2404,17945.0,0.0,0.0,0.0,10,17940.0,18005.0,1,18035.0,17965.0,17985.0,17945.0,5.0,449025.0,459
2023-05-10 21:31:55,al2404,al2404,17945.0,0.0,0.0,0.0,10,17940.0,18005.0,2,18035.0,17965.0,17985.0,17945.0,5.0,449025.0,459
2023-05-10 21:31:56,al2404,al2404,17945.0,0.0,0.0,0.0,10,17940.0,18005.0,2,18035.0,17965.0,17985.0,17945.0,5.0,449025.0,459
2023-05-10 21:31:56,al2404,al2404,17945.0,0.0,0.0,0.0,10,17940.0,17995.0,1,18035.0,17965.0,17985.0,17945.0,5.0,449025.0,459
2023-05-10 21:31:57,al2404,al2404,17945.0,0.0,0.0,0.0,10,17940.0,17990.0,1,18035.0,17965.0,17985.0,17945.0,5.0,449025.0,459
2023-05-10 21:31:57,al2404,al2404,17945.0,0.0,0.0,0.0,10,17940.0,17990.0,2,18035.0,17965.0,17985.0,17945.0,5.0,449025.0,459
2023-05-10 21:31:58,al2404,al2404,17945.0,0.0,0.0,0.0,10,17940.0,17990.0,2,18035.0,17965.0,17985.0,17945.0,5.0,449025.0,459
2023-05-10 21:32:16,al2404,al2404,17945.0,0.0,0.0,0.0,10,17940.0,17990.0,2,18035.0,17965.0,17985.0,17945.0,5.0,449025.0,459
2023-05-10 21:32:16,al2404,al2404,17945.0,0.0,0.0,0.0,10,17940.0,17985.0,1,18035.0,17965.0,17985.0,17945.0,5.0,449025.0,459
2023-05-10 21:32:17,al2404,al2404,17945.0,0.0,0.0,0.0,10,17940.0,17980.0,1,18035.0,17965.0,17985.0,17945.0,5.0,449025.0,459
2023-05-10 21:32:24,al2404,al2404,17945.0,0.0,0.0,0.0,12,17940.0,17980.0,1,18035.0,17965.0,17985.0,17945.0,5.0,449025.0,459
2023-05-10 21:32:28,al2404,al2404,17945.0,0.0,0.0,0.0,12,17940.0,17980.0,1,18035.0,17965.0,17985.0,17945.0,5.0,449025.0,459
2023-05-10 21:32:32,al2404,al2404,17945.0,0.0,0.0,0.0,12,17940.0,17975.0,2,18035.0,17965.0,17985.0,17945.0,5.0,449025.0,459
2023-05-10 21:32:32,al2404,al2404,17945.0,0.0,0.0,0.0,12,17940.0,17975.0,2,18035.0,17965.0,17985.0,17945.0,5.0,449025.0,459
2023-05-10 21:32:38,al2404,al2404,17945.0,0.0,0.0,0.0,12,17940.0,17975.0,2,18035.0,17965.0,17985.0,17945.0,5.0,449025.0,459
2023-05-10 21:32:52,al2404,al2404,17945.0,0.0,0.0,0.0,12,17940.0,17970.0,1,18035.0,17965.0,17985.0,17945.0,5.0,449025.0,459
2023-05-10 21:32:52,al2404,al2404,17945.0,0.0,0.0,0.0,10,17940.0,17975.0,2,18035.0,17965.0,17985.0,17945.0,5.0,449025.0,459
2023-05-10 21:33:31,al2404,al2404,17945.0,0.0,0.0,0.0,12,17940.0,17975.0,2,18035.0,17965.0,17985.0,17945.0,5.0,449025.0,459
2023-05-10 21:33:53,al2404,al2404,17945.0,0.0,0.0,0.0,10,17940.0,17975.0,2,18035.0,17965.0,17985.0,17945.0,5.0,449025.0,459
2023-05-10 21:34:07,al2404,al2404,17945.0,0.0,0.0,0.0,10,17940.0,17975.0,3,18035.0,17965.0,17985.0,17945.0,5.0,449025.0,459
2023-05-10 21:34:39,al2404,al2404,17945.0,0.0,0.0,0.0,5,17945.0,17975.0,3,18035.0,17965.0,17985.0,17945.0,5.0,449025.0,459
2023-05-10 21:34:41,al2404,al2404,17945.0,0.0,0.0,0.0,10,17945.0,17975.0,3,18035.0,17965.0,17985.0,17945.0,5.0,449025.0,459
2023-05-10 21:34:42,al2404,al2404,17945.0,0.0,0.0,0.0,10,17945.0,17970.0,1,18035.0,17965.0,17985.0,17945.0,5.0,449025.0,459
2023-05-10 21:34:43,al2404,al2404,17945.0,0.0,0.0,0.0,10,17945.0,17970.0,2,18035.0,17965.0,17985.0,17945.0,5.0,449025.0,459
2023-05-10 21:34:43,al2404,al2404,17945.0,0.0,0.0,0.0,10,17945.0,17970.0,1,18035.0,17965.0,17985.0,17945.0,5.0,449025.0,459
2023-05-10 21:34:54,al2404,al2404,17945.0,0.0,0.0,0.0,5,17945.0,17970.0,1,18035.0,17965.0,17985.0,17945.0,5.0,449025.0,459
2023-05-10 21:34:55,al2404,al2404,17945.0,0.0,0.0,0.0,10,17940.0,17970.0,1,18035.0,17965.0,17985.0,17945.0,5.0,449025.0,459
2023-05-10 21:35:19,al2404,al2404,17945.0,0.0,0.0,0.0,10,17940.0,17970.0,1,18035.0,17965.0,17985.0,17945.0,5.0,449025.0,459
2023-05-10 21:35:59,al2404,al2404,17945.0,0.0,0.0,0.0,10,17940.0,17965.0,2,18035.0,17965.0,17985.0,17945.0,5.0,449025.0,459
2023-05-10 21:36:00,al2404,al2404,17945.0,0.0,0.0,0.0,10,17940.0,17965.0,2,18035.0,17965.0,17985.0,17945.0,5.0,449025.0,459
2023-05-10 21:36:01,al2404,al2404,17945.0,0.0,0.0,0.0,10,17940.0,18060.0,1,18035.0,17965.0,17985.0,17945.0,5.0,449025.0,459
2023-05-10 21:36:01,al2404,al2404,17945.0,0.0,0.0,0.0,10,17940.0,18055.0,12,18035.0,17965.0,17985.0,17945.0,5.0,449025.0,459
2023-05-10 21:36:02,al2404,al2404,17945.0,0.0,0.0,0.0,10,17940.0,18050.0,1,18035.0,17965.0,17985.0,17945.0,5.0,449025.0,459
2023-05-10 21:36:02,al2404,al2404,17945.0,0.0,0.0,0.0,10,17940.0,18045.0,2,18035.0,17965.0,17985.0,17945.0,5.0,449025.0,459
2023-05-10 21:36:03,al2404,al2404,17945.0,0.0,0.0,0.0,10,17940.0,18040.0,1,18035.0,17965.0,17985.0,17945.0,5.0,449025.0,459
2023-05-10 21:36:03,al2404,al2404,17945.0,0.0,0.0,0.0,10,17940.0,18035.0,2,18035.0,17965.0,17985.0,17945.0,5.0,449025.0,459
2023-05-10 21:36:04,al2404,al2404,17945.0,0.0,0.0,0.0,10,17940.0,18030.0,1,18035.0,17965.0,17985.0,17945.0,5.0,449025.0,459
2023-05-10 21:36:04,al2404,al2404,17945.0,0.0,0.0,0.0,10,17940.0,18025.0,2,18035.0,17965.0,17985.0,17945.0,5.0,449025.0,459
2023-05-10 21:36:05,al2404,al2404,17945.0,0.0,0.0,0.0,10,17940.0,18025.0,6,18035.0,17965.0,17985.0,17945.0,5.0,449025.0,459
2023-05-10 21:36:05,al2404,al2404,17945.0,0.0,0.0,0.0,10,17940.0,18015.0,1,18035.0,17965.0,17985.0,17945.0,5.0,449025.0,459
2023-05-10 21:36:06,al2404,al2404,17945.0,0.0,0.0,0.0,10,17940.0,18010.0,1,18035.0,17965.0,17985.0,17945.0,5.0,449025.0,459
2023-05-10 21:36:06,al2404,al2404,17945.0,0.0,0.0,0.0,10,17940.0,18010.0,4,18035.0,17965.0,17985.0,17945.0,5.0,449025.0,459
2023-05-10 21:36:07,al2404,al2404,17945.0,0.0,0.0,0.0,10,17940.0,17990.0,1,18035.0,17965.0,17985.0,17945.0,5.0,449025.0,459
2023-05-10 21:36:07,al2404,al2404,17945.0,0.0,0.0,0.0,10,17940.0,17985.0,1,18035.0,17965.0,17985.0,17945.0,5.0,449025.0,459
2023-05-10 21:36:08,al2404,al2404,17945.0,0.0,0.0,0.0,10,17940.0,17985.0,1,18035.0,17965.0,17985.0,17945.0,5.0,449025.0,459
2023-05-10 21:36:09,al2404,al2404,17945.0,0.0,0.0,0.0,10,17940.0,17975.0,1,18035.0,17965.0,17985.0,17945.0,5.0,449025.0,459
2023-05-10 21:36:09,al2404,al2404,17945.0,0.0,0.0,0.0,10,17940.0,17975.0,2,18035.0,17965.0,17985.0,17945.0,5.0,449025.0,459
2023-05-10 21:36:11,al2404,al2404,17945.0,0.0,0.0,0.0,10,17940.0,17975.0,1,18035.0,17965.0,17985.0,17945.0,5.0,449025.0,459
2023-05-10 21:36:12,al2404,al2404,17945.0,0.0,0.0,0.0,10,17940.0,17975.0,1,18035.0,17965.0,17985.0,17945.0,5.0,449025.0,459
2023-05-10 21:36:12,al2404,al2404,17945.0,0.0,0.0,0.0,10,17940.0,17970.0,1,18035.0,17965.0,17985.0,17945.0,5.0,449025.0,459
2023-05-10 21:36:36,al2404,al2404,17945.0,0.0,0.0,0.0,10,17940.0,18060.0,1,18035.0,17965.0,17985.0,17945.0,5.0,449025.0,459
2023-05-10 21:36:37,al2404,al2404,17945.0,0.0,0.0,0.0,10,17940.0,18055.0,12,18035.0,17965.0,17985.0,17945.0,5.0,449025.0,459
