time,symbol_id,symbol_name,last,trade_volume,trade_amount,open_interest_change,bv1,bp1,ap1,av1,yesterday_close,today_open,today_high,today_low,volume,amount,open_interest
2023-05-10 20:59:00,hc2309,hc2309,3790.0,0.0,0.0,0.0,1,3770.0,3806.0,1,3790.0,3790.0,0.0,0.0,0.0,0.0,7534
2023-05-10 21:00:01,hc2309,hc2309,3790.0,0.0,0.0,0.0,34,3781.0,3800.0,34,3790.0,3790.0,0.0,0.0,0.0,0.0,7534
2023-05-10 21:00:01,hc2309,hc2309,3790.0,0.0,0.0,0.0,1,3788.0,3796.0,1,3790.0,3790.0,0.0,0.0,0.0,0.0,7534
2023-05-10 21:00:02,hc2309,hc2309,3790.0,1.0,37900.0,1.0,2,3788.0,3792.0,2,3790.0,3790.0,3790.0,3790.0,1.0,37900.0,7535
2023-05-10 21:00:02,hc2309,hc2309,3791.0,1.0,37910.0,1.0,3,3792.0,3800.0,34,3790.0,3790.0,3791.0,3790.0,2.0,75810.0,7536
2023-05-10 21:00:03,hc2309,hc2309,3791.0,0.0,0.0,0.0,1,3793.0,3799.0,2,3790.0,3790.0,3791.0,3790.0,2.0,75810.0,7536
2023-05-10 21:00:03,hc2309,hc2309,3791.0,0.0,0.0,0.0,1,3788.0,3798.0,2,3790.0,3790.0,3791.0,3790.0,2.0,75810.0,7536
2023-05-10 21:00:04,hc2309,hc2309,3791.0,0.0,0.0,0.0,1,3791.0,3798.0,5,3790.0,3790.0,3791.0,3790.0,2.0,75810.0,7536
2023-05-10 21:00:04,hc2309,hc2309,3791.0,0.0,0.0,0.0,1,3791.0,3797.0,2,3790.0,3790.0,3791.0,3790.0,2.0,75810.0,7536
2023-05-10 21:00:05,hc2309,hc2309,3791.0,0.0,0.0,0.0,1,3792.0,3797.0,2,3790.0,3790.0,3791.0,3790.0,2.0,75810.0,7536
2023-05-10 21:00:05,hc2309,hc2309,3791.0,0.0,0.0,0.0,1,3791.0,3798.0,1,3790.0,3790.0,3791.0,3790.0,2.0,75810.0,7536
2023-05-10 21:00:06,hc2309,hc2309,3791.0,0.0,0.0,0.0,1,3791.0,3798.0,4,3790.0,3790.0,3791.0,3790.0,2.0,75810.0,7536
2023-05-10 21:00:06,hc2309,hc2309,3791.0,0.0,0.0,0.0,1,3791.0,3798.0,5,3790.0,3790.0,3791.0,3790.0,2.0,75810.0,7536
2023-05-10 21:00:07,hc2309,hc2309,3791.0,0.0,0.0,0.0,1,3792.0,3798.0,4,3790.0,3790.0,3791.0,3790.0,2.0,75810.0,7536
2023-05-10 21:00:07,hc2309,hc2309,3791.0,0.0,0.0,0.0,1,3791.0,3798.0,5,3790.0,3790.0,3791.0,3790.0,2.0,75810.0,7536
2023-05-10 21:00:08,hc2309,hc2309,3791.0,0.0,0.0,0.0,1,3792.0,3798.0,5,3790.0,3790.0,3791.0,3790.0,2.0,75810.0,7536
2023-05-10 21:00:08,hc2309,hc2309,3791.0,0.0,0.0,0.0,2,3794.0,3798.0,2,3790.0,3790.0,3791.0,3790.0,2.0,75810.0,7536
2023-05-10 21:00:09,hc2309,hc2309,3791.0,0.0,0.0,0.0,2,3795.0,3800.0,1,3790.0,3790.0,3791.0,3790.0,2.0,75810.0,7536
2023-05-10 21:00:09,hc2309,hc2309,3791.0,0.0,0.0,0.0,1,3793.0,3800.0,5,3790.0,3790.0,3791.0,3790.0,2.0,75810.0,7536
2023-05-10 21:00:10,hc2309,hc2309,3791.0,0.0,0.0,0.0,1,3794.0,3800.0,5,3790.0,3790.0,3791.0,3790.0,2.0,75810.0,7536
2023-05-10 21:00:10,hc2309,hc2309,3791.0,0.0,0.0,0.0,1,3793.0,3800.0,4,3790.0,3790.0,3791.0,3790.0,2.0,75810.0,7536
2023-05-10 21:00:11,hc2309,hc2309,3791.0,0.0,0.0,0.0,1,3793.0,3800.0,4,3790.0,3790.0,3791.0,3790.0,2.0,75810.0,7536
2023-05-10 21:00:12,hc2309,hc2309,3791.0,0.0,0.0,0.0,1,3792.0,3799.0,1,3790.0,3790.0,3791.0,3790.0,2.0,75810.0,7536
2023-05-10 21:00:12,hc2309,hc2309,3791.0,0.0,0.0,0.0,1,3792.0,3799.0,2,3790.0,3790.0,3791.0,3790.0,2.0,75810.0,7536
2023-05-10 21:00:13,hc2309,hc2309,3791.0,0.0,0.0,0.0,1,3792.0,3799.0,3,3790.0,3790.0,3791.0,3790.0,2.0,75810.0,7536
2023-05-10 21:00:14,hc2309,hc2309,3791.0,0.0,0.0,0.0,1,3793.0,3799.0,2,3790.0,3790.0,3791.0,3790.0,2.0,75810.0,7536
2023-05-10 21:00:14,hc2309,hc2309,3791.0,0.0,0.0,0.0,1,3792.0,3799.0,1,3790.0,3790.0,3791.0,3790.0,2.0,75810.0,7536
2023-05-10 21:00:15,hc2309,hc2309,3791.0,0.0,0.0,0.0,1,3793.0,3799.0,2,3790.0,3790.0,3791.0,3790.0,2.0,75810.0,7536
2023-05-10 21:00:15,hc2309,hc2309,3791.0,0.0,0.0,0.0,1,3792.0,3800.0,3,3790.0,3790.0,3791.0,3790.0,2.0,75810.0,7536
2023-05-10 21:00:16,hc2309,hc2309,3791.0,0.0,0.0,0.0,1,3792.0,3799.0,3,3790.0,3790.0,3791.0,3790.0,2.0,75810.0,7536
2023-05-10 21:00:16,hc2309,hc2309,3791.0,0.0,0.0,0.0,1,3793.0,3799.0,2,3790.0,3790.0,3791.0,3790.0,2.0,75810.0,7536
2023-05-10 21:00:17,hc2309,hc2309,3791.0,0.0,0.0,0.0,1,3792.0,3800.0,3,3790.0,3790.0,3791.0,3790.0,2.0,75810.0,7536
2023-05-10 21:00:17,hc2309,hc2309,3791.0,0.0,0.0,0.0,1,3792.0,3799.0,3,3790.0,3790.0,3791.0,3790.0,2.0,75810.0,7536
2023-05-10 21:00:18,hc2309,hc2309,3791.0,0.0,0.0,0.0,1,3792.0,3799.0,4,3790.0,3790.0,3791.0,3790.0,2.0,75810.0,7536
2023-05-10 21:00:19,hc2309,hc2309,3791.0,0.0,0.0,0.0,34,3783.0,3798.0,1,3790.0,3790.0,3791.0,3790.0,2.0,75810.0,7536
2023-05-10 21:00:20,hc2309,hc2309,3791.0,0.0,0.0,0.0,1,3791.0,3798.0,3,3790.0,3790.0,3791.0,3790.0,2.0,75810.0,7536
2023-05-10 21:00:20,hc2309,hc2309,3791.0,0.0,0.0,0.0,3,3792.0,3797.0,1,3790.0,3790.0,3791.0,3790.0,2.0,75810.0,7536
2023-05-10 21:00:21,hc2309,hc2309,3791.0,0.0,0.0,0.0,3,3792.0,3797.0,2,3790.0,3790.0,3791.0,3790.0,2.0,75810.0,7536
2023-05-10 21:00:21,hc2309,hc2309,3791.0,0.0,0.0,0.0,3,3792.0,3797.0,3,3790.0,3790.0,3791.0,3790.0,2.0,75810.0,7536
2023-05-10 21:00:22,hc2309,hc2309,3791.0,0.0,0.0,0.0,3,3792.0,3797.0,4,3790.0,3790.0,3791.0,3790.0,2.0,75810.0,7536
2023-05-10 21:00:22,hc2309,hc2309,3791.0,0.0,0.0,0.0,2,3793.0,3797.0,2,3790.0,3790.0,3791.0,3790.0,2.0,75810.0,7536
2023-05-10 21:00:23,hc2309,hc2309,3791.0,0.0,0.0,0.0,3,3792.0,3797.0,2,3790.0,3790.0,3791.0,3790.0,2.0,75810.0,7536
2023-05-10 21:00:23,hc2309,hc2309,3791.0,0.0,0.0,0.0,2,3783.0,3796.0,3,3790.0,3790.0,3791.0,3790.0,2.0,75810.0,7536
2023-05-10 21:00:24,hc2309,hc2309,3791.0,0.0,0.0,0.0,1,3790.0,3797.0,2,3790.0,3790.0,3791.0,3790.0,2.0,75810.0,7536
2023-05-10 21:00:24,hc2309,hc2309,3791.0,0.0,0.0,0.0,1,3790.0,3796.0,3,3790.0,3790.0,3791.0,3790.0,2.0,75810.0,7536
2023-05-10 21:00:25,hc2309,hc2309,3791.0,0.0,0.0,0.0,1,3790.0,3796.0,3,3790.0,3790.0,3791.0,3790.0,2.0,75810.0,7536
2023-05-10 21:00:25,hc2309,hc2309,3791.0,0.0,0.0,0.0,2,3792.0,3796.0,3,3790.0,3790.0,3791.0,3790.0,2.0,75810.0,7536
2023-05-10 21:00:26,hc2309,hc2309,3791.0,0.0,0.0,0.0,1,3789.0,3796.0,3,3790.0,3790.0,3791.0,3790.0,2.0,75810.0,7536
2023-05-10 21:00:27,hc2309,hc2309,3791.0,0.0,0.0,0.0,1,3790.0,3796.0,5,3790.0,3790.0,3791.0,3790.0,2.0,75810.0,7536
2023-05-10 21:00:27,hc2309,hc2309,3791.0,0.0,0.0,0.0,2,3792.0,3796.0,3,3790.0,3790.0,3791.0,3790.0,2.0,75810.0,7536
2023-05-10 21:00:30,hc2309,hc2309,3791.0,0.0,0.0,0.0,2,3792.0,3796.0,5,3790.0,3790.0,3791.0,3790.0,2.0,75810.0,7536
2023-05-10 21:00:31,hc2309,hc2309,3792.0,2.0,75840.0,0.0,1,3789.0,3796.0,7,3790.0,3790.0,3792.0,3790.0,4.0,151650.0,7536
2023-05-10 21:00:31,hc2309,hc2309,3792.0,0.0,0.0,0.0,20,3788.0,3793.0,2,3790.0,3790.0,3792.0,3790.0,4.0,151650.0,7536
2023-05-10 21:00:32,hc2309,hc2309,3792.0,0.0,0.0,0.0,2,3790.0,3796.0,23,3790.0,3790.0,3792.0,3790.0,4.0,151650.0,7536
2023-05-10 21:00:32,hc2309,hc2309,3792.0,0.0,0.0,0.0,1,3789.0,3794.0,2,3790.0,3790.0,3792.0,3790.0,4.0,151650.0,7536
2023-05-10 21:00:33,hc2309,hc2309,3792.0,0.0,0.0,0.0,2,3792.0,3794.0,2,3790.0,3790.0,3792.0,3790.0,4.0,151650.0,7536
2023-05-10 21:00:33,hc2309,hc2309,3792.0,0.0,0.0,0.0,2,3792.0,3796.0,3,3790.0,3790.0,3792.0,3790.0,4.0,151650.0,7536
2023-05-10 21:00:34,hc2309,hc2309,3792.0,2.0,75840.0,2.0,1,3790.0,3795.0,2,3790.0,3790.0,3792.0,3790.0,6.0,227490.0,7538
2023-05-10 21:00:34,hc2309,hc2309,3792.0,0.0,0.0,0.0,2,3790.0,3794.0,1,3790.0,3790.0,3792.0,3790.0,6.0,227490.0,7538
2023-05-10 21:00:35,hc2309,hc2309,3792.0,0.0,0.0,0.0,2,3790.0,3796.0,3,3790.0,3790.0,3792.0,3790.0,6.0,227490.0,7538
2023-05-10 21:00:35,hc2309,hc2309,3792.0,0.0,0.0,0.0,2,3790.0,3794.0,2,3790.0,3790.0,3792.0,3790.0,6.0,227490.0,7538
2023-05-10 21:00:36,hc2309,hc2309,3792.0,0.0,0.0,0.0,2,3790.0,3794.0,2,3790.0,3790.0,3792.0,3790.0,6.0,227490.0,7538
2023-05-10 21:00:36,hc2309,hc2309,3792.0,0.0,0.0,0.0,1,3791.0,3794.0,2,3790.0,3790.0,3792.0,3790.0,6.0,227490.0,7538
2023-05-10 21:00:37,hc2309,hc2309,3792.0,0.0,0.0,0.0,2,3790.0,3793.0,2,3790.0,3790.0,3792.0,3790.0,6.0,227490.0,7538
2023-05-10 21:00:37,hc2309,hc2309,3792.0,0.0,0.0,0.0,2,3790.0,3796.0,3,3790.0,3790.0,3792.0,3790.0,6.0,227490.0,7538
2023-05-10 21:00:38,hc2309,hc2309,3792.0,0.0,0.0,0.0,1,3791.0,3794.0,2,3790.0,3790.0,3792.0,3790.0,6.0,227490.0,7538
2023-05-10 21:00:38,hc2309,hc2309,3792.0,0.0,0.0,0.0,1,3791.0,3794.0,5,3790.0,3790.0,3792.0,3790.0,6.0,227490.0,7538
2023-05-10 21:00:39,hc2309,hc2309,3792.0,0.0,0.0,0.0,1,3791.0,3794.0,8,3790.0,3790.0,3792.0,3790.0,6.0,227490.0,7538
2023-05-10 21:00:40,hc2309,hc2309,3792.0,0.0,0.0,0.0,1,3792.0,3794.0,6,3790.0,3790.0,3792.0,3790.0,6.0,227490.0,7538
2023-05-10 21:00:41,hc2309,hc2309,3792.0,0.0,0.0,0.0,1,3792.0,3795.0,6,3790.0,3790.0,3792.0,3790.0,6.0,227490.0,7538
2023-05-10 21:00:41,hc2309,hc2309,3792.0,0.0,0.0,0.0,2,3792.0,3795.0,6,3790.0,3790.0,3792.0,3790.0,6.0,227490.0,7538
2023-05-10 21:00:43,hc2309,hc2309,3792.0,2.0,75840.0,2.0,7,3791.0,3794.0,2,3790.0,3790.0,3792.0,3790.0,8.0,303330.0,7540
2023-05-10 21:00:43,hc2309,hc2309,3792.0,0.0,0.0,0.0,1,3792.0,3795.0,6,3790.0,3790.0,3792.0,3790.0,8.0,303330.0,7540
2023-05-10 21:00:44,hc2309,hc2309,3792.0,0.0,0.0,0.0,1,3793.0,3795.0,6,3790.0,3790.0,3792.0,3790.0,8.0,303330.0,7540
2023-05-10 21:00:44,hc2309,hc2309,3792.0,0.0,0.0,0.0,1,3793.0,3796.0,9,3790.0,3790.0,3792.0,3790.0,8.0,303330.0,7540
2023-05-10 21:00:45,hc2309,hc2309,3792.0,0.0,0.0,0.0,1,3793.0,3796.0,9,3790.0,3790.0,3792.0,3790.0,8.0,303330.0,7540
2023-05-10 21:00:45,hc2309,hc2309,3792.0,0.0,0.0,0.0,4,3793.0,3796.0,12,3790.0,3790.0,3792.0,3790.0,8.0,303330.0,7540
2023-05-10 21:00:46,hc2309,hc2309,3792.0,0.0,0.0,0.0,4,3793.0,3795.0,2,3790.0,3790.0,3792.0,3790.0,8.0,303330.0,7540
2023-05-10 21:00:47,hc2309,hc2309,3792.0,0.0,0.0,0.0,4,3793.0,3796.0,12,3790.0,3790.0,3792.0,3790.0,8.0,303330.0,7540
2023-05-10 21:00:47,hc2309,hc2309,3792.0,0.0,0.0,0.0,4,3793.0,3796.0,12,3790.0,3790.0,3792.0,3790.0,8.0,303330.0,7540
2023-05-10 21:00:49,hc2309,hc2309,3792.0,0.0,0.0,0.0,1,3794.0,3796.0,12,3790.0,3790.0,3792.0,3790.0,8.0,303330.0,7540
2023-05-10 21:00:49,hc2309,hc2309,3792.0,0.0,0.0,0.0,3,3794.0,3795.0,2,3790.0,3790.0,3792.0,3790.0,8.0,303330.0,7540
2023-05-10 21:00:50,hc2309,hc2309,3792.0,0.0,0.0,0.0,10,3793.0,3795.0,2,3790.0,3790.0,3792.0,3790.0,8.0,303330.0,7540
2023-05-10 21:00:50,hc2309,hc2309,3792.0,0.0,0.0,0.0,3,3793.0,3795.0,2,3790.0,3790.0,3792.0,3790.0,8.0,303330.0,7540
2023-05-10 21:00:51,hc2309,hc2309,3792.0,0.0,0.0,0.0,11,3792.0,3795.0,5,3790.0,3790.0,3792.0,3790.0,8.0,303330.0,7540
2023-05-10 21:00:51,hc2309,hc2309,3792.0,0.0,0.0,0.0,1,3793.0,3795.0,5,3790.0,3790.0,3792.0,3790.0,8.0,303330.0,7540
2023-05-10 21:00:52,hc2309,hc2309,3792.0,0.0,0.0,0.0,4,3793.0,3795.0,2,3790.0,3790.0,3792.0,3790.0,8.0,303330.0,7540
2023-05-10 21:00:53,hc2309,hc2309,3792.0,0.0,0.0,0.0,4,3793.0,3795.0,2,3790.0,3790.0,3792.0,3790.0,8.0,303330.0,7540
2023-05-10 21:00:55,hc2309,hc2309,3792.0,0.0,0.0,0.0,3,3793.0,3795.0,2,3790.0,3790.0,3792.0,3790.0,8.0,303330.0,7540
2023-05-10 21:00:55,hc2309,hc2309,3792.0,0.0,0.0,0.0,21,3792.0,3795.0,5,3790.0,3790.0,3792.0,3790.0,8.0,303330.0,7540
2023-05-10 21:00:56,hc2309,hc2309,3792.0,0.0,0.0,0.0,1,3794.0,3795.0,3,3790.0,3790.0,3792.0,3790.0,8.0,303330.0,7540
2023-05-10 21:00:56,hc2309,hc2309,3792.0,0.0,0.0,0.0,3,3794.0,3796.0,9,3790.0,3790.0,3792.0,3790.0,8.0,303330.0,7540
2023-05-10 21:00:57,hc2309,hc2309,3792.0,0.0,0.0,0.0,1,3794.0,3796.0,6,3790.0,3790.0,3792.0,3790.0,8.0,303330.0,7540
2023-05-10 21:00:57,hc2309,hc2309,3792.0,0.0,0.0,0.0,4,3794.0,3796.0,3,3790.0,3790.0,3792.0,3790.0,8.0,303330.0,7540
2023-05-10 21:00:58,hc2309,hc2309,3792.0,0.0,0.0,0.0,3,3794.0,3796.0,3,3790.0,3790.0,3792.0,3790.0,8.0,303330.0,7540
2023-05-10 21:00:58,hc2309,hc2309,3792.0,0.0,0.0,0.0,9,3793.0,3796.0,6,3790.0,3790.0,3792.0,3790.0,8.0,303330.0,7540
2023-05-10 21:00:59,hc2309,hc2309,3792.0,0.0,0.0,0.0,10,3793.0,3795.0,2,3790.0,3790.0,3792.0,3790.0,8.0,303330.0,7540
2023-05-10 21:00:59,hc2309,hc2309,3792.0,0.0,0.0,0.0,3,3793.0,3795.0,2,3790.0,3790.0,3792.0,3790.0,8.0,303330.0,7540
2023-05-10 21:01:00,hc2309,hc2309,3792.0,0.0,0.0,0.0,21,3792.0,3795.0,5,3790.0,3790.0,3792.0,3790.0,8.0,303330.0,7540
2023-05-10 21:01:00,hc2309,hc2309,3792.0,0.0,0.0,0.0,22,3792.0,3795.0,3,3790.0,3790.0,3792.0,3790.0,8.0,303330.0,7540
2023-05-10 21:01:01,hc2309,hc2309,3792.0,29.0,1099680.0,21.0,1,3790.0,3794.0,3,3790.0,3790.0,3792.0,3790.0,37.0,1403010.0,7561
2023-05-10 21:01:01,hc2309,hc2309,3792.0,1.0,37920.0,1.0,3,3791.0,3794.0,1,3790.0,3790.0,3792.0,3790.0,38.0,1440930.0,7562
2023-05-10 21:01:02,hc2309,hc2309,3794.0,4.0,151740.0,0.0,1,3794.0,3795.0,6,3790.0,3790.0,3794.0,3790.0,42.0,1592670.0,7562
2023-05-10 21:01:02,hc2309,hc2309,3794.0,0.0,0.0,0.0,1,3794.0,3796.0,6,3790.0,3790.0,3794.0,3790.0,42.0,1592670.0,7562
2023-05-10 21:01:03,hc2309,hc2309,3794.0,0.0,0.0,0.0,1,3794.0,3797.0,6,3790.0,3790.0,3794.0,3790.0,42.0,1592670.0,7562
2023-05-10 21:01:03,hc2309,hc2309,3794.0,1.0,37940.0,1.0,6,3794.0,3797.0,9,3790.0,3790.0,3794.0,3790.0,43.0,1630610.0,7563
2023-05-10 21:01:04,hc2309,hc2309,3794.0,0.0,0.0,0.0,1,3795.0,3797.0,9,3790.0,3790.0,3794.0,3790.0,43.0,1630610.0,7563
2023-05-10 21:01:04,hc2309,hc2309,3794.0,0.0,0.0,0.0,11,3794.0,3797.0,3,3790.0,3790.0,3794.0,3790.0,43.0,1630610.0,7563
2023-05-10 21:01:05,hc2309,hc2309,3794.0,0.0,0.0,0.0,1,3795.0,3798.0,10,3790.0,3790.0,3794.0,3790.0,43.0,1630610.0,7563
2023-05-10 21:01:05,hc2309,hc2309,3794.0,0.0,0.0,0.0,3,3795.0,3797.0,2,3790.0,3790.0,3794.0,3790.0,43.0,1630610.0,7563
2023-05-10 21:01:06,hc2309,hc2309,3794.0,0.0,0.0,0.0,11,3794.0,3797.0,5,3790.0,3790.0,3794.0,3790.0,43.0,1630610.0,7563
2023-05-10 21:01:07,hc2309,hc2309,3794.0,0.0,0.0,0.0,1,3795.0,3797.0,5,3790.0,3790.0,3794.0,3790.0,43.0,1630610.0,7563
2023-05-10 21:01:07,hc2309,hc2309,3794.0,0.0,0.0,0.0,11,3794.0,3797.0,5,3790.0,3790.0,3794.0,3790.0,43.0,1630610.0,7563
2023-05-10 21:01:08,hc2309,hc2309,3794.0,0.0,0.0,0.0,11,3794.0,3797.0,5,3790.0,3790.0,3794.0,3790.0,43.0,1630610.0,7563
2023-05-10 21:01:08,hc2309,hc2309,3794.0,0.0,0.0,0.0,11,3794.0,3797.0,5,3790.0,3790.0,3794.0,3790.0,43.0,1630610.0,7563
2023-05-10 21:01:09,hc2309,hc2309,3794.0,0.0,0.0,0.0,1,3795.0,3797.0,5,3790.0,3790.0,3794.0,3790.0,43.0,1630610.0,7563
2023-05-10 21:01:10,hc2309,hc2309,3794.0,0.0,0.0,0.0,1,3795.0,3797.0,5,3790.0,3790.0,3794.0,3790.0,43.0,1630610.0,7563
2023-05-10 21:01:11,hc2309,hc2309,3794.0,0.0,0.0,0.0,1,3795.0,3797.0,5,3790.0,3790.0,3794.0,3790.0,43.0,1630610.0,7563
2023-05-10 21:01:12,hc2309,hc2309,3794.0,0.0,0.0,0.0,1,3795.0,3797.0,5,3790.0,3790.0,3794.0,3790.0,43.0,1630610.0,7563
2023-05-10 21:01:12,hc2309,hc2309,3794.0,0.0,0.0,0.0,14,3794.0,3797.0,5,3790.0,3790.0,3794.0,3790.0,43.0,1630610.0,7563
2023-05-10 21:01:13,hc2309,hc2309,3794.0,0.0,0.0,0.0,1,3795.0,3797.0,5,3790.0,3790.0,3794.0,3790.0,43.0,1630610.0,7563
2023-05-10 21:01:13,hc2309,hc2309,3794.0,0.0,0.0,0.0,1,3795.0,3797.0,3,3790.0,3790.0,3794.0,3790.0,43.0,1630610.0,7563
2023-05-10 21:01:14,hc2309,hc2309,3794.0,0.0,0.0,0.0,1,3796.0,3798.0,12,3790.0,3790.0,3794.0,3790.0,43.0,1630610.0,7563
2023-05-10 21:01:14,hc2309,hc2309,3794.0,0.0,0.0,0.0,1,3796.0,3798.0,3,3790.0,3790.0,3794.0,3790.0,43.0,1630610.0,7563
2023-05-10 21:01:15,hc2309,hc2309,3794.0,0.0,0.0,0.0,4,3796.0,3799.0,12,3790.0,3790.0,3794.0,3790.0,43.0,1630610.0,7563
2023-05-10 21:01:15,hc2309,hc2309,3794.0,0.0,0.0,0.0,3,3796.0,3798.0,2,3790.0,3790.0,3794.0,3790.0,43.0,1630610.0,7563
2023-05-10 21:01:16,hc2309,hc2309,3794.0,0.0,0.0,0.0,13,3795.0,3798.0,5,3790.0,3790.0,3794.0,3790.0,43.0,1630610.0,7563
2023-05-10 21:01:17,hc2309,hc2309,3794.0,0.0,0.0,0.0,1,3796.0,3798.0,5,3790.0,3790.0,3794.0,3790.0,43.0,1630610.0,7563
2023-05-10 21:01:17,hc2309,hc2309,3794.0,0.0,0.0,0.0,1,3796.0,3798.0,5,3790.0,3790.0,3794.0,3790.0,43.0,1630610.0,7563
2023-05-10 21:01:18,hc2309,hc2309,3794.0,0.0,0.0,0.0,13,3795.0,3798.0,5,3790.0,3790.0,3794.0,3790.0,43.0,1630610.0,7563
2023-05-10 21:01:18,hc2309,hc2309,3794.0,0.0,0.0,0.0,3,3796.0,3798.0,5,3790.0,3790.0,3794.0,3790.0,43.0,1630610.0,7563
2023-05-10 21:01:20,hc2309,hc2309,3794.0,0.0,0.0,0.0,4,3796.0,3798.0,5,3790.0,3790.0,3794.0,3790.0,43.0,1630610.0,7563
2023-05-10 21:01:20,hc2309,hc2309,3794.0,0.0,0.0,0.0,3,3796.0,3798.0,5,3790.0,3790.0,3794.0,3790.0,43.0,1630610.0,7563
2023-05-10 21:01:21,hc2309,hc2309,3798.0,1.0,37980.0,-1.0,16,3795.0,3798.0,7,3790.0,3790.0,3798.0,3790.0,44.0,1668590.0,7562
2023-05-10 21:01:21,hc2309,hc2309,3798.0,0.0,0.0,0.0,13,3795.0,3797.0,1,3790.0,3790.0,3798.0,3790.0,44.0,1668590.0,7562
2023-05-10 21:01:22,hc2309,hc2309,3798.0,0.0,0.0,0.0,3,3795.0,3797.0,4,3790.0,3790.0,3798.0,3790.0,44.0,1668590.0,7562
2023-05-10 21:01:22,hc2309,hc2309,3798.0,0.0,0.0,0.0,3,3796.0,3797.0,4,3790.0,3790.0,3798.0,3790.0,44.0,1668590.0,7562
2023-05-10 21:01:23,hc2309,hc2309,3798.0,0.0,0.0,0.0,3,3796.0,3798.0,12,3790.0,3790.0,3798.0,3790.0,44.0,1668590.0,7562
2023-05-10 21:01:23,hc2309,hc2309,3798.0,0.0,0.0,0.0,3,3796.0,3798.0,3,3790.0,3790.0,3798.0,3790.0,44.0,1668590.0,7562
2023-05-10 21:01:24,hc2309,hc2309,3798.0,0.0,0.0,0.0,6,3796.0,3799.0,15,3790.0,3790.0,3798.0,3790.0,44.0,1668590.0,7562
2023-05-10 21:01:24,hc2309,hc2309,3798.0,0.0,0.0,0.0,6,3796.0,3798.0,1,3790.0,3790.0,3798.0,3790.0,44.0,1668590.0,7562
2023-05-10 21:01:25,hc2309,hc2309,3796.0,1.0,37960.0,0.0,2,3796.0,3798.0,4,3790.0,3790.0,3798.0,3790.0,45.0,1706550.0,7562
2023-05-10 21:01:25,hc2309,hc2309,3796.0,0.0,0.0,0.0,16,3795.0,3798.0,7,3790.0,3790.0,3798.0,3790.0,45.0,1706550.0,7562
2023-05-10 21:01:26,hc2309,hc2309,3796.0,0.0,0.0,0.0,15,3795.0,3797.0,1,3790.0,3790.0,3798.0,3790.0,45.0,1706550.0,7562
2023-05-10 21:01:26,hc2309,hc2309,3796.0,0.0,0.0,0.0,3,3795.0,3797.0,4,3790.0,3790.0,3798.0,3790.0,45.0,1706550.0,7562
2023-05-10 21:01:27,hc2309,hc2309,3796.0,0.0,0.0,0.0,3,3795.0,3797.0,4,3790.0,3790.0,3798.0,3790.0,45.0,1706550.0,7562
2023-05-10 21:01:31,hc2309,hc2309,3796.0,0.0,0.0,0.0,16,3794.0,3796.0,1,3790.0,3790.0,3798.0,3790.0,45.0,1706550.0,7562
2023-05-10 21:01:32,hc2309,hc2309,3796.0,0.0,0.0,0.0,3,3794.0,3796.0,4,3790.0,3790.0,3798.0,3790.0,45.0,1706550.0,7562
2023-05-10 21:01:33,hc2309,hc2309,3796.0,0.0,0.0,0.0,4,3794.0,3796.0,4,3790.0,3790.0,3798.0,3790.0,45.0,1706550.0,7562
2023-05-10 21:01:37,hc2309,hc2309,3794.0,3.0,113820.0,0.0,1,3794.0,3796.0,4,3790.0,3790.0,3798.0,3790.0,48.0,1820370.0,7562
2023-05-10 21:01:37,hc2309,hc2309,3794.0,0.0,0.0,0.0,3,3795.0,3796.0,3,3790.0,3790.0,3798.0,3790.0,48.0,1820370.0,7562
2023-05-10 21:01:38,hc2309,hc2309,3794.0,0.0,0.0,0.0,3,3796.0,3797.0,3,3790.0,3790.0,3798.0,3790.0,48.0,1820370.0,7562
2023-05-10 21:01:38,hc2309,hc2309,3794.0,0.0,0.0,0.0,3,3796.0,3798.0,4,3790.0,3790.0,3798.0,3790.0,48.0,1820370.0,7562
2023-05-10 21:01:39,hc2309,hc2309,3794.0,0.0,0.0,0.0,16,3795.0,3798.0,6,3790.0,3790.0,3798.0,3790.0,48.0,1820370.0,7562
2023-05-10 21:01:39,hc2309,hc2309,3794.0,0.0,0.0,0.0,16,3795.0,3797.0,1,3790.0,3790.0,3798.0,3790.0,48.0,1820370.0,7562
2023-05-10 21:01:40,hc2309,hc2309,3794.0,0.0,0.0,0.0,3,3796.0,3797.0,3,3790.0,3790.0,3798.0,3790.0,48.0,1820370.0,7562
2023-05-10 21:01:40,hc2309,hc2309,3794.0,0.0,0.0,0.0,4,3796.0,3798.0,3,3790.0,3790.0,3798.0,3790.0,48.0,1820370.0,7562
2023-05-10 21:01:41,hc2309,hc2309,3794.0,0.0,0.0,0.0,7,3796.0,3799.0,15,3790.0,3790.0,3798.0,3790.0,48.0,1820370.0,7562
2023-05-10 21:01:41,hc2309,hc2309,3794.0,0.0,0.0,0.0,1,3797.0,3799.0,15,3790.0,3790.0,3798.0,3790.0,48.0,1820370.0,7562
2023-05-10 21:01:42,hc2309,hc2309,3794.0,0.0,0.0,0.0,1,3797.0,3799.0,6,3790.0,3790.0,3798.0,3790.0,48.0,1820370.0,7562
2023-05-10 21:01:42,hc2309,hc2309,3794.0,0.0,0.0,0.0,1,3797.0,3799.0,6,3790.0,3790.0,3798.0,3790.0,48.0,1820370.0,7562
2023-05-10 21:01:43,hc2309,hc2309,3794.0,0.0,0.0,0.0,1,3797.0,3799.0,6,3790.0,3790.0,3798.0,3790.0,48.0,1820370.0,7562
2023-05-10 21:01:43,hc2309,hc2309,3794.0,0.0,0.0,0.0,1,3797.0,3799.0,6,3790.0,3790.0,3798.0,3790.0,48.0,1820370.0,7562
2023-05-10 21:01:45,hc2309,hc2309,3794.0,0.0,0.0,0.0,1,3797.0,3798.0,4,3790.0,3790.0,3798.0,3790.0,48.0,1820370.0,7562
2023-05-10 21:01:46,hc2309,hc2309,3797.0,1.0,37970.0,1.0,3,3796.0,3797.0,3,3790.0,3790.0,3798.0,3790.0,49.0,1858340.0,7563
2023-05-10 21:01:46,hc2309,hc2309,3797.0,0.0,0.0,0.0,9,3795.0,3797.0,6,3790.0,3790.0,3798.0,3790.0,49.0,1858340.0,7563
2023-05-10 21:01:47,hc2309,hc2309,3797.0,0.0,0.0,0.0,19,3794.0,3797.0,6,3790.0,3790.0,3798.0,3790.0,49.0,1858340.0,7563
2023-05-10 21:01:47,hc2309,hc2309,3797.0,0.0,0.0,0.0,4,3795.0,3797.0,3,3790.0,3790.0,3798.0,3790.0,49.0,1858340.0,7563
2023-05-10 21:01:48,hc2309,hc2309,3797.0,0.0,0.0,0.0,7,3795.0,3798.0,16,3790.0,3790.0,3798.0,3790.0,49.0,1858340.0,7563
2023-05-10 21:01:48,hc2309,hc2309,3797.0,0.0,0.0,0.0,8,3795.0,3798.0,16,3790.0,3790.0,3798.0,3790.0,49.0,1858340.0,7563
2023-05-10 21:01:50,hc2309,hc2309,3797.0,0.0,0.0,0.0,7,3795.0,3797.0,1,3790.0,3790.0,3798.0,3790.0,49.0,1858340.0,7563
2023-05-10 21:01:50,hc2309,hc2309,3797.0,0.0,0.0,0.0,4,3795.0,3797.0,4,3790.0,3790.0,3798.0,3790.0,49.0,1858340.0,7563
2023-05-10 21:01:51,hc2309,hc2309,3797.0,0.0,0.0,0.0,17,3794.0,3797.0,7,3790.0,3790.0,3798.0,3790.0,49.0,1858340.0,7563
2023-05-10 21:01:53,hc2309,hc2309,3797.0,0.0,0.0,0.0,3,3795.0,3797.0,4,3790.0,3790.0,3798.0,3790.0,49.0,1858340.0,7563
2023-05-10 21:01:54,hc2309,hc2309,3797.0,0.0,0.0,0.0,4,3795.0,3797.0,4,3790.0,3790.0,3798.0,3790.0,49.0,1858340.0,7563
2023-05-10 21:01:56,hc2309,hc2309,3797.0,0.0,0.0,0.0,4,3795.0,3797.0,4,3790.0,3790.0,3798.0,3790.0,49.0,1858340.0,7563
2023-05-10 21:01:56,hc2309,hc2309,3797.0,0.0,0.0,0.0,3,3796.0,3797.0,3,3790.0,3790.0,3798.0,3790.0,49.0,1858340.0,7563
2023-05-10 21:01:57,hc2309,hc2309,3797.0,0.0,0.0,0.0,3,3796.0,3798.0,4,3790.0,3790.0,3798.0,3790.0,49.0,1858340.0,7563
2023-05-10 21:01:57,hc2309,hc2309,3797.0,0.0,0.0,0.0,4,3796.0,3798.0,3,3790.0,3790.0,3798.0,3790.0,49.0,1858340.0,7563
2023-05-10 21:01:58,hc2309,hc2309,3797.0,0.0,0.0,0.0,7,3796.0,3799.0,15,3790.0,3790.0,3798.0,3790.0,49.0,1858340.0,7563
2023-05-10 21:01:58,hc2309,hc2309,3797.0,0.0,0.0,0.0,8,3796.0,3799.0,15,3790.0,3790.0,3798.0,3790.0,49.0,1858340.0,7563
2023-05-10 21:02:00,hc2309,hc2309,3797.0,0.0,0.0,0.0,7,3796.0,3798.0,1,3790.0,3790.0,3798.0,3790.0,49.0,1858340.0,7563
2023-05-10 21:02:00,hc2309,hc2309,3797.0,0.0,0.0,0.0,1,3797.0,3798.0,4,3790.0,3790.0,3798.0,3790.0,49.0,1858340.0,7563
2023-05-10 21:02:01,hc2309,hc2309,3797.0,0.0,0.0,0.0,1,3797.0,3798.0,1,3790.0,3790.0,3798.0,3790.0,49.0,1858340.0,7563
2023-05-10 21:02:01,hc2309,hc2309,3797.0,0.0,0.0,0.0,1,3797.0,3799.0,6,3790.0,3790.0,3798.0,3790.0,49.0,1858340.0,7563
2023-05-10 21:02:02,hc2309,hc2309,3797.0,0.0,0.0,0.0,4,3797.0,3799.0,3,3790.0,3790.0,3798.0,3790.0,49.0,1858340.0,7563
2023-05-10 21:02:02,hc2309,hc2309,3797.0,0.0,0.0,0.0,4,3797.0,3799.0,3,3790.0,3790.0,3798.0,3790.0,49.0,1858340.0,7563
2023-05-10 21:02:03,hc2309,hc2309,3797.0,0.0,0.0,0.0,7,3797.0,3800.0,22,3790.0,3790.0,3798.0,3790.0,49.0,1858340.0,7563
2023-05-10 21:02:03,hc2309,hc2309,3797.0,0.0,0.0,0.0,7,3797.0,3800.0,19,3790.0,3790.0,3798.0,3790.0,49.0,1858340.0,7563
2023-05-10 21:02:04,hc2309,hc2309,3797.0,0.0,0.0,0.0,8,3797.0,3800.0,19,3790.0,3790.0,3798.0,3790.0,49.0,1858340.0,7563
2023-05-10 21:02:04,hc2309,hc2309,3797.0,0.0,0.0,0.0,8,3797.0,3800.0,19,3790.0,3790.0,3798.0,3790.0,49.0,1858340.0,7563
2023-05-10 21:02:05,hc2309,hc2309,3797.0,0.0,0.0,0.0,1,3798.0,3800.0,19,3790.0,3790.0,3798.0,3790.0,49.0,1858340.0,7563
2023-05-10 21:02:05,hc2309,hc2309,3797.0,0.0,0.0,0.0,7,3798.0,3800.0,3,3790.0,3790.0,3798.0,3790.0,49.0,1858340.0,7563
2023-05-10 21:02:06,hc2309,hc2309,3797.0,0.0,0.0,0.0,8,3798.0,3801.0,21,3790.0,3790.0,3798.0,3790.0,49.0,1858340.0,7563
2023-05-10 21:02:06,hc2309,hc2309,3797.0,0.0,0.0,0.0,8,3798.0,3800.0,1,3790.0,3790.0,3798.0,3790.0,49.0,1858340.0,7563
2023-05-10 21:02:07,hc2309,hc2309,3797.0,0.0,0.0,0.0,3,3798.0,3800.0,4,3790.0,3790.0,3798.0,3790.0,49.0,1858340.0,7563
2023-05-10 21:02:07,hc2309,hc2309,3797.0,0.0,0.0,0.0,22,3797.0,3800.0,7,3790.0,3790.0,3798.0,3790.0,49.0,1858340.0,7563
2023-05-10 21:02:08,hc2309,hc2309,3797.0,0.0,0.0,0.0,1,3798.0,3800.0,7,3790.0,3790.0,3798.0,3790.0,49.0,1858340.0,7563
2023-05-10 21:02:08,hc2309,hc2309,3797.0,0.0,0.0,0.0,1,3799.0,3801.0,23,3790.0,3790.0,3798.0,3790.0,49.0,1858340.0,7563
2023-05-10 21:02:09,hc2309,hc2309,3797.0,0.0,0.0,0.0,4,3799.0,3801.0,6,3790.0,3790.0,3798.0,3790.0,49.0,1858340.0,7563
2023-05-10 21:02:09,hc2309,hc2309,3797.0,0.0,0.0,0.0,4,3799.0,3801.0,3,3790.0,3790.0,3798.0,3790.0,49.0,1858340.0,7563
2023-05-10 21:02:10,hc2309,hc2309,3797.0,0.0,0.0,0.0,4,3799.0,3801.0,3,3790.0,3790.0,3798.0,3790.0,49.0,1858340.0,7563
2023-05-10 21:02:10,hc2309,hc2309,3797.0,0.0,0.0,0.0,4,3799.0,3801.0,3,3790.0,3790.0,3798.0,3790.0,49.0,1858340.0,7563
2023-05-10 21:02:11,hc2309,hc2309,3797.0,0.0,0.0,0.0,4,3799.0,3801.0,3,3790.0,3790.0,3798.0,3790.0,49.0,1858340.0,7563
2023-05-10 21:02:11,hc2309,hc2309,3797.0,0.0,0.0,0.0,4,3799.0,3801.0,3,3790.0,3790.0,3798.0,3790.0,49.0,1858340.0,7563
2023-05-10 21:02:12,hc2309,hc2309,3797.0,0.0,0.0,0.0,4,3799.0,3801.0,3,3790.0,3790.0,3798.0,3790.0,49.0,1858340.0,7563
2023-05-10 21:02:12,hc2309,hc2309,3797.0,0.0,0.0,0.0,7,3799.0,3802.0,19,3790.0,3790.0,3798.0,3790.0,49.0,1858340.0,7563
2023-05-10 21:02:13,hc2309,hc2309,3797.0,0.0,0.0,0.0,1,3800.0,3802.0,19,3790.0,3790.0,3798.0,3790.0,49.0,1858340.0,7563
2023-05-10 21:02:13,hc2309,hc2309,3797.0,0.0,0.0,0.0,4,3800.0,3802.0,6,3790.0,3790.0,3798.0,3790.0,49.0,1858340.0,7563
2023-05-10 21:02:14,hc2309,hc2309,3797.0,0.0,0.0,0.0,4,3800.0,3802.0,3,3790.0,3790.0,3798.0,3790.0,49.0,1858340.0,7563
2023-05-10 21:02:14,hc2309,hc2309,3797.0,0.0,0.0,0.0,4,3800.0,3802.0,3,3790.0,3790.0,3798.0,3790.0,49.0,1858340.0,7563
2023-05-10 21:02:15,hc2309,hc2309,3797.0,0.0,0.0,0.0,4,3800.0,3802.0,3,3790.0,3790.0,3798.0,3790.0,49.0,1858340.0,7563
2023-05-10 21:02:15,hc2309,hc2309,3797.0,0.0,0.0,0.0,3,3800.0,3802.0,3,3790.0,3790.0,3798.0,3790.0,49.0,1858340.0,7563
2023-05-10 21:02:16,hc2309,hc2309,3797.0,0.0,0.0,0.0,23,3799.0,3802.0,6,3790.0,3790.0,3798.0,3790.0,49.0,1858340.0,7563
2023-05-10 21:02:16,hc2309,hc2309,3797.0,0.0,0.0,0.0,1,3800.0,3802.0,6,3790.0,3790.0,3798.0,3790.0,49.0,1858340.0,7563
2023-05-10 21:02:17,hc2309,hc2309,3797.0,0.0,0.0,0.0,4,3800.0,3802.0,3,3790.0,3790.0,3798.0,3790.0,49.0,1858340.0,7563
2023-05-10 21:02:17,hc2309,hc2309,3797.0,0.0,0.0,0.0,4,3800.0,3802.0,3,3790.0,3790.0,3798.0,3790.0,49.0,1858340.0,7563
2023-05-10 21:02:18,hc2309,hc2309,3797.0,0.0,0.0,0.0,4,3800.0,3802.0,3,3790.0,3790.0,3798.0,3790.0,49.0,1858340.0,7563
2023-05-10 21:02:18,hc2309,hc2309,3797.0,0.0,0.0,0.0,4,3800.0,3802.0,3,3790.0,3790.0,3798.0,3790.0,49.0,1858340.0,7563
2023-05-10 21:02:19,hc2309,hc2309,3797.0,0.0,0.0,0.0,4,3800.0,3802.0,3,3790.0,3790.0,3798.0,3790.0,49.0,1858340.0,7563
2023-05-10 21:02:19,hc2309,hc2309,3797.0,0.0,0.0,0.0,4,3800.0,3802.0,3,3790.0,3790.0,3798.0,3790.0,49.0,1858340.0,7563
2023-05-10 21:02:20,hc2309,hc2309,3797.0,0.0,0.0,0.0,4,3800.0,3802.0,3,3790.0,3790.0,3798.0,3790.0,49.0,1858340.0,7563
2023-05-10 21:02:20,hc2309,hc2309,3797.0,0.0,0.0,0.0,4,3800.0,3802.0,3,3790.0,3790.0,3798.0,3790.0,49.0,1858340.0,7563
2023-05-10 21:02:21,hc2309,hc2309,3797.0,0.0,0.0,0.0,4,3800.0,3802.0,3,3790.0,3790.0,3798.0,3790.0,49.0,1858340.0,7563
2023-05-10 21:02:21,hc2309,hc2309,3797.0,0.0,0.0,0.0,1,3800.0,3802.0,3,3790.0,3790.0,3798.0,3790.0,49.0,1858340.0,7563
2023-05-10 21:02:22,hc2309,hc2309,3797.0,0.0,0.0,0.0,21,3799.0,3801.0,1,3790.0,3790.0,3798.0,3790.0,49.0,1858340.0,7563
2023-05-10 21:02:22,hc2309,hc2309,3797.0,0.0,0.0,0.0,6,3799.0,3801.0,4,3790.0,3790.0,3798.0,3790.0,49.0,1858340.0,7563
2023-05-10 21:02:23,hc2309,hc2309,3797.0,0.0,0.0,0.0,3,3799.0,3801.0,1,3790.0,3790.0,3798.0,3790.0,49.0,1858340.0,7563
2023-05-10 21:02:24,hc2309,hc2309,3797.0,0.0,0.0,0.0,4,3799.0,3802.0,16,3790.0,3790.0,3798.0,3790.0,49.0,1858340.0,7563
2023-05-10 21:02:24,hc2309,hc2309,3797.0,0.0,0.0,0.0,4,3799.0,3801.0,1,3790.0,3790.0,3798.0,3790.0,49.0,1858340.0,7563
2023-05-10 21:02:25,hc2309,hc2309,3797.0,0.0,0.0,0.0,6,3799.0,3801.0,1,3790.0,3790.0,3798.0,3790.0,49.0,1858340.0,7563
2023-05-10 21:02:25,hc2309,hc2309,3797.0,0.0,0.0,0.0,7,3799.0,3802.0,25,3790.0,3790.0,3798.0,3790.0,49.0,1858340.0,7563
2023-05-10 21:02:26,hc2309,hc2309,3797.0,0.0,0.0,0.0,7,3799.0,3802.0,22,3790.0,3790.0,3798.0,3790.0,49.0,1858340.0,7563
2023-05-10 21:02:26,hc2309,hc2309,3797.0,0.0,0.0,0.0,7,3799.0,3802.0,22,3790.0,3790.0,3798.0,3790.0,49.0,1858340.0,7563
2023-05-10 21:02:27,hc2309,hc2309,3797.0,0.0,0.0,0.0,7,3799.0,3802.0,22,3790.0,3790.0,3798.0,3790.0,49.0,1858340.0,7563
2023-05-10 21:02:27,hc2309,hc2309,3797.0,0.0,0.0,0.0,7,3799.0,3802.0,22,3790.0,3790.0,3798.0,3790.0,49.0,1858340.0,7563
2023-05-10 21:02:28,hc2309,hc2309,3797.0,0.0,0.0,0.0,7,3799.0,3802.0,22,3790.0,3790.0,3798.0,3790.0,49.0,1858340.0,7563
2023-05-10 21:02:28,hc2309,hc2309,3797.0,0.0,0.0,0.0,7,3799.0,3802.0,22,3790.0,3790.0,3798.0,3790.0,49.0,1858340.0,7563
2023-05-10 21:02:29,hc2309,hc2309,3797.0,0.0,0.0,0.0,6,3799.0,3801.0,1,3790.0,3790.0,3798.0,3790.0,49.0,1858340.0,7563
2023-05-10 21:02:29,hc2309,hc2309,3797.0,0.0,0.0,0.0,3,3799.0,3801.0,1,3790.0,3790.0,3798.0,3790.0,49.0,1858340.0,7563
2023-05-10 21:02:30,hc2309,hc2309,3797.0,0.0,0.0,0.0,3,3799.0,3801.0,1,3790.0,3790.0,3798.0,3790.0,49.0,1858340.0,7563
2023-05-10 21:02:30,hc2309,hc2309,3797.0,0.0,0.0,0.0,3,3800.0,3802.0,22,3790.0,3790.0,3798.0,3790.0,49.0,1858340.0,7563
2023-05-10 21:02:31,hc2309,hc2309,3797.0,0.0,0.0,0.0,3,3800.0,3802.0,6,3790.0,3790.0,3798.0,3790.0,49.0,1858340.0,7563
2023-05-10 21:02:31,hc2309,hc2309,3797.0,0.0,0.0,0.0,4,3800.0,3803.0,26,3790.0,3790.0,3798.0,3790.0,49.0,1858340.0,7563
2023-05-10 21:02:32,hc2309,hc2309,3797.0,0.0,0.0,0.0,3,3800.0,3802.0,1,3790.0,3790.0,3798.0,3790.0,49.0,1858340.0,7563
2023-05-10 21:02:32,hc2309,hc2309,3797.0,0.0,0.0,0.0,3,3800.0,3803.0,24,3790.0,3790.0,3798.0,3790.0,49.0,1858340.0,7563
2023-05-10 21:02:33,hc2309,hc2309,3797.0,0.0,0.0,0.0,3,3800.0,3802.0,4,3790.0,3790.0,3798.0,3790.0,49.0,1858340.0,7563
2023-05-10 21:02:33,hc2309,hc2309,3797.0,0.0,0.0,0.0,30,3799.0,3802.0,7,3790.0,3790.0,3798.0,3790.0,49.0,1858340.0,7563
2023-05-10 21:02:34,hc2309,hc2309,3797.0,0.0,0.0,0.0,25,3799.0,3802.0,7,3790.0,3790.0,3798.0,3790.0,49.0,1858340.0,7563
2023-05-10 21:02:34,hc2309,hc2309,3797.0,0.0,0.0,0.0,22,3799.0,3801.0,1,3790.0,3790.0,3798.0,3790.0,49.0,1858340.0,7563
2023-05-10 21:02:35,hc2309,hc2309,3797.0,0.0,0.0,0.0,13,3799.0,3801.0,1,3790.0,3790.0,3798.0,3790.0,49.0,1858340.0,7563
2023-05-10 21:02:35,hc2309,hc2309,3797.0,0.0,0.0,0.0,7,3799.0,3801.0,1,3790.0,3790.0,3798.0,3790.0,49.0,1858340.0,7563
2023-05-10 21:02:36,hc2309,hc2309,3797.0,0.0,0.0,0.0,7,3799.0,3801.0,1,3790.0,3790.0,3798.0,3790.0,49.0,1858340.0,7563
2023-05-10 21:02:36,hc2309,hc2309,3797.0,0.0,0.0,0.0,7,3799.0,3801.0,1,3790.0,3790.0,3798.0,3790.0,49.0,1858340.0,7563
2023-05-10 21:02:37,hc2309,hc2309,3797.0,0.0,0.0,0.0,6,3799.0,3801.0,1,3790.0,3790.0,3798.0,3790.0,49.0,1858340.0,7563
2023-05-10 21:02:37,hc2309,hc2309,3797.0,0.0,0.0,0.0,3,3799.0,3801.0,4,3790.0,3790.0,3798.0,3790.0,49.0,1858340.0,7563
2023-05-10 21:02:38,hc2309,hc2309,3797.0,0.0,0.0,0.0,40,3798.0,3801.0,7,3790.0,3790.0,3798.0,3790.0,49.0,1858340.0,7563
2023-05-10 21:02:38,hc2309,hc2309,3797.0,0.0,0.0,0.0,35,3798.0,3800.0,1,3790.0,3790.0,3798.0,3790.0,49.0,1858340.0,7563
2023-05-10 21:02:39,hc2309,hc2309,3797.0,0.0,0.0,0.0,26,3798.0,3800.0,1,3790.0,3790.0,3798.0,3790.0,49.0,1858340.0,7563
2023-05-10 21:02:39,hc2309,hc2309,3797.0,0.0,0.0,0.0,20,3798.0,3800.0,1,3790.0,3790.0,3798.0,3790.0,49.0,1858340.0,7563
2023-05-10 21:02:40,hc2309,hc2309,3797.0,0.0,0.0,0.0,20,3798.0,3800.0,1,3790.0,3790.0,3798.0,3790.0,49.0,1858340.0,7563
2023-05-10 21:02:40,hc2309,hc2309,3797.0,0.0,0.0,0.0,19,3798.0,3800.0,1,3790.0,3790.0,3798.0,3790.0,49.0,1858340.0,7563
2023-05-10 21:02:41,hc2309,hc2309,3797.0,0.0,0.0,0.0,19,3798.0,3800.0,1,3790.0,3790.0,3798.0,3790.0,49.0,1858340.0,7563
2023-05-10 21:02:41,hc2309,hc2309,3797.0,0.0,0.0,0.0,19,3798.0,3800.0,1,3790.0,3790.0,3798.0,3790.0,49.0,1858340.0,7563
2023-05-10 21:02:42,hc2309,hc2309,3797.0,0.0,0.0,0.0,19,3798.0,3800.0,1,3790.0,3790.0,3798.0,3790.0,49.0,1858340.0,7563
2023-05-10 21:02:42,hc2309,hc2309,3797.0,0.0,0.0,0.0,22,3798.0,3800.0,1,3790.0,3790.0,3798.0,3790.0,49.0,1858340.0,7563
2023-05-10 21:02:43,hc2309,hc2309,3797.0,0.0,0.0,0.0,22,3798.0,3800.0,1,3790.0,3790.0,3798.0,3790.0,49.0,1858340.0,7563
2023-05-10 21:02:43,hc2309,hc2309,3797.0,0.0,0.0,0.0,22,3798.0,3800.0,1,3790.0,3790.0,3798.0,3790.0,49.0,1858340.0,7563
2023-05-10 21:02:44,hc2309,hc2309,3797.0,0.0,0.0,0.0,18,3798.0,3800.0,4,3790.0,3790.0,3798.0,3790.0,49.0,1858340.0,7563
2023-05-10 21:02:44,hc2309,hc2309,3797.0,0.0,0.0,0.0,18,3798.0,3800.0,4,3790.0,3790.0,3798.0,3790.0,49.0,1858340.0,7563
2023-05-10 21:02:45,hc2309,hc2309,3797.0,0.0,0.0,0.0,22,3798.0,3800.0,1,3790.0,3790.0,3798.0,3790.0,49.0,1858340.0,7563
2023-05-10 21:02:45,hc2309,hc2309,3797.0,0.0,0.0,0.0,22,3798.0,3800.0,1,3790.0,3790.0,3798.0,3790.0,49.0,1858340.0,7563
2023-05-10 21:02:46,hc2309,hc2309,3797.0,0.0,0.0,0.0,22,3798.0,3800.0,1,3790.0,3790.0,3798.0,3790.0,49.0,1858340.0,7563
2023-05-10 21:02:46,hc2309,hc2309,3800.0,1.0,38000.0,0.0,22,3798.0,3801.0,24,3790.0,3790.0,3800.0,3790.0,50.0,1896340.0,7563
2023-05-10 21:02:47,hc2309,hc2309,3800.0,2.0,76000.0,0.0,1,3800.0,3801.0,21,3790.0,3790.0,3800.0,3790.0,52.0,1972340.0,7563
2023-05-10 21:02:47,hc2309,hc2309,3800.0,1.0,38000.0,0.0,9,3799.0,3801.0,9,3790.0,3790.0,3800.0,3790.0,53.0,2010340.0,7563
2023-05-10 21:02:48,hc2309,hc2309,3800.0,0.0,0.0,0.0,6,3799.0,3800.0,3,3790.0,3790.0,3800.0,3790.0,53.0,2010340.0,7563
2023-05-10 21:02:48,hc2309,hc2309,3800.0,0.0,0.0,0.0,39,3798.0,3801.0,15,3790.0,3790.0,3800.0,3790.0,53.0,2010340.0,7563
2023-05-10 21:02:49,hc2309,hc2309,3800.0,0.0,0.0,0.0,2,3799.0,3801.0,9,3790.0,3790.0,3800.0,3790.0,53.0,2010340.0,7563
2023-05-10 21:02:49,hc2309,hc2309,3800.0,0.0,0.0,0.0,8,3799.0,3801.0,3,3790.0,3790.0,3800.0,3790.0,53.0,2010340.0,7563
2023-05-10 21:02:50,hc2309,hc2309,3800.0,0.0,0.0,0.0,11,3799.0,3802.0,40,3790.0,3790.0,3800.0,3790.0,53.0,2010340.0,7563
2023-05-10 21:02:51,hc2309,hc2309,3800.0,0.0,0.0,0.0,11,3799.0,3802.0,31,3790.0,3790.0,3800.0,3790.0,53.0,2010340.0,7563
2023-05-10 21:02:51,hc2309,hc2309,3800.0,0.0,0.0,0.0,2,3800.0,3802.0,31,3790.0,3790.0,3800.0,3790.0,53.0,2010340.0,7563
2023-05-10 21:02:52,hc2309,hc2309,3800.0,0.0,0.0,0.0,5,3800.0,3802.0,20,3790.0,3790.0,3800.0,3790.0,53.0,2010340.0,7563
2023-05-10 21:02:52,hc2309,hc2309,3800.0,0.0,0.0,0.0,5,3800.0,3802.0,14,3790.0,3790.0,3800.0,3790.0,53.0,2010340.0,7563
2023-05-10 21:02:53,hc2309,hc2309,3800.0,0.0,0.0,0.0,5,3800.0,3802.0,8,3790.0,3790.0,3800.0,3790.0,53.0,2010340.0,7563
2023-05-10 21:02:54,hc2309,hc2309,3800.0,0.0,0.0,0.0,5,3800.0,3802.0,7,3790.0,3790.0,3800.0,3790.0,53.0,2010340.0,7563
2023-05-10 21:02:54,hc2309,hc2309,3800.0,0.0,0.0,0.0,5,3800.0,3802.0,7,3790.0,3790.0,3800.0,3790.0,53.0,2010340.0,7563
2023-05-10 21:02:57,hc2309,hc2309,3800.0,0.0,0.0,0.0,3,3800.0,3802.0,8,3790.0,3790.0,3800.0,3790.0,53.0,2010340.0,7563
2023-05-10 21:02:57,hc2309,hc2309,3800.0,0.0,0.0,0.0,27,3799.0,3802.0,11,3790.0,3790.0,3800.0,3790.0,53.0,2010340.0,7563
2023-05-10 21:02:58,hc2309,hc2309,3800.0,0.0,0.0,0.0,24,3799.0,3802.0,11,3790.0,3790.0,3800.0,3790.0,53.0,2010340.0,7563
2023-05-10 21:02:58,hc2309,hc2309,3800.0,0.0,0.0,0.0,2,3800.0,3802.0,11,3790.0,3790.0,3800.0,3790.0,53.0,2010340.0,7563
2023-05-10 21:02:59,hc2309,hc2309,3800.0,0.0,0.0,0.0,5,3800.0,3802.0,8,3790.0,3790.0,3800.0,3790.0,53.0,2010340.0,7563
2023-05-10 21:02:59,hc2309,hc2309,3800.0,0.0,0.0,0.0,2,3801.0,3802.0,5,3790.0,3790.0,3800.0,3790.0,53.0,2010340.0,7563
2023-05-10 21:03:00,hc2309,hc2309,3800.0,0.0,0.0,0.0,2,3801.0,3803.0,30,3790.0,3790.0,3800.0,3790.0,53.0,2010340.0,7563
2023-05-10 21:03:00,hc2309,hc2309,3800.0,0.0,0.0,0.0,5,3801.0,3803.0,18,3790.0,3790.0,3800.0,3790.0,53.0,2010340.0,7563
2023-05-10 21:03:01,hc2309,hc2309,3800.0,0.0,0.0,0.0,5,3801.0,3803.0,13,3790.0,3790.0,3800.0,3790.0,53.0,2010340.0,7563
2023-05-10 21:03:01,hc2309,hc2309,3800.0,0.0,0.0,0.0,5,3801.0,3803.0,7,3790.0,3790.0,3800.0,3790.0,53.0,2010340.0,7563
2023-05-10 21:03:02,hc2309,hc2309,3800.0,0.0,0.0,0.0,2,3801.0,3803.0,10,3790.0,3790.0,3800.0,3790.0,53.0,2010340.0,7563
2023-05-10 21:03:02,hc2309,hc2309,3800.0,0.0,0.0,0.0,2,3801.0,3803.0,10,3790.0,3790.0,3800.0,3790.0,53.0,2010340.0,7563
2023-05-10 21:03:03,hc2309,hc2309,3800.0,0.0,0.0,0.0,36,3800.0,3803.0,10,3790.0,3790.0,3800.0,3790.0,53.0,2010340.0,7563
2023-05-10 21:03:04,hc2309,hc2309,3800.0,0.0,0.0,0.0,30,3800.0,3802.0,3,3790.0,3790.0,3800.0,3790.0,53.0,2010340.0,7563
2023-05-10 21:03:04,hc2309,hc2309,3800.0,0.0,0.0,0.0,18,3800.0,3802.0,9,3790.0,3790.0,3800.0,3790.0,53.0,2010340.0,7563
2023-05-10 21:03:05,hc2309,hc2309,3800.0,0.0,0.0,0.0,9,3800.0,3802.0,9,3790.0,3790.0,3800.0,3790.0,53.0,2010340.0,7563
2023-05-10 21:03:05,hc2309,hc2309,3800.0,4.0,152000.0,2.0,30,3799.0,3800.0,2,3790.0,3790.0,3800.0,3790.0,57.0,2162340.0,7565
2023-05-10 21:03:06,hc2309,hc2309,3799.0,9.0,341910.0,1.0,22,3798.0,3800.0,3,3790.0,3790.0,3800.0,3790.0,66.0,2504250.0,7566
2023-05-10 21:03:06,hc2309,hc2309,3799.0,0.0,0.0,0.0,12,3798.0,3800.0,10,3790.0,3790.0,3800.0,3790.0,66.0,2504250.0,7566
2023-05-10 21:03:07,hc2309,hc2309,3799.0,0.0,0.0,0.0,28,3797.0,3800.0,10,3790.0,3790.0,3800.0,3790.0,66.0,2504250.0,7566
2023-05-10 21:03:07,hc2309,hc2309,3798.0,1.0,37980.0,0.0,1,3798.0,3800.0,11,3790.0,3790.0,3800.0,3790.0,67.0,2542230.0,7566
2023-05-10 21:03:09,hc2309,hc2309,3798.0,0.0,0.0,0.0,31,3797.0,3800.0,11,3790.0,3790.0,3800.0,3790.0,67.0,2542230.0,7566
2023-05-10 21:03:09,hc2309,hc2309,3798.0,0.0,0.0,0.0,31,3797.0,3800.0,15,3790.0,3790.0,3800.0,3790.0,67.0,2542230.0,7566
2023-05-10 21:03:10,hc2309,hc2309,3798.0,0.0,0.0,0.0,32,3797.0,3800.0,18,3790.0,3790.0,3800.0,3790.0,67.0,2542230.0,7566
2023-05-10 21:03:11,hc2309,hc2309,3798.0,0.0,0.0,0.0,31,3797.0,3800.0,21,3790.0,3790.0,3800.0,3790.0,67.0,2542230.0,7566
2023-05-10 21:03:11,hc2309,hc2309,3798.0,0.0,0.0,0.0,4,3798.0,3800.0,18,3790.0,3790.0,3800.0,3790.0,67.0,2542230.0,7566
2023-05-10 21:03:12,hc2309,hc2309,3798.0,0.0,0.0,0.0,1,3799.0,3800.0,11,3790.0,3790.0,3800.0,3790.0,67.0,2542230.0,7566
2023-05-10 21:03:12,hc2309,hc2309,3798.0,0.0,0.0,0.0,1,3799.0,3800.0,5,3790.0,3790.0,3800.0,3790.0,67.0,2542230.0,7566
2023-05-10 21:03:13,hc2309,hc2309,3798.0,0.0,0.0,0.0,1,3799.0,3800.0,5,3790.0,3790.0,3800.0,3790.0,67.0,2542230.0,7566
2023-05-10 21:03:13,hc2309,hc2309,3798.0,0.0,0.0,0.0,1,3799.0,3800.0,5,3790.0,3790.0,3800.0,3790.0,67.0,2542230.0,7566
2023-05-10 21:03:14,hc2309,hc2309,3798.0,0.0,0.0,0.0,1,3799.0,3800.0,5,3790.0,3790.0,3800.0,3790.0,67.0,2542230.0,7566
2023-05-10 21:03:14,hc2309,hc2309,3798.0,0.0,0.0,0.0,15,3798.0,3800.0,5,3790.0,3790.0,3800.0,3790.0,67.0,2542230.0,7566
2023-05-10 21:03:15,hc2309,hc2309,3798.0,0.0,0.0,0.0,6,3798.0,3800.0,8,3790.0,3790.0,3800.0,3790.0,67.0,2542230.0,7566
2023-05-10 21:03:15,hc2309,hc2309,3798.0,0.0,0.0,0.0,3,3798.0,3800.0,11,3790.0,3790.0,3800.0,3790.0,67.0,2542230.0,7566
2023-05-10 21:03:16,hc2309,hc2309,3798.0,0.0,0.0,0.0,3,3798.0,3800.0,11,3790.0,3790.0,3800.0,3790.0,67.0,2542230.0,7566
2023-05-10 21:03:16,hc2309,hc2309,3798.0,0.0,0.0,0.0,3,3798.0,3800.0,11,3790.0,3790.0,3800.0,3790.0,67.0,2542230.0,7566
2023-05-10 21:03:17,hc2309,hc2309,3798.0,0.0,0.0,0.0,3,3798.0,3800.0,11,3790.0,3790.0,3800.0,3790.0,67.0,2542230.0,7566
2023-05-10 21:03:17,hc2309,hc2309,3798.0,0.0,0.0,0.0,3,3798.0,3800.0,11,3790.0,3790.0,3800.0,3790.0,67.0,2542230.0,7566
2023-05-10 21:03:18,hc2309,hc2309,3798.0,0.0,0.0,0.0,3,3798.0,3800.0,11,3790.0,3790.0,3800.0,3790.0,67.0,2542230.0,7566
2023-05-10 21:03:18,hc2309,hc2309,3798.0,0.0,0.0,0.0,3,3798.0,3800.0,11,3790.0,3790.0,3800.0,3790.0,67.0,2542230.0,7566
2023-05-10 21:03:19,hc2309,hc2309,3798.0,0.0,0.0,0.0,3,3798.0,3800.0,11,3790.0,3790.0,3800.0,3790.0,67.0,2542230.0,7566
2023-05-10 21:03:19,hc2309,hc2309,3798.0,0.0,0.0,0.0,3,3798.0,3800.0,11,3790.0,3790.0,3800.0,3790.0,67.0,2542230.0,7566
2023-05-10 21:03:20,hc2309,hc2309,3798.0,0.0,0.0,0.0,3,3798.0,3800.0,11,3790.0,3790.0,3800.0,3790.0,67.0,2542230.0,7566
2023-05-10 21:03:20,hc2309,hc2309,3798.0,0.0,0.0,0.0,3,3798.0,3800.0,11,3790.0,3790.0,3800.0,3790.0,67.0,2542230.0,7566
2023-05-10 21:03:21,hc2309,hc2309,3798.0,0.0,0.0,0.0,3,3798.0,3800.0,11,3790.0,3790.0,3800.0,3790.0,67.0,2542230.0,7566
2023-05-10 21:03:21,hc2309,hc2309,3798.0,0.0,0.0,0.0,3,3798.0,3800.0,11,3790.0,3790.0,3800.0,3790.0,67.0,2542230.0,7566
2023-05-10 21:03:22,hc2309,hc2309,3798.0,0.0,0.0,0.0,3,3798.0,3800.0,11,3790.0,3790.0,3800.0,3790.0,67.0,2542230.0,7566
2023-05-10 21:03:22,hc2309,hc2309,3798.0,0.0,0.0,0.0,3,3798.0,3800.0,11,3790.0,3790.0,3800.0,3790.0,67.0,2542230.0,7566
2023-05-10 21:03:23,hc2309,hc2309,3798.0,0.0,0.0,0.0,3,3798.0,3800.0,11,3790.0,3790.0,3800.0,3790.0,67.0,2542230.0,7566
2023-05-10 21:03:23,hc2309,hc2309,3798.0,0.0,0.0,0.0,3,3798.0,3800.0,11,3790.0,3790.0,3800.0,3790.0,67.0,2542230.0,7566
2023-05-10 21:03:24,hc2309,hc2309,3798.0,0.0,0.0,0.0,3,3798.0,3800.0,11,3790.0,3790.0,3800.0,3790.0,67.0,2542230.0,7566
2023-05-10 21:03:24,hc2309,hc2309,3798.0,0.0,0.0,0.0,26,3797.0,3800.0,14,3790.0,3790.0,3800.0,3790.0,67.0,2542230.0,7566
2023-05-10 21:03:25,hc2309,hc2309,3798.0,0.0,0.0,0.0,23,3797.0,3800.0,14,3790.0,3790.0,3800.0,3790.0,67.0,2542230.0,7566
2023-05-10 21:03:25,hc2309,hc2309,3798.0,0.0,0.0,0.0,1,3798.0,3800.0,14,3790.0,3790.0,3800.0,3790.0,67.0,2542230.0,7566
2023-05-10 21:03:26,hc2309,hc2309,3798.0,0.0,0.0,0.0,1,3798.0,3800.0,14,3790.0,3790.0,3800.0,3790.0,67.0,2542230.0,7566
2023-05-10 21:03:26,hc2309,hc2309,3798.0,0.0,0.0,0.0,1,3798.0,3800.0,14,3790.0,3790.0,3800.0,3790.0,67.0,2542230.0,7566
2023-05-10 21:03:27,hc2309,hc2309,3798.0,0.0,0.0,0.0,4,3798.0,3800.0,11,3790.0,3790.0,3800.0,3790.0,67.0,2542230.0,7566
2023-05-10 21:03:27,hc2309,hc2309,3798.0,0.0,0.0,0.0,4,3798.0,3800.0,11,3790.0,3790.0,3800.0,3790.0,67.0,2542230.0,7566
2023-05-10 21:03:28,hc2309,hc2309,3798.0,0.0,0.0,0.0,1,3798.0,3800.0,14,3790.0,3790.0,3800.0,3790.0,67.0,2542230.0,7566
2023-05-10 21:03:28,hc2309,hc2309,3798.0,0.0,0.0,0.0,28,3797.0,3799.0,4,3790.0,3790.0,3800.0,3790.0,67.0,2542230.0,7566
2023-05-10 21:03:29,hc2309,hc2309,3798.0,0.0,0.0,0.0,19,3797.0,3799.0,4,3790.0,3790.0,3800.0,3790.0,67.0,2542230.0,7566
2023-05-10 21:03:29,hc2309,hc2309,3798.0,0.0,0.0,0.0,10,3797.0,3799.0,4,3790.0,3790.0,3800.0,3790.0,67.0,2542230.0,7566
2023-05-10 21:03:30,hc2309,hc2309,3798.0,0.0,0.0,0.0,7,3797.0,3799.0,4,3790.0,3790.0,3800.0,3790.0,67.0,2542230.0,7566
2023-05-10 21:03:30,hc2309,hc2309,3798.0,0.0,0.0,0.0,7,3797.0,3799.0,4,3790.0,3790.0,3800.0,3790.0,67.0,2542230.0,7566
2023-05-10 21:03:33,hc2309,hc2309,3798.0,0.0,0.0,0.0,1,3798.0,3799.0,4,3790.0,3790.0,3800.0,3790.0,67.0,2542230.0,7566
2023-05-10 21:03:33,hc2309,hc2309,3798.0,0.0,0.0,0.0,4,3798.0,3799.0,1,3790.0,3790.0,3800.0,3790.0,67.0,2542230.0,7566
2023-05-10 21:03:34,hc2309,hc2309,3798.0,0.0,0.0,0.0,4,3798.0,3799.0,1,3790.0,3790.0,3800.0,3790.0,67.0,2542230.0,7566
2023-05-10 21:03:34,hc2309,hc2309,3798.0,0.0,0.0,0.0,4,3798.0,3799.0,1,3790.0,3790.0,3800.0,3790.0,67.0,2542230.0,7566
2023-05-10 21:03:35,hc2309,hc2309,3798.0,0.0,0.0,0.0,4,3798.0,3799.0,1,3790.0,3790.0,3800.0,3790.0,67.0,2542230.0,7566
2023-05-10 21:03:35,hc2309,hc2309,3798.0,0.0,0.0,0.0,4,3798.0,3799.0,1,3790.0,3790.0,3800.0,3790.0,67.0,2542230.0,7566
2023-05-10 21:03:36,hc2309,hc2309,3798.0,0.0,0.0,0.0,4,3798.0,3799.0,1,3790.0,3790.0,3800.0,3790.0,67.0,2542230.0,7566
2023-05-10 21:03:36,hc2309,hc2309,3798.0,0.0,0.0,0.0,4,3798.0,3799.0,1,3790.0,3790.0,3800.0,3790.0,67.0,2542230.0,7566
2023-05-10 21:03:37,hc2309,hc2309,3798.0,0.0,0.0,0.0,4,3798.0,3799.0,1,3790.0,3790.0,3800.0,3790.0,67.0,2542230.0,7566
2023-05-10 21:03:37,hc2309,hc2309,3798.0,0.0,0.0,0.0,3,3798.0,3799.0,1,3790.0,3790.0,3800.0,3790.0,67.0,2542230.0,7566
2023-05-10 21:03:38,hc2309,hc2309,3798.0,0.0,0.0,0.0,29,3797.0,3799.0,1,3790.0,3790.0,3800.0,3790.0,67.0,2542230.0,7566
2023-05-10 21:03:38,hc2309,hc2309,3798.0,0.0,0.0,0.0,17,3797.0,3799.0,4,3790.0,3790.0,3800.0,3790.0,67.0,2542230.0,7566
2023-05-10 21:03:39,hc2309,hc2309,3798.0,0.0,0.0,0.0,8,3797.0,3799.0,4,3790.0,3790.0,3800.0,3790.0,67.0,2542230.0,7566
2023-05-10 21:03:39,hc2309,hc2309,3798.0,0.0,0.0,0.0,8,3797.0,3799.0,4,3790.0,3790.0,3800.0,3790.0,67.0,2542230.0,7566
2023-05-10 21:03:40,hc2309,hc2309,3798.0,0.0,0.0,0.0,7,3797.0,3799.0,4,3790.0,3790.0,3800.0,3790.0,67.0,2542230.0,7566
2023-05-10 21:03:40,hc2309,hc2309,3798.0,0.0,0.0,0.0,4,3797.0,3799.0,7,3790.0,3790.0,3800.0,3790.0,67.0,2542230.0,7566
2023-05-10 21:03:41,hc2309,hc2309,3798.0,0.0,0.0,0.0,1,3797.0,3799.0,10,3790.0,3790.0,3800.0,3790.0,67.0,2542230.0,7566
2023-05-10 21:03:41,hc2309,hc2309,3798.0,0.0,0.0,0.0,5,3797.0,3799.0,7,3790.0,3790.0,3800.0,3790.0,67.0,2542230.0,7566
2023-05-10 21:03:42,hc2309,hc2309,3798.0,0.0,0.0,0.0,4,3798.0,3799.0,7,3790.0,3790.0,3800.0,3790.0,67.0,2542230.0,7566
2023-05-10 21:03:42,hc2309,hc2309,3798.0,0.0,0.0,0.0,4,3798.0,3799.0,1,3790.0,3790.0,3800.0,3790.0,67.0,2542230.0,7566
2023-05-10 21:03:43,hc2309,hc2309,3798.0,0.0,0.0,0.0,4,3798.0,3799.0,1,3790.0,3790.0,3800.0,3790.0,67.0,2542230.0,7566
2023-05-10 21:03:43,hc2309,hc2309,3798.0,0.0,0.0,0.0,32,3797.0,3799.0,1,3790.0,3790.0,3800.0,3790.0,67.0,2542230.0,7566
2023-05-10 21:03:44,hc2309,hc2309,3798.0,0.0,0.0,0.0,20,3797.0,3799.0,4,3790.0,3790.0,3800.0,3790.0,67.0,2542230.0,7566
2023-05-10 21:03:44,hc2309,hc2309,3798.0,0.0,0.0,0.0,11,3797.0,3799.0,4,3790.0,3790.0,3800.0,3790.0,67.0,2542230.0,7566
2023-05-10 21:03:45,hc2309,hc2309,3798.0,0.0,0.0,0.0,8,3797.0,3799.0,4,3790.0,3790.0,3800.0,3790.0,67.0,2542230.0,7566
2023-05-10 21:03:53,hc2309,hc2309,3798.0,0.0,0.0,0.0,3,3798.0,3799.0,4,3790.0,3790.0,3800.0,3790.0,67.0,2542230.0,7566
2023-05-10 21:03:53,hc2309,hc2309,3798.0,0.0,0.0,0.0,17,3797.0,3799.0,1,3790.0,3790.0,3800.0,3790.0,67.0,2542230.0,7566
2023-05-10 21:03:54,hc2309,hc2309,3798.0,0.0,0.0,0.0,8,3797.0,3799.0,4,3790.0,3790.0,3800.0,3790.0,67.0,2542230.0,7566
2023-05-10 21:04:01,hc2309,hc2309,3798.0,0.0,0.0,0.0,8,3797.0,3799.0,4,3790.0,3790.0,3800.0,3790.0,67.0,2542230.0,7566
2023-05-10 21:04:01,hc2309,hc2309,3798.0,0.0,0.0,0.0,7,3797.0,3799.0,4,3790.0,3790.0,3800.0,3790.0,67.0,2542230.0,7566
2023-05-10 21:04:02,hc2309,hc2309,3798.0,0.0,0.0,0.0,11,3797.0,3799.0,1,3790.0,3790.0,3800.0,3790.0,67.0,2542230.0,7566
2023-05-10 21:04:03,hc2309,hc2309,3798.0,0.0,0.0,0.0,10,3797.0,3799.0,1,3790.0,3790.0,3800.0,3790.0,67.0,2542230.0,7566
2023-05-10 21:04:03,hc2309,hc2309,3798.0,0.0,0.0,0.0,7,3797.0,3799.0,4,3790.0,3790.0,3800.0,3790.0,67.0,2542230.0,7566
2023-05-10 21:04:04,hc2309,hc2309,3798.0,0.0,0.0,0.0,7,3797.0,3799.0,4,3790.0,3790.0,3800.0,3790.0,67.0,2542230.0,7566
2023-05-10 21:04:05,hc2309,hc2309,3798.0,0.0,0.0,0.0,7,3797.0,3799.0,4,3790.0,3790.0,3800.0,3790.0,67.0,2542230.0,7566
2023-05-10 21:04:05,hc2309,hc2309,3798.0,0.0,0.0,0.0,7,3797.0,3799.0,6,3790.0,3790.0,3800.0,3790.0,67.0,2542230.0,7566
2023-05-10 21:04:08,hc2309,hc2309,3798.0,0.0,0.0,0.0,11,3797.0,3799.0,3,3790.0,3790.0,3800.0,3790.0,67.0,2542230.0,7566
2023-05-10 21:04:13,hc2309,hc2309,3797.0,1.0,37970.0,1.0,10,3797.0,3799.0,3,3790.0,3790.0,3800.0,3790.0,68.0,2580200.0,7567
2023-05-10 21:04:14,hc2309,hc2309,3797.0,0.0,0.0,0.0,9,3797.0,3799.0,3,3790.0,3790.0,3800.0,3790.0,68.0,2580200.0,7567
2023-05-10 21:04:14,hc2309,hc2309,3797.0,0.0,0.0,0.0,9,3797.0,3799.0,3,3790.0,3790.0,3800.0,3790.0,68.0,2580200.0,7567
2023-05-10 21:04:15,hc2309,hc2309,3797.0,0.0,0.0,0.0,6,3797.0,3799.0,6,3790.0,3790.0,3800.0,3790.0,68.0,2580200.0,7567
2023-05-10 21:04:16,hc2309,hc2309,3797.0,0.0,0.0,0.0,6,3797.0,3799.0,6,3790.0,3790.0,3800.0,3790.0,68.0,2580200.0,7567
2023-05-10 21:04:17,hc2309,hc2309,3797.0,0.0,0.0,0.0,6,3797.0,3799.0,6,3790.0,3790.0,3800.0,3790.0,68.0,2580200.0,7567
2023-05-10 21:04:17,hc2309,hc2309,3797.0,0.0,0.0,0.0,6,3797.0,3799.0,6,3790.0,3790.0,3800.0,3790.0,68.0,2580200.0,7567
2023-05-10 21:04:18,hc2309,hc2309,3797.0,0.0,0.0,0.0,6,3797.0,3799.0,6,3790.0,3790.0,3800.0,3790.0,68.0,2580200.0,7567
2023-05-10 21:04:18,hc2309,hc2309,3797.0,0.0,0.0,0.0,6,3797.0,3799.0,6,3790.0,3790.0,3800.0,3790.0,68.0,2580200.0,7567
2023-05-10 21:04:19,hc2309,hc2309,3797.0,0.0,0.0,0.0,6,3797.0,3799.0,6,3790.0,3790.0,3800.0,3790.0,68.0,2580200.0,7567
2023-05-10 21:04:19,hc2309,hc2309,3797.0,0.0,0.0,0.0,6,3797.0,3799.0,6,3790.0,3790.0,3800.0,3790.0,68.0,2580200.0,7567
2023-05-10 21:04:20,hc2309,hc2309,3797.0,0.0,0.0,0.0,6,3797.0,3799.0,6,3790.0,3790.0,3800.0,3790.0,68.0,2580200.0,7567
2023-05-10 21:04:20,hc2309,hc2309,3797.0,0.0,0.0,0.0,6,3797.0,3799.0,6,3790.0,3790.0,3800.0,3790.0,68.0,2580200.0,7567
2023-05-10 21:04:21,hc2309,hc2309,3797.0,0.0,0.0,0.0,6,3797.0,3798.0,3,3790.0,3790.0,3800.0,3790.0,68.0,2580200.0,7567
2023-05-10 21:04:21,hc2309,hc2309,3797.0,0.0,0.0,0.0,34,3796.0,3798.0,4,3790.0,3790.0,3800.0,3790.0,68.0,2580200.0,7567
2023-05-10 21:04:22,hc2309,hc2309,3797.0,0.0,0.0,0.0,19,3796.0,3798.0,4,3790.0,3790.0,3800.0,3790.0,68.0,2580200.0,7567
2023-05-10 21:04:22,hc2309,hc2309,3797.0,0.0,0.0,0.0,10,3796.0,3798.0,4,3790.0,3790.0,3800.0,3790.0,68.0,2580200.0,7567
2023-05-10 21:04:23,hc2309,hc2309,3797.0,0.0,0.0,0.0,7,3796.0,3798.0,4,3790.0,3790.0,3800.0,3790.0,68.0,2580200.0,7567
2023-05-10 21:04:23,hc2309,hc2309,3797.0,0.0,0.0,0.0,7,3796.0,3797.0,4,3790.0,3790.0,3800.0,3790.0,68.0,2580200.0,7567
2023-05-10 21:04:24,hc2309,hc2309,3797.0,0.0,0.0,0.0,1,3796.0,3797.0,5,3790.0,3790.0,3800.0,3790.0,68.0,2580200.0,7567
2023-05-10 21:04:24,hc2309,hc2309,3797.0,0.0,0.0,0.0,1,3796.0,3797.0,5,3790.0,3790.0,3800.0,3790.0,68.0,2580200.0,7567
2023-05-10 21:04:25,hc2309,hc2309,3796.0,1.0,37960.0,1.0,15,3795.0,3796.0,1,3790.0,3790.0,3800.0,3790.0,69.0,2618160.0,7568
2023-05-10 21:04:25,hc2309,hc2309,3796.0,0.0,0.0,0.0,42,3794.0,3795.0,1,3790.0,3790.0,3800.0,3790.0,69.0,2618160.0,7568
2023-05-10 21:04:26,hc2309,hc2309,3795.0,1.0,37950.0,1.0,16,3794.0,3795.0,1,3790.0,3790.0,3800.0,3790.0,70.0,2656110.0,7569
2023-05-10 21:04:26,hc2309,hc2309,3795.0,0.0,0.0,0.0,3,3794.0,3795.0,1,3790.0,3790.0,3800.0,3790.0,70.0,2656110.0,7569
2023-05-10 21:04:27,hc2309,hc2309,3795.0,0.0,0.0,0.0,3,3794.0,3795.0,1,3790.0,3790.0,3800.0,3790.0,70.0,2656110.0,7569
2023-05-10 21:04:27,hc2309,hc2309,3795.0,1.0,37950.0,0.0,4,3794.0,3796.0,12,3790.0,3790.0,3800.0,3790.0,71.0,2694060.0,7569
2023-05-10 21:04:28,hc2309,hc2309,3795.0,0.0,0.0,0.0,6,3794.0,3796.0,3,3790.0,3790.0,3800.0,3790.0,71.0,2694060.0,7569
2023-05-10 21:04:28,hc2309,hc2309,3795.0,0.0,0.0,0.0,9,3794.0,3797.0,36,3790.0,3790.0,3800.0,3790.0,71.0,2694060.0,7569
2023-05-10 21:04:29,hc2309,hc2309,3795.0,0.0,0.0,0.0,9,3794.0,3796.0,1,3790.0,3790.0,3800.0,3790.0,71.0,2694060.0,7569
2023-05-10 21:04:32,hc2309,hc2309,3795.0,0.0,0.0,0.0,9,3794.0,3796.0,1,3790.0,3790.0,3800.0,3790.0,71.0,2694060.0,7569
2023-05-10 21:04:38,hc2309,hc2309,3795.0,0.0,0.0,0.0,6,3794.0,3796.0,4,3790.0,3790.0,3800.0,3790.0,71.0,2694060.0,7569
2023-05-10 21:04:43,hc2309,hc2309,3795.0,0.0,0.0,0.0,6,3794.0,3796.0,4,3790.0,3790.0,3800.0,3790.0,71.0,2694060.0,7569
2023-05-10 21:04:44,hc2309,hc2309,3795.0,0.0,0.0,0.0,6,3794.0,3796.0,4,3790.0,3790.0,3800.0,3790.0,71.0,2694060.0,7569
2023-05-10 21:04:54,hc2309,hc2309,3795.0,0.0,0.0,0.0,6,3794.0,3796.0,3,3790.0,3790.0,3800.0,3790.0,71.0,2694060.0,7569
2023-05-10 21:04:56,hc2309,hc2309,3795.0,0.0,0.0,0.0,6,3794.0,3795.0,3,3790.0,3790.0,3800.0,3790.0,71.0,2694060.0,7569
2023-05-10 21:04:56,hc2309,hc2309,3795.0,0.0,0.0,0.0,36,3793.0,3796.0,19,3790.0,3790.0,3800.0,3790.0,71.0,2694060.0,7569
2023-05-10 21:04:57,hc2309,hc2309,3795.0,0.0,0.0,0.0,36,3793.0,3795.0,2,3790.0,3790.0,3800.0,3790.0,71.0,2694060.0,7569
2023-05-10 21:04:57,hc2309,hc2309,3795.0,0.0,0.0,0.0,24,3793.0,3795.0,2,3790.0,3790.0,3800.0,3790.0,71.0,2694060.0,7569
2023-05-10 21:04:58,hc2309,hc2309,3795.0,0.0,0.0,0.0,9,3793.0,3795.0,5,3790.0,3790.0,3800.0,3790.0,71.0,2694060.0,7569
2023-05-10 21:04:58,hc2309,hc2309,3795.0,0.0,0.0,0.0,6,3793.0,3794.0,2,3790.0,3790.0,3800.0,3790.0,71.0,2694060.0,7569
2023-05-10 21:04:59,hc2309,hc2309,3795.0,0.0,0.0,0.0,46,3792.0,3794.0,2,3790.0,3790.0,3800.0,3790.0,71.0,2694060.0,7569
2023-05-10 21:04:59,hc2309,hc2309,3795.0,0.0,0.0,0.0,31,3792.0,3794.0,2,3790.0,3790.0,3800.0,3790.0,71.0,2694060.0,7569
2023-05-10 21:05:00,hc2309,hc2309,3795.0,0.0,0.0,0.0,28,3792.0,3794.0,2,3790.0,3790.0,3800.0,3790.0,71.0,2694060.0,7569
2023-05-10 21:05:00,hc2309,hc2309,3795.0,0.0,0.0,0.0,22,3792.0,3794.0,2,3790.0,3790.0,3800.0,3790.0,71.0,2694060.0,7569
2023-05-10 21:05:01,hc2309,hc2309,3795.0,0.0,0.0,0.0,19,3792.0,3794.0,2,3790.0,3790.0,3800.0,3790.0,71.0,2694060.0,7569
2023-05-10 21:05:01,hc2309,hc2309,3795.0,0.0,0.0,0.0,4,3793.0,3794.0,2,3790.0,3790.0,3800.0,3790.0,71.0,2694060.0,7569
2023-05-10 21:05:02,hc2309,hc2309,3794.0,2.0,75880.0,0.0,5,3793.0,3795.0,21,3790.0,3790.0,3800.0,3790.0,73.0,2769940.0,7569
2023-05-10 21:05:02,hc2309,hc2309,3794.0,0.0,0.0,0.0,6,3793.0,3795.0,9,3790.0,3790.0,3800.0,3790.0,73.0,2769940.0,7569
2023-05-10 21:05:03,hc2309,hc2309,3794.0,0.0,0.0,0.0,6,3793.0,3795.0,6,3790.0,3790.0,3800.0,3790.0,73.0,2769940.0,7569
2023-05-10 21:05:03,hc2309,hc2309,3794.0,0.0,0.0,0.0,9,3793.0,3795.0,3,3790.0,3790.0,3800.0,3790.0,73.0,2769940.0,7569
2023-05-10 21:05:04,hc2309,hc2309,3794.0,0.0,0.0,0.0,12,3793.0,3796.0,46,3790.0,3790.0,3800.0,3790.0,73.0,2769940.0,7569
2023-05-10 21:05:04,hc2309,hc2309,3794.0,0.0,0.0,0.0,11,3793.0,3796.0,46,3790.0,3790.0,3800.0,3790.0,73.0,2769940.0,7569
2023-05-10 21:05:06,hc2309,hc2309,3794.0,0.0,0.0,0.0,1,3794.0,3796.0,46,3790.0,3790.0,3800.0,3790.0,73.0,2769940.0,7569
2023-05-10 21:05:06,hc2309,hc2309,3794.0,0.0,0.0,0.0,1,3794.0,3796.0,34,3790.0,3790.0,3800.0,3790.0,73.0,2769940.0,7569
2023-05-10 21:05:07,hc2309,hc2309,3794.0,0.0,0.0,0.0,1,3794.0,3796.0,25,3790.0,3790.0,3800.0,3790.0,73.0,2769940.0,7569
2023-05-10 21:05:07,hc2309,hc2309,3794.0,0.0,0.0,0.0,1,3795.0,3796.0,9,3790.0,3790.0,3800.0,3790.0,73.0,2769940.0,7569
2023-05-10 21:05:08,hc2309,hc2309,3794.0,0.0,0.0,0.0,1,3795.0,3797.0,36,3790.0,3790.0,3800.0,3790.0,73.0,2769940.0,7569
2023-05-10 21:05:08,hc2309,hc2309,3794.0,0.0,0.0,0.0,1,3795.0,3797.0,21,3790.0,3790.0,3800.0,3790.0,73.0,2769940.0,7569
2023-05-10 21:05:09,hc2309,hc2309,3794.0,0.0,0.0,0.0,1,3795.0,3797.0,12,3790.0,3790.0,3800.0,3790.0,73.0,2769940.0,7569
2023-05-10 21:05:09,hc2309,hc2309,3794.0,0.0,0.0,0.0,1,3795.0,3797.0,9,3790.0,3790.0,3800.0,3790.0,73.0,2769940.0,7569
2023-05-10 21:05:11,hc2309,hc2309,3794.0,0.0,0.0,0.0,4,3795.0,3797.0,6,3790.0,3790.0,3800.0,3790.0,73.0,2769940.0,7569
2023-05-10 21:05:11,hc2309,hc2309,3794.0,0.0,0.0,0.0,1,3795.0,3797.0,9,3790.0,3790.0,3800.0,3790.0,73.0,2769940.0,7569
2023-05-10 21:05:13,hc2309,hc2309,3794.0,0.0,0.0,0.0,1,3795.0,3797.0,9,3790.0,3790.0,3800.0,3790.0,73.0,2769940.0,7569
2023-05-10 21:05:15,hc2309,hc2309,3794.0,0.0,0.0,0.0,4,3796.0,3797.0,6,3790.0,3790.0,3800.0,3790.0,73.0,2769940.0,7569
2023-05-10 21:05:15,hc2309,hc2309,3794.0,0.0,0.0,0.0,4,3796.0,3798.0,43,3790.0,3790.0,3800.0,3790.0,73.0,2769940.0,7569
2023-05-10 21:05:16,hc2309,hc2309,3794.0,0.0,0.0,0.0,4,3796.0,3798.0,24,3790.0,3790.0,3800.0,3790.0,73.0,2769940.0,7569
2023-05-10 21:05:16,hc2309,hc2309,3794.0,0.0,0.0,0.0,4,3796.0,3798.0,15,3790.0,3790.0,3800.0,3790.0,73.0,2769940.0,7569
2023-05-10 21:05:17,hc2309,hc2309,3794.0,0.0,0.0,0.0,4,3796.0,3798.0,12,3790.0,3790.0,3800.0,3790.0,73.0,2769940.0,7569
2023-05-10 21:05:17,hc2309,hc2309,3794.0,0.0,0.0,0.0,1,3797.0,3798.0,9,3790.0,3790.0,3800.0,3790.0,73.0,2769940.0,7569
2023-05-10 21:05:18,hc2309,hc2309,3794.0,0.0,0.0,0.0,1,3797.0,3798.0,3,3790.0,3790.0,3800.0,3790.0,73.0,2769940.0,7569
2023-05-10 21:05:18,hc2309,hc2309,3794.0,0.0,0.0,0.0,1,3797.0,3799.0,33,3790.0,3790.0,3800.0,3790.0,73.0,2769940.0,7569
2023-05-10 21:05:19,hc2309,hc2309,3794.0,0.0,0.0,0.0,1,3797.0,3799.0,24,3790.0,3790.0,3800.0,3790.0,73.0,2769940.0,7569
2023-05-10 21:05:19,hc2309,hc2309,3794.0,0.0,0.0,0.0,1,3797.0,3799.0,13,3790.0,3790.0,3800.0,3790.0,73.0,2769940.0,7569
2023-05-10 21:05:20,hc2309,hc2309,3794.0,0.0,0.0,0.0,1,3797.0,3799.0,10,3790.0,3790.0,3800.0,3790.0,73.0,2769940.0,7569
2023-05-10 21:05:21,hc2309,hc2309,3794.0,0.0,0.0,0.0,1,3797.0,3799.0,10,3790.0,3790.0,3800.0,3790.0,73.0,2769940.0,7569
2023-05-10 21:05:22,hc2309,hc2309,3794.0,0.0,0.0,0.0,1,3797.0,3799.0,10,3790.0,3790.0,3800.0,3790.0,73.0,2769940.0,7569
2023-05-10 21:05:22,hc2309,hc2309,3794.0,0.0,0.0,0.0,1,3797.0,3799.0,9,3790.0,3790.0,3800.0,3790.0,73.0,2769940.0,7569
2023-05-10 21:05:23,hc2309,hc2309,3794.0,0.0,0.0,0.0,1,3797.0,3799.0,9,3790.0,3790.0,3800.0,3790.0,73.0,2769940.0,7569
2023-05-10 21:05:29,hc2309,hc2309,3794.0,0.0,0.0,0.0,4,3797.0,3799.0,6,3790.0,3790.0,3800.0,3790.0,73.0,2769940.0,7569
2023-05-10 21:05:29,hc2309,hc2309,3794.0,0.0,0.0,0.0,1,3797.0,3799.0,9,3790.0,3790.0,3800.0,3790.0,73.0,2769940.0,7569
2023-05-10 21:05:31,hc2309,hc2309,3794.0,0.0,0.0,0.0,4,3797.0,3799.0,6,3790.0,3790.0,3800.0,3790.0,73.0,2769940.0,7569
2023-05-10 21:05:32,hc2309,hc2309,3794.0,0.0,0.0,0.0,5,3797.0,3799.0,6,3790.0,3790.0,3800.0,3790.0,73.0,2769940.0,7569
2023-05-10 21:05:32,hc2309,hc2309,3794.0,0.0,0.0,0.0,1,3798.0,3799.0,6,3790.0,3790.0,3800.0,3790.0,73.0,2769940.0,7569
2023-05-10 21:05:33,hc2309,hc2309,3794.0,0.0,0.0,0.0,1,3798.0,3800.0,47,3790.0,3790.0,3800.0,3790.0,73.0,2769940.0,7569
2023-05-10 21:05:33,hc2309,hc2309,3794.0,0.0,0.0,0.0,1,3798.0,3800.0,32,3790.0,3790.0,3800.0,3790.0,73.0,2769940.0,7569
2023-05-10 21:05:34,hc2309,hc2309,3794.0,0.0,0.0,0.0,1,3798.0,3800.0,31,3790.0,3790.0,3800.0,3790.0,73.0,2769940.0,7569
2023-05-10 21:05:34,hc2309,hc2309,3794.0,0.0,0.0,0.0,1,3798.0,3800.0,31,3790.0,3790.0,3800.0,3790.0,73.0,2769940.0,7569
2023-05-10 21:05:37,hc2309,hc2309,3798.0,1.0,37980.0,0.0,37,3797.0,3798.0,4,3790.0,3790.0,3800.0,3790.0,74.0,2807920.0,7569
2023-05-10 21:05:37,hc2309,hc2309,3798.0,4.0,151920.0,4.0,13,3797.0,3799.0,12,3790.0,3790.0,3800.0,3790.0,78.0,2959840.0,7573
2023-05-10 21:05:38,hc2309,hc2309,3798.0,0.0,0.0,0.0,7,3797.0,3799.0,3,3790.0,3790.0,3800.0,3790.0,78.0,2959840.0,7573
2023-05-10 21:05:38,hc2309,hc2309,3798.0,0.0,0.0,0.0,3,3798.0,3800.0,34,3790.0,3790.0,3800.0,3790.0,78.0,2959840.0,7573
2023-05-10 21:05:39,hc2309,hc2309,3798.0,0.0,0.0,0.0,3,3798.0,3800.0,19,3790.0,3790.0,3800.0,3790.0,78.0,2959840.0,7573
2023-05-10 21:05:39,hc2309,hc2309,3798.0,0.0,0.0,0.0,3,3798.0,3800.0,10,3790.0,3790.0,3800.0,3790.0,78.0,2959840.0,7573
2023-05-10 21:05:40,hc2309,hc2309,3798.0,0.0,0.0,0.0,3,3798.0,3800.0,7,3790.0,3790.0,3800.0,3790.0,78.0,2959840.0,7573
2023-05-10 21:05:40,hc2309,hc2309,3798.0,0.0,0.0,0.0,4,3798.0,3800.0,7,3790.0,3790.0,3800.0,3790.0,78.0,2959840.0,7573
2023-05-10 21:05:42,hc2309,hc2309,3798.0,0.0,0.0,0.0,4,3798.0,3800.0,7,3790.0,3790.0,3800.0,3790.0,78.0,2959840.0,7573
2023-05-10 21:05:43,hc2309,hc2309,3798.0,0.0,0.0,0.0,4,3798.0,3800.0,7,3790.0,3790.0,3800.0,3790.0,78.0,2959840.0,7573
2023-05-10 21:05:43,hc2309,hc2309,3798.0,0.0,0.0,0.0,3,3799.0,3800.0,7,3790.0,3790.0,3800.0,3790.0,78.0,2959840.0,7573
2023-05-10 21:05:44,hc2309,hc2309,3798.0,0.0,0.0,0.0,4,3799.0,3800.0,1,3790.0,3790.0,3800.0,3790.0,78.0,2959840.0,7573
2023-05-10 21:05:44,hc2309,hc2309,3798.0,0.0,0.0,0.0,4,3799.0,3800.0,1,3790.0,3790.0,3800.0,3790.0,78.0,2959840.0,7573
2023-05-10 21:05:45,hc2309,hc2309,3798.0,0.0,0.0,0.0,4,3799.0,3800.0,1,3790.0,3790.0,3800.0,3790.0,78.0,2959840.0,7573
2023-05-10 21:05:45,hc2309,hc2309,3798.0,0.0,0.0,0.0,4,3799.0,3800.0,1,3790.0,3790.0,3800.0,3790.0,78.0,2959840.0,7573
2023-05-10 21:05:46,hc2309,hc2309,3798.0,0.0,0.0,0.0,4,3799.0,3800.0,1,3790.0,3790.0,3800.0,3790.0,78.0,2959840.0,7573
2023-05-10 21:05:46,hc2309,hc2309,3798.0,0.0,0.0,0.0,4,3799.0,3800.0,1,3790.0,3790.0,3800.0,3790.0,78.0,2959840.0,7573
2023-05-10 21:05:47,hc2309,hc2309,3798.0,0.0,0.0,0.0,4,3799.0,3800.0,1,3790.0,3790.0,3800.0,3790.0,78.0,2959840.0,7573
2023-05-10 21:05:47,hc2309,hc2309,3798.0,0.0,0.0,0.0,4,3799.0,3800.0,1,3790.0,3790.0,3800.0,3790.0,78.0,2959840.0,7573
2023-05-10 21:05:48,hc2309,hc2309,3798.0,0.0,0.0,0.0,4,3799.0,3800.0,1,3790.0,3790.0,3800.0,3790.0,78.0,2959840.0,7573
2023-05-10 21:05:48,hc2309,hc2309,3798.0,0.0,0.0,0.0,4,3799.0,3800.0,1,3790.0,3790.0,3800.0,3790.0,78.0,2959840.0,7573
2023-05-10 21:05:49,hc2309,hc2309,3798.0,0.0,0.0,0.0,4,3799.0,3800.0,1,3790.0,3790.0,3800.0,3790.0,78.0,2959840.0,7573
2023-05-10 21:05:49,hc2309,hc2309,3798.0,0.0,0.0,0.0,4,3799.0,3800.0,1,3790.0,3790.0,3800.0,3790.0,78.0,2959840.0,7573
2023-05-10 21:05:50,hc2309,hc2309,3798.0,0.0,0.0,0.0,4,3799.0,3800.0,1,3790.0,3790.0,3800.0,3790.0,78.0,2959840.0,7573
2023-05-10 21:05:50,hc2309,hc2309,3798.0,0.0,0.0,0.0,4,3799.0,3800.0,1,3790.0,3790.0,3800.0,3790.0,78.0,2959840.0,7573
2023-05-10 21:05:51,hc2309,hc2309,3798.0,0.0,0.0,0.0,4,3799.0,3800.0,1,3790.0,3790.0,3800.0,3790.0,78.0,2959840.0,7573
2023-05-10 21:05:51,hc2309,hc2309,3798.0,0.0,0.0,0.0,1,3799.0,3800.0,1,3790.0,3790.0,3800.0,3790.0,78.0,2959840.0,7573
2023-05-10 21:05:52,hc2309,hc2309,3798.0,0.0,0.0,0.0,1,3799.0,3800.0,1,3790.0,3790.0,3800.0,3790.0,78.0,2959840.0,7573
2023-05-10 21:05:52,hc2309,hc2309,3798.0,0.0,0.0,0.0,1,3799.0,3800.0,1,3790.0,3790.0,3800.0,3790.0,78.0,2959840.0,7573
2023-05-10 21:05:53,hc2309,hc2309,3798.0,0.0,0.0,0.0,1,3799.0,3800.0,1,3790.0,3790.0,3800.0,3790.0,78.0,2959840.0,7573
2023-05-10 21:05:53,hc2309,hc2309,3798.0,0.0,0.0,0.0,44,3798.0,3800.0,1,3790.0,3790.0,3800.0,3790.0,78.0,2959840.0,7573
2023-05-10 21:05:54,hc2309,hc2309,3798.0,0.0,0.0,0.0,29,3798.0,3800.0,4,3790.0,3790.0,3800.0,3790.0,78.0,2959840.0,7573
2023-05-10 21:05:54,hc2309,hc2309,3798.0,0.0,0.0,0.0,25,3798.0,3800.0,4,3790.0,3790.0,3800.0,3790.0,78.0,2959840.0,7573
2023-05-10 21:05:55,hc2309,hc2309,3798.0,0.0,0.0,0.0,19,3798.0,3800.0,4,3790.0,3790.0,3800.0,3790.0,78.0,2959840.0,7573
2023-05-10 21:05:56,hc2309,hc2309,3798.0,0.0,0.0,0.0,19,3798.0,3800.0,4,3790.0,3790.0,3800.0,3790.0,78.0,2959840.0,7573
2023-05-10 21:05:57,hc2309,hc2309,3798.0,0.0,0.0,0.0,19,3798.0,3800.0,4,3790.0,3790.0,3800.0,3790.0,78.0,2959840.0,7573
2023-05-10 21:05:58,hc2309,hc2309,3798.0,0.0,0.0,0.0,16,3798.0,3800.0,7,3790.0,3790.0,3800.0,3790.0,78.0,2959840.0,7573
2023-05-10 21:05:59,hc2309,hc2309,3798.0,0.0,0.0,0.0,13,3798.0,3800.0,7,3790.0,3790.0,3800.0,3790.0,78.0,2959840.0,7573
2023-05-10 21:05:59,hc2309,hc2309,3798.0,0.0,0.0,0.0,6,3798.0,3799.0,2,3790.0,3790.0,3800.0,3790.0,78.0,2959840.0,7573
2023-05-10 21:06:00,hc2309,hc2309,3798.0,0.0,0.0,0.0,3,3798.0,3799.0,2,3790.0,3790.0,3800.0,3790.0,78.0,2959840.0,7573
2023-05-10 21:06:00,hc2309,hc2309,3798.0,0.0,0.0,0.0,3,3798.0,3799.0,2,3790.0,3790.0,3800.0,3790.0,78.0,2959840.0,7573
2023-05-10 21:06:01,hc2309,hc2309,3798.0,0.0,0.0,0.0,3,3798.0,3799.0,2,3790.0,3790.0,3800.0,3790.0,78.0,2959840.0,7573
2023-05-10 21:06:01,hc2309,hc2309,3798.0,0.0,0.0,0.0,3,3798.0,3799.0,2,3790.0,3790.0,3800.0,3790.0,78.0,2959840.0,7573
2023-05-10 21:06:02,hc2309,hc2309,3798.0,0.0,0.0,0.0,3,3798.0,3800.0,19,3790.0,3790.0,3800.0,3790.0,78.0,2959840.0,7573
2023-05-10 21:06:02,hc2309,hc2309,3798.0,0.0,0.0,0.0,10,3798.0,3800.0,7,3790.0,3790.0,3800.0,3790.0,78.0,2959840.0,7573
2023-05-10 21:06:03,hc2309,hc2309,3798.0,0.0,0.0,0.0,13,3798.0,3800.0,1,3790.0,3790.0,3800.0,3790.0,78.0,2959840.0,7573
2023-05-10 21:06:08,hc2309,hc2309,3798.0,0.0,0.0,0.0,10,3798.0,3800.0,4,3790.0,3790.0,3800.0,3790.0,78.0,2959840.0,7573
2023-05-10 21:06:09,hc2309,hc2309,3798.0,0.0,0.0,0.0,9,3798.0,3800.0,4,3790.0,3790.0,3800.0,3790.0,78.0,2959840.0,7573
2023-05-10 21:06:09,hc2309,hc2309,3798.0,0.0,0.0,0.0,9,3798.0,3800.0,4,3790.0,3790.0,3800.0,3790.0,78.0,2959840.0,7573
2023-05-10 21:06:10,hc2309,hc2309,3798.0,0.0,0.0,0.0,9,3798.0,3800.0,4,3790.0,3790.0,3800.0,3790.0,78.0,2959840.0,7573
2023-05-10 21:06:20,hc2309,hc2309,3798.0,0.0,0.0,0.0,6,3798.0,3799.0,3,3790.0,3790.0,3800.0,3790.0,78.0,2959840.0,7573
2023-05-10 21:06:20,hc2309,hc2309,3798.0,0.0,0.0,0.0,33,3797.0,3799.0,3,3790.0,3790.0,3800.0,3790.0,78.0,2959840.0,7573
2023-05-10 21:06:21,hc2309,hc2309,3798.0,0.0,0.0,0.0,18,3797.0,3799.0,3,3790.0,3790.0,3800.0,3790.0,78.0,2959840.0,7573
2023-05-10 21:06:21,hc2309,hc2309,3798.0,0.0,0.0,0.0,9,3797.0,3799.0,3,3790.0,3790.0,3800.0,3790.0,78.0,2959840.0,7573
2023-05-10 21:06:22,hc2309,hc2309,3798.0,0.0,0.0,0.0,6,3797.0,3799.0,3,3790.0,3790.0,3800.0,3790.0,78.0,2959840.0,7573
2023-05-10 21:06:22,hc2309,hc2309,3798.0,0.0,0.0,0.0,6,3797.0,3799.0,3,3790.0,3790.0,3800.0,3790.0,78.0,2959840.0,7573
2023-05-10 21:06:25,hc2309,hc2309,3798.0,0.0,0.0,0.0,6,3797.0,3798.0,5,3790.0,3790.0,3800.0,3790.0,78.0,2959840.0,7573
2023-05-10 21:06:26,hc2309,hc2309,3798.0,0.0,0.0,0.0,36,3796.0,3798.0,5,3790.0,3790.0,3800.0,3790.0,78.0,2959840.0,7573
2023-05-10 21:06:26,hc2309,hc2309,3798.0,0.0,0.0,0.0,21,3796.0,3798.0,5,3790.0,3790.0,3800.0,3790.0,78.0,2959840.0,7573
2023-05-10 21:06:27,hc2309,hc2309,3798.0,0.0,0.0,0.0,9,3796.0,3798.0,5,3790.0,3790.0,3800.0,3790.0,78.0,2959840.0,7573
2023-05-10 21:06:27,hc2309,hc2309,3798.0,0.0,0.0,0.0,6,3796.0,3797.0,5,3790.0,3790.0,3800.0,3790.0,78.0,2959840.0,7573
2023-05-10 21:06:28,hc2309,hc2309,3798.0,0.0,0.0,0.0,33,3795.0,3797.0,5,3790.0,3790.0,3800.0,3790.0,78.0,2959840.0,7573
2023-05-10 21:06:28,hc2309,hc2309,3798.0,0.0,0.0,0.0,18,3795.0,3797.0,5,3790.0,3790.0,3800.0,3790.0,78.0,2959840.0,7573
2023-05-10 21:06:29,hc2309,hc2309,3798.0,0.0,0.0,0.0,9,3795.0,3797.0,5,3790.0,3790.0,3800.0,3790.0,78.0,2959840.0,7573
2023-05-10 21:06:29,hc2309,hc2309,3798.0,0.0,0.0,0.0,6,3795.0,3797.0,5,3790.0,3790.0,3800.0,3790.0,78.0,2959840.0,7573
2023-05-10 21:06:31,hc2309,hc2309,3798.0,0.0,0.0,0.0,6,3795.0,3796.0,5,3790.0,3790.0,3800.0,3790.0,78.0,2959840.0,7573
2023-05-10 21:06:32,hc2309,hc2309,3798.0,0.0,0.0,0.0,36,3794.0,3796.0,5,3790.0,3790.0,3800.0,3790.0,78.0,2959840.0,7573
2023-05-10 21:06:32,hc2309,hc2309,3798.0,0.0,0.0,0.0,21,3794.0,3796.0,5,3790.0,3790.0,3800.0,3790.0,78.0,2959840.0,7573
2023-05-10 21:06:33,hc2309,hc2309,3798.0,0.0,0.0,0.0,12,3794.0,3796.0,5,3790.0,3790.0,3800.0,3790.0,78.0,2959840.0,7573
2023-05-10 21:06:33,hc2309,hc2309,3798.0,0.0,0.0,0.0,9,3794.0,3796.0,5,3790.0,3790.0,3800.0,3790.0,78.0,2959840.0,7573
2023-05-10 21:06:39,hc2309,hc2309,3798.0,0.0,0.0,0.0,13,3794.0,3797.0,36,3790.0,3790.0,3800.0,3790.0,78.0,2959840.0,7573
2023-05-10 21:06:40,hc2309,hc2309,3798.0,0.0,0.0,0.0,12,3794.0,3797.0,36,3790.0,3790.0,3800.0,3790.0,78.0,2959840.0,7573
2023-05-10 21:06:41,hc2309,hc2309,3798.0,0.0,0.0,0.0,13,3794.0,3797.0,36,3790.0,3790.0,3800.0,3790.0,78.0,2959840.0,7573
2023-05-10 21:06:44,hc2309,hc2309,3798.0,0.0,0.0,0.0,2,3795.0,3797.0,36,3790.0,3790.0,3800.0,3790.0,78.0,2959840.0,7573
2023-05-10 21:06:44,hc2309,hc2309,3798.0,0.0,0.0,0.0,8,3795.0,3797.0,18,3790.0,3790.0,3800.0,3790.0,78.0,2959840.0,7573
2023-05-10 21:06:45,hc2309,hc2309,3798.0,0.0,0.0,0.0,9,3795.0,3797.0,6,3790.0,3790.0,3800.0,3790.0,78.0,2959840.0,7573
2023-05-10 21:06:45,hc2309,hc2309,3798.0,0.0,0.0,0.0,11,3795.0,3798.0,46,3790.0,3790.0,3800.0,3790.0,78.0,2959840.0,7573
2023-05-10 21:06:46,hc2309,hc2309,3798.0,0.0,0.0,0.0,12,3795.0,3798.0,46,3790.0,3790.0,3800.0,3790.0,78.0,2959840.0,7573
2023-05-10 21:06:47,hc2309,hc2309,3798.0,0.0,0.0,0.0,12,3795.0,3798.0,46,3790.0,3790.0,3800.0,3790.0,78.0,2959840.0,7573
2023-05-10 21:06:49,hc2309,hc2309,3798.0,0.0,0.0,0.0,2,3796.0,3798.0,42,3790.0,3790.0,3800.0,3790.0,78.0,2959840.0,7573
2023-05-10 21:06:49,hc2309,hc2309,3798.0,0.0,0.0,0.0,9,3796.0,3798.0,18,3790.0,3790.0,3800.0,3790.0,78.0,2959840.0,7573
2023-05-10 21:06:50,hc2309,hc2309,3798.0,0.0,0.0,0.0,13,3796.0,3798.0,6,3790.0,3790.0,3800.0,3790.0,78.0,2959840.0,7573
2023-05-10 21:06:50,hc2309,hc2309,3798.0,0.0,0.0,0.0,15,3796.0,3799.0,36,3790.0,3790.0,3800.0,3790.0,78.0,2959840.0,7573
2023-05-10 21:06:51,hc2309,hc2309,3798.0,0.0,0.0,0.0,6,3797.0,3799.0,33,3790.0,3790.0,3800.0,3790.0,78.0,2959840.0,7573
2023-05-10 21:06:51,hc2309,hc2309,3798.0,0.0,0.0,0.0,3,3797.0,3799.0,18,3790.0,3790.0,3800.0,3790.0,78.0,2959840.0,7573
2023-05-10 21:06:52,hc2309,hc2309,3798.0,0.0,0.0,0.0,44,3796.0,3799.0,12,3790.0,3790.0,3800.0,3790.0,78.0,2959840.0,7573
2023-05-10 21:06:52,hc2309,hc2309,3798.0,0.0,0.0,0.0,44,3796.0,3799.0,9,3790.0,3790.0,3800.0,3790.0,78.0,2959840.0,7573
2023-05-10 21:06:55,hc2309,hc2309,3798.0,0.0,0.0,0.0,44,3796.0,3799.0,9,3790.0,3790.0,3800.0,3790.0,78.0,2959840.0,7573
2023-05-10 21:06:55,hc2309,hc2309,3798.0,0.0,0.0,0.0,43,3796.0,3799.0,9,3790.0,3790.0,3800.0,3790.0,78.0,2959840.0,7573
2023-05-10 21:06:56,hc2309,hc2309,3798.0,0.0,0.0,0.0,44,3796.0,3799.0,9,3790.0,3790.0,3800.0,3790.0,78.0,2959840.0,7573
2023-05-10 21:06:58,hc2309,hc2309,3798.0,0.0,0.0,0.0,43,3796.0,3798.0,2,3790.0,3790.0,3800.0,3790.0,78.0,2959840.0,7573
2023-05-10 21:06:59,hc2309,hc2309,3798.0,0.0,0.0,0.0,31,3796.0,3798.0,2,3790.0,3790.0,3800.0,3790.0,78.0,2959840.0,7573
2023-05-10 21:06:59,hc2309,hc2309,3798.0,0.0,0.0,0.0,29,3796.0,3799.0,36,3790.0,3790.0,3800.0,3790.0,78.0,2959840.0,7573
2023-05-10 21:07:00,hc2309,hc2309,3798.0,0.0,0.0,0.0,26,3796.0,3799.0,33,3790.0,3790.0,3800.0,3790.0,78.0,2959840.0,7573
2023-05-10 21:07:00,hc2309,hc2309,3798.0,0.0,0.0,0.0,23,3796.0,3799.0,36,3790.0,3790.0,3800.0,3790.0,78.0,2959840.0,7573
2023-05-10 21:07:03,hc2309,hc2309,3798.0,0.0,0.0,0.0,3,3797.0,3799.0,33,3790.0,3790.0,3800.0,3790.0,78.0,2959840.0,7573
2023-05-10 21:07:03,hc2309,hc2309,3798.0,0.0,0.0,0.0,44,3796.0,3799.0,21,3790.0,3790.0,3800.0,3790.0,78.0,2959840.0,7573
2023-05-10 21:07:04,hc2309,hc2309,3798.0,0.0,0.0,0.0,44,3796.0,3799.0,15,3790.0,3790.0,3800.0,3790.0,78.0,2959840.0,7573
2023-05-10 21:07:04,hc2309,hc2309,3798.0,0.0,0.0,0.0,44,3796.0,3799.0,9,3790.0,3790.0,3800.0,3790.0,78.0,2959840.0,7573
2023-05-10 21:07:06,hc2309,hc2309,3798.0,0.0,0.0,0.0,69,3796.0,3799.0,9,3790.0,3790.0,3800.0,3790.0,78.0,2959840.0,7573
2023-05-10 21:07:06,hc2309,hc2309,3798.0,0.0,0.0,0.0,44,3796.0,3799.0,9,3790.0,3790.0,3800.0,3790.0,78.0,2959840.0,7573
2023-05-10 21:07:08,hc2309,hc2309,3798.0,0.0,0.0,0.0,4,3797.0,3799.0,6,3790.0,3790.0,3800.0,3790.0,78.0,2959840.0,7573
2023-05-10 21:07:09,hc2309,hc2309,3798.0,0.0,0.0,0.0,4,3797.0,3799.0,6,3790.0,3790.0,3800.0,3790.0,78.0,2959840.0,7573
2023-05-10 21:07:10,hc2309,hc2309,3798.0,0.0,0.0,0.0,4,3797.0,3799.0,6,3790.0,3790.0,3800.0,3790.0,78.0,2959840.0,7573
2023-05-10 21:07:15,hc2309,hc2309,3798.0,0.0,0.0,0.0,3,3798.0,3799.0,6,3790.0,3790.0,3800.0,3790.0,78.0,2959840.0,7573
2023-05-10 21:07:16,hc2309,hc2309,3798.0,0.0,0.0,0.0,4,3798.0,3800.0,37,3790.0,3790.0,3800.0,3790.0,78.0,2959840.0,7573
2023-05-10 21:07:16,hc2309,hc2309,3798.0,0.0,0.0,0.0,5,3798.0,3800.0,22,3790.0,3790.0,3800.0,3790.0,78.0,2959840.0,7573
2023-05-10 21:07:17,hc2309,hc2309,3798.0,0.0,0.0,0.0,8,3798.0,3800.0,13,3790.0,3790.0,3800.0,3790.0,78.0,2959840.0,7573
2023-05-10 21:07:17,hc2309,hc2309,3798.0,0.0,0.0,0.0,12,3798.0,3800.0,7,3790.0,3790.0,3800.0,3790.0,78.0,2959840.0,7573
2023-05-10 21:07:18,hc2309,hc2309,3798.0,0.0,0.0,0.0,15,3798.0,3800.0,4,3790.0,3790.0,3800.0,3790.0,78.0,2959840.0,7573
2023-05-10 21:07:19,hc2309,hc2309,3798.0,0.0,0.0,0.0,6,3799.0,3800.0,4,3790.0,3790.0,3800.0,3790.0,78.0,2959840.0,7573
2023-05-10 21:07:19,hc2309,hc2309,3798.0,0.0,0.0,0.0,6,3799.0,3800.0,1,3790.0,3790.0,3800.0,3790.0,78.0,2959840.0,7573
2023-05-10 21:07:20,hc2309,hc2309,3798.0,0.0,0.0,0.0,6,3799.0,3800.0,1,3790.0,3790.0,3800.0,3790.0,78.0,2959840.0,7573
2023-05-10 21:07:20,hc2309,hc2309,3798.0,0.0,0.0,0.0,6,3799.0,3800.0,1,3790.0,3790.0,3800.0,3790.0,78.0,2959840.0,7573
2023-05-10 21:07:21,hc2309,hc2309,3798.0,0.0,0.0,0.0,6,3799.0,3800.0,1,3790.0,3790.0,3800.0,3790.0,78.0,2959840.0,7573
2023-05-10 21:07:21,hc2309,hc2309,3798.0,0.0,0.0,0.0,6,3799.0,3800.0,1,3790.0,3790.0,3800.0,3790.0,78.0,2959840.0,7573
2023-05-10 21:07:22,hc2309,hc2309,3798.0,0.0,0.0,0.0,6,3799.0,3800.0,1,3790.0,3790.0,3800.0,3790.0,78.0,2959840.0,7573
2023-05-10 21:07:22,hc2309,hc2309,3798.0,0.0,0.0,0.0,4,3799.0,3800.0,1,3790.0,3790.0,3800.0,3790.0,78.0,2959840.0,7573
2023-05-10 21:07:23,hc2309,hc2309,3798.0,0.0,0.0,0.0,4,3799.0,3800.0,1,3790.0,3790.0,3800.0,3790.0,78.0,2959840.0,7573
2023-05-10 21:07:23,hc2309,hc2309,3798.0,0.0,0.0,0.0,4,3799.0,3800.0,1,3790.0,3790.0,3800.0,3790.0,78.0,2959840.0,7573
2023-05-10 21:07:24,hc2309,hc2309,3798.0,0.0,0.0,0.0,4,3799.0,3800.0,1,3790.0,3790.0,3800.0,3790.0,78.0,2959840.0,7573
2023-05-10 21:07:24,hc2309,hc2309,3798.0,0.0,0.0,0.0,4,3799.0,3800.0,1,3790.0,3790.0,3800.0,3790.0,78.0,2959840.0,7573
2023-05-10 21:07:25,hc2309,hc2309,3798.0,0.0,0.0,0.0,4,3799.0,3800.0,1,3790.0,3790.0,3800.0,3790.0,78.0,2959840.0,7573
2023-05-10 21:07:25,hc2309,hc2309,3798.0,0.0,0.0,0.0,4,3799.0,3800.0,1,3790.0,3790.0,3800.0,3790.0,78.0,2959840.0,7573
2023-05-10 21:07:26,hc2309,hc2309,3798.0,0.0,0.0,0.0,4,3799.0,3800.0,1,3790.0,3790.0,3800.0,3790.0,78.0,2959840.0,7573
2023-05-10 21:07:26,hc2309,hc2309,3798.0,0.0,0.0,0.0,4,3799.0,3800.0,1,3790.0,3790.0,3800.0,3790.0,78.0,2959840.0,7573
2023-05-10 21:07:27,hc2309,hc2309,3798.0,0.0,0.0,0.0,4,3799.0,3800.0,1,3790.0,3790.0,3800.0,3790.0,78.0,2959840.0,7573
2023-05-10 21:07:27,hc2309,hc2309,3798.0,0.0,0.0,0.0,4,3799.0,3800.0,1,3790.0,3790.0,3800.0,3790.0,78.0,2959840.0,7573
2023-05-10 21:07:28,hc2309,hc2309,3798.0,0.0,0.0,0.0,4,3799.0,3800.0,1,3790.0,3790.0,3800.0,3790.0,78.0,2959840.0,7573
2023-05-10 21:07:28,hc2309,hc2309,3798.0,0.0,0.0,0.0,4,3799.0,3800.0,1,3790.0,3790.0,3800.0,3790.0,78.0,2959840.0,7573
2023-05-10 21:07:29,hc2309,hc2309,3798.0,0.0,0.0,0.0,4,3799.0,3800.0,1,3790.0,3790.0,3800.0,3790.0,78.0,2959840.0,7573
2023-05-10 21:07:29,hc2309,hc2309,3798.0,0.0,0.0,0.0,4,3799.0,3800.0,1,3790.0,3790.0,3800.0,3790.0,78.0,2959840.0,7573
2023-05-10 21:07:30,hc2309,hc2309,3798.0,0.0,0.0,0.0,4,3799.0,3800.0,1,3790.0,3790.0,3800.0,3790.0,78.0,2959840.0,7573
2023-05-10 21:07:30,hc2309,hc2309,3798.0,0.0,0.0,0.0,4,3799.0,3800.0,1,3790.0,3790.0,3800.0,3790.0,78.0,2959840.0,7573
2023-05-10 21:07:31,hc2309,hc2309,3798.0,0.0,0.0,0.0,51,3798.0,3800.0,1,3790.0,3790.0,3800.0,3790.0,78.0,2959840.0,7573
2023-05-10 21:07:31,hc2309,hc2309,3798.0,0.0,0.0,0.0,36,3798.0,3800.0,4,3790.0,3790.0,3800.0,3790.0,78.0,2959840.0,7573
2023-05-10 21:07:32,hc2309,hc2309,3798.0,0.0,0.0,0.0,6,3799.0,3800.0,4,3790.0,3790.0,3800.0,3790.0,78.0,2959840.0,7573
2023-05-10 21:07:32,hc2309,hc2309,3800.0,4.0,152000.0,2.0,2,3800.0,3801.0,21,3790.0,3790.0,3800.0,3790.0,82.0,3111840.0,7575
2023-05-10 21:07:33,hc2309,hc2309,3800.0,0.0,0.0,0.0,2,3800.0,3801.0,6,3790.0,3790.0,3800.0,3790.0,82.0,3111840.0,7575
2023-05-10 21:07:33,hc2309,hc2309,3800.0,0.0,0.0,0.0,5,3800.0,3802.0,33,3790.0,3790.0,3800.0,3790.0,82.0,3111840.0,7575
2023-05-10 21:07:34,hc2309,hc2309,3800.0,0.0,0.0,0.0,5,3800.0,3802.0,18,3790.0,3790.0,3800.0,3790.0,82.0,3111840.0,7575
2023-05-10 21:07:34,hc2309,hc2309,3800.0,0.0,0.0,0.0,5,3800.0,3802.0,12,3790.0,3790.0,3800.0,3790.0,82.0,3111840.0,7575
2023-05-10 21:07:35,hc2309,hc2309,3800.0,0.0,0.0,0.0,5,3800.0,3802.0,6,3790.0,3790.0,3800.0,3790.0,82.0,3111840.0,7575
2023-05-10 21:07:35,hc2309,hc2309,3800.0,0.0,0.0,0.0,5,3800.0,3802.0,6,3790.0,3790.0,3800.0,3790.0,82.0,3111840.0,7575
2023-05-10 21:07:36,hc2309,hc2309,3800.0,0.0,0.0,0.0,5,3800.0,3802.0,6,3790.0,3790.0,3800.0,3790.0,82.0,3111840.0,7575
2023-05-10 21:07:37,hc2309,hc2309,3800.0,0.0,0.0,0.0,5,3800.0,3802.0,6,3790.0,3790.0,3800.0,3790.0,82.0,3111840.0,7575
2023-05-10 21:07:38,hc2309,hc2309,3800.0,0.0,0.0,0.0,6,3800.0,3802.0,6,3790.0,3790.0,3800.0,3790.0,82.0,3111840.0,7575
2023-05-10 21:07:39,hc2309,hc2309,3800.0,0.0,0.0,0.0,1,3801.0,3802.0,3,3790.0,3790.0,3800.0,3790.0,82.0,3111840.0,7575
2023-05-10 21:07:39,hc2309,hc2309,3800.0,0.0,0.0,0.0,18,3800.0,3803.0,39,3790.0,3790.0,3800.0,3790.0,82.0,3111840.0,7575
2023-05-10 21:07:40,hc2309,hc2309,3800.0,0.0,0.0,0.0,1,3802.0,3803.0,36,3790.0,3790.0,3800.0,3790.0,82.0,3111840.0,7575
2023-05-10 21:07:40,hc2309,hc2309,3800.0,0.0,0.0,0.0,4,3802.0,3803.0,18,3790.0,3790.0,3800.0,3790.0,82.0,3111840.0,7575
2023-05-10 21:07:41,hc2309,hc2309,3800.0,0.0,0.0,0.0,26,3801.0,3803.0,12,3790.0,3790.0,3800.0,3790.0,82.0,3111840.0,7575
2023-05-10 21:07:41,hc2309,hc2309,3800.0,0.0,0.0,0.0,18,3801.0,3803.0,6,3790.0,3790.0,3800.0,3790.0,82.0,3111840.0,7575
2023-05-10 21:07:42,hc2309,hc2309,3800.0,0.0,0.0,0.0,16,3801.0,3803.0,6,3790.0,3790.0,3800.0,3790.0,82.0,3111840.0,7575
2023-05-10 21:07:42,hc2309,hc2309,3800.0,0.0,0.0,0.0,7,3801.0,3803.0,6,3790.0,3790.0,3800.0,3790.0,82.0,3111840.0,7575
2023-05-10 21:07:43,hc2309,hc2309,3800.0,0.0,0.0,0.0,10,3801.0,3803.0,3,3790.0,3790.0,3800.0,3790.0,82.0,3111840.0,7575
2023-05-10 21:07:43,hc2309,hc2309,3800.0,0.0,0.0,0.0,13,3801.0,3804.0,42,3790.0,3790.0,3800.0,3790.0,82.0,3111840.0,7575
2023-05-10 21:07:44,hc2309,hc2309,3800.0,0.0,0.0,0.0,1,3802.0,3804.0,42,3790.0,3790.0,3800.0,3790.0,82.0,3111840.0,7575
2023-05-10 21:07:45,hc2309,hc2309,3800.0,0.0,0.0,0.0,31,3801.0,3804.0,30,3790.0,3790.0,3800.0,3790.0,82.0,3111840.0,7575
2023-05-10 21:07:45,hc2309,hc2309,3800.0,0.0,0.0,0.0,34,3801.0,3804.0,21,3790.0,3790.0,3800.0,3790.0,82.0,3111840.0,7575
2023-05-10 21:07:46,hc2309,hc2309,3800.0,0.0,0.0,0.0,43,3801.0,3804.0,18,3790.0,3790.0,3800.0,3790.0,82.0,3111840.0,7575
2023-05-10 21:07:46,hc2309,hc2309,3800.0,0.0,0.0,0.0,43,3801.0,3804.0,18,3790.0,3790.0,3800.0,3790.0,82.0,3111840.0,7575
2023-05-10 21:07:47,hc2309,hc2309,3800.0,0.0,0.0,0.0,43,3801.0,3804.0,18,3790.0,3790.0,3800.0,3790.0,82.0,3111840.0,7575
2023-05-10 21:07:47,hc2309,hc2309,3800.0,0.0,0.0,0.0,3,3802.0,3804.0,18,3790.0,3790.0,3800.0,3790.0,82.0,3111840.0,7575
2023-05-10 21:07:48,hc2309,hc2309,3800.0,0.0,0.0,0.0,6,3802.0,3804.0,15,3790.0,3790.0,3800.0,3790.0,82.0,3111840.0,7575
2023-05-10 21:07:48,hc2309,hc2309,3800.0,0.0,0.0,0.0,6,3802.0,3804.0,6,3790.0,3790.0,3800.0,3790.0,82.0,3111840.0,7575
2023-05-10 21:07:49,hc2309,hc2309,3800.0,0.0,0.0,0.0,9,3802.0,3804.0,3,3790.0,3790.0,3800.0,3790.0,82.0,3111840.0,7575
2023-05-10 21:07:49,hc2309,hc2309,3800.0,0.0,0.0,0.0,9,3802.0,3804.0,3,3790.0,3790.0,3800.0,3790.0,82.0,3111840.0,7575
2023-05-10 21:07:50,hc2309,hc2309,3800.0,0.0,0.0,0.0,9,3802.0,3804.0,3,3790.0,3790.0,3800.0,3790.0,82.0,3111840.0,7575
2023-05-10 21:07:50,hc2309,hc2309,3800.0,0.0,0.0,0.0,12,3802.0,3805.0,43,3790.0,3790.0,3800.0,3790.0,82.0,3111840.0,7575
2023-05-10 21:07:52,hc2309,hc2309,3800.0,0.0,0.0,0.0,3,3803.0,3805.0,42,3790.0,3790.0,3800.0,3790.0,82.0,3111840.0,7575
2023-05-10 21:07:53,hc2309,hc2309,3800.0,0.0,0.0,0.0,3,3803.0,3805.0,30,3790.0,3790.0,3800.0,3790.0,82.0,3111840.0,7575
2023-05-10 21:07:53,hc2309,hc2309,3800.0,0.0,0.0,0.0,3,3803.0,3805.0,21,3790.0,3790.0,3800.0,3790.0,82.0,3111840.0,7575
2023-05-10 21:07:54,hc2309,hc2309,3800.0,0.0,0.0,0.0,3,3803.0,3805.0,18,3790.0,3790.0,3800.0,3790.0,82.0,3111840.0,7575
2023-05-10 21:07:55,hc2309,hc2309,3803.0,1.0,38030.0,1.0,2,3803.0,3805.0,18,3790.0,3790.0,3803.0,3790.0,83.0,3149870.0,7576
2023-05-10 21:07:55,hc2309,hc2309,3805.0,9.0,342430.0,1.0,2,3803.0,3805.0,7,3790.0,3790.0,3805.0,3790.0,92.0,3492300.0,7577
2023-05-10 21:07:56,hc2309,hc2309,3803.0,1.0,38030.0,1.0,1,3803.0,3805.0,6,3790.0,3790.0,3805.0,3790.0,93.0,3530330.0,7578
2023-05-10 21:07:56,hc2309,hc2309,3803.0,0.0,0.0,0.0,50,3802.0,3805.0,6,3790.0,3790.0,3805.0,3790.0,93.0,3530330.0,7578
2023-05-10 21:07:57,hc2309,hc2309,3803.0,1.0,38030.0,1.0,50,3802.0,3805.0,6,3790.0,3790.0,3805.0,3790.0,94.0,3568360.0,7579
2023-05-10 21:07:57,hc2309,hc2309,3803.0,0.0,0.0,0.0,4,3803.0,3805.0,3,3790.0,3790.0,3805.0,3790.0,94.0,3568360.0,7579
2023-05-10 21:07:58,hc2309,hc2309,3803.0,1.0,38030.0,1.0,3,3803.0,3805.0,3,3790.0,3790.0,3805.0,3790.0,95.0,3606390.0,7580
2023-05-10 21:07:58,hc2309,hc2309,3803.0,0.0,0.0,0.0,50,3802.0,3805.0,6,3790.0,3790.0,3805.0,3790.0,95.0,3606390.0,7580
2023-05-10 21:07:59,hc2309,hc2309,3803.0,0.0,0.0,0.0,50,3802.0,3804.0,2,3790.0,3790.0,3805.0,3790.0,95.0,3606390.0,7580
2023-05-10 21:07:59,hc2309,hc2309,3803.0,0.0,0.0,0.0,32,3802.0,3804.0,5,3790.0,3790.0,3805.0,3790.0,95.0,3606390.0,7580
2023-05-10 21:08:00,hc2309,hc2309,3803.0,0.0,0.0,0.0,29,3802.0,3804.0,5,3790.0,3790.0,3805.0,3790.0,95.0,3606390.0,7580
2023-05-10 21:08:00,hc2309,hc2309,3803.0,0.0,0.0,0.0,31,3802.0,3804.0,5,3790.0,3790.0,3805.0,3790.0,95.0,3606390.0,7580
2023-05-10 21:08:01,hc2309,hc2309,3803.0,0.0,0.0,0.0,30,3802.0,3804.0,8,3790.0,3790.0,3805.0,3790.0,95.0,3606390.0,7580
2023-05-10 21:08:01,hc2309,hc2309,3803.0,0.0,0.0,0.0,27,3802.0,3803.0,2,3790.0,3790.0,3805.0,3790.0,95.0,3606390.0,7580
2023-05-10 21:08:02,hc2309,hc2309,3803.0,0.0,0.0,0.0,15,3802.0,3804.0,15,3790.0,3790.0,3805.0,3790.0,95.0,3606390.0,7580
2023-05-10 21:08:02,hc2309,hc2309,3803.0,0.0,0.0,0.0,9,3802.0,3804.0,3,3790.0,3790.0,3805.0,3790.0,95.0,3606390.0,7580
2023-05-10 21:08:03,hc2309,hc2309,3803.0,0.0,0.0,0.0,9,3802.0,3804.0,3,3790.0,3790.0,3805.0,3790.0,95.0,3606390.0,7580
2023-05-10 21:08:08,hc2309,hc2309,3803.0,0.0,0.0,0.0,12,3802.0,3805.0,39,3790.0,3790.0,3805.0,3790.0,95.0,3606390.0,7580
2023-05-10 21:08:10,hc2309,hc2309,3803.0,0.0,0.0,0.0,6,3802.0,3804.0,5,3790.0,3790.0,3805.0,3790.0,95.0,3606390.0,7580
2023-05-10 21:08:11,hc2309,hc2309,3803.0,0.0,0.0,0.0,9,3802.0,3804.0,2,3790.0,3790.0,3805.0,3790.0,95.0,3606390.0,7580
2023-05-10 21:08:11,hc2309,hc2309,3803.0,0.0,0.0,0.0,9,3802.0,3805.0,39,3790.0,3790.0,3805.0,3790.0,95.0,3606390.0,7580
2023-05-10 21:08:12,hc2309,hc2309,3803.0,0.0,0.0,0.0,6,3802.0,3804.0,5,3790.0,3790.0,3805.0,3790.0,95.0,3606390.0,7580
2023-05-10 21:08:14,hc2309,hc2309,3803.0,0.0,0.0,0.0,6,3802.0,3804.0,5,3790.0,3790.0,3805.0,3790.0,95.0,3606390.0,7580
2023-05-10 21:08:15,hc2309,hc2309,3802.0,3.0,114060.0,-3.0,3,3802.0,3803.0,5,3790.0,3790.0,3805.0,3790.0,98.0,3720450.0,7577
2023-05-10 21:08:15,hc2309,hc2309,3802.0,0.0,0.0,0.0,18,3801.0,3803.0,5,3790.0,3790.0,3805.0,3790.0,98.0,3720450.0,7577
2023-05-10 21:08:16,hc2309,hc2309,3802.0,0.0,0.0,0.0,15,3801.0,3803.0,5,3790.0,3790.0,3805.0,3790.0,98.0,3720450.0,7577
2023-05-10 21:08:16,hc2309,hc2309,3802.0,0.0,0.0,0.0,6,3801.0,3803.0,5,3790.0,3790.0,3805.0,3790.0,98.0,3720450.0,7577
2023-05-10 21:08:17,hc2309,hc2309,3802.0,0.0,0.0,0.0,6,3801.0,3803.0,5,3790.0,3790.0,3805.0,3790.0,98.0,3720450.0,7577
2023-05-10 21:08:18,hc2309,hc2309,3802.0,0.0,0.0,0.0,6,3801.0,3803.0,5,3790.0,3790.0,3805.0,3790.0,98.0,3720450.0,7577
2023-05-10 21:08:19,hc2309,hc2309,3802.0,0.0,0.0,0.0,6,3801.0,3803.0,5,3790.0,3790.0,3805.0,3790.0,98.0,3720450.0,7577
2023-05-10 21:08:20,hc2309,hc2309,3802.0,0.0,0.0,0.0,6,3801.0,3803.0,5,3790.0,3790.0,3805.0,3790.0,98.0,3720450.0,7577
2023-05-10 21:08:20,hc2309,hc2309,3802.0,0.0,0.0,0.0,6,3801.0,3803.0,5,3790.0,3790.0,3805.0,3790.0,98.0,3720450.0,7577
2023-05-10 21:08:21,hc2309,hc2309,3802.0,0.0,0.0,0.0,6,3801.0,3802.0,3,3790.0,3790.0,3805.0,3790.0,98.0,3720450.0,7577
2023-05-10 21:08:21,hc2309,hc2309,3802.0,0.0,0.0,0.0,46,3800.0,3803.0,24,3790.0,3790.0,3805.0,3790.0,98.0,3720450.0,7577
2023-05-10 21:08:22,hc2309,hc2309,3802.0,0.0,0.0,0.0,46,3800.0,3803.0,18,3790.0,3790.0,3805.0,3790.0,98.0,3720450.0,7577
2023-05-10 21:08:24,hc2309,hc2309,3802.0,0.0,0.0,0.0,46,3800.0,3802.0,2,3790.0,3790.0,3805.0,3790.0,98.0,3720450.0,7577
2023-05-10 21:08:24,hc2309,hc2309,3802.0,0.0,0.0,0.0,34,3800.0,3802.0,2,3790.0,3790.0,3805.0,3790.0,98.0,3720450.0,7577
2023-05-10 21:08:25,hc2309,hc2309,3802.0,0.0,0.0,0.0,34,3800.0,3802.0,2,3790.0,3790.0,3805.0,3790.0,98.0,3720450.0,7577
2023-05-10 21:08:25,hc2309,hc2309,3802.0,0.0,0.0,0.0,31,3800.0,3802.0,5,3790.0,3790.0,3805.0,3790.0,98.0,3720450.0,7577
2023-05-10 21:08:26,hc2309,hc2309,3802.0,0.0,0.0,0.0,25,3800.0,3802.0,5,3790.0,3790.0,3805.0,3790.0,98.0,3720450.0,7577
2023-05-10 21:08:26,hc2309,hc2309,3802.0,0.0,0.0,0.0,16,3800.0,3802.0,5,3790.0,3790.0,3805.0,3790.0,98.0,3720450.0,7577
2023-05-10 21:08:27,hc2309,hc2309,3802.0,0.0,0.0,0.0,7,3800.0,3802.0,5,3790.0,3790.0,3805.0,3790.0,98.0,3720450.0,7577
2023-05-10 21:08:27,hc2309,hc2309,3802.0,0.0,0.0,0.0,7,3800.0,3802.0,5,3790.0,3790.0,3805.0,3790.0,98.0,3720450.0,7577
2023-05-10 21:08:29,hc2309,hc2309,3802.0,0.0,0.0,0.0,7,3800.0,3801.0,5,3790.0,3790.0,3805.0,3790.0,98.0,3720450.0,7577
2023-05-10 21:08:29,hc2309,hc2309,3802.0,0.0,0.0,0.0,36,3799.0,3801.0,5,3790.0,3790.0,3805.0,3790.0,98.0,3720450.0,7577
2023-05-10 21:08:30,hc2309,hc2309,3802.0,0.0,0.0,0.0,21,3799.0,3801.0,5,3790.0,3790.0,3805.0,3790.0,98.0,3720450.0,7577
2023-05-10 21:08:30,hc2309,hc2309,3802.0,0.0,0.0,0.0,15,3799.0,3800.0,2,3790.0,3790.0,3805.0,3790.0,98.0,3720450.0,7577
2023-05-10 21:08:31,hc2309,hc2309,3802.0,0.0,0.0,0.0,46,3798.0,3800.0,5,3790.0,3790.0,3805.0,3790.0,98.0,3720450.0,7577
2023-05-10 21:08:31,hc2309,hc2309,3802.0,0.0,0.0,0.0,33,3798.0,3800.0,5,3790.0,3790.0,3805.0,3790.0,98.0,3720450.0,7577
2023-05-10 21:08:32,hc2309,hc2309,3802.0,0.0,0.0,0.0,30,3798.0,3800.0,5,3790.0,3790.0,3805.0,3790.0,98.0,3720450.0,7577
2023-05-10 21:08:32,hc2309,hc2309,3802.0,0.0,0.0,0.0,27,3798.0,3800.0,5,3790.0,3790.0,3805.0,3790.0,98.0,3720450.0,7577
2023-05-10 21:08:33,hc2309,hc2309,3802.0,0.0,0.0,0.0,21,3798.0,3800.0,5,3790.0,3790.0,3805.0,3790.0,98.0,3720450.0,7577
2023-05-10 21:08:34,hc2309,hc2309,3802.0,0.0,0.0,0.0,21,3798.0,3800.0,5,3790.0,3790.0,3805.0,3790.0,98.0,3720450.0,7577
2023-05-10 21:08:34,hc2309,hc2309,3802.0,0.0,0.0,0.0,18,3798.0,3800.0,5,3790.0,3790.0,3805.0,3790.0,98.0,3720450.0,7577
2023-05-10 21:08:36,hc2309,hc2309,3802.0,0.0,0.0,0.0,18,3798.0,3799.0,2,3790.0,3790.0,3805.0,3790.0,98.0,3720450.0,7577
2023-05-10 21:08:36,hc2309,hc2309,3802.0,0.0,0.0,0.0,9,3798.0,3799.0,2,3790.0,3790.0,3805.0,3790.0,98.0,3720450.0,7577
2023-05-10 21:08:37,hc2309,hc2309,3802.0,0.0,0.0,0.0,39,3797.0,3799.0,2,3790.0,3790.0,3805.0,3790.0,98.0,3720450.0,7577
2023-05-10 21:08:37,hc2309,hc2309,3802.0,0.0,0.0,0.0,30,3797.0,3799.0,2,3790.0,3790.0,3805.0,3790.0,98.0,3720450.0,7577
2023-05-10 21:08:38,hc2309,hc2309,3802.0,0.0,0.0,0.0,21,3797.0,3799.0,2,3790.0,3790.0,3805.0,3790.0,98.0,3720450.0,7577
2023-05-10 21:08:38,hc2309,hc2309,3802.0,0.0,0.0,0.0,18,3797.0,3799.0,2,3790.0,3790.0,3805.0,3790.0,98.0,3720450.0,7577
2023-05-10 21:08:39,hc2309,hc2309,3802.0,0.0,0.0,0.0,18,3797.0,3799.0,2,3790.0,3790.0,3805.0,3790.0,98.0,3720450.0,7577
2023-05-10 21:08:39,hc2309,hc2309,3802.0,0.0,0.0,0.0,18,3797.0,3799.0,2,3790.0,3790.0,3805.0,3790.0,98.0,3720450.0,7577
2023-05-10 21:08:40,hc2309,hc2309,3802.0,0.0,0.0,0.0,18,3797.0,3799.0,2,3790.0,3790.0,3805.0,3790.0,98.0,3720450.0,7577
2023-05-10 21:08:40,hc2309,hc2309,3802.0,0.0,0.0,0.0,19,3797.0,3799.0,2,3790.0,3790.0,3805.0,3790.0,98.0,3720450.0,7577
2023-05-10 21:08:41,hc2309,hc2309,3802.0,0.0,0.0,0.0,3,3798.0,3799.0,2,3790.0,3790.0,3805.0,3790.0,98.0,3720450.0,7577
2023-05-10 21:08:41,hc2309,hc2309,3802.0,0.0,0.0,0.0,3,3798.0,3800.0,24,3790.0,3790.0,3805.0,3790.0,98.0,3720450.0,7577
2023-05-10 21:08:42,hc2309,hc2309,3802.0,0.0,0.0,0.0,6,3798.0,3800.0,12,3790.0,3790.0,3805.0,3790.0,98.0,3720450.0,7577
2023-05-10 21:08:42,hc2309,hc2309,3802.0,0.0,0.0,0.0,6,3798.0,3800.0,3,3790.0,3790.0,3805.0,3790.0,98.0,3720450.0,7577
2023-05-10 21:08:43,hc2309,hc2309,3802.0,0.0,0.0,0.0,9,3798.0,3801.0,39,3790.0,3790.0,3805.0,3790.0,98.0,3720450.0,7577
2023-05-10 21:08:43,hc2309,hc2309,3802.0,0.0,0.0,0.0,9,3798.0,3800.0,2,3790.0,3790.0,3805.0,3790.0,98.0,3720450.0,7577
2023-05-10 21:08:44,hc2309,hc2309,3802.0,0.0,0.0,0.0,9,3798.0,3800.0,2,3790.0,3790.0,3805.0,3790.0,98.0,3720450.0,7577
2023-05-10 21:08:47,hc2309,hc2309,3802.0,0.0,0.0,0.0,6,3798.0,3799.0,2,3790.0,3790.0,3805.0,3790.0,98.0,3720450.0,7577
2023-05-10 21:08:47,hc2309,hc2309,3802.0,0.0,0.0,0.0,36,3797.0,3799.0,5,3790.0,3790.0,3805.0,3790.0,98.0,3720450.0,7577
2023-05-10 21:08:48,hc2309,hc2309,3802.0,0.0,0.0,0.0,24,3797.0,3799.0,5,3790.0,3790.0,3805.0,3790.0,98.0,3720450.0,7577
2023-05-10 21:08:48,hc2309,hc2309,3802.0,0.0,0.0,0.0,15,3797.0,3799.0,5,3790.0,3790.0,3805.0,3790.0,98.0,3720450.0,7577
2023-05-10 21:08:49,hc2309,hc2309,3802.0,0.0,0.0,0.0,6,3797.0,3799.0,5,3790.0,3790.0,3805.0,3790.0,98.0,3720450.0,7577
2023-05-10 21:08:49,hc2309,hc2309,3802.0,0.0,0.0,0.0,6,3797.0,3799.0,5,3790.0,3790.0,3805.0,3790.0,98.0,3720450.0,7577
2023-05-10 21:08:50,hc2309,hc2309,3802.0,0.0,0.0,0.0,6,3797.0,3798.0,2,3790.0,3790.0,3805.0,3790.0,98.0,3720450.0,7577
2023-05-10 21:08:50,hc2309,hc2309,3797.0,6.0,227820.0,0.0,42,3796.0,3797.0,3,3790.0,3790.0,3805.0,3790.0,104.0,3948270.0,7577
2023-05-10 21:08:51,hc2309,hc2309,3797.0,0.0,0.0,0.0,27,3796.0,3797.0,3,3790.0,3790.0,3805.0,3790.0,104.0,3948270.0,7577
2023-05-10 21:08:51,hc2309,hc2309,3797.0,0.0,0.0,0.0,15,3796.0,3797.0,3,3790.0,3790.0,3805.0,3790.0,104.0,3948270.0,7577
2023-05-10 21:08:52,hc2309,hc2309,3797.0,1.0,37970.0,-1.0,9,3796.0,3797.0,2,3790.0,3790.0,3805.0,3790.0,105.0,3986240.0,7576
2023-05-10 21:08:52,hc2309,hc2309,3797.0,0.0,0.0,0.0,9,3796.0,3797.0,2,3790.0,3790.0,3805.0,3790.0,105.0,3986240.0,7576
2023-05-10 21:08:53,hc2309,hc2309,3797.0,0.0,0.0,0.0,9,3796.0,3797.0,2,3790.0,3790.0,3805.0,3790.0,105.0,3986240.0,7576
2023-05-10 21:08:53,hc2309,hc2309,3797.0,0.0,0.0,0.0,6,3796.0,3797.0,2,3790.0,3790.0,3805.0,3790.0,105.0,3986240.0,7576
2023-05-10 21:08:54,hc2309,hc2309,3797.0,0.0,0.0,0.0,39,3795.0,3797.0,2,3790.0,3790.0,3805.0,3790.0,105.0,3986240.0,7576
2023-05-10 21:08:54,hc2309,hc2309,3797.0,0.0,0.0,0.0,21,3795.0,3796.0,1,3790.0,3790.0,3805.0,3790.0,105.0,3986240.0,7576
2023-05-10 21:08:55,hc2309,hc2309,3797.0,0.0,0.0,0.0,12,3795.0,3796.0,1,3790.0,3790.0,3805.0,3790.0,105.0,3986240.0,7576
2023-05-10 21:08:55,hc2309,hc2309,3796.0,1.0,37960.0,1.0,4,3795.0,3797.0,12,3790.0,3790.0,3805.0,3790.0,106.0,4024200.0,7577
2023-05-10 21:08:56,hc2309,hc2309,3796.0,0.0,0.0,0.0,7,3795.0,3797.0,3,3790.0,3790.0,3805.0,3790.0,106.0,4024200.0,7577
2023-05-10 21:08:56,hc2309,hc2309,3796.0,0.0,0.0,0.0,10,3795.0,3797.0,2,3790.0,3790.0,3805.0,3790.0,106.0,4024200.0,7577
2023-05-10 21:08:57,hc2309,hc2309,3796.0,0.0,0.0,0.0,10,3795.0,3797.0,2,3790.0,3790.0,3805.0,3790.0,106.0,4024200.0,7577
2023-05-10 21:08:57,hc2309,hc2309,3796.0,0.0,0.0,0.0,10,3795.0,3797.0,2,3790.0,3790.0,3805.0,3790.0,106.0,4024200.0,7577
2023-05-10 21:09:01,hc2309,hc2309,3796.0,0.0,0.0,0.0,3,3796.0,3797.0,2,3790.0,3790.0,3805.0,3790.0,106.0,4024200.0,7577
2023-05-10 21:09:01,hc2309,hc2309,3796.0,0.0,0.0,0.0,40,3795.0,3797.0,2,3790.0,3790.0,3805.0,3790.0,106.0,4024200.0,7577
2023-05-10 21:09:02,hc2309,hc2309,3796.0,0.0,0.0,0.0,25,3795.0,3797.0,5,3790.0,3790.0,3805.0,3790.0,106.0,4024200.0,7577
2023-05-10 21:09:02,hc2309,hc2309,3796.0,0.0,0.0,0.0,19,3795.0,3797.0,5,3790.0,3790.0,3805.0,3790.0,106.0,4024200.0,7577
2023-05-10 21:09:03,hc2309,hc2309,3797.0,5.0,189850.0,0.0,3,3797.0,3798.0,33,3790.0,3790.0,3805.0,3790.0,111.0,4214050.0,7577
2023-05-10 21:09:03,hc2309,hc2309,3797.0,0.0,0.0,0.0,18,3796.0,3798.0,15,3790.0,3790.0,3805.0,3790.0,111.0,4214050.0,7577
2023-05-10 21:09:04,hc2309,hc2309,3797.0,0.0,0.0,0.0,12,3796.0,3798.0,3,3790.0,3790.0,3805.0,3790.0,111.0,4214050.0,7577
2023-05-10 21:09:04,hc2309,hc2309,3798.0,3.0,113940.0,3.0,3,3798.0,3799.0,33,3790.0,3790.0,3805.0,3790.0,114.0,4327990.0,7580
2023-05-10 21:09:05,hc2309,hc2309,3798.0,0.0,0.0,0.0,18,3797.0,3799.0,15,3790.0,3790.0,3805.0,3790.0,114.0,4327990.0,7580
2023-05-10 21:09:05,hc2309,hc2309,3798.0,0.0,0.0,0.0,12,3797.0,3799.0,3,3790.0,3790.0,3805.0,3790.0,114.0,4327990.0,7580
2023-05-10 21:09:06,hc2309,hc2309,3798.0,0.0,0.0,0.0,9,3797.0,3800.0,49,3790.0,3790.0,3805.0,3790.0,114.0,4327990.0,7580
2023-05-10 21:09:06,hc2309,hc2309,3798.0,0.0,0.0,0.0,3,3798.0,3800.0,46,3790.0,3790.0,3805.0,3790.0,114.0,4327990.0,7580
2023-05-10 21:09:07,hc2309,hc2309,3798.0,0.0,0.0,0.0,3,3798.0,3800.0,34,3790.0,3790.0,3805.0,3790.0,114.0,4327990.0,7580
2023-05-10 21:09:07,hc2309,hc2309,3798.0,0.0,0.0,0.0,3,3798.0,3800.0,31,3790.0,3790.0,3805.0,3790.0,114.0,4327990.0,7580
2023-05-10 21:09:08,hc2309,hc2309,3798.0,0.0,0.0,0.0,3,3798.0,3800.0,27,3790.0,3790.0,3805.0,3790.0,114.0,4327990.0,7580
2023-05-10 21:09:08,hc2309,hc2309,3798.0,0.0,0.0,0.0,3,3798.0,3800.0,21,3790.0,3790.0,3805.0,3790.0,114.0,4327990.0,7580
2023-05-10 21:09:09,hc2309,hc2309,3798.0,0.0,0.0,0.0,3,3798.0,3800.0,21,3790.0,3790.0,3805.0,3790.0,114.0,4327990.0,7580
2023-05-10 21:09:10,hc2309,hc2309,3798.0,0.0,0.0,0.0,3,3798.0,3800.0,21,3790.0,3790.0,3805.0,3790.0,114.0,4327990.0,7580
2023-05-10 21:09:10,hc2309,hc2309,3798.0,0.0,0.0,0.0,39,3797.0,3799.0,2,3790.0,3790.0,3805.0,3790.0,114.0,4327990.0,7580
2023-05-10 21:09:11,hc2309,hc2309,3798.0,0.0,0.0,0.0,21,3797.0,3799.0,8,3790.0,3790.0,3805.0,3790.0,114.0,4327990.0,7580
2023-05-10 21:09:11,hc2309,hc2309,3798.0,0.0,0.0,0.0,15,3797.0,3799.0,8,3790.0,3790.0,3805.0,3790.0,114.0,4327990.0,7580
2023-05-10 21:09:12,hc2309,hc2309,3798.0,0.0,0.0,0.0,7,3797.0,3799.0,3,3790.0,3790.0,3805.0,3790.0,114.0,4327990.0,7580
2023-05-10 21:09:12,hc2309,hc2309,3798.0,0.0,0.0,0.0,6,3797.0,3799.0,3,3790.0,3790.0,3805.0,3790.0,114.0,4327990.0,7580
2023-05-10 21:09:13,hc2309,hc2309,3798.0,0.0,0.0,0.0,3,3797.0,3799.0,6,3790.0,3790.0,3805.0,3790.0,114.0,4327990.0,7580
2023-05-10 21:09:13,hc2309,hc2309,3798.0,0.0,0.0,0.0,4,3797.0,3799.0,6,3790.0,3790.0,3805.0,3790.0,114.0,4327990.0,7580
2023-05-10 21:09:14,hc2309,hc2309,3798.0,0.0,0.0,0.0,48,3796.0,3798.0,2,3790.0,3790.0,3805.0,3790.0,114.0,4327990.0,7580
2023-05-10 21:09:14,hc2309,hc2309,3798.0,0.0,0.0,0.0,24,3796.0,3798.0,8,3790.0,3790.0,3805.0,3790.0,114.0,4327990.0,7580
2023-05-10 21:09:15,hc2309,hc2309,3798.0,0.0,0.0,0.0,12,3796.0,3798.0,8,3790.0,3790.0,3805.0,3790.0,114.0,4327990.0,7580
2023-05-10 21:09:15,hc2309,hc2309,3798.0,8.0,303840.0,4.0,1,3797.0,3799.0,33,3790.0,3790.0,3805.0,3790.0,122.0,4631830.0,7584
2023-05-10 21:09:16,hc2309,hc2309,3798.0,0.0,0.0,0.0,3,3797.0,3799.0,18,3790.0,3790.0,3805.0,3790.0,122.0,4631830.0,7584
2023-05-10 21:09:16,hc2309,hc2309,3798.0,0.0,0.0,0.0,3,3797.0,3799.0,15,3790.0,3790.0,3805.0,3790.0,122.0,4631830.0,7584
2023-05-10 21:09:17,hc2309,hc2309,3798.0,0.0,0.0,0.0,3,3797.0,3799.0,6,3790.0,3790.0,3805.0,3790.0,122.0,4631830.0,7584
2023-05-10 21:09:17,hc2309,hc2309,3798.0,0.0,0.0,0.0,3,3798.0,3799.0,6,3790.0,3790.0,3805.0,3790.0,122.0,4631830.0,7584
2023-05-10 21:09:18,hc2309,hc2309,3798.0,0.0,0.0,0.0,3,3798.0,3800.0,49,3790.0,3790.0,3805.0,3790.0,122.0,4631830.0,7584
2023-05-10 21:09:18,hc2309,hc2309,3798.0,0.0,0.0,0.0,3,3798.0,3800.0,31,3790.0,3790.0,3805.0,3790.0,122.0,4631830.0,7584
2023-05-10 21:09:19,hc2309,hc2309,3798.0,0.0,0.0,0.0,4,3798.0,3800.0,28,3790.0,3790.0,3805.0,3790.0,122.0,4631830.0,7584
2023-05-10 21:09:19,hc2309,hc2309,3798.0,0.0,0.0,0.0,3,3798.0,3800.0,27,3790.0,3790.0,3805.0,3790.0,122.0,4631830.0,7584
2023-05-10 21:09:20,hc2309,hc2309,3798.0,0.0,0.0,0.0,4,3798.0,3800.0,15,3790.0,3790.0,3805.0,3790.0,122.0,4631830.0,7584
2023-05-10 21:09:20,hc2309,hc2309,3798.0,0.0,0.0,0.0,4,3798.0,3800.0,6,3790.0,3790.0,3805.0,3790.0,122.0,4631830.0,7584
2023-05-10 21:09:21,hc2309,hc2309,3798.0,0.0,0.0,0.0,4,3798.0,3800.0,6,3790.0,3790.0,3805.0,3790.0,122.0,4631830.0,7584
2023-05-10 21:09:23,hc2309,hc2309,3798.0,0.0,0.0,0.0,3,3798.0,3800.0,6,3790.0,3790.0,3805.0,3790.0,122.0,4631830.0,7584
2023-05-10 21:09:26,hc2309,hc2309,3798.0,0.0,0.0,0.0,3,3798.0,3800.0,6,3790.0,3790.0,3805.0,3790.0,122.0,4631830.0,7584
2023-05-10 21:09:27,hc2309,hc2309,3798.0,0.0,0.0,0.0,3,3798.0,3800.0,6,3790.0,3790.0,3805.0,3790.0,122.0,4631830.0,7584
2023-05-10 21:09:28,hc2309,hc2309,3798.0,0.0,0.0,0.0,3,3798.0,3800.0,6,3790.0,3790.0,3805.0,3790.0,122.0,4631830.0,7584
2023-05-10 21:09:33,hc2309,hc2309,3798.0,0.0,0.0,0.0,4,3798.0,3800.0,6,3790.0,3790.0,3805.0,3790.0,122.0,4631830.0,7584
2023-05-10 21:09:34,hc2309,hc2309,3798.0,0.0,0.0,0.0,4,3798.0,3800.0,6,3790.0,3790.0,3805.0,3790.0,122.0,4631830.0,7584
2023-05-10 21:09:36,hc2309,hc2309,3798.0,0.0,0.0,0.0,4,3798.0,3800.0,6,3790.0,3790.0,3805.0,3790.0,122.0,4631830.0,7584
2023-05-10 21:09:48,hc2309,hc2309,3798.0,0.0,0.0,0.0,40,3797.0,3800.0,9,3790.0,3790.0,3805.0,3790.0,122.0,4631830.0,7584
2023-05-10 21:09:49,hc2309,hc2309,3798.0,0.0,0.0,0.0,40,3797.0,3799.0,2,3790.0,3790.0,3805.0,3790.0,122.0,4631830.0,7584
2023-05-10 21:09:49,hc2309,hc2309,3798.0,0.0,0.0,0.0,25,3797.0,3799.0,5,3790.0,3790.0,3805.0,3790.0,122.0,4631830.0,7584
2023-05-10 21:09:50,hc2309,hc2309,3798.0,0.0,0.0,0.0,16,3797.0,3799.0,5,3790.0,3790.0,3805.0,3790.0,122.0,4631830.0,7584
2023-05-10 21:09:50,hc2309,hc2309,3798.0,0.0,0.0,0.0,7,3797.0,3799.0,5,3790.0,3790.0,3805.0,3790.0,122.0,4631830.0,7584
2023-05-10 21:09:51,hc2309,hc2309,3798.0,0.0,0.0,0.0,7,3797.0,3799.0,5,3790.0,3790.0,3805.0,3790.0,122.0,4631830.0,7584
2023-05-10 21:09:51,hc2309,hc2309,3798.0,0.0,0.0,0.0,7,3797.0,3799.0,5,3790.0,3790.0,3805.0,3790.0,122.0,4631830.0,7584
2023-05-10 21:09:52,hc2309,hc2309,3798.0,0.0,0.0,0.0,7,3797.0,3799.0,5,3790.0,3790.0,3805.0,3790.0,122.0,4631830.0,7584
2023-05-10 21:09:53,hc2309,hc2309,3798.0,0.0,0.0,0.0,10,3797.0,3799.0,5,3790.0,3790.0,3805.0,3790.0,122.0,4631830.0,7584
2023-05-10 21:09:54,hc2309,hc2309,3798.0,0.0,0.0,0.0,3,3798.0,3799.0,5,3790.0,3790.0,3805.0,3790.0,122.0,4631830.0,7584
2023-05-10 21:09:55,hc2309,hc2309,3798.0,0.0,0.0,0.0,3,3798.0,3800.0,37,3790.0,3790.0,3805.0,3790.0,122.0,4631830.0,7584
2023-05-10 21:09:55,hc2309,hc2309,3798.0,1.0,37980.0,0.0,2,3798.0,3800.0,27,3790.0,3790.0,3805.0,3790.0,123.0,4669810.0,7584
2023-05-10 21:09:56,hc2309,hc2309,3798.0,0.0,0.0,0.0,4,3798.0,3800.0,18,3790.0,3790.0,3805.0,3790.0,123.0,4669810.0,7584
2023-05-10 21:09:56,hc2309,hc2309,3798.0,0.0,0.0,0.0,4,3798.0,3800.0,18,3790.0,3790.0,3805.0,3790.0,123.0,4669810.0,7584
2023-05-10 21:09:57,hc2309,hc2309,3798.0,0.0,0.0,0.0,4,3798.0,3800.0,18,3790.0,3790.0,3805.0,3790.0,123.0,4669810.0,7584
2023-05-10 21:09:57,hc2309,hc2309,3798.0,0.0,0.0,0.0,4,3798.0,3800.0,18,3790.0,3790.0,3805.0,3790.0,123.0,4669810.0,7584
2023-05-10 21:09:59,hc2309,hc2309,3798.0,0.0,0.0,0.0,3,3798.0,3800.0,18,3790.0,3790.0,3805.0,3790.0,123.0,4669810.0,7584
2023-05-10 21:10:00,hc2309,hc2309,3798.0,0.0,0.0,0.0,40,3797.0,3800.0,21,3790.0,3790.0,3805.0,3790.0,123.0,4669810.0,7584
2023-05-10 21:10:01,hc2309,hc2309,3798.0,0.0,0.0,0.0,3,3798.0,3800.0,18,3790.0,3790.0,3805.0,3790.0,123.0,4669810.0,7584
2023-05-10 21:10:02,hc2309,hc2309,3798.0,0.0,0.0,0.0,6,3798.0,3800.0,15,3790.0,3790.0,3805.0,3790.0,123.0,4669810.0,7584
2023-05-10 21:10:02,hc2309,hc2309,3798.0,0.0,0.0,0.0,7,3798.0,3800.0,6,3790.0,3790.0,3805.0,3790.0,123.0,4669810.0,7584
2023-05-10 21:10:03,hc2309,hc2309,3798.0,0.0,0.0,0.0,13,3798.0,3801.0,39,3790.0,3790.0,3805.0,3790.0,123.0,4669810.0,7584
2023-05-10 21:10:04,hc2309,hc2309,3798.0,0.0,0.0,0.0,13,3798.0,3800.0,2,3790.0,3790.0,3805.0,3790.0,123.0,4669810.0,7584
2023-05-10 21:10:04,hc2309,hc2309,3798.0,0.0,0.0,0.0,12,3798.0,3800.0,2,3790.0,3790.0,3805.0,3790.0,123.0,4669810.0,7584
2023-05-10 21:10:07,hc2309,hc2309,3798.0,0.0,0.0,0.0,13,3798.0,3800.0,2,3790.0,3790.0,3805.0,3790.0,123.0,4669810.0,7584
2023-05-10 21:10:08,hc2309,hc2309,3798.0,0.0,0.0,0.0,13,3798.0,3801.0,39,3790.0,3790.0,3805.0,3790.0,123.0,4669810.0,7584
2023-05-10 21:10:09,hc2309,hc2309,3798.0,0.0,0.0,0.0,13,3798.0,3801.0,39,3790.0,3790.0,3805.0,3790.0,123.0,4669810.0,7584
2023-05-10 21:10:10,hc2309,hc2309,3798.0,0.0,0.0,0.0,5,3799.0,3801.0,36,3790.0,3790.0,3805.0,3790.0,123.0,4669810.0,7584
2023-05-10 21:10:10,hc2309,hc2309,3798.0,0.0,0.0,0.0,9,3799.0,3801.0,24,3790.0,3790.0,3805.0,3790.0,123.0,4669810.0,7584
2023-05-10 21:10:11,hc2309,hc2309,3798.0,0.0,0.0,0.0,6,3799.0,3801.0,15,3790.0,3790.0,3805.0,3790.0,123.0,4669810.0,7584
2023-05-10 21:10:11,hc2309,hc2309,3798.0,0.0,0.0,0.0,3,3799.0,3801.0,9,3790.0,3790.0,3805.0,3790.0,123.0,4669810.0,7584
2023-05-10 21:10:12,hc2309,hc2309,3798.0,0.0,0.0,0.0,40,3798.0,3801.0,12,3790.0,3790.0,3805.0,3790.0,123.0,4669810.0,7584
2023-05-10 21:10:15,hc2309,hc2309,3798.0,0.0,0.0,0.0,6,3799.0,3801.0,9,3790.0,3790.0,3805.0,3790.0,123.0,4669810.0,7584
2023-05-10 21:10:15,hc2309,hc2309,3798.0,0.0,0.0,0.0,7,3799.0,3801.0,6,3790.0,3790.0,3805.0,3790.0,123.0,4669810.0,7584
2023-05-10 21:10:16,hc2309,hc2309,3798.0,0.0,0.0,0.0,9,3799.0,3802.0,74,3790.0,3790.0,3805.0,3790.0,123.0,4669810.0,7584
2023-05-10 21:10:16,hc2309,hc2309,3798.0,0.0,0.0,0.0,9,3799.0,3801.0,2,3790.0,3790.0,3805.0,3790.0,123.0,4669810.0,7584
2023-05-10 21:10:17,hc2309,hc2309,3798.0,0.0,0.0,0.0,9,3799.0,3801.0,5,3790.0,3790.0,3805.0,3790.0,123.0,4669810.0,7584
2023-05-10 21:10:20,hc2309,hc2309,3798.0,0.0,0.0,0.0,9,3799.0,3801.0,5,3790.0,3790.0,3805.0,3790.0,123.0,4669810.0,7584
2023-05-10 21:10:21,hc2309,hc2309,3798.0,0.0,0.0,0.0,9,3799.0,3800.0,3,3790.0,3790.0,3805.0,3790.0,123.0,4669810.0,7584
2023-05-10 21:10:21,hc2309,hc2309,3799.0,9.0,341910.0,0.0,30,3798.0,3799.0,9,3790.0,3790.0,3805.0,3790.0,132.0,5011720.0,7584
2023-05-10 21:10:22,hc2309,hc2309,3799.0,0.0,0.0,0.0,15,3798.0,3799.0,9,3790.0,3790.0,3805.0,3790.0,132.0,5011720.0,7584
2023-05-10 21:10:22,hc2309,hc2309,3799.0,0.0,0.0,0.0,30,3797.0,3799.0,9,3790.0,3790.0,3805.0,3790.0,132.0,5011720.0,7584
2023-05-10 21:10:23,hc2309,hc2309,3799.0,0.0,0.0,0.0,12,3797.0,3799.0,9,3790.0,3790.0,3805.0,3790.0,132.0,5011720.0,7584
