time,symbol_id,symbol_name,last,trade_volume,trade_amount,open_interest_change,bv1,bp1,ap1,av1,yesterday_close,today_open,today_high,today_low,volume,amount,open_interest
2023-05-09 21:00:01,lu2312,lu2312,3598.0,0.0,0.0,0.0,1,3243.0,3960.0,1,3598.0,3563.0,0.0,0.0,0.0,0.0,6
2023-05-09 21:00:08,lu2312,lu2312,3598.0,0.0,0.0,0.0,1,3243.0,3959.0,1,3598.0,3563.0,0.0,0.0,0.0,0.0,6
2023-05-09 21:00:08,lu2312,lu2312,3598.0,0.0,0.0,0.0,1,3243.0,3957.0,1,3598.0,3563.0,0.0,0.0,0.0,0.0,6
2023-05-09 21:00:09,lu2312,lu2312,3598.0,0.0,0.0,0.0,1,3243.0,3957.0,1,3598.0,3563.0,0.0,0.0,0.0,0.0,6
2023-05-09 21:00:10,lu2312,lu2312,3598.0,0.0,0.0,0.0,1,3244.0,3956.0,1,3598.0,3563.0,0.0,0.0,0.0,0.0,6
2023-05-09 21:00:10,lu2312,lu2312,3598.0,0.0,0.0,0.0,1,3246.0,3954.0,1,3598.0,3563.0,0.0,0.0,0.0,0.0,6
2023-05-09 21:00:12,lu2312,lu2312,3598.0,0.0,0.0,0.0,1,3246.0,3954.0,1,3598.0,3563.0,0.0,0.0,0.0,0.0,6
2023-05-09 21:00:13,lu2312,lu2312,3598.0,0.0,0.0,0.0,1,3247.0,3953.0,2,3598.0,3563.0,0.0,0.0,0.0,0.0,6
2023-05-09 21:00:13,lu2312,lu2312,3598.0,0.0,0.0,0.0,1,3249.0,3951.0,1,3598.0,3563.0,0.0,0.0,0.0,0.0,6
2023-05-09 21:00:15,lu2312,lu2312,3598.0,0.0,0.0,0.0,1,3249.0,3951.0,1,3598.0,3563.0,0.0,0.0,0.0,0.0,6
2023-05-09 21:00:16,lu2312,lu2312,3598.0,0.0,0.0,0.0,1,3250.0,3950.0,2,3598.0,3563.0,0.0,0.0,0.0,0.0,6
2023-05-09 21:00:16,lu2312,lu2312,3598.0,0.0,0.0,0.0,1,3501.0,3727.0,1,3598.0,3563.0,0.0,0.0,0.0,0.0,6
2023-05-09 21:00:17,lu2312,lu2312,3598.0,0.0,0.0,0.0,1,3501.0,3727.0,1,3598.0,3563.0,0.0,0.0,0.0,0.0,6
2023-05-09 21:00:17,lu2312,lu2312,3598.0,0.0,0.0,0.0,2,3501.0,3726.0,1,3598.0,3563.0,0.0,0.0,0.0,0.0,6
2023-05-09 21:00:18,lu2312,lu2312,3598.0,0.0,0.0,0.0,2,3501.0,3726.0,1,3598.0,3563.0,0.0,0.0,0.0,0.0,6
2023-05-09 21:00:26,lu2312,lu2312,3598.0,0.0,0.0,0.0,2,3501.0,3726.0,1,3598.0,3563.0,0.0,0.0,0.0,0.0,6
2023-05-09 21:00:31,lu2312,lu2312,3598.0,0.0,0.0,0.0,2,3502.0,3725.0,2,3598.0,3563.0,0.0,0.0,0.0,0.0,6
2023-05-09 21:00:31,lu2312,lu2312,3598.0,0.0,0.0,0.0,2,3502.0,3724.0,1,3598.0,3563.0,0.0,0.0,0.0,0.0,6
2023-05-09 21:00:33,lu2312,lu2312,3598.0,0.0,0.0,0.0,2,3502.0,3723.0,1,3598.0,3563.0,0.0,0.0,0.0,0.0,6
2023-05-09 21:00:34,lu2312,lu2312,3598.0,0.0,0.0,0.0,3,3502.0,3722.0,1,3598.0,3563.0,0.0,0.0,0.0,0.0,6
2023-05-09 21:00:36,lu2312,lu2312,3598.0,0.0,0.0,0.0,3,3502.0,3722.0,3,3598.0,3563.0,0.0,0.0,0.0,0.0,6
2023-05-09 21:00:36,lu2312,lu2312,3598.0,0.0,0.0,0.0,3,3502.0,3721.0,1,3598.0,3563.0,0.0,0.0,0.0,0.0,6
2023-05-09 21:00:37,lu2312,lu2312,3598.0,0.0,0.0,0.0,3,3502.0,3720.0,1,3598.0,3563.0,0.0,0.0,0.0,0.0,6
2023-05-09 21:00:38,lu2312,lu2312,3598.0,0.0,0.0,0.0,3,3502.0,3720.0,1,3598.0,3563.0,0.0,0.0,0.0,0.0,6
2023-05-09 21:00:39,lu2312,lu2312,3598.0,0.0,0.0,0.0,1,3503.0,3720.0,1,3598.0,3563.0,0.0,0.0,0.0,0.0,6
2023-05-09 21:00:39,lu2312,lu2312,3598.0,0.0,0.0,0.0,1,3503.0,3719.0,1,3598.0,3563.0,0.0,0.0,0.0,0.0,6
2023-05-09 21:00:40,lu2312,lu2312,3598.0,0.0,0.0,0.0,3,3502.0,3718.0,1,3598.0,3563.0,0.0,0.0,0.0,0.0,6
2023-05-09 21:00:40,lu2312,lu2312,3598.0,0.0,0.0,0.0,1,3503.0,3718.0,1,3598.0,3563.0,0.0,0.0,0.0,0.0,6
2023-05-09 21:00:41,lu2312,lu2312,3598.0,0.0,0.0,0.0,1,3503.0,3718.0,1,3598.0,3563.0,0.0,0.0,0.0,0.0,6
2023-05-09 21:00:42,lu2312,lu2312,3598.0,0.0,0.0,0.0,1,3503.0,3717.0,1,3598.0,3563.0,0.0,0.0,0.0,0.0,6
2023-05-09 21:00:42,lu2312,lu2312,3598.0,0.0,0.0,0.0,1,3502.0,3716.0,2,3598.0,3563.0,0.0,0.0,0.0,0.0,6
2023-05-09 21:00:43,lu2312,lu2312,3598.0,0.0,0.0,0.0,1,3503.0,3716.0,2,3598.0,3563.0,0.0,0.0,0.0,0.0,6
2023-05-09 21:00:43,lu2312,lu2312,3598.0,0.0,0.0,0.0,2,3504.0,3716.0,2,3598.0,3563.0,0.0,0.0,0.0,0.0,6
2023-05-09 21:00:44,lu2312,lu2312,3598.0,0.0,0.0,0.0,2,3504.0,3716.0,2,3598.0,3563.0,0.0,0.0,0.0,0.0,6
2023-05-09 21:00:45,lu2312,lu2312,3598.0,0.0,0.0,0.0,2,3504.0,3715.0,1,3598.0,3563.0,0.0,0.0,0.0,0.0,6
2023-05-09 21:00:45,lu2312,lu2312,3598.0,0.0,0.0,0.0,2,3504.0,3714.0,1,3598.0,3563.0,0.0,0.0,0.0,0.0,6
2023-05-09 21:00:46,lu2312,lu2312,3598.0,0.0,0.0,0.0,2,3504.0,3714.0,1,3598.0,3563.0,0.0,0.0,0.0,0.0,6
2023-05-09 21:00:46,lu2312,lu2312,3598.0,0.0,0.0,0.0,1,3505.0,3713.0,1,3598.0,3563.0,0.0,0.0,0.0,0.0,6
2023-05-09 21:00:47,lu2312,lu2312,3598.0,0.0,0.0,0.0,1,3505.0,3712.0,1,3598.0,3563.0,0.0,0.0,0.0,0.0,6
2023-05-09 21:00:47,lu2312,lu2312,3598.0,0.0,0.0,0.0,1,3505.0,3712.0,1,3598.0,3563.0,0.0,0.0,0.0,0.0,6
2023-05-09 21:00:48,lu2312,lu2312,3598.0,0.0,0.0,0.0,1,3505.0,3712.0,1,3598.0,3563.0,0.0,0.0,0.0,0.0,6
2023-05-09 21:00:48,lu2312,lu2312,3598.0,0.0,0.0,0.0,1,3505.0,3711.0,1,3598.0,3563.0,0.0,0.0,0.0,0.0,6
2023-05-09 21:00:49,lu2312,lu2312,3598.0,0.0,0.0,0.0,2,3501.0,3710.0,1,3598.0,3563.0,0.0,0.0,0.0,0.0,6
2023-05-09 21:00:49,lu2312,lu2312,3598.0,0.0,0.0,0.0,1,3502.0,3710.0,1,3598.0,3563.0,0.0,0.0,0.0,0.0,6
2023-05-09 21:00:50,lu2312,lu2312,3598.0,0.0,0.0,0.0,1,3502.0,3709.0,1,3598.0,3563.0,0.0,0.0,0.0,0.0,6
2023-05-09 21:00:50,lu2312,lu2312,3598.0,0.0,0.0,0.0,2,3506.0,3708.0,1,3598.0,3563.0,0.0,0.0,0.0,0.0,6
2023-05-09 21:00:51,lu2312,lu2312,3598.0,0.0,0.0,0.0,2,3506.0,3708.0,1,3598.0,3563.0,0.0,0.0,0.0,0.0,6
2023-05-09 21:00:52,lu2312,lu2312,3598.0,0.0,0.0,0.0,2,3506.0,3707.0,1,3598.0,3563.0,0.0,0.0,0.0,0.0,6
2023-05-09 21:00:52,lu2312,lu2312,3598.0,0.0,0.0,0.0,1,3507.0,3706.0,1,3598.0,3563.0,0.0,0.0,0.0,0.0,6
2023-05-09 21:00:53,lu2312,lu2312,3598.0,0.0,0.0,0.0,2,3507.0,3705.0,1,3598.0,3563.0,0.0,0.0,0.0,0.0,6
2023-05-09 21:00:53,lu2312,lu2312,3598.0,0.0,0.0,0.0,2,3507.0,3704.0,1,3598.0,3563.0,0.0,0.0,0.0,0.0,6
2023-05-09 21:00:54,lu2312,lu2312,3598.0,0.0,0.0,0.0,2,3507.0,3704.0,1,3598.0,3563.0,0.0,0.0,0.0,0.0,6
2023-05-09 21:00:54,lu2312,lu2312,3598.0,0.0,0.0,0.0,2,3507.0,3704.0,1,3598.0,3563.0,0.0,0.0,0.0,0.0,6
2023-05-09 21:00:55,lu2312,lu2312,3598.0,0.0,0.0,0.0,1,3507.0,3703.0,1,3598.0,3563.0,0.0,0.0,0.0,0.0,6
2023-05-09 21:00:55,lu2312,lu2312,3598.0,0.0,0.0,0.0,1,3508.0,3702.0,1,3598.0,3563.0,0.0,0.0,0.0,0.0,6
2023-05-09 21:00:56,lu2312,lu2312,3598.0,0.0,0.0,0.0,1,3508.0,3701.0,1,3598.0,3563.0,0.0,0.0,0.0,0.0,6
2023-05-09 21:00:56,lu2312,lu2312,3598.0,0.0,0.0,0.0,1,3508.0,3700.0,1,3598.0,3563.0,0.0,0.0,0.0,0.0,6
2023-05-09 21:00:57,lu2312,lu2312,3598.0,0.0,0.0,0.0,3,3508.0,3700.0,1,3598.0,3563.0,0.0,0.0,0.0,0.0,6
2023-05-09 21:00:57,lu2312,lu2312,3598.0,0.0,0.0,0.0,3,3508.0,3700.0,1,3598.0,3563.0,0.0,0.0,0.0,0.0,6
2023-05-09 21:00:58,lu2312,lu2312,3598.0,0.0,0.0,0.0,2,3508.0,3699.0,1,3598.0,3563.0,0.0,0.0,0.0,0.0,6
2023-05-09 21:00:58,lu2312,lu2312,3598.0,0.0,0.0,0.0,1,3509.0,3698.0,1,3598.0,3563.0,0.0,0.0,0.0,0.0,6
2023-05-09 21:00:59,lu2312,lu2312,3598.0,0.0,0.0,0.0,1,3509.0,3697.0,1,3598.0,3563.0,0.0,0.0,0.0,0.0,6
2023-05-09 21:00:59,lu2312,lu2312,3598.0,0.0,0.0,0.0,1,3509.0,3696.0,1,3598.0,3563.0,0.0,0.0,0.0,0.0,6
2023-05-09 21:01:00,lu2312,lu2312,3598.0,0.0,0.0,0.0,1,3509.0,3696.0,1,3598.0,3563.0,0.0,0.0,0.0,0.0,6
2023-05-09 21:01:00,lu2312,lu2312,3598.0,0.0,0.0,0.0,2,3501.0,3696.0,1,3598.0,3563.0,0.0,0.0,0.0,0.0,6
2023-05-09 21:01:01,lu2312,lu2312,3598.0,0.0,0.0,0.0,2,3501.0,3695.0,1,3598.0,3563.0,0.0,0.0,0.0,0.0,6
2023-05-09 21:01:01,lu2312,lu2312,3598.0,0.0,0.0,0.0,1,3502.0,3694.0,1,3598.0,3563.0,0.0,0.0,0.0,0.0,6
2023-05-09 21:01:02,lu2312,lu2312,3598.0,0.0,0.0,0.0,2,3510.0,3693.0,1,3598.0,3563.0,0.0,0.0,0.0,0.0,6
2023-05-09 21:01:02,lu2312,lu2312,3598.0,0.0,0.0,0.0,2,3510.0,3692.0,1,3598.0,3563.0,0.0,0.0,0.0,0.0,6
2023-05-09 21:01:03,lu2312,lu2312,3598.0,0.0,0.0,0.0,2,3510.0,3692.0,1,3598.0,3563.0,0.0,0.0,0.0,0.0,6
2023-05-09 21:01:03,lu2312,lu2312,3598.0,0.0,0.0,0.0,2,3510.0,3692.0,1,3598.0,3563.0,0.0,0.0,0.0,0.0,6
2023-05-09 21:01:04,lu2312,lu2312,3598.0,0.0,0.0,0.0,2,3510.0,3691.0,1,3598.0,3563.0,0.0,0.0,0.0,0.0,6
2023-05-09 21:01:04,lu2312,lu2312,3598.0,0.0,0.0,0.0,1,3511.0,3690.0,1,3598.0,3563.0,0.0,0.0,0.0,0.0,6
2023-05-09 21:01:05,lu2312,lu2312,3598.0,0.0,0.0,0.0,1,3511.0,3690.0,1,3598.0,3563.0,0.0,0.0,0.0,0.0,6
2023-05-09 21:01:06,lu2312,lu2312,3598.0,0.0,0.0,0.0,2,3511.0,3689.0,1,3598.0,3563.0,0.0,0.0,0.0,0.0,6
2023-05-09 21:01:06,lu2312,lu2312,3598.0,0.0,0.0,0.0,2,3511.0,3688.0,1,3598.0,3563.0,0.0,0.0,0.0,0.0,6
2023-05-09 21:01:07,lu2312,lu2312,3598.0,0.0,0.0,0.0,1,3511.0,3688.0,1,3598.0,3563.0,0.0,0.0,0.0,0.0,6
2023-05-09 21:01:08,lu2312,lu2312,3598.0,0.0,0.0,0.0,1,3512.0,3687.0,1,3598.0,3563.0,0.0,0.0,0.0,0.0,6
2023-05-09 21:01:08,lu2312,lu2312,3598.0,0.0,0.0,0.0,1,3512.0,3686.0,1,3598.0,3563.0,0.0,0.0,0.0,0.0,6
2023-05-09 21:01:09,lu2312,lu2312,3598.0,0.0,0.0,0.0,1,3512.0,3686.0,1,3598.0,3563.0,0.0,0.0,0.0,0.0,6
2023-05-09 21:01:10,lu2312,lu2312,3598.0,0.0,0.0,0.0,1,3511.0,3686.0,1,3598.0,3563.0,0.0,0.0,0.0,0.0,6
2023-05-09 21:01:11,lu2312,lu2312,3598.0,0.0,0.0,0.0,1,3512.0,3685.0,2,3598.0,3563.0,0.0,0.0,0.0,0.0,6
2023-05-09 21:01:11,lu2312,lu2312,3598.0,0.0,0.0,0.0,1,3512.0,3684.0,1,3598.0,3563.0,0.0,0.0,0.0,0.0,6
2023-05-09 21:01:13,lu2312,lu2312,3598.0,0.0,0.0,0.0,1,3511.0,3684.0,1,3598.0,3563.0,0.0,0.0,0.0,0.0,6
2023-05-09 21:01:13,lu2312,lu2312,3598.0,0.0,0.0,0.0,1,3512.0,3684.0,3,3598.0,3563.0,0.0,0.0,0.0,0.0,6
2023-05-09 21:01:14,lu2312,lu2312,3598.0,0.0,0.0,0.0,1,3512.0,3683.0,2,3598.0,3563.0,0.0,0.0,0.0,0.0,6
2023-05-09 21:01:14,lu2312,lu2312,3598.0,0.0,0.0,0.0,1,3512.0,3682.0,1,3598.0,3563.0,0.0,0.0,0.0,0.0,6
2023-05-09 21:01:16,lu2312,lu2312,3598.0,0.0,0.0,0.0,1,3512.0,3682.0,1,3598.0,3563.0,0.0,0.0,0.0,0.0,6
2023-05-09 21:01:17,lu2312,lu2312,3598.0,0.0,0.0,0.0,1,3511.0,3682.0,1,3598.0,3563.0,0.0,0.0,0.0,0.0,6
2023-05-09 21:01:18,lu2312,lu2312,3598.0,0.0,0.0,0.0,1,3513.0,3681.0,4,3598.0,3563.0,0.0,0.0,0.0,0.0,6
2023-05-09 21:01:18,lu2312,lu2312,3598.0,0.0,0.0,0.0,1,3513.0,3680.0,1,3598.0,3563.0,0.0,0.0,0.0,0.0,6
2023-05-09 21:01:20,lu2312,lu2312,3598.0,0.0,0.0,0.0,1,3513.0,3680.0,1,3598.0,3563.0,0.0,0.0,0.0,0.0,6
2023-05-09 21:01:22,lu2312,lu2312,3598.0,0.0,0.0,0.0,1,3513.0,3679.0,2,3598.0,3563.0,0.0,0.0,0.0,0.0,6
2023-05-09 21:01:22,lu2312,lu2312,3598.0,0.0,0.0,0.0,1,3513.0,3678.0,1,3598.0,3563.0,0.0,0.0,0.0,0.0,6
2023-05-09 21:01:24,lu2312,lu2312,3598.0,0.0,0.0,0.0,1,3511.0,3677.0,1,3598.0,3563.0,0.0,0.0,0.0,0.0,6
2023-05-09 21:01:24,lu2312,lu2312,3598.0,0.0,0.0,0.0,1,3512.0,3676.0,2,3598.0,3563.0,0.0,0.0,0.0,0.0,6
2023-05-09 21:01:25,lu2312,lu2312,3598.0,0.0,0.0,0.0,1,3512.0,3676.0,3,3598.0,3563.0,0.0,0.0,0.0,0.0,6
2023-05-09 21:01:25,lu2312,lu2312,3598.0,0.0,0.0,0.0,1,3512.0,3676.0,3,3598.0,3563.0,0.0,0.0,0.0,0.0,6
2023-05-09 21:01:26,lu2312,lu2312,3598.0,0.0,0.0,0.0,1,3512.0,3676.0,5,3598.0,3563.0,0.0,0.0,0.0,0.0,6
2023-05-09 21:01:26,lu2312,lu2312,3598.0,0.0,0.0,0.0,1,3512.0,3676.0,5,3598.0,3563.0,0.0,0.0,0.0,0.0,6
2023-05-09 21:01:27,lu2312,lu2312,3598.0,0.0,0.0,0.0,1,3512.0,3675.0,1,3598.0,3563.0,0.0,0.0,0.0,0.0,6
2023-05-09 21:01:27,lu2312,lu2312,3598.0,0.0,0.0,0.0,1,3512.0,3674.0,1,3598.0,3563.0,0.0,0.0,0.0,0.0,6
2023-05-09 21:01:28,lu2312,lu2312,3598.0,0.0,0.0,0.0,2,3501.0,3674.0,1,3598.0,3563.0,0.0,0.0,0.0,0.0,6
2023-05-09 21:01:28,lu2312,lu2312,3598.0,0.0,0.0,0.0,1,3502.0,3673.0,2,3598.0,3563.0,0.0,0.0,0.0,0.0,6
2023-05-09 21:01:29,lu2312,lu2312,3598.0,0.0,0.0,0.0,1,3502.0,3672.0,1,3598.0,3563.0,0.0,0.0,0.0,0.0,6
2023-05-09 21:01:29,lu2312,lu2312,3598.0,0.0,0.0,0.0,3,3502.0,3672.0,1,3598.0,3563.0,0.0,0.0,0.0,0.0,6
2023-05-09 21:01:30,lu2312,lu2312,3598.0,0.0,0.0,0.0,3,3502.0,3672.0,3,3598.0,3563.0,0.0,0.0,0.0,0.0,6
2023-05-09 21:01:32,lu2312,lu2312,3598.0,0.0,0.0,0.0,2,3502.0,3672.0,3,3598.0,3563.0,0.0,0.0,0.0,0.0,6
2023-05-09 21:01:33,lu2312,lu2312,3598.0,0.0,0.0,0.0,1,3503.0,3671.0,3,3598.0,3563.0,0.0,0.0,0.0,0.0,6
2023-05-09 21:01:33,lu2312,lu2312,3598.0,0.0,0.0,0.0,1,3503.0,3670.0,1,3598.0,3563.0,0.0,0.0,0.0,0.0,6
2023-05-09 21:01:34,lu2312,lu2312,3598.0,0.0,0.0,0.0,2,3504.0,3670.0,3,3598.0,3563.0,0.0,0.0,0.0,0.0,6
2023-05-09 21:01:35,lu2312,lu2312,3598.0,0.0,0.0,0.0,2,3504.0,3670.0,3,3598.0,3563.0,0.0,0.0,0.0,0.0,6
2023-05-09 21:01:36,lu2312,lu2312,3598.0,0.0,0.0,0.0,1,3505.0,3669.0,3,3598.0,3563.0,0.0,0.0,0.0,0.0,6
2023-05-09 21:01:36,lu2312,lu2312,3598.0,0.0,0.0,0.0,1,3505.0,3668.0,1,3598.0,3563.0,0.0,0.0,0.0,0.0,6
2023-05-09 21:01:38,lu2312,lu2312,3598.0,0.0,0.0,0.0,1,3505.0,3668.0,1,3598.0,3563.0,0.0,0.0,0.0,0.0,6
2023-05-09 21:01:39,lu2312,lu2312,3598.0,0.0,0.0,0.0,2,3501.0,3667.0,2,3598.0,3563.0,0.0,0.0,0.0,0.0,6
2023-05-09 21:01:39,lu2312,lu2312,3598.0,0.0,0.0,0.0,1,3502.0,3666.0,4,3598.0,3563.0,0.0,0.0,0.0,0.0,6
2023-05-09 21:01:40,lu2312,lu2312,3598.0,0.0,0.0,0.0,2,3506.0,3666.0,4,3598.0,3563.0,0.0,0.0,0.0,0.0,6
2023-05-09 21:01:41,lu2312,lu2312,3598.0,0.0,0.0,0.0,2,3506.0,3666.0,4,3598.0,3563.0,0.0,0.0,0.0,0.0,6
2023-05-09 21:01:43,lu2312,lu2312,3598.0,0.0,0.0,0.0,2,3506.0,3665.0,2,3598.0,3563.0,0.0,0.0,0.0,0.0,6
2023-05-09 21:01:43,lu2312,lu2312,3598.0,0.0,0.0,0.0,2,3506.0,3664.0,1,3598.0,3563.0,0.0,0.0,0.0,0.0,6
2023-05-09 21:01:44,lu2312,lu2312,3598.0,0.0,0.0,0.0,1,3507.0,3663.0,2,3598.0,3563.0,0.0,0.0,0.0,0.0,6
2023-05-09 21:01:44,lu2312,lu2312,3598.0,0.0,0.0,0.0,2,3507.0,3662.0,1,3598.0,3563.0,0.0,0.0,0.0,0.0,6
2023-05-09 21:01:45,lu2312,lu2312,3598.0,0.0,0.0,0.0,2,3507.0,3662.0,1,3598.0,3563.0,0.0,0.0,0.0,0.0,6
2023-05-09 21:01:46,lu2312,lu2312,3598.0,0.0,0.0,0.0,1,3507.0,3661.0,2,3598.0,3563.0,0.0,0.0,0.0,0.0,6
2023-05-09 21:01:46,lu2312,lu2312,3598.0,0.0,0.0,0.0,1,3508.0,3660.0,1,3598.0,3563.0,0.0,0.0,0.0,0.0,6
2023-05-09 21:01:47,lu2312,lu2312,3598.0,0.0,0.0,0.0,1,3508.0,3660.0,1,3598.0,3563.0,0.0,0.0,0.0,0.0,6
2023-05-09 21:01:47,lu2312,lu2312,3598.0,0.0,0.0,0.0,1,3509.0,3659.0,3,3598.0,3563.0,0.0,0.0,0.0,0.0,6
2023-05-09 21:01:48,lu2312,lu2312,3598.0,0.0,0.0,0.0,1,3509.0,3658.0,1,3598.0,3563.0,0.0,0.0,0.0,0.0,6
2023-05-09 21:01:49,lu2312,lu2312,3598.0,0.0,0.0,0.0,1,3509.0,3658.0,3,3598.0,3563.0,0.0,0.0,0.0,0.0,6
2023-05-09 21:01:50,lu2312,lu2312,3598.0,0.0,0.0,0.0,1,3508.0,3658.0,3,3598.0,3563.0,0.0,0.0,0.0,0.0,6
2023-05-09 21:01:50,lu2312,lu2312,3598.0,0.0,0.0,0.0,2,3510.0,3657.0,3,3598.0,3563.0,0.0,0.0,0.0,0.0,6
2023-05-09 21:01:51,lu2312,lu2312,3598.0,0.0,0.0,0.0,2,3510.0,3656.0,1,3598.0,3563.0,0.0,0.0,0.0,0.0,6
2023-05-09 21:01:51,lu2312,lu2312,3598.0,0.0,0.0,0.0,2,3510.0,3656.0,1,3598.0,3563.0,0.0,0.0,0.0,0.0,6
2023-05-09 21:01:52,lu2312,lu2312,3598.0,0.0,0.0,0.0,2,3510.0,3655.0,2,3598.0,3563.0,0.0,0.0,0.0,0.0,6
2023-05-09 21:01:53,lu2312,lu2312,3598.0,0.0,0.0,0.0,2,3510.0,3654.0,1,3598.0,3563.0,0.0,0.0,0.0,0.0,6
2023-05-09 21:01:53,lu2312,lu2312,3598.0,0.0,0.0,0.0,2,3510.0,3654.0,1,3598.0,3563.0,0.0,0.0,0.0,0.0,6
2023-05-09 21:01:54,lu2312,lu2312,3598.0,0.0,0.0,0.0,1,3508.0,3653.0,2,3598.0,3563.0,0.0,0.0,0.0,0.0,6
2023-05-09 21:01:54,lu2312,lu2312,3598.0,0.0,0.0,0.0,2,3509.0,3652.0,4,3598.0,3563.0,0.0,0.0,0.0,0.0,6
2023-05-09 21:01:55,lu2312,lu2312,3598.0,0.0,0.0,0.0,2,3509.0,3652.0,4,3598.0,3563.0,0.0,0.0,0.0,0.0,6
2023-05-09 21:01:56,lu2312,lu2312,3598.0,0.0,0.0,0.0,2,3509.0,3651.0,2,3598.0,3563.0,0.0,0.0,0.0,0.0,6
2023-05-09 21:01:57,lu2312,lu2312,3598.0,0.0,0.0,0.0,2,3509.0,3650.0,1,3598.0,3563.0,0.0,0.0,0.0,0.0,6
2023-05-09 21:01:57,lu2312,lu2312,3598.0,0.0,0.0,0.0,2,3501.0,3650.0,1,3598.0,3563.0,0.0,0.0,0.0,0.0,6
2023-05-09 21:01:58,lu2312,lu2312,3598.0,0.0,0.0,0.0,2,3502.0,3649.0,3,3598.0,3563.0,0.0,0.0,0.0,0.0,6
2023-05-09 21:01:58,lu2312,lu2312,3598.0,0.0,0.0,0.0,4,3502.0,3648.0,1,3598.0,3563.0,0.0,0.0,0.0,0.0,6
2023-05-09 21:01:59,lu2312,lu2312,3598.0,0.0,0.0,0.0,2,3502.0,3648.0,1,3598.0,3563.0,0.0,0.0,0.0,0.0,6
2023-05-09 21:02:00,lu2312,lu2312,3598.0,0.0,0.0,0.0,2,3502.0,3647.0,2,3598.0,3563.0,0.0,0.0,0.0,0.0,6
2023-05-09 21:02:00,lu2312,lu2312,3598.0,0.0,0.0,0.0,2,3502.0,3646.0,1,3598.0,3563.0,0.0,0.0,0.0,0.0,6
2023-05-09 21:02:01,lu2312,lu2312,3598.0,0.0,0.0,0.0,2,3503.0,3646.0,1,3598.0,3563.0,0.0,0.0,0.0,0.0,6
2023-05-09 21:02:01,lu2312,lu2312,3598.0,0.0,0.0,0.0,2,3503.0,3645.0,3,3598.0,3563.0,0.0,0.0,0.0,0.0,6
2023-05-09 21:02:02,lu2312,lu2312,3598.0,0.0,0.0,0.0,2,3504.0,3644.0,1,3598.0,3563.0,0.0,0.0,0.0,0.0,6
2023-05-09 21:02:07,lu2312,lu2312,3598.0,0.0,0.0,0.0,2,3504.0,3643.0,2,3598.0,3563.0,0.0,0.0,0.0,0.0,6
2023-05-09 21:02:08,lu2312,lu2312,3598.0,0.0,0.0,0.0,2,3505.0,3642.0,3,3598.0,3563.0,0.0,0.0,0.0,0.0,6
2023-05-09 21:02:08,lu2312,lu2312,3598.0,0.0,0.0,0.0,1,3505.0,3642.0,3,3598.0,3563.0,0.0,0.0,0.0,0.0,6
2023-05-09 21:02:09,lu2312,lu2312,3598.0,0.0,0.0,0.0,2,3506.0,3642.0,3,3598.0,3563.0,0.0,0.0,0.0,0.0,6
2023-05-09 21:02:10,lu2312,lu2312,3598.0,0.0,0.0,0.0,2,3506.0,3642.0,3,3598.0,3563.0,0.0,0.0,0.0,0.0,6
2023-05-09 21:02:11,lu2312,lu2312,3598.0,0.0,0.0,0.0,2,3506.0,3641.0,3,3598.0,3563.0,0.0,0.0,0.0,0.0,6
2023-05-09 21:02:11,lu2312,lu2312,3598.0,0.0,0.0,0.0,2,3506.0,3640.0,1,3598.0,3563.0,0.0,0.0,0.0,0.0,6
2023-05-09 21:02:12,lu2312,lu2312,3598.0,0.0,0.0,0.0,2,3506.0,3640.0,1,3598.0,3563.0,0.0,0.0,0.0,0.0,6
2023-05-09 21:02:13,lu2312,lu2312,3598.0,0.0,0.0,0.0,2,3506.0,3640.0,1,3598.0,3563.0,0.0,0.0,0.0,0.0,6
2023-05-09 21:02:13,lu2312,lu2312,3598.0,0.0,0.0,0.0,2,3501.0,3640.0,1,3598.0,3563.0,0.0,0.0,0.0,0.0,6
2023-05-09 21:02:14,lu2312,lu2312,3598.0,0.0,0.0,0.0,1,3507.0,3639.0,3,3598.0,3563.0,0.0,0.0,0.0,0.0,6
2023-05-09 21:02:14,lu2312,lu2312,3598.0,0.0,0.0,0.0,1,3507.0,3638.0,1,3598.0,3563.0,0.0,0.0,0.0,0.0,6
2023-05-09 21:02:20,lu2312,lu2312,3598.0,0.0,0.0,0.0,2,3501.0,3638.0,1,3598.0,3563.0,0.0,0.0,0.0,0.0,6
2023-05-09 21:02:20,lu2312,lu2312,3598.0,0.0,0.0,0.0,1,3508.0,3637.0,3,3598.0,3563.0,0.0,0.0,0.0,0.0,6
2023-05-09 21:02:21,lu2312,lu2312,3598.0,0.0,0.0,0.0,1,3508.0,3636.0,1,3598.0,3563.0,0.0,0.0,0.0,0.0,6
2023-05-09 21:02:24,lu2312,lu2312,3598.0,0.0,0.0,0.0,2,3501.0,3636.0,1,3598.0,3563.0,0.0,0.0,0.0,0.0,6
2023-05-09 21:02:25,lu2312,lu2312,3598.0,0.0,0.0,0.0,2,3502.0,3635.0,2,3598.0,3563.0,0.0,0.0,0.0,0.0,6
2023-05-09 21:02:25,lu2312,lu2312,3598.0,0.0,0.0,0.0,4,3502.0,3634.0,1,3598.0,3563.0,0.0,0.0,0.0,0.0,6
2023-05-09 21:02:26,lu2312,lu2312,3598.0,0.0,0.0,0.0,4,3502.0,3634.0,1,3598.0,3563.0,0.0,0.0,0.0,0.0,6
2023-05-09 21:02:27,lu2312,lu2312,3598.0,0.0,0.0,0.0,4,3502.0,3634.0,1,3598.0,3563.0,0.0,0.0,0.0,0.0,6
2023-05-09 21:02:28,lu2312,lu2312,3598.0,0.0,0.0,0.0,4,3502.0,3634.0,2,3598.0,3563.0,0.0,0.0,0.0,0.0,6
2023-05-09 21:02:30,lu2312,lu2312,3598.0,0.0,0.0,0.0,2,3502.0,3634.0,2,3598.0,3563.0,0.0,0.0,0.0,0.0,6
2023-05-09 21:02:31,lu2312,lu2312,3598.0,0.0,0.0,0.0,2,3503.0,3633.0,2,3598.0,3563.0,0.0,0.0,0.0,0.0,6
2023-05-09 21:02:31,lu2312,lu2312,3598.0,0.0,0.0,0.0,2,3503.0,3632.0,1,3598.0,3563.0,0.0,0.0,0.0,0.0,6
2023-05-09 21:02:32,lu2312,lu2312,3598.0,0.0,0.0,0.0,2,3501.0,3632.0,1,3598.0,3563.0,0.0,0.0,0.0,0.0,6
2023-05-09 21:02:33,lu2312,lu2312,3598.0,0.0,0.0,0.0,2,3502.0,3632.0,1,3598.0,3563.0,0.0,0.0,0.0,0.0,6
2023-05-09 21:02:35,lu2312,lu2312,3598.0,0.0,0.0,0.0,2,3503.0,3632.0,1,3598.0,3563.0,0.0,0.0,0.0,0.0,6
2023-05-09 21:02:36,lu2312,lu2312,3598.0,0.0,0.0,0.0,2,3503.0,3631.0,1,3598.0,3563.0,0.0,0.0,0.0,0.0,6
2023-05-09 21:02:36,lu2312,lu2312,3598.0,0.0,0.0,0.0,3,3503.0,3630.0,1,3598.0,3563.0,0.0,0.0,0.0,0.0,6
2023-05-09 21:02:39,lu2312,lu2312,3598.0,0.0,0.0,0.0,1,3503.0,3630.0,1,3598.0,3563.0,0.0,0.0,0.0,0.0,6
2023-05-09 21:02:40,lu2312,lu2312,3598.0,0.0,0.0,0.0,2,3504.0,3629.0,1,3598.0,3563.0,0.0,0.0,0.0,0.0,6
2023-05-09 21:02:40,lu2312,lu2312,3598.0,0.0,0.0,0.0,2,3504.0,3628.0,1,3598.0,3563.0,0.0,0.0,0.0,0.0,6
2023-05-09 21:02:45,lu2312,lu2312,3598.0,0.0,0.0,0.0,1,3503.0,3628.0,1,3598.0,3563.0,0.0,0.0,0.0,0.0,6
2023-05-09 21:02:45,lu2312,lu2312,3598.0,0.0,0.0,0.0,2,3504.0,3628.0,1,3598.0,3563.0,0.0,0.0,0.0,0.0,6
2023-05-09 21:02:46,lu2312,lu2312,3598.0,0.0,0.0,0.0,2,3504.0,3628.0,1,3598.0,3563.0,0.0,0.0,0.0,0.0,6
2023-05-09 21:02:51,lu2312,lu2312,3598.0,0.0,0.0,0.0,2,3501.0,3628.0,1,3598.0,3563.0,0.0,0.0,0.0,0.0,6
2023-05-09 21:02:52,lu2312,lu2312,3598.0,0.0,0.0,0.0,2,3502.0,3628.0,1,3598.0,3563.0,0.0,0.0,0.0,0.0,6
2023-05-09 21:02:58,lu2312,lu2312,3598.0,0.0,0.0,0.0,3,3501.0,3628.0,1,3598.0,3563.0,0.0,0.0,0.0,0.0,6
2023-05-09 21:02:58,lu2312,lu2312,3598.0,0.0,0.0,0.0,2,3502.0,3628.0,1,3598.0,3563.0,0.0,0.0,0.0,0.0,6
2023-05-09 21:02:59,lu2312,lu2312,3598.0,0.0,0.0,0.0,4,3502.0,3628.0,1,3598.0,3563.0,0.0,0.0,0.0,0.0,6
2023-05-09 21:03:03,lu2312,lu2312,3598.0,0.0,0.0,0.0,2,3502.0,3628.0,1,3598.0,3563.0,0.0,0.0,0.0,0.0,6
2023-05-09 21:03:04,lu2312,lu2312,3598.0,0.0,0.0,0.0,2,3503.0,3628.0,1,3598.0,3563.0,0.0,0.0,0.0,0.0,6
2023-05-09 21:03:05,lu2312,lu2312,3598.0,0.0,0.0,0.0,2,3503.0,3628.0,1,3598.0,3563.0,0.0,0.0,0.0,0.0,6
2023-05-09 21:03:06,lu2312,lu2312,3598.0,0.0,0.0,0.0,2,3504.0,3628.0,1,3598.0,3563.0,0.0,0.0,0.0,0.0,6
2023-05-09 21:03:06,lu2312,lu2312,3598.0,0.0,0.0,0.0,2,3504.0,3628.0,1,3598.0,3563.0,0.0,0.0,0.0,0.0,6
2023-05-09 21:03:07,lu2312,lu2312,3598.0,0.0,0.0,0.0,2,3505.0,3628.0,1,3598.0,3563.0,0.0,0.0,0.0,0.0,6
2023-05-09 21:03:09,lu2312,lu2312,3598.0,0.0,0.0,0.0,2,3504.0,3628.0,1,3598.0,3563.0,0.0,0.0,0.0,0.0,6
2023-05-09 21:03:10,lu2312,lu2312,3598.0,0.0,0.0,0.0,2,3505.0,3628.0,1,3598.0,3563.0,0.0,0.0,0.0,0.0,6
2023-05-09 21:03:11,lu2312,lu2312,3598.0,0.0,0.0,0.0,2,3505.0,3628.0,1,3598.0,3563.0,0.0,0.0,0.0,0.0,6
2023-05-09 21:03:15,lu2312,lu2312,3598.0,0.0,0.0,0.0,2,3504.0,3627.0,1,3598.0,3563.0,0.0,0.0,0.0,0.0,6
2023-05-09 21:03:16,lu2312,lu2312,3598.0,0.0,0.0,0.0,1,3506.0,3626.0,1,3598.0,3563.0,0.0,0.0,0.0,0.0,6
2023-05-09 21:03:22,lu2312,lu2312,3598.0,0.0,0.0,0.0,1,3504.0,3626.0,1,3598.0,3563.0,0.0,0.0,0.0,0.0,6
2023-05-09 21:03:22,lu2312,lu2312,3598.0,0.0,0.0,0.0,4,3505.0,3626.0,1,3598.0,3563.0,0.0,0.0,0.0,0.0,6
2023-05-09 21:03:23,lu2312,lu2312,3598.0,0.0,0.0,0.0,4,3505.0,3626.0,1,3598.0,3563.0,0.0,0.0,0.0,0.0,6
2023-05-09 21:03:28,lu2312,lu2312,3598.0,0.0,0.0,0.0,2,3505.0,3626.0,1,3598.0,3563.0,0.0,0.0,0.0,0.0,6
2023-05-09 21:03:29,lu2312,lu2312,3598.0,0.0,0.0,0.0,2,3506.0,3626.0,1,3598.0,3563.0,0.0,0.0,0.0,0.0,6
2023-05-09 21:03:29,lu2312,lu2312,3598.0,0.0,0.0,0.0,3,3506.0,3626.0,1,3598.0,3563.0,0.0,0.0,0.0,0.0,6
2023-05-09 21:03:31,lu2312,lu2312,3598.0,0.0,0.0,0.0,1,3506.0,3626.0,1,3598.0,3563.0,0.0,0.0,0.0,0.0,6
2023-05-09 21:03:32,lu2312,lu2312,3598.0,0.0,0.0,0.0,2,3507.0,3626.0,1,3598.0,3563.0,0.0,0.0,0.0,0.0,6
2023-05-09 21:03:32,lu2312,lu2312,3598.0,0.0,0.0,0.0,2,3507.0,3626.0,1,3598.0,3563.0,0.0,0.0,0.0,0.0,6
2023-05-09 21:03:38,lu2312,lu2312,3598.0,0.0,0.0,0.0,1,3506.0,3626.0,1,3598.0,3563.0,0.0,0.0,0.0,0.0,6
2023-05-09 21:03:39,lu2312,lu2312,3598.0,0.0,0.0,0.0,1,3508.0,3626.0,1,3598.0,3563.0,0.0,0.0,0.0,0.0,6
2023-05-09 21:03:39,lu2312,lu2312,3598.0,0.0,0.0,0.0,1,3508.0,3626.0,1,3598.0,3563.0,0.0,0.0,0.0,0.0,6
2023-05-09 21:03:45,lu2312,lu2312,3598.0,0.0,0.0,0.0,1,3507.0,3626.0,1,3598.0,3563.0,0.0,0.0,0.0,0.0,6
2023-05-09 21:03:45,lu2312,lu2312,3598.0,0.0,0.0,0.0,1,3508.0,3626.0,1,3598.0,3563.0,0.0,0.0,0.0,0.0,6
2023-05-09 21:03:51,lu2312,lu2312,3598.0,0.0,0.0,0.0,1,3508.0,3626.0,1,3598.0,3563.0,0.0,0.0,0.0,0.0,6
2023-05-09 21:03:51,lu2312,lu2312,3598.0,0.0,0.0,0.0,1,3509.0,3626.0,1,3598.0,3563.0,0.0,0.0,0.0,0.0,6
2023-05-09 21:03:52,lu2312,lu2312,3598.0,0.0,0.0,0.0,1,3510.0,3626.0,1,3598.0,3563.0,0.0,0.0,0.0,0.0,6
2023-05-09 21:03:54,lu2312,lu2312,3598.0,0.0,0.0,0.0,1,3507.0,3626.0,1,3598.0,3563.0,0.0,0.0,0.0,0.0,6
2023-05-09 21:03:55,lu2312,lu2312,3598.0,0.0,0.0,0.0,2,3508.0,3626.0,1,3598.0,3563.0,0.0,0.0,0.0,0.0,6
2023-05-09 21:03:55,lu2312,lu2312,3598.0,0.0,0.0,0.0,2,3508.0,3626.0,1,3598.0,3563.0,0.0,0.0,0.0,0.0,6
2023-05-09 21:03:57,lu2312,lu2312,3598.0,0.0,0.0,0.0,2,3508.0,3626.0,1,3598.0,3563.0,0.0,0.0,0.0,0.0,6
2023-05-09 21:04:00,lu2312,lu2312,3598.0,0.0,0.0,0.0,2,3501.0,3625.0,1,3598.0,3563.0,0.0,0.0,0.0,0.0,6
2023-05-09 21:04:01,lu2312,lu2312,3598.0,0.0,0.0,0.0,1,3509.0,3624.0,1,3598.0,3563.0,0.0,0.0,0.0,0.0,6
2023-05-09 21:04:01,lu2312,lu2312,3598.0,0.0,0.0,0.0,1,3509.0,3624.0,1,3598.0,3563.0,0.0,0.0,0.0,0.0,6
2023-05-09 21:04:03,lu2312,lu2312,3598.0,0.0,0.0,0.0,3,3501.0,3624.0,1,3598.0,3563.0,0.0,0.0,0.0,0.0,6
2023-05-09 21:04:04,lu2312,lu2312,3598.0,0.0,0.0,0.0,4,3502.0,3624.0,1,3598.0,3563.0,0.0,0.0,0.0,0.0,6
2023-05-09 21:04:05,lu2312,lu2312,3598.0,0.0,0.0,0.0,2,3502.0,3624.0,2,3598.0,3563.0,0.0,0.0,0.0,0.0,6
2023-05-09 21:04:06,lu2312,lu2312,3598.0,0.0,0.0,0.0,2,3502.0,3624.0,2,3598.0,3563.0,0.0,0.0,0.0,0.0,6
2023-05-09 21:04:06,lu2312,lu2312,3598.0,0.0,0.0,0.0,2,3501.0,3624.0,2,3598.0,3563.0,0.0,0.0,0.0,0.0,6
2023-05-09 21:04:07,lu2312,lu2312,3598.0,0.0,0.0,0.0,2,3502.0,3624.0,2,3598.0,3563.0,0.0,0.0,0.0,0.0,6
2023-05-09 21:04:07,lu2312,lu2312,3598.0,0.0,0.0,0.0,2,3502.0,3624.0,1,3598.0,3563.0,0.0,0.0,0.0,0.0,6
2023-05-09 21:04:08,lu2312,lu2312,3598.0,0.0,0.0,0.0,2,3502.0,3623.0,1,3598.0,3563.0,0.0,0.0,0.0,0.0,6
2023-05-09 21:04:08,lu2312,lu2312,3598.0,0.0,0.0,0.0,2,3502.0,3622.0,1,3598.0,3563.0,0.0,0.0,0.0,0.0,6
2023-05-09 21:04:10,lu2312,lu2312,3598.0,0.0,0.0,0.0,2,3501.0,3622.0,1,3598.0,3563.0,0.0,0.0,0.0,0.0,6
2023-05-09 21:04:10,lu2312,lu2312,3598.0,0.0,0.0,0.0,2,3502.0,3622.0,1,3598.0,3563.0,0.0,0.0,0.0,0.0,6
2023-05-09 21:04:16,lu2312,lu2312,3598.0,0.0,0.0,0.0,2,3502.0,3622.0,1,3598.0,3563.0,0.0,0.0,0.0,0.0,6
2023-05-09 21:04:16,lu2312,lu2312,3598.0,0.0,0.0,0.0,2,3501.0,3621.0,1,3598.0,3563.0,0.0,0.0,0.0,0.0,6
2023-05-09 21:04:17,lu2312,lu2312,3598.0,0.0,0.0,0.0,2,3502.0,3620.0,1,3598.0,3563.0,0.0,0.0,0.0,0.0,6
2023-05-09 21:04:23,lu2312,lu2312,3598.0,0.0,0.0,0.0,1,3502.0,3620.0,1,3598.0,3563.0,0.0,0.0,0.0,0.0,6
2023-05-09 21:04:23,lu2312,lu2312,3598.0,0.0,0.0,0.0,1,3503.0,3620.0,1,3598.0,3563.0,0.0,0.0,0.0,0.0,6
2023-05-09 21:04:24,lu2312,lu2312,3598.0,0.0,0.0,0.0,2,3503.0,3620.0,1,3598.0,3563.0,0.0,0.0,0.0,0.0,6
2023-05-09 21:04:28,lu2312,lu2312,3598.0,0.0,0.0,0.0,2,3503.0,3620.0,1,3598.0,3563.0,0.0,0.0,0.0,0.0,6
2023-05-09 21:04:29,lu2312,lu2312,3598.0,0.0,0.0,0.0,2,3503.0,3620.0,1,3598.0,3563.0,0.0,0.0,0.0,0.0,6
2023-05-09 21:04:29,lu2312,lu2312,3598.0,0.0,0.0,0.0,1,3504.0,3620.0,1,3598.0,3563.0,0.0,0.0,0.0,0.0,6
2023-05-09 21:04:30,lu2312,lu2312,3598.0,0.0,0.0,0.0,1,3505.0,3620.0,1,3598.0,3563.0,0.0,0.0,0.0,0.0,6
2023-05-09 21:04:33,lu2312,lu2312,3598.0,0.0,0.0,0.0,2,3501.0,3620.0,1,3598.0,3563.0,0.0,0.0,0.0,0.0,6
2023-05-09 21:04:33,lu2312,lu2312,3598.0,0.0,0.0,0.0,2,3502.0,3620.0,1,3598.0,3563.0,0.0,0.0,0.0,0.0,6
2023-05-09 21:04:34,lu2312,lu2312,3598.0,0.0,0.0,0.0,3,3502.0,3620.0,1,3598.0,3563.0,0.0,0.0,0.0,0.0,6
2023-05-09 21:04:35,lu2312,lu2312,3598.0,0.0,0.0,0.0,2,3502.0,3620.0,1,3598.0,3563.0,0.0,0.0,0.0,0.0,6
2023-05-09 21:04:36,lu2312,lu2312,3598.0,0.0,0.0,0.0,1,3503.0,3620.0,1,3598.0,3563.0,0.0,0.0,0.0,0.0,6
2023-05-09 21:04:36,lu2312,lu2312,3598.0,0.0,0.0,0.0,2,3503.0,3620.0,1,3598.0,3563.0,0.0,0.0,0.0,0.0,6
2023-05-09 21:04:38,lu2312,lu2312,3598.0,0.0,0.0,0.0,1,3503.0,3620.0,1,3598.0,3563.0,0.0,0.0,0.0,0.0,6
2023-05-09 21:04:39,lu2312,lu2312,3598.0,0.0,0.0,0.0,1,3504.0,3620.0,1,3598.0,3563.0,0.0,0.0,0.0,0.0,6
2023-05-09 21:04:39,lu2312,lu2312,3598.0,0.0,0.0,0.0,1,3505.0,3620.0,1,3598.0,3563.0,0.0,0.0,0.0,0.0,6
2023-05-09 21:04:40,lu2312,lu2312,3598.0,0.0,0.0,0.0,1,3505.0,3620.0,1,3598.0,3563.0,0.0,0.0,0.0,0.0,6
2023-05-09 21:04:41,lu2312,lu2312,3598.0,0.0,0.0,0.0,1,3505.0,3620.0,1,3598.0,3563.0,0.0,0.0,0.0,0.0,6
2023-05-09 21:04:41,lu2312,lu2312,3598.0,0.0,0.0,0.0,1,3506.0,3620.0,1,3598.0,3563.0,0.0,0.0,0.0,0.0,6
2023-05-09 21:04:43,lu2312,lu2312,3598.0,0.0,0.0,0.0,1,3506.0,3620.0,1,3598.0,3563.0,0.0,0.0,0.0,0.0,6
2023-05-09 21:04:44,lu2312,lu2312,3598.0,0.0,0.0,0.0,1,3507.0,3620.0,1,3598.0,3563.0,0.0,0.0,0.0,0.0,6
2023-05-09 21:04:45,lu2312,lu2312,3598.0,0.0,0.0,0.0,1,3507.0,3619.0,1,3598.0,3563.0,0.0,0.0,0.0,0.0,6
2023-05-09 21:04:45,lu2312,lu2312,3598.0,0.0,0.0,0.0,1,3508.0,3618.0,1,3598.0,3563.0,0.0,0.0,0.0,0.0,6
2023-05-09 21:04:46,lu2312,lu2312,3598.0,0.0,0.0,0.0,1,3508.0,3618.0,1,3598.0,3563.0,0.0,0.0,0.0,0.0,6
2023-05-09 21:04:46,lu2312,lu2312,3598.0,0.0,0.0,0.0,1,3509.0,3618.0,1,3598.0,3563.0,0.0,0.0,0.0,0.0,6
2023-05-09 21:04:47,lu2312,lu2312,3598.0,0.0,0.0,0.0,1,3509.0,3618.0,1,3598.0,3563.0,0.0,0.0,0.0,0.0,6
2023-05-09 21:04:50,lu2312,lu2312,3598.0,0.0,0.0,0.0,2,3501.0,3618.0,1,3598.0,3563.0,0.0,0.0,0.0,0.0,6
2023-05-09 21:04:50,lu2312,lu2312,3598.0,0.0,0.0,0.0,2,3502.0,3617.0,1,3598.0,3563.0,0.0,0.0,0.0,0.0,6
2023-05-09 21:04:51,lu2312,lu2312,3598.0,0.0,0.0,0.0,2,3502.0,3616.0,1,3598.0,3563.0,0.0,0.0,0.0,0.0,6
2023-05-09 21:04:53,lu2312,lu2312,3598.0,0.0,0.0,0.0,2,3501.0,3616.0,1,3598.0,3563.0,0.0,0.0,0.0,0.0,6
2023-05-09 21:04:53,lu2312,lu2312,3598.0,0.0,0.0,0.0,2,3502.0,3615.0,1,3598.0,3563.0,0.0,0.0,0.0,0.0,6
2023-05-09 21:04:54,lu2312,lu2312,3598.0,0.0,0.0,0.0,2,3502.0,3614.0,1,3598.0,3563.0,0.0,0.0,0.0,0.0,6
2023-05-09 21:04:56,lu2312,lu2312,3598.0,0.0,0.0,0.0,2,3501.0,3614.0,1,3598.0,3563.0,0.0,0.0,0.0,0.0,6
2023-05-09 21:04:56,lu2312,lu2312,3598.0,0.0,0.0,0.0,1,3503.0,3614.0,1,3598.0,3563.0,0.0,0.0,0.0,0.0,6
2023-05-09 21:05:01,lu2312,lu2312,3598.0,0.0,0.0,0.0,2,3501.0,3614.0,1,3598.0,3563.0,0.0,0.0,0.0,0.0,6
2023-05-09 21:05:01,lu2312,lu2312,3598.0,0.0,0.0,0.0,1,3504.0,3614.0,1,3598.0,3563.0,0.0,0.0,0.0,0.0,6
2023-05-09 21:05:06,lu2312,lu2312,3598.0,0.0,0.0,0.0,2,3501.0,3614.0,1,3598.0,3563.0,0.0,0.0,0.0,0.0,6
2023-05-09 21:05:07,lu2312,lu2312,3598.0,0.0,0.0,0.0,2,3502.0,3614.0,1,3598.0,3563.0,0.0,0.0,0.0,0.0,6
2023-05-09 21:05:08,lu2312,lu2312,3598.0,0.0,0.0,0.0,3,3501.0,3614.0,1,3598.0,3563.0,0.0,0.0,0.0,0.0,6
2023-05-09 21:05:09,lu2312,lu2312,3598.0,0.0,0.0,0.0,2,3503.0,3614.0,1,3598.0,3563.0,0.0,0.0,0.0,0.0,6
2023-05-09 21:05:13,lu2312,lu2312,3598.0,0.0,0.0,0.0,3,3501.0,3614.0,1,3598.0,3563.0,0.0,0.0,0.0,0.0,6
2023-05-09 21:05:14,lu2312,lu2312,3598.0,0.0,0.0,0.0,3,3502.0,3614.0,1,3598.0,3563.0,0.0,0.0,0.0,0.0,6
2023-05-09 21:05:14,lu2312,lu2312,3598.0,0.0,0.0,0.0,4,3502.0,3614.0,1,3598.0,3563.0,0.0,0.0,0.0,0.0,6
2023-05-09 21:05:17,lu2312,lu2312,3598.0,0.0,0.0,0.0,2,3502.0,3614.0,1,3598.0,3563.0,0.0,0.0,0.0,0.0,6
2023-05-09 21:05:18,lu2312,lu2312,3598.0,0.0,0.0,0.0,2,3503.0,3614.0,1,3598.0,3563.0,0.0,0.0,0.0,0.0,6
2023-05-09 21:05:18,lu2312,lu2312,3598.0,0.0,0.0,0.0,2,3503.0,3614.0,1,3598.0,3563.0,0.0,0.0,0.0,0.0,6
2023-05-09 21:05:20,lu2312,lu2312,3598.0,0.0,0.0,0.0,3,3501.0,3614.0,1,3598.0,3563.0,0.0,0.0,0.0,0.0,6
2023-05-09 21:05:21,lu2312,lu2312,3598.0,0.0,0.0,0.0,1,3504.0,3614.0,1,3598.0,3563.0,0.0,0.0,0.0,0.0,6
2023-05-09 21:05:21,lu2312,lu2312,3598.0,0.0,0.0,0.0,1,3504.0,3614.0,1,3598.0,3563.0,0.0,0.0,0.0,0.0,6
2023-05-09 21:05:22,lu2312,lu2312,3598.0,0.0,0.0,0.0,2,3504.0,3614.0,1,3598.0,3563.0,0.0,0.0,0.0,0.0,6
2023-05-09 21:05:23,lu2312,lu2312,3598.0,0.0,0.0,0.0,1,3504.0,3614.0,1,3598.0,3563.0,0.0,0.0,0.0,0.0,6
2023-05-09 21:05:24,lu2312,lu2312,3598.0,0.0,0.0,0.0,2,3505.0,3614.0,1,3598.0,3563.0,0.0,0.0,0.0,0.0,6
2023-05-09 21:05:26,lu2312,lu2312,3598.0,0.0,0.0,0.0,2,3505.0,3614.0,1,3598.0,3563.0,0.0,0.0,0.0,0.0,6
2023-05-09 21:05:27,lu2312,lu2312,3598.0,0.0,0.0,0.0,1,3505.0,3614.0,1,3598.0,3563.0,0.0,0.0,0.0,0.0,6
2023-05-09 21:05:27,lu2312,lu2312,3598.0,0.0,0.0,0.0,2,3506.0,3614.0,1,3598.0,3563.0,0.0,0.0,0.0,0.0,6
2023-05-09 21:05:29,lu2312,lu2312,3598.0,0.0,0.0,0.0,2,3506.0,3613.0,1,3598.0,3563.0,0.0,0.0,0.0,0.0,6
2023-05-09 21:05:30,lu2312,lu2312,3598.0,0.0,0.0,0.0,1,3504.0,3612.0,1,3598.0,3563.0,0.0,0.0,0.0,0.0,6
2023-05-09 21:05:30,lu2312,lu2312,3598.0,0.0,0.0,0.0,4,3505.0,3612.0,1,3598.0,3563.0,0.0,0.0,0.0,0.0,6
2023-05-09 21:05:33,lu2312,lu2312,3598.0,0.0,0.0,0.0,2,3505.0,3612.0,1,3598.0,3563.0,0.0,0.0,0.0,0.0,6
2023-05-09 21:05:34,lu2312,lu2312,3598.0,0.0,0.0,0.0,2,3506.0,3612.0,1,3598.0,3563.0,0.0,0.0,0.0,0.0,6
2023-05-09 21:05:36,lu2312,lu2312,3598.0,0.0,0.0,0.0,1,3504.0,3612.0,1,3598.0,3563.0,0.0,0.0,0.0,0.0,6
2023-05-09 21:05:37,lu2312,lu2312,3598.0,0.0,0.0,0.0,1,3507.0,3612.0,1,3598.0,3563.0,0.0,0.0,0.0,0.0,6
2023-05-09 21:05:39,lu2312,lu2312,3598.0,0.0,0.0,0.0,1,3504.0,3612.0,1,3598.0,3563.0,0.0,0.0,0.0,0.0,6
2023-05-09 21:05:40,lu2312,lu2312,3598.0,0.0,0.0,0.0,2,3505.0,3612.0,1,3598.0,3563.0,0.0,0.0,0.0,0.0,6
2023-05-09 21:05:46,lu2312,lu2312,3598.0,0.0,0.0,0.0,1,3506.0,3612.0,1,3598.0,3563.0,0.0,0.0,0.0,0.0,6
2023-05-09 21:05:47,lu2312,lu2312,3598.0,0.0,0.0,0.0,1,3506.0,3612.0,1,3598.0,3563.0,0.0,0.0,0.0,0.0,6
2023-05-09 21:05:47,lu2312,lu2312,3598.0,0.0,0.0,0.0,2,3507.0,3612.0,1,3598.0,3563.0,0.0,0.0,0.0,0.0,6
2023-05-09 21:05:49,lu2312,lu2312,3598.0,0.0,0.0,0.0,2,3507.0,3612.0,1,3598.0,3563.0,0.0,0.0,0.0,0.0,6
2023-05-09 21:05:49,lu2312,lu2312,3598.0,0.0,0.0,0.0,1,3508.0,3612.0,1,3598.0,3563.0,0.0,0.0,0.0,0.0,6
2023-05-09 21:05:50,lu2312,lu2312,3598.0,0.0,0.0,0.0,1,3508.0,3612.0,1,3598.0,3563.0,0.0,0.0,0.0,0.0,6
2023-05-09 21:05:50,lu2312,lu2312,3598.0,0.0,0.0,0.0,2,3509.0,3612.0,1,3598.0,3563.0,0.0,0.0,0.0,0.0,6
2023-05-09 21:05:53,lu2312,lu2312,3598.0,0.0,0.0,0.0,1,3504.0,3612.0,1,3598.0,3563.0,0.0,0.0,0.0,0.0,6
2023-05-09 21:05:53,lu2312,lu2312,3598.0,0.0,0.0,0.0,1,3510.0,3612.0,1,3598.0,3563.0,0.0,0.0,0.0,0.0,6
2023-05-09 21:05:56,lu2312,lu2312,3598.0,0.0,0.0,0.0,1,3504.0,3612.0,1,3598.0,3563.0,0.0,0.0,0.0,0.0,6
2023-05-09 21:05:57,lu2312,lu2312,3598.0,0.0,0.0,0.0,3,3511.0,3612.0,1,3598.0,3563.0,0.0,0.0,0.0,0.0,6
2023-05-09 21:05:59,lu2312,lu2312,3598.0,0.0,0.0,0.0,2,3511.0,3612.0,1,3598.0,3563.0,0.0,0.0,0.0,0.0,6
2023-05-09 21:06:00,lu2312,lu2312,3598.0,0.0,0.0,0.0,1,3512.0,3612.0,1,3598.0,3563.0,0.0,0.0,0.0,0.0,6
2023-05-09 21:06:00,lu2312,lu2312,3598.0,0.0,0.0,0.0,1,3512.0,3612.0,1,3598.0,3563.0,0.0,0.0,0.0,0.0,6
2023-05-09 21:06:01,lu2312,lu2312,3598.0,0.0,0.0,0.0,2,3513.0,3612.0,1,3598.0,3563.0,0.0,0.0,0.0,0.0,6
2023-05-09 21:06:02,lu2312,lu2312,3598.0,0.0,0.0,0.0,2,3513.0,3612.0,1,3598.0,3563.0,0.0,0.0,0.0,0.0,6
2023-05-09 21:06:03,lu2312,lu2312,3598.0,0.0,0.0,0.0,1,3514.0,3612.0,1,3598.0,3563.0,0.0,0.0,0.0,0.0,6
2023-05-09 21:06:03,lu2312,lu2312,3598.0,0.0,0.0,0.0,1,3515.0,3612.0,1,3598.0,3563.0,0.0,0.0,0.0,0.0,6
2023-05-09 21:06:04,lu2312,lu2312,3598.0,0.0,0.0,0.0,1,3516.0,3612.0,1,3598.0,3563.0,0.0,0.0,0.0,0.0,6
2023-05-09 21:06:04,lu2312,lu2312,3598.0,0.0,0.0,0.0,1,3516.0,3612.0,1,3598.0,3563.0,0.0,0.0,0.0,0.0,6
2023-05-09 21:06:05,lu2312,lu2312,3598.0,0.0,0.0,0.0,1,3516.0,3612.0,1,3598.0,3563.0,0.0,0.0,0.0,0.0,6
2023-05-09 21:06:06,lu2312,lu2312,3598.0,0.0,0.0,0.0,1,3517.0,3612.0,1,3598.0,3563.0,0.0,0.0,0.0,0.0,6
2023-05-09 21:06:07,lu2312,lu2312,3598.0,0.0,0.0,0.0,1,3517.0,3612.0,1,3598.0,3563.0,0.0,0.0,0.0,0.0,6
2023-05-09 21:06:08,lu2312,lu2312,3598.0,0.0,0.0,0.0,2,3518.0,3612.0,1,3598.0,3563.0,0.0,0.0,0.0,0.0,6
2023-05-09 21:06:08,lu2312,lu2312,3598.0,0.0,0.0,0.0,2,3518.0,3612.0,1,3598.0,3563.0,0.0,0.0,0.0,0.0,6
2023-05-09 21:06:09,lu2312,lu2312,3598.0,0.0,0.0,0.0,1,3519.0,3612.0,1,3598.0,3563.0,0.0,0.0,0.0,0.0,6
2023-05-09 21:06:10,lu2312,lu2312,3598.0,0.0,0.0,0.0,1,3519.0,3612.0,1,3598.0,3563.0,0.0,0.0,0.0,0.0,6
2023-05-09 21:06:11,lu2312,lu2312,3598.0,0.0,0.0,0.0,1,3519.0,3612.0,1,3598.0,3563.0,0.0,0.0,0.0,0.0,6
2023-05-09 21:06:11,lu2312,lu2312,3598.0,0.0,0.0,0.0,2,3520.0,3612.0,1,3598.0,3563.0,0.0,0.0,0.0,0.0,6
2023-05-09 21:06:12,lu2312,lu2312,3598.0,0.0,0.0,0.0,1,3521.0,3612.0,1,3598.0,3563.0,0.0,0.0,0.0,0.0,6
2023-05-09 21:06:13,lu2312,lu2312,3598.0,0.0,0.0,0.0,1,3521.0,3612.0,1,3598.0,3563.0,0.0,0.0,0.0,0.0,6
2023-05-09 21:06:14,lu2312,lu2312,3598.0,0.0,0.0,0.0,1,3522.0,3612.0,1,3598.0,3563.0,0.0,0.0,0.0,0.0,6
2023-05-09 21:06:14,lu2312,lu2312,3598.0,0.0,0.0,0.0,1,3523.0,3611.0,1,3598.0,3563.0,0.0,0.0,0.0,0.0,6
2023-05-09 21:06:15,lu2312,lu2312,3598.0,0.0,0.0,0.0,1,3524.0,3610.0,1,3598.0,3563.0,0.0,0.0,0.0,0.0,6
2023-05-09 21:06:17,lu2312,lu2312,3598.0,0.0,0.0,0.0,1,3524.0,3610.0,1,3598.0,3563.0,0.0,0.0,0.0,0.0,6
2023-05-09 21:06:17,lu2312,lu2312,3598.0,0.0,0.0,0.0,2,3525.0,3610.0,1,3598.0,3563.0,0.0,0.0,0.0,0.0,6
2023-05-09 21:06:18,lu2312,lu2312,3598.0,0.0,0.0,0.0,1,3526.0,3610.0,1,3598.0,3563.0,0.0,0.0,0.0,0.0,6
2023-05-09 21:06:20,lu2312,lu2312,3598.0,0.0,0.0,0.0,2,3525.0,3610.0,1,3598.0,3563.0,0.0,0.0,0.0,0.0,6
2023-05-09 21:06:21,lu2312,lu2312,3598.0,0.0,0.0,0.0,1,3526.0,3610.0,1,3598.0,3563.0,0.0,0.0,0.0,0.0,6
2023-05-09 21:06:22,lu2312,lu2312,3598.0,0.0,0.0,0.0,1,3526.0,3610.0,1,3598.0,3563.0,0.0,0.0,0.0,0.0,6
2023-05-09 21:06:23,lu2312,lu2312,3598.0,0.0,0.0,0.0,1,3525.0,3610.0,1,3598.0,3563.0,0.0,0.0,0.0,0.0,6
2023-05-09 21:06:24,lu2312,lu2312,3598.0,0.0,0.0,0.0,1,3527.0,3610.0,1,3598.0,3563.0,0.0,0.0,0.0,0.0,6
2023-05-09 21:06:27,lu2312,lu2312,3598.0,0.0,0.0,0.0,1,3525.0,3610.0,1,3598.0,3563.0,0.0,0.0,0.0,0.0,6
2023-05-09 21:06:28,lu2312,lu2312,3598.0,0.0,0.0,0.0,1,3526.0,3610.0,1,3598.0,3563.0,0.0,0.0,0.0,0.0,6
2023-05-09 21:06:28,lu2312,lu2312,3598.0,0.0,0.0,0.0,1,3526.0,3610.0,1,3598.0,3563.0,0.0,0.0,0.0,0.0,6
2023-05-09 21:06:30,lu2312,lu2312,3598.0,0.0,0.0,0.0,1,3520.0,3610.0,1,3598.0,3563.0,0.0,0.0,0.0,0.0,6
2023-05-09 21:06:31,lu2312,lu2312,3598.0,0.0,0.0,0.0,1,3527.0,3610.0,1,3598.0,3563.0,0.0,0.0,0.0,0.0,6
2023-05-09 21:06:31,lu2312,lu2312,3598.0,0.0,0.0,0.0,1,3527.0,3610.0,1,3598.0,3563.0,0.0,0.0,0.0,0.0,6
2023-05-09 21:06:33,lu2312,lu2312,3598.0,0.0,0.0,0.0,1,3521.0,3610.0,1,3598.0,3563.0,0.0,0.0,0.0,0.0,6
2023-05-09 21:06:34,lu2312,lu2312,3598.0,0.0,0.0,0.0,1,3522.0,3610.0,1,3598.0,3563.0,0.0,0.0,0.0,0.0,6
2023-05-09 21:06:36,lu2312,lu2312,3598.0,0.0,0.0,0.0,1,3521.0,3610.0,1,3598.0,3563.0,0.0,0.0,0.0,0.0,6
2023-05-09 21:06:37,lu2312,lu2312,3598.0,0.0,0.0,0.0,1,3522.0,3610.0,1,3598.0,3563.0,0.0,0.0,0.0,0.0,6
2023-05-09 21:06:40,lu2312,lu2312,3598.0,0.0,0.0,0.0,1,3521.0,3610.0,1,3598.0,3563.0,0.0,0.0,0.0,0.0,6
2023-05-09 21:06:40,lu2312,lu2312,3598.0,0.0,0.0,0.0,1,3522.0,3610.0,1,3598.0,3563.0,0.0,0.0,0.0,0.0,6
2023-05-09 21:06:46,lu2312,lu2312,3598.0,0.0,0.0,0.0,1,3521.0,3610.0,1,3598.0,3563.0,0.0,0.0,0.0,0.0,6
2023-05-09 21:06:46,lu2312,lu2312,3598.0,0.0,0.0,0.0,1,3523.0,3610.0,1,3598.0,3563.0,0.0,0.0,0.0,0.0,6
2023-05-09 21:06:49,lu2312,lu2312,3598.0,0.0,0.0,0.0,1,3521.0,3610.0,1,3598.0,3563.0,0.0,0.0,0.0,0.0,6
2023-05-09 21:06:49,lu2312,lu2312,3598.0,0.0,0.0,0.0,1,3522.0,3610.0,1,3598.0,3563.0,0.0,0.0,0.0,0.0,6
2023-05-09 21:06:52,lu2312,lu2312,3598.0,0.0,0.0,0.0,1,3521.0,3610.0,1,3598.0,3563.0,0.0,0.0,0.0,0.0,6
2023-05-09 21:06:52,lu2312,lu2312,3598.0,0.0,0.0,0.0,1,3522.0,3610.0,1,3598.0,3563.0,0.0,0.0,0.0,0.0,6
2023-05-09 21:06:53,lu2312,lu2312,3598.0,0.0,0.0,0.0,1,3522.0,3610.0,1,3598.0,3563.0,0.0,0.0,0.0,0.0,6
2023-05-09 21:06:55,lu2312,lu2312,3598.0,0.0,0.0,0.0,1,3520.0,3610.0,1,3598.0,3563.0,0.0,0.0,0.0,0.0,6
2023-05-09 21:06:55,lu2312,lu2312,3598.0,0.0,0.0,0.0,1,3521.0,3610.0,1,3598.0,3563.0,0.0,0.0,0.0,0.0,6
2023-05-09 21:06:58,lu2312,lu2312,3598.0,0.0,0.0,0.0,1,3520.0,3610.0,1,3598.0,3563.0,0.0,0.0,0.0,0.0,6
2023-05-09 21:06:58,lu2312,lu2312,3598.0,0.0,0.0,0.0,1,3522.0,3610.0,1,3598.0,3563.0,0.0,0.0,0.0,0.0,6
2023-05-09 21:07:00,lu2312,lu2312,3598.0,0.0,0.0,0.0,1,3522.0,3609.0,1,3598.0,3563.0,0.0,0.0,0.0,0.0,6
2023-05-09 21:07:01,lu2312,lu2312,3598.0,0.0,0.0,0.0,2,3520.0,3608.0,1,3598.0,3563.0,0.0,0.0,0.0,0.0,6
2023-05-09 21:07:01,lu2312,lu2312,3598.0,0.0,0.0,0.0,1,3523.0,3608.0,1,3598.0,3563.0,0.0,0.0,0.0,0.0,6
2023-05-09 21:07:04,lu2312,lu2312,3598.0,0.0,0.0,0.0,2,3520.0,3608.0,1,3598.0,3563.0,0.0,0.0,0.0,0.0,6
2023-05-09 21:07:04,lu2312,lu2312,3598.0,0.0,0.0,0.0,1,3521.0,3608.0,1,3598.0,3563.0,0.0,0.0,0.0,0.0,6
2023-05-09 21:07:07,lu2312,lu2312,3598.0,0.0,0.0,0.0,2,3520.0,3608.0,1,3598.0,3563.0,0.0,0.0,0.0,0.0,6
2023-05-09 21:07:07,lu2312,lu2312,3598.0,0.0,0.0,0.0,1,3521.0,3608.0,1,3598.0,3563.0,0.0,0.0,0.0,0.0,6
2023-05-09 21:07:10,lu2312,lu2312,3598.0,0.0,0.0,0.0,2,3520.0,3608.0,1,3598.0,3563.0,0.0,0.0,0.0,0.0,6
2023-05-09 21:07:10,lu2312,lu2312,3598.0,0.0,0.0,0.0,1,3522.0,3608.0,1,3598.0,3563.0,0.0,0.0,0.0,0.0,6
2023-05-09 21:07:13,lu2312,lu2312,3598.0,0.0,0.0,0.0,2,3520.0,3608.0,1,3598.0,3563.0,0.0,0.0,0.0,0.0,6
2023-05-09 21:07:13,lu2312,lu2312,3598.0,0.0,0.0,0.0,1,3521.0,3608.0,1,3598.0,3563.0,0.0,0.0,0.0,0.0,6
2023-05-09 21:07:16,lu2312,lu2312,3598.0,0.0,0.0,0.0,2,3520.0,3608.0,1,3598.0,3563.0,0.0,0.0,0.0,0.0,6
2023-05-09 21:07:16,lu2312,lu2312,3598.0,0.0,0.0,0.0,1,3521.0,3608.0,1,3598.0,3563.0,0.0,0.0,0.0,0.0,6
2023-05-09 21:07:17,lu2312,lu2312,3598.0,0.0,0.0,0.0,1,3521.0,3608.0,1,3598.0,3563.0,0.0,0.0,0.0,0.0,6
2023-05-09 21:07:19,lu2312,lu2312,3598.0,0.0,0.0,0.0,1,3520.0,3608.0,1,3598.0,3563.0,0.0,0.0,0.0,0.0,6
2023-05-09 21:07:19,lu2312,lu2312,3598.0,0.0,0.0,0.0,1,3521.0,3608.0,1,3598.0,3563.0,0.0,0.0,0.0,0.0,6
2023-05-09 21:07:22,lu2312,lu2312,3598.0,0.0,0.0,0.0,1,3520.0,3608.0,1,3598.0,3563.0,0.0,0.0,0.0,0.0,6
2023-05-09 21:07:22,lu2312,lu2312,3598.0,0.0,0.0,0.0,1,3521.0,3608.0,1,3598.0,3563.0,0.0,0.0,0.0,0.0,6
2023-05-09 21:07:25,lu2312,lu2312,3598.0,0.0,0.0,0.0,1,3520.0,3608.0,1,3598.0,3563.0,0.0,0.0,0.0,0.0,6
2023-05-09 21:07:25,lu2312,lu2312,3598.0,0.0,0.0,0.0,1,3522.0,3608.0,1,3598.0,3563.0,0.0,0.0,0.0,0.0,6
2023-05-09 21:07:28,lu2312,lu2312,3598.0,0.0,0.0,0.0,1,3520.0,3608.0,1,3598.0,3563.0,0.0,0.0,0.0,0.0,6
2023-05-09 21:07:28,lu2312,lu2312,3598.0,0.0,0.0,0.0,1,3521.0,3608.0,1,3598.0,3563.0,0.0,0.0,0.0,0.0,6
2023-05-09 21:07:31,lu2312,lu2312,3598.0,0.0,0.0,0.0,2,3520.0,3608.0,1,3598.0,3563.0,0.0,0.0,0.0,0.0,6
2023-05-09 21:07:31,lu2312,lu2312,3598.0,0.0,0.0,0.0,1,3521.0,3608.0,1,3598.0,3563.0,0.0,0.0,0.0,0.0,6
2023-05-09 21:07:34,lu2312,lu2312,3598.0,0.0,0.0,0.0,2,3520.0,3608.0,1,3598.0,3563.0,0.0,0.0,0.0,0.0,6
2023-05-09 21:07:35,lu2312,lu2312,3598.0,0.0,0.0,0.0,1,3521.0,3608.0,1,3598.0,3563.0,0.0,0.0,0.0,0.0,6
2023-05-09 21:07:37,lu2312,lu2312,3598.0,0.0,0.0,0.0,2,3520.0,3608.0,1,3598.0,3563.0,0.0,0.0,0.0,0.0,6
2023-05-09 21:07:38,lu2312,lu2312,3598.0,0.0,0.0,0.0,1,3521.0,3608.0,1,3598.0,3563.0,0.0,0.0,0.0,0.0,6
2023-05-09 21:07:40,lu2312,lu2312,3598.0,0.0,0.0,0.0,2,3520.0,3608.0,1,3598.0,3563.0,0.0,0.0,0.0,0.0,6
2023-05-09 21:07:41,lu2312,lu2312,3598.0,0.0,0.0,0.0,1,3521.0,3608.0,1,3598.0,3563.0,0.0,0.0,0.0,0.0,6
2023-05-09 21:07:43,lu2312,lu2312,3598.0,0.0,0.0,0.0,2,3520.0,3608.0,1,3598.0,3563.0,0.0,0.0,0.0,0.0,6
2023-05-09 21:07:44,lu2312,lu2312,3598.0,0.0,0.0,0.0,1,3521.0,3607.0,1,3598.0,3563.0,0.0,0.0,0.0,0.0,6
2023-05-09 21:07:44,lu2312,lu2312,3598.0,0.0,0.0,0.0,1,3521.0,3606.0,1,3598.0,3563.0,0.0,0.0,0.0,0.0,6
2023-05-09 21:07:46,lu2312,lu2312,3598.0,0.0,0.0,0.0,2,3520.0,3606.0,1,3598.0,3563.0,0.0,0.0,0.0,0.0,6
2023-05-09 21:07:47,lu2312,lu2312,3598.0,0.0,0.0,0.0,1,3521.0,3606.0,1,3598.0,3563.0,0.0,0.0,0.0,0.0,6
2023-05-09 21:07:49,lu2312,lu2312,3598.0,0.0,0.0,0.0,2,3520.0,3606.0,1,3598.0,3563.0,0.0,0.0,0.0,0.0,6
2023-05-09 21:07:50,lu2312,lu2312,3598.0,0.0,0.0,0.0,1,3521.0,3606.0,1,3598.0,3563.0,0.0,0.0,0.0,0.0,6
2023-05-09 21:07:52,lu2312,lu2312,3598.0,0.0,0.0,0.0,2,3520.0,3606.0,1,3598.0,3563.0,0.0,0.0,0.0,0.0,6
2023-05-09 21:07:53,lu2312,lu2312,3598.0,0.0,0.0,0.0,1,3521.0,3606.0,1,3598.0,3563.0,0.0,0.0,0.0,0.0,6
2023-05-09 21:07:53,lu2312,lu2312,3598.0,0.0,0.0,0.0,1,3521.0,3606.0,1,3598.0,3563.0,0.0,0.0,0.0,0.0,6
2023-05-09 21:07:55,lu2312,lu2312,3598.0,0.0,0.0,0.0,1,3520.0,3606.0,1,3598.0,3563.0,0.0,0.0,0.0,0.0,6
2023-05-09 21:07:56,lu2312,lu2312,3598.0,0.0,0.0,0.0,1,3521.0,3606.0,1,3598.0,3563.0,0.0,0.0,0.0,0.0,6
2023-05-09 21:07:58,lu2312,lu2312,3598.0,0.0,0.0,0.0,1,3520.0,3606.0,1,3598.0,3563.0,0.0,0.0,0.0,0.0,6
2023-05-09 21:07:59,lu2312,lu2312,3598.0,0.0,0.0,0.0,1,3522.0,3606.0,1,3598.0,3563.0,0.0,0.0,0.0,0.0,6
2023-05-09 21:08:02,lu2312,lu2312,3598.0,0.0,0.0,0.0,1,3520.0,3606.0,1,3598.0,3563.0,0.0,0.0,0.0,0.0,6
2023-05-09 21:08:02,lu2312,lu2312,3598.0,0.0,0.0,0.0,1,3521.0,3606.0,1,3598.0,3563.0,0.0,0.0,0.0,0.0,6
2023-05-09 21:08:03,lu2312,lu2312,3598.0,0.0,0.0,0.0,2,3521.0,3606.0,1,3598.0,3563.0,0.0,0.0,0.0,0.0,6
2023-05-09 21:08:05,lu2312,lu2312,3598.0,0.0,0.0,0.0,1,3521.0,3606.0,1,3598.0,3563.0,0.0,0.0,0.0,0.0,6
2023-05-09 21:08:05,lu2312,lu2312,3598.0,0.0,0.0,0.0,1,3522.0,3606.0,1,3598.0,3563.0,0.0,0.0,0.0,0.0,6
2023-05-09 21:08:06,lu2312,lu2312,3598.0,0.0,0.0,0.0,1,3522.0,3606.0,1,3598.0,3563.0,0.0,0.0,0.0,0.0,6
2023-05-09 21:08:08,lu2312,lu2312,3598.0,0.0,0.0,0.0,1,3520.0,3606.0,1,3598.0,3563.0,0.0,0.0,0.0,0.0,6
2023-05-09 21:08:09,lu2312,lu2312,3598.0,0.0,0.0,0.0,1,3521.0,3606.0,1,3598.0,3563.0,0.0,0.0,0.0,0.0,6
2023-05-09 21:08:11,lu2312,lu2312,3598.0,0.0,0.0,0.0,1,3520.0,3606.0,1,3598.0,3563.0,0.0,0.0,0.0,0.0,6
2023-05-09 21:08:12,lu2312,lu2312,3598.0,0.0,0.0,0.0,1,3522.0,3606.0,1,3598.0,3563.0,0.0,0.0,0.0,0.0,6
2023-05-09 21:08:14,lu2312,lu2312,3598.0,0.0,0.0,0.0,2,3520.0,3606.0,1,3598.0,3563.0,0.0,0.0,0.0,0.0,6
2023-05-09 21:08:15,lu2312,lu2312,3598.0,0.0,0.0,0.0,1,3521.0,3606.0,1,3598.0,3563.0,0.0,0.0,0.0,0.0,6
2023-05-09 21:08:17,lu2312,lu2312,3598.0,0.0,0.0,0.0,2,3520.0,3606.0,1,3598.0,3563.0,0.0,0.0,0.0,0.0,6
2023-05-09 21:08:18,lu2312,lu2312,3598.0,0.0,0.0,0.0,1,3521.0,3606.0,1,3598.0,3563.0,0.0,0.0,0.0,0.0,6
2023-05-09 21:08:20,lu2312,lu2312,3598.0,0.0,0.0,0.0,2,3520.0,3606.0,1,3598.0,3563.0,0.0,0.0,0.0,0.0,6
2023-05-09 21:08:21,lu2312,lu2312,3598.0,0.0,0.0,0.0,1,3522.0,3606.0,1,3598.0,3563.0,0.0,0.0,0.0,0.0,6
2023-05-09 21:08:23,lu2312,lu2312,3598.0,0.0,0.0,0.0,2,3520.0,3606.0,1,3598.0,3563.0,0.0,0.0,0.0,0.0,6
2023-05-09 21:08:24,lu2312,lu2312,3598.0,0.0,0.0,0.0,1,3523.0,3606.0,1,3598.0,3563.0,0.0,0.0,0.0,0.0,6
2023-05-09 21:08:24,lu2312,lu2312,3598.0,0.0,0.0,0.0,1,3523.0,3606.0,1,3598.0,3563.0,0.0,0.0,0.0,0.0,6
2023-05-09 21:08:26,lu2312,lu2312,3598.0,0.0,0.0,0.0,2,3520.0,3606.0,1,3598.0,3563.0,0.0,0.0,0.0,0.0,6
2023-05-09 21:08:27,lu2312,lu2312,3598.0,0.0,0.0,0.0,1,3521.0,3606.0,1,3598.0,3563.0,0.0,0.0,0.0,0.0,6
2023-05-09 21:08:27,lu2312,lu2312,3598.0,0.0,0.0,0.0,1,3521.0,3605.0,1,3598.0,3563.0,0.0,0.0,0.0,0.0,6
2023-05-09 21:08:28,lu2312,lu2312,3598.0,0.0,0.0,0.0,1,3521.0,3604.0,1,3598.0,3563.0,0.0,0.0,0.0,0.0,6
2023-05-09 21:08:29,lu2312,lu2312,3598.0,0.0,0.0,0.0,1,3520.0,3604.0,1,3598.0,3563.0,0.0,0.0,0.0,0.0,6
2023-05-09 21:08:30,lu2312,lu2312,3598.0,0.0,0.0,0.0,1,3521.0,3604.0,1,3598.0,3563.0,0.0,0.0,0.0,0.0,6
2023-05-09 21:08:32,lu2312,lu2312,3598.0,0.0,0.0,0.0,2,3520.0,3604.0,1,3598.0,3563.0,0.0,0.0,0.0,0.0,6
2023-05-09 21:08:33,lu2312,lu2312,3598.0,0.0,0.0,0.0,1,3522.0,3604.0,1,3598.0,3563.0,0.0,0.0,0.0,0.0,6
2023-05-09 21:08:35,lu2312,lu2312,3598.0,0.0,0.0,0.0,2,3520.0,3604.0,1,3598.0,3563.0,0.0,0.0,0.0,0.0,6
2023-05-09 21:08:36,lu2312,lu2312,3598.0,0.0,0.0,0.0,1,3521.0,3604.0,1,3598.0,3563.0,0.0,0.0,0.0,0.0,6
2023-05-09 21:08:36,lu2312,lu2312,3598.0,0.0,0.0,0.0,1,3521.0,3604.0,1,3598.0,3563.0,0.0,0.0,0.0,0.0,6
2023-05-09 21:08:38,lu2312,lu2312,3598.0,0.0,0.0,0.0,1,3520.0,3604.0,1,3598.0,3563.0,0.0,0.0,0.0,0.0,6
2023-05-09 21:08:39,lu2312,lu2312,3598.0,0.0,0.0,0.0,1,3521.0,3604.0,1,3598.0,3563.0,0.0,0.0,0.0,0.0,6
2023-05-09 21:08:41,lu2312,lu2312,3598.0,0.0,0.0,0.0,1,3520.0,3604.0,1,3598.0,3563.0,0.0,0.0,0.0,0.0,6
2023-05-09 21:08:42,lu2312,lu2312,3598.0,0.0,0.0,0.0,1,3522.0,3604.0,1,3598.0,3563.0,0.0,0.0,0.0,0.0,6
2023-05-09 21:08:44,lu2312,lu2312,3598.0,0.0,0.0,0.0,1,3520.0,3604.0,1,3598.0,3563.0,0.0,0.0,0.0,0.0,6
2023-05-09 21:08:44,lu2312,lu2312,3598.0,0.0,0.0,0.0,1,3521.0,3604.0,1,3598.0,3563.0,0.0,0.0,0.0,0.0,6
2023-05-09 21:08:47,lu2312,lu2312,3598.0,0.0,0.0,0.0,1,3520.0,3604.0,1,3598.0,3563.0,0.0,0.0,0.0,0.0,6
2023-05-09 21:08:47,lu2312,lu2312,3598.0,0.0,0.0,0.0,1,3522.0,3604.0,1,3598.0,3563.0,0.0,0.0,0.0,0.0,6
2023-05-09 21:08:50,lu2312,lu2312,3598.0,0.0,0.0,0.0,1,3520.0,3604.0,1,3598.0,3563.0,0.0,0.0,0.0,0.0,6
2023-05-09 21:08:50,lu2312,lu2312,3598.0,0.0,0.0,0.0,1,3523.0,3604.0,1,3598.0,3563.0,0.0,0.0,0.0,0.0,6
2023-05-09 21:08:53,lu2312,lu2312,3598.0,0.0,0.0,0.0,1,3520.0,3604.0,1,3598.0,3563.0,0.0,0.0,0.0,0.0,6
2023-05-09 21:08:53,lu2312,lu2312,3598.0,0.0,0.0,0.0,1,3524.0,3604.0,1,3598.0,3563.0,0.0,0.0,0.0,0.0,6
2023-05-09 21:08:56,lu2312,lu2312,3598.0,0.0,0.0,0.0,1,3520.0,3604.0,1,3598.0,3563.0,0.0,0.0,0.0,0.0,6
2023-05-09 21:08:56,lu2312,lu2312,3598.0,0.0,0.0,0.0,1,3521.0,3604.0,1,3598.0,3563.0,0.0,0.0,0.0,0.0,6
2023-05-09 21:08:59,lu2312,lu2312,3598.0,0.0,0.0,0.0,1,3520.0,3604.0,1,3598.0,3563.0,0.0,0.0,0.0,0.0,6
2023-05-09 21:08:59,lu2312,lu2312,3598.0,0.0,0.0,0.0,1,3522.0,3604.0,1,3598.0,3563.0,0.0,0.0,0.0,0.0,6
2023-05-09 21:09:00,lu2312,lu2312,3598.0,0.0,0.0,0.0,1,3522.0,3604.0,2,3598.0,3563.0,0.0,0.0,0.0,0.0,6
2023-05-09 21:09:02,lu2312,lu2312,3598.0,0.0,0.0,0.0,1,3520.0,3604.0,2,3598.0,3563.0,0.0,0.0,0.0,0.0,6
2023-05-09 21:09:02,lu2312,lu2312,3598.0,0.0,0.0,0.0,1,3523.0,3604.0,2,3598.0,3563.0,0.0,0.0,0.0,0.0,6
2023-05-09 21:09:03,lu2312,lu2312,3598.0,0.0,0.0,0.0,2,3523.0,3604.0,1,3598.0,3563.0,0.0,0.0,0.0,0.0,6
2023-05-09 21:09:03,lu2312,lu2312,3598.0,0.0,0.0,0.0,2,3523.0,3603.0,1,3598.0,3563.0,0.0,0.0,0.0,0.0,6
2023-05-09 21:09:04,lu2312,lu2312,3598.0,0.0,0.0,0.0,2,3523.0,3602.0,1,3598.0,3563.0,0.0,0.0,0.0,0.0,6
2023-05-09 21:09:05,lu2312,lu2312,3598.0,0.0,0.0,0.0,1,3523.0,3602.0,1,3598.0,3563.0,0.0,0.0,0.0,0.0,6
2023-05-09 21:09:05,lu2312,lu2312,3598.0,0.0,0.0,0.0,1,3524.0,3602.0,1,3598.0,3563.0,0.0,0.0,0.0,0.0,6
2023-05-09 21:09:06,lu2312,lu2312,3598.0,0.0,0.0,0.0,1,3524.0,3602.0,1,3598.0,3563.0,0.0,0.0,0.0,0.0,6
2023-05-09 21:09:06,lu2312,lu2312,3598.0,0.0,0.0,0.0,1,3524.0,3602.0,2,3598.0,3563.0,0.0,0.0,0.0,0.0,6
2023-05-09 21:09:08,lu2312,lu2312,3598.0,0.0,0.0,0.0,1,3523.0,3602.0,2,3598.0,3563.0,0.0,0.0,0.0,0.0,6
2023-05-09 21:09:08,lu2312,lu2312,3598.0,0.0,0.0,0.0,1,3524.0,3602.0,2,3598.0,3563.0,0.0,0.0,0.0,0.0,6
2023-05-09 21:09:11,lu2312,lu2312,3598.0,0.0,0.0,0.0,1,3523.0,3602.0,2,3598.0,3563.0,0.0,0.0,0.0,0.0,6
2023-05-09 21:09:12,lu2312,lu2312,3598.0,0.0,0.0,0.0,1,3524.0,3602.0,2,3598.0,3563.0,0.0,0.0,0.0,0.0,6
2023-05-09 21:09:12,lu2312,lu2312,3598.0,0.0,0.0,0.0,1,3524.0,3601.0,1,3598.0,3563.0,0.0,0.0,0.0,0.0,6
2023-05-09 21:09:13,lu2312,lu2312,3598.0,0.0,0.0,0.0,1,3524.0,3600.0,1,3598.0,3563.0,0.0,0.0,0.0,0.0,6
2023-05-09 21:09:14,lu2312,lu2312,3598.0,0.0,0.0,0.0,1,3520.0,3600.0,1,3598.0,3563.0,0.0,0.0,0.0,0.0,6
2023-05-09 21:09:15,lu2312,lu2312,3598.0,0.0,0.0,0.0,1,3521.0,3600.0,1,3598.0,3563.0,0.0,0.0,0.0,0.0,6
2023-05-09 21:09:17,lu2312,lu2312,3598.0,0.0,0.0,0.0,1,3520.0,3600.0,1,3598.0,3563.0,0.0,0.0,0.0,0.0,6
2023-05-09 21:09:18,lu2312,lu2312,3598.0,0.0,0.0,0.0,1,3522.0,3600.0,1,3598.0,3563.0,0.0,0.0,0.0,0.0,6
2023-05-09 21:09:20,lu2312,lu2312,3598.0,0.0,0.0,0.0,1,3520.0,3600.0,1,3598.0,3563.0,0.0,0.0,0.0,0.0,6
2023-05-09 21:09:21,lu2312,lu2312,3598.0,0.0,0.0,0.0,1,3521.0,3600.0,1,3598.0,3563.0,0.0,0.0,0.0,0.0,6
2023-05-09 21:09:23,lu2312,lu2312,3598.0,0.0,0.0,0.0,1,3520.0,3600.0,1,3598.0,3563.0,0.0,0.0,0.0,0.0,6
2023-05-09 21:09:24,lu2312,lu2312,3598.0,0.0,0.0,0.0,1,3521.0,3600.0,1,3598.0,3563.0,0.0,0.0,0.0,0.0,6
2023-05-09 21:09:26,lu2312,lu2312,3598.0,0.0,0.0,0.0,1,3520.0,3600.0,1,3598.0,3563.0,0.0,0.0,0.0,0.0,6
2023-05-09 21:09:27,lu2312,lu2312,3598.0,0.0,0.0,0.0,1,3521.0,3600.0,1,3598.0,3563.0,0.0,0.0,0.0,0.0,6
2023-05-09 21:09:29,lu2312,lu2312,3598.0,0.0,0.0,0.0,1,3520.0,3600.0,1,3598.0,3563.0,0.0,0.0,0.0,0.0,6
2023-05-09 21:09:30,lu2312,lu2312,3598.0,0.0,0.0,0.0,1,3521.0,3600.0,1,3598.0,3563.0,0.0,0.0,0.0,0.0,6
2023-05-09 21:09:32,lu2312,lu2312,3598.0,0.0,0.0,0.0,1,3520.0,3600.0,1,3598.0,3563.0,0.0,0.0,0.0,0.0,6
2023-05-09 21:09:33,lu2312,lu2312,3598.0,0.0,0.0,0.0,1,3521.0,3600.0,1,3598.0,3563.0,0.0,0.0,0.0,0.0,6
2023-05-09 21:09:35,lu2312,lu2312,3598.0,0.0,0.0,0.0,1,3520.0,3600.0,1,3598.0,3563.0,0.0,0.0,0.0,0.0,6
2023-05-09 21:09:36,lu2312,lu2312,3598.0,0.0,0.0,0.0,1,3521.0,3600.0,1,3598.0,3563.0,0.0,0.0,0.0,0.0,6
2023-05-09 21:09:38,lu2312,lu2312,3598.0,0.0,0.0,0.0,1,3520.0,3600.0,1,3598.0,3563.0,0.0,0.0,0.0,0.0,6
2023-05-09 21:09:39,lu2312,lu2312,3598.0,0.0,0.0,0.0,1,3521.0,3600.0,1,3598.0,3563.0,0.0,0.0,0.0,0.0,6
2023-05-09 21:09:42,lu2312,lu2312,3598.0,0.0,0.0,0.0,1,3520.0,3600.0,1,3598.0,3563.0,0.0,0.0,0.0,0.0,6
2023-05-09 21:09:42,lu2312,lu2312,3598.0,0.0,0.0,0.0,1,3522.0,3600.0,1,3598.0,3563.0,0.0,0.0,0.0,0.0,6
2023-05-09 21:09:43,lu2312,lu2312,3598.0,0.0,0.0,0.0,2,3522.0,3600.0,1,3598.0,3563.0,0.0,0.0,0.0,0.0,6
2023-05-09 21:09:45,lu2312,lu2312,3598.0,0.0,0.0,0.0,1,3522.0,3600.0,1,3598.0,3563.0,0.0,0.0,0.0,0.0,6
2023-05-09 21:09:45,lu2312,lu2312,3598.0,0.0,0.0,0.0,1,3523.0,3600.0,1,3598.0,3563.0,0.0,0.0,0.0,0.0,6
2023-05-09 21:09:48,lu2312,lu2312,3598.0,0.0,0.0,0.0,1,3522.0,3600.0,1,3598.0,3563.0,0.0,0.0,0.0,0.0,6
2023-05-09 21:09:48,lu2312,lu2312,3598.0,0.0,0.0,0.0,1,3523.0,3600.0,1,3598.0,3563.0,0.0,0.0,0.0,0.0,6
2023-05-09 21:09:51,lu2312,lu2312,3598.0,0.0,0.0,0.0,1,3522.0,3600.0,1,3598.0,3563.0,0.0,0.0,0.0,0.0,6
2023-05-09 21:09:51,lu2312,lu2312,3598.0,0.0,0.0,0.0,1,3523.0,3600.0,1,3598.0,3563.0,0.0,0.0,0.0,0.0,6
2023-05-09 21:09:53,lu2312,lu2312,3598.0,0.0,0.0,0.0,1,3523.0,3600.0,1,3598.0,3563.0,0.0,0.0,0.0,0.0,6
2023-05-09 21:09:54,lu2312,lu2312,3598.0,0.0,0.0,0.0,1,3522.0,3600.0,1,3598.0,3563.0,0.0,0.0,0.0,0.0,6
2023-05-09 21:09:54,lu2312,lu2312,3598.0,0.0,0.0,0.0,1,3523.0,3600.0,1,3598.0,3563.0,0.0,0.0,0.0,0.0,6
2023-05-09 21:09:57,lu2312,lu2312,3598.0,0.0,0.0,0.0,1,3522.0,3599.0,1,3598.0,3563.0,0.0,0.0,0.0,0.0,6
2023-05-09 21:09:57,lu2312,lu2312,3598.0,0.0,0.0,0.0,1,3524.0,3598.0,1,3598.0,3563.0,0.0,0.0,0.0,0.0,6
2023-05-09 21:09:58,lu2312,lu2312,3598.0,0.0,0.0,0.0,1,3524.0,3598.0,1,3598.0,3563.0,0.0,0.0,0.0,0.0,6
2023-05-09 21:10:00,lu2312,lu2312,3598.0,0.0,0.0,0.0,1,3520.0,3598.0,1,3598.0,3563.0,0.0,0.0,0.0,0.0,6
2023-05-09 21:10:00,lu2312,lu2312,3598.0,0.0,0.0,0.0,1,3521.0,3598.0,1,3598.0,3563.0,0.0,0.0,0.0,0.0,6
2023-05-09 21:10:03,lu2312,lu2312,3598.0,0.0,0.0,0.0,2,3520.0,3598.0,1,3598.0,3563.0,0.0,0.0,0.0,0.0,6
2023-05-09 21:10:03,lu2312,lu2312,3598.0,0.0,0.0,0.0,1,3522.0,3598.0,1,3598.0,3563.0,0.0,0.0,0.0,0.0,6
2023-05-09 21:10:06,lu2312,lu2312,3598.0,0.0,0.0,0.0,2,3520.0,3598.0,1,3598.0,3563.0,0.0,0.0,0.0,0.0,6
2023-05-09 21:10:06,lu2312,lu2312,3598.0,0.0,0.0,0.0,1,3521.0,3598.0,1,3598.0,3563.0,0.0,0.0,0.0,0.0,6
2023-05-09 21:10:09,lu2312,lu2312,3598.0,0.0,0.0,0.0,2,3520.0,3598.0,1,3598.0,3563.0,0.0,0.0,0.0,0.0,6
2023-05-09 21:10:09,lu2312,lu2312,3598.0,0.0,0.0,0.0,1,3521.0,3598.0,1,3598.0,3563.0,0.0,0.0,0.0,0.0,6
2023-05-09 21:10:12,lu2312,lu2312,3598.0,0.0,0.0,0.0,2,3520.0,3598.0,1,3598.0,3563.0,0.0,0.0,0.0,0.0,6
2023-05-09 21:10:12,lu2312,lu2312,3598.0,0.0,0.0,0.0,1,3521.0,3598.0,1,3598.0,3563.0,0.0,0.0,0.0,0.0,6
2023-05-09 21:10:13,lu2312,lu2312,3598.0,0.0,0.0,0.0,1,3521.0,3598.0,1,3598.0,3563.0,0.0,0.0,0.0,0.0,6
2023-05-09 21:10:15,lu2312,lu2312,3598.0,0.0,0.0,0.0,1,3520.0,3598.0,1,3598.0,3563.0,0.0,0.0,0.0,0.0,6
2023-05-09 21:10:15,lu2312,lu2312,3598.0,0.0,0.0,0.0,1,3522.0,3598.0,1,3598.0,3563.0,0.0,0.0,0.0,0.0,6
2023-05-09 21:10:18,lu2312,lu2312,3598.0,0.0,0.0,0.0,1,3520.0,3598.0,1,3598.0,3563.0,0.0,0.0,0.0,0.0,6
2023-05-09 21:10:18,lu2312,lu2312,3598.0,0.0,0.0,0.0,1,3521.0,3598.0,1,3598.0,3563.0,0.0,0.0,0.0,0.0,6
2023-05-09 21:10:21,lu2312,lu2312,3598.0,0.0,0.0,0.0,1,3520.0,3598.0,1,3598.0,3563.0,0.0,0.0,0.0,0.0,6
2023-05-09 21:10:21,lu2312,lu2312,3598.0,0.0,0.0,0.0,1,3522.0,3598.0,1,3598.0,3563.0,0.0,0.0,0.0,0.0,6
2023-05-09 21:10:22,lu2312,lu2312,3598.0,0.0,0.0,0.0,2,3522.0,3598.0,1,3598.0,3563.0,0.0,0.0,0.0,0.0,6
2023-05-09 21:10:24,lu2312,lu2312,3598.0,0.0,0.0,0.0,1,3522.0,3598.0,1,3598.0,3563.0,0.0,0.0,0.0,0.0,6
2023-05-09 21:10:24,lu2312,lu2312,3598.0,0.0,0.0,0.0,1,3523.0,3598.0,1,3598.0,3563.0,0.0,0.0,0.0,0.0,6
2023-05-09 21:10:27,lu2312,lu2312,3598.0,0.0,0.0,0.0,1,3522.0,3598.0,1,3598.0,3563.0,0.0,0.0,0.0,0.0,6
2023-05-09 21:10:27,lu2312,lu2312,3598.0,0.0,0.0,0.0,1,3524.0,3598.0,1,3598.0,3563.0,0.0,0.0,0.0,0.0,6
2023-05-09 21:10:30,lu2312,lu2312,3598.0,0.0,0.0,0.0,1,3522.0,3598.0,1,3598.0,3563.0,0.0,0.0,0.0,0.0,6
2023-05-09 21:10:30,lu2312,lu2312,3598.0,0.0,0.0,0.0,1,3523.0,3598.0,1,3598.0,3563.0,0.0,0.0,0.0,0.0,6
2023-05-09 21:10:31,lu2312,lu2312,3598.0,0.0,0.0,0.0,1,3523.0,3598.0,1,3598.0,3563.0,0.0,0.0,0.0,0.0,6
2023-05-09 21:10:33,lu2312,lu2312,3598.0,0.0,0.0,0.0,1,3520.0,3598.0,1,3598.0,3563.0,0.0,0.0,0.0,0.0,6
2023-05-09 21:10:33,lu2312,lu2312,3598.0,0.0,0.0,0.0,1,3521.0,3598.0,1,3598.0,3563.0,0.0,0.0,0.0,0.0,6
2023-05-09 21:10:36,lu2312,lu2312,3598.0,0.0,0.0,0.0,2,3520.0,3598.0,1,3598.0,3563.0,0.0,0.0,0.0,0.0,6
2023-05-09 21:10:36,lu2312,lu2312,3598.0,0.0,0.0,0.0,1,3521.0,3598.0,1,3598.0,3563.0,0.0,0.0,0.0,0.0,6
2023-05-09 21:10:37,lu2312,lu2312,3598.0,0.0,0.0,0.0,1,3521.0,3598.0,1,3598.0,3563.0,0.0,0.0,0.0,0.0,6
2023-05-09 21:10:39,lu2312,lu2312,3598.0,0.0,0.0,0.0,2,3520.0,3598.0,1,3598.0,3563.0,0.0,0.0,0.0,0.0,6
2023-05-09 21:10:40,lu2312,lu2312,3598.0,0.0,0.0,0.0,1,3521.0,3597.0,1,3598.0,3563.0,0.0,0.0,0.0,0.0,6
2023-05-09 21:10:40,lu2312,lu2312,3598.0,0.0,0.0,0.0,1,3521.0,3596.0,1,3598.0,3563.0,0.0,0.0,0.0,0.0,6
2023-05-09 21:10:42,lu2312,lu2312,3598.0,0.0,0.0,0.0,1,3520.0,3596.0,1,3598.0,3563.0,0.0,0.0,0.0,0.0,6
2023-05-09 21:10:43,lu2312,lu2312,3598.0,0.0,0.0,0.0,1,3521.0,3596.0,1,3598.0,3563.0,0.0,0.0,0.0,0.0,6
2023-05-09 21:10:45,lu2312,lu2312,3598.0,0.0,0.0,0.0,1,3520.0,3596.0,1,3598.0,3563.0,0.0,0.0,0.0,0.0,6
2023-05-09 21:10:45,lu2312,lu2312,3598.0,0.0,0.0,0.0,1,3521.0,3596.0,1,3598.0,3563.0,0.0,0.0,0.0,0.0,6
2023-05-09 21:10:48,lu2312,lu2312,3598.0,0.0,0.0,0.0,1,3520.0,3596.0,1,3598.0,3563.0,0.0,0.0,0.0,0.0,6
2023-05-09 21:10:48,lu2312,lu2312,3598.0,0.0,0.0,0.0,1,3521.0,3596.0,1,3598.0,3563.0,0.0,0.0,0.0,0.0,6
2023-05-09 21:10:51,lu2312,lu2312,3598.0,0.0,0.0,0.0,1,3520.0,3596.0,1,3598.0,3563.0,0.0,0.0,0.0,0.0,6
2023-05-09 21:10:52,lu2312,lu2312,3598.0,0.0,0.0,0.0,1,3521.0,3596.0,1,3598.0,3563.0,0.0,0.0,0.0,0.0,6
2023-05-09 21:10:54,lu2312,lu2312,3598.0,0.0,0.0,0.0,1,3520.0,3596.0,1,3598.0,3563.0,0.0,0.0,0.0,0.0,6
2023-05-09 21:10:55,lu2312,lu2312,3598.0,0.0,0.0,0.0,1,3522.0,3596.0,1,3598.0,3563.0,0.0,0.0,0.0,0.0,6
2023-05-09 21:10:57,lu2312,lu2312,3598.0,0.0,0.0,0.0,1,3520.0,3596.0,1,3598.0,3563.0,0.0,0.0,0.0,0.0,6
2023-05-09 21:10:58,lu2312,lu2312,3598.0,0.0,0.0,0.0,1,3521.0,3596.0,1,3598.0,3563.0,0.0,0.0,0.0,0.0,6
2023-05-09 21:11:00,lu2312,lu2312,3598.0,0.0,0.0,0.0,1,3520.0,3596.0,1,3598.0,3563.0,0.0,0.0,0.0,0.0,6
2023-05-09 21:11:01,lu2312,lu2312,3598.0,0.0,0.0,0.0,1,3521.0,3596.0,1,3598.0,3563.0,0.0,0.0,0.0,0.0,6
2023-05-09 21:11:03,lu2312,lu2312,3598.0,0.0,0.0,0.0,1,3520.0,3596.0,1,3598.0,3563.0,0.0,0.0,0.0,0.0,6
2023-05-09 21:11:04,lu2312,lu2312,3598.0,0.0,0.0,0.0,1,3522.0,3596.0,1,3598.0,3563.0,0.0,0.0,0.0,0.0,6
2023-05-09 21:11:06,lu2312,lu2312,3598.0,0.0,0.0,0.0,1,3520.0,3596.0,1,3598.0,3563.0,0.0,0.0,0.0,0.0,6
2023-05-09 21:11:07,lu2312,lu2312,3598.0,0.0,0.0,0.0,1,3521.0,3596.0,1,3598.0,3563.0,0.0,0.0,0.0,0.0,6
2023-05-09 21:11:10,lu2312,lu2312,3598.0,0.0,0.0,0.0,1,3520.0,3596.0,1,3598.0,3563.0,0.0,0.0,0.0,0.0,6
2023-05-09 21:11:11,lu2312,lu2312,3598.0,0.0,0.0,0.0,1,3522.0,3596.0,1,3598.0,3563.0,0.0,0.0,0.0,0.0,6
2023-05-09 21:11:12,lu2312,lu2312,3598.0,0.0,0.0,0.0,1,3522.0,3596.0,1,3598.0,3563.0,0.0,0.0,0.0,0.0,6
2023-05-09 21:11:13,lu2312,lu2312,3598.0,0.0,0.0,0.0,1,3520.0,3596.0,1,3598.0,3563.0,0.0,0.0,0.0,0.0,6
2023-05-09 21:11:14,lu2312,lu2312,3598.0,0.0,0.0,0.0,1,3521.0,3596.0,1,3598.0,3563.0,0.0,0.0,0.0,0.0,6
2023-05-09 21:11:15,lu2312,lu2312,3598.0,0.0,0.0,0.0,2,3521.0,3596.0,1,3598.0,3563.0,0.0,0.0,0.0,0.0,6
2023-05-09 21:11:16,lu2312,lu2312,3598.0,0.0,0.0,0.0,1,3521.0,3596.0,1,3598.0,3563.0,0.0,0.0,0.0,0.0,6
2023-05-09 21:11:17,lu2312,lu2312,3598.0,0.0,0.0,0.0,1,3522.0,3596.0,1,3598.0,3563.0,0.0,0.0,0.0,0.0,6
2023-05-09 21:11:20,lu2312,lu2312,3598.0,0.0,0.0,0.0,1,3521.0,3596.0,1,3598.0,3563.0,0.0,0.0,0.0,0.0,6
2023-05-09 21:11:20,lu2312,lu2312,3598.0,0.0,0.0,0.0,1,3522.0,3596.0,1,3598.0,3563.0,0.0,0.0,0.0,0.0,6
2023-05-09 21:11:21,lu2312,lu2312,3598.0,0.0,0.0,0.0,1,3522.0,3596.0,1,3598.0,3563.0,0.0,0.0,0.0,0.0,6
2023-05-09 21:11:23,lu2312,lu2312,3598.0,0.0,0.0,0.0,1,3521.0,3596.0,1,3598.0,3563.0,0.0,0.0,0.0,0.0,6
2023-05-09 21:11:23,lu2312,lu2312,3598.0,0.0,0.0,0.0,1,3522.0,3595.0,1,3598.0,3563.0,0.0,0.0,0.0,0.0,6
2023-05-09 21:11:24,lu2312,lu2312,3598.0,0.0,0.0,0.0,1,3522.0,3594.0,1,3598.0,3563.0,0.0,0.0,0.0,0.0,6
2023-05-09 21:11:26,lu2312,lu2312,3598.0,0.0,0.0,0.0,2,3521.0,3594.0,1,3598.0,3563.0,0.0,0.0,0.0,0.0,6
2023-05-09 21:11:26,lu2312,lu2312,3598.0,0.0,0.0,0.0,1,3523.0,3594.0,1,3598.0,3563.0,0.0,0.0,0.0,0.0,6
2023-05-09 21:11:29,lu2312,lu2312,3598.0,0.0,0.0,0.0,2,3521.0,3594.0,1,3598.0,3563.0,0.0,0.0,0.0,0.0,6
2023-05-09 21:11:30,lu2312,lu2312,3598.0,0.0,0.0,0.0,1,3522.0,3594.0,1,3598.0,3563.0,0.0,0.0,0.0,0.0,6
2023-05-09 21:11:30,lu2312,lu2312,3598.0,0.0,0.0,0.0,1,3522.0,3594.0,1,3598.0,3563.0,0.0,0.0,0.0,0.0,6
2023-05-09 21:11:32,lu2312,lu2312,3598.0,0.0,0.0,0.0,1,3521.0,3594.0,1,3598.0,3563.0,0.0,0.0,0.0,0.0,6
2023-05-09 21:11:33,lu2312,lu2312,3598.0,0.0,0.0,0.0,1,3522.0,3594.0,1,3598.0,3563.0,0.0,0.0,0.0,0.0,6
2023-05-09 21:11:40,lu2312,lu2312,3598.0,0.0,0.0,0.0,1,3521.0,3594.0,1,3598.0,3563.0,0.0,0.0,0.0,0.0,6
2023-05-09 21:11:40,lu2312,lu2312,3598.0,0.0,0.0,0.0,1,3522.0,3594.0,1,3598.0,3563.0,0.0,0.0,0.0,0.0,6
2023-05-09 21:11:43,lu2312,lu2312,3598.0,0.0,0.0,0.0,1,3521.0,3594.0,1,3598.0,3563.0,0.0,0.0,0.0,0.0,6
2023-05-09 21:11:43,lu2312,lu2312,3598.0,0.0,0.0,0.0,1,3522.0,3594.0,1,3598.0,3563.0,0.0,0.0,0.0,0.0,6
2023-05-09 21:11:46,lu2312,lu2312,3598.0,0.0,0.0,0.0,1,3521.0,3594.0,1,3598.0,3563.0,0.0,0.0,0.0,0.0,6
2023-05-09 21:11:46,lu2312,lu2312,3598.0,0.0,0.0,0.0,1,3522.0,3594.0,1,3598.0,3563.0,0.0,0.0,0.0,0.0,6
2023-05-09 21:11:50,lu2312,lu2312,3598.0,0.0,0.0,0.0,1,3521.0,3594.0,1,3598.0,3563.0,0.0,0.0,0.0,0.0,6
2023-05-09 21:11:50,lu2312,lu2312,3598.0,0.0,0.0,0.0,1,3522.0,3594.0,1,3598.0,3563.0,0.0,0.0,0.0,0.0,6
2023-05-09 21:11:53,lu2312,lu2312,3598.0,0.0,0.0,0.0,1,3521.0,3594.0,1,3598.0,3563.0,0.0,0.0,0.0,0.0,6
2023-05-09 21:11:53,lu2312,lu2312,3598.0,0.0,0.0,0.0,1,3523.0,3594.0,1,3598.0,3563.0,0.0,0.0,0.0,0.0,6
2023-05-09 21:11:56,lu2312,lu2312,3598.0,0.0,0.0,0.0,1,3521.0,3594.0,1,3598.0,3563.0,0.0,0.0,0.0,0.0,6
2023-05-09 21:11:56,lu2312,lu2312,3598.0,0.0,0.0,0.0,1,3524.0,3594.0,1,3598.0,3563.0,0.0,0.0,0.0,0.0,6
2023-05-09 21:12:00,lu2312,lu2312,3598.0,0.0,0.0,0.0,1,3521.0,3594.0,1,3598.0,3563.0,0.0,0.0,0.0,0.0,6
2023-05-09 21:12:00,lu2312,lu2312,3598.0,0.0,0.0,0.0,1,3522.0,3594.0,1,3598.0,3563.0,0.0,0.0,0.0,0.0,6
2023-05-09 21:12:04,lu2312,lu2312,3598.0,0.0,0.0,0.0,1,3522.0,3594.0,1,3598.0,3563.0,0.0,0.0,0.0,0.0,6
2023-05-09 21:12:05,lu2312,lu2312,3598.0,0.0,0.0,0.0,1,3523.0,3594.0,1,3598.0,3563.0,0.0,0.0,0.0,0.0,6
2023-05-09 21:12:07,lu2312,lu2312,3598.0,0.0,0.0,0.0,1,3523.0,3593.0,1,3598.0,3563.0,0.0,0.0,0.0,0.0,6
2023-05-09 21:12:07,lu2312,lu2312,3598.0,0.0,0.0,0.0,1,3522.0,3592.0,1,3598.0,3563.0,0.0,0.0,0.0,0.0,6
2023-05-09 21:12:08,lu2312,lu2312,3598.0,0.0,0.0,0.0,1,3524.0,3592.0,1,3598.0,3563.0,0.0,0.0,0.0,0.0,6
2023-05-09 21:12:10,lu2312,lu2312,3598.0,0.0,0.0,0.0,1,3522.0,3592.0,1,3598.0,3563.0,0.0,0.0,0.0,0.0,6
2023-05-09 21:12:11,lu2312,lu2312,3598.0,0.0,0.0,0.0,1,3523.0,3592.0,1,3598.0,3563.0,0.0,0.0,0.0,0.0,6
2023-05-09 21:12:16,lu2312,lu2312,3598.0,0.0,0.0,0.0,1,3522.0,3592.0,1,3598.0,3563.0,0.0,0.0,0.0,0.0,6
2023-05-09 21:12:16,lu2312,lu2312,3598.0,0.0,0.0,0.0,1,3523.0,3592.0,1,3598.0,3563.0,0.0,0.0,0.0,0.0,6
2023-05-09 21:12:19,lu2312,lu2312,3598.0,0.0,0.0,0.0,1,3522.0,3592.0,1,3598.0,3563.0,0.0,0.0,0.0,0.0,6
2023-05-09 21:12:19,lu2312,lu2312,3598.0,0.0,0.0,0.0,1,3523.0,3592.0,1,3598.0,3563.0,0.0,0.0,0.0,0.0,6
2023-05-09 21:12:22,lu2312,lu2312,3598.0,0.0,0.0,0.0,1,3522.0,3592.0,1,3598.0,3563.0,0.0,0.0,0.0,0.0,6
2023-05-09 21:12:22,lu2312,lu2312,3598.0,0.0,0.0,0.0,1,3523.0,3592.0,1,3598.0,3563.0,0.0,0.0,0.0,0.0,6
2023-05-09 21:12:25,lu2312,lu2312,3598.0,0.0,0.0,0.0,1,3522.0,3592.0,1,3598.0,3563.0,0.0,0.0,0.0,0.0,6
2023-05-09 21:12:25,lu2312,lu2312,3598.0,0.0,0.0,0.0,1,3523.0,3592.0,1,3598.0,3563.0,0.0,0.0,0.0,0.0,6
2023-05-09 21:12:28,lu2312,lu2312,3598.0,0.0,0.0,0.0,1,3522.0,3592.0,1,3598.0,3563.0,0.0,0.0,0.0,0.0,6
2023-05-09 21:12:28,lu2312,lu2312,3598.0,0.0,0.0,0.0,1,3523.0,3592.0,1,3598.0,3563.0,0.0,0.0,0.0,0.0,6
2023-05-09 21:12:32,lu2312,lu2312,3598.0,0.0,0.0,0.0,1,3522.0,3592.0,1,3598.0,3563.0,0.0,0.0,0.0,0.0,6
2023-05-09 21:12:33,lu2312,lu2312,3598.0,0.0,0.0,0.0,1,3523.0,3592.0,1,3598.0,3563.0,0.0,0.0,0.0,0.0,6
2023-05-09 21:12:33,lu2312,lu2312,3598.0,0.0,0.0,0.0,1,3523.0,3592.0,1,3598.0,3563.0,0.0,0.0,0.0,0.0,6
2023-05-09 21:12:34,lu2312,lu2312,3598.0,0.0,0.0,0.0,1,3523.0,3592.0,1,3598.0,3563.0,0.0,0.0,0.0,0.0,6
2023-05-09 21:12:35,lu2312,lu2312,3598.0,0.0,0.0,0.0,1,3521.0,3592.0,1,3598.0,3563.0,0.0,0.0,0.0,0.0,6
2023-05-09 21:12:36,lu2312,lu2312,3598.0,0.0,0.0,0.0,1,3522.0,3592.0,1,3598.0,3563.0,0.0,0.0,0.0,0.0,6
2023-05-09 21:12:38,lu2312,lu2312,3598.0,0.0,0.0,0.0,2,3521.0,3592.0,1,3598.0,3563.0,0.0,0.0,0.0,0.0,6
2023-05-09 21:12:39,lu2312,lu2312,3598.0,0.0,0.0,0.0,1,3523.0,3592.0,1,3598.0,3563.0,0.0,0.0,0.0,0.0,6
2023-05-09 21:12:41,lu2312,lu2312,3598.0,0.0,0.0,0.0,2,3521.0,3592.0,1,3598.0,3563.0,0.0,0.0,0.0,0.0,6
2023-05-09 21:12:42,lu2312,lu2312,3598.0,0.0,0.0,0.0,1,3524.0,3592.0,1,3598.0,3563.0,0.0,0.0,0.0,0.0,6
2023-05-09 21:12:44,lu2312,lu2312,3598.0,0.0,0.0,0.0,2,3521.0,3592.0,1,3598.0,3563.0,0.0,0.0,0.0,0.0,6
2023-05-09 21:12:45,lu2312,lu2312,3598.0,0.0,0.0,0.0,1,3525.0,3592.0,1,3598.0,3563.0,0.0,0.0,0.0,0.0,6
2023-05-09 21:12:47,lu2312,lu2312,3598.0,0.0,0.0,0.0,2,3521.0,3592.0,1,3598.0,3563.0,0.0,0.0,0.0,0.0,6
2023-05-09 21:12:48,lu2312,lu2312,3598.0,0.0,0.0,0.0,1,3522.0,3592.0,1,3598.0,3563.0,0.0,0.0,0.0,0.0,6
2023-05-09 21:12:50,lu2312,lu2312,3598.0,0.0,0.0,0.0,2,3521.0,3592.0,1,3598.0,3563.0,0.0,0.0,0.0,0.0,6
2023-05-09 21:12:51,lu2312,lu2312,3598.0,0.0,0.0,0.0,1,3522.0,3592.0,1,3598.0,3563.0,0.0,0.0,0.0,0.0,6
2023-05-09 21:12:51,lu2312,lu2312,3598.0,0.0,0.0,0.0,1,3522.0,3591.0,1,3598.0,3563.0,0.0,0.0,0.0,0.0,6
2023-05-09 21:12:52,lu2312,lu2312,3598.0,0.0,0.0,0.0,1,3522.0,3590.0,1,3598.0,3563.0,0.0,0.0,0.0,0.0,6
2023-05-09 21:12:53,lu2312,lu2312,3598.0,0.0,0.0,0.0,1,3521.0,3590.0,1,3598.0,3563.0,0.0,0.0,0.0,0.0,6
2023-05-09 21:12:54,lu2312,lu2312,3598.0,0.0,0.0,0.0,1,3522.0,3590.0,1,3598.0,3563.0,0.0,0.0,0.0,0.0,6
2023-05-09 21:12:58,lu2312,lu2312,3598.0,0.0,0.0,0.0,2,3521.0,3590.0,1,3598.0,3563.0,0.0,0.0,0.0,0.0,6
2023-05-09 21:12:58,lu2312,lu2312,3598.0,0.0,0.0,0.0,1,3523.0,3590.0,1,3598.0,3563.0,0.0,0.0,0.0,0.0,6
2023-05-09 21:13:01,lu2312,lu2312,3598.0,0.0,0.0,0.0,2,3521.0,3590.0,1,3598.0,3563.0,0.0,0.0,0.0,0.0,6
2023-05-09 21:13:01,lu2312,lu2312,3598.0,0.0,0.0,0.0,1,3522.0,3590.0,1,3598.0,3563.0,0.0,0.0,0.0,0.0,6
2023-05-09 21:13:04,lu2312,lu2312,3598.0,0.0,0.0,0.0,2,3521.0,3590.0,1,3598.0,3563.0,0.0,0.0,0.0,0.0,6
2023-05-09 21:13:04,lu2312,lu2312,3598.0,0.0,0.0,0.0,1,3523.0,3590.0,1,3598.0,3563.0,0.0,0.0,0.0,0.0,6
2023-05-09 21:13:05,lu2312,lu2312,3598.0,0.0,0.0,0.0,1,3523.0,3590.0,1,3598.0,3563.0,0.0,0.0,0.0,0.0,6
2023-05-09 21:13:07,lu2312,lu2312,3598.0,0.0,0.0,0.0,1,3521.0,3590.0,1,3598.0,3563.0,0.0,0.0,0.0,0.0,6
2023-05-09 21:13:07,lu2312,lu2312,3598.0,0.0,0.0,0.0,1,3524.0,3590.0,1,3598.0,3563.0,0.0,0.0,0.0,0.0,6
2023-05-09 21:13:08,lu2312,lu2312,3598.0,0.0,0.0,0.0,2,3524.0,3590.0,1,3598.0,3563.0,0.0,0.0,0.0,0.0,6
2023-05-09 21:13:10,lu2312,lu2312,3598.0,0.0,0.0,0.0,1,3524.0,3590.0,1,3598.0,3563.0,0.0,0.0,0.0,0.0,6
2023-05-09 21:13:10,lu2312,lu2312,3598.0,0.0,0.0,0.0,1,3525.0,3590.0,1,3598.0,3563.0,0.0,0.0,0.0,0.0,6
2023-05-09 21:13:13,lu2312,lu2312,3598.0,0.0,0.0,0.0,1,3524.0,3590.0,1,3598.0,3563.0,0.0,0.0,0.0,0.0,6
2023-05-09 21:13:14,lu2312,lu2312,3598.0,0.0,0.0,0.0,1,3526.0,3590.0,1,3598.0,3563.0,0.0,0.0,0.0,0.0,6
2023-05-09 21:13:14,lu2312,lu2312,3598.0,0.0,0.0,0.0,1,3526.0,3590.0,1,3598.0,3563.0,0.0,0.0,0.0,0.0,6
2023-05-09 21:13:17,lu2312,lu2312,3598.0,0.0,0.0,0.0,1,3521.0,3590.0,1,3598.0,3563.0,0.0,0.0,0.0,0.0,6
2023-05-09 21:13:17,lu2312,lu2312,3598.0,0.0,0.0,0.0,1,3522.0,3591.0,1,3598.0,3563.0,0.0,0.0,0.0,0.0,6
2023-05-09 21:13:18,lu2312,lu2312,3598.0,0.0,0.0,0.0,1,3522.0,3591.0,2,3598.0,3563.0,0.0,0.0,0.0,0.0,6
2023-05-09 21:13:19,lu2312,lu2312,3598.0,0.0,0.0,0.0,1,3522.0,3590.0,1,3598.0,3563.0,0.0,0.0,0.0,0.0,6
2023-05-09 21:13:20,lu2312,lu2312,3598.0,0.0,0.0,0.0,1,3521.0,3590.0,1,3598.0,3563.0,0.0,0.0,0.0,0.0,6
2023-05-09 21:13:20,lu2312,lu2312,3598.0,0.0,0.0,0.0,1,3522.0,3590.0,1,3598.0,3563.0,0.0,0.0,0.0,0.0,6
2023-05-09 21:13:22,lu2312,lu2312,3598.0,0.0,0.0,0.0,1,3522.0,3591.0,1,3598.0,3563.0,0.0,0.0,0.0,0.0,6
2023-05-09 21:13:23,lu2312,lu2312,3598.0,0.0,0.0,0.0,1,3521.0,3591.0,2,3598.0,3563.0,0.0,0.0,0.0,0.0,6
2023-05-09 21:13:23,lu2312,lu2312,3598.0,0.0,0.0,0.0,1,3523.0,3591.0,2,3598.0,3563.0,0.0,0.0,0.0,0.0,6
2023-05-09 21:13:24,lu2312,lu2312,3598.0,0.0,0.0,0.0,1,3523.0,3591.0,1,3598.0,3563.0,0.0,0.0,0.0,0.0,6
2023-05-09 21:13:26,lu2312,lu2312,3598.0,0.0,0.0,0.0,2,3521.0,3591.0,1,3598.0,3563.0,0.0,0.0,0.0,0.0,6
2023-05-09 21:13:26,lu2312,lu2312,3598.0,0.0,0.0,0.0,3,3522.0,3591.0,1,3598.0,3563.0,0.0,0.0,0.0,0.0,6
2023-05-09 21:13:28,lu2312,lu2312,3598.0,0.0,0.0,0.0,2,3522.0,3591.0,1,3598.0,3563.0,0.0,0.0,0.0,0.0,6
2023-05-09 21:13:29,lu2312,lu2312,3598.0,0.0,0.0,0.0,1,3523.0,3591.0,1,3598.0,3563.0,0.0,0.0,0.0,0.0,6
2023-05-09 21:13:29,lu2312,lu2312,3598.0,0.0,0.0,0.0,2,3523.0,3591.0,1,3598.0,3563.0,0.0,0.0,0.0,0.0,6
2023-05-09 21:13:31,lu2312,lu2312,3598.0,0.0,0.0,0.0,1,3523.0,3591.0,1,3598.0,3563.0,0.0,0.0,0.0,0.0,6
2023-05-09 21:13:32,lu2312,lu2312,3598.0,0.0,0.0,0.0,1,3521.0,3591.0,1,3598.0,3563.0,0.0,0.0,0.0,0.0,6
2023-05-09 21:13:32,lu2312,lu2312,3598.0,0.0,0.0,0.0,2,3522.0,3591.0,1,3598.0,3563.0,0.0,0.0,0.0,0.0,6
2023-05-09 21:13:33,lu2312,lu2312,3598.0,0.0,0.0,0.0,1,3523.0,3591.0,1,3598.0,3563.0,0.0,0.0,0.0,0.0,6
2023-05-09 21:13:35,lu2312,lu2312,3598.0,0.0,0.0,0.0,1,3523.0,3591.0,1,3598.0,3563.0,0.0,0.0,0.0,0.0,6
2023-05-09 21:13:35,lu2312,lu2312,3598.0,0.0,0.0,0.0,1,3524.0,3591.0,1,3598.0,3563.0,0.0,0.0,0.0,0.0,6
2023-05-09 21:13:38,lu2312,lu2312,3598.0,0.0,0.0,0.0,1,3522.0,3591.0,1,3598.0,3563.0,0.0,0.0,0.0,0.0,6
2023-05-09 21:13:38,lu2312,lu2312,3598.0,0.0,0.0,0.0,3,3523.0,3591.0,1,3598.0,3563.0,0.0,0.0,0.0,0.0,6
2023-05-09 21:13:41,lu2312,lu2312,3598.0,0.0,0.0,0.0,1,3522.0,3591.0,1,3598.0,3563.0,0.0,0.0,0.0,0.0,6
2023-05-09 21:13:41,lu2312,lu2312,3598.0,0.0,0.0,0.0,3,3523.0,3591.0,1,3598.0,3563.0,0.0,0.0,0.0,0.0,6
2023-05-09 21:13:44,lu2312,lu2312,3598.0,0.0,0.0,0.0,1,3522.0,3591.0,1,3598.0,3563.0,0.0,0.0,0.0,0.0,6
2023-05-09 21:13:44,lu2312,lu2312,3598.0,0.0,0.0,0.0,3,3523.0,3591.0,1,3598.0,3563.0,0.0,0.0,0.0,0.0,6
2023-05-09 21:13:47,lu2312,lu2312,3598.0,0.0,0.0,0.0,3,3523.0,3591.0,1,3598.0,3563.0,0.0,0.0,0.0,0.0,6
2023-05-09 21:13:48,lu2312,lu2312,3598.0,0.0,0.0,0.0,1,3521.0,3591.0,1,3598.0,3563.0,0.0,0.0,0.0,0.0,6
2023-05-09 21:13:48,lu2312,lu2312,3598.0,0.0,0.0,0.0,1,3524.0,3591.0,1,3598.0,3563.0,0.0,0.0,0.0,0.0,6
2023-05-09 21:13:51,lu2312,lu2312,3598.0,0.0,0.0,0.0,1,3521.0,3591.0,1,3598.0,3563.0,0.0,0.0,0.0,0.0,6
2023-05-09 21:13:51,lu2312,lu2312,3598.0,0.0,0.0,0.0,3,3522.0,3591.0,1,3598.0,3563.0,0.0,0.0,0.0,0.0,6
2023-05-09 21:13:54,lu2312,lu2312,3598.0,0.0,0.0,0.0,2,3522.0,3591.0,1,3598.0,3563.0,0.0,0.0,0.0,0.0,6
2023-05-09 21:13:54,lu2312,lu2312,3598.0,0.0,0.0,0.0,1,3523.0,3591.0,1,3598.0,3563.0,0.0,0.0,0.0,0.0,6
2023-05-09 21:13:55,lu2312,lu2312,3598.0,0.0,0.0,0.0,2,3524.0,3591.0,1,3598.0,3563.0,0.0,0.0,0.0,0.0,6
2023-05-09 21:13:58,lu2312,lu2312,3598.0,0.0,0.0,0.0,1,3523.0,3591.0,1,3598.0,3563.0,0.0,0.0,0.0,0.0,6
2023-05-09 21:13:59,lu2312,lu2312,3598.0,0.0,0.0,0.0,1,3524.0,3591.0,1,3598.0,3563.0,0.0,0.0,0.0,0.0,6
2023-05-09 21:13:59,lu2312,lu2312,3598.0,0.0,0.0,0.0,2,3524.0,3591.0,1,3598.0,3563.0,0.0,0.0,0.0,0.0,6
2023-05-09 21:14:00,lu2312,lu2312,3598.0,0.0,0.0,0.0,2,3524.0,3591.0,1,3598.0,3563.0,0.0,0.0,0.0,0.0,6
2023-05-09 21:14:00,lu2312,lu2312,3598.0,0.0,0.0,0.0,1,3525.0,3591.0,1,3598.0,3563.0,0.0,0.0,0.0,0.0,6
2023-05-09 21:14:01,lu2312,lu2312,3598.0,0.0,0.0,0.0,1,3525.0,3591.0,1,3598.0,3563.0,0.0,0.0,0.0,0.0,6
2023-05-09 21:14:02,lu2312,lu2312,3598.0,0.0,0.0,0.0,1,3525.0,3591.0,1,3598.0,3563.0,0.0,0.0,0.0,0.0,6
2023-05-09 21:14:03,lu2312,lu2312,3598.0,0.0,0.0,0.0,1,3524.0,3591.0,1,3598.0,3563.0,0.0,0.0,0.0,0.0,6
2023-05-09 21:14:03,lu2312,lu2312,3598.0,0.0,0.0,0.0,1,3525.0,3591.0,1,3598.0,3563.0,0.0,0.0,0.0,0.0,6
2023-05-09 21:14:06,lu2312,lu2312,3598.0,0.0,0.0,0.0,1,3524.0,3591.0,1,3598.0,3563.0,0.0,0.0,0.0,0.0,6
2023-05-09 21:14:06,lu2312,lu2312,3598.0,0.0,0.0,0.0,1,3525.0,3591.0,1,3598.0,3563.0,0.0,0.0,0.0,0.0,6
2023-05-09 21:14:09,lu2312,lu2312,3598.0,0.0,0.0,0.0,1,3524.0,3591.0,1,3598.0,3563.0,0.0,0.0,0.0,0.0,6
2023-05-09 21:14:09,lu2312,lu2312,3598.0,0.0,0.0,0.0,1,3525.0,3591.0,1,3598.0,3563.0,0.0,0.0,0.0,0.0,6
2023-05-09 21:14:13,lu2312,lu2312,3598.0,0.0,0.0,0.0,1,3524.0,3591.0,1,3598.0,3563.0,0.0,0.0,0.0,0.0,6
2023-05-09 21:14:13,lu2312,lu2312,3598.0,0.0,0.0,0.0,1,3525.0,3591.0,1,3598.0,3563.0,0.0,0.0,0.0,0.0,6
2023-05-09 21:14:16,lu2312,lu2312,3598.0,0.0,0.0,0.0,1,3524.0,3591.0,1,3598.0,3563.0,0.0,0.0,0.0,0.0,6
2023-05-09 21:14:37,lu2312,lu2312,3598.0,0.0,0.0,0.0,1,3524.0,3591.0,2,3598.0,3563.0,0.0,0.0,0.0,0.0,6
2023-05-09 21:14:37,lu2312,lu2312,3598.0,0.0,0.0,0.0,1,3524.0,3591.0,1,3598.0,3563.0,0.0,0.0,0.0,0.0,6
2023-05-09 21:14:39,lu2312,lu2312,3598.0,0.0,0.0,0.0,1,3524.0,3591.0,2,3598.0,3563.0,0.0,0.0,0.0,0.0,6
2023-05-09 21:14:58,lu2312,lu2312,3598.0,0.0,0.0,0.0,1,3524.0,3591.0,1,3598.0,3563.0,0.0,0.0,0.0,0.0,6
2023-05-09 21:15:01,lu2312,lu2312,3598.0,0.0,0.0,0.0,1,3524.0,3591.0,2,3598.0,3563.0,0.0,0.0,0.0,0.0,6
2023-05-09 21:15:02,lu2312,lu2312,3598.0,0.0,0.0,0.0,1,3524.0,3591.0,1,3598.0,3563.0,0.0,0.0,0.0,0.0,6
2023-05-09 21:15:54,lu2312,lu2312,3598.0,0.0,0.0,0.0,2,3525.0,3591.0,1,3598.0,3563.0,0.0,0.0,0.0,0.0,6
2023-05-09 21:15:56,lu2312,lu2312,3598.0,0.0,0.0,0.0,1,3524.0,3591.0,1,3598.0,3563.0,0.0,0.0,0.0,0.0,6
2023-05-09 21:15:57,lu2312,lu2312,3598.0,0.0,0.0,0.0,2,3525.0,3591.0,1,3598.0,3563.0,0.0,0.0,0.0,0.0,6
2023-05-09 21:15:57,lu2312,lu2312,3598.0,0.0,0.0,0.0,2,3525.0,3591.0,1,3598.0,3563.0,0.0,0.0,0.0,0.0,6
2023-05-09 21:15:58,lu2312,lu2312,3598.0,0.0,0.0,0.0,2,3525.0,3591.0,1,3598.0,3563.0,0.0,0.0,0.0,0.0,6
2023-05-09 21:15:59,lu2312,lu2312,3598.0,0.0,0.0,0.0,1,3521.0,3591.0,1,3598.0,3563.0,0.0,0.0,0.0,0.0,6
2023-05-09 21:16:00,lu2312,lu2312,3598.0,0.0,0.0,0.0,1,3526.0,3591.0,1,3598.0,3563.0,0.0,0.0,0.0,0.0,6
2023-05-09 21:16:02,lu2312,lu2312,3598.0,0.0,0.0,0.0,2,3521.0,3591.0,1,3598.0,3563.0,0.0,0.0,0.0,0.0,6
2023-05-09 21:16:03,lu2312,lu2312,3598.0,0.0,0.0,0.0,2,3527.0,3591.0,1,3598.0,3563.0,0.0,0.0,0.0,0.0,6
2023-05-09 21:16:05,lu2312,lu2312,3598.0,0.0,0.0,0.0,1,3527.0,3591.0,1,3598.0,3563.0,0.0,0.0,0.0,0.0,6
2023-05-09 21:16:05,lu2312,lu2312,3598.0,0.0,0.0,0.0,2,3521.0,3591.0,1,3598.0,3563.0,0.0,0.0,0.0,0.0,6
2023-05-09 21:16:06,lu2312,lu2312,3598.0,0.0,0.0,0.0,1,3522.0,3591.0,1,3598.0,3563.0,0.0,0.0,0.0,0.0,6
2023-05-09 21:16:08,lu2312,lu2312,3598.0,0.0,0.0,0.0,1,3523.0,3591.0,1,3598.0,3563.0,0.0,0.0,0.0,0.0,6
2023-05-09 21:16:08,lu2312,lu2312,3598.0,0.0,0.0,0.0,1,3523.0,3591.0,1,3598.0,3563.0,0.0,0.0,0.0,0.0,6
2023-05-09 21:16:09,lu2312,lu2312,3598.0,0.0,0.0,0.0,1,3524.0,3591.0,1,3598.0,3563.0,0.0,0.0,0.0,0.0,6
2023-05-09 21:16:12,lu2312,lu2312,3598.0,0.0,0.0,0.0,2,3521.0,3591.0,1,3598.0,3563.0,0.0,0.0,0.0,0.0,6
2023-05-09 21:16:12,lu2312,lu2312,3598.0,0.0,0.0,0.0,1,3525.0,3591.0,1,3598.0,3563.0,0.0,0.0,0.0,0.0,6
2023-05-09 21:16:13,lu2312,lu2312,3598.0,0.0,0.0,0.0,1,3525.0,3591.0,1,3598.0,3563.0,0.0,0.0,0.0,0.0,6
2023-05-09 21:16:17,lu2312,lu2312,3598.0,0.0,0.0,0.0,1,3521.0,3591.0,1,3598.0,3563.0,0.0,0.0,0.0,0.0,6
2023-05-09 21:16:18,lu2312,lu2312,3598.0,0.0,0.0,0.0,2,3526.0,3591.0,1,3598.0,3563.0,0.0,0.0,0.0,0.0,6
2023-05-09 21:16:19,lu2312,lu2312,3598.0,0.0,0.0,0.0,3,3526.0,3591.0,1,3598.0,3563.0,0.0,0.0,0.0,0.0,6
2023-05-09 21:16:20,lu2312,lu2312,3598.0,0.0,0.0,0.0,1,3526.0,3591.0,1,3598.0,3563.0,0.0,0.0,0.0,0.0,6
2023-05-09 21:16:21,lu2312,lu2312,3598.0,0.0,0.0,0.0,1,3527.0,3591.0,1,3598.0,3563.0,0.0,0.0,0.0,0.0,6
2023-05-09 21:16:25,lu2312,lu2312,3598.0,0.0,0.0,0.0,1,3526.0,3591.0,1,3598.0,3563.0,0.0,0.0,0.0,0.0,6
2023-05-09 21:16:26,lu2312,lu2312,3598.0,0.0,0.0,0.0,1,3527.0,3591.0,1,3598.0,3563.0,0.0,0.0,0.0,0.0,6
2023-05-09 21:16:28,lu2312,lu2312,3598.0,0.0,0.0,0.0,1,3526.0,3591.0,1,3598.0,3563.0,0.0,0.0,0.0,0.0,6
2023-05-09 21:16:29,lu2312,lu2312,3598.0,0.0,0.0,0.0,1,3527.0,3591.0,1,3598.0,3563.0,0.0,0.0,0.0,0.0,6
2023-05-09 21:16:32,lu2312,lu2312,3598.0,0.0,0.0,0.0,1,3526.0,3591.0,1,3598.0,3563.0,0.0,0.0,0.0,0.0,6
2023-05-09 21:16:32,lu2312,lu2312,3598.0,0.0,0.0,0.0,1,3527.0,3591.0,1,3598.0,3563.0,0.0,0.0,0.0,0.0,6
2023-05-09 21:16:36,lu2312,lu2312,3598.0,0.0,0.0,0.0,1,3526.0,3591.0,1,3598.0,3563.0,0.0,0.0,0.0,0.0,6
2023-05-09 21:16:37,lu2312,lu2312,3598.0,0.0,0.0,0.0,1,3527.0,3591.0,1,3598.0,3563.0,0.0,0.0,0.0,0.0,6
2023-05-09 21:16:44,lu2312,lu2312,3598.0,0.0,0.0,0.0,1,3526.0,3591.0,1,3598.0,3563.0,0.0,0.0,0.0,0.0,6
2023-05-09 21:16:44,lu2312,lu2312,3598.0,0.0,0.0,0.0,1,3528.0,3591.0,1,3598.0,3563.0,0.0,0.0,0.0,0.0,6
2023-05-09 21:16:47,lu2312,lu2312,3598.0,0.0,0.0,0.0,1,3526.0,3591.0,1,3598.0,3563.0,0.0,0.0,0.0,0.0,6
2023-05-09 21:16:48,lu2312,lu2312,3598.0,0.0,0.0,0.0,1,3527.0,3591.0,1,3598.0,3563.0,0.0,0.0,0.0,0.0,6
2023-05-09 21:16:51,lu2312,lu2312,3598.0,0.0,0.0,0.0,1,3526.0,3591.0,1,3598.0,3563.0,0.0,0.0,0.0,0.0,6
2023-05-09 21:16:52,lu2312,lu2312,3598.0,0.0,0.0,0.0,1,3527.0,3591.0,1,3598.0,3563.0,0.0,0.0,0.0,0.0,6
2023-05-09 21:16:57,lu2312,lu2312,3598.0,0.0,0.0,0.0,1,3526.0,3591.0,1,3598.0,3563.0,0.0,0.0,0.0,0.0,6
2023-05-09 21:16:58,lu2312,lu2312,3598.0,0.0,0.0,0.0,1,3527.0,3591.0,1,3598.0,3563.0,0.0,0.0,0.0,0.0,6
2023-05-09 21:17:01,lu2312,lu2312,3598.0,0.0,0.0,0.0,1,3526.0,3591.0,1,3598.0,3563.0,0.0,0.0,0.0,0.0,6
2023-05-09 21:17:01,lu2312,lu2312,3598.0,0.0,0.0,0.0,1,3527.0,3591.0,1,3598.0,3563.0,0.0,0.0,0.0,0.0,6
2023-05-09 21:17:04,lu2312,lu2312,3598.0,0.0,0.0,0.0,1,3526.0,3591.0,1,3598.0,3563.0,0.0,0.0,0.0,0.0,6
2023-05-09 21:17:04,lu2312,lu2312,3598.0,0.0,0.0,0.0,1,3527.0,3591.0,1,3598.0,3563.0,0.0,0.0,0.0,0.0,6
2023-05-09 21:17:07,lu2312,lu2312,3598.0,0.0,0.0,0.0,1,3526.0,3591.0,1,3598.0,3563.0,0.0,0.0,0.0,0.0,6
2023-05-09 21:17:07,lu2312,lu2312,3598.0,0.0,0.0,0.0,1,3528.0,3591.0,1,3598.0,3563.0,0.0,0.0,0.0,0.0,6
2023-05-09 21:17:10,lu2312,lu2312,3598.0,0.0,0.0,0.0,2,3526.0,3591.0,1,3598.0,3563.0,0.0,0.0,0.0,0.0,6
2023-05-09 21:17:11,lu2312,lu2312,3598.0,0.0,0.0,0.0,1,3527.0,3591.0,1,3598.0,3563.0,0.0,0.0,0.0,0.0,6
2023-05-09 21:17:15,lu2312,lu2312,3598.0,0.0,0.0,0.0,2,3526.0,3591.0,1,3598.0,3563.0,0.0,0.0,0.0,0.0,6
2023-05-09 21:17:16,lu2312,lu2312,3598.0,0.0,0.0,0.0,1,3528.0,3591.0,1,3598.0,3563.0,0.0,0.0,0.0,0.0,6
2023-05-09 21:17:22,lu2312,lu2312,3598.0,0.0,0.0,0.0,2,3526.0,3591.0,1,3598.0,3563.0,0.0,0.0,0.0,0.0,6
2023-05-09 21:17:27,lu2312,lu2312,3598.0,0.0,0.0,0.0,1,3527.0,3591.0,1,3598.0,3563.0,0.0,0.0,0.0,0.0,6
2023-05-09 21:17:28,lu2312,lu2312,3598.0,0.0,0.0,0.0,1,3527.0,3591.0,1,3598.0,3563.0,0.0,0.0,0.0,0.0,6
2023-05-09 21:17:30,lu2312,lu2312,3598.0,0.0,0.0,0.0,1,3526.0,3591.0,1,3598.0,3563.0,0.0,0.0,0.0,0.0,6
2023-05-09 21:17:30,lu2312,lu2312,3598.0,0.0,0.0,0.0,1,3528.0,3591.0,1,3598.0,3563.0,0.0,0.0,0.0,0.0,6
2023-05-09 21:17:35,lu2312,lu2312,3598.0,0.0,0.0,0.0,1,3526.0,3591.0,1,3598.0,3563.0,0.0,0.0,0.0,0.0,6
2023-05-09 21:17:36,lu2312,lu2312,3598.0,0.0,0.0,0.0,1,3527.0,3591.0,1,3598.0,3563.0,0.0,0.0,0.0,0.0,6
2023-05-09 21:17:38,lu2312,lu2312,3598.0,0.0,0.0,0.0,1,3526.0,3591.0,1,3598.0,3563.0,0.0,0.0,0.0,0.0,6
2023-05-09 21:17:39,lu2312,lu2312,3598.0,0.0,0.0,0.0,1,3527.0,3591.0,1,3598.0,3563.0,0.0,0.0,0.0,0.0,6
2023-05-09 21:17:42,lu2312,lu2312,3598.0,0.0,0.0,0.0,1,3526.0,3591.0,1,3598.0,3563.0,0.0,0.0,0.0,0.0,6
2023-05-09 21:17:52,lu2312,lu2312,3598.0,0.0,0.0,0.0,1,3526.0,3618.0,1,3598.0,3563.0,0.0,0.0,0.0,0.0,6
2023-05-09 21:17:52,lu2312,lu2312,3598.0,0.0,0.0,0.0,1,3526.0,3617.0,1,3598.0,3563.0,0.0,0.0,0.0,0.0,6
2023-05-09 21:18:13,lu2312,lu2312,3598.0,0.0,0.0,0.0,1,3526.0,3617.0,1,3598.0,3563.0,0.0,0.0,0.0,0.0,6
2023-05-09 21:18:14,lu2312,lu2312,3598.0,0.0,0.0,0.0,1,3526.0,3617.0,1,3598.0,3563.0,0.0,0.0,0.0,0.0,6
2023-05-09 21:18:32,lu2312,lu2312,3598.0,0.0,0.0,0.0,1,3526.0,3616.0,1,3598.0,3563.0,0.0,0.0,0.0,0.0,6
2023-05-09 21:18:32,lu2312,lu2312,3598.0,0.0,0.0,0.0,2,3526.0,3615.0,1,3598.0,3563.0,0.0,0.0,0.0,0.0,6
2023-05-09 21:18:48,lu2312,lu2312,3598.0,0.0,0.0,0.0,1,3527.0,3615.0,1,3598.0,3563.0,0.0,0.0,0.0,0.0,6
2023-05-09 21:18:49,lu2312,lu2312,3598.0,0.0,0.0,0.0,2,3526.0,3615.0,1,3598.0,3563.0,0.0,0.0,0.0,0.0,6
2023-05-09 21:19:11,lu2312,lu2312,3598.0,0.0,0.0,0.0,2,3526.0,3615.0,1,3598.0,3563.0,0.0,0.0,0.0,0.0,6
2023-05-09 21:19:15,lu2312,lu2312,3598.0,0.0,0.0,0.0,2,3526.0,3614.0,1,3598.0,3563.0,0.0,0.0,0.0,0.0,6
2023-05-09 21:19:15,lu2312,lu2312,3598.0,0.0,0.0,0.0,2,3526.0,3613.0,1,3598.0,3563.0,0.0,0.0,0.0,0.0,6
2023-05-09 21:19:55,lu2312,lu2312,3598.0,0.0,0.0,0.0,2,3526.0,3613.0,1,3598.0,3563.0,0.0,0.0,0.0,0.0,6
2023-05-09 21:19:57,lu2312,lu2312,3598.0,0.0,0.0,0.0,1,3527.0,3613.0,1,3598.0,3563.0,0.0,0.0,0.0,0.0,6
2023-05-09 21:19:58,lu2312,lu2312,3598.0,0.0,0.0,0.0,1,3527.0,3612.0,1,3598.0,3563.0,0.0,0.0,0.0,0.0,6
2023-05-09 21:19:59,lu2312,lu2312,3598.0,0.0,0.0,0.0,1,3527.0,3611.0,1,3598.0,3563.0,0.0,0.0,0.0,0.0,6
2023-05-09 21:20:38,lu2312,lu2312,3598.0,0.0,0.0,0.0,1,3527.0,3611.0,1,3598.0,3563.0,0.0,0.0,0.0,0.0,6
2023-05-09 21:20:41,lu2312,lu2312,3598.0,0.0,0.0,0.0,1,3527.0,3610.0,1,3598.0,3563.0,0.0,0.0,0.0,0.0,6
2023-05-09 21:20:41,lu2312,lu2312,3598.0,0.0,0.0,0.0,1,3527.0,3609.0,1,3598.0,3563.0,0.0,0.0,0.0,0.0,6
2023-05-09 21:21:16,lu2312,lu2312,3598.0,0.0,0.0,0.0,1,3526.0,3609.0,1,3598.0,3563.0,0.0,0.0,0.0,0.0,6
2023-05-09 21:21:17,lu2312,lu2312,3598.0,0.0,0.0,0.0,2,3526.0,3609.0,1,3598.0,3563.0,0.0,0.0,0.0,0.0,6
2023-05-09 21:21:20,lu2312,lu2312,3598.0,0.0,0.0,0.0,1,3526.0,3609.0,1,3598.0,3563.0,0.0,0.0,0.0,0.0,6
2023-05-09 21:21:21,lu2312,lu2312,3598.0,0.0,0.0,0.0,2,3526.0,3609.0,1,3598.0,3563.0,0.0,0.0,0.0,0.0,6
2023-05-09 21:21:23,lu2312,lu2312,3598.0,0.0,0.0,0.0,2,3526.0,3608.0,1,3598.0,3563.0,0.0,0.0,0.0,0.0,6
2023-05-09 21:21:24,lu2312,lu2312,3598.0,0.0,0.0,0.0,2,3526.0,3607.0,1,3598.0,3563.0,0.0,0.0,0.0,0.0,6
2023-05-09 21:22:03,lu2312,lu2312,3598.0,0.0,0.0,0.0,2,3526.0,3607.0,1,3598.0,3563.0,0.0,0.0,0.0,0.0,6
2023-05-09 21:22:06,lu2312,lu2312,3598.0,0.0,0.0,0.0,2,3526.0,3606.0,1,3598.0,3563.0,0.0,0.0,0.0,0.0,6
2023-05-09 21:22:06,lu2312,lu2312,3598.0,0.0,0.0,0.0,2,3526.0,3605.0,1,3598.0,3563.0,0.0,0.0,0.0,0.0,6
2023-05-09 21:22:45,lu2312,lu2312,3598.0,0.0,0.0,0.0,2,3526.0,3605.0,1,3598.0,3563.0,0.0,0.0,0.0,0.0,6
2023-05-09 21:22:48,lu2312,lu2312,3598.0,0.0,0.0,0.0,2,3526.0,3604.0,1,3598.0,3563.0,0.0,0.0,0.0,0.0,6
2023-05-09 21:22:48,lu2312,lu2312,3598.0,0.0,0.0,0.0,2,3526.0,3603.0,1,3598.0,3563.0,0.0,0.0,0.0,0.0,6
2023-05-09 21:23:26,lu2312,lu2312,3598.0,0.0,0.0,0.0,2,3526.0,3603.0,1,3598.0,3563.0,0.0,0.0,0.0,0.0,6
2023-05-09 21:23:30,lu2312,lu2312,3598.0,0.0,0.0,0.0,2,3526.0,3602.0,1,3598.0,3563.0,0.0,0.0,0.0,0.0,6
2023-05-09 21:23:31,lu2312,lu2312,3598.0,0.0,0.0,0.0,2,3526.0,3601.0,1,3598.0,3563.0,0.0,0.0,0.0,0.0,6
2023-05-09 21:24:01,lu2312,lu2312,3598.0,0.0,0.0,0.0,1,3527.0,3601.0,1,3598.0,3563.0,0.0,0.0,0.0,0.0,6
2023-05-09 21:24:09,lu2312,lu2312,3598.0,0.0,0.0,0.0,1,3527.0,3601.0,1,3598.0,3563.0,0.0,0.0,0.0,0.0,6
2023-05-09 21:24:09,lu2312,lu2312,3598.0,0.0,0.0,0.0,1,3527.0,3601.0,1,3598.0,3563.0,0.0,0.0,0.0,0.0,6
2023-05-09 21:24:11,lu2312,lu2312,3598.0,0.0,0.0,0.0,1,3526.0,3601.0,1,3598.0,3563.0,0.0,0.0,0.0,0.0,6
2023-05-09 21:24:12,lu2312,lu2312,3598.0,0.0,0.0,0.0,2,3526.0,3601.0,1,3598.0,3563.0,0.0,0.0,0.0,0.0,6
2023-05-09 21:24:12,lu2312,lu2312,3598.0,0.0,0.0,0.0,2,3526.0,3600.0,1,3598.0,3563.0,0.0,0.0,0.0,0.0,6
2023-05-09 21:24:13,lu2312,lu2312,3598.0,0.0,0.0,0.0,2,3526.0,3599.0,1,3598.0,3563.0,0.0,0.0,0.0,0.0,6
2023-05-09 21:24:52,lu2312,lu2312,3598.0,0.0,0.0,0.0,2,3526.0,3599.0,1,3598.0,3563.0,0.0,0.0,0.0,0.0,6
2023-05-09 21:24:55,lu2312,lu2312,3598.0,0.0,0.0,0.0,2,3526.0,3598.0,1,3598.0,3563.0,0.0,0.0,0.0,0.0,6
2023-05-09 21:24:56,lu2312,lu2312,3598.0,0.0,0.0,0.0,2,3526.0,3597.0,1,3598.0,3563.0,0.0,0.0,0.0,0.0,6
2023-05-09 21:25:34,lu2312,lu2312,3598.0,0.0,0.0,0.0,2,3526.0,3597.0,1,3598.0,3563.0,0.0,0.0,0.0,0.0,6
2023-05-09 21:25:39,lu2312,lu2312,3598.0,0.0,0.0,0.0,2,3526.0,3596.0,1,3598.0,3563.0,0.0,0.0,0.0,0.0,6
2023-05-09 21:25:39,lu2312,lu2312,3598.0,0.0,0.0,0.0,2,3526.0,3595.0,1,3598.0,3563.0,0.0,0.0,0.0,0.0,6
2023-05-09 21:25:43,lu2312,lu2312,3598.0,0.0,0.0,0.0,2,3526.0,3595.0,1,3598.0,3563.0,0.0,0.0,0.0,0.0,6
2023-05-09 21:26:18,lu2312,lu2312,3598.0,0.0,0.0,0.0,2,3526.0,3595.0,1,3598.0,3563.0,0.0,0.0,0.0,0.0,6
2023-05-09 21:26:21,lu2312,lu2312,3598.0,0.0,0.0,0.0,2,3526.0,3594.0,1,3598.0,3563.0,0.0,0.0,0.0,0.0,6
2023-05-09 21:26:22,lu2312,lu2312,3598.0,0.0,0.0,0.0,1,3526.0,3593.0,1,3598.0,3563.0,0.0,0.0,0.0,0.0,6
2023-05-09 21:26:23,lu2312,lu2312,3598.0,0.0,0.0,0.0,2,3526.0,3593.0,1,3598.0,3563.0,0.0,0.0,0.0,0.0,6
2023-05-09 21:26:59,lu2312,lu2312,3598.0,0.0,0.0,0.0,2,3526.0,3593.0,1,3598.0,3563.0,0.0,0.0,0.0,0.0,6
2023-05-09 21:27:04,lu2312,lu2312,3598.0,0.0,0.0,0.0,2,3526.0,3592.0,1,3598.0,3563.0,0.0,0.0,0.0,0.0,6
2023-05-09 21:27:05,lu2312,lu2312,3598.0,0.0,0.0,0.0,2,3526.0,3591.0,1,3598.0,3563.0,0.0,0.0,0.0,0.0,6
2023-05-09 21:27:44,lu2312,lu2312,3598.0,0.0,0.0,0.0,2,3526.0,3591.0,1,3598.0,3563.0,0.0,0.0,0.0,0.0,6
2023-05-09 21:27:48,lu2312,lu2312,3598.0,0.0,0.0,0.0,2,3526.0,3590.0,1,3598.0,3563.0,0.0,0.0,0.0,0.0,6
2023-05-09 21:27:48,lu2312,lu2312,3598.0,0.0,0.0,0.0,2,3526.0,3589.0,1,3598.0,3563.0,0.0,0.0,0.0,0.0,6
2023-05-09 21:28:28,lu2312,lu2312,3598.0,0.0,0.0,0.0,2,3526.0,3589.0,1,3598.0,3563.0,0.0,0.0,0.0,0.0,6
2023-05-09 21:28:30,lu2312,lu2312,3598.0,0.0,0.0,0.0,2,3526.0,3588.0,1,3598.0,3563.0,0.0,0.0,0.0,0.0,6
2023-05-09 21:28:31,lu2312,lu2312,3598.0,0.0,0.0,0.0,2,3526.0,3587.0,1,3598.0,3563.0,0.0,0.0,0.0,0.0,6
2023-05-09 21:28:50,lu2312,lu2312,3598.0,0.0,0.0,0.0,2,3526.0,3588.0,1,3598.0,3563.0,0.0,0.0,0.0,0.0,6
2023-05-09 21:28:51,lu2312,lu2312,3598.0,0.0,0.0,0.0,2,3526.0,3588.0,2,3598.0,3563.0,0.0,0.0,0.0,0.0,6
2023-05-09 21:28:54,lu2312,lu2312,3598.0,0.0,0.0,0.0,2,3526.0,3588.0,2,3598.0,3563.0,0.0,0.0,0.0,0.0,6
2023-05-09 21:28:55,lu2312,lu2312,3598.0,0.0,0.0,0.0,2,3526.0,3588.0,2,3598.0,3563.0,0.0,0.0,0.0,0.0,6
2023-05-09 21:28:55,lu2312,lu2312,3598.0,0.0,0.0,0.0,2,3526.0,3587.0,1,3598.0,3563.0,0.0,0.0,0.0,0.0,6
2023-05-09 21:29:32,lu2312,lu2312,3598.0,0.0,0.0,0.0,2,3526.0,3587.0,1,3598.0,3563.0,0.0,0.0,0.0,0.0,6
2023-05-09 21:29:58,lu2312,lu2312,3598.0,0.0,0.0,0.0,2,3526.0,3586.0,1,3598.0,3563.0,0.0,0.0,0.0,0.0,6
2023-05-09 21:29:58,lu2312,lu2312,3598.0,0.0,0.0,0.0,2,3526.0,3585.0,1,3598.0,3563.0,0.0,0.0,0.0,0.0,6
2023-05-09 21:30:11,lu2312,lu2312,3598.0,0.0,0.0,0.0,2,3526.0,3585.0,1,3598.0,3563.0,0.0,0.0,0.0,0.0,6
2023-05-09 21:30:12,lu2312,lu2312,3598.0,0.0,0.0,0.0,2,3526.0,3585.0,1,3598.0,3563.0,0.0,0.0,0.0,0.0,6
2023-05-09 21:30:36,lu2312,lu2312,3598.0,0.0,0.0,0.0,1,3527.0,3585.0,1,3598.0,3563.0,0.0,0.0,0.0,0.0,6
2023-05-09 21:30:37,lu2312,lu2312,3598.0,0.0,0.0,0.0,2,3526.0,3585.0,1,3598.0,3563.0,0.0,0.0,0.0,0.0,6
2023-05-09 21:30:38,lu2312,lu2312,3598.0,0.0,0.0,0.0,1,3527.0,3585.0,1,3598.0,3563.0,0.0,0.0,0.0,0.0,6
2023-05-09 21:30:40,lu2312,lu2312,3598.0,0.0,0.0,0.0,1,3527.0,3584.0,1,3598.0,3563.0,0.0,0.0,0.0,0.0,6
2023-05-09 21:30:41,lu2312,lu2312,3598.0,0.0,0.0,0.0,1,3527.0,3583.0,1,3598.0,3563.0,0.0,0.0,0.0,0.0,6
2023-05-09 21:30:50,lu2312,lu2312,3598.0,0.0,0.0,0.0,1,3526.0,3583.0,1,3598.0,3563.0,0.0,0.0,0.0,0.0,6
2023-05-09 21:30:50,lu2312,lu2312,3598.0,0.0,0.0,0.0,2,3526.0,3583.0,1,3598.0,3563.0,0.0,0.0,0.0,0.0,6
2023-05-09 21:31:20,lu2312,lu2312,3598.0,0.0,0.0,0.0,2,3526.0,3583.0,1,3598.0,3563.0,0.0,0.0,0.0,0.0,6
2023-05-09 21:31:24,lu2312,lu2312,3598.0,0.0,0.0,0.0,1,3526.0,3582.0,1,3598.0,3563.0,0.0,0.0,0.0,0.0,6
2023-05-09 21:31:24,lu2312,lu2312,3598.0,0.0,0.0,0.0,1,3526.0,3581.0,1,3598.0,3563.0,0.0,0.0,0.0,0.0,6
2023-05-09 21:31:25,lu2312,lu2312,3598.0,0.0,0.0,0.0,2,3526.0,3581.0,1,3598.0,3563.0,0.0,0.0,0.0,0.0,6
2023-05-09 21:31:39,lu2312,lu2312,3598.0,0.0,0.0,0.0,1,3527.0,3581.0,1,3598.0,3563.0,0.0,0.0,0.0,0.0,6
2023-05-09 21:31:43,lu2312,lu2312,3598.0,0.0,0.0,0.0,2,3526.0,3581.0,1,3598.0,3563.0,0.0,0.0,0.0,0.0,6
2023-05-09 21:31:47,lu2312,lu2312,3598.0,0.0,0.0,0.0,1,3527.0,3581.0,1,3598.0,3563.0,0.0,0.0,0.0,0.0,6
2023-05-09 21:32:03,lu2312,lu2312,3598.0,0.0,0.0,0.0,1,3527.0,3581.0,1,3598.0,3563.0,0.0,0.0,0.0,0.0,6
2023-05-09 21:32:03,lu2312,lu2312,3598.0,0.0,0.0,0.0,1,3527.0,3581.0,1,3598.0,3563.0,0.0,0.0,0.0,0.0,6
2023-05-09 21:32:07,lu2312,lu2312,3598.0,0.0,0.0,0.0,1,3527.0,3580.0,1,3598.0,3563.0,0.0,0.0,0.0,0.0,6
2023-05-09 21:32:07,lu2312,lu2312,3598.0,0.0,0.0,0.0,2,3527.0,3579.0,1,3598.0,3563.0,0.0,0.0,0.0,0.0,6
2023-05-09 21:32:46,lu2312,lu2312,3598.0,0.0,0.0,0.0,2,3527.0,3579.0,1,3598.0,3563.0,0.0,0.0,0.0,0.0,6
2023-05-09 21:32:49,lu2312,lu2312,3598.0,0.0,0.0,0.0,2,3527.0,3578.0,1,3598.0,3563.0,0.0,0.0,0.0,0.0,6
2023-05-09 21:32:50,lu2312,lu2312,3598.0,0.0,0.0,0.0,2,3527.0,3577.0,1,3598.0,3563.0,0.0,0.0,0.0,0.0,6
2023-05-09 21:33:16,lu2312,lu2312,3598.0,0.0,0.0,0.0,1,3527.0,3577.0,1,3598.0,3563.0,0.0,0.0,0.0,0.0,6
2023-05-09 21:33:28,lu2312,lu2312,3598.0,0.0,0.0,0.0,1,3527.0,3577.0,1,3598.0,3563.0,0.0,0.0,0.0,0.0,6
2023-05-09 21:33:33,lu2312,lu2312,3598.0,0.0,0.0,0.0,1,3527.0,3576.0,1,3598.0,3563.0,0.0,0.0,0.0,0.0,6
2023-05-09 21:33:33,lu2312,lu2312,3598.0,0.0,0.0,0.0,1,3527.0,3575.0,1,3598.0,3563.0,0.0,0.0,0.0,0.0,6
2023-05-09 21:34:12,lu2312,lu2312,3598.0,0.0,0.0,0.0,1,3527.0,3575.0,1,3598.0,3563.0,0.0,0.0,0.0,0.0,6
2023-05-09 21:34:15,lu2312,lu2312,3598.0,0.0,0.0,0.0,1,3527.0,3574.0,1,3598.0,3563.0,0.0,0.0,0.0,0.0,6
2023-05-09 21:34:16,lu2312,lu2312,3598.0,0.0,0.0,0.0,1,3527.0,3573.0,1,3598.0,3563.0,0.0,0.0,0.0,0.0,6
2023-05-09 21:34:36,lu2312,lu2312,3598.0,0.0,0.0,0.0,1,3527.0,3574.0,1,3598.0,3563.0,0.0,0.0,0.0,0.0,6
2023-05-09 21:34:36,lu2312,lu2312,3598.0,0.0,0.0,0.0,1,3527.0,3573.0,1,3598.0,3563.0,0.0,0.0,0.0,0.0,6
2023-05-09 21:34:45,lu2312,lu2312,3598.0,0.0,0.0,0.0,1,3527.0,3574.0,1,3598.0,3563.0,0.0,0.0,0.0,0.0,6
2023-05-09 21:34:46,lu2312,lu2312,3598.0,0.0,0.0,0.0,1,3527.0,3574.0,2,3598.0,3563.0,0.0,0.0,0.0,0.0,6
2023-05-09 21:34:49,lu2312,lu2312,3598.0,0.0,0.0,0.0,1,3527.0,3574.0,1,3598.0,3563.0,0.0,0.0,0.0,0.0,6
2023-05-09 21:34:57,lu2312,lu2312,3598.0,0.0,0.0,0.0,1,3527.0,3574.0,2,3598.0,3563.0,0.0,0.0,0.0,0.0,6
2023-05-09 21:34:58,lu2312,lu2312,3598.0,0.0,0.0,0.0,1,3527.0,3573.0,1,3598.0,3563.0,0.0,0.0,0.0,0.0,6
2023-05-09 21:35:03,lu2312,lu2312,3598.0,0.0,0.0,0.0,1,3527.0,3574.0,1,3598.0,3563.0,0.0,0.0,0.0,0.0,6
2023-05-09 21:35:03,lu2312,lu2312,3598.0,0.0,0.0,0.0,1,3527.0,3574.0,2,3598.0,3563.0,0.0,0.0,0.0,0.0,6
2023-05-09 21:35:08,lu2312,lu2312,3598.0,0.0,0.0,0.0,1,3527.0,3574.0,1,3598.0,3563.0,0.0,0.0,0.0,0.0,6
2023-05-09 21:35:08,lu2312,lu2312,3598.0,0.0,0.0,0.0,1,3527.0,3574.0,1,3598.0,3563.0,0.0,0.0,0.0,0.0,6
2023-05-09 21:35:16,lu2312,lu2312,3598.0,0.0,0.0,0.0,1,3528.0,3574.0,1,3598.0,3563.0,0.0,0.0,0.0,0.0,6
2023-05-09 21:35:29,lu2312,lu2312,3598.0,0.0,0.0,0.0,1,3527.0,3574.0,2,3598.0,3563.0,0.0,0.0,0.0,0.0,6
2023-05-09 21:35:30,lu2312,lu2312,3598.0,0.0,0.0,0.0,1,3527.0,3574.0,1,3598.0,3563.0,0.0,0.0,0.0,0.0,6
2023-05-09 21:35:31,lu2312,lu2312,3598.0,0.0,0.0,0.0,1,3528.0,3574.0,1,3598.0,3563.0,0.0,0.0,0.0,0.0,6
2023-05-09 21:35:34,lu2312,lu2312,3598.0,0.0,0.0,0.0,1,3527.0,3573.0,1,3598.0,3563.0,0.0,0.0,0.0,0.0,6
2023-05-09 21:35:38,lu2312,lu2312,3598.0,0.0,0.0,0.0,1,3528.0,3573.0,1,3598.0,3563.0,0.0,0.0,0.0,0.0,6
2023-05-09 21:35:39,lu2312,lu2312,3598.0,0.0,0.0,0.0,1,3527.0,3573.0,1,3598.0,3563.0,0.0,0.0,0.0,0.0,6
2023-05-09 21:36:11,lu2312,lu2312,3598.0,0.0,0.0,0.0,1,3527.0,3573.0,1,3598.0,3563.0,0.0,0.0,0.0,0.0,6
2023-05-09 21:36:27,lu2312,lu2312,3598.0,0.0,0.0,0.0,1,3527.0,3572.0,1,3598.0,3563.0,0.0,0.0,0.0,0.0,6
2023-05-09 21:36:28,lu2312,lu2312,3598.0,0.0,0.0,0.0,1,3527.0,3572.0,2,3598.0,3563.0,0.0,0.0,0.0,0.0,6
2023-05-09 21:36:40,lu2312,lu2312,3598.0,0.0,0.0,0.0,1,3527.0,3572.0,1,3598.0,3563.0,0.0,0.0,0.0,0.0,6
2023-05-09 21:37:05,lu2312,lu2312,3598.0,0.0,0.0,0.0,1,3527.0,3572.0,2,3598.0,3563.0,0.0,0.0,0.0,0.0,6
2023-05-09 21:37:05,lu2312,lu2312,3598.0,0.0,0.0,0.0,1,3527.0,3572.0,1,3598.0,3563.0,0.0,0.0,0.0,0.0,6
2023-05-09 21:37:07,lu2312,lu2312,3598.0,0.0,0.0,0.0,1,3527.0,3571.0,1,3598.0,3563.0,0.0,0.0,0.0,0.0,6
2023-05-09 21:37:07,lu2312,lu2312,3598.0,0.0,0.0,0.0,1,3527.0,3572.0,1,3598.0,3563.0,0.0,0.0,0.0,0.0,6
2023-05-09 21:37:08,lu2312,lu2312,3598.0,0.0,0.0,0.0,1,3527.0,3572.0,2,3598.0,3563.0,0.0,0.0,0.0,0.0,6
2023-05-09 21:37:11,lu2312,lu2312,3598.0,0.0,0.0,0.0,1,3527.0,3572.0,1,3598.0,3563.0,0.0,0.0,0.0,0.0,6
2023-05-09 21:37:18,lu2312,lu2312,3598.0,0.0,0.0,0.0,1,3527.0,3571.0,1,3598.0,3563.0,0.0,0.0,0.0,0.0,6
2023-05-09 21:37:18,lu2312,lu2312,3598.0,0.0,0.0,0.0,1,3527.0,3572.0,1,3598.0,3563.0,0.0,0.0,0.0,0.0,6
2023-05-09 21:37:19,lu2312,lu2312,3598.0,0.0,0.0,0.0,1,3527.0,3572.0,2,3598.0,3563.0,0.0,0.0,0.0,0.0,6
2023-05-09 21:37:24,lu2312,lu2312,3598.0,0.0,0.0,0.0,1,3527.0,3572.0,1,3598.0,3563.0,0.0,0.0,0.0,0.0,6
2023-05-09 21:37:26,lu2312,lu2312,3598.0,0.0,0.0,0.0,1,3527.0,3572.0,2,3598.0,3563.0,0.0,0.0,0.0,0.0,6
2023-05-09 21:37:30,lu2312,lu2312,3598.0,0.0,0.0,0.0,1,3528.0,3572.0,2,3598.0,3563.0,0.0,0.0,0.0,0.0,6
2023-05-09 21:37:33,lu2312,lu2312,3598.0,0.0,0.0,0.0,1,3560.0,3572.0,2,3598.0,3563.0,0.0,0.0,0.0,0.0,6
2023-05-09 21:37:33,lu2312,lu2312,3598.0,0.0,0.0,0.0,1,3560.0,3572.0,2,3598.0,3563.0,0.0,0.0,0.0,0.0,6
2023-05-09 21:37:34,lu2312,lu2312,3598.0,0.0,0.0,0.0,1,3560.0,3572.0,1,3598.0,3563.0,0.0,0.0,0.0,0.0,6
2023-05-09 21:37:38,lu2312,lu2312,3598.0,0.0,0.0,0.0,1,3560.0,3571.0,1,3598.0,3563.0,0.0,0.0,0.0,0.0,6
2023-05-09 21:37:39,lu2312,lu2312,3598.0,0.0,0.0,0.0,1,3560.0,3571.0,1,3598.0,3563.0,0.0,0.0,0.0,0.0,6
2023-05-09 21:37:39,lu2312,lu2312,3598.0,0.0,0.0,0.0,1,3561.0,3571.0,1,3598.0,3563.0,0.0,0.0,0.0,0.0,6
2023-05-09 21:37:41,lu2312,lu2312,3598.0,0.0,0.0,0.0,1,3561.0,3614.0,1,3598.0,3563.0,0.0,0.0,0.0,0.0,6
2023-05-09 21:37:41,lu2312,lu2312,3598.0,0.0,0.0,0.0,1,3561.0,3613.0,2,3598.0,3563.0,0.0,0.0,0.0,0.0,6
2023-05-09 21:37:53,lu2312,lu2312,3598.0,0.0,0.0,0.0,1,3561.0,3612.0,1,3598.0,3563.0,0.0,0.0,0.0,0.0,6
2023-05-09 21:37:54,lu2312,lu2312,3598.0,0.0,0.0,0.0,1,3561.0,3611.0,1,3598.0,3563.0,0.0,0.0,0.0,0.0,6
2023-05-09 21:37:54,lu2312,lu2312,3598.0,0.0,0.0,0.0,1,3561.0,3610.0,1,3598.0,3563.0,0.0,0.0,0.0,0.0,6
2023-05-09 21:37:55,lu2312,lu2312,3598.0,0.0,0.0,0.0,1,3561.0,3609.0,1,3598.0,3563.0,0.0,0.0,0.0,0.0,6
2023-05-09 21:37:55,lu2312,lu2312,3598.0,0.0,0.0,0.0,1,3561.0,3609.0,1,3598.0,3563.0,0.0,0.0,0.0,0.0,6
2023-05-09 21:37:56,lu2312,lu2312,3598.0,0.0,0.0,0.0,1,3561.0,3609.0,1,3598.0,3563.0,0.0,0.0,0.0,0.0,6
2023-05-09 21:37:57,lu2312,lu2312,3598.0,0.0,0.0,0.0,1,3561.0,3609.0,1,3598.0,3563.0,0.0,0.0,0.0,0.0,6
2023-05-09 21:37:57,lu2312,lu2312,3598.0,0.0,0.0,0.0,1,3561.0,3608.0,1,3598.0,3563.0,0.0,0.0,0.0,0.0,6
2023-05-09 21:37:58,lu2312,lu2312,3598.0,0.0,0.0,0.0,1,3561.0,3607.0,1,3598.0,3563.0,0.0,0.0,0.0,0.0,6
2023-05-09 21:38:00,lu2312,lu2312,3598.0,0.0,0.0,0.0,1,3561.0,3607.0,1,3598.0,3563.0,0.0,0.0,0.0,0.0,6
2023-05-09 21:38:00,lu2312,lu2312,3598.0,0.0,0.0,0.0,1,3561.0,3606.0,1,3598.0,3563.0,0.0,0.0,0.0,0.0,6
2023-05-09 21:38:01,lu2312,lu2312,3598.0,0.0,0.0,0.0,1,3561.0,3605.0,1,3598.0,3563.0,0.0,0.0,0.0,0.0,6
2023-05-09 21:38:03,lu2312,lu2312,3598.0,0.0,0.0,0.0,1,3561.0,3605.0,1,3598.0,3563.0,0.0,0.0,0.0,0.0,6
2023-05-09 21:38:03,lu2312,lu2312,3598.0,0.0,0.0,0.0,1,3561.0,3605.0,2,3598.0,3563.0,0.0,0.0,0.0,0.0,6
2023-05-09 21:38:33,lu2312,lu2312,3598.0,0.0,0.0,0.0,1,3561.0,3605.0,2,3598.0,3563.0,0.0,0.0,0.0,0.0,6
2023-05-09 21:38:34,lu2312,lu2312,3598.0,0.0,0.0,0.0,1,3551.0,3605.0,1,3598.0,3563.0,0.0,0.0,0.0,0.0,6
2023-05-09 21:38:34,lu2312,lu2312,3598.0,0.0,0.0,0.0,1,3551.0,3604.0,1,3598.0,3563.0,0.0,0.0,0.0,0.0,6
2023-05-09 21:38:35,lu2312,lu2312,3598.0,0.0,0.0,0.0,1,3551.0,3603.0,1,3598.0,3563.0,0.0,0.0,0.0,0.0,6
2023-05-09 21:38:37,lu2312,lu2312,3598.0,0.0,0.0,0.0,1,3551.0,3602.0,1,3598.0,3563.0,0.0,0.0,0.0,0.0,6
2023-05-09 21:38:37,lu2312,lu2312,3598.0,0.0,0.0,0.0,1,3551.0,3601.0,1,3598.0,3563.0,0.0,0.0,0.0,0.0,6
2023-05-09 21:39:16,lu2312,lu2312,3598.0,0.0,0.0,0.0,1,3551.0,3601.0,1,3598.0,3563.0,0.0,0.0,0.0,0.0,6
2023-05-09 21:39:19,lu2312,lu2312,3598.0,0.0,0.0,0.0,1,3551.0,3600.0,1,3598.0,3563.0,0.0,0.0,0.0,0.0,6
2023-05-09 21:39:19,lu2312,lu2312,3598.0,0.0,0.0,0.0,1,3551.0,3599.0,1,3598.0,3563.0,0.0,0.0,0.0,0.0,6
2023-05-09 21:39:58,lu2312,lu2312,3598.0,0.0,0.0,0.0,1,3551.0,3599.0,1,3598.0,3563.0,0.0,0.0,0.0,0.0,6
2023-05-09 21:40:01,lu2312,lu2312,3598.0,0.0,0.0,0.0,1,3551.0,3598.0,1,3598.0,3563.0,0.0,0.0,0.0,0.0,6
2023-05-09 21:40:02,lu2312,lu2312,3598.0,0.0,0.0,0.0,1,3551.0,3597.0,1,3598.0,3563.0,0.0,0.0,0.0,0.0,6
2023-05-09 21:40:41,lu2312,lu2312,3598.0,0.0,0.0,0.0,1,3551.0,3597.0,1,3598.0,3563.0,0.0,0.0,0.0,0.0,6
2023-05-09 21:40:45,lu2312,lu2312,3598.0,0.0,0.0,0.0,1,3551.0,3596.0,1,3598.0,3563.0,0.0,0.0,0.0,0.0,6
2023-05-09 21:40:45,lu2312,lu2312,3598.0,0.0,0.0,0.0,1,3551.0,3595.0,1,3598.0,3563.0,0.0,0.0,0.0,0.0,6
2023-05-09 21:41:15,lu2312,lu2312,3598.0,0.0,0.0,0.0,1,3552.0,3595.0,1,3598.0,3563.0,0.0,0.0,0.0,0.0,6
2023-05-09 21:41:25,lu2312,lu2312,3598.0,0.0,0.0,0.0,1,3552.0,3595.0,1,3598.0,3563.0,0.0,0.0,0.0,0.0,6
2023-05-09 21:41:28,lu2312,lu2312,3598.0,0.0,0.0,0.0,1,3552.0,3594.0,1,3598.0,3563.0,0.0,0.0,0.0,0.0,6
2023-05-09 21:41:29,lu2312,lu2312,3598.0,0.0,0.0,0.0,1,3552.0,3593.0,1,3598.0,3563.0,0.0,0.0,0.0,0.0,6
2023-05-09 21:42:07,lu2312,lu2312,3598.0,0.0,0.0,0.0,1,3552.0,3593.0,1,3598.0,3563.0,0.0,0.0,0.0,0.0,6
2023-05-09 21:42:12,lu2312,lu2312,3598.0,0.0,0.0,0.0,1,3552.0,3592.0,1,3598.0,3563.0,0.0,0.0,0.0,0.0,6
2023-05-09 21:42:13,lu2312,lu2312,3598.0,0.0,0.0,0.0,1,3552.0,3591.0,1,3598.0,3563.0,0.0,0.0,0.0,0.0,6
2023-05-09 21:42:36,lu2312,lu2312,3598.0,0.0,0.0,0.0,1,3552.0,3591.0,1,3598.0,3563.0,0.0,0.0,0.0,0.0,6
2023-05-09 21:42:36,lu2312,lu2312,3598.0,0.0,0.0,0.0,1,3552.0,3591.0,1,3598.0,3563.0,0.0,0.0,0.0,0.0,6
2023-05-09 21:42:44,lu2312,lu2312,3598.0,0.0,0.0,0.0,1,3551.0,3591.0,1,3598.0,3563.0,0.0,0.0,0.0,0.0,6
2023-05-09 21:42:44,lu2312,lu2312,3598.0,0.0,0.0,0.0,1,3501.0,3591.0,1,3598.0,3563.0,0.0,0.0,0.0,0.0,6
2023-05-09 21:42:45,lu2312,lu2312,3598.0,0.0,0.0,0.0,2,3502.0,3591.0,1,3598.0,3563.0,0.0,0.0,0.0,0.0,6
2023-05-09 21:42:45,lu2312,lu2312,3598.0,0.0,0.0,0.0,3,3502.0,3591.0,1,3598.0,3563.0,0.0,0.0,0.0,0.0,6
2023-05-09 21:42:47,lu2312,lu2312,3598.0,0.0,0.0,0.0,3,3502.0,3591.0,1,3598.0,3563.0,0.0,0.0,0.0,0.0,6
2023-05-09 21:42:49,lu2312,lu2312,3598.0,0.0,0.0,0.0,3,3502.0,3591.0,1,3598.0,3563.0,0.0,0.0,0.0,0.0,6
2023-05-09 21:42:51,lu2312,lu2312,3598.0,0.0,0.0,0.0,3,3502.0,3591.0,1,3598.0,3563.0,0.0,0.0,0.0,0.0,6
2023-05-09 21:42:53,lu2312,lu2312,3598.0,0.0,0.0,0.0,1,3503.0,3591.0,1,3598.0,3563.0,0.0,0.0,0.0,0.0,6
2023-05-09 21:42:53,lu2312,lu2312,3598.0,0.0,0.0,0.0,1,3503.0,3591.0,1,3598.0,3563.0,0.0,0.0,0.0,0.0,6
2023-05-09 21:42:54,lu2312,lu2312,3598.0,0.0,0.0,0.0,2,3504.0,3591.0,1,3598.0,3563.0,0.0,0.0,0.0,0.0,6
2023-05-09 21:42:54,lu2312,lu2312,3598.0,0.0,0.0,0.0,2,3504.0,3591.0,1,3598.0,3563.0,0.0,0.0,0.0,0.0,6
2023-05-09 21:42:55,lu2312,lu2312,3598.0,0.0,0.0,0.0,2,3504.0,3591.0,1,3598.0,3563.0,0.0,0.0,0.0,0.0,6
2023-05-09 21:42:55,lu2312,lu2312,3598.0,0.0,0.0,0.0,2,3504.0,3591.0,1,3598.0,3563.0,0.0,0.0,0.0,0.0,6
2023-05-09 21:42:56,lu2312,lu2312,3598.0,0.0,0.0,0.0,2,3504.0,3590.0,1,3598.0,3563.0,0.0,0.0,0.0,0.0,6
2023-05-09 21:42:56,lu2312,lu2312,3598.0,0.0,0.0,0.0,2,3504.0,3589.0,1,3598.0,3563.0,0.0,0.0,0.0,0.0,6
2023-05-09 21:43:01,lu2312,lu2312,3598.0,0.0,0.0,0.0,2,3504.0,3590.0,1,3598.0,3563.0,0.0,0.0,0.0,0.0,6
2023-05-09 21:43:02,lu2312,lu2312,3598.0,0.0,0.0,0.0,2,3504.0,3590.0,1,3598.0,3563.0,0.0,0.0,0.0,0.0,6
2023-05-09 21:43:03,lu2312,lu2312,3598.0,0.0,0.0,0.0,2,3504.0,3590.0,1,3598.0,3563.0,0.0,0.0,0.0,0.0,6
2023-05-09 21:43:03,lu2312,lu2312,3598.0,0.0,0.0,0.0,2,3504.0,3590.0,1,3598.0,3563.0,0.0,0.0,0.0,0.0,6
2023-05-09 21:43:04,lu2312,lu2312,3598.0,0.0,0.0,0.0,1,3505.0,3590.0,1,3598.0,3563.0,0.0,0.0,0.0,0.0,6
2023-05-09 21:43:05,lu2312,lu2312,3598.0,0.0,0.0,0.0,1,3502.0,3589.0,1,3598.0,3563.0,0.0,0.0,0.0,0.0,6
2023-05-09 21:43:05,lu2312,lu2312,3598.0,0.0,0.0,0.0,2,3506.0,3589.0,1,3598.0,3563.0,0.0,0.0,0.0,0.0,6
2023-05-09 21:43:14,lu2312,lu2312,3598.0,0.0,0.0,0.0,1,3502.0,3589.0,1,3598.0,3563.0,0.0,0.0,0.0,0.0,6
2023-05-09 21:43:14,lu2312,lu2312,3598.0,0.0,0.0,0.0,2,3503.0,3589.0,1,3598.0,3563.0,0.0,0.0,0.0,0.0,6
2023-05-09 21:43:42,lu2312,lu2312,3598.0,0.0,0.0,0.0,2,3503.0,3589.0,1,3598.0,3563.0,0.0,0.0,0.0,0.0,6
2023-05-09 21:44:17,lu2312,lu2312,3598.0,0.0,0.0,0.0,1,3504.0,3589.0,1,3598.0,3563.0,0.0,0.0,0.0,0.0,6
2023-05-09 21:44:17,lu2312,lu2312,3598.0,0.0,0.0,0.0,1,3504.0,3589.0,1,3598.0,3563.0,0.0,0.0,0.0,0.0,6
2023-05-09 21:44:18,lu2312,lu2312,3598.0,0.0,0.0,0.0,2,3505.0,3589.0,1,3598.0,3563.0,0.0,0.0,0.0,0.0,6
2023-05-09 21:44:18,lu2312,lu2312,3598.0,0.0,0.0,0.0,2,3505.0,3589.0,1,3598.0,3563.0,0.0,0.0,0.0,0.0,6
