time,symbol_id,symbol_name,last,trade_volume,trade_amount,open_interest_change,bv1,bp1,ap1,av1,yesterday_close,today_open,today_high,today_low,volume,amount,open_interest
2023-05-10 21:00:01,nr2402,nr2402,10100.0,0.0,0.0,0.0,1,8490.0,11705.0,1,10100.0,0.0,0.0,0.0,0.0,0.0,0
2023-05-10 21:00:16,nr2402,nr2402,10100.0,0.0,0.0,0.0,1,9775.0,10515.0,1,10100.0,0.0,0.0,0.0,0.0,0.0,0
2023-05-10 21:00:16,nr2402,nr2402,10100.0,0.0,0.0,0.0,1,9775.0,10515.0,1,10100.0,0.0,0.0,0.0,0.0,0.0,0
2023-05-10 21:00:17,nr2402,nr2402,10100.0,0.0,0.0,0.0,1,9775.0,10515.0,1,10100.0,0.0,0.0,0.0,0.0,0.0,0
2023-05-10 21:00:19,nr2402,nr2402,10100.0,0.0,0.0,0.0,2,9775.0,10515.0,2,10100.0,0.0,0.0,0.0,0.0,0.0,0
2023-05-10 21:00:27,nr2402,nr2402,10100.0,0.0,0.0,0.0,2,9775.0,10515.0,2,10100.0,0.0,0.0,0.0,0.0,0.0,0
2023-05-10 21:00:58,nr2402,nr2402,10100.0,0.0,0.0,0.0,2,9775.0,10515.0,2,10100.0,0.0,0.0,0.0,0.0,0.0,0
2023-05-10 21:01:03,nr2402,nr2402,10100.0,0.0,0.0,0.0,2,9775.0,10510.0,2,10100.0,0.0,0.0,0.0,0.0,0.0,0
2023-05-10 21:04:45,nr2402,nr2402,10100.0,0.0,0.0,0.0,2,9775.0,10505.0,1,10100.0,0.0,0.0,0.0,0.0,0.0,0
2023-05-10 21:05:14,nr2402,nr2402,10100.0,0.0,0.0,0.0,2,9775.0,10510.0,2,10100.0,0.0,0.0,0.0,0.0,0.0,0
2023-05-10 21:05:14,nr2402,nr2402,10100.0,0.0,0.0,0.0,2,9775.0,10505.0,1,10100.0,0.0,0.0,0.0,0.0,0.0,0
2023-05-10 21:05:18,nr2402,nr2402,10100.0,0.0,0.0,0.0,1,9775.0,10505.0,1,10100.0,0.0,0.0,0.0,0.0,0.0,0
2023-05-10 21:05:20,nr2402,nr2402,10100.0,0.0,0.0,0.0,2,9775.0,10505.0,1,10100.0,0.0,0.0,0.0,0.0,0.0,0
2023-05-10 21:05:24,nr2402,nr2402,10100.0,0.0,0.0,0.0,2,9775.0,10505.0,1,10100.0,0.0,0.0,0.0,0.0,0.0,0
2023-05-10 21:06:04,nr2402,nr2402,10100.0,0.0,0.0,0.0,2,9775.0,10500.0,2,10100.0,0.0,0.0,0.0,0.0,0.0,0
2023-05-10 21:06:05,nr2402,nr2402,10100.0,0.0,0.0,0.0,2,9775.0,10495.0,1,10100.0,0.0,0.0,0.0,0.0,0.0,0
2023-05-10 21:06:43,nr2402,nr2402,10100.0,0.0,0.0,0.0,2,9775.0,10495.0,1,10100.0,0.0,0.0,0.0,0.0,0.0,0
2023-05-10 21:06:48,nr2402,nr2402,10100.0,0.0,0.0,0.0,2,9775.0,10490.0,2,10100.0,0.0,0.0,0.0,0.0,0.0,0
2023-05-10 21:06:49,nr2402,nr2402,10100.0,0.0,0.0,0.0,2,9775.0,10485.0,1,10100.0,0.0,0.0,0.0,0.0,0.0,0
2023-05-10 21:07:26,nr2402,nr2402,10100.0,0.0,0.0,0.0,2,9775.0,10485.0,1,10100.0,0.0,0.0,0.0,0.0,0.0,0
2023-05-10 21:07:31,nr2402,nr2402,10100.0,0.0,0.0,0.0,2,9775.0,10480.0,2,10100.0,0.0,0.0,0.0,0.0,0.0,0
2023-05-10 21:07:31,nr2402,nr2402,10100.0,0.0,0.0,0.0,2,9775.0,10475.0,1,10100.0,0.0,0.0,0.0,0.0,0.0,0
2023-05-10 21:08:10,nr2402,nr2402,10100.0,0.0,0.0,0.0,2,9775.0,10475.0,1,10100.0,0.0,0.0,0.0,0.0,0.0,0
2023-05-10 21:08:14,nr2402,nr2402,10100.0,0.0,0.0,0.0,2,9775.0,10470.0,2,10100.0,0.0,0.0,0.0,0.0,0.0,0
2023-05-10 21:08:15,nr2402,nr2402,10100.0,0.0,0.0,0.0,2,9775.0,10465.0,1,10100.0,0.0,0.0,0.0,0.0,0.0,0
2023-05-10 21:08:53,nr2402,nr2402,10100.0,0.0,0.0,0.0,2,9775.0,10465.0,1,10100.0,0.0,0.0,0.0,0.0,0.0,0
2023-05-10 21:08:58,nr2402,nr2402,10100.0,0.0,0.0,0.0,2,9775.0,10460.0,2,10100.0,0.0,0.0,0.0,0.0,0.0,0
2023-05-10 21:08:58,nr2402,nr2402,10100.0,0.0,0.0,0.0,2,9775.0,10455.0,1,10100.0,0.0,0.0,0.0,0.0,0.0,0
2023-05-10 21:09:36,nr2402,nr2402,10100.0,0.0,0.0,0.0,2,9775.0,10455.0,1,10100.0,0.0,0.0,0.0,0.0,0.0,0
2023-05-10 21:09:41,nr2402,nr2402,10100.0,0.0,0.0,0.0,2,9775.0,10450.0,2,10100.0,0.0,0.0,0.0,0.0,0.0,0
2023-05-10 21:09:41,nr2402,nr2402,10100.0,0.0,0.0,0.0,2,9775.0,10445.0,1,10100.0,0.0,0.0,0.0,0.0,0.0,0
2023-05-10 21:10:20,nr2402,nr2402,10100.0,0.0,0.0,0.0,1,9775.0,10445.0,1,10100.0,0.0,0.0,0.0,0.0,0.0,0
2023-05-10 21:10:22,nr2402,nr2402,10100.0,0.0,0.0,0.0,2,9775.0,10445.0,1,10100.0,0.0,0.0,0.0,0.0,0.0,0
2023-05-10 21:10:24,nr2402,nr2402,10100.0,0.0,0.0,0.0,2,9775.0,10440.0,2,10100.0,0.0,0.0,0.0,0.0,0.0,0
2023-05-10 21:10:25,nr2402,nr2402,10100.0,0.0,0.0,0.0,2,9775.0,10435.0,1,10100.0,0.0,0.0,0.0,0.0,0.0,0
2023-05-10 21:10:25,nr2402,nr2402,10100.0,0.0,0.0,0.0,2,9775.0,10435.0,2,10100.0,0.0,0.0,0.0,0.0,0.0,0
2023-05-10 21:11:03,nr2402,nr2402,10100.0,0.0,0.0,0.0,2,9775.0,10435.0,2,10100.0,0.0,0.0,0.0,0.0,0.0,0
2023-05-10 21:11:07,nr2402,nr2402,10100.0,0.0,0.0,0.0,2,9775.0,10430.0,2,10100.0,0.0,0.0,0.0,0.0,0.0,0
2023-05-10 21:11:08,nr2402,nr2402,10100.0,0.0,0.0,0.0,2,9775.0,10425.0,1,10100.0,0.0,0.0,0.0,0.0,0.0,0
2023-05-10 21:11:47,nr2402,nr2402,10100.0,0.0,0.0,0.0,2,9775.0,10425.0,1,10100.0,0.0,0.0,0.0,0.0,0.0,0
2023-05-10 21:11:50,nr2402,nr2402,10100.0,0.0,0.0,0.0,2,9775.0,10420.0,2,10100.0,0.0,0.0,0.0,0.0,0.0,0
2023-05-10 21:11:51,nr2402,nr2402,10100.0,0.0,0.0,0.0,2,9775.0,10415.0,1,10100.0,0.0,0.0,0.0,0.0,0.0,0
2023-05-10 21:12:30,nr2402,nr2402,10100.0,0.0,0.0,0.0,2,9775.0,10415.0,1,10100.0,0.0,0.0,0.0,0.0,0.0,0
2023-05-10 21:12:33,nr2402,nr2402,10100.0,0.0,0.0,0.0,2,9775.0,10410.0,2,10100.0,0.0,0.0,0.0,0.0,0.0,0
2023-05-10 21:12:34,nr2402,nr2402,10100.0,0.0,0.0,0.0,2,9775.0,10405.0,1,10100.0,0.0,0.0,0.0,0.0,0.0,0
2023-05-10 21:13:12,nr2402,nr2402,10100.0,0.0,0.0,0.0,2,9775.0,10405.0,1,10100.0,0.0,0.0,0.0,0.0,0.0,0
2023-05-10 21:13:16,nr2402,nr2402,10100.0,0.0,0.0,0.0,2,9775.0,10400.0,2,10100.0,0.0,0.0,0.0,0.0,0.0,0
2023-05-10 21:13:17,nr2402,nr2402,10100.0,0.0,0.0,0.0,2,9775.0,10395.0,1,10100.0,0.0,0.0,0.0,0.0,0.0,0
2023-05-10 21:13:18,nr2402,nr2402,10100.0,0.0,0.0,0.0,2,9775.0,10395.0,1,10100.0,0.0,0.0,0.0,0.0,0.0,0
2023-05-10 21:14:00,nr2402,nr2402,10100.0,0.0,0.0,0.0,2,9780.0,10395.0,1,10100.0,0.0,0.0,0.0,0.0,0.0,0
2023-05-10 21:16:22,nr2402,nr2402,10100.0,0.0,0.0,0.0,2,9775.0,10395.0,1,10100.0,0.0,0.0,0.0,0.0,0.0,0
2023-05-10 21:16:23,nr2402,nr2402,10100.0,0.0,0.0,0.0,1,9775.0,10395.0,1,10100.0,0.0,0.0,0.0,0.0,0.0,0
2023-05-10 21:16:23,nr2402,nr2402,10100.0,0.0,0.0,0.0,2,9775.0,10395.0,1,10100.0,0.0,0.0,0.0,0.0,0.0,0
2023-05-10 21:16:53,nr2402,nr2402,10100.0,0.0,0.0,0.0,2,9775.0,10390.0,2,10100.0,0.0,0.0,0.0,0.0,0.0,0
2023-05-10 21:16:53,nr2402,nr2402,10100.0,0.0,0.0,0.0,2,9775.0,10385.0,1,10100.0,0.0,0.0,0.0,0.0,0.0,0
2023-05-10 21:17:01,nr2402,nr2402,10100.0,0.0,0.0,0.0,2,9775.0,10385.0,1,10100.0,0.0,0.0,0.0,0.0,0.0,0
2023-05-10 21:17:35,nr2402,nr2402,10100.0,0.0,0.0,0.0,2,9780.0,10385.0,1,10100.0,0.0,0.0,0.0,0.0,0.0,0
2023-05-10 21:18:37,nr2402,nr2402,10100.0,0.0,0.0,0.0,2,9775.0,10385.0,1,10100.0,0.0,0.0,0.0,0.0,0.0,0
2023-05-10 21:19:03,nr2402,nr2402,10100.0,0.0,0.0,0.0,2,9780.0,10385.0,1,10100.0,0.0,0.0,0.0,0.0,0.0,0
2023-05-10 21:19:05,nr2402,nr2402,10100.0,0.0,0.0,0.0,2,9775.0,10385.0,1,10100.0,0.0,0.0,0.0,0.0,0.0,0
2023-05-10 21:19:46,nr2402,nr2402,10100.0,0.0,0.0,0.0,2,9775.0,10380.0,2,10100.0,0.0,0.0,0.0,0.0,0.0,0
2023-05-10 21:19:47,nr2402,nr2402,10100.0,0.0,0.0,0.0,2,9775.0,10375.0,1,10100.0,0.0,0.0,0.0,0.0,0.0,0
2023-05-10 21:20:02,nr2402,nr2402,10100.0,0.0,0.0,0.0,2,9775.0,10375.0,1,10100.0,0.0,0.0,0.0,0.0,0.0,0
2023-05-10 21:20:30,nr2402,nr2402,10100.0,0.0,0.0,0.0,2,9775.0,10370.0,2,10100.0,0.0,0.0,0.0,0.0,0.0,0
2023-05-10 21:20:30,nr2402,nr2402,10100.0,0.0,0.0,0.0,2,9775.0,10365.0,1,10100.0,0.0,0.0,0.0,0.0,0.0,0
2023-05-10 21:21:08,nr2402,nr2402,10100.0,0.0,0.0,0.0,2,9775.0,10365.0,1,10100.0,0.0,0.0,0.0,0.0,0.0,0
2023-05-10 21:21:14,nr2402,nr2402,10100.0,0.0,0.0,0.0,2,9775.0,10360.0,2,10100.0,0.0,0.0,0.0,0.0,0.0,0
2023-05-10 21:21:14,nr2402,nr2402,10100.0,0.0,0.0,0.0,2,9775.0,10355.0,1,10100.0,0.0,0.0,0.0,0.0,0.0,0
2023-05-10 21:21:15,nr2402,nr2402,10100.0,0.0,0.0,0.0,2,9775.0,10355.0,2,10100.0,0.0,0.0,0.0,0.0,0.0,0
2023-05-10 21:21:25,nr2402,nr2402,10100.0,0.0,0.0,0.0,1,9775.0,10355.0,2,10100.0,0.0,0.0,0.0,0.0,0.0,0
2023-05-10 21:21:25,nr2402,nr2402,10100.0,0.0,0.0,0.0,2,9775.0,10355.0,2,10100.0,0.0,0.0,0.0,0.0,0.0,0
2023-05-10 21:21:51,nr2402,nr2402,10100.0,0.0,0.0,0.0,2,9775.0,10355.0,2,10100.0,0.0,0.0,0.0,0.0,0.0,0
2023-05-10 21:21:57,nr2402,nr2402,10100.0,0.0,0.0,0.0,2,9780.0,10355.0,2,10100.0,0.0,0.0,0.0,0.0,0.0,0
2023-05-10 21:26:15,nr2402,nr2402,10100.0,0.0,0.0,0.0,2,9780.0,10355.0,1,10100.0,0.0,0.0,0.0,0.0,0.0,0
2023-05-10 21:26:17,nr2402,nr2402,10100.0,0.0,0.0,0.0,2,9780.0,10355.0,2,10100.0,0.0,0.0,0.0,0.0,0.0,0
2023-05-10 21:26:56,nr2402,nr2402,10100.0,0.0,0.0,0.0,2,9775.0,10355.0,2,10100.0,0.0,0.0,0.0,0.0,0.0,0
2023-05-10 21:26:56,nr2402,nr2402,10100.0,0.0,0.0,0.0,1,9775.0,10355.0,2,10100.0,0.0,0.0,0.0,0.0,0.0,0
2023-05-10 21:26:58,nr2402,nr2402,10100.0,0.0,0.0,0.0,2,9775.0,10355.0,2,10100.0,0.0,0.0,0.0,0.0,0.0,0
2023-05-10 21:26:59,nr2402,nr2402,10100.0,0.0,0.0,0.0,2,9780.0,10355.0,2,10100.0,0.0,0.0,0.0,0.0,0.0,0
2023-05-10 21:28:07,nr2402,nr2402,10100.0,0.0,0.0,0.0,2,9775.0,10355.0,2,10100.0,0.0,0.0,0.0,0.0,0.0,0
2023-05-10 21:28:25,nr2402,nr2402,10100.0,0.0,0.0,0.0,2,9780.0,10355.0,2,10100.0,0.0,0.0,0.0,0.0,0.0,0
2023-05-10 21:31:03,nr2402,nr2402,10100.0,0.0,0.0,0.0,2,9775.0,10355.0,2,10100.0,0.0,0.0,0.0,0.0,0.0,0
2023-05-10 21:31:16,nr2402,nr2402,10100.0,0.0,0.0,0.0,2,9780.0,10355.0,2,10100.0,0.0,0.0,0.0,0.0,0.0,0
2023-05-10 21:31:18,nr2402,nr2402,10100.0,0.0,0.0,0.0,2,9780.0,10355.0,1,10100.0,0.0,0.0,0.0,0.0,0.0,0
2023-05-10 21:31:19,nr2402,nr2402,10100.0,0.0,0.0,0.0,2,9780.0,10355.0,2,10100.0,0.0,0.0,0.0,0.0,0.0,0
2023-05-10 21:31:41,nr2402,nr2402,10100.0,0.0,0.0,0.0,2,9775.0,10355.0,2,10100.0,0.0,0.0,0.0,0.0,0.0,0
2023-05-10 21:31:59,nr2402,nr2402,10100.0,0.0,0.0,0.0,1,9775.0,10350.0,2,10100.0,0.0,0.0,0.0,0.0,0.0,0
2023-05-10 21:31:59,nr2402,nr2402,10100.0,0.0,0.0,0.0,1,9775.0,10345.0,1,10100.0,0.0,0.0,0.0,0.0,0.0,0
2023-05-10 21:32:00,nr2402,nr2402,10100.0,0.0,0.0,0.0,2,9775.0,10345.0,1,10100.0,0.0,0.0,0.0,0.0,0.0,0
2023-05-10 21:32:09,nr2402,nr2402,10100.0,0.0,0.0,0.0,2,9775.0,10345.0,1,10100.0,0.0,0.0,0.0,0.0,0.0,0
2023-05-10 21:32:42,nr2402,nr2402,10100.0,0.0,0.0,0.0,2,9780.0,10345.0,1,10100.0,0.0,0.0,0.0,0.0,0.0,0
2023-05-10 21:34:13,nr2402,nr2402,10100.0,0.0,0.0,0.0,2,9775.0,10345.0,1,10100.0,0.0,0.0,0.0,0.0,0.0,0
2023-05-10 21:34:31,nr2402,nr2402,10100.0,0.0,0.0,0.0,2,9775.0,10345.0,1,10100.0,0.0,0.0,0.0,0.0,0.0,0
2023-05-10 21:34:33,nr2402,nr2402,10100.0,0.0,0.0,0.0,2,9775.0,10345.0,1,10100.0,0.0,0.0,0.0,0.0,0.0,0
2023-05-10 21:34:51,nr2402,nr2402,10100.0,0.0,0.0,0.0,2,9775.0,10340.0,2,10100.0,0.0,0.0,0.0,0.0,0.0,0
2023-05-10 21:34:52,nr2402,nr2402,10100.0,0.0,0.0,0.0,2,9775.0,10335.0,1,10100.0,0.0,0.0,0.0,0.0,0.0,0
2023-05-10 21:35:30,nr2402,nr2402,10100.0,0.0,0.0,0.0,2,9775.0,10335.0,1,10100.0,0.0,0.0,0.0,0.0,0.0,0
2023-05-10 21:35:37,nr2402,nr2402,10100.0,0.0,0.0,0.0,2,9775.0,10330.0,2,10100.0,0.0,0.0,0.0,0.0,0.0,0
2023-05-10 21:35:37,nr2402,nr2402,10100.0,0.0,0.0,0.0,2,9775.0,10325.0,1,10100.0,0.0,0.0,0.0,0.0,0.0,0
2023-05-10 21:36:16,nr2402,nr2402,10100.0,0.0,0.0,0.0,2,9775.0,10325.0,1,10100.0,0.0,0.0,0.0,0.0,0.0,0
2023-05-10 21:36:21,nr2402,nr2402,10100.0,0.0,0.0,0.0,2,9775.0,10320.0,2,10100.0,0.0,0.0,0.0,0.0,0.0,0
2023-05-10 21:36:22,nr2402,nr2402,10100.0,0.0,0.0,0.0,2,9775.0,10315.0,1,10100.0,0.0,0.0,0.0,0.0,0.0,0
2023-05-10 21:37:00,nr2402,nr2402,10100.0,0.0,0.0,0.0,2,9775.0,10315.0,1,10100.0,0.0,0.0,0.0,0.0,0.0,0
2023-05-10 21:37:01,nr2402,nr2402,10100.0,0.0,0.0,0.0,1,9775.0,10315.0,1,10100.0,0.0,0.0,0.0,0.0,0.0,0
2023-05-10 21:37:02,nr2402,nr2402,10100.0,0.0,0.0,0.0,2,9775.0,10315.0,1,10100.0,0.0,0.0,0.0,0.0,0.0,0
2023-05-10 21:37:06,nr2402,nr2402,10100.0,0.0,0.0,0.0,2,9775.0,10310.0,2,10100.0,0.0,0.0,0.0,0.0,0.0,0
2023-05-10 21:37:07,nr2402,nr2402,10100.0,0.0,0.0,0.0,2,9775.0,10305.0,1,10100.0,0.0,0.0,0.0,0.0,0.0,0
2023-05-10 21:37:30,nr2402,nr2402,10100.0,0.0,0.0,0.0,2,9775.0,10305.0,1,10100.0,0.0,0.0,0.0,0.0,0.0,0
2023-05-10 21:37:50,nr2402,nr2402,10100.0,0.0,0.0,0.0,2,9775.0,10300.0,2,10100.0,0.0,0.0,0.0,0.0,0.0,0
2023-05-10 21:37:50,nr2402,nr2402,10100.0,0.0,0.0,0.0,2,9775.0,10295.0,1,10100.0,0.0,0.0,0.0,0.0,0.0,0
2023-05-10 21:38:24,nr2402,nr2402,10100.0,0.0,0.0,0.0,2,9775.0,10295.0,1,10100.0,0.0,0.0,0.0,0.0,0.0,0
2023-05-10 21:38:33,nr2402,nr2402,10100.0,0.0,0.0,0.0,2,9780.0,10295.0,1,10100.0,0.0,0.0,0.0,0.0,0.0,0
2023-05-10 21:43:32,nr2402,nr2402,10100.0,0.0,0.0,0.0,2,9775.0,10295.0,1,10100.0,0.0,0.0,0.0,0.0,0.0,0
2023-05-10 21:43:32,nr2402,nr2402,10100.0,0.0,0.0,0.0,1,9775.0,10295.0,1,10100.0,0.0,0.0,0.0,0.0,0.0,0
2023-05-10 21:43:34,nr2402,nr2402,10100.0,0.0,0.0,0.0,2,9775.0,10295.0,1,10100.0,0.0,0.0,0.0,0.0,0.0,0
2023-05-10 21:43:35,nr2402,nr2402,10100.0,0.0,0.0,0.0,2,9780.0,10295.0,1,10100.0,0.0,0.0,0.0,0.0,0.0,0
2023-05-10 21:48:35,nr2402,nr2402,10100.0,0.0,0.0,0.0,2,9775.0,10295.0,1,10100.0,0.0,0.0,0.0,0.0,0.0,0
2023-05-10 21:48:36,nr2402,nr2402,10100.0,0.0,0.0,0.0,1,9775.0,10295.0,1,10100.0,0.0,0.0,0.0,0.0,0.0,0
2023-05-10 21:48:37,nr2402,nr2402,10100.0,0.0,0.0,0.0,2,9775.0,10295.0,1,10100.0,0.0,0.0,0.0,0.0,0.0,0
2023-05-10 21:49:17,nr2402,nr2402,10100.0,0.0,0.0,0.0,2,9780.0,10295.0,1,10100.0,0.0,0.0,0.0,0.0,0.0,0
2023-05-10 21:52:37,nr2402,nr2402,10100.0,0.0,0.0,0.0,2,9775.0,10295.0,1,10100.0,0.0,0.0,0.0,0.0,0.0,0
2023-05-10 21:52:53,nr2402,nr2402,10100.0,0.0,0.0,0.0,2,9775.0,10290.0,2,10100.0,0.0,0.0,0.0,0.0,0.0,0
2023-05-10 21:52:54,nr2402,nr2402,10100.0,0.0,0.0,0.0,2,9775.0,10285.0,1,10100.0,0.0,0.0,0.0,0.0,0.0,0
2023-05-10 21:53:02,nr2402,nr2402,10100.0,0.0,0.0,0.0,2,9775.0,10285.0,1,10100.0,0.0,0.0,0.0,0.0,0.0,0
2023-05-10 21:53:36,nr2402,nr2402,10100.0,0.0,0.0,0.0,2,9780.0,10285.0,1,10100.0,0.0,0.0,0.0,0.0,0.0,0
2023-05-10 21:58:34,nr2402,nr2402,10100.0,0.0,0.0,0.0,2,9775.0,10285.0,1,10100.0,0.0,0.0,0.0,0.0,0.0,0
2023-05-10 21:58:35,nr2402,nr2402,10100.0,0.0,0.0,0.0,1,9775.0,10285.0,1,10100.0,0.0,0.0,0.0,0.0,0.0,0
2023-05-10 21:58:38,nr2402,nr2402,10100.0,0.0,0.0,0.0,2,9780.0,10285.0,1,10100.0,0.0,0.0,0.0,0.0,0.0,0
2023-05-10 21:58:38,nr2402,nr2402,10100.0,0.0,0.0,0.0,3,9780.0,10285.0,1,10100.0,0.0,0.0,0.0,0.0,0.0,0
2023-05-10 22:03:37,nr2402,nr2402,10100.0,0.0,0.0,0.0,1,9780.0,10285.0,1,10100.0,0.0,0.0,0.0,0.0,0.0,0
2023-05-10 22:03:39,nr2402,nr2402,10100.0,0.0,0.0,0.0,2,9785.0,10285.0,1,10100.0,0.0,0.0,0.0,0.0,0.0,0
2023-05-10 22:08:39,nr2402,nr2402,10100.0,0.0,0.0,0.0,1,9780.0,10285.0,1,10100.0,0.0,0.0,0.0,0.0,0.0,0
2023-05-10 22:08:39,nr2402,nr2402,10100.0,0.0,0.0,0.0,1,9775.0,10285.0,1,10100.0,0.0,0.0,0.0,0.0,0.0,0
2023-05-10 22:08:40,nr2402,nr2402,10100.0,0.0,0.0,0.0,2,9775.0,10285.0,1,10100.0,0.0,0.0,0.0,0.0,0.0,0
2023-05-10 22:09:16,nr2402,nr2402,10100.0,0.0,0.0,0.0,2,9780.0,10285.0,1,10100.0,0.0,0.0,0.0,0.0,0.0,0
2023-05-10 22:14:15,nr2402,nr2402,10100.0,0.0,0.0,0.0,2,9775.0,10285.0,1,10100.0,0.0,0.0,0.0,0.0,0.0,0
2023-05-10 22:14:16,nr2402,nr2402,10100.0,0.0,0.0,0.0,1,9775.0,10285.0,1,10100.0,0.0,0.0,0.0,0.0,0.0,0
2023-05-10 22:14:17,nr2402,nr2402,10100.0,0.0,0.0,0.0,2,9775.0,10285.0,1,10100.0,0.0,0.0,0.0,0.0,0.0,0
2023-05-10 22:14:57,nr2402,nr2402,10100.0,0.0,0.0,0.0,2,9780.0,10285.0,1,10100.0,0.0,0.0,0.0,0.0,0.0,0
2023-05-10 22:18:22,nr2402,nr2402,10100.0,0.0,0.0,0.0,2,9775.0,10285.0,1,10100.0,0.0,0.0,0.0,0.0,0.0,0
2023-05-10 22:18:29,nr2402,nr2402,10100.0,0.0,0.0,0.0,2,9775.0,10280.0,2,10100.0,0.0,0.0,0.0,0.0,0.0,0
2023-05-10 22:18:30,nr2402,nr2402,10100.0,0.0,0.0,0.0,2,9775.0,10275.0,1,10100.0,0.0,0.0,0.0,0.0,0.0,0
2023-05-10 22:18:30,nr2402,nr2402,10100.0,0.0,0.0,0.0,2,9775.0,10275.0,2,10100.0,0.0,0.0,0.0,0.0,0.0,0
2023-05-10 22:19:08,nr2402,nr2402,10100.0,0.0,0.0,0.0,2,9775.0,10275.0,2,10100.0,0.0,0.0,0.0,0.0,0.0,0
2023-05-10 22:19:12,nr2402,nr2402,10100.0,0.0,0.0,0.0,2,9775.0,10270.0,2,10100.0,0.0,0.0,0.0,0.0,0.0,0
2023-05-10 22:19:13,nr2402,nr2402,10100.0,0.0,0.0,0.0,2,9775.0,10265.0,1,10100.0,0.0,0.0,0.0,0.0,0.0,0
2023-05-10 22:19:20,nr2402,nr2402,10100.0,0.0,0.0,0.0,1,9775.0,10265.0,1,10100.0,0.0,0.0,0.0,0.0,0.0,0
2023-05-10 22:19:21,nr2402,nr2402,10100.0,0.0,0.0,0.0,2,9775.0,10265.0,1,10100.0,0.0,0.0,0.0,0.0,0.0,0
2023-05-10 22:19:51,nr2402,nr2402,10100.0,0.0,0.0,0.0,2,9775.0,10265.0,1,10100.0,0.0,0.0,0.0,0.0,0.0,0
2023-05-10 22:19:56,nr2402,nr2402,10100.0,0.0,0.0,0.0,2,9775.0,10260.0,2,10100.0,0.0,0.0,0.0,0.0,0.0,0
2023-05-10 22:19:56,nr2402,nr2402,10100.0,0.0,0.0,0.0,2,9775.0,10255.0,1,10100.0,0.0,0.0,0.0,0.0,0.0,0
2023-05-10 22:20:22,nr2402,nr2402,10100.0,0.0,0.0,0.0,2,9775.0,10255.0,1,10100.0,0.0,0.0,0.0,0.0,0.0,0
2023-05-10 22:20:39,nr2402,nr2402,10100.0,0.0,0.0,0.0,2,9780.0,10255.0,1,10100.0,0.0,0.0,0.0,0.0,0.0,0
2023-05-10 22:22:16,nr2402,nr2402,10100.0,0.0,0.0,0.0,2,9775.0,10255.0,1,10100.0,0.0,0.0,0.0,0.0,0.0,0
2023-05-10 22:22:47,nr2402,nr2402,10100.0,0.0,0.0,0.0,2,9775.0,10250.0,2,10100.0,0.0,0.0,0.0,0.0,0.0,0
2023-05-10 22:22:47,nr2402,nr2402,10100.0,0.0,0.0,0.0,2,9775.0,10245.0,1,10100.0,0.0,0.0,0.0,0.0,0.0,0
2023-05-10 22:23:25,nr2402,nr2402,10100.0,0.0,0.0,0.0,2,9775.0,10245.0,1,10100.0,0.0,0.0,0.0,0.0,0.0,0
2023-05-10 22:23:32,nr2402,nr2402,10100.0,0.0,0.0,0.0,2,9775.0,10240.0,2,10100.0,0.0,0.0,0.0,0.0,0.0,0
2023-05-10 22:23:32,nr2402,nr2402,10100.0,0.0,0.0,0.0,2,9775.0,10235.0,1,10100.0,0.0,0.0,0.0,0.0,0.0,0
2023-05-10 22:24:11,nr2402,nr2402,10100.0,0.0,0.0,0.0,2,9775.0,10235.0,1,10100.0,0.0,0.0,0.0,0.0,0.0,0
2023-05-10 22:24:15,nr2402,nr2402,10100.0,0.0,0.0,0.0,2,9775.0,10230.0,2,10100.0,0.0,0.0,0.0,0.0,0.0,0
2023-05-10 22:24:15,nr2402,nr2402,10100.0,0.0,0.0,0.0,2,9775.0,10225.0,1,10100.0,0.0,0.0,0.0,0.0,0.0,0
2023-05-10 22:24:22,nr2402,nr2402,10100.0,0.0,0.0,0.0,1,9775.0,10225.0,1,10100.0,0.0,0.0,0.0,0.0,0.0,0
2023-05-10 22:24:25,nr2402,nr2402,10100.0,0.0,0.0,0.0,2,9775.0,10225.0,1,10100.0,0.0,0.0,0.0,0.0,0.0,0
2023-05-10 22:24:54,nr2402,nr2402,10100.0,0.0,0.0,0.0,2,9775.0,10225.0,1,10100.0,0.0,0.0,0.0,0.0,0.0,0
2023-05-10 22:24:58,nr2402,nr2402,10100.0,0.0,0.0,0.0,2,9775.0,10220.0,2,10100.0,0.0,0.0,0.0,0.0,0.0,0
2023-05-10 22:24:59,nr2402,nr2402,10100.0,0.0,0.0,0.0,2,9775.0,10215.0,1,10100.0,0.0,0.0,0.0,0.0,0.0,0
2023-05-10 22:25:32,nr2402,nr2402,10100.0,0.0,0.0,0.0,2,9775.0,10215.0,1,10100.0,0.0,0.0,0.0,0.0,0.0,0
2023-05-10 22:25:42,nr2402,nr2402,10100.0,0.0,0.0,0.0,2,9780.0,10215.0,1,10100.0,0.0,0.0,0.0,0.0,0.0,0
2023-05-10 22:26:13,nr2402,nr2402,10100.0,0.0,0.0,0.0,2,9775.0,10215.0,1,10100.0,0.0,0.0,0.0,0.0,0.0,0
2023-05-10 22:26:25,nr2402,nr2402,10100.0,0.0,0.0,0.0,2,9775.0,10210.0,2,10100.0,0.0,0.0,0.0,0.0,0.0,0
2023-05-10 22:26:25,nr2402,nr2402,10100.0,0.0,0.0,0.0,2,9775.0,10205.0,1,10100.0,0.0,0.0,0.0,0.0,0.0,0
2023-05-10 22:27:03,nr2402,nr2402,10100.0,0.0,0.0,0.0,2,9775.0,10205.0,1,10100.0,0.0,0.0,0.0,0.0,0.0,0
2023-05-10 22:27:07,nr2402,nr2402,10100.0,0.0,0.0,0.0,2,9775.0,10200.0,2,10100.0,0.0,0.0,0.0,0.0,0.0,0
2023-05-10 22:27:08,nr2402,nr2402,10100.0,0.0,0.0,0.0,2,9775.0,10195.0,1,10100.0,0.0,0.0,0.0,0.0,0.0,0
2023-05-10 22:27:08,nr2402,nr2402,10100.0,0.0,0.0,0.0,2,9775.0,10195.0,2,10100.0,0.0,0.0,0.0,0.0,0.0,0
2023-05-10 22:27:22,nr2402,nr2402,10100.0,0.0,0.0,0.0,2,9775.0,10195.0,2,10100.0,0.0,0.0,0.0,0.0,0.0,0
2023-05-10 22:27:49,nr2402,nr2402,10100.0,0.0,0.0,0.0,2,9780.0,10195.0,2,10100.0,0.0,0.0,0.0,0.0,0.0,0
2023-05-10 22:28:52,nr2402,nr2402,10100.0,0.0,0.0,0.0,2,9775.0,10195.0,2,10100.0,0.0,0.0,0.0,0.0,0.0,0
2023-05-10 22:29:15,nr2402,nr2402,10100.0,0.0,0.0,0.0,2,9775.0,10190.0,2,10100.0,0.0,0.0,0.0,0.0,0.0,0
2023-05-10 22:29:15,nr2402,nr2402,10100.0,0.0,0.0,0.0,2,9775.0,10185.0,1,10100.0,0.0,0.0,0.0,0.0,0.0,0
2023-05-10 22:29:24,nr2402,nr2402,10100.0,0.0,0.0,0.0,2,9775.0,10185.0,1,10100.0,0.0,0.0,0.0,0.0,0.0,0
2023-05-10 22:29:26,nr2402,nr2402,10100.0,0.0,0.0,0.0,1,9775.0,10185.0,1,10100.0,0.0,0.0,0.0,0.0,0.0,0
2023-05-10 22:29:27,nr2402,nr2402,10100.0,0.0,0.0,0.0,2,9775.0,10185.0,1,10100.0,0.0,0.0,0.0,0.0,0.0,0
2023-05-10 22:29:53,nr2402,nr2402,10100.0,0.0,0.0,0.0,2,9775.0,10185.0,1,10100.0,0.0,0.0,0.0,0.0,0.0,0
2023-05-10 22:29:58,nr2402,nr2402,10100.0,0.0,0.0,0.0,2,9775.0,10180.0,2,10100.0,0.0,0.0,0.0,0.0,0.0,0
2023-05-10 22:29:58,nr2402,nr2402,10100.0,0.0,0.0,0.0,2,9775.0,10175.0,1,10100.0,0.0,0.0,0.0,0.0,0.0,0
2023-05-10 22:30:20,nr2402,nr2402,10100.0,0.0,0.0,0.0,2,9775.0,10175.0,1,10100.0,0.0,0.0,0.0,0.0,0.0,0
2023-05-10 22:30:41,nr2402,nr2402,10100.0,0.0,0.0,0.0,2,9780.0,10175.0,1,10100.0,0.0,0.0,0.0,0.0,0.0,0
2023-05-10 22:34:28,nr2402,nr2402,10100.0,0.0,0.0,0.0,2,9775.0,10175.0,1,10100.0,0.0,0.0,0.0,0.0,0.0,0
2023-05-10 22:34:29,nr2402,nr2402,10100.0,0.0,0.0,0.0,1,9775.0,10175.0,1,10100.0,0.0,0.0,0.0,0.0,0.0,0
2023-05-10 22:34:31,nr2402,nr2402,10100.0,0.0,0.0,0.0,2,9775.0,10175.0,1,10100.0,0.0,0.0,0.0,0.0,0.0,0
2023-05-10 22:35:00,nr2402,nr2402,10100.0,0.0,0.0,0.0,2,9775.0,10170.0,2,10100.0,0.0,0.0,0.0,0.0,0.0,0
2023-05-10 22:35:01,nr2402,nr2402,10100.0,0.0,0.0,0.0,2,9775.0,10165.0,1,10100.0,0.0,0.0,0.0,0.0,0.0,0
2023-05-10 22:35:39,nr2402,nr2402,10100.0,0.0,0.0,0.0,2,9775.0,10165.0,1,10100.0,0.0,0.0,0.0,0.0,0.0,0
2023-05-10 22:35:43,nr2402,nr2402,10100.0,0.0,0.0,0.0,2,9780.0,10165.0,1,10100.0,0.0,0.0,0.0,0.0,0.0,0
2023-05-10 22:37:17,nr2402,nr2402,10100.0,0.0,0.0,0.0,2,9775.0,10165.0,1,10100.0,0.0,0.0,0.0,0.0,0.0,0
2023-05-10 22:37:48,nr2402,nr2402,10100.0,0.0,0.0,0.0,2,9775.0,10165.0,1,10100.0,0.0,0.0,0.0,0.0,0.0,0
2023-05-10 22:37:51,nr2402,nr2402,10100.0,0.0,0.0,0.0,2,9775.0,10160.0,2,10100.0,0.0,0.0,0.0,0.0,0.0,0
2023-05-10 22:37:52,nr2402,nr2402,10100.0,0.0,0.0,0.0,2,9775.0,10155.0,1,10100.0,0.0,0.0,0.0,0.0,0.0,0
2023-05-10 22:37:56,nr2402,nr2402,10100.0,0.0,0.0,0.0,1,9775.0,10155.0,1,10100.0,0.0,0.0,0.0,0.0,0.0,0
2023-05-10 22:38:31,nr2402,nr2402,10100.0,0.0,0.0,0.0,1,9775.0,10155.0,1,10100.0,0.0,0.0,0.0,0.0,0.0,0
2023-05-10 22:38:35,nr2402,nr2402,10100.0,0.0,0.0,0.0,1,9775.0,10150.0,2,10100.0,0.0,0.0,0.0,0.0,0.0,0
2023-05-10 22:38:35,nr2402,nr2402,10100.0,0.0,0.0,0.0,1,9775.0,10150.0,2,10100.0,0.0,0.0,0.0,0.0,0.0,0
2023-05-10 22:39:32,nr2402,nr2402,10100.0,0.0,0.0,0.0,1,9710.0,10150.0,2,10100.0,0.0,0.0,0.0,0.0,0.0,0
2023-05-10 22:39:32,nr2402,nr2402,10100.0,0.0,0.0,0.0,1,9715.0,10150.0,2,10100.0,0.0,0.0,0.0,0.0,0.0,0
2023-05-10 22:39:33,nr2402,nr2402,10100.0,0.0,0.0,0.0,2,9715.0,10150.0,2,10100.0,0.0,0.0,0.0,0.0,0.0,0
2023-05-10 22:39:33,nr2402,nr2402,10100.0,0.0,0.0,0.0,2,9715.0,10195.0,1,10100.0,0.0,0.0,0.0,0.0,0.0,0
2023-05-10 22:39:34,nr2402,nr2402,10100.0,0.0,0.0,0.0,2,9715.0,10190.0,1,10100.0,0.0,0.0,0.0,0.0,0.0,0
2023-05-10 22:39:43,nr2402,nr2402,10100.0,0.0,0.0,0.0,2,9715.0,10190.0,2,10100.0,0.0,0.0,0.0,0.0,0.0,0
2023-05-10 22:40:01,nr2402,nr2402,10100.0,0.0,0.0,0.0,2,9715.0,10185.0,2,10100.0,0.0,0.0,0.0,0.0,0.0,0
2023-05-10 22:40:01,nr2402,nr2402,10100.0,0.0,0.0,0.0,2,9715.0,10180.0,1,10100.0,0.0,0.0,0.0,0.0,0.0,0
2023-05-10 22:40:14,nr2402,nr2402,10100.0,0.0,0.0,0.0,2,9715.0,10180.0,1,10100.0,0.0,0.0,0.0,0.0,0.0,0
2023-05-10 22:40:44,nr2402,nr2402,10100.0,0.0,0.0,0.0,2,9715.0,10175.0,2,10100.0,0.0,0.0,0.0,0.0,0.0,0
2023-05-10 22:40:44,nr2402,nr2402,10100.0,0.0,0.0,0.0,2,9715.0,10170.0,1,10100.0,0.0,0.0,0.0,0.0,0.0,0
2023-05-10 22:41:02,nr2402,nr2402,10100.0,0.0,0.0,0.0,2,9715.0,10170.0,1,10100.0,0.0,0.0,0.0,0.0,0.0,0
2023-05-10 22:41:03,nr2402,nr2402,10100.0,0.0,0.0,0.0,2,9715.0,10170.0,1,10100.0,0.0,0.0,0.0,0.0,0.0,0
2023-05-10 22:41:23,nr2402,nr2402,10100.0,0.0,0.0,0.0,2,9715.0,10170.0,1,10100.0,0.0,0.0,0.0,0.0,0.0,0
2023-05-10 22:41:27,nr2402,nr2402,10100.0,0.0,0.0,0.0,2,9715.0,10165.0,2,10100.0,0.0,0.0,0.0,0.0,0.0,0
2023-05-10 22:41:28,nr2402,nr2402,10100.0,0.0,0.0,0.0,2,9715.0,10160.0,1,10100.0,0.0,0.0,0.0,0.0,0.0,0
2023-05-10 22:42:06,nr2402,nr2402,10100.0,0.0,0.0,0.0,2,9715.0,10160.0,1,10100.0,0.0,0.0,0.0,0.0,0.0,0
2023-05-10 22:42:09,nr2402,nr2402,10100.0,0.0,0.0,0.0,2,9720.0,10160.0,1,10100.0,0.0,0.0,0.0,0.0,0.0,0
2023-05-10 22:42:10,nr2402,nr2402,10100.0,0.0,0.0,0.0,1,9725.0,10160.0,1,10100.0,0.0,0.0,0.0,0.0,0.0,0
2023-05-10 22:42:48,nr2402,nr2402,10100.0,0.0,0.0,0.0,1,9725.0,10160.0,1,10100.0,0.0,0.0,0.0,0.0,0.0,0
2023-05-10 22:42:52,nr2402,nr2402,10100.0,0.0,0.0,0.0,2,9730.0,10160.0,1,10100.0,0.0,0.0,0.0,0.0,0.0,0
2023-05-10 22:42:52,nr2402,nr2402,10100.0,0.0,0.0,0.0,1,9735.0,10160.0,1,10100.0,0.0,0.0,0.0,0.0,0.0,0
2023-05-10 22:43:22,nr2402,nr2402,10100.0,0.0,0.0,0.0,1,9735.0,10160.0,1,10100.0,0.0,0.0,0.0,0.0,0.0,0
2023-05-10 22:43:35,nr2402,nr2402,10100.0,0.0,0.0,0.0,1,9735.0,10155.0,2,10100.0,0.0,0.0,0.0,0.0,0.0,0
2023-05-10 22:43:36,nr2402,nr2402,10100.0,0.0,0.0,0.0,1,9735.0,10155.0,2,10100.0,0.0,0.0,0.0,0.0,0.0,0
2023-05-10 22:48:35,nr2402,nr2402,10100.0,0.0,0.0,0.0,1,9735.0,10190.0,1,10100.0,0.0,0.0,0.0,0.0,0.0,0
2023-05-10 22:48:35,nr2402,nr2402,10100.0,0.0,0.0,0.0,1,9735.0,10185.0,1,10100.0,0.0,0.0,0.0,0.0,0.0,0
2023-05-10 22:48:38,nr2402,nr2402,10100.0,0.0,0.0,0.0,1,9735.0,10185.0,2,10100.0,0.0,0.0,0.0,0.0,0.0,0
2023-05-10 22:49:16,nr2402,nr2402,10100.0,0.0,0.0,0.0,1,9735.0,10180.0,2,10100.0,0.0,0.0,0.0,0.0,0.0,0
2023-05-10 22:49:16,nr2402,nr2402,10100.0,0.0,0.0,0.0,1,9735.0,10175.0,1,10100.0,0.0,0.0,0.0,0.0,0.0,0
2023-05-10 22:49:54,nr2402,nr2402,10100.0,0.0,0.0,0.0,1,9735.0,10175.0,1,10100.0,0.0,0.0,0.0,0.0,0.0,0
2023-05-10 22:50:00,nr2402,nr2402,10100.0,0.0,0.0,0.0,1,9735.0,10170.0,2,10100.0,0.0,0.0,0.0,0.0,0.0,0
2023-05-10 22:50:01,nr2402,nr2402,10100.0,0.0,0.0,0.0,1,9735.0,10165.0,1,10100.0,0.0,0.0,0.0,0.0,0.0,0
2023-05-10 22:50:39,nr2402,nr2402,10100.0,0.0,0.0,0.0,1,9735.0,10165.0,1,10100.0,0.0,0.0,0.0,0.0,0.0,0
2023-05-10 22:50:42,nr2402,nr2402,10100.0,0.0,0.0,0.0,1,9735.0,10160.0,2,10100.0,0.0,0.0,0.0,0.0,0.0,0
2023-05-10 22:50:43,nr2402,nr2402,10100.0,0.0,0.0,0.0,1,9735.0,10155.0,1,10100.0,0.0,0.0,0.0,0.0,0.0,0
2023-05-10 22:51:21,nr2402,nr2402,10100.0,0.0,0.0,0.0,1,9735.0,10155.0,1,10100.0,0.0,0.0,0.0,0.0,0.0,0
2023-05-10 22:51:25,nr2402,nr2402,10100.0,0.0,0.0,0.0,1,9735.0,10150.0,2,10100.0,0.0,0.0,0.0,0.0,0.0,0
2023-05-10 22:51:26,nr2402,nr2402,10100.0,0.0,0.0,0.0,1,9735.0,10150.0,2,10100.0,0.0,0.0,0.0,0.0,0.0,0
2023-05-10 22:52:57,nr2402,nr2402,10100.0,0.0,0.0,0.0,1,9715.0,10150.0,2,10100.0,0.0,0.0,0.0,0.0,0.0,0
2023-05-10 22:52:57,nr2402,nr2402,10100.0,0.0,0.0,0.0,1,9710.0,10150.0,2,10100.0,0.0,0.0,0.0,0.0,0.0,0
2023-05-10 22:52:59,nr2402,nr2402,10100.0,0.0,0.0,0.0,1,9715.0,10145.0,1,10100.0,0.0,0.0,0.0,0.0,0.0,0
2023-05-10 22:53:35,nr2402,nr2402,10100.0,0.0,0.0,0.0,1,9715.0,10145.0,1,10100.0,0.0,0.0,0.0,0.0,0.0,0
2023-05-10 22:54:15,nr2402,nr2402,10100.0,0.0,0.0,0.0,2,9720.0,10145.0,1,10100.0,0.0,0.0,0.0,0.0,0.0,0
2023-05-10 22:54:16,nr2402,nr2402,10100.0,0.0,0.0,0.0,1,9725.0,10145.0,1,10100.0,0.0,0.0,0.0,0.0,0.0,0
2023-05-10 22:54:54,nr2402,nr2402,10100.0,0.0,0.0,0.0,1,9725.0,10145.0,1,10100.0,0.0,0.0,0.0,0.0,0.0,0
2023-05-10 22:54:59,nr2402,nr2402,10100.0,0.0,0.0,0.0,1,9725.0,10140.0,2,10100.0,0.0,0.0,0.0,0.0,0.0,0
2023-05-10 22:54:59,nr2402,nr2402,10100.0,0.0,0.0,0.0,1,9725.0,10135.0,1,10100.0,0.0,0.0,0.0,0.0,0.0,0
2023-05-10 22:55:38,nr2402,nr2402,10100.0,0.0,0.0,0.0,1,9725.0,10135.0,1,10100.0,0.0,0.0,0.0,0.0,0.0,0
2023-05-10 22:55:42,nr2402,nr2402,10100.0,0.0,0.0,0.0,1,9725.0,10130.0,2,10100.0,0.0,0.0,0.0,0.0,0.0,0
2023-05-10 22:55:43,nr2402,nr2402,10100.0,0.0,0.0,0.0,1,9725.0,10125.0,1,10100.0,0.0,0.0,0.0,0.0,0.0,0
2023-05-10 22:55:45,nr2402,nr2402,10100.0,0.0,0.0,0.0,1,9725.0,10125.0,1,10100.0,0.0,0.0,0.0,0.0,0.0,0
2023-05-10 22:55:47,nr2402,nr2402,10100.0,0.0,0.0,0.0,1,9725.0,10125.0,1,10100.0,0.0,0.0,0.0,0.0,0.0,0
2023-05-10 22:56:21,nr2402,nr2402,10100.0,0.0,0.0,0.0,1,9725.0,10125.0,1,10100.0,0.0,0.0,0.0,0.0,0.0,0
2023-05-10 22:56:24,nr2402,nr2402,10100.0,0.0,0.0,0.0,1,9725.0,10120.0,2,10100.0,0.0,0.0,0.0,0.0,0.0,0
2023-05-10 22:56:24,nr2402,nr2402,10100.0,0.0,0.0,0.0,1,9725.0,10115.0,1,10100.0,0.0,0.0,0.0,0.0,0.0,0
2023-05-10 22:57:03,nr2402,nr2402,10100.0,0.0,0.0,0.0,1,9725.0,10115.0,1,10100.0,0.0,0.0,0.0,0.0,0.0,0
2023-05-10 22:57:06,nr2402,nr2402,10100.0,0.0,0.0,0.0,1,9725.0,10110.0,2,10100.0,0.0,0.0,0.0,0.0,0.0,0
2023-05-10 22:57:07,nr2402,nr2402,10100.0,0.0,0.0,0.0,1,9725.0,10105.0,1,10100.0,0.0,0.0,0.0,0.0,0.0,0
2023-05-10 22:57:07,nr2402,nr2402,10100.0,0.0,0.0,0.0,1,9725.0,10105.0,2,10100.0,0.0,0.0,0.0,0.0,0.0,0
2023-05-10 22:57:45,nr2402,nr2402,10100.0,0.0,0.0,0.0,1,9725.0,10105.0,2,10100.0,0.0,0.0,0.0,0.0,0.0,0
2023-05-10 22:57:48,nr2402,nr2402,10100.0,0.0,0.0,0.0,1,9725.0,10100.0,2,10100.0,0.0,0.0,0.0,0.0,0.0,0
2023-05-10 22:57:49,nr2402,nr2402,10100.0,0.0,0.0,0.0,1,9725.0,10100.0,2,10100.0,0.0,0.0,0.0,0.0,0.0,0
2023-05-10 22:58:13,nr2402,nr2402,10100.0,0.0,0.0,0.0,1,9710.0,10100.0,2,10100.0,0.0,0.0,0.0,0.0,0.0,0
2023-05-10 22:58:14,nr2402,nr2402,10100.0,0.0,0.0,0.0,1,9675.0,10100.0,2,10100.0,0.0,0.0,0.0,0.0,0.0,0
2023-05-10 22:58:15,nr2402,nr2402,10100.0,0.0,0.0,0.0,1,9675.0,10105.0,1,10100.0,0.0,0.0,0.0,0.0,0.0,0
2023-05-10 22:58:15,nr2402,nr2402,10100.0,0.0,0.0,0.0,2,9675.0,10105.0,1,10100.0,0.0,0.0,0.0,0.0,0.0,0
2023-05-10 22:58:30,nr2402,nr2402,10100.0,0.0,0.0,0.0,2,9680.0,10105.0,1,10100.0,0.0,0.0,0.0,0.0,0.0,0
2023-05-10 22:59:33,nr2402,nr2402,10100.0,0.0,0.0,0.0,2,9680.0,10105.0,1,10100.0,0.0,0.0,0.0,0.0,0.0,0
2023-05-10 22:59:33,nr2402,nr2402,10100.0,0.0,0.0,0.0,2,9680.0,10105.0,1,10100.0,0.0,0.0,0.0,0.0,0.0,0
2023-05-10 22:59:34,nr2402,nr2402,10100.0,0.0,0.0,0.0,2,9680.0,10105.0,1,10100.0,0.0,0.0,0.0,0.0,0.0,0
2023-05-10 22:59:38,nr2402,nr2402,10100.0,0.0,0.0,0.0,2,9680.0,10475.0,1,10100.0,0.0,0.0,0.0,0.0,0.0,0
2023-05-10 22:59:38,nr2402,nr2402,10100.0,0.0,0.0,0.0,2,9680.0,0.0,0,10100.0,0.0,0.0,0.0,0.0,0.0,0
2023-05-10 22:59:39,nr2402,nr2402,10100.0,0.0,0.0,0.0,2,9680.0,11705.0,1,10100.0,0.0,0.0,0.0,0.0,0.0,0
2023-05-10 22:59:41,nr2402,nr2402,10100.0,0.0,0.0,0.0,1,9500.0,11705.0,1,10100.0,0.0,0.0,0.0,0.0,0.0,0
2023-05-10 22:59:41,nr2402,nr2402,10100.0,0.0,0.0,0.0,0,0.0,11705.0,1,10100.0,0.0,0.0,0.0,0.0,0.0,0
2023-05-10 22:59:44,nr2402,nr2402,10100.0,0.0,0.0,0.0,1,8490.0,11705.0,1,10100.0,0.0,0.0,0.0,0.0,0.0,0
2023-05-10 22:59:59,nr2402,nr2402,10100.0,0.0,0.0,0.0,0,0.0,0.0,0,10100.0,0.0,0.0,0.0,0.0,0.0,0
2023-05-11 09:00:01,nr2402,nr2402,10100.0,0.0,0.0,0.0,1,8480.0,11715.0,1,10100.0,0.0,0.0,0.0,0.0,0.0,0
2023-05-11 09:00:02,nr2402,nr2402,10100.0,0.0,0.0,0.0,1,8490.0,11705.0,1,10100.0,0.0,0.0,0.0,0.0,0.0,0
2023-05-11 09:00:15,nr2402,nr2402,10100.0,0.0,0.0,0.0,1,8495.0,11700.0,2,10100.0,0.0,0.0,0.0,0.0,0.0,0
2023-05-11 09:00:16,nr2402,nr2402,10100.0,0.0,0.0,0.0,1,8505.0,11690.0,1,10100.0,0.0,0.0,0.0,0.0,0.0,0
2023-05-11 09:00:16,nr2402,nr2402,10100.0,0.0,0.0,0.0,1,8505.0,11685.0,2,10100.0,0.0,0.0,0.0,0.0,0.0,0
2023-05-11 09:00:17,nr2402,nr2402,10100.0,0.0,0.0,0.0,1,8505.0,11675.0,1,10100.0,0.0,0.0,0.0,0.0,0.0,0
2023-05-11 09:00:17,nr2402,nr2402,10100.0,0.0,0.0,0.0,1,8505.0,11670.0,2,10100.0,0.0,0.0,0.0,0.0,0.0,0
2023-05-11 09:00:18,nr2402,nr2402,10100.0,0.0,0.0,0.0,1,9625.0,10350.0,1,10100.0,0.0,0.0,0.0,0.0,0.0,0
2023-05-11 09:00:18,nr2402,nr2402,10100.0,0.0,0.0,0.0,1,9625.0,10350.0,1,10100.0,0.0,0.0,0.0,0.0,0.0,0
2023-05-11 09:00:19,nr2402,nr2402,10100.0,0.0,0.0,0.0,1,9625.0,10350.0,1,10100.0,0.0,0.0,0.0,0.0,0.0,0
2023-05-11 09:00:19,nr2402,nr2402,10100.0,0.0,0.0,0.0,2,9625.0,10350.0,2,10100.0,0.0,0.0,0.0,0.0,0.0,0
2023-05-11 09:00:31,nr2402,nr2402,10100.0,0.0,0.0,0.0,2,9625.0,10350.0,2,10100.0,0.0,0.0,0.0,0.0,0.0,0
2023-05-11 09:01:02,nr2402,nr2402,10100.0,0.0,0.0,0.0,2,9625.0,10345.0,2,10100.0,0.0,0.0,0.0,0.0,0.0,0
2023-05-11 09:05:20,nr2402,nr2402,10100.0,0.0,0.0,0.0,1,9625.0,10345.0,2,10100.0,0.0,0.0,0.0,0.0,0.0,0
2023-05-11 09:05:22,nr2402,nr2402,10100.0,0.0,0.0,0.0,2,9625.0,10345.0,2,10100.0,0.0,0.0,0.0,0.0,0.0,0
2023-05-11 09:06:00,nr2402,nr2402,10100.0,0.0,0.0,0.0,2,9625.0,10350.0,2,10100.0,0.0,0.0,0.0,0.0,0.0,0
2023-05-11 09:06:01,nr2402,nr2402,10100.0,0.0,0.0,0.0,2,9625.0,10350.0,1,10100.0,0.0,0.0,0.0,0.0,0.0,0
2023-05-11 09:06:03,nr2402,nr2402,10100.0,0.0,0.0,0.0,2,9625.0,10350.0,2,10100.0,0.0,0.0,0.0,0.0,0.0,0
2023-05-11 09:06:41,nr2402,nr2402,10100.0,0.0,0.0,0.0,2,9625.0,10345.0,2,10100.0,0.0,0.0,0.0,0.0,0.0,0
2023-05-11 09:09:50,nr2402,nr2402,10100.0,0.0,0.0,0.0,2,9625.0,10345.0,2,10100.0,0.0,0.0,0.0,0.0,0.0,0
2023-05-11 09:09:51,nr2402,nr2402,10100.0,0.0,0.0,0.0,2,9625.0,10345.0,2,10100.0,0.0,0.0,0.0,0.0,0.0,0
2023-05-11 09:10:23,nr2402,nr2402,10100.0,0.0,0.0,0.0,1,9625.0,10345.0,2,10100.0,0.0,0.0,0.0,0.0,0.0,0
2023-05-11 09:10:27,nr2402,nr2402,10100.0,0.0,0.0,0.0,2,9625.0,10345.0,2,10100.0,0.0,0.0,0.0,0.0,0.0,0
2023-05-11 09:11:39,nr2402,nr2402,10100.0,0.0,0.0,0.0,2,9625.0,10350.0,2,10100.0,0.0,0.0,0.0,0.0,0.0,0
2023-05-11 09:11:40,nr2402,nr2402,10100.0,0.0,0.0,0.0,2,9625.0,10350.0,1,10100.0,0.0,0.0,0.0,0.0,0.0,0
2023-05-11 09:11:41,nr2402,nr2402,10100.0,0.0,0.0,0.0,2,9625.0,10350.0,2,10100.0,0.0,0.0,0.0,0.0,0.0,0
2023-05-11 09:12:17,nr2402,nr2402,10100.0,0.0,0.0,0.0,2,9625.0,10345.0,2,10100.0,0.0,0.0,0.0,0.0,0.0,0
2023-05-11 09:15:28,nr2402,nr2402,10100.0,0.0,0.0,0.0,1,9625.0,10345.0,2,10100.0,0.0,0.0,0.0,0.0,0.0,0
2023-05-11 09:15:29,nr2402,nr2402,10100.0,0.0,0.0,0.0,2,9625.0,10345.0,2,10100.0,0.0,0.0,0.0,0.0,0.0,0
2023-05-11 09:15:37,nr2402,nr2402,10100.0,0.0,0.0,0.0,2,9625.0,10340.0,1,10100.0,0.0,0.0,0.0,0.0,0.0,0
2023-05-11 09:16:15,nr2402,nr2402,10100.0,0.0,0.0,0.0,2,9625.0,10340.0,1,10100.0,0.0,0.0,0.0,0.0,0.0,0
2023-05-11 09:16:31,nr2402,nr2402,10100.0,0.0,0.0,0.0,2,9625.0,10335.0,2,10100.0,0.0,0.0,0.0,0.0,0.0,0
2023-05-11 09:18:32,nr2402,nr2402,10100.0,0.0,0.0,0.0,2,9625.0,10330.0,1,10100.0,0.0,0.0,0.0,0.0,0.0,0
2023-05-11 09:19:00,nr2402,nr2402,10100.0,0.0,0.0,0.0,2,9625.0,10250.0,1,10100.0,0.0,0.0,0.0,0.0,0.0,0
2023-05-11 09:19:00,nr2402,nr2402,10100.0,0.0,0.0,0.0,2,9625.0,10250.0,2,10100.0,0.0,0.0,0.0,0.0,0.0,0
2023-05-11 09:19:09,nr2402,nr2402,10100.0,0.0,0.0,0.0,2,9625.0,10250.0,2,10100.0,0.0,0.0,0.0,0.0,0.0,0
2023-05-11 09:19:18,nr2402,nr2402,10100.0,0.0,0.0,0.0,2,9625.0,10245.0,2,10100.0,0.0,0.0,0.0,0.0,0.0,0
2023-05-11 09:19:24,nr2402,nr2402,10100.0,0.0,0.0,0.0,1,9625.0,10245.0,2,10100.0,0.0,0.0,0.0,0.0,0.0,0
2023-05-11 09:19:44,nr2402,nr2402,10100.0,0.0,0.0,0.0,1,9625.0,10245.0,2,10100.0,0.0,0.0,0.0,0.0,0.0,0
2023-05-11 09:19:44,nr2402,nr2402,10100.0,0.0,0.0,0.0,1,9625.0,10245.0,2,10100.0,0.0,0.0,0.0,0.0,0.0,0
2023-05-11 09:20:30,nr2402,nr2402,10100.0,0.0,0.0,0.0,1,9565.0,10245.0,2,10100.0,0.0,0.0,0.0,0.0,0.0,0
2023-05-11 09:20:31,nr2402,nr2402,10100.0,0.0,0.0,0.0,2,9565.0,10245.0,2,10100.0,0.0,0.0,0.0,0.0,0.0,0
2023-05-11 09:20:49,nr2402,nr2402,10100.0,0.0,0.0,0.0,2,9565.0,10250.0,2,10100.0,0.0,0.0,0.0,0.0,0.0,0
2023-05-11 09:21:26,nr2402,nr2402,10100.0,0.0,0.0,0.0,2,9570.0,10250.0,2,10100.0,0.0,0.0,0.0,0.0,0.0,0
2023-05-11 09:24:02,nr2402,nr2402,10100.0,0.0,0.0,0.0,2,9570.0,10250.0,1,10100.0,0.0,0.0,0.0,0.0,0.0,0
2023-05-11 09:24:03,nr2402,nr2402,10100.0,0.0,0.0,0.0,2,9570.0,10250.0,2,10100.0,0.0,0.0,0.0,0.0,0.0,0
2023-05-11 09:26:24,nr2402,nr2402,10100.0,0.0,0.0,0.0,2,9565.0,10250.0,2,10100.0,0.0,0.0,0.0,0.0,0.0,0
2023-05-11 09:26:25,nr2402,nr2402,10100.0,0.0,0.0,0.0,1,9565.0,10250.0,2,10100.0,0.0,0.0,0.0,0.0,0.0,0
2023-05-11 09:26:26,nr2402,nr2402,10100.0,0.0,0.0,0.0,2,9565.0,10250.0,2,10100.0,0.0,0.0,0.0,0.0,0.0,0
2023-05-11 09:27:00,nr2402,nr2402,10100.0,0.0,0.0,0.0,2,9570.0,10250.0,2,10100.0,0.0,0.0,0.0,0.0,0.0,0
2023-05-11 09:29:04,nr2402,nr2402,10100.0,0.0,0.0,0.0,2,9570.0,10250.0,1,10100.0,0.0,0.0,0.0,0.0,0.0,0
2023-05-11 09:29:06,nr2402,nr2402,10100.0,0.0,0.0,0.0,2,9570.0,10250.0,2,10100.0,0.0,0.0,0.0,0.0,0.0,0
2023-05-11 09:32:00,nr2402,nr2402,10100.0,0.0,0.0,0.0,2,9565.0,10250.0,2,10100.0,0.0,0.0,0.0,0.0,0.0,0
2023-05-11 09:32:00,nr2402,nr2402,10100.0,0.0,0.0,0.0,1,9565.0,10250.0,2,10100.0,0.0,0.0,0.0,0.0,0.0,0
2023-05-11 09:32:01,nr2402,nr2402,10100.0,0.0,0.0,0.0,2,9565.0,10250.0,2,10100.0,0.0,0.0,0.0,0.0,0.0,0
2023-05-11 09:32:38,nr2402,nr2402,10100.0,0.0,0.0,0.0,2,9570.0,10250.0,2,10100.0,0.0,0.0,0.0,0.0,0.0,0
2023-05-11 09:33:02,nr2402,nr2402,10100.0,0.0,0.0,0.0,1,9575.0,10250.0,2,10100.0,0.0,0.0,0.0,0.0,0.0,0
2023-05-11 09:33:03,nr2402,nr2402,10100.0,0.0,0.0,0.0,1,9575.0,10245.0,1,10100.0,0.0,0.0,0.0,0.0,0.0,0
2023-05-11 09:33:39,nr2402,nr2402,10100.0,0.0,0.0,0.0,1,9575.0,10245.0,1,10100.0,0.0,0.0,0.0,0.0,0.0,0
2023-05-11 09:34:02,nr2402,nr2402,10100.0,0.0,0.0,0.0,2,9580.0,10245.0,1,10100.0,0.0,0.0,0.0,0.0,0.0,0
2023-05-11 09:34:02,nr2402,nr2402,10100.0,0.0,0.0,0.0,1,9585.0,10245.0,1,10100.0,0.0,0.0,0.0,0.0,0.0,0
2023-05-11 09:34:41,nr2402,nr2402,10100.0,0.0,0.0,0.0,1,9585.0,10245.0,1,10100.0,0.0,0.0,0.0,0.0,0.0,0
2023-05-11 09:34:44,nr2402,nr2402,10100.0,0.0,0.0,0.0,2,9590.0,10245.0,1,10100.0,0.0,0.0,0.0,0.0,0.0,0
2023-05-11 09:34:45,nr2402,nr2402,10100.0,0.0,0.0,0.0,1,9595.0,10245.0,1,10100.0,0.0,0.0,0.0,0.0,0.0,0
2023-05-11 09:35:23,nr2402,nr2402,10100.0,0.0,0.0,0.0,1,9595.0,10245.0,1,10100.0,0.0,0.0,0.0,0.0,0.0,0
2023-05-11 09:35:27,nr2402,nr2402,10100.0,0.0,0.0,0.0,2,9600.0,10245.0,1,10100.0,0.0,0.0,0.0,0.0,0.0,0
2023-05-11 09:35:28,nr2402,nr2402,10100.0,0.0,0.0,0.0,2,9600.0,10245.0,1,10100.0,0.0,0.0,0.0,0.0,0.0,0
2023-05-11 09:39:45,nr2402,nr2402,10100.0,0.0,0.0,0.0,2,9600.0,10245.0,1,10100.0,0.0,0.0,0.0,0.0,0.0,0
2023-05-11 09:39:47,nr2402,nr2402,10100.0,0.0,0.0,0.0,2,9600.0,10245.0,1,10100.0,0.0,0.0,0.0,0.0,0.0,0
2023-05-11 09:40:26,nr2402,nr2402,10100.0,0.0,0.0,0.0,2,9565.0,10245.0,1,10100.0,0.0,0.0,0.0,0.0,0.0,0
2023-05-11 09:40:26,nr2402,nr2402,10100.0,0.0,0.0,0.0,1,9570.0,10245.0,1,10100.0,0.0,0.0,0.0,0.0,0.0,0
2023-05-11 09:40:27,nr2402,nr2402,10100.0,0.0,0.0,0.0,2,9570.0,10245.0,1,10100.0,0.0,0.0,0.0,0.0,0.0,0
2023-05-11 09:41:03,nr2402,nr2402,10100.0,0.0,0.0,0.0,2,9575.0,10245.0,1,10100.0,0.0,0.0,0.0,0.0,0.0,0
2023-05-11 09:41:03,nr2402,nr2402,10100.0,0.0,0.0,0.0,1,9580.0,10245.0,1,10100.0,0.0,0.0,0.0,0.0,0.0,0
2023-05-11 09:41:41,nr2402,nr2402,10100.0,0.0,0.0,0.0,1,9580.0,10245.0,1,10100.0,0.0,0.0,0.0,0.0,0.0,0
2023-05-11 09:41:45,nr2402,nr2402,10100.0,0.0,0.0,0.0,2,9585.0,10245.0,1,10100.0,0.0,0.0,0.0,0.0,0.0,0
2023-05-11 09:41:45,nr2402,nr2402,10100.0,0.0,0.0,0.0,2,9585.0,10245.0,1,10100.0,0.0,0.0,0.0,0.0,0.0,0
2023-05-11 09:41:46,nr2402,nr2402,10100.0,0.0,0.0,0.0,1,9590.0,10245.0,1,10100.0,0.0,0.0,0.0,0.0,0.0,0
2023-05-11 09:42:24,nr2402,nr2402,10100.0,0.0,0.0,0.0,1,9590.0,10245.0,1,10100.0,0.0,0.0,0.0,0.0,0.0,0
2023-05-11 09:42:27,nr2402,nr2402,10100.0,0.0,0.0,0.0,2,9595.0,10245.0,1,10100.0,0.0,0.0,0.0,0.0,0.0,0
2023-05-11 09:42:28,nr2402,nr2402,10100.0,0.0,0.0,0.0,2,9595.0,10245.0,1,10100.0,0.0,0.0,0.0,0.0,0.0,0
2023-05-11 09:47:26,nr2402,nr2402,10100.0,0.0,0.0,0.0,1,9570.0,10245.0,1,10100.0,0.0,0.0,0.0,0.0,0.0,0
2023-05-11 09:47:26,nr2402,nr2402,10100.0,0.0,0.0,0.0,1,9575.0,10245.0,1,10100.0,0.0,0.0,0.0,0.0,0.0,0
2023-05-11 09:47:27,nr2402,nr2402,10100.0,0.0,0.0,0.0,2,9575.0,10245.0,1,10100.0,0.0,0.0,0.0,0.0,0.0,0
2023-05-11 09:48:02,nr2402,nr2402,10100.0,0.0,0.0,0.0,2,9580.0,10245.0,1,10100.0,0.0,0.0,0.0,0.0,0.0,0
2023-05-11 09:48:02,nr2402,nr2402,10100.0,0.0,0.0,0.0,1,9585.0,10245.0,1,10100.0,0.0,0.0,0.0,0.0,0.0,0
2023-05-11 09:48:27,nr2402,nr2402,10100.0,0.0,0.0,0.0,1,9585.0,10245.0,1,10100.0,0.0,0.0,0.0,0.0,0.0,0
2023-05-11 09:48:45,nr2402,nr2402,10100.0,0.0,0.0,0.0,2,9590.0,10245.0,1,10100.0,0.0,0.0,0.0,0.0,0.0,0
2023-05-11 09:48:45,nr2402,nr2402,10100.0,0.0,0.0,0.0,1,9595.0,10245.0,1,10100.0,0.0,0.0,0.0,0.0,0.0,0
2023-05-11 09:49:24,nr2402,nr2402,10100.0,0.0,0.0,0.0,1,9595.0,10245.0,1,10100.0,0.0,0.0,0.0,0.0,0.0,0
2023-05-11 09:49:27,nr2402,nr2402,10100.0,0.0,0.0,0.0,2,9600.0,10245.0,1,10100.0,0.0,0.0,0.0,0.0,0.0,0
2023-05-11 09:49:27,nr2402,nr2402,10100.0,0.0,0.0,0.0,2,9600.0,10245.0,1,10100.0,0.0,0.0,0.0,0.0,0.0,0
2023-05-11 09:54:27,nr2402,nr2402,10100.0,0.0,0.0,0.0,1,9575.0,10245.0,1,10100.0,0.0,0.0,0.0,0.0,0.0,0
2023-05-11 09:54:27,nr2402,nr2402,10100.0,0.0,0.0,0.0,1,9580.0,10245.0,1,10100.0,0.0,0.0,0.0,0.0,0.0,0
2023-05-11 09:54:28,nr2402,nr2402,10100.0,0.0,0.0,0.0,2,9580.0,10245.0,1,10100.0,0.0,0.0,0.0,0.0,0.0,0
2023-05-11 09:55:03,nr2402,nr2402,10100.0,0.0,0.0,0.0,2,9585.0,10245.0,1,10100.0,0.0,0.0,0.0,0.0,0.0,0
2023-05-11 09:55:04,nr2402,nr2402,10100.0,0.0,0.0,0.0,1,9590.0,10245.0,1,10100.0,0.0,0.0,0.0,0.0,0.0,0
2023-05-11 09:55:41,nr2402,nr2402,10100.0,0.0,0.0,0.0,1,9590.0,10245.0,1,10100.0,0.0,0.0,0.0,0.0,0.0,0
2023-05-11 09:55:45,nr2402,nr2402,10100.0,0.0,0.0,0.0,2,9595.0,10245.0,1,10100.0,0.0,0.0,0.0,0.0,0.0,0
2023-05-11 09:55:45,nr2402,nr2402,10100.0,0.0,0.0,0.0,2,9595.0,10245.0,1,10100.0,0.0,0.0,0.0,0.0,0.0,0
2023-05-11 09:58:31,nr2402,nr2402,10100.0,0.0,0.0,0.0,2,9595.0,10245.0,1,10100.0,0.0,0.0,0.0,0.0,0.0,0
2023-05-11 10:00:44,nr2402,nr2402,10100.0,0.0,0.0,0.0,1,9580.0,10245.0,1,10100.0,0.0,0.0,0.0,0.0,0.0,0
2023-05-11 10:00:45,nr2402,nr2402,10100.0,0.0,0.0,0.0,1,9585.0,10245.0,1,10100.0,0.0,0.0,0.0,0.0,0.0,0
2023-05-11 10:00:48,nr2402,nr2402,10100.0,0.0,0.0,0.0,2,9585.0,10245.0,1,10100.0,0.0,0.0,0.0,0.0,0.0,0
2023-05-11 10:01:23,nr2402,nr2402,10100.0,0.0,0.0,0.0,2,9590.0,10245.0,1,10100.0,0.0,0.0,0.0,0.0,0.0,0
2023-05-11 10:01:24,nr2402,nr2402,10100.0,0.0,0.0,0.0,1,9595.0,10245.0,1,10100.0,0.0,0.0,0.0,0.0,0.0,0
2023-05-11 10:02:02,nr2402,nr2402,10100.0,0.0,0.0,0.0,1,9595.0,10245.0,1,10100.0,0.0,0.0,0.0,0.0,0.0,0
2023-05-11 10:02:05,nr2402,nr2402,10100.0,0.0,0.0,0.0,2,9600.0,10245.0,1,10100.0,0.0,0.0,0.0,0.0,0.0,0
2023-05-11 10:02:06,nr2402,nr2402,10100.0,0.0,0.0,0.0,2,9600.0,10245.0,1,10100.0,0.0,0.0,0.0,0.0,0.0,0
2023-05-11 10:07:05,nr2402,nr2402,10100.0,0.0,0.0,0.0,1,9585.0,10245.0,1,10100.0,0.0,0.0,0.0,0.0,0.0,0
2023-05-11 10:07:06,nr2402,nr2402,10100.0,0.0,0.0,0.0,1,9590.0,10245.0,1,10100.0,0.0,0.0,0.0,0.0,0.0,0
2023-05-11 10:07:12,nr2402,nr2402,10100.0,0.0,0.0,0.0,2,9590.0,10245.0,1,10100.0,0.0,0.0,0.0,0.0,0.0,0
2023-05-11 10:07:40,nr2402,nr2402,10100.0,0.0,0.0,0.0,2,9595.0,10245.0,1,10100.0,0.0,0.0,0.0,0.0,0.0,0
2023-05-11 10:07:41,nr2402,nr2402,10100.0,0.0,0.0,0.0,2,9595.0,10245.0,1,10100.0,0.0,0.0,0.0,0.0,0.0,0
2023-05-11 10:12:40,nr2402,nr2402,10100.0,0.0,0.0,0.0,1,9590.0,10245.0,1,10100.0,0.0,0.0,0.0,0.0,0.0,0
2023-05-11 10:12:40,nr2402,nr2402,10100.0,0.0,0.0,0.0,1,9595.0,10245.0,1,10100.0,0.0,0.0,0.0,0.0,0.0,0
2023-05-11 10:12:41,nr2402,nr2402,10100.0,0.0,0.0,0.0,2,9595.0,10245.0,1,10100.0,0.0,0.0,0.0,0.0,0.0,0
2023-05-11 10:13:11,nr2402,nr2402,10100.0,0.0,0.0,0.0,2,9600.0,10245.0,1,10100.0,0.0,0.0,0.0,0.0,0.0,0
2023-05-11 10:13:12,nr2402,nr2402,10100.0,0.0,0.0,0.0,2,9600.0,10245.0,1,10100.0,0.0,0.0,0.0,0.0,0.0,0
2023-05-11 10:14:22,nr2402,nr2402,10100.0,0.0,0.0,0.0,2,9600.0,10245.0,1,10100.0,0.0,0.0,0.0,0.0,0.0,0
2023-05-11 10:14:23,nr2402,nr2402,10100.0,0.0,0.0,0.0,2,9600.0,10245.0,1,10100.0,0.0,0.0,0.0,0.0,0.0,0
2023-05-11 10:14:35,nr2402,nr2402,10100.0,0.0,0.0,0.0,2,9600.0,10240.0,1,10100.0,0.0,0.0,0.0,0.0,0.0,0
2023-05-11 10:14:36,nr2402,nr2402,10100.0,0.0,0.0,0.0,2,9600.0,10235.0,1,10100.0,0.0,0.0,0.0,0.0,0.0,0
2023-05-11 10:14:41,nr2402,nr2402,10100.0,0.0,0.0,0.0,2,9600.0,10235.0,1,10100.0,0.0,0.0,0.0,0.0,0.0,0
2023-05-11 10:15:00,nr2402,nr2402,10100.0,0.0,0.0,0.0,2,9600.0,10235.0,1,10100.0,0.0,0.0,0.0,0.0,0.0,0
2023-05-11 10:30:01,nr2402,nr2402,10100.0,0.0,0.0,0.0,2,9600.0,10235.0,1,10100.0,0.0,0.0,0.0,0.0,0.0,0
2023-05-11 10:30:02,nr2402,nr2402,10100.0,0.0,0.0,0.0,2,9600.0,10235.0,1,10100.0,0.0,0.0,0.0,0.0,0.0,0
2023-05-11 10:30:03,nr2402,nr2402,10100.0,0.0,0.0,0.0,3,9600.0,10235.0,2,10100.0,0.0,0.0,0.0,0.0,0.0,0
2023-05-11 10:30:16,nr2402,nr2402,10100.0,0.0,0.0,0.0,1,9600.0,10235.0,2,10100.0,0.0,0.0,0.0,0.0,0.0,0
2023-05-11 10:30:17,nr2402,nr2402,10100.0,0.0,0.0,0.0,1,9600.0,10235.0,2,10100.0,0.0,0.0,0.0,0.0,0.0,0
2023-05-11 10:30:31,nr2402,nr2402,10100.0,0.0,0.0,0.0,1,9600.0,10235.0,2,10100.0,0.0,0.0,0.0,0.0,0.0,0
2023-05-11 10:30:56,nr2402,nr2402,10100.0,0.0,0.0,0.0,1,9600.0,10230.0,2,10100.0,0.0,0.0,0.0,0.0,0.0,0
2023-05-11 10:30:56,nr2402,nr2402,10100.0,0.0,0.0,0.0,1,9600.0,10225.0,1,10100.0,0.0,0.0,0.0,0.0,0.0,0
2023-05-11 10:31:34,nr2402,nr2402,10100.0,0.0,0.0,0.0,1,9600.0,10225.0,1,10100.0,0.0,0.0,0.0,0.0,0.0,0
2023-05-11 10:31:38,nr2402,nr2402,10100.0,0.0,0.0,0.0,1,9600.0,10220.0,2,10100.0,0.0,0.0,0.0,0.0,0.0,0
2023-05-11 10:31:38,nr2402,nr2402,10100.0,0.0,0.0,0.0,1,9600.0,10215.0,1,10100.0,0.0,0.0,0.0,0.0,0.0,0
2023-05-11 10:32:16,nr2402,nr2402,10100.0,0.0,0.0,0.0,1,9600.0,10215.0,1,10100.0,0.0,0.0,0.0,0.0,0.0,0
2023-05-11 10:32:21,nr2402,nr2402,10100.0,0.0,0.0,0.0,1,9600.0,10210.0,2,10100.0,0.0,0.0,0.0,0.0,0.0,0
2023-05-11 10:32:21,nr2402,nr2402,10100.0,0.0,0.0,0.0,1,9600.0,10205.0,1,10100.0,0.0,0.0,0.0,0.0,0.0,0
2023-05-11 10:32:33,nr2402,nr2402,10100.0,0.0,0.0,0.0,1,9600.0,10205.0,1,10100.0,0.0,0.0,0.0,0.0,0.0,0
2023-05-11 10:33:03,nr2402,nr2402,10100.0,0.0,0.0,0.0,2,9605.0,10205.0,1,10100.0,0.0,0.0,0.0,0.0,0.0,0
2023-05-11 10:34:04,nr2402,nr2402,10100.0,0.0,0.0,0.0,1,9600.0,10205.0,1,10100.0,0.0,0.0,0.0,0.0,0.0,0
2023-05-11 10:34:28,nr2402,nr2402,10100.0,0.0,0.0,0.0,1,9600.0,10200.0,2,10100.0,0.0,0.0,0.0,0.0,0.0,0
2023-05-11 10:34:29,nr2402,nr2402,10100.0,0.0,0.0,0.0,1,9600.0,10195.0,1,10100.0,0.0,0.0,0.0,0.0,0.0,0
2023-05-11 10:34:54,nr2402,nr2402,10100.0,0.0,0.0,0.0,1,9600.0,10195.0,1,10100.0,0.0,0.0,0.0,0.0,0.0,0
2023-05-11 10:35:03,nr2402,nr2402,10100.0,0.0,0.0,0.0,1,9515.0,10195.0,1,10100.0,0.0,0.0,0.0,0.0,0.0,0
2023-05-11 10:35:03,nr2402,nr2402,10100.0,0.0,0.0,0.0,1,9520.0,10195.0,1,10100.0,0.0,0.0,0.0,0.0,0.0,0
2023-05-11 10:35:04,nr2402,nr2402,10100.0,0.0,0.0,0.0,2,9520.0,10195.0,1,10100.0,0.0,0.0,0.0,0.0,0.0,0
2023-05-11 10:35:11,nr2402,nr2402,10100.0,0.0,0.0,0.0,2,9525.0,10195.0,1,10100.0,0.0,0.0,0.0,0.0,0.0,0
2023-05-11 10:35:11,nr2402,nr2402,10100.0,0.0,0.0,0.0,1,9530.0,10195.0,1,10100.0,0.0,0.0,0.0,0.0,0.0,0
2023-05-11 10:35:49,nr2402,nr2402,10100.0,0.0,0.0,0.0,1,9530.0,10195.0,1,10100.0,0.0,0.0,0.0,0.0,0.0,0
2023-05-11 10:35:52,nr2402,nr2402,10100.0,0.0,0.0,0.0,2,9535.0,10195.0,1,10100.0,0.0,0.0,0.0,0.0,0.0,0
2023-05-11 10:35:52,nr2402,nr2402,10100.0,0.0,0.0,0.0,1,9540.0,10195.0,1,10100.0,0.0,0.0,0.0,0.0,0.0,0
2023-05-11 10:36:30,nr2402,nr2402,10100.0,0.0,0.0,0.0,1,9540.0,10195.0,1,10100.0,0.0,0.0,0.0,0.0,0.0,0
2023-05-11 10:36:35,nr2402,nr2402,10100.0,0.0,0.0,0.0,2,9545.0,10195.0,1,10100.0,0.0,0.0,0.0,0.0,0.0,0
2023-05-11 10:36:35,nr2402,nr2402,10100.0,0.0,0.0,0.0,1,9550.0,10195.0,1,10100.0,0.0,0.0,0.0,0.0,0.0,0
2023-05-11 10:37:13,nr2402,nr2402,10100.0,0.0,0.0,0.0,1,9550.0,10195.0,1,10100.0,0.0,0.0,0.0,0.0,0.0,0
2023-05-11 10:37:17,nr2402,nr2402,10100.0,0.0,0.0,0.0,2,9555.0,10195.0,1,10100.0,0.0,0.0,0.0,0.0,0.0,0
2023-05-11 10:37:18,nr2402,nr2402,10100.0,0.0,0.0,0.0,1,9560.0,10195.0,1,10100.0,0.0,0.0,0.0,0.0,0.0,0
2023-05-11 10:37:56,nr2402,nr2402,10100.0,0.0,0.0,0.0,1,9560.0,10195.0,1,10100.0,0.0,0.0,0.0,0.0,0.0,0
2023-05-11 10:38:00,nr2402,nr2402,10100.0,0.0,0.0,0.0,2,9565.0,10195.0,1,10100.0,0.0,0.0,0.0,0.0,0.0,0
2023-05-11 10:38:01,nr2402,nr2402,10100.0,0.0,0.0,0.0,1,9570.0,10195.0,1,10100.0,0.0,0.0,0.0,0.0,0.0,0
2023-05-11 10:38:39,nr2402,nr2402,10100.0,0.0,0.0,0.0,1,9570.0,10195.0,1,10100.0,0.0,0.0,0.0,0.0,0.0,0
2023-05-11 10:38:42,nr2402,nr2402,10100.0,0.0,0.0,0.0,2,9575.0,10195.0,1,10100.0,0.0,0.0,0.0,0.0,0.0,0
2023-05-11 10:38:43,nr2402,nr2402,10100.0,0.0,0.0,0.0,1,9580.0,10195.0,1,10100.0,0.0,0.0,0.0,0.0,0.0,0
2023-05-11 10:39:21,nr2402,nr2402,10100.0,0.0,0.0,0.0,1,9580.0,10195.0,1,10100.0,0.0,0.0,0.0,0.0,0.0,0
2023-05-11 10:39:25,nr2402,nr2402,10100.0,0.0,0.0,0.0,2,9585.0,10195.0,1,10100.0,0.0,0.0,0.0,0.0,0.0,0
2023-05-11 10:39:26,nr2402,nr2402,10100.0,0.0,0.0,0.0,1,9590.0,10195.0,1,10100.0,0.0,0.0,0.0,0.0,0.0,0
2023-05-11 10:40:04,nr2402,nr2402,10100.0,0.0,0.0,0.0,1,9590.0,10195.0,1,10100.0,0.0,0.0,0.0,0.0,0.0,0
2023-05-11 10:40:09,nr2402,nr2402,10100.0,0.0,0.0,0.0,2,9595.0,10195.0,1,10100.0,0.0,0.0,0.0,0.0,0.0,0
2023-05-11 10:40:09,nr2402,nr2402,10100.0,0.0,0.0,0.0,2,9595.0,10195.0,1,10100.0,0.0,0.0,0.0,0.0,0.0,0
2023-05-11 10:43:03,nr2402,nr2402,10100.0,0.0,0.0,0.0,1,9520.0,10195.0,1,10100.0,0.0,0.0,0.0,0.0,0.0,0
2023-05-11 10:43:04,nr2402,nr2402,10100.0,0.0,0.0,0.0,1,9525.0,10195.0,1,10100.0,0.0,0.0,0.0,0.0,0.0,0
2023-05-11 10:43:05,nr2402,nr2402,10100.0,0.0,0.0,0.0,2,9525.0,10195.0,1,10100.0,0.0,0.0,0.0,0.0,0.0,0
2023-05-11 10:43:44,nr2402,nr2402,10100.0,0.0,0.0,0.0,2,9530.0,10195.0,1,10100.0,0.0,0.0,0.0,0.0,0.0,0
2023-05-11 10:43:44,nr2402,nr2402,10100.0,0.0,0.0,0.0,1,9535.0,10195.0,1,10100.0,0.0,0.0,0.0,0.0,0.0,0
2023-05-11 10:44:23,nr2402,nr2402,10100.0,0.0,0.0,0.0,1,9535.0,10195.0,1,10100.0,0.0,0.0,0.0,0.0,0.0,0
2023-05-11 10:44:27,nr2402,nr2402,10100.0,0.0,0.0,0.0,2,9540.0,10195.0,1,10100.0,0.0,0.0,0.0,0.0,0.0,0
2023-05-11 10:44:27,nr2402,nr2402,10100.0,0.0,0.0,0.0,1,9545.0,10195.0,1,10100.0,0.0,0.0,0.0,0.0,0.0,0
2023-05-11 10:45:06,nr2402,nr2402,10100.0,0.0,0.0,0.0,1,9545.0,10195.0,1,10100.0,0.0,0.0,0.0,0.0,0.0,0
2023-05-11 10:45:11,nr2402,nr2402,10100.0,0.0,0.0,0.0,2,9550.0,10195.0,1,10100.0,0.0,0.0,0.0,0.0,0.0,0
2023-05-11 10:45:11,nr2402,nr2402,10100.0,0.0,0.0,0.0,1,9555.0,10195.0,1,10100.0,0.0,0.0,0.0,0.0,0.0,0
2023-05-11 10:45:49,nr2402,nr2402,10100.0,0.0,0.0,0.0,1,9555.0,10195.0,1,10100.0,0.0,0.0,0.0,0.0,0.0,0
2023-05-11 10:45:52,nr2402,nr2402,10100.0,0.0,0.0,0.0,2,9560.0,10195.0,1,10100.0,0.0,0.0,0.0,0.0,0.0,0
2023-05-11 10:45:53,nr2402,nr2402,10100.0,0.0,0.0,0.0,1,9565.0,10195.0,1,10100.0,0.0,0.0,0.0,0.0,0.0,0
2023-05-11 10:46:31,nr2402,nr2402,10100.0,0.0,0.0,0.0,1,9565.0,10195.0,1,10100.0,0.0,0.0,0.0,0.0,0.0,0
2023-05-11 10:46:35,nr2402,nr2402,10100.0,0.0,0.0,0.0,2,9570.0,10195.0,1,10100.0,0.0,0.0,0.0,0.0,0.0,0
2023-05-11 10:46:36,nr2402,nr2402,10100.0,0.0,0.0,0.0,1,9575.0,10195.0,1,10100.0,0.0,0.0,0.0,0.0,0.0,0
2023-05-11 10:47:14,nr2402,nr2402,10100.0,0.0,0.0,0.0,1,9575.0,10195.0,1,10100.0,0.0,0.0,0.0,0.0,0.0,0
2023-05-11 10:47:17,nr2402,nr2402,10100.0,0.0,0.0,0.0,2,9580.0,10195.0,1,10100.0,0.0,0.0,0.0,0.0,0.0,0
2023-05-11 10:47:17,nr2402,nr2402,10100.0,0.0,0.0,0.0,1,9585.0,10195.0,1,10100.0,0.0,0.0,0.0,0.0,0.0,0
2023-05-11 10:47:55,nr2402,nr2402,10100.0,0.0,0.0,0.0,1,9585.0,10195.0,1,10100.0,0.0,0.0,0.0,0.0,0.0,0
2023-05-11 10:47:59,nr2402,nr2402,10100.0,0.0,0.0,0.0,2,9590.0,10195.0,1,10100.0,0.0,0.0,0.0,0.0,0.0,0
2023-05-11 10:47:59,nr2402,nr2402,10100.0,0.0,0.0,0.0,1,9595.0,10195.0,1,10100.0,0.0,0.0,0.0,0.0,0.0,0
2023-05-11 10:48:36,nr2402,nr2402,10100.0,0.0,0.0,0.0,1,9595.0,10195.0,1,10100.0,0.0,0.0,0.0,0.0,0.0,0
2023-05-11 10:48:39,nr2402,nr2402,10100.0,0.0,0.0,0.0,1,9595.0,10190.0,2,10100.0,0.0,0.0,0.0,0.0,0.0,0
2023-05-11 10:48:40,nr2402,nr2402,10100.0,0.0,0.0,0.0,1,9595.0,10185.0,1,10100.0,0.0,0.0,0.0,0.0,0.0,0
2023-05-11 10:49:00,nr2402,nr2402,10100.0,0.0,0.0,0.0,1,9525.0,10190.0,2,10100.0,0.0,0.0,0.0,0.0,0.0,0
2023-05-11 10:49:00,nr2402,nr2402,10100.0,0.0,0.0,0.0,1,9515.0,10190.0,2,10100.0,0.0,0.0,0.0,0.0,0.0,0
2023-05-11 10:49:01,nr2402,nr2402,10100.0,0.0,0.0,0.0,2,9515.0,10235.0,1,10100.0,0.0,0.0,0.0,0.0,0.0,0
2023-05-11 10:49:01,nr2402,nr2402,10100.0,0.0,0.0,0.0,1,9520.0,10245.0,1,10100.0,0.0,0.0,0.0,0.0,0.0,0
2023-05-11 10:49:02,nr2402,nr2402,10100.0,0.0,0.0,0.0,1,9520.0,10245.0,2,10100.0,0.0,0.0,0.0,0.0,0.0,0
2023-05-11 10:49:02,nr2402,nr2402,10100.0,0.0,0.0,0.0,1,9520.0,10240.0,1,10100.0,0.0,0.0,0.0,0.0,0.0,0
2023-05-11 10:49:20,nr2402,nr2402,10100.0,0.0,0.0,0.0,2,9525.0,10240.0,1,10100.0,0.0,0.0,0.0,0.0,0.0,0
2023-05-11 10:49:21,nr2402,nr2402,10100.0,0.0,0.0,0.0,1,9530.0,10240.0,1,10100.0,0.0,0.0,0.0,0.0,0.0,0
2023-05-11 10:49:59,nr2402,nr2402,10100.0,0.0,0.0,0.0,1,9530.0,10240.0,1,10100.0,0.0,0.0,0.0,0.0,0.0,0
2023-05-11 10:50:02,nr2402,nr2402,10100.0,0.0,0.0,0.0,1,9530.0,10235.0,2,10100.0,0.0,0.0,0.0,0.0,0.0,0
2023-05-11 10:50:03,nr2402,nr2402,10100.0,0.0,0.0,0.0,1,9530.0,10230.0,1,10100.0,0.0,0.0,0.0,0.0,0.0,0
2023-05-11 10:50:41,nr2402,nr2402,10100.0,0.0,0.0,0.0,1,9530.0,10230.0,1,10100.0,0.0,0.0,0.0,0.0,0.0,0
2023-05-11 10:50:46,nr2402,nr2402,10100.0,0.0,0.0,0.0,2,9535.0,10230.0,1,10100.0,0.0,0.0,0.0,0.0,0.0,0
2023-05-11 10:50:47,nr2402,nr2402,10100.0,0.0,0.0,0.0,1,9540.0,10230.0,1,10100.0,0.0,0.0,0.0,0.0,0.0,0
2023-05-11 10:50:48,nr2402,nr2402,10100.0,0.0,0.0,0.0,1,9540.0,10230.0,1,10100.0,0.0,0.0,0.0,0.0,0.0,0
2023-05-11 10:50:52,nr2402,nr2402,10100.0,0.0,0.0,0.0,1,9540.0,10150.0,1,10100.0,0.0,0.0,0.0,0.0,0.0,0
2023-05-11 10:50:53,nr2402,nr2402,10100.0,0.0,0.0,0.0,1,9540.0,10145.0,1,10100.0,0.0,0.0,0.0,0.0,0.0,0
2023-05-11 10:51:06,nr2402,nr2402,10100.0,0.0,0.0,0.0,1,9540.0,10145.0,1,10100.0,0.0,0.0,0.0,0.0,0.0,0
2023-05-11 10:51:08,nr2402,nr2402,10100.0,0.0,0.0,0.0,1,9540.0,10145.0,1,10100.0,0.0,0.0,0.0,0.0,0.0,0
2023-05-11 10:51:29,nr2402,nr2402,10100.0,0.0,0.0,0.0,2,9545.0,10145.0,1,10100.0,0.0,0.0,0.0,0.0,0.0,0
2023-05-11 10:51:30,nr2402,nr2402,10100.0,0.0,0.0,0.0,2,9545.0,10145.0,1,10100.0,0.0,0.0,0.0,0.0,0.0,0
2023-05-11 10:51:39,nr2402,nr2402,10100.0,0.0,0.0,0.0,2,9545.0,10150.0,2,10100.0,0.0,0.0,0.0,0.0,0.0,0
2023-05-11 10:51:40,nr2402,nr2402,10100.0,0.0,0.0,0.0,1,9550.0,10145.0,1,10100.0,0.0,0.0,0.0,0.0,0.0,0
2023-05-11 10:52:18,nr2402,nr2402,10100.0,0.0,0.0,0.0,1,9550.0,10145.0,1,10100.0,0.0,0.0,0.0,0.0,0.0,0
2023-05-11 10:52:53,nr2402,nr2402,10100.0,0.0,0.0,0.0,2,9555.0,10145.0,1,10100.0,0.0,0.0,0.0,0.0,0.0,0
2023-05-11 10:52:53,nr2402,nr2402,10100.0,0.0,0.0,0.0,1,9560.0,10145.0,1,10100.0,0.0,0.0,0.0,0.0,0.0,0
2023-05-11 10:53:32,nr2402,nr2402,10100.0,0.0,0.0,0.0,1,9560.0,10145.0,1,10100.0,0.0,0.0,0.0,0.0,0.0,0
2023-05-11 10:53:35,nr2402,nr2402,10100.0,0.0,0.0,0.0,2,9565.0,10145.0,1,10100.0,0.0,0.0,0.0,0.0,0.0,0
2023-05-11 10:53:36,nr2402,nr2402,10100.0,0.0,0.0,0.0,1,9570.0,10145.0,1,10100.0,0.0,0.0,0.0,0.0,0.0,0
2023-05-11 10:54:14,nr2402,nr2402,10100.0,0.0,0.0,0.0,1,9570.0,10145.0,1,10100.0,0.0,0.0,0.0,0.0,0.0,0
2023-05-11 10:54:18,nr2402,nr2402,10100.0,0.0,0.0,0.0,2,9575.0,10145.0,1,10100.0,0.0,0.0,0.0,0.0,0.0,0
2023-05-11 10:54:18,nr2402,nr2402,10100.0,0.0,0.0,0.0,1,9580.0,10145.0,1,10100.0,0.0,0.0,0.0,0.0,0.0,0
2023-05-11 10:54:56,nr2402,nr2402,10100.0,0.0,0.0,0.0,1,9580.0,10145.0,1,10100.0,0.0,0.0,0.0,0.0,0.0,0
2023-05-11 10:55:00,nr2402,nr2402,10100.0,0.0,0.0,0.0,2,9585.0,10145.0,1,10100.0,0.0,0.0,0.0,0.0,0.0,0
2023-05-11 10:55:00,nr2402,nr2402,10100.0,0.0,0.0,0.0,1,9590.0,10145.0,1,10100.0,0.0,0.0,0.0,0.0,0.0,0
2023-05-11 10:55:38,nr2402,nr2402,10100.0,0.0,0.0,0.0,1,9590.0,10145.0,1,10100.0,0.0,0.0,0.0,0.0,0.0,0
2023-05-11 10:55:42,nr2402,nr2402,10100.0,0.0,0.0,0.0,2,9595.0,10145.0,1,10100.0,0.0,0.0,0.0,0.0,0.0,0
2023-05-11 10:55:42,nr2402,nr2402,10100.0,0.0,0.0,0.0,3,9595.0,10145.0,1,10100.0,0.0,0.0,0.0,0.0,0.0,0
2023-05-11 11:00:41,nr2402,nr2402,10100.0,0.0,0.0,0.0,1,9595.0,10145.0,1,10100.0,0.0,0.0,0.0,0.0,0.0,0
2023-05-11 11:00:46,nr2402,nr2402,10100.0,0.0,0.0,0.0,1,9515.0,10145.0,1,10100.0,0.0,0.0,0.0,0.0,0.0,0
2023-05-11 11:00:47,nr2402,nr2402,10100.0,0.0,0.0,0.0,1,9520.0,10145.0,1,10100.0,0.0,0.0,0.0,0.0,0.0,0
2023-05-11 11:01:16,nr2402,nr2402,10100.0,0.0,0.0,0.0,2,9525.0,10145.0,1,10100.0,0.0,0.0,0.0,0.0,0.0,0
2023-05-11 11:01:17,nr2402,nr2402,10100.0,0.0,0.0,0.0,1,9530.0,10145.0,1,10100.0,0.0,0.0,0.0,0.0,0.0,0
2023-05-11 11:01:55,nr2402,nr2402,10100.0,0.0,0.0,0.0,1,9530.0,10145.0,1,10100.0,0.0,0.0,0.0,0.0,0.0,0
2023-05-11 11:02:00,nr2402,nr2402,10100.0,0.0,0.0,0.0,2,9535.0,10145.0,1,10100.0,0.0,0.0,0.0,0.0,0.0,0
2023-05-11 11:02:01,nr2402,nr2402,10100.0,0.0,0.0,0.0,1,9540.0,10145.0,1,10100.0,0.0,0.0,0.0,0.0,0.0,0
2023-05-11 11:02:39,nr2402,nr2402,10100.0,0.0,0.0,0.0,1,9540.0,10145.0,1,10100.0,0.0,0.0,0.0,0.0,0.0,0
2023-05-11 11:02:45,nr2402,nr2402,10100.0,0.0,0.0,0.0,2,9545.0,10145.0,1,10100.0,0.0,0.0,0.0,0.0,0.0,0
2023-05-11 11:02:45,nr2402,nr2402,10100.0,0.0,0.0,0.0,1,9550.0,10145.0,1,10100.0,0.0,0.0,0.0,0.0,0.0,0
2023-05-11 11:03:23,nr2402,nr2402,10100.0,0.0,0.0,0.0,1,9550.0,10145.0,1,10100.0,0.0,0.0,0.0,0.0,0.0,0
2023-05-11 11:03:27,nr2402,nr2402,10100.0,0.0,0.0,0.0,2,9555.0,10145.0,1,10100.0,0.0,0.0,0.0,0.0,0.0,0
2023-05-11 11:03:28,nr2402,nr2402,10100.0,0.0,0.0,0.0,1,9560.0,10145.0,1,10100.0,0.0,0.0,0.0,0.0,0.0,0
2023-05-11 11:04:06,nr2402,nr2402,10100.0,0.0,0.0,0.0,1,9560.0,10145.0,1,10100.0,0.0,0.0,0.0,0.0,0.0,0
2023-05-11 11:04:10,nr2402,nr2402,10100.0,0.0,0.0,0.0,2,9565.0,10145.0,1,10100.0,0.0,0.0,0.0,0.0,0.0,0
2023-05-11 11:04:10,nr2402,nr2402,10100.0,0.0,0.0,0.0,1,9570.0,10145.0,1,10100.0,0.0,0.0,0.0,0.0,0.0,0
2023-05-11 11:04:48,nr2402,nr2402,10100.0,0.0,0.0,0.0,1,9570.0,10145.0,1,10100.0,0.0,0.0,0.0,0.0,0.0,0
2023-05-11 11:04:52,nr2402,nr2402,10100.0,0.0,0.0,0.0,2,9575.0,10145.0,1,10100.0,0.0,0.0,0.0,0.0,0.0,0
2023-05-11 11:04:53,nr2402,nr2402,10100.0,0.0,0.0,0.0,1,9580.0,10145.0,1,10100.0,0.0,0.0,0.0,0.0,0.0,0
2023-05-11 11:05:31,nr2402,nr2402,10100.0,0.0,0.0,0.0,1,9580.0,10145.0,1,10100.0,0.0,0.0,0.0,0.0,0.0,0
2023-05-11 11:05:35,nr2402,nr2402,10100.0,0.0,0.0,0.0,2,9585.0,10145.0,1,10100.0,0.0,0.0,0.0,0.0,0.0,0
2023-05-11 11:05:36,nr2402,nr2402,10100.0,0.0,0.0,0.0,1,9590.0,10145.0,1,10100.0,0.0,0.0,0.0,0.0,0.0,0
2023-05-11 11:06:14,nr2402,nr2402,10100.0,0.0,0.0,0.0,1,9590.0,10145.0,1,10100.0,0.0,0.0,0.0,0.0,0.0,0
2023-05-11 11:06:18,nr2402,nr2402,10100.0,0.0,0.0,0.0,2,9595.0,10145.0,1,10100.0,0.0,0.0,0.0,0.0,0.0,0
2023-05-11 11:06:18,nr2402,nr2402,10100.0,0.0,0.0,0.0,3,9595.0,10145.0,1,10100.0,0.0,0.0,0.0,0.0,0.0,0
2023-05-11 11:11:16,nr2402,nr2402,10100.0,0.0,0.0,0.0,1,9595.0,10145.0,1,10100.0,0.0,0.0,0.0,0.0,0.0,0
2023-05-11 11:11:21,nr2402,nr2402,10100.0,0.0,0.0,0.0,1,9515.0,10145.0,1,10100.0,0.0,0.0,0.0,0.0,0.0,0
2023-05-11 11:11:22,nr2402,nr2402,10100.0,0.0,0.0,0.0,1,9520.0,10145.0,1,10100.0,0.0,0.0,0.0,0.0,0.0,0
2023-05-11 11:11:58,nr2402,nr2402,10100.0,0.0,0.0,0.0,2,9525.0,10145.0,1,10100.0,0.0,0.0,0.0,0.0,0.0,0
2023-05-11 11:11:58,nr2402,nr2402,10100.0,0.0,0.0,0.0,1,9530.0,10145.0,1,10100.0,0.0,0.0,0.0,0.0,0.0,0
2023-05-11 11:12:36,nr2402,nr2402,10100.0,0.0,0.0,0.0,1,9530.0,10145.0,1,10100.0,0.0,0.0,0.0,0.0,0.0,0
2023-05-11 11:12:40,nr2402,nr2402,10100.0,0.0,0.0,0.0,2,9535.0,10145.0,1,10100.0,0.0,0.0,0.0,0.0,0.0,0
2023-05-11 11:12:41,nr2402,nr2402,10100.0,0.0,0.0,0.0,1,9540.0,10145.0,1,10100.0,0.0,0.0,0.0,0.0,0.0,0
2023-05-11 11:13:19,nr2402,nr2402,10100.0,0.0,0.0,0.0,1,9540.0,10145.0,1,10100.0,0.0,0.0,0.0,0.0,0.0,0
2023-05-11 11:13:22,nr2402,nr2402,10100.0,0.0,0.0,0.0,2,9545.0,10145.0,1,10100.0,0.0,0.0,0.0,0.0,0.0,0
2023-05-11 11:13:23,nr2402,nr2402,10100.0,0.0,0.0,0.0,1,9550.0,10145.0,1,10100.0,0.0,0.0,0.0,0.0,0.0,0
2023-05-11 11:14:01,nr2402,nr2402,10100.0,0.0,0.0,0.0,1,9550.0,10145.0,1,10100.0,0.0,0.0,0.0,0.0,0.0,0
2023-05-11 11:14:05,nr2402,nr2402,10100.0,0.0,0.0,0.0,2,9555.0,10145.0,1,10100.0,0.0,0.0,0.0,0.0,0.0,0
2023-05-11 11:14:05,nr2402,nr2402,10100.0,0.0,0.0,0.0,1,9560.0,10145.0,1,10100.0,0.0,0.0,0.0,0.0,0.0,0
2023-05-11 11:14:43,nr2402,nr2402,10100.0,0.0,0.0,0.0,1,9560.0,10145.0,1,10100.0,0.0,0.0,0.0,0.0,0.0,0
2023-05-11 11:14:47,nr2402,nr2402,10100.0,0.0,0.0,0.0,2,9565.0,10145.0,1,10100.0,0.0,0.0,0.0,0.0,0.0,0
2023-05-11 11:14:47,nr2402,nr2402,10100.0,0.0,0.0,0.0,1,9570.0,10145.0,1,10100.0,0.0,0.0,0.0,0.0,0.0,0
2023-05-11 11:15:25,nr2402,nr2402,10100.0,0.0,0.0,0.0,1,9570.0,10145.0,1,10100.0,0.0,0.0,0.0,0.0,0.0,0
2023-05-11 11:15:29,nr2402,nr2402,10100.0,0.0,0.0,0.0,2,9575.0,10145.0,1,10100.0,0.0,0.0,0.0,0.0,0.0,0
2023-05-11 11:15:30,nr2402,nr2402,10100.0,0.0,0.0,0.0,1,9580.0,10145.0,1,10100.0,0.0,0.0,0.0,0.0,0.0,0
2023-05-11 11:16:08,nr2402,nr2402,10100.0,0.0,0.0,0.0,1,9580.0,10145.0,1,10100.0,0.0,0.0,0.0,0.0,0.0,0
2023-05-11 11:16:12,nr2402,nr2402,10100.0,0.0,0.0,0.0,2,9585.0,10145.0,1,10100.0,0.0,0.0,0.0,0.0,0.0,0
2023-05-11 11:16:12,nr2402,nr2402,10100.0,0.0,0.0,0.0,1,9590.0,10145.0,1,10100.0,0.0,0.0,0.0,0.0,0.0,0
2023-05-11 11:16:50,nr2402,nr2402,10100.0,0.0,0.0,0.0,1,9590.0,10145.0,1,10100.0,0.0,0.0,0.0,0.0,0.0,0
2023-05-11 11:16:54,nr2402,nr2402,10100.0,0.0,0.0,0.0,2,9595.0,10145.0,1,10100.0,0.0,0.0,0.0,0.0,0.0,0
2023-05-11 11:16:55,nr2402,nr2402,10100.0,0.0,0.0,0.0,3,9595.0,10145.0,1,10100.0,0.0,0.0,0.0,0.0,0.0,0
2023-05-11 11:16:56,nr2402,nr2402,10100.0,0.0,0.0,0.0,1,9595.0,10145.0,1,10100.0,0.0,0.0,0.0,0.0,0.0,0
2023-05-11 11:17:37,nr2402,nr2402,10100.0,0.0,0.0,0.0,1,9595.0,10140.0,2,10100.0,0.0,0.0,0.0,0.0,0.0,0
2023-05-11 11:17:38,nr2402,nr2402,10100.0,0.0,0.0,0.0,1,9595.0,10135.0,1,10100.0,0.0,0.0,0.0,0.0,0.0,0
2023-05-11 11:18:00,nr2402,nr2402,10100.0,0.0,0.0,0.0,1,9595.0,10135.0,1,10100.0,0.0,0.0,0.0,0.0,0.0,0
2023-05-11 11:18:20,nr2402,nr2402,10100.0,0.0,0.0,0.0,2,9600.0,10135.0,1,10100.0,0.0,0.0,0.0,0.0,0.0,0
2023-05-11 11:22:44,nr2402,nr2402,10100.0,0.0,0.0,0.0,1,9595.0,10135.0,1,10100.0,0.0,0.0,0.0,0.0,0.0,0
2023-05-11 11:22:45,nr2402,nr2402,10100.0,0.0,0.0,0.0,1,9515.0,10135.0,1,10100.0,0.0,0.0,0.0,0.0,0.0,0
2023-05-11 11:22:45,nr2402,nr2402,10100.0,0.0,0.0,0.0,1,9520.0,10135.0,1,10100.0,0.0,0.0,0.0,0.0,0.0,0
2023-05-11 11:22:58,nr2402,nr2402,10100.0,0.0,0.0,0.0,2,9520.0,10135.0,1,10100.0,0.0,0.0,0.0,0.0,0.0,0
2023-05-11 11:23:13,nr2402,nr2402,10100.0,0.0,0.0,0.0,2,9525.0,10135.0,1,10100.0,0.0,0.0,0.0,0.0,0.0,0
2023-05-11 11:23:14,nr2402,nr2402,10100.0,0.0,0.0,0.0,1,9530.0,10135.0,1,10100.0,0.0,0.0,0.0,0.0,0.0,0
2023-05-11 11:23:52,nr2402,nr2402,10100.0,0.0,0.0,0.0,1,9530.0,10135.0,1,10100.0,0.0,0.0,0.0,0.0,0.0,0
2023-05-11 11:23:56,nr2402,nr2402,10100.0,0.0,0.0,0.0,2,9535.0,10135.0,1,10100.0,0.0,0.0,0.0,0.0,0.0,0
2023-05-11 11:23:56,nr2402,nr2402,10100.0,0.0,0.0,0.0,1,9540.0,10135.0,1,10100.0,0.0,0.0,0.0,0.0,0.0,0
2023-05-11 11:24:35,nr2402,nr2402,10100.0,0.0,0.0,0.0,1,9540.0,10135.0,1,10100.0,0.0,0.0,0.0,0.0,0.0,0
2023-05-11 11:24:38,nr2402,nr2402,10100.0,0.0,0.0,0.0,2,9545.0,10135.0,1,10100.0,0.0,0.0,0.0,0.0,0.0,0
2023-05-11 11:24:39,nr2402,nr2402,10100.0,0.0,0.0,0.0,1,9550.0,10135.0,1,10100.0,0.0,0.0,0.0,0.0,0.0,0
2023-05-11 11:25:17,nr2402,nr2402,10100.0,0.0,0.0,0.0,1,9550.0,10135.0,1,10100.0,0.0,0.0,0.0,0.0,0.0,0
2023-05-11 11:25:22,nr2402,nr2402,10100.0,0.0,0.0,0.0,2,9555.0,10135.0,1,10100.0,0.0,0.0,0.0,0.0,0.0,0
2023-05-11 11:25:22,nr2402,nr2402,10100.0,0.0,0.0,0.0,1,9560.0,10135.0,1,10100.0,0.0,0.0,0.0,0.0,0.0,0
2023-05-11 11:26:00,nr2402,nr2402,10100.0,0.0,0.0,0.0,1,9560.0,10135.0,1,10100.0,0.0,0.0,0.0,0.0,0.0,0
2023-05-11 11:26:03,nr2402,nr2402,10100.0,0.0,0.0,0.0,2,9565.0,10135.0,1,10100.0,0.0,0.0,0.0,0.0,0.0,0
2023-05-11 11:26:04,nr2402,nr2402,10100.0,0.0,0.0,0.0,1,9570.0,10135.0,1,10100.0,0.0,0.0,0.0,0.0,0.0,0
2023-05-11 11:26:41,nr2402,nr2402,10100.0,0.0,0.0,0.0,1,9570.0,10135.0,1,10100.0,0.0,0.0,0.0,0.0,0.0,0
2023-05-11 11:26:45,nr2402,nr2402,10100.0,0.0,0.0,0.0,2,9575.0,10135.0,1,10100.0,0.0,0.0,0.0,0.0,0.0,0
2023-05-11 11:26:46,nr2402,nr2402,10100.0,0.0,0.0,0.0,1,9580.0,10135.0,1,10100.0,0.0,0.0,0.0,0.0,0.0,0
2023-05-11 11:27:24,nr2402,nr2402,10100.0,0.0,0.0,0.0,1,9580.0,10135.0,1,10100.0,0.0,0.0,0.0,0.0,0.0,0
2023-05-11 11:27:29,nr2402,nr2402,10100.0,0.0,0.0,0.0,1,9580.0,10130.0,2,10100.0,0.0,0.0,0.0,0.0,0.0,0
2023-05-11 11:27:29,nr2402,nr2402,10100.0,0.0,0.0,0.0,1,9580.0,10125.0,1,10100.0,0.0,0.0,0.0,0.0,0.0,0
2023-05-11 11:27:36,nr2402,nr2402,10100.0,0.0,0.0,0.0,1,9580.0,10125.0,1,10100.0,0.0,0.0,0.0,0.0,0.0,0
2023-05-11 11:28:12,nr2402,nr2402,10100.0,0.0,0.0,0.0,2,9585.0,10125.0,1,10100.0,0.0,0.0,0.0,0.0,0.0,0
2023-05-11 11:28:12,nr2402,nr2402,10100.0,0.0,0.0,0.0,1,9590.0,10125.0,1,10100.0,0.0,0.0,0.0,0.0,0.0,0
2023-05-11 11:28:31,nr2402,nr2402,10100.0,0.0,0.0,0.0,1,9590.0,10125.0,1,10100.0,0.0,0.0,0.0,0.0,0.0,0
2023-05-11 11:28:44,nr2402,nr2402,10100.0,0.0,0.0,0.0,1,9590.0,10125.0,1,10100.0,0.0,0.0,0.0,0.0,0.0,0
2023-05-11 11:28:55,nr2402,nr2402,10100.0,0.0,0.0,0.0,1,9590.0,10120.0,2,10100.0,0.0,0.0,0.0,0.0,0.0,0
2023-05-11 11:28:55,nr2402,nr2402,10100.0,0.0,0.0,0.0,1,9590.0,10115.0,1,10100.0,0.0,0.0,0.0,0.0,0.0,0
2023-05-11 11:29:18,nr2402,nr2402,10100.0,0.0,0.0,0.0,1,9590.0,10115.0,1,10100.0,0.0,0.0,0.0,0.0,0.0,0
2023-05-11 11:29:19,nr2402,nr2402,10100.0,0.0,0.0,0.0,1,9590.0,10115.0,1,10100.0,0.0,0.0,0.0,0.0,0.0,0
2023-05-11 11:29:34,nr2402,nr2402,10100.0,0.0,0.0,0.0,1,9590.0,10115.0,1,10100.0,0.0,0.0,0.0,0.0,0.0,0
2023-05-11 11:29:37,nr2402,nr2402,10100.0,0.0,0.0,0.0,1,9590.0,10115.0,1,10100.0,0.0,0.0,0.0,0.0,0.0,0
2023-05-11 11:29:38,nr2402,nr2402,10100.0,0.0,0.0,0.0,1,9590.0,10110.0,2,10100.0,0.0,0.0,0.0,0.0,0.0,0
2023-05-11 11:29:38,nr2402,nr2402,10100.0,0.0,0.0,0.0,1,9590.0,10105.0,1,10100.0,0.0,0.0,0.0,0.0,0.0,0
2023-05-11 11:29:43,nr2402,nr2402,10100.0,0.0,0.0,0.0,1,9590.0,10105.0,1,10100.0,0.0,0.0,0.0,0.0,0.0,0
2023-05-11 11:29:59,nr2402,nr2402,10100.0,0.0,0.0,0.0,1,9590.0,10105.0,1,10100.0,0.0,0.0,0.0,0.0,0.0,0
2023-05-11 13:30:02,nr2402,nr2402,10100.0,0.0,0.0,0.0,1,9590.0,10105.0,1,10100.0,0.0,0.0,0.0,0.0,0.0,0
2023-05-11 13:30:03,nr2402,nr2402,10100.0,0.0,0.0,0.0,2,9590.0,10105.0,2,10100.0,0.0,0.0,0.0,0.0,0.0,0
2023-05-11 13:30:16,nr2402,nr2402,10100.0,0.0,0.0,0.0,2,9590.0,10105.0,2,10100.0,0.0,0.0,0.0,0.0,0.0,0
2023-05-11 13:30:18,nr2402,nr2402,10100.0,0.0,0.0,0.0,2,9590.0,10100.0,2,10100.0,0.0,0.0,0.0,0.0,0.0,0
2023-05-11 13:30:20,nr2402,nr2402,10100.0,0.0,0.0,0.0,2,9590.0,10095.0,1,10100.0,0.0,0.0,0.0,0.0,0.0,0
2023-05-11 13:30:32,nr2402,nr2402,10100.0,0.0,0.0,0.0,2,9590.0,10095.0,1,10100.0,0.0,0.0,0.0,0.0,0.0,0
2023-05-11 13:30:59,nr2402,nr2402,10100.0,0.0,0.0,0.0,2,9590.0,10095.0,1,10100.0,0.0,0.0,0.0,0.0,0.0,0
2023-05-11 13:31:05,nr2402,nr2402,10100.0,0.0,0.0,0.0,2,9595.0,10095.0,1,10100.0,0.0,0.0,0.0,0.0,0.0,0
2023-05-11 13:31:05,nr2402,nr2402,10100.0,0.0,0.0,0.0,2,9595.0,10095.0,1,10100.0,0.0,0.0,0.0,0.0,0.0,0
2023-05-11 13:35:05,nr2402,nr2402,10100.0,0.0,0.0,0.0,1,9590.0,10095.0,1,10100.0,0.0,0.0,0.0,0.0,0.0,0
2023-05-11 13:35:05,nr2402,nr2402,10100.0,0.0,0.0,0.0,1,9595.0,10095.0,1,10100.0,0.0,0.0,0.0,0.0,0.0,0
2023-05-11 13:35:07,nr2402,nr2402,10100.0,0.0,0.0,0.0,2,9595.0,10095.0,1,10100.0,0.0,0.0,0.0,0.0,0.0,0
2023-05-11 13:35:23,nr2402,nr2402,10100.0,0.0,0.0,0.0,2,9595.0,10090.0,2,10100.0,0.0,0.0,0.0,0.0,0.0,0
2023-05-11 13:35:23,nr2402,nr2402,10100.0,0.0,0.0,0.0,2,9595.0,10085.0,1,10100.0,0.0,0.0,0.0,0.0,0.0,0
2023-05-11 13:36:03,nr2402,nr2402,10100.0,0.0,0.0,0.0,2,9595.0,10085.0,1,10100.0,0.0,0.0,0.0,0.0,0.0,0
2023-05-11 13:36:08,nr2402,nr2402,10100.0,0.0,0.0,0.0,2,9595.0,10080.0,2,10100.0,0.0,0.0,0.0,0.0,0.0,0
2023-05-11 13:36:08,nr2402,nr2402,10100.0,0.0,0.0,0.0,2,9595.0,10075.0,1,10100.0,0.0,0.0,0.0,0.0,0.0,0
2023-05-11 13:36:09,nr2402,nr2402,10100.0,0.0,0.0,0.0,2,9595.0,10075.0,1,10100.0,0.0,0.0,0.0,0.0,0.0,0
2023-05-11 13:36:52,nr2402,nr2402,10100.0,0.0,0.0,0.0,2,9600.0,10075.0,1,10100.0,0.0,0.0,0.0,0.0,0.0,0
2023-05-11 13:36:52,nr2402,nr2402,10100.0,0.0,0.0,0.0,2,9600.0,10075.0,1,10100.0,0.0,0.0,0.0,0.0,0.0,0
2023-05-11 13:41:50,nr2402,nr2402,10100.0,0.0,0.0,0.0,1,9595.0,10075.0,1,10100.0,0.0,0.0,0.0,0.0,0.0,0
2023-05-11 13:41:51,nr2402,nr2402,10100.0,0.0,0.0,0.0,1,9460.0,10075.0,1,10100.0,0.0,0.0,0.0,0.0,0.0,0
2023-05-11 13:41:51,nr2402,nr2402,10100.0,0.0,0.0,0.0,1,9465.0,10075.0,1,10100.0,0.0,0.0,0.0,0.0,0.0,0
2023-05-11 13:41:52,nr2402,nr2402,10100.0,0.0,0.0,0.0,2,9465.0,10075.0,1,10100.0,0.0,0.0,0.0,0.0,0.0,0
2023-05-11 13:42:31,nr2402,nr2402,10100.0,0.0,0.0,0.0,2,9470.0,10075.0,1,10100.0,0.0,0.0,0.0,0.0,0.0,0
2023-05-11 13:42:32,nr2402,nr2402,10100.0,0.0,0.0,0.0,1,9475.0,10075.0,1,10100.0,0.0,0.0,0.0,0.0,0.0,0
2023-05-11 13:43:10,nr2402,nr2402,10100.0,0.0,0.0,0.0,1,9475.0,10075.0,1,10100.0,0.0,0.0,0.0,0.0,0.0,0
2023-05-11 13:43:14,nr2402,nr2402,10100.0,0.0,0.0,0.0,2,9480.0,10075.0,1,10100.0,0.0,0.0,0.0,0.0,0.0,0
2023-05-11 13:43:15,nr2402,nr2402,10100.0,0.0,0.0,0.0,1,9485.0,10075.0,1,10100.0,0.0,0.0,0.0,0.0,0.0,0
2023-05-11 13:43:53,nr2402,nr2402,10100.0,0.0,0.0,0.0,1,9485.0,10075.0,1,10100.0,0.0,0.0,0.0,0.0,0.0,0
2023-05-11 13:43:57,nr2402,nr2402,10100.0,0.0,0.0,0.0,2,9490.0,10075.0,1,10100.0,0.0,0.0,0.0,0.0,0.0,0
2023-05-11 13:43:57,nr2402,nr2402,10100.0,0.0,0.0,0.0,1,9495.0,10075.0,1,10100.0,0.0,0.0,0.0,0.0,0.0,0
2023-05-11 13:44:36,nr2402,nr2402,10100.0,0.0,0.0,0.0,1,9495.0,10075.0,1,10100.0,0.0,0.0,0.0,0.0,0.0,0
2023-05-11 13:44:40,nr2402,nr2402,10100.0,0.0,0.0,0.0,2,9500.0,10075.0,1,10100.0,0.0,0.0,0.0,0.0,0.0,0
2023-05-11 13:44:40,nr2402,nr2402,10100.0,0.0,0.0,0.0,1,9505.0,10075.0,1,10100.0,0.0,0.0,0.0,0.0,0.0,0
2023-05-11 13:45:18,nr2402,nr2402,10100.0,0.0,0.0,0.0,1,9505.0,10075.0,1,10100.0,0.0,0.0,0.0,0.0,0.0,0
2023-05-11 13:45:23,nr2402,nr2402,10100.0,0.0,0.0,0.0,2,9510.0,10075.0,1,10100.0,0.0,0.0,0.0,0.0,0.0,0
2023-05-11 13:45:23,nr2402,nr2402,10100.0,0.0,0.0,0.0,1,9515.0,10075.0,1,10100.0,0.0,0.0,0.0,0.0,0.0,0
2023-05-11 13:46:02,nr2402,nr2402,10100.0,0.0,0.0,0.0,1,9515.0,10075.0,1,10100.0,0.0,0.0,0.0,0.0,0.0,0
2023-05-11 13:46:06,nr2402,nr2402,10100.0,0.0,0.0,0.0,2,9520.0,10075.0,1,10100.0,0.0,0.0,0.0,0.0,0.0,0
2023-05-11 13:46:06,nr2402,nr2402,10100.0,0.0,0.0,0.0,1,9525.0,10075.0,1,10100.0,0.0,0.0,0.0,0.0,0.0,0
2023-05-11 13:46:45,nr2402,nr2402,10100.0,0.0,0.0,0.0,1,9525.0,10075.0,1,10100.0,0.0,0.0,0.0,0.0,0.0,0
2023-05-11 13:46:49,nr2402,nr2402,10100.0,0.0,0.0,0.0,2,9530.0,10075.0,1,10100.0,0.0,0.0,0.0,0.0,0.0,0
2023-05-11 13:46:49,nr2402,nr2402,10100.0,0.0,0.0,0.0,1,9535.0,10075.0,1,10100.0,0.0,0.0,0.0,0.0,0.0,0
2023-05-11 13:47:27,nr2402,nr2402,10100.0,0.0,0.0,0.0,1,9535.0,10075.0,1,10100.0,0.0,0.0,0.0,0.0,0.0,0
2023-05-11 13:47:31,nr2402,nr2402,10100.0,0.0,0.0,0.0,2,9540.0,10075.0,1,10100.0,0.0,0.0,0.0,0.0,0.0,0
2023-05-11 13:47:31,nr2402,nr2402,10100.0,0.0,0.0,0.0,1,9545.0,10075.0,1,10100.0,0.0,0.0,0.0,0.0,0.0,0
2023-05-11 13:47:32,nr2402,nr2402,10100.0,0.0,0.0,0.0,2,9545.0,10075.0,1,10100.0,0.0,0.0,0.0,0.0,0.0,0
2023-05-11 13:48:10,nr2402,nr2402,10100.0,0.0,0.0,0.0,2,9545.0,10075.0,1,10100.0,0.0,0.0,0.0,0.0,0.0,0
2023-05-11 13:48:13,nr2402,nr2402,10100.0,0.0,0.0,0.0,2,9550.0,10075.0,1,10100.0,0.0,0.0,0.0,0.0,0.0,0
2023-05-11 13:48:14,nr2402,nr2402,10100.0,0.0,0.0,0.0,1,9555.0,10075.0,1,10100.0,0.0,0.0,0.0,0.0,0.0,0
2023-05-11 13:48:52,nr2402,nr2402,10100.0,0.0,0.0,0.0,1,9555.0,10075.0,1,10100.0,0.0,0.0,0.0,0.0,0.0,0
2023-05-11 13:48:56,nr2402,nr2402,10100.0,0.0,0.0,0.0,2,9560.0,10075.0,1,10100.0,0.0,0.0,0.0,0.0,0.0,0
2023-05-11 13:48:57,nr2402,nr2402,10100.0,0.0,0.0,0.0,1,9565.0,10075.0,1,10100.0,0.0,0.0,0.0,0.0,0.0,0
2023-05-11 13:49:35,nr2402,nr2402,10100.0,0.0,0.0,0.0,1,9565.0,10075.0,1,10100.0,0.0,0.0,0.0,0.0,0.0,0
2023-05-11 13:49:38,nr2402,nr2402,10100.0,0.0,0.0,0.0,2,9570.0,10075.0,1,10100.0,0.0,0.0,0.0,0.0,0.0,0
2023-05-11 13:49:39,nr2402,nr2402,10100.0,0.0,0.0,0.0,1,9575.0,10075.0,1,10100.0,0.0,0.0,0.0,0.0,0.0,0
2023-05-11 13:50:16,nr2402,nr2402,10100.0,0.0,0.0,0.0,1,9575.0,10075.0,1,10100.0,0.0,0.0,0.0,0.0,0.0,0
2023-05-11 13:50:20,nr2402,nr2402,10100.0,0.0,0.0,0.0,2,9580.0,10075.0,1,10100.0,0.0,0.0,0.0,0.0,0.0,0
2023-05-11 13:50:21,nr2402,nr2402,10100.0,0.0,0.0,0.0,1,9585.0,10075.0,1,10100.0,0.0,0.0,0.0,0.0,0.0,0
2023-05-11 13:50:59,nr2402,nr2402,10100.0,0.0,0.0,0.0,1,9585.0,10075.0,1,10100.0,0.0,0.0,0.0,0.0,0.0,0
2023-05-11 13:51:03,nr2402,nr2402,10100.0,0.0,0.0,0.0,2,9590.0,10075.0,1,10100.0,0.0,0.0,0.0,0.0,0.0,0
2023-05-11 13:51:03,nr2402,nr2402,10100.0,0.0,0.0,0.0,1,9595.0,10075.0,1,10100.0,0.0,0.0,0.0,0.0,0.0,0
2023-05-11 13:51:41,nr2402,nr2402,10100.0,0.0,0.0,0.0,1,9595.0,10075.0,1,10100.0,0.0,0.0,0.0,0.0,0.0,0
2023-05-11 13:51:45,nr2402,nr2402,10100.0,0.0,0.0,0.0,2,9600.0,10075.0,1,10100.0,0.0,0.0,0.0,0.0,0.0,0
2023-05-11 13:51:46,nr2402,nr2402,10100.0,0.0,0.0,0.0,2,9600.0,10075.0,1,10100.0,0.0,0.0,0.0,0.0,0.0,0
2023-05-11 13:52:07,nr2402,nr2402,10100.0,0.0,0.0,0.0,1,9545.0,10075.0,1,10100.0,0.0,0.0,0.0,0.0,0.0,0
2023-05-11 13:52:08,nr2402,nr2402,10100.0,0.0,0.0,0.0,1,9550.0,10075.0,1,10100.0,0.0,0.0,0.0,0.0,0.0,0
2023-05-11 13:52:28,nr2402,nr2402,10100.0,0.0,0.0,0.0,2,9555.0,10075.0,1,10100.0,0.0,0.0,0.0,0.0,0.0,0
2023-05-11 13:52:29,nr2402,nr2402,10100.0,0.0,0.0,0.0,1,9560.0,10075.0,1,10100.0,0.0,0.0,0.0,0.0,0.0,0
2023-05-11 13:53:07,nr2402,nr2402,10100.0,0.0,0.0,0.0,1,9560.0,10075.0,1,10100.0,0.0,0.0,0.0,0.0,0.0,0
2023-05-11 13:53:11,nr2402,nr2402,10100.0,0.0,0.0,0.0,2,9565.0,10075.0,1,10100.0,0.0,0.0,0.0,0.0,0.0,0
2023-05-11 13:53:12,nr2402,nr2402,10100.0,0.0,0.0,0.0,1,9570.0,10075.0,1,10100.0,0.0,0.0,0.0,0.0,0.0,0
2023-05-11 13:53:49,nr2402,nr2402,10100.0,0.0,0.0,0.0,1,9570.0,10075.0,1,10100.0,0.0,0.0,0.0,0.0,0.0,0
2023-05-11 13:53:53,nr2402,nr2402,10100.0,0.0,0.0,0.0,2,9575.0,10075.0,1,10100.0,0.0,0.0,0.0,0.0,0.0,0
2023-05-11 13:53:54,nr2402,nr2402,10100.0,0.0,0.0,0.0,1,9580.0,10075.0,1,10100.0,0.0,0.0,0.0,0.0,0.0,0
2023-05-11 13:54:31,nr2402,nr2402,10100.0,0.0,0.0,0.0,1,9580.0,10075.0,1,10100.0,0.0,0.0,0.0,0.0,0.0,0
2023-05-11 13:54:35,nr2402,nr2402,10100.0,0.0,0.0,0.0,2,9585.0,10075.0,1,10100.0,0.0,0.0,0.0,0.0,0.0,0
2023-05-11 13:54:36,nr2402,nr2402,10100.0,0.0,0.0,0.0,1,9590.0,10075.0,1,10100.0,0.0,0.0,0.0,0.0,0.0,0
2023-05-11 13:55:14,nr2402,nr2402,10100.0,0.0,0.0,0.0,1,9590.0,10075.0,1,10100.0,0.0,0.0,0.0,0.0,0.0,0
2023-05-11 13:55:20,nr2402,nr2402,10100.0,0.0,0.0,0.0,2,9595.0,10075.0,1,10100.0,0.0,0.0,0.0,0.0,0.0,0
2023-05-11 13:55:20,nr2402,nr2402,10100.0,0.0,0.0,0.0,2,9595.0,10075.0,1,10100.0,0.0,0.0,0.0,0.0,0.0,0
2023-05-11 13:56:00,nr2402,nr2402,10100.0,0.0,0.0,0.0,1,9545.0,10075.0,1,10100.0,0.0,0.0,0.0,0.0,0.0,0
2023-05-11 13:56:01,nr2402,nr2402,10100.0,0.0,0.0,0.0,1,9550.0,10075.0,1,10100.0,0.0,0.0,0.0,0.0,0.0,0
2023-05-11 13:56:03,nr2402,nr2402,10100.0,0.0,0.0,0.0,2,9555.0,10075.0,1,10100.0,0.0,0.0,0.0,0.0,0.0,0
2023-05-11 13:56:03,nr2402,nr2402,10100.0,0.0,0.0,0.0,1,9560.0,10075.0,1,10100.0,0.0,0.0,0.0,0.0,0.0,0
2023-05-11 13:56:41,nr2402,nr2402,10100.0,0.0,0.0,0.0,1,9560.0,10075.0,1,10100.0,0.0,0.0,0.0,0.0,0.0,0
2023-05-11 13:56:45,nr2402,nr2402,10100.0,0.0,0.0,0.0,2,9565.0,10075.0,1,10100.0,0.0,0.0,0.0,0.0,0.0,0
2023-05-11 13:56:46,nr2402,nr2402,10100.0,0.0,0.0,0.0,1,9570.0,10075.0,1,10100.0,0.0,0.0,0.0,0.0,0.0,0
2023-05-11 13:57:23,nr2402,nr2402,10100.0,0.0,0.0,0.0,1,9570.0,10075.0,1,10100.0,0.0,0.0,0.0,0.0,0.0,0
2023-05-11 13:57:27,nr2402,nr2402,10100.0,0.0,0.0,0.0,2,9575.0,10075.0,1,10100.0,0.0,0.0,0.0,0.0,0.0,0
2023-05-11 13:57:28,nr2402,nr2402,10100.0,0.0,0.0,0.0,1,9580.0,10075.0,1,10100.0,0.0,0.0,0.0,0.0,0.0,0
2023-05-11 13:58:06,nr2402,nr2402,10100.0,0.0,0.0,0.0,1,9580.0,10075.0,1,10100.0,0.0,0.0,0.0,0.0,0.0,0
2023-05-11 13:58:09,nr2402,nr2402,10100.0,0.0,0.0,0.0,2,9585.0,10075.0,1,10100.0,0.0,0.0,0.0,0.0,0.0,0
2023-05-11 13:58:10,nr2402,nr2402,10100.0,0.0,0.0,0.0,1,9590.0,10075.0,1,10100.0,0.0,0.0,0.0,0.0,0.0,0
2023-05-11 13:58:48,nr2402,nr2402,10100.0,0.0,0.0,0.0,1,9590.0,10075.0,1,10100.0,0.0,0.0,0.0,0.0,0.0,0
2023-05-11 13:58:52,nr2402,nr2402,10100.0,0.0,0.0,0.0,2,9595.0,10075.0,1,10100.0,0.0,0.0,0.0,0.0,0.0,0
2023-05-11 13:58:53,nr2402,nr2402,10100.0,0.0,0.0,0.0,2,9595.0,10075.0,1,10100.0,0.0,0.0,0.0,0.0,0.0,0
2023-05-11 13:59:02,nr2402,nr2402,10100.0,0.0,0.0,0.0,1,9555.0,10075.0,1,10100.0,0.0,0.0,0.0,0.0,0.0,0
2023-05-11 13:59:02,nr2402,nr2402,10100.0,0.0,0.0,0.0,1,9560.0,10075.0,1,10100.0,0.0,0.0,0.0,0.0,0.0,0
2023-05-11 13:59:38,nr2402,nr2402,10100.0,0.0,0.0,0.0,2,9565.0,10075.0,1,10100.0,0.0,0.0,0.0,0.0,0.0,0
2023-05-11 13:59:38,nr2402,nr2402,10100.0,0.0,0.0,0.0,1,9570.0,10075.0,1,10100.0,0.0,0.0,0.0,0.0,0.0,0
2023-05-11 14:00:17,nr2402,nr2402,10100.0,0.0,0.0,0.0,1,9570.0,10075.0,1,10100.0,0.0,0.0,0.0,0.0,0.0,0
2023-05-11 14:00:21,nr2402,nr2402,10100.0,0.0,0.0,0.0,1,9570.0,10070.0,2,10100.0,0.0,0.0,0.0,0.0,0.0,0
2023-05-11 14:00:22,nr2402,nr2402,10100.0,0.0,0.0,0.0,1,9570.0,10065.0,1,10100.0,0.0,0.0,0.0,0.0,0.0,0
2023-05-11 14:01:00,nr2402,nr2402,10100.0,0.0,0.0,0.0,1,9570.0,10065.0,1,10100.0,0.0,0.0,0.0,0.0,0.0,0
2023-05-11 14:01:05,nr2402,nr2402,10100.0,0.0,0.0,0.0,2,9575.0,10065.0,1,10100.0,0.0,0.0,0.0,0.0,0.0,0
2023-05-11 14:01:06,nr2402,nr2402,10100.0,0.0,0.0,0.0,1,9580.0,10065.0,1,10100.0,0.0,0.0,0.0,0.0,0.0,0
2023-05-11 14:01:13,nr2402,nr2402,10100.0,0.0,0.0,0.0,1,9580.0,10065.0,1,10100.0,0.0,0.0,0.0,0.0,0.0,0
2023-05-11 14:01:48,nr2402,nr2402,10100.0,0.0,0.0,0.0,1,9580.0,10060.0,2,10100.0,0.0,0.0,0.0,0.0,0.0,0
2023-05-11 14:01:49,nr2402,nr2402,10100.0,0.0,0.0,0.0,1,9580.0,10055.0,1,10100.0,0.0,0.0,0.0,0.0,0.0,0
2023-05-11 14:02:28,nr2402,nr2402,10100.0,0.0,0.0,0.0,1,9580.0,10055.0,1,10100.0,0.0,0.0,0.0,0.0,0.0,0
2023-05-11 14:02:31,nr2402,nr2402,10100.0,0.0,0.0,0.0,1,9580.0,10050.0,2,10100.0,0.0,0.0,0.0,0.0,0.0,0
2023-05-11 14:02:31,nr2402,nr2402,10100.0,0.0,0.0,0.0,1,9580.0,10045.0,1,10100.0,0.0,0.0,0.0,0.0,0.0,0
2023-05-11 14:03:10,nr2402,nr2402,10100.0,0.0,0.0,0.0,1,9580.0,10045.0,1,10100.0,0.0,0.0,0.0,0.0,0.0,0
2023-05-11 14:03:15,nr2402,nr2402,10100.0,0.0,0.0,0.0,1,9580.0,10040.0,2,10100.0,0.0,0.0,0.0,0.0,0.0,0
2023-05-11 14:03:16,nr2402,nr2402,10100.0,0.0,0.0,0.0,1,9580.0,10035.0,1,10100.0,0.0,0.0,0.0,0.0,0.0,0
2023-05-11 14:03:54,nr2402,nr2402,10100.0,0.0,0.0,0.0,1,9580.0,10035.0,1,10100.0,0.0,0.0,0.0,0.0,0.0,0
2023-05-11 14:03:59,nr2402,nr2402,10100.0,0.0,0.0,0.0,1,9580.0,10030.0,2,10100.0,0.0,0.0,0.0,0.0,0.0,0
2023-05-11 14:04:00,nr2402,nr2402,10100.0,0.0,0.0,0.0,1,9580.0,10025.0,1,10100.0,0.0,0.0,0.0,0.0,0.0,0
2023-05-11 14:04:00,nr2402,nr2402,10100.0,0.0,0.0,0.0,1,9580.0,10025.0,2,10100.0,0.0,0.0,0.0,0.0,0.0,0
2023-05-11 14:04:01,nr2402,nr2402,10100.0,0.0,0.0,0.0,1,9580.0,10025.0,2,10100.0,0.0,0.0,0.0,0.0,0.0,0
2023-05-11 14:04:42,nr2402,nr2402,10100.0,0.0,0.0,0.0,2,9585.0,10025.0,2,10100.0,0.0,0.0,0.0,0.0,0.0,0
2023-05-11 14:04:42,nr2402,nr2402,10100.0,0.0,0.0,0.0,1,9590.0,10025.0,2,10100.0,0.0,0.0,0.0,0.0,0.0,0
2023-05-11 14:05:19,nr2402,nr2402,10100.0,0.0,0.0,0.0,1,9590.0,10025.0,2,10100.0,0.0,0.0,0.0,0.0,0.0,0
2023-05-11 14:05:25,nr2402,nr2402,10100.0,0.0,0.0,0.0,1,9590.0,10020.0,2,10100.0,0.0,0.0,0.0,0.0,0.0,0
2023-05-11 14:05:26,nr2402,nr2402,10100.0,0.0,0.0,0.0,1,9590.0,10020.0,2,10100.0,0.0,0.0,0.0,0.0,0.0,0
2023-05-11 14:05:26,nr2402,nr2402,10100.0,0.0,0.0,0.0,1,9590.0,10015.0,1,10100.0,0.0,0.0,0.0,0.0,0.0,0
2023-05-11 14:06:05,nr2402,nr2402,10100.0,0.0,0.0,0.0,1,9590.0,10015.0,1,10100.0,0.0,0.0,0.0,0.0,0.0,0
2023-05-11 14:06:08,nr2402,nr2402,10100.0,0.0,0.0,0.0,2,9595.0,10015.0,1,10100.0,0.0,0.0,0.0,0.0,0.0,0
2023-05-11 14:06:08,nr2402,nr2402,10100.0,0.0,0.0,0.0,2,9595.0,10015.0,1,10100.0,0.0,0.0,0.0,0.0,0.0,0
2023-05-11 14:06:45,nr2402,nr2402,10100.0,0.0,0.0,0.0,1,9555.0,10015.0,1,10100.0,0.0,0.0,0.0,0.0,0.0,0
2023-05-11 14:06:46,nr2402,nr2402,10100.0,0.0,0.0,0.0,1,9560.0,10015.0,1,10100.0,0.0,0.0,0.0,0.0,0.0,0
2023-05-11 14:06:46,nr2402,nr2402,10100.0,0.0,0.0,0.0,2,9560.0,10015.0,1,10100.0,0.0,0.0,0.0,0.0,0.0,0
2023-05-11 14:06:50,nr2402,nr2402,10100.0,0.0,0.0,0.0,2,9565.0,10015.0,1,10100.0,0.0,0.0,0.0,0.0,0.0,0
2023-05-11 14:06:51,nr2402,nr2402,10100.0,0.0,0.0,0.0,1,9570.0,10015.0,1,10100.0,0.0,0.0,0.0,0.0,0.0,0
2023-05-11 14:07:30,nr2402,nr2402,10100.0,0.0,0.0,0.0,1,9570.0,10015.0,1,10100.0,0.0,0.0,0.0,0.0,0.0,0
2023-05-11 14:07:34,nr2402,nr2402,10100.0,0.0,0.0,0.0,2,9575.0,10015.0,1,10100.0,0.0,0.0,0.0,0.0,0.0,0
2023-05-11 14:07:34,nr2402,nr2402,10100.0,0.0,0.0,0.0,1,9580.0,10015.0,1,10100.0,0.0,0.0,0.0,0.0,0.0,0
2023-05-11 14:08:12,nr2402,nr2402,10100.0,0.0,0.0,0.0,1,9580.0,10015.0,1,10100.0,0.0,0.0,0.0,0.0,0.0,0
2023-05-11 14:08:17,nr2402,nr2402,10100.0,0.0,0.0,0.0,1,9580.0,10010.0,2,10100.0,0.0,0.0,0.0,0.0,0.0,0
2023-05-11 14:08:17,nr2402,nr2402,10100.0,0.0,0.0,0.0,1,9580.0,10005.0,1,10100.0,0.0,0.0,0.0,0.0,0.0,0
2023-05-11 14:08:56,nr2402,nr2402,10100.0,0.0,0.0,0.0,1,9580.0,10005.0,1,10100.0,0.0,0.0,0.0,0.0,0.0,0
2023-05-11 14:09:00,nr2402,nr2402,10100.0,0.0,0.0,0.0,2,9585.0,10005.0,1,10100.0,0.0,0.0,0.0,0.0,0.0,0
2023-05-11 14:09:01,nr2402,nr2402,10100.0,0.0,0.0,0.0,1,9590.0,10005.0,1,10100.0,0.0,0.0,0.0,0.0,0.0,0
2023-05-11 14:09:03,nr2402,nr2402,10100.0,0.0,0.0,0.0,1,9590.0,10005.0,1,10100.0,0.0,0.0,0.0,0.0,0.0,0
2023-05-11 14:09:44,nr2402,nr2402,10100.0,0.0,0.0,0.0,1,9590.0,10000.0,2,10100.0,0.0,0.0,0.0,0.0,0.0,0
2023-05-11 14:09:44,nr2402,nr2402,10100.0,0.0,0.0,0.0,1,9590.0,9995.0,1,10100.0,0.0,0.0,0.0,0.0,0.0,0
2023-05-11 14:10:23,nr2402,nr2402,10100.0,0.0,0.0,0.0,1,9590.0,9995.0,1,10100.0,0.0,0.0,0.0,0.0,0.0,0
2023-05-11 14:10:27,nr2402,nr2402,10100.0,0.0,0.0,0.0,1,9590.0,9990.0,2,10100.0,0.0,0.0,0.0,0.0,0.0,0
2023-05-11 14:10:28,nr2402,nr2402,10100.0,0.0,0.0,0.0,1,9590.0,9985.0,1,10100.0,0.0,0.0,0.0,0.0,0.0,0
2023-05-11 14:10:37,nr2402,nr2402,10100.0,0.0,0.0,0.0,1,9590.0,9985.0,1,10100.0,0.0,0.0,0.0,0.0,0.0,0
2023-05-11 14:11:11,nr2402,nr2402,10100.0,0.0,0.0,0.0,2,9595.0,9985.0,1,10100.0,0.0,0.0,0.0,0.0,0.0,0
2023-05-11 14:11:11,nr2402,nr2402,10100.0,0.0,0.0,0.0,2,9595.0,9985.0,1,10100.0,0.0,0.0,0.0,0.0,0.0,0
2023-05-11 14:16:09,nr2402,nr2402,10100.0,0.0,0.0,0.0,1,9560.0,9985.0,1,10100.0,0.0,0.0,0.0,0.0,0.0,0
2023-05-11 14:16:10,nr2402,nr2402,10100.0,0.0,0.0,0.0,1,9565.0,9985.0,1,10100.0,0.0,0.0,0.0,0.0,0.0,0
2023-05-11 14:16:12,nr2402,nr2402,10100.0,0.0,0.0,0.0,2,9565.0,9985.0,1,10100.0,0.0,0.0,0.0,0.0,0.0,0
2023-05-11 14:16:50,nr2402,nr2402,10100.0,0.0,0.0,0.0,2,9570.0,9985.0,1,10100.0,0.0,0.0,0.0,0.0,0.0,0
2023-05-11 14:16:50,nr2402,nr2402,10100.0,0.0,0.0,0.0,1,9575.0,9985.0,1,10100.0,0.0,0.0,0.0,0.0,0.0,0
2023-05-11 14:17:28,nr2402,nr2402,10100.0,0.0,0.0,0.0,1,9575.0,9985.0,1,10100.0,0.0,0.0,0.0,0.0,0.0,0
2023-05-11 14:17:32,nr2402,nr2402,10100.0,0.0,0.0,0.0,2,9580.0,9985.0,1,10100.0,0.0,0.0,0.0,0.0,0.0,0
2023-05-11 14:17:33,nr2402,nr2402,10100.0,0.0,0.0,0.0,1,9585.0,9985.0,1,10100.0,0.0,0.0,0.0,0.0,0.0,0
2023-05-11 14:18:10,nr2402,nr2402,10100.0,0.0,0.0,0.0,1,9585.0,9985.0,1,10100.0,0.0,0.0,0.0,0.0,0.0,0
2023-05-11 14:18:14,nr2402,nr2402,10100.0,0.0,0.0,0.0,2,9590.0,9985.0,1,10100.0,0.0,0.0,0.0,0.0,0.0,0
2023-05-11 14:18:14,nr2402,nr2402,10100.0,0.0,0.0,0.0,1,9595.0,9985.0,1,10100.0,0.0,0.0,0.0,0.0,0.0,0
2023-05-11 14:18:52,nr2402,nr2402,10100.0,0.0,0.0,0.0,1,9595.0,9985.0,1,10100.0,0.0,0.0,0.0,0.0,0.0,0
2023-05-11 14:18:54,nr2402,nr2402,10100.0,0.0,0.0,0.0,2,9600.0,9985.0,1,10100.0,0.0,0.0,0.0,0.0,0.0,0
2023-05-11 14:18:55,nr2402,nr2402,10100.0,0.0,0.0,0.0,2,9600.0,9985.0,1,10100.0,0.0,0.0,0.0,0.0,0.0,0
2023-05-11 14:21:08,nr2402,nr2402,10100.0,0.0,0.0,0.0,1,9565.0,9985.0,1,10100.0,0.0,0.0,0.0,0.0,0.0,0
2023-05-11 14:21:08,nr2402,nr2402,10100.0,0.0,0.0,0.0,1,9570.0,9985.0,1,10100.0,0.0,0.0,0.0,0.0,0.0,0
2023-05-11 14:21:43,nr2402,nr2402,10100.0,0.0,0.0,0.0,2,9575.0,9985.0,1,10100.0,0.0,0.0,0.0,0.0,0.0,0
2023-05-11 14:21:44,nr2402,nr2402,10100.0,0.0,0.0,0.0,1,9580.0,9985.0,1,10100.0,0.0,0.0,0.0,0.0,0.0,0
2023-05-11 14:22:22,nr2402,nr2402,10100.0,0.0,0.0,0.0,1,9580.0,9985.0,1,10100.0,0.0,0.0,0.0,0.0,0.0,0
2023-05-11 14:22:27,nr2402,nr2402,10100.0,0.0,0.0,0.0,1,9580.0,9980.0,2,10100.0,0.0,0.0,0.0,0.0,0.0,0
2023-05-11 14:22:28,nr2402,nr2402,10100.0,0.0,0.0,0.0,1,9580.0,9975.0,1,10100.0,0.0,0.0,0.0,0.0,0.0,0
2023-05-11 14:22:37,nr2402,nr2402,10100.0,0.0,0.0,0.0,1,9580.0,9975.0,1,10100.0,0.0,0.0,0.0,0.0,0.0,0
2023-05-11 14:23:10,nr2402,nr2402,10100.0,0.0,0.0,0.0,2,9585.0,9975.0,1,10100.0,0.0,0.0,0.0,0.0,0.0,0
2023-05-11 14:23:11,nr2402,nr2402,10100.0,0.0,0.0,0.0,1,9590.0,9975.0,1,10100.0,0.0,0.0,0.0,0.0,0.0,0
2023-05-11 14:23:49,nr2402,nr2402,10100.0,0.0,0.0,0.0,1,9590.0,9975.0,1,10100.0,0.0,0.0,0.0,0.0,0.0,0
2023-05-11 14:23:54,nr2402,nr2402,10100.0,0.0,0.0,0.0,1,9590.0,9970.0,2,10100.0,0.0,0.0,0.0,0.0,0.0,0
2023-05-11 14:23:55,nr2402,nr2402,10100.0,0.0,0.0,0.0,1,9590.0,9965.0,1,10100.0,0.0,0.0,0.0,0.0,0.0,0
2023-05-11 14:23:58,nr2402,nr2402,10100.0,0.0,0.0,0.0,1,9590.0,9965.0,1,10100.0,0.0,0.0,0.0,0.0,0.0,0
2023-05-11 14:24:37,nr2402,nr2402,10100.0,0.0,0.0,0.0,2,9595.0,9965.0,1,10100.0,0.0,0.0,0.0,0.0,0.0,0
2023-05-11 14:24:38,nr2402,nr2402,10100.0,0.0,0.0,0.0,2,9595.0,9965.0,1,10100.0,0.0,0.0,0.0,0.0,0.0,0
2023-05-11 14:25:00,nr2402,nr2402,10100.0,0.0,0.0,0.0,1,9565.0,9965.0,1,10100.0,0.0,0.0,0.0,0.0,0.0,0
2023-05-11 14:25:00,nr2402,nr2402,10100.0,0.0,0.0,0.0,1,9570.0,9965.0,1,10100.0,0.0,0.0,0.0,0.0,0.0,0
2023-05-11 14:25:02,nr2402,nr2402,10100.0,0.0,0.0,0.0,2,9570.0,9965.0,1,10100.0,0.0,0.0,0.0,0.0,0.0,0
2023-05-11 14:25:18,nr2402,nr2402,10100.0,0.0,0.0,0.0,2,9575.0,9965.0,1,10100.0,0.0,0.0,0.0,0.0,0.0,0
2023-05-11 14:25:19,nr2402,nr2402,10100.0,0.0,0.0,0.0,1,9580.0,9965.0,1,10100.0,0.0,0.0,0.0,0.0,0.0,0
2023-05-11 14:25:58,nr2402,nr2402,10100.0,0.0,0.0,0.0,1,9580.0,9965.0,1,10100.0,0.0,0.0,0.0,0.0,0.0,0
2023-05-11 14:26:01,nr2402,nr2402,10100.0,0.0,0.0,0.0,2,9585.0,9965.0,1,10100.0,0.0,0.0,0.0,0.0,0.0,0
2023-05-11 14:26:02,nr2402,nr2402,10100.0,0.0,0.0,0.0,1,9590.0,9965.0,1,10100.0,0.0,0.0,0.0,0.0,0.0,0
2023-05-11 14:26:40,nr2402,nr2402,10100.0,0.0,0.0,0.0,1,9590.0,9965.0,1,10100.0,0.0,0.0,0.0,0.0,0.0,0
2023-05-11 14:26:45,nr2402,nr2402,10100.0,0.0,0.0,0.0,2,9595.0,9965.0,1,10100.0,0.0,0.0,0.0,0.0,0.0,0
2023-05-11 14:26:45,nr2402,nr2402,10100.0,0.0,0.0,0.0,2,9595.0,9965.0,1,10100.0,0.0,0.0,0.0,0.0,0.0,0
2023-05-11 14:28:50,nr2402,nr2402,10100.0,0.0,0.0,0.0,1,9570.0,9965.0,1,10100.0,0.0,0.0,0.0,0.0,0.0,0
2023-05-11 14:28:51,nr2402,nr2402,10100.0,0.0,0.0,0.0,1,9575.0,9965.0,1,10100.0,0.0,0.0,0.0,0.0,0.0,0
2023-05-11 14:28:53,nr2402,nr2402,10100.0,0.0,0.0,0.0,2,9580.0,9965.0,1,10100.0,0.0,0.0,0.0,0.0,0.0,0
2023-05-11 14:28:54,nr2402,nr2402,10100.0,0.0,0.0,0.0,1,9585.0,9965.0,1,10100.0,0.0,0.0,0.0,0.0,0.0,0
2023-05-11 14:29:32,nr2402,nr2402,10100.0,0.0,0.0,0.0,1,9585.0,9965.0,1,10100.0,0.0,0.0,0.0,0.0,0.0,0
2023-05-11 14:29:35,nr2402,nr2402,10100.0,0.0,0.0,0.0,2,9590.0,9965.0,1,10100.0,0.0,0.0,0.0,0.0,0.0,0
2023-05-11 14:29:36,nr2402,nr2402,10100.0,0.0,0.0,0.0,1,9595.0,9965.0,1,10100.0,0.0,0.0,0.0,0.0,0.0,0
2023-05-11 14:30:14,nr2402,nr2402,10100.0,0.0,0.0,0.0,1,9595.0,9965.0,1,10100.0,0.0,0.0,0.0,0.0,0.0,0
2023-05-11 14:30:18,nr2402,nr2402,10100.0,0.0,0.0,0.0,1,9595.0,9960.0,2,10100.0,0.0,0.0,0.0,0.0,0.0,0
2023-05-11 14:30:18,nr2402,nr2402,10100.0,0.0,0.0,0.0,1,9595.0,9955.0,1,10100.0,0.0,0.0,0.0,0.0,0.0,0
2023-05-11 14:30:56,nr2402,nr2402,10100.0,0.0,0.0,0.0,1,9595.0,9955.0,1,10100.0,0.0,0.0,0.0,0.0,0.0,0
2023-05-11 14:31:00,nr2402,nr2402,10100.0,0.0,0.0,0.0,2,9600.0,9955.0,1,10100.0,0.0,0.0,0.0,0.0,0.0,0
2023-05-11 14:31:00,nr2402,nr2402,10100.0,0.0,0.0,0.0,2,9600.0,9955.0,1,10100.0,0.0,0.0,0.0,0.0,0.0,0
2023-05-11 14:31:59,nr2402,nr2402,10100.0,0.0,0.0,0.0,1,9570.0,9955.0,1,10100.0,0.0,0.0,0.0,0.0,0.0,0
2023-05-11 14:32:00,nr2402,nr2402,10100.0,0.0,0.0,0.0,1,9575.0,9955.0,1,10100.0,0.0,0.0,0.0,0.0,0.0,0
2023-05-11 14:32:00,nr2402,nr2402,10100.0,0.0,0.0,0.0,2,9575.0,9955.0,1,10100.0,0.0,0.0,0.0,0.0,0.0,0
2023-05-11 14:32:23,nr2402,nr2402,10100.0,0.0,0.0,0.0,2,9580.0,9955.0,1,10100.0,0.0,0.0,0.0,0.0,0.0,0
2023-05-11 14:32:23,nr2402,nr2402,10100.0,0.0,0.0,0.0,1,9585.0,9955.0,1,10100.0,0.0,0.0,0.0,0.0,0.0,0
2023-05-11 14:33:01,nr2402,nr2402,10100.0,0.0,0.0,0.0,1,9585.0,9955.0,1,10100.0,0.0,0.0,0.0,0.0,0.0,0
2023-05-11 14:33:05,nr2402,nr2402,10100.0,0.0,0.0,0.0,2,9590.0,9955.0,1,10100.0,0.0,0.0,0.0,0.0,0.0,0
2023-05-11 14:33:05,nr2402,nr2402,10100.0,0.0,0.0,0.0,1,9595.0,9955.0,1,10100.0,0.0,0.0,0.0,0.0,0.0,0
2023-05-11 14:33:43,nr2402,nr2402,10100.0,0.0,0.0,0.0,1,9595.0,9955.0,1,10100.0,0.0,0.0,0.0,0.0,0.0,0
2023-05-11 14:33:47,nr2402,nr2402,10100.0,0.0,0.0,0.0,1,9595.0,9950.0,2,10100.0,0.0,0.0,0.0,0.0,0.0,0
2023-05-11 14:33:47,nr2402,nr2402,10100.0,0.0,0.0,0.0,1,9595.0,9950.0,2,10100.0,0.0,0.0,0.0,0.0,0.0,0
2023-05-11 14:38:46,nr2402,nr2402,10100.0,0.0,0.0,0.0,1,9595.0,10025.0,1,10100.0,0.0,0.0,0.0,0.0,0.0,0
2023-05-11 14:38:46,nr2402,nr2402,10100.0,0.0,0.0,0.0,1,9595.0,10020.0,1,10100.0,0.0,0.0,0.0,0.0,0.0,0
2023-05-11 14:38:49,nr2402,nr2402,10100.0,0.0,0.0,0.0,1,9595.0,10020.0,2,10100.0,0.0,0.0,0.0,0.0,0.0,0
2023-05-11 14:38:53,nr2402,nr2402,10100.0,0.0,0.0,0.0,1,9595.0,10020.0,2,10100.0,0.0,0.0,0.0,0.0,0.0,0
2023-05-11 14:38:55,nr2402,nr2402,10100.0,0.0,0.0,0.0,1,9595.0,10020.0,2,10100.0,0.0,0.0,0.0,0.0,0.0,0
2023-05-11 14:39:25,nr2402,nr2402,10100.0,0.0,0.0,0.0,1,9595.0,10015.0,2,10100.0,0.0,0.0,0.0,0.0,0.0,0
2023-05-11 14:39:25,nr2402,nr2402,10100.0,0.0,0.0,0.0,1,9595.0,10010.0,1,10100.0,0.0,0.0,0.0,0.0,0.0,0
2023-05-11 14:40:04,nr2402,nr2402,10100.0,0.0,0.0,0.0,1,9595.0,10010.0,1,10100.0,0.0,0.0,0.0,0.0,0.0,0
2023-05-11 14:40:08,nr2402,nr2402,10100.0,0.0,0.0,0.0,1,9595.0,10005.0,2,10100.0,0.0,0.0,0.0,0.0,0.0,0
2023-05-11 14:40:09,nr2402,nr2402,10100.0,0.0,0.0,0.0,1,9595.0,10000.0,1,10100.0,0.0,0.0,0.0,0.0,0.0,0
2023-05-11 14:40:47,nr2402,nr2402,10100.0,0.0,0.0,0.0,1,9595.0,10000.0,1,10100.0,0.0,0.0,0.0,0.0,0.0,0
2023-05-11 14:40:52,nr2402,nr2402,10100.0,0.0,0.0,0.0,1,9595.0,9995.0,2,10100.0,0.0,0.0,0.0,0.0,0.0,0
2023-05-11 14:40:52,nr2402,nr2402,10100.0,0.0,0.0,0.0,1,9595.0,9985.0,1,10100.0,0.0,0.0,0.0,0.0,0.0,0
2023-05-11 14:41:30,nr2402,nr2402,10100.0,0.0,0.0,0.0,1,9595.0,9985.0,1,10100.0,0.0,0.0,0.0,0.0,0.0,0
2023-05-11 14:41:34,nr2402,nr2402,10100.0,0.0,0.0,0.0,1,9595.0,9980.0,2,10100.0,0.0,0.0,0.0,0.0,0.0,0
2023-05-11 14:41:35,nr2402,nr2402,10100.0,0.0,0.0,0.0,1,9595.0,9970.0,1,10100.0,0.0,0.0,0.0,0.0,0.0,0
2023-05-11 14:42:13,nr2402,nr2402,10100.0,0.0,0.0,0.0,1,9595.0,9970.0,1,10100.0,0.0,0.0,0.0,0.0,0.0,0
2023-05-11 14:42:17,nr2402,nr2402,10100.0,0.0,0.0,0.0,1,9595.0,9965.0,2,10100.0,0.0,0.0,0.0,0.0,0.0,0
2023-05-11 14:42:17,nr2402,nr2402,10100.0,0.0,0.0,0.0,1,9595.0,9955.0,1,10100.0,0.0,0.0,0.0,0.0,0.0,0
2023-05-11 14:42:56,nr2402,nr2402,10100.0,0.0,0.0,0.0,1,9595.0,9955.0,1,10100.0,0.0,0.0,0.0,0.0,0.0,0
2023-05-11 14:43:01,nr2402,nr2402,10100.0,0.0,0.0,0.0,1,9595.0,9950.0,2,10100.0,0.0,0.0,0.0,0.0,0.0,0
2023-05-11 14:43:01,nr2402,nr2402,10100.0,0.0,0.0,0.0,1,9595.0,9950.0,2,10100.0,0.0,0.0,0.0,0.0,0.0,0
2023-05-11 14:45:43,nr2402,nr2402,10100.0,0.0,0.0,0.0,1,9575.0,9950.0,2,10100.0,0.0,0.0,0.0,0.0,0.0,0
2023-05-11 14:45:43,nr2402,nr2402,10100.0,0.0,0.0,0.0,1,9460.0,9950.0,2,10100.0,0.0,0.0,0.0,0.0,0.0,0
2023-05-11 14:45:44,nr2402,nr2402,10100.0,0.0,0.0,0.0,1,9470.0,9950.0,2,10100.0,0.0,0.0,0.0,0.0,0.0,0
2023-05-11 14:45:44,nr2402,nr2402,10100.0,0.0,0.0,0.0,1,9470.0,10020.0,1,10100.0,0.0,0.0,0.0,0.0,0.0,0
2023-05-11 14:45:45,nr2402,nr2402,10100.0,0.0,0.0,0.0,2,9470.0,10010.0,1,10100.0,0.0,0.0,0.0,0.0,0.0,0
2023-05-11 14:45:46,nr2402,nr2402,10100.0,0.0,0.0,0.0,2,9470.0,10010.0,2,10100.0,0.0,0.0,0.0,0.0,0.0,0
2023-05-11 14:45:55,nr2402,nr2402,10100.0,0.0,0.0,0.0,2,9475.0,10010.0,2,10100.0,0.0,0.0,0.0,0.0,0.0,0
2023-05-11 14:45:55,nr2402,nr2402,10100.0,0.0,0.0,0.0,1,9485.0,10010.0,2,10100.0,0.0,0.0,0.0,0.0,0.0,0
2023-05-11 14:46:34,nr2402,nr2402,10100.0,0.0,0.0,0.0,1,9485.0,10010.0,2,10100.0,0.0,0.0,0.0,0.0,0.0,0
2023-05-11 14:46:37,nr2402,nr2402,10100.0,0.0,0.0,0.0,2,9490.0,10010.0,2,10100.0,0.0,0.0,0.0,0.0,0.0,0
2023-05-11 14:46:38,nr2402,nr2402,10100.0,0.0,0.0,0.0,1,9500.0,10010.0,2,10100.0,0.0,0.0,0.0,0.0,0.0,0
2023-05-11 14:47:16,nr2402,nr2402,10100.0,0.0,0.0,0.0,1,9500.0,10010.0,2,10100.0,0.0,0.0,0.0,0.0,0.0,0
2023-05-11 14:47:21,nr2402,nr2402,10100.0,0.0,0.0,0.0,2,9505.0,10010.0,2,10100.0,0.0,0.0,0.0,0.0,0.0,0
2023-05-11 14:47:21,nr2402,nr2402,10100.0,0.0,0.0,0.0,1,9515.0,10010.0,2,10100.0,0.0,0.0,0.0,0.0,0.0,0
2023-05-11 14:47:31,nr2402,nr2402,10100.0,0.0,0.0,0.0,1,9515.0,10010.0,2,10100.0,0.0,0.0,0.0,0.0,0.0,0
2023-05-11 14:48:05,nr2402,nr2402,10100.0,0.0,0.0,0.0,2,9520.0,10010.0,2,10100.0,0.0,0.0,0.0,0.0,0.0,0
2023-05-11 14:48:05,nr2402,nr2402,10100.0,0.0,0.0,0.0,1,9530.0,10010.0,2,10100.0,0.0,0.0,0.0,0.0,0.0,0
2023-05-11 14:48:11,nr2402,nr2402,10100.0,0.0,0.0,0.0,1,9530.0,10010.0,2,10100.0,0.0,0.0,0.0,0.0,0.0,0
2023-05-11 14:48:48,nr2402,nr2402,10100.0,0.0,0.0,0.0,1,9530.0,10005.0,2,10100.0,0.0,0.0,0.0,0.0,0.0,0
2023-05-11 14:48:49,nr2402,nr2402,10100.0,0.0,0.0,0.0,1,9530.0,9995.0,1,10100.0,0.0,0.0,0.0,0.0,0.0,0
2023-05-11 14:49:27,nr2402,nr2402,10100.0,0.0,0.0,0.0,1,9530.0,9995.0,1,10100.0,0.0,0.0,0.0,0.0,0.0,0
2023-05-11 14:49:31,nr2402,nr2402,10100.0,0.0,0.0,0.0,1,9530.0,9990.0,2,10100.0,0.0,0.0,0.0,0.0,0.0,0
2023-05-11 14:49:32,nr2402,nr2402,10100.0,0.0,0.0,0.0,1,9530.0,9980.0,1,10100.0,0.0,0.0,0.0,0.0,0.0,0
2023-05-11 14:50:10,nr2402,nr2402,10100.0,0.0,0.0,0.0,1,9530.0,9980.0,1,10100.0,0.0,0.0,0.0,0.0,0.0,0
2023-05-11 14:50:14,nr2402,nr2402,10100.0,0.0,0.0,0.0,2,9535.0,9980.0,1,10100.0,0.0,0.0,0.0,0.0,0.0,0
2023-05-11 14:50:14,nr2402,nr2402,10100.0,0.0,0.0,0.0,1,9545.0,9980.0,1,10100.0,0.0,0.0,0.0,0.0,0.0,0
2023-05-11 14:50:27,nr2402,nr2402,10100.0,0.0,0.0,0.0,1,9545.0,9980.0,1,10100.0,0.0,0.0,0.0,0.0,0.0,0
2023-05-11 14:50:56,nr2402,nr2402,10100.0,0.0,0.0,0.0,1,9545.0,9975.0,2,10100.0,0.0,0.0,0.0,0.0,0.0,0
2023-05-11 14:50:57,nr2402,nr2402,10100.0,0.0,0.0,0.0,1,9545.0,9965.0,1,10100.0,0.0,0.0,0.0,0.0,0.0,0
2023-05-11 14:51:35,nr2402,nr2402,10100.0,0.0,0.0,0.0,1,9545.0,9965.0,1,10100.0,0.0,0.0,0.0,0.0,0.0,0
2023-05-11 14:51:39,nr2402,nr2402,10100.0,0.0,0.0,0.0,1,9545.0,9960.0,2,10100.0,0.0,0.0,0.0,0.0,0.0,0
2023-05-11 14:51:40,nr2402,nr2402,10100.0,0.0,0.0,0.0,1,9545.0,9950.0,1,10100.0,0.0,0.0,0.0,0.0,0.0,0
2023-05-11 14:52:01,nr2402,nr2402,10100.0,0.0,0.0,0.0,1,9545.0,9950.0,1,10100.0,0.0,0.0,0.0,0.0,0.0,0
2023-05-11 14:52:19,nr2402,nr2402,10100.0,0.0,0.0,0.0,1,9545.0,9950.0,1,10100.0,0.0,0.0,0.0,0.0,0.0,0
2023-05-11 14:52:23,nr2402,nr2402,10100.0,0.0,0.0,0.0,1,9545.0,9945.0,2,10100.0,0.0,0.0,0.0,0.0,0.0,0
2023-05-11 14:52:24,nr2402,nr2402,10100.0,0.0,0.0,0.0,1,9545.0,9945.0,2,10100.0,0.0,0.0,0.0,0.0,0.0,0
2023-05-11 14:56:55,nr2402,nr2402,10100.0,0.0,0.0,0.0,1,9545.0,10010.0,1,10100.0,0.0,0.0,0.0,0.0,0.0,0
2023-05-11 14:56:55,nr2402,nr2402,10100.0,0.0,0.0,0.0,1,9545.0,10000.0,1,10100.0,0.0,0.0,0.0,0.0,0.0,0
2023-05-11 14:56:57,nr2402,nr2402,10100.0,0.0,0.0,0.0,1,9545.0,10000.0,2,10100.0,0.0,0.0,0.0,0.0,0.0,0
2023-05-11 14:57:19,nr2402,nr2402,10100.0,0.0,0.0,0.0,1,9545.0,9995.0,2,10100.0,0.0,0.0,0.0,0.0,0.0,0
2023-05-11 14:57:20,nr2402,nr2402,10100.0,0.0,0.0,0.0,1,9545.0,9985.0,1,10100.0,0.0,0.0,0.0,0.0,0.0,0
2023-05-11 14:57:58,nr2402,nr2402,10100.0,0.0,0.0,0.0,1,9545.0,9985.0,1,10100.0,0.0,0.0,0.0,0.0,0.0,0
2023-05-11 14:58:02,nr2402,nr2402,10100.0,0.0,0.0,0.0,1,9545.0,9980.0,2,10100.0,0.0,0.0,0.0,0.0,0.0,0
2023-05-11 14:58:03,nr2402,nr2402,10100.0,0.0,0.0,0.0,1,9545.0,9970.0,1,10100.0,0.0,0.0,0.0,0.0,0.0,0
2023-05-11 14:58:08,nr2402,nr2402,10100.0,0.0,0.0,0.0,1,9545.0,9970.0,1,10100.0,0.0,0.0,0.0,0.0,0.0,0
2023-05-11 14:58:45,nr2402,nr2402,10100.0,0.0,0.0,0.0,2,9550.0,9970.0,1,10100.0,0.0,0.0,0.0,0.0,0.0,0
2023-05-11 14:58:45,nr2402,nr2402,10100.0,0.0,0.0,0.0,3,9550.0,9970.0,1,10100.0,0.0,0.0,0.0,0.0,0.0,0
2023-05-11 14:59:57,nr2402,nr2402,10100.0,0.0,0.0,0.0,3,9550.0,9970.0,1,10100.0,0.0,0.0,0.0,0.0,0.0,0
2023-05-11 14:59:59,nr2402,nr2402,10100.0,0.0,0.0,0.0,3,9550.0,9970.0,1,10100.0,0.0,0.0,0.0,0.0,0.0,0
2023-05-11 15:00:00,nr2402,nr2402,10100.0,0.0,0.0,0.0,3,9550.0,9970.0,1,10100.0,0.0,0.0,0.0,0.0,0.0,0
