time,symbol_id,symbol_name,last,trade_volume,trade_amount,open_interest_change,bv1,bp1,ap1,av1,yesterday_close,today_open,today_high,today_low,volume,amount,open_interest
2023-05-10 19:12:58,FG2310,FG310,1668.0,0.0,0.0,0.0,0,0.0,0.0,0,1668.0,1666.0,0.0,0.0,0.0,0.0,136642
2023-05-10 20:56:07,FG2310,FG310,1668.0,0.0,0.0,0.0,0,0.0,0.0,0,1668.0,1666.0,0.0,0.0,0.0,0.0,136642
2023-05-10 20:56:43,FG2310,FG310,1668.0,0.0,0.0,0.0,0,0.0,0.0,0,1668.0,1666.0,0.0,0.0,0.0,0.0,136642
2023-05-10 20:56:54,FG2310,FG310,1668.0,0.0,0.0,0.0,0,0.0,0.0,0,1668.0,1666.0,0.0,0.0,0.0,0.0,136642
2023-05-10 20:57:42,FG2310,FG310,1668.0,0.0,0.0,0.0,0,0.0,0.0,0,1668.0,1666.0,0.0,0.0,0.0,0.0,136642
2023-05-10 20:57:46,FG2310,FG310,1668.0,0.0,0.0,0.0,0,0.0,0.0,0,1668.0,1666.0,0.0,0.0,0.0,0.0,136642
2023-05-10 20:57:50,FG2310,FG310,1668.0,0.0,0.0,0.0,0,0.0,0.0,0,1668.0,1666.0,0.0,0.0,0.0,0.0,136642
2023-05-10 20:58:12,FG2310,FG310,1668.0,0.0,0.0,0.0,0,0.0,0.0,0,1668.0,1666.0,0.0,0.0,0.0,0.0,136642
2023-05-10 20:58:36,FG2310,FG310,1668.0,0.0,0.0,0.0,0,0.0,0.0,0,1668.0,1666.0,0.0,0.0,0.0,0.0,136642
2023-05-10 20:58:44,FG2310,FG310,1668.0,0.0,0.0,0.0,0,0.0,0.0,0,1668.0,1666.0,0.0,0.0,0.0,0.0,136642
2023-05-10 20:58:50,FG2310,FG310,1668.0,0.0,0.0,0.0,0,0.0,0.0,0,1668.0,1666.0,0.0,0.0,0.0,0.0,136642
2023-05-10 20:58:50,FG2310,FG310,1668.0,0.0,0.0,0.0,0,0.0,0.0,0,1668.0,1666.0,0.0,0.0,0.0,0.0,136642
2023-05-10 20:58:51,FG2310,FG310,1668.0,0.0,0.0,0.0,0,0.0,0.0,0,1668.0,1666.0,0.0,0.0,0.0,0.0,136642
2023-05-10 20:58:51,FG2310,FG310,1668.0,0.0,0.0,0.0,0,0.0,0.0,0,1668.0,1666.0,0.0,0.0,0.0,0.0,136642
2023-05-10 20:58:52,FG2310,FG310,1668.0,0.0,0.0,0.0,0,0.0,0.0,0,1668.0,1666.0,0.0,0.0,0.0,0.0,136642
2023-05-10 20:58:54,FG2310,FG310,1668.0,0.0,0.0,0.0,0,0.0,0.0,0,1668.0,1666.0,0.0,0.0,0.0,0.0,136642
2023-05-10 20:58:54,FG2310,FG310,1668.0,0.0,0.0,0.0,0,0.0,0.0,0,1668.0,1666.0,0.0,0.0,0.0,0.0,136642
2023-05-10 20:58:55,FG2310,FG310,1668.0,0.0,0.0,0.0,0,0.0,0.0,0,1668.0,1666.0,0.0,0.0,0.0,0.0,136642
2023-05-10 20:58:55,FG2310,FG310,1668.0,0.0,0.0,0.0,0,0.0,0.0,0,1668.0,1666.0,0.0,0.0,0.0,0.0,136642
2023-05-10 20:58:56,FG2310,FG310,1668.0,0.0,0.0,0.0,0,0.0,0.0,0,1668.0,1666.0,0.0,0.0,0.0,0.0,136642
2023-05-10 20:58:56,FG2310,FG310,1668.0,0.0,0.0,0.0,0,0.0,0.0,0,1668.0,1666.0,0.0,0.0,0.0,0.0,136642
2023-05-10 20:58:57,FG2310,FG310,1668.0,0.0,0.0,0.0,0,0.0,0.0,0,1668.0,1666.0,0.0,0.0,0.0,0.0,136642
2023-05-10 20:58:57,FG2310,FG310,1668.0,0.0,0.0,0.0,0,0.0,0.0,0,1668.0,1666.0,0.0,0.0,0.0,0.0,136642
2023-05-10 20:58:58,FG2310,FG310,1668.0,0.0,0.0,0.0,0,0.0,0.0,0,1668.0,1666.0,0.0,0.0,0.0,0.0,136642
2023-05-10 20:59:00,FG2310,FG310,1666.0,3.0,4998.0,-1.0,10,1666.0,1680.0,1,1668.0,1666.0,1666.0,1666.0,3.0,4998.0,136641
2023-05-10 21:00:00,FG2310,FG310,1666.0,10.0,16660.0,10.0,50,1663.0,1666.0,41,1668.0,1666.0,1666.0,1666.0,13.0,21658.0,136651
2023-05-10 21:00:00,FG2310,FG310,1666.0,0.0,0.0,0.0,50,1663.0,1665.0,40,1668.0,1666.0,1666.0,1666.0,13.0,21658.0,136651
2023-05-10 21:00:01,FG2310,FG310,1664.0,1.0,1666.0,1.0,3,1664.0,1665.0,39,1668.0,1666.0,1666.0,1664.0,14.0,23324.0,136652
2023-05-10 21:00:02,FG2310,FG310,1664.0,8.0,13306.0,1.0,47,1663.0,1665.0,13,1668.0,1666.0,1666.0,1664.0,22.0,36630.0,136653
2023-05-10 21:00:02,FG2310,FG310,1663.0,7.0,11655.0,0.0,40,1663.0,1665.0,36,1668.0,1666.0,1666.0,1663.0,29.0,48285.0,136653
2023-05-10 21:00:03,FG2310,FG310,1663.0,0.0,0.0,0.0,50,1663.0,1665.0,36,1668.0,1666.0,1666.0,1663.0,29.0,48285.0,136653
2023-05-10 21:00:03,FG2310,FG310,1664.0,1.0,1665.0,0.0,40,1663.0,1665.0,9,1668.0,1666.0,1666.0,1663.0,30.0,49950.0,136653
2023-05-10 21:00:03,FG2310,FG310,1664.0,0.0,0.0,0.0,41,1663.0,1666.0,39,1668.0,1666.0,1666.0,1663.0,30.0,49950.0,136653
2023-05-10 21:00:04,FG2310,FG310,1665.0,1.0,1665.0,1.0,27,1664.0,1666.0,39,1668.0,1666.0,1666.0,1663.0,31.0,51615.0,136654
2023-05-10 21:00:04,FG2310,FG310,1663.0,2.0,3330.0,2.0,1,1665.0,1666.0,39,1668.0,1666.0,1666.0,1663.0,33.0,54945.0,136656
2023-05-10 21:00:05,FG2310,FG310,1665.0,1.0,1665.0,0.0,20,1664.0,1666.0,38,1668.0,1666.0,1666.0,1663.0,34.0,56610.0,136656
2023-05-10 21:00:06,FG2310,FG310,1665.0,0.0,0.0,0.0,50,1664.0,1666.0,40,1668.0,1666.0,1666.0,1663.0,34.0,56610.0,136656
2023-05-10 21:00:06,FG2310,FG310,1666.0,1.0,1665.0,0.0,41,1664.0,1666.0,39,1668.0,1666.0,1666.0,1663.0,35.0,58275.0,136656
2023-05-10 21:00:06,FG2310,FG310,1666.0,0.0,0.0,0.0,51,1664.0,1666.0,37,1668.0,1666.0,1666.0,1663.0,35.0,58275.0,136656
2023-05-10 21:00:07,FG2310,FG310,1667.0,4.0,6660.0,3.0,12,1665.0,1667.0,34,1668.0,1666.0,1667.0,1663.0,39.0,64935.0,136659
2023-05-10 21:00:08,FG2310,FG310,1666.0,2.0,3330.0,1.0,1,1666.0,1667.0,33,1668.0,1666.0,1667.0,1663.0,41.0,68265.0,136660
2023-05-10 21:00:08,FG2310,FG310,1666.0,1.0,1665.0,1.0,47,1665.0,1667.0,34,1668.0,1666.0,1667.0,1663.0,42.0,69930.0,136661
2023-05-10 21:00:08,FG2310,FG310,1665.0,3.0,4995.0,1.0,47,1665.0,1666.0,1,1668.0,1666.0,1667.0,1663.0,45.0,74925.0,136662
2023-05-10 21:00:09,FG2310,FG310,1666.0,4.0,6660.0,4.0,38,1666.0,1667.0,3,1668.0,1666.0,1667.0,1663.0,49.0,81585.0,136666
2023-05-10 21:00:09,FG2310,FG310,1667.0,3.0,4995.0,3.0,40,1666.0,1668.0,32,1668.0,1666.0,1667.0,1663.0,52.0,86580.0,136669
2023-05-10 21:00:10,FG2310,FG310,1667.0,0.0,0.0,0.0,40,1666.0,1668.0,36,1668.0,1666.0,1667.0,1663.0,52.0,86580.0,136669
2023-05-10 21:00:11,FG2310,FG310,1667.0,0.0,0.0,0.0,15,1666.0,1668.0,36,1668.0,1666.0,1667.0,1663.0,52.0,86580.0,136669
2023-05-10 21:00:11,FG2310,FG310,1666.0,3.0,4995.0,3.0,6,1666.0,1668.0,31,1668.0,1666.0,1667.0,1663.0,55.0,91575.0,136672
2023-05-10 21:00:11,FG2310,FG310,1666.0,0.0,0.0,0.0,44,1666.0,1668.0,32,1668.0,1666.0,1667.0,1663.0,55.0,91575.0,136672
2023-05-10 21:00:12,FG2310,FG310,1666.0,0.0,0.0,0.0,40,1667.0,1668.0,5,1668.0,1666.0,1667.0,1663.0,55.0,91575.0,136672
2023-05-10 21:00:12,FG2310,FG310,1667.0,1.0,1665.0,1.0,44,1666.0,1668.0,31,1668.0,1666.0,1667.0,1663.0,56.0,93240.0,136673
2023-05-10 21:00:13,FG2310,FG310,1667.0,0.0,0.0,0.0,40,1666.0,1668.0,31,1668.0,1666.0,1667.0,1663.0,56.0,93240.0,136673
2023-05-10 21:00:13,FG2310,FG310,1667.0,0.0,0.0,0.0,41,1666.0,1668.0,31,1668.0,1666.0,1667.0,1663.0,56.0,93240.0,136673
2023-05-10 21:00:14,FG2310,FG310,1668.0,1.0,1665.0,0.0,41,1666.0,1668.0,30,1668.0,1666.0,1668.0,1663.0,57.0,94905.0,136673
2023-05-10 21:00:14,FG2310,FG310,1668.0,0.0,0.0,0.0,10,1667.0,1668.0,6,1668.0,1666.0,1668.0,1663.0,57.0,94905.0,136673
2023-05-10 21:00:15,FG2310,FG310,1667.0,1.0,1665.0,1.0,24,1667.0,1668.0,6,1668.0,1666.0,1668.0,1663.0,58.0,96570.0,136674
2023-05-10 21:00:15,FG2310,FG310,1668.0,7.0,11720.0,3.0,32,1666.0,1668.0,23,1668.0,1666.0,1668.0,1663.0,65.0,108290.0,136677
2023-05-10 21:00:16,FG2310,FG310,1668.0,3.0,4998.0,2.0,31,1668.0,1669.0,1,1668.0,1666.0,1668.0,1663.0,68.0,113288.0,136679
2023-05-10 21:00:16,FG2310,FG310,1668.0,2.0,3332.0,2.0,30,1667.0,1669.0,24,1668.0,1666.0,1668.0,1663.0,70.0,116620.0,136681
2023-05-10 21:00:17,FG2310,FG310,1668.0,0.0,0.0,0.0,32,1667.0,1669.0,24,1668.0,1666.0,1668.0,1663.0,70.0,116620.0,136681
2023-05-10 21:00:17,FG2310,FG310,1668.0,0.0,0.0,0.0,31,1668.0,1669.0,1,1668.0,1666.0,1668.0,1663.0,70.0,116620.0,136681
2023-05-10 21:00:19,FG2310,FG310,1669.0,1.0,1666.0,0.0,25,1669.0,1670.0,4,1668.0,1666.0,1669.0,1663.0,71.0,118286.0,136681
2023-05-10 21:00:19,FG2310,FG310,1670.0,1.0,1666.0,0.0,30,1669.0,1671.0,30,1668.0,1666.0,1670.0,1663.0,72.0,119952.0,136681
2023-05-10 21:00:20,FG2310,FG310,1671.0,1.0,1666.0,0.0,30,1670.0,1671.0,4,1668.0,1666.0,1671.0,1663.0,73.0,121618.0,136681
2023-05-10 21:00:20,FG2310,FG310,1671.0,4.0,6664.0,0.0,24,1671.0,1672.0,3,1668.0,1666.0,1671.0,1663.0,77.0,128282.0,136681
2023-05-10 21:00:21,FG2310,FG310,1672.0,1.0,1666.0,0.0,26,1671.0,1673.0,23,1668.0,1666.0,1672.0,1663.0,78.0,129948.0,136681
2023-05-10 21:00:21,FG2310,FG310,1672.0,0.0,0.0,0.0,2,1671.0,1672.0,21,1668.0,1666.0,1672.0,1663.0,78.0,129948.0,136681
2023-05-10 21:00:22,FG2310,FG310,1672.0,3.0,5079.0,2.0,22,1671.0,1673.0,28,1668.0,1666.0,1672.0,1663.0,81.0,135027.0,136683
2023-05-10 21:00:22,FG2310,FG310,1672.0,0.0,0.0,0.0,3,1671.0,1672.0,21,1668.0,1666.0,1672.0,1663.0,81.0,135027.0,136683
2023-05-10 21:00:23,FG2310,FG310,1672.0,0.0,0.0,0.0,23,1671.0,1673.0,30,1668.0,1666.0,1672.0,1663.0,81.0,135027.0,136683
2023-05-10 21:00:23,FG2310,FG310,1672.0,0.0,0.0,0.0,24,1671.0,1673.0,30,1668.0,1666.0,1672.0,1663.0,81.0,135027.0,136683
2023-05-10 21:00:24,FG2310,FG310,1672.0,0.0,0.0,0.0,23,1671.0,1673.0,30,1668.0,1666.0,1672.0,1663.0,81.0,135027.0,136683
2023-05-10 21:00:25,FG2310,FG310,1671.0,1.0,1667.0,1.0,23,1671.0,1673.0,27,1668.0,1666.0,1672.0,1663.0,82.0,136694.0,136684
2023-05-10 21:00:25,FG2310,FG310,1671.0,0.0,0.0,0.0,23,1671.0,1673.0,30,1668.0,1666.0,1672.0,1663.0,82.0,136694.0,136684
2023-05-10 21:00:25,FG2310,FG310,1671.0,2.0,3334.0,2.0,28,1670.0,1672.0,24,1668.0,1666.0,1672.0,1663.0,84.0,140028.0,136686
2023-05-10 21:00:26,FG2310,FG310,1672.0,1.0,1667.0,1.0,20,1671.0,1673.0,30,1668.0,1666.0,1672.0,1663.0,85.0,141695.0,136687
2023-05-10 21:00:26,FG2310,FG310,1672.0,0.0,0.0,0.0,22,1671.0,1673.0,28,1668.0,1666.0,1672.0,1663.0,85.0,141695.0,136687
2023-05-10 21:00:27,FG2310,FG310,1671.0,1.0,1667.0,1.0,28,1670.0,1672.0,17,1668.0,1666.0,1672.0,1663.0,86.0,143362.0,136688
2023-05-10 21:00:27,FG2310,FG310,1672.0,3.0,5001.0,0.0,17,1671.0,1672.0,1,1668.0,1666.0,1672.0,1663.0,89.0,148363.0,136688
2023-05-10 21:00:28,FG2310,FG310,1672.0,4.0,6668.0,3.0,2,1672.0,1673.0,21,1668.0,1666.0,1672.0,1663.0,93.0,155031.0,136691
2023-05-10 21:00:28,FG2310,FG310,1672.0,2.0,3334.0,-2.0,2,1672.0,1673.0,7,1668.0,1666.0,1672.0,1663.0,95.0,158365.0,136689
2023-05-10 21:00:29,FG2310,FG310,1673.0,7.0,11771.0,2.0,15,1672.0,1674.0,20,1668.0,1666.0,1673.0,1663.0,102.0,170136.0,136691
2023-05-10 21:00:29,FG2310,FG310,1673.0,3.0,5004.0,3.0,15,1672.0,1674.0,11,1668.0,1666.0,1673.0,1663.0,105.0,175140.0,136694
2023-05-10 21:00:30,FG2310,FG310,1673.0,0.0,0.0,0.0,9,1673.0,1675.0,14,1668.0,1666.0,1673.0,1663.0,105.0,175140.0,136694
2023-05-10 21:00:30,FG2310,FG310,1673.0,5.0,8340.0,5.0,15,1672.0,1674.0,6,1668.0,1666.0,1673.0,1663.0,110.0,183480.0,136699
2023-05-10 21:00:31,FG2310,FG310,1673.0,0.0,0.0,0.0,2,1673.0,1674.0,4,1668.0,1666.0,1673.0,1663.0,110.0,183480.0,136699
2023-05-10 21:00:32,FG2310,FG310,1674.0,2.0,3336.0,2.0,15,1672.0,1675.0,14,1668.0,1666.0,1674.0,1663.0,112.0,186816.0,136701
2023-05-10 21:00:32,FG2310,FG310,1674.0,0.0,0.0,0.0,11,1673.0,1675.0,14,1668.0,1666.0,1674.0,1663.0,112.0,186816.0,136701
2023-05-10 21:00:33,FG2310,FG310,1674.0,0.0,0.0,0.0,14,1673.0,1675.0,14,1668.0,1666.0,1674.0,1663.0,112.0,186816.0,136701
2023-05-10 21:00:33,FG2310,FG310,1674.0,0.0,0.0,0.0,7,1673.0,1674.0,9,1668.0,1666.0,1674.0,1663.0,112.0,186816.0,136701
2023-05-10 21:00:34,FG2310,FG310,1673.0,3.0,5004.0,1.0,3,1673.0,1674.0,11,1668.0,1666.0,1674.0,1663.0,115.0,191820.0,136702
2023-05-10 21:00:34,FG2310,FG310,1674.0,4.0,6672.0,3.0,13,1672.0,1674.0,4,1668.0,1666.0,1674.0,1663.0,119.0,198492.0,136705
2023-05-10 21:00:35,FG2310,FG310,1672.0,6.0,10133.0,3.0,13,1671.0,1673.0,104,1668.0,1666.0,1674.0,1663.0,125.0,208625.0,136708
2023-05-10 21:00:35,FG2310,FG310,1672.0,0.0,0.0,0.0,13,1671.0,1673.0,106,1668.0,1666.0,1674.0,1663.0,125.0,208625.0,136708
2023-05-10 21:00:36,FG2310,FG310,1672.0,0.0,0.0,0.0,15,1671.0,1673.0,103,1668.0,1666.0,1674.0,1663.0,125.0,208625.0,136708
2023-05-10 21:00:37,FG2310,FG310,1673.0,3.0,5007.0,2.0,4,1672.0,1673.0,1,1668.0,1666.0,1674.0,1663.0,128.0,213632.0,136710
2023-05-10 21:00:38,FG2310,FG310,1673.0,2.0,3338.0,2.0,2,1672.0,1674.0,107,1668.0,1666.0,1674.0,1663.0,130.0,216970.0,136712
2023-05-10 21:00:38,FG2310,FG310,1673.0,0.0,0.0,0.0,3,1672.0,1674.0,107,1668.0,1666.0,1674.0,1663.0,130.0,216970.0,136712
2023-05-10 21:00:39,FG2310,FG310,1673.0,0.0,0.0,0.0,4,1672.0,1674.0,107,1668.0,1666.0,1674.0,1663.0,130.0,216970.0,136712
2023-05-10 21:00:39,FG2310,FG310,1673.0,0.0,0.0,0.0,4,1672.0,1674.0,105,1668.0,1666.0,1674.0,1663.0,130.0,216970.0,136712
2023-05-10 21:00:40,FG2310,FG310,1674.0,1.0,1669.0,-1.0,2,1673.0,1674.0,5,1668.0,1666.0,1674.0,1663.0,131.0,218639.0,136711
2023-05-10 21:00:40,FG2310,FG310,1674.0,2.0,3338.0,0.0,3,1673.0,1674.0,1,1668.0,1666.0,1674.0,1663.0,133.0,221977.0,136711
2023-05-10 21:00:42,FG2310,FG310,1674.0,0.0,0.0,0.0,1,1673.0,1674.0,1,1668.0,1666.0,1674.0,1663.0,133.0,221977.0,136711
2023-05-10 21:00:42,FG2310,FG310,1674.0,0.0,0.0,0.0,9,1672.0,1674.0,101,1668.0,1666.0,1674.0,1663.0,133.0,221977.0,136711
2023-05-10 21:00:44,FG2310,FG310,1674.0,0.0,0.0,0.0,8,1672.0,1674.0,101,1668.0,1666.0,1674.0,1663.0,133.0,221977.0,136711
2023-05-10 21:00:44,FG2310,FG310,1673.0,4.0,6676.0,-4.0,9,1672.0,1674.0,100,1668.0,1666.0,1674.0,1663.0,137.0,228653.0,136707
2023-05-10 21:00:45,FG2310,FG310,1673.0,0.0,0.0,0.0,1,1673.0,1674.0,4,1668.0,1666.0,1674.0,1663.0,137.0,228653.0,136707
2023-05-10 21:00:45,FG2310,FG310,1674.0,1.0,1669.0,-1.0,3,1673.0,1674.0,10,1668.0,1666.0,1674.0,1663.0,138.0,230322.0,136706
2023-05-10 21:00:46,FG2310,FG310,1674.0,0.0,0.0,0.0,4,1673.0,1674.0,12,1668.0,1666.0,1674.0,1663.0,138.0,230322.0,136706
2023-05-10 21:00:47,FG2310,FG310,1674.0,4.0,6676.0,-2.0,4,1673.0,1674.0,8,1668.0,1666.0,1674.0,1663.0,142.0,236998.0,136704
2023-05-10 21:00:48,FG2310,FG310,1674.0,5.0,8345.0,4.0,3,1673.0,1674.0,7,1668.0,1666.0,1674.0,1663.0,147.0,245343.0,136708
2023-05-10 21:00:48,FG2310,FG310,1673.0,4.0,6676.0,-3.0,7,1673.0,1674.0,3,1668.0,1666.0,1674.0,1663.0,151.0,252019.0,136705
2023-05-10 21:00:49,FG2310,FG310,1674.0,1.0,1669.0,-1.0,7,1673.0,1674.0,2,1668.0,1666.0,1674.0,1663.0,152.0,253688.0,136704
2023-05-10 21:00:49,FG2310,FG310,1674.0,0.0,0.0,0.0,56,1673.0,1675.0,7,1668.0,1666.0,1674.0,1663.0,152.0,253688.0,136704
2023-05-10 21:00:50,FG2310,FG310,1675.0,2.0,3492.0,0.0,6,1673.0,1674.0,2,1668.0,1666.0,1675.0,1663.0,154.0,257180.0,136704
2023-05-10 21:00:50,FG2310,FG310,1673.0,2.0,3340.0,0.0,7,1673.0,1675.0,103,1668.0,1666.0,1675.0,1663.0,156.0,260520.0,136704
2023-05-10 21:00:51,FG2310,FG310,1673.0,0.0,0.0,0.0,7,1673.0,1674.0,19,1668.0,1666.0,1675.0,1663.0,156.0,260520.0,136704
2023-05-10 21:00:52,FG2310,FG310,1673.0,7.0,11690.0,7.0,6,1672.0,1674.0,100,1668.0,1666.0,1675.0,1663.0,163.0,272210.0,136711
2023-05-10 21:00:52,FG2310,FG310,1673.0,0.0,0.0,0.0,3,1672.0,1674.0,100,1668.0,1666.0,1675.0,1663.0,163.0,272210.0,136711
2023-05-10 21:00:53,FG2310,FG310,1672.0,3.0,5010.0,3.0,8,1671.0,1674.0,97,1668.0,1666.0,1675.0,1663.0,166.0,277220.0,136714
2023-05-10 21:00:53,FG2310,FG310,1672.0,0.0,0.0,0.0,57,1671.0,1673.0,6,1668.0,1666.0,1675.0,1663.0,166.0,277220.0,136714
2023-05-10 21:00:53,FG2310,FG310,1672.0,0.0,0.0,0.0,77,1671.0,1674.0,137,1668.0,1666.0,1675.0,1663.0,166.0,277220.0,136714
2023-05-10 21:00:54,FG2310,FG310,1672.0,0.0,0.0,0.0,1,1672.0,1674.0,117,1668.0,1666.0,1675.0,1663.0,166.0,277220.0,136714
2023-05-10 21:00:54,FG2310,FG310,1672.0,0.0,0.0,0.0,1,1672.0,1674.0,94,1668.0,1666.0,1675.0,1663.0,166.0,277220.0,136714
2023-05-10 21:00:57,FG2310,FG310,1672.0,0.0,0.0,0.0,1,1672.0,1674.0,95,1668.0,1666.0,1675.0,1663.0,166.0,277220.0,136714
2023-05-10 21:00:58,FG2310,FG310,1674.0,1.0,1670.0,0.0,3,1672.0,1674.0,96,1668.0,1666.0,1675.0,1663.0,167.0,278890.0,136714
2023-05-10 21:00:58,FG2310,FG310,1674.0,0.0,0.0,0.0,2,1672.0,1674.0,93,1668.0,1666.0,1675.0,1663.0,167.0,278890.0,136714
2023-05-10 21:01:00,FG2310,FG310,1673.0,2.0,3340.0,-1.0,2,1672.0,1674.0,93,1668.0,1666.0,1675.0,1663.0,169.0,282230.0,136713
2023-05-10 21:01:00,FG2310,FG310,1672.0,2.0,3340.0,1.0,91,1671.0,1674.0,134,1668.0,1666.0,1675.0,1663.0,171.0,285570.0,136714
2023-05-10 21:01:02,FG2310,FG310,1672.0,0.0,0.0,0.0,1,1673.0,1674.0,13,1668.0,1666.0,1675.0,1663.0,171.0,285570.0,136714
2023-05-10 21:01:02,FG2310,FG310,1672.0,0.0,0.0,0.0,1,1673.0,1674.0,2,1668.0,1666.0,1675.0,1663.0,171.0,285570.0,136714
2023-05-10 21:01:03,FG2310,FG310,1672.0,0.0,0.0,0.0,1,1673.0,1674.0,4,1668.0,1666.0,1675.0,1663.0,171.0,285570.0,136714
2023-05-10 21:01:03,FG2310,FG310,1673.0,1.0,1670.0,0.0,5,1672.0,1674.0,94,1668.0,1666.0,1675.0,1663.0,172.0,287240.0,136714
2023-05-10 21:01:04,FG2310,FG310,1673.0,0.0,0.0,0.0,1,1672.0,1674.0,94,1668.0,1666.0,1675.0,1663.0,172.0,287240.0,136714
2023-05-10 21:01:05,FG2310,FG310,1673.0,0.0,0.0,0.0,6,1671.0,1673.0,80,1668.0,1666.0,1675.0,1663.0,172.0,287240.0,136714
2023-05-10 21:01:05,FG2310,FG310,1673.0,0.0,0.0,0.0,8,1671.0,1673.0,2,1668.0,1666.0,1675.0,1663.0,172.0,287240.0,136714
2023-05-10 21:01:05,FG2310,FG310,1673.0,0.0,0.0,0.0,4,1671.0,1673.0,93,1668.0,1666.0,1675.0,1663.0,172.0,287240.0,136714
2023-05-10 21:01:06,FG2310,FG310,1673.0,0.0,0.0,0.0,5,1671.0,1673.0,93,1668.0,1666.0,1675.0,1663.0,172.0,287240.0,136714
2023-05-10 21:01:07,FG2310,FG310,1673.0,0.0,0.0,0.0,4,1671.0,1672.0,90,1668.0,1666.0,1675.0,1663.0,172.0,287240.0,136714
2023-05-10 21:01:07,FG2310,FG310,1673.0,0.0,0.0,0.0,5,1670.0,1672.0,94,1668.0,1666.0,1675.0,1663.0,172.0,287240.0,136714
2023-05-10 21:01:08,FG2310,FG310,1673.0,0.0,0.0,0.0,6,1670.0,1672.0,94,1668.0,1666.0,1675.0,1663.0,172.0,287240.0,136714
2023-05-10 21:01:09,FG2310,FG310,1673.0,0.0,0.0,0.0,5,1670.0,1672.0,94,1668.0,1666.0,1675.0,1663.0,172.0,287240.0,136714
2023-05-10 21:01:11,FG2310,FG310,1673.0,0.0,0.0,0.0,58,1670.0,1673.0,101,1668.0,1666.0,1675.0,1663.0,172.0,287240.0,136714
2023-05-10 21:01:11,FG2310,FG310,1673.0,0.0,0.0,0.0,89,1670.0,1673.0,141,1668.0,1666.0,1675.0,1663.0,172.0,287240.0,136714
2023-05-10 21:01:12,FG2310,FG310,1673.0,0.0,0.0,0.0,7,1670.0,1672.0,113,1668.0,1666.0,1675.0,1663.0,172.0,287240.0,136714
2023-05-10 21:01:13,FG2310,FG310,1673.0,0.0,0.0,0.0,5,1670.0,1672.0,94,1668.0,1666.0,1675.0,1663.0,172.0,287240.0,136714
2023-05-10 21:01:14,FG2310,FG310,1673.0,0.0,0.0,0.0,6,1670.0,1672.0,94,1668.0,1666.0,1675.0,1663.0,172.0,287240.0,136714
2023-05-10 21:01:15,FG2310,FG310,1673.0,0.0,0.0,0.0,8,1670.0,1672.0,9,1668.0,1666.0,1675.0,1663.0,172.0,287240.0,136714
2023-05-10 21:01:15,FG2310,FG310,1673.0,0.0,0.0,0.0,8,1670.0,1672.0,94,1668.0,1666.0,1675.0,1663.0,172.0,287240.0,136714
2023-05-10 21:01:15,FG2310,FG310,1673.0,0.0,0.0,0.0,5,1670.0,1672.0,94,1668.0,1666.0,1675.0,1663.0,172.0,287240.0,136714
2023-05-10 21:01:21,FG2310,FG310,1672.0,4.0,6680.0,4.0,7,1670.0,1671.0,1,1668.0,1666.0,1675.0,1663.0,176.0,293920.0,136718
2023-05-10 21:01:21,FG2310,FG310,1672.0,0.0,0.0,0.0,7,1670.0,1671.0,3,1668.0,1666.0,1675.0,1663.0,176.0,293920.0,136718
2023-05-10 21:01:22,FG2310,FG310,1672.0,0.0,0.0,0.0,10,1670.0,1671.0,1,1668.0,1666.0,1675.0,1663.0,176.0,293920.0,136718
2023-05-10 21:01:27,FG2310,FG310,1672.0,0.0,0.0,0.0,11,1670.0,1671.0,1,1668.0,1666.0,1675.0,1663.0,176.0,293920.0,136718
2023-05-10 21:01:27,FG2310,FG310,1672.0,0.0,0.0,0.0,10,1670.0,1671.0,1,1668.0,1666.0,1675.0,1663.0,176.0,293920.0,136718
2023-05-10 21:01:27,FG2310,FG310,1672.0,0.0,0.0,0.0,11,1670.0,1671.0,1,1668.0,1666.0,1675.0,1663.0,176.0,293920.0,136718
2023-05-10 21:01:30,FG2310,FG310,1672.0,0.0,0.0,0.0,12,1670.0,1671.0,1,1668.0,1666.0,1675.0,1663.0,176.0,293920.0,136718
2023-05-10 21:01:30,FG2310,FG310,1671.0,1.0,1670.0,-1.0,1,1671.0,1672.0,102,1668.0,1666.0,1675.0,1663.0,177.0,295590.0,136717
2023-05-10 21:01:31,FG2310,FG310,1671.0,2.0,3340.0,0.0,2,1671.0,1672.0,92,1668.0,1666.0,1675.0,1663.0,179.0,298930.0,136717
2023-05-10 21:01:32,FG2310,FG310,1671.0,2.0,3340.0,2.0,13,1670.0,1671.0,1,1668.0,1666.0,1675.0,1663.0,181.0,302270.0,136719
2023-05-10 21:01:33,FG2310,FG310,1671.0,2.0,3340.0,0.0,34,1670.0,1672.0,99,1668.0,1666.0,1675.0,1663.0,183.0,305610.0,136719
2023-05-10 21:01:33,FG2310,FG310,1671.0,2.0,3340.0,0.0,33,1670.0,1672.0,108,1668.0,1666.0,1675.0,1663.0,185.0,308950.0,136719
2023-05-10 21:01:33,FG2310,FG310,1671.0,0.0,0.0,0.0,13,1670.0,1671.0,1,1668.0,1666.0,1675.0,1663.0,185.0,308950.0,136719
2023-05-10 21:01:34,FG2310,FG310,1671.0,0.0,0.0,0.0,10,1670.0,1671.0,1,1668.0,1666.0,1675.0,1663.0,185.0,308950.0,136719
2023-05-10 21:01:34,FG2310,FG310,1670.0,5.0,8350.0,5.0,1,1670.0,1671.0,114,1668.0,1666.0,1675.0,1663.0,190.0,317300.0,136724
2023-05-10 21:01:35,FG2310,FG310,1670.0,0.0,0.0,0.0,1,1670.0,1671.0,104,1668.0,1666.0,1675.0,1663.0,190.0,317300.0,136724
2023-05-10 21:01:36,FG2310,FG310,1670.0,0.0,0.0,0.0,2,1670.0,1671.0,23,1668.0,1666.0,1675.0,1663.0,190.0,317300.0,136724
2023-05-10 21:01:37,FG2310,FG310,1670.0,0.0,0.0,0.0,2,1670.0,1671.0,1,1668.0,1666.0,1675.0,1663.0,190.0,317300.0,136724
2023-05-10 21:01:38,FG2310,FG310,1670.0,0.0,0.0,0.0,1,1670.0,1671.0,4,1668.0,1666.0,1675.0,1663.0,190.0,317300.0,136724
2023-05-10 21:01:38,FG2310,FG310,1670.0,0.0,0.0,0.0,1,1670.0,1671.0,104,1668.0,1666.0,1675.0,1663.0,190.0,317300.0,136724
2023-05-10 21:01:38,FG2310,FG310,1670.0,1.0,1670.0,0.0,28,1669.0,1671.0,104,1668.0,1666.0,1675.0,1663.0,191.0,318970.0,136724
2023-05-10 21:01:39,FG2310,FG310,1670.0,0.0,0.0,0.0,8,1669.0,1671.0,135,1668.0,1666.0,1675.0,1663.0,191.0,318970.0,136724
2023-05-10 21:01:39,FG2310,FG310,1670.0,0.0,0.0,0.0,13,1669.0,1671.0,125,1668.0,1666.0,1675.0,1663.0,191.0,318970.0,136724
2023-05-10 21:01:40,FG2310,FG310,1670.0,0.0,0.0,0.0,2,1670.0,1671.0,144,1668.0,1666.0,1675.0,1663.0,191.0,318970.0,136724
2023-05-10 21:01:40,FG2310,FG310,1670.0,0.0,0.0,0.0,2,1670.0,1671.0,124,1668.0,1666.0,1675.0,1663.0,191.0,318970.0,136724
2023-05-10 21:01:45,FG2310,FG310,1670.0,0.0,0.0,0.0,2,1670.0,1671.0,36,1668.0,1666.0,1675.0,1663.0,191.0,318970.0,136724
2023-05-10 21:01:45,FG2310,FG310,1670.0,0.0,0.0,0.0,13,1670.0,1671.0,3,1668.0,1666.0,1675.0,1663.0,191.0,318970.0,136724
2023-05-10 21:01:46,FG2310,FG310,1670.0,2.0,3340.0,2.0,3,1670.0,1671.0,3,1668.0,1666.0,1675.0,1663.0,193.0,322310.0,136726
2023-05-10 21:01:46,FG2310,FG310,1670.0,1.0,1670.0,1.0,2,1670.0,1671.0,81,1668.0,1666.0,1675.0,1663.0,194.0,323980.0,136727
2023-05-10 21:01:46,FG2310,FG310,1670.0,0.0,0.0,0.0,2,1670.0,1671.0,121,1668.0,1666.0,1675.0,1663.0,194.0,323980.0,136727
2023-05-10 21:01:48,FG2310,FG310,1671.0,2.0,3340.0,1.0,1,1670.0,1671.0,119,1668.0,1666.0,1675.0,1663.0,196.0,327320.0,136728
2023-05-10 21:01:48,FG2310,FG310,1671.0,2.0,3340.0,1.0,1,1670.0,1671.0,118,1668.0,1666.0,1675.0,1663.0,198.0,330660.0,136729
2023-05-10 21:01:49,FG2310,FG310,1671.0,0.0,0.0,0.0,1,1670.0,1671.0,119,1668.0,1666.0,1675.0,1663.0,198.0,330660.0,136729
2023-05-10 21:01:51,FG2310,FG310,1671.0,4.0,6680.0,4.0,4,1670.0,1671.0,108,1668.0,1666.0,1675.0,1663.0,202.0,337340.0,136733
2023-05-10 21:01:51,FG2310,FG310,1670.0,3.0,5010.0,2.0,2,1670.0,1671.0,117,1668.0,1666.0,1675.0,1663.0,205.0,342350.0,136735
2023-05-10 21:01:52,FG2310,FG310,1670.0,1.0,1670.0,1.0,1,1670.0,1671.0,116,1668.0,1666.0,1675.0,1663.0,206.0,344020.0,136736
2023-05-10 21:01:52,FG2310,FG310,1670.0,2.0,3340.0,1.0,85,1669.0,1670.0,1,1668.0,1666.0,1675.0,1663.0,208.0,347360.0,136737
2023-05-10 21:01:53,FG2310,FG310,1670.0,2.0,3340.0,1.0,1,1670.0,1671.0,125,1668.0,1666.0,1675.0,1663.0,210.0,350700.0,136738
2023-05-10 21:01:54,FG2310,FG310,1670.0,0.0,0.0,0.0,3,1670.0,1671.0,108,1668.0,1666.0,1675.0,1663.0,210.0,350700.0,136738
2023-05-10 21:01:54,FG2310,FG310,1670.0,0.0,0.0,0.0,3,1670.0,1671.0,84,1668.0,1666.0,1675.0,1663.0,210.0,350700.0,136738
2023-05-10 21:01:54,FG2310,FG310,1670.0,0.0,0.0,0.0,1,1670.0,1671.0,77,1668.0,1666.0,1675.0,1663.0,210.0,350700.0,136738
2023-05-10 21:01:55,FG2310,FG310,1670.0,0.0,0.0,0.0,1,1670.0,1671.0,86,1668.0,1666.0,1675.0,1663.0,210.0,350700.0,136738
2023-05-10 21:01:55,FG2310,FG310,1670.0,2.0,3340.0,0.0,1,1670.0,1671.0,153,1668.0,1666.0,1675.0,1663.0,212.0,354040.0,136738
2023-05-10 21:01:56,FG2310,FG310,1670.0,1.0,1670.0,0.0,39,1669.0,1670.0,1,1668.0,1666.0,1675.0,1663.0,213.0,355710.0,136738
2023-05-10 21:01:56,FG2310,FG310,1670.0,0.0,0.0,0.0,21,1669.0,1670.0,1,1668.0,1666.0,1675.0,1663.0,213.0,355710.0,136738
2023-05-10 21:01:58,FG2310,FG310,1669.0,1.0,1670.0,0.0,5,1669.0,1670.0,5,1668.0,1666.0,1675.0,1663.0,214.0,357380.0,136738
2023-05-10 21:01:58,FG2310,FG310,1669.0,0.0,0.0,0.0,18,1669.0,1670.0,1,1668.0,1666.0,1675.0,1663.0,214.0,357380.0,136738
2023-05-10 21:01:58,FG2310,FG310,1669.0,0.0,0.0,0.0,20,1669.0,1670.0,1,1668.0,1666.0,1675.0,1663.0,214.0,357380.0,136738
2023-05-10 21:01:59,FG2310,FG310,1669.0,0.0,0.0,0.0,18,1669.0,1670.0,1,1668.0,1666.0,1675.0,1663.0,214.0,357380.0,136738
2023-05-10 21:02:00,FG2310,FG310,1670.0,2.0,3340.0,0.0,145,1669.0,1671.0,114,1668.0,1666.0,1675.0,1663.0,216.0,360720.0,136738
2023-05-10 21:02:00,FG2310,FG310,1670.0,0.0,0.0,0.0,165,1669.0,1670.0,1,1668.0,1666.0,1675.0,1663.0,216.0,360720.0,136738
2023-05-10 21:02:00,FG2310,FG310,1670.0,1.0,1670.0,0.0,1,1670.0,1671.0,124,1668.0,1666.0,1675.0,1663.0,217.0,362390.0,136738
2023-05-10 21:02:01,FG2310,FG310,1670.0,2.0,3340.0,1.0,1,1670.0,1671.0,113,1668.0,1666.0,1675.0,1663.0,219.0,365730.0,136739
2023-05-10 21:02:01,FG2310,FG310,1670.0,0.0,0.0,0.0,129,1670.0,1671.0,14,1668.0,1666.0,1675.0,1663.0,219.0,365730.0,136739
2023-05-10 21:02:02,FG2310,FG310,1670.0,0.0,0.0,0.0,152,1670.0,1671.0,2,1668.0,1666.0,1675.0,1663.0,219.0,365730.0,136739
2023-05-10 21:02:03,FG2310,FG310,1670.0,0.0,0.0,0.0,164,1670.0,1672.0,137,1668.0,1666.0,1675.0,1663.0,219.0,365730.0,136739
2023-05-10 21:02:04,FG2310,FG310,1670.0,0.0,0.0,0.0,174,1670.0,1671.0,1,1668.0,1666.0,1675.0,1663.0,219.0,365730.0,136739
2023-05-10 21:02:04,FG2310,FG310,1670.0,0.0,0.0,0.0,174,1670.0,1672.0,125,1668.0,1666.0,1675.0,1663.0,219.0,365730.0,136739
2023-05-10 21:02:05,FG2310,FG310,1670.0,0.0,0.0,0.0,173,1670.0,1672.0,124,1668.0,1666.0,1675.0,1663.0,219.0,365730.0,136739
2023-05-10 21:02:05,FG2310,FG310,1670.0,0.0,0.0,0.0,173,1670.0,1672.0,132,1668.0,1666.0,1675.0,1663.0,219.0,365730.0,136739
2023-05-10 21:02:06,FG2310,FG310,1670.0,0.0,0.0,0.0,173,1670.0,1671.0,1,1668.0,1666.0,1675.0,1663.0,219.0,365730.0,136739
2023-05-10 21:02:06,FG2310,FG310,1670.0,0.0,0.0,0.0,173,1670.0,1672.0,132,1668.0,1666.0,1675.0,1663.0,219.0,365730.0,136739
2023-05-10 21:02:07,FG2310,FG310,1670.0,0.0,0.0,0.0,153,1670.0,1671.0,1,1668.0,1666.0,1675.0,1663.0,219.0,365730.0,136739
2023-05-10 21:02:08,FG2310,FG310,1670.0,1.0,1670.0,1.0,64,1670.0,1671.0,1,1668.0,1666.0,1675.0,1663.0,220.0,367400.0,136740
2023-05-10 21:02:08,FG2310,FG310,1670.0,0.0,0.0,0.0,2,1670.0,1671.0,125,1668.0,1666.0,1675.0,1663.0,220.0,367400.0,136740
2023-05-10 21:02:09,FG2310,FG310,1670.0,0.0,0.0,0.0,2,1670.0,1671.0,94,1668.0,1666.0,1675.0,1663.0,220.0,367400.0,136740
2023-05-10 21:02:09,FG2310,FG310,1671.0,1.0,1670.0,0.0,125,1670.0,1671.0,16,1668.0,1666.0,1675.0,1663.0,221.0,369070.0,136740
2023-05-10 21:02:09,FG2310,FG310,1671.0,0.0,0.0,0.0,167,1670.0,1671.0,3,1668.0,1666.0,1675.0,1663.0,221.0,369070.0,136740
2023-05-10 21:02:10,FG2310,FG310,1670.0,1.0,1670.0,1.0,176,1670.0,1671.0,1,1668.0,1666.0,1675.0,1663.0,222.0,370740.0,136741
2023-05-10 21:02:10,FG2310,FG310,1670.0,0.0,0.0,0.0,166,1670.0,1671.0,1,1668.0,1666.0,1675.0,1663.0,222.0,370740.0,136741
2023-05-10 21:02:11,FG2310,FG310,1671.0,1.0,1670.0,-1.0,157,1671.0,1672.0,20,1668.0,1666.0,1675.0,1663.0,223.0,372410.0,136740
2023-05-10 21:02:11,FG2310,FG310,1672.0,6.0,10020.0,0.0,163,1671.0,1673.0,122,1668.0,1666.0,1675.0,1663.0,229.0,382430.0,136740
2023-05-10 21:02:12,FG2310,FG310,1672.0,0.0,0.0,0.0,163,1671.0,1673.0,113,1668.0,1666.0,1675.0,1663.0,229.0,382430.0,136740
2023-05-10 21:02:12,FG2310,FG310,1672.0,0.0,0.0,0.0,163,1671.0,1673.0,112,1668.0,1666.0,1675.0,1663.0,229.0,382430.0,136740
2023-05-10 21:02:13,FG2310,FG310,1672.0,0.0,0.0,0.0,163,1671.0,1673.0,111,1668.0,1666.0,1675.0,1663.0,229.0,382430.0,136740
2023-05-10 21:02:13,FG2310,FG310,1672.0,0.0,0.0,0.0,3,1672.0,1673.0,101,1668.0,1666.0,1675.0,1663.0,229.0,382430.0,136740
2023-05-10 21:02:14,FG2310,FG310,1672.0,0.0,0.0,0.0,3,1672.0,1673.0,111,1668.0,1666.0,1675.0,1663.0,229.0,382430.0,136740
2023-05-10 21:02:14,FG2310,FG310,1673.0,4.0,6680.0,0.0,5,1672.0,1673.0,107,1668.0,1666.0,1675.0,1663.0,233.0,389110.0,136740
2023-05-10 21:02:15,FG2310,FG310,1673.0,6.0,10020.0,3.0,3,1673.0,1674.0,98,1668.0,1666.0,1675.0,1663.0,239.0,399130.0,136743
2023-05-10 21:02:16,FG2310,FG310,1674.0,3.0,5010.0,3.0,157,1672.0,1674.0,95,1668.0,1666.0,1675.0,1663.0,242.0,404140.0,136746
2023-05-10 21:02:16,FG2310,FG310,1674.0,0.0,0.0,0.0,168,1672.0,1674.0,105,1668.0,1666.0,1675.0,1663.0,242.0,404140.0,136746
2023-05-10 21:02:16,FG2310,FG310,1674.0,0.0,0.0,0.0,1,1673.0,1674.0,115,1668.0,1666.0,1675.0,1663.0,242.0,404140.0,136746
2023-05-10 21:02:17,FG2310,FG310,1673.0,19.0,31991.0,9.0,2,1673.0,1674.0,93,1668.0,1666.0,1675.0,1663.0,261.0,436131.0,136755
2023-05-10 21:02:17,FG2310,FG310,1674.0,2.0,3342.0,1.0,105,1673.0,1674.0,32,1668.0,1666.0,1675.0,1663.0,263.0,439473.0,136756
2023-05-10 21:02:18,FG2310,FG310,1674.0,5.0,8355.0,5.0,1,1674.0,1675.0,84,1668.0,1666.0,1675.0,1663.0,268.0,447828.0,136761
2023-05-10 21:02:18,FG2310,FG310,1674.0,1.0,1671.0,1.0,177,1673.0,1675.0,103,1668.0,1666.0,1675.0,1663.0,269.0,449499.0,136762
2023-05-10 21:02:20,FG2310,FG310,1675.0,3.0,5013.0,1.0,1,1674.0,1675.0,101,1668.0,1666.0,1675.0,1663.0,272.0,454512.0,136763
2023-05-10 21:02:21,FG2310,FG310,1675.0,0.0,0.0,0.0,5,1674.0,1675.0,111,1668.0,1666.0,1675.0,1663.0,272.0,454512.0,136763
2023-05-10 21:02:21,FG2310,FG310,1675.0,1.0,1671.0,1.0,5,1674.0,1675.0,110,1668.0,1666.0,1675.0,1663.0,273.0,456183.0,136764
2023-05-10 21:02:24,FG2310,FG310,1674.0,1.0,1671.0,-1.0,9,1674.0,1675.0,99,1668.0,1666.0,1675.0,1663.0,274.0,457854.0,136763
2023-05-10 21:02:25,FG2310,FG310,1675.0,1.0,1671.0,1.0,9,1674.0,1675.0,88,1668.0,1666.0,1675.0,1663.0,275.0,459525.0,136764
2023-05-10 21:02:26,FG2310,FG310,1675.0,0.0,0.0,0.0,179,1674.0,1675.0,10,1668.0,1666.0,1675.0,1663.0,275.0,459525.0,136764
2023-05-10 21:02:26,FG2310,FG310,1674.0,1.0,1671.0,1.0,28,1674.0,1675.0,76,1668.0,1666.0,1675.0,1663.0,276.0,461196.0,136765
2023-05-10 21:02:27,FG2310,FG310,1674.0,1.0,1671.0,1.0,7,1674.0,1675.0,97,1668.0,1666.0,1675.0,1663.0,277.0,462867.0,136766
2023-05-10 21:02:28,FG2310,FG310,1674.0,0.0,0.0,0.0,7,1674.0,1675.0,98,1668.0,1666.0,1675.0,1663.0,277.0,462867.0,136766
2023-05-10 21:02:28,FG2310,FG310,1674.0,0.0,0.0,0.0,100,1674.0,1675.0,10,1668.0,1666.0,1675.0,1663.0,277.0,462867.0,136766
2023-05-10 21:02:29,FG2310,FG310,1674.0,0.0,0.0,0.0,165,1674.0,1676.0,110,1668.0,1666.0,1675.0,1663.0,277.0,462867.0,136766
2023-05-10 21:02:29,FG2310,FG310,1674.0,0.0,0.0,0.0,185,1674.0,1676.0,100,1668.0,1666.0,1675.0,1663.0,277.0,462867.0,136766
2023-05-10 21:02:30,FG2310,FG310,1674.0,0.0,0.0,0.0,185,1674.0,1676.0,98,1668.0,1666.0,1675.0,1663.0,277.0,462867.0,136766
2023-05-10 21:02:30,FG2310,FG310,1674.0,0.0,0.0,0.0,77,1674.0,1675.0,46,1668.0,1666.0,1675.0,1663.0,277.0,462867.0,136766
2023-05-10 21:02:31,FG2310,FG310,1674.0,0.0,0.0,0.0,3,1674.0,1675.0,98,1668.0,1666.0,1675.0,1663.0,277.0,462867.0,136766
2023-05-10 21:02:31,FG2310,FG310,1674.0,0.0,0.0,0.0,3,1674.0,1675.0,108,1668.0,1666.0,1675.0,1663.0,277.0,462867.0,136766
2023-05-10 21:02:34,FG2310,FG310,1674.0,0.0,0.0,0.0,3,1674.0,1675.0,98,1668.0,1666.0,1675.0,1663.0,277.0,462867.0,136766
2023-05-10 21:02:34,FG2310,FG310,1674.0,0.0,0.0,0.0,3,1674.0,1675.0,88,1668.0,1666.0,1675.0,1663.0,277.0,462867.0,136766
2023-05-10 21:02:35,FG2310,FG310,1674.0,3.0,5013.0,3.0,98,1674.0,1675.0,42,1668.0,1666.0,1675.0,1663.0,280.0,467880.0,136769
2023-05-10 21:02:36,FG2310,FG310,1674.0,0.0,0.0,0.0,160,1674.0,1676.0,119,1668.0,1666.0,1675.0,1663.0,280.0,467880.0,136769
2023-05-10 21:02:36,FG2310,FG310,1674.0,0.0,0.0,0.0,170,1674.0,1676.0,98,1668.0,1666.0,1675.0,1663.0,280.0,467880.0,136769
2023-05-10 21:02:37,FG2310,FG310,1674.0,0.0,0.0,0.0,170,1674.0,1676.0,96,1668.0,1666.0,1675.0,1663.0,280.0,467880.0,136769
2023-05-10 21:02:39,FG2310,FG310,1674.0,0.0,0.0,0.0,171,1674.0,1676.0,96,1668.0,1666.0,1675.0,1663.0,280.0,467880.0,136769
2023-05-10 21:02:40,FG2310,FG310,1674.0,0.0,0.0,0.0,23,1674.0,1675.0,83,1668.0,1666.0,1675.0,1663.0,280.0,467880.0,136769
2023-05-10 21:02:41,FG2310,FG310,1674.0,1.0,1671.0,1.0,176,1673.0,1675.0,94,1668.0,1666.0,1675.0,1663.0,281.0,469551.0,136770
2023-05-10 21:02:41,FG2310,FG310,1674.0,0.0,0.0,0.0,103,1674.0,1675.0,62,1668.0,1666.0,1675.0,1663.0,281.0,469551.0,136770
2023-05-10 21:02:42,FG2310,FG310,1676.0,23.0,38433.0,18.0,146,1674.0,1676.0,89,1668.0,1666.0,1676.0,1663.0,304.0,507984.0,136788
2023-05-10 21:02:42,FG2310,FG310,1676.0,0.0,0.0,0.0,5,1675.0,1676.0,87,1668.0,1666.0,1676.0,1663.0,304.0,507984.0,136788
2023-05-10 21:02:43,FG2310,FG310,1676.0,0.0,0.0,0.0,5,1675.0,1676.0,77,1668.0,1666.0,1676.0,1663.0,304.0,507984.0,136788
2023-05-10 21:02:44,FG2310,FG310,1675.0,5.0,8355.0,4.0,167,1674.0,1676.0,73,1668.0,1666.0,1676.0,1663.0,309.0,516339.0,136792
2023-05-10 21:02:45,FG2310,FG310,1675.0,1.0,1671.0,1.0,156,1674.0,1676.0,82,1668.0,1666.0,1676.0,1663.0,310.0,518010.0,136793
2023-05-10 21:02:45,FG2310,FG310,1675.0,0.0,0.0,0.0,160,1674.0,1676.0,95,1668.0,1666.0,1676.0,1663.0,310.0,518010.0,136793
2023-05-10 21:02:45,FG2310,FG310,1674.0,103.0,172526.0,75.0,80,1673.0,1675.0,21,1668.0,1666.0,1676.0,1663.0,413.0,690536.0,136868
2023-05-10 21:02:46,FG2310,FG310,1674.0,0.0,0.0,0.0,112,1673.0,1675.0,21,1668.0,1666.0,1676.0,1663.0,413.0,690536.0,136868
2023-05-10 21:02:46,FG2310,FG310,1674.0,0.0,0.0,0.0,132,1673.0,1675.0,22,1668.0,1666.0,1676.0,1663.0,413.0,690536.0,136868
2023-05-10 21:02:47,FG2310,FG310,1674.0,0.0,0.0,0.0,97,1674.0,1675.0,8,1668.0,1666.0,1676.0,1663.0,413.0,690536.0,136868
2023-05-10 21:02:48,FG2310,FG310,1675.0,7.0,11704.0,2.0,110,1674.0,1676.0,86,1668.0,1666.0,1676.0,1663.0,420.0,702240.0,136870
2023-05-10 21:02:48,FG2310,FG310,1675.0,0.0,0.0,0.0,120,1674.0,1676.0,45,1668.0,1666.0,1676.0,1663.0,420.0,702240.0,136870
2023-05-10 21:02:49,FG2310,FG310,1675.0,0.0,0.0,0.0,130,1674.0,1676.0,33,1668.0,1666.0,1676.0,1663.0,420.0,702240.0,136870
2023-05-10 21:02:49,FG2310,FG310,1675.0,0.0,0.0,0.0,110,1674.0,1675.0,2,1668.0,1666.0,1676.0,1663.0,420.0,702240.0,136870
2023-05-10 21:02:50,FG2310,FG310,1675.0,2.0,3344.0,-2.0,110,1674.0,1675.0,1,1668.0,1666.0,1676.0,1663.0,422.0,705584.0,136868
2023-05-10 21:02:50,FG2310,FG310,1675.0,3.0,5016.0,-1.0,57,1675.0,1676.0,19,1668.0,1666.0,1676.0,1663.0,425.0,710600.0,136867
2023-05-10 21:02:51,FG2310,FG310,1675.0,0.0,0.0,0.0,99,1675.0,1676.0,5,1668.0,1666.0,1676.0,1663.0,425.0,710600.0,136867
2023-05-10 21:02:52,FG2310,FG310,1675.0,0.0,0.0,0.0,93,1675.0,1676.0,5,1668.0,1666.0,1676.0,1663.0,425.0,710600.0,136867
2023-05-10 21:02:53,FG2310,FG310,1675.0,54.0,90288.0,38.0,11,1675.0,1676.0,9,1668.0,1666.0,1676.0,1663.0,479.0,800888.0,136905
2023-05-10 21:02:53,FG2310,FG310,1675.0,0.0,0.0,0.0,8,1675.0,1676.0,7,1668.0,1666.0,1676.0,1663.0,479.0,800888.0,136905
2023-05-10 21:02:54,FG2310,FG310,1675.0,0.0,0.0,0.0,5,1675.0,1676.0,39,1668.0,1666.0,1676.0,1663.0,479.0,800888.0,136905
2023-05-10 21:02:54,FG2310,FG310,1676.0,66.0,110897.0,46.0,24,1676.0,1677.0,55,1668.0,1666.0,1676.0,1663.0,545.0,911785.0,136951
2023-05-10 21:02:54,FG2310,FG310,1676.0,26.0,43498.0,26.0,130,1675.0,1677.0,99,1668.0,1666.0,1677.0,1663.0,571.0,955283.0,136977
2023-05-10 21:02:55,FG2310,FG310,1676.0,0.0,0.0,0.0,170,1675.0,1677.0,129,1668.0,1666.0,1677.0,1663.0,571.0,955283.0,136977
2023-05-10 21:02:55,FG2310,FG310,1676.0,0.0,0.0,0.0,156,1675.0,1676.0,3,1668.0,1666.0,1677.0,1663.0,571.0,955283.0,136977
2023-05-10 21:02:56,FG2310,FG310,1676.0,9.0,15057.0,0.0,83,1676.0,1677.0,85,1668.0,1666.0,1677.0,1663.0,580.0,970340.0,136977
2023-05-10 21:02:56,FG2310,FG310,1676.0,0.0,0.0,0.0,145,1676.0,1678.0,154,1668.0,1666.0,1677.0,1663.0,580.0,970340.0,136977
2023-05-10 21:02:57,FG2310,FG310,1676.0,0.0,0.0,0.0,135,1676.0,1678.0,154,1668.0,1666.0,1677.0,1663.0,580.0,970340.0,136977
2023-05-10 21:02:57,FG2310,FG310,1676.0,0.0,0.0,0.0,136,1676.0,1678.0,154,1668.0,1666.0,1677.0,1663.0,580.0,970340.0,136977
2023-05-10 21:02:59,FG2310,FG310,1676.0,25.0,41825.0,13.0,118,1675.0,1677.0,63,1668.0,1666.0,1677.0,1663.0,605.0,1012165.0,136990
2023-05-10 21:02:59,FG2310,FG310,1676.0,0.0,0.0,0.0,148,1675.0,1677.0,131,1668.0,1666.0,1677.0,1663.0,605.0,1012165.0,136990
2023-05-10 21:03:00,FG2310,FG310,1676.0,0.0,0.0,0.0,167,1675.0,1677.0,151,1668.0,1666.0,1677.0,1663.0,605.0,1012165.0,136990
2023-05-10 21:03:00,FG2310,FG310,1676.0,0.0,0.0,0.0,147,1675.0,1677.0,141,1668.0,1666.0,1677.0,1663.0,605.0,1012165.0,136990
2023-05-10 21:03:01,FG2310,FG310,1676.0,0.0,0.0,0.0,157,1675.0,1677.0,151,1668.0,1666.0,1677.0,1663.0,605.0,1012165.0,136990
2023-05-10 21:03:02,FG2310,FG310,1676.0,0.0,0.0,0.0,157,1675.0,1676.0,6,1668.0,1666.0,1677.0,1663.0,605.0,1012165.0,136990
2023-05-10 21:03:03,FG2310,FG310,1676.0,13.0,21749.0,6.0,52,1675.0,1676.0,75,1668.0,1666.0,1677.0,1663.0,618.0,1033914.0,136996
2023-05-10 21:03:03,FG2310,FG310,1674.0,20.0,33460.0,18.0,122,1674.0,1675.0,2,1668.0,1666.0,1677.0,1663.0,638.0,1067374.0,137014
2023-05-10 21:03:04,FG2310,FG310,1675.0,2.0,3346.0,2.0,117,1674.0,1676.0,163,1668.0,1666.0,1677.0,1663.0,640.0,1070720.0,137016
2023-05-10 21:03:06,FG2310,FG310,1675.0,0.0,0.0,0.0,117,1674.0,1676.0,160,1668.0,1666.0,1677.0,1663.0,640.0,1070720.0,137016
2023-05-10 21:03:06,FG2310,FG310,1675.0,0.0,0.0,0.0,127,1674.0,1676.0,160,1668.0,1666.0,1677.0,1663.0,640.0,1070720.0,137016
2023-05-10 21:03:07,FG2310,FG310,1675.0,0.0,0.0,0.0,137,1674.0,1676.0,160,1668.0,1666.0,1677.0,1663.0,640.0,1070720.0,137016
2023-05-10 21:03:08,FG2310,FG310,1675.0,0.0,0.0,0.0,137,1674.0,1676.0,150,1668.0,1666.0,1677.0,1663.0,640.0,1070720.0,137016
2023-05-10 21:03:09,FG2310,FG310,1675.0,0.0,0.0,0.0,138,1674.0,1676.0,150,1668.0,1666.0,1677.0,1663.0,640.0,1070720.0,137016
2023-05-10 21:03:09,FG2310,FG310,1675.0,0.0,0.0,0.0,127,1674.0,1676.0,150,1668.0,1666.0,1677.0,1663.0,640.0,1070720.0,137016
2023-05-10 21:03:10,FG2310,FG310,1675.0,0.0,0.0,0.0,127,1674.0,1676.0,160,1668.0,1666.0,1677.0,1663.0,640.0,1070720.0,137016
2023-05-10 21:03:10,FG2310,FG310,1675.0,0.0,0.0,0.0,137,1674.0,1676.0,160,1668.0,1666.0,1677.0,1663.0,640.0,1070720.0,137016
2023-05-10 21:03:11,FG2310,FG310,1675.0,0.0,0.0,0.0,1,1675.0,1676.0,160,1668.0,1666.0,1677.0,1663.0,640.0,1070720.0,137016
2023-05-10 21:03:12,FG2310,FG310,1675.0,0.0,0.0,0.0,148,1674.0,1676.0,140,1668.0,1666.0,1677.0,1663.0,640.0,1070720.0,137016
2023-05-10 21:03:12,FG2310,FG310,1675.0,0.0,0.0,0.0,148,1674.0,1676.0,150,1668.0,1666.0,1677.0,1663.0,640.0,1070720.0,137016
2023-05-10 21:03:13,FG2310,FG310,1675.0,0.0,0.0,0.0,138,1674.0,1676.0,160,1668.0,1666.0,1677.0,1663.0,640.0,1070720.0,137016
2023-05-10 21:03:14,FG2310,FG310,1675.0,0.0,0.0,0.0,137,1674.0,1676.0,160,1668.0,1666.0,1677.0,1663.0,640.0,1070720.0,137016
2023-05-10 21:03:15,FG2310,FG310,1675.0,0.0,0.0,0.0,137,1674.0,1676.0,159,1668.0,1666.0,1677.0,1663.0,640.0,1070720.0,137016
2023-05-10 21:03:16,FG2310,FG310,1675.0,0.0,0.0,0.0,138,1674.0,1676.0,159,1668.0,1666.0,1677.0,1663.0,640.0,1070720.0,137016
2023-05-10 21:03:18,FG2310,FG310,1675.0,0.0,0.0,0.0,137,1674.0,1676.0,159,1668.0,1666.0,1677.0,1663.0,640.0,1070720.0,137016
2023-05-10 21:03:18,FG2310,FG310,1675.0,0.0,0.0,0.0,152,1674.0,1676.0,169,1668.0,1666.0,1677.0,1663.0,640.0,1070720.0,137016
2023-05-10 21:03:30,FG2310,FG310,1675.0,0.0,0.0,0.0,60,1675.0,1676.0,87,1668.0,1666.0,1677.0,1663.0,640.0,1070720.0,137016
2023-05-10 21:03:31,FG2310,FG310,1676.0,3.0,5019.0,0.0,139,1675.0,1676.0,12,1668.0,1666.0,1677.0,1663.0,643.0,1075739.0,137016
2023-05-10 21:03:31,FG2310,FG310,1676.0,2.0,3346.0,0.0,137,1675.0,1677.0,171,1668.0,1666.0,1677.0,1663.0,645.0,1079085.0,137016
2023-05-10 21:03:31,FG2310,FG310,1676.0,0.0,0.0,0.0,141,1675.0,1677.0,159,1668.0,1666.0,1677.0,1663.0,645.0,1079085.0,137016
2023-05-10 21:03:33,FG2310,FG310,1676.0,0.0,0.0,0.0,142,1675.0,1677.0,169,1668.0,1666.0,1677.0,1663.0,645.0,1079085.0,137016
2023-05-10 21:03:33,FG2310,FG310,1676.0,0.0,0.0,0.0,141,1675.0,1677.0,169,1668.0,1666.0,1677.0,1663.0,645.0,1079085.0,137016
2023-05-10 21:03:35,FG2310,FG310,1677.0,1.0,1673.0,1.0,106,1675.0,1677.0,168,1668.0,1666.0,1677.0,1663.0,646.0,1080758.0,137017
2023-05-10 21:03:35,FG2310,FG310,1677.0,0.0,0.0,0.0,79,1675.0,1677.0,168,1668.0,1666.0,1677.0,1663.0,646.0,1080758.0,137017
2023-05-10 21:03:35,FG2310,FG310,1677.0,0.0,0.0,0.0,137,1675.0,1677.0,168,1668.0,1666.0,1677.0,1663.0,646.0,1080758.0,137017
2023-05-10 21:03:36,FG2310,FG310,1677.0,0.0,0.0,0.0,132,1675.0,1677.0,168,1668.0,1666.0,1677.0,1663.0,646.0,1080758.0,137017
2023-05-10 21:03:36,FG2310,FG310,1677.0,0.0,0.0,0.0,147,1675.0,1677.0,168,1668.0,1666.0,1677.0,1663.0,646.0,1080758.0,137017
2023-05-10 21:03:37,FG2310,FG310,1676.0,4.0,6692.0,4.0,164,1675.0,1677.0,144,1668.0,1666.0,1677.0,1663.0,650.0,1087450.0,137021
2023-05-10 21:03:37,FG2310,FG310,1676.0,0.0,0.0,0.0,157,1675.0,1677.0,154,1668.0,1666.0,1677.0,1663.0,650.0,1087450.0,137021
2023-05-10 21:03:47,FG2310,FG310,1676.0,0.0,0.0,0.0,156,1675.0,1677.0,154,1668.0,1666.0,1677.0,1663.0,650.0,1087450.0,137021
2023-05-10 21:03:48,FG2310,FG310,1676.0,0.0,0.0,0.0,157,1675.0,1677.0,154,1668.0,1666.0,1677.0,1663.0,650.0,1087450.0,137021
2023-05-10 21:03:49,FG2310,FG310,1676.0,0.0,0.0,0.0,55,1676.0,1677.0,97,1668.0,1666.0,1677.0,1663.0,650.0,1087450.0,137021
2023-05-10 21:03:50,FG2310,FG310,1676.0,0.0,0.0,0.0,125,1676.0,1677.0,15,1668.0,1666.0,1677.0,1663.0,650.0,1087450.0,137021
2023-05-10 21:03:50,FG2310,FG310,1676.0,0.0,0.0,0.0,49,1676.0,1677.0,132,1668.0,1666.0,1677.0,1663.0,650.0,1087450.0,137021
2023-05-10 21:03:51,FG2310,FG310,1676.0,0.0,0.0,0.0,3,1676.0,1677.0,144,1668.0,1666.0,1677.0,1663.0,650.0,1087450.0,137021
2023-05-10 21:03:51,FG2310,FG310,1676.0,0.0,0.0,0.0,150,1675.0,1677.0,154,1668.0,1666.0,1677.0,1663.0,650.0,1087450.0,137021
2023-05-10 21:03:52,FG2310,FG310,1676.0,0.0,0.0,0.0,150,1675.0,1677.0,164,1668.0,1666.0,1677.0,1663.0,650.0,1087450.0,137021
2023-05-10 21:03:54,FG2310,FG310,1676.0,0.0,0.0,0.0,140,1675.0,1677.0,154,1668.0,1666.0,1677.0,1663.0,650.0,1087450.0,137021
2023-05-10 21:03:54,FG2310,FG310,1677.0,1.0,1673.0,-1.0,3,1676.0,1677.0,123,1668.0,1666.0,1677.0,1663.0,651.0,1089123.0,137020
2023-05-10 21:03:54,FG2310,FG310,1677.0,0.0,0.0,0.0,150,1675.0,1677.0,133,1668.0,1666.0,1677.0,1663.0,651.0,1089123.0,137020
2023-05-10 21:03:55,FG2310,FG310,1677.0,0.0,0.0,0.0,55,1676.0,1677.0,76,1668.0,1666.0,1677.0,1663.0,651.0,1089123.0,137020
2023-05-10 21:03:56,FG2310,FG310,1677.0,0.0,0.0,0.0,127,1676.0,1677.0,14,1668.0,1666.0,1677.0,1663.0,651.0,1089123.0,137020
2023-05-10 21:03:56,FG2310,FG310,1677.0,0.0,0.0,0.0,127,1676.0,1677.0,4,1668.0,1666.0,1677.0,1663.0,651.0,1089123.0,137020
2023-05-10 21:03:58,FG2310,FG310,1677.0,0.0,0.0,0.0,72,1676.0,1677.0,39,1668.0,1666.0,1677.0,1663.0,651.0,1089123.0,137020
2023-05-10 21:03:58,FG2310,FG310,1675.0,18.0,30114.0,15.0,116,1675.0,1676.0,8,1668.0,1666.0,1677.0,1663.0,669.0,1119237.0,137035
2023-05-10 21:03:58,FG2310,FG310,1675.0,0.0,0.0,0.0,133,1675.0,1676.0,8,1668.0,1666.0,1677.0,1663.0,669.0,1119237.0,137035
2023-05-10 21:04:00,FG2310,FG310,1676.0,8.0,13384.0,1.0,124,1675.0,1676.0,7,1668.0,1666.0,1677.0,1663.0,677.0,1132621.0,137036
2023-05-10 21:04:00,FG2310,FG310,1676.0,14.0,23422.0,0.0,110,1675.0,1677.0,153,1668.0,1666.0,1677.0,1663.0,691.0,1156043.0,137036
2023-05-10 21:04:00,FG2310,FG310,1676.0,0.0,0.0,0.0,100,1675.0,1677.0,153,1668.0,1666.0,1677.0,1663.0,691.0,1156043.0,137036
2023-05-10 21:04:03,FG2310,FG310,1676.0,0.0,0.0,0.0,100,1675.0,1676.0,10,1668.0,1666.0,1677.0,1663.0,691.0,1156043.0,137036
2023-05-10 21:04:03,FG2310,FG310,1676.0,17.0,28441.0,17.0,93,1675.0,1677.0,153,1668.0,1666.0,1677.0,1663.0,708.0,1184484.0,137053
2023-05-10 21:04:07,FG2310,FG310,1676.0,0.0,0.0,0.0,83,1675.0,1677.0,133,1668.0,1666.0,1677.0,1663.0,708.0,1184484.0,137053
2023-05-10 21:04:07,FG2310,FG310,1676.0,0.0,0.0,0.0,93,1675.0,1677.0,143,1668.0,1666.0,1677.0,1663.0,708.0,1184484.0,137053
2023-05-10 21:04:09,FG2310,FG310,1676.0,0.0,0.0,0.0,1,1676.0,1677.0,123,1668.0,1666.0,1677.0,1663.0,708.0,1184484.0,137053
2023-05-10 21:04:10,FG2310,FG310,1676.0,4.0,7404.0,0.0,1,1676.0,1677.0,119,1668.0,1666.0,1677.0,1663.0,712.0,1191888.0,137053
2023-05-10 21:04:11,FG2310,FG310,1676.0,7.0,11718.0,7.0,1,1676.0,1677.0,112,1668.0,1666.0,1677.0,1663.0,719.0,1203606.0,137060
2023-05-10 21:04:11,FG2310,FG310,1676.0,7.0,11718.0,7.0,1,1676.0,1677.0,105,1668.0,1666.0,1677.0,1663.0,726.0,1215324.0,137067
2023-05-10 21:04:12,FG2310,FG310,1676.0,0.0,0.0,0.0,8,1676.0,1677.0,105,1668.0,1666.0,1677.0,1663.0,726.0,1215324.0,137067
2023-05-10 21:04:13,FG2310,FG310,1676.0,7.0,11718.0,7.0,1,1676.0,1677.0,98,1668.0,1666.0,1677.0,1663.0,733.0,1227042.0,137074
2023-05-10 21:04:13,FG2310,FG310,1676.0,0.0,0.0,0.0,1,1676.0,1677.0,108,1668.0,1666.0,1677.0,1663.0,733.0,1227042.0,137074
2023-05-10 21:04:14,FG2310,FG310,1676.0,1.0,1674.0,-1.0,104,1675.0,1677.0,118,1668.0,1666.0,1677.0,1663.0,734.0,1228716.0,137073
2023-05-10 21:04:14,FG2310,FG310,1676.0,0.0,0.0,0.0,93,1675.0,1677.0,129,1668.0,1666.0,1677.0,1663.0,734.0,1228716.0,137073
2023-05-10 21:04:15,FG2310,FG310,1676.0,0.0,0.0,0.0,94,1675.0,1677.0,129,1668.0,1666.0,1677.0,1663.0,734.0,1228716.0,137073
2023-05-10 21:04:15,FG2310,FG310,1676.0,0.0,0.0,0.0,93,1675.0,1677.0,129,1668.0,1666.0,1677.0,1663.0,734.0,1228716.0,137073
2023-05-10 21:04:29,FG2310,FG310,1676.0,0.0,0.0,0.0,83,1675.0,1677.0,129,1668.0,1666.0,1677.0,1663.0,734.0,1228716.0,137073
2023-05-10 21:04:29,FG2310,FG310,1676.0,0.0,0.0,0.0,93,1675.0,1677.0,129,1668.0,1666.0,1677.0,1663.0,734.0,1228716.0,137073
2023-05-10 21:04:32,FG2310,FG310,1676.0,0.0,0.0,0.0,93,1675.0,1677.0,119,1668.0,1666.0,1677.0,1663.0,734.0,1228716.0,137073
2023-05-10 21:04:36,FG2310,FG310,1675.0,2.0,3348.0,2.0,76,1675.0,1676.0,21,1668.0,1666.0,1677.0,1663.0,736.0,1232064.0,137075
2023-05-10 21:04:36,FG2310,FG310,1675.0,1.0,1674.0,0.0,24,1675.0,1676.0,49,1668.0,1666.0,1677.0,1663.0,737.0,1233738.0,137075
2023-05-10 21:04:37,FG2310,FG310,1676.0,29.0,48546.0,22.0,2,1676.0,1677.0,89,1668.0,1666.0,1677.0,1663.0,766.0,1282284.0,137097
2023-05-10 21:04:37,FG2310,FG310,1676.0,2.0,3348.0,2.0,111,1675.0,1677.0,65,1668.0,1666.0,1677.0,1663.0,768.0,1285632.0,137099
2023-05-10 21:04:37,FG2310,FG310,1676.0,0.0,0.0,0.0,121,1675.0,1677.0,77,1668.0,1666.0,1677.0,1663.0,768.0,1285632.0,137099
2023-05-10 21:04:38,FG2310,FG310,1676.0,0.0,0.0,0.0,121,1675.0,1677.0,97,1668.0,1666.0,1677.0,1663.0,768.0,1285632.0,137099
2023-05-10 21:04:39,FG2310,FG310,1676.0,0.0,0.0,0.0,121,1675.0,1677.0,107,1668.0,1666.0,1677.0,1663.0,768.0,1285632.0,137099
2023-05-10 21:04:41,FG2310,FG310,1675.0,33.0,55242.0,19.0,20,1675.0,1676.0,5,1668.0,1666.0,1677.0,1663.0,801.0,1340874.0,137118
2023-05-10 21:04:42,FG2310,FG310,1675.0,0.0,0.0,0.0,7,1675.0,1676.0,34,1668.0,1666.0,1677.0,1663.0,801.0,1340874.0,137118
2023-05-10 21:04:43,FG2310,FG310,1675.0,1.0,1674.0,1.0,6,1675.0,1676.0,53,1668.0,1666.0,1677.0,1663.0,802.0,1342548.0,137119
2023-05-10 21:04:44,FG2310,FG310,1675.0,1.0,1674.0,1.0,5,1675.0,1676.0,82,1668.0,1666.0,1677.0,1663.0,803.0,1344222.0,137120
2023-05-10 21:04:44,FG2310,FG310,1675.0,0.0,0.0,0.0,117,1674.0,1676.0,102,1668.0,1666.0,1677.0,1663.0,803.0,1344222.0,137120
2023-05-10 21:04:44,FG2310,FG310,1675.0,0.0,0.0,0.0,114,1674.0,1676.0,102,1668.0,1666.0,1677.0,1663.0,803.0,1344222.0,137120
2023-05-10 21:04:45,FG2310,FG310,1675.0,0.0,0.0,0.0,124,1674.0,1676.0,102,1668.0,1666.0,1677.0,1663.0,803.0,1344222.0,137120
2023-05-10 21:04:46,FG2310,FG310,1675.0,0.0,0.0,0.0,63,1675.0,1676.0,59,1668.0,1666.0,1677.0,1663.0,803.0,1344222.0,137120
2023-05-10 21:04:47,FG2310,FG310,1676.0,40.0,66960.0,29.0,6,1676.0,1677.0,54,1668.0,1666.0,1677.0,1663.0,843.0,1411182.0,137149
2023-05-10 21:04:48,FG2310,FG310,1676.0,5.0,8370.0,5.0,1,1676.0,1677.0,36,1668.0,1666.0,1677.0,1663.0,848.0,1419552.0,137154
2023-05-10 21:04:48,FG2310,FG310,1676.0,1.0,1674.0,1.0,109,1675.0,1677.0,25,1668.0,1666.0,1677.0,1663.0,849.0,1421226.0,137155
2023-05-10 21:04:48,FG2310,FG310,1676.0,0.0,0.0,0.0,96,1675.0,1677.0,25,1668.0,1666.0,1677.0,1663.0,849.0,1421226.0,137155
2023-05-10 21:04:50,FG2310,FG310,1676.0,0.0,0.0,0.0,97,1675.0,1677.0,25,1668.0,1666.0,1677.0,1663.0,849.0,1421226.0,137155
2023-05-10 21:04:53,FG2310,FG310,1676.0,0.0,0.0,0.0,96,1675.0,1677.0,25,1668.0,1666.0,1677.0,1663.0,849.0,1421226.0,137155
2023-05-10 21:04:57,FG2310,FG310,1676.0,0.0,0.0,0.0,86,1675.0,1677.0,25,1668.0,1666.0,1677.0,1663.0,849.0,1421226.0,137155
2023-05-10 21:04:58,FG2310,FG310,1676.0,0.0,0.0,0.0,66,1675.0,1676.0,6,1668.0,1666.0,1677.0,1663.0,849.0,1421226.0,137155
2023-05-10 21:04:58,FG2310,FG310,1676.0,0.0,0.0,0.0,26,1675.0,1676.0,13,1668.0,1666.0,1677.0,1663.0,849.0,1421226.0,137155
2023-05-10 21:04:59,FG2310,FG310,1676.0,0.0,0.0,0.0,19,1675.0,1676.0,20,1668.0,1666.0,1677.0,1663.0,849.0,1421226.0,137155
2023-05-10 21:05:00,FG2310,FG310,1675.0,1.0,1674.0,1.0,6,1675.0,1676.0,39,1668.0,1666.0,1677.0,1663.0,850.0,1422900.0,137156
2023-05-10 21:05:01,FG2310,FG310,1675.0,6.0,10044.0,4.0,107,1674.0,1676.0,112,1668.0,1666.0,1677.0,1663.0,856.0,1432944.0,137160
2023-05-10 21:05:01,FG2310,FG310,1675.0,0.0,0.0,0.0,87,1674.0,1676.0,142,1668.0,1666.0,1677.0,1663.0,856.0,1432944.0,137160
2023-05-10 21:05:02,FG2310,FG310,1675.0,2.0,3348.0,0.0,72,1674.0,1676.0,142,1668.0,1666.0,1677.0,1663.0,858.0,1436292.0,137160
2023-05-10 21:05:02,FG2310,FG310,1675.0,0.0,0.0,0.0,82,1674.0,1676.0,144,1668.0,1666.0,1677.0,1663.0,858.0,1436292.0,137160
2023-05-10 21:05:07,FG2310,FG310,1675.0,0.0,0.0,0.0,72,1674.0,1676.0,144,1668.0,1666.0,1677.0,1663.0,858.0,1436292.0,137160
2023-05-10 21:05:10,FG2310,FG310,1675.0,0.0,0.0,0.0,72,1674.0,1676.0,145,1668.0,1666.0,1677.0,1663.0,858.0,1436292.0,137160
2023-05-10 21:05:10,FG2310,FG310,1675.0,0.0,0.0,0.0,82,1674.0,1676.0,146,1668.0,1666.0,1677.0,1663.0,858.0,1436292.0,137160
2023-05-10 21:05:10,FG2310,FG310,1675.0,0.0,0.0,0.0,82,1674.0,1676.0,145,1668.0,1666.0,1677.0,1663.0,858.0,1436292.0,137160
2023-05-10 21:05:11,FG2310,FG310,1675.0,0.0,0.0,0.0,82,1674.0,1676.0,144,1668.0,1666.0,1677.0,1663.0,858.0,1436292.0,137160
2023-05-10 21:05:11,FG2310,FG310,1675.0,0.0,0.0,0.0,82,1674.0,1676.0,154,1668.0,1666.0,1677.0,1663.0,858.0,1436292.0,137160
2023-05-10 21:05:12,FG2310,FG310,1675.0,0.0,0.0,0.0,82,1674.0,1676.0,155,1668.0,1666.0,1677.0,1663.0,858.0,1436292.0,137160
2023-05-10 21:05:12,FG2310,FG310,1675.0,0.0,0.0,0.0,82,1674.0,1676.0,154,1668.0,1666.0,1677.0,1663.0,858.0,1436292.0,137160
2023-05-10 21:05:13,FG2310,FG310,1675.0,0.0,0.0,0.0,82,1674.0,1676.0,155,1668.0,1666.0,1677.0,1663.0,858.0,1436292.0,137160
2023-05-10 21:05:14,FG2310,FG310,1675.0,0.0,0.0,0.0,82,1674.0,1676.0,156,1668.0,1666.0,1677.0,1663.0,858.0,1436292.0,137160
2023-05-10 21:05:20,FG2310,FG310,1675.0,0.0,0.0,0.0,82,1674.0,1676.0,159,1668.0,1666.0,1677.0,1663.0,858.0,1436292.0,137160
2023-05-10 21:05:20,FG2310,FG310,1675.0,0.0,0.0,0.0,83,1674.0,1676.0,160,1668.0,1666.0,1677.0,1663.0,858.0,1436292.0,137160
2023-05-10 21:05:20,FG2310,FG310,1675.0,0.0,0.0,0.0,83,1674.0,1676.0,159,1668.0,1666.0,1677.0,1663.0,858.0,1436292.0,137160
2023-05-10 21:05:21,FG2310,FG310,1675.0,0.0,0.0,0.0,73,1674.0,1676.0,159,1668.0,1666.0,1677.0,1663.0,858.0,1436292.0,137160
2023-05-10 21:05:22,FG2310,FG310,1675.0,0.0,0.0,0.0,73,1674.0,1676.0,158,1668.0,1666.0,1677.0,1663.0,858.0,1436292.0,137160
2023-05-10 21:05:23,FG2310,FG310,1675.0,1.0,1674.0,0.0,72,1674.0,1676.0,158,1668.0,1666.0,1677.0,1663.0,859.0,1437966.0,137160
2023-05-10 21:05:24,FG2310,FG310,1675.0,0.0,0.0,0.0,82,1674.0,1676.0,158,1668.0,1666.0,1677.0,1663.0,859.0,1437966.0,137160
2023-05-10 21:05:24,FG2310,FG310,1674.0,1.0,1674.0,0.0,81,1674.0,1676.0,158,1668.0,1666.0,1677.0,1663.0,860.0,1439640.0,137160
2023-05-10 21:05:25,FG2310,FG310,1674.0,1.0,1674.0,1.0,80,1674.0,1676.0,158,1668.0,1666.0,1677.0,1663.0,861.0,1441314.0,137161
2023-05-10 21:05:29,FG2310,FG310,1674.0,0.0,0.0,0.0,68,1674.0,1675.0,39,1668.0,1666.0,1677.0,1663.0,861.0,1441314.0,137161
2023-05-10 21:05:30,FG2310,FG310,1674.0,0.0,0.0,0.0,10,1674.0,1675.0,42,1668.0,1666.0,1677.0,1663.0,861.0,1441314.0,137161
2023-05-10 21:05:31,FG2310,FG310,1674.0,0.0,0.0,0.0,20,1674.0,1675.0,2,1668.0,1666.0,1677.0,1663.0,861.0,1441314.0,137161
2023-05-10 21:05:31,FG2310,FG310,1674.0,0.0,0.0,0.0,20,1674.0,1675.0,7,1668.0,1666.0,1677.0,1663.0,861.0,1441314.0,137161
2023-05-10 21:05:32,FG2310,FG310,1674.0,0.0,0.0,0.0,20,1674.0,1675.0,8,1668.0,1666.0,1677.0,1663.0,861.0,1441314.0,137161
2023-05-10 21:05:32,FG2310,FG310,1675.0,9.0,15066.0,-5.0,41,1674.0,1676.0,156,1668.0,1666.0,1677.0,1663.0,870.0,1456380.0,137156
2023-05-10 21:05:33,FG2310,FG310,1675.0,0.0,0.0,0.0,81,1674.0,1676.0,158,1668.0,1666.0,1677.0,1663.0,870.0,1456380.0,137156
2023-05-10 21:05:33,FG2310,FG310,1675.0,0.0,0.0,0.0,101,1674.0,1676.0,158,1668.0,1666.0,1677.0,1663.0,870.0,1456380.0,137156
2023-05-10 21:05:38,FG2310,FG310,1675.0,0.0,0.0,0.0,101,1674.0,1675.0,1,1668.0,1666.0,1677.0,1663.0,870.0,1456380.0,137156
2023-05-10 21:05:44,FG2310,FG310,1675.0,1.0,1674.0,0.0,101,1674.0,1676.0,151,1668.0,1666.0,1677.0,1663.0,871.0,1458054.0,137156
2023-05-10 21:05:44,FG2310,FG310,1675.0,0.0,0.0,0.0,103,1674.0,1676.0,153,1668.0,1666.0,1677.0,1663.0,871.0,1458054.0,137156
2023-05-10 21:05:45,FG2310,FG310,1675.0,0.0,0.0,0.0,103,1674.0,1676.0,154,1668.0,1666.0,1677.0,1663.0,871.0,1458054.0,137156
2023-05-10 21:05:46,FG2310,FG310,1675.0,0.0,0.0,0.0,103,1674.0,1675.0,6,1668.0,1666.0,1677.0,1663.0,871.0,1458054.0,137156
2023-05-10 21:05:46,FG2310,FG310,1675.0,6.0,10044.0,-6.0,98,1674.0,1676.0,154,1668.0,1666.0,1677.0,1663.0,877.0,1468098.0,137150
2023-05-10 21:05:47,FG2310,FG310,1675.0,0.0,0.0,0.0,98,1674.0,1676.0,152,1668.0,1666.0,1677.0,1663.0,877.0,1468098.0,137150
2023-05-10 21:05:52,FG2310,FG310,1675.0,0.0,0.0,0.0,98,1674.0,1676.0,151,1668.0,1666.0,1677.0,1663.0,877.0,1468098.0,137150
2023-05-10 21:06:02,FG2310,FG310,1675.0,0.0,0.0,0.0,99,1674.0,1676.0,151,1668.0,1666.0,1677.0,1663.0,877.0,1468098.0,137150
2023-05-10 21:06:03,FG2310,FG310,1675.0,0.0,0.0,0.0,98,1674.0,1676.0,151,1668.0,1666.0,1677.0,1663.0,877.0,1468098.0,137150
2023-05-10 21:06:07,FG2310,FG310,1675.0,1.0,1674.0,0.0,98,1674.0,1676.0,151,1668.0,1666.0,1677.0,1663.0,878.0,1469772.0,137150
2023-05-10 21:06:08,FG2310,FG310,1675.0,0.0,0.0,0.0,89,1674.0,1676.0,141,1668.0,1666.0,1677.0,1663.0,878.0,1469772.0,137150
2023-05-10 21:06:08,FG2310,FG310,1675.0,0.0,0.0,0.0,98,1674.0,1676.0,151,1668.0,1666.0,1677.0,1663.0,878.0,1469772.0,137150
2023-05-10 21:06:11,FG2310,FG310,1675.0,0.0,0.0,0.0,88,1674.0,1676.0,151,1668.0,1666.0,1677.0,1663.0,878.0,1469772.0,137150
2023-05-10 21:06:13,FG2310,FG310,1675.0,0.0,0.0,0.0,98,1674.0,1676.0,151,1668.0,1666.0,1677.0,1663.0,878.0,1469772.0,137150
2023-05-10 21:06:18,FG2310,FG310,1675.0,2.0,3348.0,-1.0,97,1674.0,1676.0,149,1668.0,1666.0,1677.0,1663.0,880.0,1473120.0,137149
2023-05-10 21:06:19,FG2310,FG310,1676.0,1.0,1674.0,0.0,97,1674.0,1676.0,148,1668.0,1666.0,1677.0,1663.0,881.0,1474794.0,137149
2023-05-10 21:06:21,FG2310,FG310,1676.0,1.0,1674.0,0.0,97,1674.0,1676.0,137,1668.0,1666.0,1677.0,1663.0,882.0,1476468.0,137149
2023-05-10 21:06:21,FG2310,FG310,1675.0,1.0,1674.0,-1.0,10,1675.0,1676.0,127,1668.0,1666.0,1677.0,1663.0,883.0,1478142.0,137148
2023-05-10 21:06:21,FG2310,FG310,1675.0,0.0,0.0,0.0,10,1675.0,1676.0,117,1668.0,1666.0,1677.0,1663.0,883.0,1478142.0,137148
2023-05-10 21:06:22,FG2310,FG310,1676.0,1.0,1674.0,0.0,10,1675.0,1676.0,116,1668.0,1666.0,1677.0,1663.0,884.0,1479816.0,137148
2023-05-10 21:06:23,FG2310,FG310,1675.0,1.0,1674.0,0.0,9,1675.0,1676.0,116,1668.0,1666.0,1677.0,1663.0,885.0,1481490.0,137148
2023-05-10 21:06:24,FG2310,FG310,1675.0,0.0,0.0,0.0,9,1675.0,1676.0,118,1668.0,1666.0,1677.0,1663.0,885.0,1481490.0,137148
2023-05-10 21:06:25,FG2310,FG310,1676.0,1.0,1674.0,0.0,9,1675.0,1676.0,117,1668.0,1666.0,1677.0,1663.0,886.0,1483164.0,137148
2023-05-10 21:06:26,FG2310,FG310,1675.0,3.0,5022.0,1.0,2,1675.0,1676.0,113,1668.0,1666.0,1677.0,1663.0,889.0,1488186.0,137149
2023-05-10 21:06:27,FG2310,FG310,1675.0,0.0,0.0,0.0,133,1674.0,1676.0,115,1668.0,1666.0,1677.0,1663.0,889.0,1488186.0,137149
2023-05-10 21:06:27,FG2310,FG310,1675.0,0.0,0.0,0.0,10,1675.0,1676.0,115,1668.0,1666.0,1677.0,1663.0,889.0,1488186.0,137149
2023-05-10 21:06:27,FG2310,FG310,1675.0,0.0,0.0,0.0,12,1675.0,1676.0,105,1668.0,1666.0,1677.0,1663.0,889.0,1488186.0,137149
2023-05-10 21:06:28,FG2310,FG310,1675.0,0.0,0.0,0.0,11,1675.0,1676.0,105,1668.0,1666.0,1677.0,1663.0,889.0,1488186.0,137149
2023-05-10 21:06:29,FG2310,FG310,1676.0,1.0,1674.0,0.0,11,1675.0,1676.0,104,1668.0,1666.0,1677.0,1663.0,890.0,1489860.0,137149
2023-05-10 21:06:31,FG2310,FG310,1676.0,0.0,0.0,0.0,4,1675.0,1676.0,114,1668.0,1666.0,1677.0,1663.0,890.0,1489860.0,137149
2023-05-10 21:06:31,FG2310,FG310,1676.0,0.0,0.0,0.0,2,1675.0,1676.0,114,1668.0,1666.0,1677.0,1663.0,890.0,1489860.0,137149
2023-05-10 21:06:32,FG2310,FG310,1676.0,0.0,0.0,0.0,11,1675.0,1676.0,114,1668.0,1666.0,1677.0,1663.0,890.0,1489860.0,137149
2023-05-10 21:06:32,FG2310,FG310,1676.0,1.0,1674.0,0.0,11,1675.0,1676.0,113,1668.0,1666.0,1677.0,1663.0,891.0,1491534.0,137149
2023-05-10 21:06:35,FG2310,FG310,1676.0,1.0,1674.0,0.0,11,1675.0,1676.0,112,1668.0,1666.0,1677.0,1663.0,892.0,1493208.0,137149
2023-05-10 21:06:39,FG2310,FG310,1676.0,0.0,0.0,0.0,27,1675.0,1676.0,82,1668.0,1666.0,1677.0,1663.0,892.0,1493208.0,137149
2023-05-10 21:06:39,FG2310,FG310,1676.0,11.0,18414.0,3.0,44,1675.0,1676.0,4,1668.0,1666.0,1677.0,1663.0,903.0,1511622.0,137152
2023-05-10 21:06:40,FG2310,FG310,1676.0,1.0,1674.0,0.0,83,1675.0,1676.0,1,1668.0,1666.0,1677.0,1663.0,904.0,1513296.0,137152
2023-05-10 21:06:40,FG2310,FG310,1676.0,5.0,8370.0,-4.0,88,1675.0,1676.0,3,1668.0,1666.0,1677.0,1663.0,909.0,1521666.0,137148
2023-05-10 21:06:40,FG2310,FG310,1676.0,1.0,1674.0,-1.0,87,1675.0,1677.0,142,1668.0,1666.0,1677.0,1663.0,910.0,1523340.0,137147
2023-05-10 21:06:44,FG2310,FG310,1677.0,1.0,1674.0,0.0,87,1675.0,1677.0,141,1668.0,1666.0,1677.0,1663.0,911.0,1525014.0,137147
2023-05-10 21:06:45,FG2310,FG310,1677.0,0.0,0.0,0.0,87,1675.0,1677.0,140,1668.0,1666.0,1677.0,1663.0,911.0,1525014.0,137147
2023-05-10 21:06:46,FG2310,FG310,1676.0,1.0,1674.0,-1.0,86,1675.0,1677.0,140,1668.0,1666.0,1677.0,1663.0,912.0,1526688.0,137146
2023-05-10 21:06:47,FG2310,FG310,1676.0,0.0,0.0,0.0,86,1675.0,1677.0,141,1668.0,1666.0,1677.0,1663.0,912.0,1526688.0,137146
2023-05-10 21:06:47,FG2310,FG310,1676.0,0.0,0.0,0.0,87,1675.0,1677.0,139,1668.0,1666.0,1677.0,1663.0,912.0,1526688.0,137146
2023-05-10 21:06:48,FG2310,FG310,1677.0,1.0,1674.0,0.0,87,1675.0,1677.0,139,1668.0,1666.0,1677.0,1663.0,913.0,1528362.0,137146
2023-05-10 21:06:50,FG2310,FG310,1677.0,1.0,1674.0,0.0,87,1675.0,1677.0,138,1668.0,1666.0,1677.0,1663.0,914.0,1530036.0,137146
2023-05-10 21:06:53,FG2310,FG310,1677.0,1.0,1674.0,0.0,87,1675.0,1677.0,137,1668.0,1666.0,1677.0,1663.0,915.0,1531710.0,137146
2023-05-10 21:06:53,FG2310,FG310,1677.0,0.0,0.0,0.0,87,1675.0,1677.0,138,1668.0,1666.0,1677.0,1663.0,915.0,1531710.0,137146
2023-05-10 21:06:55,FG2310,FG310,1677.0,0.0,0.0,0.0,3,1676.0,1677.0,112,1668.0,1666.0,1677.0,1663.0,915.0,1531710.0,137146
2023-05-10 21:06:56,FG2310,FG310,1677.0,0.0,0.0,0.0,24,1676.0,1677.0,14,1668.0,1666.0,1677.0,1663.0,915.0,1531710.0,137146
2023-05-10 21:06:56,FG2310,FG310,1677.0,0.0,0.0,0.0,24,1676.0,1677.0,2,1668.0,1666.0,1677.0,1663.0,915.0,1531710.0,137146
2023-05-10 21:06:57,FG2310,FG310,1677.0,1.0,1674.0,0.0,24,1676.0,1677.0,1,1668.0,1666.0,1677.0,1663.0,916.0,1533384.0,137146
2023-05-10 21:06:58,FG2310,FG310,1677.0,0.0,0.0,0.0,24,1676.0,1677.0,10,1668.0,1666.0,1677.0,1663.0,916.0,1533384.0,137146
2023-05-10 21:06:58,FG2310,FG310,1677.0,0.0,0.0,0.0,24,1676.0,1677.0,3,1668.0,1666.0,1677.0,1663.0,916.0,1533384.0,137146
2023-05-10 21:06:59,FG2310,FG310,1677.0,0.0,0.0,0.0,24,1676.0,1677.0,1,1668.0,1666.0,1677.0,1663.0,916.0,1533384.0,137146
2023-05-10 21:07:00,FG2310,FG310,1677.0,0.0,0.0,0.0,25,1676.0,1677.0,1,1668.0,1666.0,1677.0,1663.0,916.0,1533384.0,137146
2023-05-10 21:07:00,FG2310,FG310,1677.0,0.0,0.0,0.0,25,1676.0,1677.0,10,1668.0,1666.0,1677.0,1663.0,916.0,1533384.0,137146
2023-05-10 21:07:01,FG2310,FG310,1676.0,6.0,10044.0,1.0,4,1676.0,1677.0,51,1668.0,1666.0,1677.0,1663.0,922.0,1543428.0,137147
2023-05-10 21:07:01,FG2310,FG310,1676.0,2.0,3348.0,0.0,11,1676.0,1677.0,100,1668.0,1666.0,1677.0,1663.0,924.0,1546776.0,137147
2023-05-10 21:07:01,FG2310,FG310,1676.0,1.0,1674.0,0.0,10,1676.0,1677.0,99,1668.0,1666.0,1677.0,1663.0,925.0,1548450.0,137147
2023-05-10 21:07:02,FG2310,FG310,1676.0,2.0,3348.0,0.0,8,1676.0,1677.0,97,1668.0,1666.0,1677.0,1663.0,927.0,1551798.0,137147
2023-05-10 21:07:02,FG2310,FG310,1676.0,8.0,13392.0,0.0,10,1676.0,1677.0,87,1668.0,1666.0,1677.0,1663.0,935.0,1565190.0,137147
2023-05-10 21:07:03,FG2310,FG310,1676.0,12.0,20088.0,0.0,7,1676.0,1677.0,107,1668.0,1666.0,1677.0,1663.0,947.0,1585278.0,137147
2023-05-10 21:07:03,FG2310,FG310,1676.0,0.0,0.0,0.0,9,1676.0,1677.0,107,1668.0,1666.0,1677.0,1663.0,947.0,1585278.0,137147
2023-05-10 21:07:05,FG2310,FG310,1676.0,9.0,15066.0,0.0,7,1676.0,1677.0,98,1668.0,1666.0,1677.0,1663.0,956.0,1600344.0,137147
2023-05-10 21:07:05,FG2310,FG310,1676.0,7.0,11718.0,0.0,107,1675.0,1677.0,91,1668.0,1666.0,1677.0,1663.0,963.0,1612062.0,137147
2023-05-10 21:07:06,FG2310,FG310,1676.0,0.0,0.0,0.0,1,1676.0,1677.0,91,1668.0,1666.0,1677.0,1663.0,963.0,1612062.0,137147
2023-05-10 21:07:07,FG2310,FG310,1676.0,0.0,0.0,0.0,8,1676.0,1677.0,81,1668.0,1666.0,1677.0,1663.0,963.0,1612062.0,137147
2023-05-10 21:07:09,FG2310,FG310,1676.0,8.0,13392.0,0.0,7,1676.0,1677.0,73,1668.0,1666.0,1677.0,1663.0,971.0,1625454.0,137147
2023-05-10 21:07:09,FG2310,FG310,1676.0,0.0,0.0,0.0,20,1676.0,1677.0,21,1668.0,1666.0,1677.0,1663.0,971.0,1625454.0,137147
2023-05-10 21:07:09,FG2310,FG310,1676.0,0.0,0.0,0.0,22,1676.0,1677.0,11,1668.0,1666.0,1677.0,1663.0,971.0,1625454.0,137147
2023-05-10 21:07:12,FG2310,FG310,1676.0,1.0,1674.0,0.0,6,1676.0,1677.0,22,1668.0,1666.0,1677.0,1663.0,972.0,1627128.0,137147
2023-05-10 21:07:12,FG2310,FG310,1676.0,1.0,1674.0,0.0,5,1676.0,1677.0,121,1668.0,1666.0,1677.0,1663.0,973.0,1628802.0,137147
2023-05-10 21:07:13,FG2310,FG310,1676.0,0.0,0.0,0.0,5,1676.0,1677.0,181,1668.0,1666.0,1677.0,1663.0,973.0,1628802.0,137147
2023-05-10 21:07:13,FG2310,FG310,1676.0,5.0,8370.0,0.0,87,1675.0,1677.0,196,1668.0,1666.0,1677.0,1663.0,978.0,1637172.0,137147
2023-05-10 21:07:14,FG2310,FG310,1676.0,0.0,0.0,0.0,77,1675.0,1677.0,206,1668.0,1666.0,1677.0,1663.0,978.0,1637172.0,137147
2023-05-10 21:07:18,FG2310,FG310,1676.0,0.0,0.0,0.0,87,1675.0,1677.0,206,1668.0,1666.0,1677.0,1663.0,978.0,1637172.0,137147
2023-05-10 21:07:20,FG2310,FG310,1676.0,0.0,0.0,0.0,84,1675.0,1676.0,22,1668.0,1666.0,1677.0,1663.0,978.0,1637172.0,137147
2023-05-10 21:07:20,FG2310,FG310,1676.0,0.0,0.0,0.0,24,1675.0,1676.0,90,1668.0,1666.0,1677.0,1663.0,978.0,1637172.0,137147
2023-05-10 21:07:21,FG2310,FG310,1675.0,3.0,5022.0,0.0,7,1675.0,1676.0,175,1668.0,1666.0,1677.0,1663.0,981.0,1642194.0,137147
2023-05-10 21:07:21,FG2310,FG310,1675.0,4.0,6696.0,-1.0,88,1674.0,1676.0,192,1668.0,1666.0,1677.0,1663.0,985.0,1648890.0,137146
2023-05-10 21:07:22,FG2310,FG310,1675.0,2.0,3348.0,-1.0,105,1674.0,1676.0,181,1668.0,1666.0,1677.0,1663.0,987.0,1652238.0,137145
2023-05-10 21:07:22,FG2310,FG310,1675.0,2.0,3348.0,-1.0,101,1674.0,1676.0,180,1668.0,1666.0,1677.0,1663.0,989.0,1655586.0,137144
2023-05-10 21:07:23,FG2310,FG310,1675.0,0.0,0.0,0.0,60,1674.0,1675.0,98,1668.0,1666.0,1677.0,1663.0,989.0,1655586.0,137144
2023-05-10 21:07:23,FG2310,FG310,1675.0,120.0,200880.0,43.0,63,1674.0,1676.0,85,1668.0,1666.0,1677.0,1663.0,1109.0,1856466.0,137187
2023-05-10 21:07:24,FG2310,FG310,1675.0,0.0,0.0,0.0,83,1674.0,1675.0,8,1668.0,1666.0,1677.0,1663.0,1109.0,1856466.0,137187
2023-05-10 21:07:24,FG2310,FG310,1675.0,0.0,0.0,0.0,103,1674.0,1675.0,8,1668.0,1666.0,1677.0,1663.0,1109.0,1856466.0,137187
2023-05-10 21:07:25,FG2310,FG310,1675.0,0.0,0.0,0.0,59,1674.0,1675.0,50,1668.0,1666.0,1677.0,1663.0,1109.0,1856466.0,137187
2023-05-10 21:07:25,FG2310,FG310,1674.0,1.0,1674.0,0.0,8,1674.0,1675.0,120,1668.0,1666.0,1677.0,1663.0,1110.0,1858140.0,137187
2023-05-10 21:07:26,FG2310,FG310,1674.0,8.0,13392.0,0.0,131,1673.0,1675.0,114,1668.0,1666.0,1677.0,1663.0,1118.0,1871532.0,137187
2023-05-10 21:07:26,FG2310,FG310,1674.0,0.0,0.0,0.0,110,1673.0,1675.0,134,1668.0,1666.0,1677.0,1663.0,1118.0,1871532.0,137187
2023-05-10 21:07:26,FG2310,FG310,1674.0,0.0,0.0,0.0,100,1673.0,1675.0,144,1668.0,1666.0,1677.0,1663.0,1118.0,1871532.0,137187
2023-05-10 21:07:27,FG2310,FG310,1675.0,1.0,1674.0,0.0,100,1673.0,1675.0,143,1668.0,1666.0,1677.0,1663.0,1119.0,1873206.0,137187
2023-05-10 21:07:27,FG2310,FG310,1675.0,0.0,0.0,0.0,100,1673.0,1675.0,145,1668.0,1666.0,1677.0,1663.0,1119.0,1873206.0,137187
2023-05-10 21:07:28,FG2310,FG310,1675.0,0.0,0.0,0.0,100,1673.0,1675.0,144,1668.0,1666.0,1677.0,1663.0,1119.0,1873206.0,137187
2023-05-10 21:07:28,FG2310,FG310,1675.0,0.0,0.0,0.0,100,1673.0,1675.0,145,1668.0,1666.0,1677.0,1663.0,1119.0,1873206.0,137187
2023-05-10 21:07:29,FG2310,FG310,1675.0,0.0,0.0,0.0,90,1673.0,1675.0,145,1668.0,1666.0,1677.0,1663.0,1119.0,1873206.0,137187
2023-05-10 21:07:29,FG2310,FG310,1675.0,0.0,0.0,0.0,100,1673.0,1675.0,145,1668.0,1666.0,1677.0,1663.0,1119.0,1873206.0,137187
2023-05-10 21:07:31,FG2310,FG310,1675.0,1.0,1674.0,0.0,100,1673.0,1675.0,144,1668.0,1666.0,1677.0,1663.0,1120.0,1874880.0,137187
2023-05-10 21:07:34,FG2310,FG310,1675.0,0.0,0.0,0.0,100,1673.0,1675.0,145,1668.0,1666.0,1677.0,1663.0,1120.0,1874880.0,137187
2023-05-10 21:07:35,FG2310,FG310,1675.0,1.0,1674.0,0.0,100,1673.0,1675.0,144,1668.0,1666.0,1677.0,1663.0,1121.0,1876554.0,137187
2023-05-10 21:07:36,FG2310,FG310,1675.0,0.0,0.0,0.0,77,1673.0,1674.0,28,1668.0,1666.0,1677.0,1663.0,1121.0,1876554.0,137187
2023-05-10 21:07:37,FG2310,FG310,1673.0,24.0,40176.0,9.0,3,1673.0,1674.0,45,1668.0,1666.0,1677.0,1663.0,1145.0,1916730.0,137196
2023-05-10 21:07:37,FG2310,FG310,1673.0,7.0,11718.0,0.0,1,1673.0,1674.0,49,1668.0,1666.0,1677.0,1663.0,1152.0,1928448.0,137196
2023-05-10 21:07:37,FG2310,FG310,1673.0,6.0,10044.0,0.0,1,1673.0,1674.0,55,1668.0,1666.0,1677.0,1663.0,1158.0,1938492.0,137196
2023-05-10 21:07:39,FG2310,FG310,1674.0,1.0,1674.0,0.0,133,1672.0,1674.0,54,1668.0,1666.0,1677.0,1663.0,1159.0,1940166.0,137196
2023-05-10 21:07:40,FG2310,FG310,1674.0,0.0,0.0,0.0,113,1672.0,1674.0,55,1668.0,1666.0,1677.0,1663.0,1159.0,1940166.0,137196
2023-05-10 21:07:40,FG2310,FG310,1674.0,0.0,0.0,0.0,60,1672.0,1673.0,20,1668.0,1666.0,1677.0,1663.0,1159.0,1940166.0,137196
2023-05-10 21:07:41,FG2310,FG310,1674.0,0.0,0.0,0.0,30,1672.0,1673.0,22,1668.0,1666.0,1677.0,1663.0,1159.0,1940166.0,137196
2023-05-10 21:07:42,FG2310,FG310,1674.0,0.0,0.0,0.0,10,1672.0,1673.0,23,1668.0,1666.0,1677.0,1663.0,1159.0,1940166.0,137196
2023-05-10 21:07:42,FG2310,FG310,1672.0,8.0,13392.0,7.0,1,1672.0,1673.0,157,1668.0,1666.0,1677.0,1663.0,1167.0,1953558.0,137203
2023-05-10 21:07:42,FG2310,FG310,1672.0,1.0,1674.0,1.0,105,1671.0,1673.0,176,1668.0,1666.0,1677.0,1663.0,1168.0,1955232.0,137204
2023-05-10 21:07:43,FG2310,FG310,1672.0,0.0,0.0,0.0,95,1671.0,1673.0,186,1668.0,1666.0,1677.0,1663.0,1168.0,1955232.0,137204
2023-05-10 21:07:44,FG2310,FG310,1672.0,0.0,0.0,0.0,97,1671.0,1673.0,186,1668.0,1666.0,1677.0,1663.0,1168.0,1955232.0,137204
2023-05-10 21:07:45,FG2310,FG310,1673.0,1.0,1674.0,1.0,97,1671.0,1673.0,185,1668.0,1666.0,1677.0,1663.0,1169.0,1956906.0,137205
2023-05-10 21:07:46,FG2310,FG310,1673.0,0.0,0.0,0.0,75,1671.0,1673.0,173,1668.0,1666.0,1677.0,1663.0,1169.0,1956906.0,137205
2023-05-10 21:07:46,FG2310,FG310,1673.0,0.0,0.0,0.0,87,1671.0,1673.0,185,1668.0,1666.0,1677.0,1663.0,1169.0,1956906.0,137205
2023-05-10 21:07:48,FG2310,FG310,1671.0,1.0,1674.0,-1.0,85,1671.0,1673.0,184,1668.0,1666.0,1677.0,1663.0,1170.0,1958580.0,137204
2023-05-10 21:07:52,FG2310,FG310,1671.0,0.0,0.0,0.0,85,1671.0,1672.0,4,1668.0,1666.0,1677.0,1663.0,1170.0,1958580.0,137204
2023-05-10 21:07:53,FG2310,FG310,1672.0,12.0,20088.0,12.0,73,1671.0,1673.0,182,1668.0,1666.0,1677.0,1663.0,1182.0,1978668.0,137216
2023-05-10 21:07:53,FG2310,FG310,1672.0,0.0,0.0,0.0,73,1671.0,1673.0,184,1668.0,1666.0,1677.0,1663.0,1182.0,1978668.0,137216
2023-05-10 21:07:54,FG2310,FG310,1672.0,0.0,0.0,0.0,73,1671.0,1672.0,1,1668.0,1666.0,1677.0,1663.0,1182.0,1978668.0,137216
2023-05-10 21:07:54,FG2310,FG310,1672.0,0.0,0.0,0.0,73,1671.0,1672.0,12,1668.0,1666.0,1677.0,1663.0,1182.0,1978668.0,137216
2023-05-10 21:07:55,FG2310,FG310,1672.0,8.0,13392.0,1.0,32,1671.0,1672.0,81,1668.0,1666.0,1677.0,1663.0,1190.0,1992060.0,137217
2023-05-10 21:07:56,FG2310,FG310,1671.0,9.0,15066.0,2.0,111,1670.0,1672.0,144,1668.0,1666.0,1677.0,1663.0,1199.0,2007126.0,137219
2023-05-10 21:07:56,FG2310,FG310,1671.0,0.0,0.0,0.0,71,1670.0,1672.0,174,1668.0,1666.0,1677.0,1663.0,1199.0,2007126.0,137219
2023-05-10 21:08:00,FG2310,FG310,1671.0,0.0,0.0,0.0,70,1670.0,1672.0,174,1668.0,1666.0,1677.0,1663.0,1199.0,2007126.0,137219
2023-05-10 21:08:02,FG2310,FG310,1671.0,0.0,0.0,0.0,80,1670.0,1672.0,174,1668.0,1666.0,1677.0,1663.0,1199.0,2007126.0,137219
2023-05-10 21:08:06,FG2310,FG310,1671.0,0.0,0.0,0.0,77,1670.0,1671.0,63,1668.0,1666.0,1677.0,1663.0,1199.0,2007126.0,137219
2023-05-10 21:08:06,FG2310,FG310,1670.0,56.0,93744.0,44.0,113,1669.0,1670.0,15,1668.0,1666.0,1677.0,1663.0,1255.0,2100870.0,137263
2023-05-10 21:08:07,FG2310,FG310,1670.0,19.0,31806.0,-10.0,31,1669.0,1670.0,9,1668.0,1666.0,1677.0,1663.0,1274.0,2132676.0,137253
2023-05-10 21:08:07,FG2310,FG310,1670.0,7.0,11718.0,0.0,26,1669.0,1670.0,9,1668.0,1666.0,1677.0,1663.0,1281.0,2144394.0,137253
2023-05-10 21:08:08,FG2310,FG310,1670.0,11.0,18414.0,-1.0,29,1669.0,1671.0,169,1668.0,1666.0,1677.0,1663.0,1292.0,2162808.0,137252
2023-05-10 21:08:08,FG2310,FG310,1670.0,0.0,0.0,0.0,29,1669.0,1671.0,166,1668.0,1666.0,1677.0,1663.0,1292.0,2162808.0,137252
2023-05-10 21:08:11,FG2310,FG310,1670.0,0.0,0.0,0.0,9,1670.0,1671.0,112,1668.0,1666.0,1677.0,1663.0,1292.0,2162808.0,137252
2023-05-10 21:08:11,FG2310,FG310,1670.0,0.0,0.0,0.0,81,1669.0,1671.0,106,1668.0,1666.0,1677.0,1663.0,1292.0,2162808.0,137252
2023-05-10 21:08:12,FG2310,FG310,1670.0,0.0,0.0,0.0,78,1669.0,1671.0,166,1668.0,1666.0,1677.0,1663.0,1292.0,2162808.0,137252
2023-05-10 21:08:17,FG2310,FG310,1670.0,0.0,0.0,0.0,32,1669.0,1670.0,97,1668.0,1666.0,1677.0,1663.0,1292.0,2162808.0,137252
2023-05-10 21:08:17,FG2310,FG310,1670.0,0.0,0.0,0.0,119,1668.0,1670.0,136,1668.0,1666.0,1677.0,1663.0,1292.0,2162808.0,137252
2023-05-10 21:08:17,FG2310,FG310,1670.0,0.0,0.0,0.0,89,1668.0,1670.0,166,1668.0,1666.0,1677.0,1663.0,1292.0,2162808.0,137252
2023-05-10 21:08:21,FG2310,FG310,1670.0,0.0,0.0,0.0,89,1668.0,1669.0,1,1668.0,1666.0,1677.0,1663.0,1292.0,2162808.0,137252
2023-05-10 21:08:21,FG2310,FG310,1670.0,0.0,0.0,0.0,89,1668.0,1669.0,10,1668.0,1666.0,1677.0,1663.0,1292.0,2162808.0,137252
2023-05-10 21:08:24,FG2310,FG310,1668.0,9.0,15066.0,1.0,60,1668.0,1669.0,7,1668.0,1666.0,1677.0,1663.0,1301.0,2177874.0,137253
2023-05-10 21:08:25,FG2310,FG310,1668.0,0.0,0.0,0.0,19,1668.0,1669.0,74,1668.0,1666.0,1677.0,1663.0,1301.0,2177874.0,137253
2023-05-10 21:08:25,FG2310,FG310,1668.0,0.0,0.0,0.0,6,1668.0,1669.0,134,1668.0,1666.0,1677.0,1663.0,1301.0,2177874.0,137253
2023-05-10 21:08:26,FG2310,FG310,1668.0,5.0,8370.0,5.0,103,1667.0,1669.0,131,1668.0,1666.0,1677.0,1663.0,1306.0,2186244.0,137258
2023-05-10 21:08:26,FG2310,FG310,1668.0,0.0,0.0,0.0,33,1667.0,1669.0,151,1668.0,1666.0,1677.0,1663.0,1306.0,2186244.0,137258
2023-05-10 21:08:26,FG2310,FG310,1668.0,0.0,0.0,0.0,20,1667.0,1669.0,161,1668.0,1666.0,1677.0,1663.0,1306.0,2186244.0,137258
2023-05-10 21:08:27,FG2310,FG310,1668.0,0.0,0.0,0.0,20,1667.0,1668.0,1,1668.0,1666.0,1677.0,1663.0,1306.0,2186244.0,137258
2023-05-10 21:08:28,FG2310,FG310,1668.0,2.0,3348.0,0.0,33,1667.0,1668.0,10,1668.0,1666.0,1677.0,1663.0,1308.0,2189592.0,137258
2023-05-10 21:08:28,FG2310,FG310,1667.0,16.0,26784.0,4.0,95,1666.0,1667.0,2,1668.0,1666.0,1677.0,1663.0,1324.0,2216376.0,137262
2023-05-10 21:08:29,FG2310,FG310,1666.0,22.0,36828.0,16.0,80,1665.0,1667.0,66,1668.0,1666.0,1677.0,1663.0,1346.0,2253204.0,137278
2023-05-10 21:08:29,FG2310,FG310,1666.0,0.0,0.0,0.0,60,1665.0,1667.0,126,1668.0,1666.0,1677.0,1663.0,1346.0,2253204.0,137278
2023-05-10 21:08:30,FG2310,FG310,1666.0,0.0,0.0,0.0,37,1665.0,1667.0,147,1668.0,1666.0,1677.0,1663.0,1346.0,2253204.0,137278
2023-05-10 21:08:30,FG2310,FG310,1666.0,0.0,0.0,0.0,26,1665.0,1667.0,156,1668.0,1666.0,1677.0,1663.0,1346.0,2253204.0,137278
2023-05-10 21:08:32,FG2310,FG310,1666.0,0.0,0.0,0.0,26,1665.0,1667.0,147,1668.0,1666.0,1677.0,1663.0,1346.0,2253204.0,137278
2023-05-10 21:08:32,FG2310,FG310,1666.0,0.0,0.0,0.0,7,1666.0,1667.0,108,1668.0,1666.0,1677.0,1663.0,1346.0,2253204.0,137278
2023-05-10 21:08:33,FG2310,FG310,1666.0,0.0,0.0,0.0,29,1666.0,1667.0,37,1668.0,1666.0,1677.0,1663.0,1346.0,2253204.0,137278
2023-05-10 21:08:33,FG2310,FG310,1666.0,0.0,0.0,0.0,26,1666.0,1667.0,17,1668.0,1666.0,1677.0,1663.0,1346.0,2253204.0,137278
2023-05-10 21:08:35,FG2310,FG310,1666.0,1.0,1674.0,1.0,25,1666.0,1667.0,17,1668.0,1666.0,1677.0,1663.0,1347.0,2254878.0,137279
2023-05-10 21:08:36,FG2310,FG310,1667.0,17.0,27094.0,6.0,26,1666.0,1667.0,2,1668.0,1666.0,1677.0,1663.0,1364.0,2281972.0,137285
2023-05-10 21:08:37,FG2310,FG310,1668.0,4.0,6692.0,0.0,26,1667.0,1668.0,49,1668.0,1666.0,1677.0,1663.0,1368.0,2288664.0,137285
2023-05-10 21:08:37,FG2310,FG310,1668.0,2.0,3346.0,0.0,23,1667.0,1668.0,7,1668.0,1666.0,1677.0,1663.0,1370.0,2292010.0,137285
2023-05-10 21:08:38,FG2310,FG310,1668.0,14.0,23422.0,3.0,133,1667.0,1669.0,151,1668.0,1666.0,1677.0,1663.0,1384.0,2315432.0,137288
2023-05-10 21:08:38,FG2310,FG310,1667.0,3.0,5019.0,0.0,39,1667.0,1668.0,56,1668.0,1666.0,1677.0,1663.0,1387.0,2320451.0,137288
2023-05-10 21:08:39,FG2310,FG310,1667.0,4.0,6692.0,0.0,3,1667.0,1668.0,114,1668.0,1666.0,1677.0,1663.0,1391.0,2327143.0,137288
2023-05-10 21:08:39,FG2310,FG310,1667.0,3.0,5019.0,2.0,197,1666.0,1668.0,121,1668.0,1666.0,1677.0,1663.0,1394.0,2332162.0,137290
2023-05-10 21:08:40,FG2310,FG310,1667.0,0.0,0.0,0.0,100,1667.0,1668.0,91,1668.0,1666.0,1677.0,1663.0,1394.0,2332162.0,137290
2023-05-10 21:08:40,FG2310,FG310,1668.0,3.0,5019.0,0.0,169,1667.0,1668.0,14,1668.0,1666.0,1677.0,1663.0,1397.0,2337181.0,137290
2023-05-10 21:08:41,FG2310,FG310,1668.0,23.0,38479.0,9.0,5,1668.0,1669.0,115,1668.0,1666.0,1677.0,1663.0,1420.0,2375660.0,137299
2023-05-10 21:08:41,FG2310,FG310,1668.0,5.0,8365.0,5.0,2,1668.0,1669.0,100,1668.0,1666.0,1677.0,1663.0,1425.0,2384025.0,137304
2023-05-10 21:08:42,FG2310,FG310,1668.0,2.0,3346.0,2.0,181,1667.0,1669.0,98,1668.0,1666.0,1677.0,1663.0,1427.0,2387371.0,137306
2023-05-10 21:08:42,FG2310,FG310,1668.0,0.0,0.0,0.0,181,1667.0,1669.0,108,1668.0,1666.0,1677.0,1663.0,1427.0,2387371.0,137306
2023-05-10 21:08:44,FG2310,FG310,1668.0,0.0,0.0,0.0,191,1667.0,1669.0,109,1668.0,1666.0,1677.0,1663.0,1427.0,2387371.0,137306
2023-05-10 21:08:44,FG2310,FG310,1668.0,0.0,0.0,0.0,191,1667.0,1669.0,108,1668.0,1666.0,1677.0,1663.0,1427.0,2387371.0,137306
2023-05-10 21:08:46,FG2310,FG310,1668.0,0.0,0.0,0.0,194,1667.0,1669.0,107,1668.0,1666.0,1677.0,1663.0,1427.0,2387371.0,137306
2023-05-10 21:08:48,FG2310,FG310,1668.0,0.0,0.0,0.0,193,1667.0,1669.0,107,1668.0,1666.0,1677.0,1663.0,1427.0,2387371.0,137306
2023-05-10 21:08:48,FG2310,FG310,1668.0,0.0,0.0,0.0,191,1667.0,1669.0,107,1668.0,1666.0,1677.0,1663.0,1427.0,2387371.0,137306
2023-05-10 21:08:49,FG2310,FG310,1668.0,0.0,0.0,0.0,94,1667.0,1668.0,16,1668.0,1666.0,1677.0,1663.0,1427.0,2387371.0,137306
2023-05-10 21:08:49,FG2310,FG310,1667.0,4.0,6692.0,4.0,14,1667.0,1668.0,47,1668.0,1666.0,1677.0,1663.0,1431.0,2394063.0,137310
2023-05-10 21:08:50,FG2310,FG310,1667.0,2.0,3346.0,2.0,7,1667.0,1668.0,55,1668.0,1666.0,1677.0,1663.0,1433.0,2397409.0,137312
2023-05-10 21:08:50,FG2310,FG310,1667.0,2.0,3346.0,0.0,5,1667.0,1668.0,53,1668.0,1666.0,1677.0,1663.0,1435.0,2400755.0,137312
2023-05-10 21:08:51,FG2310,FG310,1667.0,6.0,10038.0,0.0,6,1667.0,1668.0,57,1668.0,1666.0,1677.0,1663.0,1441.0,2410793.0,137312
2023-05-10 21:08:51,FG2310,FG310,1667.0,6.0,10038.0,0.0,201,1666.0,1668.0,131,1668.0,1666.0,1677.0,1663.0,1447.0,2420831.0,137312
2023-05-10 21:08:53,FG2310,FG310,1668.0,3.0,5019.0,3.0,201,1666.0,1668.0,128,1668.0,1666.0,1677.0,1663.0,1450.0,2425850.0,137315
2023-05-10 21:08:56,FG2310,FG310,1668.0,0.0,0.0,0.0,97,1667.0,1668.0,95,1668.0,1666.0,1677.0,1663.0,1450.0,2425850.0,137315
2023-05-10 21:08:56,FG2310,FG310,1668.0,0.0,0.0,0.0,72,1667.0,1668.0,68,1668.0,1666.0,1677.0,1663.0,1450.0,2425850.0,137315
2023-05-10 21:08:57,FG2310,FG310,1668.0,0.0,0.0,0.0,22,1667.0,1668.0,118,1668.0,1666.0,1677.0,1663.0,1450.0,2425850.0,137315
2023-05-10 21:08:57,FG2310,FG310,1668.0,0.0,0.0,0.0,216,1666.0,1668.0,118,1668.0,1666.0,1677.0,1663.0,1450.0,2425850.0,137315
2023-05-10 21:08:58,FG2310,FG310,1668.0,0.0,0.0,0.0,7,1667.0,1668.0,118,1668.0,1666.0,1677.0,1663.0,1450.0,2425850.0,137315
2023-05-10 21:08:58,FG2310,FG310,1667.0,4.0,6692.0,0.0,3,1667.0,1668.0,114,1668.0,1666.0,1677.0,1663.0,1454.0,2432542.0,137315
2023-05-10 21:08:58,FG2310,FG310,1667.0,3.0,5019.0,0.0,207,1666.0,1668.0,121,1668.0,1666.0,1677.0,1663.0,1457.0,2437561.0,137315
2023-05-10 21:08:59,FG2310,FG310,1667.0,0.0,0.0,0.0,197,1666.0,1668.0,121,1668.0,1666.0,1677.0,1663.0,1457.0,2437561.0,137315
2023-05-10 21:09:01,FG2310,FG310,1667.0,0.0,0.0,0.0,198,1666.0,1668.0,121,1668.0,1666.0,1677.0,1663.0,1457.0,2437561.0,137315
2023-05-10 21:09:02,FG2310,FG310,1667.0,0.0,0.0,0.0,197,1666.0,1668.0,121,1668.0,1666.0,1677.0,1663.0,1457.0,2437561.0,137315
2023-05-10 21:09:02,FG2310,FG310,1667.0,0.0,0.0,0.0,207,1666.0,1668.0,121,1668.0,1666.0,1677.0,1663.0,1457.0,2437561.0,137315
2023-05-10 21:09:06,FG2310,FG310,1667.0,0.0,0.0,0.0,207,1666.0,1668.0,111,1668.0,1666.0,1677.0,1663.0,1457.0,2437561.0,137315
2023-05-10 21:09:06,FG2310,FG310,1667.0,0.0,0.0,0.0,208,1666.0,1668.0,111,1668.0,1666.0,1677.0,1663.0,1457.0,2437561.0,137315
2023-05-10 21:09:07,FG2310,FG310,1667.0,0.0,0.0,0.0,159,1667.0,1668.0,40,1668.0,1666.0,1677.0,1663.0,1457.0,2437561.0,137315
2023-05-10 21:09:08,FG2310,FG310,1669.0,32.0,53536.0,10.0,4,1668.0,1669.0,91,1668.0,1666.0,1677.0,1663.0,1489.0,2491097.0,137325
2023-05-10 21:09:09,FG2310,FG310,1668.0,4.0,6692.0,4.0,179,1667.0,1669.0,87,1668.0,1666.0,1677.0,1663.0,1493.0,2497789.0,137329
2023-05-10 21:09:09,FG2310,FG310,1668.0,0.0,0.0,0.0,169,1667.0,1669.0,107,1668.0,1666.0,1677.0,1663.0,1493.0,2497789.0,137329
2023-05-10 21:09:11,FG2310,FG310,1668.0,0.0,0.0,0.0,84,1667.0,1668.0,15,1668.0,1666.0,1677.0,1663.0,1493.0,2497789.0,137329
2023-05-10 21:09:12,FG2310,FG310,1667.0,1.0,1673.0,1.0,24,1667.0,1668.0,46,1668.0,1666.0,1677.0,1663.0,1494.0,2499462.0,137330
2023-05-10 21:09:12,FG2310,FG310,1667.0,2.0,3346.0,2.0,186,1666.0,1668.0,54,1668.0,1666.0,1677.0,1663.0,1496.0,2502808.0,137332
2023-05-10 21:09:13,FG2310,FG310,1667.0,0.0,0.0,0.0,195,1666.0,1668.0,64,1668.0,1666.0,1677.0,1663.0,1496.0,2502808.0,137332
2023-05-10 21:09:13,FG2310,FG310,1667.0,0.0,0.0,0.0,185,1666.0,1668.0,102,1668.0,1666.0,1677.0,1663.0,1496.0,2502808.0,137332
2023-05-10 21:09:14,FG2310,FG310,1667.0,0.0,0.0,0.0,90,1666.0,1667.0,12,1668.0,1666.0,1677.0,1663.0,1496.0,2502808.0,137332
2023-05-10 21:09:14,FG2310,FG310,1666.0,28.0,46844.0,22.0,30,1666.0,1667.0,44,1668.0,1666.0,1677.0,1663.0,1524.0,2549652.0,137354
2023-05-10 21:09:15,FG2310,FG310,1666.0,0.0,0.0,0.0,167,1665.0,1667.0,54,1668.0,1666.0,1677.0,1663.0,1524.0,2549652.0,137354
2023-05-10 21:09:16,FG2310,FG310,1666.0,0.0,0.0,0.0,8,1666.0,1667.0,84,1668.0,1666.0,1677.0,1663.0,1524.0,2549652.0,137354
2023-05-10 21:09:16,FG2310,FG310,1666.0,7.0,11711.0,0.0,187,1665.0,1667.0,187,1668.0,1666.0,1677.0,1663.0,1531.0,2561363.0,137354
2023-05-10 21:09:17,FG2310,FG310,1666.0,0.0,0.0,0.0,157,1665.0,1667.0,207,1668.0,1666.0,1677.0,1663.0,1531.0,2561363.0,137354
2023-05-10 21:09:17,FG2310,FG310,1666.0,0.0,0.0,0.0,147,1665.0,1667.0,217,1668.0,1666.0,1677.0,1663.0,1531.0,2561363.0,137354
2023-05-10 21:09:18,FG2310,FG310,1666.0,0.0,0.0,0.0,157,1665.0,1667.0,217,1668.0,1666.0,1677.0,1663.0,1531.0,2561363.0,137354
2023-05-10 21:09:21,FG2310,FG310,1666.0,0.0,0.0,0.0,1,1666.0,1667.0,217,1668.0,1666.0,1677.0,1663.0,1531.0,2561363.0,137354
2023-05-10 21:09:22,FG2310,FG310,1666.0,9.0,15057.0,0.0,133,1666.0,1667.0,41,1668.0,1666.0,1677.0,1663.0,1540.0,2576420.0,137354
2023-05-10 21:09:22,FG2310,FG310,1667.0,12.0,20076.0,2.0,126,1666.0,1667.0,8,1668.0,1666.0,1677.0,1663.0,1552.0,2596496.0,137356
2023-05-10 21:09:23,FG2310,FG310,1667.0,3.0,5019.0,-3.0,133,1666.0,1667.0,6,1668.0,1666.0,1677.0,1663.0,1555.0,2601515.0,137353
2023-05-10 21:09:23,FG2310,FG310,1667.0,2.0,3346.0,-2.0,131,1666.0,1667.0,3,1668.0,1666.0,1677.0,1663.0,1557.0,2604861.0,137351
2023-05-10 21:09:24,FG2310,FG310,1667.0,3.0,5019.0,-2.0,128,1666.0,1667.0,7,1668.0,1666.0,1677.0,1663.0,1560.0,2609880.0,137349
2023-05-10 21:09:24,FG2310,FG310,1667.0,14.0,23422.0,0.0,114,1666.0,1668.0,208,1668.0,1666.0,1677.0,1663.0,1574.0,2633302.0,137349
2023-05-10 21:09:25,FG2310,FG310,1667.0,0.0,0.0,0.0,114,1666.0,1668.0,198,1668.0,1666.0,1677.0,1663.0,1574.0,2633302.0,137349
2023-05-10 21:09:26,FG2310,FG310,1667.0,0.0,0.0,0.0,10,1667.0,1668.0,101,1668.0,1666.0,1677.0,1663.0,1574.0,2633302.0,137349
2023-05-10 21:09:26,FG2310,FG310,1667.0,0.0,0.0,0.0,83,1667.0,1668.0,21,1668.0,1666.0,1677.0,1663.0,1574.0,2633302.0,137349
2023-05-10 21:09:26,FG2310,FG310,1667.0,0.0,0.0,0.0,113,1667.0,1668.0,11,1668.0,1666.0,1677.0,1663.0,1574.0,2633302.0,137349
2023-05-10 21:09:28,FG2310,FG310,1668.0,6.0,10038.0,0.0,107,1667.0,1668.0,3,1668.0,1666.0,1677.0,1663.0,1580.0,2643340.0,137349
2023-05-10 21:09:29,FG2310,FG310,1668.0,4.0,6692.0,0.0,103,1667.0,1668.0,8,1668.0,1666.0,1677.0,1663.0,1584.0,2650032.0,137349
2023-05-10 21:09:29,FG2310,FG310,1668.0,16.0,26768.0,2.0,91,1667.0,1668.0,3,1668.0,1666.0,1677.0,1663.0,1600.0,2676800.0,137351
2023-05-10 21:09:31,FG2310,FG310,1668.0,5.0,8365.0,0.0,86,1667.0,1668.0,7,1668.0,1666.0,1677.0,1663.0,1605.0,2685165.0,137351
2023-05-10 21:09:31,FG2310,FG310,1668.0,7.0,11711.0,2.0,99,1667.0,1669.0,212,1668.0,1666.0,1677.0,1663.0,1612.0,2696876.0,137353
2023-05-10 21:09:33,FG2310,FG310,1668.0,0.0,0.0,0.0,99,1667.0,1669.0,209,1668.0,1666.0,1677.0,1663.0,1612.0,2696876.0,137353
2023-05-10 21:09:34,FG2310,FG310,1669.0,1.0,1673.0,0.0,99,1667.0,1669.0,208,1668.0,1666.0,1677.0,1663.0,1613.0,2698549.0,137353
2023-05-10 21:09:37,FG2310,FG310,1669.0,0.0,0.0,0.0,100,1667.0,1669.0,208,1668.0,1666.0,1677.0,1663.0,1613.0,2698549.0,137353
2023-05-10 21:09:38,FG2310,FG310,1669.0,0.0,0.0,0.0,82,1667.0,1668.0,96,1668.0,1666.0,1677.0,1663.0,1613.0,2698549.0,137353
2023-05-10 21:09:38,FG2310,FG310,1669.0,0.0,0.0,0.0,32,1667.0,1668.0,168,1668.0,1666.0,1677.0,1663.0,1613.0,2698549.0,137353
2023-05-10 21:09:38,FG2310,FG310,1669.0,0.0,0.0,0.0,12,1667.0,1668.0,168,1668.0,1666.0,1677.0,1663.0,1613.0,2698549.0,137353
2023-05-10 21:09:39,FG2310,FG310,1669.0,0.0,0.0,0.0,11,1667.0,1668.0,168,1668.0,1666.0,1677.0,1663.0,1613.0,2698549.0,137353
2023-05-10 21:09:40,FG2310,FG310,1666.0,12.0,18451.0,5.0,108,1666.0,1667.0,84,1668.0,1666.0,1677.0,1663.0,1625.0,2717000.0,137358
2023-05-10 21:09:40,FG2310,FG310,1667.0,79.0,132088.0,57.0,61,1665.0,1667.0,111,1668.0,1666.0,1677.0,1663.0,1704.0,2849088.0,137415
2023-05-10 21:09:41,FG2310,FG310,1667.0,0.0,0.0,0.0,39,1665.0,1667.0,138,1668.0,1666.0,1677.0,1663.0,1704.0,2849088.0,137415
2023-05-10 21:09:41,FG2310,FG310,1667.0,0.0,0.0,0.0,29,1665.0,1667.0,148,1668.0,1666.0,1677.0,1663.0,1704.0,2849088.0,137415
2023-05-10 21:09:41,FG2310,FG310,1667.0,0.0,0.0,0.0,29,1665.0,1667.0,158,1668.0,1666.0,1677.0,1663.0,1704.0,2849088.0,137415
2023-05-10 21:09:42,FG2310,FG310,1667.0,0.0,0.0,0.0,29,1665.0,1667.0,148,1668.0,1666.0,1677.0,1663.0,1704.0,2849088.0,137415
2023-05-10 21:09:42,FG2310,FG310,1667.0,0.0,0.0,0.0,29,1665.0,1667.0,158,1668.0,1666.0,1677.0,1663.0,1704.0,2849088.0,137415
2023-05-10 21:09:43,FG2310,FG310,1667.0,0.0,0.0,0.0,28,1665.0,1667.0,158,1668.0,1666.0,1677.0,1663.0,1704.0,2849088.0,137415
2023-05-10 21:09:44,FG2310,FG310,1667.0,0.0,0.0,0.0,28,1665.0,1667.0,148,1668.0,1666.0,1677.0,1663.0,1704.0,2849088.0,137415
2023-05-10 21:09:47,FG2310,FG310,1666.0,10.0,16720.0,3.0,48,1665.0,1667.0,118,1668.0,1666.0,1677.0,1663.0,1714.0,2865808.0,137418
2023-05-10 21:09:47,FG2310,FG310,1666.0,0.0,0.0,0.0,28,1665.0,1667.0,138,1668.0,1666.0,1677.0,1663.0,1714.0,2865808.0,137418
2023-05-10 21:09:48,FG2310,FG310,1666.0,0.0,0.0,0.0,28,1665.0,1667.0,148,1668.0,1666.0,1677.0,1663.0,1714.0,2865808.0,137418
2023-05-10 21:09:54,FG2310,FG310,1666.0,1.0,1672.0,-1.0,1,1666.0,1667.0,148,1668.0,1666.0,1677.0,1663.0,1715.0,2867480.0,137417
2023-05-10 21:09:54,FG2310,FG310,1666.0,1.0,1672.0,1.0,67,1665.0,1666.0,1,1668.0,1666.0,1677.0,1663.0,1716.0,2869152.0,137418
2023-05-10 21:09:55,FG2310,FG310,1666.0,0.0,0.0,0.0,87,1665.0,1666.0,5,1668.0,1666.0,1677.0,1663.0,1716.0,2869152.0,137418
2023-05-10 21:09:55,FG2310,FG310,1666.0,6.0,10032.0,-1.0,1,1666.0,1667.0,147,1668.0,1666.0,1677.0,1663.0,1722.0,2879184.0,137417
2023-05-10 21:09:55,FG2310,FG310,1666.0,0.0,0.0,0.0,3,1666.0,1667.0,117,1668.0,1666.0,1677.0,1663.0,1722.0,2879184.0,137417
2023-05-10 21:09:56,FG2310,FG310,1666.0,11.0,18392.0,2.0,1,1666.0,1667.0,117,1668.0,1666.0,1677.0,1663.0,1733.0,2897576.0,137419
2023-05-10 21:09:57,FG2310,FG310,1666.0,1.0,1672.0,1.0,113,1665.0,1667.0,106,1668.0,1666.0,1677.0,1663.0,1734.0,2899248.0,137420
2023-05-10 21:09:57,FG2310,FG310,1666.0,0.0,0.0,0.0,93,1665.0,1666.0,1,1668.0,1666.0,1677.0,1663.0,1734.0,2899248.0,137420
2023-05-10 21:09:58,FG2310,FG310,1666.0,4.0,6688.0,-1.0,1,1666.0,1667.0,136,1668.0,1666.0,1677.0,1663.0,1738.0,2905936.0,137419
2023-05-10 21:09:58,FG2310,FG310,1666.0,17.0,28424.0,3.0,130,1665.0,1667.0,89,1668.0,1666.0,1677.0,1663.0,1755.0,2934360.0,137422
2023-05-10 21:09:59,FG2310,FG310,1666.0,0.0,0.0,0.0,110,1665.0,1666.0,3,1668.0,1666.0,1677.0,1663.0,1755.0,2934360.0,137422
2023-05-10 21:09:59,FG2310,FG310,1666.0,10.0,16720.0,0.0,91,1665.0,1666.0,1,1668.0,1666.0,1677.0,1663.0,1765.0,2951080.0,137422
2023-05-10 21:10:00,FG2310,FG310,1666.0,0.0,0.0,0.0,91,1665.0,1666.0,12,1668.0,1666.0,1677.0,1663.0,1765.0,2951080.0,137422
2023-05-10 21:10:02,FG2310,FG310,1666.0,12.0,20064.0,0.0,83,1665.0,1667.0,120,1668.0,1666.0,1677.0,1663.0,1777.0,2971144.0,137422
2023-05-10 21:10:03,FG2310,FG310,1666.0,1.0,1672.0,-1.0,5,1666.0,1667.0,112,1668.0,1666.0,1677.0,1663.0,1778.0,2972816.0,137421
2023-05-10 21:10:03,FG2310,FG310,1666.0,0.0,0.0,0.0,5,1666.0,1667.0,102,1668.0,1666.0,1677.0,1663.0,1778.0,2972816.0,137421
2023-05-10 21:10:04,FG2310,FG310,1666.0,0.0,0.0,0.0,5,1666.0,1667.0,99,1668.0,1666.0,1677.0,1663.0,1778.0,2972816.0,137421
2023-05-10 21:10:04,FG2310,FG310,1666.0,0.0,0.0,0.0,12,1666.0,1667.0,89,1668.0,1666.0,1677.0,1663.0,1778.0,2972816.0,137421
2023-05-10 21:10:05,FG2310,FG310,1666.0,0.0,0.0,0.0,13,1666.0,1667.0,89,1668.0,1666.0,1677.0,1663.0,1778.0,2972816.0,137421
2023-05-10 21:10:06,FG2310,FG310,1666.0,20.0,33440.0,-20.0,13,1666.0,1667.0,89,1668.0,1666.0,1677.0,1663.0,1798.0,3006256.0,137401
2023-05-10 21:10:07,FG2310,FG310,1666.0,20.0,33440.0,6.0,133,1665.0,1667.0,122,1668.0,1666.0,1677.0,1663.0,1818.0,3039696.0,137407
2023-05-10 21:10:07,FG2310,FG310,1666.0,3.0,5016.0,0.0,120,1665.0,1667.0,144,1668.0,1666.0,1677.0,1663.0,1821.0,3044712.0,137407
2023-05-10 21:10:08,FG2310,FG310,1666.0,1.0,1672.0,-1.0,10,1666.0,1667.0,134,1668.0,1666.0,1677.0,1663.0,1822.0,3046384.0,137406
2023-05-10 21:10:08,FG2310,FG310,1666.0,0.0,0.0,0.0,39,1666.0,1667.0,51,1668.0,1666.0,1677.0,1663.0,1822.0,3046384.0,137406
2023-05-10 21:10:09,FG2310,FG310,1666.0,0.0,0.0,0.0,69,1666.0,1667.0,11,1668.0,1666.0,1677.0,1663.0,1822.0,3046384.0,137406
2023-05-10 21:10:09,FG2310,FG310,1666.0,0.0,0.0,0.0,99,1666.0,1667.0,11,1668.0,1666.0,1677.0,1663.0,1822.0,3046384.0,137406
2023-05-10 21:10:11,FG2310,FG310,1666.0,0.0,0.0,0.0,45,1666.0,1667.0,92,1668.0,1666.0,1677.0,1663.0,1822.0,3046384.0,137406
2023-05-10 21:10:12,FG2310,FG310,1666.0,0.0,0.0,0.0,5,1666.0,1667.0,135,1668.0,1666.0,1677.0,1663.0,1822.0,3046384.0,137406
2023-05-10 21:10:12,FG2310,FG310,1666.0,0.0,0.0,0.0,3,1666.0,1667.0,135,1668.0,1666.0,1677.0,1663.0,1822.0,3046384.0,137406
2023-05-10 21:10:13,FG2310,FG310,1666.0,0.0,0.0,0.0,12,1666.0,1667.0,135,1668.0,1666.0,1677.0,1663.0,1822.0,3046384.0,137406
2023-05-10 21:10:14,FG2310,FG310,1666.0,12.0,20064.0,5.0,127,1665.0,1667.0,124,1668.0,1666.0,1677.0,1663.0,1834.0,3066448.0,137411
2023-05-10 21:10:14,FG2310,FG310,1666.0,0.0,0.0,0.0,118,1665.0,1666.0,5,1668.0,1666.0,1677.0,1663.0,1834.0,3066448.0,137411
2023-05-10 21:10:15,FG2310,FG310,1666.0,0.0,0.0,0.0,108,1665.0,1666.0,12,1668.0,1666.0,1677.0,1663.0,1834.0,3066448.0,137411
2023-05-10 21:10:15,FG2310,FG310,1666.0,2.0,3344.0,0.0,107,1665.0,1666.0,10,1668.0,1666.0,1677.0,1663.0,1836.0,3069792.0,137411
2023-05-10 21:10:16,FG2310,FG310,1666.0,17.0,28424.0,0.0,106,1665.0,1666.0,1,1668.0,1666.0,1677.0,1663.0,1853.0,3098216.0,137411
2023-05-10 21:10:16,FG2310,FG310,1666.0,2.0,3344.0,0.0,105,1665.0,1666.0,8,1668.0,1666.0,1677.0,1663.0,1855.0,3101560.0,137411
2023-05-10 21:10:17,FG2310,FG310,1666.0,15.0,25080.0,0.0,77,1665.0,1666.0,2,1668.0,1666.0,1677.0,1663.0,1870.0,3126640.0,137411
2023-05-10 21:10:17,FG2310,FG310,1666.0,6.0,10032.0,0.0,71,1665.0,1666.0,32,1668.0,1666.0,1677.0,1663.0,1876.0,3136672.0,137411
2023-05-10 21:10:18,FG2310,FG310,1666.0,0.0,0.0,0.0,21,1665.0,1666.0,77,1668.0,1666.0,1677.0,1663.0,1876.0,3136672.0,137411
2023-05-10 21:10:18,FG2310,FG310,1666.0,0.0,0.0,0.0,11,1665.0,1666.0,117,1668.0,1666.0,1677.0,1663.0,1876.0,3136672.0,137411
2023-05-10 21:10:21,FG2310,FG310,1666.0,58.0,95042.0,44.0,29,1665.0,1667.0,73,1668.0,1666.0,1677.0,1663.0,1934.0,3231714.0,137455
2023-05-10 21:10:21,FG2310,FG310,1666.0,4.0,6684.0,2.0,50,1665.0,1667.0,79,1668.0,1666.0,1677.0,1663.0,1938.0,3238398.0,137457
2023-05-10 21:10:22,FG2310,FG310,1666.0,0.0,0.0,0.0,78,1665.0,1666.0,3,1668.0,1666.0,1677.0,1663.0,1938.0,3238398.0,137457
2023-05-10 21:10:22,FG2310,FG310,1666.0,0.0,0.0,0.0,90,1665.0,1666.0,10,1668.0,1666.0,1677.0,1663.0,1938.0,3238398.0,137457
2023-05-10 21:10:23,FG2310,FG310,1666.0,2.0,3342.0,0.0,89,1665.0,1666.0,10,1668.0,1666.0,1677.0,1663.0,1940.0,3241740.0,137457
2023-05-10 21:10:23,FG2310,FG310,1666.0,3.0,5013.0,-2.0,86,1665.0,1666.0,7,1668.0,1666.0,1677.0,1663.0,1943.0,3246753.0,137455
2023-05-10 21:10:24,FG2310,FG310,1666.0,5.0,8355.0,-5.0,91,1665.0,1666.0,7,1668.0,1666.0,1677.0,1663.0,1948.0,3255108.0,137450
2023-05-10 21:10:24,FG2310,FG310,1666.0,1.0,1671.0,0.0,90,1665.0,1666.0,6,1668.0,1666.0,1677.0,1663.0,1949.0,3256779.0,137450
2023-05-10 21:10:25,FG2310,FG310,1666.0,6.0,10026.0,0.0,85,1665.0,1666.0,1,1668.0,1666.0,1677.0,1663.0,1955.0,3266805.0,137450
2023-05-10 21:10:25,FG2310,FG310,1666.0,8.0,13368.0,3.0,90,1665.0,1666.0,2,1668.0,1666.0,1677.0,1663.0,1963.0,3280173.0,137453
2023-05-10 21:10:26,FG2310,FG310,1666.0,8.0,13368.0,7.0,1,1666.0,1667.0,122,1668.0,1666.0,1677.0,1663.0,1971.0,3293541.0,137460
2023-05-10 21:10:26,FG2310,FG310,1666.0,0.0,0.0,0.0,3,1666.0,1667.0,102,1668.0,1666.0,1677.0,1663.0,1971.0,3293541.0,137460
2023-05-10 21:10:27,FG2310,FG310,1666.0,11.0,18381.0,3.0,122,1665.0,1667.0,98,1668.0,1666.0,1677.0,1663.0,1982.0,3311922.0,137463
2023-05-10 21:10:27,FG2310,FG310,1666.0,3.0,5013.0,2.0,1,1666.0,1667.0,108,1668.0,1666.0,1677.0,1663.0,1985.0,3316935.0,137465
2023-05-10 21:10:28,FG2310,FG310,1666.0,0.0,0.0,0.0,12,1666.0,1667.0,88,1668.0,1666.0,1677.0,1663.0,1985.0,3316935.0,137465
2023-05-10 21:10:28,FG2310,FG310,1666.0,7.0,11697.0,1.0,3,1666.0,1667.0,92,1668.0,1666.0,1677.0,1663.0,1992.0,3328632.0,137466
2023-05-10 21:10:29,FG2310,FG310,1666.0,5.0,8355.0,2.0,7,1666.0,1667.0,87,1668.0,1666.0,1677.0,1663.0,1997.0,3336987.0,137468
2023-05-10 21:10:29,FG2310,FG310,1666.0,3.0,5013.0,0.0,4,1666.0,1667.0,95,1668.0,1666.0,1677.0,1663.0,2000.0,3342000.0,137468
2023-05-10 21:10:30,FG2310,FG310,1666.0,12.0,20052.0,3.0,7,1666.0,1667.0,92,1668.0,1666.0,1677.0,1663.0,2012.0,3362052.0,137471
2023-05-10 21:10:30,FG2310,FG310,1666.0,8.0,13368.0,1.0,10,1666.0,1667.0,105,1668.0,1666.0,1677.0,1663.0,2020.0,3375420.0,137472
2023-05-10 21:10:31,FG2310,FG310,1666.0,1.0,1671.0,1.0,16,1666.0,1667.0,95,1668.0,1666.0,1677.0,1663.0,2021.0,3377091.0,137473
2023-05-10 21:10:31,FG2310,FG310,1666.0,0.0,0.0,0.0,26,1666.0,1667.0,16,1668.0,1666.0,1677.0,1663.0,2021.0,3377091.0,137473
2023-05-10 21:10:32,FG2310,FG310,1666.0,0.0,0.0,0.0,26,1666.0,1667.0,5,1668.0,1666.0,1677.0,1663.0,2021.0,3377091.0,137473
2023-05-10 21:10:34,FG2310,FG310,1666.0,0.0,0.0,0.0,26,1666.0,1667.0,4,1668.0,1666.0,1677.0,1663.0,2021.0,3377091.0,137473
2023-05-10 21:10:40,FG2310,FG310,1666.0,0.0,0.0,0.0,26,1666.0,1667.0,11,1668.0,1666.0,1677.0,1663.0,2021.0,3377091.0,137473
2023-05-10 21:10:40,FG2310,FG310,1666.0,0.0,0.0,0.0,26,1666.0,1667.0,12,1668.0,1666.0,1677.0,1663.0,2021.0,3377091.0,137473
2023-05-10 21:10:47,FG2310,FG310,1667.0,12.0,20052.0,-7.0,27,1666.0,1668.0,128,1668.0,1666.0,1677.0,1663.0,2033.0,3397143.0,137466
2023-05-10 21:10:47,FG2310,FG310,1667.0,1.0,1671.0,0.0,15,1667.0,1668.0,98,1668.0,1666.0,1677.0,1663.0,2034.0,3398814.0,137466
2023-05-10 21:10:48,FG2310,FG310,1667.0,0.0,0.0,0.0,26,1667.0,1668.0,27,1668.0,1666.0,1677.0,1663.0,2034.0,3398814.0,137466
2023-05-10 21:10:48,FG2310,FG310,1667.0,0.0,0.0,0.0,26,1667.0,1668.0,12,1668.0,1666.0,1677.0,1663.0,2034.0,3398814.0,137466
2023-05-10 21:10:53,FG2310,FG310,1667.0,0.0,0.0,0.0,26,1667.0,1668.0,11,1668.0,1666.0,1677.0,1663.0,2034.0,3398814.0,137466
2023-05-10 21:10:53,FG2310,FG310,1667.0,2.0,3342.0,2.0,89,1666.0,1667.0,5,1668.0,1666.0,1677.0,1663.0,2036.0,3402156.0,137468
2023-05-10 21:10:54,FG2310,FG310,1667.0,5.0,8355.0,5.0,84,1666.0,1668.0,93,1668.0,1666.0,1677.0,1663.0,2041.0,3410511.0,137473
2023-05-10 21:10:54,FG2310,FG310,1667.0,8.0,13368.0,3.0,1,1667.0,1668.0,133,1668.0,1666.0,1677.0,1663.0,2049.0,3423879.0,137476
2023-05-10 21:10:54,FG2310,FG310,1667.0,0.0,0.0,0.0,1,1667.0,1668.0,113,1668.0,1666.0,1677.0,1663.0,2049.0,3423879.0,137476
2023-05-10 21:10:57,FG2310,FG310,1667.0,1.0,1671.0,1.0,109,1666.0,1667.0,1,1668.0,1666.0,1677.0,1663.0,2050.0,3425550.0,137477
2023-05-10 21:10:57,FG2310,FG310,1667.0,0.0,0.0,0.0,79,1666.0,1667.0,10,1668.0,1666.0,1677.0,1663.0,2050.0,3425550.0,137477
2023-05-10 21:10:58,FG2310,FG310,1667.0,12.0,20052.0,2.0,123,1666.0,1667.0,5,1668.0,1666.0,1677.0,1663.0,2062.0,3445602.0,137479
2023-05-10 21:10:58,FG2310,FG310,1667.0,5.0,8355.0,0.0,130,1666.0,1668.0,135,1668.0,1666.0,1677.0,1663.0,2067.0,3453957.0,137479
2023-05-10 21:10:59,FG2310,FG310,1667.0,1.0,1671.0,-1.0,1,1667.0,1668.0,122,1668.0,1666.0,1677.0,1663.0,2068.0,3455628.0,137478
2023-05-10 21:10:59,FG2310,FG310,1667.0,0.0,0.0,0.0,8,1667.0,1668.0,112,1668.0,1666.0,1677.0,1663.0,2068.0,3455628.0,137478
2023-05-10 21:10:59,FG2310,FG310,1667.0,0.0,0.0,0.0,10,1667.0,1668.0,112,1668.0,1666.0,1677.0,1663.0,2068.0,3455628.0,137478
2023-05-10 21:11:00,FG2310,FG310,1667.0,0.0,0.0,0.0,1,1667.0,1668.0,112,1668.0,1666.0,1677.0,1663.0,2068.0,3455628.0,137478
2023-05-10 21:11:01,FG2310,FG310,1667.0,1.0,1671.0,1.0,159,1666.0,1667.0,7,1668.0,1666.0,1677.0,1663.0,2069.0,3457299.0,137479
2023-05-10 21:11:01,FG2310,FG310,1666.0,7.0,11697.0,7.0,34,1666.0,1667.0,29,1668.0,1666.0,1677.0,1663.0,2076.0,3468996.0,137486
2023-05-10 21:11:02,FG2310,FG310,1666.0,4.0,6684.0,4.0,153,1665.0,1667.0,41,1668.0,1666.0,1677.0,1663.0,2080.0,3475680.0,137490
2023-05-10 21:11:02,FG2310,FG310,1666.0,0.0,0.0,0.0,151,1665.0,1667.0,61,1668.0,1666.0,1677.0,1663.0,2080.0,3475680.0,137490
2023-05-10 21:11:03,FG2310,FG310,1666.0,0.0,0.0,0.0,150,1665.0,1667.0,102,1668.0,1666.0,1677.0,1663.0,2080.0,3475680.0,137490
2023-05-10 21:11:05,FG2310,FG310,1666.0,0.0,0.0,0.0,7,1666.0,1667.0,102,1668.0,1666.0,1677.0,1663.0,2080.0,3475680.0,137490
2023-05-10 21:11:05,FG2310,FG310,1666.0,4.0,6684.0,0.0,3,1666.0,1667.0,88,1668.0,1666.0,1677.0,1663.0,2084.0,3482364.0,137490
2023-05-10 21:11:06,FG2310,FG310,1666.0,1.0,1671.0,0.0,50,1666.0,1667.0,85,1668.0,1666.0,1677.0,1663.0,2085.0,3484035.0,137490
2023-05-10 21:11:06,FG2310,FG310,1666.0,0.0,0.0,0.0,122,1666.0,1667.0,23,1668.0,1666.0,1677.0,1663.0,2085.0,3484035.0,137490
2023-05-10 21:11:06,FG2310,FG310,1666.0,0.0,0.0,0.0,132,1666.0,1667.0,13,1668.0,1666.0,1677.0,1663.0,2085.0,3484035.0,137490
2023-05-10 21:11:06,FG2310,FG310,1666.0,0.0,0.0,0.0,122,1666.0,1667.0,23,1668.0,1666.0,1677.0,1663.0,2085.0,3484035.0,137490
2023-05-10 21:11:06,FG2310,FG310,1666.0,0.0,0.0,0.0,132,1666.0,1667.0,13,1668.0,1666.0,1677.0,1663.0,2085.0,3484035.0,137490
2023-05-10 21:11:10,FG2310,FG310,1666.0,0.0,0.0,0.0,84,1666.0,1667.0,15,1668.0,1666.0,1677.0,1663.0,2085.0,3484035.0,137490
2023-05-10 21:11:10,FG2310,FG310,1665.0,54.0,90234.0,45.0,110,1665.0,1666.0,34,1668.0,1666.0,1677.0,1663.0,2139.0,3574269.0,137535
2023-05-10 21:11:11,FG2310,FG310,1665.0,0.0,0.0,0.0,130,1665.0,1666.0,29,1668.0,1666.0,1677.0,1663.0,2139.0,3574269.0,137535
2023-05-10 21:11:12,FG2310,FG310,1665.0,0.0,0.0,0.0,130,1665.0,1666.0,36,1668.0,1666.0,1677.0,1663.0,2139.0,3574269.0,137535
2023-05-10 21:11:13,FG2310,FG310,1665.0,7.0,11697.0,7.0,132,1664.0,1665.0,6,1668.0,1666.0,1677.0,1663.0,2146.0,3585966.0,137542
2023-05-10 21:11:13,FG2310,FG310,1664.0,6.0,10026.0,6.0,119,1664.0,1665.0,14,1668.0,1666.0,1677.0,1663.0,2152.0,3595992.0,137548
2023-05-10 21:11:13,FG2310,FG310,1664.0,0.0,0.0,0.0,129,1664.0,1665.0,14,1668.0,1666.0,1677.0,1663.0,2152.0,3595992.0,137548
2023-05-10 21:11:15,FG2310,FG310,1663.0,74.0,123654.0,54.0,78,1663.0,1664.0,51,1668.0,1666.0,1677.0,1663.0,2226.0,3719646.0,137602
2023-05-10 21:11:16,FG2310,FG310,1664.0,78.0,128034.0,-18.0,8,1664.0,1665.0,74,1668.0,1666.0,1677.0,1663.0,2304.0,3847680.0,137584
2023-05-10 21:11:16,FG2310,FG310,1664.0,13.0,21710.0,8.0,79,1663.0,1664.0,2,1668.0,1666.0,1677.0,1663.0,2317.0,3869390.0,137592
2023-05-10 21:11:17,FG2310,FG310,1664.0,1.0,1670.0,0.0,88,1663.0,1664.0,7,1668.0,1666.0,1677.0,1663.0,2318.0,3871060.0,137592
2023-05-10 21:11:17,FG2310,FG310,1664.0,7.0,11690.0,0.0,81,1663.0,1665.0,121,1668.0,1666.0,1677.0,1663.0,2325.0,3882750.0,137592
2023-05-10 21:11:18,FG2310,FG310,1664.0,0.0,0.0,0.0,44,1663.0,1665.0,111,1668.0,1666.0,1677.0,1663.0,2325.0,3882750.0,137592
2023-05-10 21:11:19,FG2310,FG310,1664.0,0.0,0.0,0.0,34,1663.0,1665.0,111,1668.0,1666.0,1677.0,1663.0,2325.0,3882750.0,137592
2023-05-10 21:11:19,FG2310,FG310,1664.0,0.0,0.0,0.0,25,1663.0,1665.0,111,1668.0,1666.0,1677.0,1663.0,2325.0,3882750.0,137592
2023-05-10 21:11:20,FG2310,FG310,1664.0,0.0,0.0,0.0,25,1663.0,1664.0,9,1668.0,1666.0,1677.0,1663.0,2325.0,3882750.0,137592
2023-05-10 21:11:20,FG2310,FG310,1664.0,13.0,21710.0,2.0,24,1663.0,1665.0,217,1668.0,1666.0,1677.0,1663.0,2338.0,3904460.0,137594
2023-05-10 21:11:21,FG2310,FG310,1664.0,11.0,18370.0,-11.0,3,1664.0,1665.0,208,1668.0,1666.0,1677.0,1663.0,2349.0,3922830.0,137583
2023-05-10 21:11:21,FG2310,FG310,1664.0,9.0,15030.0,-9.0,17,1664.0,1665.0,56,1668.0,1666.0,1677.0,1663.0,2358.0,3937860.0,137574
2023-05-10 21:11:22,FG2310,FG310,1664.0,0.0,0.0,0.0,19,1664.0,1665.0,36,1668.0,1666.0,1677.0,1663.0,2358.0,3937860.0,137574
2023-05-10 21:11:22,FG2310,FG310,1664.0,0.0,0.0,0.0,19,1664.0,1665.0,26,1668.0,1666.0,1677.0,1663.0,2358.0,3937860.0,137574
2023-05-10 21:11:23,FG2310,FG310,1664.0,0.0,0.0,0.0,19,1664.0,1665.0,25,1668.0,1666.0,1677.0,1663.0,2358.0,3937860.0,137574
2023-05-10 21:11:23,FG2310,FG310,1664.0,0.0,0.0,0.0,19,1664.0,1665.0,24,1668.0,1666.0,1677.0,1663.0,2358.0,3937860.0,137574
2023-05-10 21:11:26,FG2310,FG310,1664.0,22.0,36740.0,-8.0,110,1663.0,1664.0,3,1668.0,1666.0,1677.0,1663.0,2380.0,3974600.0,137566
2023-05-10 21:11:27,FG2310,FG310,1664.0,0.0,0.0,0.0,48,1663.0,1664.0,14,1668.0,1666.0,1677.0,1663.0,2380.0,3974600.0,137566
2023-05-10 21:11:27,FG2310,FG310,1664.0,0.0,0.0,0.0,28,1663.0,1664.0,14,1668.0,1666.0,1677.0,1663.0,2380.0,3974600.0,137566
2023-05-10 21:11:29,FG2310,FG310,1664.0,12.0,20040.0,-3.0,42,1663.0,1664.0,2,1668.0,1666.0,1677.0,1663.0,2392.0,3994640.0,137563
2023-05-10 21:11:29,FG2310,FG310,1664.0,2.0,3340.0,0.0,78,1663.0,1664.0,4,1668.0,1666.0,1677.0,1663.0,2394.0,3997980.0,137563
2023-05-10 21:11:29,FG2310,FG310,1664.0,0.0,0.0,0.0,90,1663.0,1664.0,4,1668.0,1666.0,1677.0,1663.0,2394.0,3997980.0,137563
2023-05-10 21:11:31,FG2310,FG310,1664.0,6.0,10020.0,-2.0,4,1664.0,1665.0,181,1668.0,1666.0,1677.0,1663.0,2400.0,4008000.0,137561
2023-05-10 21:11:32,FG2310,FG310,1664.0,15.0,25050.0,-10.0,7,1664.0,1665.0,146,1668.0,1666.0,1677.0,1663.0,2415.0,4033050.0,137551
2023-05-10 21:11:32,FG2310,FG310,1664.0,13.0,21710.0,-7.0,96,1663.0,1664.0,3,1668.0,1666.0,1677.0,1663.0,2428.0,4054760.0,137544
2023-05-10 21:11:32,FG2310,FG310,1664.0,2.0,3340.0,0.0,84,1663.0,1664.0,3,1668.0,1666.0,1677.0,1663.0,2430.0,4058100.0,137544
