time,symbol_id,symbol_name,last,trade_volume,trade_amount,open_interest_change,bv1,bp1,ap1,av1,yesterday_close,today_open,today_high,today_low,volume,amount,open_interest
2023-05-10 19:12:58,FG2312,FG312,1591.0,0.0,0.0,0.0,0,0.0,0.0,0,1591.0,1601.0,0.0,0.0,0.0,0.0,11333
2023-05-10 20:59:00,FG2312,FG312,1591.0,0.0,0.0,0.0,47,1531.0,1653.0,47,1591.0,1601.0,0.0,0.0,0.0,0.0,11333
2023-05-10 21:00:00,FG2312,FG312,1591.0,0.0,0.0,0.0,68,1589.0,1597.0,2,1591.0,1601.0,0.0,0.0,0.0,0.0,11333
2023-05-10 21:00:00,FG2312,FG312,1591.0,0.0,0.0,0.0,68,1589.0,1596.0,8,1591.0,1601.0,0.0,0.0,0.0,0.0,11333
2023-05-10 21:00:01,FG2312,FG312,1591.0,0.0,0.0,0.0,6,1590.0,1595.0,5,1591.0,1601.0,0.0,0.0,0.0,0.0,11333
2023-05-10 21:00:01,FG2312,FG312,1591.0,0.0,0.0,0.0,68,1589.0,1596.0,10,1591.0,1601.0,0.0,0.0,0.0,0.0,11333
2023-05-10 21:00:02,FG2312,FG312,1591.0,0.0,0.0,0.0,65,1589.0,1596.0,10,1591.0,1601.0,0.0,0.0,0.0,0.0,11333
2023-05-10 21:00:03,FG2312,FG312,1591.0,0.0,0.0,0.0,64,1589.0,1594.0,2,1591.0,1601.0,0.0,0.0,0.0,0.0,11333
2023-05-10 21:00:03,FG2312,FG312,1591.0,0.0,0.0,0.0,1,1591.0,1594.0,1,1591.0,1601.0,0.0,0.0,0.0,0.0,11333
2023-05-10 21:00:04,FG2312,FG312,1591.0,0.0,0.0,0.0,1,1590.0,1594.0,1,1591.0,1601.0,0.0,0.0,0.0,0.0,11333
2023-05-10 21:00:05,FG2312,FG312,1591.0,0.0,0.0,0.0,1,1590.0,1595.0,1,1591.0,1601.0,0.0,0.0,0.0,0.0,11333
2023-05-10 21:00:05,FG2312,FG312,1591.0,0.0,0.0,0.0,1,1591.0,1594.0,1,1591.0,1601.0,0.0,0.0,0.0,0.0,11333
2023-05-10 21:00:06,FG2312,FG312,1591.0,0.0,0.0,0.0,1,1592.0,1595.0,1,1591.0,1601.0,0.0,0.0,0.0,0.0,11333
2023-05-10 21:00:07,FG2312,FG312,1591.0,0.0,0.0,0.0,1,1592.0,1596.0,1,1591.0,1601.0,0.0,0.0,0.0,0.0,11333
2023-05-10 21:00:08,FG2312,FG312,1591.0,0.0,0.0,0.0,1,1593.0,1597.0,1,1591.0,1601.0,0.0,0.0,0.0,0.0,11333
2023-05-10 21:00:09,FG2312,FG312,1591.0,0.0,0.0,0.0,1,1594.0,1597.0,1,1591.0,1601.0,0.0,0.0,0.0,0.0,11333
2023-05-10 21:00:10,FG2312,FG312,1591.0,0.0,0.0,0.0,1,1593.0,1596.0,1,1591.0,1601.0,0.0,0.0,0.0,0.0,11333
2023-05-10 21:00:11,FG2312,FG312,1591.0,0.0,0.0,0.0,1,1593.0,1597.0,1,1591.0,1601.0,0.0,0.0,0.0,0.0,11333
2023-05-10 21:00:11,FG2312,FG312,1591.0,0.0,0.0,0.0,1,1594.0,1597.0,1,1591.0,1601.0,0.0,0.0,0.0,0.0,11333
2023-05-10 21:00:12,FG2312,FG312,1591.0,0.0,0.0,0.0,1,1593.0,1596.0,1,1591.0,1601.0,0.0,0.0,0.0,0.0,11333
2023-05-10 21:00:13,FG2312,FG312,1591.0,0.0,0.0,0.0,1,1592.0,1596.0,1,1591.0,1601.0,0.0,0.0,0.0,0.0,11333
2023-05-10 21:00:14,FG2312,FG312,1591.0,0.0,0.0,0.0,1,1593.0,1596.0,1,1591.0,1601.0,0.0,0.0,0.0,0.0,11333
2023-05-10 21:00:15,FG2312,FG312,1591.0,0.0,0.0,0.0,1,1592.0,1596.0,1,1591.0,1601.0,0.0,0.0,0.0,0.0,11333
2023-05-10 21:00:16,FG2312,FG312,1591.0,0.0,0.0,0.0,1,1593.0,1596.0,1,1591.0,1601.0,0.0,0.0,0.0,0.0,11333
2023-05-10 21:00:17,FG2312,FG312,1591.0,0.0,0.0,0.0,1,1592.0,1595.0,1,1591.0,1601.0,0.0,0.0,0.0,0.0,11333
2023-05-10 21:00:17,FG2312,FG312,1591.0,0.0,0.0,0.0,1,1592.0,1596.0,1,1591.0,1601.0,0.0,0.0,0.0,0.0,11333
2023-05-10 21:00:18,FG2312,FG312,1591.0,0.0,0.0,0.0,1,1593.0,1596.0,1,1591.0,1601.0,0.0,0.0,0.0,0.0,11333
2023-05-10 21:00:19,FG2312,FG312,1591.0,0.0,0.0,0.0,1,1594.0,1597.0,2,1591.0,1601.0,0.0,0.0,0.0,0.0,11333
2023-05-10 21:00:19,FG2312,FG312,1591.0,0.0,0.0,0.0,1,1594.0,1597.0,1,1591.0,1601.0,0.0,0.0,0.0,0.0,11333
2023-05-10 21:00:20,FG2312,FG312,1591.0,0.0,0.0,0.0,1,1595.0,1598.0,2,1591.0,1601.0,0.0,0.0,0.0,0.0,11333
2023-05-10 21:00:21,FG2312,FG312,1591.0,0.0,0.0,0.0,1,1595.0,1599.0,2,1591.0,1601.0,0.0,0.0,0.0,0.0,11333
2023-05-10 21:00:21,FG2312,FG312,1591.0,0.0,0.0,0.0,1,1595.0,1598.0,1,1591.0,1601.0,0.0,0.0,0.0,0.0,11333
2023-05-10 21:00:23,FG2312,FG312,1591.0,0.0,0.0,0.0,1,1597.0,1600.0,2,1591.0,1601.0,0.0,0.0,0.0,0.0,11333
2023-05-10 21:00:23,FG2312,FG312,1591.0,0.0,0.0,0.0,1,1597.0,1600.0,1,1591.0,1601.0,0.0,0.0,0.0,0.0,11333
2023-05-10 21:00:24,FG2312,FG312,1591.0,0.0,0.0,0.0,1,1596.0,1599.0,2,1591.0,1601.0,0.0,0.0,0.0,0.0,11333
2023-05-10 21:00:25,FG2312,FG312,1591.0,0.0,0.0,0.0,1,1595.0,1599.0,2,1591.0,1601.0,0.0,0.0,0.0,0.0,11333
2023-05-10 21:00:25,FG2312,FG312,1591.0,0.0,0.0,0.0,1,1595.0,1598.0,2,1591.0,1601.0,0.0,0.0,0.0,0.0,11333
2023-05-10 21:00:26,FG2312,FG312,1591.0,0.0,0.0,0.0,1,1595.0,1598.0,1,1591.0,1601.0,0.0,0.0,0.0,0.0,11333
2023-05-10 21:00:26,FG2312,FG312,1591.0,0.0,0.0,0.0,1,1596.0,1599.0,1,1591.0,1601.0,0.0,0.0,0.0,0.0,11333
2023-05-10 21:00:28,FG2312,FG312,1591.0,0.0,0.0,0.0,1,1598.0,1601.0,2,1591.0,1601.0,0.0,0.0,0.0,0.0,11333
2023-05-10 21:00:28,FG2312,FG312,1591.0,0.0,0.0,0.0,1,1598.0,1602.0,2,1591.0,1601.0,0.0,0.0,0.0,0.0,11333
2023-05-10 21:00:29,FG2312,FG312,1591.0,0.0,0.0,0.0,1,1598.0,1601.0,1,1591.0,1601.0,0.0,0.0,0.0,0.0,11333
2023-05-10 21:00:29,FG2312,FG312,1591.0,0.0,0.0,0.0,1,1598.0,1602.0,1,1591.0,1601.0,0.0,0.0,0.0,0.0,11333
2023-05-10 21:00:30,FG2312,FG312,1591.0,0.0,0.0,0.0,1,1599.0,1602.0,1,1591.0,1601.0,0.0,0.0,0.0,0.0,11333
2023-05-10 21:00:30,FG2312,FG312,1591.0,0.0,0.0,0.0,1,1598.0,1601.0,1,1591.0,1601.0,0.0,0.0,0.0,0.0,11333
2023-05-10 21:00:32,FG2312,FG312,1591.0,0.0,0.0,0.0,1,1599.0,1601.0,1,1591.0,1601.0,0.0,0.0,0.0,0.0,11333
2023-05-10 21:00:33,FG2312,FG312,1591.0,0.0,0.0,0.0,1,1599.0,1603.0,2,1591.0,1601.0,0.0,0.0,0.0,0.0,11333
2023-05-10 21:00:33,FG2312,FG312,1591.0,0.0,0.0,0.0,1,1599.0,1603.0,1,1591.0,1601.0,0.0,0.0,0.0,0.0,11333
2023-05-10 21:00:33,FG2312,FG312,1591.0,0.0,0.0,0.0,1,1599.0,1601.0,1,1591.0,1601.0,0.0,0.0,0.0,0.0,11333
2023-05-10 21:00:34,FG2312,FG312,1591.0,0.0,0.0,0.0,1,1598.0,1601.0,2,1591.0,1601.0,0.0,0.0,0.0,0.0,11333
2023-05-10 21:00:35,FG2312,FG312,1591.0,0.0,0.0,0.0,1,1597.0,1599.0,1,1591.0,1601.0,0.0,0.0,0.0,0.0,11333
2023-05-10 21:00:36,FG2312,FG312,1591.0,0.0,0.0,0.0,1,1598.0,1599.0,1,1591.0,1601.0,0.0,0.0,0.0,0.0,11333
2023-05-10 21:00:37,FG2312,FG312,1591.0,0.0,0.0,0.0,1,1598.0,1601.0,2,1591.0,1601.0,0.0,0.0,0.0,0.0,11333
2023-05-10 21:00:40,FG2312,FG312,1591.0,0.0,0.0,0.0,1,1599.0,1601.0,1,1591.0,1601.0,0.0,0.0,0.0,0.0,11333
2023-05-10 21:00:40,FG2312,FG312,1591.0,0.0,0.0,0.0,1,1600.0,1601.0,1,1591.0,1601.0,0.0,0.0,0.0,0.0,11333
2023-05-10 21:00:42,FG2312,FG312,1591.0,0.0,0.0,0.0,1,1599.0,1601.0,1,1591.0,1601.0,0.0,0.0,0.0,0.0,11333
2023-05-10 21:00:44,FG2312,FG312,1591.0,0.0,0.0,0.0,1,1600.0,1601.0,1,1591.0,1601.0,0.0,0.0,0.0,0.0,11333
2023-05-10 21:00:45,FG2312,FG312,1601.0,1.0,1601.0,0.0,3,1600.0,1603.0,1,1591.0,1601.0,1601.0,1601.0,1.0,1601.0,11333
2023-05-10 21:00:45,FG2312,FG312,1601.0,0.0,0.0,0.0,3,1601.0,1603.0,1,1591.0,1601.0,1601.0,1601.0,1.0,1601.0,11333
2023-05-10 21:00:47,FG2312,FG312,1601.0,0.0,0.0,0.0,3,1602.0,1604.0,1,1591.0,1601.0,1601.0,1601.0,1.0,1601.0,11333
2023-05-10 21:00:47,FG2312,FG312,1601.0,0.0,0.0,0.0,3,1602.0,1605.0,1,1591.0,1601.0,1601.0,1601.0,1.0,1601.0,11333
2023-05-10 21:00:48,FG2312,FG312,1601.0,0.0,0.0,0.0,3,1602.0,1604.0,1,1591.0,1601.0,1601.0,1601.0,1.0,1601.0,11333
2023-05-10 21:00:48,FG2312,FG312,1601.0,0.0,0.0,0.0,3,1602.0,1605.0,1,1591.0,1601.0,1601.0,1601.0,1.0,1601.0,11333
2023-05-10 21:00:50,FG2312,FG312,1601.0,0.0,0.0,0.0,3,1602.0,1604.0,1,1591.0,1601.0,1601.0,1601.0,1.0,1601.0,11333
2023-05-10 21:00:51,FG2312,FG312,1601.0,0.0,0.0,0.0,2,1600.0,1603.0,1,1591.0,1601.0,1601.0,1601.0,1.0,1601.0,11333
2023-05-10 21:00:51,FG2312,FG312,1601.0,0.0,0.0,0.0,3,1600.0,1602.0,1,1591.0,1601.0,1601.0,1601.0,1.0,1601.0,11333
2023-05-10 21:00:52,FG2312,FG312,1601.0,0.0,0.0,0.0,3,1600.0,1603.0,1,1591.0,1601.0,1601.0,1601.0,1.0,1601.0,11333
2023-05-10 21:00:52,FG2312,FG312,1601.0,0.0,0.0,0.0,3,1600.0,1602.0,1,1591.0,1601.0,1601.0,1601.0,1.0,1601.0,11333
2023-05-10 21:00:54,FG2312,FG312,1601.0,0.0,0.0,0.0,3,1601.0,1603.0,1,1591.0,1601.0,1601.0,1601.0,1.0,1601.0,11333
2023-05-10 21:00:54,FG2312,FG312,1601.0,0.0,0.0,0.0,3,1600.0,1602.0,1,1591.0,1601.0,1601.0,1601.0,1.0,1601.0,11333
2023-05-10 21:00:56,FG2312,FG312,1601.0,0.0,0.0,0.0,3,1601.0,1603.0,1,1591.0,1601.0,1601.0,1601.0,1.0,1601.0,11333
2023-05-10 21:00:57,FG2312,FG312,1601.0,0.0,0.0,0.0,3,1600.0,1602.0,1,1591.0,1601.0,1601.0,1601.0,1.0,1601.0,11333
2023-05-10 21:00:58,FG2312,FG312,1601.0,0.0,0.0,0.0,3,1602.0,1604.0,1,1591.0,1601.0,1601.0,1601.0,1.0,1601.0,11333
2023-05-10 21:00:58,FG2312,FG312,1602.0,1.0,1603.0,1.0,2,1601.0,1604.0,1,1591.0,1601.0,1602.0,1601.0,2.0,3204.0,11334
2023-05-10 21:00:59,FG2312,FG312,1602.0,0.0,0.0,0.0,2,1601.0,1603.0,1,1591.0,1601.0,1602.0,1601.0,2.0,3204.0,11334
2023-05-10 21:01:02,FG2312,FG312,1602.0,0.0,0.0,0.0,2,1602.0,1604.0,1,1591.0,1601.0,1602.0,1601.0,2.0,3204.0,11334
2023-05-10 21:01:03,FG2312,FG312,1602.0,0.0,0.0,0.0,2,1601.0,1603.0,2,1591.0,1601.0,1602.0,1601.0,2.0,3204.0,11334
2023-05-10 21:01:04,FG2312,FG312,1602.0,0.0,0.0,0.0,2,1600.0,1603.0,2,1591.0,1601.0,1602.0,1601.0,2.0,3204.0,11334
2023-05-10 21:01:04,FG2312,FG312,1602.0,0.0,0.0,0.0,2,1600.0,1602.0,1,1591.0,1601.0,1602.0,1601.0,2.0,3204.0,11334
2023-05-10 21:01:06,FG2312,FG312,1602.0,0.0,0.0,0.0,2,1601.0,1603.0,2,1591.0,1601.0,1602.0,1601.0,2.0,3204.0,11334
2023-05-10 21:01:06,FG2312,FG312,1602.0,0.0,0.0,0.0,2,1599.0,1601.0,1,1591.0,1601.0,1602.0,1601.0,2.0,3204.0,11334
2023-05-10 21:01:07,FG2312,FG312,1602.0,0.0,0.0,0.0,2,1599.0,1601.0,2,1591.0,1601.0,1602.0,1601.0,2.0,3204.0,11334
2023-05-10 21:01:07,FG2312,FG312,1602.0,0.0,0.0,0.0,2,1599.0,1601.0,1,1591.0,1601.0,1602.0,1601.0,2.0,3204.0,11334
2023-05-10 21:01:08,FG2312,FG312,1602.0,0.0,0.0,0.0,2,1599.0,1601.0,2,1591.0,1601.0,1602.0,1601.0,2.0,3204.0,11334
2023-05-10 21:01:08,FG2312,FG312,1602.0,0.0,0.0,0.0,2,1600.0,1601.0,1,1591.0,1601.0,1602.0,1601.0,2.0,3204.0,11334
2023-05-10 21:01:09,FG2312,FG312,1602.0,0.0,0.0,0.0,2,1599.0,1601.0,1,1591.0,1601.0,1602.0,1601.0,2.0,3204.0,11334
2023-05-10 21:01:10,FG2312,FG312,1602.0,0.0,0.0,0.0,2,1599.0,1601.0,2,1591.0,1601.0,1602.0,1601.0,2.0,3204.0,11334
2023-05-10 21:01:11,FG2312,FG312,1602.0,0.0,0.0,0.0,2,1600.0,1601.0,1,1591.0,1601.0,1602.0,1601.0,2.0,3204.0,11334
2023-05-10 21:01:12,FG2312,FG312,1602.0,0.0,0.0,0.0,2,1599.0,1601.0,2,1591.0,1601.0,1602.0,1601.0,2.0,3204.0,11334
2023-05-10 21:01:14,FG2312,FG312,1602.0,0.0,0.0,0.0,2,1600.0,1601.0,1,1591.0,1601.0,1602.0,1601.0,2.0,3204.0,11334
2023-05-10 21:01:15,FG2312,FG312,1602.0,0.0,0.0,0.0,1,1600.0,1601.0,1,1591.0,1601.0,1602.0,1601.0,2.0,3204.0,11334
2023-05-10 21:01:16,FG2312,FG312,1602.0,0.0,0.0,0.0,2,1599.0,1601.0,2,1591.0,1601.0,1602.0,1601.0,2.0,3204.0,11334
2023-05-10 21:01:18,FG2312,FG312,1602.0,0.0,0.0,0.0,2,1599.0,1601.0,1,1591.0,1601.0,1602.0,1601.0,2.0,3204.0,11334
2023-05-10 21:01:19,FG2312,FG312,1602.0,0.0,0.0,0.0,2,1599.0,1601.0,2,1591.0,1601.0,1602.0,1601.0,2.0,3204.0,11334
2023-05-10 21:01:19,FG2312,FG312,1602.0,0.0,0.0,0.0,2,1599.0,1601.0,1,1591.0,1601.0,1602.0,1601.0,2.0,3204.0,11334
2023-05-10 21:01:20,FG2312,FG312,1602.0,0.0,0.0,0.0,2,1599.0,1601.0,2,1591.0,1601.0,1602.0,1601.0,2.0,3204.0,11334
2023-05-10 21:01:20,FG2312,FG312,1602.0,0.0,0.0,0.0,2,1599.0,1601.0,1,1591.0,1601.0,1602.0,1601.0,2.0,3204.0,11334
2023-05-10 21:01:21,FG2312,FG312,1602.0,0.0,0.0,0.0,2,1599.0,1600.0,1,1591.0,1601.0,1602.0,1601.0,2.0,3204.0,11334
2023-05-10 21:01:22,FG2312,FG312,1602.0,0.0,0.0,0.0,2,1599.0,1601.0,1,1591.0,1601.0,1602.0,1601.0,2.0,3204.0,11334
2023-05-10 21:01:22,FG2312,FG312,1602.0,0.0,0.0,0.0,2,1599.0,1602.0,2,1591.0,1601.0,1602.0,1601.0,2.0,3204.0,11334
2023-05-10 21:01:25,FG2312,FG312,1602.0,0.0,0.0,0.0,2,1599.0,1601.0,1,1591.0,1601.0,1602.0,1601.0,2.0,3204.0,11334
2023-05-10 21:01:25,FG2312,FG312,1602.0,0.0,0.0,0.0,2,1599.0,1602.0,2,1591.0,1601.0,1602.0,1601.0,2.0,3204.0,11334
2023-05-10 21:01:27,FG2312,FG312,1602.0,0.0,0.0,0.0,2,1600.0,1602.0,2,1591.0,1601.0,1602.0,1601.0,2.0,3204.0,11334
2023-05-10 21:01:27,FG2312,FG312,1602.0,0.0,0.0,0.0,2,1599.0,1602.0,2,1591.0,1601.0,1602.0,1601.0,2.0,3204.0,11334
2023-05-10 21:01:27,FG2312,FG312,1602.0,0.0,0.0,0.0,2,1600.0,1602.0,2,1591.0,1601.0,1602.0,1601.0,2.0,3204.0,11334
2023-05-10 21:01:34,FG2312,FG312,1602.0,0.0,0.0,0.0,2,1599.0,1602.0,2,1591.0,1601.0,1602.0,1601.0,2.0,3204.0,11334
2023-05-10 21:01:34,FG2312,FG312,1602.0,0.0,0.0,0.0,2,1599.0,1601.0,1,1591.0,1601.0,1602.0,1601.0,2.0,3204.0,11334
2023-05-10 21:01:37,FG2312,FG312,1602.0,0.0,0.0,0.0,2,1599.0,1602.0,2,1591.0,1601.0,1602.0,1601.0,2.0,3204.0,11334
2023-05-10 21:01:37,FG2312,FG312,1602.0,0.0,0.0,0.0,2,1600.0,1602.0,2,1591.0,1601.0,1602.0,1601.0,2.0,3204.0,11334
2023-05-10 21:01:38,FG2312,FG312,1602.0,0.0,0.0,0.0,2,1599.0,1602.0,2,1591.0,1601.0,1602.0,1601.0,2.0,3204.0,11334
2023-05-10 21:01:38,FG2312,FG312,1602.0,0.0,0.0,0.0,2,1599.0,1601.0,1,1591.0,1601.0,1602.0,1601.0,2.0,3204.0,11334
2023-05-10 21:01:39,FG2312,FG312,1602.0,0.0,0.0,0.0,2,1599.0,1600.0,1,1591.0,1601.0,1602.0,1601.0,2.0,3204.0,11334
2023-05-10 21:01:40,FG2312,FG312,1602.0,0.0,0.0,0.0,2,1600.0,1601.0,1,1591.0,1601.0,1602.0,1601.0,2.0,3204.0,11334
2023-05-10 21:01:40,FG2312,FG312,1602.0,0.0,0.0,0.0,2,1600.0,1602.0,2,1591.0,1601.0,1602.0,1601.0,2.0,3204.0,11334
2023-05-10 21:01:48,FG2312,FG312,1602.0,0.0,0.0,0.0,2,1600.0,1602.0,1,1591.0,1601.0,1602.0,1601.0,2.0,3204.0,11334
2023-05-10 21:01:48,FG2312,FG312,1602.0,0.0,0.0,0.0,2,1600.0,1602.0,2,1591.0,1601.0,1602.0,1601.0,2.0,3204.0,11334
2023-05-10 21:01:50,FG2312,FG312,1602.0,0.0,0.0,0.0,2,1600.0,1602.0,1,1591.0,1601.0,1602.0,1601.0,2.0,3204.0,11334
2023-05-10 21:01:51,FG2312,FG312,1602.0,0.0,0.0,0.0,2,1601.0,1602.0,1,1591.0,1601.0,1602.0,1601.0,2.0,3204.0,11334
2023-05-10 21:01:51,FG2312,FG312,1602.0,0.0,0.0,0.0,2,1600.0,1602.0,1,1591.0,1601.0,1602.0,1601.0,2.0,3204.0,11334
2023-05-10 21:01:52,FG2312,FG312,1600.0,1.0,1599.0,1.0,1,1600.0,1601.0,1,1591.0,1601.0,1602.0,1600.0,3.0,4803.0,11335
2023-05-10 21:01:53,FG2312,FG312,1600.0,0.0,0.0,0.0,1,1600.0,1602.0,2,1591.0,1601.0,1602.0,1600.0,3.0,4803.0,11335
2023-05-10 21:01:54,FG2312,FG312,1600.0,0.0,0.0,0.0,1,1600.0,1602.0,1,1591.0,1601.0,1602.0,1600.0,3.0,4803.0,11335
2023-05-10 21:01:54,FG2312,FG312,1600.0,0.0,0.0,0.0,1,1600.0,1601.0,1,1591.0,1601.0,1602.0,1600.0,3.0,4803.0,11335
2023-05-10 21:01:55,FG2312,FG312,1600.0,0.0,0.0,0.0,1,1599.0,1602.0,2,1591.0,1601.0,1602.0,1600.0,3.0,4803.0,11335
2023-05-10 21:01:56,FG2312,FG312,1600.0,0.0,0.0,0.0,1,1599.0,1601.0,1,1591.0,1601.0,1602.0,1600.0,3.0,4803.0,11335
2023-05-10 21:01:57,FG2312,FG312,1600.0,0.0,0.0,0.0,1,1599.0,1601.0,2,1591.0,1601.0,1602.0,1600.0,3.0,4803.0,11335
2023-05-10 21:01:58,FG2312,FG312,1600.0,0.0,0.0,0.0,1,1599.0,1601.0,3,1591.0,1601.0,1602.0,1600.0,3.0,4803.0,11335
2023-05-10 21:01:59,FG2312,FG312,1600.0,0.0,0.0,0.0,1,1599.0,1601.0,2,1591.0,1601.0,1602.0,1600.0,3.0,4803.0,11335
2023-05-10 21:02:01,FG2312,FG312,1600.0,0.0,0.0,0.0,1,1600.0,1601.0,2,1591.0,1601.0,1602.0,1600.0,3.0,4803.0,11335
2023-05-10 21:02:02,FG2312,FG312,1600.0,0.0,0.0,0.0,1,1600.0,1601.0,1,1591.0,1601.0,1602.0,1600.0,3.0,4803.0,11335
2023-05-10 21:02:03,FG2312,FG312,1600.0,0.0,0.0,0.0,1,1600.0,1602.0,2,1591.0,1601.0,1602.0,1600.0,3.0,4803.0,11335
2023-05-10 21:02:05,FG2312,FG312,1600.0,0.0,0.0,0.0,1,1600.0,1602.0,1,1591.0,1601.0,1602.0,1600.0,3.0,4803.0,11335
2023-05-10 21:02:06,FG2312,FG312,1600.0,0.0,0.0,0.0,1,1600.0,1602.0,2,1591.0,1601.0,1602.0,1600.0,3.0,4803.0,11335
2023-05-10 21:02:08,FG2312,FG312,1600.0,0.0,0.0,0.0,1,1600.0,1602.0,3,1591.0,1601.0,1602.0,1600.0,3.0,4803.0,11335
2023-05-10 21:02:09,FG2312,FG312,1602.0,1.0,1601.0,1.0,2,1601.0,1603.0,2,1591.0,1601.0,1602.0,1600.0,4.0,6404.0,11336
2023-05-10 21:02:10,FG2312,FG312,1602.0,0.0,0.0,0.0,2,1601.0,1603.0,1,1591.0,1601.0,1602.0,1600.0,4.0,6404.0,11336
2023-05-10 21:02:11,FG2312,FG312,1602.0,0.0,0.0,0.0,2,1602.0,1603.0,1,1591.0,1601.0,1602.0,1600.0,4.0,6404.0,11336
2023-05-10 21:02:11,FG2312,FG312,1602.0,0.0,0.0,0.0,2,1602.0,1604.0,2,1591.0,1601.0,1602.0,1600.0,4.0,6404.0,11336
2023-05-10 21:02:13,FG2312,FG312,1602.0,0.0,0.0,0.0,2,1602.0,1604.0,1,1591.0,1601.0,1602.0,1600.0,4.0,6404.0,11336
2023-05-10 21:02:13,FG2312,FG312,1602.0,0.0,0.0,0.0,2,1603.0,1604.0,1,1591.0,1601.0,1602.0,1600.0,4.0,6404.0,11336
2023-05-10 21:02:13,FG2312,FG312,1602.0,0.0,0.0,0.0,2,1603.0,1605.0,3,1591.0,1601.0,1602.0,1600.0,4.0,6404.0,11336
2023-05-10 21:02:14,FG2312,FG312,1602.0,0.0,0.0,0.0,2,1604.0,1605.0,2,1591.0,1601.0,1602.0,1600.0,4.0,6404.0,11336
2023-05-10 21:02:15,FG2312,FG312,1602.0,0.0,0.0,0.0,2,1604.0,1605.0,1,1591.0,1601.0,1602.0,1600.0,4.0,6404.0,11336
2023-05-10 21:02:15,FG2312,FG312,1605.0,1.0,1606.0,0.0,1,1605.0,1606.0,2,1591.0,1601.0,1605.0,1600.0,5.0,8010.0,11336
2023-05-10 21:02:16,FG2312,FG312,1605.0,0.0,0.0,0.0,1,1605.0,1606.0,1,1591.0,1601.0,1605.0,1600.0,5.0,8010.0,11336
2023-05-10 21:02:16,FG2312,FG312,1606.0,1.0,1608.0,0.0,117,1605.0,1607.0,2,1591.0,1601.0,1606.0,1600.0,6.0,9618.0,11336
2023-05-10 21:02:17,FG2312,FG312,1606.0,0.0,0.0,0.0,117,1605.0,1607.0,1,1591.0,1601.0,1606.0,1600.0,6.0,9618.0,11336
2023-05-10 21:02:18,FG2312,FG312,1606.0,0.0,0.0,0.0,111,1606.0,1607.0,1,1591.0,1601.0,1606.0,1600.0,6.0,9618.0,11336
2023-05-10 21:02:18,FG2312,FG312,1606.0,0.0,0.0,0.0,117,1606.0,1608.0,2,1591.0,1601.0,1606.0,1600.0,6.0,9618.0,11336
2023-05-10 21:02:19,FG2312,FG312,1606.0,0.0,0.0,0.0,9,1607.0,1608.0,2,1591.0,1601.0,1606.0,1600.0,6.0,9618.0,11336
2023-05-10 21:02:20,FG2312,FG312,1606.0,0.0,0.0,0.0,22,1607.0,1608.0,1,1591.0,1601.0,1606.0,1600.0,6.0,9618.0,11336
2023-05-10 21:02:21,FG2312,FG312,1608.0,1.0,1603.0,-1.0,94,1607.0,1609.0,3,1591.0,1601.0,1608.0,1600.0,7.0,11221.0,11335
2023-05-10 21:02:21,FG2312,FG312,1608.0,0.0,0.0,0.0,7,1608.0,1609.0,3,1591.0,1601.0,1608.0,1600.0,7.0,11221.0,11335
2023-05-10 21:02:22,FG2312,FG312,1608.0,0.0,0.0,0.0,94,1607.0,1609.0,3,1591.0,1601.0,1608.0,1600.0,7.0,11221.0,11335
2023-05-10 21:02:22,FG2312,FG312,1608.0,0.0,0.0,0.0,24,1607.0,1609.0,3,1591.0,1601.0,1608.0,1600.0,7.0,11221.0,11335
2023-05-10 21:02:23,FG2312,FG312,1608.0,0.0,0.0,0.0,26,1607.0,1609.0,3,1591.0,1601.0,1608.0,1600.0,7.0,11221.0,11335
2023-05-10 21:02:23,FG2312,FG312,1608.0,0.0,0.0,0.0,28,1607.0,1609.0,3,1591.0,1601.0,1608.0,1600.0,7.0,11221.0,11335
2023-05-10 21:02:23,FG2312,FG312,1608.0,0.0,0.0,0.0,26,1607.0,1609.0,3,1591.0,1601.0,1608.0,1600.0,7.0,11221.0,11335
2023-05-10 21:02:24,FG2312,FG312,1608.0,0.0,0.0,0.0,20,1607.0,1609.0,3,1591.0,1601.0,1608.0,1600.0,7.0,11221.0,11335
2023-05-10 21:02:25,FG2312,FG312,1608.0,0.0,0.0,0.0,40,1607.0,1609.0,3,1591.0,1601.0,1608.0,1600.0,7.0,11221.0,11335
2023-05-10 21:02:26,FG2312,FG312,1608.0,0.0,0.0,0.0,18,1607.0,1609.0,3,1591.0,1601.0,1608.0,1600.0,7.0,11221.0,11335
2023-05-10 21:02:26,FG2312,FG312,1608.0,0.0,0.0,0.0,25,1607.0,1609.0,2,1591.0,1601.0,1608.0,1600.0,7.0,11221.0,11335
2023-05-10 21:02:26,FG2312,FG312,1608.0,0.0,0.0,0.0,116,1606.0,1609.0,3,1591.0,1601.0,1608.0,1600.0,7.0,11221.0,11335
2023-05-10 21:02:27,FG2312,FG312,1608.0,0.0,0.0,0.0,116,1606.0,1609.0,4,1591.0,1601.0,1608.0,1600.0,7.0,11221.0,11335
2023-05-10 21:02:28,FG2312,FG312,1608.0,0.0,0.0,0.0,114,1606.0,1609.0,3,1591.0,1601.0,1608.0,1600.0,7.0,11221.0,11335
2023-05-10 21:02:28,FG2312,FG312,1608.0,0.0,0.0,0.0,114,1606.0,1609.0,2,1591.0,1601.0,1608.0,1600.0,7.0,11221.0,11335
2023-05-10 21:02:29,FG2312,FG312,1608.0,0.0,0.0,0.0,113,1606.0,1609.0,2,1591.0,1601.0,1608.0,1600.0,7.0,11221.0,11335
2023-05-10 21:02:29,FG2312,FG312,1608.0,0.0,0.0,0.0,54,1606.0,1609.0,2,1591.0,1601.0,1608.0,1600.0,7.0,11221.0,11335
2023-05-10 21:02:30,FG2312,FG312,1608.0,0.0,0.0,0.0,30,1606.0,1609.0,2,1591.0,1601.0,1608.0,1600.0,7.0,11221.0,11335
2023-05-10 21:02:30,FG2312,FG312,1608.0,0.0,0.0,0.0,15,1605.0,1608.0,1,1591.0,1601.0,1608.0,1600.0,7.0,11221.0,11335
2023-05-10 21:02:31,FG2312,FG312,1608.0,0.0,0.0,0.0,23,1604.0,1608.0,1,1591.0,1601.0,1608.0,1600.0,7.0,11221.0,11335
2023-05-10 21:02:31,FG2312,FG312,1608.0,0.0,0.0,0.0,26,1604.0,1607.0,1,1591.0,1601.0,1608.0,1600.0,7.0,11221.0,11335
2023-05-10 21:02:32,FG2312,FG312,1608.0,0.0,0.0,0.0,24,1604.0,1607.0,1,1591.0,1601.0,1608.0,1600.0,7.0,11221.0,11335
2023-05-10 21:02:33,FG2312,FG312,1608.0,0.0,0.0,0.0,23,1604.0,1607.0,1,1591.0,1601.0,1608.0,1600.0,7.0,11221.0,11335
2023-05-10 21:02:34,FG2312,FG312,1608.0,0.0,0.0,0.0,24,1604.0,1607.0,1,1591.0,1601.0,1608.0,1600.0,7.0,11221.0,11335
2023-05-10 21:02:34,FG2312,FG312,1608.0,0.0,0.0,0.0,21,1604.0,1607.0,1,1591.0,1601.0,1608.0,1600.0,7.0,11221.0,11335
2023-05-10 21:02:35,FG2312,FG312,1608.0,0.0,0.0,0.0,23,1604.0,1607.0,1,1591.0,1601.0,1608.0,1600.0,7.0,11221.0,11335
2023-05-10 21:02:36,FG2312,FG312,1608.0,0.0,0.0,0.0,41,1604.0,1607.0,1,1591.0,1601.0,1608.0,1600.0,7.0,11221.0,11335
2023-05-10 21:02:36,FG2312,FG312,1608.0,0.0,0.0,0.0,50,1604.0,1607.0,1,1591.0,1601.0,1608.0,1600.0,7.0,11221.0,11335
2023-05-10 21:02:36,FG2312,FG312,1608.0,0.0,0.0,0.0,52,1604.0,1607.0,1,1591.0,1601.0,1608.0,1600.0,7.0,11221.0,11335
2023-05-10 21:02:37,FG2312,FG312,1608.0,0.0,0.0,0.0,50,1604.0,1607.0,1,1591.0,1601.0,1608.0,1600.0,7.0,11221.0,11335
2023-05-10 21:02:38,FG2312,FG312,1608.0,0.0,0.0,0.0,49,1604.0,1607.0,1,1591.0,1601.0,1608.0,1600.0,7.0,11221.0,11335
2023-05-10 21:02:38,FG2312,FG312,1608.0,0.0,0.0,0.0,51,1604.0,1607.0,1,1591.0,1601.0,1608.0,1600.0,7.0,11221.0,11335
2023-05-10 21:02:40,FG2312,FG312,1608.0,0.0,0.0,0.0,26,1604.0,1607.0,1,1591.0,1601.0,1608.0,1600.0,7.0,11221.0,11335
2023-05-10 21:02:40,FG2312,FG312,1608.0,0.0,0.0,0.0,27,1604.0,1607.0,1,1591.0,1601.0,1608.0,1600.0,7.0,11221.0,11335
2023-05-10 21:02:41,FG2312,FG312,1608.0,0.0,0.0,0.0,29,1604.0,1607.0,1,1591.0,1601.0,1608.0,1600.0,7.0,11221.0,11335
2023-05-10 21:02:42,FG2312,FG312,1608.0,0.0,0.0,0.0,28,1604.0,1607.0,1,1591.0,1601.0,1608.0,1600.0,7.0,11221.0,11335
2023-05-10 21:02:42,FG2312,FG312,1608.0,0.0,0.0,0.0,27,1604.0,1608.0,2,1591.0,1601.0,1608.0,1600.0,7.0,11221.0,11335
2023-05-10 21:02:43,FG2312,FG312,1608.0,0.0,0.0,0.0,31,1604.0,1607.0,1,1591.0,1601.0,1608.0,1600.0,7.0,11221.0,11335
2023-05-10 21:02:44,FG2312,FG312,1608.0,0.0,0.0,0.0,2,1604.0,1607.0,1,1591.0,1601.0,1608.0,1600.0,7.0,11221.0,11335
2023-05-10 21:02:44,FG2312,FG312,1608.0,0.0,0.0,0.0,35,1603.0,1606.0,1,1591.0,1601.0,1608.0,1600.0,7.0,11221.0,11335
2023-05-10 21:02:45,FG2312,FG312,1608.0,0.0,0.0,0.0,28,1603.0,1606.0,1,1591.0,1601.0,1608.0,1600.0,7.0,11221.0,11335
2023-05-10 21:02:45,FG2312,FG312,1608.0,0.0,0.0,0.0,18,1603.0,1606.0,1,1591.0,1601.0,1608.0,1600.0,7.0,11221.0,11335
2023-05-10 21:02:46,FG2312,FG312,1608.0,0.0,0.0,0.0,31,1602.0,1605.0,1,1591.0,1601.0,1608.0,1600.0,7.0,11221.0,11335
2023-05-10 21:02:46,FG2312,FG312,1608.0,0.0,0.0,0.0,20,1602.0,1605.0,1,1591.0,1601.0,1608.0,1600.0,7.0,11221.0,11335
2023-05-10 21:02:47,FG2312,FG312,1608.0,0.0,0.0,0.0,26,1602.0,1605.0,1,1591.0,1601.0,1608.0,1600.0,7.0,11221.0,11335
2023-05-10 21:02:47,FG2312,FG312,1608.0,0.0,0.0,0.0,28,1602.0,1605.0,1,1591.0,1601.0,1608.0,1600.0,7.0,11221.0,11335
2023-05-10 21:02:48,FG2312,FG312,1608.0,0.0,0.0,0.0,33,1602.0,1605.0,1,1591.0,1601.0,1608.0,1600.0,7.0,11221.0,11335
2023-05-10 21:02:48,FG2312,FG312,1608.0,0.0,0.0,0.0,9,1603.0,1606.0,1,1591.0,1601.0,1608.0,1600.0,7.0,11221.0,11335
2023-05-10 21:02:49,FG2312,FG312,1608.0,0.0,0.0,0.0,13,1603.0,1606.0,1,1591.0,1601.0,1608.0,1600.0,7.0,11221.0,11335
2023-05-10 21:02:49,FG2312,FG312,1608.0,0.0,0.0,0.0,29,1602.0,1605.0,1,1591.0,1601.0,1608.0,1600.0,7.0,11221.0,11335
2023-05-10 21:02:50,FG2312,FG312,1608.0,0.0,0.0,0.0,40,1602.0,1606.0,1,1591.0,1601.0,1608.0,1600.0,7.0,11221.0,11335
2023-05-10 21:02:50,FG2312,FG312,1608.0,0.0,0.0,0.0,38,1602.0,1605.0,1,1591.0,1601.0,1608.0,1600.0,7.0,11221.0,11335
2023-05-10 21:02:51,FG2312,FG312,1608.0,0.0,0.0,0.0,39,1602.0,1605.0,1,1591.0,1601.0,1608.0,1600.0,7.0,11221.0,11335
2023-05-10 21:02:52,FG2312,FG312,1608.0,0.0,0.0,0.0,42,1602.0,1605.0,1,1591.0,1601.0,1608.0,1600.0,7.0,11221.0,11335
2023-05-10 21:02:53,FG2312,FG312,1608.0,0.0,0.0,0.0,38,1602.0,1605.0,1,1591.0,1601.0,1608.0,1600.0,7.0,11221.0,11335
2023-05-10 21:02:53,FG2312,FG312,1608.0,0.0,0.0,0.0,30,1602.0,1605.0,1,1591.0,1601.0,1608.0,1600.0,7.0,11221.0,11335
2023-05-10 21:02:54,FG2312,FG312,1608.0,0.0,0.0,0.0,1,1604.0,1606.0,1,1591.0,1601.0,1608.0,1600.0,7.0,11221.0,11335
2023-05-10 21:02:55,FG2312,FG312,1608.0,0.0,0.0,0.0,49,1603.0,1606.0,1,1591.0,1601.0,1608.0,1600.0,7.0,11221.0,11335
2023-05-10 21:02:57,FG2312,FG312,1608.0,0.0,0.0,0.0,48,1603.0,1606.0,1,1591.0,1601.0,1608.0,1600.0,7.0,11221.0,11335
2023-05-10 21:02:57,FG2312,FG312,1608.0,0.0,0.0,0.0,58,1603.0,1606.0,1,1591.0,1601.0,1608.0,1600.0,7.0,11221.0,11335
2023-05-10 21:02:57,FG2312,FG312,1608.0,0.0,0.0,0.0,57,1603.0,1606.0,1,1591.0,1601.0,1608.0,1600.0,7.0,11221.0,11335
2023-05-10 21:02:58,FG2312,FG312,1608.0,0.0,0.0,0.0,59,1603.0,1606.0,1,1591.0,1601.0,1608.0,1600.0,7.0,11221.0,11335
2023-05-10 21:02:59,FG2312,FG312,1608.0,0.0,0.0,0.0,56,1603.0,1606.0,1,1591.0,1601.0,1608.0,1600.0,7.0,11221.0,11335
2023-05-10 21:03:00,FG2312,FG312,1608.0,0.0,0.0,0.0,42,1603.0,1606.0,1,1591.0,1601.0,1608.0,1600.0,7.0,11221.0,11335
2023-05-10 21:03:00,FG2312,FG312,1608.0,0.0,0.0,0.0,35,1603.0,1606.0,1,1591.0,1601.0,1608.0,1600.0,7.0,11221.0,11335
2023-05-10 21:03:00,FG2312,FG312,1608.0,0.0,0.0,0.0,38,1603.0,1606.0,1,1591.0,1601.0,1608.0,1600.0,7.0,11221.0,11335
2023-05-10 21:03:01,FG2312,FG312,1608.0,0.0,0.0,0.0,67,1603.0,1606.0,1,1591.0,1601.0,1608.0,1600.0,7.0,11221.0,11335
2023-05-10 21:03:02,FG2312,FG312,1608.0,0.0,0.0,0.0,56,1603.0,1606.0,1,1591.0,1601.0,1608.0,1600.0,7.0,11221.0,11335
2023-05-10 21:03:03,FG2312,FG312,1608.0,0.0,0.0,0.0,32,1602.0,1605.0,1,1591.0,1601.0,1608.0,1600.0,7.0,11221.0,11335
2023-05-10 21:03:03,FG2312,FG312,1608.0,0.0,0.0,0.0,29,1602.0,1605.0,1,1591.0,1601.0,1608.0,1600.0,7.0,11221.0,11335
2023-05-10 21:03:04,FG2312,FG312,1608.0,0.0,0.0,0.0,31,1602.0,1605.0,1,1591.0,1601.0,1608.0,1600.0,7.0,11221.0,11335
2023-05-10 21:03:05,FG2312,FG312,1608.0,0.0,0.0,0.0,32,1602.0,1605.0,1,1591.0,1601.0,1608.0,1600.0,7.0,11221.0,11335
2023-05-10 21:03:05,FG2312,FG312,1608.0,0.0,0.0,0.0,38,1602.0,1605.0,1,1591.0,1601.0,1608.0,1600.0,7.0,11221.0,11335
2023-05-10 21:03:06,FG2312,FG312,1608.0,0.0,0.0,0.0,41,1602.0,1605.0,1,1591.0,1601.0,1608.0,1600.0,7.0,11221.0,11335
2023-05-10 21:03:06,FG2312,FG312,1608.0,0.0,0.0,0.0,40,1602.0,1605.0,1,1591.0,1601.0,1608.0,1600.0,7.0,11221.0,11335
2023-05-10 21:03:07,FG2312,FG312,1608.0,0.0,0.0,0.0,42,1602.0,1605.0,1,1591.0,1601.0,1608.0,1600.0,7.0,11221.0,11335
2023-05-10 21:03:08,FG2312,FG312,1608.0,0.0,0.0,0.0,51,1602.0,1605.0,1,1591.0,1601.0,1608.0,1600.0,7.0,11221.0,11335
2023-05-10 21:03:09,FG2312,FG312,1608.0,0.0,0.0,0.0,56,1602.0,1605.0,1,1591.0,1601.0,1608.0,1600.0,7.0,11221.0,11335
2023-05-10 21:03:09,FG2312,FG312,1608.0,0.0,0.0,0.0,57,1602.0,1605.0,1,1591.0,1601.0,1608.0,1600.0,7.0,11221.0,11335
2023-05-10 21:03:09,FG2312,FG312,1608.0,0.0,0.0,0.0,62,1602.0,1605.0,1,1591.0,1601.0,1608.0,1600.0,7.0,11221.0,11335
2023-05-10 21:03:10,FG2312,FG312,1608.0,0.0,0.0,0.0,63,1602.0,1605.0,1,1591.0,1601.0,1608.0,1600.0,7.0,11221.0,11335
2023-05-10 21:03:12,FG2312,FG312,1608.0,0.0,0.0,0.0,18,1603.0,1606.0,1,1591.0,1601.0,1608.0,1600.0,7.0,11221.0,11335
2023-05-10 21:03:12,FG2312,FG312,1608.0,0.0,0.0,0.0,55,1602.0,1606.0,1,1591.0,1601.0,1608.0,1600.0,7.0,11221.0,11335
2023-05-10 21:03:12,FG2312,FG312,1608.0,0.0,0.0,0.0,53,1602.0,1605.0,1,1591.0,1601.0,1608.0,1600.0,7.0,11221.0,11335
2023-05-10 21:03:13,FG2312,FG312,1608.0,0.0,0.0,0.0,63,1602.0,1605.0,1,1591.0,1601.0,1608.0,1600.0,7.0,11221.0,11335
2023-05-10 21:03:13,FG2312,FG312,1608.0,0.0,0.0,0.0,62,1602.0,1605.0,1,1591.0,1601.0,1608.0,1600.0,7.0,11221.0,11335
2023-05-10 21:03:14,FG2312,FG312,1608.0,0.0,0.0,0.0,63,1602.0,1605.0,1,1591.0,1601.0,1608.0,1600.0,7.0,11221.0,11335
2023-05-10 21:03:15,FG2312,FG312,1608.0,0.0,0.0,0.0,62,1602.0,1605.0,1,1591.0,1601.0,1608.0,1600.0,7.0,11221.0,11335
2023-05-10 21:03:16,FG2312,FG312,1608.0,0.0,0.0,0.0,61,1602.0,1605.0,1,1591.0,1601.0,1608.0,1600.0,7.0,11221.0,11335
2023-05-10 21:03:16,FG2312,FG312,1608.0,0.0,0.0,0.0,60,1602.0,1605.0,1,1591.0,1601.0,1608.0,1600.0,7.0,11221.0,11335
2023-05-10 21:03:17,FG2312,FG312,1608.0,0.0,0.0,0.0,61,1602.0,1605.0,1,1591.0,1601.0,1608.0,1600.0,7.0,11221.0,11335
2023-05-10 21:03:18,FG2312,FG312,1608.0,0.0,0.0,0.0,62,1602.0,1605.0,1,1591.0,1601.0,1608.0,1600.0,7.0,11221.0,11335
2023-05-10 21:03:18,FG2312,FG312,1608.0,0.0,0.0,0.0,63,1602.0,1606.0,1,1591.0,1601.0,1608.0,1600.0,7.0,11221.0,11335
2023-05-10 21:03:19,FG2312,FG312,1608.0,0.0,0.0,0.0,59,1602.0,1605.0,1,1591.0,1601.0,1608.0,1600.0,7.0,11221.0,11335
2023-05-10 21:03:21,FG2312,FG312,1608.0,0.0,0.0,0.0,67,1602.0,1605.0,1,1591.0,1601.0,1608.0,1600.0,7.0,11221.0,11335
2023-05-10 21:03:22,FG2312,FG312,1608.0,0.0,0.0,0.0,69,1602.0,1605.0,1,1591.0,1601.0,1608.0,1600.0,7.0,11221.0,11335
2023-05-10 21:03:22,FG2312,FG312,1608.0,0.0,0.0,0.0,68,1602.0,1605.0,1,1591.0,1601.0,1608.0,1600.0,7.0,11221.0,11335
2023-05-10 21:03:24,FG2312,FG312,1608.0,0.0,0.0,0.0,65,1602.0,1605.0,1,1591.0,1601.0,1608.0,1600.0,7.0,11221.0,11335
2023-05-10 21:03:27,FG2312,FG312,1608.0,0.0,0.0,0.0,68,1602.0,1605.0,1,1591.0,1601.0,1608.0,1600.0,7.0,11221.0,11335
2023-05-10 21:03:30,FG2312,FG312,1608.0,0.0,0.0,0.0,69,1602.0,1605.0,1,1591.0,1601.0,1608.0,1600.0,7.0,11221.0,11335
2023-05-10 21:03:31,FG2312,FG312,1608.0,0.0,0.0,0.0,69,1602.0,1606.0,1,1591.0,1601.0,1608.0,1600.0,7.0,11221.0,11335
2023-05-10 21:03:31,FG2312,FG312,1608.0,0.0,0.0,0.0,9,1603.0,1606.0,1,1591.0,1601.0,1608.0,1600.0,7.0,11221.0,11335
2023-05-10 21:03:32,FG2312,FG312,1608.0,0.0,0.0,0.0,17,1603.0,1606.0,1,1591.0,1601.0,1608.0,1600.0,7.0,11221.0,11335
2023-05-10 21:03:32,FG2312,FG312,1608.0,0.0,0.0,0.0,21,1603.0,1606.0,1,1591.0,1601.0,1608.0,1600.0,7.0,11221.0,11335
2023-05-10 21:03:33,FG2312,FG312,1608.0,0.0,0.0,0.0,20,1603.0,1606.0,1,1591.0,1601.0,1608.0,1600.0,7.0,11221.0,11335
2023-05-10 21:03:33,FG2312,FG312,1608.0,0.0,0.0,0.0,30,1603.0,1606.0,1,1591.0,1601.0,1608.0,1600.0,7.0,11221.0,11335
2023-05-10 21:03:34,FG2312,FG312,1608.0,0.0,0.0,0.0,26,1603.0,1606.0,1,1591.0,1601.0,1608.0,1600.0,7.0,11221.0,11335
2023-05-10 21:03:36,FG2312,FG312,1608.0,0.0,0.0,0.0,59,1602.0,1605.0,1,1591.0,1601.0,1608.0,1600.0,7.0,11221.0,11335
2023-05-10 21:03:36,FG2312,FG312,1608.0,0.0,0.0,0.0,57,1602.0,1605.0,1,1591.0,1601.0,1608.0,1600.0,7.0,11221.0,11335
2023-05-10 21:03:36,FG2312,FG312,1608.0,0.0,0.0,0.0,66,1602.0,1605.0,1,1591.0,1601.0,1608.0,1600.0,7.0,11221.0,11335
2023-05-10 21:03:39,FG2312,FG312,1608.0,0.0,0.0,0.0,65,1602.0,1605.0,1,1591.0,1601.0,1608.0,1600.0,7.0,11221.0,11335
2023-05-10 21:03:40,FG2312,FG312,1608.0,0.0,0.0,0.0,63,1602.0,1605.0,1,1591.0,1601.0,1608.0,1600.0,7.0,11221.0,11335
2023-05-10 21:03:41,FG2312,FG312,1608.0,0.0,0.0,0.0,62,1602.0,1605.0,1,1591.0,1601.0,1608.0,1600.0,7.0,11221.0,11335
2023-05-10 21:03:42,FG2312,FG312,1608.0,0.0,0.0,0.0,67,1602.0,1605.0,1,1591.0,1601.0,1608.0,1600.0,7.0,11221.0,11335
2023-05-10 21:03:43,FG2312,FG312,1608.0,0.0,0.0,0.0,66,1602.0,1605.0,1,1591.0,1601.0,1608.0,1600.0,7.0,11221.0,11335
2023-05-10 21:03:44,FG2312,FG312,1608.0,0.0,0.0,0.0,66,1602.0,1606.0,1,1591.0,1601.0,1608.0,1600.0,7.0,11221.0,11335
2023-05-10 21:03:47,FG2312,FG312,1608.0,0.0,0.0,0.0,67,1602.0,1606.0,1,1591.0,1601.0,1608.0,1600.0,7.0,11221.0,11335
2023-05-10 21:03:47,FG2312,FG312,1608.0,0.0,0.0,0.0,16,1603.0,1606.0,1,1591.0,1601.0,1608.0,1600.0,7.0,11221.0,11335
2023-05-10 21:03:48,FG2312,FG312,1608.0,0.0,0.0,0.0,14,1603.0,1606.0,1,1591.0,1601.0,1608.0,1600.0,7.0,11221.0,11335
2023-05-10 21:03:49,FG2312,FG312,1608.0,0.0,0.0,0.0,21,1603.0,1606.0,1,1591.0,1601.0,1608.0,1600.0,7.0,11221.0,11335
2023-05-10 21:03:49,FG2312,FG312,1608.0,0.0,0.0,0.0,6,1603.0,1606.0,1,1591.0,1601.0,1608.0,1600.0,7.0,11221.0,11335
2023-05-10 21:03:49,FG2312,FG312,1608.0,0.0,0.0,0.0,24,1603.0,1606.0,1,1591.0,1601.0,1608.0,1600.0,7.0,11221.0,11335
2023-05-10 21:03:50,FG2312,FG312,1608.0,0.0,0.0,0.0,1,1603.0,1605.0,1,1591.0,1601.0,1608.0,1600.0,7.0,11221.0,11335
2023-05-10 21:03:51,FG2312,FG312,1608.0,0.0,0.0,0.0,37,1602.0,1605.0,1,1591.0,1601.0,1608.0,1600.0,7.0,11221.0,11335
2023-05-10 21:03:52,FG2312,FG312,1608.0,0.0,0.0,0.0,38,1602.0,1605.0,1,1591.0,1601.0,1608.0,1600.0,7.0,11221.0,11335
2023-05-10 21:03:53,FG2312,FG312,1608.0,0.0,0.0,0.0,36,1602.0,1605.0,1,1591.0,1601.0,1608.0,1600.0,7.0,11221.0,11335
2023-05-10 21:03:55,FG2312,FG312,1608.0,0.0,0.0,0.0,31,1602.0,1605.0,1,1591.0,1601.0,1608.0,1600.0,7.0,11221.0,11335
2023-05-10 21:03:55,FG2312,FG312,1608.0,0.0,0.0,0.0,29,1602.0,1605.0,1,1591.0,1601.0,1608.0,1600.0,7.0,11221.0,11335
2023-05-10 21:03:56,FG2312,FG312,1602.0,1.0,1603.0,0.0,23,1602.0,1605.0,1,1591.0,1601.0,1608.0,1600.0,8.0,12824.0,11335
2023-05-10 21:03:56,FG2312,FG312,1602.0,0.0,0.0,0.0,24,1602.0,1605.0,1,1591.0,1601.0,1608.0,1600.0,8.0,12824.0,11335
2023-05-10 21:03:57,FG2312,FG312,1602.0,0.0,0.0,0.0,23,1602.0,1605.0,1,1591.0,1601.0,1608.0,1600.0,8.0,12824.0,11335
2023-05-10 21:03:57,FG2312,FG312,1602.0,0.0,0.0,0.0,3,1602.0,1605.0,1,1591.0,1601.0,1608.0,1600.0,8.0,12824.0,11335
2023-05-10 21:03:58,FG2312,FG312,1602.0,0.0,0.0,0.0,1,1602.0,1604.0,1,1591.0,1601.0,1608.0,1600.0,8.0,12824.0,11335
2023-05-10 21:03:59,FG2312,FG312,1602.0,0.0,0.0,0.0,1,1602.0,1605.0,1,1591.0,1601.0,1608.0,1600.0,8.0,12824.0,11335
2023-05-10 21:04:01,FG2312,FG312,1602.0,0.0,0.0,0.0,1,1602.0,1604.0,1,1591.0,1601.0,1608.0,1600.0,8.0,12824.0,11335
2023-05-10 21:04:09,FG2312,FG312,1602.0,0.0,0.0,0.0,1,1602.0,1603.0,1,1591.0,1601.0,1608.0,1600.0,8.0,12824.0,11335
2023-05-10 21:04:27,FG2312,FG312,1602.0,0.0,0.0,0.0,29,1601.0,1603.0,1,1591.0,1601.0,1608.0,1600.0,8.0,12824.0,11335
2023-05-10 21:04:29,FG2312,FG312,1602.0,0.0,0.0,0.0,22,1601.0,1603.0,1,1591.0,1601.0,1608.0,1600.0,8.0,12824.0,11335
2023-05-10 21:04:30,FG2312,FG312,1602.0,0.0,0.0,0.0,25,1601.0,1603.0,1,1591.0,1601.0,1608.0,1600.0,8.0,12824.0,11335
2023-05-10 21:04:30,FG2312,FG312,1602.0,0.0,0.0,0.0,3,1601.0,1603.0,1,1591.0,1601.0,1608.0,1600.0,8.0,12824.0,11335
2023-05-10 21:04:31,FG2312,FG312,1602.0,0.0,0.0,0.0,2,1601.0,1603.0,1,1591.0,1601.0,1608.0,1600.0,8.0,12824.0,11335
2023-05-10 21:04:31,FG2312,FG312,1602.0,0.0,0.0,0.0,1,1601.0,1603.0,1,1591.0,1601.0,1608.0,1600.0,8.0,12824.0,11335
2023-05-10 21:04:32,FG2312,FG312,1602.0,0.0,0.0,0.0,15,1601.0,1603.0,1,1591.0,1601.0,1608.0,1600.0,8.0,12824.0,11335
2023-05-10 21:04:32,FG2312,FG312,1602.0,0.0,0.0,0.0,19,1601.0,1603.0,1,1591.0,1601.0,1608.0,1600.0,8.0,12824.0,11335
2023-05-10 21:04:33,FG2312,FG312,1602.0,0.0,0.0,0.0,38,1601.0,1603.0,1,1591.0,1601.0,1608.0,1600.0,8.0,12824.0,11335
2023-05-10 21:04:33,FG2312,FG312,1602.0,0.0,0.0,0.0,32,1601.0,1603.0,1,1591.0,1601.0,1608.0,1600.0,8.0,12824.0,11335
2023-05-10 21:04:35,FG2312,FG312,1602.0,0.0,0.0,0.0,1,1601.0,1602.0,1,1591.0,1601.0,1608.0,1600.0,8.0,12824.0,11335
2023-05-10 21:04:36,FG2312,FG312,1601.0,1.0,1603.0,-1.0,82,1600.0,1601.0,4,1591.0,1601.0,1608.0,1600.0,9.0,14427.0,11334
2023-05-10 21:04:36,FG2312,FG312,1601.0,4.0,6399.0,-4.0,7,1601.0,1603.0,1,1591.0,1601.0,1608.0,1600.0,13.0,20826.0,11330
2023-05-10 21:04:37,FG2312,FG312,1601.0,0.0,0.0,0.0,20,1601.0,1603.0,1,1591.0,1601.0,1608.0,1600.0,13.0,20826.0,11330
2023-05-10 21:04:38,FG2312,FG312,1601.0,0.0,0.0,0.0,25,1601.0,1603.0,1,1591.0,1601.0,1608.0,1600.0,13.0,20826.0,11330
2023-05-10 21:04:39,FG2312,FG312,1601.0,0.0,0.0,0.0,17,1601.0,1603.0,1,1591.0,1601.0,1608.0,1600.0,13.0,20826.0,11330
2023-05-10 21:04:39,FG2312,FG312,1601.0,0.0,0.0,0.0,15,1601.0,1603.0,1,1591.0,1601.0,1608.0,1600.0,13.0,20826.0,11330
2023-05-10 21:04:40,FG2312,FG312,1601.0,0.0,0.0,0.0,9,1601.0,1603.0,1,1591.0,1601.0,1608.0,1600.0,13.0,20826.0,11330
2023-05-10 21:04:40,FG2312,FG312,1601.0,0.0,0.0,0.0,4,1601.0,1603.0,1,1591.0,1601.0,1608.0,1600.0,13.0,20826.0,11330
2023-05-10 21:04:41,FG2312,FG312,1601.0,0.0,0.0,0.0,87,1600.0,1602.0,1,1591.0,1601.0,1608.0,1600.0,13.0,20826.0,11330
2023-05-10 21:04:41,FG2312,FG312,1601.0,0.0,0.0,0.0,85,1600.0,1602.0,1,1591.0,1601.0,1608.0,1600.0,13.0,20826.0,11330
2023-05-10 21:04:42,FG2312,FG312,1601.0,0.0,0.0,0.0,78,1600.0,1602.0,1,1591.0,1601.0,1608.0,1600.0,13.0,20826.0,11330
2023-05-10 21:04:42,FG2312,FG312,1601.0,0.0,0.0,0.0,74,1600.0,1602.0,1,1591.0,1601.0,1608.0,1600.0,13.0,20826.0,11330
2023-05-10 21:04:45,FG2312,FG312,1601.0,0.0,0.0,0.0,76,1600.0,1602.0,1,1591.0,1601.0,1608.0,1600.0,13.0,20826.0,11330
2023-05-10 21:04:47,FG2312,FG312,1601.0,0.0,0.0,0.0,79,1600.0,1603.0,1,1591.0,1601.0,1608.0,1600.0,13.0,20826.0,11330
2023-05-10 21:04:48,FG2312,FG312,1601.0,0.0,0.0,0.0,15,1601.0,1603.0,1,1591.0,1601.0,1608.0,1600.0,13.0,20826.0,11330
2023-05-10 21:04:48,FG2312,FG312,1601.0,0.0,0.0,0.0,10,1601.0,1603.0,1,1591.0,1601.0,1608.0,1600.0,13.0,20826.0,11330
2023-05-10 21:04:49,FG2312,FG312,1601.0,0.0,0.0,0.0,9,1601.0,1603.0,1,1591.0,1601.0,1608.0,1600.0,13.0,20826.0,11330
2023-05-10 21:04:49,FG2312,FG312,1601.0,0.0,0.0,0.0,10,1601.0,1603.0,1,1591.0,1601.0,1608.0,1600.0,13.0,20826.0,11330
2023-05-10 21:04:52,FG2312,FG312,1601.0,0.0,0.0,0.0,9,1601.0,1603.0,1,1591.0,1601.0,1608.0,1600.0,13.0,20826.0,11330
2023-05-10 21:04:53,FG2312,FG312,1601.0,0.0,0.0,0.0,5,1601.0,1603.0,1,1591.0,1601.0,1608.0,1600.0,13.0,20826.0,11330
2023-05-10 21:04:53,FG2312,FG312,1601.0,0.0,0.0,0.0,4,1601.0,1603.0,1,1591.0,1601.0,1608.0,1600.0,13.0,20826.0,11330
2023-05-10 21:04:54,FG2312,FG312,1601.0,0.0,0.0,0.0,3,1601.0,1603.0,1,1591.0,1601.0,1608.0,1600.0,13.0,20826.0,11330
2023-05-10 21:04:56,FG2312,FG312,1601.0,0.0,0.0,0.0,9,1601.0,1603.0,1,1591.0,1601.0,1608.0,1600.0,13.0,20826.0,11330
2023-05-10 21:04:56,FG2312,FG312,1601.0,0.0,0.0,0.0,80,1600.0,1603.0,1,1591.0,1601.0,1608.0,1600.0,13.0,20826.0,11330
2023-05-10 21:04:57,FG2312,FG312,1601.0,0.0,0.0,0.0,1,1601.0,1603.0,1,1591.0,1601.0,1608.0,1600.0,13.0,20826.0,11330
2023-05-10 21:04:58,FG2312,FG312,1601.0,0.0,0.0,0.0,4,1601.0,1603.0,1,1591.0,1601.0,1608.0,1600.0,13.0,20826.0,11330
2023-05-10 21:04:58,FG2312,FG312,1601.0,0.0,0.0,0.0,78,1600.0,1603.0,1,1591.0,1601.0,1608.0,1600.0,13.0,20826.0,11330
2023-05-10 21:04:59,FG2312,FG312,1601.0,0.0,0.0,0.0,1,1601.0,1603.0,1,1591.0,1601.0,1608.0,1600.0,13.0,20826.0,11330
2023-05-10 21:05:00,FG2312,FG312,1601.0,0.0,0.0,0.0,79,1600.0,1603.0,1,1591.0,1601.0,1608.0,1600.0,13.0,20826.0,11330
2023-05-10 21:05:00,FG2312,FG312,1601.0,0.0,0.0,0.0,79,1600.0,1602.0,1,1591.0,1601.0,1608.0,1600.0,13.0,20826.0,11330
2023-05-10 21:05:01,FG2312,FG312,1601.0,0.0,0.0,0.0,80,1600.0,1602.0,1,1591.0,1601.0,1608.0,1600.0,13.0,20826.0,11330
2023-05-10 21:05:02,FG2312,FG312,1601.0,0.0,0.0,0.0,76,1600.0,1602.0,1,1591.0,1601.0,1608.0,1600.0,13.0,20826.0,11330
2023-05-10 21:05:02,FG2312,FG312,1601.0,0.0,0.0,0.0,75,1600.0,1602.0,1,1591.0,1601.0,1608.0,1600.0,13.0,20826.0,11330
2023-05-10 21:05:02,FG2312,FG312,1601.0,0.0,0.0,0.0,77,1600.0,1602.0,1,1591.0,1601.0,1608.0,1600.0,13.0,20826.0,11330
2023-05-10 21:05:03,FG2312,FG312,1601.0,0.0,0.0,0.0,76,1600.0,1602.0,1,1591.0,1601.0,1608.0,1600.0,13.0,20826.0,11330
2023-05-10 21:05:10,FG2312,FG312,1601.0,0.0,0.0,0.0,77,1600.0,1602.0,1,1591.0,1601.0,1608.0,1600.0,13.0,20826.0,11330
2023-05-10 21:05:11,FG2312,FG312,1601.0,0.0,0.0,0.0,83,1600.0,1602.0,1,1591.0,1601.0,1608.0,1600.0,13.0,20826.0,11330
2023-05-10 21:05:14,FG2312,FG312,1601.0,0.0,0.0,0.0,82,1600.0,1602.0,1,1591.0,1601.0,1608.0,1600.0,13.0,20826.0,11330
2023-05-10 21:05:14,FG2312,FG312,1601.0,0.0,0.0,0.0,81,1600.0,1602.0,1,1591.0,1601.0,1608.0,1600.0,13.0,20826.0,11330
2023-05-10 21:05:15,FG2312,FG312,1601.0,0.0,0.0,0.0,87,1600.0,1602.0,1,1591.0,1601.0,1608.0,1600.0,13.0,20826.0,11330
2023-05-10 21:05:16,FG2312,FG312,1601.0,0.0,0.0,0.0,91,1600.0,1602.0,1,1591.0,1601.0,1608.0,1600.0,13.0,20826.0,11330
2023-05-10 21:05:29,FG2312,FG312,1601.0,0.0,0.0,0.0,78,1600.0,1602.0,1,1591.0,1601.0,1608.0,1600.0,13.0,20826.0,11330
2023-05-10 21:05:31,FG2312,FG312,1601.0,0.0,0.0,0.0,77,1600.0,1602.0,1,1591.0,1601.0,1608.0,1600.0,13.0,20826.0,11330
2023-05-10 21:05:32,FG2312,FG312,1601.0,0.0,0.0,0.0,78,1600.0,1602.0,1,1591.0,1601.0,1608.0,1600.0,13.0,20826.0,11330
2023-05-10 21:05:34,FG2312,FG312,1601.0,0.0,0.0,0.0,77,1600.0,1602.0,1,1591.0,1601.0,1608.0,1600.0,13.0,20826.0,11330
2023-05-10 21:05:37,FG2312,FG312,1601.0,0.0,0.0,0.0,78,1600.0,1602.0,1,1591.0,1601.0,1608.0,1600.0,13.0,20826.0,11330
2023-05-10 21:05:43,FG2312,FG312,1601.0,0.0,0.0,0.0,77,1600.0,1602.0,1,1591.0,1601.0,1608.0,1600.0,13.0,20826.0,11330
2023-05-10 21:05:44,FG2312,FG312,1601.0,0.0,0.0,0.0,79,1600.0,1602.0,1,1591.0,1601.0,1608.0,1600.0,13.0,20826.0,11330
2023-05-10 21:05:45,FG2312,FG312,1601.0,0.0,0.0,0.0,85,1600.0,1602.0,1,1591.0,1601.0,1608.0,1600.0,13.0,20826.0,11330
2023-05-10 21:05:47,FG2312,FG312,1601.0,0.0,0.0,0.0,84,1600.0,1602.0,1,1591.0,1601.0,1608.0,1600.0,13.0,20826.0,11330
2023-05-10 21:05:50,FG2312,FG312,1601.0,0.0,0.0,0.0,7,1601.0,1603.0,1,1591.0,1601.0,1608.0,1600.0,13.0,20826.0,11330
2023-05-10 21:05:50,FG2312,FG312,1601.0,0.0,0.0,0.0,1,1602.0,1603.0,1,1591.0,1601.0,1608.0,1600.0,13.0,20826.0,11330
2023-05-10 21:05:50,FG2312,FG312,1602.0,1.0,1602.0,-1.0,86,1600.0,1604.0,1,1591.0,1601.0,1608.0,1600.0,14.0,22428.0,11329
2023-05-10 21:05:51,FG2312,FG312,1602.0,0.0,0.0,0.0,85,1600.0,1604.0,1,1591.0,1601.0,1608.0,1600.0,14.0,22428.0,11329
2023-05-10 21:05:51,FG2312,FG312,1602.0,0.0,0.0,0.0,5,1601.0,1604.0,1,1591.0,1601.0,1608.0,1600.0,14.0,22428.0,11329
2023-05-10 21:05:52,FG2312,FG312,1602.0,0.0,0.0,0.0,4,1601.0,1604.0,1,1591.0,1601.0,1608.0,1600.0,14.0,22428.0,11329
2023-05-10 21:05:52,FG2312,FG312,1602.0,0.0,0.0,0.0,9,1601.0,1604.0,1,1591.0,1601.0,1608.0,1600.0,14.0,22428.0,11329
2023-05-10 21:05:53,FG2312,FG312,1602.0,0.0,0.0,0.0,10,1601.0,1604.0,1,1591.0,1601.0,1608.0,1600.0,14.0,22428.0,11329
2023-05-10 21:05:53,FG2312,FG312,1602.0,0.0,0.0,0.0,4,1601.0,1604.0,1,1591.0,1601.0,1608.0,1600.0,14.0,22428.0,11329
2023-05-10 21:05:54,FG2312,FG312,1602.0,0.0,0.0,0.0,3,1601.0,1604.0,1,1591.0,1601.0,1608.0,1600.0,14.0,22428.0,11329
2023-05-10 21:05:54,FG2312,FG312,1602.0,0.0,0.0,0.0,2,1601.0,1604.0,1,1591.0,1601.0,1608.0,1600.0,14.0,22428.0,11329
2023-05-10 21:05:55,FG2312,FG312,1602.0,0.0,0.0,0.0,82,1600.0,1604.0,1,1591.0,1601.0,1608.0,1600.0,14.0,22428.0,11329
2023-05-10 21:05:55,FG2312,FG312,1602.0,0.0,0.0,0.0,11,1601.0,1604.0,1,1591.0,1601.0,1608.0,1600.0,14.0,22428.0,11329
2023-05-10 21:05:56,FG2312,FG312,1602.0,0.0,0.0,0.0,7,1601.0,1604.0,1,1591.0,1601.0,1608.0,1600.0,14.0,22428.0,11329
2023-05-10 21:05:56,FG2312,FG312,1602.0,0.0,0.0,0.0,6,1601.0,1604.0,1,1591.0,1601.0,1608.0,1600.0,14.0,22428.0,11329
2023-05-10 21:05:57,FG2312,FG312,1602.0,0.0,0.0,0.0,5,1601.0,1604.0,1,1591.0,1601.0,1608.0,1600.0,14.0,22428.0,11329
2023-05-10 21:05:58,FG2312,FG312,1602.0,0.0,0.0,0.0,4,1601.0,1604.0,1,1591.0,1601.0,1608.0,1600.0,14.0,22428.0,11329
2023-05-10 21:05:58,FG2312,FG312,1602.0,0.0,0.0,0.0,2,1601.0,1604.0,1,1591.0,1601.0,1608.0,1600.0,14.0,22428.0,11329
2023-05-10 21:05:59,FG2312,FG312,1602.0,0.0,0.0,0.0,1,1601.0,1604.0,1,1591.0,1601.0,1608.0,1600.0,14.0,22428.0,11329
2023-05-10 21:06:00,FG2312,FG312,1602.0,0.0,0.0,0.0,83,1600.0,1603.0,1,1591.0,1601.0,1608.0,1600.0,14.0,22428.0,11329
2023-05-10 21:06:00,FG2312,FG312,1602.0,0.0,0.0,0.0,82,1600.0,1604.0,1,1591.0,1601.0,1608.0,1600.0,14.0,22428.0,11329
2023-05-10 21:06:01,FG2312,FG312,1602.0,0.0,0.0,0.0,83,1600.0,1604.0,1,1591.0,1601.0,1608.0,1600.0,14.0,22428.0,11329
2023-05-10 21:06:02,FG2312,FG312,1602.0,0.0,0.0,0.0,17,1601.0,1604.0,1,1591.0,1601.0,1608.0,1600.0,14.0,22428.0,11329
2023-05-10 21:06:02,FG2312,FG312,1602.0,0.0,0.0,0.0,18,1601.0,1604.0,1,1591.0,1601.0,1608.0,1600.0,14.0,22428.0,11329
2023-05-10 21:06:03,FG2312,FG312,1602.0,0.0,0.0,0.0,17,1601.0,1604.0,1,1591.0,1601.0,1608.0,1600.0,14.0,22428.0,11329
2023-05-10 21:06:03,FG2312,FG312,1602.0,0.0,0.0,0.0,16,1601.0,1604.0,1,1591.0,1601.0,1608.0,1600.0,14.0,22428.0,11329
2023-05-10 21:06:04,FG2312,FG312,1602.0,0.0,0.0,0.0,15,1601.0,1604.0,1,1591.0,1601.0,1608.0,1600.0,14.0,22428.0,11329
2023-05-10 21:06:04,FG2312,FG312,1602.0,0.0,0.0,0.0,14,1601.0,1604.0,1,1591.0,1601.0,1608.0,1600.0,14.0,22428.0,11329
2023-05-10 21:06:05,FG2312,FG312,1602.0,0.0,0.0,0.0,13,1601.0,1604.0,1,1591.0,1601.0,1608.0,1600.0,14.0,22428.0,11329
2023-05-10 21:06:05,FG2312,FG312,1602.0,0.0,0.0,0.0,12,1601.0,1604.0,1,1591.0,1601.0,1608.0,1600.0,14.0,22428.0,11329
2023-05-10 21:06:06,FG2312,FG312,1602.0,0.0,0.0,0.0,9,1601.0,1604.0,1,1591.0,1601.0,1608.0,1600.0,14.0,22428.0,11329
2023-05-10 21:06:06,FG2312,FG312,1602.0,0.0,0.0,0.0,8,1601.0,1604.0,1,1591.0,1601.0,1608.0,1600.0,14.0,22428.0,11329
2023-05-10 21:06:07,FG2312,FG312,1602.0,0.0,0.0,0.0,7,1601.0,1604.0,1,1591.0,1601.0,1608.0,1600.0,14.0,22428.0,11329
2023-05-10 21:06:08,FG2312,FG312,1602.0,0.0,0.0,0.0,86,1600.0,1603.0,1,1591.0,1601.0,1608.0,1600.0,14.0,22428.0,11329
2023-05-10 21:06:08,FG2312,FG312,1602.0,0.0,0.0,0.0,83,1600.0,1603.0,1,1591.0,1601.0,1608.0,1600.0,14.0,22428.0,11329
2023-05-10 21:06:11,FG2312,FG312,1602.0,0.0,0.0,0.0,84,1600.0,1603.0,1,1591.0,1601.0,1608.0,1600.0,14.0,22428.0,11329
2023-05-10 21:06:11,FG2312,FG312,1602.0,0.0,0.0,0.0,79,1600.0,1604.0,1,1591.0,1601.0,1608.0,1600.0,14.0,22428.0,11329
2023-05-10 21:06:11,FG2312,FG312,1602.0,0.0,0.0,0.0,1,1601.0,1604.0,1,1591.0,1601.0,1608.0,1600.0,14.0,22428.0,11329
2023-05-10 21:06:12,FG2312,FG312,1602.0,0.0,0.0,0.0,79,1600.0,1604.0,1,1591.0,1601.0,1608.0,1600.0,14.0,22428.0,11329
2023-05-10 21:06:12,FG2312,FG312,1602.0,0.0,0.0,0.0,78,1600.0,1604.0,1,1591.0,1601.0,1608.0,1600.0,14.0,22428.0,11329
2023-05-10 21:06:14,FG2312,FG312,1602.0,0.0,0.0,0.0,83,1600.0,1604.0,1,1591.0,1601.0,1608.0,1600.0,14.0,22428.0,11329
2023-05-10 21:06:14,FG2312,FG312,1602.0,0.0,0.0,0.0,88,1600.0,1604.0,1,1591.0,1601.0,1608.0,1600.0,14.0,22428.0,11329
2023-05-10 21:06:15,FG2312,FG312,1602.0,0.0,0.0,0.0,89,1600.0,1604.0,1,1591.0,1601.0,1608.0,1600.0,14.0,22428.0,11329
2023-05-10 21:06:16,FG2312,FG312,1602.0,0.0,0.0,0.0,1,1601.0,1604.0,1,1591.0,1601.0,1608.0,1600.0,14.0,22428.0,11329
2023-05-10 21:06:17,FG2312,FG312,1602.0,0.0,0.0,0.0,79,1600.0,1604.0,1,1591.0,1601.0,1608.0,1600.0,14.0,22428.0,11329
2023-05-10 21:06:17,FG2312,FG312,1602.0,0.0,0.0,0.0,88,1600.0,1604.0,1,1591.0,1601.0,1608.0,1600.0,14.0,22428.0,11329
2023-05-10 21:06:18,FG2312,FG312,1602.0,0.0,0.0,0.0,88,1600.0,1603.0,1,1591.0,1601.0,1608.0,1600.0,14.0,22428.0,11329
2023-05-10 21:06:19,FG2312,FG312,1602.0,0.0,0.0,0.0,85,1600.0,1603.0,1,1591.0,1601.0,1608.0,1600.0,14.0,22428.0,11329
2023-05-10 21:06:21,FG2312,FG312,1602.0,0.0,0.0,0.0,84,1600.0,1603.0,1,1591.0,1601.0,1608.0,1600.0,14.0,22428.0,11329
2023-05-10 21:06:23,FG2312,FG312,1602.0,0.0,0.0,0.0,82,1600.0,1603.0,1,1591.0,1601.0,1608.0,1600.0,14.0,22428.0,11329
2023-05-10 21:06:24,FG2312,FG312,1602.0,0.0,0.0,0.0,81,1600.0,1603.0,1,1591.0,1601.0,1608.0,1600.0,14.0,22428.0,11329
2023-05-10 21:06:25,FG2312,FG312,1602.0,0.0,0.0,0.0,74,1600.0,1603.0,1,1591.0,1601.0,1608.0,1600.0,14.0,22428.0,11329
2023-05-10 21:06:26,FG2312,FG312,1602.0,0.0,0.0,0.0,66,1600.0,1603.0,1,1591.0,1601.0,1608.0,1600.0,14.0,22428.0,11329
2023-05-10 21:06:26,FG2312,FG312,1602.0,0.0,0.0,0.0,65,1600.0,1603.0,1,1591.0,1601.0,1608.0,1600.0,14.0,22428.0,11329
2023-05-10 21:06:27,FG2312,FG312,1602.0,0.0,0.0,0.0,66,1600.0,1603.0,1,1591.0,1601.0,1608.0,1600.0,14.0,22428.0,11329
2023-05-10 21:06:27,FG2312,FG312,1602.0,0.0,0.0,0.0,69,1600.0,1603.0,1,1591.0,1601.0,1608.0,1600.0,14.0,22428.0,11329
2023-05-10 21:06:28,FG2312,FG312,1602.0,0.0,0.0,0.0,70,1600.0,1603.0,1,1591.0,1601.0,1608.0,1600.0,14.0,22428.0,11329
2023-05-10 21:06:32,FG2312,FG312,1602.0,0.0,0.0,0.0,72,1600.0,1603.0,1,1591.0,1601.0,1608.0,1600.0,14.0,22428.0,11329
2023-05-10 21:06:32,FG2312,FG312,1602.0,0.0,0.0,0.0,73,1600.0,1603.0,1,1591.0,1601.0,1608.0,1600.0,14.0,22428.0,11329
2023-05-10 21:06:36,FG2312,FG312,1602.0,0.0,0.0,0.0,74,1600.0,1603.0,1,1591.0,1601.0,1608.0,1600.0,14.0,22428.0,11329
2023-05-10 21:06:36,FG2312,FG312,1602.0,0.0,0.0,0.0,73,1600.0,1603.0,1,1591.0,1601.0,1608.0,1600.0,14.0,22428.0,11329
2023-05-10 21:06:37,FG2312,FG312,1602.0,0.0,0.0,0.0,72,1600.0,1603.0,1,1591.0,1601.0,1608.0,1600.0,14.0,22428.0,11329
2023-05-10 21:06:38,FG2312,FG312,1602.0,0.0,0.0,0.0,73,1600.0,1603.0,1,1591.0,1601.0,1608.0,1600.0,14.0,22428.0,11329
2023-05-10 21:06:39,FG2312,FG312,1602.0,0.0,0.0,0.0,26,1601.0,1604.0,1,1591.0,1601.0,1608.0,1600.0,14.0,22428.0,11329
2023-05-10 21:06:40,FG2312,FG312,1602.0,0.0,0.0,0.0,31,1601.0,1604.0,1,1591.0,1601.0,1608.0,1600.0,14.0,22428.0,11329
2023-05-10 21:06:41,FG2312,FG312,1602.0,0.0,0.0,0.0,41,1601.0,1604.0,1,1591.0,1601.0,1608.0,1600.0,14.0,22428.0,11329
2023-05-10 21:06:43,FG2312,FG312,1602.0,0.0,0.0,0.0,42,1601.0,1604.0,1,1591.0,1601.0,1608.0,1600.0,14.0,22428.0,11329
2023-05-10 21:06:44,FG2312,FG312,1602.0,0.0,0.0,0.0,43,1601.0,1604.0,1,1591.0,1601.0,1608.0,1600.0,14.0,22428.0,11329
2023-05-10 21:06:45,FG2312,FG312,1602.0,0.0,0.0,0.0,47,1601.0,1604.0,1,1591.0,1601.0,1608.0,1600.0,14.0,22428.0,11329
2023-05-10 21:06:45,FG2312,FG312,1602.0,0.0,0.0,0.0,56,1601.0,1604.0,1,1591.0,1601.0,1608.0,1600.0,14.0,22428.0,11329
2023-05-10 21:06:48,FG2312,FG312,1602.0,0.0,0.0,0.0,69,1600.0,1603.0,1,1591.0,1601.0,1608.0,1600.0,14.0,22428.0,11329
2023-05-10 21:06:49,FG2312,FG312,1602.0,0.0,0.0,0.0,69,1600.0,1604.0,1,1591.0,1601.0,1608.0,1600.0,14.0,22428.0,11329
2023-05-10 21:06:49,FG2312,FG312,1602.0,0.0,0.0,0.0,79,1600.0,1604.0,1,1591.0,1601.0,1608.0,1600.0,14.0,22428.0,11329
2023-05-10 21:06:50,FG2312,FG312,1602.0,0.0,0.0,0.0,1,1601.0,1604.0,1,1591.0,1601.0,1608.0,1600.0,14.0,22428.0,11329
2023-05-10 21:06:50,FG2312,FG312,1602.0,0.0,0.0,0.0,69,1600.0,1603.0,1,1591.0,1601.0,1608.0,1600.0,14.0,22428.0,11329
2023-05-10 21:06:51,FG2312,FG312,1602.0,0.0,0.0,0.0,79,1600.0,1603.0,1,1591.0,1601.0,1608.0,1600.0,14.0,22428.0,11329
2023-05-10 21:06:55,FG2312,FG312,1602.0,0.0,0.0,0.0,80,1600.0,1604.0,1,1591.0,1601.0,1608.0,1600.0,14.0,22428.0,11329
2023-05-10 21:06:55,FG2312,FG312,1602.0,0.0,0.0,0.0,19,1601.0,1604.0,1,1591.0,1601.0,1608.0,1600.0,14.0,22428.0,11329
2023-05-10 21:06:56,FG2312,FG312,1602.0,0.0,0.0,0.0,20,1601.0,1604.0,1,1591.0,1601.0,1608.0,1600.0,14.0,22428.0,11329
2023-05-10 21:06:56,FG2312,FG312,1602.0,0.0,0.0,0.0,30,1601.0,1604.0,1,1591.0,1601.0,1608.0,1600.0,14.0,22428.0,11329
2023-05-10 21:07:00,FG2312,FG312,1602.0,0.0,0.0,0.0,20,1601.0,1604.0,1,1591.0,1601.0,1608.0,1600.0,14.0,22428.0,11329
2023-05-10 21:07:03,FG2312,FG312,1602.0,0.0,0.0,0.0,19,1601.0,1604.0,1,1591.0,1601.0,1608.0,1600.0,14.0,22428.0,11329
2023-05-10 21:07:03,FG2312,FG312,1602.0,0.0,0.0,0.0,20,1601.0,1604.0,1,1591.0,1601.0,1608.0,1600.0,14.0,22428.0,11329
2023-05-10 21:07:04,FG2312,FG312,1602.0,0.0,0.0,0.0,21,1601.0,1604.0,1,1591.0,1601.0,1608.0,1600.0,14.0,22428.0,11329
2023-05-10 21:07:05,FG2312,FG312,1602.0,0.0,0.0,0.0,16,1601.0,1604.0,1,1591.0,1601.0,1608.0,1600.0,14.0,22428.0,11329
2023-05-10 21:07:06,FG2312,FG312,1602.0,0.0,0.0,0.0,2,1601.0,1603.0,1,1591.0,1601.0,1608.0,1600.0,14.0,22428.0,11329
2023-05-10 21:07:09,FG2312,FG312,1602.0,0.0,0.0,0.0,2,1601.0,1604.0,1,1591.0,1601.0,1608.0,1600.0,14.0,22428.0,11329
2023-05-10 21:07:09,FG2312,FG312,1602.0,0.0,0.0,0.0,2,1601.0,1603.0,1,1591.0,1601.0,1608.0,1600.0,14.0,22428.0,11329
2023-05-10 21:07:10,FG2312,FG312,1602.0,0.0,0.0,0.0,2,1601.0,1604.0,1,1591.0,1601.0,1608.0,1600.0,14.0,22428.0,11329
2023-05-10 21:07:11,FG2312,FG312,1602.0,0.0,0.0,0.0,5,1601.0,1604.0,1,1591.0,1601.0,1608.0,1600.0,14.0,22428.0,11329
2023-05-10 21:07:12,FG2312,FG312,1602.0,0.0,0.0,0.0,2,1601.0,1603.0,1,1591.0,1601.0,1608.0,1600.0,14.0,22428.0,11329
2023-05-10 21:07:20,FG2312,FG312,1602.0,0.0,0.0,0.0,5,1600.0,1603.0,1,1591.0,1601.0,1608.0,1600.0,14.0,22428.0,11329
2023-05-10 21:07:21,FG2312,FG312,1602.0,0.0,0.0,0.0,3,1600.0,1602.0,1,1591.0,1601.0,1608.0,1600.0,14.0,22428.0,11329
2023-05-10 21:07:21,FG2312,FG312,1602.0,0.0,0.0,0.0,1,1600.0,1602.0,1,1591.0,1601.0,1608.0,1600.0,14.0,22428.0,11329
2023-05-10 21:07:24,FG2312,FG312,1602.0,0.0,0.0,0.0,5,1599.0,1601.0,1,1591.0,1601.0,1608.0,1600.0,14.0,22428.0,11329
2023-05-10 21:07:25,FG2312,FG312,1602.0,0.0,0.0,0.0,87,1598.0,1601.0,1,1591.0,1601.0,1608.0,1600.0,14.0,22428.0,11329
2023-05-10 21:07:26,FG2312,FG312,1602.0,0.0,0.0,0.0,90,1598.0,1601.0,1,1591.0,1601.0,1608.0,1600.0,14.0,22428.0,11329
2023-05-10 21:07:26,FG2312,FG312,1602.0,0.0,0.0,0.0,92,1598.0,1601.0,1,1591.0,1601.0,1608.0,1600.0,14.0,22428.0,11329
2023-05-10 21:07:27,FG2312,FG312,1602.0,0.0,0.0,0.0,90,1598.0,1601.0,1,1591.0,1601.0,1608.0,1600.0,14.0,22428.0,11329
2023-05-10 21:07:28,FG2312,FG312,1602.0,0.0,0.0,0.0,91,1598.0,1601.0,1,1591.0,1601.0,1608.0,1600.0,14.0,22428.0,11329
2023-05-10 21:07:28,FG2312,FG312,1602.0,0.0,0.0,0.0,92,1598.0,1601.0,1,1591.0,1601.0,1608.0,1600.0,14.0,22428.0,11329
2023-05-10 21:07:29,FG2312,FG312,1602.0,0.0,0.0,0.0,93,1598.0,1601.0,1,1591.0,1601.0,1608.0,1600.0,14.0,22428.0,11329
2023-05-10 21:07:31,FG2312,FG312,1602.0,0.0,0.0,0.0,97,1598.0,1601.0,1,1591.0,1601.0,1608.0,1600.0,14.0,22428.0,11329
2023-05-10 21:07:31,FG2312,FG312,1602.0,0.0,0.0,0.0,98,1598.0,1601.0,1,1591.0,1601.0,1608.0,1600.0,14.0,22428.0,11329
2023-05-10 21:07:33,FG2312,FG312,1602.0,0.0,0.0,0.0,5,1598.0,1600.0,1,1591.0,1601.0,1608.0,1600.0,14.0,22428.0,11329
2023-05-10 21:07:34,FG2312,FG312,1602.0,0.0,0.0,0.0,3,1598.0,1600.0,1,1591.0,1601.0,1608.0,1600.0,14.0,22428.0,11329
2023-05-10 21:07:34,FG2312,FG312,1602.0,0.0,0.0,0.0,1,1598.0,1600.0,1,1591.0,1601.0,1608.0,1600.0,14.0,22428.0,11329
2023-05-10 21:07:36,FG2312,FG312,1602.0,0.0,0.0,0.0,2,1599.0,1600.0,1,1591.0,1601.0,1608.0,1600.0,14.0,22428.0,11329
2023-05-10 21:07:38,FG2312,FG312,1602.0,0.0,0.0,0.0,1,1599.0,1600.0,1,1591.0,1601.0,1608.0,1600.0,14.0,22428.0,11329
2023-05-10 21:07:39,FG2312,FG312,1602.0,0.0,0.0,0.0,5,1598.0,1600.0,1,1591.0,1601.0,1608.0,1600.0,14.0,22428.0,11329
2023-05-10 21:07:40,FG2312,FG312,1602.0,0.0,0.0,0.0,3,1598.0,1600.0,1,1591.0,1601.0,1608.0,1600.0,14.0,22428.0,11329
2023-05-10 21:07:41,FG2312,FG312,1602.0,0.0,0.0,0.0,1,1598.0,1600.0,1,1591.0,1601.0,1608.0,1600.0,14.0,22428.0,11329
2023-05-10 21:07:42,FG2312,FG312,1602.0,0.0,0.0,0.0,116,1597.0,1600.0,1,1591.0,1601.0,1608.0,1600.0,14.0,22428.0,11329
2023-05-10 21:07:44,FG2312,FG312,1602.0,0.0,0.0,0.0,2,1598.0,1600.0,1,1591.0,1601.0,1608.0,1600.0,14.0,22428.0,11329
2023-05-10 21:07:46,FG2312,FG312,1602.0,0.0,0.0,0.0,2,1598.0,1599.0,1,1591.0,1601.0,1608.0,1600.0,14.0,22428.0,11329
2023-05-10 21:07:48,FG2312,FG312,1602.0,0.0,0.0,0.0,5,1597.0,1599.0,1,1591.0,1601.0,1608.0,1600.0,14.0,22428.0,11329
2023-05-10 21:07:54,FG2312,FG312,1602.0,0.0,0.0,0.0,2,1597.0,1599.0,1,1591.0,1601.0,1608.0,1600.0,14.0,22428.0,11329
2023-05-10 21:07:55,FG2312,FG312,1602.0,0.0,0.0,0.0,81,1596.0,1599.0,1,1591.0,1601.0,1608.0,1600.0,14.0,22428.0,11329
2023-05-10 21:07:55,FG2312,FG312,1602.0,0.0,0.0,0.0,80,1596.0,1599.0,1,1591.0,1601.0,1608.0,1600.0,14.0,22428.0,11329
2023-05-10 21:07:57,FG2312,FG312,1602.0,0.0,0.0,0.0,74,1596.0,1599.0,1,1591.0,1601.0,1608.0,1600.0,14.0,22428.0,11329
2023-05-10 21:07:57,FG2312,FG312,1602.0,0.0,0.0,0.0,5,1596.0,1599.0,1,1591.0,1601.0,1608.0,1600.0,14.0,22428.0,11329
2023-05-10 21:07:58,FG2312,FG312,1602.0,0.0,0.0,0.0,5,1596.0,1598.0,1,1591.0,1601.0,1608.0,1600.0,14.0,22428.0,11329
2023-05-10 21:08:02,FG2312,FG312,1602.0,0.0,0.0,0.0,5,1596.0,1599.0,1,1591.0,1601.0,1608.0,1600.0,14.0,22428.0,11329
2023-05-10 21:08:03,FG2312,FG312,1602.0,0.0,0.0,0.0,5,1596.0,1598.0,1,1591.0,1601.0,1608.0,1600.0,14.0,22428.0,11329
2023-05-10 21:08:04,FG2312,FG312,1602.0,0.0,0.0,0.0,8,1596.0,1599.0,1,1591.0,1601.0,1608.0,1600.0,14.0,22428.0,11329
2023-05-10 21:08:04,FG2312,FG312,1602.0,0.0,0.0,0.0,5,1596.0,1599.0,1,1591.0,1601.0,1608.0,1600.0,14.0,22428.0,11329
2023-05-10 21:08:05,FG2312,FG312,1602.0,0.0,0.0,0.0,5,1596.0,1598.0,1,1591.0,1601.0,1608.0,1600.0,14.0,22428.0,11329
2023-05-10 21:08:06,FG2312,FG312,1602.0,0.0,0.0,0.0,2,1596.0,1597.0,1,1591.0,1601.0,1608.0,1600.0,14.0,22428.0,11329
2023-05-10 21:08:07,FG2312,FG312,1602.0,0.0,0.0,0.0,1,1596.0,1597.0,1,1591.0,1601.0,1608.0,1600.0,14.0,22428.0,11329
2023-05-10 21:08:10,FG2312,FG312,1602.0,0.0,0.0,0.0,5,1595.0,1598.0,1,1591.0,1601.0,1608.0,1600.0,14.0,22428.0,11329
2023-05-10 21:08:11,FG2312,FG312,1602.0,0.0,0.0,0.0,5,1595.0,1597.0,1,1591.0,1601.0,1608.0,1600.0,14.0,22428.0,11329
2023-05-10 21:08:16,FG2312,FG312,1602.0,0.0,0.0,0.0,2,1595.0,1597.0,1,1591.0,1601.0,1608.0,1600.0,14.0,22428.0,11329
2023-05-10 21:08:17,FG2312,FG312,1602.0,0.0,0.0,0.0,5,1594.0,1597.0,1,1591.0,1601.0,1608.0,1600.0,14.0,22428.0,11329
2023-05-10 21:08:18,FG2312,FG312,1602.0,0.0,0.0,0.0,15,1594.0,1597.0,1,1591.0,1601.0,1608.0,1600.0,14.0,22428.0,11329
2023-05-10 21:08:18,FG2312,FG312,1602.0,0.0,0.0,0.0,5,1594.0,1596.0,1,1591.0,1601.0,1608.0,1600.0,14.0,22428.0,11329
2023-05-10 21:08:20,FG2312,FG312,1602.0,0.0,0.0,0.0,5,1594.0,1597.0,1,1591.0,1601.0,1608.0,1600.0,14.0,22428.0,11329
2023-05-10 21:08:21,FG2312,FG312,1602.0,0.0,0.0,0.0,9,1594.0,1597.0,1,1591.0,1601.0,1608.0,1600.0,14.0,22428.0,11329
2023-05-10 21:08:21,FG2312,FG312,1602.0,0.0,0.0,0.0,20,1594.0,1597.0,1,1591.0,1601.0,1608.0,1600.0,14.0,22428.0,11329
2023-05-10 21:08:22,FG2312,FG312,1602.0,0.0,0.0,0.0,16,1594.0,1597.0,1,1591.0,1601.0,1608.0,1600.0,14.0,22428.0,11329
2023-05-10 21:08:22,FG2312,FG312,1602.0,0.0,0.0,0.0,2,1594.0,1597.0,1,1591.0,1601.0,1608.0,1600.0,14.0,22428.0,11329
2023-05-10 21:08:23,FG2312,FG312,1602.0,0.0,0.0,0.0,87,1593.0,1597.0,1,1591.0,1601.0,1608.0,1600.0,14.0,22428.0,11329
2023-05-10 21:08:24,FG2312,FG312,1602.0,0.0,0.0,0.0,84,1593.0,1596.0,1,1591.0,1601.0,1608.0,1600.0,14.0,22428.0,11329
2023-05-10 21:08:24,FG2312,FG312,1602.0,0.0,0.0,0.0,85,1593.0,1596.0,1,1591.0,1601.0,1608.0,1600.0,14.0,22428.0,11329
2023-05-10 21:08:25,FG2312,FG312,1602.0,0.0,0.0,0.0,84,1593.0,1596.0,1,1591.0,1601.0,1608.0,1600.0,14.0,22428.0,11329
2023-05-10 21:08:26,FG2312,FG312,1602.0,0.0,0.0,0.0,81,1593.0,1596.0,1,1591.0,1601.0,1608.0,1600.0,14.0,22428.0,11329
2023-05-10 21:08:26,FG2312,FG312,1602.0,0.0,0.0,0.0,79,1593.0,1596.0,1,1591.0,1601.0,1608.0,1600.0,14.0,22428.0,11329
2023-05-10 21:08:28,FG2312,FG312,1602.0,0.0,0.0,0.0,2,1593.0,1595.0,1,1591.0,1601.0,1608.0,1600.0,14.0,22428.0,11329
2023-05-10 21:08:29,FG2312,FG312,1602.0,0.0,0.0,0.0,5,1592.0,1594.0,1,1591.0,1601.0,1608.0,1600.0,14.0,22428.0,11329
2023-05-10 21:08:29,FG2312,FG312,1602.0,0.0,0.0,0.0,1,1592.0,1594.0,1,1591.0,1601.0,1608.0,1600.0,14.0,22428.0,11329
2023-05-10 21:08:30,FG2312,FG312,1602.0,0.0,0.0,0.0,51,1591.0,1594.0,1,1591.0,1601.0,1608.0,1600.0,14.0,22428.0,11329
2023-05-10 21:08:30,FG2312,FG312,1602.0,0.0,0.0,0.0,50,1591.0,1594.0,1,1591.0,1601.0,1608.0,1600.0,14.0,22428.0,11329
2023-05-10 21:08:31,FG2312,FG312,1602.0,0.0,0.0,0.0,53,1591.0,1594.0,1,1591.0,1601.0,1608.0,1600.0,14.0,22428.0,11329
2023-05-10 21:08:31,FG2312,FG312,1602.0,0.0,0.0,0.0,35,1591.0,1594.0,1,1591.0,1601.0,1608.0,1600.0,14.0,22428.0,11329
2023-05-10 21:08:32,FG2312,FG312,1602.0,0.0,0.0,0.0,44,1591.0,1594.0,1,1591.0,1601.0,1608.0,1600.0,14.0,22428.0,11329
2023-05-10 21:08:33,FG2312,FG312,1602.0,0.0,0.0,0.0,11,1592.0,1595.0,2,1591.0,1601.0,1608.0,1600.0,14.0,22428.0,11329
2023-05-10 21:08:33,FG2312,FG312,1602.0,0.0,0.0,0.0,45,1592.0,1596.0,2,1591.0,1601.0,1608.0,1600.0,14.0,22428.0,11329
2023-05-10 21:08:33,FG2312,FG312,1602.0,0.0,0.0,0.0,46,1592.0,1596.0,2,1591.0,1601.0,1608.0,1600.0,14.0,22428.0,11329
2023-05-10 21:08:36,FG2312,FG312,1602.0,0.0,0.0,0.0,11,1593.0,1596.0,2,1591.0,1601.0,1608.0,1600.0,14.0,22428.0,11329
2023-05-10 21:08:37,FG2312,FG312,1602.0,0.0,0.0,0.0,16,1593.0,1596.0,1,1591.0,1601.0,1608.0,1600.0,14.0,22428.0,11329
2023-05-10 21:08:37,FG2312,FG312,1602.0,0.0,0.0,0.0,25,1593.0,1596.0,1,1591.0,1601.0,1608.0,1600.0,14.0,22428.0,11329
2023-05-10 21:08:38,FG2312,FG312,1602.0,0.0,0.0,0.0,24,1593.0,1596.0,1,1591.0,1601.0,1608.0,1600.0,14.0,22428.0,11329
2023-05-10 21:08:39,FG2312,FG312,1602.0,0.0,0.0,0.0,21,1593.0,1596.0,1,1591.0,1601.0,1608.0,1600.0,14.0,22428.0,11329
2023-05-10 21:08:40,FG2312,FG312,1602.0,0.0,0.0,0.0,13,1593.0,1596.0,1,1591.0,1601.0,1608.0,1600.0,14.0,22428.0,11329
2023-05-10 21:08:40,FG2312,FG312,1602.0,0.0,0.0,0.0,35,1593.0,1597.0,2,1591.0,1601.0,1608.0,1600.0,14.0,22428.0,11329
2023-05-10 21:08:41,FG2312,FG312,1602.0,0.0,0.0,0.0,11,1594.0,1597.0,2,1591.0,1601.0,1608.0,1600.0,14.0,22428.0,11329
2023-05-10 21:08:41,FG2312,FG312,1602.0,0.0,0.0,0.0,6,1594.0,1597.0,2,1591.0,1601.0,1608.0,1600.0,14.0,22428.0,11329
2023-05-10 21:08:42,FG2312,FG312,1602.0,0.0,0.0,0.0,43,1593.0,1596.0,1,1591.0,1601.0,1608.0,1600.0,14.0,22428.0,11329
2023-05-10 21:08:42,FG2312,FG312,1602.0,0.0,0.0,0.0,48,1593.0,1596.0,1,1591.0,1601.0,1608.0,1600.0,14.0,22428.0,11329
2023-05-10 21:08:45,FG2312,FG312,1602.0,0.0,0.0,0.0,47,1593.0,1596.0,1,1591.0,1601.0,1608.0,1600.0,14.0,22428.0,11329
2023-05-10 21:08:46,FG2312,FG312,1602.0,0.0,0.0,0.0,48,1593.0,1596.0,1,1591.0,1601.0,1608.0,1600.0,14.0,22428.0,11329
2023-05-10 21:08:47,FG2312,FG312,1602.0,0.0,0.0,0.0,4,1594.0,1596.0,1,1591.0,1601.0,1608.0,1600.0,14.0,22428.0,11329
2023-05-10 21:08:48,FG2312,FG312,1602.0,0.0,0.0,0.0,2,1594.0,1596.0,1,1591.0,1601.0,1608.0,1600.0,14.0,22428.0,11329
2023-05-10 21:08:48,FG2312,FG312,1594.0,2.0,3188.0,0.0,52,1593.0,1594.0,6,1591.0,1601.0,1608.0,1594.0,16.0,25616.0,11329
2023-05-10 21:08:48,FG2312,FG312,1594.0,0.0,0.0,0.0,50,1593.0,1594.0,6,1591.0,1601.0,1608.0,1594.0,16.0,25616.0,11329
2023-05-10 21:08:49,FG2312,FG312,1594.0,0.0,0.0,0.0,18,1593.0,1594.0,6,1591.0,1601.0,1608.0,1594.0,16.0,25616.0,11329
2023-05-10 21:08:50,FG2312,FG312,1594.0,1.0,1601.0,-1.0,15,1593.0,1594.0,5,1591.0,1601.0,1608.0,1594.0,17.0,27217.0,11328
2023-05-10 21:08:50,FG2312,FG312,1594.0,0.0,0.0,0.0,20,1593.0,1594.0,5,1591.0,1601.0,1608.0,1594.0,17.0,27217.0,11328
2023-05-10 21:08:50,FG2312,FG312,1594.0,0.0,0.0,0.0,18,1593.0,1594.0,5,1591.0,1601.0,1608.0,1594.0,17.0,27217.0,11328
2023-05-10 21:08:51,FG2312,FG312,1594.0,0.0,0.0,0.0,17,1593.0,1594.0,5,1591.0,1601.0,1608.0,1594.0,17.0,27217.0,11328
2023-05-10 21:08:52,FG2312,FG312,1594.0,0.0,0.0,0.0,7,1593.0,1594.0,5,1591.0,1601.0,1608.0,1594.0,17.0,27217.0,11328
2023-05-10 21:08:52,FG2312,FG312,1594.0,0.0,0.0,0.0,6,1593.0,1594.0,5,1591.0,1601.0,1608.0,1594.0,17.0,27217.0,11328
2023-05-10 21:08:53,FG2312,FG312,1594.0,0.0,0.0,0.0,64,1592.0,1594.0,5,1591.0,1601.0,1608.0,1594.0,17.0,27217.0,11328
2023-05-10 21:08:53,FG2312,FG312,1594.0,0.0,0.0,0.0,62,1592.0,1594.0,5,1591.0,1601.0,1608.0,1594.0,17.0,27217.0,11328
2023-05-10 21:08:54,FG2312,FG312,1594.0,0.0,0.0,0.0,1,1593.0,1594.0,5,1591.0,1601.0,1608.0,1594.0,17.0,27217.0,11328
2023-05-10 21:08:55,FG2312,FG312,1594.0,0.0,0.0,0.0,12,1593.0,1594.0,5,1591.0,1601.0,1608.0,1594.0,17.0,27217.0,11328
2023-05-10 21:08:56,FG2312,FG312,1594.0,0.0,0.0,0.0,17,1593.0,1594.0,5,1591.0,1601.0,1608.0,1594.0,17.0,27217.0,11328
2023-05-10 21:08:56,FG2312,FG312,1594.0,0.0,0.0,0.0,15,1593.0,1594.0,5,1591.0,1601.0,1608.0,1594.0,17.0,27217.0,11328
2023-05-10 21:08:58,FG2312,FG312,1594.0,0.0,0.0,0.0,17,1593.0,1594.0,5,1591.0,1601.0,1608.0,1594.0,17.0,27217.0,11328
2023-05-10 21:08:59,FG2312,FG312,1594.0,0.0,0.0,0.0,2,1593.0,1594.0,5,1591.0,1601.0,1608.0,1594.0,17.0,27217.0,11328
2023-05-10 21:08:59,FG2312,FG312,1594.0,0.0,0.0,0.0,66,1592.0,1594.0,5,1591.0,1601.0,1608.0,1594.0,17.0,27217.0,11328
2023-05-10 21:09:00,FG2312,FG312,1594.0,0.0,0.0,0.0,56,1592.0,1594.0,5,1591.0,1601.0,1608.0,1594.0,17.0,27217.0,11328
2023-05-10 21:09:01,FG2312,FG312,1594.0,0.0,0.0,0.0,51,1592.0,1594.0,5,1591.0,1601.0,1608.0,1594.0,17.0,27217.0,11328
2023-05-10 21:09:02,FG2312,FG312,1594.0,0.0,0.0,0.0,52,1592.0,1594.0,5,1591.0,1601.0,1608.0,1594.0,17.0,27217.0,11328
2023-05-10 21:09:03,FG2312,FG312,1594.0,0.0,0.0,0.0,55,1592.0,1594.0,5,1591.0,1601.0,1608.0,1594.0,17.0,27217.0,11328
2023-05-10 21:09:03,FG2312,FG312,1594.0,0.0,0.0,0.0,56,1592.0,1594.0,5,1591.0,1601.0,1608.0,1594.0,17.0,27217.0,11328
2023-05-10 21:09:03,FG2312,FG312,1594.0,0.0,0.0,0.0,1,1593.0,1594.0,5,1591.0,1601.0,1608.0,1594.0,17.0,27217.0,11328
2023-05-10 21:09:04,FG2312,FG312,1594.0,0.0,0.0,0.0,6,1593.0,1594.0,5,1591.0,1601.0,1608.0,1594.0,17.0,27217.0,11328
2023-05-10 21:09:04,FG2312,FG312,1594.0,0.0,0.0,0.0,7,1593.0,1594.0,5,1591.0,1601.0,1608.0,1594.0,17.0,27217.0,11328
2023-05-10 21:09:06,FG2312,FG312,1594.0,1.0,1601.0,-1.0,7,1593.0,1594.0,4,1591.0,1601.0,1608.0,1594.0,18.0,28818.0,11327
2023-05-10 21:09:06,FG2312,FG312,1594.0,0.0,0.0,0.0,18,1593.0,1594.0,4,1591.0,1601.0,1608.0,1594.0,18.0,28818.0,11327
2023-05-10 21:09:07,FG2312,FG312,1594.0,4.0,6360.0,-4.0,24,1593.0,1597.0,2,1591.0,1601.0,1608.0,1594.0,22.0,35178.0,11323
2023-05-10 21:09:07,FG2312,FG312,1594.0,0.0,0.0,0.0,2,1594.0,1597.0,2,1591.0,1601.0,1608.0,1594.0,22.0,35178.0,11323
2023-05-10 21:09:08,FG2312,FG312,1594.0,0.0,0.0,0.0,26,1593.0,1597.0,2,1591.0,1601.0,1608.0,1594.0,22.0,35178.0,11323
2023-05-10 21:09:09,FG2312,FG312,1594.0,0.0,0.0,0.0,28,1593.0,1597.0,2,1591.0,1601.0,1608.0,1594.0,22.0,35178.0,11323
2023-05-10 21:09:10,FG2312,FG312,1594.0,0.0,0.0,0.0,29,1593.0,1596.0,1,1591.0,1601.0,1608.0,1594.0,22.0,35178.0,11323
2023-05-10 21:09:11,FG2312,FG312,1593.0,1.0,1599.0,0.0,30,1593.0,1596.0,1,1591.0,1601.0,1608.0,1593.0,23.0,36777.0,11323
2023-05-10 21:09:11,FG2312,FG312,1593.0,0.0,0.0,0.0,57,1592.0,1596.0,1,1591.0,1601.0,1608.0,1593.0,23.0,36777.0,11323
2023-05-10 21:09:13,FG2312,FG312,1593.0,0.0,0.0,0.0,41,1592.0,1595.0,1,1591.0,1601.0,1608.0,1593.0,23.0,36777.0,11323
2023-05-10 21:09:14,FG2312,FG312,1593.0,0.0,0.0,0.0,19,1592.0,1595.0,1,1591.0,1601.0,1608.0,1593.0,23.0,36777.0,11323
2023-05-10 21:09:14,FG2312,FG312,1593.0,0.0,0.0,0.0,17,1592.0,1595.0,1,1591.0,1601.0,1608.0,1593.0,23.0,36777.0,11323
2023-05-10 21:09:15,FG2312,FG312,1593.0,0.0,0.0,0.0,18,1592.0,1595.0,1,1591.0,1601.0,1608.0,1593.0,23.0,36777.0,11323
2023-05-10 21:09:16,FG2312,FG312,1593.0,0.0,0.0,0.0,17,1592.0,1595.0,1,1591.0,1601.0,1608.0,1593.0,23.0,36777.0,11323
2023-05-10 21:09:17,FG2312,FG312,1593.0,0.0,0.0,0.0,20,1592.0,1595.0,1,1591.0,1601.0,1608.0,1593.0,23.0,36777.0,11323
2023-05-10 21:09:18,FG2312,FG312,1593.0,0.0,0.0,0.0,1,1592.0,1594.0,1,1591.0,1601.0,1608.0,1593.0,23.0,36777.0,11323
2023-05-10 21:09:19,FG2312,FG312,1593.0,0.0,0.0,0.0,7,1592.0,1595.0,1,1591.0,1601.0,1608.0,1593.0,23.0,36777.0,11323
2023-05-10 21:09:19,FG2312,FG312,1593.0,0.0,0.0,0.0,12,1592.0,1595.0,1,1591.0,1601.0,1608.0,1593.0,23.0,36777.0,11323
2023-05-10 21:09:20,FG2312,FG312,1593.0,0.0,0.0,0.0,2,1592.0,1595.0,1,1591.0,1601.0,1608.0,1593.0,23.0,36777.0,11323
2023-05-10 21:09:20,FG2312,FG312,1593.0,0.0,0.0,0.0,12,1592.0,1595.0,1,1591.0,1601.0,1608.0,1593.0,23.0,36777.0,11323
2023-05-10 21:09:21,FG2312,FG312,1593.0,0.0,0.0,0.0,13,1592.0,1595.0,1,1591.0,1601.0,1608.0,1593.0,23.0,36777.0,11323
2023-05-10 21:09:22,FG2312,FG312,1593.0,0.0,0.0,0.0,25,1592.0,1595.0,1,1591.0,1601.0,1608.0,1593.0,23.0,36777.0,11323
2023-05-10 21:09:22,FG2312,FG312,1593.0,0.0,0.0,0.0,26,1592.0,1595.0,1,1591.0,1601.0,1608.0,1593.0,23.0,36777.0,11323
2023-05-10 21:09:23,FG2312,FG312,1593.0,0.0,0.0,0.0,27,1592.0,1595.0,1,1591.0,1601.0,1608.0,1593.0,23.0,36777.0,11323
2023-05-10 21:09:23,FG2312,FG312,1593.0,0.0,0.0,0.0,39,1592.0,1595.0,1,1591.0,1601.0,1608.0,1593.0,23.0,36777.0,11323
2023-05-10 21:09:23,FG2312,FG312,1593.0,0.0,0.0,0.0,40,1592.0,1595.0,1,1591.0,1601.0,1608.0,1593.0,23.0,36777.0,11323
2023-05-10 21:09:24,FG2312,FG312,1593.0,0.0,0.0,0.0,45,1592.0,1596.0,1,1591.0,1601.0,1608.0,1593.0,23.0,36777.0,11323
2023-05-10 21:09:25,FG2312,FG312,1593.0,0.0,0.0,0.0,46,1592.0,1596.0,1,1591.0,1601.0,1608.0,1593.0,23.0,36777.0,11323
2023-05-10 21:09:26,FG2312,FG312,1593.0,0.0,0.0,0.0,47,1592.0,1596.0,1,1591.0,1601.0,1608.0,1593.0,23.0,36777.0,11323
2023-05-10 21:09:26,FG2312,FG312,1593.0,0.0,0.0,0.0,23,1593.0,1596.0,1,1591.0,1601.0,1608.0,1593.0,23.0,36777.0,11323
2023-05-10 21:09:27,FG2312,FG312,1593.0,0.0,0.0,0.0,25,1593.0,1596.0,1,1591.0,1601.0,1608.0,1593.0,23.0,36777.0,11323
2023-05-10 21:09:27,FG2312,FG312,1593.0,0.0,0.0,0.0,34,1593.0,1596.0,1,1591.0,1601.0,1608.0,1593.0,23.0,36777.0,11323
2023-05-10 21:09:32,FG2312,FG312,1593.0,0.0,0.0,0.0,37,1593.0,1596.0,1,1591.0,1601.0,1608.0,1593.0,23.0,36777.0,11323
2023-05-10 21:09:33,FG2312,FG312,1593.0,0.0,0.0,0.0,32,1593.0,1596.0,1,1591.0,1601.0,1608.0,1593.0,23.0,36777.0,11323
2023-05-10 21:09:35,FG2312,FG312,1593.0,0.0,0.0,0.0,33,1593.0,1596.0,1,1591.0,1601.0,1608.0,1593.0,23.0,36777.0,11323
2023-05-10 21:09:36,FG2312,FG312,1593.0,0.0,0.0,0.0,31,1593.0,1596.0,1,1591.0,1601.0,1608.0,1593.0,23.0,36777.0,11323
2023-05-10 21:09:36,FG2312,FG312,1593.0,0.0,0.0,0.0,28,1593.0,1596.0,1,1591.0,1601.0,1608.0,1593.0,23.0,36777.0,11323
2023-05-10 21:09:37,FG2312,FG312,1593.0,0.0,0.0,0.0,30,1593.0,1596.0,1,1591.0,1601.0,1608.0,1593.0,23.0,36777.0,11323
2023-05-10 21:09:38,FG2312,FG312,1593.0,0.0,0.0,0.0,1,1594.0,1596.0,1,1591.0,1601.0,1608.0,1593.0,23.0,36777.0,11323
2023-05-10 21:09:40,FG2312,FG312,1593.0,0.0,0.0,0.0,1,1593.0,1595.0,1,1591.0,1601.0,1608.0,1593.0,23.0,36777.0,11323
2023-05-10 21:10:00,FG2312,FG312,1593.0,0.0,0.0,0.0,2,1592.0,1594.0,1,1591.0,1601.0,1608.0,1593.0,23.0,36777.0,11323
2023-05-10 21:10:01,FG2312,FG312,1593.0,0.0,0.0,0.0,1,1593.0,1595.0,1,1591.0,1601.0,1608.0,1593.0,23.0,36777.0,11323
2023-05-10 21:10:17,FG2312,FG312,1593.0,0.0,0.0,0.0,1,1592.0,1594.0,1,1591.0,1601.0,1608.0,1593.0,23.0,36777.0,11323
2023-05-10 21:10:24,FG2312,FG312,1593.0,0.0,0.0,0.0,1,1593.0,1595.0,1,1591.0,1601.0,1608.0,1593.0,23.0,36777.0,11323
2023-05-10 21:10:25,FG2312,FG312,1593.0,0.0,0.0,0.0,1,1592.0,1594.0,1,1591.0,1601.0,1608.0,1593.0,23.0,36777.0,11323
2023-05-10 21:10:26,FG2312,FG312,1593.0,0.0,0.0,0.0,1,1592.0,1595.0,1,1591.0,1601.0,1608.0,1593.0,23.0,36777.0,11323
2023-05-10 21:10:29,FG2312,FG312,1593.0,0.0,0.0,0.0,1,1593.0,1595.0,1,1591.0,1601.0,1608.0,1593.0,23.0,36777.0,11323
2023-05-10 21:10:31,FG2312,FG312,1593.0,0.0,0.0,0.0,1,1594.0,1596.0,2,1591.0,1601.0,1608.0,1593.0,23.0,36777.0,11323
2023-05-10 21:10:34,FG2312,FG312,1593.0,0.0,0.0,0.0,1,1594.0,1596.0,1,1591.0,1601.0,1608.0,1593.0,23.0,36777.0,11323
2023-05-10 21:10:34,FG2312,FG312,1593.0,0.0,0.0,0.0,1,1593.0,1596.0,1,1591.0,1601.0,1608.0,1593.0,23.0,36777.0,11323
2023-05-10 21:10:35,FG2312,FG312,1593.0,0.0,0.0,0.0,1,1594.0,1596.0,1,1591.0,1601.0,1608.0,1593.0,23.0,36777.0,11323
2023-05-10 21:10:47,FG2312,FG312,1593.0,0.0,0.0,0.0,1,1595.0,1597.0,2,1591.0,1601.0,1608.0,1593.0,23.0,36777.0,11323
2023-05-10 21:10:53,FG2312,FG312,1593.0,0.0,0.0,0.0,1,1595.0,1597.0,1,1591.0,1601.0,1608.0,1593.0,23.0,36777.0,11323
2023-05-10 21:10:53,FG2312,FG312,1593.0,0.0,0.0,0.0,1,1594.0,1597.0,2,1591.0,1601.0,1608.0,1593.0,23.0,36777.0,11323
2023-05-10 21:10:53,FG2312,FG312,1593.0,0.0,0.0,0.0,1,1594.0,1596.0,1,1591.0,1601.0,1608.0,1593.0,23.0,36777.0,11323
2023-05-10 21:11:01,FG2312,FG312,1593.0,0.0,0.0,0.0,1,1593.0,1595.0,1,1591.0,1601.0,1608.0,1593.0,23.0,36777.0,11323
2023-05-10 21:11:06,FG2312,FG312,1593.0,0.0,0.0,0.0,1,1594.0,1596.0,2,1591.0,1601.0,1608.0,1593.0,23.0,36777.0,11323
2023-05-10 21:11:10,FG2312,FG312,1593.0,0.0,0.0,0.0,1,1593.0,1595.0,1,1591.0,1601.0,1608.0,1593.0,23.0,36777.0,11323
2023-05-10 21:11:13,FG2312,FG312,1593.0,0.0,0.0,0.0,1,1592.0,1594.0,1,1591.0,1601.0,1608.0,1593.0,23.0,36777.0,11323
2023-05-10 21:11:15,FG2312,FG312,1593.0,0.0,0.0,0.0,1,1591.0,1593.0,1,1591.0,1601.0,1608.0,1593.0,23.0,36777.0,11323
2023-05-10 21:11:21,FG2312,FG312,1593.0,0.0,0.0,0.0,1,1591.0,1594.0,2,1591.0,1601.0,1608.0,1593.0,23.0,36777.0,11323
2023-05-10 21:11:21,FG2312,FG312,1593.0,0.0,0.0,0.0,1,1592.0,1594.0,2,1591.0,1601.0,1608.0,1593.0,23.0,36777.0,11323
2023-05-10 21:11:23,FG2312,FG312,1593.0,0.0,0.0,0.0,1,1592.0,1594.0,1,1591.0,1601.0,1608.0,1593.0,23.0,36777.0,11323
2023-05-10 21:11:27,FG2312,FG312,1593.0,0.0,0.0,0.0,1,1591.0,1593.0,1,1591.0,1601.0,1608.0,1593.0,23.0,36777.0,11323
2023-05-10 21:11:27,FG2312,FG312,1593.0,0.0,0.0,0.0,1,1591.0,1594.0,2,1591.0,1601.0,1608.0,1593.0,23.0,36777.0,11323
2023-05-10 21:11:30,FG2312,FG312,1593.0,0.0,0.0,0.0,1,1592.0,1594.0,2,1591.0,1601.0,1608.0,1593.0,23.0,36777.0,11323
2023-05-10 21:11:32,FG2312,FG312,1593.0,0.0,0.0,0.0,1,1591.0,1594.0,2,1591.0,1601.0,1608.0,1593.0,23.0,36777.0,11323
2023-05-10 21:11:32,FG2312,FG312,1593.0,0.0,0.0,0.0,1,1591.0,1593.0,1,1591.0,1601.0,1608.0,1593.0,23.0,36777.0,11323
2023-05-10 21:11:36,FG2312,FG312,1593.0,0.0,0.0,0.0,1,1591.0,1593.0,2,1591.0,1601.0,1608.0,1593.0,23.0,36777.0,11323
2023-05-10 21:11:37,FG2312,FG312,1593.0,0.0,0.0,0.0,1,1590.0,1593.0,2,1591.0,1601.0,1608.0,1593.0,23.0,36777.0,11323
2023-05-10 21:11:37,FG2312,FG312,1593.0,0.0,0.0,0.0,1,1590.0,1592.0,1,1591.0,1601.0,1608.0,1593.0,23.0,36777.0,11323
2023-05-10 21:11:40,FG2312,FG312,1593.0,0.0,0.0,0.0,1,1589.0,1591.0,1,1591.0,1601.0,1608.0,1593.0,23.0,36777.0,11323
2023-05-10 21:11:41,FG2312,FG312,1593.0,0.0,0.0,0.0,1,1589.0,1591.0,2,1591.0,1601.0,1608.0,1593.0,23.0,36777.0,11323
2023-05-10 21:11:42,FG2312,FG312,1593.0,0.0,0.0,0.0,1,1589.0,1591.0,1,1591.0,1601.0,1608.0,1593.0,23.0,36777.0,11323
2023-05-10 21:11:43,FG2312,FG312,1593.0,0.0,0.0,0.0,1,1589.0,1591.0,2,1591.0,1601.0,1608.0,1593.0,23.0,36777.0,11323
2023-05-10 21:11:44,FG2312,FG312,1593.0,0.0,0.0,0.0,1,1588.0,1590.0,1,1591.0,1601.0,1608.0,1593.0,23.0,36777.0,11323
2023-05-10 21:11:46,FG2312,FG312,1593.0,0.0,0.0,0.0,1,1589.0,1591.0,2,1591.0,1601.0,1608.0,1593.0,23.0,36777.0,11323
2023-05-10 21:11:47,FG2312,FG312,1589.0,1.0,1599.0,1.0,13,1588.0,1591.0,2,1591.0,1601.0,1608.0,1589.0,24.0,38376.0,11324
2023-05-10 21:11:48,FG2312,FG312,1589.0,0.0,0.0,0.0,15,1588.0,1591.0,1,1591.0,1601.0,1608.0,1589.0,24.0,38376.0,11324
2023-05-10 21:11:49,FG2312,FG312,1589.0,0.0,0.0,0.0,38,1588.0,1592.0,2,1591.0,1601.0,1608.0,1589.0,24.0,38376.0,11324
2023-05-10 21:11:49,FG2312,FG312,1589.0,0.0,0.0,0.0,3,1589.0,1592.0,2,1591.0,1601.0,1608.0,1589.0,24.0,38376.0,11324
2023-05-10 21:11:50,FG2312,FG312,1589.0,0.0,0.0,0.0,13,1589.0,1592.0,2,1591.0,1601.0,1608.0,1589.0,24.0,38376.0,11324
2023-05-10 21:11:51,FG2312,FG312,1589.0,0.0,0.0,0.0,12,1589.0,1592.0,2,1591.0,1601.0,1608.0,1589.0,24.0,38376.0,11324
2023-05-10 21:11:52,FG2312,FG312,1589.0,0.0,0.0,0.0,9,1589.0,1592.0,2,1591.0,1601.0,1608.0,1589.0,24.0,38376.0,11324
2023-05-10 21:11:52,FG2312,FG312,1589.0,0.0,0.0,0.0,11,1589.0,1592.0,2,1591.0,1601.0,1608.0,1589.0,24.0,38376.0,11324
2023-05-10 21:11:53,FG2312,FG312,1589.0,0.0,0.0,0.0,10,1589.0,1592.0,2,1591.0,1601.0,1608.0,1589.0,24.0,38376.0,11324
2023-05-10 21:11:55,FG2312,FG312,1589.0,0.0,0.0,0.0,59,1588.0,1591.0,1,1591.0,1601.0,1608.0,1589.0,24.0,38376.0,11324
2023-05-10 21:11:55,FG2312,FG312,1589.0,0.0,0.0,0.0,54,1588.0,1591.0,1,1591.0,1601.0,1608.0,1589.0,24.0,38376.0,11324
2023-05-10 21:11:56,FG2312,FG312,1589.0,0.0,0.0,0.0,6,1589.0,1592.0,2,1591.0,1601.0,1608.0,1589.0,24.0,38376.0,11324
2023-05-10 21:11:57,FG2312,FG312,1589.0,0.0,0.0,0.0,46,1588.0,1592.0,2,1591.0,1601.0,1608.0,1589.0,24.0,38376.0,11324
2023-05-10 21:11:57,FG2312,FG312,1589.0,0.0,0.0,0.0,47,1588.0,1592.0,2,1591.0,1601.0,1608.0,1589.0,24.0,38376.0,11324
2023-05-10 21:11:59,FG2312,FG312,1589.0,0.0,0.0,0.0,48,1588.0,1592.0,2,1591.0,1601.0,1608.0,1589.0,24.0,38376.0,11324
2023-05-10 21:11:59,FG2312,FG312,1589.0,0.0,0.0,0.0,48,1588.0,1591.0,1,1591.0,1601.0,1608.0,1589.0,24.0,38376.0,11324
2023-05-10 21:11:59,FG2312,FG312,1589.0,0.0,0.0,0.0,49,1588.0,1591.0,1,1591.0,1601.0,1608.0,1589.0,24.0,38376.0,11324
2023-05-10 21:12:02,FG2312,FG312,1589.0,0.0,0.0,0.0,51,1588.0,1591.0,1,1591.0,1601.0,1608.0,1589.0,24.0,38376.0,11324
2023-05-10 21:12:05,FG2312,FG312,1589.0,0.0,0.0,0.0,52,1588.0,1591.0,1,1591.0,1601.0,1608.0,1589.0,24.0,38376.0,11324
2023-05-10 21:12:06,FG2312,FG312,1589.0,0.0,0.0,0.0,58,1587.0,1591.0,2,1591.0,1601.0,1608.0,1589.0,24.0,38376.0,11324
2023-05-10 21:12:07,FG2312,FG312,1589.0,0.0,0.0,0.0,45,1587.0,1590.0,1,1591.0,1601.0,1608.0,1589.0,24.0,38376.0,11324
2023-05-10 21:12:07,FG2312,FG312,1589.0,0.0,0.0,0.0,35,1587.0,1590.0,1,1591.0,1601.0,1608.0,1589.0,24.0,38376.0,11324
2023-05-10 21:12:09,FG2312,FG312,1589.0,0.0,0.0,0.0,45,1587.0,1591.0,2,1591.0,1601.0,1608.0,1589.0,24.0,38376.0,11324
2023-05-10 21:12:09,FG2312,FG312,1589.0,0.0,0.0,0.0,6,1588.0,1591.0,1,1591.0,1601.0,1608.0,1589.0,24.0,38376.0,11324
2023-05-10 21:12:10,FG2312,FG312,1589.0,0.0,0.0,0.0,72,1588.0,1591.0,1,1591.0,1601.0,1608.0,1589.0,24.0,38376.0,11324
2023-05-10 21:12:10,FG2312,FG312,1589.0,0.0,0.0,0.0,83,1588.0,1592.0,2,1591.0,1601.0,1608.0,1589.0,24.0,38376.0,11324
2023-05-10 21:12:11,FG2312,FG312,1589.0,0.0,0.0,0.0,30,1589.0,1592.0,2,1591.0,1601.0,1608.0,1589.0,24.0,38376.0,11324
2023-05-10 21:12:11,FG2312,FG312,1589.0,0.0,0.0,0.0,29,1589.0,1592.0,1,1591.0,1601.0,1608.0,1589.0,24.0,38376.0,11324
2023-05-10 21:12:12,FG2312,FG312,1589.0,0.0,0.0,0.0,28,1589.0,1592.0,1,1591.0,1601.0,1608.0,1589.0,24.0,38376.0,11324
2023-05-10 21:12:13,FG2312,FG312,1589.0,0.0,0.0,0.0,24,1589.0,1592.0,1,1591.0,1601.0,1608.0,1589.0,24.0,38376.0,11324
2023-05-10 21:12:17,FG2312,FG312,1589.0,0.0,0.0,0.0,25,1589.0,1592.0,1,1591.0,1601.0,1608.0,1589.0,24.0,38376.0,11324
2023-05-10 21:12:17,FG2312,FG312,1589.0,0.0,0.0,0.0,27,1589.0,1592.0,1,1591.0,1601.0,1608.0,1589.0,24.0,38376.0,11324
2023-05-10 21:12:18,FG2312,FG312,1589.0,0.0,0.0,0.0,33,1589.0,1593.0,2,1591.0,1601.0,1608.0,1589.0,24.0,38376.0,11324
2023-05-10 21:12:18,FG2312,FG312,1589.0,0.0,0.0,0.0,4,1590.0,1593.0,2,1591.0,1601.0,1608.0,1589.0,24.0,38376.0,11324
2023-05-10 21:12:19,FG2312,FG312,1589.0,0.0,0.0,0.0,42,1589.0,1593.0,2,1591.0,1601.0,1608.0,1589.0,24.0,38376.0,11324
2023-05-10 21:12:19,FG2312,FG312,1589.0,0.0,0.0,0.0,5,1590.0,1593.0,2,1591.0,1601.0,1608.0,1589.0,24.0,38376.0,11324
2023-05-10 21:12:20,FG2312,FG312,1589.0,0.0,0.0,0.0,53,1589.0,1593.0,2,1591.0,1601.0,1608.0,1589.0,24.0,38376.0,11324
2023-05-10 21:12:22,FG2312,FG312,1589.0,0.0,0.0,0.0,53,1589.0,1592.0,1,1591.0,1601.0,1608.0,1589.0,24.0,38376.0,11324
2023-05-10 21:12:22,FG2312,FG312,1589.0,0.0,0.0,0.0,52,1589.0,1592.0,1,1591.0,1601.0,1608.0,1589.0,24.0,38376.0,11324
2023-05-10 21:12:23,FG2312,FG312,1589.0,0.0,0.0,0.0,68,1589.0,1592.0,1,1591.0,1601.0,1608.0,1589.0,24.0,38376.0,11324
2023-05-10 21:12:24,FG2312,FG312,1589.0,0.0,0.0,0.0,70,1589.0,1592.0,1,1591.0,1601.0,1608.0,1589.0,24.0,38376.0,11324
2023-05-10 21:12:24,FG2312,FG312,1589.0,0.0,0.0,0.0,71,1589.0,1592.0,1,1591.0,1601.0,1608.0,1589.0,24.0,38376.0,11324
2023-05-10 21:12:26,FG2312,FG312,1589.0,0.0,0.0,0.0,72,1589.0,1592.0,1,1591.0,1601.0,1608.0,1589.0,24.0,38376.0,11324
2023-05-10 21:12:27,FG2312,FG312,1589.0,0.0,0.0,0.0,73,1589.0,1592.0,1,1591.0,1601.0,1608.0,1589.0,24.0,38376.0,11324
2023-05-10 21:12:28,FG2312,FG312,1589.0,0.0,0.0,0.0,62,1589.0,1592.0,2,1591.0,1601.0,1608.0,1589.0,24.0,38376.0,11324
2023-05-10 21:12:28,FG2312,FG312,1589.0,0.0,0.0,0.0,60,1589.0,1592.0,2,1591.0,1601.0,1608.0,1589.0,24.0,38376.0,11324
2023-05-10 21:12:29,FG2312,FG312,1589.0,0.0,0.0,0.0,55,1589.0,1592.0,2,1591.0,1601.0,1608.0,1589.0,24.0,38376.0,11324
2023-05-10 21:12:29,FG2312,FG312,1589.0,0.0,0.0,0.0,54,1589.0,1592.0,2,1591.0,1601.0,1608.0,1589.0,24.0,38376.0,11324
2023-05-10 21:12:30,FG2312,FG312,1589.0,0.0,0.0,0.0,35,1589.0,1592.0,2,1591.0,1601.0,1608.0,1589.0,24.0,38376.0,11324
2023-05-10 21:12:30,FG2312,FG312,1589.0,0.0,0.0,0.0,8,1589.0,1592.0,2,1591.0,1601.0,1608.0,1589.0,24.0,38376.0,11324
2023-05-10 21:12:31,FG2312,FG312,1589.0,0.0,0.0,0.0,13,1589.0,1592.0,2,1591.0,1601.0,1608.0,1589.0,24.0,38376.0,11324
2023-05-10 21:12:32,FG2312,FG312,1589.0,0.0,0.0,0.0,13,1589.0,1592.0,1,1591.0,1601.0,1608.0,1589.0,24.0,38376.0,11324
2023-05-10 21:12:32,FG2312,FG312,1589.0,0.0,0.0,0.0,28,1589.0,1591.0,1,1591.0,1601.0,1608.0,1589.0,24.0,38376.0,11324
2023-05-10 21:12:33,FG2312,FG312,1589.0,0.0,0.0,0.0,31,1589.0,1592.0,2,1591.0,1601.0,1608.0,1589.0,24.0,38376.0,11324
2023-05-10 21:12:33,FG2312,FG312,1589.0,0.0,0.0,0.0,23,1589.0,1592.0,2,1591.0,1601.0,1608.0,1589.0,24.0,38376.0,11324
2023-05-10 21:12:34,FG2312,FG312,1589.0,0.0,0.0,0.0,25,1589.0,1591.0,1,1591.0,1601.0,1608.0,1589.0,24.0,38376.0,11324
2023-05-10 21:12:34,FG2312,FG312,1589.0,0.0,0.0,0.0,29,1589.0,1592.0,2,1591.0,1601.0,1608.0,1589.0,24.0,38376.0,11324
2023-05-10 21:12:35,FG2312,FG312,1589.0,0.0,0.0,0.0,29,1589.0,1592.0,1,1591.0,1601.0,1608.0,1589.0,24.0,38376.0,11324
2023-05-10 21:12:35,FG2312,FG312,1589.0,0.0,0.0,0.0,34,1589.0,1593.0,2,1591.0,1601.0,1608.0,1589.0,24.0,38376.0,11324
2023-05-10 21:12:35,FG2312,FG312,1589.0,0.0,0.0,0.0,43,1589.0,1593.0,2,1591.0,1601.0,1608.0,1589.0,24.0,38376.0,11324
2023-05-10 21:12:36,FG2312,FG312,1589.0,0.0,0.0,0.0,1,1590.0,1593.0,2,1591.0,1601.0,1608.0,1589.0,24.0,38376.0,11324
2023-05-10 21:12:37,FG2312,FG312,1589.0,0.0,0.0,0.0,20,1590.0,1593.0,2,1591.0,1601.0,1608.0,1589.0,24.0,38376.0,11324
2023-05-10 21:12:37,FG2312,FG312,1589.0,0.0,0.0,0.0,7,1590.0,1593.0,2,1591.0,1601.0,1608.0,1589.0,24.0,38376.0,11324
2023-05-10 21:12:38,FG2312,FG312,1589.0,0.0,0.0,0.0,42,1589.0,1593.0,2,1591.0,1601.0,1608.0,1589.0,24.0,38376.0,11324
2023-05-10 21:12:38,FG2312,FG312,1589.0,0.0,0.0,0.0,41,1589.0,1593.0,2,1591.0,1601.0,1608.0,1589.0,24.0,38376.0,11324
2023-05-10 21:12:39,FG2312,FG312,1589.0,0.0,0.0,0.0,29,1589.0,1592.0,1,1591.0,1601.0,1608.0,1589.0,24.0,38376.0,11324
2023-05-10 21:12:39,FG2312,FG312,1589.0,0.0,0.0,0.0,23,1589.0,1592.0,1,1591.0,1601.0,1608.0,1589.0,24.0,38376.0,11324
2023-05-10 21:12:40,FG2312,FG312,1589.0,0.0,0.0,0.0,19,1589.0,1592.0,1,1591.0,1601.0,1608.0,1589.0,24.0,38376.0,11324
2023-05-10 21:12:40,FG2312,FG312,1589.0,0.0,0.0,0.0,22,1589.0,1592.0,1,1591.0,1601.0,1608.0,1589.0,24.0,38376.0,11324
2023-05-10 21:12:41,FG2312,FG312,1589.0,0.0,0.0,0.0,33,1589.0,1592.0,1,1591.0,1601.0,1608.0,1589.0,24.0,38376.0,11324
2023-05-10 21:12:41,FG2312,FG312,1589.0,0.0,0.0,0.0,36,1589.0,1592.0,1,1591.0,1601.0,1608.0,1589.0,24.0,38376.0,11324
2023-05-10 21:12:42,FG2312,FG312,1589.0,0.0,0.0,0.0,37,1589.0,1592.0,1,1591.0,1601.0,1608.0,1589.0,24.0,38376.0,11324
2023-05-10 21:12:43,FG2312,FG312,1589.0,0.0,0.0,0.0,39,1589.0,1592.0,1,1591.0,1601.0,1608.0,1589.0,24.0,38376.0,11324
2023-05-10 21:12:46,FG2312,FG312,1589.0,0.0,0.0,0.0,35,1589.0,1592.0,1,1591.0,1601.0,1608.0,1589.0,24.0,38376.0,11324
2023-05-10 21:12:46,FG2312,FG312,1589.0,0.0,0.0,0.0,36,1589.0,1592.0,1,1591.0,1601.0,1608.0,1589.0,24.0,38376.0,11324
2023-05-10 21:12:48,FG2312,FG312,1592.0,2.0,3172.0,-2.0,1,1590.0,1592.0,2,1591.0,1601.0,1608.0,1589.0,26.0,41548.0,11322
2023-05-10 21:12:49,FG2312,FG312,1592.0,0.0,0.0,0.0,1,1590.0,1593.0,3,1591.0,1601.0,1608.0,1589.0,26.0,41548.0,11322
2023-05-10 21:12:52,FG2312,FG312,1592.0,0.0,0.0,0.0,1,1591.0,1593.0,3,1591.0,1601.0,1608.0,1589.0,26.0,41548.0,11322
2023-05-10 21:13:07,FG2312,FG312,1592.0,0.0,0.0,0.0,1,1592.0,1593.0,1,1591.0,1601.0,1608.0,1589.0,26.0,41548.0,11322
2023-05-10 21:13:08,FG2312,FG312,1592.0,0.0,0.0,0.0,1,1591.0,1593.0,1,1591.0,1601.0,1608.0,1589.0,26.0,41548.0,11322
2023-05-10 21:13:09,FG2312,FG312,1592.0,0.0,0.0,0.0,1,1591.0,1593.0,3,1591.0,1601.0,1608.0,1589.0,26.0,41548.0,11322
2023-05-10 21:13:12,FG2312,FG312,1592.0,0.0,0.0,0.0,1,1590.0,1592.0,2,1591.0,1601.0,1608.0,1589.0,26.0,41548.0,11322
2023-05-10 21:13:12,FG2312,FG312,1592.0,0.0,0.0,0.0,1,1591.0,1593.0,3,1591.0,1601.0,1608.0,1589.0,26.0,41548.0,11322
2023-05-10 21:13:13,FG2312,FG312,1592.0,0.0,0.0,0.0,1,1590.0,1592.0,2,1591.0,1601.0,1608.0,1589.0,26.0,41548.0,11322
2023-05-10 21:13:14,FG2312,FG312,1592.0,0.0,0.0,0.0,1,1591.0,1593.0,3,1591.0,1601.0,1608.0,1589.0,26.0,41548.0,11322
2023-05-10 21:13:28,FG2312,FG312,1592.0,0.0,0.0,0.0,1,1591.0,1593.0,1,1591.0,1601.0,1608.0,1589.0,26.0,41548.0,11322
2023-05-10 21:13:30,FG2312,FG312,1592.0,0.0,0.0,0.0,1,1592.0,1593.0,1,1591.0,1601.0,1608.0,1589.0,26.0,41548.0,11322
2023-05-10 21:13:31,FG2312,FG312,1592.0,0.0,0.0,0.0,1,1591.0,1593.0,1,1591.0,1601.0,1608.0,1589.0,26.0,41548.0,11322
2023-05-10 21:13:32,FG2312,FG312,1592.0,0.0,0.0,0.0,1,1591.0,1593.0,3,1591.0,1601.0,1608.0,1589.0,26.0,41548.0,11322
2023-05-10 21:13:40,FG2312,FG312,1592.0,0.0,0.0,0.0,1,1592.0,1593.0,1,1591.0,1601.0,1608.0,1589.0,26.0,41548.0,11322
2023-05-10 21:13:42,FG2312,FG312,1592.0,0.0,0.0,0.0,1,1592.0,1594.0,3,1591.0,1601.0,1608.0,1589.0,26.0,41548.0,11322
2023-05-10 21:13:42,FG2312,FG312,1592.0,0.0,0.0,0.0,1,1592.0,1593.0,1,1591.0,1601.0,1608.0,1589.0,26.0,41548.0,11322
2023-05-10 21:13:48,FG2312,FG312,1592.0,0.0,0.0,0.0,1,1591.0,1593.0,1,1591.0,1601.0,1608.0,1589.0,26.0,41548.0,11322
2023-05-10 21:13:49,FG2312,FG312,1592.0,0.0,0.0,0.0,1,1591.0,1593.0,3,1591.0,1601.0,1608.0,1589.0,26.0,41548.0,11322
2023-05-10 21:13:50,FG2312,FG312,1592.0,0.0,0.0,0.0,1,1591.0,1593.0,2,1591.0,1601.0,1608.0,1589.0,26.0,41548.0,11322
2023-05-10 21:13:52,FG2312,FG312,1592.0,0.0,0.0,0.0,1,1591.0,1593.0,3,1591.0,1601.0,1608.0,1589.0,26.0,41548.0,11322
2023-05-10 21:14:03,FG2312,FG312,1592.0,0.0,0.0,0.0,1,1592.0,1593.0,1,1591.0,1601.0,1608.0,1589.0,26.0,41548.0,11322
2023-05-10 21:14:05,FG2312,FG312,1592.0,0.0,0.0,0.0,1,1593.0,1594.0,1,1591.0,1601.0,1608.0,1589.0,26.0,41548.0,11322
2023-05-10 21:14:05,FG2312,FG312,1592.0,0.0,0.0,0.0,1,1593.0,1595.0,3,1591.0,1601.0,1608.0,1589.0,26.0,41548.0,11322
2023-05-10 21:14:09,FG2312,FG312,1592.0,0.0,0.0,0.0,1,1593.0,1595.0,1,1591.0,1601.0,1608.0,1589.0,26.0,41548.0,11322
2023-05-10 21:14:09,FG2312,FG312,1592.0,0.0,0.0,0.0,1,1594.0,1595.0,1,1591.0,1601.0,1608.0,1589.0,26.0,41548.0,11322
2023-05-10 21:14:13,FG2312,FG312,1592.0,0.0,0.0,0.0,1,1594.0,1596.0,3,1591.0,1601.0,1608.0,1589.0,26.0,41548.0,11322
2023-05-10 21:14:22,FG2312,FG312,1592.0,0.0,0.0,0.0,1,1593.0,1596.0,3,1591.0,1601.0,1608.0,1589.0,26.0,41548.0,11322
2023-05-10 21:14:23,FG2312,FG312,1592.0,0.0,0.0,0.0,1,1592.0,1595.0,2,1591.0,1601.0,1608.0,1589.0,26.0,41548.0,11322
2023-05-10 21:14:23,FG2312,FG312,1592.0,0.0,0.0,0.0,1,1593.0,1595.0,2,1591.0,1601.0,1608.0,1589.0,26.0,41548.0,11322
2023-05-10 21:14:30,FG2312,FG312,1592.0,0.0,0.0,0.0,1,1593.0,1596.0,3,1591.0,1601.0,1608.0,1589.0,26.0,41548.0,11322
2023-05-10 21:14:30,FG2312,FG312,1592.0,0.0,0.0,0.0,1,1593.0,1595.0,2,1591.0,1601.0,1608.0,1589.0,26.0,41548.0,11322
2023-05-10 21:14:41,FG2312,FG312,1592.0,0.0,0.0,0.0,1,1593.0,1596.0,3,1591.0,1601.0,1608.0,1589.0,26.0,41548.0,11322
2023-05-10 21:14:42,FG2312,FG312,1592.0,0.0,0.0,0.0,1,1593.0,1595.0,2,1591.0,1601.0,1608.0,1589.0,26.0,41548.0,11322
2023-05-10 21:14:43,FG2312,FG312,1592.0,0.0,0.0,0.0,1,1593.0,1596.0,3,1591.0,1601.0,1608.0,1589.0,26.0,41548.0,11322
2023-05-10 21:14:54,FG2312,FG312,1592.0,0.0,0.0,0.0,1,1594.0,1596.0,3,1591.0,1601.0,1608.0,1589.0,26.0,41548.0,11322
2023-05-10 21:14:55,FG2312,FG312,1592.0,0.0,0.0,0.0,1,1593.0,1596.0,3,1591.0,1601.0,1608.0,1589.0,26.0,41548.0,11322
2023-05-10 21:15:01,FG2312,FG312,1592.0,0.0,0.0,0.0,1,1594.0,1596.0,3,1591.0,1601.0,1608.0,1589.0,26.0,41548.0,11322
2023-05-10 21:15:02,FG2312,FG312,1592.0,0.0,0.0,0.0,1,1593.0,1596.0,3,1591.0,1601.0,1608.0,1589.0,26.0,41548.0,11322
2023-05-10 21:15:03,FG2312,FG312,1592.0,0.0,0.0,0.0,1,1593.0,1595.0,2,1591.0,1601.0,1608.0,1589.0,26.0,41548.0,11322
2023-05-10 21:15:19,FG2312,FG312,1592.0,0.0,0.0,0.0,1,1594.0,1596.0,3,1591.0,1601.0,1608.0,1589.0,26.0,41548.0,11322
2023-05-10 21:15:25,FG2312,FG312,1592.0,0.0,0.0,0.0,1,1593.0,1595.0,2,1591.0,1601.0,1608.0,1589.0,26.0,41548.0,11322
2023-05-10 21:15:26,FG2312,FG312,1592.0,0.0,0.0,0.0,1,1593.0,1596.0,3,1591.0,1601.0,1608.0,1589.0,26.0,41548.0,11322
2023-05-10 21:15:29,FG2312,FG312,1592.0,0.0,0.0,0.0,1,1593.0,1595.0,2,1591.0,1601.0,1608.0,1589.0,26.0,41548.0,11322
2023-05-10 21:15:43,FG2312,FG312,1592.0,0.0,0.0,0.0,1,1592.0,1595.0,2,1591.0,1601.0,1608.0,1589.0,26.0,41548.0,11322
2023-05-10 21:15:55,FG2312,FG312,1592.0,0.0,0.0,0.0,1,1592.0,1594.0,2,1591.0,1601.0,1608.0,1589.0,26.0,41548.0,11322
2023-05-10 21:16:00,FG2312,FG312,1592.0,0.0,0.0,0.0,1,1592.0,1594.0,3,1591.0,1601.0,1608.0,1589.0,26.0,41548.0,11322
2023-05-10 21:16:02,FG2312,FG312,1592.0,0.0,0.0,0.0,1,1591.0,1594.0,3,1591.0,1601.0,1608.0,1589.0,26.0,41548.0,11322
2023-05-10 21:16:02,FG2312,FG312,1592.0,0.0,0.0,0.0,1,1591.0,1593.0,2,1591.0,1601.0,1608.0,1589.0,26.0,41548.0,11322
2023-05-10 21:16:02,FG2312,FG312,1592.0,0.0,0.0,0.0,1,1590.0,1593.0,2,1591.0,1601.0,1608.0,1589.0,26.0,41548.0,11322
2023-05-10 21:16:06,FG2312,FG312,1592.0,0.0,0.0,0.0,1,1590.0,1592.0,2,1591.0,1601.0,1608.0,1589.0,26.0,41548.0,11322
2023-05-10 21:16:12,FG2312,FG312,1592.0,0.0,0.0,0.0,1,1589.0,1592.0,3,1591.0,1601.0,1608.0,1589.0,26.0,41548.0,11322
2023-05-10 21:16:12,FG2312,FG312,1592.0,0.0,0.0,0.0,1,1589.0,1591.0,2,1591.0,1601.0,1608.0,1589.0,26.0,41548.0,11322
2023-05-10 21:16:16,FG2312,FG312,1592.0,0.0,0.0,0.0,1,1588.0,1590.0,2,1591.0,1601.0,1608.0,1589.0,26.0,41548.0,11322
2023-05-10 21:16:18,FG2312,FG312,1592.0,0.0,0.0,0.0,1,1589.0,1591.0,2,1591.0,1601.0,1608.0,1589.0,26.0,41548.0,11322
2023-05-10 21:16:18,FG2312,FG312,1592.0,0.0,0.0,0.0,1,1589.0,1591.0,3,1591.0,1601.0,1608.0,1589.0,26.0,41548.0,11322
2023-05-10 21:16:20,FG2312,FG312,1592.0,0.0,0.0,0.0,1,1589.0,1591.0,2,1591.0,1601.0,1608.0,1589.0,26.0,41548.0,11322
2023-05-10 21:16:26,FG2312,FG312,1592.0,0.0,0.0,0.0,3,1588.0,1590.0,2,1591.0,1601.0,1608.0,1589.0,26.0,41548.0,11322
2023-05-10 21:16:26,FG2312,FG312,1592.0,0.0,0.0,0.0,3,1588.0,1591.0,2,1591.0,1601.0,1608.0,1589.0,26.0,41548.0,11322
2023-05-10 21:16:27,FG2312,FG312,1592.0,0.0,0.0,0.0,1,1588.0,1591.0,3,1591.0,1601.0,1608.0,1589.0,26.0,41548.0,11322
2023-05-10 21:16:28,FG2312,FG312,1592.0,0.0,0.0,0.0,1,1589.0,1591.0,2,1591.0,1601.0,1608.0,1589.0,26.0,41548.0,11322
2023-05-10 21:16:30,FG2312,FG312,1592.0,0.0,0.0,0.0,3,1588.0,1591.0,2,1591.0,1601.0,1608.0,1589.0,26.0,41548.0,11322
2023-05-10 21:16:31,FG2312,FG312,1592.0,0.0,0.0,0.0,1,1588.0,1591.0,3,1591.0,1601.0,1608.0,1589.0,26.0,41548.0,11322
2023-05-10 21:16:32,FG2312,FG312,1592.0,0.0,0.0,0.0,1,1589.0,1591.0,3,1591.0,1601.0,1608.0,1589.0,26.0,41548.0,11322
2023-05-10 21:16:42,FG2312,FG312,1592.0,0.0,0.0,0.0,1,1590.0,1592.0,3,1591.0,1601.0,1608.0,1589.0,26.0,41548.0,11322
2023-05-10 21:16:46,FG2312,FG312,1592.0,0.0,0.0,0.0,1,1590.0,1592.0,2,1591.0,1601.0,1608.0,1589.0,26.0,41548.0,11322
2023-05-10 21:16:48,FG2312,FG312,1592.0,0.0,0.0,0.0,1,1591.0,1592.0,1,1591.0,1601.0,1608.0,1589.0,26.0,41548.0,11322
2023-05-10 21:16:51,FG2312,FG312,1592.0,0.0,0.0,0.0,1,1591.0,1593.0,3,1591.0,1601.0,1608.0,1589.0,26.0,41548.0,11322
2023-05-10 21:17:03,FG2312,FG312,1592.0,0.0,0.0,0.0,1,1590.0,1593.0,3,1591.0,1601.0,1608.0,1589.0,26.0,41548.0,11322
2023-05-10 21:17:03,FG2312,FG312,1592.0,0.0,0.0,0.0,1,1590.0,1592.0,2,1591.0,1601.0,1608.0,1589.0,26.0,41548.0,11322
2023-05-10 21:17:04,FG2312,FG312,1592.0,0.0,0.0,0.0,1,1590.0,1592.0,3,1591.0,1601.0,1608.0,1589.0,26.0,41548.0,11322
2023-05-10 21:17:17,FG2312,FG312,1592.0,0.0,0.0,0.0,1,1589.0,1592.0,3,1591.0,1601.0,1608.0,1589.0,26.0,41548.0,11322
2023-05-10 21:17:18,FG2312,FG312,1592.0,0.0,0.0,0.0,1,1589.0,1591.0,2,1591.0,1601.0,1608.0,1589.0,26.0,41548.0,11322
2023-05-10 21:17:20,FG2312,FG312,1592.0,0.0,0.0,0.0,1,1589.0,1591.0,1,1591.0,1601.0,1608.0,1589.0,26.0,41548.0,11322
2023-05-10 21:17:21,FG2312,FG312,1592.0,0.0,0.0,0.0,1,1589.0,1592.0,3,1591.0,1601.0,1608.0,1589.0,26.0,41548.0,11322
2023-05-10 21:17:23,FG2312,FG312,1592.0,0.0,0.0,0.0,1,1590.0,1592.0,3,1591.0,1601.0,1608.0,1589.0,26.0,41548.0,11322
2023-05-10 21:17:24,FG2312,FG312,1592.0,0.0,0.0,0.0,1,1589.0,1592.0,3,1591.0,1601.0,1608.0,1589.0,26.0,41548.0,11322
2023-05-10 21:17:25,FG2312,FG312,1592.0,0.0,0.0,0.0,1,1590.0,1592.0,3,1591.0,1601.0,1608.0,1589.0,26.0,41548.0,11322
2023-05-10 21:17:25,FG2312,FG312,1592.0,0.0,0.0,0.0,1,1589.0,1592.0,3,1591.0,1601.0,1608.0,1589.0,26.0,41548.0,11322
2023-05-10 21:17:26,FG2312,FG312,1592.0,0.0,0.0,0.0,1,1589.0,1591.0,1,1591.0,1601.0,1608.0,1589.0,26.0,41548.0,11322
2023-05-10 21:17:28,FG2312,FG312,1592.0,0.0,0.0,0.0,1,1589.0,1591.0,2,1591.0,1601.0,1608.0,1589.0,26.0,41548.0,11322
2023-05-10 21:17:29,FG2312,FG312,1592.0,0.0,0.0,0.0,1,1589.0,1592.0,3,1591.0,1601.0,1608.0,1589.0,26.0,41548.0,11322
2023-05-10 21:17:30,FG2312,FG312,1592.0,0.0,0.0,0.0,1,1590.0,1592.0,3,1591.0,1601.0,1608.0,1589.0,26.0,41548.0,11322
2023-05-10 21:17:30,FG2312,FG312,1592.0,0.0,0.0,0.0,1,1589.0,1592.0,3,1591.0,1601.0,1608.0,1589.0,26.0,41548.0,11322
2023-05-10 21:17:32,FG2312,FG312,1592.0,0.0,0.0,0.0,1,1589.0,1591.0,1,1591.0,1601.0,1608.0,1589.0,26.0,41548.0,11322
2023-05-10 21:17:35,FG2312,FG312,1592.0,0.0,0.0,0.0,1,1590.0,1591.0,1,1591.0,1601.0,1608.0,1589.0,26.0,41548.0,11322
2023-05-10 21:17:36,FG2312,FG312,1592.0,0.0,0.0,0.0,1,1589.0,1591.0,1,1591.0,1601.0,1608.0,1589.0,26.0,41548.0,11322
2023-05-10 21:17:37,FG2312,FG312,1592.0,0.0,0.0,0.0,1,1589.0,1591.0,3,1591.0,1601.0,1608.0,1589.0,26.0,41548.0,11322
2023-05-10 21:17:42,FG2312,FG312,1592.0,0.0,0.0,0.0,1,1589.0,1591.0,2,1591.0,1601.0,1608.0,1589.0,26.0,41548.0,11322
2023-05-10 21:17:44,FG2312,FG312,1592.0,0.0,0.0,0.0,1,1589.0,1591.0,3,1591.0,1601.0,1608.0,1589.0,26.0,41548.0,11322
2023-05-10 21:17:50,FG2312,FG312,1592.0,0.0,0.0,0.0,1,1590.0,1591.0,1,1591.0,1601.0,1608.0,1589.0,26.0,41548.0,11322
2023-05-10 21:17:54,FG2312,FG312,1592.0,0.0,0.0,0.0,1,1590.0,1592.0,3,1591.0,1601.0,1608.0,1589.0,26.0,41548.0,11322
2023-05-10 21:18:00,FG2312,FG312,1592.0,0.0,0.0,0.0,1,1590.0,1592.0,1,1591.0,1601.0,1608.0,1589.0,26.0,41548.0,11322
2023-05-10 21:18:08,FG2312,FG312,1592.0,0.0,0.0,0.0,1,1591.0,1592.0,1,1591.0,1601.0,1608.0,1589.0,26.0,41548.0,11322
2023-05-10 21:18:09,FG2312,FG312,1592.0,0.0,0.0,0.0,1,1590.0,1592.0,1,1591.0,1601.0,1608.0,1589.0,26.0,41548.0,11322
2023-05-10 21:18:10,FG2312,FG312,1592.0,0.0,0.0,0.0,1,1591.0,1592.0,1,1591.0,1601.0,1608.0,1589.0,26.0,41548.0,11322
2023-05-10 21:18:11,FG2312,FG312,1592.0,0.0,0.0,0.0,1,1590.0,1592.0,1,1591.0,1601.0,1608.0,1589.0,26.0,41548.0,11322
2023-05-10 21:18:19,FG2312,FG312,1592.0,0.0,0.0,0.0,1,1590.0,1593.0,3,1591.0,1601.0,1608.0,1589.0,26.0,41548.0,11322
2023-05-10 21:18:22,FG2312,FG312,1592.0,0.0,0.0,0.0,1,1590.0,1592.0,2,1591.0,1601.0,1608.0,1589.0,26.0,41548.0,11322
2023-05-10 21:18:23,FG2312,FG312,1592.0,0.0,0.0,0.0,1,1590.0,1593.0,3,1591.0,1601.0,1608.0,1589.0,26.0,41548.0,11322
2023-05-10 21:18:24,FG2312,FG312,1592.0,0.0,0.0,0.0,1,1590.0,1592.0,3,1591.0,1601.0,1608.0,1589.0,26.0,41548.0,11322
2023-05-10 21:18:27,FG2312,FG312,1592.0,0.0,0.0,0.0,1,1591.0,1592.0,1,1591.0,1601.0,1608.0,1589.0,26.0,41548.0,11322
2023-05-10 21:18:27,FG2312,FG312,1592.0,0.0,0.0,0.0,1,1590.0,1592.0,1,1591.0,1601.0,1608.0,1589.0,26.0,41548.0,11322
2023-05-10 21:18:28,FG2312,FG312,1592.0,0.0,0.0,0.0,1,1590.0,1592.0,3,1591.0,1601.0,1608.0,1589.0,26.0,41548.0,11322
2023-05-10 21:18:37,FG2312,FG312,1592.0,0.0,0.0,0.0,1,1590.0,1592.0,2,1591.0,1601.0,1608.0,1589.0,26.0,41548.0,11322
2023-05-10 21:18:41,FG2312,FG312,1592.0,0.0,0.0,0.0,1,1591.0,1593.0,3,1591.0,1601.0,1608.0,1589.0,26.0,41548.0,11322
2023-05-10 21:18:46,FG2312,FG312,1592.0,0.0,0.0,0.0,1,1591.0,1593.0,1,1591.0,1601.0,1608.0,1589.0,26.0,41548.0,11322
2023-05-10 21:18:46,FG2312,FG312,1592.0,0.0,0.0,0.0,1,1592.0,1593.0,1,1591.0,1601.0,1608.0,1589.0,26.0,41548.0,11322
2023-05-10 21:18:48,FG2312,FG312,1592.0,0.0,0.0,0.0,1,1592.0,1594.0,3,1591.0,1601.0,1608.0,1589.0,26.0,41548.0,11322
2023-05-10 21:18:48,FG2312,FG312,1592.0,0.0,0.0,0.0,1,1592.0,1594.0,2,1591.0,1601.0,1608.0,1589.0,26.0,41548.0,11322
2023-05-10 21:18:50,FG2312,FG312,1592.0,0.0,0.0,0.0,1,1592.0,1595.0,3,1591.0,1601.0,1608.0,1589.0,26.0,41548.0,11322
2023-05-10 21:18:50,FG2312,FG312,1592.0,0.0,0.0,0.0,1,1593.0,1595.0,3,1591.0,1601.0,1608.0,1589.0,26.0,41548.0,11322
2023-05-10 21:19:00,FG2312,FG312,1592.0,0.0,0.0,0.0,1,1592.0,1595.0,3,1591.0,1601.0,1608.0,1589.0,26.0,41548.0,11322
2023-05-10 21:19:00,FG2312,FG312,1592.0,0.0,0.0,0.0,1,1592.0,1594.0,2,1591.0,1601.0,1608.0,1589.0,26.0,41548.0,11322
2023-05-10 21:19:04,FG2312,FG312,1592.0,0.0,0.0,0.0,1,1592.0,1595.0,3,1591.0,1601.0,1608.0,1589.0,26.0,41548.0,11322
2023-05-10 21:19:05,FG2312,FG312,1592.0,0.0,0.0,0.0,1,1592.0,1594.0,2,1591.0,1601.0,1608.0,1589.0,26.0,41548.0,11322
2023-05-10 21:19:07,FG2312,FG312,1592.0,0.0,0.0,0.0,1,1592.0,1595.0,3,1591.0,1601.0,1608.0,1589.0,26.0,41548.0,11322
2023-05-10 21:19:08,FG2312,FG312,1592.0,0.0,0.0,0.0,1,1592.0,1595.0,2,1591.0,1601.0,1608.0,1589.0,26.0,41548.0,11322
2023-05-10 21:19:12,FG2312,FG312,1592.0,0.0,0.0,0.0,1,1592.0,1594.0,1,1591.0,1601.0,1608.0,1589.0,26.0,41548.0,11322
2023-05-10 21:19:12,FG2312,FG312,1592.0,0.0,0.0,0.0,1,1592.0,1594.0,2,1591.0,1601.0,1608.0,1589.0,26.0,41548.0,11322
2023-05-10 21:19:20,FG2312,FG312,1591.0,3.0,4765.0,1.0,29,1591.0,1594.0,2,1591.0,1601.0,1608.0,1589.0,29.0,46313.0,11323
2023-05-10 21:19:21,FG2312,FG312,1591.0,0.0,0.0,0.0,20,1591.0,1594.0,2,1591.0,1601.0,1608.0,1589.0,29.0,46313.0,11323
2023-05-10 21:19:23,FG2312,FG312,1591.0,0.0,0.0,0.0,23,1591.0,1594.0,2,1591.0,1601.0,1608.0,1589.0,29.0,46313.0,11323
2023-05-10 21:19:24,FG2312,FG312,1591.0,0.0,0.0,0.0,24,1591.0,1594.0,2,1591.0,1601.0,1608.0,1589.0,29.0,46313.0,11323
2023-05-10 21:19:26,FG2312,FG312,1591.0,0.0,0.0,0.0,25,1591.0,1594.0,2,1591.0,1601.0,1608.0,1589.0,29.0,46313.0,11323
2023-05-10 21:19:28,FG2312,FG312,1591.0,0.0,0.0,0.0,25,1591.0,1595.0,2,1591.0,1601.0,1608.0,1589.0,29.0,46313.0,11323
2023-05-10 21:19:28,FG2312,FG312,1591.0,0.0,0.0,0.0,27,1591.0,1594.0,2,1591.0,1601.0,1608.0,1589.0,29.0,46313.0,11323
2023-05-10 21:19:33,FG2312,FG312,1591.0,0.0,0.0,0.0,28,1591.0,1594.0,2,1591.0,1601.0,1608.0,1589.0,29.0,46313.0,11323
2023-05-10 21:19:34,FG2312,FG312,1591.0,0.0,0.0,0.0,27,1591.0,1594.0,2,1591.0,1601.0,1608.0,1589.0,29.0,46313.0,11323
2023-05-10 21:19:36,FG2312,FG312,1591.0,0.0,0.0,0.0,35,1591.0,1594.0,2,1591.0,1601.0,1608.0,1589.0,29.0,46313.0,11323
2023-05-10 21:19:37,FG2312,FG312,1591.0,0.0,0.0,0.0,33,1591.0,1594.0,2,1591.0,1601.0,1608.0,1589.0,29.0,46313.0,11323
2023-05-10 21:19:39,FG2312,FG312,1591.0,0.0,0.0,0.0,35,1591.0,1594.0,2,1591.0,1601.0,1608.0,1589.0,29.0,46313.0,11323
2023-05-10 21:19:40,FG2312,FG312,1591.0,0.0,0.0,0.0,34,1591.0,1594.0,2,1591.0,1601.0,1608.0,1589.0,29.0,46313.0,11323
2023-05-10 21:19:42,FG2312,FG312,1591.0,0.0,0.0,0.0,35,1591.0,1594.0,2,1591.0,1601.0,1608.0,1589.0,29.0,46313.0,11323
2023-05-10 21:19:45,FG2312,FG312,1591.0,0.0,0.0,0.0,26,1591.0,1594.0,2,1591.0,1601.0,1608.0,1589.0,29.0,46313.0,11323
2023-05-10 21:19:46,FG2312,FG312,1591.0,0.0,0.0,0.0,23,1591.0,1594.0,2,1591.0,1601.0,1608.0,1589.0,29.0,46313.0,11323
2023-05-10 21:19:46,FG2312,FG312,1591.0,0.0,0.0,0.0,18,1591.0,1594.0,2,1591.0,1601.0,1608.0,1589.0,29.0,46313.0,11323
2023-05-10 21:19:50,FG2312,FG312,1591.0,0.0,0.0,0.0,49,1590.0,1594.0,2,1591.0,1601.0,1608.0,1589.0,29.0,46313.0,11323
2023-05-10 21:19:50,FG2312,FG312,1591.0,0.0,0.0,0.0,50,1590.0,1594.0,2,1591.0,1601.0,1608.0,1589.0,29.0,46313.0,11323
2023-05-10 21:19:51,FG2312,FG312,1591.0,0.0,0.0,0.0,51,1590.0,1594.0,2,1591.0,1601.0,1608.0,1589.0,29.0,46313.0,11323
2023-05-10 21:19:51,FG2312,FG312,1591.0,0.0,0.0,0.0,52,1590.0,1594.0,2,1591.0,1601.0,1608.0,1589.0,29.0,46313.0,11323
2023-05-10 21:19:53,FG2312,FG312,1591.0,0.0,0.0,0.0,52,1590.0,1593.0,2,1591.0,1601.0,1608.0,1589.0,29.0,46313.0,11323
2023-05-10 21:19:53,FG2312,FG312,1591.0,0.0,0.0,0.0,50,1590.0,1593.0,2,1591.0,1601.0,1608.0,1589.0,29.0,46313.0,11323
2023-05-10 21:19:53,FG2312,FG312,1591.0,0.0,0.0,0.0,49,1590.0,1593.0,2,1591.0,1601.0,1608.0,1589.0,29.0,46313.0,11323
2023-05-10 21:19:57,FG2312,FG312,1591.0,0.0,0.0,0.0,50,1590.0,1593.0,2,1591.0,1601.0,1608.0,1589.0,29.0,46313.0,11323
2023-05-10 21:20:00,FG2312,FG312,1591.0,0.0,0.0,0.0,52,1590.0,1593.0,2,1591.0,1601.0,1608.0,1589.0,29.0,46313.0,11323
2023-05-10 21:20:02,FG2312,FG312,1591.0,0.0,0.0,0.0,50,1590.0,1593.0,3,1591.0,1601.0,1608.0,1589.0,29.0,46313.0,11323
2023-05-10 21:20:07,FG2312,FG312,1591.0,0.0,0.0,0.0,52,1590.0,1593.0,3,1591.0,1601.0,1608.0,1589.0,29.0,46313.0,11323
2023-05-10 21:20:08,FG2312,FG312,1591.0,0.0,0.0,0.0,53,1590.0,1593.0,3,1591.0,1601.0,1608.0,1589.0,29.0,46313.0,11323
2023-05-10 21:20:13,FG2312,FG312,1591.0,0.0,0.0,0.0,55,1590.0,1593.0,2,1591.0,1601.0,1608.0,1589.0,29.0,46313.0,11323
2023-05-10 21:20:16,FG2312,FG312,1591.0,0.0,0.0,0.0,19,1591.0,1594.0,2,1591.0,1601.0,1608.0,1589.0,29.0,46313.0,11323
2023-05-10 21:20:18,FG2312,FG312,1591.0,0.0,0.0,0.0,20,1591.0,1594.0,2,1591.0,1601.0,1608.0,1589.0,29.0,46313.0,11323
2023-05-10 21:20:18,FG2312,FG312,1591.0,0.0,0.0,0.0,22,1591.0,1594.0,2,1591.0,1601.0,1608.0,1589.0,29.0,46313.0,11323
2023-05-10 21:20:24,FG2312,FG312,1591.0,0.0,0.0,0.0,18,1591.0,1594.0,2,1591.0,1601.0,1608.0,1589.0,29.0,46313.0,11323
2023-05-10 21:20:24,FG2312,FG312,1591.0,0.0,0.0,0.0,17,1591.0,1594.0,2,1591.0,1601.0,1608.0,1589.0,29.0,46313.0,11323
2023-05-10 21:20:25,FG2312,FG312,1591.0,0.0,0.0,0.0,29,1591.0,1594.0,2,1591.0,1601.0,1608.0,1589.0,29.0,46313.0,11323
2023-05-10 21:20:25,FG2312,FG312,1591.0,0.0,0.0,0.0,31,1591.0,1594.0,2,1591.0,1601.0,1608.0,1589.0,29.0,46313.0,11323
2023-05-10 21:20:27,FG2312,FG312,1591.0,0.0,0.0,0.0,34,1591.0,1594.0,2,1591.0,1601.0,1608.0,1589.0,29.0,46313.0,11323
2023-05-10 21:20:27,FG2312,FG312,1591.0,0.0,0.0,0.0,38,1591.0,1594.0,2,1591.0,1601.0,1608.0,1589.0,29.0,46313.0,11323
