time,symbol_id,symbol_name,last,trade_volume,trade_amount,open_interest_change,bv1,bp1,ap1,av1,yesterday_close,today_open,today_high,today_low,volume,amount,open_interest
2023-05-10 19:12:58,FG2307,FG2307,1761.0,0.0,0.0,0.0,0,0.0,0.0,0,1761.0,1757.0,0.0,0.0,0.0,0.0,135086
2023-05-10 20:55:00,FG2307,FG2307,1761.0,0.0,0.0,0.0,0,0.0,0.0,0,1761.0,1757.0,0.0,0.0,0.0,0.0,135086
2023-05-10 20:55:01,FG2307,FG2307,1761.0,0.0,0.0,0.0,0,0.0,0.0,0,1761.0,1757.0,0.0,0.0,0.0,0.0,135086
2023-05-10 20:55:02,FG2307,FG2307,1761.0,0.0,0.0,0.0,0,0.0,0.0,0,1761.0,1757.0,0.0,0.0,0.0,0.0,135086
2023-05-10 20:56:05,FG2307,FG2307,1761.0,0.0,0.0,0.0,0,0.0,0.0,0,1761.0,1757.0,0.0,0.0,0.0,0.0,135086
2023-05-10 20:56:06,FG2307,FG2307,1761.0,0.0,0.0,0.0,0,0.0,0.0,0,1761.0,1757.0,0.0,0.0,0.0,0.0,135086
2023-05-10 20:57:10,FG2307,FG2307,1761.0,0.0,0.0,0.0,0,0.0,0.0,0,1761.0,1757.0,0.0,0.0,0.0,0.0,135086
2023-05-10 20:57:10,FG2307,FG2307,1761.0,0.0,0.0,0.0,0,0.0,0.0,0,1761.0,1757.0,0.0,0.0,0.0,0.0,135086
2023-05-10 20:57:37,FG2307,FG2307,1761.0,0.0,0.0,0.0,0,0.0,0.0,0,1761.0,1757.0,0.0,0.0,0.0,0.0,135086
2023-05-10 20:57:42,FG2307,FG2307,1761.0,0.0,0.0,0.0,0,0.0,0.0,0,1761.0,1757.0,0.0,0.0,0.0,0.0,135086
2023-05-10 20:57:44,FG2307,FG2307,1761.0,0.0,0.0,0.0,0,0.0,0.0,0,1761.0,1757.0,0.0,0.0,0.0,0.0,135086
2023-05-10 20:57:45,FG2307,FG2307,1761.0,0.0,0.0,0.0,0,0.0,0.0,0,1761.0,1757.0,0.0,0.0,0.0,0.0,135086
2023-05-10 20:57:47,FG2307,FG2307,1761.0,0.0,0.0,0.0,0,0.0,0.0,0,1761.0,1757.0,0.0,0.0,0.0,0.0,135086
2023-05-10 20:57:47,FG2307,FG2307,1761.0,0.0,0.0,0.0,0,0.0,0.0,0,1761.0,1757.0,0.0,0.0,0.0,0.0,135086
2023-05-10 20:57:54,FG2307,FG2307,1761.0,0.0,0.0,0.0,0,0.0,0.0,0,1761.0,1757.0,0.0,0.0,0.0,0.0,135086
2023-05-10 20:58:01,FG2307,FG2307,1761.0,0.0,0.0,0.0,0,0.0,0.0,0,1761.0,1757.0,0.0,0.0,0.0,0.0,135086
2023-05-10 20:58:02,FG2307,FG2307,1761.0,0.0,0.0,0.0,0,0.0,0.0,0,1761.0,1757.0,0.0,0.0,0.0,0.0,135086
2023-05-10 20:58:11,FG2307,FG2307,1761.0,0.0,0.0,0.0,0,0.0,0.0,0,1761.0,1757.0,0.0,0.0,0.0,0.0,135086
2023-05-10 20:58:16,FG2307,FG2307,1761.0,0.0,0.0,0.0,0,0.0,0.0,0,1761.0,1757.0,0.0,0.0,0.0,0.0,135086
2023-05-10 20:58:16,FG2307,FG2307,1761.0,0.0,0.0,0.0,0,0.0,0.0,0,1761.0,1757.0,0.0,0.0,0.0,0.0,135086
2023-05-10 20:58:17,FG2307,FG2307,1761.0,0.0,0.0,0.0,0,0.0,0.0,0,1761.0,1757.0,0.0,0.0,0.0,0.0,135086
2023-05-10 20:58:24,FG2307,FG2307,1761.0,0.0,0.0,0.0,0,0.0,0.0,0,1761.0,1757.0,0.0,0.0,0.0,0.0,135086
2023-05-10 20:58:25,FG2307,FG2307,1761.0,0.0,0.0,0.0,0,0.0,0.0,0,1761.0,1757.0,0.0,0.0,0.0,0.0,135086
2023-05-10 20:58:26,FG2307,FG2307,1761.0,0.0,0.0,0.0,0,0.0,0.0,0,1761.0,1757.0,0.0,0.0,0.0,0.0,135086
2023-05-10 20:58:27,FG2307,FG2307,1761.0,0.0,0.0,0.0,0,0.0,0.0,0,1761.0,1757.0,0.0,0.0,0.0,0.0,135086
2023-05-10 20:58:28,FG2307,FG2307,1761.0,0.0,0.0,0.0,0,0.0,0.0,0,1761.0,1757.0,0.0,0.0,0.0,0.0,135086
2023-05-10 20:58:31,FG2307,FG2307,1761.0,0.0,0.0,0.0,0,0.0,0.0,0,1761.0,1757.0,0.0,0.0,0.0,0.0,135086
2023-05-10 20:58:32,FG2307,FG2307,1761.0,0.0,0.0,0.0,0,0.0,0.0,0,1761.0,1757.0,0.0,0.0,0.0,0.0,135086
2023-05-10 20:58:32,FG2307,FG2307,1761.0,0.0,0.0,0.0,0,0.0,0.0,0,1761.0,1757.0,0.0,0.0,0.0,0.0,135086
2023-05-10 20:58:36,FG2307,FG2307,1761.0,0.0,0.0,0.0,0,0.0,0.0,0,1761.0,1757.0,0.0,0.0,0.0,0.0,135086
2023-05-10 20:58:38,FG2307,FG2307,1761.0,0.0,0.0,0.0,0,0.0,0.0,0,1761.0,1757.0,0.0,0.0,0.0,0.0,135086
2023-05-10 20:58:39,FG2307,FG2307,1761.0,0.0,0.0,0.0,0,0.0,0.0,0,1761.0,1757.0,0.0,0.0,0.0,0.0,135086
2023-05-10 20:58:40,FG2307,FG2307,1761.0,0.0,0.0,0.0,0,0.0,0.0,0,1761.0,1757.0,0.0,0.0,0.0,0.0,135086
2023-05-10 20:58:41,FG2307,FG2307,1761.0,0.0,0.0,0.0,0,0.0,0.0,0,1761.0,1757.0,0.0,0.0,0.0,0.0,135086
2023-05-10 20:58:42,FG2307,FG2307,1761.0,0.0,0.0,0.0,0,0.0,0.0,0,1761.0,1757.0,0.0,0.0,0.0,0.0,135086
2023-05-10 20:58:45,FG2307,FG2307,1761.0,0.0,0.0,0.0,0,0.0,0.0,0,1761.0,1757.0,0.0,0.0,0.0,0.0,135086
2023-05-10 20:59:00,FG2307,FG2307,1757.0,2062.0,3622934.0,-2014.0,5,1755.0,1765.0,6,1761.0,1757.0,1757.0,1757.0,2062.0,3622934.0,133072
2023-05-10 21:00:00,FG2307,FG2307,1763.0,27.0,47439.0,8.0,2,1755.0,1758.0,3,1761.0,1757.0,1765.0,1757.0,2089.0,3670373.0,133080
2023-05-10 21:00:00,FG2307,FG2307,1763.0,0.0,0.0,0.0,2,1755.0,1757.0,3,1761.0,1757.0,1765.0,1757.0,2089.0,3670373.0,133080
2023-05-10 21:00:01,FG2307,FG2307,1748.0,23.0,40411.0,0.0,8,1756.0,1757.0,1,1761.0,1757.0,1765.0,1748.0,2112.0,3710784.0,133080
2023-05-10 21:00:01,FG2307,FG2307,1760.0,6.0,10542.0,-2.0,6,1756.0,1759.0,1,1761.0,1757.0,1765.0,1748.0,2118.0,3721326.0,133078
2023-05-10 21:00:02,FG2307,FG2307,1756.0,12.0,21084.0,0.0,3,1756.0,1757.0,4,1761.0,1757.0,1765.0,1748.0,2130.0,3742410.0,133078
2023-05-10 21:00:03,FG2307,FG2307,1756.0,7.0,12299.0,1.0,11,1756.0,1758.0,6,1761.0,1757.0,1765.0,1748.0,2137.0,3754709.0,133079
2023-05-10 21:00:03,FG2307,FG2307,1759.0,9.0,15813.0,-9.0,28,1756.0,1759.0,9,1761.0,1757.0,1765.0,1748.0,2146.0,3770522.0,133070
2023-05-10 21:00:03,FG2307,FG2307,1759.0,8.0,14056.0,1.0,2,1757.0,1759.0,8,1761.0,1757.0,1765.0,1748.0,2154.0,3784578.0,133071
2023-05-10 21:00:04,FG2307,FG2307,1752.0,74.0,130018.0,-7.0,3,1757.0,1759.0,4,1761.0,1757.0,1765.0,1748.0,2228.0,3914596.0,133064
2023-05-10 21:00:04,FG2307,FG2307,1760.0,43.0,75551.0,8.0,89,1759.0,1760.0,6,1761.0,1757.0,1765.0,1748.0,2271.0,3990147.0,133072
2023-05-10 21:00:05,FG2307,FG2307,1759.0,75.0,131775.0,44.0,14,1759.0,1760.0,4,1761.0,1757.0,1765.0,1748.0,2346.0,4121922.0,133116
2023-05-10 21:00:05,FG2307,FG2307,1758.0,25.0,43925.0,4.0,11,1758.0,1760.0,5,1761.0,1757.0,1765.0,1748.0,2371.0,4165847.0,133120
2023-05-10 21:00:06,FG2307,FG2307,1758.0,3.0,5271.0,-2.0,11,1758.0,1759.0,5,1761.0,1757.0,1765.0,1748.0,2374.0,4171118.0,133118
2023-05-10 21:00:06,FG2307,FG2307,1759.0,5.0,8785.0,0.0,12,1758.0,1760.0,2,1761.0,1757.0,1765.0,1748.0,2379.0,4179903.0,133118
2023-05-10 21:00:07,FG2307,FG2307,1759.0,10.0,17570.0,-3.0,14,1758.0,1761.0,1,1761.0,1757.0,1765.0,1748.0,2389.0,4197473.0,133115
2023-05-10 21:00:07,FG2307,FG2307,1760.0,1.0,1757.0,0.0,2,1760.0,1762.0,2,1761.0,1757.0,1765.0,1748.0,2390.0,4199230.0,133115
2023-05-10 21:00:08,FG2307,FG2307,1760.0,0.0,0.0,0.0,1,1761.0,1762.0,3,1761.0,1757.0,1765.0,1748.0,2390.0,4199230.0,133115
2023-05-10 21:00:08,FG2307,FG2307,1758.0,39.0,68523.0,-21.0,9,1757.0,1758.0,124,1761.0,1757.0,1765.0,1748.0,2429.0,4267753.0,133094
2023-05-10 21:00:09,FG2307,FG2307,1758.0,69.0,121233.0,-21.0,7,1757.0,1758.0,55,1761.0,1757.0,1765.0,1748.0,2498.0,4388986.0,133073
2023-05-10 21:00:09,FG2307,FG2307,1758.0,25.0,43925.0,-6.0,8,1757.0,1758.0,30,1761.0,1757.0,1765.0,1748.0,2523.0,4432911.0,133067
2023-05-10 21:00:10,FG2307,FG2307,1757.0,14.0,24598.0,-6.0,7,1757.0,1758.0,22,1761.0,1757.0,1765.0,1748.0,2537.0,4457509.0,133061
2023-05-10 21:00:10,FG2307,FG2307,1758.0,5.0,8785.0,-2.0,5,1757.0,1758.0,19,1761.0,1757.0,1765.0,1748.0,2542.0,4466294.0,133059
2023-05-10 21:00:11,FG2307,FG2307,1757.0,4.0,7028.0,-4.0,4,1757.0,1758.0,19,1761.0,1757.0,1765.0,1748.0,2546.0,4473322.0,133055
2023-05-10 21:00:11,FG2307,FG2307,1758.0,19.0,33383.0,-3.0,7,1757.0,1760.0,2,1761.0,1757.0,1765.0,1748.0,2565.0,4506705.0,133052
2023-05-10 21:00:12,FG2307,FG2307,1760.0,3.0,5271.0,0.0,6,1758.0,1760.0,2,1761.0,1757.0,1765.0,1748.0,2568.0,4511976.0,133052
2023-05-10 21:00:12,FG2307,FG2307,1760.0,0.0,0.0,0.0,5,1758.0,1759.0,4,1761.0,1757.0,1765.0,1748.0,2568.0,4511976.0,133052
2023-05-10 21:00:13,FG2307,FG2307,1760.0,5.0,8785.0,4.0,5,1759.0,1760.0,1,1761.0,1757.0,1765.0,1748.0,2573.0,4520761.0,133056
2023-05-10 21:00:14,FG2307,FG2307,1760.0,0.0,0.0,0.0,5,1759.0,1760.0,2,1761.0,1757.0,1765.0,1748.0,2573.0,4520761.0,133056
2023-05-10 21:00:14,FG2307,FG2307,1759.0,3.0,5271.0,0.0,2,1759.0,1760.0,2,1761.0,1757.0,1765.0,1748.0,2576.0,4526032.0,133056
2023-05-10 21:00:15,FG2307,FG2307,1758.0,25.0,43925.0,-16.0,3,1757.0,1758.0,145,1761.0,1757.0,1765.0,1748.0,2601.0,4569957.0,133040
2023-05-10 21:00:15,FG2307,FG2307,1757.0,19.0,33383.0,-16.0,10,1756.0,1758.0,137,1761.0,1757.0,1765.0,1748.0,2620.0,4603340.0,133024
2023-05-10 21:00:16,FG2307,FG2307,1758.0,37.0,65009.0,-13.0,8,1757.0,1758.0,110,1761.0,1757.0,1765.0,1748.0,2657.0,4668349.0,133011
2023-05-10 21:00:16,FG2307,FG2307,1758.0,0.0,0.0,0.0,1,1757.0,1758.0,110,1761.0,1757.0,1765.0,1748.0,2657.0,4668349.0,133011
2023-05-10 21:00:17,FG2307,FG2307,1757.0,6.0,10542.0,-6.0,20,1756.0,1758.0,110,1761.0,1757.0,1765.0,1748.0,2663.0,4678891.0,133005
2023-05-10 21:00:18,FG2307,FG2307,1757.0,4.0,7028.0,4.0,4,1757.0,1758.0,110,1761.0,1757.0,1765.0,1748.0,2667.0,4685919.0,133009
2023-05-10 21:00:18,FG2307,FG2307,1758.0,6.0,10542.0,-2.0,7,1757.0,1758.0,104,1761.0,1757.0,1765.0,1748.0,2673.0,4696461.0,133007
2023-05-10 21:00:18,FG2307,FG2307,1758.0,103.0,180971.0,-1.0,3,1758.0,1760.0,3,1761.0,1757.0,1765.0,1748.0,2776.0,4877432.0,133006
2023-05-10 21:00:19,FG2307,FG2307,1758.0,0.0,0.0,0.0,3,1758.0,1760.0,5,1761.0,1757.0,1765.0,1748.0,2776.0,4877432.0,133006
2023-05-10 21:00:20,FG2307,FG2307,1758.0,1.0,1757.0,1.0,2,1759.0,1760.0,4,1761.0,1757.0,1765.0,1748.0,2777.0,4879189.0,133007
2023-05-10 21:00:20,FG2307,FG2307,1760.0,4.0,7028.0,0.0,2,1760.0,1761.0,10,1761.0,1757.0,1765.0,1748.0,2781.0,4886217.0,133007
2023-05-10 21:00:21,FG2307,FG2307,1761.0,9.0,15813.0,5.0,4,1760.0,1762.0,1,1761.0,1757.0,1765.0,1748.0,2790.0,4902030.0,133012
2023-05-10 21:00:21,FG2307,FG2307,1761.0,0.0,0.0,0.0,1,1760.0,1762.0,2,1761.0,1757.0,1765.0,1748.0,2790.0,4902030.0,133012
2023-05-10 21:00:22,FG2307,FG2307,1761.0,2.0,3514.0,-1.0,5,1760.0,1762.0,2,1761.0,1757.0,1765.0,1748.0,2792.0,4905544.0,133011
2023-05-10 21:00:23,FG2307,FG2307,1762.0,2.0,3514.0,0.0,9,1760.0,1762.0,11,1761.0,1757.0,1765.0,1748.0,2794.0,4909058.0,133011
2023-05-10 21:00:23,FG2307,FG2307,1762.0,0.0,0.0,0.0,17,1760.0,1763.0,13,1761.0,1757.0,1765.0,1748.0,2794.0,4909058.0,133011
2023-05-10 21:00:23,FG2307,FG2307,1762.0,3.0,5271.0,0.0,2,1762.0,1763.0,13,1761.0,1757.0,1765.0,1748.0,2797.0,4914329.0,133011
2023-05-10 21:00:24,FG2307,FG2307,1761.0,3.0,5271.0,0.0,2,1761.0,1763.0,11,1761.0,1757.0,1765.0,1748.0,2800.0,4919600.0,133011
2023-05-10 21:00:24,FG2307,FG2307,1763.0,7.0,12299.0,-5.0,2,1761.0,1763.0,6,1761.0,1757.0,1765.0,1748.0,2807.0,4931899.0,133006
2023-05-10 21:00:25,FG2307,FG2307,1762.0,1.0,1757.0,0.0,2,1761.0,1763.0,6,1761.0,1757.0,1765.0,1748.0,2808.0,4933656.0,133006
2023-05-10 21:00:25,FG2307,FG2307,1761.0,2.0,3514.0,-2.0,13,1760.0,1762.0,6,1761.0,1757.0,1765.0,1748.0,2810.0,4937170.0,133004
2023-05-10 21:00:26,FG2307,FG2307,1761.0,0.0,0.0,0.0,11,1761.0,1762.0,1,1761.0,1757.0,1765.0,1748.0,2810.0,4937170.0,133004
2023-05-10 21:00:26,FG2307,FG2307,1761.0,0.0,0.0,0.0,11,1761.0,1762.0,3,1761.0,1757.0,1765.0,1748.0,2810.0,4937170.0,133004
2023-05-10 21:00:27,FG2307,FG2307,1762.0,6.0,10542.0,-6.0,1,1761.0,1762.0,4,1761.0,1757.0,1765.0,1748.0,2816.0,4947712.0,132998
2023-05-10 21:00:27,FG2307,FG2307,1762.0,0.0,0.0,0.0,11,1761.0,1762.0,6,1761.0,1757.0,1765.0,1748.0,2816.0,4947712.0,132998
2023-05-10 21:00:28,FG2307,FG2307,1762.0,9.0,15813.0,0.0,7,1761.0,1763.0,3,1761.0,1757.0,1765.0,1748.0,2825.0,4963525.0,132998
2023-05-10 21:00:28,FG2307,FG2307,1762.0,0.0,0.0,0.0,1,1762.0,1763.0,2,1761.0,1757.0,1765.0,1748.0,2825.0,4963525.0,132998
2023-05-10 21:00:29,FG2307,FG2307,1762.0,1.0,1757.0,0.0,10,1761.0,1763.0,2,1761.0,1757.0,1765.0,1748.0,2826.0,4965282.0,132998
2023-05-10 21:00:29,FG2307,FG2307,1763.0,4.0,7028.0,2.0,13,1761.0,1764.0,3,1761.0,1757.0,1765.0,1748.0,2830.0,4972310.0,133000
2023-05-10 21:00:30,FG2307,FG2307,1763.0,0.0,0.0,0.0,10,1762.0,1764.0,1,1761.0,1757.0,1765.0,1748.0,2830.0,4972310.0,133000
2023-05-10 21:00:30,FG2307,FG2307,1763.0,3.0,5271.0,-2.0,7,1762.0,1764.0,3,1761.0,1757.0,1765.0,1748.0,2833.0,4977581.0,132998
2023-05-10 21:00:31,FG2307,FG2307,1763.0,0.0,0.0,0.0,7,1762.0,1764.0,4,1761.0,1757.0,1765.0,1748.0,2833.0,4977581.0,132998
2023-05-10 21:00:32,FG2307,FG2307,1764.0,1.0,1757.0,1.0,7,1762.0,1765.0,5,1761.0,1757.0,1765.0,1748.0,2834.0,4979338.0,132999
2023-05-10 21:00:32,FG2307,FG2307,1764.0,0.0,0.0,0.0,6,1763.0,1765.0,4,1761.0,1757.0,1765.0,1748.0,2834.0,4979338.0,132999
2023-05-10 21:00:33,FG2307,FG2307,1765.0,2.0,3514.0,0.0,7,1763.0,1765.0,3,1761.0,1757.0,1765.0,1748.0,2836.0,4982852.0,132999
2023-05-10 21:00:33,FG2307,FG2307,1764.0,6.0,10542.0,3.0,2,1763.0,1765.0,2,1761.0,1757.0,1765.0,1748.0,2842.0,4993394.0,133002
2023-05-10 21:00:33,FG2307,FG2307,1764.0,0.0,0.0,0.0,1,1763.0,1765.0,6,1761.0,1757.0,1765.0,1748.0,2842.0,4993394.0,133002
2023-05-10 21:00:34,FG2307,FG2307,1764.0,2.0,3514.0,-1.0,7,1762.0,1764.0,3,1761.0,1757.0,1765.0,1748.0,2844.0,4996908.0,133001
2023-05-10 21:00:34,FG2307,FG2307,1765.0,5.0,8785.0,1.0,7,1762.0,1765.0,5,1761.0,1757.0,1765.0,1748.0,2849.0,5005693.0,133002
2023-05-10 21:00:35,FG2307,FG2307,1762.0,11.0,19327.0,-9.0,16,1761.0,1764.0,7,1761.0,1757.0,1765.0,1748.0,2860.0,5025020.0,132993
2023-05-10 21:00:35,FG2307,FG2307,1762.0,0.0,0.0,0.0,6,1762.0,1763.0,2,1761.0,1757.0,1765.0,1748.0,2860.0,5025020.0,132993
2023-05-10 21:00:36,FG2307,FG2307,1762.0,6.0,10542.0,-3.0,16,1761.0,1763.0,2,1761.0,1757.0,1765.0,1748.0,2866.0,5035562.0,132990
2023-05-10 21:00:36,FG2307,FG2307,1763.0,1.0,1757.0,0.0,16,1761.0,1763.0,1,1761.0,1757.0,1765.0,1748.0,2867.0,5037319.0,132990
2023-05-10 21:00:37,FG2307,FG2307,1763.0,1.0,1757.0,0.0,2,1762.0,1763.0,3,1761.0,1757.0,1765.0,1748.0,2868.0,5039076.0,132990
2023-05-10 21:00:38,FG2307,FG2307,1764.0,4.0,7028.0,0.0,2,1763.0,1764.0,3,1761.0,1757.0,1765.0,1748.0,2872.0,5046104.0,132990
2023-05-10 21:00:38,FG2307,FG2307,1763.0,2.0,3514.0,0.0,5,1762.0,1764.0,3,1761.0,1757.0,1765.0,1748.0,2874.0,5049618.0,132990
2023-05-10 21:00:39,FG2307,FG2307,1763.0,0.0,0.0,0.0,5,1762.0,1763.0,1,1761.0,1757.0,1765.0,1748.0,2874.0,5049618.0,132990
2023-05-10 21:00:40,FG2307,FG2307,1764.0,2.0,3514.0,0.0,2,1763.0,1764.0,1,1761.0,1757.0,1765.0,1748.0,2876.0,5053132.0,132990
2023-05-10 21:00:40,FG2307,FG2307,1764.0,1.0,1757.0,0.0,2,1763.0,1764.0,1,1761.0,1757.0,1765.0,1748.0,2877.0,5054889.0,132990
2023-05-10 21:00:41,FG2307,FG2307,1763.0,15.0,26355.0,-4.0,8,1762.0,1765.0,5,1761.0,1757.0,1765.0,1748.0,2892.0,5081244.0,132986
2023-05-10 21:00:42,FG2307,FG2307,1763.0,2.0,3514.0,-2.0,4,1762.0,1764.0,6,1761.0,1757.0,1765.0,1748.0,2894.0,5084758.0,132984
2023-05-10 21:00:42,FG2307,FG2307,1763.0,0.0,0.0,0.0,3,1762.0,1764.0,6,1761.0,1757.0,1765.0,1748.0,2894.0,5084758.0,132984
2023-05-10 21:00:43,FG2307,FG2307,1763.0,5.0,8785.0,-5.0,9,1762.0,1764.0,6,1761.0,1757.0,1765.0,1748.0,2899.0,5093543.0,132979
2023-05-10 21:00:43,FG2307,FG2307,1764.0,5.0,8785.0,-5.0,5,1763.0,1764.0,1,1761.0,1757.0,1765.0,1748.0,2904.0,5102328.0,132974
2023-05-10 21:00:45,FG2307,FG2307,1764.0,1.0,1757.0,0.0,5,1763.0,1765.0,7,1761.0,1757.0,1765.0,1748.0,2905.0,5104085.0,132974
2023-05-10 21:00:45,FG2307,FG2307,1764.0,0.0,0.0,0.0,6,1763.0,1765.0,6,1761.0,1757.0,1765.0,1748.0,2905.0,5104085.0,132974
2023-05-10 21:00:46,FG2307,FG2307,1764.0,1.0,1757.0,1.0,6,1763.0,1765.0,6,1761.0,1757.0,1765.0,1748.0,2906.0,5105842.0,132975
2023-05-10 21:00:47,FG2307,FG2307,1764.0,0.0,0.0,0.0,5,1763.0,1764.0,1,1761.0,1757.0,1765.0,1748.0,2906.0,5105842.0,132975
2023-05-10 21:00:48,FG2307,FG2307,1765.0,3.0,5271.0,3.0,1,1764.0,1765.0,4,1761.0,1757.0,1765.0,1748.0,2909.0,5111113.0,132978
2023-05-10 21:00:48,FG2307,FG2307,1765.0,1.0,1757.0,-1.0,15,1764.0,1765.0,5,1761.0,1757.0,1765.0,1748.0,2910.0,5112870.0,132977
2023-05-10 21:00:49,FG2307,FG2307,1765.0,5.0,8785.0,-1.0,10,1765.0,1766.0,8,1761.0,1757.0,1765.0,1748.0,2915.0,5121655.0,132976
2023-05-10 21:00:50,FG2307,FG2307,1765.0,10.0,20495.0,0.0,11,1764.0,1766.0,6,1761.0,1757.0,1765.0,1748.0,2925.0,5142150.0,132976
2023-05-10 21:00:50,FG2307,FG2307,1765.0,0.0,0.0,0.0,10,1764.0,1766.0,9,1761.0,1757.0,1765.0,1748.0,2925.0,5142150.0,132976
2023-05-10 21:00:50,FG2307,FG2307,1766.0,5.0,8790.0,5.0,10,1764.0,1766.0,4,1761.0,1757.0,1766.0,1748.0,2930.0,5150940.0,132981
2023-05-10 21:00:51,FG2307,FG2307,1764.0,12.0,21096.0,-3.0,5,1763.0,1765.0,2,1761.0,1757.0,1766.0,1748.0,2942.0,5172036.0,132978
2023-05-10 21:00:51,FG2307,FG2307,1764.0,1.0,1758.0,1.0,7,1763.0,1765.0,2,1761.0,1757.0,1766.0,1748.0,2943.0,5173794.0,132979
2023-05-10 21:00:52,FG2307,FG2307,1764.0,1.0,1758.0,0.0,6,1763.0,1765.0,4,1761.0,1757.0,1766.0,1748.0,2944.0,5175552.0,132979
2023-05-10 21:00:53,FG2307,FG2307,1765.0,12.0,21096.0,-3.0,1,1764.0,1766.0,5,1761.0,1757.0,1766.0,1748.0,2956.0,5196648.0,132976
2023-05-10 21:00:53,FG2307,FG2307,1764.0,6.0,10548.0,-1.0,6,1763.0,1765.0,1,1761.0,1757.0,1766.0,1748.0,2962.0,5207196.0,132975
2023-05-10 21:00:53,FG2307,FG2307,1765.0,1.0,1758.0,0.0,6,1763.0,1765.0,2,1761.0,1757.0,1766.0,1748.0,2963.0,5208954.0,132975
2023-05-10 21:00:54,FG2307,FG2307,1765.0,0.0,0.0,0.0,4,1764.0,1765.0,2,1761.0,1757.0,1766.0,1748.0,2963.0,5208954.0,132975
2023-05-10 21:00:54,FG2307,FG2307,1765.0,0.0,0.0,0.0,7,1764.0,1766.0,9,1761.0,1757.0,1766.0,1748.0,2963.0,5208954.0,132975
2023-05-10 21:00:55,FG2307,FG2307,1765.0,8.0,14064.0,-1.0,8,1764.0,1766.0,10,1761.0,1757.0,1766.0,1748.0,2971.0,5223018.0,132974
2023-05-10 21:00:56,FG2307,FG2307,1764.0,9.0,15822.0,-5.0,2,1764.0,1766.0,10,1761.0,1757.0,1766.0,1748.0,2980.0,5238840.0,132969
2023-05-10 21:00:56,FG2307,FG2307,1764.0,2.0,3516.0,1.0,3,1764.0,1766.0,11,1761.0,1757.0,1766.0,1748.0,2982.0,5242356.0,132970
2023-05-10 21:00:57,FG2307,FG2307,1764.0,14.0,24612.0,0.0,7,1764.0,1766.0,10,1761.0,1757.0,1766.0,1748.0,2996.0,5266968.0,132970
2023-05-10 21:00:58,FG2307,FG2307,1766.0,8.0,14064.0,0.0,6,1764.0,1766.0,3,1761.0,1757.0,1766.0,1748.0,3004.0,5281032.0,132970
2023-05-10 21:00:58,FG2307,FG2307,1766.0,0.0,0.0,0.0,8,1764.0,1766.0,8,1761.0,1757.0,1766.0,1748.0,3004.0,5281032.0,132970
2023-05-10 21:00:58,FG2307,FG2307,1766.0,0.0,0.0,0.0,8,1764.0,1766.0,6,1761.0,1757.0,1766.0,1748.0,3004.0,5281032.0,132970
2023-05-10 21:00:59,FG2307,FG2307,1766.0,0.0,0.0,0.0,13,1764.0,1765.0,2,1761.0,1757.0,1766.0,1748.0,3004.0,5281032.0,132970
2023-05-10 21:01:00,FG2307,FG2307,1767.0,18.0,31644.0,3.0,9,1764.0,1767.0,8,1761.0,1757.0,1767.0,1748.0,3022.0,5312676.0,132973
2023-05-10 21:01:00,FG2307,FG2307,1765.0,2.0,3516.0,0.0,4,1765.0,1766.0,18,1761.0,1757.0,1767.0,1748.0,3024.0,5316192.0,132973
2023-05-10 21:01:01,FG2307,FG2307,1766.0,7.0,12306.0,-7.0,5,1765.0,1766.0,18,1761.0,1757.0,1767.0,1748.0,3031.0,5328498.0,132966
2023-05-10 21:01:01,FG2307,FG2307,1765.0,1.0,1758.0,-1.0,4,1765.0,1766.0,18,1761.0,1757.0,1767.0,1748.0,3032.0,5330256.0,132965
2023-05-10 21:01:01,FG2307,FG2307,1765.0,1.0,1758.0,0.0,3,1765.0,1766.0,18,1761.0,1757.0,1767.0,1748.0,3033.0,5332014.0,132965
2023-05-10 21:01:02,FG2307,FG2307,1766.0,18.0,31644.0,8.0,7,1765.0,1767.0,6,1761.0,1757.0,1767.0,1748.0,3051.0,5363658.0,132973
2023-05-10 21:01:03,FG2307,FG2307,1766.0,0.0,0.0,0.0,6,1765.0,1766.0,1,1761.0,1757.0,1767.0,1748.0,3051.0,5363658.0,132973
2023-05-10 21:01:03,FG2307,FG2307,1765.0,5.0,8790.0,-3.0,6,1765.0,1767.0,9,1761.0,1757.0,1767.0,1748.0,3056.0,5372448.0,132970
2023-05-10 21:01:04,FG2307,FG2307,1765.0,6.0,10548.0,0.0,6,1765.0,1766.0,4,1761.0,1757.0,1767.0,1748.0,3062.0,5382996.0,132970
2023-05-10 21:01:05,FG2307,FG2307,1765.0,5.0,8790.0,-5.0,12,1764.0,1766.0,9,1761.0,1757.0,1767.0,1748.0,3067.0,5391786.0,132965
2023-05-10 21:01:05,FG2307,FG2307,1764.0,1.0,1758.0,1.0,12,1764.0,1765.0,1,1761.0,1757.0,1767.0,1748.0,3068.0,5393544.0,132966
2023-05-10 21:01:05,FG2307,FG2307,1764.0,0.0,0.0,0.0,11,1764.0,1765.0,7,1761.0,1757.0,1767.0,1748.0,3068.0,5393544.0,132966
2023-05-10 21:01:06,FG2307,FG2307,1764.0,12.0,21096.0,-4.0,13,1763.0,1765.0,9,1761.0,1757.0,1767.0,1748.0,3080.0,5414640.0,132962
2023-05-10 21:01:07,FG2307,FG2307,1763.0,2.0,3516.0,0.0,10,1763.0,1764.0,1,1761.0,1757.0,1767.0,1748.0,3082.0,5418156.0,132962
2023-05-10 21:01:07,FG2307,FG2307,1765.0,6.0,10548.0,3.0,7,1763.0,1765.0,10,1761.0,1757.0,1767.0,1748.0,3088.0,5428704.0,132965
2023-05-10 21:01:07,FG2307,FG2307,1765.0,2.0,3516.0,2.0,7,1763.0,1765.0,12,1761.0,1757.0,1767.0,1748.0,3090.0,5432220.0,132967
2023-05-10 21:01:08,FG2307,FG2307,1764.0,3.0,5274.0,0.0,7,1763.0,1765.0,12,1761.0,1757.0,1767.0,1748.0,3093.0,5437494.0,132967
2023-05-10 21:01:09,FG2307,FG2307,1764.0,0.0,0.0,0.0,7,1763.0,1765.0,17,1761.0,1757.0,1767.0,1748.0,3093.0,5437494.0,132967
2023-05-10 21:01:09,FG2307,FG2307,1763.0,1.0,1758.0,0.0,7,1763.0,1765.0,17,1761.0,1757.0,1767.0,1748.0,3094.0,5439252.0,132967
2023-05-10 21:01:10,FG2307,FG2307,1763.0,0.0,0.0,0.0,7,1763.0,1765.0,19,1761.0,1757.0,1767.0,1748.0,3094.0,5439252.0,132967
2023-05-10 21:01:10,FG2307,FG2307,1765.0,1.0,1758.0,1.0,1,1764.0,1765.0,18,1761.0,1757.0,1767.0,1748.0,3095.0,5441010.0,132968
2023-05-10 21:01:11,FG2307,FG2307,1765.0,0.0,0.0,0.0,7,1763.0,1765.0,16,1761.0,1757.0,1767.0,1748.0,3095.0,5441010.0,132968
2023-05-10 21:01:11,FG2307,FG2307,1765.0,0.0,0.0,0.0,1,1764.0,1765.0,16,1761.0,1757.0,1767.0,1748.0,3095.0,5441010.0,132968
2023-05-10 21:01:12,FG2307,FG2307,1765.0,2.0,3516.0,0.0,1,1764.0,1765.0,14,1761.0,1757.0,1767.0,1748.0,3097.0,5444526.0,132968
2023-05-10 21:01:12,FG2307,FG2307,1764.0,1.0,1758.0,-1.0,6,1763.0,1765.0,16,1761.0,1757.0,1767.0,1748.0,3098.0,5446284.0,132967
2023-05-10 21:01:13,FG2307,FG2307,1763.0,2.0,3516.0,-1.0,5,1763.0,1765.0,15,1761.0,1757.0,1767.0,1748.0,3100.0,5449800.0,132966
2023-05-10 21:01:13,FG2307,FG2307,1763.0,0.0,0.0,0.0,5,1763.0,1764.0,1,1761.0,1757.0,1767.0,1748.0,3100.0,5449800.0,132966
2023-05-10 21:01:15,FG2307,FG2307,1764.0,1.0,1758.0,-1.0,15,1763.0,1765.0,14,1761.0,1757.0,1767.0,1748.0,3101.0,5451558.0,132965
2023-05-10 21:01:15,FG2307,FG2307,1764.0,1.0,1758.0,0.0,14,1763.0,1765.0,14,1761.0,1757.0,1767.0,1748.0,3102.0,5453316.0,132965
2023-05-10 21:01:16,FG2307,FG2307,1764.0,0.0,0.0,0.0,18,1763.0,1765.0,14,1761.0,1757.0,1767.0,1748.0,3102.0,5453316.0,132965
2023-05-10 21:01:17,FG2307,FG2307,1764.0,0.0,0.0,0.0,18,1763.0,1764.0,3,1761.0,1757.0,1767.0,1748.0,3102.0,5453316.0,132965
2023-05-10 21:01:17,FG2307,FG2307,1764.0,8.0,14064.0,3.0,18,1763.0,1765.0,9,1761.0,1757.0,1767.0,1748.0,3110.0,5467380.0,132968
2023-05-10 21:01:19,FG2307,FG2307,1763.0,11.0,19338.0,7.0,9,1763.0,1765.0,8,1761.0,1757.0,1767.0,1748.0,3121.0,5486718.0,132975
2023-05-10 21:01:20,FG2307,FG2307,1765.0,2.0,3516.0,2.0,7,1763.0,1765.0,6,1761.0,1757.0,1767.0,1748.0,3123.0,5490234.0,132977
2023-05-10 21:01:20,FG2307,FG2307,1765.0,3.0,5274.0,3.0,5,1763.0,1764.0,1,1761.0,1757.0,1767.0,1748.0,3126.0,5495508.0,132980
2023-05-10 21:01:21,FG2307,FG2307,1764.0,3.0,5274.0,-2.0,17,1764.0,1765.0,8,1761.0,1757.0,1767.0,1748.0,3129.0,5500782.0,132978
2023-05-10 21:01:22,FG2307,FG2307,1764.0,0.0,0.0,0.0,18,1764.0,1765.0,8,1761.0,1757.0,1767.0,1748.0,3129.0,5500782.0,132978
2023-05-10 21:01:23,FG2307,FG2307,1765.0,1.0,1758.0,1.0,18,1764.0,1765.0,7,1761.0,1757.0,1767.0,1748.0,3130.0,5502540.0,132979
2023-05-10 21:01:24,FG2307,FG2307,1764.0,1.0,1758.0,0.0,21,1764.0,1765.0,7,1761.0,1757.0,1767.0,1748.0,3131.0,5504298.0,132979
2023-05-10 21:01:24,FG2307,FG2307,1764.0,0.0,0.0,0.0,21,1764.0,1765.0,8,1761.0,1757.0,1767.0,1748.0,3131.0,5504298.0,132979
2023-05-10 21:01:27,FG2307,FG2307,1764.0,2.0,3516.0,0.0,19,1764.0,1765.0,8,1761.0,1757.0,1767.0,1748.0,3133.0,5507814.0,132979
2023-05-10 21:01:27,FG2307,FG2307,1764.0,2.0,3516.0,0.0,17,1764.0,1765.0,8,1761.0,1757.0,1767.0,1748.0,3135.0,5511330.0,132979
2023-05-10 21:01:30,FG2307,FG2307,1764.0,0.0,0.0,0.0,17,1764.0,1765.0,17,1761.0,1757.0,1767.0,1748.0,3135.0,5511330.0,132979
2023-05-10 21:01:30,FG2307,FG2307,1764.0,0.0,0.0,0.0,17,1764.0,1765.0,16,1761.0,1757.0,1767.0,1748.0,3135.0,5511330.0,132979
2023-05-10 21:01:31,FG2307,FG2307,1765.0,12.0,21096.0,0.0,5,1764.0,1765.0,4,1761.0,1757.0,1767.0,1748.0,3147.0,5532426.0,132979
2023-05-10 21:01:31,FG2307,FG2307,1765.0,0.0,0.0,0.0,7,1764.0,1765.0,5,1761.0,1757.0,1767.0,1748.0,3147.0,5532426.0,132979
2023-05-10 21:01:32,FG2307,FG2307,1765.0,3.0,5274.0,3.0,7,1764.0,1765.0,3,1761.0,1757.0,1767.0,1748.0,3150.0,5537700.0,132982
2023-05-10 21:01:32,FG2307,FG2307,1765.0,1.0,1758.0,0.0,7,1764.0,1765.0,2,1761.0,1757.0,1767.0,1748.0,3151.0,5539458.0,132982
2023-05-10 21:01:34,FG2307,FG2307,1764.0,6.0,10548.0,-2.0,8,1763.0,1764.0,1,1761.0,1757.0,1767.0,1748.0,3157.0,5550006.0,132980
2023-05-10 21:01:34,FG2307,FG2307,1763.0,1.0,1758.0,0.0,6,1763.0,1764.0,1,1761.0,1757.0,1767.0,1748.0,3158.0,5551764.0,132980
2023-05-10 21:01:35,FG2307,FG2307,1764.0,1.0,1758.0,-1.0,6,1763.0,1765.0,8,1761.0,1757.0,1767.0,1748.0,3159.0,5553522.0,132979
2023-05-10 21:01:35,FG2307,FG2307,1764.0,0.0,0.0,0.0,6,1763.0,1764.0,1,1761.0,1757.0,1767.0,1748.0,3159.0,5553522.0,132979
2023-05-10 21:01:36,FG2307,FG2307,1763.0,1.0,1758.0,0.0,5,1763.0,1764.0,1,1761.0,1757.0,1767.0,1748.0,3160.0,5555280.0,132979
2023-05-10 21:01:37,FG2307,FG2307,1764.0,3.0,5274.0,2.0,10,1764.0,1765.0,10,1761.0,1757.0,1767.0,1748.0,3163.0,5560554.0,132981
2023-05-10 21:01:37,FG2307,FG2307,1764.0,0.0,0.0,0.0,13,1764.0,1765.0,10,1761.0,1757.0,1767.0,1748.0,3163.0,5560554.0,132981
2023-05-10 21:01:38,FG2307,FG2307,1764.0,0.0,0.0,0.0,13,1764.0,1765.0,11,1761.0,1757.0,1767.0,1748.0,3163.0,5560554.0,132981
2023-05-10 21:01:38,FG2307,FG2307,1764.0,13.0,22854.0,8.0,5,1763.0,1765.0,7,1761.0,1757.0,1767.0,1748.0,3176.0,5583408.0,132989
2023-05-10 21:01:39,FG2307,FG2307,1764.0,0.0,0.0,0.0,5,1763.0,1764.0,1,1761.0,1757.0,1767.0,1748.0,3176.0,5583408.0,132989
2023-05-10 21:01:39,FG2307,FG2307,1764.0,0.0,0.0,0.0,5,1763.0,1764.0,2,1761.0,1757.0,1767.0,1748.0,3176.0,5583408.0,132989
2023-05-10 21:01:39,FG2307,FG2307,1764.0,0.0,0.0,0.0,5,1763.0,1764.0,5,1761.0,1757.0,1767.0,1748.0,3176.0,5583408.0,132989
2023-05-10 21:01:40,FG2307,FG2307,1765.0,22.0,38676.0,20.0,5,1763.0,1765.0,53,1761.0,1757.0,1767.0,1748.0,3198.0,5622084.0,133009
2023-05-10 21:01:40,FG2307,FG2307,1764.0,3.0,5274.0,0.0,5,1763.0,1765.0,53,1761.0,1757.0,1767.0,1748.0,3201.0,5627358.0,133009
2023-05-10 21:01:41,FG2307,FG2307,1764.0,0.0,0.0,0.0,1,1764.0,1765.0,53,1761.0,1757.0,1767.0,1748.0,3201.0,5627358.0,133009
2023-05-10 21:01:41,FG2307,FG2307,1763.0,5.0,8790.0,0.0,1,1763.0,1764.0,1,1761.0,1757.0,1767.0,1748.0,3206.0,5636148.0,133009
2023-05-10 21:01:42,FG2307,FG2307,1764.0,3.0,5274.0,0.0,1,1763.0,1765.0,56,1761.0,1757.0,1767.0,1748.0,3209.0,5641422.0,133009
2023-05-10 21:01:42,FG2307,FG2307,1764.0,2.0,3516.0,0.0,28,1764.0,1765.0,53,1761.0,1757.0,1767.0,1748.0,3211.0,5644938.0,133009
2023-05-10 21:01:43,FG2307,FG2307,1764.0,1.0,1758.0,0.0,27,1764.0,1765.0,53,1761.0,1757.0,1767.0,1748.0,3212.0,5646696.0,133009
2023-05-10 21:01:44,FG2307,FG2307,1764.0,5.0,8790.0,5.0,22,1764.0,1765.0,53,1761.0,1757.0,1767.0,1748.0,3217.0,5655486.0,133014
2023-05-10 21:01:45,FG2307,FG2307,1765.0,3.0,5274.0,-2.0,23,1764.0,1765.0,5,1761.0,1757.0,1767.0,1748.0,3220.0,5660760.0,133012
2023-05-10 21:01:45,FG2307,FG2307,1764.0,11.0,19338.0,-3.0,17,1764.0,1766.0,54,1761.0,1757.0,1767.0,1748.0,3231.0,5680098.0,133009
2023-05-10 21:01:46,FG2307,FG2307,1764.0,6.0,10548.0,0.0,11,1764.0,1765.0,45,1761.0,1757.0,1767.0,1748.0,3237.0,5690646.0,133009
2023-05-10 21:01:46,FG2307,FG2307,1764.0,10.0,17580.0,6.0,1,1763.0,1765.0,45,1761.0,1757.0,1767.0,1748.0,3247.0,5708226.0,133015
2023-05-10 21:01:47,FG2307,FG2307,1764.0,0.0,0.0,0.0,1,1763.0,1765.0,46,1761.0,1757.0,1767.0,1748.0,3247.0,5708226.0,133015
2023-05-10 21:01:47,FG2307,FG2307,1765.0,1.0,1758.0,0.0,1,1763.0,1765.0,50,1761.0,1757.0,1767.0,1748.0,3248.0,5709984.0,133015
2023-05-10 21:01:48,FG2307,FG2307,1764.0,10.0,17580.0,5.0,1,1763.0,1765.0,44,1761.0,1757.0,1767.0,1748.0,3258.0,5727564.0,133020
2023-05-10 21:01:50,FG2307,FG2307,1763.0,8.0,14064.0,-6.0,11,1762.0,1763.0,54,1761.0,1757.0,1767.0,1748.0,3266.0,5741628.0,133014
2023-05-10 21:01:50,FG2307,FG2307,1763.0,5.0,8790.0,0.0,10,1762.0,1763.0,49,1761.0,1757.0,1767.0,1748.0,3271.0,5750418.0,133014
2023-05-10 21:01:50,FG2307,FG2307,1763.0,1.0,1758.0,-1.0,9,1762.0,1763.0,48,1761.0,1757.0,1767.0,1748.0,3272.0,5752176.0,133013
2023-05-10 21:01:51,FG2307,FG2307,1763.0,0.0,0.0,0.0,10,1762.0,1763.0,49,1761.0,1757.0,1767.0,1748.0,3272.0,5752176.0,133013
2023-05-10 21:01:52,FG2307,FG2307,1763.0,1.0,1758.0,-1.0,10,1762.0,1763.0,49,1761.0,1757.0,1767.0,1748.0,3273.0,5753934.0,133012
2023-05-10 21:01:52,FG2307,FG2307,1763.0,9.0,15822.0,0.0,9,1762.0,1763.0,39,1761.0,1757.0,1767.0,1748.0,3282.0,5769756.0,133012
2023-05-10 21:01:53,FG2307,FG2307,1763.0,39.0,68562.0,1.0,12,1762.0,1764.0,5,1761.0,1757.0,1767.0,1748.0,3321.0,5838318.0,133013
2023-05-10 21:01:53,FG2307,FG2307,1763.0,0.0,0.0,0.0,2,1763.0,1764.0,3,1761.0,1757.0,1767.0,1748.0,3321.0,5838318.0,133013
2023-05-10 21:01:54,FG2307,FG2307,1763.0,3.0,5274.0,1.0,13,1762.0,1764.0,4,1761.0,1757.0,1767.0,1748.0,3324.0,5843592.0,133014
2023-05-10 21:01:54,FG2307,FG2307,1762.0,3.0,5274.0,-1.0,13,1762.0,1764.0,7,1761.0,1757.0,1767.0,1748.0,3327.0,5848866.0,133013
2023-05-10 21:01:54,FG2307,FG2307,1762.0,0.0,0.0,0.0,13,1762.0,1764.0,4,1761.0,1757.0,1767.0,1748.0,3327.0,5848866.0,133013
2023-05-10 21:01:55,FG2307,FG2307,1762.0,1.0,1758.0,0.0,12,1762.0,1764.0,7,1761.0,1757.0,1767.0,1748.0,3328.0,5850624.0,133013
2023-05-10 21:01:55,FG2307,FG2307,1762.0,12.0,21096.0,-7.0,1,1762.0,1764.0,10,1761.0,1757.0,1767.0,1748.0,3340.0,5871720.0,133006
2023-05-10 21:01:56,FG2307,FG2307,1762.0,0.0,0.0,0.0,11,1761.0,1763.0,2,1761.0,1757.0,1767.0,1748.0,3340.0,5871720.0,133006
2023-05-10 21:01:57,FG2307,FG2307,1763.0,1.0,1758.0,0.0,3,1762.0,1763.0,1,1761.0,1757.0,1767.0,1748.0,3341.0,5873478.0,133006
2023-05-10 21:01:57,FG2307,FG2307,1763.0,0.0,0.0,0.0,3,1762.0,1763.0,3,1761.0,1757.0,1767.0,1748.0,3341.0,5873478.0,133006
2023-05-10 21:01:58,FG2307,FG2307,1762.0,3.0,5274.0,0.0,9,1761.0,1763.0,74,1761.0,1757.0,1767.0,1748.0,3344.0,5878752.0,133006
2023-05-10 21:01:58,FG2307,FG2307,1762.0,0.0,0.0,0.0,10,1761.0,1763.0,72,1761.0,1757.0,1767.0,1748.0,3344.0,5878752.0,133006
2023-05-10 21:01:59,FG2307,FG2307,1762.0,0.0,0.0,0.0,1,1762.0,1763.0,72,1761.0,1757.0,1767.0,1748.0,3344.0,5878752.0,133006
2023-05-10 21:02:00,FG2307,FG2307,1762.0,1.0,1758.0,0.0,10,1761.0,1763.0,73,1761.0,1757.0,1767.0,1748.0,3345.0,5880510.0,133006
2023-05-10 21:02:00,FG2307,FG2307,1762.0,0.0,0.0,0.0,6,1762.0,1763.0,72,1761.0,1757.0,1767.0,1748.0,3345.0,5880510.0,133006
2023-05-10 21:02:01,FG2307,FG2307,1762.0,6.0,10548.0,-3.0,10,1761.0,1763.0,72,1761.0,1757.0,1767.0,1748.0,3351.0,5891058.0,133003
2023-05-10 21:02:01,FG2307,FG2307,1762.0,0.0,0.0,0.0,1,1762.0,1763.0,72,1761.0,1757.0,1767.0,1748.0,3351.0,5891058.0,133003
2023-05-10 21:02:02,FG2307,FG2307,1762.0,3.0,5274.0,-1.0,1,1762.0,1763.0,70,1761.0,1757.0,1767.0,1748.0,3354.0,5896332.0,133002
2023-05-10 21:02:02,FG2307,FG2307,1762.0,0.0,0.0,0.0,2,1762.0,1763.0,70,1761.0,1757.0,1767.0,1748.0,3354.0,5896332.0,133002
2023-05-10 21:02:03,FG2307,FG2307,1762.0,0.0,0.0,0.0,2,1762.0,1763.0,75,1761.0,1757.0,1767.0,1748.0,3354.0,5896332.0,133002
2023-05-10 21:02:03,FG2307,FG2307,1763.0,2.0,3516.0,-2.0,11,1762.0,1763.0,73,1761.0,1757.0,1767.0,1748.0,3356.0,5899848.0,133000
2023-05-10 21:02:04,FG2307,FG2307,1762.0,12.0,21096.0,-10.0,12,1761.0,1762.0,8,1761.0,1757.0,1767.0,1748.0,3368.0,5920944.0,132990
2023-05-10 21:02:04,FG2307,FG2307,1762.0,11.0,19338.0,3.0,12,1761.0,1763.0,74,1761.0,1757.0,1767.0,1748.0,3379.0,5940282.0,132993
2023-05-10 21:02:05,FG2307,FG2307,1762.0,1.0,1758.0,-1.0,4,1762.0,1763.0,74,1761.0,1757.0,1767.0,1748.0,3380.0,5942040.0,132992
2023-05-10 21:02:05,FG2307,FG2307,1762.0,0.0,0.0,0.0,4,1762.0,1763.0,70,1761.0,1757.0,1767.0,1748.0,3380.0,5942040.0,132992
2023-05-10 21:02:06,FG2307,FG2307,1762.0,6.0,10548.0,3.0,11,1761.0,1762.0,1,1761.0,1757.0,1767.0,1748.0,3386.0,5952588.0,132995
2023-05-10 21:02:07,FG2307,FG2307,1762.0,1.0,1758.0,0.0,2,1762.0,1763.0,68,1761.0,1757.0,1767.0,1748.0,3387.0,5954346.0,132995
2023-05-10 21:02:07,FG2307,FG2307,1762.0,2.0,3516.0,0.0,11,1761.0,1762.0,38,1761.0,1757.0,1767.0,1748.0,3389.0,5957862.0,132995
2023-05-10 21:02:08,FG2307,FG2307,1762.0,22.0,38676.0,0.0,10,1761.0,1762.0,16,1761.0,1757.0,1767.0,1748.0,3411.0,5996538.0,132995
2023-05-10 21:02:08,FG2307,FG2307,1762.0,7.0,12306.0,-1.0,9,1761.0,1762.0,9,1761.0,1757.0,1767.0,1748.0,3418.0,6008844.0,132994
2023-05-10 21:02:09,FG2307,FG2307,1762.0,1.0,1758.0,-1.0,11,1761.0,1762.0,8,1761.0,1757.0,1767.0,1748.0,3419.0,6010602.0,132993
2023-05-10 21:02:09,FG2307,FG2307,1762.0,8.0,14064.0,0.0,11,1761.0,1763.0,68,1761.0,1757.0,1767.0,1748.0,3427.0,6024666.0,132993
2023-05-10 21:02:10,FG2307,FG2307,1761.0,16.0,28128.0,5.0,11,1761.0,1763.0,68,1761.0,1757.0,1767.0,1748.0,3443.0,6052794.0,132998
2023-05-10 21:02:10,FG2307,FG2307,1762.0,5.0,8790.0,5.0,11,1761.0,1763.0,68,1761.0,1757.0,1767.0,1748.0,3448.0,6061584.0,133003
2023-05-10 21:02:11,FG2307,FG2307,1763.0,68.0,123060.0,0.0,8,1762.0,1764.0,4,1761.0,1757.0,1767.0,1748.0,3516.0,6184644.0,133003
2023-05-10 21:02:12,FG2307,FG2307,1763.0,0.0,0.0,0.0,3,1763.0,1764.0,4,1761.0,1757.0,1767.0,1748.0,3516.0,6184644.0,133003
2023-05-10 21:02:12,FG2307,FG2307,1763.0,3.0,5277.0,-3.0,8,1762.0,1763.0,1,1761.0,1757.0,1767.0,1748.0,3519.0,6189921.0,133000
2023-05-10 21:02:12,FG2307,FG2307,1763.0,1.0,1759.0,0.0,3,1763.0,1764.0,4,1761.0,1757.0,1767.0,1748.0,3520.0,6191680.0,133000
2023-05-10 21:02:13,FG2307,FG2307,1763.0,1.0,1759.0,1.0,2,1763.0,1764.0,5,1761.0,1757.0,1767.0,1748.0,3521.0,6193439.0,133001
2023-05-10 21:02:14,FG2307,FG2307,1764.0,5.0,8795.0,3.0,4,1763.0,1765.0,9,1761.0,1757.0,1767.0,1748.0,3526.0,6202234.0,133004
2023-05-10 21:02:15,FG2307,FG2307,1763.0,5.0,8795.0,5.0,8,1763.0,1765.0,4,1761.0,1757.0,1767.0,1748.0,3531.0,6211029.0,133009
2023-05-10 21:02:15,FG2307,FG2307,1763.0,0.0,0.0,0.0,7,1763.0,1765.0,6,1761.0,1757.0,1767.0,1748.0,3531.0,6211029.0,133009
2023-05-10 21:02:17,FG2307,FG2307,1763.0,0.0,0.0,0.0,7,1763.0,1765.0,5,1761.0,1757.0,1767.0,1748.0,3531.0,6211029.0,133009
2023-05-10 21:02:17,FG2307,FG2307,1765.0,7.0,12313.0,3.0,8,1764.0,1766.0,14,1761.0,1757.0,1767.0,1748.0,3538.0,6223342.0,133012
2023-05-10 21:02:18,FG2307,FG2307,1765.0,0.0,0.0,0.0,9,1764.0,1766.0,14,1761.0,1757.0,1767.0,1748.0,3538.0,6223342.0,133012
2023-05-10 21:02:18,FG2307,FG2307,1765.0,0.0,0.0,0.0,8,1764.0,1766.0,14,1761.0,1757.0,1767.0,1748.0,3538.0,6223342.0,133012
2023-05-10 21:02:19,FG2307,FG2307,1765.0,0.0,0.0,0.0,8,1764.0,1766.0,15,1761.0,1757.0,1767.0,1748.0,3538.0,6223342.0,133012
2023-05-10 21:02:22,FG2307,FG2307,1765.0,0.0,0.0,0.0,8,1764.0,1766.0,10,1761.0,1757.0,1767.0,1748.0,3538.0,6223342.0,133012
2023-05-10 21:02:24,FG2307,FG2307,1766.0,3.0,5277.0,0.0,8,1764.0,1766.0,10,1761.0,1757.0,1767.0,1748.0,3541.0,6228619.0,133012
2023-05-10 21:02:24,FG2307,FG2307,1766.0,0.0,0.0,0.0,9,1764.0,1766.0,10,1761.0,1757.0,1767.0,1748.0,3541.0,6228619.0,133012
2023-05-10 21:02:25,FG2307,FG2307,1766.0,0.0,0.0,0.0,3,1765.0,1766.0,10,1761.0,1757.0,1767.0,1748.0,3541.0,6228619.0,133012
2023-05-10 21:02:25,FG2307,FG2307,1766.0,2.0,3518.0,0.0,3,1765.0,1766.0,24,1761.0,1757.0,1767.0,1748.0,3543.0,6232137.0,133012
2023-05-10 21:02:26,FG2307,FG2307,1765.0,3.0,5277.0,0.0,5,1765.0,1766.0,23,1761.0,1757.0,1767.0,1748.0,3546.0,6237414.0,133012
2023-05-10 21:02:26,FG2307,FG2307,1764.0,1.0,1759.0,1.0,7,1764.0,1766.0,24,1761.0,1757.0,1767.0,1748.0,3547.0,6239173.0,133013
2023-05-10 21:02:28,FG2307,FG2307,1764.0,32.0,56288.0,-2.0,2,1764.0,1766.0,24,1761.0,1757.0,1767.0,1748.0,3579.0,6295461.0,133011
2023-05-10 21:02:28,FG2307,FG2307,1764.0,0.0,0.0,0.0,4,1764.0,1766.0,23,1761.0,1757.0,1767.0,1748.0,3579.0,6295461.0,133011
2023-05-10 21:02:29,FG2307,FG2307,1766.0,15.0,26385.0,3.0,4,1764.0,1766.0,14,1761.0,1757.0,1767.0,1748.0,3594.0,6321846.0,133014
2023-05-10 21:02:29,FG2307,FG2307,1766.0,2.0,3518.0,1.0,4,1764.0,1766.0,13,1761.0,1757.0,1767.0,1748.0,3596.0,6325364.0,133015
2023-05-10 21:02:30,FG2307,FG2307,1766.0,0.0,0.0,0.0,4,1765.0,1766.0,109,1761.0,1757.0,1767.0,1748.0,3596.0,6325364.0,133015
2023-05-10 21:02:30,FG2307,FG2307,1765.0,2.0,3518.0,-2.0,4,1764.0,1766.0,109,1761.0,1757.0,1767.0,1748.0,3598.0,6328882.0,133013
2023-05-10 21:02:31,FG2307,FG2307,1765.0,3.0,5277.0,0.0,2,1764.0,1765.0,1,1761.0,1757.0,1767.0,1748.0,3601.0,6334159.0,133013
2023-05-10 21:02:31,FG2307,FG2307,1764.0,2.0,3518.0,-2.0,7,1763.0,1765.0,6,1761.0,1757.0,1767.0,1748.0,3603.0,6337677.0,133011
2023-05-10 21:02:31,FG2307,FG2307,1765.0,4.0,7036.0,0.0,1,1764.0,1765.0,2,1761.0,1757.0,1767.0,1748.0,3607.0,6344713.0,133011
2023-05-10 21:02:32,FG2307,FG2307,1764.0,10.0,17590.0,-9.0,7,1763.0,1765.0,5,1761.0,1757.0,1767.0,1748.0,3617.0,6362303.0,133002
2023-05-10 21:02:33,FG2307,FG2307,1764.0,0.0,0.0,0.0,9,1763.0,1765.0,5,1761.0,1757.0,1767.0,1748.0,3617.0,6362303.0,133002
2023-05-10 21:02:33,FG2307,FG2307,1764.0,0.0,0.0,0.0,4,1764.0,1765.0,2,1761.0,1757.0,1767.0,1748.0,3617.0,6362303.0,133002
2023-05-10 21:02:34,FG2307,FG2307,1764.0,0.0,0.0,0.0,4,1764.0,1765.0,3,1761.0,1757.0,1767.0,1748.0,3617.0,6362303.0,133002
2023-05-10 21:02:35,FG2307,FG2307,1764.0,0.0,0.0,0.0,6,1764.0,1765.0,2,1761.0,1757.0,1767.0,1748.0,3617.0,6362303.0,133002
2023-05-10 21:02:35,FG2307,FG2307,1765.0,3.0,5277.0,-1.0,8,1764.0,1765.0,1,1761.0,1757.0,1767.0,1748.0,3620.0,6367580.0,133001
2023-05-10 21:02:36,FG2307,FG2307,1765.0,1.0,1759.0,0.0,1,1765.0,1766.0,108,1761.0,1757.0,1767.0,1748.0,3621.0,6369339.0,133001
2023-05-10 21:02:37,FG2307,FG2307,1765.0,3.0,5277.0,-1.0,2,1765.0,1766.0,108,1761.0,1757.0,1767.0,1748.0,3624.0,6374616.0,133000
2023-05-10 21:02:37,FG2307,FG2307,1765.0,2.0,3518.0,0.0,6,1764.0,1766.0,112,1761.0,1757.0,1767.0,1748.0,3626.0,6378134.0,133000
2023-05-10 21:02:38,FG2307,FG2307,1765.0,0.0,0.0,0.0,8,1764.0,1766.0,112,1761.0,1757.0,1767.0,1748.0,3626.0,6378134.0,133000
2023-05-10 21:02:38,FG2307,FG2307,1765.0,3.0,5277.0,1.0,7,1764.0,1766.0,110,1761.0,1757.0,1767.0,1748.0,3629.0,6383411.0,133001
2023-05-10 21:02:40,FG2307,FG2307,1764.0,6.0,10554.0,0.0,6,1763.0,1765.0,6,1761.0,1757.0,1767.0,1748.0,3635.0,6393965.0,133001
2023-05-10 21:02:41,FG2307,FG2307,1764.0,0.0,0.0,0.0,1,1764.0,1765.0,7,1761.0,1757.0,1767.0,1748.0,3635.0,6393965.0,133001
2023-05-10 21:02:41,FG2307,FG2307,1765.0,1.0,1759.0,-1.0,2,1764.0,1765.0,2,1761.0,1757.0,1767.0,1748.0,3636.0,6395724.0,133000
2023-05-10 21:02:42,FG2307,FG2307,1765.0,1.0,1759.0,-1.0,4,1764.0,1765.0,1,1761.0,1757.0,1767.0,1748.0,3637.0,6397483.0,132999
2023-05-10 21:02:42,FG2307,FG2307,1765.0,0.0,0.0,0.0,7,1764.0,1765.0,1,1761.0,1757.0,1767.0,1748.0,3637.0,6397483.0,132999
2023-05-10 21:02:43,FG2307,FG2307,1765.0,0.0,0.0,0.0,8,1764.0,1765.0,1,1761.0,1757.0,1767.0,1748.0,3637.0,6397483.0,132999
2023-05-10 21:02:43,FG2307,FG2307,1765.0,0.0,0.0,0.0,5,1764.0,1765.0,1,1761.0,1757.0,1767.0,1748.0,3637.0,6397483.0,132999
2023-05-10 21:02:44,FG2307,FG2307,1765.0,1.0,1759.0,-1.0,4,1764.0,1766.0,110,1761.0,1757.0,1767.0,1748.0,3638.0,6399242.0,132998
2023-05-10 21:02:44,FG2307,FG2307,1764.0,7.0,12313.0,-3.0,1,1764.0,1766.0,111,1761.0,1757.0,1767.0,1748.0,3645.0,6411555.0,132995
2023-05-10 21:02:45,FG2307,FG2307,1764.0,1.0,1759.0,-1.0,4,1764.0,1765.0,5,1761.0,1757.0,1767.0,1748.0,3646.0,6413314.0,132994
2023-05-10 21:02:45,FG2307,FG2307,1765.0,24.0,42216.0,3.0,12,1763.0,1765.0,1,1761.0,1757.0,1767.0,1748.0,3670.0,6455530.0,132997
2023-05-10 21:02:46,FG2307,FG2307,1765.0,0.0,0.0,0.0,6,1763.0,1765.0,4,1761.0,1757.0,1767.0,1748.0,3670.0,6455530.0,132997
2023-05-10 21:02:47,FG2307,FG2307,1763.0,4.0,7036.0,1.0,3,1763.0,1764.0,1,1761.0,1757.0,1767.0,1748.0,3674.0,6462566.0,132998
2023-05-10 21:02:47,FG2307,FG2307,1763.0,0.0,0.0,0.0,5,1763.0,1765.0,7,1761.0,1757.0,1767.0,1748.0,3674.0,6462566.0,132998
2023-05-10 21:02:47,FG2307,FG2307,1763.0,0.0,0.0,0.0,3,1764.0,1765.0,7,1761.0,1757.0,1767.0,1748.0,3674.0,6462566.0,132998
2023-05-10 21:02:48,FG2307,FG2307,1763.0,0.0,0.0,0.0,4,1764.0,1765.0,4,1761.0,1757.0,1767.0,1748.0,3674.0,6462566.0,132998
2023-05-10 21:02:48,FG2307,FG2307,1765.0,12.0,21108.0,-11.0,4,1764.0,1766.0,112,1761.0,1757.0,1767.0,1748.0,3686.0,6483674.0,132987
2023-05-10 21:02:49,FG2307,FG2307,1765.0,0.0,0.0,0.0,7,1764.0,1766.0,112,1761.0,1757.0,1767.0,1748.0,3686.0,6483674.0,132987
2023-05-10 21:02:49,FG2307,FG2307,1764.0,6.0,10554.0,0.0,1,1764.0,1766.0,112,1761.0,1757.0,1767.0,1748.0,3692.0,6494228.0,132987
2023-05-10 21:02:50,FG2307,FG2307,1764.0,0.0,0.0,0.0,1,1764.0,1765.0,4,1761.0,1757.0,1767.0,1748.0,3692.0,6494228.0,132987
2023-05-10 21:02:50,FG2307,FG2307,1765.0,4.0,7036.0,4.0,2,1765.0,1766.0,111,1761.0,1757.0,1767.0,1748.0,3696.0,6501264.0,132991
2023-05-10 21:02:51,FG2307,FG2307,1765.0,2.0,3518.0,-2.0,4,1764.0,1766.0,111,1761.0,1757.0,1767.0,1748.0,3698.0,6504782.0,132989
2023-05-10 21:02:52,FG2307,FG2307,1765.0,3.0,5277.0,-3.0,4,1764.0,1766.0,111,1761.0,1757.0,1767.0,1748.0,3701.0,6510059.0,132986
2023-05-10 21:02:53,FG2307,FG2307,1766.0,6.0,10554.0,3.0,3,1764.0,1766.0,105,1761.0,1757.0,1767.0,1748.0,3707.0,6520613.0,132989
2023-05-10 21:02:53,FG2307,FG2307,1766.0,0.0,0.0,0.0,4,1764.0,1766.0,105,1761.0,1757.0,1767.0,1748.0,3707.0,6520613.0,132989
2023-05-10 21:02:54,FG2307,FG2307,1765.0,3.0,5277.0,0.0,2,1764.0,1765.0,1,1761.0,1757.0,1767.0,1748.0,3710.0,6525890.0,132989
2023-05-10 21:02:54,FG2307,FG2307,1765.0,1.0,1759.0,0.0,1,1765.0,1766.0,104,1761.0,1757.0,1767.0,1748.0,3711.0,6527649.0,132989
2023-05-10 21:02:54,FG2307,FG2307,1765.0,1.0,1759.0,0.0,3,1765.0,1766.0,104,1761.0,1757.0,1767.0,1748.0,3712.0,6529408.0,132989
2023-05-10 21:02:56,FG2307,FG2307,1766.0,3.0,5277.0,-3.0,5,1765.0,1766.0,101,1761.0,1757.0,1767.0,1748.0,3715.0,6534685.0,132986
2023-05-10 21:02:56,FG2307,FG2307,1766.0,3.0,5277.0,0.0,5,1765.0,1766.0,109,1761.0,1757.0,1767.0,1748.0,3718.0,6539962.0,132986
2023-05-10 21:02:57,FG2307,FG2307,1766.0,6.0,10554.0,-6.0,33,1765.0,1766.0,103,1761.0,1757.0,1767.0,1748.0,3724.0,6550516.0,132980
2023-05-10 21:02:58,FG2307,FG2307,1766.0,20.0,35180.0,0.0,14,1765.0,1766.0,83,1761.0,1757.0,1767.0,1748.0,3744.0,6585696.0,132980
2023-05-10 21:02:58,FG2307,FG2307,1766.0,30.0,52770.0,-5.0,11,1765.0,1766.0,54,1761.0,1757.0,1767.0,1748.0,3774.0,6638466.0,132975
2023-05-10 21:02:59,FG2307,FG2307,1765.0,55.0,96745.0,4.0,9,1765.0,1767.0,16,1761.0,1757.0,1767.0,1748.0,3829.0,6735211.0,132979
2023-05-10 21:02:59,FG2307,FG2307,1765.0,0.0,0.0,0.0,10,1765.0,1767.0,16,1761.0,1757.0,1767.0,1748.0,3829.0,6735211.0,132979
2023-05-10 21:03:00,FG2307,FG2307,1767.0,1.0,1759.0,0.0,10,1765.0,1767.0,15,1761.0,1757.0,1767.0,1748.0,3830.0,6736970.0,132979
2023-05-10 21:03:01,FG2307,FG2307,1765.0,4.0,7036.0,3.0,10,1765.0,1767.0,14,1761.0,1757.0,1767.0,1748.0,3834.0,6744006.0,132982
2023-05-10 21:03:02,FG2307,FG2307,1765.0,1.0,1759.0,1.0,9,1765.0,1767.0,14,1761.0,1757.0,1767.0,1748.0,3835.0,6745765.0,132983
2023-05-10 21:03:02,FG2307,FG2307,1765.0,0.0,0.0,0.0,9,1765.0,1767.0,15,1761.0,1757.0,1767.0,1748.0,3835.0,6745765.0,132983
2023-05-10 21:03:02,FG2307,FG2307,1765.0,0.0,0.0,0.0,9,1765.0,1766.0,8,1761.0,1757.0,1767.0,1748.0,3835.0,6745765.0,132983
2023-05-10 21:03:03,FG2307,FG2307,1765.0,9.0,15831.0,-6.0,5,1764.0,1766.0,9,1761.0,1757.0,1767.0,1748.0,3844.0,6761596.0,132977
2023-05-10 21:03:03,FG2307,FG2307,1765.0,0.0,0.0,0.0,5,1764.0,1766.0,10,1761.0,1757.0,1767.0,1748.0,3844.0,6761596.0,132977
2023-05-10 21:03:04,FG2307,FG2307,1765.0,0.0,0.0,0.0,5,1764.0,1766.0,9,1761.0,1757.0,1767.0,1748.0,3844.0,6761596.0,132977
2023-05-10 21:03:04,FG2307,FG2307,1765.0,0.0,0.0,0.0,3,1764.0,1766.0,9,1761.0,1757.0,1767.0,1748.0,3844.0,6761596.0,132977
2023-05-10 21:03:08,FG2307,FG2307,1765.0,0.0,0.0,0.0,3,1764.0,1766.0,11,1761.0,1757.0,1767.0,1748.0,3844.0,6761596.0,132977
2023-05-10 21:03:09,FG2307,FG2307,1765.0,0.0,0.0,0.0,6,1765.0,1766.0,13,1761.0,1757.0,1767.0,1748.0,3844.0,6761596.0,132977
2023-05-10 21:03:09,FG2307,FG2307,1765.0,6.0,10554.0,0.0,3,1764.0,1766.0,15,1761.0,1757.0,1767.0,1748.0,3850.0,6772150.0,132977
2023-05-10 21:03:11,FG2307,FG2307,1765.0,0.0,0.0,0.0,3,1764.0,1765.0,2,1761.0,1757.0,1767.0,1748.0,3850.0,6772150.0,132977
2023-05-10 21:03:11,FG2307,FG2307,1766.0,24.0,42216.0,2.0,28,1766.0,1767.0,18,1761.0,1757.0,1767.0,1748.0,3874.0,6814366.0,132979
2023-05-10 21:03:12,FG2307,FG2307,1766.0,28.0,49252.0,11.0,2,1765.0,1766.0,9,1761.0,1757.0,1767.0,1748.0,3902.0,6863618.0,132990
2023-05-10 21:03:14,FG2307,FG2307,1765.0,2.0,3518.0,-2.0,4,1764.0,1765.0,1,1761.0,1757.0,1767.0,1748.0,3904.0,6867136.0,132988
2023-05-10 21:03:14,FG2307,FG2307,1765.0,2.0,3518.0,0.0,4,1764.0,1765.0,1,1761.0,1757.0,1767.0,1748.0,3906.0,6870654.0,132988
2023-05-10 21:03:15,FG2307,FG2307,1765.0,1.0,1759.0,-1.0,24,1764.0,1765.0,1,1761.0,1757.0,1767.0,1748.0,3907.0,6872413.0,132987
2023-05-10 21:03:16,FG2307,FG2307,1765.0,1.0,1759.0,0.0,18,1764.0,1765.0,3,1761.0,1757.0,1767.0,1748.0,3908.0,6874172.0,132987
2023-05-10 21:03:17,FG2307,FG2307,1766.0,1.0,1759.0,1.0,3,1765.0,1766.0,8,1761.0,1757.0,1767.0,1748.0,3909.0,6875931.0,132988
2023-05-10 21:03:17,FG2307,FG2307,1765.0,2.0,3518.0,-2.0,2,1765.0,1766.0,9,1761.0,1757.0,1767.0,1748.0,3911.0,6879449.0,132986
2023-05-10 21:03:18,FG2307,FG2307,1765.0,2.0,3518.0,-1.0,4,1764.0,1765.0,3,1761.0,1757.0,1767.0,1748.0,3913.0,6882967.0,132985
2023-05-10 21:03:18,FG2307,FG2307,1765.0,3.0,5277.0,0.0,3,1765.0,1766.0,6,1761.0,1757.0,1767.0,1748.0,3916.0,6888244.0,132985
2023-05-10 21:03:22,FG2307,FG2307,1765.0,0.0,0.0,0.0,3,1765.0,1766.0,7,1761.0,1757.0,1767.0,1748.0,3916.0,6888244.0,132985
2023-05-10 21:03:23,FG2307,FG2307,1765.0,0.0,0.0,0.0,3,1765.0,1766.0,9,1761.0,1757.0,1767.0,1748.0,3916.0,6888244.0,132985
2023-05-10 21:03:23,FG2307,FG2307,1765.0,0.0,0.0,0.0,3,1765.0,1766.0,11,1761.0,1757.0,1767.0,1748.0,3916.0,6888244.0,132985
2023-05-10 21:03:24,FG2307,FG2307,1765.0,0.0,0.0,0.0,6,1765.0,1766.0,11,1761.0,1757.0,1767.0,1748.0,3916.0,6888244.0,132985
2023-05-10 21:03:25,FG2307,FG2307,1765.0,0.0,0.0,0.0,11,1765.0,1766.0,11,1761.0,1757.0,1767.0,1748.0,3916.0,6888244.0,132985
2023-05-10 21:03:25,FG2307,FG2307,1765.0,0.0,0.0,0.0,8,1765.0,1766.0,13,1761.0,1757.0,1767.0,1748.0,3916.0,6888244.0,132985
2023-05-10 21:03:26,FG2307,FG2307,1765.0,2.0,3518.0,0.0,6,1765.0,1766.0,13,1761.0,1757.0,1767.0,1748.0,3918.0,6891762.0,132985
2023-05-10 21:03:26,FG2307,FG2307,1766.0,15.0,26385.0,-9.0,4,1765.0,1767.0,17,1761.0,1757.0,1767.0,1748.0,3933.0,6918147.0,132976
2023-05-10 21:03:26,FG2307,FG2307,1766.0,0.0,0.0,0.0,7,1765.0,1767.0,17,1761.0,1757.0,1767.0,1748.0,3933.0,6918147.0,132976
2023-05-10 21:03:27,FG2307,FG2307,1766.0,0.0,0.0,0.0,7,1765.0,1767.0,15,1761.0,1757.0,1767.0,1748.0,3933.0,6918147.0,132976
2023-05-10 21:03:28,FG2307,FG2307,1766.0,0.0,0.0,0.0,10,1765.0,1767.0,15,1761.0,1757.0,1767.0,1748.0,3933.0,6918147.0,132976
2023-05-10 21:03:29,FG2307,FG2307,1765.0,4.0,7036.0,0.0,9,1765.0,1767.0,19,1761.0,1757.0,1767.0,1748.0,3937.0,6925183.0,132976
2023-05-10 21:03:30,FG2307,FG2307,1765.0,0.0,0.0,0.0,10,1765.0,1767.0,19,1761.0,1757.0,1767.0,1748.0,3937.0,6925183.0,132976
2023-05-10 21:03:30,FG2307,FG2307,1765.0,0.0,0.0,0.0,10,1766.0,1767.0,18,1761.0,1757.0,1767.0,1748.0,3937.0,6925183.0,132976
2023-05-10 21:03:31,FG2307,FG2307,1766.0,1.0,1759.0,0.0,9,1766.0,1767.0,17,1761.0,1757.0,1767.0,1748.0,3938.0,6926942.0,132976
2023-05-10 21:03:31,FG2307,FG2307,1766.0,0.0,0.0,0.0,10,1765.0,1767.0,17,1761.0,1757.0,1767.0,1748.0,3938.0,6926942.0,132976
2023-05-10 21:03:32,FG2307,FG2307,1766.0,0.0,0.0,0.0,11,1765.0,1767.0,17,1761.0,1757.0,1767.0,1748.0,3938.0,6926942.0,132976
2023-05-10 21:03:33,FG2307,FG2307,1767.0,2.0,3518.0,0.0,11,1765.0,1767.0,15,1761.0,1757.0,1767.0,1748.0,3940.0,6930460.0,132976
2023-05-10 21:03:33,FG2307,FG2307,1767.0,0.0,0.0,0.0,3,1766.0,1767.0,15,1761.0,1757.0,1767.0,1748.0,3940.0,6930460.0,132976
2023-05-10 21:03:33,FG2307,FG2307,1767.0,0.0,0.0,0.0,11,1765.0,1767.0,15,1761.0,1757.0,1767.0,1748.0,3940.0,6930460.0,132976
2023-05-10 21:03:35,FG2307,FG2307,1767.0,1.0,1759.0,0.0,11,1765.0,1767.0,15,1761.0,1757.0,1767.0,1748.0,3941.0,6932219.0,132976
2023-05-10 21:03:35,FG2307,FG2307,1767.0,2.0,3518.0,0.0,11,1765.0,1767.0,13,1761.0,1757.0,1767.0,1748.0,3943.0,6935737.0,132976
2023-05-10 21:03:37,FG2307,FG2307,1767.0,18.0,31662.0,0.0,3,1766.0,1768.0,32,1761.0,1757.0,1767.0,1748.0,3961.0,6967399.0,132976
2023-05-10 21:03:37,FG2307,FG2307,1767.0,0.0,0.0,0.0,6,1766.0,1768.0,32,1761.0,1757.0,1767.0,1748.0,3961.0,6967399.0,132976
2023-05-10 21:03:40,FG2307,FG2307,1766.0,1.0,1759.0,1.0,5,1766.0,1768.0,32,1761.0,1757.0,1767.0,1748.0,3962.0,6969158.0,132977
2023-05-10 21:03:41,FG2307,FG2307,1766.0,0.0,0.0,0.0,5,1766.0,1768.0,33,1761.0,1757.0,1767.0,1748.0,3962.0,6969158.0,132977
2023-05-10 21:03:44,FG2307,FG2307,1766.0,1.0,1759.0,1.0,4,1766.0,1767.0,1,1761.0,1757.0,1767.0,1748.0,3963.0,6970917.0,132978
2023-05-10 21:03:44,FG2307,FG2307,1766.0,0.0,0.0,0.0,4,1766.0,1767.0,5,1761.0,1757.0,1767.0,1748.0,3963.0,6970917.0,132978
2023-05-10 21:03:45,FG2307,FG2307,1766.0,0.0,0.0,0.0,1,1766.0,1767.0,10,1761.0,1757.0,1767.0,1748.0,3963.0,6970917.0,132978
2023-05-10 21:03:46,FG2307,FG2307,1766.0,1.0,1759.0,1.0,3,1766.0,1767.0,10,1761.0,1757.0,1767.0,1748.0,3964.0,6972676.0,132979
2023-05-10 21:03:47,FG2307,FG2307,1766.0,2.0,3518.0,1.0,2,1766.0,1767.0,9,1761.0,1757.0,1767.0,1748.0,3966.0,6976194.0,132980
2023-05-10 21:03:48,FG2307,FG2307,1767.0,9.0,15831.0,2.0,11,1765.0,1768.0,35,1761.0,1757.0,1767.0,1748.0,3975.0,6992025.0,132982
2023-05-10 21:03:48,FG2307,FG2307,1768.0,3.0,5277.0,3.0,11,1766.0,1768.0,32,1761.0,1757.0,1768.0,1748.0,3978.0,6997302.0,132985
2023-05-10 21:03:49,FG2307,FG2307,1768.0,50.0,87950.0,-37.0,15,1766.0,1768.0,8,1761.0,1757.0,1768.0,1748.0,4028.0,7085252.0,132948
2023-05-10 21:03:49,FG2307,FG2307,1768.0,0.0,0.0,0.0,18,1766.0,1768.0,7,1761.0,1757.0,1768.0,1748.0,4028.0,7085252.0,132948
2023-05-10 21:03:50,FG2307,FG2307,1767.0,1.0,1759.0,-1.0,15,1766.0,1768.0,7,1761.0,1757.0,1768.0,1748.0,4029.0,7087011.0,132947
2023-05-10 21:03:50,FG2307,FG2307,1767.0,0.0,0.0,0.0,12,1766.0,1768.0,8,1761.0,1757.0,1768.0,1748.0,4029.0,7087011.0,132947
2023-05-10 21:03:51,FG2307,FG2307,1767.0,0.0,0.0,0.0,12,1766.0,1768.0,11,1761.0,1757.0,1768.0,1748.0,4029.0,7087011.0,132947
2023-05-10 21:03:54,FG2307,FG2307,1768.0,40.0,74429.0,9.0,12,1766.0,1769.0,50,1761.0,1757.0,1768.0,1748.0,4069.0,7161440.0,132956
2023-05-10 21:03:54,FG2307,FG2307,1768.0,0.0,0.0,0.0,9,1767.0,1769.0,56,1761.0,1757.0,1768.0,1748.0,4069.0,7161440.0,132956
2023-05-10 21:03:55,FG2307,FG2307,1768.0,0.0,0.0,0.0,9,1767.0,1768.0,1,1761.0,1757.0,1768.0,1748.0,4069.0,7161440.0,132956
2023-05-10 21:03:55,FG2307,FG2307,1768.0,0.0,0.0,0.0,10,1767.0,1768.0,1,1761.0,1757.0,1768.0,1748.0,4069.0,7161440.0,132956
2023-05-10 21:03:57,FG2307,FG2307,1767.0,1.0,1760.0,1.0,9,1767.0,1768.0,1,1761.0,1757.0,1768.0,1748.0,4070.0,7163200.0,132957
2023-05-10 21:03:57,FG2307,FG2307,1767.0,0.0,0.0,0.0,9,1767.0,1768.0,2,1761.0,1757.0,1768.0,1748.0,4070.0,7163200.0,132957
2023-05-10 21:03:58,FG2307,FG2307,1767.0,0.0,0.0,0.0,7,1767.0,1768.0,3,1761.0,1757.0,1768.0,1748.0,4070.0,7163200.0,132957
2023-05-10 21:03:59,FG2307,FG2307,1767.0,0.0,0.0,0.0,7,1767.0,1768.0,6,1761.0,1757.0,1768.0,1748.0,4070.0,7163200.0,132957
2023-05-10 21:03:59,FG2307,FG2307,1767.0,7.0,12320.0,-7.0,12,1766.0,1768.0,6,1761.0,1757.0,1768.0,1748.0,4077.0,7175520.0,132950
2023-05-10 21:04:00,FG2307,FG2307,1767.0,0.0,0.0,0.0,12,1766.0,1768.0,5,1761.0,1757.0,1768.0,1748.0,4077.0,7175520.0,132950
2023-05-10 21:04:01,FG2307,FG2307,1767.0,0.0,0.0,0.0,14,1766.0,1768.0,5,1761.0,1757.0,1768.0,1748.0,4077.0,7175520.0,132950
2023-05-10 21:04:02,FG2307,FG2307,1767.0,0.0,0.0,0.0,15,1766.0,1768.0,5,1761.0,1757.0,1768.0,1748.0,4077.0,7175520.0,132950
2023-05-10 21:04:02,FG2307,FG2307,1767.0,0.0,0.0,0.0,15,1766.0,1768.0,6,1761.0,1757.0,1768.0,1748.0,4077.0,7175520.0,132950
2023-05-10 21:04:03,FG2307,FG2307,1767.0,0.0,0.0,0.0,15,1766.0,1768.0,7,1761.0,1757.0,1768.0,1748.0,4077.0,7175520.0,132950
2023-05-10 21:04:03,FG2307,FG2307,1767.0,0.0,0.0,0.0,14,1766.0,1768.0,6,1761.0,1757.0,1768.0,1748.0,4077.0,7175520.0,132950
2023-05-10 21:04:05,FG2307,FG2307,1767.0,0.0,0.0,0.0,14,1766.0,1768.0,7,1761.0,1757.0,1768.0,1748.0,4077.0,7175520.0,132950
2023-05-10 21:04:07,FG2307,FG2307,1768.0,2.0,3520.0,0.0,15,1766.0,1768.0,5,1761.0,1757.0,1768.0,1748.0,4079.0,7179040.0,132950
2023-05-10 21:04:07,FG2307,FG2307,1768.0,0.0,0.0,0.0,16,1766.0,1768.0,5,1761.0,1757.0,1768.0,1748.0,4079.0,7179040.0,132950
2023-05-10 21:04:08,FG2307,FG2307,1768.0,0.0,0.0,0.0,16,1766.0,1768.0,10,1761.0,1757.0,1768.0,1748.0,4079.0,7179040.0,132950
2023-05-10 21:04:09,FG2307,FG2307,1768.0,77.0,135520.0,6.0,143,1768.0,1769.0,55,1761.0,1757.0,1768.0,1748.0,4156.0,7314560.0,132956
2023-05-10 21:04:10,FG2307,FG2307,1768.0,36.0,63360.0,0.0,111,1768.0,1769.0,61,1761.0,1757.0,1768.0,1748.0,4192.0,7377920.0,132956
2023-05-10 21:04:11,FG2307,FG2307,1768.0,3.0,5280.0,0.0,108,1768.0,1769.0,62,1761.0,1757.0,1768.0,1748.0,4195.0,7383200.0,132956
2023-05-10 21:04:11,FG2307,FG2307,1768.0,13.0,22880.0,1.0,95,1768.0,1769.0,61,1761.0,1757.0,1768.0,1748.0,4208.0,7406080.0,132957
2023-05-10 21:04:12,FG2307,FG2307,1768.0,12.0,21120.0,0.0,83,1768.0,1769.0,61,1761.0,1757.0,1768.0,1748.0,4220.0,7427200.0,132957
2023-05-10 21:04:12,FG2307,FG2307,1768.0,2.0,3520.0,0.0,81,1768.0,1769.0,62,1761.0,1757.0,1768.0,1748.0,4222.0,7430720.0,132957
2023-05-10 21:04:13,FG2307,FG2307,1768.0,53.0,93280.0,42.0,33,1768.0,1769.0,62,1761.0,1757.0,1768.0,1748.0,4275.0,7524000.0,132999
2023-05-10 21:04:13,FG2307,FG2307,1768.0,7.0,12320.0,1.0,31,1768.0,1769.0,58,1761.0,1757.0,1769.0,1748.0,4282.0,7536320.0,133000
2023-05-10 21:04:14,FG2307,FG2307,1768.0,7.0,12320.0,1.0,24,1768.0,1769.0,60,1761.0,1757.0,1769.0,1748.0,4289.0,7548640.0,133001
2023-05-10 21:04:14,FG2307,FG2307,1768.0,24.0,42240.0,14.0,6,1767.0,1768.0,3,1761.0,1757.0,1769.0,1748.0,4313.0,7590880.0,133015
2023-05-10 21:04:15,FG2307,FG2307,1768.0,3.0,5280.0,3.0,1,1768.0,1769.0,59,1761.0,1757.0,1769.0,1748.0,4316.0,7596160.0,133018
2023-05-10 21:04:16,FG2307,FG2307,1768.0,1.0,1760.0,0.0,10,1767.0,1769.0,58,1761.0,1757.0,1769.0,1748.0,4317.0,7597920.0,133018
2023-05-10 21:04:16,FG2307,FG2307,1768.0,0.0,0.0,0.0,11,1767.0,1769.0,60,1761.0,1757.0,1769.0,1748.0,4317.0,7597920.0,133018
2023-05-10 21:04:17,FG2307,FG2307,1768.0,0.0,0.0,0.0,11,1767.0,1768.0,1,1761.0,1757.0,1769.0,1748.0,4317.0,7597920.0,133018
2023-05-10 21:04:17,FG2307,FG2307,1768.0,3.0,5280.0,-3.0,11,1767.0,1769.0,57,1761.0,1757.0,1769.0,1748.0,4320.0,7603200.0,133015
2023-05-10 21:04:18,FG2307,FG2307,1768.0,1.0,1760.0,0.0,11,1767.0,1769.0,57,1761.0,1757.0,1769.0,1748.0,4321.0,7604960.0,133015
2023-05-10 21:04:22,FG2307,FG2307,1768.0,0.0,0.0,0.0,12,1767.0,1769.0,57,1761.0,1757.0,1769.0,1748.0,4321.0,7604960.0,133015
2023-05-10 21:04:23,FG2307,FG2307,1768.0,0.0,0.0,0.0,13,1767.0,1769.0,57,1761.0,1757.0,1769.0,1748.0,4321.0,7604960.0,133015
2023-05-10 21:04:24,FG2307,FG2307,1769.0,4.0,7040.0,4.0,12,1767.0,1769.0,53,1761.0,1757.0,1769.0,1748.0,4325.0,7612000.0,133019
2023-05-10 21:04:24,FG2307,FG2307,1769.0,1.0,1760.0,1.0,13,1767.0,1769.0,52,1761.0,1757.0,1769.0,1748.0,4326.0,7613760.0,133020
2023-05-10 21:04:25,FG2307,FG2307,1769.0,1.0,1760.0,0.0,13,1767.0,1769.0,51,1761.0,1757.0,1769.0,1748.0,4327.0,7615520.0,133020
2023-05-10 21:04:25,FG2307,FG2307,1769.0,0.0,0.0,0.0,13,1767.0,1769.0,52,1761.0,1757.0,1769.0,1748.0,4327.0,7615520.0,133020
2023-05-10 21:04:27,FG2307,FG2307,1769.0,1.0,1760.0,0.0,13,1767.0,1769.0,51,1761.0,1757.0,1769.0,1748.0,4328.0,7617280.0,133020
2023-05-10 21:04:29,FG2307,FG2307,1769.0,0.0,0.0,0.0,13,1767.0,1769.0,52,1761.0,1757.0,1769.0,1748.0,4328.0,7617280.0,133020
2023-05-10 21:04:30,FG2307,FG2307,1767.0,8.0,14080.0,-1.0,5,1767.0,1768.0,3,1761.0,1757.0,1769.0,1748.0,4336.0,7631360.0,133019
2023-05-10 21:04:31,FG2307,FG2307,1767.0,2.0,3520.0,2.0,3,1767.0,1768.0,6,1761.0,1757.0,1769.0,1748.0,4338.0,7634880.0,133021
2023-05-10 21:04:31,FG2307,FG2307,1767.0,2.0,3520.0,1.0,1,1767.0,1768.0,4,1761.0,1757.0,1769.0,1748.0,4340.0,7638400.0,133022
2023-05-10 21:04:32,FG2307,FG2307,1768.0,2.0,3520.0,-2.0,2,1767.0,1768.0,2,1761.0,1757.0,1769.0,1748.0,4342.0,7641920.0,133020
2023-05-10 21:04:35,FG2307,FG2307,1769.0,11.0,19360.0,3.0,5,1767.0,1768.0,3,1761.0,1757.0,1769.0,1748.0,4353.0,7661280.0,133023
2023-05-10 21:04:36,FG2307,FG2307,1769.0,0.0,0.0,0.0,5,1767.0,1768.0,4,1761.0,1757.0,1769.0,1748.0,4353.0,7661280.0,133023
2023-05-10 21:04:36,FG2307,FG2307,1768.0,3.0,5280.0,0.0,5,1767.0,1769.0,44,1761.0,1757.0,1769.0,1748.0,4356.0,7666560.0,133023
2023-05-10 21:04:36,FG2307,FG2307,1768.0,2.0,3520.0,1.0,5,1767.0,1769.0,43,1761.0,1757.0,1769.0,1748.0,4358.0,7670080.0,133024
2023-05-10 21:04:38,FG2307,FG2307,1768.0,0.0,0.0,0.0,6,1767.0,1769.0,43,1761.0,1757.0,1769.0,1748.0,4358.0,7670080.0,133024
2023-05-10 21:04:40,FG2307,FG2307,1769.0,4.0,7040.0,-3.0,6,1767.0,1769.0,39,1761.0,1757.0,1769.0,1748.0,4362.0,7677120.0,133021
2023-05-10 21:04:41,FG2307,FG2307,1769.0,0.0,0.0,0.0,7,1767.0,1769.0,39,1761.0,1757.0,1769.0,1748.0,4362.0,7677120.0,133021
2023-05-10 21:04:41,FG2307,FG2307,1769.0,0.0,0.0,0.0,7,1767.0,1768.0,1,1761.0,1757.0,1769.0,1748.0,4362.0,7677120.0,133021
2023-05-10 21:04:42,FG2307,FG2307,1769.0,3.0,5280.0,1.0,7,1767.0,1769.0,40,1761.0,1757.0,1769.0,1748.0,4365.0,7682400.0,133022
2023-05-10 21:04:45,FG2307,FG2307,1769.0,0.0,0.0,0.0,7,1767.0,1768.0,1,1761.0,1757.0,1769.0,1748.0,4365.0,7682400.0,133022
2023-05-10 21:04:45,FG2307,FG2307,1769.0,0.0,0.0,0.0,8,1767.0,1768.0,1,1761.0,1757.0,1769.0,1748.0,4365.0,7682400.0,133022
2023-05-10 21:04:46,FG2307,FG2307,1769.0,0.0,0.0,0.0,8,1767.0,1768.0,2,1761.0,1757.0,1769.0,1748.0,4365.0,7682400.0,133022
2023-05-10 21:04:47,FG2307,FG2307,1768.0,2.0,3520.0,-2.0,18,1767.0,1769.0,37,1761.0,1757.0,1769.0,1748.0,4367.0,7685920.0,133020
2023-05-10 21:04:47,FG2307,FG2307,1768.0,0.0,0.0,0.0,18,1767.0,1769.0,36,1761.0,1757.0,1769.0,1748.0,4367.0,7685920.0,133020
2023-05-10 21:04:47,FG2307,FG2307,1768.0,0.0,0.0,0.0,18,1767.0,1768.0,1,1761.0,1757.0,1769.0,1748.0,4367.0,7685920.0,133020
2023-05-10 21:04:48,FG2307,FG2307,1768.0,2.0,3520.0,1.0,18,1767.0,1769.0,37,1761.0,1757.0,1769.0,1748.0,4369.0,7689440.0,133021
2023-05-10 21:04:49,FG2307,FG2307,1768.0,0.0,0.0,0.0,19,1767.0,1769.0,37,1761.0,1757.0,1769.0,1748.0,4369.0,7689440.0,133021
2023-05-10 21:04:50,FG2307,FG2307,1768.0,0.0,0.0,0.0,19,1767.0,1768.0,1,1761.0,1757.0,1769.0,1748.0,4369.0,7689440.0,133021
2023-05-10 21:04:50,FG2307,FG2307,1768.0,1.0,1760.0,0.0,60,1768.0,1769.0,37,1761.0,1757.0,1769.0,1748.0,4370.0,7691200.0,133021
2023-05-10 21:04:52,FG2307,FG2307,1768.0,3.0,5280.0,0.0,57,1768.0,1769.0,37,1761.0,1757.0,1769.0,1748.0,4373.0,7696480.0,133021
2023-05-10 21:04:52,FG2307,FG2307,1768.0,0.0,0.0,0.0,57,1768.0,1769.0,39,1761.0,1757.0,1769.0,1748.0,4373.0,7696480.0,133021
2023-05-10 21:04:53,FG2307,FG2307,1768.0,56.0,98560.0,9.0,1,1768.0,1769.0,39,1761.0,1757.0,1769.0,1748.0,4429.0,7795040.0,133030
2023-05-10 21:04:53,FG2307,FG2307,1768.0,4.0,7040.0,-3.0,19,1767.0,1768.0,12,1761.0,1757.0,1769.0,1748.0,4433.0,7802080.0,133027
2023-05-10 21:04:55,FG2307,FG2307,1768.0,0.0,0.0,0.0,20,1767.0,1768.0,13,1761.0,1757.0,1769.0,1748.0,4433.0,7802080.0,133027
2023-05-10 21:04:56,FG2307,FG2307,1767.0,8.0,14080.0,7.0,12,1767.0,1768.0,13,1761.0,1757.0,1769.0,1748.0,4441.0,7816160.0,133034
2023-05-10 21:04:56,FG2307,FG2307,1767.0,0.0,0.0,0.0,12,1767.0,1768.0,16,1761.0,1757.0,1769.0,1748.0,4441.0,7816160.0,133034
2023-05-10 21:04:58,FG2307,FG2307,1767.0,3.0,5280.0,-2.0,9,1767.0,1768.0,13,1761.0,1757.0,1769.0,1748.0,4444.0,7821440.0,133032
2023-05-10 21:04:59,FG2307,FG2307,1767.0,9.0,15840.0,-9.0,24,1766.0,1767.0,16,1761.0,1757.0,1769.0,1748.0,4453.0,7837280.0,133023
2023-05-10 21:04:59,FG2307,FG2307,1767.0,16.0,28160.0,-16.0,24,1766.0,1768.0,13,1761.0,1757.0,1769.0,1748.0,4469.0,7865440.0,133007
2023-05-10 21:05:00,FG2307,FG2307,1767.0,0.0,0.0,0.0,24,1766.0,1768.0,16,1761.0,1757.0,1769.0,1748.0,4469.0,7865440.0,133007
2023-05-10 21:05:02,FG2307,FG2307,1766.0,1.0,1760.0,-1.0,23,1766.0,1767.0,9,1761.0,1757.0,1769.0,1748.0,4470.0,7867200.0,133006
2023-05-10 21:05:02,FG2307,FG2307,1766.0,4.0,7040.0,-4.0,19,1766.0,1767.0,10,1761.0,1757.0,1769.0,1748.0,4474.0,7874240.0,133002
2023-05-10 21:05:03,FG2307,FG2307,1766.0,6.0,10560.0,4.0,14,1766.0,1767.0,15,1761.0,1757.0,1769.0,1748.0,4480.0,7884800.0,133006
2023-05-10 21:05:03,FG2307,FG2307,1766.0,1.0,1760.0,1.0,13,1766.0,1767.0,8,1761.0,1757.0,1769.0,1748.0,4481.0,7886560.0,133007
2023-05-10 21:05:04,FG2307,FG2307,1766.0,0.0,0.0,0.0,13,1766.0,1767.0,9,1761.0,1757.0,1769.0,1748.0,4481.0,7886560.0,133007
2023-05-10 21:05:04,FG2307,FG2307,1766.0,1.0,1760.0,0.0,12,1766.0,1767.0,9,1761.0,1757.0,1769.0,1748.0,4482.0,7888320.0,133007
2023-05-10 21:05:06,FG2307,FG2307,1766.0,0.0,0.0,0.0,12,1766.0,1767.0,14,1761.0,1757.0,1769.0,1748.0,4482.0,7888320.0,133007
2023-05-10 21:05:07,FG2307,FG2307,1766.0,0.0,0.0,0.0,12,1766.0,1767.0,34,1761.0,1757.0,1769.0,1748.0,4482.0,7888320.0,133007
2023-05-10 21:05:07,FG2307,FG2307,1766.0,7.0,12320.0,7.0,5,1766.0,1767.0,34,1761.0,1757.0,1769.0,1748.0,4489.0,7900640.0,133014
2023-05-10 21:05:08,FG2307,FG2307,1766.0,4.0,7040.0,4.0,1,1766.0,1767.0,34,1761.0,1757.0,1769.0,1748.0,4493.0,7907680.0,133018
2023-05-10 21:05:09,FG2307,FG2307,1766.0,2.0,3520.0,2.0,14,1765.0,1767.0,33,1761.0,1757.0,1769.0,1748.0,4495.0,7911200.0,133020
2023-05-10 21:05:10,FG2307,FG2307,1766.0,0.0,0.0,0.0,14,1765.0,1766.0,1,1761.0,1757.0,1769.0,1748.0,4495.0,7911200.0,133020
2023-05-10 21:05:10,FG2307,FG2307,1766.0,0.0,0.0,0.0,14,1765.0,1766.0,28,1761.0,1757.0,1769.0,1748.0,4495.0,7911200.0,133020
2023-05-10 21:05:10,FG2307,FG2307,1766.0,5.0,8800.0,4.0,13,1765.0,1766.0,23,1761.0,1757.0,1769.0,1748.0,4500.0,7920000.0,133024
2023-05-10 21:05:11,FG2307,FG2307,1766.0,29.0,51040.0,10.0,3,1766.0,1767.0,31,1761.0,1757.0,1769.0,1748.0,4529.0,7971040.0,133034
2023-05-10 21:05:11,FG2307,FG2307,1766.0,1.0,1760.0,0.0,2,1766.0,1767.0,31,1761.0,1757.0,1769.0,1748.0,4530.0,7972800.0,133034
2023-05-10 21:05:12,FG2307,FG2307,1766.0,2.0,3520.0,2.0,13,1765.0,1766.0,1,1761.0,1757.0,1769.0,1748.0,4532.0,7976320.0,133036
2023-05-10 21:05:12,FG2307,FG2307,1766.0,0.0,0.0,0.0,13,1765.0,1767.0,31,1761.0,1757.0,1769.0,1748.0,4532.0,7976320.0,133036
2023-05-10 21:05:13,FG2307,FG2307,1766.0,0.0,0.0,0.0,13,1765.0,1766.0,3,1761.0,1757.0,1769.0,1748.0,4532.0,7976320.0,133036
2023-05-10 21:05:14,FG2307,FG2307,1766.0,3.0,5280.0,-3.0,13,1765.0,1766.0,1,1761.0,1757.0,1769.0,1748.0,4535.0,7981600.0,133033
2023-05-10 21:05:15,FG2307,FG2307,1766.0,0.0,0.0,0.0,13,1765.0,1766.0,3,1761.0,1757.0,1769.0,1748.0,4535.0,7981600.0,133033
2023-05-10 21:05:15,FG2307,FG2307,1766.0,0.0,0.0,0.0,13,1765.0,1766.0,6,1761.0,1757.0,1769.0,1748.0,4535.0,7981600.0,133033
2023-05-10 21:05:16,FG2307,FG2307,1766.0,0.0,0.0,0.0,14,1765.0,1766.0,6,1761.0,1757.0,1769.0,1748.0,4535.0,7981600.0,133033
2023-05-10 21:05:16,FG2307,FG2307,1766.0,0.0,0.0,0.0,15,1765.0,1766.0,6,1761.0,1757.0,1769.0,1748.0,4535.0,7981600.0,133033
2023-05-10 21:05:17,FG2307,FG2307,1765.0,1.0,1760.0,1.0,14,1765.0,1766.0,6,1761.0,1757.0,1769.0,1748.0,4536.0,7983360.0,133034
2023-05-10 21:05:18,FG2307,FG2307,1765.0,0.0,0.0,0.0,13,1765.0,1766.0,6,1761.0,1757.0,1769.0,1748.0,4536.0,7983360.0,133034
2023-05-10 21:05:18,FG2307,FG2307,1765.0,0.0,0.0,0.0,14,1765.0,1766.0,7,1761.0,1757.0,1769.0,1748.0,4536.0,7983360.0,133034
2023-05-10 21:05:19,FG2307,FG2307,1765.0,0.0,0.0,0.0,15,1765.0,1766.0,8,1761.0,1757.0,1769.0,1748.0,4536.0,7983360.0,133034
2023-05-10 21:05:20,FG2307,FG2307,1765.0,0.0,0.0,0.0,16,1765.0,1766.0,8,1761.0,1757.0,1769.0,1748.0,4536.0,7983360.0,133034
2023-05-10 21:05:22,FG2307,FG2307,1765.0,0.0,0.0,0.0,15,1765.0,1766.0,8,1761.0,1757.0,1769.0,1748.0,4536.0,7983360.0,133034
2023-05-10 21:05:23,FG2307,FG2307,1765.0,1.0,1760.0,1.0,14,1765.0,1766.0,8,1761.0,1757.0,1769.0,1748.0,4537.0,7985120.0,133035
2023-05-10 21:05:24,FG2307,FG2307,1765.0,1.0,1760.0,-1.0,14,1765.0,1766.0,9,1761.0,1757.0,1769.0,1748.0,4538.0,7986880.0,133034
2023-05-10 21:05:24,FG2307,FG2307,1765.0,0.0,0.0,0.0,15,1765.0,1766.0,9,1761.0,1757.0,1769.0,1748.0,4538.0,7986880.0,133034
2023-05-10 21:05:25,FG2307,FG2307,1765.0,0.0,0.0,0.0,14,1765.0,1766.0,10,1761.0,1757.0,1769.0,1748.0,4538.0,7986880.0,133034
2023-05-10 21:05:29,FG2307,FG2307,1765.0,0.0,0.0,0.0,14,1765.0,1766.0,11,1761.0,1757.0,1769.0,1748.0,4538.0,7986880.0,133034
2023-05-10 21:05:30,FG2307,FG2307,1765.0,0.0,0.0,0.0,14,1765.0,1766.0,10,1761.0,1757.0,1769.0,1748.0,4538.0,7986880.0,133034
2023-05-10 21:05:30,FG2307,FG2307,1765.0,5.0,8800.0,0.0,9,1765.0,1766.0,10,1761.0,1757.0,1769.0,1748.0,4543.0,7995680.0,133034
2023-05-10 21:05:32,FG2307,FG2307,1765.0,9.0,15840.0,2.0,16,1764.0,1765.0,11,1761.0,1757.0,1769.0,1748.0,4552.0,8011520.0,133036
2023-05-10 21:05:32,FG2307,FG2307,1765.0,11.0,19360.0,0.0,16,1764.0,1766.0,10,1761.0,1757.0,1769.0,1748.0,4563.0,8030880.0,133036
2023-05-10 21:05:33,FG2307,FG2307,1765.0,0.0,0.0,0.0,1,1765.0,1766.0,10,1761.0,1757.0,1769.0,1748.0,4563.0,8030880.0,133036
2023-05-10 21:05:33,FG2307,FG2307,1765.0,0.0,0.0,0.0,1,1765.0,1766.0,13,1761.0,1757.0,1769.0,1748.0,4563.0,8030880.0,133036
2023-05-10 21:05:33,FG2307,FG2307,1766.0,1.0,1760.0,1.0,1,1765.0,1766.0,12,1761.0,1757.0,1769.0,1748.0,4564.0,8032640.0,133037
2023-05-10 21:05:37,FG2307,FG2307,1765.0,1.0,1760.0,0.0,16,1764.0,1766.0,12,1761.0,1757.0,1769.0,1748.0,4565.0,8034400.0,133037
2023-05-10 21:05:37,FG2307,FG2307,1765.0,0.0,0.0,0.0,1,1765.0,1766.0,12,1761.0,1757.0,1769.0,1748.0,4565.0,8034400.0,133037
2023-05-10 21:05:38,FG2307,FG2307,1765.0,0.0,0.0,0.0,2,1765.0,1766.0,12,1761.0,1757.0,1769.0,1748.0,4565.0,8034400.0,133037
2023-05-10 21:05:38,FG2307,FG2307,1765.0,4.0,7040.0,1.0,19,1764.0,1765.0,36,1761.0,1757.0,1769.0,1748.0,4569.0,8041440.0,133038
2023-05-10 21:05:40,FG2307,FG2307,1765.0,1.0,1760.0,0.0,18,1764.0,1765.0,36,1761.0,1757.0,1769.0,1748.0,4570.0,8043200.0,133038
2023-05-10 21:05:40,FG2307,FG2307,1765.0,0.0,0.0,0.0,15,1764.0,1765.0,36,1761.0,1757.0,1769.0,1748.0,4570.0,8043200.0,133038
2023-05-10 21:05:40,FG2307,FG2307,1765.0,0.0,0.0,0.0,15,1764.0,1765.0,37,1761.0,1757.0,1769.0,1748.0,4570.0,8043200.0,133038
2023-05-10 21:05:42,FG2307,FG2307,1765.0,0.0,0.0,0.0,16,1764.0,1765.0,37,1761.0,1757.0,1769.0,1748.0,4570.0,8043200.0,133038
2023-05-10 21:05:43,FG2307,FG2307,1765.0,4.0,7040.0,4.0,17,1764.0,1765.0,33,1761.0,1757.0,1769.0,1748.0,4574.0,8050240.0,133042
2023-05-10 21:05:44,FG2307,FG2307,1764.0,8.0,14080.0,6.0,12,1764.0,1765.0,27,1761.0,1757.0,1769.0,1748.0,4582.0,8064320.0,133048
2023-05-10 21:05:44,FG2307,FG2307,1765.0,27.0,47520.0,9.0,13,1764.0,1766.0,14,1761.0,1757.0,1769.0,1748.0,4609.0,8111840.0,133057
2023-05-10 21:05:44,FG2307,FG2307,1764.0,5.0,8800.0,-1.0,14,1764.0,1766.0,15,1761.0,1757.0,1769.0,1748.0,4614.0,8120640.0,133056
2023-05-10 21:05:45,FG2307,FG2307,1764.0,0.0,0.0,0.0,14,1764.0,1766.0,16,1761.0,1757.0,1769.0,1748.0,4614.0,8120640.0,133056
2023-05-10 21:05:45,FG2307,FG2307,1764.0,0.0,0.0,0.0,14,1764.0,1765.0,3,1761.0,1757.0,1769.0,1748.0,4614.0,8120640.0,133056
2023-05-10 21:05:47,FG2307,FG2307,1764.0,0.0,0.0,0.0,14,1764.0,1765.0,4,1761.0,1757.0,1769.0,1748.0,4614.0,8120640.0,133056
2023-05-10 21:05:52,FG2307,FG2307,1764.0,1.0,1760.0,0.0,13,1764.0,1765.0,4,1761.0,1757.0,1769.0,1748.0,4615.0,8122400.0,133056
2023-05-10 21:05:52,FG2307,FG2307,1765.0,6.0,10560.0,-1.0,27,1765.0,1766.0,17,1761.0,1757.0,1769.0,1748.0,4621.0,8132960.0,133055
2023-05-10 21:05:53,FG2307,FG2307,1765.0,1.0,1760.0,1.0,26,1765.0,1766.0,17,1761.0,1757.0,1769.0,1748.0,4622.0,8134720.0,133056
2023-05-10 21:05:56,FG2307,FG2307,1765.0,2.0,3520.0,1.0,24,1765.0,1766.0,17,1761.0,1757.0,1769.0,1748.0,4624.0,8138240.0,133057
2023-05-10 21:05:56,FG2307,FG2307,1765.0,1.0,1760.0,0.0,23,1765.0,1766.0,17,1761.0,1757.0,1769.0,1748.0,4625.0,8140000.0,133057
2023-05-10 21:05:57,FG2307,FG2307,1765.0,1.0,1760.0,1.0,22,1765.0,1766.0,16,1761.0,1757.0,1769.0,1748.0,4626.0,8141760.0,133058
2023-05-10 21:05:59,FG2307,FG2307,1765.0,4.0,7040.0,0.0,18,1765.0,1766.0,15,1761.0,1757.0,1769.0,1748.0,4630.0,8148800.0,133058
2023-05-10 21:05:59,FG2307,FG2307,1765.0,0.0,0.0,0.0,38,1765.0,1766.0,15,1761.0,1757.0,1769.0,1748.0,4630.0,8148800.0,133058
2023-05-10 21:06:01,FG2307,FG2307,1765.0,1.0,1760.0,0.0,40,1765.0,1766.0,14,1761.0,1757.0,1769.0,1748.0,4631.0,8150560.0,133058
2023-05-10 21:06:01,FG2307,FG2307,1766.0,11.0,19360.0,-6.0,40,1765.0,1767.0,20,1761.0,1757.0,1769.0,1748.0,4642.0,8169920.0,133052
2023-05-10 21:06:02,FG2307,FG2307,1766.0,1.0,1760.0,0.0,40,1765.0,1767.0,20,1761.0,1757.0,1769.0,1748.0,4643.0,8171680.0,133052
2023-05-10 21:06:03,FG2307,FG2307,1766.0,5.0,8800.0,3.0,5,1766.0,1767.0,20,1761.0,1757.0,1769.0,1748.0,4648.0,8180480.0,133055
2023-05-10 21:06:03,FG2307,FG2307,1765.0,10.0,22258.0,10.0,34,1765.0,1767.0,20,1761.0,1757.0,1769.0,1748.0,4658.0,8202738.0,133065
2023-05-10 21:06:03,FG2307,FG2307,1765.0,0.0,0.0,0.0,34,1765.0,1767.0,21,1761.0,1757.0,1769.0,1748.0,4658.0,8202738.0,133065
2023-05-10 21:06:04,FG2307,FG2307,1765.0,0.0,0.0,0.0,35,1765.0,1767.0,21,1761.0,1757.0,1769.0,1748.0,4658.0,8202738.0,133065
2023-05-10 21:06:05,FG2307,FG2307,1765.0,0.0,0.0,0.0,33,1765.0,1766.0,1,1761.0,1757.0,1769.0,1748.0,4658.0,8202738.0,133065
2023-05-10 21:06:05,FG2307,FG2307,1765.0,0.0,0.0,0.0,83,1765.0,1766.0,1,1761.0,1757.0,1769.0,1748.0,4658.0,8202738.0,133065
2023-05-10 21:06:05,FG2307,FG2307,1766.0,6.0,10566.0,-4.0,84,1765.0,1766.0,4,1761.0,1757.0,1769.0,1748.0,4664.0,8213304.0,133061
2023-05-10 21:06:06,FG2307,FG2307,1766.0,16.0,28176.0,8.0,84,1765.0,1767.0,22,1761.0,1757.0,1769.0,1748.0,4680.0,8241480.0,133069
2023-05-10 21:06:07,FG2307,FG2307,1766.0,0.0,0.0,0.0,84,1765.0,1767.0,26,1761.0,1757.0,1769.0,1748.0,4680.0,8241480.0,133069
2023-05-10 21:06:08,FG2307,FG2307,1766.0,0.0,0.0,0.0,1,1766.0,1767.0,26,1761.0,1757.0,1769.0,1748.0,4680.0,8241480.0,133069
2023-05-10 21:06:08,FG2307,FG2307,1766.0,1.0,1761.0,0.0,84,1765.0,1766.0,2,1761.0,1757.0,1769.0,1748.0,4681.0,8243241.0,133069
2023-05-10 21:06:09,FG2307,FG2307,1766.0,0.0,0.0,0.0,84,1765.0,1767.0,26,1761.0,1757.0,1769.0,1748.0,4681.0,8243241.0,133069
2023-05-10 21:06:10,FG2307,FG2307,1766.0,0.0,0.0,0.0,7,1766.0,1767.0,26,1761.0,1757.0,1769.0,1748.0,4681.0,8243241.0,133069
2023-05-10 21:06:11,FG2307,FG2307,1766.0,0.0,0.0,0.0,4,1766.0,1767.0,26,1761.0,1757.0,1769.0,1748.0,4681.0,8243241.0,133069
2023-05-10 21:06:11,FG2307,FG2307,1766.0,0.0,0.0,0.0,3,1766.0,1767.0,26,1761.0,1757.0,1769.0,1748.0,4681.0,8243241.0,133069
2023-05-10 21:06:13,FG2307,FG2307,1765.0,8.0,14088.0,4.0,76,1765.0,1767.0,34,1761.0,1757.0,1769.0,1748.0,4689.0,8257329.0,133073
2023-05-10 21:06:14,FG2307,FG2307,1765.0,0.0,0.0,0.0,1,1766.0,1767.0,34,1761.0,1757.0,1769.0,1748.0,4689.0,8257329.0,133073
2023-05-10 21:06:14,FG2307,FG2307,1765.0,0.0,0.0,0.0,3,1766.0,1767.0,34,1761.0,1757.0,1769.0,1748.0,4689.0,8257329.0,133073
2023-05-10 21:06:15,FG2307,FG2307,1766.0,7.0,12327.0,7.0,1,1766.0,1767.0,34,1761.0,1757.0,1769.0,1748.0,4696.0,8269656.0,133080
2023-05-10 21:06:15,FG2307,FG2307,1766.0,1.0,1761.0,0.0,68,1765.0,1767.0,34,1761.0,1757.0,1769.0,1748.0,4697.0,8271417.0,133080
2023-05-10 21:06:17,FG2307,FG2307,1766.0,13.0,22893.0,2.0,55,1765.0,1767.0,35,1761.0,1757.0,1769.0,1748.0,4710.0,8294310.0,133082
2023-05-10 21:06:18,FG2307,FG2307,1766.0,0.0,0.0,0.0,57,1765.0,1767.0,36,1761.0,1757.0,1769.0,1748.0,4710.0,8294310.0,133082
2023-05-10 21:06:18,FG2307,FG2307,1766.0,0.0,0.0,0.0,57,1765.0,1766.0,1,1761.0,1757.0,1769.0,1748.0,4710.0,8294310.0,133082
2023-05-10 21:06:20,FG2307,FG2307,1767.0,18.0,31698.0,11.0,1,1766.0,1767.0,19,1761.0,1757.0,1769.0,1748.0,4728.0,8326008.0,133093
2023-05-10 21:06:20,FG2307,FG2307,1767.0,0.0,0.0,0.0,39,1765.0,1767.0,19,1761.0,1757.0,1769.0,1748.0,4728.0,8326008.0,133093
2023-05-10 21:06:21,FG2307,FG2307,1767.0,9.0,15849.0,4.0,30,1765.0,1767.0,11,1761.0,1757.0,1769.0,1748.0,4737.0,8341857.0,133097
2023-05-10 21:06:21,FG2307,FG2307,1766.0,2.0,3522.0,-2.0,5,1766.0,1767.0,9,1761.0,1757.0,1769.0,1748.0,4739.0,8345379.0,133095
2023-05-10 21:06:22,FG2307,FG2307,1766.0,0.0,0.0,0.0,8,1766.0,1767.0,9,1761.0,1757.0,1769.0,1748.0,4739.0,8345379.0,133095
2023-05-10 21:06:23,FG2307,FG2307,1768.0,13.0,22893.0,0.0,4,1766.0,1767.0,9,1761.0,1757.0,1769.0,1748.0,4752.0,8368272.0,133095
2023-05-10 21:06:27,FG2307,FG2307,1766.0,4.0,7044.0,-3.0,17,1765.0,1767.0,13,1761.0,1757.0,1769.0,1748.0,4756.0,8375316.0,133092
2023-05-10 21:06:27,FG2307,FG2307,1766.0,0.0,0.0,0.0,4,1766.0,1767.0,13,1761.0,1757.0,1769.0,1748.0,4756.0,8375316.0,133092
2023-05-10 21:06:28,FG2307,FG2307,1766.0,0.0,0.0,0.0,4,1766.0,1767.0,14,1761.0,1757.0,1769.0,1748.0,4756.0,8375316.0,133092
2023-05-10 21:06:29,FG2307,FG2307,1767.0,1.0,1761.0,0.0,4,1766.0,1767.0,13,1761.0,1757.0,1769.0,1748.0,4757.0,8377077.0,133092
2023-05-10 21:06:31,FG2307,FG2307,1767.0,1.0,1761.0,-1.0,4,1766.0,1767.0,12,1761.0,1757.0,1769.0,1748.0,4758.0,8378838.0,133091
2023-05-10 21:06:32,FG2307,FG2307,1766.0,13.0,22893.0,-12.0,19,1765.0,1767.0,48,1761.0,1757.0,1769.0,1748.0,4771.0,8401731.0,133079
2023-05-10 21:06:34,FG2307,FG2307,1765.0,5.0,8805.0,0.0,14,1765.0,1767.0,48,1761.0,1757.0,1769.0,1748.0,4776.0,8410536.0,133079
2023-05-10 21:06:39,FG2307,FG2307,1765.0,0.0,0.0,0.0,1,1766.0,1767.0,47,1761.0,1757.0,1769.0,1748.0,4776.0,8410536.0,133079
2023-05-10 21:06:40,FG2307,FG2307,1766.0,5.0,8805.0,0.0,16,1765.0,1766.0,5,1761.0,1757.0,1769.0,1748.0,4781.0,8419341.0,133079
2023-05-10 21:06:40,FG2307,FG2307,1766.0,7.0,12327.0,3.0,15,1765.0,1767.0,47,1761.0,1757.0,1769.0,1748.0,4788.0,8431668.0,133082
2023-05-10 21:06:42,FG2307,FG2307,1765.0,5.0,8805.0,0.0,10,1765.0,1767.0,47,1761.0,1757.0,1769.0,1748.0,4793.0,8440473.0,133082
2023-05-10 21:06:45,FG2307,FG2307,1765.0,0.0,0.0,0.0,11,1765.0,1767.0,47,1761.0,1757.0,1769.0,1748.0,4793.0,8440473.0,133082
2023-05-10 21:06:45,FG2307,FG2307,1765.0,0.0,0.0,0.0,22,1766.0,1767.0,47,1761.0,1757.0,1769.0,1748.0,4793.0,8440473.0,133082
2023-05-10 21:06:50,FG2307,FG2307,1766.0,5.0,8805.0,5.0,17,1766.0,1767.0,47,1761.0,1757.0,1769.0,1748.0,4798.0,8449278.0,133087
2023-05-10 21:06:50,FG2307,FG2307,1766.0,1.0,1761.0,0.0,16,1766.0,1767.0,46,1761.0,1757.0,1769.0,1748.0,4799.0,8451039.0,133087
2023-05-10 21:06:52,FG2307,FG2307,1766.0,0.0,0.0,0.0,16,1766.0,1767.0,56,1761.0,1757.0,1769.0,1748.0,4799.0,8451039.0,133087
2023-05-10 21:06:54,FG2307,FG2307,1767.0,8.0,14088.0,2.0,16,1766.0,1767.0,48,1761.0,1757.0,1769.0,1748.0,4807.0,8465127.0,133089
2023-05-10 21:06:55,FG2307,FG2307,1767.0,53.0,93333.0,15.0,17,1766.0,1768.0,20,1761.0,1757.0,1769.0,1748.0,4860.0,8558460.0,133104
2023-05-10 21:06:55,FG2307,FG2307,1767.0,0.0,0.0,0.0,21,1766.0,1768.0,21,1761.0,1757.0,1769.0,1748.0,4860.0,8558460.0,133104
2023-05-10 21:06:56,FG2307,FG2307,1767.0,0.0,0.0,0.0,9,1767.0,1768.0,21,1761.0,1757.0,1769.0,1748.0,4860.0,8558460.0,133104
2023-05-10 21:06:56,FG2307,FG2307,1767.0,2.0,3522.0,0.0,9,1767.0,1768.0,21,1761.0,1757.0,1769.0,1748.0,4862.0,8561982.0,133104
2023-05-10 21:06:57,FG2307,FG2307,1767.0,2.0,3522.0,2.0,7,1767.0,1768.0,19,1761.0,1757.0,1769.0,1748.0,4864.0,8565504.0,133106
2023-05-10 21:06:57,FG2307,FG2307,1766.0,4.0,7044.0,4.0,7,1767.0,1768.0,15,1761.0,1757.0,1769.0,1748.0,4868.0,8572548.0,133110
2023-05-10 21:06:58,FG2307,FG2307,1766.0,1.0,1761.0,0.0,6,1767.0,1768.0,15,1761.0,1757.0,1769.0,1748.0,4869.0,8574309.0,133110
2023-05-10 21:06:59,FG2307,FG2307,1768.0,6.0,10566.0,-6.0,4,1767.0,1768.0,9,1761.0,1757.0,1769.0,1748.0,4875.0,8584875.0,133104
2023-05-10 21:07:00,FG2307,FG2307,1768.0,0.0,0.0,0.0,4,1767.0,1768.0,12,1761.0,1757.0,1769.0,1748.0,4875.0,8584875.0,133104
2023-05-10 21:07:00,FG2307,FG2307,1767.0,4.0,7044.0,-1.0,19,1766.0,1768.0,16,1761.0,1757.0,1769.0,1748.0,4879.0,8591919.0,133103
2023-05-10 21:07:02,FG2307,FG2307,1767.0,0.0,0.0,0.0,20,1766.0,1768.0,16,1761.0,1757.0,1769.0,1748.0,4879.0,8591919.0,133103
2023-05-10 21:07:03,FG2307,FG2307,1768.0,1.0,1761.0,0.0,13,1766.0,1768.0,15,1761.0,1757.0,1769.0,1748.0,4880.0,8593680.0,133103
2023-05-10 21:07:03,FG2307,FG2307,1768.0,0.0,0.0,0.0,13,1766.0,1767.0,4,1761.0,1757.0,1769.0,1748.0,4880.0,8593680.0,133103
2023-05-10 21:07:04,FG2307,FG2307,1768.0,0.0,0.0,0.0,14,1766.0,1767.0,4,1761.0,1757.0,1769.0,1748.0,4880.0,8593680.0,133103
2023-05-10 21:07:05,FG2307,FG2307,1768.0,0.0,0.0,0.0,13,1766.0,1767.0,4,1761.0,1757.0,1769.0,1748.0,4880.0,8593680.0,133103
2023-05-10 21:07:05,FG2307,FG2307,1767.0,1.0,1761.0,1.0,14,1766.0,1767.0,6,1761.0,1757.0,1769.0,1748.0,4881.0,8595441.0,133104
2023-05-10 21:07:05,FG2307,FG2307,1767.0,0.0,0.0,0.0,13,1766.0,1767.0,6,1761.0,1757.0,1769.0,1748.0,4881.0,8595441.0,133104
2023-05-10 21:07:08,FG2307,FG2307,1767.0,0.0,0.0,0.0,14,1766.0,1767.0,6,1761.0,1757.0,1769.0,1748.0,4881.0,8595441.0,133104
2023-05-10 21:07:09,FG2307,FG2307,1767.0,3.0,5283.0,3.0,15,1766.0,1768.0,14,1761.0,1757.0,1769.0,1748.0,4884.0,8600724.0,133107
2023-05-10 21:07:10,FG2307,FG2307,1767.0,0.0,0.0,0.0,15,1766.0,1768.0,15,1761.0,1757.0,1769.0,1748.0,4884.0,8600724.0,133107
2023-05-10 21:07:12,FG2307,FG2307,1767.0,0.0,0.0,0.0,14,1766.0,1768.0,16,1761.0,1757.0,1769.0,1748.0,4884.0,8600724.0,133107
2023-05-10 21:07:14,FG2307,FG2307,1767.0,0.0,0.0,0.0,14,1766.0,1768.0,26,1761.0,1757.0,1769.0,1748.0,4884.0,8600724.0,133107
2023-05-10 21:07:15,FG2307,FG2307,1767.0,0.0,0.0,0.0,15,1766.0,1768.0,26,1761.0,1757.0,1769.0,1748.0,4884.0,8600724.0,133107
2023-05-10 21:07:16,FG2307,FG2307,1767.0,0.0,0.0,0.0,15,1766.0,1768.0,31,1761.0,1757.0,1769.0,1748.0,4884.0,8600724.0,133107
2023-05-10 21:07:17,FG2307,FG2307,1767.0,0.0,0.0,0.0,16,1766.0,1768.0,31,1761.0,1757.0,1769.0,1748.0,4884.0,8600724.0,133107
2023-05-10 21:07:17,FG2307,FG2307,1767.0,0.0,0.0,0.0,16,1766.0,1768.0,32,1761.0,1757.0,1769.0,1748.0,4884.0,8600724.0,133107
2023-05-10 21:07:20,FG2307,FG2307,1767.0,0.0,0.0,0.0,16,1766.0,1767.0,1,1761.0,1757.0,1769.0,1748.0,4884.0,8600724.0,133107
2023-05-10 21:07:20,FG2307,FG2307,1767.0,0.0,0.0,0.0,16,1766.0,1767.0,4,1761.0,1757.0,1769.0,1748.0,4884.0,8600724.0,133107
2023-05-10 21:07:21,FG2307,FG2307,1766.0,4.0,7044.0,0.0,12,1766.0,1767.0,4,1761.0,1757.0,1769.0,1748.0,4888.0,8607768.0,133107
2023-05-10 21:07:22,FG2307,FG2307,1766.0,1.0,1761.0,0.0,11,1766.0,1767.0,8,1761.0,1757.0,1769.0,1748.0,4889.0,8609529.0,133107
2023-05-10 21:07:22,FG2307,FG2307,1766.0,8.0,14088.0,0.0,13,1765.0,1767.0,7,1761.0,1757.0,1769.0,1748.0,4897.0,8623617.0,133107
2023-05-10 21:07:22,FG2307,FG2307,1766.0,0.0,0.0,0.0,10,1765.0,1766.0,9,1761.0,1757.0,1769.0,1748.0,4897.0,8623617.0,133107
2023-05-10 21:07:23,FG2307,FG2307,1766.0,0.0,0.0,0.0,11,1765.0,1766.0,18,1761.0,1757.0,1769.0,1748.0,4897.0,8623617.0,133107
2023-05-10 21:07:23,FG2307,FG2307,1766.0,0.0,0.0,0.0,11,1765.0,1766.0,15,1761.0,1757.0,1769.0,1748.0,4897.0,8623617.0,133107
2023-05-10 21:07:24,FG2307,FG2307,1766.0,0.0,0.0,0.0,11,1765.0,1766.0,16,1761.0,1757.0,1769.0,1748.0,4897.0,8623617.0,133107
2023-05-10 21:07:24,FG2307,FG2307,1765.0,10.0,17610.0,-2.0,18,1764.0,1766.0,17,1761.0,1757.0,1769.0,1748.0,4907.0,8641227.0,133105
2023-05-10 21:07:26,FG2307,FG2307,1765.0,0.0,0.0,0.0,17,1764.0,1766.0,20,1761.0,1757.0,1769.0,1748.0,4907.0,8641227.0,133105
2023-05-10 21:07:26,FG2307,FG2307,1765.0,0.0,0.0,0.0,16,1764.0,1766.0,20,1761.0,1757.0,1769.0,1748.0,4907.0,8641227.0,133105
2023-05-10 21:07:27,FG2307,FG2307,1765.0,0.0,0.0,0.0,16,1764.0,1765.0,6,1761.0,1757.0,1769.0,1748.0,4907.0,8641227.0,133105
2023-05-10 21:07:28,FG2307,FG2307,1765.0,0.0,0.0,0.0,15,1764.0,1765.0,6,1761.0,1757.0,1769.0,1748.0,4907.0,8641227.0,133105
2023-05-10 21:07:28,FG2307,FG2307,1765.0,1.0,1761.0,0.0,24,1764.0,1765.0,5,1761.0,1757.0,1769.0,1748.0,4908.0,8642988.0,133105
2023-05-10 21:07:31,FG2307,FG2307,1765.0,0.0,0.0,0.0,24,1764.0,1765.0,6,1761.0,1757.0,1769.0,1748.0,4908.0,8642988.0,133105
2023-05-10 21:07:31,FG2307,FG2307,1765.0,0.0,0.0,0.0,24,1764.0,1765.0,3,1761.0,1757.0,1769.0,1748.0,4908.0,8642988.0,133105
2023-05-10 21:07:32,FG2307,FG2307,1764.0,3.0,5283.0,-1.0,22,1764.0,1765.0,3,1761.0,1757.0,1769.0,1748.0,4911.0,8648271.0,133104
2023-05-10 21:07:32,FG2307,FG2307,1765.0,1.0,1761.0,-1.0,23,1764.0,1765.0,2,1761.0,1757.0,1769.0,1748.0,4912.0,8650032.0,133103
2023-05-10 21:07:33,FG2307,FG2307,1765.0,0.0,0.0,0.0,24,1764.0,1765.0,2,1761.0,1757.0,1769.0,1748.0,4912.0,8650032.0,133103
2023-05-10 21:07:33,FG2307,FG2307,1765.0,0.0,0.0,0.0,24,1764.0,1765.0,5,1761.0,1757.0,1769.0,1748.0,4912.0,8650032.0,133103
2023-05-10 21:07:34,FG2307,FG2307,1765.0,0.0,0.0,0.0,24,1764.0,1765.0,9,1761.0,1757.0,1769.0,1748.0,4912.0,8650032.0,133103
2023-05-10 21:07:34,FG2307,FG2307,1765.0,0.0,0.0,0.0,24,1764.0,1765.0,6,1761.0,1757.0,1769.0,1748.0,4912.0,8650032.0,133103
2023-05-10 21:07:36,FG2307,FG2307,1765.0,0.0,0.0,0.0,14,1764.0,1765.0,8,1761.0,1757.0,1769.0,1748.0,4912.0,8650032.0,133103
2023-05-10 21:07:36,FG2307,FG2307,1764.0,14.0,24654.0,-5.0,35,1763.0,1765.0,8,1761.0,1757.0,1769.0,1748.0,4926.0,8674686.0,133098
2023-05-10 21:07:37,FG2307,FG2307,1764.0,0.0,0.0,0.0,21,1763.0,1765.0,8,1761.0,1757.0,1769.0,1748.0,4926.0,8674686.0,133098
2023-05-10 21:07:37,FG2307,FG2307,1765.0,1.0,1761.0,0.0,21,1763.0,1765.0,10,1761.0,1757.0,1769.0,1748.0,4927.0,8676447.0,133098
2023-05-10 21:07:39,FG2307,FG2307,1765.0,0.0,0.0,0.0,22,1763.0,1765.0,10,1761.0,1757.0,1769.0,1748.0,4927.0,8676447.0,133098
2023-05-10 21:07:40,FG2307,FG2307,1763.0,6.0,10566.0,-4.0,16,1763.0,1765.0,10,1761.0,1757.0,1769.0,1748.0,4933.0,8687013.0,133094
2023-05-10 21:07:40,FG2307,FG2307,1763.0,1.0,1761.0,0.0,15,1763.0,1764.0,8,1761.0,1757.0,1769.0,1748.0,4934.0,8688774.0,133094
2023-05-10 21:07:40,FG2307,FG2307,1763.0,0.0,0.0,0.0,5,1763.0,1764.0,10,1761.0,1757.0,1769.0,1748.0,4934.0,8688774.0,133094
2023-05-10 21:07:42,FG2307,FG2307,1763.0,5.0,8805.0,0.0,25,1762.0,1763.0,25,1761.0,1757.0,1769.0,1748.0,4939.0,8697579.0,133094
2023-05-10 21:07:42,FG2307,FG2307,1763.0,10.0,17610.0,-10.0,14,1762.0,1763.0,15,1761.0,1757.0,1769.0,1748.0,4949.0,8715189.0,133084
2023-05-10 21:07:43,FG2307,FG2307,1763.0,0.0,0.0,0.0,15,1762.0,1763.0,15,1761.0,1757.0,1769.0,1748.0,4949.0,8715189.0,133084
2023-05-10 21:07:43,FG2307,FG2307,1763.0,0.0,0.0,0.0,14,1762.0,1763.0,15,1761.0,1757.0,1769.0,1748.0,4949.0,8715189.0,133084
2023-05-10 21:07:45,FG2307,FG2307,1763.0,0.0,0.0,0.0,14,1762.0,1763.0,16,1761.0,1757.0,1769.0,1748.0,4949.0,8715189.0,133084
2023-05-10 21:07:46,FG2307,FG2307,1763.0,0.0,0.0,0.0,11,1762.0,1763.0,16,1761.0,1757.0,1769.0,1748.0,4949.0,8715189.0,133084
2023-05-10 21:07:48,FG2307,FG2307,1762.0,1.0,1761.0,1.0,10,1762.0,1763.0,16,1761.0,1757.0,1769.0,1748.0,4950.0,8716950.0,133085
2023-05-10 21:07:48,FG2307,FG2307,1762.0,0.0,0.0,0.0,10,1762.0,1763.0,17,1761.0,1757.0,1769.0,1748.0,4950.0,8716950.0,133085
2023-05-10 21:07:50,FG2307,FG2307,1762.0,0.0,0.0,0.0,10,1762.0,1763.0,22,1761.0,1757.0,1769.0,1748.0,4950.0,8716950.0,133085
2023-05-10 21:07:51,FG2307,FG2307,1762.0,2.0,3522.0,2.0,8,1762.0,1763.0,22,1761.0,1757.0,1769.0,1748.0,4952.0,8720472.0,133087
2023-05-10 21:07:51,FG2307,FG2307,1763.0,9.0,15849.0,3.0,20,1761.0,1763.0,287,1761.0,1757.0,1769.0,1748.0,4961.0,8736321.0,133090
2023-05-10 21:07:51,FG2307,FG2307,1763.0,0.0,0.0,0.0,21,1761.0,1763.0,287,1761.0,1757.0,1769.0,1748.0,4961.0,8736321.0,133090
2023-05-10 21:07:52,FG2307,FG2307,1763.0,0.0,0.0,0.0,3,1762.0,1763.0,287,1761.0,1757.0,1769.0,1748.0,4961.0,8736321.0,133090
2023-05-10 21:07:52,FG2307,FG2307,1762.0,3.0,5283.0,0.0,22,1761.0,1762.0,3,1761.0,1757.0,1769.0,1748.0,4964.0,8741604.0,133090
2023-05-10 21:07:53,FG2307,FG2307,1762.0,6.0,10566.0,2.0,20,1761.0,1763.0,287,1761.0,1757.0,1769.0,1748.0,4970.0,8752170.0,133092
2023-05-10 21:07:54,FG2307,FG2307,1761.0,31.0,54591.0,-12.0,26,1761.0,1762.0,3,1761.0,1757.0,1769.0,1748.0,5001.0,8806761.0,133080
2023-05-10 21:07:54,FG2307,FG2307,1761.0,0.0,0.0,0.0,26,1761.0,1762.0,4,1761.0,1757.0,1769.0,1748.0,5001.0,8806761.0,133080
2023-05-10 21:07:55,FG2307,FG2307,1761.0,0.0,0.0,0.0,4,1761.0,1762.0,5,1761.0,1757.0,1769.0,1748.0,5001.0,8806761.0,133080
2023-05-10 21:07:56,FG2307,FG2307,1761.0,0.0,0.0,0.0,3,1761.0,1762.0,5,1761.0,1757.0,1769.0,1748.0,5001.0,8806761.0,133080
2023-05-10 21:07:56,FG2307,FG2307,1762.0,3.0,5283.0,-1.0,3,1761.0,1762.0,7,1761.0,1757.0,1769.0,1748.0,5004.0,8812044.0,133079
2023-05-10 21:07:57,FG2307,FG2307,1761.0,3.0,5283.0,-1.0,38,1760.0,1762.0,7,1761.0,1757.0,1769.0,1748.0,5007.0,8817327.0,133078
2023-05-10 21:07:58,FG2307,FG2307,1762.0,2.0,3522.0,2.0,30,1760.0,1762.0,8,1761.0,1757.0,1769.0,1748.0,5009.0,8820849.0,133080
2023-05-10 21:07:58,FG2307,FG2307,1762.0,0.0,0.0,0.0,33,1760.0,1762.0,8,1761.0,1757.0,1769.0,1748.0,5009.0,8820849.0,133080
2023-05-10 21:07:59,FG2307,FG2307,1762.0,0.0,0.0,0.0,33,1760.0,1762.0,10,1761.0,1757.0,1769.0,1748.0,5009.0,8820849.0,133080
2023-05-10 21:08:00,FG2307,FG2307,1762.0,0.0,0.0,0.0,32,1760.0,1762.0,10,1761.0,1757.0,1769.0,1748.0,5009.0,8820849.0,133080
2023-05-10 21:08:00,FG2307,FG2307,1762.0,0.0,0.0,0.0,32,1760.0,1762.0,25,1761.0,1757.0,1769.0,1748.0,5009.0,8820849.0,133080
2023-05-10 21:08:01,FG2307,FG2307,1760.0,1.0,1761.0,0.0,31,1760.0,1762.0,25,1761.0,1757.0,1769.0,1748.0,5010.0,8822610.0,133080
2023-05-10 21:08:01,FG2307,FG2307,1760.0,10.0,17610.0,-10.0,27,1760.0,1762.0,26,1761.0,1757.0,1769.0,1748.0,5020.0,8840220.0,133070
2023-05-10 21:08:02,FG2307,FG2307,1760.0,1.0,1761.0,-1.0,26,1760.0,1762.0,26,1761.0,1757.0,1769.0,1748.0,5021.0,8841981.0,133069
2023-05-10 21:08:04,FG2307,FG2307,1760.0,0.0,0.0,0.0,1,1761.0,1762.0,26,1761.0,1757.0,1769.0,1748.0,5021.0,8841981.0,133069
2023-05-10 21:08:04,FG2307,FG2307,1761.0,1.0,1761.0,-1.0,26,1760.0,1762.0,27,1761.0,1757.0,1769.0,1748.0,5022.0,8843742.0,133068
2023-05-10 21:08:06,FG2307,FG2307,1761.0,0.0,0.0,0.0,5,1760.0,1761.0,1,1761.0,1757.0,1769.0,1748.0,5022.0,8843742.0,133068
2023-05-10 21:08:06,FG2307,FG2307,1761.0,2.0,3522.0,0.0,9,1760.0,1761.0,8,1761.0,1757.0,1769.0,1748.0,5024.0,8847264.0,133068
2023-05-10 21:08:06,FG2307,FG2307,1761.0,10.0,17610.0,-6.0,31,1759.0,1761.0,8,1761.0,1757.0,1769.0,1748.0,5034.0,8864874.0,133062
2023-05-10 21:08:08,FG2307,FG2307,1761.0,1.0,1761.0,-1.0,31,1759.0,1761.0,9,1761.0,1757.0,1769.0,1748.0,5035.0,8866635.0,133061
2023-05-10 21:08:09,FG2307,FG2307,1760.0,5.0,8805.0,-5.0,31,1759.0,1761.0,9,1761.0,1757.0,1769.0,1748.0,5040.0,8875440.0,133056
2023-05-10 21:08:11,FG2307,FG2307,1760.0,0.0,0.0,0.0,24,1760.0,1761.0,7,1761.0,1757.0,1769.0,1748.0,5040.0,8875440.0,133056
2023-05-10 21:08:11,FG2307,FG2307,1760.0,0.0,0.0,0.0,4,1760.0,1761.0,6,1761.0,1757.0,1769.0,1748.0,5040.0,8875440.0,133056
2023-05-10 21:08:11,FG2307,FG2307,1760.0,1.0,1761.0,0.0,32,1759.0,1761.0,6,1761.0,1757.0,1769.0,1748.0,5041.0,8877201.0,133056
2023-05-10 21:08:13,FG2307,FG2307,1760.0,2.0,3522.0,-2.0,30,1759.0,1761.0,7,1761.0,1757.0,1769.0,1748.0,5043.0,8880723.0,133054
2023-05-10 21:08:13,FG2307,FG2307,1760.0,0.0,0.0,0.0,1,1760.0,1761.0,7,1761.0,1757.0,1769.0,1748.0,5043.0,8880723.0,133054
2023-05-10 21:08:13,FG2307,FG2307,1760.0,1.0,1761.0,-1.0,33,1759.0,1761.0,8,1761.0,1757.0,1769.0,1748.0,5044.0,8882484.0,133053
2023-05-10 21:08:15,FG2307,FG2307,1761.0,1.0,1761.0,0.0,33,1759.0,1761.0,8,1761.0,1757.0,1769.0,1748.0,5045.0,8884245.0,133053
2023-05-10 21:08:16,FG2307,FG2307,1761.0,0.0,0.0,0.0,12,1759.0,1760.0,8,1761.0,1757.0,1769.0,1748.0,5045.0,8884245.0,133053
2023-05-10 21:08:17,FG2307,FG2307,1761.0,0.0,0.0,0.0,11,1759.0,1760.0,8,1761.0,1757.0,1769.0,1748.0,5045.0,8884245.0,133053
2023-05-10 21:08:17,FG2307,FG2307,1761.0,0.0,0.0,0.0,11,1759.0,1760.0,5,1761.0,1757.0,1769.0,1748.0,5045.0,8884245.0,133053
2023-05-10 21:08:18,FG2307,FG2307,1760.0,1.0,1761.0,-1.0,11,1759.0,1760.0,7,1761.0,1757.0,1769.0,1748.0,5046.0,8886006.0,133052
2023-05-10 21:08:18,FG2307,FG2307,1760.0,1.0,1761.0,0.0,10,1759.0,1760.0,6,1761.0,1757.0,1769.0,1748.0,5047.0,8887767.0,133052
2023-05-10 21:08:20,FG2307,FG2307,1760.0,0.0,0.0,0.0,10,1759.0,1760.0,4,1761.0,1757.0,1769.0,1748.0,5047.0,8887767.0,133052
2023-05-10 21:08:20,FG2307,FG2307,1759.0,1.0,1761.0,-1.0,9,1759.0,1760.0,4,1761.0,1757.0,1769.0,1748.0,5048.0,8889528.0,133051
2023-05-10 21:08:21,FG2307,FG2307,1759.0,21.0,36981.0,-19.0,38,1758.0,1759.0,129,1761.0,1757.0,1769.0,1748.0,5069.0,8926509.0,133032
2023-05-10 21:08:22,FG2307,FG2307,1759.0,0.0,0.0,0.0,38,1758.0,1759.0,131,1761.0,1757.0,1769.0,1748.0,5069.0,8926509.0,133032
2023-05-10 21:08:23,FG2307,FG2307,1759.0,15.0,26415.0,-10.0,15,1758.0,1759.0,131,1761.0,1757.0,1769.0,1748.0,5084.0,8952924.0,133022
2023-05-10 21:08:23,FG2307,FG2307,1759.0,0.0,0.0,0.0,16,1758.0,1759.0,132,1761.0,1757.0,1769.0,1748.0,5084.0,8952924.0,133022
2023-05-10 21:08:24,FG2307,FG2307,1758.0,21.0,36981.0,-2.0,14,1757.0,1759.0,132,1761.0,1757.0,1769.0,1748.0,5105.0,8989905.0,133020
2023-05-10 21:08:24,FG2307,FG2307,1758.0,0.0,0.0,0.0,13,1757.0,1758.0,1,1761.0,1757.0,1769.0,1748.0,5105.0,8989905.0,133020
2023-05-10 21:08:25,FG2307,FG2307,1758.0,0.0,0.0,0.0,13,1757.0,1758.0,7,1761.0,1757.0,1769.0,1748.0,5105.0,8989905.0,133020
2023-05-10 21:08:26,FG2307,FG2307,1758.0,1.0,1761.0,1.0,12,1757.0,1758.0,6,1761.0,1757.0,1769.0,1748.0,5106.0,8991666.0,133021
2023-05-10 21:08:27,FG2307,FG2307,1757.0,14.0,24654.0,13.0,8,1756.0,1758.0,7,1761.0,1757.0,1769.0,1748.0,5120.0,9016320.0,133034
2023-05-10 21:08:27,FG2307,FG2307,1757.0,1.0,1761.0,0.0,14,1756.0,1757.0,9,1761.0,1757.0,1769.0,1748.0,5121.0,9018081.0,133034
2023-05-10 21:08:27,FG2307,FG2307,1757.0,0.0,0.0,0.0,14,1756.0,1757.0,13,1761.0,1757.0,1769.0,1748.0,5121.0,9018081.0,133034
2023-05-10 21:08:28,FG2307,FG2307,1756.0,11.0,19371.0,7.0,6,1755.0,1757.0,13,1761.0,1757.0,1769.0,1748.0,5132.0,9037452.0,133041
2023-05-10 21:08:29,FG2307,FG2307,1755.0,1.0,1761.0,0.0,1,1755.0,1756.0,4,1761.0,1757.0,1769.0,1748.0,5133.0,9039213.0,133041
2023-05-10 21:08:29,FG2307,FG2307,1754.0,7.0,12327.0,-3.0,7,1754.0,1756.0,5,1761.0,1757.0,1769.0,1748.0,5140.0,9051540.0,133038
2023-05-10 21:08:30,FG2307,FG2307,1755.0,5.0,8805.0,-5.0,9,1754.0,1755.0,5,1761.0,1757.0,1769.0,1748.0,5145.0,9060345.0,133033
2023-05-10 21:08:30,FG2307,FG2307,1756.0,6.0,10566.0,-5.0,7,1755.0,1756.0,3,1761.0,1757.0,1769.0,1748.0,5151.0,9070911.0,133028
2023-05-10 21:08:31,FG2307,FG2307,1755.0,7.0,12327.0,0.0,8,1754.0,1756.0,4,1761.0,1757.0,1769.0,1748.0,5158.0,9083238.0,133028
2023-05-10 21:08:31,FG2307,FG2307,1755.0,0.0,0.0,0.0,8,1754.0,1756.0,5,1761.0,1757.0,1769.0,1748.0,5158.0,9083238.0,133028
2023-05-10 21:08:31,FG2307,FG2307,1755.0,0.0,0.0,0.0,8,1754.0,1756.0,6,1761.0,1757.0,1769.0,1748.0,5158.0,9083238.0,133028
2023-05-10 21:08:32,FG2307,FG2307,1754.0,20.0,35220.0,11.0,7,1754.0,1756.0,6,1761.0,1757.0,1769.0,1748.0,5178.0,9118458.0,133039
2023-05-10 21:08:33,FG2307,FG2307,1754.0,0.0,0.0,0.0,4,1755.0,1756.0,5,1761.0,1757.0,1769.0,1748.0,5178.0,9118458.0,133039
2023-05-10 21:08:33,FG2307,FG2307,1756.0,3.0,5283.0,-1.0,1,1756.0,1757.0,13,1761.0,1757.0,1769.0,1748.0,5181.0,9123741.0,133038
2023-05-10 21:08:34,FG2307,FG2307,1756.0,0.0,0.0,0.0,1,1756.0,1757.0,14,1761.0,1757.0,1769.0,1748.0,5181.0,9123741.0,133038
2023-05-10 21:08:35,FG2307,FG2307,1757.0,1.0,1761.0,1.0,1,1756.0,1757.0,13,1761.0,1757.0,1769.0,1748.0,5182.0,9125502.0,133039
2023-05-10 21:08:35,FG2307,FG2307,1757.0,0.0,0.0,0.0,2,1756.0,1757.0,13,1761.0,1757.0,1769.0,1748.0,5182.0,9125502.0,133039
2023-05-10 21:08:36,FG2307,FG2307,1757.0,13.0,22893.0,-1.0,5,1756.0,1758.0,5,1761.0,1757.0,1769.0,1748.0,5195.0,9148395.0,133038
2023-05-10 21:08:36,FG2307,FG2307,1758.0,2.0,3522.0,0.0,5,1757.0,1758.0,1,1761.0,1757.0,1769.0,1748.0,5197.0,9151917.0,133038
2023-05-10 21:08:37,FG2307,FG2307,1758.0,0.0,0.0,0.0,5,1757.0,1758.0,3,1761.0,1757.0,1769.0,1748.0,5197.0,9151917.0,133038
2023-05-10 21:08:37,FG2307,FG2307,1758.0,0.0,0.0,0.0,5,1757.0,1758.0,1,1761.0,1757.0,1769.0,1748.0,5197.0,9151917.0,133038
2023-05-10 21:08:38,FG2307,FG2307,1758.0,0.0,0.0,0.0,5,1757.0,1758.0,11,1761.0,1757.0,1769.0,1748.0,5197.0,9151917.0,133038
2023-05-10 21:08:39,FG2307,FG2307,1757.0,8.0,14088.0,3.0,8,1756.0,1757.0,2,1761.0,1757.0,1769.0,1748.0,5205.0,9166005.0,133041
2023-05-10 21:08:39,FG2307,FG2307,1757.0,2.0,3522.0,0.0,8,1756.0,1758.0,11,1761.0,1757.0,1769.0,1748.0,5207.0,9169527.0,133041
2023-05-10 21:08:40,FG2307,FG2307,1757.0,4.0,7044.0,-3.0,7,1756.0,1758.0,9,1761.0,1757.0,1769.0,1748.0,5211.0,9176571.0,133038
2023-05-10 21:08:40,FG2307,FG2307,1757.0,0.0,0.0,0.0,4,1757.0,1758.0,7,1761.0,1757.0,1769.0,1748.0,5211.0,9176571.0,133038
2023-05-10 21:08:40,FG2307,FG2307,1757.0,0.0,0.0,0.0,6,1757.0,1758.0,7,1761.0,1757.0,1769.0,1748.0,5211.0,9176571.0,133038
2023-05-10 21:08:41,FG2307,FG2307,1757.0,2.0,3522.0,-1.0,2,1757.0,1758.0,7,1761.0,1757.0,1769.0,1748.0,5213.0,9180093.0,133037
2023-05-10 21:08:42,FG2307,FG2307,1757.0,2.0,3522.0,1.0,11,1756.0,1758.0,7,1761.0,1757.0,1769.0,1748.0,5215.0,9183615.0,133038
2023-05-10 21:08:42,FG2307,FG2307,1758.0,1.0,1761.0,0.0,11,1756.0,1758.0,6,1761.0,1757.0,1769.0,1748.0,5216.0,9185376.0,133038
2023-05-10 21:08:43,FG2307,FG2307,1758.0,0.0,0.0,0.0,2,1757.0,1758.0,6,1761.0,1757.0,1769.0,1748.0,5216.0,9185376.0,133038
2023-05-10 21:08:44,FG2307,FG2307,1758.0,6.0,10566.0,0.0,2,1758.0,1759.0,134,1761.0,1757.0,1769.0,1748.0,5222.0,9195942.0,133038
2023-05-10 21:08:44,FG2307,FG2307,1757.0,11.0,19371.0,-1.0,12,1756.0,1757.0,4,1761.0,1757.0,1769.0,1748.0,5233.0,9215313.0,133037
2023-05-10 21:08:44,FG2307,FG2307,1757.0,4.0,7044.0,0.0,4,1757.0,1758.0,10,1761.0,1757.0,1769.0,1748.0,5237.0,9222357.0,133037
2023-05-10 21:08:45,FG2307,FG2307,1757.0,0.0,0.0,0.0,4,1757.0,1758.0,22,1761.0,1757.0,1769.0,1748.0,5237.0,9222357.0,133037
2023-05-10 21:08:47,FG2307,FG2307,1757.0,1.0,1761.0,1.0,3,1757.0,1758.0,22,1761.0,1757.0,1769.0,1748.0,5238.0,9224118.0,133038
2023-05-10 21:08:47,FG2307,FG2307,1757.0,1.0,1761.0,1.0,2,1757.0,1758.0,22,1761.0,1757.0,1769.0,1748.0,5239.0,9225879.0,133039
2023-05-10 21:08:49,FG2307,FG2307,1757.0,2.0,3522.0,0.0,10,1756.0,1757.0,3,1761.0,1757.0,1769.0,1748.0,5241.0,9229401.0,133039
2023-05-10 21:08:49,FG2307,FG2307,1757.0,0.0,0.0,0.0,7,1756.0,1757.0,6,1761.0,1757.0,1769.0,1748.0,5241.0,9229401.0,133039
2023-05-10 21:08:49,FG2307,FG2307,1757.0,1.0,1761.0,0.0,7,1756.0,1757.0,2,1761.0,1757.0,1769.0,1748.0,5242.0,9231162.0,133039
2023-05-10 21:08:50,FG2307,FG2307,1757.0,0.0,0.0,0.0,5,1756.0,1757.0,2,1761.0,1757.0,1769.0,1748.0,5242.0,9231162.0,133039
2023-05-10 21:08:51,FG2307,FG2307,1757.0,0.0,0.0,0.0,5,1756.0,1757.0,5,1761.0,1757.0,1769.0,1748.0,5242.0,9231162.0,133039
2023-05-10 21:08:52,FG2307,FG2307,1757.0,0.0,0.0,0.0,6,1756.0,1757.0,5,1761.0,1757.0,1769.0,1748.0,5242.0,9231162.0,133039
2023-05-10 21:08:52,FG2307,FG2307,1756.0,1.0,1761.0,1.0,5,1756.0,1757.0,5,1761.0,1757.0,1769.0,1748.0,5243.0,9232923.0,133040
2023-05-10 21:08:54,FG2307,FG2307,1757.0,5.0,8805.0,-5.0,105,1756.0,1758.0,18,1761.0,1757.0,1769.0,1748.0,5248.0,9241728.0,133035
2023-05-10 21:08:55,FG2307,FG2307,1757.0,0.0,0.0,0.0,105,1756.0,1758.0,19,1761.0,1757.0,1769.0,1748.0,5248.0,9241728.0,133035
2023-05-10 21:08:56,FG2307,FG2307,1758.0,5.0,8805.0,0.0,107,1756.0,1757.0,1,1761.0,1757.0,1769.0,1748.0,5253.0,9250533.0,133035
2023-05-10 21:08:56,FG2307,FG2307,1757.0,4.0,7044.0,3.0,1,1757.0,1758.0,17,1761.0,1757.0,1769.0,1748.0,5257.0,9257577.0,133038
2023-05-10 21:08:56,FG2307,FG2307,1757.0,2.0,3522.0,-2.0,105,1756.0,1757.0,1,1761.0,1757.0,1769.0,1748.0,5259.0,9261099.0,133036
2023-05-10 21:08:57,FG2307,FG2307,1757.0,2.0,3522.0,-1.0,105,1756.0,1758.0,18,1761.0,1757.0,1769.0,1748.0,5261.0,9264621.0,133035
2023-05-10 21:08:59,FG2307,FG2307,1756.0,1.0,1761.0,-1.0,104,1756.0,1758.0,19,1761.0,1757.0,1769.0,1748.0,5262.0,9266382.0,133034
2023-05-10 21:08:59,FG2307,FG2307,1758.0,5.0,8805.0,-2.0,105,1756.0,1758.0,23,1761.0,1757.0,1769.0,1748.0,5267.0,9275187.0,133032
2023-05-10 21:09:01,FG2307,FG2307,1758.0,0.0,0.0,0.0,1,1757.0,1758.0,23,1761.0,1757.0,1769.0,1748.0,5267.0,9275187.0,133032
2023-05-10 21:09:01,FG2307,FG2307,1757.0,1.0,1761.0,0.0,105,1756.0,1758.0,23,1761.0,1757.0,1769.0,1748.0,5268.0,9276948.0,133032
2023-05-10 21:09:03,FG2307,FG2307,1758.0,5.0,8805.0,1.0,106,1756.0,1758.0,23,1761.0,1757.0,1769.0,1748.0,5273.0,9285753.0,133033
2023-05-10 21:09:04,FG2307,FG2307,1756.0,1.0,1761.0,0.0,105,1756.0,1758.0,23,1761.0,1757.0,1769.0,1748.0,5274.0,9287514.0,133033
2023-05-10 21:09:04,FG2307,FG2307,1756.0,2.0,3522.0,0.0,105,1756.0,1758.0,22,1761.0,1757.0,1769.0,1748.0,5276.0,9291036.0,133033
2023-05-10 21:09:05,FG2307,FG2307,1756.0,10.0,17610.0,9.0,95,1756.0,1758.0,22,1761.0,1757.0,1769.0,1748.0,5286.0,9308646.0,133042
2023-05-10 21:09:07,FG2307,FG2307,1758.0,5.0,8805.0,-5.0,97,1756.0,1758.0,21,1761.0,1757.0,1769.0,1748.0,5291.0,9317451.0,133037
2023-05-10 21:09:07,FG2307,FG2307,1758.0,1.0,1761.0,0.0,3,1757.0,1758.0,15,1761.0,1757.0,1769.0,1748.0,5292.0,9319212.0,133037
2023-05-10 21:09:07,FG2307,FG2307,1758.0,0.0,0.0,0.0,6,1757.0,1758.0,16,1761.0,1757.0,1769.0,1748.0,5292.0,9319212.0,133037
2023-05-10 21:09:09,FG2307,FG2307,1757.0,5.0,8805.0,5.0,7,1757.0,1758.0,16,1761.0,1757.0,1769.0,1748.0,5297.0,9328017.0,133042
2023-05-10 21:09:09,FG2307,FG2307,1757.0,0.0,0.0,0.0,7,1757.0,1758.0,17,1761.0,1757.0,1769.0,1748.0,5297.0,9328017.0,133042
2023-05-10 21:09:09,FG2307,FG2307,1757.0,0.0,0.0,0.0,7,1757.0,1758.0,18,1761.0,1757.0,1769.0,1748.0,5297.0,9328017.0,133042
2023-05-10 21:09:10,FG2307,FG2307,1758.0,5.0,8805.0,-1.0,7,1757.0,1758.0,13,1761.0,1757.0,1769.0,1748.0,5302.0,9336822.0,133041
2023-05-10 21:09:11,FG2307,FG2307,1758.0,0.0,0.0,0.0,3,1757.0,1758.0,14,1761.0,1757.0,1769.0,1748.0,5302.0,9336822.0,133041
2023-05-10 21:09:11,FG2307,FG2307,1757.0,3.0,5283.0,-3.0,101,1756.0,1758.0,17,1761.0,1757.0,1769.0,1748.0,5305.0,9342105.0,133038
2023-05-10 21:09:13,FG2307,FG2307,1758.0,5.0,8805.0,0.0,98,1756.0,1758.0,12,1761.0,1757.0,1769.0,1748.0,5310.0,9350910.0,133038
2023-05-10 21:09:13,FG2307,FG2307,1758.0,5.0,8805.0,5.0,98,1756.0,1758.0,7,1761.0,1757.0,1769.0,1748.0,5315.0,9359715.0,133043
2023-05-10 21:09:13,FG2307,FG2307,1758.0,0.0,0.0,0.0,94,1756.0,1757.0,4,1761.0,1757.0,1769.0,1748.0,5315.0,9359715.0,133043
2023-05-10 21:09:15,FG2307,FG2307,1757.0,4.0,7044.0,4.0,2,1757.0,1758.0,17,1761.0,1757.0,1769.0,1748.0,5319.0,9366759.0,133047
2023-05-10 21:09:16,FG2307,FG2307,1757.0,2.0,3522.0,2.0,94,1756.0,1758.0,18,1761.0,1757.0,1769.0,1748.0,5321.0,9370281.0,133049
2023-05-10 21:09:17,FG2307,FG2307,1757.0,6.0,10566.0,6.0,90,1756.0,1758.0,18,1761.0,1757.0,1769.0,1748.0,5327.0,9380847.0,133055
2023-05-10 21:09:18,FG2307,FG2307,1757.0,0.0,0.0,0.0,90,1756.0,1758.0,16,1761.0,1757.0,1769.0,1748.0,5327.0,9380847.0,133055
2023-05-10 21:09:19,FG2307,FG2307,1756.0,4.0,7044.0,4.0,86,1756.0,1758.0,16,1761.0,1757.0,1769.0,1748.0,5331.0,9387891.0,133059
2023-05-10 21:09:21,FG2307,FG2307,1756.0,0.0,0.0,0.0,86,1756.0,1758.0,18,1761.0,1757.0,1769.0,1748.0,5331.0,9387891.0,133059
2023-05-10 21:09:21,FG2307,FG2307,1756.0,0.0,0.0,0.0,1,1757.0,1758.0,18,1761.0,1757.0,1769.0,1748.0,5331.0,9387891.0,133059
2023-05-10 21:09:22,FG2307,FG2307,1757.0,2.0,3522.0,-1.0,90,1756.0,1758.0,13,1761.0,1757.0,1769.0,1748.0,5333.0,9391413.0,133058
2023-05-10 21:09:22,FG2307,FG2307,1757.0,0.0,0.0,0.0,2,1757.0,1758.0,13,1761.0,1757.0,1769.0,1748.0,5333.0,9391413.0,133058
2023-05-10 21:09:23,FG2307,FG2307,1757.0,0.0,0.0,0.0,2,1757.0,1758.0,15,1761.0,1757.0,1769.0,1748.0,5333.0,9391413.0,133058
2023-05-10 21:09:24,FG2307,FG2307,1757.0,0.0,0.0,0.0,2,1757.0,1758.0,12,1761.0,1757.0,1769.0,1748.0,5333.0,9391413.0,133058
2023-05-10 21:09:26,FG2307,FG2307,1757.0,6.0,10566.0,-1.0,6,1757.0,1758.0,8,1761.0,1757.0,1769.0,1748.0,5339.0,9401979.0,133057
2023-05-10 21:09:28,FG2307,FG2307,1757.0,9.0,15849.0,-2.0,90,1756.0,1757.0,1,1761.0,1757.0,1769.0,1748.0,5348.0,9417828.0,133055
2023-05-10 21:09:28,FG2307,FG2307,1757.0,1.0,1761.0,-1.0,90,1756.0,1758.0,8,1761.0,1757.0,1769.0,1748.0,5349.0,9419589.0,133054
2023-05-10 21:09:30,FG2307,FG2307,1757.0,0.0,0.0,0.0,5,1757.0,1758.0,8,1761.0,1757.0,1769.0,1748.0,5349.0,9419589.0,133054
2023-05-10 21:09:32,FG2307,FG2307,1757.0,0.0,0.0,0.0,5,1757.0,1758.0,6,1761.0,1757.0,1769.0,1748.0,5349.0,9419589.0,133054
2023-05-10 21:09:32,FG2307,FG2307,1757.0,0.0,0.0,0.0,18,1757.0,1758.0,6,1761.0,1757.0,1769.0,1748.0,5349.0,9419589.0,133054
2023-05-10 21:09:32,FG2307,FG2307,1758.0,1.0,1761.0,1.0,18,1757.0,1758.0,5,1761.0,1757.0,1769.0,1748.0,5350.0,9421350.0,133055
2023-05-10 21:09:34,FG2307,FG2307,1758.0,5.0,8805.0,0.0,18,1757.0,1759.0,140,1761.0,1757.0,1769.0,1748.0,5355.0,9430155.0,133055
2023-05-10 21:09:35,FG2307,FG2307,1758.0,0.0,0.0,0.0,23,1757.0,1759.0,140,1761.0,1757.0,1769.0,1748.0,5355.0,9430155.0,133055
2023-05-10 21:09:35,FG2307,FG2307,1758.0,0.0,0.0,0.0,24,1757.0,1759.0,135,1761.0,1757.0,1769.0,1748.0,5355.0,9430155.0,133055
2023-05-10 21:09:36,FG2307,FG2307,1758.0,0.0,0.0,0.0,25,1757.0,1759.0,135,1761.0,1757.0,1769.0,1748.0,5355.0,9430155.0,133055
2023-05-10 21:09:36,FG2307,FG2307,1758.0,0.0,0.0,0.0,26,1757.0,1759.0,135,1761.0,1757.0,1769.0,1748.0,5355.0,9430155.0,133055
