time,symbol_id,symbol_name,last,trade_volume,trade_amount,open_interest_change,bv1,bp1,ap1,av1,yesterday_close,today_open,today_high,today_low,volume,amount,open_interest
2023-05-10 19:12:58,FG2306,FG2306,1856.0,0.0,0.0,0.0,0,0.0,0.0,0,1856.0,1858.0,0.0,0.0,0.0,0.0,50534
2023-05-10 20:55:00,FG2306,FG2306,1856.0,0.0,0.0,0.0,0,0.0,0.0,0,1856.0,1858.0,0.0,0.0,0.0,0.0,50534
2023-05-10 20:55:08,FG2306,FG2306,1856.0,0.0,0.0,0.0,0,0.0,0.0,0,1856.0,1858.0,0.0,0.0,0.0,0.0,50534
2023-05-10 20:55:12,FG2306,FG2306,1856.0,0.0,0.0,0.0,0,0.0,0.0,0,1856.0,1858.0,0.0,0.0,0.0,0.0,50534
2023-05-10 20:55:19,FG2306,FG2306,1856.0,0.0,0.0,0.0,0,0.0,0.0,0,1856.0,1858.0,0.0,0.0,0.0,0.0,50534
2023-05-10 20:55:24,FG2306,FG2306,1856.0,0.0,0.0,0.0,0,0.0,0.0,0,1856.0,1858.0,0.0,0.0,0.0,0.0,50534
2023-05-10 20:56:44,FG2306,FG2306,1856.0,0.0,0.0,0.0,0,0.0,0.0,0,1856.0,1858.0,0.0,0.0,0.0,0.0,50534
2023-05-10 20:56:50,FG2306,FG2306,1856.0,0.0,0.0,0.0,0,0.0,0.0,0,1856.0,1858.0,0.0,0.0,0.0,0.0,50534
2023-05-10 20:57:12,FG2306,FG2306,1856.0,0.0,0.0,0.0,0,0.0,0.0,0,1856.0,1858.0,0.0,0.0,0.0,0.0,50534
2023-05-10 20:57:13,FG2306,FG2306,1856.0,0.0,0.0,0.0,0,0.0,0.0,0,1856.0,1858.0,0.0,0.0,0.0,0.0,50534
2023-05-10 20:58:36,FG2306,FG2306,1856.0,0.0,0.0,0.0,0,0.0,0.0,0,1856.0,1858.0,0.0,0.0,0.0,0.0,50534
2023-05-10 20:58:39,FG2306,FG2306,1856.0,0.0,0.0,0.0,0,0.0,0.0,0,1856.0,1858.0,0.0,0.0,0.0,0.0,50534
2023-05-10 20:58:44,FG2306,FG2306,1856.0,0.0,0.0,0.0,0,0.0,0.0,0,1856.0,1858.0,0.0,0.0,0.0,0.0,50534
2023-05-10 20:58:46,FG2306,FG2306,1856.0,0.0,0.0,0.0,0,0.0,0.0,0,1856.0,1858.0,0.0,0.0,0.0,0.0,50534
2023-05-10 20:58:59,FG2306,FG2306,1856.0,0.0,0.0,0.0,0,0.0,0.0,0,1856.0,1858.0,0.0,0.0,0.0,0.0,50534
2023-05-10 20:59:00,FG2306,FG2306,1858.0,509.0,945722.0,-487.0,4,1856.0,1858.0,5,1856.0,1858.0,1858.0,1858.0,509.0,945722.0,50047
2023-05-10 21:00:00,FG2306,FG2306,1860.0,54.0,100332.0,21.0,1,1852.0,1862.0,3,1856.0,1858.0,1860.0,1856.0,563.0,1046054.0,50068
2023-05-10 21:00:00,FG2306,FG2306,1860.0,0.0,0.0,0.0,1,1852.0,1861.0,1,1856.0,1858.0,1860.0,1856.0,563.0,1046054.0,50068
2023-05-10 21:00:01,FG2306,FG2306,1840.0,153.0,282842.0,-82.0,4,1848.0,1855.0,1,1856.0,1858.0,1860.0,1840.0,716.0,1328896.0,49986
2023-05-10 21:00:01,FG2306,FG2306,1840.0,0.0,0.0,0.0,1,1852.0,1858.0,3,1856.0,1858.0,1860.0,1840.0,716.0,1328896.0,49986
2023-05-10 21:00:02,FG2306,FG2306,1848.0,24.0,43804.0,-11.0,4,1847.0,1848.0,15,1856.0,1858.0,1860.0,1840.0,740.0,1372700.0,49975
2023-05-10 21:00:03,FG2306,FG2306,1848.0,8.0,14840.0,-3.0,2,1847.0,1848.0,7,1856.0,1858.0,1860.0,1840.0,748.0,1387540.0,49972
2023-05-10 21:00:03,FG2306,FG2306,1852.0,15.0,27825.0,-5.0,2,1847.0,1853.0,1,1856.0,1858.0,1860.0,1840.0,763.0,1415365.0,49967
2023-05-10 21:00:03,FG2306,FG2306,1852.0,0.0,0.0,0.0,1,1850.0,1852.0,3,1856.0,1858.0,1860.0,1840.0,763.0,1415365.0,49967
2023-05-10 21:00:04,FG2306,FG2306,1840.0,107.0,197615.0,39.0,3,1845.0,1853.0,1,1856.0,1858.0,1860.0,1840.0,870.0,1612980.0,50006
2023-05-10 21:00:05,FG2306,FG2306,1850.0,5.0,9270.0,-1.0,4,1847.0,1852.0,2,1856.0,1858.0,1860.0,1840.0,875.0,1622250.0,50005
2023-05-10 21:00:05,FG2306,FG2306,1846.0,50.0,91775.0,29.0,11,1846.0,1852.0,5,1856.0,1858.0,1860.0,1840.0,925.0,1714025.0,50034
2023-05-10 21:00:06,FG2306,FG2306,1848.0,10.0,18530.0,-10.0,10,1848.0,1850.0,2,1856.0,1858.0,1860.0,1840.0,935.0,1732555.0,50024
2023-05-10 21:00:06,FG2306,FG2306,1849.0,2.0,3706.0,-1.0,9,1848.0,1850.0,5,1856.0,1858.0,1860.0,1840.0,937.0,1736261.0,50023
2023-05-10 21:00:07,FG2306,FG2306,1849.0,0.0,0.0,0.0,1,1849.0,1850.0,2,1856.0,1858.0,1860.0,1840.0,937.0,1736261.0,50023
2023-05-10 21:00:07,FG2306,FG2306,1850.0,2.0,3706.0,-2.0,6,1849.0,1852.0,2,1856.0,1858.0,1860.0,1840.0,939.0,1739967.0,50021
2023-05-10 21:00:08,FG2306,FG2306,1850.0,0.0,0.0,0.0,3,1851.0,1852.0,2,1856.0,1858.0,1860.0,1840.0,939.0,1739967.0,50021
2023-05-10 21:00:08,FG2306,FG2306,1852.0,2.0,3706.0,-2.0,1,1852.0,1853.0,1,1856.0,1858.0,1860.0,1840.0,941.0,1743673.0,50019
2023-05-10 21:00:08,FG2306,FG2306,1850.0,11.0,20383.0,-5.0,2,1850.0,1851.0,1,1856.0,1858.0,1860.0,1840.0,952.0,1764056.0,50014
2023-05-10 21:00:09,FG2306,FG2306,1851.0,4.0,7412.0,1.0,1,1850.0,1852.0,2,1856.0,1858.0,1860.0,1840.0,956.0,1771468.0,50015
2023-05-10 21:00:09,FG2306,FG2306,1852.0,5.0,9265.0,5.0,1,1852.0,1853.0,2,1856.0,1858.0,1860.0,1840.0,961.0,1780733.0,50020
2023-05-10 21:00:10,FG2306,FG2306,1851.0,7.0,12971.0,-4.0,4,1850.0,1852.0,2,1856.0,1858.0,1860.0,1840.0,968.0,1793704.0,50016
2023-05-10 21:00:10,FG2306,FG2306,1852.0,3.0,5559.0,-1.0,5,1850.0,1853.0,1,1856.0,1858.0,1860.0,1840.0,971.0,1799263.0,50015
2023-05-10 21:00:11,FG2306,FG2306,1852.0,1.0,1853.0,-1.0,1,1852.0,1853.0,1,1856.0,1858.0,1860.0,1840.0,972.0,1801116.0,50014
2023-05-10 21:00:12,FG2306,FG2306,1852.0,1.0,1853.0,0.0,1,1852.0,1854.0,2,1856.0,1858.0,1860.0,1840.0,973.0,1802969.0,50014
2023-05-10 21:00:12,FG2306,FG2306,1854.0,2.0,3706.0,-1.0,3,1852.0,1854.0,3,1856.0,1858.0,1860.0,1840.0,975.0,1806675.0,50013
2023-05-10 21:00:12,FG2306,FG2306,1854.0,0.0,0.0,0.0,3,1852.0,1854.0,4,1856.0,1858.0,1860.0,1840.0,975.0,1806675.0,50013
2023-05-10 21:00:13,FG2306,FG2306,1854.0,0.0,0.0,0.0,4,1852.0,1854.0,3,1856.0,1858.0,1860.0,1840.0,975.0,1806675.0,50013
2023-05-10 21:00:14,FG2306,FG2306,1854.0,1.0,1853.0,0.0,4,1852.0,1854.0,2,1856.0,1858.0,1860.0,1840.0,976.0,1808528.0,50013
2023-05-10 21:00:14,FG2306,FG2306,1852.0,3.0,5559.0,0.0,6,1852.0,1854.0,3,1856.0,1858.0,1860.0,1840.0,979.0,1814087.0,50013
2023-05-10 21:00:15,FG2306,FG2306,1853.0,8.0,14824.0,-3.0,1,1852.0,1853.0,1,1856.0,1858.0,1860.0,1840.0,987.0,1828911.0,50010
2023-05-10 21:00:15,FG2306,FG2306,1852.0,13.0,24089.0,-1.0,1,1852.0,1854.0,1,1856.0,1858.0,1860.0,1840.0,1000.0,1853000.0,50009
2023-05-10 21:00:16,FG2306,FG2306,1853.0,10.0,18530.0,-1.0,1,1852.0,1854.0,2,1856.0,1858.0,1860.0,1840.0,1010.0,1871530.0,50008
2023-05-10 21:00:16,FG2306,FG2306,1853.0,0.0,0.0,0.0,2,1853.0,1854.0,2,1856.0,1858.0,1860.0,1840.0,1010.0,1871530.0,50008
2023-05-10 21:00:17,FG2306,FG2306,1851.0,4.0,7412.0,-2.0,1,1851.0,1854.0,3,1856.0,1858.0,1860.0,1840.0,1014.0,1878942.0,50006
2023-05-10 21:00:17,FG2306,FG2306,1852.0,6.0,11118.0,-2.0,2,1852.0,1853.0,2,1856.0,1858.0,1860.0,1840.0,1020.0,1890060.0,50004
2023-05-10 21:00:18,FG2306,FG2306,1852.0,0.0,0.0,0.0,4,1852.0,1853.0,2,1856.0,1858.0,1860.0,1840.0,1020.0,1890060.0,50004
2023-05-10 21:00:18,FG2306,FG2306,1852.0,0.0,0.0,0.0,5,1852.0,1854.0,2,1856.0,1858.0,1860.0,1840.0,1020.0,1890060.0,50004
2023-05-10 21:00:19,FG2306,FG2306,1853.0,3.0,5559.0,-3.0,5,1852.0,1854.0,1,1856.0,1858.0,1860.0,1840.0,1023.0,1895619.0,50001
2023-05-10 21:00:20,FG2306,FG2306,1852.0,1.0,1853.0,0.0,4,1852.0,1854.0,1,1856.0,1858.0,1860.0,1840.0,1024.0,1897472.0,50001
2023-05-10 21:00:20,FG2306,FG2306,1854.0,1.0,1853.0,0.0,6,1852.0,1855.0,3,1856.0,1858.0,1860.0,1840.0,1025.0,1899325.0,50001
2023-05-10 21:00:20,FG2306,FG2306,1854.0,0.0,0.0,0.0,1,1853.0,1855.0,3,1856.0,1858.0,1860.0,1840.0,1025.0,1899325.0,50001
2023-05-10 21:00:21,FG2306,FG2306,1856.0,4.0,7412.0,0.0,1,1856.0,1858.0,1,1856.0,1858.0,1860.0,1840.0,1029.0,1906737.0,50001
2023-05-10 21:00:21,FG2306,FG2306,1856.0,2.0,3706.0,-2.0,2,1854.0,1858.0,3,1856.0,1858.0,1860.0,1840.0,1031.0,1910443.0,49999
2023-05-10 21:00:22,FG2306,FG2306,1856.0,0.0,0.0,0.0,3,1855.0,1857.0,3,1856.0,1858.0,1860.0,1840.0,1031.0,1910443.0,49999
2023-05-10 21:00:22,FG2306,FG2306,1856.0,0.0,0.0,0.0,4,1855.0,1857.0,3,1856.0,1858.0,1860.0,1840.0,1031.0,1910443.0,49999
2023-05-10 21:00:24,FG2306,FG2306,1856.0,0.0,0.0,0.0,1,1856.0,1857.0,3,1856.0,1858.0,1860.0,1840.0,1031.0,1910443.0,49999
2023-05-10 21:00:24,FG2306,FG2306,1856.0,1.0,1853.0,-1.0,3,1855.0,1857.0,3,1856.0,1858.0,1860.0,1840.0,1032.0,1912296.0,49998
2023-05-10 21:00:24,FG2306,FG2306,1857.0,3.0,5559.0,2.0,4,1855.0,1858.0,2,1856.0,1858.0,1860.0,1840.0,1035.0,1917855.0,50000
2023-05-10 21:00:25,FG2306,FG2306,1857.0,0.0,0.0,0.0,4,1855.0,1858.0,3,1856.0,1858.0,1860.0,1840.0,1035.0,1917855.0,50000
2023-05-10 21:00:25,FG2306,FG2306,1857.0,0.0,0.0,0.0,4,1855.0,1857.0,3,1856.0,1858.0,1860.0,1840.0,1035.0,1917855.0,50000
2023-05-10 21:00:26,FG2306,FG2306,1857.0,0.0,0.0,0.0,5,1855.0,1857.0,3,1856.0,1858.0,1860.0,1840.0,1035.0,1917855.0,50000
2023-05-10 21:00:28,FG2306,FG2306,1857.0,0.0,0.0,0.0,5,1855.0,1857.0,2,1856.0,1858.0,1860.0,1840.0,1035.0,1917855.0,50000
2023-05-10 21:00:29,FG2306,FG2306,1857.0,2.0,3706.0,2.0,4,1855.0,1858.0,7,1856.0,1858.0,1860.0,1840.0,1037.0,1921561.0,50002
2023-05-10 21:00:30,FG2306,FG2306,1857.0,1.0,1853.0,0.0,34,1857.0,1858.0,6,1856.0,1858.0,1860.0,1840.0,1038.0,1923414.0,50002
2023-05-10 21:00:30,FG2306,FG2306,1857.0,2.0,3706.0,2.0,33,1857.0,1858.0,6,1856.0,1858.0,1860.0,1840.0,1040.0,1927120.0,50004
2023-05-10 21:00:32,FG2306,FG2306,1858.0,6.0,11118.0,0.0,33,1857.0,1859.0,1,1856.0,1858.0,1860.0,1840.0,1046.0,1938238.0,50004
2023-05-10 21:00:34,FG2306,FG2306,1858.0,0.0,0.0,0.0,33,1857.0,1859.0,2,1856.0,1858.0,1860.0,1840.0,1046.0,1938238.0,50004
2023-05-10 21:00:34,FG2306,FG2306,1858.0,1.0,1853.0,1.0,33,1857.0,1859.0,1,1856.0,1858.0,1860.0,1840.0,1047.0,1940091.0,50005
2023-05-10 21:00:35,FG2306,FG2306,1857.0,4.0,7412.0,1.0,29,1857.0,1859.0,1,1856.0,1858.0,1860.0,1840.0,1051.0,1947503.0,50006
2023-05-10 21:00:35,FG2306,FG2306,1857.0,5.0,9265.0,0.0,24,1857.0,1859.0,2,1856.0,1858.0,1860.0,1840.0,1056.0,1956768.0,50006
2023-05-10 21:00:37,FG2306,FG2306,1857.0,1.0,1853.0,0.0,23,1857.0,1858.0,3,1856.0,1858.0,1860.0,1840.0,1057.0,1958621.0,50006
2023-05-10 21:00:38,FG2306,FG2306,1857.0,0.0,0.0,0.0,24,1857.0,1858.0,3,1856.0,1858.0,1860.0,1840.0,1057.0,1958621.0,50006
2023-05-10 21:00:38,FG2306,FG2306,1857.0,0.0,0.0,0.0,23,1857.0,1858.0,3,1856.0,1858.0,1860.0,1840.0,1057.0,1958621.0,50006
2023-05-10 21:00:39,FG2306,FG2306,1858.0,3.0,5559.0,3.0,23,1857.0,1859.0,3,1856.0,1858.0,1860.0,1840.0,1060.0,1964180.0,50009
2023-05-10 21:00:40,FG2306,FG2306,1858.0,0.0,0.0,0.0,30,1858.0,1859.0,2,1856.0,1858.0,1860.0,1840.0,1060.0,1964180.0,50009
2023-05-10 21:00:40,FG2306,FG2306,1859.0,2.0,3706.0,1.0,31,1858.0,1860.0,3,1856.0,1858.0,1860.0,1840.0,1062.0,1967886.0,50010
2023-05-10 21:00:41,FG2306,FG2306,1859.0,0.0,0.0,0.0,31,1858.0,1860.0,2,1856.0,1858.0,1860.0,1840.0,1062.0,1967886.0,50010
2023-05-10 21:00:42,FG2306,FG2306,1858.0,3.0,5559.0,-3.0,28,1858.0,1860.0,3,1856.0,1858.0,1860.0,1840.0,1065.0,1973445.0,50007
2023-05-10 21:00:42,FG2306,FG2306,1858.0,0.0,0.0,0.0,30,1858.0,1860.0,13,1856.0,1858.0,1860.0,1840.0,1065.0,1973445.0,50007
2023-05-10 21:00:43,FG2306,FG2306,1860.0,5.0,9265.0,-5.0,31,1858.0,1860.0,13,1856.0,1858.0,1860.0,1840.0,1070.0,1982710.0,50002
2023-05-10 21:00:45,FG2306,FG2306,1860.0,0.0,0.0,0.0,31,1858.0,1860.0,12,1856.0,1858.0,1860.0,1840.0,1070.0,1982710.0,50002
2023-05-10 21:00:45,FG2306,FG2306,1860.0,3.0,5559.0,-2.0,32,1858.0,1860.0,9,1856.0,1858.0,1860.0,1840.0,1073.0,1988269.0,50000
2023-05-10 21:00:46,FG2306,FG2306,1859.0,1.0,2927.0,0.0,32,1858.0,1860.0,9,1856.0,1858.0,1860.0,1840.0,1074.0,1991196.0,50000
2023-05-10 21:00:46,FG2306,FG2306,1860.0,6.0,11124.0,0.0,32,1858.0,1860.0,3,1856.0,1858.0,1860.0,1840.0,1080.0,2002320.0,50000
2023-05-10 21:00:47,FG2306,FG2306,1860.0,0.0,0.0,0.0,33,1858.0,1860.0,4,1856.0,1858.0,1860.0,1840.0,1080.0,2002320.0,50000
2023-05-10 21:00:47,FG2306,FG2306,1860.0,3.0,5562.0,0.0,27,1860.0,1861.0,1,1856.0,1858.0,1860.0,1840.0,1083.0,2007882.0,50000
2023-05-10 21:00:48,FG2306,FG2306,1860.0,1.0,1854.0,1.0,28,1860.0,1861.0,1,1856.0,1858.0,1860.0,1840.0,1084.0,2009736.0,50001
2023-05-10 21:00:48,FG2306,FG2306,1861.0,1.0,1854.0,0.0,28,1860.0,1861.0,5,1856.0,1858.0,1861.0,1840.0,1085.0,2011590.0,50001
2023-05-10 21:00:49,FG2306,FG2306,1861.0,5.0,9270.0,0.0,29,1860.0,1862.0,7,1856.0,1858.0,1861.0,1840.0,1090.0,2020860.0,50001
2023-05-10 21:00:49,FG2306,FG2306,1861.0,0.0,0.0,0.0,28,1860.0,1862.0,5,1856.0,1858.0,1861.0,1840.0,1090.0,2020860.0,50001
2023-05-10 21:00:50,FG2306,FG2306,1861.0,0.0,0.0,0.0,28,1860.0,1862.0,7,1856.0,1858.0,1861.0,1840.0,1090.0,2020860.0,50001
2023-05-10 21:00:50,FG2306,FG2306,1861.0,0.0,0.0,0.0,28,1860.0,1862.0,14,1856.0,1858.0,1861.0,1840.0,1090.0,2020860.0,50001
2023-05-10 21:00:51,FG2306,FG2306,1860.0,28.0,51912.0,9.0,32,1858.0,1861.0,3,1856.0,1858.0,1861.0,1840.0,1118.0,2072772.0,50010
2023-05-10 21:00:51,FG2306,FG2306,1861.0,4.0,7416.0,1.0,2,1859.0,1861.0,4,1856.0,1858.0,1861.0,1840.0,1122.0,2080188.0,50011
2023-05-10 21:00:52,FG2306,FG2306,1859.0,3.0,5562.0,-3.0,32,1858.0,1861.0,6,1856.0,1858.0,1861.0,1840.0,1125.0,2085750.0,50008
2023-05-10 21:00:53,FG2306,FG2306,1862.0,48.0,88992.0,39.0,8,1861.0,1862.0,10,1856.0,1858.0,1862.0,1840.0,1173.0,2174742.0,50047
2023-05-10 21:00:53,FG2306,FG2306,1861.0,10.0,18540.0,2.0,1,1860.0,1862.0,8,1856.0,1858.0,1862.0,1840.0,1183.0,2193282.0,50049
2023-05-10 21:00:53,FG2306,FG2306,1861.0,0.0,0.0,0.0,1,1860.0,1862.0,10,1856.0,1858.0,1862.0,1840.0,1183.0,2193282.0,50049
2023-05-10 21:00:54,FG2306,FG2306,1861.0,0.0,0.0,0.0,4,1860.0,1862.0,10,1856.0,1858.0,1862.0,1840.0,1183.0,2193282.0,50049
2023-05-10 21:00:54,FG2306,FG2306,1861.0,0.0,0.0,0.0,4,1860.0,1862.0,8,1856.0,1858.0,1862.0,1840.0,1183.0,2193282.0,50049
2023-05-10 21:00:55,FG2306,FG2306,1863.0,15.0,27810.0,5.0,4,1860.0,1863.0,18,1856.0,1858.0,1863.0,1840.0,1198.0,2221092.0,50054
2023-05-10 21:00:56,FG2306,FG2306,1861.0,14.0,25956.0,-11.0,4,1861.0,1863.0,7,1856.0,1858.0,1863.0,1840.0,1212.0,2247048.0,50043
2023-05-10 21:00:56,FG2306,FG2306,1861.0,0.0,0.0,0.0,5,1861.0,1862.0,7,1856.0,1858.0,1863.0,1840.0,1212.0,2247048.0,50043
2023-05-10 21:00:57,FG2306,FG2306,1861.0,32.0,60572.0,-3.0,2,1861.0,1864.0,8,1856.0,1858.0,1863.0,1840.0,1244.0,2307620.0,50040
2023-05-10 21:00:58,FG2306,FG2306,1864.0,9.0,16695.0,5.0,4,1861.0,1864.0,3,1856.0,1858.0,1864.0,1840.0,1253.0,2324315.0,50045
2023-05-10 21:00:58,FG2306,FG2306,1864.0,0.0,0.0,0.0,4,1862.0,1864.0,3,1856.0,1858.0,1864.0,1840.0,1253.0,2324315.0,50045
2023-05-10 21:00:58,FG2306,FG2306,1863.0,1.0,1855.0,0.0,1,1862.0,1864.0,3,1856.0,1858.0,1864.0,1840.0,1254.0,2326170.0,50045
2023-05-10 21:00:59,FG2306,FG2306,1862.0,1.0,1855.0,1.0,4,1861.0,1862.0,4,1856.0,1858.0,1864.0,1840.0,1255.0,2328025.0,50046
2023-05-10 21:01:00,FG2306,FG2306,1864.0,24.0,44520.0,0.0,1,1862.0,1864.0,10,1856.0,1858.0,1864.0,1840.0,1279.0,2372545.0,50046
2023-05-10 21:01:00,FG2306,FG2306,1864.0,1.0,1855.0,-1.0,5,1862.0,1864.0,14,1856.0,1858.0,1864.0,1840.0,1280.0,2374400.0,50045
2023-05-10 21:01:00,FG2306,FG2306,1863.0,6.0,11130.0,-4.0,5,1862.0,1864.0,15,1856.0,1858.0,1864.0,1840.0,1286.0,2385530.0,50041
2023-05-10 21:01:01,FG2306,FG2306,1862.0,5.0,9275.0,3.0,3,1862.0,1864.0,15,1856.0,1858.0,1864.0,1840.0,1291.0,2394805.0,50044
2023-05-10 21:01:01,FG2306,FG2306,1862.0,2.0,3710.0,-2.0,2,1862.0,1864.0,14,1856.0,1858.0,1864.0,1840.0,1293.0,2398515.0,50042
2023-05-10 21:01:02,FG2306,FG2306,1864.0,7.0,12985.0,0.0,2,1863.0,1864.0,2,1856.0,1858.0,1864.0,1840.0,1300.0,2411500.0,50042
2023-05-10 21:01:03,FG2306,FG2306,1862.0,4.0,7420.0,2.0,3,1861.0,1862.0,1,1856.0,1858.0,1864.0,1840.0,1304.0,2418920.0,50044
2023-05-10 21:01:03,FG2306,FG2306,1862.0,1.0,1855.0,0.0,3,1862.0,1864.0,4,1856.0,1858.0,1864.0,1840.0,1305.0,2420775.0,50044
2023-05-10 21:01:04,FG2306,FG2306,1862.0,0.0,0.0,0.0,10,1862.0,1863.0,2,1856.0,1858.0,1864.0,1840.0,1305.0,2420775.0,50044
2023-05-10 21:01:04,FG2306,FG2306,1862.0,10.0,18550.0,10.0,2,1861.0,1863.0,4,1856.0,1858.0,1864.0,1840.0,1315.0,2439325.0,50054
2023-05-10 21:01:05,FG2306,FG2306,1862.0,0.0,0.0,0.0,1,1862.0,1863.0,5,1856.0,1858.0,1864.0,1840.0,1315.0,2439325.0,50054
2023-05-10 21:01:05,FG2306,FG2306,1862.0,1.0,1855.0,-1.0,2,1861.0,1863.0,9,1856.0,1858.0,1864.0,1840.0,1316.0,2441180.0,50053
2023-05-10 21:01:06,FG2306,FG2306,1862.0,0.0,0.0,0.0,2,1861.0,1863.0,14,1856.0,1858.0,1864.0,1840.0,1316.0,2441180.0,50053
2023-05-10 21:01:07,FG2306,FG2306,1862.0,1.0,1855.0,1.0,23,1860.0,1862.0,1,1856.0,1858.0,1864.0,1840.0,1317.0,2443035.0,50054
2023-05-10 21:01:07,FG2306,FG2306,1862.0,3.0,5565.0,0.0,23,1860.0,1862.0,3,1856.0,1858.0,1864.0,1840.0,1320.0,2448600.0,50054
2023-05-10 21:01:07,FG2306,FG2306,1862.0,0.0,0.0,0.0,21,1860.0,1861.0,2,1856.0,1858.0,1864.0,1840.0,1320.0,2448600.0,50054
2023-05-10 21:01:08,FG2306,FG2306,1860.0,2.0,3710.0,0.0,9,1860.0,1861.0,2,1856.0,1858.0,1864.0,1840.0,1322.0,2452310.0,50054
2023-05-10 21:01:08,FG2306,FG2306,1860.0,1.0,1855.0,0.0,8,1860.0,1861.0,2,1856.0,1858.0,1864.0,1840.0,1323.0,2454165.0,50054
2023-05-10 21:01:09,FG2306,FG2306,1861.0,1.0,1855.0,0.0,8,1860.0,1861.0,1,1856.0,1858.0,1864.0,1840.0,1324.0,2456020.0,50054
2023-05-10 21:01:09,FG2306,FG2306,1861.0,3.0,5565.0,0.0,20,1861.0,1862.0,4,1856.0,1858.0,1864.0,1840.0,1327.0,2461585.0,50054
2023-05-10 21:01:10,FG2306,FG2306,1862.0,4.0,7420.0,2.0,1,1862.0,1863.0,8,1856.0,1858.0,1864.0,1840.0,1331.0,2469005.0,50056
2023-05-10 21:01:11,FG2306,FG2306,1862.0,6.0,11130.0,-5.0,15,1862.0,1863.0,15,1856.0,1858.0,1864.0,1840.0,1337.0,2480135.0,50051
2023-05-10 21:01:12,FG2306,FG2306,1862.0,0.0,0.0,0.0,15,1861.0,1862.0,2,1856.0,1858.0,1864.0,1840.0,1337.0,2480135.0,50051
2023-05-10 21:01:13,FG2306,FG2306,1861.0,5.0,9275.0,0.0,10,1861.0,1862.0,13,1856.0,1858.0,1864.0,1840.0,1342.0,2489410.0,50051
2023-05-10 21:01:13,FG2306,FG2306,1861.0,10.0,18550.0,0.0,9,1860.0,1861.0,8,1856.0,1858.0,1864.0,1840.0,1352.0,2507960.0,50051
2023-05-10 21:01:14,FG2306,FG2306,1861.0,0.0,0.0,0.0,9,1860.0,1862.0,7,1856.0,1858.0,1864.0,1840.0,1352.0,2507960.0,50051
2023-05-10 21:01:15,FG2306,FG2306,1861.0,0.0,0.0,0.0,10,1860.0,1862.0,11,1856.0,1858.0,1864.0,1840.0,1352.0,2507960.0,50051
2023-05-10 21:01:15,FG2306,FG2306,1860.0,5.0,9275.0,1.0,6,1860.0,1862.0,10,1856.0,1858.0,1864.0,1840.0,1357.0,2517235.0,50052
2023-05-10 21:01:15,FG2306,FG2306,1860.0,0.0,0.0,0.0,6,1860.0,1862.0,11,1856.0,1858.0,1864.0,1840.0,1357.0,2517235.0,50052
2023-05-10 21:01:17,FG2306,FG2306,1860.0,1.0,1855.0,0.0,4,1860.0,1861.0,3,1856.0,1858.0,1864.0,1840.0,1358.0,2519090.0,50052
2023-05-10 21:01:17,FG2306,FG2306,1860.0,0.0,0.0,0.0,4,1860.0,1862.0,16,1856.0,1858.0,1864.0,1840.0,1358.0,2519090.0,50052
2023-05-10 21:01:18,FG2306,FG2306,1860.0,0.0,0.0,0.0,5,1860.0,1862.0,16,1856.0,1858.0,1864.0,1840.0,1358.0,2519090.0,50052
2023-05-10 21:01:19,FG2306,FG2306,1860.0,1.0,1855.0,0.0,4,1860.0,1862.0,16,1856.0,1858.0,1864.0,1840.0,1359.0,2520945.0,50052
2023-05-10 21:01:20,FG2306,FG2306,1862.0,8.0,14840.0,-2.0,4,1860.0,1862.0,8,1856.0,1858.0,1864.0,1840.0,1367.0,2535785.0,50050
2023-05-10 21:01:20,FG2306,FG2306,1860.0,8.0,14840.0,6.0,50,1859.0,1860.0,2,1856.0,1858.0,1864.0,1840.0,1375.0,2550625.0,50056
2023-05-10 21:01:21,FG2306,FG2306,1860.0,2.0,3710.0,2.0,49,1859.0,1861.0,3,1856.0,1858.0,1864.0,1840.0,1377.0,2554335.0,50058
2023-05-10 21:01:22,FG2306,FG2306,1860.0,0.0,0.0,0.0,4,1860.0,1861.0,4,1856.0,1858.0,1864.0,1840.0,1377.0,2554335.0,50058
2023-05-10 21:01:22,FG2306,FG2306,1860.0,1.0,1855.0,1.0,3,1860.0,1861.0,5,1856.0,1858.0,1864.0,1840.0,1378.0,2556190.0,50059
2023-05-10 21:01:23,FG2306,FG2306,1860.0,0.0,0.0,0.0,3,1860.0,1861.0,6,1856.0,1858.0,1864.0,1840.0,1378.0,2556190.0,50059
2023-05-10 21:01:24,FG2306,FG2306,1860.0,0.0,0.0,0.0,4,1860.0,1861.0,6,1856.0,1858.0,1864.0,1840.0,1378.0,2556190.0,50059
2023-05-10 21:01:24,FG2306,FG2306,1860.0,0.0,0.0,0.0,4,1860.0,1861.0,12,1856.0,1858.0,1864.0,1840.0,1378.0,2556190.0,50059
2023-05-10 21:01:24,FG2306,FG2306,1860.0,4.0,7420.0,0.0,50,1859.0,1860.0,2,1856.0,1858.0,1864.0,1840.0,1382.0,2563610.0,50059
2023-05-10 21:01:26,FG2306,FG2306,1860.0,0.0,0.0,0.0,50,1859.0,1860.0,3,1856.0,1858.0,1864.0,1840.0,1382.0,2563610.0,50059
2023-05-10 21:01:26,FG2306,FG2306,1860.0,0.0,0.0,0.0,50,1859.0,1860.0,5,1856.0,1858.0,1864.0,1840.0,1382.0,2563610.0,50059
2023-05-10 21:01:27,FG2306,FG2306,1859.0,6.0,11130.0,0.0,44,1859.0,1860.0,5,1856.0,1858.0,1864.0,1840.0,1388.0,2574740.0,50059
2023-05-10 21:01:28,FG2306,FG2306,1859.0,2.0,3710.0,2.0,42,1859.0,1860.0,5,1856.0,1858.0,1864.0,1840.0,1390.0,2578450.0,50061
2023-05-10 21:01:29,FG2306,FG2306,1859.0,5.0,9275.0,2.0,38,1859.0,1860.0,10,1856.0,1858.0,1864.0,1840.0,1395.0,2587725.0,50063
2023-05-10 21:01:33,FG2306,FG2306,1859.0,1.0,1855.0,0.0,37,1859.0,1860.0,10,1856.0,1858.0,1864.0,1840.0,1396.0,2589580.0,50063
2023-05-10 21:01:34,FG2306,FG2306,1859.0,36.0,66780.0,36.0,2,1858.0,1860.0,12,1856.0,1858.0,1864.0,1840.0,1432.0,2656360.0,50099
2023-05-10 21:01:34,FG2306,FG2306,1858.0,1.0,1855.0,1.0,2,1858.0,1860.0,14,1856.0,1858.0,1864.0,1840.0,1433.0,2658215.0,50100
2023-05-10 21:01:35,FG2306,FG2306,1858.0,0.0,0.0,0.0,2,1858.0,1860.0,13,1856.0,1858.0,1864.0,1840.0,1433.0,2658215.0,50100
2023-05-10 21:01:35,FG2306,FG2306,1858.0,0.0,0.0,0.0,2,1858.0,1859.0,3,1856.0,1858.0,1864.0,1840.0,1433.0,2658215.0,50100
2023-05-10 21:01:36,FG2306,FG2306,1858.0,1.0,1855.0,0.0,2,1858.0,1859.0,3,1856.0,1858.0,1864.0,1840.0,1434.0,2660070.0,50100
2023-05-10 21:01:37,FG2306,FG2306,1859.0,3.0,5565.0,2.0,4,1859.0,1860.0,12,1856.0,1858.0,1864.0,1840.0,1437.0,2665635.0,50102
2023-05-10 21:01:37,FG2306,FG2306,1859.0,0.0,0.0,0.0,4,1859.0,1860.0,14,1856.0,1858.0,1864.0,1840.0,1437.0,2665635.0,50102
2023-05-10 21:01:38,FG2306,FG2306,1859.0,0.0,0.0,0.0,4,1859.0,1860.0,15,1856.0,1858.0,1864.0,1840.0,1437.0,2665635.0,50102
2023-05-10 21:01:38,FG2306,FG2306,1859.0,4.0,7420.0,-4.0,1,1858.0,1860.0,16,1856.0,1858.0,1864.0,1840.0,1441.0,2673055.0,50098
2023-05-10 21:01:38,FG2306,FG2306,1859.0,0.0,0.0,0.0,1,1858.0,1860.0,17,1856.0,1858.0,1864.0,1840.0,1441.0,2673055.0,50098
2023-05-10 21:01:39,FG2306,FG2306,1859.0,0.0,0.0,0.0,1,1858.0,1860.0,18,1856.0,1858.0,1864.0,1840.0,1441.0,2673055.0,50098
2023-05-10 21:01:40,FG2306,FG2306,1859.0,0.0,0.0,0.0,1,1858.0,1860.0,17,1856.0,1858.0,1864.0,1840.0,1441.0,2673055.0,50098
2023-05-10 21:01:41,FG2306,FG2306,1859.0,0.0,0.0,0.0,2,1858.0,1860.0,17,1856.0,1858.0,1864.0,1840.0,1441.0,2673055.0,50098
2023-05-10 21:01:41,FG2306,FG2306,1857.0,5.0,9275.0,-1.0,4,1856.0,1857.0,5,1856.0,1858.0,1864.0,1840.0,1446.0,2682330.0,50097
2023-05-10 21:01:42,FG2306,FG2306,1857.0,5.0,9275.0,-5.0,6,1856.0,1859.0,2,1856.0,1858.0,1864.0,1840.0,1451.0,2691605.0,50092
2023-05-10 21:01:42,FG2306,FG2306,1857.0,0.0,0.0,0.0,4,1857.0,1859.0,2,1856.0,1858.0,1864.0,1840.0,1451.0,2691605.0,50092
2023-05-10 21:01:45,FG2306,FG2306,1857.0,5.0,9275.0,-5.0,4,1857.0,1859.0,2,1856.0,1858.0,1864.0,1840.0,1456.0,2700880.0,50087
2023-05-10 21:01:45,FG2306,FG2306,1857.0,0.0,0.0,0.0,4,1857.0,1859.0,4,1856.0,1858.0,1864.0,1840.0,1456.0,2700880.0,50087
2023-05-10 21:01:46,FG2306,FG2306,1859.0,6.0,11130.0,-4.0,6,1856.0,1859.0,3,1856.0,1858.0,1864.0,1840.0,1462.0,2712010.0,50083
2023-05-10 21:01:46,FG2306,FG2306,1859.0,0.0,0.0,0.0,5,1856.0,1858.0,10,1856.0,1858.0,1864.0,1840.0,1462.0,2712010.0,50083
2023-05-10 21:01:47,FG2306,FG2306,1859.0,0.0,0.0,0.0,5,1856.0,1857.0,3,1856.0,1858.0,1864.0,1840.0,1462.0,2712010.0,50083
2023-05-10 21:01:47,FG2306,FG2306,1857.0,3.0,5565.0,-3.0,5,1856.0,1858.0,10,1856.0,1858.0,1864.0,1840.0,1465.0,2717575.0,50080
2023-05-10 21:01:48,FG2306,FG2306,1856.0,3.0,5565.0,-1.0,4,1856.0,1858.0,11,1856.0,1858.0,1864.0,1840.0,1468.0,2723140.0,50079
2023-05-10 21:01:48,FG2306,FG2306,1856.0,3.0,5565.0,0.0,1,1856.0,1858.0,11,1856.0,1858.0,1864.0,1840.0,1471.0,2728705.0,50079
2023-05-10 21:01:49,FG2306,FG2306,1856.0,0.0,0.0,0.0,1,1856.0,1857.0,1,1856.0,1858.0,1864.0,1840.0,1471.0,2728705.0,50079
2023-05-10 21:01:50,FG2306,FG2306,1856.0,1.0,1855.0,-1.0,1,1855.0,1856.0,14,1856.0,1858.0,1864.0,1840.0,1472.0,2730560.0,50078
2023-05-10 21:01:52,FG2306,FG2306,1855.0,9.0,16695.0,-8.0,4,1854.0,1855.0,2,1856.0,1858.0,1864.0,1840.0,1481.0,2747255.0,50070
2023-05-10 21:01:52,FG2306,FG2306,1856.0,3.0,5565.0,-2.0,4,1854.0,1856.0,5,1856.0,1858.0,1864.0,1840.0,1484.0,2752820.0,50068
2023-05-10 21:01:53,FG2306,FG2306,1856.0,0.0,0.0,0.0,1,1855.0,1858.0,12,1856.0,1858.0,1864.0,1840.0,1484.0,2752820.0,50068
2023-05-10 21:01:53,FG2306,FG2306,1855.0,4.0,7420.0,-2.0,4,1854.0,1856.0,1,1856.0,1858.0,1864.0,1840.0,1488.0,2760240.0,50066
2023-05-10 21:01:54,FG2306,FG2306,1855.0,3.0,5565.0,-1.0,4,1854.0,1856.0,1,1856.0,1858.0,1864.0,1840.0,1491.0,2765805.0,50065
2023-05-10 21:01:54,FG2306,FG2306,1855.0,0.0,0.0,0.0,6,1854.0,1856.0,1,1856.0,1858.0,1864.0,1840.0,1491.0,2765805.0,50065
2023-05-10 21:01:55,FG2306,FG2306,1854.0,1.0,1855.0,-1.0,8,1854.0,1856.0,1,1856.0,1858.0,1864.0,1840.0,1492.0,2767660.0,50064
2023-05-10 21:01:55,FG2306,FG2306,1854.0,0.0,0.0,0.0,8,1854.0,1856.0,4,1856.0,1858.0,1864.0,1840.0,1492.0,2767660.0,50064
2023-05-10 21:01:56,FG2306,FG2306,1854.0,0.0,0.0,0.0,8,1854.0,1856.0,5,1856.0,1858.0,1864.0,1840.0,1492.0,2767660.0,50064
2023-05-10 21:01:56,FG2306,FG2306,1856.0,1.0,1855.0,1.0,10,1854.0,1856.0,3,1856.0,1858.0,1864.0,1840.0,1493.0,2769515.0,50065
2023-05-10 21:01:57,FG2306,FG2306,1856.0,0.0,0.0,0.0,11,1854.0,1855.0,6,1856.0,1858.0,1864.0,1840.0,1493.0,2769515.0,50065
2023-05-10 21:01:57,FG2306,FG2306,1855.0,6.0,11130.0,0.0,9,1854.0,1856.0,3,1856.0,1858.0,1864.0,1840.0,1499.0,2780645.0,50065
2023-05-10 21:01:58,FG2306,FG2306,1855.0,0.0,0.0,0.0,9,1854.0,1856.0,4,1856.0,1858.0,1864.0,1840.0,1499.0,2780645.0,50065
2023-05-10 21:01:58,FG2306,FG2306,1855.0,0.0,0.0,0.0,9,1854.0,1856.0,3,1856.0,1858.0,1864.0,1840.0,1499.0,2780645.0,50065
2023-05-10 21:01:59,FG2306,FG2306,1855.0,0.0,0.0,0.0,10,1854.0,1856.0,3,1856.0,1858.0,1864.0,1840.0,1499.0,2780645.0,50065
2023-05-10 21:02:00,FG2306,FG2306,1854.0,4.0,7420.0,-3.0,4,1854.0,1855.0,1,1856.0,1858.0,1864.0,1840.0,1503.0,2788065.0,50062
2023-05-10 21:02:01,FG2306,FG2306,1855.0,1.0,1855.0,0.0,14,1854.0,1856.0,5,1856.0,1858.0,1864.0,1840.0,1504.0,2789920.0,50062
2023-05-10 21:02:01,FG2306,FG2306,1855.0,0.0,0.0,0.0,13,1854.0,1856.0,4,1856.0,1858.0,1864.0,1840.0,1504.0,2789920.0,50062
2023-05-10 21:02:01,FG2306,FG2306,1856.0,4.0,7420.0,-3.0,3,1855.0,1857.0,8,1856.0,1858.0,1864.0,1840.0,1508.0,2797340.0,50059
2023-05-10 21:02:02,FG2306,FG2306,1855.0,1.0,1855.0,0.0,2,1855.0,1856.0,33,1856.0,1858.0,1864.0,1840.0,1509.0,2799195.0,50059
2023-05-10 21:02:03,FG2306,FG2306,1855.0,0.0,0.0,0.0,3,1855.0,1856.0,33,1856.0,1858.0,1864.0,1840.0,1509.0,2799195.0,50059
2023-05-10 21:02:03,FG2306,FG2306,1855.0,0.0,0.0,0.0,4,1855.0,1856.0,33,1856.0,1858.0,1864.0,1840.0,1509.0,2799195.0,50059
2023-05-10 21:02:04,FG2306,FG2306,1855.0,0.0,0.0,0.0,5,1855.0,1856.0,34,1856.0,1858.0,1864.0,1840.0,1509.0,2799195.0,50059
2023-05-10 21:02:04,FG2306,FG2306,1855.0,1.0,1855.0,0.0,4,1855.0,1856.0,33,1856.0,1858.0,1864.0,1840.0,1510.0,2801050.0,50059
2023-05-10 21:02:05,FG2306,FG2306,1856.0,26.0,48230.0,0.0,8,1855.0,1856.0,7,1856.0,1858.0,1864.0,1840.0,1536.0,2849280.0,50059
2023-05-10 21:02:05,FG2306,FG2306,1856.0,7.0,14528.0,6.0,8,1855.0,1856.0,1,1856.0,1858.0,1864.0,1840.0,1543.0,2863808.0,50065
2023-05-10 21:02:06,FG2306,FG2306,1855.0,16.0,28137.0,-5.0,12,1854.0,1856.0,1,1856.0,1858.0,1864.0,1840.0,1559.0,2891945.0,50060
2023-05-10 21:02:07,FG2306,FG2306,1855.0,2.0,3710.0,0.0,14,1854.0,1857.0,8,1856.0,1858.0,1864.0,1840.0,1561.0,2895655.0,50060
2023-05-10 21:02:07,FG2306,FG2306,1855.0,0.0,0.0,0.0,12,1854.0,1856.0,3,1856.0,1858.0,1864.0,1840.0,1561.0,2895655.0,50060
2023-05-10 21:02:08,FG2306,FG2306,1855.0,0.0,0.0,0.0,10,1854.0,1856.0,8,1856.0,1858.0,1864.0,1840.0,1561.0,2895655.0,50060
2023-05-10 21:02:09,FG2306,FG2306,1854.0,6.0,11130.0,5.0,6,1854.0,1856.0,8,1856.0,1858.0,1864.0,1840.0,1567.0,2906785.0,50065
2023-05-10 21:02:09,FG2306,FG2306,1854.0,0.0,0.0,0.0,6,1854.0,1856.0,7,1856.0,1858.0,1864.0,1840.0,1567.0,2906785.0,50065
2023-05-10 21:02:11,FG2306,FG2306,1856.0,7.0,12985.0,7.0,2,1855.0,1857.0,13,1856.0,1858.0,1864.0,1840.0,1574.0,2919770.0,50072
2023-05-10 21:02:11,FG2306,FG2306,1856.0,0.0,0.0,0.0,4,1855.0,1857.0,13,1856.0,1858.0,1864.0,1840.0,1574.0,2919770.0,50072
2023-05-10 21:02:12,FG2306,FG2306,1855.0,1.0,1855.0,-1.0,2,1855.0,1857.0,14,1856.0,1858.0,1864.0,1840.0,1575.0,2921625.0,50071
2023-05-10 21:02:12,FG2306,FG2306,1855.0,0.0,0.0,0.0,3,1855.0,1857.0,13,1856.0,1858.0,1864.0,1840.0,1575.0,2921625.0,50071
2023-05-10 21:02:13,FG2306,FG2306,1855.0,0.0,0.0,0.0,5,1855.0,1857.0,13,1856.0,1858.0,1864.0,1840.0,1575.0,2921625.0,50071
2023-05-10 21:02:15,FG2306,FG2306,1856.0,3.0,5565.0,1.0,1,1856.0,1857.0,11,1856.0,1858.0,1864.0,1840.0,1578.0,2927190.0,50072
2023-05-10 21:02:17,FG2306,FG2306,1857.0,12.0,23850.0,7.0,1,1856.0,1858.0,23,1856.0,1858.0,1864.0,1840.0,1590.0,2951040.0,50079
2023-05-10 21:02:17,FG2306,FG2306,1857.0,0.0,0.0,0.0,1,1857.0,1858.0,23,1856.0,1858.0,1864.0,1840.0,1590.0,2951040.0,50079
2023-05-10 21:02:18,FG2306,FG2306,1857.0,0.0,0.0,0.0,2,1857.0,1858.0,23,1856.0,1858.0,1864.0,1840.0,1590.0,2951040.0,50079
2023-05-10 21:02:19,FG2306,FG2306,1858.0,1.0,1856.0,0.0,2,1857.0,1858.0,22,1856.0,1858.0,1864.0,1840.0,1591.0,2952896.0,50079
2023-05-10 21:02:19,FG2306,FG2306,1857.0,6.0,11136.0,-3.0,15,1856.0,1858.0,22,1856.0,1858.0,1864.0,1840.0,1597.0,2964032.0,50076
2023-05-10 21:02:21,FG2306,FG2306,1858.0,1.0,1856.0,1.0,15,1856.0,1858.0,21,1856.0,1858.0,1864.0,1840.0,1598.0,2965888.0,50077
2023-05-10 21:02:21,FG2306,FG2306,1858.0,1.0,1856.0,1.0,15,1856.0,1858.0,20,1856.0,1858.0,1864.0,1840.0,1599.0,2967744.0,50078
2023-05-10 21:02:24,FG2306,FG2306,1858.0,3.0,5568.0,0.0,15,1856.0,1858.0,17,1856.0,1858.0,1864.0,1840.0,1602.0,2973312.0,50078
2023-05-10 21:02:24,FG2306,FG2306,1858.0,0.0,0.0,0.0,1,1857.0,1858.0,17,1856.0,1858.0,1864.0,1840.0,1602.0,2973312.0,50078
2023-05-10 21:02:25,FG2306,FG2306,1858.0,0.0,0.0,0.0,2,1857.0,1858.0,17,1856.0,1858.0,1864.0,1840.0,1602.0,2973312.0,50078
2023-05-10 21:02:25,FG2306,FG2306,1858.0,2.0,3712.0,0.0,4,1857.0,1858.0,15,1856.0,1858.0,1864.0,1840.0,1604.0,2977024.0,50078
2023-05-10 21:02:26,FG2306,FG2306,1858.0,0.0,0.0,0.0,11,1857.0,1858.0,15,1856.0,1858.0,1864.0,1840.0,1604.0,2977024.0,50078
2023-05-10 21:02:26,FG2306,FG2306,1858.0,0.0,0.0,0.0,1,1857.0,1858.0,15,1856.0,1858.0,1864.0,1840.0,1604.0,2977024.0,50078
2023-05-10 21:02:28,FG2306,FG2306,1858.0,0.0,0.0,0.0,11,1857.0,1858.0,15,1856.0,1858.0,1864.0,1840.0,1604.0,2977024.0,50078
2023-05-10 21:02:29,FG2306,FG2306,1858.0,11.0,20416.0,-6.0,11,1857.0,1858.0,4,1856.0,1858.0,1864.0,1840.0,1615.0,2997440.0,50072
2023-05-10 21:02:29,FG2306,FG2306,1858.0,4.0,7424.0,0.0,15,1857.0,1859.0,5,1856.0,1858.0,1864.0,1840.0,1619.0,3004864.0,50072
2023-05-10 21:02:30,FG2306,FG2306,1858.0,0.0,0.0,0.0,11,1857.0,1859.0,5,1856.0,1858.0,1864.0,1840.0,1619.0,3004864.0,50072
2023-05-10 21:02:30,FG2306,FG2306,1858.0,0.0,0.0,0.0,6,1857.0,1859.0,5,1856.0,1858.0,1864.0,1840.0,1619.0,3004864.0,50072
2023-05-10 21:02:31,FG2306,FG2306,1858.0,0.0,0.0,0.0,6,1857.0,1858.0,3,1856.0,1858.0,1864.0,1840.0,1619.0,3004864.0,50072
2023-05-10 21:02:32,FG2306,FG2306,1859.0,12.0,22272.0,9.0,38,1859.0,1860.0,18,1856.0,1858.0,1864.0,1840.0,1631.0,3027136.0,50081
2023-05-10 21:02:32,FG2306,FG2306,1859.0,10.0,18560.0,1.0,28,1859.0,1860.0,17,1856.0,1858.0,1864.0,1840.0,1641.0,3045696.0,50082
2023-05-10 21:02:32,FG2306,FG2306,1859.0,0.0,0.0,0.0,29,1859.0,1860.0,17,1856.0,1858.0,1864.0,1840.0,1641.0,3045696.0,50082
2023-05-10 21:02:34,FG2306,FG2306,1860.0,1.0,1856.0,1.0,29,1859.0,1860.0,16,1856.0,1858.0,1864.0,1840.0,1642.0,3047552.0,50083
2023-05-10 21:02:36,FG2306,FG2306,1860.0,1.0,1856.0,0.0,30,1859.0,1860.0,15,1856.0,1858.0,1864.0,1840.0,1643.0,3049408.0,50083
2023-05-10 21:02:37,FG2306,FG2306,1860.0,0.0,0.0,0.0,29,1859.0,1860.0,15,1856.0,1858.0,1864.0,1840.0,1643.0,3049408.0,50083
2023-05-10 21:02:38,FG2306,FG2306,1860.0,0.0,0.0,0.0,29,1859.0,1860.0,16,1856.0,1858.0,1864.0,1840.0,1643.0,3049408.0,50083
2023-05-10 21:02:38,FG2306,FG2306,1860.0,1.0,1856.0,1.0,29,1859.0,1860.0,15,1856.0,1858.0,1864.0,1840.0,1644.0,3051264.0,50084
2023-05-10 21:02:39,FG2306,FG2306,1860.0,4.0,7424.0,0.0,1,1859.0,1860.0,11,1856.0,1858.0,1864.0,1840.0,1648.0,3058688.0,50084
2023-05-10 21:02:40,FG2306,FG2306,1860.0,0.0,0.0,0.0,3,1859.0,1860.0,11,1856.0,1858.0,1864.0,1840.0,1648.0,3058688.0,50084
2023-05-10 21:02:41,FG2306,FG2306,1860.0,11.0,20416.0,-2.0,5,1860.0,1861.0,39,1856.0,1858.0,1864.0,1840.0,1659.0,3079104.0,50082
2023-05-10 21:02:41,FG2306,FG2306,1861.0,2.0,3712.0,1.0,5,1860.0,1861.0,38,1856.0,1858.0,1864.0,1840.0,1661.0,3082816.0,50083
2023-05-10 21:02:44,FG2306,FG2306,1861.0,1.0,1856.0,-1.0,5,1860.0,1861.0,37,1856.0,1858.0,1864.0,1840.0,1662.0,3084672.0,50082
2023-05-10 21:02:44,FG2306,FG2306,1860.0,3.0,5568.0,-3.0,2,1860.0,1861.0,37,1856.0,1858.0,1864.0,1840.0,1665.0,3090240.0,50079
2023-05-10 21:02:45,FG2306,FG2306,1861.0,1.0,1856.0,0.0,2,1860.0,1861.0,36,1856.0,1858.0,1864.0,1840.0,1666.0,3092096.0,50079
2023-05-10 21:02:45,FG2306,FG2306,1860.0,2.0,3712.0,-2.0,4,1859.0,1861.0,36,1856.0,1858.0,1864.0,1840.0,1668.0,3095808.0,50077
2023-05-10 21:02:47,FG2306,FG2306,1858.0,9.0,16704.0,-4.0,8,1857.0,1858.0,1,1856.0,1858.0,1864.0,1840.0,1677.0,3112512.0,50073
2023-05-10 21:02:47,FG2306,FG2306,1858.0,1.0,1856.0,0.0,5,1858.0,1860.0,5,1856.0,1858.0,1864.0,1840.0,1678.0,3114368.0,50073
2023-05-10 21:02:47,FG2306,FG2306,1860.0,1.0,1856.0,0.0,5,1858.0,1860.0,4,1856.0,1858.0,1864.0,1840.0,1679.0,3116224.0,50073
2023-05-10 21:02:48,FG2306,FG2306,1860.0,0.0,0.0,0.0,7,1858.0,1860.0,4,1856.0,1858.0,1864.0,1840.0,1679.0,3116224.0,50073
2023-05-10 21:02:49,FG2306,FG2306,1860.0,0.0,0.0,0.0,4,1858.0,1860.0,2,1856.0,1858.0,1864.0,1840.0,1679.0,3116224.0,50073
2023-05-10 21:02:49,FG2306,FG2306,1860.0,0.0,0.0,0.0,6,1858.0,1860.0,2,1856.0,1858.0,1864.0,1840.0,1679.0,3116224.0,50073
2023-05-10 21:02:49,FG2306,FG2306,1860.0,0.0,0.0,0.0,1,1859.0,1860.0,2,1856.0,1858.0,1864.0,1840.0,1679.0,3116224.0,50073
2023-05-10 21:02:51,FG2306,FG2306,1860.0,1.0,1856.0,-1.0,4,1859.0,1860.0,1,1856.0,1858.0,1864.0,1840.0,1680.0,3118080.0,50072
2023-05-10 21:02:51,FG2306,FG2306,1860.0,0.0,0.0,0.0,3,1859.0,1860.0,1,1856.0,1858.0,1864.0,1840.0,1680.0,3118080.0,50072
2023-05-10 21:02:54,FG2306,FG2306,1859.0,2.0,3712.0,-2.0,2,1859.0,1861.0,37,1856.0,1858.0,1864.0,1840.0,1682.0,3121792.0,50070
2023-05-10 21:02:54,FG2306,FG2306,1859.0,0.0,0.0,0.0,5,1859.0,1861.0,37,1856.0,1858.0,1864.0,1840.0,1682.0,3121792.0,50070
2023-05-10 21:02:56,FG2306,FG2306,1861.0,1.0,1856.0,1.0,15,1859.0,1861.0,36,1856.0,1858.0,1864.0,1840.0,1683.0,3123648.0,50071
2023-05-10 21:02:58,FG2306,FG2306,1860.0,1.0,1856.0,0.0,15,1859.0,1861.0,36,1856.0,1858.0,1864.0,1840.0,1684.0,3125504.0,50071
2023-05-10 21:02:59,FG2306,FG2306,1861.0,3.0,5568.0,0.0,5,1859.0,1861.0,33,1856.0,1858.0,1864.0,1840.0,1687.0,3131072.0,50071
2023-05-10 21:03:01,FG2306,FG2306,1859.0,5.0,9280.0,-1.0,3,1859.0,1861.0,33,1856.0,1858.0,1864.0,1840.0,1692.0,3140352.0,50070
2023-05-10 21:03:02,FG2306,FG2306,1861.0,8.0,14848.0,0.0,3,1859.0,1861.0,26,1856.0,1858.0,1864.0,1840.0,1700.0,3155200.0,50070
2023-05-10 21:03:03,FG2306,FG2306,1861.0,0.0,0.0,0.0,3,1859.0,1860.0,5,1856.0,1858.0,1864.0,1840.0,1700.0,3155200.0,50070
2023-05-10 21:03:03,FG2306,FG2306,1861.0,0.0,0.0,0.0,9,1859.0,1860.0,5,1856.0,1858.0,1864.0,1840.0,1700.0,3155200.0,50070
2023-05-10 21:03:04,FG2306,FG2306,1861.0,0.0,0.0,0.0,9,1859.0,1860.0,6,1856.0,1858.0,1864.0,1840.0,1700.0,3155200.0,50070
2023-05-10 21:03:06,FG2306,FG2306,1859.0,3.0,5568.0,-2.0,6,1859.0,1860.0,6,1856.0,1858.0,1864.0,1840.0,1703.0,3160768.0,50068
2023-05-10 21:03:08,FG2306,FG2306,1859.0,0.0,0.0,0.0,8,1859.0,1860.0,6,1856.0,1858.0,1864.0,1840.0,1703.0,3160768.0,50068
2023-05-10 21:03:08,FG2306,FG2306,1859.0,0.0,0.0,0.0,9,1859.0,1860.0,6,1856.0,1858.0,1864.0,1840.0,1703.0,3160768.0,50068
2023-05-10 21:03:09,FG2306,FG2306,1860.0,2.0,3712.0,2.0,9,1859.0,1860.0,4,1856.0,1858.0,1864.0,1840.0,1705.0,3164480.0,50070
2023-05-10 21:03:09,FG2306,FG2306,1859.0,2.0,3712.0,2.0,7,1859.0,1860.0,4,1856.0,1858.0,1864.0,1840.0,1707.0,3168192.0,50072
2023-05-10 21:03:11,FG2306,FG2306,1859.0,0.0,0.0,0.0,7,1859.0,1860.0,5,1856.0,1858.0,1864.0,1840.0,1707.0,3168192.0,50072
2023-05-10 21:03:11,FG2306,FG2306,1859.0,3.0,5568.0,3.0,5,1859.0,1860.0,4,1856.0,1858.0,1864.0,1840.0,1710.0,3173760.0,50075
2023-05-10 21:03:12,FG2306,FG2306,1859.0,0.0,0.0,0.0,4,1859.0,1860.0,4,1856.0,1858.0,1864.0,1840.0,1710.0,3173760.0,50075
2023-05-10 21:03:12,FG2306,FG2306,1859.0,0.0,0.0,0.0,4,1859.0,1860.0,5,1856.0,1858.0,1864.0,1840.0,1710.0,3173760.0,50075
2023-05-10 21:03:14,FG2306,FG2306,1859.0,0.0,0.0,0.0,4,1859.0,1860.0,7,1856.0,1858.0,1864.0,1840.0,1710.0,3173760.0,50075
2023-05-10 21:03:16,FG2306,FG2306,1860.0,1.0,1856.0,1.0,4,1859.0,1860.0,6,1856.0,1858.0,1864.0,1840.0,1711.0,3175616.0,50076
2023-05-10 21:03:16,FG2306,FG2306,1860.0,0.0,0.0,0.0,4,1859.0,1860.0,5,1856.0,1858.0,1864.0,1840.0,1711.0,3175616.0,50076
2023-05-10 21:03:18,FG2306,FG2306,1860.0,0.0,0.0,0.0,4,1859.0,1860.0,6,1856.0,1858.0,1864.0,1840.0,1711.0,3175616.0,50076
2023-05-10 21:03:18,FG2306,FG2306,1859.0,2.0,3712.0,2.0,2,1859.0,1860.0,5,1856.0,1858.0,1864.0,1840.0,1713.0,3179328.0,50078
2023-05-10 21:03:19,FG2306,FG2306,1860.0,3.0,5568.0,-2.0,2,1859.0,1860.0,2,1856.0,1858.0,1864.0,1840.0,1716.0,3184896.0,50076
2023-05-10 21:03:20,FG2306,FG2306,1860.0,0.0,0.0,0.0,2,1859.0,1860.0,72,1856.0,1858.0,1864.0,1840.0,1716.0,3184896.0,50076
2023-05-10 21:03:22,FG2306,FG2306,1859.0,1.0,1856.0,1.0,1,1859.0,1860.0,72,1856.0,1858.0,1864.0,1840.0,1717.0,3186752.0,50077
2023-05-10 21:03:23,FG2306,FG2306,1859.0,1.0,1856.0,0.0,7,1858.0,1860.0,72,1856.0,1858.0,1864.0,1840.0,1718.0,3188608.0,50077
2023-05-10 21:03:26,FG2306,FG2306,1859.0,0.0,0.0,0.0,12,1858.0,1860.0,72,1856.0,1858.0,1864.0,1840.0,1718.0,3188608.0,50077
2023-05-10 21:03:29,FG2306,FG2306,1858.0,5.0,9280.0,0.0,15,1858.0,1860.0,72,1856.0,1858.0,1864.0,1840.0,1723.0,3197888.0,50077
2023-05-10 21:03:30,FG2306,FG2306,1858.0,0.0,0.0,0.0,1,1859.0,1860.0,72,1856.0,1858.0,1864.0,1840.0,1723.0,3197888.0,50077
2023-05-10 21:03:31,FG2306,FG2306,1858.0,0.0,0.0,0.0,25,1858.0,1860.0,72,1856.0,1858.0,1864.0,1840.0,1723.0,3197888.0,50077
2023-05-10 21:03:32,FG2306,FG2306,1858.0,0.0,0.0,0.0,3,1859.0,1860.0,72,1856.0,1858.0,1864.0,1840.0,1723.0,3197888.0,50077
2023-05-10 21:03:33,FG2306,FG2306,1858.0,0.0,0.0,0.0,6,1859.0,1860.0,72,1856.0,1858.0,1864.0,1840.0,1723.0,3197888.0,50077
2023-05-10 21:03:33,FG2306,FG2306,1858.0,0.0,0.0,0.0,3,1859.0,1860.0,72,1856.0,1858.0,1864.0,1840.0,1723.0,3197888.0,50077
2023-05-10 21:03:34,FG2306,FG2306,1860.0,2.0,3712.0,-1.0,3,1859.0,1860.0,70,1856.0,1858.0,1864.0,1840.0,1725.0,3201600.0,50076
2023-05-10 21:03:36,FG2306,FG2306,1860.0,0.0,0.0,0.0,3,1859.0,1860.0,100,1856.0,1858.0,1864.0,1840.0,1725.0,3201600.0,50076
2023-05-10 21:03:37,FG2306,FG2306,1860.0,5.0,9280.0,0.0,3,1859.0,1860.0,95,1856.0,1858.0,1864.0,1840.0,1730.0,3210880.0,50076
2023-05-10 21:03:39,FG2306,FG2306,1860.0,1.0,1856.0,0.0,3,1859.0,1860.0,94,1856.0,1858.0,1864.0,1840.0,1731.0,3212736.0,50076
2023-05-10 21:03:46,FG2306,FG2306,1859.0,1.0,1856.0,0.0,2,1859.0,1860.0,94,1856.0,1858.0,1864.0,1840.0,1732.0,3214592.0,50076
2023-05-10 21:03:48,FG2306,FG2306,1860.0,20.0,37120.0,7.0,2,1859.0,1860.0,74,1856.0,1858.0,1864.0,1840.0,1752.0,3251712.0,50083
2023-05-10 21:03:49,FG2306,FG2306,1860.0,0.0,0.0,0.0,12,1859.0,1860.0,74,1856.0,1858.0,1864.0,1840.0,1752.0,3251712.0,50083
2023-05-10 21:03:50,FG2306,FG2306,1860.0,0.0,0.0,0.0,2,1859.0,1860.0,74,1856.0,1858.0,1864.0,1840.0,1752.0,3251712.0,50083
2023-05-10 21:03:55,FG2306,FG2306,1860.0,0.0,0.0,0.0,13,1859.0,1860.0,75,1856.0,1858.0,1864.0,1840.0,1752.0,3251712.0,50083
2023-05-10 21:03:57,FG2306,FG2306,1860.0,0.0,0.0,0.0,24,1859.0,1860.0,75,1856.0,1858.0,1864.0,1840.0,1752.0,3251712.0,50083
2023-05-10 21:03:58,FG2306,FG2306,1860.0,0.0,0.0,0.0,14,1859.0,1860.0,75,1856.0,1858.0,1864.0,1840.0,1752.0,3251712.0,50083
2023-05-10 21:03:59,FG2306,FG2306,1860.0,0.0,0.0,0.0,12,1859.0,1860.0,75,1856.0,1858.0,1864.0,1840.0,1752.0,3251712.0,50083
2023-05-10 21:03:59,FG2306,FG2306,1860.0,1.0,1856.0,0.0,12,1859.0,1860.0,74,1856.0,1858.0,1864.0,1840.0,1753.0,3253568.0,50083
2023-05-10 21:04:02,FG2306,FG2306,1860.0,0.0,0.0,0.0,12,1859.0,1860.0,84,1856.0,1858.0,1864.0,1840.0,1753.0,3253568.0,50083
2023-05-10 21:04:03,FG2306,FG2306,1859.0,15.0,27840.0,8.0,15,1858.0,1860.0,84,1856.0,1858.0,1864.0,1840.0,1768.0,3281408.0,50091
2023-05-10 21:04:05,FG2306,FG2306,1860.0,1.0,1856.0,0.0,15,1858.0,1859.0,4,1856.0,1858.0,1864.0,1840.0,1769.0,3283264.0,50091
2023-05-10 21:04:05,FG2306,FG2306,1859.0,4.0,7424.0,0.0,11,1858.0,1860.0,83,1856.0,1858.0,1864.0,1840.0,1773.0,3290688.0,50091
2023-05-10 21:04:07,FG2306,FG2306,1859.0,3.0,5568.0,0.0,8,1858.0,1860.0,83,1856.0,1858.0,1864.0,1840.0,1776.0,3296256.0,50091
2023-05-10 21:04:08,FG2306,FG2306,1860.0,1.0,1856.0,0.0,8,1858.0,1860.0,82,1856.0,1858.0,1864.0,1840.0,1777.0,3298112.0,50091
2023-05-10 21:04:09,FG2306,FG2306,1859.0,3.0,5568.0,-2.0,1,1859.0,1860.0,82,1856.0,1858.0,1864.0,1840.0,1780.0,3303680.0,50089
2023-05-10 21:04:11,FG2306,FG2306,1859.0,2.0,3712.0,-2.0,1,1859.0,1860.0,82,1856.0,1858.0,1864.0,1840.0,1782.0,3307392.0,50087
2023-05-10 21:04:12,FG2306,FG2306,1859.0,1.0,1856.0,0.0,1,1859.0,1860.0,82,1856.0,1858.0,1864.0,1840.0,1783.0,3309248.0,50087
2023-05-10 21:04:13,FG2306,FG2306,1859.0,1.0,1856.0,0.0,2,1859.0,1860.0,82,1856.0,1858.0,1864.0,1840.0,1784.0,3311104.0,50087
2023-05-10 21:04:14,FG2306,FG2306,1859.0,5.0,9280.0,-5.0,5,1859.0,1860.0,82,1856.0,1858.0,1864.0,1840.0,1789.0,3320384.0,50082
2023-05-10 21:04:14,FG2306,FG2306,1859.0,1.0,1856.0,0.0,22,1858.0,1860.0,83,1856.0,1858.0,1864.0,1840.0,1790.0,3322240.0,50082
2023-05-10 21:04:15,FG2306,FG2306,1859.0,0.0,0.0,0.0,1,1859.0,1860.0,82,1856.0,1858.0,1864.0,1840.0,1790.0,3322240.0,50082
2023-05-10 21:04:15,FG2306,FG2306,1859.0,1.0,1856.0,-1.0,21,1858.0,1860.0,82,1856.0,1858.0,1864.0,1840.0,1791.0,3324096.0,50081
2023-05-10 21:04:17,FG2306,FG2306,1859.0,0.0,0.0,0.0,21,1858.0,1859.0,1,1856.0,1858.0,1864.0,1840.0,1791.0,3324096.0,50081
2023-05-10 21:04:17,FG2306,FG2306,1859.0,1.0,1856.0,0.0,20,1858.0,1860.0,82,1856.0,1858.0,1864.0,1840.0,1792.0,3325952.0,50081
2023-05-10 21:04:18,FG2306,FG2306,1859.0,1.0,1856.0,-1.0,20,1858.0,1860.0,82,1856.0,1858.0,1864.0,1840.0,1793.0,3327808.0,50080
2023-05-10 21:04:23,FG2306,FG2306,1859.0,0.0,0.0,0.0,1,1859.0,1860.0,82,1856.0,1858.0,1864.0,1840.0,1793.0,3327808.0,50080
2023-05-10 21:04:23,FG2306,FG2306,1859.0,1.0,1856.0,-1.0,20,1858.0,1860.0,82,1856.0,1858.0,1864.0,1840.0,1794.0,3329664.0,50079
2023-05-10 21:04:25,FG2306,FG2306,1859.0,0.0,0.0,0.0,20,1858.0,1860.0,134,1856.0,1858.0,1864.0,1840.0,1794.0,3329664.0,50079
2023-05-10 21:04:26,FG2306,FG2306,1858.0,11.0,20416.0,-11.0,19,1858.0,1860.0,134,1856.0,1858.0,1864.0,1840.0,1805.0,3350080.0,50068
2023-05-10 21:04:29,FG2306,FG2306,1859.0,1.0,1856.0,-1.0,19,1858.0,1860.0,134,1856.0,1858.0,1864.0,1840.0,1806.0,3351936.0,50067
2023-05-10 21:04:30,FG2306,FG2306,1858.0,29.0,53824.0,-19.0,2,1858.0,1859.0,4,1856.0,1858.0,1864.0,1840.0,1835.0,3405760.0,50048
2023-05-10 21:04:30,FG2306,FG2306,1858.0,2.0,3712.0,2.0,2,1858.0,1859.0,4,1856.0,1858.0,1864.0,1840.0,1837.0,3409472.0,50050
2023-05-10 21:04:31,FG2306,FG2306,1858.0,2.0,3712.0,2.0,10,1857.0,1859.0,4,1856.0,1858.0,1864.0,1840.0,1839.0,3413184.0,50052
2023-05-10 21:04:32,FG2306,FG2306,1859.0,4.0,7424.0,0.0,10,1857.0,1859.0,3,1856.0,1858.0,1864.0,1840.0,1843.0,3420608.0,50052
2023-05-10 21:04:34,FG2306,FG2306,1859.0,0.0,0.0,0.0,1,1858.0,1859.0,3,1856.0,1858.0,1864.0,1840.0,1843.0,3420608.0,50052
2023-05-10 21:04:35,FG2306,FG2306,1859.0,0.0,0.0,0.0,1,1858.0,1859.0,4,1856.0,1858.0,1864.0,1840.0,1843.0,3420608.0,50052
2023-05-10 21:04:35,FG2306,FG2306,1858.0,1.0,1856.0,1.0,10,1857.0,1859.0,4,1856.0,1858.0,1864.0,1840.0,1844.0,3422464.0,50053
2023-05-10 21:04:36,FG2306,FG2306,1858.0,0.0,0.0,0.0,11,1857.0,1859.0,4,1856.0,1858.0,1864.0,1840.0,1844.0,3422464.0,50053
2023-05-10 21:04:36,FG2306,FG2306,1858.0,0.0,0.0,0.0,10,1857.0,1859.0,4,1856.0,1858.0,1864.0,1840.0,1844.0,3422464.0,50053
2023-05-10 21:04:39,FG2306,FG2306,1858.0,0.0,0.0,0.0,10,1857.0,1859.0,5,1856.0,1858.0,1864.0,1840.0,1844.0,3422464.0,50053
2023-05-10 21:04:42,FG2306,FG2306,1858.0,0.0,0.0,0.0,10,1857.0,1859.0,55,1856.0,1858.0,1864.0,1840.0,1844.0,3422464.0,50053
2023-05-10 21:04:42,FG2306,FG2306,1858.0,0.0,0.0,0.0,11,1857.0,1859.0,55,1856.0,1858.0,1864.0,1840.0,1844.0,3422464.0,50053
2023-05-10 21:04:47,FG2306,FG2306,1858.0,0.0,0.0,0.0,2,1858.0,1859.0,55,1856.0,1858.0,1864.0,1840.0,1844.0,3422464.0,50053
2023-05-10 21:04:48,FG2306,FG2306,1859.0,2.0,3712.0,0.0,3,1858.0,1859.0,53,1856.0,1858.0,1864.0,1840.0,1846.0,3426176.0,50053
2023-05-10 21:04:49,FG2306,FG2306,1859.0,0.0,0.0,0.0,3,1858.0,1859.0,54,1856.0,1858.0,1864.0,1840.0,1846.0,3426176.0,50053
2023-05-10 21:04:50,FG2306,FG2306,1858.0,3.0,5568.0,1.0,11,1857.0,1858.0,1,1856.0,1858.0,1864.0,1840.0,1849.0,3431744.0,50054
2023-05-10 21:04:50,FG2306,FG2306,1858.0,1.0,1856.0,1.0,1,1858.0,1859.0,55,1856.0,1858.0,1864.0,1840.0,1850.0,3433600.0,50055
2023-05-10 21:04:53,FG2306,FG2306,1858.0,56.0,103936.0,-47.0,11,1857.0,1858.0,223,1856.0,1858.0,1864.0,1840.0,1906.0,3537536.0,50008
2023-05-10 21:04:53,FG2306,FG2306,1858.0,4.0,7424.0,-4.0,12,1857.0,1858.0,219,1856.0,1858.0,1864.0,1840.0,1910.0,3544960.0,50004
2023-05-10 21:04:56,FG2306,FG2306,1858.0,0.0,0.0,0.0,13,1857.0,1858.0,224,1856.0,1858.0,1864.0,1840.0,1910.0,3544960.0,50004
2023-05-10 21:04:56,FG2306,FG2306,1858.0,0.0,0.0,0.0,12,1857.0,1858.0,224,1856.0,1858.0,1864.0,1840.0,1910.0,3544960.0,50004
2023-05-10 21:04:58,FG2306,FG2306,1857.0,12.0,22272.0,-4.0,16,1856.0,1858.0,224,1856.0,1858.0,1864.0,1840.0,1922.0,3567232.0,50000
2023-05-10 21:04:59,FG2306,FG2306,1857.0,0.0,0.0,0.0,16,1856.0,1858.0,225,1856.0,1858.0,1864.0,1840.0,1922.0,3567232.0,50000
2023-05-10 21:04:59,FG2306,FG2306,1857.0,0.0,0.0,0.0,16,1856.0,1858.0,224,1856.0,1858.0,1864.0,1840.0,1922.0,3567232.0,50000
2023-05-10 21:04:59,FG2306,FG2306,1857.0,0.0,0.0,0.0,6,1856.0,1858.0,224,1856.0,1858.0,1864.0,1840.0,1922.0,3567232.0,50000
2023-05-10 21:05:01,FG2306,FG2306,1856.0,6.0,11136.0,0.0,2,1856.0,1857.0,3,1856.0,1858.0,1864.0,1840.0,1928.0,3578368.0,50000
2023-05-10 21:05:02,FG2306,FG2306,1856.0,4.0,7424.0,0.0,17,1855.0,1857.0,6,1856.0,1858.0,1864.0,1840.0,1932.0,3585792.0,50000
2023-05-10 21:05:02,FG2306,FG2306,1856.0,6.0,11136.0,5.0,1,1856.0,1857.0,6,1856.0,1858.0,1864.0,1840.0,1938.0,3596928.0,50005
2023-05-10 21:05:03,FG2306,FG2306,1856.0,1.0,1856.0,1.0,17,1855.0,1857.0,6,1856.0,1858.0,1864.0,1840.0,1939.0,3598784.0,50006
2023-05-10 21:05:04,FG2306,FG2306,1856.0,0.0,0.0,0.0,17,1855.0,1857.0,7,1856.0,1858.0,1864.0,1840.0,1939.0,3598784.0,50006
2023-05-10 21:05:06,FG2306,FG2306,1856.0,0.0,0.0,0.0,9,1856.0,1857.0,7,1856.0,1858.0,1864.0,1840.0,1939.0,3598784.0,50006
2023-05-10 21:05:08,FG2306,FG2306,1856.0,0.0,0.0,0.0,9,1856.0,1857.0,23,1856.0,1858.0,1864.0,1840.0,1939.0,3598784.0,50006
2023-05-10 21:05:08,FG2306,FG2306,1856.0,0.0,0.0,0.0,9,1856.0,1857.0,25,1856.0,1858.0,1864.0,1840.0,1939.0,3598784.0,50006
2023-05-10 21:05:08,FG2306,FG2306,1856.0,0.0,0.0,0.0,6,1856.0,1857.0,25,1856.0,1858.0,1864.0,1840.0,1939.0,3598784.0,50006
2023-05-10 21:05:09,FG2306,FG2306,1856.0,6.0,11136.0,1.0,21,1855.0,1857.0,25,1856.0,1858.0,1864.0,1840.0,1945.0,3609920.0,50007
2023-05-10 21:05:10,FG2306,FG2306,1856.0,0.0,0.0,0.0,21,1855.0,1857.0,27,1856.0,1858.0,1864.0,1840.0,1945.0,3609920.0,50007
2023-05-10 21:05:11,FG2306,FG2306,1856.0,0.0,0.0,0.0,21,1855.0,1857.0,28,1856.0,1858.0,1864.0,1840.0,1945.0,3609920.0,50007
2023-05-10 21:05:11,FG2306,FG2306,1856.0,8.0,14848.0,6.0,18,1855.0,1856.0,9,1856.0,1858.0,1864.0,1840.0,1953.0,3624768.0,50013
2023-05-10 21:05:12,FG2306,FG2306,1856.0,1.0,1856.0,0.0,17,1855.0,1856.0,8,1856.0,1858.0,1864.0,1840.0,1954.0,3626624.0,50013
2023-05-10 21:05:12,FG2306,FG2306,1856.0,1.0,1856.0,1.0,17,1855.0,1856.0,7,1856.0,1858.0,1864.0,1840.0,1955.0,3628480.0,50014
2023-05-10 21:05:13,FG2306,FG2306,1856.0,7.0,12992.0,0.0,10,1855.0,1857.0,32,1856.0,1858.0,1864.0,1840.0,1962.0,3641472.0,50014
2023-05-10 21:05:14,FG2306,FG2306,1857.0,3.0,5568.0,-3.0,11,1855.0,1857.0,32,1856.0,1858.0,1864.0,1840.0,1965.0,3647040.0,50011
2023-05-10 21:05:16,FG2306,FG2306,1857.0,0.0,0.0,0.0,40,1855.0,1857.0,32,1856.0,1858.0,1864.0,1840.0,1965.0,3647040.0,50011
2023-05-10 21:05:16,FG2306,FG2306,1857.0,0.0,0.0,0.0,1,1856.0,1857.0,32,1856.0,1858.0,1864.0,1840.0,1965.0,3647040.0,50011
2023-05-10 21:05:18,FG2306,FG2306,1856.0,1.0,1856.0,0.0,40,1855.0,1857.0,32,1856.0,1858.0,1864.0,1840.0,1966.0,3648896.0,50011
2023-05-10 21:05:20,FG2306,FG2306,1856.0,0.0,0.0,0.0,1,1856.0,1857.0,32,1856.0,1858.0,1864.0,1840.0,1966.0,3648896.0,50011
2023-05-10 21:05:22,FG2306,FG2306,1856.0,1.0,1856.0,1.0,39,1855.0,1857.0,32,1856.0,1858.0,1864.0,1840.0,1967.0,3650752.0,50012
2023-05-10 21:05:23,FG2306,FG2306,1856.0,1.0,1856.0,0.0,38,1855.0,1857.0,32,1856.0,1858.0,1864.0,1840.0,1968.0,3652608.0,50012
2023-05-10 21:05:24,FG2306,FG2306,1856.0,1.0,1856.0,-1.0,38,1855.0,1857.0,32,1856.0,1858.0,1864.0,1840.0,1969.0,3654464.0,50011
2023-05-10 21:05:24,FG2306,FG2306,1856.0,0.0,0.0,0.0,1,1856.0,1857.0,32,1856.0,1858.0,1864.0,1840.0,1969.0,3654464.0,50011
2023-05-10 21:05:25,FG2306,FG2306,1856.0,1.0,1856.0,1.0,38,1855.0,1857.0,32,1856.0,1858.0,1864.0,1840.0,1970.0,3656320.0,50012
2023-05-10 21:05:29,FG2306,FG2306,1856.0,0.0,0.0,0.0,36,1855.0,1857.0,32,1856.0,1858.0,1864.0,1840.0,1970.0,3656320.0,50012
2023-05-10 21:05:30,FG2306,FG2306,1856.0,0.0,0.0,0.0,38,1855.0,1857.0,32,1856.0,1858.0,1864.0,1840.0,1970.0,3656320.0,50012
2023-05-10 21:05:32,FG2306,FG2306,1856.0,0.0,0.0,0.0,37,1855.0,1856.0,1,1856.0,1858.0,1864.0,1840.0,1970.0,3656320.0,50012
2023-05-10 21:05:32,FG2306,FG2306,1856.0,0.0,0.0,0.0,37,1855.0,1857.0,32,1856.0,1858.0,1864.0,1840.0,1970.0,3656320.0,50012
2023-05-10 21:05:33,FG2306,FG2306,1856.0,0.0,0.0,0.0,38,1855.0,1857.0,32,1856.0,1858.0,1864.0,1840.0,1970.0,3656320.0,50012
2023-05-10 21:05:35,FG2306,FG2306,1857.0,8.0,14848.0,-1.0,38,1855.0,1857.0,24,1856.0,1858.0,1864.0,1840.0,1978.0,3671168.0,50011
2023-05-10 21:05:37,FG2306,FG2306,1857.0,0.0,0.0,0.0,3,1856.0,1857.0,24,1856.0,1858.0,1864.0,1840.0,1978.0,3671168.0,50011
2023-05-10 21:05:38,FG2306,FG2306,1856.0,3.0,5568.0,-3.0,38,1855.0,1856.0,4,1856.0,1858.0,1864.0,1840.0,1981.0,3676736.0,50008
2023-05-10 21:05:39,FG2306,FG2306,1856.0,0.0,0.0,0.0,38,1855.0,1856.0,5,1856.0,1858.0,1864.0,1840.0,1981.0,3676736.0,50008
2023-05-10 21:05:40,FG2306,FG2306,1856.0,1.0,1856.0,-1.0,38,1855.0,1856.0,4,1856.0,1858.0,1864.0,1840.0,1982.0,3678592.0,50007
2023-05-10 21:05:40,FG2306,FG2306,1856.0,0.0,0.0,0.0,38,1855.0,1856.0,1,1856.0,1858.0,1864.0,1840.0,1982.0,3678592.0,50007
2023-05-10 21:05:42,FG2306,FG2306,1856.0,1.0,1856.0,0.0,3,1856.0,1857.0,27,1856.0,1858.0,1864.0,1840.0,1983.0,3680448.0,50007
2023-05-10 21:05:44,FG2306,FG2306,1856.0,0.0,0.0,0.0,3,1856.0,1857.0,26,1856.0,1858.0,1864.0,1840.0,1983.0,3680448.0,50007
2023-05-10 21:05:44,FG2306,FG2306,1856.0,3.0,5568.0,1.0,3,1856.0,1857.0,26,1856.0,1858.0,1864.0,1840.0,1986.0,3686016.0,50008
2023-05-10 21:05:45,FG2306,FG2306,1856.0,0.0,0.0,0.0,4,1856.0,1857.0,26,1856.0,1858.0,1864.0,1840.0,1986.0,3686016.0,50008
2023-05-10 21:05:45,FG2306,FG2306,1856.0,0.0,0.0,0.0,4,1856.0,1857.0,27,1856.0,1858.0,1864.0,1840.0,1986.0,3686016.0,50008
2023-05-10 21:05:46,FG2306,FG2306,1856.0,0.0,0.0,0.0,4,1856.0,1857.0,37,1856.0,1858.0,1864.0,1840.0,1986.0,3686016.0,50008
2023-05-10 21:05:49,FG2306,FG2306,1856.0,0.0,0.0,0.0,5,1856.0,1857.0,37,1856.0,1858.0,1864.0,1840.0,1986.0,3686016.0,50008
2023-05-10 21:05:52,FG2306,FG2306,1856.0,0.0,0.0,0.0,6,1856.0,1857.0,36,1856.0,1858.0,1864.0,1840.0,1986.0,3686016.0,50008
2023-05-10 21:05:53,FG2306,FG2306,1856.0,0.0,0.0,0.0,7,1856.0,1857.0,36,1856.0,1858.0,1864.0,1840.0,1986.0,3686016.0,50008
2023-05-10 21:05:55,FG2306,FG2306,1856.0,0.0,0.0,0.0,7,1856.0,1857.0,34,1856.0,1858.0,1864.0,1840.0,1986.0,3686016.0,50008
2023-05-10 21:05:56,FG2306,FG2306,1856.0,0.0,0.0,0.0,7,1856.0,1857.0,35,1856.0,1858.0,1864.0,1840.0,1986.0,3686016.0,50008
2023-05-10 21:05:58,FG2306,FG2306,1856.0,4.0,7424.0,1.0,6,1856.0,1857.0,35,1856.0,1858.0,1864.0,1840.0,1990.0,3693440.0,50009
2023-05-10 21:06:00,FG2306,FG2306,1856.0,0.0,0.0,0.0,12,1856.0,1857.0,35,1856.0,1858.0,1864.0,1840.0,1990.0,3693440.0,50009
2023-05-10 21:06:00,FG2306,FG2306,1856.0,1.0,1856.0,1.0,11,1856.0,1857.0,35,1856.0,1858.0,1864.0,1840.0,1991.0,3695296.0,50010
2023-05-10 21:06:01,FG2306,FG2306,1856.0,1.0,1856.0,0.0,10,1856.0,1857.0,37,1856.0,1858.0,1864.0,1840.0,1992.0,3697152.0,50010
2023-05-10 21:06:01,FG2306,FG2306,1856.0,0.0,0.0,0.0,10,1856.0,1857.0,35,1856.0,1858.0,1864.0,1840.0,1992.0,3697152.0,50010
2023-05-10 21:06:02,FG2306,FG2306,1856.0,0.0,0.0,0.0,14,1856.0,1857.0,35,1856.0,1858.0,1864.0,1840.0,1992.0,3697152.0,50010
2023-05-10 21:06:03,FG2306,FG2306,1856.0,0.0,0.0,0.0,13,1856.0,1857.0,35,1856.0,1858.0,1864.0,1840.0,1992.0,3697152.0,50010
2023-05-10 21:06:05,FG2306,FG2306,1856.0,13.0,24128.0,-11.0,45,1855.0,1856.0,37,1856.0,1858.0,1864.0,1840.0,2005.0,3721280.0,49999
2023-05-10 21:06:05,FG2306,FG2306,1856.0,6.0,11136.0,-4.0,54,1855.0,1856.0,31,1856.0,1858.0,1864.0,1840.0,2011.0,3732416.0,49995
2023-05-10 21:06:06,FG2306,FG2306,1856.0,16.0,29696.0,0.0,50,1855.0,1856.0,15,1856.0,1858.0,1864.0,1840.0,2027.0,3762112.0,49995
2023-05-10 21:06:08,FG2306,FG2306,1856.0,0.0,0.0,0.0,51,1855.0,1856.0,15,1856.0,1858.0,1864.0,1840.0,2027.0,3762112.0,49995
2023-05-10 21:06:08,FG2306,FG2306,1856.0,0.0,0.0,0.0,50,1855.0,1856.0,19,1856.0,1858.0,1864.0,1840.0,2027.0,3762112.0,49995
2023-05-10 21:06:09,FG2306,FG2306,1856.0,0.0,0.0,0.0,56,1855.0,1856.0,19,1856.0,1858.0,1864.0,1840.0,2027.0,3762112.0,49995
2023-05-10 21:06:11,FG2306,FG2306,1856.0,1.0,1856.0,-1.0,56,1855.0,1856.0,18,1856.0,1858.0,1864.0,1840.0,2028.0,3763968.0,49994
2023-05-10 21:06:11,FG2306,FG2306,1856.0,0.0,0.0,0.0,56,1855.0,1856.0,28,1856.0,1858.0,1864.0,1840.0,2028.0,3763968.0,49994
2023-05-10 21:06:13,FG2306,FG2306,1855.0,50.0,92800.0,-41.0,6,1855.0,1856.0,28,1856.0,1858.0,1864.0,1840.0,2078.0,3856768.0,49953
2023-05-10 21:06:13,FG2306,FG2306,1854.0,14.0,25984.0,-10.0,24,1854.0,1856.0,28,1856.0,1858.0,1864.0,1840.0,2092.0,3882752.0,49943
2023-05-10 21:06:14,FG2306,FG2306,1856.0,3.0,5568.0,0.0,24,1854.0,1856.0,25,1856.0,1858.0,1864.0,1840.0,2095.0,3888320.0,49943
2023-05-10 21:06:15,FG2306,FG2306,1856.0,0.0,0.0,0.0,29,1854.0,1856.0,25,1856.0,1858.0,1864.0,1840.0,2095.0,3888320.0,49943
2023-05-10 21:06:17,FG2306,FG2306,1856.0,0.0,0.0,0.0,33,1854.0,1856.0,14,1856.0,1858.0,1864.0,1840.0,2095.0,3888320.0,49943
2023-05-10 21:06:17,FG2306,FG2306,1854.0,11.0,20416.0,-11.0,34,1854.0,1856.0,14,1856.0,1858.0,1864.0,1840.0,2106.0,3908736.0,49932
2023-05-10 21:06:18,FG2306,FG2306,1854.0,0.0,0.0,0.0,15,1855.0,1856.0,14,1856.0,1858.0,1864.0,1840.0,2106.0,3908736.0,49932
2023-05-10 21:06:18,FG2306,FG2306,1854.0,0.0,0.0,0.0,15,1855.0,1856.0,15,1856.0,1858.0,1864.0,1840.0,2106.0,3908736.0,49932
2023-05-10 21:06:19,FG2306,FG2306,1854.0,0.0,0.0,0.0,20,1855.0,1856.0,15,1856.0,1858.0,1864.0,1840.0,2106.0,3908736.0,49932
2023-05-10 21:06:20,FG2306,FG2306,1854.0,0.0,0.0,0.0,20,1855.0,1856.0,14,1856.0,1858.0,1864.0,1840.0,2106.0,3908736.0,49932
2023-05-10 21:06:21,FG2306,FG2306,1856.0,3.0,5568.0,3.0,20,1855.0,1856.0,11,1856.0,1858.0,1864.0,1840.0,2109.0,3914304.0,49935
2023-05-10 21:06:21,FG2306,FG2306,1855.0,8.0,14848.0,-4.0,15,1855.0,1856.0,11,1856.0,1858.0,1864.0,1840.0,2117.0,3929152.0,49931
2023-05-10 21:06:22,FG2306,FG2306,1855.0,0.0,0.0,0.0,16,1855.0,1856.0,11,1856.0,1858.0,1864.0,1840.0,2117.0,3929152.0,49931
2023-05-10 21:06:23,FG2306,FG2306,1855.0,0.0,0.0,0.0,19,1855.0,1856.0,11,1856.0,1858.0,1864.0,1840.0,2117.0,3929152.0,49931
2023-05-10 21:06:25,FG2306,FG2306,1855.0,0.0,0.0,0.0,19,1855.0,1856.0,12,1856.0,1858.0,1864.0,1840.0,2117.0,3929152.0,49931
2023-05-10 21:06:27,FG2306,FG2306,1855.0,0.0,0.0,0.0,15,1855.0,1856.0,12,1856.0,1858.0,1864.0,1840.0,2117.0,3929152.0,49931
2023-05-10 21:06:28,FG2306,FG2306,1855.0,0.0,0.0,0.0,19,1855.0,1856.0,13,1856.0,1858.0,1864.0,1840.0,2117.0,3929152.0,49931
2023-05-10 21:06:29,FG2306,FG2306,1856.0,1.0,1856.0,0.0,19,1855.0,1856.0,12,1856.0,1858.0,1864.0,1840.0,2118.0,3931008.0,49931
2023-05-10 21:06:31,FG2306,FG2306,1856.0,1.0,1856.0,0.0,19,1855.0,1856.0,11,1856.0,1858.0,1864.0,1840.0,2119.0,3932864.0,49931
2023-05-10 21:06:31,FG2306,FG2306,1856.0,2.0,3712.0,2.0,19,1855.0,1856.0,9,1856.0,1858.0,1864.0,1840.0,2121.0,3936576.0,49933
2023-05-10 21:06:32,FG2306,FG2306,1856.0,13.0,24128.0,-5.0,33,1855.0,1857.0,46,1856.0,1858.0,1864.0,1840.0,2134.0,3960704.0,49928
2023-05-10 21:06:32,FG2306,FG2306,1855.0,1.0,1856.0,-1.0,32,1855.0,1857.0,46,1856.0,1858.0,1864.0,1840.0,2135.0,3962560.0,49927
2023-05-10 21:06:34,FG2306,FG2306,1855.0,0.0,0.0,0.0,32,1855.0,1857.0,44,1856.0,1858.0,1864.0,1840.0,2135.0,3962560.0,49927
2023-05-10 21:06:34,FG2306,FG2306,1855.0,10.0,18560.0,-10.0,17,1855.0,1857.0,44,1856.0,1858.0,1864.0,1840.0,2145.0,3981120.0,49917
2023-05-10 21:06:40,FG2306,FG2306,1855.0,0.0,0.0,0.0,18,1855.0,1857.0,46,1856.0,1858.0,1864.0,1840.0,2145.0,3981120.0,49917
2023-05-10 21:06:40,FG2306,FG2306,1855.0,0.0,0.0,0.0,17,1855.0,1857.0,44,1856.0,1858.0,1864.0,1840.0,2145.0,3981120.0,49917
2023-05-10 21:06:42,FG2306,FG2306,1855.0,0.0,0.0,0.0,12,1855.0,1857.0,44,1856.0,1858.0,1864.0,1840.0,2145.0,3981120.0,49917
2023-05-10 21:06:45,FG2306,FG2306,1855.0,3.0,5568.0,-3.0,9,1855.0,1857.0,44,1856.0,1858.0,1864.0,1840.0,2148.0,3986688.0,49914
2023-05-10 21:06:45,FG2306,FG2306,1855.0,0.0,0.0,0.0,11,1855.0,1857.0,44,1856.0,1858.0,1864.0,1840.0,2148.0,3986688.0,49914
2023-05-10 21:06:45,FG2306,FG2306,1855.0,0.0,0.0,0.0,22,1856.0,1857.0,44,1856.0,1858.0,1864.0,1840.0,2148.0,3986688.0,49914
2023-05-10 21:06:47,FG2306,FG2306,1855.0,0.0,0.0,0.0,22,1856.0,1857.0,45,1856.0,1858.0,1864.0,1840.0,2148.0,3986688.0,49914
2023-05-10 21:06:47,FG2306,FG2306,1855.0,0.0,0.0,0.0,22,1856.0,1857.0,47,1856.0,1858.0,1864.0,1840.0,2148.0,3986688.0,49914
2023-05-10 21:06:50,FG2306,FG2306,1855.0,0.0,0.0,0.0,17,1856.0,1857.0,47,1856.0,1858.0,1864.0,1840.0,2148.0,3986688.0,49914
2023-05-10 21:06:50,FG2306,FG2306,1856.0,1.0,1856.0,-1.0,16,1856.0,1857.0,47,1856.0,1858.0,1864.0,1840.0,2149.0,3988544.0,49913
2023-05-10 21:06:54,FG2306,FG2306,1856.0,0.0,0.0,0.0,21,1856.0,1857.0,46,1856.0,1858.0,1864.0,1840.0,2149.0,3988544.0,49913
2023-05-10 21:06:55,FG2306,FG2306,1857.0,3.0,5568.0,0.0,21,1856.0,1857.0,43,1856.0,1858.0,1864.0,1840.0,2152.0,3994112.0,49913
2023-05-10 21:06:55,FG2306,FG2306,1857.0,43.0,79808.0,2.0,11,1856.0,1858.0,233,1856.0,1858.0,1864.0,1840.0,2195.0,4073920.0,49915
2023-05-10 21:06:55,FG2306,FG2306,1857.0,0.0,0.0,0.0,14,1856.0,1858.0,233,1856.0,1858.0,1864.0,1840.0,2195.0,4073920.0,49915
2023-05-10 21:06:56,FG2306,FG2306,1857.0,0.0,0.0,0.0,17,1856.0,1858.0,233,1856.0,1858.0,1864.0,1840.0,2195.0,4073920.0,49915
2023-05-10 21:06:56,FG2306,FG2306,1857.0,0.0,0.0,0.0,5,1857.0,1858.0,233,1856.0,1858.0,1864.0,1840.0,2195.0,4073920.0,49915
2023-05-10 21:06:57,FG2306,FG2306,1857.0,9.0,16704.0,-3.0,30,1856.0,1858.0,229,1856.0,1858.0,1864.0,1840.0,2204.0,4090624.0,49912
2023-05-10 21:06:57,FG2306,FG2306,1856.0,7.0,12992.0,4.0,23,1856.0,1858.0,229,1856.0,1858.0,1864.0,1840.0,2211.0,4103616.0,49916
2023-05-10 21:06:59,FG2306,FG2306,1856.0,0.0,0.0,0.0,26,1856.0,1858.0,229,1856.0,1858.0,1864.0,1840.0,2211.0,4103616.0,49916
2023-05-10 21:07:00,FG2306,FG2306,1856.0,0.0,0.0,0.0,23,1856.0,1857.0,3,1856.0,1858.0,1864.0,1840.0,2211.0,4103616.0,49916
2023-05-10 21:07:04,FG2306,FG2306,1857.0,1.0,1856.0,1.0,23,1856.0,1857.0,2,1856.0,1858.0,1864.0,1840.0,2212.0,4105472.0,49917
2023-05-10 21:07:08,FG2306,FG2306,1857.0,0.0,0.0,0.0,26,1856.0,1857.0,2,1856.0,1858.0,1864.0,1840.0,2212.0,4105472.0,49917
2023-05-10 21:07:09,FG2306,FG2306,1857.0,0.0,0.0,0.0,26,1856.0,1858.0,229,1856.0,1858.0,1864.0,1840.0,2212.0,4105472.0,49917
2023-05-10 21:07:10,FG2306,FG2306,1857.0,0.0,0.0,0.0,33,1856.0,1858.0,229,1856.0,1858.0,1864.0,1840.0,2212.0,4105472.0,49917
2023-05-10 21:07:13,FG2306,FG2306,1857.0,0.0,0.0,0.0,34,1856.0,1858.0,229,1856.0,1858.0,1864.0,1840.0,2212.0,4105472.0,49917
2023-05-10 21:07:16,FG2306,FG2306,1857.0,0.0,0.0,0.0,34,1856.0,1857.0,5,1856.0,1858.0,1864.0,1840.0,2212.0,4105472.0,49917
2023-05-10 21:07:21,FG2306,FG2306,1857.0,0.0,0.0,0.0,35,1856.0,1857.0,5,1856.0,1858.0,1864.0,1840.0,2212.0,4105472.0,49917
2023-05-10 21:07:22,FG2306,FG2306,1856.0,35.0,64960.0,8.0,19,1855.0,1857.0,11,1856.0,1858.0,1864.0,1840.0,2247.0,4170432.0,49925
2023-05-10 21:07:23,FG2306,FG2306,1856.0,0.0,0.0,0.0,19,1855.0,1856.0,3,1856.0,1858.0,1864.0,1840.0,2247.0,4170432.0,49925
2023-05-10 21:07:23,FG2306,FG2306,1856.0,0.0,0.0,0.0,19,1855.0,1856.0,7,1856.0,1858.0,1864.0,1840.0,2247.0,4170432.0,49925
2023-05-10 21:07:26,FG2306,FG2306,1856.0,0.0,0.0,0.0,1,1855.0,1856.0,7,1856.0,1858.0,1864.0,1840.0,2247.0,4170432.0,49925
2023-05-10 21:07:27,FG2306,FG2306,1856.0,0.0,0.0,0.0,1,1855.0,1856.0,9,1856.0,1858.0,1864.0,1840.0,2247.0,4170432.0,49925
2023-05-10 21:07:28,FG2306,FG2306,1854.0,5.0,9280.0,0.0,16,1854.0,1855.0,199,1856.0,1858.0,1864.0,1840.0,2252.0,4179712.0,49925
2023-05-10 21:07:28,FG2306,FG2306,1855.0,9.0,16704.0,4.0,12,1854.0,1855.0,194,1856.0,1858.0,1864.0,1840.0,2261.0,4196416.0,49929
2023-05-10 21:07:34,FG2306,FG2306,1855.0,0.0,0.0,0.0,11,1854.0,1855.0,194,1856.0,1858.0,1864.0,1840.0,2261.0,4196416.0,49929
2023-05-10 21:07:34,FG2306,FG2306,1854.0,11.0,20416.0,7.0,14,1853.0,1854.0,4,1856.0,1858.0,1864.0,1840.0,2272.0,4216832.0,49936
2023-05-10 21:07:36,FG2306,FG2306,1853.0,4.0,7424.0,0.0,10,1853.0,1854.0,4,1856.0,1858.0,1864.0,1840.0,2276.0,4224256.0,49936
2023-05-10 21:07:36,FG2306,FG2306,1853.0,2.0,3712.0,0.0,14,1852.0,1854.0,4,1856.0,1858.0,1864.0,1840.0,2278.0,4227968.0,49936
2023-05-10 21:07:40,FG2306,FG2306,1852.0,1.0,1856.0,0.0,18,1852.0,1854.0,4,1856.0,1858.0,1864.0,1840.0,2279.0,4229824.0,49936
2023-05-10 21:07:40,FG2306,FG2306,1852.0,1.0,1856.0,-1.0,12,1852.0,1853.0,7,1856.0,1858.0,1864.0,1840.0,2280.0,4231680.0,49935
2023-05-10 21:07:40,FG2306,FG2306,1852.0,0.0,0.0,0.0,7,1852.0,1853.0,7,1856.0,1858.0,1864.0,1840.0,2280.0,4231680.0,49935
2023-05-10 21:07:42,FG2306,FG2306,1852.0,0.0,0.0,0.0,3,1852.0,1853.0,7,1856.0,1858.0,1864.0,1840.0,2280.0,4231680.0,49935
2023-05-10 21:07:43,FG2306,FG2306,1853.0,5.0,9280.0,1.0,26,1851.0,1853.0,5,1856.0,1858.0,1864.0,1840.0,2285.0,4240960.0,49936
2023-05-10 21:07:43,FG2306,FG2306,1853.0,0.0,0.0,0.0,21,1851.0,1853.0,5,1856.0,1858.0,1864.0,1840.0,2285.0,4240960.0,49936
2023-05-10 21:07:46,FG2306,FG2306,1852.0,1.0,1856.0,1.0,14,1852.0,1853.0,4,1856.0,1858.0,1864.0,1840.0,2286.0,4242816.0,49937
2023-05-10 21:07:48,FG2306,FG2306,1852.0,0.0,0.0,0.0,14,1852.0,1853.0,14,1856.0,1858.0,1864.0,1840.0,2286.0,4242816.0,49937
2023-05-10 21:07:51,FG2306,FG2306,1852.0,8.0,14848.0,4.0,6,1852.0,1853.0,14,1856.0,1858.0,1864.0,1840.0,2294.0,4257664.0,49941
2023-05-10 21:07:51,FG2306,FG2306,1852.0,0.0,0.0,0.0,6,1852.0,1853.0,15,1856.0,1858.0,1864.0,1840.0,2294.0,4257664.0,49941
2023-05-10 21:07:52,FG2306,FG2306,1852.0,3.0,5568.0,0.0,3,1852.0,1853.0,17,1856.0,1858.0,1864.0,1840.0,2297.0,4263232.0,49941
2023-05-10 21:07:53,FG2306,FG2306,1852.0,3.0,5568.0,3.0,17,1851.0,1853.0,15,1856.0,1858.0,1864.0,1840.0,2300.0,4268800.0,49944
2023-05-10 21:07:54,FG2306,FG2306,1852.0,0.0,0.0,0.0,17,1851.0,1853.0,17,1856.0,1858.0,1864.0,1840.0,2300.0,4268800.0,49944
2023-05-10 21:07:54,FG2306,FG2306,1852.0,0.0,0.0,0.0,18,1851.0,1853.0,17,1856.0,1858.0,1864.0,1840.0,2300.0,4268800.0,49944
2023-05-10 21:07:55,FG2306,FG2306,1852.0,0.0,0.0,0.0,13,1851.0,1853.0,17,1856.0,1858.0,1864.0,1840.0,2300.0,4268800.0,49944
2023-05-10 21:07:56,FG2306,FG2306,1852.0,0.0,0.0,0.0,13,1851.0,1852.0,15,1856.0,1858.0,1864.0,1840.0,2300.0,4268800.0,49944
2023-05-10 21:07:57,FG2306,FG2306,1852.0,0.0,0.0,0.0,14,1851.0,1852.0,15,1856.0,1858.0,1864.0,1840.0,2300.0,4268800.0,49944
2023-05-10 21:07:58,FG2306,FG2306,1851.0,3.0,5568.0,-3.0,11,1851.0,1852.0,17,1856.0,1858.0,1864.0,1840.0,2303.0,4274368.0,49941
2023-05-10 21:07:59,FG2306,FG2306,1852.0,2.0,3712.0,0.0,11,1851.0,1852.0,15,1856.0,1858.0,1864.0,1840.0,2305.0,4278080.0,49941
2023-05-10 21:08:00,FG2306,FG2306,1852.0,0.0,0.0,0.0,11,1851.0,1852.0,16,1856.0,1858.0,1864.0,1840.0,2305.0,4278080.0,49941
2023-05-10 21:08:01,FG2306,FG2306,1851.0,11.0,20416.0,-7.0,54,1850.0,1852.0,16,1856.0,1858.0,1864.0,1840.0,2316.0,4298496.0,49934
2023-05-10 21:08:02,FG2306,FG2306,1851.0,0.0,0.0,0.0,59,1850.0,1852.0,16,1856.0,1858.0,1864.0,1840.0,2316.0,4298496.0,49934
2023-05-10 21:08:04,FG2306,FG2306,1851.0,0.0,0.0,0.0,1,1851.0,1852.0,16,1856.0,1858.0,1864.0,1840.0,2316.0,4298496.0,49934
2023-05-10 21:08:04,FG2306,FG2306,1851.0,0.0,0.0,0.0,60,1850.0,1852.0,16,1856.0,1858.0,1864.0,1840.0,2316.0,4298496.0,49934
2023-05-10 21:08:06,FG2306,FG2306,1851.0,0.0,0.0,0.0,55,1850.0,1852.0,16,1856.0,1858.0,1864.0,1840.0,2316.0,4298496.0,49934
2023-05-10 21:08:06,FG2306,FG2306,1851.0,0.0,0.0,0.0,55,1850.0,1852.0,19,1856.0,1858.0,1864.0,1840.0,2316.0,4298496.0,49934
2023-05-10 21:08:06,FG2306,FG2306,1851.0,0.0,0.0,0.0,54,1850.0,1852.0,19,1856.0,1858.0,1864.0,1840.0,2316.0,4298496.0,49934
2023-05-10 21:08:10,FG2306,FG2306,1851.0,0.0,0.0,0.0,54,1850.0,1852.0,18,1856.0,1858.0,1864.0,1840.0,2316.0,4298496.0,49934
2023-05-10 21:08:10,FG2306,FG2306,1851.0,0.0,0.0,0.0,4,1851.0,1852.0,18,1856.0,1858.0,1864.0,1840.0,2316.0,4298496.0,49934
2023-05-10 21:08:11,FG2306,FG2306,1851.0,0.0,0.0,0.0,54,1850.0,1852.0,18,1856.0,1858.0,1864.0,1840.0,2316.0,4298496.0,49934
2023-05-10 21:08:12,FG2306,FG2306,1850.0,1.0,1856.0,-1.0,52,1850.0,1852.0,18,1856.0,1858.0,1864.0,1840.0,2317.0,4300352.0,49933
2023-05-10 21:08:12,FG2306,FG2306,1851.0,3.0,5568.0,-1.0,52,1850.0,1852.0,15,1856.0,1858.0,1864.0,1840.0,2320.0,4305920.0,49932
2023-05-10 21:08:13,FG2306,FG2306,1851.0,0.0,0.0,0.0,1,1851.0,1852.0,19,1856.0,1858.0,1864.0,1840.0,2320.0,4305920.0,49932
2023-05-10 21:08:13,FG2306,FG2306,1850.0,15.0,27840.0,12.0,38,1850.0,1851.0,4,1856.0,1858.0,1864.0,1840.0,2335.0,4333760.0,49944
2023-05-10 21:08:15,FG2306,FG2306,1851.0,1.0,1856.0,1.0,38,1850.0,1851.0,3,1856.0,1858.0,1864.0,1840.0,2336.0,4335616.0,49945
2023-05-10 21:08:15,FG2306,FG2306,1850.0,1.0,1856.0,1.0,37,1850.0,1851.0,3,1856.0,1858.0,1864.0,1840.0,2337.0,4337472.0,49946
2023-05-10 21:08:15,FG2306,FG2306,1850.0,0.0,0.0,0.0,38,1850.0,1851.0,3,1856.0,1858.0,1864.0,1840.0,2337.0,4337472.0,49946
2023-05-10 21:08:17,FG2306,FG2306,1850.0,0.0,0.0,0.0,41,1850.0,1851.0,7,1856.0,1858.0,1864.0,1840.0,2337.0,4337472.0,49946
2023-05-10 21:08:18,FG2306,FG2306,1850.0,0.0,0.0,0.0,41,1850.0,1851.0,6,1856.0,1858.0,1864.0,1840.0,2337.0,4337472.0,49946
2023-05-10 21:08:18,FG2306,FG2306,1850.0,0.0,0.0,0.0,41,1850.0,1851.0,13,1856.0,1858.0,1864.0,1840.0,2337.0,4337472.0,49946
2023-05-10 21:08:18,FG2306,FG2306,1851.0,4.0,7424.0,-1.0,41,1850.0,1851.0,9,1856.0,1858.0,1864.0,1840.0,2341.0,4344896.0,49945
2023-05-10 21:08:20,FG2306,FG2306,1851.0,0.0,0.0,0.0,41,1850.0,1851.0,10,1856.0,1858.0,1864.0,1840.0,2341.0,4344896.0,49945
2023-05-10 21:08:20,FG2306,FG2306,1850.0,2.0,3712.0,0.0,39,1850.0,1851.0,10,1856.0,1858.0,1864.0,1840.0,2343.0,4348608.0,49945
2023-05-10 21:08:21,FG2306,FG2306,1850.0,15.0,27840.0,0.0,24,1850.0,1851.0,8,1856.0,1858.0,1864.0,1840.0,2358.0,4376448.0,49945
2023-05-10 21:08:21,FG2306,FG2306,1850.0,1.0,1856.0,0.0,23,1850.0,1851.0,8,1856.0,1858.0,1864.0,1840.0,2359.0,4378304.0,49945
2023-05-10 21:08:23,FG2306,FG2306,1850.0,9.0,16704.0,4.0,14,1850.0,1851.0,7,1856.0,1858.0,1864.0,1840.0,2368.0,4395008.0,49949
2023-05-10 21:08:24,FG2306,FG2306,1850.0,14.0,25984.0,5.0,5,1849.0,1851.0,7,1856.0,1858.0,1864.0,1840.0,2382.0,4420992.0,49954
2023-05-10 21:08:24,FG2306,FG2306,1850.0,0.0,0.0,0.0,5,1849.0,1851.0,12,1856.0,1858.0,1864.0,1840.0,2382.0,4420992.0,49954
2023-05-10 21:08:27,FG2306,FG2306,1850.0,0.0,0.0,0.0,5,1849.0,1850.0,1,1856.0,1858.0,1864.0,1840.0,2382.0,4420992.0,49954
2023-05-10 21:08:27,FG2306,FG2306,1850.0,0.0,0.0,0.0,5,1849.0,1850.0,5,1856.0,1858.0,1864.0,1840.0,2382.0,4420992.0,49954
2023-05-10 21:08:28,FG2306,FG2306,1849.0,5.0,9280.0,0.0,7,1848.0,1850.0,5,1856.0,1858.0,1864.0,1840.0,2387.0,4430272.0,49954
2023-05-10 21:08:28,FG2306,FG2306,1848.0,7.0,12992.0,2.0,5,1847.0,1849.0,5,1856.0,1858.0,1864.0,1840.0,2394.0,4443264.0,49956
2023-05-10 21:08:29,FG2306,FG2306,1847.0,6.0,11136.0,-6.0,3,1847.0,1848.0,4,1856.0,1858.0,1864.0,1840.0,2400.0,4454400.0,49950
2023-05-10 21:08:29,FG2306,FG2306,1847.0,0.0,0.0,0.0,3,1847.0,1848.0,6,1856.0,1858.0,1864.0,1840.0,2400.0,4454400.0,49950
2023-05-10 21:08:30,FG2306,FG2306,1847.0,6.0,11136.0,-6.0,5,1846.0,1847.0,6,1856.0,1858.0,1864.0,1840.0,2406.0,4465536.0,49944
2023-05-10 21:08:30,FG2306,FG2306,1847.0,6.0,11136.0,0.0,4,1846.0,1848.0,5,1856.0,1858.0,1864.0,1840.0,2412.0,4476672.0,49944
2023-05-10 21:08:31,FG2306,FG2306,1847.0,0.0,0.0,0.0,4,1846.0,1847.0,12,1856.0,1858.0,1864.0,1840.0,2412.0,4476672.0,49944
2023-05-10 21:08:33,FG2306,FG2306,1848.0,18.0,33408.0,-12.0,64,1848.0,1849.0,5,1856.0,1858.0,1864.0,1840.0,2430.0,4510080.0,49932
2023-05-10 21:08:33,FG2306,FG2306,1848.0,0.0,0.0,0.0,64,1848.0,1849.0,4,1856.0,1858.0,1864.0,1840.0,2430.0,4510080.0,49932
2023-05-10 21:08:33,FG2306,FG2306,1848.0,2.0,3712.0,-2.0,62,1848.0,1849.0,4,1856.0,1858.0,1864.0,1840.0,2432.0,4513792.0,49930
2023-05-10 21:08:34,FG2306,FG2306,1848.0,4.0,7424.0,-4.0,58,1848.0,1850.0,6,1856.0,1858.0,1864.0,1840.0,2436.0,4521216.0,49926
2023-05-10 21:08:35,FG2306,FG2306,1848.0,1.0,1856.0,-1.0,57,1848.0,1850.0,5,1856.0,1858.0,1864.0,1840.0,2437.0,4523072.0,49925
2023-05-10 21:08:35,FG2306,FG2306,1848.0,0.0,0.0,0.0,1,1849.0,1850.0,5,1856.0,1858.0,1864.0,1840.0,2437.0,4523072.0,49925
2023-05-10 21:08:35,FG2306,FG2306,1848.0,0.0,0.0,0.0,5,1849.0,1850.0,5,1856.0,1858.0,1864.0,1840.0,2437.0,4523072.0,49925
2023-05-10 21:08:36,FG2306,FG2306,1848.0,1.0,1856.0,1.0,4,1849.0,1850.0,4,1856.0,1858.0,1864.0,1840.0,2438.0,4524928.0,49926
2023-05-10 21:08:36,FG2306,FG2306,1850.0,4.0,7424.0,0.0,4,1850.0,1851.0,11,1856.0,1858.0,1864.0,1840.0,2442.0,4532352.0,49926
2023-05-10 21:08:38,FG2306,FG2306,1850.0,0.0,0.0,0.0,4,1850.0,1851.0,12,1856.0,1858.0,1864.0,1840.0,2442.0,4532352.0,49926
2023-05-10 21:08:39,FG2306,FG2306,1850.0,4.0,7424.0,-1.0,4,1849.0,1850.0,2,1856.0,1858.0,1864.0,1840.0,2446.0,4539776.0,49925
2023-05-10 21:08:39,FG2306,FG2306,1850.0,0.0,0.0,0.0,4,1849.0,1851.0,16,1856.0,1858.0,1864.0,1840.0,2446.0,4539776.0,49925
2023-05-10 21:08:39,FG2306,FG2306,1849.0,22.0,40832.0,-16.0,58,1848.0,1850.0,4,1856.0,1858.0,1864.0,1840.0,2468.0,4580608.0,49909
2023-05-10 21:08:40,FG2306,FG2306,1849.0,0.0,0.0,0.0,8,1849.0,1851.0,13,1856.0,1858.0,1864.0,1840.0,2468.0,4580608.0,49909
2023-05-10 21:08:41,FG2306,FG2306,1849.0,3.0,5568.0,1.0,6,1849.0,1851.0,7,1856.0,1858.0,1864.0,1840.0,2471.0,4586176.0,49910
2023-05-10 21:08:42,FG2306,FG2306,1849.0,0.0,0.0,0.0,6,1849.0,1850.0,1,1856.0,1858.0,1864.0,1840.0,2471.0,4586176.0,49910
2023-05-10 21:08:43,FG2306,FG2306,1850.0,1.0,1856.0,0.0,2,1850.0,1851.0,7,1856.0,1858.0,1864.0,1840.0,2472.0,4588032.0,49910
2023-05-10 21:08:44,FG2306,FG2306,1851.0,10.0,16078.0,4.0,5,1851.0,1852.0,9,1856.0,1858.0,1864.0,1840.0,2482.0,4604110.0,49914
2023-05-10 21:08:44,FG2306,FG2306,1850.0,6.0,11130.0,2.0,5,1850.0,1851.0,1,1856.0,1858.0,1864.0,1840.0,2488.0,4615240.0,49916
2023-05-10 21:08:44,FG2306,FG2306,1850.0,0.0,0.0,0.0,5,1850.0,1852.0,8,1856.0,1858.0,1864.0,1840.0,2488.0,4615240.0,49916
2023-05-10 21:08:49,FG2306,FG2306,1850.0,0.0,0.0,0.0,5,1850.0,1851.0,1,1856.0,1858.0,1864.0,1840.0,2488.0,4615240.0,49916
2023-05-10 21:08:49,FG2306,FG2306,1850.0,0.0,0.0,0.0,5,1850.0,1851.0,6,1856.0,1858.0,1864.0,1840.0,2488.0,4615240.0,49916
2023-05-10 21:08:49,FG2306,FG2306,1850.0,0.0,0.0,0.0,5,1850.0,1851.0,5,1856.0,1858.0,1864.0,1840.0,2488.0,4615240.0,49916
2023-05-10 21:08:50,FG2306,FG2306,1850.0,3.0,5565.0,-3.0,2,1850.0,1851.0,5,1856.0,1858.0,1864.0,1840.0,2491.0,4620805.0,49913
2023-05-10 21:08:50,FG2306,FG2306,1850.0,2.0,3710.0,0.0,4,1849.0,1851.0,5,1856.0,1858.0,1864.0,1840.0,2493.0,4624515.0,49913
2023-05-10 21:08:51,FG2306,FG2306,1850.0,0.0,0.0,0.0,4,1849.0,1851.0,6,1856.0,1858.0,1864.0,1840.0,2493.0,4624515.0,49913
2023-05-10 21:08:53,FG2306,FG2306,1850.0,0.0,0.0,0.0,4,1849.0,1850.0,10,1856.0,1858.0,1864.0,1840.0,2493.0,4624515.0,49913
2023-05-10 21:08:56,FG2306,FG2306,1850.0,10.0,18550.0,0.0,5,1849.0,1851.0,5,1856.0,1858.0,1864.0,1840.0,2503.0,4643065.0,49913
2023-05-10 21:08:56,FG2306,FG2306,1850.0,0.0,0.0,0.0,6,1849.0,1851.0,5,1856.0,1858.0,1864.0,1840.0,2503.0,4643065.0,49913
2023-05-10 21:08:57,FG2306,FG2306,1849.0,7.0,12985.0,-3.0,60,1848.0,1849.0,43,1856.0,1858.0,1864.0,1840.0,2510.0,4656050.0,49910
2023-05-10 21:08:57,FG2306,FG2306,1849.0,2.0,3710.0,-1.0,59,1848.0,1849.0,41,1856.0,1858.0,1864.0,1840.0,2512.0,4659760.0,49909
2023-05-10 21:08:59,FG2306,FG2306,1849.0,4.0,7420.0,-4.0,59,1848.0,1849.0,37,1856.0,1858.0,1864.0,1840.0,2516.0,4667180.0,49905
2023-05-10 21:09:01,FG2306,FG2306,1849.0,1.0,1855.0,0.0,60,1848.0,1849.0,36,1856.0,1858.0,1864.0,1840.0,2517.0,4669035.0,49905
2023-05-10 21:09:01,FG2306,FG2306,1849.0,0.0,0.0,0.0,59,1848.0,1849.0,36,1856.0,1858.0,1864.0,1840.0,2517.0,4669035.0,49905
2023-05-10 21:09:03,FG2306,FG2306,1849.0,6.0,11130.0,-6.0,59,1848.0,1849.0,30,1856.0,1858.0,1864.0,1840.0,2523.0,4680165.0,49899
2023-05-10 21:09:04,FG2306,FG2306,1849.0,1.0,1855.0,0.0,59,1848.0,1849.0,29,1856.0,1858.0,1864.0,1840.0,2524.0,4682020.0,49899
2023-05-10 21:09:04,FG2306,FG2306,1848.0,2.0,3710.0,0.0,59,1848.0,1849.0,29,1856.0,1858.0,1864.0,1840.0,2526.0,4685730.0,49899
2023-05-10 21:09:06,FG2306,FG2306,1848.0,4.0,7420.0,0.0,55,1848.0,1849.0,29,1856.0,1858.0,1864.0,1840.0,2530.0,4693150.0,49899
2023-05-10 21:09:07,FG2306,FG2306,1848.0,35.0,64925.0,-24.0,49,1848.0,1850.0,1,1856.0,1858.0,1864.0,1840.0,2565.0,4758075.0,49875
2023-05-10 21:09:07,FG2306,FG2306,1848.0,0.0,0.0,0.0,4,1849.0,1850.0,1,1856.0,1858.0,1864.0,1840.0,2565.0,4758075.0,49875
2023-05-10 21:09:09,FG2306,FG2306,1849.0,2.0,3710.0,2.0,2,1849.0,1850.0,4,1856.0,1858.0,1864.0,1840.0,2567.0,4761785.0,49877
2023-05-10 21:09:11,FG2306,FG2306,1849.0,2.0,3710.0,1.0,1,1849.0,1850.0,3,1856.0,1858.0,1864.0,1840.0,2569.0,4765495.0,49878
2023-05-10 21:09:11,FG2306,FG2306,1849.0,0.0,0.0,0.0,49,1848.0,1850.0,3,1856.0,1858.0,1864.0,1840.0,2569.0,4765495.0,49878
2023-05-10 21:09:13,FG2306,FG2306,1849.0,0.0,0.0,0.0,49,1848.0,1850.0,8,1856.0,1858.0,1864.0,1840.0,2569.0,4765495.0,49878
2023-05-10 21:09:13,FG2306,FG2306,1849.0,0.0,0.0,0.0,49,1848.0,1849.0,5,1856.0,1858.0,1864.0,1840.0,2569.0,4765495.0,49878
2023-05-10 21:09:15,FG2306,FG2306,1849.0,0.0,0.0,0.0,51,1848.0,1849.0,5,1856.0,1858.0,1864.0,1840.0,2569.0,4765495.0,49878
2023-05-10 21:09:16,FG2306,FG2306,1849.0,0.0,0.0,0.0,49,1848.0,1849.0,5,1856.0,1858.0,1864.0,1840.0,2569.0,4765495.0,49878
2023-05-10 21:09:18,FG2306,FG2306,1848.0,5.0,9275.0,0.0,44,1848.0,1849.0,5,1856.0,1858.0,1864.0,1840.0,2574.0,4774770.0,49878
2023-05-10 21:09:18,FG2306,FG2306,1849.0,2.0,3710.0,1.0,44,1848.0,1849.0,3,1856.0,1858.0,1864.0,1840.0,2576.0,4778480.0,49879
2023-05-10 21:09:19,FG2306,FG2306,1848.0,5.0,9275.0,0.0,39,1848.0,1849.0,3,1856.0,1858.0,1864.0,1840.0,2581.0,4787755.0,49879
2023-05-10 21:09:21,FG2306,FG2306,1848.0,0.0,0.0,0.0,40,1848.0,1849.0,3,1856.0,1858.0,1864.0,1840.0,2581.0,4787755.0,49879
2023-05-10 21:09:21,FG2306,FG2306,1848.0,0.0,0.0,0.0,39,1848.0,1849.0,3,1856.0,1858.0,1864.0,1840.0,2581.0,4787755.0,49879
2023-05-10 21:09:22,FG2306,FG2306,1848.0,0.0,0.0,0.0,41,1848.0,1849.0,3,1856.0,1858.0,1864.0,1840.0,2581.0,4787755.0,49879
2023-05-10 21:09:24,FG2306,FG2306,1849.0,1.0,1855.0,0.0,42,1848.0,1849.0,2,1856.0,1858.0,1864.0,1840.0,2582.0,4789610.0,49879
2023-05-10 21:09:24,FG2306,FG2306,1849.0,2.0,3710.0,0.0,42,1848.0,1850.0,8,1856.0,1858.0,1864.0,1840.0,2584.0,4793320.0,49879
2023-05-10 21:09:25,FG2306,FG2306,1849.0,0.0,0.0,0.0,1,1849.0,1850.0,8,1856.0,1858.0,1864.0,1840.0,2584.0,4793320.0,49879
2023-05-10 21:09:28,FG2306,FG2306,1849.0,0.0,0.0,0.0,1,1849.0,1850.0,9,1856.0,1858.0,1864.0,1840.0,2584.0,4793320.0,49879
2023-05-10 21:09:28,FG2306,FG2306,1849.0,0.0,0.0,0.0,16,1849.0,1850.0,8,1856.0,1858.0,1864.0,1840.0,2584.0,4793320.0,49879
2023-05-10 21:09:32,FG2306,FG2306,1849.0,1.0,1855.0,0.0,15,1849.0,1850.0,8,1856.0,1858.0,1864.0,1840.0,2585.0,4795175.0,49879
2023-05-10 21:09:35,FG2306,FG2306,1850.0,8.0,14840.0,5.0,2,1850.0,1851.0,4,1856.0,1858.0,1864.0,1840.0,2593.0,4810015.0,49884
2023-05-10 21:09:38,FG2306,FG2306,1850.0,0.0,0.0,0.0,4,1850.0,1851.0,5,1856.0,1858.0,1864.0,1840.0,2593.0,4810015.0,49884
2023-05-10 21:09:39,FG2306,FG2306,1850.0,4.0,7420.0,2.0,15,1849.0,1851.0,6,1856.0,1858.0,1864.0,1840.0,2597.0,4817435.0,49886
2023-05-10 21:09:40,FG2306,FG2306,1850.0,3.0,5565.0,3.0,15,1849.0,1850.0,1,1856.0,1858.0,1864.0,1840.0,2600.0,4823000.0,49889
2023-05-10 21:09:40,FG2306,FG2306,1849.0,9.0,16695.0,8.0,6,1849.0,1850.0,4,1856.0,1858.0,1864.0,1840.0,2609.0,4839695.0,49897
2023-05-10 21:09:42,FG2306,FG2306,1849.0,0.0,0.0,0.0,6,1849.0,1850.0,5,1856.0,1858.0,1864.0,1840.0,2609.0,4839695.0,49897
2023-05-10 21:09:43,FG2306,FG2306,1850.0,1.0,1855.0,1.0,6,1849.0,1850.0,5,1856.0,1858.0,1864.0,1840.0,2610.0,4841550.0,49898
2023-05-10 21:09:43,FG2306,FG2306,1849.0,6.0,11130.0,3.0,41,1848.0,1850.0,5,1856.0,1858.0,1864.0,1840.0,2616.0,4852680.0,49901
2023-05-10 21:09:44,FG2306,FG2306,1850.0,5.0,9275.0,-5.0,41,1848.0,1850.0,1,1856.0,1858.0,1864.0,1840.0,2621.0,4861955.0,49896
2023-05-10 21:09:44,FG2306,FG2306,1850.0,0.0,0.0,0.0,41,1848.0,1849.0,3,1856.0,1858.0,1864.0,1840.0,2621.0,4861955.0,49896
2023-05-10 21:09:45,FG2306,FG2306,1850.0,3.0,5565.0,0.0,41,1848.0,1850.0,2,1856.0,1858.0,1864.0,1840.0,2624.0,4867520.0,49896
2023-05-10 21:09:47,FG2306,FG2306,1850.0,0.0,0.0,0.0,43,1848.0,1850.0,2,1856.0,1858.0,1864.0,1840.0,2624.0,4867520.0,49896
2023-05-10 21:09:48,FG2306,FG2306,1850.0,1.0,1855.0,0.0,44,1848.0,1850.0,5,1856.0,1858.0,1864.0,1840.0,2625.0,4869375.0,49896
2023-05-10 21:09:49,FG2306,FG2306,1848.0,5.0,9275.0,0.0,39,1848.0,1850.0,5,1856.0,1858.0,1864.0,1840.0,2630.0,4878650.0,49896
2023-05-10 21:09:49,FG2306,FG2306,1848.0,0.0,0.0,0.0,40,1848.0,1850.0,5,1856.0,1858.0,1864.0,1840.0,2630.0,4878650.0,49896
2023-05-10 21:09:53,FG2306,FG2306,1849.0,1.0,1855.0,1.0,40,1848.0,1850.0,5,1856.0,1858.0,1864.0,1840.0,2631.0,4880505.0,49897
2023-05-10 21:09:53,FG2306,FG2306,1849.0,0.0,0.0,0.0,40,1848.0,1850.0,8,1856.0,1858.0,1864.0,1840.0,2631.0,4880505.0,49897
2023-05-10 21:09:55,FG2306,FG2306,1849.0,0.0,0.0,0.0,41,1848.0,1850.0,8,1856.0,1858.0,1864.0,1840.0,2631.0,4880505.0,49897
2023-05-10 21:09:57,FG2306,FG2306,1849.0,0.0,0.0,0.0,40,1848.0,1850.0,8,1856.0,1858.0,1864.0,1840.0,2631.0,4880505.0,49897
2023-05-10 21:10:01,FG2306,FG2306,1849.0,0.0,0.0,0.0,41,1848.0,1850.0,8,1856.0,1858.0,1864.0,1840.0,2631.0,4880505.0,49897
2023-05-10 21:10:03,FG2306,FG2306,1850.0,1.0,1855.0,0.0,41,1848.0,1850.0,7,1856.0,1858.0,1864.0,1840.0,2632.0,4882360.0,49897
2023-05-10 21:10:06,FG2306,FG2306,1850.0,0.0,0.0,0.0,41,1848.0,1849.0,2,1856.0,1858.0,1864.0,1840.0,2632.0,4882360.0,49897
2023-05-10 21:10:06,FG2306,FG2306,1849.0,2.0,3710.0,0.0,41,1848.0,1850.0,8,1856.0,1858.0,1864.0,1840.0,2634.0,4886070.0,49897
2023-05-10 21:10:08,FG2306,FG2306,1849.0,0.0,0.0,0.0,52,1848.0,1850.0,8,1856.0,1858.0,1864.0,1840.0,2634.0,4886070.0,49897
2023-05-10 21:10:08,FG2306,FG2306,1849.0,0.0,0.0,0.0,1,1849.0,1850.0,7,1856.0,1858.0,1864.0,1840.0,2634.0,4886070.0,49897
2023-05-10 21:10:09,FG2306,FG2306,1849.0,0.0,0.0,0.0,11,1849.0,1850.0,7,1856.0,1858.0,1864.0,1840.0,2634.0,4886070.0,49897
2023-05-10 21:10:09,FG2306,FG2306,1849.0,0.0,0.0,0.0,10,1849.0,1850.0,7,1856.0,1858.0,1864.0,1840.0,2634.0,4886070.0,49897
2023-05-10 21:10:10,FG2306,FG2306,1850.0,2.0,3710.0,0.0,10,1849.0,1850.0,5,1856.0,1858.0,1864.0,1840.0,2636.0,4889780.0,49897
2023-05-10 21:10:11,FG2306,FG2306,1850.0,0.0,0.0,0.0,11,1849.0,1850.0,5,1856.0,1858.0,1864.0,1840.0,2636.0,4889780.0,49897
2023-05-10 21:10:16,FG2306,FG2306,1850.0,0.0,0.0,0.0,11,1849.0,1850.0,6,1856.0,1858.0,1864.0,1840.0,2636.0,4889780.0,49897
2023-05-10 21:10:18,FG2306,FG2306,1849.0,11.0,20405.0,6.0,53,1848.0,1850.0,5,1856.0,1858.0,1864.0,1840.0,2647.0,4910185.0,49903
2023-05-10 21:10:18,FG2306,FG2306,1849.0,0.0,0.0,0.0,52,1848.0,1850.0,5,1856.0,1858.0,1864.0,1840.0,2647.0,4910185.0,49903
2023-05-10 21:10:18,FG2306,FG2306,1849.0,0.0,0.0,0.0,15,1849.0,1850.0,5,1856.0,1858.0,1864.0,1840.0,2647.0,4910185.0,49903
2023-05-10 21:10:22,FG2306,FG2306,1849.0,0.0,0.0,0.0,15,1849.0,1850.0,7,1856.0,1858.0,1864.0,1840.0,2647.0,4910185.0,49903
2023-05-10 21:10:23,FG2306,FG2306,1849.0,1.0,1855.0,0.0,14,1849.0,1850.0,7,1856.0,1858.0,1864.0,1840.0,2648.0,4912040.0,49903
2023-05-10 21:10:25,FG2306,FG2306,1849.0,0.0,0.0,0.0,15,1849.0,1850.0,7,1856.0,1858.0,1864.0,1840.0,2648.0,4912040.0,49903
2023-05-10 21:10:30,FG2306,FG2306,1849.0,1.0,1855.0,1.0,14,1849.0,1850.0,7,1856.0,1858.0,1864.0,1840.0,2649.0,4913895.0,49904
2023-05-10 21:10:31,FG2306,FG2306,1850.0,8.0,14840.0,-2.0,2,1850.0,1851.0,65,1856.0,1858.0,1864.0,1840.0,2657.0,4928735.0,49902
2023-05-10 21:10:31,FG2306,FG2306,1850.0,0.0,0.0,0.0,3,1850.0,1851.0,65,1856.0,1858.0,1864.0,1840.0,2657.0,4928735.0,49902
2023-05-10 21:10:31,FG2306,FG2306,1850.0,0.0,0.0,0.0,2,1850.0,1851.0,65,1856.0,1858.0,1864.0,1840.0,2657.0,4928735.0,49902
2023-05-10 21:10:32,FG2306,FG2306,1850.0,0.0,0.0,0.0,4,1850.0,1851.0,65,1856.0,1858.0,1864.0,1840.0,2657.0,4928735.0,49902
2023-05-10 21:10:34,FG2306,FG2306,1851.0,2.0,3710.0,-1.0,4,1850.0,1851.0,64,1856.0,1858.0,1864.0,1840.0,2659.0,4932445.0,49901
2023-05-10 21:10:35,FG2306,FG2306,1850.0,1.0,1855.0,0.0,3,1850.0,1851.0,64,1856.0,1858.0,1864.0,1840.0,2660.0,4934300.0,49901
2023-05-10 21:10:38,FG2306,FG2306,1850.0,0.0,0.0,0.0,3,1850.0,1851.0,4,1856.0,1858.0,1864.0,1840.0,2660.0,4934300.0,49901
2023-05-10 21:10:40,FG2306,FG2306,1850.0,0.0,0.0,0.0,4,1850.0,1851.0,5,1856.0,1858.0,1864.0,1840.0,2660.0,4934300.0,49901
2023-05-10 21:10:42,FG2306,FG2306,1851.0,2.0,3710.0,0.0,4,1850.0,1851.0,3,1856.0,1858.0,1864.0,1840.0,2662.0,4938010.0,49901
2023-05-10 21:10:42,FG2306,FG2306,1851.0,1.0,1855.0,0.0,6,1850.0,1851.0,2,1856.0,1858.0,1864.0,1840.0,2663.0,4939865.0,49901
2023-05-10 21:10:43,FG2306,FG2306,1851.0,1.0,1855.0,1.0,6,1850.0,1851.0,1,1856.0,1858.0,1864.0,1840.0,2664.0,4941720.0,49902
2023-05-10 21:10:45,FG2306,FG2306,1851.0,1.0,1855.0,1.0,6,1850.0,1852.0,5,1856.0,1858.0,1864.0,1840.0,2665.0,4943575.0,49903
2023-05-10 21:10:46,FG2306,FG2306,1851.0,0.0,0.0,0.0,7,1850.0,1852.0,5,1856.0,1858.0,1864.0,1840.0,2665.0,4943575.0,49903
2023-05-10 21:10:47,FG2306,FG2306,1851.0,0.0,0.0,0.0,8,1850.0,1852.0,4,1856.0,1858.0,1864.0,1840.0,2665.0,4943575.0,49903
2023-05-10 21:10:48,FG2306,FG2306,1851.0,0.0,0.0,0.0,7,1850.0,1852.0,4,1856.0,1858.0,1864.0,1840.0,2665.0,4943575.0,49903
2023-05-10 21:10:48,FG2306,FG2306,1852.0,3.0,5565.0,3.0,7,1850.0,1852.0,1,1856.0,1858.0,1864.0,1840.0,2668.0,4949140.0,49906
2023-05-10 21:10:48,FG2306,FG2306,1852.0,0.0,0.0,0.0,3,1851.0,1852.0,1,1856.0,1858.0,1864.0,1840.0,2668.0,4949140.0,49906
2023-05-10 21:10:51,FG2306,FG2306,1852.0,5.0,9275.0,-3.0,3,1851.0,1853.0,121,1856.0,1858.0,1864.0,1840.0,2673.0,4958415.0,49903
2023-05-10 21:10:52,FG2306,FG2306,1852.0,8.0,14840.0,5.0,9,1852.0,1853.0,121,1856.0,1858.0,1864.0,1840.0,2681.0,4973255.0,49908
2023-05-10 21:10:52,FG2306,FG2306,1852.0,9.0,16695.0,9.0,2,1851.0,1853.0,120,1856.0,1858.0,1864.0,1840.0,2690.0,4989950.0,49917
2023-05-10 21:10:53,FG2306,FG2306,1853.0,5.0,9275.0,4.0,4,1851.0,1853.0,116,1856.0,1858.0,1864.0,1840.0,2695.0,4999225.0,49921
2023-05-10 21:10:53,FG2306,FG2306,1853.0,0.0,0.0,0.0,4,1851.0,1853.0,117,1856.0,1858.0,1864.0,1840.0,2695.0,4999225.0,49921
2023-05-10 21:10:54,FG2306,FG2306,1853.0,0.0,0.0,0.0,3,1851.0,1853.0,117,1856.0,1858.0,1864.0,1840.0,2695.0,4999225.0,49921
2023-05-10 21:10:54,FG2306,FG2306,1853.0,0.0,0.0,0.0,4,1851.0,1853.0,117,1856.0,1858.0,1864.0,1840.0,2695.0,4999225.0,49921
2023-05-10 21:10:56,FG2306,FG2306,1851.0,1.0,1855.0,1.0,4,1851.0,1853.0,117,1856.0,1858.0,1864.0,1840.0,2696.0,5001080.0,49922
2023-05-10 21:10:56,FG2306,FG2306,1851.0,0.0,0.0,0.0,4,1851.0,1852.0,5,1856.0,1858.0,1864.0,1840.0,2696.0,5001080.0,49922
2023-05-10 21:10:57,FG2306,FG2306,1851.0,0.0,0.0,0.0,5,1851.0,1852.0,5,1856.0,1858.0,1864.0,1840.0,2696.0,5001080.0,49922
2023-05-10 21:11:01,FG2306,FG2306,1851.0,0.0,0.0,0.0,3,1851.0,1852.0,6,1856.0,1858.0,1864.0,1840.0,2696.0,5001080.0,49922
2023-05-10 21:11:01,FG2306,FG2306,1851.0,3.0,5565.0,1.0,7,1850.0,1851.0,3,1856.0,1858.0,1864.0,1840.0,2699.0,5006645.0,49923
2023-05-10 21:11:01,FG2306,FG2306,1851.0,0.0,0.0,0.0,7,1850.0,1852.0,8,1856.0,1858.0,1864.0,1840.0,2699.0,5006645.0,49923
2023-05-10 21:11:02,FG2306,FG2306,1851.0,0.0,0.0,0.0,7,1850.0,1852.0,23,1856.0,1858.0,1864.0,1840.0,2699.0,5006645.0,49923
2023-05-10 21:11:05,FG2306,FG2306,1851.0,0.0,0.0,0.0,3,1851.0,1852.0,22,1856.0,1858.0,1864.0,1840.0,2699.0,5006645.0,49923
2023-05-10 21:11:05,FG2306,FG2306,1851.0,3.0,5565.0,0.0,3,1851.0,1852.0,22,1856.0,1858.0,1864.0,1840.0,2702.0,5012210.0,49923
2023-05-10 21:11:05,FG2306,FG2306,1851.0,3.0,5565.0,0.0,8,1850.0,1852.0,22,1856.0,1858.0,1864.0,1840.0,2705.0,5017775.0,49923
2023-05-10 21:11:07,FG2306,FG2306,1850.0,1.0,1855.0,0.0,8,1850.0,1852.0,23,1856.0,1858.0,1864.0,1840.0,2706.0,5019630.0,49923
2023-05-10 21:11:08,FG2306,FG2306,1850.0,0.0,0.0,0.0,9,1850.0,1852.0,23,1856.0,1858.0,1864.0,1840.0,2706.0,5019630.0,49923
2023-05-10 21:11:10,FG2306,FG2306,1850.0,0.0,0.0,0.0,9,1850.0,1852.0,25,1856.0,1858.0,1864.0,1840.0,2706.0,5019630.0,49923
2023-05-10 21:11:10,FG2306,FG2306,1850.0,0.0,0.0,0.0,8,1850.0,1852.0,25,1856.0,1858.0,1864.0,1840.0,2706.0,5019630.0,49923
2023-05-10 21:11:11,FG2306,FG2306,1850.0,0.0,0.0,0.0,13,1850.0,1852.0,25,1856.0,1858.0,1864.0,1840.0,2706.0,5019630.0,49923
2023-05-10 21:11:13,FG2306,FG2306,1850.0,13.0,24115.0,11.0,17,1849.0,1851.0,6,1856.0,1858.0,1864.0,1840.0,2719.0,5043745.0,49934
2023-05-10 21:11:14,FG2306,FG2306,1851.0,1.0,1855.0,1.0,17,1849.0,1851.0,6,1856.0,1858.0,1864.0,1840.0,2720.0,5045600.0,49935
2023-05-10 21:11:14,FG2306,FG2306,1851.0,0.0,0.0,0.0,18,1849.0,1851.0,6,1856.0,1858.0,1864.0,1840.0,2720.0,5045600.0,49935
2023-05-10 21:11:15,FG2306,FG2306,1851.0,0.0,0.0,0.0,17,1849.0,1850.0,9,1856.0,1858.0,1864.0,1840.0,2720.0,5045600.0,49935
2023-05-10 21:11:16,FG2306,FG2306,1851.0,0.0,0.0,0.0,14,1849.0,1850.0,9,1856.0,1858.0,1864.0,1840.0,2720.0,5045600.0,49935
2023-05-10 21:11:16,FG2306,FG2306,1851.0,0.0,0.0,0.0,14,1849.0,1850.0,8,1856.0,1858.0,1864.0,1840.0,2720.0,5045600.0,49935
2023-05-10 21:11:21,FG2306,FG2306,1851.0,0.0,0.0,0.0,15,1849.0,1850.0,3,1856.0,1858.0,1864.0,1840.0,2720.0,5045600.0,49935
2023-05-10 21:11:21,FG2306,FG2306,1851.0,0.0,0.0,0.0,15,1849.0,1851.0,6,1856.0,1858.0,1864.0,1840.0,2720.0,5045600.0,49935
2023-05-10 21:11:24,FG2306,FG2306,1850.0,1.0,1855.0,0.0,1,1850.0,1851.0,5,1856.0,1858.0,1864.0,1840.0,2721.0,5047455.0,49935
2023-05-10 21:11:24,FG2306,FG2306,1850.0,1.0,1855.0,0.0,16,1849.0,1851.0,4,1856.0,1858.0,1864.0,1840.0,2722.0,5049310.0,49935
2023-05-10 21:11:27,FG2306,FG2306,1850.0,0.0,0.0,0.0,15,1849.0,1851.0,7,1856.0,1858.0,1864.0,1840.0,2722.0,5049310.0,49935
2023-05-10 21:11:28,FG2306,FG2306,1850.0,0.0,0.0,0.0,15,1849.0,1850.0,10,1856.0,1858.0,1864.0,1840.0,2722.0,5049310.0,49935
2023-05-10 21:11:28,FG2306,FG2306,1849.0,2.0,3710.0,0.0,13,1849.0,1850.0,10,1856.0,1858.0,1864.0,1840.0,2724.0,5053020.0,49935
2023-05-10 21:11:30,FG2306,FG2306,1850.0,6.0,11130.0,6.0,13,1849.0,1850.0,4,1856.0,1858.0,1864.0,1840.0,2730.0,5064150.0,49941
2023-05-10 21:11:32,FG2306,FG2306,1849.0,3.0,5565.0,1.0,13,1849.0,1850.0,6,1856.0,1858.0,1864.0,1840.0,2733.0,5069715.0,49942
2023-05-10 21:11:32,FG2306,FG2306,1849.0,0.0,0.0,0.0,14,1849.0,1850.0,10,1856.0,1858.0,1864.0,1840.0,2733.0,5069715.0,49942
2023-05-10 21:11:33,FG2306,FG2306,1849.0,0.0,0.0,0.0,14,1849.0,1850.0,9,1856.0,1858.0,1864.0,1840.0,2733.0,5069715.0,49942
2023-05-10 21:11:34,FG2306,FG2306,1849.0,0.0,0.0,0.0,14,1849.0,1850.0,11,1856.0,1858.0,1864.0,1840.0,2733.0,5069715.0,49942
2023-05-10 21:11:34,FG2306,FG2306,1849.0,0.0,0.0,0.0,14,1849.0,1850.0,16,1856.0,1858.0,1864.0,1840.0,2733.0,5069715.0,49942
2023-05-10 21:11:35,FG2306,FG2306,1849.0,0.0,0.0,0.0,14,1849.0,1850.0,17,1856.0,1858.0,1864.0,1840.0,2733.0,5069715.0,49942
2023-05-10 21:11:35,FG2306,FG2306,1849.0,0.0,0.0,0.0,14,1849.0,1850.0,16,1856.0,1858.0,1864.0,1840.0,2733.0,5069715.0,49942
2023-05-10 21:11:36,FG2306,FG2306,1849.0,0.0,0.0,0.0,14,1849.0,1850.0,19,1856.0,1858.0,1864.0,1840.0,2733.0,5069715.0,49942
2023-05-10 21:11:37,FG2306,FG2306,1849.0,14.0,25970.0,8.0,44,1848.0,1850.0,16,1856.0,1858.0,1864.0,1840.0,2747.0,5095685.0,49950
2023-05-10 21:11:37,FG2306,FG2306,1849.0,0.0,0.0,0.0,44,1848.0,1850.0,19,1856.0,1858.0,1864.0,1840.0,2747.0,5095685.0,49950
2023-05-10 21:11:39,FG2306,FG2306,1849.0,0.0,0.0,0.0,44,1848.0,1849.0,1,1856.0,1858.0,1864.0,1840.0,2747.0,5095685.0,49950
2023-05-10 21:11:39,FG2306,FG2306,1849.0,0.0,0.0,0.0,45,1848.0,1849.0,4,1856.0,1858.0,1864.0,1840.0,2747.0,5095685.0,49950
2023-05-10 21:11:39,FG2306,FG2306,1849.0,0.0,0.0,0.0,44,1848.0,1849.0,4,1856.0,1858.0,1864.0,1840.0,2747.0,5095685.0,49950
2023-05-10 21:11:40,FG2306,FG2306,1848.0,1.0,1855.0,-1.0,43,1848.0,1849.0,4,1856.0,1858.0,1864.0,1840.0,2748.0,5097540.0,49949
2023-05-10 21:11:43,FG2306,FG2306,1848.0,43.0,79765.0,2.0,18,1847.0,1849.0,4,1856.0,1858.0,1864.0,1840.0,2791.0,5177305.0,49951
2023-05-10 21:11:43,FG2306,FG2306,1848.0,0.0,0.0,0.0,18,1847.0,1849.0,14,1856.0,1858.0,1864.0,1840.0,2791.0,5177305.0,49951
2023-05-10 21:11:44,FG2306,FG2306,1848.0,1.0,1855.0,-1.0,19,1847.0,1849.0,5,1856.0,1858.0,1864.0,1840.0,2792.0,5179160.0,49950
2023-05-10 21:11:44,FG2306,FG2306,1848.0,0.0,0.0,0.0,19,1847.0,1849.0,14,1856.0,1858.0,1864.0,1840.0,2792.0,5179160.0,49950
2023-05-10 21:11:45,FG2306,FG2306,1848.0,0.0,0.0,0.0,19,1847.0,1849.0,4,1856.0,1858.0,1864.0,1840.0,2792.0,5179160.0,49950
2023-05-10 21:11:46,FG2306,FG2306,1847.0,5.0,9275.0,-4.0,14,1847.0,1849.0,4,1856.0,1858.0,1864.0,1840.0,2797.0,5188435.0,49946
2023-05-10 21:11:47,FG2306,FG2306,1847.0,0.0,0.0,0.0,1,1848.0,1849.0,4,1856.0,1858.0,1864.0,1840.0,2797.0,5188435.0,49946
2023-05-10 21:11:48,FG2306,FG2306,1848.0,3.0,5565.0,-3.0,10,1848.0,1849.0,4,1856.0,1858.0,1864.0,1840.0,2800.0,5194000.0,49943
2023-05-10 21:11:48,FG2306,FG2306,1848.0,0.0,0.0,0.0,11,1848.0,1849.0,4,1856.0,1858.0,1864.0,1840.0,2800.0,5194000.0,49943
2023-05-10 21:11:49,FG2306,FG2306,1848.0,0.0,0.0,0.0,10,1848.0,1849.0,4,1856.0,1858.0,1864.0,1840.0,2800.0,5194000.0,49943
2023-05-10 21:11:50,FG2306,FG2306,1848.0,0.0,0.0,0.0,10,1848.0,1849.0,5,1856.0,1858.0,1864.0,1840.0,2800.0,5194000.0,49943
2023-05-10 21:11:51,FG2306,FG2306,1848.0,0.0,0.0,0.0,11,1848.0,1849.0,6,1856.0,1858.0,1864.0,1840.0,2800.0,5194000.0,49943
2023-05-10 21:11:51,FG2306,FG2306,1848.0,0.0,0.0,0.0,11,1848.0,1849.0,7,1856.0,1858.0,1864.0,1840.0,2800.0,5194000.0,49943
2023-05-10 21:11:52,FG2306,FG2306,1848.0,1.0,1855.0,0.0,10,1848.0,1849.0,8,1856.0,1858.0,1864.0,1840.0,2801.0,5195855.0,49943
2023-05-10 21:11:53,FG2306,FG2306,1848.0,1.0,1855.0,1.0,10,1848.0,1849.0,8,1856.0,1858.0,1864.0,1840.0,2802.0,5197710.0,49944
2023-05-10 21:11:53,FG2306,FG2306,1848.0,0.0,0.0,0.0,10,1848.0,1849.0,7,1856.0,1858.0,1864.0,1840.0,2802.0,5197710.0,49944
2023-05-10 21:11:54,FG2306,FG2306,1848.0,0.0,0.0,0.0,11,1848.0,1849.0,7,1856.0,1858.0,1864.0,1840.0,2802.0,5197710.0,49944
2023-05-10 21:11:55,FG2306,FG2306,1848.0,10.0,18550.0,7.0,15,1847.0,1848.0,3,1856.0,1858.0,1864.0,1840.0,2812.0,5216260.0,49951
2023-05-10 21:11:55,FG2306,FG2306,1848.0,3.0,5565.0,3.0,1,1848.0,1849.0,7,1856.0,1858.0,1864.0,1840.0,2815.0,5221825.0,49954
2023-05-10 21:11:56,FG2306,FG2306,1848.0,1.0,1855.0,0.0,15,1847.0,1849.0,7,1856.0,1858.0,1864.0,1840.0,2816.0,5223680.0,49954
2023-05-10 21:11:56,FG2306,FG2306,1848.0,0.0,0.0,0.0,1,1848.0,1849.0,7,1856.0,1858.0,1864.0,1840.0,2816.0,5223680.0,49954
2023-05-10 21:11:57,FG2306,FG2306,1848.0,0.0,0.0,0.0,19,1847.0,1849.0,7,1856.0,1858.0,1864.0,1840.0,2816.0,5223680.0,49954
2023-05-10 21:12:02,FG2306,FG2306,1848.0,0.0,0.0,0.0,20,1847.0,1848.0,1,1856.0,1858.0,1864.0,1840.0,2816.0,5223680.0,49954
2023-05-10 21:12:02,FG2306,FG2306,1848.0,0.0,0.0,0.0,31,1847.0,1848.0,1,1856.0,1858.0,1864.0,1840.0,2816.0,5223680.0,49954
2023-05-10 21:12:03,FG2306,FG2306,1848.0,1.0,1855.0,1.0,31,1847.0,1849.0,7,1856.0,1858.0,1864.0,1840.0,2817.0,5225535.0,49955
2023-05-10 21:12:04,FG2306,FG2306,1847.0,21.0,38955.0,-7.0,22,1847.0,1849.0,7,1856.0,1858.0,1864.0,1840.0,2838.0,5264490.0,49948
2023-05-10 21:12:05,FG2306,FG2306,1847.0,0.0,0.0,0.0,3,1848.0,1849.0,7,1856.0,1858.0,1864.0,1840.0,2838.0,5264490.0,49948
2023-05-10 21:12:05,FG2306,FG2306,1847.0,1.0,1855.0,-1.0,8,1848.0,1849.0,6,1856.0,1858.0,1864.0,1840.0,2839.0,5266345.0,49947
2023-05-10 21:12:06,FG2306,FG2306,1847.0,9.0,16695.0,4.0,17,1847.0,1849.0,6,1856.0,1858.0,1864.0,1840.0,2848.0,5283040.0,49951
2023-05-10 21:12:07,FG2306,FG2306,1847.0,0.0,0.0,0.0,17,1847.0,1849.0,16,1856.0,1858.0,1864.0,1840.0,2848.0,5283040.0,49951
2023-05-10 21:12:08,FG2306,FG2306,1847.0,0.0,0.0,0.0,17,1847.0,1849.0,6,1856.0,1858.0,1864.0,1840.0,2848.0,5283040.0,49951
2023-05-10 21:12:09,FG2306,FG2306,1848.0,6.0,11130.0,5.0,17,1847.0,1849.0,5,1856.0,1858.0,1864.0,1840.0,2854.0,5294170.0,49956
2023-05-10 21:12:09,FG2306,FG2306,1848.0,0.0,0.0,0.0,20,1847.0,1849.0,5,1856.0,1858.0,1864.0,1840.0,2854.0,5294170.0,49956
2023-05-10 21:12:10,FG2306,FG2306,1848.0,0.0,0.0,0.0,3,1848.0,1849.0,4,1856.0,1858.0,1864.0,1840.0,2854.0,5294170.0,49956
2023-05-10 21:12:11,FG2306,FG2306,1849.0,2.0,3710.0,0.0,3,1848.0,1850.0,74,1856.0,1858.0,1864.0,1840.0,2856.0,5297880.0,49956
2023-05-10 21:12:12,FG2306,FG2306,1849.0,0.0,0.0,0.0,8,1848.0,1849.0,1,1856.0,1858.0,1864.0,1840.0,2856.0,5297880.0,49956
2023-05-10 21:12:12,FG2306,FG2306,1849.0,0.0,0.0,0.0,9,1848.0,1850.0,74,1856.0,1858.0,1864.0,1840.0,2856.0,5297880.0,49956
2023-05-10 21:12:14,FG2306,FG2306,1849.0,0.0,0.0,0.0,10,1848.0,1850.0,74,1856.0,1858.0,1864.0,1840.0,2856.0,5297880.0,49956
2023-05-10 21:12:15,FG2306,FG2306,1849.0,0.0,0.0,0.0,11,1848.0,1850.0,74,1856.0,1858.0,1864.0,1840.0,2856.0,5297880.0,49956
2023-05-10 21:12:17,FG2306,FG2306,1849.0,0.0,0.0,0.0,12,1848.0,1850.0,74,1856.0,1858.0,1864.0,1840.0,2856.0,5297880.0,49956
2023-05-10 21:12:17,FG2306,FG2306,1849.0,0.0,0.0,0.0,13,1848.0,1850.0,74,1856.0,1858.0,1864.0,1840.0,2856.0,5297880.0,49956
2023-05-10 21:12:17,FG2306,FG2306,1849.0,0.0,0.0,0.0,3,1849.0,1850.0,74,1856.0,1858.0,1864.0,1840.0,2856.0,5297880.0,49956
2023-05-10 21:12:20,FG2306,FG2306,1849.0,1.0,1855.0,0.0,2,1849.0,1850.0,74,1856.0,1858.0,1864.0,1840.0,2857.0,5299735.0,49956
2023-05-10 21:12:21,FG2306,FG2306,1849.0,2.0,3710.0,-1.0,18,1848.0,1849.0,2,1856.0,1858.0,1864.0,1840.0,2859.0,5303445.0,49955
2023-05-10 21:12:21,FG2306,FG2306,1849.0,4.0,7420.0,-3.0,17,1848.0,1850.0,74,1856.0,1858.0,1864.0,1840.0,2863.0,5310865.0,49952
2023-05-10 21:12:26,FG2306,FG2306,1849.0,0.0,0.0,0.0,1,1849.0,1850.0,74,1856.0,1858.0,1864.0,1840.0,2863.0,5310865.0,49952
2023-05-10 21:12:26,FG2306,FG2306,1849.0,0.0,0.0,0.0,2,1849.0,1850.0,74,1856.0,1858.0,1864.0,1840.0,2863.0,5310865.0,49952
2023-05-10 21:12:27,FG2306,FG2306,1849.0,2.0,3710.0,0.0,17,1848.0,1849.0,4,1856.0,1858.0,1864.0,1840.0,2865.0,5314575.0,49952
2023-05-10 21:12:28,FG2306,FG2306,1849.0,1.0,1855.0,0.0,17,1848.0,1849.0,6,1856.0,1858.0,1864.0,1840.0,2866.0,5316430.0,49952
2023-05-10 21:12:30,FG2306,FG2306,1849.0,1.0,1855.0,0.0,17,1848.0,1849.0,5,1856.0,1858.0,1864.0,1840.0,2867.0,5318285.0,49952
2023-05-10 21:12:31,FG2306,FG2306,1849.0,0.0,0.0,0.0,28,1848.0,1849.0,5,1856.0,1858.0,1864.0,1840.0,2867.0,5318285.0,49952
2023-05-10 21:12:31,FG2306,FG2306,1849.0,0.0,0.0,0.0,28,1848.0,1849.0,6,1856.0,1858.0,1864.0,1840.0,2867.0,5318285.0,49952
2023-05-10 21:12:40,FG2306,FG2306,1848.0,1.0,1855.0,-1.0,27,1848.0,1849.0,6,1856.0,1858.0,1864.0,1840.0,2868.0,5320140.0,49951
2023-05-10 21:12:41,FG2306,FG2306,1848.0,0.0,0.0,0.0,27,1848.0,1849.0,4,1856.0,1858.0,1864.0,1840.0,2868.0,5320140.0,49951
2023-05-10 21:12:43,FG2306,FG2306,1849.0,1.0,1855.0,1.0,27,1848.0,1849.0,3,1856.0,1858.0,1864.0,1840.0,2869.0,5321995.0,49952
2023-05-10 21:12:45,FG2306,FG2306,1848.0,3.0,5565.0,-3.0,24,1848.0,1849.0,3,1856.0,1858.0,1864.0,1840.0,2872.0,5327560.0,49949
2023-05-10 21:12:48,FG2306,FG2306,1849.0,1.0,1855.0,1.0,24,1848.0,1849.0,2,1856.0,1858.0,1864.0,1840.0,2873.0,5329415.0,49950
2023-05-10 21:12:50,FG2306,FG2306,1849.0,0.0,0.0,0.0,24,1848.0,1849.0,4,1856.0,1858.0,1864.0,1840.0,2873.0,5329415.0,49950
2023-05-10 21:12:51,FG2306,FG2306,1848.0,5.0,9275.0,2.0,19,1848.0,1849.0,2,1856.0,1858.0,1864.0,1840.0,2878.0,5338690.0,49952
2023-05-10 21:12:52,FG2306,FG2306,1848.0,0.0,0.0,0.0,20,1848.0,1849.0,2,1856.0,1858.0,1864.0,1840.0,2878.0,5338690.0,49952
2023-05-10 21:12:54,FG2306,FG2306,1848.0,0.0,0.0,0.0,20,1848.0,1849.0,3,1856.0,1858.0,1864.0,1840.0,2878.0,5338690.0,49952
2023-05-10 21:12:55,FG2306,FG2306,1848.0,0.0,0.0,0.0,21,1848.0,1849.0,3,1856.0,1858.0,1864.0,1840.0,2878.0,5338690.0,49952
2023-05-10 21:12:57,FG2306,FG2306,1849.0,3.0,5565.0,-1.0,22,1848.0,1850.0,72,1856.0,1858.0,1864.0,1840.0,2881.0,5344255.0,49951
2023-05-10 21:12:58,FG2306,FG2306,1849.0,2.0,3710.0,1.0,20,1848.0,1849.0,2,1856.0,1858.0,1864.0,1840.0,2883.0,5347965.0,49952
2023-05-10 21:12:58,FG2306,FG2306,1849.0,0.0,0.0,0.0,20,1848.0,1850.0,72,1856.0,1858.0,1864.0,1840.0,2883.0,5347965.0,49952
2023-05-10 21:13:00,FG2306,FG2306,1849.0,0.0,0.0,0.0,26,1848.0,1850.0,72,1856.0,1858.0,1864.0,1840.0,2883.0,5347965.0,49952
2023-05-10 21:13:05,FG2306,FG2306,1848.0,1.0,1855.0,0.0,25,1848.0,1850.0,72,1856.0,1858.0,1864.0,1840.0,2884.0,5349820.0,49952
2023-05-10 21:13:07,FG2306,FG2306,1848.0,1.0,1855.0,-1.0,44,1848.0,1850.0,72,1856.0,1858.0,1864.0,1840.0,2885.0,5351675.0,49951
2023-05-10 21:13:07,FG2306,FG2306,1850.0,1.0,1855.0,0.0,44,1848.0,1850.0,71,1856.0,1858.0,1864.0,1840.0,2886.0,5353530.0,49951
2023-05-10 21:13:11,FG2306,FG2306,1850.0,0.0,0.0,0.0,47,1848.0,1850.0,71,1856.0,1858.0,1864.0,1840.0,2886.0,5353530.0,49951
2023-05-10 21:13:15,FG2306,FG2306,1850.0,0.0,0.0,0.0,48,1848.0,1850.0,71,1856.0,1858.0,1864.0,1840.0,2886.0,5353530.0,49951
2023-05-10 21:13:16,FG2306,FG2306,1850.0,0.0,0.0,0.0,48,1848.0,1849.0,30,1856.0,1858.0,1864.0,1840.0,2886.0,5353530.0,49951
2023-05-10 21:13:17,FG2306,FG2306,1849.0,4.0,7420.0,-4.0,44,1848.0,1849.0,26,1856.0,1858.0,1864.0,1840.0,2890.0,5360950.0,49947
2023-05-10 21:13:17,FG2306,FG2306,1849.0,1.0,1855.0,0.0,44,1848.0,1849.0,25,1856.0,1858.0,1864.0,1840.0,2891.0,5362805.0,49947
2023-05-10 21:13:18,FG2306,FG2306,1849.0,2.0,3710.0,-1.0,44,1848.0,1849.0,23,1856.0,1858.0,1864.0,1840.0,2893.0,5366515.0,49946
2023-05-10 21:13:22,FG2306,FG2306,1849.0,1.0,1855.0,-1.0,44,1848.0,1849.0,30,1856.0,1858.0,1864.0,1840.0,2894.0,5368370.0,49945
2023-05-10 21:13:23,FG2306,FG2306,1849.0,0.0,0.0,0.0,43,1848.0,1849.0,30,1856.0,1858.0,1864.0,1840.0,2894.0,5368370.0,49945
2023-05-10 21:13:25,FG2306,FG2306,1849.0,1.0,1855.0,0.0,43,1848.0,1849.0,29,1856.0,1858.0,1864.0,1840.0,2895.0,5370225.0,49945
2023-05-10 21:13:28,FG2306,FG2306,1849.0,7.0,12985.0,-4.0,41,1848.0,1849.0,22,1856.0,1858.0,1864.0,1840.0,2902.0,5383210.0,49941
2023-05-10 21:13:30,FG2306,FG2306,1849.0,0.0,0.0,0.0,50,1848.0,1849.0,22,1856.0,1858.0,1864.0,1840.0,2902.0,5383210.0,49941
2023-05-10 21:13:31,FG2306,FG2306,1849.0,0.0,0.0,0.0,51,1848.0,1849.0,22,1856.0,1858.0,1864.0,1840.0,2902.0,5383210.0,49941
2023-05-10 21:13:36,FG2306,FG2306,1848.0,1.0,1855.0,1.0,50,1848.0,1849.0,22,1856.0,1858.0,1864.0,1840.0,2903.0,5385065.0,49942
2023-05-10 21:13:43,FG2306,FG2306,1848.0,1.0,1855.0,0.0,49,1848.0,1849.0,22,1856.0,1858.0,1864.0,1840.0,2904.0,5386920.0,49942
2023-05-10 21:13:43,FG2306,FG2306,1849.0,22.0,40810.0,-14.0,1,1849.0,1850.0,10,1856.0,1858.0,1864.0,1840.0,2926.0,5427730.0,49928
2023-05-10 21:13:45,FG2306,FG2306,1849.0,0.0,0.0,0.0,2,1849.0,1850.0,10,1856.0,1858.0,1864.0,1840.0,2926.0,5427730.0,49928
2023-05-10 21:13:48,FG2306,FG2306,1849.0,0.0,0.0,0.0,6,1849.0,1850.0,10,1856.0,1858.0,1864.0,1840.0,2926.0,5427730.0,49928
2023-05-10 21:13:49,FG2306,FG2306,1849.0,0.0,0.0,0.0,12,1849.0,1850.0,10,1856.0,1858.0,1864.0,1840.0,2926.0,5427730.0,49928
2023-05-10 21:14:03,FG2306,FG2306,1850.0,10.0,18550.0,-3.0,12,1849.0,1851.0,9,1856.0,1858.0,1864.0,1840.0,2936.0,5446280.0,49925
2023-05-10 21:14:03,FG2306,FG2306,1850.0,0.0,0.0,0.0,3,1850.0,1851.0,9,1856.0,1858.0,1864.0,1840.0,2936.0,5446280.0,49925
2023-05-10 21:14:05,FG2306,FG2306,1851.0,7.0,10042.0,-4.0,3,1851.0,1852.0,10,1856.0,1858.0,1864.0,1840.0,2943.0,5456322.0,49921
2023-05-10 21:14:06,FG2306,FG2306,1851.0,4.0,7416.0,3.0,3,1850.0,1851.0,1,1856.0,1858.0,1864.0,1840.0,2947.0,5463738.0,49924
