time,symbol_id,symbol_name,last,trade_volume,trade_amount,open_interest_change,bv1,bp1,ap1,av1,yesterday_close,today_open,today_high,today_low,volume,amount,open_interest
2023-05-10 19:12:58,FG2402,FG402,1542.0,0.0,0.0,0.0,0,0.0,0.0,0,1542.0,1548.0,0.0,0.0,0.0,0.0,4499
2023-05-10 20:59:00,FG2402,FG402,1542.0,0.0,0.0,0.0,1,1502.0,1604.0,20,1542.0,1548.0,0.0,0.0,0.0,0.0,4499
2023-05-10 21:00:00,FG2402,FG402,1542.0,0.0,0.0,0.0,2,1541.0,1550.0,1,1542.0,1548.0,0.0,0.0,0.0,0.0,4499
2023-05-10 21:00:00,FG2402,FG402,1542.0,0.0,0.0,0.0,2,1541.0,1550.0,2,1542.0,1548.0,0.0,0.0,0.0,0.0,4499
2023-05-10 21:00:01,FG2402,FG402,1542.0,0.0,0.0,0.0,1,1544.0,1549.0,1,1542.0,1548.0,0.0,0.0,0.0,0.0,4499
2023-05-10 21:00:01,FG2402,FG402,1542.0,0.0,0.0,0.0,1,1543.0,1550.0,2,1542.0,1548.0,0.0,0.0,0.0,0.0,4499
2023-05-10 21:00:02,FG2402,FG402,1542.0,0.0,0.0,0.0,1,1543.0,1548.0,1,1542.0,1548.0,0.0,0.0,0.0,0.0,4499
2023-05-10 21:00:02,FG2402,FG402,1542.0,0.0,0.0,0.0,1,1543.0,1548.0,4,1542.0,1548.0,0.0,0.0,0.0,0.0,4499
2023-05-10 21:00:03,FG2402,FG402,1542.0,0.0,0.0,0.0,1,1544.0,1548.0,3,1542.0,1548.0,0.0,0.0,0.0,0.0,4499
2023-05-10 21:00:04,FG2402,FG402,1542.0,0.0,0.0,0.0,1,1543.0,1548.0,3,1542.0,1548.0,0.0,0.0,0.0,0.0,4499
2023-05-10 21:00:05,FG2402,FG402,1542.0,0.0,0.0,0.0,1,1544.0,1548.0,3,1542.0,1548.0,0.0,0.0,0.0,0.0,4499
2023-05-10 21:00:06,FG2402,FG402,1542.0,0.0,0.0,0.0,1,1545.0,1548.0,3,1542.0,1548.0,0.0,0.0,0.0,0.0,4499
2023-05-10 21:00:07,FG2402,FG402,1542.0,0.0,0.0,0.0,1,1545.0,1548.0,1,1542.0,1548.0,0.0,0.0,0.0,0.0,4499
2023-05-10 21:00:08,FG2402,FG402,1542.0,0.0,0.0,0.0,1,1546.0,1548.0,1,1542.0,1548.0,0.0,0.0,0.0,0.0,4499
2023-05-10 21:00:09,FG2402,FG402,1542.0,0.0,0.0,0.0,1,1547.0,1548.0,1,1542.0,1548.0,0.0,0.0,0.0,0.0,4499
2023-05-10 21:00:10,FG2402,FG402,1542.0,0.0,0.0,0.0,1,1546.0,1548.0,2,1542.0,1548.0,0.0,0.0,0.0,0.0,4499
2023-05-10 21:00:11,FG2402,FG402,1542.0,0.0,0.0,0.0,1,1547.0,1548.0,2,1542.0,1548.0,0.0,0.0,0.0,0.0,4499
2023-05-10 21:00:12,FG2402,FG402,1548.0,1.0,1548.0,0.0,1,1545.0,1548.0,1,1542.0,1548.0,1548.0,1548.0,1.0,1548.0,4499
2023-05-10 21:00:13,FG2402,FG402,1548.0,0.0,0.0,0.0,1,1544.0,1548.0,1,1542.0,1548.0,1548.0,1548.0,1.0,1548.0,4499
2023-05-10 21:00:14,FG2402,FG402,1548.0,0.0,0.0,0.0,1,1545.0,1548.0,1,1542.0,1548.0,1548.0,1548.0,1.0,1548.0,4499
2023-05-10 21:00:15,FG2402,FG402,1548.0,0.0,0.0,0.0,1,1544.0,1548.0,1,1542.0,1548.0,1548.0,1548.0,1.0,1548.0,4499
2023-05-10 21:00:16,FG2402,FG402,1548.0,0.0,0.0,0.0,1,1545.0,1548.0,1,1542.0,1548.0,1548.0,1548.0,1.0,1548.0,4499
2023-05-10 21:00:17,FG2402,FG402,1548.0,0.0,0.0,0.0,1,1544.0,1548.0,1,1542.0,1548.0,1548.0,1548.0,1.0,1548.0,4499
2023-05-10 21:00:17,FG2402,FG402,1548.0,0.0,0.0,0.0,1,1544.0,1548.0,3,1542.0,1548.0,1548.0,1548.0,1.0,1548.0,4499
2023-05-10 21:00:18,FG2402,FG402,1548.0,0.0,0.0,0.0,1,1544.0,1548.0,1,1542.0,1548.0,1548.0,1548.0,1.0,1548.0,4499
2023-05-10 21:00:18,FG2402,FG402,1548.0,0.0,0.0,0.0,1,1545.0,1548.0,1,1542.0,1548.0,1548.0,1548.0,1.0,1548.0,4499
2023-05-10 21:00:19,FG2402,FG402,1548.0,0.0,0.0,0.0,1,1546.0,1548.0,1,1542.0,1548.0,1548.0,1548.0,1.0,1548.0,4499
2023-05-10 21:00:20,FG2402,FG402,1548.0,0.0,0.0,0.0,1,1547.0,1548.0,1,1542.0,1548.0,1548.0,1548.0,1.0,1548.0,4499
2023-05-10 21:00:21,FG2402,FG402,1548.0,0.0,0.0,0.0,1,1547.0,1550.0,5,1542.0,1548.0,1548.0,1548.0,1.0,1548.0,4499
2023-05-10 21:00:23,FG2402,FG402,1548.0,0.0,0.0,0.0,1,1549.0,1550.0,5,1542.0,1548.0,1548.0,1548.0,1.0,1548.0,4499
2023-05-10 21:00:24,FG2402,FG402,1548.0,0.0,0.0,0.0,1,1548.0,1550.0,5,1542.0,1548.0,1548.0,1548.0,1.0,1548.0,4499
2023-05-10 21:00:25,FG2402,FG402,1548.0,0.0,0.0,0.0,1,1547.0,1550.0,5,1542.0,1548.0,1548.0,1548.0,1.0,1548.0,4499
2023-05-10 21:00:26,FG2402,FG402,1548.0,0.0,0.0,0.0,1,1548.0,1550.0,5,1542.0,1548.0,1548.0,1548.0,1.0,1548.0,4499
2023-05-10 21:00:28,FG2402,FG402,1550.0,1.0,1550.0,-1.0,2,1549.0,1550.0,5,1542.0,1548.0,1550.0,1548.0,2.0,3098.0,4498
2023-05-10 21:00:28,FG2402,FG402,1550.0,0.0,0.0,0.0,2,1549.0,1551.0,1,1542.0,1548.0,1550.0,1548.0,2.0,3098.0,4498
2023-05-10 21:00:30,FG2402,FG402,1550.0,0.0,0.0,0.0,2,1550.0,1551.0,1,1542.0,1548.0,1550.0,1548.0,2.0,3098.0,4498
2023-05-10 21:00:30,FG2402,FG402,1550.0,0.0,0.0,0.0,2,1549.0,1551.0,1,1542.0,1548.0,1550.0,1548.0,2.0,3098.0,4498
2023-05-10 21:00:32,FG2402,FG402,1550.0,0.0,0.0,0.0,2,1550.0,1551.0,1,1542.0,1548.0,1550.0,1548.0,2.0,3098.0,4498
2023-05-10 21:00:34,FG2402,FG402,1550.0,0.0,0.0,0.0,2,1549.0,1551.0,1,1542.0,1548.0,1550.0,1548.0,2.0,3098.0,4498
2023-05-10 21:00:34,FG2402,FG402,1550.0,0.0,0.0,0.0,2,1549.0,1552.0,2,1542.0,1548.0,1550.0,1548.0,2.0,3098.0,4498
2023-05-10 21:00:35,FG2402,FG402,1550.0,0.0,0.0,0.0,2,1548.0,1552.0,2,1542.0,1548.0,1550.0,1548.0,2.0,3098.0,4498
2023-05-10 21:00:36,FG2402,FG402,1550.0,0.0,0.0,0.0,2,1549.0,1552.0,2,1542.0,1548.0,1550.0,1548.0,2.0,3098.0,4498
2023-05-10 21:00:37,FG2402,FG402,1550.0,0.0,0.0,0.0,2,1549.0,1552.0,1,1542.0,1548.0,1550.0,1548.0,2.0,3098.0,4498
2023-05-10 21:00:40,FG2402,FG402,1550.0,0.0,0.0,0.0,2,1550.0,1552.0,1,1542.0,1548.0,1550.0,1548.0,2.0,3098.0,4498
2023-05-10 21:00:40,FG2402,FG402,1550.0,0.0,0.0,0.0,2,1551.0,1552.0,1,1542.0,1548.0,1550.0,1548.0,2.0,3098.0,4498
2023-05-10 21:00:42,FG2402,FG402,1550.0,0.0,0.0,0.0,2,1550.0,1552.0,1,1542.0,1548.0,1550.0,1548.0,2.0,3098.0,4498
2023-05-10 21:00:43,FG2402,FG402,1550.0,0.0,0.0,0.0,2,1550.0,1553.0,1,1542.0,1548.0,1550.0,1548.0,2.0,3098.0,4498
2023-05-10 21:00:44,FG2402,FG402,1550.0,0.0,0.0,0.0,2,1551.0,1553.0,1,1542.0,1548.0,1550.0,1548.0,2.0,3098.0,4498
2023-05-10 21:00:45,FG2402,FG402,1550.0,0.0,0.0,0.0,2,1552.0,1553.0,1,1542.0,1548.0,1550.0,1548.0,2.0,3098.0,4498
2023-05-10 21:00:47,FG2402,FG402,1553.0,1.0,1552.0,-1.0,1,1553.0,1556.0,1,1542.0,1548.0,1553.0,1548.0,3.0,4650.0,4497
2023-05-10 21:00:49,FG2402,FG402,1553.0,0.0,0.0,0.0,1,1553.0,1555.0,1,1542.0,1548.0,1553.0,1548.0,3.0,4650.0,4497
2023-05-10 21:00:51,FG2402,FG402,1553.0,0.0,0.0,0.0,1,1551.0,1555.0,1,1542.0,1548.0,1553.0,1548.0,3.0,4650.0,4497
2023-05-10 21:00:54,FG2402,FG402,1553.0,0.0,0.0,0.0,1,1552.0,1555.0,1,1542.0,1548.0,1553.0,1548.0,3.0,4650.0,4497
2023-05-10 21:00:54,FG2402,FG402,1553.0,0.0,0.0,0.0,1,1551.0,1555.0,1,1542.0,1548.0,1553.0,1548.0,3.0,4650.0,4497
2023-05-10 21:00:55,FG2402,FG402,1553.0,0.0,0.0,0.0,1,1551.0,1556.0,2,1542.0,1548.0,1553.0,1548.0,3.0,4650.0,4497
2023-05-10 21:00:55,FG2402,FG402,1553.0,0.0,0.0,0.0,1,1551.0,1556.0,4,1542.0,1548.0,1553.0,1548.0,3.0,4650.0,4497
2023-05-10 21:00:56,FG2402,FG402,1553.0,0.0,0.0,0.0,1,1552.0,1556.0,3,1542.0,1548.0,1553.0,1548.0,3.0,4650.0,4497
2023-05-10 21:00:57,FG2402,FG402,1553.0,0.0,0.0,0.0,1,1551.0,1556.0,2,1542.0,1548.0,1553.0,1548.0,3.0,4650.0,4497
2023-05-10 21:00:57,FG2402,FG402,1553.0,0.0,0.0,0.0,1,1551.0,1556.0,4,1542.0,1548.0,1553.0,1548.0,3.0,4650.0,4497
2023-05-10 21:00:58,FG2402,FG402,1553.0,0.0,0.0,0.0,1,1553.0,1556.0,3,1542.0,1548.0,1553.0,1548.0,3.0,4650.0,4497
2023-05-10 21:00:58,FG2402,FG402,1553.0,0.0,0.0,0.0,1,1552.0,1556.0,1,1542.0,1548.0,1553.0,1548.0,3.0,4650.0,4497
2023-05-10 21:01:02,FG2402,FG402,1553.0,0.0,0.0,0.0,1,1553.0,1557.0,1,1542.0,1548.0,1553.0,1548.0,3.0,4650.0,4497
2023-05-10 21:01:02,FG2402,FG402,1553.0,0.0,0.0,0.0,1,1553.0,1556.0,4,1542.0,1548.0,1553.0,1548.0,3.0,4650.0,4497
2023-05-10 21:01:03,FG2402,FG402,1553.0,0.0,0.0,0.0,1,1552.0,1556.0,4,1542.0,1548.0,1553.0,1548.0,3.0,4650.0,4497
2023-05-10 21:01:04,FG2402,FG402,1553.0,0.0,0.0,0.0,1,1551.0,1555.0,2,1542.0,1548.0,1553.0,1548.0,3.0,4650.0,4497
2023-05-10 21:01:04,FG2402,FG402,1553.0,0.0,0.0,0.0,1,1551.0,1555.0,4,1542.0,1548.0,1553.0,1548.0,3.0,4650.0,4497
2023-05-10 21:01:05,FG2402,FG402,1553.0,0.0,0.0,0.0,1,1551.0,1554.0,2,1542.0,1548.0,1553.0,1548.0,3.0,4650.0,4497
2023-05-10 21:01:05,FG2402,FG402,1553.0,0.0,0.0,0.0,1,1551.0,1554.0,3,1542.0,1548.0,1553.0,1548.0,3.0,4650.0,4497
2023-05-10 21:01:06,FG2402,FG402,1553.0,0.0,0.0,0.0,1,1552.0,1554.0,3,1542.0,1548.0,1553.0,1548.0,3.0,4650.0,4497
2023-05-10 21:01:06,FG2402,FG402,1553.0,0.0,0.0,0.0,1,1550.0,1555.0,3,1542.0,1548.0,1553.0,1548.0,3.0,4650.0,4497
2023-05-10 21:01:07,FG2402,FG402,1553.0,0.0,0.0,0.0,1,1554.0,1555.0,2,1542.0,1548.0,1553.0,1548.0,3.0,4650.0,4497
2023-05-10 21:01:08,FG2402,FG402,1553.0,0.0,0.0,0.0,1,1554.0,1555.0,3,1542.0,1548.0,1553.0,1548.0,3.0,4650.0,4497
2023-05-10 21:01:08,FG2402,FG402,1553.0,0.0,0.0,0.0,1,1554.0,1555.0,2,1542.0,1548.0,1553.0,1548.0,3.0,4650.0,4497
2023-05-10 21:01:09,FG2402,FG402,1553.0,0.0,0.0,0.0,1,1550.0,1555.0,2,1542.0,1548.0,1553.0,1548.0,3.0,4650.0,4497
2023-05-10 21:01:10,FG2402,FG402,1553.0,0.0,0.0,0.0,1,1550.0,1555.0,3,1542.0,1548.0,1553.0,1548.0,3.0,4650.0,4497
2023-05-10 21:01:11,FG2402,FG402,1553.0,0.0,0.0,0.0,1,1551.0,1555.0,3,1542.0,1548.0,1553.0,1548.0,3.0,4650.0,4497
2023-05-10 21:01:12,FG2402,FG402,1553.0,0.0,0.0,0.0,2,1550.0,1555.0,4,1542.0,1548.0,1553.0,1548.0,3.0,4650.0,4497
2023-05-10 21:01:14,FG2402,FG402,1553.0,0.0,0.0,0.0,1,1551.0,1555.0,3,1542.0,1548.0,1553.0,1548.0,3.0,4650.0,4497
2023-05-10 21:01:16,FG2402,FG402,1553.0,0.0,0.0,0.0,1,1551.0,1555.0,4,1542.0,1548.0,1553.0,1548.0,3.0,4650.0,4497
2023-05-10 21:01:18,FG2402,FG402,1553.0,0.0,0.0,0.0,1,1551.0,1555.0,3,1542.0,1548.0,1553.0,1548.0,3.0,4650.0,4497
2023-05-10 21:01:19,FG2402,FG402,1553.0,0.0,0.0,0.0,1,1551.0,1555.0,4,1542.0,1548.0,1553.0,1548.0,3.0,4650.0,4497
2023-05-10 21:01:19,FG2402,FG402,1553.0,0.0,0.0,0.0,1,1551.0,1555.0,3,1542.0,1548.0,1553.0,1548.0,3.0,4650.0,4497
2023-05-10 21:01:20,FG2402,FG402,1553.0,0.0,0.0,0.0,1,1551.0,1555.0,4,1542.0,1548.0,1553.0,1548.0,3.0,4650.0,4497
2023-05-10 21:01:21,FG2402,FG402,1553.0,0.0,0.0,0.0,1,1551.0,1555.0,3,1542.0,1548.0,1553.0,1548.0,3.0,4650.0,4497
2023-05-10 21:01:22,FG2402,FG402,1553.0,0.0,0.0,0.0,1,1551.0,1555.0,4,1542.0,1548.0,1553.0,1548.0,3.0,4650.0,4497
2023-05-10 21:01:22,FG2402,FG402,1553.0,0.0,0.0,0.0,1,1551.0,1555.0,3,1542.0,1548.0,1553.0,1548.0,3.0,4650.0,4497
2023-05-10 21:01:23,FG2402,FG402,1553.0,0.0,0.0,0.0,1,1551.0,1555.0,4,1542.0,1548.0,1553.0,1548.0,3.0,4650.0,4497
2023-05-10 21:01:25,FG2402,FG402,1553.0,0.0,0.0,0.0,1,1551.0,1555.0,5,1542.0,1548.0,1553.0,1548.0,3.0,4650.0,4497
2023-05-10 21:01:25,FG2402,FG402,1553.0,0.0,0.0,0.0,1,1551.0,1555.0,4,1542.0,1548.0,1553.0,1548.0,3.0,4650.0,4497
2023-05-10 21:01:27,FG2402,FG402,1553.0,0.0,0.0,0.0,2,1551.0,1555.0,4,1542.0,1548.0,1553.0,1548.0,3.0,4650.0,4497
2023-05-10 21:01:27,FG2402,FG402,1553.0,0.0,0.0,0.0,1,1551.0,1555.0,3,1542.0,1548.0,1553.0,1548.0,3.0,4650.0,4497
2023-05-10 21:01:27,FG2402,FG402,1553.0,0.0,0.0,0.0,2,1551.0,1555.0,3,1542.0,1548.0,1553.0,1548.0,3.0,4650.0,4497
2023-05-10 21:01:28,FG2402,FG402,1553.0,0.0,0.0,0.0,2,1551.0,1554.0,1,1542.0,1548.0,1553.0,1548.0,3.0,4650.0,4497
2023-05-10 21:01:29,FG2402,FG402,1553.0,0.0,0.0,0.0,2,1551.0,1554.0,3,1542.0,1548.0,1553.0,1548.0,3.0,4650.0,4497
2023-05-10 21:01:33,FG2402,FG402,1553.0,0.0,0.0,0.0,2,1551.0,1554.0,2,1542.0,1548.0,1553.0,1548.0,3.0,4650.0,4497
2023-05-10 21:01:34,FG2402,FG402,1553.0,0.0,0.0,0.0,1,1551.0,1554.0,2,1542.0,1548.0,1553.0,1548.0,3.0,4650.0,4497
2023-05-10 21:01:37,FG2402,FG402,1553.0,0.0,0.0,0.0,2,1551.0,1554.0,2,1542.0,1548.0,1553.0,1548.0,3.0,4650.0,4497
2023-05-10 21:01:38,FG2402,FG402,1553.0,0.0,0.0,0.0,1,1551.0,1554.0,2,1542.0,1548.0,1553.0,1548.0,3.0,4650.0,4497
2023-05-10 21:01:40,FG2402,FG402,1553.0,0.0,0.0,0.0,2,1551.0,1554.0,2,1542.0,1548.0,1553.0,1548.0,3.0,4650.0,4497
2023-05-10 21:01:45,FG2402,FG402,1553.0,0.0,0.0,0.0,1,1552.0,1554.0,2,1542.0,1548.0,1553.0,1548.0,3.0,4650.0,4497
2023-05-10 21:01:48,FG2402,FG402,1553.0,0.0,0.0,0.0,1,1552.0,1555.0,2,1542.0,1548.0,1553.0,1548.0,3.0,4650.0,4497
2023-05-10 21:01:48,FG2402,FG402,1553.0,0.0,0.0,0.0,1,1552.0,1555.0,4,1542.0,1548.0,1553.0,1548.0,3.0,4650.0,4497
2023-05-10 21:01:50,FG2402,FG402,1553.0,0.0,0.0,0.0,1,1551.0,1555.0,4,1542.0,1548.0,1553.0,1548.0,3.0,4650.0,4497
2023-05-10 21:01:51,FG2402,FG402,1553.0,0.0,0.0,0.0,1,1552.0,1555.0,4,1542.0,1548.0,1553.0,1548.0,3.0,4650.0,4497
2023-05-10 21:01:51,FG2402,FG402,1553.0,0.0,0.0,0.0,1,1551.0,1554.0,1,1542.0,1548.0,1553.0,1548.0,3.0,4650.0,4497
2023-05-10 21:01:52,FG2402,FG402,1553.0,0.0,0.0,0.0,1,1551.0,1554.0,2,1542.0,1548.0,1553.0,1548.0,3.0,4650.0,4497
2023-05-10 21:01:52,FG2402,FG402,1553.0,0.0,0.0,0.0,1,1551.0,1555.0,4,1542.0,1548.0,1553.0,1548.0,3.0,4650.0,4497
2023-05-10 21:01:53,FG2402,FG402,1553.0,0.0,0.0,0.0,1,1551.0,1554.0,2,1542.0,1548.0,1553.0,1548.0,3.0,4650.0,4497
2023-05-10 21:01:55,FG2402,FG402,1553.0,0.0,0.0,0.0,1,1550.0,1554.0,2,1542.0,1548.0,1553.0,1548.0,3.0,4650.0,4497
2023-05-10 21:01:57,FG2402,FG402,1553.0,0.0,0.0,0.0,1,1550.0,1554.0,3,1542.0,1548.0,1553.0,1548.0,3.0,4650.0,4497
2023-05-10 21:02:01,FG2402,FG402,1553.0,0.0,0.0,0.0,1,1551.0,1554.0,3,1542.0,1548.0,1553.0,1548.0,3.0,4650.0,4497
2023-05-10 21:02:06,FG2402,FG402,1553.0,0.0,0.0,0.0,1,1551.0,1554.0,1,1542.0,1548.0,1553.0,1548.0,3.0,4650.0,4497
2023-05-10 21:02:09,FG2402,FG402,1553.0,0.0,0.0,0.0,1,1552.0,1555.0,3,1542.0,1548.0,1553.0,1548.0,3.0,4650.0,4497
2023-05-10 21:02:09,FG2402,FG402,1553.0,0.0,0.0,0.0,1,1552.0,1555.0,5,1542.0,1548.0,1553.0,1548.0,3.0,4650.0,4497
2023-05-10 21:02:11,FG2402,FG402,1553.0,0.0,0.0,0.0,1,1553.0,1555.0,5,1542.0,1548.0,1553.0,1548.0,3.0,4650.0,4497
2023-05-10 21:02:11,FG2402,FG402,1553.0,0.0,0.0,0.0,1,1553.0,1555.0,3,1542.0,1548.0,1553.0,1548.0,3.0,4650.0,4497
2023-05-10 21:02:13,FG2402,FG402,1553.0,0.0,0.0,0.0,1,1554.0,1555.0,3,1542.0,1548.0,1553.0,1548.0,3.0,4650.0,4497
2023-05-10 21:02:14,FG2402,FG402,1553.0,0.0,0.0,0.0,1,1555.0,1556.0,2,1542.0,1548.0,1553.0,1548.0,3.0,4650.0,4497
2023-05-10 21:02:15,FG2402,FG402,1553.0,0.0,0.0,0.0,1,1555.0,1557.0,2,1542.0,1548.0,1553.0,1548.0,3.0,4650.0,4497
2023-05-10 21:02:15,FG2402,FG402,1553.0,0.0,0.0,0.0,1,1556.0,1557.0,1,1542.0,1548.0,1553.0,1548.0,3.0,4650.0,4497
2023-05-10 21:02:16,FG2402,FG402,1553.0,0.0,0.0,0.0,1,1557.0,1558.0,2,1542.0,1548.0,1553.0,1548.0,3.0,4650.0,4497
2023-05-10 21:02:17,FG2402,FG402,1553.0,0.0,0.0,0.0,1,1557.0,1558.0,1,1542.0,1548.0,1553.0,1548.0,3.0,4650.0,4497
2023-05-10 21:02:17,FG2402,FG402,1558.0,1.0,1558.0,-1.0,1,1558.0,1559.0,1,1542.0,1548.0,1558.0,1548.0,4.0,6208.0,4496
2023-05-10 21:02:19,FG2402,FG402,1559.0,1.0,1562.0,0.0,1,1558.0,1560.0,1,1542.0,1548.0,1559.0,1548.0,5.0,7770.0,4496
2023-05-10 21:02:19,FG2402,FG402,1559.0,0.0,0.0,0.0,1,1559.0,1560.0,1,1542.0,1548.0,1559.0,1548.0,5.0,7770.0,4496
2023-05-10 21:02:21,FG2402,FG402,1560.0,1.0,1560.0,0.0,1,1559.0,1561.0,1,1542.0,1548.0,1560.0,1548.0,6.0,9330.0,4496
2023-05-10 21:02:21,FG2402,FG402,1560.0,0.0,0.0,0.0,1,1560.0,1561.0,1,1542.0,1548.0,1560.0,1548.0,6.0,9330.0,4496
2023-05-10 21:02:21,FG2402,FG402,1560.0,0.0,0.0,0.0,1,1559.0,1561.0,1,1542.0,1548.0,1560.0,1548.0,6.0,9330.0,4496
2023-05-10 21:02:24,FG2402,FG402,1560.0,0.0,0.0,0.0,1,1559.0,1561.0,2,1542.0,1548.0,1560.0,1548.0,6.0,9330.0,4496
2023-05-10 21:02:26,FG2402,FG402,1560.0,0.0,0.0,0.0,1,1558.0,1561.0,2,1542.0,1548.0,1560.0,1548.0,6.0,9330.0,4496
2023-05-10 21:02:27,FG2402,FG402,1560.0,0.0,0.0,0.0,1,1558.0,1560.0,1,1542.0,1548.0,1560.0,1548.0,6.0,9330.0,4496
2023-05-10 21:02:28,FG2402,FG402,1560.0,0.0,0.0,0.0,1,1558.0,1560.0,2,1542.0,1548.0,1560.0,1548.0,6.0,9330.0,4496
2023-05-10 21:02:30,FG2402,FG402,1560.0,0.0,0.0,0.0,1,1557.0,1560.0,2,1542.0,1548.0,1560.0,1548.0,6.0,9330.0,4496
2023-05-10 21:02:31,FG2402,FG402,1560.0,0.0,0.0,0.0,1,1556.0,1560.0,4,1542.0,1548.0,1560.0,1548.0,6.0,9330.0,4496
2023-05-10 21:02:36,FG2402,FG402,1560.0,0.0,0.0,0.0,1,1556.0,1559.0,1,1542.0,1548.0,1560.0,1548.0,6.0,9330.0,4496
2023-05-10 21:02:37,FG2402,FG402,1560.0,0.0,0.0,0.0,1,1556.0,1559.0,3,1542.0,1548.0,1560.0,1548.0,6.0,9330.0,4496
2023-05-10 21:02:38,FG2402,FG402,1560.0,0.0,0.0,0.0,1,1556.0,1559.0,4,1542.0,1548.0,1560.0,1548.0,6.0,9330.0,4496
2023-05-10 21:02:43,FG2402,FG402,1560.0,0.0,0.0,0.0,1,1556.0,1559.0,2,1542.0,1548.0,1560.0,1548.0,6.0,9330.0,4496
2023-05-10 21:02:43,FG2402,FG402,1560.0,0.0,0.0,0.0,1,1556.0,1559.0,4,1542.0,1548.0,1560.0,1548.0,6.0,9330.0,4496
2023-05-10 21:02:44,FG2402,FG402,1560.0,0.0,0.0,0.0,2,1555.0,1559.0,4,1542.0,1548.0,1560.0,1548.0,6.0,9330.0,4496
2023-05-10 21:02:46,FG2402,FG402,1560.0,0.0,0.0,0.0,1,1555.0,1559.0,5,1542.0,1548.0,1560.0,1548.0,6.0,9330.0,4496
2023-05-10 21:02:49,FG2402,FG402,1560.0,0.0,0.0,0.0,2,1555.0,1559.0,4,1542.0,1548.0,1560.0,1548.0,6.0,9330.0,4496
2023-05-10 21:02:49,FG2402,FG402,1560.0,0.0,0.0,0.0,1,1555.0,1559.0,5,1542.0,1548.0,1560.0,1548.0,6.0,9330.0,4496
2023-05-10 21:02:50,FG2402,FG402,1560.0,0.0,0.0,0.0,1,1555.0,1559.0,4,1542.0,1548.0,1560.0,1548.0,6.0,9330.0,4496
2023-05-10 21:02:50,FG2402,FG402,1560.0,0.0,0.0,0.0,1,1555.0,1559.0,5,1542.0,1548.0,1560.0,1548.0,6.0,9330.0,4496
2023-05-10 21:02:54,FG2402,FG402,1560.0,0.0,0.0,0.0,1,1555.0,1559.0,4,1542.0,1548.0,1560.0,1548.0,6.0,9330.0,4496
2023-05-10 21:02:54,FG2402,FG402,1560.0,0.0,0.0,0.0,2,1555.0,1559.0,4,1542.0,1548.0,1560.0,1548.0,6.0,9330.0,4496
2023-05-10 21:02:56,FG2402,FG402,1560.0,0.0,0.0,0.0,1,1555.0,1559.0,4,1542.0,1548.0,1560.0,1548.0,6.0,9330.0,4496
2023-05-10 21:03:03,FG2402,FG402,1560.0,0.0,0.0,0.0,1,1554.0,1559.0,5,1542.0,1548.0,1560.0,1548.0,6.0,9330.0,4496
2023-05-10 21:03:05,FG2402,FG402,1560.0,0.0,0.0,0.0,1,1556.0,1559.0,5,1542.0,1548.0,1560.0,1548.0,6.0,9330.0,4496
2023-05-10 21:03:12,FG2402,FG402,1560.0,0.0,0.0,0.0,1,1556.0,1559.0,4,1542.0,1548.0,1560.0,1548.0,6.0,9330.0,4496
2023-05-10 21:03:12,FG2402,FG402,1560.0,0.0,0.0,0.0,1,1554.0,1559.0,5,1542.0,1548.0,1560.0,1548.0,6.0,9330.0,4496
2023-05-10 21:03:18,FG2402,FG402,1560.0,0.0,0.0,0.0,1,1554.0,1559.0,4,1542.0,1548.0,1560.0,1548.0,6.0,9330.0,4496
2023-05-10 21:03:19,FG2402,FG402,1560.0,0.0,0.0,0.0,1,1554.0,1559.0,5,1542.0,1548.0,1560.0,1548.0,6.0,9330.0,4496
2023-05-10 21:03:21,FG2402,FG402,1560.0,0.0,0.0,0.0,1,1554.0,1558.0,1,1542.0,1548.0,1560.0,1548.0,6.0,9330.0,4496
2023-05-10 21:03:22,FG2402,FG402,1560.0,0.0,0.0,0.0,1,1554.0,1558.0,3,1542.0,1548.0,1560.0,1548.0,6.0,9330.0,4496
2023-05-10 21:03:31,FG2402,FG402,1560.0,0.0,0.0,0.0,1,1555.0,1558.0,1,1542.0,1548.0,1560.0,1548.0,6.0,9330.0,4496
2023-05-10 21:03:36,FG2402,FG402,1560.0,0.0,0.0,0.0,1,1554.0,1558.0,1,1542.0,1548.0,1560.0,1548.0,6.0,9330.0,4496
2023-05-10 21:03:36,FG2402,FG402,1560.0,0.0,0.0,0.0,1,1554.0,1558.0,3,1542.0,1548.0,1560.0,1548.0,6.0,9330.0,4496
2023-05-10 21:03:44,FG2402,FG402,1560.0,0.0,0.0,0.0,1,1554.0,1558.0,1,1542.0,1548.0,1560.0,1548.0,6.0,9330.0,4496
2023-05-10 21:03:47,FG2402,FG402,1560.0,0.0,0.0,0.0,1,1555.0,1558.0,1,1542.0,1548.0,1560.0,1548.0,6.0,9330.0,4496
2023-05-10 21:03:50,FG2402,FG402,1560.0,0.0,0.0,0.0,1,1554.0,1558.0,1,1542.0,1548.0,1560.0,1548.0,6.0,9330.0,4496
2023-05-10 21:03:50,FG2402,FG402,1560.0,0.0,0.0,0.0,1,1554.0,1558.0,3,1542.0,1548.0,1560.0,1548.0,6.0,9330.0,4496
2023-05-10 21:03:58,FG2402,FG402,1560.0,0.0,0.0,0.0,1,1553.0,1558.0,4,1542.0,1548.0,1560.0,1548.0,6.0,9330.0,4496
2023-05-10 21:03:59,FG2402,FG402,1560.0,0.0,0.0,0.0,1,1553.0,1558.0,3,1542.0,1548.0,1560.0,1548.0,6.0,9330.0,4496
2023-05-10 21:04:09,FG2402,FG402,1560.0,0.0,0.0,0.0,1,1553.0,1558.0,4,1542.0,1548.0,1560.0,1548.0,6.0,9330.0,4496
2023-05-10 21:04:16,FG2402,FG402,1558.0,3.0,4674.0,-1.0,1,1553.0,1558.0,3,1542.0,1548.0,1560.0,1548.0,9.0,14004.0,4495
2023-05-10 21:04:16,FG2402,FG402,1558.0,0.0,0.0,0.0,1,1554.0,1558.0,3,1542.0,1548.0,1560.0,1548.0,9.0,14004.0,4495
2023-05-10 21:04:28,FG2402,FG402,1558.0,0.0,0.0,0.0,1,1554.0,1558.0,4,1542.0,1548.0,1560.0,1548.0,9.0,14004.0,4495
2023-05-10 21:04:31,FG2402,FG402,1558.0,0.0,0.0,0.0,1,1553.0,1558.0,4,1542.0,1548.0,1560.0,1548.0,9.0,14004.0,4495
2023-05-10 21:04:32,FG2402,FG402,1558.0,0.0,0.0,0.0,1,1554.0,1558.0,4,1542.0,1548.0,1560.0,1548.0,9.0,14004.0,4495
2023-05-10 21:04:35,FG2402,FG402,1558.0,0.0,0.0,0.0,1,1553.0,1557.0,1,1542.0,1548.0,1560.0,1548.0,9.0,14004.0,4495
2023-05-10 21:04:35,FG2402,FG402,1558.0,0.0,0.0,0.0,1,1553.0,1557.0,3,1542.0,1548.0,1560.0,1548.0,9.0,14004.0,4495
2023-05-10 21:04:36,FG2402,FG402,1558.0,0.0,0.0,0.0,1,1554.0,1557.0,2,1542.0,1548.0,1560.0,1548.0,9.0,14004.0,4495
2023-05-10 21:04:37,FG2402,FG402,1558.0,0.0,0.0,0.0,1,1554.0,1558.0,4,1542.0,1548.0,1560.0,1548.0,9.0,14004.0,4495
2023-05-10 21:04:41,FG2402,FG402,1558.0,0.0,0.0,0.0,1,1553.0,1557.0,1,1542.0,1548.0,1560.0,1548.0,9.0,14004.0,4495
2023-05-10 21:04:41,FG2402,FG402,1558.0,0.0,0.0,0.0,1,1553.0,1557.0,3,1542.0,1548.0,1560.0,1548.0,9.0,14004.0,4495
2023-05-10 21:04:43,FG2402,FG402,1558.0,0.0,0.0,0.0,2,1553.0,1557.0,3,1542.0,1548.0,1560.0,1548.0,9.0,14004.0,4495
2023-05-10 21:04:47,FG2402,FG402,1558.0,0.0,0.0,0.0,2,1553.0,1557.0,2,1542.0,1548.0,1560.0,1548.0,9.0,14004.0,4495
2023-05-10 21:04:48,FG2402,FG402,1558.0,0.0,0.0,0.0,1,1555.0,1558.0,4,1542.0,1548.0,1560.0,1548.0,9.0,14004.0,4495
2023-05-10 21:04:49,FG2402,FG402,1558.0,0.0,0.0,0.0,1,1554.0,1558.0,4,1542.0,1548.0,1560.0,1548.0,9.0,14004.0,4495
2023-05-10 21:04:54,FG2402,FG402,1558.0,0.0,0.0,0.0,1,1554.0,1557.0,1,1542.0,1548.0,1560.0,1548.0,9.0,14004.0,4495
2023-05-10 21:04:56,FG2402,FG402,1558.0,0.0,0.0,0.0,2,1553.0,1557.0,1,1542.0,1548.0,1560.0,1548.0,9.0,14004.0,4495
2023-05-10 21:04:57,FG2402,FG402,1558.0,0.0,0.0,0.0,1,1554.0,1557.0,1,1542.0,1548.0,1560.0,1548.0,9.0,14004.0,4495
2023-05-10 21:04:58,FG2402,FG402,1558.0,0.0,0.0,0.0,2,1553.0,1557.0,1,1542.0,1548.0,1560.0,1548.0,9.0,14004.0,4495
2023-05-10 21:04:59,FG2402,FG402,1558.0,0.0,0.0,0.0,1,1554.0,1557.0,1,1542.0,1548.0,1560.0,1548.0,9.0,14004.0,4495
2023-05-10 21:05:00,FG2402,FG402,1558.0,0.0,0.0,0.0,2,1553.0,1557.0,1,1542.0,1548.0,1560.0,1548.0,9.0,14004.0,4495
2023-05-10 21:05:00,FG2402,FG402,1558.0,0.0,0.0,0.0,2,1553.0,1556.0,1,1542.0,1548.0,1560.0,1548.0,9.0,14004.0,4495
2023-05-10 21:05:49,FG2402,FG402,1558.0,0.0,0.0,0.0,1,1554.0,1557.0,3,1542.0,1548.0,1560.0,1548.0,9.0,14004.0,4495
2023-05-10 21:05:50,FG2402,FG402,1558.0,0.0,0.0,0.0,2,1553.0,1557.0,1,1542.0,1548.0,1560.0,1548.0,9.0,14004.0,4495
2023-05-10 21:05:51,FG2402,FG402,1558.0,0.0,0.0,0.0,1,1554.0,1557.0,1,1542.0,1548.0,1560.0,1548.0,9.0,14004.0,4495
2023-05-10 21:05:55,FG2402,FG402,1558.0,0.0,0.0,0.0,2,1553.0,1557.0,1,1542.0,1548.0,1560.0,1548.0,9.0,14004.0,4495
2023-05-10 21:05:55,FG2402,FG402,1558.0,0.0,0.0,0.0,1,1554.0,1557.0,1,1542.0,1548.0,1560.0,1548.0,9.0,14004.0,4495
2023-05-10 21:06:00,FG2402,FG402,1558.0,0.0,0.0,0.0,2,1553.0,1556.0,1,1542.0,1548.0,1560.0,1548.0,9.0,14004.0,4495
2023-05-10 21:06:00,FG2402,FG402,1558.0,0.0,0.0,0.0,2,1553.0,1557.0,1,1542.0,1548.0,1560.0,1548.0,9.0,14004.0,4495
2023-05-10 21:06:02,FG2402,FG402,1558.0,0.0,0.0,0.0,1,1554.0,1557.0,1,1542.0,1548.0,1560.0,1548.0,9.0,14004.0,4495
2023-05-10 21:06:08,FG2402,FG402,1558.0,0.0,0.0,0.0,2,1553.0,1556.0,1,1542.0,1548.0,1560.0,1548.0,9.0,14004.0,4495
2023-05-10 21:06:11,FG2402,FG402,1558.0,0.0,0.0,0.0,2,1553.0,1557.0,1,1542.0,1548.0,1560.0,1548.0,9.0,14004.0,4495
2023-05-10 21:06:11,FG2402,FG402,1558.0,0.0,0.0,0.0,1,1554.0,1557.0,1,1542.0,1548.0,1560.0,1548.0,9.0,14004.0,4495
2023-05-10 21:06:12,FG2402,FG402,1558.0,0.0,0.0,0.0,2,1553.0,1557.0,1,1542.0,1548.0,1560.0,1548.0,9.0,14004.0,4495
2023-05-10 21:06:16,FG2402,FG402,1558.0,0.0,0.0,0.0,1,1554.0,1557.0,1,1542.0,1548.0,1560.0,1548.0,9.0,14004.0,4495
2023-05-10 21:06:16,FG2402,FG402,1558.0,0.0,0.0,0.0,2,1553.0,1557.0,1,1542.0,1548.0,1560.0,1548.0,9.0,14004.0,4495
2023-05-10 21:06:18,FG2402,FG402,1558.0,0.0,0.0,0.0,2,1553.0,1556.0,1,1542.0,1548.0,1560.0,1548.0,9.0,14004.0,4495
2023-05-10 21:06:39,FG2402,FG402,1558.0,0.0,0.0,0.0,1,1554.0,1557.0,1,1542.0,1548.0,1560.0,1548.0,9.0,14004.0,4495
2023-05-10 21:06:48,FG2402,FG402,1558.0,0.0,0.0,0.0,2,1553.0,1556.0,1,1542.0,1548.0,1560.0,1548.0,9.0,14004.0,4495
2023-05-10 21:06:49,FG2402,FG402,1558.0,0.0,0.0,0.0,2,1553.0,1557.0,1,1542.0,1548.0,1560.0,1548.0,9.0,14004.0,4495
2023-05-10 21:06:50,FG2402,FG402,1558.0,0.0,0.0,0.0,1,1554.0,1557.0,1,1542.0,1548.0,1560.0,1548.0,9.0,14004.0,4495
2023-05-10 21:06:50,FG2402,FG402,1558.0,0.0,0.0,0.0,2,1553.0,1556.0,1,1542.0,1548.0,1560.0,1548.0,9.0,14004.0,4495
2023-05-10 21:06:55,FG2402,FG402,1558.0,0.0,0.0,0.0,2,1553.0,1557.0,1,1542.0,1548.0,1560.0,1548.0,9.0,14004.0,4495
2023-05-10 21:06:55,FG2402,FG402,1558.0,0.0,0.0,0.0,1,1554.0,1557.0,1,1542.0,1548.0,1560.0,1548.0,9.0,14004.0,4495
2023-05-10 21:07:01,FG2402,FG402,1558.0,0.0,0.0,0.0,1,1554.0,1557.0,2,1542.0,1548.0,1560.0,1548.0,9.0,14004.0,4495
2023-05-10 21:07:06,FG2402,FG402,1558.0,0.0,0.0,0.0,2,1553.0,1556.0,1,1542.0,1548.0,1560.0,1548.0,9.0,14004.0,4495
2023-05-10 21:07:09,FG2402,FG402,1558.0,0.0,0.0,0.0,2,1553.0,1557.0,1,1542.0,1548.0,1560.0,1548.0,9.0,14004.0,4495
2023-05-10 21:07:09,FG2402,FG402,1558.0,0.0,0.0,0.0,2,1553.0,1556.0,1,1542.0,1548.0,1560.0,1548.0,9.0,14004.0,4495
2023-05-10 21:07:10,FG2402,FG402,1558.0,0.0,0.0,0.0,2,1553.0,1557.0,1,1542.0,1548.0,1560.0,1548.0,9.0,14004.0,4495
2023-05-10 21:07:11,FG2402,FG402,1558.0,0.0,0.0,0.0,1,1554.0,1557.0,1,1542.0,1548.0,1560.0,1548.0,9.0,14004.0,4495
2023-05-10 21:07:12,FG2402,FG402,1558.0,0.0,0.0,0.0,2,1553.0,1556.0,1,1542.0,1548.0,1560.0,1548.0,9.0,14004.0,4495
2023-05-10 21:07:20,FG2402,FG402,1558.0,0.0,0.0,0.0,1,1552.0,1556.0,1,1542.0,1548.0,1560.0,1548.0,9.0,14004.0,4495
2023-05-10 21:07:21,FG2402,FG402,1558.0,0.0,0.0,0.0,1,1552.0,1555.0,1,1542.0,1548.0,1560.0,1548.0,9.0,14004.0,4495
2023-05-10 21:07:24,FG2402,FG402,1558.0,0.0,0.0,0.0,2,1551.0,1554.0,1,1542.0,1548.0,1560.0,1548.0,9.0,14004.0,4495
2023-05-10 21:07:33,FG2402,FG402,1558.0,0.0,0.0,0.0,1,1551.0,1553.0,1,1542.0,1548.0,1560.0,1548.0,9.0,14004.0,4495
2023-05-10 21:07:46,FG2402,FG402,1558.0,0.0,0.0,0.0,1,1550.0,1552.0,1,1542.0,1548.0,1560.0,1548.0,9.0,14004.0,4495
2023-05-10 21:07:52,FG2402,FG402,1558.0,0.0,0.0,0.0,2,1549.0,1552.0,1,1542.0,1548.0,1560.0,1548.0,9.0,14004.0,4495
2023-05-10 21:07:57,FG2402,FG402,1558.0,0.0,0.0,0.0,1,1549.0,1552.0,1,1542.0,1548.0,1560.0,1548.0,9.0,14004.0,4495
2023-05-10 21:07:58,FG2402,FG402,1558.0,0.0,0.0,0.0,1,1549.0,1551.0,1,1542.0,1548.0,1560.0,1548.0,9.0,14004.0,4495
2023-05-10 21:08:02,FG2402,FG402,1558.0,0.0,0.0,0.0,1,1549.0,1552.0,1,1542.0,1548.0,1560.0,1548.0,9.0,14004.0,4495
2023-05-10 21:08:03,FG2402,FG402,1558.0,0.0,0.0,0.0,1,1549.0,1551.0,1,1542.0,1548.0,1560.0,1548.0,9.0,14004.0,4495
2023-05-10 21:08:04,FG2402,FG402,1558.0,0.0,0.0,0.0,2,1549.0,1552.0,1,1542.0,1548.0,1560.0,1548.0,9.0,14004.0,4495
2023-05-10 21:08:04,FG2402,FG402,1558.0,0.0,0.0,0.0,1,1549.0,1552.0,1,1542.0,1548.0,1560.0,1548.0,9.0,14004.0,4495
2023-05-10 21:08:05,FG2402,FG402,1558.0,0.0,0.0,0.0,1,1549.0,1551.0,1,1542.0,1548.0,1560.0,1548.0,9.0,14004.0,4495
2023-05-10 21:08:06,FG2402,FG402,1558.0,0.0,0.0,0.0,1,1549.0,1550.0,1,1542.0,1548.0,1560.0,1548.0,9.0,14004.0,4495
2023-05-10 21:08:10,FG2402,FG402,1558.0,0.0,0.0,0.0,1,1549.0,1551.0,1,1542.0,1548.0,1560.0,1548.0,9.0,14004.0,4495
2023-05-10 21:08:11,FG2402,FG402,1558.0,0.0,0.0,0.0,1,1549.0,1550.0,1,1542.0,1548.0,1560.0,1548.0,9.0,14004.0,4495
2023-05-10 21:08:17,FG2402,FG402,1558.0,0.0,0.0,0.0,2,1548.0,1550.0,1,1542.0,1548.0,1560.0,1548.0,9.0,14004.0,4495
2023-05-10 21:08:18,FG2402,FG402,1558.0,0.0,0.0,0.0,2,1548.0,1549.0,1,1542.0,1548.0,1560.0,1548.0,9.0,14004.0,4495
2023-05-10 21:08:20,FG2402,FG402,1558.0,0.0,0.0,0.0,2,1548.0,1550.0,1,1542.0,1548.0,1560.0,1548.0,9.0,14004.0,4495
2023-05-10 21:08:23,FG2402,FG402,1558.0,0.0,0.0,0.0,1,1549.0,1550.0,1,1542.0,1548.0,1560.0,1548.0,9.0,14004.0,4495
2023-05-10 21:08:24,FG2402,FG402,1549.0,1.0,1546.0,0.0,2,1548.0,1550.0,2,1542.0,1548.0,1560.0,1548.0,10.0,15550.0,4495
2023-05-10 21:08:24,FG2402,FG402,1549.0,0.0,0.0,0.0,3,1548.0,1550.0,2,1542.0,1548.0,1560.0,1548.0,10.0,15550.0,4495
2023-05-10 21:08:28,FG2402,FG402,1549.0,0.0,0.0,0.0,1,1548.0,1549.0,2,1542.0,1548.0,1560.0,1548.0,10.0,15550.0,4495
2023-05-10 21:08:29,FG2402,FG402,1548.0,1.0,1544.0,1.0,4,1546.0,1548.0,1,1542.0,1548.0,1560.0,1548.0,11.0,17094.0,4496
2023-05-10 21:08:32,FG2402,FG402,1548.0,0.0,0.0,0.0,4,1546.0,1549.0,1,1542.0,1548.0,1560.0,1548.0,11.0,17094.0,4496
2023-05-10 21:08:33,FG2402,FG402,1548.0,0.0,0.0,0.0,4,1546.0,1550.0,1,1542.0,1548.0,1560.0,1548.0,11.0,17094.0,4496
2023-05-10 21:08:36,FG2402,FG402,1548.0,0.0,0.0,0.0,5,1546.0,1550.0,1,1542.0,1548.0,1560.0,1548.0,11.0,17094.0,4496
2023-05-10 21:08:40,FG2402,FG402,1548.0,0.0,0.0,0.0,2,1547.0,1550.0,1,1542.0,1548.0,1560.0,1548.0,11.0,17094.0,4496
2023-05-10 21:08:40,FG2402,FG402,1548.0,0.0,0.0,0.0,3,1547.0,1551.0,1,1542.0,1548.0,1560.0,1548.0,11.0,17094.0,4496
2023-05-10 21:08:40,FG2402,FG402,1548.0,0.0,0.0,0.0,4,1547.0,1551.0,1,1542.0,1548.0,1560.0,1548.0,11.0,17094.0,4496
2023-05-10 21:08:42,FG2402,FG402,1548.0,0.0,0.0,0.0,3,1547.0,1550.0,1,1542.0,1548.0,1560.0,1548.0,11.0,17094.0,4496
2023-05-10 21:08:42,FG2402,FG402,1548.0,0.0,0.0,0.0,4,1547.0,1550.0,1,1542.0,1548.0,1560.0,1548.0,11.0,17094.0,4496
2023-05-10 21:08:50,FG2402,FG402,1548.0,0.0,0.0,0.0,4,1547.0,1551.0,1,1542.0,1548.0,1560.0,1548.0,11.0,17094.0,4496
2023-05-10 21:08:50,FG2402,FG402,1548.0,0.0,0.0,0.0,4,1547.0,1551.0,3,1542.0,1548.0,1560.0,1548.0,11.0,17094.0,4496
2023-05-10 21:08:53,FG2402,FG402,1548.0,0.0,0.0,0.0,4,1547.0,1550.0,1,1542.0,1548.0,1560.0,1548.0,11.0,17094.0,4496
2023-05-10 21:08:53,FG2402,FG402,1548.0,0.0,0.0,0.0,4,1547.0,1550.0,3,1542.0,1548.0,1560.0,1548.0,11.0,17094.0,4496
2023-05-10 21:08:54,FG2402,FG402,1548.0,0.0,0.0,0.0,4,1547.0,1550.0,2,1542.0,1548.0,1560.0,1548.0,11.0,17094.0,4496
2023-05-10 21:08:54,FG2402,FG402,1548.0,0.0,0.0,0.0,4,1547.0,1551.0,3,1542.0,1548.0,1560.0,1548.0,11.0,17094.0,4496
2023-05-10 21:08:55,FG2402,FG402,1548.0,0.0,0.0,0.0,4,1547.0,1551.0,2,1542.0,1548.0,1560.0,1548.0,11.0,17094.0,4496
2023-05-10 21:09:00,FG2402,FG402,1548.0,0.0,0.0,0.0,4,1547.0,1551.0,3,1542.0,1548.0,1560.0,1548.0,11.0,17094.0,4496
2023-05-10 21:09:00,FG2402,FG402,1548.0,0.0,0.0,0.0,4,1547.0,1550.0,1,1542.0,1548.0,1560.0,1548.0,11.0,17094.0,4496
2023-05-10 21:09:00,FG2402,FG402,1548.0,0.0,0.0,0.0,4,1547.0,1550.0,3,1542.0,1548.0,1560.0,1548.0,11.0,17094.0,4496
2023-05-10 21:09:03,FG2402,FG402,1548.0,0.0,0.0,0.0,4,1547.0,1550.0,2,1542.0,1548.0,1560.0,1548.0,11.0,17094.0,4496
2023-05-10 21:09:03,FG2402,FG402,1548.0,0.0,0.0,0.0,4,1547.0,1551.0,3,1542.0,1548.0,1560.0,1548.0,11.0,17094.0,4496
2023-05-10 21:09:04,FG2402,FG402,1548.0,0.0,0.0,0.0,4,1547.0,1551.0,4,1542.0,1548.0,1560.0,1548.0,11.0,17094.0,4496
2023-05-10 21:09:07,FG2402,FG402,1548.0,0.0,0.0,0.0,4,1547.0,1551.0,2,1542.0,1548.0,1560.0,1548.0,11.0,17094.0,4496
2023-05-10 21:09:07,FG2402,FG402,1548.0,0.0,0.0,0.0,5,1547.0,1552.0,4,1542.0,1548.0,1560.0,1548.0,11.0,17094.0,4496
2023-05-10 21:09:08,FG2402,FG402,1548.0,0.0,0.0,0.0,4,1547.0,1552.0,4,1542.0,1548.0,1560.0,1548.0,11.0,17094.0,4496
2023-05-10 21:09:10,FG2402,FG402,1548.0,0.0,0.0,0.0,4,1547.0,1551.0,2,1542.0,1548.0,1560.0,1548.0,11.0,17094.0,4496
2023-05-10 21:09:11,FG2402,FG402,1548.0,0.0,0.0,0.0,4,1547.0,1551.0,4,1542.0,1548.0,1560.0,1548.0,11.0,17094.0,4496
2023-05-10 21:09:13,FG2402,FG402,1548.0,0.0,0.0,0.0,4,1547.0,1550.0,2,1542.0,1548.0,1560.0,1548.0,11.0,17094.0,4496
2023-05-10 21:09:14,FG2402,FG402,1548.0,0.0,0.0,0.0,4,1547.0,1550.0,4,1542.0,1548.0,1560.0,1548.0,11.0,17094.0,4496
2023-05-10 21:09:18,FG2402,FG402,1548.0,0.0,0.0,0.0,3,1547.0,1549.0,2,1542.0,1548.0,1560.0,1548.0,11.0,17094.0,4496
2023-05-10 21:09:19,FG2402,FG402,1548.0,0.0,0.0,0.0,3,1547.0,1550.0,2,1542.0,1548.0,1560.0,1548.0,11.0,17094.0,4496
2023-05-10 21:09:19,FG2402,FG402,1548.0,0.0,0.0,0.0,3,1547.0,1550.0,4,1542.0,1548.0,1560.0,1548.0,11.0,17094.0,4496
2023-05-10 21:09:21,FG2402,FG402,1548.0,0.0,0.0,0.0,1,1547.0,1550.0,4,1542.0,1548.0,1560.0,1548.0,11.0,17094.0,4496
2023-05-10 21:09:24,FG2402,FG402,1548.0,0.0,0.0,0.0,1,1547.0,1550.0,2,1542.0,1548.0,1560.0,1548.0,11.0,17094.0,4496
2023-05-10 21:09:24,FG2402,FG402,1548.0,0.0,0.0,0.0,4,1546.0,1551.0,4,1542.0,1548.0,1560.0,1548.0,11.0,17094.0,4496
2023-05-10 21:09:26,FG2402,FG402,1548.0,0.0,0.0,0.0,5,1546.0,1551.0,4,1542.0,1548.0,1560.0,1548.0,11.0,17094.0,4496
2023-05-10 21:09:37,FG2402,FG402,1548.0,0.0,0.0,0.0,1,1546.0,1551.0,4,1542.0,1548.0,1560.0,1548.0,11.0,17094.0,4496
2023-05-10 21:09:40,FG2402,FG402,1548.0,0.0,0.0,0.0,8,1545.0,1550.0,2,1542.0,1548.0,1560.0,1548.0,11.0,17094.0,4496
2023-05-10 21:09:40,FG2402,FG402,1548.0,0.0,0.0,0.0,8,1545.0,1550.0,4,1542.0,1548.0,1560.0,1548.0,11.0,17094.0,4496
2023-05-10 21:09:55,FG2402,FG402,1548.0,0.0,0.0,0.0,4,1545.0,1550.0,4,1542.0,1548.0,1560.0,1548.0,11.0,17094.0,4496
2023-05-10 21:10:00,FG2402,FG402,1548.0,0.0,0.0,0.0,3,1545.0,1549.0,2,1542.0,1548.0,1560.0,1548.0,11.0,17094.0,4496
2023-05-10 21:10:00,FG2402,FG402,1548.0,0.0,0.0,0.0,3,1545.0,1549.0,4,1542.0,1548.0,1560.0,1548.0,11.0,17094.0,4496
2023-05-10 21:10:01,FG2402,FG402,1548.0,0.0,0.0,0.0,4,1545.0,1549.0,2,1542.0,1548.0,1560.0,1548.0,11.0,17094.0,4496
2023-05-10 21:10:01,FG2402,FG402,1548.0,0.0,0.0,0.0,4,1545.0,1550.0,4,1542.0,1548.0,1560.0,1548.0,11.0,17094.0,4496
2023-05-10 21:10:14,FG2402,FG402,1548.0,0.0,0.0,0.0,1,1546.0,1550.0,4,1542.0,1548.0,1560.0,1548.0,11.0,17094.0,4496
2023-05-10 21:10:17,FG2402,FG402,1548.0,0.0,0.0,0.0,1,1546.0,1549.0,2,1542.0,1548.0,1560.0,1548.0,11.0,17094.0,4496
2023-05-10 21:10:17,FG2402,FG402,1548.0,0.0,0.0,0.0,1,1546.0,1549.0,4,1542.0,1548.0,1560.0,1548.0,11.0,17094.0,4496
2023-05-10 21:10:24,FG2402,FG402,1548.0,0.0,0.0,0.0,1,1546.0,1549.0,2,1542.0,1548.0,1560.0,1548.0,11.0,17094.0,4496
2023-05-10 21:10:26,FG2402,FG402,1548.0,0.0,0.0,0.0,1,1546.0,1550.0,2,1542.0,1548.0,1560.0,1548.0,11.0,17094.0,4496
2023-05-10 21:10:26,FG2402,FG402,1548.0,0.0,0.0,0.0,1,1546.0,1550.0,4,1542.0,1548.0,1560.0,1548.0,11.0,17094.0,4496
2023-05-10 21:10:28,FG2402,FG402,1548.0,0.0,0.0,0.0,1,1547.0,1550.0,4,1542.0,1548.0,1560.0,1548.0,11.0,17094.0,4496
2023-05-10 21:10:31,FG2402,FG402,1548.0,0.0,0.0,0.0,1,1547.0,1550.0,2,1542.0,1548.0,1560.0,1548.0,11.0,17094.0,4496
2023-05-10 21:10:31,FG2402,FG402,1548.0,0.0,0.0,0.0,1,1547.0,1551.0,4,1542.0,1548.0,1560.0,1548.0,11.0,17094.0,4496
2023-05-10 21:10:40,FG2402,FG402,1548.0,0.0,0.0,0.0,1,1547.0,1551.0,5,1542.0,1548.0,1560.0,1548.0,11.0,17094.0,4496
2023-05-10 21:10:45,FG2402,FG402,1548.0,0.0,0.0,0.0,2,1546.0,1551.0,5,1542.0,1548.0,1560.0,1548.0,11.0,17094.0,4496
2023-05-10 21:10:47,FG2402,FG402,1548.0,0.0,0.0,0.0,1,1547.0,1551.0,3,1542.0,1548.0,1560.0,1548.0,11.0,17094.0,4496
2023-05-10 21:10:47,FG2402,FG402,1548.0,0.0,0.0,0.0,1,1547.0,1551.0,1,1542.0,1548.0,1560.0,1548.0,11.0,17094.0,4496
2023-05-10 21:10:53,FG2402,FG402,1548.0,0.0,0.0,0.0,2,1546.0,1551.0,1,1542.0,1548.0,1560.0,1548.0,11.0,17094.0,4496
2023-05-10 21:10:53,FG2402,FG402,1548.0,0.0,0.0,0.0,2,1546.0,1551.0,3,1542.0,1548.0,1560.0,1548.0,11.0,17094.0,4496
2023-05-10 21:10:54,FG2402,FG402,1548.0,0.0,0.0,0.0,2,1546.0,1551.0,5,1542.0,1548.0,1560.0,1548.0,11.0,17094.0,4496
2023-05-10 21:11:01,FG2402,FG402,1548.0,0.0,0.0,0.0,1,1546.0,1550.0,2,1542.0,1548.0,1560.0,1548.0,11.0,17094.0,4496
2023-05-10 21:11:01,FG2402,FG402,1548.0,0.0,0.0,0.0,1,1546.0,1550.0,4,1542.0,1548.0,1560.0,1548.0,11.0,17094.0,4496
2023-05-10 21:11:06,FG2402,FG402,1548.0,0.0,0.0,0.0,2,1546.0,1550.0,2,1542.0,1548.0,1560.0,1548.0,11.0,17094.0,4496
2023-05-10 21:11:06,FG2402,FG402,1548.0,0.0,0.0,0.0,2,1546.0,1551.0,5,1542.0,1548.0,1560.0,1548.0,11.0,17094.0,4496
2023-05-10 21:11:10,FG2402,FG402,1548.0,0.0,0.0,0.0,1,1546.0,1550.0,2,1542.0,1548.0,1560.0,1548.0,11.0,17094.0,4496
2023-05-10 21:11:10,FG2402,FG402,1548.0,0.0,0.0,0.0,1,1546.0,1550.0,4,1542.0,1548.0,1560.0,1548.0,11.0,17094.0,4496
2023-05-10 21:11:13,FG2402,FG402,1548.0,0.0,0.0,0.0,1,1546.0,1549.0,2,1542.0,1548.0,1560.0,1548.0,11.0,17094.0,4496
2023-05-10 21:11:13,FG2402,FG402,1548.0,0.0,0.0,0.0,1,1546.0,1549.0,4,1542.0,1548.0,1560.0,1548.0,11.0,17094.0,4496
2023-05-10 21:11:15,FG2402,FG402,1548.0,0.0,0.0,0.0,1,1546.0,1548.0,2,1542.0,1548.0,1560.0,1548.0,11.0,17094.0,4496
2023-05-10 21:11:16,FG2402,FG402,1548.0,0.0,0.0,0.0,1,1546.0,1548.0,4,1542.0,1548.0,1560.0,1548.0,11.0,17094.0,4496
2023-05-10 21:11:21,FG2402,FG402,1548.0,0.0,0.0,0.0,1,1546.0,1548.0,2,1542.0,1548.0,1560.0,1548.0,11.0,17094.0,4496
2023-05-10 21:11:21,FG2402,FG402,1548.0,0.0,0.0,0.0,1,1546.0,1549.0,4,1542.0,1548.0,1560.0,1548.0,11.0,17094.0,4496
2023-05-10 21:11:27,FG2402,FG402,1548.0,0.0,0.0,0.0,1,1546.0,1548.0,2,1542.0,1548.0,1560.0,1548.0,11.0,17094.0,4496
2023-05-10 21:11:27,FG2402,FG402,1548.0,0.0,0.0,0.0,1,1546.0,1548.0,4,1542.0,1548.0,1560.0,1548.0,11.0,17094.0,4496
2023-05-10 21:11:27,FG2402,FG402,1548.0,0.0,0.0,0.0,1,1546.0,1548.0,2,1542.0,1548.0,1560.0,1548.0,11.0,17094.0,4496
2023-05-10 21:11:28,FG2402,FG402,1548.0,0.0,0.0,0.0,1,1546.0,1549.0,4,1542.0,1548.0,1560.0,1548.0,11.0,17094.0,4496
2023-05-10 21:11:32,FG2402,FG402,1548.0,0.0,0.0,0.0,1,1546.0,1548.0,2,1542.0,1548.0,1560.0,1548.0,11.0,17094.0,4496
2023-05-10 21:11:32,FG2402,FG402,1548.0,0.0,0.0,0.0,1,1546.0,1548.0,4,1542.0,1548.0,1560.0,1548.0,11.0,17094.0,4496
2023-05-10 21:11:37,FG2402,FG402,1548.0,0.0,0.0,0.0,1,1545.0,1548.0,4,1542.0,1548.0,1560.0,1548.0,11.0,17094.0,4496
2023-05-10 21:11:37,FG2402,FG402,1548.0,0.0,0.0,0.0,1,1545.0,1547.0,2,1542.0,1548.0,1560.0,1548.0,11.0,17094.0,4496
2023-05-10 21:11:38,FG2402,FG402,1548.0,0.0,0.0,0.0,1,1545.0,1547.0,4,1542.0,1548.0,1560.0,1548.0,11.0,17094.0,4496
2023-05-10 21:11:40,FG2402,FG402,1548.0,0.0,0.0,0.0,1,1545.0,1546.0,2,1542.0,1548.0,1560.0,1548.0,11.0,17094.0,4496
2023-05-10 21:11:40,FG2402,FG402,1548.0,0.0,0.0,0.0,1,1545.0,1546.0,4,1542.0,1548.0,1560.0,1548.0,11.0,17094.0,4496
2023-05-10 21:11:41,FG2402,FG402,1548.0,0.0,0.0,0.0,1,1544.0,1546.0,4,1542.0,1548.0,1560.0,1548.0,11.0,17094.0,4496
2023-05-10 21:11:44,FG2402,FG402,1548.0,0.0,0.0,0.0,1,1542.0,1545.0,2,1542.0,1548.0,1560.0,1548.0,11.0,17094.0,4496
2023-05-10 21:11:44,FG2402,FG402,1548.0,0.0,0.0,0.0,1,1542.0,1545.0,4,1542.0,1548.0,1560.0,1548.0,11.0,17094.0,4496
2023-05-10 21:11:46,FG2402,FG402,1548.0,0.0,0.0,0.0,1,1542.0,1545.0,2,1542.0,1548.0,1560.0,1548.0,11.0,17094.0,4496
2023-05-10 21:11:46,FG2402,FG402,1548.0,0.0,0.0,0.0,1,1542.0,1546.0,4,1542.0,1548.0,1560.0,1548.0,11.0,17094.0,4496
2023-05-10 21:11:49,FG2402,FG402,1548.0,0.0,0.0,0.0,1,1542.0,1546.0,2,1542.0,1548.0,1560.0,1548.0,11.0,17094.0,4496
2023-05-10 21:11:49,FG2402,FG402,1548.0,0.0,0.0,0.0,2,1542.0,1547.0,4,1542.0,1548.0,1560.0,1548.0,11.0,17094.0,4496
2023-05-10 21:11:55,FG2402,FG402,1548.0,0.0,0.0,0.0,1,1542.0,1546.0,2,1542.0,1548.0,1560.0,1548.0,11.0,17094.0,4496
2023-05-10 21:11:55,FG2402,FG402,1548.0,0.0,0.0,0.0,1,1542.0,1546.0,4,1542.0,1548.0,1560.0,1548.0,11.0,17094.0,4496
2023-05-10 21:11:55,FG2402,FG402,1548.0,0.0,0.0,0.0,1,1542.0,1546.0,5,1542.0,1548.0,1560.0,1548.0,11.0,17094.0,4496
2023-05-10 21:11:56,FG2402,FG402,1548.0,0.0,0.0,0.0,2,1542.0,1546.0,2,1542.0,1548.0,1560.0,1548.0,11.0,17094.0,4496
2023-05-10 21:11:56,FG2402,FG402,1548.0,0.0,0.0,0.0,1,1542.0,1547.0,4,1542.0,1548.0,1560.0,1548.0,11.0,17094.0,4496
2023-05-10 21:11:59,FG2402,FG402,1548.0,0.0,0.0,0.0,1,1542.0,1546.0,2,1542.0,1548.0,1560.0,1548.0,11.0,17094.0,4496
2023-05-10 21:11:59,FG2402,FG402,1548.0,0.0,0.0,0.0,1,1542.0,1546.0,4,1542.0,1548.0,1560.0,1548.0,11.0,17094.0,4496
2023-05-10 21:12:06,FG2402,FG402,1548.0,0.0,0.0,0.0,1,1542.0,1545.0,2,1542.0,1548.0,1560.0,1548.0,11.0,17094.0,4496
2023-05-10 21:12:07,FG2402,FG402,1548.0,0.0,0.0,0.0,1,1542.0,1545.0,4,1542.0,1548.0,1560.0,1548.0,11.0,17094.0,4496
2023-05-10 21:12:09,FG2402,FG402,1548.0,0.0,0.0,0.0,1,1542.0,1545.0,2,1542.0,1548.0,1560.0,1548.0,11.0,17094.0,4496
2023-05-10 21:12:10,FG2402,FG402,1548.0,0.0,0.0,0.0,2,1542.0,1547.0,2,1542.0,1548.0,1560.0,1548.0,11.0,17094.0,4496
2023-05-10 21:12:11,FG2402,FG402,1548.0,0.0,0.0,0.0,2,1542.0,1546.0,2,1542.0,1548.0,1560.0,1548.0,11.0,17094.0,4496
2023-05-10 21:12:14,FG2402,FG402,1548.0,0.0,0.0,0.0,1,1544.0,1546.0,2,1542.0,1548.0,1560.0,1548.0,11.0,17094.0,4496
2023-05-10 21:12:18,FG2402,FG402,1548.0,0.0,0.0,0.0,1,1544.0,1548.0,3,1542.0,1548.0,1560.0,1548.0,11.0,17094.0,4496
2023-05-10 21:12:18,FG2402,FG402,1548.0,0.0,0.0,0.0,1,1544.0,1547.0,2,1542.0,1548.0,1560.0,1548.0,11.0,17094.0,4496
2023-05-10 21:12:22,FG2402,FG402,1548.0,0.0,0.0,0.0,1,1544.0,1547.0,4,1542.0,1548.0,1560.0,1548.0,11.0,17094.0,4496
2023-05-10 21:12:32,FG2402,FG402,1548.0,0.0,0.0,0.0,1,1544.0,1547.0,2,1542.0,1548.0,1560.0,1548.0,11.0,17094.0,4496
2023-05-10 21:12:32,FG2402,FG402,1548.0,0.0,0.0,0.0,1,1544.0,1547.0,4,1542.0,1548.0,1560.0,1548.0,11.0,17094.0,4496
2023-05-10 21:12:35,FG2402,FG402,1548.0,0.0,0.0,0.0,1,1544.0,1547.0,2,1542.0,1548.0,1560.0,1548.0,11.0,17094.0,4496
2023-05-10 21:12:39,FG2402,FG402,1548.0,0.0,0.0,0.0,1,1544.0,1547.0,4,1542.0,1548.0,1560.0,1548.0,11.0,17094.0,4496
2023-05-10 21:12:49,FG2402,FG402,1548.0,0.0,0.0,0.0,1,1544.0,1547.0,2,1542.0,1548.0,1560.0,1548.0,11.0,17094.0,4496
2023-05-10 21:13:07,FG2402,FG402,1548.0,0.0,0.0,0.0,2,1544.0,1547.0,2,1542.0,1548.0,1560.0,1548.0,11.0,17094.0,4496
2023-05-10 21:13:07,FG2402,FG402,1548.0,0.0,0.0,0.0,2,1544.0,1549.0,4,1542.0,1548.0,1560.0,1548.0,11.0,17094.0,4496
2023-05-10 21:13:08,FG2402,FG402,1548.0,0.0,0.0,0.0,1,1544.0,1549.0,4,1542.0,1548.0,1560.0,1548.0,11.0,17094.0,4496
2023-05-10 21:13:09,FG2402,FG402,1548.0,0.0,0.0,0.0,1,1544.0,1548.0,2,1542.0,1548.0,1560.0,1548.0,11.0,17094.0,4496
2023-05-10 21:13:09,FG2402,FG402,1548.0,0.0,0.0,0.0,1,1544.0,1548.0,4,1542.0,1548.0,1560.0,1548.0,11.0,17094.0,4496
2023-05-10 21:13:12,FG2402,FG402,1548.0,0.0,0.0,0.0,1,1544.0,1547.0,2,1542.0,1548.0,1560.0,1548.0,11.0,17094.0,4496
2023-05-10 21:13:12,FG2402,FG402,1548.0,0.0,0.0,0.0,1,1544.0,1548.0,2,1542.0,1548.0,1560.0,1548.0,11.0,17094.0,4496
2023-05-10 21:13:13,FG2402,FG402,1548.0,0.0,0.0,0.0,1,1544.0,1547.0,2,1542.0,1548.0,1560.0,1548.0,11.0,17094.0,4496
2023-05-10 21:13:14,FG2402,FG402,1548.0,0.0,0.0,0.0,1,1544.0,1548.0,2,1542.0,1548.0,1560.0,1548.0,11.0,17094.0,4496
2023-05-10 21:13:14,FG2402,FG402,1548.0,0.0,0.0,0.0,1,1544.0,1548.0,4,1542.0,1548.0,1560.0,1548.0,11.0,17094.0,4496
2023-05-10 21:13:17,FG2402,FG402,1548.0,0.0,0.0,0.0,1,1543.0,1548.0,4,1542.0,1548.0,1560.0,1548.0,11.0,17094.0,4496
2023-05-10 21:13:20,FG2402,FG402,1548.0,0.0,0.0,0.0,1,1544.0,1548.0,4,1542.0,1548.0,1560.0,1548.0,11.0,17094.0,4496
2023-05-10 21:13:28,FG2402,FG402,1548.0,0.0,0.0,0.0,1,1544.0,1548.0,2,1542.0,1548.0,1560.0,1548.0,11.0,17094.0,4496
2023-05-10 21:13:28,FG2402,FG402,1548.0,0.0,0.0,0.0,1,1543.0,1549.0,4,1542.0,1548.0,1560.0,1548.0,11.0,17094.0,4496
2023-05-10 21:13:30,FG2402,FG402,1548.0,0.0,0.0,0.0,1,1544.0,1549.0,4,1542.0,1548.0,1560.0,1548.0,11.0,17094.0,4496
2023-05-10 21:13:31,FG2402,FG402,1548.0,0.0,0.0,0.0,1,1543.0,1549.0,4,1542.0,1548.0,1560.0,1548.0,11.0,17094.0,4496
2023-05-10 21:13:32,FG2402,FG402,1548.0,0.0,0.0,0.0,1,1543.0,1548.0,2,1542.0,1548.0,1560.0,1548.0,11.0,17094.0,4496
2023-05-10 21:13:32,FG2402,FG402,1548.0,0.0,0.0,0.0,1,1543.0,1548.0,4,1542.0,1548.0,1560.0,1548.0,11.0,17094.0,4496
2023-05-10 21:13:40,FG2402,FG402,1548.0,0.0,0.0,0.0,1,1544.0,1548.0,2,1542.0,1548.0,1560.0,1548.0,11.0,17094.0,4496
2023-05-10 21:13:40,FG2402,FG402,1548.0,0.0,0.0,0.0,1,1544.0,1549.0,4,1542.0,1548.0,1560.0,1548.0,11.0,17094.0,4496
2023-05-10 21:13:48,FG2402,FG402,1548.0,0.0,0.0,0.0,1,1543.0,1549.0,4,1542.0,1548.0,1560.0,1548.0,11.0,17094.0,4496
2023-05-10 21:13:49,FG2402,FG402,1548.0,0.0,0.0,0.0,1,1543.0,1548.0,2,1542.0,1548.0,1560.0,1548.0,11.0,17094.0,4496
2023-05-10 21:13:50,FG2402,FG402,1548.0,0.0,0.0,0.0,1,1543.0,1548.0,4,1542.0,1548.0,1560.0,1548.0,11.0,17094.0,4496
2023-05-10 21:13:50,FG2402,FG402,1548.0,0.0,0.0,0.0,1,1543.0,1548.0,3,1542.0,1548.0,1560.0,1548.0,11.0,17094.0,4496
2023-05-10 21:13:52,FG2402,FG402,1548.0,0.0,0.0,0.0,1,1543.0,1548.0,4,1542.0,1548.0,1560.0,1548.0,11.0,17094.0,4496
2023-05-10 21:14:03,FG2402,FG402,1548.0,0.0,0.0,0.0,1,1544.0,1548.0,2,1542.0,1548.0,1560.0,1548.0,11.0,17094.0,4496
2023-05-10 21:14:03,FG2402,FG402,1548.0,0.0,0.0,0.0,1,1544.0,1549.0,4,1542.0,1548.0,1560.0,1548.0,11.0,17094.0,4496
2023-05-10 21:14:05,FG2402,FG402,1548.0,0.0,0.0,0.0,1,1545.0,1549.0,2,1542.0,1548.0,1560.0,1548.0,11.0,17094.0,4496
2023-05-10 21:14:05,FG2402,FG402,1548.0,0.0,0.0,0.0,1,1545.0,1550.0,5,1542.0,1548.0,1560.0,1548.0,11.0,17094.0,4496
2023-05-10 21:14:09,FG2402,FG402,1548.0,0.0,0.0,0.0,1,1545.0,1550.0,3,1542.0,1548.0,1560.0,1548.0,11.0,17094.0,4496
2023-05-10 21:14:09,FG2402,FG402,1548.0,0.0,0.0,0.0,1,1546.0,1550.0,1,1542.0,1548.0,1560.0,1548.0,11.0,17094.0,4496
2023-05-10 21:14:16,FG2402,FG402,1548.0,0.0,0.0,0.0,1,1546.0,1551.0,5,1542.0,1548.0,1560.0,1548.0,11.0,17094.0,4496
2023-05-10 21:14:22,FG2402,FG402,1548.0,0.0,0.0,0.0,1,1545.0,1551.0,5,1542.0,1548.0,1560.0,1548.0,11.0,17094.0,4496
2023-05-10 21:14:23,FG2402,FG402,1548.0,0.0,0.0,0.0,2,1544.0,1550.0,2,1542.0,1548.0,1560.0,1548.0,11.0,17094.0,4496
2023-05-10 21:14:23,FG2402,FG402,1548.0,0.0,0.0,0.0,1,1545.0,1550.0,4,1542.0,1548.0,1560.0,1548.0,11.0,17094.0,4496
2023-05-10 21:14:30,FG2402,FG402,1548.0,0.0,0.0,0.0,1,1545.0,1550.0,2,1542.0,1548.0,1560.0,1548.0,11.0,17094.0,4496
2023-05-10 21:14:41,FG2402,FG402,1548.0,0.0,0.0,0.0,1,1545.0,1551.0,3,1542.0,1548.0,1560.0,1548.0,11.0,17094.0,4496
2023-05-10 21:14:41,FG2402,FG402,1548.0,0.0,0.0,0.0,1,1545.0,1551.0,5,1542.0,1548.0,1560.0,1548.0,11.0,17094.0,4496
2023-05-10 21:14:42,FG2402,FG402,1548.0,0.0,0.0,0.0,1,1545.0,1550.0,2,1542.0,1548.0,1560.0,1548.0,11.0,17094.0,4496
2023-05-10 21:14:43,FG2402,FG402,1548.0,0.0,0.0,0.0,1,1545.0,1550.0,4,1542.0,1548.0,1560.0,1548.0,11.0,17094.0,4496
2023-05-10 21:14:43,FG2402,FG402,1548.0,0.0,0.0,0.0,1,1545.0,1550.0,2,1542.0,1548.0,1560.0,1548.0,11.0,17094.0,4496
2023-05-10 21:14:44,FG2402,FG402,1548.0,0.0,0.0,0.0,1,1545.0,1551.0,5,1542.0,1548.0,1560.0,1548.0,11.0,17094.0,4496
2023-05-10 21:14:49,FG2402,FG402,1548.0,0.0,0.0,0.0,1,1546.0,1551.0,5,1542.0,1548.0,1560.0,1548.0,11.0,17094.0,4496
2023-05-10 21:14:54,FG2402,FG402,1548.0,0.0,0.0,0.0,1,1547.0,1551.0,5,1542.0,1548.0,1560.0,1548.0,11.0,17094.0,4496
2023-05-10 21:14:55,FG2402,FG402,1548.0,0.0,0.0,0.0,1,1546.0,1551.0,5,1542.0,1548.0,1560.0,1548.0,11.0,17094.0,4496
2023-05-10 21:15:01,FG2402,FG402,1548.0,0.0,0.0,0.0,1,1547.0,1551.0,5,1542.0,1548.0,1560.0,1548.0,11.0,17094.0,4496
2023-05-10 21:15:02,FG2402,FG402,1548.0,0.0,0.0,0.0,1,1546.0,1551.0,5,1542.0,1548.0,1560.0,1548.0,11.0,17094.0,4496
2023-05-10 21:15:03,FG2402,FG402,1548.0,0.0,0.0,0.0,1,1546.0,1550.0,2,1542.0,1548.0,1560.0,1548.0,11.0,17094.0,4496
2023-05-10 21:15:04,FG2402,FG402,1548.0,0.0,0.0,0.0,1,1546.0,1550.0,4,1542.0,1548.0,1560.0,1548.0,11.0,17094.0,4496
2023-05-10 21:15:19,FG2402,FG402,1548.0,0.0,0.0,0.0,1,1547.0,1550.0,2,1542.0,1548.0,1560.0,1548.0,11.0,17094.0,4496
2023-05-10 21:15:19,FG2402,FG402,1548.0,0.0,0.0,0.0,1,1547.0,1551.0,4,1542.0,1548.0,1560.0,1548.0,11.0,17094.0,4496
2023-05-10 21:15:25,FG2402,FG402,1548.0,0.0,0.0,0.0,2,1546.0,1550.0,2,1542.0,1548.0,1560.0,1548.0,11.0,17094.0,4496
2023-05-10 21:15:25,FG2402,FG402,1548.0,0.0,0.0,0.0,2,1546.0,1550.0,4,1542.0,1548.0,1560.0,1548.0,11.0,17094.0,4496
2023-05-10 21:15:26,FG2402,FG402,1548.0,0.0,0.0,0.0,2,1546.0,1550.0,2,1542.0,1548.0,1560.0,1548.0,11.0,17094.0,4496
2023-05-10 21:15:27,FG2402,FG402,1548.0,0.0,0.0,0.0,2,1546.0,1551.0,4,1542.0,1548.0,1560.0,1548.0,11.0,17094.0,4496
2023-05-10 21:15:29,FG2402,FG402,1548.0,0.0,0.0,0.0,2,1546.0,1550.0,2,1542.0,1548.0,1560.0,1548.0,11.0,17094.0,4496
2023-05-10 21:15:29,FG2402,FG402,1548.0,0.0,0.0,0.0,2,1546.0,1550.0,4,1542.0,1548.0,1560.0,1548.0,11.0,17094.0,4496
2023-05-10 21:15:43,FG2402,FG402,1548.0,0.0,0.0,0.0,1,1546.0,1550.0,4,1542.0,1548.0,1560.0,1548.0,11.0,17094.0,4496
2023-05-10 21:15:55,FG2402,FG402,1548.0,0.0,0.0,0.0,1,1546.0,1549.0,2,1542.0,1548.0,1560.0,1548.0,11.0,17094.0,4496
2023-05-10 21:15:55,FG2402,FG402,1548.0,0.0,0.0,0.0,1,1546.0,1549.0,4,1542.0,1548.0,1560.0,1548.0,11.0,17094.0,4496
2023-05-10 21:16:02,FG2402,FG402,1548.0,0.0,0.0,0.0,1,1546.0,1548.0,2,1542.0,1548.0,1560.0,1548.0,11.0,17094.0,4496
2023-05-10 21:16:03,FG2402,FG402,1548.0,0.0,0.0,0.0,1,1546.0,1548.0,4,1542.0,1548.0,1560.0,1548.0,11.0,17094.0,4496
2023-05-10 21:16:06,FG2402,FG402,1548.0,0.0,0.0,0.0,1,1546.0,1547.0,2,1542.0,1548.0,1560.0,1548.0,11.0,17094.0,4496
2023-05-10 21:16:06,FG2402,FG402,1548.0,0.0,0.0,0.0,1,1546.0,1547.0,4,1542.0,1548.0,1560.0,1548.0,11.0,17094.0,4496
2023-05-10 21:16:12,FG2402,FG402,1548.0,0.0,0.0,0.0,3,1542.0,1547.0,4,1542.0,1548.0,1560.0,1548.0,11.0,17094.0,4496
2023-05-10 21:16:12,FG2402,FG402,1548.0,0.0,0.0,0.0,3,1542.0,1546.0,2,1542.0,1548.0,1560.0,1548.0,11.0,17094.0,4496
2023-05-10 21:16:13,FG2402,FG402,1548.0,0.0,0.0,0.0,3,1542.0,1546.0,4,1542.0,1548.0,1560.0,1548.0,11.0,17094.0,4496
2023-05-10 21:16:16,FG2402,FG402,1548.0,0.0,0.0,0.0,2,1542.0,1545.0,2,1542.0,1548.0,1560.0,1548.0,11.0,17094.0,4496
2023-05-10 21:16:17,FG2402,FG402,1548.0,0.0,0.0,0.0,2,1542.0,1545.0,4,1542.0,1548.0,1560.0,1548.0,11.0,17094.0,4496
2023-05-10 21:16:18,FG2402,FG402,1548.0,0.0,0.0,0.0,3,1542.0,1545.0,2,1542.0,1548.0,1560.0,1548.0,11.0,17094.0,4496
2023-05-10 21:16:18,FG2402,FG402,1548.0,0.0,0.0,0.0,3,1542.0,1546.0,4,1542.0,1548.0,1560.0,1548.0,11.0,17094.0,4496
2023-05-10 21:16:26,FG2402,FG402,1548.0,0.0,0.0,0.0,2,1542.0,1545.0,2,1542.0,1548.0,1560.0,1548.0,11.0,17094.0,4496
2023-05-10 21:16:26,FG2402,FG402,1548.0,0.0,0.0,0.0,2,1542.0,1546.0,2,1542.0,1548.0,1560.0,1548.0,11.0,17094.0,4496
2023-05-10 21:16:27,FG2402,FG402,1548.0,0.0,0.0,0.0,2,1542.0,1546.0,4,1542.0,1548.0,1560.0,1548.0,11.0,17094.0,4496
2023-05-10 21:16:28,FG2402,FG402,1548.0,0.0,0.0,0.0,3,1542.0,1546.0,4,1542.0,1548.0,1560.0,1548.0,11.0,17094.0,4496
2023-05-10 21:16:30,FG2402,FG402,1548.0,0.0,0.0,0.0,2,1542.0,1546.0,4,1542.0,1548.0,1560.0,1548.0,11.0,17094.0,4496
2023-05-10 21:16:32,FG2402,FG402,1548.0,0.0,0.0,0.0,3,1542.0,1546.0,4,1542.0,1548.0,1560.0,1548.0,11.0,17094.0,4496
2023-05-10 21:16:35,FG2402,FG402,1546.0,4.0,6186.0,-2.0,3,1542.0,1547.0,1,1542.0,1548.0,1560.0,1546.0,15.0,23280.0,4494
2023-05-10 21:16:35,FG2402,FG402,1546.0,0.0,0.0,0.0,3,1542.0,1546.0,2,1542.0,1548.0,1560.0,1546.0,15.0,23280.0,4494
2023-05-10 21:16:42,FG2402,FG402,1546.0,0.0,0.0,0.0,1,1543.0,1546.0,2,1542.0,1548.0,1560.0,1546.0,15.0,23280.0,4494
2023-05-10 21:16:42,FG2402,FG402,1546.0,0.0,0.0,0.0,1,1543.0,1547.0,2,1542.0,1548.0,1560.0,1546.0,15.0,23280.0,4494
2023-05-10 21:16:48,FG2402,FG402,1546.0,0.0,0.0,0.0,1,1544.0,1547.0,2,1542.0,1548.0,1560.0,1546.0,15.0,23280.0,4494
2023-05-10 21:16:48,FG2402,FG402,1546.0,0.0,0.0,0.0,1,1544.0,1548.0,2,1542.0,1548.0,1560.0,1546.0,15.0,23280.0,4494
2023-05-10 21:17:03,FG2402,FG402,1546.0,0.0,0.0,0.0,1,1543.0,1548.0,2,1542.0,1548.0,1560.0,1546.0,15.0,23280.0,4494
2023-05-10 21:17:03,FG2402,FG402,1546.0,0.0,0.0,0.0,1,1543.0,1548.0,3,1542.0,1548.0,1560.0,1546.0,15.0,23280.0,4494
2023-05-10 21:17:17,FG2402,FG402,1546.0,0.0,0.0,0.0,3,1542.0,1548.0,3,1542.0,1548.0,1560.0,1546.0,15.0,23280.0,4494
2023-05-10 21:17:18,FG2402,FG402,1546.0,0.0,0.0,0.0,3,1542.0,1547.0,1,1542.0,1548.0,1560.0,1546.0,15.0,23280.0,4494
2023-05-10 21:17:18,FG2402,FG402,1546.0,0.0,0.0,0.0,3,1542.0,1546.0,2,1542.0,1548.0,1560.0,1546.0,15.0,23280.0,4494
2023-05-10 21:17:22,FG2402,FG402,1546.0,0.0,0.0,0.0,3,1542.0,1548.0,1,1542.0,1548.0,1560.0,1546.0,15.0,23280.0,4494
2023-05-10 21:17:23,FG2402,FG402,1546.0,0.0,0.0,0.0,1,1543.0,1548.0,1,1542.0,1548.0,1560.0,1546.0,15.0,23280.0,4494
2023-05-10 21:17:23,FG2402,FG402,1546.0,0.0,0.0,0.0,1,1543.0,1547.0,2,1542.0,1548.0,1560.0,1546.0,15.0,23280.0,4494
2023-05-10 21:17:24,FG2402,FG402,1546.0,0.0,0.0,0.0,3,1542.0,1547.0,2,1542.0,1548.0,1560.0,1546.0,15.0,23280.0,4494
2023-05-10 21:17:25,FG2402,FG402,1546.0,0.0,0.0,0.0,1,1543.0,1547.0,2,1542.0,1548.0,1560.0,1546.0,15.0,23280.0,4494
2023-05-10 21:17:25,FG2402,FG402,1546.0,0.0,0.0,0.0,3,1542.0,1547.0,2,1542.0,1548.0,1560.0,1546.0,15.0,23280.0,4494
2023-05-10 21:17:26,FG2402,FG402,1546.0,0.0,0.0,0.0,3,1542.0,1547.0,3,1542.0,1548.0,1560.0,1546.0,15.0,23280.0,4494
2023-05-10 21:17:29,FG2402,FG402,1546.0,0.0,0.0,0.0,3,1542.0,1547.0,2,1542.0,1548.0,1560.0,1546.0,15.0,23280.0,4494
2023-05-10 21:17:30,FG2402,FG402,1546.0,0.0,0.0,0.0,1,1543.0,1547.0,2,1542.0,1548.0,1560.0,1546.0,15.0,23280.0,4494
2023-05-10 21:17:30,FG2402,FG402,1546.0,0.0,0.0,0.0,3,1542.0,1547.0,2,1542.0,1548.0,1560.0,1546.0,15.0,23280.0,4494
2023-05-10 21:17:35,FG2402,FG402,1546.0,0.0,0.0,0.0,1,1543.0,1547.0,2,1542.0,1548.0,1560.0,1546.0,15.0,23280.0,4494
2023-05-10 21:17:36,FG2402,FG402,1546.0,0.0,0.0,0.0,3,1542.0,1547.0,2,1542.0,1548.0,1560.0,1546.0,15.0,23280.0,4494
2023-05-10 21:17:37,FG2402,FG402,1546.0,0.0,0.0,0.0,3,1542.0,1547.0,3,1542.0,1548.0,1560.0,1546.0,15.0,23280.0,4494
2023-05-10 21:17:50,FG2402,FG402,1546.0,0.0,0.0,0.0,1,1543.0,1547.0,2,1542.0,1548.0,1560.0,1546.0,15.0,23280.0,4494
2023-05-10 21:18:00,FG2402,FG402,1546.0,0.0,0.0,0.0,1,1543.0,1549.0,1,1542.0,1548.0,1560.0,1546.0,15.0,23280.0,4494
2023-05-10 21:18:00,FG2402,FG402,1546.0,0.0,0.0,0.0,1,1543.0,1548.0,2,1542.0,1548.0,1560.0,1546.0,15.0,23280.0,4494
2023-05-10 21:18:00,FG2402,FG402,1546.0,0.0,0.0,0.0,1,1543.0,1549.0,1,1542.0,1548.0,1560.0,1546.0,15.0,23280.0,4494
2023-05-10 21:18:00,FG2402,FG402,1546.0,0.0,0.0,0.0,1,1543.0,1548.0,2,1542.0,1548.0,1560.0,1546.0,15.0,23280.0,4494
2023-05-10 21:18:08,FG2402,FG402,1546.0,0.0,0.0,0.0,1,1544.0,1548.0,2,1542.0,1548.0,1560.0,1546.0,15.0,23280.0,4494
2023-05-10 21:18:09,FG2402,FG402,1546.0,0.0,0.0,0.0,1,1543.0,1548.0,2,1542.0,1548.0,1560.0,1546.0,15.0,23280.0,4494
2023-05-10 21:18:10,FG2402,FG402,1546.0,0.0,0.0,0.0,1,1544.0,1548.0,2,1542.0,1548.0,1560.0,1546.0,15.0,23280.0,4494
2023-05-10 21:18:11,FG2402,FG402,1546.0,0.0,0.0,0.0,1,1543.0,1548.0,2,1542.0,1548.0,1560.0,1546.0,15.0,23280.0,4494
2023-05-10 21:18:20,FG2402,FG402,1546.0,0.0,0.0,0.0,1,1544.0,1548.0,2,1542.0,1548.0,1560.0,1546.0,15.0,23280.0,4494
2023-05-10 21:18:22,FG2402,FG402,1546.0,0.0,0.0,0.0,1,1544.0,1548.0,3,1542.0,1548.0,1560.0,1546.0,15.0,23280.0,4494
2023-05-10 21:18:23,FG2402,FG402,1546.0,0.0,0.0,0.0,1,1544.0,1548.0,2,1542.0,1548.0,1560.0,1546.0,15.0,23280.0,4494
2023-05-10 21:18:24,FG2402,FG402,1546.0,0.0,0.0,0.0,1,1544.0,1548.0,3,1542.0,1548.0,1560.0,1546.0,15.0,23280.0,4494
2023-05-10 21:18:27,FG2402,FG402,1546.0,0.0,0.0,0.0,1,1547.0,1548.0,2,1542.0,1548.0,1560.0,1546.0,15.0,23280.0,4494
2023-05-10 21:18:27,FG2402,FG402,1546.0,0.0,0.0,0.0,1,1544.0,1548.0,2,1542.0,1548.0,1560.0,1546.0,15.0,23280.0,4494
2023-05-10 21:18:28,FG2402,FG402,1546.0,0.0,0.0,0.0,1,1544.0,1548.0,3,1542.0,1548.0,1560.0,1546.0,15.0,23280.0,4494
2023-05-10 21:18:41,FG2402,FG402,1546.0,0.0,0.0,0.0,2,1544.0,1548.0,2,1542.0,1548.0,1560.0,1546.0,15.0,23280.0,4494
2023-05-10 21:18:43,FG2402,FG402,1546.0,0.0,0.0,0.0,1,1545.0,1548.0,2,1542.0,1548.0,1560.0,1546.0,15.0,23280.0,4494
2023-05-10 21:18:47,FG2402,FG402,1546.0,0.0,0.0,0.0,2,1545.0,1550.0,3,1542.0,1548.0,1560.0,1546.0,15.0,23280.0,4494
2023-05-10 21:18:47,FG2402,FG402,1546.0,0.0,0.0,0.0,2,1545.0,1549.0,2,1542.0,1548.0,1560.0,1546.0,15.0,23280.0,4494
2023-05-10 21:18:51,FG2402,FG402,1546.0,0.0,0.0,0.0,1,1546.0,1550.0,1,1542.0,1548.0,1560.0,1546.0,15.0,23280.0,4494
2023-05-10 21:18:51,FG2402,FG402,1546.0,0.0,0.0,0.0,1,1546.0,1550.0,3,1542.0,1548.0,1560.0,1546.0,15.0,23280.0,4494
2023-05-10 21:19:00,FG2402,FG402,1546.0,0.0,0.0,0.0,2,1545.0,1550.0,3,1542.0,1548.0,1560.0,1546.0,15.0,23280.0,4494
2023-05-10 21:19:00,FG2402,FG402,1546.0,0.0,0.0,0.0,2,1545.0,1550.0,4,1542.0,1548.0,1560.0,1546.0,15.0,23280.0,4494
2023-05-10 21:19:04,FG2402,FG402,1546.0,0.0,0.0,0.0,2,1545.0,1550.0,3,1542.0,1548.0,1560.0,1546.0,15.0,23280.0,4494
2023-05-10 21:19:05,FG2402,FG402,1546.0,0.0,0.0,0.0,2,1545.0,1550.0,4,1542.0,1548.0,1560.0,1546.0,15.0,23280.0,4494
2023-05-10 21:19:07,FG2402,FG402,1546.0,0.0,0.0,0.0,2,1545.0,1550.0,3,1542.0,1548.0,1560.0,1546.0,15.0,23280.0,4494
2023-05-10 21:19:12,FG2402,FG402,1546.0,0.0,0.0,0.0,2,1545.0,1550.0,4,1542.0,1548.0,1560.0,1546.0,15.0,23280.0,4494
2023-05-10 21:19:28,FG2402,FG402,1546.0,0.0,0.0,0.0,2,1545.0,1550.0,3,1542.0,1548.0,1560.0,1546.0,15.0,23280.0,4494
2023-05-10 21:19:28,FG2402,FG402,1546.0,0.0,0.0,0.0,2,1545.0,1550.0,4,1542.0,1548.0,1560.0,1546.0,15.0,23280.0,4494
2023-05-10 21:19:50,FG2402,FG402,1546.0,0.0,0.0,0.0,1,1545.0,1550.0,4,1542.0,1548.0,1560.0,1546.0,15.0,23280.0,4494
2023-05-10 21:19:53,FG2402,FG402,1546.0,0.0,0.0,0.0,1,1545.0,1549.0,1,1542.0,1548.0,1560.0,1546.0,15.0,23280.0,4494
2023-05-10 21:19:53,FG2402,FG402,1546.0,0.0,0.0,0.0,1,1545.0,1548.0,2,1542.0,1548.0,1560.0,1546.0,15.0,23280.0,4494
2023-05-10 21:20:16,FG2402,FG402,1546.0,0.0,0.0,0.0,2,1545.0,1548.0,2,1542.0,1548.0,1560.0,1546.0,15.0,23280.0,4494
2023-05-10 21:20:17,FG2402,FG402,1546.0,0.0,0.0,0.0,2,1545.0,1549.0,2,1542.0,1548.0,1560.0,1546.0,15.0,23280.0,4494
2023-05-10 21:20:20,FG2402,FG402,1546.0,0.0,0.0,0.0,1,1545.0,1549.0,2,1542.0,1548.0,1560.0,1546.0,15.0,23280.0,4494
2023-05-10 21:21:00,FG2402,FG402,1546.0,0.0,0.0,0.0,1,1546.0,1549.0,2,1542.0,1548.0,1560.0,1546.0,15.0,23280.0,4494
2023-05-10 21:21:00,FG2402,FG402,1546.0,0.0,0.0,0.0,1,1546.0,1550.0,3,1542.0,1548.0,1560.0,1546.0,15.0,23280.0,4494
2023-05-10 21:21:02,FG2402,FG402,1546.0,0.0,0.0,0.0,1,1545.0,1550.0,4,1542.0,1548.0,1560.0,1546.0,15.0,23280.0,4494
2023-05-10 21:21:16,FG2402,FG402,1546.0,0.0,0.0,0.0,1,1546.0,1550.0,3,1542.0,1548.0,1560.0,1546.0,15.0,23280.0,4494
2023-05-10 21:21:17,FG2402,FG402,1546.0,0.0,0.0,0.0,1,1545.0,1550.0,4,1542.0,1548.0,1560.0,1546.0,15.0,23280.0,4494
2023-05-10 21:21:20,FG2402,FG402,1546.0,0.0,0.0,0.0,1,1544.0,1550.0,4,1542.0,1548.0,1560.0,1546.0,15.0,23280.0,4494
2023-05-10 21:21:25,FG2402,FG402,1546.0,0.0,0.0,0.0,1,1544.0,1549.0,1,1542.0,1548.0,1560.0,1546.0,15.0,23280.0,4494
2023-05-10 21:21:25,FG2402,FG402,1546.0,0.0,0.0,0.0,1,1544.0,1548.0,2,1542.0,1548.0,1560.0,1546.0,15.0,23280.0,4494
2023-05-10 21:21:32,FG2402,FG402,1546.0,0.0,0.0,0.0,2,1543.0,1548.0,3,1542.0,1548.0,1560.0,1546.0,15.0,23280.0,4494
2023-05-10 21:21:47,FG2402,FG402,1546.0,0.0,0.0,0.0,1,1543.0,1547.0,1,1542.0,1548.0,1560.0,1546.0,15.0,23280.0,4494
2023-05-10 21:21:48,FG2402,FG402,1546.0,0.0,0.0,0.0,1,1543.0,1546.0,2,1542.0,1548.0,1560.0,1546.0,15.0,23280.0,4494
2023-05-10 21:21:53,FG2402,FG402,1546.0,0.0,0.0,0.0,2,1543.0,1546.0,2,1542.0,1548.0,1560.0,1546.0,15.0,23280.0,4494
2023-05-10 21:21:53,FG2402,FG402,1546.0,0.0,0.0,0.0,2,1543.0,1547.0,2,1542.0,1548.0,1560.0,1546.0,15.0,23280.0,4494
2023-05-10 21:21:58,FG2402,FG402,1546.0,0.0,0.0,0.0,1,1543.0,1547.0,2,1542.0,1548.0,1560.0,1546.0,15.0,23280.0,4494
2023-05-10 21:21:58,FG2402,FG402,1546.0,0.0,0.0,0.0,1,1543.0,1547.0,3,1542.0,1548.0,1560.0,1546.0,15.0,23280.0,4494
2023-05-10 21:22:03,FG2402,FG402,1546.0,0.0,0.0,0.0,1,1543.0,1547.0,2,1542.0,1548.0,1560.0,1546.0,15.0,23280.0,4494
2023-05-10 21:22:07,FG2402,FG402,1546.0,0.0,0.0,0.0,2,1543.0,1547.0,2,1542.0,1548.0,1560.0,1546.0,15.0,23280.0,4494
2023-05-10 21:22:15,FG2402,FG402,1546.0,0.0,0.0,0.0,1,1544.0,1547.0,2,1542.0,1548.0,1560.0,1546.0,15.0,23280.0,4494
2023-05-10 21:22:47,FG2402,FG402,1546.0,0.0,0.0,0.0,1,1544.0,1547.0,3,1542.0,1548.0,1560.0,1546.0,15.0,23280.0,4494
2023-05-10 21:23:25,FG2402,FG402,1546.0,0.0,0.0,0.0,1,1544.0,1547.0,2,1542.0,1548.0,1560.0,1546.0,15.0,23280.0,4494
2023-05-10 21:23:30,FG2402,FG402,1546.0,0.0,0.0,0.0,1,1544.0,1547.0,3,1542.0,1548.0,1560.0,1546.0,15.0,23280.0,4494
2023-05-10 21:23:39,FG2402,FG402,1546.0,0.0,0.0,0.0,1,1544.0,1547.0,2,1542.0,1548.0,1560.0,1546.0,15.0,23280.0,4494
2023-05-10 21:23:40,FG2402,FG402,1546.0,0.0,0.0,0.0,1,1544.0,1547.0,3,1542.0,1548.0,1560.0,1546.0,15.0,23280.0,4494
2023-05-10 21:23:42,FG2402,FG402,1546.0,0.0,0.0,0.0,1,1544.0,1547.0,2,1542.0,1548.0,1560.0,1546.0,15.0,23280.0,4494
2023-05-10 21:23:56,FG2402,FG402,1546.0,0.0,0.0,0.0,1,1544.0,1547.0,3,1542.0,1548.0,1560.0,1546.0,15.0,23280.0,4494
2023-05-10 21:24:15,FG2402,FG402,1546.0,0.0,0.0,0.0,1,1544.0,1547.0,2,1542.0,1548.0,1560.0,1546.0,15.0,23280.0,4494
2023-05-10 21:24:16,FG2402,FG402,1546.0,0.0,0.0,0.0,1,1544.0,1547.0,3,1542.0,1548.0,1560.0,1546.0,15.0,23280.0,4494
2023-05-10 21:24:22,FG2402,FG402,1546.0,0.0,0.0,0.0,1,1544.0,1547.0,2,1542.0,1548.0,1560.0,1546.0,15.0,23280.0,4494
2023-05-10 21:24:25,FG2402,FG402,1546.0,0.0,0.0,0.0,1,1544.0,1547.0,3,1542.0,1548.0,1560.0,1546.0,15.0,23280.0,4494
2023-05-10 21:24:36,FG2402,FG402,1546.0,0.0,0.0,0.0,1,1544.0,1547.0,2,1542.0,1548.0,1560.0,1546.0,15.0,23280.0,4494
2023-05-10 21:24:50,FG2402,FG402,1546.0,0.0,0.0,0.0,1,1544.0,1547.0,3,1542.0,1548.0,1560.0,1546.0,15.0,23280.0,4494
2023-05-10 21:24:57,FG2402,FG402,1546.0,0.0,0.0,0.0,1,1544.0,1547.0,2,1542.0,1548.0,1560.0,1546.0,15.0,23280.0,4494
2023-05-10 21:25:01,FG2402,FG402,1546.0,0.0,0.0,0.0,1,1544.0,1548.0,1,1542.0,1548.0,1560.0,1546.0,15.0,23280.0,4494
2023-05-10 21:25:01,FG2402,FG402,1546.0,0.0,0.0,0.0,1,1544.0,1547.0,2,1542.0,1548.0,1560.0,1546.0,15.0,23280.0,4494
2023-05-10 21:25:06,FG2402,FG402,1546.0,0.0,0.0,0.0,1,1545.0,1547.0,2,1542.0,1548.0,1560.0,1546.0,15.0,23280.0,4494
2023-05-10 21:25:16,FG2402,FG402,1546.0,0.0,0.0,0.0,1,1545.0,1549.0,2,1542.0,1548.0,1560.0,1546.0,15.0,23280.0,4494
2023-05-10 21:25:16,FG2402,FG402,1546.0,0.0,0.0,0.0,1,1545.0,1548.0,2,1542.0,1548.0,1560.0,1546.0,15.0,23280.0,4494
2023-05-10 21:25:19,FG2402,FG402,1546.0,0.0,0.0,0.0,1,1545.0,1548.0,3,1542.0,1548.0,1560.0,1546.0,15.0,23280.0,4494
2023-05-10 21:25:33,FG2402,FG402,1546.0,0.0,0.0,0.0,1,1544.0,1548.0,3,1542.0,1548.0,1560.0,1546.0,15.0,23280.0,4494
2023-05-10 21:25:56,FG2402,FG402,1546.0,0.0,0.0,0.0,1,1544.0,1547.0,1,1542.0,1548.0,1560.0,1546.0,15.0,23280.0,4494
2023-05-10 21:25:57,FG2402,FG402,1546.0,0.0,0.0,0.0,1,1544.0,1546.0,2,1542.0,1548.0,1560.0,1546.0,15.0,23280.0,4494
2023-05-10 21:26:06,FG2402,FG402,1546.0,0.0,0.0,0.0,1,1544.0,1548.0,1,1542.0,1548.0,1560.0,1546.0,15.0,23280.0,4494
2023-05-10 21:26:07,FG2402,FG402,1546.0,0.0,0.0,0.0,1,1545.0,1548.0,1,1542.0,1548.0,1560.0,1546.0,15.0,23280.0,4494
2023-05-10 21:26:07,FG2402,FG402,1546.0,0.0,0.0,0.0,1,1544.0,1547.0,2,1542.0,1548.0,1560.0,1546.0,15.0,23280.0,4494
2023-05-10 21:26:08,FG2402,FG402,1546.0,0.0,0.0,0.0,1,1544.0,1547.0,3,1542.0,1548.0,1560.0,1546.0,15.0,23280.0,4494
2023-05-10 21:26:31,FG2402,FG402,1546.0,0.0,0.0,0.0,1,1545.0,1547.0,3,1542.0,1548.0,1560.0,1546.0,15.0,23280.0,4494
2023-05-10 21:26:31,FG2402,FG402,1546.0,0.0,0.0,0.0,1,1544.0,1547.0,3,1542.0,1548.0,1560.0,1546.0,15.0,23280.0,4494
2023-05-10 21:26:37,FG2402,FG402,1546.0,0.0,0.0,0.0,1,1544.0,1547.0,2,1542.0,1548.0,1560.0,1546.0,15.0,23280.0,4494
2023-05-10 21:26:40,FG2402,FG402,1546.0,0.0,0.0,0.0,1,1544.0,1547.0,3,1542.0,1548.0,1560.0,1546.0,15.0,23280.0,4494
2023-05-10 21:26:41,FG2402,FG402,1546.0,0.0,0.0,0.0,1,1544.0,1547.0,2,1542.0,1548.0,1560.0,1546.0,15.0,23280.0,4494
2023-05-10 21:27:08,FG2402,FG402,1546.0,0.0,0.0,0.0,1,1544.0,1547.0,3,1542.0,1548.0,1560.0,1546.0,15.0,23280.0,4494
2023-05-10 21:27:30,FG2402,FG402,1546.0,0.0,0.0,0.0,2,1546.0,1547.0,3,1542.0,1548.0,1560.0,1546.0,15.0,23280.0,4494
2023-05-10 21:27:39,FG2402,FG402,1546.0,2.0,3087.0,2.0,1,1544.0,1546.0,1,1542.0,1548.0,1560.0,1546.0,17.0,26367.0,4496
2023-05-10 21:27:40,FG2402,FG402,1546.0,0.0,0.0,0.0,1,1544.0,1545.0,2,1542.0,1548.0,1560.0,1546.0,17.0,26367.0,4496
2023-05-10 21:27:47,FG2402,FG402,1546.0,0.0,0.0,0.0,1,1544.0,1547.0,1,1542.0,1548.0,1560.0,1546.0,17.0,26367.0,4496
2023-05-10 21:27:48,FG2402,FG402,1546.0,0.0,0.0,0.0,1,1544.0,1546.0,2,1542.0,1548.0,1560.0,1546.0,17.0,26367.0,4496
2023-05-10 21:27:49,FG2402,FG402,1546.0,0.0,0.0,0.0,1,1544.0,1546.0,3,1542.0,1548.0,1560.0,1546.0,17.0,26367.0,4496
2023-05-10 21:27:54,FG2402,FG402,1546.0,0.0,0.0,0.0,1,1544.0,1546.0,2,1542.0,1548.0,1560.0,1546.0,17.0,26367.0,4496
2023-05-10 21:28:03,FG2402,FG402,1546.0,0.0,0.0,0.0,1,1544.0,1546.0,3,1542.0,1548.0,1560.0,1546.0,17.0,26367.0,4496
2023-05-10 21:28:07,FG2402,FG402,1544.0,1.0,1551.0,0.0,1,1544.0,1546.0,3,1542.0,1548.0,1560.0,1544.0,18.0,27918.0,4496
2023-05-10 21:28:12,FG2402,FG402,1544.0,0.0,0.0,0.0,3,1541.0,1546.0,3,1542.0,1548.0,1560.0,1544.0,18.0,27918.0,4496
2023-05-10 21:28:12,FG2402,FG402,1544.0,0.0,0.0,0.0,3,1541.0,1545.0,1,1542.0,1548.0,1560.0,1544.0,18.0,27918.0,4496
2023-05-10 21:28:13,FG2402,FG402,1544.0,0.0,0.0,0.0,3,1541.0,1544.0,2,1542.0,1548.0,1560.0,1544.0,18.0,27918.0,4496
2023-05-10 21:28:18,FG2402,FG402,1544.0,0.0,0.0,0.0,1,1542.0,1544.0,2,1542.0,1548.0,1560.0,1544.0,18.0,27918.0,4496
2023-05-10 21:28:19,FG2402,FG402,1544.0,0.0,0.0,0.0,1,1542.0,1545.0,2,1542.0,1548.0,1560.0,1544.0,18.0,27918.0,4496
2023-05-10 21:28:19,FG2402,FG402,1544.0,0.0,0.0,0.0,3,1541.0,1545.0,2,1542.0,1548.0,1560.0,1544.0,18.0,27918.0,4496
2023-05-10 21:28:20,FG2402,FG402,1544.0,0.0,0.0,0.0,3,1541.0,1545.0,3,1542.0,1548.0,1560.0,1544.0,18.0,27918.0,4496
2023-05-10 21:28:21,FG2402,FG402,1544.0,0.0,0.0,0.0,1,1542.0,1545.0,2,1542.0,1548.0,1560.0,1544.0,18.0,27918.0,4496
2023-05-10 21:28:36,FG2402,FG402,1544.0,0.0,0.0,0.0,1,1543.0,1545.0,2,1542.0,1548.0,1560.0,1544.0,18.0,27918.0,4496
2023-05-10 21:28:36,FG2402,FG402,1544.0,0.0,0.0,0.0,1,1543.0,1546.0,2,1542.0,1548.0,1560.0,1544.0,18.0,27918.0,4496
2023-05-10 21:28:38,FG2402,FG402,1544.0,0.0,0.0,0.0,1,1542.0,1546.0,2,1542.0,1548.0,1560.0,1544.0,18.0,27918.0,4496
2023-05-10 21:28:39,FG2402,FG402,1544.0,0.0,0.0,0.0,1,1543.0,1546.0,2,1542.0,1548.0,1560.0,1544.0,18.0,27918.0,4496
2023-05-10 21:28:41,FG2402,FG402,1544.0,0.0,0.0,0.0,1,1542.0,1546.0,3,1542.0,1548.0,1560.0,1544.0,18.0,27918.0,4496
2023-05-10 21:28:45,FG2402,FG402,1544.0,0.0,0.0,0.0,1,1543.0,1546.0,2,1542.0,1548.0,1560.0,1544.0,18.0,27918.0,4496
2023-05-10 21:28:53,FG2402,FG402,1544.0,0.0,0.0,0.0,1,1542.0,1546.0,2,1542.0,1548.0,1560.0,1544.0,18.0,27918.0,4496
2023-05-10 21:28:54,FG2402,FG402,1544.0,0.0,0.0,0.0,1,1542.0,1546.0,3,1542.0,1548.0,1560.0,1544.0,18.0,27918.0,4496
2023-05-10 21:29:07,FG2402,FG402,1544.0,0.0,0.0,0.0,3,1541.0,1545.0,1,1542.0,1548.0,1560.0,1544.0,18.0,27918.0,4496
2023-05-10 21:29:08,FG2402,FG402,1544.0,0.0,0.0,0.0,3,1541.0,1544.0,2,1542.0,1548.0,1560.0,1544.0,18.0,27918.0,4496
2023-05-10 21:29:10,FG2402,FG402,1544.0,0.0,0.0,0.0,3,1541.0,1546.0,1,1542.0,1548.0,1560.0,1544.0,18.0,27918.0,4496
2023-05-10 21:29:11,FG2402,FG402,1544.0,0.0,0.0,0.0,1,1542.0,1546.0,1,1542.0,1548.0,1560.0,1544.0,18.0,27918.0,4496
2023-05-10 21:29:11,FG2402,FG402,1544.0,0.0,0.0,0.0,1,1542.0,1545.0,2,1542.0,1548.0,1560.0,1544.0,18.0,27918.0,4496
2023-05-10 21:29:32,FG2402,FG402,1544.0,0.0,0.0,0.0,3,1541.0,1545.0,3,1542.0,1548.0,1560.0,1544.0,18.0,27918.0,4496
2023-05-10 21:29:36,FG2402,FG402,1544.0,0.0,0.0,0.0,2,1541.0,1545.0,3,1542.0,1548.0,1560.0,1544.0,18.0,27918.0,4496
2023-05-10 21:31:14,FG2402,FG402,1544.0,0.0,0.0,0.0,2,1541.0,1545.0,2,1542.0,1548.0,1560.0,1544.0,18.0,27918.0,4496
2023-05-10 21:31:14,FG2402,FG402,1544.0,0.0,0.0,0.0,1,1542.0,1545.0,2,1542.0,1548.0,1560.0,1544.0,18.0,27918.0,4496
2023-05-10 21:31:40,FG2402,FG402,1545.0,1.0,1551.0,0.0,1,1542.0,1545.0,1,1542.0,1548.0,1560.0,1544.0,19.0,29469.0,4496
2023-05-10 21:32:04,FG2402,FG402,1545.0,0.0,0.0,0.0,1,1543.0,1545.0,1,1542.0,1548.0,1560.0,1544.0,19.0,29469.0,4496
2023-05-10 21:32:04,FG2402,FG402,1545.0,0.0,0.0,0.0,1,1543.0,1546.0,1,1542.0,1548.0,1560.0,1544.0,19.0,29469.0,4496
2023-05-10 21:32:04,FG2402,FG402,1545.0,0.0,0.0,0.0,1,1542.0,1546.0,1,1542.0,1548.0,1560.0,1544.0,19.0,29469.0,4496
2023-05-10 21:32:05,FG2402,FG402,1545.0,0.0,0.0,0.0,1,1542.0,1546.0,2,1542.0,1548.0,1560.0,1544.0,19.0,29469.0,4496
2023-05-10 21:32:08,FG2402,FG402,1545.0,0.0,0.0,0.0,3,1542.0,1546.0,2,1542.0,1548.0,1560.0,1544.0,19.0,29469.0,4496
2023-05-10 21:32:18,FG2402,FG402,1545.0,0.0,0.0,0.0,2,1542.0,1546.0,2,1542.0,1548.0,1560.0,1544.0,19.0,29469.0,4496
2023-05-10 21:32:18,FG2402,FG402,1545.0,0.0,0.0,0.0,2,1542.0,1545.0,1,1542.0,1548.0,1560.0,1544.0,19.0,29469.0,4496
2023-05-10 21:32:18,FG2402,FG402,1545.0,0.0,0.0,0.0,2,1542.0,1544.0,1,1542.0,1548.0,1560.0,1544.0,19.0,29469.0,4496
2023-05-10 21:32:19,FG2402,FG402,1545.0,0.0,0.0,0.0,2,1542.0,1546.0,1,1542.0,1548.0,1560.0,1544.0,19.0,29469.0,4496
2023-05-10 21:32:20,FG2402,FG402,1545.0,0.0,0.0,0.0,2,1542.0,1545.0,1,1542.0,1548.0,1560.0,1544.0,19.0,29469.0,4496
2023-05-10 21:32:21,FG2402,FG402,1545.0,0.0,0.0,0.0,3,1542.0,1545.0,1,1542.0,1548.0,1560.0,1544.0,19.0,29469.0,4496
2023-05-10 21:32:51,FG2402,FG402,1545.0,0.0,0.0,0.0,2,1542.0,1545.0,1,1542.0,1548.0,1560.0,1544.0,19.0,29469.0,4496
2023-05-10 21:32:51,FG2402,FG402,1545.0,0.0,0.0,0.0,2,1542.0,1545.0,2,1542.0,1548.0,1560.0,1544.0,19.0,29469.0,4496
2023-05-10 21:32:57,FG2402,FG402,1545.0,0.0,0.0,0.0,8,1541.0,1544.0,1,1542.0,1548.0,1560.0,1544.0,19.0,29469.0,4496
2023-05-10 21:32:57,FG2402,FG402,1545.0,0.0,0.0,0.0,8,1541.0,1543.0,1,1542.0,1548.0,1560.0,1544.0,19.0,29469.0,4496
2023-05-10 21:33:10,FG2402,FG402,1545.0,0.0,0.0,0.0,4,1541.0,1543.0,1,1542.0,1548.0,1560.0,1544.0,19.0,29469.0,4496
2023-05-10 21:33:13,FG2402,FG402,1545.0,0.0,0.0,0.0,4,1541.0,1543.0,2,1542.0,1548.0,1560.0,1544.0,19.0,29469.0,4496
2023-05-10 21:33:19,FG2402,FG402,1545.0,0.0,0.0,0.0,3,1541.0,1543.0,2,1542.0,1548.0,1560.0,1544.0,19.0,29469.0,4496
2023-05-10 21:33:22,FG2402,FG402,1545.0,0.0,0.0,0.0,3,1541.0,1543.0,1,1542.0,1548.0,1560.0,1544.0,19.0,29469.0,4496
2023-05-10 21:33:33,FG2402,FG402,1545.0,0.0,0.0,0.0,4,1541.0,1543.0,1,1542.0,1548.0,1560.0,1544.0,19.0,29469.0,4496
2023-05-10 21:33:34,FG2402,FG402,1545.0,0.0,0.0,0.0,4,1541.0,1544.0,1,1542.0,1548.0,1560.0,1544.0,19.0,29469.0,4496
2023-05-10 21:34:00,FG2402,FG402,1545.0,0.0,0.0,0.0,1,1542.0,1544.0,1,1542.0,1548.0,1560.0,1544.0,19.0,29469.0,4496
2023-05-10 21:34:00,FG2402,FG402,1545.0,0.0,0.0,0.0,1,1542.0,1545.0,1,1542.0,1548.0,1560.0,1544.0,19.0,29469.0,4496
2023-05-10 21:34:20,FG2402,FG402,1545.0,0.0,0.0,0.0,4,1541.0,1545.0,1,1542.0,1548.0,1560.0,1544.0,19.0,29469.0,4496
2023-05-10 21:34:21,FG2402,FG402,1545.0,0.0,0.0,0.0,1,1542.0,1545.0,1,1542.0,1548.0,1560.0,1544.0,19.0,29469.0,4496
2023-05-10 21:34:43,FG2402,FG402,1545.0,1.0,1531.0,1.0,1,1542.0,1546.0,1,1542.0,1548.0,1560.0,1544.0,20.0,31000.0,4497
2023-05-10 21:34:50,FG2402,FG402,1545.0,0.0,0.0,0.0,6,1541.0,1545.0,1,1542.0,1548.0,1560.0,1544.0,20.0,31000.0,4497
2023-05-10 21:34:51,FG2402,FG402,1545.0,0.0,0.0,0.0,6,1541.0,1546.0,1,1542.0,1548.0,1560.0,1544.0,20.0,31000.0,4497
2023-05-10 21:34:51,FG2402,FG402,1545.0,0.0,0.0,0.0,1,1542.0,1546.0,1,1542.0,1548.0,1560.0,1544.0,20.0,31000.0,4497
2023-05-10 21:34:52,FG2402,FG402,1545.0,0.0,0.0,0.0,6,1541.0,1546.0,1,1542.0,1548.0,1560.0,1544.0,20.0,31000.0,4497
2023-05-10 21:34:53,FG2402,FG402,1545.0,0.0,0.0,0.0,1,1542.0,1546.0,1,1542.0,1548.0,1560.0,1544.0,20.0,31000.0,4497
2023-05-10 21:34:54,FG2402,FG402,1545.0,0.0,0.0,0.0,6,1541.0,1546.0,1,1542.0,1548.0,1560.0,1544.0,20.0,31000.0,4497
2023-05-10 21:34:56,FG2402,FG402,1545.0,0.0,0.0,0.0,1,1542.0,1546.0,1,1542.0,1548.0,1560.0,1544.0,20.0,31000.0,4497
2023-05-10 21:34:56,FG2402,FG402,1545.0,0.0,0.0,0.0,6,1541.0,1546.0,1,1542.0,1548.0,1560.0,1544.0,20.0,31000.0,4497
2023-05-10 21:34:57,FG2402,FG402,1545.0,0.0,0.0,0.0,1,1542.0,1546.0,1,1542.0,1548.0,1560.0,1544.0,20.0,31000.0,4497
2023-05-10 21:34:57,FG2402,FG402,1545.0,0.0,0.0,0.0,6,1541.0,1546.0,1,1542.0,1548.0,1560.0,1544.0,20.0,31000.0,4497
2023-05-10 21:34:59,FG2402,FG402,1545.0,0.0,0.0,0.0,1,1542.0,1546.0,1,1542.0,1548.0,1560.0,1544.0,20.0,31000.0,4497
2023-05-10 21:34:59,FG2402,FG402,1545.0,0.0,0.0,0.0,6,1541.0,1546.0,1,1542.0,1548.0,1560.0,1544.0,20.0,31000.0,4497
2023-05-10 21:35:02,FG2402,FG402,1545.0,0.0,0.0,0.0,1,1542.0,1546.0,1,1542.0,1548.0,1560.0,1544.0,20.0,31000.0,4497
2023-05-10 21:35:06,FG2402,FG402,1545.0,0.0,0.0,0.0,1,1542.0,1547.0,1,1542.0,1548.0,1560.0,1544.0,20.0,31000.0,4497
2023-05-10 21:35:06,FG2402,FG402,1545.0,0.0,0.0,0.0,1,1543.0,1547.0,1,1542.0,1548.0,1560.0,1544.0,20.0,31000.0,4497
2023-05-10 21:35:07,FG2402,FG402,1545.0,0.0,0.0,0.0,1,1542.0,1547.0,1,1542.0,1548.0,1560.0,1544.0,20.0,31000.0,4497
2023-05-10 21:35:10,FG2402,FG402,1545.0,0.0,0.0,0.0,1,1542.0,1546.0,1,1542.0,1548.0,1560.0,1544.0,20.0,31000.0,4497
2023-05-10 21:35:30,FG2402,FG402,1545.0,0.0,0.0,0.0,2,1542.0,1546.0,1,1542.0,1548.0,1560.0,1544.0,20.0,31000.0,4497
2023-05-10 21:35:58,FG2402,FG402,1545.0,0.0,0.0,0.0,2,1542.0,1547.0,1,1542.0,1548.0,1560.0,1544.0,20.0,31000.0,4497
2023-05-10 21:35:59,FG2402,FG402,1545.0,0.0,0.0,0.0,1,1543.0,1547.0,1,1542.0,1548.0,1560.0,1544.0,20.0,31000.0,4497
2023-05-10 21:35:59,FG2402,FG402,1545.0,0.0,0.0,0.0,2,1542.0,1547.0,1,1542.0,1548.0,1560.0,1544.0,20.0,31000.0,4497
2023-05-10 21:36:00,FG2402,FG402,1545.0,0.0,0.0,0.0,2,1542.0,1546.0,1,1542.0,1548.0,1560.0,1544.0,20.0,31000.0,4497
2023-05-10 21:36:07,FG2402,FG402,1545.0,0.0,0.0,0.0,1,1542.0,1545.0,1,1542.0,1548.0,1560.0,1544.0,20.0,31000.0,4497
2023-05-10 21:36:08,FG2402,FG402,1545.0,0.0,0.0,0.0,2,1542.0,1546.0,1,1542.0,1548.0,1560.0,1544.0,20.0,31000.0,4497
2023-05-10 21:36:08,FG2402,FG402,1545.0,0.0,0.0,0.0,1,1542.0,1546.0,1,1542.0,1548.0,1560.0,1544.0,20.0,31000.0,4497
2023-05-10 21:36:09,FG2402,FG402,1545.0,0.0,0.0,0.0,6,1541.0,1546.0,1,1542.0,1548.0,1560.0,1544.0,20.0,31000.0,4497
2023-05-10 21:36:09,FG2402,FG402,1545.0,0.0,0.0,0.0,6,1541.0,1545.0,1,1542.0,1548.0,1560.0,1544.0,20.0,31000.0,4497
2023-05-10 21:36:57,FG2402,FG402,1545.0,0.0,0.0,0.0,6,1541.0,1546.0,1,1542.0,1548.0,1560.0,1544.0,20.0,31000.0,4497
2023-05-10 21:36:57,FG2402,FG402,1545.0,0.0,0.0,0.0,1,1542.0,1546.0,1,1542.0,1548.0,1560.0,1544.0,20.0,31000.0,4497
2023-05-10 21:37:11,FG2402,FG402,1545.0,0.0,0.0,0.0,1,1543.0,1547.0,1,1542.0,1548.0,1560.0,1544.0,20.0,31000.0,4497
2023-05-10 21:37:20,FG2402,FG402,1545.0,0.0,0.0,0.0,1,1544.0,1548.0,2,1542.0,1548.0,1560.0,1544.0,20.0,31000.0,4497
2023-05-10 21:37:31,FG2402,FG402,1545.0,0.0,0.0,0.0,2,1544.0,1548.0,2,1542.0,1548.0,1560.0,1544.0,20.0,31000.0,4497
2023-05-10 21:37:43,FG2402,FG402,1545.0,0.0,0.0,0.0,1,1544.0,1547.0,1,1542.0,1548.0,1560.0,1544.0,20.0,31000.0,4497
2023-05-10 21:37:57,FG2402,FG402,1545.0,0.0,0.0,0.0,1,1544.0,1546.0,1,1542.0,1548.0,1560.0,1544.0,20.0,31000.0,4497
2023-05-10 21:38:06,FG2402,FG402,1544.0,1.0,1550.0,0.0,2,1542.0,1544.0,4,1542.0,1548.0,1560.0,1544.0,21.0,32550.0,4497
2023-05-10 21:38:14,FG2402,FG402,1544.0,0.0,0.0,0.0,1,1542.0,1544.0,4,1542.0,1548.0,1560.0,1544.0,21.0,32550.0,4497
2023-05-10 21:38:23,FG2402,FG402,1544.0,0.0,0.0,0.0,1,1542.0,1544.0,5,1542.0,1548.0,1560.0,1544.0,21.0,32550.0,4497
2023-05-10 21:38:25,FG2402,FG402,1544.0,0.0,0.0,0.0,5,1541.0,1544.0,5,1542.0,1548.0,1560.0,1544.0,21.0,32550.0,4497
2023-05-10 21:39:47,FG2402,FG402,1544.0,0.0,0.0,0.0,5,1541.0,1543.0,1,1542.0,1548.0,1560.0,1544.0,21.0,32550.0,4497
2023-05-10 21:39:47,FG2402,FG402,1544.0,0.0,0.0,0.0,5,1541.0,1544.0,5,1542.0,1548.0,1560.0,1544.0,21.0,32550.0,4497
2023-05-10 21:40:05,FG2402,FG402,1544.0,0.0,0.0,0.0,6,1541.0,1544.0,4,1542.0,1548.0,1560.0,1544.0,21.0,32550.0,4497
2023-05-10 21:40:05,FG2402,FG402,1544.0,0.0,0.0,0.0,5,1541.0,1544.0,4,1542.0,1548.0,1560.0,1544.0,21.0,32550.0,4497
2023-05-10 21:40:06,FG2402,FG402,1544.0,0.0,0.0,0.0,6,1541.0,1544.0,4,1542.0,1548.0,1560.0,1544.0,21.0,32550.0,4497
2023-05-10 21:40:09,FG2402,FG402,1544.0,0.0,0.0,0.0,5,1541.0,1544.0,4,1542.0,1548.0,1560.0,1544.0,21.0,32550.0,4497
2023-05-10 21:40:09,FG2402,FG402,1544.0,0.0,0.0,0.0,5,1541.0,1544.0,5,1542.0,1548.0,1560.0,1544.0,21.0,32550.0,4497
2023-05-10 21:40:12,FG2402,FG402,1544.0,0.0,0.0,0.0,5,1541.0,1544.0,4,1542.0,1548.0,1560.0,1544.0,21.0,32550.0,4497
2023-05-10 21:40:14,FG2402,FG402,1544.0,0.0,0.0,0.0,5,1541.0,1544.0,5,1542.0,1548.0,1560.0,1544.0,21.0,32550.0,4497
2023-05-10 21:40:20,FG2402,FG402,1544.0,0.0,0.0,0.0,6,1541.0,1544.0,4,1542.0,1548.0,1560.0,1544.0,21.0,32550.0,4497
2023-05-10 21:40:30,FG2402,FG402,1544.0,0.0,0.0,0.0,5,1541.0,1544.0,5,1542.0,1548.0,1560.0,1544.0,21.0,32550.0,4497
2023-05-10 21:40:49,FG2402,FG402,1544.0,0.0,0.0,0.0,6,1541.0,1544.0,5,1542.0,1548.0,1560.0,1544.0,21.0,32550.0,4497
2023-05-10 21:41:13,FG2402,FG402,1544.0,0.0,0.0,0.0,4,1541.0,1544.0,5,1542.0,1548.0,1560.0,1544.0,21.0,32550.0,4497
2023-05-10 21:41:31,FG2402,FG402,1544.0,0.0,0.0,0.0,3,1541.0,1543.0,1,1542.0,1548.0,1560.0,1544.0,21.0,32550.0,4497
2023-05-10 21:41:43,FG2402,FG402,1544.0,0.0,0.0,0.0,1,1540.0,1542.0,1,1542.0,1548.0,1560.0,1544.0,21.0,32550.0,4497
2023-05-10 21:42:01,FG2402,FG402,1544.0,0.0,0.0,0.0,1,1540.0,1541.0,1,1542.0,1548.0,1560.0,1544.0,21.0,32550.0,4497
2023-05-10 21:42:07,FG2402,FG402,1540.0,1.0,1550.0,1.0,2,1539.0,1541.0,2,1542.0,1548.0,1560.0,1540.0,22.0,34100.0,4498
2023-05-10 21:42:16,FG2402,FG402,1540.0,0.0,0.0,0.0,2,1539.0,1540.0,2,1542.0,1548.0,1560.0,1540.0,22.0,34100.0,4498
2023-05-10 21:42:16,FG2402,FG402,1540.0,0.0,0.0,0.0,4,1538.0,1539.0,2,1542.0,1548.0,1560.0,1540.0,22.0,34100.0,4498
2023-05-10 21:42:17,FG2402,FG402,1538.0,1.0,1527.0,1.0,3,1538.0,1539.0,1,1542.0,1548.0,1560.0,1538.0,23.0,35627.0,4499
2023-05-10 21:42:20,FG2402,FG402,1538.0,0.0,0.0,0.0,2,1538.0,1539.0,1,1542.0,1548.0,1560.0,1538.0,23.0,35627.0,4499
2023-05-10 21:42:21,FG2402,FG402,1538.0,2.0,3073.0,2.0,1,1537.0,1539.0,1,1542.0,1548.0,1560.0,1538.0,25.0,38700.0,4501
2023-05-10 21:42:22,FG2402,FG402,1538.0,0.0,0.0,0.0,1,1537.0,1540.0,1,1542.0,1548.0,1560.0,1538.0,25.0,38700.0,4501
2023-05-10 21:42:22,FG2402,FG402,1538.0,0.0,0.0,0.0,1,1537.0,1539.0,1,1542.0,1548.0,1560.0,1538.0,25.0,38700.0,4501
2023-05-10 21:42:25,FG2402,FG402,1538.0,0.0,0.0,0.0,1,1537.0,1540.0,1,1542.0,1548.0,1560.0,1538.0,25.0,38700.0,4501
2023-05-10 21:42:25,FG2402,FG402,1538.0,0.0,0.0,0.0,1,1537.0,1539.0,1,1542.0,1548.0,1560.0,1538.0,25.0,38700.0,4501
2023-05-10 21:42:31,FG2402,FG402,1538.0,0.0,0.0,0.0,1,1537.0,1540.0,1,1542.0,1548.0,1560.0,1538.0,25.0,38700.0,4501
2023-05-10 21:42:34,FG2402,FG402,1538.0,0.0,0.0,0.0,1,1537.0,1539.0,1,1542.0,1548.0,1560.0,1538.0,25.0,38700.0,4501
2023-05-10 21:42:36,FG2402,FG402,1538.0,0.0,0.0,0.0,9,1536.0,1539.0,1,1542.0,1548.0,1560.0,1538.0,25.0,38700.0,4501
2023-05-10 21:42:36,FG2402,FG402,1538.0,0.0,0.0,0.0,8,1536.0,1539.0,1,1542.0,1548.0,1560.0,1538.0,25.0,38700.0,4501
2023-05-10 21:42:38,FG2402,FG402,1538.0,0.0,0.0,0.0,8,1536.0,1538.0,1,1542.0,1548.0,1560.0,1538.0,25.0,38700.0,4501
2023-05-10 21:42:38,FG2402,FG402,1538.0,0.0,0.0,0.0,8,1536.0,1539.0,1,1542.0,1548.0,1560.0,1538.0,25.0,38700.0,4501
2023-05-10 21:42:39,FG2402,FG402,1538.0,0.0,0.0,0.0,9,1536.0,1539.0,1,1542.0,1548.0,1560.0,1538.0,25.0,38700.0,4501
2023-05-10 21:42:39,FG2402,FG402,1538.0,0.0,0.0,0.0,9,1536.0,1538.0,1,1542.0,1548.0,1560.0,1538.0,25.0,38700.0,4501
2023-05-10 21:42:40,FG2402,FG402,1538.0,0.0,0.0,0.0,9,1536.0,1537.0,1,1542.0,1548.0,1560.0,1538.0,25.0,38700.0,4501
2023-05-10 21:42:41,FG2402,FG402,1536.0,4.0,6163.0,4.0,1,1536.0,1537.0,1,1542.0,1548.0,1560.0,1536.0,29.0,44863.0,4505
2023-05-10 21:42:43,FG2402,FG402,1536.0,0.0,0.0,0.0,3,1535.0,1537.0,1,1542.0,1548.0,1560.0,1536.0,29.0,44863.0,4505
2023-05-10 21:42:44,FG2402,FG402,1536.0,0.0,0.0,0.0,3,1535.0,1538.0,1,1542.0,1548.0,1560.0,1536.0,29.0,44863.0,4505
2023-05-10 21:42:45,FG2402,FG402,1536.0,0.0,0.0,0.0,3,1535.0,1537.0,1,1542.0,1548.0,1560.0,1536.0,29.0,44863.0,4505
2023-05-10 21:42:45,FG2402,FG402,1536.0,0.0,0.0,0.0,3,1535.0,1538.0,1,1542.0,1548.0,1560.0,1536.0,29.0,44863.0,4505
2023-05-10 21:42:48,FG2402,FG402,1536.0,0.0,0.0,0.0,3,1535.0,1537.0,1,1542.0,1548.0,1560.0,1536.0,29.0,44863.0,4505
2023-05-10 21:42:52,FG2402,FG402,1536.0,0.0,0.0,0.0,3,1535.0,1536.0,1,1542.0,1548.0,1560.0,1536.0,29.0,44863.0,4505
2023-05-10 21:42:52,FG2402,FG402,1536.0,0.0,0.0,0.0,3,1535.0,1537.0,1,1542.0,1548.0,1560.0,1536.0,29.0,44863.0,4505
2023-05-10 21:42:55,FG2402,FG402,1536.0,0.0,0.0,0.0,3,1535.0,1536.0,1,1542.0,1548.0,1560.0,1536.0,29.0,44863.0,4505
2023-05-10 21:42:55,FG2402,FG402,1536.0,0.0,0.0,0.0,3,1535.0,1537.0,1,1542.0,1548.0,1560.0,1536.0,29.0,44863.0,4505
2023-05-10 21:43:00,FG2402,FG402,1536.0,0.0,0.0,0.0,3,1535.0,1538.0,2,1542.0,1548.0,1560.0,1536.0,29.0,44863.0,4505
2023-05-10 21:43:01,FG2402,FG402,1536.0,0.0,0.0,0.0,4,1535.0,1538.0,2,1542.0,1548.0,1560.0,1536.0,29.0,44863.0,4505
2023-05-10 21:43:02,FG2402,FG402,1536.0,0.0,0.0,0.0,4,1535.0,1538.0,1,1542.0,1548.0,1560.0,1536.0,29.0,44863.0,4505
2023-05-10 21:43:02,FG2402,FG402,1536.0,0.0,0.0,0.0,4,1535.0,1538.0,2,1542.0,1548.0,1560.0,1536.0,29.0,44863.0,4505
2023-05-10 21:43:05,FG2402,FG402,1536.0,0.0,0.0,0.0,5,1535.0,1538.0,2,1542.0,1548.0,1560.0,1536.0,29.0,44863.0,4505
2023-05-10 21:43:06,FG2402,FG402,1536.0,0.0,0.0,0.0,5,1535.0,1538.0,1,1542.0,1548.0,1560.0,1536.0,29.0,44863.0,4505
2023-05-10 21:43:10,FG2402,FG402,1536.0,0.0,0.0,0.0,4,1535.0,1538.0,1,1542.0,1548.0,1560.0,1536.0,29.0,44863.0,4505
2023-05-10 21:43:10,FG2402,FG402,1536.0,0.0,0.0,0.0,5,1535.0,1538.0,1,1542.0,1548.0,1560.0,1536.0,29.0,44863.0,4505
2023-05-10 21:43:11,FG2402,FG402,1536.0,0.0,0.0,0.0,4,1535.0,1538.0,1,1542.0,1548.0,1560.0,1536.0,29.0,44863.0,4505
2023-05-10 21:43:15,FG2402,FG402,1536.0,0.0,0.0,0.0,4,1535.0,1539.0,1,1542.0,1548.0,1560.0,1536.0,29.0,44863.0,4505
2023-05-10 21:43:16,FG2402,FG402,1536.0,0.0,0.0,0.0,4,1535.0,1539.0,2,1542.0,1548.0,1560.0,1536.0,29.0,44863.0,4505
2023-05-10 21:43:16,FG2402,FG402,1536.0,0.0,0.0,0.0,4,1535.0,1538.0,1,1542.0,1548.0,1560.0,1536.0,29.0,44863.0,4505
2023-05-10 21:43:17,FG2402,FG402,1536.0,0.0,0.0,0.0,1,1536.0,1539.0,1,1542.0,1548.0,1560.0,1536.0,29.0,44863.0,4505
2023-05-10 21:43:17,FG2402,FG402,1536.0,0.0,0.0,0.0,2,1536.0,1539.0,1,1542.0,1548.0,1560.0,1536.0,29.0,44863.0,4505
2023-05-10 21:43:20,FG2402,FG402,1536.0,0.0,0.0,0.0,1,1537.0,1540.0,1,1542.0,1548.0,1560.0,1536.0,29.0,44863.0,4505
2023-05-10 21:43:23,FG2402,FG402,1536.0,0.0,0.0,0.0,3,1536.0,1539.0,1,1542.0,1548.0,1560.0,1536.0,29.0,44863.0,4505
2023-05-10 21:43:23,FG2402,FG402,1536.0,0.0,0.0,0.0,1,1537.0,1540.0,1,1542.0,1548.0,1560.0,1536.0,29.0,44863.0,4505
2023-05-10 21:43:24,FG2402,FG402,1536.0,0.0,0.0,0.0,3,1536.0,1540.0,1,1542.0,1548.0,1560.0,1536.0,29.0,44863.0,4505
2023-05-10 21:43:25,FG2402,FG402,1536.0,0.0,0.0,0.0,1,1538.0,1540.0,1,1542.0,1548.0,1560.0,1536.0,29.0,44863.0,4505
2023-05-10 21:43:25,FG2402,FG402,1536.0,0.0,0.0,0.0,1,1538.0,1539.0,1,1542.0,1548.0,1560.0,1536.0,29.0,44863.0,4505
2023-05-10 21:43:37,FG2402,FG402,1536.0,0.0,0.0,0.0,1,1538.0,1540.0,1,1542.0,1548.0,1560.0,1536.0,29.0,44863.0,4505
2023-05-10 21:43:37,FG2402,FG402,1536.0,0.0,0.0,0.0,1,1538.0,1539.0,1,1542.0,1548.0,1560.0,1536.0,29.0,44863.0,4505
2023-05-10 21:44:02,FG2402,FG402,1536.0,0.0,0.0,0.0,1,1538.0,1540.0,1,1542.0,1548.0,1560.0,1536.0,29.0,44863.0,4505
2023-05-10 21:44:04,FG2402,FG402,1536.0,0.0,0.0,0.0,2,1538.0,1541.0,1,1542.0,1548.0,1560.0,1536.0,29.0,44863.0,4505
2023-05-10 21:44:14,FG2402,FG402,1536.0,0.0,0.0,0.0,1,1539.0,1542.0,1,1542.0,1548.0,1560.0,1536.0,29.0,44863.0,4505
2023-05-10 21:44:18,FG2402,FG402,1536.0,0.0,0.0,0.0,2,1538.0,1542.0,1,1542.0,1548.0,1560.0,1536.0,29.0,44863.0,4505
2023-05-10 21:44:19,FG2402,FG402,1536.0,0.0,0.0,0.0,1,1538.0,1540.0,1,1542.0,1548.0,1560.0,1536.0,29.0,44863.0,4505
2023-05-10 21:44:22,FG2402,FG402,1536.0,0.0,0.0,0.0,2,1538.0,1541.0,1,1542.0,1548.0,1560.0,1536.0,29.0,44863.0,4505
2023-05-10 21:44:23,FG2402,FG402,1536.0,0.0,0.0,0.0,1,1538.0,1540.0,1,1542.0,1548.0,1560.0,1536.0,29.0,44863.0,4505
2023-05-10 21:44:24,FG2402,FG402,1536.0,0.0,0.0,0.0,2,1538.0,1541.0,1,1542.0,1548.0,1560.0,1536.0,29.0,44863.0,4505
2023-05-10 21:44:29,FG2402,FG402,1536.0,0.0,0.0,0.0,1,1538.0,1541.0,1,1542.0,1548.0,1560.0,1536.0,29.0,44863.0,4505
2023-05-10 21:44:32,FG2402,FG402,1536.0,0.0,0.0,0.0,2,1538.0,1541.0,1,1542.0,1548.0,1560.0,1536.0,29.0,44863.0,4505
2023-05-10 21:44:33,FG2402,FG402,1536.0,0.0,0.0,0.0,1,1537.0,1541.0,1,1542.0,1548.0,1560.0,1536.0,29.0,44863.0,4505
2023-05-10 21:44:33,FG2402,FG402,1536.0,0.0,0.0,0.0,1,1537.0,1540.0,1,1542.0,1548.0,1560.0,1536.0,29.0,44863.0,4505
2023-05-10 21:44:36,FG2402,FG402,1536.0,0.0,0.0,0.0,1,1537.0,1541.0,1,1542.0,1548.0,1560.0,1536.0,29.0,44863.0,4505
2023-05-10 21:44:37,FG2402,FG402,1536.0,0.0,0.0,0.0,1,1538.0,1541.0,1,1542.0,1548.0,1560.0,1536.0,29.0,44863.0,4505
2023-05-10 21:44:48,FG2402,FG402,1536.0,0.0,0.0,0.0,2,1538.0,1541.0,1,1542.0,1548.0,1560.0,1536.0,29.0,44863.0,4505
2023-05-10 21:44:59,FG2402,FG402,1536.0,0.0,0.0,0.0,1,1539.0,1542.0,1,1542.0,1548.0,1560.0,1536.0,29.0,44863.0,4505
2023-05-10 21:45:06,FG2402,FG402,1536.0,0.0,0.0,0.0,2,1538.0,1542.0,1,1542.0,1548.0,1560.0,1536.0,29.0,44863.0,4505
2023-05-10 21:45:07,FG2402,FG402,1536.0,0.0,0.0,0.0,1,1539.0,1542.0,1,1542.0,1548.0,1560.0,1536.0,29.0,44863.0,4505
2023-05-10 21:45:07,FG2402,FG402,1536.0,0.0,0.0,0.0,1,1540.0,1542.0,1,1542.0,1548.0,1560.0,1536.0,29.0,44863.0,4505
2023-05-10 21:45:24,FG2402,FG402,1536.0,0.0,0.0,0.0,1,1540.0,1541.0,1,1542.0,1548.0,1560.0,1536.0,29.0,44863.0,4505
2023-05-10 21:45:27,FG2402,FG402,1540.0,1.0,1517.0,1.0,1,1538.0,1540.0,1,1542.0,1548.0,1560.0,1536.0,30.0,46380.0,4506
2023-05-10 21:45:44,FG2402,FG402,1540.0,0.0,0.0,0.0,2,1538.0,1541.0,1,1542.0,1548.0,1560.0,1536.0,30.0,46380.0,4506
2023-05-10 21:45:44,FG2402,FG402,1540.0,0.0,0.0,0.0,1,1538.0,1541.0,1,1542.0,1548.0,1560.0,1536.0,30.0,46380.0,4506
2023-05-10 21:45:49,FG2402,FG402,1540.0,0.0,0.0,0.0,1,1538.0,1540.0,1,1542.0,1548.0,1560.0,1536.0,30.0,46380.0,4506
2023-05-10 21:45:54,FG2402,FG402,1540.0,0.0,0.0,0.0,1,1539.0,1540.0,1,1542.0,1548.0,1560.0,1536.0,30.0,46380.0,4506
2023-05-10 21:46:10,FG2402,FG402,1540.0,0.0,0.0,0.0,1,1539.0,1541.0,1,1542.0,1548.0,1560.0,1536.0,30.0,46380.0,4506
2023-05-10 21:46:21,FG2402,FG402,1540.0,0.0,0.0,0.0,3,1539.0,1541.0,1,1542.0,1548.0,1560.0,1536.0,30.0,46380.0,4506
2023-05-10 21:46:28,FG2402,FG402,1540.0,0.0,0.0,0.0,1,1539.0,1541.0,1,1542.0,1548.0,1560.0,1536.0,30.0,46380.0,4506
2023-05-10 21:46:31,FG2402,FG402,1540.0,0.0,0.0,0.0,1,1539.0,1540.0,1,1542.0,1548.0,1560.0,1536.0,30.0,46380.0,4506
2023-05-10 21:46:32,FG2402,FG402,1540.0,2.0,3092.0,2.0,1,1539.0,1540.0,1,1542.0,1548.0,1560.0,1536.0,32.0,49472.0,4508
2023-05-10 21:46:33,FG2402,FG402,1540.0,0.0,0.0,0.0,1,1539.0,1541.0,1,1542.0,1548.0,1560.0,1536.0,32.0,49472.0,4508
2023-05-10 21:47:34,FG2402,FG402,1540.0,0.0,0.0,0.0,1,1539.0,1540.0,1,1542.0,1548.0,1560.0,1536.0,32.0,49472.0,4508
2023-05-10 21:48:02,FG2402,FG402,1540.0,0.0,0.0,0.0,1,1539.0,1541.0,1,1542.0,1548.0,1560.0,1536.0,32.0,49472.0,4508
2023-05-10 21:48:03,FG2402,FG402,1540.0,0.0,0.0,0.0,1,1539.0,1540.0,1,1542.0,1548.0,1560.0,1536.0,32.0,49472.0,4508
2023-05-10 21:48:12,FG2402,FG402,1540.0,1.0,1546.0,1.0,1,1539.0,1540.0,1,1542.0,1548.0,1560.0,1536.0,33.0,51018.0,4509
2023-05-10 21:48:14,FG2402,FG402,1539.0,1.0,1546.0,1.0,2,1536.0,1539.0,1,1542.0,1548.0,1560.0,1536.0,34.0,52564.0,4510
2023-05-10 21:48:36,FG2402,FG402,1539.0,0.0,0.0,0.0,1,1537.0,1539.0,1,1542.0,1548.0,1560.0,1536.0,34.0,52564.0,4510
2023-05-10 21:48:44,FG2402,FG402,1539.0,0.0,0.0,0.0,1,1537.0,1538.0,1,1542.0,1548.0,1560.0,1536.0,34.0,52564.0,4510
2023-05-10 21:49:07,FG2402,FG402,1537.0,1.0,1511.0,1.0,2,1536.0,1537.0,1,1542.0,1548.0,1560.0,1536.0,35.0,54075.0,4511
2023-05-10 21:49:08,FG2402,FG402,1536.0,1.0,1545.0,1.0,1,1536.0,1538.0,1,1542.0,1548.0,1560.0,1536.0,36.0,55620.0,4512
2023-05-10 21:49:09,FG2402,FG402,1536.0,0.0,0.0,0.0,1,1536.0,1537.0,1,1542.0,1548.0,1560.0,1536.0,36.0,55620.0,4512
2023-05-10 21:49:09,FG2402,FG402,1536.0,0.0,0.0,0.0,1,1536.0,1538.0,2,1542.0,1548.0,1560.0,1536.0,36.0,55620.0,4512
2023-05-10 21:49:16,FG2402,FG402,1536.0,0.0,0.0,0.0,1,1536.0,1538.0,1,1542.0,1548.0,1560.0,1536.0,36.0,55620.0,4512
2023-05-10 21:49:20,FG2402,FG402,1536.0,0.0,0.0,0.0,1,1536.0,1539.0,1,1542.0,1548.0,1560.0,1536.0,36.0,55620.0,4512
2023-05-10 21:49:26,FG2402,FG402,1536.0,0.0,0.0,0.0,1,1537.0,1539.0,1,1542.0,1548.0,1560.0,1536.0,36.0,55620.0,4512
2023-05-10 21:49:34,FG2402,FG402,1536.0,0.0,0.0,0.0,1,1537.0,1540.0,3,1542.0,1548.0,1560.0,1536.0,36.0,55620.0,4512
2023-05-10 21:49:35,FG2402,FG402,1536.0,0.0,0.0,0.0,1,1537.0,1540.0,2,1542.0,1548.0,1560.0,1536.0,36.0,55620.0,4512
2023-05-10 21:49:36,FG2402,FG402,1536.0,0.0,0.0,0.0,1,1537.0,1539.0,1,1542.0,1548.0,1560.0,1536.0,36.0,55620.0,4512
2023-05-10 21:49:41,FG2402,FG402,1536.0,0.0,0.0,0.0,1,1537.0,1540.0,3,1542.0,1548.0,1560.0,1536.0,36.0,55620.0,4512
2023-05-10 21:49:41,FG2402,FG402,1536.0,0.0,0.0,0.0,1,1537.0,1540.0,2,1542.0,1548.0,1560.0,1536.0,36.0,55620.0,4512
2023-05-10 21:49:45,FG2402,FG402,1536.0,0.0,0.0,0.0,1,1537.0,1539.0,1,1542.0,1548.0,1560.0,1536.0,36.0,55620.0,4512
2023-05-10 21:49:47,FG2402,FG402,1536.0,0.0,0.0,0.0,1,1537.0,1540.0,3,1542.0,1548.0,1560.0,1536.0,36.0,55620.0,4512
2023-05-10 21:49:47,FG2402,FG402,1536.0,0.0,0.0,0.0,1,1537.0,1539.0,1,1542.0,1548.0,1560.0,1536.0,36.0,55620.0,4512
2023-05-10 21:49:55,FG2402,FG402,1536.0,0.0,0.0,0.0,2,1537.0,1539.0,1,1542.0,1548.0,1560.0,1536.0,36.0,55620.0,4512
2023-05-10 21:50:03,FG2402,FG402,1536.0,0.0,0.0,0.0,3,1537.0,1539.0,1,1542.0,1548.0,1560.0,1536.0,36.0,55620.0,4512
2023-05-10 21:50:26,FG2402,FG402,1536.0,0.0,0.0,0.0,3,1537.0,1538.0,1,1542.0,1548.0,1560.0,1536.0,36.0,55620.0,4512
2023-05-10 21:50:27,FG2402,FG402,1536.0,0.0,0.0,0.0,2,1537.0,1539.0,2,1542.0,1548.0,1560.0,1536.0,36.0,55620.0,4512
2023-05-10 21:50:27,FG2402,FG402,1536.0,0.0,0.0,0.0,2,1537.0,1539.0,1,1542.0,1548.0,1560.0,1536.0,36.0,55620.0,4512
2023-05-10 21:50:29,FG2402,FG402,1536.0,0.0,0.0,0.0,2,1537.0,1538.0,1,1542.0,1548.0,1560.0,1536.0,36.0,55620.0,4512
2023-05-10 21:50:30,FG2402,FG402,1536.0,0.0,0.0,0.0,2,1537.0,1539.0,2,1542.0,1548.0,1560.0,1536.0,36.0,55620.0,4512
2023-05-10 21:50:31,FG2402,FG402,1536.0,0.0,0.0,0.0,2,1537.0,1539.0,1,1542.0,1548.0,1560.0,1536.0,36.0,55620.0,4512
2023-05-10 21:50:32,FG2402,FG402,1536.0,0.0,0.0,0.0,2,1537.0,1539.0,2,1542.0,1548.0,1560.0,1536.0,36.0,55620.0,4512
2023-05-10 21:50:44,FG2402,FG402,1536.0,0.0,0.0,0.0,2,1537.0,1539.0,1,1542.0,1548.0,1560.0,1536.0,36.0,55620.0,4512
2023-05-10 21:50:47,FG2402,FG402,1536.0,0.0,0.0,0.0,2,1537.0,1538.0,1,1542.0,1548.0,1560.0,1536.0,36.0,55620.0,4512
2023-05-10 21:50:51,FG2402,FG402,1536.0,0.0,0.0,0.0,1,1537.0,1538.0,1,1542.0,1548.0,1560.0,1536.0,36.0,55620.0,4512
2023-05-10 21:50:53,FG2402,FG402,1536.0,0.0,0.0,0.0,2,1536.0,1538.0,1,1542.0,1548.0,1560.0,1536.0,36.0,55620.0,4512
2023-05-10 21:51:31,FG2402,FG402,1536.0,0.0,0.0,0.0,1,1536.0,1538.0,1,1542.0,1548.0,1560.0,1536.0,36.0,55620.0,4512
2023-05-10 21:51:57,FG2402,FG402,1536.0,0.0,0.0,0.0,2,1536.0,1539.0,1,1542.0,1548.0,1560.0,1536.0,36.0,55620.0,4512
2023-05-10 21:51:58,FG2402,FG402,1536.0,0.0,0.0,0.0,1,1536.0,1539.0,1,1542.0,1548.0,1560.0,1536.0,36.0,55620.0,4512
2023-05-10 21:51:59,FG2402,FG402,1536.0,0.0,0.0,0.0,1,1536.0,1538.0,1,1542.0,1548.0,1560.0,1536.0,36.0,55620.0,4512
2023-05-10 21:52:18,FG2402,FG402,1536.0,0.0,0.0,0.0,2,1536.0,1539.0,1,1542.0,1548.0,1560.0,1536.0,36.0,55620.0,4512
2023-05-10 21:52:35,FG2402,FG402,1536.0,0.0,0.0,0.0,1,1536.0,1538.0,1,1542.0,1548.0,1560.0,1536.0,36.0,55620.0,4512
2023-05-10 21:52:40,FG2402,FG402,1536.0,0.0,0.0,0.0,1,1536.0,1537.0,1,1542.0,1548.0,1560.0,1536.0,36.0,55620.0,4512
2023-05-10 21:52:41,FG2402,FG402,1536.0,1.0,1545.0,0.0,2,1535.0,1536.0,1,1542.0,1548.0,1560.0,1536.0,37.0,57165.0,4512
2023-05-10 21:52:42,FG2402,FG402,1535.0,2.0,3051.0,2.0,3,1534.0,1536.0,1,1542.0,1548.0,1560.0,1535.0,39.0,60216.0,4514
2023-05-10 21:52:51,FG2402,FG402,1535.0,0.0,0.0,0.0,3,1534.0,1537.0,1,1542.0,1548.0,1560.0,1535.0,39.0,60216.0,4514
2023-05-10 21:52:51,FG2402,FG402,1535.0,0.0,0.0,0.0,3,1534.0,1536.0,1,1542.0,1548.0,1560.0,1535.0,39.0,60216.0,4514
2023-05-10 21:52:52,FG2402,FG402,1535.0,0.0,0.0,0.0,1,1535.0,1536.0,1,1542.0,1548.0,1560.0,1535.0,39.0,60216.0,4514
2023-05-10 21:53:08,FG2402,FG402,1535.0,0.0,0.0,0.0,2,1535.0,1536.0,1,1542.0,1548.0,1560.0,1535.0,39.0,60216.0,4514
2023-05-10 21:53:08,FG2402,FG402,1535.0,0.0,0.0,0.0,2,1535.0,1538.0,1,1542.0,1548.0,1560.0,1535.0,39.0,60216.0,4514
2023-05-10 21:53:15,FG2402,FG402,1535.0,0.0,0.0,0.0,2,1535.0,1539.0,1,1542.0,1548.0,1560.0,1535.0,39.0,60216.0,4514
2023-05-10 21:53:15,FG2402,FG402,1535.0,0.0,0.0,0.0,2,1535.0,1538.0,1,1542.0,1548.0,1560.0,1535.0,39.0,60216.0,4514
2023-05-10 21:53:15,FG2402,FG402,1535.0,0.0,0.0,0.0,1,1536.0,1538.0,1,1542.0,1548.0,1560.0,1535.0,39.0,60216.0,4514
2023-05-10 21:53:16,FG2402,FG402,1535.0,0.0,0.0,0.0,1,1537.0,1538.0,1,1542.0,1548.0,1560.0,1535.0,39.0,60216.0,4514
2023-05-10 21:53:16,FG2402,FG402,1535.0,0.0,0.0,0.0,1,1536.0,1540.0,3,1542.0,1548.0,1560.0,1535.0,39.0,60216.0,4514
2023-05-10 21:53:17,FG2402,FG402,1535.0,0.0,0.0,0.0,1,1536.0,1539.0,1,1542.0,1548.0,1560.0,1535.0,39.0,60216.0,4514
2023-05-10 21:53:51,FG2402,FG402,1535.0,0.0,0.0,0.0,1,1536.0,1539.0,2,1542.0,1548.0,1560.0,1535.0,39.0,60216.0,4514
2023-05-10 21:53:53,FG2402,FG402,1535.0,0.0,0.0,0.0,1,1537.0,1539.0,1,1542.0,1548.0,1560.0,1535.0,39.0,60216.0,4514
2023-05-10 21:53:55,FG2402,FG402,1535.0,0.0,0.0,0.0,1,1536.0,1539.0,1,1542.0,1548.0,1560.0,1535.0,39.0,60216.0,4514
2023-05-10 21:53:55,FG2402,FG402,1535.0,0.0,0.0,0.0,1,1537.0,1539.0,1,1542.0,1548.0,1560.0,1535.0,39.0,60216.0,4514
2023-05-10 21:53:57,FG2402,FG402,1535.0,0.0,0.0,0.0,1,1537.0,1539.0,2,1542.0,1548.0,1560.0,1535.0,39.0,60216.0,4514
2023-05-10 21:53:59,FG2402,FG402,1535.0,0.0,0.0,0.0,1,1537.0,1539.0,1,1542.0,1548.0,1560.0,1535.0,39.0,60216.0,4514
2023-05-10 21:54:00,FG2402,FG402,1535.0,0.0,0.0,0.0,1,1537.0,1539.0,2,1542.0,1548.0,1560.0,1535.0,39.0,60216.0,4514
2023-05-10 21:54:06,FG2402,FG402,1535.0,0.0,0.0,0.0,1,1536.0,1539.0,2,1542.0,1548.0,1560.0,1535.0,39.0,60216.0,4514
2023-05-10 21:54:25,FG2402,FG402,1535.0,0.0,0.0,0.0,3,1535.0,1539.0,2,1542.0,1548.0,1560.0,1535.0,39.0,60216.0,4514
2023-05-10 21:54:25,FG2402,FG402,1535.0,0.0,0.0,0.0,3,1535.0,1538.0,1,1542.0,1548.0,1560.0,1535.0,39.0,60216.0,4514
2023-05-10 21:54:40,FG2402,FG402,1535.0,0.0,0.0,0.0,2,1535.0,1538.0,1,1542.0,1548.0,1560.0,1535.0,39.0,60216.0,4514
2023-05-10 21:54:44,FG2402,FG402,1535.0,0.0,0.0,0.0,2,1535.0,1539.0,1,1542.0,1548.0,1560.0,1535.0,39.0,60216.0,4514
2023-05-10 21:54:45,FG2402,FG402,1535.0,0.0,0.0,0.0,2,1535.0,1538.0,1,1542.0,1548.0,1560.0,1535.0,39.0,60216.0,4514
2023-05-10 21:55:08,FG2402,FG402,1535.0,0.0,0.0,0.0,1,1536.0,1538.0,1,1542.0,1548.0,1560.0,1535.0,39.0,60216.0,4514
2023-05-10 21:55:10,FG2402,FG402,1535.0,0.0,0.0,0.0,1,1536.0,1540.0,1,1542.0,1548.0,1560.0,1535.0,39.0,60216.0,4514
2023-05-10 21:55:11,FG2402,FG402,1535.0,0.0,0.0,0.0,1,1536.0,1540.0,2,1542.0,1548.0,1560.0,1535.0,39.0,60216.0,4514
2023-05-10 21:55:12,FG2402,FG402,1535.0,0.0,0.0,0.0,1,1536.0,1539.0,1,1542.0,1548.0,1560.0,1535.0,39.0,60216.0,4514
2023-05-10 21:55:24,FG2402,FG402,1535.0,0.0,0.0,0.0,2,1535.0,1539.0,2,1542.0,1548.0,1560.0,1535.0,39.0,60216.0,4514
2023-05-10 21:55:24,FG2402,FG402,1535.0,0.0,0.0,0.0,2,1535.0,1539.0,3,1542.0,1548.0,1560.0,1535.0,39.0,60216.0,4514
2023-05-10 21:55:30,FG2402,FG402,1535.0,0.0,0.0,0.0,1,1536.0,1539.0,3,1542.0,1548.0,1560.0,1535.0,39.0,60216.0,4514
2023-05-10 21:55:43,FG2402,FG402,1535.0,0.0,0.0,0.0,1,1536.0,1538.0,1,1542.0,1548.0,1560.0,1535.0,39.0,60216.0,4514
2023-05-10 21:55:53,FG2402,FG402,1535.0,0.0,0.0,0.0,2,1536.0,1539.0,2,1542.0,1548.0,1560.0,1535.0,39.0,60216.0,4514
2023-05-10 21:55:54,FG2402,FG402,1535.0,0.0,0.0,0.0,1,1536.0,1539.0,2,1542.0,1548.0,1560.0,1535.0,39.0,60216.0,4514
2023-05-10 21:55:56,FG2402,FG402,1535.0,0.0,0.0,0.0,1,1536.0,1539.0,1,1542.0,1548.0,1560.0,1535.0,39.0,60216.0,4514
2023-05-10 21:55:57,FG2402,FG402,1535.0,0.0,0.0,0.0,2,1536.0,1539.0,1,1542.0,1548.0,1560.0,1535.0,39.0,60216.0,4514
2023-05-10 21:55:57,FG2402,FG402,1535.0,0.0,0.0,0.0,1,1536.0,1539.0,1,1542.0,1548.0,1560.0,1535.0,39.0,60216.0,4514
2023-05-10 21:56:00,FG2402,FG402,1535.0,0.0,0.0,0.0,2,1536.0,1539.0,1,1542.0,1548.0,1560.0,1535.0,39.0,60216.0,4514
2023-05-10 21:56:05,FG2402,FG402,1535.0,0.0,0.0,0.0,1,1536.0,1538.0,1,1542.0,1548.0,1560.0,1535.0,39.0,60216.0,4514
2023-05-10 21:56:12,FG2402,FG402,1535.0,0.0,0.0,0.0,2,1536.0,1539.0,2,1542.0,1548.0,1560.0,1535.0,39.0,60216.0,4514
2023-05-10 21:56:12,FG2402,FG402,1535.0,0.0,0.0,0.0,2,1536.0,1539.0,1,1542.0,1548.0,1560.0,1535.0,39.0,60216.0,4514
2023-05-10 21:56:31,FG2402,FG402,1535.0,0.0,0.0,0.0,1,1536.0,1539.0,1,1542.0,1548.0,1560.0,1535.0,39.0,60216.0,4514
2023-05-10 21:56:35,FG2402,FG402,1535.0,0.0,0.0,0.0,1,1537.0,1539.0,1,1542.0,1548.0,1560.0,1535.0,39.0,60216.0,4514
2023-05-10 21:56:36,FG2402,FG402,1535.0,0.0,0.0,0.0,1,1537.0,1538.0,1,1542.0,1548.0,1560.0,1535.0,39.0,60216.0,4514
2023-05-10 21:56:43,FG2402,FG402,1538.0,1.0,1544.0,1.0,1,1537.0,1539.0,1,1542.0,1548.0,1560.0,1535.0,40.0,61760.0,4515
2023-05-10 21:56:43,FG2402,FG402,1538.0,0.0,0.0,0.0,1,1537.0,1540.0,2,1542.0,1548.0,1560.0,1535.0,40.0,61760.0,4515
2023-05-10 21:56:44,FG2402,FG402,1538.0,0.0,0.0,0.0,1,1537.0,1539.0,1,1542.0,1548.0,1560.0,1535.0,40.0,61760.0,4515
2023-05-10 21:56:54,FG2402,FG402,1538.0,0.0,0.0,0.0,1,1537.0,1539.0,2,1542.0,1548.0,1560.0,1535.0,40.0,61760.0,4515
2023-05-10 21:56:55,FG2402,FG402,1538.0,0.0,0.0,0.0,1,1537.0,1539.0,3,1542.0,1548.0,1560.0,1535.0,40.0,61760.0,4515
2023-05-10 21:56:57,FG2402,FG402,1538.0,0.0,0.0,0.0,1,1537.0,1539.0,2,1542.0,1548.0,1560.0,1535.0,40.0,61760.0,4515
2023-05-10 21:56:57,FG2402,FG402,1538.0,0.0,0.0,0.0,1,1537.0,1539.0,1,1542.0,1548.0,1560.0,1535.0,40.0,61760.0,4515
2023-05-10 21:56:59,FG2402,FG402,1538.0,0.0,0.0,0.0,1,1537.0,1539.0,2,1542.0,1548.0,1560.0,1535.0,40.0,61760.0,4515
2023-05-10 21:56:59,FG2402,FG402,1538.0,0.0,0.0,0.0,1,1537.0,1539.0,3,1542.0,1548.0,1560.0,1535.0,40.0,61760.0,4515
2023-05-10 21:57:00,FG2402,FG402,1538.0,0.0,0.0,0.0,1,1537.0,1539.0,2,1542.0,1548.0,1560.0,1535.0,40.0,61760.0,4515
2023-05-10 21:57:00,FG2402,FG402,1538.0,0.0,0.0,0.0,1,1537.0,1539.0,1,1542.0,1548.0,1560.0,1535.0,40.0,61760.0,4515
2023-05-10 21:57:08,FG2402,FG402,1538.0,0.0,0.0,0.0,1,1537.0,1539.0,2,1542.0,1548.0,1560.0,1535.0,40.0,61760.0,4515
2023-05-10 21:57:16,FG2402,FG402,1538.0,0.0,0.0,0.0,2,1537.0,1539.0,1,1542.0,1548.0,1560.0,1535.0,40.0,61760.0,4515
2023-05-10 21:57:28,FG2402,FG402,1538.0,0.0,0.0,0.0,1,1537.0,1539.0,2,1542.0,1548.0,1560.0,1535.0,40.0,61760.0,4515
2023-05-10 21:57:29,FG2402,FG402,1538.0,0.0,0.0,0.0,1,1536.0,1539.0,1,1542.0,1548.0,1560.0,1535.0,40.0,61760.0,4515
2023-05-10 21:57:29,FG2402,FG402,1538.0,0.0,0.0,0.0,1,1536.0,1539.0,2,1542.0,1548.0,1560.0,1535.0,40.0,61760.0,4515
2023-05-10 21:57:42,FG2402,FG402,1538.0,0.0,0.0,0.0,1,1536.0,1539.0,1,1542.0,1548.0,1560.0,1535.0,40.0,61760.0,4515
2023-05-10 21:57:43,FG2402,FG402,1538.0,0.0,0.0,0.0,1,1537.0,1539.0,1,1542.0,1548.0,1560.0,1535.0,40.0,61760.0,4515
2023-05-10 21:57:44,FG2402,FG402,1538.0,0.0,0.0,0.0,1,1536.0,1539.0,1,1542.0,1548.0,1560.0,1535.0,40.0,61760.0,4515
2023-05-10 21:57:44,FG2402,FG402,1538.0,0.0,0.0,0.0,1,1537.0,1539.0,1,1542.0,1548.0,1560.0,1535.0,40.0,61760.0,4515
2023-05-10 21:57:57,FG2402,FG402,1538.0,0.0,0.0,0.0,1,1536.0,1539.0,1,1542.0,1548.0,1560.0,1535.0,40.0,61760.0,4515
2023-05-10 21:58:03,FG2402,FG402,1538.0,0.0,0.0,0.0,2,1536.0,1539.0,1,1542.0,1548.0,1560.0,1535.0,40.0,61760.0,4515
2023-05-10 21:58:05,FG2402,FG402,1538.0,0.0,0.0,0.0,1,1537.0,1539.0,1,1542.0,1548.0,1560.0,1535.0,40.0,61760.0,4515
2023-05-10 21:58:05,FG2402,FG402,1538.0,0.0,0.0,0.0,2,1536.0,1539.0,1,1542.0,1548.0,1560.0,1535.0,40.0,61760.0,4515
2023-05-10 21:58:13,FG2402,FG402,1538.0,0.0,0.0,0.0,2,1536.0,1539.0,2,1542.0,1548.0,1560.0,1535.0,40.0,61760.0,4515
2023-05-10 21:58:18,FG2402,FG402,1538.0,0.0,0.0,0.0,3,1535.0,1539.0,2,1542.0,1548.0,1560.0,1535.0,40.0,61760.0,4515
2023-05-10 21:58:20,FG2402,FG402,1538.0,0.0,0.0,0.0,1,1537.0,1539.0,2,1542.0,1548.0,1560.0,1535.0,40.0,61760.0,4515
2023-05-10 21:59:39,FG2402,FG402,1538.0,0.0,0.0,0.0,1,1536.0,1539.0,2,1542.0,1548.0,1560.0,1535.0,40.0,61760.0,4515
2023-05-10 22:00:01,FG2402,FG402,1538.0,0.0,0.0,0.0,3,1535.0,1538.0,1,1542.0,1548.0,1560.0,1535.0,40.0,61760.0,4515
2023-05-10 22:00:02,FG2402,FG402,1538.0,0.0,0.0,0.0,1,1536.0,1539.0,2,1542.0,1548.0,1560.0,1535.0,40.0,61760.0,4515
2023-05-10 22:00:03,FG2402,FG402,1538.0,0.0,0.0,0.0,3,1535.0,1539.0,1,1542.0,1548.0,1560.0,1535.0,40.0,61760.0,4515
2023-05-10 22:00:03,FG2402,FG402,1538.0,0.0,0.0,0.0,3,1535.0,1538.0,1,1542.0,1548.0,1560.0,1535.0,40.0,61760.0,4515
2023-05-10 22:00:04,FG2402,FG402,1538.0,0.0,0.0,0.0,1,1536.0,1539.0,2,1542.0,1548.0,1560.0,1535.0,40.0,61760.0,4515
2023-05-10 22:00:04,FG2402,FG402,1538.0,0.0,0.0,0.0,1,1536.0,1539.0,1,1542.0,1548.0,1560.0,1535.0,40.0,61760.0,4515
2023-05-10 22:00:04,FG2402,FG402,1538.0,0.0,0.0,0.0,1,1536.0,1539.0,2,1542.0,1548.0,1560.0,1535.0,40.0,61760.0,4515
2023-05-10 22:00:09,FG2402,FG402,1538.0,0.0,0.0,0.0,1,1536.0,1540.0,2,1542.0,1548.0,1560.0,1535.0,40.0,61760.0,4515
2023-05-10 22:00:14,FG2402,FG402,1538.0,0.0,0.0,0.0,1,1537.0,1540.0,1,1542.0,1548.0,1560.0,1535.0,40.0,61760.0,4515
2023-05-10 22:00:24,FG2402,FG402,1538.0,0.0,0.0,0.0,1,1537.0,1541.0,2,1542.0,1548.0,1560.0,1535.0,40.0,61760.0,4515
2023-05-10 22:00:30,FG2402,FG402,1538.0,0.0,0.0,0.0,1,1538.0,1541.0,3,1542.0,1548.0,1560.0,1535.0,40.0,61760.0,4515
2023-05-10 22:00:47,FG2402,FG402,1538.0,0.0,0.0,0.0,1,1539.0,1541.0,2,1542.0,1548.0,1560.0,1535.0,40.0,61760.0,4515
