time,symbol_id,symbol_name,last,trade_volume,trade_amount,open_interest_change,bv1,bp1,ap1,av1,yesterday_close,today_open,today_high,today_low,volume,amount,open_interest
2023-05-10 09:29:00,MO2312-P-7400,MO2312-P-7400,940.2,0.0,0.0,0.0,1,846.2,1035.6,1,940.2,915.2,0.0,0.0,0.0,0.0,86
2023-05-10 09:30:00,MO2312-P-7400,MO2312-P-7400,940.2,0.0,0.0,0.0,1,848.6,1035.6,1,940.2,915.2,0.0,0.0,0.0,0.0,86
2023-05-10 09:30:01,MO2312-P-7400,MO2312-P-7400,940.2,0.0,0.0,0.0,1,872.2,1022.2,1,940.2,915.2,0.0,0.0,0.0,0.0,86
2023-05-10 09:30:01,MO2312-P-7400,MO2312-P-7400,940.2,0.0,0.0,0.0,1,872.8,1022.2,1,940.2,915.2,0.0,0.0,0.0,0.0,86
2023-05-10 09:30:02,MO2312-P-7400,MO2312-P-7400,940.2,0.0,0.0,0.0,1,872.8,1030.8,15,940.2,915.2,0.0,0.0,0.0,0.0,86
2023-05-10 09:30:02,MO2312-P-7400,MO2312-P-7400,940.2,0.0,0.0,0.0,1,874.8,1024.8,1,940.2,915.2,0.0,0.0,0.0,0.0,86
2023-05-10 09:30:03,MO2312-P-7400,MO2312-P-7400,940.2,0.0,0.0,0.0,1,875.4,1024.8,1,940.2,915.2,0.0,0.0,0.0,0.0,86
2023-05-10 09:30:06,MO2312-P-7400,MO2312-P-7400,940.2,0.0,0.0,0.0,1,875.4,1016.8,1,940.2,915.2,0.0,0.0,0.0,0.0,86
2023-05-10 09:30:08,MO2312-P-7400,MO2312-P-7400,940.2,0.0,0.0,0.0,1,875.4,1024.8,1,940.2,915.2,0.0,0.0,0.0,0.0,86
2023-05-10 09:30:11,MO2312-P-7400,MO2312-P-7400,940.2,0.0,0.0,0.0,2,875.4,1024.8,1,940.2,915.2,0.0,0.0,0.0,0.0,86
2023-05-10 09:30:12,MO2312-P-7400,MO2312-P-7400,940.2,0.0,0.0,0.0,2,875.4,1027.6,15,940.2,915.2,0.0,0.0,0.0,0.0,86
2023-05-10 09:30:12,MO2312-P-7400,MO2312-P-7400,940.2,0.0,0.0,0.0,2,875.4,1021.6,1,940.2,915.2,0.0,0.0,0.0,0.0,86
2023-05-10 09:30:13,MO2312-P-7400,MO2312-P-7400,940.2,0.0,0.0,0.0,2,875.4,1021.8,15,940.2,915.2,0.0,0.0,0.0,0.0,86
2023-05-10 09:30:13,MO2312-P-7400,MO2312-P-7400,940.2,0.0,0.0,0.0,2,875.4,1015.6,1,940.2,915.2,0.0,0.0,0.0,0.0,86
2023-05-10 09:30:15,MO2312-P-7400,MO2312-P-7400,940.2,0.0,0.0,0.0,2,875.4,1015.8,15,940.2,915.2,0.0,0.0,0.0,0.0,86
2023-05-10 09:30:15,MO2312-P-7400,MO2312-P-7400,940.2,0.0,0.0,0.0,2,875.4,1019.2,1,940.2,915.2,0.0,0.0,0.0,0.0,86
2023-05-10 09:30:21,MO2312-P-7400,MO2312-P-7400,940.2,0.0,0.0,0.0,1,875.6,1020.8,15,940.2,915.2,0.0,0.0,0.0,0.0,86
2023-05-10 09:30:22,MO2312-P-7400,MO2312-P-7400,940.2,0.0,0.0,0.0,1,876.2,1023.4,1,940.2,915.2,0.0,0.0,0.0,0.0,86
2023-05-10 09:30:24,MO2312-P-7400,MO2312-P-7400,940.2,0.0,0.0,0.0,1,876.2,1023.6,15,940.2,915.2,0.0,0.0,0.0,0.0,86
2023-05-10 09:30:25,MO2312-P-7400,MO2312-P-7400,940.2,0.0,0.0,0.0,1,876.2,1019.8,1,940.2,915.2,0.0,0.0,0.0,0.0,86
2023-05-10 09:30:25,MO2312-P-7400,MO2312-P-7400,940.2,0.0,0.0,0.0,6,915.8,965.8,6,940.2,915.2,0.0,0.0,0.0,0.0,86
2023-05-10 09:30:27,MO2312-P-7400,MO2312-P-7400,940.2,0.0,0.0,0.0,2,916.2,965.4,2,940.2,915.2,0.0,0.0,0.0,0.0,86
2023-05-10 09:30:29,MO2312-P-7400,MO2312-P-7400,940.2,0.0,0.0,0.0,15,916.0,965.8,6,940.2,915.2,0.0,0.0,0.0,0.0,86
2023-05-10 09:30:30,MO2312-P-7400,MO2312-P-7400,940.2,0.0,0.0,0.0,6,915.8,965.8,6,940.2,915.2,0.0,0.0,0.0,0.0,86
2023-05-10 09:30:31,MO2312-P-7400,MO2312-P-7400,940.2,0.0,0.0,0.0,2,916.2,965.4,2,940.2,915.2,0.0,0.0,0.0,0.0,86
2023-05-10 09:30:33,MO2312-P-7400,MO2312-P-7400,940.2,0.0,0.0,0.0,6,919.8,965.4,2,940.2,915.2,0.0,0.0,0.0,0.0,86
2023-05-10 09:30:33,MO2312-P-7400,MO2312-P-7400,940.2,0.0,0.0,0.0,2,920.2,965.0,2,940.2,915.2,0.0,0.0,0.0,0.0,86
2023-05-10 09:30:35,MO2312-P-7400,MO2312-P-7400,940.2,0.0,0.0,0.0,8,920.2,965.0,2,940.2,915.2,0.0,0.0,0.0,0.0,86
2023-05-10 09:30:36,MO2312-P-7400,MO2312-P-7400,940.2,0.0,0.0,0.0,7,920.2,965.8,6,940.2,915.2,0.0,0.0,0.0,0.0,86
2023-05-10 09:30:44,MO2312-P-7400,MO2312-P-7400,940.2,0.0,0.0,0.0,6,920.2,965.8,6,940.2,915.2,0.0,0.0,0.0,0.0,86
2023-05-10 09:30:51,MO2312-P-7400,MO2312-P-7400,940.2,0.0,0.0,0.0,6,939.0,957.0,6,940.2,915.2,0.0,0.0,0.0,0.0,86
2023-05-10 09:30:52,MO2312-P-7400,MO2312-P-7400,940.2,0.0,0.0,0.0,6,939.0,957.0,12,940.2,915.2,0.0,0.0,0.0,0.0,86
2023-05-10 09:30:54,MO2312-P-7400,MO2312-P-7400,940.2,0.0,0.0,0.0,6,939.2,957.0,12,940.2,915.2,0.0,0.0,0.0,0.0,86
2023-05-10 09:31:09,MO2312-P-7400,MO2312-P-7400,940.2,0.0,0.0,0.0,6,941.8,957.0,6,940.2,915.2,0.0,0.0,0.0,0.0,86
2023-05-10 09:31:10,MO2312-P-7400,MO2312-P-7400,940.2,0.0,0.0,0.0,15,941.6,957.0,6,940.2,915.2,0.0,0.0,0.0,0.0,86
2023-05-10 09:31:10,MO2312-P-7400,MO2312-P-7400,940.2,0.0,0.0,0.0,6,941.6,957.0,6,940.2,915.2,0.0,0.0,0.0,0.0,86
2023-05-10 09:31:11,MO2312-P-7400,MO2312-P-7400,940.2,0.0,0.0,0.0,15,941.4,957.0,6,940.2,915.2,0.0,0.0,0.0,0.0,86
2023-05-10 09:31:11,MO2312-P-7400,MO2312-P-7400,940.2,0.0,0.0,0.0,6,939.2,957.0,6,940.2,915.2,0.0,0.0,0.0,0.0,86
2023-05-10 09:31:12,MO2312-P-7400,MO2312-P-7400,940.2,0.0,0.0,0.0,6,941.4,957.0,6,940.2,915.2,0.0,0.0,0.0,0.0,86
2023-05-10 09:31:12,MO2312-P-7400,MO2312-P-7400,940.2,0.0,0.0,0.0,15,941.2,957.0,6,940.2,915.2,0.0,0.0,0.0,0.0,86
2023-05-10 09:31:13,MO2312-P-7400,MO2312-P-7400,940.2,0.0,0.0,0.0,6,941.2,957.0,6,940.2,915.2,0.0,0.0,0.0,0.0,86
2023-05-10 09:31:14,MO2312-P-7400,MO2312-P-7400,940.2,0.0,0.0,0.0,15,941.0,957.0,6,940.2,915.2,0.0,0.0,0.0,0.0,86
2023-05-10 09:31:14,MO2312-P-7400,MO2312-P-7400,940.2,0.0,0.0,0.0,6,941.0,957.0,6,940.2,915.2,0.0,0.0,0.0,0.0,86
2023-05-10 09:31:15,MO2312-P-7400,MO2312-P-7400,940.2,0.0,0.0,0.0,15,940.8,957.0,6,940.2,915.2,0.0,0.0,0.0,0.0,86
2023-05-10 09:31:15,MO2312-P-7400,MO2312-P-7400,940.2,0.0,0.0,0.0,6,940.8,957.0,6,940.2,915.2,0.0,0.0,0.0,0.0,86
2023-05-10 09:31:16,MO2312-P-7400,MO2312-P-7400,940.2,0.0,0.0,0.0,15,940.6,957.0,6,940.2,915.2,0.0,0.0,0.0,0.0,86
2023-05-10 09:31:16,MO2312-P-7400,MO2312-P-7400,940.2,0.0,0.0,0.0,6,939.2,957.0,6,940.2,915.2,0.0,0.0,0.0,0.0,86
2023-05-10 09:31:31,MO2312-P-7400,MO2312-P-7400,940.2,0.0,0.0,0.0,6,939.2,956.6,6,940.2,915.2,0.0,0.0,0.0,0.0,86
2023-05-10 09:31:36,MO2312-P-7400,MO2312-P-7400,940.2,0.0,0.0,0.0,6,939.2,956.8,15,940.2,915.2,0.0,0.0,0.0,0.0,86
2023-05-10 09:31:36,MO2312-P-7400,MO2312-P-7400,940.2,0.0,0.0,0.0,6,939.2,957.0,12,940.2,915.2,0.0,0.0,0.0,0.0,86
2023-05-10 09:31:37,MO2312-P-7400,MO2312-P-7400,940.2,0.0,0.0,0.0,6,939.2,957.0,6,940.2,915.2,0.0,0.0,0.0,0.0,86
2023-05-10 09:31:39,MO2312-P-7400,MO2312-P-7400,940.2,0.0,0.0,0.0,6,939.6,957.0,6,940.2,915.2,0.0,0.0,0.0,0.0,86
2023-05-10 09:31:41,MO2312-P-7400,MO2312-P-7400,940.2,0.0,0.0,0.0,7,939.6,957.0,6,940.2,915.2,0.0,0.0,0.0,0.0,86
2023-05-10 09:31:51,MO2312-P-7400,MO2312-P-7400,940.2,0.0,0.0,0.0,7,939.6,957.0,8,940.2,915.2,0.0,0.0,0.0,0.0,86
2023-05-10 09:31:51,MO2312-P-7400,MO2312-P-7400,940.2,0.0,0.0,0.0,1,939.8,957.0,8,940.2,915.2,0.0,0.0,0.0,0.0,86
2023-05-10 09:31:56,MO2312-P-7400,MO2312-P-7400,940.2,0.0,0.0,0.0,1,939.8,957.0,6,940.2,915.2,0.0,0.0,0.0,0.0,86
2023-05-10 09:31:57,MO2312-P-7400,MO2312-P-7400,940.2,0.0,0.0,0.0,1,939.8,957.0,8,940.2,915.2,0.0,0.0,0.0,0.0,86
2023-05-10 09:32:01,MO2312-P-7400,MO2312-P-7400,940.2,0.0,0.0,0.0,1,940.0,957.0,8,940.2,915.2,0.0,0.0,0.0,0.0,86
2023-05-10 09:32:08,MO2312-P-7400,MO2312-P-7400,940.2,0.0,0.0,0.0,1,940.0,957.0,6,940.2,915.2,0.0,0.0,0.0,0.0,86
2023-05-10 09:32:09,MO2312-P-7400,MO2312-P-7400,940.2,0.0,0.0,0.0,1,940.0,957.0,8,940.2,915.2,0.0,0.0,0.0,0.0,86
2023-05-10 09:32:11,MO2312-P-7400,MO2312-P-7400,940.2,0.0,0.0,0.0,1,940.0,957.0,6,940.2,915.2,0.0,0.0,0.0,0.0,86
2023-05-10 09:32:11,MO2312-P-7400,MO2312-P-7400,940.2,0.0,0.0,0.0,1,940.2,957.0,8,940.2,915.2,0.0,0.0,0.0,0.0,86
2023-05-10 09:32:21,MO2312-P-7400,MO2312-P-7400,940.2,0.0,0.0,0.0,1,940.4,957.0,8,940.2,915.2,0.0,0.0,0.0,0.0,86
2023-05-10 09:32:24,MO2312-P-7400,MO2312-P-7400,940.2,0.0,0.0,0.0,1,940.4,956.8,6,940.2,915.2,0.0,0.0,0.0,0.0,86
2023-05-10 09:32:31,MO2312-P-7400,MO2312-P-7400,940.2,0.0,0.0,0.0,1,940.6,956.8,6,940.2,915.2,0.0,0.0,0.0,0.0,86
2023-05-10 09:32:41,MO2312-P-7400,MO2312-P-7400,940.2,0.0,0.0,0.0,1,940.8,956.8,6,940.2,915.2,0.0,0.0,0.0,0.0,86
2023-05-10 09:32:49,MO2312-P-7400,MO2312-P-7400,940.2,0.0,0.0,0.0,1,940.8,956.8,8,940.2,915.2,0.0,0.0,0.0,0.0,86
2023-05-10 09:32:52,MO2312-P-7400,MO2312-P-7400,940.2,0.0,0.0,0.0,1,941.0,956.8,8,940.2,915.2,0.0,0.0,0.0,0.0,86
2023-05-10 09:32:58,MO2312-P-7400,MO2312-P-7400,940.2,0.0,0.0,0.0,1,941.0,948.8,1,940.2,915.2,0.0,0.0,0.0,0.0,86
2023-05-10 09:32:59,MO2312-P-7400,MO2312-P-7400,940.2,0.0,0.0,0.0,6,941.0,948.8,1,940.2,915.2,0.0,0.0,0.0,0.0,86
2023-05-10 09:33:01,MO2312-P-7400,MO2312-P-7400,940.2,0.0,0.0,0.0,7,941.0,948.8,1,940.2,915.2,0.0,0.0,0.0,0.0,86
2023-05-10 09:33:01,MO2312-P-7400,MO2312-P-7400,940.2,0.0,0.0,0.0,6,941.0,948.8,1,940.2,915.2,0.0,0.0,0.0,0.0,86
2023-05-10 09:33:03,MO2312-P-7400,MO2312-P-7400,940.2,0.0,0.0,0.0,21,940.8,948.8,1,940.2,915.2,0.0,0.0,0.0,0.0,86
2023-05-10 09:33:03,MO2312-P-7400,MO2312-P-7400,940.2,0.0,0.0,0.0,6,940.8,948.8,1,940.2,915.2,0.0,0.0,0.0,0.0,86
2023-05-10 09:33:04,MO2312-P-7400,MO2312-P-7400,940.2,0.0,0.0,0.0,21,940.6,948.8,1,940.2,915.2,0.0,0.0,0.0,0.0,86
2023-05-10 09:33:04,MO2312-P-7400,MO2312-P-7400,940.2,0.0,0.0,0.0,6,940.6,948.8,1,940.2,915.2,0.0,0.0,0.0,0.0,86
2023-05-10 09:33:05,MO2312-P-7400,MO2312-P-7400,940.2,0.0,0.0,0.0,21,940.4,948.8,1,940.2,915.2,0.0,0.0,0.0,0.0,86
2023-05-10 09:33:06,MO2312-P-7400,MO2312-P-7400,940.2,0.0,0.0,0.0,6,940.4,948.8,1,940.2,915.2,0.0,0.0,0.0,0.0,86
2023-05-10 09:33:06,MO2312-P-7400,MO2312-P-7400,940.2,0.0,0.0,0.0,28,940.2,948.8,1,940.2,915.2,0.0,0.0,0.0,0.0,86
2023-05-10 09:33:07,MO2312-P-7400,MO2312-P-7400,940.2,0.0,0.0,0.0,13,940.2,948.8,1,940.2,915.2,0.0,0.0,0.0,0.0,86
2023-05-10 09:33:11,MO2312-P-7400,MO2312-P-7400,940.2,0.0,0.0,0.0,12,940.2,948.8,1,940.2,915.2,0.0,0.0,0.0,0.0,86
2023-05-10 09:33:12,MO2312-P-7400,MO2312-P-7400,940.2,0.0,0.0,0.0,6,940.2,948.8,1,940.2,915.2,0.0,0.0,0.0,0.0,86
2023-05-10 09:33:21,MO2312-P-7400,MO2312-P-7400,940.2,0.0,0.0,0.0,7,940.2,948.8,1,940.2,915.2,0.0,0.0,0.0,0.0,86
2023-05-10 09:33:27,MO2312-P-7400,MO2312-P-7400,940.2,0.0,0.0,0.0,7,940.2,950.4,12,940.2,915.2,0.0,0.0,0.0,0.0,86
2023-05-10 09:33:28,MO2312-P-7400,MO2312-P-7400,940.2,0.0,0.0,0.0,7,940.2,950.4,6,940.2,915.2,0.0,0.0,0.0,0.0,86
2023-05-10 09:33:29,MO2312-P-7400,MO2312-P-7400,940.2,0.0,0.0,0.0,6,940.4,950.4,6,940.2,915.2,0.0,0.0,0.0,0.0,86
2023-05-10 09:33:32,MO2312-P-7400,MO2312-P-7400,940.2,0.0,0.0,0.0,6,940.4,950.0,1,940.2,915.2,0.0,0.0,0.0,0.0,86
2023-05-10 09:33:34,MO2312-P-7400,MO2312-P-7400,940.2,0.0,0.0,0.0,6,940.6,950.0,1,940.2,915.2,0.0,0.0,0.0,0.0,86
2023-05-10 09:33:36,MO2312-P-7400,MO2312-P-7400,940.2,0.0,0.0,0.0,7,940.6,950.0,1,940.2,915.2,0.0,0.0,0.0,0.0,86
2023-05-10 09:33:37,MO2312-P-7400,MO2312-P-7400,940.2,0.0,0.0,0.0,7,940.6,951.4,12,940.2,915.2,0.0,0.0,0.0,0.0,86
2023-05-10 09:33:38,MO2312-P-7400,MO2312-P-7400,940.2,0.0,0.0,0.0,7,940.6,951.4,6,940.2,915.2,0.0,0.0,0.0,0.0,86
2023-05-10 09:33:46,MO2312-P-7400,MO2312-P-7400,940.2,0.0,0.0,0.0,7,940.8,951.6,12,940.2,915.2,0.0,0.0,0.0,0.0,86
2023-05-10 09:33:47,MO2312-P-7400,MO2312-P-7400,940.2,0.0,0.0,0.0,7,940.8,952.0,18,940.2,915.2,0.0,0.0,0.0,0.0,86
2023-05-10 09:33:47,MO2312-P-7400,MO2312-P-7400,940.2,0.0,0.0,0.0,7,940.8,952.0,12,940.2,915.2,0.0,0.0,0.0,0.0,86
2023-05-10 09:33:48,MO2312-P-7400,MO2312-P-7400,940.2,0.0,0.0,0.0,7,940.8,952.0,6,940.2,915.2,0.0,0.0,0.0,0.0,86
2023-05-10 09:33:53,MO2312-P-7400,MO2312-P-7400,940.2,0.0,0.0,0.0,1,941.0,952.0,6,940.2,915.2,0.0,0.0,0.0,0.0,86
2023-05-10 09:33:57,MO2312-P-7400,MO2312-P-7400,940.2,0.0,0.0,0.0,1,941.0,951.8,1,940.2,915.2,0.0,0.0,0.0,0.0,86
2023-05-10 09:33:58,MO2312-P-7400,MO2312-P-7400,940.2,0.0,0.0,0.0,23,940.8,951.8,1,940.2,915.2,0.0,0.0,0.0,0.0,86
2023-05-10 09:33:59,MO2312-P-7400,MO2312-P-7400,940.2,0.0,0.0,0.0,1,941.0,951.8,1,940.2,915.2,0.0,0.0,0.0,0.0,86
2023-05-10 09:34:09,MO2312-P-7400,MO2312-P-7400,940.2,0.0,0.0,0.0,1,941.2,951.8,1,940.2,915.2,0.0,0.0,0.0,0.0,86
2023-05-10 09:34:19,MO2312-P-7400,MO2312-P-7400,940.2,0.0,0.0,0.0,1,941.4,951.8,1,940.2,915.2,0.0,0.0,0.0,0.0,86
2023-05-10 09:34:21,MO2312-P-7400,MO2312-P-7400,940.2,0.0,0.0,0.0,1,941.4,953.0,18,940.2,915.2,0.0,0.0,0.0,0.0,86
2023-05-10 09:34:23,MO2312-P-7400,MO2312-P-7400,940.2,0.0,0.0,0.0,21,941.2,953.0,12,940.2,915.2,0.0,0.0,0.0,0.0,86
2023-05-10 09:34:23,MO2312-P-7400,MO2312-P-7400,940.2,0.0,0.0,0.0,6,941.2,953.0,6,940.2,915.2,0.0,0.0,0.0,0.0,86
2023-05-10 09:34:24,MO2312-P-7400,MO2312-P-7400,940.2,0.0,0.0,0.0,1,941.2,953.0,6,940.2,915.2,0.0,0.0,0.0,0.0,86
2023-05-10 09:34:26,MO2312-P-7400,MO2312-P-7400,940.2,0.0,0.0,0.0,21,941.0,953.0,6,940.2,915.2,0.0,0.0,0.0,0.0,86
2023-05-10 09:34:27,MO2312-P-7400,MO2312-P-7400,940.2,0.0,0.0,0.0,6,941.0,953.0,6,940.2,915.2,0.0,0.0,0.0,0.0,86
2023-05-10 09:34:27,MO2312-P-7400,MO2312-P-7400,940.2,0.0,0.0,0.0,27,940.8,950.4,1,940.2,915.2,0.0,0.0,0.0,0.0,86
2023-05-10 09:34:28,MO2312-P-7400,MO2312-P-7400,940.2,0.0,0.0,0.0,12,940.8,950.4,1,940.2,915.2,0.0,0.0,0.0,0.0,86
2023-05-10 09:34:28,MO2312-P-7400,MO2312-P-7400,940.2,0.0,0.0,0.0,6,940.8,950.4,1,940.2,915.2,0.0,0.0,0.0,0.0,86
2023-05-10 09:34:29,MO2312-P-7400,MO2312-P-7400,940.2,0.0,0.0,0.0,6,941.0,950.4,1,940.2,915.2,0.0,0.0,0.0,0.0,86
2023-05-10 09:34:42,MO2312-P-7400,MO2312-P-7400,940.2,0.0,0.0,0.0,6,941.0,953.2,2,940.2,915.2,0.0,0.0,0.0,0.0,86
2023-05-10 09:34:43,MO2312-P-7400,MO2312-P-7400,940.2,0.0,0.0,0.0,6,941.0,954.0,6,940.2,915.2,0.0,0.0,0.0,0.0,86
2023-05-10 09:34:44,MO2312-P-7400,MO2312-P-7400,940.2,0.0,0.0,0.0,6,941.0,954.0,8,940.2,915.2,0.0,0.0,0.0,0.0,86
2023-05-10 09:34:45,MO2312-P-7400,MO2312-P-7400,940.2,0.0,0.0,0.0,7,941.0,954.0,8,940.2,915.2,0.0,0.0,0.0,0.0,86
2023-05-10 09:34:45,MO2312-P-7400,MO2312-P-7400,940.2,0.0,0.0,0.0,6,941.0,954.0,8,940.2,915.2,0.0,0.0,0.0,0.0,86
2023-05-10 09:34:46,MO2312-P-7400,MO2312-P-7400,940.2,0.0,0.0,0.0,7,941.0,954.0,8,940.2,915.2,0.0,0.0,0.0,0.0,86
2023-05-10 09:34:47,MO2312-P-7400,MO2312-P-7400,940.2,0.0,0.0,0.0,7,941.0,954.0,6,940.2,915.2,0.0,0.0,0.0,0.0,86
2023-05-10 09:34:48,MO2312-P-7400,MO2312-P-7400,940.2,0.0,0.0,0.0,6,941.2,954.0,8,940.2,915.2,0.0,0.0,0.0,0.0,86
2023-05-10 09:34:49,MO2312-P-7400,MO2312-P-7400,940.2,0.0,0.0,0.0,6,941.4,954.0,8,940.2,915.2,0.0,0.0,0.0,0.0,86
2023-05-10 09:34:52,MO2312-P-7400,MO2312-P-7400,940.2,0.0,0.0,0.0,27,941.2,954.0,8,940.2,915.2,0.0,0.0,0.0,0.0,86
2023-05-10 09:34:52,MO2312-P-7400,MO2312-P-7400,940.2,0.0,0.0,0.0,12,941.2,954.0,8,940.2,915.2,0.0,0.0,0.0,0.0,86
2023-05-10 09:34:53,MO2312-P-7400,MO2312-P-7400,940.2,0.0,0.0,0.0,6,941.2,954.0,8,940.2,915.2,0.0,0.0,0.0,0.0,86
2023-05-10 09:34:56,MO2312-P-7400,MO2312-P-7400,940.2,0.0,0.0,0.0,6,941.2,952.2,6,940.2,915.2,0.0,0.0,0.0,0.0,86
2023-05-10 09:34:57,MO2312-P-7400,MO2312-P-7400,940.2,0.0,0.0,0.0,6,941.2,952.2,8,940.2,915.2,0.0,0.0,0.0,0.0,86
2023-05-10 09:35:00,MO2312-P-7400,MO2312-P-7400,940.2,0.0,0.0,0.0,6,941.2,952.2,6,940.2,915.2,0.0,0.0,0.0,0.0,86
2023-05-10 09:35:01,MO2312-P-7400,MO2312-P-7400,940.2,0.0,0.0,0.0,21,941.0,952.2,6,940.2,915.2,0.0,0.0,0.0,0.0,86
2023-05-10 09:35:02,MO2312-P-7400,MO2312-P-7400,940.2,0.0,0.0,0.0,6,941.0,952.2,6,940.2,915.2,0.0,0.0,0.0,0.0,86
2023-05-10 09:35:03,MO2312-P-7400,MO2312-P-7400,940.2,0.0,0.0,0.0,21,940.8,952.2,6,940.2,915.2,0.0,0.0,0.0,0.0,86
2023-05-10 09:35:03,MO2312-P-7400,MO2312-P-7400,940.2,0.0,0.0,0.0,7,940.8,952.4,14,940.2,915.2,0.0,0.0,0.0,0.0,86
2023-05-10 09:35:04,MO2312-P-7400,MO2312-P-7400,940.2,0.0,0.0,0.0,1,940.8,952.4,14,940.2,915.2,0.0,0.0,0.0,0.0,86
2023-05-10 09:35:04,MO2312-P-7400,MO2312-P-7400,940.2,0.0,0.0,0.0,1,940.8,952.4,12,940.2,915.2,0.0,0.0,0.0,0.0,86
2023-05-10 09:35:05,MO2312-P-7400,MO2312-P-7400,940.2,0.0,0.0,0.0,1,940.8,952.4,6,940.2,915.2,0.0,0.0,0.0,0.0,86
2023-05-10 09:35:08,MO2312-P-7400,MO2312-P-7400,940.2,0.0,0.0,0.0,21,940.6,952.2,6,940.2,915.2,0.0,0.0,0.0,0.0,86
2023-05-10 09:35:08,MO2312-P-7400,MO2312-P-7400,940.2,0.0,0.0,0.0,6,940.6,952.2,6,940.2,915.2,0.0,0.0,0.0,0.0,86
2023-05-10 09:35:09,MO2312-P-7400,MO2312-P-7400,940.2,0.0,0.0,0.0,21,940.4,948.8,1,940.2,915.2,0.0,0.0,0.0,0.0,86
2023-05-10 09:35:09,MO2312-P-7400,MO2312-P-7400,940.2,0.0,0.0,0.0,6,940.4,948.8,1,940.2,915.2,0.0,0.0,0.0,0.0,86
2023-05-10 09:35:10,MO2312-P-7400,MO2312-P-7400,940.2,0.0,0.0,0.0,21,940.2,948.8,1,940.2,915.2,0.0,0.0,0.0,0.0,86
2023-05-10 09:35:10,MO2312-P-7400,MO2312-P-7400,940.2,0.0,0.0,0.0,6,940.2,948.8,1,940.2,915.2,0.0,0.0,0.0,0.0,86
2023-05-10 09:35:11,MO2312-P-7400,MO2312-P-7400,940.2,0.0,0.0,0.0,27,940.0,948.8,1,940.2,915.2,0.0,0.0,0.0,0.0,86
2023-05-10 09:35:11,MO2312-P-7400,MO2312-P-7400,940.2,0.0,0.0,0.0,12,940.0,948.8,1,940.2,915.2,0.0,0.0,0.0,0.0,86
2023-05-10 09:35:12,MO2312-P-7400,MO2312-P-7400,940.2,0.0,0.0,0.0,6,940.0,949.6,2,940.2,915.2,0.0,0.0,0.0,0.0,86
2023-05-10 09:35:13,MO2312-P-7400,MO2312-P-7400,940.2,0.0,0.0,0.0,6,940.0,952.2,6,940.2,915.2,0.0,0.0,0.0,0.0,86
2023-05-10 09:35:14,MO2312-P-7400,MO2312-P-7400,940.2,0.0,0.0,0.0,6,940.0,952.2,8,940.2,915.2,0.0,0.0,0.0,0.0,86
2023-05-10 09:35:15,MO2312-P-7400,MO2312-P-7400,940.2,0.0,0.0,0.0,21,939.8,952.0,6,940.2,915.2,0.0,0.0,0.0,0.0,86
2023-05-10 09:35:15,MO2312-P-7400,MO2312-P-7400,940.2,0.0,0.0,0.0,6,939.8,952.0,6,940.2,915.2,0.0,0.0,0.0,0.0,86
2023-05-10 09:35:16,MO2312-P-7400,MO2312-P-7400,940.2,0.0,0.0,0.0,21,939.6,952.0,6,940.2,915.2,0.0,0.0,0.0,0.0,86
2023-05-10 09:35:16,MO2312-P-7400,MO2312-P-7400,940.2,0.0,0.0,0.0,6,939.6,952.0,6,940.2,915.2,0.0,0.0,0.0,0.0,86
2023-05-10 09:35:17,MO2312-P-7400,MO2312-P-7400,940.2,0.0,0.0,0.0,21,939.4,952.0,6,940.2,915.2,0.0,0.0,0.0,0.0,86
2023-05-10 09:35:17,MO2312-P-7400,MO2312-P-7400,940.2,0.0,0.0,0.0,6,939.4,952.0,6,940.2,915.2,0.0,0.0,0.0,0.0,86
2023-05-10 09:35:18,MO2312-P-7400,MO2312-P-7400,940.2,0.0,0.0,0.0,22,939.2,952.0,6,940.2,915.2,0.0,0.0,0.0,0.0,86
2023-05-10 09:35:18,MO2312-P-7400,MO2312-P-7400,940.2,0.0,0.0,0.0,7,939.2,952.0,6,940.2,915.2,0.0,0.0,0.0,0.0,86
2023-05-10 09:35:19,MO2312-P-7400,MO2312-P-7400,940.2,0.0,0.0,0.0,6,939.2,952.0,6,940.2,915.2,0.0,0.0,0.0,0.0,86
2023-05-10 09:35:19,MO2312-P-7400,MO2312-P-7400,940.2,0.0,0.0,0.0,27,939.0,952.0,6,940.2,915.2,0.0,0.0,0.0,0.0,86
2023-05-10 09:35:20,MO2312-P-7400,MO2312-P-7400,940.2,0.0,0.0,0.0,6,939.0,950.4,6,940.2,915.2,0.0,0.0,0.0,0.0,86
2023-05-10 09:35:21,MO2312-P-7400,MO2312-P-7400,940.2,0.0,0.0,0.0,21,938.8,950.4,6,940.2,915.2,0.0,0.0,0.0,0.0,86
2023-05-10 09:35:21,MO2312-P-7400,MO2312-P-7400,940.2,0.0,0.0,0.0,6,938.8,950.4,6,940.2,915.2,0.0,0.0,0.0,0.0,86
2023-05-10 09:35:22,MO2312-P-7400,MO2312-P-7400,940.2,0.0,0.0,0.0,21,938.6,950.4,6,940.2,915.2,0.0,0.0,0.0,0.0,86
2023-05-10 09:35:22,MO2312-P-7400,MO2312-P-7400,940.2,0.0,0.0,0.0,6,938.6,950.4,6,940.2,915.2,0.0,0.0,0.0,0.0,86
2023-05-10 09:35:23,MO2312-P-7400,MO2312-P-7400,940.2,0.0,0.0,0.0,27,938.4,950.4,6,940.2,915.2,0.0,0.0,0.0,0.0,86
2023-05-10 09:35:23,MO2312-P-7400,MO2312-P-7400,940.2,0.0,0.0,0.0,12,938.4,950.4,6,940.2,915.2,0.0,0.0,0.0,0.0,86
2023-05-10 09:35:24,MO2312-P-7400,MO2312-P-7400,940.2,0.0,0.0,0.0,39,938.2,950.4,6,940.2,915.2,0.0,0.0,0.0,0.0,86
2023-05-10 09:35:24,MO2312-P-7400,MO2312-P-7400,940.2,0.0,0.0,0.0,18,938.2,950.4,6,940.2,915.2,0.0,0.0,0.0,0.0,86
2023-05-10 09:35:25,MO2312-P-7400,MO2312-P-7400,940.2,0.0,0.0,0.0,12,938.2,950.4,6,940.2,915.2,0.0,0.0,0.0,0.0,86
2023-05-10 09:35:25,MO2312-P-7400,MO2312-P-7400,940.2,0.0,0.0,0.0,6,938.2,950.4,6,940.2,915.2,0.0,0.0,0.0,0.0,86
2023-05-10 09:35:31,MO2312-P-7400,MO2312-P-7400,940.2,0.0,0.0,0.0,7,938.2,950.4,6,940.2,915.2,0.0,0.0,0.0,0.0,86
2023-05-10 09:35:33,MO2312-P-7400,MO2312-P-7400,940.2,0.0,0.0,0.0,6,938.2,950.4,6,940.2,915.2,0.0,0.0,0.0,0.0,86
2023-05-10 09:35:35,MO2312-P-7400,MO2312-P-7400,940.2,0.0,0.0,0.0,27,938.0,950.4,6,940.2,915.2,0.0,0.0,0.0,0.0,86
2023-05-10 09:35:36,MO2312-P-7400,MO2312-P-7400,940.2,0.0,0.0,0.0,12,938.0,950.4,6,940.2,915.2,0.0,0.0,0.0,0.0,86
2023-05-10 09:35:36,MO2312-P-7400,MO2312-P-7400,940.2,0.0,0.0,0.0,6,938.2,950.4,6,940.2,915.2,0.0,0.0,0.0,0.0,86
2023-05-10 09:35:39,MO2312-P-7400,MO2312-P-7400,940.2,0.0,0.0,0.0,15,938.0,947.0,1,940.2,915.2,0.0,0.0,0.0,0.0,86
2023-05-10 09:35:40,MO2312-P-7400,MO2312-P-7400,940.2,0.0,0.0,0.0,12,937.8,947.0,1,940.2,915.2,0.0,0.0,0.0,0.0,86
2023-05-10 09:35:40,MO2312-P-7400,MO2312-P-7400,940.2,0.0,0.0,0.0,27,937.6,947.0,1,940.2,915.2,0.0,0.0,0.0,0.0,86
2023-05-10 09:35:41,MO2312-P-7400,MO2312-P-7400,940.2,0.0,0.0,0.0,12,937.6,947.0,1,940.2,915.2,0.0,0.0,0.0,0.0,86
2023-05-10 09:35:41,MO2312-P-7400,MO2312-P-7400,940.2,0.0,0.0,0.0,33,937.4,947.0,1,940.2,915.2,0.0,0.0,0.0,0.0,86
2023-05-10 09:35:42,MO2312-P-7400,MO2312-P-7400,940.2,0.0,0.0,0.0,18,937.4,947.0,1,940.2,915.2,0.0,0.0,0.0,0.0,86
2023-05-10 09:35:42,MO2312-P-7400,MO2312-P-7400,940.2,0.0,0.0,0.0,6,937.4,949.2,2,940.2,915.2,0.0,0.0,0.0,0.0,86
2023-05-10 09:35:43,MO2312-P-7400,MO2312-P-7400,940.2,0.0,0.0,0.0,39,937.2,949.2,2,940.2,915.2,0.0,0.0,0.0,0.0,86
2023-05-10 09:35:43,MO2312-P-7400,MO2312-P-7400,940.2,0.0,0.0,0.0,24,937.2,950.4,18,940.2,915.2,0.0,0.0,0.0,0.0,86
2023-05-10 09:35:44,MO2312-P-7400,MO2312-P-7400,940.2,0.0,0.0,0.0,12,937.2,950.4,18,940.2,915.2,0.0,0.0,0.0,0.0,86
2023-05-10 09:35:44,MO2312-P-7400,MO2312-P-7400,940.2,0.0,0.0,0.0,6,937.2,950.4,20,940.2,915.2,0.0,0.0,0.0,0.0,86
2023-05-10 09:35:45,MO2312-P-7400,MO2312-P-7400,940.2,0.0,0.0,0.0,6,937.2,950.4,14,940.2,915.2,0.0,0.0,0.0,0.0,86
2023-05-10 09:35:47,MO2312-P-7400,MO2312-P-7400,940.2,0.0,0.0,0.0,6,937.2,949.4,1,940.2,915.2,0.0,0.0,0.0,0.0,86
2023-05-10 09:35:48,MO2312-P-7400,MO2312-P-7400,940.2,0.0,0.0,0.0,27,937.0,949.4,1,940.2,915.2,0.0,0.0,0.0,0.0,86
2023-05-10 09:35:48,MO2312-P-7400,MO2312-P-7400,940.2,0.0,0.0,0.0,12,937.0,948.6,6,940.2,915.2,0.0,0.0,0.0,0.0,86
2023-05-10 09:35:49,MO2312-P-7400,MO2312-P-7400,940.2,0.0,0.0,0.0,27,936.8,948.6,6,940.2,915.2,0.0,0.0,0.0,0.0,86
2023-05-10 09:35:49,MO2312-P-7400,MO2312-P-7400,940.2,0.0,0.0,0.0,12,936.8,948.6,6,940.2,915.2,0.0,0.0,0.0,0.0,86
2023-05-10 09:35:50,MO2312-P-7400,MO2312-P-7400,940.2,0.0,0.0,0.0,27,936.6,948.6,6,940.2,915.2,0.0,0.0,0.0,0.0,86
2023-05-10 09:35:50,MO2312-P-7400,MO2312-P-7400,940.2,0.0,0.0,0.0,12,936.6,948.6,6,940.2,915.2,0.0,0.0,0.0,0.0,86
2023-05-10 09:35:51,MO2312-P-7400,MO2312-P-7400,940.2,0.0,0.0,0.0,6,936.6,948.6,6,940.2,915.2,0.0,0.0,0.0,0.0,86
2023-05-10 09:35:51,MO2312-P-7400,MO2312-P-7400,940.2,0.0,0.0,0.0,33,936.4,948.6,6,940.2,915.2,0.0,0.0,0.0,0.0,86
2023-05-10 09:35:52,MO2312-P-7400,MO2312-P-7400,940.2,0.0,0.0,0.0,12,936.4,948.6,6,940.2,915.2,0.0,0.0,0.0,0.0,86
2023-05-10 09:35:52,MO2312-P-7400,MO2312-P-7400,940.2,0.0,0.0,0.0,27,936.2,948.6,6,940.2,915.2,0.0,0.0,0.0,0.0,86
2023-05-10 09:35:53,MO2312-P-7400,MO2312-P-7400,940.2,0.0,0.0,0.0,12,936.2,948.6,6,940.2,915.2,0.0,0.0,0.0,0.0,86
2023-05-10 09:35:53,MO2312-P-7400,MO2312-P-7400,940.2,0.0,0.0,0.0,28,936.0,948.6,6,940.2,915.2,0.0,0.0,0.0,0.0,86
2023-05-10 09:35:54,MO2312-P-7400,MO2312-P-7400,940.2,0.0,0.0,0.0,13,936.0,948.6,6,940.2,915.2,0.0,0.0,0.0,0.0,86
2023-05-10 09:35:54,MO2312-P-7400,MO2312-P-7400,940.2,0.0,0.0,0.0,7,936.0,948.6,6,940.2,915.2,0.0,0.0,0.0,0.0,86
2023-05-10 09:35:55,MO2312-P-7400,MO2312-P-7400,940.2,0.0,0.0,0.0,1,936.0,948.6,6,940.2,915.2,0.0,0.0,0.0,0.0,86
2023-05-10 09:35:58,MO2312-P-7400,MO2312-P-7400,940.2,0.0,0.0,0.0,27,935.8,948.6,6,940.2,915.2,0.0,0.0,0.0,0.0,86
2023-05-10 09:35:59,MO2312-P-7400,MO2312-P-7400,940.2,0.0,0.0,0.0,12,935.8,948.6,6,940.2,915.2,0.0,0.0,0.0,0.0,86
2023-05-10 09:35:59,MO2312-P-7400,MO2312-P-7400,940.2,0.0,0.0,0.0,28,935.6,948.6,6,940.2,915.2,0.0,0.0,0.0,0.0,86
2023-05-10 09:36:00,MO2312-P-7400,MO2312-P-7400,940.2,0.0,0.0,0.0,13,935.6,948.6,6,940.2,915.2,0.0,0.0,0.0,0.0,86
2023-05-10 09:36:00,MO2312-P-7400,MO2312-P-7400,940.2,0.0,0.0,0.0,7,935.6,948.6,6,940.2,915.2,0.0,0.0,0.0,0.0,86
2023-05-10 09:36:01,MO2312-P-7400,MO2312-P-7400,940.2,0.0,0.0,0.0,1,935.6,948.6,6,940.2,915.2,0.0,0.0,0.0,0.0,86
2023-05-10 09:36:01,MO2312-P-7400,MO2312-P-7400,940.2,0.0,0.0,0.0,45,935.4,948.6,6,940.2,915.2,0.0,0.0,0.0,0.0,86
2023-05-10 09:36:02,MO2312-P-7400,MO2312-P-7400,940.2,0.0,0.0,0.0,24,935.4,948.6,6,940.2,915.2,0.0,0.0,0.0,0.0,86
2023-05-10 09:36:02,MO2312-P-7400,MO2312-P-7400,940.2,0.0,0.0,0.0,18,935.4,948.6,6,940.2,915.2,0.0,0.0,0.0,0.0,86
2023-05-10 09:36:08,MO2312-P-7400,MO2312-P-7400,940.2,0.0,0.0,0.0,12,935.4,948.6,6,940.2,915.2,0.0,0.0,0.0,0.0,86
2023-05-10 09:36:08,MO2312-P-7400,MO2312-P-7400,940.2,0.0,0.0,0.0,6,935.4,948.6,6,940.2,915.2,0.0,0.0,0.0,0.0,86
2023-05-10 09:36:13,MO2312-P-7400,MO2312-P-7400,940.2,0.0,0.0,0.0,6,936.4,949.4,1,940.2,915.2,0.0,0.0,0.0,0.0,86
2023-05-10 09:36:13,MO2312-P-7400,MO2312-P-7400,940.2,0.0,0.0,0.0,7,936.4,949.4,1,940.2,915.2,0.0,0.0,0.0,0.0,86
2023-05-10 09:36:16,MO2312-P-7400,MO2312-P-7400,940.2,0.0,0.0,0.0,27,936.2,948.2,6,940.2,915.2,0.0,0.0,0.0,0.0,86
2023-05-10 09:36:17,MO2312-P-7400,MO2312-P-7400,940.2,0.0,0.0,0.0,12,936.2,948.2,8,940.2,915.2,0.0,0.0,0.0,0.0,86
2023-05-10 09:36:17,MO2312-P-7400,MO2312-P-7400,940.2,0.0,0.0,0.0,27,936.0,948.2,8,940.2,915.2,0.0,0.0,0.0,0.0,86
2023-05-10 09:36:18,MO2312-P-7400,MO2312-P-7400,940.2,0.0,0.0,0.0,12,936.0,948.2,8,940.2,915.2,0.0,0.0,0.0,0.0,86
2023-05-10 09:36:18,MO2312-P-7400,MO2312-P-7400,940.2,0.0,0.0,0.0,6,936.2,948.2,8,940.2,915.2,0.0,0.0,0.0,0.0,86
2023-05-10 09:36:19,MO2312-P-7400,MO2312-P-7400,940.2,0.0,0.0,0.0,15,936.0,948.2,8,940.2,915.2,0.0,0.0,0.0,0.0,86
2023-05-10 09:36:20,MO2312-P-7400,MO2312-P-7400,940.2,0.0,0.0,0.0,12,935.8,948.2,8,940.2,915.2,0.0,0.0,0.0,0.0,86
2023-05-10 09:36:20,MO2312-P-7400,MO2312-P-7400,940.2,0.0,0.0,0.0,6,935.8,948.2,8,940.2,915.2,0.0,0.0,0.0,0.0,86
2023-05-10 09:36:21,MO2312-P-7400,MO2312-P-7400,940.2,0.0,0.0,0.0,33,935.6,948.2,8,940.2,915.2,0.0,0.0,0.0,0.0,86
2023-05-10 09:36:21,MO2312-P-7400,MO2312-P-7400,940.2,0.0,0.0,0.0,12,935.6,948.2,6,940.2,915.2,0.0,0.0,0.0,0.0,86
2023-05-10 09:36:22,MO2312-P-7400,MO2312-P-7400,940.2,0.0,0.0,0.0,6,935.6,948.2,8,940.2,915.2,0.0,0.0,0.0,0.0,86
2023-05-10 09:36:22,MO2312-P-7400,MO2312-P-7400,940.2,0.0,0.0,0.0,27,935.4,948.2,8,940.2,915.2,0.0,0.0,0.0,0.0,86
2023-05-10 09:36:23,MO2312-P-7400,MO2312-P-7400,940.2,0.0,0.0,0.0,12,935.4,948.0,6,940.2,915.2,0.0,0.0,0.0,0.0,86
2023-05-10 09:36:23,MO2312-P-7400,MO2312-P-7400,940.2,0.0,0.0,0.0,27,935.2,948.0,6,940.2,915.2,0.0,0.0,0.0,0.0,86
2023-05-10 09:36:24,MO2312-P-7400,MO2312-P-7400,940.2,0.0,0.0,0.0,12,935.2,945.8,6,940.2,915.2,0.0,0.0,0.0,0.0,86
2023-05-10 09:36:24,MO2312-P-7400,MO2312-P-7400,940.2,0.0,0.0,0.0,27,935.0,945.8,8,940.2,915.2,0.0,0.0,0.0,0.0,86
2023-05-10 09:36:25,MO2312-P-7400,MO2312-P-7400,940.2,0.0,0.0,0.0,12,935.0,944.0,1,940.2,915.2,0.0,0.0,0.0,0.0,86
2023-05-10 09:36:25,MO2312-P-7400,MO2312-P-7400,940.2,0.0,0.0,0.0,27,934.8,944.0,1,940.2,915.2,0.0,0.0,0.0,0.0,86
2023-05-10 09:36:26,MO2312-P-7400,MO2312-P-7400,940.2,0.0,0.0,0.0,12,934.8,944.0,1,940.2,915.2,0.0,0.0,0.0,0.0,86
2023-05-10 09:36:26,MO2312-P-7400,MO2312-P-7400,940.2,0.0,0.0,0.0,27,934.6,944.0,1,940.2,915.2,0.0,0.0,0.0,0.0,86
2023-05-10 09:36:27,MO2312-P-7400,MO2312-P-7400,940.2,0.0,0.0,0.0,12,934.6,944.0,1,940.2,915.2,0.0,0.0,0.0,0.0,86
2023-05-10 09:36:27,MO2312-P-7400,MO2312-P-7400,940.2,0.0,0.0,0.0,27,934.4,944.0,1,940.2,915.2,0.0,0.0,0.0,0.0,86
2023-05-10 09:36:28,MO2312-P-7400,MO2312-P-7400,940.2,0.0,0.0,0.0,12,934.4,944.0,1,940.2,915.2,0.0,0.0,0.0,0.0,86
2023-05-10 09:36:28,MO2312-P-7400,MO2312-P-7400,940.2,0.0,0.0,0.0,27,934.2,944.0,1,940.2,915.2,0.0,0.0,0.0,0.0,86
2023-05-10 09:36:29,MO2312-P-7400,MO2312-P-7400,940.2,0.0,0.0,0.0,12,934.2,944.0,1,940.2,915.2,0.0,0.0,0.0,0.0,86
2023-05-10 09:36:29,MO2312-P-7400,MO2312-P-7400,940.2,0.0,0.0,0.0,12,934.0,944.0,13,940.2,915.2,0.0,0.0,0.0,0.0,86
2023-05-10 09:36:30,MO2312-P-7400,MO2312-P-7400,940.2,0.0,0.0,0.0,27,932.8,944.0,19,940.2,915.2,0.0,0.0,0.0,0.0,86
2023-05-10 09:36:30,MO2312-P-7400,MO2312-P-7400,940.2,0.0,0.0,0.0,12,932.8,944.0,19,940.2,915.2,0.0,0.0,0.0,0.0,86
2023-05-10 09:36:31,MO2312-P-7400,MO2312-P-7400,940.2,0.0,0.0,0.0,27,932.6,944.0,19,940.2,915.2,0.0,0.0,0.0,0.0,86
2023-05-10 09:36:31,MO2312-P-7400,MO2312-P-7400,940.2,0.0,0.0,0.0,12,932.6,944.0,19,940.2,915.2,0.0,0.0,0.0,0.0,86
2023-05-10 09:36:32,MO2312-P-7400,MO2312-P-7400,940.2,0.0,0.0,0.0,6,932.6,944.0,19,940.2,915.2,0.0,0.0,0.0,0.0,86
2023-05-10 09:36:32,MO2312-P-7400,MO2312-P-7400,940.2,0.0,0.0,0.0,27,932.4,944.0,19,940.2,915.2,0.0,0.0,0.0,0.0,86
2023-05-10 09:36:33,MO2312-P-7400,MO2312-P-7400,940.2,0.0,0.0,0.0,6,932.6,944.0,19,940.2,915.2,0.0,0.0,0.0,0.0,86
2023-05-10 09:36:36,MO2312-P-7400,MO2312-P-7400,940.2,0.0,0.0,0.0,6,932.6,944.0,7,940.2,915.2,0.0,0.0,0.0,0.0,86
2023-05-10 09:36:36,MO2312-P-7400,MO2312-P-7400,940.2,0.0,0.0,0.0,6,932.6,944.0,1,940.2,915.2,0.0,0.0,0.0,0.0,86
2023-05-10 09:36:54,MO2312-P-7400,MO2312-P-7400,940.2,0.0,0.0,0.0,27,932.4,944.0,7,940.2,915.2,0.0,0.0,0.0,0.0,86
2023-05-10 09:36:54,MO2312-P-7400,MO2312-P-7400,940.2,0.0,0.0,0.0,12,932.4,944.0,7,940.2,915.2,0.0,0.0,0.0,0.0,86
2023-05-10 09:36:55,MO2312-P-7400,MO2312-P-7400,940.2,0.0,0.0,0.0,27,932.2,944.0,9,940.2,915.2,0.0,0.0,0.0,0.0,86
2023-05-10 09:36:55,MO2312-P-7400,MO2312-P-7400,940.2,0.0,0.0,0.0,12,932.2,944.0,9,940.2,915.2,0.0,0.0,0.0,0.0,86
2023-05-10 09:36:56,MO2312-P-7400,MO2312-P-7400,940.2,0.0,0.0,0.0,6,932.2,944.0,9,940.2,915.2,0.0,0.0,0.0,0.0,86
2023-05-10 09:36:56,MO2312-P-7400,MO2312-P-7400,940.2,0.0,0.0,0.0,27,932.0,944.0,9,940.2,915.2,0.0,0.0,0.0,0.0,86
2023-05-10 09:36:57,MO2312-P-7400,MO2312-P-7400,940.2,0.0,0.0,0.0,12,932.0,944.0,9,940.2,915.2,0.0,0.0,0.0,0.0,86
2023-05-10 09:36:57,MO2312-P-7400,MO2312-P-7400,940.2,0.0,0.0,0.0,33,931.8,944.0,9,940.2,915.2,0.0,0.0,0.0,0.0,86
2023-05-10 09:36:58,MO2312-P-7400,MO2312-P-7400,940.2,0.0,0.0,0.0,18,931.8,944.0,9,940.2,915.2,0.0,0.0,0.0,0.0,86
2023-05-10 09:36:58,MO2312-P-7400,MO2312-P-7400,940.2,0.0,0.0,0.0,12,931.8,944.0,9,940.2,915.2,0.0,0.0,0.0,0.0,86
2023-05-10 09:36:59,MO2312-P-7400,MO2312-P-7400,940.2,0.0,0.0,0.0,6,931.8,944.0,9,940.2,915.2,0.0,0.0,0.0,0.0,86
2023-05-10 09:37:01,MO2312-P-7400,MO2312-P-7400,940.2,0.0,0.0,0.0,6,931.8,944.0,7,940.2,915.2,0.0,0.0,0.0,0.0,86
2023-05-10 09:37:06,MO2312-P-7400,MO2312-P-7400,940.2,0.0,0.0,0.0,6,932.0,944.0,7,940.2,915.2,0.0,0.0,0.0,0.0,86
2023-05-10 09:37:06,MO2312-P-7400,MO2312-P-7400,940.2,0.0,0.0,0.0,6,932.2,944.0,1,940.2,915.2,0.0,0.0,0.0,0.0,86
2023-05-10 09:37:08,MO2312-P-7400,MO2312-P-7400,940.2,0.0,0.0,0.0,6,932.2,943.8,6,940.2,915.2,0.0,0.0,0.0,0.0,86
2023-05-10 09:37:10,MO2312-P-7400,MO2312-P-7400,940.2,0.0,0.0,0.0,15,932.0,943.8,6,940.2,915.2,0.0,0.0,0.0,0.0,86
2023-05-10 09:37:10,MO2312-P-7400,MO2312-P-7400,940.2,0.0,0.0,0.0,6,931.8,943.8,6,940.2,915.2,0.0,0.0,0.0,0.0,86
2023-05-10 09:37:12,MO2312-P-7400,MO2312-P-7400,940.2,0.0,0.0,0.0,6,931.8,942.2,6,940.2,915.2,0.0,0.0,0.0,0.0,86
2023-05-10 09:37:14,MO2312-P-7400,MO2312-P-7400,940.2,0.0,0.0,0.0,6,931.8,942.2,8,940.2,915.2,0.0,0.0,0.0,0.0,86
2023-05-10 09:37:15,MO2312-P-7400,MO2312-P-7400,940.2,0.0,0.0,0.0,7,931.8,942.2,2,940.2,915.2,0.0,0.0,0.0,0.0,86
2023-05-10 09:37:16,MO2312-P-7400,MO2312-P-7400,940.2,0.0,0.0,0.0,6,931.8,942.4,12,940.2,915.2,0.0,0.0,0.0,0.0,86
2023-05-10 09:37:17,MO2312-P-7400,MO2312-P-7400,940.2,0.0,0.0,0.0,7,931.8,942.4,6,940.2,915.2,0.0,0.0,0.0,0.0,86
2023-05-10 09:37:18,MO2312-P-7400,MO2312-P-7400,940.2,0.0,0.0,0.0,6,932.0,942.4,6,940.2,915.2,0.0,0.0,0.0,0.0,86
2023-05-10 09:37:18,MO2312-P-7400,MO2312-P-7400,940.2,0.0,0.0,0.0,6,932.2,942.8,2,940.2,915.2,0.0,0.0,0.0,0.0,86
2023-05-10 09:37:19,MO2312-P-7400,MO2312-P-7400,940.2,0.0,0.0,0.0,6,932.2,944.0,1,940.2,915.2,0.0,0.0,0.0,0.0,86
2023-05-10 09:37:23,MO2312-P-7400,MO2312-P-7400,940.2,0.0,0.0,0.0,7,932.2,944.0,1,940.2,915.2,0.0,0.0,0.0,0.0,86
2023-05-10 09:37:32,MO2312-P-7400,MO2312-P-7400,940.2,0.0,0.0,0.0,6,932.2,944.0,1,940.2,915.2,0.0,0.0,0.0,0.0,86
2023-05-10 09:37:37,MO2312-P-7400,MO2312-P-7400,940.2,0.0,0.0,0.0,7,932.2,944.0,1,940.2,915.2,0.0,0.0,0.0,0.0,86
2023-05-10 09:37:47,MO2312-P-7400,MO2312-P-7400,940.2,0.0,0.0,0.0,1,932.4,944.0,1,940.2,915.2,0.0,0.0,0.0,0.0,86
2023-05-10 09:37:49,MO2312-P-7400,MO2312-P-7400,940.2,0.0,0.0,0.0,1,932.4,944.2,12,940.2,915.2,0.0,0.0,0.0,0.0,86
2023-05-10 09:37:49,MO2312-P-7400,MO2312-P-7400,940.2,0.0,0.0,0.0,1,932.4,944.2,6,940.2,915.2,0.0,0.0,0.0,0.0,86
2023-05-10 09:37:57,MO2312-P-7400,MO2312-P-7400,940.2,0.0,0.0,0.0,1,932.6,944.2,6,940.2,915.2,0.0,0.0,0.0,0.0,86
2023-05-10 09:37:58,MO2312-P-7400,MO2312-P-7400,940.2,0.0,0.0,0.0,1,932.6,944.4,24,940.2,915.2,0.0,0.0,0.0,0.0,86
2023-05-10 09:37:59,MO2312-P-7400,MO2312-P-7400,940.2,0.0,0.0,0.0,1,932.6,944.4,18,940.2,915.2,0.0,0.0,0.0,0.0,86
2023-05-10 09:38:07,MO2312-P-7400,MO2312-P-7400,940.2,0.0,0.0,0.0,1,932.8,944.4,18,940.2,915.2,0.0,0.0,0.0,0.0,86
2023-05-10 09:38:12,MO2312-P-7400,MO2312-P-7400,940.2,0.0,0.0,0.0,15,932.6,944.4,12,940.2,915.2,0.0,0.0,0.0,0.0,86
2023-05-10 09:38:12,MO2312-P-7400,MO2312-P-7400,940.2,0.0,0.0,0.0,12,932.2,944.4,6,940.2,915.2,0.0,0.0,0.0,0.0,86
2023-05-10 09:38:13,MO2312-P-7400,MO2312-P-7400,940.2,0.0,0.0,0.0,6,932.2,944.4,6,940.2,915.2,0.0,0.0,0.0,0.0,86
2023-05-10 09:38:13,MO2312-P-7400,MO2312-P-7400,940.2,0.0,0.0,0.0,39,932.0,944.4,6,940.2,915.2,0.0,0.0,0.0,0.0,86
2023-05-10 09:38:14,MO2312-P-7400,MO2312-P-7400,940.2,0.0,0.0,0.0,18,932.0,944.4,6,940.2,915.2,0.0,0.0,0.0,0.0,86
2023-05-10 09:38:14,MO2312-P-7400,MO2312-P-7400,940.2,0.0,0.0,0.0,12,932.0,944.4,6,940.2,915.2,0.0,0.0,0.0,0.0,86
2023-05-10 09:38:15,MO2312-P-7400,MO2312-P-7400,940.2,0.0,0.0,0.0,6,932.0,944.4,6,940.2,915.2,0.0,0.0,0.0,0.0,86
2023-05-10 09:38:17,MO2312-P-7400,MO2312-P-7400,940.2,0.0,0.0,0.0,33,931.8,944.4,6,940.2,915.2,0.0,0.0,0.0,0.0,86
2023-05-10 09:38:18,MO2312-P-7400,MO2312-P-7400,940.2,0.0,0.0,0.0,18,931.8,944.4,6,940.2,915.2,0.0,0.0,0.0,0.0,86
2023-05-10 09:38:18,MO2312-P-7400,MO2312-P-7400,940.2,0.0,0.0,0.0,12,931.8,944.4,6,940.2,915.2,0.0,0.0,0.0,0.0,86
2023-05-10 09:38:19,MO2312-P-7400,MO2312-P-7400,940.2,0.0,0.0,0.0,6,931.8,944.4,6,940.2,915.2,0.0,0.0,0.0,0.0,86
2023-05-10 09:38:19,MO2312-P-7400,MO2312-P-7400,940.2,0.0,0.0,0.0,6,932.0,944.4,6,940.2,915.2,0.0,0.0,0.0,0.0,86
2023-05-10 09:38:20,MO2312-P-7400,MO2312-P-7400,940.2,0.0,0.0,0.0,7,932.0,944.4,6,940.2,915.2,0.0,0.0,0.0,0.0,86
2023-05-10 09:38:23,MO2312-P-7400,MO2312-P-7400,940.2,0.0,0.0,0.0,6,932.2,944.4,6,940.2,915.2,0.0,0.0,0.0,0.0,86
2023-05-10 09:38:26,MO2312-P-7400,MO2312-P-7400,940.2,0.0,0.0,0.0,15,932.0,944.4,6,940.2,915.2,0.0,0.0,0.0,0.0,86
2023-05-10 09:38:27,MO2312-P-7400,MO2312-P-7400,940.2,0.0,0.0,0.0,6,931.8,944.4,6,940.2,915.2,0.0,0.0,0.0,0.0,86
2023-05-10 09:38:28,MO2312-P-7400,MO2312-P-7400,940.2,0.0,0.0,0.0,33,931.6,944.4,6,940.2,915.2,0.0,0.0,0.0,0.0,86
2023-05-10 09:38:29,MO2312-P-7400,MO2312-P-7400,940.2,0.0,0.0,0.0,12,931.6,944.4,6,940.2,915.2,0.0,0.0,0.0,0.0,86
2023-05-10 09:38:29,MO2312-P-7400,MO2312-P-7400,940.2,0.0,0.0,0.0,27,931.4,944.4,6,940.2,915.2,0.0,0.0,0.0,0.0,86
2023-05-10 09:38:30,MO2312-P-7400,MO2312-P-7400,940.2,0.0,0.0,0.0,12,931.4,944.4,6,940.2,915.2,0.0,0.0,0.0,0.0,86
2023-05-10 09:38:30,MO2312-P-7400,MO2312-P-7400,940.2,0.0,0.0,0.0,39,931.2,944.4,6,940.2,915.2,0.0,0.0,0.0,0.0,86
2023-05-10 09:38:31,MO2312-P-7400,MO2312-P-7400,940.2,0.0,0.0,0.0,18,931.2,944.4,6,940.2,915.2,0.0,0.0,0.0,0.0,86
2023-05-10 09:38:31,MO2312-P-7400,MO2312-P-7400,940.2,0.0,0.0,0.0,12,931.2,944.4,6,940.2,915.2,0.0,0.0,0.0,0.0,86
2023-05-10 09:38:32,MO2312-P-7400,MO2312-P-7400,940.2,0.0,0.0,0.0,6,931.2,944.4,6,940.2,915.2,0.0,0.0,0.0,0.0,86
2023-05-10 09:38:48,MO2312-P-7400,MO2312-P-7400,940.2,0.0,0.0,0.0,6,931.4,944.4,6,940.2,915.2,0.0,0.0,0.0,0.0,86
2023-05-10 09:38:56,MO2312-P-7400,MO2312-P-7400,940.2,0.0,0.0,0.0,21,931.2,944.4,6,940.2,915.2,0.0,0.0,0.0,0.0,86
2023-05-10 09:38:57,MO2312-P-7400,MO2312-P-7400,940.2,0.0,0.0,0.0,7,931.2,944.4,6,940.2,915.2,0.0,0.0,0.0,0.0,86
2023-05-10 09:39:06,MO2312-P-7400,MO2312-P-7400,940.2,0.0,0.0,0.0,6,931.4,944.4,6,940.2,915.2,0.0,0.0,0.0,0.0,86
2023-05-10 09:39:07,MO2312-P-7400,MO2312-P-7400,940.2,0.0,0.0,0.0,6,932.2,944.6,24,940.2,915.2,0.0,0.0,0.0,0.0,86
2023-05-10 09:39:08,MO2312-P-7400,MO2312-P-7400,940.2,0.0,0.0,0.0,6,932.2,944.6,18,940.2,915.2,0.0,0.0,0.0,0.0,86
2023-05-10 09:39:12,MO2312-P-7400,MO2312-P-7400,940.2,0.0,0.0,0.0,22,932.0,944.4,6,940.2,915.2,0.0,0.0,0.0,0.0,86
2023-05-10 09:39:13,MO2312-P-7400,MO2312-P-7400,940.2,0.0,0.0,0.0,7,932.0,944.4,6,940.2,915.2,0.0,0.0,0.0,0.0,86
2023-05-10 09:39:13,MO2312-P-7400,MO2312-P-7400,940.2,0.0,0.0,0.0,1,932.0,944.4,6,940.2,915.2,0.0,0.0,0.0,0.0,86
2023-05-10 09:39:14,MO2312-P-7400,MO2312-P-7400,940.2,0.0,0.0,0.0,21,931.8,944.4,6,940.2,915.2,0.0,0.0,0.0,0.0,86
2023-05-10 09:39:15,MO2312-P-7400,MO2312-P-7400,940.2,0.0,0.0,0.0,6,931.8,944.4,6,940.2,915.2,0.0,0.0,0.0,0.0,86
2023-05-10 09:39:15,MO2312-P-7400,MO2312-P-7400,940.2,0.0,0.0,0.0,21,931.6,944.4,6,940.2,915.2,0.0,0.0,0.0,0.0,86
2023-05-10 09:39:16,MO2312-P-7400,MO2312-P-7400,940.2,0.0,0.0,0.0,6,931.6,944.4,6,940.2,915.2,0.0,0.0,0.0,0.0,86
2023-05-10 09:39:16,MO2312-P-7400,MO2312-P-7400,940.2,0.0,0.0,0.0,27,931.4,944.4,6,940.2,915.2,0.0,0.0,0.0,0.0,86
2023-05-10 09:39:17,MO2312-P-7400,MO2312-P-7400,940.2,0.0,0.0,0.0,12,931.4,944.4,6,940.2,915.2,0.0,0.0,0.0,0.0,86
2023-05-10 09:39:18,MO2312-P-7400,MO2312-P-7400,940.2,0.0,0.0,0.0,6,931.4,944.4,6,940.2,915.2,0.0,0.0,0.0,0.0,86
2023-05-10 09:39:23,MO2312-P-7400,MO2312-P-7400,940.2,0.0,0.0,0.0,39,931.2,944.4,6,940.2,915.2,0.0,0.0,0.0,0.0,86
2023-05-10 09:39:24,MO2312-P-7400,MO2312-P-7400,940.2,0.0,0.0,0.0,18,931.2,944.4,6,940.2,915.2,0.0,0.0,0.0,0.0,86
2023-05-10 09:39:24,MO2312-P-7400,MO2312-P-7400,940.2,0.0,0.0,0.0,12,931.2,944.4,6,940.2,915.2,0.0,0.0,0.0,0.0,86
2023-05-10 09:39:25,MO2312-P-7400,MO2312-P-7400,940.2,0.0,0.0,0.0,6,931.2,944.4,6,940.2,915.2,0.0,0.0,0.0,0.0,86
2023-05-10 09:39:25,MO2312-P-7400,MO2312-P-7400,940.2,0.0,0.0,0.0,33,931.0,942.6,6,940.2,915.2,0.0,0.0,0.0,0.0,86
2023-05-10 09:39:26,MO2312-P-7400,MO2312-P-7400,940.2,0.0,0.0,0.0,18,931.0,942.6,6,940.2,915.2,0.0,0.0,0.0,0.0,86
2023-05-10 09:39:26,MO2312-P-7400,MO2312-P-7400,940.2,0.0,0.0,0.0,12,931.0,942.6,6,940.2,915.2,0.0,0.0,0.0,0.0,86
2023-05-10 09:39:27,MO2312-P-7400,MO2312-P-7400,940.2,0.0,0.0,0.0,6,931.0,942.6,8,940.2,915.2,0.0,0.0,0.0,0.0,86
2023-05-10 09:39:30,MO2312-P-7400,MO2312-P-7400,940.2,0.0,0.0,0.0,33,930.8,942.6,8,940.2,915.2,0.0,0.0,0.0,0.0,86
2023-05-10 09:39:31,MO2312-P-7400,MO2312-P-7400,940.2,0.0,0.0,0.0,18,930.8,942.6,8,940.2,915.2,0.0,0.0,0.0,0.0,86
2023-05-10 09:39:31,MO2312-P-7400,MO2312-P-7400,940.2,0.0,0.0,0.0,12,930.8,942.6,8,940.2,915.2,0.0,0.0,0.0,0.0,86
2023-05-10 09:39:32,MO2312-P-7400,MO2312-P-7400,940.2,0.0,0.0,0.0,6,930.8,942.6,8,940.2,915.2,0.0,0.0,0.0,0.0,86
2023-05-10 09:39:34,MO2312-P-7400,MO2312-P-7400,940.2,0.0,0.0,0.0,6,931.0,942.6,6,940.2,915.2,0.0,0.0,0.0,0.0,86
2023-05-10 09:39:35,MO2312-P-7400,MO2312-P-7400,940.2,0.0,0.0,0.0,6,931.2,942.6,6,940.2,915.2,0.0,0.0,0.0,0.0,86
2023-05-10 09:39:37,MO2312-P-7400,MO2312-P-7400,940.2,0.0,0.0,0.0,6,931.2,942.8,12,940.2,915.2,0.0,0.0,0.0,0.0,86
2023-05-10 09:39:37,MO2312-P-7400,MO2312-P-7400,940.2,0.0,0.0,0.0,6,931.2,942.8,6,940.2,915.2,0.0,0.0,0.0,0.0,86
2023-05-10 09:39:38,MO2312-P-7400,MO2312-P-7400,940.2,0.0,0.0,0.0,21,931.0,943.0,20,940.2,915.2,0.0,0.0,0.0,0.0,86
2023-05-10 09:39:39,MO2312-P-7400,MO2312-P-7400,940.2,0.0,0.0,0.0,12,931.0,943.0,14,940.2,915.2,0.0,0.0,0.0,0.0,86
2023-05-10 09:39:39,MO2312-P-7400,MO2312-P-7400,940.2,0.0,0.0,0.0,6,931.0,943.0,14,940.2,915.2,0.0,0.0,0.0,0.0,86
2023-05-10 09:39:43,MO2312-P-7400,MO2312-P-7400,940.2,0.0,0.0,0.0,6,931.0,942.4,6,940.2,915.2,0.0,0.0,0.0,0.0,86
2023-05-10 09:40:04,MO2312-P-7400,MO2312-P-7400,940.2,0.0,0.0,0.0,6,931.0,943.0,8,940.2,915.2,0.0,0.0,0.0,0.0,86
2023-05-10 09:40:04,MO2312-P-7400,MO2312-P-7400,940.2,0.0,0.0,0.0,6,931.0,943.0,2,940.2,915.2,0.0,0.0,0.0,0.0,86
2023-05-10 09:40:05,MO2312-P-7400,MO2312-P-7400,940.2,0.0,0.0,0.0,6,931.0,943.2,24,940.2,915.2,0.0,0.0,0.0,0.0,86
2023-05-10 09:40:06,MO2312-P-7400,MO2312-P-7400,940.2,0.0,0.0,0.0,6,931.0,943.2,18,940.2,915.2,0.0,0.0,0.0,0.0,86
2023-05-10 09:40:11,MO2312-P-7400,MO2312-P-7400,940.2,0.0,0.0,0.0,7,931.0,943.2,18,940.2,915.2,0.0,0.0,0.0,0.0,86
2023-05-10 09:40:12,MO2312-P-7400,MO2312-P-7400,940.2,0.0,0.0,0.0,6,931.0,943.2,12,940.2,915.2,0.0,0.0,0.0,0.0,86
2023-05-10 09:40:13,MO2312-P-7400,MO2312-P-7400,940.2,0.0,0.0,0.0,6,931.0,943.2,6,940.2,915.2,0.0,0.0,0.0,0.0,86
2023-05-10 09:40:21,MO2312-P-7400,MO2312-P-7400,940.2,0.0,0.0,0.0,7,931.0,943.2,6,940.2,915.2,0.0,0.0,0.0,0.0,86
2023-05-10 09:40:22,MO2312-P-7400,MO2312-P-7400,940.2,0.0,0.0,0.0,6,931.0,943.2,6,940.2,915.2,0.0,0.0,0.0,0.0,86
2023-05-10 09:41:02,MO2312-P-7400,MO2312-P-7400,940.2,0.0,0.0,0.0,6,931.0,942.4,6,940.2,915.2,0.0,0.0,0.0,0.0,86
2023-05-10 09:41:03,MO2312-P-7400,MO2312-P-7400,940.2,0.0,0.0,0.0,6,931.0,942.4,8,940.2,915.2,0.0,0.0,0.0,0.0,86
2023-05-10 09:41:10,MO2312-P-7400,MO2312-P-7400,940.2,0.0,0.0,0.0,6,931.0,942.4,2,940.2,915.2,0.0,0.0,0.0,0.0,86
2023-05-10 09:41:11,MO2312-P-7400,MO2312-P-7400,940.2,0.0,0.0,0.0,6,931.0,943.2,12,940.2,915.2,0.0,0.0,0.0,0.0,86
2023-05-10 09:41:12,MO2312-P-7400,MO2312-P-7400,940.2,0.0,0.0,0.0,6,931.0,943.2,6,940.2,915.2,0.0,0.0,0.0,0.0,86
2023-05-10 09:41:12,MO2312-P-7400,MO2312-P-7400,940.2,0.0,0.0,0.0,6,931.0,943.2,8,940.2,915.2,0.0,0.0,0.0,0.0,86
2023-05-10 09:41:31,MO2312-P-7400,MO2312-P-7400,940.2,0.0,0.0,0.0,6,931.2,943.2,8,940.2,915.2,0.0,0.0,0.0,0.0,86
2023-05-10 09:41:32,MO2312-P-7400,MO2312-P-7400,940.2,0.0,0.0,0.0,6,931.4,944.2,18,940.2,915.2,0.0,0.0,0.0,0.0,86
2023-05-10 09:41:32,MO2312-P-7400,MO2312-P-7400,940.2,0.0,0.0,0.0,7,931.4,944.2,6,940.2,915.2,0.0,0.0,0.0,0.0,86
2023-05-10 09:41:33,MO2312-P-7400,MO2312-P-7400,940.2,0.0,0.0,0.0,7,931.4,944.4,20,940.2,915.2,0.0,0.0,0.0,0.0,86
2023-05-10 09:41:33,MO2312-P-7400,MO2312-P-7400,940.2,0.0,0.0,0.0,6,932.2,944.4,14,940.2,915.2,0.0,0.0,0.0,0.0,86
2023-05-10 09:41:34,MO2312-P-7400,MO2312-P-7400,940.2,0.0,0.0,0.0,6,932.2,944.4,12,940.2,915.2,0.0,0.0,0.0,0.0,86
2023-05-10 09:41:34,MO2312-P-7400,MO2312-P-7400,940.2,0.0,0.0,0.0,6,932.2,944.4,6,940.2,915.2,0.0,0.0,0.0,0.0,86
2023-05-10 09:41:44,MO2312-P-7400,MO2312-P-7400,940.2,0.0,0.0,0.0,6,932.2,944.4,8,940.2,915.2,0.0,0.0,0.0,0.0,86
2023-05-10 09:41:45,MO2312-P-7400,MO2312-P-7400,940.2,0.0,0.0,0.0,6,932.2,944.4,6,940.2,915.2,0.0,0.0,0.0,0.0,86
2023-05-10 09:41:46,MO2312-P-7400,MO2312-P-7400,940.2,0.0,0.0,0.0,6,932.2,944.4,8,940.2,915.2,0.0,0.0,0.0,0.0,86
2023-05-10 09:41:47,MO2312-P-7400,MO2312-P-7400,940.2,0.0,0.0,0.0,6,932.2,944.4,6,940.2,915.2,0.0,0.0,0.0,0.0,86
2023-05-10 09:41:47,MO2312-P-7400,MO2312-P-7400,940.2,0.0,0.0,0.0,7,932.2,944.4,6,940.2,915.2,0.0,0.0,0.0,0.0,86
2023-05-10 09:41:49,MO2312-P-7400,MO2312-P-7400,940.2,0.0,0.0,0.0,13,932.2,944.4,6,940.2,915.2,0.0,0.0,0.0,0.0,86
2023-05-10 09:41:51,MO2312-P-7400,MO2312-P-7400,940.2,0.0,0.0,0.0,7,932.2,944.4,12,940.2,915.2,0.0,0.0,0.0,0.0,86
2023-05-10 09:41:52,MO2312-P-7400,MO2312-P-7400,940.2,0.0,0.0,0.0,13,932.2,944.4,6,940.2,915.2,0.0,0.0,0.0,0.0,86
2023-05-10 09:41:57,MO2312-P-7400,MO2312-P-7400,940.2,0.0,0.0,0.0,6,934.0,944.4,6,940.2,915.2,0.0,0.0,0.0,0.0,86
2023-05-10 09:41:58,MO2312-P-7400,MO2312-P-7400,940.2,0.0,0.0,0.0,6,934.2,944.6,12,940.2,915.2,0.0,0.0,0.0,0.0,86
2023-05-10 09:41:58,MO2312-P-7400,MO2312-P-7400,940.2,0.0,0.0,0.0,6,934.2,944.6,6,940.2,915.2,0.0,0.0,0.0,0.0,86
2023-05-10 09:41:59,MO2312-P-7400,MO2312-P-7400,940.2,0.0,0.0,0.0,6,934.4,944.6,6,940.2,915.2,0.0,0.0,0.0,0.0,86
2023-05-10 09:41:59,MO2312-P-7400,MO2312-P-7400,940.2,0.0,0.0,0.0,7,934.4,944.6,6,940.2,915.2,0.0,0.0,0.0,0.0,86
2023-05-10 09:42:04,MO2312-P-7400,MO2312-P-7400,940.2,0.0,0.0,0.0,21,934.2,944.6,6,940.2,915.2,0.0,0.0,0.0,0.0,86
2023-05-10 09:42:04,MO2312-P-7400,MO2312-P-7400,940.2,0.0,0.0,0.0,6,934.2,944.6,6,940.2,915.2,0.0,0.0,0.0,0.0,86
2023-05-10 09:42:05,MO2312-P-7400,MO2312-P-7400,940.2,0.0,0.0,0.0,7,934.2,944.6,6,940.2,915.2,0.0,0.0,0.0,0.0,86
2023-05-10 09:42:10,MO2312-P-7400,MO2312-P-7400,940.2,0.0,0.0,0.0,6,934.2,944.6,6,940.2,915.2,0.0,0.0,0.0,0.0,86
2023-05-10 09:42:11,MO2312-P-7400,MO2312-P-7400,940.2,0.0,0.0,0.0,7,934.2,944.6,6,940.2,915.2,0.0,0.0,0.0,0.0,86
2023-05-10 09:42:13,MO2312-P-7400,MO2312-P-7400,940.2,0.0,0.0,0.0,6,934.2,944.6,6,940.2,915.2,0.0,0.0,0.0,0.0,86
2023-05-10 09:42:14,MO2312-P-7400,MO2312-P-7400,940.2,0.0,0.0,0.0,15,934.0,944.6,6,940.2,915.2,0.0,0.0,0.0,0.0,86
2023-05-10 09:42:14,MO2312-P-7400,MO2312-P-7400,940.2,0.0,0.0,0.0,6,933.8,944.6,6,940.2,915.2,0.0,0.0,0.0,0.0,86
2023-05-10 09:42:15,MO2312-P-7400,MO2312-P-7400,940.2,0.0,0.0,0.0,21,933.6,944.6,6,940.2,915.2,0.0,0.0,0.0,0.0,86
2023-05-10 09:42:15,MO2312-P-7400,MO2312-P-7400,940.2,0.0,0.0,0.0,6,933.6,944.6,6,940.2,915.2,0.0,0.0,0.0,0.0,86
2023-05-10 09:42:16,MO2312-P-7400,MO2312-P-7400,940.2,0.0,0.0,0.0,21,933.4,944.6,6,940.2,915.2,0.0,0.0,0.0,0.0,86
2023-05-10 09:42:16,MO2312-P-7400,MO2312-P-7400,940.2,0.0,0.0,0.0,6,933.4,944.6,6,940.2,915.2,0.0,0.0,0.0,0.0,86
2023-05-10 09:42:17,MO2312-P-7400,MO2312-P-7400,940.2,0.0,0.0,0.0,33,933.2,944.6,6,940.2,915.2,0.0,0.0,0.0,0.0,86
2023-05-10 09:42:17,MO2312-P-7400,MO2312-P-7400,940.2,0.0,0.0,0.0,12,933.2,944.6,6,940.2,915.2,0.0,0.0,0.0,0.0,86
2023-05-10 09:42:18,MO2312-P-7400,MO2312-P-7400,940.2,0.0,0.0,0.0,6,933.2,944.6,6,940.2,915.2,0.0,0.0,0.0,0.0,86
2023-05-10 09:42:32,MO2312-P-7400,MO2312-P-7400,940.2,0.0,0.0,0.0,22,933.0,944.6,6,940.2,915.2,0.0,0.0,0.0,0.0,86
2023-05-10 09:42:33,MO2312-P-7400,MO2312-P-7400,940.2,0.0,0.0,0.0,7,933.0,944.6,6,940.2,915.2,0.0,0.0,0.0,0.0,86
2023-05-10 09:42:33,MO2312-P-7400,MO2312-P-7400,940.2,0.0,0.0,0.0,1,933.0,944.6,6,940.2,915.2,0.0,0.0,0.0,0.0,86
2023-05-10 09:42:34,MO2312-P-7400,MO2312-P-7400,940.2,0.0,0.0,0.0,21,932.8,944.6,6,940.2,915.2,0.0,0.0,0.0,0.0,86
2023-05-10 09:42:34,MO2312-P-7400,MO2312-P-7400,940.2,0.0,0.0,0.0,6,932.8,944.6,6,940.2,915.2,0.0,0.0,0.0,0.0,86
2023-05-10 09:42:35,MO2312-P-7400,MO2312-P-7400,940.2,0.0,0.0,0.0,21,932.6,944.6,6,940.2,915.2,0.0,0.0,0.0,0.0,86
2023-05-10 09:42:35,MO2312-P-7400,MO2312-P-7400,940.2,0.0,0.0,0.0,6,932.6,944.6,6,940.2,915.2,0.0,0.0,0.0,0.0,86
2023-05-10 09:42:36,MO2312-P-7400,MO2312-P-7400,940.2,0.0,0.0,0.0,22,932.4,944.6,6,940.2,915.2,0.0,0.0,0.0,0.0,86
2023-05-10 09:42:36,MO2312-P-7400,MO2312-P-7400,940.2,0.0,0.0,0.0,7,932.4,944.6,6,940.2,915.2,0.0,0.0,0.0,0.0,86
2023-05-10 09:42:37,MO2312-P-7400,MO2312-P-7400,940.2,0.0,0.0,0.0,1,932.4,944.6,6,940.2,915.2,0.0,0.0,0.0,0.0,86
2023-05-10 09:42:44,MO2312-P-7400,MO2312-P-7400,940.2,0.0,0.0,0.0,1,932.6,944.6,6,940.2,915.2,0.0,0.0,0.0,0.0,86
2023-05-10 09:42:47,MO2312-P-7400,MO2312-P-7400,940.2,0.0,0.0,0.0,15,932.4,944.6,6,940.2,915.2,0.0,0.0,0.0,0.0,86
2023-05-10 09:42:47,MO2312-P-7400,MO2312-P-7400,940.2,0.0,0.0,0.0,12,932.2,944.6,6,940.2,915.2,0.0,0.0,0.0,0.0,86
2023-05-10 09:42:48,MO2312-P-7400,MO2312-P-7400,940.2,0.0,0.0,0.0,6,932.2,944.6,6,940.2,915.2,0.0,0.0,0.0,0.0,86
2023-05-10 09:42:56,MO2312-P-7400,MO2312-P-7400,940.2,0.0,0.0,0.0,6,932.2,944.0,6,940.2,915.2,0.0,0.0,0.0,0.0,86
2023-05-10 09:43:01,MO2312-P-7400,MO2312-P-7400,940.2,0.0,0.0,0.0,7,932.2,944.0,6,940.2,915.2,0.0,0.0,0.0,0.0,86
2023-05-10 09:43:03,MO2312-P-7400,MO2312-P-7400,940.2,0.0,0.0,0.0,6,932.2,944.0,6,940.2,915.2,0.0,0.0,0.0,0.0,86
2023-05-10 09:43:04,MO2312-P-7400,MO2312-P-7400,940.2,0.0,0.0,0.0,7,932.2,944.0,6,940.2,915.2,0.0,0.0,0.0,0.0,86
2023-05-10 09:43:12,MO2312-P-7400,MO2312-P-7400,940.2,0.0,0.0,0.0,6,932.2,944.0,6,940.2,915.2,0.0,0.0,0.0,0.0,86
2023-05-10 09:43:13,MO2312-P-7400,MO2312-P-7400,940.2,0.0,0.0,0.0,7,932.2,944.0,6,940.2,915.2,0.0,0.0,0.0,0.0,86
2023-05-10 09:43:16,MO2312-P-7400,MO2312-P-7400,940.2,0.0,0.0,0.0,7,932.2,944.6,6,940.2,915.2,0.0,0.0,0.0,0.0,86
2023-05-10 09:43:17,MO2312-P-7400,MO2312-P-7400,940.2,0.0,0.0,0.0,6,933.8,944.6,6,940.2,915.2,0.0,0.0,0.0,0.0,86
2023-05-10 09:43:18,MO2312-P-7400,MO2312-P-7400,940.2,0.0,0.0,0.0,6,934.0,944.6,6,940.2,915.2,0.0,0.0,0.0,0.0,86
2023-05-10 09:43:23,MO2312-P-7400,MO2312-P-7400,940.2,0.0,0.0,0.0,7,934.0,944.6,6,940.2,915.2,0.0,0.0,0.0,0.0,86
2023-05-10 09:43:33,MO2312-P-7400,MO2312-P-7400,940.2,0.0,0.0,0.0,1,934.2,944.6,6,940.2,915.2,0.0,0.0,0.0,0.0,86
2023-05-10 09:43:36,MO2312-P-7400,MO2312-P-7400,940.2,0.0,0.0,0.0,15,934.0,944.6,6,940.2,915.2,0.0,0.0,0.0,0.0,86
2023-05-10 09:43:36,MO2312-P-7400,MO2312-P-7400,940.2,0.0,0.0,0.0,18,933.6,944.6,6,940.2,915.2,0.0,0.0,0.0,0.0,86
2023-05-10 09:43:37,MO2312-P-7400,MO2312-P-7400,940.2,0.0,0.0,0.0,6,933.6,944.6,6,940.2,915.2,0.0,0.0,0.0,0.0,86
2023-05-10 09:43:37,MO2312-P-7400,MO2312-P-7400,940.2,0.0,0.0,0.0,22,933.4,944.6,6,940.2,915.2,0.0,0.0,0.0,0.0,86
2023-05-10 09:43:38,MO2312-P-7400,MO2312-P-7400,940.2,0.0,0.0,0.0,7,933.4,944.6,6,940.2,915.2,0.0,0.0,0.0,0.0,86
2023-05-10 09:43:38,MO2312-P-7400,MO2312-P-7400,940.2,0.0,0.0,0.0,1,933.4,944.6,6,940.2,915.2,0.0,0.0,0.0,0.0,86
2023-05-10 09:43:46,MO2312-P-7400,MO2312-P-7400,940.2,0.0,0.0,0.0,1,933.6,944.6,6,940.2,915.2,0.0,0.0,0.0,0.0,86
2023-05-10 09:43:56,MO2312-P-7400,MO2312-P-7400,940.2,0.0,0.0,0.0,1,933.8,944.6,6,940.2,915.2,0.0,0.0,0.0,0.0,86
2023-05-10 09:44:06,MO2312-P-7400,MO2312-P-7400,940.2,0.0,0.0,0.0,1,934.0,944.6,6,940.2,915.2,0.0,0.0,0.0,0.0,86
2023-05-10 09:44:14,MO2312-P-7400,MO2312-P-7400,940.2,0.0,0.0,0.0,6,934.2,944.6,6,940.2,915.2,0.0,0.0,0.0,0.0,86
2023-05-10 09:44:20,MO2312-P-7400,MO2312-P-7400,940.2,0.0,0.0,0.0,6,934.4,944.6,6,940.2,915.2,0.0,0.0,0.0,0.0,86
2023-05-10 09:44:31,MO2312-P-7400,MO2312-P-7400,940.2,0.0,0.0,0.0,7,934.4,944.6,6,940.2,915.2,0.0,0.0,0.0,0.0,86
2023-05-10 09:44:36,MO2312-P-7400,MO2312-P-7400,940.2,0.0,0.0,0.0,6,934.6,944.6,6,940.2,915.2,0.0,0.0,0.0,0.0,86
2023-05-10 09:44:46,MO2312-P-7400,MO2312-P-7400,940.2,0.0,0.0,0.0,6,934.8,944.6,6,940.2,915.2,0.0,0.0,0.0,0.0,86
2023-05-10 09:44:50,MO2312-P-7400,MO2312-P-7400,940.2,0.0,0.0,0.0,6,934.8,945.0,12,940.2,915.2,0.0,0.0,0.0,0.0,86
2023-05-10 09:44:51,MO2312-P-7400,MO2312-P-7400,940.2,0.0,0.0,0.0,7,934.8,945.0,6,940.2,915.2,0.0,0.0,0.0,0.0,86
2023-05-10 09:44:53,MO2312-P-7400,MO2312-P-7400,940.2,0.0,0.0,0.0,6,935.4,945.0,6,940.2,915.2,0.0,0.0,0.0,0.0,86
2023-05-10 09:44:53,MO2312-P-7400,MO2312-P-7400,940.2,0.0,0.0,0.0,6,935.4,945.4,18,940.2,915.2,0.0,0.0,0.0,0.0,86
2023-05-10 09:44:54,MO2312-P-7400,MO2312-P-7400,940.2,0.0,0.0,0.0,6,935.4,945.4,6,940.2,915.2,0.0,0.0,0.0,0.0,86
2023-05-10 09:44:54,MO2312-P-7400,MO2312-P-7400,940.2,0.0,0.0,0.0,6,935.4,945.8,18,940.2,915.2,0.0,0.0,0.0,0.0,86
2023-05-10 09:44:56,MO2312-P-7400,MO2312-P-7400,940.2,0.0,0.0,0.0,7,935.4,945.8,18,940.2,915.2,0.0,0.0,0.0,0.0,86
2023-05-10 09:45:06,MO2312-P-7400,MO2312-P-7400,940.2,0.0,0.0,0.0,1,935.6,945.8,18,940.2,915.2,0.0,0.0,0.0,0.0,86
2023-05-10 09:45:06,MO2312-P-7400,MO2312-P-7400,940.2,0.0,0.0,0.0,1,935.6,945.8,12,940.2,915.2,0.0,0.0,0.0,0.0,86
2023-05-10 09:45:07,MO2312-P-7400,MO2312-P-7400,940.2,0.0,0.0,0.0,1,935.6,945.8,6,940.2,915.2,0.0,0.0,0.0,0.0,86
2023-05-10 09:45:09,MO2312-P-7400,MO2312-P-7400,940.2,0.0,0.0,0.0,7,935.6,947.2,20,940.2,915.2,0.0,0.0,0.0,0.0,86
2023-05-10 09:45:09,MO2312-P-7400,MO2312-P-7400,940.2,0.0,0.0,0.0,7,935.6,947.2,8,940.2,915.2,0.0,0.0,0.0,0.0,86
2023-05-10 09:45:10,MO2312-P-7400,MO2312-P-7400,940.2,0.0,0.0,0.0,7,935.6,947.4,12,940.2,915.2,0.0,0.0,0.0,0.0,86
2023-05-10 09:45:11,MO2312-P-7400,MO2312-P-7400,940.2,0.0,0.0,0.0,7,935.6,947.4,6,940.2,915.2,0.0,0.0,0.0,0.0,86
2023-05-10 09:45:12,MO2312-P-7400,MO2312-P-7400,940.2,0.0,0.0,0.0,6,935.8,947.4,6,940.2,915.2,0.0,0.0,0.0,0.0,86
2023-05-10 09:45:16,MO2312-P-7400,MO2312-P-7400,940.2,0.0,0.0,0.0,7,935.8,947.4,6,940.2,915.2,0.0,0.0,0.0,0.0,86
2023-05-10 09:45:17,MO2312-P-7400,MO2312-P-7400,940.2,0.0,0.0,0.0,1,935.8,947.4,6,940.2,915.2,0.0,0.0,0.0,0.0,86
2023-05-10 09:45:20,MO2312-P-7400,MO2312-P-7400,940.2,0.0,0.0,0.0,6,937.0,947.4,6,940.2,915.2,0.0,0.0,0.0,0.0,86
2023-05-10 09:45:23,MO2312-P-7400,MO2312-P-7400,940.2,0.0,0.0,0.0,6,937.2,948.4,44,940.2,915.2,0.0,0.0,0.0,0.0,86
2023-05-10 09:45:23,MO2312-P-7400,MO2312-P-7400,940.2,0.0,0.0,0.0,6,937.4,948.4,26,940.2,915.2,0.0,0.0,0.0,0.0,86
2023-05-10 09:45:24,MO2312-P-7400,MO2312-P-7400,940.2,0.0,0.0,0.0,6,938.6,948.4,24,940.2,915.2,0.0,0.0,0.0,0.0,86
2023-05-10 09:45:24,MO2312-P-7400,MO2312-P-7400,940.2,0.0,0.0,0.0,6,938.6,948.4,18,940.2,915.2,0.0,0.0,0.0,0.0,86
2023-05-10 09:45:25,MO2312-P-7400,MO2312-P-7400,940.2,0.0,0.0,0.0,7,938.6,948.4,18,940.2,915.2,0.0,0.0,0.0,0.0,86
2023-05-10 09:45:37,MO2312-P-7400,MO2312-P-7400,940.2,0.0,0.0,0.0,1,938.8,948.4,18,940.2,915.2,0.0,0.0,0.0,0.0,86
2023-05-10 09:45:47,MO2312-P-7400,MO2312-P-7400,940.2,0.0,0.0,0.0,1,939.0,948.4,18,940.2,915.2,0.0,0.0,0.0,0.0,86
2023-05-10 09:45:47,MO2312-P-7400,MO2312-P-7400,940.2,0.0,0.0,0.0,15,938.8,948.4,18,940.2,915.2,0.0,0.0,0.0,0.0,86
2023-05-10 09:45:48,MO2312-P-7400,MO2312-P-7400,940.2,0.0,0.0,0.0,6,938.6,948.4,18,940.2,915.2,0.0,0.0,0.0,0.0,86
2023-05-10 09:45:48,MO2312-P-7400,MO2312-P-7400,940.2,0.0,0.0,0.0,21,938.4,948.4,18,940.2,915.2,0.0,0.0,0.0,0.0,86
2023-05-10 09:45:49,MO2312-P-7400,MO2312-P-7400,940.2,0.0,0.0,0.0,6,938.4,948.4,18,940.2,915.2,0.0,0.0,0.0,0.0,86
2023-05-10 09:45:49,MO2312-P-7400,MO2312-P-7400,940.2,0.0,0.0,0.0,21,938.2,948.4,18,940.2,915.2,0.0,0.0,0.0,0.0,86
2023-05-10 09:45:50,MO2312-P-7400,MO2312-P-7400,940.2,0.0,0.0,0.0,6,938.2,948.4,18,940.2,915.2,0.0,0.0,0.0,0.0,86
2023-05-10 09:45:50,MO2312-P-7400,MO2312-P-7400,940.2,0.0,0.0,0.0,21,938.0,948.4,18,940.2,915.2,0.0,0.0,0.0,0.0,86
2023-05-10 09:45:51,MO2312-P-7400,MO2312-P-7400,940.2,0.0,0.0,0.0,6,938.0,948.4,18,940.2,915.2,0.0,0.0,0.0,0.0,86
2023-05-10 09:45:51,MO2312-P-7400,MO2312-P-7400,940.2,0.0,0.0,0.0,21,937.8,948.4,18,940.2,915.2,0.0,0.0,0.0,0.0,86
2023-05-10 09:45:52,MO2312-P-7400,MO2312-P-7400,940.2,0.0,0.0,0.0,6,937.8,948.4,18,940.2,915.2,0.0,0.0,0.0,0.0,86
2023-05-10 09:45:52,MO2312-P-7400,MO2312-P-7400,940.2,0.0,0.0,0.0,21,937.6,948.4,18,940.2,915.2,0.0,0.0,0.0,0.0,86
2023-05-10 09:45:53,MO2312-P-7400,MO2312-P-7400,940.2,0.0,0.0,0.0,6,937.6,948.4,18,940.2,915.2,0.0,0.0,0.0,0.0,86
2023-05-10 09:45:53,MO2312-P-7400,MO2312-P-7400,940.2,0.0,0.0,0.0,28,937.4,948.4,18,940.2,915.2,0.0,0.0,0.0,0.0,86
2023-05-10 09:45:54,MO2312-P-7400,MO2312-P-7400,940.2,0.0,0.0,0.0,13,937.4,948.4,18,940.2,915.2,0.0,0.0,0.0,0.0,86
2023-05-10 09:45:56,MO2312-P-7400,MO2312-P-7400,940.2,0.0,0.0,0.0,6,937.4,948.4,18,940.2,915.2,0.0,0.0,0.0,0.0,86
2023-05-10 09:45:56,MO2312-P-7400,MO2312-P-7400,940.2,0.0,0.0,0.0,33,937.2,948.4,12,940.2,915.2,0.0,0.0,0.0,0.0,86
2023-05-10 09:45:57,MO2312-P-7400,MO2312-P-7400,940.2,0.0,0.0,0.0,18,937.2,948.4,6,940.2,915.2,0.0,0.0,0.0,0.0,86
2023-05-10 09:45:57,MO2312-P-7400,MO2312-P-7400,940.2,0.0,0.0,0.0,12,937.2,948.4,6,940.2,915.2,0.0,0.0,0.0,0.0,86
2023-05-10 09:45:58,MO2312-P-7400,MO2312-P-7400,940.2,0.0,0.0,0.0,6,937.2,948.4,6,940.2,915.2,0.0,0.0,0.0,0.0,86
2023-05-10 09:46:01,MO2312-P-7400,MO2312-P-7400,940.2,0.0,0.0,0.0,6,937.2,948.4,8,940.2,915.2,0.0,0.0,0.0,0.0,86
2023-05-10 09:46:02,MO2312-P-7400,MO2312-P-7400,940.2,0.0,0.0,0.0,12,937.0,947.8,6,940.2,915.2,0.0,0.0,0.0,0.0,86
2023-05-10 09:46:03,MO2312-P-7400,MO2312-P-7400,940.2,0.0,0.0,0.0,6,936.6,947.4,1,940.2,915.2,0.0,0.0,0.0,0.0,86
2023-05-10 09:46:03,MO2312-P-7400,MO2312-P-7400,940.2,0.0,0.0,0.0,15,936.4,947.4,1,940.2,915.2,0.0,0.0,0.0,0.0,86
2023-05-10 09:46:04,MO2312-P-7400,MO2312-P-7400,940.2,0.0,0.0,0.0,12,936.0,947.4,1,940.2,915.2,0.0,0.0,0.0,0.0,86
2023-05-10 09:46:04,MO2312-P-7400,MO2312-P-7400,940.2,0.0,0.0,0.0,6,936.0,947.4,1,940.2,915.2,0.0,0.0,0.0,0.0,86
2023-05-10 09:46:05,MO2312-P-7400,MO2312-P-7400,940.2,0.0,0.0,0.0,27,935.8,947.4,1,940.2,915.2,0.0,0.0,0.0,0.0,86
2023-05-10 09:46:05,MO2312-P-7400,MO2312-P-7400,940.2,0.0,0.0,0.0,12,935.8,947.4,1,940.2,915.2,0.0,0.0,0.0,0.0,86
2023-05-10 09:46:06,MO2312-P-7400,MO2312-P-7400,940.2,0.0,0.0,0.0,33,935.6,947.4,1,940.2,915.2,0.0,0.0,0.0,0.0,86
2023-05-10 09:46:06,MO2312-P-7400,MO2312-P-7400,940.2,0.0,0.0,0.0,18,935.6,947.4,1,940.2,915.2,0.0,0.0,0.0,0.0,86
2023-05-10 09:46:07,MO2312-P-7400,MO2312-P-7400,940.2,0.0,0.0,0.0,12,935.6,947.4,1,940.2,915.2,0.0,0.0,0.0,0.0,86
2023-05-10 09:46:07,MO2312-P-7400,MO2312-P-7400,940.2,0.0,0.0,0.0,6,935.6,947.4,1,940.2,915.2,0.0,0.0,0.0,0.0,86
2023-05-10 09:46:09,MO2312-P-7400,MO2312-P-7400,940.2,0.0,0.0,0.0,1,935.8,947.4,1,940.2,915.2,0.0,0.0,0.0,0.0,86
2023-05-10 09:46:12,MO2312-P-7400,MO2312-P-7400,940.2,0.0,0.0,0.0,1,935.8,947.8,18,940.2,915.2,0.0,0.0,0.0,0.0,86
2023-05-10 09:46:14,MO2312-P-7400,MO2312-P-7400,940.2,0.0,0.0,0.0,15,935.6,947.8,12,940.2,915.2,0.0,0.0,0.0,0.0,86
2023-05-10 09:46:14,MO2312-P-7400,MO2312-P-7400,940.2,0.0,0.0,0.0,37,935.4,947.8,12,940.2,915.2,0.0,0.0,0.0,0.0,86
2023-05-10 09:46:15,MO2312-P-7400,MO2312-P-7400,940.2,0.0,0.0,0.0,25,935.4,947.8,12,940.2,915.2,0.0,0.0,0.0,0.0,86
2023-05-10 09:46:15,MO2312-P-7400,MO2312-P-7400,940.2,0.0,0.0,0.0,19,935.4,947.8,12,940.2,915.2,0.0,0.0,0.0,0.0,86
2023-05-10 09:46:17,MO2312-P-7400,MO2312-P-7400,940.2,0.0,0.0,0.0,12,935.4,947.8,12,940.2,915.2,0.0,0.0,0.0,0.0,86
2023-05-10 09:46:18,MO2312-P-7400,MO2312-P-7400,940.2,0.0,0.0,0.0,6,935.4,947.8,13,940.2,915.2,0.0,0.0,0.0,0.0,86
2023-05-10 09:46:20,MO2312-P-7400,MO2312-P-7400,940.2,0.0,0.0,0.0,6,935.4,947.8,7,940.2,915.2,0.0,0.0,0.0,0.0,86
2023-05-10 09:46:20,MO2312-P-7400,MO2312-P-7400,940.2,0.0,0.0,0.0,27,935.2,946.2,6,940.2,915.2,0.0,0.0,0.0,0.0,86
2023-05-10 09:46:21,MO2312-P-7400,MO2312-P-7400,940.2,0.0,0.0,0.0,12,935.2,946.2,8,940.2,915.2,0.0,0.0,0.0,0.0,86
2023-05-10 09:46:21,MO2312-P-7400,MO2312-P-7400,940.2,0.0,0.0,0.0,33,935.0,946.2,8,940.2,915.2,0.0,0.0,0.0,0.0,86
2023-05-10 09:46:22,MO2312-P-7400,MO2312-P-7400,940.2,0.0,0.0,0.0,12,935.0,946.2,8,940.2,915.2,0.0,0.0,0.0,0.0,86
2023-05-10 09:46:22,MO2312-P-7400,MO2312-P-7400,940.2,0.0,0.0,0.0,12,934.8,946.2,8,940.2,915.2,0.0,0.0,0.0,0.0,86
2023-05-10 09:46:23,MO2312-P-7400,MO2312-P-7400,940.2,0.0,0.0,0.0,12,934.2,946.2,8,940.2,915.2,0.0,0.0,0.0,0.0,86
2023-05-10 09:46:23,MO2312-P-7400,MO2312-P-7400,940.2,0.0,0.0,0.0,24,933.8,946.2,8,940.2,915.2,0.0,0.0,0.0,0.0,86
2023-05-10 09:46:24,MO2312-P-7400,MO2312-P-7400,940.2,0.0,0.0,0.0,18,933.8,946.2,8,940.2,915.2,0.0,0.0,0.0,0.0,86
2023-05-10 09:46:25,MO2312-P-7400,MO2312-P-7400,940.2,0.0,0.0,0.0,18,933.8,946.2,6,940.2,915.2,0.0,0.0,0.0,0.0,86
2023-05-10 09:46:29,MO2312-P-7400,MO2312-P-7400,940.2,0.0,0.0,0.0,6,935.6,946.4,20,940.2,915.2,0.0,0.0,0.0,0.0,86
2023-05-10 09:46:30,MO2312-P-7400,MO2312-P-7400,940.2,0.0,0.0,0.0,7,935.6,946.4,12,940.2,915.2,0.0,0.0,0.0,0.0,86
2023-05-10 09:46:30,MO2312-P-7400,MO2312-P-7400,940.2,0.0,0.0,0.0,7,935.6,946.4,6,940.2,915.2,0.0,0.0,0.0,0.0,86
2023-05-10 09:46:40,MO2312-P-7400,MO2312-P-7400,940.2,0.0,0.0,0.0,1,935.8,946.4,6,940.2,915.2,0.0,0.0,0.0,0.0,86
2023-05-10 09:46:48,MO2312-P-7400,MO2312-P-7400,940.2,0.0,0.0,0.0,15,935.6,946.2,6,940.2,915.2,0.0,0.0,0.0,0.0,86
2023-05-10 09:46:49,MO2312-P-7400,MO2312-P-7400,940.2,0.0,0.0,0.0,12,935.4,946.2,6,940.2,915.2,0.0,0.0,0.0,0.0,86
2023-05-10 09:46:49,MO2312-P-7400,MO2312-P-7400,940.2,0.0,0.0,0.0,27,935.2,946.2,6,940.2,915.2,0.0,0.0,0.0,0.0,86
2023-05-10 09:46:50,MO2312-P-7400,MO2312-P-7400,940.2,0.0,0.0,0.0,12,935.2,946.2,6,940.2,915.2,0.0,0.0,0.0,0.0,86
2023-05-10 09:46:50,MO2312-P-7400,MO2312-P-7400,940.2,0.0,0.0,0.0,27,935.0,946.2,6,940.2,915.2,0.0,0.0,0.0,0.0,86
2023-05-10 09:46:51,MO2312-P-7400,MO2312-P-7400,940.2,0.0,0.0,0.0,12,935.0,946.2,6,940.2,915.2,0.0,0.0,0.0,0.0,86
2023-05-10 09:46:51,MO2312-P-7400,MO2312-P-7400,940.2,0.0,0.0,0.0,27,934.8,946.2,6,940.2,915.2,0.0,0.0,0.0,0.0,86
2023-05-10 09:46:52,MO2312-P-7400,MO2312-P-7400,940.2,0.0,0.0,0.0,12,934.8,946.2,6,940.2,915.2,0.0,0.0,0.0,0.0,86
2023-05-10 09:46:52,MO2312-P-7400,MO2312-P-7400,940.2,0.0,0.0,0.0,28,934.6,946.2,6,940.2,915.2,0.0,0.0,0.0,0.0,86
2023-05-10 09:46:53,MO2312-P-7400,MO2312-P-7400,940.2,0.0,0.0,0.0,13,934.6,946.2,6,940.2,915.2,0.0,0.0,0.0,0.0,86
2023-05-10 09:46:53,MO2312-P-7400,MO2312-P-7400,940.2,0.0,0.0,0.0,7,934.6,946.2,6,940.2,915.2,0.0,0.0,0.0,0.0,86
2023-05-10 09:46:54,MO2312-P-7400,MO2312-P-7400,940.2,0.0,0.0,0.0,1,934.6,946.2,6,940.2,915.2,0.0,0.0,0.0,0.0,86
2023-05-10 09:46:59,MO2312-P-7400,MO2312-P-7400,940.2,0.0,0.0,0.0,27,934.4,946.2,6,940.2,915.2,0.0,0.0,0.0,0.0,86
2023-05-10 09:46:59,MO2312-P-7400,MO2312-P-7400,940.2,0.0,0.0,0.0,13,934.4,946.2,6,940.2,915.2,0.0,0.0,0.0,0.0,86
2023-05-10 09:47:00,MO2312-P-7400,MO2312-P-7400,940.2,0.0,0.0,0.0,7,934.4,946.2,6,940.2,915.2,0.0,0.0,0.0,0.0,86
2023-05-10 09:47:00,MO2312-P-7400,MO2312-P-7400,940.2,0.0,0.0,0.0,1,934.4,946.2,6,940.2,915.2,0.0,0.0,0.0,0.0,86
2023-05-10 09:47:02,MO2312-P-7400,MO2312-P-7400,940.2,0.0,0.0,0.0,27,934.2,946.2,6,940.2,915.2,0.0,0.0,0.0,0.0,86
2023-05-10 09:47:02,MO2312-P-7400,MO2312-P-7400,940.2,0.0,0.0,0.0,12,934.2,946.2,6,940.2,915.2,0.0,0.0,0.0,0.0,86
2023-05-10 09:47:03,MO2312-P-7400,MO2312-P-7400,940.2,0.0,0.0,0.0,27,934.0,946.2,6,940.2,915.2,0.0,0.0,0.0,0.0,86
2023-05-10 09:47:03,MO2312-P-7400,MO2312-P-7400,940.2,0.0,0.0,0.0,12,934.0,946.2,6,940.2,915.2,0.0,0.0,0.0,0.0,86
2023-05-10 09:47:04,MO2312-P-7400,MO2312-P-7400,940.2,0.0,0.0,0.0,46,933.8,946.2,6,940.2,915.2,0.0,0.0,0.0,0.0,86
2023-05-10 09:47:04,MO2312-P-7400,MO2312-P-7400,940.2,0.0,0.0,0.0,31,933.8,946.2,6,940.2,915.2,0.0,0.0,0.0,0.0,86
2023-05-10 09:47:06,MO2312-P-7400,MO2312-P-7400,940.2,0.0,0.0,0.0,25,933.8,946.2,6,940.2,915.2,0.0,0.0,0.0,0.0,86
2023-05-10 09:47:06,MO2312-P-7400,MO2312-P-7400,940.2,0.0,0.0,0.0,19,933.8,946.2,6,940.2,915.2,0.0,0.0,0.0,0.0,86
2023-05-10 09:47:07,MO2312-P-7400,MO2312-P-7400,940.2,0.0,0.0,0.0,18,933.8,946.2,6,940.2,915.2,0.0,0.0,0.0,0.0,86
2023-05-10 09:47:07,MO2312-P-7400,MO2312-P-7400,940.2,0.0,0.0,0.0,12,933.8,946.2,6,940.2,915.2,0.0,0.0,0.0,0.0,86
2023-05-10 09:47:08,MO2312-P-7400,MO2312-P-7400,940.2,0.0,0.0,0.0,24,933.6,944.2,6,940.2,915.2,0.0,0.0,0.0,0.0,86
2023-05-10 09:47:08,MO2312-P-7400,MO2312-P-7400,940.2,0.0,0.0,0.0,6,933.6,944.2,6,940.2,915.2,0.0,0.0,0.0,0.0,86
2023-05-10 09:47:09,MO2312-P-7400,MO2312-P-7400,940.2,0.0,0.0,0.0,6,933.6,944.2,8,940.2,915.2,0.0,0.0,0.0,0.0,86
2023-05-10 09:47:09,MO2312-P-7400,MO2312-P-7400,940.2,0.0,0.0,0.0,21,933.4,944.2,8,940.2,915.2,0.0,0.0,0.0,0.0,86
2023-05-10 09:47:10,MO2312-P-7400,MO2312-P-7400,940.2,0.0,0.0,0.0,6,933.4,944.2,8,940.2,915.2,0.0,0.0,0.0,0.0,86
2023-05-10 09:47:10,MO2312-P-7400,MO2312-P-7400,940.2,0.0,0.0,0.0,21,933.2,944.2,8,940.2,915.2,0.0,0.0,0.0,0.0,86
2023-05-10 09:47:11,MO2312-P-7400,MO2312-P-7400,940.2,0.0,0.0,0.0,6,933.2,944.2,8,940.2,915.2,0.0,0.0,0.0,0.0,86
2023-05-10 09:47:11,MO2312-P-7400,MO2312-P-7400,940.2,0.0,0.0,0.0,21,933.0,944.2,8,940.2,915.2,0.0,0.0,0.0,0.0,86
2023-05-10 09:47:12,MO2312-P-7400,MO2312-P-7400,940.2,0.0,0.0,0.0,6,933.0,944.2,8,940.2,915.2,0.0,0.0,0.0,0.0,86
2023-05-10 09:47:12,MO2312-P-7400,MO2312-P-7400,940.2,0.0,0.0,0.0,6,933.2,944.2,8,940.2,915.2,0.0,0.0,0.0,0.0,86
2023-05-10 09:47:29,MO2312-P-7400,MO2312-P-7400,940.2,0.0,0.0,0.0,15,933.0,944.2,8,940.2,915.2,0.0,0.0,0.0,0.0,86
2023-05-10 09:47:30,MO2312-P-7400,MO2312-P-7400,940.2,0.0,0.0,0.0,6,932.8,944.2,8,940.2,915.2,0.0,0.0,0.0,0.0,86
2023-05-10 09:47:31,MO2312-P-7400,MO2312-P-7400,940.2,0.0,0.0,0.0,22,932.6,944.2,8,940.2,915.2,0.0,0.0,0.0,0.0,86
2023-05-10 09:47:31,MO2312-P-7400,MO2312-P-7400,940.2,0.0,0.0,0.0,7,932.6,944.2,8,940.2,915.2,0.0,0.0,0.0,0.0,86
2023-05-10 09:47:32,MO2312-P-7400,MO2312-P-7400,940.2,0.0,0.0,0.0,1,932.6,944.2,8,940.2,915.2,0.0,0.0,0.0,0.0,86
2023-05-10 09:47:39,MO2312-P-7400,MO2312-P-7400,940.2,0.0,0.0,0.0,1,932.8,944.2,8,940.2,915.2,0.0,0.0,0.0,0.0,86
2023-05-10 09:47:42,MO2312-P-7400,MO2312-P-7400,940.2,0.0,0.0,0.0,7,932.8,944.2,8,940.2,915.2,0.0,0.0,0.0,0.0,86
2023-05-10 09:47:51,MO2312-P-7400,MO2312-P-7400,940.2,0.0,0.0,0.0,6,932.8,944.2,8,940.2,915.2,0.0,0.0,0.0,0.0,86
2023-05-10 09:47:57,MO2312-P-7400,MO2312-P-7400,940.2,0.0,0.0,0.0,6,932.8,944.2,6,940.2,915.2,0.0,0.0,0.0,0.0,86
2023-05-10 09:48:06,MO2312-P-7400,MO2312-P-7400,940.2,0.0,0.0,0.0,7,932.8,944.2,6,940.2,915.2,0.0,0.0,0.0,0.0,86
2023-05-10 09:48:11,MO2312-P-7400,MO2312-P-7400,940.2,0.0,0.0,0.0,6,932.8,944.2,6,940.2,915.2,0.0,0.0,0.0,0.0,86
2023-05-10 09:48:17,MO2312-P-7400,MO2312-P-7400,940.2,0.0,0.0,0.0,6,933.4,944.4,6,940.2,915.2,0.0,0.0,0.0,0.0,86
2023-05-10 09:48:17,MO2312-P-7400,MO2312-P-7400,940.2,0.0,0.0,0.0,7,933.4,944.4,6,940.2,915.2,0.0,0.0,0.0,0.0,86
2023-05-10 09:48:18,MO2312-P-7400,MO2312-P-7400,940.2,0.0,0.0,0.0,6,933.6,945.0,27,940.2,915.2,0.0,0.0,0.0,0.0,86
2023-05-10 09:48:18,MO2312-P-7400,MO2312-P-7400,940.2,0.0,0.0,0.0,6,933.6,945.0,12,940.2,915.2,0.0,0.0,0.0,0.0,86
2023-05-10 09:48:19,MO2312-P-7400,MO2312-P-7400,940.2,0.0,0.0,0.0,6,933.6,945.0,6,940.2,915.2,0.0,0.0,0.0,0.0,86
2023-05-10 09:48:22,MO2312-P-7400,MO2312-P-7400,940.2,0.0,0.0,0.0,7,933.6,945.0,6,940.2,915.2,0.0,0.0,0.0,0.0,86
2023-05-10 09:48:32,MO2312-P-7400,MO2312-P-7400,940.2,0.0,0.0,0.0,1,933.8,945.0,6,940.2,915.2,0.0,0.0,0.0,0.0,86
2023-05-10 09:48:42,MO2312-P-7400,MO2312-P-7400,940.2,0.0,0.0,0.0,1,934.0,945.0,6,940.2,915.2,0.0,0.0,0.0,0.0,86
2023-05-10 09:48:44,MO2312-P-7400,MO2312-P-7400,940.2,0.0,0.0,0.0,6,933.6,945.0,6,940.2,915.2,0.0,0.0,0.0,0.0,86
2023-05-10 09:48:54,MO2312-P-7400,MO2312-P-7400,940.2,0.0,0.0,0.0,7,933.6,945.0,6,940.2,915.2,0.0,0.0,0.0,0.0,86
2023-05-10 09:49:02,MO2312-P-7400,MO2312-P-7400,940.2,0.0,0.0,0.0,1,933.6,945.2,33,940.2,915.2,0.0,0.0,0.0,0.0,86
2023-05-10 09:49:03,MO2312-P-7400,MO2312-P-7400,940.2,0.0,0.0,0.0,1,933.6,943.8,6,940.2,915.2,0.0,0.0,0.0,0.0,86
2023-05-10 09:49:03,MO2312-P-7400,MO2312-P-7400,940.2,0.0,0.0,0.0,1,933.6,943.8,8,940.2,915.2,0.0,0.0,0.0,0.0,86
2023-05-10 09:49:04,MO2312-P-7400,MO2312-P-7400,940.2,0.0,0.0,0.0,12,933.2,943.8,8,940.2,915.2,0.0,0.0,0.0,0.0,86
2023-05-10 09:49:05,MO2312-P-7400,MO2312-P-7400,940.2,0.0,0.0,0.0,1,933.2,943.8,8,940.2,915.2,0.0,0.0,0.0,0.0,86
2023-05-10 09:49:10,MO2312-P-7400,MO2312-P-7400,940.2,0.0,0.0,0.0,12,933.0,943.8,8,940.2,915.2,0.0,0.0,0.0,0.0,86
2023-05-10 09:49:10,MO2312-P-7400,MO2312-P-7400,940.2,0.0,0.0,0.0,7,932.6,943.8,8,940.2,915.2,0.0,0.0,0.0,0.0,86
2023-05-10 09:49:11,MO2312-P-7400,MO2312-P-7400,940.2,0.0,0.0,0.0,1,932.6,943.8,8,940.2,915.2,0.0,0.0,0.0,0.0,86
2023-05-10 09:49:12,MO2312-P-7400,MO2312-P-7400,940.2,0.0,0.0,0.0,12,932.4,943.8,8,940.2,915.2,0.0,0.0,0.0,0.0,86
2023-05-10 09:49:13,MO2312-P-7400,MO2312-P-7400,940.2,0.0,0.0,0.0,6,932.4,943.8,8,940.2,915.2,0.0,0.0,0.0,0.0,86
2023-05-10 09:49:22,MO2312-P-7400,MO2312-P-7400,940.2,0.0,0.0,0.0,24,932.2,943.8,8,940.2,915.2,0.0,0.0,0.0,0.0,86
2023-05-10 09:49:22,MO2312-P-7400,MO2312-P-7400,940.2,0.0,0.0,0.0,6,932.2,943.8,8,940.2,915.2,0.0,0.0,0.0,0.0,86
2023-05-10 09:49:23,MO2312-P-7400,MO2312-P-7400,940.2,0.0,0.0,0.0,7,932.2,943.8,8,940.2,915.2,0.0,0.0,0.0,0.0,86
2023-05-10 09:49:23,MO2312-P-7400,MO2312-P-7400,940.2,0.0,0.0,0.0,1,932.2,943.8,8,940.2,915.2,0.0,0.0,0.0,0.0,86
2023-05-10 09:49:33,MO2312-P-7400,MO2312-P-7400,940.2,0.0,0.0,0.0,1,932.2,942.2,1,940.2,915.2,0.0,0.0,0.0,0.0,86
2023-05-10 09:49:34,MO2312-P-7400,MO2312-P-7400,940.2,0.0,0.0,0.0,6,931.8,942.2,1,940.2,915.2,0.0,0.0,0.0,0.0,86
2023-05-10 09:49:34,MO2312-P-7400,MO2312-P-7400,940.2,0.0,0.0,0.0,19,931.6,942.2,1,940.2,915.2,0.0,0.0,0.0,0.0,86
2023-05-10 09:49:35,MO2312-P-7400,MO2312-P-7400,940.2,0.0,0.0,0.0,6,931.6,942.2,1,940.2,915.2,0.0,0.0,0.0,0.0,86
2023-05-10 09:49:35,MO2312-P-7400,MO2312-P-7400,940.2,0.0,0.0,0.0,24,931.4,942.2,1,940.2,915.2,0.0,0.0,0.0,0.0,86
2023-05-10 09:49:36,MO2312-P-7400,MO2312-P-7400,940.2,0.0,0.0,0.0,18,931.4,942.2,1,940.2,915.2,0.0,0.0,0.0,0.0,86
2023-05-10 09:49:36,MO2312-P-7400,MO2312-P-7400,940.2,0.0,0.0,0.0,12,931.4,942.2,1,940.2,915.2,0.0,0.0,0.0,0.0,86
2023-05-10 09:49:37,MO2312-P-7400,MO2312-P-7400,940.2,0.0,0.0,0.0,6,931.4,942.2,1,940.2,915.2,0.0,0.0,0.0,0.0,86
2023-05-10 09:49:51,MO2312-P-7400,MO2312-P-7400,940.2,0.0,0.0,0.0,6,931.4,940.8,6,940.2,915.2,0.0,0.0,0.0,0.0,86
2023-05-10 09:49:51,MO2312-P-7400,MO2312-P-7400,940.2,0.0,0.0,0.0,27,930.8,940.8,8,940.2,915.2,0.0,0.0,0.0,0.0,86
2023-05-10 09:49:52,MO2312-P-7400,MO2312-P-7400,940.2,0.0,0.0,0.0,6,930.8,940.8,8,940.2,915.2,0.0,0.0,0.0,0.0,86
2023-05-10 09:49:52,MO2312-P-7400,MO2312-P-7400,940.2,0.0,0.0,0.0,27,930.6,940.8,8,940.2,915.2,0.0,0.0,0.0,0.0,86
2023-05-10 09:49:53,MO2312-P-7400,MO2312-P-7400,940.2,0.0,0.0,0.0,12,930.6,940.8,8,940.2,915.2,0.0,0.0,0.0,0.0,86
2023-05-10 09:49:53,MO2312-P-7400,MO2312-P-7400,940.2,0.0,0.0,0.0,27,930.4,940.8,8,940.2,915.2,0.0,0.0,0.0,0.0,86
2023-05-10 09:49:54,MO2312-P-7400,MO2312-P-7400,940.2,0.0,0.0,0.0,12,930.4,940.8,8,940.2,915.2,0.0,0.0,0.0,0.0,86
2023-05-10 09:49:54,MO2312-P-7400,MO2312-P-7400,940.2,0.0,0.0,0.0,1,930.4,941.0,18,940.2,915.2,0.0,0.0,0.0,0.0,86
2023-05-10 09:49:55,MO2312-P-7400,MO2312-P-7400,940.2,0.0,0.0,0.0,1,930.4,941.0,12,940.2,915.2,0.0,0.0,0.0,0.0,86
2023-05-10 09:49:55,MO2312-P-7400,MO2312-P-7400,940.2,0.0,0.0,0.0,1,930.4,941.0,6,940.2,915.2,0.0,0.0,0.0,0.0,86
2023-05-10 09:49:57,MO2312-P-7400,MO2312-P-7400,940.2,0.0,0.0,0.0,1,930.4,940.8,1,940.2,915.2,0.0,0.0,0.0,0.0,86
2023-05-10 09:49:59,MO2312-P-7400,MO2312-P-7400,940.2,0.0,0.0,0.0,27,930.2,940.8,1,940.2,915.2,0.0,0.0,0.0,0.0,86
2023-05-10 09:50:00,MO2312-P-7400,MO2312-P-7400,940.2,0.0,0.0,0.0,12,930.2,940.8,1,940.2,915.2,0.0,0.0,0.0,0.0,86
2023-05-10 09:50:00,MO2312-P-7400,MO2312-P-7400,940.2,0.0,0.0,0.0,33,930.0,940.8,1,940.2,915.2,0.0,0.0,0.0,0.0,86
2023-05-10 09:50:01,MO2312-P-7400,MO2312-P-7400,940.2,0.0,0.0,0.0,18,930.0,940.8,1,940.2,915.2,0.0,0.0,0.0,0.0,86
2023-05-10 09:50:01,MO2312-P-7400,MO2312-P-7400,940.2,0.0,0.0,0.0,12,930.0,940.8,1,940.2,915.2,0.0,0.0,0.0,0.0,86
2023-05-10 09:50:02,MO2312-P-7400,MO2312-P-7400,940.2,0.0,0.0,0.0,27,929.8,940.6,6,940.2,915.2,0.0,0.0,0.0,0.0,86
2023-05-10 09:50:03,MO2312-P-7400,MO2312-P-7400,940.2,0.0,0.0,0.0,12,929.8,940.6,6,940.2,915.2,0.0,0.0,0.0,0.0,86
2023-05-10 09:50:03,MO2312-P-7400,MO2312-P-7400,940.2,0.0,0.0,0.0,27,929.6,940.6,6,940.2,915.2,0.0,0.0,0.0,0.0,86
2023-05-10 09:50:04,MO2312-P-7400,MO2312-P-7400,940.2,0.0,0.0,0.0,12,929.6,940.6,6,940.2,915.2,0.0,0.0,0.0,0.0,86
2023-05-10 09:50:04,MO2312-P-7400,MO2312-P-7400,940.2,0.0,0.0,0.0,45,929.4,940.6,6,940.2,915.2,0.0,0.0,0.0,0.0,86
2023-05-10 09:50:05,MO2312-P-7400,MO2312-P-7400,940.2,0.0,0.0,0.0,24,929.4,940.6,6,940.2,915.2,0.0,0.0,0.0,0.0,86
2023-05-10 09:50:05,MO2312-P-7400,MO2312-P-7400,940.2,0.0,0.0,0.0,18,929.4,940.6,6,940.2,915.2,0.0,0.0,0.0,0.0,86
2023-05-10 09:50:06,MO2312-P-7400,MO2312-P-7400,940.2,0.0,0.0,0.0,6,929.8,940.8,1,940.2,915.2,0.0,0.0,0.0,0.0,86
2023-05-10 09:50:07,MO2312-P-7400,MO2312-P-7400,940.2,0.0,0.0,0.0,15,929.6,940.4,6,940.2,915.2,0.0,0.0,0.0,0.0,86
2023-05-10 09:50:08,MO2312-P-7400,MO2312-P-7400,940.2,0.0,0.0,0.0,24,929.4,940.4,6,940.2,915.2,0.0,0.0,0.0,0.0,86
2023-05-10 09:50:08,MO2312-P-7400,MO2312-P-7400,940.2,0.0,0.0,0.0,18,929.4,940.4,6,940.2,915.2,0.0,0.0,0.0,0.0,86
2023-05-10 09:50:09,MO2312-P-7400,MO2312-P-7400,940.2,0.0,0.0,0.0,12,929.4,940.4,6,940.2,915.2,0.0,0.0,0.0,0.0,86
2023-05-10 09:50:10,MO2312-P-7400,MO2312-P-7400,940.2,0.0,0.0,0.0,6,929.4,940.4,6,940.2,915.2,0.0,0.0,0.0,0.0,86
2023-05-10 09:50:10,MO2312-P-7400,MO2312-P-7400,940.2,0.0,0.0,0.0,18,929.2,940.4,6,940.2,915.2,0.0,0.0,0.0,0.0,86
2023-05-10 09:50:11,MO2312-P-7400,MO2312-P-7400,940.2,0.0,0.0,0.0,12,929.2,940.4,6,940.2,915.2,0.0,0.0,0.0,0.0,86
2023-05-10 09:50:11,MO2312-P-7400,MO2312-P-7400,940.2,0.0,0.0,0.0,6,929.0,938.8,6,940.2,915.2,0.0,0.0,0.0,0.0,86
2023-05-10 09:50:12,MO2312-P-7400,MO2312-P-7400,940.2,0.0,0.0,0.0,6,929.0,938.8,8,940.2,915.2,0.0,0.0,0.0,0.0,86
2023-05-10 09:50:12,MO2312-P-7400,MO2312-P-7400,940.2,0.0,0.0,0.0,6,928.4,938.8,8,940.2,915.2,0.0,0.0,0.0,0.0,86
2023-05-10 09:50:13,MO2312-P-7400,MO2312-P-7400,940.2,0.0,0.0,0.0,6,928.2,938.8,8,940.2,915.2,0.0,0.0,0.0,0.0,86
2023-05-10 09:50:14,MO2312-P-7400,MO2312-P-7400,940.2,0.0,0.0,0.0,12,928.0,938.8,8,940.2,915.2,0.0,0.0,0.0,0.0,86
2023-05-10 09:50:14,MO2312-P-7400,MO2312-P-7400,940.2,0.0,0.0,0.0,6,928.0,938.8,8,940.2,915.2,0.0,0.0,0.0,0.0,86
2023-05-10 09:50:15,MO2312-P-7400,MO2312-P-7400,940.2,0.0,0.0,0.0,6,927.8,938.8,8,940.2,915.2,0.0,0.0,0.0,0.0,86
2023-05-10 09:50:15,MO2312-P-7400,MO2312-P-7400,940.2,0.0,0.0,0.0,12,927.6,938.8,8,940.2,915.2,0.0,0.0,0.0,0.0,86
2023-05-10 09:50:16,MO2312-P-7400,MO2312-P-7400,940.2,0.0,0.0,0.0,6,927.6,938.8,8,940.2,915.2,0.0,0.0,0.0,0.0,86
2023-05-10 09:50:16,MO2312-P-7400,MO2312-P-7400,940.2,0.0,0.0,0.0,6,927.6,938.8,6,940.2,915.2,0.0,0.0,0.0,0.0,86
2023-05-10 09:50:21,MO2312-P-7400,MO2312-P-7400,940.2,0.0,0.0,0.0,6,928.0,939.0,33,940.2,915.2,0.0,0.0,0.0,0.0,86
2023-05-10 09:50:21,MO2312-P-7400,MO2312-P-7400,940.2,0.0,0.0,0.0,6,928.2,939.0,12,940.2,915.2,0.0,0.0,0.0,0.0,86
2023-05-10 09:50:22,MO2312-P-7400,MO2312-P-7400,940.2,0.0,0.0,0.0,6,928.2,939.2,33,940.2,915.2,0.0,0.0,0.0,0.0,86
2023-05-10 09:50:22,MO2312-P-7400,MO2312-P-7400,940.2,0.0,0.0,0.0,6,928.2,939.2,18,940.2,915.2,0.0,0.0,0.0,0.0,86
2023-05-10 09:50:23,MO2312-P-7400,MO2312-P-7400,940.2,0.0,0.0,0.0,6,928.2,939.2,12,940.2,915.2,0.0,0.0,0.0,0.0,86
2023-05-10 09:50:23,MO2312-P-7400,MO2312-P-7400,940.2,0.0,0.0,0.0,6,928.2,939.2,6,940.2,915.2,0.0,0.0,0.0,0.0,86
2023-05-10 09:50:31,MO2312-P-7400,MO2312-P-7400,940.2,0.0,0.0,0.0,6,928.0,939.4,27,940.2,915.2,0.0,0.0,0.0,0.0,86
2023-05-10 09:50:32,MO2312-P-7400,MO2312-P-7400,940.2,0.0,0.0,0.0,6,928.0,939.4,12,940.2,915.2,0.0,0.0,0.0,0.0,86
2023-05-10 09:50:32,MO2312-P-7400,MO2312-P-7400,940.2,0.0,0.0,0.0,6,928.0,939.6,33,940.2,915.2,0.0,0.0,0.0,0.0,86
2023-05-10 09:50:33,MO2312-P-7400,MO2312-P-7400,940.2,0.0,0.0,0.0,6,928.0,939.6,18,940.2,915.2,0.0,0.0,0.0,0.0,86
2023-05-10 09:50:33,MO2312-P-7400,MO2312-P-7400,940.2,0.0,0.0,0.0,6,928.0,939.6,12,940.2,915.2,0.0,0.0,0.0,0.0,86
2023-05-10 09:50:34,MO2312-P-7400,MO2312-P-7400,940.2,0.0,0.0,0.0,6,928.0,939.6,6,940.2,915.2,0.0,0.0,0.0,0.0,86
2023-05-10 09:50:34,MO2312-P-7400,MO2312-P-7400,940.2,0.0,0.0,0.0,12,927.8,938.8,6,940.2,915.2,0.0,0.0,0.0,0.0,86
2023-05-10 09:50:35,MO2312-P-7400,MO2312-P-7400,940.2,0.0,0.0,0.0,6,927.8,938.8,6,940.2,915.2,0.0,0.0,0.0,0.0,86
2023-05-10 09:50:38,MO2312-P-7400,MO2312-P-7400,940.2,0.0,0.0,0.0,12,927.6,938.8,6,940.2,915.2,0.0,0.0,0.0,0.0,86
2023-05-10 09:50:39,MO2312-P-7400,MO2312-P-7400,940.2,0.0,0.0,0.0,7,927.6,938.8,6,940.2,915.2,0.0,0.0,0.0,0.0,86
2023-05-10 09:50:39,MO2312-P-7400,MO2312-P-7400,940.2,0.0,0.0,0.0,1,927.6,938.8,6,940.2,915.2,0.0,0.0,0.0,0.0,86
2023-05-10 09:50:43,MO2312-P-7400,MO2312-P-7400,940.2,0.0,0.0,0.0,39,927.2,938.8,6,940.2,915.2,0.0,0.0,0.0,0.0,86
2023-05-10 09:50:44,MO2312-P-7400,MO2312-P-7400,940.2,0.0,0.0,0.0,18,927.2,938.8,6,940.2,915.2,0.0,0.0,0.0,0.0,86
2023-05-10 09:50:44,MO2312-P-7400,MO2312-P-7400,940.2,0.0,0.0,0.0,12,927.2,938.8,6,940.2,915.2,0.0,0.0,0.0,0.0,86
2023-05-10 09:50:45,MO2312-P-7400,MO2312-P-7400,940.2,0.0,0.0,0.0,6,927.2,938.8,6,940.2,915.2,0.0,0.0,0.0,0.0,86
2023-05-10 09:50:58,MO2312-P-7400,MO2312-P-7400,940.2,0.0,0.0,0.0,7,927.2,938.8,6,940.2,915.2,0.0,0.0,0.0,0.0,86
2023-05-10 09:50:59,MO2312-P-7400,MO2312-P-7400,940.2,0.0,0.0,0.0,1,927.2,938.8,6,940.2,915.2,0.0,0.0,0.0,0.0,86
2023-05-10 09:50:59,MO2312-P-7400,MO2312-P-7400,940.2,0.0,0.0,0.0,18,927.0,938.8,6,940.2,915.2,0.0,0.0,0.0,0.0,86
2023-05-10 09:51:00,MO2312-P-7400,MO2312-P-7400,940.2,0.0,0.0,0.0,12,927.0,938.8,6,940.2,915.2,0.0,0.0,0.0,0.0,86
2023-05-10 09:51:00,MO2312-P-7400,MO2312-P-7400,940.2,0.0,0.0,0.0,6,927.0,938.8,6,940.2,915.2,0.0,0.0,0.0,0.0,86
2023-05-10 09:51:06,MO2312-P-7400,MO2312-P-7400,940.2,0.0,0.0,0.0,6,927.2,938.8,6,940.2,915.2,0.0,0.0,0.0,0.0,86
2023-05-10 09:51:11,MO2312-P-7400,MO2312-P-7400,940.2,0.0,0.0,0.0,6,928.0,939.0,6,940.2,915.2,0.0,0.0,0.0,0.0,86
2023-05-10 09:51:12,MO2312-P-7400,MO2312-P-7400,940.2,0.0,0.0,0.0,6,928.2,939.2,27,940.2,915.2,0.0,0.0,0.0,0.0,86
2023-05-10 09:51:12,MO2312-P-7400,MO2312-P-7400,940.2,0.0,0.0,0.0,6,928.2,939.2,12,940.2,915.2,0.0,0.0,0.0,0.0,86
2023-05-10 09:51:13,MO2312-P-7400,MO2312-P-7400,940.2,0.0,0.0,0.0,6,928.2,939.2,6,940.2,915.2,0.0,0.0,0.0,0.0,86
2023-05-10 09:51:13,MO2312-P-7400,MO2312-P-7400,940.2,0.0,0.0,0.0,6,928.2,939.4,33,940.2,915.2,0.0,0.0,0.0,0.0,86
2023-05-10 09:51:14,MO2312-P-7400,MO2312-P-7400,940.2,0.0,0.0,0.0,6,928.2,939.4,18,940.2,915.2,0.0,0.0,0.0,0.0,86
2023-05-10 09:51:14,MO2312-P-7400,MO2312-P-7400,940.2,0.0,0.0,0.0,6,928.2,939.4,12,940.2,915.2,0.0,0.0,0.0,0.0,86
2023-05-10 09:51:15,MO2312-P-7400,MO2312-P-7400,940.2,0.0,0.0,0.0,6,928.2,939.4,6,940.2,915.2,0.0,0.0,0.0,0.0,86
2023-05-10 09:51:17,MO2312-P-7400,MO2312-P-7400,940.2,0.0,0.0,0.0,7,928.2,939.4,6,940.2,915.2,0.0,0.0,0.0,0.0,86
2023-05-10 09:51:27,MO2312-P-7400,MO2312-P-7400,940.2,0.0,0.0,0.0,1,928.4,939.4,6,940.2,915.2,0.0,0.0,0.0,0.0,86
2023-05-10 09:51:31,MO2312-P-7400,MO2312-P-7400,940.2,0.0,0.0,0.0,6,928.2,939.4,6,940.2,915.2,0.0,0.0,0.0,0.0,86
2023-05-10 09:51:42,MO2312-P-7400,MO2312-P-7400,940.2,0.0,0.0,0.0,7,928.2,939.4,6,940.2,915.2,0.0,0.0,0.0,0.0,86
2023-05-10 09:51:46,MO2312-P-7400,MO2312-P-7400,940.2,0.0,0.0,0.0,6,928.2,939.4,6,940.2,915.2,0.0,0.0,0.0,0.0,86
2023-05-10 09:51:56,MO2312-P-7400,MO2312-P-7400,940.2,0.0,0.0,0.0,6,929.6,939.4,6,940.2,915.2,0.0,0.0,0.0,0.0,86
2023-05-10 09:51:57,MO2312-P-7400,MO2312-P-7400,940.2,0.0,0.0,0.0,7,929.6,939.4,6,940.2,915.2,0.0,0.0,0.0,0.0,86
2023-05-10 09:51:57,MO2312-P-7400,MO2312-P-7400,940.2,0.0,0.0,0.0,6,929.8,939.4,6,940.2,915.2,0.0,0.0,0.0,0.0,86
2023-05-10 09:51:58,MO2312-P-7400,MO2312-P-7400,940.2,0.0,0.0,0.0,6,930.0,939.8,36,940.2,915.2,0.0,0.0,0.0,0.0,86
2023-05-10 09:51:58,MO2312-P-7400,MO2312-P-7400,940.2,0.0,0.0,0.0,6,930.0,939.8,24,940.2,915.2,0.0,0.0,0.0,0.0,86
2023-05-10 09:51:59,MO2312-P-7400,MO2312-P-7400,940.2,0.0,0.0,0.0,6,930.0,939.8,18,940.2,915.2,0.0,0.0,0.0,0.0,86
2023-05-10 09:51:59,MO2312-P-7400,MO2312-P-7400,940.2,0.0,0.0,0.0,7,930.0,939.8,12,940.2,915.2,0.0,0.0,0.0,0.0,86
2023-05-10 09:52:00,MO2312-P-7400,MO2312-P-7400,940.2,0.0,0.0,0.0,6,930.0,939.8,6,940.2,915.2,0.0,0.0,0.0,0.0,86
2023-05-10 09:52:01,MO2312-P-7400,MO2312-P-7400,940.2,0.0,0.0,0.0,7,930.0,939.8,6,940.2,915.2,0.0,0.0,0.0,0.0,86
2023-05-10 09:52:03,MO2312-P-7400,MO2312-P-7400,940.2,0.0,0.0,0.0,1,930.0,940.2,12,940.2,915.2,0.0,0.0,0.0,0.0,86
2023-05-10 09:52:03,MO2312-P-7400,MO2312-P-7400,940.2,0.0,0.0,0.0,27,929.8,940.2,12,940.2,915.2,0.0,0.0,0.0,0.0,86
2023-05-10 09:52:04,MO2312-P-7400,MO2312-P-7400,940.2,0.0,0.0,0.0,12,929.8,940.2,6,940.2,915.2,0.0,0.0,0.0,0.0,86
2023-05-10 09:52:04,MO2312-P-7400,MO2312-P-7400,940.2,0.0,0.0,0.0,6,929.8,940.2,6,940.2,915.2,0.0,0.0,0.0,0.0,86
2023-05-10 09:52:05,MO2312-P-7400,MO2312-P-7400,940.2,0.0,0.0,0.0,21,929.6,940.2,6,940.2,915.2,0.0,0.0,0.0,0.0,86
2023-05-10 09:52:05,MO2312-P-7400,MO2312-P-7400,940.2,0.0,0.0,0.0,18,929.4,940.2,6,940.2,915.2,0.0,0.0,0.0,0.0,86
2023-05-10 09:52:06,MO2312-P-7400,MO2312-P-7400,940.2,0.0,0.0,0.0,12,929.4,940.2,6,940.2,915.2,0.0,0.0,0.0,0.0,86
2023-05-10 09:52:06,MO2312-P-7400,MO2312-P-7400,940.2,0.0,0.0,0.0,6,929.4,940.2,6,940.2,915.2,0.0,0.0,0.0,0.0,86
2023-05-10 09:52:14,MO2312-P-7400,MO2312-P-7400,940.2,0.0,0.0,0.0,6,929.8,940.2,6,940.2,915.2,0.0,0.0,0.0,0.0,86
2023-05-10 09:52:15,MO2312-P-7400,MO2312-P-7400,940.2,0.0,0.0,0.0,6,930.0,940.2,6,940.2,915.2,0.0,0.0,0.0,0.0,86
2023-05-10 09:52:15,MO2312-P-7400,MO2312-P-7400,940.2,0.0,0.0,0.0,7,930.0,940.2,6,940.2,915.2,0.0,0.0,0.0,0.0,86
2023-05-10 09:52:22,MO2312-P-7400,MO2312-P-7400,940.2,0.0,0.0,0.0,13,930.0,940.2,6,940.2,915.2,0.0,0.0,0.0,0.0,86
2023-05-10 09:52:26,MO2312-P-7400,MO2312-P-7400,940.2,0.0,0.0,0.0,1,930.2,940.2,6,940.2,915.2,0.0,0.0,0.0,0.0,86
2023-05-10 09:52:26,MO2312-P-7400,MO2312-P-7400,940.2,0.0,0.0,0.0,7,930.2,940.2,6,940.2,915.2,0.0,0.0,0.0,0.0,86
2023-05-10 09:52:30,MO2312-P-7400,MO2312-P-7400,940.2,0.0,0.0,0.0,6,930.2,940.2,6,940.2,915.2,0.0,0.0,0.0,0.0,86
2023-05-10 09:52:35,MO2312-P-7400,MO2312-P-7400,940.2,0.0,0.0,0.0,21,930.0,940.2,12,940.2,915.2,0.0,0.0,0.0,0.0,86
2023-05-10 09:52:36,MO2312-P-7400,MO2312-P-7400,940.2,0.0,0.0,0.0,6,930.0,940.2,12,940.2,915.2,0.0,0.0,0.0,0.0,86
2023-05-10 09:52:38,MO2312-P-7400,MO2312-P-7400,940.2,0.0,0.0,0.0,6,930.0,940.2,6,940.2,915.2,0.0,0.0,0.0,0.0,86
2023-05-10 09:52:42,MO2312-P-7400,MO2312-P-7400,940.2,0.0,0.0,0.0,6,930.2,940.2,6,940.2,915.2,0.0,0.0,0.0,0.0,86
2023-05-10 09:52:42,MO2312-P-7400,MO2312-P-7400,940.2,0.0,0.0,0.0,6,930.4,940.2,6,940.2,915.2,0.0,0.0,0.0,0.0,86
2023-05-10 09:52:43,MO2312-P-7400,MO2312-P-7400,940.2,0.0,0.0,0.0,6,931.0,940.2,6,940.2,915.2,0.0,0.0,0.0,0.0,86
2023-05-10 09:53:01,MO2312-P-7400,MO2312-P-7400,940.2,0.0,0.0,0.0,6,930.6,940.2,6,940.2,915.2,0.0,0.0,0.0,0.0,86
2023-05-10 09:53:05,MO2312-P-7400,MO2312-P-7400,940.2,0.0,0.0,0.0,6,931.0,940.2,6,940.2,915.2,0.0,0.0,0.0,0.0,86
2023-05-10 09:53:06,MO2312-P-7400,MO2312-P-7400,940.2,0.0,0.0,0.0,6,931.2,940.2,6,940.2,915.2,0.0,0.0,0.0,0.0,86
2023-05-10 09:53:07,MO2312-P-7400,MO2312-P-7400,940.2,0.0,0.0,0.0,6,931.4,940.2,6,940.2,915.2,0.0,0.0,0.0,0.0,86
2023-05-10 09:53:07,MO2312-P-7400,MO2312-P-7400,940.2,0.0,0.0,0.0,7,931.4,940.2,6,940.2,915.2,0.0,0.0,0.0,0.0,86
2023-05-10 09:53:09,MO2312-P-7400,MO2312-P-7400,940.2,0.0,0.0,0.0,6,931.4,940.2,6,940.2,915.2,0.0,0.0,0.0,0.0,86
2023-05-10 09:53:15,MO2312-P-7400,MO2312-P-7400,940.2,0.0,0.0,0.0,1,931.4,940.2,6,940.2,915.2,0.0,0.0,0.0,0.0,86
2023-05-10 09:53:16,MO2312-P-7400,MO2312-P-7400,940.2,0.0,0.0,0.0,18,931.0,940.2,6,940.2,915.2,0.0,0.0,0.0,0.0,86
2023-05-10 09:53:18,MO2312-P-7400,MO2312-P-7400,940.2,0.0,0.0,0.0,6,931.2,940.2,6,940.2,915.2,0.0,0.0,0.0,0.0,86
2023-05-10 09:53:19,MO2312-P-7400,MO2312-P-7400,940.2,0.0,0.0,0.0,6,931.4,940.2,6,940.2,915.2,0.0,0.0,0.0,0.0,86
2023-05-10 09:53:40,MO2312-P-7400,MO2312-P-7400,940.2,0.0,0.0,0.0,7,931.4,940.2,6,940.2,915.2,0.0,0.0,0.0,0.0,86
2023-05-10 09:53:50,MO2312-P-7400,MO2312-P-7400,940.2,0.0,0.0,0.0,6,931.4,940.2,6,940.2,915.2,0.0,0.0,0.0,0.0,86
2023-05-10 09:53:54,MO2312-P-7400,MO2312-P-7400,940.2,0.0,0.0,0.0,7,931.4,940.2,6,940.2,915.2,0.0,0.0,0.0,0.0,86
2023-05-10 09:54:01,MO2312-P-7400,MO2312-P-7400,940.2,0.0,0.0,0.0,6,931.4,940.2,6,940.2,915.2,0.0,0.0,0.0,0.0,86
2023-05-10 09:54:02,MO2312-P-7400,MO2312-P-7400,940.2,0.0,0.0,0.0,31,931.0,940.2,6,940.2,915.2,0.0,0.0,0.0,0.0,86
2023-05-10 09:54:02,MO2312-P-7400,MO2312-P-7400,940.2,0.0,0.0,0.0,19,931.0,940.2,6,940.2,915.2,0.0,0.0,0.0,0.0,86
2023-05-10 09:54:03,MO2312-P-7400,MO2312-P-7400,940.2,0.0,0.0,0.0,13,931.0,940.2,6,940.2,915.2,0.0,0.0,0.0,0.0,86
2023-05-10 09:54:05,MO2312-P-7400,MO2312-P-7400,940.2,0.0,0.0,0.0,6,931.2,940.2,6,940.2,915.2,0.0,0.0,0.0,0.0,86
2023-05-10 09:54:15,MO2312-P-7400,MO2312-P-7400,940.2,0.0,0.0,0.0,13,931.0,940.2,6,940.2,915.2,0.0,0.0,0.0,0.0,86
2023-05-10 09:54:18,MO2312-P-7400,MO2312-P-7400,940.2,0.0,0.0,0.0,12,931.0,940.2,6,940.2,915.2,0.0,0.0,0.0,0.0,86
2023-05-10 09:54:18,MO2312-P-7400,MO2312-P-7400,940.2,0.0,0.0,0.0,6,931.0,940.2,6,940.2,915.2,0.0,0.0,0.0,0.0,86
2023-05-10 09:54:23,MO2312-P-7400,MO2312-P-7400,940.2,0.0,0.0,0.0,12,930.8,940.2,6,940.2,915.2,0.0,0.0,0.0,0.0,86
2023-05-10 09:54:23,MO2312-P-7400,MO2312-P-7400,940.2,0.0,0.0,0.0,12,930.6,940.2,6,940.2,915.2,0.0,0.0,0.0,0.0,86
2023-05-10 09:54:24,MO2312-P-7400,MO2312-P-7400,940.2,0.0,0.0,0.0,27,930.4,940.2,6,940.2,915.2,0.0,0.0,0.0,0.0,86
2023-05-10 09:54:24,MO2312-P-7400,MO2312-P-7400,940.2,0.0,0.0,0.0,12,930.4,940.2,6,940.2,915.2,0.0,0.0,0.0,0.0,86
2023-05-10 09:54:25,MO2312-P-7400,MO2312-P-7400,940.2,0.0,0.0,0.0,58,930.2,940.2,6,940.2,915.2,0.0,0.0,0.0,0.0,86
2023-05-10 09:54:25,MO2312-P-7400,MO2312-P-7400,940.2,0.0,0.0,0.0,31,930.2,940.2,6,940.2,915.2,0.0,0.0,0.0,0.0,86
2023-05-10 09:54:26,MO2312-P-7400,MO2312-P-7400,940.2,0.0,0.0,0.0,6,930.8,940.2,6,940.2,915.2,0.0,0.0,0.0,0.0,86
2023-05-10 09:54:27,MO2312-P-7400,MO2312-P-7400,940.2,0.0,0.0,0.0,6,931.0,940.2,6,940.2,915.2,0.0,0.0,0.0,0.0,86
2023-05-10 09:54:28,MO2312-P-7400,MO2312-P-7400,940.2,0.0,0.0,0.0,7,931.0,940.2,6,940.2,915.2,0.0,0.0,0.0,0.0,86
2023-05-10 09:54:33,MO2312-P-7400,MO2312-P-7400,940.2,0.0,0.0,0.0,7,931.0,940.2,8,940.2,915.2,0.0,0.0,0.0,0.0,86
2023-05-10 09:54:34,MO2312-P-7400,MO2312-P-7400,940.2,0.0,0.0,0.0,1,931.0,940.2,6,940.2,915.2,0.0,0.0,0.0,0.0,86
2023-05-10 09:54:35,MO2312-P-7400,MO2312-P-7400,940.2,0.0,0.0,0.0,12,930.8,940.2,6,940.2,915.2,0.0,0.0,0.0,0.0,86
2023-05-10 09:54:35,MO2312-P-7400,MO2312-P-7400,940.2,0.0,0.0,0.0,6,930.8,940.2,6,940.2,915.2,0.0,0.0,0.0,0.0,86
2023-05-10 09:54:41,MO2312-P-7400,MO2312-P-7400,940.2,0.0,0.0,0.0,6,931.0,940.2,6,940.2,915.2,0.0,0.0,0.0,0.0,86
2023-05-10 09:54:41,MO2312-P-7400,MO2312-P-7400,940.2,0.0,0.0,0.0,6,931.2,940.2,6,940.2,915.2,0.0,0.0,0.0,0.0,86
2023-05-10 09:54:42,MO2312-P-7400,MO2312-P-7400,940.2,0.0,0.0,0.0,7,931.2,940.2,6,940.2,915.2,0.0,0.0,0.0,0.0,86
2023-05-10 09:54:44,MO2312-P-7400,MO2312-P-7400,940.2,0.0,0.0,0.0,6,931.2,940.2,6,940.2,915.2,0.0,0.0,0.0,0.0,86
2023-05-10 09:55:01,MO2312-P-7400,MO2312-P-7400,940.2,0.0,0.0,0.0,7,931.2,940.2,6,940.2,915.2,0.0,0.0,0.0,0.0,86
2023-05-10 09:55:06,MO2312-P-7400,MO2312-P-7400,940.2,0.0,0.0,0.0,6,931.4,940.2,6,940.2,915.2,0.0,0.0,0.0,0.0,86
2023-05-10 09:55:06,MO2312-P-7400,MO2312-P-7400,940.2,0.0,0.0,0.0,6,932.6,940.2,6,940.2,915.2,0.0,0.0,0.0,0.0,86
2023-05-10 09:55:08,MO2312-P-7400,MO2312-P-7400,940.2,0.0,0.0,0.0,6,931.4,940.2,6,940.2,915.2,0.0,0.0,0.0,0.0,86
2023-05-10 09:55:08,MO2312-P-7400,MO2312-P-7400,940.2,0.0,0.0,0.0,6,931.6,940.2,6,940.2,915.2,0.0,0.0,0.0,0.0,86
2023-05-10 09:55:13,MO2312-P-7400,MO2312-P-7400,940.2,0.0,0.0,0.0,48,931.0,940.2,6,940.2,915.2,0.0,0.0,0.0,0.0,86
2023-05-10 09:55:14,MO2312-P-7400,MO2312-P-7400,940.2,0.0,0.0,0.0,24,931.0,940.2,6,940.2,915.2,0.0,0.0,0.0,0.0,86
2023-05-10 09:55:14,MO2312-P-7400,MO2312-P-7400,940.2,0.0,0.0,0.0,18,931.0,940.2,6,940.2,915.2,0.0,0.0,0.0,0.0,86
2023-05-10 09:55:24,MO2312-P-7400,MO2312-P-7400,940.2,0.0,0.0,0.0,19,931.0,940.2,6,940.2,915.2,0.0,0.0,0.0,0.0,86
2023-05-10 09:55:27,MO2312-P-7400,MO2312-P-7400,940.2,0.0,0.0,0.0,18,931.0,940.2,6,940.2,915.2,0.0,0.0,0.0,0.0,86
2023-05-10 09:55:32,MO2312-P-7400,MO2312-P-7400,940.2,0.0,0.0,0.0,6,931.2,940.2,6,940.2,915.2,0.0,0.0,0.0,0.0,86
2023-05-10 09:55:32,MO2312-P-7400,MO2312-P-7400,940.2,0.0,0.0,0.0,6,931.4,940.2,6,940.2,915.2,0.0,0.0,0.0,0.0,86
2023-05-10 09:55:33,MO2312-P-7400,MO2312-P-7400,940.2,0.0,0.0,0.0,6,931.6,940.2,6,940.2,915.2,0.0,0.0,0.0,0.0,86
2023-05-10 09:55:34,MO2312-P-7400,MO2312-P-7400,940.2,0.0,0.0,0.0,6,931.6,939.4,1,940.2,915.2,0.0,0.0,0.0,0.0,86
2023-05-10 09:55:37,MO2312-P-7400,MO2312-P-7400,940.2,0.0,0.0,0.0,6,931.6,940.2,6,940.2,915.2,0.0,0.0,0.0,0.0,86
2023-05-10 09:55:41,MO2312-P-7400,MO2312-P-7400,940.2,0.0,0.0,0.0,7,931.6,940.2,6,940.2,915.2,0.0,0.0,0.0,0.0,86
2023-05-10 09:55:45,MO2312-P-7400,MO2312-P-7400,940.2,0.0,0.0,0.0,6,931.6,940.2,6,940.2,915.2,0.0,0.0,0.0,0.0,86
2023-05-10 09:55:54,MO2312-P-7400,MO2312-P-7400,940.2,0.0,0.0,0.0,7,931.6,940.2,6,940.2,915.2,0.0,0.0,0.0,0.0,86
2023-05-10 09:55:54,MO2312-P-7400,MO2312-P-7400,940.2,0.0,0.0,0.0,6,931.6,940.2,6,940.2,915.2,0.0,0.0,0.0,0.0,86
2023-05-10 09:56:02,MO2312-P-7400,MO2312-P-7400,940.2,0.0,0.0,0.0,6,932.6,940.2,6,940.2,915.2,0.0,0.0,0.0,0.0,86
2023-05-10 09:56:02,MO2312-P-7400,MO2312-P-7400,940.2,0.0,0.0,0.0,1,932.6,940.2,6,940.2,915.2,0.0,0.0,0.0,0.0,86
2023-05-10 09:56:03,MO2312-P-7400,MO2312-P-7400,940.2,0.0,0.0,0.0,6,932.2,940.2,6,940.2,915.2,0.0,0.0,0.0,0.0,86
2023-05-10 09:56:06,MO2312-P-7400,MO2312-P-7400,940.2,0.0,0.0,0.0,7,931.4,940.2,6,940.2,915.2,0.0,0.0,0.0,0.0,86
2023-05-10 09:56:07,MO2312-P-7400,MO2312-P-7400,940.2,0.0,0.0,0.0,6,931.6,940.2,6,940.2,915.2,0.0,0.0,0.0,0.0,86
2023-05-10 09:56:09,MO2312-P-7400,MO2312-P-7400,940.2,0.0,0.0,0.0,6,931.8,940.2,6,940.2,915.2,0.0,0.0,0.0,0.0,86
2023-05-10 09:56:10,MO2312-P-7400,MO2312-P-7400,940.2,0.0,0.0,0.0,6,932.2,940.2,6,940.2,915.2,0.0,0.0,0.0,0.0,86
2023-05-10 09:56:11,MO2312-P-7400,MO2312-P-7400,940.2,0.0,0.0,0.0,6,932.4,940.2,6,940.2,915.2,0.0,0.0,0.0,0.0,86
2023-05-10 09:56:17,MO2312-P-7400,MO2312-P-7400,940.2,0.0,0.0,0.0,7,932.4,940.2,6,940.2,915.2,0.0,0.0,0.0,0.0,86
2023-05-10 09:56:19,MO2312-P-7400,MO2312-P-7400,940.2,0.0,0.0,0.0,6,932.4,940.2,6,940.2,915.2,0.0,0.0,0.0,0.0,86
2023-05-10 09:56:21,MO2312-P-7400,MO2312-P-7400,940.2,0.0,0.0,0.0,7,932.4,940.2,6,940.2,915.2,0.0,0.0,0.0,0.0,86
2023-05-10 09:56:31,MO2312-P-7400,MO2312-P-7400,940.2,0.0,0.0,0.0,1,932.6,940.2,6,940.2,915.2,0.0,0.0,0.0,0.0,86
2023-05-10 09:56:41,MO2312-P-7400,MO2312-P-7400,940.2,0.0,0.0,0.0,1,932.8,940.2,6,940.2,915.2,0.0,0.0,0.0,0.0,86
2023-05-10 09:56:43,MO2312-P-7400,MO2312-P-7400,940.2,0.0,0.0,0.0,24,932.0,940.2,6,940.2,915.2,0.0,0.0,0.0,0.0,86
2023-05-10 09:56:44,MO2312-P-7400,MO2312-P-7400,940.2,0.0,0.0,0.0,12,932.0,940.2,6,940.2,915.2,0.0,0.0,0.0,0.0,86
2023-05-10 09:56:45,MO2312-P-7400,MO2312-P-7400,940.2,0.0,0.0,0.0,12,932.2,940.2,6,940.2,915.2,0.0,0.0,0.0,0.0,86
2023-05-10 09:56:46,MO2312-P-7400,MO2312-P-7400,940.2,0.0,0.0,0.0,13,932.2,940.2,6,940.2,915.2,0.0,0.0,0.0,0.0,86
2023-05-10 09:56:48,MO2312-P-7400,MO2312-P-7400,940.2,0.0,0.0,0.0,12,932.2,940.2,6,940.2,915.2,0.0,0.0,0.0,0.0,86
2023-05-10 09:56:55,MO2312-P-7400,MO2312-P-7400,940.2,0.0,0.0,0.0,13,932.2,940.2,6,940.2,915.2,0.0,0.0,0.0,0.0,86
2023-05-10 09:56:57,MO2312-P-7400,MO2312-P-7400,940.2,0.0,0.0,0.0,6,932.4,940.2,6,940.2,915.2,0.0,0.0,0.0,0.0,86
2023-05-10 09:56:59,MO2312-P-7400,MO2312-P-7400,940.2,0.0,0.0,0.0,6,933.8,940.8,12,940.2,915.2,0.0,0.0,0.0,0.0,86
2023-05-10 09:56:59,MO2312-P-7400,MO2312-P-7400,940.2,0.0,0.0,0.0,7,933.8,941.2,18,940.2,915.2,0.0,0.0,0.0,0.0,86
2023-05-10 09:57:00,MO2312-P-7400,MO2312-P-7400,940.2,0.0,0.0,0.0,6,934.0,941.2,6,940.2,915.2,0.0,0.0,0.0,0.0,86
2023-05-10 09:57:00,MO2312-P-7400,MO2312-P-7400,940.2,0.0,0.0,0.0,6,934.0,942.0,24,940.2,915.2,0.0,0.0,0.0,0.0,86
2023-05-10 09:57:01,MO2312-P-7400,MO2312-P-7400,940.2,0.0,0.0,0.0,6,934.0,942.0,6,940.2,915.2,0.0,0.0,0.0,0.0,86
2023-05-10 09:57:02,MO2312-P-7400,MO2312-P-7400,940.2,0.0,0.0,0.0,6,934.0,942.2,18,940.2,915.2,0.0,0.0,0.0,0.0,86
2023-05-10 09:57:02,MO2312-P-7400,MO2312-P-7400,940.2,0.0,0.0,0.0,6,934.0,942.2,12,940.2,915.2,0.0,0.0,0.0,0.0,86
2023-05-10 09:57:03,MO2312-P-7400,MO2312-P-7400,940.2,0.0,0.0,0.0,6,934.0,942.2,6,940.2,915.2,0.0,0.0,0.0,0.0,86
2023-05-10 09:57:04,MO2312-P-7400,MO2312-P-7400,940.2,0.0,0.0,0.0,6,934.0,943.6,24,940.2,915.2,0.0,0.0,0.0,0.0,86
2023-05-10 09:57:04,MO2312-P-7400,MO2312-P-7400,940.2,0.0,0.0,0.0,6,934.0,943.6,12,940.2,915.2,0.0,0.0,0.0,0.0,86
2023-05-10 09:57:05,MO2312-P-7400,MO2312-P-7400,940.2,0.0,0.0,0.0,6,934.0,943.6,6,940.2,915.2,0.0,0.0,0.0,0.0,86
2023-05-10 09:57:05,MO2312-P-7400,MO2312-P-7400,940.2,0.0,0.0,0.0,6,934.2,943.8,6,940.2,915.2,0.0,0.0,0.0,0.0,86
2023-05-10 09:57:08,MO2312-P-7400,MO2312-P-7400,940.2,0.0,0.0,0.0,6,934.4,943.8,6,940.2,915.2,0.0,0.0,0.0,0.0,86
2023-05-10 09:57:09,MO2312-P-7400,MO2312-P-7400,940.2,0.0,0.0,0.0,12,934.2,943.8,6,940.2,915.2,0.0,0.0,0.0,0.0,86
2023-05-10 09:57:10,MO2312-P-7400,MO2312-P-7400,940.2,0.0,0.0,0.0,6,934.2,944.2,20,940.2,915.2,0.0,0.0,0.0,0.0,86
2023-05-10 09:57:11,MO2312-P-7400,MO2312-P-7400,940.2,0.0,0.0,0.0,6,934.2,944.2,8,940.2,915.2,0.0,0.0,0.0,0.0,86
2023-05-10 09:57:11,MO2312-P-7400,MO2312-P-7400,940.2,0.0,0.0,0.0,6,934.2,944.2,2,940.2,915.2,0.0,0.0,0.0,0.0,86
2023-05-10 09:57:12,MO2312-P-7400,MO2312-P-7400,940.2,0.0,0.0,0.0,6,934.2,944.4,36,940.2,915.2,0.0,0.0,0.0,0.0,86
2023-05-10 09:57:12,MO2312-P-7400,MO2312-P-7400,940.2,0.0,0.0,0.0,6,934.2,944.4,30,940.2,915.2,0.0,0.0,0.0,0.0,86
2023-05-10 09:57:13,MO2312-P-7400,MO2312-P-7400,940.2,0.0,0.0,0.0,6,934.2,944.4,32,940.2,915.2,0.0,0.0,0.0,0.0,86
2023-05-10 09:57:15,MO2312-P-7400,MO2312-P-7400,940.2,0.0,0.0,0.0,12,933.6,944.4,38,940.2,915.2,0.0,0.0,0.0,0.0,86
2023-05-10 09:57:16,MO2312-P-7400,MO2312-P-7400,940.2,0.0,0.0,0.0,30,933.4,944.4,32,940.2,915.2,0.0,0.0,0.0,0.0,86
2023-05-10 09:57:16,MO2312-P-7400,MO2312-P-7400,940.2,0.0,0.0,0.0,13,933.4,944.4,32,940.2,915.2,0.0,0.0,0.0,0.0,86
2023-05-10 09:57:17,MO2312-P-7400,MO2312-P-7400,940.2,0.0,0.0,0.0,7,933.4,944.4,32,940.2,915.2,0.0,0.0,0.0,0.0,86
2023-05-10 09:57:17,MO2312-P-7400,MO2312-P-7400,940.2,0.0,0.0,0.0,6,933.6,944.4,32,940.2,915.2,0.0,0.0,0.0,0.0,86
2023-05-10 09:57:18,MO2312-P-7400,MO2312-P-7400,940.2,0.0,0.0,0.0,12,933.6,944.4,26,940.2,915.2,0.0,0.0,0.0,0.0,86
2023-05-10 09:57:20,MO2312-P-7400,MO2312-P-7400,940.2,0.0,0.0,0.0,12,933.6,944.4,24,940.2,915.2,0.0,0.0,0.0,0.0,86
2023-05-10 09:57:20,MO2312-P-7400,MO2312-P-7400,940.2,0.0,0.0,0.0,12,933.6,944.4,18,940.2,915.2,0.0,0.0,0.0,0.0,86
2023-05-10 09:57:21,MO2312-P-7400,MO2312-P-7400,940.2,0.0,0.0,0.0,12,933.6,944.4,20,940.2,915.2,0.0,0.0,0.0,0.0,86
2023-05-10 09:57:47,MO2312-P-7400,MO2312-P-7400,940.2,0.0,0.0,0.0,12,933.6,944.4,18,940.2,915.2,0.0,0.0,0.0,0.0,86
2023-05-10 09:57:48,MO2312-P-7400,MO2312-P-7400,940.2,0.0,0.0,0.0,6,934.0,944.4,12,940.2,915.2,0.0,0.0,0.0,0.0,86
2023-05-10 09:57:49,MO2312-P-7400,MO2312-P-7400,940.2,0.0,0.0,0.0,7,934.0,944.4,6,940.2,915.2,0.0,0.0,0.0,0.0,86
2023-05-10 09:57:50,MO2312-P-7400,MO2312-P-7400,940.2,0.0,0.0,0.0,6,934.0,944.4,6,940.2,915.2,0.0,0.0,0.0,0.0,86
2023-05-10 09:57:53,MO2312-P-7400,MO2312-P-7400,940.2,0.0,0.0,0.0,6,933.8,944.4,6,940.2,915.2,0.0,0.0,0.0,0.0,86
2023-05-10 09:57:53,MO2312-P-7400,MO2312-P-7400,940.2,0.0,0.0,0.0,6,933.6,944.4,6,940.2,915.2,0.0,0.0,0.0,0.0,86
2023-05-10 09:57:55,MO2312-P-7400,MO2312-P-7400,940.2,0.0,0.0,0.0,6,933.4,944.4,6,940.2,915.2,0.0,0.0,0.0,0.0,86
2023-05-10 09:57:55,MO2312-P-7400,MO2312-P-7400,940.2,0.0,0.0,0.0,12,933.2,944.4,6,940.2,915.2,0.0,0.0,0.0,0.0,86
2023-05-10 09:57:56,MO2312-P-7400,MO2312-P-7400,940.2,0.0,0.0,0.0,6,933.0,944.4,6,940.2,915.2,0.0,0.0,0.0,0.0,86
2023-05-10 09:57:56,MO2312-P-7400,MO2312-P-7400,940.2,0.0,0.0,0.0,24,932.8,944.4,6,940.2,915.2,0.0,0.0,0.0,0.0,86
2023-05-10 09:57:57,MO2312-P-7400,MO2312-P-7400,940.2,0.0,0.0,0.0,6,932.8,944.4,6,940.2,915.2,0.0,0.0,0.0,0.0,86
2023-05-10 09:57:57,MO2312-P-7400,MO2312-P-7400,940.2,0.0,0.0,0.0,6,932.4,943.2,6,940.2,915.2,0.0,0.0,0.0,0.0,86
2023-05-10 09:57:58,MO2312-P-7400,MO2312-P-7400,940.2,0.0,0.0,0.0,18,932.2,943.2,6,940.2,915.2,0.0,0.0,0.0,0.0,86
2023-05-10 09:57:58,MO2312-P-7400,MO2312-P-7400,940.2,0.0,0.0,0.0,6,932.2,943.2,6,940.2,915.2,0.0,0.0,0.0,0.0,86
2023-05-10 09:57:59,MO2312-P-7400,MO2312-P-7400,940.2,0.0,0.0,0.0,12,931.4,943.2,6,940.2,915.2,0.0,0.0,0.0,0.0,86
2023-05-10 09:57:59,MO2312-P-7400,MO2312-P-7400,940.2,0.0,0.0,0.0,6,931.4,943.2,6,940.2,915.2,0.0,0.0,0.0,0.0,86
2023-05-10 09:58:02,MO2312-P-7400,MO2312-P-7400,940.2,0.0,0.0,0.0,6,932.6,943.4,27,940.2,915.2,0.0,0.0,0.0,0.0,86
2023-05-10 09:58:02,MO2312-P-7400,MO2312-P-7400,940.2,0.0,0.0,0.0,6,932.6,943.4,12,940.2,915.2,0.0,0.0,0.0,0.0,86
2023-05-10 09:58:03,MO2312-P-7400,MO2312-P-7400,940.2,0.0,0.0,0.0,6,932.6,943.6,27,940.2,915.2,0.0,0.0,0.0,0.0,86
2023-05-10 09:58:03,MO2312-P-7400,MO2312-P-7400,940.2,0.0,0.0,0.0,6,932.6,943.6,12,940.2,915.2,0.0,0.0,0.0,0.0,86
2023-05-10 09:58:04,MO2312-P-7400,MO2312-P-7400,940.2,0.0,0.0,0.0,6,932.6,943.8,27,940.2,915.2,0.0,0.0,0.0,0.0,86
2023-05-10 09:58:04,MO2312-P-7400,MO2312-P-7400,940.2,0.0,0.0,0.0,7,932.6,943.8,12,940.2,915.2,0.0,0.0,0.0,0.0,86
2023-05-10 09:58:05,MO2312-P-7400,MO2312-P-7400,940.2,0.0,0.0,0.0,7,932.6,944.0,27,940.2,915.2,0.0,0.0,0.0,0.0,86
2023-05-10 09:58:05,MO2312-P-7400,MO2312-P-7400,940.2,0.0,0.0,0.0,7,932.6,944.0,12,940.2,915.2,0.0,0.0,0.0,0.0,86
2023-05-10 09:58:06,MO2312-P-7400,MO2312-P-7400,940.2,0.0,0.0,0.0,7,932.6,944.2,27,940.2,915.2,0.0,0.0,0.0,0.0,86
2023-05-10 09:58:06,MO2312-P-7400,MO2312-P-7400,940.2,0.0,0.0,0.0,7,932.6,944.2,12,940.2,915.2,0.0,0.0,0.0,0.0,86
2023-05-10 09:58:07,MO2312-P-7400,MO2312-P-7400,940.2,0.0,0.0,0.0,7,932.6,944.4,33,940.2,915.2,0.0,0.0,0.0,0.0,86
2023-05-10 09:58:07,MO2312-P-7400,MO2312-P-7400,940.2,0.0,0.0,0.0,7,932.6,944.4,18,940.2,915.2,0.0,0.0,0.0,0.0,86
2023-05-10 09:58:08,MO2312-P-7400,MO2312-P-7400,940.2,0.0,0.0,0.0,7,932.6,944.4,12,940.2,915.2,0.0,0.0,0.0,0.0,86
2023-05-10 09:58:08,MO2312-P-7400,MO2312-P-7400,940.2,0.0,0.0,0.0,7,932.6,944.4,6,940.2,915.2,0.0,0.0,0.0,0.0,86
2023-05-10 09:58:14,MO2312-P-7400,MO2312-P-7400,940.2,0.0,0.0,0.0,1,932.8,944.4,6,940.2,915.2,0.0,0.0,0.0,0.0,86
2023-05-10 09:58:15,MO2312-P-7400,MO2312-P-7400,940.2,0.0,0.0,0.0,7,932.8,944.4,6,940.2,915.2,0.0,0.0,0.0,0.0,86
2023-05-10 09:58:15,MO2312-P-7400,MO2312-P-7400,940.2,0.0,0.0,0.0,6,932.8,944.4,6,940.2,915.2,0.0,0.0,0.0,0.0,86
2023-05-10 09:58:24,MO2312-P-7400,MO2312-P-7400,940.2,0.0,0.0,0.0,12,932.6,944.4,6,940.2,915.2,0.0,0.0,0.0,0.0,86
2023-05-10 09:58:25,MO2312-P-7400,MO2312-P-7400,940.2,0.0,0.0,0.0,6,932.6,944.4,6,940.2,915.2,0.0,0.0,0.0,0.0,86
2023-05-10 09:58:25,MO2312-P-7400,MO2312-P-7400,940.2,0.0,0.0,0.0,1,932.4,943.2,6,940.2,915.2,0.0,0.0,0.0,0.0,86
2023-05-10 09:58:26,MO2312-P-7400,MO2312-P-7400,940.2,0.0,0.0,0.0,12,932.2,943.2,6,940.2,915.2,0.0,0.0,0.0,0.0,86
2023-05-10 09:58:27,MO2312-P-7400,MO2312-P-7400,940.2,0.0,0.0,0.0,7,931.8,943.2,6,940.2,915.2,0.0,0.0,0.0,0.0,86
2023-05-10 09:58:27,MO2312-P-7400,MO2312-P-7400,940.2,0.0,0.0,0.0,1,931.8,943.2,6,940.2,915.2,0.0,0.0,0.0,0.0,86
2023-05-10 09:58:33,MO2312-P-7400,MO2312-P-7400,940.2,0.0,0.0,0.0,6,932.8,943.4,21,940.2,915.2,0.0,0.0,0.0,0.0,86
2023-05-10 09:58:34,MO2312-P-7400,MO2312-P-7400,940.2,0.0,0.0,0.0,6,932.8,943.4,6,940.2,915.2,0.0,0.0,0.0,0.0,86
2023-05-10 09:58:34,MO2312-P-7400,MO2312-P-7400,940.2,0.0,0.0,0.0,6,932.8,943.6,15,940.2,915.2,0.0,0.0,0.0,0.0,86
2023-05-10 09:58:35,MO2312-P-7400,MO2312-P-7400,940.2,0.0,0.0,0.0,6,932.8,943.6,6,940.2,915.2,0.0,0.0,0.0,0.0,86
2023-05-10 09:58:35,MO2312-P-7400,MO2312-P-7400,940.2,0.0,0.0,0.0,6,932.8,943.8,15,940.2,915.2,0.0,0.0,0.0,0.0,86
2023-05-10 09:58:36,MO2312-P-7400,MO2312-P-7400,940.2,0.0,0.0,0.0,6,932.0,943.6,6,940.2,915.2,0.0,0.0,0.0,0.0,86
2023-05-10 09:58:36,MO2312-P-7400,MO2312-P-7400,940.2,0.0,0.0,0.0,7,932.0,943.6,6,940.2,915.2,0.0,0.0,0.0,0.0,86
2023-05-10 09:58:42,MO2312-P-7400,MO2312-P-7400,940.2,0.0,0.0,0.0,6,932.0,943.6,6,940.2,915.2,0.0,0.0,0.0,0.0,86
2023-05-10 09:58:44,MO2312-P-7400,MO2312-P-7400,940.2,0.0,0.0,0.0,31,931.6,943.6,6,940.2,915.2,0.0,0.0,0.0,0.0,86
2023-05-10 09:58:45,MO2312-P-7400,MO2312-P-7400,940.2,0.0,0.0,0.0,18,931.6,943.6,6,940.2,915.2,0.0,0.0,0.0,0.0,86
2023-05-10 09:58:45,MO2312-P-7400,MO2312-P-7400,940.2,0.0,0.0,0.0,12,931.6,943.6,6,940.2,915.2,0.0,0.0,0.0,0.0,86
2023-05-10 09:58:46,MO2312-P-7400,MO2312-P-7400,940.2,0.0,0.0,0.0,6,931.6,943.6,6,940.2,915.2,0.0,0.0,0.0,0.0,86
2023-05-10 09:58:47,MO2312-P-7400,MO2312-P-7400,940.2,0.0,0.0,0.0,12,931.4,943.6,6,940.2,915.2,0.0,0.0,0.0,0.0,86
2023-05-10 09:58:47,MO2312-P-7400,MO2312-P-7400,940.2,0.0,0.0,0.0,6,931.4,943.6,6,940.2,915.2,0.0,0.0,0.0,0.0,86
2023-05-10 09:58:49,MO2312-P-7400,MO2312-P-7400,940.2,0.0,0.0,0.0,24,931.2,942.2,6,940.2,915.2,0.0,0.0,0.0,0.0,86
2023-05-10 09:58:49,MO2312-P-7400,MO2312-P-7400,940.2,0.0,0.0,0.0,6,931.2,942.2,8,940.2,915.2,0.0,0.0,0.0,0.0,86
2023-05-10 09:58:50,MO2312-P-7400,MO2312-P-7400,940.2,0.0,0.0,0.0,18,931.0,942.2,8,940.2,915.2,0.0,0.0,0.0,0.0,86
2023-05-10 09:58:50,MO2312-P-7400,MO2312-P-7400,940.2,0.0,0.0,0.0,12,931.0,942.2,8,940.2,915.2,0.0,0.0,0.0,0.0,86
2023-05-10 09:58:51,MO2312-P-7400,MO2312-P-7400,940.2,0.0,0.0,0.0,6,931.0,942.2,8,940.2,915.2,0.0,0.0,0.0,0.0,86
2023-05-10 09:59:32,MO2312-P-7400,MO2312-P-7400,940.2,0.0,0.0,0.0,7,931.0,942.2,8,940.2,915.2,0.0,0.0,0.0,0.0,86
2023-05-10 09:59:34,MO2312-P-7400,MO2312-P-7400,940.2,0.0,0.0,0.0,6,931.0,942.2,8,940.2,915.2,0.0,0.0,0.0,0.0,86
2023-05-10 10:00:02,MO2312-P-7400,MO2312-P-7400,940.2,0.0,0.0,0.0,7,931.0,942.2,8,940.2,915.2,0.0,0.0,0.0,0.0,86
2023-05-10 10:00:08,MO2312-P-7400,MO2312-P-7400,940.2,0.0,0.0,0.0,6,931.0,942.2,8,940.2,915.2,0.0,0.0,0.0,0.0,86
2023-05-10 10:00:16,MO2312-P-7400,MO2312-P-7400,940.2,0.0,0.0,0.0,7,931.0,942.2,8,940.2,915.2,0.0,0.0,0.0,0.0,86
2023-05-10 10:00:18,MO2312-P-7400,MO2312-P-7400,940.2,0.0,0.0,0.0,6,931.2,942.2,8,940.2,915.2,0.0,0.0,0.0,0.0,86
2023-05-10 10:00:19,MO2312-P-7400,MO2312-P-7400,940.2,0.0,0.0,0.0,6,931.4,942.2,8,940.2,915.2,0.0,0.0,0.0,0.0,86
2023-05-10 10:00:19,MO2312-P-7400,MO2312-P-7400,940.2,0.0,0.0,0.0,6,931.4,942.2,6,940.2,915.2,0.0,0.0,0.0,0.0,86
2023-05-10 10:00:24,MO2312-P-7400,MO2312-P-7400,940.2,0.0,0.0,0.0,12,931.4,942.4,35,940.2,915.2,0.0,0.0,0.0,0.0,86
2023-05-10 10:00:24,MO2312-P-7400,MO2312-P-7400,940.2,0.0,0.0,0.0,12,931.4,942.4,20,940.2,915.2,0.0,0.0,0.0,0.0,86
2023-05-10 10:00:25,MO2312-P-7400,MO2312-P-7400,940.2,0.0,0.0,0.0,6,931.6,942.4,12,940.2,915.2,0.0,0.0,0.0,0.0,86
2023-05-10 10:00:25,MO2312-P-7400,MO2312-P-7400,940.2,0.0,0.0,0.0,6,931.6,942.4,6,940.2,915.2,0.0,0.0,0.0,0.0,86
2023-05-10 10:00:30,MO2312-P-7400,MO2312-P-7400,940.2,0.0,0.0,0.0,6,931.8,942.4,6,940.2,915.2,0.0,0.0,0.0,0.0,86
2023-05-10 10:00:54,MO2312-P-7400,MO2312-P-7400,940.2,0.0,0.0,0.0,7,931.6,942.4,6,940.2,915.2,0.0,0.0,0.0,0.0,86
2023-05-10 10:00:55,MO2312-P-7400,MO2312-P-7400,940.2,0.0,0.0,0.0,1,931.8,942.4,6,940.2,915.2,0.0,0.0,0.0,0.0,86
2023-05-10 10:01:01,MO2312-P-7400,MO2312-P-7400,940.2,0.0,0.0,0.0,6,932.0,942.4,6,940.2,915.2,0.0,0.0,0.0,0.0,86
2023-05-10 10:01:10,MO2312-P-7400,MO2312-P-7400,940.2,0.0,0.0,0.0,7,932.0,942.4,6,940.2,915.2,0.0,0.0,0.0,0.0,86
