time,symbol_id,symbol_name,last,trade_volume,trade_amount,open_interest_change,bv1,bp1,ap1,av1,yesterday_close,today_open,today_high,today_low,volume,amount,open_interest
2023-05-10 09:29:00,MO2312-P-6000,MO2312-P-6000,107.4,0.0,0.0,0.0,1,91.2,123.2,1,107.4,111.2,0.0,0.0,0.0,0.0,358
2023-05-10 09:30:00,MO2312-P-6000,MO2312-P-6000,107.4,0.0,0.0,0.0,1,93.8,123.2,1,107.4,111.2,0.0,0.0,0.0,0.0,358
2023-05-10 09:30:00,MO2312-P-6000,MO2312-P-6000,107.4,0.0,0.0,0.0,8,93.8,120.6,1,107.4,111.2,0.0,0.0,0.0,0.0,358
2023-05-10 09:30:01,MO2312-P-6000,MO2312-P-6000,107.4,0.0,0.0,0.0,1,100.0,120.6,1,107.4,111.2,0.0,0.0,0.0,0.0,358
2023-05-10 09:30:01,MO2312-P-6000,MO2312-P-6000,107.4,0.0,0.0,0.0,1,100.0,120.4,6,107.4,111.2,0.0,0.0,0.0,0.0,358
2023-05-10 09:30:02,MO2312-P-6000,MO2312-P-6000,107.4,0.0,0.0,0.0,2,100.0,120.4,6,107.4,111.2,0.0,0.0,0.0,0.0,358
2023-05-10 09:30:02,MO2312-P-6000,MO2312-P-6000,107.4,0.0,0.0,0.0,1,108.2,120.4,6,107.4,111.2,0.0,0.0,0.0,0.0,358
2023-05-10 09:30:04,MO2312-P-6000,MO2312-P-6000,107.4,0.0,0.0,0.0,1,106.6,120.4,6,107.4,111.2,0.0,0.0,0.0,0.0,358
2023-05-10 09:30:07,MO2312-P-6000,MO2312-P-6000,107.4,0.0,0.0,0.0,2,106.6,120.4,6,107.4,111.2,0.0,0.0,0.0,0.0,358
2023-05-10 09:30:07,MO2312-P-6000,MO2312-P-6000,107.4,0.0,0.0,0.0,1,106.6,120.4,6,107.4,111.2,0.0,0.0,0.0,0.0,358
2023-05-10 09:30:08,MO2312-P-6000,MO2312-P-6000,107.4,0.0,0.0,0.0,1,109.4,120.4,6,107.4,111.2,0.0,0.0,0.0,0.0,358
2023-05-10 09:30:08,MO2312-P-6000,MO2312-P-6000,107.4,0.0,0.0,0.0,1,106.6,120.4,6,107.4,111.2,0.0,0.0,0.0,0.0,358
2023-05-10 09:30:09,MO2312-P-6000,MO2312-P-6000,107.4,0.0,0.0,0.0,1,111.4,120.4,6,107.4,111.2,0.0,0.0,0.0,0.0,358
2023-05-10 09:30:13,MO2312-P-6000,MO2312-P-6000,111.2,1.0,11120.0,0.0,2,100.0,120.4,6,107.4,111.2,111.2,111.2,1.0,11120.0,358
2023-05-10 09:30:14,MO2312-P-6000,MO2312-P-6000,111.2,0.0,0.0,0.0,3,100.0,120.2,2,107.4,111.2,111.2,111.2,1.0,11120.0,358
2023-05-10 09:30:14,MO2312-P-6000,MO2312-P-6000,111.2,0.0,0.0,0.0,3,100.0,120.0,6,107.4,111.2,111.2,111.2,1.0,11120.0,358
2023-05-10 09:30:15,MO2312-P-6000,MO2312-P-6000,111.2,0.0,0.0,0.0,3,100.0,119.8,2,107.4,111.2,111.2,111.2,1.0,11120.0,358
2023-05-10 09:30:15,MO2312-P-6000,MO2312-P-6000,111.2,0.0,0.0,0.0,3,100.0,119.6,6,107.4,111.2,111.2,111.2,1.0,11120.0,358
2023-05-10 09:30:16,MO2312-P-6000,MO2312-P-6000,111.2,0.0,0.0,0.0,3,100.0,119.4,2,107.4,111.2,111.2,111.2,1.0,11120.0,358
2023-05-10 09:30:16,MO2312-P-6000,MO2312-P-6000,111.2,0.0,0.0,0.0,3,100.0,119.2,6,107.4,111.2,111.2,111.2,1.0,11120.0,358
2023-05-10 09:30:17,MO2312-P-6000,MO2312-P-6000,111.2,0.0,0.0,0.0,3,100.0,119.0,2,107.4,111.2,111.2,111.2,1.0,11120.0,358
2023-05-10 09:30:17,MO2312-P-6000,MO2312-P-6000,111.2,0.0,0.0,0.0,3,100.0,118.8,6,107.4,111.2,111.2,111.2,1.0,11120.0,358
2023-05-10 09:30:18,MO2312-P-6000,MO2312-P-6000,111.2,0.0,0.0,0.0,3,100.0,118.6,2,107.4,111.2,111.2,111.2,1.0,11120.0,358
2023-05-10 09:30:18,MO2312-P-6000,MO2312-P-6000,111.2,0.0,0.0,0.0,3,100.0,118.4,6,107.4,111.2,111.2,111.2,1.0,11120.0,358
2023-05-10 09:30:19,MO2312-P-6000,MO2312-P-6000,111.2,0.0,0.0,0.0,3,100.0,118.2,2,107.4,111.2,111.2,111.2,1.0,11120.0,358
2023-05-10 09:30:19,MO2312-P-6000,MO2312-P-6000,111.2,0.0,0.0,0.0,3,100.0,118.0,6,107.4,111.2,111.2,111.2,1.0,11120.0,358
2023-05-10 09:30:20,MO2312-P-6000,MO2312-P-6000,111.2,0.0,0.0,0.0,5,100.0,117.8,2,107.4,111.2,111.2,111.2,1.0,11120.0,358
2023-05-10 09:30:20,MO2312-P-6000,MO2312-P-6000,111.2,0.0,0.0,0.0,5,100.0,117.6,6,107.4,111.2,111.2,111.2,1.0,11120.0,358
2023-05-10 09:30:21,MO2312-P-6000,MO2312-P-6000,111.2,0.0,0.0,0.0,5,100.0,117.4,2,107.4,111.2,111.2,111.2,1.0,11120.0,358
2023-05-10 09:30:21,MO2312-P-6000,MO2312-P-6000,111.2,0.0,0.0,0.0,5,100.0,117.2,6,107.4,111.2,111.2,111.2,1.0,11120.0,358
2023-05-10 09:30:22,MO2312-P-6000,MO2312-P-6000,111.2,0.0,0.0,0.0,5,100.0,117.2,8,107.4,111.2,111.2,111.2,1.0,11120.0,358
2023-05-10 09:30:22,MO2312-P-6000,MO2312-P-6000,111.2,0.0,0.0,0.0,4,100.0,117.0,6,107.4,111.2,111.2,111.2,1.0,11120.0,358
2023-05-10 09:30:23,MO2312-P-6000,MO2312-P-6000,111.2,0.0,0.0,0.0,4,100.0,117.0,2,107.4,111.2,111.2,111.2,1.0,11120.0,358
2023-05-10 09:30:24,MO2312-P-6000,MO2312-P-6000,111.2,0.0,0.0,0.0,1,100.2,116.8,6,107.4,111.2,111.2,111.2,1.0,11120.0,358
2023-05-10 09:30:24,MO2312-P-6000,MO2312-P-6000,111.2,0.0,0.0,0.0,1,100.2,116.6,2,107.4,111.2,111.2,111.2,1.0,11120.0,358
2023-05-10 09:30:25,MO2312-P-6000,MO2312-P-6000,111.2,0.0,0.0,0.0,1,100.2,116.4,6,107.4,111.2,111.2,111.2,1.0,11120.0,358
2023-05-10 09:30:25,MO2312-P-6000,MO2312-P-6000,111.2,0.0,0.0,0.0,1,100.2,116.2,2,107.4,111.2,111.2,111.2,1.0,11120.0,358
2023-05-10 09:30:26,MO2312-P-6000,MO2312-P-6000,111.2,0.0,0.0,0.0,6,101.2,113.2,6,107.4,111.2,111.2,111.2,1.0,11120.0,358
2023-05-10 09:30:27,MO2312-P-6000,MO2312-P-6000,111.2,0.0,0.0,0.0,8,101.2,113.2,8,107.4,111.2,111.2,111.2,1.0,11120.0,358
2023-05-10 09:30:27,MO2312-P-6000,MO2312-P-6000,111.2,0.0,0.0,0.0,6,101.4,113.2,6,107.4,111.2,111.2,111.2,1.0,11120.0,358
2023-05-10 09:30:28,MO2312-P-6000,MO2312-P-6000,111.2,0.0,0.0,0.0,6,101.4,113.2,8,107.4,111.2,111.2,111.2,1.0,11120.0,358
2023-05-10 09:30:28,MO2312-P-6000,MO2312-P-6000,111.2,0.0,0.0,0.0,6,101.4,113.2,6,107.4,111.2,111.2,111.2,1.0,11120.0,358
2023-05-10 09:30:29,MO2312-P-6000,MO2312-P-6000,111.2,0.0,0.0,0.0,12,101.4,113.2,8,107.4,111.2,111.2,111.2,1.0,11120.0,358
2023-05-10 09:30:29,MO2312-P-6000,MO2312-P-6000,111.2,0.0,0.0,0.0,6,101.4,113.2,6,107.4,111.2,111.2,111.2,1.0,11120.0,358
2023-05-10 09:30:30,MO2312-P-6000,MO2312-P-6000,111.2,0.0,0.0,0.0,8,101.4,113.2,6,107.4,111.2,111.2,111.2,1.0,11120.0,358
2023-05-10 09:30:31,MO2312-P-6000,MO2312-P-6000,111.2,0.0,0.0,0.0,6,101.6,113.2,6,107.4,111.2,111.2,111.2,1.0,11120.0,358
2023-05-10 09:30:31,MO2312-P-6000,MO2312-P-6000,111.2,0.0,0.0,0.0,6,101.4,113.2,6,107.4,111.2,111.2,111.2,1.0,11120.0,358
2023-05-10 09:30:32,MO2312-P-6000,MO2312-P-6000,111.2,0.0,0.0,0.0,6,101.4,113.2,8,107.4,111.2,111.2,111.2,1.0,11120.0,358
2023-05-10 09:30:33,MO2312-P-6000,MO2312-P-6000,111.2,0.0,0.0,0.0,6,102.2,113.2,6,107.4,111.2,111.2,111.2,1.0,11120.0,358
2023-05-10 09:30:33,MO2312-P-6000,MO2312-P-6000,111.2,0.0,0.0,0.0,6,102.4,113.6,2,107.4,111.2,111.2,111.2,1.0,11120.0,358
2023-05-10 09:30:34,MO2312-P-6000,MO2312-P-6000,111.2,0.0,0.0,0.0,7,102.4,114.2,6,107.4,111.2,111.2,111.2,1.0,11120.0,358
2023-05-10 09:30:34,MO2312-P-6000,MO2312-P-6000,111.2,0.0,0.0,0.0,6,102.6,114.2,8,107.4,111.2,111.2,111.2,1.0,11120.0,358
2023-05-10 09:30:35,MO2312-P-6000,MO2312-P-6000,111.2,0.0,0.0,0.0,6,102.8,114.2,6,107.4,111.2,111.2,111.2,1.0,11120.0,358
2023-05-10 09:30:35,MO2312-P-6000,MO2312-P-6000,111.2,0.0,0.0,0.0,6,103.0,114.2,8,107.4,111.2,111.2,111.2,1.0,11120.0,358
2023-05-10 09:30:36,MO2312-P-6000,MO2312-P-6000,111.2,0.0,0.0,0.0,6,103.0,114.2,6,107.4,111.2,111.2,111.2,1.0,11120.0,358
2023-05-10 09:30:36,MO2312-P-6000,MO2312-P-6000,111.2,0.0,0.0,0.0,6,103.0,113.0,6,107.4,111.2,111.2,111.2,1.0,11120.0,358
2023-05-10 09:30:39,MO2312-P-6000,MO2312-P-6000,111.2,0.0,0.0,0.0,6,103.0,114.2,6,107.4,111.2,111.2,111.2,1.0,11120.0,358
2023-05-10 09:30:51,MO2312-P-6000,MO2312-P-6000,111.2,0.0,0.0,0.0,6,103.2,113.4,6,107.4,111.2,111.2,111.2,1.0,11120.0,358
2023-05-10 09:30:52,MO2312-P-6000,MO2312-P-6000,111.2,0.0,0.0,0.0,6,103.4,113.4,6,107.4,111.2,111.2,111.2,1.0,11120.0,358
2023-05-10 09:30:52,MO2312-P-6000,MO2312-P-6000,111.2,0.0,0.0,0.0,2,104.0,113.4,6,107.4,111.2,111.2,111.2,1.0,11120.0,358
2023-05-10 09:30:53,MO2312-P-6000,MO2312-P-6000,111.2,0.0,0.0,0.0,6,104.2,113.4,6,107.4,111.2,111.2,111.2,1.0,11120.0,358
2023-05-10 09:30:53,MO2312-P-6000,MO2312-P-6000,111.2,0.0,0.0,0.0,2,104.6,113.4,6,107.4,111.2,111.2,111.2,1.0,11120.0,358
2023-05-10 09:30:54,MO2312-P-6000,MO2312-P-6000,111.2,0.0,0.0,0.0,6,104.8,113.4,6,107.4,111.2,111.2,111.2,1.0,11120.0,358
2023-05-10 09:30:54,MO2312-P-6000,MO2312-P-6000,111.2,0.0,0.0,0.0,6,105.0,113.4,6,107.4,111.2,111.2,111.2,1.0,11120.0,358
2023-05-10 09:30:55,MO2312-P-6000,MO2312-P-6000,111.2,0.0,0.0,0.0,12,105.0,113.2,6,107.4,111.2,111.2,111.2,1.0,11120.0,358
2023-05-10 09:30:55,MO2312-P-6000,MO2312-P-6000,111.2,0.0,0.0,0.0,12,105.0,113.2,12,107.4,111.2,111.2,111.2,1.0,11120.0,358
2023-05-10 09:31:02,MO2312-P-6000,MO2312-P-6000,111.2,0.0,0.0,0.0,6,105.0,113.0,6,107.4,111.2,111.2,111.2,1.0,11120.0,358
2023-05-10 09:31:09,MO2312-P-6000,MO2312-P-6000,111.2,0.0,0.0,0.0,12,105.0,113.0,6,107.4,111.2,111.2,111.2,1.0,11120.0,358
2023-05-10 09:31:16,MO2312-P-6000,MO2312-P-6000,111.2,0.0,0.0,0.0,6,105.0,113.0,6,107.4,111.2,111.2,111.2,1.0,11120.0,358
2023-05-10 09:31:35,MO2312-P-6000,MO2312-P-6000,111.2,0.0,0.0,0.0,6,105.0,112.8,6,107.4,111.2,111.2,111.2,1.0,11120.0,358
2023-05-10 09:31:35,MO2312-P-6000,MO2312-P-6000,111.2,0.0,0.0,0.0,6,105.0,112.6,6,107.4,111.2,111.2,111.2,1.0,11120.0,358
2023-05-10 09:31:38,MO2312-P-6000,MO2312-P-6000,111.2,0.0,0.0,0.0,6,105.0,112.6,12,107.4,111.2,111.2,111.2,1.0,11120.0,358
2023-05-10 09:31:39,MO2312-P-6000,MO2312-P-6000,111.2,0.0,0.0,0.0,6,105.0,112.4,6,107.4,111.2,111.2,111.2,1.0,11120.0,358
2023-05-10 09:31:40,MO2312-P-6000,MO2312-P-6000,111.2,0.0,0.0,0.0,8,105.0,112.4,6,107.4,111.2,111.2,111.2,1.0,11120.0,358
2023-05-10 09:31:41,MO2312-P-6000,MO2312-P-6000,111.2,0.0,0.0,0.0,6,105.0,112.4,6,107.4,111.2,111.2,111.2,1.0,11120.0,358
2023-05-10 09:31:41,MO2312-P-6000,MO2312-P-6000,111.2,0.0,0.0,0.0,7,105.0,112.4,6,107.4,111.2,111.2,111.2,1.0,11120.0,358
2023-05-10 09:31:50,MO2312-P-6000,MO2312-P-6000,111.2,0.0,0.0,0.0,7,105.0,112.4,12,107.4,111.2,111.2,111.2,1.0,11120.0,358
2023-05-10 09:31:50,MO2312-P-6000,MO2312-P-6000,111.2,0.0,0.0,0.0,7,105.0,112.2,6,107.4,111.2,111.2,111.2,1.0,11120.0,358
2023-05-10 09:31:51,MO2312-P-6000,MO2312-P-6000,111.2,0.0,0.0,0.0,7,105.0,112.2,14,107.4,111.2,111.2,111.2,1.0,11120.0,358
2023-05-10 09:31:51,MO2312-P-6000,MO2312-P-6000,111.2,0.0,0.0,0.0,1,105.2,112.0,6,107.4,111.2,111.2,111.2,1.0,11120.0,358
2023-05-10 09:31:52,MO2312-P-6000,MO2312-P-6000,111.2,0.0,0.0,0.0,7,105.2,112.0,6,107.4,111.2,111.2,111.2,1.0,11120.0,358
2023-05-10 09:31:56,MO2312-P-6000,MO2312-P-6000,111.2,0.0,0.0,0.0,1,105.2,112.0,6,107.4,111.2,111.2,111.2,1.0,11120.0,358
2023-05-10 09:31:57,MO2312-P-6000,MO2312-P-6000,111.2,0.0,0.0,0.0,1,105.2,112.0,8,107.4,111.2,111.2,111.2,1.0,11120.0,358
2023-05-10 09:31:57,MO2312-P-6000,MO2312-P-6000,111.2,0.0,0.0,0.0,1,105.2,111.8,6,107.4,111.2,111.2,111.2,1.0,11120.0,358
2023-05-10 09:31:58,MO2312-P-6000,MO2312-P-6000,111.2,0.0,0.0,0.0,7,105.2,111.8,6,107.4,111.2,111.2,111.2,1.0,11120.0,358
2023-05-10 09:32:01,MO2312-P-6000,MO2312-P-6000,111.2,0.0,0.0,0.0,1,105.4,111.8,6,107.4,111.2,111.2,111.2,1.0,11120.0,358
2023-05-10 09:32:02,MO2312-P-6000,MO2312-P-6000,111.2,0.0,0.0,0.0,6,105.2,111.8,6,107.4,111.2,111.2,111.2,1.0,11120.0,358
2023-05-10 09:32:11,MO2312-P-6000,MO2312-P-6000,111.2,0.0,0.0,0.0,6,105.2,111.8,8,107.4,111.2,111.2,111.2,1.0,11120.0,358
2023-05-10 09:32:12,MO2312-P-6000,MO2312-P-6000,111.2,0.0,0.0,0.0,6,105.2,111.6,6,107.4,111.2,111.2,111.2,1.0,11120.0,358
2023-05-10 09:32:30,MO2312-P-6000,MO2312-P-6000,111.2,0.0,0.0,0.0,12,105.2,111.6,6,107.4,111.2,111.2,111.2,1.0,11120.0,358
2023-05-10 09:32:32,MO2312-P-6000,MO2312-P-6000,111.2,0.0,0.0,0.0,18,105.2,111.6,6,107.4,111.2,111.2,111.2,1.0,11120.0,358
2023-05-10 09:32:33,MO2312-P-6000,MO2312-P-6000,111.2,0.0,0.0,0.0,24,105.2,111.6,6,107.4,111.2,111.2,111.2,1.0,11120.0,358
2023-05-10 09:32:40,MO2312-P-6000,MO2312-P-6000,111.2,0.0,0.0,0.0,18,105.2,111.6,6,107.4,111.2,111.2,111.2,1.0,11120.0,358
2023-05-10 09:32:44,MO2312-P-6000,MO2312-P-6000,111.2,0.0,0.0,0.0,24,105.2,111.6,6,107.4,111.2,111.2,111.2,1.0,11120.0,358
2023-05-10 09:32:45,MO2312-P-6000,MO2312-P-6000,111.2,0.0,0.0,0.0,25,105.2,111.6,6,107.4,111.2,111.2,111.2,1.0,11120.0,358
2023-05-10 09:32:46,MO2312-P-6000,MO2312-P-6000,111.2,0.0,0.0,0.0,6,105.4,111.8,2,107.4,111.2,111.2,111.2,1.0,11120.0,358
2023-05-10 09:32:46,MO2312-P-6000,MO2312-P-6000,111.2,0.0,0.0,0.0,6,105.4,112.0,6,107.4,111.2,111.2,111.2,1.0,11120.0,358
2023-05-10 09:32:47,MO2312-P-6000,MO2312-P-6000,111.2,0.0,0.0,0.0,6,105.4,112.0,8,107.4,111.2,111.2,111.2,1.0,11120.0,358
2023-05-10 09:32:48,MO2312-P-6000,MO2312-P-6000,111.2,0.0,0.0,0.0,6,105.4,112.0,6,107.4,111.2,111.2,111.2,1.0,11120.0,358
2023-05-10 09:32:49,MO2312-P-6000,MO2312-P-6000,111.2,0.0,0.0,0.0,6,105.4,112.0,8,107.4,111.2,111.2,111.2,1.0,11120.0,358
2023-05-10 09:32:51,MO2312-P-6000,MO2312-P-6000,111.2,0.0,0.0,0.0,7,105.4,112.0,8,107.4,111.2,111.2,111.2,1.0,11120.0,358
2023-05-10 09:32:51,MO2312-P-6000,MO2312-P-6000,111.2,0.0,0.0,0.0,6,105.6,112.0,14,107.4,111.2,111.2,111.2,1.0,11120.0,358
2023-05-10 09:32:54,MO2312-P-6000,MO2312-P-6000,111.2,0.0,0.0,0.0,6,105.4,108.2,1,107.4,111.2,111.2,111.2,1.0,11120.0,358
2023-05-10 09:32:55,MO2312-P-6000,MO2312-P-6000,111.2,0.0,0.0,0.0,6,105.6,108.2,1,107.4,111.2,111.2,111.2,1.0,11120.0,358
2023-05-10 09:32:56,MO2312-P-6000,MO2312-P-6000,111.2,0.0,0.0,0.0,6,105.8,108.2,1,107.4,111.2,111.2,111.2,1.0,11120.0,358
2023-05-10 09:32:58,MO2312-P-6000,MO2312-P-6000,111.2,0.0,0.0,0.0,6,105.8,109.0,1,107.4,111.2,111.2,111.2,1.0,11120.0,358
2023-05-10 09:33:05,MO2312-P-6000,MO2312-P-6000,111.2,0.0,0.0,0.0,6,105.8,109.6,1,107.4,111.2,111.2,111.2,1.0,11120.0,358
2023-05-10 09:33:16,MO2312-P-6000,MO2312-P-6000,111.2,0.0,0.0,0.0,6,105.8,110.2,1,107.4,111.2,111.2,111.2,1.0,11120.0,358
2023-05-10 09:33:22,MO2312-P-6000,MO2312-P-6000,111.2,0.0,0.0,0.0,7,105.8,110.2,1,107.4,111.2,111.2,111.2,1.0,11120.0,358
2023-05-10 09:33:22,MO2312-P-6000,MO2312-P-6000,111.2,0.0,0.0,0.0,6,106.0,110.2,1,107.4,111.2,111.2,111.2,1.0,11120.0,358
2023-05-10 09:33:27,MO2312-P-6000,MO2312-P-6000,111.2,0.0,0.0,0.0,6,106.0,111.2,12,107.4,111.2,111.2,111.2,1.0,11120.0,358
2023-05-10 09:33:27,MO2312-P-6000,MO2312-P-6000,111.2,0.0,0.0,0.0,6,106.0,110.8,1,107.4,111.2,111.2,111.2,1.0,11120.0,358
2023-05-10 09:33:34,MO2312-P-6000,MO2312-P-6000,111.2,0.0,0.0,0.0,6,106.2,110.8,1,107.4,111.2,111.2,111.2,1.0,11120.0,358
2023-05-10 09:33:35,MO2312-P-6000,MO2312-P-6000,111.2,0.0,0.0,0.0,6,106.4,110.8,1,107.4,111.2,111.2,111.2,1.0,11120.0,358
2023-05-10 09:33:37,MO2312-P-6000,MO2312-P-6000,111.2,0.0,0.0,0.0,8,106.4,110.8,1,107.4,111.2,111.2,111.2,1.0,11120.0,358
2023-05-10 09:33:37,MO2312-P-6000,MO2312-P-6000,111.2,0.0,0.0,0.0,6,106.6,110.8,1,107.4,111.2,111.2,111.2,1.0,11120.0,358
2023-05-10 09:33:41,MO2312-P-6000,MO2312-P-6000,111.2,0.0,0.0,0.0,6,106.6,111.4,3,107.4,111.2,111.2,111.2,1.0,11120.0,358
2023-05-10 09:33:42,MO2312-P-6000,MO2312-P-6000,111.2,0.0,0.0,0.0,6,106.6,110.6,1,107.4,111.2,111.2,111.2,1.0,11120.0,358
2023-05-10 09:33:47,MO2312-P-6000,MO2312-P-6000,111.2,0.0,0.0,0.0,6,106.6,111.4,1,107.4,111.2,111.2,111.2,1.0,11120.0,358
2023-05-10 09:33:57,MO2312-P-6000,MO2312-P-6000,111.2,0.0,0.0,0.0,7,106.6,111.4,1,107.4,111.2,111.2,111.2,1.0,11120.0,358
2023-05-10 09:33:57,MO2312-P-6000,MO2312-P-6000,111.2,0.0,0.0,0.0,6,106.8,111.4,1,107.4,111.2,111.2,111.2,1.0,11120.0,358
2023-05-10 09:34:02,MO2312-P-6000,MO2312-P-6000,111.2,0.0,0.0,0.0,7,106.8,111.4,1,107.4,111.2,111.2,111.2,1.0,11120.0,358
2023-05-10 09:34:02,MO2312-P-6000,MO2312-P-6000,111.2,0.0,0.0,0.0,6,107.0,111.4,1,107.4,111.2,111.2,111.2,1.0,11120.0,358
2023-05-10 09:34:09,MO2312-P-6000,MO2312-P-6000,111.2,0.0,0.0,0.0,6,107.2,111.4,1,107.4,111.2,111.2,111.2,1.0,11120.0,358
2023-05-10 09:34:09,MO2312-P-6000,MO2312-P-6000,111.2,0.0,0.0,0.0,6,107.4,111.4,1,107.4,111.2,111.2,111.2,1.0,11120.0,358
2023-05-10 09:34:11,MO2312-P-6000,MO2312-P-6000,111.2,0.0,0.0,0.0,7,107.4,111.4,1,107.4,111.2,111.2,111.2,1.0,11120.0,358
2023-05-10 09:34:11,MO2312-P-6000,MO2312-P-6000,111.2,0.0,0.0,0.0,6,107.6,111.4,1,107.4,111.2,111.2,111.2,1.0,11120.0,358
2023-05-10 09:34:23,MO2312-P-6000,MO2312-P-6000,111.2,0.0,0.0,0.0,6,107.4,111.4,1,107.4,111.2,111.2,111.2,1.0,11120.0,358
2023-05-10 09:34:28,MO2312-P-6000,MO2312-P-6000,111.2,0.0,0.0,0.0,6,107.4,111.4,7,107.4,111.2,111.2,111.2,1.0,11120.0,358
2023-05-10 09:34:28,MO2312-P-6000,MO2312-P-6000,111.2,0.0,0.0,0.0,6,107.4,110.2,1,107.4,111.2,111.2,111.2,1.0,11120.0,358
2023-05-10 09:34:29,MO2312-P-6000,MO2312-P-6000,111.2,0.0,0.0,0.0,6,107.2,110.2,1,107.4,111.2,111.2,111.2,1.0,11120.0,358
2023-05-10 09:34:35,MO2312-P-6000,MO2312-P-6000,111.2,0.0,0.0,0.0,6,106.8,110.2,1,107.4,111.2,111.2,111.2,1.0,11120.0,358
2023-05-10 09:34:39,MO2312-P-6000,MO2312-P-6000,111.2,0.0,0.0,0.0,7,106.8,110.2,1,107.4,111.2,111.2,111.2,1.0,11120.0,358
2023-05-10 09:34:39,MO2312-P-6000,MO2312-P-6000,111.2,0.0,0.0,0.0,6,107.0,110.2,1,107.4,111.2,111.2,111.2,1.0,11120.0,358
2023-05-10 09:34:40,MO2312-P-6000,MO2312-P-6000,111.2,0.0,0.0,0.0,8,107.0,110.2,1,107.4,111.2,111.2,111.2,1.0,11120.0,358
2023-05-10 09:34:40,MO2312-P-6000,MO2312-P-6000,111.2,0.0,0.0,0.0,6,107.2,110.2,1,107.4,111.2,111.2,111.2,1.0,11120.0,358
2023-05-10 09:34:42,MO2312-P-6000,MO2312-P-6000,111.2,0.0,0.0,0.0,6,107.0,111.4,7,107.4,111.2,111.2,111.2,1.0,11120.0,358
2023-05-10 09:34:42,MO2312-P-6000,MO2312-P-6000,111.2,0.0,0.0,0.0,8,107.0,111.4,7,107.4,111.2,111.2,111.2,1.0,11120.0,358
2023-05-10 09:34:43,MO2312-P-6000,MO2312-P-6000,111.2,0.0,0.0,0.0,6,107.2,111.4,1,107.4,111.2,111.2,111.2,1.0,11120.0,358
2023-05-10 09:34:47,MO2312-P-6000,MO2312-P-6000,111.2,0.0,0.0,0.0,2,107.4,111.4,1,107.4,111.2,111.2,111.2,1.0,11120.0,358
2023-05-10 09:34:47,MO2312-P-6000,MO2312-P-6000,111.2,0.0,0.0,0.0,6,107.6,111.4,1,107.4,111.2,111.2,111.2,1.0,11120.0,358
2023-05-10 09:34:48,MO2312-P-6000,MO2312-P-6000,111.2,0.0,0.0,0.0,6,107.4,111.4,1,107.4,111.2,111.2,111.2,1.0,11120.0,358
2023-05-10 09:34:50,MO2312-P-6000,MO2312-P-6000,111.2,0.0,0.0,0.0,8,107.0,111.4,1,107.4,111.2,111.2,111.2,1.0,11120.0,358
2023-05-10 09:34:50,MO2312-P-6000,MO2312-P-6000,111.2,0.0,0.0,0.0,6,107.2,111.4,1,107.4,111.2,111.2,111.2,1.0,11120.0,358
2023-05-10 09:34:51,MO2312-P-6000,MO2312-P-6000,111.2,0.0,0.0,0.0,8,107.2,111.4,1,107.4,111.2,111.2,111.2,1.0,11120.0,358
2023-05-10 09:34:51,MO2312-P-6000,MO2312-P-6000,111.2,0.0,0.0,0.0,6,107.4,111.4,1,107.4,111.2,111.2,111.2,1.0,11120.0,358
2023-05-10 09:34:53,MO2312-P-6000,MO2312-P-6000,111.2,0.0,0.0,0.0,8,107.0,111.4,1,107.4,111.2,111.2,111.2,1.0,11120.0,358
2023-05-10 09:34:53,MO2312-P-6000,MO2312-P-6000,111.2,0.0,0.0,0.0,6,107.2,111.4,1,107.4,111.2,111.2,111.2,1.0,11120.0,358
2023-05-10 09:34:54,MO2312-P-6000,MO2312-P-6000,111.2,0.0,0.0,0.0,2,107.4,111.4,1,107.4,111.2,111.2,111.2,1.0,11120.0,358
2023-05-10 09:34:54,MO2312-P-6000,MO2312-P-6000,111.2,0.0,0.0,0.0,6,107.6,111.4,1,107.4,111.2,111.2,111.2,1.0,11120.0,358
2023-05-10 09:34:56,MO2312-P-6000,MO2312-P-6000,111.2,0.0,0.0,0.0,8,107.2,111.2,6,107.4,111.2,111.2,111.2,1.0,11120.0,358
2023-05-10 09:34:56,MO2312-P-6000,MO2312-P-6000,111.2,0.0,0.0,0.0,6,107.2,110.6,1,107.4,111.2,111.2,111.2,1.0,11120.0,358
2023-05-10 09:35:02,MO2312-P-6000,MO2312-P-6000,111.2,0.0,0.0,0.0,8,107.0,110.6,1,107.4,111.2,111.2,111.2,1.0,11120.0,358
2023-05-10 09:35:02,MO2312-P-6000,MO2312-P-6000,111.2,0.0,0.0,0.0,6,107.2,110.8,6,107.4,111.2,111.2,111.2,1.0,11120.0,358
2023-05-10 09:35:03,MO2312-P-6000,MO2312-P-6000,111.2,0.0,0.0,0.0,8,107.0,111.0,6,107.4,111.2,111.2,111.2,1.0,11120.0,358
2023-05-10 09:35:03,MO2312-P-6000,MO2312-P-6000,111.2,0.0,0.0,0.0,6,107.2,111.2,12,107.4,111.2,111.2,111.2,1.0,11120.0,358
2023-05-10 09:35:04,MO2312-P-6000,MO2312-P-6000,111.2,0.0,0.0,0.0,8,107.2,111.2,6,107.4,111.2,111.2,111.2,1.0,11120.0,358
2023-05-10 09:35:04,MO2312-P-6000,MO2312-P-6000,111.2,0.0,0.0,0.0,9,107.0,111.4,6,107.4,111.2,111.2,111.2,1.0,11120.0,358
2023-05-10 09:35:05,MO2312-P-6000,MO2312-P-6000,111.2,0.0,0.0,0.0,1,107.0,111.4,6,107.4,111.2,111.2,111.2,1.0,11120.0,358
2023-05-10 09:35:06,MO2312-P-6000,MO2312-P-6000,111.2,0.0,0.0,0.0,8,106.8,111.4,6,107.4,111.2,111.2,111.2,1.0,11120.0,358
2023-05-10 09:35:07,MO2312-P-6000,MO2312-P-6000,111.2,0.0,0.0,0.0,6,107.0,111.4,6,107.4,111.2,111.2,111.2,1.0,11120.0,358
2023-05-10 09:35:07,MO2312-P-6000,MO2312-P-6000,111.2,0.0,0.0,0.0,6,107.0,110.0,1,107.4,111.2,111.2,111.2,1.0,11120.0,358
2023-05-10 09:35:08,MO2312-P-6000,MO2312-P-6000,111.2,0.0,0.0,0.0,6,106.8,110.0,1,107.4,111.2,111.2,111.2,1.0,11120.0,358
2023-05-10 09:35:10,MO2312-P-6000,MO2312-P-6000,111.2,0.0,0.0,0.0,6,106.6,110.0,1,107.4,111.2,111.2,111.2,1.0,11120.0,358
2023-05-10 09:35:12,MO2312-P-6000,MO2312-P-6000,111.2,0.0,0.0,0.0,6,106.6,110.6,2,107.4,111.2,111.2,111.2,1.0,11120.0,358
2023-05-10 09:35:12,MO2312-P-6000,MO2312-P-6000,111.2,0.0,0.0,0.0,8,106.6,111.0,1,107.4,111.2,111.2,111.2,1.0,11120.0,358
2023-05-10 09:35:13,MO2312-P-6000,MO2312-P-6000,111.2,0.0,0.0,0.0,6,106.8,111.0,1,107.4,111.2,111.2,111.2,1.0,11120.0,358
2023-05-10 09:35:14,MO2312-P-6000,MO2312-P-6000,111.2,0.0,0.0,0.0,18,106.4,110.8,6,107.4,111.2,111.2,111.2,1.0,11120.0,358
2023-05-10 09:35:15,MO2312-P-6000,MO2312-P-6000,111.2,0.0,0.0,0.0,14,106.4,110.8,8,107.4,111.2,111.2,111.2,1.0,11120.0,358
2023-05-10 09:35:15,MO2312-P-6000,MO2312-P-6000,111.2,0.0,0.0,0.0,6,106.6,110.6,6,107.4,111.2,111.2,111.2,1.0,11120.0,358
2023-05-10 09:35:17,MO2312-P-6000,MO2312-P-6000,111.2,0.0,0.0,0.0,6,106.6,110.4,1,107.4,111.2,111.2,111.2,1.0,11120.0,358
2023-05-10 09:35:20,MO2312-P-6000,MO2312-P-6000,111.2,0.0,0.0,0.0,6,106.4,110.4,7,107.4,111.2,111.2,111.2,1.0,11120.0,358
2023-05-10 09:35:34,MO2312-P-6000,MO2312-P-6000,111.2,0.0,0.0,0.0,6,106.4,110.4,9,107.4,111.2,111.2,111.2,1.0,11120.0,358
2023-05-10 09:35:35,MO2312-P-6000,MO2312-P-6000,111.2,0.0,0.0,0.0,6,106.4,110.4,7,107.4,111.2,111.2,111.2,1.0,11120.0,358
2023-05-10 09:35:36,MO2312-P-6000,MO2312-P-6000,111.2,0.0,0.0,0.0,2,106.0,110.2,6,107.4,111.2,111.2,111.2,1.0,11120.0,358
2023-05-10 09:35:36,MO2312-P-6000,MO2312-P-6000,111.2,0.0,0.0,0.0,8,106.0,110.2,6,107.4,111.2,111.2,111.2,1.0,11120.0,358
2023-05-10 09:35:37,MO2312-P-6000,MO2312-P-6000,111.2,0.0,0.0,0.0,8,106.0,109.4,1,107.4,111.2,111.2,111.2,1.0,11120.0,358
2023-05-10 09:35:37,MO2312-P-6000,MO2312-P-6000,111.2,0.0,0.0,0.0,8,106.0,109.2,6,107.4,111.2,111.2,111.2,1.0,11120.0,358
2023-05-10 09:35:38,MO2312-P-6000,MO2312-P-6000,111.2,0.0,0.0,0.0,2,106.0,109.2,6,107.4,111.2,111.2,111.2,1.0,11120.0,358
2023-05-10 09:35:39,MO2312-P-6000,MO2312-P-6000,111.2,0.0,0.0,0.0,2,105.8,109.2,6,107.4,111.2,111.2,111.2,1.0,11120.0,358
2023-05-10 09:35:41,MO2312-P-6000,MO2312-P-6000,111.2,0.0,0.0,0.0,8,105.6,109.2,6,107.4,111.2,111.2,111.2,1.0,11120.0,358
2023-05-10 09:35:42,MO2312-P-6000,MO2312-P-6000,111.2,0.0,0.0,0.0,7,105.6,109.2,6,107.4,111.2,111.2,111.2,1.0,11120.0,358
2023-05-10 09:35:43,MO2312-P-6000,MO2312-P-6000,111.2,0.0,0.0,0.0,1,105.6,109.4,6,107.4,111.2,111.2,111.2,1.0,11120.0,358
2023-05-10 09:35:44,MO2312-P-6000,MO2312-P-6000,111.2,0.0,0.0,0.0,1,105.6,109.6,6,107.4,111.2,111.2,111.2,1.0,11120.0,358
2023-05-10 09:35:45,MO2312-P-6000,MO2312-P-6000,111.2,0.0,0.0,0.0,1,105.6,109.8,6,107.4,111.2,111.2,111.2,1.0,11120.0,358
2023-05-10 09:35:47,MO2312-P-6000,MO2312-P-6000,111.2,0.0,0.0,0.0,2,105.2,109.2,1,107.4,111.2,111.2,111.2,1.0,11120.0,358
2023-05-10 09:35:48,MO2312-P-6000,MO2312-P-6000,111.2,0.0,0.0,0.0,2,105.2,109.0,6,107.4,111.2,111.2,111.2,1.0,11120.0,358
2023-05-10 09:35:48,MO2312-P-6000,MO2312-P-6000,111.2,0.0,0.0,0.0,14,105.0,109.0,6,107.4,111.2,111.2,111.2,1.0,11120.0,358
2023-05-10 09:35:49,MO2312-P-6000,MO2312-P-6000,111.2,0.0,0.0,0.0,8,105.0,109.0,6,107.4,111.2,111.2,111.2,1.0,11120.0,358
2023-05-10 09:35:49,MO2312-P-6000,MO2312-P-6000,111.2,0.0,0.0,0.0,2,105.0,109.0,6,107.4,111.2,111.2,111.2,1.0,11120.0,358
2023-05-10 09:35:50,MO2312-P-6000,MO2312-P-6000,111.2,0.0,0.0,0.0,8,105.0,109.0,6,107.4,111.2,111.2,111.2,1.0,11120.0,358
2023-05-10 09:35:56,MO2312-P-6000,MO2312-P-6000,111.2,0.0,0.0,0.0,14,105.0,109.0,6,107.4,111.2,111.2,111.2,1.0,11120.0,358
2023-05-10 09:35:57,MO2312-P-6000,MO2312-P-6000,111.2,0.0,0.0,0.0,8,105.0,109.2,6,107.4,111.2,111.2,111.2,1.0,11120.0,358
2023-05-10 09:35:58,MO2312-P-6000,MO2312-P-6000,111.2,0.0,0.0,0.0,8,105.0,109.4,6,107.4,111.2,111.2,111.2,1.0,11120.0,358
2023-05-10 09:36:07,MO2312-P-6000,MO2312-P-6000,111.2,0.0,0.0,0.0,2,105.0,109.4,6,107.4,111.2,111.2,111.2,1.0,11120.0,358
2023-05-10 09:36:08,MO2312-P-6000,MO2312-P-6000,111.2,0.0,0.0,0.0,14,104.8,109.4,6,107.4,111.2,111.2,111.2,1.0,11120.0,358
2023-05-10 09:36:08,MO2312-P-6000,MO2312-P-6000,111.2,0.0,0.0,0.0,14,104.8,109.0,1,107.4,111.2,111.2,111.2,1.0,11120.0,358
2023-05-10 09:36:09,MO2312-P-6000,MO2312-P-6000,111.2,0.0,0.0,0.0,14,104.8,108.8,6,107.4,111.2,111.2,111.2,1.0,11120.0,358
2023-05-10 09:36:12,MO2312-P-6000,MO2312-P-6000,111.2,0.0,0.0,0.0,14,104.8,108.4,1,107.4,111.2,111.2,111.2,1.0,11120.0,358
2023-05-10 09:36:12,MO2312-P-6000,MO2312-P-6000,111.2,0.0,0.0,0.0,14,104.8,108.2,6,107.4,111.2,111.2,111.2,1.0,11120.0,358
2023-05-10 09:36:13,MO2312-P-6000,MO2312-P-6000,111.2,0.0,0.0,0.0,6,105.0,108.4,1,107.4,111.2,111.2,111.2,1.0,11120.0,358
2023-05-10 09:36:13,MO2312-P-6000,MO2312-P-6000,111.2,0.0,0.0,0.0,8,105.0,108.4,1,107.4,111.2,111.2,111.2,1.0,11120.0,358
2023-05-10 09:36:14,MO2312-P-6000,MO2312-P-6000,111.2,0.0,0.0,0.0,6,105.2,108.4,7,107.4,111.2,111.2,111.2,1.0,11120.0,358
2023-05-10 09:36:16,MO2312-P-6000,MO2312-P-6000,111.2,0.0,0.0,0.0,14,104.8,108.2,6,107.4,111.2,111.2,111.2,1.0,11120.0,358
2023-05-10 09:36:17,MO2312-P-6000,MO2312-P-6000,111.2,0.0,0.0,0.0,12,104.8,109.4,6,107.4,111.2,111.2,111.2,1.0,11120.0,358
2023-05-10 09:36:18,MO2312-P-6000,MO2312-P-6000,111.2,0.0,0.0,0.0,6,104.8,109.4,1,107.4,111.2,111.2,111.2,1.0,11120.0,358
2023-05-10 09:36:18,MO2312-P-6000,MO2312-P-6000,111.2,0.0,0.0,0.0,6,104.8,109.2,6,107.4,111.2,111.2,111.2,1.0,11120.0,358
2023-05-10 09:36:19,MO2312-P-6000,MO2312-P-6000,111.2,0.0,0.0,0.0,8,104.8,109.2,6,107.4,111.2,111.2,111.2,1.0,11120.0,358
2023-05-10 09:36:21,MO2312-P-6000,MO2312-P-6000,111.2,0.0,0.0,0.0,6,104.8,109.2,6,107.4,111.2,111.2,111.2,1.0,11120.0,358
2023-05-10 09:36:22,MO2312-P-6000,MO2312-P-6000,111.2,0.0,0.0,0.0,6,104.8,108.0,1,107.4,111.2,111.2,111.2,1.0,11120.0,358
2023-05-10 09:36:23,MO2312-P-6000,MO2312-P-6000,111.2,0.0,0.0,0.0,6,104.6,107.8,6,107.4,111.2,111.2,111.2,1.0,11120.0,358
2023-05-10 09:36:23,MO2312-P-6000,MO2312-P-6000,111.2,0.0,0.0,0.0,14,104.4,107.8,6,107.4,111.2,111.2,111.2,1.0,11120.0,358
2023-05-10 09:36:24,MO2312-P-6000,MO2312-P-6000,111.2,0.0,0.0,0.0,6,104.4,107.8,6,107.4,111.2,111.2,111.2,1.0,11120.0,358
2023-05-10 09:36:24,MO2312-P-6000,MO2312-P-6000,111.2,0.0,0.0,0.0,2,104.2,107.8,6,107.4,111.2,111.2,111.2,1.0,11120.0,358
2023-05-10 09:36:27,MO2312-P-6000,MO2312-P-6000,111.2,0.0,0.0,0.0,2,104.2,107.2,1,107.4,111.2,111.2,111.2,1.0,11120.0,358
2023-05-10 09:36:27,MO2312-P-6000,MO2312-P-6000,111.2,0.0,0.0,0.0,8,104.2,107.2,7,107.4,111.2,111.2,111.2,1.0,11120.0,358
2023-05-10 09:36:28,MO2312-P-6000,MO2312-P-6000,111.2,0.0,0.0,0.0,6,104.2,107.2,7,107.4,111.2,111.2,111.2,1.0,11120.0,358
2023-05-10 09:36:28,MO2312-P-6000,MO2312-P-6000,111.2,0.0,0.0,0.0,6,104.2,107.2,1,107.4,111.2,111.2,111.2,1.0,11120.0,358
2023-05-10 09:36:29,MO2312-P-6000,MO2312-P-6000,111.2,0.0,0.0,0.0,12,103.8,107.0,6,107.4,111.2,111.2,111.2,1.0,11120.0,358
2023-05-10 09:36:30,MO2312-P-6000,MO2312-P-6000,111.2,0.0,0.0,0.0,6,103.8,107.0,6,107.4,111.2,111.2,111.2,1.0,11120.0,358
2023-05-10 09:36:30,MO2312-P-6000,MO2312-P-6000,111.2,0.0,0.0,0.0,8,103.8,107.0,6,107.4,111.2,111.2,111.2,1.0,11120.0,358
2023-05-10 09:36:32,MO2312-P-6000,MO2312-P-6000,111.2,0.0,0.0,0.0,6,104.0,107.2,6,107.4,111.2,111.2,111.2,1.0,11120.0,358
2023-05-10 09:36:32,MO2312-P-6000,MO2312-P-6000,111.2,0.0,0.0,0.0,14,103.8,107.4,6,107.4,111.2,111.2,111.2,1.0,11120.0,358
2023-05-10 09:36:33,MO2312-P-6000,MO2312-P-6000,111.2,0.0,0.0,0.0,8,103.8,107.8,6,107.4,111.2,111.2,111.2,1.0,11120.0,358
2023-05-10 09:36:34,MO2312-P-6000,MO2312-P-6000,111.2,0.0,0.0,0.0,8,103.8,108.0,6,107.4,111.2,111.2,111.2,1.0,11120.0,358
2023-05-10 09:36:36,MO2312-P-6000,MO2312-P-6000,111.2,0.0,0.0,0.0,6,104.0,108.0,6,107.4,111.2,111.2,111.2,1.0,11120.0,358
2023-05-10 09:36:36,MO2312-P-6000,MO2312-P-6000,111.2,0.0,0.0,0.0,8,104.0,108.0,6,107.4,111.2,111.2,111.2,1.0,11120.0,358
2023-05-10 09:36:46,MO2312-P-6000,MO2312-P-6000,111.2,0.0,0.0,0.0,2,104.0,108.0,6,107.4,111.2,111.2,111.2,1.0,11120.0,358
2023-05-10 09:36:52,MO2312-P-6000,MO2312-P-6000,111.2,0.0,0.0,0.0,8,103.8,107.6,1,107.4,111.2,111.2,111.2,1.0,11120.0,358
2023-05-10 09:36:52,MO2312-P-6000,MO2312-P-6000,111.2,0.0,0.0,0.0,14,103.8,107.4,6,107.4,111.2,111.2,111.2,1.0,11120.0,358
2023-05-10 09:36:54,MO2312-P-6000,MO2312-P-6000,111.2,0.0,0.0,0.0,6,103.8,107.4,6,107.4,111.2,111.2,111.2,1.0,11120.0,358
2023-05-10 09:36:55,MO2312-P-6000,MO2312-P-6000,111.2,0.0,0.0,0.0,6,103.8,107.0,1,107.4,111.2,111.2,111.2,1.0,11120.0,358
2023-05-10 09:36:55,MO2312-P-6000,MO2312-P-6000,111.2,0.0,0.0,0.0,6,103.8,106.8,6,107.4,111.2,111.2,111.2,1.0,11120.0,358
2023-05-10 09:37:01,MO2312-P-6000,MO2312-P-6000,111.2,0.0,0.0,0.0,6,104.0,107.2,6,107.4,111.2,111.2,111.2,1.0,11120.0,358
2023-05-10 09:37:01,MO2312-P-6000,MO2312-P-6000,111.2,0.0,0.0,0.0,8,103.8,107.8,7,107.4,111.2,111.2,111.2,1.0,11120.0,358
2023-05-10 09:37:02,MO2312-P-6000,MO2312-P-6000,111.2,0.0,0.0,0.0,8,103.8,107.6,6,107.4,111.2,111.2,111.2,1.0,11120.0,358
2023-05-10 09:37:06,MO2312-P-6000,MO2312-P-6000,111.2,0.0,0.0,0.0,6,104.0,107.8,1,107.4,111.2,111.2,111.2,1.0,11120.0,358
2023-05-10 09:37:06,MO2312-P-6000,MO2312-P-6000,111.2,0.0,0.0,0.0,2,104.2,107.8,1,107.4,111.2,111.2,111.2,1.0,11120.0,358
2023-05-10 09:37:07,MO2312-P-6000,MO2312-P-6000,111.2,0.0,0.0,0.0,6,104.4,107.6,6,107.4,111.2,111.2,111.2,1.0,11120.0,358
2023-05-10 09:37:08,MO2312-P-6000,MO2312-P-6000,111.2,0.0,0.0,0.0,6,104.4,107.2,1,107.4,111.2,111.2,111.2,1.0,11120.0,358
2023-05-10 09:37:08,MO2312-P-6000,MO2312-P-6000,111.2,0.0,0.0,0.0,6,104.0,107.2,1,107.4,111.2,111.2,111.2,1.0,11120.0,358
2023-05-10 09:37:09,MO2312-P-6000,MO2312-P-6000,111.2,0.0,0.0,0.0,6,104.0,107.2,7,107.4,111.2,111.2,111.2,1.0,11120.0,358
2023-05-10 09:37:10,MO2312-P-6000,MO2312-P-6000,111.2,0.0,0.0,0.0,6,104.0,106.6,1,107.4,111.2,111.2,111.2,1.0,11120.0,358
2023-05-10 09:37:11,MO2312-P-6000,MO2312-P-6000,111.2,0.0,0.0,0.0,12,103.8,106.6,1,107.4,111.2,111.2,111.2,1.0,11120.0,358
2023-05-10 09:37:12,MO2312-P-6000,MO2312-P-6000,111.2,0.0,0.0,0.0,12,103.8,106.8,6,107.4,111.2,111.2,111.2,1.0,11120.0,358
2023-05-10 09:37:13,MO2312-P-6000,MO2312-P-6000,111.2,0.0,0.0,0.0,6,103.8,107.0,6,107.4,111.2,111.2,111.2,1.0,11120.0,358
2023-05-10 09:37:14,MO2312-P-6000,MO2312-P-6000,111.2,0.0,0.0,0.0,6,103.8,107.2,6,107.4,111.2,111.2,111.2,1.0,11120.0,358
2023-05-10 09:37:15,MO2312-P-6000,MO2312-P-6000,111.2,0.0,0.0,0.0,6,103.8,107.4,6,107.4,111.2,111.2,111.2,1.0,11120.0,358
2023-05-10 09:37:16,MO2312-P-6000,MO2312-P-6000,111.2,0.0,0.0,0.0,6,103.8,107.6,6,107.4,111.2,111.2,111.2,1.0,11120.0,358
2023-05-10 09:37:17,MO2312-P-6000,MO2312-P-6000,111.2,0.0,0.0,0.0,2,104.0,107.6,6,107.4,111.2,111.2,111.2,1.0,11120.0,358
2023-05-10 09:37:18,MO2312-P-6000,MO2312-P-6000,111.2,0.0,0.0,0.0,2,104.0,107.4,1,107.4,111.2,111.2,111.2,1.0,11120.0,358
2023-05-10 09:37:18,MO2312-P-6000,MO2312-P-6000,111.2,0.0,0.0,0.0,6,104.2,107.2,6,107.4,111.2,111.2,111.2,1.0,11120.0,358
2023-05-10 09:37:20,MO2312-P-6000,MO2312-P-6000,111.2,0.0,0.0,0.0,6,104.0,107.4,7,107.4,111.2,111.2,111.2,1.0,11120.0,358
2023-05-10 09:37:22,MO2312-P-6000,MO2312-P-6000,111.2,0.0,0.0,0.0,6,104.0,107.4,6,107.4,111.2,111.2,111.2,1.0,11120.0,358
2023-05-10 09:37:22,MO2312-P-6000,MO2312-P-6000,111.2,0.0,0.0,0.0,14,103.8,107.6,6,107.4,111.2,111.2,111.2,1.0,11120.0,358
2023-05-10 09:37:23,MO2312-P-6000,MO2312-P-6000,111.2,0.0,0.0,0.0,8,103.8,107.8,6,107.4,111.2,111.2,111.2,1.0,11120.0,358
2023-05-10 09:37:23,MO2312-P-6000,MO2312-P-6000,111.2,0.0,0.0,0.0,6,104.0,108.2,36,107.4,111.2,111.2,111.2,1.0,11120.0,358
2023-05-10 09:37:24,MO2312-P-6000,MO2312-P-6000,111.2,0.0,0.0,0.0,2,104.2,108.2,18,107.4,111.2,111.2,111.2,1.0,11120.0,358
2023-05-10 09:37:24,MO2312-P-6000,MO2312-P-6000,111.2,0.0,0.0,0.0,8,104.2,108.0,6,107.4,111.2,111.2,111.2,1.0,11120.0,358
2023-05-10 09:37:25,MO2312-P-6000,MO2312-P-6000,111.2,0.0,0.0,0.0,6,104.2,108.0,6,107.4,111.2,111.2,111.2,1.0,11120.0,358
2023-05-10 09:37:25,MO2312-P-6000,MO2312-P-6000,111.2,0.0,0.0,0.0,8,104.0,108.2,6,107.4,111.2,111.2,111.2,1.0,11120.0,358
2023-05-10 09:37:46,MO2312-P-6000,MO2312-P-6000,111.2,0.0,0.0,0.0,8,104.0,107.8,1,107.4,111.2,111.2,111.2,1.0,11120.0,358
2023-05-10 09:37:46,MO2312-P-6000,MO2312-P-6000,111.2,0.0,0.0,0.0,6,104.2,107.8,1,107.4,111.2,111.2,111.2,1.0,11120.0,358
2023-05-10 09:37:47,MO2312-P-6000,MO2312-P-6000,111.2,0.0,0.0,0.0,6,104.2,108.0,6,107.4,111.2,111.2,111.2,1.0,11120.0,358
2023-05-10 09:37:48,MO2312-P-6000,MO2312-P-6000,111.2,0.0,0.0,0.0,8,104.0,108.2,6,107.4,111.2,111.2,111.2,1.0,11120.0,358
2023-05-10 09:37:48,MO2312-P-6000,MO2312-P-6000,111.2,0.0,0.0,0.0,2,104.0,108.4,6,107.4,111.2,111.2,111.2,1.0,11120.0,358
2023-05-10 09:37:52,MO2312-P-6000,MO2312-P-6000,111.2,0.0,0.0,0.0,6,104.2,108.6,31,107.4,111.2,111.2,111.2,1.0,11120.0,358
2023-05-10 09:37:52,MO2312-P-6000,MO2312-P-6000,111.2,0.0,0.0,0.0,2,104.4,108.6,25,107.4,111.2,111.2,111.2,1.0,11120.0,358
2023-05-10 09:37:53,MO2312-P-6000,MO2312-P-6000,111.2,0.0,0.0,0.0,8,104.4,108.4,6,107.4,111.2,111.2,111.2,1.0,11120.0,358
2023-05-10 09:37:54,MO2312-P-6000,MO2312-P-6000,111.2,0.0,0.0,0.0,6,104.4,108.4,6,107.4,111.2,111.2,111.2,1.0,11120.0,358
2023-05-10 09:37:57,MO2312-P-6000,MO2312-P-6000,111.2,0.0,0.0,0.0,2,104.2,108.4,6,107.4,111.2,111.2,111.2,1.0,11120.0,358
2023-05-10 09:37:58,MO2312-P-6000,MO2312-P-6000,111.2,0.0,0.0,0.0,14,104.0,108.4,6,107.4,111.2,111.2,111.2,1.0,11120.0,358
2023-05-10 09:37:59,MO2312-P-6000,MO2312-P-6000,111.2,0.0,0.0,0.0,8,104.0,108.4,6,107.4,111.2,111.2,111.2,1.0,11120.0,358
2023-05-10 09:37:59,MO2312-P-6000,MO2312-P-6000,111.2,0.0,0.0,0.0,2,104.0,108.4,6,107.4,111.2,111.2,111.2,1.0,11120.0,358
2023-05-10 09:38:03,MO2312-P-6000,MO2312-P-6000,111.2,0.0,0.0,0.0,8,104.0,108.4,6,107.4,111.2,111.2,111.2,1.0,11120.0,358
2023-05-10 09:38:07,MO2312-P-6000,MO2312-P-6000,111.2,0.0,0.0,0.0,8,104.0,108.0,1,107.4,111.2,111.2,111.2,1.0,11120.0,358
2023-05-10 09:38:08,MO2312-P-6000,MO2312-P-6000,111.2,0.0,0.0,0.0,6,104.2,108.0,1,107.4,111.2,111.2,111.2,1.0,11120.0,358
2023-05-10 09:38:08,MO2312-P-6000,MO2312-P-6000,111.2,0.0,0.0,0.0,2,104.4,108.0,1,107.4,111.2,111.2,111.2,1.0,11120.0,358
2023-05-10 09:38:09,MO2312-P-6000,MO2312-P-6000,111.2,0.0,0.0,0.0,6,104.6,107.8,6,107.4,111.2,111.2,111.2,1.0,11120.0,358
2023-05-10 09:38:09,MO2312-P-6000,MO2312-P-6000,111.2,0.0,0.0,0.0,6,104.4,108.0,7,107.4,111.2,111.2,111.2,1.0,11120.0,358
2023-05-10 09:38:10,MO2312-P-6000,MO2312-P-6000,111.2,0.0,0.0,0.0,8,104.4,108.0,7,107.4,111.2,111.2,111.2,1.0,11120.0,358
2023-05-10 09:38:11,MO2312-P-6000,MO2312-P-6000,111.2,0.0,0.0,0.0,6,104.6,107.8,6,107.4,111.2,111.2,111.2,1.0,11120.0,358
2023-05-10 09:38:11,MO2312-P-6000,MO2312-P-6000,111.2,0.0,0.0,0.0,6,104.4,108.0,7,107.4,111.2,111.2,111.2,1.0,11120.0,358
2023-05-10 09:38:12,MO2312-P-6000,MO2312-P-6000,111.2,0.0,0.0,0.0,2,104.0,107.8,6,107.4,111.2,111.2,111.2,1.0,11120.0,358
2023-05-10 09:38:12,MO2312-P-6000,MO2312-P-6000,111.2,0.0,0.0,0.0,20,103.8,107.8,6,107.4,111.2,111.2,111.2,1.0,11120.0,358
2023-05-10 09:38:14,MO2312-P-6000,MO2312-P-6000,111.2,0.0,0.0,0.0,14,103.8,108.2,6,107.4,111.2,111.2,111.2,1.0,11120.0,358
2023-05-10 09:38:19,MO2312-P-6000,MO2312-P-6000,111.2,0.0,0.0,0.0,20,103.8,108.2,6,107.4,111.2,111.2,111.2,1.0,11120.0,358
2023-05-10 09:38:22,MO2312-P-6000,MO2312-P-6000,111.2,0.0,0.0,0.0,14,103.8,108.2,6,107.4,111.2,111.2,111.2,1.0,11120.0,358
2023-05-10 09:38:26,MO2312-P-6000,MO2312-P-6000,111.2,0.0,0.0,0.0,12,103.8,107.8,1,107.4,111.2,111.2,111.2,1.0,11120.0,358
2023-05-10 09:38:27,MO2312-P-6000,MO2312-P-6000,111.2,0.0,0.0,0.0,6,103.8,107.6,6,107.4,111.2,111.2,111.2,1.0,11120.0,358
2023-05-10 09:38:32,MO2312-P-6000,MO2312-P-6000,111.2,0.0,0.0,0.0,8,103.8,107.0,1,107.4,111.2,111.2,111.2,1.0,11120.0,358
2023-05-10 09:38:32,MO2312-P-6000,MO2312-P-6000,111.2,0.0,0.0,0.0,14,103.8,106.8,6,107.4,111.2,111.2,111.2,1.0,11120.0,358
2023-05-10 09:38:33,MO2312-P-6000,MO2312-P-6000,111.2,0.0,0.0,0.0,12,103.8,106.8,6,107.4,111.2,111.2,111.2,1.0,11120.0,358
2023-05-10 09:38:37,MO2312-P-6000,MO2312-P-6000,111.2,0.0,0.0,0.0,6,103.8,108.4,6,107.4,111.2,111.2,111.2,1.0,11120.0,358
2023-05-10 09:38:38,MO2312-P-6000,MO2312-P-6000,111.2,0.0,0.0,0.0,6,103.8,108.4,7,107.4,111.2,111.2,111.2,1.0,11120.0,358
2023-05-10 09:38:38,MO2312-P-6000,MO2312-P-6000,111.2,0.0,0.0,0.0,6,103.8,108.2,6,107.4,111.2,111.2,111.2,1.0,11120.0,358
2023-05-10 09:38:42,MO2312-P-6000,MO2312-P-6000,111.2,0.0,0.0,0.0,6,103.8,107.8,1,107.4,111.2,111.2,111.2,1.0,11120.0,358
2023-05-10 09:38:42,MO2312-P-6000,MO2312-P-6000,111.2,0.0,0.0,0.0,14,103.8,107.6,6,107.4,111.2,111.2,111.2,1.0,11120.0,358
2023-05-10 09:38:48,MO2312-P-6000,MO2312-P-6000,111.2,0.0,0.0,0.0,12,103.8,107.6,6,107.4,111.2,111.2,111.2,1.0,11120.0,358
2023-05-10 09:38:49,MO2312-P-6000,MO2312-P-6000,111.2,0.0,0.0,0.0,6,103.8,107.6,6,107.4,111.2,111.2,111.2,1.0,11120.0,358
2023-05-10 09:38:58,MO2312-P-6000,MO2312-P-6000,111.2,0.0,0.0,0.0,6,103.8,108.4,6,107.4,111.2,111.2,111.2,1.0,11120.0,358
2023-05-10 09:38:59,MO2312-P-6000,MO2312-P-6000,111.2,0.0,0.0,0.0,8,103.8,108.4,6,107.4,111.2,111.2,111.2,1.0,11120.0,358
2023-05-10 09:39:02,MO2312-P-6000,MO2312-P-6000,111.2,0.0,0.0,0.0,8,103.8,107.0,1,107.4,111.2,111.2,111.2,1.0,11120.0,358
2023-05-10 09:39:02,MO2312-P-6000,MO2312-P-6000,111.2,0.0,0.0,0.0,14,103.8,106.8,6,107.4,111.2,111.2,111.2,1.0,11120.0,358
2023-05-10 09:39:04,MO2312-P-6000,MO2312-P-6000,111.2,0.0,0.0,0.0,12,103.8,106.8,6,107.4,111.2,111.2,111.2,1.0,11120.0,358
2023-05-10 09:39:05,MO2312-P-6000,MO2312-P-6000,111.2,0.0,0.0,0.0,6,104.0,107.0,1,107.4,111.2,111.2,111.2,1.0,11120.0,358
2023-05-10 09:39:07,MO2312-P-6000,MO2312-P-6000,111.2,0.0,0.0,0.0,8,104.0,107.8,6,107.4,111.2,111.2,111.2,1.0,11120.0,358
2023-05-10 09:39:07,MO2312-P-6000,MO2312-P-6000,111.2,0.0,0.0,0.0,8,104.0,108.4,6,107.4,111.2,111.2,111.2,1.0,11120.0,358
2023-05-10 09:39:09,MO2312-P-6000,MO2312-P-6000,111.2,0.0,0.0,0.0,2,104.0,108.4,6,107.4,111.2,111.2,111.2,1.0,11120.0,358
2023-05-10 09:39:12,MO2312-P-6000,MO2312-P-6000,111.2,0.0,0.0,0.0,2,104.0,107.8,1,107.4,111.2,111.2,111.2,1.0,11120.0,358
2023-05-10 09:39:12,MO2312-P-6000,MO2312-P-6000,111.2,0.0,0.0,0.0,6,104.2,107.8,7,107.4,111.2,111.2,111.2,1.0,11120.0,358
2023-05-10 09:39:13,MO2312-P-6000,MO2312-P-6000,111.2,0.0,0.0,0.0,6,104.0,107.8,1,107.4,111.2,111.2,111.2,1.0,11120.0,358
2023-05-10 09:39:15,MO2312-P-6000,MO2312-P-6000,111.2,0.0,0.0,0.0,8,103.8,107.6,6,107.4,111.2,111.2,111.2,1.0,11120.0,358
2023-05-10 09:39:17,MO2312-P-6000,MO2312-P-6000,111.2,0.0,0.0,0.0,6,104.0,107.8,1,107.4,111.2,111.2,111.2,1.0,11120.0,358
2023-05-10 09:39:17,MO2312-P-6000,MO2312-P-6000,111.2,0.0,0.0,0.0,8,104.0,107.8,1,107.4,111.2,111.2,111.2,1.0,11120.0,358
2023-05-10 09:39:18,MO2312-P-6000,MO2312-P-6000,111.2,0.0,0.0,0.0,6,104.2,107.8,7,107.4,111.2,111.2,111.2,1.0,11120.0,358
2023-05-10 09:39:19,MO2312-P-6000,MO2312-P-6000,111.2,0.0,0.0,0.0,6,103.8,107.6,6,107.4,111.2,111.2,111.2,1.0,11120.0,358
2023-05-10 09:39:20,MO2312-P-6000,MO2312-P-6000,111.2,0.0,0.0,0.0,8,103.8,107.6,6,107.4,111.2,111.2,111.2,1.0,11120.0,358
2023-05-10 09:39:21,MO2312-P-6000,MO2312-P-6000,111.2,0.0,0.0,0.0,6,104.0,107.8,1,107.4,111.2,111.2,111.2,1.0,11120.0,358
2023-05-10 09:39:21,MO2312-P-6000,MO2312-P-6000,111.2,0.0,0.0,0.0,8,104.0,107.8,1,107.4,111.2,111.2,111.2,1.0,11120.0,358
2023-05-10 09:39:22,MO2312-P-6000,MO2312-P-6000,111.2,0.0,0.0,0.0,2,104.0,107.6,6,107.4,111.2,111.2,111.2,1.0,11120.0,358
2023-05-10 09:39:23,MO2312-P-6000,MO2312-P-6000,111.2,0.0,0.0,0.0,14,103.8,107.6,6,107.4,111.2,111.2,111.2,1.0,11120.0,358
2023-05-10 09:39:23,MO2312-P-6000,MO2312-P-6000,111.2,0.0,0.0,0.0,6,103.8,107.2,1,107.4,111.2,111.2,111.2,1.0,11120.0,358
2023-05-10 09:39:24,MO2312-P-6000,MO2312-P-6000,111.2,0.0,0.0,0.0,12,103.8,107.0,6,107.4,111.2,111.2,111.2,1.0,11120.0,358
2023-05-10 09:39:25,MO2312-P-6000,MO2312-P-6000,111.2,0.0,0.0,0.0,6,103.8,107.0,6,107.4,111.2,111.2,111.2,1.0,11120.0,358
2023-05-10 09:39:30,MO2312-P-6000,MO2312-P-6000,111.2,0.0,0.0,0.0,6,103.8,106.6,1,107.4,111.2,111.2,111.2,1.0,11120.0,358
2023-05-10 09:39:30,MO2312-P-6000,MO2312-P-6000,111.2,0.0,0.0,0.0,6,103.8,106.4,6,107.4,111.2,111.2,111.2,1.0,11120.0,358
2023-05-10 09:39:33,MO2312-P-6000,MO2312-P-6000,111.2,0.0,0.0,0.0,6,103.8,106.6,7,107.4,111.2,111.2,111.2,1.0,11120.0,358
2023-05-10 09:39:35,MO2312-P-6000,MO2312-P-6000,111.2,0.0,0.0,0.0,6,103.8,106.6,6,107.4,111.2,111.2,111.2,1.0,11120.0,358
2023-05-10 09:39:35,MO2312-P-6000,MO2312-P-6000,111.2,0.0,0.0,0.0,6,103.8,107.6,6,107.4,111.2,111.2,111.2,1.0,11120.0,358
2023-05-10 09:39:36,MO2312-P-6000,MO2312-P-6000,111.2,0.0,0.0,0.0,6,103.8,107.4,1,107.4,111.2,111.2,111.2,1.0,11120.0,358
2023-05-10 09:39:36,MO2312-P-6000,MO2312-P-6000,111.2,0.0,0.0,0.0,6,103.8,107.2,6,107.4,111.2,111.2,111.2,1.0,11120.0,358
2023-05-10 09:39:58,MO2312-P-6000,MO2312-P-6000,111.2,0.0,0.0,0.0,6,104.0,107.2,6,107.4,111.2,111.2,111.2,1.0,11120.0,358
2023-05-10 09:40:01,MO2312-P-6000,MO2312-P-6000,111.2,0.0,0.0,0.0,6,103.8,107.2,6,107.4,111.2,111.2,111.2,1.0,11120.0,358
2023-05-10 09:40:04,MO2312-P-6000,MO2312-P-6000,111.2,0.0,0.0,0.0,6,104.0,107.2,6,107.4,111.2,111.2,111.2,1.0,11120.0,358
2023-05-10 09:40:05,MO2312-P-6000,MO2312-P-6000,111.2,0.0,0.0,0.0,12,103.8,107.4,6,107.4,111.2,111.2,111.2,1.0,11120.0,358
2023-05-10 09:40:05,MO2312-P-6000,MO2312-P-6000,111.2,0.0,0.0,0.0,8,103.8,107.6,6,107.4,111.2,111.2,111.2,1.0,11120.0,358
2023-05-10 09:40:06,MO2312-P-6000,MO2312-P-6000,111.2,0.0,0.0,0.0,6,104.0,108.0,54,107.4,111.2,111.2,111.2,1.0,11120.0,358
2023-05-10 09:40:06,MO2312-P-6000,MO2312-P-6000,111.2,0.0,0.0,0.0,6,104.0,108.0,18,107.4,111.2,111.2,111.2,1.0,11120.0,358
2023-05-10 09:40:07,MO2312-P-6000,MO2312-P-6000,111.2,0.0,0.0,0.0,6,104.0,108.0,12,107.4,111.2,111.2,111.2,1.0,11120.0,358
2023-05-10 09:40:07,MO2312-P-6000,MO2312-P-6000,111.2,0.0,0.0,0.0,14,103.8,107.8,6,107.4,111.2,111.2,111.2,1.0,11120.0,358
2023-05-10 09:40:08,MO2312-P-6000,MO2312-P-6000,111.2,0.0,0.0,0.0,14,103.8,108.0,6,107.4,111.2,111.2,111.2,1.0,11120.0,358
2023-05-10 09:40:10,MO2312-P-6000,MO2312-P-6000,111.2,0.0,0.0,0.0,12,103.8,108.0,6,107.4,111.2,111.2,111.2,1.0,11120.0,358
2023-05-10 09:40:11,MO2312-P-6000,MO2312-P-6000,111.2,0.0,0.0,0.0,6,103.8,108.0,6,107.4,111.2,111.2,111.2,1.0,11120.0,358
2023-05-10 09:40:12,MO2312-P-6000,MO2312-P-6000,111.2,0.0,0.0,0.0,8,103.8,108.0,6,107.4,111.2,111.2,111.2,1.0,11120.0,358
2023-05-10 09:40:13,MO2312-P-6000,MO2312-P-6000,111.2,0.0,0.0,0.0,6,103.8,108.0,6,107.4,111.2,111.2,111.2,1.0,11120.0,358
2023-05-10 09:40:14,MO2312-P-6000,MO2312-P-6000,111.2,0.0,0.0,0.0,6,103.8,107.6,1,107.4,111.2,111.2,111.2,1.0,11120.0,358
2023-05-10 09:40:15,MO2312-P-6000,MO2312-P-6000,111.2,0.0,0.0,0.0,12,103.8,107.4,6,107.4,111.2,111.2,111.2,1.0,11120.0,358
2023-05-10 09:40:17,MO2312-P-6000,MO2312-P-6000,111.2,0.0,0.0,0.0,6,104.0,107.6,1,107.4,111.2,111.2,111.2,1.0,11120.0,358
2023-05-10 09:40:27,MO2312-P-6000,MO2312-P-6000,111.2,0.0,0.0,0.0,14,103.8,107.4,6,107.4,111.2,111.2,111.2,1.0,11120.0,358
2023-05-10 09:40:28,MO2312-P-6000,MO2312-P-6000,111.2,0.0,0.0,0.0,12,103.8,107.4,6,107.4,111.2,111.2,111.2,1.0,11120.0,358
2023-05-10 09:40:29,MO2312-P-6000,MO2312-P-6000,111.2,0.0,0.0,0.0,6,103.8,107.4,6,107.4,111.2,111.2,111.2,1.0,11120.0,358
2023-05-10 09:40:30,MO2312-P-6000,MO2312-P-6000,111.2,0.0,0.0,0.0,12,103.8,107.4,6,107.4,111.2,111.2,111.2,1.0,11120.0,358
2023-05-10 09:40:39,MO2312-P-6000,MO2312-P-6000,111.2,0.0,0.0,0.0,12,103.8,107.0,1,107.4,111.2,111.2,111.2,1.0,11120.0,358
2023-05-10 09:40:40,MO2312-P-6000,MO2312-P-6000,111.2,0.0,0.0,0.0,6,103.8,106.8,6,107.4,111.2,111.2,111.2,1.0,11120.0,358
2023-05-10 09:40:42,MO2312-P-6000,MO2312-P-6000,111.2,0.0,0.0,0.0,6,104.0,107.0,1,107.4,111.2,111.2,111.2,1.0,11120.0,358
2023-05-10 09:40:48,MO2312-P-6000,MO2312-P-6000,111.2,0.0,0.0,0.0,6,104.0,107.6,6,107.4,111.2,111.2,111.2,1.0,11120.0,358
2023-05-10 09:40:54,MO2312-P-6000,MO2312-P-6000,111.2,0.0,0.0,0.0,6,104.0,107.8,1,107.4,111.2,111.2,111.2,1.0,11120.0,358
2023-05-10 09:40:54,MO2312-P-6000,MO2312-P-6000,111.2,0.0,0.0,0.0,8,104.0,107.8,1,107.4,111.2,111.2,111.2,1.0,11120.0,358
2023-05-10 09:40:55,MO2312-P-6000,MO2312-P-6000,111.2,0.0,0.0,0.0,6,104.2,107.8,1,107.4,111.2,111.2,111.2,1.0,11120.0,358
2023-05-10 09:40:55,MO2312-P-6000,MO2312-P-6000,111.2,0.0,0.0,0.0,6,104.0,107.8,1,107.4,111.2,111.2,111.2,1.0,11120.0,358
2023-05-10 09:41:00,MO2312-P-6000,MO2312-P-6000,111.2,0.0,0.0,0.0,8,104.0,107.8,1,107.4,111.2,111.2,111.2,1.0,11120.0,358
2023-05-10 09:41:00,MO2312-P-6000,MO2312-P-6000,111.2,0.0,0.0,0.0,6,104.2,107.8,1,107.4,111.2,111.2,111.2,1.0,11120.0,358
2023-05-10 09:41:01,MO2312-P-6000,MO2312-P-6000,111.2,0.0,0.0,0.0,6,104.0,107.8,1,107.4,111.2,111.2,111.2,1.0,11120.0,358
2023-05-10 09:41:11,MO2312-P-6000,MO2312-P-6000,111.2,0.0,0.0,0.0,8,104.0,107.8,1,107.4,111.2,111.2,111.2,1.0,11120.0,358
2023-05-10 09:41:12,MO2312-P-6000,MO2312-P-6000,111.2,0.0,0.0,0.0,6,104.2,107.8,1,107.4,111.2,111.2,111.2,1.0,11120.0,358
2023-05-10 09:41:13,MO2312-P-6000,MO2312-P-6000,111.2,0.0,0.0,0.0,8,104.2,107.8,1,107.4,111.2,111.2,111.2,1.0,11120.0,358
2023-05-10 09:41:13,MO2312-P-6000,MO2312-P-6000,111.2,0.0,0.0,0.0,6,104.4,107.8,1,107.4,111.2,111.2,111.2,1.0,11120.0,358
2023-05-10 09:41:14,MO2312-P-6000,MO2312-P-6000,111.2,0.0,0.0,0.0,8,104.0,107.8,1,107.4,111.2,111.2,111.2,1.0,11120.0,358
2023-05-10 09:41:15,MO2312-P-6000,MO2312-P-6000,111.2,0.0,0.0,0.0,6,104.2,107.8,1,107.4,111.2,111.2,111.2,1.0,11120.0,358
2023-05-10 09:41:26,MO2312-P-6000,MO2312-P-6000,111.2,0.0,0.0,0.0,8,104.2,107.8,1,107.4,111.2,111.2,111.2,1.0,11120.0,358
2023-05-10 09:41:26,MO2312-P-6000,MO2312-P-6000,111.2,0.0,0.0,0.0,6,104.4,107.8,1,107.4,111.2,111.2,111.2,1.0,11120.0,358
2023-05-10 09:41:28,MO2312-P-6000,MO2312-P-6000,111.2,0.0,0.0,0.0,8,104.0,107.8,1,107.4,111.2,111.2,111.2,1.0,11120.0,358
2023-05-10 09:41:29,MO2312-P-6000,MO2312-P-6000,111.2,0.0,0.0,0.0,6,104.2,107.8,1,107.4,111.2,111.2,111.2,1.0,11120.0,358
2023-05-10 09:41:29,MO2312-P-6000,MO2312-P-6000,111.2,0.0,0.0,0.0,8,104.2,107.8,1,107.4,111.2,111.2,111.2,1.0,11120.0,358
2023-05-10 09:41:30,MO2312-P-6000,MO2312-P-6000,111.2,0.0,0.0,0.0,6,104.4,107.8,1,107.4,111.2,111.2,111.2,1.0,11120.0,358
2023-05-10 09:41:32,MO2312-P-6000,MO2312-P-6000,111.2,0.0,0.0,0.0,8,104.4,107.8,1,107.4,111.2,111.2,111.2,1.0,11120.0,358
2023-05-10 09:41:32,MO2312-P-6000,MO2312-P-6000,111.2,0.0,0.0,0.0,6,104.6,107.8,1,107.4,111.2,111.2,111.2,1.0,11120.0,358
2023-05-10 09:41:37,MO2312-P-6000,MO2312-P-6000,111.2,0.0,0.0,0.0,6,104.6,108.6,13,107.4,111.2,111.2,111.2,1.0,11120.0,358
2023-05-10 09:41:38,MO2312-P-6000,MO2312-P-6000,111.2,0.0,0.0,0.0,8,104.6,108.6,7,107.4,111.2,111.2,111.2,1.0,11120.0,358
2023-05-10 09:41:38,MO2312-P-6000,MO2312-P-6000,111.2,0.0,0.0,0.0,6,104.8,108.6,1,107.4,111.2,111.2,111.2,1.0,11120.0,358
2023-05-10 09:41:51,MO2312-P-6000,MO2312-P-6000,111.2,0.0,0.0,0.0,6,104.6,108.6,1,107.4,111.2,111.2,111.2,1.0,11120.0,358
2023-05-10 09:41:52,MO2312-P-6000,MO2312-P-6000,111.2,0.0,0.0,0.0,2,104.8,108.6,1,107.4,111.2,111.2,111.2,1.0,11120.0,358
2023-05-10 09:41:52,MO2312-P-6000,MO2312-P-6000,111.2,0.0,0.0,0.0,6,105.0,108.6,1,107.4,111.2,111.2,111.2,1.0,11120.0,358
2023-05-10 09:41:57,MO2312-P-6000,MO2312-P-6000,111.2,0.0,0.0,0.0,8,105.0,108.6,1,107.4,111.2,111.2,111.2,1.0,11120.0,358
2023-05-10 09:41:58,MO2312-P-6000,MO2312-P-6000,111.2,0.0,0.0,0.0,6,105.2,108.6,1,107.4,111.2,111.2,111.2,1.0,11120.0,358
2023-05-10 09:42:04,MO2312-P-6000,MO2312-P-6000,111.2,0.0,0.0,0.0,6,105.0,108.6,1,107.4,111.2,111.2,111.2,1.0,11120.0,358
2023-05-10 09:42:04,MO2312-P-6000,MO2312-P-6000,111.2,0.0,0.0,0.0,6,104.8,108.6,1,107.4,111.2,111.2,111.2,1.0,11120.0,358
2023-05-10 09:42:05,MO2312-P-6000,MO2312-P-6000,111.2,0.0,0.0,0.0,8,104.8,108.6,1,107.4,111.2,111.2,111.2,1.0,11120.0,358
2023-05-10 09:42:05,MO2312-P-6000,MO2312-P-6000,111.2,0.0,0.0,0.0,6,105.0,108.6,1,107.4,111.2,111.2,111.2,1.0,11120.0,358
2023-05-10 09:42:08,MO2312-P-6000,MO2312-P-6000,111.2,0.0,0.0,0.0,8,104.6,108.6,1,107.4,111.2,111.2,111.2,1.0,11120.0,358
2023-05-10 09:42:09,MO2312-P-6000,MO2312-P-6000,111.2,0.0,0.0,0.0,6,104.8,108.6,1,107.4,111.2,111.2,111.2,1.0,11120.0,358
2023-05-10 09:42:15,MO2312-P-6000,MO2312-P-6000,111.2,0.0,0.0,0.0,6,104.6,108.6,1,107.4,111.2,111.2,111.2,1.0,11120.0,358
2023-05-10 09:42:29,MO2312-P-6000,MO2312-P-6000,111.2,0.0,0.0,0.0,8,104.6,108.6,1,107.4,111.2,111.2,111.2,1.0,11120.0,358
2023-05-10 09:42:30,MO2312-P-6000,MO2312-P-6000,111.2,0.0,0.0,0.0,6,104.8,108.6,1,107.4,111.2,111.2,111.2,1.0,11120.0,358
2023-05-10 09:42:50,MO2312-P-6000,MO2312-P-6000,111.2,0.0,0.0,0.0,8,104.8,108.6,1,107.4,111.2,111.2,111.2,1.0,11120.0,358
2023-05-10 09:42:51,MO2312-P-6000,MO2312-P-6000,111.2,0.0,0.0,0.0,6,105.0,108.6,1,107.4,111.2,111.2,111.2,1.0,11120.0,358
2023-05-10 09:42:54,MO2312-P-6000,MO2312-P-6000,111.2,0.0,0.0,0.0,6,104.8,108.6,1,107.4,111.2,111.2,111.2,1.0,11120.0,358
2023-05-10 09:43:01,MO2312-P-6000,MO2312-P-6000,111.2,0.0,0.0,0.0,7,104.8,108.6,1,107.4,111.2,111.2,111.2,1.0,11120.0,358
2023-05-10 09:43:02,MO2312-P-6000,MO2312-P-6000,111.2,0.0,0.0,0.0,6,105.0,108.6,1,107.4,111.2,111.2,111.2,1.0,11120.0,358
2023-05-10 09:43:04,MO2312-P-6000,MO2312-P-6000,111.2,0.0,0.0,0.0,7,104.6,108.6,1,107.4,111.2,111.2,111.2,1.0,11120.0,358
2023-05-10 09:43:05,MO2312-P-6000,MO2312-P-6000,111.2,0.0,0.0,0.0,6,104.8,108.6,1,107.4,111.2,111.2,111.2,1.0,11120.0,358
2023-05-10 09:43:07,MO2312-P-6000,MO2312-P-6000,111.2,0.0,0.0,0.0,8,104.8,108.6,1,107.4,111.2,111.2,111.2,1.0,11120.0,358
2023-05-10 09:43:07,MO2312-P-6000,MO2312-P-6000,111.2,0.0,0.0,0.0,6,105.0,108.6,1,107.4,111.2,111.2,111.2,1.0,11120.0,358
2023-05-10 09:43:08,MO2312-P-6000,MO2312-P-6000,111.2,0.0,0.0,0.0,6,104.8,108.6,1,107.4,111.2,111.2,111.2,1.0,11120.0,358
2023-05-10 09:43:15,MO2312-P-6000,MO2312-P-6000,111.2,0.0,0.0,0.0,7,104.8,108.6,1,107.4,111.2,111.2,111.2,1.0,11120.0,358
2023-05-10 09:43:16,MO2312-P-6000,MO2312-P-6000,111.2,0.0,0.0,0.0,6,105.0,108.6,1,107.4,111.2,111.2,111.2,1.0,11120.0,358
2023-05-10 09:43:17,MO2312-P-6000,MO2312-P-6000,111.2,0.0,0.0,0.0,2,105.2,108.6,1,107.4,111.2,111.2,111.2,1.0,11120.0,358
2023-05-10 09:43:17,MO2312-P-6000,MO2312-P-6000,111.2,0.0,0.0,0.0,6,105.4,108.6,1,107.4,111.2,111.2,111.2,1.0,11120.0,358
2023-05-10 09:43:18,MO2312-P-6000,MO2312-P-6000,111.2,0.0,0.0,0.0,6,105.2,108.6,1,107.4,111.2,111.2,111.2,1.0,11120.0,358
2023-05-10 09:43:19,MO2312-P-6000,MO2312-P-6000,111.2,0.0,0.0,0.0,8,105.2,108.6,1,107.4,111.2,111.2,111.2,1.0,11120.0,358
2023-05-10 09:43:19,MO2312-P-6000,MO2312-P-6000,111.2,0.0,0.0,0.0,6,105.4,108.6,1,107.4,111.2,111.2,111.2,1.0,11120.0,358
2023-05-10 09:43:20,MO2312-P-6000,MO2312-P-6000,111.2,0.0,0.0,0.0,6,105.2,108.6,1,107.4,111.2,111.2,111.2,1.0,11120.0,358
2023-05-10 09:43:21,MO2312-P-6000,MO2312-P-6000,111.2,0.0,0.0,0.0,8,105.0,108.6,1,107.4,111.2,111.2,111.2,1.0,11120.0,358
2023-05-10 09:43:21,MO2312-P-6000,MO2312-P-6000,111.2,0.0,0.0,0.0,6,105.2,108.6,1,107.4,111.2,111.2,111.2,1.0,11120.0,358
2023-05-10 09:43:22,MO2312-P-6000,MO2312-P-6000,111.2,0.0,0.0,0.0,6,105.0,108.6,1,107.4,111.2,111.2,111.2,1.0,11120.0,358
2023-05-10 09:43:26,MO2312-P-6000,MO2312-P-6000,111.2,0.0,0.0,0.0,7,105.0,108.6,1,107.4,111.2,111.2,111.2,1.0,11120.0,358
2023-05-10 09:43:27,MO2312-P-6000,MO2312-P-6000,111.2,0.0,0.0,0.0,6,105.2,108.6,1,107.4,111.2,111.2,111.2,1.0,11120.0,358
2023-05-10 09:43:34,MO2312-P-6000,MO2312-P-6000,111.2,0.0,0.0,0.0,6,104.6,108.6,1,107.4,111.2,111.2,111.2,1.0,11120.0,358
2023-05-10 09:43:38,MO2312-P-6000,MO2312-P-6000,111.2,0.0,0.0,0.0,8,104.6,108.6,1,107.4,111.2,111.2,111.2,1.0,11120.0,358
2023-05-10 09:43:38,MO2312-P-6000,MO2312-P-6000,111.2,0.0,0.0,0.0,6,104.8,108.6,1,107.4,111.2,111.2,111.2,1.0,11120.0,358
2023-05-10 09:44:05,MO2312-P-6000,MO2312-P-6000,111.2,0.0,0.0,0.0,7,104.8,108.6,1,107.4,111.2,111.2,111.2,1.0,11120.0,358
2023-05-10 09:44:06,MO2312-P-6000,MO2312-P-6000,111.2,0.0,0.0,0.0,6,105.0,108.6,1,107.4,111.2,111.2,111.2,1.0,11120.0,358
2023-05-10 09:44:14,MO2312-P-6000,MO2312-P-6000,111.2,0.0,0.0,0.0,8,104.6,108.6,1,107.4,111.2,111.2,111.2,1.0,11120.0,358
2023-05-10 09:44:14,MO2312-P-6000,MO2312-P-6000,111.2,0.0,0.0,0.0,6,104.8,108.6,1,107.4,111.2,111.2,111.2,1.0,11120.0,358
2023-05-10 09:44:31,MO2312-P-6000,MO2312-P-6000,111.2,0.0,0.0,0.0,2,105.0,108.6,1,107.4,111.2,111.2,111.2,1.0,11120.0,358
2023-05-10 09:44:31,MO2312-P-6000,MO2312-P-6000,111.2,0.0,0.0,0.0,6,105.2,108.6,1,107.4,111.2,111.2,111.2,1.0,11120.0,358
2023-05-10 09:44:32,MO2312-P-6000,MO2312-P-6000,111.2,0.0,0.0,0.0,6,105.0,108.6,1,107.4,111.2,111.2,111.2,1.0,11120.0,358
2023-05-10 09:44:34,MO2312-P-6000,MO2312-P-6000,111.2,0.0,0.0,0.0,8,105.0,108.6,1,107.4,111.2,111.2,111.2,1.0,11120.0,358
2023-05-10 09:44:34,MO2312-P-6000,MO2312-P-6000,111.2,0.0,0.0,0.0,6,105.2,108.6,1,107.4,111.2,111.2,111.2,1.0,11120.0,358
2023-05-10 09:44:42,MO2312-P-6000,MO2312-P-6000,111.2,0.0,0.0,0.0,6,105.0,108.6,1,107.4,111.2,111.2,111.2,1.0,11120.0,358
2023-05-10 09:44:45,MO2312-P-6000,MO2312-P-6000,111.2,0.0,0.0,0.0,2,105.2,108.6,1,107.4,111.2,111.2,111.2,1.0,11120.0,358
2023-05-10 09:44:46,MO2312-P-6000,MO2312-P-6000,111.2,0.0,0.0,0.0,6,105.4,108.6,1,107.4,111.2,111.2,111.2,1.0,11120.0,358
2023-05-10 09:44:50,MO2312-P-6000,MO2312-P-6000,111.2,0.0,0.0,0.0,6,105.4,109.0,2,107.4,111.2,111.2,111.2,1.0,11120.0,358
2023-05-10 09:44:50,MO2312-P-6000,MO2312-P-6000,111.2,0.0,0.0,0.0,6,105.4,109.4,43,107.4,111.2,111.2,111.2,1.0,11120.0,358
2023-05-10 09:44:51,MO2312-P-6000,MO2312-P-6000,111.2,0.0,0.0,0.0,7,105.4,109.4,19,107.4,111.2,111.2,111.2,1.0,11120.0,358
2023-05-10 09:44:51,MO2312-P-6000,MO2312-P-6000,111.2,0.0,0.0,0.0,6,105.6,109.4,15,107.4,111.2,111.2,111.2,1.0,11120.0,358
2023-05-10 09:44:52,MO2312-P-6000,MO2312-P-6000,111.2,0.0,0.0,0.0,6,105.6,109.4,9,107.4,111.2,111.2,111.2,1.0,11120.0,358
2023-05-10 09:44:52,MO2312-P-6000,MO2312-P-6000,111.2,0.0,0.0,0.0,6,105.6,109.4,3,107.4,111.2,111.2,111.2,1.0,11120.0,358
2023-05-10 09:44:53,MO2312-P-6000,MO2312-P-6000,111.2,0.0,0.0,0.0,6,105.6,109.4,1,107.4,111.2,111.2,111.2,1.0,11120.0,358
2023-05-10 09:44:53,MO2312-P-6000,MO2312-P-6000,111.2,0.0,0.0,0.0,8,105.6,109.4,1,107.4,111.2,111.2,111.2,1.0,11120.0,358
2023-05-10 09:44:54,MO2312-P-6000,MO2312-P-6000,111.2,0.0,0.0,0.0,6,105.8,109.4,1,107.4,111.2,111.2,111.2,1.0,11120.0,358
2023-05-10 09:44:56,MO2312-P-6000,MO2312-P-6000,111.2,0.0,0.0,0.0,8,105.8,109.4,1,107.4,111.2,111.2,111.2,1.0,11120.0,358
2023-05-10 09:44:56,MO2312-P-6000,MO2312-P-6000,111.2,0.0,0.0,0.0,6,106.0,109.4,1,107.4,111.2,111.2,111.2,1.0,11120.0,358
2023-05-10 09:44:58,MO2312-P-6000,MO2312-P-6000,111.2,0.0,0.0,0.0,8,105.6,109.4,1,107.4,111.2,111.2,111.2,1.0,11120.0,358
2023-05-10 09:44:58,MO2312-P-6000,MO2312-P-6000,111.2,0.0,0.0,0.0,6,105.8,109.4,1,107.4,111.2,111.2,111.2,1.0,11120.0,358
2023-05-10 09:45:00,MO2312-P-6000,MO2312-P-6000,111.2,0.0,0.0,0.0,8,105.4,109.4,1,107.4,111.2,111.2,111.2,1.0,11120.0,358
2023-05-10 09:45:01,MO2312-P-6000,MO2312-P-6000,111.2,0.0,0.0,0.0,6,105.6,109.4,1,107.4,111.2,111.2,111.2,1.0,11120.0,358
2023-05-10 09:45:01,MO2312-P-6000,MO2312-P-6000,111.2,0.0,0.0,0.0,8,105.6,109.4,1,107.4,111.2,111.2,111.2,1.0,11120.0,358
2023-05-10 09:45:02,MO2312-P-6000,MO2312-P-6000,111.2,0.0,0.0,0.0,6,105.8,109.4,1,107.4,111.2,111.2,111.2,1.0,11120.0,358
2023-05-10 09:45:04,MO2312-P-6000,MO2312-P-6000,111.2,0.0,0.0,0.0,8,105.4,109.4,1,107.4,111.2,111.2,111.2,1.0,11120.0,358
2023-05-10 09:45:05,MO2312-P-6000,MO2312-P-6000,111.2,0.0,0.0,0.0,6,105.6,109.4,1,107.4,111.2,111.2,111.2,1.0,11120.0,358
2023-05-10 09:45:05,MO2312-P-6000,MO2312-P-6000,111.2,0.0,0.0,0.0,8,105.6,109.4,1,107.4,111.2,111.2,111.2,1.0,11120.0,358
2023-05-10 09:45:06,MO2312-P-6000,MO2312-P-6000,111.2,0.0,0.0,0.0,6,105.8,109.4,1,107.4,111.2,111.2,111.2,1.0,11120.0,358
2023-05-10 09:45:07,MO2312-P-6000,MO2312-P-6000,111.2,0.0,0.0,0.0,8,105.8,109.4,1,107.4,111.2,111.2,111.2,1.0,11120.0,358
2023-05-10 09:45:07,MO2312-P-6000,MO2312-P-6000,111.2,0.0,0.0,0.0,6,106.0,109.4,1,107.4,111.2,111.2,111.2,1.0,11120.0,358
2023-05-10 09:45:08,MO2312-P-6000,MO2312-P-6000,111.2,0.0,0.0,0.0,8,106.0,109.4,1,107.4,111.2,111.2,111.2,1.0,11120.0,358
2023-05-10 09:45:08,MO2312-P-6000,MO2312-P-6000,111.2,0.0,0.0,0.0,6,106.2,109.4,1,107.4,111.2,111.2,111.2,1.0,11120.0,358
2023-05-10 09:45:09,MO2312-P-6000,MO2312-P-6000,111.2,0.0,0.0,0.0,6,106.0,109.4,1,107.4,111.2,111.2,111.2,1.0,11120.0,358
2023-05-10 09:45:09,MO2312-P-6000,MO2312-P-6000,111.2,0.0,0.0,0.0,8,106.0,109.4,1,107.4,111.2,111.2,111.2,1.0,11120.0,358
2023-05-10 09:45:10,MO2312-P-6000,MO2312-P-6000,111.2,0.0,0.0,0.0,6,106.2,109.4,1,107.4,111.2,111.2,111.2,1.0,11120.0,358
2023-05-10 09:45:14,MO2312-P-6000,MO2312-P-6000,111.2,0.0,0.0,0.0,2,105.8,109.4,1,107.4,111.2,111.2,111.2,1.0,11120.0,358
2023-05-10 09:45:15,MO2312-P-6000,MO2312-P-6000,111.2,0.0,0.0,0.0,6,106.0,109.4,1,107.4,111.2,111.2,111.2,1.0,11120.0,358
2023-05-10 09:45:17,MO2312-P-6000,MO2312-P-6000,111.2,0.0,0.0,0.0,2,105.6,109.4,1,107.4,111.2,111.2,111.2,1.0,11120.0,358
2023-05-10 09:45:18,MO2312-P-6000,MO2312-P-6000,111.2,0.0,0.0,0.0,6,105.8,109.4,1,107.4,111.2,111.2,111.2,1.0,11120.0,358
2023-05-10 09:45:20,MO2312-P-6000,MO2312-P-6000,111.2,0.0,0.0,0.0,2,106.0,109.4,1,107.4,111.2,111.2,111.2,1.0,11120.0,358
2023-05-10 09:45:21,MO2312-P-6000,MO2312-P-6000,111.2,0.0,0.0,0.0,6,106.2,109.4,1,107.4,111.2,111.2,111.2,1.0,11120.0,358
2023-05-10 09:45:23,MO2312-P-6000,MO2312-P-6000,111.2,0.0,0.0,0.0,8,106.2,109.4,1,107.4,111.2,111.2,111.2,1.0,11120.0,358
2023-05-10 09:45:23,MO2312-P-6000,MO2312-P-6000,111.2,0.0,0.0,0.0,6,106.4,109.4,1,107.4,111.2,111.2,111.2,1.0,11120.0,358
2023-05-10 09:45:44,MO2312-P-6000,MO2312-P-6000,111.2,0.0,0.0,0.0,6,106.4,109.6,2,107.4,111.2,111.2,111.2,1.0,11120.0,358
2023-05-10 09:45:45,MO2312-P-6000,MO2312-P-6000,111.2,0.0,0.0,0.0,8,106.4,110.0,18,107.4,111.2,111.2,111.2,1.0,11120.0,358
2023-05-10 09:45:45,MO2312-P-6000,MO2312-P-6000,111.2,0.0,0.0,0.0,6,106.6,110.0,6,107.4,111.2,111.2,111.2,1.0,11120.0,358
2023-05-10 09:45:46,MO2312-P-6000,MO2312-P-6000,111.2,0.0,0.0,0.0,6,106.6,110.0,2,107.4,111.2,111.2,111.2,1.0,11120.0,358
2023-05-10 09:45:46,MO2312-P-6000,MO2312-P-6000,111.2,0.0,0.0,0.0,6,106.6,110.2,1,107.4,111.2,111.2,111.2,1.0,11120.0,358
2023-05-10 09:45:49,MO2312-P-6000,MO2312-P-6000,111.2,0.0,0.0,0.0,8,106.2,110.2,1,107.4,111.2,111.2,111.2,1.0,11120.0,358
2023-05-10 09:45:49,MO2312-P-6000,MO2312-P-6000,111.2,0.0,0.0,0.0,6,106.4,110.2,1,107.4,111.2,111.2,111.2,1.0,11120.0,358
2023-05-10 09:45:50,MO2312-P-6000,MO2312-P-6000,111.2,0.0,0.0,0.0,8,106.4,110.2,1,107.4,111.2,111.2,111.2,1.0,11120.0,358
2023-05-10 09:45:51,MO2312-P-6000,MO2312-P-6000,111.2,0.0,0.0,0.0,6,106.6,110.2,1,107.4,111.2,111.2,111.2,1.0,11120.0,358
2023-05-10 09:45:52,MO2312-P-6000,MO2312-P-6000,111.2,0.0,0.0,0.0,8,106.6,110.2,1,107.4,111.2,111.2,111.2,1.0,11120.0,358
2023-05-10 09:45:53,MO2312-P-6000,MO2312-P-6000,111.2,0.0,0.0,0.0,6,106.8,110.2,1,107.4,111.2,111.2,111.2,1.0,11120.0,358
2023-05-10 09:45:54,MO2312-P-6000,MO2312-P-6000,111.2,0.0,0.0,0.0,2,106.4,110.2,1,107.4,111.2,111.2,111.2,1.0,11120.0,358
2023-05-10 09:45:54,MO2312-P-6000,MO2312-P-6000,111.2,0.0,0.0,0.0,6,106.6,110.2,1,107.4,111.2,111.2,111.2,1.0,11120.0,358
2023-05-10 09:45:55,MO2312-P-6000,MO2312-P-6000,111.2,0.0,0.0,0.0,2,106.2,110.2,1,107.4,111.2,111.2,111.2,1.0,11120.0,358
2023-05-10 09:45:56,MO2312-P-6000,MO2312-P-6000,111.2,0.0,0.0,0.0,6,106.4,110.2,1,107.4,111.2,111.2,111.2,1.0,11120.0,358
2023-05-10 09:45:56,MO2312-P-6000,MO2312-P-6000,111.2,0.0,0.0,0.0,6,106.4,110.0,6,107.4,111.2,111.2,111.2,1.0,11120.0,358
2023-05-10 09:45:57,MO2312-P-6000,MO2312-P-6000,111.2,0.0,0.0,0.0,6,106.4,109.0,1,107.4,111.2,111.2,111.2,1.0,11120.0,358
2023-05-10 09:46:01,MO2312-P-6000,MO2312-P-6000,111.2,0.0,0.0,0.0,8,106.0,109.0,1,107.4,111.2,111.2,111.2,1.0,11120.0,358
2023-05-10 09:46:01,MO2312-P-6000,MO2312-P-6000,111.2,0.0,0.0,0.0,6,106.2,109.0,1,107.4,111.2,111.2,111.2,1.0,11120.0,358
2023-05-10 09:46:02,MO2312-P-6000,MO2312-P-6000,111.2,0.0,0.0,0.0,6,106.0,109.0,1,107.4,111.2,111.2,111.2,1.0,11120.0,358
2023-05-10 09:46:03,MO2312-P-6000,MO2312-P-6000,111.2,0.0,0.0,0.0,6,105.8,109.0,1,107.4,111.2,111.2,111.2,1.0,11120.0,358
2023-05-10 09:46:05,MO2312-P-6000,MO2312-P-6000,111.2,0.0,0.0,0.0,8,105.8,109.0,1,107.4,111.2,111.2,111.2,1.0,11120.0,358
2023-05-10 09:46:06,MO2312-P-6000,MO2312-P-6000,111.2,0.0,0.0,0.0,6,106.0,109.0,1,107.4,111.2,111.2,111.2,1.0,11120.0,358
2023-05-10 09:46:13,MO2312-P-6000,MO2312-P-6000,111.2,0.0,0.0,0.0,2,105.6,109.0,1,107.4,111.2,111.2,111.2,1.0,11120.0,358
2023-05-10 09:46:13,MO2312-P-6000,MO2312-P-6000,111.2,0.0,0.0,0.0,6,105.8,109.0,1,107.4,111.2,111.2,111.2,1.0,11120.0,358
2023-05-10 09:46:17,MO2312-P-6000,MO2312-P-6000,111.2,0.0,0.0,0.0,8,105.4,109.0,1,107.4,111.2,111.2,111.2,1.0,11120.0,358
2023-05-10 09:46:18,MO2312-P-6000,MO2312-P-6000,111.2,0.0,0.0,0.0,6,105.6,109.0,1,107.4,111.2,111.2,111.2,1.0,11120.0,358
2023-05-10 09:46:19,MO2312-P-6000,MO2312-P-6000,111.2,0.0,0.0,0.0,8,105.2,109.0,1,107.4,111.2,111.2,111.2,1.0,11120.0,358
2023-05-10 09:46:19,MO2312-P-6000,MO2312-P-6000,111.2,0.0,0.0,0.0,6,105.4,109.0,1,107.4,111.2,111.2,111.2,1.0,11120.0,358
2023-05-10 09:46:21,MO2312-P-6000,MO2312-P-6000,111.2,0.0,0.0,0.0,6,105.2,109.0,1,107.4,111.2,111.2,111.2,1.0,11120.0,358
2023-05-10 09:46:23,MO2312-P-6000,MO2312-P-6000,111.2,0.0,0.0,0.0,6,105.0,109.0,1,107.4,111.2,111.2,111.2,1.0,11120.0,358
2023-05-10 09:46:24,MO2312-P-6000,MO2312-P-6000,111.2,0.0,0.0,0.0,8,105.0,109.0,1,107.4,111.2,111.2,111.2,1.0,11120.0,358
2023-05-10 09:46:25,MO2312-P-6000,MO2312-P-6000,111.2,0.0,0.0,0.0,6,105.2,109.0,1,107.4,111.2,111.2,111.2,1.0,11120.0,358
2023-05-10 09:46:27,MO2312-P-6000,MO2312-P-6000,111.2,0.0,0.0,0.0,8,104.8,109.0,1,107.4,111.2,111.2,111.2,1.0,11120.0,358
2023-05-10 09:46:28,MO2312-P-6000,MO2312-P-6000,111.2,0.0,0.0,0.0,6,105.0,109.0,1,107.4,111.2,111.2,111.2,1.0,11120.0,358
2023-05-10 09:46:28,MO2312-P-6000,MO2312-P-6000,111.2,0.0,0.0,0.0,8,105.0,109.0,1,107.4,111.2,111.2,111.2,1.0,11120.0,358
2023-05-10 09:46:29,MO2312-P-6000,MO2312-P-6000,111.2,0.0,0.0,0.0,6,105.2,109.0,1,107.4,111.2,111.2,111.2,1.0,11120.0,358
2023-05-10 09:46:29,MO2312-P-6000,MO2312-P-6000,111.2,0.0,0.0,0.0,2,105.4,109.0,1,107.4,111.2,111.2,111.2,1.0,11120.0,358
2023-05-10 09:46:30,MO2312-P-6000,MO2312-P-6000,111.2,0.0,0.0,0.0,6,105.6,109.0,1,107.4,111.2,111.2,111.2,1.0,11120.0,358
2023-05-10 09:46:30,MO2312-P-6000,MO2312-P-6000,111.2,0.0,0.0,0.0,6,105.4,109.0,1,107.4,111.2,111.2,111.2,1.0,11120.0,358
2023-05-10 09:46:32,MO2312-P-6000,MO2312-P-6000,111.2,0.0,0.0,0.0,8,105.4,109.0,1,107.4,111.2,111.2,111.2,1.0,11120.0,358
2023-05-10 09:46:32,MO2312-P-6000,MO2312-P-6000,111.2,0.0,0.0,0.0,6,105.6,109.0,1,107.4,111.2,111.2,111.2,1.0,11120.0,358
2023-05-10 09:46:44,MO2312-P-6000,MO2312-P-6000,111.2,0.0,0.0,0.0,2,105.2,109.0,1,107.4,111.2,111.2,111.2,1.0,11120.0,358
2023-05-10 09:46:44,MO2312-P-6000,MO2312-P-6000,111.2,0.0,0.0,0.0,6,105.4,109.0,1,107.4,111.2,111.2,111.2,1.0,11120.0,358
2023-05-10 09:46:49,MO2312-P-6000,MO2312-P-6000,111.2,0.0,0.0,0.0,2,105.0,109.0,1,107.4,111.2,111.2,111.2,1.0,11120.0,358
2023-05-10 09:46:50,MO2312-P-6000,MO2312-P-6000,111.2,0.0,0.0,0.0,6,105.2,109.0,1,107.4,111.2,111.2,111.2,1.0,11120.0,358
2023-05-10 09:46:54,MO2312-P-6000,MO2312-P-6000,111.2,0.0,0.0,0.0,2,105.4,109.0,1,107.4,111.2,111.2,111.2,1.0,11120.0,358
2023-05-10 09:46:55,MO2312-P-6000,MO2312-P-6000,111.2,0.0,0.0,0.0,6,105.6,109.0,1,107.4,111.2,111.2,111.2,1.0,11120.0,358
2023-05-10 09:46:58,MO2312-P-6000,MO2312-P-6000,111.2,0.0,0.0,0.0,2,105.2,109.0,1,107.4,111.2,111.2,111.2,1.0,11120.0,358
2023-05-10 09:46:58,MO2312-P-6000,MO2312-P-6000,111.2,0.0,0.0,0.0,6,105.4,109.0,1,107.4,111.2,111.2,111.2,1.0,11120.0,358
2023-05-10 09:47:07,MO2312-P-6000,MO2312-P-6000,111.2,0.0,0.0,0.0,6,105.4,108.8,6,107.4,111.2,111.2,111.2,1.0,11120.0,358
2023-05-10 09:47:07,MO2312-P-6000,MO2312-P-6000,111.2,0.0,0.0,0.0,2,105.0,107.6,1,107.4,111.2,111.2,111.2,1.0,11120.0,358
2023-05-10 09:47:08,MO2312-P-6000,MO2312-P-6000,111.2,0.0,0.0,0.0,6,105.2,107.6,1,107.4,111.2,111.2,111.2,1.0,11120.0,358
2023-05-10 09:47:08,MO2312-P-6000,MO2312-P-6000,111.2,0.0,0.0,0.0,6,105.0,107.6,1,107.4,111.2,111.2,111.2,1.0,11120.0,358
2023-05-10 09:47:10,MO2312-P-6000,MO2312-P-6000,111.2,0.0,0.0,0.0,8,104.6,107.6,1,107.4,111.2,111.2,111.2,1.0,11120.0,358
2023-05-10 09:47:10,MO2312-P-6000,MO2312-P-6000,111.2,0.0,0.0,0.0,6,104.8,107.6,1,107.4,111.2,111.2,111.2,1.0,11120.0,358
2023-05-10 09:47:11,MO2312-P-6000,MO2312-P-6000,111.2,0.0,0.0,0.0,8,104.8,107.6,1,107.4,111.2,111.2,111.2,1.0,11120.0,358
2023-05-10 09:47:11,MO2312-P-6000,MO2312-P-6000,111.2,0.0,0.0,0.0,6,105.0,107.6,1,107.4,111.2,111.2,111.2,1.0,11120.0,358
2023-05-10 09:47:13,MO2312-P-6000,MO2312-P-6000,111.2,0.0,0.0,0.0,2,104.6,107.6,1,107.4,111.2,111.2,111.2,1.0,11120.0,358
2023-05-10 09:47:13,MO2312-P-6000,MO2312-P-6000,111.2,0.0,0.0,0.0,6,104.8,107.6,1,107.4,111.2,111.2,111.2,1.0,11120.0,358
2023-05-10 09:47:20,MO2312-P-6000,MO2312-P-6000,111.2,0.0,0.0,0.0,6,104.6,107.6,1,107.4,111.2,111.2,111.2,1.0,11120.0,358
2023-05-10 09:47:21,MO2312-P-6000,MO2312-P-6000,111.2,0.0,0.0,0.0,2,104.8,107.6,1,107.4,111.2,111.2,111.2,1.0,11120.0,358
2023-05-10 09:47:22,MO2312-P-6000,MO2312-P-6000,111.2,0.0,0.0,0.0,6,105.0,107.6,1,107.4,111.2,111.2,111.2,1.0,11120.0,358
2023-05-10 09:47:22,MO2312-P-6000,MO2312-P-6000,111.2,0.0,0.0,0.0,8,104.4,107.6,1,107.4,111.2,111.2,111.2,1.0,11120.0,358
2023-05-10 09:47:23,MO2312-P-6000,MO2312-P-6000,111.2,0.0,0.0,0.0,6,104.6,107.6,1,107.4,111.2,111.2,111.2,1.0,11120.0,358
2023-05-10 09:47:23,MO2312-P-6000,MO2312-P-6000,111.2,0.0,0.0,0.0,8,104.6,107.6,1,107.4,111.2,111.2,111.2,1.0,11120.0,358
2023-05-10 09:47:24,MO2312-P-6000,MO2312-P-6000,111.2,0.0,0.0,0.0,6,104.8,107.6,1,107.4,111.2,111.2,111.2,1.0,11120.0,358
2023-05-10 09:47:28,MO2312-P-6000,MO2312-P-6000,111.2,0.0,0.0,0.0,8,104.4,107.6,1,107.4,111.2,111.2,111.2,1.0,11120.0,358
2023-05-10 09:47:29,MO2312-P-6000,MO2312-P-6000,111.2,0.0,0.0,0.0,6,104.6,107.6,1,107.4,111.2,111.2,111.2,1.0,11120.0,358
2023-05-10 09:47:38,MO2312-P-6000,MO2312-P-6000,111.2,0.0,0.0,0.0,8,104.6,107.6,1,107.4,111.2,111.2,111.2,1.0,11120.0,358
2023-05-10 09:47:39,MO2312-P-6000,MO2312-P-6000,111.2,0.0,0.0,0.0,6,104.8,107.6,1,107.4,111.2,111.2,111.2,1.0,11120.0,358
2023-05-10 09:47:49,MO2312-P-6000,MO2312-P-6000,111.2,0.0,0.0,0.0,8,104.4,107.6,1,107.4,111.2,111.2,111.2,1.0,11120.0,358
2023-05-10 09:47:49,MO2312-P-6000,MO2312-P-6000,111.2,0.0,0.0,0.0,6,104.6,107.6,1,107.4,111.2,111.2,111.2,1.0,11120.0,358
2023-05-10 09:47:54,MO2312-P-6000,MO2312-P-6000,111.2,0.0,0.0,0.0,8,104.6,108.4,1,107.4,111.2,111.2,111.2,1.0,11120.0,358
2023-05-10 09:47:55,MO2312-P-6000,MO2312-P-6000,111.2,0.0,0.0,0.0,6,104.8,108.4,1,107.4,111.2,111.2,111.2,1.0,11120.0,358
2023-05-10 09:47:57,MO2312-P-6000,MO2312-P-6000,111.2,0.0,0.0,0.0,8,104.8,108.4,1,107.4,111.2,111.2,111.2,1.0,11120.0,358
2023-05-10 09:47:58,MO2312-P-6000,MO2312-P-6000,111.2,0.0,0.0,0.0,6,105.0,108.4,1,107.4,111.2,111.2,111.2,1.0,11120.0,358
2023-05-10 09:47:59,MO2312-P-6000,MO2312-P-6000,111.2,0.0,0.0,0.0,6,104.8,108.4,1,107.4,111.2,111.2,111.2,1.0,11120.0,358
2023-05-10 09:48:15,MO2312-P-6000,MO2312-P-6000,111.2,0.0,0.0,0.0,8,104.8,108.4,1,107.4,111.2,111.2,111.2,1.0,11120.0,358
2023-05-10 09:48:15,MO2312-P-6000,MO2312-P-6000,111.2,0.0,0.0,0.0,6,105.0,108.4,1,107.4,111.2,111.2,111.2,1.0,11120.0,358
2023-05-10 09:48:22,MO2312-P-6000,MO2312-P-6000,111.2,0.0,0.0,0.0,2,105.2,108.4,1,107.4,111.2,111.2,111.2,1.0,11120.0,358
2023-05-10 09:48:22,MO2312-P-6000,MO2312-P-6000,111.2,0.0,0.0,0.0,6,105.4,108.4,1,107.4,111.2,111.2,111.2,1.0,11120.0,358
2023-05-10 09:48:26,MO2312-P-6000,MO2312-P-6000,111.2,0.0,0.0,0.0,2,104.8,108.4,1,107.4,111.2,111.2,111.2,1.0,11120.0,358
2023-05-10 09:48:27,MO2312-P-6000,MO2312-P-6000,111.2,0.0,0.0,0.0,6,105.0,108.4,1,107.4,111.2,111.2,111.2,1.0,11120.0,358
2023-05-10 09:48:27,MO2312-P-6000,MO2312-P-6000,111.2,0.0,0.0,0.0,8,105.0,108.4,1,107.4,111.2,111.2,111.2,1.0,11120.0,358
2023-05-10 09:48:28,MO2312-P-6000,MO2312-P-6000,111.2,0.0,0.0,0.0,6,105.2,109.2,9,107.4,111.2,111.2,111.2,1.0,11120.0,358
2023-05-10 09:48:28,MO2312-P-6000,MO2312-P-6000,111.2,0.0,0.0,0.0,6,105.2,109.2,3,107.4,111.2,111.2,111.2,1.0,11120.0,358
2023-05-10 09:48:29,MO2312-P-6000,MO2312-P-6000,111.2,0.0,0.0,0.0,8,105.2,109.2,1,107.4,111.2,111.2,111.2,1.0,11120.0,358
2023-05-10 09:48:29,MO2312-P-6000,MO2312-P-6000,111.2,0.0,0.0,0.0,6,105.4,109.2,1,107.4,111.2,111.2,111.2,1.0,11120.0,358
2023-05-10 09:48:30,MO2312-P-6000,MO2312-P-6000,111.2,0.0,0.0,0.0,6,105.2,109.2,1,107.4,111.2,111.2,111.2,1.0,11120.0,358
2023-05-10 09:48:30,MO2312-P-6000,MO2312-P-6000,111.2,0.0,0.0,0.0,8,105.2,109.2,1,107.4,111.2,111.2,111.2,1.0,11120.0,358
2023-05-10 09:48:31,MO2312-P-6000,MO2312-P-6000,111.2,0.0,0.0,0.0,6,105.4,109.2,1,107.4,111.2,111.2,111.2,1.0,11120.0,358
2023-05-10 09:48:39,MO2312-P-6000,MO2312-P-6000,111.2,0.0,0.0,0.0,2,104.8,109.2,1,107.4,111.2,111.2,111.2,1.0,11120.0,358
2023-05-10 09:48:39,MO2312-P-6000,MO2312-P-6000,111.2,0.0,0.0,0.0,6,105.0,109.2,1,107.4,111.2,111.2,111.2,1.0,11120.0,358
2023-05-10 09:48:40,MO2312-P-6000,MO2312-P-6000,111.2,0.0,0.0,0.0,2,105.2,109.2,1,107.4,111.2,111.2,111.2,1.0,11120.0,358
2023-05-10 09:48:40,MO2312-P-6000,MO2312-P-6000,111.2,0.0,0.0,0.0,6,105.4,109.2,1,107.4,111.2,111.2,111.2,1.0,11120.0,358
2023-05-10 09:48:45,MO2312-P-6000,MO2312-P-6000,111.2,0.0,0.0,0.0,2,105.0,109.2,1,107.4,111.2,111.2,111.2,1.0,11120.0,358
2023-05-10 09:48:45,MO2312-P-6000,MO2312-P-6000,111.2,0.0,0.0,0.0,6,105.2,109.2,1,107.4,111.2,111.2,111.2,1.0,11120.0,358
2023-05-10 09:48:46,MO2312-P-6000,MO2312-P-6000,111.2,0.0,0.0,0.0,8,105.2,109.2,1,107.4,111.2,111.2,111.2,1.0,11120.0,358
2023-05-10 09:48:46,MO2312-P-6000,MO2312-P-6000,111.2,0.0,0.0,0.0,6,105.4,109.2,1,107.4,111.2,111.2,111.2,1.0,11120.0,358
2023-05-10 09:48:47,MO2312-P-6000,MO2312-P-6000,111.2,0.0,0.0,0.0,6,105.2,109.2,1,107.4,111.2,111.2,111.2,1.0,11120.0,358
2023-05-10 09:48:47,MO2312-P-6000,MO2312-P-6000,111.2,0.0,0.0,0.0,8,105.2,109.2,1,107.4,111.2,111.2,111.2,1.0,11120.0,358
2023-05-10 09:48:48,MO2312-P-6000,MO2312-P-6000,111.2,0.0,0.0,0.0,6,105.4,109.2,1,107.4,111.2,111.2,111.2,1.0,11120.0,358
2023-05-10 09:48:51,MO2312-P-6000,MO2312-P-6000,111.2,0.0,0.0,0.0,2,105.0,109.2,1,107.4,111.2,111.2,111.2,1.0,11120.0,358
2023-05-10 09:48:51,MO2312-P-6000,MO2312-P-6000,111.2,0.0,0.0,0.0,6,105.2,109.2,1,107.4,111.2,111.2,111.2,1.0,11120.0,358
2023-05-10 09:48:59,MO2312-P-6000,MO2312-P-6000,111.2,0.0,0.0,0.0,2,105.4,109.2,1,107.4,111.2,111.2,111.2,1.0,11120.0,358
2023-05-10 09:48:59,MO2312-P-6000,MO2312-P-6000,111.2,0.0,0.0,0.0,6,105.6,109.2,1,107.4,111.2,111.2,111.2,1.0,11120.0,358
2023-05-10 09:49:01,MO2312-P-6000,MO2312-P-6000,111.2,0.0,0.0,0.0,2,105.2,109.2,1,107.4,111.2,111.2,111.2,1.0,11120.0,358
2023-05-10 09:49:01,MO2312-P-6000,MO2312-P-6000,111.2,0.0,0.0,0.0,6,105.4,109.2,1,107.4,111.2,111.2,111.2,1.0,11120.0,358
2023-05-10 09:49:02,MO2312-P-6000,MO2312-P-6000,111.2,0.0,0.0,0.0,6,105.4,109.0,6,107.4,111.2,111.2,111.2,1.0,11120.0,358
2023-05-10 09:49:02,MO2312-P-6000,MO2312-P-6000,111.2,0.0,0.0,0.0,2,105.0,107.8,1,107.4,111.2,111.2,111.2,1.0,11120.0,358
2023-05-10 09:49:03,MO2312-P-6000,MO2312-P-6000,111.2,0.0,0.0,0.0,6,105.2,107.8,1,107.4,111.2,111.2,111.2,1.0,11120.0,358
2023-05-10 09:49:03,MO2312-P-6000,MO2312-P-6000,111.2,0.0,0.0,0.0,6,105.0,107.8,1,107.4,111.2,111.2,111.2,1.0,11120.0,358
2023-05-10 09:49:04,MO2312-P-6000,MO2312-P-6000,111.2,0.0,0.0,0.0,8,105.0,107.8,1,107.4,111.2,111.2,111.2,1.0,11120.0,358
2023-05-10 09:49:04,MO2312-P-6000,MO2312-P-6000,111.2,0.0,0.0,0.0,6,105.2,107.8,1,107.4,111.2,111.2,111.2,1.0,11120.0,358
2023-05-10 09:49:05,MO2312-P-6000,MO2312-P-6000,111.2,0.0,0.0,0.0,2,104.8,107.8,1,107.4,111.2,111.2,111.2,1.0,11120.0,358
2023-05-10 09:49:06,MO2312-P-6000,MO2312-P-6000,111.2,0.0,0.0,0.0,6,105.0,107.8,1,107.4,111.2,111.2,111.2,1.0,11120.0,358
2023-05-10 09:49:09,MO2312-P-6000,MO2312-P-6000,111.2,0.0,0.0,0.0,8,104.6,107.8,1,107.4,111.2,111.2,111.2,1.0,11120.0,358
2023-05-10 09:49:09,MO2312-P-6000,MO2312-P-6000,111.2,0.0,0.0,0.0,6,104.8,107.8,1,107.4,111.2,111.2,111.2,1.0,11120.0,358
2023-05-10 09:49:11,MO2312-P-6000,MO2312-P-6000,111.2,0.0,0.0,0.0,6,104.6,107.8,1,107.4,111.2,111.2,111.2,1.0,11120.0,358
2023-05-10 09:49:37,MO2312-P-6000,MO2312-P-6000,111.2,0.0,0.0,0.0,8,104.2,107.8,1,107.4,111.2,111.2,111.2,1.0,11120.0,358
2023-05-10 09:49:37,MO2312-P-6000,MO2312-P-6000,111.2,0.0,0.0,0.0,6,104.4,107.8,1,107.4,111.2,111.2,111.2,1.0,11120.0,358
2023-05-10 09:49:38,MO2312-P-6000,MO2312-P-6000,111.2,0.0,0.0,0.0,8,104.4,107.8,1,107.4,111.2,111.2,111.2,1.0,11120.0,358
2023-05-10 09:49:38,MO2312-P-6000,MO2312-P-6000,111.2,0.0,0.0,0.0,6,104.6,107.8,1,107.4,111.2,111.2,111.2,1.0,11120.0,358
2023-05-10 09:49:39,MO2312-P-6000,MO2312-P-6000,111.2,0.0,0.0,0.0,8,104.0,107.8,1,107.4,111.2,111.2,111.2,1.0,11120.0,358
2023-05-10 09:49:40,MO2312-P-6000,MO2312-P-6000,111.2,0.0,0.0,0.0,6,104.2,107.8,1,107.4,111.2,111.2,111.2,1.0,11120.0,358
2023-05-10 09:49:40,MO2312-P-6000,MO2312-P-6000,111.2,0.0,0.0,0.0,8,104.2,107.8,1,107.4,111.2,111.2,111.2,1.0,11120.0,358
2023-05-10 09:49:41,MO2312-P-6000,MO2312-P-6000,111.2,0.0,0.0,0.0,6,104.4,107.8,1,107.4,111.2,111.2,111.2,1.0,11120.0,358
2023-05-10 09:49:42,MO2312-P-6000,MO2312-P-6000,111.2,0.0,0.0,0.0,8,104.0,107.8,1,107.4,111.2,111.2,111.2,1.0,11120.0,358
2023-05-10 09:49:42,MO2312-P-6000,MO2312-P-6000,111.2,0.0,0.0,0.0,6,104.2,107.8,1,107.4,111.2,111.2,111.2,1.0,11120.0,358
2023-05-10 09:49:43,MO2312-P-6000,MO2312-P-6000,111.2,0.0,0.0,0.0,8,104.2,107.8,1,107.4,111.2,111.2,111.2,1.0,11120.0,358
2023-05-10 09:49:43,MO2312-P-6000,MO2312-P-6000,111.2,0.0,0.0,0.0,6,104.4,107.8,1,107.4,111.2,111.2,111.2,1.0,11120.0,358
2023-05-10 09:49:52,MO2312-P-6000,MO2312-P-6000,111.2,0.0,0.0,0.0,8,104.0,108.2,2,107.4,111.2,111.2,111.2,1.0,11120.0,358
2023-05-10 09:49:52,MO2312-P-6000,MO2312-P-6000,111.2,0.0,0.0,0.0,6,104.2,108.6,7,107.4,111.2,111.2,111.2,1.0,11120.0,358
2023-05-10 09:49:53,MO2312-P-6000,MO2312-P-6000,111.2,0.0,0.0,0.0,9,104.2,108.6,1,107.4,111.2,111.2,111.2,1.0,11120.0,358
2023-05-10 09:49:53,MO2312-P-6000,MO2312-P-6000,111.2,0.0,0.0,0.0,6,104.4,108.6,1,107.4,111.2,111.2,111.2,1.0,11120.0,358
2023-05-10 09:49:54,MO2312-P-6000,MO2312-P-6000,111.2,0.0,0.0,0.0,2,104.6,108.6,1,107.4,111.2,111.2,111.2,1.0,11120.0,358
2023-05-10 09:49:55,MO2312-P-6000,MO2312-P-6000,111.2,0.0,0.0,0.0,6,104.8,108.6,1,107.4,111.2,111.2,111.2,1.0,11120.0,358
2023-05-10 09:49:56,MO2312-P-6000,MO2312-P-6000,111.2,0.0,0.0,0.0,8,104.4,108.6,1,107.4,111.2,111.2,111.2,1.0,11120.0,358
2023-05-10 09:49:56,MO2312-P-6000,MO2312-P-6000,111.2,0.0,0.0,0.0,6,104.6,108.6,1,107.4,111.2,111.2,111.2,1.0,11120.0,358
2023-05-10 09:49:57,MO2312-P-6000,MO2312-P-6000,111.2,0.0,0.0,0.0,8,104.6,108.6,1,107.4,111.2,111.2,111.2,1.0,11120.0,358
2023-05-10 09:49:57,MO2312-P-6000,MO2312-P-6000,111.2,0.0,0.0,0.0,6,104.8,108.6,1,107.4,111.2,111.2,111.2,1.0,11120.0,358
2023-05-10 09:49:59,MO2312-P-6000,MO2312-P-6000,111.2,0.0,0.0,0.0,2,104.4,108.6,1,107.4,111.2,111.2,111.2,1.0,11120.0,358
2023-05-10 09:49:59,MO2312-P-6000,MO2312-P-6000,111.2,0.0,0.0,0.0,6,104.6,108.6,1,107.4,111.2,111.2,111.2,1.0,11120.0,358
2023-05-10 09:50:06,MO2312-P-6000,MO2312-P-6000,111.2,0.0,0.0,0.0,2,104.8,108.6,1,107.4,111.2,111.2,111.2,1.0,11120.0,358
2023-05-10 09:50:06,MO2312-P-6000,MO2312-P-6000,111.2,0.0,0.0,0.0,6,105.0,108.6,1,107.4,111.2,111.2,111.2,1.0,11120.0,358
2023-05-10 09:50:07,MO2312-P-6000,MO2312-P-6000,111.2,0.0,0.0,0.0,2,104.6,108.6,1,107.4,111.2,111.2,111.2,1.0,11120.0,358
2023-05-10 09:50:08,MO2312-P-6000,MO2312-P-6000,111.2,0.0,0.0,0.0,6,104.8,108.6,1,107.4,111.2,111.2,111.2,1.0,11120.0,358
2023-05-10 09:50:09,MO2312-P-6000,MO2312-P-6000,111.2,0.0,0.0,0.0,2,104.4,108.6,1,107.4,111.2,111.2,111.2,1.0,11120.0,358
2023-05-10 09:50:10,MO2312-P-6000,MO2312-P-6000,111.2,0.0,0.0,0.0,6,104.6,108.6,1,107.4,111.2,111.2,111.2,1.0,11120.0,358
2023-05-10 09:50:11,MO2312-P-6000,MO2312-P-6000,111.2,0.0,0.0,0.0,6,104.6,108.6,7,107.4,111.2,111.2,111.2,1.0,11120.0,358
2023-05-10 09:50:12,MO2312-P-6000,MO2312-P-6000,111.2,0.0,0.0,0.0,6,104.6,106.8,1,107.4,111.2,111.2,111.2,1.0,11120.0,358
2023-05-10 09:50:12,MO2312-P-6000,MO2312-P-6000,111.2,0.0,0.0,0.0,6,104.6,107.6,1,107.4,111.2,111.2,111.2,1.0,11120.0,358
2023-05-10 09:50:14,MO2312-P-6000,MO2312-P-6000,111.2,0.0,0.0,0.0,8,104.2,107.6,1,107.4,111.2,111.2,111.2,1.0,11120.0,358
2023-05-10 09:50:14,MO2312-P-6000,MO2312-P-6000,111.2,0.0,0.0,0.0,6,104.4,107.6,1,107.4,111.2,111.2,111.2,1.0,11120.0,358
2023-05-10 09:50:15,MO2312-P-6000,MO2312-P-6000,111.2,0.0,0.0,0.0,8,104.0,107.6,1,107.4,111.2,111.2,111.2,1.0,11120.0,358
2023-05-10 09:50:16,MO2312-P-6000,MO2312-P-6000,111.2,0.0,0.0,0.0,6,104.2,107.6,1,107.4,111.2,111.2,111.2,1.0,11120.0,358
2023-05-10 09:50:16,MO2312-P-6000,MO2312-P-6000,111.2,0.0,0.0,0.0,2,104.4,107.6,1,107.4,111.2,111.2,111.2,1.0,11120.0,358
2023-05-10 09:50:17,MO2312-P-6000,MO2312-P-6000,111.2,0.0,0.0,0.0,6,104.6,107.6,1,107.4,111.2,111.2,111.2,1.0,11120.0,358
2023-05-10 09:50:17,MO2312-P-6000,MO2312-P-6000,111.2,0.0,0.0,0.0,6,104.4,107.6,1,107.4,111.2,111.2,111.2,1.0,11120.0,358
2023-05-10 09:50:18,MO2312-P-6000,MO2312-P-6000,111.2,0.0,0.0,0.0,8,104.4,107.6,1,107.4,111.2,111.2,111.2,1.0,11120.0,358
2023-05-10 09:50:18,MO2312-P-6000,MO2312-P-6000,111.2,0.0,0.0,0.0,6,104.6,107.6,1,107.4,111.2,111.2,111.2,1.0,11120.0,358
2023-05-10 09:50:19,MO2312-P-6000,MO2312-P-6000,111.2,0.0,0.0,0.0,6,104.4,107.6,1,107.4,111.2,111.2,111.2,1.0,11120.0,358
2023-05-10 09:50:20,MO2312-P-6000,MO2312-P-6000,111.2,0.0,0.0,0.0,8,104.4,107.6,1,107.4,111.2,111.2,111.2,1.0,11120.0,358
2023-05-10 09:50:20,MO2312-P-6000,MO2312-P-6000,111.2,0.0,0.0,0.0,6,104.6,107.6,1,107.4,111.2,111.2,111.2,1.0,11120.0,358
2023-05-10 09:50:22,MO2312-P-6000,MO2312-P-6000,111.2,0.0,0.0,0.0,2,104.2,107.6,1,107.4,111.2,111.2,111.2,1.0,11120.0,358
2023-05-10 09:50:23,MO2312-P-6000,MO2312-P-6000,111.2,0.0,0.0,0.0,6,104.4,107.6,1,107.4,111.2,111.2,111.2,1.0,11120.0,358
2023-05-10 09:50:23,MO2312-P-6000,MO2312-P-6000,111.2,0.0,0.0,0.0,2,104.6,107.6,1,107.4,111.2,111.2,111.2,1.0,11120.0,358
2023-05-10 09:50:24,MO2312-P-6000,MO2312-P-6000,111.2,0.0,0.0,0.0,6,104.8,107.6,1,107.4,111.2,111.2,111.2,1.0,11120.0,358
2023-05-10 09:50:25,MO2312-P-6000,MO2312-P-6000,111.2,0.0,0.0,0.0,2,104.2,107.6,1,107.4,111.2,111.2,111.2,1.0,11120.0,358
2023-05-10 09:50:25,MO2312-P-6000,MO2312-P-6000,111.2,0.0,0.0,0.0,6,104.4,107.6,1,107.4,111.2,111.2,111.2,1.0,11120.0,358
2023-05-10 09:50:26,MO2312-P-6000,MO2312-P-6000,111.2,0.0,0.0,0.0,2,104.6,107.6,1,107.4,111.2,111.2,111.2,1.0,11120.0,358
2023-05-10 09:50:26,MO2312-P-6000,MO2312-P-6000,111.2,0.0,0.0,0.0,6,104.8,107.6,1,107.4,111.2,111.2,111.2,1.0,11120.0,358
2023-05-10 09:50:27,MO2312-P-6000,MO2312-P-6000,111.2,0.0,0.0,0.0,6,104.8,108.2,2,107.4,111.2,111.2,111.2,1.0,11120.0,358
2023-05-10 09:50:27,MO2312-P-6000,MO2312-P-6000,111.2,0.0,0.0,0.0,6,104.8,108.4,7,107.4,111.2,111.2,111.2,1.0,11120.0,358
2023-05-10 09:50:28,MO2312-P-6000,MO2312-P-6000,111.2,0.0,0.0,0.0,6,104.8,108.4,1,107.4,111.2,111.2,111.2,1.0,11120.0,358
2023-05-10 09:50:30,MO2312-P-6000,MO2312-P-6000,111.2,0.0,0.0,0.0,6,104.6,108.4,1,107.4,111.2,111.2,111.2,1.0,11120.0,358
2023-05-10 09:50:31,MO2312-P-6000,MO2312-P-6000,111.2,0.0,0.0,0.0,6,104.6,108.2,6,107.4,111.2,111.2,111.2,1.0,11120.0,358
2023-05-10 09:50:31,MO2312-P-6000,MO2312-P-6000,111.2,0.0,0.0,0.0,6,104.6,107.8,1,107.4,111.2,111.2,111.2,1.0,11120.0,358
2023-05-10 09:50:36,MO2312-P-6000,MO2312-P-6000,111.2,0.0,0.0,0.0,6,104.6,107.8,7,107.4,111.2,111.2,111.2,1.0,11120.0,358
2023-05-10 09:50:47,MO2312-P-6000,MO2312-P-6000,111.2,0.0,0.0,0.0,6,104.6,107.8,9,107.4,111.2,111.2,111.2,1.0,11120.0,358
2023-05-10 09:50:48,MO2312-P-6000,MO2312-P-6000,111.2,0.0,0.0,0.0,2,104.2,107.8,1,107.4,111.2,111.2,111.2,1.0,11120.0,358
2023-05-10 09:50:48,MO2312-P-6000,MO2312-P-6000,111.2,0.0,0.0,0.0,6,104.4,107.8,1,107.4,111.2,111.2,111.2,1.0,11120.0,358
2023-05-10 09:50:51,MO2312-P-6000,MO2312-P-6000,111.2,0.0,0.0,0.0,2,104.2,107.6,6,107.4,111.2,111.2,111.2,1.0,11120.0,358
2023-05-10 09:50:52,MO2312-P-6000,MO2312-P-6000,111.2,0.0,0.0,0.0,2,104.2,107.2,1,107.4,111.2,111.2,111.2,1.0,11120.0,358
2023-05-10 09:50:52,MO2312-P-6000,MO2312-P-6000,111.2,0.0,0.0,0.0,6,104.4,107.2,1,107.4,111.2,111.2,111.2,1.0,11120.0,358
2023-05-10 09:50:59,MO2312-P-6000,MO2312-P-6000,111.2,0.0,0.0,0.0,8,104.0,107.2,1,107.4,111.2,111.2,111.2,1.0,11120.0,358
2023-05-10 09:51:00,MO2312-P-6000,MO2312-P-6000,111.2,0.0,0.0,0.0,6,104.2,107.2,1,107.4,111.2,111.2,111.2,1.0,11120.0,358
2023-05-10 09:51:00,MO2312-P-6000,MO2312-P-6000,111.2,0.0,0.0,0.0,8,104.2,107.2,1,107.4,111.2,111.2,111.2,1.0,11120.0,358
2023-05-10 09:51:01,MO2312-P-6000,MO2312-P-6000,111.2,0.0,0.0,0.0,6,104.4,107.2,1,107.4,111.2,111.2,111.2,1.0,11120.0,358
2023-05-10 09:51:02,MO2312-P-6000,MO2312-P-6000,111.2,0.0,0.0,0.0,8,104.4,107.2,1,107.4,111.2,111.2,111.2,1.0,11120.0,358
2023-05-10 09:51:02,MO2312-P-6000,MO2312-P-6000,111.2,0.0,0.0,0.0,6,104.6,107.2,1,107.4,111.2,111.2,111.2,1.0,11120.0,358
2023-05-10 09:51:03,MO2312-P-6000,MO2312-P-6000,111.2,0.0,0.0,0.0,2,104.2,107.2,1,107.4,111.2,111.2,111.2,1.0,11120.0,358
2023-05-10 09:51:04,MO2312-P-6000,MO2312-P-6000,111.2,0.0,0.0,0.0,6,104.4,107.2,1,107.4,111.2,111.2,111.2,1.0,11120.0,358
2023-05-10 09:51:06,MO2312-P-6000,MO2312-P-6000,111.2,0.0,0.0,0.0,8,104.4,107.2,1,107.4,111.2,111.2,111.2,1.0,11120.0,358
2023-05-10 09:51:06,MO2312-P-6000,MO2312-P-6000,111.2,0.0,0.0,0.0,6,104.6,107.2,1,107.4,111.2,111.2,111.2,1.0,11120.0,358
2023-05-10 09:51:07,MO2312-P-6000,MO2312-P-6000,111.2,0.0,0.0,0.0,6,104.6,108.0,6,107.4,111.2,111.2,111.2,1.0,11120.0,358
2023-05-10 09:51:07,MO2312-P-6000,MO2312-P-6000,111.2,0.0,0.0,0.0,6,104.6,108.2,9,107.4,111.2,111.2,111.2,1.0,11120.0,358
2023-05-10 09:51:08,MO2312-P-6000,MO2312-P-6000,111.2,0.0,0.0,0.0,6,104.6,108.2,3,107.4,111.2,111.2,111.2,1.0,11120.0,358
2023-05-10 09:51:08,MO2312-P-6000,MO2312-P-6000,111.2,0.0,0.0,0.0,6,104.6,108.2,1,107.4,111.2,111.2,111.2,1.0,11120.0,358
2023-05-10 09:51:09,MO2312-P-6000,MO2312-P-6000,111.2,0.0,0.0,0.0,8,104.6,108.2,1,107.4,111.2,111.2,111.2,1.0,11120.0,358
2023-05-10 09:51:10,MO2312-P-6000,MO2312-P-6000,111.2,0.0,0.0,0.0,6,104.8,108.2,1,107.4,111.2,111.2,111.2,1.0,11120.0,358
2023-05-10 09:51:18,MO2312-P-6000,MO2312-P-6000,111.2,0.0,0.0,0.0,8,104.8,108.2,1,107.4,111.2,111.2,111.2,1.0,11120.0,358
2023-05-10 09:51:19,MO2312-P-6000,MO2312-P-6000,111.2,0.0,0.0,0.0,6,105.0,108.2,1,107.4,111.2,111.2,111.2,1.0,11120.0,358
2023-05-10 09:51:20,MO2312-P-6000,MO2312-P-6000,111.2,0.0,0.0,0.0,2,104.2,108.2,1,107.4,111.2,111.2,111.2,1.0,11120.0,358
2023-05-10 09:51:21,MO2312-P-6000,MO2312-P-6000,111.2,0.0,0.0,0.0,6,104.4,108.2,1,107.4,111.2,111.2,111.2,1.0,11120.0,358
2023-05-10 09:51:21,MO2312-P-6000,MO2312-P-6000,111.2,0.0,0.0,0.0,2,104.8,108.2,1,107.4,111.2,111.2,111.2,1.0,11120.0,358
2023-05-10 09:51:22,MO2312-P-6000,MO2312-P-6000,111.2,0.0,0.0,0.0,6,105.0,108.4,2,107.4,111.2,111.2,111.2,1.0,11120.0,358
2023-05-10 09:51:22,MO2312-P-6000,MO2312-P-6000,111.2,0.0,0.0,0.0,6,105.0,108.6,6,107.4,111.2,111.2,111.2,1.0,11120.0,358
2023-05-10 09:51:23,MO2312-P-6000,MO2312-P-6000,111.2,0.0,0.0,0.0,6,105.0,108.8,24,107.4,111.2,111.2,111.2,1.0,11120.0,358
2023-05-10 09:51:23,MO2312-P-6000,MO2312-P-6000,111.2,0.0,0.0,0.0,6,105.0,108.8,20,107.4,111.2,111.2,111.2,1.0,11120.0,358
2023-05-10 09:51:24,MO2312-P-6000,MO2312-P-6000,111.2,0.0,0.0,0.0,8,105.0,108.8,20,107.4,111.2,111.2,111.2,1.0,11120.0,358
2023-05-10 09:51:24,MO2312-P-6000,MO2312-P-6000,111.2,0.0,0.0,0.0,6,105.2,108.8,20,107.4,111.2,111.2,111.2,1.0,11120.0,358
2023-05-10 09:51:25,MO2312-P-6000,MO2312-P-6000,111.2,0.0,0.0,0.0,6,105.2,108.8,14,107.4,111.2,111.2,111.2,1.0,11120.0,358
2023-05-10 09:51:26,MO2312-P-6000,MO2312-P-6000,111.2,0.0,0.0,0.0,2,104.8,108.8,14,107.4,111.2,111.2,111.2,1.0,11120.0,358
2023-05-10 09:51:27,MO2312-P-6000,MO2312-P-6000,111.2,0.0,0.0,0.0,6,105.0,108.4,1,107.4,111.2,111.2,111.2,1.0,11120.0,358
2023-05-10 09:51:37,MO2312-P-6000,MO2312-P-6000,111.2,0.0,0.0,0.0,8,105.0,108.4,1,107.4,111.2,111.2,111.2,1.0,11120.0,358
2023-05-10 09:51:37,MO2312-P-6000,MO2312-P-6000,111.2,0.0,0.0,0.0,6,105.2,108.4,1,107.4,111.2,111.2,111.2,1.0,11120.0,358
2023-05-10 09:51:55,MO2312-P-6000,MO2312-P-6000,111.2,0.0,0.0,0.0,8,105.2,108.4,1,107.4,111.2,111.2,111.2,1.0,11120.0,358
2023-05-10 09:51:56,MO2312-P-6000,MO2312-P-6000,111.2,0.0,0.0,0.0,6,105.4,108.4,1,107.4,111.2,111.2,111.2,1.0,11120.0,358
2023-05-10 09:52:02,MO2312-P-6000,MO2312-P-6000,111.2,0.0,0.0,0.0,2,105.0,108.4,1,107.4,111.2,111.2,111.2,1.0,11120.0,358
2023-05-10 09:52:02,MO2312-P-6000,MO2312-P-6000,111.2,0.0,0.0,0.0,6,105.2,108.4,1,107.4,111.2,111.2,111.2,1.0,11120.0,358
2023-05-10 09:52:06,MO2312-P-6000,MO2312-P-6000,111.2,0.0,0.0,0.0,2,104.8,108.4,1,107.4,111.2,111.2,111.2,1.0,11120.0,358
2023-05-10 09:52:06,MO2312-P-6000,MO2312-P-6000,111.2,0.0,0.0,0.0,6,105.0,108.2,6,107.4,111.2,111.2,111.2,1.0,11120.0,358
2023-05-10 09:52:07,MO2312-P-6000,MO2312-P-6000,111.2,0.0,0.0,0.0,6,105.0,107.8,1,107.4,111.2,111.2,111.2,1.0,11120.0,358
2023-05-10 09:52:12,MO2312-P-6000,MO2312-P-6000,111.2,0.0,0.0,0.0,8,105.0,107.8,1,107.4,111.2,111.2,111.2,1.0,11120.0,358
2023-05-10 09:52:13,MO2312-P-6000,MO2312-P-6000,111.2,0.0,0.0,0.0,6,105.2,107.8,1,107.4,111.2,111.2,111.2,1.0,11120.0,358
2023-05-10 09:52:14,MO2312-P-6000,MO2312-P-6000,111.2,0.0,0.0,0.0,6,105.2,108.0,1,107.4,111.2,111.2,111.2,1.0,11120.0,358
2023-05-10 09:52:16,MO2312-P-6000,MO2312-P-6000,111.2,0.0,0.0,0.0,8,105.2,108.0,1,107.4,111.2,111.2,111.2,1.0,11120.0,358
2023-05-10 09:52:16,MO2312-P-6000,MO2312-P-6000,111.2,0.0,0.0,0.0,6,105.4,108.0,1,107.4,111.2,111.2,111.2,1.0,11120.0,358
2023-05-10 09:52:17,MO2312-P-6000,MO2312-P-6000,111.2,0.0,0.0,0.0,6,105.2,108.0,1,107.4,111.2,111.2,111.2,1.0,11120.0,358
2023-05-10 09:52:19,MO2312-P-6000,MO2312-P-6000,111.2,0.0,0.0,0.0,6,105.2,108.0,2,107.4,111.2,111.2,111.2,1.0,11120.0,358
2023-05-10 09:52:20,MO2312-P-6000,MO2312-P-6000,111.2,0.0,0.0,0.0,2,104.8,108.0,2,107.4,111.2,111.2,111.2,1.0,11120.0,358
2023-05-10 09:52:20,MO2312-P-6000,MO2312-P-6000,111.2,0.0,0.0,0.0,6,105.0,108.0,2,107.4,111.2,111.2,111.2,1.0,11120.0,358
2023-05-10 09:52:21,MO2312-P-6000,MO2312-P-6000,111.2,0.0,0.0,0.0,8,105.0,108.0,2,107.4,111.2,111.2,111.2,1.0,11120.0,358
2023-05-10 09:52:21,MO2312-P-6000,MO2312-P-6000,111.2,0.0,0.0,0.0,6,105.2,108.0,2,107.4,111.2,111.2,111.2,1.0,11120.0,358
2023-05-10 09:52:36,MO2312-P-6000,MO2312-P-6000,111.2,0.0,0.0,0.0,2,104.8,108.0,2,107.4,111.2,111.2,111.2,1.0,11120.0,358
2023-05-10 09:52:36,MO2312-P-6000,MO2312-P-6000,111.2,0.0,0.0,0.0,6,105.0,108.0,2,107.4,111.2,111.2,111.2,1.0,11120.0,358
2023-05-10 09:52:37,MO2312-P-6000,MO2312-P-6000,111.2,0.0,0.0,0.0,8,105.0,108.0,1,107.4,111.2,111.2,111.2,1.0,11120.0,358
2023-05-10 09:52:38,MO2312-P-6000,MO2312-P-6000,111.2,0.0,0.0,0.0,6,105.2,108.0,1,107.4,111.2,111.2,111.2,1.0,11120.0,358
2023-05-10 09:52:39,MO2312-P-6000,MO2312-P-6000,111.2,0.0,0.0,0.0,2,104.8,108.0,1,107.4,111.2,111.2,111.2,1.0,11120.0,358
2023-05-10 09:52:39,MO2312-P-6000,MO2312-P-6000,111.2,0.0,0.0,0.0,6,105.0,108.0,1,107.4,111.2,111.2,111.2,1.0,11120.0,358
2023-05-10 09:52:40,MO2312-P-6000,MO2312-P-6000,111.2,0.0,0.0,0.0,2,105.2,108.0,1,107.4,111.2,111.2,111.2,1.0,11120.0,358
2023-05-10 09:52:40,MO2312-P-6000,MO2312-P-6000,111.2,0.0,0.0,0.0,6,105.4,108.0,1,107.4,111.2,111.2,111.2,1.0,11120.0,358
2023-05-10 09:53:01,MO2312-P-6000,MO2312-P-6000,111.2,0.0,0.0,0.0,2,105.0,108.0,1,107.4,111.2,111.2,111.2,1.0,11120.0,358
2023-05-10 09:53:02,MO2312-P-6000,MO2312-P-6000,111.2,0.0,0.0,0.0,6,105.2,108.0,1,107.4,111.2,111.2,111.2,1.0,11120.0,358
2023-05-10 09:53:03,MO2312-P-6000,MO2312-P-6000,111.2,0.0,0.0,0.0,8,105.2,108.0,1,107.4,111.2,111.2,111.2,1.0,11120.0,358
2023-05-10 09:53:04,MO2312-P-6000,MO2312-P-6000,111.2,0.0,0.0,0.0,6,105.4,108.0,1,107.4,111.2,111.2,111.2,1.0,11120.0,358
2023-05-10 09:53:07,MO2312-P-6000,MO2312-P-6000,111.2,0.0,0.0,0.0,8,105.4,108.0,1,107.4,111.2,111.2,111.2,1.0,11120.0,358
2023-05-10 09:53:08,MO2312-P-6000,MO2312-P-6000,111.2,0.0,0.0,0.0,6,105.6,108.0,1,107.4,111.2,111.2,111.2,1.0,11120.0,358
2023-05-10 09:53:08,MO2312-P-6000,MO2312-P-6000,111.2,0.0,0.0,0.0,6,105.2,108.0,1,107.4,111.2,111.2,111.2,1.0,11120.0,358
2023-05-10 09:53:09,MO2312-P-6000,MO2312-P-6000,111.2,0.0,0.0,0.0,8,105.2,108.0,1,107.4,111.2,111.2,111.2,1.0,11120.0,358
2023-05-10 09:53:09,MO2312-P-6000,MO2312-P-6000,111.2,0.0,0.0,0.0,6,105.4,108.0,1,107.4,111.2,111.2,111.2,1.0,11120.0,358
2023-05-10 09:53:11,MO2312-P-6000,MO2312-P-6000,111.2,0.0,0.0,0.0,2,105.0,108.0,1,107.4,111.2,111.2,111.2,1.0,11120.0,358
2023-05-10 09:53:12,MO2312-P-6000,MO2312-P-6000,111.2,0.0,0.0,0.0,6,105.2,108.0,1,107.4,111.2,111.2,111.2,1.0,11120.0,358
2023-05-10 09:53:16,MO2312-P-6000,MO2312-P-6000,111.2,0.0,0.0,0.0,2,104.8,108.0,1,107.4,111.2,111.2,111.2,1.0,11120.0,358
2023-05-10 09:53:16,MO2312-P-6000,MO2312-P-6000,111.2,0.0,0.0,0.0,6,105.0,108.0,1,107.4,111.2,111.2,111.2,1.0,11120.0,358
2023-05-10 09:53:19,MO2312-P-6000,MO2312-P-6000,111.2,0.0,0.0,0.0,2,105.2,108.0,1,107.4,111.2,111.2,111.2,1.0,11120.0,358
2023-05-10 09:53:19,MO2312-P-6000,MO2312-P-6000,111.2,0.0,0.0,0.0,6,105.4,108.0,1,107.4,111.2,111.2,111.2,1.0,11120.0,358
2023-05-10 09:53:22,MO2312-P-6000,MO2312-P-6000,111.2,0.0,0.0,0.0,2,105.0,108.0,1,107.4,111.2,111.2,111.2,1.0,11120.0,358
2023-05-10 09:53:23,MO2312-P-6000,MO2312-P-6000,111.2,0.0,0.0,0.0,6,105.2,108.0,1,107.4,111.2,111.2,111.2,1.0,11120.0,358
2023-05-10 09:53:23,MO2312-P-6000,MO2312-P-6000,111.2,0.0,0.0,0.0,8,105.2,108.0,1,107.4,111.2,111.2,111.2,1.0,11120.0,358
2023-05-10 09:53:24,MO2312-P-6000,MO2312-P-6000,111.2,0.0,0.0,0.0,6,105.4,108.0,1,107.4,111.2,111.2,111.2,1.0,11120.0,358
2023-05-10 09:53:26,MO2312-P-6000,MO2312-P-6000,111.2,0.0,0.0,0.0,2,105.0,108.0,1,107.4,111.2,111.2,111.2,1.0,11120.0,358
2023-05-10 09:53:27,MO2312-P-6000,MO2312-P-6000,111.2,0.0,0.0,0.0,6,105.2,108.0,1,107.4,111.2,111.2,111.2,1.0,11120.0,358
2023-05-10 09:53:29,MO2312-P-6000,MO2312-P-6000,111.2,0.0,0.0,0.0,8,105.2,108.0,1,107.4,111.2,111.2,111.2,1.0,11120.0,358
2023-05-10 09:53:29,MO2312-P-6000,MO2312-P-6000,111.2,0.0,0.0,0.0,6,105.4,108.0,1,107.4,111.2,111.2,111.2,1.0,11120.0,358
2023-05-10 09:53:31,MO2312-P-6000,MO2312-P-6000,111.2,0.0,0.0,0.0,2,105.0,108.0,1,107.4,111.2,111.2,111.2,1.0,11120.0,358
2023-05-10 09:53:32,MO2312-P-6000,MO2312-P-6000,111.2,0.0,0.0,0.0,6,105.2,108.0,1,107.4,111.2,111.2,111.2,1.0,11120.0,358
2023-05-10 09:54:02,MO2312-P-6000,MO2312-P-6000,111.2,0.0,0.0,0.0,6,105.2,108.0,2,107.4,111.2,111.2,111.2,1.0,11120.0,358
2023-05-10 09:54:02,MO2312-P-6000,MO2312-P-6000,111.2,0.0,0.0,0.0,2,104.8,108.0,2,107.4,111.2,111.2,111.2,1.0,11120.0,358
2023-05-10 09:54:03,MO2312-P-6000,MO2312-P-6000,111.2,0.0,0.0,0.0,6,105.0,108.0,2,107.4,111.2,111.2,111.2,1.0,11120.0,358
2023-05-10 09:54:04,MO2312-P-6000,MO2312-P-6000,111.2,0.0,0.0,0.0,8,105.0,108.0,2,107.4,111.2,111.2,111.2,1.0,11120.0,358
2023-05-10 09:54:05,MO2312-P-6000,MO2312-P-6000,111.2,0.0,0.0,0.0,6,105.2,108.0,2,107.4,111.2,111.2,111.2,1.0,11120.0,358
2023-05-10 09:54:05,MO2312-P-6000,MO2312-P-6000,111.2,0.0,0.0,0.0,8,105.2,108.0,2,107.4,111.2,111.2,111.2,1.0,11120.0,358
2023-05-10 09:54:06,MO2312-P-6000,MO2312-P-6000,111.2,0.0,0.0,0.0,6,105.4,108.0,2,107.4,111.2,111.2,111.2,1.0,11120.0,358
2023-05-10 09:54:06,MO2312-P-6000,MO2312-P-6000,111.2,0.0,0.0,0.0,6,105.2,108.0,2,107.4,111.2,111.2,111.2,1.0,11120.0,358
2023-05-10 09:54:08,MO2312-P-6000,MO2312-P-6000,111.2,0.0,0.0,0.0,2,104.8,108.0,2,107.4,111.2,111.2,111.2,1.0,11120.0,358
2023-05-10 09:54:08,MO2312-P-6000,MO2312-P-6000,111.2,0.0,0.0,0.0,6,105.0,108.0,2,107.4,111.2,111.2,111.2,1.0,11120.0,358
2023-05-10 09:54:18,MO2312-P-6000,MO2312-P-6000,111.2,0.0,0.0,0.0,8,104.6,108.0,2,107.4,111.2,111.2,111.2,1.0,11120.0,358
2023-05-10 09:54:19,MO2312-P-6000,MO2312-P-6000,111.2,0.0,0.0,0.0,6,104.8,108.0,2,107.4,111.2,111.2,111.2,1.0,11120.0,358
2023-05-10 09:54:25,MO2312-P-6000,MO2312-P-6000,111.2,0.0,0.0,0.0,8,104.8,108.0,2,107.4,111.2,111.2,111.2,1.0,11120.0,358
2023-05-10 09:54:26,MO2312-P-6000,MO2312-P-6000,111.2,0.0,0.0,0.0,6,105.0,108.0,2,107.4,111.2,111.2,111.2,1.0,11120.0,358
2023-05-10 09:54:33,MO2312-P-6000,MO2312-P-6000,111.2,0.0,0.0,0.0,8,104.6,108.0,2,107.4,111.2,111.2,111.2,1.0,11120.0,358
2023-05-10 09:54:33,MO2312-P-6000,MO2312-P-6000,111.2,0.0,0.0,0.0,6,104.8,108.0,2,107.4,111.2,111.2,111.2,1.0,11120.0,358
2023-05-10 09:54:41,MO2312-P-6000,MO2312-P-6000,111.2,0.0,0.0,0.0,8,104.8,108.0,2,107.4,111.2,111.2,111.2,1.0,11120.0,358
2023-05-10 09:54:41,MO2312-P-6000,MO2312-P-6000,111.2,0.0,0.0,0.0,6,105.0,108.0,2,107.4,111.2,111.2,111.2,1.0,11120.0,358
2023-05-10 09:54:44,MO2312-P-6000,MO2312-P-6000,111.2,0.0,0.0,0.0,6,104.8,108.0,2,107.4,111.2,111.2,111.2,1.0,11120.0,358
2023-05-10 09:55:01,MO2312-P-6000,MO2312-P-6000,111.2,0.0,0.0,0.0,2,105.0,108.0,2,107.4,111.2,111.2,111.2,1.0,11120.0,358
2023-05-10 09:55:01,MO2312-P-6000,MO2312-P-6000,111.2,0.0,0.0,0.0,6,105.2,108.0,2,107.4,111.2,111.2,111.2,1.0,11120.0,358
2023-05-10 09:55:03,MO2312-P-6000,MO2312-P-6000,111.2,0.0,0.0,0.0,6,105.2,108.0,1,107.4,111.2,111.2,111.2,1.0,11120.0,358
2023-05-10 09:55:06,MO2312-P-6000,MO2312-P-6000,111.2,0.0,0.0,0.0,2,105.4,108.0,1,107.4,111.2,111.2,111.2,1.0,11120.0,358
2023-05-10 09:55:07,MO2312-P-6000,MO2312-P-6000,111.2,0.0,0.0,0.0,6,105.6,108.0,1,107.4,111.2,111.2,111.2,1.0,11120.0,358
2023-05-10 09:55:07,MO2312-P-6000,MO2312-P-6000,111.2,0.0,0.0,0.0,6,105.4,108.0,1,107.4,111.2,111.2,111.2,1.0,11120.0,358
2023-05-10 09:55:09,MO2312-P-6000,MO2312-P-6000,111.2,0.0,0.0,0.0,6,105.2,108.0,1,107.4,111.2,111.2,111.2,1.0,11120.0,358
2023-05-10 09:55:11,MO2312-P-6000,MO2312-P-6000,111.2,0.0,0.0,0.0,6,105.0,108.0,1,107.4,111.2,111.2,111.2,1.0,11120.0,358
2023-05-10 09:55:11,MO2312-P-6000,MO2312-P-6000,111.2,0.0,0.0,0.0,8,105.0,108.0,1,107.4,111.2,111.2,111.2,1.0,11120.0,358
2023-05-10 09:55:12,MO2312-P-6000,MO2312-P-6000,111.2,0.0,0.0,0.0,6,105.2,108.0,1,107.4,111.2,111.2,111.2,1.0,11120.0,358
2023-05-10 09:55:14,MO2312-P-6000,MO2312-P-6000,111.2,0.0,0.0,0.0,2,104.8,108.0,1,107.4,111.2,111.2,111.2,1.0,11120.0,358
2023-05-10 09:55:14,MO2312-P-6000,MO2312-P-6000,111.2,0.0,0.0,0.0,6,105.0,108.0,1,107.4,111.2,111.2,111.2,1.0,11120.0,358
2023-05-10 09:55:16,MO2312-P-6000,MO2312-P-6000,111.2,0.0,0.0,0.0,8,105.0,108.0,1,107.4,111.2,111.2,111.2,1.0,11120.0,358
2023-05-10 09:55:17,MO2312-P-6000,MO2312-P-6000,111.2,0.0,0.0,0.0,6,105.2,108.0,1,107.4,111.2,111.2,111.2,1.0,11120.0,358
2023-05-10 09:55:24,MO2312-P-6000,MO2312-P-6000,111.2,0.0,0.0,0.0,2,104.8,108.0,1,107.4,111.2,111.2,111.2,1.0,11120.0,358
2023-05-10 09:55:24,MO2312-P-6000,MO2312-P-6000,111.2,0.0,0.0,0.0,6,105.0,108.0,1,107.4,111.2,111.2,111.2,1.0,11120.0,358
2023-05-10 09:55:31,MO2312-P-6000,MO2312-P-6000,111.2,0.0,0.0,0.0,2,105.2,108.0,1,107.4,111.2,111.2,111.2,1.0,11120.0,358
2023-05-10 09:55:32,MO2312-P-6000,MO2312-P-6000,111.2,0.0,0.0,0.0,6,105.4,108.0,1,107.4,111.2,111.2,111.2,1.0,11120.0,358
2023-05-10 09:55:33,MO2312-P-6000,MO2312-P-6000,111.2,0.0,0.0,0.0,2,105.0,108.0,1,107.4,111.2,111.2,111.2,1.0,11120.0,358
2023-05-10 09:55:34,MO2312-P-6000,MO2312-P-6000,111.2,0.0,0.0,0.0,6,105.2,108.0,1,107.4,111.2,111.2,111.2,1.0,11120.0,358
2023-05-10 09:55:34,MO2312-P-6000,MO2312-P-6000,111.2,0.0,0.0,0.0,6,105.2,107.2,1,107.4,111.2,111.2,111.2,1.0,11120.0,358
2023-05-10 09:55:35,MO2312-P-6000,MO2312-P-6000,111.2,0.0,0.0,0.0,2,104.8,107.2,1,107.4,111.2,111.2,111.2,1.0,11120.0,358
2023-05-10 09:55:36,MO2312-P-6000,MO2312-P-6000,111.2,0.0,0.0,0.0,6,105.0,107.2,1,107.4,111.2,111.2,111.2,1.0,11120.0,358
2023-05-10 09:55:37,MO2312-P-6000,MO2312-P-6000,111.2,0.0,0.0,0.0,6,105.0,108.0,1,107.4,111.2,111.2,111.2,1.0,11120.0,358
2023-05-10 09:55:39,MO2312-P-6000,MO2312-P-6000,111.2,0.0,0.0,0.0,7,105.0,108.0,1,107.4,111.2,111.2,111.2,1.0,11120.0,358
2023-05-10 09:55:39,MO2312-P-6000,MO2312-P-6000,111.2,0.0,0.0,0.0,6,105.2,108.0,1,107.4,111.2,111.2,111.2,1.0,11120.0,358
2023-05-10 09:55:46,MO2312-P-6000,MO2312-P-6000,111.2,0.0,0.0,0.0,6,105.0,108.0,1,107.4,111.2,111.2,111.2,1.0,11120.0,358
2023-05-10 09:55:53,MO2312-P-6000,MO2312-P-6000,111.2,0.0,0.0,0.0,8,105.0,108.0,1,107.4,111.2,111.2,111.2,1.0,11120.0,358
2023-05-10 09:55:53,MO2312-P-6000,MO2312-P-6000,111.2,0.0,0.0,0.0,6,105.2,108.0,1,107.4,111.2,111.2,111.2,1.0,11120.0,358
2023-05-10 09:55:55,MO2312-P-6000,MO2312-P-6000,111.2,0.0,0.0,0.0,2,104.8,108.0,1,107.4,111.2,111.2,111.2,1.0,11120.0,358
2023-05-10 09:55:55,MO2312-P-6000,MO2312-P-6000,111.2,0.0,0.0,0.0,6,105.0,108.0,1,107.4,111.2,111.2,111.2,1.0,11120.0,358
2023-05-10 09:55:56,MO2312-P-6000,MO2312-P-6000,111.2,0.0,0.0,0.0,8,105.0,108.0,1,107.4,111.2,111.2,111.2,1.0,11120.0,358
2023-05-10 09:55:56,MO2312-P-6000,MO2312-P-6000,111.2,0.0,0.0,0.0,6,105.2,108.0,1,107.4,111.2,111.2,111.2,1.0,11120.0,358
2023-05-10 09:56:03,MO2312-P-6000,MO2312-P-6000,111.2,0.0,0.0,0.0,8,105.2,108.0,1,107.4,111.2,111.2,111.2,1.0,11120.0,358
2023-05-10 09:56:04,MO2312-P-6000,MO2312-P-6000,111.2,0.0,0.0,0.0,6,105.4,108.0,1,107.4,111.2,111.2,111.2,1.0,11120.0,358
2023-05-10 09:56:06,MO2312-P-6000,MO2312-P-6000,111.2,0.0,0.0,0.0,2,105.0,108.0,1,107.4,111.2,111.2,111.2,1.0,11120.0,358
2023-05-10 09:56:07,MO2312-P-6000,MO2312-P-6000,111.2,0.0,0.0,0.0,6,105.2,108.0,1,107.4,111.2,111.2,111.2,1.0,11120.0,358
2023-05-10 09:56:09,MO2312-P-6000,MO2312-P-6000,111.2,0.0,0.0,0.0,8,105.2,108.0,1,107.4,111.2,111.2,111.2,1.0,11120.0,358
2023-05-10 09:56:10,MO2312-P-6000,MO2312-P-6000,111.2,0.0,0.0,0.0,6,105.4,108.0,1,107.4,111.2,111.2,111.2,1.0,11120.0,358
2023-05-10 09:56:11,MO2312-P-6000,MO2312-P-6000,111.2,0.0,0.0,0.0,8,105.4,108.0,1,107.4,111.2,111.2,111.2,1.0,11120.0,358
2023-05-10 09:56:12,MO2312-P-6000,MO2312-P-6000,111.2,0.0,0.0,0.0,6,105.6,108.0,1,107.4,111.2,111.2,111.2,1.0,11120.0,358
2023-05-10 09:56:17,MO2312-P-6000,MO2312-P-6000,111.2,0.0,0.0,0.0,2,105.0,108.0,1,107.4,111.2,111.2,111.2,1.0,11120.0,358
2023-05-10 09:56:17,MO2312-P-6000,MO2312-P-6000,111.2,0.0,0.0,0.0,6,105.2,108.0,1,107.4,111.2,111.2,111.2,1.0,11120.0,358
2023-05-10 09:56:18,MO2312-P-6000,MO2312-P-6000,111.2,0.0,0.0,0.0,2,105.4,108.0,1,107.4,111.2,111.2,111.2,1.0,11120.0,358
2023-05-10 09:56:18,MO2312-P-6000,MO2312-P-6000,111.2,0.0,0.0,0.0,6,105.6,108.0,1,107.4,111.2,111.2,111.2,1.0,11120.0,358
2023-05-10 09:56:19,MO2312-P-6000,MO2312-P-6000,111.2,0.0,0.0,0.0,6,105.4,108.0,1,107.4,111.2,111.2,111.2,1.0,11120.0,358
2023-05-10 09:56:21,MO2312-P-6000,MO2312-P-6000,111.2,0.0,0.0,0.0,8,105.4,108.0,1,107.4,111.2,111.2,111.2,1.0,11120.0,358
2023-05-10 09:56:22,MO2312-P-6000,MO2312-P-6000,111.2,0.0,0.0,0.0,6,105.6,108.0,1,107.4,111.2,111.2,111.2,1.0,11120.0,358
2023-05-10 09:56:25,MO2312-P-6000,MO2312-P-6000,111.2,0.0,0.0,0.0,6,105.4,108.0,1,107.4,111.2,111.2,111.2,1.0,11120.0,358
2023-05-10 09:56:30,MO2312-P-6000,MO2312-P-6000,111.2,0.0,0.0,0.0,6,105.2,108.0,1,107.4,111.2,111.2,111.2,1.0,11120.0,358
2023-05-10 09:56:31,MO2312-P-6000,MO2312-P-6000,111.2,0.0,0.0,0.0,8,105.2,108.0,1,107.4,111.2,111.2,111.2,1.0,11120.0,358
2023-05-10 09:56:32,MO2312-P-6000,MO2312-P-6000,111.2,0.0,0.0,0.0,6,105.4,108.0,1,107.4,111.2,111.2,111.2,1.0,11120.0,358
2023-05-10 09:56:36,MO2312-P-6000,MO2312-P-6000,111.2,0.0,0.0,0.0,2,105.0,108.0,1,107.4,111.2,111.2,111.2,1.0,11120.0,358
2023-05-10 09:56:36,MO2312-P-6000,MO2312-P-6000,111.2,0.0,0.0,0.0,6,105.2,108.0,1,107.4,111.2,111.2,111.2,1.0,11120.0,358
2023-05-10 09:56:43,MO2312-P-6000,MO2312-P-6000,111.2,0.0,0.0,0.0,2,104.8,108.0,1,107.4,111.2,111.2,111.2,1.0,11120.0,358
2023-05-10 09:56:43,MO2312-P-6000,MO2312-P-6000,111.2,0.0,0.0,0.0,6,105.0,108.0,1,107.4,111.2,111.2,111.2,1.0,11120.0,358
2023-05-10 09:56:44,MO2312-P-6000,MO2312-P-6000,111.2,0.0,0.0,0.0,6,104.8,108.0,1,107.4,111.2,111.2,111.2,1.0,11120.0,358
2023-05-10 09:56:44,MO2312-P-6000,MO2312-P-6000,111.2,0.0,0.0,0.0,2,105.0,108.0,1,107.4,111.2,111.2,111.2,1.0,11120.0,358
2023-05-10 09:56:45,MO2312-P-6000,MO2312-P-6000,111.2,0.0,0.0,0.0,6,105.2,108.0,1,107.4,111.2,111.2,111.2,1.0,11120.0,358
2023-05-10 09:56:47,MO2312-P-6000,MO2312-P-6000,111.2,0.0,0.0,0.0,2,104.8,108.0,1,107.4,111.2,111.2,111.2,1.0,11120.0,358
2023-05-10 09:56:48,MO2312-P-6000,MO2312-P-6000,111.2,0.0,0.0,0.0,6,105.0,108.0,1,107.4,111.2,111.2,111.2,1.0,11120.0,358
