time,symbol_id,symbol_name,last,trade_volume,trade_amount,open_interest_change,bv1,bp1,ap1,av1,yesterday_close,today_open,today_high,today_low,volume,amount,open_interest
2023-05-10 09:29:00,MO2312-C-7400,MO2312-C-7400,57.0,0.0,0.0,0.0,1,50.0,68.8,1,57.0,59.4,0.0,0.0,0.0,0.0,243
2023-05-10 09:30:00,MO2312-C-7400,MO2312-C-7400,57.0,0.0,0.0,0.0,1,51.0,65.4,1,57.0,59.4,0.0,0.0,0.0,0.0,243
2023-05-10 09:30:00,MO2312-C-7400,MO2312-C-7400,57.0,0.0,0.0,0.0,2,51.0,63.6,1,57.0,59.4,0.0,0.0,0.0,0.0,243
2023-05-10 09:30:02,MO2312-C-7400,MO2312-C-7400,57.0,0.0,0.0,0.0,6,51.2,63.6,7,57.0,59.4,0.0,0.0,0.0,0.0,243
2023-05-10 09:30:03,MO2312-C-7400,MO2312-C-7400,57.0,0.0,0.0,0.0,6,51.2,63.4,6,57.0,59.4,0.0,0.0,0.0,0.0,243
2023-05-10 09:30:04,MO2312-C-7400,MO2312-C-7400,57.0,0.0,0.0,0.0,1,52.8,63.4,6,57.0,59.4,0.0,0.0,0.0,0.0,243
2023-05-10 09:30:05,MO2312-C-7400,MO2312-C-7400,57.0,0.0,0.0,0.0,1,52.8,61.6,1,57.0,59.4,0.0,0.0,0.0,0.0,243
2023-05-10 09:30:05,MO2312-C-7400,MO2312-C-7400,57.0,0.0,0.0,0.0,6,53.0,61.6,1,57.0,59.4,0.0,0.0,0.0,0.0,243
2023-05-10 09:30:08,MO2312-C-7400,MO2312-C-7400,57.0,0.0,0.0,0.0,6,53.0,62.0,6,57.0,59.4,0.0,0.0,0.0,0.0,243
2023-05-10 09:30:08,MO2312-C-7400,MO2312-C-7400,57.0,0.0,0.0,0.0,1,52.8,63.4,6,57.0,59.4,0.0,0.0,0.0,0.0,243
2023-05-10 09:30:13,MO2312-C-7400,MO2312-C-7400,57.0,0.0,0.0,0.0,7,52.8,63.6,1,57.0,59.4,0.0,0.0,0.0,0.0,243
2023-05-10 09:30:14,MO2312-C-7400,MO2312-C-7400,57.0,0.0,0.0,0.0,6,53.0,63.6,7,57.0,59.4,0.0,0.0,0.0,0.0,243
2023-05-10 09:30:15,MO2312-C-7400,MO2312-C-7400,57.0,0.0,0.0,0.0,1,53.0,63.4,6,57.0,59.4,0.0,0.0,0.0,0.0,243
2023-05-10 09:30:20,MO2312-C-7400,MO2312-C-7400,57.0,0.0,0.0,0.0,1,53.0,63.4,8,57.0,59.4,0.0,0.0,0.0,0.0,243
2023-05-10 09:30:21,MO2312-C-7400,MO2312-C-7400,57.0,0.0,0.0,0.0,1,53.0,63.2,6,57.0,59.4,0.0,0.0,0.0,0.0,243
2023-05-10 09:30:22,MO2312-C-7400,MO2312-C-7400,57.0,0.0,0.0,0.0,1,53.0,63.2,2,57.0,59.4,0.0,0.0,0.0,0.0,243
2023-05-10 09:30:22,MO2312-C-7400,MO2312-C-7400,57.0,0.0,0.0,0.0,1,53.0,63.0,6,57.0,59.4,0.0,0.0,0.0,0.0,243
2023-05-10 09:30:23,MO2312-C-7400,MO2312-C-7400,57.0,0.0,0.0,0.0,1,53.0,63.4,6,57.0,59.4,0.0,0.0,0.0,0.0,243
2023-05-10 09:30:25,MO2312-C-7400,MO2312-C-7400,57.0,0.0,0.0,0.0,1,53.0,63.4,12,57.0,59.4,0.0,0.0,0.0,0.0,243
2023-05-10 09:30:25,MO2312-C-7400,MO2312-C-7400,57.0,0.0,0.0,0.0,1,53.2,63.2,6,57.0,59.4,0.0,0.0,0.0,0.0,243
2023-05-10 09:30:26,MO2312-C-7400,MO2312-C-7400,57.0,0.0,0.0,0.0,6,55.4,63.2,6,57.0,59.4,0.0,0.0,0.0,0.0,243
2023-05-10 09:30:26,MO2312-C-7400,MO2312-C-7400,57.0,0.0,0.0,0.0,6,55.4,63.4,6,57.0,59.4,0.0,0.0,0.0,0.0,243
2023-05-10 09:30:27,MO2312-C-7400,MO2312-C-7400,57.0,0.0,0.0,0.0,8,55.4,63.4,8,57.0,59.4,0.0,0.0,0.0,0.0,243
2023-05-10 09:30:27,MO2312-C-7400,MO2312-C-7400,57.0,0.0,0.0,0.0,6,55.4,63.4,12,57.0,59.4,0.0,0.0,0.0,0.0,243
2023-05-10 09:30:28,MO2312-C-7400,MO2312-C-7400,57.0,0.0,0.0,0.0,8,55.4,63.2,8,57.0,59.4,0.0,0.0,0.0,0.0,243
2023-05-10 09:30:28,MO2312-C-7400,MO2312-C-7400,57.0,0.0,0.0,0.0,6,55.4,63.2,14,57.0,59.4,0.0,0.0,0.0,0.0,243
2023-05-10 09:30:29,MO2312-C-7400,MO2312-C-7400,57.0,0.0,0.0,0.0,8,55.4,63.0,6,57.0,59.4,0.0,0.0,0.0,0.0,243
2023-05-10 09:30:29,MO2312-C-7400,MO2312-C-7400,57.0,0.0,0.0,0.0,6,55.4,63.0,8,57.0,59.4,0.0,0.0,0.0,0.0,243
2023-05-10 09:30:30,MO2312-C-7400,MO2312-C-7400,57.0,0.0,0.0,0.0,8,55.4,62.8,6,57.0,59.4,0.0,0.0,0.0,0.0,243
2023-05-10 09:30:30,MO2312-C-7400,MO2312-C-7400,57.0,0.0,0.0,0.0,6,55.4,62.8,6,57.0,59.4,0.0,0.0,0.0,0.0,243
2023-05-10 09:30:31,MO2312-C-7400,MO2312-C-7400,57.0,0.0,0.0,0.0,8,55.4,62.8,2,57.0,59.4,0.0,0.0,0.0,0.0,243
2023-05-10 09:30:31,MO2312-C-7400,MO2312-C-7400,57.0,0.0,0.0,0.0,6,55.4,62.6,6,57.0,59.4,0.0,0.0,0.0,0.0,243
2023-05-10 09:30:32,MO2312-C-7400,MO2312-C-7400,57.0,0.0,0.0,0.0,8,55.4,62.6,8,57.0,59.4,0.0,0.0,0.0,0.0,243
2023-05-10 09:30:32,MO2312-C-7400,MO2312-C-7400,57.0,0.0,0.0,0.0,6,55.4,62.4,6,57.0,59.4,0.0,0.0,0.0,0.0,243
2023-05-10 09:30:33,MO2312-C-7400,MO2312-C-7400,57.0,0.0,0.0,0.0,8,55.4,62.4,8,57.0,59.4,0.0,0.0,0.0,0.0,243
2023-05-10 09:30:33,MO2312-C-7400,MO2312-C-7400,57.0,0.0,0.0,0.0,6,55.4,62.2,6,57.0,59.4,0.0,0.0,0.0,0.0,243
2023-05-10 09:30:34,MO2312-C-7400,MO2312-C-7400,57.0,0.0,0.0,0.0,8,55.4,62.2,2,57.0,59.4,0.0,0.0,0.0,0.0,243
2023-05-10 09:30:34,MO2312-C-7400,MO2312-C-7400,57.0,0.0,0.0,0.0,6,55.4,62.0,6,57.0,59.4,0.0,0.0,0.0,0.0,243
2023-05-10 09:30:35,MO2312-C-7400,MO2312-C-7400,57.0,0.0,0.0,0.0,6,55.6,62.0,2,57.0,59.4,0.0,0.0,0.0,0.0,243
2023-05-10 09:30:35,MO2312-C-7400,MO2312-C-7400,57.0,0.0,0.0,0.0,6,55.6,61.8,6,57.0,59.4,0.0,0.0,0.0,0.0,243
2023-05-10 09:30:36,MO2312-C-7400,MO2312-C-7400,57.0,0.0,0.0,0.0,6,55.6,61.8,8,57.0,59.4,0.0,0.0,0.0,0.0,243
2023-05-10 09:30:36,MO2312-C-7400,MO2312-C-7400,57.0,0.0,0.0,0.0,6,55.6,61.6,6,57.0,59.4,0.0,0.0,0.0,0.0,243
2023-05-10 09:30:37,MO2312-C-7400,MO2312-C-7400,57.0,0.0,0.0,0.0,6,55.6,61.6,8,57.0,59.4,0.0,0.0,0.0,0.0,243
2023-05-10 09:30:39,MO2312-C-7400,MO2312-C-7400,57.0,0.0,0.0,0.0,6,55.6,61.4,6,57.0,59.4,0.0,0.0,0.0,0.0,243
2023-05-10 09:30:39,MO2312-C-7400,MO2312-C-7400,57.0,0.0,0.0,0.0,6,55.6,61.6,6,57.0,59.4,0.0,0.0,0.0,0.0,243
2023-05-10 09:30:40,MO2312-C-7400,MO2312-C-7400,57.0,0.0,0.0,0.0,7,55.6,61.6,8,57.0,59.4,0.0,0.0,0.0,0.0,243
2023-05-10 09:30:41,MO2312-C-7400,MO2312-C-7400,57.0,0.0,0.0,0.0,7,55.6,61.4,6,57.0,59.4,0.0,0.0,0.0,0.0,243
2023-05-10 09:30:41,MO2312-C-7400,MO2312-C-7400,57.0,0.0,0.0,0.0,7,55.6,61.6,6,57.0,59.4,0.0,0.0,0.0,0.0,243
2023-05-10 09:30:42,MO2312-C-7400,MO2312-C-7400,57.0,0.0,0.0,0.0,7,55.6,61.6,8,57.0,59.4,0.0,0.0,0.0,0.0,243
2023-05-10 09:30:43,MO2312-C-7400,MO2312-C-7400,57.0,0.0,0.0,0.0,7,55.6,61.4,6,57.0,59.4,0.0,0.0,0.0,0.0,243
2023-05-10 09:30:43,MO2312-C-7400,MO2312-C-7400,57.0,0.0,0.0,0.0,7,55.6,61.6,6,57.0,59.4,0.0,0.0,0.0,0.0,243
2023-05-10 09:30:44,MO2312-C-7400,MO2312-C-7400,57.0,0.0,0.0,0.0,6,55.6,61.6,6,57.0,59.4,0.0,0.0,0.0,0.0,243
2023-05-10 09:30:47,MO2312-C-7400,MO2312-C-7400,57.0,0.0,0.0,0.0,6,55.6,61.6,8,57.0,59.4,0.0,0.0,0.0,0.0,243
2023-05-10 09:30:48,MO2312-C-7400,MO2312-C-7400,57.0,0.0,0.0,0.0,6,55.6,61.4,6,57.0,59.4,0.0,0.0,0.0,0.0,243
2023-05-10 09:30:48,MO2312-C-7400,MO2312-C-7400,57.0,0.0,0.0,0.0,6,55.6,61.6,6,57.0,59.4,0.0,0.0,0.0,0.0,243
2023-05-10 09:30:54,MO2312-C-7400,MO2312-C-7400,57.0,0.0,0.0,0.0,8,55.6,61.6,6,57.0,59.4,0.0,0.0,0.0,0.0,243
2023-05-10 09:30:56,MO2312-C-7400,MO2312-C-7400,57.0,0.0,0.0,0.0,6,55.6,61.6,6,57.0,59.4,0.0,0.0,0.0,0.0,243
2023-05-10 09:30:58,MO2312-C-7400,MO2312-C-7400,57.0,0.0,0.0,0.0,8,55.6,61.6,6,57.0,59.4,0.0,0.0,0.0,0.0,243
2023-05-10 09:30:59,MO2312-C-7400,MO2312-C-7400,57.0,0.0,0.0,0.0,6,55.6,61.6,6,57.0,59.4,0.0,0.0,0.0,0.0,243
2023-05-10 09:31:00,MO2312-C-7400,MO2312-C-7400,57.0,0.0,0.0,0.0,8,55.6,61.6,6,57.0,59.4,0.0,0.0,0.0,0.0,243
2023-05-10 09:31:08,MO2312-C-7400,MO2312-C-7400,57.0,0.0,0.0,0.0,6,55.6,61.6,6,57.0,59.4,0.0,0.0,0.0,0.0,243
2023-05-10 09:31:31,MO2312-C-7400,MO2312-C-7400,57.0,0.0,0.0,0.0,12,55.6,61.6,6,57.0,59.4,0.0,0.0,0.0,0.0,243
2023-05-10 09:31:33,MO2312-C-7400,MO2312-C-7400,57.0,0.0,0.0,0.0,2,56.0,61.6,6,57.0,59.4,0.0,0.0,0.0,0.0,243
2023-05-10 09:31:35,MO2312-C-7400,MO2312-C-7400,57.0,0.0,0.0,0.0,8,56.0,61.6,6,57.0,59.4,0.0,0.0,0.0,0.0,243
2023-05-10 09:31:35,MO2312-C-7400,MO2312-C-7400,57.0,0.0,0.0,0.0,6,56.2,61.6,6,57.0,59.4,0.0,0.0,0.0,0.0,243
2023-05-10 09:31:36,MO2312-C-7400,MO2312-C-7400,57.0,0.0,0.0,0.0,6,56.2,62.0,6,57.0,59.4,0.0,0.0,0.0,0.0,243
2023-05-10 09:31:37,MO2312-C-7400,MO2312-C-7400,57.0,0.0,0.0,0.0,6,56.2,62.4,6,57.0,59.4,0.0,0.0,0.0,0.0,243
2023-05-10 09:31:39,MO2312-C-7400,MO2312-C-7400,57.0,0.0,0.0,0.0,6,56.2,62.2,6,57.0,59.4,0.0,0.0,0.0,0.0,243
2023-05-10 09:31:39,MO2312-C-7400,MO2312-C-7400,57.0,0.0,0.0,0.0,6,56.2,62.0,6,57.0,59.4,0.0,0.0,0.0,0.0,243
2023-05-10 09:31:41,MO2312-C-7400,MO2312-C-7400,57.0,0.0,0.0,0.0,7,56.2,62.0,6,57.0,59.4,0.0,0.0,0.0,0.0,243
2023-05-10 09:31:51,MO2312-C-7400,MO2312-C-7400,57.0,0.0,0.0,0.0,9,56.2,62.0,8,57.0,59.4,0.0,0.0,0.0,0.0,243
2023-05-10 09:31:51,MO2312-C-7400,MO2312-C-7400,57.0,0.0,0.0,0.0,1,56.4,61.8,6,57.0,59.4,0.0,0.0,0.0,0.0,243
2023-05-10 09:31:54,MO2312-C-7400,MO2312-C-7400,57.0,0.0,0.0,0.0,1,56.4,61.8,8,57.0,59.4,0.0,0.0,0.0,0.0,243
2023-05-10 09:31:54,MO2312-C-7400,MO2312-C-7400,57.0,0.0,0.0,0.0,1,56.4,61.6,6,57.0,59.4,0.0,0.0,0.0,0.0,243
2023-05-10 09:31:57,MO2312-C-7400,MO2312-C-7400,57.0,0.0,0.0,0.0,1,56.4,62.0,8,57.0,59.4,0.0,0.0,0.0,0.0,243
2023-05-10 09:31:57,MO2312-C-7400,MO2312-C-7400,57.0,0.0,0.0,0.0,1,56.4,61.8,6,57.0,59.4,0.0,0.0,0.0,0.0,243
2023-05-10 09:32:01,MO2312-C-7400,MO2312-C-7400,57.0,0.0,0.0,0.0,1,56.4,62.0,6,57.0,59.4,0.0,0.0,0.0,0.0,243
2023-05-10 09:32:01,MO2312-C-7400,MO2312-C-7400,57.0,0.0,0.0,0.0,1,56.6,62.0,6,57.0,59.4,0.0,0.0,0.0,0.0,243
2023-05-10 09:32:07,MO2312-C-7400,MO2312-C-7400,57.0,0.0,0.0,0.0,13,56.6,62.0,18,57.0,59.4,0.0,0.0,0.0,0.0,243
2023-05-10 09:32:08,MO2312-C-7400,MO2312-C-7400,57.0,0.0,0.0,0.0,19,56.6,61.8,6,57.0,59.4,0.0,0.0,0.0,0.0,243
2023-05-10 09:32:09,MO2312-C-7400,MO2312-C-7400,57.0,0.0,0.0,0.0,21,56.6,61.8,6,57.0,59.4,0.0,0.0,0.0,0.0,243
2023-05-10 09:32:11,MO2312-C-7400,MO2312-C-7400,57.0,0.0,0.0,0.0,19,56.6,61.8,6,57.0,59.4,0.0,0.0,0.0,0.0,243
2023-05-10 09:32:11,MO2312-C-7400,MO2312-C-7400,57.0,0.0,0.0,0.0,1,56.8,61.8,6,57.0,59.4,0.0,0.0,0.0,0.0,243
2023-05-10 09:32:21,MO2312-C-7400,MO2312-C-7400,57.0,0.0,0.0,0.0,1,57.0,61.8,6,57.0,59.4,0.0,0.0,0.0,0.0,243
2023-05-10 09:32:22,MO2312-C-7400,MO2312-C-7400,57.0,0.0,0.0,0.0,7,57.0,61.8,6,57.0,59.4,0.0,0.0,0.0,0.0,243
2023-05-10 09:32:24,MO2312-C-7400,MO2312-C-7400,57.0,0.0,0.0,0.0,9,57.0,61.8,6,57.0,59.4,0.0,0.0,0.0,0.0,243
2023-05-10 09:32:24,MO2312-C-7400,MO2312-C-7400,57.0,0.0,0.0,0.0,6,57.2,61.8,6,57.0,59.4,0.0,0.0,0.0,0.0,243
2023-05-10 09:32:26,MO2312-C-7400,MO2312-C-7400,57.0,0.0,0.0,0.0,7,57.2,61.8,6,57.0,59.4,0.0,0.0,0.0,0.0,243
2023-05-10 09:32:28,MO2312-C-7400,MO2312-C-7400,57.0,0.0,0.0,0.0,9,57.2,61.8,6,57.0,59.4,0.0,0.0,0.0,0.0,243
2023-05-10 09:32:36,MO2312-C-7400,MO2312-C-7400,57.0,0.0,0.0,0.0,1,57.4,61.8,6,57.0,59.4,0.0,0.0,0.0,0.0,243
2023-05-10 09:32:46,MO2312-C-7400,MO2312-C-7400,57.0,0.0,0.0,0.0,8,57.2,61.8,6,57.0,59.4,0.0,0.0,0.0,0.0,243
2023-05-10 09:32:48,MO2312-C-7400,MO2312-C-7400,57.0,0.0,0.0,0.0,6,57.2,61.8,6,57.0,59.4,0.0,0.0,0.0,0.0,243
2023-05-10 09:32:49,MO2312-C-7400,MO2312-C-7400,57.0,0.0,0.0,0.0,8,57.2,61.8,6,57.0,59.4,0.0,0.0,0.0,0.0,243
2023-05-10 09:32:56,MO2312-C-7400,MO2312-C-7400,57.0,0.0,0.0,0.0,9,57.2,61.8,6,57.0,59.4,0.0,0.0,0.0,0.0,243
2023-05-10 09:33:00,MO2312-C-7400,MO2312-C-7400,57.0,0.0,0.0,0.0,9,57.2,61.8,8,57.0,59.4,0.0,0.0,0.0,0.0,243
2023-05-10 09:33:01,MO2312-C-7400,MO2312-C-7400,57.0,0.0,0.0,0.0,9,57.2,61.6,6,57.0,59.4,0.0,0.0,0.0,0.0,243
2023-05-10 09:33:04,MO2312-C-7400,MO2312-C-7400,57.0,0.0,0.0,0.0,9,57.2,61.8,6,57.0,59.4,0.0,0.0,0.0,0.0,243
2023-05-10 09:33:06,MO2312-C-7400,MO2312-C-7400,57.0,0.0,0.0,0.0,1,57.4,61.8,6,57.0,59.4,0.0,0.0,0.0,0.0,243
2023-05-10 09:33:07,MO2312-C-7400,MO2312-C-7400,57.0,0.0,0.0,0.0,1,57.4,61.8,8,57.0,59.4,0.0,0.0,0.0,0.0,243
2023-05-10 09:33:08,MO2312-C-7400,MO2312-C-7400,57.0,0.0,0.0,0.0,1,57.4,61.6,6,57.0,59.4,0.0,0.0,0.0,0.0,243
2023-05-10 09:33:09,MO2312-C-7400,MO2312-C-7400,57.0,0.0,0.0,0.0,1,57.4,61.6,8,57.0,59.4,0.0,0.0,0.0,0.0,243
2023-05-10 09:33:09,MO2312-C-7400,MO2312-C-7400,57.0,0.0,0.0,0.0,1,57.4,61.4,6,57.0,59.4,0.0,0.0,0.0,0.0,243
2023-05-10 09:33:12,MO2312-C-7400,MO2312-C-7400,57.0,0.0,0.0,0.0,1,57.4,61.6,6,57.0,59.4,0.0,0.0,0.0,0.0,243
2023-05-10 09:33:17,MO2312-C-7400,MO2312-C-7400,57.0,0.0,0.0,0.0,2,57.2,61.6,6,57.0,59.4,0.0,0.0,0.0,0.0,243
2023-05-10 09:33:17,MO2312-C-7400,MO2312-C-7400,57.0,0.0,0.0,0.0,8,57.0,61.6,8,57.0,59.4,0.0,0.0,0.0,0.0,243
2023-05-10 09:33:18,MO2312-C-7400,MO2312-C-7400,57.0,0.0,0.0,0.0,8,57.0,61.4,6,57.0,59.4,0.0,0.0,0.0,0.0,243
2023-05-10 09:33:18,MO2312-C-7400,MO2312-C-7400,57.0,0.0,0.0,0.0,10,57.0,61.4,6,57.0,59.4,0.0,0.0,0.0,0.0,243
2023-05-10 09:33:21,MO2312-C-7400,MO2312-C-7400,57.0,0.0,0.0,0.0,10,57.0,61.6,8,57.0,59.4,0.0,0.0,0.0,0.0,243
2023-05-10 09:33:21,MO2312-C-7400,MO2312-C-7400,57.0,0.0,0.0,0.0,10,57.0,61.4,6,57.0,59.4,0.0,0.0,0.0,0.0,243
2023-05-10 09:33:22,MO2312-C-7400,MO2312-C-7400,57.0,0.0,0.0,0.0,10,57.0,61.2,6,57.0,59.4,0.0,0.0,0.0,0.0,243
2023-05-10 09:33:23,MO2312-C-7400,MO2312-C-7400,57.0,0.0,0.0,0.0,10,57.0,61.0,6,57.0,59.4,0.0,0.0,0.0,0.0,243
2023-05-10 09:33:32,MO2312-C-7400,MO2312-C-7400,57.0,0.0,0.0,0.0,9,57.0,61.0,6,57.0,59.4,0.0,0.0,0.0,0.0,243
2023-05-10 09:33:46,MO2312-C-7400,MO2312-C-7400,57.0,0.0,0.0,0.0,7,57.0,61.0,6,57.0,59.4,0.0,0.0,0.0,0.0,243
2023-05-10 09:33:46,MO2312-C-7400,MO2312-C-7400,57.0,0.0,0.0,0.0,1,57.0,61.0,8,57.0,59.4,0.0,0.0,0.0,0.0,243
2023-05-10 09:33:47,MO2312-C-7400,MO2312-C-7400,57.0,0.0,0.0,0.0,1,57.0,60.8,6,57.0,59.4,0.0,0.0,0.0,0.0,243
2023-05-10 09:33:49,MO2312-C-7400,MO2312-C-7400,57.0,0.0,0.0,0.0,2,56.8,60.8,6,57.0,59.4,0.0,0.0,0.0,0.0,243
2023-05-10 09:33:49,MO2312-C-7400,MO2312-C-7400,57.0,0.0,0.0,0.0,1,56.6,60.8,6,57.0,59.4,0.0,0.0,0.0,0.0,243
2023-05-10 09:33:59,MO2312-C-7400,MO2312-C-7400,57.0,0.0,0.0,0.0,2,56.4,60.8,6,57.0,59.4,0.0,0.0,0.0,0.0,243
2023-05-10 09:34:00,MO2312-C-7400,MO2312-C-7400,57.0,0.0,0.0,0.0,19,56.2,60.8,6,57.0,59.4,0.0,0.0,0.0,0.0,243
2023-05-10 09:34:01,MO2312-C-7400,MO2312-C-7400,57.0,0.0,0.0,0.0,13,56.2,60.8,6,57.0,59.4,0.0,0.0,0.0,0.0,243
2023-05-10 09:34:01,MO2312-C-7400,MO2312-C-7400,57.0,0.0,0.0,0.0,15,56.2,60.8,6,57.0,59.4,0.0,0.0,0.0,0.0,243
2023-05-10 09:34:13,MO2312-C-7400,MO2312-C-7400,57.0,0.0,0.0,0.0,1,56.4,60.8,6,57.0,59.4,0.0,0.0,0.0,0.0,243
2023-05-10 09:34:18,MO2312-C-7400,MO2312-C-7400,57.0,0.0,0.0,0.0,14,56.2,60.8,6,57.0,59.4,0.0,0.0,0.0,0.0,243
2023-05-10 09:34:19,MO2312-C-7400,MO2312-C-7400,57.0,0.0,0.0,0.0,14,56.2,60.8,8,57.0,59.4,0.0,0.0,0.0,0.0,243
2023-05-10 09:34:19,MO2312-C-7400,MO2312-C-7400,57.0,0.0,0.0,0.0,14,56.2,60.6,6,57.0,59.4,0.0,0.0,0.0,0.0,243
2023-05-10 09:34:20,MO2312-C-7400,MO2312-C-7400,57.0,0.0,0.0,0.0,14,56.2,60.8,6,57.0,59.4,0.0,0.0,0.0,0.0,243
2023-05-10 09:34:21,MO2312-C-7400,MO2312-C-7400,57.0,0.0,0.0,0.0,14,56.2,60.8,8,57.0,59.4,0.0,0.0,0.0,0.0,243
2023-05-10 09:34:21,MO2312-C-7400,MO2312-C-7400,57.0,0.0,0.0,0.0,14,56.2,60.6,6,57.0,59.4,0.0,0.0,0.0,0.0,243
2023-05-10 09:34:22,MO2312-C-7400,MO2312-C-7400,57.0,0.0,0.0,0.0,14,56.2,60.8,6,57.0,59.4,0.0,0.0,0.0,0.0,243
2023-05-10 09:34:27,MO2312-C-7400,MO2312-C-7400,57.0,0.0,0.0,0.0,12,56.2,60.8,6,57.0,59.4,0.0,0.0,0.0,0.0,243
2023-05-10 09:34:28,MO2312-C-7400,MO2312-C-7400,57.0,0.0,0.0,0.0,14,56.2,60.8,6,57.0,59.4,0.0,0.0,0.0,0.0,243
2023-05-10 09:34:32,MO2312-C-7400,MO2312-C-7400,57.0,0.0,0.0,0.0,1,57.0,60.8,6,57.0,59.4,0.0,0.0,0.0,0.0,243
2023-05-10 09:34:34,MO2312-C-7400,MO2312-C-7400,57.0,0.0,0.0,0.0,7,57.0,60.8,6,57.0,59.4,0.0,0.0,0.0,0.0,243
2023-05-10 09:34:35,MO2312-C-7400,MO2312-C-7400,57.0,0.0,0.0,0.0,9,57.0,60.8,6,57.0,59.4,0.0,0.0,0.0,0.0,243
2023-05-10 09:34:40,MO2312-C-7400,MO2312-C-7400,57.0,0.0,0.0,0.0,9,57.0,60.4,6,57.0,59.4,0.0,0.0,0.0,0.0,243
2023-05-10 09:34:40,MO2312-C-7400,MO2312-C-7400,57.0,0.0,0.0,0.0,9,57.0,60.2,6,57.0,59.4,0.0,0.0,0.0,0.0,243
2023-05-10 09:34:41,MO2312-C-7400,MO2312-C-7400,57.0,0.0,0.0,0.0,7,57.0,60.2,6,57.0,59.4,0.0,0.0,0.0,0.0,243
2023-05-10 09:34:42,MO2312-C-7400,MO2312-C-7400,57.0,0.0,0.0,0.0,9,57.0,60.2,6,57.0,59.4,0.0,0.0,0.0,0.0,243
2023-05-10 09:34:44,MO2312-C-7400,MO2312-C-7400,57.0,0.0,0.0,0.0,7,57.0,60.2,6,57.0,59.4,0.0,0.0,0.0,0.0,243
2023-05-10 09:34:45,MO2312-C-7400,MO2312-C-7400,57.0,0.0,0.0,0.0,9,57.0,60.2,6,57.0,59.4,0.0,0.0,0.0,0.0,243
2023-05-10 09:34:46,MO2312-C-7400,MO2312-C-7400,57.0,0.0,0.0,0.0,7,57.0,60.2,6,57.0,59.4,0.0,0.0,0.0,0.0,243
2023-05-10 09:34:48,MO2312-C-7400,MO2312-C-7400,57.0,0.0,0.0,0.0,9,57.0,60.2,6,57.0,59.4,0.0,0.0,0.0,0.0,243
2023-05-10 09:34:50,MO2312-C-7400,MO2312-C-7400,57.0,0.0,0.0,0.0,7,57.0,60.2,6,57.0,59.4,0.0,0.0,0.0,0.0,243
2023-05-10 09:34:51,MO2312-C-7400,MO2312-C-7400,57.0,0.0,0.0,0.0,9,57.0,60.2,6,57.0,59.4,0.0,0.0,0.0,0.0,243
2023-05-10 09:34:57,MO2312-C-7400,MO2312-C-7400,57.0,0.0,0.0,0.0,7,57.0,60.2,6,57.0,59.4,0.0,0.0,0.0,0.0,243
2023-05-10 09:34:57,MO2312-C-7400,MO2312-C-7400,57.0,0.0,0.0,0.0,9,57.0,60.2,6,57.0,59.4,0.0,0.0,0.0,0.0,243
2023-05-10 09:35:02,MO2312-C-7400,MO2312-C-7400,57.0,0.0,0.0,0.0,9,57.0,60.8,6,57.0,59.4,0.0,0.0,0.0,0.0,243
2023-05-10 09:35:03,MO2312-C-7400,MO2312-C-7400,57.0,0.0,0.0,0.0,8,57.0,60.8,6,57.0,59.4,0.0,0.0,0.0,0.0,243
2023-05-10 09:35:03,MO2312-C-7400,MO2312-C-7400,57.0,0.0,0.0,0.0,8,57.0,60.4,6,57.0,59.4,0.0,0.0,0.0,0.0,243
2023-05-10 09:35:04,MO2312-C-7400,MO2312-C-7400,57.0,0.0,0.0,0.0,8,57.0,60.2,6,57.0,59.4,0.0,0.0,0.0,0.0,243
2023-05-10 09:35:07,MO2312-C-7400,MO2312-C-7400,57.0,0.0,0.0,0.0,9,57.0,60.2,6,57.0,59.4,0.0,0.0,0.0,0.0,243
2023-05-10 09:35:09,MO2312-C-7400,MO2312-C-7400,57.0,0.0,0.0,0.0,7,57.0,60.2,6,57.0,59.4,0.0,0.0,0.0,0.0,243
2023-05-10 09:35:09,MO2312-C-7400,MO2312-C-7400,57.0,0.0,0.0,0.0,9,57.0,60.2,6,57.0,59.4,0.0,0.0,0.0,0.0,243
2023-05-10 09:35:28,MO2312-C-7400,MO2312-C-7400,57.0,0.0,0.0,0.0,10,57.0,60.2,6,57.0,59.4,0.0,0.0,0.0,0.0,243
2023-05-10 09:35:41,MO2312-C-7400,MO2312-C-7400,57.0,0.0,0.0,0.0,1,57.2,60.2,6,57.0,59.4,0.0,0.0,0.0,0.0,243
2023-05-10 09:35:50,MO2312-C-7400,MO2312-C-7400,57.0,0.0,0.0,0.0,9,57.0,60.2,6,57.0,59.4,0.0,0.0,0.0,0.0,243
2023-05-10 09:36:07,MO2312-C-7400,MO2312-C-7400,57.0,0.0,0.0,0.0,9,57.0,60.8,6,57.0,59.4,0.0,0.0,0.0,0.0,243
2023-05-10 09:36:08,MO2312-C-7400,MO2312-C-7400,57.0,0.0,0.0,0.0,11,57.0,60.8,6,57.0,59.4,0.0,0.0,0.0,0.0,243
2023-05-10 09:36:09,MO2312-C-7400,MO2312-C-7400,57.0,0.0,0.0,0.0,9,57.0,60.8,6,57.0,59.4,0.0,0.0,0.0,0.0,243
2023-05-10 09:36:10,MO2312-C-7400,MO2312-C-7400,57.0,0.0,0.0,0.0,10,57.0,60.8,6,57.0,59.4,0.0,0.0,0.0,0.0,243
2023-05-10 09:36:12,MO2312-C-7400,MO2312-C-7400,57.0,0.0,0.0,0.0,9,57.0,60.8,6,57.0,59.4,0.0,0.0,0.0,0.0,243
2023-05-10 09:36:13,MO2312-C-7400,MO2312-C-7400,57.0,0.0,0.0,0.0,7,57.0,60.8,6,57.0,59.4,0.0,0.0,0.0,0.0,243
2023-05-10 09:36:14,MO2312-C-7400,MO2312-C-7400,57.0,0.0,0.0,0.0,9,57.0,60.8,6,57.0,59.4,0.0,0.0,0.0,0.0,243
2023-05-10 09:36:17,MO2312-C-7400,MO2312-C-7400,57.0,0.0,0.0,0.0,10,57.0,60.8,6,57.0,59.4,0.0,0.0,0.0,0.0,243
2023-05-10 09:36:21,MO2312-C-7400,MO2312-C-7400,57.0,0.0,0.0,0.0,8,57.0,60.8,6,57.0,59.4,0.0,0.0,0.0,0.0,243
2023-05-10 09:36:22,MO2312-C-7400,MO2312-C-7400,57.0,0.0,0.0,0.0,12,57.0,60.8,6,57.0,59.4,0.0,0.0,0.0,0.0,243
2023-05-10 09:36:26,MO2312-C-7400,MO2312-C-7400,57.0,0.0,0.0,0.0,10,57.0,60.8,6,57.0,59.4,0.0,0.0,0.0,0.0,243
2023-05-10 09:36:27,MO2312-C-7400,MO2312-C-7400,57.0,0.0,0.0,0.0,1,57.2,60.8,6,57.0,59.4,0.0,0.0,0.0,0.0,243
2023-05-10 09:36:36,MO2312-C-7400,MO2312-C-7400,57.0,0.0,0.0,0.0,9,57.0,60.8,6,57.0,59.4,0.0,0.0,0.0,0.0,243
2023-05-10 09:36:37,MO2312-C-7400,MO2312-C-7400,57.0,0.0,0.0,0.0,7,57.0,60.8,6,57.0,59.4,0.0,0.0,0.0,0.0,243
2023-05-10 09:36:42,MO2312-C-7400,MO2312-C-7400,57.0,0.0,0.0,0.0,9,57.0,60.8,6,57.0,59.4,0.0,0.0,0.0,0.0,243
2023-05-10 09:36:46,MO2312-C-7400,MO2312-C-7400,57.0,0.0,0.0,0.0,10,57.0,60.8,6,57.0,59.4,0.0,0.0,0.0,0.0,243
2023-05-10 09:36:47,MO2312-C-7400,MO2312-C-7400,57.0,0.0,0.0,0.0,12,57.0,60.8,6,57.0,59.4,0.0,0.0,0.0,0.0,243
2023-05-10 09:36:48,MO2312-C-7400,MO2312-C-7400,57.0,0.0,0.0,0.0,10,57.0,60.8,6,57.0,59.4,0.0,0.0,0.0,0.0,243
2023-05-10 09:36:53,MO2312-C-7400,MO2312-C-7400,57.0,0.0,0.0,0.0,2,57.2,60.8,6,57.0,59.4,0.0,0.0,0.0,0.0,243
2023-05-10 09:37:00,MO2312-C-7400,MO2312-C-7400,57.0,0.0,0.0,0.0,12,57.0,60.8,6,57.0,59.4,0.0,0.0,0.0,0.0,243
2023-05-10 09:37:00,MO2312-C-7400,MO2312-C-7400,57.0,0.0,0.0,0.0,1,57.2,60.8,6,57.0,59.4,0.0,0.0,0.0,0.0,243
2023-05-10 09:37:01,MO2312-C-7400,MO2312-C-7400,57.0,0.0,0.0,0.0,9,57.0,60.8,6,57.0,59.4,0.0,0.0,0.0,0.0,243
2023-05-10 09:37:01,MO2312-C-7400,MO2312-C-7400,57.0,0.0,0.0,0.0,7,57.0,60.8,6,57.0,59.4,0.0,0.0,0.0,0.0,243
2023-05-10 09:37:02,MO2312-C-7400,MO2312-C-7400,57.0,0.0,0.0,0.0,9,57.0,60.8,6,57.0,59.4,0.0,0.0,0.0,0.0,243
2023-05-10 09:37:07,MO2312-C-7400,MO2312-C-7400,57.0,0.0,0.0,0.0,7,57.0,60.8,6,57.0,59.4,0.0,0.0,0.0,0.0,243
2023-05-10 09:37:08,MO2312-C-7400,MO2312-C-7400,57.0,0.0,0.0,0.0,11,57.0,60.8,6,57.0,59.4,0.0,0.0,0.0,0.0,243
2023-05-10 09:37:16,MO2312-C-7400,MO2312-C-7400,57.0,0.0,0.0,0.0,12,57.0,60.8,6,57.0,59.4,0.0,0.0,0.0,0.0,243
2023-05-10 09:37:17,MO2312-C-7400,MO2312-C-7400,57.0,0.0,0.0,0.0,10,57.0,60.8,6,57.0,59.4,0.0,0.0,0.0,0.0,243
2023-05-10 09:37:18,MO2312-C-7400,MO2312-C-7400,57.0,0.0,0.0,0.0,9,57.0,60.8,6,57.0,59.4,0.0,0.0,0.0,0.0,243
2023-05-10 09:37:19,MO2312-C-7400,MO2312-C-7400,57.0,0.0,0.0,0.0,7,57.0,60.8,6,57.0,59.4,0.0,0.0,0.0,0.0,243
2023-05-10 09:37:21,MO2312-C-7400,MO2312-C-7400,57.0,0.0,0.0,0.0,9,57.0,60.8,6,57.0,59.4,0.0,0.0,0.0,0.0,243
2023-05-10 09:37:21,MO2312-C-7400,MO2312-C-7400,57.0,0.0,0.0,0.0,11,57.0,60.8,6,57.0,59.4,0.0,0.0,0.0,0.0,243
2023-05-10 09:37:22,MO2312-C-7400,MO2312-C-7400,57.0,0.0,0.0,0.0,9,57.0,60.8,6,57.0,59.4,0.0,0.0,0.0,0.0,243
2023-05-10 09:37:27,MO2312-C-7400,MO2312-C-7400,57.0,0.0,0.0,0.0,11,57.0,60.8,6,57.0,59.4,0.0,0.0,0.0,0.0,243
2023-05-10 09:37:32,MO2312-C-7400,MO2312-C-7400,57.0,0.0,0.0,0.0,9,57.0,60.8,6,57.0,59.4,0.0,0.0,0.0,0.0,243
2023-05-10 09:37:33,MO2312-C-7400,MO2312-C-7400,57.0,0.0,0.0,0.0,7,57.0,60.8,6,57.0,59.4,0.0,0.0,0.0,0.0,243
2023-05-10 09:37:34,MO2312-C-7400,MO2312-C-7400,57.0,0.0,0.0,0.0,9,57.0,60.8,6,57.0,59.4,0.0,0.0,0.0,0.0,243
2023-05-10 09:37:37,MO2312-C-7400,MO2312-C-7400,57.0,0.0,0.0,0.0,7,57.0,60.8,6,57.0,59.4,0.0,0.0,0.0,0.0,243
2023-05-10 09:37:40,MO2312-C-7400,MO2312-C-7400,57.0,0.0,0.0,0.0,9,57.0,60.8,6,57.0,59.4,0.0,0.0,0.0,0.0,243
2023-05-10 09:37:41,MO2312-C-7400,MO2312-C-7400,57.0,0.0,0.0,0.0,11,57.0,60.8,6,57.0,59.4,0.0,0.0,0.0,0.0,243
2023-05-10 09:37:42,MO2312-C-7400,MO2312-C-7400,57.0,0.0,0.0,0.0,9,57.0,60.8,6,57.0,59.4,0.0,0.0,0.0,0.0,243
2023-05-10 09:37:43,MO2312-C-7400,MO2312-C-7400,57.0,0.0,0.0,0.0,7,57.0,60.8,6,57.0,59.4,0.0,0.0,0.0,0.0,243
2023-05-10 09:37:45,MO2312-C-7400,MO2312-C-7400,57.0,0.0,0.0,0.0,11,57.0,60.8,6,57.0,59.4,0.0,0.0,0.0,0.0,243
2023-05-10 09:37:48,MO2312-C-7400,MO2312-C-7400,57.0,0.0,0.0,0.0,12,57.0,60.8,6,57.0,59.4,0.0,0.0,0.0,0.0,243
2023-05-10 09:37:50,MO2312-C-7400,MO2312-C-7400,57.0,0.0,0.0,0.0,10,57.0,60.8,6,57.0,59.4,0.0,0.0,0.0,0.0,243
2023-05-10 09:37:52,MO2312-C-7400,MO2312-C-7400,57.0,0.0,0.0,0.0,8,57.0,60.8,6,57.0,59.4,0.0,0.0,0.0,0.0,243
2023-05-10 09:37:57,MO2312-C-7400,MO2312-C-7400,57.0,0.0,0.0,0.0,10,57.0,60.8,6,57.0,59.4,0.0,0.0,0.0,0.0,243
2023-05-10 09:37:58,MO2312-C-7400,MO2312-C-7400,57.0,0.0,0.0,0.0,12,57.0,60.8,6,57.0,59.4,0.0,0.0,0.0,0.0,243
2023-05-10 09:38:10,MO2312-C-7400,MO2312-C-7400,57.0,0.0,0.0,0.0,10,57.0,60.8,6,57.0,59.4,0.0,0.0,0.0,0.0,243
2023-05-10 09:38:10,MO2312-C-7400,MO2312-C-7400,57.0,0.0,0.0,0.0,8,57.0,60.8,6,57.0,59.4,0.0,0.0,0.0,0.0,243
2023-05-10 09:38:11,MO2312-C-7400,MO2312-C-7400,57.0,0.0,0.0,0.0,1,57.2,60.8,6,57.0,59.4,0.0,0.0,0.0,0.0,243
2023-05-10 09:38:12,MO2312-C-7400,MO2312-C-7400,57.0,0.0,0.0,0.0,3,57.2,60.8,6,57.0,59.4,0.0,0.0,0.0,0.0,243
2023-05-10 09:38:15,MO2312-C-7400,MO2312-C-7400,57.0,0.0,0.0,0.0,1,57.2,60.8,6,57.0,59.4,0.0,0.0,0.0,0.0,243
2023-05-10 09:38:18,MO2312-C-7400,MO2312-C-7400,57.0,0.0,0.0,0.0,9,57.0,60.8,6,57.0,59.4,0.0,0.0,0.0,0.0,243
2023-05-10 09:38:19,MO2312-C-7400,MO2312-C-7400,57.0,0.0,0.0,0.0,11,57.0,60.8,6,57.0,59.4,0.0,0.0,0.0,0.0,243
2023-05-10 09:38:19,MO2312-C-7400,MO2312-C-7400,57.0,0.0,0.0,0.0,9,57.0,60.8,6,57.0,59.4,0.0,0.0,0.0,0.0,243
2023-05-10 09:38:23,MO2312-C-7400,MO2312-C-7400,57.0,0.0,0.0,0.0,12,57.0,60.8,6,57.0,59.4,0.0,0.0,0.0,0.0,243
2023-05-10 09:38:34,MO2312-C-7400,MO2312-C-7400,57.0,0.0,0.0,0.0,1,57.2,60.8,6,57.0,59.4,0.0,0.0,0.0,0.0,243
2023-05-10 09:38:41,MO2312-C-7400,MO2312-C-7400,57.0,0.0,0.0,0.0,9,57.0,60.8,6,57.0,59.4,0.0,0.0,0.0,0.0,243
2023-05-10 09:38:49,MO2312-C-7400,MO2312-C-7400,57.0,0.0,0.0,0.0,11,57.0,60.8,6,57.0,59.4,0.0,0.0,0.0,0.0,243
2023-05-10 09:38:51,MO2312-C-7400,MO2312-C-7400,57.0,0.0,0.0,0.0,12,57.0,60.8,6,57.0,59.4,0.0,0.0,0.0,0.0,243
2023-05-10 09:39:01,MO2312-C-7400,MO2312-C-7400,57.0,0.0,0.0,0.0,1,57.2,60.8,6,57.0,59.4,0.0,0.0,0.0,0.0,243
2023-05-10 09:39:07,MO2312-C-7400,MO2312-C-7400,57.0,0.0,0.0,0.0,9,57.0,60.8,6,57.0,59.4,0.0,0.0,0.0,0.0,243
2023-05-10 09:39:08,MO2312-C-7400,MO2312-C-7400,57.0,0.0,0.0,0.0,7,57.0,60.8,6,57.0,59.4,0.0,0.0,0.0,0.0,243
2023-05-10 09:39:08,MO2312-C-7400,MO2312-C-7400,57.0,0.0,0.0,0.0,9,57.0,60.8,6,57.0,59.4,0.0,0.0,0.0,0.0,243
2023-05-10 09:39:10,MO2312-C-7400,MO2312-C-7400,57.0,0.0,0.0,0.0,11,57.0,60.8,6,57.0,59.4,0.0,0.0,0.0,0.0,243
2023-05-10 09:39:17,MO2312-C-7400,MO2312-C-7400,57.0,0.0,0.0,0.0,9,57.0,60.8,6,57.0,59.4,0.0,0.0,0.0,0.0,243
2023-05-10 09:39:18,MO2312-C-7400,MO2312-C-7400,57.0,0.0,0.0,0.0,11,57.0,60.8,6,57.0,59.4,0.0,0.0,0.0,0.0,243
2023-05-10 09:39:22,MO2312-C-7400,MO2312-C-7400,57.0,0.0,0.0,0.0,12,57.0,60.8,6,57.0,59.4,0.0,0.0,0.0,0.0,243
2023-05-10 09:39:32,MO2312-C-7400,MO2312-C-7400,57.0,0.0,0.0,0.0,1,57.2,60.8,6,57.0,59.4,0.0,0.0,0.0,0.0,243
2023-05-10 09:39:36,MO2312-C-7400,MO2312-C-7400,57.0,0.0,0.0,0.0,1,57.2,60.8,8,57.0,59.4,0.0,0.0,0.0,0.0,243
2023-05-10 09:39:36,MO2312-C-7400,MO2312-C-7400,57.0,0.0,0.0,0.0,1,57.2,60.6,6,57.0,59.4,0.0,0.0,0.0,0.0,243
2023-05-10 09:39:40,MO2312-C-7400,MO2312-C-7400,57.0,0.0,0.0,0.0,1,57.2,60.8,6,57.0,59.4,0.0,0.0,0.0,0.0,243
2023-05-10 09:39:42,MO2312-C-7400,MO2312-C-7400,57.0,0.0,0.0,0.0,7,57.0,60.8,8,57.0,59.4,0.0,0.0,0.0,0.0,243
2023-05-10 09:39:42,MO2312-C-7400,MO2312-C-7400,57.0,0.0,0.0,0.0,7,57.0,60.6,6,57.0,59.4,0.0,0.0,0.0,0.0,243
2023-05-10 09:39:44,MO2312-C-7400,MO2312-C-7400,57.0,0.0,0.0,0.0,9,57.0,60.8,6,57.0,59.4,0.0,0.0,0.0,0.0,243
2023-05-10 09:39:48,MO2312-C-7400,MO2312-C-7400,57.0,0.0,0.0,0.0,7,57.0,60.8,8,57.0,59.4,0.0,0.0,0.0,0.0,243
2023-05-10 09:39:48,MO2312-C-7400,MO2312-C-7400,57.0,0.0,0.0,0.0,7,57.0,60.6,6,57.0,59.4,0.0,0.0,0.0,0.0,243
2023-05-10 09:39:51,MO2312-C-7400,MO2312-C-7400,57.0,0.0,0.0,0.0,7,57.0,60.8,8,57.0,59.4,0.0,0.0,0.0,0.0,243
2023-05-10 09:39:51,MO2312-C-7400,MO2312-C-7400,57.0,0.0,0.0,0.0,7,57.0,60.6,6,57.0,59.4,0.0,0.0,0.0,0.0,243
2023-05-10 09:39:53,MO2312-C-7400,MO2312-C-7400,57.0,0.0,0.0,0.0,7,57.0,60.6,8,57.0,59.4,0.0,0.0,0.0,0.0,243
2023-05-10 09:39:53,MO2312-C-7400,MO2312-C-7400,57.0,0.0,0.0,0.0,7,57.0,60.4,6,57.0,59.4,0.0,0.0,0.0,0.0,243
2023-05-10 09:39:54,MO2312-C-7400,MO2312-C-7400,57.0,0.0,0.0,0.0,7,57.0,60.8,6,57.0,59.4,0.0,0.0,0.0,0.0,243
2023-05-10 09:39:55,MO2312-C-7400,MO2312-C-7400,57.0,0.0,0.0,0.0,7,57.0,60.8,8,57.0,59.4,0.0,0.0,0.0,0.0,243
2023-05-10 09:39:55,MO2312-C-7400,MO2312-C-7400,57.0,0.0,0.0,0.0,7,57.0,60.6,6,57.0,59.4,0.0,0.0,0.0,0.0,243
2023-05-10 09:40:02,MO2312-C-7400,MO2312-C-7400,57.0,0.0,0.0,0.0,8,57.0,60.6,6,57.0,59.4,0.0,0.0,0.0,0.0,243
2023-05-10 09:40:02,MO2312-C-7400,MO2312-C-7400,57.0,0.0,0.0,0.0,8,57.0,60.8,6,57.0,59.4,0.0,0.0,0.0,0.0,243
2023-05-10 09:40:03,MO2312-C-7400,MO2312-C-7400,57.0,0.0,0.0,0.0,8,57.0,60.8,8,57.0,59.4,0.0,0.0,0.0,0.0,243
2023-05-10 09:40:03,MO2312-C-7400,MO2312-C-7400,57.0,0.0,0.0,0.0,8,57.0,60.6,6,57.0,59.4,0.0,0.0,0.0,0.0,243
2023-05-10 09:40:04,MO2312-C-7400,MO2312-C-7400,57.0,0.0,0.0,0.0,8,57.0,60.6,8,57.0,59.4,0.0,0.0,0.0,0.0,243
2023-05-10 09:40:05,MO2312-C-7400,MO2312-C-7400,57.0,0.0,0.0,0.0,14,57.0,60.4,6,57.0,59.4,0.0,0.0,0.0,0.0,243
2023-05-10 09:40:05,MO2312-C-7400,MO2312-C-7400,57.0,0.0,0.0,0.0,8,57.0,60.4,6,57.0,59.4,0.0,0.0,0.0,0.0,243
2023-05-10 09:40:06,MO2312-C-7400,MO2312-C-7400,57.0,0.0,0.0,0.0,7,57.0,60.4,8,57.0,59.4,0.0,0.0,0.0,0.0,243
2023-05-10 09:40:07,MO2312-C-7400,MO2312-C-7400,57.0,0.0,0.0,0.0,7,57.0,60.2,6,57.0,59.4,0.0,0.0,0.0,0.0,243
2023-05-10 09:40:11,MO2312-C-7400,MO2312-C-7400,57.0,0.0,0.0,0.0,7,57.0,60.4,6,57.0,59.4,0.0,0.0,0.0,0.0,243
2023-05-10 09:40:11,MO2312-C-7400,MO2312-C-7400,57.0,0.0,0.0,0.0,8,57.0,60.4,6,57.0,59.4,0.0,0.0,0.0,0.0,243
2023-05-10 09:40:12,MO2312-C-7400,MO2312-C-7400,57.0,0.0,0.0,0.0,8,57.0,60.4,8,57.0,59.4,0.0,0.0,0.0,0.0,243
2023-05-10 09:40:12,MO2312-C-7400,MO2312-C-7400,57.0,0.0,0.0,0.0,8,57.0,60.2,6,57.0,59.4,0.0,0.0,0.0,0.0,243
2023-05-10 09:40:13,MO2312-C-7400,MO2312-C-7400,57.0,0.0,0.0,0.0,8,57.0,60.8,6,57.0,59.4,0.0,0.0,0.0,0.0,243
2023-05-10 09:40:14,MO2312-C-7400,MO2312-C-7400,57.0,0.0,0.0,0.0,8,57.0,60.8,8,57.0,59.4,0.0,0.0,0.0,0.0,243
2023-05-10 09:40:15,MO2312-C-7400,MO2312-C-7400,57.0,0.0,0.0,0.0,8,57.0,60.6,6,57.0,59.4,0.0,0.0,0.0,0.0,243
2023-05-10 09:40:15,MO2312-C-7400,MO2312-C-7400,57.0,0.0,0.0,0.0,10,57.0,60.6,6,57.0,59.4,0.0,0.0,0.0,0.0,243
2023-05-10 09:40:16,MO2312-C-7400,MO2312-C-7400,57.0,0.0,0.0,0.0,10,57.0,60.6,8,57.0,59.4,0.0,0.0,0.0,0.0,243
2023-05-10 09:40:16,MO2312-C-7400,MO2312-C-7400,57.0,0.0,0.0,0.0,8,57.0,60.8,6,57.0,59.4,0.0,0.0,0.0,0.0,243
2023-05-10 09:40:17,MO2312-C-7400,MO2312-C-7400,57.0,0.0,0.0,0.0,8,57.0,60.8,8,57.0,59.4,0.0,0.0,0.0,0.0,243
2023-05-10 09:40:18,MO2312-C-7400,MO2312-C-7400,57.0,0.0,0.0,0.0,8,57.0,60.6,6,57.0,59.4,0.0,0.0,0.0,0.0,243
2023-05-10 09:40:18,MO2312-C-7400,MO2312-C-7400,57.0,0.0,0.0,0.0,8,57.0,60.6,8,57.0,59.4,0.0,0.0,0.0,0.0,243
2023-05-10 09:40:19,MO2312-C-7400,MO2312-C-7400,57.0,0.0,0.0,0.0,8,57.0,60.4,6,57.0,59.4,0.0,0.0,0.0,0.0,243
2023-05-10 09:40:23,MO2312-C-7400,MO2312-C-7400,57.0,0.0,0.0,0.0,1,57.2,60.4,6,57.0,59.4,0.0,0.0,0.0,0.0,243
2023-05-10 09:40:23,MO2312-C-7400,MO2312-C-7400,57.0,0.0,0.0,0.0,1,57.2,60.6,8,57.0,59.4,0.0,0.0,0.0,0.0,243
2023-05-10 09:40:24,MO2312-C-7400,MO2312-C-7400,57.0,0.0,0.0,0.0,1,57.2,60.4,6,57.0,59.4,0.0,0.0,0.0,0.0,243
2023-05-10 09:40:28,MO2312-C-7400,MO2312-C-7400,57.0,0.0,0.0,0.0,1,57.2,60.6,6,57.0,59.4,0.0,0.0,0.0,0.0,243
2023-05-10 09:40:29,MO2312-C-7400,MO2312-C-7400,57.0,0.0,0.0,0.0,9,57.0,60.6,6,57.0,59.4,0.0,0.0,0.0,0.0,243
2023-05-10 09:40:30,MO2312-C-7400,MO2312-C-7400,57.0,0.0,0.0,0.0,7,57.0,60.8,8,57.0,59.4,0.0,0.0,0.0,0.0,243
2023-05-10 09:40:31,MO2312-C-7400,MO2312-C-7400,57.0,0.0,0.0,0.0,7,57.0,60.6,6,57.0,59.4,0.0,0.0,0.0,0.0,243
2023-05-10 09:40:33,MO2312-C-7400,MO2312-C-7400,57.0,0.0,0.0,0.0,7,57.0,60.6,8,57.0,59.4,0.0,0.0,0.0,0.0,243
2023-05-10 09:40:33,MO2312-C-7400,MO2312-C-7400,57.0,0.0,0.0,0.0,7,57.0,60.4,6,57.0,59.4,0.0,0.0,0.0,0.0,243
2023-05-10 09:40:34,MO2312-C-7400,MO2312-C-7400,57.0,0.0,0.0,0.0,13,57.0,60.8,6,57.0,59.4,0.0,0.0,0.0,0.0,243
2023-05-10 09:40:35,MO2312-C-7400,MO2312-C-7400,57.0,0.0,0.0,0.0,13,57.0,60.6,2,57.0,59.4,0.0,0.0,0.0,0.0,243
2023-05-10 09:40:35,MO2312-C-7400,MO2312-C-7400,57.0,0.0,0.0,0.0,6,57.2,60.6,6,57.0,59.4,0.0,0.0,0.0,0.0,243
2023-05-10 09:40:36,MO2312-C-7400,MO2312-C-7400,57.0,0.0,0.0,0.0,13,57.0,60.8,6,57.0,59.4,0.0,0.0,0.0,0.0,243
2023-05-10 09:40:36,MO2312-C-7400,MO2312-C-7400,57.0,0.0,0.0,0.0,13,57.0,60.8,8,57.0,59.4,0.0,0.0,0.0,0.0,243
2023-05-10 09:40:37,MO2312-C-7400,MO2312-C-7400,57.0,0.0,0.0,0.0,6,57.2,60.8,2,57.0,59.4,0.0,0.0,0.0,0.0,243
2023-05-10 09:40:38,MO2312-C-7400,MO2312-C-7400,57.0,0.0,0.0,0.0,6,57.2,61.0,18,57.0,59.4,0.0,0.0,0.0,0.0,243
2023-05-10 09:40:39,MO2312-C-7400,MO2312-C-7400,57.0,0.0,0.0,0.0,6,57.2,61.0,20,57.0,59.4,0.0,0.0,0.0,0.0,243
2023-05-10 09:40:39,MO2312-C-7400,MO2312-C-7400,57.0,0.0,0.0,0.0,7,57.2,61.0,20,57.0,59.4,0.0,0.0,0.0,0.0,243
2023-05-10 09:40:40,MO2312-C-7400,MO2312-C-7400,57.0,0.0,0.0,0.0,6,57.4,60.8,6,57.0,59.4,0.0,0.0,0.0,0.0,243
2023-05-10 09:40:41,MO2312-C-7400,MO2312-C-7400,57.0,0.0,0.0,0.0,1,57.2,60.8,6,57.0,59.4,0.0,0.0,0.0,0.0,243
2023-05-10 09:40:42,MO2312-C-7400,MO2312-C-7400,57.0,0.0,0.0,0.0,1,57.2,60.8,8,57.0,59.4,0.0,0.0,0.0,0.0,243
2023-05-10 09:40:42,MO2312-C-7400,MO2312-C-7400,57.0,0.0,0.0,0.0,7,57.2,60.6,6,57.0,59.4,0.0,0.0,0.0,0.0,243
2023-05-10 09:40:43,MO2312-C-7400,MO2312-C-7400,57.0,0.0,0.0,0.0,6,57.4,60.8,8,57.0,59.4,0.0,0.0,0.0,0.0,243
2023-05-10 09:40:44,MO2312-C-7400,MO2312-C-7400,57.0,0.0,0.0,0.0,6,57.4,60.8,6,57.0,59.4,0.0,0.0,0.0,0.0,243
2023-05-10 09:40:46,MO2312-C-7400,MO2312-C-7400,57.0,0.0,0.0,0.0,6,57.4,60.8,8,57.0,59.4,0.0,0.0,0.0,0.0,243
2023-05-10 09:40:47,MO2312-C-7400,MO2312-C-7400,57.0,0.0,0.0,0.0,1,57.2,60.8,8,57.0,59.4,0.0,0.0,0.0,0.0,243
2023-05-10 09:40:47,MO2312-C-7400,MO2312-C-7400,57.0,0.0,0.0,0.0,7,57.2,60.6,6,57.0,59.4,0.0,0.0,0.0,0.0,243
2023-05-10 09:40:48,MO2312-C-7400,MO2312-C-7400,57.0,0.0,0.0,0.0,7,57.0,60.6,8,57.0,59.4,0.0,0.0,0.0,0.0,243
2023-05-10 09:40:48,MO2312-C-7400,MO2312-C-7400,57.0,0.0,0.0,0.0,13,57.0,60.4,6,57.0,59.4,0.0,0.0,0.0,0.0,243
2023-05-10 09:40:50,MO2312-C-7400,MO2312-C-7400,57.0,0.0,0.0,0.0,7,57.0,60.6,6,57.0,59.4,0.0,0.0,0.0,0.0,243
2023-05-10 09:40:54,MO2312-C-7400,MO2312-C-7400,57.0,0.0,0.0,0.0,7,57.0,60.6,8,57.0,59.4,0.0,0.0,0.0,0.0,243
2023-05-10 09:40:54,MO2312-C-7400,MO2312-C-7400,57.0,0.0,0.0,0.0,13,57.0,60.4,6,57.0,59.4,0.0,0.0,0.0,0.0,243
2023-05-10 09:40:55,MO2312-C-7400,MO2312-C-7400,57.0,0.0,0.0,0.0,7,57.0,60.8,6,57.0,59.4,0.0,0.0,0.0,0.0,243
2023-05-10 09:40:55,MO2312-C-7400,MO2312-C-7400,57.0,0.0,0.0,0.0,7,57.0,60.6,2,57.0,59.4,0.0,0.0,0.0,0.0,243
2023-05-10 09:40:56,MO2312-C-7400,MO2312-C-7400,57.0,0.0,0.0,0.0,13,57.0,60.4,6,57.0,59.4,0.0,0.0,0.0,0.0,243
2023-05-10 09:40:56,MO2312-C-7400,MO2312-C-7400,57.0,0.0,0.0,0.0,7,57.0,60.8,6,57.0,59.4,0.0,0.0,0.0,0.0,243
2023-05-10 09:40:57,MO2312-C-7400,MO2312-C-7400,57.0,0.0,0.0,0.0,7,57.0,60.8,8,57.0,59.4,0.0,0.0,0.0,0.0,243
2023-05-10 09:40:57,MO2312-C-7400,MO2312-C-7400,57.0,0.0,0.0,0.0,7,57.0,60.6,6,57.0,59.4,0.0,0.0,0.0,0.0,243
2023-05-10 09:40:59,MO2312-C-7400,MO2312-C-7400,57.0,0.0,0.0,0.0,6,57.2,60.8,2,57.0,59.4,0.0,0.0,0.0,0.0,243
2023-05-10 09:40:59,MO2312-C-7400,MO2312-C-7400,57.0,0.0,0.0,0.0,6,57.2,61.0,12,57.0,59.4,0.0,0.0,0.0,0.0,243
2023-05-10 09:41:00,MO2312-C-7400,MO2312-C-7400,57.0,0.0,0.0,0.0,6,57.2,61.0,14,57.0,59.4,0.0,0.0,0.0,0.0,243
2023-05-10 09:41:02,MO2312-C-7400,MO2312-C-7400,57.0,0.0,0.0,0.0,8,57.2,61.0,14,57.0,59.4,0.0,0.0,0.0,0.0,243
2023-05-10 09:41:03,MO2312-C-7400,MO2312-C-7400,57.0,0.0,0.0,0.0,6,57.4,61.0,14,57.0,59.4,0.0,0.0,0.0,0.0,243
2023-05-10 09:41:08,MO2312-C-7400,MO2312-C-7400,57.0,0.0,0.0,0.0,8,57.4,61.0,14,57.0,59.4,0.0,0.0,0.0,0.0,243
2023-05-10 09:41:08,MO2312-C-7400,MO2312-C-7400,57.0,0.0,0.0,0.0,6,57.6,61.0,14,57.0,59.4,0.0,0.0,0.0,0.0,243
2023-05-10 09:41:14,MO2312-C-7400,MO2312-C-7400,57.0,0.0,0.0,0.0,6,57.6,61.0,8,57.0,59.4,0.0,0.0,0.0,0.0,243
2023-05-10 09:41:19,MO2312-C-7400,MO2312-C-7400,57.0,0.0,0.0,0.0,6,57.6,61.2,6,57.0,59.4,0.0,0.0,0.0,0.0,243
2023-05-10 09:41:24,MO2312-C-7400,MO2312-C-7400,57.0,0.0,0.0,0.0,6,57.6,61.4,12,57.0,59.4,0.0,0.0,0.0,0.0,243
2023-05-10 09:41:24,MO2312-C-7400,MO2312-C-7400,57.0,0.0,0.0,0.0,8,57.6,61.4,6,57.0,59.4,0.0,0.0,0.0,0.0,243
2023-05-10 09:41:25,MO2312-C-7400,MO2312-C-7400,57.0,0.0,0.0,0.0,6,57.8,61.4,6,57.0,59.4,0.0,0.0,0.0,0.0,243
2023-05-10 09:41:25,MO2312-C-7400,MO2312-C-7400,57.0,0.0,0.0,0.0,12,57.8,61.4,6,57.0,59.4,0.0,0.0,0.0,0.0,243
2023-05-10 09:41:26,MO2312-C-7400,MO2312-C-7400,57.0,0.0,0.0,0.0,6,58.0,61.4,6,57.0,59.4,0.0,0.0,0.0,0.0,243
2023-05-10 09:41:27,MO2312-C-7400,MO2312-C-7400,57.0,0.0,0.0,0.0,6,58.0,61.4,8,57.0,59.4,0.0,0.0,0.0,0.0,243
2023-05-10 09:41:27,MO2312-C-7400,MO2312-C-7400,57.0,0.0,0.0,0.0,6,58.0,61.4,6,57.0,59.4,0.0,0.0,0.0,0.0,243
2023-05-10 09:41:28,MO2312-C-7400,MO2312-C-7400,57.0,0.0,0.0,0.0,6,58.0,61.4,8,57.0,59.4,0.0,0.0,0.0,0.0,243
2023-05-10 09:41:29,MO2312-C-7400,MO2312-C-7400,57.0,0.0,0.0,0.0,6,58.0,61.4,6,57.0,59.4,0.0,0.0,0.0,0.0,243
2023-05-10 09:41:31,MO2312-C-7400,MO2312-C-7400,57.0,0.0,0.0,0.0,6,58.0,61.4,8,57.0,59.4,0.0,0.0,0.0,0.0,243
2023-05-10 09:41:38,MO2312-C-7400,MO2312-C-7400,57.0,0.0,0.0,0.0,6,58.0,61.4,10,57.0,59.4,0.0,0.0,0.0,0.0,243
2023-05-10 09:41:39,MO2312-C-7400,MO2312-C-7400,57.0,0.0,0.0,0.0,6,58.0,61.4,8,57.0,59.4,0.0,0.0,0.0,0.0,243
2023-05-10 09:41:39,MO2312-C-7400,MO2312-C-7400,57.0,0.0,0.0,0.0,6,58.0,61.4,10,57.0,59.4,0.0,0.0,0.0,0.0,243
2023-05-10 09:41:40,MO2312-C-7400,MO2312-C-7400,57.0,0.0,0.0,0.0,6,58.0,61.4,8,57.0,59.4,0.0,0.0,0.0,0.0,243
2023-05-10 09:41:43,MO2312-C-7400,MO2312-C-7400,57.0,0.0,0.0,0.0,6,58.0,61.4,6,57.0,59.4,0.0,0.0,0.0,0.0,243
2023-05-10 09:41:44,MO2312-C-7400,MO2312-C-7400,57.0,0.0,0.0,0.0,6,58.0,61.4,8,57.0,59.4,0.0,0.0,0.0,0.0,243
2023-05-10 09:41:52,MO2312-C-7400,MO2312-C-7400,57.0,0.0,0.0,0.0,6,58.0,61.4,10,57.0,59.4,0.0,0.0,0.0,0.0,243
2023-05-10 09:41:54,MO2312-C-7400,MO2312-C-7400,57.0,0.0,0.0,0.0,6,58.0,61.4,8,57.0,59.4,0.0,0.0,0.0,0.0,243
2023-05-10 09:41:54,MO2312-C-7400,MO2312-C-7400,57.0,0.0,0.0,0.0,6,58.0,61.4,10,57.0,59.4,0.0,0.0,0.0,0.0,243
2023-05-10 09:41:55,MO2312-C-7400,MO2312-C-7400,57.0,0.0,0.0,0.0,7,58.0,61.4,10,57.0,59.4,0.0,0.0,0.0,0.0,243
2023-05-10 09:41:55,MO2312-C-7400,MO2312-C-7400,57.0,0.0,0.0,0.0,6,58.2,61.4,10,57.0,59.4,0.0,0.0,0.0,0.0,243
2023-05-10 09:41:56,MO2312-C-7400,MO2312-C-7400,57.0,0.0,0.0,0.0,6,58.2,61.4,4,57.0,59.4,0.0,0.0,0.0,0.0,243
2023-05-10 09:41:56,MO2312-C-7400,MO2312-C-7400,57.0,0.0,0.0,0.0,6,58.2,61.4,2,57.0,59.4,0.0,0.0,0.0,0.0,243
2023-05-10 09:42:00,MO2312-C-7400,MO2312-C-7400,57.0,0.0,0.0,0.0,7,58.2,61.4,2,57.0,59.4,0.0,0.0,0.0,0.0,243
2023-05-10 09:42:00,MO2312-C-7400,MO2312-C-7400,57.0,0.0,0.0,0.0,6,58.4,61.4,2,57.0,59.4,0.0,0.0,0.0,0.0,243
2023-05-10 09:42:01,MO2312-C-7400,MO2312-C-7400,57.0,0.0,0.0,0.0,6,58.4,61.4,8,57.0,59.4,0.0,0.0,0.0,0.0,243
2023-05-10 09:42:03,MO2312-C-7400,MO2312-C-7400,57.0,0.0,0.0,0.0,6,58.4,61.4,2,57.0,59.4,0.0,0.0,0.0,0.0,243
2023-05-10 09:42:04,MO2312-C-7400,MO2312-C-7400,57.0,0.0,0.0,0.0,6,58.4,61.6,24,57.0,59.4,0.0,0.0,0.0,0.0,243
2023-05-10 09:42:04,MO2312-C-7400,MO2312-C-7400,57.0,0.0,0.0,0.0,6,58.4,61.6,14,57.0,59.4,0.0,0.0,0.0,0.0,243
2023-05-10 09:42:05,MO2312-C-7400,MO2312-C-7400,57.0,0.0,0.0,0.0,6,58.4,61.6,16,57.0,59.4,0.0,0.0,0.0,0.0,243
2023-05-10 09:42:08,MO2312-C-7400,MO2312-C-7400,57.0,0.0,0.0,0.0,6,58.4,61.6,14,57.0,59.4,0.0,0.0,0.0,0.0,243
2023-05-10 09:42:10,MO2312-C-7400,MO2312-C-7400,57.0,0.0,0.0,0.0,7,58.4,61.6,14,57.0,59.4,0.0,0.0,0.0,0.0,243
2023-05-10 09:42:10,MO2312-C-7400,MO2312-C-7400,57.0,0.0,0.0,0.0,6,58.6,61.6,14,57.0,59.4,0.0,0.0,0.0,0.0,243
2023-05-10 09:42:13,MO2312-C-7400,MO2312-C-7400,57.0,0.0,0.0,0.0,6,58.6,61.6,8,57.0,59.4,0.0,0.0,0.0,0.0,243
2023-05-10 09:42:14,MO2312-C-7400,MO2312-C-7400,57.0,0.0,0.0,0.0,6,58.6,61.6,2,57.0,59.4,0.0,0.0,0.0,0.0,243
2023-05-10 09:42:14,MO2312-C-7400,MO2312-C-7400,57.0,0.0,0.0,0.0,6,58.6,61.8,12,57.0,59.4,0.0,0.0,0.0,0.0,243
2023-05-10 09:42:15,MO2312-C-7400,MO2312-C-7400,57.0,0.0,0.0,0.0,8,58.6,61.8,6,57.0,59.4,0.0,0.0,0.0,0.0,243
2023-05-10 09:42:15,MO2312-C-7400,MO2312-C-7400,57.0,0.0,0.0,0.0,6,58.8,61.8,6,57.0,59.4,0.0,0.0,0.0,0.0,243
2023-05-10 09:42:16,MO2312-C-7400,MO2312-C-7400,57.0,0.0,0.0,0.0,6,58.8,62.0,19,57.0,59.4,0.0,0.0,0.0,0.0,243
2023-05-10 09:42:16,MO2312-C-7400,MO2312-C-7400,57.0,0.0,0.0,0.0,6,58.6,62.0,13,57.0,59.4,0.0,0.0,0.0,0.0,243
2023-05-10 09:42:25,MO2312-C-7400,MO2312-C-7400,57.0,0.0,0.0,0.0,7,58.6,62.0,13,57.0,59.4,0.0,0.0,0.0,0.0,243
2023-05-10 09:42:25,MO2312-C-7400,MO2312-C-7400,57.0,0.0,0.0,0.0,6,58.8,62.0,13,57.0,59.4,0.0,0.0,0.0,0.0,243
2023-05-10 09:42:45,MO2312-C-7400,MO2312-C-7400,57.0,0.0,0.0,0.0,7,58.8,62.0,13,57.0,59.4,0.0,0.0,0.0,0.0,243
2023-05-10 09:42:45,MO2312-C-7400,MO2312-C-7400,57.0,0.0,0.0,0.0,6,59.0,62.0,13,57.0,59.4,0.0,0.0,0.0,0.0,243
2023-05-10 09:42:50,MO2312-C-7400,MO2312-C-7400,57.0,0.0,0.0,0.0,7,59.0,62.0,13,57.0,59.4,0.0,0.0,0.0,0.0,243
2023-05-10 09:42:50,MO2312-C-7400,MO2312-C-7400,57.0,0.0,0.0,0.0,6,59.2,62.0,13,57.0,59.4,0.0,0.0,0.0,0.0,243
2023-05-10 09:42:55,MO2312-C-7400,MO2312-C-7400,57.0,0.0,0.0,0.0,6,59.2,62.0,7,57.0,59.4,0.0,0.0,0.0,0.0,243
2023-05-10 09:42:56,MO2312-C-7400,MO2312-C-7400,57.0,0.0,0.0,0.0,6,59.2,62.0,1,57.0,59.4,0.0,0.0,0.0,0.0,243
2023-05-10 09:43:00,MO2312-C-7400,MO2312-C-7400,57.0,0.0,0.0,0.0,7,59.2,62.0,1,57.0,59.4,0.0,0.0,0.0,0.0,243
2023-05-10 09:43:00,MO2312-C-7400,MO2312-C-7400,57.0,0.0,0.0,0.0,6,59.4,62.0,1,57.0,59.4,0.0,0.0,0.0,0.0,243
2023-05-10 09:43:15,MO2312-C-7400,MO2312-C-7400,57.0,0.0,0.0,0.0,7,59.4,62.0,1,57.0,59.4,0.0,0.0,0.0,0.0,243
2023-05-10 09:43:15,MO2312-C-7400,MO2312-C-7400,57.0,0.0,0.0,0.0,6,59.6,62.0,1,57.0,59.4,0.0,0.0,0.0,0.0,243
2023-05-10 09:43:16,MO2312-C-7400,MO2312-C-7400,57.0,0.0,0.0,0.0,6,59.6,62.0,7,57.0,59.4,0.0,0.0,0.0,0.0,243
2023-05-10 09:43:17,MO2312-C-7400,MO2312-C-7400,57.0,0.0,0.0,0.0,6,58.8,62.0,1,57.0,59.4,0.0,0.0,0.0,0.0,243
2023-05-10 09:43:38,MO2312-C-7400,MO2312-C-7400,57.0,0.0,0.0,0.0,7,58.8,62.0,1,57.0,59.4,0.0,0.0,0.0,0.0,243
2023-05-10 09:43:38,MO2312-C-7400,MO2312-C-7400,57.0,0.0,0.0,0.0,6,59.0,62.0,1,57.0,59.4,0.0,0.0,0.0,0.0,243
2023-05-10 09:43:43,MO2312-C-7400,MO2312-C-7400,57.0,0.0,0.0,0.0,7,59.0,62.0,1,57.0,59.4,0.0,0.0,0.0,0.0,243
2023-05-10 09:43:43,MO2312-C-7400,MO2312-C-7400,57.0,0.0,0.0,0.0,6,59.2,62.0,1,57.0,59.4,0.0,0.0,0.0,0.0,243
2023-05-10 09:43:53,MO2312-C-7400,MO2312-C-7400,57.0,0.0,0.0,0.0,7,59.2,62.0,1,57.0,59.4,0.0,0.0,0.0,0.0,243
2023-05-10 09:43:53,MO2312-C-7400,MO2312-C-7400,57.0,0.0,0.0,0.0,6,59.4,62.0,1,57.0,59.4,0.0,0.0,0.0,0.0,243
2023-05-10 09:44:06,MO2312-C-7400,MO2312-C-7400,57.0,0.0,0.0,0.0,7,59.2,62.0,1,57.0,59.4,0.0,0.0,0.0,0.0,243
2023-05-10 09:44:06,MO2312-C-7400,MO2312-C-7400,57.0,0.0,0.0,0.0,6,59.4,62.0,7,57.0,59.4,0.0,0.0,0.0,0.0,243
2023-05-10 09:44:08,MO2312-C-7400,MO2312-C-7400,57.0,0.0,0.0,0.0,7,59.4,62.0,7,57.0,59.4,0.0,0.0,0.0,0.0,243
2023-05-10 09:44:08,MO2312-C-7400,MO2312-C-7400,57.0,0.0,0.0,0.0,6,59.6,62.0,7,57.0,59.4,0.0,0.0,0.0,0.0,243
2023-05-10 09:44:15,MO2312-C-7400,MO2312-C-7400,57.0,0.0,0.0,0.0,6,59.6,62.0,1,57.0,59.4,0.0,0.0,0.0,0.0,243
2023-05-10 09:44:29,MO2312-C-7400,MO2312-C-7400,57.0,0.0,0.0,0.0,6,59.6,62.0,7,57.0,59.4,0.0,0.0,0.0,0.0,243
2023-05-10 09:44:45,MO2312-C-7400,MO2312-C-7400,57.0,0.0,0.0,0.0,6,59.2,61.8,6,57.0,59.4,0.0,0.0,0.0,0.0,243
2023-05-10 09:44:46,MO2312-C-7400,MO2312-C-7400,57.0,0.0,0.0,0.0,6,59.0,62.0,7,57.0,59.4,0.0,0.0,0.0,0.0,243
2023-05-10 09:44:47,MO2312-C-7400,MO2312-C-7400,57.0,0.0,0.0,0.0,7,58.8,61.8,6,57.0,59.4,0.0,0.0,0.0,0.0,243
2023-05-10 09:44:53,MO2312-C-7400,MO2312-C-7400,57.0,0.0,0.0,0.0,7,58.8,61.8,12,57.0,59.4,0.0,0.0,0.0,0.0,243
2023-05-10 09:44:53,MO2312-C-7400,MO2312-C-7400,57.0,0.0,0.0,0.0,6,59.0,61.6,6,57.0,59.4,0.0,0.0,0.0,0.0,243
2023-05-10 09:44:54,MO2312-C-7400,MO2312-C-7400,57.0,0.0,0.0,0.0,6,59.0,61.6,12,57.0,59.4,0.0,0.0,0.0,0.0,243
2023-05-10 09:44:55,MO2312-C-7400,MO2312-C-7400,57.0,0.0,0.0,0.0,7,58.8,61.4,6,57.0,59.4,0.0,0.0,0.0,0.0,243
2023-05-10 09:44:59,MO2312-C-7400,MO2312-C-7400,57.0,0.0,0.0,0.0,6,59.0,61.6,12,57.0,59.4,0.0,0.0,0.0,0.0,243
2023-05-10 09:45:07,MO2312-C-7400,MO2312-C-7400,57.0,0.0,0.0,0.0,6,58.6,61.6,6,57.0,59.4,0.0,0.0,0.0,0.0,243
2023-05-10 09:45:22,MO2312-C-7400,MO2312-C-7400,57.0,0.0,0.0,0.0,6,58.6,61.4,6,57.0,59.4,0.0,0.0,0.0,0.0,243
2023-05-10 09:45:23,MO2312-C-7400,MO2312-C-7400,57.0,0.0,0.0,0.0,19,58.4,61.4,6,57.0,59.4,0.0,0.0,0.0,0.0,243
2023-05-10 09:45:23,MO2312-C-7400,MO2312-C-7400,57.0,0.0,0.0,0.0,7,58.4,61.4,12,57.0,59.4,0.0,0.0,0.0,0.0,243
2023-05-10 09:45:24,MO2312-C-7400,MO2312-C-7400,57.0,0.0,0.0,0.0,6,58.6,61.2,6,57.0,59.4,0.0,0.0,0.0,0.0,243
2023-05-10 09:45:26,MO2312-C-7400,MO2312-C-7400,57.0,0.0,0.0,0.0,6,58.6,61.4,12,57.0,59.4,0.0,0.0,0.0,0.0,243
2023-05-10 09:45:31,MO2312-C-7400,MO2312-C-7400,57.0,0.0,0.0,0.0,6,58.2,61.4,6,57.0,59.4,0.0,0.0,0.0,0.0,243
2023-05-10 09:45:39,MO2312-C-7400,MO2312-C-7400,57.0,0.0,0.0,0.0,8,58.0,61.4,6,57.0,59.4,0.0,0.0,0.0,0.0,243
2023-05-10 09:45:39,MO2312-C-7400,MO2312-C-7400,57.0,0.0,0.0,0.0,6,58.2,61.4,6,57.0,59.4,0.0,0.0,0.0,0.0,243
2023-05-10 09:45:41,MO2312-C-7400,MO2312-C-7400,57.0,0.0,0.0,0.0,6,58.0,61.4,6,57.0,59.4,0.0,0.0,0.0,0.0,243
2023-05-10 09:45:48,MO2312-C-7400,MO2312-C-7400,57.0,0.0,0.0,0.0,8,58.0,61.4,6,57.0,59.4,0.0,0.0,0.0,0.0,243
2023-05-10 09:45:48,MO2312-C-7400,MO2312-C-7400,57.0,0.0,0.0,0.0,6,58.2,61.4,6,57.0,59.4,0.0,0.0,0.0,0.0,243
2023-05-10 09:45:56,MO2312-C-7400,MO2312-C-7400,57.0,0.0,0.0,0.0,8,58.2,61.4,6,57.0,59.4,0.0,0.0,0.0,0.0,243
2023-05-10 09:45:56,MO2312-C-7400,MO2312-C-7400,57.0,0.0,0.0,0.0,6,58.4,61.4,6,57.0,59.4,0.0,0.0,0.0,0.0,243
2023-05-10 09:45:57,MO2312-C-7400,MO2312-C-7400,57.0,0.0,0.0,0.0,6,58.2,61.4,6,57.0,59.4,0.0,0.0,0.0,0.0,243
2023-05-10 09:46:01,MO2312-C-7400,MO2312-C-7400,57.0,0.0,0.0,0.0,10,58.2,61.4,6,57.0,59.4,0.0,0.0,0.0,0.0,243
2023-05-10 09:46:02,MO2312-C-7400,MO2312-C-7400,57.0,0.0,0.0,0.0,6,58.4,61.4,6,57.0,59.4,0.0,0.0,0.0,0.0,243
2023-05-10 09:46:09,MO2312-C-7400,MO2312-C-7400,57.0,0.0,0.0,0.0,7,58.4,61.4,6,57.0,59.4,0.0,0.0,0.0,0.0,243
2023-05-10 09:46:09,MO2312-C-7400,MO2312-C-7400,57.0,0.0,0.0,0.0,6,58.6,61.4,6,57.0,59.4,0.0,0.0,0.0,0.0,243
2023-05-10 09:46:14,MO2312-C-7400,MO2312-C-7400,57.0,0.0,0.0,0.0,7,58.6,61.6,6,57.0,59.4,0.0,0.0,0.0,0.0,243
2023-05-10 09:46:14,MO2312-C-7400,MO2312-C-7400,57.0,0.0,0.0,0.0,6,58.8,61.6,6,57.0,59.4,0.0,0.0,0.0,0.0,243
2023-05-10 09:46:18,MO2312-C-7400,MO2312-C-7400,57.0,0.0,0.0,0.0,6,58.8,61.8,12,57.0,59.4,0.0,0.0,0.0,0.0,243
2023-05-10 09:46:19,MO2312-C-7400,MO2312-C-7400,57.0,0.0,0.0,0.0,6,58.8,61.8,6,57.0,59.4,0.0,0.0,0.0,0.0,243
2023-05-10 09:46:24,MO2312-C-7400,MO2312-C-7400,57.0,0.0,0.0,0.0,7,58.8,61.8,6,57.0,59.4,0.0,0.0,0.0,0.0,243
2023-05-10 09:46:25,MO2312-C-7400,MO2312-C-7400,57.0,0.0,0.0,0.0,6,59.0,61.8,6,57.0,59.4,0.0,0.0,0.0,0.0,243
2023-05-10 09:46:30,MO2312-C-7400,MO2312-C-7400,57.0,0.0,0.0,0.0,6,59.0,61.6,6,57.0,59.4,0.0,0.0,0.0,0.0,243
2023-05-10 09:46:36,MO2312-C-7400,MO2312-C-7400,57.0,0.0,0.0,0.0,6,59.0,61.8,6,57.0,59.4,0.0,0.0,0.0,0.0,243
2023-05-10 09:46:44,MO2312-C-7400,MO2312-C-7400,57.0,0.0,0.0,0.0,7,59.0,61.8,6,57.0,59.4,0.0,0.0,0.0,0.0,243
2023-05-10 09:46:44,MO2312-C-7400,MO2312-C-7400,57.0,0.0,0.0,0.0,6,59.2,61.8,12,57.0,59.4,0.0,0.0,0.0,0.0,243
2023-05-10 09:46:45,MO2312-C-7400,MO2312-C-7400,57.0,0.0,0.0,0.0,6,59.2,61.8,6,57.0,59.4,0.0,0.0,0.0,0.0,243
2023-05-10 09:47:05,MO2312-C-7400,MO2312-C-7400,57.0,0.0,0.0,0.0,7,59.2,61.8,6,57.0,59.4,0.0,0.0,0.0,0.0,243
2023-05-10 09:47:05,MO2312-C-7400,MO2312-C-7400,57.0,0.0,0.0,0.0,6,59.4,61.8,6,57.0,59.4,0.0,0.0,0.0,0.0,243
2023-05-10 09:47:07,MO2312-C-7400,MO2312-C-7400,57.0,0.0,0.0,0.0,6,59.4,62.0,7,57.0,59.4,0.0,0.0,0.0,0.0,243
2023-05-10 09:47:07,MO2312-C-7400,MO2312-C-7400,57.0,0.0,0.0,0.0,6,59.4,62.0,1,57.0,59.4,0.0,0.0,0.0,0.0,243
2023-05-10 09:47:10,MO2312-C-7400,MO2312-C-7400,57.0,0.0,0.0,0.0,7,59.4,62.0,1,57.0,59.4,0.0,0.0,0.0,0.0,243
2023-05-10 09:47:10,MO2312-C-7400,MO2312-C-7400,57.0,0.0,0.0,0.0,6,59.6,62.0,1,57.0,59.4,0.0,0.0,0.0,0.0,243
2023-05-10 09:47:20,MO2312-C-7400,MO2312-C-7400,57.0,0.0,0.0,0.0,7,59.6,62.0,1,57.0,59.4,0.0,0.0,0.0,0.0,243
2023-05-10 09:47:20,MO2312-C-7400,MO2312-C-7400,57.0,0.0,0.0,0.0,6,59.8,62.0,1,57.0,59.4,0.0,0.0,0.0,0.0,243
2023-05-10 09:47:21,MO2312-C-7400,MO2312-C-7400,57.0,0.0,0.0,0.0,6,59.2,62.0,1,57.0,59.4,0.0,0.0,0.0,0.0,243
2023-05-10 09:47:36,MO2312-C-7400,MO2312-C-7400,57.0,0.0,0.0,0.0,7,59.2,62.0,1,57.0,59.4,0.0,0.0,0.0,0.0,243
2023-05-10 09:47:36,MO2312-C-7400,MO2312-C-7400,57.0,0.0,0.0,0.0,6,59.4,62.0,1,57.0,59.4,0.0,0.0,0.0,0.0,243
2023-05-10 09:47:56,MO2312-C-7400,MO2312-C-7400,57.0,0.0,0.0,0.0,7,59.4,62.0,1,57.0,59.4,0.0,0.0,0.0,0.0,243
2023-05-10 09:47:56,MO2312-C-7400,MO2312-C-7400,57.0,0.0,0.0,0.0,6,59.6,62.0,1,57.0,59.4,0.0,0.0,0.0,0.0,243
2023-05-10 09:48:01,MO2312-C-7400,MO2312-C-7400,57.0,0.0,0.0,0.0,7,59.6,62.0,1,57.0,59.4,0.0,0.0,0.0,0.0,243
2023-05-10 09:48:01,MO2312-C-7400,MO2312-C-7400,57.0,0.0,0.0,0.0,6,59.8,62.0,1,57.0,59.4,0.0,0.0,0.0,0.0,243
2023-05-10 09:48:11,MO2312-C-7400,MO2312-C-7400,57.0,0.0,0.0,0.0,7,59.8,62.0,1,57.0,59.4,0.0,0.0,0.0,0.0,243
2023-05-10 09:48:11,MO2312-C-7400,MO2312-C-7400,57.0,0.0,0.0,0.0,6,60.0,62.0,1,57.0,59.4,0.0,0.0,0.0,0.0,243
2023-05-10 09:48:16,MO2312-C-7400,MO2312-C-7400,57.0,0.0,0.0,0.0,6,59.6,62.0,1,57.0,59.4,0.0,0.0,0.0,0.0,243
2023-05-10 09:48:22,MO2312-C-7400,MO2312-C-7400,57.0,0.0,0.0,0.0,1,59.4,62.0,1,57.0,59.4,0.0,0.0,0.0,0.0,243
2023-05-10 09:48:22,MO2312-C-7400,MO2312-C-7400,57.0,0.0,0.0,0.0,6,59.6,62.0,7,57.0,59.4,0.0,0.0,0.0,0.0,243
2023-05-10 09:48:29,MO2312-C-7400,MO2312-C-7400,57.0,0.0,0.0,0.0,6,59.6,62.0,1,57.0,59.4,0.0,0.0,0.0,0.0,243
2023-05-10 09:48:30,MO2312-C-7400,MO2312-C-7400,57.0,0.0,0.0,0.0,7,59.4,62.0,1,57.0,59.4,0.0,0.0,0.0,0.0,243
2023-05-10 09:48:31,MO2312-C-7400,MO2312-C-7400,57.0,0.0,0.0,0.0,6,59.6,62.0,7,57.0,59.4,0.0,0.0,0.0,0.0,243
2023-05-10 09:48:34,MO2312-C-7400,MO2312-C-7400,57.0,0.0,0.0,0.0,6,59.6,62.0,1,57.0,59.4,0.0,0.0,0.0,0.0,243
2023-05-10 09:48:38,MO2312-C-7400,MO2312-C-7400,57.0,0.0,0.0,0.0,7,59.6,62.0,1,57.0,59.4,0.0,0.0,0.0,0.0,243
2023-05-10 09:48:39,MO2312-C-7400,MO2312-C-7400,57.0,0.0,0.0,0.0,6,59.8,62.0,1,57.0,59.4,0.0,0.0,0.0,0.0,243
2023-05-10 09:48:58,MO2312-C-7400,MO2312-C-7400,57.0,0.0,0.0,0.0,7,59.8,62.0,1,57.0,59.4,0.0,0.0,0.0,0.0,243
2023-05-10 09:48:59,MO2312-C-7400,MO2312-C-7400,57.0,0.0,0.0,0.0,6,60.0,62.0,1,57.0,59.4,0.0,0.0,0.0,0.0,243
2023-05-10 09:49:04,MO2312-C-7400,MO2312-C-7400,57.0,0.0,0.0,0.0,7,60.0,62.0,1,57.0,59.4,0.0,0.0,0.0,0.0,243
2023-05-10 09:49:05,MO2312-C-7400,MO2312-C-7400,57.0,0.0,0.0,0.0,6,60.2,62.0,1,57.0,59.4,0.0,0.0,0.0,0.0,243
2023-05-10 09:49:15,MO2312-C-7400,MO2312-C-7400,57.0,0.0,0.0,0.0,7,60.2,62.0,1,57.0,59.4,0.0,0.0,0.0,0.0,243
2023-05-10 09:49:24,MO2312-C-7400,MO2312-C-7400,57.0,0.0,0.0,0.0,1,60.2,62.0,1,57.0,59.4,0.0,0.0,0.0,0.0,243
2023-05-10 09:49:28,MO2312-C-7400,MO2312-C-7400,57.0,0.0,0.0,0.0,7,60.2,62.0,1,57.0,59.4,0.0,0.0,0.0,0.0,243
2023-05-10 09:49:31,MO2312-C-7400,MO2312-C-7400,57.0,0.0,0.0,0.0,1,60.2,62.0,1,57.0,59.4,0.0,0.0,0.0,0.0,243
2023-05-10 09:49:34,MO2312-C-7400,MO2312-C-7400,57.0,0.0,0.0,0.0,7,60.2,62.0,1,57.0,59.4,0.0,0.0,0.0,0.0,243
2023-05-10 09:49:35,MO2312-C-7400,MO2312-C-7400,57.0,0.0,0.0,0.0,7,60.2,62.4,18,57.0,59.4,0.0,0.0,0.0,0.0,243
2023-05-10 09:49:35,MO2312-C-7400,MO2312-C-7400,57.0,0.0,0.0,0.0,7,60.2,62.4,12,57.0,59.4,0.0,0.0,0.0,0.0,243
2023-05-10 09:49:36,MO2312-C-7400,MO2312-C-7400,57.0,0.0,0.0,0.0,7,60.2,62.4,6,57.0,59.4,0.0,0.0,0.0,0.0,243
2023-05-10 09:49:41,MO2312-C-7400,MO2312-C-7400,57.0,0.0,0.0,0.0,6,60.4,62.4,6,57.0,59.4,0.0,0.0,0.0,0.0,243
2023-05-10 09:49:51,MO2312-C-7400,MO2312-C-7400,57.0,0.0,0.0,0.0,7,60.4,62.4,6,57.0,59.4,0.0,0.0,0.0,0.0,243
2023-05-10 09:49:52,MO2312-C-7400,MO2312-C-7400,57.0,0.0,0.0,0.0,6,60.6,62.4,6,57.0,59.4,0.0,0.0,0.0,0.0,243
2023-05-10 09:49:55,MO2312-C-7400,MO2312-C-7400,57.0,0.0,0.0,0.0,6,60.0,62.4,6,57.0,59.4,0.0,0.0,0.0,0.0,243
2023-05-10 09:50:10,MO2312-C-7400,MO2312-C-7400,57.0,0.0,0.0,0.0,8,60.0,62.4,6,57.0,59.4,0.0,0.0,0.0,0.0,243
2023-05-10 09:50:10,MO2312-C-7400,MO2312-C-7400,57.0,0.0,0.0,0.0,6,60.2,62.4,6,57.0,59.4,0.0,0.0,0.0,0.0,243
2023-05-10 09:50:11,MO2312-C-7400,MO2312-C-7400,57.0,0.0,0.0,0.0,6,60.2,62.8,6,57.0,59.4,0.0,0.0,0.0,0.0,243
2023-05-10 09:50:11,MO2312-C-7400,MO2312-C-7400,57.0,0.0,0.0,0.0,6,60.2,63.2,48,57.0,59.4,0.0,0.0,0.0,0.0,243
2023-05-10 09:50:12,MO2312-C-7400,MO2312-C-7400,57.0,0.0,0.0,0.0,6,60.2,63.2,18,57.0,59.4,0.0,0.0,0.0,0.0,243
2023-05-10 09:50:12,MO2312-C-7400,MO2312-C-7400,57.0,0.0,0.0,0.0,6,60.2,63.2,12,57.0,59.4,0.0,0.0,0.0,0.0,243
2023-05-10 09:50:13,MO2312-C-7400,MO2312-C-7400,57.0,0.0,0.0,0.0,8,60.2,63.2,6,57.0,59.4,0.0,0.0,0.0,0.0,243
2023-05-10 09:50:13,MO2312-C-7400,MO2312-C-7400,57.0,0.0,0.0,0.0,6,60.4,63.2,6,57.0,59.4,0.0,0.0,0.0,0.0,243
2023-05-10 09:50:14,MO2312-C-7400,MO2312-C-7400,57.0,0.0,0.0,0.0,6,60.2,63.2,6,57.0,59.4,0.0,0.0,0.0,0.0,243
2023-05-10 09:50:14,MO2312-C-7400,MO2312-C-7400,57.0,0.0,0.0,0.0,8,60.2,63.2,6,57.0,59.4,0.0,0.0,0.0,0.0,243
2023-05-10 09:50:15,MO2312-C-7400,MO2312-C-7400,57.0,0.0,0.0,0.0,6,60.4,63.2,6,57.0,59.4,0.0,0.0,0.0,0.0,243
2023-05-10 09:50:15,MO2312-C-7400,MO2312-C-7400,57.0,0.0,0.0,0.0,12,60.2,63.2,6,57.0,59.4,0.0,0.0,0.0,0.0,243
2023-05-10 09:50:16,MO2312-C-7400,MO2312-C-7400,57.0,0.0,0.0,0.0,6,60.4,63.2,6,57.0,59.4,0.0,0.0,0.0,0.0,243
2023-05-10 09:50:22,MO2312-C-7400,MO2312-C-7400,57.0,0.0,0.0,0.0,7,60.2,63.2,6,57.0,59.4,0.0,0.0,0.0,0.0,243
2023-05-10 09:50:22,MO2312-C-7400,MO2312-C-7400,57.0,0.0,0.0,0.0,6,60.4,63.2,6,57.0,59.4,0.0,0.0,0.0,0.0,243
2023-05-10 09:50:28,MO2312-C-7400,MO2312-C-7400,57.0,0.0,0.0,0.0,6,60.0,63.2,6,57.0,59.4,0.0,0.0,0.0,0.0,243
2023-05-10 09:50:31,MO2312-C-7400,MO2312-C-7400,57.0,0.0,0.0,0.0,8,60.0,63.2,6,57.0,59.4,0.0,0.0,0.0,0.0,243
2023-05-10 09:50:32,MO2312-C-7400,MO2312-C-7400,57.0,0.0,0.0,0.0,6,60.2,63.2,6,57.0,59.4,0.0,0.0,0.0,0.0,243
2023-05-10 09:50:32,MO2312-C-7400,MO2312-C-7400,57.0,0.0,0.0,0.0,6,60.0,63.2,6,57.0,59.4,0.0,0.0,0.0,0.0,243
2023-05-10 09:50:34,MO2312-C-7400,MO2312-C-7400,57.0,0.0,0.0,0.0,8,60.0,63.2,6,57.0,59.4,0.0,0.0,0.0,0.0,243
2023-05-10 09:50:34,MO2312-C-7400,MO2312-C-7400,57.0,0.0,0.0,0.0,6,60.2,63.2,6,57.0,59.4,0.0,0.0,0.0,0.0,243
2023-05-10 09:50:35,MO2312-C-7400,MO2312-C-7400,57.0,0.0,0.0,0.0,6,60.0,63.2,6,57.0,59.4,0.0,0.0,0.0,0.0,243
2023-05-10 09:50:35,MO2312-C-7400,MO2312-C-7400,57.0,0.0,0.0,0.0,8,60.0,63.2,6,57.0,59.4,0.0,0.0,0.0,0.0,243
2023-05-10 09:50:36,MO2312-C-7400,MO2312-C-7400,57.0,0.0,0.0,0.0,6,60.2,63.2,6,57.0,59.4,0.0,0.0,0.0,0.0,243
2023-05-10 09:50:36,MO2312-C-7400,MO2312-C-7400,57.0,0.0,0.0,0.0,6,60.0,63.2,6,57.0,59.4,0.0,0.0,0.0,0.0,243
2023-05-10 09:50:37,MO2312-C-7400,MO2312-C-7400,57.0,0.0,0.0,0.0,8,60.0,63.2,6,57.0,59.4,0.0,0.0,0.0,0.0,243
2023-05-10 09:50:38,MO2312-C-7400,MO2312-C-7400,57.0,0.0,0.0,0.0,6,60.2,63.2,6,57.0,59.4,0.0,0.0,0.0,0.0,243
2023-05-10 09:50:40,MO2312-C-7400,MO2312-C-7400,57.0,0.0,0.0,0.0,6,60.0,63.2,6,57.0,59.4,0.0,0.0,0.0,0.0,243
2023-05-10 09:50:44,MO2312-C-7400,MO2312-C-7400,57.0,0.0,0.0,0.0,8,60.0,63.2,6,57.0,59.4,0.0,0.0,0.0,0.0,243
2023-05-10 09:50:44,MO2312-C-7400,MO2312-C-7400,57.0,0.0,0.0,0.0,6,60.2,63.2,6,57.0,59.4,0.0,0.0,0.0,0.0,243
2023-05-10 09:50:46,MO2312-C-7400,MO2312-C-7400,57.0,0.0,0.0,0.0,6,60.0,63.2,6,57.0,59.4,0.0,0.0,0.0,0.0,243
2023-05-10 09:50:47,MO2312-C-7400,MO2312-C-7400,57.0,0.0,0.0,0.0,9,60.0,63.2,6,57.0,59.4,0.0,0.0,0.0,0.0,243
2023-05-10 09:50:48,MO2312-C-7400,MO2312-C-7400,57.0,0.0,0.0,0.0,6,60.2,63.2,6,57.0,59.4,0.0,0.0,0.0,0.0,243
2023-05-10 09:50:52,MO2312-C-7400,MO2312-C-7400,57.0,0.0,0.0,0.0,7,60.2,63.2,6,57.0,59.4,0.0,0.0,0.0,0.0,243
2023-05-10 09:50:53,MO2312-C-7400,MO2312-C-7400,57.0,0.0,0.0,0.0,6,60.4,63.2,6,57.0,59.4,0.0,0.0,0.0,0.0,243
2023-05-10 09:51:02,MO2312-C-7400,MO2312-C-7400,57.0,0.0,0.0,0.0,7,60.4,63.2,6,57.0,59.4,0.0,0.0,0.0,0.0,243
2023-05-10 09:51:03,MO2312-C-7400,MO2312-C-7400,57.0,0.0,0.0,0.0,6,60.6,63.2,6,57.0,59.4,0.0,0.0,0.0,0.0,243
2023-05-10 09:51:31,MO2312-C-7400,MO2312-C-7400,57.0,0.0,0.0,0.0,7,60.6,63.2,6,57.0,59.4,0.0,0.0,0.0,0.0,243
2023-05-10 09:51:32,MO2312-C-7400,MO2312-C-7400,57.0,0.0,0.0,0.0,6,60.8,63.2,6,57.0,59.4,0.0,0.0,0.0,0.0,243
2023-05-10 09:51:37,MO2312-C-7400,MO2312-C-7400,57.0,0.0,0.0,0.0,6,60.4,63.2,6,57.0,59.4,0.0,0.0,0.0,0.0,243
2023-05-10 09:52:03,MO2312-C-7400,MO2312-C-7400,57.0,0.0,0.0,0.0,7,60.4,63.2,6,57.0,59.4,0.0,0.0,0.0,0.0,243
2023-05-10 09:52:04,MO2312-C-7400,MO2312-C-7400,57.0,0.0,0.0,0.0,6,60.6,63.2,6,57.0,59.4,0.0,0.0,0.0,0.0,243
2023-05-10 09:52:15,MO2312-C-7400,MO2312-C-7400,57.0,0.0,0.0,0.0,6,60.6,63.2,14,57.0,59.4,0.0,0.0,0.0,0.0,243
2023-05-10 09:52:16,MO2312-C-7400,MO2312-C-7400,57.0,0.0,0.0,0.0,6,60.2,63.2,6,57.0,59.4,0.0,0.0,0.0,0.0,243
2023-05-10 09:52:20,MO2312-C-7400,MO2312-C-7400,57.0,0.0,0.0,0.0,7,60.2,63.2,6,57.0,59.4,0.0,0.0,0.0,0.0,243
2023-05-10 09:52:21,MO2312-C-7400,MO2312-C-7400,57.0,0.0,0.0,0.0,6,60.4,63.2,6,57.0,59.4,0.0,0.0,0.0,0.0,243
2023-05-10 09:52:30,MO2312-C-7400,MO2312-C-7400,57.0,0.0,0.0,0.0,7,60.4,63.2,6,57.0,59.4,0.0,0.0,0.0,0.0,243
2023-05-10 09:52:31,MO2312-C-7400,MO2312-C-7400,57.0,0.0,0.0,0.0,6,60.6,63.2,6,57.0,59.4,0.0,0.0,0.0,0.0,243
2023-05-10 09:52:39,MO2312-C-7400,MO2312-C-7400,57.0,0.0,0.0,0.0,6,60.6,63.2,12,57.0,59.4,0.0,0.0,0.0,0.0,243
2023-05-10 09:52:40,MO2312-C-7400,MO2312-C-7400,57.0,0.0,0.0,0.0,6,60.2,63.2,6,57.0,59.4,0.0,0.0,0.0,0.0,243
2023-05-10 09:52:40,MO2312-C-7400,MO2312-C-7400,57.0,0.0,0.0,0.0,6,60.2,63.2,8,57.0,59.4,0.0,0.0,0.0,0.0,243
2023-05-10 09:52:43,MO2312-C-7400,MO2312-C-7400,57.0,0.0,0.0,0.0,6,60.2,63.2,6,57.0,59.4,0.0,0.0,0.0,0.0,243
2023-05-10 09:52:54,MO2312-C-7400,MO2312-C-7400,57.0,0.0,0.0,0.0,7,60.2,63.2,6,57.0,59.4,0.0,0.0,0.0,0.0,243
2023-05-10 09:52:55,MO2312-C-7400,MO2312-C-7400,57.0,0.0,0.0,0.0,6,60.4,63.2,6,57.0,59.4,0.0,0.0,0.0,0.0,243
2023-05-10 09:53:07,MO2312-C-7400,MO2312-C-7400,57.0,0.0,0.0,0.0,6,60.4,63.2,12,57.0,59.4,0.0,0.0,0.0,0.0,243
2023-05-10 09:53:07,MO2312-C-7400,MO2312-C-7400,57.0,0.0,0.0,0.0,6,60.4,63.2,6,57.0,59.4,0.0,0.0,0.0,0.0,243
2023-05-10 09:53:16,MO2312-C-7400,MO2312-C-7400,57.0,0.0,0.0,0.0,7,60.4,63.2,6,57.0,59.4,0.0,0.0,0.0,0.0,243
2023-05-10 09:53:16,MO2312-C-7400,MO2312-C-7400,57.0,0.0,0.0,0.0,6,60.6,63.2,6,57.0,59.4,0.0,0.0,0.0,0.0,243
2023-05-10 09:53:18,MO2312-C-7400,MO2312-C-7400,57.0,0.0,0.0,0.0,6,60.6,63.2,12,57.0,59.4,0.0,0.0,0.0,0.0,243
2023-05-10 09:53:20,MO2312-C-7400,MO2312-C-7400,57.0,0.0,0.0,0.0,6,60.2,63.2,6,57.0,59.4,0.0,0.0,0.0,0.0,243
2023-05-10 09:53:20,MO2312-C-7400,MO2312-C-7400,57.0,0.0,0.0,0.0,6,60.2,63.2,12,57.0,59.4,0.0,0.0,0.0,0.0,243
2023-05-10 09:53:22,MO2312-C-7400,MO2312-C-7400,57.0,0.0,0.0,0.0,6,60.2,63.2,6,57.0,59.4,0.0,0.0,0.0,0.0,243
2023-05-10 09:53:24,MO2312-C-7400,MO2312-C-7400,57.0,0.0,0.0,0.0,7,60.2,63.2,6,57.0,59.4,0.0,0.0,0.0,0.0,243
2023-05-10 09:53:25,MO2312-C-7400,MO2312-C-7400,57.0,0.0,0.0,0.0,6,60.4,63.2,6,57.0,59.4,0.0,0.0,0.0,0.0,243
2023-05-10 09:53:34,MO2312-C-7400,MO2312-C-7400,57.0,0.0,0.0,0.0,7,60.4,63.2,6,57.0,59.4,0.0,0.0,0.0,0.0,243
2023-05-10 09:53:35,MO2312-C-7400,MO2312-C-7400,57.0,0.0,0.0,0.0,6,60.6,63.2,12,57.0,59.4,0.0,0.0,0.0,0.0,243
2023-05-10 09:53:37,MO2312-C-7400,MO2312-C-7400,57.0,0.0,0.0,0.0,6,60.6,63.2,6,57.0,59.4,0.0,0.0,0.0,0.0,243
2023-05-10 09:54:11,MO2312-C-7400,MO2312-C-7400,57.0,0.0,0.0,0.0,6,60.6,63.2,8,57.0,59.4,0.0,0.0,0.0,0.0,243
2023-05-10 09:54:14,MO2312-C-7400,MO2312-C-7400,57.0,0.0,0.0,0.0,6,60.6,63.2,6,57.0,59.4,0.0,0.0,0.0,0.0,243
2023-05-10 09:54:18,MO2312-C-7400,MO2312-C-7400,57.0,0.0,0.0,0.0,7,60.6,63.2,6,57.0,59.4,0.0,0.0,0.0,0.0,243
2023-05-10 09:54:18,MO2312-C-7400,MO2312-C-7400,57.0,0.0,0.0,0.0,6,60.8,63.2,6,57.0,59.4,0.0,0.0,0.0,0.0,243
2023-05-10 09:54:24,MO2312-C-7400,MO2312-C-7400,57.0,0.0,0.0,0.0,6,60.8,63.2,12,57.0,59.4,0.0,0.0,0.0,0.0,243
2023-05-10 09:54:25,MO2312-C-7400,MO2312-C-7400,57.0,0.0,0.0,0.0,6,60.4,63.2,6,57.0,59.4,0.0,0.0,0.0,0.0,243
2023-05-10 09:54:27,MO2312-C-7400,MO2312-C-7400,57.0,0.0,0.0,0.0,6,60.4,63.2,12,57.0,59.4,0.0,0.0,0.0,0.0,243
2023-05-10 09:54:32,MO2312-C-7400,MO2312-C-7400,57.0,0.0,0.0,0.0,6,60.4,63.2,6,57.0,59.4,0.0,0.0,0.0,0.0,243
2023-05-10 09:54:40,MO2312-C-7400,MO2312-C-7400,57.0,0.0,0.0,0.0,6,60.4,63.2,12,57.0,59.4,0.0,0.0,0.0,0.0,243
2023-05-10 09:54:41,MO2312-C-7400,MO2312-C-7400,57.0,0.0,0.0,0.0,6,60.4,63.2,14,57.0,59.4,0.0,0.0,0.0,0.0,243
2023-05-10 09:54:43,MO2312-C-7400,MO2312-C-7400,57.0,0.0,0.0,0.0,6,60.4,63.2,12,57.0,59.4,0.0,0.0,0.0,0.0,243
2023-05-10 09:54:45,MO2312-C-7400,MO2312-C-7400,57.0,0.0,0.0,0.0,7,60.4,63.2,6,57.0,59.4,0.0,0.0,0.0,0.0,243
2023-05-10 09:54:46,MO2312-C-7400,MO2312-C-7400,57.0,0.0,0.0,0.0,6,60.6,63.2,6,57.0,59.4,0.0,0.0,0.0,0.0,243
2023-05-10 09:55:03,MO2312-C-7400,MO2312-C-7400,57.0,0.0,0.0,0.0,6,60.6,63.0,6,57.0,59.4,0.0,0.0,0.0,0.0,243
2023-05-10 09:55:05,MO2312-C-7400,MO2312-C-7400,57.0,0.0,0.0,0.0,6,60.2,63.2,6,57.0,59.4,0.0,0.0,0.0,0.0,243
2023-05-10 09:55:06,MO2312-C-7400,MO2312-C-7400,57.0,0.0,0.0,0.0,6,60.2,63.2,8,57.0,59.4,0.0,0.0,0.0,0.0,243
2023-05-10 09:55:06,MO2312-C-7400,MO2312-C-7400,57.0,0.0,0.0,0.0,6,60.2,63.0,6,57.0,59.4,0.0,0.0,0.0,0.0,243
2023-05-10 09:55:07,MO2312-C-7400,MO2312-C-7400,57.0,0.0,0.0,0.0,6,60.2,63.2,6,57.0,59.4,0.0,0.0,0.0,0.0,243
2023-05-10 09:55:07,MO2312-C-7400,MO2312-C-7400,57.0,0.0,0.0,0.0,6,60.2,63.2,8,57.0,59.4,0.0,0.0,0.0,0.0,243
2023-05-10 09:55:09,MO2312-C-7400,MO2312-C-7400,57.0,0.0,0.0,0.0,6,60.2,63.2,6,57.0,59.4,0.0,0.0,0.0,0.0,243
2023-05-10 09:55:09,MO2312-C-7400,MO2312-C-7400,57.0,0.0,0.0,0.0,7,60.2,63.2,6,57.0,59.4,0.0,0.0,0.0,0.0,243
2023-05-10 09:55:10,MO2312-C-7400,MO2312-C-7400,57.0,0.0,0.0,0.0,6,60.4,63.2,6,57.0,59.4,0.0,0.0,0.0,0.0,243
2023-05-10 09:55:25,MO2312-C-7400,MO2312-C-7400,57.0,0.0,0.0,0.0,7,60.4,63.2,6,57.0,59.4,0.0,0.0,0.0,0.0,243
2023-05-10 09:55:26,MO2312-C-7400,MO2312-C-7400,57.0,0.0,0.0,0.0,6,60.6,63.2,6,57.0,59.4,0.0,0.0,0.0,0.0,243
2023-05-10 09:55:29,MO2312-C-7400,MO2312-C-7400,57.0,0.0,0.0,0.0,6,60.6,63.2,8,57.0,59.4,0.0,0.0,0.0,0.0,243
2023-05-10 09:55:31,MO2312-C-7400,MO2312-C-7400,57.0,0.0,0.0,0.0,6,60.6,63.2,14,57.0,59.4,0.0,0.0,0.0,0.0,243
2023-05-10 09:55:32,MO2312-C-7400,MO2312-C-7400,57.0,0.0,0.0,0.0,6,60.2,63.0,6,57.0,59.4,0.0,0.0,0.0,0.0,243
2023-05-10 09:55:33,MO2312-C-7400,MO2312-C-7400,57.0,0.0,0.0,0.0,6,60.2,63.0,8,57.0,59.4,0.0,0.0,0.0,0.0,243
2023-05-10 09:55:33,MO2312-C-7400,MO2312-C-7400,57.0,0.0,0.0,0.0,6,60.2,63.0,2,57.0,59.4,0.0,0.0,0.0,0.0,243
2023-05-10 09:55:34,MO2312-C-7400,MO2312-C-7400,57.0,0.0,0.0,0.0,6,60.2,63.2,6,57.0,59.4,0.0,0.0,0.0,0.0,243
2023-05-10 09:55:34,MO2312-C-7400,MO2312-C-7400,57.0,0.0,0.0,0.0,6,60.2,63.2,8,57.0,59.4,0.0,0.0,0.0,0.0,243
2023-05-10 09:55:37,MO2312-C-7400,MO2312-C-7400,57.0,0.0,0.0,0.0,6,60.2,63.2,6,57.0,59.4,0.0,0.0,0.0,0.0,243
2023-05-10 09:55:38,MO2312-C-7400,MO2312-C-7400,57.0,0.0,0.0,0.0,6,60.2,63.2,12,57.0,59.4,0.0,0.0,0.0,0.0,243
2023-05-10 09:55:40,MO2312-C-7400,MO2312-C-7400,57.0,0.0,0.0,0.0,6,60.2,63.2,6,57.0,59.4,0.0,0.0,0.0,0.0,243
2023-05-10 09:55:59,MO2312-C-7400,MO2312-C-7400,57.0,0.0,0.0,0.0,6,60.2,63.2,8,57.0,59.4,0.0,0.0,0.0,0.0,243
2023-05-10 09:56:02,MO2312-C-7400,MO2312-C-7400,57.0,0.0,0.0,0.0,6,60.2,62.8,6,57.0,59.4,0.0,0.0,0.0,0.0,243
2023-05-10 09:56:05,MO2312-C-7400,MO2312-C-7400,57.0,0.0,0.0,0.0,7,60.2,62.8,6,57.0,59.4,0.0,0.0,0.0,0.0,243
2023-05-10 09:56:06,MO2312-C-7400,MO2312-C-7400,57.0,0.0,0.0,0.0,6,60.4,62.8,6,57.0,59.4,0.0,0.0,0.0,0.0,243
2023-05-10 09:56:09,MO2312-C-7400,MO2312-C-7400,57.0,0.0,0.0,0.0,6,60.2,62.8,6,57.0,59.4,0.0,0.0,0.0,0.0,243
2023-05-10 09:56:25,MO2312-C-7400,MO2312-C-7400,57.0,0.0,0.0,0.0,6,60.2,62.6,6,57.0,59.4,0.0,0.0,0.0,0.0,243
2023-05-10 09:56:25,MO2312-C-7400,MO2312-C-7400,57.0,0.0,0.0,0.0,6,60.2,62.8,6,57.0,59.4,0.0,0.0,0.0,0.0,243
2023-05-10 09:56:35,MO2312-C-7400,MO2312-C-7400,57.0,0.0,0.0,0.0,6,60.0,62.8,6,57.0,59.4,0.0,0.0,0.0,0.0,243
2023-05-10 09:56:58,MO2312-C-7400,MO2312-C-7400,57.0,0.0,0.0,0.0,6,60.0,62.8,8,57.0,59.4,0.0,0.0,0.0,0.0,243
2023-05-10 09:56:59,MO2312-C-7400,MO2312-C-7400,57.0,0.0,0.0,0.0,7,59.8,62.6,7,57.0,59.4,0.0,0.0,0.0,0.0,243
2023-05-10 09:56:59,MO2312-C-7400,MO2312-C-7400,57.0,0.0,0.0,0.0,7,59.8,62.4,6,57.0,59.4,0.0,0.0,0.0,0.0,243
2023-05-10 09:57:00,MO2312-C-7400,MO2312-C-7400,57.0,0.0,0.0,0.0,7,59.8,62.4,12,57.0,59.4,0.0,0.0,0.0,0.0,243
2023-05-10 09:57:00,MO2312-C-7400,MO2312-C-7400,57.0,0.0,0.0,0.0,6,60.0,62.4,12,57.0,59.4,0.0,0.0,0.0,0.0,243
2023-05-10 09:57:04,MO2312-C-7400,MO2312-C-7400,57.0,0.0,0.0,0.0,6,60.0,62.4,6,57.0,59.4,0.0,0.0,0.0,0.0,243
2023-05-10 09:57:08,MO2312-C-7400,MO2312-C-7400,57.0,0.0,0.0,0.0,6,60.0,62.4,12,57.0,59.4,0.0,0.0,0.0,0.0,243
2023-05-10 09:57:09,MO2312-C-7400,MO2312-C-7400,57.0,0.0,0.0,0.0,6,60.0,62.4,6,57.0,59.4,0.0,0.0,0.0,0.0,243
2023-05-10 09:57:17,MO2312-C-7400,MO2312-C-7400,57.0,0.0,0.0,0.0,6,59.8,62.4,6,57.0,59.4,0.0,0.0,0.0,0.0,243
2023-05-10 09:57:48,MO2312-C-7400,MO2312-C-7400,57.0,0.0,0.0,0.0,6,59.8,62.4,12,57.0,59.4,0.0,0.0,0.0,0.0,243
2023-05-10 09:57:50,MO2312-C-7400,MO2312-C-7400,57.0,0.0,0.0,0.0,6,59.8,62.4,6,57.0,59.4,0.0,0.0,0.0,0.0,243
2023-05-10 09:57:50,MO2312-C-7400,MO2312-C-7400,57.0,0.0,0.0,0.0,6,59.8,62.4,8,57.0,59.4,0.0,0.0,0.0,0.0,243
2023-05-10 09:57:51,MO2312-C-7400,MO2312-C-7400,57.0,0.0,0.0,0.0,6,59.8,62.4,6,57.0,59.4,0.0,0.0,0.0,0.0,243
2023-05-10 09:58:03,MO2312-C-7400,MO2312-C-7400,57.0,0.0,0.0,0.0,6,59.8,62.4,8,57.0,59.4,0.0,0.0,0.0,0.0,243
2023-05-10 09:58:04,MO2312-C-7400,MO2312-C-7400,57.0,0.0,0.0,0.0,6,59.8,62.4,14,57.0,59.4,0.0,0.0,0.0,0.0,243
2023-05-10 09:58:06,MO2312-C-7400,MO2312-C-7400,57.0,0.0,0.0,0.0,6,59.8,62.4,12,57.0,59.4,0.0,0.0,0.0,0.0,243
2023-05-10 09:58:06,MO2312-C-7400,MO2312-C-7400,57.0,0.0,0.0,0.0,6,59.8,62.4,14,57.0,59.4,0.0,0.0,0.0,0.0,243
2023-05-10 09:58:09,MO2312-C-7400,MO2312-C-7400,57.0,0.0,0.0,0.0,6,59.8,62.4,6,57.0,59.4,0.0,0.0,0.0,0.0,243
2023-05-10 09:58:32,MO2312-C-7400,MO2312-C-7400,57.0,0.0,0.0,0.0,7,59.8,62.4,6,57.0,59.4,0.0,0.0,0.0,0.0,243
2023-05-10 09:58:33,MO2312-C-7400,MO2312-C-7400,57.0,0.0,0.0,0.0,6,60.0,62.4,6,57.0,59.4,0.0,0.0,0.0,0.0,243
2023-05-10 09:58:41,MO2312-C-7400,MO2312-C-7400,57.0,0.0,0.0,0.0,7,60.0,62.4,6,57.0,59.4,0.0,0.0,0.0,0.0,243
2023-05-10 09:58:41,MO2312-C-7400,MO2312-C-7400,57.0,0.0,0.0,0.0,6,60.2,62.4,6,57.0,59.4,0.0,0.0,0.0,0.0,243
2023-05-10 09:58:51,MO2312-C-7400,MO2312-C-7400,57.0,0.0,0.0,0.0,7,60.2,62.4,6,57.0,59.4,0.0,0.0,0.0,0.0,243
2023-05-10 09:58:51,MO2312-C-7400,MO2312-C-7400,57.0,0.0,0.0,0.0,6,60.4,62.4,6,57.0,59.4,0.0,0.0,0.0,0.0,243
2023-05-10 09:59:14,MO2312-C-7400,MO2312-C-7400,57.0,0.0,0.0,0.0,7,60.4,62.4,6,57.0,59.4,0.0,0.0,0.0,0.0,243
2023-05-10 09:59:14,MO2312-C-7400,MO2312-C-7400,57.0,0.0,0.0,0.0,6,60.6,62.4,6,57.0,59.4,0.0,0.0,0.0,0.0,243
2023-05-10 09:59:21,MO2312-C-7400,MO2312-C-7400,57.0,0.0,0.0,0.0,6,60.2,62.4,6,57.0,59.4,0.0,0.0,0.0,0.0,243
2023-05-10 09:59:31,MO2312-C-7400,MO2312-C-7400,57.0,0.0,0.0,0.0,6,59.8,62.4,6,57.0,59.4,0.0,0.0,0.0,0.0,243
2023-05-10 09:59:51,MO2312-C-7400,MO2312-C-7400,57.0,0.0,0.0,0.0,7,59.8,62.4,6,57.0,59.4,0.0,0.0,0.0,0.0,243
2023-05-10 09:59:51,MO2312-C-7400,MO2312-C-7400,57.0,0.0,0.0,0.0,6,60.0,62.4,6,57.0,59.4,0.0,0.0,0.0,0.0,243
2023-05-10 09:59:58,MO2312-C-7400,MO2312-C-7400,57.0,0.0,0.0,0.0,7,60.0,62.4,6,57.0,59.4,0.0,0.0,0.0,0.0,243
2023-05-10 09:59:58,MO2312-C-7400,MO2312-C-7400,57.0,0.0,0.0,0.0,6,60.2,62.4,6,57.0,59.4,0.0,0.0,0.0,0.0,243
2023-05-10 10:00:02,MO2312-C-7400,MO2312-C-7400,57.0,0.0,0.0,0.0,6,59.8,62.4,6,57.0,59.4,0.0,0.0,0.0,0.0,243
2023-05-10 10:00:12,MO2312-C-7400,MO2312-C-7400,57.0,0.0,0.0,0.0,7,59.8,62.4,6,57.0,59.4,0.0,0.0,0.0,0.0,243
2023-05-10 10:00:12,MO2312-C-7400,MO2312-C-7400,57.0,0.0,0.0,0.0,6,60.0,62.4,6,57.0,59.4,0.0,0.0,0.0,0.0,243
2023-05-10 10:00:24,MO2312-C-7400,MO2312-C-7400,57.0,0.0,0.0,0.0,6,59.8,62.4,6,57.0,59.4,0.0,0.0,0.0,0.0,243
2023-05-10 10:02:48,MO2312-C-7400,MO2312-C-7400,57.0,0.0,0.0,0.0,6,59.8,62.4,8,57.0,59.4,0.0,0.0,0.0,0.0,243
2023-05-10 10:02:49,MO2312-C-7400,MO2312-C-7400,57.0,0.0,0.0,0.0,6,59.8,62.2,6,57.0,59.4,0.0,0.0,0.0,0.0,243
2023-05-10 10:02:50,MO2312-C-7400,MO2312-C-7400,57.0,0.0,0.0,0.0,6,59.6,62.2,6,57.0,59.4,0.0,0.0,0.0,0.0,243
2023-05-10 10:03:01,MO2312-C-7400,MO2312-C-7400,57.0,0.0,0.0,0.0,6,59.6,62.2,12,57.0,59.4,0.0,0.0,0.0,0.0,243
2023-05-10 10:03:02,MO2312-C-7400,MO2312-C-7400,57.0,0.0,0.0,0.0,6,59.6,62.2,6,57.0,59.4,0.0,0.0,0.0,0.0,243
2023-05-10 10:03:04,MO2312-C-7400,MO2312-C-7400,57.0,0.0,0.0,0.0,6,59.6,62.2,12,57.0,59.4,0.0,0.0,0.0,0.0,243
2023-05-10 10:03:09,MO2312-C-7400,MO2312-C-7400,57.0,0.0,0.0,0.0,6,59.6,62.2,6,57.0,59.4,0.0,0.0,0.0,0.0,243
2023-05-10 10:03:16,MO2312-C-7400,MO2312-C-7400,57.0,0.0,0.0,0.0,6,59.6,62.2,12,57.0,59.4,0.0,0.0,0.0,0.0,243
2023-05-10 10:03:17,MO2312-C-7400,MO2312-C-7400,57.0,0.0,0.0,0.0,6,59.6,62.2,14,57.0,59.4,0.0,0.0,0.0,0.0,243
2023-05-10 10:03:18,MO2312-C-7400,MO2312-C-7400,57.0,0.0,0.0,0.0,6,59.6,62.2,12,57.0,59.4,0.0,0.0,0.0,0.0,243
2023-05-10 10:03:18,MO2312-C-7400,MO2312-C-7400,57.0,0.0,0.0,0.0,6,59.6,62.2,6,57.0,59.4,0.0,0.0,0.0,0.0,243
2023-05-10 10:04:00,MO2312-C-7400,MO2312-C-7400,57.0,0.0,0.0,0.0,6,59.6,62.2,12,57.0,59.4,0.0,0.0,0.0,0.0,243
2023-05-10 10:04:00,MO2312-C-7400,MO2312-C-7400,57.0,0.0,0.0,0.0,6,59.6,62.2,16,57.0,59.4,0.0,0.0,0.0,0.0,243
2023-05-10 10:04:01,MO2312-C-7400,MO2312-C-7400,57.0,0.0,0.0,0.0,6,59.6,62.2,14,57.0,59.4,0.0,0.0,0.0,0.0,243
2023-05-10 10:04:10,MO2312-C-7400,MO2312-C-7400,57.0,0.0,0.0,0.0,6,59.6,62.2,6,57.0,59.4,0.0,0.0,0.0,0.0,243
2023-05-10 10:05:27,MO2312-C-7400,MO2312-C-7400,57.0,0.0,0.0,0.0,7,59.6,62.2,6,57.0,59.4,0.0,0.0,0.0,0.0,243
2023-05-10 10:05:28,MO2312-C-7400,MO2312-C-7400,57.0,0.0,0.0,0.0,6,59.8,62.2,6,57.0,59.4,0.0,0.0,0.0,0.0,243
2023-05-10 10:05:49,MO2312-C-7400,MO2312-C-7400,57.0,0.0,0.0,0.0,6,59.6,62.2,6,57.0,59.4,0.0,0.0,0.0,0.0,243
2023-05-10 10:06:11,MO2312-C-7400,MO2312-C-7400,57.0,0.0,0.0,0.0,6,59.6,62.4,12,57.0,59.4,0.0,0.0,0.0,0.0,243
2023-05-10 10:06:11,MO2312-C-7400,MO2312-C-7400,57.0,0.0,0.0,0.0,6,59.6,62.4,6,57.0,59.4,0.0,0.0,0.0,0.0,243
2023-05-10 10:06:24,MO2312-C-7400,MO2312-C-7400,57.0,0.0,0.0,0.0,6,59.6,62.2,6,57.0,59.4,0.0,0.0,0.0,0.0,243
2023-05-10 10:06:25,MO2312-C-7400,MO2312-C-7400,57.0,0.0,0.0,0.0,7,59.6,62.2,6,57.0,59.4,0.0,0.0,0.0,0.0,243
2023-05-10 10:06:28,MO2312-C-7400,MO2312-C-7400,57.0,0.0,0.0,0.0,1,59.6,62.2,6,57.0,59.4,0.0,0.0,0.0,0.0,243
2023-05-10 10:06:29,MO2312-C-7400,MO2312-C-7400,57.0,0.0,0.0,0.0,6,59.4,62.2,6,57.0,59.4,0.0,0.0,0.0,0.0,243
2023-05-10 10:06:30,MO2312-C-7400,MO2312-C-7400,57.0,0.0,0.0,0.0,25,59.2,62.2,6,57.0,59.4,0.0,0.0,0.0,0.0,243
2023-05-10 10:06:30,MO2312-C-7400,MO2312-C-7400,57.0,0.0,0.0,0.0,19,59.2,62.2,6,57.0,59.4,0.0,0.0,0.0,0.0,243
2023-05-10 10:06:31,MO2312-C-7400,MO2312-C-7400,57.0,0.0,0.0,0.0,13,59.2,62.2,6,57.0,59.4,0.0,0.0,0.0,0.0,243
2023-05-10 10:06:34,MO2312-C-7400,MO2312-C-7400,57.0,0.0,0.0,0.0,7,59.2,62.2,6,57.0,59.4,0.0,0.0,0.0,0.0,243
2023-05-10 10:06:35,MO2312-C-7400,MO2312-C-7400,57.0,0.0,0.0,0.0,1,59.2,62.2,6,57.0,59.4,0.0,0.0,0.0,0.0,243
2023-05-10 10:06:36,MO2312-C-7400,MO2312-C-7400,57.0,0.0,0.0,0.0,1,59.2,62.2,12,57.0,59.4,0.0,0.0,0.0,0.0,243
2023-05-10 10:06:36,MO2312-C-7400,MO2312-C-7400,57.0,0.0,0.0,0.0,1,59.2,62.0,6,57.0,59.4,0.0,0.0,0.0,0.0,243
2023-05-10 10:06:47,MO2312-C-7400,MO2312-C-7400,57.0,0.0,0.0,0.0,6,59.4,62.0,6,57.0,59.4,0.0,0.0,0.0,0.0,243
2023-05-10 10:06:53,MO2312-C-7400,MO2312-C-7400,57.0,0.0,0.0,0.0,1,59.2,62.0,6,57.0,59.4,0.0,0.0,0.0,0.0,243
2023-05-10 10:06:57,MO2312-C-7400,MO2312-C-7400,57.0,0.0,0.0,0.0,6,59.4,62.0,6,57.0,59.4,0.0,0.0,0.0,0.0,243
2023-05-10 10:06:59,MO2312-C-7400,MO2312-C-7400,57.0,0.0,0.0,0.0,1,59.2,62.0,6,57.0,59.4,0.0,0.0,0.0,0.0,243
2023-05-10 10:07:01,MO2312-C-7400,MO2312-C-7400,57.0,0.0,0.0,0.0,6,59.4,62.0,6,57.0,59.4,0.0,0.0,0.0,0.0,243
2023-05-10 10:07:03,MO2312-C-7400,MO2312-C-7400,57.0,0.0,0.0,0.0,1,59.2,62.0,6,57.0,59.4,0.0,0.0,0.0,0.0,243
2023-05-10 10:07:06,MO2312-C-7400,MO2312-C-7400,57.0,0.0,0.0,0.0,18,59.0,62.0,6,57.0,59.4,0.0,0.0,0.0,0.0,243
2023-05-10 10:07:06,MO2312-C-7400,MO2312-C-7400,57.0,0.0,0.0,0.0,12,59.0,62.0,6,57.0,59.4,0.0,0.0,0.0,0.0,243
2023-05-10 10:07:07,MO2312-C-7400,MO2312-C-7400,57.0,0.0,0.0,0.0,6,59.0,62.0,6,57.0,59.4,0.0,0.0,0.0,0.0,243
2023-05-10 10:07:07,MO2312-C-7400,MO2312-C-7400,57.0,0.0,0.0,0.0,6,59.0,62.2,12,57.0,59.4,0.0,0.0,0.0,0.0,243
2023-05-10 10:07:09,MO2312-C-7400,MO2312-C-7400,57.0,0.0,0.0,0.0,8,59.0,62.2,12,57.0,59.4,0.0,0.0,0.0,0.0,243
2023-05-10 10:07:09,MO2312-C-7400,MO2312-C-7400,57.0,0.0,0.0,0.0,6,59.2,62.2,12,57.0,59.4,0.0,0.0,0.0,0.0,243
2023-05-10 10:07:10,MO2312-C-7400,MO2312-C-7400,57.0,0.0,0.0,0.0,6,59.2,62.2,6,57.0,59.4,0.0,0.0,0.0,0.0,243
2023-05-10 10:07:10,MO2312-C-7400,MO2312-C-7400,57.0,0.0,0.0,0.0,6,59.2,62.0,6,57.0,59.4,0.0,0.0,0.0,0.0,243
2023-05-10 10:07:14,MO2312-C-7400,MO2312-C-7400,57.0,0.0,0.0,0.0,6,59.2,62.2,6,57.0,59.4,0.0,0.0,0.0,0.0,243
2023-05-10 10:07:19,MO2312-C-7400,MO2312-C-7400,57.0,0.0,0.0,0.0,6,59.2,62.4,12,57.0,59.4,0.0,0.0,0.0,0.0,243
2023-05-10 10:07:19,MO2312-C-7400,MO2312-C-7400,57.0,0.0,0.0,0.0,2,59.4,62.2,6,57.0,59.4,0.0,0.0,0.0,0.0,243
2023-05-10 10:07:20,MO2312-C-7400,MO2312-C-7400,57.0,0.0,0.0,0.0,8,59.4,62.2,6,57.0,59.4,0.0,0.0,0.0,0.0,243
2023-05-10 10:07:43,MO2312-C-7400,MO2312-C-7400,57.0,0.0,0.0,0.0,6,59.6,62.2,6,57.0,59.4,0.0,0.0,0.0,0.0,243
2023-05-10 10:07:44,MO2312-C-7400,MO2312-C-7400,57.0,0.0,0.0,0.0,8,59.6,62.2,6,57.0,59.4,0.0,0.0,0.0,0.0,243
2023-05-10 10:07:45,MO2312-C-7400,MO2312-C-7400,57.0,0.0,0.0,0.0,6,59.8,62.4,18,57.0,59.4,0.0,0.0,0.0,0.0,243
2023-05-10 10:08:00,MO2312-C-7400,MO2312-C-7400,57.0,0.0,0.0,0.0,6,59.8,62.4,12,57.0,59.4,0.0,0.0,0.0,0.0,243
2023-05-10 10:08:11,MO2312-C-7400,MO2312-C-7400,57.0,0.0,0.0,0.0,8,59.8,62.4,12,57.0,59.4,0.0,0.0,0.0,0.0,243
2023-05-10 10:08:11,MO2312-C-7400,MO2312-C-7400,57.0,0.0,0.0,0.0,6,60.0,62.4,6,57.0,59.4,0.0,0.0,0.0,0.0,243
2023-05-10 10:08:22,MO2312-C-7400,MO2312-C-7400,57.0,0.0,0.0,0.0,8,59.6,62.4,6,57.0,59.4,0.0,0.0,0.0,0.0,243
2023-05-10 10:08:22,MO2312-C-7400,MO2312-C-7400,57.0,0.0,0.0,0.0,6,59.8,62.4,6,57.0,59.4,0.0,0.0,0.0,0.0,243
2023-05-10 10:08:27,MO2312-C-7400,MO2312-C-7400,57.0,0.0,0.0,0.0,8,59.8,62.4,6,57.0,59.4,0.0,0.0,0.0,0.0,243
2023-05-10 10:08:28,MO2312-C-7400,MO2312-C-7400,57.0,0.0,0.0,0.0,6,60.0,62.4,6,57.0,59.4,0.0,0.0,0.0,0.0,243
2023-05-10 10:08:31,MO2312-C-7400,MO2312-C-7400,57.0,0.0,0.0,0.0,8,59.8,62.4,6,57.0,59.4,0.0,0.0,0.0,0.0,243
2023-05-10 10:08:32,MO2312-C-7400,MO2312-C-7400,57.0,0.0,0.0,0.0,6,60.0,62.4,6,57.0,59.4,0.0,0.0,0.0,0.0,243
2023-05-10 10:08:50,MO2312-C-7400,MO2312-C-7400,57.0,0.0,0.0,0.0,8,59.6,62.4,6,57.0,59.4,0.0,0.0,0.0,0.0,243
2023-05-10 10:08:51,MO2312-C-7400,MO2312-C-7400,57.0,0.0,0.0,0.0,6,59.8,62.4,6,57.0,59.4,0.0,0.0,0.0,0.0,243
2023-05-10 10:08:57,MO2312-C-7400,MO2312-C-7400,57.0,0.0,0.0,0.0,6,59.8,62.4,12,57.0,59.4,0.0,0.0,0.0,0.0,243
2023-05-10 10:08:59,MO2312-C-7400,MO2312-C-7400,57.0,0.0,0.0,0.0,6,59.8,62.4,6,57.0,59.4,0.0,0.0,0.0,0.0,243
2023-05-10 10:09:03,MO2312-C-7400,MO2312-C-7400,57.0,0.0,0.0,0.0,8,59.8,62.4,6,57.0,59.4,0.0,0.0,0.0,0.0,243
2023-05-10 10:09:03,MO2312-C-7400,MO2312-C-7400,57.0,0.0,0.0,0.0,6,60.0,62.4,6,57.0,59.4,0.0,0.0,0.0,0.0,243
2023-05-10 10:09:04,MO2312-C-7400,MO2312-C-7400,57.0,0.0,0.0,0.0,6,59.8,62.4,6,57.0,59.4,0.0,0.0,0.0,0.0,243
2023-05-10 10:09:10,MO2312-C-7400,MO2312-C-7400,57.0,0.0,0.0,0.0,6,59.8,62.4,12,57.0,59.4,0.0,0.0,0.0,0.0,243
2023-05-10 10:09:19,MO2312-C-7400,MO2312-C-7400,57.0,0.0,0.0,0.0,6,59.8,62.2,6,57.0,59.4,0.0,0.0,0.0,0.0,243
2023-05-10 10:09:29,MO2312-C-7400,MO2312-C-7400,57.0,0.0,0.0,0.0,6,59.8,62.4,6,57.0,59.4,0.0,0.0,0.0,0.0,243
2023-05-10 10:09:40,MO2312-C-7400,MO2312-C-7400,57.0,0.0,0.0,0.0,7,59.8,62.4,6,57.0,59.4,0.0,0.0,0.0,0.0,243
2023-05-10 10:09:41,MO2312-C-7400,MO2312-C-7400,57.0,0.0,0.0,0.0,6,60.0,62.4,12,57.0,59.4,0.0,0.0,0.0,0.0,243
2023-05-10 10:09:59,MO2312-C-7400,MO2312-C-7400,57.0,0.0,0.0,0.0,6,59.8,62.2,6,57.0,59.4,0.0,0.0,0.0,0.0,243
2023-05-10 10:10:04,MO2312-C-7400,MO2312-C-7400,57.0,0.0,0.0,0.0,6,59.8,62.4,6,57.0,59.4,0.0,0.0,0.0,0.0,243
2023-05-10 10:10:06,MO2312-C-7400,MO2312-C-7400,57.0,0.0,0.0,0.0,6,59.8,62.4,12,57.0,59.4,0.0,0.0,0.0,0.0,243
2023-05-10 10:10:17,MO2312-C-7400,MO2312-C-7400,57.0,0.0,0.0,0.0,8,59.8,62.4,12,57.0,59.4,0.0,0.0,0.0,0.0,243
2023-05-10 10:10:17,MO2312-C-7400,MO2312-C-7400,57.0,0.0,0.0,0.0,8,59.8,62.2,6,57.0,59.4,0.0,0.0,0.0,0.0,243
2023-05-10 10:10:19,MO2312-C-7400,MO2312-C-7400,57.0,0.0,0.0,0.0,6,60.0,62.4,6,57.0,59.4,0.0,0.0,0.0,0.0,243
2023-05-10 10:10:21,MO2312-C-7400,MO2312-C-7400,57.0,0.0,0.0,0.0,9,59.6,62.4,6,57.0,59.4,0.0,0.0,0.0,0.0,243
2023-05-10 10:10:22,MO2312-C-7400,MO2312-C-7400,57.0,0.0,0.0,0.0,6,59.8,62.4,12,57.0,59.4,0.0,0.0,0.0,0.0,243
2023-05-10 10:10:32,MO2312-C-7400,MO2312-C-7400,57.0,0.0,0.0,0.0,6,59.8,62.4,6,57.0,59.4,0.0,0.0,0.0,0.0,243
2023-05-10 10:10:32,MO2312-C-7400,MO2312-C-7400,57.0,0.0,0.0,0.0,8,59.8,62.4,6,57.0,59.4,0.0,0.0,0.0,0.0,243
2023-05-10 10:10:33,MO2312-C-7400,MO2312-C-7400,57.0,0.0,0.0,0.0,6,60.0,62.4,6,57.0,59.4,0.0,0.0,0.0,0.0,243
2023-05-10 10:10:58,MO2312-C-7400,MO2312-C-7400,57.0,0.0,0.0,0.0,7,60.0,62.4,6,57.0,59.4,0.0,0.0,0.0,0.0,243
2023-05-10 10:10:58,MO2312-C-7400,MO2312-C-7400,57.0,0.0,0.0,0.0,6,60.2,62.4,6,57.0,59.4,0.0,0.0,0.0,0.0,243
2023-05-10 10:11:05,MO2312-C-7400,MO2312-C-7400,57.0,0.0,0.0,0.0,6,59.8,62.4,6,57.0,59.4,0.0,0.0,0.0,0.0,243
2023-05-10 10:11:13,MO2312-C-7400,MO2312-C-7400,57.0,0.0,0.0,0.0,7,59.8,62.4,6,57.0,59.4,0.0,0.0,0.0,0.0,243
2023-05-10 10:11:13,MO2312-C-7400,MO2312-C-7400,57.0,0.0,0.0,0.0,6,60.0,62.4,12,57.0,59.4,0.0,0.0,0.0,0.0,243
2023-05-10 10:11:18,MO2312-C-7400,MO2312-C-7400,57.0,0.0,0.0,0.0,7,59.8,62.2,6,57.0,59.4,0.0,0.0,0.0,0.0,243
2023-05-10 10:11:19,MO2312-C-7400,MO2312-C-7400,57.0,0.0,0.0,0.0,6,59.8,62.2,6,57.0,59.4,0.0,0.0,0.0,0.0,243
2023-05-10 10:11:22,MO2312-C-7400,MO2312-C-7400,57.0,0.0,0.0,0.0,6,59.8,62.4,6,57.0,59.4,0.0,0.0,0.0,0.0,243
2023-05-10 10:11:26,MO2312-C-7400,MO2312-C-7400,57.0,0.0,0.0,0.0,8,59.8,62.4,6,57.0,59.4,0.0,0.0,0.0,0.0,243
2023-05-10 10:11:27,MO2312-C-7400,MO2312-C-7400,57.0,0.0,0.0,0.0,6,60.0,62.4,6,57.0,59.4,0.0,0.0,0.0,0.0,243
2023-05-10 10:11:50,MO2312-C-7400,MO2312-C-7400,57.0,0.0,0.0,0.0,8,60.0,62.4,6,57.0,59.4,0.0,0.0,0.0,0.0,243
2023-05-10 10:11:50,MO2312-C-7400,MO2312-C-7400,57.0,0.0,0.0,0.0,6,60.2,62.4,6,57.0,59.4,0.0,0.0,0.0,0.0,243
2023-05-10 10:11:52,MO2312-C-7400,MO2312-C-7400,57.0,0.0,0.0,0.0,8,59.8,62.4,6,57.0,59.4,0.0,0.0,0.0,0.0,243
2023-05-10 10:11:52,MO2312-C-7400,MO2312-C-7400,57.0,0.0,0.0,0.0,27,59.6,62.4,6,57.0,59.4,0.0,0.0,0.0,0.0,243
2023-05-10 10:11:53,MO2312-C-7400,MO2312-C-7400,57.0,0.0,0.0,0.0,6,59.8,62.4,12,57.0,59.4,0.0,0.0,0.0,0.0,243
2023-05-10 10:11:53,MO2312-C-7400,MO2312-C-7400,57.0,0.0,0.0,0.0,6,59.8,62.4,6,57.0,59.4,0.0,0.0,0.0,0.0,243
2023-05-10 10:11:54,MO2312-C-7400,MO2312-C-7400,57.0,0.0,0.0,0.0,2,60.0,62.4,6,57.0,59.4,0.0,0.0,0.0,0.0,243
2023-05-10 10:11:54,MO2312-C-7400,MO2312-C-7400,57.0,0.0,0.0,0.0,6,60.2,62.4,6,57.0,59.4,0.0,0.0,0.0,0.0,243
2023-05-10 10:11:55,MO2312-C-7400,MO2312-C-7400,57.0,0.0,0.0,0.0,8,59.8,62.4,6,57.0,59.4,0.0,0.0,0.0,0.0,243
2023-05-10 10:11:56,MO2312-C-7400,MO2312-C-7400,57.0,0.0,0.0,0.0,6,60.0,62.4,6,57.0,59.4,0.0,0.0,0.0,0.0,243
2023-05-10 10:12:03,MO2312-C-7400,MO2312-C-7400,57.0,0.0,0.0,0.0,8,60.0,62.4,6,57.0,59.4,0.0,0.0,0.0,0.0,243
2023-05-10 10:12:04,MO2312-C-7400,MO2312-C-7400,57.0,0.0,0.0,0.0,6,60.2,62.4,6,57.0,59.4,0.0,0.0,0.0,0.0,243
2023-05-10 10:12:05,MO2312-C-7400,MO2312-C-7400,57.0,0.0,0.0,0.0,6,60.0,62.4,6,57.0,59.4,0.0,0.0,0.0,0.0,243
2023-05-10 10:12:08,MO2312-C-7400,MO2312-C-7400,57.0,0.0,0.0,0.0,8,60.0,62.4,6,57.0,59.4,0.0,0.0,0.0,0.0,243
2023-05-10 10:12:09,MO2312-C-7400,MO2312-C-7400,57.0,0.0,0.0,0.0,6,60.2,62.4,6,57.0,59.4,0.0,0.0,0.0,0.0,243
2023-05-10 10:12:09,MO2312-C-7400,MO2312-C-7400,57.0,0.0,0.0,0.0,6,60.0,62.4,6,57.0,59.4,0.0,0.0,0.0,0.0,243
2023-05-10 10:13:05,MO2312-C-7400,MO2312-C-7400,57.0,0.0,0.0,0.0,6,59.8,62.4,6,57.0,59.4,0.0,0.0,0.0,0.0,243
2023-05-10 10:13:27,MO2312-C-7400,MO2312-C-7400,57.0,0.0,0.0,0.0,8,59.8,62.4,6,57.0,59.4,0.0,0.0,0.0,0.0,243
2023-05-10 10:13:27,MO2312-C-7400,MO2312-C-7400,57.0,0.0,0.0,0.0,6,60.0,62.4,6,57.0,59.4,0.0,0.0,0.0,0.0,243
2023-05-10 10:13:28,MO2312-C-7400,MO2312-C-7400,57.0,0.0,0.0,0.0,6,59.8,62.4,6,57.0,59.4,0.0,0.0,0.0,0.0,243
2023-05-10 10:13:50,MO2312-C-7400,MO2312-C-7400,57.0,0.0,0.0,0.0,8,59.6,62.2,6,57.0,59.4,0.0,0.0,0.0,0.0,243
2023-05-10 10:13:51,MO2312-C-7400,MO2312-C-7400,57.0,0.0,0.0,0.0,2,59.6,62.2,6,57.0,59.4,0.0,0.0,0.0,0.0,243
2023-05-10 10:13:51,MO2312-C-7400,MO2312-C-7400,57.0,0.0,0.0,0.0,32,59.4,62.2,6,57.0,59.4,0.0,0.0,0.0,0.0,243
2023-05-10 10:13:52,MO2312-C-7400,MO2312-C-7400,57.0,0.0,0.0,0.0,8,59.4,62.2,6,57.0,59.4,0.0,0.0,0.0,0.0,243
2023-05-10 10:13:53,MO2312-C-7400,MO2312-C-7400,57.0,0.0,0.0,0.0,2,59.4,62.2,6,57.0,59.4,0.0,0.0,0.0,0.0,243
2023-05-10 10:13:55,MO2312-C-7400,MO2312-C-7400,57.0,0.0,0.0,0.0,2,59.4,62.2,8,57.0,59.4,0.0,0.0,0.0,0.0,243
2023-05-10 10:13:55,MO2312-C-7400,MO2312-C-7400,57.0,0.0,0.0,0.0,3,59.2,62.0,6,57.0,59.4,0.0,0.0,0.0,0.0,243
2023-05-10 10:13:56,MO2312-C-7400,MO2312-C-7400,57.0,0.0,0.0,0.0,3,59.2,62.2,6,57.0,59.4,0.0,0.0,0.0,0.0,243
2023-05-10 10:13:58,MO2312-C-7400,MO2312-C-7400,57.0,0.0,0.0,0.0,1,59.2,62.2,6,57.0,59.4,0.0,0.0,0.0,0.0,243
2023-05-10 10:13:58,MO2312-C-7400,MO2312-C-7400,57.0,0.0,0.0,0.0,14,59.0,62.2,6,57.0,59.4,0.0,0.0,0.0,0.0,243
2023-05-10 10:13:59,MO2312-C-7400,MO2312-C-7400,57.0,0.0,0.0,0.0,2,59.0,62.2,6,57.0,59.4,0.0,0.0,0.0,0.0,243
2023-05-10 10:14:06,MO2312-C-7400,MO2312-C-7400,57.0,0.0,0.0,0.0,15,58.8,62.2,6,57.0,59.4,0.0,0.0,0.0,0.0,243
2023-05-10 10:14:07,MO2312-C-7400,MO2312-C-7400,57.0,0.0,0.0,0.0,15,58.8,62.2,8,57.0,59.4,0.0,0.0,0.0,0.0,243
2023-05-10 10:14:07,MO2312-C-7400,MO2312-C-7400,57.0,0.0,0.0,0.0,14,58.8,62.0,6,57.0,59.4,0.0,0.0,0.0,0.0,243
2023-05-10 10:14:08,MO2312-C-7400,MO2312-C-7400,57.0,0.0,0.0,0.0,14,58.8,62.2,6,57.0,59.4,0.0,0.0,0.0,0.0,243
2023-05-10 10:14:12,MO2312-C-7400,MO2312-C-7400,57.0,0.0,0.0,0.0,8,58.8,62.2,14,57.0,59.4,0.0,0.0,0.0,0.0,243
2023-05-10 10:14:13,MO2312-C-7400,MO2312-C-7400,57.0,0.0,0.0,0.0,2,58.8,62.0,6,57.0,59.4,0.0,0.0,0.0,0.0,243
2023-05-10 10:14:19,MO2312-C-7400,MO2312-C-7400,57.0,0.0,0.0,0.0,20,58.6,62.0,6,57.0,59.4,0.0,0.0,0.0,0.0,243
2023-05-10 10:14:20,MO2312-C-7400,MO2312-C-7400,57.0,0.0,0.0,0.0,8,58.6,62.0,6,57.0,59.4,0.0,0.0,0.0,0.0,243
2023-05-10 10:14:20,MO2312-C-7400,MO2312-C-7400,57.0,0.0,0.0,0.0,2,58.6,62.0,6,57.0,59.4,0.0,0.0,0.0,0.0,243
2023-05-10 10:14:24,MO2312-C-7400,MO2312-C-7400,57.0,0.0,0.0,0.0,2,58.6,62.0,8,57.0,59.4,0.0,0.0,0.0,0.0,243
2023-05-10 10:14:25,MO2312-C-7400,MO2312-C-7400,57.0,0.0,0.0,0.0,2,58.6,61.8,6,57.0,59.4,0.0,0.0,0.0,0.0,243
2023-05-10 10:14:26,MO2312-C-7400,MO2312-C-7400,57.0,0.0,0.0,0.0,2,58.6,62.0,6,57.0,59.4,0.0,0.0,0.0,0.0,243
2023-05-10 10:14:26,MO2312-C-7400,MO2312-C-7400,57.0,0.0,0.0,0.0,2,58.6,62.0,8,57.0,59.4,0.0,0.0,0.0,0.0,243
2023-05-10 10:14:27,MO2312-C-7400,MO2312-C-7400,57.0,0.0,0.0,0.0,2,58.6,61.8,6,57.0,59.4,0.0,0.0,0.0,0.0,243
2023-05-10 10:14:28,MO2312-C-7400,MO2312-C-7400,57.0,0.0,0.0,0.0,2,58.6,62.0,6,57.0,59.4,0.0,0.0,0.0,0.0,243
2023-05-10 10:14:29,MO2312-C-7400,MO2312-C-7400,57.0,0.0,0.0,0.0,2,58.6,62.0,8,57.0,59.4,0.0,0.0,0.0,0.0,243
2023-05-10 10:14:29,MO2312-C-7400,MO2312-C-7400,57.0,0.0,0.0,0.0,2,58.6,61.8,6,57.0,59.4,0.0,0.0,0.0,0.0,243
2023-05-10 10:14:30,MO2312-C-7400,MO2312-C-7400,57.0,0.0,0.0,0.0,2,58.6,61.8,8,57.0,59.4,0.0,0.0,0.0,0.0,243
2023-05-10 10:14:30,MO2312-C-7400,MO2312-C-7400,57.0,0.0,0.0,0.0,2,58.6,61.6,6,57.0,59.4,0.0,0.0,0.0,0.0,243
2023-05-10 10:14:31,MO2312-C-7400,MO2312-C-7400,57.0,0.0,0.0,0.0,2,58.6,61.6,12,57.0,59.4,0.0,0.0,0.0,0.0,243
2023-05-10 10:14:31,MO2312-C-7400,MO2312-C-7400,57.0,0.0,0.0,0.0,2,58.6,61.4,6,57.0,59.4,0.0,0.0,0.0,0.0,243
2023-05-10 10:14:32,MO2312-C-7400,MO2312-C-7400,57.0,0.0,0.0,0.0,6,58.4,61.4,6,57.0,59.4,0.0,0.0,0.0,0.0,243
2023-05-10 10:14:33,MO2312-C-7400,MO2312-C-7400,57.0,0.0,0.0,0.0,14,58.2,61.4,6,57.0,59.4,0.0,0.0,0.0,0.0,243
2023-05-10 10:14:33,MO2312-C-7400,MO2312-C-7400,57.0,0.0,0.0,0.0,8,58.2,61.4,6,57.0,59.4,0.0,0.0,0.0,0.0,243
2023-05-10 10:14:34,MO2312-C-7400,MO2312-C-7400,57.0,0.0,0.0,0.0,21,58.0,61.4,6,57.0,59.4,0.0,0.0,0.0,0.0,243
2023-05-10 10:14:34,MO2312-C-7400,MO2312-C-7400,57.0,0.0,0.0,0.0,9,58.0,61.4,6,57.0,59.4,0.0,0.0,0.0,0.0,243
2023-05-10 10:14:35,MO2312-C-7400,MO2312-C-7400,57.0,0.0,0.0,0.0,3,58.0,61.4,6,57.0,59.4,0.0,0.0,0.0,0.0,243
2023-05-10 10:14:36,MO2312-C-7400,MO2312-C-7400,57.0,0.0,0.0,0.0,1,58.2,61.4,6,57.0,59.4,0.0,0.0,0.0,0.0,243
2023-05-10 10:14:38,MO2312-C-7400,MO2312-C-7400,57.0,0.0,0.0,0.0,33,57.8,61.4,6,57.0,59.4,0.0,0.0,0.0,0.0,243
2023-05-10 10:14:39,MO2312-C-7400,MO2312-C-7400,57.0,0.0,0.0,0.0,27,57.8,61.4,6,57.0,59.4,0.0,0.0,0.0,0.0,243
2023-05-10 10:14:39,MO2312-C-7400,MO2312-C-7400,57.0,0.0,0.0,0.0,21,57.8,61.4,6,57.0,59.4,0.0,0.0,0.0,0.0,243
2023-05-10 10:14:40,MO2312-C-7400,MO2312-C-7400,57.0,0.0,0.0,0.0,6,58.0,61.4,6,57.0,59.4,0.0,0.0,0.0,0.0,243
2023-05-10 10:14:41,MO2312-C-7400,MO2312-C-7400,57.0,0.0,0.0,0.0,8,58.0,61.4,6,57.0,59.4,0.0,0.0,0.0,0.0,243
2023-05-10 10:14:41,MO2312-C-7400,MO2312-C-7400,57.0,0.0,0.0,0.0,2,58.0,61.4,6,57.0,59.4,0.0,0.0,0.0,0.0,243
2023-05-10 10:14:42,MO2312-C-7400,MO2312-C-7400,57.0,0.0,0.0,0.0,15,57.8,61.4,6,57.0,59.4,0.0,0.0,0.0,0.0,243
2023-05-10 10:15:07,MO2312-C-7400,MO2312-C-7400,57.0,0.0,0.0,0.0,13,57.8,61.4,8,57.0,59.4,0.0,0.0,0.0,0.0,243
2023-05-10 10:15:08,MO2312-C-7400,MO2312-C-7400,57.0,0.0,0.0,0.0,19,57.8,61.2,6,57.0,59.4,0.0,0.0,0.0,0.0,243
2023-05-10 10:15:08,MO2312-C-7400,MO2312-C-7400,57.0,0.0,0.0,0.0,13,57.8,61.4,6,57.0,59.4,0.0,0.0,0.0,0.0,243
2023-05-10 10:15:13,MO2312-C-7400,MO2312-C-7400,57.0,0.0,0.0,0.0,13,57.8,61.4,8,57.0,59.4,0.0,0.0,0.0,0.0,243
2023-05-10 10:15:13,MO2312-C-7400,MO2312-C-7400,57.0,0.0,0.0,0.0,13,57.8,61.2,6,57.0,59.4,0.0,0.0,0.0,0.0,243
2023-05-10 10:15:14,MO2312-C-7400,MO2312-C-7400,57.0,0.0,0.0,0.0,15,57.8,61.4,6,57.0,59.4,0.0,0.0,0.0,0.0,243
2023-05-10 10:15:14,MO2312-C-7400,MO2312-C-7400,57.0,0.0,0.0,0.0,15,57.8,61.4,8,57.0,59.4,0.0,0.0,0.0,0.0,243
2023-05-10 10:15:15,MO2312-C-7400,MO2312-C-7400,57.0,0.0,0.0,0.0,15,57.8,61.2,6,57.0,59.4,0.0,0.0,0.0,0.0,243
2023-05-10 10:15:16,MO2312-C-7400,MO2312-C-7400,57.0,0.0,0.0,0.0,7,57.8,61.2,6,57.0,59.4,0.0,0.0,0.0,0.0,243
2023-05-10 10:15:17,MO2312-C-7400,MO2312-C-7400,57.0,0.0,0.0,0.0,1,57.8,61.0,6,57.0,59.4,0.0,0.0,0.0,0.0,243
2023-05-10 10:15:17,MO2312-C-7400,MO2312-C-7400,57.0,0.0,0.0,0.0,8,57.6,60.8,6,57.0,59.4,0.0,0.0,0.0,0.0,243
2023-05-10 10:15:18,MO2312-C-7400,MO2312-C-7400,57.0,0.0,0.0,0.0,8,57.6,60.8,12,57.0,59.4,0.0,0.0,0.0,0.0,243
2023-05-10 10:15:18,MO2312-C-7400,MO2312-C-7400,57.0,0.0,0.0,0.0,6,57.8,60.6,6,57.0,59.4,0.0,0.0,0.0,0.0,243
2023-05-10 10:15:28,MO2312-C-7400,MO2312-C-7400,57.0,0.0,0.0,0.0,8,57.6,60.8,12,57.0,59.4,0.0,0.0,0.0,0.0,243
2023-05-10 10:15:28,MO2312-C-7400,MO2312-C-7400,57.0,0.0,0.0,0.0,6,57.8,60.6,6,57.0,59.4,0.0,0.0,0.0,0.0,243
2023-05-10 10:15:29,MO2312-C-7400,MO2312-C-7400,57.0,0.0,0.0,0.0,6,57.6,60.8,12,57.0,59.4,0.0,0.0,0.0,0.0,243
2023-05-10 10:15:38,MO2312-C-7400,MO2312-C-7400,57.0,0.0,0.0,0.0,6,57.6,60.8,6,57.0,59.4,0.0,0.0,0.0,0.0,243
2023-05-10 10:15:43,MO2312-C-7400,MO2312-C-7400,57.0,0.0,0.0,0.0,6,57.6,60.6,6,57.0,59.4,0.0,0.0,0.0,0.0,243
2023-05-10 10:15:45,MO2312-C-7400,MO2312-C-7400,57.0,0.0,0.0,0.0,6,57.6,60.8,6,57.0,59.4,0.0,0.0,0.0,0.0,243
2023-05-10 10:16:01,MO2312-C-7400,MO2312-C-7400,57.0,0.0,0.0,0.0,8,57.6,60.8,6,57.0,59.4,0.0,0.0,0.0,0.0,243
2023-05-10 10:16:01,MO2312-C-7400,MO2312-C-7400,57.0,0.0,0.0,0.0,6,57.8,60.8,6,57.0,59.4,0.0,0.0,0.0,0.0,243
2023-05-10 10:16:02,MO2312-C-7400,MO2312-C-7400,57.0,0.0,0.0,0.0,6,57.6,60.8,6,57.0,59.4,0.0,0.0,0.0,0.0,243
2023-05-10 10:16:05,MO2312-C-7400,MO2312-C-7400,57.0,0.0,0.0,0.0,8,57.6,60.8,6,57.0,59.4,0.0,0.0,0.0,0.0,243
2023-05-10 10:16:05,MO2312-C-7400,MO2312-C-7400,57.0,0.0,0.0,0.0,6,57.8,60.8,6,57.0,59.4,0.0,0.0,0.0,0.0,243
2023-05-10 10:16:06,MO2312-C-7400,MO2312-C-7400,57.0,0.0,0.0,0.0,6,57.6,60.8,6,57.0,59.4,0.0,0.0,0.0,0.0,243
2023-05-10 10:16:13,MO2312-C-7400,MO2312-C-7400,57.0,0.0,0.0,0.0,8,57.6,60.8,6,57.0,59.4,0.0,0.0,0.0,0.0,243
2023-05-10 10:16:14,MO2312-C-7400,MO2312-C-7400,57.0,0.0,0.0,0.0,14,57.6,60.8,6,57.0,59.4,0.0,0.0,0.0,0.0,243
2023-05-10 10:16:14,MO2312-C-7400,MO2312-C-7400,57.0,0.0,0.0,0.0,6,57.8,60.8,6,57.0,59.4,0.0,0.0,0.0,0.0,243
2023-05-10 10:16:27,MO2312-C-7400,MO2312-C-7400,57.0,0.0,0.0,0.0,12,57.6,60.6,6,57.0,59.4,0.0,0.0,0.0,0.0,243
2023-05-10 10:16:28,MO2312-C-7400,MO2312-C-7400,57.0,0.0,0.0,0.0,6,57.6,60.6,6,57.0,59.4,0.0,0.0,0.0,0.0,243
2023-05-10 10:16:28,MO2312-C-7400,MO2312-C-7400,57.0,0.0,0.0,0.0,6,57.6,60.8,6,57.0,59.4,0.0,0.0,0.0,0.0,243
2023-05-10 10:16:36,MO2312-C-7400,MO2312-C-7400,57.0,0.0,0.0,0.0,8,57.6,60.8,6,57.0,59.4,0.0,0.0,0.0,0.0,243
2023-05-10 10:16:37,MO2312-C-7400,MO2312-C-7400,57.0,0.0,0.0,0.0,6,57.8,60.8,6,57.0,59.4,0.0,0.0,0.0,0.0,243
2023-05-10 10:16:56,MO2312-C-7400,MO2312-C-7400,57.0,0.0,0.0,0.0,8,57.6,60.8,6,57.0,59.4,0.0,0.0,0.0,0.0,243
2023-05-10 10:16:57,MO2312-C-7400,MO2312-C-7400,57.0,0.0,0.0,0.0,6,57.8,60.8,6,57.0,59.4,0.0,0.0,0.0,0.0,243
2023-05-10 10:16:57,MO2312-C-7400,MO2312-C-7400,57.0,0.0,0.0,0.0,6,57.6,60.8,6,57.0,59.4,0.0,0.0,0.0,0.0,243
2023-05-10 10:17:02,MO2312-C-7400,MO2312-C-7400,57.0,0.0,0.0,0.0,8,57.6,60.8,6,57.0,59.4,0.0,0.0,0.0,0.0,243
2023-05-10 10:17:03,MO2312-C-7400,MO2312-C-7400,57.0,0.0,0.0,0.0,6,57.8,60.8,6,57.0,59.4,0.0,0.0,0.0,0.0,243
2023-05-10 10:17:06,MO2312-C-7400,MO2312-C-7400,57.0,0.0,0.0,0.0,6,57.8,60.8,12,57.0,59.4,0.0,0.0,0.0,0.0,243
2023-05-10 10:17:07,MO2312-C-7400,MO2312-C-7400,57.0,0.0,0.0,0.0,6,57.6,60.8,6,57.0,59.4,0.0,0.0,0.0,0.0,243
2023-05-10 10:17:10,MO2312-C-7400,MO2312-C-7400,57.0,0.0,0.0,0.0,7,57.6,60.8,6,57.0,59.4,0.0,0.0,0.0,0.0,243
2023-05-10 10:17:11,MO2312-C-7400,MO2312-C-7400,57.0,0.0,0.0,0.0,6,57.8,60.8,6,57.0,59.4,0.0,0.0,0.0,0.0,243
2023-05-10 10:17:28,MO2312-C-7400,MO2312-C-7400,57.0,0.0,0.0,0.0,8,57.8,60.8,6,57.0,59.4,0.0,0.0,0.0,0.0,243
2023-05-10 10:17:28,MO2312-C-7400,MO2312-C-7400,57.0,0.0,0.0,0.0,6,58.0,60.8,6,57.0,59.4,0.0,0.0,0.0,0.0,243
2023-05-10 10:17:40,MO2312-C-7400,MO2312-C-7400,57.0,0.0,0.0,0.0,2,57.8,60.8,6,57.0,59.4,0.0,0.0,0.0,0.0,243
2023-05-10 10:17:40,MO2312-C-7400,MO2312-C-7400,57.0,0.0,0.0,0.0,6,58.0,60.8,6,57.0,59.4,0.0,0.0,0.0,0.0,243
2023-05-10 10:17:57,MO2312-C-7400,MO2312-C-7400,57.0,0.0,0.0,0.0,12,58.0,60.8,6,57.0,59.4,0.0,0.0,0.0,0.0,243
2023-05-10 10:17:58,MO2312-C-7400,MO2312-C-7400,57.0,0.0,0.0,0.0,6,58.2,60.8,6,57.0,59.4,0.0,0.0,0.0,0.0,243
2023-05-10 10:18:04,MO2312-C-7400,MO2312-C-7400,57.0,0.0,0.0,0.0,18,58.0,60.8,12,57.0,59.4,0.0,0.0,0.0,0.0,243
2023-05-10 10:18:08,MO2312-C-7400,MO2312-C-7400,57.0,0.0,0.0,0.0,12,58.0,60.6,6,57.0,59.4,0.0,0.0,0.0,0.0,243
2023-05-10 10:18:08,MO2312-C-7400,MO2312-C-7400,57.0,0.0,0.0,0.0,6,58.0,60.6,6,57.0,59.4,0.0,0.0,0.0,0.0,243
2023-05-10 10:18:12,MO2312-C-7400,MO2312-C-7400,57.0,0.0,0.0,0.0,12,57.8,60.6,6,57.0,59.4,0.0,0.0,0.0,0.0,243
2023-05-10 10:18:13,MO2312-C-7400,MO2312-C-7400,57.0,0.0,0.0,0.0,6,57.8,60.6,6,57.0,59.4,0.0,0.0,0.0,0.0,243
2023-05-10 10:18:13,MO2312-C-7400,MO2312-C-7400,57.0,0.0,0.0,0.0,6,57.8,60.8,12,57.0,59.4,0.0,0.0,0.0,0.0,243
2023-05-10 10:19:10,MO2312-C-7400,MO2312-C-7400,57.0,0.0,0.0,0.0,6,57.8,60.8,14,57.0,59.4,0.0,0.0,0.0,0.0,243
2023-05-10 10:19:11,MO2312-C-7400,MO2312-C-7400,57.0,0.0,0.0,0.0,6,57.8,60.8,12,57.0,59.4,0.0,0.0,0.0,0.0,243
2023-05-10 10:19:13,MO2312-C-7400,MO2312-C-7400,57.0,0.0,0.0,0.0,14,57.6,60.6,6,57.0,59.4,0.0,0.0,0.0,0.0,243
2023-05-10 10:19:15,MO2312-C-7400,MO2312-C-7400,57.0,0.0,0.0,0.0,6,57.8,60.8,6,57.0,59.4,0.0,0.0,0.0,0.0,243
2023-05-10 10:19:17,MO2312-C-7400,MO2312-C-7400,57.0,0.0,0.0,0.0,6,57.8,60.6,6,57.0,59.4,0.0,0.0,0.0,0.0,243
2023-05-10 10:19:18,MO2312-C-7400,MO2312-C-7400,57.0,0.0,0.0,0.0,6,57.8,60.8,6,57.0,59.4,0.0,0.0,0.0,0.0,243
2023-05-10 10:19:19,MO2312-C-7400,MO2312-C-7400,57.0,0.0,0.0,0.0,8,57.8,60.8,6,57.0,59.4,0.0,0.0,0.0,0.0,243
2023-05-10 10:19:20,MO2312-C-7400,MO2312-C-7400,57.0,0.0,0.0,0.0,6,58.0,60.8,12,57.0,59.4,0.0,0.0,0.0,0.0,243
2023-05-10 10:19:20,MO2312-C-7400,MO2312-C-7400,57.0,0.0,0.0,0.0,6,57.8,60.8,6,57.0,59.4,0.0,0.0,0.0,0.0,243
2023-05-10 10:19:21,MO2312-C-7400,MO2312-C-7400,57.0,0.0,0.0,0.0,8,57.8,60.8,6,57.0,59.4,0.0,0.0,0.0,0.0,243
2023-05-10 10:19:21,MO2312-C-7400,MO2312-C-7400,57.0,0.0,0.0,0.0,6,58.0,60.8,12,57.0,59.4,0.0,0.0,0.0,0.0,243
2023-05-10 10:19:24,MO2312-C-7400,MO2312-C-7400,57.0,0.0,0.0,0.0,8,57.8,60.8,6,57.0,59.4,0.0,0.0,0.0,0.0,243
2023-05-10 10:19:24,MO2312-C-7400,MO2312-C-7400,57.0,0.0,0.0,0.0,6,58.0,60.8,12,57.0,59.4,0.0,0.0,0.0,0.0,243
2023-05-10 10:19:40,MO2312-C-7400,MO2312-C-7400,57.0,0.0,0.0,0.0,12,57.8,60.6,6,57.0,59.4,0.0,0.0,0.0,0.0,243
2023-05-10 10:19:42,MO2312-C-7400,MO2312-C-7400,57.0,0.0,0.0,0.0,6,58.0,60.8,12,57.0,59.4,0.0,0.0,0.0,0.0,243
2023-05-10 10:19:48,MO2312-C-7400,MO2312-C-7400,57.0,0.0,0.0,0.0,12,57.8,60.6,6,57.0,59.4,0.0,0.0,0.0,0.0,243
2023-05-10 10:19:48,MO2312-C-7400,MO2312-C-7400,57.0,0.0,0.0,0.0,6,58.0,60.8,6,57.0,59.4,0.0,0.0,0.0,0.0,243
2023-05-10 10:19:53,MO2312-C-7400,MO2312-C-7400,57.0,0.0,0.0,0.0,14,57.8,60.6,6,57.0,59.4,0.0,0.0,0.0,0.0,243
2023-05-10 10:19:54,MO2312-C-7400,MO2312-C-7400,57.0,0.0,0.0,0.0,12,57.8,60.6,6,57.0,59.4,0.0,0.0,0.0,0.0,243
2023-05-10 10:20:02,MO2312-C-7400,MO2312-C-7400,57.0,0.0,0.0,0.0,6,58.0,60.8,6,57.0,59.4,0.0,0.0,0.0,0.0,243
2023-05-10 10:20:03,MO2312-C-7400,MO2312-C-7400,57.0,0.0,0.0,0.0,2,58.0,60.6,6,57.0,59.4,0.0,0.0,0.0,0.0,243
2023-05-10 10:20:14,MO2312-C-7400,MO2312-C-7400,57.0,0.0,0.0,0.0,8,58.0,60.8,12,57.0,59.4,0.0,0.0,0.0,0.0,243
2023-05-10 10:20:16,MO2312-C-7400,MO2312-C-7400,57.0,0.0,0.0,0.0,6,58.2,60.8,6,57.0,59.4,0.0,0.0,0.0,0.0,243
2023-05-10 10:20:16,MO2312-C-7400,MO2312-C-7400,57.0,0.0,0.0,0.0,8,58.2,60.8,6,57.0,59.4,0.0,0.0,0.0,0.0,243
2023-05-10 10:20:18,MO2312-C-7400,MO2312-C-7400,57.0,0.0,0.0,0.0,14,58.2,60.8,6,57.0,59.4,0.0,0.0,0.0,0.0,243
2023-05-10 10:20:18,MO2312-C-7400,MO2312-C-7400,57.0,0.0,0.0,0.0,20,58.2,60.8,6,57.0,59.4,0.0,0.0,0.0,0.0,243
2023-05-10 10:20:23,MO2312-C-7400,MO2312-C-7400,57.0,0.0,0.0,0.0,12,58.2,60.8,12,57.0,59.4,0.0,0.0,0.0,0.0,243
2023-05-10 10:20:23,MO2312-C-7400,MO2312-C-7400,57.0,0.0,0.0,0.0,18,58.2,60.8,6,57.0,59.4,0.0,0.0,0.0,0.0,243
2023-05-10 10:20:24,MO2312-C-7400,MO2312-C-7400,57.0,0.0,0.0,0.0,12,58.2,60.8,6,57.0,59.4,0.0,0.0,0.0,0.0,243
2023-05-10 10:20:24,MO2312-C-7400,MO2312-C-7400,57.0,0.0,0.0,0.0,6,58.2,60.8,12,57.0,59.4,0.0,0.0,0.0,0.0,243
2023-05-10 10:20:27,MO2312-C-7400,MO2312-C-7400,57.0,0.0,0.0,0.0,8,58.2,60.8,12,57.0,59.4,0.0,0.0,0.0,0.0,243
2023-05-10 10:20:27,MO2312-C-7400,MO2312-C-7400,57.0,0.0,0.0,0.0,14,58.2,60.8,6,57.0,59.4,0.0,0.0,0.0,0.0,243
2023-05-10 10:20:32,MO2312-C-7400,MO2312-C-7400,57.0,0.0,0.0,0.0,6,58.4,60.8,6,57.0,59.4,0.0,0.0,0.0,0.0,243
2023-05-10 10:20:42,MO2312-C-7400,MO2312-C-7400,57.0,0.0,0.0,0.0,2,58.6,60.8,6,57.0,59.4,0.0,0.0,0.0,0.0,243
2023-05-10 10:21:04,MO2312-C-7400,MO2312-C-7400,57.0,0.0,0.0,0.0,2,58.6,61.2,24,57.0,59.4,0.0,0.0,0.0,0.0,243
2023-05-10 10:21:05,MO2312-C-7400,MO2312-C-7400,57.0,0.0,0.0,0.0,2,58.6,61.2,18,57.0,59.4,0.0,0.0,0.0,0.0,243
2023-05-10 10:21:06,MO2312-C-7400,MO2312-C-7400,57.0,0.0,0.0,0.0,6,58.8,61.2,18,57.0,59.4,0.0,0.0,0.0,0.0,243
2023-05-10 10:21:33,MO2312-C-7400,MO2312-C-7400,57.0,0.0,0.0,0.0,6,58.8,61.0,6,57.0,59.4,0.0,0.0,0.0,0.0,243
2023-05-10 10:21:33,MO2312-C-7400,MO2312-C-7400,57.0,0.0,0.0,0.0,6,58.4,61.0,6,57.0,59.4,0.0,0.0,0.0,0.0,243
2023-05-10 10:21:34,MO2312-C-7400,MO2312-C-7400,57.0,0.0,0.0,0.0,2,58.4,61.0,6,57.0,59.4,0.0,0.0,0.0,0.0,243
2023-05-10 10:22:19,MO2312-C-7400,MO2312-C-7400,57.0,0.0,0.0,0.0,8,58.4,61.2,18,57.0,59.4,0.0,0.0,0.0,0.0,243
2023-05-10 10:22:19,MO2312-C-7400,MO2312-C-7400,57.0,0.0,0.0,0.0,1,58.6,61.2,18,57.0,59.4,0.0,0.0,0.0,0.0,243
2023-05-10 10:22:20,MO2312-C-7400,MO2312-C-7400,57.0,0.0,0.0,0.0,3,58.6,61.2,18,57.0,59.4,0.0,0.0,0.0,0.0,243
2023-05-10 10:22:20,MO2312-C-7400,MO2312-C-7400,57.0,0.0,0.0,0.0,3,58.6,61.0,6,57.0,59.4,0.0,0.0,0.0,0.0,243
2023-05-10 10:22:21,MO2312-C-7400,MO2312-C-7400,57.0,0.0,0.0,0.0,1,58.6,61.0,6,57.0,59.4,0.0,0.0,0.0,0.0,243
2023-05-10 10:22:22,MO2312-C-7400,MO2312-C-7400,57.0,0.0,0.0,0.0,2,58.4,61.0,6,57.0,59.4,0.0,0.0,0.0,0.0,243
2023-05-10 10:22:27,MO2312-C-7400,MO2312-C-7400,57.0,0.0,0.0,0.0,2,58.4,61.0,8,57.0,59.4,0.0,0.0,0.0,0.0,243
2023-05-10 10:22:27,MO2312-C-7400,MO2312-C-7400,57.0,0.0,0.0,0.0,2,58.4,60.8,6,57.0,59.4,0.0,0.0,0.0,0.0,243
2023-05-10 10:22:28,MO2312-C-7400,MO2312-C-7400,57.0,0.0,0.0,0.0,2,58.4,60.8,12,57.0,59.4,0.0,0.0,0.0,0.0,243
2023-05-10 10:22:30,MO2312-C-7400,MO2312-C-7400,57.0,0.0,0.0,0.0,2,58.4,60.8,6,57.0,59.4,0.0,0.0,0.0,0.0,243
2023-05-10 10:22:58,MO2312-C-7400,MO2312-C-7400,57.0,0.0,0.0,0.0,8,58.4,60.8,6,57.0,59.4,0.0,0.0,0.0,0.0,243
2023-05-10 10:23:16,MO2312-C-7400,MO2312-C-7400,57.0,0.0,0.0,0.0,2,58.4,60.8,6,57.0,59.4,0.0,0.0,0.0,0.0,243
2023-05-10 10:23:24,MO2312-C-7400,MO2312-C-7400,57.0,0.0,0.0,0.0,2,58.4,60.8,12,57.0,59.4,0.0,0.0,0.0,0.0,243
2023-05-10 10:23:31,MO2312-C-7400,MO2312-C-7400,57.0,0.0,0.0,0.0,2,58.4,60.8,6,57.0,59.4,0.0,0.0,0.0,0.0,243
2023-05-10 10:23:40,MO2312-C-7400,MO2312-C-7400,57.0,0.0,0.0,0.0,8,58.4,60.8,6,57.0,59.4,0.0,0.0,0.0,0.0,243
2023-05-10 10:24:05,MO2312-C-7400,MO2312-C-7400,57.0,0.0,0.0,0.0,6,58.6,60.8,6,57.0,59.4,0.0,0.0,0.0,0.0,243
2023-05-10 10:24:05,MO2312-C-7400,MO2312-C-7400,57.0,0.0,0.0,0.0,2,58.8,60.8,6,57.0,59.4,0.0,0.0,0.0,0.0,243
2023-05-10 10:24:06,MO2312-C-7400,MO2312-C-7400,57.0,0.0,0.0,0.0,2,58.8,61.4,32,57.0,59.4,0.0,0.0,0.0,0.0,243
2023-05-10 10:24:06,MO2312-C-7400,MO2312-C-7400,57.0,0.0,0.0,0.0,8,58.6,61.4,18,57.0,59.4,0.0,0.0,0.0,0.0,243
2023-05-10 10:24:07,MO2312-C-7400,MO2312-C-7400,57.0,0.0,0.0,0.0,8,58.6,61.4,14,57.0,59.4,0.0,0.0,0.0,0.0,243
2023-05-10 10:24:07,MO2312-C-7400,MO2312-C-7400,57.0,0.0,0.0,0.0,8,58.6,61.4,12,57.0,59.4,0.0,0.0,0.0,0.0,243
2023-05-10 10:24:08,MO2312-C-7400,MO2312-C-7400,57.0,0.0,0.0,0.0,2,58.6,61.2,6,57.0,59.4,0.0,0.0,0.0,0.0,243
2023-05-10 10:24:08,MO2312-C-7400,MO2312-C-7400,57.0,0.0,0.0,0.0,8,58.4,61.2,8,57.0,59.4,0.0,0.0,0.0,0.0,243
2023-05-10 10:24:09,MO2312-C-7400,MO2312-C-7400,57.0,0.0,0.0,0.0,8,58.4,61.2,6,57.0,59.4,0.0,0.0,0.0,0.0,243
2023-05-10 10:24:10,MO2312-C-7400,MO2312-C-7400,57.0,0.0,0.0,0.0,8,58.4,61.4,6,57.0,59.4,0.0,0.0,0.0,0.0,243
2023-05-10 10:24:10,MO2312-C-7400,MO2312-C-7400,57.0,0.0,0.0,0.0,8,58.4,61.4,8,57.0,59.4,0.0,0.0,0.0,0.0,243
2023-05-10 10:24:11,MO2312-C-7400,MO2312-C-7400,57.0,0.0,0.0,0.0,14,58.4,61.2,6,57.0,59.4,0.0,0.0,0.0,0.0,243
2023-05-10 10:24:12,MO2312-C-7400,MO2312-C-7400,57.0,0.0,0.0,0.0,8,58.4,61.2,6,57.0,59.4,0.0,0.0,0.0,0.0,243
2023-05-10 10:24:12,MO2312-C-7400,MO2312-C-7400,57.0,0.0,0.0,0.0,8,58.4,61.2,8,57.0,59.4,0.0,0.0,0.0,0.0,243
2023-05-10 10:24:13,MO2312-C-7400,MO2312-C-7400,57.0,0.0,0.0,0.0,8,58.4,61.0,6,57.0,59.4,0.0,0.0,0.0,0.0,243
2023-05-10 10:24:16,MO2312-C-7400,MO2312-C-7400,57.0,0.0,0.0,0.0,8,58.4,61.2,6,57.0,59.4,0.0,0.0,0.0,0.0,243
2023-05-10 10:24:19,MO2312-C-7400,MO2312-C-7400,57.0,0.0,0.0,0.0,14,58.4,61.2,6,57.0,59.4,0.0,0.0,0.0,0.0,243
2023-05-10 10:24:21,MO2312-C-7400,MO2312-C-7400,57.0,0.0,0.0,0.0,8,58.4,61.4,8,57.0,59.4,0.0,0.0,0.0,0.0,243
2023-05-10 10:24:21,MO2312-C-7400,MO2312-C-7400,57.0,0.0,0.0,0.0,14,58.4,61.2,6,57.0,59.4,0.0,0.0,0.0,0.0,243
2023-05-10 10:24:23,MO2312-C-7400,MO2312-C-7400,57.0,0.0,0.0,0.0,6,58.6,61.6,38,57.0,59.4,0.0,0.0,0.0,0.0,243
2023-05-10 10:24:24,MO2312-C-7400,MO2312-C-7400,57.0,0.0,0.0,0.0,2,58.6,61.4,6,57.0,59.4,0.0,0.0,0.0,0.0,243
2023-05-10 10:24:27,MO2312-C-7400,MO2312-C-7400,57.0,0.0,0.0,0.0,8,58.6,61.4,6,57.0,59.4,0.0,0.0,0.0,0.0,243
2023-05-10 10:24:28,MO2312-C-7400,MO2312-C-7400,57.0,0.0,0.0,0.0,8,58.6,61.4,8,57.0,59.4,0.0,0.0,0.0,0.0,243
2023-05-10 10:24:29,MO2312-C-7400,MO2312-C-7400,57.0,0.0,0.0,0.0,8,58.6,61.4,6,57.0,59.4,0.0,0.0,0.0,0.0,243
2023-05-10 10:24:35,MO2312-C-7400,MO2312-C-7400,57.0,0.0,0.0,0.0,8,58.6,61.4,8,57.0,59.4,0.0,0.0,0.0,0.0,243
2023-05-10 10:24:36,MO2312-C-7400,MO2312-C-7400,57.0,0.0,0.0,0.0,8,58.6,61.4,6,57.0,59.4,0.0,0.0,0.0,0.0,243
2023-05-10 10:24:38,MO2312-C-7400,MO2312-C-7400,57.0,0.0,0.0,0.0,2,58.6,61.4,6,57.0,59.4,0.0,0.0,0.0,0.0,243
2023-05-10 10:24:50,MO2312-C-7400,MO2312-C-7400,57.0,0.0,0.0,0.0,2,58.6,61.4,8,57.0,59.4,0.0,0.0,0.0,0.0,243
2023-05-10 10:24:51,MO2312-C-7400,MO2312-C-7400,57.0,0.0,0.0,0.0,8,58.6,61.4,6,57.0,59.4,0.0,0.0,0.0,0.0,243
2023-05-10 10:24:51,MO2312-C-7400,MO2312-C-7400,57.0,0.0,0.0,0.0,2,58.6,61.4,6,57.0,59.4,0.0,0.0,0.0,0.0,243
2023-05-10 10:24:59,MO2312-C-7400,MO2312-C-7400,57.0,0.0,0.0,0.0,2,58.4,61.4,6,57.0,59.4,0.0,0.0,0.0,0.0,243
2023-05-10 10:24:59,MO2312-C-7400,MO2312-C-7400,57.0,0.0,0.0,0.0,2,58.4,61.4,8,57.0,59.4,0.0,0.0,0.0,0.0,243
2023-05-10 10:25:00,MO2312-C-7400,MO2312-C-7400,57.0,0.0,0.0,0.0,2,58.4,61.2,6,57.0,59.4,0.0,0.0,0.0,0.0,243
2023-05-10 10:25:03,MO2312-C-7400,MO2312-C-7400,57.0,0.0,0.0,0.0,2,58.4,61.2,8,57.0,59.4,0.0,0.0,0.0,0.0,243
2023-05-10 10:25:04,MO2312-C-7400,MO2312-C-7400,57.0,0.0,0.0,0.0,2,58.4,61.0,6,57.0,59.4,0.0,0.0,0.0,0.0,243
2023-05-10 10:25:04,MO2312-C-7400,MO2312-C-7400,57.0,0.0,0.0,0.0,2,58.4,61.2,6,57.0,59.4,0.0,0.0,0.0,0.0,243
2023-05-10 10:25:05,MO2312-C-7400,MO2312-C-7400,57.0,0.0,0.0,0.0,2,58.4,61.2,8,57.0,59.4,0.0,0.0,0.0,0.0,243
2023-05-10 10:25:05,MO2312-C-7400,MO2312-C-7400,57.0,0.0,0.0,0.0,2,58.4,61.0,6,57.0,59.4,0.0,0.0,0.0,0.0,243
2023-05-10 10:25:06,MO2312-C-7400,MO2312-C-7400,57.0,0.0,0.0,0.0,2,58.4,61.0,8,57.0,59.4,0.0,0.0,0.0,0.0,243
2023-05-10 10:25:07,MO2312-C-7400,MO2312-C-7400,57.0,0.0,0.0,0.0,8,58.2,61.0,2,57.0,59.4,0.0,0.0,0.0,0.0,243
2023-05-10 10:25:07,MO2312-C-7400,MO2312-C-7400,57.0,0.0,0.0,0.0,8,58.2,60.8,6,57.0,59.4,0.0,0.0,0.0,0.0,243
2023-05-10 10:25:08,MO2312-C-7400,MO2312-C-7400,57.0,0.0,0.0,0.0,8,58.2,60.8,12,57.0,59.4,0.0,0.0,0.0,0.0,243
