time,symbol_id,symbol_name,last,trade_volume,trade_amount,open_interest_change,bv1,bp1,ap1,av1,yesterday_close,today_open,today_high,today_low,volume,amount,open_interest
2023-05-10 09:29:00,MO2312-P-6200,MO2312-P-6200,158.0,0.0,0.0,0.0,1,135.4,191.8,1,158.0,162.8,0.0,0.0,0.0,0.0,439
2023-05-10 09:30:00,MO2312-P-6200,MO2312-P-6200,158.0,0.0,0.0,0.0,1,139.6,188.6,1,158.0,162.8,0.0,0.0,0.0,0.0,439
2023-05-10 09:30:00,MO2312-P-6200,MO2312-P-6200,158.0,0.0,0.0,0.0,6,139.8,188.6,2,158.0,162.8,0.0,0.0,0.0,0.0,439
2023-05-10 09:30:01,MO2312-P-6200,MO2312-P-6200,158.0,0.0,0.0,0.0,1,141.8,186.8,1,158.0,162.8,0.0,0.0,0.0,0.0,439
2023-05-10 09:30:01,MO2312-P-6200,MO2312-P-6200,158.0,0.0,0.0,0.0,6,142.0,186.8,1,158.0,162.8,0.0,0.0,0.0,0.0,439
2023-05-10 09:30:02,MO2312-P-6200,MO2312-P-6200,158.0,0.0,0.0,0.0,1,143.4,188.4,1,158.0,162.8,0.0,0.0,0.0,0.0,439
2023-05-10 09:30:02,MO2312-P-6200,MO2312-P-6200,158.0,0.0,0.0,0.0,6,143.6,188.2,6,158.0,162.8,0.0,0.0,0.0,0.0,439
2023-05-10 09:30:03,MO2312-P-6200,MO2312-P-6200,158.0,0.0,0.0,0.0,6,143.6,188.4,1,158.0,162.8,0.0,0.0,0.0,0.0,439
2023-05-10 09:30:05,MO2312-P-6200,MO2312-P-6200,158.0,0.0,0.0,0.0,1,143.6,188.2,6,158.0,162.8,0.0,0.0,0.0,0.0,439
2023-05-10 09:30:06,MO2312-P-6200,MO2312-P-6200,158.0,0.0,0.0,0.0,1,143.6,187.2,1,158.0,162.8,0.0,0.0,0.0,0.0,439
2023-05-10 09:30:06,MO2312-P-6200,MO2312-P-6200,158.0,0.0,0.0,0.0,6,143.8,187.2,1,158.0,162.8,0.0,0.0,0.0,0.0,439
2023-05-10 09:30:09,MO2312-P-6200,MO2312-P-6200,158.0,0.0,0.0,0.0,6,143.8,188.2,1,158.0,162.8,0.0,0.0,0.0,0.0,439
2023-05-10 09:30:10,MO2312-P-6200,MO2312-P-6200,158.0,0.0,0.0,0.0,6,143.8,188.0,6,158.0,162.8,0.0,0.0,0.0,0.0,439
2023-05-10 09:30:11,MO2312-P-6200,MO2312-P-6200,158.0,0.0,0.0,0.0,6,143.8,187.2,1,158.0,162.8,0.0,0.0,0.0,0.0,439
2023-05-10 09:30:11,MO2312-P-6200,MO2312-P-6200,158.0,0.0,0.0,0.0,6,143.8,187.0,6,158.0,162.8,0.0,0.0,0.0,0.0,439
2023-05-10 09:30:12,MO2312-P-6200,MO2312-P-6200,158.0,0.0,0.0,0.0,1,143.6,187.0,6,158.0,162.8,0.0,0.0,0.0,0.0,439
2023-05-10 09:30:13,MO2312-P-6200,MO2312-P-6200,158.0,0.0,0.0,0.0,1,143.6,186.0,1,158.0,162.8,0.0,0.0,0.0,0.0,439
2023-05-10 09:30:13,MO2312-P-6200,MO2312-P-6200,158.0,0.0,0.0,0.0,1,143.6,185.8,6,158.0,162.8,0.0,0.0,0.0,0.0,439
2023-05-10 09:30:14,MO2312-P-6200,MO2312-P-6200,158.0,0.0,0.0,0.0,2,143.8,184.6,1,158.0,162.8,0.0,0.0,0.0,0.0,439
2023-05-10 09:30:14,MO2312-P-6200,MO2312-P-6200,158.0,0.0,0.0,0.0,2,143.8,184.4,8,158.0,162.8,0.0,0.0,0.0,0.0,439
2023-05-10 09:30:15,MO2312-P-6200,MO2312-P-6200,158.0,0.0,0.0,0.0,2,143.8,184.2,6,158.0,162.8,0.0,0.0,0.0,0.0,439
2023-05-10 09:30:15,MO2312-P-6200,MO2312-P-6200,158.0,0.0,0.0,0.0,3,143.8,184.0,2,158.0,162.8,0.0,0.0,0.0,0.0,439
2023-05-10 09:30:16,MO2312-P-6200,MO2312-P-6200,158.0,0.0,0.0,0.0,6,144.0,183.8,6,158.0,162.8,0.0,0.0,0.0,0.0,439
2023-05-10 09:30:16,MO2312-P-6200,MO2312-P-6200,158.0,0.0,0.0,0.0,2,144.2,183.6,2,158.0,162.8,0.0,0.0,0.0,0.0,439
2023-05-10 09:30:17,MO2312-P-6200,MO2312-P-6200,158.0,0.0,0.0,0.0,6,144.4,183.6,2,158.0,162.8,0.0,0.0,0.0,0.0,439
2023-05-10 09:30:17,MO2312-P-6200,MO2312-P-6200,158.0,0.0,0.0,0.0,2,144.6,183.6,2,158.0,162.8,0.0,0.0,0.0,0.0,439
2023-05-10 09:30:18,MO2312-P-6200,MO2312-P-6200,158.0,0.0,0.0,0.0,6,144.8,183.6,2,158.0,162.8,0.0,0.0,0.0,0.0,439
2023-05-10 09:30:18,MO2312-P-6200,MO2312-P-6200,158.0,0.0,0.0,0.0,2,145.0,183.6,2,158.0,162.8,0.0,0.0,0.0,0.0,439
2023-05-10 09:30:19,MO2312-P-6200,MO2312-P-6200,158.0,0.0,0.0,0.0,6,145.2,183.6,2,158.0,162.8,0.0,0.0,0.0,0.0,439
2023-05-10 09:30:19,MO2312-P-6200,MO2312-P-6200,158.0,0.0,0.0,0.0,2,145.4,183.6,2,158.0,162.8,0.0,0.0,0.0,0.0,439
2023-05-10 09:30:20,MO2312-P-6200,MO2312-P-6200,158.0,0.0,0.0,0.0,2,145.4,183.4,6,158.0,162.8,0.0,0.0,0.0,0.0,439
2023-05-10 09:30:20,MO2312-P-6200,MO2312-P-6200,158.0,0.0,0.0,0.0,2,145.4,183.2,2,158.0,162.8,0.0,0.0,0.0,0.0,439
2023-05-10 09:30:21,MO2312-P-6200,MO2312-P-6200,158.0,0.0,0.0,0.0,2,145.4,183.0,6,158.0,162.8,0.0,0.0,0.0,0.0,439
2023-05-10 09:30:21,MO2312-P-6200,MO2312-P-6200,158.0,0.0,0.0,0.0,2,145.4,182.8,2,158.0,162.8,0.0,0.0,0.0,0.0,439
2023-05-10 09:30:22,MO2312-P-6200,MO2312-P-6200,158.0,0.0,0.0,0.0,2,145.4,182.6,6,158.0,162.8,0.0,0.0,0.0,0.0,439
2023-05-10 09:30:22,MO2312-P-6200,MO2312-P-6200,158.0,0.0,0.0,0.0,2,145.4,182.4,2,158.0,162.8,0.0,0.0,0.0,0.0,439
2023-05-10 09:30:23,MO2312-P-6200,MO2312-P-6200,158.0,0.0,0.0,0.0,2,145.4,182.2,6,158.0,162.8,0.0,0.0,0.0,0.0,439
2023-05-10 09:30:24,MO2312-P-6200,MO2312-P-6200,158.0,0.0,0.0,0.0,2,145.4,182.0,2,158.0,162.8,0.0,0.0,0.0,0.0,439
2023-05-10 09:30:24,MO2312-P-6200,MO2312-P-6200,158.0,0.0,0.0,0.0,2,145.4,181.8,6,158.0,162.8,0.0,0.0,0.0,0.0,439
2023-05-10 09:30:25,MO2312-P-6200,MO2312-P-6200,158.0,0.0,0.0,0.0,2,145.4,181.6,2,158.0,162.8,0.0,0.0,0.0,0.0,439
2023-05-10 09:30:25,MO2312-P-6200,MO2312-P-6200,158.0,0.0,0.0,0.0,2,145.4,181.4,6,158.0,162.8,0.0,0.0,0.0,0.0,439
2023-05-10 09:30:26,MO2312-P-6200,MO2312-P-6200,158.0,0.0,0.0,0.0,6,156.2,171.2,6,158.0,162.8,0.0,0.0,0.0,0.0,439
2023-05-10 09:30:26,MO2312-P-6200,MO2312-P-6200,158.0,0.0,0.0,0.0,6,156.4,171.2,6,158.0,162.8,0.0,0.0,0.0,0.0,439
2023-05-10 09:30:27,MO2312-P-6200,MO2312-P-6200,158.0,0.0,0.0,0.0,2,156.6,171.0,2,158.0,162.8,0.0,0.0,0.0,0.0,439
2023-05-10 09:30:27,MO2312-P-6200,MO2312-P-6200,158.0,0.0,0.0,0.0,6,156.8,171.0,2,158.0,162.8,0.0,0.0,0.0,0.0,439
2023-05-10 09:30:28,MO2312-P-6200,MO2312-P-6200,158.0,0.0,0.0,0.0,2,157.0,171.0,2,158.0,162.8,0.0,0.0,0.0,0.0,439
2023-05-10 09:30:29,MO2312-P-6200,MO2312-P-6200,158.0,0.0,0.0,0.0,6,157.2,171.0,2,158.0,162.8,0.0,0.0,0.0,0.0,439
2023-05-10 09:30:29,MO2312-P-6200,MO2312-P-6200,158.0,0.0,0.0,0.0,6,157.2,171.2,6,158.0,162.8,0.0,0.0,0.0,0.0,439
2023-05-10 09:30:30,MO2312-P-6200,MO2312-P-6200,158.0,0.0,0.0,0.0,6,156.8,171.2,6,158.0,162.8,0.0,0.0,0.0,0.0,439
2023-05-10 09:30:30,MO2312-P-6200,MO2312-P-6200,158.0,0.0,0.0,0.0,1,156.8,171.2,7,158.0,162.8,0.0,0.0,0.0,0.0,439
2023-05-10 09:30:31,MO2312-P-6200,MO2312-P-6200,158.0,0.0,0.0,0.0,6,157.0,171.2,7,158.0,162.8,0.0,0.0,0.0,0.0,439
2023-05-10 09:30:31,MO2312-P-6200,MO2312-P-6200,158.0,0.0,0.0,0.0,2,157.2,171.0,2,158.0,162.8,0.0,0.0,0.0,0.0,439
2023-05-10 09:30:32,MO2312-P-6200,MO2312-P-6200,158.0,0.0,0.0,0.0,6,157.4,171.0,2,158.0,162.8,0.0,0.0,0.0,0.0,439
2023-05-10 09:30:32,MO2312-P-6200,MO2312-P-6200,158.0,0.0,0.0,0.0,12,157.4,171.0,2,158.0,162.8,0.0,0.0,0.0,0.0,439
2023-05-10 09:30:33,MO2312-P-6200,MO2312-P-6200,158.0,0.0,0.0,0.0,6,157.6,171.0,2,158.0,162.8,0.0,0.0,0.0,0.0,439
2023-05-10 09:30:34,MO2312-P-6200,MO2312-P-6200,158.0,0.0,0.0,0.0,6,157.6,171.2,7,158.0,162.8,0.0,0.0,0.0,0.0,439
2023-05-10 09:30:35,MO2312-P-6200,MO2312-P-6200,158.0,0.0,0.0,0.0,6,157.8,171.2,7,158.0,162.8,0.0,0.0,0.0,0.0,439
2023-05-10 09:30:35,MO2312-P-6200,MO2312-P-6200,158.0,0.0,0.0,0.0,6,158.0,171.2,7,158.0,162.8,0.0,0.0,0.0,0.0,439
2023-05-10 09:30:36,MO2312-P-6200,MO2312-P-6200,158.0,0.0,0.0,0.0,2,158.2,171.0,2,158.0,162.8,0.0,0.0,0.0,0.0,439
2023-05-10 09:30:37,MO2312-P-6200,MO2312-P-6200,158.0,0.0,0.0,0.0,6,158.4,171.0,2,158.0,162.8,0.0,0.0,0.0,0.0,439
2023-05-10 09:30:40,MO2312-P-6200,MO2312-P-6200,158.0,0.0,0.0,0.0,6,158.4,171.2,7,158.0,162.8,0.0,0.0,0.0,0.0,439
2023-05-10 09:30:40,MO2312-P-6200,MO2312-P-6200,158.0,0.0,0.0,0.0,6,158.0,171.2,7,158.0,162.8,0.0,0.0,0.0,0.0,439
2023-05-10 09:30:42,MO2312-P-6200,MO2312-P-6200,158.0,0.0,0.0,0.0,2,158.6,171.0,2,158.0,162.8,0.0,0.0,0.0,0.0,439
2023-05-10 09:30:42,MO2312-P-6200,MO2312-P-6200,158.0,0.0,0.0,0.0,14,158.6,171.0,2,158.0,162.8,0.0,0.0,0.0,0.0,439
2023-05-10 09:30:45,MO2312-P-6200,MO2312-P-6200,158.0,0.0,0.0,0.0,12,158.6,171.2,6,158.0,162.8,0.0,0.0,0.0,0.0,439
2023-05-10 09:30:45,MO2312-P-6200,MO2312-P-6200,158.0,0.0,0.0,0.0,6,158.8,171.2,6,158.0,162.8,0.0,0.0,0.0,0.0,439
2023-05-10 09:30:47,MO2312-P-6200,MO2312-P-6200,158.0,0.0,0.0,0.0,2,159.0,171.0,2,158.0,162.8,0.0,0.0,0.0,0.0,439
2023-05-10 09:30:49,MO2312-P-6200,MO2312-P-6200,158.0,0.0,0.0,0.0,6,158.8,171.2,6,158.0,162.8,0.0,0.0,0.0,0.0,439
2023-05-10 09:30:51,MO2312-P-6200,MO2312-P-6200,158.0,0.0,0.0,0.0,6,159.6,171.2,6,158.0,162.8,0.0,0.0,0.0,0.0,439
2023-05-10 09:30:52,MO2312-P-6200,MO2312-P-6200,158.0,0.0,0.0,0.0,6,159.6,171.0,2,158.0,162.8,0.0,0.0,0.0,0.0,439
2023-05-10 09:30:53,MO2312-P-6200,MO2312-P-6200,158.0,0.0,0.0,0.0,6,159.8,171.0,2,158.0,162.8,0.0,0.0,0.0,0.0,439
2023-05-10 09:30:53,MO2312-P-6200,MO2312-P-6200,158.0,0.0,0.0,0.0,12,159.8,171.0,2,158.0,162.8,0.0,0.0,0.0,0.0,439
2023-05-10 09:31:03,MO2312-P-6200,MO2312-P-6200,158.0,0.0,0.0,0.0,18,159.8,170.8,6,158.0,162.8,0.0,0.0,0.0,0.0,439
2023-05-10 09:31:03,MO2312-P-6200,MO2312-P-6200,158.0,0.0,0.0,0.0,24,159.8,170.6,2,158.0,162.8,0.0,0.0,0.0,0.0,439
2023-05-10 09:31:04,MO2312-P-6200,MO2312-P-6200,158.0,0.0,0.0,0.0,6,160.0,170.6,8,158.0,162.8,0.0,0.0,0.0,0.0,439
2023-05-10 09:31:04,MO2312-P-6200,MO2312-P-6200,158.0,0.0,0.0,0.0,18,159.8,170.4,6,158.0,162.8,0.0,0.0,0.0,0.0,439
2023-05-10 09:31:05,MO2312-P-6200,MO2312-P-6200,158.0,0.0,0.0,0.0,18,159.8,170.2,2,158.0,162.8,0.0,0.0,0.0,0.0,439
2023-05-10 09:31:05,MO2312-P-6200,MO2312-P-6200,158.0,0.0,0.0,0.0,18,159.8,170.0,6,158.0,162.8,0.0,0.0,0.0,0.0,439
2023-05-10 09:31:06,MO2312-P-6200,MO2312-P-6200,158.0,0.0,0.0,0.0,18,159.8,170.0,12,158.0,162.8,0.0,0.0,0.0,0.0,439
2023-05-10 09:31:06,MO2312-P-6200,MO2312-P-6200,158.0,0.0,0.0,0.0,18,159.8,169.8,6,158.0,162.8,0.0,0.0,0.0,0.0,439
2023-05-10 09:31:08,MO2312-P-6200,MO2312-P-6200,158.0,0.0,0.0,0.0,6,160.0,170.0,6,158.0,162.8,0.0,0.0,0.0,0.0,439
2023-05-10 09:31:10,MO2312-P-6200,MO2312-P-6200,158.0,0.0,0.0,0.0,6,160.2,170.0,6,158.0,162.8,0.0,0.0,0.0,0.0,439
2023-05-10 09:31:10,MO2312-P-6200,MO2312-P-6200,158.0,0.0,0.0,0.0,6,160.4,171.0,6,158.0,162.8,0.0,0.0,0.0,0.0,439
2023-05-10 09:31:16,MO2312-P-6200,MO2312-P-6200,158.0,0.0,0.0,0.0,6,160.2,171.0,6,158.0,162.8,0.0,0.0,0.0,0.0,439
2023-05-10 09:31:27,MO2312-P-6200,MO2312-P-6200,158.0,0.0,0.0,0.0,18,159.8,171.0,6,158.0,162.8,0.0,0.0,0.0,0.0,439
2023-05-10 09:31:33,MO2312-P-6200,MO2312-P-6200,158.0,0.0,0.0,0.0,18,159.8,170.4,2,158.0,162.8,0.0,0.0,0.0,0.0,439
2023-05-10 09:31:33,MO2312-P-6200,MO2312-P-6200,158.0,0.0,0.0,0.0,18,159.8,170.2,6,158.0,162.8,0.0,0.0,0.0,0.0,439
2023-05-10 09:31:34,MO2312-P-6200,MO2312-P-6200,158.0,0.0,0.0,0.0,18,159.8,170.4,6,158.0,162.8,0.0,0.0,0.0,0.0,439
2023-05-10 09:31:36,MO2312-P-6200,MO2312-P-6200,158.0,0.0,0.0,0.0,18,159.8,171.0,6,158.0,162.8,0.0,0.0,0.0,0.0,439
2023-05-10 09:31:39,MO2312-P-6200,MO2312-P-6200,158.0,0.0,0.0,0.0,6,160.0,171.0,6,158.0,162.8,0.0,0.0,0.0,0.0,439
2023-05-10 09:31:40,MO2312-P-6200,MO2312-P-6200,158.0,0.0,0.0,0.0,7,160.0,170.8,2,158.0,162.8,0.0,0.0,0.0,0.0,439
2023-05-10 09:31:41,MO2312-P-6200,MO2312-P-6200,158.0,0.0,0.0,0.0,7,160.0,170.6,6,158.0,162.8,0.0,0.0,0.0,0.0,439
2023-05-10 09:31:50,MO2312-P-6200,MO2312-P-6200,158.0,0.0,0.0,0.0,1,160.2,170.6,6,158.0,162.8,0.0,0.0,0.0,0.0,439
2023-05-10 09:31:51,MO2312-P-6200,MO2312-P-6200,158.0,0.0,0.0,0.0,1,160.2,170.2,2,158.0,162.8,0.0,0.0,0.0,0.0,439
2023-05-10 09:31:51,MO2312-P-6200,MO2312-P-6200,158.0,0.0,0.0,0.0,1,160.2,170.0,6,158.0,162.8,0.0,0.0,0.0,0.0,439
2023-05-10 09:31:52,MO2312-P-6200,MO2312-P-6200,158.0,0.0,0.0,0.0,7,160.2,170.0,14,158.0,162.8,0.0,0.0,0.0,0.0,439
2023-05-10 09:31:52,MO2312-P-6200,MO2312-P-6200,158.0,0.0,0.0,0.0,7,160.2,169.8,6,158.0,162.8,0.0,0.0,0.0,0.0,439
2023-05-10 09:31:53,MO2312-P-6200,MO2312-P-6200,158.0,0.0,0.0,0.0,6,160.4,169.8,6,158.0,162.8,0.0,0.0,0.0,0.0,439
2023-05-10 09:31:53,MO2312-P-6200,MO2312-P-6200,158.0,0.0,0.0,0.0,8,160.4,169.8,6,158.0,162.8,0.0,0.0,0.0,0.0,439
2023-05-10 09:31:55,MO2312-P-6200,MO2312-P-6200,158.0,0.0,0.0,0.0,2,160.4,169.8,6,158.0,162.8,0.0,0.0,0.0,0.0,439
2023-05-10 09:31:55,MO2312-P-6200,MO2312-P-6200,158.0,0.0,0.0,0.0,7,160.2,169.8,6,158.0,162.8,0.0,0.0,0.0,0.0,439
2023-05-10 09:31:57,MO2312-P-6200,MO2312-P-6200,158.0,0.0,0.0,0.0,9,160.2,169.8,8,158.0,162.8,0.0,0.0,0.0,0.0,439
2023-05-10 09:31:57,MO2312-P-6200,MO2312-P-6200,158.0,0.0,0.0,0.0,9,160.2,169.6,6,158.0,162.8,0.0,0.0,0.0,0.0,439
2023-05-10 09:31:59,MO2312-P-6200,MO2312-P-6200,158.0,0.0,0.0,0.0,6,160.6,169.6,6,158.0,162.8,0.0,0.0,0.0,0.0,439
2023-05-10 09:32:00,MO2312-P-6200,MO2312-P-6200,158.0,0.0,0.0,0.0,8,160.6,169.6,6,158.0,162.8,0.0,0.0,0.0,0.0,439
2023-05-10 09:32:01,MO2312-P-6200,MO2312-P-6200,158.0,0.0,0.0,0.0,2,160.6,169.6,6,158.0,162.8,0.0,0.0,0.0,0.0,439
2023-05-10 09:32:02,MO2312-P-6200,MO2312-P-6200,158.0,0.0,0.0,0.0,13,160.2,169.6,6,158.0,162.8,0.0,0.0,0.0,0.0,439
2023-05-10 09:32:02,MO2312-P-6200,MO2312-P-6200,158.0,0.0,0.0,0.0,1,160.4,169.6,6,158.0,162.8,0.0,0.0,0.0,0.0,439
2023-05-10 09:32:07,MO2312-P-6200,MO2312-P-6200,158.0,0.0,0.0,0.0,12,160.6,169.4,12,158.0,162.8,0.0,0.0,0.0,0.0,439
2023-05-10 09:32:08,MO2312-P-6200,MO2312-P-6200,158.0,0.0,0.0,0.0,2,160.6,169.2,6,158.0,162.8,0.0,0.0,0.0,0.0,439
2023-05-10 09:32:08,MO2312-P-6200,MO2312-P-6200,158.0,0.0,0.0,0.0,1,160.4,169.4,6,158.0,162.8,0.0,0.0,0.0,0.0,439
2023-05-10 09:32:11,MO2312-P-6200,MO2312-P-6200,158.0,0.0,0.0,0.0,1,160.4,169.4,8,158.0,162.8,0.0,0.0,0.0,0.0,439
2023-05-10 09:32:12,MO2312-P-6200,MO2312-P-6200,158.0,0.0,0.0,0.0,1,160.4,169.2,6,158.0,162.8,0.0,0.0,0.0,0.0,439
2023-05-10 09:32:12,MO2312-P-6200,MO2312-P-6200,158.0,0.0,0.0,0.0,1,160.6,169.2,18,158.0,162.8,0.0,0.0,0.0,0.0,439
2023-05-10 09:32:13,MO2312-P-6200,MO2312-P-6200,158.0,0.0,0.0,0.0,1,160.6,169.0,6,158.0,162.8,0.0,0.0,0.0,0.0,439
2023-05-10 09:32:13,MO2312-P-6200,MO2312-P-6200,158.0,0.0,0.0,0.0,6,160.8,169.0,6,158.0,162.8,0.0,0.0,0.0,0.0,439
2023-05-10 09:32:14,MO2312-P-6200,MO2312-P-6200,158.0,0.0,0.0,0.0,8,160.8,169.0,6,158.0,162.8,0.0,0.0,0.0,0.0,439
2023-05-10 09:32:16,MO2312-P-6200,MO2312-P-6200,158.0,0.0,0.0,0.0,2,160.8,169.0,6,158.0,162.8,0.0,0.0,0.0,0.0,439
2023-05-10 09:32:16,MO2312-P-6200,MO2312-P-6200,158.0,0.0,0.0,0.0,13,160.6,169.0,6,158.0,162.8,0.0,0.0,0.0,0.0,439
2023-05-10 09:32:17,MO2312-P-6200,MO2312-P-6200,158.0,0.0,0.0,0.0,7,160.6,169.0,6,158.0,162.8,0.0,0.0,0.0,0.0,439
2023-05-10 09:32:17,MO2312-P-6200,MO2312-P-6200,158.0,0.0,0.0,0.0,9,160.6,169.0,6,158.0,162.8,0.0,0.0,0.0,0.0,439
2023-05-10 09:32:19,MO2312-P-6200,MO2312-P-6200,158.0,0.0,0.0,0.0,9,160.6,169.0,8,158.0,162.8,0.0,0.0,0.0,0.0,439
2023-05-10 09:32:19,MO2312-P-6200,MO2312-P-6200,158.0,0.0,0.0,0.0,9,160.6,168.8,6,158.0,162.8,0.0,0.0,0.0,0.0,439
2023-05-10 09:32:21,MO2312-P-6200,MO2312-P-6200,158.0,0.0,0.0,0.0,9,160.6,169.0,6,158.0,162.8,0.0,0.0,0.0,0.0,439
2023-05-10 09:32:22,MO2312-P-6200,MO2312-P-6200,158.0,0.0,0.0,0.0,1,160.8,169.0,6,158.0,162.8,0.0,0.0,0.0,0.0,439
2023-05-10 09:32:32,MO2312-P-6200,MO2312-P-6200,158.0,0.0,0.0,0.0,1,161.0,169.0,6,158.0,162.8,0.0,0.0,0.0,0.0,439
2023-05-10 09:32:42,MO2312-P-6200,MO2312-P-6200,158.0,0.0,0.0,0.0,1,161.2,169.0,6,158.0,162.8,0.0,0.0,0.0,0.0,439
2023-05-10 09:32:44,MO2312-P-6200,MO2312-P-6200,158.0,0.0,0.0,0.0,7,161.2,169.0,6,158.0,162.8,0.0,0.0,0.0,0.0,439
2023-05-10 09:32:44,MO2312-P-6200,MO2312-P-6200,158.0,0.0,0.0,0.0,9,161.2,169.0,6,158.0,162.8,0.0,0.0,0.0,0.0,439
2023-05-10 09:32:46,MO2312-P-6200,MO2312-P-6200,158.0,0.0,0.0,0.0,15,161.2,169.0,6,158.0,162.8,0.0,0.0,0.0,0.0,439
2023-05-10 09:32:47,MO2312-P-6200,MO2312-P-6200,158.0,0.0,0.0,0.0,21,161.2,169.0,6,158.0,162.8,0.0,0.0,0.0,0.0,439
2023-05-10 09:32:48,MO2312-P-6200,MO2312-P-6200,158.0,0.0,0.0,0.0,6,161.4,169.0,6,158.0,162.8,0.0,0.0,0.0,0.0,439
2023-05-10 09:32:49,MO2312-P-6200,MO2312-P-6200,158.0,0.0,0.0,0.0,8,161.4,169.0,6,158.0,162.8,0.0,0.0,0.0,0.0,439
2023-05-10 09:32:52,MO2312-P-6200,MO2312-P-6200,158.0,0.0,0.0,0.0,6,161.4,169.0,6,158.0,162.8,0.0,0.0,0.0,0.0,439
2023-05-10 09:32:53,MO2312-P-6200,MO2312-P-6200,158.0,0.0,0.0,0.0,8,161.4,169.0,6,158.0,162.8,0.0,0.0,0.0,0.0,439
2023-05-10 09:32:54,MO2312-P-6200,MO2312-P-6200,158.0,0.0,0.0,0.0,6,161.4,169.0,6,158.0,162.8,0.0,0.0,0.0,0.0,439
2023-05-10 09:32:56,MO2312-P-6200,MO2312-P-6200,158.0,0.0,0.0,0.0,6,161.4,164.8,1,158.0,162.8,0.0,0.0,0.0,0.0,439
2023-05-10 09:32:56,MO2312-P-6200,MO2312-P-6200,158.0,0.0,0.0,0.0,6,161.6,164.8,1,158.0,162.8,0.0,0.0,0.0,0.0,439
2023-05-10 09:32:57,MO2312-P-6200,MO2312-P-6200,158.0,0.0,0.0,0.0,6,161.8,164.8,1,158.0,162.8,0.0,0.0,0.0,0.0,439
2023-05-10 09:32:57,MO2312-P-6200,MO2312-P-6200,158.0,0.0,0.0,0.0,6,162.0,164.8,1,158.0,162.8,0.0,0.0,0.0,0.0,439
2023-05-10 09:32:58,MO2312-P-6200,MO2312-P-6200,158.0,0.0,0.0,0.0,6,162.2,164.8,1,158.0,162.8,0.0,0.0,0.0,0.0,439
2023-05-10 09:32:58,MO2312-P-6200,MO2312-P-6200,158.0,0.0,0.0,0.0,6,162.4,164.8,1,158.0,162.8,0.0,0.0,0.0,0.0,439
2023-05-10 09:32:59,MO2312-P-6200,MO2312-P-6200,158.0,0.0,0.0,0.0,6,162.6,165.6,1,158.0,162.8,0.0,0.0,0.0,0.0,439
2023-05-10 09:33:01,MO2312-P-6200,MO2312-P-6200,158.0,0.0,0.0,0.0,6,162.8,165.6,1,158.0,162.8,0.0,0.0,0.0,0.0,439
2023-05-10 09:33:03,MO2312-P-6200,MO2312-P-6200,158.0,0.0,0.0,0.0,6,162.0,165.6,1,158.0,162.8,0.0,0.0,0.0,0.0,439
2023-05-10 09:33:03,MO2312-P-6200,MO2312-P-6200,158.0,0.0,0.0,0.0,6,162.2,165.6,1,158.0,162.8,0.0,0.0,0.0,0.0,439
2023-05-10 09:33:04,MO2312-P-6200,MO2312-P-6200,158.0,0.0,0.0,0.0,6,162.4,165.6,1,158.0,162.8,0.0,0.0,0.0,0.0,439
2023-05-10 09:33:05,MO2312-P-6200,MO2312-P-6200,158.0,0.0,0.0,0.0,6,162.0,165.6,1,158.0,162.8,0.0,0.0,0.0,0.0,439
2023-05-10 09:33:07,MO2312-P-6200,MO2312-P-6200,158.0,0.0,0.0,0.0,8,162.0,166.2,1,158.0,162.8,0.0,0.0,0.0,0.0,439
2023-05-10 09:33:07,MO2312-P-6200,MO2312-P-6200,158.0,0.0,0.0,0.0,6,162.2,166.2,1,158.0,162.8,0.0,0.0,0.0,0.0,439
2023-05-10 09:33:09,MO2312-P-6200,MO2312-P-6200,158.0,0.0,0.0,0.0,6,162.4,166.2,1,158.0,162.8,0.0,0.0,0.0,0.0,439
2023-05-10 09:33:09,MO2312-P-6200,MO2312-P-6200,158.0,0.0,0.0,0.0,6,162.6,166.2,1,158.0,162.8,0.0,0.0,0.0,0.0,439
2023-05-10 09:33:10,MO2312-P-6200,MO2312-P-6200,158.0,0.0,0.0,0.0,6,162.2,166.2,1,158.0,162.8,0.0,0.0,0.0,0.0,439
2023-05-10 09:33:11,MO2312-P-6200,MO2312-P-6200,158.0,0.0,0.0,0.0,6,162.4,166.2,1,158.0,162.8,0.0,0.0,0.0,0.0,439
2023-05-10 09:33:11,MO2312-P-6200,MO2312-P-6200,158.0,0.0,0.0,0.0,6,162.6,166.2,1,158.0,162.8,0.0,0.0,0.0,0.0,439
2023-05-10 09:33:12,MO2312-P-6200,MO2312-P-6200,158.0,0.0,0.0,0.0,6,162.2,166.2,1,158.0,162.8,0.0,0.0,0.0,0.0,439
2023-05-10 09:33:13,MO2312-P-6200,MO2312-P-6200,158.0,0.0,0.0,0.0,6,162.0,166.2,1,158.0,162.8,0.0,0.0,0.0,0.0,439
2023-05-10 09:33:16,MO2312-P-6200,MO2312-P-6200,158.0,0.0,0.0,0.0,6,162.0,168.0,12,158.0,162.8,0.0,0.0,0.0,0.0,439
2023-05-10 09:33:16,MO2312-P-6200,MO2312-P-6200,158.0,0.0,0.0,0.0,6,162.0,168.0,6,158.0,162.8,0.0,0.0,0.0,0.0,439
2023-05-10 09:33:17,MO2312-P-6200,MO2312-P-6200,158.0,0.0,0.0,0.0,6,162.2,168.0,6,158.0,162.8,0.0,0.0,0.0,0.0,439
2023-05-10 09:33:17,MO2312-P-6200,MO2312-P-6200,158.0,0.0,0.0,0.0,12,162.4,168.2,12,158.0,162.8,0.0,0.0,0.0,0.0,439
2023-05-10 09:33:18,MO2312-P-6200,MO2312-P-6200,158.0,0.0,0.0,0.0,6,162.6,166.4,1,158.0,162.8,0.0,0.0,0.0,0.0,439
2023-05-10 09:33:18,MO2312-P-6200,MO2312-P-6200,158.0,0.0,0.0,0.0,6,162.8,166.4,1,158.0,162.8,0.0,0.0,0.0,0.0,439
2023-05-10 09:33:19,MO2312-P-6200,MO2312-P-6200,158.0,0.0,0.0,0.0,6,163.0,166.4,1,158.0,162.8,0.0,0.0,0.0,0.0,439
2023-05-10 09:33:22,MO2312-P-6200,MO2312-P-6200,158.0,0.0,0.0,0.0,6,163.0,167.2,1,158.0,162.8,0.0,0.0,0.0,0.0,439
2023-05-10 09:33:25,MO2312-P-6200,MO2312-P-6200,158.0,0.0,0.0,0.0,6,162.8,167.2,1,158.0,162.8,0.0,0.0,0.0,0.0,439
2023-05-10 09:33:27,MO2312-P-6200,MO2312-P-6200,158.0,0.0,0.0,0.0,6,162.8,167.6,1,158.0,162.8,0.0,0.0,0.0,0.0,439
2023-05-10 09:33:34,MO2312-P-6200,MO2312-P-6200,158.0,0.0,0.0,0.0,6,163.0,167.6,1,158.0,162.8,0.0,0.0,0.0,0.0,439
2023-05-10 09:33:35,MO2312-P-6200,MO2312-P-6200,158.0,0.0,0.0,0.0,6,163.2,167.6,1,158.0,162.8,0.0,0.0,0.0,0.0,439
2023-05-10 09:33:37,MO2312-P-6200,MO2312-P-6200,158.0,0.0,0.0,0.0,6,163.4,168.4,1,158.0,162.8,0.0,0.0,0.0,0.0,439
2023-05-10 09:33:37,MO2312-P-6200,MO2312-P-6200,158.0,0.0,0.0,0.0,6,163.6,168.4,1,158.0,162.8,0.0,0.0,0.0,0.0,439
2023-05-10 09:33:42,MO2312-P-6200,MO2312-P-6200,158.0,0.0,0.0,0.0,7,163.6,168.4,1,158.0,162.8,0.0,0.0,0.0,0.0,439
2023-05-10 09:33:43,MO2312-P-6200,MO2312-P-6200,158.0,0.0,0.0,0.0,6,163.8,168.4,1,158.0,162.8,0.0,0.0,0.0,0.0,439
2023-05-10 09:33:50,MO2312-P-6200,MO2312-P-6200,158.0,0.0,0.0,0.0,7,163.8,169.2,1,158.0,162.8,0.0,0.0,0.0,0.0,439
2023-05-10 09:33:50,MO2312-P-6200,MO2312-P-6200,158.0,0.0,0.0,0.0,6,164.0,169.2,1,158.0,162.8,0.0,0.0,0.0,0.0,439
2023-05-10 09:33:53,MO2312-P-6200,MO2312-P-6200,158.0,0.0,0.0,0.0,7,164.0,169.2,1,158.0,162.8,0.0,0.0,0.0,0.0,439
2023-05-10 09:33:53,MO2312-P-6200,MO2312-P-6200,158.0,0.0,0.0,0.0,6,164.2,169.2,1,158.0,162.8,0.0,0.0,0.0,0.0,439
2023-05-10 09:33:54,MO2312-P-6200,MO2312-P-6200,158.0,0.0,0.0,0.0,6,164.0,169.2,1,158.0,162.8,0.0,0.0,0.0,0.0,439
2023-05-10 09:33:56,MO2312-P-6200,MO2312-P-6200,158.0,0.0,0.0,0.0,6,163.8,169.2,1,158.0,162.8,0.0,0.0,0.0,0.0,439
2023-05-10 09:33:56,MO2312-P-6200,MO2312-P-6200,158.0,0.0,0.0,0.0,6,163.6,169.2,1,158.0,162.8,0.0,0.0,0.0,0.0,439
2023-05-10 09:33:58,MO2312-P-6200,MO2312-P-6200,158.0,0.0,0.0,0.0,7,163.6,169.2,1,158.0,162.8,0.0,0.0,0.0,0.0,439
2023-05-10 09:33:59,MO2312-P-6200,MO2312-P-6200,158.0,0.0,0.0,0.0,6,163.8,169.2,1,158.0,162.8,0.0,0.0,0.0,0.0,439
2023-05-10 09:34:01,MO2312-P-6200,MO2312-P-6200,158.0,0.0,0.0,0.0,6,164.0,169.2,1,158.0,162.8,0.0,0.0,0.0,0.0,439
2023-05-10 09:34:01,MO2312-P-6200,MO2312-P-6200,158.0,0.0,0.0,0.0,6,164.2,169.2,1,158.0,162.8,0.0,0.0,0.0,0.0,439
2023-05-10 09:34:02,MO2312-P-6200,MO2312-P-6200,158.0,0.0,0.0,0.0,6,164.4,169.2,1,158.0,162.8,0.0,0.0,0.0,0.0,439
2023-05-10 09:34:02,MO2312-P-6200,MO2312-P-6200,158.0,0.0,0.0,0.0,6,164.6,169.2,7,158.0,162.8,0.0,0.0,0.0,0.0,439
2023-05-10 09:34:03,MO2312-P-6200,MO2312-P-6200,158.0,0.0,0.0,0.0,6,164.6,167.4,1,158.0,162.8,0.0,0.0,0.0,0.0,439
2023-05-10 09:34:05,MO2312-P-6200,MO2312-P-6200,158.0,0.0,0.0,0.0,6,164.6,168.0,1,158.0,162.8,0.0,0.0,0.0,0.0,439
2023-05-10 09:34:19,MO2312-P-6200,MO2312-P-6200,158.0,0.0,0.0,0.0,6,164.6,168.8,1,158.0,162.8,0.0,0.0,0.0,0.0,439
2023-05-10 09:34:26,MO2312-P-6200,MO2312-P-6200,158.0,0.0,0.0,0.0,6,164.4,168.6,6,158.0,162.8,0.0,0.0,0.0,0.0,439
2023-05-10 09:34:29,MO2312-P-6200,MO2312-P-6200,158.0,0.0,0.0,0.0,6,164.4,166.8,1,158.0,162.8,0.0,0.0,0.0,0.0,439
2023-05-10 09:34:30,MO2312-P-6200,MO2312-P-6200,158.0,0.0,0.0,0.0,6,163.8,166.8,1,158.0,162.8,0.0,0.0,0.0,0.0,439
2023-05-10 09:34:35,MO2312-P-6200,MO2312-P-6200,158.0,0.0,0.0,0.0,18,163.6,166.8,1,158.0,162.8,0.0,0.0,0.0,0.0,439
2023-05-10 09:34:35,MO2312-P-6200,MO2312-P-6200,158.0,0.0,0.0,0.0,12,163.6,166.8,1,158.0,162.8,0.0,0.0,0.0,0.0,439
2023-05-10 09:34:36,MO2312-P-6200,MO2312-P-6200,158.0,0.0,0.0,0.0,6,163.6,166.8,1,158.0,162.8,0.0,0.0,0.0,0.0,439
2023-05-10 09:34:39,MO2312-P-6200,MO2312-P-6200,158.0,0.0,0.0,0.0,6,163.8,166.8,1,158.0,162.8,0.0,0.0,0.0,0.0,439
2023-05-10 09:34:42,MO2312-P-6200,MO2312-P-6200,158.0,0.0,0.0,0.0,6,163.8,168.4,13,158.0,162.8,0.0,0.0,0.0,0.0,439
2023-05-10 09:34:44,MO2312-P-6200,MO2312-P-6200,158.0,0.0,0.0,0.0,6,163.8,168.4,7,158.0,162.8,0.0,0.0,0.0,0.0,439
2023-05-10 09:34:44,MO2312-P-6200,MO2312-P-6200,158.0,0.0,0.0,0.0,6,163.8,168.4,1,158.0,162.8,0.0,0.0,0.0,0.0,439
2023-05-10 09:34:47,MO2312-P-6200,MO2312-P-6200,158.0,0.0,0.0,0.0,6,164.0,168.4,1,158.0,162.8,0.0,0.0,0.0,0.0,439
2023-05-10 09:34:47,MO2312-P-6200,MO2312-P-6200,158.0,0.0,0.0,0.0,6,164.2,168.4,1,158.0,162.8,0.0,0.0,0.0,0.0,439
2023-05-10 09:34:52,MO2312-P-6200,MO2312-P-6200,158.0,0.0,0.0,0.0,12,164.2,168.4,1,158.0,162.8,0.0,0.0,0.0,0.0,439
2023-05-10 09:34:53,MO2312-P-6200,MO2312-P-6200,158.0,0.0,0.0,0.0,6,164.4,168.4,1,158.0,162.8,0.0,0.0,0.0,0.0,439
2023-05-10 09:34:55,MO2312-P-6200,MO2312-P-6200,158.0,0.0,0.0,0.0,6,164.2,168.2,6,158.0,162.8,0.0,0.0,0.0,0.0,439
2023-05-10 09:34:56,MO2312-P-6200,MO2312-P-6200,158.0,0.0,0.0,0.0,6,164.2,167.6,1,158.0,162.8,0.0,0.0,0.0,0.0,439
2023-05-10 09:35:01,MO2312-P-6200,MO2312-P-6200,158.0,0.0,0.0,0.0,12,163.6,167.6,7,158.0,162.8,0.0,0.0,0.0,0.0,439
2023-05-10 09:35:02,MO2312-P-6200,MO2312-P-6200,158.0,0.0,0.0,0.0,6,163.4,167.6,7,158.0,162.8,0.0,0.0,0.0,0.0,439
2023-05-10 09:35:02,MO2312-P-6200,MO2312-P-6200,158.0,0.0,0.0,0.0,12,163.2,167.6,6,158.0,162.8,0.0,0.0,0.0,0.0,439
2023-05-10 09:35:03,MO2312-P-6200,MO2312-P-6200,158.0,0.0,0.0,0.0,36,163.0,168.0,6,158.0,162.8,0.0,0.0,0.0,0.0,439
2023-05-10 09:35:03,MO2312-P-6200,MO2312-P-6200,158.0,0.0,0.0,0.0,7,163.2,168.4,6,158.0,162.8,0.0,0.0,0.0,0.0,439
2023-05-10 09:35:04,MO2312-P-6200,MO2312-P-6200,158.0,0.0,0.0,0.0,6,163.4,168.4,6,158.0,162.8,0.0,0.0,0.0,0.0,439
2023-05-10 09:35:05,MO2312-P-6200,MO2312-P-6200,158.0,0.0,0.0,0.0,7,163.2,168.6,6,158.0,162.8,0.0,0.0,0.0,0.0,439
2023-05-10 09:35:05,MO2312-P-6200,MO2312-P-6200,158.0,0.0,0.0,0.0,1,163.2,168.6,6,158.0,162.8,0.0,0.0,0.0,0.0,439
2023-05-10 09:35:07,MO2312-P-6200,MO2312-P-6200,158.0,0.0,0.0,0.0,7,163.2,168.6,6,158.0,162.8,0.0,0.0,0.0,0.0,439
2023-05-10 09:35:07,MO2312-P-6200,MO2312-P-6200,158.0,0.0,0.0,0.0,6,163.2,166.0,1,158.0,162.8,0.0,0.0,0.0,0.0,439
2023-05-10 09:35:12,MO2312-P-6200,MO2312-P-6200,158.0,0.0,0.0,0.0,6,163.2,167.8,7,158.0,162.8,0.0,0.0,0.0,0.0,439
2023-05-10 09:35:14,MO2312-P-6200,MO2312-P-6200,158.0,0.0,0.0,0.0,18,163.0,167.0,1,158.0,162.8,0.0,0.0,0.0,0.0,439
2023-05-10 09:35:15,MO2312-P-6200,MO2312-P-6200,158.0,0.0,0.0,0.0,12,163.0,167.0,1,158.0,162.8,0.0,0.0,0.0,0.0,439
2023-05-10 09:35:15,MO2312-P-6200,MO2312-P-6200,158.0,0.0,0.0,0.0,6,163.0,167.0,1,158.0,162.8,0.0,0.0,0.0,0.0,439
2023-05-10 09:35:20,MO2312-P-6200,MO2312-P-6200,158.0,0.0,0.0,0.0,6,162.8,166.8,6,158.0,162.8,0.0,0.0,0.0,0.0,439
2023-05-10 09:35:20,MO2312-P-6200,MO2312-P-6200,158.0,0.0,0.0,0.0,54,162.4,166.8,6,158.0,162.8,0.0,0.0,0.0,0.0,439
2023-05-10 09:35:21,MO2312-P-6200,MO2312-P-6200,158.0,0.0,0.0,0.0,30,162.4,166.8,6,158.0,162.8,0.0,0.0,0.0,0.0,439
2023-05-10 09:35:21,MO2312-P-6200,MO2312-P-6200,158.0,0.0,0.0,0.0,24,162.4,166.8,6,158.0,162.8,0.0,0.0,0.0,0.0,439
2023-05-10 09:35:35,MO2312-P-6200,MO2312-P-6200,158.0,0.0,0.0,0.0,18,162.4,166.8,6,158.0,162.8,0.0,0.0,0.0,0.0,439
2023-05-10 09:35:36,MO2312-P-6200,MO2312-P-6200,158.0,0.0,0.0,0.0,12,162.4,166.8,6,158.0,162.8,0.0,0.0,0.0,0.0,439
2023-05-10 09:35:36,MO2312-P-6200,MO2312-P-6200,158.0,0.0,0.0,0.0,6,162.4,166.8,6,158.0,162.8,0.0,0.0,0.0,0.0,439
2023-05-10 09:35:37,MO2312-P-6200,MO2312-P-6200,158.0,0.0,0.0,0.0,6,162.4,165.4,1,158.0,162.8,0.0,0.0,0.0,0.0,439
2023-05-10 09:35:39,MO2312-P-6200,MO2312-P-6200,158.0,0.0,0.0,0.0,6,162.4,165.4,7,158.0,162.8,0.0,0.0,0.0,0.0,439
2023-05-10 09:35:40,MO2312-P-6200,MO2312-P-6200,158.0,0.0,0.0,0.0,14,161.4,165.4,7,158.0,162.8,0.0,0.0,0.0,0.0,439
2023-05-10 09:35:40,MO2312-P-6200,MO2312-P-6200,158.0,0.0,0.0,0.0,12,161.4,165.4,7,158.0,162.8,0.0,0.0,0.0,0.0,439
2023-05-10 09:35:41,MO2312-P-6200,MO2312-P-6200,158.0,0.0,0.0,0.0,6,161.4,164.6,1,158.0,162.8,0.0,0.0,0.0,0.0,439
2023-05-10 09:35:42,MO2312-P-6200,MO2312-P-6200,158.0,0.0,0.0,0.0,1,161.8,165.0,6,158.0,162.8,0.0,0.0,0.0,0.0,439
2023-05-10 09:35:43,MO2312-P-6200,MO2312-P-6200,158.0,0.0,0.0,0.0,1,161.8,165.6,6,158.0,162.8,0.0,0.0,0.0,0.0,439
2023-05-10 09:35:43,MO2312-P-6200,MO2312-P-6200,158.0,0.0,0.0,0.0,1,161.8,165.8,6,158.0,162.8,0.0,0.0,0.0,0.0,439
2023-05-10 09:35:44,MO2312-P-6200,MO2312-P-6200,158.0,0.0,0.0,0.0,1,161.8,166.0,6,158.0,162.8,0.0,0.0,0.0,0.0,439
2023-05-10 09:35:44,MO2312-P-6200,MO2312-P-6200,158.0,0.0,0.0,0.0,1,161.8,166.2,6,158.0,162.8,0.0,0.0,0.0,0.0,439
2023-05-10 09:35:46,MO2312-P-6200,MO2312-P-6200,158.0,0.0,0.0,0.0,1,161.8,166.4,6,158.0,162.8,0.0,0.0,0.0,0.0,439
2023-05-10 09:35:47,MO2312-P-6200,MO2312-P-6200,158.0,0.0,0.0,0.0,1,161.8,166.6,6,158.0,162.8,0.0,0.0,0.0,0.0,439
2023-05-10 09:35:47,MO2312-P-6200,MO2312-P-6200,158.0,0.0,0.0,0.0,6,161.4,165.4,1,158.0,162.8,0.0,0.0,0.0,0.0,439
2023-05-10 09:35:48,MO2312-P-6200,MO2312-P-6200,158.0,0.0,0.0,0.0,6,161.4,165.2,6,158.0,162.8,0.0,0.0,0.0,0.0,439
2023-05-10 09:35:57,MO2312-P-6200,MO2312-P-6200,158.0,0.0,0.0,0.0,6,161.4,166.6,6,158.0,162.8,0.0,0.0,0.0,0.0,439
2023-05-10 09:35:58,MO2312-P-6200,MO2312-P-6200,158.0,0.0,0.0,0.0,6,161.4,166.4,1,158.0,162.8,0.0,0.0,0.0,0.0,439
2023-05-10 09:35:58,MO2312-P-6200,MO2312-P-6200,158.0,0.0,0.0,0.0,6,161.4,166.2,6,158.0,162.8,0.0,0.0,0.0,0.0,439
2023-05-10 09:36:00,MO2312-P-6200,MO2312-P-6200,158.0,0.0,0.0,0.0,6,161.4,165.6,1,158.0,162.8,0.0,0.0,0.0,0.0,439
2023-05-10 09:36:00,MO2312-P-6200,MO2312-P-6200,158.0,0.0,0.0,0.0,6,161.4,165.4,6,158.0,162.8,0.0,0.0,0.0,0.0,439
2023-05-10 09:36:06,MO2312-P-6200,MO2312-P-6200,158.0,0.0,0.0,0.0,12,161.2,165.4,6,158.0,162.8,0.0,0.0,0.0,0.0,439
2023-05-10 09:36:06,MO2312-P-6200,MO2312-P-6200,158.0,0.0,0.0,0.0,6,161.2,165.4,6,158.0,162.8,0.0,0.0,0.0,0.0,439
2023-05-10 09:36:08,MO2312-P-6200,MO2312-P-6200,158.0,0.0,0.0,0.0,6,161.2,164.8,1,158.0,162.8,0.0,0.0,0.0,0.0,439
2023-05-10 09:36:09,MO2312-P-6200,MO2312-P-6200,158.0,0.0,0.0,0.0,6,161.2,164.6,6,158.0,162.8,0.0,0.0,0.0,0.0,439
2023-05-10 09:36:11,MO2312-P-6200,MO2312-P-6200,158.0,0.0,0.0,0.0,6,161.2,165.6,6,158.0,162.8,0.0,0.0,0.0,0.0,439
2023-05-10 09:36:12,MO2312-P-6200,MO2312-P-6200,158.0,0.0,0.0,0.0,6,161.2,164.2,1,158.0,162.8,0.0,0.0,0.0,0.0,439
2023-05-10 09:36:17,MO2312-P-6200,MO2312-P-6200,158.0,0.0,0.0,0.0,6,161.2,164.4,6,158.0,162.8,0.0,0.0,0.0,0.0,439
2023-05-10 09:36:17,MO2312-P-6200,MO2312-P-6200,158.0,0.0,0.0,0.0,6,161.2,165.8,6,158.0,162.8,0.0,0.0,0.0,0.0,439
2023-05-10 09:36:18,MO2312-P-6200,MO2312-P-6200,158.0,0.0,0.0,0.0,6,161.2,165.6,1,158.0,162.8,0.0,0.0,0.0,0.0,439
2023-05-10 09:36:18,MO2312-P-6200,MO2312-P-6200,158.0,0.0,0.0,0.0,6,161.2,165.4,6,158.0,162.8,0.0,0.0,0.0,0.0,439
2023-05-10 09:36:21,MO2312-P-6200,MO2312-P-6200,158.0,0.0,0.0,0.0,12,161.0,164.8,1,158.0,162.8,0.0,0.0,0.0,0.0,439
2023-05-10 09:36:22,MO2312-P-6200,MO2312-P-6200,158.0,0.0,0.0,0.0,6,161.0,164.6,6,158.0,162.8,0.0,0.0,0.0,0.0,439
2023-05-10 09:36:22,MO2312-P-6200,MO2312-P-6200,158.0,0.0,0.0,0.0,6,161.0,163.6,1,158.0,162.8,0.0,0.0,0.0,0.0,439
2023-05-10 09:36:23,MO2312-P-6200,MO2312-P-6200,158.0,0.0,0.0,0.0,12,160.6,163.6,7,158.0,162.8,0.0,0.0,0.0,0.0,439
2023-05-10 09:36:23,MO2312-P-6200,MO2312-P-6200,158.0,0.0,0.0,0.0,12,160.4,163.6,7,158.0,162.8,0.0,0.0,0.0,0.0,439
2023-05-10 09:36:24,MO2312-P-6200,MO2312-P-6200,158.0,0.0,0.0,0.0,12,160.2,163.4,6,158.0,162.8,0.0,0.0,0.0,0.0,439
2023-05-10 09:36:24,MO2312-P-6200,MO2312-P-6200,158.0,0.0,0.0,0.0,12,160.0,163.4,6,158.0,162.8,0.0,0.0,0.0,0.0,439
2023-05-10 09:36:25,MO2312-P-6200,MO2312-P-6200,158.0,0.0,0.0,0.0,6,160.0,163.4,6,158.0,162.8,0.0,0.0,0.0,0.0,439
2023-05-10 09:36:26,MO2312-P-6200,MO2312-P-6200,158.0,0.0,0.0,0.0,6,160.0,163.6,7,158.0,162.8,0.0,0.0,0.0,0.0,439
2023-05-10 09:36:26,MO2312-P-6200,MO2312-P-6200,158.0,0.0,0.0,0.0,6,160.2,163.6,7,158.0,162.8,0.0,0.0,0.0,0.0,439
2023-05-10 09:36:27,MO2312-P-6200,MO2312-P-6200,158.0,0.0,0.0,0.0,6,160.2,162.4,1,158.0,162.8,0.0,0.0,0.0,0.0,439
2023-05-10 09:36:29,MO2312-P-6200,MO2312-P-6200,158.0,0.0,0.0,0.0,6,160.0,162.4,1,158.0,162.8,0.0,0.0,0.0,0.0,439
2023-05-10 09:36:32,MO2312-P-6200,MO2312-P-6200,158.0,0.0,0.0,0.0,6,160.0,163.2,6,158.0,162.8,0.0,0.0,0.0,0.0,439
2023-05-10 09:36:32,MO2312-P-6200,MO2312-P-6200,158.0,0.0,0.0,0.0,6,160.0,163.6,6,158.0,162.8,0.0,0.0,0.0,0.0,439
2023-05-10 09:36:33,MO2312-P-6200,MO2312-P-6200,158.0,0.0,0.0,0.0,6,160.0,163.8,6,158.0,162.8,0.0,0.0,0.0,0.0,439
2023-05-10 09:36:34,MO2312-P-6200,MO2312-P-6200,158.0,0.0,0.0,0.0,6,160.0,164.0,6,158.0,162.8,0.0,0.0,0.0,0.0,439
2023-05-10 09:36:36,MO2312-P-6200,MO2312-P-6200,158.0,0.0,0.0,0.0,12,160.0,164.0,6,158.0,162.8,0.0,0.0,0.0,0.0,439
2023-05-10 09:36:51,MO2312-P-6200,MO2312-P-6200,158.0,0.0,0.0,0.0,12,160.0,163.4,1,158.0,162.8,0.0,0.0,0.0,0.0,439
2023-05-10 09:36:52,MO2312-P-6200,MO2312-P-6200,158.0,0.0,0.0,0.0,6,160.0,163.4,7,158.0,162.8,0.0,0.0,0.0,0.0,439
2023-05-10 09:36:54,MO2312-P-6200,MO2312-P-6200,158.0,0.0,0.0,0.0,6,160.0,162.6,1,158.0,162.8,0.0,0.0,0.0,0.0,439
2023-05-10 09:36:55,MO2312-P-6200,MO2312-P-6200,158.0,0.0,0.0,0.0,6,159.2,162.6,1,158.0,162.8,0.0,0.0,0.0,0.0,439
2023-05-10 09:36:55,MO2312-P-6200,MO2312-P-6200,158.0,0.0,0.0,0.0,6,159.0,162.6,1,158.0,162.8,0.0,0.0,0.0,0.0,439
2023-05-10 09:36:56,MO2312-P-6200,MO2312-P-6200,158.0,0.0,0.0,0.0,18,158.8,162.6,1,158.0,162.8,0.0,0.0,0.0,0.0,439
2023-05-10 09:36:56,MO2312-P-6200,MO2312-P-6200,158.0,0.0,0.0,0.0,12,158.8,162.6,1,158.0,162.8,0.0,0.0,0.0,0.0,439
2023-05-10 09:36:57,MO2312-P-6200,MO2312-P-6200,158.0,0.0,0.0,0.0,6,158.8,162.6,1,158.0,162.8,0.0,0.0,0.0,0.0,439
2023-05-10 09:37:01,MO2312-P-6200,MO2312-P-6200,158.0,0.0,0.0,0.0,6,159.0,163.0,12,158.0,162.8,0.0,0.0,0.0,0.0,439
2023-05-10 09:37:01,MO2312-P-6200,MO2312-P-6200,158.0,0.0,0.0,0.0,6,159.0,163.2,12,158.0,162.8,0.0,0.0,0.0,0.0,439
2023-05-10 09:37:02,MO2312-P-6200,MO2312-P-6200,158.0,0.0,0.0,0.0,6,159.2,163.2,6,158.0,162.8,0.0,0.0,0.0,0.0,439
2023-05-10 09:37:06,MO2312-P-6200,MO2312-P-6200,158.0,0.0,0.0,0.0,6,159.4,163.4,7,158.0,162.8,0.0,0.0,0.0,0.0,439
2023-05-10 09:37:06,MO2312-P-6200,MO2312-P-6200,158.0,0.0,0.0,0.0,6,159.4,163.8,12,158.0,162.8,0.0,0.0,0.0,0.0,439
2023-05-10 09:37:07,MO2312-P-6200,MO2312-P-6200,158.0,0.0,0.0,0.0,12,159.6,164.0,12,158.0,162.8,0.0,0.0,0.0,0.0,439
2023-05-10 09:37:07,MO2312-P-6200,MO2312-P-6200,158.0,0.0,0.0,0.0,12,159.6,162.8,1,158.0,162.8,0.0,0.0,0.0,0.0,439
2023-05-10 09:37:08,MO2312-P-6200,MO2312-P-6200,158.0,0.0,0.0,0.0,6,159.8,162.8,1,158.0,162.8,0.0,0.0,0.0,0.0,439
2023-05-10 09:37:11,MO2312-P-6200,MO2312-P-6200,158.0,0.0,0.0,0.0,6,159.2,162.8,7,158.0,162.8,0.0,0.0,0.0,0.0,439
2023-05-10 09:37:11,MO2312-P-6200,MO2312-P-6200,158.0,0.0,0.0,0.0,6,159.2,161.4,1,158.0,162.8,0.0,0.0,0.0,0.0,439
2023-05-10 09:37:12,MO2312-P-6200,MO2312-P-6200,158.0,0.0,0.0,0.0,6,159.2,162.8,6,158.0,162.8,0.0,0.0,0.0,0.0,439
2023-05-10 09:37:12,MO2312-P-6200,MO2312-P-6200,158.0,0.0,0.0,0.0,6,159.2,163.0,6,158.0,162.8,0.0,0.0,0.0,0.0,439
2023-05-10 09:37:13,MO2312-P-6200,MO2312-P-6200,158.0,0.0,0.0,0.0,6,159.2,163.6,1,158.0,162.8,0.0,0.0,0.0,0.0,439
2023-05-10 09:37:13,MO2312-P-6200,MO2312-P-6200,158.0,0.0,0.0,0.0,6,159.2,163.4,6,158.0,162.8,0.0,0.0,0.0,0.0,439
2023-05-10 09:37:16,MO2312-P-6200,MO2312-P-6200,158.0,0.0,0.0,0.0,6,159.2,164.0,1,158.0,162.8,0.0,0.0,0.0,0.0,439
2023-05-10 09:37:16,MO2312-P-6200,MO2312-P-6200,158.0,0.0,0.0,0.0,6,159.2,163.8,6,158.0,162.8,0.0,0.0,0.0,0.0,439
2023-05-10 09:37:17,MO2312-P-6200,MO2312-P-6200,158.0,0.0,0.0,0.0,6,159.2,162.8,1,158.0,162.8,0.0,0.0,0.0,0.0,439
2023-05-10 09:37:17,MO2312-P-6200,MO2312-P-6200,158.0,0.0,0.0,0.0,12,159.2,162.8,1,158.0,162.8,0.0,0.0,0.0,0.0,439
2023-05-10 09:37:18,MO2312-P-6200,MO2312-P-6200,158.0,0.0,0.0,0.0,6,159.4,162.8,1,158.0,162.8,0.0,0.0,0.0,0.0,439
2023-05-10 09:37:22,MO2312-P-6200,MO2312-P-6200,158.0,0.0,0.0,0.0,6,159.4,163.4,6,158.0,162.8,0.0,0.0,0.0,0.0,439
2023-05-10 09:37:23,MO2312-P-6200,MO2312-P-6200,158.0,0.0,0.0,0.0,6,159.6,164.0,1,158.0,162.8,0.0,0.0,0.0,0.0,439
2023-05-10 09:37:47,MO2312-P-6200,MO2312-P-6200,158.0,0.0,0.0,0.0,6,159.6,164.2,6,158.0,162.8,0.0,0.0,0.0,0.0,439
2023-05-10 09:37:48,MO2312-P-6200,MO2312-P-6200,158.0,0.0,0.0,0.0,12,159.4,164.4,6,158.0,162.8,0.0,0.0,0.0,0.0,439
2023-05-10 09:37:49,MO2312-P-6200,MO2312-P-6200,158.0,0.0,0.0,0.0,6,159.4,164.6,6,158.0,162.8,0.0,0.0,0.0,0.0,439
2023-05-10 09:37:52,MO2312-P-6200,MO2312-P-6200,158.0,0.0,0.0,0.0,6,159.6,164.8,7,158.0,162.8,0.0,0.0,0.0,0.0,439
2023-05-10 09:37:53,MO2312-P-6200,MO2312-P-6200,158.0,0.0,0.0,0.0,6,159.6,164.8,1,158.0,162.8,0.0,0.0,0.0,0.0,439
2023-05-10 09:37:57,MO2312-P-6200,MO2312-P-6200,158.0,0.0,0.0,0.0,6,159.4,164.6,6,158.0,162.8,0.0,0.0,0.0,0.0,439
2023-05-10 09:37:58,MO2312-P-6200,MO2312-P-6200,158.0,0.0,0.0,0.0,6,159.4,164.0,1,158.0,162.8,0.0,0.0,0.0,0.0,439
2023-05-10 09:37:58,MO2312-P-6200,MO2312-P-6200,158.0,0.0,0.0,0.0,6,159.6,164.0,1,158.0,162.8,0.0,0.0,0.0,0.0,439
2023-05-10 09:38:12,MO2312-P-6200,MO2312-P-6200,158.0,0.0,0.0,0.0,6,159.4,163.8,6,158.0,162.8,0.0,0.0,0.0,0.0,439
2023-05-10 09:38:13,MO2312-P-6200,MO2312-P-6200,158.0,0.0,0.0,0.0,6,159.4,164.8,8,158.0,162.8,0.0,0.0,0.0,0.0,439
2023-05-10 09:38:13,MO2312-P-6200,MO2312-P-6200,158.0,0.0,0.0,0.0,6,159.4,164.6,6,158.0,162.8,0.0,0.0,0.0,0.0,439
2023-05-10 09:38:17,MO2312-P-6200,MO2312-P-6200,158.0,0.0,0.0,0.0,6,159.4,163.8,1,158.0,162.8,0.0,0.0,0.0,0.0,439
2023-05-10 09:38:17,MO2312-P-6200,MO2312-P-6200,158.0,0.0,0.0,0.0,6,159.4,163.6,6,158.0,162.8,0.0,0.0,0.0,0.0,439
2023-05-10 09:38:19,MO2312-P-6200,MO2312-P-6200,158.0,0.0,0.0,0.0,6,159.6,163.6,6,158.0,162.8,0.0,0.0,0.0,0.0,439
2023-05-10 09:38:20,MO2312-P-6200,MO2312-P-6200,158.0,0.0,0.0,0.0,6,159.4,163.6,6,158.0,162.8,0.0,0.0,0.0,0.0,439
2023-05-10 09:38:29,MO2312-P-6200,MO2312-P-6200,158.0,0.0,0.0,0.0,1,159.0,163.0,1,158.0,162.8,0.0,0.0,0.0,0.0,439
2023-05-10 09:38:29,MO2312-P-6200,MO2312-P-6200,158.0,0.0,0.0,0.0,1,159.0,162.8,6,158.0,162.8,0.0,0.0,0.0,0.0,439
2023-05-10 09:38:31,MO2312-P-6200,MO2312-P-6200,158.0,0.0,0.0,0.0,1,159.0,163.0,6,158.0,162.8,0.0,0.0,0.0,0.0,439
2023-05-10 09:38:32,MO2312-P-6200,MO2312-P-6200,158.0,0.0,0.0,0.0,12,158.8,162.2,1,158.0,162.8,0.0,0.0,0.0,0.0,439
2023-05-10 09:38:32,MO2312-P-6200,MO2312-P-6200,158.0,0.0,0.0,0.0,6,159.0,162.2,1,158.0,162.8,0.0,0.0,0.0,0.0,439
2023-05-10 09:38:33,MO2312-P-6200,MO2312-P-6200,158.0,0.0,0.0,0.0,6,159.2,162.2,1,158.0,162.8,0.0,0.0,0.0,0.0,439
2023-05-10 09:38:37,MO2312-P-6200,MO2312-P-6200,158.0,0.0,0.0,0.0,6,159.2,163.0,6,158.0,162.8,0.0,0.0,0.0,0.0,439
2023-05-10 09:38:37,MO2312-P-6200,MO2312-P-6200,158.0,0.0,0.0,0.0,6,159.2,163.6,6,158.0,162.8,0.0,0.0,0.0,0.0,439
2023-05-10 09:38:38,MO2312-P-6200,MO2312-P-6200,158.0,0.0,0.0,0.0,6,159.2,163.8,6,158.0,162.8,0.0,0.0,0.0,0.0,439
2023-05-10 09:38:40,MO2312-P-6200,MO2312-P-6200,158.0,0.0,0.0,0.0,6,159.2,164.0,6,158.0,162.8,0.0,0.0,0.0,0.0,439
2023-05-10 09:38:42,MO2312-P-6200,MO2312-P-6200,158.0,0.0,0.0,0.0,6,159.2,163.4,1,158.0,162.8,0.0,0.0,0.0,0.0,439
2023-05-10 09:38:42,MO2312-P-6200,MO2312-P-6200,158.0,0.0,0.0,0.0,12,159.2,163.4,7,158.0,162.8,0.0,0.0,0.0,0.0,439
2023-05-10 09:38:50,MO2312-P-6200,MO2312-P-6200,158.0,0.0,0.0,0.0,6,159.2,163.2,6,158.0,162.8,0.0,0.0,0.0,0.0,439
2023-05-10 09:38:57,MO2312-P-6200,MO2312-P-6200,158.0,0.0,0.0,0.0,6,159.2,164.0,6,158.0,162.8,0.0,0.0,0.0,0.0,439
2023-05-10 09:38:58,MO2312-P-6200,MO2312-P-6200,158.0,0.0,0.0,0.0,6,159.2,164.2,6,158.0,162.8,0.0,0.0,0.0,0.0,439
2023-05-10 09:38:59,MO2312-P-6200,MO2312-P-6200,158.0,0.0,0.0,0.0,6,159.2,164.4,6,158.0,162.8,0.0,0.0,0.0,0.0,439
2023-05-10 09:39:02,MO2312-P-6200,MO2312-P-6200,158.0,0.0,0.0,0.0,6,159.2,162.2,1,158.0,162.8,0.0,0.0,0.0,0.0,439
2023-05-10 09:39:05,MO2312-P-6200,MO2312-P-6200,158.0,0.0,0.0,0.0,12,159.2,162.2,1,158.0,162.8,0.0,0.0,0.0,0.0,439
2023-05-10 09:39:05,MO2312-P-6200,MO2312-P-6200,158.0,0.0,0.0,0.0,12,159.2,163.4,6,158.0,162.8,0.0,0.0,0.0,0.0,439
2023-05-10 09:39:06,MO2312-P-6200,MO2312-P-6200,158.0,0.0,0.0,0.0,6,159.2,163.0,1,158.0,162.8,0.0,0.0,0.0,0.0,439
2023-05-10 09:39:06,MO2312-P-6200,MO2312-P-6200,158.0,0.0,0.0,0.0,6,159.4,163.0,1,158.0,162.8,0.0,0.0,0.0,0.0,439
2023-05-10 09:39:07,MO2312-P-6200,MO2312-P-6200,158.0,0.0,0.0,0.0,13,159.6,164.0,6,158.0,162.8,0.0,0.0,0.0,0.0,439
2023-05-10 09:39:07,MO2312-P-6200,MO2312-P-6200,158.0,0.0,0.0,0.0,7,159.6,164.6,6,158.0,162.8,0.0,0.0,0.0,0.0,439
2023-05-10 09:39:09,MO2312-P-6200,MO2312-P-6200,158.0,0.0,0.0,0.0,7,159.6,164.0,1,158.0,162.8,0.0,0.0,0.0,0.0,439
2023-05-10 09:39:09,MO2312-P-6200,MO2312-P-6200,158.0,0.0,0.0,0.0,13,159.6,163.8,6,158.0,162.8,0.0,0.0,0.0,0.0,439
2023-05-10 09:39:12,MO2312-P-6200,MO2312-P-6200,158.0,0.0,0.0,0.0,12,159.6,163.2,1,158.0,162.8,0.0,0.0,0.0,0.0,439
2023-05-10 09:39:14,MO2312-P-6200,MO2312-P-6200,158.0,0.0,0.0,0.0,6,159.6,163.2,1,158.0,162.8,0.0,0.0,0.0,0.0,439
2023-05-10 09:39:14,MO2312-P-6200,MO2312-P-6200,158.0,0.0,0.0,0.0,6,159.4,163.2,1,158.0,162.8,0.0,0.0,0.0,0.0,439
2023-05-10 09:39:21,MO2312-P-6200,MO2312-P-6200,158.0,0.0,0.0,0.0,6,159.6,163.2,1,158.0,162.8,0.0,0.0,0.0,0.0,439
2023-05-10 09:39:22,MO2312-P-6200,MO2312-P-6200,158.0,0.0,0.0,0.0,6,159.4,163.2,1,158.0,162.8,0.0,0.0,0.0,0.0,439
2023-05-10 09:39:23,MO2312-P-6200,MO2312-P-6200,158.0,0.0,0.0,0.0,6,159.4,163.0,6,158.0,162.8,0.0,0.0,0.0,0.0,439
2023-05-10 09:39:24,MO2312-P-6200,MO2312-P-6200,158.0,0.0,0.0,0.0,6,159.4,162.4,1,158.0,162.8,0.0,0.0,0.0,0.0,439
2023-05-10 09:39:25,MO2312-P-6200,MO2312-P-6200,158.0,0.0,0.0,0.0,24,158.8,162.4,1,158.0,162.8,0.0,0.0,0.0,0.0,439
2023-05-10 09:39:26,MO2312-P-6200,MO2312-P-6200,158.0,0.0,0.0,0.0,18,158.8,162.4,1,158.0,162.8,0.0,0.0,0.0,0.0,439
2023-05-10 09:39:30,MO2312-P-6200,MO2312-P-6200,158.0,0.0,0.0,0.0,18,158.8,162.2,6,158.0,162.8,0.0,0.0,0.0,0.0,439
2023-05-10 09:39:33,MO2312-P-6200,MO2312-P-6200,158.0,0.0,0.0,0.0,18,158.8,162.4,1,158.0,162.8,0.0,0.0,0.0,0.0,439
2023-05-10 09:39:37,MO2312-P-6200,MO2312-P-6200,158.0,0.0,0.0,0.0,24,158.8,162.4,1,158.0,162.8,0.0,0.0,0.0,0.0,439
2023-05-10 09:39:38,MO2312-P-6200,MO2312-P-6200,158.0,0.0,0.0,0.0,18,158.8,162.4,1,158.0,162.8,0.0,0.0,0.0,0.0,439
2023-05-10 09:39:43,MO2312-P-6200,MO2312-P-6200,158.0,0.0,0.0,0.0,18,158.8,162.2,6,158.0,162.8,0.0,0.0,0.0,0.0,439
2023-05-10 09:39:53,MO2312-P-6200,MO2312-P-6200,158.0,0.0,0.0,0.0,18,158.8,162.4,1,158.0,162.8,0.0,0.0,0.0,0.0,439
2023-05-10 09:39:53,MO2312-P-6200,MO2312-P-6200,158.0,0.0,0.0,0.0,18,158.8,162.8,12,158.0,162.8,0.0,0.0,0.0,0.0,439
2023-05-10 09:39:54,MO2312-P-6200,MO2312-P-6200,158.0,0.0,0.0,0.0,18,158.8,162.8,6,158.0,162.8,0.0,0.0,0.0,0.0,439
2023-05-10 09:39:55,MO2312-P-6200,MO2312-P-6200,158.0,0.0,0.0,0.0,18,158.8,163.0,6,158.0,162.8,0.0,0.0,0.0,0.0,439
2023-05-10 09:39:58,MO2312-P-6200,MO2312-P-6200,158.0,0.0,0.0,0.0,6,159.0,163.2,13,158.0,162.8,0.0,0.0,0.0,0.0,439
2023-05-10 09:40:01,MO2312-P-6200,MO2312-P-6200,158.0,0.0,0.0,0.0,18,158.8,163.0,6,158.0,162.8,0.0,0.0,0.0,0.0,439
2023-05-10 09:40:04,MO2312-P-6200,MO2312-P-6200,158.0,0.0,0.0,0.0,6,159.0,163.2,12,158.0,162.8,0.0,0.0,0.0,0.0,439
2023-05-10 09:40:05,MO2312-P-6200,MO2312-P-6200,158.0,0.0,0.0,0.0,6,159.0,163.2,6,158.0,162.8,0.0,0.0,0.0,0.0,439
2023-05-10 09:40:06,MO2312-P-6200,MO2312-P-6200,158.0,0.0,0.0,0.0,6,159.0,163.6,12,158.0,162.8,0.0,0.0,0.0,0.0,439
2023-05-10 09:40:06,MO2312-P-6200,MO2312-P-6200,158.0,0.0,0.0,0.0,12,159.2,164.2,13,158.0,162.8,0.0,0.0,0.0,0.0,439
2023-05-10 09:40:07,MO2312-P-6200,MO2312-P-6200,158.0,0.0,0.0,0.0,6,159.4,164.0,6,158.0,162.8,0.0,0.0,0.0,0.0,439
2023-05-10 09:40:07,MO2312-P-6200,MO2312-P-6200,158.0,0.0,0.0,0.0,6,159.4,163.4,1,158.0,162.8,0.0,0.0,0.0,0.0,439
2023-05-10 09:40:09,MO2312-P-6200,MO2312-P-6200,158.0,0.0,0.0,0.0,6,159.4,164.0,6,158.0,162.8,0.0,0.0,0.0,0.0,439
2023-05-10 09:40:10,MO2312-P-6200,MO2312-P-6200,158.0,0.0,0.0,0.0,6,159.4,163.4,1,158.0,162.8,0.0,0.0,0.0,0.0,439
2023-05-10 09:40:14,MO2312-P-6200,MO2312-P-6200,158.0,0.0,0.0,0.0,6,159.2,163.2,6,158.0,162.8,0.0,0.0,0.0,0.0,439
2023-05-10 09:40:15,MO2312-P-6200,MO2312-P-6200,158.0,0.0,0.0,0.0,12,159.0,163.2,6,158.0,162.8,0.0,0.0,0.0,0.0,439
2023-05-10 09:40:17,MO2312-P-6200,MO2312-P-6200,158.0,0.0,0.0,0.0,6,159.2,163.4,1,158.0,162.8,0.0,0.0,0.0,0.0,439
2023-05-10 09:40:27,MO2312-P-6200,MO2312-P-6200,158.0,0.0,0.0,0.0,6,159.2,163.4,7,158.0,162.8,0.0,0.0,0.0,0.0,439
2023-05-10 09:40:28,MO2312-P-6200,MO2312-P-6200,158.0,0.0,0.0,0.0,6,159.2,162.6,1,158.0,162.8,0.0,0.0,0.0,0.0,439
2023-05-10 09:40:29,MO2312-P-6200,MO2312-P-6200,158.0,0.0,0.0,0.0,6,159.0,162.6,1,158.0,162.8,0.0,0.0,0.0,0.0,439
2023-05-10 09:40:30,MO2312-P-6200,MO2312-P-6200,158.0,0.0,0.0,0.0,12,159.0,162.6,1,158.0,162.8,0.0,0.0,0.0,0.0,439
2023-05-10 09:40:32,MO2312-P-6200,MO2312-P-6200,158.0,0.0,0.0,0.0,12,159.0,163.2,6,158.0,162.8,0.0,0.0,0.0,0.0,439
2023-05-10 09:40:37,MO2312-P-6200,MO2312-P-6200,158.0,0.0,0.0,0.0,12,159.0,162.6,1,158.0,162.8,0.0,0.0,0.0,0.0,439
2023-05-10 09:40:40,MO2312-P-6200,MO2312-P-6200,158.0,0.0,0.0,0.0,6,159.0,162.6,7,158.0,162.8,0.0,0.0,0.0,0.0,439
2023-05-10 09:40:40,MO2312-P-6200,MO2312-P-6200,158.0,0.0,0.0,0.0,12,158.8,162.6,7,158.0,162.8,0.0,0.0,0.0,0.0,439
2023-05-10 09:40:41,MO2312-P-6200,MO2312-P-6200,158.0,0.0,0.0,0.0,6,158.8,162.6,7,158.0,162.8,0.0,0.0,0.0,0.0,439
2023-05-10 09:40:42,MO2312-P-6200,MO2312-P-6200,158.0,0.0,0.0,0.0,6,159.0,162.6,1,158.0,162.8,0.0,0.0,0.0,0.0,439
2023-05-10 09:40:46,MO2312-P-6200,MO2312-P-6200,158.0,0.0,0.0,0.0,12,159.0,162.6,1,158.0,162.8,0.0,0.0,0.0,0.0,439
2023-05-10 09:40:47,MO2312-P-6200,MO2312-P-6200,158.0,0.0,0.0,0.0,6,159.2,163.4,1,158.0,162.8,0.0,0.0,0.0,0.0,439
2023-05-10 09:41:25,MO2312-P-6200,MO2312-P-6200,158.0,0.0,0.0,0.0,7,159.2,163.4,1,158.0,162.8,0.0,0.0,0.0,0.0,439
2023-05-10 09:41:26,MO2312-P-6200,MO2312-P-6200,158.0,0.0,0.0,0.0,12,159.4,163.4,1,158.0,162.8,0.0,0.0,0.0,0.0,439
2023-05-10 09:41:26,MO2312-P-6200,MO2312-P-6200,158.0,0.0,0.0,0.0,6,159.6,163.4,1,158.0,162.8,0.0,0.0,0.0,0.0,439
2023-05-10 09:41:31,MO2312-P-6200,MO2312-P-6200,158.0,0.0,0.0,0.0,6,159.6,164.4,1,158.0,162.8,0.0,0.0,0.0,0.0,439
2023-05-10 09:41:33,MO2312-P-6200,MO2312-P-6200,158.0,0.0,0.0,0.0,7,159.6,164.4,1,158.0,162.8,0.0,0.0,0.0,0.0,439
2023-05-10 09:41:33,MO2312-P-6200,MO2312-P-6200,158.0,0.0,0.0,0.0,6,159.8,164.4,1,158.0,162.8,0.0,0.0,0.0,0.0,439
2023-05-10 09:41:38,MO2312-P-6200,MO2312-P-6200,158.0,0.0,0.0,0.0,6,160.0,164.4,1,158.0,162.8,0.0,0.0,0.0,0.0,439
2023-05-10 09:41:39,MO2312-P-6200,MO2312-P-6200,158.0,0.0,0.0,0.0,6,160.2,164.4,1,158.0,162.8,0.0,0.0,0.0,0.0,439
2023-05-10 09:41:43,MO2312-P-6200,MO2312-P-6200,158.0,0.0,0.0,0.0,6,160.4,164.4,1,158.0,162.8,0.0,0.0,0.0,0.0,439
2023-05-10 09:41:43,MO2312-P-6200,MO2312-P-6200,158.0,0.0,0.0,0.0,6,160.6,164.4,1,158.0,162.8,0.0,0.0,0.0,0.0,439
2023-05-10 09:41:51,MO2312-P-6200,MO2312-P-6200,158.0,0.0,0.0,0.0,6,160.2,164.4,1,158.0,162.8,0.0,0.0,0.0,0.0,439
2023-05-10 09:41:52,MO2312-P-6200,MO2312-P-6200,158.0,0.0,0.0,0.0,6,160.4,164.4,1,158.0,162.8,0.0,0.0,0.0,0.0,439
2023-05-10 09:41:53,MO2312-P-6200,MO2312-P-6200,158.0,0.0,0.0,0.0,6,160.6,164.4,1,158.0,162.8,0.0,0.0,0.0,0.0,439
2023-05-10 09:42:07,MO2312-P-6200,MO2312-P-6200,158.0,0.0,0.0,0.0,7,160.6,164.4,1,158.0,162.8,0.0,0.0,0.0,0.0,439
2023-05-10 09:42:08,MO2312-P-6200,MO2312-P-6200,158.0,0.0,0.0,0.0,6,160.8,164.4,1,158.0,162.8,0.0,0.0,0.0,0.0,439
2023-05-10 09:42:10,MO2312-P-6200,MO2312-P-6200,158.0,0.0,0.0,0.0,6,160.6,164.4,1,158.0,162.8,0.0,0.0,0.0,0.0,439
2023-05-10 09:42:11,MO2312-P-6200,MO2312-P-6200,158.0,0.0,0.0,0.0,7,160.6,164.4,1,158.0,162.8,0.0,0.0,0.0,0.0,439
2023-05-10 09:42:11,MO2312-P-6200,MO2312-P-6200,158.0,0.0,0.0,0.0,6,160.8,164.4,1,158.0,162.8,0.0,0.0,0.0,0.0,439
2023-05-10 09:42:14,MO2312-P-6200,MO2312-P-6200,158.0,0.0,0.0,0.0,6,160.6,164.4,1,158.0,162.8,0.0,0.0,0.0,0.0,439
2023-05-10 09:42:32,MO2312-P-6200,MO2312-P-6200,158.0,0.0,0.0,0.0,7,160.6,164.4,1,158.0,162.8,0.0,0.0,0.0,0.0,439
2023-05-10 09:42:33,MO2312-P-6200,MO2312-P-6200,158.0,0.0,0.0,0.0,6,160.8,164.4,1,158.0,162.8,0.0,0.0,0.0,0.0,439
2023-05-10 09:42:52,MO2312-P-6200,MO2312-P-6200,158.0,0.0,0.0,0.0,6,160.6,164.4,1,158.0,162.8,0.0,0.0,0.0,0.0,439
2023-05-10 09:43:07,MO2312-P-6200,MO2312-P-6200,158.0,0.0,0.0,0.0,12,160.6,164.4,1,158.0,162.8,0.0,0.0,0.0,0.0,439
2023-05-10 09:43:07,MO2312-P-6200,MO2312-P-6200,158.0,0.0,0.0,0.0,6,160.8,164.4,1,158.0,162.8,0.0,0.0,0.0,0.0,439
2023-05-10 09:43:13,MO2312-P-6200,MO2312-P-6200,158.0,0.0,0.0,0.0,6,160.4,164.4,1,158.0,162.8,0.0,0.0,0.0,0.0,439
2023-05-10 09:43:14,MO2312-P-6200,MO2312-P-6200,158.0,0.0,0.0,0.0,7,160.4,164.4,1,158.0,162.8,0.0,0.0,0.0,0.0,439
2023-05-10 09:43:15,MO2312-P-6200,MO2312-P-6200,158.0,0.0,0.0,0.0,6,160.6,164.4,1,158.0,162.8,0.0,0.0,0.0,0.0,439
2023-05-10 09:43:17,MO2312-P-6200,MO2312-P-6200,158.0,0.0,0.0,0.0,12,160.8,164.4,1,158.0,162.8,0.0,0.0,0.0,0.0,439
2023-05-10 09:43:18,MO2312-P-6200,MO2312-P-6200,158.0,0.0,0.0,0.0,6,161.0,164.4,1,158.0,162.8,0.0,0.0,0.0,0.0,439
2023-05-10 09:43:20,MO2312-P-6200,MO2312-P-6200,158.0,0.0,0.0,0.0,7,161.0,164.4,1,158.0,162.8,0.0,0.0,0.0,0.0,439
2023-05-10 09:43:20,MO2312-P-6200,MO2312-P-6200,158.0,0.0,0.0,0.0,6,161.2,164.4,1,158.0,162.8,0.0,0.0,0.0,0.0,439
2023-05-10 09:43:24,MO2312-P-6200,MO2312-P-6200,158.0,0.0,0.0,0.0,6,161.0,164.4,1,158.0,162.8,0.0,0.0,0.0,0.0,439
2023-05-10 09:43:26,MO2312-P-6200,MO2312-P-6200,158.0,0.0,0.0,0.0,7,161.0,164.4,1,158.0,162.8,0.0,0.0,0.0,0.0,439
2023-05-10 09:43:27,MO2312-P-6200,MO2312-P-6200,158.0,0.0,0.0,0.0,6,161.2,164.4,1,158.0,162.8,0.0,0.0,0.0,0.0,439
2023-05-10 09:43:34,MO2312-P-6200,MO2312-P-6200,158.0,0.0,0.0,0.0,6,161.0,164.4,1,158.0,162.8,0.0,0.0,0.0,0.0,439
2023-05-10 09:44:05,MO2312-P-6200,MO2312-P-6200,158.0,0.0,0.0,0.0,7,161.0,164.4,1,158.0,162.8,0.0,0.0,0.0,0.0,439
2023-05-10 09:44:06,MO2312-P-6200,MO2312-P-6200,158.0,0.0,0.0,0.0,6,161.2,164.4,1,158.0,162.8,0.0,0.0,0.0,0.0,439
2023-05-10 09:44:11,MO2312-P-6200,MO2312-P-6200,158.0,0.0,0.0,0.0,6,161.0,164.4,1,158.0,162.8,0.0,0.0,0.0,0.0,439
2023-05-10 09:44:44,MO2312-P-6200,MO2312-P-6200,158.0,0.0,0.0,0.0,6,161.0,165.2,1,158.0,162.8,0.0,0.0,0.0,0.0,439
2023-05-10 09:44:44,MO2312-P-6200,MO2312-P-6200,158.0,0.0,0.0,0.0,7,161.0,165.2,1,158.0,162.8,0.0,0.0,0.0,0.0,439
2023-05-10 09:44:45,MO2312-P-6200,MO2312-P-6200,158.0,0.0,0.0,0.0,6,161.2,165.2,1,158.0,162.8,0.0,0.0,0.0,0.0,439
2023-05-10 09:44:45,MO2312-P-6200,MO2312-P-6200,158.0,0.0,0.0,0.0,6,161.4,165.2,1,158.0,162.8,0.0,0.0,0.0,0.0,439
2023-05-10 09:44:46,MO2312-P-6200,MO2312-P-6200,158.0,0.0,0.0,0.0,6,161.6,165.2,1,158.0,162.8,0.0,0.0,0.0,0.0,439
2023-05-10 09:45:02,MO2312-P-6200,MO2312-P-6200,158.0,0.0,0.0,0.0,6,161.8,165.2,1,158.0,162.8,0.0,0.0,0.0,0.0,439
2023-05-10 09:45:02,MO2312-P-6200,MO2312-P-6200,158.0,0.0,0.0,0.0,6,162.0,165.2,1,158.0,162.8,0.0,0.0,0.0,0.0,439
2023-05-10 09:45:17,MO2312-P-6200,MO2312-P-6200,158.0,0.0,0.0,0.0,6,161.8,165.2,1,158.0,162.8,0.0,0.0,0.0,0.0,439
2023-05-10 09:45:19,MO2312-P-6200,MO2312-P-6200,158.0,0.0,0.0,0.0,6,162.0,165.2,1,158.0,162.8,0.0,0.0,0.0,0.0,439
2023-05-10 09:45:19,MO2312-P-6200,MO2312-P-6200,158.0,0.0,0.0,0.0,6,162.2,165.2,1,158.0,162.8,0.0,0.0,0.0,0.0,439
2023-05-10 09:45:21,MO2312-P-6200,MO2312-P-6200,158.0,0.0,0.0,0.0,6,162.2,166.0,1,158.0,162.8,0.0,0.0,0.0,0.0,439
2023-05-10 09:45:24,MO2312-P-6200,MO2312-P-6200,158.0,0.0,0.0,0.0,6,162.4,166.0,1,158.0,162.8,0.0,0.0,0.0,0.0,439
2023-05-10 09:45:24,MO2312-P-6200,MO2312-P-6200,158.0,0.0,0.0,0.0,6,162.6,166.0,1,158.0,162.8,0.0,0.0,0.0,0.0,439
2023-05-10 09:45:42,MO2312-P-6200,MO2312-P-6200,158.0,0.0,0.0,0.0,6,162.6,167.0,1,158.0,162.8,0.0,0.0,0.0,0.0,439
2023-05-10 09:45:56,MO2312-P-6200,MO2312-P-6200,158.0,0.0,0.0,0.0,6,162.6,166.8,6,158.0,162.8,0.0,0.0,0.0,0.0,439
2023-05-10 09:45:56,MO2312-P-6200,MO2312-P-6200,158.0,0.0,0.0,0.0,6,162.6,165.4,1,158.0,162.8,0.0,0.0,0.0,0.0,439
2023-05-10 09:45:57,MO2312-P-6200,MO2312-P-6200,158.0,0.0,0.0,0.0,6,162.4,165.4,1,158.0,162.8,0.0,0.0,0.0,0.0,439
2023-05-10 09:45:57,MO2312-P-6200,MO2312-P-6200,158.0,0.0,0.0,0.0,6,162.2,165.4,1,158.0,162.8,0.0,0.0,0.0,0.0,439
2023-05-10 09:46:02,MO2312-P-6200,MO2312-P-6200,158.0,0.0,0.0,0.0,18,161.8,165.4,1,158.0,162.8,0.0,0.0,0.0,0.0,439
2023-05-10 09:46:03,MO2312-P-6200,MO2312-P-6200,158.0,0.0,0.0,0.0,12,161.8,165.4,1,158.0,162.8,0.0,0.0,0.0,0.0,439
2023-05-10 09:46:03,MO2312-P-6200,MO2312-P-6200,158.0,0.0,0.0,0.0,6,161.8,165.4,1,158.0,162.8,0.0,0.0,0.0,0.0,439
2023-05-10 09:46:05,MO2312-P-6200,MO2312-P-6200,158.0,0.0,0.0,0.0,6,161.6,165.4,1,158.0,162.8,0.0,0.0,0.0,0.0,439
2023-05-10 09:46:18,MO2312-P-6200,MO2312-P-6200,158.0,0.0,0.0,0.0,6,161.4,165.4,1,158.0,162.8,0.0,0.0,0.0,0.0,439
2023-05-10 09:46:19,MO2312-P-6200,MO2312-P-6200,158.0,0.0,0.0,0.0,6,161.2,165.4,7,158.0,162.8,0.0,0.0,0.0,0.0,439
2023-05-10 09:46:20,MO2312-P-6200,MO2312-P-6200,158.0,0.0,0.0,0.0,6,161.2,164.0,1,158.0,162.8,0.0,0.0,0.0,0.0,439
2023-05-10 09:46:20,MO2312-P-6200,MO2312-P-6200,158.0,0.0,0.0,0.0,6,161.0,164.0,1,158.0,162.8,0.0,0.0,0.0,0.0,439
2023-05-10 09:46:21,MO2312-P-6200,MO2312-P-6200,158.0,0.0,0.0,0.0,6,160.8,164.0,1,158.0,162.8,0.0,0.0,0.0,0.0,439
2023-05-10 09:46:23,MO2312-P-6200,MO2312-P-6200,158.0,0.0,0.0,0.0,6,160.6,164.0,1,158.0,162.8,0.0,0.0,0.0,0.0,439
2023-05-10 09:46:24,MO2312-P-6200,MO2312-P-6200,158.0,0.0,0.0,0.0,6,160.4,164.0,1,158.0,162.8,0.0,0.0,0.0,0.0,439
2023-05-10 09:46:27,MO2312-P-6200,MO2312-P-6200,158.0,0.0,0.0,0.0,1,161.2,164.0,1,158.0,162.8,0.0,0.0,0.0,0.0,439
2023-05-10 09:46:28,MO2312-P-6200,MO2312-P-6200,158.0,0.0,0.0,0.0,7,161.2,164.0,1,158.0,162.8,0.0,0.0,0.0,0.0,439
2023-05-10 09:46:28,MO2312-P-6200,MO2312-P-6200,158.0,0.0,0.0,0.0,7,161.2,165.0,1,158.0,162.8,0.0,0.0,0.0,0.0,439
2023-05-10 09:46:29,MO2312-P-6200,MO2312-P-6200,158.0,0.0,0.0,0.0,6,161.4,165.0,1,158.0,162.8,0.0,0.0,0.0,0.0,439
2023-05-10 09:46:49,MO2312-P-6200,MO2312-P-6200,158.0,0.0,0.0,0.0,7,161.2,165.0,1,158.0,162.8,0.0,0.0,0.0,0.0,439
2023-05-10 09:46:54,MO2312-P-6200,MO2312-P-6200,158.0,0.0,0.0,0.0,6,161.4,165.0,1,158.0,162.8,0.0,0.0,0.0,0.0,439
2023-05-10 09:46:58,MO2312-P-6200,MO2312-P-6200,158.0,0.0,0.0,0.0,1,162.8,165.0,1,158.0,162.8,0.0,0.0,0.0,0.0,439
2023-05-10 09:47:07,MO2312-P-6200,MO2312-P-6200,162.8,1.0,16280.0,-1.0,6,161.0,165.0,7,158.0,162.8,162.8,162.8,1.0,16280.0,438
2023-05-10 09:47:07,MO2312-P-6200,MO2312-P-6200,162.8,0.0,0.0,0.0,18,160.8,163.2,1,158.0,162.8,162.8,162.8,1.0,16280.0,438
2023-05-10 09:47:08,MO2312-P-6200,MO2312-P-6200,162.8,0.0,0.0,0.0,6,160.8,163.2,1,158.0,162.8,162.8,162.8,1.0,16280.0,438
2023-05-10 09:47:09,MO2312-P-6200,MO2312-P-6200,162.8,0.0,0.0,0.0,6,160.6,163.2,1,158.0,162.8,162.8,162.8,1.0,16280.0,438
2023-05-10 09:47:09,MO2312-P-6200,MO2312-P-6200,162.8,0.0,0.0,0.0,6,160.4,163.2,1,158.0,162.8,162.8,162.8,1.0,16280.0,438
2023-05-10 09:47:27,MO2312-P-6200,MO2312-P-6200,162.8,0.0,0.0,0.0,6,160.4,164.0,1,158.0,162.8,162.8,162.8,1.0,16280.0,438
2023-05-10 09:48:20,MO2312-P-6200,MO2312-P-6200,162.8,0.0,0.0,0.0,6,160.4,165.0,1,158.0,162.8,162.8,162.8,1.0,16280.0,438
2023-05-10 09:48:21,MO2312-P-6200,MO2312-P-6200,162.8,0.0,0.0,0.0,8,160.4,165.0,1,158.0,162.8,162.8,162.8,1.0,16280.0,438
2023-05-10 09:48:22,MO2312-P-6200,MO2312-P-6200,162.8,0.0,0.0,0.0,6,160.6,165.0,1,158.0,162.8,162.8,162.8,1.0,16280.0,438
2023-05-10 09:48:22,MO2312-P-6200,MO2312-P-6200,162.8,0.0,0.0,0.0,6,160.8,165.0,1,158.0,162.8,162.8,162.8,1.0,16280.0,438
2023-05-10 09:48:23,MO2312-P-6200,MO2312-P-6200,162.8,0.0,0.0,0.0,6,161.0,165.0,1,158.0,162.8,162.8,162.8,1.0,16280.0,438
2023-05-10 09:48:23,MO2312-P-6200,MO2312-P-6200,162.8,0.0,0.0,0.0,6,161.2,165.0,1,158.0,162.8,162.8,162.8,1.0,16280.0,438
2023-05-10 09:48:24,MO2312-P-6200,MO2312-P-6200,162.8,0.0,0.0,0.0,6,161.4,165.0,1,158.0,162.8,162.8,162.8,1.0,16280.0,438
2023-05-10 09:48:29,MO2312-P-6200,MO2312-P-6200,162.8,0.0,0.0,0.0,12,161.2,165.0,1,158.0,162.8,162.8,162.8,1.0,16280.0,438
2023-05-10 09:48:34,MO2312-P-6200,MO2312-P-6200,162.8,0.0,0.0,0.0,6,161.4,165.0,1,158.0,162.8,162.8,162.8,1.0,16280.0,438
2023-05-10 09:48:36,MO2312-P-6200,MO2312-P-6200,162.8,0.0,0.0,0.0,12,161.2,165.0,1,158.0,162.8,162.8,162.8,1.0,16280.0,438
2023-05-10 09:48:36,MO2312-P-6200,MO2312-P-6200,162.8,0.0,0.0,0.0,6,161.2,165.0,1,158.0,162.8,162.8,162.8,1.0,16280.0,438
2023-05-10 09:48:37,MO2312-P-6200,MO2312-P-6200,162.8,0.0,0.0,0.0,6,161.0,165.0,1,158.0,162.8,162.8,162.8,1.0,16280.0,438
2023-05-10 09:48:56,MO2312-P-6200,MO2312-P-6200,162.8,0.0,0.0,0.0,7,161.0,165.0,1,158.0,162.8,162.8,162.8,1.0,16280.0,438
2023-05-10 09:48:56,MO2312-P-6200,MO2312-P-6200,162.8,0.0,0.0,0.0,6,161.2,165.0,1,158.0,162.8,162.8,162.8,1.0,16280.0,438
2023-05-10 09:48:57,MO2312-P-6200,MO2312-P-6200,162.8,0.0,0.0,0.0,6,161.0,165.0,1,158.0,162.8,162.8,162.8,1.0,16280.0,438
2023-05-10 09:49:02,MO2312-P-6200,MO2312-P-6200,162.8,0.0,0.0,0.0,12,160.8,165.0,7,158.0,162.8,162.8,162.8,1.0,16280.0,438
2023-05-10 09:49:02,MO2312-P-6200,MO2312-P-6200,162.8,0.0,0.0,0.0,6,160.8,165.0,7,158.0,162.8,162.8,162.8,1.0,16280.0,438
2023-05-10 09:49:03,MO2312-P-6200,MO2312-P-6200,162.8,0.0,0.0,0.0,6,160.8,163.6,1,158.0,162.8,162.8,162.8,1.0,16280.0,438
2023-05-10 09:49:04,MO2312-P-6200,MO2312-P-6200,162.8,0.0,0.0,0.0,24,160.4,163.6,1,158.0,162.8,162.8,162.8,1.0,16280.0,438
2023-05-10 09:49:05,MO2312-P-6200,MO2312-P-6200,162.8,0.0,0.0,0.0,6,160.4,163.6,1,158.0,162.8,162.8,162.8,1.0,16280.0,438
2023-05-10 09:49:06,MO2312-P-6200,MO2312-P-6200,162.8,0.0,0.0,0.0,6,160.2,163.6,1,158.0,162.8,162.8,162.8,1.0,16280.0,438
2023-05-10 09:49:13,MO2312-P-6200,MO2312-P-6200,162.8,0.0,0.0,0.0,12,160.0,163.6,1,158.0,162.8,162.8,162.8,1.0,16280.0,438
2023-05-10 09:49:14,MO2312-P-6200,MO2312-P-6200,162.8,0.0,0.0,0.0,13,160.0,163.6,1,158.0,162.8,162.8,162.8,1.0,16280.0,438
2023-05-10 09:49:15,MO2312-P-6200,MO2312-P-6200,162.8,0.0,0.0,0.0,12,160.0,163.6,1,158.0,162.8,162.8,162.8,1.0,16280.0,438
2023-05-10 09:49:34,MO2312-P-6200,MO2312-P-6200,162.8,0.0,0.0,0.0,6,160.0,163.6,1,158.0,162.8,162.8,162.8,1.0,16280.0,438
2023-05-10 09:49:35,MO2312-P-6200,MO2312-P-6200,162.8,0.0,0.0,0.0,6,159.8,163.6,7,158.0,162.8,162.8,162.8,1.0,16280.0,438
2023-05-10 09:49:35,MO2312-P-6200,MO2312-P-6200,162.8,0.0,0.0,0.0,42,159.4,162.2,1,158.0,162.8,162.8,162.8,1.0,16280.0,438
2023-05-10 09:49:36,MO2312-P-6200,MO2312-P-6200,162.8,0.0,0.0,0.0,18,159.4,162.2,1,158.0,162.8,162.8,162.8,1.0,16280.0,438
2023-05-10 09:49:36,MO2312-P-6200,MO2312-P-6200,162.8,0.0,0.0,0.0,12,159.4,162.2,1,158.0,162.8,162.8,162.8,1.0,16280.0,438
2023-05-10 09:49:37,MO2312-P-6200,MO2312-P-6200,162.8,0.0,0.0,0.0,6,159.6,162.2,1,158.0,162.8,162.8,162.8,1.0,16280.0,438
2023-05-10 09:49:37,MO2312-P-6200,MO2312-P-6200,162.8,0.0,0.0,0.0,6,159.6,163.0,1,158.0,162.8,162.8,162.8,1.0,16280.0,438
2023-05-10 09:49:52,MO2312-P-6200,MO2312-P-6200,162.8,0.0,0.0,0.0,6,159.6,164.4,2,158.0,162.8,162.8,162.8,1.0,16280.0,438
2023-05-10 09:49:53,MO2312-P-6200,MO2312-P-6200,162.8,0.0,0.0,0.0,1,159.8,164.4,2,158.0,162.8,162.8,162.8,1.0,16280.0,438
2023-05-10 09:49:53,MO2312-P-6200,MO2312-P-6200,162.8,0.0,0.0,0.0,6,160.0,164.2,6,158.0,162.8,162.8,162.8,1.0,16280.0,438
2023-05-10 09:49:55,MO2312-P-6200,MO2312-P-6200,162.8,0.0,0.0,0.0,7,159.8,164.4,6,158.0,162.8,162.8,162.8,1.0,16280.0,438
2023-05-10 09:49:57,MO2312-P-6200,MO2312-P-6200,162.8,0.0,0.0,0.0,6,159.8,162.6,1,158.0,162.8,162.8,162.8,1.0,16280.0,438
2023-05-10 09:49:57,MO2312-P-6200,MO2312-P-6200,162.8,0.0,0.0,0.0,6,159.6,162.6,1,158.0,162.8,162.8,162.8,1.0,16280.0,438
2023-05-10 09:50:01,MO2312-P-6200,MO2312-P-6200,162.8,0.0,0.0,0.0,6,159.8,162.6,1,158.0,162.8,162.8,162.8,1.0,16280.0,438
2023-05-10 09:50:02,MO2312-P-6200,MO2312-P-6200,162.8,0.0,0.0,0.0,6,160.0,162.6,1,158.0,162.8,162.8,162.8,1.0,16280.0,438
2023-05-10 09:50:05,MO2312-P-6200,MO2312-P-6200,162.8,0.0,0.0,0.0,6,160.0,163.6,1,158.0,162.8,162.8,162.8,1.0,16280.0,438
2023-05-10 09:50:11,MO2312-P-6200,MO2312-P-6200,162.8,0.0,0.0,0.0,6,159.8,163.6,1,158.0,162.8,162.8,162.8,1.0,16280.0,438
2023-05-10 09:50:12,MO2312-P-6200,MO2312-P-6200,162.8,0.0,0.0,0.0,6,159.6,163.6,1,158.0,162.8,162.8,162.8,1.0,16280.0,438
2023-05-10 09:50:13,MO2312-P-6200,MO2312-P-6200,162.8,0.0,0.0,0.0,6,159.6,163.6,7,158.0,162.8,162.8,162.8,1.0,16280.0,438
2023-05-10 09:50:14,MO2312-P-6200,MO2312-P-6200,162.8,0.0,0.0,0.0,6,159.6,162.2,1,158.0,162.8,162.8,162.8,1.0,16280.0,438
2023-05-10 09:50:15,MO2312-P-6200,MO2312-P-6200,162.8,0.0,0.0,0.0,6,159.4,162.2,1,158.0,162.8,162.8,162.8,1.0,16280.0,438
2023-05-10 09:50:19,MO2312-P-6200,MO2312-P-6200,162.8,0.0,0.0,0.0,6,159.4,163.0,1,158.0,162.8,162.8,162.8,1.0,16280.0,438
2023-05-10 09:50:20,MO2312-P-6200,MO2312-P-6200,162.8,0.0,0.0,0.0,6,159.6,163.0,1,158.0,162.8,162.8,162.8,1.0,16280.0,438
2023-05-10 09:50:21,MO2312-P-6200,MO2312-P-6200,162.8,0.0,0.0,0.0,6,159.6,163.8,19,158.0,162.8,162.8,162.8,1.0,16280.0,438
2023-05-10 09:50:22,MO2312-P-6200,MO2312-P-6200,162.8,0.0,0.0,0.0,6,159.6,163.6,1,158.0,162.8,162.8,162.8,1.0,16280.0,438
2023-05-10 09:50:27,MO2312-P-6200,MO2312-P-6200,162.8,0.0,0.0,0.0,6,159.8,163.6,1,158.0,162.8,162.8,162.8,1.0,16280.0,438
2023-05-10 09:50:27,MO2312-P-6200,MO2312-P-6200,162.8,0.0,0.0,0.0,6,160.0,163.6,1,158.0,162.8,162.8,162.8,1.0,16280.0,438
2023-05-10 09:50:31,MO2312-P-6200,MO2312-P-6200,162.8,0.0,0.0,0.0,12,159.6,163.6,1,158.0,162.8,162.8,162.8,1.0,16280.0,438
2023-05-10 09:50:43,MO2312-P-6200,MO2312-P-6200,162.8,0.0,0.0,0.0,6,159.2,163.4,6,158.0,162.8,162.8,162.8,1.0,16280.0,438
2023-05-10 09:50:44,MO2312-P-6200,MO2312-P-6200,162.8,0.0,0.0,0.0,1,159.0,163.0,1,158.0,162.8,162.8,162.8,1.0,16280.0,438
2023-05-10 09:50:44,MO2312-P-6200,MO2312-P-6200,162.8,0.0,0.0,0.0,7,159.0,163.0,1,158.0,162.8,162.8,162.8,1.0,16280.0,438
2023-05-10 09:50:47,MO2312-P-6200,MO2312-P-6200,162.8,0.0,0.0,0.0,6,159.0,163.0,1,158.0,162.8,162.8,162.8,1.0,16280.0,438
2023-05-10 09:51:06,MO2312-P-6200,MO2312-P-6200,162.8,0.0,0.0,0.0,6,159.2,163.0,1,158.0,162.8,162.8,162.8,1.0,16280.0,438
2023-05-10 09:51:06,MO2312-P-6200,MO2312-P-6200,162.8,0.0,0.0,0.0,6,159.4,163.0,1,158.0,162.8,162.8,162.8,1.0,16280.0,438
2023-05-10 09:51:07,MO2312-P-6200,MO2312-P-6200,162.8,0.0,0.0,0.0,6,159.4,164.0,12,158.0,162.8,162.8,162.8,1.0,16280.0,438
2023-05-10 09:51:08,MO2312-P-6200,MO2312-P-6200,162.8,0.0,0.0,0.0,6,159.4,164.2,6,158.0,162.8,162.8,162.8,1.0,16280.0,438
2023-05-10 09:51:08,MO2312-P-6200,MO2312-P-6200,162.8,0.0,0.0,0.0,6,159.4,164.4,20,158.0,162.8,162.8,162.8,1.0,16280.0,438
2023-05-10 09:51:09,MO2312-P-6200,MO2312-P-6200,162.8,0.0,0.0,0.0,6,159.4,163.8,1,158.0,162.8,162.8,162.8,1.0,16280.0,438
2023-05-10 09:51:22,MO2312-P-6200,MO2312-P-6200,162.8,0.0,0.0,0.0,6,159.4,164.4,12,158.0,162.8,162.8,162.8,1.0,16280.0,438
2023-05-10 09:51:22,MO2312-P-6200,MO2312-P-6200,162.8,0.0,0.0,0.0,6,159.4,164.4,6,158.0,162.8,162.8,162.8,1.0,16280.0,438
2023-05-10 09:51:23,MO2312-P-6200,MO2312-P-6200,162.8,0.0,0.0,0.0,6,159.6,164.4,6,158.0,162.8,162.8,162.8,1.0,16280.0,438
2023-05-10 09:51:24,MO2312-P-6200,MO2312-P-6200,162.8,0.0,0.0,0.0,6,159.8,164.4,6,158.0,162.8,162.8,162.8,1.0,16280.0,438
2023-05-10 09:51:27,MO2312-P-6200,MO2312-P-6200,162.8,0.0,0.0,0.0,6,159.8,164.0,1,158.0,162.8,162.8,162.8,1.0,16280.0,438
2023-05-10 09:51:55,MO2312-P-6200,MO2312-P-6200,162.8,0.0,0.0,0.0,12,159.8,164.0,1,158.0,162.8,162.8,162.8,1.0,16280.0,438
2023-05-10 09:51:55,MO2312-P-6200,MO2312-P-6200,162.8,0.0,0.0,0.0,6,160.0,164.0,1,158.0,162.8,162.8,162.8,1.0,16280.0,438
2023-05-10 09:51:57,MO2312-P-6200,MO2312-P-6200,162.8,0.0,0.0,0.0,7,160.0,164.0,1,158.0,162.8,162.8,162.8,1.0,16280.0,438
2023-05-10 09:51:57,MO2312-P-6200,MO2312-P-6200,162.8,0.0,0.0,0.0,6,160.2,164.0,1,158.0,162.8,162.8,162.8,1.0,16280.0,438
2023-05-10 09:51:58,MO2312-P-6200,MO2312-P-6200,162.8,0.0,0.0,0.0,6,160.2,164.8,1,158.0,162.8,162.8,162.8,1.0,16280.0,438
2023-05-10 09:51:59,MO2312-P-6200,MO2312-P-6200,162.8,0.0,0.0,0.0,6,160.4,164.8,1,158.0,162.8,162.8,162.8,1.0,16280.0,438
2023-05-10 09:52:00,MO2312-P-6200,MO2312-P-6200,162.8,0.0,0.0,0.0,6,160.6,164.8,1,158.0,162.8,162.8,162.8,1.0,16280.0,438
2023-05-10 09:52:04,MO2312-P-6200,MO2312-P-6200,162.8,0.0,0.0,0.0,6,160.0,164.8,1,158.0,162.8,162.8,162.8,1.0,16280.0,438
2023-05-10 09:52:05,MO2312-P-6200,MO2312-P-6200,162.8,0.0,0.0,0.0,6,160.0,164.8,7,158.0,162.8,162.8,162.8,1.0,16280.0,438
2023-05-10 09:52:05,MO2312-P-6200,MO2312-P-6200,162.8,0.0,0.0,0.0,6,160.0,163.0,1,158.0,162.8,162.8,162.8,1.0,16280.0,438
2023-05-10 09:52:06,MO2312-P-6200,MO2312-P-6200,162.8,0.0,0.0,0.0,30,159.8,163.0,1,158.0,162.8,162.8,162.8,1.0,16280.0,438
2023-05-10 09:52:06,MO2312-P-6200,MO2312-P-6200,162.8,0.0,0.0,0.0,18,159.8,163.0,1,158.0,162.8,162.8,162.8,1.0,16280.0,438
2023-05-10 09:52:11,MO2312-P-6200,MO2312-P-6200,162.8,0.0,0.0,0.0,6,160.0,164.0,1,158.0,162.8,162.8,162.8,1.0,16280.0,438
2023-05-10 09:52:15,MO2312-P-6200,MO2312-P-6200,162.8,0.0,0.0,0.0,7,160.0,164.0,1,158.0,162.8,162.8,162.8,1.0,16280.0,438
2023-05-10 09:52:16,MO2312-P-6200,MO2312-P-6200,162.8,0.0,0.0,0.0,6,160.2,164.4,1,158.0,162.8,162.8,162.8,1.0,16280.0,438
2023-05-10 09:52:16,MO2312-P-6200,MO2312-P-6200,162.8,0.0,0.0,0.0,6,160.4,164.4,1,158.0,162.8,162.8,162.8,1.0,16280.0,438
2023-05-10 09:52:17,MO2312-P-6200,MO2312-P-6200,162.8,0.0,0.0,0.0,6,160.6,164.4,1,158.0,162.8,162.8,162.8,1.0,16280.0,438
2023-05-10 09:52:31,MO2312-P-6200,MO2312-P-6200,162.8,0.0,0.0,0.0,6,160.2,164.4,1,158.0,162.8,162.8,162.8,1.0,16280.0,438
2023-05-10 09:52:35,MO2312-P-6200,MO2312-P-6200,162.8,0.0,0.0,0.0,12,160.0,164.2,6,158.0,162.8,162.8,162.8,1.0,16280.0,438
2023-05-10 09:52:36,MO2312-P-6200,MO2312-P-6200,162.8,0.0,0.0,0.0,12,160.0,162.8,1,158.0,162.8,162.8,162.8,1.0,16280.0,438
2023-05-10 09:52:36,MO2312-P-6200,MO2312-P-6200,162.8,0.0,0.0,0.0,6,160.2,162.8,1,158.0,162.8,162.8,162.8,1.0,16280.0,438
2023-05-10 09:52:37,MO2312-P-6200,MO2312-P-6200,162.8,0.0,0.0,0.0,6,160.2,164.4,1,158.0,162.8,162.8,162.8,1.0,16280.0,438
2023-05-10 09:52:40,MO2312-P-6200,MO2312-P-6200,162.8,0.0,0.0,0.0,7,160.2,164.8,6,158.0,162.8,162.8,162.8,1.0,16280.0,438
2023-05-10 09:52:41,MO2312-P-6200,MO2312-P-6200,162.8,0.0,0.0,0.0,6,160.4,165.2,7,158.0,162.8,162.8,162.8,1.0,16280.0,438
2023-05-10 09:52:41,MO2312-P-6200,MO2312-P-6200,162.8,0.0,0.0,0.0,6,160.4,165.2,1,158.0,162.8,162.8,162.8,1.0,16280.0,438
2023-05-10 09:52:42,MO2312-P-6200,MO2312-P-6200,162.8,0.0,0.0,0.0,6,160.6,165.2,1,158.0,162.8,162.8,162.8,1.0,16280.0,438
2023-05-10 09:52:43,MO2312-P-6200,MO2312-P-6200,162.8,0.0,0.0,0.0,6,160.8,165.2,1,158.0,162.8,162.8,162.8,1.0,16280.0,438
2023-05-10 09:52:47,MO2312-P-6200,MO2312-P-6200,162.8,0.0,0.0,0.0,6,160.8,165.0,6,158.0,162.8,162.8,162.8,1.0,16280.0,438
2023-05-10 09:52:48,MO2312-P-6200,MO2312-P-6200,162.8,0.0,0.0,0.0,6,160.8,164.0,1,158.0,162.8,162.8,162.8,1.0,16280.0,438
2023-05-10 09:52:52,MO2312-P-6200,MO2312-P-6200,162.8,0.0,0.0,0.0,6,160.8,165.0,7,158.0,162.8,162.8,162.8,1.0,16280.0,438
2023-05-10 09:52:53,MO2312-P-6200,MO2312-P-6200,162.8,0.0,0.0,0.0,6,160.8,165.0,1,158.0,162.8,162.8,162.8,1.0,16280.0,438
2023-05-10 09:53:01,MO2312-P-6200,MO2312-P-6200,162.8,0.0,0.0,0.0,6,160.6,164.8,6,158.0,162.8,162.8,162.8,1.0,16280.0,438
2023-05-10 09:53:01,MO2312-P-6200,MO2312-P-6200,162.8,0.0,0.0,0.0,6,160.4,164.2,1,158.0,162.8,162.8,162.8,1.0,16280.0,438
2023-05-10 09:53:06,MO2312-P-6200,MO2312-P-6200,162.8,0.0,0.0,0.0,6,160.4,165.0,1,158.0,162.8,162.8,162.8,1.0,16280.0,438
2023-05-10 09:53:07,MO2312-P-6200,MO2312-P-6200,162.8,0.0,0.0,0.0,6,160.6,165.0,1,158.0,162.8,162.8,162.8,1.0,16280.0,438
2023-05-10 09:53:07,MO2312-P-6200,MO2312-P-6200,162.8,0.0,0.0,0.0,6,160.8,165.0,1,158.0,162.8,162.8,162.8,1.0,16280.0,438
2023-05-10 09:53:12,MO2312-P-6200,MO2312-P-6200,162.8,0.0,0.0,0.0,6,160.8,165.0,7,158.0,162.8,162.8,162.8,1.0,16280.0,438
2023-05-10 09:53:13,MO2312-P-6200,MO2312-P-6200,162.8,0.0,0.0,0.0,6,160.8,164.0,1,158.0,162.8,162.8,162.8,1.0,16280.0,438
2023-05-10 09:53:15,MO2312-P-6200,MO2312-P-6200,162.8,0.0,0.0,0.0,6,160.2,164.0,1,158.0,162.8,162.8,162.8,1.0,16280.0,438
2023-05-10 09:53:20,MO2312-P-6200,MO2312-P-6200,162.8,0.0,0.0,0.0,6,160.4,164.8,1,158.0,162.8,162.8,162.8,1.0,16280.0,438
2023-05-10 09:53:21,MO2312-P-6200,MO2312-P-6200,162.8,0.0,0.0,0.0,6,160.6,164.8,1,158.0,162.8,162.8,162.8,1.0,16280.0,438
2023-05-10 09:53:47,MO2312-P-6200,MO2312-P-6200,162.8,0.0,0.0,0.0,6,160.6,164.8,7,158.0,162.8,162.8,162.8,1.0,16280.0,438
2023-05-10 09:53:52,MO2312-P-6200,MO2312-P-6200,162.8,0.0,0.0,0.0,6,160.6,164.2,1,158.0,162.8,162.8,162.8,1.0,16280.0,438
2023-05-10 09:54:01,MO2312-P-6200,MO2312-P-6200,162.8,0.0,0.0,0.0,6,160.0,164.2,1,158.0,162.8,162.8,162.8,1.0,16280.0,438
2023-05-10 09:54:18,MO2312-P-6200,MO2312-P-6200,162.8,0.0,0.0,0.0,12,159.8,164.0,6,158.0,162.8,162.8,162.8,1.0,16280.0,438
2023-05-10 09:54:19,MO2312-P-6200,MO2312-P-6200,162.8,0.0,0.0,0.0,12,159.8,163.4,1,158.0,162.8,162.8,162.8,1.0,16280.0,438
2023-05-10 09:54:23,MO2312-P-6200,MO2312-P-6200,162.8,0.0,0.0,0.0,6,159.8,163.4,1,158.0,162.8,162.8,162.8,1.0,16280.0,438
2023-05-10 09:54:26,MO2312-P-6200,MO2312-P-6200,162.8,0.0,0.0,0.0,6,159.8,164.2,1,158.0,162.8,162.8,162.8,1.0,16280.0,438
2023-05-10 09:54:29,MO2312-P-6200,MO2312-P-6200,162.8,0.0,0.0,0.0,6,160.0,164.2,1,158.0,162.8,162.8,162.8,1.0,16280.0,438
2023-05-10 09:54:29,MO2312-P-6200,MO2312-P-6200,162.8,0.0,0.0,0.0,6,160.2,164.2,1,158.0,162.8,162.8,162.8,1.0,16280.0,438
2023-05-10 09:54:30,MO2312-P-6200,MO2312-P-6200,162.8,0.0,0.0,0.0,6,159.8,164.2,1,158.0,162.8,162.8,162.8,1.0,16280.0,438
2023-05-10 09:54:34,MO2312-P-6200,MO2312-P-6200,162.8,0.0,0.0,0.0,6,159.8,164.0,6,158.0,162.8,162.8,162.8,1.0,16280.0,438
2023-05-10 09:54:34,MO2312-P-6200,MO2312-P-6200,162.8,0.0,0.0,0.0,6,159.8,163.4,1,158.0,162.8,162.8,162.8,1.0,16280.0,438
2023-05-10 09:54:41,MO2312-P-6200,MO2312-P-6200,162.8,0.0,0.0,0.0,6,160.0,164.2,1,158.0,162.8,162.8,162.8,1.0,16280.0,438
2023-05-10 09:54:41,MO2312-P-6200,MO2312-P-6200,162.8,0.0,0.0,0.0,6,160.2,164.2,1,158.0,162.8,162.8,162.8,1.0,16280.0,438
2023-05-10 09:54:42,MO2312-P-6200,MO2312-P-6200,162.8,0.0,0.0,0.0,6,159.8,164.2,1,158.0,162.8,162.8,162.8,1.0,16280.0,438
2023-05-10 09:55:03,MO2312-P-6200,MO2312-P-6200,162.8,0.0,0.0,0.0,12,159.8,164.2,1,158.0,162.8,162.8,162.8,1.0,16280.0,438
2023-05-10 09:55:03,MO2312-P-6200,MO2312-P-6200,162.8,0.0,0.0,0.0,6,160.0,164.2,1,158.0,162.8,162.8,162.8,1.0,16280.0,438
2023-05-10 09:55:04,MO2312-P-6200,MO2312-P-6200,162.8,0.0,0.0,0.0,6,160.2,164.2,1,158.0,162.8,162.8,162.8,1.0,16280.0,438
2023-05-10 09:55:04,MO2312-P-6200,MO2312-P-6200,162.8,0.0,0.0,0.0,6,160.4,164.2,1,158.0,162.8,162.8,162.8,1.0,16280.0,438
2023-05-10 09:55:05,MO2312-P-6200,MO2312-P-6200,162.8,0.0,0.0,0.0,12,160.4,164.2,1,158.0,162.8,162.8,162.8,1.0,16280.0,438
2023-05-10 09:55:05,MO2312-P-6200,MO2312-P-6200,162.8,0.0,0.0,0.0,6,160.6,164.2,1,158.0,162.8,162.8,162.8,1.0,16280.0,438
2023-05-10 09:55:13,MO2312-P-6200,MO2312-P-6200,162.8,0.0,0.0,0.0,6,160.4,164.2,1,158.0,162.8,162.8,162.8,1.0,16280.0,438
2023-05-10 09:55:16,MO2312-P-6200,MO2312-P-6200,162.8,0.0,0.0,0.0,6,160.6,164.2,1,158.0,162.8,162.8,162.8,1.0,16280.0,438
2023-05-10 09:55:23,MO2312-P-6200,MO2312-P-6200,162.8,0.0,0.0,0.0,6,160.4,164.2,7,158.0,162.8,162.8,162.8,1.0,16280.0,438
2023-05-10 09:55:26,MO2312-P-6200,MO2312-P-6200,162.8,0.0,0.0,0.0,12,160.2,164.2,7,158.0,162.8,162.8,162.8,1.0,16280.0,438
2023-05-10 09:55:27,MO2312-P-6200,MO2312-P-6200,162.8,0.0,0.0,0.0,12,160.0,164.2,7,158.0,162.8,162.8,162.8,1.0,16280.0,438
2023-05-10 09:55:27,MO2312-P-6200,MO2312-P-6200,162.8,0.0,0.0,0.0,6,160.0,164.2,7,158.0,162.8,162.8,162.8,1.0,16280.0,438
2023-05-10 09:55:31,MO2312-P-6200,MO2312-P-6200,162.8,0.0,0.0,0.0,6,160.0,164.2,6,158.0,162.8,162.8,162.8,1.0,16280.0,438
2023-05-10 09:55:31,MO2312-P-6200,MO2312-P-6200,162.8,0.0,0.0,0.0,6,160.0,165.4,12,158.0,162.8,162.8,162.8,1.0,16280.0,438
2023-05-10 09:55:32,MO2312-P-6200,MO2312-P-6200,162.8,0.0,0.0,0.0,8,160.0,165.6,32,158.0,162.8,162.8,162.8,1.0,16280.0,438
2023-05-10 09:55:32,MO2312-P-6200,MO2312-P-6200,162.8,0.0,0.0,0.0,12,160.2,165.6,24,158.0,162.8,162.8,162.8,1.0,16280.0,438
2023-05-10 09:55:33,MO2312-P-6200,MO2312-P-6200,162.8,0.0,0.0,0.0,12,160.4,165.4,6,158.0,162.8,162.8,162.8,1.0,16280.0,438
2023-05-10 09:55:33,MO2312-P-6200,MO2312-P-6200,162.8,0.0,0.0,0.0,12,160.4,162.4,1,158.0,162.8,162.8,162.8,1.0,16280.0,438
2023-05-10 09:55:34,MO2312-P-6200,MO2312-P-6200,162.8,0.0,0.0,0.0,6,160.6,162.4,1,158.0,162.8,162.8,162.8,1.0,16280.0,438
2023-05-10 09:55:34,MO2312-P-6200,MO2312-P-6200,162.8,0.0,0.0,0.0,12,160.4,162.4,1,158.0,162.8,162.8,162.8,1.0,16280.0,438
2023-05-10 09:55:37,MO2312-P-6200,MO2312-P-6200,162.8,0.0,0.0,0.0,12,160.4,164.6,6,158.0,162.8,162.8,162.8,1.0,16280.0,438
2023-05-10 09:55:37,MO2312-P-6200,MO2312-P-6200,162.8,0.0,0.0,0.0,6,160.4,165.2,6,158.0,162.8,162.8,162.8,1.0,16280.0,438
2023-05-10 09:55:38,MO2312-P-6200,MO2312-P-6200,162.8,0.0,0.0,0.0,6,160.4,165.0,2,158.0,162.8,162.8,162.8,1.0,16280.0,438
2023-05-10 09:55:38,MO2312-P-6200,MO2312-P-6200,162.8,0.0,0.0,0.0,6,160.4,164.8,6,158.0,162.8,162.8,162.8,1.0,16280.0,438
2023-05-10 09:55:39,MO2312-P-6200,MO2312-P-6200,162.8,0.0,0.0,0.0,1,161.0,164.8,6,158.0,162.8,162.8,162.8,1.0,16280.0,438
2023-05-10 09:55:42,MO2312-P-6200,MO2312-P-6200,162.8,0.0,0.0,0.0,6,160.4,164.0,1,158.0,162.8,162.8,162.8,1.0,16280.0,438
2023-05-10 09:55:42,MO2312-P-6200,MO2312-P-6200,162.8,0.0,0.0,0.0,12,160.4,164.0,1,158.0,162.8,162.8,162.8,1.0,16280.0,438
2023-05-10 09:55:48,MO2312-P-6200,MO2312-P-6200,162.8,0.0,0.0,0.0,6,160.4,164.0,1,158.0,162.8,162.8,162.8,1.0,16280.0,438
2023-05-10 09:55:49,MO2312-P-6200,MO2312-P-6200,162.8,0.0,0.0,0.0,6,160.0,164.0,1,158.0,162.8,162.8,162.8,1.0,16280.0,438
2023-05-10 09:55:51,MO2312-P-6200,MO2312-P-6200,162.8,0.0,0.0,0.0,6,160.0,164.8,1,158.0,162.8,162.8,162.8,1.0,16280.0,438
2023-05-10 09:55:59,MO2312-P-6200,MO2312-P-6200,162.8,0.0,0.0,0.0,7,160.0,164.8,1,158.0,162.8,162.8,162.8,1.0,16280.0,438
2023-05-10 09:56:00,MO2312-P-6200,MO2312-P-6200,162.8,0.0,0.0,0.0,6,160.2,164.8,7,158.0,162.8,162.8,162.8,1.0,16280.0,438
2023-05-10 09:56:02,MO2312-P-6200,MO2312-P-6200,162.8,0.0,0.0,0.0,6,160.2,164.8,1,158.0,162.8,162.8,162.8,1.0,16280.0,438
2023-05-10 09:56:06,MO2312-P-6200,MO2312-P-6200,162.8,0.0,0.0,0.0,6,160.0,164.8,1,158.0,162.8,162.8,162.8,1.0,16280.0,438
2023-05-10 09:56:07,MO2312-P-6200,MO2312-P-6200,162.8,0.0,0.0,0.0,8,160.0,164.8,1,158.0,162.8,162.8,162.8,1.0,16280.0,438
2023-05-10 09:56:07,MO2312-P-6200,MO2312-P-6200,162.8,0.0,0.0,0.0,12,160.2,164.8,1,158.0,162.8,162.8,162.8,1.0,16280.0,438
2023-05-10 09:56:08,MO2312-P-6200,MO2312-P-6200,162.8,0.0,0.0,0.0,6,160.4,164.8,1,158.0,162.8,162.8,162.8,1.0,16280.0,438
2023-05-10 09:56:10,MO2312-P-6200,MO2312-P-6200,162.8,0.0,0.0,0.0,6,160.4,165.6,25,158.0,162.8,162.8,162.8,1.0,16280.0,438
2023-05-10 09:56:11,MO2312-P-6200,MO2312-P-6200,162.8,0.0,0.0,0.0,6,160.6,165.6,7,158.0,162.8,162.8,162.8,1.0,16280.0,438
2023-05-10 09:56:11,MO2312-P-6200,MO2312-P-6200,162.8,0.0,0.0,0.0,6,160.8,165.6,1,158.0,162.8,162.8,162.8,1.0,16280.0,438
2023-05-10 09:56:12,MO2312-P-6200,MO2312-P-6200,162.8,0.0,0.0,0.0,6,160.6,165.6,1,158.0,162.8,162.8,162.8,1.0,16280.0,438
2023-05-10 09:56:13,MO2312-P-6200,MO2312-P-6200,162.8,0.0,0.0,0.0,6,160.6,165.6,7,158.0,162.8,162.8,162.8,1.0,16280.0,438
2023-05-10 09:56:22,MO2312-P-6200,MO2312-P-6200,162.8,0.0,0.0,0.0,1,161.0,165.6,7,158.0,162.8,162.8,162.8,1.0,16280.0,438
2023-05-10 09:56:22,MO2312-P-6200,MO2312-P-6200,162.8,0.0,0.0,0.0,1,161.0,165.4,6,158.0,162.8,162.8,162.8,1.0,16280.0,438
2023-05-10 09:56:25,MO2312-P-6200,MO2312-P-6200,162.8,0.0,0.0,0.0,6,160.8,164.8,1,158.0,162.8,162.8,162.8,1.0,16280.0,438
2023-05-10 09:56:25,MO2312-P-6200,MO2312-P-6200,162.8,0.0,0.0,0.0,6,160.6,164.8,1,158.0,162.8,162.8,162.8,1.0,16280.0,438
2023-05-10 09:56:43,MO2312-P-6200,MO2312-P-6200,162.8,0.0,0.0,0.0,18,160.4,164.6,6,158.0,162.8,162.8,162.8,1.0,16280.0,438
2023-05-10 09:56:43,MO2312-P-6200,MO2312-P-6200,162.8,0.0,0.0,0.0,12,160.4,163.8,1,158.0,162.8,162.8,162.8,1.0,16280.0,438
2023-05-10 09:56:44,MO2312-P-6200,MO2312-P-6200,162.8,0.0,0.0,0.0,6,160.4,163.8,1,158.0,162.8,162.8,162.8,1.0,16280.0,438
2023-05-10 09:56:44,MO2312-P-6200,MO2312-P-6200,162.8,0.0,0.0,0.0,6,160.2,163.8,1,158.0,162.8,162.8,162.8,1.0,16280.0,438
2023-05-10 09:56:57,MO2312-P-6200,MO2312-P-6200,162.8,0.0,0.0,0.0,6,160.2,164.6,1,158.0,162.8,162.8,162.8,1.0,16280.0,438
2023-05-10 09:56:58,MO2312-P-6200,MO2312-P-6200,162.8,0.0,0.0,0.0,8,160.2,164.6,1,158.0,162.8,162.8,162.8,1.0,16280.0,438
2023-05-10 09:56:58,MO2312-P-6200,MO2312-P-6200,162.8,0.0,0.0,0.0,6,160.4,164.6,1,158.0,162.8,162.8,162.8,1.0,16280.0,438
2023-05-10 09:56:59,MO2312-P-6200,MO2312-P-6200,162.8,0.0,0.0,0.0,8,160.6,164.6,1,158.0,162.8,162.8,162.8,1.0,16280.0,438
2023-05-10 09:56:59,MO2312-P-6200,MO2312-P-6200,162.8,0.0,0.0,0.0,12,160.8,165.2,7,158.0,162.8,162.8,162.8,1.0,16280.0,438
2023-05-10 09:57:00,MO2312-P-6200,MO2312-P-6200,162.8,0.0,0.0,0.0,6,161.0,165.2,1,158.0,162.8,162.8,162.8,1.0,16280.0,438
2023-05-10 09:57:02,MO2312-P-6200,MO2312-P-6200,162.8,0.0,0.0,0.0,6,161.0,165.2,7,158.0,162.8,162.8,162.8,1.0,16280.0,438
2023-05-10 09:57:02,MO2312-P-6200,MO2312-P-6200,162.8,0.0,0.0,0.0,6,161.0,164.4,1,158.0,162.8,162.8,162.8,1.0,16280.0,438
2023-05-10 09:57:05,MO2312-P-6200,MO2312-P-6200,162.8,0.0,0.0,0.0,6,160.8,164.4,1,158.0,162.8,162.8,162.8,1.0,16280.0,438
2023-05-10 09:57:06,MO2312-P-6200,MO2312-P-6200,162.8,0.0,0.0,0.0,6,160.6,164.4,1,158.0,162.8,162.8,162.8,1.0,16280.0,438
2023-05-10 09:57:07,MO2312-P-6200,MO2312-P-6200,162.8,0.0,0.0,0.0,6,160.4,164.4,1,158.0,162.8,162.8,162.8,1.0,16280.0,438
2023-05-10 09:57:48,MO2312-P-6200,MO2312-P-6200,162.8,0.0,0.0,0.0,6,160.4,165.0,6,158.0,162.8,162.8,162.8,1.0,16280.0,438
2023-05-10 09:57:48,MO2312-P-6200,MO2312-P-6200,162.8,0.0,0.0,0.0,6,160.4,165.2,1,158.0,162.8,162.8,162.8,1.0,16280.0,438
2023-05-10 09:57:52,MO2312-P-6200,MO2312-P-6200,162.8,0.0,0.0,0.0,6,160.4,165.0,6,158.0,162.8,162.8,162.8,1.0,16280.0,438
2023-05-10 09:57:53,MO2312-P-6200,MO2312-P-6200,162.8,0.0,0.0,0.0,6,160.4,164.4,1,158.0,162.8,162.8,162.8,1.0,16280.0,438
2023-05-10 09:57:55,MO2312-P-6200,MO2312-P-6200,162.8,0.0,0.0,0.0,24,160.2,164.4,7,158.0,162.8,162.8,162.8,1.0,16280.0,438
2023-05-10 09:57:56,MO2312-P-6200,MO2312-P-6200,162.8,0.0,0.0,0.0,18,160.2,164.4,7,158.0,162.8,162.8,162.8,1.0,16280.0,438
2023-05-10 09:57:56,MO2312-P-6200,MO2312-P-6200,162.8,0.0,0.0,0.0,12,160.2,164.4,7,158.0,162.8,162.8,162.8,1.0,16280.0,438
2023-05-10 09:57:57,MO2312-P-6200,MO2312-P-6200,162.8,0.0,0.0,0.0,6,160.2,163.6,1,158.0,162.8,162.8,162.8,1.0,16280.0,438
2023-05-10 09:57:57,MO2312-P-6200,MO2312-P-6200,162.8,0.0,0.0,0.0,12,160.0,163.6,1,158.0,162.8,162.8,162.8,1.0,16280.0,438
2023-05-10 09:57:58,MO2312-P-6200,MO2312-P-6200,162.8,0.0,0.0,0.0,24,159.8,163.6,1,158.0,162.8,162.8,162.8,1.0,16280.0,438
2023-05-10 09:57:58,MO2312-P-6200,MO2312-P-6200,162.8,0.0,0.0,0.0,18,159.8,163.6,1,158.0,162.8,162.8,162.8,1.0,16280.0,438
2023-05-10 09:58:03,MO2312-P-6200,MO2312-P-6200,162.8,0.0,0.0,0.0,20,159.8,163.6,1,158.0,162.8,162.8,162.8,1.0,16280.0,438
2023-05-10 09:58:03,MO2312-P-6200,MO2312-P-6200,162.8,0.0,0.0,0.0,6,160.0,163.6,1,158.0,162.8,162.8,162.8,1.0,16280.0,438
2023-05-10 09:58:04,MO2312-P-6200,MO2312-P-6200,162.8,0.0,0.0,0.0,6,160.2,163.6,1,158.0,162.8,162.8,162.8,1.0,16280.0,438
2023-05-10 09:58:04,MO2312-P-6200,MO2312-P-6200,162.8,0.0,0.0,0.0,12,160.2,163.6,1,158.0,162.8,162.8,162.8,1.0,16280.0,438
2023-05-10 09:58:07,MO2312-P-6200,MO2312-P-6200,162.8,0.0,0.0,0.0,12,160.2,164.4,12,158.0,162.8,162.8,162.8,1.0,16280.0,438
2023-05-10 09:58:07,MO2312-P-6200,MO2312-P-6200,162.8,0.0,0.0,0.0,12,160.2,164.4,6,158.0,162.8,162.8,162.8,1.0,16280.0,438
2023-05-10 09:58:08,MO2312-P-6200,MO2312-P-6200,162.8,0.0,0.0,0.0,6,160.4,164.6,7,158.0,162.8,162.8,162.8,1.0,16280.0,438
2023-05-10 09:58:08,MO2312-P-6200,MO2312-P-6200,162.8,0.0,0.0,0.0,6,160.4,164.6,1,158.0,162.8,162.8,162.8,1.0,16280.0,438
2023-05-10 09:58:23,MO2312-P-6200,MO2312-P-6200,162.8,0.0,0.0,0.0,12,160.2,164.4,6,158.0,162.8,162.8,162.8,1.0,16280.0,438
2023-05-10 09:58:24,MO2312-P-6200,MO2312-P-6200,162.8,0.0,0.0,0.0,12,160.2,163.8,1,158.0,162.8,162.8,162.8,1.0,16280.0,438
2023-05-10 09:58:25,MO2312-P-6200,MO2312-P-6200,162.8,0.0,0.0,0.0,6,160.2,163.8,1,158.0,162.8,162.8,162.8,1.0,16280.0,438
2023-05-10 09:58:26,MO2312-P-6200,MO2312-P-6200,162.8,0.0,0.0,0.0,6,160.0,163.8,1,158.0,162.8,162.8,162.8,1.0,16280.0,438
2023-05-10 09:58:29,MO2312-P-6200,MO2312-P-6200,162.8,0.0,0.0,0.0,18,159.8,163.8,7,158.0,162.8,162.8,162.8,1.0,16280.0,438
2023-05-10 09:58:30,MO2312-P-6200,MO2312-P-6200,162.8,0.0,0.0,0.0,12,159.8,163.8,7,158.0,162.8,162.8,162.8,1.0,16280.0,438
2023-05-10 09:58:30,MO2312-P-6200,MO2312-P-6200,162.8,0.0,0.0,0.0,6,159.8,163.8,7,158.0,162.8,162.8,162.8,1.0,16280.0,438
2023-05-10 09:58:32,MO2312-P-6200,MO2312-P-6200,162.8,0.0,0.0,0.0,6,160.0,163.8,1,158.0,162.8,162.8,162.8,1.0,16280.0,438
2023-05-10 09:58:37,MO2312-P-6200,MO2312-P-6200,162.8,0.0,0.0,0.0,6,159.8,163.8,7,158.0,162.8,162.8,162.8,1.0,16280.0,438
2023-05-10 09:58:45,MO2312-P-6200,MO2312-P-6200,162.8,0.0,0.0,0.0,6,159.8,163.0,1,158.0,162.8,162.8,162.8,1.0,16280.0,438
2023-05-10 09:58:47,MO2312-P-6200,MO2312-P-6200,162.8,0.0,0.0,0.0,12,159.6,163.0,1,158.0,162.8,162.8,162.8,1.0,16280.0,438
2023-05-10 09:58:47,MO2312-P-6200,MO2312-P-6200,162.8,0.0,0.0,0.0,12,159.4,163.0,1,158.0,162.8,162.8,162.8,1.0,16280.0,438
2023-05-10 09:58:48,MO2312-P-6200,MO2312-P-6200,162.8,0.0,0.0,0.0,24,159.2,163.0,1,158.0,162.8,162.8,162.8,1.0,16280.0,438
2023-05-10 09:58:48,MO2312-P-6200,MO2312-P-6200,162.8,0.0,0.0,0.0,12,159.2,163.0,1,158.0,162.8,162.8,162.8,1.0,16280.0,438
2023-05-10 09:58:49,MO2312-P-6200,MO2312-P-6200,162.8,0.0,0.0,0.0,6,159.2,163.0,1,158.0,162.8,162.8,162.8,1.0,16280.0,438
2023-05-10 09:59:07,MO2312-P-6200,MO2312-P-6200,162.8,0.0,0.0,0.0,6,159.2,163.6,12,158.0,162.8,162.8,162.8,1.0,16280.0,438
2023-05-10 09:59:08,MO2312-P-6200,MO2312-P-6200,162.8,0.0,0.0,0.0,6,159.4,163.8,1,158.0,162.8,162.8,162.8,1.0,16280.0,438
2023-05-10 09:59:08,MO2312-P-6200,MO2312-P-6200,162.8,0.0,0.0,0.0,6,159.6,163.8,7,158.0,162.8,162.8,162.8,1.0,16280.0,438
2023-05-10 09:59:12,MO2312-P-6200,MO2312-P-6200,162.8,0.0,0.0,0.0,6,159.6,162.8,1,158.0,162.8,162.8,162.8,1.0,16280.0,438
2023-05-10 09:59:14,MO2312-P-6200,MO2312-P-6200,162.8,0.0,0.0,0.0,6,159.4,162.8,1,158.0,162.8,162.8,162.8,1.0,16280.0,438
2023-05-10 09:59:15,MO2312-P-6200,MO2312-P-6200,162.8,0.0,0.0,0.0,12,159.0,162.8,1,158.0,162.8,162.8,162.8,1.0,16280.0,438
2023-05-10 09:59:15,MO2312-P-6200,MO2312-P-6200,162.8,0.0,0.0,0.0,6,159.0,162.8,1,158.0,162.8,162.8,162.8,1.0,16280.0,438
2023-05-10 09:59:35,MO2312-P-6200,MO2312-P-6200,162.8,0.0,0.0,0.0,6,159.0,163.6,1,158.0,162.8,162.8,162.8,1.0,16280.0,438
2023-05-10 09:59:37,MO2312-P-6200,MO2312-P-6200,162.8,0.0,0.0,0.0,6,159.2,163.6,1,158.0,162.8,162.8,162.8,1.0,16280.0,438
2023-05-10 09:59:38,MO2312-P-6200,MO2312-P-6200,162.8,0.0,0.0,0.0,6,159.4,163.6,1,158.0,162.8,162.8,162.8,1.0,16280.0,438
2023-05-10 09:59:52,MO2312-P-6200,MO2312-P-6200,162.8,0.0,0.0,0.0,6,159.4,163.6,7,158.0,162.8,162.8,162.8,1.0,16280.0,438
2023-05-10 09:59:55,MO2312-P-6200,MO2312-P-6200,162.8,0.0,0.0,0.0,6,159.4,162.8,1,158.0,162.8,162.8,162.8,1.0,16280.0,438
2023-05-10 09:59:56,MO2312-P-6200,MO2312-P-6200,162.8,0.0,0.0,0.0,6,159.2,162.8,1,158.0,162.8,162.8,162.8,1.0,16280.0,438
2023-05-10 10:00:02,MO2312-P-6200,MO2312-P-6200,162.8,0.0,0.0,0.0,7,159.2,162.8,1,158.0,162.8,162.8,162.8,1.0,16280.0,438
2023-05-10 10:00:02,MO2312-P-6200,MO2312-P-6200,162.8,0.0,0.0,0.0,6,159.4,162.8,1,158.0,162.8,162.8,162.8,1.0,16280.0,438
2023-05-10 10:00:04,MO2312-P-6200,MO2312-P-6200,162.8,0.0,0.0,0.0,6,159.2,162.8,1,158.0,162.8,162.8,162.8,1.0,16280.0,438
2023-05-10 10:00:06,MO2312-P-6200,MO2312-P-6200,162.8,0.0,0.0,0.0,6,159.2,163.6,6,158.0,162.8,162.8,162.8,1.0,16280.0,438
2023-05-10 10:00:09,MO2312-P-6200,MO2312-P-6200,162.8,0.0,0.0,0.0,6,159.2,163.2,1,158.0,162.8,162.8,162.8,1.0,16280.0,438
2023-05-10 10:00:16,MO2312-P-6200,MO2312-P-6200,162.8,0.0,0.0,0.0,6,159.2,163.6,6,158.0,162.8,162.8,162.8,1.0,16280.0,438
2023-05-10 10:00:16,MO2312-P-6200,MO2312-P-6200,162.8,0.0,0.0,0.0,6,159.2,164.0,13,158.0,162.8,162.8,162.8,1.0,16280.0,438
2023-05-10 10:00:17,MO2312-P-6200,MO2312-P-6200,162.8,0.0,0.0,0.0,6,159.2,164.0,7,158.0,162.8,162.8,162.8,1.0,16280.0,438
2023-05-10 10:00:17,MO2312-P-6200,MO2312-P-6200,162.8,0.0,0.0,0.0,8,159.2,164.0,1,158.0,162.8,162.8,162.8,1.0,16280.0,438
2023-05-10 10:00:18,MO2312-P-6200,MO2312-P-6200,162.8,0.0,0.0,0.0,6,159.4,164.0,1,158.0,162.8,162.8,162.8,1.0,16280.0,438
2023-05-10 10:00:18,MO2312-P-6200,MO2312-P-6200,162.8,0.0,0.0,0.0,6,159.6,164.0,1,158.0,162.8,162.8,162.8,1.0,16280.0,438
2023-05-10 10:00:19,MO2312-P-6200,MO2312-P-6200,162.8,0.0,0.0,0.0,6,159.8,164.0,7,158.0,162.8,162.8,162.8,1.0,16280.0,438
2023-05-10 10:00:19,MO2312-P-6200,MO2312-P-6200,162.8,0.0,0.0,0.0,6,159.8,162.4,1,158.0,162.8,162.8,162.8,1.0,16280.0,438
2023-05-10 10:00:22,MO2312-P-6200,MO2312-P-6200,162.8,0.0,0.0,0.0,13,159.8,164.6,20,158.0,162.8,162.8,162.8,1.0,16280.0,438
2023-05-10 10:00:22,MO2312-P-6200,MO2312-P-6200,162.8,0.0,0.0,0.0,6,160.0,164.6,20,158.0,162.8,162.8,162.8,1.0,16280.0,438
2023-05-10 10:00:23,MO2312-P-6200,MO2312-P-6200,162.8,0.0,0.0,0.0,6,160.0,164.6,6,158.0,162.8,162.8,162.8,1.0,16280.0,438
2023-05-10 10:00:24,MO2312-P-6200,MO2312-P-6200,162.8,0.0,0.0,0.0,6,160.0,164.8,2,158.0,162.8,162.8,162.8,1.0,16280.0,438
2023-05-10 10:00:24,MO2312-P-6200,MO2312-P-6200,162.8,0.0,0.0,0.0,6,160.2,165.0,3,158.0,162.8,162.8,162.8,1.0,16280.0,438
2023-05-10 10:00:25,MO2312-P-6200,MO2312-P-6200,162.8,0.0,0.0,0.0,6,160.4,165.0,7,158.0,162.8,162.8,162.8,1.0,16280.0,438
2023-05-10 10:00:26,MO2312-P-6200,MO2312-P-6200,162.8,0.0,0.0,0.0,6,160.4,164.8,2,158.0,162.8,162.8,162.8,1.0,16280.0,438
2023-05-10 10:00:29,MO2312-P-6200,MO2312-P-6200,162.8,0.0,0.0,0.0,6,160.4,165.0,9,158.0,162.8,162.8,162.8,1.0,16280.0,438
2023-05-10 10:00:30,MO2312-P-6200,MO2312-P-6200,162.8,0.0,0.0,0.0,6,160.4,164.2,1,158.0,162.8,162.8,162.8,1.0,16280.0,438
2023-05-10 10:00:31,MO2312-P-6200,MO2312-P-6200,162.8,0.0,0.0,0.0,18,160.0,164.2,7,158.0,162.8,162.8,162.8,1.0,16280.0,438
2023-05-10 10:00:34,MO2312-P-6200,MO2312-P-6200,162.8,0.0,0.0,0.0,18,160.0,164.2,6,158.0,162.8,162.8,162.8,1.0,16280.0,438
2023-05-10 10:00:35,MO2312-P-6200,MO2312-P-6200,162.8,0.0,0.0,0.0,12,160.0,164.8,7,158.0,162.8,162.8,162.8,1.0,16280.0,438
2023-05-10 10:00:35,MO2312-P-6200,MO2312-P-6200,162.8,0.0,0.0,0.0,6,160.0,164.6,6,158.0,162.8,162.8,162.8,1.0,16280.0,438
2023-05-10 10:00:37,MO2312-P-6200,MO2312-P-6200,162.8,0.0,0.0,0.0,6,160.0,162.8,1,158.0,162.8,162.8,162.8,1.0,16280.0,438
2023-05-10 10:00:37,MO2312-P-6200,MO2312-P-6200,162.8,0.0,0.0,0.0,12,160.0,162.8,1,158.0,162.8,162.8,162.8,1.0,16280.0,438
2023-05-10 10:00:39,MO2312-P-6200,MO2312-P-6200,162.8,0.0,0.0,0.0,6,160.0,162.8,1,158.0,162.8,162.8,162.8,1.0,16280.0,438
2023-05-10 10:00:43,MO2312-P-6200,MO2312-P-6200,162.8,0.0,0.0,0.0,12,160.0,162.8,1,158.0,162.8,162.8,162.8,1.0,16280.0,438
2023-05-10 10:00:43,MO2312-P-6200,MO2312-P-6200,162.8,0.0,0.0,0.0,12,160.0,163.6,1,158.0,162.8,162.8,162.8,1.0,16280.0,438
2023-05-10 10:00:52,MO2312-P-6200,MO2312-P-6200,162.8,0.0,0.0,0.0,6,160.0,163.6,1,158.0,162.8,162.8,162.8,1.0,16280.0,438
2023-05-10 10:00:58,MO2312-P-6200,MO2312-P-6200,162.8,0.0,0.0,0.0,12,160.0,163.6,1,158.0,162.8,162.8,162.8,1.0,16280.0,438
2023-05-10 10:01:01,MO2312-P-6200,MO2312-P-6200,162.8,0.0,0.0,0.0,13,160.0,163.6,1,158.0,162.8,162.8,162.8,1.0,16280.0,438
2023-05-10 10:01:04,MO2312-P-6200,MO2312-P-6200,162.8,0.0,0.0,0.0,12,160.0,163.6,1,158.0,162.8,162.8,162.8,1.0,16280.0,438
2023-05-10 10:01:46,MO2312-P-6200,MO2312-P-6200,162.8,0.0,0.0,0.0,6,160.2,163.6,1,158.0,162.8,162.8,162.8,1.0,16280.0,438
2023-05-10 10:02:46,MO2312-P-6200,MO2312-P-6200,162.8,0.0,0.0,0.0,6,160.2,164.6,1,158.0,162.8,162.8,162.8,1.0,16280.0,438
2023-05-10 10:02:49,MO2312-P-6200,MO2312-P-6200,162.8,0.0,0.0,0.0,6,160.4,164.6,1,158.0,162.8,162.8,162.8,1.0,16280.0,438
2023-05-10 10:02:49,MO2312-P-6200,MO2312-P-6200,162.8,0.0,0.0,0.0,6,160.6,164.6,1,158.0,162.8,162.8,162.8,1.0,16280.0,438
2023-05-10 10:04:01,MO2312-P-6200,MO2312-P-6200,162.8,0.0,0.0,0.0,6,160.8,164.6,1,158.0,162.8,162.8,162.8,1.0,16280.0,438
2023-05-10 10:04:02,MO2312-P-6200,MO2312-P-6200,162.8,0.0,0.0,0.0,6,161.0,164.6,1,158.0,162.8,162.8,162.8,1.0,16280.0,438
2023-05-10 10:04:10,MO2312-P-6200,MO2312-P-6200,162.8,0.0,0.0,0.0,6,160.8,164.6,1,158.0,162.8,162.8,162.8,1.0,16280.0,438
2023-05-10 10:04:17,MO2312-P-6200,MO2312-P-6200,162.8,0.0,0.0,0.0,6,160.6,164.4,6,158.0,162.8,162.8,162.8,1.0,16280.0,438
2023-05-10 10:04:17,MO2312-P-6200,MO2312-P-6200,162.8,0.0,0.0,0.0,30,160.2,163.2,1,158.0,162.8,162.8,162.8,1.0,16280.0,438
2023-05-10 10:04:18,MO2312-P-6200,MO2312-P-6200,162.8,0.0,0.0,0.0,18,160.2,163.2,1,158.0,162.8,162.8,162.8,1.0,16280.0,438
2023-05-10 10:04:21,MO2312-P-6200,MO2312-P-6200,162.8,0.0,0.0,0.0,6,160.4,163.2,1,158.0,162.8,162.8,162.8,1.0,16280.0,438
2023-05-10 10:04:24,MO2312-P-6200,MO2312-P-6200,162.8,0.0,0.0,0.0,6,160.4,164.0,1,158.0,162.8,162.8,162.8,1.0,16280.0,438
2023-05-10 10:05:03,MO2312-P-6200,MO2312-P-6200,162.8,0.0,0.0,0.0,18,160.2,164.0,1,158.0,162.8,162.8,162.8,1.0,16280.0,438
2023-05-10 10:05:07,MO2312-P-6200,MO2312-P-6200,162.8,0.0,0.0,0.0,12,160.2,163.8,6,158.0,162.8,162.8,162.8,1.0,16280.0,438
2023-05-10 10:05:08,MO2312-P-6200,MO2312-P-6200,162.8,0.0,0.0,0.0,6,160.2,163.2,1,158.0,162.8,162.8,162.8,1.0,16280.0,438
2023-05-10 10:05:16,MO2312-P-6200,MO2312-P-6200,162.8,0.0,0.0,0.0,18,160.0,163.2,1,158.0,162.8,162.8,162.8,1.0,16280.0,438
2023-05-10 10:05:16,MO2312-P-6200,MO2312-P-6200,162.8,0.0,0.0,0.0,12,160.0,163.2,1,158.0,162.8,162.8,162.8,1.0,16280.0,438
2023-05-10 10:05:17,MO2312-P-6200,MO2312-P-6200,162.8,0.0,0.0,0.0,6,160.0,163.2,1,158.0,162.8,162.8,162.8,1.0,16280.0,438
2023-05-10 10:05:27,MO2312-P-6200,MO2312-P-6200,162.8,0.0,0.0,0.0,36,159.6,163.2,1,158.0,162.8,162.8,162.8,1.0,16280.0,438
2023-05-10 10:05:27,MO2312-P-6200,MO2312-P-6200,162.8,0.0,0.0,0.0,24,159.6,163.2,1,158.0,162.8,162.8,162.8,1.0,16280.0,438
2023-05-10 10:05:28,MO2312-P-6200,MO2312-P-6200,162.8,0.0,0.0,0.0,18,159.6,163.2,1,158.0,162.8,162.8,162.8,1.0,16280.0,438
2023-05-10 10:05:58,MO2312-P-6200,MO2312-P-6200,162.8,0.0,0.0,0.0,6,159.8,163.2,1,158.0,162.8,162.8,162.8,1.0,16280.0,438
2023-05-10 10:05:59,MO2312-P-6200,MO2312-P-6200,162.8,0.0,0.0,0.0,12,159.8,163.2,1,158.0,162.8,162.8,162.8,1.0,16280.0,438
2023-05-10 10:05:59,MO2312-P-6200,MO2312-P-6200,162.8,0.0,0.0,0.0,6,160.0,163.2,1,158.0,162.8,162.8,162.8,1.0,16280.0,438
2023-05-10 10:06:11,MO2312-P-6200,MO2312-P-6200,162.8,0.0,0.0,0.0,18,159.6,163.2,1,158.0,162.8,162.8,162.8,1.0,16280.0,438
2023-05-10 10:06:11,MO2312-P-6200,MO2312-P-6200,162.8,0.0,0.0,0.0,6,159.6,163.2,1,158.0,162.8,162.8,162.8,1.0,16280.0,438
2023-05-10 10:06:12,MO2312-P-6200,MO2312-P-6200,162.8,0.0,0.0,0.0,18,159.4,163.2,1,158.0,162.8,162.8,162.8,1.0,16280.0,438
2023-05-10 10:06:12,MO2312-P-6200,MO2312-P-6200,162.8,0.0,0.0,0.0,6,159.6,163.2,1,158.0,162.8,162.8,162.8,1.0,16280.0,438
2023-05-10 10:06:13,MO2312-P-6200,MO2312-P-6200,162.8,0.0,0.0,0.0,6,159.4,163.2,1,158.0,162.8,162.8,162.8,1.0,16280.0,438
2023-05-10 10:06:24,MO2312-P-6200,MO2312-P-6200,162.8,0.0,0.0,0.0,18,159.2,163.2,7,158.0,162.8,162.8,162.8,1.0,16280.0,438
2023-05-10 10:06:24,MO2312-P-6200,MO2312-P-6200,162.8,0.0,0.0,0.0,12,159.2,163.2,7,158.0,162.8,162.8,162.8,1.0,16280.0,438
2023-05-10 10:06:25,MO2312-P-6200,MO2312-P-6200,162.8,0.0,0.0,0.0,36,159.0,163.2,7,158.0,162.8,162.8,162.8,1.0,16280.0,438
2023-05-10 10:06:25,MO2312-P-6200,MO2312-P-6200,162.8,0.0,0.0,0.0,30,159.0,162.4,1,158.0,162.8,162.8,162.8,1.0,16280.0,438
2023-05-10 10:06:26,MO2312-P-6200,MO2312-P-6200,162.8,0.0,0.0,0.0,12,159.0,162.4,1,158.0,162.8,162.8,162.8,1.0,16280.0,438
2023-05-10 10:06:26,MO2312-P-6200,MO2312-P-6200,162.8,0.0,0.0,0.0,6,159.0,162.4,1,158.0,162.8,162.8,162.8,1.0,16280.0,438
2023-05-10 10:06:27,MO2312-P-6200,MO2312-P-6200,162.8,0.0,0.0,0.0,12,159.0,163.2,6,158.0,162.8,162.8,162.8,1.0,16280.0,438
2023-05-10 10:06:30,MO2312-P-6200,MO2312-P-6200,162.8,0.0,0.0,0.0,14,159.0,163.2,6,158.0,162.8,162.8,162.8,1.0,16280.0,438
2023-05-10 10:06:31,MO2312-P-6200,MO2312-P-6200,162.8,0.0,0.0,0.0,12,159.0,163.2,6,158.0,162.8,162.8,162.8,1.0,16280.0,438
2023-05-10 10:06:57,MO2312-P-6200,MO2312-P-6200,162.8,0.0,0.0,0.0,6,159.2,163.4,7,158.0,162.8,162.8,162.8,1.0,16280.0,438
2023-05-10 10:06:58,MO2312-P-6200,MO2312-P-6200,162.8,0.0,0.0,0.0,6,159.2,163.4,1,158.0,162.8,162.8,162.8,1.0,16280.0,438
2023-05-10 10:06:59,MO2312-P-6200,MO2312-P-6200,162.8,0.0,0.0,0.0,6,159.0,163.2,6,158.0,162.8,162.8,162.8,1.0,16280.0,438
2023-05-10 10:07:16,MO2312-P-6200,MO2312-P-6200,162.8,0.0,0.0,0.0,6,159.2,163.4,1,158.0,162.8,162.8,162.8,1.0,16280.0,438
2023-05-10 10:07:20,MO2312-P-6200,MO2312-P-6200,162.8,0.0,0.0,0.0,12,159.0,163.2,6,158.0,162.8,162.8,162.8,1.0,16280.0,438
2023-05-10 10:07:39,MO2312-P-6200,MO2312-P-6200,162.8,0.0,0.0,0.0,12,159.0,162.6,1,158.0,162.8,162.8,162.8,1.0,16280.0,438
2023-05-10 10:08:02,MO2312-P-6200,MO2312-P-6200,162.8,0.0,0.0,0.0,12,159.0,163.2,6,158.0,162.8,162.8,162.8,1.0,16280.0,438
2023-05-10 10:08:02,MO2312-P-6200,MO2312-P-6200,162.8,0.0,0.0,0.0,6,159.0,163.6,6,158.0,162.8,162.8,162.8,1.0,16280.0,438
2023-05-10 10:08:03,MO2312-P-6200,MO2312-P-6200,162.8,0.0,0.0,0.0,6,159.2,163.8,1,158.0,162.8,162.8,162.8,1.0,16280.0,438
2023-05-10 10:08:05,MO2312-P-6200,MO2312-P-6200,162.8,0.0,0.0,0.0,12,159.2,163.8,1,158.0,162.8,162.8,162.8,1.0,16280.0,438
2023-05-10 10:08:05,MO2312-P-6200,MO2312-P-6200,162.8,0.0,0.0,0.0,6,159.4,163.8,1,158.0,162.8,162.8,162.8,1.0,16280.0,438
2023-05-10 10:08:56,MO2312-P-6200,MO2312-P-6200,162.8,0.0,0.0,0.0,7,159.4,163.8,1,158.0,162.8,162.8,162.8,1.0,16280.0,438
2023-05-10 10:08:57,MO2312-P-6200,MO2312-P-6200,162.8,0.0,0.0,0.0,12,159.6,163.8,1,158.0,162.8,162.8,162.8,1.0,16280.0,438
2023-05-10 10:08:57,MO2312-P-6200,MO2312-P-6200,162.8,0.0,0.0,0.0,6,159.8,163.8,1,158.0,162.8,162.8,162.8,1.0,16280.0,438
2023-05-10 10:09:47,MO2312-P-6200,MO2312-P-6200,162.8,0.0,0.0,0.0,6,159.6,163.8,1,158.0,162.8,162.8,162.8,1.0,16280.0,438
2023-05-10 10:09:55,MO2312-P-6200,MO2312-P-6200,162.8,0.0,0.0,0.0,8,159.6,163.8,1,158.0,162.8,162.8,162.8,1.0,16280.0,438
2023-05-10 10:09:56,MO2312-P-6200,MO2312-P-6200,162.8,0.0,0.0,0.0,6,159.8,163.8,1,158.0,162.8,162.8,162.8,1.0,16280.0,438
2023-05-10 10:09:56,MO2312-P-6200,MO2312-P-6200,162.8,0.0,0.0,0.0,6,159.6,163.8,1,158.0,162.8,162.8,162.8,1.0,16280.0,438
2023-05-10 10:09:59,MO2312-P-6200,MO2312-P-6200,162.8,0.0,0.0,0.0,12,159.6,163.8,1,158.0,162.8,162.8,162.8,1.0,16280.0,438
2023-05-10 10:09:59,MO2312-P-6200,MO2312-P-6200,162.8,0.0,0.0,0.0,6,159.8,163.8,1,158.0,162.8,162.8,162.8,1.0,16280.0,438
2023-05-10 10:10:22,MO2312-P-6200,MO2312-P-6200,162.8,0.0,0.0,0.0,6,159.8,163.6,1,158.0,162.8,162.8,162.8,1.0,16280.0,438
2023-05-10 10:10:27,MO2312-P-6200,MO2312-P-6200,162.8,0.0,0.0,0.0,6,159.8,164.6,13,158.0,162.8,162.8,162.8,1.0,16280.0,438
2023-05-10 10:10:27,MO2312-P-6200,MO2312-P-6200,162.8,0.0,0.0,0.0,6,159.8,164.6,7,158.0,162.8,162.8,162.8,1.0,16280.0,438
2023-05-10 10:10:28,MO2312-P-6200,MO2312-P-6200,162.8,0.0,0.0,0.0,6,159.8,164.6,1,158.0,162.8,162.8,162.8,1.0,16280.0,438
2023-05-10 10:10:33,MO2312-P-6200,MO2312-P-6200,162.8,0.0,0.0,0.0,6,159.8,164.6,7,158.0,162.8,162.8,162.8,1.0,16280.0,438
2023-05-10 10:10:33,MO2312-P-6200,MO2312-P-6200,162.8,0.0,0.0,0.0,6,159.8,163.4,1,158.0,162.8,162.8,162.8,1.0,16280.0,438
2023-05-10 10:10:36,MO2312-P-6200,MO2312-P-6200,162.8,0.0,0.0,0.0,6,159.6,163.4,1,158.0,162.8,162.8,162.8,1.0,16280.0,438
2023-05-10 10:10:49,MO2312-P-6200,MO2312-P-6200,162.8,0.0,0.0,0.0,6,159.6,164.2,1,158.0,162.8,162.8,162.8,1.0,16280.0,438
2023-05-10 10:11:05,MO2312-P-6200,MO2312-P-6200,162.8,0.0,0.0,0.0,6,159.8,164.2,1,158.0,162.8,162.8,162.8,1.0,16280.0,438
2023-05-10 10:11:05,MO2312-P-6200,MO2312-P-6200,162.8,0.0,0.0,0.0,6,160.0,164.2,1,158.0,162.8,162.8,162.8,1.0,16280.0,438
2023-05-10 10:11:06,MO2312-P-6200,MO2312-P-6200,162.8,0.0,0.0,0.0,7,160.0,164.2,1,158.0,162.8,162.8,162.8,1.0,16280.0,438
2023-05-10 10:11:06,MO2312-P-6200,MO2312-P-6200,162.8,0.0,0.0,0.0,6,160.2,164.2,1,158.0,162.8,162.8,162.8,1.0,16280.0,438
2023-05-10 10:11:12,MO2312-P-6200,MO2312-P-6200,162.8,0.0,0.0,0.0,6,160.0,164.2,1,158.0,162.8,162.8,162.8,1.0,16280.0,438
2023-05-10 10:11:14,MO2312-P-6200,MO2312-P-6200,162.8,0.0,0.0,0.0,12,160.0,164.2,1,158.0,162.8,162.8,162.8,1.0,16280.0,438
2023-05-10 10:11:14,MO2312-P-6200,MO2312-P-6200,162.8,0.0,0.0,0.0,6,160.2,164.2,1,158.0,162.8,162.8,162.8,1.0,16280.0,438
2023-05-10 10:11:17,MO2312-P-6200,MO2312-P-6200,162.8,0.0,0.0,0.0,6,160.2,165.2,12,158.0,162.8,162.8,162.8,1.0,16280.0,438
2023-05-10 10:11:18,MO2312-P-6200,MO2312-P-6200,162.8,0.0,0.0,0.0,6,160.2,165.4,6,158.0,162.8,162.8,162.8,1.0,16280.0,438
2023-05-10 10:11:18,MO2312-P-6200,MO2312-P-6200,162.8,0.0,0.0,0.0,1,161.2,165.6,2,158.0,162.8,162.8,162.8,1.0,16280.0,438
2023-05-10 10:11:19,MO2312-P-6200,MO2312-P-6200,162.8,0.0,0.0,0.0,1,161.2,165.4,6,158.0,162.8,162.8,162.8,1.0,16280.0,438
2023-05-10 10:11:20,MO2312-P-6200,MO2312-P-6200,162.8,0.0,0.0,0.0,1,161.2,165.6,6,158.0,162.8,162.8,162.8,1.0,16280.0,438
2023-05-10 10:11:22,MO2312-P-6200,MO2312-P-6200,162.8,0.0,0.0,0.0,6,160.2,164.4,1,158.0,162.8,162.8,162.8,1.0,16280.0,438
2023-05-10 10:11:27,MO2312-P-6200,MO2312-P-6200,162.8,0.0,0.0,0.0,6,160.2,165.0,1,158.0,162.8,162.8,162.8,1.0,16280.0,438
2023-05-10 10:11:40,MO2312-P-6200,MO2312-P-6200,162.8,0.0,0.0,0.0,7,160.2,165.0,1,158.0,162.8,162.8,162.8,1.0,16280.0,438
2023-05-10 10:11:40,MO2312-P-6200,MO2312-P-6200,162.8,0.0,0.0,0.0,6,160.4,165.0,7,158.0,162.8,162.8,162.8,1.0,16280.0,438
2023-05-10 10:11:41,MO2312-P-6200,MO2312-P-6200,162.8,0.0,0.0,0.0,6,160.2,164.2,1,158.0,162.8,162.8,162.8,1.0,16280.0,438
2023-05-10 10:11:46,MO2312-P-6200,MO2312-P-6200,162.8,0.0,0.0,0.0,7,160.2,164.2,1,158.0,162.8,162.8,162.8,1.0,16280.0,438
2023-05-10 10:11:46,MO2312-P-6200,MO2312-P-6200,162.8,0.0,0.0,0.0,6,160.4,164.2,1,158.0,162.8,162.8,162.8,1.0,16280.0,438
2023-05-10 10:11:49,MO2312-P-6200,MO2312-P-6200,162.8,0.0,0.0,0.0,6,160.2,164.2,1,158.0,162.8,162.8,162.8,1.0,16280.0,438
2023-05-10 10:11:51,MO2312-P-6200,MO2312-P-6200,162.8,0.0,0.0,0.0,7,160.2,164.2,1,158.0,162.8,162.8,162.8,1.0,16280.0,438
2023-05-10 10:11:52,MO2312-P-6200,MO2312-P-6200,162.8,0.0,0.0,0.0,6,160.4,164.2,1,158.0,162.8,162.8,162.8,1.0,16280.0,438
2023-05-10 10:11:52,MO2312-P-6200,MO2312-P-6200,162.8,0.0,0.0,0.0,6,160.4,165.0,1,158.0,162.8,162.8,162.8,1.0,16280.0,438
2023-05-10 10:11:54,MO2312-P-6200,MO2312-P-6200,162.8,0.0,0.0,0.0,6,160.2,165.0,1,158.0,162.8,162.8,162.8,1.0,16280.0,438
2023-05-10 10:12:12,MO2312-P-6200,MO2312-P-6200,162.8,0.0,0.0,0.0,12,160.2,165.0,1,158.0,162.8,162.8,162.8,1.0,16280.0,438
2023-05-10 10:12:12,MO2312-P-6200,MO2312-P-6200,162.8,0.0,0.0,0.0,6,160.4,165.0,1,158.0,162.8,162.8,162.8,1.0,16280.0,438
2023-05-10 10:12:31,MO2312-P-6200,MO2312-P-6200,162.8,0.0,0.0,0.0,8,160.4,165.0,1,158.0,162.8,162.8,162.8,1.0,16280.0,438
2023-05-10 10:12:32,MO2312-P-6200,MO2312-P-6200,162.8,0.0,0.0,0.0,1,161.0,165.8,19,158.0,162.8,162.8,162.8,1.0,16280.0,438
2023-05-10 10:12:32,MO2312-P-6200,MO2312-P-6200,162.8,0.0,0.0,0.0,6,161.2,165.8,7,158.0,162.8,162.8,162.8,1.0,16280.0,438
2023-05-10 10:12:33,MO2312-P-6200,MO2312-P-6200,162.8,0.0,0.0,0.0,6,161.2,165.8,1,158.0,162.8,162.8,162.8,1.0,16280.0,438
2023-05-10 10:12:58,MO2312-P-6200,MO2312-P-6200,162.8,0.0,0.0,0.0,6,161.2,166.4,12,158.0,162.8,162.8,162.8,1.0,16280.0,438
2023-05-10 10:12:58,MO2312-P-6200,MO2312-P-6200,162.8,0.0,0.0,0.0,6,161.2,166.6,18,158.0,162.8,162.8,162.8,1.0,16280.0,438
2023-05-10 10:12:59,MO2312-P-6200,MO2312-P-6200,162.8,0.0,0.0,0.0,6,161.2,166.6,6,158.0,162.8,162.8,162.8,1.0,16280.0,438
2023-05-10 10:12:59,MO2312-P-6200,MO2312-P-6200,162.8,0.0,0.0,0.0,6,161.2,166.8,27,158.0,162.8,162.8,162.8,1.0,16280.0,438
2023-05-10 10:13:00,MO2312-P-6200,MO2312-P-6200,162.8,0.0,0.0,0.0,6,161.2,166.8,15,158.0,162.8,162.8,162.8,1.0,16280.0,438
2023-05-10 10:13:00,MO2312-P-6200,MO2312-P-6200,162.8,0.0,0.0,0.0,6,161.2,166.8,7,158.0,162.8,162.8,162.8,1.0,16280.0,438
2023-05-10 10:13:01,MO2312-P-6200,MO2312-P-6200,162.8,0.0,0.0,0.0,6,161.2,166.8,1,158.0,162.8,162.8,162.8,1.0,16280.0,438
2023-05-10 10:13:05,MO2312-P-6200,MO2312-P-6200,162.8,0.0,0.0,0.0,8,161.2,166.8,1,158.0,162.8,162.8,162.8,1.0,16280.0,438
2023-05-10 10:13:06,MO2312-P-6200,MO2312-P-6200,162.8,0.0,0.0,0.0,6,161.4,166.8,1,158.0,162.8,162.8,162.8,1.0,16280.0,438
2023-05-10 10:13:06,MO2312-P-6200,MO2312-P-6200,162.8,0.0,0.0,0.0,6,161.6,166.8,1,158.0,162.8,162.8,162.8,1.0,16280.0,438
2023-05-10 10:13:07,MO2312-P-6200,MO2312-P-6200,162.8,0.0,0.0,0.0,6,161.8,166.8,1,158.0,162.8,162.8,162.8,1.0,16280.0,438
2023-05-10 10:13:09,MO2312-P-6200,MO2312-P-6200,162.8,0.0,0.0,0.0,6,162.0,166.8,1,158.0,162.8,162.8,162.8,1.0,16280.0,438
2023-05-10 10:13:09,MO2312-P-6200,MO2312-P-6200,162.8,0.0,0.0,0.0,6,162.2,166.8,1,158.0,162.8,162.8,162.8,1.0,16280.0,438
2023-05-10 10:13:29,MO2312-P-6200,MO2312-P-6200,162.8,0.0,0.0,0.0,6,162.4,166.8,1,158.0,162.8,162.8,162.8,1.0,16280.0,438
2023-05-10 10:13:30,MO2312-P-6200,MO2312-P-6200,162.8,0.0,0.0,0.0,6,162.6,166.8,1,158.0,162.8,162.8,162.8,1.0,16280.0,438
2023-05-10 10:13:31,MO2312-P-6200,MO2312-P-6200,162.8,0.0,0.0,0.0,6,162.2,166.8,1,158.0,162.8,162.8,162.8,1.0,16280.0,438
2023-05-10 10:13:55,MO2312-P-6200,MO2312-P-6200,162.8,0.0,0.0,0.0,8,162.2,166.8,1,158.0,162.8,162.8,162.8,1.0,16280.0,438
2023-05-10 10:13:55,MO2312-P-6200,MO2312-P-6200,162.8,0.0,0.0,0.0,6,162.4,166.8,1,158.0,162.8,162.8,162.8,1.0,16280.0,438
2023-05-10 10:13:56,MO2312-P-6200,MO2312-P-6200,162.8,0.0,0.0,0.0,6,162.2,166.8,1,158.0,162.8,162.8,162.8,1.0,16280.0,438
2023-05-10 10:13:56,MO2312-P-6200,MO2312-P-6200,162.8,0.0,0.0,0.0,8,162.2,166.8,1,158.0,162.8,162.8,162.8,1.0,16280.0,438
