time,symbol_id,symbol_name,last,trade_volume,trade_amount,open_interest_change,bv1,bp1,ap1,av1,yesterday_close,today_open,today_high,today_low,volume,amount,open_interest
2023-05-10 09:29:00,MO2312-P-5800,MO2312-P-5800,67.8,0.0,0.0,0.0,1,53.4,83.2,1,67.8,63.6,0.0,0.0,0.0,0.0,343
2023-05-10 09:30:00,MO2312-P-5800,MO2312-P-5800,67.8,0.0,0.0,0.0,1,57.6,81.6,1,67.8,63.6,0.0,0.0,0.0,0.0,343
2023-05-10 09:30:00,MO2312-P-5800,MO2312-P-5800,67.8,0.0,0.0,0.0,6,57.8,81.6,1,67.8,63.6,0.0,0.0,0.0,0.0,343
2023-05-10 09:30:01,MO2312-P-5800,MO2312-P-5800,67.8,0.0,0.0,0.0,6,57.8,79.2,1,67.8,63.6,0.0,0.0,0.0,0.0,343
2023-05-10 09:30:01,MO2312-P-5800,MO2312-P-5800,67.8,0.0,0.0,0.0,7,57.8,79.2,1,67.8,63.6,0.0,0.0,0.0,0.0,343
2023-05-10 09:30:02,MO2312-P-5800,MO2312-P-5800,67.8,0.0,0.0,0.0,7,57.8,80.0,1,67.8,63.6,0.0,0.0,0.0,0.0,343
2023-05-10 09:30:02,MO2312-P-5800,MO2312-P-5800,67.8,0.0,0.0,0.0,6,58.0,80.0,1,67.8,63.6,0.0,0.0,0.0,0.0,343
2023-05-10 09:30:04,MO2312-P-5800,MO2312-P-5800,67.8,0.0,0.0,0.0,6,58.0,73.0,1,67.8,63.6,0.0,0.0,0.0,0.0,343
2023-05-10 09:30:08,MO2312-P-5800,MO2312-P-5800,67.8,0.0,0.0,0.0,6,58.0,73.4,1,67.8,63.6,0.0,0.0,0.0,0.0,343
2023-05-10 09:30:08,MO2312-P-5800,MO2312-P-5800,67.8,0.0,0.0,0.0,6,58.0,79.4,1,67.8,63.6,0.0,0.0,0.0,0.0,343
2023-05-10 09:30:11,MO2312-P-5800,MO2312-P-5800,67.8,0.0,0.0,0.0,7,58.0,79.4,1,67.8,63.6,0.0,0.0,0.0,0.0,343
2023-05-10 09:30:12,MO2312-P-5800,MO2312-P-5800,67.8,0.0,0.0,0.0,6,58.2,79.4,1,67.8,63.6,0.0,0.0,0.0,0.0,343
2023-05-10 09:30:13,MO2312-P-5800,MO2312-P-5800,67.8,0.0,0.0,0.0,6,58.2,78.8,1,67.8,63.6,0.0,0.0,0.0,0.0,343
2023-05-10 09:30:14,MO2312-P-5800,MO2312-P-5800,67.8,0.0,0.0,0.0,2,58.4,78.6,2,67.8,63.6,0.0,0.0,0.0,0.0,343
2023-05-10 09:30:14,MO2312-P-5800,MO2312-P-5800,67.8,0.0,0.0,0.0,6,58.6,78.6,2,67.8,63.6,0.0,0.0,0.0,0.0,343
2023-05-10 09:30:15,MO2312-P-5800,MO2312-P-5800,67.8,0.0,0.0,0.0,2,58.8,78.6,2,67.8,63.6,0.0,0.0,0.0,0.0,343
2023-05-10 09:30:15,MO2312-P-5800,MO2312-P-5800,67.8,0.0,0.0,0.0,6,59.0,78.6,2,67.8,63.6,0.0,0.0,0.0,0.0,343
2023-05-10 09:30:16,MO2312-P-5800,MO2312-P-5800,67.8,0.0,0.0,0.0,2,59.2,78.6,2,67.8,63.6,0.0,0.0,0.0,0.0,343
2023-05-10 09:30:16,MO2312-P-5800,MO2312-P-5800,67.8,0.0,0.0,0.0,6,59.4,78.6,2,67.8,63.6,0.0,0.0,0.0,0.0,343
2023-05-10 09:30:17,MO2312-P-5800,MO2312-P-5800,67.8,0.0,0.0,0.0,2,59.6,78.6,2,67.8,63.6,0.0,0.0,0.0,0.0,343
2023-05-10 09:30:17,MO2312-P-5800,MO2312-P-5800,67.8,0.0,0.0,0.0,6,59.8,78.6,2,67.8,63.6,0.0,0.0,0.0,0.0,343
2023-05-10 09:30:18,MO2312-P-5800,MO2312-P-5800,67.8,0.0,0.0,0.0,2,60.0,78.6,2,67.8,63.6,0.0,0.0,0.0,0.0,343
2023-05-10 09:30:18,MO2312-P-5800,MO2312-P-5800,67.8,0.0,0.0,0.0,6,60.2,78.6,2,67.8,63.6,0.0,0.0,0.0,0.0,343
2023-05-10 09:30:19,MO2312-P-5800,MO2312-P-5800,67.8,0.0,0.0,0.0,2,60.4,78.6,2,67.8,63.6,0.0,0.0,0.0,0.0,343
2023-05-10 09:30:19,MO2312-P-5800,MO2312-P-5800,67.8,0.0,0.0,0.0,6,60.6,78.6,2,67.8,63.6,0.0,0.0,0.0,0.0,343
2023-05-10 09:30:20,MO2312-P-5800,MO2312-P-5800,67.8,0.0,0.0,0.0,2,60.8,78.6,2,67.8,63.6,0.0,0.0,0.0,0.0,343
2023-05-10 09:30:20,MO2312-P-5800,MO2312-P-5800,67.8,0.0,0.0,0.0,8,60.8,78.4,6,67.8,63.6,0.0,0.0,0.0,0.0,343
2023-05-10 09:30:21,MO2312-P-5800,MO2312-P-5800,67.8,0.0,0.0,0.0,8,60.8,78.2,2,67.8,63.6,0.0,0.0,0.0,0.0,343
2023-05-10 09:30:21,MO2312-P-5800,MO2312-P-5800,67.8,0.0,0.0,0.0,6,61.0,78.2,8,67.8,63.6,0.0,0.0,0.0,0.0,343
2023-05-10 09:30:22,MO2312-P-5800,MO2312-P-5800,67.8,0.0,0.0,0.0,2,61.2,78.2,8,67.8,63.6,0.0,0.0,0.0,0.0,343
2023-05-10 09:30:22,MO2312-P-5800,MO2312-P-5800,67.8,0.0,0.0,0.0,6,61.4,78.2,8,67.8,63.6,0.0,0.0,0.0,0.0,343
2023-05-10 09:30:23,MO2312-P-5800,MO2312-P-5800,67.8,0.0,0.0,0.0,2,61.6,78.2,8,67.8,63.6,0.0,0.0,0.0,0.0,343
2023-05-10 09:30:23,MO2312-P-5800,MO2312-P-5800,67.8,0.0,0.0,0.0,8,61.6,78.0,6,67.8,63.6,0.0,0.0,0.0,0.0,343
2023-05-10 09:30:24,MO2312-P-5800,MO2312-P-5800,67.8,0.0,0.0,0.0,8,61.6,77.8,2,67.8,63.6,0.0,0.0,0.0,0.0,343
2023-05-10 09:30:24,MO2312-P-5800,MO2312-P-5800,67.8,0.0,0.0,0.0,8,61.6,77.6,6,67.8,63.6,0.0,0.0,0.0,0.0,343
2023-05-10 09:30:25,MO2312-P-5800,MO2312-P-5800,67.8,0.0,0.0,0.0,2,61.6,77.4,2,67.8,63.6,0.0,0.0,0.0,0.0,343
2023-05-10 09:30:25,MO2312-P-5800,MO2312-P-5800,67.8,0.0,0.0,0.0,8,61.6,77.2,12,67.8,63.6,0.0,0.0,0.0,0.0,343
2023-05-10 09:30:26,MO2312-P-5800,MO2312-P-5800,67.8,0.0,0.0,0.0,6,64.2,72.2,6,67.8,63.6,0.0,0.0,0.0,0.0,343
2023-05-10 09:30:26,MO2312-P-5800,MO2312-P-5800,67.8,0.0,0.0,0.0,7,64.2,72.2,6,67.8,63.6,0.0,0.0,0.0,0.0,343
2023-05-10 09:30:27,MO2312-P-5800,MO2312-P-5800,67.8,0.0,0.0,0.0,9,64.2,72.2,8,67.8,63.6,0.0,0.0,0.0,0.0,343
2023-05-10 09:30:27,MO2312-P-5800,MO2312-P-5800,67.8,0.0,0.0,0.0,6,64.4,72.2,6,67.8,63.6,0.0,0.0,0.0,0.0,343
2023-05-10 09:30:28,MO2312-P-5800,MO2312-P-5800,67.8,0.0,0.0,0.0,8,64.4,72.2,8,67.8,63.6,0.0,0.0,0.0,0.0,343
2023-05-10 09:30:28,MO2312-P-5800,MO2312-P-5800,67.8,0.0,0.0,0.0,6,64.6,72.2,6,67.8,63.6,0.0,0.0,0.0,0.0,343
2023-05-10 09:30:29,MO2312-P-5800,MO2312-P-5800,67.8,0.0,0.0,0.0,2,64.6,72.2,8,67.8,63.6,0.0,0.0,0.0,0.0,343
2023-05-10 09:30:29,MO2312-P-5800,MO2312-P-5800,67.8,0.0,0.0,0.0,6,64.8,72.2,6,67.8,63.6,0.0,0.0,0.0,0.0,343
2023-05-10 09:30:30,MO2312-P-5800,MO2312-P-5800,67.8,0.0,0.0,0.0,6,64.4,72.2,6,67.8,63.6,0.0,0.0,0.0,0.0,343
2023-05-10 09:30:30,MO2312-P-5800,MO2312-P-5800,67.8,0.0,0.0,0.0,8,64.4,72.2,8,67.8,63.6,0.0,0.0,0.0,0.0,343
2023-05-10 09:30:31,MO2312-P-5800,MO2312-P-5800,67.8,0.0,0.0,0.0,6,64.6,72.2,6,67.8,63.6,0.0,0.0,0.0,0.0,343
2023-05-10 09:30:31,MO2312-P-5800,MO2312-P-5800,67.8,0.0,0.0,0.0,2,64.6,72.2,8,67.8,63.6,0.0,0.0,0.0,0.0,343
2023-05-10 09:30:32,MO2312-P-5800,MO2312-P-5800,67.8,0.0,0.0,0.0,6,64.8,72.2,6,67.8,63.6,0.0,0.0,0.0,0.0,343
2023-05-10 09:30:32,MO2312-P-5800,MO2312-P-5800,67.8,0.0,0.0,0.0,2,64.8,72.2,8,67.8,63.6,0.0,0.0,0.0,0.0,343
2023-05-10 09:30:33,MO2312-P-5800,MO2312-P-5800,67.8,0.0,0.0,0.0,6,65.0,72.2,6,67.8,63.6,0.0,0.0,0.0,0.0,343
2023-05-10 09:30:33,MO2312-P-5800,MO2312-P-5800,67.8,0.0,0.0,0.0,8,65.0,72.2,8,67.8,63.6,0.0,0.0,0.0,0.0,343
2023-05-10 09:30:34,MO2312-P-5800,MO2312-P-5800,67.8,0.0,0.0,0.0,6,65.2,72.2,6,67.8,63.6,0.0,0.0,0.0,0.0,343
2023-05-10 09:30:34,MO2312-P-5800,MO2312-P-5800,67.8,0.0,0.0,0.0,8,65.2,72.2,8,67.8,63.6,0.0,0.0,0.0,0.0,343
2023-05-10 09:30:35,MO2312-P-5800,MO2312-P-5800,67.8,0.0,0.0,0.0,12,65.4,72.2,6,67.8,63.6,0.0,0.0,0.0,0.0,343
2023-05-10 09:30:35,MO2312-P-5800,MO2312-P-5800,67.8,0.0,0.0,0.0,6,65.6,72.2,8,67.8,63.6,0.0,0.0,0.0,0.0,343
2023-05-10 09:30:36,MO2312-P-5800,MO2312-P-5800,67.8,0.0,0.0,0.0,6,65.6,72.2,6,67.8,63.6,0.0,0.0,0.0,0.0,343
2023-05-10 09:30:36,MO2312-P-5800,MO2312-P-5800,67.8,0.0,0.0,0.0,8,65.6,72.2,8,67.8,63.6,0.0,0.0,0.0,0.0,343
2023-05-10 09:30:37,MO2312-P-5800,MO2312-P-5800,67.8,0.0,0.0,0.0,6,65.8,72.2,6,67.8,63.6,0.0,0.0,0.0,0.0,343
2023-05-10 09:30:37,MO2312-P-5800,MO2312-P-5800,67.8,0.0,0.0,0.0,8,65.8,72.2,8,67.8,63.6,0.0,0.0,0.0,0.0,343
2023-05-10 09:30:38,MO2312-P-5800,MO2312-P-5800,67.8,0.0,0.0,0.0,6,66.0,72.2,6,67.8,63.6,0.0,0.0,0.0,0.0,343
2023-05-10 09:30:45,MO2312-P-5800,MO2312-P-5800,67.8,0.0,0.0,0.0,8,66.0,72.2,6,67.8,63.6,0.0,0.0,0.0,0.0,343
2023-05-10 09:30:45,MO2312-P-5800,MO2312-P-5800,67.8,0.0,0.0,0.0,6,66.0,72.2,6,67.8,63.6,0.0,0.0,0.0,0.0,343
2023-05-10 09:30:46,MO2312-P-5800,MO2312-P-5800,67.8,0.0,0.0,0.0,8,66.0,72.2,6,67.8,63.6,0.0,0.0,0.0,0.0,343
2023-05-10 09:30:46,MO2312-P-5800,MO2312-P-5800,67.8,0.0,0.0,0.0,6,66.0,72.2,6,67.8,63.6,0.0,0.0,0.0,0.0,343
2023-05-10 09:30:47,MO2312-P-5800,MO2312-P-5800,67.8,0.0,0.0,0.0,8,66.0,72.2,6,67.8,63.6,0.0,0.0,0.0,0.0,343
2023-05-10 09:30:47,MO2312-P-5800,MO2312-P-5800,67.8,0.0,0.0,0.0,6,66.0,72.2,6,67.8,63.6,0.0,0.0,0.0,0.0,343
2023-05-10 09:30:48,MO2312-P-5800,MO2312-P-5800,67.8,0.0,0.0,0.0,6,66.0,72.2,8,67.8,63.6,0.0,0.0,0.0,0.0,343
2023-05-10 09:30:48,MO2312-P-5800,MO2312-P-5800,67.8,0.0,0.0,0.0,6,66.0,72.2,6,67.8,63.6,0.0,0.0,0.0,0.0,343
2023-05-10 09:30:49,MO2312-P-5800,MO2312-P-5800,67.8,0.0,0.0,0.0,6,66.0,72.2,8,67.8,63.6,0.0,0.0,0.0,0.0,343
2023-05-10 09:30:49,MO2312-P-5800,MO2312-P-5800,67.8,0.0,0.0,0.0,6,66.0,72.2,6,67.8,63.6,0.0,0.0,0.0,0.0,343
2023-05-10 09:30:50,MO2312-P-5800,MO2312-P-5800,67.8,0.0,0.0,0.0,6,66.0,72.2,8,67.8,63.6,0.0,0.0,0.0,0.0,343
2023-05-10 09:30:50,MO2312-P-5800,MO2312-P-5800,67.8,0.0,0.0,0.0,6,66.0,72.2,6,67.8,63.6,0.0,0.0,0.0,0.0,343
2023-05-10 09:30:51,MO2312-P-5800,MO2312-P-5800,67.8,0.0,0.0,0.0,6,66.0,72.2,8,67.8,63.6,0.0,0.0,0.0,0.0,343
2023-05-10 09:30:51,MO2312-P-5800,MO2312-P-5800,67.8,0.0,0.0,0.0,6,66.0,72.2,12,67.8,63.6,0.0,0.0,0.0,0.0,343
2023-05-10 09:30:52,MO2312-P-5800,MO2312-P-5800,67.8,0.0,0.0,0.0,2,66.2,72.2,12,67.8,63.6,0.0,0.0,0.0,0.0,343
2023-05-10 09:30:53,MO2312-P-5800,MO2312-P-5800,67.8,0.0,0.0,0.0,8,66.2,72.2,12,67.8,63.6,0.0,0.0,0.0,0.0,343
2023-05-10 09:30:53,MO2312-P-5800,MO2312-P-5800,67.8,0.0,0.0,0.0,6,66.2,72.2,12,67.8,63.6,0.0,0.0,0.0,0.0,343
2023-05-10 09:30:54,MO2312-P-5800,MO2312-P-5800,67.8,0.0,0.0,0.0,8,66.0,72.2,12,67.8,63.6,0.0,0.0,0.0,0.0,343
2023-05-10 09:31:03,MO2312-P-5800,MO2312-P-5800,67.8,0.0,0.0,0.0,6,66.2,72.2,12,67.8,63.6,0.0,0.0,0.0,0.0,343
2023-05-10 09:31:03,MO2312-P-5800,MO2312-P-5800,67.8,0.0,0.0,0.0,8,66.2,72.2,12,67.8,63.6,0.0,0.0,0.0,0.0,343
2023-05-10 09:31:04,MO2312-P-5800,MO2312-P-5800,67.8,0.0,0.0,0.0,6,66.4,72.2,12,67.8,63.6,0.0,0.0,0.0,0.0,343
2023-05-10 09:31:05,MO2312-P-5800,MO2312-P-5800,67.8,0.0,0.0,0.0,8,66.0,72.2,12,67.8,63.6,0.0,0.0,0.0,0.0,343
2023-05-10 09:31:05,MO2312-P-5800,MO2312-P-5800,67.8,0.0,0.0,0.0,6,66.2,72.2,12,67.8,63.6,0.0,0.0,0.0,0.0,343
2023-05-10 09:31:10,MO2312-P-5800,MO2312-P-5800,67.8,0.0,0.0,0.0,6,66.2,72.2,6,67.8,63.6,0.0,0.0,0.0,0.0,343
2023-05-10 09:31:10,MO2312-P-5800,MO2312-P-5800,67.8,0.0,0.0,0.0,6,66.0,72.2,6,67.8,63.6,0.0,0.0,0.0,0.0,343
2023-05-10 09:31:33,MO2312-P-5800,MO2312-P-5800,67.8,0.0,0.0,0.0,2,66.2,72.2,6,67.8,63.6,0.0,0.0,0.0,0.0,343
2023-05-10 09:31:33,MO2312-P-5800,MO2312-P-5800,67.8,0.0,0.0,0.0,6,66.4,72.2,6,67.8,63.6,0.0,0.0,0.0,0.0,343
2023-05-10 09:31:35,MO2312-P-5800,MO2312-P-5800,67.8,0.0,0.0,0.0,8,66.0,72.2,6,67.8,63.6,0.0,0.0,0.0,0.0,343
2023-05-10 09:31:36,MO2312-P-5800,MO2312-P-5800,67.8,0.0,0.0,0.0,6,66.2,72.2,6,67.8,63.6,0.0,0.0,0.0,0.0,343
2023-05-10 09:31:36,MO2312-P-5800,MO2312-P-5800,67.8,0.0,0.0,0.0,6,66.0,72.2,6,67.8,63.6,0.0,0.0,0.0,0.0,343
2023-05-10 09:31:39,MO2312-P-5800,MO2312-P-5800,67.8,0.0,0.0,0.0,12,66.0,72.2,6,67.8,63.6,0.0,0.0,0.0,0.0,343
2023-05-10 09:31:39,MO2312-P-5800,MO2312-P-5800,67.8,0.0,0.0,0.0,6,66.2,72.2,6,67.8,63.6,0.0,0.0,0.0,0.0,343
2023-05-10 09:31:40,MO2312-P-5800,MO2312-P-5800,67.8,0.0,0.0,0.0,2,66.4,72.2,6,67.8,63.6,0.0,0.0,0.0,0.0,343
2023-05-10 09:31:41,MO2312-P-5800,MO2312-P-5800,67.8,0.0,0.0,0.0,6,66.6,72.2,6,67.8,63.6,0.0,0.0,0.0,0.0,343
2023-05-10 09:31:41,MO2312-P-5800,MO2312-P-5800,67.8,0.0,0.0,0.0,6,66.8,72.2,6,67.8,63.6,0.0,0.0,0.0,0.0,343
2023-05-10 09:31:42,MO2312-P-5800,MO2312-P-5800,67.8,0.0,0.0,0.0,6,67.0,72.2,6,67.8,63.6,0.0,0.0,0.0,0.0,343
2023-05-10 09:31:51,MO2312-P-5800,MO2312-P-5800,67.8,0.0,0.0,0.0,6,67.0,72.2,8,67.8,63.6,0.0,0.0,0.0,0.0,343
2023-05-10 09:31:56,MO2312-P-5800,MO2312-P-5800,67.8,0.0,0.0,0.0,6,67.0,72.2,6,67.8,63.6,0.0,0.0,0.0,0.0,343
2023-05-10 09:31:57,MO2312-P-5800,MO2312-P-5800,67.8,0.0,0.0,0.0,6,67.0,72.2,8,67.8,63.6,0.0,0.0,0.0,0.0,343
2023-05-10 09:32:07,MO2312-P-5800,MO2312-P-5800,67.8,0.0,0.0,0.0,12,67.2,72.0,12,67.8,63.6,0.0,0.0,0.0,0.0,343
2023-05-10 09:32:08,MO2312-P-5800,MO2312-P-5800,67.8,0.0,0.0,0.0,6,67.4,72.2,8,67.8,63.6,0.0,0.0,0.0,0.0,343
2023-05-10 09:32:08,MO2312-P-5800,MO2312-P-5800,67.8,0.0,0.0,0.0,12,67.4,72.2,20,67.8,63.6,0.0,0.0,0.0,0.0,343
2023-05-10 09:32:09,MO2312-P-5800,MO2312-P-5800,67.8,0.0,0.0,0.0,6,67.6,72.2,8,67.8,63.6,0.0,0.0,0.0,0.0,343
2023-05-10 09:32:09,MO2312-P-5800,MO2312-P-5800,67.8,0.0,0.0,0.0,6,67.0,72.2,8,67.8,63.6,0.0,0.0,0.0,0.0,343
2023-05-10 09:32:11,MO2312-P-5800,MO2312-P-5800,67.8,0.0,0.0,0.0,6,67.0,72.2,6,67.8,63.6,0.0,0.0,0.0,0.0,343
2023-05-10 09:32:11,MO2312-P-5800,MO2312-P-5800,67.8,0.0,0.0,0.0,6,67.0,72.2,8,67.8,63.6,0.0,0.0,0.0,0.0,343
2023-05-10 09:32:48,MO2312-P-5800,MO2312-P-5800,67.8,0.0,0.0,0.0,6,67.0,72.2,6,67.8,63.6,0.0,0.0,0.0,0.0,343
2023-05-10 09:32:49,MO2312-P-5800,MO2312-P-5800,67.8,0.0,0.0,0.0,6,67.0,72.2,8,67.8,63.6,0.0,0.0,0.0,0.0,343
2023-05-10 09:32:54,MO2312-P-5800,MO2312-P-5800,67.8,0.0,0.0,0.0,6,67.0,70.6,1,67.8,63.6,0.0,0.0,0.0,0.0,343
2023-05-10 09:32:58,MO2312-P-5800,MO2312-P-5800,67.8,0.0,0.0,0.0,6,67.0,70.8,2,67.8,63.6,0.0,0.0,0.0,0.0,343
2023-05-10 09:32:59,MO2312-P-5800,MO2312-P-5800,67.8,0.0,0.0,0.0,6,67.0,71.2,25,67.8,63.6,0.0,0.0,0.0,0.0,343
2023-05-10 09:32:59,MO2312-P-5800,MO2312-P-5800,67.8,0.0,0.0,0.0,6,67.0,71.2,13,67.8,63.6,0.0,0.0,0.0,0.0,343
2023-05-10 09:33:00,MO2312-P-5800,MO2312-P-5800,67.8,0.0,0.0,0.0,6,67.0,71.2,15,67.8,63.6,0.0,0.0,0.0,0.0,343
2023-05-10 09:33:07,MO2312-P-5800,MO2312-P-5800,67.8,0.0,0.0,0.0,6,67.0,71.2,12,67.8,63.6,0.0,0.0,0.0,0.0,343
2023-05-10 09:33:08,MO2312-P-5800,MO2312-P-5800,67.8,0.0,0.0,0.0,6,67.0,71.2,6,67.8,63.6,0.0,0.0,0.0,0.0,343
2023-05-10 09:33:08,MO2312-P-5800,MO2312-P-5800,67.8,0.0,0.0,0.0,6,67.0,71.2,8,67.8,63.6,0.0,0.0,0.0,0.0,343
2023-05-10 09:33:10,MO2312-P-5800,MO2312-P-5800,67.8,0.0,0.0,0.0,1,67.8,71.2,8,67.8,63.6,0.0,0.0,0.0,0.0,343
2023-05-10 09:33:11,MO2312-P-5800,MO2312-P-5800,67.8,0.0,0.0,0.0,6,68.0,71.2,8,67.8,63.6,0.0,0.0,0.0,0.0,343
2023-05-10 09:33:18,MO2312-P-5800,MO2312-P-5800,67.8,0.0,0.0,0.0,6,68.0,71.2,2,67.8,63.6,0.0,0.0,0.0,0.0,343
2023-05-10 09:33:18,MO2312-P-5800,MO2312-P-5800,67.8,0.0,0.0,0.0,6,68.0,71.8,19,67.8,63.6,0.0,0.0,0.0,0.0,343
2023-05-10 09:33:19,MO2312-P-5800,MO2312-P-5800,67.8,0.0,0.0,0.0,6,68.0,71.8,7,67.8,63.6,0.0,0.0,0.0,0.0,343
2023-05-10 09:33:19,MO2312-P-5800,MO2312-P-5800,67.8,0.0,0.0,0.0,6,68.0,71.8,3,67.8,63.6,0.0,0.0,0.0,0.0,343
2023-05-10 09:33:20,MO2312-P-5800,MO2312-P-5800,67.8,0.0,0.0,0.0,6,68.0,71.8,1,67.8,63.6,0.0,0.0,0.0,0.0,343
2023-05-10 09:33:27,MO2312-P-5800,MO2312-P-5800,67.8,0.0,0.0,0.0,6,68.0,72.0,2,67.8,63.6,0.0,0.0,0.0,0.0,343
2023-05-10 09:33:27,MO2312-P-5800,MO2312-P-5800,67.8,0.0,0.0,0.0,6,68.0,72.2,24,67.8,63.6,0.0,0.0,0.0,0.0,343
2023-05-10 09:33:28,MO2312-P-5800,MO2312-P-5800,67.8,0.0,0.0,0.0,6,68.0,72.2,26,67.8,63.6,0.0,0.0,0.0,0.0,343
2023-05-10 09:33:32,MO2312-P-5800,MO2312-P-5800,67.8,0.0,0.0,0.0,6,68.0,71.8,1,67.8,63.6,0.0,0.0,0.0,0.0,343
2023-05-10 09:33:37,MO2312-P-5800,MO2312-P-5800,67.8,0.0,0.0,0.0,6,68.0,72.0,2,67.8,63.6,0.0,0.0,0.0,0.0,343
2023-05-10 09:33:37,MO2312-P-5800,MO2312-P-5800,67.8,0.0,0.0,0.0,6,68.0,72.2,24,67.8,63.6,0.0,0.0,0.0,0.0,343
2023-05-10 09:33:38,MO2312-P-5800,MO2312-P-5800,67.8,0.0,0.0,0.0,6,68.0,72.2,26,67.8,63.6,0.0,0.0,0.0,0.0,343
2023-05-10 09:33:43,MO2312-P-5800,MO2312-P-5800,67.8,0.0,0.0,0.0,6,68.0,72.2,27,67.8,63.6,0.0,0.0,0.0,0.0,343
2023-05-10 09:33:47,MO2312-P-5800,MO2312-P-5800,67.8,0.0,0.0,0.0,6,68.0,72.2,26,67.8,63.6,0.0,0.0,0.0,0.0,343
2023-05-10 09:33:48,MO2312-P-5800,MO2312-P-5800,67.8,0.0,0.0,0.0,1,68.8,72.2,26,67.8,63.6,0.0,0.0,0.0,0.0,343
2023-05-10 09:33:49,MO2312-P-5800,MO2312-P-5800,67.8,0.0,0.0,0.0,6,69.0,72.2,14,67.8,63.6,0.0,0.0,0.0,0.0,343
2023-05-10 09:33:57,MO2312-P-5800,MO2312-P-5800,67.8,0.0,0.0,0.0,6,69.0,72.0,1,67.8,63.6,0.0,0.0,0.0,0.0,343
2023-05-10 09:34:12,MO2312-P-5800,MO2312-P-5800,67.8,0.0,0.0,0.0,6,69.0,72.2,14,67.8,63.6,0.0,0.0,0.0,0.0,343
2023-05-10 09:34:27,MO2312-P-5800,MO2312-P-5800,67.8,0.0,0.0,0.0,6,69.0,72.2,12,67.8,63.6,0.0,0.0,0.0,0.0,343
2023-05-10 09:34:28,MO2312-P-5800,MO2312-P-5800,67.8,0.0,0.0,0.0,6,69.0,72.2,8,67.8,63.6,0.0,0.0,0.0,0.0,343
2023-05-10 09:34:28,MO2312-P-5800,MO2312-P-5800,67.8,0.0,0.0,0.0,6,69.0,72.0,1,67.8,63.6,0.0,0.0,0.0,0.0,343
2023-05-10 09:34:34,MO2312-P-5800,MO2312-P-5800,67.8,0.0,0.0,0.0,6,68.8,72.0,1,67.8,63.6,0.0,0.0,0.0,0.0,343
2023-05-10 09:34:35,MO2312-P-5800,MO2312-P-5800,67.8,0.0,0.0,0.0,6,68.4,72.0,1,67.8,63.6,0.0,0.0,0.0,0.0,343
2023-05-10 09:34:40,MO2312-P-5800,MO2312-P-5800,67.8,0.0,0.0,0.0,8,68.4,72.0,1,67.8,63.6,0.0,0.0,0.0,0.0,343
2023-05-10 09:34:40,MO2312-P-5800,MO2312-P-5800,67.8,0.0,0.0,0.0,6,68.6,72.0,1,67.8,63.6,0.0,0.0,0.0,0.0,343
2023-05-10 09:34:42,MO2312-P-5800,MO2312-P-5800,67.8,0.0,0.0,0.0,1,68.8,72.2,8,67.8,63.6,0.0,0.0,0.0,0.0,343
2023-05-10 09:34:42,MO2312-P-5800,MO2312-P-5800,67.8,0.0,0.0,0.0,6,69.0,72.2,8,67.8,63.6,0.0,0.0,0.0,0.0,343
2023-05-10 09:34:48,MO2312-P-5800,MO2312-P-5800,67.8,0.0,0.0,0.0,6,69.0,72.2,9,67.8,63.6,0.0,0.0,0.0,0.0,343
2023-05-10 09:34:52,MO2312-P-5800,MO2312-P-5800,67.8,0.0,0.0,0.0,6,68.6,72.2,9,67.8,63.6,0.0,0.0,0.0,0.0,343
2023-05-10 09:34:57,MO2312-P-5800,MO2312-P-5800,67.8,0.0,0.0,0.0,6,68.6,72.2,7,67.8,63.6,0.0,0.0,0.0,0.0,343
2023-05-10 09:34:57,MO2312-P-5800,MO2312-P-5800,67.8,0.0,0.0,0.0,6,68.6,72.2,9,67.8,63.6,0.0,0.0,0.0,0.0,343
2023-05-10 09:35:02,MO2312-P-5800,MO2312-P-5800,67.8,0.0,0.0,0.0,8,68.4,72.2,15,67.8,63.6,0.0,0.0,0.0,0.0,343
2023-05-10 09:35:02,MO2312-P-5800,MO2312-P-5800,67.8,0.0,0.0,0.0,6,68.6,72.2,14,67.8,63.6,0.0,0.0,0.0,0.0,343
2023-05-10 09:35:03,MO2312-P-5800,MO2312-P-5800,67.8,0.0,0.0,0.0,6,68.4,72.2,14,67.8,63.6,0.0,0.0,0.0,0.0,343
2023-05-10 09:35:03,MO2312-P-5800,MO2312-P-5800,67.8,0.0,0.0,0.0,8,68.4,72.2,14,67.8,63.6,0.0,0.0,0.0,0.0,343
2023-05-10 09:35:04,MO2312-P-5800,MO2312-P-5800,67.8,0.0,0.0,0.0,6,68.6,72.2,14,67.8,63.6,0.0,0.0,0.0,0.0,343
2023-05-10 09:35:06,MO2312-P-5800,MO2312-P-5800,67.8,0.0,0.0,0.0,6,68.4,72.2,14,67.8,63.6,0.0,0.0,0.0,0.0,343
2023-05-10 09:35:07,MO2312-P-5800,MO2312-P-5800,67.8,0.0,0.0,0.0,6,68.4,71.8,1,67.8,63.6,0.0,0.0,0.0,0.0,343
2023-05-10 09:35:10,MO2312-P-5800,MO2312-P-5800,67.8,0.0,0.0,0.0,6,68.2,71.8,1,67.8,63.6,0.0,0.0,0.0,0.0,343
2023-05-10 09:35:12,MO2312-P-5800,MO2312-P-5800,67.8,0.0,0.0,0.0,6,68.2,72.0,2,67.8,63.6,0.0,0.0,0.0,0.0,343
2023-05-10 09:35:12,MO2312-P-5800,MO2312-P-5800,67.8,0.0,0.0,0.0,6,68.2,72.2,18,67.8,63.6,0.0,0.0,0.0,0.0,343
2023-05-10 09:35:13,MO2312-P-5800,MO2312-P-5800,67.8,0.0,0.0,0.0,6,68.2,72.2,20,67.8,63.6,0.0,0.0,0.0,0.0,343
2023-05-10 09:35:18,MO2312-P-5800,MO2312-P-5800,67.8,0.0,0.0,0.0,6,68.2,72.2,14,67.8,63.6,0.0,0.0,0.0,0.0,343
2023-05-10 09:35:19,MO2312-P-5800,MO2312-P-5800,67.8,0.0,0.0,0.0,6,68.2,72.0,1,67.8,63.6,0.0,0.0,0.0,0.0,343
2023-05-10 09:35:36,MO2312-P-5800,MO2312-P-5800,67.8,0.0,0.0,0.0,6,68.2,71.8,6,67.8,63.6,0.0,0.0,0.0,0.0,343
2023-05-10 09:35:37,MO2312-P-5800,MO2312-P-5800,67.8,0.0,0.0,0.0,1,68.0,71.8,6,67.8,63.6,0.0,0.0,0.0,0.0,343
2023-05-10 09:35:38,MO2312-P-5800,MO2312-P-5800,67.8,0.0,0.0,0.0,1,68.0,71.4,1,67.8,63.6,0.0,0.0,0.0,0.0,343
2023-05-10 09:35:39,MO2312-P-5800,MO2312-P-5800,67.8,0.0,0.0,0.0,7,68.0,71.2,6,67.8,63.6,0.0,0.0,0.0,0.0,343
2023-05-10 09:35:40,MO2312-P-5800,MO2312-P-5800,67.8,0.0,0.0,0.0,6,68.0,71.2,6,67.8,63.6,0.0,0.0,0.0,0.0,343
2023-05-10 09:35:40,MO2312-P-5800,MO2312-P-5800,67.8,0.0,0.0,0.0,6,67.8,71.4,31,67.8,63.6,0.0,0.0,0.0,0.0,343
2023-05-10 09:35:41,MO2312-P-5800,MO2312-P-5800,67.8,0.0,0.0,0.0,6,67.6,71.4,25,67.8,63.6,0.0,0.0,0.0,0.0,343
2023-05-10 09:35:42,MO2312-P-5800,MO2312-P-5800,67.8,0.0,0.0,0.0,6,67.6,71.4,21,67.8,63.6,0.0,0.0,0.0,0.0,343
2023-05-10 09:35:42,MO2312-P-5800,MO2312-P-5800,67.8,0.0,0.0,0.0,7,67.6,71.2,6,67.8,63.6,0.0,0.0,0.0,0.0,343
2023-05-10 09:35:43,MO2312-P-5800,MO2312-P-5800,67.8,0.0,0.0,0.0,7,67.6,71.2,8,67.8,63.6,0.0,0.0,0.0,0.0,343
2023-05-10 09:35:44,MO2312-P-5800,MO2312-P-5800,67.8,0.0,0.0,0.0,6,67.8,71.0,6,67.8,63.6,0.0,0.0,0.0,0.0,343
2023-05-10 09:35:44,MO2312-P-5800,MO2312-P-5800,67.8,0.0,0.0,0.0,6,67.8,71.0,8,67.8,63.6,0.0,0.0,0.0,0.0,343
2023-05-10 09:35:45,MO2312-P-5800,MO2312-P-5800,67.8,0.0,0.0,0.0,1,67.6,70.8,6,67.8,63.6,0.0,0.0,0.0,0.0,343
2023-05-10 09:35:47,MO2312-P-5800,MO2312-P-5800,67.8,0.0,0.0,0.0,1,67.6,70.8,8,67.8,63.6,0.0,0.0,0.0,0.0,343
2023-05-10 09:35:48,MO2312-P-5800,MO2312-P-5800,67.8,0.0,0.0,0.0,1,67.6,70.6,6,67.8,63.6,0.0,0.0,0.0,0.0,343
2023-05-10 09:35:50,MO2312-P-5800,MO2312-P-5800,67.8,0.0,0.0,0.0,1,67.6,70.6,8,67.8,63.6,0.0,0.0,0.0,0.0,343
2023-05-10 09:35:51,MO2312-P-5800,MO2312-P-5800,67.8,0.0,0.0,0.0,7,67.6,70.4,6,67.8,63.6,0.0,0.0,0.0,0.0,343
2023-05-10 09:35:52,MO2312-P-5800,MO2312-P-5800,67.8,0.0,0.0,0.0,6,67.8,70.6,2,67.8,63.6,0.0,0.0,0.0,0.0,343
2023-05-10 09:35:53,MO2312-P-5800,MO2312-P-5800,67.8,0.0,0.0,0.0,6,67.8,70.8,12,67.8,63.6,0.0,0.0,0.0,0.0,343
2023-05-10 09:35:53,MO2312-P-5800,MO2312-P-5800,67.8,0.0,0.0,0.0,6,67.8,70.8,6,67.8,63.6,0.0,0.0,0.0,0.0,343
2023-05-10 09:35:54,MO2312-P-5800,MO2312-P-5800,67.8,0.0,0.0,0.0,6,67.8,70.8,8,67.8,63.6,0.0,0.0,0.0,0.0,343
2023-05-10 09:36:07,MO2312-P-5800,MO2312-P-5800,67.8,0.0,0.0,0.0,6,67.8,70.6,6,67.8,63.6,0.0,0.0,0.0,0.0,343
2023-05-10 09:36:08,MO2312-P-5800,MO2312-P-5800,67.8,0.0,0.0,0.0,6,67.8,70.6,8,67.8,63.6,0.0,0.0,0.0,0.0,343
2023-05-10 09:36:12,MO2312-P-5800,MO2312-P-5800,67.8,0.0,0.0,0.0,6,67.8,70.6,9,67.8,63.6,0.0,0.0,0.0,0.0,343
2023-05-10 09:36:12,MO2312-P-5800,MO2312-P-5800,67.8,0.0,0.0,0.0,6,67.2,70.6,3,67.8,63.6,0.0,0.0,0.0,0.0,343
2023-05-10 09:36:13,MO2312-P-5800,MO2312-P-5800,67.8,0.0,0.0,0.0,6,67.2,70.6,1,67.8,63.6,0.0,0.0,0.0,0.0,343
2023-05-10 09:36:18,MO2312-P-5800,MO2312-P-5800,67.8,0.0,0.0,0.0,6,67.2,70.8,8,67.8,63.6,0.0,0.0,0.0,0.0,343
2023-05-10 09:36:21,MO2312-P-5800,MO2312-P-5800,67.8,0.0,0.0,0.0,12,67.0,70.6,6,67.8,63.6,0.0,0.0,0.0,0.0,343
2023-05-10 09:36:22,MO2312-P-5800,MO2312-P-5800,67.8,0.0,0.0,0.0,6,67.0,70.6,8,67.8,63.6,0.0,0.0,0.0,0.0,343
2023-05-10 09:36:22,MO2312-P-5800,MO2312-P-5800,67.8,0.0,0.0,0.0,6,67.0,70.2,1,67.8,63.6,0.0,0.0,0.0,0.0,343
2023-05-10 09:36:23,MO2312-P-5800,MO2312-P-5800,67.8,0.0,0.0,0.0,6,67.0,70.2,7,67.8,63.6,0.0,0.0,0.0,0.0,343
2023-05-10 09:36:23,MO2312-P-5800,MO2312-P-5800,67.8,0.0,0.0,0.0,6,66.8,70.2,3,67.8,63.6,0.0,0.0,0.0,0.0,343
2023-05-10 09:36:24,MO2312-P-5800,MO2312-P-5800,67.8,0.0,0.0,0.0,6,66.8,70.0,6,67.8,63.6,0.0,0.0,0.0,0.0,343
2023-05-10 09:36:25,MO2312-P-5800,MO2312-P-5800,67.8,0.0,0.0,0.0,6,66.8,70.0,8,67.8,63.6,0.0,0.0,0.0,0.0,343
2023-05-10 09:36:25,MO2312-P-5800,MO2312-P-5800,67.8,0.0,0.0,0.0,6,66.8,70.0,2,67.8,63.6,0.0,0.0,0.0,0.0,343
2023-05-10 09:36:26,MO2312-P-5800,MO2312-P-5800,67.8,0.0,0.0,0.0,6,66.8,70.2,7,67.8,63.6,0.0,0.0,0.0,0.0,343
2023-05-10 09:36:27,MO2312-P-5800,MO2312-P-5800,67.8,0.0,0.0,0.0,6,66.8,70.2,9,67.8,63.6,0.0,0.0,0.0,0.0,343
2023-05-10 09:36:27,MO2312-P-5800,MO2312-P-5800,67.8,0.0,0.0,0.0,8,66.4,70.2,9,67.8,63.6,0.0,0.0,0.0,0.0,343
2023-05-10 09:36:28,MO2312-P-5800,MO2312-P-5800,67.8,0.0,0.0,0.0,6,66.6,69.6,1,67.8,63.6,0.0,0.0,0.0,0.0,343
2023-05-10 09:36:28,MO2312-P-5800,MO2312-P-5800,67.8,0.0,0.0,0.0,6,66.4,69.6,1,67.8,63.6,0.0,0.0,0.0,0.0,343
2023-05-10 09:36:29,MO2312-P-5800,MO2312-P-5800,67.8,0.0,0.0,0.0,8,66.4,69.6,1,67.8,63.6,0.0,0.0,0.0,0.0,343
2023-05-10 09:36:29,MO2312-P-5800,MO2312-P-5800,67.8,0.0,0.0,0.0,6,66.6,69.6,1,67.8,63.6,0.0,0.0,0.0,0.0,343
2023-05-10 09:36:30,MO2312-P-5800,MO2312-P-5800,67.8,0.0,0.0,0.0,6,66.4,69.6,1,67.8,63.6,0.0,0.0,0.0,0.0,343
2023-05-10 09:36:32,MO2312-P-5800,MO2312-P-5800,67.8,0.0,0.0,0.0,6,66.4,69.8,2,67.8,63.6,0.0,0.0,0.0,0.0,343
2023-05-10 09:36:32,MO2312-P-5800,MO2312-P-5800,67.8,0.0,0.0,0.0,6,66.4,70.0,6,67.8,63.6,0.0,0.0,0.0,0.0,343
2023-05-10 09:36:33,MO2312-P-5800,MO2312-P-5800,67.8,0.0,0.0,0.0,6,66.4,70.0,8,67.8,63.6,0.0,0.0,0.0,0.0,343
2023-05-10 09:36:36,MO2312-P-5800,MO2312-P-5800,67.8,0.0,0.0,0.0,8,66.4,70.0,2,67.8,63.6,0.0,0.0,0.0,0.0,343
2023-05-10 09:36:37,MO2312-P-5800,MO2312-P-5800,67.8,0.0,0.0,0.0,6,66.6,70.2,12,67.8,63.6,0.0,0.0,0.0,0.0,343
2023-05-10 09:36:37,MO2312-P-5800,MO2312-P-5800,67.8,0.0,0.0,0.0,6,66.6,70.2,6,67.8,63.6,0.0,0.0,0.0,0.0,343
2023-05-10 09:36:38,MO2312-P-5800,MO2312-P-5800,67.8,0.0,0.0,0.0,6,66.6,70.2,8,67.8,63.6,0.0,0.0,0.0,0.0,343
2023-05-10 09:36:48,MO2312-P-5800,MO2312-P-5800,67.8,0.0,0.0,0.0,6,66.4,70.2,8,67.8,63.6,0.0,0.0,0.0,0.0,343
2023-05-10 09:36:48,MO2312-P-5800,MO2312-P-5800,67.8,0.0,0.0,0.0,8,66.4,70.2,8,67.8,63.6,0.0,0.0,0.0,0.0,343
2023-05-10 09:36:49,MO2312-P-5800,MO2312-P-5800,67.8,0.0,0.0,0.0,6,66.6,70.2,8,67.8,63.6,0.0,0.0,0.0,0.0,343
2023-05-10 09:36:52,MO2312-P-5800,MO2312-P-5800,67.8,0.0,0.0,0.0,6,66.4,70.2,8,67.8,63.6,0.0,0.0,0.0,0.0,343
2023-05-10 09:36:53,MO2312-P-5800,MO2312-P-5800,67.8,0.0,0.0,0.0,6,66.4,69.8,1,67.8,63.6,0.0,0.0,0.0,0.0,343
2023-05-10 09:36:55,MO2312-P-5800,MO2312-P-5800,67.8,0.0,0.0,0.0,6,66.2,69.8,1,67.8,63.6,0.0,0.0,0.0,0.0,343
2023-05-10 09:37:01,MO2312-P-5800,MO2312-P-5800,67.8,0.0,0.0,0.0,2,66.4,69.8,1,67.8,63.6,0.0,0.0,0.0,0.0,343
2023-05-10 09:37:01,MO2312-P-5800,MO2312-P-5800,67.8,0.0,0.0,0.0,6,66.6,69.8,1,67.8,63.6,0.0,0.0,0.0,0.0,343
2023-05-10 09:37:02,MO2312-P-5800,MO2312-P-5800,67.8,0.0,0.0,0.0,6,66.4,69.8,1,67.8,63.6,0.0,0.0,0.0,0.0,343
2023-05-10 09:37:07,MO2312-P-5800,MO2312-P-5800,67.8,0.0,0.0,0.0,8,66.4,69.8,1,67.8,63.6,0.0,0.0,0.0,0.0,343
2023-05-10 09:37:07,MO2312-P-5800,MO2312-P-5800,67.8,0.0,0.0,0.0,6,66.6,69.8,1,67.8,63.6,0.0,0.0,0.0,0.0,343
2023-05-10 09:37:08,MO2312-P-5800,MO2312-P-5800,67.8,0.0,0.0,0.0,8,66.2,69.8,1,67.8,63.6,0.0,0.0,0.0,0.0,343
2023-05-10 09:37:09,MO2312-P-5800,MO2312-P-5800,67.8,0.0,0.0,0.0,6,66.4,69.8,1,67.8,63.6,0.0,0.0,0.0,0.0,343
2023-05-10 09:37:10,MO2312-P-5800,MO2312-P-5800,67.8,0.0,0.0,0.0,6,66.2,69.8,1,67.8,63.6,0.0,0.0,0.0,0.0,343
2023-05-10 09:37:17,MO2312-P-5800,MO2312-P-5800,67.8,0.0,0.0,0.0,6,66.2,70.0,8,67.8,63.6,0.0,0.0,0.0,0.0,343
2023-05-10 09:37:17,MO2312-P-5800,MO2312-P-5800,67.8,0.0,0.0,0.0,8,66.2,70.0,8,67.8,63.6,0.0,0.0,0.0,0.0,343
2023-05-10 09:37:18,MO2312-P-5800,MO2312-P-5800,67.8,0.0,0.0,0.0,6,66.4,69.8,1,67.8,63.6,0.0,0.0,0.0,0.0,343
2023-05-10 09:37:23,MO2312-P-5800,MO2312-P-5800,67.8,0.0,0.0,0.0,6,66.4,70.0,2,67.8,63.6,0.0,0.0,0.0,0.0,343
2023-05-10 09:37:23,MO2312-P-5800,MO2312-P-5800,67.8,0.0,0.0,0.0,8,66.4,70.2,6,67.8,63.6,0.0,0.0,0.0,0.0,343
2023-05-10 09:37:24,MO2312-P-5800,MO2312-P-5800,67.8,0.0,0.0,0.0,6,66.6,70.2,6,67.8,63.6,0.0,0.0,0.0,0.0,343
2023-05-10 09:37:24,MO2312-P-5800,MO2312-P-5800,67.8,0.0,0.0,0.0,6,66.6,70.2,8,67.8,63.6,0.0,0.0,0.0,0.0,343
2023-05-10 09:37:46,MO2312-P-5800,MO2312-P-5800,67.8,0.0,0.0,0.0,6,66.6,70.0,1,67.8,63.6,0.0,0.0,0.0,0.0,343
2023-05-10 09:37:46,MO2312-P-5800,MO2312-P-5800,67.8,0.0,0.0,0.0,8,66.2,70.0,1,67.8,63.6,0.0,0.0,0.0,0.0,343
2023-05-10 09:37:47,MO2312-P-5800,MO2312-P-5800,67.8,0.0,0.0,0.0,6,66.4,70.0,1,67.8,63.6,0.0,0.0,0.0,0.0,343
2023-05-10 09:37:48,MO2312-P-5800,MO2312-P-5800,67.8,0.0,0.0,0.0,6,66.4,70.2,8,67.8,63.6,0.0,0.0,0.0,0.0,343
2023-05-10 09:37:48,MO2312-P-5800,MO2312-P-5800,67.8,0.0,0.0,0.0,8,66.4,70.2,8,67.8,63.6,0.0,0.0,0.0,0.0,343
2023-05-10 09:37:49,MO2312-P-5800,MO2312-P-5800,67.8,0.0,0.0,0.0,6,66.6,70.2,8,67.8,63.6,0.0,0.0,0.0,0.0,343
2023-05-10 09:37:58,MO2312-P-5800,MO2312-P-5800,67.8,0.0,0.0,0.0,6,66.6,70.2,9,67.8,63.6,0.0,0.0,0.0,0.0,343
2023-05-10 09:37:59,MO2312-P-5800,MO2312-P-5800,67.8,0.0,0.0,0.0,8,66.2,70.2,9,67.8,63.6,0.0,0.0,0.0,0.0,343
2023-05-10 09:37:59,MO2312-P-5800,MO2312-P-5800,67.8,0.0,0.0,0.0,6,66.4,70.2,9,67.8,63.6,0.0,0.0,0.0,0.0,343
2023-05-10 09:38:02,MO2312-P-5800,MO2312-P-5800,67.8,0.0,0.0,0.0,8,66.4,70.2,9,67.8,63.6,0.0,0.0,0.0,0.0,343
2023-05-10 09:38:03,MO2312-P-5800,MO2312-P-5800,67.8,0.0,0.0,0.0,6,66.6,70.2,9,67.8,63.6,0.0,0.0,0.0,0.0,343
2023-05-10 09:38:12,MO2312-P-5800,MO2312-P-5800,67.8,0.0,0.0,0.0,6,66.2,70.2,9,67.8,63.6,0.0,0.0,0.0,0.0,343
2023-05-10 09:38:14,MO2312-P-5800,MO2312-P-5800,67.8,0.0,0.0,0.0,8,66.2,70.2,9,67.8,63.6,0.0,0.0,0.0,0.0,343
2023-05-10 09:38:14,MO2312-P-5800,MO2312-P-5800,67.8,0.0,0.0,0.0,6,66.4,70.2,9,67.8,63.6,0.0,0.0,0.0,0.0,343
2023-05-10 09:38:20,MO2312-P-5800,MO2312-P-5800,67.8,0.0,0.0,0.0,8,66.4,70.2,9,67.8,63.6,0.0,0.0,0.0,0.0,343
2023-05-10 09:38:20,MO2312-P-5800,MO2312-P-5800,67.8,0.0,0.0,0.0,6,66.6,70.2,9,67.8,63.6,0.0,0.0,0.0,0.0,343
2023-05-10 09:38:21,MO2312-P-5800,MO2312-P-5800,67.8,0.0,0.0,0.0,8,66.2,70.2,9,67.8,63.6,0.0,0.0,0.0,0.0,343
2023-05-10 09:38:22,MO2312-P-5800,MO2312-P-5800,67.8,0.0,0.0,0.0,6,66.4,70.2,9,67.8,63.6,0.0,0.0,0.0,0.0,343
2023-05-10 09:38:27,MO2312-P-5800,MO2312-P-5800,67.8,0.0,0.0,0.0,6,66.2,70.2,9,67.8,63.6,0.0,0.0,0.0,0.0,343
2023-05-10 09:38:28,MO2312-P-5800,MO2312-P-5800,67.8,0.0,0.0,0.0,6,66.2,70.2,15,67.8,63.6,0.0,0.0,0.0,0.0,343
2023-05-10 09:38:31,MO2312-P-5800,MO2312-P-5800,67.8,0.0,0.0,0.0,6,66.2,70.2,9,67.8,63.6,0.0,0.0,0.0,0.0,343
2023-05-10 09:38:32,MO2312-P-5800,MO2312-P-5800,67.8,0.0,0.0,0.0,8,66.2,69.6,1,67.8,63.6,0.0,0.0,0.0,0.0,343
2023-05-10 09:38:32,MO2312-P-5800,MO2312-P-5800,67.8,0.0,0.0,0.0,6,66.4,69.6,1,67.8,63.6,0.0,0.0,0.0,0.0,343
2023-05-10 09:38:33,MO2312-P-5800,MO2312-P-5800,67.8,0.0,0.0,0.0,6,66.2,69.6,1,67.8,63.6,0.0,0.0,0.0,0.0,343
2023-05-10 09:38:37,MO2312-P-5800,MO2312-P-5800,67.8,0.0,0.0,0.0,6,66.2,69.8,2,67.8,63.6,0.0,0.0,0.0,0.0,343
2023-05-10 09:38:37,MO2312-P-5800,MO2312-P-5800,67.8,0.0,0.0,0.0,6,66.2,70.2,24,67.8,63.6,0.0,0.0,0.0,0.0,343
2023-05-10 09:38:38,MO2312-P-5800,MO2312-P-5800,67.8,0.0,0.0,0.0,6,66.2,70.2,12,67.8,63.6,0.0,0.0,0.0,0.0,343
2023-05-10 09:38:38,MO2312-P-5800,MO2312-P-5800,67.8,0.0,0.0,0.0,6,66.2,70.2,14,67.8,63.6,0.0,0.0,0.0,0.0,343
2023-05-10 09:38:41,MO2312-P-5800,MO2312-P-5800,67.8,0.0,0.0,0.0,8,66.2,70.2,14,67.8,63.6,0.0,0.0,0.0,0.0,343
2023-05-10 09:38:42,MO2312-P-5800,MO2312-P-5800,67.8,0.0,0.0,0.0,6,66.4,70.2,14,67.8,63.6,0.0,0.0,0.0,0.0,343
2023-05-10 09:38:47,MO2312-P-5800,MO2312-P-5800,67.8,0.0,0.0,0.0,6,66.4,69.8,1,67.8,63.6,0.0,0.0,0.0,0.0,343
2023-05-10 09:38:49,MO2312-P-5800,MO2312-P-5800,67.8,0.0,0.0,0.0,6,66.2,69.8,1,67.8,63.6,0.0,0.0,0.0,0.0,343
2023-05-10 09:38:57,MO2312-P-5800,MO2312-P-5800,67.8,0.0,0.0,0.0,6,66.2,70.0,2,67.8,63.6,0.0,0.0,0.0,0.0,343
2023-05-10 09:38:57,MO2312-P-5800,MO2312-P-5800,67.8,0.0,0.0,0.0,6,66.2,70.2,18,67.8,63.6,0.0,0.0,0.0,0.0,343
2023-05-10 09:38:58,MO2312-P-5800,MO2312-P-5800,67.8,0.0,0.0,0.0,8,66.2,70.2,12,67.8,63.6,0.0,0.0,0.0,0.0,343
2023-05-10 09:38:58,MO2312-P-5800,MO2312-P-5800,67.8,0.0,0.0,0.0,6,66.4,70.2,14,67.8,63.6,0.0,0.0,0.0,0.0,343
2023-05-10 09:39:02,MO2312-P-5800,MO2312-P-5800,67.8,0.0,0.0,0.0,6,66.4,69.6,1,67.8,63.6,0.0,0.0,0.0,0.0,343
2023-05-10 09:39:07,MO2312-P-5800,MO2312-P-5800,67.8,0.0,0.0,0.0,6,66.4,69.8,2,67.8,63.6,0.0,0.0,0.0,0.0,343
2023-05-10 09:39:07,MO2312-P-5800,MO2312-P-5800,67.8,0.0,0.0,0.0,8,66.4,70.2,6,67.8,63.6,0.0,0.0,0.0,0.0,343
2023-05-10 09:39:08,MO2312-P-5800,MO2312-P-5800,67.8,0.0,0.0,0.0,6,66.6,70.2,6,67.8,63.6,0.0,0.0,0.0,0.0,343
2023-05-10 09:39:08,MO2312-P-5800,MO2312-P-5800,67.8,0.0,0.0,0.0,6,66.6,70.2,8,67.8,63.6,0.0,0.0,0.0,0.0,343
2023-05-10 09:39:10,MO2312-P-5800,MO2312-P-5800,67.8,0.0,0.0,0.0,8,66.2,70.2,8,67.8,63.6,0.0,0.0,0.0,0.0,343
2023-05-10 09:39:10,MO2312-P-5800,MO2312-P-5800,67.8,0.0,0.0,0.0,6,66.4,70.2,8,67.8,63.6,0.0,0.0,0.0,0.0,343
2023-05-10 09:39:12,MO2312-P-5800,MO2312-P-5800,67.8,0.0,0.0,0.0,6,66.4,70.0,1,67.8,63.6,0.0,0.0,0.0,0.0,343
2023-05-10 09:39:24,MO2312-P-5800,MO2312-P-5800,67.8,0.0,0.0,0.0,6,66.2,70.0,1,67.8,63.6,0.0,0.0,0.0,0.0,343
2023-05-10 09:39:30,MO2312-P-5800,MO2312-P-5800,67.8,0.0,0.0,0.0,6,66.2,69.8,6,67.8,63.6,0.0,0.0,0.0,0.0,343
2023-05-10 09:39:30,MO2312-P-5800,MO2312-P-5800,67.8,0.0,0.0,0.0,6,66.2,69.4,1,67.8,63.6,0.0,0.0,0.0,0.0,343
2023-05-10 09:39:57,MO2312-P-5800,MO2312-P-5800,67.8,0.0,0.0,0.0,6,66.2,69.6,2,67.8,63.6,0.0,0.0,0.0,0.0,343
2023-05-10 09:39:57,MO2312-P-5800,MO2312-P-5800,67.8,0.0,0.0,0.0,6,66.2,70.0,24,67.8,63.6,0.0,0.0,0.0,0.0,343
2023-05-10 09:39:58,MO2312-P-5800,MO2312-P-5800,67.8,0.0,0.0,0.0,6,66.2,70.0,12,67.8,63.6,0.0,0.0,0.0,0.0,343
2023-05-10 09:39:58,MO2312-P-5800,MO2312-P-5800,67.8,0.0,0.0,0.0,6,66.2,70.0,8,67.8,63.6,0.0,0.0,0.0,0.0,343
2023-05-10 09:40:06,MO2312-P-5800,MO2312-P-5800,67.8,0.0,0.0,0.0,8,66.2,70.0,8,67.8,63.6,0.0,0.0,0.0,0.0,343
2023-05-10 09:40:06,MO2312-P-5800,MO2312-P-5800,67.8,0.0,0.0,0.0,6,66.4,70.0,8,67.8,63.6,0.0,0.0,0.0,0.0,343
2023-05-10 09:40:07,MO2312-P-5800,MO2312-P-5800,67.8,0.0,0.0,0.0,6,66.4,70.0,2,67.8,63.6,0.0,0.0,0.0,0.0,343
2023-05-10 09:40:07,MO2312-P-5800,MO2312-P-5800,67.8,0.0,0.0,0.0,6,66.4,70.2,19,67.8,63.6,0.0,0.0,0.0,0.0,343
2023-05-10 09:40:08,MO2312-P-5800,MO2312-P-5800,67.8,0.0,0.0,0.0,6,66.4,70.2,21,67.8,63.6,0.0,0.0,0.0,0.0,343
2023-05-10 09:40:11,MO2312-P-5800,MO2312-P-5800,67.8,0.0,0.0,0.0,6,66.2,70.2,21,67.8,63.6,0.0,0.0,0.0,0.0,343
2023-05-10 09:40:11,MO2312-P-5800,MO2312-P-5800,67.8,0.0,0.0,0.0,8,66.2,70.2,21,67.8,63.6,0.0,0.0,0.0,0.0,343
2023-05-10 09:40:12,MO2312-P-5800,MO2312-P-5800,67.8,0.0,0.0,0.0,6,66.4,70.2,21,67.8,63.6,0.0,0.0,0.0,0.0,343
2023-05-10 09:40:15,MO2312-P-5800,MO2312-P-5800,67.8,0.0,0.0,0.0,6,66.2,70.2,21,67.8,63.6,0.0,0.0,0.0,0.0,343
2023-05-10 09:40:19,MO2312-P-5800,MO2312-P-5800,67.8,0.0,0.0,0.0,8,66.2,70.2,21,67.8,63.6,0.0,0.0,0.0,0.0,343
2023-05-10 09:40:19,MO2312-P-5800,MO2312-P-5800,67.8,0.0,0.0,0.0,6,66.4,70.2,21,67.8,63.6,0.0,0.0,0.0,0.0,343
2023-05-10 09:40:25,MO2312-P-5800,MO2312-P-5800,67.8,0.0,0.0,0.0,6,66.2,70.2,21,67.8,63.6,0.0,0.0,0.0,0.0,343
2023-05-10 09:40:25,MO2312-P-5800,MO2312-P-5800,67.8,0.0,0.0,0.0,8,66.2,70.2,21,67.8,63.6,0.0,0.0,0.0,0.0,343
2023-05-10 09:40:26,MO2312-P-5800,MO2312-P-5800,67.8,0.0,0.0,0.0,6,66.4,70.2,21,67.8,63.6,0.0,0.0,0.0,0.0,343
2023-05-10 09:40:28,MO2312-P-5800,MO2312-P-5800,67.8,0.0,0.0,0.0,6,66.2,69.6,1,67.8,63.6,0.0,0.0,0.0,0.0,343
2023-05-10 09:40:48,MO2312-P-5800,MO2312-P-5800,67.8,0.0,0.0,0.0,8,66.2,69.6,1,67.8,63.6,0.0,0.0,0.0,0.0,343
2023-05-10 09:40:49,MO2312-P-5800,MO2312-P-5800,67.8,0.0,0.0,0.0,6,66.4,69.6,1,67.8,63.6,0.0,0.0,0.0,0.0,343
2023-05-10 09:41:03,MO2312-P-5800,MO2312-P-5800,67.8,0.0,0.0,0.0,6,66.2,69.6,1,67.8,63.6,0.0,0.0,0.0,0.0,343
2023-05-10 09:41:03,MO2312-P-5800,MO2312-P-5800,67.8,0.0,0.0,0.0,8,66.2,69.6,1,67.8,63.6,0.0,0.0,0.0,0.0,343
2023-05-10 09:41:04,MO2312-P-5800,MO2312-P-5800,67.8,0.0,0.0,0.0,6,66.4,69.6,1,67.8,63.6,0.0,0.0,0.0,0.0,343
2023-05-10 09:41:14,MO2312-P-5800,MO2312-P-5800,67.8,0.0,0.0,0.0,8,66.4,69.6,1,67.8,63.6,0.0,0.0,0.0,0.0,343
2023-05-10 09:41:15,MO2312-P-5800,MO2312-P-5800,67.8,0.0,0.0,0.0,6,66.6,69.6,1,67.8,63.6,0.0,0.0,0.0,0.0,343
2023-05-10 09:41:15,MO2312-P-5800,MO2312-P-5800,67.8,0.0,0.0,0.0,6,66.4,69.6,1,67.8,63.6,0.0,0.0,0.0,0.0,343
2023-05-10 09:41:17,MO2312-P-5800,MO2312-P-5800,67.8,0.0,0.0,0.0,8,66.4,69.6,1,67.8,63.6,0.0,0.0,0.0,0.0,343
2023-05-10 09:41:17,MO2312-P-5800,MO2312-P-5800,67.8,0.0,0.0,0.0,6,66.6,69.6,1,67.8,63.6,0.0,0.0,0.0,0.0,343
2023-05-10 09:41:24,MO2312-P-5800,MO2312-P-5800,67.8,0.0,0.0,0.0,8,66.2,69.6,1,67.8,63.6,0.0,0.0,0.0,0.0,343
2023-05-10 09:41:25,MO2312-P-5800,MO2312-P-5800,67.8,0.0,0.0,0.0,6,66.4,69.6,1,67.8,63.6,0.0,0.0,0.0,0.0,343
2023-05-10 09:41:26,MO2312-P-5800,MO2312-P-5800,67.8,0.0,0.0,0.0,8,66.4,69.6,1,67.8,63.6,0.0,0.0,0.0,0.0,343
2023-05-10 09:41:26,MO2312-P-5800,MO2312-P-5800,67.8,0.0,0.0,0.0,6,66.6,69.6,1,67.8,63.6,0.0,0.0,0.0,0.0,343
2023-05-10 09:41:31,MO2312-P-5800,MO2312-P-5800,67.8,0.0,0.0,0.0,6,66.6,69.8,2,67.8,63.6,0.0,0.0,0.0,0.0,343
2023-05-10 09:41:32,MO2312-P-5800,MO2312-P-5800,67.8,0.0,0.0,0.0,8,66.6,70.2,1,67.8,63.6,0.0,0.0,0.0,0.0,343
2023-05-10 09:41:32,MO2312-P-5800,MO2312-P-5800,67.8,0.0,0.0,0.0,6,66.8,70.2,1,67.8,63.6,0.0,0.0,0.0,0.0,343
2023-05-10 09:41:41,MO2312-P-5800,MO2312-P-5800,67.8,0.0,0.0,0.0,8,66.8,70.2,1,67.8,63.6,0.0,0.0,0.0,0.0,343
2023-05-10 09:41:41,MO2312-P-5800,MO2312-P-5800,67.8,0.0,0.0,0.0,6,67.0,70.2,1,67.8,63.6,0.0,0.0,0.0,0.0,343
2023-05-10 09:41:43,MO2312-P-5800,MO2312-P-5800,67.8,0.0,0.0,0.0,2,66.6,70.2,1,67.8,63.6,0.0,0.0,0.0,0.0,343
2023-05-10 09:41:44,MO2312-P-5800,MO2312-P-5800,67.8,0.0,0.0,0.0,6,66.8,70.2,1,67.8,63.6,0.0,0.0,0.0,0.0,343
2023-05-10 09:41:50,MO2312-P-5800,MO2312-P-5800,67.8,0.0,0.0,0.0,8,66.8,70.2,1,67.8,63.6,0.0,0.0,0.0,0.0,343
2023-05-10 09:41:51,MO2312-P-5800,MO2312-P-5800,67.8,0.0,0.0,0.0,6,67.0,70.2,1,67.8,63.6,0.0,0.0,0.0,0.0,343
2023-05-10 09:41:51,MO2312-P-5800,MO2312-P-5800,67.8,0.0,0.0,0.0,6,66.8,70.2,1,67.8,63.6,0.0,0.0,0.0,0.0,343
2023-05-10 09:41:52,MO2312-P-5800,MO2312-P-5800,67.8,0.0,0.0,0.0,8,66.8,70.2,1,67.8,63.6,0.0,0.0,0.0,0.0,343
2023-05-10 09:41:53,MO2312-P-5800,MO2312-P-5800,67.8,0.0,0.0,0.0,6,67.0,70.2,1,67.8,63.6,0.0,0.0,0.0,0.0,343
2023-05-10 09:41:59,MO2312-P-5800,MO2312-P-5800,67.8,0.0,0.0,0.0,8,67.0,70.2,1,67.8,63.6,0.0,0.0,0.0,0.0,343
2023-05-10 09:41:59,MO2312-P-5800,MO2312-P-5800,67.8,0.0,0.0,0.0,6,67.2,70.2,1,67.8,63.6,0.0,0.0,0.0,0.0,343
2023-05-10 09:42:04,MO2312-P-5800,MO2312-P-5800,67.8,0.0,0.0,0.0,2,66.8,70.2,1,67.8,63.6,0.0,0.0,0.0,0.0,343
2023-05-10 09:42:04,MO2312-P-5800,MO2312-P-5800,67.8,0.0,0.0,0.0,6,67.0,70.2,1,67.8,63.6,0.0,0.0,0.0,0.0,343
2023-05-10 09:42:14,MO2312-P-5800,MO2312-P-5800,67.8,0.0,0.0,0.0,8,66.6,70.0,6,67.8,63.6,0.0,0.0,0.0,0.0,343
2023-05-10 09:42:15,MO2312-P-5800,MO2312-P-5800,67.8,0.0,0.0,0.0,6,66.8,70.0,8,67.8,63.6,0.0,0.0,0.0,0.0,343
2023-05-10 09:42:15,MO2312-P-5800,MO2312-P-5800,67.8,0.0,0.0,0.0,6,66.8,69.6,1,67.8,63.6,0.0,0.0,0.0,0.0,343
2023-05-10 09:43:16,MO2312-P-5800,MO2312-P-5800,67.8,0.0,0.0,0.0,6,66.8,69.8,2,67.8,63.6,0.0,0.0,0.0,0.0,343
2023-05-10 09:43:17,MO2312-P-5800,MO2312-P-5800,67.8,0.0,0.0,0.0,2,67.0,70.4,19,67.8,63.6,0.0,0.0,0.0,0.0,343
2023-05-10 09:43:17,MO2312-P-5800,MO2312-P-5800,67.8,0.0,0.0,0.0,6,67.2,70.4,13,67.8,63.6,0.0,0.0,0.0,0.0,343
2023-05-10 09:43:18,MO2312-P-5800,MO2312-P-5800,67.8,0.0,0.0,0.0,6,67.0,70.4,15,67.8,63.6,0.0,0.0,0.0,0.0,343
2023-05-10 09:43:19,MO2312-P-5800,MO2312-P-5800,67.8,0.0,0.0,0.0,8,67.0,70.4,15,67.8,63.6,0.0,0.0,0.0,0.0,343
2023-05-10 09:43:19,MO2312-P-5800,MO2312-P-5800,67.8,0.0,0.0,0.0,6,67.2,70.4,15,67.8,63.6,0.0,0.0,0.0,0.0,343
2023-05-10 09:43:21,MO2312-P-5800,MO2312-P-5800,67.8,0.0,0.0,0.0,6,67.0,70.4,15,67.8,63.6,0.0,0.0,0.0,0.0,343
2023-05-10 09:43:30,MO2312-P-5800,MO2312-P-5800,67.8,0.0,0.0,0.0,8,66.6,70.4,15,67.8,63.6,0.0,0.0,0.0,0.0,343
2023-05-10 09:43:30,MO2312-P-5800,MO2312-P-5800,67.8,0.0,0.0,0.0,6,66.8,70.4,15,67.8,63.6,0.0,0.0,0.0,0.0,343
2023-05-10 09:43:33,MO2312-P-5800,MO2312-P-5800,67.8,0.0,0.0,0.0,6,66.8,69.8,1,67.8,63.6,0.0,0.0,0.0,0.0,343
2023-05-10 09:43:58,MO2312-P-5800,MO2312-P-5800,67.8,0.0,0.0,0.0,8,66.8,69.8,1,67.8,63.6,0.0,0.0,0.0,0.0,343
2023-05-10 09:43:59,MO2312-P-5800,MO2312-P-5800,67.8,0.0,0.0,0.0,6,67.0,69.8,1,67.8,63.6,0.0,0.0,0.0,0.0,343
2023-05-10 09:44:06,MO2312-P-5800,MO2312-P-5800,67.8,0.0,0.0,0.0,6,67.0,70.0,2,67.8,63.6,0.0,0.0,0.0,0.0,343
2023-05-10 09:44:07,MO2312-P-5800,MO2312-P-5800,67.8,0.0,0.0,0.0,6,67.0,70.4,12,67.8,63.6,0.0,0.0,0.0,0.0,343
2023-05-10 09:44:07,MO2312-P-5800,MO2312-P-5800,67.8,0.0,0.0,0.0,6,67.0,70.4,6,67.8,63.6,0.0,0.0,0.0,0.0,343
2023-05-10 09:44:08,MO2312-P-5800,MO2312-P-5800,67.8,0.0,0.0,0.0,6,67.0,70.0,1,67.8,63.6,0.0,0.0,0.0,0.0,343
2023-05-10 09:44:10,MO2312-P-5800,MO2312-P-5800,67.8,0.0,0.0,0.0,6,66.8,70.0,1,67.8,63.6,0.0,0.0,0.0,0.0,343
2023-05-10 09:44:11,MO2312-P-5800,MO2312-P-5800,67.8,0.0,0.0,0.0,8,66.8,70.0,1,67.8,63.6,0.0,0.0,0.0,0.0,343
2023-05-10 09:44:11,MO2312-P-5800,MO2312-P-5800,67.8,0.0,0.0,0.0,6,67.0,70.0,1,67.8,63.6,0.0,0.0,0.0,0.0,343
2023-05-10 09:44:14,MO2312-P-5800,MO2312-P-5800,67.8,0.0,0.0,0.0,8,66.6,70.0,1,67.8,63.6,0.0,0.0,0.0,0.0,343
2023-05-10 09:44:14,MO2312-P-5800,MO2312-P-5800,67.8,0.0,0.0,0.0,6,66.8,70.0,1,67.8,63.6,0.0,0.0,0.0,0.0,343
2023-05-10 09:44:30,MO2312-P-5800,MO2312-P-5800,67.8,0.0,0.0,0.0,8,66.8,70.0,1,67.8,63.6,0.0,0.0,0.0,0.0,343
2023-05-10 09:44:30,MO2312-P-5800,MO2312-P-5800,67.8,0.0,0.0,0.0,6,67.0,70.0,1,67.8,63.6,0.0,0.0,0.0,0.0,343
2023-05-10 09:44:44,MO2312-P-5800,MO2312-P-5800,67.8,0.0,0.0,0.0,6,67.0,70.2,2,67.8,63.6,0.0,0.0,0.0,0.0,343
2023-05-10 09:44:44,MO2312-P-5800,MO2312-P-5800,67.8,0.0,0.0,0.0,6,67.0,70.4,6,67.8,63.6,0.0,0.0,0.0,0.0,343
2023-05-10 09:44:45,MO2312-P-5800,MO2312-P-5800,67.8,0.0,0.0,0.0,6,67.0,70.4,8,67.8,63.6,0.0,0.0,0.0,0.0,343
2023-05-10 09:44:46,MO2312-P-5800,MO2312-P-5800,67.8,0.0,0.0,0.0,8,67.0,70.4,2,67.8,63.6,0.0,0.0,0.0,0.0,343
2023-05-10 09:44:46,MO2312-P-5800,MO2312-P-5800,67.8,0.0,0.0,0.0,6,67.2,70.6,18,67.8,63.6,0.0,0.0,0.0,0.0,343
2023-05-10 09:44:47,MO2312-P-5800,MO2312-P-5800,67.8,0.0,0.0,0.0,6,67.2,70.6,12,67.8,63.6,0.0,0.0,0.0,0.0,343
2023-05-10 09:44:47,MO2312-P-5800,MO2312-P-5800,67.8,0.0,0.0,0.0,6,67.2,70.6,8,67.8,63.6,0.0,0.0,0.0,0.0,343
2023-05-10 09:44:48,MO2312-P-5800,MO2312-P-5800,67.8,0.0,0.0,0.0,6,67.2,70.6,2,67.8,63.6,0.0,0.0,0.0,0.0,343
2023-05-10 09:44:48,MO2312-P-5800,MO2312-P-5800,67.8,0.0,0.0,0.0,6,67.2,70.8,1,67.8,63.6,0.0,0.0,0.0,0.0,343
2023-05-10 09:44:53,MO2312-P-5800,MO2312-P-5800,67.8,0.0,0.0,0.0,6,67.2,70.8,7,67.8,63.6,0.0,0.0,0.0,0.0,343
2023-05-10 09:44:53,MO2312-P-5800,MO2312-P-5800,67.8,0.0,0.0,0.0,2,67.4,70.8,7,67.8,63.6,0.0,0.0,0.0,0.0,343
2023-05-10 09:44:54,MO2312-P-5800,MO2312-P-5800,67.8,0.0,0.0,0.0,6,67.6,70.8,7,67.8,63.6,0.0,0.0,0.0,0.0,343
2023-05-10 09:44:54,MO2312-P-5800,MO2312-P-5800,67.8,0.0,0.0,0.0,6,67.6,70.8,9,67.8,63.6,0.0,0.0,0.0,0.0,343
2023-05-10 09:45:00,MO2312-P-5800,MO2312-P-5800,67.8,0.0,0.0,0.0,2,67.2,70.8,9,67.8,63.6,0.0,0.0,0.0,0.0,343
2023-05-10 09:45:01,MO2312-P-5800,MO2312-P-5800,67.8,0.0,0.0,0.0,6,67.4,70.8,9,67.8,63.6,0.0,0.0,0.0,0.0,343
2023-05-10 09:45:02,MO2312-P-5800,MO2312-P-5800,67.8,0.0,0.0,0.0,8,67.4,70.8,9,67.8,63.6,0.0,0.0,0.0,0.0,343
2023-05-10 09:45:02,MO2312-P-5800,MO2312-P-5800,67.8,0.0,0.0,0.0,6,67.6,70.8,9,67.8,63.6,0.0,0.0,0.0,0.0,343
2023-05-10 09:45:04,MO2312-P-5800,MO2312-P-5800,67.8,0.0,0.0,0.0,2,67.2,70.8,9,67.8,63.6,0.0,0.0,0.0,0.0,343
2023-05-10 09:45:04,MO2312-P-5800,MO2312-P-5800,67.8,0.0,0.0,0.0,6,67.4,70.8,9,67.8,63.6,0.0,0.0,0.0,0.0,343
2023-05-10 09:45:05,MO2312-P-5800,MO2312-P-5800,67.8,0.0,0.0,0.0,8,67.4,70.8,9,67.8,63.6,0.0,0.0,0.0,0.0,343
2023-05-10 09:45:06,MO2312-P-5800,MO2312-P-5800,67.8,0.0,0.0,0.0,6,67.6,70.8,9,67.8,63.6,0.0,0.0,0.0,0.0,343
2023-05-10 09:45:09,MO2312-P-5800,MO2312-P-5800,67.8,0.0,0.0,0.0,8,67.6,70.8,9,67.8,63.6,0.0,0.0,0.0,0.0,343
2023-05-10 09:45:10,MO2312-P-5800,MO2312-P-5800,67.8,0.0,0.0,0.0,6,67.8,70.8,9,67.8,63.6,0.0,0.0,0.0,0.0,343
2023-05-10 09:45:11,MO2312-P-5800,MO2312-P-5800,67.8,0.0,0.0,0.0,2,67.4,70.8,9,67.8,63.6,0.0,0.0,0.0,0.0,343
2023-05-10 09:45:11,MO2312-P-5800,MO2312-P-5800,67.8,0.0,0.0,0.0,6,67.6,70.8,9,67.8,63.6,0.0,0.0,0.0,0.0,343
2023-05-10 09:45:12,MO2312-P-5800,MO2312-P-5800,67.8,0.0,0.0,0.0,8,67.6,70.8,9,67.8,63.6,0.0,0.0,0.0,0.0,343
2023-05-10 09:45:13,MO2312-P-5800,MO2312-P-5800,67.8,0.0,0.0,0.0,6,67.8,70.8,9,67.8,63.6,0.0,0.0,0.0,0.0,343
2023-05-10 09:45:14,MO2312-P-5800,MO2312-P-5800,67.8,0.0,0.0,0.0,2,67.4,70.8,9,67.8,63.6,0.0,0.0,0.0,0.0,343
2023-05-10 09:45:15,MO2312-P-5800,MO2312-P-5800,67.8,0.0,0.0,0.0,6,67.6,70.8,9,67.8,63.6,0.0,0.0,0.0,0.0,343
2023-05-10 09:45:17,MO2312-P-5800,MO2312-P-5800,67.8,0.0,0.0,0.0,8,67.2,70.8,9,67.8,63.6,0.0,0.0,0.0,0.0,343
2023-05-10 09:45:18,MO2312-P-5800,MO2312-P-5800,67.8,0.0,0.0,0.0,6,67.4,70.8,9,67.8,63.6,0.0,0.0,0.0,0.0,343
2023-05-10 09:45:18,MO2312-P-5800,MO2312-P-5800,67.8,0.0,0.0,0.0,8,67.4,70.8,9,67.8,63.6,0.0,0.0,0.0,0.0,343
2023-05-10 09:45:19,MO2312-P-5800,MO2312-P-5800,67.8,0.0,0.0,0.0,6,67.6,70.8,9,67.8,63.6,0.0,0.0,0.0,0.0,343
2023-05-10 09:45:22,MO2312-P-5800,MO2312-P-5800,67.8,0.0,0.0,0.0,8,67.6,70.8,9,67.8,63.6,0.0,0.0,0.0,0.0,343
2023-05-10 09:45:22,MO2312-P-5800,MO2312-P-5800,67.8,0.0,0.0,0.0,6,67.8,70.8,9,67.8,63.6,0.0,0.0,0.0,0.0,343
2023-05-10 09:45:24,MO2312-P-5800,MO2312-P-5800,67.8,0.0,0.0,0.0,8,67.8,70.8,3,67.8,63.6,0.0,0.0,0.0,0.0,343
2023-05-10 09:45:24,MO2312-P-5800,MO2312-P-5800,67.8,0.0,0.0,0.0,6,68.0,70.8,1,67.8,63.6,0.0,0.0,0.0,0.0,343
2023-05-10 09:45:26,MO2312-P-5800,MO2312-P-5800,67.8,0.0,0.0,0.0,8,67.6,70.8,1,67.8,63.6,0.0,0.0,0.0,0.0,343
2023-05-10 09:45:27,MO2312-P-5800,MO2312-P-5800,67.8,0.0,0.0,0.0,6,67.8,70.8,1,67.8,63.6,0.0,0.0,0.0,0.0,343
2023-05-10 09:45:35,MO2312-P-5800,MO2312-P-5800,67.8,0.0,0.0,0.0,8,67.8,70.8,1,67.8,63.6,0.0,0.0,0.0,0.0,343
2023-05-10 09:45:35,MO2312-P-5800,MO2312-P-5800,67.8,0.0,0.0,0.0,6,68.0,70.8,1,67.8,63.6,0.0,0.0,0.0,0.0,343
2023-05-10 09:45:42,MO2312-P-5800,MO2312-P-5800,67.8,0.0,0.0,0.0,6,68.0,71.0,2,67.8,63.6,0.0,0.0,0.0,0.0,343
2023-05-10 09:45:43,MO2312-P-5800,MO2312-P-5800,67.8,0.0,0.0,0.0,6,68.0,71.2,30,67.8,63.6,0.0,0.0,0.0,0.0,343
2023-05-10 09:45:43,MO2312-P-5800,MO2312-P-5800,67.8,0.0,0.0,0.0,6,68.0,71.2,24,67.8,63.6,0.0,0.0,0.0,0.0,343
2023-05-10 09:45:44,MO2312-P-5800,MO2312-P-5800,67.8,0.0,0.0,0.0,6,68.0,71.2,26,67.8,63.6,0.0,0.0,0.0,0.0,343
2023-05-10 09:45:47,MO2312-P-5800,MO2312-P-5800,67.8,0.0,0.0,0.0,6,68.0,71.0,1,67.8,63.6,0.0,0.0,0.0,0.0,343
2023-05-10 09:45:56,MO2312-P-5800,MO2312-P-5800,67.8,0.0,0.0,0.0,6,67.8,71.0,1,67.8,63.6,0.0,0.0,0.0,0.0,343
2023-05-10 09:45:57,MO2312-P-5800,MO2312-P-5800,67.8,0.0,0.0,0.0,8,67.8,71.0,1,67.8,63.6,0.0,0.0,0.0,0.0,343
2023-05-10 09:45:58,MO2312-P-5800,MO2312-P-5800,67.8,0.0,0.0,0.0,6,68.0,71.0,1,67.8,63.6,0.0,0.0,0.0,0.0,343
2023-05-10 09:46:00,MO2312-P-5800,MO2312-P-5800,67.8,0.0,0.0,0.0,8,67.6,71.0,1,67.8,63.6,0.0,0.0,0.0,0.0,343
2023-05-10 09:46:00,MO2312-P-5800,MO2312-P-5800,67.8,0.0,0.0,0.0,6,67.8,71.0,1,67.8,63.6,0.0,0.0,0.0,0.0,343
2023-05-10 09:46:01,MO2312-P-5800,MO2312-P-5800,67.8,0.0,0.0,0.0,6,67.6,71.0,1,67.8,63.6,0.0,0.0,0.0,0.0,343
2023-05-10 09:46:02,MO2312-P-5800,MO2312-P-5800,67.8,0.0,0.0,0.0,6,67.6,70.8,12,67.8,63.6,0.0,0.0,0.0,0.0,343
2023-05-10 09:46:03,MO2312-P-5800,MO2312-P-5800,67.8,0.0,0.0,0.0,6,67.6,70.2,1,67.8,63.6,0.0,0.0,0.0,0.0,343
2023-05-10 09:46:12,MO2312-P-5800,MO2312-P-5800,67.8,0.0,0.0,0.0,6,67.6,70.4,2,67.8,63.6,0.0,0.0,0.0,0.0,343
2023-05-10 09:46:12,MO2312-P-5800,MO2312-P-5800,67.8,0.0,0.0,0.0,6,67.6,70.8,12,67.8,63.6,0.0,0.0,0.0,0.0,343
2023-05-10 09:46:13,MO2312-P-5800,MO2312-P-5800,67.8,0.0,0.0,0.0,6,67.6,70.8,14,67.8,63.6,0.0,0.0,0.0,0.0,343
2023-05-10 09:46:14,MO2312-P-5800,MO2312-P-5800,67.8,0.0,0.0,0.0,6,67.4,70.8,14,67.8,63.6,0.0,0.0,0.0,0.0,343
2023-05-10 09:46:18,MO2312-P-5800,MO2312-P-5800,67.8,0.0,0.0,0.0,6,67.4,70.2,1,67.8,63.6,0.0,0.0,0.0,0.0,343
2023-05-10 09:46:20,MO2312-P-5800,MO2312-P-5800,67.8,0.0,0.0,0.0,6,67.4,70.2,7,67.8,63.6,0.0,0.0,0.0,0.0,343
2023-05-10 09:46:23,MO2312-P-5800,MO2312-P-5800,67.8,0.0,0.0,0.0,6,67.4,70.2,9,67.8,63.6,0.0,0.0,0.0,0.0,343
2023-05-10 09:46:29,MO2312-P-5800,MO2312-P-5800,67.8,0.0,0.0,0.0,6,67.4,70.2,3,67.8,63.6,0.0,0.0,0.0,0.0,343
2023-05-10 09:46:30,MO2312-P-5800,MO2312-P-5800,67.8,0.0,0.0,0.0,6,67.4,70.2,1,67.8,63.6,0.0,0.0,0.0,0.0,343
2023-05-10 09:46:49,MO2312-P-5800,MO2312-P-5800,67.8,0.0,0.0,0.0,6,67.2,70.2,1,67.8,63.6,0.0,0.0,0.0,0.0,343
2023-05-10 09:46:49,MO2312-P-5800,MO2312-P-5800,67.8,0.0,0.0,0.0,6,67.2,70.2,7,67.8,63.6,0.0,0.0,0.0,0.0,343
2023-05-10 09:46:51,MO2312-P-5800,MO2312-P-5800,67.8,0.0,0.0,0.0,6,67.2,70.2,9,67.8,63.6,0.0,0.0,0.0,0.0,343
2023-05-10 09:46:55,MO2312-P-5800,MO2312-P-5800,67.8,0.0,0.0,0.0,6,67.2,70.2,3,67.8,63.6,0.0,0.0,0.0,0.0,343
2023-05-10 09:46:56,MO2312-P-5800,MO2312-P-5800,67.8,0.0,0.0,0.0,8,67.2,70.2,1,67.8,63.6,0.0,0.0,0.0,0.0,343
2023-05-10 09:46:56,MO2312-P-5800,MO2312-P-5800,67.8,0.0,0.0,0.0,6,67.4,70.2,1,67.8,63.6,0.0,0.0,0.0,0.0,343
2023-05-10 09:46:58,MO2312-P-5800,MO2312-P-5800,67.8,0.0,0.0,0.0,6,67.2,70.2,1,67.8,63.6,0.0,0.0,0.0,0.0,343
2023-05-10 09:47:06,MO2312-P-5800,MO2312-P-5800,67.8,0.0,0.0,0.0,8,67.2,70.2,1,67.8,63.6,0.0,0.0,0.0,0.0,343
2023-05-10 09:47:06,MO2312-P-5800,MO2312-P-5800,67.8,0.0,0.0,0.0,6,67.4,70.2,1,67.8,63.6,0.0,0.0,0.0,0.0,343
2023-05-10 09:47:07,MO2312-P-5800,MO2312-P-5800,67.8,0.0,0.0,0.0,6,67.2,70.2,7,67.8,63.6,0.0,0.0,0.0,0.0,343
2023-05-10 09:47:07,MO2312-P-5800,MO2312-P-5800,67.8,0.0,0.0,0.0,6,67.2,70.2,9,67.8,63.6,0.0,0.0,0.0,0.0,343
2023-05-10 09:47:09,MO2312-P-5800,MO2312-P-5800,67.8,0.0,0.0,0.0,6,67.2,70.2,15,67.8,63.6,0.0,0.0,0.0,0.0,343
2023-05-10 09:47:58,MO2312-P-5800,MO2312-P-5800,67.8,0.0,0.0,0.0,6,67.2,70.2,9,67.8,63.6,0.0,0.0,0.0,0.0,343
2023-05-10 09:48:22,MO2312-P-5800,MO2312-P-5800,67.8,0.0,0.0,0.0,6,67.2,70.2,7,67.8,63.6,0.0,0.0,0.0,0.0,343
2023-05-10 09:48:22,MO2312-P-5800,MO2312-P-5800,67.8,0.0,0.0,0.0,8,67.2,70.2,9,67.8,63.6,0.0,0.0,0.0,0.0,343
2023-05-10 09:48:23,MO2312-P-5800,MO2312-P-5800,67.8,0.0,0.0,0.0,6,67.4,70.2,9,67.8,63.6,0.0,0.0,0.0,0.0,343
2023-05-10 09:48:26,MO2312-P-5800,MO2312-P-5800,67.8,0.0,0.0,0.0,6,67.2,70.2,9,67.8,63.6,0.0,0.0,0.0,0.0,343
2023-05-10 09:48:27,MO2312-P-5800,MO2312-P-5800,67.8,0.0,0.0,0.0,6,67.2,70.2,8,67.8,63.6,0.0,0.0,0.0,0.0,343
2023-05-10 09:48:32,MO2312-P-5800,MO2312-P-5800,67.8,0.0,0.0,0.0,6,67.2,70.2,3,67.8,63.6,0.0,0.0,0.0,0.0,343
2023-05-10 09:48:32,MO2312-P-5800,MO2312-P-5800,67.8,0.0,0.0,0.0,8,67.2,70.2,1,67.8,63.6,0.0,0.0,0.0,0.0,343
2023-05-10 09:48:33,MO2312-P-5800,MO2312-P-5800,67.8,0.0,0.0,0.0,6,67.4,70.2,1,67.8,63.6,0.0,0.0,0.0,0.0,343
2023-05-10 09:48:36,MO2312-P-5800,MO2312-P-5800,67.8,0.0,0.0,0.0,6,67.2,70.2,1,67.8,63.6,0.0,0.0,0.0,0.0,343
2023-05-10 09:49:02,MO2312-P-5800,MO2312-P-5800,67.8,0.0,0.0,0.0,6,67.2,70.2,7,67.8,63.6,0.0,0.0,0.0,0.0,343
2023-05-10 09:49:02,MO2312-P-5800,MO2312-P-5800,67.8,0.0,0.0,0.0,6,67.2,70.0,6,67.8,63.6,0.0,0.0,0.0,0.0,343
2023-05-10 09:49:03,MO2312-P-5800,MO2312-P-5800,67.8,0.0,0.0,0.0,6,67.2,70.0,8,67.8,63.6,0.0,0.0,0.0,0.0,343
2023-05-10 09:49:34,MO2312-P-5800,MO2312-P-5800,67.8,0.0,0.0,0.0,6,67.2,69.6,1,67.8,63.6,0.0,0.0,0.0,0.0,343
2023-05-10 09:49:35,MO2312-P-5800,MO2312-P-5800,67.8,0.0,0.0,0.0,6,66.8,69.6,1,67.8,63.6,0.0,0.0,0.0,0.0,343
2023-05-10 09:49:38,MO2312-P-5800,MO2312-P-5800,67.8,0.0,0.0,0.0,8,66.8,69.6,1,67.8,63.6,0.0,0.0,0.0,0.0,343
2023-05-10 09:49:39,MO2312-P-5800,MO2312-P-5800,67.8,0.0,0.0,0.0,6,67.0,69.6,1,67.8,63.6,0.0,0.0,0.0,0.0,343
2023-05-10 09:49:39,MO2312-P-5800,MO2312-P-5800,67.8,0.0,0.0,0.0,6,66.8,69.6,1,67.8,63.6,0.0,0.0,0.0,0.0,343
2023-05-10 09:49:52,MO2312-P-5800,MO2312-P-5800,67.8,0.0,0.0,0.0,6,66.8,69.8,2,67.8,63.6,0.0,0.0,0.0,0.0,343
2023-05-10 09:49:52,MO2312-P-5800,MO2312-P-5800,67.8,0.0,0.0,0.0,6,66.8,70.0,18,67.8,63.6,0.0,0.0,0.0,0.0,343
2023-05-10 09:49:53,MO2312-P-5800,MO2312-P-5800,67.8,0.0,0.0,0.0,6,66.8,70.0,20,67.8,63.6,0.0,0.0,0.0,0.0,343
2023-05-10 09:49:54,MO2312-P-5800,MO2312-P-5800,67.8,0.0,0.0,0.0,6,66.8,70.0,14,67.8,63.6,0.0,0.0,0.0,0.0,343
2023-05-10 09:49:55,MO2312-P-5800,MO2312-P-5800,67.8,0.0,0.0,0.0,8,66.8,70.0,14,67.8,63.6,0.0,0.0,0.0,0.0,343
2023-05-10 09:49:55,MO2312-P-5800,MO2312-P-5800,67.8,0.0,0.0,0.0,6,67.0,70.0,14,67.8,63.6,0.0,0.0,0.0,0.0,343
2023-05-10 09:49:57,MO2312-P-5800,MO2312-P-5800,67.8,0.0,0.0,0.0,6,67.0,70.0,15,67.8,63.6,0.0,0.0,0.0,0.0,343
2023-05-10 09:50:01,MO2312-P-5800,MO2312-P-5800,67.8,0.0,0.0,0.0,6,67.0,70.0,9,67.8,63.6,0.0,0.0,0.0,0.0,343
2023-05-10 09:50:02,MO2312-P-5800,MO2312-P-5800,67.8,0.0,0.0,0.0,6,67.0,70.0,3,67.8,63.6,0.0,0.0,0.0,0.0,343
2023-05-10 09:50:02,MO2312-P-5800,MO2312-P-5800,67.8,0.0,0.0,0.0,6,67.0,70.0,1,67.8,63.6,0.0,0.0,0.0,0.0,343
2023-05-10 09:50:04,MO2312-P-5800,MO2312-P-5800,67.8,0.0,0.0,0.0,6,66.8,70.0,1,67.8,63.6,0.0,0.0,0.0,0.0,343
2023-05-10 09:50:04,MO2312-P-5800,MO2312-P-5800,67.8,0.0,0.0,0.0,8,66.8,70.0,1,67.8,63.6,0.0,0.0,0.0,0.0,343
2023-05-10 09:50:05,MO2312-P-5800,MO2312-P-5800,67.8,0.0,0.0,0.0,6,67.0,70.0,1,67.8,63.6,0.0,0.0,0.0,0.0,343
2023-05-10 09:50:06,MO2312-P-5800,MO2312-P-5800,67.8,0.0,0.0,0.0,8,67.0,70.0,1,67.8,63.6,0.0,0.0,0.0,0.0,343
2023-05-10 09:50:06,MO2312-P-5800,MO2312-P-5800,67.8,0.0,0.0,0.0,6,67.2,70.0,1,67.8,63.6,0.0,0.0,0.0,0.0,343
2023-05-10 09:50:07,MO2312-P-5800,MO2312-P-5800,67.8,0.0,0.0,0.0,8,66.8,70.0,1,67.8,63.6,0.0,0.0,0.0,0.0,343
2023-05-10 09:50:08,MO2312-P-5800,MO2312-P-5800,67.8,0.0,0.0,0.0,6,67.0,70.0,1,67.8,63.6,0.0,0.0,0.0,0.0,343
2023-05-10 09:50:12,MO2312-P-5800,MO2312-P-5800,67.8,0.0,0.0,0.0,6,66.8,70.0,1,67.8,63.6,0.0,0.0,0.0,0.0,343
2023-05-10 09:50:14,MO2312-P-5800,MO2312-P-5800,67.8,0.0,0.0,0.0,6,66.8,70.0,7,67.8,63.6,0.0,0.0,0.0,0.0,343
2023-05-10 09:50:15,MO2312-P-5800,MO2312-P-5800,67.8,0.0,0.0,0.0,6,66.8,70.0,9,67.8,63.6,0.0,0.0,0.0,0.0,343
2023-05-10 09:50:21,MO2312-P-5800,MO2312-P-5800,67.8,0.0,0.0,0.0,8,66.8,70.0,9,67.8,63.6,0.0,0.0,0.0,0.0,343
2023-05-10 09:50:22,MO2312-P-5800,MO2312-P-5800,67.8,0.0,0.0,0.0,6,67.0,70.0,9,67.8,63.6,0.0,0.0,0.0,0.0,343
2023-05-10 09:50:22,MO2312-P-5800,MO2312-P-5800,67.8,0.0,0.0,0.0,6,66.8,70.0,9,67.8,63.6,0.0,0.0,0.0,0.0,343
2023-05-10 09:50:23,MO2312-P-5800,MO2312-P-5800,67.8,0.0,0.0,0.0,8,66.8,70.0,9,67.8,63.6,0.0,0.0,0.0,0.0,343
2023-05-10 09:50:23,MO2312-P-5800,MO2312-P-5800,67.8,0.0,0.0,0.0,6,67.0,70.0,9,67.8,63.6,0.0,0.0,0.0,0.0,343
2023-05-10 09:50:25,MO2312-P-5800,MO2312-P-5800,67.8,0.0,0.0,0.0,6,67.0,70.0,3,67.8,63.6,0.0,0.0,0.0,0.0,343
2023-05-10 09:50:25,MO2312-P-5800,MO2312-P-5800,67.8,0.0,0.0,0.0,6,67.0,70.0,1,67.8,63.6,0.0,0.0,0.0,0.0,343
2023-05-10 09:50:35,MO2312-P-5800,MO2312-P-5800,67.8,0.0,0.0,0.0,6,66.8,70.0,1,67.8,63.6,0.0,0.0,0.0,0.0,343
2023-05-10 09:50:35,MO2312-P-5800,MO2312-P-5800,67.8,0.0,0.0,0.0,8,66.8,70.0,1,67.8,63.6,0.0,0.0,0.0,0.0,343
2023-05-10 09:50:36,MO2312-P-5800,MO2312-P-5800,67.8,0.0,0.0,0.0,6,67.0,70.0,1,67.8,63.6,0.0,0.0,0.0,0.0,343
2023-05-10 09:50:47,MO2312-P-5800,MO2312-P-5800,67.8,0.0,0.0,0.0,6,66.8,70.0,7,67.8,63.6,0.0,0.0,0.0,0.0,343
2023-05-10 09:50:48,MO2312-P-5800,MO2312-P-5800,67.8,0.0,0.0,0.0,6,66.8,70.0,9,67.8,63.6,0.0,0.0,0.0,0.0,343
2023-05-10 09:51:04,MO2312-P-5800,MO2312-P-5800,67.8,0.0,0.0,0.0,6,66.8,69.4,1,67.8,63.6,0.0,0.0,0.0,0.0,343
2023-05-10 09:51:06,MO2312-P-5800,MO2312-P-5800,67.8,0.0,0.0,0.0,8,66.8,69.4,1,67.8,63.6,0.0,0.0,0.0,0.0,343
2023-05-10 09:51:07,MO2312-P-5800,MO2312-P-5800,67.8,0.0,0.0,0.0,6,67.0,69.6,2,67.8,63.6,0.0,0.0,0.0,0.0,343
2023-05-10 09:51:07,MO2312-P-5800,MO2312-P-5800,67.8,0.0,0.0,0.0,6,67.0,70.2,24,67.8,63.6,0.0,0.0,0.0,0.0,343
2023-05-10 09:51:08,MO2312-P-5800,MO2312-P-5800,67.8,0.0,0.0,0.0,6,67.0,70.2,26,67.8,63.6,0.0,0.0,0.0,0.0,343
2023-05-10 09:51:15,MO2312-P-5800,MO2312-P-5800,67.8,0.0,0.0,0.0,6,67.0,70.0,1,67.8,63.6,0.0,0.0,0.0,0.0,343
2023-05-10 09:51:18,MO2312-P-5800,MO2312-P-5800,67.8,0.0,0.0,0.0,8,67.0,70.0,1,67.8,63.6,0.0,0.0,0.0,0.0,343
2023-05-10 09:51:19,MO2312-P-5800,MO2312-P-5800,67.8,0.0,0.0,0.0,6,67.2,70.0,1,67.8,63.6,0.0,0.0,0.0,0.0,343
2023-05-10 09:51:20,MO2312-P-5800,MO2312-P-5800,67.8,0.0,0.0,0.0,8,66.8,70.0,1,67.8,63.6,0.0,0.0,0.0,0.0,343
2023-05-10 09:51:21,MO2312-P-5800,MO2312-P-5800,67.8,0.0,0.0,0.0,6,67.0,70.0,1,67.8,63.6,0.0,0.0,0.0,0.0,343
2023-05-10 09:51:21,MO2312-P-5800,MO2312-P-5800,67.8,0.0,0.0,0.0,8,67.0,70.0,1,67.8,63.6,0.0,0.0,0.0,0.0,343
2023-05-10 09:51:22,MO2312-P-5800,MO2312-P-5800,67.8,0.0,0.0,0.0,6,67.2,70.2,26,67.8,63.6,0.0,0.0,0.0,0.0,343
2023-05-10 09:51:51,MO2312-P-5800,MO2312-P-5800,67.8,0.0,0.0,0.0,8,67.2,70.2,26,67.8,63.6,0.0,0.0,0.0,0.0,343
2023-05-10 09:51:51,MO2312-P-5800,MO2312-P-5800,67.8,0.0,0.0,0.0,6,67.4,70.2,26,67.8,63.6,0.0,0.0,0.0,0.0,343
2023-05-10 09:51:52,MO2312-P-5800,MO2312-P-5800,67.8,0.0,0.0,0.0,2,67.0,70.2,26,67.8,63.6,0.0,0.0,0.0,0.0,343
2023-05-10 09:51:53,MO2312-P-5800,MO2312-P-5800,67.8,0.0,0.0,0.0,6,67.2,70.2,26,67.8,63.6,0.0,0.0,0.0,0.0,343
2023-05-10 09:51:55,MO2312-P-5800,MO2312-P-5800,67.8,0.0,0.0,0.0,8,67.2,70.2,26,67.8,63.6,0.0,0.0,0.0,0.0,343
2023-05-10 09:51:56,MO2312-P-5800,MO2312-P-5800,67.8,0.0,0.0,0.0,6,67.4,70.2,20,67.8,63.6,0.0,0.0,0.0,0.0,343
2023-05-10 09:51:56,MO2312-P-5800,MO2312-P-5800,67.8,0.0,0.0,0.0,6,67.4,70.2,14,67.8,63.6,0.0,0.0,0.0,0.0,343
2023-05-10 09:52:02,MO2312-P-5800,MO2312-P-5800,67.8,0.0,0.0,0.0,8,67.0,70.2,14,67.8,63.6,0.0,0.0,0.0,0.0,343
2023-05-10 09:52:02,MO2312-P-5800,MO2312-P-5800,67.8,0.0,0.0,0.0,6,67.2,70.2,14,67.8,63.6,0.0,0.0,0.0,0.0,343
2023-05-10 09:52:06,MO2312-P-5800,MO2312-P-5800,67.8,0.0,0.0,0.0,6,67.0,70.2,14,67.8,63.6,0.0,0.0,0.0,0.0,343
2023-05-10 09:52:08,MO2312-P-5800,MO2312-P-5800,67.8,0.0,0.0,0.0,8,67.0,70.2,14,67.8,63.6,0.0,0.0,0.0,0.0,343
2023-05-10 09:52:08,MO2312-P-5800,MO2312-P-5800,67.8,0.0,0.0,0.0,6,67.2,70.2,14,67.8,63.6,0.0,0.0,0.0,0.0,343
2023-05-10 09:52:15,MO2312-P-5800,MO2312-P-5800,67.8,0.0,0.0,0.0,6,67.2,70.2,8,67.8,63.6,0.0,0.0,0.0,0.0,343
2023-05-10 09:52:15,MO2312-P-5800,MO2312-P-5800,67.8,0.0,0.0,0.0,6,67.2,70.2,2,67.8,63.6,0.0,0.0,0.0,0.0,343
2023-05-10 09:52:16,MO2312-P-5800,MO2312-P-5800,67.8,0.0,0.0,0.0,8,67.2,70.6,19,67.8,63.6,0.0,0.0,0.0,0.0,343
2023-05-10 09:52:16,MO2312-P-5800,MO2312-P-5800,67.8,0.0,0.0,0.0,6,67.4,70.6,13,67.8,63.6,0.0,0.0,0.0,0.0,343
2023-05-10 09:52:17,MO2312-P-5800,MO2312-P-5800,67.8,0.0,0.0,0.0,6,67.4,70.6,15,67.8,63.6,0.0,0.0,0.0,0.0,343
2023-05-10 09:52:18,MO2312-P-5800,MO2312-P-5800,67.8,0.0,0.0,0.0,8,67.0,70.6,15,67.8,63.6,0.0,0.0,0.0,0.0,343
2023-05-10 09:52:19,MO2312-P-5800,MO2312-P-5800,67.8,0.0,0.0,0.0,6,67.2,70.6,15,67.8,63.6,0.0,0.0,0.0,0.0,343
2023-05-10 09:52:35,MO2312-P-5800,MO2312-P-5800,67.8,0.0,0.0,0.0,6,67.2,70.0,1,67.8,63.6,0.0,0.0,0.0,0.0,343
2023-05-10 09:52:36,MO2312-P-5800,MO2312-P-5800,67.8,0.0,0.0,0.0,6,67.0,70.0,1,67.8,63.6,0.0,0.0,0.0,0.0,343
2023-05-10 09:52:36,MO2312-P-5800,MO2312-P-5800,67.8,0.0,0.0,0.0,8,67.0,70.0,1,67.8,63.6,0.0,0.0,0.0,0.0,343
2023-05-10 09:52:37,MO2312-P-5800,MO2312-P-5800,67.8,0.0,0.0,0.0,6,67.2,70.2,6,67.8,63.6,0.0,0.0,0.0,0.0,343
2023-05-10 09:52:38,MO2312-P-5800,MO2312-P-5800,67.8,0.0,0.0,0.0,6,67.2,70.2,8,67.8,63.6,0.0,0.0,0.0,0.0,343
2023-05-10 09:52:40,MO2312-P-5800,MO2312-P-5800,67.8,0.0,0.0,0.0,8,67.2,70.2,2,67.8,63.6,0.0,0.0,0.0,0.0,343
2023-05-10 09:52:41,MO2312-P-5800,MO2312-P-5800,67.8,0.0,0.0,0.0,6,67.4,70.6,12,67.8,63.6,0.0,0.0,0.0,0.0,343
2023-05-10 09:52:41,MO2312-P-5800,MO2312-P-5800,67.8,0.0,0.0,0.0,6,67.4,70.6,6,67.8,63.6,0.0,0.0,0.0,0.0,343
2023-05-10 09:52:42,MO2312-P-5800,MO2312-P-5800,67.8,0.0,0.0,0.0,6,67.4,70.6,8,67.8,63.6,0.0,0.0,0.0,0.0,343
2023-05-10 09:53:01,MO2312-P-5800,MO2312-P-5800,67.8,0.0,0.0,0.0,8,67.0,70.6,8,67.8,63.6,0.0,0.0,0.0,0.0,343
2023-05-10 09:53:02,MO2312-P-5800,MO2312-P-5800,67.8,0.0,0.0,0.0,6,67.2,70.6,8,67.8,63.6,0.0,0.0,0.0,0.0,343
2023-05-10 09:53:05,MO2312-P-5800,MO2312-P-5800,67.8,0.0,0.0,0.0,8,67.2,70.6,8,67.8,63.6,0.0,0.0,0.0,0.0,343
2023-05-10 09:53:06,MO2312-P-5800,MO2312-P-5800,67.8,0.0,0.0,0.0,6,67.4,70.6,8,67.8,63.6,0.0,0.0,0.0,0.0,343
2023-05-10 09:53:11,MO2312-P-5800,MO2312-P-5800,67.8,0.0,0.0,0.0,8,67.0,70.6,8,67.8,63.6,0.0,0.0,0.0,0.0,343
2023-05-10 09:53:12,MO2312-P-5800,MO2312-P-5800,67.8,0.0,0.0,0.0,6,67.2,70.6,8,67.8,63.6,0.0,0.0,0.0,0.0,343
2023-05-10 09:53:15,MO2312-P-5800,MO2312-P-5800,67.8,0.0,0.0,0.0,6,67.2,70.6,6,67.8,63.6,0.0,0.0,0.0,0.0,343
2023-05-10 09:53:15,MO2312-P-5800,MO2312-P-5800,67.8,0.0,0.0,0.0,6,67.2,70.4,6,67.8,63.6,0.0,0.0,0.0,0.0,343
2023-05-10 09:53:16,MO2312-P-5800,MO2312-P-5800,67.8,0.0,0.0,0.0,6,67.2,70.4,8,67.8,63.6,0.0,0.0,0.0,0.0,343
2023-05-10 09:53:21,MO2312-P-5800,MO2312-P-5800,67.8,0.0,0.0,0.0,8,67.2,70.4,8,67.8,63.6,0.0,0.0,0.0,0.0,343
2023-05-10 09:53:21,MO2312-P-5800,MO2312-P-5800,67.8,0.0,0.0,0.0,6,67.4,70.4,8,67.8,63.6,0.0,0.0,0.0,0.0,343
2023-05-10 09:53:22,MO2312-P-5800,MO2312-P-5800,67.8,0.0,0.0,0.0,8,67.0,70.4,8,67.8,63.6,0.0,0.0,0.0,0.0,343
2023-05-10 09:53:23,MO2312-P-5800,MO2312-P-5800,67.8,0.0,0.0,0.0,6,67.2,70.4,8,67.8,63.6,0.0,0.0,0.0,0.0,343
2023-05-10 09:53:23,MO2312-P-5800,MO2312-P-5800,67.8,0.0,0.0,0.0,8,67.2,70.4,8,67.8,63.6,0.0,0.0,0.0,0.0,343
2023-05-10 09:53:24,MO2312-P-5800,MO2312-P-5800,67.8,0.0,0.0,0.0,6,67.4,70.4,8,67.8,63.6,0.0,0.0,0.0,0.0,343
2023-05-10 09:53:26,MO2312-P-5800,MO2312-P-5800,67.8,0.0,0.0,0.0,8,67.0,70.4,8,67.8,63.6,0.0,0.0,0.0,0.0,343
2023-05-10 09:53:27,MO2312-P-5800,MO2312-P-5800,67.8,0.0,0.0,0.0,6,67.2,70.4,8,67.8,63.6,0.0,0.0,0.0,0.0,343
2023-05-10 09:53:28,MO2312-P-5800,MO2312-P-5800,67.8,0.0,0.0,0.0,6,67.2,70.4,2,67.8,63.6,0.0,0.0,0.0,0.0,343
2023-05-10 09:53:29,MO2312-P-5800,MO2312-P-5800,67.8,0.0,0.0,0.0,8,67.2,70.6,6,67.8,63.6,0.0,0.0,0.0,0.0,343
2023-05-10 09:53:29,MO2312-P-5800,MO2312-P-5800,67.8,0.0,0.0,0.0,6,67.4,70.6,6,67.8,63.6,0.0,0.0,0.0,0.0,343
2023-05-10 09:53:30,MO2312-P-5800,MO2312-P-5800,67.8,0.0,0.0,0.0,6,67.4,70.6,8,67.8,63.6,0.0,0.0,0.0,0.0,343
2023-05-10 09:53:33,MO2312-P-5800,MO2312-P-5800,67.8,0.0,0.0,0.0,8,67.0,70.6,8,67.8,63.6,0.0,0.0,0.0,0.0,343
2023-05-10 09:53:34,MO2312-P-5800,MO2312-P-5800,67.8,0.0,0.0,0.0,6,67.2,70.6,8,67.8,63.6,0.0,0.0,0.0,0.0,343
2023-05-10 09:53:53,MO2312-P-5800,MO2312-P-5800,67.8,0.0,0.0,0.0,8,67.2,70.6,8,67.8,63.6,0.0,0.0,0.0,0.0,343
2023-05-10 09:53:54,MO2312-P-5800,MO2312-P-5800,67.8,0.0,0.0,0.0,6,67.4,70.6,8,67.8,63.6,0.0,0.0,0.0,0.0,343
2023-05-10 09:53:59,MO2312-P-5800,MO2312-P-5800,67.8,0.0,0.0,0.0,8,67.0,70.6,8,67.8,63.6,0.0,0.0,0.0,0.0,343
2023-05-10 09:54:00,MO2312-P-5800,MO2312-P-5800,67.8,0.0,0.0,0.0,6,67.2,70.6,8,67.8,63.6,0.0,0.0,0.0,0.0,343
2023-05-10 09:54:02,MO2312-P-5800,MO2312-P-5800,67.8,0.0,0.0,0.0,6,67.2,70.4,6,67.8,63.6,0.0,0.0,0.0,0.0,343
2023-05-10 09:54:02,MO2312-P-5800,MO2312-P-5800,67.8,0.0,0.0,0.0,6,67.2,70.4,8,67.8,63.6,0.0,0.0,0.0,0.0,343
2023-05-10 09:54:05,MO2312-P-5800,MO2312-P-5800,67.8,0.0,0.0,0.0,8,67.2,70.4,8,67.8,63.6,0.0,0.0,0.0,0.0,343
2023-05-10 09:54:06,MO2312-P-5800,MO2312-P-5800,67.8,0.0,0.0,0.0,6,67.4,70.4,8,67.8,63.6,0.0,0.0,0.0,0.0,343
2023-05-10 09:54:06,MO2312-P-5800,MO2312-P-5800,67.8,0.0,0.0,0.0,6,67.2,70.4,8,67.8,63.6,0.0,0.0,0.0,0.0,343
2023-05-10 09:54:12,MO2312-P-5800,MO2312-P-5800,67.8,0.0,0.0,0.0,6,67.0,70.4,8,67.8,63.6,0.0,0.0,0.0,0.0,343
2023-05-10 09:54:15,MO2312-P-5800,MO2312-P-5800,67.8,0.0,0.0,0.0,6,67.0,70.4,10,67.8,63.6,0.0,0.0,0.0,0.0,343
2023-05-10 09:54:18,MO2312-P-5800,MO2312-P-5800,67.8,0.0,0.0,0.0,6,67.0,70.4,8,67.8,63.6,0.0,0.0,0.0,0.0,343
2023-05-10 09:54:23,MO2312-P-5800,MO2312-P-5800,67.8,0.0,0.0,0.0,6,67.0,70.2,6,67.8,63.6,0.0,0.0,0.0,0.0,343
2023-05-10 09:54:23,MO2312-P-5800,MO2312-P-5800,67.8,0.0,0.0,0.0,6,67.0,70.2,8,67.8,63.6,0.0,0.0,0.0,0.0,343
2023-05-10 09:54:27,MO2312-P-5800,MO2312-P-5800,67.8,0.0,0.0,0.0,8,67.0,70.2,8,67.8,63.6,0.0,0.0,0.0,0.0,343
2023-05-10 09:54:27,MO2312-P-5800,MO2312-P-5800,67.8,0.0,0.0,0.0,6,67.2,70.2,8,67.8,63.6,0.0,0.0,0.0,0.0,343
2023-05-10 09:54:33,MO2312-P-5800,MO2312-P-5800,67.8,0.0,0.0,0.0,8,66.8,70.2,6,67.8,63.6,0.0,0.0,0.0,0.0,343
2023-05-10 09:54:33,MO2312-P-5800,MO2312-P-5800,67.8,0.0,0.0,0.0,6,67.0,70.2,8,67.8,63.6,0.0,0.0,0.0,0.0,343
2023-05-10 09:54:42,MO2312-P-5800,MO2312-P-5800,67.8,0.0,0.0,0.0,8,67.0,70.2,8,67.8,63.6,0.0,0.0,0.0,0.0,343
2023-05-10 09:54:43,MO2312-P-5800,MO2312-P-5800,67.8,0.0,0.0,0.0,6,67.2,70.2,8,67.8,63.6,0.0,0.0,0.0,0.0,343
2023-05-10 09:54:44,MO2312-P-5800,MO2312-P-5800,67.8,0.0,0.0,0.0,8,66.8,70.2,8,67.8,63.6,0.0,0.0,0.0,0.0,343
2023-05-10 09:54:45,MO2312-P-5800,MO2312-P-5800,67.8,0.0,0.0,0.0,6,67.0,70.2,8,67.8,63.6,0.0,0.0,0.0,0.0,343
2023-05-10 09:54:49,MO2312-P-5800,MO2312-P-5800,67.8,0.0,0.0,0.0,8,67.0,70.2,8,67.8,63.6,0.0,0.0,0.0,0.0,343
2023-05-10 09:54:49,MO2312-P-5800,MO2312-P-5800,67.8,0.0,0.0,0.0,6,67.2,70.2,8,67.8,63.6,0.0,0.0,0.0,0.0,343
2023-05-10 09:55:03,MO2312-P-5800,MO2312-P-5800,67.8,0.0,0.0,0.0,6,67.2,70.2,2,67.8,63.6,0.0,0.0,0.0,0.0,343
2023-05-10 09:55:03,MO2312-P-5800,MO2312-P-5800,67.8,0.0,0.0,0.0,8,67.2,70.4,6,67.8,63.6,0.0,0.0,0.0,0.0,343
2023-05-10 09:55:04,MO2312-P-5800,MO2312-P-5800,67.8,0.0,0.0,0.0,6,67.4,70.4,6,67.8,63.6,0.0,0.0,0.0,0.0,343
2023-05-10 09:55:04,MO2312-P-5800,MO2312-P-5800,67.8,0.0,0.0,0.0,6,67.4,70.4,8,67.8,63.6,0.0,0.0,0.0,0.0,343
2023-05-10 09:55:06,MO2312-P-5800,MO2312-P-5800,67.8,0.0,0.0,0.0,6,67.4,70.4,2,67.8,63.6,0.0,0.0,0.0,0.0,343
2023-05-10 09:55:06,MO2312-P-5800,MO2312-P-5800,67.8,0.0,0.0,0.0,6,67.4,70.6,18,67.8,63.6,0.0,0.0,0.0,0.0,343
2023-05-10 09:55:07,MO2312-P-5800,MO2312-P-5800,67.8,0.0,0.0,0.0,6,67.4,70.6,12,67.8,63.6,0.0,0.0,0.0,0.0,343
2023-05-10 09:55:07,MO2312-P-5800,MO2312-P-5800,67.8,0.0,0.0,0.0,6,67.4,70.6,14,67.8,63.6,0.0,0.0,0.0,0.0,343
2023-05-10 09:55:10,MO2312-P-5800,MO2312-P-5800,67.8,0.0,0.0,0.0,8,67.0,70.6,14,67.8,63.6,0.0,0.0,0.0,0.0,343
2023-05-10 09:55:10,MO2312-P-5800,MO2312-P-5800,67.8,0.0,0.0,0.0,6,67.2,70.6,14,67.8,63.6,0.0,0.0,0.0,0.0,343
2023-05-10 09:55:14,MO2312-P-5800,MO2312-P-5800,67.8,0.0,0.0,0.0,6,67.2,70.6,18,67.8,63.6,0.0,0.0,0.0,0.0,343
2023-05-10 09:55:14,MO2312-P-5800,MO2312-P-5800,67.8,0.0,0.0,0.0,6,67.2,70.6,20,67.8,63.6,0.0,0.0,0.0,0.0,343
2023-05-10 09:55:32,MO2312-P-5800,MO2312-P-5800,67.8,0.0,0.0,0.0,8,67.2,70.6,20,67.8,63.6,0.0,0.0,0.0,0.0,343
2023-05-10 09:55:32,MO2312-P-5800,MO2312-P-5800,67.8,0.0,0.0,0.0,6,67.4,70.6,14,67.8,63.6,0.0,0.0,0.0,0.0,343
2023-05-10 09:55:34,MO2312-P-5800,MO2312-P-5800,67.8,0.0,0.0,0.0,6,67.4,69.8,1,67.8,63.6,0.0,0.0,0.0,0.0,343
2023-05-10 09:55:35,MO2312-P-5800,MO2312-P-5800,67.8,0.0,0.0,0.0,8,67.0,69.8,1,67.8,63.6,0.0,0.0,0.0,0.0,343
2023-05-10 09:55:35,MO2312-P-5800,MO2312-P-5800,67.8,0.0,0.0,0.0,6,67.2,69.8,1,67.8,63.6,0.0,0.0,0.0,0.0,343
2023-05-10 09:55:37,MO2312-P-5800,MO2312-P-5800,67.8,0.0,0.0,0.0,6,67.2,70.0,2,67.8,63.6,0.0,0.0,0.0,0.0,343
2023-05-10 09:55:37,MO2312-P-5800,MO2312-P-5800,67.8,0.0,0.0,0.0,6,67.2,70.6,12,67.8,63.6,0.0,0.0,0.0,0.0,343
2023-05-10 09:55:38,MO2312-P-5800,MO2312-P-5800,67.8,0.0,0.0,0.0,6,67.2,70.6,14,67.8,63.6,0.0,0.0,0.0,0.0,343
2023-05-10 09:55:42,MO2312-P-5800,MO2312-P-5800,67.8,0.0,0.0,0.0,6,67.2,70.6,15,67.8,63.6,0.0,0.0,0.0,0.0,343
2023-05-10 09:55:57,MO2312-P-5800,MO2312-P-5800,67.8,0.0,0.0,0.0,8,67.2,70.6,15,67.8,63.6,0.0,0.0,0.0,0.0,343
2023-05-10 09:55:57,MO2312-P-5800,MO2312-P-5800,67.8,0.0,0.0,0.0,6,67.4,70.6,15,67.8,63.6,0.0,0.0,0.0,0.0,343
2023-05-10 09:56:09,MO2312-P-5800,MO2312-P-5800,67.8,0.0,0.0,0.0,8,67.4,70.6,15,67.8,63.6,0.0,0.0,0.0,0.0,343
2023-05-10 09:56:10,MO2312-P-5800,MO2312-P-5800,67.8,0.0,0.0,0.0,6,67.6,70.6,15,67.8,63.6,0.0,0.0,0.0,0.0,343
2023-05-10 09:56:13,MO2312-P-5800,MO2312-P-5800,67.8,0.0,0.0,0.0,8,67.6,70.6,15,67.8,63.6,0.0,0.0,0.0,0.0,343
2023-05-10 09:56:13,MO2312-P-5800,MO2312-P-5800,67.8,0.0,0.0,0.0,6,67.8,70.6,14,67.8,63.6,0.0,0.0,0.0,0.0,343
2023-05-10 09:56:14,MO2312-P-5800,MO2312-P-5800,67.8,0.0,0.0,0.0,6,67.6,70.6,14,67.8,63.6,0.0,0.0,0.0,0.0,343
2023-05-10 09:56:17,MO2312-P-5800,MO2312-P-5800,67.8,0.0,0.0,0.0,2,67.2,70.6,14,67.8,63.6,0.0,0.0,0.0,0.0,343
2023-05-10 09:56:17,MO2312-P-5800,MO2312-P-5800,67.8,0.0,0.0,0.0,6,67.4,70.6,14,67.8,63.6,0.0,0.0,0.0,0.0,343
2023-05-10 09:56:23,MO2312-P-5800,MO2312-P-5800,67.8,0.0,0.0,0.0,8,67.4,70.6,14,67.8,63.6,0.0,0.0,0.0,0.0,343
2023-05-10 09:56:23,MO2312-P-5800,MO2312-P-5800,67.8,0.0,0.0,0.0,6,67.6,70.6,14,67.8,63.6,0.0,0.0,0.0,0.0,343
2023-05-10 09:56:25,MO2312-P-5800,MO2312-P-5800,67.8,0.0,0.0,0.0,6,67.6,70.6,15,67.8,63.6,0.0,0.0,0.0,0.0,343
2023-05-10 09:56:25,MO2312-P-5800,MO2312-P-5800,67.8,0.0,0.0,0.0,6,67.4,70.6,15,67.8,63.6,0.0,0.0,0.0,0.0,343
2023-05-10 09:56:31,MO2312-P-5800,MO2312-P-5800,67.8,0.0,0.0,0.0,6,67.2,70.6,15,67.8,63.6,0.0,0.0,0.0,0.0,343
2023-05-10 09:56:31,MO2312-P-5800,MO2312-P-5800,67.8,0.0,0.0,0.0,8,67.2,70.6,15,67.8,63.6,0.0,0.0,0.0,0.0,343
2023-05-10 09:56:32,MO2312-P-5800,MO2312-P-5800,67.8,0.0,0.0,0.0,6,67.4,70.6,15,67.8,63.6,0.0,0.0,0.0,0.0,343
2023-05-10 09:56:43,MO2312-P-5800,MO2312-P-5800,67.8,0.0,0.0,0.0,8,67.0,70.6,15,67.8,63.6,0.0,0.0,0.0,0.0,343
2023-05-10 09:56:43,MO2312-P-5800,MO2312-P-5800,67.8,0.0,0.0,0.0,6,67.2,70.6,15,67.8,63.6,0.0,0.0,0.0,0.0,343
2023-05-10 09:56:44,MO2312-P-5800,MO2312-P-5800,67.8,0.0,0.0,0.0,6,67.0,70.6,15,67.8,63.6,0.0,0.0,0.0,0.0,343
2023-05-10 09:56:44,MO2312-P-5800,MO2312-P-5800,67.8,0.0,0.0,0.0,8,67.0,70.6,15,67.8,63.6,0.0,0.0,0.0,0.0,343
2023-05-10 09:56:45,MO2312-P-5800,MO2312-P-5800,67.8,0.0,0.0,0.0,6,67.2,70.6,15,67.8,63.6,0.0,0.0,0.0,0.0,343
2023-05-10 09:56:58,MO2312-P-5800,MO2312-P-5800,67.8,0.0,0.0,0.0,8,67.2,70.6,15,67.8,63.6,0.0,0.0,0.0,0.0,343
2023-05-10 09:56:59,MO2312-P-5800,MO2312-P-5800,67.8,0.0,0.0,0.0,6,67.4,70.6,15,67.8,63.6,0.0,0.0,0.0,0.0,343
2023-05-10 09:56:59,MO2312-P-5800,MO2312-P-5800,67.8,0.0,0.0,0.0,8,67.4,70.6,15,67.8,63.6,0.0,0.0,0.0,0.0,343
2023-05-10 09:57:00,MO2312-P-5800,MO2312-P-5800,67.8,0.0,0.0,0.0,6,67.6,70.6,15,67.8,63.6,0.0,0.0,0.0,0.0,343
2023-05-10 09:57:01,MO2312-P-5800,MO2312-P-5800,67.8,0.0,0.0,0.0,2,67.2,70.6,15,67.8,63.6,0.0,0.0,0.0,0.0,343
2023-05-10 09:57:01,MO2312-P-5800,MO2312-P-5800,67.8,0.0,0.0,0.0,6,67.4,70.6,15,67.8,63.6,0.0,0.0,0.0,0.0,343
2023-05-10 09:57:05,MO2312-P-5800,MO2312-P-5800,67.8,0.0,0.0,0.0,8,67.0,70.6,15,67.8,63.6,0.0,0.0,0.0,0.0,343
2023-05-10 09:57:06,MO2312-P-5800,MO2312-P-5800,67.8,0.0,0.0,0.0,6,67.2,70.6,15,67.8,63.6,0.0,0.0,0.0,0.0,343
2023-05-10 09:57:06,MO2312-P-5800,MO2312-P-5800,67.8,0.0,0.0,0.0,8,67.2,70.6,15,67.8,63.6,0.0,0.0,0.0,0.0,343
2023-05-10 09:57:07,MO2312-P-5800,MO2312-P-5800,67.8,0.0,0.0,0.0,6,67.4,70.6,15,67.8,63.6,0.0,0.0,0.0,0.0,343
2023-05-10 09:57:10,MO2312-P-5800,MO2312-P-5800,67.8,0.0,0.0,0.0,8,67.0,70.6,15,67.8,63.6,0.0,0.0,0.0,0.0,343
2023-05-10 09:57:10,MO2312-P-5800,MO2312-P-5800,67.8,0.0,0.0,0.0,6,67.2,70.6,15,67.8,63.6,0.0,0.0,0.0,0.0,343
2023-05-10 09:57:57,MO2312-P-5800,MO2312-P-5800,67.8,0.0,0.0,0.0,6,67.0,70.6,15,67.8,63.6,0.0,0.0,0.0,0.0,343
2023-05-10 09:57:58,MO2312-P-5800,MO2312-P-5800,67.8,0.0,0.0,0.0,6,67.0,70.0,1,67.8,63.6,0.0,0.0,0.0,0.0,343
2023-05-10 09:58:02,MO2312-P-5800,MO2312-P-5800,67.8,0.0,0.0,0.0,8,67.0,70.0,1,67.8,63.6,0.0,0.0,0.0,0.0,343
2023-05-10 09:58:03,MO2312-P-5800,MO2312-P-5800,67.8,0.0,0.0,0.0,6,67.2,70.0,1,67.8,63.6,0.0,0.0,0.0,0.0,343
2023-05-10 09:58:04,MO2312-P-5800,MO2312-P-5800,67.8,0.0,0.0,0.0,8,67.2,70.0,1,67.8,63.6,0.0,0.0,0.0,0.0,343
2023-05-10 09:58:05,MO2312-P-5800,MO2312-P-5800,67.8,0.0,0.0,0.0,6,67.4,70.0,1,67.8,63.6,0.0,0.0,0.0,0.0,343
2023-05-10 09:58:07,MO2312-P-5800,MO2312-P-5800,67.8,0.0,0.0,0.0,8,67.0,70.0,1,67.8,63.6,0.0,0.0,0.0,0.0,343
2023-05-10 09:58:07,MO2312-P-5800,MO2312-P-5800,67.8,0.0,0.0,0.0,6,67.2,70.0,1,67.8,63.6,0.0,0.0,0.0,0.0,343
2023-05-10 09:58:09,MO2312-P-5800,MO2312-P-5800,67.8,0.0,0.0,0.0,8,67.2,70.0,1,67.8,63.6,0.0,0.0,0.0,0.0,343
2023-05-10 09:58:09,MO2312-P-5800,MO2312-P-5800,67.8,0.0,0.0,0.0,6,67.4,70.0,1,67.8,63.6,0.0,0.0,0.0,0.0,343
2023-05-10 09:58:10,MO2312-P-5800,MO2312-P-5800,67.8,0.0,0.0,0.0,8,67.0,70.0,1,67.8,63.6,0.0,0.0,0.0,0.0,343
2023-05-10 09:58:11,MO2312-P-5800,MO2312-P-5800,67.8,0.0,0.0,0.0,6,67.2,70.0,1,67.8,63.6,0.0,0.0,0.0,0.0,343
2023-05-10 09:58:17,MO2312-P-5800,MO2312-P-5800,67.8,0.0,0.0,0.0,6,67.2,70.2,2,67.8,63.6,0.0,0.0,0.0,0.0,343
2023-05-10 09:58:17,MO2312-P-5800,MO2312-P-5800,67.8,0.0,0.0,0.0,6,67.2,70.4,6,67.8,63.6,0.0,0.0,0.0,0.0,343
2023-05-10 09:58:18,MO2312-P-5800,MO2312-P-5800,67.8,0.0,0.0,0.0,6,67.2,70.6,24,67.8,63.6,0.0,0.0,0.0,0.0,343
2023-05-10 09:58:18,MO2312-P-5800,MO2312-P-5800,67.8,0.0,0.0,0.0,6,67.2,70.6,14,67.8,63.6,0.0,0.0,0.0,0.0,343
2023-05-10 09:58:19,MO2312-P-5800,MO2312-P-5800,67.8,0.0,0.0,0.0,6,67.2,70.4,6,67.8,63.6,0.0,0.0,0.0,0.0,343
2023-05-10 09:58:20,MO2312-P-5800,MO2312-P-5800,67.8,0.0,0.0,0.0,6,67.2,70.4,8,67.8,63.6,0.0,0.0,0.0,0.0,343
2023-05-10 09:58:23,MO2312-P-5800,MO2312-P-5800,67.8,0.0,0.0,0.0,6,67.2,70.2,1,67.8,63.6,0.0,0.0,0.0,0.0,343
2023-05-10 09:58:26,MO2312-P-5800,MO2312-P-5800,67.8,0.0,0.0,0.0,6,67.0,70.2,1,67.8,63.6,0.0,0.0,0.0,0.0,343
2023-05-10 09:58:42,MO2312-P-5800,MO2312-P-5800,67.8,0.0,0.0,0.0,6,67.0,70.2,7,67.8,63.6,0.0,0.0,0.0,0.0,343
2023-05-10 09:58:44,MO2312-P-5800,MO2312-P-5800,67.8,0.0,0.0,0.0,6,67.0,70.2,9,67.8,63.6,0.0,0.0,0.0,0.0,343
2023-05-10 09:58:47,MO2312-P-5800,MO2312-P-5800,67.8,0.0,0.0,0.0,6,67.0,70.0,6,67.8,63.6,0.0,0.0,0.0,0.0,343
2023-05-10 09:58:47,MO2312-P-5800,MO2312-P-5800,67.8,0.0,0.0,0.0,6,67.0,70.0,8,67.8,63.6,0.0,0.0,0.0,0.0,343
2023-05-10 09:58:52,MO2312-P-5800,MO2312-P-5800,67.8,0.0,0.0,0.0,6,67.0,69.6,1,67.8,63.6,0.0,0.0,0.0,0.0,343
2023-05-10 09:58:54,MO2312-P-5800,MO2312-P-5800,67.8,0.0,0.0,0.0,6,66.8,69.6,1,67.8,63.6,0.0,0.0,0.0,0.0,343
2023-05-10 09:59:36,MO2312-P-5800,MO2312-P-5800,67.8,0.0,0.0,0.0,8,66.8,69.6,1,67.8,63.6,0.0,0.0,0.0,0.0,343
2023-05-10 09:59:36,MO2312-P-5800,MO2312-P-5800,67.8,0.0,0.0,0.0,6,67.0,69.6,1,67.8,63.6,0.0,0.0,0.0,0.0,343
2023-05-10 09:59:42,MO2312-P-5800,MO2312-P-5800,67.8,0.0,0.0,0.0,6,67.0,69.8,2,67.8,63.6,0.0,0.0,0.0,0.0,343
2023-05-10 09:59:42,MO2312-P-5800,MO2312-P-5800,67.8,0.0,0.0,0.0,6,67.0,70.0,12,67.8,63.6,0.0,0.0,0.0,0.0,343
2023-05-10 09:59:43,MO2312-P-5800,MO2312-P-5800,67.8,0.0,0.0,0.0,6,67.0,70.0,8,67.8,63.6,0.0,0.0,0.0,0.0,343
2023-05-10 09:59:49,MO2312-P-5800,MO2312-P-5800,67.8,0.0,0.0,0.0,6,66.8,70.0,8,67.8,63.6,0.0,0.0,0.0,0.0,343
2023-05-10 09:59:49,MO2312-P-5800,MO2312-P-5800,67.8,0.0,0.0,0.0,8,66.8,70.0,8,67.8,63.6,0.0,0.0,0.0,0.0,343
2023-05-10 09:59:50,MO2312-P-5800,MO2312-P-5800,67.8,0.0,0.0,0.0,6,67.0,70.0,8,67.8,63.6,0.0,0.0,0.0,0.0,343
2023-05-10 09:59:55,MO2312-P-5800,MO2312-P-5800,67.8,0.0,0.0,0.0,6,67.0,69.8,1,67.8,63.6,0.0,0.0,0.0,0.0,343
2023-05-10 09:59:56,MO2312-P-5800,MO2312-P-5800,67.8,0.0,0.0,0.0,6,66.8,69.8,1,67.8,63.6,0.0,0.0,0.0,0.0,343
2023-05-10 10:00:02,MO2312-P-5800,MO2312-P-5800,67.8,0.0,0.0,0.0,8,66.8,69.8,1,67.8,63.6,0.0,0.0,0.0,0.0,343
2023-05-10 10:00:03,MO2312-P-5800,MO2312-P-5800,67.8,0.0,0.0,0.0,6,67.0,69.8,1,67.8,63.6,0.0,0.0,0.0,0.0,343
2023-05-10 10:00:09,MO2312-P-5800,MO2312-P-5800,67.8,0.0,0.0,0.0,6,66.8,69.8,1,67.8,63.6,0.0,0.0,0.0,0.0,343
2023-05-10 10:00:13,MO2312-P-5800,MO2312-P-5800,67.8,0.0,0.0,0.0,8,66.8,69.8,1,67.8,63.6,0.0,0.0,0.0,0.0,343
2023-05-10 10:00:14,MO2312-P-5800,MO2312-P-5800,67.8,0.0,0.0,0.0,6,67.0,69.8,1,67.8,63.6,0.0,0.0,0.0,0.0,343
2023-05-10 10:00:15,MO2312-P-5800,MO2312-P-5800,67.8,0.0,0.0,0.0,6,66.8,69.8,1,67.8,63.6,0.0,0.0,0.0,0.0,343
2023-05-10 10:00:17,MO2312-P-5800,MO2312-P-5800,67.8,0.0,0.0,0.0,8,66.8,69.8,1,67.8,63.6,0.0,0.0,0.0,0.0,343
2023-05-10 10:00:18,MO2312-P-5800,MO2312-P-5800,67.8,0.0,0.0,0.0,6,67.0,69.8,1,67.8,63.6,0.0,0.0,0.0,0.0,343
2023-05-10 10:00:22,MO2312-P-5800,MO2312-P-5800,67.8,0.0,0.0,0.0,6,67.0,70.0,2,67.8,63.6,0.0,0.0,0.0,0.0,343
2023-05-10 10:00:22,MO2312-P-5800,MO2312-P-5800,67.8,0.0,0.0,0.0,8,67.0,70.2,36,67.8,63.6,0.0,0.0,0.0,0.0,343
2023-05-10 10:00:23,MO2312-P-5800,MO2312-P-5800,67.8,0.0,0.0,0.0,6,67.2,70.2,24,67.8,63.6,0.0,0.0,0.0,0.0,343
2023-05-10 10:00:23,MO2312-P-5800,MO2312-P-5800,67.8,0.0,0.0,0.0,6,67.2,70.2,20,67.8,63.6,0.0,0.0,0.0,0.0,343
2023-05-10 10:00:32,MO2312-P-5800,MO2312-P-5800,67.8,0.0,0.0,0.0,6,67.0,70.2,20,67.8,63.6,0.0,0.0,0.0,0.0,343
2023-05-10 10:00:32,MO2312-P-5800,MO2312-P-5800,67.8,0.0,0.0,0.0,8,67.0,70.2,20,67.8,63.6,0.0,0.0,0.0,0.0,343
2023-05-10 10:00:33,MO2312-P-5800,MO2312-P-5800,67.8,0.0,0.0,0.0,6,67.2,70.2,20,67.8,63.6,0.0,0.0,0.0,0.0,343
2023-05-10 10:00:33,MO2312-P-5800,MO2312-P-5800,67.8,0.0,0.0,0.0,6,67.0,70.2,20,67.8,63.6,0.0,0.0,0.0,0.0,343
2023-05-10 10:00:37,MO2312-P-5800,MO2312-P-5800,67.8,0.0,0.0,0.0,6,67.0,69.8,1,67.8,63.6,0.0,0.0,0.0,0.0,343
2023-05-10 10:01:01,MO2312-P-5800,MO2312-P-5800,67.8,0.0,0.0,0.0,8,67.0,69.8,1,67.8,63.6,0.0,0.0,0.0,0.0,343
2023-05-10 10:01:02,MO2312-P-5800,MO2312-P-5800,67.8,0.0,0.0,0.0,6,67.2,69.8,1,67.8,63.6,0.0,0.0,0.0,0.0,343
2023-05-10 10:01:04,MO2312-P-5800,MO2312-P-5800,67.8,0.0,0.0,0.0,8,66.8,69.8,1,67.8,63.6,0.0,0.0,0.0,0.0,343
2023-05-10 10:01:04,MO2312-P-5800,MO2312-P-5800,67.8,0.0,0.0,0.0,6,67.0,69.8,1,67.8,63.6,0.0,0.0,0.0,0.0,343
2023-05-10 10:01:47,MO2312-P-5800,MO2312-P-5800,67.8,0.0,0.0,0.0,8,67.0,70.0,2,67.8,63.6,0.0,0.0,0.0,0.0,343
2023-05-10 10:01:48,MO2312-P-5800,MO2312-P-5800,67.8,0.0,0.0,0.0,6,67.2,70.0,2,67.8,63.6,0.0,0.0,0.0,0.0,343
2023-05-10 10:01:48,MO2312-P-5800,MO2312-P-5800,67.8,0.0,0.0,0.0,6,67.2,70.2,12,67.8,63.6,0.0,0.0,0.0,0.0,343
2023-05-10 10:01:49,MO2312-P-5800,MO2312-P-5800,67.8,0.0,0.0,0.0,6,67.2,70.2,6,67.8,63.6,0.0,0.0,0.0,0.0,343
2023-05-10 10:01:49,MO2312-P-5800,MO2312-P-5800,67.8,0.0,0.0,0.0,6,67.2,70.2,8,67.8,63.6,0.0,0.0,0.0,0.0,343
2023-05-10 10:01:52,MO2312-P-5800,MO2312-P-5800,67.8,0.0,0.0,0.0,8,66.8,70.2,8,67.8,63.6,0.0,0.0,0.0,0.0,343
2023-05-10 10:01:53,MO2312-P-5800,MO2312-P-5800,67.8,0.0,0.0,0.0,6,67.0,70.2,8,67.8,63.6,0.0,0.0,0.0,0.0,343
2023-05-10 10:01:54,MO2312-P-5800,MO2312-P-5800,67.8,0.0,0.0,0.0,6,67.0,70.0,1,67.8,63.6,0.0,0.0,0.0,0.0,343
2023-05-10 10:01:54,MO2312-P-5800,MO2312-P-5800,67.8,0.0,0.0,0.0,6,66.8,70.0,1,67.8,63.6,0.0,0.0,0.0,0.0,343
2023-05-10 10:02:00,MO2312-P-5800,MO2312-P-5800,67.8,0.0,0.0,0.0,8,66.8,70.0,1,67.8,63.6,0.0,0.0,0.0,0.0,343
2023-05-10 10:02:00,MO2312-P-5800,MO2312-P-5800,67.8,0.0,0.0,0.0,6,67.0,70.0,1,67.8,63.6,0.0,0.0,0.0,0.0,343
2023-05-10 10:02:16,MO2312-P-5800,MO2312-P-5800,67.8,0.0,0.0,0.0,8,67.0,70.0,1,67.8,63.6,0.0,0.0,0.0,0.0,343
2023-05-10 10:02:16,MO2312-P-5800,MO2312-P-5800,67.8,0.0,0.0,0.0,6,67.2,70.0,1,67.8,63.6,0.0,0.0,0.0,0.0,343
2023-05-10 10:02:24,MO2312-P-5800,MO2312-P-5800,67.8,0.0,0.0,0.0,8,66.8,70.0,1,67.8,63.6,0.0,0.0,0.0,0.0,343
2023-05-10 10:02:24,MO2312-P-5800,MO2312-P-5800,67.8,0.0,0.0,0.0,6,67.0,70.0,1,67.8,63.6,0.0,0.0,0.0,0.0,343
2023-05-10 10:02:25,MO2312-P-5800,MO2312-P-5800,67.8,0.0,0.0,0.0,8,67.0,70.0,1,67.8,63.6,0.0,0.0,0.0,0.0,343
2023-05-10 10:02:25,MO2312-P-5800,MO2312-P-5800,67.8,0.0,0.0,0.0,6,67.2,70.0,1,67.8,63.6,0.0,0.0,0.0,0.0,343
2023-05-10 10:02:26,MO2312-P-5800,MO2312-P-5800,67.8,0.0,0.0,0.0,8,66.8,70.0,1,67.8,63.6,0.0,0.0,0.0,0.0,343
2023-05-10 10:02:27,MO2312-P-5800,MO2312-P-5800,67.8,0.0,0.0,0.0,6,67.0,70.0,1,67.8,63.6,0.0,0.0,0.0,0.0,343
2023-05-10 10:02:45,MO2312-P-5800,MO2312-P-5800,67.8,0.0,0.0,0.0,8,67.0,70.0,1,67.8,63.6,0.0,0.0,0.0,0.0,343
2023-05-10 10:02:45,MO2312-P-5800,MO2312-P-5800,67.8,0.0,0.0,0.0,6,67.2,70.0,1,67.8,63.6,0.0,0.0,0.0,0.0,343
2023-05-10 10:02:49,MO2312-P-5800,MO2312-P-5800,67.8,0.0,0.0,0.0,12,67.2,70.0,1,67.8,63.6,0.0,0.0,0.0,0.0,343
2023-05-10 10:02:49,MO2312-P-5800,MO2312-P-5800,67.8,0.0,0.0,0.0,6,67.4,70.0,1,67.8,63.6,0.0,0.0,0.0,0.0,343
2023-05-10 10:03:01,MO2312-P-5800,MO2312-P-5800,67.8,0.0,0.0,0.0,6,67.4,70.2,2,67.8,63.6,0.0,0.0,0.0,0.0,343
2023-05-10 10:03:02,MO2312-P-5800,MO2312-P-5800,67.8,0.0,0.0,0.0,6,67.4,70.4,12,67.8,63.6,0.0,0.0,0.0,0.0,343
2023-05-10 10:03:02,MO2312-P-5800,MO2312-P-5800,67.8,0.0,0.0,0.0,6,67.4,70.4,6,67.8,63.6,0.0,0.0,0.0,0.0,343
2023-05-10 10:03:03,MO2312-P-5800,MO2312-P-5800,67.8,0.0,0.0,0.0,6,67.4,70.4,8,67.8,63.6,0.0,0.0,0.0,0.0,343
2023-05-10 10:03:20,MO2312-P-5800,MO2312-P-5800,67.8,0.0,0.0,0.0,6,67.4,70.4,6,67.8,63.6,0.0,0.0,0.0,0.0,343
2023-05-10 10:03:20,MO2312-P-5800,MO2312-P-5800,67.8,0.0,0.0,0.0,6,67.4,70.4,8,67.8,63.6,0.0,0.0,0.0,0.0,343
2023-05-10 10:03:21,MO2312-P-5800,MO2312-P-5800,67.8,0.0,0.0,0.0,6,67.4,70.2,1,67.8,63.6,0.0,0.0,0.0,0.0,343
2023-05-10 10:04:01,MO2312-P-5800,MO2312-P-5800,67.8,0.0,0.0,0.0,8,67.4,70.2,1,67.8,63.6,0.0,0.0,0.0,0.0,343
2023-05-10 10:04:02,MO2312-P-5800,MO2312-P-5800,67.8,0.0,0.0,0.0,6,67.6,70.2,1,67.8,63.6,0.0,0.0,0.0,0.0,343
2023-05-10 10:04:06,MO2312-P-5800,MO2312-P-5800,67.8,0.0,0.0,0.0,6,67.4,70.2,1,67.8,63.6,0.0,0.0,0.0,0.0,343
2023-05-10 10:04:16,MO2312-P-5800,MO2312-P-5800,67.8,0.0,0.0,0.0,6,67.4,70.0,6,67.8,63.6,0.0,0.0,0.0,0.0,343
2023-05-10 10:04:17,MO2312-P-5800,MO2312-P-5800,67.8,0.0,0.0,0.0,6,67.2,70.0,8,67.8,63.6,0.0,0.0,0.0,0.0,343
2023-05-10 10:04:22,MO2312-P-5800,MO2312-P-5800,67.8,0.0,0.0,0.0,6,67.2,70.0,6,67.8,63.6,0.0,0.0,0.0,0.0,343
2023-05-10 10:04:23,MO2312-P-5800,MO2312-P-5800,67.8,0.0,0.0,0.0,6,67.2,70.0,8,67.8,63.6,0.0,0.0,0.0,0.0,343
2023-05-10 10:04:50,MO2312-P-5800,MO2312-P-5800,67.8,0.0,0.0,0.0,6,67.2,70.0,6,67.8,63.6,0.0,0.0,0.0,0.0,343
2023-05-10 10:04:51,MO2312-P-5800,MO2312-P-5800,67.8,0.0,0.0,0.0,6,67.2,70.0,8,67.8,63.6,0.0,0.0,0.0,0.0,343
2023-05-10 10:04:58,MO2312-P-5800,MO2312-P-5800,67.8,0.0,0.0,0.0,6,67.2,70.0,6,67.8,63.6,0.0,0.0,0.0,0.0,343
2023-05-10 10:04:59,MO2312-P-5800,MO2312-P-5800,67.8,0.0,0.0,0.0,6,67.2,70.0,8,67.8,63.6,0.0,0.0,0.0,0.0,343
2023-05-10 10:05:17,MO2312-P-5800,MO2312-P-5800,67.8,0.0,0.0,0.0,6,67.2,69.6,1,67.8,63.6,0.0,0.0,0.0,0.0,343
2023-05-10 10:05:18,MO2312-P-5800,MO2312-P-5800,67.8,0.0,0.0,0.0,6,67.0,69.6,1,67.8,63.6,0.0,0.0,0.0,0.0,343
2023-05-10 10:06:25,MO2312-P-5800,MO2312-P-5800,67.8,0.0,0.0,0.0,6,67.0,69.4,6,67.8,63.6,0.0,0.0,0.0,0.0,343
2023-05-10 10:06:26,MO2312-P-5800,MO2312-P-5800,67.8,0.0,0.0,0.0,6,67.0,69.4,8,67.8,63.6,0.0,0.0,0.0,0.0,343
2023-05-10 10:06:28,MO2312-P-5800,MO2312-P-5800,67.8,0.0,0.0,0.0,6,67.0,69.4,6,67.8,63.6,0.0,0.0,0.0,0.0,343
2023-05-10 10:06:42,MO2312-P-5800,MO2312-P-5800,67.8,0.0,0.0,0.0,6,67.0,69.4,8,67.8,63.6,0.0,0.0,0.0,0.0,343
2023-05-10 10:06:52,MO2312-P-5800,MO2312-P-5800,67.8,0.0,0.0,0.0,6,67.0,69.4,6,67.8,63.6,0.0,0.0,0.0,0.0,343
2023-05-10 10:06:53,MO2312-P-5800,MO2312-P-5800,67.8,0.0,0.0,0.0,6,67.0,69.4,8,67.8,63.6,0.0,0.0,0.0,0.0,343
2023-05-10 10:06:54,MO2312-P-5800,MO2312-P-5800,67.8,0.0,0.0,0.0,6,67.0,69.4,6,67.8,63.6,0.0,0.0,0.0,0.0,343
2023-05-10 10:07:01,MO2312-P-5800,MO2312-P-5800,67.8,0.0,0.0,0.0,6,67.0,69.4,8,67.8,63.6,0.0,0.0,0.0,0.0,343
2023-05-10 10:07:03,MO2312-P-5800,MO2312-P-5800,67.8,0.0,0.0,0.0,6,67.0,69.4,6,67.8,63.6,0.0,0.0,0.0,0.0,343
2023-05-10 10:07:04,MO2312-P-5800,MO2312-P-5800,67.8,0.0,0.0,0.0,6,67.0,69.4,8,67.8,63.6,0.0,0.0,0.0,0.0,343
2023-05-10 10:07:05,MO2312-P-5800,MO2312-P-5800,67.8,0.0,0.0,0.0,6,67.0,69.4,6,67.8,63.6,0.0,0.0,0.0,0.0,343
2023-05-10 10:07:07,MO2312-P-5800,MO2312-P-5800,67.8,0.0,0.0,0.0,6,67.0,69.4,8,67.8,63.6,0.0,0.0,0.0,0.0,343
2023-05-10 10:07:10,MO2312-P-5800,MO2312-P-5800,67.8,0.0,0.0,0.0,6,67.0,69.4,6,67.8,63.6,0.0,0.0,0.0,0.0,343
2023-05-10 10:07:14,MO2312-P-5800,MO2312-P-5800,67.8,0.0,0.0,0.0,6,67.0,69.4,8,67.8,63.6,0.0,0.0,0.0,0.0,343
2023-05-10 10:07:14,MO2312-P-5800,MO2312-P-5800,67.8,0.0,0.0,0.0,6,67.0,69.4,6,67.8,63.6,0.0,0.0,0.0,0.0,343
2023-05-10 10:07:18,MO2312-P-5800,MO2312-P-5800,67.8,0.0,0.0,0.0,6,67.0,69.4,8,67.8,63.6,0.0,0.0,0.0,0.0,343
2023-05-10 10:07:30,MO2312-P-5800,MO2312-P-5800,67.8,0.0,0.0,0.0,6,67.0,69.4,6,67.8,63.6,0.0,0.0,0.0,0.0,343
2023-05-10 10:07:34,MO2312-P-5800,MO2312-P-5800,67.8,0.0,0.0,0.0,6,67.0,69.4,8,67.8,63.6,0.0,0.0,0.0,0.0,343
2023-05-10 10:08:04,MO2312-P-5800,MO2312-P-5800,67.8,0.0,0.0,0.0,8,67.0,69.4,8,67.8,63.6,0.0,0.0,0.0,0.0,343
2023-05-10 10:08:04,MO2312-P-5800,MO2312-P-5800,67.8,0.0,0.0,0.0,6,67.2,69.4,6,67.8,63.6,0.0,0.0,0.0,0.0,343
2023-05-10 10:08:09,MO2312-P-5800,MO2312-P-5800,67.8,0.0,0.0,0.0,6,67.2,69.4,8,67.8,63.6,0.0,0.0,0.0,0.0,343
2023-05-10 10:08:22,MO2312-P-5800,MO2312-P-5800,67.8,0.0,0.0,0.0,8,67.2,69.4,8,67.8,63.6,0.0,0.0,0.0,0.0,343
2023-05-10 10:08:22,MO2312-P-5800,MO2312-P-5800,67.8,0.0,0.0,0.0,6,67.4,69.4,6,67.8,63.6,0.0,0.0,0.0,0.0,343
2023-05-10 10:08:23,MO2312-P-5800,MO2312-P-5800,67.8,0.0,0.0,0.0,6,67.4,69.4,2,67.8,63.6,0.0,0.0,0.0,0.0,343
2023-05-10 10:08:24,MO2312-P-5800,MO2312-P-5800,67.8,0.0,0.0,0.0,6,67.4,69.8,1,67.8,63.6,0.0,0.0,0.0,0.0,343
2023-05-10 10:08:27,MO2312-P-5800,MO2312-P-5800,67.8,0.0,0.0,0.0,8,67.0,69.8,1,67.8,63.6,0.0,0.0,0.0,0.0,343
2023-05-10 10:08:28,MO2312-P-5800,MO2312-P-5800,67.8,0.0,0.0,0.0,6,67.2,69.8,1,67.8,63.6,0.0,0.0,0.0,0.0,343
2023-05-10 10:08:51,MO2312-P-5800,MO2312-P-5800,67.8,0.0,0.0,0.0,2,67.4,69.8,1,67.8,63.6,0.0,0.0,0.0,0.0,343
2023-05-10 10:08:51,MO2312-P-5800,MO2312-P-5800,67.8,0.0,0.0,0.0,6,67.6,69.8,1,67.8,63.6,0.0,0.0,0.0,0.0,343
2023-05-10 10:09:00,MO2312-P-5800,MO2312-P-5800,67.8,0.0,0.0,0.0,2,67.2,69.8,1,67.8,63.6,0.0,0.0,0.0,0.0,343
2023-05-10 10:09:00,MO2312-P-5800,MO2312-P-5800,67.8,0.0,0.0,0.0,6,67.4,69.8,1,67.8,63.6,0.0,0.0,0.0,0.0,343
2023-05-10 10:09:04,MO2312-P-5800,MO2312-P-5800,67.8,0.0,0.0,0.0,8,67.4,69.8,1,67.8,63.6,0.0,0.0,0.0,0.0,343
2023-05-10 10:09:05,MO2312-P-5800,MO2312-P-5800,67.8,0.0,0.0,0.0,6,67.6,69.8,1,67.8,63.6,0.0,0.0,0.0,0.0,343
2023-05-10 10:09:16,MO2312-P-5800,MO2312-P-5800,67.8,0.0,0.0,0.0,2,67.2,69.8,1,67.8,63.6,0.0,0.0,0.0,0.0,343
2023-05-10 10:09:16,MO2312-P-5800,MO2312-P-5800,67.8,0.0,0.0,0.0,6,67.4,69.8,1,67.8,63.6,0.0,0.0,0.0,0.0,343
2023-05-10 10:09:25,MO2312-P-5800,MO2312-P-5800,67.8,0.0,0.0,0.0,6,67.4,69.8,7,67.8,63.6,0.0,0.0,0.0,0.0,343
2023-05-10 10:09:29,MO2312-P-5800,MO2312-P-5800,67.8,0.0,0.0,0.0,6,67.4,69.8,9,67.8,63.6,0.0,0.0,0.0,0.0,343
2023-05-10 10:09:55,MO2312-P-5800,MO2312-P-5800,67.8,0.0,0.0,0.0,6,67.4,69.8,8,67.8,63.6,0.0,0.0,0.0,0.0,343
2023-05-10 10:10:36,MO2312-P-5800,MO2312-P-5800,67.8,0.0,0.0,0.0,8,67.0,69.8,8,67.8,63.6,0.0,0.0,0.0,0.0,343
2023-05-10 10:10:36,MO2312-P-5800,MO2312-P-5800,67.8,0.0,0.0,0.0,6,67.2,69.8,8,67.8,63.6,0.0,0.0,0.0,0.0,343
2023-05-10 10:10:37,MO2312-P-5800,MO2312-P-5800,67.8,0.0,0.0,0.0,8,67.2,69.8,8,67.8,63.6,0.0,0.0,0.0,0.0,343
2023-05-10 10:10:37,MO2312-P-5800,MO2312-P-5800,67.8,0.0,0.0,0.0,6,67.4,69.8,8,67.8,63.6,0.0,0.0,0.0,0.0,343
2023-05-10 10:11:00,MO2312-P-5800,MO2312-P-5800,67.8,0.0,0.0,0.0,8,67.4,69.8,8,67.8,63.6,0.0,0.0,0.0,0.0,343
2023-05-10 10:11:00,MO2312-P-5800,MO2312-P-5800,67.8,0.0,0.0,0.0,6,67.6,69.8,8,67.8,63.6,0.0,0.0,0.0,0.0,343
2023-05-10 10:11:01,MO2312-P-5800,MO2312-P-5800,67.8,0.0,0.0,0.0,6,67.4,69.8,8,67.8,63.6,0.0,0.0,0.0,0.0,343
2023-05-10 10:11:07,MO2312-P-5800,MO2312-P-5800,67.8,0.0,0.0,0.0,8,67.4,69.8,6,67.8,63.6,0.0,0.0,0.0,0.0,343
2023-05-10 10:11:08,MO2312-P-5800,MO2312-P-5800,67.8,0.0,0.0,0.0,6,67.6,69.8,6,67.8,63.6,0.0,0.0,0.0,0.0,343
2023-05-10 10:11:16,MO2312-P-5800,MO2312-P-5800,67.8,0.0,0.0,0.0,6,67.6,70.2,20,67.8,63.6,0.0,0.0,0.0,0.0,343
2023-05-10 10:11:17,MO2312-P-5800,MO2312-P-5800,67.8,0.0,0.0,0.0,6,67.6,70.2,8,67.8,63.6,0.0,0.0,0.0,0.0,343
2023-05-10 10:11:17,MO2312-P-5800,MO2312-P-5800,67.8,0.0,0.0,0.0,6,67.6,70.2,2,67.8,63.6,0.0,0.0,0.0,0.0,343
2023-05-10 10:11:18,MO2312-P-5800,MO2312-P-5800,67.8,0.0,0.0,0.0,6,67.6,70.4,18,67.8,63.6,0.0,0.0,0.0,0.0,343
2023-05-10 10:11:19,MO2312-P-5800,MO2312-P-5800,67.8,0.0,0.0,0.0,6,67.6,70.4,20,67.8,63.6,0.0,0.0,0.0,0.0,343
2023-05-10 10:11:22,MO2312-P-5800,MO2312-P-5800,67.8,0.0,0.0,0.0,7,67.6,70.4,20,67.8,63.6,0.0,0.0,0.0,0.0,343
2023-05-10 10:11:22,MO2312-P-5800,MO2312-P-5800,67.8,0.0,0.0,0.0,6,67.8,70.4,20,67.8,63.6,0.0,0.0,0.0,0.0,343
2023-05-10 10:11:52,MO2312-P-5800,MO2312-P-5800,67.8,0.0,0.0,0.0,6,67.8,70.4,14,67.8,63.6,0.0,0.0,0.0,0.0,343
2023-05-10 10:12:12,MO2312-P-5800,MO2312-P-5800,67.8,0.0,0.0,0.0,8,67.8,70.4,14,67.8,63.6,0.0,0.0,0.0,0.0,343
2023-05-10 10:12:12,MO2312-P-5800,MO2312-P-5800,67.8,0.0,0.0,0.0,6,68.0,70.4,14,67.8,63.6,0.0,0.0,0.0,0.0,343
2023-05-10 10:12:13,MO2312-P-5800,MO2312-P-5800,67.8,0.0,0.0,0.0,6,67.8,70.4,14,67.8,63.6,0.0,0.0,0.0,0.0,343
2023-05-10 10:12:15,MO2312-P-5800,MO2312-P-5800,67.8,0.0,0.0,0.0,8,67.8,70.4,14,67.8,63.6,0.0,0.0,0.0,0.0,343
2023-05-10 10:12:16,MO2312-P-5800,MO2312-P-5800,67.8,0.0,0.0,0.0,6,68.0,70.4,14,67.8,63.6,0.0,0.0,0.0,0.0,343
2023-05-10 10:12:28,MO2312-P-5800,MO2312-P-5800,67.8,0.0,0.0,0.0,6,67.8,70.4,14,67.8,63.6,0.0,0.0,0.0,0.0,343
2023-05-10 10:12:28,MO2312-P-5800,MO2312-P-5800,67.8,0.0,0.0,0.0,8,67.8,70.4,14,67.8,63.6,0.0,0.0,0.0,0.0,343
2023-05-10 10:12:29,MO2312-P-5800,MO2312-P-5800,67.8,0.0,0.0,0.0,6,68.0,70.4,14,67.8,63.6,0.0,0.0,0.0,0.0,343
2023-05-10 10:12:31,MO2312-P-5800,MO2312-P-5800,67.8,0.0,0.0,0.0,6,68.0,70.4,12,67.8,63.6,0.0,0.0,0.0,0.0,343
2023-05-10 10:12:31,MO2312-P-5800,MO2312-P-5800,67.8,0.0,0.0,0.0,6,68.0,70.4,6,67.8,63.6,0.0,0.0,0.0,0.0,343
2023-05-10 10:12:32,MO2312-P-5800,MO2312-P-5800,67.8,0.0,0.0,0.0,6,68.0,70.4,8,67.8,63.6,0.0,0.0,0.0,0.0,343
2023-05-10 10:12:33,MO2312-P-5800,MO2312-P-5800,67.8,0.0,0.0,0.0,6,68.0,70.4,2,67.8,63.6,0.0,0.0,0.0,0.0,343
2023-05-10 10:12:33,MO2312-P-5800,MO2312-P-5800,67.8,0.0,0.0,0.0,6,68.0,70.8,31,67.8,63.6,0.0,0.0,0.0,0.0,343
2023-05-10 10:12:34,MO2312-P-5800,MO2312-P-5800,67.8,0.0,0.0,0.0,6,68.0,70.8,25,67.8,63.6,0.0,0.0,0.0,0.0,343
2023-05-10 10:12:34,MO2312-P-5800,MO2312-P-5800,67.8,0.0,0.0,0.0,6,68.0,70.8,21,67.8,63.6,0.0,0.0,0.0,0.0,343
2023-05-10 10:12:53,MO2312-P-5800,MO2312-P-5800,67.8,0.0,0.0,0.0,6,68.0,70.8,19,67.8,63.6,0.0,0.0,0.0,0.0,343
2023-05-10 10:12:57,MO2312-P-5800,MO2312-P-5800,67.8,0.0,0.0,0.0,6,68.0,70.8,18,67.8,63.6,0.0,0.0,0.0,0.0,343
2023-05-10 10:13:04,MO2312-P-5800,MO2312-P-5800,67.8,0.0,0.0,0.0,8,68.0,70.8,18,67.8,63.6,0.0,0.0,0.0,0.0,343
2023-05-10 10:13:05,MO2312-P-5800,MO2312-P-5800,67.8,0.0,0.0,0.0,6,68.2,70.8,18,67.8,63.6,0.0,0.0,0.0,0.0,343
2023-05-10 10:13:09,MO2312-P-5800,MO2312-P-5800,67.8,0.0,0.0,0.0,2,68.4,70.8,12,67.8,63.6,0.0,0.0,0.0,0.0,343
2023-05-10 10:13:09,MO2312-P-5800,MO2312-P-5800,67.8,0.0,0.0,0.0,6,68.6,70.8,6,67.8,63.6,0.0,0.0,0.0,0.0,343
2023-05-10 10:13:10,MO2312-P-5800,MO2312-P-5800,67.8,0.0,0.0,0.0,6,68.4,70.8,6,67.8,63.6,0.0,0.0,0.0,0.0,343
2023-05-10 10:13:34,MO2312-P-5800,MO2312-P-5800,67.8,0.0,0.0,0.0,8,68.4,70.8,6,67.8,63.6,0.0,0.0,0.0,0.0,343
2023-05-10 10:13:35,MO2312-P-5800,MO2312-P-5800,67.8,0.0,0.0,0.0,6,68.6,70.8,6,67.8,63.6,0.0,0.0,0.0,0.0,343
2023-05-10 10:13:51,MO2312-P-5800,MO2312-P-5800,67.8,0.0,0.0,0.0,8,68.6,70.8,6,67.8,63.6,0.0,0.0,0.0,0.0,343
2023-05-10 10:13:52,MO2312-P-5800,MO2312-P-5800,67.8,0.0,0.0,0.0,6,68.8,70.8,6,67.8,63.6,0.0,0.0,0.0,0.0,343
2023-05-10 10:13:54,MO2312-P-5800,MO2312-P-5800,67.8,0.0,0.0,0.0,6,68.8,71.0,12,67.8,63.6,0.0,0.0,0.0,0.0,343
2023-05-10 10:13:55,MO2312-P-5800,MO2312-P-5800,67.8,0.0,0.0,0.0,6,68.8,71.2,18,67.8,63.6,0.0,0.0,0.0,0.0,343
2023-05-10 10:13:55,MO2312-P-5800,MO2312-P-5800,67.8,0.0,0.0,0.0,6,68.8,71.2,12,67.8,63.6,0.0,0.0,0.0,0.0,343
2023-05-10 10:13:56,MO2312-P-5800,MO2312-P-5800,67.8,0.0,0.0,0.0,6,68.8,71.2,6,67.8,63.6,0.0,0.0,0.0,0.0,343
2023-05-10 10:13:58,MO2312-P-5800,MO2312-P-5800,67.8,0.0,0.0,0.0,6,68.6,71.2,6,67.8,63.6,0.0,0.0,0.0,0.0,343
2023-05-10 10:14:40,MO2312-P-5800,MO2312-P-5800,67.8,0.0,0.0,0.0,6,68.6,71.0,6,67.8,63.6,0.0,0.0,0.0,0.0,343
2023-05-10 10:16:16,MO2312-P-5800,MO2312-P-5800,67.8,0.0,0.0,0.0,6,68.6,70.8,6,67.8,63.6,0.0,0.0,0.0,0.0,343
2023-05-10 10:16:38,MO2312-P-5800,MO2312-P-5800,67.8,0.0,0.0,0.0,6,68.6,70.6,6,67.8,63.6,0.0,0.0,0.0,0.0,343
2023-05-10 10:16:53,MO2312-P-5800,MO2312-P-5800,67.8,0.0,0.0,0.0,6,68.6,70.8,6,67.8,63.6,0.0,0.0,0.0,0.0,343
2023-05-10 10:20:07,MO2312-P-5800,MO2312-P-5800,67.8,0.0,0.0,0.0,1,68.8,70.8,6,67.8,63.6,0.0,0.0,0.0,0.0,343
2023-05-10 10:20:08,MO2312-P-5800,MO2312-P-5800,67.8,0.0,0.0,0.0,6,69.0,70.8,6,67.8,63.6,0.0,0.0,0.0,0.0,343
2023-05-10 10:21:33,MO2312-P-5800,MO2312-P-5800,67.8,0.0,0.0,0.0,6,69.0,71.2,6,67.8,63.6,0.0,0.0,0.0,0.0,343
2023-05-10 10:23:25,MO2312-P-5800,MO2312-P-5800,67.8,0.0,0.0,0.0,8,69.0,71.2,6,67.8,63.6,0.0,0.0,0.0,0.0,343
2023-05-10 10:23:25,MO2312-P-5800,MO2312-P-5800,67.8,0.0,0.0,0.0,6,69.2,71.2,6,67.8,63.6,0.0,0.0,0.0,0.0,343
2023-05-10 10:23:30,MO2312-P-5800,MO2312-P-5800,67.8,0.0,0.0,0.0,12,69.2,71.6,12,67.8,63.6,0.0,0.0,0.0,0.0,343
2023-05-10 10:23:30,MO2312-P-5800,MO2312-P-5800,67.8,0.0,0.0,0.0,6,69.4,71.8,18,67.8,63.6,0.0,0.0,0.0,0.0,343
2023-05-10 10:23:31,MO2312-P-5800,MO2312-P-5800,67.8,0.0,0.0,0.0,6,69.4,71.8,12,67.8,63.6,0.0,0.0,0.0,0.0,343
2023-05-10 10:23:31,MO2312-P-5800,MO2312-P-5800,67.8,0.0,0.0,0.0,6,69.4,71.8,6,67.8,63.6,0.0,0.0,0.0,0.0,343
2023-05-10 10:24:04,MO2312-P-5800,MO2312-P-5800,67.8,0.0,0.0,0.0,6,69.2,71.8,8,67.8,63.6,0.0,0.0,0.0,0.0,343
2023-05-10 10:24:06,MO2312-P-5800,MO2312-P-5800,67.8,0.0,0.0,0.0,6,69.2,71.8,2,67.8,63.6,0.0,0.0,0.0,0.0,343
2023-05-10 10:24:06,MO2312-P-5800,MO2312-P-5800,67.8,0.0,0.0,0.0,6,69.2,71.6,6,67.8,63.6,0.0,0.0,0.0,0.0,343
2023-05-10 10:24:09,MO2312-P-5800,MO2312-P-5800,67.8,0.0,0.0,0.0,8,69.2,71.6,6,67.8,63.6,0.0,0.0,0.0,0.0,343
2023-05-10 10:24:09,MO2312-P-5800,MO2312-P-5800,67.8,0.0,0.0,0.0,6,69.4,71.6,6,67.8,63.6,0.0,0.0,0.0,0.0,343
2023-05-10 10:24:10,MO2312-P-5800,MO2312-P-5800,67.8,0.0,0.0,0.0,8,69.0,71.6,6,67.8,63.6,0.0,0.0,0.0,0.0,343
2023-05-10 10:24:11,MO2312-P-5800,MO2312-P-5800,67.8,0.0,0.0,0.0,6,69.2,71.6,6,67.8,63.6,0.0,0.0,0.0,0.0,343
2023-05-10 10:24:24,MO2312-P-5800,MO2312-P-5800,67.8,0.0,0.0,0.0,6,69.0,71.6,6,67.8,63.6,0.0,0.0,0.0,0.0,343
2023-05-10 10:24:27,MO2312-P-5800,MO2312-P-5800,67.8,0.0,0.0,0.0,6,69.0,71.6,7,67.8,63.6,0.0,0.0,0.0,0.0,343
2023-05-10 10:24:29,MO2312-P-5800,MO2312-P-5800,67.8,0.0,0.0,0.0,6,69.0,71.6,9,67.8,63.6,0.0,0.0,0.0,0.0,343
2023-05-10 10:24:32,MO2312-P-5800,MO2312-P-5800,67.8,0.0,0.0,0.0,6,69.0,71.6,7,67.8,63.6,0.0,0.0,0.0,0.0,343
2023-05-10 10:24:32,MO2312-P-5800,MO2312-P-5800,67.8,0.0,0.0,0.0,6,69.0,71.6,6,67.8,63.6,0.0,0.0,0.0,0.0,343
2023-05-10 10:24:38,MO2312-P-5800,MO2312-P-5800,67.8,0.0,0.0,0.0,6,69.0,71.6,8,67.8,63.6,0.0,0.0,0.0,0.0,343
2023-05-10 10:24:39,MO2312-P-5800,MO2312-P-5800,67.8,0.0,0.0,0.0,6,69.0,71.6,6,67.8,63.6,0.0,0.0,0.0,0.0,343
2023-05-10 10:24:45,MO2312-P-5800,MO2312-P-5800,67.8,0.0,0.0,0.0,6,69.0,71.6,8,67.8,63.6,0.0,0.0,0.0,0.0,343
2023-05-10 10:24:48,MO2312-P-5800,MO2312-P-5800,67.8,0.0,0.0,0.0,6,69.0,71.6,6,67.8,63.6,0.0,0.0,0.0,0.0,343
2023-05-10 10:24:49,MO2312-P-5800,MO2312-P-5800,67.8,0.0,0.0,0.0,6,69.0,71.6,8,67.8,63.6,0.0,0.0,0.0,0.0,343
2023-05-10 10:24:50,MO2312-P-5800,MO2312-P-5800,67.8,0.0,0.0,0.0,6,69.0,71.6,6,67.8,63.6,0.0,0.0,0.0,0.0,343
2023-05-10 10:24:51,MO2312-P-5800,MO2312-P-5800,67.8,0.0,0.0,0.0,8,69.0,71.6,6,67.8,63.6,0.0,0.0,0.0,0.0,343
2023-05-10 10:24:51,MO2312-P-5800,MO2312-P-5800,67.8,0.0,0.0,0.0,6,69.2,71.6,6,67.8,63.6,0.0,0.0,0.0,0.0,343
2023-05-10 10:24:59,MO2312-P-5800,MO2312-P-5800,67.8,0.0,0.0,0.0,8,69.2,71.6,6,67.8,63.6,0.0,0.0,0.0,0.0,343
2023-05-10 10:25:00,MO2312-P-5800,MO2312-P-5800,67.8,0.0,0.0,0.0,6,69.4,71.6,6,67.8,63.6,0.0,0.0,0.0,0.0,343
2023-05-10 10:25:06,MO2312-P-5800,MO2312-P-5800,67.8,0.0,0.0,0.0,6,69.4,72.0,18,67.8,63.6,0.0,0.0,0.0,0.0,343
2023-05-10 10:25:06,MO2312-P-5800,MO2312-P-5800,67.8,0.0,0.0,0.0,6,69.4,72.0,6,67.8,63.6,0.0,0.0,0.0,0.0,343
2023-05-10 10:25:07,MO2312-P-5800,MO2312-P-5800,67.8,0.0,0.0,0.0,8,69.4,72.2,13,67.8,63.6,0.0,0.0,0.0,0.0,343
2023-05-10 10:25:07,MO2312-P-5800,MO2312-P-5800,67.8,0.0,0.0,0.0,6,69.6,72.2,12,67.8,63.6,0.0,0.0,0.0,0.0,343
2023-05-10 10:25:08,MO2312-P-5800,MO2312-P-5800,67.8,0.0,0.0,0.0,6,69.6,72.2,6,67.8,63.6,0.0,0.0,0.0,0.0,343
2023-05-10 10:25:11,MO2312-P-5800,MO2312-P-5800,67.8,0.0,0.0,0.0,6,69.4,72.2,6,67.8,63.6,0.0,0.0,0.0,0.0,343
2023-05-10 10:25:16,MO2312-P-5800,MO2312-P-5800,67.8,0.0,0.0,0.0,8,69.4,72.2,6,67.8,63.6,0.0,0.0,0.0,0.0,343
2023-05-10 10:25:16,MO2312-P-5800,MO2312-P-5800,67.8,0.0,0.0,0.0,6,69.6,72.2,6,67.8,63.6,0.0,0.0,0.0,0.0,343
2023-05-10 10:25:32,MO2312-P-5800,MO2312-P-5800,67.8,0.0,0.0,0.0,8,69.2,72.2,6,67.8,63.6,0.0,0.0,0.0,0.0,343
2023-05-10 10:25:32,MO2312-P-5800,MO2312-P-5800,67.8,0.0,0.0,0.0,6,69.4,72.2,6,67.8,63.6,0.0,0.0,0.0,0.0,343
2023-05-10 10:25:37,MO2312-P-5800,MO2312-P-5800,67.8,0.0,0.0,0.0,8,69.4,72.2,6,67.8,63.6,0.0,0.0,0.0,0.0,343
2023-05-10 10:25:37,MO2312-P-5800,MO2312-P-5800,67.8,0.0,0.0,0.0,6,69.6,72.0,1,67.8,63.6,0.0,0.0,0.0,0.0,343
2023-05-10 10:25:39,MO2312-P-5800,MO2312-P-5800,67.8,0.0,0.0,0.0,8,69.2,72.0,1,67.8,63.6,0.0,0.0,0.0,0.0,343
2023-05-10 10:25:40,MO2312-P-5800,MO2312-P-5800,67.8,0.0,0.0,0.0,6,69.4,72.0,1,67.8,63.6,0.0,0.0,0.0,0.0,343
2023-05-10 10:25:42,MO2312-P-5800,MO2312-P-5800,67.8,0.0,0.0,0.0,6,69.4,72.2,6,67.8,63.6,0.0,0.0,0.0,0.0,343
2023-05-10 10:25:44,MO2312-P-5800,MO2312-P-5800,67.8,0.0,0.0,0.0,6,69.2,72.2,6,67.8,63.6,0.0,0.0,0.0,0.0,343
2023-05-10 10:25:45,MO2312-P-5800,MO2312-P-5800,67.8,0.0,0.0,0.0,8,69.2,72.2,6,67.8,63.6,0.0,0.0,0.0,0.0,343
2023-05-10 10:25:46,MO2312-P-5800,MO2312-P-5800,67.8,0.0,0.0,0.0,6,69.4,72.2,6,67.8,63.6,0.0,0.0,0.0,0.0,343
2023-05-10 10:25:54,MO2312-P-5800,MO2312-P-5800,67.8,0.0,0.0,0.0,8,69.4,72.2,6,67.8,63.6,0.0,0.0,0.0,0.0,343
2023-05-10 10:25:55,MO2312-P-5800,MO2312-P-5800,67.8,0.0,0.0,0.0,6,69.6,72.2,6,67.8,63.6,0.0,0.0,0.0,0.0,343
2023-05-10 10:25:59,MO2312-P-5800,MO2312-P-5800,67.8,0.0,0.0,0.0,8,69.2,72.2,6,67.8,63.6,0.0,0.0,0.0,0.0,343
2023-05-10 10:25:59,MO2312-P-5800,MO2312-P-5800,67.8,0.0,0.0,0.0,6,69.4,72.2,6,67.8,63.6,0.0,0.0,0.0,0.0,343
2023-05-10 10:26:00,MO2312-P-5800,MO2312-P-5800,67.8,0.0,0.0,0.0,8,69.4,72.2,6,67.8,63.6,0.0,0.0,0.0,0.0,343
2023-05-10 10:26:00,MO2312-P-5800,MO2312-P-5800,67.8,0.0,0.0,0.0,6,69.6,72.2,6,67.8,63.6,0.0,0.0,0.0,0.0,343
2023-05-10 10:26:18,MO2312-P-5800,MO2312-P-5800,67.8,0.0,0.0,0.0,8,69.2,72.2,6,67.8,63.6,0.0,0.0,0.0,0.0,343
2023-05-10 10:26:19,MO2312-P-5800,MO2312-P-5800,67.8,0.0,0.0,0.0,6,69.4,72.2,6,67.8,63.6,0.0,0.0,0.0,0.0,343
2023-05-10 10:26:23,MO2312-P-5800,MO2312-P-5800,67.8,0.0,0.0,0.0,8,69.4,72.2,6,67.8,63.6,0.0,0.0,0.0,0.0,343
2023-05-10 10:26:24,MO2312-P-5800,MO2312-P-5800,67.8,0.0,0.0,0.0,6,69.6,72.2,6,67.8,63.6,0.0,0.0,0.0,0.0,343
2023-05-10 10:26:29,MO2312-P-5800,MO2312-P-5800,67.8,0.0,0.0,0.0,8,69.6,72.2,6,67.8,63.6,0.0,0.0,0.0,0.0,343
2023-05-10 10:26:29,MO2312-P-5800,MO2312-P-5800,67.8,0.0,0.0,0.0,6,69.8,72.2,6,67.8,63.6,0.0,0.0,0.0,0.0,343
2023-05-10 10:26:58,MO2312-P-5800,MO2312-P-5800,67.8,0.0,0.0,0.0,8,69.8,72.2,6,67.8,63.6,0.0,0.0,0.0,0.0,343
2023-05-10 10:26:58,MO2312-P-5800,MO2312-P-5800,67.8,0.0,0.0,0.0,6,70.0,72.2,6,67.8,63.6,0.0,0.0,0.0,0.0,343
2023-05-10 10:27:03,MO2312-P-5800,MO2312-P-5800,67.8,0.0,0.0,0.0,6,70.0,72.6,18,67.8,63.6,0.0,0.0,0.0,0.0,343
2023-05-10 10:27:03,MO2312-P-5800,MO2312-P-5800,67.8,0.0,0.0,0.0,6,70.0,72.6,12,67.8,63.6,0.0,0.0,0.0,0.0,343
2023-05-10 10:27:04,MO2312-P-5800,MO2312-P-5800,67.8,0.0,0.0,0.0,6,70.0,72.6,6,67.8,63.6,0.0,0.0,0.0,0.0,343
2023-05-10 10:27:17,MO2312-P-5800,MO2312-P-5800,67.8,0.0,0.0,0.0,8,69.6,72.6,6,67.8,63.6,0.0,0.0,0.0,0.0,343
2023-05-10 10:27:18,MO2312-P-5800,MO2312-P-5800,67.8,0.0,0.0,0.0,6,69.8,72.6,6,67.8,63.6,0.0,0.0,0.0,0.0,343
2023-05-10 10:27:23,MO2312-P-5800,MO2312-P-5800,67.8,0.0,0.0,0.0,6,69.8,72.4,6,67.8,63.6,0.0,0.0,0.0,0.0,343
2023-05-10 10:27:36,MO2312-P-5800,MO2312-P-5800,67.8,0.0,0.0,0.0,8,69.8,72.4,6,67.8,63.6,0.0,0.0,0.0,0.0,343
2023-05-10 10:27:36,MO2312-P-5800,MO2312-P-5800,67.8,0.0,0.0,0.0,6,70.0,72.4,6,67.8,63.6,0.0,0.0,0.0,0.0,343
2023-05-10 10:27:51,MO2312-P-5800,MO2312-P-5800,67.8,0.0,0.0,0.0,8,69.6,72.4,6,67.8,63.6,0.0,0.0,0.0,0.0,343
2023-05-10 10:27:52,MO2312-P-5800,MO2312-P-5800,67.8,0.0,0.0,0.0,6,69.8,72.4,6,67.8,63.6,0.0,0.0,0.0,0.0,343
2023-05-10 10:27:57,MO2312-P-5800,MO2312-P-5800,67.8,0.0,0.0,0.0,8,69.8,72.4,6,67.8,63.6,0.0,0.0,0.0,0.0,343
2023-05-10 10:27:58,MO2312-P-5800,MO2312-P-5800,67.8,0.0,0.0,0.0,6,70.0,72.4,6,67.8,63.6,0.0,0.0,0.0,0.0,343
2023-05-10 10:28:08,MO2312-P-5800,MO2312-P-5800,67.8,0.0,0.0,0.0,6,70.0,72.8,24,67.8,63.6,0.0,0.0,0.0,0.0,343
2023-05-10 10:28:08,MO2312-P-5800,MO2312-P-5800,67.8,0.0,0.0,0.0,6,70.0,72.8,12,67.8,63.6,0.0,0.0,0.0,0.0,343
2023-05-10 10:28:09,MO2312-P-5800,MO2312-P-5800,67.8,0.0,0.0,0.0,6,70.0,72.8,6,67.8,63.6,0.0,0.0,0.0,0.0,343
2023-05-10 10:28:21,MO2312-P-5800,MO2312-P-5800,67.8,0.0,0.0,0.0,8,70.0,72.8,6,67.8,63.6,0.0,0.0,0.0,0.0,343
2023-05-10 10:28:21,MO2312-P-5800,MO2312-P-5800,67.8,0.0,0.0,0.0,6,70.2,72.8,6,67.8,63.6,0.0,0.0,0.0,0.0,343
2023-05-10 10:28:35,MO2312-P-5800,MO2312-P-5800,67.8,0.0,0.0,0.0,12,70.2,72.8,6,67.8,63.6,0.0,0.0,0.0,0.0,343
2023-05-10 10:28:35,MO2312-P-5800,MO2312-P-5800,67.8,0.0,0.0,0.0,6,70.4,72.8,6,67.8,63.6,0.0,0.0,0.0,0.0,343
2023-05-10 10:28:44,MO2312-P-5800,MO2312-P-5800,67.8,0.0,0.0,0.0,6,70.4,73.0,12,67.8,63.6,0.0,0.0,0.0,0.0,343
2023-05-10 10:28:45,MO2312-P-5800,MO2312-P-5800,67.8,0.0,0.0,0.0,6,70.4,73.2,12,67.8,63.6,0.0,0.0,0.0,0.0,343
2023-05-10 10:28:45,MO2312-P-5800,MO2312-P-5800,67.8,0.0,0.0,0.0,6,70.4,73.2,6,67.8,63.6,0.0,0.0,0.0,0.0,343
2023-05-10 10:28:53,MO2312-P-5800,MO2312-P-5800,67.8,0.0,0.0,0.0,8,70.4,73.2,6,67.8,63.6,0.0,0.0,0.0,0.0,343
2023-05-10 10:28:54,MO2312-P-5800,MO2312-P-5800,67.8,0.0,0.0,0.0,6,70.6,73.2,6,67.8,63.6,0.0,0.0,0.0,0.0,343
2023-05-10 10:28:56,MO2312-P-5800,MO2312-P-5800,67.8,0.0,0.0,0.0,6,70.4,73.2,6,67.8,63.6,0.0,0.0,0.0,0.0,343
2023-05-10 10:28:57,MO2312-P-5800,MO2312-P-5800,67.8,0.0,0.0,0.0,6,70.4,73.0,6,67.8,63.6,0.0,0.0,0.0,0.0,343
2023-05-10 10:29:15,MO2312-P-5800,MO2312-P-5800,67.8,0.0,0.0,0.0,6,70.2,73.0,6,67.8,63.6,0.0,0.0,0.0,0.0,343
2023-05-10 10:29:36,MO2312-P-5800,MO2312-P-5800,67.8,0.0,0.0,0.0,6,70.2,73.0,8,67.8,63.6,0.0,0.0,0.0,0.0,343
2023-05-10 10:29:36,MO2312-P-5800,MO2312-P-5800,67.8,0.0,0.0,0.0,6,70.2,72.8,6,67.8,63.6,0.0,0.0,0.0,0.0,343
2023-05-10 10:30:04,MO2312-P-5800,MO2312-P-5800,67.8,0.0,0.0,0.0,6,70.2,72.8,8,67.8,63.6,0.0,0.0,0.0,0.0,343
2023-05-10 10:30:05,MO2312-P-5800,MO2312-P-5800,67.8,0.0,0.0,0.0,6,70.2,72.8,6,67.8,63.6,0.0,0.0,0.0,0.0,343
2023-05-10 10:30:40,MO2312-P-5800,MO2312-P-5800,67.8,0.0,0.0,0.0,8,70.2,72.8,6,67.8,63.6,0.0,0.0,0.0,0.0,343
2023-05-10 10:30:40,MO2312-P-5800,MO2312-P-5800,67.8,0.0,0.0,0.0,6,70.4,72.8,6,67.8,63.6,0.0,0.0,0.0,0.0,343
2023-05-10 10:30:55,MO2312-P-5800,MO2312-P-5800,67.8,0.0,0.0,0.0,6,70.2,72.8,6,67.8,63.6,0.0,0.0,0.0,0.0,343
2023-05-10 10:31:00,MO2312-P-5800,MO2312-P-5800,67.8,0.0,0.0,0.0,8,70.2,72.8,6,67.8,63.6,0.0,0.0,0.0,0.0,343
2023-05-10 10:31:01,MO2312-P-5800,MO2312-P-5800,67.8,0.0,0.0,0.0,6,70.4,72.8,6,67.8,63.6,0.0,0.0,0.0,0.0,343
2023-05-10 10:31:02,MO2312-P-5800,MO2312-P-5800,67.8,0.0,0.0,0.0,6,70.2,72.8,6,67.8,63.6,0.0,0.0,0.0,0.0,343
