time,symbol_id,symbol_name,last,trade_volume,trade_amount,open_interest_change,bv1,bp1,ap1,av1,yesterday_close,today_open,today_high,today_low,volume,amount,open_interest
2023-05-10 09:29:00,MO2403-C-7800,MO2403-C-7800,55.6,0.0,0.0,0.0,1,49.2,65.2,1,55.6,59.8,0.0,0.0,0.0,0.0,266
2023-05-10 09:30:00,MO2403-C-7800,MO2403-C-7800,55.6,0.0,0.0,0.0,1,49.6,62.0,1,55.6,59.8,0.0,0.0,0.0,0.0,266
2023-05-10 09:30:00,MO2403-C-7800,MO2403-C-7800,55.6,0.0,0.0,0.0,6,49.8,62.0,1,55.6,59.8,0.0,0.0,0.0,0.0,266
2023-05-10 09:30:01,MO2403-C-7800,MO2403-C-7800,55.6,0.0,0.0,0.0,1,50.0,62.0,1,55.6,59.8,0.0,0.0,0.0,0.0,266
2023-05-10 09:30:01,MO2403-C-7800,MO2403-C-7800,55.6,0.0,0.0,0.0,6,50.2,62.0,1,55.6,59.8,0.0,0.0,0.0,0.0,266
2023-05-10 09:30:03,MO2403-C-7800,MO2403-C-7800,55.6,0.0,0.0,0.0,1,53.6,62.0,1,55.6,59.8,0.0,0.0,0.0,0.0,266
2023-05-10 09:30:03,MO2403-C-7800,MO2403-C-7800,55.6,0.0,0.0,0.0,1,53.6,61.8,6,55.6,59.8,0.0,0.0,0.0,0.0,266
2023-05-10 09:30:05,MO2403-C-7800,MO2403-C-7800,55.6,0.0,0.0,0.0,2,53.6,61.8,6,55.6,59.8,0.0,0.0,0.0,0.0,266
2023-05-10 09:30:08,MO2403-C-7800,MO2403-C-7800,55.6,0.0,0.0,0.0,1,53.6,61.8,6,55.6,59.8,0.0,0.0,0.0,0.0,266
2023-05-10 09:30:13,MO2403-C-7800,MO2403-C-7800,55.6,0.0,0.0,0.0,6,53.8,61.8,6,55.6,59.8,0.0,0.0,0.0,0.0,266
2023-05-10 09:30:15,MO2403-C-7800,MO2403-C-7800,55.6,0.0,0.0,0.0,7,53.8,61.8,6,55.6,59.8,0.0,0.0,0.0,0.0,266
2023-05-10 09:30:17,MO2403-C-7800,MO2403-C-7800,55.6,0.0,0.0,0.0,1,53.8,61.8,6,55.6,59.8,0.0,0.0,0.0,0.0,266
2023-05-10 09:30:20,MO2403-C-7800,MO2403-C-7800,55.6,0.0,0.0,0.0,6,54.0,62.0,1,55.6,59.8,0.0,0.0,0.0,0.0,266
2023-05-10 09:30:21,MO2403-C-7800,MO2403-C-7800,55.6,0.0,0.0,0.0,1,53.8,62.0,1,55.6,59.8,0.0,0.0,0.0,0.0,266
2023-05-10 09:30:21,MO2403-C-7800,MO2403-C-7800,55.6,0.0,0.0,0.0,7,53.8,61.8,6,55.6,59.8,0.0,0.0,0.0,0.0,266
2023-05-10 09:30:22,MO2403-C-7800,MO2403-C-7800,55.6,0.0,0.0,0.0,1,53.8,61.8,6,55.6,59.8,0.0,0.0,0.0,0.0,266
2023-05-10 09:30:25,MO2403-C-7800,MO2403-C-7800,55.6,0.0,0.0,0.0,7,54.0,62.0,1,55.6,59.8,0.0,0.0,0.0,0.0,266
2023-05-10 09:30:26,MO2403-C-7800,MO2403-C-7800,55.6,0.0,0.0,0.0,7,54.0,61.0,6,55.6,59.8,0.0,0.0,0.0,0.0,266
2023-05-10 09:30:26,MO2403-C-7800,MO2403-C-7800,55.6,0.0,0.0,0.0,6,54.2,61.0,6,55.6,59.8,0.0,0.0,0.0,0.0,266
2023-05-10 09:30:27,MO2403-C-7800,MO2403-C-7800,55.6,0.0,0.0,0.0,8,54.2,60.8,6,55.6,59.8,0.0,0.0,0.0,0.0,266
2023-05-10 09:30:27,MO2403-C-7800,MO2403-C-7800,55.6,0.0,0.0,0.0,7,54.0,60.8,6,55.6,59.8,0.0,0.0,0.0,0.0,266
2023-05-10 09:30:28,MO2403-C-7800,MO2403-C-7800,55.6,0.0,0.0,0.0,3,54.0,60.8,8,55.6,59.8,0.0,0.0,0.0,0.0,266
2023-05-10 09:30:28,MO2403-C-7800,MO2403-C-7800,55.6,0.0,0.0,0.0,7,54.0,60.6,6,55.6,59.8,0.0,0.0,0.0,0.0,266
2023-05-10 09:30:29,MO2403-C-7800,MO2403-C-7800,55.6,0.0,0.0,0.0,9,54.0,60.6,8,55.6,59.8,0.0,0.0,0.0,0.0,266
2023-05-10 09:30:29,MO2403-C-7800,MO2403-C-7800,55.6,0.0,0.0,0.0,1,54.0,60.6,6,55.6,59.8,0.0,0.0,0.0,0.0,266
2023-05-10 09:30:30,MO2403-C-7800,MO2403-C-7800,55.6,0.0,0.0,0.0,3,54.0,60.6,8,55.6,59.8,0.0,0.0,0.0,0.0,266
2023-05-10 09:30:30,MO2403-C-7800,MO2403-C-7800,55.6,0.0,0.0,0.0,1,54.0,60.4,6,55.6,59.8,0.0,0.0,0.0,0.0,266
2023-05-10 09:30:31,MO2403-C-7800,MO2403-C-7800,55.6,0.0,0.0,0.0,3,54.0,60.4,2,55.6,59.8,0.0,0.0,0.0,0.0,266
2023-05-10 09:30:31,MO2403-C-7800,MO2403-C-7800,55.6,0.0,0.0,0.0,7,54.0,60.4,6,55.6,59.8,0.0,0.0,0.0,0.0,266
2023-05-10 09:30:32,MO2403-C-7800,MO2403-C-7800,55.6,0.0,0.0,0.0,3,54.0,60.4,2,55.6,59.8,0.0,0.0,0.0,0.0,266
2023-05-10 09:30:32,MO2403-C-7800,MO2403-C-7800,55.6,0.0,0.0,0.0,1,54.0,60.2,6,55.6,59.8,0.0,0.0,0.0,0.0,266
2023-05-10 09:30:33,MO2403-C-7800,MO2403-C-7800,55.6,0.0,0.0,0.0,3,54.0,60.2,8,55.6,59.8,0.0,0.0,0.0,0.0,266
2023-05-10 09:30:33,MO2403-C-7800,MO2403-C-7800,55.6,0.0,0.0,0.0,1,54.0,60.0,6,55.6,59.8,0.0,0.0,0.0,0.0,266
2023-05-10 09:30:34,MO2403-C-7800,MO2403-C-7800,55.6,0.0,0.0,0.0,3,54.0,60.0,8,55.6,59.8,0.0,0.0,0.0,0.0,266
2023-05-10 09:30:34,MO2403-C-7800,MO2403-C-7800,55.6,0.0,0.0,0.0,1,54.0,59.8,6,55.6,59.8,0.0,0.0,0.0,0.0,266
2023-05-10 09:30:35,MO2403-C-7800,MO2403-C-7800,55.6,0.0,0.0,0.0,9,54.0,59.8,2,55.6,59.8,0.0,0.0,0.0,0.0,266
2023-05-10 09:30:35,MO2403-C-7800,MO2403-C-7800,55.6,0.0,0.0,0.0,1,54.2,60.0,6,55.6,59.8,0.0,0.0,0.0,0.0,266
2023-05-10 09:30:36,MO2403-C-7800,MO2403-C-7800,55.6,0.0,0.0,0.0,3,54.2,60.0,8,55.6,59.8,0.0,0.0,0.0,0.0,266
2023-05-10 09:30:36,MO2403-C-7800,MO2403-C-7800,55.6,0.0,0.0,0.0,1,54.2,60.0,6,55.6,59.8,0.0,0.0,0.0,0.0,266
2023-05-10 09:30:37,MO2403-C-7800,MO2403-C-7800,55.6,0.0,0.0,0.0,3,54.2,60.0,8,55.6,59.8,0.0,0.0,0.0,0.0,266
2023-05-10 09:30:39,MO2403-C-7800,MO2403-C-7800,55.6,0.0,0.0,0.0,1,54.2,60.0,6,55.6,59.8,0.0,0.0,0.0,0.0,266
2023-05-10 09:30:39,MO2403-C-7800,MO2403-C-7800,55.6,0.0,0.0,0.0,3,54.2,60.0,8,55.6,59.8,0.0,0.0,0.0,0.0,266
2023-05-10 09:30:40,MO2403-C-7800,MO2403-C-7800,55.6,0.0,0.0,0.0,1,54.2,60.0,6,55.6,59.8,0.0,0.0,0.0,0.0,266
2023-05-10 09:30:40,MO2403-C-7800,MO2403-C-7800,55.6,0.0,0.0,0.0,3,54.2,60.0,8,55.6,59.8,0.0,0.0,0.0,0.0,266
2023-05-10 09:30:41,MO2403-C-7800,MO2403-C-7800,55.6,0.0,0.0,0.0,1,54.2,59.8,6,55.6,59.8,0.0,0.0,0.0,0.0,266
2023-05-10 09:30:41,MO2403-C-7800,MO2403-C-7800,55.6,0.0,0.0,0.0,3,54.2,59.8,8,55.6,59.8,0.0,0.0,0.0,0.0,266
2023-05-10 09:30:42,MO2403-C-7800,MO2403-C-7800,55.6,0.0,0.0,0.0,1,54.2,59.8,6,55.6,59.8,0.0,0.0,0.0,0.0,266
2023-05-10 09:30:42,MO2403-C-7800,MO2403-C-7800,55.6,0.0,0.0,0.0,3,54.2,59.8,8,55.6,59.8,0.0,0.0,0.0,0.0,266
2023-05-10 09:30:43,MO2403-C-7800,MO2403-C-7800,55.6,0.0,0.0,0.0,3,54.2,59.8,2,55.6,59.8,0.0,0.0,0.0,0.0,266
2023-05-10 09:30:44,MO2403-C-7800,MO2403-C-7800,55.6,0.0,0.0,0.0,1,54.2,60.0,12,55.6,59.8,0.0,0.0,0.0,0.0,266
2023-05-10 09:30:44,MO2403-C-7800,MO2403-C-7800,55.6,0.0,0.0,0.0,2,54.2,60.0,14,55.6,59.8,0.0,0.0,0.0,0.0,266
2023-05-10 09:30:45,MO2403-C-7800,MO2403-C-7800,55.6,0.0,0.0,0.0,6,54.0,60.0,12,55.6,59.8,0.0,0.0,0.0,0.0,266
2023-05-10 09:30:45,MO2403-C-7800,MO2403-C-7800,55.6,0.0,0.0,0.0,8,54.0,60.0,14,55.6,59.8,0.0,0.0,0.0,0.0,266
2023-05-10 09:30:46,MO2403-C-7800,MO2403-C-7800,55.6,0.0,0.0,0.0,6,54.0,59.8,6,55.6,59.8,0.0,0.0,0.0,0.0,266
2023-05-10 09:30:46,MO2403-C-7800,MO2403-C-7800,55.6,0.0,0.0,0.0,8,54.0,59.8,8,55.6,59.8,0.0,0.0,0.0,0.0,266
2023-05-10 09:30:47,MO2403-C-7800,MO2403-C-7800,55.6,0.0,0.0,0.0,6,54.0,60.0,12,55.6,59.8,0.0,0.0,0.0,0.0,266
2023-05-10 09:30:47,MO2403-C-7800,MO2403-C-7800,55.6,0.0,0.0,0.0,8,54.0,60.0,14,55.6,59.8,0.0,0.0,0.0,0.0,266
2023-05-10 09:30:48,MO2403-C-7800,MO2403-C-7800,55.6,0.0,0.0,0.0,6,54.0,60.0,12,55.6,59.8,0.0,0.0,0.0,0.0,266
2023-05-10 09:30:48,MO2403-C-7800,MO2403-C-7800,55.6,0.0,0.0,0.0,8,54.0,60.0,8,55.6,59.8,0.0,0.0,0.0,0.0,266
2023-05-10 09:30:49,MO2403-C-7800,MO2403-C-7800,55.6,0.0,0.0,0.0,6,54.0,60.0,6,55.6,59.8,0.0,0.0,0.0,0.0,266
2023-05-10 09:30:49,MO2403-C-7800,MO2403-C-7800,55.6,0.0,0.0,0.0,8,54.0,60.0,6,55.6,59.8,0.0,0.0,0.0,0.0,266
2023-05-10 09:30:50,MO2403-C-7800,MO2403-C-7800,55.6,0.0,0.0,0.0,6,54.0,60.0,6,55.6,59.8,0.0,0.0,0.0,0.0,266
2023-05-10 09:30:50,MO2403-C-7800,MO2403-C-7800,55.6,0.0,0.0,0.0,8,54.0,60.0,6,55.6,59.8,0.0,0.0,0.0,0.0,266
2023-05-10 09:30:51,MO2403-C-7800,MO2403-C-7800,55.6,0.0,0.0,0.0,6,54.0,60.0,6,55.6,59.8,0.0,0.0,0.0,0.0,266
2023-05-10 09:30:51,MO2403-C-7800,MO2403-C-7800,55.6,0.0,0.0,0.0,8,54.0,59.4,6,55.6,59.8,0.0,0.0,0.0,0.0,266
2023-05-10 09:30:52,MO2403-C-7800,MO2403-C-7800,55.6,0.0,0.0,0.0,6,54.0,59.4,6,55.6,59.8,0.0,0.0,0.0,0.0,266
2023-05-10 09:30:53,MO2403-C-7800,MO2403-C-7800,55.6,0.0,0.0,0.0,6,54.0,59.4,12,55.6,59.8,0.0,0.0,0.0,0.0,266
2023-05-10 09:31:01,MO2403-C-7800,MO2403-C-7800,55.6,0.0,0.0,0.0,12,54.0,59.4,12,55.6,59.8,0.0,0.0,0.0,0.0,266
2023-05-10 09:31:06,MO2403-C-7800,MO2403-C-7800,55.6,0.0,0.0,0.0,6,54.2,59.4,12,55.6,59.8,0.0,0.0,0.0,0.0,266
2023-05-10 09:31:10,MO2403-C-7800,MO2403-C-7800,55.6,0.0,0.0,0.0,6,54.2,59.4,6,55.6,59.8,0.0,0.0,0.0,0.0,266
2023-05-10 09:31:10,MO2403-C-7800,MO2403-C-7800,55.6,0.0,0.0,0.0,6,54.2,60.0,12,55.6,59.8,0.0,0.0,0.0,0.0,266
2023-05-10 09:31:11,MO2403-C-7800,MO2403-C-7800,55.6,0.0,0.0,0.0,6,54.2,60.0,6,55.6,59.8,0.0,0.0,0.0,0.0,266
2023-05-10 09:31:30,MO2403-C-7800,MO2403-C-7800,55.6,0.0,0.0,0.0,6,54.2,60.0,12,55.6,59.8,0.0,0.0,0.0,0.0,266
2023-05-10 09:31:31,MO2403-C-7800,MO2403-C-7800,55.6,0.0,0.0,0.0,6,54.2,59.6,6,55.6,59.8,0.0,0.0,0.0,0.0,266
2023-05-10 09:31:36,MO2403-C-7800,MO2403-C-7800,55.6,0.0,0.0,0.0,6,54.2,60.0,6,55.6,59.8,0.0,0.0,0.0,0.0,266
2023-05-10 09:31:39,MO2403-C-7800,MO2403-C-7800,55.6,0.0,0.0,0.0,6,54.2,59.6,6,55.6,59.8,0.0,0.0,0.0,0.0,266
2023-05-10 09:31:40,MO2403-C-7800,MO2403-C-7800,55.6,0.0,0.0,0.0,7,54.2,59.6,6,55.6,59.8,0.0,0.0,0.0,0.0,266
2023-05-10 09:31:41,MO2403-C-7800,MO2403-C-7800,55.6,0.0,0.0,0.0,6,54.4,59.6,6,55.6,59.8,0.0,0.0,0.0,0.0,266
2023-05-10 09:31:51,MO2403-C-7800,MO2403-C-7800,55.6,0.0,0.0,0.0,8,54.4,59.6,8,55.6,59.8,0.0,0.0,0.0,0.0,266
2023-05-10 09:31:51,MO2403-C-7800,MO2403-C-7800,55.6,0.0,0.0,0.0,6,54.6,59.6,8,55.6,59.8,0.0,0.0,0.0,0.0,266
2023-05-10 09:31:52,MO2403-C-7800,MO2403-C-7800,55.6,0.0,0.0,0.0,14,54.6,59.6,8,55.6,59.8,0.0,0.0,0.0,0.0,266
2023-05-10 09:31:52,MO2403-C-7800,MO2403-C-7800,55.6,0.0,0.0,0.0,6,54.8,59.6,8,55.6,59.8,0.0,0.0,0.0,0.0,266
2023-05-10 09:31:54,MO2403-C-7800,MO2403-C-7800,55.6,0.0,0.0,0.0,8,54.8,59.6,8,55.6,59.8,0.0,0.0,0.0,0.0,266
2023-05-10 09:31:54,MO2403-C-7800,MO2403-C-7800,55.6,0.0,0.0,0.0,6,55.0,59.6,8,55.6,59.8,0.0,0.0,0.0,0.0,266
2023-05-10 09:31:55,MO2403-C-7800,MO2403-C-7800,55.6,0.0,0.0,0.0,6,55.2,59.6,8,55.6,59.8,0.0,0.0,0.0,0.0,266
2023-05-10 09:31:55,MO2403-C-7800,MO2403-C-7800,55.6,0.0,0.0,0.0,6,55.4,59.6,8,55.6,59.8,0.0,0.0,0.0,0.0,266
2023-05-10 09:31:56,MO2403-C-7800,MO2403-C-7800,55.6,0.0,0.0,0.0,6,55.4,59.6,6,55.6,59.8,0.0,0.0,0.0,0.0,266
2023-05-10 09:31:57,MO2403-C-7800,MO2403-C-7800,55.6,0.0,0.0,0.0,8,55.4,59.6,8,55.6,59.8,0.0,0.0,0.0,0.0,266
2023-05-10 09:31:57,MO2403-C-7800,MO2403-C-7800,55.6,0.0,0.0,0.0,8,55.4,59.6,6,55.6,59.8,0.0,0.0,0.0,0.0,266
2023-05-10 09:31:58,MO2403-C-7800,MO2403-C-7800,55.6,0.0,0.0,0.0,6,55.6,59.6,6,55.6,59.8,0.0,0.0,0.0,0.0,266
2023-05-10 09:31:58,MO2403-C-7800,MO2403-C-7800,55.6,0.0,0.0,0.0,8,55.6,59.6,12,55.6,59.8,0.0,0.0,0.0,0.0,266
2023-05-10 09:31:59,MO2403-C-7800,MO2403-C-7800,55.6,0.0,0.0,0.0,6,55.8,59.4,6,55.6,59.8,0.0,0.0,0.0,0.0,266
2023-05-10 09:32:00,MO2403-C-7800,MO2403-C-7800,55.6,0.0,0.0,0.0,8,55.8,59.6,24,55.6,59.8,0.0,0.0,0.0,0.0,266
2023-05-10 09:32:01,MO2403-C-7800,MO2403-C-7800,55.6,0.0,0.0,0.0,6,56.0,59.4,6,55.6,59.8,0.0,0.0,0.0,0.0,266
2023-05-10 09:32:02,MO2403-C-7800,MO2403-C-7800,55.6,0.0,0.0,0.0,8,56.0,59.4,6,55.6,59.8,0.0,0.0,0.0,0.0,266
2023-05-10 09:32:07,MO2403-C-7800,MO2403-C-7800,55.6,0.0,0.0,0.0,2,56.0,59.4,6,55.6,59.8,0.0,0.0,0.0,0.0,266
2023-05-10 09:32:08,MO2403-C-7800,MO2403-C-7800,55.6,0.0,0.0,0.0,6,55.6,59.4,6,55.6,59.8,0.0,0.0,0.0,0.0,266
2023-05-10 09:32:09,MO2403-C-7800,MO2403-C-7800,55.6,0.0,0.0,0.0,8,55.6,59.4,6,55.6,59.8,0.0,0.0,0.0,0.0,266
2023-05-10 09:32:10,MO2403-C-7800,MO2403-C-7800,55.6,0.0,0.0,0.0,6,55.8,59.4,6,55.6,59.8,0.0,0.0,0.0,0.0,266
2023-05-10 09:32:11,MO2403-C-7800,MO2403-C-7800,55.6,0.0,0.0,0.0,2,55.8,59.6,18,55.6,59.8,0.0,0.0,0.0,0.0,266
2023-05-10 09:32:12,MO2403-C-7800,MO2403-C-7800,55.6,0.0,0.0,0.0,8,55.8,59.4,6,55.6,59.8,0.0,0.0,0.0,0.0,266
2023-05-10 09:32:12,MO2403-C-7800,MO2403-C-7800,55.6,0.0,0.0,0.0,6,55.8,59.4,6,55.6,59.8,0.0,0.0,0.0,0.0,266
2023-05-10 09:32:13,MO2403-C-7800,MO2403-C-7800,55.6,0.0,0.0,0.0,6,55.6,59.6,18,55.6,59.8,0.0,0.0,0.0,0.0,266
2023-05-10 09:32:14,MO2403-C-7800,MO2403-C-7800,55.6,0.0,0.0,0.0,6,55.6,59.4,6,55.6,59.8,0.0,0.0,0.0,0.0,266
2023-05-10 09:32:14,MO2403-C-7800,MO2403-C-7800,55.6,0.0,0.0,0.0,8,55.6,59.4,6,55.6,59.8,0.0,0.0,0.0,0.0,266
2023-05-10 09:32:16,MO2403-C-7800,MO2403-C-7800,55.6,0.0,0.0,0.0,12,55.6,59.4,6,55.6,59.8,0.0,0.0,0.0,0.0,266
2023-05-10 09:32:18,MO2403-C-7800,MO2403-C-7800,55.6,0.0,0.0,0.0,6,55.8,59.6,18,55.6,59.8,0.0,0.0,0.0,0.0,266
2023-05-10 09:32:19,MO2403-C-7800,MO2403-C-7800,55.6,0.0,0.0,0.0,8,55.8,59.6,18,55.6,59.8,0.0,0.0,0.0,0.0,266
2023-05-10 09:32:19,MO2403-C-7800,MO2403-C-7800,55.6,0.0,0.0,0.0,6,56.0,59.4,6,55.6,59.8,0.0,0.0,0.0,0.0,266
2023-05-10 09:32:21,MO2403-C-7800,MO2403-C-7800,55.6,0.0,0.0,0.0,8,56.0,59.4,6,55.6,59.8,0.0,0.0,0.0,0.0,266
2023-05-10 09:32:27,MO2403-C-7800,MO2403-C-7800,55.6,0.0,0.0,0.0,6,56.0,59.4,6,55.6,59.8,0.0,0.0,0.0,0.0,266
2023-05-10 09:32:27,MO2403-C-7800,MO2403-C-7800,55.6,0.0,0.0,0.0,1,55.8,59.4,6,55.6,59.8,0.0,0.0,0.0,0.0,266
2023-05-10 09:32:30,MO2403-C-7800,MO2403-C-7800,55.6,0.0,0.0,0.0,6,55.6,59.4,6,55.6,59.8,0.0,0.0,0.0,0.0,266
2023-05-10 09:32:46,MO2403-C-7800,MO2403-C-7800,55.6,0.0,0.0,0.0,2,55.6,59.4,6,55.6,59.8,0.0,0.0,0.0,0.0,266
2023-05-10 09:32:47,MO2403-C-7800,MO2403-C-7800,55.6,0.0,0.0,0.0,7,55.4,59.4,6,55.6,59.8,0.0,0.0,0.0,0.0,266
2023-05-10 09:32:47,MO2403-C-7800,MO2403-C-7800,55.6,0.0,0.0,0.0,1,55.6,59.4,6,55.6,59.8,0.0,0.0,0.0,0.0,266
2023-05-10 09:32:54,MO2403-C-7800,MO2403-C-7800,55.6,0.0,0.0,0.0,1,56.6,59.4,6,55.6,59.8,0.0,0.0,0.0,0.0,266
2023-05-10 09:33:26,MO2403-C-7800,MO2403-C-7800,55.6,0.0,0.0,0.0,1,56.6,59.4,8,55.6,59.8,0.0,0.0,0.0,0.0,266
2023-05-10 09:33:27,MO2403-C-7800,MO2403-C-7800,55.6,0.0,0.0,0.0,1,56.6,59.2,6,55.6,59.8,0.0,0.0,0.0,0.0,266
2023-05-10 09:33:27,MO2403-C-7800,MO2403-C-7800,55.6,0.0,0.0,0.0,1,56.6,59.4,6,55.6,59.8,0.0,0.0,0.0,0.0,266
2023-05-10 09:33:46,MO2403-C-7800,MO2403-C-7800,55.6,0.0,0.0,0.0,1,56.6,59.4,12,55.6,59.8,0.0,0.0,0.0,0.0,266
2023-05-10 09:33:47,MO2403-C-7800,MO2403-C-7800,55.6,0.0,0.0,0.0,1,56.6,59.2,6,55.6,59.8,0.0,0.0,0.0,0.0,266
2023-05-10 09:33:52,MO2403-C-7800,MO2403-C-7800,55.6,0.0,0.0,0.0,2,56.0,59.2,6,55.6,59.8,0.0,0.0,0.0,0.0,266
2023-05-10 09:33:52,MO2403-C-7800,MO2403-C-7800,55.6,0.0,0.0,0.0,6,55.6,59.2,6,55.6,59.8,0.0,0.0,0.0,0.0,266
2023-05-10 09:33:53,MO2403-C-7800,MO2403-C-7800,55.6,0.0,0.0,0.0,21,55.2,59.2,6,55.6,59.8,0.0,0.0,0.0,0.0,266
2023-05-10 09:33:53,MO2403-C-7800,MO2403-C-7800,55.6,0.0,0.0,0.0,2,55.6,59.2,6,55.6,59.8,0.0,0.0,0.0,0.0,266
2023-05-10 09:33:54,MO2403-C-7800,MO2403-C-7800,55.6,0.0,0.0,0.0,1,55.8,59.2,6,55.6,59.8,0.0,0.0,0.0,0.0,266
2023-05-10 09:33:57,MO2403-C-7800,MO2403-C-7800,55.6,0.0,0.0,0.0,7,55.8,59.2,6,55.6,59.8,0.0,0.0,0.0,0.0,266
2023-05-10 09:33:58,MO2403-C-7800,MO2403-C-7800,55.6,0.0,0.0,0.0,9,55.8,59.2,6,55.6,59.8,0.0,0.0,0.0,0.0,266
2023-05-10 09:33:59,MO2403-C-7800,MO2403-C-7800,55.6,0.0,0.0,0.0,3,55.8,59.2,6,55.6,59.8,0.0,0.0,0.0,0.0,266
2023-05-10 09:34:00,MO2403-C-7800,MO2403-C-7800,55.6,0.0,0.0,0.0,1,55.8,59.2,6,55.6,59.8,0.0,0.0,0.0,0.0,266
2023-05-10 09:34:26,MO2403-C-7800,MO2403-C-7800,55.6,0.0,0.0,0.0,7,55.8,59.2,6,55.6,59.8,0.0,0.0,0.0,0.0,266
2023-05-10 09:34:27,MO2403-C-7800,MO2403-C-7800,55.6,0.0,0.0,0.0,9,55.8,59.2,6,55.6,59.8,0.0,0.0,0.0,0.0,266
2023-05-10 09:34:27,MO2403-C-7800,MO2403-C-7800,55.6,0.0,0.0,0.0,7,55.8,59.2,6,55.6,59.8,0.0,0.0,0.0,0.0,266
2023-05-10 09:34:28,MO2403-C-7800,MO2403-C-7800,55.6,0.0,0.0,0.0,9,55.8,59.2,6,55.6,59.8,0.0,0.0,0.0,0.0,266
2023-05-10 09:34:28,MO2403-C-7800,MO2403-C-7800,55.6,0.0,0.0,0.0,1,56.6,59.4,12,55.6,59.8,0.0,0.0,0.0,0.0,266
2023-05-10 09:34:29,MO2403-C-7800,MO2403-C-7800,55.6,0.0,0.0,0.0,1,56.6,59.2,6,55.6,59.8,0.0,0.0,0.0,0.0,266
2023-05-10 09:35:28,MO2403-C-7800,MO2403-C-7800,55.6,0.0,0.0,0.0,1,56.6,59.0,6,55.6,59.8,0.0,0.0,0.0,0.0,266
2023-05-10 09:35:29,MO2403-C-7800,MO2403-C-7800,55.6,0.0,0.0,0.0,1,56.6,59.0,12,55.6,59.8,0.0,0.0,0.0,0.0,266
2023-05-10 09:35:35,MO2403-C-7800,MO2403-C-7800,55.6,0.0,0.0,0.0,1,56.6,59.0,6,55.6,59.8,0.0,0.0,0.0,0.0,266
2023-05-10 09:35:41,MO2403-C-7800,MO2403-C-7800,55.6,0.0,0.0,0.0,7,56.6,59.0,6,55.6,59.8,0.0,0.0,0.0,0.0,266
2023-05-10 09:35:41,MO2403-C-7800,MO2403-C-7800,55.6,0.0,0.0,0.0,9,56.6,59.0,6,55.6,59.8,0.0,0.0,0.0,0.0,266
2023-05-10 09:35:52,MO2403-C-7800,MO2403-C-7800,55.6,0.0,0.0,0.0,3,56.6,59.0,6,55.6,59.8,0.0,0.0,0.0,0.0,266
2023-05-10 09:35:52,MO2403-C-7800,MO2403-C-7800,55.6,0.0,0.0,0.0,1,56.6,59.0,6,55.6,59.8,0.0,0.0,0.0,0.0,266
2023-05-10 09:36:00,MO2403-C-7800,MO2403-C-7800,55.6,0.0,0.0,0.0,7,56.6,59.0,6,55.6,59.8,0.0,0.0,0.0,0.0,266
2023-05-10 09:36:03,MO2403-C-7800,MO2403-C-7800,55.6,0.0,0.0,0.0,1,56.6,59.0,6,55.6,59.8,0.0,0.0,0.0,0.0,266
2023-05-10 09:36:06,MO2403-C-7800,MO2403-C-7800,55.6,0.0,0.0,0.0,7,56.6,59.0,6,55.6,59.8,0.0,0.0,0.0,0.0,266
2023-05-10 09:36:08,MO2403-C-7800,MO2403-C-7800,55.6,0.0,0.0,0.0,9,56.6,59.0,6,55.6,59.8,0.0,0.0,0.0,0.0,266
2023-05-10 09:36:09,MO2403-C-7800,MO2403-C-7800,55.6,0.0,0.0,0.0,6,56.8,59.0,6,55.6,59.8,0.0,0.0,0.0,0.0,266
2023-05-10 09:36:10,MO2403-C-7800,MO2403-C-7800,55.6,0.0,0.0,0.0,8,56.8,59.0,6,55.6,59.8,0.0,0.0,0.0,0.0,266
2023-05-10 09:36:12,MO2403-C-7800,MO2403-C-7800,55.6,0.0,0.0,0.0,8,56.8,59.4,6,55.6,59.8,0.0,0.0,0.0,0.0,266
2023-05-10 09:36:12,MO2403-C-7800,MO2403-C-7800,55.6,0.0,0.0,0.0,2,56.8,59.4,12,55.6,59.8,0.0,0.0,0.0,0.0,266
2023-05-10 09:36:13,MO2403-C-7800,MO2403-C-7800,55.6,0.0,0.0,0.0,7,56.6,59.4,12,55.6,59.8,0.0,0.0,0.0,0.0,266
2023-05-10 09:36:14,MO2403-C-7800,MO2403-C-7800,55.6,0.0,0.0,0.0,9,56.6,59.4,12,55.6,59.8,0.0,0.0,0.0,0.0,266
2023-05-10 09:36:18,MO2403-C-7800,MO2403-C-7800,55.6,0.0,0.0,0.0,9,56.6,59.4,6,55.6,59.8,0.0,0.0,0.0,0.0,266
2023-05-10 09:36:21,MO2403-C-7800,MO2403-C-7800,55.6,0.0,0.0,0.0,6,56.8,59.6,18,55.6,59.8,0.0,0.0,0.0,0.0,266
2023-05-10 09:36:21,MO2403-C-7800,MO2403-C-7800,55.6,0.0,0.0,0.0,6,56.8,59.6,12,55.6,59.8,0.0,0.0,0.0,0.0,266
2023-05-10 09:36:22,MO2403-C-7800,MO2403-C-7800,55.6,0.0,0.0,0.0,8,56.8,59.6,6,55.6,59.8,0.0,0.0,0.0,0.0,266
2023-05-10 09:36:22,MO2403-C-7800,MO2403-C-7800,55.6,0.0,0.0,0.0,8,56.8,59.6,12,55.6,59.8,0.0,0.0,0.0,0.0,266
2023-05-10 09:36:24,MO2403-C-7800,MO2403-C-7800,55.6,0.0,0.0,0.0,6,57.0,59.6,6,55.6,59.8,0.0,0.0,0.0,0.0,266
2023-05-10 09:36:25,MO2403-C-7800,MO2403-C-7800,55.6,0.0,0.0,0.0,8,57.0,59.6,6,55.6,59.8,0.0,0.0,0.0,0.0,266
2023-05-10 09:36:28,MO2403-C-7800,MO2403-C-7800,55.6,0.0,0.0,0.0,6,57.0,59.6,6,55.6,59.8,0.0,0.0,0.0,0.0,266
2023-05-10 09:36:28,MO2403-C-7800,MO2403-C-7800,55.6,0.0,0.0,0.0,2,57.0,59.6,6,55.6,59.8,0.0,0.0,0.0,0.0,266
2023-05-10 09:36:29,MO2403-C-7800,MO2403-C-7800,55.6,0.0,0.0,0.0,6,57.0,59.6,6,55.6,59.8,0.0,0.0,0.0,0.0,266
2023-05-10 09:36:29,MO2403-C-7800,MO2403-C-7800,55.6,0.0,0.0,0.0,12,56.8,59.8,12,55.6,59.8,0.0,0.0,0.0,0.0,266
2023-05-10 09:36:30,MO2403-C-7800,MO2403-C-7800,55.6,0.0,0.0,0.0,6,57.0,59.8,6,55.6,59.8,0.0,0.0,0.0,0.0,266
2023-05-10 09:36:30,MO2403-C-7800,MO2403-C-7800,55.6,0.0,0.0,0.0,6,57.0,60.0,12,55.6,59.8,0.0,0.0,0.0,0.0,266
2023-05-10 09:36:31,MO2403-C-7800,MO2403-C-7800,55.6,0.0,0.0,0.0,6,57.0,60.0,6,55.6,59.8,0.0,0.0,0.0,0.0,266
2023-05-10 09:36:31,MO2403-C-7800,MO2403-C-7800,55.6,0.0,0.0,0.0,8,57.0,60.0,6,55.6,59.8,0.0,0.0,0.0,0.0,266
2023-05-10 09:36:32,MO2403-C-7800,MO2403-C-7800,55.6,0.0,0.0,0.0,8,57.0,60.0,12,55.6,59.8,0.0,0.0,0.0,0.0,266
2023-05-10 09:36:32,MO2403-C-7800,MO2403-C-7800,55.6,0.0,0.0,0.0,8,57.0,59.8,6,55.6,59.8,0.0,0.0,0.0,0.0,266
2023-05-10 09:36:36,MO2403-C-7800,MO2403-C-7800,55.6,0.0,0.0,0.0,2,57.0,59.8,6,55.6,59.8,0.0,0.0,0.0,0.0,266
2023-05-10 09:36:37,MO2403-C-7800,MO2403-C-7800,55.6,0.0,0.0,0.0,19,56.6,60.0,6,55.6,59.8,0.0,0.0,0.0,0.0,266
2023-05-10 09:36:37,MO2403-C-7800,MO2403-C-7800,55.6,0.0,0.0,0.0,7,56.6,60.0,6,55.6,59.8,0.0,0.0,0.0,0.0,266
2023-05-10 09:36:38,MO2403-C-7800,MO2403-C-7800,55.6,0.0,0.0,0.0,9,56.6,60.0,6,55.6,59.8,0.0,0.0,0.0,0.0,266
2023-05-10 09:36:46,MO2403-C-7800,MO2403-C-7800,55.6,0.0,0.0,0.0,6,56.8,60.2,24,55.6,59.8,0.0,0.0,0.0,0.0,266
2023-05-10 09:36:47,MO2403-C-7800,MO2403-C-7800,55.6,0.0,0.0,0.0,6,56.8,60.2,18,55.6,59.8,0.0,0.0,0.0,0.0,266
2023-05-10 09:36:48,MO2403-C-7800,MO2403-C-7800,55.6,0.0,0.0,0.0,8,56.8,60.2,18,55.6,59.8,0.0,0.0,0.0,0.0,266
2023-05-10 09:36:48,MO2403-C-7800,MO2403-C-7800,55.6,0.0,0.0,0.0,2,56.8,60.0,6,55.6,59.8,0.0,0.0,0.0,0.0,266
2023-05-10 09:36:49,MO2403-C-7800,MO2403-C-7800,55.6,0.0,0.0,0.0,7,56.6,60.0,6,55.6,59.8,0.0,0.0,0.0,0.0,266
2023-05-10 09:36:50,MO2403-C-7800,MO2403-C-7800,55.6,0.0,0.0,0.0,9,56.6,60.0,6,55.6,59.8,0.0,0.0,0.0,0.0,266
2023-05-10 09:36:51,MO2403-C-7800,MO2403-C-7800,55.6,0.0,0.0,0.0,6,56.8,60.2,24,55.6,59.8,0.0,0.0,0.0,0.0,266
2023-05-10 09:36:52,MO2403-C-7800,MO2403-C-7800,55.6,0.0,0.0,0.0,6,56.8,60.2,18,55.6,59.8,0.0,0.0,0.0,0.0,266
2023-05-10 09:36:52,MO2403-C-7800,MO2403-C-7800,55.6,0.0,0.0,0.0,8,56.8,60.2,18,55.6,59.8,0.0,0.0,0.0,0.0,266
2023-05-10 09:36:53,MO2403-C-7800,MO2403-C-7800,55.6,0.0,0.0,0.0,6,57.0,60.0,6,55.6,59.8,0.0,0.0,0.0,0.0,266
2023-05-10 09:36:53,MO2403-C-7800,MO2403-C-7800,55.6,0.0,0.0,0.0,8,57.0,60.0,6,55.6,59.8,0.0,0.0,0.0,0.0,266
2023-05-10 09:36:54,MO2403-C-7800,MO2403-C-7800,55.6,0.0,0.0,0.0,2,57.0,60.2,12,55.6,59.8,0.0,0.0,0.0,0.0,266
2023-05-10 09:36:54,MO2403-C-7800,MO2403-C-7800,55.6,0.0,0.0,0.0,6,57.2,60.2,12,55.6,59.8,0.0,0.0,0.0,0.0,266
2023-05-10 09:36:55,MO2403-C-7800,MO2403-C-7800,55.6,0.0,0.0,0.0,2,57.2,60.2,6,55.6,59.8,0.0,0.0,0.0,0.0,266
2023-05-10 09:36:55,MO2403-C-7800,MO2403-C-7800,55.6,0.0,0.0,0.0,8,57.2,60.0,6,55.6,59.8,0.0,0.0,0.0,0.0,266
2023-05-10 09:36:56,MO2403-C-7800,MO2403-C-7800,55.6,0.0,0.0,0.0,6,57.2,60.0,6,55.6,59.8,0.0,0.0,0.0,0.0,266
2023-05-10 09:36:56,MO2403-C-7800,MO2403-C-7800,55.6,0.0,0.0,0.0,6,56.8,60.2,6,55.6,59.8,0.0,0.0,0.0,0.0,266
2023-05-10 09:36:57,MO2403-C-7800,MO2403-C-7800,55.6,0.0,0.0,0.0,2,57.2,60.2,6,55.6,59.8,0.0,0.0,0.0,0.0,266
2023-05-10 09:36:57,MO2403-C-7800,MO2403-C-7800,55.6,0.0,0.0,0.0,6,57.2,60.0,6,55.6,59.8,0.0,0.0,0.0,0.0,266
2023-05-10 09:36:58,MO2403-C-7800,MO2403-C-7800,55.6,0.0,0.0,0.0,6,56.8,60.2,6,55.6,59.8,0.0,0.0,0.0,0.0,266
2023-05-10 09:36:58,MO2403-C-7800,MO2403-C-7800,55.6,0.0,0.0,0.0,2,57.2,60.2,6,55.6,59.8,0.0,0.0,0.0,0.0,266
2023-05-10 09:36:59,MO2403-C-7800,MO2403-C-7800,55.6,0.0,0.0,0.0,6,57.2,60.0,6,55.6,59.8,0.0,0.0,0.0,0.0,266
2023-05-10 09:36:59,MO2403-C-7800,MO2403-C-7800,55.6,0.0,0.0,0.0,6,56.8,60.2,6,55.6,59.8,0.0,0.0,0.0,0.0,266
2023-05-10 09:37:00,MO2403-C-7800,MO2403-C-7800,55.6,0.0,0.0,0.0,8,56.8,60.2,6,55.6,59.8,0.0,0.0,0.0,0.0,266
2023-05-10 09:37:00,MO2403-C-7800,MO2403-C-7800,55.6,0.0,0.0,0.0,6,57.0,60.2,6,55.6,59.8,0.0,0.0,0.0,0.0,266
2023-05-10 09:37:01,MO2403-C-7800,MO2403-C-7800,55.6,0.0,0.0,0.0,6,57.0,60.0,6,55.6,59.8,0.0,0.0,0.0,0.0,266
2023-05-10 09:37:02,MO2403-C-7800,MO2403-C-7800,55.6,0.0,0.0,0.0,8,57.0,60.0,6,55.6,59.8,0.0,0.0,0.0,0.0,266
2023-05-10 09:37:02,MO2403-C-7800,MO2403-C-7800,55.6,0.0,0.0,0.0,6,57.2,60.0,6,55.6,59.8,0.0,0.0,0.0,0.0,266
2023-05-10 09:37:03,MO2403-C-7800,MO2403-C-7800,55.6,0.0,0.0,0.0,2,57.2,60.0,6,55.6,59.8,0.0,0.0,0.0,0.0,266
2023-05-10 09:37:03,MO2403-C-7800,MO2403-C-7800,55.6,0.0,0.0,0.0,2,57.2,59.8,6,55.6,59.8,0.0,0.0,0.0,0.0,266
2023-05-10 09:37:04,MO2403-C-7800,MO2403-C-7800,55.6,0.0,0.0,0.0,6,57.0,59.8,6,55.6,59.8,0.0,0.0,0.0,0.0,266
2023-05-10 09:37:04,MO2403-C-7800,MO2403-C-7800,55.6,0.0,0.0,0.0,6,56.8,60.0,12,55.6,59.8,0.0,0.0,0.0,0.0,266
2023-05-10 09:37:05,MO2403-C-7800,MO2403-C-7800,55.6,0.0,0.0,0.0,8,56.8,60.0,12,55.6,59.8,0.0,0.0,0.0,0.0,266
2023-05-10 09:37:05,MO2403-C-7800,MO2403-C-7800,55.6,0.0,0.0,0.0,6,57.0,60.0,18,55.6,59.8,0.0,0.0,0.0,0.0,266
2023-05-10 09:37:06,MO2403-C-7800,MO2403-C-7800,55.6,0.0,0.0,0.0,6,57.0,60.0,12,55.6,59.8,0.0,0.0,0.0,0.0,266
2023-05-10 09:37:06,MO2403-C-7800,MO2403-C-7800,55.6,0.0,0.0,0.0,8,56.8,59.8,6,55.6,59.8,0.0,0.0,0.0,0.0,266
2023-05-10 09:37:08,MO2403-C-7800,MO2403-C-7800,55.6,0.0,0.0,0.0,6,57.0,60.0,18,55.6,59.8,0.0,0.0,0.0,0.0,266
2023-05-10 09:37:09,MO2403-C-7800,MO2403-C-7800,55.6,0.0,0.0,0.0,8,57.0,60.0,12,55.6,59.8,0.0,0.0,0.0,0.0,266
2023-05-10 09:37:09,MO2403-C-7800,MO2403-C-7800,55.6,0.0,0.0,0.0,8,57.0,59.8,6,55.6,59.8,0.0,0.0,0.0,0.0,266
2023-05-10 09:37:10,MO2403-C-7800,MO2403-C-7800,55.6,0.0,0.0,0.0,1,57.4,60.0,6,55.6,59.8,0.0,0.0,0.0,0.0,266
2023-05-10 09:37:10,MO2403-C-7800,MO2403-C-7800,55.6,0.0,0.0,0.0,1,57.4,60.0,12,55.6,59.8,0.0,0.0,0.0,0.0,266
2023-05-10 09:37:12,MO2403-C-7800,MO2403-C-7800,55.6,0.0,0.0,0.0,1,57.4,60.0,6,55.6,59.8,0.0,0.0,0.0,0.0,266
2023-05-10 09:37:23,MO2403-C-7800,MO2403-C-7800,55.6,0.0,0.0,0.0,1,57.4,60.0,12,55.6,59.8,0.0,0.0,0.0,0.0,266
2023-05-10 09:37:24,MO2403-C-7800,MO2403-C-7800,55.6,0.0,0.0,0.0,1,57.4,59.8,6,55.6,59.8,0.0,0.0,0.0,0.0,266
2023-05-10 09:38:29,MO2403-C-7800,MO2403-C-7800,55.6,0.0,0.0,0.0,1,57.4,60.0,18,55.6,59.8,0.0,0.0,0.0,0.0,266
2023-05-10 09:38:30,MO2403-C-7800,MO2403-C-7800,55.6,0.0,0.0,0.0,1,57.4,59.8,6,55.6,59.8,0.0,0.0,0.0,0.0,266
2023-05-10 09:39:25,MO2403-C-7800,MO2403-C-7800,55.6,0.0,0.0,0.0,1,57.4,60.0,12,55.6,59.8,0.0,0.0,0.0,0.0,266
2023-05-10 09:39:27,MO2403-C-7800,MO2403-C-7800,55.6,0.0,0.0,0.0,1,57.4,59.8,6,55.6,59.8,0.0,0.0,0.0,0.0,266
2023-05-10 09:39:30,MO2403-C-7800,MO2403-C-7800,55.6,0.0,0.0,0.0,1,57.4,60.0,12,55.6,59.8,0.0,0.0,0.0,0.0,266
2023-05-10 09:39:35,MO2403-C-7800,MO2403-C-7800,55.6,0.0,0.0,0.0,1,57.4,59.8,6,55.6,59.8,0.0,0.0,0.0,0.0,266
2023-05-10 09:39:36,MO2403-C-7800,MO2403-C-7800,55.6,0.0,0.0,0.0,1,57.4,60.0,6,55.6,59.8,0.0,0.0,0.0,0.0,266
2023-05-10 09:42:34,MO2403-C-7800,MO2403-C-7800,55.6,0.0,0.0,0.0,2,57.4,60.0,6,55.6,59.8,0.0,0.0,0.0,0.0,266
2023-05-10 09:42:45,MO2403-C-7800,MO2403-C-7800,55.6,0.0,0.0,0.0,4,57.4,60.0,6,55.6,59.8,0.0,0.0,0.0,0.0,266
2023-05-10 09:42:50,MO2403-C-7800,MO2403-C-7800,55.6,0.0,0.0,0.0,2,57.4,60.0,6,55.6,59.8,0.0,0.0,0.0,0.0,266
2023-05-10 09:43:01,MO2403-C-7800,MO2403-C-7800,55.6,0.0,0.0,0.0,1,57.4,60.0,6,55.6,59.8,0.0,0.0,0.0,0.0,266
2023-05-10 09:43:35,MO2403-C-7800,MO2403-C-7800,55.6,0.0,0.0,0.0,3,57.4,60.0,6,55.6,59.8,0.0,0.0,0.0,0.0,266
2023-05-10 09:43:36,MO2403-C-7800,MO2403-C-7800,55.6,0.0,0.0,0.0,4,57.4,60.0,6,55.6,59.8,0.0,0.0,0.0,0.0,266
2023-05-10 09:43:40,MO2403-C-7800,MO2403-C-7800,55.6,0.0,0.0,0.0,2,57.4,60.0,6,55.6,59.8,0.0,0.0,0.0,0.0,266
2023-05-10 09:43:42,MO2403-C-7800,MO2403-C-7800,55.6,0.0,0.0,0.0,4,57.4,60.0,6,55.6,59.8,0.0,0.0,0.0,0.0,266
2023-05-10 09:44:00,MO2403-C-7800,MO2403-C-7800,55.6,0.0,0.0,0.0,3,57.4,60.0,6,55.6,59.8,0.0,0.0,0.0,0.0,266
2023-05-10 09:44:29,MO2403-C-7800,MO2403-C-7800,55.6,0.0,0.0,0.0,1,57.4,60.0,6,55.6,59.8,0.0,0.0,0.0,0.0,266
2023-05-10 09:44:36,MO2403-C-7800,MO2403-C-7800,55.6,0.0,0.0,0.0,1,57.4,60.0,12,55.6,59.8,0.0,0.0,0.0,0.0,266
2023-05-10 09:44:36,MO2403-C-7800,MO2403-C-7800,55.6,0.0,0.0,0.0,1,57.4,59.8,6,55.6,59.8,0.0,0.0,0.0,0.0,266
2023-05-10 09:44:42,MO2403-C-7800,MO2403-C-7800,55.6,0.0,0.0,0.0,3,57.4,59.8,6,55.6,59.8,0.0,0.0,0.0,0.0,266
2023-05-10 09:44:44,MO2403-C-7800,MO2403-C-7800,55.6,0.0,0.0,0.0,1,57.4,59.8,6,55.6,59.8,0.0,0.0,0.0,0.0,266
2023-05-10 09:44:54,MO2403-C-7800,MO2403-C-7800,55.6,0.0,0.0,0.0,2,57.6,59.8,6,55.6,59.8,0.0,0.0,0.0,0.0,266
2023-05-10 09:44:55,MO2403-C-7800,MO2403-C-7800,55.6,0.0,0.0,0.0,3,57.4,59.8,6,55.6,59.8,0.0,0.0,0.0,0.0,266
2023-05-10 09:45:09,MO2403-C-7800,MO2403-C-7800,55.6,0.0,0.0,0.0,1,57.4,59.8,6,55.6,59.8,0.0,0.0,0.0,0.0,266
2023-05-10 09:45:16,MO2403-C-7800,MO2403-C-7800,55.6,0.0,0.0,0.0,3,57.4,59.8,6,55.6,59.8,0.0,0.0,0.0,0.0,266
2023-05-10 09:45:19,MO2403-C-7800,MO2403-C-7800,55.6,0.0,0.0,0.0,1,57.4,59.8,6,55.6,59.8,0.0,0.0,0.0,0.0,266
2023-05-10 09:46:17,MO2403-C-7800,MO2403-C-7800,55.6,0.0,0.0,0.0,2,57.4,59.8,6,55.6,59.8,0.0,0.0,0.0,0.0,266
2023-05-10 09:46:20,MO2403-C-7800,MO2403-C-7800,55.6,0.0,0.0,0.0,4,57.4,59.8,6,55.6,59.8,0.0,0.0,0.0,0.0,266
2023-05-10 09:46:21,MO2403-C-7800,MO2403-C-7800,55.6,0.0,0.0,0.0,2,57.4,59.8,6,55.6,59.8,0.0,0.0,0.0,0.0,266
2023-05-10 09:46:23,MO2403-C-7800,MO2403-C-7800,55.6,0.0,0.0,0.0,4,57.4,59.8,6,55.6,59.8,0.0,0.0,0.0,0.0,266
2023-05-10 09:46:23,MO2403-C-7800,MO2403-C-7800,55.6,0.0,0.0,0.0,2,57.4,59.8,6,55.6,59.8,0.0,0.0,0.0,0.0,266
2023-05-10 09:46:25,MO2403-C-7800,MO2403-C-7800,55.6,0.0,0.0,0.0,1,57.4,59.8,6,55.6,59.8,0.0,0.0,0.0,0.0,266
2023-05-10 09:46:29,MO2403-C-7800,MO2403-C-7800,55.6,0.0,0.0,0.0,1,57.4,59.8,7,55.6,59.8,0.0,0.0,0.0,0.0,266
2023-05-10 09:46:30,MO2403-C-7800,MO2403-C-7800,55.6,0.0,0.0,0.0,1,57.4,59.6,6,55.6,59.8,0.0,0.0,0.0,0.0,266
2023-05-10 09:46:31,MO2403-C-7800,MO2403-C-7800,55.6,0.0,0.0,0.0,1,57.4,59.8,6,55.6,59.8,0.0,0.0,0.0,0.0,266
2023-05-10 09:46:31,MO2403-C-7800,MO2403-C-7800,55.6,0.0,0.0,0.0,1,57.4,59.8,7,55.6,59.8,0.0,0.0,0.0,0.0,266
2023-05-10 09:46:32,MO2403-C-7800,MO2403-C-7800,55.6,0.0,0.0,0.0,1,57.4,59.6,6,55.6,59.8,0.0,0.0,0.0,0.0,266
2023-05-10 09:46:33,MO2403-C-7800,MO2403-C-7800,55.6,0.0,0.0,0.0,1,57.4,59.8,6,55.6,59.8,0.0,0.0,0.0,0.0,266
2023-05-10 09:47:14,MO2403-C-7800,MO2403-C-7800,55.6,0.0,0.0,0.0,3,57.4,59.8,6,55.6,59.8,0.0,0.0,0.0,0.0,266
2023-05-10 09:47:21,MO2403-C-7800,MO2403-C-7800,55.6,0.0,0.0,0.0,1,58.2,59.8,6,55.6,59.8,0.0,0.0,0.0,0.0,266
2023-05-10 09:48:21,MO2403-C-7800,MO2403-C-7800,55.6,0.0,0.0,0.0,1,58.2,59.8,7,55.6,59.8,0.0,0.0,0.0,0.0,266
2023-05-10 09:48:22,MO2403-C-7800,MO2403-C-7800,55.6,0.0,0.0,0.0,1,58.2,59.6,6,55.6,59.8,0.0,0.0,0.0,0.0,266
2023-05-10 09:48:23,MO2403-C-7800,MO2403-C-7800,55.6,0.0,0.0,0.0,1,58.2,59.8,6,55.6,59.8,0.0,0.0,0.0,0.0,266
2023-05-10 09:48:23,MO2403-C-7800,MO2403-C-7800,55.6,0.0,0.0,0.0,1,58.2,59.8,7,55.6,59.8,0.0,0.0,0.0,0.0,266
2023-05-10 09:48:24,MO2403-C-7800,MO2403-C-7800,55.6,0.0,0.0,0.0,1,58.2,59.6,6,55.6,59.8,0.0,0.0,0.0,0.0,266
2023-05-10 09:48:25,MO2403-C-7800,MO2403-C-7800,55.6,0.0,0.0,0.0,1,58.2,59.8,6,55.6,59.8,0.0,0.0,0.0,0.0,266
2023-05-10 09:48:25,MO2403-C-7800,MO2403-C-7800,55.6,0.0,0.0,0.0,1,58.2,59.8,7,55.6,59.8,0.0,0.0,0.0,0.0,266
2023-05-10 09:48:26,MO2403-C-7800,MO2403-C-7800,55.6,0.0,0.0,0.0,1,58.2,59.6,6,55.6,59.8,0.0,0.0,0.0,0.0,266
2023-05-10 09:48:26,MO2403-C-7800,MO2403-C-7800,55.6,0.0,0.0,0.0,1,58.2,59.8,6,55.6,59.8,0.0,0.0,0.0,0.0,266
2023-05-10 09:48:27,MO2403-C-7800,MO2403-C-7800,55.6,0.0,0.0,0.0,1,58.2,59.8,7,55.6,59.8,0.0,0.0,0.0,0.0,266
2023-05-10 09:48:27,MO2403-C-7800,MO2403-C-7800,55.6,0.0,0.0,0.0,1,58.2,59.6,6,55.6,59.8,0.0,0.0,0.0,0.0,266
2023-05-10 09:48:28,MO2403-C-7800,MO2403-C-7800,55.6,0.0,0.0,0.0,1,58.2,59.8,6,55.6,59.8,0.0,0.0,0.0,0.0,266
2023-05-10 09:48:31,MO2403-C-7800,MO2403-C-7800,55.6,0.0,0.0,0.0,1,58.2,59.8,7,55.6,59.8,0.0,0.0,0.0,0.0,266
2023-05-10 09:48:31,MO2403-C-7800,MO2403-C-7800,55.6,0.0,0.0,0.0,1,58.2,59.6,6,55.6,59.8,0.0,0.0,0.0,0.0,266
2023-05-10 09:48:32,MO2403-C-7800,MO2403-C-7800,55.6,0.0,0.0,0.0,1,58.2,59.8,6,55.6,59.8,0.0,0.0,0.0,0.0,266
2023-05-10 09:48:33,MO2403-C-7800,MO2403-C-7800,55.6,0.0,0.0,0.0,1,58.2,59.8,7,55.6,59.8,0.0,0.0,0.0,0.0,266
2023-05-10 09:48:33,MO2403-C-7800,MO2403-C-7800,55.6,0.0,0.0,0.0,1,58.2,59.6,6,55.6,59.8,0.0,0.0,0.0,0.0,266
2023-05-10 09:48:34,MO2403-C-7800,MO2403-C-7800,55.6,0.0,0.0,0.0,1,58.2,59.8,6,55.6,59.8,0.0,0.0,0.0,0.0,266
2023-05-10 09:48:35,MO2403-C-7800,MO2403-C-7800,55.6,0.0,0.0,0.0,1,58.2,59.8,7,55.6,59.8,0.0,0.0,0.0,0.0,266
2023-05-10 09:48:35,MO2403-C-7800,MO2403-C-7800,55.6,0.0,0.0,0.0,1,58.2,59.6,6,55.6,59.8,0.0,0.0,0.0,0.0,266
2023-05-10 09:48:36,MO2403-C-7800,MO2403-C-7800,55.6,0.0,0.0,0.0,1,58.2,59.8,6,55.6,59.8,0.0,0.0,0.0,0.0,266
2023-05-10 09:48:39,MO2403-C-7800,MO2403-C-7800,55.6,0.0,0.0,0.0,1,58.2,59.8,7,55.6,59.8,0.0,0.0,0.0,0.0,266
2023-05-10 09:48:39,MO2403-C-7800,MO2403-C-7800,55.6,0.0,0.0,0.0,1,58.2,59.6,6,55.6,59.8,0.0,0.0,0.0,0.0,266
2023-05-10 09:48:40,MO2403-C-7800,MO2403-C-7800,55.6,0.0,0.0,0.0,1,58.2,59.8,6,55.6,59.8,0.0,0.0,0.0,0.0,266
2023-05-10 09:48:41,MO2403-C-7800,MO2403-C-7800,55.6,0.0,0.0,0.0,1,58.2,59.8,7,55.6,59.8,0.0,0.0,0.0,0.0,266
2023-05-10 09:48:41,MO2403-C-7800,MO2403-C-7800,55.6,0.0,0.0,0.0,1,58.2,59.6,6,55.6,59.8,0.0,0.0,0.0,0.0,266
2023-05-10 09:48:42,MO2403-C-7800,MO2403-C-7800,55.6,0.0,0.0,0.0,1,58.2,59.8,6,55.6,59.8,0.0,0.0,0.0,0.0,266
2023-05-10 09:48:43,MO2403-C-7800,MO2403-C-7800,55.6,0.0,0.0,0.0,1,58.2,59.8,7,55.6,59.8,0.0,0.0,0.0,0.0,266
2023-05-10 09:48:43,MO2403-C-7800,MO2403-C-7800,55.6,0.0,0.0,0.0,1,58.2,59.6,6,55.6,59.8,0.0,0.0,0.0,0.0,266
2023-05-10 09:48:44,MO2403-C-7800,MO2403-C-7800,55.6,0.0,0.0,0.0,1,58.2,59.8,6,55.6,59.8,0.0,0.0,0.0,0.0,266
2023-05-10 09:48:45,MO2403-C-7800,MO2403-C-7800,55.6,0.0,0.0,0.0,1,58.2,59.8,7,55.6,59.8,0.0,0.0,0.0,0.0,266
2023-05-10 09:48:45,MO2403-C-7800,MO2403-C-7800,55.6,0.0,0.0,0.0,1,58.2,59.6,6,55.6,59.8,0.0,0.0,0.0,0.0,266
2023-05-10 09:48:46,MO2403-C-7800,MO2403-C-7800,55.6,0.0,0.0,0.0,1,58.2,59.8,6,55.6,59.8,0.0,0.0,0.0,0.0,266
2023-05-10 09:48:51,MO2403-C-7800,MO2403-C-7800,55.6,0.0,0.0,0.0,1,58.2,59.8,7,55.6,59.8,0.0,0.0,0.0,0.0,266
2023-05-10 09:48:52,MO2403-C-7800,MO2403-C-7800,55.6,0.0,0.0,0.0,1,58.2,59.6,6,55.6,59.8,0.0,0.0,0.0,0.0,266
2023-05-10 09:48:53,MO2403-C-7800,MO2403-C-7800,55.6,0.0,0.0,0.0,1,58.2,59.8,6,55.6,59.8,0.0,0.0,0.0,0.0,266
2023-05-10 09:48:54,MO2403-C-7800,MO2403-C-7800,55.6,0.0,0.0,0.0,1,58.2,59.8,7,55.6,59.8,0.0,0.0,0.0,0.0,266
2023-05-10 09:48:55,MO2403-C-7800,MO2403-C-7800,55.6,0.0,0.0,0.0,1,58.2,59.6,6,55.6,59.8,0.0,0.0,0.0,0.0,266
2023-05-10 09:48:56,MO2403-C-7800,MO2403-C-7800,55.6,0.0,0.0,0.0,1,58.2,59.8,6,55.6,59.8,0.0,0.0,0.0,0.0,266
2023-05-10 09:48:56,MO2403-C-7800,MO2403-C-7800,55.6,0.0,0.0,0.0,1,58.2,59.8,7,55.6,59.8,0.0,0.0,0.0,0.0,266
2023-05-10 09:48:57,MO2403-C-7800,MO2403-C-7800,55.6,0.0,0.0,0.0,1,58.2,59.6,6,55.6,59.8,0.0,0.0,0.0,0.0,266
2023-05-10 09:48:58,MO2403-C-7800,MO2403-C-7800,55.6,0.0,0.0,0.0,1,58.2,59.8,6,55.6,59.8,0.0,0.0,0.0,0.0,266
2023-05-10 09:48:58,MO2403-C-7800,MO2403-C-7800,55.6,0.0,0.0,0.0,1,58.2,59.8,7,55.6,59.8,0.0,0.0,0.0,0.0,266
2023-05-10 09:48:59,MO2403-C-7800,MO2403-C-7800,55.6,0.0,0.0,0.0,1,58.2,59.6,6,55.6,59.8,0.0,0.0,0.0,0.0,266
2023-05-10 09:49:00,MO2403-C-7800,MO2403-C-7800,55.6,0.0,0.0,0.0,1,58.2,59.8,6,55.6,59.8,0.0,0.0,0.0,0.0,266
2023-05-10 09:49:00,MO2403-C-7800,MO2403-C-7800,55.6,0.0,0.0,0.0,1,58.2,59.8,7,55.6,59.8,0.0,0.0,0.0,0.0,266
2023-05-10 09:49:01,MO2403-C-7800,MO2403-C-7800,55.6,0.0,0.0,0.0,1,58.2,59.6,6,55.6,59.8,0.0,0.0,0.0,0.0,266
2023-05-10 09:49:02,MO2403-C-7800,MO2403-C-7800,55.6,0.0,0.0,0.0,1,58.2,59.8,6,55.6,59.8,0.0,0.0,0.0,0.0,266
2023-05-10 09:49:05,MO2403-C-7800,MO2403-C-7800,55.6,0.0,0.0,0.0,1,58.2,59.8,7,55.6,59.8,0.0,0.0,0.0,0.0,266
2023-05-10 09:49:06,MO2403-C-7800,MO2403-C-7800,55.6,0.0,0.0,0.0,1,58.2,59.6,6,55.6,59.8,0.0,0.0,0.0,0.0,266
2023-05-10 09:49:07,MO2403-C-7800,MO2403-C-7800,55.6,0.0,0.0,0.0,1,58.2,59.8,6,55.6,59.8,0.0,0.0,0.0,0.0,266
2023-05-10 09:49:07,MO2403-C-7800,MO2403-C-7800,55.6,0.0,0.0,0.0,1,58.2,59.8,7,55.6,59.8,0.0,0.0,0.0,0.0,266
2023-05-10 09:49:08,MO2403-C-7800,MO2403-C-7800,55.6,0.0,0.0,0.0,1,58.2,59.6,6,55.6,59.8,0.0,0.0,0.0,0.0,266
2023-05-10 09:49:09,MO2403-C-7800,MO2403-C-7800,55.6,0.0,0.0,0.0,1,58.2,59.8,6,55.6,59.8,0.0,0.0,0.0,0.0,266
2023-05-10 09:49:09,MO2403-C-7800,MO2403-C-7800,55.6,0.0,0.0,0.0,1,58.2,59.8,7,55.6,59.8,0.0,0.0,0.0,0.0,266
2023-05-10 09:49:10,MO2403-C-7800,MO2403-C-7800,55.6,0.0,0.0,0.0,1,58.2,59.6,6,55.6,59.8,0.0,0.0,0.0,0.0,266
2023-05-10 09:49:11,MO2403-C-7800,MO2403-C-7800,55.6,0.0,0.0,0.0,1,58.2,59.8,6,55.6,59.8,0.0,0.0,0.0,0.0,266
2023-05-10 09:49:11,MO2403-C-7800,MO2403-C-7800,55.6,0.0,0.0,0.0,1,58.2,59.8,7,55.6,59.8,0.0,0.0,0.0,0.0,266
2023-05-10 09:49:12,MO2403-C-7800,MO2403-C-7800,55.6,0.0,0.0,0.0,1,58.2,59.6,6,55.6,59.8,0.0,0.0,0.0,0.0,266
2023-05-10 09:49:13,MO2403-C-7800,MO2403-C-7800,55.6,0.0,0.0,0.0,1,58.2,59.8,6,55.6,59.8,0.0,0.0,0.0,0.0,266
2023-05-10 09:49:15,MO2403-C-7800,MO2403-C-7800,55.6,0.0,0.0,0.0,1,58.2,59.8,7,55.6,59.8,0.0,0.0,0.0,0.0,266
2023-05-10 09:49:16,MO2403-C-7800,MO2403-C-7800,55.6,0.0,0.0,0.0,1,58.2,59.6,6,55.6,59.8,0.0,0.0,0.0,0.0,266
2023-05-10 09:49:17,MO2403-C-7800,MO2403-C-7800,55.6,0.0,0.0,0.0,1,58.2,59.8,6,55.6,59.8,0.0,0.0,0.0,0.0,266
2023-05-10 09:49:17,MO2403-C-7800,MO2403-C-7800,55.6,0.0,0.0,0.0,1,58.2,59.8,7,55.6,59.8,0.0,0.0,0.0,0.0,266
2023-05-10 09:49:18,MO2403-C-7800,MO2403-C-7800,55.6,0.0,0.0,0.0,1,58.2,59.6,6,55.6,59.8,0.0,0.0,0.0,0.0,266
2023-05-10 09:49:19,MO2403-C-7800,MO2403-C-7800,55.6,0.0,0.0,0.0,1,58.2,59.8,6,55.6,59.8,0.0,0.0,0.0,0.0,266
2023-05-10 09:49:19,MO2403-C-7800,MO2403-C-7800,55.6,0.0,0.0,0.0,1,58.2,59.6,1,55.6,59.8,0.0,0.0,0.0,0.0,266
2023-05-10 09:49:20,MO2403-C-7800,MO2403-C-7800,55.6,0.0,0.0,0.0,1,58.2,59.6,7,55.6,59.8,0.0,0.0,0.0,0.0,266
2023-05-10 09:49:20,MO2403-C-7800,MO2403-C-7800,55.6,0.0,0.0,0.0,1,58.2,59.6,6,55.6,59.8,0.0,0.0,0.0,0.0,266
2023-05-10 09:49:21,MO2403-C-7800,MO2403-C-7800,55.6,0.0,0.0,0.0,1,58.2,59.8,6,55.6,59.8,0.0,0.0,0.0,0.0,266
2023-05-10 09:49:21,MO2403-C-7800,MO2403-C-7800,55.6,0.0,0.0,0.0,1,58.2,59.8,7,55.6,59.8,0.0,0.0,0.0,0.0,266
2023-05-10 09:49:22,MO2403-C-7800,MO2403-C-7800,55.6,0.0,0.0,0.0,1,58.2,59.6,6,55.6,59.8,0.0,0.0,0.0,0.0,266
2023-05-10 09:49:23,MO2403-C-7800,MO2403-C-7800,55.6,0.0,0.0,0.0,1,58.2,59.8,6,55.6,59.8,0.0,0.0,0.0,0.0,266
2023-05-10 09:49:24,MO2403-C-7800,MO2403-C-7800,55.6,0.0,0.0,0.0,1,58.2,59.8,7,55.6,59.8,0.0,0.0,0.0,0.0,266
2023-05-10 09:49:24,MO2403-C-7800,MO2403-C-7800,55.6,0.0,0.0,0.0,1,58.2,59.6,6,55.6,59.8,0.0,0.0,0.0,0.0,266
2023-05-10 09:49:25,MO2403-C-7800,MO2403-C-7800,55.6,0.0,0.0,0.0,1,58.2,59.8,6,55.6,59.8,0.0,0.0,0.0,0.0,266
2023-05-10 09:49:26,MO2403-C-7800,MO2403-C-7800,55.6,0.0,0.0,0.0,1,58.2,59.8,7,55.6,59.8,0.0,0.0,0.0,0.0,266
2023-05-10 09:49:26,MO2403-C-7800,MO2403-C-7800,55.6,0.0,0.0,0.0,1,58.2,59.6,6,55.6,59.8,0.0,0.0,0.0,0.0,266
2023-05-10 09:49:27,MO2403-C-7800,MO2403-C-7800,55.6,0.0,0.0,0.0,1,58.2,59.8,6,55.6,59.8,0.0,0.0,0.0,0.0,266
2023-05-10 09:49:37,MO2403-C-7800,MO2403-C-7800,55.6,0.0,0.0,0.0,1,58.2,59.8,7,55.6,59.8,0.0,0.0,0.0,0.0,266
2023-05-10 09:49:37,MO2403-C-7800,MO2403-C-7800,55.6,0.0,0.0,0.0,1,58.2,59.6,6,55.6,59.8,0.0,0.0,0.0,0.0,266
2023-05-10 09:49:38,MO2403-C-7800,MO2403-C-7800,55.6,0.0,0.0,0.0,1,58.2,59.8,6,55.6,59.8,0.0,0.0,0.0,0.0,266
2023-05-10 09:49:39,MO2403-C-7800,MO2403-C-7800,55.6,0.0,0.0,0.0,1,58.2,59.8,7,55.6,59.8,0.0,0.0,0.0,0.0,266
2023-05-10 09:49:39,MO2403-C-7800,MO2403-C-7800,55.6,0.0,0.0,0.0,1,58.2,59.6,6,55.6,59.8,0.0,0.0,0.0,0.0,266
2023-05-10 09:49:40,MO2403-C-7800,MO2403-C-7800,55.6,0.0,0.0,0.0,1,58.2,59.8,6,55.6,59.8,0.0,0.0,0.0,0.0,266
2023-05-10 09:50:11,MO2403-C-7800,MO2403-C-7800,55.6,0.0,0.0,0.0,1,58.2,60.0,12,55.6,59.8,0.0,0.0,0.0,0.0,266
2023-05-10 09:50:12,MO2403-C-7800,MO2403-C-7800,55.6,0.0,0.0,0.0,1,58.2,60.0,13,55.6,59.8,0.0,0.0,0.0,0.0,266
2023-05-10 09:50:13,MO2403-C-7800,MO2403-C-7800,55.6,0.0,0.0,0.0,1,58.2,60.0,12,55.6,59.8,0.0,0.0,0.0,0.0,266
2023-05-10 09:50:16,MO2403-C-7800,MO2403-C-7800,55.6,0.0,0.0,0.0,1,58.2,59.8,1,55.6,59.8,0.0,0.0,0.0,0.0,266
2023-05-10 09:50:17,MO2403-C-7800,MO2403-C-7800,55.6,0.0,0.0,0.0,1,58.2,59.8,6,55.6,59.8,0.0,0.0,0.0,0.0,266
2023-05-10 09:50:17,MO2403-C-7800,MO2403-C-7800,55.6,0.0,0.0,0.0,1,58.2,60.0,12,55.6,59.8,0.0,0.0,0.0,0.0,266
2023-05-10 09:50:18,MO2403-C-7800,MO2403-C-7800,55.6,0.0,0.0,0.0,1,58.2,59.8,6,55.6,59.8,0.0,0.0,0.0,0.0,266
2023-05-10 09:50:30,MO2403-C-7800,MO2403-C-7800,55.6,0.0,0.0,0.0,3,58.2,59.8,6,55.6,59.8,0.0,0.0,0.0,0.0,266
2023-05-10 09:50:33,MO2403-C-7800,MO2403-C-7800,55.6,0.0,0.0,0.0,1,59.0,59.8,6,55.6,59.8,0.0,0.0,0.0,0.0,266
2023-05-10 09:50:34,MO2403-C-7800,MO2403-C-7800,55.6,0.0,0.0,0.0,1,59.0,60.0,12,55.6,59.8,0.0,0.0,0.0,0.0,266
2023-05-10 09:50:48,MO2403-C-7800,MO2403-C-7800,55.6,0.0,0.0,0.0,3,59.0,60.0,6,55.6,59.8,0.0,0.0,0.0,0.0,266
2023-05-10 09:50:48,MO2403-C-7800,MO2403-C-7800,55.6,0.0,0.0,0.0,3,59.0,60.2,6,55.6,59.8,0.0,0.0,0.0,0.0,266
2023-05-10 09:50:49,MO2403-C-7800,MO2403-C-7800,55.6,0.0,0.0,0.0,3,59.0,60.4,6,55.6,59.8,0.0,0.0,0.0,0.0,266
2023-05-10 09:50:53,MO2403-C-7800,MO2403-C-7800,55.6,0.0,0.0,0.0,3,59.0,60.4,8,55.6,59.8,0.0,0.0,0.0,0.0,266
2023-05-10 09:50:54,MO2403-C-7800,MO2403-C-7800,55.6,0.0,0.0,0.0,3,59.0,60.2,6,55.6,59.8,0.0,0.0,0.0,0.0,266
2023-05-10 09:50:56,MO2403-C-7800,MO2403-C-7800,55.6,0.0,0.0,0.0,3,59.0,60.4,6,55.6,59.8,0.0,0.0,0.0,0.0,266
2023-05-10 09:50:57,MO2403-C-7800,MO2403-C-7800,55.6,0.0,0.0,0.0,3,59.0,60.4,7,55.6,59.8,0.0,0.0,0.0,0.0,266
2023-05-10 09:50:59,MO2403-C-7800,MO2403-C-7800,55.6,0.0,0.0,0.0,3,59.0,60.4,6,55.6,59.8,0.0,0.0,0.0,0.0,266
2023-05-10 09:51:00,MO2403-C-7800,MO2403-C-7800,55.6,0.0,0.0,0.0,3,59.0,60.4,7,55.6,59.8,0.0,0.0,0.0,0.0,266
2023-05-10 09:51:01,MO2403-C-7800,MO2403-C-7800,55.6,0.0,0.0,0.0,3,59.0,60.2,6,55.6,59.8,0.0,0.0,0.0,0.0,266
2023-05-10 09:51:01,MO2403-C-7800,MO2403-C-7800,55.6,0.0,0.0,0.0,3,59.0,60.2,7,55.6,59.8,0.0,0.0,0.0,0.0,266
2023-05-10 09:51:02,MO2403-C-7800,MO2403-C-7800,55.6,0.0,0.0,0.0,3,59.0,60.0,6,55.6,59.8,0.0,0.0,0.0,0.0,266
2023-05-10 09:51:03,MO2403-C-7800,MO2403-C-7800,55.6,0.0,0.0,0.0,3,59.0,60.2,6,55.6,59.8,0.0,0.0,0.0,0.0,266
2023-05-10 09:51:04,MO2403-C-7800,MO2403-C-7800,55.6,0.0,0.0,0.0,3,59.0,60.4,6,55.6,59.8,0.0,0.0,0.0,0.0,266
2023-05-10 09:51:05,MO2403-C-7800,MO2403-C-7800,55.6,0.0,0.0,0.0,3,59.0,60.4,7,55.6,59.8,0.0,0.0,0.0,0.0,266
2023-05-10 09:51:05,MO2403-C-7800,MO2403-C-7800,55.6,0.0,0.0,0.0,3,59.0,60.2,6,55.6,59.8,0.0,0.0,0.0,0.0,266
2023-05-10 09:51:06,MO2403-C-7800,MO2403-C-7800,55.6,0.0,0.0,0.0,3,59.0,60.2,7,55.6,59.8,0.0,0.0,0.0,0.0,266
2023-05-10 09:51:06,MO2403-C-7800,MO2403-C-7800,55.6,0.0,0.0,0.0,3,59.0,60.2,9,55.6,59.8,0.0,0.0,0.0,0.0,266
2023-05-10 09:51:07,MO2403-C-7800,MO2403-C-7800,55.6,0.0,0.0,0.0,3,59.0,60.2,3,55.6,59.8,0.0,0.0,0.0,0.0,266
2023-05-10 09:51:07,MO2403-C-7800,MO2403-C-7800,55.6,0.0,0.0,0.0,3,59.0,60.0,6,55.6,59.8,0.0,0.0,0.0,0.0,266
2023-05-10 09:51:12,MO2403-C-7800,MO2403-C-7800,55.6,0.0,0.0,0.0,9,59.0,60.0,6,55.6,59.8,0.0,0.0,0.0,0.0,266
2023-05-10 09:51:15,MO2403-C-7800,MO2403-C-7800,55.6,0.0,0.0,0.0,9,59.0,60.0,8,55.6,59.8,0.0,0.0,0.0,0.0,266
2023-05-10 09:51:15,MO2403-C-7800,MO2403-C-7800,55.6,0.0,0.0,0.0,9,59.0,59.8,6,55.6,59.8,0.0,0.0,0.0,0.0,266
2023-05-10 09:51:16,MO2403-C-7800,MO2403-C-7800,59.8,3.0,17940.0,3.0,9,59.0,60.2,12,55.6,59.8,59.8,59.8,3.0,17940.0,269
2023-05-10 09:51:16,MO2403-C-7800,MO2403-C-7800,59.8,0.0,0.0,0.0,9,59.0,60.2,13,55.6,59.8,59.8,59.8,3.0,17940.0,269
2023-05-10 09:51:17,MO2403-C-7800,MO2403-C-7800,59.8,0.0,0.0,0.0,9,59.0,60.2,15,55.6,59.8,59.8,59.8,3.0,17940.0,269
2023-05-10 09:51:46,MO2403-C-7800,MO2403-C-7800,59.8,0.0,0.0,0.0,9,59.0,60.2,14,55.6,59.8,59.8,59.8,3.0,17940.0,269
2023-05-10 09:51:47,MO2403-C-7800,MO2403-C-7800,59.8,0.0,0.0,0.0,9,59.0,60.2,15,55.6,59.8,59.8,59.8,3.0,17940.0,269
2023-05-10 09:51:57,MO2403-C-7800,MO2403-C-7800,59.8,0.0,0.0,0.0,9,59.0,60.2,14,55.6,59.8,59.8,59.8,3.0,17940.0,269
2023-05-10 09:52:00,MO2403-C-7800,MO2403-C-7800,59.8,0.0,0.0,0.0,8,59.0,60.2,14,55.6,59.8,59.8,59.8,3.0,17940.0,269
2023-05-10 09:52:11,MO2403-C-7800,MO2403-C-7800,59.8,0.0,0.0,0.0,2,59.0,60.2,14,55.6,59.8,59.8,59.8,3.0,17940.0,269
2023-05-10 09:52:11,MO2403-C-7800,MO2403-C-7800,59.8,0.0,0.0,0.0,2,59.0,60.2,15,55.6,59.8,59.8,59.8,3.0,17940.0,269
2023-05-10 09:52:12,MO2403-C-7800,MO2403-C-7800,59.8,0.0,0.0,0.0,2,58.8,60.2,14,55.6,59.8,59.8,59.8,3.0,17940.0,269
2023-05-10 09:52:12,MO2403-C-7800,MO2403-C-7800,59.8,0.0,0.0,0.0,2,58.8,60.2,8,55.6,59.8,59.8,59.8,3.0,17940.0,269
2023-05-10 09:52:15,MO2403-C-7800,MO2403-C-7800,59.8,0.0,0.0,0.0,2,58.8,60.2,9,55.6,59.8,59.8,59.8,3.0,17940.0,269
2023-05-10 09:52:16,MO2403-C-7800,MO2403-C-7800,59.8,0.0,0.0,0.0,2,58.8,60.2,8,55.6,59.8,59.8,59.8,3.0,17940.0,269
2023-05-10 09:52:20,MO2403-C-7800,MO2403-C-7800,59.8,0.0,0.0,0.0,2,58.8,60.2,9,55.6,59.8,59.8,59.8,3.0,17940.0,269
2023-05-10 09:52:22,MO2403-C-7800,MO2403-C-7800,59.8,0.0,0.0,0.0,2,58.6,60.2,9,55.6,59.8,59.8,59.8,3.0,17940.0,269
2023-05-10 09:52:24,MO2403-C-7800,MO2403-C-7800,59.8,0.0,0.0,0.0,2,58.6,60.2,8,55.6,59.8,59.8,59.8,3.0,17940.0,269
2023-05-10 09:52:39,MO2403-C-7800,MO2403-C-7800,59.8,0.0,0.0,0.0,2,58.6,60.2,9,55.6,59.8,59.8,59.8,3.0,17940.0,269
2023-05-10 09:52:41,MO2403-C-7800,MO2403-C-7800,59.8,0.0,0.0,0.0,2,58.6,60.2,8,55.6,59.8,59.8,59.8,3.0,17940.0,269
2023-05-10 09:53:07,MO2403-C-7800,MO2403-C-7800,59.8,0.0,0.0,0.0,2,58.6,60.0,6,55.6,59.8,59.8,59.8,3.0,17940.0,269
2023-05-10 09:53:07,MO2403-C-7800,MO2403-C-7800,59.8,0.0,0.0,0.0,2,58.6,60.2,8,55.6,59.8,59.8,59.8,3.0,17940.0,269
2023-05-10 09:53:15,MO2403-C-7800,MO2403-C-7800,59.8,0.0,0.0,0.0,2,58.6,60.2,6,55.6,59.8,59.8,59.8,3.0,17940.0,269
2023-05-10 09:53:15,MO2403-C-7800,MO2403-C-7800,59.8,0.0,0.0,0.0,2,58.6,60.2,2,55.6,59.8,59.8,59.8,3.0,17940.0,269
2023-05-10 09:53:16,MO2403-C-7800,MO2403-C-7800,59.8,0.0,0.0,0.0,2,58.6,60.2,8,55.6,59.8,59.8,59.8,3.0,17940.0,269
2023-05-10 09:53:16,MO2403-C-7800,MO2403-C-7800,59.8,0.0,0.0,0.0,2,58.6,60.2,6,55.6,59.8,59.8,59.8,3.0,17940.0,269
2023-05-10 09:53:17,MO2403-C-7800,MO2403-C-7800,59.8,0.0,0.0,0.0,2,58.6,60.4,12,55.6,59.8,59.8,59.8,3.0,17940.0,269
2023-05-10 09:53:17,MO2403-C-7800,MO2403-C-7800,59.8,0.0,0.0,0.0,2,58.6,60.4,15,55.6,59.8,59.8,59.8,3.0,17940.0,269
2023-05-10 09:53:19,MO2403-C-7800,MO2403-C-7800,59.8,0.0,0.0,0.0,2,58.6,60.2,6,55.6,59.8,59.8,59.8,3.0,17940.0,269
2023-05-10 09:53:21,MO2403-C-7800,MO2403-C-7800,59.8,0.0,0.0,0.0,2,58.6,60.2,8,55.6,59.8,59.8,59.8,3.0,17940.0,269
2023-05-10 09:54:33,MO2403-C-7800,MO2403-C-7800,59.8,0.0,0.0,0.0,2,58.6,60.2,6,55.6,59.8,59.8,59.8,3.0,17940.0,269
2023-05-10 09:54:33,MO2403-C-7800,MO2403-C-7800,59.8,0.0,0.0,0.0,2,58.6,60.2,2,55.6,59.8,59.8,59.8,3.0,17940.0,269
2023-05-10 09:54:34,MO2403-C-7800,MO2403-C-7800,59.8,0.0,0.0,0.0,2,58.6,60.2,8,55.6,59.8,59.8,59.8,3.0,17940.0,269
2023-05-10 09:55:14,MO2403-C-7800,MO2403-C-7800,59.8,0.0,0.0,0.0,2,58.6,60.2,6,55.6,59.8,59.8,59.8,3.0,17940.0,269
2023-05-10 09:55:14,MO2403-C-7800,MO2403-C-7800,59.8,0.0,0.0,0.0,2,58.6,60.2,2,55.6,59.8,59.8,59.8,3.0,17940.0,269
2023-05-10 09:55:15,MO2403-C-7800,MO2403-C-7800,59.8,0.0,0.0,0.0,2,58.6,60.2,6,55.6,59.8,59.8,59.8,3.0,17940.0,269
2023-05-10 09:55:15,MO2403-C-7800,MO2403-C-7800,59.8,0.0,0.0,0.0,2,58.6,60.4,12,55.6,59.8,59.8,59.8,3.0,17940.0,269
2023-05-10 09:55:16,MO2403-C-7800,MO2403-C-7800,59.8,0.0,0.0,0.0,2,58.6,60.4,14,55.6,59.8,59.8,59.8,3.0,17940.0,269
2023-05-10 09:55:31,MO2403-C-7800,MO2403-C-7800,59.8,0.0,0.0,0.0,9,58.4,60.4,14,55.6,59.8,59.8,59.8,3.0,17940.0,269
2023-05-10 09:55:32,MO2403-C-7800,MO2403-C-7800,59.8,0.0,0.0,0.0,9,58.4,60.2,6,55.6,59.8,59.8,59.8,3.0,17940.0,269
2023-05-10 09:55:33,MO2403-C-7800,MO2403-C-7800,59.8,0.0,0.0,0.0,9,58.4,60.2,8,55.6,59.8,59.8,59.8,3.0,17940.0,269
2023-05-10 09:56:02,MO2403-C-7800,MO2403-C-7800,59.8,0.0,0.0,0.0,1,58.4,60.2,8,55.6,59.8,59.8,59.8,3.0,17940.0,269
2023-05-10 09:56:03,MO2403-C-7800,MO2403-C-7800,59.8,0.0,0.0,0.0,3,58.4,60.2,8,55.6,59.8,59.8,59.8,3.0,17940.0,269
2023-05-10 09:56:03,MO2403-C-7800,MO2403-C-7800,59.8,0.0,0.0,0.0,3,58.4,60.0,6,55.6,59.8,59.8,59.8,3.0,17940.0,269
2023-05-10 09:56:09,MO2403-C-7800,MO2403-C-7800,59.8,0.0,0.0,0.0,3,58.4,60.0,8,55.6,59.8,59.8,59.8,3.0,17940.0,269
2023-05-10 09:56:59,MO2403-C-7800,MO2403-C-7800,59.8,0.0,0.0,0.0,1,58.4,60.0,8,55.6,59.8,59.8,59.8,3.0,17940.0,269
2023-05-10 09:57:01,MO2403-C-7800,MO2403-C-7800,59.8,0.0,0.0,0.0,3,58.4,60.0,8,55.6,59.8,59.8,59.8,3.0,17940.0,269
2023-05-10 09:57:01,MO2403-C-7800,MO2403-C-7800,59.8,0.0,0.0,0.0,3,58.4,59.8,6,55.6,59.8,59.8,59.8,3.0,17940.0,269
2023-05-10 09:57:03,MO2403-C-7800,MO2403-C-7800,59.8,0.0,0.0,0.0,3,58.4,59.8,8,55.6,59.8,59.8,59.8,3.0,17940.0,269
2023-05-10 09:57:06,MO2403-C-7800,MO2403-C-7800,59.8,0.0,0.0,0.0,1,58.4,59.8,8,55.6,59.8,59.8,59.8,3.0,17940.0,269
2023-05-10 09:57:12,MO2403-C-7800,MO2403-C-7800,59.8,0.0,0.0,0.0,3,58.4,59.8,2,55.6,59.8,59.8,59.8,3.0,17940.0,269
2023-05-10 09:57:13,MO2403-C-7800,MO2403-C-7800,59.8,0.0,0.0,0.0,1,58.4,59.8,8,55.6,59.8,59.8,59.8,3.0,17940.0,269
2023-05-10 09:57:13,MO2403-C-7800,MO2403-C-7800,59.8,0.0,0.0,0.0,1,58.4,60.0,6,55.6,59.8,59.8,59.8,3.0,17940.0,269
2023-05-10 09:57:14,MO2403-C-7800,MO2403-C-7800,59.8,0.0,0.0,0.0,1,58.4,60.2,12,55.6,59.8,59.8,59.8,3.0,17940.0,269
2023-05-10 09:57:14,MO2403-C-7800,MO2403-C-7800,59.8,0.0,0.0,0.0,1,58.4,60.2,14,55.6,59.8,59.8,59.8,3.0,17940.0,269
2023-05-10 09:57:28,MO2403-C-7800,MO2403-C-7800,59.8,0.0,0.0,0.0,1,58.4,60.0,6,55.6,59.8,59.8,59.8,3.0,17940.0,269
2023-05-10 09:57:29,MO2403-C-7800,MO2403-C-7800,59.8,0.0,0.0,0.0,1,58.4,60.2,14,55.6,59.8,59.8,59.8,3.0,17940.0,269
2023-05-10 09:57:48,MO2403-C-7800,MO2403-C-7800,59.8,0.0,0.0,0.0,1,58.4,60.0,6,55.6,59.8,59.8,59.8,3.0,17940.0,269
2023-05-10 09:57:54,MO2403-C-7800,MO2403-C-7800,59.8,0.0,0.0,0.0,1,58.4,60.0,8,55.6,59.8,59.8,59.8,3.0,17940.0,269
2023-05-10 09:57:54,MO2403-C-7800,MO2403-C-7800,59.8,0.0,0.0,0.0,1,58.4,59.8,6,55.6,59.8,59.8,59.8,3.0,17940.0,269
2023-05-10 09:57:57,MO2403-C-7800,MO2403-C-7800,59.8,0.0,0.0,0.0,3,58.4,59.8,8,55.6,59.8,59.8,59.8,3.0,17940.0,269
2023-05-10 09:58:00,MO2403-C-7800,MO2403-C-7800,59.8,0.0,0.0,0.0,3,58.4,59.8,6,55.6,59.8,59.8,59.8,3.0,17940.0,269
2023-05-10 09:58:00,MO2403-C-7800,MO2403-C-7800,59.8,0.0,0.0,0.0,3,58.4,60.0,6,55.6,59.8,59.8,59.8,3.0,17940.0,269
2023-05-10 09:58:02,MO2403-C-7800,MO2403-C-7800,59.8,0.0,0.0,0.0,1,58.4,60.0,6,55.6,59.8,59.8,59.8,3.0,17940.0,269
2023-05-10 09:58:02,MO2403-C-7800,MO2403-C-7800,59.8,0.0,0.0,0.0,1,58.4,60.2,12,55.6,59.8,59.8,59.8,3.0,17940.0,269
2023-05-10 09:58:03,MO2403-C-7800,MO2403-C-7800,59.8,0.0,0.0,0.0,1,58.4,60.2,14,55.6,59.8,59.8,59.8,3.0,17940.0,269
2023-05-10 09:58:04,MO2403-C-7800,MO2403-C-7800,59.8,0.0,0.0,0.0,1,58.4,60.0,6,55.6,59.8,59.8,59.8,3.0,17940.0,269
2023-05-10 09:58:06,MO2403-C-7800,MO2403-C-7800,59.8,0.0,0.0,0.0,1,58.4,60.0,8,55.6,59.8,59.8,59.8,3.0,17940.0,269
2023-05-10 09:58:15,MO2403-C-7800,MO2403-C-7800,59.8,0.0,0.0,0.0,1,58.4,60.0,6,55.6,59.8,59.8,59.8,3.0,17940.0,269
2023-05-10 09:58:16,MO2403-C-7800,MO2403-C-7800,59.8,0.0,0.0,0.0,3,58.4,60.0,8,55.6,59.8,59.8,59.8,3.0,17940.0,269
2023-05-10 09:58:17,MO2403-C-7800,MO2403-C-7800,59.8,0.0,0.0,0.0,3,58.4,60.0,6,55.6,59.8,59.8,59.8,3.0,17940.0,269
2023-05-10 09:58:33,MO2403-C-7800,MO2403-C-7800,59.8,0.0,0.0,0.0,1,58.4,60.0,8,55.6,59.8,59.8,59.8,3.0,17940.0,269
2023-05-10 09:58:36,MO2403-C-7800,MO2403-C-7800,59.8,0.0,0.0,0.0,1,58.4,60.0,6,55.6,59.8,59.8,59.8,3.0,17940.0,269
2023-05-10 09:58:36,MO2403-C-7800,MO2403-C-7800,59.8,0.0,0.0,0.0,3,58.4,60.2,12,55.6,59.8,59.8,59.8,3.0,17940.0,269
2023-05-10 09:58:37,MO2403-C-7800,MO2403-C-7800,59.8,0.0,0.0,0.0,3,58.4,60.0,6,55.6,59.8,59.8,59.8,3.0,17940.0,269
2023-05-10 09:58:52,MO2403-C-7800,MO2403-C-7800,59.8,0.0,0.0,0.0,1,58.4,60.0,6,55.6,59.8,59.8,59.8,3.0,17940.0,269
2023-05-10 09:58:53,MO2403-C-7800,MO2403-C-7800,59.8,0.0,0.0,0.0,1,58.4,60.2,12,55.6,59.8,59.8,59.8,3.0,17940.0,269
2023-05-10 09:59:00,MO2403-C-7800,MO2403-C-7800,59.8,0.0,0.0,0.0,1,58.4,60.0,6,55.6,59.8,59.8,59.8,3.0,17940.0,269
2023-05-10 10:00:19,MO2403-C-7800,MO2403-C-7800,59.8,0.0,0.0,0.0,1,58.4,60.0,8,55.6,59.8,59.8,59.8,3.0,17940.0,269
2023-05-10 10:00:20,MO2403-C-7800,MO2403-C-7800,59.8,0.0,0.0,0.0,1,58.4,60.0,6,55.6,59.8,59.8,59.8,3.0,17940.0,269
2023-05-10 10:00:26,MO2403-C-7800,MO2403-C-7800,59.8,0.0,0.0,0.0,1,58.4,60.0,8,55.6,59.8,59.8,59.8,3.0,17940.0,269
2023-05-10 10:00:26,MO2403-C-7800,MO2403-C-7800,59.8,0.0,0.0,0.0,1,58.4,60.0,6,55.6,59.8,59.8,59.8,3.0,17940.0,269
2023-05-10 10:00:30,MO2403-C-7800,MO2403-C-7800,59.8,0.0,0.0,0.0,1,58.4,60.0,8,55.6,59.8,59.8,59.8,3.0,17940.0,269
2023-05-10 10:00:31,MO2403-C-7800,MO2403-C-7800,59.8,0.0,0.0,0.0,1,58.4,60.0,6,55.6,59.8,59.8,59.8,3.0,17940.0,269
2023-05-10 10:00:39,MO2403-C-7800,MO2403-C-7800,59.8,0.0,0.0,0.0,3,58.4,60.0,6,55.6,59.8,59.8,59.8,3.0,17940.0,269
2023-05-10 10:00:40,MO2403-C-7800,MO2403-C-7800,59.8,0.0,0.0,0.0,1,58.4,60.0,6,55.6,59.8,59.8,59.8,3.0,17940.0,269
2023-05-10 10:00:41,MO2403-C-7800,MO2403-C-7800,59.8,0.0,0.0,0.0,1,58.4,60.2,14,55.6,59.8,59.8,59.8,3.0,17940.0,269
2023-05-10 10:00:42,MO2403-C-7800,MO2403-C-7800,59.8,0.0,0.0,0.0,1,58.4,60.2,12,55.6,59.8,59.8,59.8,3.0,17940.0,269
2023-05-10 10:00:45,MO2403-C-7800,MO2403-C-7800,59.8,0.0,0.0,0.0,1,58.4,60.2,14,55.6,59.8,59.8,59.8,3.0,17940.0,269
2023-05-10 10:00:47,MO2403-C-7800,MO2403-C-7800,59.8,0.0,0.0,0.0,1,58.4,60.2,12,55.6,59.8,59.8,59.8,3.0,17940.0,269
2023-05-10 10:00:56,MO2403-C-7800,MO2403-C-7800,59.8,0.0,0.0,0.0,1,58.4,60.0,6,55.6,59.8,59.8,59.8,3.0,17940.0,269
2023-05-10 10:01:47,MO2403-C-7800,MO2403-C-7800,59.8,0.0,0.0,0.0,1,58.4,60.0,8,55.6,59.8,59.8,59.8,3.0,17940.0,269
2023-05-10 10:01:48,MO2403-C-7800,MO2403-C-7800,59.8,0.0,0.0,0.0,1,58.4,60.0,14,55.6,59.8,59.8,59.8,3.0,17940.0,269
2023-05-10 10:01:48,MO2403-C-7800,MO2403-C-7800,59.8,0.0,0.0,0.0,1,58.4,60.0,20,55.6,59.8,59.8,59.8,3.0,17940.0,269
2023-05-10 10:01:53,MO2403-C-7800,MO2403-C-7800,59.8,0.0,0.0,0.0,1,58.4,60.0,18,55.6,59.8,59.8,59.8,3.0,17940.0,269
2023-05-10 10:01:54,MO2403-C-7800,MO2403-C-7800,59.8,0.0,0.0,0.0,3,58.4,60.0,18,55.6,59.8,59.8,59.8,3.0,17940.0,269
2023-05-10 10:01:55,MO2403-C-7800,MO2403-C-7800,59.8,0.0,0.0,0.0,1,58.4,60.0,18,55.6,59.8,59.8,59.8,3.0,17940.0,269
2023-05-10 10:02:16,MO2403-C-7800,MO2403-C-7800,59.8,0.0,0.0,0.0,1,58.4,60.0,20,55.6,59.8,59.8,59.8,3.0,17940.0,269
2023-05-10 10:02:18,MO2403-C-7800,MO2403-C-7800,59.8,0.0,0.0,0.0,1,58.4,60.0,18,55.6,59.8,59.8,59.8,3.0,17940.0,269
2023-05-10 10:02:19,MO2403-C-7800,MO2403-C-7800,59.8,0.0,0.0,0.0,1,58.4,60.0,20,55.6,59.8,59.8,59.8,3.0,17940.0,269
2023-05-10 10:02:24,MO2403-C-7800,MO2403-C-7800,59.8,0.0,0.0,0.0,1,58.4,60.0,18,55.6,59.8,59.8,59.8,3.0,17940.0,269
2023-05-10 10:02:45,MO2403-C-7800,MO2403-C-7800,59.8,0.0,0.0,0.0,1,58.4,60.0,20,55.6,59.8,59.8,59.8,3.0,17940.0,269
2023-05-10 10:02:46,MO2403-C-7800,MO2403-C-7800,59.8,0.0,0.0,0.0,1,58.4,60.0,18,55.6,59.8,59.8,59.8,3.0,17940.0,269
2023-05-10 10:02:47,MO2403-C-7800,MO2403-C-7800,59.8,0.0,0.0,0.0,1,58.4,60.0,20,55.6,59.8,59.8,59.8,3.0,17940.0,269
2023-05-10 10:02:49,MO2403-C-7800,MO2403-C-7800,59.8,0.0,0.0,0.0,1,58.4,59.8,6,55.6,59.8,59.8,59.8,3.0,17940.0,269
2023-05-10 10:02:50,MO2403-C-7800,MO2403-C-7800,59.8,0.0,0.0,0.0,1,58.4,59.8,2,55.6,59.8,59.8,59.8,3.0,17940.0,269
2023-05-10 10:02:51,MO2403-C-7800,MO2403-C-7800,59.8,0.0,0.0,0.0,1,58.4,59.8,8,55.6,59.8,59.8,59.8,3.0,17940.0,269
2023-05-10 10:02:51,MO2403-C-7800,MO2403-C-7800,59.8,0.0,0.0,0.0,1,58.4,59.8,6,55.6,59.8,59.8,59.8,3.0,17940.0,269
2023-05-10 10:02:52,MO2403-C-7800,MO2403-C-7800,59.8,0.0,0.0,0.0,1,58.4,60.0,18,55.6,59.8,59.8,59.8,3.0,17940.0,269
2023-05-10 10:02:52,MO2403-C-7800,MO2403-C-7800,59.8,0.0,0.0,0.0,1,58.4,60.0,20,55.6,59.8,59.8,59.8,3.0,17940.0,269
2023-05-10 10:03:15,MO2403-C-7800,MO2403-C-7800,59.8,0.0,0.0,0.0,6,58.0,60.0,20,55.6,59.8,59.8,59.8,3.0,17940.0,269
2023-05-10 10:03:16,MO2403-C-7800,MO2403-C-7800,59.8,0.0,0.0,0.0,14,57.8,59.8,6,55.6,59.8,59.8,59.8,3.0,17940.0,269
2023-05-10 10:03:16,MO2403-C-7800,MO2403-C-7800,59.8,0.0,0.0,0.0,8,57.8,59.8,6,55.6,59.8,59.8,59.8,3.0,17940.0,269
2023-05-10 10:03:17,MO2403-C-7800,MO2403-C-7800,59.8,0.0,0.0,0.0,8,57.8,59.8,8,55.6,59.8,59.8,59.8,3.0,17940.0,269
2023-05-10 10:03:18,MO2403-C-7800,MO2403-C-7800,59.8,0.0,0.0,0.0,8,57.8,59.6,6,55.6,59.8,59.8,59.8,3.0,17940.0,269
2023-05-10 10:03:20,MO2403-C-7800,MO2403-C-7800,59.8,0.0,0.0,0.0,8,57.8,59.8,8,55.6,59.8,59.8,59.8,3.0,17940.0,269
2023-05-10 10:03:21,MO2403-C-7800,MO2403-C-7800,59.8,0.0,0.0,0.0,8,57.8,59.6,6,55.6,59.8,59.8,59.8,3.0,17940.0,269
2023-05-10 10:03:25,MO2403-C-7800,MO2403-C-7800,59.8,0.0,0.0,0.0,2,57.8,59.6,6,55.6,59.8,59.8,59.8,3.0,17940.0,269
2023-05-10 10:03:26,MO2403-C-7800,MO2403-C-7800,59.8,0.0,0.0,0.0,2,57.8,59.6,8,55.6,59.8,59.8,59.8,3.0,17940.0,269
2023-05-10 10:03:26,MO2403-C-7800,MO2403-C-7800,59.8,0.0,0.0,0.0,2,57.8,59.4,6,55.6,59.8,59.8,59.8,3.0,17940.0,269
2023-05-10 10:03:27,MO2403-C-7800,MO2403-C-7800,59.8,0.0,0.0,0.0,2,57.8,59.6,6,55.6,59.8,59.8,59.8,3.0,17940.0,269
2023-05-10 10:03:31,MO2403-C-7800,MO2403-C-7800,59.8,0.0,0.0,0.0,2,57.6,59.6,6,55.6,59.8,59.8,59.8,3.0,17940.0,269
2023-05-10 10:04:01,MO2403-C-7800,MO2403-C-7800,59.8,0.0,0.0,0.0,3,57.4,59.6,6,55.6,59.8,59.8,59.8,3.0,17940.0,269
2023-05-10 10:04:02,MO2403-C-7800,MO2403-C-7800,59.8,0.0,0.0,0.0,3,57.4,59.6,8,55.6,59.8,59.8,59.8,3.0,17940.0,269
2023-05-10 10:04:02,MO2403-C-7800,MO2403-C-7800,59.8,0.0,0.0,0.0,3,57.4,59.4,6,55.6,59.8,59.8,59.8,3.0,17940.0,269
2023-05-10 10:04:03,MO2403-C-7800,MO2403-C-7800,59.8,0.0,0.0,0.0,3,57.4,59.4,8,55.6,59.8,59.8,59.8,3.0,17940.0,269
2023-05-10 10:04:03,MO2403-C-7800,MO2403-C-7800,59.8,0.0,0.0,0.0,3,57.4,59.2,6,55.6,59.8,59.8,59.8,3.0,17940.0,269
2023-05-10 10:04:04,MO2403-C-7800,MO2403-C-7800,59.8,0.0,0.0,0.0,3,57.4,59.6,6,55.6,59.8,59.8,59.8,3.0,17940.0,269
2023-05-10 10:04:04,MO2403-C-7800,MO2403-C-7800,59.8,0.0,0.0,0.0,3,57.4,59.6,8,55.6,59.8,59.8,59.8,3.0,17940.0,269
2023-05-10 10:04:05,MO2403-C-7800,MO2403-C-7800,59.8,0.0,0.0,0.0,3,57.4,59.4,6,55.6,59.8,59.8,59.8,3.0,17940.0,269
2023-05-10 10:04:10,MO2403-C-7800,MO2403-C-7800,59.8,0.0,0.0,0.0,3,57.4,59.6,6,55.6,59.8,59.8,59.8,3.0,17940.0,269
2023-05-10 10:05:06,MO2403-C-7800,MO2403-C-7800,59.8,0.0,0.0,0.0,1,58.2,59.6,6,55.6,59.8,59.8,59.8,3.0,17940.0,269
2023-05-10 10:06:15,MO2403-C-7800,MO2403-C-7800,59.8,0.0,0.0,0.0,1,58.2,59.8,12,55.6,59.8,59.8,59.8,3.0,17940.0,269
2023-05-10 10:06:28,MO2403-C-7800,MO2403-C-7800,59.8,0.0,0.0,0.0,1,58.2,59.6,6,55.6,59.8,59.8,59.8,3.0,17940.0,269
2023-05-10 10:06:30,MO2403-C-7800,MO2403-C-7800,59.8,0.0,0.0,0.0,1,58.2,59.8,12,55.6,59.8,59.8,59.8,3.0,17940.0,269
2023-05-10 10:06:33,MO2403-C-7800,MO2403-C-7800,59.8,0.0,0.0,0.0,1,58.2,59.6,6,55.6,59.8,59.8,59.8,3.0,17940.0,269
2023-05-10 10:07:43,MO2403-C-7800,MO2403-C-7800,59.8,0.0,0.0,0.0,1,58.2,59.8,12,55.6,59.8,59.8,59.8,3.0,17940.0,269
2023-05-10 10:08:01,MO2403-C-7800,MO2403-C-7800,59.8,0.0,0.0,0.0,1,58.2,59.8,6,55.6,59.8,59.8,59.8,3.0,17940.0,269
2023-05-10 10:08:05,MO2403-C-7800,MO2403-C-7800,59.8,0.0,0.0,0.0,1,58.2,59.8,12,55.6,59.8,59.8,59.8,3.0,17940.0,269
2023-05-10 10:08:11,MO2403-C-7800,MO2403-C-7800,59.8,0.0,0.0,0.0,1,58.2,59.8,6,55.6,59.8,59.8,59.8,3.0,17940.0,269
2023-05-10 10:08:22,MO2403-C-7800,MO2403-C-7800,59.8,0.0,0.0,0.0,1,58.2,59.8,12,55.6,59.8,59.8,59.8,3.0,17940.0,269
2023-05-10 10:08:27,MO2403-C-7800,MO2403-C-7800,59.8,0.0,0.0,0.0,1,58.2,59.8,6,55.6,59.8,59.8,59.8,3.0,17940.0,269
2023-05-10 10:08:50,MO2403-C-7800,MO2403-C-7800,59.8,0.0,0.0,0.0,1,58.2,59.8,12,55.6,59.8,59.8,59.8,3.0,17940.0,269
2023-05-10 10:08:57,MO2403-C-7800,MO2403-C-7800,59.8,0.0,0.0,0.0,1,58.2,59.6,6,55.6,59.8,59.8,59.8,3.0,17940.0,269
2023-05-10 10:09:01,MO2403-C-7800,MO2403-C-7800,59.8,0.0,0.0,0.0,1,58.2,59.8,12,55.6,59.8,59.8,59.8,3.0,17940.0,269
2023-05-10 10:09:04,MO2403-C-7800,MO2403-C-7800,59.8,0.0,0.0,0.0,1,58.2,59.6,6,55.6,59.8,59.8,59.8,3.0,17940.0,269
2023-05-10 10:09:47,MO2403-C-7800,MO2403-C-7800,59.8,0.0,0.0,0.0,1,58.2,59.8,12,55.6,59.8,59.8,59.8,3.0,17940.0,269
2023-05-10 10:09:56,MO2403-C-7800,MO2403-C-7800,59.8,0.0,0.0,0.0,1,58.2,59.6,6,55.6,59.8,59.8,59.8,3.0,17940.0,269
2023-05-10 10:10:33,MO2403-C-7800,MO2403-C-7800,59.8,0.0,0.0,0.0,1,58.2,59.8,12,55.6,59.8,59.8,59.8,3.0,17940.0,269
2023-05-10 10:10:54,MO2403-C-7800,MO2403-C-7800,59.8,0.0,0.0,0.0,1,58.2,59.8,6,55.6,59.8,59.8,59.8,3.0,17940.0,269
2023-05-10 10:11:05,MO2403-C-7800,MO2403-C-7800,59.8,0.0,0.0,0.0,1,58.2,59.6,6,55.6,59.8,59.8,59.8,3.0,17940.0,269
2023-05-10 10:12:03,MO2403-C-7800,MO2403-C-7800,59.8,0.0,0.0,0.0,1,58.2,59.8,12,55.6,59.8,59.8,59.8,3.0,17940.0,269
2023-05-10 10:12:05,MO2403-C-7800,MO2403-C-7800,59.8,0.0,0.0,0.0,1,58.2,59.6,6,55.6,59.8,59.8,59.8,3.0,17940.0,269
2023-05-10 10:12:40,MO2403-C-7800,MO2403-C-7800,59.8,0.0,0.0,0.0,1,58.2,59.6,12,55.6,59.8,59.8,59.8,3.0,17940.0,269
2023-05-10 10:12:40,MO2403-C-7800,MO2403-C-7800,59.8,0.0,0.0,0.0,1,58.2,59.4,6,55.6,59.8,59.8,59.8,3.0,17940.0,269
2023-05-10 10:13:55,MO2403-C-7800,MO2403-C-7800,59.8,0.0,0.0,0.0,1,58.2,59.4,8,55.6,59.8,59.8,59.8,3.0,17940.0,269
2023-05-10 10:13:55,MO2403-C-7800,MO2403-C-7800,59.8,0.0,0.0,0.0,1,58.2,59.2,6,55.6,59.8,59.8,59.8,3.0,17940.0,269
2023-05-10 10:14:04,MO2403-C-7800,MO2403-C-7800,59.8,0.0,0.0,0.0,1,58.2,59.4,8,55.6,59.8,59.8,59.8,3.0,17940.0,269
2023-05-10 10:14:07,MO2403-C-7800,MO2403-C-7800,59.8,0.0,0.0,0.0,9,57.2,59.4,8,55.6,59.8,59.8,59.8,3.0,17940.0,269
2023-05-10 10:14:07,MO2403-C-7800,MO2403-C-7800,59.8,0.0,0.0,0.0,9,57.2,59.2,6,55.6,59.8,59.8,59.8,3.0,17940.0,269
2023-05-10 10:14:12,MO2403-C-7800,MO2403-C-7800,59.8,0.0,0.0,0.0,9,57.2,59.4,8,55.6,59.8,59.8,59.8,3.0,17940.0,269
2023-05-10 10:14:33,MO2403-C-7800,MO2403-C-7800,59.8,0.0,0.0,0.0,9,57.2,59.2,6,55.6,59.8,59.8,59.8,3.0,17940.0,269
2023-05-10 10:14:36,MO2403-C-7800,MO2403-C-7800,59.8,0.0,0.0,0.0,9,57.2,59.2,8,55.6,59.8,59.8,59.8,3.0,17940.0,269
2023-05-10 10:17:11,MO2403-C-7800,MO2403-C-7800,59.8,0.0,0.0,0.0,9,57.2,59.2,2,55.6,59.8,59.8,59.8,3.0,17940.0,269
2023-05-10 10:17:12,MO2403-C-7800,MO2403-C-7800,59.8,0.0,0.0,0.0,9,57.2,59.4,18,55.6,59.8,59.8,59.8,3.0,17940.0,269
2023-05-10 10:17:13,MO2403-C-7800,MO2403-C-7800,59.8,0.0,0.0,0.0,9,57.2,59.4,20,55.6,59.8,59.8,59.8,3.0,17940.0,269
2023-05-10 10:20:31,MO2403-C-7800,MO2403-C-7800,59.8,0.0,0.0,0.0,9,57.2,59.4,14,55.6,59.8,59.8,59.8,3.0,17940.0,269
2023-05-10 10:21:10,MO2403-C-7800,MO2403-C-7800,59.8,0.0,0.0,0.0,3,57.2,59.4,14,55.6,59.8,59.8,59.8,3.0,17940.0,269
2023-05-10 10:21:30,MO2403-C-7800,MO2403-C-7800,59.8,0.0,0.0,0.0,1,57.2,59.4,14,55.6,59.8,59.8,59.8,3.0,17940.0,269
2023-05-10 10:21:33,MO2403-C-7800,MO2403-C-7800,59.8,0.0,0.0,0.0,1,57.2,59.4,20,55.6,59.8,59.8,59.8,3.0,17940.0,269
2023-05-10 10:21:43,MO2403-C-7800,MO2403-C-7800,59.8,0.0,0.0,0.0,1,57.2,59.4,14,55.6,59.8,59.8,59.8,3.0,17940.0,269
2023-05-10 10:21:44,MO2403-C-7800,MO2403-C-7800,59.8,0.0,0.0,0.0,3,57.2,59.4,14,55.6,59.8,59.8,59.8,3.0,17940.0,269
2023-05-10 10:21:48,MO2403-C-7800,MO2403-C-7800,59.8,0.0,0.0,0.0,3,57.2,59.4,20,55.6,59.8,59.8,59.8,3.0,17940.0,269
2023-05-10 10:21:58,MO2403-C-7800,MO2403-C-7800,59.8,0.0,0.0,0.0,1,57.2,59.4,20,55.6,59.8,59.8,59.8,3.0,17940.0,269
2023-05-10 10:22:15,MO2403-C-7800,MO2403-C-7800,59.8,0.0,0.0,0.0,1,57.2,59.4,14,55.6,59.8,59.8,59.8,3.0,17940.0,269
2023-05-10 10:22:16,MO2403-C-7800,MO2403-C-7800,59.8,0.0,0.0,0.0,1,57.2,59.4,20,55.6,59.8,59.8,59.8,3.0,17940.0,269
2023-05-10 10:22:19,MO2403-C-7800,MO2403-C-7800,59.8,0.0,0.0,0.0,1,57.2,59.4,14,55.6,59.8,59.8,59.8,3.0,17940.0,269
2023-05-10 10:22:19,MO2403-C-7800,MO2403-C-7800,59.8,0.0,0.0,0.0,3,57.2,59.4,14,55.6,59.8,59.8,59.8,3.0,17940.0,269
2023-05-10 10:22:20,MO2403-C-7800,MO2403-C-7800,59.8,0.0,0.0,0.0,1,57.2,59.4,14,55.6,59.8,59.8,59.8,3.0,17940.0,269
2023-05-10 10:22:21,MO2403-C-7800,MO2403-C-7800,59.8,0.0,0.0,0.0,1,57.2,59.4,20,55.6,59.8,59.8,59.8,3.0,17940.0,269
2023-05-10 10:22:33,MO2403-C-7800,MO2403-C-7800,59.8,0.0,0.0,0.0,3,57.2,59.4,20,55.6,59.8,59.8,59.8,3.0,17940.0,269
2023-05-10 10:23:22,MO2403-C-7800,MO2403-C-7800,59.8,0.0,0.0,0.0,1,57.2,59.4,20,55.6,59.8,59.8,59.8,3.0,17940.0,269
2023-05-10 10:23:40,MO2403-C-7800,MO2403-C-7800,59.8,0.0,0.0,0.0,1,57.2,59.4,14,55.6,59.8,59.8,59.8,3.0,17940.0,269
2023-05-10 10:23:41,MO2403-C-7800,MO2403-C-7800,59.8,0.0,0.0,0.0,3,57.2,59.4,14,55.6,59.8,59.8,59.8,3.0,17940.0,269
2023-05-10 10:23:45,MO2403-C-7800,MO2403-C-7800,59.8,0.0,0.0,0.0,3,57.2,59.4,20,55.6,59.8,59.8,59.8,3.0,17940.0,269
2023-05-10 10:24:03,MO2403-C-7800,MO2403-C-7800,59.8,0.0,0.0,0.0,3,57.2,59.4,14,55.6,59.8,59.8,59.8,3.0,17940.0,269
2023-05-10 10:24:08,MO2403-C-7800,MO2403-C-7800,59.8,0.0,0.0,0.0,3,57.2,59.4,20,55.6,59.8,59.8,59.8,3.0,17940.0,269
2023-05-10 10:24:08,MO2403-C-7800,MO2403-C-7800,59.8,0.0,0.0,0.0,1,57.2,59.4,20,55.6,59.8,59.8,59.8,3.0,17940.0,269
2023-05-10 10:24:18,MO2403-C-7800,MO2403-C-7800,59.8,0.0,0.0,0.0,3,57.2,59.4,20,55.6,59.8,59.8,59.8,3.0,17940.0,269
2023-05-10 10:24:22,MO2403-C-7800,MO2403-C-7800,59.8,0.0,0.0,0.0,3,57.2,59.4,14,55.6,59.8,59.8,59.8,3.0,17940.0,269
2023-05-10 10:24:24,MO2403-C-7800,MO2403-C-7800,59.8,0.0,0.0,0.0,3,57.2,59.4,8,55.6,59.8,59.8,59.8,3.0,17940.0,269
2023-05-10 10:24:24,MO2403-C-7800,MO2403-C-7800,59.8,0.0,0.0,0.0,3,57.2,59.4,2,55.6,59.8,59.8,59.8,3.0,17940.0,269
2023-05-10 10:24:25,MO2403-C-7800,MO2403-C-7800,59.8,0.0,0.0,0.0,3,57.2,59.6,30,55.6,59.8,59.8,59.8,3.0,17940.0,269
2023-05-10 10:24:25,MO2403-C-7800,MO2403-C-7800,59.8,0.0,0.0,0.0,3,57.2,59.6,24,55.6,59.8,59.8,59.8,3.0,17940.0,269
2023-05-10 10:24:26,MO2403-C-7800,MO2403-C-7800,59.8,0.0,0.0,0.0,3,57.2,59.6,26,55.6,59.8,59.8,59.8,3.0,17940.0,269
2023-05-10 10:24:35,MO2403-C-7800,MO2403-C-7800,59.8,0.0,0.0,0.0,3,57.2,59.4,6,55.6,59.8,59.8,59.8,3.0,17940.0,269
2023-05-10 10:24:36,MO2403-C-7800,MO2403-C-7800,59.8,0.0,0.0,0.0,3,57.2,59.4,8,55.6,59.8,59.8,59.8,3.0,17940.0,269
2023-05-10 10:24:46,MO2403-C-7800,MO2403-C-7800,59.8,0.0,0.0,0.0,3,57.2,59.4,2,55.6,59.8,59.8,59.8,3.0,17940.0,269
2023-05-10 10:24:47,MO2403-C-7800,MO2403-C-7800,59.8,0.0,0.0,0.0,3,57.2,59.6,24,55.6,59.8,59.8,59.8,3.0,17940.0,269
2023-05-10 10:24:48,MO2403-C-7800,MO2403-C-7800,59.8,0.0,0.0,0.0,3,57.2,59.6,26,55.6,59.8,59.8,59.8,3.0,17940.0,269
2023-05-10 10:24:52,MO2403-C-7800,MO2403-C-7800,59.8,0.0,0.0,0.0,3,57.2,59.4,6,55.6,59.8,59.8,59.8,3.0,17940.0,269
2023-05-10 10:24:54,MO2403-C-7800,MO2403-C-7800,59.8,0.0,0.0,0.0,3,57.2,59.4,8,55.6,59.8,59.8,59.8,3.0,17940.0,269
2023-05-10 10:25:06,MO2403-C-7800,MO2403-C-7800,59.8,0.0,0.0,0.0,1,57.2,59.4,8,55.6,59.8,59.8,59.8,3.0,17940.0,269
2023-05-10 10:25:07,MO2403-C-7800,MO2403-C-7800,59.8,0.0,0.0,0.0,1,57.2,59.2,6,55.6,59.8,59.8,59.8,3.0,17940.0,269
2023-05-10 10:25:07,MO2403-C-7800,MO2403-C-7800,59.8,0.0,0.0,0.0,1,57.2,59.2,8,55.6,59.8,59.8,59.8,3.0,17940.0,269
2023-05-10 10:25:10,MO2403-C-7800,MO2403-C-7800,59.8,0.0,0.0,0.0,1,57.2,59.2,2,55.6,59.8,59.8,59.8,3.0,17940.0,269
2023-05-10 10:25:11,MO2403-C-7800,MO2403-C-7800,59.8,0.0,0.0,0.0,3,57.2,59.4,6,55.6,59.8,59.8,59.8,3.0,17940.0,269
2023-05-10 10:25:12,MO2403-C-7800,MO2403-C-7800,59.8,0.0,0.0,0.0,3,57.2,59.4,8,55.6,59.8,59.8,59.8,3.0,17940.0,269
2023-05-10 10:25:19,MO2403-C-7800,MO2403-C-7800,59.8,0.0,0.0,0.0,1,57.2,59.4,8,55.6,59.8,59.8,59.8,3.0,17940.0,269
2023-05-10 10:25:31,MO2403-C-7800,MO2403-C-7800,59.8,0.0,0.0,0.0,1,57.2,59.4,2,55.6,59.8,59.8,59.8,3.0,17940.0,269
2023-05-10 10:25:31,MO2403-C-7800,MO2403-C-7800,59.8,0.0,0.0,0.0,3,57.2,59.4,2,55.6,59.8,59.8,59.8,3.0,17940.0,269
2023-05-10 10:25:32,MO2403-C-7800,MO2403-C-7800,59.8,0.0,0.0,0.0,3,57.2,59.6,24,55.6,59.8,59.8,59.8,3.0,17940.0,269
2023-05-10 10:25:33,MO2403-C-7800,MO2403-C-7800,59.8,0.0,0.0,0.0,1,57.2,59.6,26,55.6,59.8,59.8,59.8,3.0,17940.0,269
2023-05-10 10:25:36,MO2403-C-7800,MO2403-C-7800,59.8,0.0,0.0,0.0,1,57.2,59.4,6,55.6,59.8,59.8,59.8,3.0,17940.0,269
2023-05-10 10:25:39,MO2403-C-7800,MO2403-C-7800,59.8,0.0,0.0,0.0,1,57.2,59.4,8,55.6,59.8,59.8,59.8,3.0,17940.0,269
2023-05-10 10:25:54,MO2403-C-7800,MO2403-C-7800,59.8,0.0,0.0,0.0,1,57.2,59.2,6,55.6,59.8,59.8,59.8,3.0,17940.0,269
2023-05-10 10:25:54,MO2403-C-7800,MO2403-C-7800,59.8,0.0,0.0,0.0,1,57.2,59.2,8,55.6,59.8,59.8,59.8,3.0,17940.0,269
2023-05-10 10:27:21,MO2403-C-7800,MO2403-C-7800,59.8,0.0,0.0,0.0,3,57.2,59.2,8,55.6,59.8,59.8,59.8,3.0,17940.0,269
2023-05-10 10:28:06,MO2403-C-7800,MO2403-C-7800,59.8,0.0,0.0,0.0,1,57.2,59.2,8,55.6,59.8,59.8,59.8,3.0,17940.0,269
2023-05-10 10:28:57,MO2403-C-7800,MO2403-C-7800,59.8,0.0,0.0,0.0,1,57.2,59.2,6,55.6,59.8,59.8,59.8,3.0,17940.0,269
2023-05-10 10:28:58,MO2403-C-7800,MO2403-C-7800,59.8,0.0,0.0,0.0,2,57.2,59.4,9,55.6,59.8,59.8,59.8,3.0,17940.0,269
2023-05-10 10:29:12,MO2403-C-7800,MO2403-C-7800,59.8,0.0,0.0,0.0,1,57.4,59.4,9,55.6,59.8,59.8,59.8,3.0,17940.0,269
2023-05-10 10:29:15,MO2403-C-7800,MO2403-C-7800,59.8,0.0,0.0,0.0,1,57.4,59.4,7,55.6,59.8,59.8,59.8,3.0,17940.0,269
2023-05-10 10:29:16,MO2403-C-7800,MO2403-C-7800,59.8,0.0,0.0,0.0,1,57.4,59.4,6,55.6,59.8,59.8,59.8,3.0,17940.0,269
2023-05-10 10:29:16,MO2403-C-7800,MO2403-C-7800,59.8,0.0,0.0,0.0,1,57.4,59.4,2,55.6,59.8,59.8,59.8,3.0,17940.0,269
2023-05-10 10:29:17,MO2403-C-7800,MO2403-C-7800,59.8,0.0,0.0,0.0,1,57.4,59.4,6,55.6,59.8,59.8,59.8,3.0,17940.0,269
2023-05-10 10:29:17,MO2403-C-7800,MO2403-C-7800,59.8,0.0,0.0,0.0,1,57.4,59.6,24,55.6,59.8,59.8,59.8,3.0,17940.0,269
2023-05-10 10:29:18,MO2403-C-7800,MO2403-C-7800,59.8,0.0,0.0,0.0,1,57.4,59.6,26,55.6,59.8,59.8,59.8,3.0,17940.0,269
2023-05-10 10:29:22,MO2403-C-7800,MO2403-C-7800,59.8,0.0,0.0,0.0,1,57.6,59.6,26,55.6,59.8,59.8,59.8,3.0,17940.0,269
2023-05-10 10:29:35,MO2403-C-7800,MO2403-C-7800,59.8,0.0,0.0,0.0,1,57.8,59.6,26,55.6,59.8,59.8,59.8,3.0,17940.0,269
2023-05-10 10:30:21,MO2403-C-7800,MO2403-C-7800,59.8,0.0,0.0,0.0,1,57.4,59.6,26,55.6,59.8,59.8,59.8,3.0,17940.0,269
2023-05-10 10:30:31,MO2403-C-7800,MO2403-C-7800,59.8,0.0,0.0,0.0,1,57.6,59.6,26,55.6,59.8,59.8,59.8,3.0,17940.0,269
2023-05-10 10:31:37,MO2403-C-7800,MO2403-C-7800,59.8,0.0,0.0,0.0,3,57.2,59.6,26,55.6,59.8,59.8,59.8,3.0,17940.0,269
2023-05-10 10:31:38,MO2403-C-7800,MO2403-C-7800,59.8,0.0,0.0,0.0,3,57.2,59.4,6,55.6,59.8,59.8,59.8,3.0,17940.0,269
2023-05-10 10:31:40,MO2403-C-7800,MO2403-C-7800,59.8,0.0,0.0,0.0,3,57.2,59.4,8,55.6,59.8,59.8,59.8,3.0,17940.0,269
2023-05-10 10:31:42,MO2403-C-7800,MO2403-C-7800,59.8,0.0,0.0,0.0,3,57.2,59.4,6,55.6,59.8,59.8,59.8,3.0,17940.0,269
2023-05-10 10:31:47,MO2403-C-7800,MO2403-C-7800,59.8,0.0,0.0,0.0,3,57.2,59.6,26,55.6,59.8,59.8,59.8,3.0,17940.0,269
2023-05-10 10:31:47,MO2403-C-7800,MO2403-C-7800,59.8,0.0,0.0,0.0,4,57.2,59.6,26,55.6,59.8,59.8,59.8,3.0,17940.0,269
2023-05-10 10:31:50,MO2403-C-7800,MO2403-C-7800,59.8,0.0,0.0,0.0,3,57.2,59.4,6,55.6,59.8,59.8,59.8,3.0,17940.0,269
2023-05-10 10:31:50,MO2403-C-7800,MO2403-C-7800,59.8,0.0,0.0,0.0,1,57.2,59.4,6,55.6,59.8,59.8,59.8,3.0,17940.0,269
2023-05-10 10:31:51,MO2403-C-7800,MO2403-C-7800,59.8,0.0,0.0,0.0,1,57.2,59.4,8,55.6,59.8,59.8,59.8,3.0,17940.0,269
2023-05-10 10:31:53,MO2403-C-7800,MO2403-C-7800,59.8,0.0,0.0,0.0,3,57.2,59.4,8,55.6,59.8,59.8,59.8,3.0,17940.0,269
2023-05-10 10:31:54,MO2403-C-7800,MO2403-C-7800,59.8,0.0,0.0,0.0,3,57.2,59.4,6,55.6,59.8,59.8,59.8,3.0,17940.0,269
2023-05-10 10:32:02,MO2403-C-7800,MO2403-C-7800,59.8,0.0,0.0,0.0,3,57.2,59.6,26,55.6,59.8,59.8,59.8,3.0,17940.0,269
2023-05-10 10:32:03,MO2403-C-7800,MO2403-C-7800,59.8,0.0,0.0,0.0,3,57.2,59.6,24,55.6,59.8,59.8,59.8,3.0,17940.0,269
2023-05-10 10:32:03,MO2403-C-7800,MO2403-C-7800,59.8,0.0,0.0,0.0,1,58.0,59.6,24,55.6,59.8,59.8,59.8,3.0,17940.0,269
2023-05-10 10:32:04,MO2403-C-7800,MO2403-C-7800,59.8,0.0,0.0,0.0,1,58.0,59.6,26,55.6,59.8,59.8,59.8,3.0,17940.0,269
2023-05-10 10:32:09,MO2403-C-7800,MO2403-C-7800,59.8,0.0,0.0,0.0,1,58.0,59.6,24,55.6,59.8,59.8,59.8,3.0,17940.0,269
2023-05-10 10:32:09,MO2403-C-7800,MO2403-C-7800,59.8,0.0,0.0,0.0,1,58.0,59.6,18,55.6,59.8,59.8,59.8,3.0,17940.0,269
2023-05-10 10:32:17,MO2403-C-7800,MO2403-C-7800,59.8,0.0,0.0,0.0,1,58.0,59.6,20,55.6,59.8,59.8,59.8,3.0,17940.0,269
2023-05-10 10:32:18,MO2403-C-7800,MO2403-C-7800,59.8,0.0,0.0,0.0,1,58.0,59.6,18,55.6,59.8,59.8,59.8,3.0,17940.0,269
2023-05-10 10:32:21,MO2403-C-7800,MO2403-C-7800,59.8,0.0,0.0,0.0,1,58.0,59.4,6,55.6,59.8,59.8,59.8,3.0,17940.0,269
2023-05-10 10:32:22,MO2403-C-7800,MO2403-C-7800,59.8,0.0,0.0,0.0,1,58.0,59.6,18,55.6,59.8,59.8,59.8,3.0,17940.0,269
2023-05-10 10:33:00,MO2403-C-7800,MO2403-C-7800,59.8,0.0,0.0,0.0,1,58.0,59.6,20,55.6,59.8,59.8,59.8,3.0,17940.0,269
2023-05-10 10:33:04,MO2403-C-7800,MO2403-C-7800,59.8,0.0,0.0,0.0,1,58.0,59.6,18,55.6,59.8,59.8,59.8,3.0,17940.0,269
2023-05-10 10:33:04,MO2403-C-7800,MO2403-C-7800,59.8,0.0,0.0,0.0,1,58.0,59.6,20,55.6,59.8,59.8,59.8,3.0,17940.0,269
2023-05-10 10:33:08,MO2403-C-7800,MO2403-C-7800,59.8,0.0,0.0,0.0,1,58.0,59.6,18,55.6,59.8,59.8,59.8,3.0,17940.0,269
2023-05-10 10:33:09,MO2403-C-7800,MO2403-C-7800,59.8,0.0,0.0,0.0,1,58.0,59.6,20,55.6,59.8,59.8,59.8,3.0,17940.0,269
2023-05-10 10:33:10,MO2403-C-7800,MO2403-C-7800,59.8,0.0,0.0,0.0,1,58.0,59.6,18,55.6,59.8,59.8,59.8,3.0,17940.0,269
2023-05-10 10:33:12,MO2403-C-7800,MO2403-C-7800,59.8,0.0,0.0,0.0,1,58.0,59.6,20,55.6,59.8,59.8,59.8,3.0,17940.0,269
2023-05-10 10:33:13,MO2403-C-7800,MO2403-C-7800,59.8,0.0,0.0,0.0,1,58.0,59.6,18,55.6,59.8,59.8,59.8,3.0,17940.0,269
2023-05-10 10:33:32,MO2403-C-7800,MO2403-C-7800,59.8,0.0,0.0,0.0,1,58.0,59.4,6,55.6,59.8,59.8,59.8,3.0,17940.0,269
2023-05-10 10:33:39,MO2403-C-7800,MO2403-C-7800,59.8,0.0,0.0,0.0,1,58.0,59.6,18,55.6,59.8,59.8,59.8,3.0,17940.0,269
2023-05-10 10:33:47,MO2403-C-7800,MO2403-C-7800,59.8,0.0,0.0,0.0,1,58.0,59.6,20,55.6,59.8,59.8,59.8,3.0,17940.0,269
2023-05-10 10:33:47,MO2403-C-7800,MO2403-C-7800,59.8,0.0,0.0,0.0,1,58.0,59.6,18,55.6,59.8,59.8,59.8,3.0,17940.0,269
2023-05-10 10:33:55,MO2403-C-7800,MO2403-C-7800,59.8,0.0,0.0,0.0,1,58.0,59.6,20,55.6,59.8,59.8,59.8,3.0,17940.0,269
2023-05-10 10:33:57,MO2403-C-7800,MO2403-C-7800,59.8,0.0,0.0,0.0,1,58.0,59.6,18,55.6,59.8,59.8,59.8,3.0,17940.0,269
2023-05-10 10:33:58,MO2403-C-7800,MO2403-C-7800,59.8,0.0,0.0,0.0,1,58.0,59.6,20,55.6,59.8,59.8,59.8,3.0,17940.0,269
2023-05-10 10:33:58,MO2403-C-7800,MO2403-C-7800,59.8,0.0,0.0,0.0,1,58.0,59.4,6,55.6,59.8,59.8,59.8,3.0,17940.0,269
2023-05-10 10:33:59,MO2403-C-7800,MO2403-C-7800,59.8,0.0,0.0,0.0,1,58.0,59.6,18,55.6,59.8,59.8,59.8,3.0,17940.0,269
2023-05-10 10:33:59,MO2403-C-7800,MO2403-C-7800,59.8,0.0,0.0,0.0,1,58.0,59.6,20,55.6,59.8,59.8,59.8,3.0,17940.0,269
2023-05-10 10:34:00,MO2403-C-7800,MO2403-C-7800,59.8,0.0,0.0,0.0,1,58.0,59.4,6,55.6,59.8,59.8,59.8,3.0,17940.0,269
2023-05-10 10:34:11,MO2403-C-7800,MO2403-C-7800,59.8,0.0,0.0,0.0,1,58.0,59.4,8,55.6,59.8,59.8,59.8,3.0,17940.0,269
2023-05-10 10:34:11,MO2403-C-7800,MO2403-C-7800,59.8,0.0,0.0,0.0,1,58.0,59.2,6,55.6,59.8,59.8,59.8,3.0,17940.0,269
2023-05-10 10:34:12,MO2403-C-7800,MO2403-C-7800,59.8,0.0,0.0,0.0,9,57.0,59.2,6,55.6,59.8,59.8,59.8,3.0,17940.0,269
2023-05-10 10:34:13,MO2403-C-7800,MO2403-C-7800,59.8,0.0,0.0,0.0,3,57.0,59.2,6,55.6,59.8,59.8,59.8,3.0,17940.0,269
2023-05-10 10:34:15,MO2403-C-7800,MO2403-C-7800,59.8,0.0,0.0,0.0,3,57.0,59.4,6,55.6,59.8,59.8,59.8,3.0,17940.0,269
2023-05-10 10:34:21,MO2403-C-7800,MO2403-C-7800,59.8,0.0,0.0,0.0,3,57.0,59.4,8,55.6,59.8,59.8,59.8,3.0,17940.0,269
2023-05-10 10:34:21,MO2403-C-7800,MO2403-C-7800,59.8,0.0,0.0,0.0,3,57.0,59.2,6,55.6,59.8,59.8,59.8,3.0,17940.0,269
2023-05-10 10:34:22,MO2403-C-7800,MO2403-C-7800,59.8,0.0,0.0,0.0,3,57.0,59.4,6,55.6,59.8,59.8,59.8,3.0,17940.0,269
2023-05-10 10:34:24,MO2403-C-7800,MO2403-C-7800,59.8,0.0,0.0,0.0,3,57.0,59.4,8,55.6,59.8,59.8,59.8,3.0,17940.0,269
2023-05-10 10:34:24,MO2403-C-7800,MO2403-C-7800,59.8,0.0,0.0,0.0,3,57.0,59.2,6,55.6,59.8,59.8,59.8,3.0,17940.0,269
2023-05-10 10:34:33,MO2403-C-7800,MO2403-C-7800,59.8,0.0,0.0,0.0,3,57.0,59.4,8,55.6,59.8,59.8,59.8,3.0,17940.0,269
2023-05-10 10:34:34,MO2403-C-7800,MO2403-C-7800,59.8,0.0,0.0,0.0,3,57.0,59.2,6,55.6,59.8,59.8,59.8,3.0,17940.0,269
2023-05-10 10:34:34,MO2403-C-7800,MO2403-C-7800,59.8,0.0,0.0,0.0,3,57.0,59.4,6,55.6,59.8,59.8,59.8,3.0,17940.0,269
2023-05-10 10:34:36,MO2403-C-7800,MO2403-C-7800,59.8,0.0,0.0,0.0,3,57.0,59.4,8,55.6,59.8,59.8,59.8,3.0,17940.0,269
2023-05-10 10:34:36,MO2403-C-7800,MO2403-C-7800,59.8,0.0,0.0,0.0,3,57.0,59.2,6,55.6,59.8,59.8,59.8,3.0,17940.0,269
2023-05-10 10:34:42,MO2403-C-7800,MO2403-C-7800,59.8,0.0,0.0,0.0,4,57.0,59.4,6,55.6,59.8,59.8,59.8,3.0,17940.0,269
2023-05-10 10:34:44,MO2403-C-7800,MO2403-C-7800,59.8,0.0,0.0,0.0,3,57.0,59.4,6,55.6,59.8,59.8,59.8,3.0,17940.0,269
2023-05-10 10:34:45,MO2403-C-7800,MO2403-C-7800,59.8,0.0,0.0,0.0,3,57.0,59.4,8,55.6,59.8,59.8,59.8,3.0,17940.0,269
2023-05-10 10:34:45,MO2403-C-7800,MO2403-C-7800,59.8,0.0,0.0,0.0,3,57.0,59.2,6,55.6,59.8,59.8,59.8,3.0,17940.0,269
2023-05-10 10:34:49,MO2403-C-7800,MO2403-C-7800,59.8,0.0,0.0,0.0,1,57.0,59.2,6,55.6,59.8,59.8,59.8,3.0,17940.0,269
2023-05-10 10:35:06,MO2403-C-7800,MO2403-C-7800,59.8,0.0,0.0,0.0,3,57.0,59.2,6,55.6,59.8,59.8,59.8,3.0,17940.0,269
2023-05-10 10:35:14,MO2403-C-7800,MO2403-C-7800,59.8,0.0,0.0,0.0,3,57.0,59.2,8,55.6,59.8,59.8,59.8,3.0,17940.0,269
2023-05-10 10:35:21,MO2403-C-7800,MO2403-C-7800,59.8,0.0,0.0,0.0,1,57.0,59.2,8,55.6,59.8,59.8,59.8,3.0,17940.0,269
2023-05-10 10:35:29,MO2403-C-7800,MO2403-C-7800,59.8,0.0,0.0,0.0,3,57.0,59.2,8,55.6,59.8,59.8,59.8,3.0,17940.0,269
2023-05-10 10:35:30,MO2403-C-7800,MO2403-C-7800,59.8,0.0,0.0,0.0,1,57.0,59.2,8,55.6,59.8,59.8,59.8,3.0,17940.0,269
2023-05-10 10:35:46,MO2403-C-7800,MO2403-C-7800,59.8,0.0,0.0,0.0,3,57.0,59.2,8,55.6,59.8,59.8,59.8,3.0,17940.0,269
2023-05-10 10:35:46,MO2403-C-7800,MO2403-C-7800,59.8,0.0,0.0,0.0,1,57.0,59.2,8,55.6,59.8,59.8,59.8,3.0,17940.0,269
2023-05-10 10:36:50,MO2403-C-7800,MO2403-C-7800,59.8,0.0,0.0,0.0,1,57.0,59.2,6,55.6,59.8,59.8,59.8,3.0,17940.0,269
2023-05-10 10:36:50,MO2403-C-7800,MO2403-C-7800,59.8,0.0,0.0,0.0,1,57.0,59.4,6,55.6,59.8,59.8,59.8,3.0,17940.0,269
2023-05-10 10:36:51,MO2403-C-7800,MO2403-C-7800,59.8,0.0,0.0,0.0,1,57.0,59.4,8,55.6,59.8,59.8,59.8,3.0,17940.0,269
2023-05-10 10:36:51,MO2403-C-7800,MO2403-C-7800,59.8,0.0,0.0,0.0,1,57.0,59.2,6,55.6,59.8,59.8,59.8,3.0,17940.0,269
2023-05-10 10:37:02,MO2403-C-7800,MO2403-C-7800,59.8,0.0,0.0,0.0,1,57.0,59.4,6,55.6,59.8,59.8,59.8,3.0,17940.0,269
2023-05-10 10:37:03,MO2403-C-7800,MO2403-C-7800,59.8,0.0,0.0,0.0,1,57.0,59.4,8,55.6,59.8,59.8,59.8,3.0,17940.0,269
2023-05-10 10:37:03,MO2403-C-7800,MO2403-C-7800,59.8,0.0,0.0,0.0,1,57.0,59.2,6,55.6,59.8,59.8,59.8,3.0,17940.0,269
2023-05-10 10:37:10,MO2403-C-7800,MO2403-C-7800,59.8,0.0,0.0,0.0,1,57.0,59.4,8,55.6,59.8,59.8,59.8,3.0,17940.0,269
2023-05-10 10:37:10,MO2403-C-7800,MO2403-C-7800,59.8,0.0,0.0,0.0,1,57.0,59.2,6,55.6,59.8,59.8,59.8,3.0,17940.0,269
2023-05-10 10:37:47,MO2403-C-7800,MO2403-C-7800,59.8,0.0,0.0,0.0,1,57.0,59.4,8,55.6,59.8,59.8,59.8,3.0,17940.0,269
2023-05-10 10:37:47,MO2403-C-7800,MO2403-C-7800,59.8,0.0,0.0,0.0,1,57.0,59.2,6,55.6,59.8,59.8,59.8,3.0,17940.0,269
2023-05-10 10:38:01,MO2403-C-7800,MO2403-C-7800,59.8,0.0,0.0,0.0,1,57.0,59.4,8,55.6,59.8,59.8,59.8,3.0,17940.0,269
2023-05-10 10:38:04,MO2403-C-7800,MO2403-C-7800,59.8,0.0,0.0,0.0,1,57.0,59.2,6,55.6,59.8,59.8,59.8,3.0,17940.0,269
2023-05-10 10:38:05,MO2403-C-7800,MO2403-C-7800,59.8,0.0,0.0,0.0,1,57.0,59.2,8,55.6,59.8,59.8,59.8,3.0,17940.0,269
2023-05-10 10:38:07,MO2403-C-7800,MO2403-C-7800,59.8,0.0,0.0,0.0,1,57.0,59.2,6,55.6,59.8,59.8,59.8,3.0,17940.0,269
2023-05-10 10:38:07,MO2403-C-7800,MO2403-C-7800,59.8,0.0,0.0,0.0,1,57.0,59.4,6,55.6,59.8,59.8,59.8,3.0,17940.0,269
2023-05-10 10:38:08,MO2403-C-7800,MO2403-C-7800,59.8,0.0,0.0,0.0,1,57.0,59.4,8,55.6,59.8,59.8,59.8,3.0,17940.0,269
2023-05-10 10:38:08,MO2403-C-7800,MO2403-C-7800,59.8,0.0,0.0,0.0,1,57.0,59.2,6,55.6,59.8,59.8,59.8,3.0,17940.0,269
2023-05-10 10:38:12,MO2403-C-7800,MO2403-C-7800,59.8,0.0,0.0,0.0,1,57.0,59.2,8,55.6,59.8,59.8,59.8,3.0,17940.0,269
2023-05-10 10:38:14,MO2403-C-7800,MO2403-C-7800,59.8,0.0,0.0,0.0,1,57.0,59.2,6,55.6,59.8,59.8,59.8,3.0,17940.0,269
2023-05-10 10:38:14,MO2403-C-7800,MO2403-C-7800,59.8,0.0,0.0,0.0,1,57.0,59.4,6,55.6,59.8,59.8,59.8,3.0,17940.0,269
2023-05-10 10:38:15,MO2403-C-7800,MO2403-C-7800,59.8,0.0,0.0,0.0,1,57.0,59.4,8,55.6,59.8,59.8,59.8,3.0,17940.0,269
2023-05-10 10:38:15,MO2403-C-7800,MO2403-C-7800,59.8,0.0,0.0,0.0,1,57.0,59.2,6,55.6,59.8,59.8,59.8,3.0,17940.0,269
2023-05-10 10:38:18,MO2403-C-7800,MO2403-C-7800,59.8,0.0,0.0,0.0,1,57.0,59.2,8,55.6,59.8,59.8,59.8,3.0,17940.0,269
2023-05-10 10:38:21,MO2403-C-7800,MO2403-C-7800,59.8,0.0,0.0,0.0,1,57.0,59.2,6,55.6,59.8,59.8,59.8,3.0,17940.0,269
2023-05-10 10:38:21,MO2403-C-7800,MO2403-C-7800,59.8,0.0,0.0,0.0,1,57.0,59.4,6,55.6,59.8,59.8,59.8,3.0,17940.0,269
2023-05-10 10:38:22,MO2403-C-7800,MO2403-C-7800,59.8,0.0,0.0,0.0,1,57.0,59.4,8,55.6,59.8,59.8,59.8,3.0,17940.0,269
2023-05-10 10:38:22,MO2403-C-7800,MO2403-C-7800,59.8,0.0,0.0,0.0,1,57.0,59.2,6,55.6,59.8,59.8,59.8,3.0,17940.0,269
2023-05-10 10:38:38,MO2403-C-7800,MO2403-C-7800,59.8,0.0,0.0,0.0,1,57.0,59.2,8,55.6,59.8,59.8,59.8,3.0,17940.0,269
2023-05-10 10:40:10,MO2403-C-7800,MO2403-C-7800,59.8,0.0,0.0,0.0,1,57.0,59.0,6,55.6,59.8,59.8,59.8,3.0,17940.0,269
2023-05-10 10:40:12,MO2403-C-7800,MO2403-C-7800,59.8,0.0,0.0,0.0,1,57.0,59.0,8,55.6,59.8,59.8,59.8,3.0,17940.0,269
2023-05-10 10:40:24,MO2403-C-7800,MO2403-C-7800,59.8,0.0,0.0,0.0,1,57.0,59.0,6,55.6,59.8,59.8,59.8,3.0,17940.0,269
2023-05-10 10:40:25,MO2403-C-7800,MO2403-C-7800,59.8,0.0,0.0,0.0,1,57.0,59.2,6,55.6,59.8,59.8,59.8,3.0,17940.0,269
2023-05-10 10:40:51,MO2403-C-7800,MO2403-C-7800,59.8,0.0,0.0,0.0,1,57.0,59.4,7,55.6,59.8,59.8,59.8,3.0,17940.0,269
2023-05-10 10:42:28,MO2403-C-7800,MO2403-C-7800,59.8,0.0,0.0,0.0,1,57.0,59.4,9,55.6,59.8,59.8,59.8,3.0,17940.0,269
2023-05-10 10:42:33,MO2403-C-7800,MO2403-C-7800,59.8,0.0,0.0,0.0,1,57.0,59.4,7,55.6,59.8,59.8,59.8,3.0,17940.0,269
2023-05-10 10:42:34,MO2403-C-7800,MO2403-C-7800,59.8,0.0,0.0,0.0,1,57.0,59.4,13,55.6,59.8,59.8,59.8,3.0,17940.0,269
2023-05-10 10:42:39,MO2403-C-7800,MO2403-C-7800,59.8,0.0,0.0,0.0,1,57.0,59.4,15,55.6,59.8,59.8,59.8,3.0,17940.0,269
2023-05-10 10:42:44,MO2403-C-7800,MO2403-C-7800,59.8,0.0,0.0,0.0,1,57.0,59.4,13,55.6,59.8,59.8,59.8,3.0,17940.0,269
2023-05-10 10:42:48,MO2403-C-7800,MO2403-C-7800,59.8,0.0,0.0,0.0,1,57.0,59.4,7,55.6,59.8,59.8,59.8,3.0,17940.0,269
2023-05-10 10:42:48,MO2403-C-7800,MO2403-C-7800,59.8,0.0,0.0,0.0,1,57.0,59.4,9,55.6,59.8,59.8,59.8,3.0,17940.0,269
2023-05-10 10:42:49,MO2403-C-7800,MO2403-C-7800,59.8,0.0,0.0,0.0,1,57.0,59.4,7,55.6,59.8,59.8,59.8,3.0,17940.0,269
2023-05-10 10:42:54,MO2403-C-7800,MO2403-C-7800,59.8,0.0,0.0,0.0,1,57.0,59.4,9,55.6,59.8,59.8,59.8,3.0,17940.0,269
2023-05-10 10:42:59,MO2403-C-7800,MO2403-C-7800,59.8,0.0,0.0,0.0,1,57.0,59.4,7,55.6,59.8,59.8,59.8,3.0,17940.0,269
2023-05-10 10:43:03,MO2403-C-7800,MO2403-C-7800,59.8,0.0,0.0,0.0,1,57.0,59.4,9,55.6,59.8,59.8,59.8,3.0,17940.0,269
2023-05-10 10:43:04,MO2403-C-7800,MO2403-C-7800,59.8,0.0,0.0,0.0,1,57.0,59.4,7,55.6,59.8,59.8,59.8,3.0,17940.0,269
2023-05-10 10:43:05,MO2403-C-7800,MO2403-C-7800,59.8,0.0,0.0,0.0,1,57.0,59.4,9,55.6,59.8,59.8,59.8,3.0,17940.0,269
2023-05-10 10:43:10,MO2403-C-7800,MO2403-C-7800,59.8,0.0,0.0,0.0,1,57.0,59.4,7,55.6,59.8,59.8,59.8,3.0,17940.0,269
2023-05-10 10:43:11,MO2403-C-7800,MO2403-C-7800,59.8,0.0,0.0,0.0,1,57.0,59.4,9,55.6,59.8,59.8,59.8,3.0,17940.0,269
2023-05-10 10:43:11,MO2403-C-7800,MO2403-C-7800,59.8,0.0,0.0,0.0,1,57.0,59.4,7,55.6,59.8,59.8,59.8,3.0,17940.0,269
2023-05-10 10:43:12,MO2403-C-7800,MO2403-C-7800,59.8,0.0,0.0,0.0,1,57.0,59.4,6,55.6,59.8,59.8,59.8,3.0,17940.0,269
2023-05-10 10:43:16,MO2403-C-7800,MO2403-C-7800,59.8,0.0,0.0,0.0,1,57.0,59.4,8,55.6,59.8,59.8,59.8,3.0,17940.0,269
2023-05-10 10:43:21,MO2403-C-7800,MO2403-C-7800,59.8,0.0,0.0,0.0,1,57.0,59.4,6,55.6,59.8,59.8,59.8,3.0,17940.0,269
2023-05-10 10:43:24,MO2403-C-7800,MO2403-C-7800,59.8,0.0,0.0,0.0,1,57.0,59.4,8,55.6,59.8,59.8,59.8,3.0,17940.0,269
2023-05-10 10:43:26,MO2403-C-7800,MO2403-C-7800,59.8,0.0,0.0,0.0,1,57.0,59.4,14,55.6,59.8,59.8,59.8,3.0,17940.0,269
2023-05-10 10:43:56,MO2403-C-7800,MO2403-C-7800,59.8,0.0,0.0,0.0,3,57.0,59.4,14,55.6,59.8,59.8,59.8,3.0,17940.0,269
2023-05-10 10:44:05,MO2403-C-7800,MO2403-C-7800,59.8,0.0,0.0,0.0,3,57.0,59.4,8,55.6,59.8,59.8,59.8,3.0,17940.0,269
2023-05-10 10:44:11,MO2403-C-7800,MO2403-C-7800,59.8,0.0,0.0,0.0,3,57.0,59.4,14,55.6,59.8,59.8,59.8,3.0,17940.0,269
2023-05-10 10:44:12,MO2403-C-7800,MO2403-C-7800,59.8,0.0,0.0,0.0,3,57.0,59.4,8,55.6,59.8,59.8,59.8,3.0,17940.0,269
2023-05-10 10:44:19,MO2403-C-7800,MO2403-C-7800,59.8,0.0,0.0,0.0,3,57.0,59.4,14,55.6,59.8,59.8,59.8,3.0,17940.0,269
2023-05-10 10:44:23,MO2403-C-7800,MO2403-C-7800,59.8,0.0,0.0,0.0,3,57.0,59.4,8,55.6,59.8,59.8,59.8,3.0,17940.0,269
2023-05-10 10:44:41,MO2403-C-7800,MO2403-C-7800,59.8,0.0,0.0,0.0,3,57.0,59.4,14,55.6,59.8,59.8,59.8,3.0,17940.0,269
2023-05-10 10:44:48,MO2403-C-7800,MO2403-C-7800,59.8,0.0,0.0,0.0,3,57.0,59.2,6,55.6,59.8,59.8,59.8,3.0,17940.0,269
2023-05-10 10:44:49,MO2403-C-7800,MO2403-C-7800,59.8,0.0,0.0,0.0,3,57.0,59.2,8,55.6,59.8,59.8,59.8,3.0,17940.0,269
2023-05-10 10:44:52,MO2403-C-7800,MO2403-C-7800,59.8,0.0,0.0,0.0,3,57.0,59.2,2,55.6,59.8,59.8,59.8,3.0,17940.0,269
2023-05-10 10:44:53,MO2403-C-7800,MO2403-C-7800,59.8,0.0,0.0,0.0,3,57.0,59.4,12,55.6,59.8,59.8,59.8,3.0,17940.0,269
2023-05-10 10:44:54,MO2403-C-7800,MO2403-C-7800,59.8,0.0,0.0,0.0,3,57.0,59.4,14,55.6,59.8,59.8,59.8,3.0,17940.0,269
2023-05-10 10:44:57,MO2403-C-7800,MO2403-C-7800,59.8,0.0,0.0,0.0,3,57.0,59.2,6,55.6,59.8,59.8,59.8,3.0,17940.0,269
2023-05-10 10:44:59,MO2403-C-7800,MO2403-C-7800,59.8,0.0,0.0,0.0,3,57.0,59.2,8,55.6,59.8,59.8,59.8,3.0,17940.0,269
2023-05-10 10:45:06,MO2403-C-7800,MO2403-C-7800,59.8,0.0,0.0,0.0,3,57.0,59.2,2,55.6,59.8,59.8,59.8,3.0,17940.0,269
2023-05-10 10:45:07,MO2403-C-7800,MO2403-C-7800,59.8,0.0,0.0,0.0,3,57.0,59.4,12,55.6,59.8,59.8,59.8,3.0,17940.0,269
2023-05-10 10:45:08,MO2403-C-7800,MO2403-C-7800,59.8,0.0,0.0,0.0,3,57.0,59.4,14,55.6,59.8,59.8,59.8,3.0,17940.0,269
2023-05-10 10:45:14,MO2403-C-7800,MO2403-C-7800,59.8,0.0,0.0,0.0,1,57.0,59.4,14,55.6,59.8,59.8,59.8,3.0,17940.0,269
2023-05-10 10:45:16,MO2403-C-7800,MO2403-C-7800,59.8,0.0,0.0,0.0,3,57.0,59.4,14,55.6,59.8,59.8,59.8,3.0,17940.0,269
2023-05-10 10:45:17,MO2403-C-7800,MO2403-C-7800,59.8,0.0,0.0,0.0,1,57.0,59.4,14,55.6,59.8,59.8,59.8,3.0,17940.0,269
2023-05-10 10:45:34,MO2403-C-7800,MO2403-C-7800,59.8,0.0,0.0,0.0,1,57.0,59.2,1,55.6,59.8,59.8,59.8,3.0,17940.0,269
2023-05-10 10:45:46,MO2403-C-7800,MO2403-C-7800,59.8,0.0,0.0,0.0,1,57.0,59.2,7,55.6,59.8,59.8,59.8,3.0,17940.0,269
2023-05-10 10:45:48,MO2403-C-7800,MO2403-C-7800,59.8,0.0,0.0,0.0,1,57.0,59.2,9,55.6,59.8,59.8,59.8,3.0,17940.0,269
2023-05-10 10:45:50,MO2403-C-7800,MO2403-C-7800,59.8,0.0,0.0,0.0,6,56.8,59.2,9,55.6,59.8,59.8,59.8,3.0,17940.0,269
2023-05-10 10:45:50,MO2403-C-7800,MO2403-C-7800,59.8,0.0,0.0,0.0,2,56.8,59.0,6,55.6,59.8,59.8,59.8,3.0,17940.0,269
2023-05-10 10:45:51,MO2403-C-7800,MO2403-C-7800,59.8,0.0,0.0,0.0,2,56.8,59.0,8,55.6,59.8,59.8,59.8,3.0,17940.0,269
2023-05-10 10:46:06,MO2403-C-7800,MO2403-C-7800,59.8,0.0,0.0,0.0,2,56.8,59.0,2,55.6,59.8,59.8,59.8,3.0,17940.0,269
2023-05-10 10:46:06,MO2403-C-7800,MO2403-C-7800,59.8,0.0,0.0,0.0,2,56.8,59.2,7,55.6,59.8,59.8,59.8,3.0,17940.0,269
2023-05-10 10:46:07,MO2403-C-7800,MO2403-C-7800,59.8,0.0,0.0,0.0,2,56.8,59.0,6,55.6,59.8,59.8,59.8,3.0,17940.0,269
2023-05-10 10:46:07,MO2403-C-7800,MO2403-C-7800,59.8,0.0,0.0,0.0,2,56.8,59.0,8,55.6,59.8,59.8,59.8,3.0,17940.0,269
2023-05-10 10:46:37,MO2403-C-7800,MO2403-C-7800,59.8,0.0,0.0,0.0,1,56.6,58.8,6,55.6,59.8,59.8,59.8,3.0,17940.0,269
2023-05-10 10:46:38,MO2403-C-7800,MO2403-C-7800,59.8,0.0,0.0,0.0,2,56.8,58.8,8,55.6,59.8,59.8,59.8,3.0,17940.0,269
2023-05-10 10:46:41,MO2403-C-7800,MO2403-C-7800,59.8,0.0,0.0,0.0,1,56.6,58.8,8,55.6,59.8,59.8,59.8,3.0,17940.0,269
2023-05-10 10:46:42,MO2403-C-7800,MO2403-C-7800,59.8,0.0,0.0,0.0,3,56.6,58.8,8,55.6,59.8,59.8,59.8,3.0,17940.0,269
2023-05-10 10:46:43,MO2403-C-7800,MO2403-C-7800,59.8,0.0,0.0,0.0,2,56.6,58.8,8,55.6,59.8,59.8,59.8,3.0,17940.0,269
2023-05-10 10:46:43,MO2403-C-7800,MO2403-C-7800,59.8,0.0,0.0,0.0,2,56.6,58.8,6,55.6,59.8,59.8,59.8,3.0,17940.0,269
2023-05-10 10:46:53,MO2403-C-7800,MO2403-C-7800,59.8,0.0,0.0,0.0,2,56.6,58.8,8,55.6,59.8,59.8,59.8,3.0,17940.0,269
2023-05-10 10:47:01,MO2403-C-7800,MO2403-C-7800,59.8,0.0,0.0,0.0,6,56.4,58.8,14,55.6,59.8,59.8,59.8,3.0,17940.0,269
2023-05-10 10:47:01,MO2403-C-7800,MO2403-C-7800,59.8,0.0,0.0,0.0,2,56.6,58.8,14,55.6,59.8,59.8,59.8,3.0,17940.0,269
2023-05-10 10:47:02,MO2403-C-7800,MO2403-C-7800,59.8,0.0,0.0,0.0,6,56.4,58.8,14,55.6,59.8,59.8,59.8,3.0,17940.0,269
2023-05-10 10:47:03,MO2403-C-7800,MO2403-C-7800,59.8,0.0,0.0,0.0,8,56.4,58.8,14,55.6,59.8,59.8,59.8,3.0,17940.0,269
2023-05-10 10:47:04,MO2403-C-7800,MO2403-C-7800,59.8,0.0,0.0,0.0,8,56.4,58.8,8,55.6,59.8,59.8,59.8,3.0,17940.0,269
2023-05-10 10:47:16,MO2403-C-7800,MO2403-C-7800,59.8,0.0,0.0,0.0,2,56.4,58.8,8,55.6,59.8,59.8,59.8,3.0,17940.0,269
2023-05-10 10:47:21,MO2403-C-7800,MO2403-C-7800,59.8,0.0,0.0,0.0,2,56.2,58.8,8,55.6,59.8,59.8,59.8,3.0,17940.0,269
2023-05-10 10:47:21,MO2403-C-7800,MO2403-C-7800,59.8,0.0,0.0,0.0,4,56.2,58.8,8,55.6,59.8,59.8,59.8,3.0,17940.0,269
2023-05-10 10:47:22,MO2403-C-7800,MO2403-C-7800,59.8,0.0,0.0,0.0,3,56.2,58.8,8,55.6,59.8,59.8,59.8,3.0,17940.0,269
2023-05-10 10:47:23,MO2403-C-7800,MO2403-C-7800,59.8,0.0,0.0,0.0,9,56.2,58.8,8,55.6,59.8,59.8,59.8,3.0,17940.0,269
2023-05-10 10:47:24,MO2403-C-7800,MO2403-C-7800,59.8,0.0,0.0,0.0,9,56.2,58.8,6,55.6,59.8,59.8,59.8,3.0,17940.0,269
2023-05-10 10:47:27,MO2403-C-7800,MO2403-C-7800,59.8,0.0,0.0,0.0,3,56.2,58.8,6,55.6,59.8,59.8,59.8,3.0,17940.0,269
2023-05-10 10:47:30,MO2403-C-7800,MO2403-C-7800,59.8,0.0,0.0,0.0,3,56.2,58.8,12,55.6,59.8,59.8,59.8,3.0,17940.0,269
2023-05-10 10:47:36,MO2403-C-7800,MO2403-C-7800,59.8,0.0,0.0,0.0,3,56.2,58.8,6,55.6,59.8,59.8,59.8,3.0,17940.0,269
2023-05-10 10:47:42,MO2403-C-7800,MO2403-C-7800,59.8,0.0,0.0,0.0,3,56.2,58.8,12,55.6,59.8,59.8,59.8,3.0,17940.0,269
2023-05-10 10:47:51,MO2403-C-7800,MO2403-C-7800,59.8,0.0,0.0,0.0,3,56.2,58.6,6,55.6,59.8,59.8,59.8,3.0,17940.0,269
2023-05-10 10:47:52,MO2403-C-7800,MO2403-C-7800,59.8,0.0,0.0,0.0,4,56.2,58.6,6,55.6,59.8,59.8,59.8,3.0,17940.0,269
2023-05-10 10:47:59,MO2403-C-7800,MO2403-C-7800,59.8,0.0,0.0,0.0,2,56.2,58.6,6,55.6,59.8,59.8,59.8,3.0,17940.0,269
2023-05-10 10:48:00,MO2403-C-7800,MO2403-C-7800,59.8,0.0,0.0,0.0,2,56.2,58.4,1,55.6,59.8,59.8,59.8,3.0,17940.0,269
2023-05-10 10:48:00,MO2403-C-7800,MO2403-C-7800,59.8,0.0,0.0,0.0,2,56.2,58.4,7,55.6,59.8,59.8,59.8,3.0,17940.0,269
2023-05-10 10:48:01,MO2403-C-7800,MO2403-C-7800,59.8,0.0,0.0,0.0,2,56.2,58.2,6,55.6,59.8,59.8,59.8,3.0,17940.0,269
2023-05-10 10:48:02,MO2403-C-7800,MO2403-C-7800,59.8,0.0,0.0,0.0,1,56.2,58.2,6,55.6,59.8,59.8,59.8,3.0,17940.0,269
2023-05-10 10:48:02,MO2403-C-7800,MO2403-C-7800,59.8,0.0,0.0,0.0,1,56.2,58.2,8,55.6,59.8,59.8,59.8,3.0,17940.0,269
2023-05-10 10:48:03,MO2403-C-7800,MO2403-C-7800,59.8,0.0,0.0,0.0,1,56.2,58.0,6,55.6,59.8,59.8,59.8,3.0,17940.0,269
2023-05-10 10:48:03,MO2403-C-7800,MO2403-C-7800,59.8,0.0,0.0,0.0,1,56.2,58.0,12,55.6,59.8,59.8,59.8,3.0,17940.0,269
2023-05-10 10:48:04,MO2403-C-7800,MO2403-C-7800,59.8,0.0,0.0,0.0,1,56.2,57.8,6,55.6,59.8,59.8,59.8,3.0,17940.0,269
2023-05-10 10:48:05,MO2403-C-7800,MO2403-C-7800,59.8,0.0,0.0,0.0,2,55.6,58.0,12,55.6,59.8,59.8,59.8,3.0,17940.0,269
2023-05-10 10:48:05,MO2403-C-7800,MO2403-C-7800,59.8,0.0,0.0,0.0,4,55.6,57.8,6,55.6,59.8,59.8,59.8,3.0,17940.0,269
2023-05-10 10:48:09,MO2403-C-7800,MO2403-C-7800,59.8,0.0,0.0,0.0,4,55.6,57.8,8,55.6,59.8,59.8,59.8,3.0,17940.0,269
2023-05-10 10:48:10,MO2403-C-7800,MO2403-C-7800,59.8,0.0,0.0,0.0,4,55.6,57.8,6,55.6,59.8,59.8,59.8,3.0,17940.0,269
2023-05-10 10:48:16,MO2403-C-7800,MO2403-C-7800,59.8,0.0,0.0,0.0,4,55.6,58.0,14,55.6,59.8,59.8,59.8,3.0,17940.0,269
2023-05-10 10:48:16,MO2403-C-7800,MO2403-C-7800,59.8,0.0,0.0,0.0,1,55.8,58.0,14,55.6,59.8,59.8,59.8,3.0,17940.0,269
2023-05-10 10:48:17,MO2403-C-7800,MO2403-C-7800,59.8,0.0,0.0,0.0,3,55.8,58.0,14,55.6,59.8,59.8,59.8,3.0,17940.0,269
2023-05-10 10:48:18,MO2403-C-7800,MO2403-C-7800,59.8,0.0,0.0,0.0,1,55.8,58.0,14,55.6,59.8,59.8,59.8,3.0,17940.0,269
2023-05-10 10:48:19,MO2403-C-7800,MO2403-C-7800,59.8,0.0,0.0,0.0,3,55.8,58.0,14,55.6,59.8,59.8,59.8,3.0,17940.0,269
2023-05-10 10:48:21,MO2403-C-7800,MO2403-C-7800,59.8,0.0,0.0,0.0,1,55.8,58.0,14,55.6,59.8,59.8,59.8,3.0,17940.0,269
2023-05-10 10:48:22,MO2403-C-7800,MO2403-C-7800,59.8,0.0,0.0,0.0,3,55.8,58.0,14,55.6,59.8,59.8,59.8,3.0,17940.0,269
2023-05-10 10:48:23,MO2403-C-7800,MO2403-C-7800,59.8,0.0,0.0,0.0,1,55.8,58.0,14,55.6,59.8,59.8,59.8,3.0,17940.0,269
2023-05-10 10:48:30,MO2403-C-7800,MO2403-C-7800,59.8,0.0,0.0,0.0,1,55.6,58.0,14,55.6,59.8,59.8,59.8,3.0,17940.0,269
2023-05-10 10:48:30,MO2403-C-7800,MO2403-C-7800,59.8,0.0,0.0,0.0,3,55.6,58.0,14,55.6,59.8,59.8,59.8,3.0,17940.0,269
2023-05-10 10:48:43,MO2403-C-7800,MO2403-C-7800,59.8,0.0,0.0,0.0,1,55.6,58.0,14,55.6,59.8,59.8,59.8,3.0,17940.0,269
2023-05-10 10:48:44,MO2403-C-7800,MO2403-C-7800,59.8,0.0,0.0,0.0,3,55.6,58.0,14,55.6,59.8,59.8,59.8,3.0,17940.0,269
2023-05-10 10:48:47,MO2403-C-7800,MO2403-C-7800,59.8,0.0,0.0,0.0,3,55.6,57.8,6,55.6,59.8,59.8,59.8,3.0,17940.0,269
2023-05-10 10:48:48,MO2403-C-7800,MO2403-C-7800,59.8,0.0,0.0,0.0,1,55.6,57.8,6,55.6,59.8,59.8,59.8,3.0,17940.0,269
2023-05-10 10:48:49,MO2403-C-7800,MO2403-C-7800,59.8,0.0,0.0,0.0,3,55.6,57.8,6,55.6,59.8,59.8,59.8,3.0,17940.0,269
2023-05-10 10:48:52,MO2403-C-7800,MO2403-C-7800,59.8,0.0,0.0,0.0,3,55.6,57.8,8,55.6,59.8,59.8,59.8,3.0,17940.0,269
2023-05-10 10:48:52,MO2403-C-7800,MO2403-C-7800,59.8,0.0,0.0,0.0,1,55.6,57.8,8,55.6,59.8,59.8,59.8,3.0,17940.0,269
2023-05-10 10:48:53,MO2403-C-7800,MO2403-C-7800,59.8,0.0,0.0,0.0,1,55.6,57.8,6,55.6,59.8,59.8,59.8,3.0,17940.0,269
2023-05-10 10:48:55,MO2403-C-7800,MO2403-C-7800,59.8,0.0,0.0,0.0,1,55.6,57.8,8,55.6,59.8,59.8,59.8,3.0,17940.0,269
2023-05-10 10:48:59,MO2403-C-7800,MO2403-C-7800,59.8,0.0,0.0,0.0,3,55.6,57.8,6,55.6,59.8,59.8,59.8,3.0,17940.0,269
2023-05-10 10:49:00,MO2403-C-7800,MO2403-C-7800,59.8,0.0,0.0,0.0,1,55.6,57.8,6,55.6,59.8,59.8,59.8,3.0,17940.0,269
2023-05-10 10:49:03,MO2403-C-7800,MO2403-C-7800,59.8,0.0,0.0,0.0,1,55.6,57.8,8,55.6,59.8,59.8,59.8,3.0,17940.0,269
2023-05-10 10:49:04,MO2403-C-7800,MO2403-C-7800,59.8,0.0,0.0,0.0,3,55.6,57.8,8,55.6,59.8,59.8,59.8,3.0,17940.0,269
2023-05-10 10:49:06,MO2403-C-7800,MO2403-C-7800,59.8,0.0,0.0,0.0,1,55.6,57.8,8,55.6,59.8,59.8,59.8,3.0,17940.0,269
2023-05-10 10:49:07,MO2403-C-7800,MO2403-C-7800,59.8,0.0,0.0,0.0,3,55.6,57.8,8,55.6,59.8,59.8,59.8,3.0,17940.0,269
2023-05-10 10:49:07,MO2403-C-7800,MO2403-C-7800,59.8,0.0,0.0,0.0,3,55.6,57.8,6,55.6,59.8,59.8,59.8,3.0,17940.0,269
2023-05-10 10:49:08,MO2403-C-7800,MO2403-C-7800,59.8,0.0,0.0,0.0,1,55.6,57.8,8,55.6,59.8,59.8,59.8,3.0,17940.0,269
2023-05-10 10:49:09,MO2403-C-7800,MO2403-C-7800,59.8,0.0,0.0,0.0,3,55.6,57.8,8,55.6,59.8,59.8,59.8,3.0,17940.0,269
2023-05-10 10:49:10,MO2403-C-7800,MO2403-C-7800,59.8,0.0,0.0,0.0,1,55.6,57.8,8,55.6,59.8,59.8,59.8,3.0,17940.0,269
2023-05-10 10:49:17,MO2403-C-7800,MO2403-C-7800,59.8,0.0,0.0,0.0,1,55.6,57.8,6,55.6,59.8,59.8,59.8,3.0,17940.0,269
2023-05-10 10:49:18,MO2403-C-7800,MO2403-C-7800,59.8,0.0,0.0,0.0,1,55.6,57.8,8,55.6,59.8,59.8,59.8,3.0,17940.0,269
2023-05-10 10:49:19,MO2403-C-7800,MO2403-C-7800,59.8,0.0,0.0,0.0,1,55.6,57.8,6,55.6,59.8,59.8,59.8,3.0,17940.0,269
2023-05-10 10:49:20,MO2403-C-7800,MO2403-C-7800,59.8,0.0,0.0,0.0,1,55.6,57.8,8,55.6,59.8,59.8,59.8,3.0,17940.0,269
2023-05-10 10:49:30,MO2403-C-7800,MO2403-C-7800,59.8,0.0,0.0,0.0,1,55.6,57.8,6,55.6,59.8,59.8,59.8,3.0,17940.0,269
2023-05-10 10:49:31,MO2403-C-7800,MO2403-C-7800,59.8,0.0,0.0,0.0,1,55.6,57.8,8,55.6,59.8,59.8,59.8,3.0,17940.0,269
2023-05-10 10:49:44,MO2403-C-7800,MO2403-C-7800,59.8,0.0,0.0,0.0,1,55.6,57.8,6,55.6,59.8,59.8,59.8,3.0,17940.0,269
2023-05-10 10:49:45,MO2403-C-7800,MO2403-C-7800,59.8,0.0,0.0,0.0,1,55.6,58.0,19,55.6,59.8,59.8,59.8,3.0,17940.0,269
2023-05-10 10:49:45,MO2403-C-7800,MO2403-C-7800,59.8,0.0,0.0,0.0,1,55.6,58.0,21,55.6,59.8,59.8,59.8,3.0,17940.0,269
2023-05-10 10:49:47,MO2403-C-7800,MO2403-C-7800,59.8,0.0,0.0,0.0,1,55.6,57.8,6,55.6,59.8,59.8,59.8,3.0,17940.0,269
2023-05-10 10:49:48,MO2403-C-7800,MO2403-C-7800,59.8,0.0,0.0,0.0,1,55.6,57.8,8,55.6,59.8,59.8,59.8,3.0,17940.0,269
2023-05-10 10:49:55,MO2403-C-7800,MO2403-C-7800,59.8,0.0,0.0,0.0,1,55.6,57.8,6,55.6,59.8,59.8,59.8,3.0,17940.0,269
2023-05-10 10:49:56,MO2403-C-7800,MO2403-C-7800,59.8,0.0,0.0,0.0,1,55.6,57.8,8,55.6,59.8,59.8,59.8,3.0,17940.0,269
2023-05-10 10:50:09,MO2403-C-7800,MO2403-C-7800,59.8,0.0,0.0,0.0,1,55.6,57.8,2,55.6,59.8,59.8,59.8,3.0,17940.0,269
2023-05-10 10:50:10,MO2403-C-7800,MO2403-C-7800,59.8,0.0,0.0,0.0,1,55.6,58.0,25,55.6,59.8,59.8,59.8,3.0,17940.0,269
2023-05-10 10:50:11,MO2403-C-7800,MO2403-C-7800,59.8,0.0,0.0,0.0,1,55.6,58.0,27,55.6,59.8,59.8,59.8,3.0,17940.0,269
2023-05-10 10:50:16,MO2403-C-7800,MO2403-C-7800,59.8,0.0,0.0,0.0,1,55.6,57.8,6,55.6,59.8,59.8,59.8,3.0,17940.0,269
2023-05-10 10:50:23,MO2403-C-7800,MO2403-C-7800,59.8,0.0,0.0,0.0,6,55.4,57.8,6,55.6,59.8,59.8,59.8,3.0,17940.0,269
2023-05-10 10:50:23,MO2403-C-7800,MO2403-C-7800,59.8,0.0,0.0,0.0,18,55.2,57.8,6,55.6,59.8,59.8,59.8,3.0,17940.0,269
2023-05-10 10:50:24,MO2403-C-7800,MO2403-C-7800,59.8,0.0,0.0,0.0,12,55.2,57.8,6,55.6,59.8,59.8,59.8,3.0,17940.0,269
2023-05-10 10:50:24,MO2403-C-7800,MO2403-C-7800,59.8,0.0,0.0,0.0,6,55.2,57.8,6,55.6,59.8,59.8,59.8,3.0,17940.0,269
2023-05-10 10:50:26,MO2403-C-7800,MO2403-C-7800,59.8,0.0,0.0,0.0,12,55.0,57.8,6,55.6,59.8,59.8,59.8,3.0,17940.0,269
2023-05-10 10:50:27,MO2403-C-7800,MO2403-C-7800,59.8,0.0,0.0,0.0,10,54.8,57.8,6,55.6,59.8,59.8,59.8,3.0,17940.0,269
2023-05-10 10:50:27,MO2403-C-7800,MO2403-C-7800,59.8,0.0,0.0,0.0,3,54.8,57.8,6,55.6,59.8,59.8,59.8,3.0,17940.0,269
2023-05-10 10:50:30,MO2403-C-7800,MO2403-C-7800,59.8,0.0,0.0,0.0,1,54.8,57.8,6,55.6,59.8,59.8,59.8,3.0,17940.0,269
2023-05-10 10:50:32,MO2403-C-7800,MO2403-C-7800,59.8,0.0,0.0,0.0,1,54.8,57.6,1,55.6,59.8,59.8,59.8,3.0,17940.0,269
2023-05-10 10:50:33,MO2403-C-7800,MO2403-C-7800,59.8,0.0,0.0,0.0,1,54.8,57.6,7,55.6,59.8,59.8,59.8,3.0,17940.0,269
2023-05-10 10:50:34,MO2403-C-7800,MO2403-C-7800,59.8,0.0,0.0,0.0,1,54.8,57.4,6,55.6,59.8,59.8,59.8,3.0,17940.0,269
2023-05-10 10:50:40,MO2403-C-7800,MO2403-C-7800,59.8,0.0,0.0,0.0,1,54.8,57.6,25,55.6,59.8,59.8,59.8,3.0,17940.0,269
2023-05-10 10:50:42,MO2403-C-7800,MO2403-C-7800,59.8,0.0,0.0,0.0,15,54.6,57.6,25,55.6,59.8,59.8,59.8,3.0,17940.0,269
2023-05-10 10:50:43,MO2403-C-7800,MO2403-C-7800,59.8,0.0,0.0,0.0,9,54.6,57.6,25,55.6,59.8,59.8,59.8,3.0,17940.0,269
2023-05-10 10:50:43,MO2403-C-7800,MO2403-C-7800,59.8,0.0,0.0,0.0,1,54.6,57.6,31,55.6,59.8,59.8,59.8,3.0,17940.0,269
2023-05-10 10:50:52,MO2403-C-7800,MO2403-C-7800,59.8,0.0,0.0,0.0,1,54.6,57.0,6,55.6,59.8,59.8,59.8,3.0,17940.0,269
2023-05-10 10:50:52,MO2403-C-7800,MO2403-C-7800,59.8,0.0,0.0,0.0,1,54.6,57.0,12,55.6,59.8,59.8,59.8,3.0,17940.0,269
2023-05-10 10:50:59,MO2403-C-7800,MO2403-C-7800,59.8,0.0,0.0,0.0,7,54.6,57.0,12,55.6,59.8,59.8,59.8,3.0,17940.0,269
2023-05-10 10:51:00,MO2403-C-7800,MO2403-C-7800,59.8,0.0,0.0,0.0,9,54.6,57.0,12,55.6,59.8,59.8,59.8,3.0,17940.0,269
2023-05-10 10:51:00,MO2403-C-7800,MO2403-C-7800,59.8,0.0,0.0,0.0,6,54.8,57.0,6,55.6,59.8,59.8,59.8,3.0,17940.0,269
2023-05-10 10:51:01,MO2403-C-7800,MO2403-C-7800,59.8,0.0,0.0,0.0,2,54.8,57.0,6,55.6,59.8,59.8,59.8,3.0,17940.0,269
2023-05-10 10:51:02,MO2403-C-7800,MO2403-C-7800,59.8,0.0,0.0,0.0,8,54.6,57.0,6,55.6,59.8,59.8,59.8,3.0,17940.0,269
2023-05-10 10:51:03,MO2403-C-7800,MO2403-C-7800,59.8,0.0,0.0,0.0,10,54.6,57.0,6,55.6,59.8,59.8,59.8,3.0,17940.0,269
2023-05-10 10:51:10,MO2403-C-7800,MO2403-C-7800,59.8,0.0,0.0,0.0,1,54.8,57.0,6,55.6,59.8,59.8,59.8,3.0,17940.0,269
2023-05-10 10:51:12,MO2403-C-7800,MO2403-C-7800,59.8,0.0,0.0,0.0,7,54.8,57.0,6,55.6,59.8,59.8,59.8,3.0,17940.0,269
2023-05-10 10:51:14,MO2403-C-7800,MO2403-C-7800,59.8,0.0,0.0,0.0,1,54.8,57.0,6,55.6,59.8,59.8,59.8,3.0,17940.0,269
2023-05-10 10:51:15,MO2403-C-7800,MO2403-C-7800,59.8,0.0,0.0,0.0,9,54.6,57.0,6,55.6,59.8,59.8,59.8,3.0,17940.0,269
2023-05-10 10:51:25,MO2403-C-7800,MO2403-C-7800,59.8,0.0,0.0,0.0,10,54.6,57.0,6,55.6,59.8,59.8,59.8,3.0,17940.0,269
2023-05-10 10:51:32,MO2403-C-7800,MO2403-C-7800,59.8,0.0,0.0,0.0,6,54.8,57.0,6,55.6,59.8,59.8,59.8,3.0,17940.0,269
2023-05-10 10:51:33,MO2403-C-7800,MO2403-C-7800,59.8,0.0,0.0,0.0,8,54.8,57.0,6,55.6,59.8,59.8,59.8,3.0,17940.0,269
2023-05-10 10:51:37,MO2403-C-7800,MO2403-C-7800,59.8,0.0,0.0,0.0,6,54.8,57.0,6,55.6,59.8,59.8,59.8,3.0,17940.0,269
2023-05-10 10:51:40,MO2403-C-7800,MO2403-C-7800,59.8,0.0,0.0,0.0,7,54.8,57.0,6,55.6,59.8,59.8,59.8,3.0,17940.0,269
2023-05-10 10:51:48,MO2403-C-7800,MO2403-C-7800,59.8,0.0,0.0,0.0,9,54.8,57.0,6,55.6,59.8,59.8,59.8,3.0,17940.0,269
2023-05-10 10:51:51,MO2403-C-7800,MO2403-C-7800,59.8,0.0,0.0,0.0,7,54.8,57.0,6,55.6,59.8,59.8,59.8,3.0,17940.0,269
2023-05-10 10:51:52,MO2403-C-7800,MO2403-C-7800,59.8,0.0,0.0,0.0,9,54.8,57.0,6,55.6,59.8,59.8,59.8,3.0,17940.0,269
2023-05-10 10:51:53,MO2403-C-7800,MO2403-C-7800,59.8,0.0,0.0,0.0,7,54.8,57.0,6,55.6,59.8,59.8,59.8,3.0,17940.0,269
2023-05-10 10:51:54,MO2403-C-7800,MO2403-C-7800,59.8,0.0,0.0,0.0,9,54.8,57.0,6,55.6,59.8,59.8,59.8,3.0,17940.0,269
2023-05-10 10:51:54,MO2403-C-7800,MO2403-C-7800,59.8,0.0,0.0,0.0,9,54.8,57.2,6,55.6,59.8,59.8,59.8,3.0,17940.0,269
2023-05-10 10:51:55,MO2403-C-7800,MO2403-C-7800,59.8,0.0,0.0,0.0,6,55.0,57.6,24,55.6,59.8,59.8,59.8,3.0,17940.0,269
2023-05-10 10:51:56,MO2403-C-7800,MO2403-C-7800,59.8,0.0,0.0,0.0,6,55.0,57.6,12,55.6,59.8,59.8,59.8,3.0,17940.0,269
2023-05-10 10:51:56,MO2403-C-7800,MO2403-C-7800,59.8,0.0,0.0,0.0,6,55.0,57.6,6,55.6,59.8,59.8,59.8,3.0,17940.0,269
2023-05-10 10:51:57,MO2403-C-7800,MO2403-C-7800,59.8,0.0,0.0,0.0,8,55.0,57.6,6,55.6,59.8,59.8,59.8,3.0,17940.0,269
2023-05-10 10:51:57,MO2403-C-7800,MO2403-C-7800,59.8,0.0,0.0,0.0,2,55.0,57.6,6,55.6,59.8,59.8,59.8,3.0,17940.0,269
