time,symbol_id,symbol_name,last,trade_volume,trade_amount,open_interest_change,bv1,bp1,ap1,av1,yesterday_close,today_open,today_high,today_low,volume,amount,open_interest
2023-05-10 09:29:00,MO2403-C-7400,MO2403-C-7400,97.0,0.0,0.0,0.0,1,84.8,114.6,1,97.0,101.0,0.0,0.0,0.0,0.0,221
2023-05-10 09:30:00,MO2403-C-7400,MO2403-C-7400,97.0,0.0,0.0,0.0,1,85.0,111.8,1,97.0,101.0,0.0,0.0,0.0,0.0,221
2023-05-10 09:30:00,MO2403-C-7400,MO2403-C-7400,97.0,0.0,0.0,0.0,6,85.2,111.8,2,97.0,101.0,0.0,0.0,0.0,0.0,221
2023-05-10 09:30:01,MO2403-C-7400,MO2403-C-7400,97.0,0.0,0.0,0.0,1,85.6,109.6,1,97.0,101.0,0.0,0.0,0.0,0.0,221
2023-05-10 09:30:01,MO2403-C-7400,MO2403-C-7400,97.0,0.0,0.0,0.0,6,85.8,109.6,1,97.0,101.0,0.0,0.0,0.0,0.0,221
2023-05-10 09:30:02,MO2403-C-7400,MO2403-C-7400,97.0,0.0,0.0,0.0,6,85.8,108.8,1,97.0,101.0,0.0,0.0,0.0,0.0,221
2023-05-10 09:30:05,MO2403-C-7400,MO2403-C-7400,97.0,0.0,0.0,0.0,6,85.8,108.8,2,97.0,101.0,0.0,0.0,0.0,0.0,221
2023-05-10 09:30:06,MO2403-C-7400,MO2403-C-7400,97.0,0.0,0.0,0.0,6,85.8,108.8,1,97.0,101.0,0.0,0.0,0.0,0.0,221
2023-05-10 09:30:09,MO2403-C-7400,MO2403-C-7400,97.0,0.0,0.0,0.0,6,85.8,108.8,2,97.0,101.0,0.0,0.0,0.0,0.0,221
2023-05-10 09:30:11,MO2403-C-7400,MO2403-C-7400,97.0,0.0,0.0,0.0,6,85.8,108.8,1,97.0,101.0,0.0,0.0,0.0,0.0,221
2023-05-10 09:30:11,MO2403-C-7400,MO2403-C-7400,97.0,0.0,0.0,0.0,7,85.8,108.8,1,97.0,101.0,0.0,0.0,0.0,0.0,221
2023-05-10 09:30:12,MO2403-C-7400,MO2403-C-7400,97.0,0.0,0.0,0.0,6,86.0,108.8,1,97.0,101.0,0.0,0.0,0.0,0.0,221
2023-05-10 09:30:13,MO2403-C-7400,MO2403-C-7400,97.0,0.0,0.0,0.0,1,86.2,108.8,1,97.0,101.0,0.0,0.0,0.0,0.0,221
2023-05-10 09:30:13,MO2403-C-7400,MO2403-C-7400,97.0,0.0,0.0,0.0,1,87.0,108.8,1,97.0,101.0,0.0,0.0,0.0,0.0,221
2023-05-10 09:30:14,MO2403-C-7400,MO2403-C-7400,97.0,0.0,0.0,0.0,7,87.2,108.6,1,97.0,101.0,0.0,0.0,0.0,0.0,221
2023-05-10 09:30:14,MO2403-C-7400,MO2403-C-7400,97.0,0.0,0.0,0.0,6,87.4,108.6,1,97.0,101.0,0.0,0.0,0.0,0.0,221
2023-05-10 09:30:15,MO2403-C-7400,MO2403-C-7400,97.0,0.0,0.0,0.0,1,87.6,108.6,1,97.0,101.0,0.0,0.0,0.0,0.0,221
2023-05-10 09:30:15,MO2403-C-7400,MO2403-C-7400,97.0,0.0,0.0,0.0,6,87.8,108.6,2,97.0,101.0,0.0,0.0,0.0,0.0,221
2023-05-10 09:30:16,MO2403-C-7400,MO2403-C-7400,97.0,0.0,0.0,0.0,1,88.0,108.6,2,97.0,101.0,0.0,0.0,0.0,0.0,221
2023-05-10 09:30:16,MO2403-C-7400,MO2403-C-7400,97.0,0.0,0.0,0.0,6,88.2,108.6,2,97.0,101.0,0.0,0.0,0.0,0.0,221
2023-05-10 09:30:17,MO2403-C-7400,MO2403-C-7400,97.0,0.0,0.0,0.0,1,88.4,108.6,2,97.0,101.0,0.0,0.0,0.0,0.0,221
2023-05-10 09:30:17,MO2403-C-7400,MO2403-C-7400,97.0,0.0,0.0,0.0,6,88.6,108.6,2,97.0,101.0,0.0,0.0,0.0,0.0,221
2023-05-10 09:30:18,MO2403-C-7400,MO2403-C-7400,97.0,0.0,0.0,0.0,1,88.8,108.6,2,97.0,101.0,0.0,0.0,0.0,0.0,221
2023-05-10 09:30:18,MO2403-C-7400,MO2403-C-7400,97.0,0.0,0.0,0.0,6,89.0,108.6,2,97.0,101.0,0.0,0.0,0.0,0.0,221
2023-05-10 09:30:19,MO2403-C-7400,MO2403-C-7400,97.0,0.0,0.0,0.0,1,89.2,108.6,2,97.0,101.0,0.0,0.0,0.0,0.0,221
2023-05-10 09:30:19,MO2403-C-7400,MO2403-C-7400,97.0,0.0,0.0,0.0,6,89.4,108.4,6,97.0,101.0,0.0,0.0,0.0,0.0,221
2023-05-10 09:30:20,MO2403-C-7400,MO2403-C-7400,97.0,0.0,0.0,0.0,1,89.6,108.2,1,97.0,101.0,0.0,0.0,0.0,0.0,221
2023-05-10 09:30:20,MO2403-C-7400,MO2403-C-7400,97.0,0.0,0.0,0.0,6,89.8,108.2,1,97.0,101.0,0.0,0.0,0.0,0.0,221
2023-05-10 09:30:21,MO2403-C-7400,MO2403-C-7400,97.0,0.0,0.0,0.0,7,89.8,108.2,1,97.0,101.0,0.0,0.0,0.0,0.0,221
2023-05-10 09:30:21,MO2403-C-7400,MO2403-C-7400,97.0,0.0,0.0,0.0,6,90.0,108.2,7,97.0,101.0,0.0,0.0,0.0,0.0,221
2023-05-10 09:30:22,MO2403-C-7400,MO2403-C-7400,97.0,0.0,0.0,0.0,6,86.0,108.2,1,97.0,101.0,0.0,0.0,0.0,0.0,221
2023-05-10 09:30:22,MO2403-C-7400,MO2403-C-7400,97.0,0.0,0.0,0.0,1,86.2,108.2,1,97.0,101.0,0.0,0.0,0.0,0.0,221
2023-05-10 09:30:23,MO2403-C-7400,MO2403-C-7400,97.0,0.0,0.0,0.0,6,86.4,108.2,1,97.0,101.0,0.0,0.0,0.0,0.0,221
2023-05-10 09:30:24,MO2403-C-7400,MO2403-C-7400,97.0,0.0,0.0,0.0,1,86.6,108.2,1,97.0,101.0,0.0,0.0,0.0,0.0,221
2023-05-10 09:30:25,MO2403-C-7400,MO2403-C-7400,97.0,0.0,0.0,0.0,6,86.8,108.2,1,97.0,101.0,0.0,0.0,0.0,0.0,221
2023-05-10 09:30:25,MO2403-C-7400,MO2403-C-7400,97.0,0.0,0.0,0.0,1,87.0,108.6,1,97.0,101.0,0.0,0.0,0.0,0.0,221
2023-05-10 09:30:26,MO2403-C-7400,MO2403-C-7400,97.0,0.0,0.0,0.0,6,95.6,103.6,6,97.0,101.0,0.0,0.0,0.0,0.0,221
2023-05-10 09:30:26,MO2403-C-7400,MO2403-C-7400,97.0,0.0,0.0,0.0,7,95.6,103.4,6,97.0,101.0,0.0,0.0,0.0,0.0,221
2023-05-10 09:30:27,MO2403-C-7400,MO2403-C-7400,97.0,0.0,0.0,0.0,9,95.6,103.4,8,97.0,101.0,0.0,0.0,0.0,0.0,221
2023-05-10 09:30:27,MO2403-C-7400,MO2403-C-7400,97.0,0.0,0.0,0.0,7,95.6,103.2,6,97.0,101.0,0.0,0.0,0.0,0.0,221
2023-05-10 09:30:28,MO2403-C-7400,MO2403-C-7400,97.0,0.0,0.0,0.0,9,95.6,103.2,8,97.0,101.0,0.0,0.0,0.0,0.0,221
2023-05-10 09:30:28,MO2403-C-7400,MO2403-C-7400,97.0,0.0,0.0,0.0,7,95.6,103.4,6,97.0,101.0,0.0,0.0,0.0,0.0,221
2023-05-10 09:30:29,MO2403-C-7400,MO2403-C-7400,97.0,0.0,0.0,0.0,9,95.6,103.4,8,97.0,101.0,0.0,0.0,0.0,0.0,221
2023-05-10 09:30:29,MO2403-C-7400,MO2403-C-7400,97.0,0.0,0.0,0.0,7,95.6,103.2,6,97.0,101.0,0.0,0.0,0.0,0.0,221
2023-05-10 09:30:30,MO2403-C-7400,MO2403-C-7400,97.0,0.0,0.0,0.0,9,95.6,103.2,2,97.0,101.0,0.0,0.0,0.0,0.0,221
2023-05-10 09:30:30,MO2403-C-7400,MO2403-C-7400,97.0,0.0,0.0,0.0,7,95.6,103.0,6,97.0,101.0,0.0,0.0,0.0,0.0,221
2023-05-10 09:30:31,MO2403-C-7400,MO2403-C-7400,97.0,0.0,0.0,0.0,9,95.6,103.0,2,97.0,101.0,0.0,0.0,0.0,0.0,221
2023-05-10 09:30:31,MO2403-C-7400,MO2403-C-7400,97.0,0.0,0.0,0.0,7,95.6,102.8,6,97.0,101.0,0.0,0.0,0.0,0.0,221
2023-05-10 09:30:32,MO2403-C-7400,MO2403-C-7400,97.0,0.0,0.0,0.0,9,95.6,102.8,2,97.0,101.0,0.0,0.0,0.0,0.0,221
2023-05-10 09:30:32,MO2403-C-7400,MO2403-C-7400,97.0,0.0,0.0,0.0,7,95.6,102.6,6,97.0,101.0,0.0,0.0,0.0,0.0,221
2023-05-10 09:30:33,MO2403-C-7400,MO2403-C-7400,97.0,0.0,0.0,0.0,9,95.6,102.6,2,97.0,101.0,0.0,0.0,0.0,0.0,221
2023-05-10 09:30:33,MO2403-C-7400,MO2403-C-7400,97.0,0.0,0.0,0.0,7,95.6,102.4,6,97.0,101.0,0.0,0.0,0.0,0.0,221
2023-05-10 09:30:34,MO2403-C-7400,MO2403-C-7400,97.0,0.0,0.0,0.0,9,95.6,102.4,8,97.0,101.0,0.0,0.0,0.0,0.0,221
2023-05-10 09:30:34,MO2403-C-7400,MO2403-C-7400,97.0,0.0,0.0,0.0,7,95.6,102.2,6,97.0,101.0,0.0,0.0,0.0,0.0,221
2023-05-10 09:30:35,MO2403-C-7400,MO2403-C-7400,97.0,0.0,0.0,0.0,6,95.8,102.2,8,97.0,101.0,0.0,0.0,0.0,0.0,221
2023-05-10 09:30:35,MO2403-C-7400,MO2403-C-7400,97.0,0.0,0.0,0.0,6,95.8,102.2,6,97.0,101.0,0.0,0.0,0.0,0.0,221
2023-05-10 09:30:36,MO2403-C-7400,MO2403-C-7400,97.0,0.0,0.0,0.0,8,95.8,102.2,8,97.0,101.0,0.0,0.0,0.0,0.0,221
2023-05-10 09:30:36,MO2403-C-7400,MO2403-C-7400,97.0,0.0,0.0,0.0,6,95.8,102.0,6,97.0,101.0,0.0,0.0,0.0,0.0,221
2023-05-10 09:30:37,MO2403-C-7400,MO2403-C-7400,97.0,0.0,0.0,0.0,8,95.8,102.0,2,97.0,101.0,0.0,0.0,0.0,0.0,221
2023-05-10 09:30:37,MO2403-C-7400,MO2403-C-7400,97.0,0.0,0.0,0.0,6,95.8,101.8,6,97.0,101.0,0.0,0.0,0.0,0.0,221
2023-05-10 09:30:38,MO2403-C-7400,MO2403-C-7400,97.0,0.0,0.0,0.0,8,95.8,101.8,2,97.0,101.0,0.0,0.0,0.0,0.0,221
2023-05-10 09:30:38,MO2403-C-7400,MO2403-C-7400,97.0,0.0,0.0,0.0,6,95.8,101.8,6,97.0,101.0,0.0,0.0,0.0,0.0,221
2023-05-10 09:30:39,MO2403-C-7400,MO2403-C-7400,97.0,0.0,0.0,0.0,8,95.8,101.8,2,97.0,101.0,0.0,0.0,0.0,0.0,221
2023-05-10 09:30:39,MO2403-C-7400,MO2403-C-7400,97.0,0.0,0.0,0.0,6,95.8,101.6,6,97.0,101.0,0.0,0.0,0.0,0.0,221
2023-05-10 09:30:40,MO2403-C-7400,MO2403-C-7400,97.0,0.0,0.0,0.0,8,95.8,101.6,2,97.0,101.0,0.0,0.0,0.0,0.0,221
2023-05-10 09:30:40,MO2403-C-7400,MO2403-C-7400,97.0,0.0,0.0,0.0,6,95.8,101.6,6,97.0,101.0,0.0,0.0,0.0,0.0,221
2023-05-10 09:30:41,MO2403-C-7400,MO2403-C-7400,97.0,0.0,0.0,0.0,6,95.8,102.2,6,97.0,101.0,0.0,0.0,0.0,0.0,221
2023-05-10 09:30:41,MO2403-C-7400,MO2403-C-7400,97.0,0.0,0.0,0.0,8,95.8,102.2,8,97.0,101.0,0.0,0.0,0.0,0.0,221
2023-05-10 09:30:42,MO2403-C-7400,MO2403-C-7400,97.0,0.0,0.0,0.0,6,95.8,102.0,6,97.0,101.0,0.0,0.0,0.0,0.0,221
2023-05-10 09:30:42,MO2403-C-7400,MO2403-C-7400,97.0,0.0,0.0,0.0,8,95.8,102.0,2,97.0,101.0,0.0,0.0,0.0,0.0,221
2023-05-10 09:30:43,MO2403-C-7400,MO2403-C-7400,97.0,0.0,0.0,0.0,8,95.8,101.8,6,97.0,101.0,0.0,0.0,0.0,0.0,221
2023-05-10 09:30:43,MO2403-C-7400,MO2403-C-7400,97.0,0.0,0.0,0.0,6,95.8,101.8,6,97.0,101.0,0.0,0.0,0.0,0.0,221
2023-05-10 09:30:44,MO2403-C-7400,MO2403-C-7400,97.0,0.0,0.0,0.0,8,95.8,101.8,2,97.0,101.0,0.0,0.0,0.0,0.0,221
2023-05-10 09:30:44,MO2403-C-7400,MO2403-C-7400,97.0,0.0,0.0,0.0,6,95.8,101.6,6,97.0,101.0,0.0,0.0,0.0,0.0,221
2023-05-10 09:30:45,MO2403-C-7400,MO2403-C-7400,97.0,0.0,0.0,0.0,8,95.8,101.6,2,97.0,101.0,0.0,0.0,0.0,0.0,221
2023-05-10 09:30:45,MO2403-C-7400,MO2403-C-7400,97.0,0.0,0.0,0.0,6,95.8,101.4,6,97.0,101.0,0.0,0.0,0.0,0.0,221
2023-05-10 09:30:46,MO2403-C-7400,MO2403-C-7400,97.0,0.0,0.0,0.0,8,95.8,101.4,2,97.0,101.0,0.0,0.0,0.0,0.0,221
2023-05-10 09:30:46,MO2403-C-7400,MO2403-C-7400,97.0,0.0,0.0,0.0,6,95.8,101.2,6,97.0,101.0,0.0,0.0,0.0,0.0,221
2023-05-10 09:30:47,MO2403-C-7400,MO2403-C-7400,97.0,0.0,0.0,0.0,8,95.8,101.6,2,97.0,101.0,0.0,0.0,0.0,0.0,221
2023-05-10 09:30:47,MO2403-C-7400,MO2403-C-7400,97.0,0.0,0.0,0.0,6,95.8,101.4,6,97.0,101.0,0.0,0.0,0.0,0.0,221
2023-05-10 09:30:48,MO2403-C-7400,MO2403-C-7400,97.0,0.0,0.0,0.0,8,95.8,101.4,2,97.0,101.0,0.0,0.0,0.0,0.0,221
2023-05-10 09:30:48,MO2403-C-7400,MO2403-C-7400,97.0,0.0,0.0,0.0,6,95.8,101.6,6,97.0,101.0,0.0,0.0,0.0,0.0,221
2023-05-10 09:30:49,MO2403-C-7400,MO2403-C-7400,97.0,0.0,0.0,0.0,8,95.8,101.6,2,97.0,101.0,0.0,0.0,0.0,0.0,221
2023-05-10 09:30:49,MO2403-C-7400,MO2403-C-7400,97.0,0.0,0.0,0.0,6,95.8,101.6,6,97.0,101.0,0.0,0.0,0.0,0.0,221
2023-05-10 09:30:50,MO2403-C-7400,MO2403-C-7400,97.0,0.0,0.0,0.0,8,95.8,101.6,2,97.0,101.0,0.0,0.0,0.0,0.0,221
2023-05-10 09:30:50,MO2403-C-7400,MO2403-C-7400,97.0,0.0,0.0,0.0,6,95.8,101.6,6,97.0,101.0,0.0,0.0,0.0,0.0,221
2023-05-10 09:30:51,MO2403-C-7400,MO2403-C-7400,97.0,0.0,0.0,0.0,8,95.8,101.6,2,97.0,101.0,0.0,0.0,0.0,0.0,221
2023-05-10 09:30:51,MO2403-C-7400,MO2403-C-7400,97.0,0.0,0.0,0.0,12,95.8,101.4,6,97.0,101.0,0.0,0.0,0.0,0.0,221
2023-05-10 09:30:52,MO2403-C-7400,MO2403-C-7400,97.0,0.0,0.0,0.0,14,95.8,102.2,6,97.0,101.0,0.0,0.0,0.0,0.0,221
2023-05-10 09:30:52,MO2403-C-7400,MO2403-C-7400,97.0,0.0,0.0,0.0,12,95.8,102.2,6,97.0,101.0,0.0,0.0,0.0,0.0,221
2023-05-10 09:30:53,MO2403-C-7400,MO2403-C-7400,97.0,0.0,0.0,0.0,14,95.8,102.2,6,97.0,101.0,0.0,0.0,0.0,0.0,221
2023-05-10 09:30:53,MO2403-C-7400,MO2403-C-7400,97.0,0.0,0.0,0.0,12,95.8,102.2,6,97.0,101.0,0.0,0.0,0.0,0.0,221
2023-05-10 09:30:54,MO2403-C-7400,MO2403-C-7400,97.0,0.0,0.0,0.0,14,95.8,102.2,6,97.0,101.0,0.0,0.0,0.0,0.0,221
2023-05-10 09:30:54,MO2403-C-7400,MO2403-C-7400,97.0,0.0,0.0,0.0,12,95.8,102.2,6,97.0,101.0,0.0,0.0,0.0,0.0,221
2023-05-10 09:30:55,MO2403-C-7400,MO2403-C-7400,97.0,0.0,0.0,0.0,14,95.8,102.2,6,97.0,101.0,0.0,0.0,0.0,0.0,221
2023-05-10 09:30:55,MO2403-C-7400,MO2403-C-7400,97.0,0.0,0.0,0.0,12,95.8,102.2,6,97.0,101.0,0.0,0.0,0.0,0.0,221
2023-05-10 09:30:56,MO2403-C-7400,MO2403-C-7400,97.0,0.0,0.0,0.0,14,95.8,102.2,6,97.0,101.0,0.0,0.0,0.0,0.0,221
2023-05-10 09:30:56,MO2403-C-7400,MO2403-C-7400,97.0,0.0,0.0,0.0,12,95.8,102.2,6,97.0,101.0,0.0,0.0,0.0,0.0,221
2023-05-10 09:30:57,MO2403-C-7400,MO2403-C-7400,97.0,0.0,0.0,0.0,14,95.8,102.2,6,97.0,101.0,0.0,0.0,0.0,0.0,221
2023-05-10 09:30:57,MO2403-C-7400,MO2403-C-7400,97.0,0.0,0.0,0.0,12,95.8,102.2,6,97.0,101.0,0.0,0.0,0.0,0.0,221
2023-05-10 09:30:58,MO2403-C-7400,MO2403-C-7400,97.0,0.0,0.0,0.0,14,95.8,102.2,6,97.0,101.0,0.0,0.0,0.0,0.0,221
2023-05-10 09:30:58,MO2403-C-7400,MO2403-C-7400,97.0,0.0,0.0,0.0,12,95.8,102.2,6,97.0,101.0,0.0,0.0,0.0,0.0,221
2023-05-10 09:31:06,MO2403-C-7400,MO2403-C-7400,97.0,0.0,0.0,0.0,16,95.8,102.2,6,97.0,101.0,0.0,0.0,0.0,0.0,221
2023-05-10 09:31:10,MO2403-C-7400,MO2403-C-7400,97.0,0.0,0.0,0.0,6,95.8,102.2,6,97.0,101.0,0.0,0.0,0.0,0.0,221
2023-05-10 09:31:25,MO2403-C-7400,MO2403-C-7400,97.0,0.0,0.0,0.0,6,96.0,102.6,18,97.0,101.0,0.0,0.0,0.0,0.0,221
2023-05-10 09:31:26,MO2403-C-7400,MO2403-C-7400,97.0,0.0,0.0,0.0,6,96.2,102.6,12,97.0,101.0,0.0,0.0,0.0,0.0,221
2023-05-10 09:31:26,MO2403-C-7400,MO2403-C-7400,97.0,0.0,0.0,0.0,12,96.2,102.4,6,97.0,101.0,0.0,0.0,0.0,0.0,221
2023-05-10 09:31:27,MO2403-C-7400,MO2403-C-7400,97.0,0.0,0.0,0.0,6,96.2,102.6,6,97.0,101.0,0.0,0.0,0.0,0.0,221
2023-05-10 09:31:31,MO2403-C-7400,MO2403-C-7400,97.0,0.0,0.0,0.0,6,96.6,102.6,6,97.0,101.0,0.0,0.0,0.0,0.0,221
2023-05-10 09:31:32,MO2403-C-7400,MO2403-C-7400,97.0,0.0,0.0,0.0,6,96.8,102.6,6,97.0,101.0,0.0,0.0,0.0,0.0,221
2023-05-10 09:31:33,MO2403-C-7400,MO2403-C-7400,97.0,0.0,0.0,0.0,12,96.8,102.6,6,97.0,101.0,0.0,0.0,0.0,0.0,221
2023-05-10 09:31:33,MO2403-C-7400,MO2403-C-7400,97.0,0.0,0.0,0.0,12,96.8,102.8,6,97.0,101.0,0.0,0.0,0.0,0.0,221
2023-05-10 09:31:34,MO2403-C-7400,MO2403-C-7400,97.0,0.0,0.0,0.0,12,96.8,103.0,6,97.0,101.0,0.0,0.0,0.0,0.0,221
2023-05-10 09:31:35,MO2403-C-7400,MO2403-C-7400,97.0,0.0,0.0,0.0,16,96.8,103.0,6,97.0,101.0,0.0,0.0,0.0,0.0,221
2023-05-10 09:31:39,MO2403-C-7400,MO2403-C-7400,97.0,0.0,0.0,0.0,22,96.8,103.0,6,97.0,101.0,0.0,0.0,0.0,0.0,221
2023-05-10 09:31:40,MO2403-C-7400,MO2403-C-7400,97.0,0.0,0.0,0.0,6,97.2,103.0,6,97.0,101.0,0.0,0.0,0.0,0.0,221
2023-05-10 09:31:41,MO2403-C-7400,MO2403-C-7400,97.0,0.0,0.0,0.0,1,97.4,103.0,6,97.0,101.0,0.0,0.0,0.0,0.0,221
2023-05-10 09:31:51,MO2403-C-7400,MO2403-C-7400,97.0,0.0,0.0,0.0,1,97.6,103.0,6,97.0,101.0,0.0,0.0,0.0,0.0,221
2023-05-10 09:31:58,MO2403-C-7400,MO2403-C-7400,97.0,0.0,0.0,0.0,2,97.4,103.0,6,97.0,101.0,0.0,0.0,0.0,0.0,221
2023-05-10 09:31:59,MO2403-C-7400,MO2403-C-7400,97.0,0.0,0.0,0.0,6,97.6,103.0,6,97.0,101.0,0.0,0.0,0.0,0.0,221
2023-05-10 09:32:00,MO2403-C-7400,MO2403-C-7400,97.0,0.0,0.0,0.0,6,97.8,103.2,6,97.0,101.0,0.0,0.0,0.0,0.0,221
2023-05-10 09:32:02,MO2403-C-7400,MO2403-C-7400,97.0,0.0,0.0,0.0,8,97.8,103.2,6,97.0,101.0,0.0,0.0,0.0,0.0,221
2023-05-10 09:32:06,MO2403-C-7400,MO2403-C-7400,97.0,0.0,0.0,0.0,12,97.8,103.2,6,97.0,101.0,0.0,0.0,0.0,0.0,221
2023-05-10 09:32:07,MO2403-C-7400,MO2403-C-7400,97.0,0.0,0.0,0.0,24,97.8,103.2,18,97.0,101.0,0.0,0.0,0.0,0.0,221
2023-05-10 09:32:08,MO2403-C-7400,MO2403-C-7400,97.0,0.0,0.0,0.0,24,97.8,103.0,6,97.0,101.0,0.0,0.0,0.0,0.0,221
2023-05-10 09:32:08,MO2403-C-7400,MO2403-C-7400,97.0,0.0,0.0,0.0,6,98.0,103.0,6,97.0,101.0,0.0,0.0,0.0,0.0,221
2023-05-10 09:32:09,MO2403-C-7400,MO2403-C-7400,97.0,0.0,0.0,0.0,8,98.0,103.0,6,97.0,101.0,0.0,0.0,0.0,0.0,221
2023-05-10 09:32:11,MO2403-C-7400,MO2403-C-7400,97.0,0.0,0.0,0.0,6,98.0,103.0,6,97.0,101.0,0.0,0.0,0.0,0.0,221
2023-05-10 09:32:11,MO2403-C-7400,MO2403-C-7400,97.0,0.0,0.0,0.0,8,98.0,103.0,6,97.0,101.0,0.0,0.0,0.0,0.0,221
2023-05-10 09:32:48,MO2403-C-7400,MO2403-C-7400,97.0,0.0,0.0,0.0,6,98.0,103.0,6,97.0,101.0,0.0,0.0,0.0,0.0,221
2023-05-10 09:32:49,MO2403-C-7400,MO2403-C-7400,97.0,0.0,0.0,0.0,8,98.0,103.0,6,97.0,101.0,0.0,0.0,0.0,0.0,221
2023-05-10 09:33:00,MO2403-C-7400,MO2403-C-7400,97.0,0.0,0.0,0.0,1,98.6,103.0,6,97.0,101.0,0.0,0.0,0.0,0.0,221
2023-05-10 09:33:08,MO2403-C-7400,MO2403-C-7400,97.0,0.0,0.0,0.0,2,98.4,103.0,6,97.0,101.0,0.0,0.0,0.0,0.0,221
2023-05-10 09:33:09,MO2403-C-7400,MO2403-C-7400,97.0,0.0,0.0,0.0,6,98.0,103.0,6,97.0,101.0,0.0,0.0,0.0,0.0,221
2023-05-10 09:33:10,MO2403-C-7400,MO2403-C-7400,97.0,0.0,0.0,0.0,8,98.0,103.0,6,97.0,101.0,0.0,0.0,0.0,0.0,221
2023-05-10 09:34:03,MO2403-C-7400,MO2403-C-7400,97.0,0.0,0.0,0.0,8,98.0,102.8,4,97.0,101.0,0.0,0.0,0.0,0.0,221
2023-05-10 09:34:03,MO2403-C-7400,MO2403-C-7400,97.0,0.0,0.0,0.0,8,98.0,102.6,6,97.0,101.0,0.0,0.0,0.0,0.0,221
2023-05-10 09:34:09,MO2403-C-7400,MO2403-C-7400,97.0,0.0,0.0,0.0,2,98.0,102.6,6,97.0,101.0,0.0,0.0,0.0,0.0,221
2023-05-10 09:34:10,MO2403-C-7400,MO2403-C-7400,97.0,0.0,0.0,0.0,18,97.8,102.6,6,97.0,101.0,0.0,0.0,0.0,0.0,221
2023-05-10 09:34:10,MO2403-C-7400,MO2403-C-7400,97.0,0.0,0.0,0.0,12,97.8,102.6,6,97.0,101.0,0.0,0.0,0.0,0.0,221
2023-05-10 09:34:11,MO2403-C-7400,MO2403-C-7400,97.0,0.0,0.0,0.0,2,97.8,102.6,6,97.0,101.0,0.0,0.0,0.0,0.0,221
2023-05-10 09:34:12,MO2403-C-7400,MO2403-C-7400,97.0,0.0,0.0,0.0,6,97.6,102.6,6,97.0,101.0,0.0,0.0,0.0,0.0,221
2023-05-10 09:34:13,MO2403-C-7400,MO2403-C-7400,97.0,0.0,0.0,0.0,8,97.6,102.6,6,97.0,101.0,0.0,0.0,0.0,0.0,221
2023-05-10 09:34:18,MO2403-C-7400,MO2403-C-7400,97.0,0.0,0.0,0.0,2,97.6,102.6,6,97.0,101.0,0.0,0.0,0.0,0.0,221
2023-05-10 09:34:19,MO2403-C-7400,MO2403-C-7400,97.0,0.0,0.0,0.0,24,97.4,102.6,8,97.0,101.0,0.0,0.0,0.0,0.0,221
2023-05-10 09:34:20,MO2403-C-7400,MO2403-C-7400,97.0,0.0,0.0,0.0,24,97.4,102.4,6,97.0,101.0,0.0,0.0,0.0,0.0,221
2023-05-10 09:34:20,MO2403-C-7400,MO2403-C-7400,97.0,0.0,0.0,0.0,26,97.4,102.4,6,97.0,101.0,0.0,0.0,0.0,0.0,221
2023-05-10 09:34:22,MO2403-C-7400,MO2403-C-7400,97.0,0.0,0.0,0.0,27,97.4,102.4,6,97.0,101.0,0.0,0.0,0.0,0.0,221
2023-05-10 09:34:25,MO2403-C-7400,MO2403-C-7400,97.0,0.0,0.0,0.0,33,97.4,102.4,6,97.0,101.0,0.0,0.0,0.0,0.0,221
2023-05-10 09:34:27,MO2403-C-7400,MO2403-C-7400,97.0,0.0,0.0,0.0,1,98.0,102.4,6,97.0,101.0,0.0,0.0,0.0,0.0,221
2023-05-10 09:34:27,MO2403-C-7400,MO2403-C-7400,97.0,0.0,0.0,0.0,2,98.0,102.4,6,97.0,101.0,0.0,0.0,0.0,0.0,221
2023-05-10 09:34:30,MO2403-C-7400,MO2403-C-7400,97.0,0.0,0.0,0.0,1,98.0,102.4,6,97.0,101.0,0.0,0.0,0.0,0.0,221
2023-05-10 09:34:31,MO2403-C-7400,MO2403-C-7400,97.0,0.0,0.0,0.0,1,98.0,102.6,6,97.0,101.0,0.0,0.0,0.0,0.0,221
2023-05-10 09:34:42,MO2403-C-7400,MO2403-C-7400,97.0,0.0,0.0,0.0,2,97.8,102.6,6,97.0,101.0,0.0,0.0,0.0,0.0,221
2023-05-10 09:34:43,MO2403-C-7400,MO2403-C-7400,97.0,0.0,0.0,0.0,29,97.4,102.6,6,97.0,101.0,0.0,0.0,0.0,0.0,221
2023-05-10 09:34:43,MO2403-C-7400,MO2403-C-7400,97.0,0.0,0.0,0.0,18,97.4,102.6,6,97.0,101.0,0.0,0.0,0.0,0.0,221
2023-05-10 09:34:44,MO2403-C-7400,MO2403-C-7400,97.0,0.0,0.0,0.0,20,97.4,102.6,6,97.0,101.0,0.0,0.0,0.0,0.0,221
2023-05-10 09:34:49,MO2403-C-7400,MO2403-C-7400,97.0,0.0,0.0,0.0,1,97.6,102.6,6,97.0,101.0,0.0,0.0,0.0,0.0,221
2023-05-10 09:35:47,MO2403-C-7400,MO2403-C-7400,97.0,0.0,0.0,0.0,2,97.6,102.6,6,97.0,101.0,0.0,0.0,0.0,0.0,221
2023-05-10 09:35:48,MO2403-C-7400,MO2403-C-7400,97.0,0.0,0.0,0.0,8,97.6,102.6,6,97.0,101.0,0.0,0.0,0.0,0.0,221
2023-05-10 09:35:49,MO2403-C-7400,MO2403-C-7400,97.0,0.0,0.0,0.0,10,97.6,102.6,6,97.0,101.0,0.0,0.0,0.0,0.0,221
2023-05-10 09:35:57,MO2403-C-7400,MO2403-C-7400,97.0,0.0,0.0,0.0,1,97.8,102.6,6,97.0,101.0,0.0,0.0,0.0,0.0,221
2023-05-10 09:36:06,MO2403-C-7400,MO2403-C-7400,97.0,0.0,0.0,0.0,1,98.6,102.6,6,97.0,101.0,0.0,0.0,0.0,0.0,221
2023-05-10 09:36:08,MO2403-C-7400,MO2403-C-7400,97.0,0.0,0.0,0.0,1,98.6,103.0,6,97.0,101.0,0.0,0.0,0.0,0.0,221
2023-05-10 09:36:08,MO2403-C-7400,MO2403-C-7400,97.0,0.0,0.0,0.0,1,98.6,103.2,6,97.0,101.0,0.0,0.0,0.0,0.0,221
2023-05-10 09:36:10,MO2403-C-7400,MO2403-C-7400,97.0,0.0,0.0,0.0,1,98.6,103.4,6,97.0,101.0,0.0,0.0,0.0,0.0,221
2023-05-10 09:36:31,MO2403-C-7400,MO2403-C-7400,97.0,0.0,0.0,0.0,2,98.6,103.4,6,97.0,101.0,0.0,0.0,0.0,0.0,221
2023-05-10 09:36:41,MO2403-C-7400,MO2403-C-7400,97.0,0.0,0.0,0.0,1,98.8,103.4,6,97.0,101.0,0.0,0.0,0.0,0.0,221
2023-05-10 09:36:51,MO2403-C-7400,MO2403-C-7400,97.0,0.0,0.0,0.0,1,99.0,103.4,6,97.0,101.0,0.0,0.0,0.0,0.0,221
2023-05-10 09:36:55,MO2403-C-7400,MO2403-C-7400,97.0,0.0,0.0,0.0,1,99.6,103.4,6,97.0,101.0,0.0,0.0,0.0,0.0,221
2023-05-10 09:36:56,MO2403-C-7400,MO2403-C-7400,97.0,0.0,0.0,0.0,1,99.6,103.6,6,97.0,101.0,0.0,0.0,0.0,0.0,221
2023-05-10 09:36:57,MO2403-C-7400,MO2403-C-7400,97.0,0.0,0.0,0.0,1,99.6,103.8,6,97.0,101.0,0.0,0.0,0.0,0.0,221
2023-05-10 09:37:02,MO2403-C-7400,MO2403-C-7400,97.0,0.0,0.0,0.0,8,99.4,103.8,6,97.0,101.0,0.0,0.0,0.0,0.0,221
2023-05-10 09:37:03,MO2403-C-7400,MO2403-C-7400,97.0,0.0,0.0,0.0,2,99.4,103.8,6,97.0,101.0,0.0,0.0,0.0,0.0,221
2023-05-10 09:37:04,MO2403-C-7400,MO2403-C-7400,97.0,0.0,0.0,0.0,1,99.0,104.0,6,97.0,101.0,0.0,0.0,0.0,0.0,221
2023-05-10 09:37:06,MO2403-C-7400,MO2403-C-7400,97.0,0.0,0.0,0.0,33,98.8,104.0,6,97.0,101.0,0.0,0.0,0.0,0.0,221
2023-05-10 09:37:07,MO2403-C-7400,MO2403-C-7400,97.0,0.0,0.0,0.0,27,98.8,104.0,6,97.0,101.0,0.0,0.0,0.0,0.0,221
2023-05-10 09:37:07,MO2403-C-7400,MO2403-C-7400,97.0,0.0,0.0,0.0,21,98.8,104.0,6,97.0,101.0,0.0,0.0,0.0,0.0,221
2023-05-10 09:37:11,MO2403-C-7400,MO2403-C-7400,97.0,0.0,0.0,0.0,1,99.8,104.0,6,97.0,101.0,0.0,0.0,0.0,0.0,221
2023-05-10 09:37:16,MO2403-C-7400,MO2403-C-7400,97.0,0.0,0.0,0.0,2,99.6,104.0,6,97.0,101.0,0.0,0.0,0.0,0.0,221
2023-05-10 09:37:17,MO2403-C-7400,MO2403-C-7400,97.0,0.0,0.0,0.0,1,99.2,104.0,6,97.0,101.0,0.0,0.0,0.0,0.0,221
2023-05-10 09:37:18,MO2403-C-7400,MO2403-C-7400,97.0,0.0,0.0,0.0,9,99.0,104.0,6,97.0,101.0,0.0,0.0,0.0,0.0,221
2023-05-10 09:37:18,MO2403-C-7400,MO2403-C-7400,97.0,0.0,0.0,0.0,3,99.0,104.0,6,97.0,101.0,0.0,0.0,0.0,0.0,221
2023-05-10 09:37:19,MO2403-C-7400,MO2403-C-7400,97.0,0.0,0.0,0.0,1,99.0,104.0,6,97.0,101.0,0.0,0.0,0.0,0.0,221
2023-05-10 09:38:29,MO2403-C-7400,MO2403-C-7400,97.0,0.0,0.0,0.0,7,99.0,104.0,6,97.0,101.0,0.0,0.0,0.0,0.0,221
2023-05-10 09:38:30,MO2403-C-7400,MO2403-C-7400,97.0,0.0,0.0,0.0,9,99.0,104.0,6,97.0,101.0,0.0,0.0,0.0,0.0,221
2023-05-10 09:38:42,MO2403-C-7400,MO2403-C-7400,97.0,0.0,0.0,0.0,3,99.0,104.0,6,97.0,101.0,0.0,0.0,0.0,0.0,221
2023-05-10 09:38:43,MO2403-C-7400,MO2403-C-7400,97.0,0.0,0.0,0.0,1,99.0,104.0,6,97.0,101.0,0.0,0.0,0.0,0.0,221
2023-05-10 09:39:25,MO2403-C-7400,MO2403-C-7400,97.0,0.0,0.0,0.0,7,99.0,104.0,6,97.0,101.0,0.0,0.0,0.0,0.0,221
2023-05-10 09:39:26,MO2403-C-7400,MO2403-C-7400,97.0,0.0,0.0,0.0,1,100.0,104.0,6,97.0,101.0,0.0,0.0,0.0,0.0,221
2023-05-10 09:39:27,MO2403-C-7400,MO2403-C-7400,97.0,0.0,0.0,0.0,1,100.0,104.2,6,97.0,101.0,0.0,0.0,0.0,0.0,221
2023-05-10 09:39:57,MO2403-C-7400,MO2403-C-7400,97.0,0.0,0.0,0.0,2,99.8,104.2,6,97.0,101.0,0.0,0.0,0.0,0.0,221
2023-05-10 09:39:58,MO2403-C-7400,MO2403-C-7400,97.0,0.0,0.0,0.0,6,99.4,104.2,6,97.0,101.0,0.0,0.0,0.0,0.0,221
2023-05-10 09:39:59,MO2403-C-7400,MO2403-C-7400,97.0,0.0,0.0,0.0,2,99.4,104.2,6,97.0,101.0,0.0,0.0,0.0,0.0,221
2023-05-10 09:40:00,MO2403-C-7400,MO2403-C-7400,97.0,0.0,0.0,0.0,19,99.2,104.2,6,97.0,101.0,0.0,0.0,0.0,0.0,221
2023-05-10 09:40:01,MO2403-C-7400,MO2403-C-7400,97.0,0.0,0.0,0.0,21,99.2,104.2,6,97.0,101.0,0.0,0.0,0.0,0.0,221
2023-05-10 09:40:19,MO2403-C-7400,MO2403-C-7400,97.0,0.0,0.0,0.0,22,99.2,104.2,6,97.0,101.0,0.0,0.0,0.0,0.0,221
2023-05-10 09:40:28,MO2403-C-7400,MO2403-C-7400,97.0,0.0,0.0,0.0,28,99.2,104.2,6,97.0,101.0,0.0,0.0,0.0,0.0,221
2023-05-10 09:40:29,MO2403-C-7400,MO2403-C-7400,97.0,0.0,0.0,0.0,1,99.4,104.2,6,97.0,101.0,0.0,0.0,0.0,0.0,221
2023-05-10 09:40:41,MO2403-C-7400,MO2403-C-7400,97.0,0.0,0.0,0.0,33,99.2,104.2,6,97.0,101.0,0.0,0.0,0.0,0.0,221
2023-05-10 09:40:48,MO2403-C-7400,MO2403-C-7400,97.0,0.0,0.0,0.0,27,99.2,104.2,6,97.0,101.0,0.0,0.0,0.0,0.0,221
2023-05-10 09:40:56,MO2403-C-7400,MO2403-C-7400,97.0,0.0,0.0,0.0,28,99.2,104.2,6,97.0,101.0,0.0,0.0,0.0,0.0,221
2023-05-10 09:41:06,MO2403-C-7400,MO2403-C-7400,97.0,0.0,0.0,0.0,1,99.4,104.2,6,97.0,101.0,0.0,0.0,0.0,0.0,221
2023-05-10 09:41:12,MO2403-C-7400,MO2403-C-7400,97.0,0.0,0.0,0.0,27,99.2,104.2,6,97.0,101.0,0.0,0.0,0.0,0.0,221
2023-05-10 09:41:22,MO2403-C-7400,MO2403-C-7400,97.0,0.0,0.0,0.0,28,99.2,104.2,6,97.0,101.0,0.0,0.0,0.0,0.0,221
2023-05-10 09:41:31,MO2403-C-7400,MO2403-C-7400,97.0,0.0,0.0,0.0,22,99.2,104.2,6,97.0,101.0,0.0,0.0,0.0,0.0,221
2023-05-10 09:41:35,MO2403-C-7400,MO2403-C-7400,97.0,0.0,0.0,0.0,1,99.4,104.2,6,97.0,101.0,0.0,0.0,0.0,0.0,221
2023-05-10 09:41:49,MO2403-C-7400,MO2403-C-7400,97.0,0.0,0.0,0.0,20,99.2,104.2,6,97.0,101.0,0.0,0.0,0.0,0.0,221
2023-05-10 09:42:04,MO2403-C-7400,MO2403-C-7400,97.0,0.0,0.0,0.0,21,99.2,104.2,6,97.0,101.0,0.0,0.0,0.0,0.0,221
2023-05-10 09:42:14,MO2403-C-7400,MO2403-C-7400,97.0,0.0,0.0,0.0,1,99.4,104.2,6,97.0,101.0,0.0,0.0,0.0,0.0,221
2023-05-10 09:42:18,MO2403-C-7400,MO2403-C-7400,97.0,0.0,0.0,0.0,20,99.2,104.2,6,97.0,101.0,0.0,0.0,0.0,0.0,221
2023-05-10 09:42:39,MO2403-C-7400,MO2403-C-7400,97.0,0.0,0.0,0.0,21,99.2,104.2,6,97.0,101.0,0.0,0.0,0.0,0.0,221
2023-05-10 09:42:54,MO2403-C-7400,MO2403-C-7400,97.0,0.0,0.0,0.0,1,99.4,104.2,6,97.0,101.0,0.0,0.0,0.0,0.0,221
2023-05-10 09:42:56,MO2403-C-7400,MO2403-C-7400,97.0,0.0,0.0,0.0,1,99.8,104.2,6,97.0,101.0,0.0,0.0,0.0,0.0,221
2023-05-10 09:43:17,MO2403-C-7400,MO2403-C-7400,97.0,0.0,0.0,0.0,2,99.6,104.2,6,97.0,101.0,0.0,0.0,0.0,0.0,221
2023-05-10 09:43:18,MO2403-C-7400,MO2403-C-7400,97.0,0.0,0.0,0.0,18,99.2,104.2,6,97.0,101.0,0.0,0.0,0.0,0.0,221
2023-05-10 09:43:19,MO2403-C-7400,MO2403-C-7400,97.0,0.0,0.0,0.0,20,99.2,104.2,6,97.0,101.0,0.0,0.0,0.0,0.0,221
2023-05-10 09:43:34,MO2403-C-7400,MO2403-C-7400,97.0,0.0,0.0,0.0,1,99.8,104.2,6,97.0,101.0,0.0,0.0,0.0,0.0,221
2023-05-10 09:44:45,MO2403-C-7400,MO2403-C-7400,97.0,0.0,0.0,0.0,2,99.6,104.2,6,97.0,101.0,0.0,0.0,0.0,0.0,221
2023-05-10 09:44:46,MO2403-C-7400,MO2403-C-7400,97.0,0.0,0.0,0.0,12,99.2,104.2,12,97.0,101.0,0.0,0.0,0.0,0.0,221
2023-05-10 09:44:46,MO2403-C-7400,MO2403-C-7400,97.0,0.0,0.0,0.0,12,99.0,104.0,6,97.0,101.0,0.0,0.0,0.0,0.0,221
2023-05-10 09:44:47,MO2403-C-7400,MO2403-C-7400,97.0,0.0,0.0,0.0,2,99.0,104.0,6,97.0,101.0,0.0,0.0,0.0,0.0,221
2023-05-10 09:44:47,MO2403-C-7400,MO2403-C-7400,97.0,0.0,0.0,0.0,18,98.8,104.0,6,97.0,101.0,0.0,0.0,0.0,0.0,221
2023-05-10 09:44:48,MO2403-C-7400,MO2403-C-7400,97.0,0.0,0.0,0.0,20,98.8,104.0,6,97.0,101.0,0.0,0.0,0.0,0.0,221
2023-05-10 09:44:50,MO2403-C-7400,MO2403-C-7400,97.0,0.0,0.0,0.0,14,98.8,104.0,6,97.0,101.0,0.0,0.0,0.0,0.0,221
2023-05-10 09:44:53,MO2403-C-7400,MO2403-C-7400,97.0,0.0,0.0,0.0,6,99.0,104.0,6,97.0,101.0,0.0,0.0,0.0,0.0,221
2023-05-10 09:44:54,MO2403-C-7400,MO2403-C-7400,97.0,0.0,0.0,0.0,8,99.0,104.0,6,97.0,101.0,0.0,0.0,0.0,0.0,221
2023-05-10 09:45:23,MO2403-C-7400,MO2403-C-7400,97.0,0.0,0.0,0.0,8,99.0,103.2,6,97.0,101.0,0.0,0.0,0.0,0.0,221
2023-05-10 09:45:24,MO2403-C-7400,MO2403-C-7400,97.0,0.0,0.0,0.0,8,99.0,103.0,6,97.0,101.0,0.0,0.0,0.0,0.0,221
2023-05-10 09:46:00,MO2403-C-7400,MO2403-C-7400,97.0,0.0,0.0,0.0,6,99.0,103.0,6,97.0,101.0,0.0,0.0,0.0,0.0,221
2023-05-10 09:46:01,MO2403-C-7400,MO2403-C-7400,97.0,0.0,0.0,0.0,8,99.0,103.0,6,97.0,101.0,0.0,0.0,0.0,0.0,221
2023-05-10 09:46:03,MO2403-C-7400,MO2403-C-7400,97.0,0.0,0.0,0.0,1,99.6,103.0,6,97.0,101.0,0.0,0.0,0.0,0.0,221
2023-05-10 09:46:22,MO2403-C-7400,MO2403-C-7400,97.0,0.0,0.0,0.0,2,99.6,103.0,6,97.0,101.0,0.0,0.0,0.0,0.0,221
2023-05-10 09:46:24,MO2403-C-7400,MO2403-C-7400,97.0,0.0,0.0,0.0,1,99.6,103.0,6,97.0,101.0,0.0,0.0,0.0,0.0,221
2023-05-10 09:47:08,MO2403-C-7400,MO2403-C-7400,97.0,0.0,0.0,0.0,1,99.6,103.2,6,97.0,101.0,0.0,0.0,0.0,0.0,221
2023-05-10 09:47:09,MO2403-C-7400,MO2403-C-7400,97.0,0.0,0.0,0.0,1,99.6,103.4,6,97.0,101.0,0.0,0.0,0.0,0.0,221
2023-05-10 09:47:10,MO2403-C-7400,MO2403-C-7400,97.0,0.0,0.0,0.0,1,99.6,103.6,6,97.0,101.0,0.0,0.0,0.0,0.0,221
2023-05-10 09:50:13,MO2403-C-7400,MO2403-C-7400,97.0,0.0,0.0,0.0,7,99.6,103.6,6,97.0,101.0,0.0,0.0,0.0,0.0,221
2023-05-10 09:50:14,MO2403-C-7400,MO2403-C-7400,97.0,0.0,0.0,0.0,1,102.4,103.6,6,97.0,101.0,0.0,0.0,0.0,0.0,221
2023-05-10 09:50:21,MO2403-C-7400,MO2403-C-7400,97.0,0.0,0.0,0.0,2,102.2,103.6,6,97.0,101.0,0.0,0.0,0.0,0.0,221
2023-05-10 09:50:22,MO2403-C-7400,MO2403-C-7400,97.0,0.0,0.0,0.0,1,101.8,103.6,6,97.0,101.0,0.0,0.0,0.0,0.0,221
2023-05-10 09:50:23,MO2403-C-7400,MO2403-C-7400,97.0,0.0,0.0,0.0,1,101.8,103.8,6,97.0,101.0,0.0,0.0,0.0,0.0,221
2023-05-10 09:50:24,MO2403-C-7400,MO2403-C-7400,97.0,0.0,0.0,0.0,1,101.8,104.0,6,97.0,101.0,0.0,0.0,0.0,0.0,221
2023-05-10 09:50:47,MO2403-C-7400,MO2403-C-7400,97.0,0.0,0.0,0.0,1,101.8,104.2,6,97.0,101.0,0.0,0.0,0.0,0.0,221
2023-05-10 09:50:48,MO2403-C-7400,MO2403-C-7400,97.0,0.0,0.0,0.0,1,101.8,104.4,6,97.0,101.0,0.0,0.0,0.0,0.0,221
2023-05-10 09:50:49,MO2403-C-7400,MO2403-C-7400,97.0,0.0,0.0,0.0,1,101.8,104.6,6,97.0,101.0,0.0,0.0,0.0,0.0,221
2023-05-10 09:51:23,MO2403-C-7400,MO2403-C-7400,97.0,0.0,0.0,0.0,1,101.8,104.6,12,97.0,101.0,0.0,0.0,0.0,0.0,221
2023-05-10 09:51:23,MO2403-C-7400,MO2403-C-7400,97.0,0.0,0.0,0.0,1,101.8,104.4,6,97.0,101.0,0.0,0.0,0.0,0.0,221
2023-05-10 09:51:57,MO2403-C-7400,MO2403-C-7400,97.0,0.0,0.0,0.0,1,101.8,104.4,7,97.0,101.0,0.0,0.0,0.0,0.0,221
2023-05-10 09:51:57,MO2403-C-7400,MO2403-C-7400,97.0,0.0,0.0,0.0,1,101.8,104.2,6,97.0,101.0,0.0,0.0,0.0,0.0,221
2023-05-10 09:51:58,MO2403-C-7400,MO2403-C-7400,97.0,0.0,0.0,0.0,1,100.8,104.2,6,97.0,101.0,0.0,0.0,0.0,0.0,221
2023-05-10 09:52:05,MO2403-C-7400,MO2403-C-7400,97.0,0.0,0.0,0.0,1,100.8,104.4,6,97.0,101.0,0.0,0.0,0.0,0.0,221
2023-05-10 09:52:07,MO2403-C-7400,MO2403-C-7400,97.0,0.0,0.0,0.0,1,100.8,104.6,6,97.0,101.0,0.0,0.0,0.0,0.0,221
2023-05-10 09:52:11,MO2403-C-7400,MO2403-C-7400,97.0,0.0,0.0,0.0,1,100.8,104.4,1,97.0,101.0,0.0,0.0,0.0,0.0,221
2023-05-10 09:52:11,MO2403-C-7400,MO2403-C-7400,97.0,0.0,0.0,0.0,1,100.8,104.2,6,97.0,101.0,0.0,0.0,0.0,0.0,221
2023-05-10 09:52:33,MO2403-C-7400,MO2403-C-7400,97.0,0.0,0.0,0.0,1,100.8,104.4,6,97.0,101.0,0.0,0.0,0.0,0.0,221
2023-05-10 09:52:34,MO2403-C-7400,MO2403-C-7400,97.0,0.0,0.0,0.0,1,100.8,104.6,6,97.0,101.0,0.0,0.0,0.0,0.0,221
2023-05-10 09:52:39,MO2403-C-7400,MO2403-C-7400,97.0,0.0,0.0,0.0,1,100.8,104.4,1,97.0,101.0,0.0,0.0,0.0,0.0,221
2023-05-10 09:52:40,MO2403-C-7400,MO2403-C-7400,97.0,0.0,0.0,0.0,1,100.8,104.2,6,97.0,101.0,0.0,0.0,0.0,0.0,221
2023-05-10 09:53:06,MO2403-C-7400,MO2403-C-7400,97.0,0.0,0.0,0.0,1,100.8,104.0,1,97.0,101.0,0.0,0.0,0.0,0.0,221
2023-05-10 09:53:07,MO2403-C-7400,MO2403-C-7400,97.0,0.0,0.0,0.0,1,100.8,103.8,6,97.0,101.0,0.0,0.0,0.0,0.0,221
2023-05-10 09:53:13,MO2403-C-7400,MO2403-C-7400,97.0,0.0,0.0,0.0,1,100.8,104.6,6,97.0,101.0,0.0,0.0,0.0,0.0,221
2023-05-10 09:53:13,MO2403-C-7400,MO2403-C-7400,97.0,0.0,0.0,0.0,1,100.8,104.6,7,97.0,101.0,0.0,0.0,0.0,0.0,221
2023-05-10 09:53:14,MO2403-C-7400,MO2403-C-7400,97.0,0.0,0.0,0.0,1,100.8,104.4,6,97.0,101.0,0.0,0.0,0.0,0.0,221
2023-05-10 09:53:20,MO2403-C-7400,MO2403-C-7400,97.0,0.0,0.0,0.0,1,100.8,104.2,1,97.0,101.0,0.0,0.0,0.0,0.0,221
2023-05-10 09:53:21,MO2403-C-7400,MO2403-C-7400,97.0,0.0,0.0,0.0,1,100.8,104.0,6,97.0,101.0,0.0,0.0,0.0,0.0,221
2023-05-10 09:54:00,MO2403-C-7400,MO2403-C-7400,97.0,0.0,0.0,0.0,1,100.8,104.6,7,97.0,101.0,0.0,0.0,0.0,0.0,221
2023-05-10 09:54:00,MO2403-C-7400,MO2403-C-7400,97.0,0.0,0.0,0.0,1,100.8,104.4,6,97.0,101.0,0.0,0.0,0.0,0.0,221
2023-05-10 09:55:03,MO2403-C-7400,MO2403-C-7400,97.0,0.0,0.0,0.0,1,100.8,104.2,1,97.0,101.0,0.0,0.0,0.0,0.0,221
2023-05-10 09:55:04,MO2403-C-7400,MO2403-C-7400,97.0,0.0,0.0,0.0,1,100.8,104.0,6,97.0,101.0,0.0,0.0,0.0,0.0,221
2023-05-10 09:55:14,MO2403-C-7400,MO2403-C-7400,97.0,0.0,0.0,0.0,1,100.8,104.6,6,97.0,101.0,0.0,0.0,0.0,0.0,221
2023-05-10 09:55:31,MO2403-C-7400,MO2403-C-7400,97.0,0.0,0.0,0.0,1,100.8,104.4,1,97.0,101.0,0.0,0.0,0.0,0.0,221
2023-05-10 09:55:31,MO2403-C-7400,MO2403-C-7400,97.0,0.0,0.0,0.0,1,100.8,104.2,6,97.0,101.0,0.0,0.0,0.0,0.0,221
2023-05-10 09:55:33,MO2403-C-7400,MO2403-C-7400,97.0,0.0,0.0,0.0,1,100.8,104.6,6,97.0,101.0,0.0,0.0,0.0,0.0,221
2023-05-10 09:55:38,MO2403-C-7400,MO2403-C-7400,97.0,0.0,0.0,0.0,1,100.8,104.6,7,97.0,101.0,0.0,0.0,0.0,0.0,221
2023-05-10 09:55:38,MO2403-C-7400,MO2403-C-7400,97.0,0.0,0.0,0.0,1,100.8,104.4,6,97.0,101.0,0.0,0.0,0.0,0.0,221
2023-05-10 09:56:20,MO2403-C-7400,MO2403-C-7400,97.0,0.0,0.0,0.0,1,100.8,104.2,1,97.0,101.0,0.0,0.0,0.0,0.0,221
2023-05-10 09:56:21,MO2403-C-7400,MO2403-C-7400,97.0,0.0,0.0,0.0,1,100.8,104.0,6,97.0,101.0,0.0,0.0,0.0,0.0,221
2023-05-10 09:56:26,MO2403-C-7400,MO2403-C-7400,97.0,0.0,0.0,0.0,1,100.8,103.8,1,97.0,101.0,0.0,0.0,0.0,0.0,221
2023-05-10 09:56:27,MO2403-C-7400,MO2403-C-7400,97.0,0.0,0.0,0.0,1,100.8,103.6,6,97.0,101.0,0.0,0.0,0.0,0.0,221
2023-05-10 09:56:44,MO2403-C-7400,MO2403-C-7400,97.0,0.0,0.0,0.0,1,100.8,104.2,1,97.0,101.0,0.0,0.0,0.0,0.0,221
2023-05-10 09:56:44,MO2403-C-7400,MO2403-C-7400,97.0,0.0,0.0,0.0,1,100.8,104.0,6,97.0,101.0,0.0,0.0,0.0,0.0,221
2023-05-10 09:56:57,MO2403-C-7400,MO2403-C-7400,97.0,0.0,0.0,0.0,1,100.8,103.8,1,97.0,101.0,0.0,0.0,0.0,0.0,221
2023-05-10 09:56:58,MO2403-C-7400,MO2403-C-7400,97.0,0.0,0.0,0.0,1,100.8,103.6,6,97.0,101.0,0.0,0.0,0.0,0.0,221
2023-05-10 09:56:59,MO2403-C-7400,MO2403-C-7400,97.0,0.0,0.0,0.0,6,100.4,103.2,1,97.0,101.0,0.0,0.0,0.0,0.0,221
2023-05-10 09:57:00,MO2403-C-7400,MO2403-C-7400,97.0,0.0,0.0,0.0,18,100.2,103.0,6,97.0,101.0,0.0,0.0,0.0,0.0,221
2023-05-10 09:57:00,MO2403-C-7400,MO2403-C-7400,97.0,0.0,0.0,0.0,43,99.8,103.0,6,97.0,101.0,0.0,0.0,0.0,0.0,221
2023-05-10 09:57:01,MO2403-C-7400,MO2403-C-7400,97.0,0.0,0.0,0.0,13,99.8,103.0,6,97.0,101.0,0.0,0.0,0.0,0.0,221
2023-05-10 09:57:01,MO2403-C-7400,MO2403-C-7400,97.0,0.0,0.0,0.0,7,99.8,103.0,6,97.0,101.0,0.0,0.0,0.0,0.0,221
2023-05-10 09:57:02,MO2403-C-7400,MO2403-C-7400,97.0,0.0,0.0,0.0,1,99.8,103.0,6,97.0,101.0,0.0,0.0,0.0,0.0,221
2023-05-10 09:57:05,MO2403-C-7400,MO2403-C-7400,97.0,0.0,0.0,0.0,1,99.8,103.2,6,97.0,101.0,0.0,0.0,0.0,0.0,221
2023-05-10 09:57:50,MO2403-C-7400,MO2403-C-7400,97.0,0.0,0.0,0.0,1,99.8,103.2,7,97.0,101.0,0.0,0.0,0.0,0.0,221
2023-05-10 09:57:50,MO2403-C-7400,MO2403-C-7400,97.0,0.0,0.0,0.0,1,99.8,103.0,6,97.0,101.0,0.0,0.0,0.0,0.0,221
2023-05-10 09:57:55,MO2403-C-7400,MO2403-C-7400,97.0,0.0,0.0,0.0,1,99.8,103.2,6,97.0,101.0,0.0,0.0,0.0,0.0,221
2023-05-10 10:03:07,MO2403-C-7400,MO2403-C-7400,97.0,0.0,0.0,0.0,1,99.8,103.0,1,97.0,101.0,0.0,0.0,0.0,0.0,221
2023-05-10 10:03:08,MO2403-C-7400,MO2403-C-7400,97.0,0.0,0.0,0.0,1,99.8,102.8,6,97.0,101.0,0.0,0.0,0.0,0.0,221
2023-05-10 10:03:47,MO2403-C-7400,MO2403-C-7400,97.0,0.0,0.0,0.0,1,99.8,103.2,6,97.0,101.0,0.0,0.0,0.0,0.0,221
2023-05-10 10:04:00,MO2403-C-7400,MO2403-C-7400,97.0,0.0,0.0,0.0,1,99.8,103.2,7,97.0,101.0,0.0,0.0,0.0,0.0,221
2023-05-10 10:04:01,MO2403-C-7400,MO2403-C-7400,97.0,0.0,0.0,0.0,1,99.8,103.0,6,97.0,101.0,0.0,0.0,0.0,0.0,221
2023-05-10 10:04:12,MO2403-C-7400,MO2403-C-7400,97.0,0.0,0.0,0.0,1,99.8,103.2,6,97.0,101.0,0.0,0.0,0.0,0.0,221
2023-05-10 10:13:56,MO2403-C-7400,MO2403-C-7400,97.0,0.0,0.0,0.0,1,99.8,103.0,1,97.0,101.0,0.0,0.0,0.0,0.0,221
2023-05-10 10:13:56,MO2403-C-7400,MO2403-C-7400,97.0,0.0,0.0,0.0,1,99.8,102.8,6,97.0,101.0,0.0,0.0,0.0,0.0,221
2023-05-10 10:14:08,MO2403-C-7400,MO2403-C-7400,97.0,0.0,0.0,0.0,1,99.8,102.6,1,97.0,101.0,0.0,0.0,0.0,0.0,221
2023-05-10 10:14:09,MO2403-C-7400,MO2403-C-7400,97.0,0.0,0.0,0.0,1,99.8,102.4,6,97.0,101.0,0.0,0.0,0.0,0.0,221
2023-05-10 10:15:10,MO2403-C-7400,MO2403-C-7400,97.0,0.0,0.0,0.0,1,99.8,102.2,1,97.0,101.0,0.0,0.0,0.0,0.0,221
2023-05-10 10:15:11,MO2403-C-7400,MO2403-C-7400,97.0,0.0,0.0,0.0,1,99.8,102.0,6,97.0,101.0,0.0,0.0,0.0,0.0,221
2023-05-10 10:15:15,MO2403-C-7400,MO2403-C-7400,97.0,0.0,0.0,0.0,6,99.2,102.0,6,97.0,101.0,0.0,0.0,0.0,0.0,221
2023-05-10 10:15:16,MO2403-C-7400,MO2403-C-7400,97.0,0.0,0.0,0.0,45,98.8,102.0,6,97.0,101.0,0.0,0.0,0.0,0.0,221
2023-05-10 10:15:16,MO2403-C-7400,MO2403-C-7400,97.0,0.0,0.0,0.0,15,98.8,102.0,6,97.0,101.0,0.0,0.0,0.0,0.0,221
2023-05-10 10:15:17,MO2403-C-7400,MO2403-C-7400,97.0,0.0,0.0,0.0,1,98.8,102.0,6,97.0,101.0,0.0,0.0,0.0,0.0,221
2023-05-10 10:16:13,MO2403-C-7400,MO2403-C-7400,97.0,0.0,0.0,0.0,1,98.8,102.2,6,97.0,101.0,0.0,0.0,0.0,0.0,221
2023-05-10 10:17:00,MO2403-C-7400,MO2403-C-7400,97.0,0.0,0.0,0.0,1,98.8,102.2,7,97.0,101.0,0.0,0.0,0.0,0.0,221
2023-05-10 10:17:00,MO2403-C-7400,MO2403-C-7400,97.0,0.0,0.0,0.0,1,98.8,102.0,6,97.0,101.0,0.0,0.0,0.0,0.0,221
2023-05-10 10:17:11,MO2403-C-7400,MO2403-C-7400,97.0,0.0,0.0,0.0,1,98.8,102.2,6,97.0,101.0,0.0,0.0,0.0,0.0,221
2023-05-10 10:22:23,MO2403-C-7400,MO2403-C-7400,97.0,0.0,0.0,0.0,1,98.8,102.2,7,97.0,101.0,0.0,0.0,0.0,0.0,221
2023-05-10 10:22:23,MO2403-C-7400,MO2403-C-7400,97.0,0.0,0.0,0.0,1,98.8,102.0,6,97.0,101.0,0.0,0.0,0.0,0.0,221
2023-05-10 10:22:30,MO2403-C-7400,MO2403-C-7400,97.0,0.0,0.0,0.0,1,98.8,102.2,6,97.0,101.0,0.0,0.0,0.0,0.0,221
2023-05-10 10:26:29,MO2403-C-7400,MO2403-C-7400,97.0,0.0,0.0,0.0,1,98.8,102.0,1,97.0,101.0,0.0,0.0,0.0,0.0,221
2023-05-10 10:26:30,MO2403-C-7400,MO2403-C-7400,97.0,0.0,0.0,0.0,1,98.8,101.8,6,97.0,101.0,0.0,0.0,0.0,0.0,221
2023-05-10 10:28:08,MO2403-C-7400,MO2403-C-7400,97.0,0.0,0.0,0.0,1,98.8,101.6,1,97.0,101.0,0.0,0.0,0.0,0.0,221
2023-05-10 10:28:09,MO2403-C-7400,MO2403-C-7400,97.0,0.0,0.0,0.0,1,98.8,101.4,6,97.0,101.0,0.0,0.0,0.0,0.0,221
2023-05-10 10:29:16,MO2403-C-7400,MO2403-C-7400,97.0,0.0,0.0,0.0,1,98.8,102.2,6,97.0,101.0,0.0,0.0,0.0,0.0,221
2023-05-10 10:29:17,MO2403-C-7400,MO2403-C-7400,97.0,0.0,0.0,0.0,1,98.8,102.2,7,97.0,101.0,0.0,0.0,0.0,0.0,221
2023-05-10 10:29:17,MO2403-C-7400,MO2403-C-7400,97.0,0.0,0.0,0.0,1,98.8,102.0,6,97.0,101.0,0.0,0.0,0.0,0.0,221
2023-05-10 10:29:36,MO2403-C-7400,MO2403-C-7400,97.0,0.0,0.0,0.0,2,98.8,102.0,6,97.0,101.0,0.0,0.0,0.0,0.0,221
2023-05-10 10:30:18,MO2403-C-7400,MO2403-C-7400,97.0,0.0,0.0,0.0,1,98.8,102.0,6,97.0,101.0,0.0,0.0,0.0,0.0,221
2023-05-10 10:30:57,MO2403-C-7400,MO2403-C-7400,97.0,0.0,0.0,0.0,1,98.8,102.2,6,97.0,101.0,0.0,0.0,0.0,0.0,221
2023-05-10 10:31:39,MO2403-C-7400,MO2403-C-7400,97.0,0.0,0.0,0.0,7,98.8,102.2,6,97.0,101.0,0.0,0.0,0.0,0.0,221
2023-05-10 10:31:39,MO2403-C-7400,MO2403-C-7400,97.0,0.0,0.0,0.0,1,99.8,102.2,6,97.0,101.0,0.0,0.0,0.0,0.0,221
2023-05-10 10:33:55,MO2403-C-7400,MO2403-C-7400,97.0,0.0,0.0,0.0,1,99.8,102.2,12,97.0,101.0,0.0,0.0,0.0,0.0,221
2023-05-10 10:33:55,MO2403-C-7400,MO2403-C-7400,97.0,0.0,0.0,0.0,1,99.8,102.0,6,97.0,101.0,0.0,0.0,0.0,0.0,221
2023-05-10 10:34:52,MO2403-C-7400,MO2403-C-7400,97.0,0.0,0.0,0.0,1,98.8,102.0,6,97.0,101.0,0.0,0.0,0.0,0.0,221
2023-05-10 10:34:55,MO2403-C-7400,MO2403-C-7400,97.0,0.0,0.0,0.0,1,98.8,102.0,7,97.0,101.0,0.0,0.0,0.0,0.0,221
2023-05-10 10:34:55,MO2403-C-7400,MO2403-C-7400,97.0,0.0,0.0,0.0,1,98.8,101.8,6,97.0,101.0,0.0,0.0,0.0,0.0,221
2023-05-10 10:34:57,MO2403-C-7400,MO2403-C-7400,97.0,0.0,0.0,0.0,1,98.8,101.8,12,97.0,101.0,0.0,0.0,0.0,0.0,221
2023-05-10 10:34:58,MO2403-C-7400,MO2403-C-7400,97.0,0.0,0.0,0.0,1,98.8,101.6,6,97.0,101.0,0.0,0.0,0.0,0.0,221
2023-05-10 10:35:12,MO2403-C-7400,MO2403-C-7400,97.0,0.0,0.0,0.0,1,98.8,101.8,6,97.0,101.0,0.0,0.0,0.0,0.0,221
2023-05-10 10:35:23,MO2403-C-7400,MO2403-C-7400,97.0,0.0,0.0,0.0,1,98.8,101.6,1,97.0,101.0,0.0,0.0,0.0,0.0,221
2023-05-10 10:35:24,MO2403-C-7400,MO2403-C-7400,97.0,0.0,0.0,0.0,1,98.8,101.4,6,97.0,101.0,0.0,0.0,0.0,0.0,221
2023-05-10 10:35:57,MO2403-C-7400,MO2403-C-7400,97.0,0.0,0.0,0.0,1,98.8,101.8,6,97.0,101.0,0.0,0.0,0.0,0.0,221
2023-05-10 10:36:09,MO2403-C-7400,MO2403-C-7400,97.0,0.0,0.0,0.0,1,98.8,101.6,1,97.0,101.0,0.0,0.0,0.0,0.0,221
2023-05-10 10:36:09,MO2403-C-7400,MO2403-C-7400,97.0,0.0,0.0,0.0,1,98.8,101.4,6,97.0,101.0,0.0,0.0,0.0,0.0,221
2023-05-10 10:37:46,MO2403-C-7400,MO2403-C-7400,97.0,0.0,0.0,0.0,1,98.8,101.8,6,97.0,101.0,0.0,0.0,0.0,0.0,221
2023-05-10 10:38:03,MO2403-C-7400,MO2403-C-7400,97.0,0.0,0.0,0.0,1,98.8,101.6,1,97.0,101.0,0.0,0.0,0.0,0.0,221
2023-05-10 10:38:04,MO2403-C-7400,MO2403-C-7400,97.0,0.0,0.0,0.0,1,98.8,101.4,6,97.0,101.0,0.0,0.0,0.0,0.0,221
2023-05-10 10:38:38,MO2403-C-7400,MO2403-C-7400,97.0,0.0,0.0,0.0,1,98.8,101.2,1,97.0,101.0,0.0,0.0,0.0,0.0,221
2023-05-10 10:38:39,MO2403-C-7400,MO2403-C-7400,97.0,0.0,0.0,0.0,1,98.8,101.0,6,97.0,101.0,0.0,0.0,0.0,0.0,221
2023-05-10 10:38:47,MO2403-C-7400,MO2403-C-7400,97.0,0.0,0.0,0.0,6,98.2,101.0,6,97.0,101.0,0.0,0.0,0.0,0.0,221
2023-05-10 10:38:48,MO2403-C-7400,MO2403-C-7400,97.0,0.0,0.0,0.0,48,97.8,101.0,6,97.0,101.0,0.0,0.0,0.0,0.0,221
2023-05-10 10:38:48,MO2403-C-7400,MO2403-C-7400,97.0,0.0,0.0,0.0,6,97.8,101.0,6,97.0,101.0,0.0,0.0,0.0,0.0,221
2023-05-10 10:38:49,MO2403-C-7400,MO2403-C-7400,97.0,0.0,0.0,0.0,1,97.6,101.0,6,97.0,101.0,0.0,0.0,0.0,0.0,221
2023-05-10 10:38:57,MO2403-C-7400,MO2403-C-7400,97.0,0.0,0.0,0.0,1,97.6,100.8,1,97.0,101.0,0.0,0.0,0.0,0.0,221
2023-05-10 10:38:58,MO2403-C-7400,MO2403-C-7400,97.0,0.0,0.0,0.0,1,97.6,100.6,6,97.0,101.0,0.0,0.0,0.0,0.0,221
2023-05-10 10:39:08,MO2403-C-7400,MO2403-C-7400,97.0,0.0,0.0,0.0,1,97.6,101.2,7,97.0,101.0,0.0,0.0,0.0,0.0,221
2023-05-10 10:39:08,MO2403-C-7400,MO2403-C-7400,97.0,0.0,0.0,0.0,1,97.6,101.0,6,97.0,101.0,0.0,0.0,0.0,0.0,221
2023-05-10 10:40:05,MO2403-C-7400,MO2403-C-7400,97.0,0.0,0.0,0.0,1,97.6,100.8,1,97.0,101.0,0.0,0.0,0.0,0.0,221
2023-05-10 10:40:06,MO2403-C-7400,MO2403-C-7400,97.0,0.0,0.0,0.0,1,97.6,100.6,6,97.0,101.0,0.0,0.0,0.0,0.0,221
2023-05-10 10:40:25,MO2403-C-7400,MO2403-C-7400,97.0,0.0,0.0,0.0,1,97.6,101.0,6,97.0,101.0,0.0,0.0,0.0,0.0,221
2023-05-10 10:40:25,MO2403-C-7400,MO2403-C-7400,97.0,0.0,0.0,0.0,1,97.6,101.2,6,97.0,101.0,0.0,0.0,0.0,0.0,221
2023-05-10 10:40:33,MO2403-C-7400,MO2403-C-7400,97.0,0.0,0.0,0.0,1,97.6,101.0,1,97.0,101.0,0.0,0.0,0.0,0.0,221
2023-05-10 10:40:33,MO2403-C-7400,MO2403-C-7400,97.0,0.0,0.0,0.0,1,97.6,100.8,6,97.0,101.0,0.0,0.0,0.0,0.0,221
2023-05-10 10:41:32,MO2403-C-7400,MO2403-C-7400,97.0,0.0,0.0,0.0,1,97.6,101.2,6,97.0,101.0,0.0,0.0,0.0,0.0,221
2023-05-10 10:43:04,MO2403-C-7400,MO2403-C-7400,97.0,0.0,0.0,0.0,1,97.6,101.2,7,97.0,101.0,0.0,0.0,0.0,0.0,221
2023-05-10 10:43:04,MO2403-C-7400,MO2403-C-7400,97.0,0.0,0.0,0.0,1,97.6,101.0,6,97.0,101.0,0.0,0.0,0.0,0.0,221
2023-05-10 10:43:12,MO2403-C-7400,MO2403-C-7400,97.0,0.0,0.0,0.0,1,97.6,101.2,6,97.0,101.0,0.0,0.0,0.0,0.0,221
2023-05-10 10:44:18,MO2403-C-7400,MO2403-C-7400,97.0,0.0,0.0,0.0,1,97.6,101.0,1,97.0,101.0,0.0,0.0,0.0,0.0,221
2023-05-10 10:44:19,MO2403-C-7400,MO2403-C-7400,97.0,0.0,0.0,0.0,1,97.6,100.8,6,97.0,101.0,0.0,0.0,0.0,0.0,221
2023-05-10 10:44:42,MO2403-C-7400,MO2403-C-7400,97.0,0.0,0.0,0.0,1,97.6,101.2,6,97.0,101.0,0.0,0.0,0.0,0.0,221
2023-05-10 10:44:57,MO2403-C-7400,MO2403-C-7400,97.0,0.0,0.0,0.0,1,97.6,100.8,1,97.0,101.0,0.0,0.0,0.0,0.0,221
2023-05-10 10:44:58,MO2403-C-7400,MO2403-C-7400,97.0,0.0,0.0,0.0,1,97.6,100.6,6,97.0,101.0,0.0,0.0,0.0,0.0,221
2023-05-10 10:45:07,MO2403-C-7400,MO2403-C-7400,97.0,0.0,0.0,0.0,1,97.6,101.0,6,97.0,101.0,0.0,0.0,0.0,0.0,221
2023-05-10 10:45:20,MO2403-C-7400,MO2403-C-7400,97.0,0.0,0.0,0.0,1,97.6,100.8,1,97.0,101.0,0.0,0.0,0.0,0.0,221
2023-05-10 10:45:20,MO2403-C-7400,MO2403-C-7400,97.0,0.0,0.0,0.0,1,97.6,100.6,6,97.0,101.0,0.0,0.0,0.0,0.0,221
2023-05-10 10:45:47,MO2403-C-7400,MO2403-C-7400,97.0,0.0,0.0,0.0,1,97.6,100.4,1,97.0,101.0,0.0,0.0,0.0,0.0,221
2023-05-10 10:45:47,MO2403-C-7400,MO2403-C-7400,97.0,0.0,0.0,0.0,1,97.6,100.2,6,97.0,101.0,0.0,0.0,0.0,0.0,221
2023-05-10 10:45:51,MO2403-C-7400,MO2403-C-7400,97.0,0.0,0.0,0.0,1,97.6,100.0,1,97.0,101.0,0.0,0.0,0.0,0.0,221
2023-05-10 10:45:51,MO2403-C-7400,MO2403-C-7400,97.0,0.0,0.0,0.0,1,97.6,99.8,6,97.0,101.0,0.0,0.0,0.0,0.0,221
2023-05-10 10:45:52,MO2403-C-7400,MO2403-C-7400,97.0,0.0,0.0,0.0,1,97.6,100.4,6,97.0,101.0,0.0,0.0,0.0,0.0,221
2023-05-10 10:46:09,MO2403-C-7400,MO2403-C-7400,97.0,0.0,0.0,0.0,1,97.6,100.2,1,97.0,101.0,0.0,0.0,0.0,0.0,221
2023-05-10 10:46:09,MO2403-C-7400,MO2403-C-7400,97.0,0.0,0.0,0.0,1,97.6,100.0,6,97.0,101.0,0.0,0.0,0.0,0.0,221
2023-05-10 10:46:48,MO2403-C-7400,MO2403-C-7400,97.0,0.0,0.0,0.0,2,97.0,100.0,6,97.0,101.0,0.0,0.0,0.0,0.0,221
2023-05-10 10:46:49,MO2403-C-7400,MO2403-C-7400,97.0,0.0,0.0,0.0,7,96.8,100.0,6,97.0,101.0,0.0,0.0,0.0,0.0,221
2023-05-10 10:46:50,MO2403-C-7400,MO2403-C-7400,97.0,0.0,0.0,0.0,3,96.8,100.0,6,97.0,101.0,0.0,0.0,0.0,0.0,221
2023-05-10 10:46:50,MO2403-C-7400,MO2403-C-7400,97.0,0.0,0.0,0.0,1,96.8,100.0,6,97.0,101.0,0.0,0.0,0.0,0.0,221
2023-05-10 10:47:01,MO2403-C-7400,MO2403-C-7400,97.0,0.0,0.0,0.0,2,96.6,100.0,6,97.0,101.0,0.0,0.0,0.0,0.0,221
2023-05-10 10:47:02,MO2403-C-7400,MO2403-C-7400,97.0,0.0,0.0,0.0,2,96.4,100.0,6,97.0,101.0,0.0,0.0,0.0,0.0,221
2023-05-10 10:47:11,MO2403-C-7400,MO2403-C-7400,97.0,0.0,0.0,0.0,1,96.6,100.0,6,97.0,101.0,0.0,0.0,0.0,0.0,221
2023-05-10 10:47:28,MO2403-C-7400,MO2403-C-7400,97.0,0.0,0.0,0.0,1,96.8,100.0,6,97.0,101.0,0.0,0.0,0.0,0.0,221
2023-05-10 10:47:41,MO2403-C-7400,MO2403-C-7400,97.0,0.0,0.0,0.0,2,96.6,100.0,6,97.0,101.0,0.0,0.0,0.0,0.0,221
2023-05-10 10:47:41,MO2403-C-7400,MO2403-C-7400,97.0,0.0,0.0,0.0,1,96.4,100.0,6,97.0,101.0,0.0,0.0,0.0,0.0,221
2023-05-10 10:47:51,MO2403-C-7400,MO2403-C-7400,97.0,0.0,0.0,0.0,1,96.4,99.8,1,97.0,101.0,0.0,0.0,0.0,0.0,221
2023-05-10 10:47:52,MO2403-C-7400,MO2403-C-7400,97.0,0.0,0.0,0.0,1,96.4,99.6,6,97.0,101.0,0.0,0.0,0.0,0.0,221
2023-05-10 10:47:56,MO2403-C-7400,MO2403-C-7400,97.0,0.0,0.0,0.0,2,96.4,99.6,6,97.0,101.0,0.0,0.0,0.0,0.0,221
2023-05-10 10:48:00,MO2403-C-7400,MO2403-C-7400,97.0,0.0,0.0,0.0,2,96.4,99.2,1,97.0,101.0,0.0,0.0,0.0,0.0,221
2023-05-10 10:48:00,MO2403-C-7400,MO2403-C-7400,97.0,0.0,0.0,0.0,2,96.4,99.0,6,97.0,101.0,0.0,0.0,0.0,0.0,221
2023-05-10 10:48:01,MO2403-C-7400,MO2403-C-7400,97.0,0.0,0.0,0.0,1,96.4,99.0,6,97.0,101.0,0.0,0.0,0.0,0.0,221
2023-05-10 10:48:22,MO2403-C-7400,MO2403-C-7400,97.0,0.0,0.0,0.0,1,96.4,99.2,6,97.0,101.0,0.0,0.0,0.0,0.0,221
2023-05-10 10:48:38,MO2403-C-7400,MO2403-C-7400,97.0,0.0,0.0,0.0,1,96.4,99.0,1,97.0,101.0,0.0,0.0,0.0,0.0,221
2023-05-10 10:48:38,MO2403-C-7400,MO2403-C-7400,97.0,0.0,0.0,0.0,1,96.4,98.8,6,97.0,101.0,0.0,0.0,0.0,0.0,221
2023-05-10 10:48:53,MO2403-C-7400,MO2403-C-7400,97.0,0.0,0.0,0.0,1,96.4,98.8,12,97.0,101.0,0.0,0.0,0.0,0.0,221
2023-05-10 10:48:54,MO2403-C-7400,MO2403-C-7400,97.0,0.0,0.0,0.0,1,96.4,98.6,6,97.0,101.0,0.0,0.0,0.0,0.0,221
2023-05-10 10:49:03,MO2403-C-7400,MO2403-C-7400,97.0,0.0,0.0,0.0,1,96.4,98.8,6,97.0,101.0,0.0,0.0,0.0,0.0,221
2023-05-10 10:49:07,MO2403-C-7400,MO2403-C-7400,97.0,0.0,0.0,0.0,8,95.6,98.8,6,97.0,101.0,0.0,0.0,0.0,0.0,221
2023-05-10 10:49:08,MO2403-C-7400,MO2403-C-7400,97.0,0.0,0.0,0.0,2,95.6,98.8,6,97.0,101.0,0.0,0.0,0.0,0.0,221
2023-05-10 10:49:09,MO2403-C-7400,MO2403-C-7400,97.0,0.0,0.0,0.0,7,95.4,98.8,6,97.0,101.0,0.0,0.0,0.0,0.0,221
2023-05-10 10:49:09,MO2403-C-7400,MO2403-C-7400,97.0,0.0,0.0,0.0,1,95.4,98.8,6,97.0,101.0,0.0,0.0,0.0,0.0,221
2023-05-10 10:49:10,MO2403-C-7400,MO2403-C-7400,97.0,0.0,0.0,0.0,1,95.4,98.6,1,97.0,101.0,0.0,0.0,0.0,0.0,221
2023-05-10 10:49:10,MO2403-C-7400,MO2403-C-7400,97.0,0.0,0.0,0.0,1,95.4,98.4,6,97.0,101.0,0.0,0.0,0.0,0.0,221
2023-05-10 10:49:17,MO2403-C-7400,MO2403-C-7400,97.0,0.0,0.0,0.0,1,95.4,98.8,6,97.0,101.0,0.0,0.0,0.0,0.0,221
2023-05-10 10:49:47,MO2403-C-7400,MO2403-C-7400,97.0,0.0,0.0,0.0,1,95.4,98.6,1,97.0,101.0,0.0,0.0,0.0,0.0,221
2023-05-10 10:49:48,MO2403-C-7400,MO2403-C-7400,97.0,0.0,0.0,0.0,1,95.4,98.4,6,97.0,101.0,0.0,0.0,0.0,0.0,221
2023-05-10 10:50:32,MO2403-C-7400,MO2403-C-7400,97.0,0.0,0.0,0.0,1,95.4,98.0,1,97.0,101.0,0.0,0.0,0.0,0.0,221
2023-05-10 10:50:32,MO2403-C-7400,MO2403-C-7400,97.0,0.0,0.0,0.0,1,95.4,97.8,6,97.0,101.0,0.0,0.0,0.0,0.0,221
2023-05-10 10:50:35,MO2403-C-7400,MO2403-C-7400,97.0,0.0,0.0,0.0,14,95.2,97.8,6,97.0,101.0,0.0,0.0,0.0,0.0,221
2023-05-10 10:50:35,MO2403-C-7400,MO2403-C-7400,97.0,0.0,0.0,0.0,8,95.2,97.8,6,97.0,101.0,0.0,0.0,0.0,0.0,221
2023-05-10 10:50:36,MO2403-C-7400,MO2403-C-7400,97.0,0.0,0.0,0.0,2,95.2,97.8,6,97.0,101.0,0.0,0.0,0.0,0.0,221
2023-05-10 10:50:36,MO2403-C-7400,MO2403-C-7400,97.0,0.0,0.0,0.0,12,94.8,97.8,6,97.0,101.0,0.0,0.0,0.0,0.0,221
2023-05-10 10:50:37,MO2403-C-7400,MO2403-C-7400,97.0,0.0,0.0,0.0,13,94.6,97.8,6,97.0,101.0,0.0,0.0,0.0,0.0,221
2023-05-10 10:50:37,MO2403-C-7400,MO2403-C-7400,97.0,0.0,0.0,0.0,9,94.6,97.8,6,97.0,101.0,0.0,0.0,0.0,0.0,221
2023-05-10 10:50:38,MO2403-C-7400,MO2403-C-7400,97.0,0.0,0.0,0.0,3,94.6,97.8,6,97.0,101.0,0.0,0.0,0.0,0.0,221
2023-05-10 10:50:38,MO2403-C-7400,MO2403-C-7400,97.0,0.0,0.0,0.0,1,94.6,97.8,6,97.0,101.0,0.0,0.0,0.0,0.0,221
2023-05-10 10:50:43,MO2403-C-7400,MO2403-C-7400,97.0,0.0,0.0,0.0,2,94.4,97.8,6,97.0,101.0,0.0,0.0,0.0,0.0,221
2023-05-10 10:50:43,MO2403-C-7400,MO2403-C-7400,97.0,0.0,0.0,0.0,38,94.2,97.8,6,97.0,101.0,0.0,0.0,0.0,0.0,221
2023-05-10 10:50:44,MO2403-C-7400,MO2403-C-7400,97.0,0.0,0.0,0.0,20,94.2,97.8,6,97.0,101.0,0.0,0.0,0.0,0.0,221
2023-05-10 10:50:44,MO2403-C-7400,MO2403-C-7400,97.0,0.0,0.0,0.0,16,94.2,97.8,6,97.0,101.0,0.0,0.0,0.0,0.0,221
2023-05-10 10:50:45,MO2403-C-7400,MO2403-C-7400,97.0,0.0,0.0,0.0,10,94.2,97.8,6,97.0,101.0,0.0,0.0,0.0,0.0,221
2023-05-10 10:50:46,MO2403-C-7400,MO2403-C-7400,97.0,0.0,0.0,0.0,4,94.2,97.8,6,97.0,101.0,0.0,0.0,0.0,0.0,221
2023-05-10 10:50:46,MO2403-C-7400,MO2403-C-7400,97.0,0.0,0.0,0.0,2,94.2,97.8,6,97.0,101.0,0.0,0.0,0.0,0.0,221
2023-05-10 10:50:52,MO2403-C-7400,MO2403-C-7400,97.0,0.0,0.0,0.0,1,94.2,97.8,6,97.0,101.0,0.0,0.0,0.0,0.0,221
2023-05-10 10:51:01,MO2403-C-7400,MO2403-C-7400,97.0,0.0,0.0,0.0,1,94.2,98.0,6,97.0,101.0,0.0,0.0,0.0,0.0,221
2023-05-10 10:51:12,MO2403-C-7400,MO2403-C-7400,97.0,0.0,0.0,0.0,2,94.2,98.0,6,97.0,101.0,0.0,0.0,0.0,0.0,221
2023-05-10 10:51:22,MO2403-C-7400,MO2403-C-7400,97.0,0.0,0.0,0.0,1,94.4,98.0,6,97.0,101.0,0.0,0.0,0.0,0.0,221
2023-05-10 10:51:32,MO2403-C-7400,MO2403-C-7400,97.0,0.0,0.0,0.0,1,95.2,98.0,6,97.0,101.0,0.0,0.0,0.0,0.0,221
2023-05-10 10:51:56,MO2403-C-7400,MO2403-C-7400,97.0,0.0,0.0,0.0,1,95.2,98.2,6,97.0,101.0,0.0,0.0,0.0,0.0,221
2023-05-10 10:52:03,MO2403-C-7400,MO2403-C-7400,97.0,0.0,0.0,0.0,7,95.2,98.2,6,97.0,101.0,0.0,0.0,0.0,0.0,221
2023-05-10 10:52:04,MO2403-C-7400,MO2403-C-7400,97.0,0.0,0.0,0.0,9,95.2,98.2,6,97.0,101.0,0.0,0.0,0.0,0.0,221
2023-05-10 10:52:07,MO2403-C-7400,MO2403-C-7400,97.0,0.0,0.0,0.0,1,96.2,98.2,6,97.0,101.0,0.0,0.0,0.0,0.0,221
2023-05-10 10:52:07,MO2403-C-7400,MO2403-C-7400,97.0,0.0,0.0,0.0,1,96.2,98.4,18,97.0,101.0,0.0,0.0,0.0,0.0,221
2023-05-10 10:52:08,MO2403-C-7400,MO2403-C-7400,97.0,0.0,0.0,0.0,1,96.2,98.4,12,97.0,101.0,0.0,0.0,0.0,0.0,221
2023-05-10 10:52:08,MO2403-C-7400,MO2403-C-7400,97.0,0.0,0.0,0.0,1,96.2,98.4,6,97.0,101.0,0.0,0.0,0.0,0.0,221
2023-05-10 10:52:09,MO2403-C-7400,MO2403-C-7400,97.0,0.0,0.0,0.0,1,96.2,98.6,6,97.0,101.0,0.0,0.0,0.0,0.0,221
2023-05-10 10:56:36,MO2403-C-7400,MO2403-C-7400,97.0,0.0,0.0,0.0,1,96.2,98.8,6,97.0,101.0,0.0,0.0,0.0,0.0,221
2023-05-10 10:56:43,MO2403-C-7400,MO2403-C-7400,97.0,0.0,0.0,0.0,6,96.4,99.0,12,97.0,101.0,0.0,0.0,0.0,0.0,221
2023-05-10 10:56:44,MO2403-C-7400,MO2403-C-7400,97.0,0.0,0.0,0.0,8,96.4,99.2,6,97.0,101.0,0.0,0.0,0.0,0.0,221
2023-05-10 10:56:44,MO2403-C-7400,MO2403-C-7400,97.0,0.0,0.0,0.0,6,96.6,99.8,36,97.0,101.0,0.0,0.0,0.0,0.0,221
2023-05-10 10:56:45,MO2403-C-7400,MO2403-C-7400,97.0,0.0,0.0,0.0,6,96.6,99.8,18,97.0,101.0,0.0,0.0,0.0,0.0,221
2023-05-10 10:56:45,MO2403-C-7400,MO2403-C-7400,97.0,0.0,0.0,0.0,8,96.6,99.8,12,97.0,101.0,0.0,0.0,0.0,0.0,221
2023-05-10 10:56:46,MO2403-C-7400,MO2403-C-7400,97.0,0.0,0.0,0.0,6,96.8,99.8,6,97.0,101.0,0.0,0.0,0.0,0.0,221
2023-05-10 10:56:47,MO2403-C-7400,MO2403-C-7400,97.0,0.0,0.0,0.0,6,96.6,99.8,6,97.0,101.0,0.0,0.0,0.0,0.0,221
2023-05-10 10:56:47,MO2403-C-7400,MO2403-C-7400,97.0,0.0,0.0,0.0,8,96.6,99.8,6,97.0,101.0,0.0,0.0,0.0,0.0,221
2023-05-10 10:56:48,MO2403-C-7400,MO2403-C-7400,97.0,0.0,0.0,0.0,6,96.8,99.8,6,97.0,101.0,0.0,0.0,0.0,0.0,221
2023-05-10 10:56:50,MO2403-C-7400,MO2403-C-7400,97.0,0.0,0.0,0.0,8,96.8,99.8,6,97.0,101.0,0.0,0.0,0.0,0.0,221
2023-05-10 10:56:52,MO2403-C-7400,MO2403-C-7400,97.0,0.0,0.0,0.0,6,97.0,99.8,6,97.0,101.0,0.0,0.0,0.0,0.0,221
2023-05-10 10:57:03,MO2403-C-7400,MO2403-C-7400,97.0,0.0,0.0,0.0,6,96.8,99.8,6,97.0,101.0,0.0,0.0,0.0,0.0,221
2023-05-10 10:57:05,MO2403-C-7400,MO2403-C-7400,97.0,0.0,0.0,0.0,6,96.6,99.8,6,97.0,101.0,0.0,0.0,0.0,0.0,221
2023-05-10 10:57:06,MO2403-C-7400,MO2403-C-7400,97.0,0.0,0.0,0.0,8,96.6,99.8,6,97.0,101.0,0.0,0.0,0.0,0.0,221
2023-05-10 10:57:06,MO2403-C-7400,MO2403-C-7400,97.0,0.0,0.0,0.0,6,96.8,99.8,6,97.0,101.0,0.0,0.0,0.0,0.0,221
2023-05-10 10:57:13,MO2403-C-7400,MO2403-C-7400,97.0,0.0,0.0,0.0,6,96.8,100.0,6,97.0,101.0,0.0,0.0,0.0,0.0,221
2023-05-10 10:57:13,MO2403-C-7400,MO2403-C-7400,97.0,0.0,0.0,0.0,8,96.6,100.0,6,97.0,101.0,0.0,0.0,0.0,0.0,221
2023-05-10 10:57:14,MO2403-C-7400,MO2403-C-7400,97.0,0.0,0.0,0.0,2,96.8,100.0,6,97.0,101.0,0.0,0.0,0.0,0.0,221
2023-05-10 10:57:14,MO2403-C-7400,MO2403-C-7400,97.0,0.0,0.0,0.0,6,96.6,100.0,6,97.0,101.0,0.0,0.0,0.0,0.0,221
2023-05-10 10:57:15,MO2403-C-7400,MO2403-C-7400,97.0,0.0,0.0,0.0,8,96.6,100.0,6,97.0,101.0,0.0,0.0,0.0,0.0,221
2023-05-10 10:57:20,MO2403-C-7400,MO2403-C-7400,97.0,0.0,0.0,0.0,9,96.6,100.0,6,97.0,101.0,0.0,0.0,0.0,0.0,221
2023-05-10 10:57:23,MO2403-C-7400,MO2403-C-7400,97.0,0.0,0.0,0.0,6,96.8,100.2,12,97.0,101.0,0.0,0.0,0.0,0.0,221
2023-05-10 10:57:24,MO2403-C-7400,MO2403-C-7400,97.0,0.0,0.0,0.0,6,96.8,100.4,13,97.0,101.0,0.0,0.0,0.0,0.0,221
2023-05-10 10:57:24,MO2403-C-7400,MO2403-C-7400,97.0,0.0,0.0,0.0,6,96.8,100.4,7,97.0,101.0,0.0,0.0,0.0,0.0,221
2023-05-10 10:57:25,MO2403-C-7400,MO2403-C-7400,97.0,0.0,0.0,0.0,6,96.8,100.4,1,97.0,101.0,0.0,0.0,0.0,0.0,221
2023-05-10 10:57:29,MO2403-C-7400,MO2403-C-7400,97.0,0.0,0.0,0.0,3,96.6,100.2,6,97.0,101.0,0.0,0.0,0.0,0.0,221
2023-05-10 10:57:30,MO2403-C-7400,MO2403-C-7400,97.0,0.0,0.0,0.0,1,96.8,100.2,6,97.0,101.0,0.0,0.0,0.0,0.0,221
2023-05-10 10:57:33,MO2403-C-7400,MO2403-C-7400,97.0,0.0,0.0,0.0,2,96.6,100.2,6,97.0,101.0,0.0,0.0,0.0,0.0,221
2023-05-10 10:57:34,MO2403-C-7400,MO2403-C-7400,97.0,0.0,0.0,0.0,19,96.4,100.2,6,97.0,101.0,0.0,0.0,0.0,0.0,221
2023-05-10 10:57:34,MO2403-C-7400,MO2403-C-7400,97.0,0.0,0.0,0.0,13,96.4,100.2,6,97.0,101.0,0.0,0.0,0.0,0.0,221
2023-05-10 10:57:35,MO2403-C-7400,MO2403-C-7400,97.0,0.0,0.0,0.0,15,96.4,100.2,6,97.0,101.0,0.0,0.0,0.0,0.0,221
2023-05-10 10:57:51,MO2403-C-7400,MO2403-C-7400,97.0,0.0,0.0,0.0,9,96.4,100.2,6,97.0,101.0,0.0,0.0,0.0,0.0,221
2023-05-10 10:57:51,MO2403-C-7400,MO2403-C-7400,97.0,0.0,0.0,0.0,3,96.4,100.2,6,97.0,101.0,0.0,0.0,0.0,0.0,221
2023-05-10 10:57:52,MO2403-C-7400,MO2403-C-7400,97.0,0.0,0.0,0.0,3,96.4,99.8,1,97.0,101.0,0.0,0.0,0.0,0.0,221
2023-05-10 10:57:52,MO2403-C-7400,MO2403-C-7400,97.0,0.0,0.0,0.0,1,96.4,99.6,6,97.0,101.0,0.0,0.0,0.0,0.0,221
2023-05-10 10:58:02,MO2403-C-7400,MO2403-C-7400,97.0,0.0,0.0,0.0,15,96.2,99.6,6,97.0,101.0,0.0,0.0,0.0,0.0,221
2023-05-10 10:58:02,MO2403-C-7400,MO2403-C-7400,97.0,0.0,0.0,0.0,9,96.2,99.6,6,97.0,101.0,0.0,0.0,0.0,0.0,221
2023-05-10 10:58:03,MO2403-C-7400,MO2403-C-7400,97.0,0.0,0.0,0.0,3,96.2,99.6,6,97.0,101.0,0.0,0.0,0.0,0.0,221
2023-05-10 10:58:04,MO2403-C-7400,MO2403-C-7400,97.0,0.0,0.0,0.0,1,96.2,99.6,6,97.0,101.0,0.0,0.0,0.0,0.0,221
2023-05-10 10:58:39,MO2403-C-7400,MO2403-C-7400,97.0,0.0,0.0,0.0,2,96.2,99.6,6,97.0,101.0,0.0,0.0,0.0,0.0,221
2023-05-10 10:58:52,MO2403-C-7400,MO2403-C-7400,97.0,0.0,0.0,0.0,2,96.2,99.8,6,97.0,101.0,0.0,0.0,0.0,0.0,221
2023-05-10 10:58:53,MO2403-C-7400,MO2403-C-7400,97.0,0.0,0.0,0.0,2,96.2,100.0,6,97.0,101.0,0.0,0.0,0.0,0.0,221
2023-05-10 10:58:54,MO2403-C-7400,MO2403-C-7400,97.0,0.0,0.0,0.0,2,96.2,100.2,6,97.0,101.0,0.0,0.0,0.0,0.0,221
2023-05-10 10:58:56,MO2403-C-7400,MO2403-C-7400,97.0,0.0,0.0,0.0,1,96.4,100.2,6,97.0,101.0,0.0,0.0,0.0,0.0,221
2023-05-10 10:59:01,MO2403-C-7400,MO2403-C-7400,97.0,0.0,0.0,0.0,1,97.2,100.2,6,97.0,101.0,0.0,0.0,0.0,0.0,221
2023-05-10 10:59:06,MO2403-C-7400,MO2403-C-7400,97.0,0.0,0.0,0.0,7,97.2,100.4,18,97.0,101.0,0.0,0.0,0.0,0.0,221
2023-05-10 10:59:06,MO2403-C-7400,MO2403-C-7400,97.0,0.0,0.0,0.0,9,97.2,100.4,12,97.0,101.0,0.0,0.0,0.0,0.0,221
2023-05-10 10:59:07,MO2403-C-7400,MO2403-C-7400,97.0,0.0,0.0,0.0,9,97.2,100.4,6,97.0,101.0,0.0,0.0,0.0,0.0,221
2023-05-10 10:59:07,MO2403-C-7400,MO2403-C-7400,97.0,0.0,0.0,0.0,3,97.2,100.6,6,97.0,101.0,0.0,0.0,0.0,0.0,221
2023-05-10 10:59:08,MO2403-C-7400,MO2403-C-7400,97.0,0.0,0.0,0.0,1,97.2,100.6,6,97.0,101.0,0.0,0.0,0.0,0.0,221
2023-05-10 10:59:31,MO2403-C-7400,MO2403-C-7400,97.0,0.0,0.0,0.0,1,97.2,100.6,7,97.0,101.0,0.0,0.0,0.0,0.0,221
2023-05-10 10:59:31,MO2403-C-7400,MO2403-C-7400,97.0,0.0,0.0,0.0,1,97.2,100.4,6,97.0,101.0,0.0,0.0,0.0,0.0,221
2023-05-10 10:59:47,MO2403-C-7400,MO2403-C-7400,97.0,0.0,0.0,0.0,1,97.2,100.0,1,97.0,101.0,0.0,0.0,0.0,0.0,221
2023-05-10 10:59:48,MO2403-C-7400,MO2403-C-7400,97.0,0.0,0.0,0.0,1,97.2,99.8,6,97.0,101.0,0.0,0.0,0.0,0.0,221
2023-05-10 10:59:53,MO2403-C-7400,MO2403-C-7400,97.0,0.0,0.0,0.0,1,97.2,100.0,6,97.0,101.0,0.0,0.0,0.0,0.0,221
2023-05-10 10:59:54,MO2403-C-7400,MO2403-C-7400,97.0,0.0,0.0,0.0,1,97.2,100.2,6,97.0,101.0,0.0,0.0,0.0,0.0,221
2023-05-10 10:59:55,MO2403-C-7400,MO2403-C-7400,97.0,0.0,0.0,0.0,1,97.2,100.4,6,97.0,101.0,0.0,0.0,0.0,0.0,221
2023-05-10 10:59:59,MO2403-C-7400,MO2403-C-7400,97.0,0.0,0.0,0.0,1,97.2,100.0,1,97.0,101.0,0.0,0.0,0.0,0.0,221
2023-05-10 10:59:59,MO2403-C-7400,MO2403-C-7400,97.0,0.0,0.0,0.0,1,97.2,99.8,6,97.0,101.0,0.0,0.0,0.0,0.0,221
2023-05-10 11:00:11,MO2403-C-7400,MO2403-C-7400,97.0,0.0,0.0,0.0,2,97.0,99.8,6,97.0,101.0,0.0,0.0,0.0,0.0,221
2023-05-10 11:00:12,MO2403-C-7400,MO2403-C-7400,97.0,0.0,0.0,0.0,30,96.6,99.8,6,97.0,101.0,0.0,0.0,0.0,0.0,221
2023-05-10 11:00:12,MO2403-C-7400,MO2403-C-7400,97.0,0.0,0.0,0.0,12,96.6,99.8,6,97.0,101.0,0.0,0.0,0.0,0.0,221
2023-05-10 11:00:13,MO2403-C-7400,MO2403-C-7400,97.0,0.0,0.0,0.0,8,96.6,99.8,6,97.0,101.0,0.0,0.0,0.0,0.0,221
2023-05-10 11:00:13,MO2403-C-7400,MO2403-C-7400,97.0,0.0,0.0,0.0,2,96.6,99.8,6,97.0,101.0,0.0,0.0,0.0,0.0,221
2023-05-10 11:00:14,MO2403-C-7400,MO2403-C-7400,97.0,0.0,0.0,0.0,12,96.4,99.8,6,97.0,101.0,0.0,0.0,0.0,0.0,221
2023-05-10 11:00:14,MO2403-C-7400,MO2403-C-7400,97.0,0.0,0.0,0.0,6,96.2,99.8,6,97.0,101.0,0.0,0.0,0.0,0.0,221
2023-05-10 11:00:15,MO2403-C-7400,MO2403-C-7400,97.0,0.0,0.0,0.0,2,96.2,99.8,6,97.0,101.0,0.0,0.0,0.0,0.0,221
2023-05-10 11:00:16,MO2403-C-7400,MO2403-C-7400,97.0,0.0,0.0,0.0,20,96.0,99.8,6,97.0,101.0,0.0,0.0,0.0,0.0,221
2023-05-10 11:00:16,MO2403-C-7400,MO2403-C-7400,97.0,0.0,0.0,0.0,8,96.0,99.8,6,97.0,101.0,0.0,0.0,0.0,0.0,221
2023-05-10 11:00:17,MO2403-C-7400,MO2403-C-7400,97.0,0.0,0.0,0.0,10,96.0,99.8,6,97.0,101.0,0.0,0.0,0.0,0.0,221
2023-05-10 11:00:17,MO2403-C-7400,MO2403-C-7400,97.0,0.0,0.0,0.0,4,96.0,99.8,6,97.0,101.0,0.0,0.0,0.0,0.0,221
2023-05-10 11:00:18,MO2403-C-7400,MO2403-C-7400,97.0,0.0,0.0,0.0,2,96.0,99.8,6,97.0,101.0,0.0,0.0,0.0,0.0,221
2023-05-10 11:00:21,MO2403-C-7400,MO2403-C-7400,97.0,0.0,0.0,0.0,8,96.0,100.0,6,97.0,101.0,0.0,0.0,0.0,0.0,221
2023-05-10 11:00:22,MO2403-C-7400,MO2403-C-7400,97.0,0.0,0.0,0.0,10,96.0,100.0,6,97.0,101.0,0.0,0.0,0.0,0.0,221
2023-05-10 11:00:22,MO2403-C-7400,MO2403-C-7400,97.0,0.0,0.0,0.0,1,96.2,100.0,6,97.0,101.0,0.0,0.0,0.0,0.0,221
2023-05-10 11:00:25,MO2403-C-7400,MO2403-C-7400,97.0,0.0,0.0,0.0,7,96.2,100.0,6,97.0,101.0,0.0,0.0,0.0,0.0,221
2023-05-10 11:00:26,MO2403-C-7400,MO2403-C-7400,97.0,0.0,0.0,0.0,9,96.2,100.0,6,97.0,101.0,0.0,0.0,0.0,0.0,221
2023-05-10 11:00:32,MO2403-C-7400,MO2403-C-7400,97.0,0.0,0.0,0.0,1,96.4,100.0,6,97.0,101.0,0.0,0.0,0.0,0.0,221
2023-05-10 11:00:43,MO2403-C-7400,MO2403-C-7400,97.0,0.0,0.0,0.0,1,96.4,100.0,7,97.0,101.0,0.0,0.0,0.0,0.0,221
2023-05-10 11:00:44,MO2403-C-7400,MO2403-C-7400,97.0,0.0,0.0,0.0,1,96.4,99.8,6,97.0,101.0,0.0,0.0,0.0,0.0,221
2023-05-10 11:00:54,MO2403-C-7400,MO2403-C-7400,97.0,0.0,0.0,0.0,1,96.6,99.8,6,97.0,101.0,0.0,0.0,0.0,0.0,221
2023-05-10 11:00:58,MO2403-C-7400,MO2403-C-7400,97.0,0.0,0.0,0.0,1,96.6,100.0,6,97.0,101.0,0.0,0.0,0.0,0.0,221
2023-05-10 11:00:58,MO2403-C-7400,MO2403-C-7400,97.0,0.0,0.0,0.0,1,97.0,100.0,6,97.0,101.0,0.0,0.0,0.0,0.0,221
2023-05-10 11:01:10,MO2403-C-7400,MO2403-C-7400,97.0,0.0,0.0,0.0,1,97.0,100.0,7,97.0,101.0,0.0,0.0,0.0,0.0,221
2023-05-10 11:01:10,MO2403-C-7400,MO2403-C-7400,97.0,0.0,0.0,0.0,1,97.0,99.8,6,97.0,101.0,0.0,0.0,0.0,0.0,221
2023-05-10 11:01:48,MO2403-C-7400,MO2403-C-7400,97.0,0.0,0.0,0.0,1,97.0,100.0,6,97.0,101.0,0.0,0.0,0.0,0.0,221
2023-05-10 11:02:18,MO2403-C-7400,MO2403-C-7400,97.0,0.0,0.0,0.0,1,97.0,100.0,7,97.0,101.0,0.0,0.0,0.0,0.0,221
2023-05-10 11:02:18,MO2403-C-7400,MO2403-C-7400,97.0,0.0,0.0,0.0,1,97.0,99.8,6,97.0,101.0,0.0,0.0,0.0,0.0,221
2023-05-10 11:02:46,MO2403-C-7400,MO2403-C-7400,97.0,0.0,0.0,0.0,2,96.6,99.8,6,97.0,101.0,0.0,0.0,0.0,0.0,221
2023-05-10 11:02:47,MO2403-C-7400,MO2403-C-7400,97.0,0.0,0.0,0.0,2,96.8,99.8,6,97.0,101.0,0.0,0.0,0.0,0.0,221
2023-05-10 11:02:47,MO2403-C-7400,MO2403-C-7400,97.0,0.0,0.0,0.0,13,96.2,99.8,6,97.0,101.0,0.0,0.0,0.0,0.0,221
2023-05-10 11:02:48,MO2403-C-7400,MO2403-C-7400,97.0,0.0,0.0,0.0,7,96.2,99.8,6,97.0,101.0,0.0,0.0,0.0,0.0,221
2023-05-10 11:02:48,MO2403-C-7400,MO2403-C-7400,97.0,0.0,0.0,0.0,2,96.2,99.8,6,97.0,101.0,0.0,0.0,0.0,0.0,221
2023-05-10 11:02:49,MO2403-C-7400,MO2403-C-7400,97.0,0.0,0.0,0.0,7,95.8,99.8,6,97.0,101.0,0.0,0.0,0.0,0.0,221
2023-05-10 11:02:49,MO2403-C-7400,MO2403-C-7400,97.0,0.0,0.0,0.0,1,95.8,99.8,6,97.0,101.0,0.0,0.0,0.0,0.0,221
2023-05-10 11:03:05,MO2403-C-7400,MO2403-C-7400,97.0,0.0,0.0,0.0,7,95.8,99.8,6,97.0,101.0,0.0,0.0,0.0,0.0,221
2023-05-10 11:03:06,MO2403-C-7400,MO2403-C-7400,97.0,0.0,0.0,0.0,9,95.8,99.8,6,97.0,101.0,0.0,0.0,0.0,0.0,221
2023-05-10 11:03:07,MO2403-C-7400,MO2403-C-7400,97.0,0.0,0.0,0.0,1,96.8,99.8,6,97.0,101.0,0.0,0.0,0.0,0.0,221
2023-05-10 11:03:21,MO2403-C-7400,MO2403-C-7400,97.0,0.0,0.0,0.0,1,96.8,100.0,6,97.0,101.0,0.0,0.0,0.0,0.0,221
2023-05-10 11:03:22,MO2403-C-7400,MO2403-C-7400,97.0,0.0,0.0,0.0,1,96.8,100.2,6,97.0,101.0,0.0,0.0,0.0,0.0,221
2023-05-10 11:04:15,MO2403-C-7400,MO2403-C-7400,97.0,0.0,0.0,0.0,1,96.8,99.8,1,97.0,101.0,0.0,0.0,0.0,0.0,221
2023-05-10 11:04:16,MO2403-C-7400,MO2403-C-7400,97.0,0.0,0.0,0.0,1,96.8,99.6,6,97.0,101.0,0.0,0.0,0.0,0.0,221
2023-05-10 11:04:22,MO2403-C-7400,MO2403-C-7400,97.0,0.0,0.0,0.0,6,96.2,99.6,6,97.0,101.0,0.0,0.0,0.0,0.0,221
2023-05-10 11:04:22,MO2403-C-7400,MO2403-C-7400,97.0,0.0,0.0,0.0,6,96.0,99.6,6,97.0,101.0,0.0,0.0,0.0,0.0,221
2023-05-10 11:04:23,MO2403-C-7400,MO2403-C-7400,97.0,0.0,0.0,0.0,30,95.8,99.6,6,97.0,101.0,0.0,0.0,0.0,0.0,221
2023-05-10 11:04:23,MO2403-C-7400,MO2403-C-7400,97.0,0.0,0.0,0.0,6,95.8,99.6,6,97.0,101.0,0.0,0.0,0.0,0.0,221
2023-05-10 11:04:24,MO2403-C-7400,MO2403-C-7400,97.0,0.0,0.0,0.0,2,95.8,99.6,6,97.0,101.0,0.0,0.0,0.0,0.0,221
2023-05-10 11:04:24,MO2403-C-7400,MO2403-C-7400,97.0,0.0,0.0,0.0,1,95.6,99.6,6,97.0,101.0,0.0,0.0,0.0,0.0,221
2023-05-10 11:05:01,MO2403-C-7400,MO2403-C-7400,97.0,0.0,0.0,0.0,1,95.6,99.2,1,97.0,101.0,0.0,0.0,0.0,0.0,221
2023-05-10 11:05:02,MO2403-C-7400,MO2403-C-7400,97.0,0.0,0.0,0.0,1,95.6,99.0,6,97.0,101.0,0.0,0.0,0.0,0.0,221
2023-05-10 11:06:09,MO2403-C-7400,MO2403-C-7400,97.0,0.0,0.0,0.0,1,95.6,99.0,12,97.0,101.0,0.0,0.0,0.0,0.0,221
2023-05-10 11:06:09,MO2403-C-7400,MO2403-C-7400,97.0,0.0,0.0,0.0,1,95.6,98.8,6,97.0,101.0,0.0,0.0,0.0,0.0,221
2023-05-10 11:07:26,MO2403-C-7400,MO2403-C-7400,97.0,0.0,0.0,0.0,7,95.6,98.8,6,97.0,101.0,0.0,0.0,0.0,0.0,221
2023-05-10 11:07:26,MO2403-C-7400,MO2403-C-7400,97.0,0.0,0.0,0.0,9,95.6,98.8,6,97.0,101.0,0.0,0.0,0.0,0.0,221
2023-05-10 11:07:28,MO2403-C-7400,MO2403-C-7400,97.0,0.0,0.0,0.0,3,95.6,98.8,6,97.0,101.0,0.0,0.0,0.0,0.0,221
2023-05-10 11:07:28,MO2403-C-7400,MO2403-C-7400,97.0,0.0,0.0,0.0,1,95.6,98.8,6,97.0,101.0,0.0,0.0,0.0,0.0,221
2023-05-10 11:07:37,MO2403-C-7400,MO2403-C-7400,97.0,0.0,0.0,0.0,6,95.8,99.0,12,97.0,101.0,0.0,0.0,0.0,0.0,221
2023-05-10 11:07:39,MO2403-C-7400,MO2403-C-7400,97.0,0.0,0.0,0.0,8,95.8,99.2,25,97.0,101.0,0.0,0.0,0.0,0.0,221
2023-05-10 11:07:39,MO2403-C-7400,MO2403-C-7400,97.0,0.0,0.0,0.0,6,96.0,99.2,13,97.0,101.0,0.0,0.0,0.0,0.0,221
2023-05-10 11:07:40,MO2403-C-7400,MO2403-C-7400,97.0,0.0,0.0,0.0,8,96.0,99.2,13,97.0,101.0,0.0,0.0,0.0,0.0,221
2023-05-10 11:07:41,MO2403-C-7400,MO2403-C-7400,97.0,0.0,0.0,0.0,19,95.6,99.0,6,97.0,101.0,0.0,0.0,0.0,0.0,221
2023-05-10 11:07:41,MO2403-C-7400,MO2403-C-7400,97.0,0.0,0.0,0.0,13,95.6,99.0,6,97.0,101.0,0.0,0.0,0.0,0.0,221
2023-05-10 11:07:42,MO2403-C-7400,MO2403-C-7400,97.0,0.0,0.0,0.0,15,95.6,99.0,6,97.0,101.0,0.0,0.0,0.0,0.0,221
2023-05-10 11:07:45,MO2403-C-7400,MO2403-C-7400,97.0,0.0,0.0,0.0,6,95.8,99.2,7,97.0,101.0,0.0,0.0,0.0,0.0,221
2023-05-10 11:07:45,MO2403-C-7400,MO2403-C-7400,97.0,0.0,0.0,0.0,6,95.8,99.2,1,97.0,101.0,0.0,0.0,0.0,0.0,221
2023-05-10 11:07:46,MO2403-C-7400,MO2403-C-7400,97.0,0.0,0.0,0.0,8,95.8,99.6,12,97.0,101.0,0.0,0.0,0.0,0.0,221
2023-05-10 11:07:47,MO2403-C-7400,MO2403-C-7400,97.0,0.0,0.0,0.0,6,96.0,99.4,6,97.0,101.0,0.0,0.0,0.0,0.0,221
2023-05-10 11:07:47,MO2403-C-7400,MO2403-C-7400,97.0,0.0,0.0,0.0,2,96.0,99.8,6,97.0,101.0,0.0,0.0,0.0,0.0,221
2023-05-10 11:07:48,MO2403-C-7400,MO2403-C-7400,97.0,0.0,0.0,0.0,13,95.6,99.8,6,97.0,101.0,0.0,0.0,0.0,0.0,221
2023-05-10 11:07:49,MO2403-C-7400,MO2403-C-7400,97.0,0.0,0.0,0.0,9,95.6,99.8,6,97.0,101.0,0.0,0.0,0.0,0.0,221
2023-05-10 11:07:53,MO2403-C-7400,MO2403-C-7400,97.0,0.0,0.0,0.0,9,95.6,99.4,1,97.0,101.0,0.0,0.0,0.0,0.0,221
2023-05-10 11:07:53,MO2403-C-7400,MO2403-C-7400,97.0,0.0,0.0,0.0,9,95.6,99.2,6,97.0,101.0,0.0,0.0,0.0,0.0,221
2023-05-10 11:07:54,MO2403-C-7400,MO2403-C-7400,97.0,0.0,0.0,0.0,1,95.6,99.2,6,97.0,101.0,0.0,0.0,0.0,0.0,221
2023-05-10 11:08:03,MO2403-C-7400,MO2403-C-7400,97.0,0.0,0.0,0.0,1,95.6,99.0,6,97.0,101.0,0.0,0.0,0.0,0.0,221
2023-05-10 11:08:04,MO2403-C-7400,MO2403-C-7400,97.0,0.0,0.0,0.0,1,95.6,98.8,6,97.0,101.0,0.0,0.0,0.0,0.0,221
2023-05-10 11:08:05,MO2403-C-7400,MO2403-C-7400,97.0,0.0,0.0,0.0,1,95.6,98.8,7,97.0,101.0,0.0,0.0,0.0,0.0,221
2023-05-10 11:08:06,MO2403-C-7400,MO2403-C-7400,97.0,0.0,0.0,0.0,1,95.6,98.6,6,97.0,101.0,0.0,0.0,0.0,0.0,221
2023-05-10 11:09:01,MO2403-C-7400,MO2403-C-7400,97.0,0.0,0.0,0.0,1,95.6,98.8,6,97.0,101.0,0.0,0.0,0.0,0.0,221
2023-05-10 11:09:49,MO2403-C-7400,MO2403-C-7400,97.0,0.0,0.0,0.0,6,95.8,99.0,12,97.0,101.0,0.0,0.0,0.0,0.0,221
2023-05-10 11:09:50,MO2403-C-7400,MO2403-C-7400,97.0,0.0,0.0,0.0,2,95.8,98.8,6,97.0,101.0,0.0,0.0,0.0,0.0,221
2023-05-10 11:09:50,MO2403-C-7400,MO2403-C-7400,97.0,0.0,0.0,0.0,1,95.6,98.8,6,97.0,101.0,0.0,0.0,0.0,0.0,221
2023-05-10 11:10:00,MO2403-C-7400,MO2403-C-7400,97.0,0.0,0.0,0.0,1,95.6,98.8,7,97.0,101.0,0.0,0.0,0.0,0.0,221
2023-05-10 11:10:00,MO2403-C-7400,MO2403-C-7400,97.0,0.0,0.0,0.0,1,95.6,98.6,6,97.0,101.0,0.0,0.0,0.0,0.0,221
2023-05-10 11:10:10,MO2403-C-7400,MO2403-C-7400,97.0,0.0,0.0,0.0,7,95.6,98.8,7,97.0,101.0,0.0,0.0,0.0,0.0,221
2023-05-10 11:10:11,MO2403-C-7400,MO2403-C-7400,97.0,0.0,0.0,0.0,9,95.6,98.8,7,97.0,101.0,0.0,0.0,0.0,0.0,221
2023-05-10 11:10:13,MO2403-C-7400,MO2403-C-7400,97.0,0.0,0.0,0.0,7,95.6,98.8,7,97.0,101.0,0.0,0.0,0.0,0.0,221
2023-05-10 11:10:18,MO2403-C-7400,MO2403-C-7400,97.0,0.0,0.0,0.0,9,95.6,98.8,7,97.0,101.0,0.0,0.0,0.0,0.0,221
2023-05-10 11:10:19,MO2403-C-7400,MO2403-C-7400,97.0,0.0,0.0,0.0,7,95.6,98.8,7,97.0,101.0,0.0,0.0,0.0,0.0,221
2023-05-10 11:10:20,MO2403-C-7400,MO2403-C-7400,97.0,0.0,0.0,0.0,9,95.6,98.8,7,97.0,101.0,0.0,0.0,0.0,0.0,221
2023-05-10 11:10:22,MO2403-C-7400,MO2403-C-7400,97.0,0.0,0.0,0.0,9,95.6,98.8,6,97.0,101.0,0.0,0.0,0.0,0.0,221
2023-05-10 11:10:22,MO2403-C-7400,MO2403-C-7400,97.0,0.0,0.0,0.0,3,95.6,98.8,6,97.0,101.0,0.0,0.0,0.0,0.0,221
2023-05-10 11:10:23,MO2403-C-7400,MO2403-C-7400,97.0,0.0,0.0,0.0,1,95.6,98.8,6,97.0,101.0,0.0,0.0,0.0,0.0,221
2023-05-10 11:10:46,MO2403-C-7400,MO2403-C-7400,97.0,0.0,0.0,0.0,2,95.6,98.8,6,97.0,101.0,0.0,0.0,0.0,0.0,221
2023-05-10 11:11:11,MO2403-C-7400,MO2403-C-7400,97.0,0.0,0.0,0.0,1,95.6,98.8,6,97.0,101.0,0.0,0.0,0.0,0.0,221
2023-05-10 11:12:18,MO2403-C-7400,MO2403-C-7400,97.0,0.0,0.0,0.0,1,95.6,98.8,7,97.0,101.0,0.0,0.0,0.0,0.0,221
2023-05-10 11:12:19,MO2403-C-7400,MO2403-C-7400,97.0,0.0,0.0,0.0,1,95.6,98.6,6,97.0,101.0,0.0,0.0,0.0,0.0,221
2023-05-10 11:13:23,MO2403-C-7400,MO2403-C-7400,97.0,0.0,0.0,0.0,1,95.6,98.8,6,97.0,101.0,0.0,0.0,0.0,0.0,221
2023-05-10 11:13:38,MO2403-C-7400,MO2403-C-7400,97.0,0.0,0.0,0.0,7,95.6,98.8,6,97.0,101.0,0.0,0.0,0.0,0.0,221
2023-05-10 11:13:39,MO2403-C-7400,MO2403-C-7400,97.0,0.0,0.0,0.0,13,95.6,98.8,6,97.0,101.0,0.0,0.0,0.0,0.0,221
2023-05-10 11:13:41,MO2403-C-7400,MO2403-C-7400,97.0,0.0,0.0,0.0,7,95.6,98.8,6,97.0,101.0,0.0,0.0,0.0,0.0,221
2023-05-10 11:13:42,MO2403-C-7400,MO2403-C-7400,97.0,0.0,0.0,0.0,1,95.6,98.8,6,97.0,101.0,0.0,0.0,0.0,0.0,221
2023-05-10 11:15:47,MO2403-C-7400,MO2403-C-7400,97.0,0.0,0.0,0.0,1,95.6,99.0,6,97.0,101.0,0.0,0.0,0.0,0.0,221
2023-05-10 11:15:47,MO2403-C-7400,MO2403-C-7400,97.0,0.0,0.0,0.0,1,95.6,99.2,6,97.0,101.0,0.0,0.0,0.0,0.0,221
2023-05-10 11:16:10,MO2403-C-7400,MO2403-C-7400,97.0,0.0,0.0,0.0,6,95.8,99.2,6,97.0,101.0,0.0,0.0,0.0,0.0,221
2023-05-10 11:16:10,MO2403-C-7400,MO2403-C-7400,97.0,0.0,0.0,0.0,1,97.0,99.4,30,97.0,101.0,0.0,0.0,0.0,0.0,221
2023-05-10 11:16:11,MO2403-C-7400,MO2403-C-7400,97.0,0.0,0.0,0.0,1,97.0,99.4,6,97.0,101.0,0.0,0.0,0.0,0.0,221
2023-05-10 11:16:11,MO2403-C-7400,MO2403-C-7400,97.0,0.0,0.0,0.0,1,97.0,99.2,6,97.0,101.0,0.0,0.0,0.0,0.0,221
2023-05-10 11:16:12,MO2403-C-7400,MO2403-C-7400,97.0,0.0,0.0,0.0,1,97.0,99.6,6,97.0,101.0,0.0,0.0,0.0,0.0,221
2023-05-10 11:16:13,MO2403-C-7400,MO2403-C-7400,97.0,0.0,0.0,0.0,1,97.0,99.8,6,97.0,101.0,0.0,0.0,0.0,0.0,221
2023-05-10 11:17:28,MO2403-C-7400,MO2403-C-7400,97.0,0.0,0.0,0.0,1,97.0,99.8,7,97.0,101.0,0.0,0.0,0.0,0.0,221
2023-05-10 11:17:28,MO2403-C-7400,MO2403-C-7400,97.0,0.0,0.0,0.0,1,97.0,99.6,6,97.0,101.0,0.0,0.0,0.0,0.0,221
2023-05-10 11:17:32,MO2403-C-7400,MO2403-C-7400,97.0,0.0,0.0,0.0,1,97.0,99.8,6,97.0,101.0,0.0,0.0,0.0,0.0,221
2023-05-10 11:17:55,MO2403-C-7400,MO2403-C-7400,97.0,0.0,0.0,0.0,1,97.0,99.8,7,97.0,101.0,0.0,0.0,0.0,0.0,221
2023-05-10 11:17:56,MO2403-C-7400,MO2403-C-7400,97.0,0.0,0.0,0.0,1,97.0,99.6,6,97.0,101.0,0.0,0.0,0.0,0.0,221
2023-05-10 11:17:57,MO2403-C-7400,MO2403-C-7400,97.0,0.0,0.0,0.0,8,95.8,99.6,6,97.0,101.0,0.0,0.0,0.0,0.0,221
2023-05-10 11:17:57,MO2403-C-7400,MO2403-C-7400,97.0,0.0,0.0,0.0,2,95.8,99.6,6,97.0,101.0,0.0,0.0,0.0,0.0,221
2023-05-10 11:17:58,MO2403-C-7400,MO2403-C-7400,97.0,0.0,0.0,0.0,13,95.6,99.6,6,97.0,101.0,0.0,0.0,0.0,0.0,221
2023-05-10 11:17:59,MO2403-C-7400,MO2403-C-7400,97.0,0.0,0.0,0.0,7,95.6,99.6,6,97.0,101.0,0.0,0.0,0.0,0.0,221
2023-05-10 11:17:59,MO2403-C-7400,MO2403-C-7400,97.0,0.0,0.0,0.0,3,95.6,99.6,6,97.0,101.0,0.0,0.0,0.0,0.0,221
2023-05-10 11:18:00,MO2403-C-7400,MO2403-C-7400,97.0,0.0,0.0,0.0,1,95.6,99.6,6,97.0,101.0,0.0,0.0,0.0,0.0,221
2023-05-10 11:18:01,MO2403-C-7400,MO2403-C-7400,97.0,0.0,0.0,0.0,1,95.6,99.6,12,97.0,101.0,0.0,0.0,0.0,0.0,221
2023-05-10 11:18:01,MO2403-C-7400,MO2403-C-7400,97.0,0.0,0.0,0.0,1,95.6,99.4,6,97.0,101.0,0.0,0.0,0.0,0.0,221
2023-05-10 11:18:11,MO2403-C-7400,MO2403-C-7400,97.0,0.0,0.0,0.0,1,95.6,99.2,1,97.0,101.0,0.0,0.0,0.0,0.0,221
2023-05-10 11:18:11,MO2403-C-7400,MO2403-C-7400,97.0,0.0,0.0,0.0,1,95.6,99.0,6,97.0,101.0,0.0,0.0,0.0,0.0,221
2023-05-10 11:18:32,MO2403-C-7400,MO2403-C-7400,97.0,0.0,0.0,0.0,1,95.6,99.4,6,97.0,101.0,0.0,0.0,0.0,0.0,221
2023-05-10 11:18:59,MO2403-C-7400,MO2403-C-7400,97.0,0.0,0.0,0.0,1,95.6,99.0,1,97.0,101.0,0.0,0.0,0.0,0.0,221
2023-05-10 11:19:00,MO2403-C-7400,MO2403-C-7400,97.0,0.0,0.0,0.0,1,95.6,98.8,6,97.0,101.0,0.0,0.0,0.0,0.0,221
2023-05-10 11:19:02,MO2403-C-7400,MO2403-C-7400,97.0,0.0,0.0,0.0,1,95.6,99.6,6,97.0,101.0,0.0,0.0,0.0,0.0,221
2023-05-10 11:20:00,MO2403-C-7400,MO2403-C-7400,97.0,0.0,0.0,0.0,1,95.6,99.4,1,97.0,101.0,0.0,0.0,0.0,0.0,221
2023-05-10 11:20:00,MO2403-C-7400,MO2403-C-7400,97.0,0.0,0.0,0.0,1,95.6,99.2,6,97.0,101.0,0.0,0.0,0.0,0.0,221
2023-05-10 11:20:19,MO2403-C-7400,MO2403-C-7400,97.0,0.0,0.0,0.0,1,95.6,99.4,6,97.0,101.0,0.0,0.0,0.0,0.0,221
2023-05-10 11:20:19,MO2403-C-7400,MO2403-C-7400,97.0,0.0,0.0,0.0,1,95.6,99.6,6,97.0,101.0,0.0,0.0,0.0,0.0,221
2023-05-10 11:20:33,MO2403-C-7400,MO2403-C-7400,97.0,0.0,0.0,0.0,6,95.8,99.6,6,97.0,101.0,0.0,0.0,0.0,0.0,221
2023-05-10 11:20:35,MO2403-C-7400,MO2403-C-7400,97.0,0.0,0.0,0.0,8,95.8,99.6,6,97.0,101.0,0.0,0.0,0.0,0.0,221
2023-05-10 11:20:35,MO2403-C-7400,MO2403-C-7400,97.0,0.0,0.0,0.0,6,95.8,99.6,6,97.0,101.0,0.0,0.0,0.0,0.0,221
2023-05-10 11:20:36,MO2403-C-7400,MO2403-C-7400,97.0,0.0,0.0,0.0,1,95.6,99.6,6,97.0,101.0,0.0,0.0,0.0,0.0,221
2023-05-10 11:21:01,MO2403-C-7400,MO2403-C-7400,97.0,0.0,0.0,0.0,1,95.6,99.4,1,97.0,101.0,0.0,0.0,0.0,0.0,221
2023-05-10 11:21:02,MO2403-C-7400,MO2403-C-7400,97.0,0.0,0.0,0.0,1,95.6,99.2,6,97.0,101.0,0.0,0.0,0.0,0.0,221
2023-05-10 11:21:16,MO2403-C-7400,MO2403-C-7400,97.0,0.0,0.0,0.0,6,95.8,99.2,6,97.0,101.0,0.0,0.0,0.0,0.0,221
2023-05-10 11:21:43,MO2403-C-7400,MO2403-C-7400,97.0,0.0,0.0,0.0,1,95.6,99.2,6,97.0,101.0,0.0,0.0,0.0,0.0,221
2023-05-10 11:22:16,MO2403-C-7400,MO2403-C-7400,97.0,0.0,0.0,0.0,1,95.6,98.8,1,97.0,101.0,0.0,0.0,0.0,0.0,221
2023-05-10 11:22:17,MO2403-C-7400,MO2403-C-7400,97.0,0.0,0.0,0.0,7,95.6,98.8,7,97.0,101.0,0.0,0.0,0.0,0.0,221
2023-05-10 11:22:17,MO2403-C-7400,MO2403-C-7400,97.0,0.0,0.0,0.0,7,95.6,98.8,13,97.0,101.0,0.0,0.0,0.0,0.0,221
2023-05-10 11:22:18,MO2403-C-7400,MO2403-C-7400,97.0,0.0,0.0,0.0,7,95.6,98.8,19,97.0,101.0,0.0,0.0,0.0,0.0,221
2023-05-10 11:22:28,MO2403-C-7400,MO2403-C-7400,97.0,0.0,0.0,0.0,6,95.8,98.8,13,97.0,101.0,0.0,0.0,0.0,0.0,221
2023-05-10 11:22:41,MO2403-C-7400,MO2403-C-7400,97.0,0.0,0.0,0.0,1,95.6,98.8,19,97.0,101.0,0.0,0.0,0.0,0.0,221
2023-05-10 11:22:42,MO2403-C-7400,MO2403-C-7400,97.0,0.0,0.0,0.0,7,95.6,98.8,19,97.0,101.0,0.0,0.0,0.0,0.0,221
2023-05-10 11:22:54,MO2403-C-7400,MO2403-C-7400,97.0,0.0,0.0,0.0,6,95.8,98.8,13,97.0,101.0,0.0,0.0,0.0,0.0,221
2023-05-10 11:23:07,MO2403-C-7400,MO2403-C-7400,97.0,0.0,0.0,0.0,8,95.8,98.8,13,97.0,101.0,0.0,0.0,0.0,0.0,221
2023-05-10 11:23:07,MO2403-C-7400,MO2403-C-7400,97.0,0.0,0.0,0.0,6,96.0,98.8,13,97.0,101.0,0.0,0.0,0.0,0.0,221
2023-05-10 11:23:08,MO2403-C-7400,MO2403-C-7400,97.0,0.0,0.0,0.0,6,95.8,98.8,13,97.0,101.0,0.0,0.0,0.0,0.0,221
2023-05-10 11:23:11,MO2403-C-7400,MO2403-C-7400,97.0,0.0,0.0,0.0,8,95.8,98.8,13,97.0,101.0,0.0,0.0,0.0,0.0,221
2023-05-10 11:23:11,MO2403-C-7400,MO2403-C-7400,97.0,0.0,0.0,0.0,6,96.0,98.8,13,97.0,101.0,0.0,0.0,0.0,0.0,221
2023-05-10 11:23:12,MO2403-C-7400,MO2403-C-7400,97.0,0.0,0.0,0.0,6,95.8,98.8,12,97.0,101.0,0.0,0.0,0.0,0.0,221
2023-05-10 11:23:13,MO2403-C-7400,MO2403-C-7400,97.0,0.0,0.0,0.0,6,95.8,98.8,6,97.0,101.0,0.0,0.0,0.0,0.0,221
2023-05-10 11:23:32,MO2403-C-7400,MO2403-C-7400,97.0,0.0,0.0,0.0,6,95.8,98.8,7,97.0,101.0,0.0,0.0,0.0,0.0,221
2023-05-10 11:23:45,MO2403-C-7400,MO2403-C-7400,97.0,0.0,0.0,0.0,6,95.8,98.0,1,97.0,101.0,0.0,0.0,0.0,0.0,221
2023-05-10 11:24:21,MO2403-C-7400,MO2403-C-7400,97.0,0.0,0.0,0.0,8,95.8,98.0,1,97.0,101.0,0.0,0.0,0.0,0.0,221
2023-05-10 11:24:21,MO2403-C-7400,MO2403-C-7400,97.0,0.0,0.0,0.0,6,96.0,98.0,1,97.0,101.0,0.0,0.0,0.0,0.0,221
2023-05-10 11:24:35,MO2403-C-7400,MO2403-C-7400,97.0,0.0,0.0,0.0,6,95.8,98.0,1,97.0,101.0,0.0,0.0,0.0,0.0,221
2023-05-10 11:24:40,MO2403-C-7400,MO2403-C-7400,97.0,0.0,0.0,0.0,8,95.8,98.0,1,97.0,101.0,0.0,0.0,0.0,0.0,221
2023-05-10 11:24:41,MO2403-C-7400,MO2403-C-7400,97.0,0.0,0.0,0.0,6,96.0,98.0,1,97.0,101.0,0.0,0.0,0.0,0.0,221
2023-05-10 11:24:45,MO2403-C-7400,MO2403-C-7400,97.0,0.0,0.0,0.0,6,95.8,98.0,1,97.0,101.0,0.0,0.0,0.0,0.0,221
2023-05-10 11:24:52,MO2403-C-7400,MO2403-C-7400,97.0,0.0,0.0,0.0,8,95.8,98.0,1,97.0,101.0,0.0,0.0,0.0,0.0,221
2023-05-10 11:24:52,MO2403-C-7400,MO2403-C-7400,97.0,0.0,0.0,0.0,6,96.0,98.0,1,97.0,101.0,0.0,0.0,0.0,0.0,221
2023-05-10 11:24:53,MO2403-C-7400,MO2403-C-7400,97.0,0.0,0.0,0.0,6,95.6,98.0,1,97.0,101.0,0.0,0.0,0.0,0.0,221
2023-05-10 11:24:53,MO2403-C-7400,MO2403-C-7400,97.0,0.0,0.0,0.0,8,95.6,98.0,1,97.0,101.0,0.0,0.0,0.0,0.0,221
2023-05-10 11:24:54,MO2403-C-7400,MO2403-C-7400,97.0,0.0,0.0,0.0,6,95.8,98.0,1,97.0,101.0,0.0,0.0,0.0,0.0,221
2023-05-10 11:25:04,MO2403-C-7400,MO2403-C-7400,97.0,0.0,0.0,0.0,6,95.6,98.0,1,97.0,101.0,0.0,0.0,0.0,0.0,221
2023-05-10 11:25:05,MO2403-C-7400,MO2403-C-7400,97.0,0.0,0.0,0.0,8,95.6,98.0,1,97.0,101.0,0.0,0.0,0.0,0.0,221
2023-05-10 11:25:06,MO2403-C-7400,MO2403-C-7400,97.0,0.0,0.0,0.0,6,95.8,98.0,1,97.0,101.0,0.0,0.0,0.0,0.0,221
2023-05-10 11:25:07,MO2403-C-7400,MO2403-C-7400,97.0,0.0,0.0,0.0,6,95.6,98.0,1,97.0,101.0,0.0,0.0,0.0,0.0,221
2023-05-10 11:25:13,MO2403-C-7400,MO2403-C-7400,97.0,0.0,0.0,0.0,8,95.6,98.0,1,97.0,101.0,0.0,0.0,0.0,0.0,221
2023-05-10 11:25:13,MO2403-C-7400,MO2403-C-7400,97.0,0.0,0.0,0.0,6,95.8,98.0,1,97.0,101.0,0.0,0.0,0.0,0.0,221
2023-05-10 11:25:14,MO2403-C-7400,MO2403-C-7400,97.0,0.0,0.0,0.0,6,95.6,98.0,1,97.0,101.0,0.0,0.0,0.0,0.0,221
2023-05-10 11:25:15,MO2403-C-7400,MO2403-C-7400,97.0,0.0,0.0,0.0,8,95.6,98.0,1,97.0,101.0,0.0,0.0,0.0,0.0,221
2023-05-10 11:25:16,MO2403-C-7400,MO2403-C-7400,97.0,0.0,0.0,0.0,6,95.8,98.0,1,97.0,101.0,0.0,0.0,0.0,0.0,221
2023-05-10 11:25:26,MO2403-C-7400,MO2403-C-7400,97.0,0.0,0.0,0.0,8,95.8,98.0,1,97.0,101.0,0.0,0.0,0.0,0.0,221
2023-05-10 11:25:26,MO2403-C-7400,MO2403-C-7400,97.0,0.0,0.0,0.0,6,96.0,98.0,1,97.0,101.0,0.0,0.0,0.0,0.0,221
2023-05-10 11:25:30,MO2403-C-7400,MO2403-C-7400,97.0,0.0,0.0,0.0,6,96.0,98.0,2,97.0,101.0,0.0,0.0,0.0,0.0,221
2023-05-10 11:25:33,MO2403-C-7400,MO2403-C-7400,97.0,0.0,0.0,0.0,6,95.6,98.0,2,97.0,101.0,0.0,0.0,0.0,0.0,221
2023-05-10 11:26:08,MO2403-C-7400,MO2403-C-7400,97.0,0.0,0.0,0.0,8,95.6,98.0,2,97.0,101.0,0.0,0.0,0.0,0.0,221
2023-05-10 11:26:09,MO2403-C-7400,MO2403-C-7400,97.0,0.0,0.0,0.0,6,95.8,98.0,2,97.0,101.0,0.0,0.0,0.0,0.0,221
2023-05-10 11:26:10,MO2403-C-7400,MO2403-C-7400,97.0,0.0,0.0,0.0,6,95.6,98.0,2,97.0,101.0,0.0,0.0,0.0,0.0,221
2023-05-10 11:26:19,MO2403-C-7400,MO2403-C-7400,97.0,0.0,0.0,0.0,12,95.6,98.0,2,97.0,101.0,0.0,0.0,0.0,0.0,221
2023-05-10 11:26:20,MO2403-C-7400,MO2403-C-7400,97.0,0.0,0.0,0.0,6,95.8,98.0,2,97.0,101.0,0.0,0.0,0.0,0.0,221
2023-05-10 11:26:57,MO2403-C-7400,MO2403-C-7400,97.0,0.0,0.0,0.0,6,95.6,98.0,2,97.0,101.0,0.0,0.0,0.0,0.0,221
2023-05-10 11:27:14,MO2403-C-7400,MO2403-C-7400,97.0,0.0,0.0,0.0,6,95.6,97.4,1,97.0,101.0,0.0,0.0,0.0,0.0,221
2023-05-10 11:27:17,MO2403-C-7400,MO2403-C-7400,97.0,0.0,0.0,0.0,8,95.6,97.4,1,97.0,101.0,0.0,0.0,0.0,0.0,221
2023-05-10 11:27:18,MO2403-C-7400,MO2403-C-7400,97.0,0.0,0.0,0.0,6,95.8,97.4,1,97.0,101.0,0.0,0.0,0.0,0.0,221
2023-05-10 11:27:22,MO2403-C-7400,MO2403-C-7400,97.0,0.0,0.0,0.0,6,95.8,98.0,1,97.0,101.0,0.0,0.0,0.0,0.0,221
2023-05-10 11:27:26,MO2403-C-7400,MO2403-C-7400,97.0,0.0,0.0,0.0,8,95.8,98.0,1,97.0,101.0,0.0,0.0,0.0,0.0,221
2023-05-10 11:27:26,MO2403-C-7400,MO2403-C-7400,97.0,0.0,0.0,0.0,6,96.0,98.0,1,97.0,101.0,0.0,0.0,0.0,0.0,221
2023-05-10 11:27:27,MO2403-C-7400,MO2403-C-7400,97.0,0.0,0.0,0.0,6,95.6,98.0,1,97.0,101.0,0.0,0.0,0.0,0.0,221
2023-05-10 11:27:28,MO2403-C-7400,MO2403-C-7400,97.0,0.0,0.0,0.0,8,95.6,98.0,1,97.0,101.0,0.0,0.0,0.0,0.0,221
2023-05-10 11:27:28,MO2403-C-7400,MO2403-C-7400,97.0,0.0,0.0,0.0,6,95.8,98.0,1,97.0,101.0,0.0,0.0,0.0,0.0,221
2023-05-10 11:27:30,MO2403-C-7400,MO2403-C-7400,97.0,0.0,0.0,0.0,8,95.8,98.0,1,97.0,101.0,0.0,0.0,0.0,0.0,221
2023-05-10 11:27:30,MO2403-C-7400,MO2403-C-7400,97.0,0.0,0.0,0.0,6,96.0,97.6,1,97.0,101.0,0.0,0.0,0.0,0.0,221
2023-05-10 11:27:31,MO2403-C-7400,MO2403-C-7400,97.0,0.0,0.0,0.0,6,95.8,97.6,1,97.0,101.0,0.0,0.0,0.0,0.0,221
2023-05-10 11:27:32,MO2403-C-7400,MO2403-C-7400,97.0,0.0,0.0,0.0,6,95.6,97.6,1,97.0,101.0,0.0,0.0,0.0,0.0,221
2023-05-10 11:27:33,MO2403-C-7400,MO2403-C-7400,97.0,0.0,0.0,0.0,8,95.6,97.6,1,97.0,101.0,0.0,0.0,0.0,0.0,221
2023-05-10 11:27:33,MO2403-C-7400,MO2403-C-7400,97.0,0.0,0.0,0.0,6,95.8,97.6,1,97.0,101.0,0.0,0.0,0.0,0.0,221
2023-05-10 11:27:35,MO2403-C-7400,MO2403-C-7400,97.0,0.0,0.0,0.0,8,95.6,97.6,1,97.0,101.0,0.0,0.0,0.0,0.0,221
2023-05-10 11:27:35,MO2403-C-7400,MO2403-C-7400,97.0,0.0,0.0,0.0,6,95.8,97.6,1,97.0,101.0,0.0,0.0,0.0,0.0,221
2023-05-10 11:27:36,MO2403-C-7400,MO2403-C-7400,97.0,0.0,0.0,0.0,6,95.6,97.6,1,97.0,101.0,0.0,0.0,0.0,0.0,221
2023-05-10 11:27:44,MO2403-C-7400,MO2403-C-7400,97.0,0.0,0.0,0.0,6,95.6,97.6,7,97.0,101.0,0.0,0.0,0.0,0.0,221
2023-05-10 11:28:02,MO2403-C-7400,MO2403-C-7400,97.0,0.0,0.0,0.0,8,95.6,97.6,7,97.0,101.0,0.0,0.0,0.0,0.0,221
2023-05-10 11:28:03,MO2403-C-7400,MO2403-C-7400,97.0,0.0,0.0,0.0,6,95.8,97.6,7,97.0,101.0,0.0,0.0,0.0,0.0,221
2023-05-10 11:28:04,MO2403-C-7400,MO2403-C-7400,97.0,0.0,0.0,0.0,6,95.6,97.6,7,97.0,101.0,0.0,0.0,0.0,0.0,221
2023-05-10 11:28:07,MO2403-C-7400,MO2403-C-7400,97.0,0.0,0.0,0.0,8,95.6,97.6,6,97.0,101.0,0.0,0.0,0.0,0.0,221
2023-05-10 11:28:07,MO2403-C-7400,MO2403-C-7400,97.0,0.0,0.0,0.0,6,95.8,97.6,6,97.0,101.0,0.0,0.0,0.0,0.0,221
2023-05-10 11:28:08,MO2403-C-7400,MO2403-C-7400,97.0,0.0,0.0,0.0,6,95.6,97.6,6,97.0,101.0,0.0,0.0,0.0,0.0,221
2023-05-10 11:28:08,MO2403-C-7400,MO2403-C-7400,97.0,0.0,0.0,0.0,8,95.4,97.6,6,97.0,101.0,0.0,0.0,0.0,0.0,221
2023-05-10 11:28:09,MO2403-C-7400,MO2403-C-7400,97.0,0.0,0.0,0.0,6,95.6,97.6,6,97.0,101.0,0.0,0.0,0.0,0.0,221
2023-05-10 11:28:10,MO2403-C-7400,MO2403-C-7400,97.0,0.0,0.0,0.0,6,95.4,97.6,6,97.0,101.0,0.0,0.0,0.0,0.0,221
2023-05-10 11:28:11,MO2403-C-7400,MO2403-C-7400,97.0,0.0,0.0,0.0,8,95.4,97.6,6,97.0,101.0,0.0,0.0,0.0,0.0,221
2023-05-10 11:28:12,MO2403-C-7400,MO2403-C-7400,97.0,0.0,0.0,0.0,6,95.6,97.6,6,97.0,101.0,0.0,0.0,0.0,0.0,221
2023-05-10 11:28:15,MO2403-C-7400,MO2403-C-7400,97.0,0.0,0.0,0.0,8,95.6,97.6,6,97.0,101.0,0.0,0.0,0.0,0.0,221
2023-05-10 11:28:16,MO2403-C-7400,MO2403-C-7400,97.0,0.0,0.0,0.0,6,95.8,97.6,6,97.0,101.0,0.0,0.0,0.0,0.0,221
2023-05-10 11:28:16,MO2403-C-7400,MO2403-C-7400,97.0,0.0,0.0,0.0,6,95.4,97.6,6,97.0,101.0,0.0,0.0,0.0,0.0,221
2023-05-10 11:28:17,MO2403-C-7400,MO2403-C-7400,97.0,0.0,0.0,0.0,8,95.4,97.6,6,97.0,101.0,0.0,0.0,0.0,0.0,221
2023-05-10 11:28:17,MO2403-C-7400,MO2403-C-7400,97.0,0.0,0.0,0.0,6,95.6,97.6,6,97.0,101.0,0.0,0.0,0.0,0.0,221
2023-05-10 11:28:18,MO2403-C-7400,MO2403-C-7400,97.0,0.0,0.0,0.0,6,95.6,98.0,1,97.0,101.0,0.0,0.0,0.0,0.0,221
2023-05-10 11:28:20,MO2403-C-7400,MO2403-C-7400,97.0,0.0,0.0,0.0,12,95.6,98.0,1,97.0,101.0,0.0,0.0,0.0,0.0,221
2023-05-10 11:28:21,MO2403-C-7400,MO2403-C-7400,97.0,0.0,0.0,0.0,6,95.8,98.0,1,97.0,101.0,0.0,0.0,0.0,0.0,221
2023-05-10 11:29:30,MO2403-C-7400,MO2403-C-7400,97.0,0.0,0.0,0.0,6,95.6,98.0,1,97.0,101.0,0.0,0.0,0.0,0.0,221
2023-05-10 11:29:38,MO2403-C-7400,MO2403-C-7400,97.0,0.0,0.0,0.0,6,95.0,98.0,1,97.0,101.0,0.0,0.0,0.0,0.0,221
2023-05-10 11:29:41,MO2403-C-7400,MO2403-C-7400,97.0,0.0,0.0,0.0,6,94.0,98.0,1,97.0,101.0,0.0,0.0,0.0,0.0,221
2023-05-10 11:29:50,MO2403-C-7400,MO2403-C-7400,97.0,0.0,0.0,0.0,2,92.0,98.0,1,97.0,101.0,0.0,0.0,0.0,0.0,221
2023-05-10 11:29:51,MO2403-C-7400,MO2403-C-7400,97.0,0.0,0.0,0.0,1,2.6,98.0,1,97.0,101.0,0.0,0.0,0.0,0.0,221
2023-05-10 11:29:51,MO2403-C-7400,MO2403-C-7400,97.0,0.0,0.0,0.0,1,5.2,98.0,1,97.0,101.0,0.0,0.0,0.0,0.0,221
2023-05-10 13:00:03,MO2403-C-7400,MO2403-C-7400,97.0,0.0,0.0,0.0,6,93.4,98.0,1,97.0,101.0,0.0,0.0,0.0,0.0,221
2023-05-10 13:00:04,MO2403-C-7400,MO2403-C-7400,97.0,0.0,0.0,0.0,1,5.4,98.0,1,97.0,101.0,0.0,0.0,0.0,0.0,221
2023-05-10 13:00:05,MO2403-C-7400,MO2403-C-7400,97.0,0.0,0.0,0.0,6,5.4,98.0,1,97.0,101.0,0.0,0.0,0.0,0.0,221
2023-05-10 13:00:06,MO2403-C-7400,MO2403-C-7400,97.0,0.0,0.0,0.0,1,8.0,98.0,1,97.0,101.0,0.0,0.0,0.0,0.0,221
2023-05-10 13:00:07,MO2403-C-7400,MO2403-C-7400,97.0,0.0,0.0,0.0,6,91.6,97.0,6,97.0,101.0,0.0,0.0,0.0,0.0,221
2023-05-10 13:00:07,MO2403-C-7400,MO2403-C-7400,97.0,0.0,0.0,0.0,6,92.0,97.0,6,97.0,101.0,0.0,0.0,0.0,0.0,221
2023-05-10 13:00:08,MO2403-C-7400,MO2403-C-7400,97.0,0.0,0.0,0.0,6,93.6,98.0,1,97.0,101.0,0.0,0.0,0.0,0.0,221
2023-05-10 13:00:09,MO2403-C-7400,MO2403-C-7400,97.0,0.0,0.0,0.0,12,93.6,98.0,1,97.0,101.0,0.0,0.0,0.0,0.0,221
2023-05-10 13:00:14,MO2403-C-7400,MO2403-C-7400,97.0,0.0,0.0,0.0,6,93.6,98.0,2,97.0,101.0,0.0,0.0,0.0,0.0,221
2023-05-10 13:00:19,MO2403-C-7400,MO2403-C-7400,97.0,0.0,0.0,0.0,6,93.8,98.0,2,97.0,101.0,0.0,0.0,0.0,0.0,221
2023-05-10 13:00:25,MO2403-C-7400,MO2403-C-7400,97.0,0.0,0.0,0.0,6,93.0,98.0,2,97.0,101.0,0.0,0.0,0.0,0.0,221
2023-05-10 13:00:32,MO2403-C-7400,MO2403-C-7400,97.0,0.0,0.0,0.0,6,93.0,97.4,1,97.0,101.0,0.0,0.0,0.0,0.0,221
2023-05-10 13:00:43,MO2403-C-7400,MO2403-C-7400,97.0,0.0,0.0,0.0,12,93.0,97.4,1,97.0,101.0,0.0,0.0,0.0,0.0,221
2023-05-10 13:00:43,MO2403-C-7400,MO2403-C-7400,97.0,0.0,0.0,0.0,6,93.2,97.4,1,97.0,101.0,0.0,0.0,0.0,0.0,221
2023-05-10 13:00:47,MO2403-C-7400,MO2403-C-7400,97.0,0.0,0.0,0.0,6,93.2,98.0,1,97.0,101.0,0.0,0.0,0.0,0.0,221
2023-05-10 13:00:54,MO2403-C-7400,MO2403-C-7400,97.0,0.0,0.0,0.0,8,93.2,98.0,1,97.0,101.0,0.0,0.0,0.0,0.0,221
2023-05-10 13:00:54,MO2403-C-7400,MO2403-C-7400,97.0,0.0,0.0,0.0,6,93.4,98.0,1,97.0,101.0,0.0,0.0,0.0,0.0,221
2023-05-10 13:00:57,MO2403-C-7400,MO2403-C-7400,97.0,0.0,0.0,0.0,8,93.4,98.0,1,97.0,101.0,0.0,0.0,0.0,0.0,221
2023-05-10 13:00:57,MO2403-C-7400,MO2403-C-7400,97.0,0.0,0.0,0.0,6,93.6,98.0,1,97.0,101.0,0.0,0.0,0.0,0.0,221
2023-05-10 13:00:58,MO2403-C-7400,MO2403-C-7400,97.0,0.0,0.0,0.0,8,93.6,98.0,1,97.0,101.0,0.0,0.0,0.0,0.0,221
2023-05-10 13:00:59,MO2403-C-7400,MO2403-C-7400,97.0,0.0,0.0,0.0,6,93.8,98.0,1,97.0,101.0,0.0,0.0,0.0,0.0,221
2023-05-10 13:00:59,MO2403-C-7400,MO2403-C-7400,97.0,0.0,0.0,0.0,8,93.8,98.0,1,97.0,101.0,0.0,0.0,0.0,0.0,221
2023-05-10 13:01:00,MO2403-C-7400,MO2403-C-7400,97.0,0.0,0.0,0.0,6,94.0,98.0,1,97.0,101.0,0.0,0.0,0.0,0.0,221
2023-05-10 13:01:03,MO2403-C-7400,MO2403-C-7400,97.0,0.0,0.0,0.0,8,94.0,98.0,1,97.0,101.0,0.0,0.0,0.0,0.0,221
2023-05-10 13:01:03,MO2403-C-7400,MO2403-C-7400,97.0,0.0,0.0,0.0,6,94.2,98.0,1,97.0,101.0,0.0,0.0,0.0,0.0,221
2023-05-10 13:01:09,MO2403-C-7400,MO2403-C-7400,97.0,0.0,0.0,0.0,8,94.2,98.0,1,97.0,101.0,0.0,0.0,0.0,0.0,221
2023-05-10 13:01:09,MO2403-C-7400,MO2403-C-7400,97.0,0.0,0.0,0.0,6,94.4,97.6,1,97.0,101.0,0.0,0.0,0.0,0.0,221
2023-05-10 13:01:10,MO2403-C-7400,MO2403-C-7400,97.0,0.0,0.0,0.0,8,94.4,97.6,1,97.0,101.0,0.0,0.0,0.0,0.0,221
2023-05-10 13:01:11,MO2403-C-7400,MO2403-C-7400,97.0,0.0,0.0,0.0,6,94.6,97.6,1,97.0,101.0,0.0,0.0,0.0,0.0,221
2023-05-10 13:01:12,MO2403-C-7400,MO2403-C-7400,97.0,0.0,0.0,0.0,8,94.6,97.6,1,97.0,101.0,0.0,0.0,0.0,0.0,221
2023-05-10 13:01:12,MO2403-C-7400,MO2403-C-7400,97.0,0.0,0.0,0.0,6,94.8,97.6,1,97.0,101.0,0.0,0.0,0.0,0.0,221
2023-05-10 13:01:15,MO2403-C-7400,MO2403-C-7400,97.0,0.0,0.0,0.0,8,94.8,97.6,1,97.0,101.0,0.0,0.0,0.0,0.0,221
2023-05-10 13:01:15,MO2403-C-7400,MO2403-C-7400,97.0,0.0,0.0,0.0,6,95.0,97.6,1,97.0,101.0,0.0,0.0,0.0,0.0,221
2023-05-10 13:01:16,MO2403-C-7400,MO2403-C-7400,97.0,0.0,0.0,0.0,6,94.4,97.6,1,97.0,101.0,0.0,0.0,0.0,0.0,221
2023-05-10 13:01:16,MO2403-C-7400,MO2403-C-7400,97.0,0.0,0.0,0.0,8,94.4,97.6,1,97.0,101.0,0.0,0.0,0.0,0.0,221
2023-05-10 13:01:17,MO2403-C-7400,MO2403-C-7400,97.0,0.0,0.0,0.0,6,94.6,97.6,1,97.0,101.0,0.0,0.0,0.0,0.0,221
2023-05-10 13:01:18,MO2403-C-7400,MO2403-C-7400,97.0,0.0,0.0,0.0,8,94.6,97.6,1,97.0,101.0,0.0,0.0,0.0,0.0,221
2023-05-10 13:01:18,MO2403-C-7400,MO2403-C-7400,97.0,0.0,0.0,0.0,6,94.8,97.6,1,97.0,101.0,0.0,0.0,0.0,0.0,221
2023-05-10 13:01:19,MO2403-C-7400,MO2403-C-7400,97.0,0.0,0.0,0.0,8,94.8,97.6,1,97.0,101.0,0.0,0.0,0.0,0.0,221
2023-05-10 13:01:19,MO2403-C-7400,MO2403-C-7400,97.0,0.0,0.0,0.0,6,95.0,97.6,1,97.0,101.0,0.0,0.0,0.0,0.0,221
2023-05-10 13:01:22,MO2403-C-7400,MO2403-C-7400,97.0,0.0,0.0,0.0,8,95.0,97.6,1,97.0,101.0,0.0,0.0,0.0,0.0,221
2023-05-10 13:01:23,MO2403-C-7400,MO2403-C-7400,97.0,0.0,0.0,0.0,6,95.2,97.6,1,97.0,101.0,0.0,0.0,0.0,0.0,221
2023-05-10 13:01:24,MO2403-C-7400,MO2403-C-7400,97.0,0.0,0.0,0.0,6,95.0,97.6,1,97.0,101.0,0.0,0.0,0.0,0.0,221
2023-05-10 13:01:26,MO2403-C-7400,MO2403-C-7400,97.0,0.0,0.0,0.0,8,95.0,97.6,1,97.0,101.0,0.0,0.0,0.0,0.0,221
2023-05-10 13:01:27,MO2403-C-7400,MO2403-C-7400,97.0,0.0,0.0,0.0,6,95.2,97.6,1,97.0,101.0,0.0,0.0,0.0,0.0,221
2023-05-10 13:01:27,MO2403-C-7400,MO2403-C-7400,97.0,0.0,0.0,0.0,6,94.4,97.6,1,97.0,101.0,0.0,0.0,0.0,0.0,221
2023-05-10 13:01:28,MO2403-C-7400,MO2403-C-7400,97.0,0.0,0.0,0.0,8,94.4,97.6,1,97.0,101.0,0.0,0.0,0.0,0.0,221
2023-05-10 13:01:28,MO2403-C-7400,MO2403-C-7400,97.0,0.0,0.0,0.0,6,94.6,97.6,1,97.0,101.0,0.0,0.0,0.0,0.0,221
2023-05-10 13:01:29,MO2403-C-7400,MO2403-C-7400,97.0,0.0,0.0,0.0,8,94.6,97.6,1,97.0,101.0,0.0,0.0,0.0,0.0,221
2023-05-10 13:01:29,MO2403-C-7400,MO2403-C-7400,97.0,0.0,0.0,0.0,6,94.8,97.6,1,97.0,101.0,0.0,0.0,0.0,0.0,221
2023-05-10 13:01:30,MO2403-C-7400,MO2403-C-7400,97.0,0.0,0.0,0.0,8,94.8,97.6,1,97.0,101.0,0.0,0.0,0.0,0.0,221
2023-05-10 13:01:30,MO2403-C-7400,MO2403-C-7400,97.0,0.0,0.0,0.0,6,95.0,97.6,1,97.0,101.0,0.0,0.0,0.0,0.0,221
2023-05-10 13:01:31,MO2403-C-7400,MO2403-C-7400,97.0,0.0,0.0,0.0,8,95.0,97.6,1,97.0,101.0,0.0,0.0,0.0,0.0,221
2023-05-10 13:01:31,MO2403-C-7400,MO2403-C-7400,97.0,0.0,0.0,0.0,6,95.2,97.6,1,97.0,101.0,0.0,0.0,0.0,0.0,221
2023-05-10 13:01:32,MO2403-C-7400,MO2403-C-7400,97.0,0.0,0.0,0.0,6,94.4,97.6,1,97.0,101.0,0.0,0.0,0.0,0.0,221
2023-05-10 13:01:32,MO2403-C-7400,MO2403-C-7400,97.0,0.0,0.0,0.0,8,94.4,97.6,1,97.0,101.0,0.0,0.0,0.0,0.0,221
2023-05-10 13:01:33,MO2403-C-7400,MO2403-C-7400,97.0,0.0,0.0,0.0,6,94.6,98.0,1,97.0,101.0,0.0,0.0,0.0,0.0,221
2023-05-10 13:01:33,MO2403-C-7400,MO2403-C-7400,97.0,0.0,0.0,0.0,8,94.6,98.0,1,97.0,101.0,0.0,0.0,0.0,0.0,221
2023-05-10 13:01:34,MO2403-C-7400,MO2403-C-7400,97.0,0.0,0.0,0.0,6,94.8,98.0,1,97.0,101.0,0.0,0.0,0.0,0.0,221
2023-05-10 13:01:34,MO2403-C-7400,MO2403-C-7400,97.0,0.0,0.0,0.0,8,94.8,98.0,1,97.0,101.0,0.0,0.0,0.0,0.0,221
2023-05-10 13:01:35,MO2403-C-7400,MO2403-C-7400,97.0,0.0,0.0,0.0,6,95.0,98.0,1,97.0,101.0,0.0,0.0,0.0,0.0,221
2023-05-10 13:01:42,MO2403-C-7400,MO2403-C-7400,97.0,0.0,0.0,0.0,6,94.8,98.0,1,97.0,101.0,0.0,0.0,0.0,0.0,221
2023-05-10 13:01:46,MO2403-C-7400,MO2403-C-7400,97.0,0.0,0.0,0.0,8,94.8,98.0,1,97.0,101.0,0.0,0.0,0.0,0.0,221
2023-05-10 13:01:46,MO2403-C-7400,MO2403-C-7400,97.0,0.0,0.0,0.0,6,95.0,98.0,1,97.0,101.0,0.0,0.0,0.0,0.0,221
2023-05-10 13:01:49,MO2403-C-7400,MO2403-C-7400,97.0,0.0,0.0,0.0,6,94.8,98.0,1,97.0,101.0,0.0,0.0,0.0,0.0,221
2023-05-10 13:01:51,MO2403-C-7400,MO2403-C-7400,97.0,0.0,0.0,0.0,8,94.8,98.0,1,97.0,101.0,0.0,0.0,0.0,0.0,221
2023-05-10 13:01:51,MO2403-C-7400,MO2403-C-7400,97.0,0.0,0.0,0.0,6,95.0,98.0,1,97.0,101.0,0.0,0.0,0.0,0.0,221
2023-05-10 13:01:55,MO2403-C-7400,MO2403-C-7400,97.0,0.0,0.0,0.0,6,94.8,98.0,1,97.0,101.0,0.0,0.0,0.0,0.0,221
2023-05-10 13:01:55,MO2403-C-7400,MO2403-C-7400,97.0,0.0,0.0,0.0,6,94.8,97.6,1,97.0,101.0,0.0,0.0,0.0,0.0,221
2023-05-10 13:02:01,MO2403-C-7400,MO2403-C-7400,97.0,0.0,0.0,0.0,8,94.8,97.6,1,97.0,101.0,0.0,0.0,0.0,0.0,221
2023-05-10 13:02:02,MO2403-C-7400,MO2403-C-7400,97.0,0.0,0.0,0.0,6,95.0,97.6,1,97.0,101.0,0.0,0.0,0.0,0.0,221
2023-05-10 13:02:04,MO2403-C-7400,MO2403-C-7400,97.0,0.0,0.0,0.0,8,95.0,97.6,1,97.0,101.0,0.0,0.0,0.0,0.0,221
2023-05-10 13:02:04,MO2403-C-7400,MO2403-C-7400,97.0,0.0,0.0,0.0,6,95.2,97.6,1,97.0,101.0,0.0,0.0,0.0,0.0,221
2023-05-10 13:02:05,MO2403-C-7400,MO2403-C-7400,97.0,0.0,0.0,0.0,6,94.4,97.6,1,97.0,101.0,0.0,0.0,0.0,0.0,221
2023-05-10 13:02:06,MO2403-C-7400,MO2403-C-7400,97.0,0.0,0.0,0.0,8,94.4,97.6,1,97.0,101.0,0.0,0.0,0.0,0.0,221
2023-05-10 13:02:06,MO2403-C-7400,MO2403-C-7400,97.0,0.0,0.0,0.0,6,94.6,97.6,1,97.0,101.0,0.0,0.0,0.0,0.0,221
2023-05-10 13:02:08,MO2403-C-7400,MO2403-C-7400,97.0,0.0,0.0,0.0,8,94.6,97.6,1,97.0,101.0,0.0,0.0,0.0,0.0,221
2023-05-10 13:02:08,MO2403-C-7400,MO2403-C-7400,97.0,0.0,0.0,0.0,6,94.8,97.6,1,97.0,101.0,0.0,0.0,0.0,0.0,221
2023-05-10 13:02:09,MO2403-C-7400,MO2403-C-7400,97.0,0.0,0.0,0.0,8,94.8,97.6,1,97.0,101.0,0.0,0.0,0.0,0.0,221
2023-05-10 13:02:09,MO2403-C-7400,MO2403-C-7400,97.0,0.0,0.0,0.0,6,95.0,97.6,1,97.0,101.0,0.0,0.0,0.0,0.0,221
2023-05-10 13:02:16,MO2403-C-7400,MO2403-C-7400,97.0,0.0,0.0,0.0,6,94.8,97.6,1,97.0,101.0,0.0,0.0,0.0,0.0,221
2023-05-10 13:02:20,MO2403-C-7400,MO2403-C-7400,97.0,0.0,0.0,0.0,8,94.8,97.6,1,97.0,101.0,0.0,0.0,0.0,0.0,221
2023-05-10 13:02:20,MO2403-C-7400,MO2403-C-7400,97.0,0.0,0.0,0.0,6,95.0,97.6,1,97.0,101.0,0.0,0.0,0.0,0.0,221
2023-05-10 13:02:32,MO2403-C-7400,MO2403-C-7400,97.0,0.0,0.0,0.0,8,95.0,97.6,1,97.0,101.0,0.0,0.0,0.0,0.0,221
2023-05-10 13:02:32,MO2403-C-7400,MO2403-C-7400,97.0,0.0,0.0,0.0,6,95.2,97.6,1,97.0,101.0,0.0,0.0,0.0,0.0,221
2023-05-10 13:02:33,MO2403-C-7400,MO2403-C-7400,97.0,0.0,0.0,0.0,6,95.0,97.6,1,97.0,101.0,0.0,0.0,0.0,0.0,221
2023-05-10 13:02:36,MO2403-C-7400,MO2403-C-7400,97.0,0.0,0.0,0.0,8,95.0,97.6,1,97.0,101.0,0.0,0.0,0.0,0.0,221
2023-05-10 13:02:36,MO2403-C-7400,MO2403-C-7400,97.0,0.0,0.0,0.0,6,95.2,97.6,1,97.0,101.0,0.0,0.0,0.0,0.0,221
2023-05-10 13:02:39,MO2403-C-7400,MO2403-C-7400,97.0,0.0,0.0,0.0,6,95.0,97.6,1,97.0,101.0,0.0,0.0,0.0,0.0,221
2023-05-10 13:02:44,MO2403-C-7400,MO2403-C-7400,97.0,0.0,0.0,0.0,6,95.0,98.0,1,97.0,101.0,0.0,0.0,0.0,0.0,221
2023-05-10 13:02:48,MO2403-C-7400,MO2403-C-7400,97.0,0.0,0.0,0.0,8,95.0,98.0,1,97.0,101.0,0.0,0.0,0.0,0.0,221
2023-05-10 13:02:48,MO2403-C-7400,MO2403-C-7400,97.0,0.0,0.0,0.0,6,95.2,98.0,1,97.0,101.0,0.0,0.0,0.0,0.0,221
2023-05-10 13:02:51,MO2403-C-7400,MO2403-C-7400,97.0,0.0,0.0,0.0,8,95.0,98.0,1,97.0,101.0,0.0,0.0,0.0,0.0,221
2023-05-10 13:02:51,MO2403-C-7400,MO2403-C-7400,97.0,0.0,0.0,0.0,6,95.2,98.0,1,97.0,101.0,0.0,0.0,0.0,0.0,221
2023-05-10 13:02:57,MO2403-C-7400,MO2403-C-7400,97.0,0.0,0.0,0.0,8,95.0,98.0,1,97.0,101.0,0.0,0.0,0.0,0.0,221
2023-05-10 13:02:57,MO2403-C-7400,MO2403-C-7400,97.0,0.0,0.0,0.0,6,95.2,98.0,1,97.0,101.0,0.0,0.0,0.0,0.0,221
2023-05-10 13:03:03,MO2403-C-7400,MO2403-C-7400,97.0,0.0,0.0,0.0,8,95.0,98.0,1,97.0,101.0,0.0,0.0,0.0,0.0,221
2023-05-10 13:03:04,MO2403-C-7400,MO2403-C-7400,97.0,0.0,0.0,0.0,6,95.2,98.0,1,97.0,101.0,0.0,0.0,0.0,0.0,221
2023-05-10 13:03:04,MO2403-C-7400,MO2403-C-7400,97.0,0.0,0.0,0.0,8,95.0,98.0,1,97.0,101.0,0.0,0.0,0.0,0.0,221
2023-05-10 13:03:05,MO2403-C-7400,MO2403-C-7400,97.0,0.0,0.0,0.0,6,95.2,98.0,1,97.0,101.0,0.0,0.0,0.0,0.0,221
2023-05-10 13:03:14,MO2403-C-7400,MO2403-C-7400,97.0,0.0,0.0,0.0,8,95.2,98.0,1,97.0,101.0,0.0,0.0,0.0,0.0,221
2023-05-10 13:03:14,MO2403-C-7400,MO2403-C-7400,97.0,0.0,0.0,0.0,6,95.4,98.0,1,97.0,101.0,0.0,0.0,0.0,0.0,221
2023-05-10 13:03:16,MO2403-C-7400,MO2403-C-7400,97.0,0.0,0.0,0.0,7,95.4,98.0,1,97.0,101.0,0.0,0.0,0.0,0.0,221
2023-05-10 13:03:16,MO2403-C-7400,MO2403-C-7400,97.0,0.0,0.0,0.0,6,95.4,98.0,1,97.0,101.0,0.0,0.0,0.0,0.0,221
2023-05-10 13:03:19,MO2403-C-7400,MO2403-C-7400,97.0,0.0,0.0,0.0,6,95.2,98.0,1,97.0,101.0,0.0,0.0,0.0,0.0,221
2023-05-10 13:03:21,MO2403-C-7400,MO2403-C-7400,97.0,0.0,0.0,0.0,8,95.2,98.0,1,97.0,101.0,0.0,0.0,0.0,0.0,221
2023-05-10 13:03:22,MO2403-C-7400,MO2403-C-7400,97.0,0.0,0.0,0.0,6,95.4,98.0,1,97.0,101.0,0.0,0.0,0.0,0.0,221
2023-05-10 13:03:22,MO2403-C-7400,MO2403-C-7400,97.0,0.0,0.0,0.0,6,95.2,98.0,1,97.0,101.0,0.0,0.0,0.0,0.0,221
2023-05-10 13:03:24,MO2403-C-7400,MO2403-C-7400,97.0,0.0,0.0,0.0,8,95.2,98.0,1,97.0,101.0,0.0,0.0,0.0,0.0,221
2023-05-10 13:03:24,MO2403-C-7400,MO2403-C-7400,97.0,0.0,0.0,0.0,6,95.4,98.0,1,97.0,101.0,0.0,0.0,0.0,0.0,221
2023-05-10 13:03:25,MO2403-C-7400,MO2403-C-7400,97.0,0.0,0.0,0.0,6,95.2,98.0,1,97.0,101.0,0.0,0.0,0.0,0.0,221
2023-05-10 13:03:26,MO2403-C-7400,MO2403-C-7400,97.0,0.0,0.0,0.0,8,95.2,98.0,1,97.0,101.0,0.0,0.0,0.0,0.0,221
2023-05-10 13:03:27,MO2403-C-7400,MO2403-C-7400,97.0,0.0,0.0,0.0,6,95.4,98.0,1,97.0,101.0,0.0,0.0,0.0,0.0,221
2023-05-10 13:03:30,MO2403-C-7400,MO2403-C-7400,97.0,0.0,0.0,0.0,8,95.4,98.0,1,97.0,101.0,0.0,0.0,0.0,0.0,221
2023-05-10 13:03:30,MO2403-C-7400,MO2403-C-7400,97.0,0.0,0.0,0.0,6,95.6,98.0,1,97.0,101.0,0.0,0.0,0.0,0.0,221
2023-05-10 13:03:31,MO2403-C-7400,MO2403-C-7400,97.0,0.0,0.0,0.0,6,95.2,98.0,1,97.0,101.0,0.0,0.0,0.0,0.0,221
2023-05-10 13:03:31,MO2403-C-7400,MO2403-C-7400,97.0,0.0,0.0,0.0,8,95.2,98.0,1,97.0,101.0,0.0,0.0,0.0,0.0,221
2023-05-10 13:03:32,MO2403-C-7400,MO2403-C-7400,97.0,0.0,0.0,0.0,6,95.4,98.0,1,97.0,101.0,0.0,0.0,0.0,0.0,221
2023-05-10 13:03:32,MO2403-C-7400,MO2403-C-7400,97.0,0.0,0.0,0.0,8,95.4,98.0,1,97.0,101.0,0.0,0.0,0.0,0.0,221
2023-05-10 13:03:33,MO2403-C-7400,MO2403-C-7400,97.0,0.0,0.0,0.0,6,95.6,98.0,1,97.0,101.0,0.0,0.0,0.0,0.0,221
2023-05-10 13:03:33,MO2403-C-7400,MO2403-C-7400,97.0,0.0,0.0,0.0,6,95.2,98.0,1,97.0,101.0,0.0,0.0,0.0,0.0,221
2023-05-10 13:03:34,MO2403-C-7400,MO2403-C-7400,97.0,0.0,0.0,0.0,8,95.2,98.0,1,97.0,101.0,0.0,0.0,0.0,0.0,221
2023-05-10 13:03:34,MO2403-C-7400,MO2403-C-7400,97.0,0.0,0.0,0.0,6,95.4,98.0,1,97.0,101.0,0.0,0.0,0.0,0.0,221
2023-05-10 13:03:37,MO2403-C-7400,MO2403-C-7400,97.0,0.0,0.0,0.0,8,95.4,98.0,1,97.0,101.0,0.0,0.0,0.0,0.0,221
2023-05-10 13:03:38,MO2403-C-7400,MO2403-C-7400,97.0,0.0,0.0,0.0,6,95.6,98.0,1,97.0,101.0,0.0,0.0,0.0,0.0,221
2023-05-10 13:03:39,MO2403-C-7400,MO2403-C-7400,97.0,0.0,0.0,0.0,6,95.4,98.0,1,97.0,101.0,0.0,0.0,0.0,0.0,221
2023-05-10 13:03:47,MO2403-C-7400,MO2403-C-7400,97.0,0.0,0.0,0.0,8,95.4,98.0,1,97.0,101.0,0.0,0.0,0.0,0.0,221
2023-05-10 13:03:47,MO2403-C-7400,MO2403-C-7400,97.0,0.0,0.0,0.0,6,95.6,98.0,1,97.0,101.0,0.0,0.0,0.0,0.0,221
2023-05-10 13:03:48,MO2403-C-7400,MO2403-C-7400,97.0,0.0,0.0,0.0,6,95.4,98.0,1,97.0,101.0,0.0,0.0,0.0,0.0,221
2023-05-10 13:03:49,MO2403-C-7400,MO2403-C-7400,97.0,0.0,0.0,0.0,6,95.2,98.0,1,97.0,101.0,0.0,0.0,0.0,0.0,221
2023-05-10 13:03:51,MO2403-C-7400,MO2403-C-7400,97.0,0.0,0.0,0.0,8,95.2,98.0,1,97.0,101.0,0.0,0.0,0.0,0.0,221
2023-05-10 13:03:51,MO2403-C-7400,MO2403-C-7400,97.0,0.0,0.0,0.0,6,95.4,98.0,1,97.0,101.0,0.0,0.0,0.0,0.0,221
2023-05-10 13:03:52,MO2403-C-7400,MO2403-C-7400,97.0,0.0,0.0,0.0,6,95.2,98.0,1,97.0,101.0,0.0,0.0,0.0,0.0,221
2023-05-10 13:03:52,MO2403-C-7400,MO2403-C-7400,97.0,0.0,0.0,0.0,8,95.2,98.0,1,97.0,101.0,0.0,0.0,0.0,0.0,221
2023-05-10 13:03:53,MO2403-C-7400,MO2403-C-7400,97.0,0.0,0.0,0.0,6,95.4,98.0,1,97.0,101.0,0.0,0.0,0.0,0.0,221
2023-05-10 13:03:57,MO2403-C-7400,MO2403-C-7400,97.0,0.0,0.0,0.0,8,95.4,98.0,1,97.0,101.0,0.0,0.0,0.0,0.0,221
2023-05-10 13:03:58,MO2403-C-7400,MO2403-C-7400,97.0,0.0,0.0,0.0,6,95.6,98.0,1,97.0,101.0,0.0,0.0,0.0,0.0,221
2023-05-10 13:04:00,MO2403-C-7400,MO2403-C-7400,97.0,0.0,0.0,0.0,8,95.6,98.0,1,97.0,101.0,0.0,0.0,0.0,0.0,221
2023-05-10 13:04:00,MO2403-C-7400,MO2403-C-7400,97.0,0.0,0.0,0.0,6,95.8,98.0,1,97.0,101.0,0.0,0.0,0.0,0.0,221
2023-05-10 13:04:01,MO2403-C-7400,MO2403-C-7400,97.0,0.0,0.0,0.0,6,95.2,98.0,1,97.0,101.0,0.0,0.0,0.0,0.0,221
2023-05-10 13:04:02,MO2403-C-7400,MO2403-C-7400,97.0,0.0,0.0,0.0,8,95.2,98.0,1,97.0,101.0,0.0,0.0,0.0,0.0,221
2023-05-10 13:04:02,MO2403-C-7400,MO2403-C-7400,97.0,0.0,0.0,0.0,6,95.4,98.0,1,97.0,101.0,0.0,0.0,0.0,0.0,221
2023-05-10 13:04:03,MO2403-C-7400,MO2403-C-7400,97.0,0.0,0.0,0.0,7,95.4,98.0,1,97.0,101.0,0.0,0.0,0.0,0.0,221
2023-05-10 13:04:04,MO2403-C-7400,MO2403-C-7400,97.0,0.0,0.0,0.0,6,95.6,98.0,1,97.0,101.0,0.0,0.0,0.0,0.0,221
2023-05-10 13:04:05,MO2403-C-7400,MO2403-C-7400,97.0,0.0,0.0,0.0,8,95.6,98.0,1,97.0,101.0,0.0,0.0,0.0,0.0,221
2023-05-10 13:04:05,MO2403-C-7400,MO2403-C-7400,97.0,0.0,0.0,0.0,6,95.8,98.0,1,97.0,101.0,0.0,0.0,0.0,0.0,221
2023-05-10 13:04:06,MO2403-C-7400,MO2403-C-7400,97.0,0.0,0.0,0.0,8,95.8,98.0,1,97.0,101.0,0.0,0.0,0.0,0.0,221
2023-05-10 13:04:07,MO2403-C-7400,MO2403-C-7400,97.0,0.0,0.0,0.0,6,96.0,98.0,1,97.0,101.0,0.0,0.0,0.0,0.0,221
2023-05-10 13:04:07,MO2403-C-7400,MO2403-C-7400,97.0,0.0,0.0,0.0,8,96.0,98.0,1,97.0,101.0,0.0,0.0,0.0,0.0,221
2023-05-10 13:04:08,MO2403-C-7400,MO2403-C-7400,97.0,0.0,0.0,0.0,6,96.2,98.0,1,97.0,101.0,0.0,0.0,0.0,0.0,221
2023-05-10 13:04:08,MO2403-C-7400,MO2403-C-7400,97.0,0.0,0.0,0.0,8,96.2,98.0,1,97.0,101.0,0.0,0.0,0.0,0.0,221
2023-05-10 13:04:09,MO2403-C-7400,MO2403-C-7400,97.0,0.0,0.0,0.0,6,96.4,98.0,1,97.0,101.0,0.0,0.0,0.0,0.0,221
2023-05-10 13:04:09,MO2403-C-7400,MO2403-C-7400,97.0,0.0,0.0,0.0,2,96.2,98.0,1,97.0,101.0,0.0,0.0,0.0,0.0,221
2023-05-10 13:04:10,MO2403-C-7400,MO2403-C-7400,97.0,0.0,0.0,0.0,8,96.2,98.0,1,97.0,101.0,0.0,0.0,0.0,0.0,221
2023-05-10 13:04:10,MO2403-C-7400,MO2403-C-7400,97.0,0.0,0.0,0.0,6,96.2,98.0,1,97.0,101.0,0.0,0.0,0.0,0.0,221
2023-05-10 13:04:11,MO2403-C-7400,MO2403-C-7400,97.0,0.0,0.0,0.0,6,95.2,98.0,1,97.0,101.0,0.0,0.0,0.0,0.0,221
2023-05-10 13:04:11,MO2403-C-7400,MO2403-C-7400,97.0,0.0,0.0,0.0,8,95.2,98.0,1,97.0,101.0,0.0,0.0,0.0,0.0,221
2023-05-10 13:04:12,MO2403-C-7400,MO2403-C-7400,97.0,0.0,0.0,0.0,6,95.4,98.0,1,97.0,101.0,0.0,0.0,0.0,0.0,221
2023-05-10 13:04:13,MO2403-C-7400,MO2403-C-7400,97.0,0.0,0.0,0.0,8,95.4,98.0,1,97.0,101.0,0.0,0.0,0.0,0.0,221
2023-05-10 13:04:14,MO2403-C-7400,MO2403-C-7400,97.0,0.0,0.0,0.0,6,95.6,98.0,1,97.0,101.0,0.0,0.0,0.0,0.0,221
2023-05-10 13:04:14,MO2403-C-7400,MO2403-C-7400,97.0,0.0,0.0,0.0,8,95.6,98.0,1,97.0,101.0,0.0,0.0,0.0,0.0,221
2023-05-10 13:04:15,MO2403-C-7400,MO2403-C-7400,97.0,0.0,0.0,0.0,6,95.8,98.0,1,97.0,101.0,0.0,0.0,0.0,0.0,221
2023-05-10 13:04:16,MO2403-C-7400,MO2403-C-7400,97.0,0.0,0.0,0.0,8,95.8,98.0,1,97.0,101.0,0.0,0.0,0.0,0.0,221
2023-05-10 13:04:17,MO2403-C-7400,MO2403-C-7400,97.0,0.0,0.0,0.0,6,96.0,98.0,1,97.0,101.0,0.0,0.0,0.0,0.0,221
2023-05-10 13:04:18,MO2403-C-7400,MO2403-C-7400,97.0,0.0,0.0,0.0,8,96.0,98.0,1,97.0,101.0,0.0,0.0,0.0,0.0,221
2023-05-10 13:04:53,MO2403-C-7400,MO2403-C-7400,97.0,0.0,0.0,0.0,6,96.2,98.0,1,97.0,101.0,0.0,0.0,0.0,0.0,221
2023-05-10 13:04:55,MO2403-C-7400,MO2403-C-7400,97.0,0.0,0.0,0.0,8,96.0,98.0,1,97.0,101.0,0.0,0.0,0.0,0.0,221
2023-05-10 13:05:13,MO2403-C-7400,MO2403-C-7400,97.0,0.0,0.0,0.0,6,96.2,98.0,1,97.0,101.0,0.0,0.0,0.0,0.0,221
