time,symbol_id,symbol_name,last,trade_volume,trade_amount,open_interest_change,bv1,bp1,ap1,av1,yesterday_close,today_open,today_high,today_low,volume,amount,open_interest
2023-05-10 09:29:00,MO2403-C-6200,MO2403-C-6200,549.6,0.0,0.0,0.0,1,459.8,554.2,1,549.6,499.0,0.0,0.0,0.0,0.0,54
2023-05-10 09:30:00,MO2403-C-6200,MO2403-C-6200,549.6,0.0,0.0,0.0,1,459.8,553.6,1,549.6,499.0,0.0,0.0,0.0,0.0,54
2023-05-10 09:30:00,MO2403-C-6200,MO2403-C-6200,549.6,0.0,0.0,0.0,1,459.8,550.4,1,549.6,499.0,0.0,0.0,0.0,0.0,54
2023-05-10 09:30:01,MO2403-C-6200,MO2403-C-6200,549.6,0.0,0.0,0.0,1,500.0,550.4,1,549.6,499.0,0.0,0.0,0.0,0.0,54
2023-05-10 09:30:01,MO2403-C-6200,MO2403-C-6200,549.6,0.0,0.0,0.0,1,500.0,550.4,2,549.6,499.0,0.0,0.0,0.0,0.0,54
2023-05-10 09:30:02,MO2403-C-6200,MO2403-C-6200,549.6,0.0,0.0,0.0,2,500.0,536.6,1,549.6,499.0,0.0,0.0,0.0,0.0,54
2023-05-10 09:30:03,MO2403-C-6200,MO2403-C-6200,549.6,0.0,0.0,0.0,2,500.0,536.8,15,549.6,499.0,0.0,0.0,0.0,0.0,54
2023-05-10 09:30:03,MO2403-C-6200,MO2403-C-6200,549.6,0.0,0.0,0.0,3,500.0,550.4,2,549.6,499.0,0.0,0.0,0.0,0.0,54
2023-05-10 09:30:04,MO2403-C-6200,MO2403-C-6200,549.6,0.0,0.0,0.0,2,500.0,550.4,2,549.6,499.0,0.0,0.0,0.0,0.0,54
2023-05-10 09:30:04,MO2403-C-6200,MO2403-C-6200,549.6,0.0,0.0,0.0,2,500.0,537.2,1,549.6,499.0,0.0,0.0,0.0,0.0,54
2023-05-10 09:30:05,MO2403-C-6200,MO2403-C-6200,549.6,0.0,0.0,0.0,2,500.0,537.4,15,549.6,499.0,0.0,0.0,0.0,0.0,54
2023-05-10 09:30:05,MO2403-C-6200,MO2403-C-6200,549.6,0.0,0.0,0.0,3,500.0,550.4,2,549.6,499.0,0.0,0.0,0.0,0.0,54
2023-05-10 09:30:09,MO2403-C-6200,MO2403-C-6200,549.6,0.0,0.0,0.0,2,500.0,550.4,2,549.6,499.0,0.0,0.0,0.0,0.0,54
2023-05-10 09:30:09,MO2403-C-6200,MO2403-C-6200,549.6,0.0,0.0,0.0,3,500.0,550.4,2,549.6,499.0,0.0,0.0,0.0,0.0,54
2023-05-10 09:30:11,MO2403-C-6200,MO2403-C-6200,549.6,0.0,0.0,0.0,3,500.0,550.2,1,549.6,499.0,0.0,0.0,0.0,0.0,54
2023-05-10 09:30:12,MO2403-C-6200,MO2403-C-6200,549.6,0.0,0.0,0.0,4,500.0,550.2,1,549.6,499.0,0.0,0.0,0.0,0.0,54
2023-05-10 09:30:17,MO2403-C-6200,MO2403-C-6200,549.6,0.0,0.0,0.0,3,500.0,550.2,1,549.6,499.0,0.0,0.0,0.0,0.0,54
2023-05-10 09:30:21,MO2403-C-6200,MO2403-C-6200,549.6,0.0,0.0,0.0,3,500.0,550.0,1,549.6,499.0,0.0,0.0,0.0,0.0,54
2023-05-10 09:30:22,MO2403-C-6200,MO2403-C-6200,549.6,0.0,0.0,0.0,2,500.0,550.0,1,549.6,499.0,0.0,0.0,0.0,0.0,54
2023-05-10 09:30:25,MO2403-C-6200,MO2403-C-6200,549.6,0.0,0.0,0.0,3,500.0,550.0,1,549.6,499.0,0.0,0.0,0.0,0.0,54
2023-05-10 09:30:26,MO2403-C-6200,MO2403-C-6200,549.6,0.0,0.0,0.0,3,500.0,519.2,6,549.6,499.0,0.0,0.0,0.0,0.0,54
2023-05-10 09:30:26,MO2403-C-6200,MO2403-C-6200,549.6,0.0,0.0,0.0,9,500.0,519.2,6,549.6,499.0,0.0,0.0,0.0,0.0,54
2023-05-10 09:30:28,MO2403-C-6200,MO2403-C-6200,549.6,0.0,0.0,0.0,8,500.0,519.2,6,549.6,499.0,0.0,0.0,0.0,0.0,54
2023-05-10 09:30:31,MO2403-C-6200,MO2403-C-6200,549.6,0.0,0.0,0.0,7,500.0,519.2,7,549.6,499.0,0.0,0.0,0.0,0.0,54
2023-05-10 09:30:33,MO2403-C-6200,MO2403-C-6200,549.6,0.0,0.0,0.0,1,500.0,516.8,6,549.6,499.0,0.0,0.0,0.0,0.0,54
2023-05-10 09:30:33,MO2403-C-6200,MO2403-C-6200,549.6,0.0,0.0,0.0,2,500.0,516.8,6,549.6,499.0,0.0,0.0,0.0,0.0,54
2023-05-10 09:30:34,MO2403-C-6200,MO2403-C-6200,549.6,0.0,0.0,0.0,1,500.0,516.8,6,549.6,499.0,0.0,0.0,0.0,0.0,54
2023-05-10 09:30:34,MO2403-C-6200,MO2403-C-6200,549.6,0.0,0.0,0.0,2,500.0,516.8,6,549.6,499.0,0.0,0.0,0.0,0.0,54
2023-05-10 09:30:35,MO2403-C-6200,MO2403-C-6200,549.6,0.0,0.0,0.0,1,500.0,516.8,6,549.6,499.0,0.0,0.0,0.0,0.0,54
2023-05-10 09:30:35,MO2403-C-6200,MO2403-C-6200,549.6,0.0,0.0,0.0,2,499.6,516.8,6,549.6,499.0,0.0,0.0,0.0,0.0,54
2023-05-10 09:30:36,MO2403-C-6200,MO2403-C-6200,549.6,0.0,0.0,0.0,6,500.0,516.8,6,549.6,499.0,0.0,0.0,0.0,0.0,54
2023-05-10 09:30:36,MO2403-C-6200,MO2403-C-6200,549.6,0.0,0.0,0.0,9,500.0,516.8,6,549.6,499.0,0.0,0.0,0.0,0.0,54
2023-05-10 09:30:37,MO2403-C-6200,MO2403-C-6200,549.6,0.0,0.0,0.0,7,500.0,516.8,6,549.6,499.0,0.0,0.0,0.0,0.0,54
2023-05-10 09:30:38,MO2403-C-6200,MO2403-C-6200,549.6,0.0,0.0,0.0,9,500.0,516.8,6,549.6,499.0,0.0,0.0,0.0,0.0,54
2023-05-10 09:30:39,MO2403-C-6200,MO2403-C-6200,549.6,0.0,0.0,0.0,1,500.0,516.8,6,549.6,499.0,0.0,0.0,0.0,0.0,54
2023-05-10 09:30:39,MO2403-C-6200,MO2403-C-6200,549.6,0.0,0.0,0.0,6,497.8,516.8,6,549.6,499.0,0.0,0.0,0.0,0.0,54
2023-05-10 09:30:40,MO2403-C-6200,MO2403-C-6200,549.6,0.0,0.0,0.0,7,497.8,516.8,6,549.6,499.0,0.0,0.0,0.0,0.0,54
2023-05-10 09:30:41,MO2403-C-6200,MO2403-C-6200,549.6,0.0,0.0,0.0,6,497.6,516.8,6,549.6,499.0,0.0,0.0,0.0,0.0,54
2023-05-10 09:30:42,MO2403-C-6200,MO2403-C-6200,549.6,0.0,0.0,0.0,2,497.8,516.8,6,549.6,499.0,0.0,0.0,0.0,0.0,54
2023-05-10 09:30:45,MO2403-C-6200,MO2403-C-6200,549.6,0.0,0.0,0.0,6,497.6,516.8,6,549.6,499.0,0.0,0.0,0.0,0.0,54
2023-05-10 09:30:51,MO2403-C-6200,MO2403-C-6200,549.6,0.0,0.0,0.0,6,497.6,516.0,6,549.6,499.0,0.0,0.0,0.0,0.0,54
2023-05-10 09:30:52,MO2403-C-6200,MO2403-C-6200,549.6,0.0,0.0,0.0,2,497.8,516.0,6,549.6,499.0,0.0,0.0,0.0,0.0,54
2023-05-10 09:30:55,MO2403-C-6200,MO2403-C-6200,549.6,0.0,0.0,0.0,6,497.6,516.0,6,549.6,499.0,0.0,0.0,0.0,0.0,54
2023-05-10 09:31:04,MO2403-C-6200,MO2403-C-6200,549.6,0.0,0.0,0.0,6,499.4,516.2,21,549.6,499.0,0.0,0.0,0.0,0.0,54
2023-05-10 09:31:05,MO2403-C-6200,MO2403-C-6200,549.6,0.0,0.0,0.0,6,499.4,516.2,6,549.6,499.0,0.0,0.0,0.0,0.0,54
2023-05-10 09:31:05,MO2403-C-6200,MO2403-C-6200,549.6,0.0,0.0,0.0,6,499.4,516.4,21,549.6,499.0,0.0,0.0,0.0,0.0,54
2023-05-10 09:31:06,MO2403-C-6200,MO2403-C-6200,549.6,0.0,0.0,0.0,2,499.6,516.4,6,549.6,499.0,0.0,0.0,0.0,0.0,54
2023-05-10 09:31:06,MO2403-C-6200,MO2403-C-6200,549.6,0.0,0.0,0.0,8,499.6,516.6,27,549.6,499.0,0.0,0.0,0.0,0.0,54
2023-05-10 09:31:07,MO2403-C-6200,MO2403-C-6200,549.6,0.0,0.0,0.0,6,499.6,516.6,12,549.6,499.0,0.0,0.0,0.0,0.0,54
2023-05-10 09:31:07,MO2403-C-6200,MO2403-C-6200,549.6,0.0,0.0,0.0,6,499.6,516.6,6,549.6,499.0,0.0,0.0,0.0,0.0,54
2023-05-10 09:31:09,MO2403-C-6200,MO2403-C-6200,549.6,0.0,0.0,0.0,12,499.4,516.8,27,549.6,499.0,0.0,0.0,0.0,0.0,54
2023-05-10 09:31:09,MO2403-C-6200,MO2403-C-6200,549.6,0.0,0.0,0.0,6,499.2,515.8,6,549.6,499.0,0.0,0.0,0.0,0.0,54
2023-05-10 09:31:10,MO2403-C-6200,MO2403-C-6200,549.6,0.0,0.0,0.0,6,497.8,516.0,15,549.6,499.0,0.0,0.0,0.0,0.0,54
2023-05-10 09:31:10,MO2403-C-6200,MO2403-C-6200,549.6,0.0,0.0,0.0,22,497.6,516.0,6,549.6,499.0,0.0,0.0,0.0,0.0,54
2023-05-10 09:31:11,MO2403-C-6200,MO2403-C-6200,549.6,0.0,0.0,0.0,16,497.6,516.2,21,549.6,499.0,0.0,0.0,0.0,0.0,54
2023-05-10 09:31:11,MO2403-C-6200,MO2403-C-6200,549.6,0.0,0.0,0.0,16,497.6,516.2,12,549.6,499.0,0.0,0.0,0.0,0.0,54
2023-05-10 09:31:12,MO2403-C-6200,MO2403-C-6200,549.6,0.0,0.0,0.0,16,497.6,516.2,6,549.6,499.0,0.0,0.0,0.0,0.0,54
2023-05-10 09:31:31,MO2403-C-6200,MO2403-C-6200,549.6,0.0,0.0,0.0,6,499.2,516.2,6,549.6,499.0,0.0,0.0,0.0,0.0,54
2023-05-10 09:31:35,MO2403-C-6200,MO2403-C-6200,549.6,0.0,0.0,0.0,10,499.2,516.2,6,549.6,499.0,0.0,0.0,0.0,0.0,54
2023-05-10 09:31:36,MO2403-C-6200,MO2403-C-6200,549.6,0.0,0.0,0.0,4,499.2,516.2,6,549.6,499.0,0.0,0.0,0.0,0.0,54
2023-05-10 09:31:40,MO2403-C-6200,MO2403-C-6200,549.6,0.0,0.0,0.0,5,499.2,516.2,7,549.6,499.0,0.0,0.0,0.0,0.0,54
2023-05-10 09:31:50,MO2403-C-6200,MO2403-C-6200,549.6,0.0,0.0,0.0,1,499.4,516.0,1,549.6,499.0,0.0,0.0,0.0,0.0,54
2023-05-10 09:31:52,MO2403-C-6200,MO2403-C-6200,549.6,0.0,0.0,0.0,6,499.2,516.0,1,549.6,499.0,0.0,0.0,0.0,0.0,54
2023-05-10 09:31:53,MO2403-C-6200,MO2403-C-6200,549.6,0.0,0.0,0.0,4,499.2,516.0,1,549.6,499.0,0.0,0.0,0.0,0.0,54
2023-05-10 09:32:00,MO2403-C-6200,MO2403-C-6200,549.6,0.0,0.0,0.0,4,499.2,515.8,1,549.6,499.0,0.0,0.0,0.0,0.0,54
2023-05-10 09:32:07,MO2403-C-6200,MO2403-C-6200,549.6,0.0,0.0,0.0,12,501.4,513.6,12,549.6,499.0,0.0,0.0,0.0,0.0,54
2023-05-10 09:32:08,MO2403-C-6200,MO2403-C-6200,549.6,0.0,0.0,0.0,6,501.4,513.8,15,549.6,499.0,0.0,0.0,0.0,0.0,54
2023-05-10 09:32:08,MO2403-C-6200,MO2403-C-6200,549.6,0.0,0.0,0.0,4,499.2,513.8,8,549.6,499.0,0.0,0.0,0.0,0.0,54
2023-05-10 09:32:09,MO2403-C-6200,MO2403-C-6200,549.6,0.0,0.0,0.0,12,500.4,512.6,12,549.6,499.0,0.0,0.0,0.0,0.0,54
2023-05-10 09:32:09,MO2403-C-6200,MO2403-C-6200,549.6,0.0,0.0,0.0,4,499.2,512.8,15,549.6,499.0,0.0,0.0,0.0,0.0,54
2023-05-10 09:32:10,MO2403-C-6200,MO2403-C-6200,549.6,0.0,0.0,0.0,2,500.4,512.2,12,549.6,499.0,0.0,0.0,0.0,0.0,54
2023-05-10 09:32:10,MO2403-C-6200,MO2403-C-6200,549.6,0.0,0.0,0.0,6,499.8,512.4,15,549.6,499.0,0.0,0.0,0.0,0.0,54
2023-05-10 09:32:11,MO2403-C-6200,MO2403-C-6200,549.6,0.0,0.0,0.0,4,499.2,512.8,6,549.6,499.0,0.0,0.0,0.0,0.0,54
2023-05-10 09:32:11,MO2403-C-6200,MO2403-C-6200,549.6,0.0,0.0,0.0,12,499.8,512.2,12,549.6,499.0,0.0,0.0,0.0,0.0,54
2023-05-10 09:32:12,MO2403-C-6200,MO2403-C-6200,549.6,0.0,0.0,0.0,4,499.2,512.4,15,549.6,499.0,0.0,0.0,0.0,0.0,54
2023-05-10 09:32:12,MO2403-C-6200,MO2403-C-6200,549.6,0.0,0.0,0.0,12,499.6,511.8,12,549.6,499.0,0.0,0.0,0.0,0.0,54
2023-05-10 09:32:13,MO2403-C-6200,MO2403-C-6200,549.6,0.0,0.0,0.0,4,499.2,512.0,15,549.6,499.0,0.0,0.0,0.0,0.0,54
2023-05-10 09:32:13,MO2403-C-6200,MO2403-C-6200,549.6,0.0,0.0,0.0,12,499.4,511.8,12,549.6,499.0,0.0,0.0,0.0,0.0,54
2023-05-10 09:32:14,MO2403-C-6200,MO2403-C-6200,549.6,0.0,0.0,0.0,6,499.6,512.0,15,549.6,499.0,0.0,0.0,0.0,0.0,54
2023-05-10 09:32:14,MO2403-C-6200,MO2403-C-6200,549.6,0.0,0.0,0.0,18,499.6,512.0,12,549.6,499.0,0.0,0.0,0.0,0.0,54
2023-05-10 09:32:15,MO2403-C-6200,MO2403-C-6200,549.6,0.0,0.0,0.0,12,499.6,512.2,15,549.6,499.0,0.0,0.0,0.0,0.0,54
2023-05-10 09:32:15,MO2403-C-6200,MO2403-C-6200,549.6,0.0,0.0,0.0,6,499.6,512.2,1,549.6,499.0,0.0,0.0,0.0,0.0,54
2023-05-10 09:32:25,MO2403-C-6200,MO2403-C-6200,549.6,0.0,0.0,0.0,6,499.6,512.0,1,549.6,499.0,0.0,0.0,0.0,0.0,54
2023-05-10 09:32:29,MO2403-C-6200,MO2403-C-6200,549.6,0.0,0.0,0.0,10,499.6,512.0,1,549.6,499.0,0.0,0.0,0.0,0.0,54
2023-05-10 09:32:35,MO2403-C-6200,MO2403-C-6200,549.6,0.0,0.0,0.0,10,499.6,511.8,1,549.6,499.0,0.0,0.0,0.0,0.0,54
2023-05-10 09:32:45,MO2403-C-6200,MO2403-C-6200,549.6,0.0,0.0,0.0,10,499.6,511.6,1,549.6,499.0,0.0,0.0,0.0,0.0,54
2023-05-10 09:32:46,MO2403-C-6200,MO2403-C-6200,549.6,0.0,0.0,0.0,4,499.6,511.6,1,549.6,499.0,0.0,0.0,0.0,0.0,54
2023-05-10 09:32:54,MO2403-C-6200,MO2403-C-6200,549.6,0.0,0.0,0.0,10,499.6,511.6,1,549.6,499.0,0.0,0.0,0.0,0.0,54
2023-05-10 09:32:56,MO2403-C-6200,MO2403-C-6200,549.6,0.0,0.0,0.0,1,500.2,511.4,1,549.6,499.0,0.0,0.0,0.0,0.0,54
2023-05-10 09:33:06,MO2403-C-6200,MO2403-C-6200,549.6,0.0,0.0,0.0,1,500.2,511.2,1,549.6,499.0,0.0,0.0,0.0,0.0,54
2023-05-10 09:33:06,MO2403-C-6200,MO2403-C-6200,549.6,0.0,0.0,0.0,22,499.6,511.2,1,549.6,499.0,0.0,0.0,0.0,0.0,54
2023-05-10 09:33:08,MO2403-C-6200,MO2403-C-6200,549.6,0.0,0.0,0.0,6,499.8,511.2,1,549.6,499.0,0.0,0.0,0.0,0.0,54
2023-05-10 09:33:16,MO2403-C-6200,MO2403-C-6200,549.6,0.0,0.0,0.0,6,499.8,511.0,1,549.6,499.0,0.0,0.0,0.0,0.0,54
2023-05-10 09:33:26,MO2403-C-6200,MO2403-C-6200,549.6,0.0,0.0,0.0,6,499.8,510.8,1,549.6,499.0,0.0,0.0,0.0,0.0,54
2023-05-10 09:33:29,MO2403-C-6200,MO2403-C-6200,549.6,0.0,0.0,0.0,6,499.8,510.8,3,549.6,499.0,0.0,0.0,0.0,0.0,54
2023-05-10 09:33:30,MO2403-C-6200,MO2403-C-6200,549.6,0.0,0.0,0.0,6,499.8,510.8,2,549.6,499.0,0.0,0.0,0.0,0.0,54
2023-05-10 09:33:35,MO2403-C-6200,MO2403-C-6200,549.6,0.0,0.0,0.0,6,499.8,510.6,1,549.6,499.0,0.0,0.0,0.0,0.0,54
2023-05-10 09:33:36,MO2403-C-6200,MO2403-C-6200,549.6,0.0,0.0,0.0,16,499.6,510.4,1,549.6,499.0,0.0,0.0,0.0,0.0,54
2023-05-10 09:33:37,MO2403-C-6200,MO2403-C-6200,549.6,0.0,0.0,0.0,16,499.6,510.2,1,549.6,499.0,0.0,0.0,0.0,0.0,54
2023-05-10 09:33:38,MO2403-C-6200,MO2403-C-6200,549.6,0.0,0.0,0.0,16,499.6,510.0,1,549.6,499.0,0.0,0.0,0.0,0.0,54
2023-05-10 09:33:38,MO2403-C-6200,MO2403-C-6200,549.6,0.0,0.0,0.0,18,499.6,510.0,1,549.6,499.0,0.0,0.0,0.0,0.0,54
2023-05-10 09:33:39,MO2403-C-6200,MO2403-C-6200,549.6,0.0,0.0,0.0,16,499.6,510.0,1,549.6,499.0,0.0,0.0,0.0,0.0,54
2023-05-10 09:33:40,MO2403-C-6200,MO2403-C-6200,549.6,0.0,0.0,0.0,16,499.6,509.8,1,549.6,499.0,0.0,0.0,0.0,0.0,54
2023-05-10 09:33:41,MO2403-C-6200,MO2403-C-6200,549.6,0.0,0.0,0.0,6,499.8,509.8,1,549.6,499.0,0.0,0.0,0.0,0.0,54
2023-05-10 09:33:41,MO2403-C-6200,MO2403-C-6200,549.6,0.0,0.0,0.0,12,499.6,509.8,1,549.6,499.0,0.0,0.0,0.0,0.0,54
2023-05-10 09:33:42,MO2403-C-6200,MO2403-C-6200,549.6,0.0,0.0,0.0,4,499.4,509.8,1,549.6,499.0,0.0,0.0,0.0,0.0,54
2023-05-10 09:33:42,MO2403-C-6200,MO2403-C-6200,549.6,0.0,0.0,0.0,10,499.4,509.8,1,549.6,499.0,0.0,0.0,0.0,0.0,54
2023-05-10 09:33:43,MO2403-C-6200,MO2403-C-6200,549.6,0.0,0.0,0.0,10,499.4,509.8,2,549.6,499.0,0.0,0.0,0.0,0.0,54
2023-05-10 09:33:46,MO2403-C-6200,MO2403-C-6200,549.6,0.0,0.0,0.0,4,499.4,509.8,2,549.6,499.0,0.0,0.0,0.0,0.0,54
2023-05-10 09:33:49,MO2403-C-6200,MO2403-C-6200,549.6,0.0,0.0,0.0,4,499.4,509.6,2,549.6,499.0,0.0,0.0,0.0,0.0,54
2023-05-10 09:33:53,MO2403-C-6200,MO2403-C-6200,549.6,0.0,0.0,0.0,4,499.4,509.6,3,549.6,499.0,0.0,0.0,0.0,0.0,54
2023-05-10 09:33:58,MO2403-C-6200,MO2403-C-6200,549.6,0.0,0.0,0.0,4,499.4,509.6,1,549.6,499.0,0.0,0.0,0.0,0.0,54
2023-05-10 09:34:03,MO2403-C-6200,MO2403-C-6200,549.6,0.0,0.0,0.0,4,499.4,509.4,3,549.6,499.0,0.0,0.0,0.0,0.0,54
2023-05-10 09:34:04,MO2403-C-6200,MO2403-C-6200,549.6,0.0,0.0,0.0,4,499.4,509.2,1,549.6,499.0,0.0,0.0,0.0,0.0,54
2023-05-10 09:34:05,MO2403-C-6200,MO2403-C-6200,549.6,0.0,0.0,0.0,4,499.4,509.0,1,549.6,499.0,0.0,0.0,0.0,0.0,54
2023-05-10 09:34:05,MO2403-C-6200,MO2403-C-6200,549.6,0.0,0.0,0.0,4,499.4,509.0,3,549.6,499.0,0.0,0.0,0.0,0.0,54
2023-05-10 09:34:06,MO2403-C-6200,MO2403-C-6200,549.6,0.0,0.0,0.0,4,499.4,508.8,1,549.6,499.0,0.0,0.0,0.0,0.0,54
2023-05-10 09:34:06,MO2403-C-6200,MO2403-C-6200,549.6,0.0,0.0,0.0,4,499.4,508.8,2,549.6,499.0,0.0,0.0,0.0,0.0,54
2023-05-10 09:34:07,MO2403-C-6200,MO2403-C-6200,549.6,0.0,0.0,0.0,4,499.4,508.6,1,549.6,499.0,0.0,0.0,0.0,0.0,54
2023-05-10 09:34:14,MO2403-C-6200,MO2403-C-6200,549.6,0.0,0.0,0.0,6,499.4,508.6,1,549.6,499.0,0.0,0.0,0.0,0.0,54
2023-05-10 09:34:24,MO2403-C-6200,MO2403-C-6200,549.6,0.0,0.0,0.0,6,499.4,508.8,16,549.6,499.0,0.0,0.0,0.0,0.0,54
2023-05-10 09:34:25,MO2403-C-6200,MO2403-C-6200,549.6,0.0,0.0,0.0,6,499.4,508.8,1,549.6,499.0,0.0,0.0,0.0,0.0,54
2023-05-10 09:34:26,MO2403-C-6200,MO2403-C-6200,549.6,0.0,0.0,0.0,6,499.4,509.0,21,549.6,499.0,0.0,0.0,0.0,0.0,54
2023-05-10 09:34:26,MO2403-C-6200,MO2403-C-6200,549.6,0.0,0.0,0.0,6,499.4,509.0,6,549.6,499.0,0.0,0.0,0.0,0.0,54
2023-05-10 09:34:27,MO2403-C-6200,MO2403-C-6200,549.6,0.0,0.0,0.0,6,499.4,509.2,29,549.6,499.0,0.0,0.0,0.0,0.0,54
2023-05-10 09:34:27,MO2403-C-6200,MO2403-C-6200,549.6,0.0,0.0,0.0,6,499.4,509.2,8,549.6,499.0,0.0,0.0,0.0,0.0,54
2023-05-10 09:34:28,MO2403-C-6200,MO2403-C-6200,549.6,0.0,0.0,0.0,7,499.4,509.2,2,549.6,499.0,0.0,0.0,0.0,0.0,54
2023-05-10 09:34:29,MO2403-C-6200,MO2403-C-6200,549.6,0.0,0.0,0.0,7,499.4,509.4,16,549.6,499.0,0.0,0.0,0.0,0.0,54
2023-05-10 09:34:29,MO2403-C-6200,MO2403-C-6200,549.6,0.0,0.0,0.0,6,499.6,509.6,6,549.6,499.0,0.0,0.0,0.0,0.0,54
2023-05-10 09:34:30,MO2403-C-6200,MO2403-C-6200,549.6,0.0,0.0,0.0,6,499.6,509.8,21,549.6,499.0,0.0,0.0,0.0,0.0,54
2023-05-10 09:34:30,MO2403-C-6200,MO2403-C-6200,549.6,0.0,0.0,0.0,6,499.6,509.8,6,549.6,499.0,0.0,0.0,0.0,0.0,54
2023-05-10 09:34:31,MO2403-C-6200,MO2403-C-6200,549.6,0.0,0.0,0.0,6,499.6,510.0,21,549.6,499.0,0.0,0.0,0.0,0.0,54
2023-05-10 09:34:31,MO2403-C-6200,MO2403-C-6200,549.6,0.0,0.0,0.0,6,499.6,510.0,6,549.6,499.0,0.0,0.0,0.0,0.0,54
2023-05-10 09:34:32,MO2403-C-6200,MO2403-C-6200,549.6,0.0,0.0,0.0,6,499.6,510.0,1,549.6,499.0,0.0,0.0,0.0,0.0,54
2023-05-10 09:34:33,MO2403-C-6200,MO2403-C-6200,549.6,0.0,0.0,0.0,11,499.6,510.0,1,549.6,499.0,0.0,0.0,0.0,0.0,54
2023-05-10 09:34:35,MO2403-C-6200,MO2403-C-6200,549.6,0.0,0.0,0.0,11,499.6,510.2,21,549.6,499.0,0.0,0.0,0.0,0.0,54
2023-05-10 09:34:35,MO2403-C-6200,MO2403-C-6200,549.6,0.0,0.0,0.0,1,500.0,510.2,6,549.6,499.0,0.0,0.0,0.0,0.0,54
2023-05-10 09:34:36,MO2403-C-6200,MO2403-C-6200,549.6,0.0,0.0,0.0,7,499.8,510.4,22,549.6,499.0,0.0,0.0,0.0,0.0,54
2023-05-10 09:34:36,MO2403-C-6200,MO2403-C-6200,549.6,0.0,0.0,0.0,7,499.8,510.4,7,549.6,499.0,0.0,0.0,0.0,0.0,54
2023-05-10 09:34:37,MO2403-C-6200,MO2403-C-6200,549.6,0.0,0.0,0.0,7,499.8,510.4,1,549.6,499.0,0.0,0.0,0.0,0.0,54
2023-05-10 09:34:38,MO2403-C-6200,MO2403-C-6200,549.6,0.0,0.0,0.0,6,499.8,510.4,1,549.6,499.0,0.0,0.0,0.0,0.0,54
2023-05-10 09:34:39,MO2403-C-6200,MO2403-C-6200,549.6,0.0,0.0,0.0,11,499.6,510.2,1,549.6,499.0,0.0,0.0,0.0,0.0,54
2023-05-10 09:34:40,MO2403-C-6200,MO2403-C-6200,549.6,0.0,0.0,0.0,5,499.6,510.2,2,549.6,499.0,0.0,0.0,0.0,0.0,54
2023-05-10 09:34:50,MO2403-C-6200,MO2403-C-6200,549.6,0.0,0.0,0.0,5,499.6,510.0,1,549.6,499.0,0.0,0.0,0.0,0.0,54
2023-05-10 09:34:52,MO2403-C-6200,MO2403-C-6200,549.6,0.0,0.0,0.0,11,499.6,510.0,1,549.6,499.0,0.0,0.0,0.0,0.0,54
2023-05-10 09:34:56,MO2403-C-6200,MO2403-C-6200,549.6,0.0,0.0,0.0,6,501.0,510.0,1,549.6,499.0,0.0,0.0,0.0,0.0,54
2023-05-10 09:34:57,MO2403-C-6200,MO2403-C-6200,549.6,0.0,0.0,0.0,6,501.2,510.0,1,549.6,499.0,0.0,0.0,0.0,0.0,54
2023-05-10 09:35:01,MO2403-C-6200,MO2403-C-6200,549.6,0.0,0.0,0.0,6,501.2,510.2,15,549.6,499.0,0.0,0.0,0.0,0.0,54
2023-05-10 09:35:01,MO2403-C-6200,MO2403-C-6200,549.6,0.0,0.0,0.0,6,502.6,510.6,25,549.6,499.0,0.0,0.0,0.0,0.0,54
2023-05-10 09:35:02,MO2403-C-6200,MO2403-C-6200,549.6,0.0,0.0,0.0,6,502.6,510.6,6,549.6,499.0,0.0,0.0,0.0,0.0,54
2023-05-10 09:35:02,MO2403-C-6200,MO2403-C-6200,549.6,0.0,0.0,0.0,6,502.6,510.8,22,549.6,499.0,0.0,0.0,0.0,0.0,54
2023-05-10 09:35:03,MO2403-C-6200,MO2403-C-6200,549.6,0.0,0.0,0.0,5,501.2,510.8,7,549.6,499.0,0.0,0.0,0.0,0.0,54
2023-05-10 09:35:03,MO2403-C-6200,MO2403-C-6200,549.6,0.0,0.0,0.0,5,501.2,510.8,1,549.6,499.0,0.0,0.0,0.0,0.0,54
2023-05-10 09:35:04,MO2403-C-6200,MO2403-C-6200,549.6,0.0,0.0,0.0,5,501.2,510.6,1,549.6,499.0,0.0,0.0,0.0,0.0,54
2023-05-10 09:35:04,MO2403-C-6200,MO2403-C-6200,549.6,0.0,0.0,0.0,11,501.2,510.6,1,549.6,499.0,0.0,0.0,0.0,0.0,54
2023-05-10 09:35:09,MO2403-C-6200,MO2403-C-6200,549.6,0.0,0.0,0.0,11,501.2,510.8,17,549.6,499.0,0.0,0.0,0.0,0.0,54
2023-05-10 09:35:09,MO2403-C-6200,MO2403-C-6200,549.6,0.0,0.0,0.0,13,501.2,510.8,2,549.6,499.0,0.0,0.0,0.0,0.0,54
2023-05-10 09:35:10,MO2403-C-6200,MO2403-C-6200,549.6,0.0,0.0,0.0,11,501.2,510.8,1,549.6,499.0,0.0,0.0,0.0,0.0,54
2023-05-10 09:35:11,MO2403-C-6200,MO2403-C-6200,549.6,0.0,0.0,0.0,14,501.2,510.8,1,549.6,499.0,0.0,0.0,0.0,0.0,54
2023-05-10 09:35:12,MO2403-C-6200,MO2403-C-6200,549.6,0.0,0.0,0.0,13,501.2,510.8,1,549.6,499.0,0.0,0.0,0.0,0.0,54
2023-05-10 09:35:13,MO2403-C-6200,MO2403-C-6200,549.6,0.0,0.0,0.0,11,501.2,510.8,1,549.6,499.0,0.0,0.0,0.0,0.0,54
2023-05-10 09:35:15,MO2403-C-6200,MO2403-C-6200,549.6,0.0,0.0,0.0,11,501.2,511.0,21,549.6,499.0,0.0,0.0,0.0,0.0,54
2023-05-10 09:35:16,MO2403-C-6200,MO2403-C-6200,549.6,0.0,0.0,0.0,11,501.2,511.0,6,549.6,499.0,0.0,0.0,0.0,0.0,54
2023-05-10 09:35:16,MO2403-C-6200,MO2403-C-6200,549.6,0.0,0.0,0.0,11,501.2,511.2,21,549.6,499.0,0.0,0.0,0.0,0.0,54
2023-05-10 09:35:17,MO2403-C-6200,MO2403-C-6200,549.6,0.0,0.0,0.0,11,501.2,511.2,6,549.6,499.0,0.0,0.0,0.0,0.0,54
2023-05-10 09:35:17,MO2403-C-6200,MO2403-C-6200,549.6,0.0,0.0,0.0,11,501.2,511.4,21,549.6,499.0,0.0,0.0,0.0,0.0,54
2023-05-10 09:35:18,MO2403-C-6200,MO2403-C-6200,549.6,0.0,0.0,0.0,11,501.2,511.4,6,549.6,499.0,0.0,0.0,0.0,0.0,54
2023-05-10 09:35:18,MO2403-C-6200,MO2403-C-6200,549.6,0.0,0.0,0.0,11,501.2,511.6,22,549.6,499.0,0.0,0.0,0.0,0.0,54
2023-05-10 09:35:19,MO2403-C-6200,MO2403-C-6200,549.6,0.0,0.0,0.0,11,501.2,511.6,7,549.6,499.0,0.0,0.0,0.0,0.0,54
2023-05-10 09:35:19,MO2403-C-6200,MO2403-C-6200,549.6,0.0,0.0,0.0,11,501.2,511.6,1,549.6,499.0,0.0,0.0,0.0,0.0,54
2023-05-10 09:35:20,MO2403-C-6200,MO2403-C-6200,549.6,0.0,0.0,0.0,6,502.6,511.6,1,549.6,499.0,0.0,0.0,0.0,0.0,54
2023-05-10 09:35:22,MO2403-C-6200,MO2403-C-6200,549.6,0.0,0.0,0.0,6,502.6,511.8,21,549.6,499.0,0.0,0.0,0.0,0.0,54
2023-05-10 09:35:23,MO2403-C-6200,MO2403-C-6200,549.6,0.0,0.0,0.0,6,502.6,511.8,6,549.6,499.0,0.0,0.0,0.0,0.0,54
2023-05-10 09:35:23,MO2403-C-6200,MO2403-C-6200,549.6,0.0,0.0,0.0,6,502.6,512.0,27,549.6,499.0,0.0,0.0,0.0,0.0,54
2023-05-10 09:35:24,MO2403-C-6200,MO2403-C-6200,549.6,0.0,0.0,0.0,6,502.6,512.0,6,549.6,499.0,0.0,0.0,0.0,0.0,54
2023-05-10 09:35:24,MO2403-C-6200,MO2403-C-6200,549.6,0.0,0.0,0.0,6,502.6,512.2,22,549.6,499.0,0.0,0.0,0.0,0.0,54
2023-05-10 09:35:25,MO2403-C-6200,MO2403-C-6200,549.6,0.0,0.0,0.0,6,502.6,512.2,7,549.6,499.0,0.0,0.0,0.0,0.0,54
2023-05-10 09:35:25,MO2403-C-6200,MO2403-C-6200,549.6,0.0,0.0,0.0,6,502.6,512.2,1,549.6,499.0,0.0,0.0,0.0,0.0,54
2023-05-10 09:35:30,MO2403-C-6200,MO2403-C-6200,549.6,0.0,0.0,0.0,6,502.6,512.4,21,549.6,499.0,0.0,0.0,0.0,0.0,54
2023-05-10 09:35:31,MO2403-C-6200,MO2403-C-6200,549.6,0.0,0.0,0.0,6,502.6,512.4,6,549.6,499.0,0.0,0.0,0.0,0.0,54
2023-05-10 09:35:31,MO2403-C-6200,MO2403-C-6200,549.6,0.0,0.0,0.0,6,502.8,512.6,16,549.6,499.0,0.0,0.0,0.0,0.0,54
2023-05-10 09:35:32,MO2403-C-6200,MO2403-C-6200,549.6,0.0,0.0,0.0,6,502.6,512.6,1,549.6,499.0,0.0,0.0,0.0,0.0,54
2023-05-10 09:35:34,MO2403-C-6200,MO2403-C-6200,549.6,0.0,0.0,0.0,6,502.8,512.6,1,549.6,499.0,0.0,0.0,0.0,0.0,54
2023-05-10 09:35:37,MO2403-C-6200,MO2403-C-6200,549.6,0.0,0.0,0.0,1,503.0,512.6,1,549.6,499.0,0.0,0.0,0.0,0.0,54
2023-05-10 09:35:38,MO2403-C-6200,MO2403-C-6200,549.6,0.0,0.0,0.0,6,503.0,512.6,1,549.6,499.0,0.0,0.0,0.0,0.0,54
2023-05-10 09:35:38,MO2403-C-6200,MO2403-C-6200,549.6,0.0,0.0,0.0,6,503.0,512.8,40,549.6,499.0,0.0,0.0,0.0,0.0,54
2023-05-10 09:35:39,MO2403-C-6200,MO2403-C-6200,549.6,0.0,0.0,0.0,6,503.0,512.8,25,549.6,499.0,0.0,0.0,0.0,0.0,54
2023-05-10 09:35:40,MO2403-C-6200,MO2403-C-6200,549.6,0.0,0.0,0.0,6,503.0,512.8,19,549.6,499.0,0.0,0.0,0.0,0.0,54
2023-05-10 09:35:40,MO2403-C-6200,MO2403-C-6200,549.6,0.0,0.0,0.0,1,504.0,512.8,19,549.6,499.0,0.0,0.0,0.0,0.0,54
2023-05-10 09:35:42,MO2403-C-6200,MO2403-C-6200,549.6,0.0,0.0,0.0,6,503.2,512.8,19,549.6,499.0,0.0,0.0,0.0,0.0,54
2023-05-10 09:35:43,MO2403-C-6200,MO2403-C-6200,549.6,0.0,0.0,0.0,5,503.0,512.8,19,549.6,499.0,0.0,0.0,0.0,0.0,54
2023-05-10 09:35:45,MO2403-C-6200,MO2403-C-6200,549.6,0.0,0.0,0.0,5,503.0,512.8,18,549.6,499.0,0.0,0.0,0.0,0.0,54
2023-05-10 09:35:48,MO2403-C-6200,MO2403-C-6200,549.6,0.0,0.0,0.0,6,503.0,512.8,18,549.6,499.0,0.0,0.0,0.0,0.0,54
2023-05-10 09:35:53,MO2403-C-6200,MO2403-C-6200,549.6,0.0,0.0,0.0,6,503.0,512.8,19,549.6,499.0,0.0,0.0,0.0,0.0,54
2023-05-10 09:35:57,MO2403-C-6200,MO2403-C-6200,549.6,0.0,0.0,0.0,6,503.0,512.8,18,549.6,499.0,0.0,0.0,0.0,0.0,54
2023-05-10 09:36:00,MO2403-C-6200,MO2403-C-6200,549.6,0.0,0.0,0.0,6,503.2,512.8,18,549.6,499.0,0.0,0.0,0.0,0.0,54
2023-05-10 09:36:02,MO2403-C-6200,MO2403-C-6200,549.6,0.0,0.0,0.0,6,503.0,512.8,18,549.6,499.0,0.0,0.0,0.0,0.0,54
2023-05-10 09:36:07,MO2403-C-6200,MO2403-C-6200,549.6,0.0,0.0,0.0,7,503.0,512.8,18,549.6,499.0,0.0,0.0,0.0,0.0,54
2023-05-10 09:36:08,MO2403-C-6200,MO2403-C-6200,549.6,0.0,0.0,0.0,6,504.4,512.8,18,549.6,499.0,0.0,0.0,0.0,0.0,54
2023-05-10 09:36:12,MO2403-C-6200,MO2403-C-6200,549.6,0.0,0.0,0.0,6,503.0,512.8,18,549.6,499.0,0.0,0.0,0.0,0.0,54
2023-05-10 09:36:16,MO2403-C-6200,MO2403-C-6200,549.6,0.0,0.0,0.0,1,503.4,512.8,18,549.6,499.0,0.0,0.0,0.0,0.0,54
2023-05-10 09:36:17,MO2403-C-6200,MO2403-C-6200,549.6,0.0,0.0,0.0,6,503.0,512.8,18,549.6,499.0,0.0,0.0,0.0,0.0,54
2023-05-10 09:36:17,MO2403-C-6200,MO2403-C-6200,549.6,0.0,0.0,0.0,6,503.2,512.8,18,549.6,499.0,0.0,0.0,0.0,0.0,54
2023-05-10 09:36:18,MO2403-C-6200,MO2403-C-6200,549.6,0.0,0.0,0.0,6,503.0,512.8,18,549.6,499.0,0.0,0.0,0.0,0.0,54
2023-05-10 09:36:21,MO2403-C-6200,MO2403-C-6200,549.6,0.0,0.0,0.0,1,503.2,512.8,18,549.6,499.0,0.0,0.0,0.0,0.0,54
2023-05-10 09:36:22,MO2403-C-6200,MO2403-C-6200,549.6,0.0,0.0,0.0,13,503.2,512.8,18,549.6,499.0,0.0,0.0,0.0,0.0,54
2023-05-10 09:36:22,MO2403-C-6200,MO2403-C-6200,549.6,0.0,0.0,0.0,1,505.0,512.8,18,549.6,499.0,0.0,0.0,0.0,0.0,54
2023-05-10 09:36:23,MO2403-C-6200,MO2403-C-6200,549.6,0.0,0.0,0.0,1,505.0,512.8,6,549.6,499.0,0.0,0.0,0.0,0.0,54
2023-05-10 09:36:23,MO2403-C-6200,MO2403-C-6200,549.6,0.0,0.0,0.0,7,505.0,513.0,22,549.6,499.0,0.0,0.0,0.0,0.0,54
2023-05-10 09:36:24,MO2403-C-6200,MO2403-C-6200,549.6,0.0,0.0,0.0,1,505.8,513.0,7,549.6,499.0,0.0,0.0,0.0,0.0,54
2023-05-10 09:36:24,MO2403-C-6200,MO2403-C-6200,549.6,0.0,0.0,0.0,1,505.8,513.0,1,549.6,499.0,0.0,0.0,0.0,0.0,54
2023-05-10 09:36:25,MO2403-C-6200,MO2403-C-6200,549.6,0.0,0.0,0.0,1,505.8,513.2,21,549.6,499.0,0.0,0.0,0.0,0.0,54
2023-05-10 09:36:26,MO2403-C-6200,MO2403-C-6200,549.6,0.0,0.0,0.0,1,505.2,513.2,6,549.6,499.0,0.0,0.0,0.0,0.0,54
2023-05-10 09:36:26,MO2403-C-6200,MO2403-C-6200,549.6,0.0,0.0,0.0,1,505.2,513.4,21,549.6,499.0,0.0,0.0,0.0,0.0,54
2023-05-10 09:36:27,MO2403-C-6200,MO2403-C-6200,549.6,0.0,0.0,0.0,7,505.2,513.4,6,549.6,499.0,0.0,0.0,0.0,0.0,54
2023-05-10 09:36:27,MO2403-C-6200,MO2403-C-6200,549.6,0.0,0.0,0.0,7,505.2,513.6,27,549.6,499.0,0.0,0.0,0.0,0.0,54
2023-05-10 09:36:28,MO2403-C-6200,MO2403-C-6200,549.6,0.0,0.0,0.0,1,506.2,513.6,6,549.6,499.0,0.0,0.0,0.0,0.0,54
2023-05-10 09:36:28,MO2403-C-6200,MO2403-C-6200,549.6,0.0,0.0,0.0,1,505.8,513.8,21,549.6,499.0,0.0,0.0,0.0,0.0,54
2023-05-10 09:36:29,MO2403-C-6200,MO2403-C-6200,549.6,0.0,0.0,0.0,1,505.8,513.8,6,549.6,499.0,0.0,0.0,0.0,0.0,54
2023-05-10 09:36:29,MO2403-C-6200,MO2403-C-6200,549.6,0.0,0.0,0.0,1,505.8,514.0,21,549.6,499.0,0.0,0.0,0.0,0.0,54
2023-05-10 09:36:30,MO2403-C-6200,MO2403-C-6200,549.6,0.0,0.0,0.0,1,505.8,514.0,6,549.6,499.0,0.0,0.0,0.0,0.0,54
2023-05-10 09:36:30,MO2403-C-6200,MO2403-C-6200,549.6,0.0,0.0,0.0,1,505.8,514.2,21,549.6,499.0,0.0,0.0,0.0,0.0,54
2023-05-10 09:36:31,MO2403-C-6200,MO2403-C-6200,549.6,0.0,0.0,0.0,1,505.4,514.2,6,549.6,499.0,0.0,0.0,0.0,0.0,54
2023-05-10 09:36:31,MO2403-C-6200,MO2403-C-6200,549.6,0.0,0.0,0.0,6,505.0,514.4,21,549.6,499.0,0.0,0.0,0.0,0.0,54
2023-05-10 09:36:32,MO2403-C-6200,MO2403-C-6200,549.6,0.0,0.0,0.0,6,505.0,514.4,6,549.6,499.0,0.0,0.0,0.0,0.0,54
2023-05-10 09:36:32,MO2403-C-6200,MO2403-C-6200,549.6,0.0,0.0,0.0,6,505.0,514.6,21,549.6,499.0,0.0,0.0,0.0,0.0,54
2023-05-10 09:36:33,MO2403-C-6200,MO2403-C-6200,549.6,0.0,0.0,0.0,6,505.0,514.6,6,549.6,499.0,0.0,0.0,0.0,0.0,54
2023-05-10 09:36:33,MO2403-C-6200,MO2403-C-6200,549.6,0.0,0.0,0.0,6,505.0,514.8,21,549.6,499.0,0.0,0.0,0.0,0.0,54
2023-05-10 09:36:34,MO2403-C-6200,MO2403-C-6200,549.6,0.0,0.0,0.0,6,505.0,514.8,6,549.6,499.0,0.0,0.0,0.0,0.0,54
2023-05-10 09:36:34,MO2403-C-6200,MO2403-C-6200,549.6,0.0,0.0,0.0,6,505.0,515.0,40,549.6,499.0,0.0,0.0,0.0,0.0,54
2023-05-10 09:36:35,MO2403-C-6200,MO2403-C-6200,549.6,0.0,0.0,0.0,6,505.0,515.0,18,549.6,499.0,0.0,0.0,0.0,0.0,54
2023-05-10 09:36:35,MO2403-C-6200,MO2403-C-6200,549.6,0.0,0.0,0.0,6,505.0,514.8,1,549.6,499.0,0.0,0.0,0.0,0.0,54
2023-05-10 09:36:40,MO2403-C-6200,MO2403-C-6200,549.6,0.0,0.0,0.0,6,505.0,514.6,1,549.6,499.0,0.0,0.0,0.0,0.0,54
2023-05-10 09:36:52,MO2403-C-6200,MO2403-C-6200,549.6,0.0,0.0,0.0,1,505.2,514.6,1,549.6,499.0,0.0,0.0,0.0,0.0,54
2023-05-10 09:36:55,MO2403-C-6200,MO2403-C-6200,549.6,0.0,0.0,0.0,6,506.4,514.6,1,549.6,499.0,0.0,0.0,0.0,0.0,54
2023-05-10 09:36:55,MO2403-C-6200,MO2403-C-6200,549.6,0.0,0.0,0.0,7,506.6,514.8,16,549.6,499.0,0.0,0.0,0.0,0.0,54
2023-05-10 09:36:56,MO2403-C-6200,MO2403-C-6200,549.6,0.0,0.0,0.0,7,506.6,515.0,33,549.6,499.0,0.0,0.0,0.0,0.0,54
2023-05-10 09:36:56,MO2403-C-6200,MO2403-C-6200,549.6,0.0,0.0,0.0,6,506.6,515.0,18,549.6,499.0,0.0,0.0,0.0,0.0,54
2023-05-10 09:36:57,MO2403-C-6200,MO2403-C-6200,549.6,0.0,0.0,0.0,12,506.4,515.0,18,549.6,499.0,0.0,0.0,0.0,0.0,54
2023-05-10 09:36:58,MO2403-C-6200,MO2403-C-6200,549.6,0.0,0.0,0.0,6,506.4,515.0,18,549.6,499.0,0.0,0.0,0.0,0.0,54
2023-05-10 09:37:01,MO2403-C-6200,MO2403-C-6200,549.6,0.0,0.0,0.0,12,505.8,515.0,19,549.6,499.0,0.0,0.0,0.0,0.0,54
2023-05-10 09:37:01,MO2403-C-6200,MO2403-C-6200,549.6,0.0,0.0,0.0,6,506.4,515.0,20,549.6,499.0,0.0,0.0,0.0,0.0,54
2023-05-10 09:37:03,MO2403-C-6200,MO2403-C-6200,549.6,0.0,0.0,0.0,6,506.4,515.0,19,549.6,499.0,0.0,0.0,0.0,0.0,54
2023-05-10 09:37:06,MO2403-C-6200,MO2403-C-6200,549.6,0.0,0.0,0.0,6,506.4,515.0,20,549.6,499.0,0.0,0.0,0.0,0.0,54
2023-05-10 09:37:10,MO2403-C-6200,MO2403-C-6200,549.6,0.0,0.0,0.0,1,506.8,515.0,20,549.6,499.0,0.0,0.0,0.0,0.0,54
2023-05-10 09:37:11,MO2403-C-6200,MO2403-C-6200,549.6,0.0,0.0,0.0,1,506.8,515.0,19,549.6,499.0,0.0,0.0,0.0,0.0,54
2023-05-10 09:37:11,MO2403-C-6200,MO2403-C-6200,549.6,0.0,0.0,0.0,1,506.8,514.8,1,549.6,499.0,0.0,0.0,0.0,0.0,54
2023-05-10 09:37:12,MO2403-C-6200,MO2403-C-6200,549.6,0.0,0.0,0.0,6,506.4,514.8,1,549.6,499.0,0.0,0.0,0.0,0.0,54
2023-05-10 09:37:21,MO2403-C-6200,MO2403-C-6200,549.6,0.0,0.0,0.0,6,506.4,514.6,1,549.6,499.0,0.0,0.0,0.0,0.0,54
2023-05-10 09:37:26,MO2403-C-6200,MO2403-C-6200,549.6,0.0,0.0,0.0,6,506.4,514.4,1,549.6,499.0,0.0,0.0,0.0,0.0,54
2023-05-10 09:37:27,MO2403-C-6200,MO2403-C-6200,549.6,0.0,0.0,0.0,6,506.4,514.4,2,549.6,499.0,0.0,0.0,0.0,0.0,54
2023-05-10 09:37:31,MO2403-C-6200,MO2403-C-6200,549.6,0.0,0.0,0.0,6,506.4,514.4,1,549.6,499.0,0.0,0.0,0.0,0.0,54
2023-05-10 09:37:37,MO2403-C-6200,MO2403-C-6200,549.6,0.0,0.0,0.0,6,506.4,514.2,1,549.6,499.0,0.0,0.0,0.0,0.0,54
2023-05-10 09:37:47,MO2403-C-6200,MO2403-C-6200,549.6,0.0,0.0,0.0,6,506.4,514.0,1,549.6,499.0,0.0,0.0,0.0,0.0,54
2023-05-10 09:37:57,MO2403-C-6200,MO2403-C-6200,549.6,0.0,0.0,0.0,6,506.4,513.8,1,549.6,499.0,0.0,0.0,0.0,0.0,54
2023-05-10 09:38:00,MO2403-C-6200,MO2403-C-6200,549.6,0.0,0.0,0.0,6,506.0,513.8,1,549.6,499.0,0.0,0.0,0.0,0.0,54
2023-05-10 09:38:07,MO2403-C-6200,MO2403-C-6200,549.6,0.0,0.0,0.0,6,506.0,513.6,1,549.6,499.0,0.0,0.0,0.0,0.0,54
2023-05-10 09:38:12,MO2403-C-6200,MO2403-C-6200,549.6,0.0,0.0,0.0,6,506.0,513.8,21,549.6,499.0,0.0,0.0,0.0,0.0,54
2023-05-10 09:38:12,MO2403-C-6200,MO2403-C-6200,549.6,0.0,0.0,0.0,6,506.2,513.8,6,549.6,499.0,0.0,0.0,0.0,0.0,54
2023-05-10 09:38:13,MO2403-C-6200,MO2403-C-6200,549.6,0.0,0.0,0.0,6,506.0,514.0,21,549.6,499.0,0.0,0.0,0.0,0.0,54
2023-05-10 09:38:13,MO2403-C-6200,MO2403-C-6200,549.6,0.0,0.0,0.0,6,506.0,514.0,6,549.6,499.0,0.0,0.0,0.0,0.0,54
2023-05-10 09:38:14,MO2403-C-6200,MO2403-C-6200,549.6,0.0,0.0,0.0,6,506.0,514.2,22,549.6,499.0,0.0,0.0,0.0,0.0,54
2023-05-10 09:38:14,MO2403-C-6200,MO2403-C-6200,549.6,0.0,0.0,0.0,6,506.0,514.2,6,549.6,499.0,0.0,0.0,0.0,0.0,54
2023-05-10 09:38:15,MO2403-C-6200,MO2403-C-6200,549.6,0.0,0.0,0.0,6,506.0,514.4,21,549.6,499.0,0.0,0.0,0.0,0.0,54
2023-05-10 09:38:15,MO2403-C-6200,MO2403-C-6200,549.6,0.0,0.0,0.0,6,506.2,514.4,6,549.6,499.0,0.0,0.0,0.0,0.0,54
2023-05-10 09:38:16,MO2403-C-6200,MO2403-C-6200,549.6,0.0,0.0,0.0,6,506.0,514.6,21,549.6,499.0,0.0,0.0,0.0,0.0,54
2023-05-10 09:38:16,MO2403-C-6200,MO2403-C-6200,549.6,0.0,0.0,0.0,6,506.0,514.6,6,549.6,499.0,0.0,0.0,0.0,0.0,54
2023-05-10 09:38:17,MO2403-C-6200,MO2403-C-6200,549.6,0.0,0.0,0.0,6,506.0,514.8,21,549.6,499.0,0.0,0.0,0.0,0.0,54
2023-05-10 09:38:17,MO2403-C-6200,MO2403-C-6200,549.6,0.0,0.0,0.0,6,506.2,514.8,6,549.6,499.0,0.0,0.0,0.0,0.0,54
2023-05-10 09:38:18,MO2403-C-6200,MO2403-C-6200,549.6,0.0,0.0,0.0,6,506.0,515.0,46,549.6,499.0,0.0,0.0,0.0,0.0,54
2023-05-10 09:38:18,MO2403-C-6200,MO2403-C-6200,549.6,0.0,0.0,0.0,6,506.0,515.0,19,549.6,499.0,0.0,0.0,0.0,0.0,54
2023-05-10 09:38:24,MO2403-C-6200,MO2403-C-6200,549.6,0.0,0.0,0.0,6,506.0,514.8,1,549.6,499.0,0.0,0.0,0.0,0.0,54
2023-05-10 09:38:26,MO2403-C-6200,MO2403-C-6200,549.6,0.0,0.0,0.0,1,506.2,514.8,1,549.6,499.0,0.0,0.0,0.0,0.0,54
2023-05-10 09:38:29,MO2403-C-6200,MO2403-C-6200,549.6,0.0,0.0,0.0,1,506.2,515.0,33,549.6,499.0,0.0,0.0,0.0,0.0,54
2023-05-10 09:38:29,MO2403-C-6200,MO2403-C-6200,549.6,0.0,0.0,0.0,7,506.2,515.0,18,549.6,499.0,0.0,0.0,0.0,0.0,54
2023-05-10 09:38:30,MO2403-C-6200,MO2403-C-6200,549.6,0.0,0.0,0.0,1,506.2,515.0,18,549.6,499.0,0.0,0.0,0.0,0.0,54
2023-05-10 09:38:31,MO2403-C-6200,MO2403-C-6200,549.6,0.0,0.0,0.0,18,506.0,515.0,18,549.6,499.0,0.0,0.0,0.0,0.0,54
2023-05-10 09:38:32,MO2403-C-6200,MO2403-C-6200,549.6,0.0,0.0,0.0,1,506.8,515.0,18,549.6,499.0,0.0,0.0,0.0,0.0,54
2023-05-10 09:38:37,MO2403-C-6200,MO2403-C-6200,549.6,0.0,0.0,0.0,18,506.0,515.0,18,549.6,499.0,0.0,0.0,0.0,0.0,54
2023-05-10 09:38:39,MO2403-C-6200,MO2403-C-6200,549.6,0.0,0.0,0.0,18,506.0,515.0,19,549.6,499.0,0.0,0.0,0.0,0.0,54
2023-05-10 09:38:49,MO2403-C-6200,MO2403-C-6200,549.6,0.0,0.0,0.0,18,506.0,514.8,1,549.6,499.0,0.0,0.0,0.0,0.0,54
2023-05-10 09:38:56,MO2403-C-6200,MO2403-C-6200,549.6,0.0,0.0,0.0,1,506.4,514.8,1,549.6,499.0,0.0,0.0,0.0,0.0,54
2023-05-10 09:38:56,MO2403-C-6200,MO2403-C-6200,549.6,0.0,0.0,0.0,18,506.0,514.8,1,549.6,499.0,0.0,0.0,0.0,0.0,54
2023-05-10 09:38:59,MO2403-C-6200,MO2403-C-6200,549.6,0.0,0.0,0.0,18,506.0,514.6,1,549.6,499.0,0.0,0.0,0.0,0.0,54
2023-05-10 09:39:02,MO2403-C-6200,MO2403-C-6200,549.6,0.0,0.0,0.0,19,506.0,514.6,1,549.6,499.0,0.0,0.0,0.0,0.0,54
2023-05-10 09:39:05,MO2403-C-6200,MO2403-C-6200,549.6,0.0,0.0,0.0,18,506.0,514.6,1,549.6,499.0,0.0,0.0,0.0,0.0,54
2023-05-10 09:39:05,MO2403-C-6200,MO2403-C-6200,549.6,0.0,0.0,0.0,12,506.0,514.6,1,549.6,499.0,0.0,0.0,0.0,0.0,54
2023-05-10 09:39:06,MO2403-C-6200,MO2403-C-6200,549.6,0.0,0.0,0.0,6,506.0,514.6,1,549.6,499.0,0.0,0.0,0.0,0.0,54
2023-05-10 09:39:07,MO2403-C-6200,MO2403-C-6200,549.6,0.0,0.0,0.0,12,505.2,514.6,1,549.6,499.0,0.0,0.0,0.0,0.0,54
2023-05-10 09:39:07,MO2403-C-6200,MO2403-C-6200,549.6,0.0,0.0,0.0,6,505.2,514.6,1,549.6,499.0,0.0,0.0,0.0,0.0,54
2023-05-10 09:39:09,MO2403-C-6200,MO2403-C-6200,549.6,0.0,0.0,0.0,6,505.2,514.4,1,549.6,499.0,0.0,0.0,0.0,0.0,54
2023-05-10 09:39:14,MO2403-C-6200,MO2403-C-6200,549.6,0.0,0.0,0.0,12,505.2,514.4,1,549.6,499.0,0.0,0.0,0.0,0.0,54
2023-05-10 09:39:15,MO2403-C-6200,MO2403-C-6200,549.6,0.0,0.0,0.0,1,505.4,514.4,1,549.6,499.0,0.0,0.0,0.0,0.0,54
2023-05-10 09:39:16,MO2403-C-6200,MO2403-C-6200,549.6,0.0,0.0,0.0,7,505.4,514.4,1,549.6,499.0,0.0,0.0,0.0,0.0,54
2023-05-10 09:39:17,MO2403-C-6200,MO2403-C-6200,549.6,0.0,0.0,0.0,6,505.4,514.4,1,549.6,499.0,0.0,0.0,0.0,0.0,54
2023-05-10 09:39:19,MO2403-C-6200,MO2403-C-6200,549.6,0.0,0.0,0.0,6,505.4,514.2,1,549.6,499.0,0.0,0.0,0.0,0.0,54
2023-05-10 09:39:22,MO2403-C-6200,MO2403-C-6200,549.6,0.0,0.0,0.0,1,505.6,514.4,21,549.6,499.0,0.0,0.0,0.0,0.0,54
2023-05-10 09:39:22,MO2403-C-6200,MO2403-C-6200,549.6,0.0,0.0,0.0,1,505.6,514.4,7,549.6,499.0,0.0,0.0,0.0,0.0,54
2023-05-10 09:39:23,MO2403-C-6200,MO2403-C-6200,549.6,0.0,0.0,0.0,7,505.6,514.6,21,549.6,499.0,0.0,0.0,0.0,0.0,54
2023-05-10 09:39:23,MO2403-C-6200,MO2403-C-6200,549.6,0.0,0.0,0.0,7,505.6,514.6,6,549.6,499.0,0.0,0.0,0.0,0.0,54
2023-05-10 09:39:24,MO2403-C-6200,MO2403-C-6200,549.6,0.0,0.0,0.0,6,505.6,514.6,1,549.6,499.0,0.0,0.0,0.0,0.0,54
2023-05-10 09:39:24,MO2403-C-6200,MO2403-C-6200,549.6,0.0,0.0,0.0,1,506.4,514.8,21,549.6,499.0,0.0,0.0,0.0,0.0,54
2023-05-10 09:39:25,MO2403-C-6200,MO2403-C-6200,549.6,0.0,0.0,0.0,1,506.4,514.8,6,549.6,499.0,0.0,0.0,0.0,0.0,54
2023-05-10 09:39:25,MO2403-C-6200,MO2403-C-6200,549.6,0.0,0.0,0.0,1,506.4,515.0,45,549.6,499.0,0.0,0.0,0.0,0.0,54
2023-05-10 09:39:26,MO2403-C-6200,MO2403-C-6200,549.6,0.0,0.0,0.0,1,506.4,515.0,24,549.6,499.0,0.0,0.0,0.0,0.0,54
2023-05-10 09:39:26,MO2403-C-6200,MO2403-C-6200,549.6,0.0,0.0,0.0,1,506.4,515.0,18,549.6,499.0,0.0,0.0,0.0,0.0,54
2023-05-10 09:39:35,MO2403-C-6200,MO2403-C-6200,549.6,0.0,0.0,0.0,6,506.0,515.0,18,549.6,499.0,0.0,0.0,0.0,0.0,54
2023-05-10 09:39:36,MO2403-C-6200,MO2403-C-6200,549.6,0.0,0.0,0.0,12,506.0,515.0,18,549.6,499.0,0.0,0.0,0.0,0.0,54
2023-05-10 09:39:37,MO2403-C-6200,MO2403-C-6200,549.6,0.0,0.0,0.0,1,506.2,515.0,18,549.6,499.0,0.0,0.0,0.0,0.0,54
2023-05-10 09:39:38,MO2403-C-6200,MO2403-C-6200,549.6,0.0,0.0,0.0,7,506.2,515.0,18,549.6,499.0,0.0,0.0,0.0,0.0,54
2023-05-10 09:39:43,MO2403-C-6200,MO2403-C-6200,549.6,0.0,0.0,0.0,1,507.4,515.0,18,549.6,499.0,0.0,0.0,0.0,0.0,54
2023-05-10 09:39:44,MO2403-C-6200,MO2403-C-6200,549.6,0.0,0.0,0.0,1,507.4,515.0,6,549.6,499.0,0.0,0.0,0.0,0.0,54
2023-05-10 09:39:44,MO2403-C-6200,MO2403-C-6200,549.6,0.0,0.0,0.0,1,507.4,515.2,21,549.6,499.0,0.0,0.0,0.0,0.0,54
2023-05-10 09:39:45,MO2403-C-6200,MO2403-C-6200,549.6,0.0,0.0,0.0,1,507.4,515.2,6,549.6,499.0,0.0,0.0,0.0,0.0,54
2023-05-10 09:39:45,MO2403-C-6200,MO2403-C-6200,549.6,0.0,0.0,0.0,1,507.4,515.4,27,549.6,499.0,0.0,0.0,0.0,0.0,54
2023-05-10 09:39:46,MO2403-C-6200,MO2403-C-6200,549.6,0.0,0.0,0.0,1,507.4,515.4,6,549.6,499.0,0.0,0.0,0.0,0.0,54
2023-05-10 09:39:46,MO2403-C-6200,MO2403-C-6200,549.6,0.0,0.0,0.0,7,507.4,515.6,27,549.6,499.0,0.0,0.0,0.0,0.0,54
2023-05-10 09:39:47,MO2403-C-6200,MO2403-C-6200,549.6,0.0,0.0,0.0,7,507.4,515.6,6,549.6,499.0,0.0,0.0,0.0,0.0,54
2023-05-10 09:39:47,MO2403-C-6200,MO2403-C-6200,549.6,0.0,0.0,0.0,7,507.4,515.8,27,549.6,499.0,0.0,0.0,0.0,0.0,54
2023-05-10 09:39:48,MO2403-C-6200,MO2403-C-6200,549.6,0.0,0.0,0.0,7,507.4,515.8,12,549.6,499.0,0.0,0.0,0.0,0.0,54
2023-05-10 09:39:48,MO2403-C-6200,MO2403-C-6200,549.6,0.0,0.0,0.0,7,507.4,515.8,6,549.6,499.0,0.0,0.0,0.0,0.0,54
2023-05-10 09:39:52,MO2403-C-6200,MO2403-C-6200,549.6,0.0,0.0,0.0,6,507.4,515.8,6,549.6,499.0,0.0,0.0,0.0,0.0,54
2023-05-10 09:39:57,MO2403-C-6200,MO2403-C-6200,549.6,0.0,0.0,0.0,6,507.0,515.8,6,549.6,499.0,0.0,0.0,0.0,0.0,54
2023-05-10 09:40:00,MO2403-C-6200,MO2403-C-6200,549.6,0.0,0.0,0.0,6,507.0,515.8,7,549.6,499.0,0.0,0.0,0.0,0.0,54
2023-05-10 09:40:04,MO2403-C-6200,MO2403-C-6200,549.6,0.0,0.0,0.0,6,506.6,515.8,7,549.6,499.0,0.0,0.0,0.0,0.0,54
2023-05-10 09:40:10,MO2403-C-6200,MO2403-C-6200,549.6,0.0,0.0,0.0,6,506.6,515.6,1,549.6,499.0,0.0,0.0,0.0,0.0,54
2023-05-10 09:40:16,MO2403-C-6200,MO2403-C-6200,549.6,0.0,0.0,0.0,6,506.4,515.6,1,549.6,499.0,0.0,0.0,0.0,0.0,54
2023-05-10 09:40:20,MO2403-C-6200,MO2403-C-6200,549.6,0.0,0.0,0.0,6,506.4,515.4,1,549.6,499.0,0.0,0.0,0.0,0.0,54
2023-05-10 09:40:25,MO2403-C-6200,MO2403-C-6200,549.6,0.0,0.0,0.0,6,506.0,515.4,1,549.6,499.0,0.0,0.0,0.0,0.0,54
2023-05-10 09:40:29,MO2403-C-6200,MO2403-C-6200,549.6,0.0,0.0,0.0,6,506.0,515.6,16,549.6,499.0,0.0,0.0,0.0,0.0,54
2023-05-10 09:40:29,MO2403-C-6200,MO2403-C-6200,549.6,0.0,0.0,0.0,6,506.0,515.6,2,549.6,499.0,0.0,0.0,0.0,0.0,54
2023-05-10 09:40:32,MO2403-C-6200,MO2403-C-6200,549.6,0.0,0.0,0.0,6,506.0,515.6,1,549.6,499.0,0.0,0.0,0.0,0.0,54
2023-05-10 09:40:37,MO2403-C-6200,MO2403-C-6200,549.6,0.0,0.0,0.0,1,506.6,515.6,1,549.6,499.0,0.0,0.0,0.0,0.0,54
2023-05-10 09:40:39,MO2403-C-6200,MO2403-C-6200,549.6,0.0,0.0,0.0,1,506.6,515.4,1,549.6,499.0,0.0,0.0,0.0,0.0,54
2023-05-10 09:40:40,MO2403-C-6200,MO2403-C-6200,549.6,0.0,0.0,0.0,1,506.6,515.6,15,549.6,499.0,0.0,0.0,0.0,0.0,54
2023-05-10 09:40:41,MO2403-C-6200,MO2403-C-6200,549.6,0.0,0.0,0.0,1,506.6,515.8,6,549.6,499.0,0.0,0.0,0.0,0.0,54
2023-05-10 09:40:45,MO2403-C-6200,MO2403-C-6200,549.6,0.0,0.0,0.0,1,506.6,515.8,7,549.6,499.0,0.0,0.0,0.0,0.0,54
2023-05-10 09:40:46,MO2403-C-6200,MO2403-C-6200,549.6,0.0,0.0,0.0,6,506.0,515.8,7,549.6,499.0,0.0,0.0,0.0,0.0,54
2023-05-10 09:40:55,MO2403-C-6200,MO2403-C-6200,549.6,0.0,0.0,0.0,6,506.0,515.6,1,549.6,499.0,0.0,0.0,0.0,0.0,54
2023-05-10 09:41:01,MO2403-C-6200,MO2403-C-6200,549.6,0.0,0.0,0.0,1,506.2,515.6,1,549.6,499.0,0.0,0.0,0.0,0.0,54
2023-05-10 09:41:05,MO2403-C-6200,MO2403-C-6200,549.6,0.0,0.0,0.0,1,506.2,515.8,21,549.6,499.0,0.0,0.0,0.0,0.0,54
2023-05-10 09:41:05,MO2403-C-6200,MO2403-C-6200,549.6,0.0,0.0,0.0,1,506.2,515.8,7,549.6,499.0,0.0,0.0,0.0,0.0,54
2023-05-10 09:41:15,MO2403-C-6200,MO2403-C-6200,549.6,0.0,0.0,0.0,1,506.2,515.6,1,549.6,499.0,0.0,0.0,0.0,0.0,54
2023-05-10 09:41:20,MO2403-C-6200,MO2403-C-6200,549.6,0.0,0.0,0.0,7,506.2,515.6,1,549.6,499.0,0.0,0.0,0.0,0.0,54
2023-05-10 09:41:21,MO2403-C-6200,MO2403-C-6200,549.6,0.0,0.0,0.0,6,506.2,515.6,1,549.6,499.0,0.0,0.0,0.0,0.0,54
2023-05-10 09:41:23,MO2403-C-6200,MO2403-C-6200,549.6,0.0,0.0,0.0,1,506.4,515.6,1,549.6,499.0,0.0,0.0,0.0,0.0,54
2023-05-10 09:41:25,MO2403-C-6200,MO2403-C-6200,549.6,0.0,0.0,0.0,6,506.4,515.4,1,549.6,499.0,0.0,0.0,0.0,0.0,54
2023-05-10 09:41:35,MO2403-C-6200,MO2403-C-6200,549.6,0.0,0.0,0.0,6,506.4,515.2,1,549.6,499.0,0.0,0.0,0.0,0.0,54
2023-05-10 09:41:39,MO2403-C-6200,MO2403-C-6200,549.6,0.0,0.0,0.0,30,505.6,515.2,1,549.6,499.0,0.0,0.0,0.0,0.0,54
2023-05-10 09:41:40,MO2403-C-6200,MO2403-C-6200,549.6,0.0,0.0,0.0,6,505.6,515.2,1,549.6,499.0,0.0,0.0,0.0,0.0,54
2023-05-10 09:41:40,MO2403-C-6200,MO2403-C-6200,549.6,0.0,0.0,0.0,18,505.4,515.2,1,549.6,499.0,0.0,0.0,0.0,0.0,54
2023-05-10 09:41:41,MO2403-C-6200,MO2403-C-6200,549.6,0.0,0.0,0.0,6,505.4,515.2,1,549.6,499.0,0.0,0.0,0.0,0.0,54
2023-05-10 09:41:41,MO2403-C-6200,MO2403-C-6200,549.6,0.0,0.0,0.0,18,505.2,515.2,1,549.6,499.0,0.0,0.0,0.0,0.0,54
2023-05-10 09:41:42,MO2403-C-6200,MO2403-C-6200,549.6,0.0,0.0,0.0,12,505.2,515.2,1,549.6,499.0,0.0,0.0,0.0,0.0,54
2023-05-10 09:41:43,MO2403-C-6200,MO2403-C-6200,549.6,0.0,0.0,0.0,6,505.2,515.2,1,549.6,499.0,0.0,0.0,0.0,0.0,54
2023-05-10 09:41:45,MO2403-C-6200,MO2403-C-6200,549.6,0.0,0.0,0.0,6,505.2,515.0,1,549.6,499.0,0.0,0.0,0.0,0.0,54
2023-05-10 09:41:48,MO2403-C-6200,MO2403-C-6200,549.6,0.0,0.0,0.0,30,505.0,515.0,1,549.6,499.0,0.0,0.0,0.0,0.0,54
2023-05-10 09:41:48,MO2403-C-6200,MO2403-C-6200,549.6,0.0,0.0,0.0,6,505.2,515.0,1,549.6,499.0,0.0,0.0,0.0,0.0,54
2023-05-10 09:41:51,MO2403-C-6200,MO2403-C-6200,549.6,0.0,0.0,0.0,6,506.0,515.0,1,549.6,499.0,0.0,0.0,0.0,0.0,54
2023-05-10 09:41:52,MO2403-C-6200,MO2403-C-6200,549.6,0.0,0.0,0.0,12,506.0,515.0,1,549.6,499.0,0.0,0.0,0.0,0.0,54
2023-05-10 09:41:52,MO2403-C-6200,MO2403-C-6200,549.6,0.0,0.0,0.0,6,506.0,515.0,1,549.6,499.0,0.0,0.0,0.0,0.0,54
2023-05-10 09:41:55,MO2403-C-6200,MO2403-C-6200,549.6,0.0,0.0,0.0,6,506.0,514.8,1,549.6,499.0,0.0,0.0,0.0,0.0,54
2023-05-10 09:41:57,MO2403-C-6200,MO2403-C-6200,549.6,0.0,0.0,0.0,18,505.0,514.8,1,549.6,499.0,0.0,0.0,0.0,0.0,54
2023-05-10 09:42:04,MO2403-C-6200,MO2403-C-6200,549.6,0.0,0.0,0.0,24,505.0,514.8,1,549.6,499.0,0.0,0.0,0.0,0.0,54
2023-05-10 09:42:05,MO2403-C-6200,MO2403-C-6200,549.6,0.0,0.0,0.0,24,505.0,514.6,1,549.6,499.0,0.0,0.0,0.0,0.0,54
2023-05-10 09:42:13,MO2403-C-6200,MO2403-C-6200,549.6,0.0,0.0,0.0,1,505.2,514.6,1,549.6,499.0,0.0,0.0,0.0,0.0,54
2023-05-10 09:42:14,MO2403-C-6200,MO2403-C-6200,549.6,0.0,0.0,0.0,7,505.2,514.6,1,549.6,499.0,0.0,0.0,0.0,0.0,54
2023-05-10 09:42:15,MO2403-C-6200,MO2403-C-6200,549.6,0.0,0.0,0.0,7,505.2,514.4,1,549.6,499.0,0.0,0.0,0.0,0.0,54
2023-05-10 09:42:24,MO2403-C-6200,MO2403-C-6200,549.6,0.0,0.0,0.0,1,506.0,514.4,1,549.6,499.0,0.0,0.0,0.0,0.0,54
2023-05-10 09:42:25,MO2403-C-6200,MO2403-C-6200,549.6,0.0,0.0,0.0,1,506.0,514.2,1,549.6,499.0,0.0,0.0,0.0,0.0,54
2023-05-10 09:42:27,MO2403-C-6200,MO2403-C-6200,549.6,0.0,0.0,0.0,6,505.2,514.2,1,549.6,499.0,0.0,0.0,0.0,0.0,54
2023-05-10 09:42:35,MO2403-C-6200,MO2403-C-6200,549.6,0.0,0.0,0.0,6,505.2,514.0,1,549.6,499.0,0.0,0.0,0.0,0.0,54
2023-05-10 09:42:39,MO2403-C-6200,MO2403-C-6200,549.6,0.0,0.0,0.0,1,505.8,514.0,1,549.6,499.0,0.0,0.0,0.0,0.0,54
2023-05-10 09:42:45,MO2403-C-6200,MO2403-C-6200,549.6,0.0,0.0,0.0,1,505.8,513.8,1,549.6,499.0,0.0,0.0,0.0,0.0,54
2023-05-10 09:42:57,MO2403-C-6200,MO2403-C-6200,549.6,0.0,0.0,0.0,1,505.8,513.6,1,549.6,499.0,0.0,0.0,0.0,0.0,54
2023-05-10 09:42:58,MO2403-C-6200,MO2403-C-6200,549.6,0.0,0.0,0.0,6,505.2,513.6,1,549.6,499.0,0.0,0.0,0.0,0.0,54
2023-05-10 09:43:02,MO2403-C-6200,MO2403-C-6200,549.6,0.0,0.0,0.0,1,506.2,513.6,1,549.6,499.0,0.0,0.0,0.0,0.0,54
2023-05-10 09:43:05,MO2403-C-6200,MO2403-C-6200,549.6,0.0,0.0,0.0,7,505.2,513.6,1,549.6,499.0,0.0,0.0,0.0,0.0,54
2023-05-10 09:43:06,MO2403-C-6200,MO2403-C-6200,549.6,0.0,0.0,0.0,1,506.2,513.6,1,549.6,499.0,0.0,0.0,0.0,0.0,54
2023-05-10 09:43:06,MO2403-C-6200,MO2403-C-6200,549.6,0.0,0.0,0.0,7,506.2,513.6,1,549.6,499.0,0.0,0.0,0.0,0.0,54
2023-05-10 09:43:07,MO2403-C-6200,MO2403-C-6200,549.6,0.0,0.0,0.0,6,506.2,513.4,1,549.6,499.0,0.0,0.0,0.0,0.0,54
2023-05-10 09:43:17,MO2403-C-6200,MO2403-C-6200,549.6,0.0,0.0,0.0,24,505.0,513.2,1,549.6,499.0,0.0,0.0,0.0,0.0,54
2023-05-10 09:43:17,MO2403-C-6200,MO2403-C-6200,549.6,0.0,0.0,0.0,12,505.0,513.2,1,549.6,499.0,0.0,0.0,0.0,0.0,54
2023-05-10 09:43:18,MO2403-C-6200,MO2403-C-6200,549.6,0.0,0.0,0.0,6,505.0,513.2,1,549.6,499.0,0.0,0.0,0.0,0.0,54
2023-05-10 09:43:27,MO2403-C-6200,MO2403-C-6200,549.6,0.0,0.0,0.0,6,505.0,513.0,1,549.6,499.0,0.0,0.0,0.0,0.0,54
2023-05-10 09:43:32,MO2403-C-6200,MO2403-C-6200,549.6,0.0,0.0,0.0,1,505.2,513.0,1,549.6,499.0,0.0,0.0,0.0,0.0,54
2023-05-10 09:43:35,MO2403-C-6200,MO2403-C-6200,549.6,0.0,0.0,0.0,7,505.2,513.0,1,549.6,499.0,0.0,0.0,0.0,0.0,54
2023-05-10 09:43:35,MO2403-C-6200,MO2403-C-6200,549.6,0.0,0.0,0.0,1,506.4,513.0,1,549.6,499.0,0.0,0.0,0.0,0.0,54
2023-05-10 09:43:37,MO2403-C-6200,MO2403-C-6200,549.6,0.0,0.0,0.0,7,506.4,513.0,1,549.6,499.0,0.0,0.0,0.0,0.0,54
2023-05-10 09:43:37,MO2403-C-6200,MO2403-C-6200,549.6,0.0,0.0,0.0,7,506.4,512.8,1,549.6,499.0,0.0,0.0,0.0,0.0,54
2023-05-10 09:43:40,MO2403-C-6200,MO2403-C-6200,549.6,0.0,0.0,0.0,6,506.4,512.8,1,549.6,499.0,0.0,0.0,0.0,0.0,54
2023-05-10 09:43:45,MO2403-C-6200,MO2403-C-6200,549.6,0.0,0.0,0.0,1,506.6,512.8,1,549.6,499.0,0.0,0.0,0.0,0.0,54
2023-05-10 09:43:46,MO2403-C-6200,MO2403-C-6200,549.6,0.0,0.0,0.0,7,506.6,512.8,1,549.6,499.0,0.0,0.0,0.0,0.0,54
2023-05-10 09:43:47,MO2403-C-6200,MO2403-C-6200,549.6,0.0,0.0,0.0,7,506.6,512.6,1,549.6,499.0,0.0,0.0,0.0,0.0,54
2023-05-10 09:43:51,MO2403-C-6200,MO2403-C-6200,549.6,0.0,0.0,0.0,6,506.6,512.6,1,549.6,499.0,0.0,0.0,0.0,0.0,54
2023-05-10 09:43:57,MO2403-C-6200,MO2403-C-6200,549.6,0.0,0.0,0.0,6,506.6,512.4,1,549.6,499.0,0.0,0.0,0.0,0.0,54
2023-05-10 09:44:00,MO2403-C-6200,MO2403-C-6200,549.6,0.0,0.0,0.0,6,505.2,512.4,1,549.6,499.0,0.0,0.0,0.0,0.0,54
2023-05-10 09:44:07,MO2403-C-6200,MO2403-C-6200,549.6,0.0,0.0,0.0,6,505.2,512.2,1,549.6,499.0,0.0,0.0,0.0,0.0,54
2023-05-10 09:44:12,MO2403-C-6200,MO2403-C-6200,549.6,0.0,0.0,0.0,1,505.4,512.2,1,549.6,499.0,0.0,0.0,0.0,0.0,54
2023-05-10 09:44:17,MO2403-C-6200,MO2403-C-6200,549.6,0.0,0.0,0.0,1,505.4,512.0,1,549.6,499.0,0.0,0.0,0.0,0.0,54
2023-05-10 09:44:19,MO2403-C-6200,MO2403-C-6200,549.6,0.0,0.0,0.0,1,505.4,512.2,15,549.6,499.0,0.0,0.0,0.0,0.0,54
2023-05-10 09:44:19,MO2403-C-6200,MO2403-C-6200,549.6,0.0,0.0,0.0,1,505.4,512.4,6,549.6,499.0,0.0,0.0,0.0,0.0,54
2023-05-10 09:44:20,MO2403-C-6200,MO2403-C-6200,549.6,0.0,0.0,0.0,1,505.4,512.6,21,549.6,499.0,0.0,0.0,0.0,0.0,54
2023-05-10 09:44:20,MO2403-C-6200,MO2403-C-6200,549.6,0.0,0.0,0.0,1,505.4,512.6,6,549.6,499.0,0.0,0.0,0.0,0.0,54
2023-05-10 09:44:21,MO2403-C-6200,MO2403-C-6200,549.6,0.0,0.0,0.0,1,505.4,512.8,21,549.6,499.0,0.0,0.0,0.0,0.0,54
2023-05-10 09:44:21,MO2403-C-6200,MO2403-C-6200,549.6,0.0,0.0,0.0,1,505.4,512.8,6,549.6,499.0,0.0,0.0,0.0,0.0,54
2023-05-10 09:44:22,MO2403-C-6200,MO2403-C-6200,549.6,0.0,0.0,0.0,1,505.4,513.0,22,549.6,499.0,0.0,0.0,0.0,0.0,54
2023-05-10 09:44:22,MO2403-C-6200,MO2403-C-6200,549.6,0.0,0.0,0.0,1,505.4,513.0,7,549.6,499.0,0.0,0.0,0.0,0.0,54
2023-05-10 09:44:23,MO2403-C-6200,MO2403-C-6200,549.6,0.0,0.0,0.0,1,505.4,513.0,1,549.6,499.0,0.0,0.0,0.0,0.0,54
2023-05-10 09:44:26,MO2403-C-6200,MO2403-C-6200,549.6,0.0,0.0,0.0,6,505.2,513.0,1,549.6,499.0,0.0,0.0,0.0,0.0,54
2023-05-10 09:44:28,MO2403-C-6200,MO2403-C-6200,549.6,0.0,0.0,0.0,1,505.4,513.0,1,549.6,499.0,0.0,0.0,0.0,0.0,54
2023-05-10 09:44:29,MO2403-C-6200,MO2403-C-6200,549.6,0.0,0.0,0.0,6,505.2,513.0,1,549.6,499.0,0.0,0.0,0.0,0.0,54
2023-05-10 09:44:29,MO2403-C-6200,MO2403-C-6200,549.6,0.0,0.0,0.0,6,505.2,512.8,1,549.6,499.0,0.0,0.0,0.0,0.0,54
2023-05-10 09:44:39,MO2403-C-6200,MO2403-C-6200,549.6,0.0,0.0,0.0,6,505.2,512.6,1,549.6,499.0,0.0,0.0,0.0,0.0,54
2023-05-10 09:44:46,MO2403-C-6200,MO2403-C-6200,549.6,0.0,0.0,0.0,24,504.2,512.6,1,549.6,499.0,0.0,0.0,0.0,0.0,54
2023-05-10 09:44:46,MO2403-C-6200,MO2403-C-6200,549.6,0.0,0.0,0.0,18,504.2,512.6,1,549.6,499.0,0.0,0.0,0.0,0.0,54
2023-05-10 09:44:49,MO2403-C-6200,MO2403-C-6200,549.6,0.0,0.0,0.0,18,504.2,512.4,1,549.6,499.0,0.0,0.0,0.0,0.0,54
2023-05-10 09:44:53,MO2403-C-6200,MO2403-C-6200,549.6,0.0,0.0,0.0,12,504.2,512.4,1,549.6,499.0,0.0,0.0,0.0,0.0,54
2023-05-10 09:44:54,MO2403-C-6200,MO2403-C-6200,549.6,0.0,0.0,0.0,6,504.2,512.4,1,549.6,499.0,0.0,0.0,0.0,0.0,54
2023-05-10 09:44:59,MO2403-C-6200,MO2403-C-6200,549.6,0.0,0.0,0.0,6,504.2,512.2,1,549.6,499.0,0.0,0.0,0.0,0.0,54
2023-05-10 09:45:08,MO2403-C-6200,MO2403-C-6200,549.6,0.0,0.0,0.0,12,503.8,512.2,1,549.6,499.0,0.0,0.0,0.0,0.0,54
2023-05-10 09:45:08,MO2403-C-6200,MO2403-C-6200,549.6,0.0,0.0,0.0,6,503.8,512.2,1,549.6,499.0,0.0,0.0,0.0,0.0,54
2023-05-10 09:45:09,MO2403-C-6200,MO2403-C-6200,549.6,0.0,0.0,0.0,6,503.8,512.0,1,549.6,499.0,0.0,0.0,0.0,0.0,54
2023-05-10 09:45:17,MO2403-C-6200,MO2403-C-6200,549.6,0.0,0.0,0.0,12,503.8,512.0,1,549.6,499.0,0.0,0.0,0.0,0.0,54
2023-05-10 09:45:19,MO2403-C-6200,MO2403-C-6200,549.6,0.0,0.0,0.0,6,503.8,512.0,1,549.6,499.0,0.0,0.0,0.0,0.0,54
2023-05-10 09:45:19,MO2403-C-6200,MO2403-C-6200,549.6,0.0,0.0,0.0,6,503.8,511.8,1,549.6,499.0,0.0,0.0,0.0,0.0,54
2023-05-10 09:45:23,MO2403-C-6200,MO2403-C-6200,549.6,0.0,0.0,0.0,18,503.6,511.8,1,549.6,499.0,0.0,0.0,0.0,0.0,54
2023-05-10 09:45:23,MO2403-C-6200,MO2403-C-6200,549.6,0.0,0.0,0.0,6,503.6,511.8,1,549.6,499.0,0.0,0.0,0.0,0.0,54
2023-05-10 09:45:24,MO2403-C-6200,MO2403-C-6200,549.6,0.0,0.0,0.0,36,503.0,511.8,1,549.6,499.0,0.0,0.0,0.0,0.0,54
2023-05-10 09:45:24,MO2403-C-6200,MO2403-C-6200,549.6,0.0,0.0,0.0,24,503.0,511.8,1,549.6,499.0,0.0,0.0,0.0,0.0,54
2023-05-10 09:45:25,MO2403-C-6200,MO2403-C-6200,549.6,0.0,0.0,0.0,18,503.0,511.8,1,549.6,499.0,0.0,0.0,0.0,0.0,54
2023-05-10 09:45:29,MO2403-C-6200,MO2403-C-6200,549.6,0.0,0.0,0.0,18,503.0,511.6,1,549.6,499.0,0.0,0.0,0.0,0.0,54
2023-05-10 09:45:39,MO2403-C-6200,MO2403-C-6200,549.6,0.0,0.0,0.0,18,503.0,511.4,1,549.6,499.0,0.0,0.0,0.0,0.0,54
2023-05-10 09:45:47,MO2403-C-6200,MO2403-C-6200,549.6,0.0,0.0,0.0,24,503.0,511.4,1,549.6,499.0,0.0,0.0,0.0,0.0,54
2023-05-10 09:45:48,MO2403-C-6200,MO2403-C-6200,549.6,0.0,0.0,0.0,6,503.6,511.4,1,549.6,499.0,0.0,0.0,0.0,0.0,54
2023-05-10 09:45:50,MO2403-C-6200,MO2403-C-6200,549.6,0.0,0.0,0.0,6,503.6,511.2,1,549.6,499.0,0.0,0.0,0.0,0.0,54
2023-05-10 09:45:56,MO2403-C-6200,MO2403-C-6200,549.6,0.0,0.0,0.0,12,503.6,511.4,21,549.6,499.0,0.0,0.0,0.0,0.0,54
2023-05-10 09:45:57,MO2403-C-6200,MO2403-C-6200,549.6,0.0,0.0,0.0,12,503.6,511.4,6,549.6,499.0,0.0,0.0,0.0,0.0,54
2023-05-10 09:45:57,MO2403-C-6200,MO2403-C-6200,549.6,0.0,0.0,0.0,12,503.6,511.6,21,549.6,499.0,0.0,0.0,0.0,0.0,54
2023-05-10 09:45:58,MO2403-C-6200,MO2403-C-6200,549.6,0.0,0.0,0.0,12,503.6,511.6,6,549.6,499.0,0.0,0.0,0.0,0.0,54
2023-05-10 09:45:58,MO2403-C-6200,MO2403-C-6200,549.6,0.0,0.0,0.0,12,503.6,511.8,22,549.6,499.0,0.0,0.0,0.0,0.0,54
2023-05-10 09:45:59,MO2403-C-6200,MO2403-C-6200,549.6,0.0,0.0,0.0,12,503.6,511.8,7,549.6,499.0,0.0,0.0,0.0,0.0,54
2023-05-10 09:45:59,MO2403-C-6200,MO2403-C-6200,549.6,0.0,0.0,0.0,12,503.6,511.8,1,549.6,499.0,0.0,0.0,0.0,0.0,54
2023-05-10 09:46:00,MO2403-C-6200,MO2403-C-6200,549.6,0.0,0.0,0.0,1,503.8,511.8,1,549.6,499.0,0.0,0.0,0.0,0.0,54
2023-05-10 09:46:01,MO2403-C-6200,MO2403-C-6200,549.6,0.0,0.0,0.0,1,503.8,512.0,27,549.6,499.0,0.0,0.0,0.0,0.0,54
2023-05-10 09:46:02,MO2403-C-6200,MO2403-C-6200,549.6,0.0,0.0,0.0,1,503.8,512.0,6,549.6,499.0,0.0,0.0,0.0,0.0,54
2023-05-10 09:46:02,MO2403-C-6200,MO2403-C-6200,549.6,0.0,0.0,0.0,1,503.8,512.2,21,549.6,499.0,0.0,0.0,0.0,0.0,54
2023-05-10 09:46:03,MO2403-C-6200,MO2403-C-6200,549.6,0.0,0.0,0.0,7,503.8,512.2,6,549.6,499.0,0.0,0.0,0.0,0.0,54
2023-05-10 09:46:03,MO2403-C-6200,MO2403-C-6200,549.6,0.0,0.0,0.0,1,504.6,512.4,21,549.6,499.0,0.0,0.0,0.0,0.0,54
2023-05-10 09:46:04,MO2403-C-6200,MO2403-C-6200,549.6,0.0,0.0,0.0,1,504.6,512.4,6,549.6,499.0,0.0,0.0,0.0,0.0,54
2023-05-10 09:46:04,MO2403-C-6200,MO2403-C-6200,549.6,0.0,0.0,0.0,1,504.6,512.6,21,549.6,499.0,0.0,0.0,0.0,0.0,54
2023-05-10 09:46:05,MO2403-C-6200,MO2403-C-6200,549.6,0.0,0.0,0.0,1,504.6,512.6,6,549.6,499.0,0.0,0.0,0.0,0.0,54
2023-05-10 09:46:05,MO2403-C-6200,MO2403-C-6200,549.6,0.0,0.0,0.0,1,504.6,512.8,27,549.6,499.0,0.0,0.0,0.0,0.0,54
2023-05-10 09:46:06,MO2403-C-6200,MO2403-C-6200,549.6,0.0,0.0,0.0,1,504.6,512.8,12,549.6,499.0,0.0,0.0,0.0,0.0,54
2023-05-10 09:46:06,MO2403-C-6200,MO2403-C-6200,549.6,0.0,0.0,0.0,1,504.6,512.8,6,549.6,499.0,0.0,0.0,0.0,0.0,54
2023-05-10 09:46:09,MO2403-C-6200,MO2403-C-6200,549.6,0.0,0.0,0.0,19,503.6,512.6,1,549.6,499.0,0.0,0.0,0.0,0.0,54
2023-05-10 09:46:10,MO2403-C-6200,MO2403-C-6200,549.6,0.0,0.0,0.0,18,503.6,512.6,1,549.6,499.0,0.0,0.0,0.0,0.0,54
2023-05-10 09:46:15,MO2403-C-6200,MO2403-C-6200,549.6,0.0,0.0,0.0,18,503.6,512.8,15,549.6,499.0,0.0,0.0,0.0,0.0,54
2023-05-10 09:46:15,MO2403-C-6200,MO2403-C-6200,549.6,0.0,0.0,0.0,18,503.6,513.0,18,549.6,499.0,0.0,0.0,0.0,0.0,54
2023-05-10 09:46:16,MO2403-C-6200,MO2403-C-6200,549.6,0.0,0.0,0.0,18,503.6,513.0,6,549.6,499.0,0.0,0.0,0.0,0.0,54
2023-05-10 09:46:16,MO2403-C-6200,MO2403-C-6200,549.6,0.0,0.0,0.0,18,503.6,513.2,22,549.6,499.0,0.0,0.0,0.0,0.0,54
2023-05-10 09:46:17,MO2403-C-6200,MO2403-C-6200,549.6,0.0,0.0,0.0,1,504.0,513.2,7,549.6,499.0,0.0,0.0,0.0,0.0,54
2023-05-10 09:46:17,MO2403-C-6200,MO2403-C-6200,549.6,0.0,0.0,0.0,6,505.2,513.4,21,549.6,499.0,0.0,0.0,0.0,0.0,54
2023-05-10 09:46:18,MO2403-C-6200,MO2403-C-6200,549.6,0.0,0.0,0.0,6,505.2,513.4,6,549.6,499.0,0.0,0.0,0.0,0.0,54
2023-05-10 09:46:18,MO2403-C-6200,MO2403-C-6200,549.6,0.0,0.0,0.0,12,505.2,513.6,15,549.6,499.0,0.0,0.0,0.0,0.0,54
2023-05-10 09:46:19,MO2403-C-6200,MO2403-C-6200,549.6,0.0,0.0,0.0,12,505.2,513.8,6,549.6,499.0,0.0,0.0,0.0,0.0,54
2023-05-10 09:46:19,MO2403-C-6200,MO2403-C-6200,549.6,0.0,0.0,0.0,12,505.2,514.0,21,549.6,499.0,0.0,0.0,0.0,0.0,54
2023-05-10 09:46:20,MO2403-C-6200,MO2403-C-6200,549.6,0.0,0.0,0.0,1,505.8,514.0,6,549.6,499.0,0.0,0.0,0.0,0.0,54
2023-05-10 09:46:20,MO2403-C-6200,MO2403-C-6200,549.6,0.0,0.0,0.0,1,505.8,514.2,21,549.6,499.0,0.0,0.0,0.0,0.0,54
2023-05-10 09:46:21,MO2403-C-6200,MO2403-C-6200,549.6,0.0,0.0,0.0,1,505.8,514.2,6,549.6,499.0,0.0,0.0,0.0,0.0,54
2023-05-10 09:46:21,MO2403-C-6200,MO2403-C-6200,549.6,0.0,0.0,0.0,1,505.8,514.4,27,549.6,499.0,0.0,0.0,0.0,0.0,54
2023-05-10 09:46:22,MO2403-C-6200,MO2403-C-6200,549.6,0.0,0.0,0.0,1,505.8,514.4,6,549.6,499.0,0.0,0.0,0.0,0.0,54
2023-05-10 09:46:22,MO2403-C-6200,MO2403-C-6200,549.6,0.0,0.0,0.0,1,505.8,514.6,33,549.6,499.0,0.0,0.0,0.0,0.0,54
2023-05-10 09:46:23,MO2403-C-6200,MO2403-C-6200,549.6,0.0,0.0,0.0,1,505.8,514.6,6,549.6,499.0,0.0,0.0,0.0,0.0,54
2023-05-10 09:46:23,MO2403-C-6200,MO2403-C-6200,549.6,0.0,0.0,0.0,1,505.8,514.8,21,549.6,499.0,0.0,0.0,0.0,0.0,54
2023-05-10 09:46:24,MO2403-C-6200,MO2403-C-6200,549.6,0.0,0.0,0.0,1,505.8,514.8,6,549.6,499.0,0.0,0.0,0.0,0.0,54
2023-05-10 09:46:24,MO2403-C-6200,MO2403-C-6200,549.6,0.0,0.0,0.0,1,505.8,515.0,21,549.6,499.0,0.0,0.0,0.0,0.0,54
2023-05-10 09:46:25,MO2403-C-6200,MO2403-C-6200,549.6,0.0,0.0,0.0,1,505.8,515.0,7,549.6,499.0,0.0,0.0,0.0,0.0,54
2023-05-10 09:46:25,MO2403-C-6200,MO2403-C-6200,549.6,0.0,0.0,0.0,7,505.8,515.0,1,549.6,499.0,0.0,0.0,0.0,0.0,54
2023-05-10 09:46:27,MO2403-C-6200,MO2403-C-6200,549.6,0.0,0.0,0.0,6,505.8,515.0,1,549.6,499.0,0.0,0.0,0.0,0.0,54
2023-05-10 09:46:35,MO2403-C-6200,MO2403-C-6200,549.6,0.0,0.0,0.0,6,505.8,514.8,1,549.6,499.0,0.0,0.0,0.0,0.0,54
2023-05-10 09:46:45,MO2403-C-6200,MO2403-C-6200,549.6,0.0,0.0,0.0,6,505.8,514.6,1,549.6,499.0,0.0,0.0,0.0,0.0,54
2023-05-10 09:46:47,MO2403-C-6200,MO2403-C-6200,549.6,0.0,0.0,0.0,7,505.8,514.6,1,549.6,499.0,0.0,0.0,0.0,0.0,54
2023-05-10 09:46:49,MO2403-C-6200,MO2403-C-6200,549.6,0.0,0.0,0.0,1,507.0,514.6,1,549.6,499.0,0.0,0.0,0.0,0.0,54
2023-05-10 09:46:50,MO2403-C-6200,MO2403-C-6200,549.6,0.0,0.0,0.0,1,506.0,514.6,1,549.6,499.0,0.0,0.0,0.0,0.0,54
2023-05-10 09:46:51,MO2403-C-6200,MO2403-C-6200,549.6,0.0,0.0,0.0,7,506.0,514.6,1,549.6,499.0,0.0,0.0,0.0,0.0,54
2023-05-10 09:46:55,MO2403-C-6200,MO2403-C-6200,549.6,0.0,0.0,0.0,7,506.0,514.4,1,549.6,499.0,0.0,0.0,0.0,0.0,54
2023-05-10 09:46:55,MO2403-C-6200,MO2403-C-6200,549.6,0.0,0.0,0.0,6,506.0,514.4,1,549.6,499.0,0.0,0.0,0.0,0.0,54
2023-05-10 09:46:59,MO2403-C-6200,MO2403-C-6200,549.6,0.0,0.0,0.0,7,506.0,514.4,1,549.6,499.0,0.0,0.0,0.0,0.0,54
2023-05-10 09:47:03,MO2403-C-6200,MO2403-C-6200,549.6,0.0,0.0,0.0,1,506.8,514.4,1,549.6,499.0,0.0,0.0,0.0,0.0,54
2023-05-10 09:47:05,MO2403-C-6200,MO2403-C-6200,549.6,0.0,0.0,0.0,1,506.8,514.2,1,549.6,499.0,0.0,0.0,0.0,0.0,54
2023-05-10 09:47:07,MO2403-C-6200,MO2403-C-6200,549.6,0.0,0.0,0.0,1,506.8,514.4,15,549.6,499.0,0.0,0.0,0.0,0.0,54
2023-05-10 09:47:07,MO2403-C-6200,MO2403-C-6200,549.6,0.0,0.0,0.0,1,506.8,514.6,6,549.6,499.0,0.0,0.0,0.0,0.0,54
2023-05-10 09:47:08,MO2403-C-6200,MO2403-C-6200,549.6,0.0,0.0,0.0,6,507.0,514.8,34,549.6,499.0,0.0,0.0,0.0,0.0,54
2023-05-10 09:47:08,MO2403-C-6200,MO2403-C-6200,549.6,0.0,0.0,0.0,1,508.2,514.8,7,549.6,499.0,0.0,0.0,0.0,0.0,54
2023-05-10 09:47:09,MO2403-C-6200,MO2403-C-6200,549.6,0.0,0.0,0.0,1,508.2,514.8,1,549.6,499.0,0.0,0.0,0.0,0.0,54
2023-05-10 09:47:09,MO2403-C-6200,MO2403-C-6200,549.6,0.0,0.0,0.0,7,508.2,514.8,1,549.6,499.0,0.0,0.0,0.0,0.0,54
2023-05-10 09:47:11,MO2403-C-6200,MO2403-C-6200,549.6,0.0,0.0,0.0,6,508.2,514.8,1,549.6,499.0,0.0,0.0,0.0,0.0,54
2023-05-10 09:47:12,MO2403-C-6200,MO2403-C-6200,549.6,0.0,0.0,0.0,1,508.8,514.8,1,549.6,499.0,0.0,0.0,0.0,0.0,54
2023-05-10 09:47:18,MO2403-C-6200,MO2403-C-6200,549.6,0.0,0.0,0.0,1,508.8,514.6,1,549.6,499.0,0.0,0.0,0.0,0.0,54
2023-05-10 09:47:19,MO2403-C-6200,MO2403-C-6200,549.6,0.0,0.0,0.0,1,508.8,514.8,15,549.6,499.0,0.0,0.0,0.0,0.0,54
2023-05-10 09:47:20,MO2403-C-6200,MO2403-C-6200,549.6,0.0,0.0,0.0,1,508.8,515.0,6,549.6,499.0,0.0,0.0,0.0,0.0,54
2023-05-10 09:47:20,MO2403-C-6200,MO2403-C-6200,549.6,0.0,0.0,0.0,1,508.8,515.0,1,549.6,499.0,0.0,0.0,0.0,0.0,54
2023-05-10 09:47:27,MO2403-C-6200,MO2403-C-6200,549.6,0.0,0.0,0.0,6,508.2,515.0,1,549.6,499.0,0.0,0.0,0.0,0.0,54
2023-05-10 09:47:30,MO2403-C-6200,MO2403-C-6200,549.6,0.0,0.0,0.0,6,508.2,514.8,1,549.6,499.0,0.0,0.0,0.0,0.0,54
2023-05-10 09:47:36,MO2403-C-6200,MO2403-C-6200,549.6,0.0,0.0,0.0,1,508.6,514.8,1,549.6,499.0,0.0,0.0,0.0,0.0,54
2023-05-10 09:47:40,MO2403-C-6200,MO2403-C-6200,549.6,0.0,0.0,0.0,1,508.6,514.6,1,549.6,499.0,0.0,0.0,0.0,0.0,54
2023-05-10 09:47:42,MO2403-C-6200,MO2403-C-6200,549.6,0.0,0.0,0.0,6,508.2,514.6,1,549.6,499.0,0.0,0.0,0.0,0.0,54
2023-05-10 09:47:42,MO2403-C-6200,MO2403-C-6200,549.6,0.0,0.0,0.0,1,508.4,514.6,1,549.6,499.0,0.0,0.0,0.0,0.0,54
2023-05-10 09:47:54,MO2403-C-6200,MO2403-C-6200,549.6,0.0,0.0,0.0,6,508.2,514.4,1,549.6,499.0,0.0,0.0,0.0,0.0,54
2023-05-10 09:47:57,MO2403-C-6200,MO2403-C-6200,549.6,0.0,0.0,0.0,1,507.8,514.4,1,549.6,499.0,0.0,0.0,0.0,0.0,54
2023-05-10 09:48:04,MO2403-C-6200,MO2403-C-6200,549.6,0.0,0.0,0.0,1,507.8,514.2,1,549.6,499.0,0.0,0.0,0.0,0.0,54
2023-05-10 09:48:07,MO2403-C-6200,MO2403-C-6200,549.6,0.0,0.0,0.0,18,507.0,514.2,1,549.6,499.0,0.0,0.0,0.0,0.0,54
2023-05-10 09:48:09,MO2403-C-6200,MO2403-C-6200,549.6,0.0,0.0,0.0,1,507.6,514.2,1,549.6,499.0,0.0,0.0,0.0,0.0,54
2023-05-10 09:48:10,MO2403-C-6200,MO2403-C-6200,549.6,0.0,0.0,0.0,1,507.6,514.4,15,549.6,499.0,0.0,0.0,0.0,0.0,54
2023-05-10 09:48:10,MO2403-C-6200,MO2403-C-6200,549.6,0.0,0.0,0.0,1,507.6,514.6,6,549.6,499.0,0.0,0.0,0.0,0.0,54
2023-05-10 09:48:11,MO2403-C-6200,MO2403-C-6200,549.6,0.0,0.0,0.0,1,507.6,514.8,21,549.6,499.0,0.0,0.0,0.0,0.0,54
2023-05-10 09:48:11,MO2403-C-6200,MO2403-C-6200,549.6,0.0,0.0,0.0,1,507.6,514.8,6,549.6,499.0,0.0,0.0,0.0,0.0,54
2023-05-10 09:48:12,MO2403-C-6200,MO2403-C-6200,549.6,0.0,0.0,0.0,1,507.6,515.0,21,549.6,499.0,0.0,0.0,0.0,0.0,54
2023-05-10 09:48:12,MO2403-C-6200,MO2403-C-6200,549.6,0.0,0.0,0.0,1,507.6,515.0,6,549.6,499.0,0.0,0.0,0.0,0.0,54
2023-05-10 09:48:13,MO2403-C-6200,MO2403-C-6200,549.6,0.0,0.0,0.0,1,507.6,515.2,22,549.6,499.0,0.0,0.0,0.0,0.0,54
2023-05-10 09:48:13,MO2403-C-6200,MO2403-C-6200,549.6,0.0,0.0,0.0,1,507.6,515.2,7,549.6,499.0,0.0,0.0,0.0,0.0,54
2023-05-10 09:48:14,MO2403-C-6200,MO2403-C-6200,549.6,0.0,0.0,0.0,1,507.6,515.2,1,549.6,499.0,0.0,0.0,0.0,0.0,54
2023-05-10 09:48:16,MO2403-C-6200,MO2403-C-6200,549.6,0.0,0.0,0.0,18,507.0,515.2,1,549.6,499.0,0.0,0.0,0.0,0.0,54
2023-05-10 09:48:17,MO2403-C-6200,MO2403-C-6200,549.6,0.0,0.0,0.0,12,507.0,515.2,1,549.6,499.0,0.0,0.0,0.0,0.0,54
2023-05-10 09:48:17,MO2403-C-6200,MO2403-C-6200,549.6,0.0,0.0,0.0,6,507.0,515.2,1,549.6,499.0,0.0,0.0,0.0,0.0,54
2023-05-10 09:48:20,MO2403-C-6200,MO2403-C-6200,549.6,0.0,0.0,0.0,6,507.0,515.0,1,549.6,499.0,0.0,0.0,0.0,0.0,54
2023-05-10 09:48:22,MO2403-C-6200,MO2403-C-6200,549.6,0.0,0.0,0.0,12,506.6,515.0,1,549.6,499.0,0.0,0.0,0.0,0.0,54
2023-05-10 09:48:22,MO2403-C-6200,MO2403-C-6200,549.6,0.0,0.0,0.0,12,506.2,515.0,1,549.6,499.0,0.0,0.0,0.0,0.0,54
2023-05-10 09:48:23,MO2403-C-6200,MO2403-C-6200,549.6,0.0,0.0,0.0,6,506.2,515.0,1,549.6,499.0,0.0,0.0,0.0,0.0,54
2023-05-10 09:48:29,MO2403-C-6200,MO2403-C-6200,549.6,0.0,0.0,0.0,1,506.4,515.0,1,549.6,499.0,0.0,0.0,0.0,0.0,54
2023-05-10 09:48:30,MO2403-C-6200,MO2403-C-6200,549.6,0.0,0.0,0.0,1,506.4,514.8,1,549.6,499.0,0.0,0.0,0.0,0.0,54
2023-05-10 09:48:36,MO2403-C-6200,MO2403-C-6200,549.6,0.0,0.0,0.0,7,506.4,514.8,1,549.6,499.0,0.0,0.0,0.0,0.0,54
2023-05-10 09:48:36,MO2403-C-6200,MO2403-C-6200,549.6,0.0,0.0,0.0,1,508.0,514.8,1,549.6,499.0,0.0,0.0,0.0,0.0,54
2023-05-10 09:48:37,MO2403-C-6200,MO2403-C-6200,549.6,0.0,0.0,0.0,1,507.0,514.8,1,549.6,499.0,0.0,0.0,0.0,0.0,54
2023-05-10 09:48:38,MO2403-C-6200,MO2403-C-6200,549.6,0.0,0.0,0.0,7,507.0,514.8,1,549.6,499.0,0.0,0.0,0.0,0.0,54
2023-05-10 09:48:40,MO2403-C-6200,MO2403-C-6200,549.6,0.0,0.0,0.0,7,507.0,514.6,1,549.6,499.0,0.0,0.0,0.0,0.0,54
2023-05-10 09:48:44,MO2403-C-6200,MO2403-C-6200,549.6,0.0,0.0,0.0,1,507.8,514.8,21,549.6,499.0,0.0,0.0,0.0,0.0,54
2023-05-10 09:48:45,MO2403-C-6200,MO2403-C-6200,549.6,0.0,0.0,0.0,1,507.8,514.8,6,549.6,499.0,0.0,0.0,0.0,0.0,54
2023-05-10 09:48:45,MO2403-C-6200,MO2403-C-6200,549.6,0.0,0.0,0.0,1,507.8,515.0,21,549.6,499.0,0.0,0.0,0.0,0.0,54
2023-05-10 09:48:46,MO2403-C-6200,MO2403-C-6200,549.6,0.0,0.0,0.0,1,507.8,515.0,6,549.6,499.0,0.0,0.0,0.0,0.0,54
2023-05-10 09:48:46,MO2403-C-6200,MO2403-C-6200,549.6,0.0,0.0,0.0,7,507.8,515.2,28,549.6,499.0,0.0,0.0,0.0,0.0,54
2023-05-10 09:48:47,MO2403-C-6200,MO2403-C-6200,549.6,0.0,0.0,0.0,7,507.8,515.2,13,549.6,499.0,0.0,0.0,0.0,0.0,54
2023-05-10 09:48:54,MO2403-C-6200,MO2403-C-6200,549.6,0.0,0.0,0.0,7,507.8,515.0,1,549.6,499.0,0.0,0.0,0.0,0.0,54
2023-05-10 09:49:02,MO2403-C-6200,MO2403-C-6200,549.6,0.0,0.0,0.0,1,508.6,515.0,1,549.6,499.0,0.0,0.0,0.0,0.0,54
2023-05-10 09:49:03,MO2403-C-6200,MO2403-C-6200,549.6,0.0,0.0,0.0,7,508.6,515.0,1,549.6,499.0,0.0,0.0,0.0,0.0,54
2023-05-10 09:49:03,MO2403-C-6200,MO2403-C-6200,549.6,0.0,0.0,0.0,1,509.4,515.0,1,549.6,499.0,0.0,0.0,0.0,0.0,54
2023-05-10 09:49:04,MO2403-C-6200,MO2403-C-6200,549.6,0.0,0.0,0.0,1,509.4,515.2,21,549.6,499.0,0.0,0.0,0.0,0.0,54
2023-05-10 09:49:05,MO2403-C-6200,MO2403-C-6200,549.6,0.0,0.0,0.0,1,509.4,515.2,6,549.6,499.0,0.0,0.0,0.0,0.0,54
2023-05-10 09:49:05,MO2403-C-6200,MO2403-C-6200,549.6,0.0,0.0,0.0,1,509.4,515.4,21,549.6,499.0,0.0,0.0,0.0,0.0,54
2023-05-10 09:49:06,MO2403-C-6200,MO2403-C-6200,549.6,0.0,0.0,0.0,1,509.4,515.4,6,549.6,499.0,0.0,0.0,0.0,0.0,54
2023-05-10 09:49:06,MO2403-C-6200,MO2403-C-6200,549.6,0.0,0.0,0.0,1,509.4,515.6,33,549.6,499.0,0.0,0.0,0.0,0.0,54
2023-05-10 09:49:07,MO2403-C-6200,MO2403-C-6200,549.6,0.0,0.0,0.0,1,509.4,515.6,6,549.6,499.0,0.0,0.0,0.0,0.0,54
2023-05-10 09:49:07,MO2403-C-6200,MO2403-C-6200,549.6,0.0,0.0,0.0,1,509.4,515.8,28,549.6,499.0,0.0,0.0,0.0,0.0,54
2023-05-10 09:49:08,MO2403-C-6200,MO2403-C-6200,549.6,0.0,0.0,0.0,1,509.4,515.8,13,549.6,499.0,0.0,0.0,0.0,0.0,54
2023-05-10 09:49:08,MO2403-C-6200,MO2403-C-6200,549.6,0.0,0.0,0.0,1,509.4,515.8,7,549.6,499.0,0.0,0.0,0.0,0.0,54
2023-05-10 09:49:09,MO2403-C-6200,MO2403-C-6200,549.6,0.0,0.0,0.0,1,509.4,515.8,1,549.6,499.0,0.0,0.0,0.0,0.0,54
2023-05-10 09:49:14,MO2403-C-6200,MO2403-C-6200,549.6,0.0,0.0,0.0,1,509.4,515.6,1,549.6,499.0,0.0,0.0,0.0,0.0,54
2023-05-10 09:49:24,MO2403-C-6200,MO2403-C-6200,549.6,0.0,0.0,0.0,1,509.4,515.4,1,549.6,499.0,0.0,0.0,0.0,0.0,54
2023-05-10 09:49:25,MO2403-C-6200,MO2403-C-6200,549.6,0.0,0.0,0.0,6,508.6,515.4,1,549.6,499.0,0.0,0.0,0.0,0.0,54
2023-05-10 09:49:25,MO2403-C-6200,MO2403-C-6200,549.6,0.0,0.0,0.0,1,508.4,515.4,1,549.6,499.0,0.0,0.0,0.0,0.0,54
2023-05-10 09:49:35,MO2403-C-6200,MO2403-C-6200,549.6,0.0,0.0,0.0,7,508.4,515.6,15,549.6,499.0,0.0,0.0,0.0,0.0,54
2023-05-10 09:49:35,MO2403-C-6200,MO2403-C-6200,549.6,0.0,0.0,0.0,1,510.4,516.0,6,549.6,499.0,0.0,0.0,0.0,0.0,54
2023-05-10 09:49:36,MO2403-C-6200,MO2403-C-6200,549.6,0.0,0.0,0.0,1,510.4,516.2,22,549.6,499.0,0.0,0.0,0.0,0.0,54
2023-05-10 09:49:36,MO2403-C-6200,MO2403-C-6200,549.6,0.0,0.0,0.0,1,510.4,516.2,7,549.6,499.0,0.0,0.0,0.0,0.0,54
2023-05-10 09:49:37,MO2403-C-6200,MO2403-C-6200,549.6,0.0,0.0,0.0,1,509.6,516.2,1,549.6,499.0,0.0,0.0,0.0,0.0,54
2023-05-10 09:49:39,MO2403-C-6200,MO2403-C-6200,549.6,0.0,0.0,0.0,7,509.6,516.2,1,549.6,499.0,0.0,0.0,0.0,0.0,54
2023-05-10 09:49:40,MO2403-C-6200,MO2403-C-6200,549.6,0.0,0.0,0.0,1,510.4,516.2,1,549.6,499.0,0.0,0.0,0.0,0.0,54
2023-05-10 09:49:45,MO2403-C-6200,MO2403-C-6200,549.6,0.0,0.0,0.0,1,510.4,516.0,1,549.6,499.0,0.0,0.0,0.0,0.0,54
2023-05-10 09:49:53,MO2403-C-6200,MO2403-C-6200,549.6,0.0,0.0,0.0,1,510.4,516.2,15,549.6,499.0,0.0,0.0,0.0,0.0,54
2023-05-10 09:49:53,MO2403-C-6200,MO2403-C-6200,549.6,0.0,0.0,0.0,1,510.4,516.4,6,549.6,499.0,0.0,0.0,0.0,0.0,54
2023-05-10 09:49:54,MO2403-C-6200,MO2403-C-6200,549.6,0.0,0.0,0.0,1,510.4,516.6,27,549.6,499.0,0.0,0.0,0.0,0.0,54
2023-05-10 09:49:55,MO2403-C-6200,MO2403-C-6200,549.6,0.0,0.0,0.0,1,510.4,516.6,6,549.6,499.0,0.0,0.0,0.0,0.0,54
2023-05-10 09:49:55,MO2403-C-6200,MO2403-C-6200,549.6,0.0,0.0,0.0,1,510.4,516.8,21,549.6,499.0,0.0,0.0,0.0,0.0,54
2023-05-10 09:49:56,MO2403-C-6200,MO2403-C-6200,549.6,0.0,0.0,0.0,1,510.4,516.8,6,549.6,499.0,0.0,0.0,0.0,0.0,54
2023-05-10 09:49:56,MO2403-C-6200,MO2403-C-6200,549.6,0.0,0.0,0.0,1,510.4,517.0,28,549.6,499.0,0.0,0.0,0.0,0.0,54
2023-05-10 09:49:57,MO2403-C-6200,MO2403-C-6200,549.6,0.0,0.0,0.0,1,510.4,517.0,13,549.6,499.0,0.0,0.0,0.0,0.0,54
2023-05-10 09:50:02,MO2403-C-6200,MO2403-C-6200,549.6,0.0,0.0,0.0,1,510.4,517.0,7,549.6,499.0,0.0,0.0,0.0,0.0,54
2023-05-10 09:50:02,MO2403-C-6200,MO2403-C-6200,549.6,0.0,0.0,0.0,1,510.4,517.0,1,549.6,499.0,0.0,0.0,0.0,0.0,54
2023-05-10 09:50:03,MO2403-C-6200,MO2403-C-6200,549.6,0.0,0.0,0.0,1,510.4,516.8,1,549.6,499.0,0.0,0.0,0.0,0.0,54
2023-05-10 09:50:07,MO2403-C-6200,MO2403-C-6200,549.6,0.0,0.0,0.0,7,510.4,516.8,1,549.6,499.0,0.0,0.0,0.0,0.0,54
2023-05-10 09:50:08,MO2403-C-6200,MO2403-C-6200,549.6,0.0,0.0,0.0,1,512.2,516.8,1,549.6,499.0,0.0,0.0,0.0,0.0,54
2023-05-10 09:50:09,MO2403-C-6200,MO2403-C-6200,549.6,0.0,0.0,0.0,1,512.2,517.0,15,549.6,499.0,0.0,0.0,0.0,0.0,54
2023-05-10 09:50:09,MO2403-C-6200,MO2403-C-6200,549.6,0.0,0.0,0.0,1,512.2,517.2,6,549.6,499.0,0.0,0.0,0.0,0.0,54
2023-05-10 09:50:10,MO2403-C-6200,MO2403-C-6200,549.6,0.0,0.0,0.0,1,512.2,517.4,33,549.6,499.0,0.0,0.0,0.0,0.0,54
2023-05-10 09:50:10,MO2403-C-6200,MO2403-C-6200,549.6,0.0,0.0,0.0,1,512.2,517.4,12,549.6,499.0,0.0,0.0,0.0,0.0,54
2023-05-10 09:50:11,MO2403-C-6200,MO2403-C-6200,549.6,0.0,0.0,0.0,1,512.2,517.6,22,549.6,499.0,0.0,0.0,0.0,0.0,54
2023-05-10 09:50:11,MO2403-C-6200,MO2403-C-6200,549.6,0.0,0.0,0.0,1,512.2,517.6,6,549.6,499.0,0.0,0.0,0.0,0.0,54
2023-05-10 09:50:12,MO2403-C-6200,MO2403-C-6200,549.6,0.0,0.0,0.0,1,512.2,517.8,21,549.6,499.0,0.0,0.0,0.0,0.0,54
2023-05-10 09:50:12,MO2403-C-6200,MO2403-C-6200,549.6,0.0,0.0,0.0,1,512.2,517.8,6,549.6,499.0,0.0,0.0,0.0,0.0,54
2023-05-10 09:50:13,MO2403-C-6200,MO2403-C-6200,549.6,0.0,0.0,0.0,1,512.2,518.0,21,549.6,499.0,0.0,0.0,0.0,0.0,54
2023-05-10 09:50:13,MO2403-C-6200,MO2403-C-6200,549.6,0.0,0.0,0.0,1,512.2,518.0,6,549.6,499.0,0.0,0.0,0.0,0.0,54
2023-05-10 09:50:14,MO2403-C-6200,MO2403-C-6200,549.6,0.0,0.0,0.0,1,512.2,518.2,21,549.6,499.0,0.0,0.0,0.0,0.0,54
2023-05-10 09:50:14,MO2403-C-6200,MO2403-C-6200,549.6,0.0,0.0,0.0,1,512.2,518.2,6,549.6,499.0,0.0,0.0,0.0,0.0,54
2023-05-10 09:50:15,MO2403-C-6200,MO2403-C-6200,549.6,0.0,0.0,0.0,6,512.4,518.4,15,549.6,499.0,0.0,0.0,0.0,0.0,54
2023-05-10 09:50:15,MO2403-C-6200,MO2403-C-6200,549.6,0.0,0.0,0.0,1,514.0,518.6,12,549.6,499.0,0.0,0.0,0.0,0.0,54
2023-05-10 09:50:16,MO2403-C-6200,MO2403-C-6200,549.6,0.0,0.0,0.0,1,514.0,518.8,21,549.6,499.0,0.0,0.0,0.0,0.0,54
2023-05-10 09:50:16,MO2403-C-6200,MO2403-C-6200,549.6,0.0,0.0,0.0,1,513.2,518.8,6,549.6,499.0,0.0,0.0,0.0,0.0,54
2023-05-10 09:50:17,MO2403-C-6200,MO2403-C-6200,549.6,0.0,0.0,0.0,1,513.2,519.0,21,549.6,499.0,0.0,0.0,0.0,0.0,54
2023-05-10 09:50:17,MO2403-C-6200,MO2403-C-6200,549.6,0.0,0.0,0.0,1,513.2,519.0,6,549.6,499.0,0.0,0.0,0.0,0.0,54
2023-05-10 09:50:18,MO2403-C-6200,MO2403-C-6200,549.6,0.0,0.0,0.0,1,513.2,519.2,22,549.6,499.0,0.0,0.0,0.0,0.0,54
2023-05-10 09:50:18,MO2403-C-6200,MO2403-C-6200,549.6,0.0,0.0,0.0,1,513.2,519.2,7,549.6,499.0,0.0,0.0,0.0,0.0,54
2023-05-10 09:50:19,MO2403-C-6200,MO2403-C-6200,549.6,0.0,0.0,0.0,1,513.2,519.2,1,549.6,499.0,0.0,0.0,0.0,0.0,54
2023-05-10 09:50:19,MO2403-C-6200,MO2403-C-6200,549.6,0.0,0.0,0.0,1,513.2,519.4,21,549.6,499.0,0.0,0.0,0.0,0.0,54
2023-05-10 09:50:20,MO2403-C-6200,MO2403-C-6200,549.6,0.0,0.0,0.0,1,513.2,519.4,7,549.6,499.0,0.0,0.0,0.0,0.0,54
2023-05-10 09:50:20,MO2403-C-6200,MO2403-C-6200,549.6,0.0,0.0,0.0,6,512.6,519.4,1,549.6,499.0,0.0,0.0,0.0,0.0,54
2023-05-10 09:50:22,MO2403-C-6200,MO2403-C-6200,549.6,0.0,0.0,0.0,1,512.8,519.4,1,549.6,499.0,0.0,0.0,0.0,0.0,54
2023-05-10 09:50:23,MO2403-C-6200,MO2403-C-6200,549.6,0.0,0.0,0.0,6,512.6,519.4,1,549.6,499.0,0.0,0.0,0.0,0.0,54
2023-05-10 09:50:25,MO2403-C-6200,MO2403-C-6200,549.6,0.0,0.0,0.0,18,512.2,519.4,1,549.6,499.0,0.0,0.0,0.0,0.0,54
2023-05-10 09:50:25,MO2403-C-6200,MO2403-C-6200,549.6,0.0,0.0,0.0,12,512.2,519.4,1,549.6,499.0,0.0,0.0,0.0,0.0,54
2023-05-10 09:50:26,MO2403-C-6200,MO2403-C-6200,549.6,0.0,0.0,0.0,13,512.0,519.4,1,549.6,499.0,0.0,0.0,0.0,0.0,54
2023-05-10 09:50:26,MO2403-C-6200,MO2403-C-6200,549.6,0.0,0.0,0.0,7,512.0,519.4,1,549.6,499.0,0.0,0.0,0.0,0.0,54
2023-05-10 09:50:27,MO2403-C-6200,MO2403-C-6200,549.6,0.0,0.0,0.0,1,512.0,519.4,1,549.6,499.0,0.0,0.0,0.0,0.0,54
2023-05-10 09:50:30,MO2403-C-6200,MO2403-C-6200,549.6,0.0,0.0,0.0,1,512.0,519.2,1,549.6,499.0,0.0,0.0,0.0,0.0,54
2023-05-10 09:50:31,MO2403-C-6200,MO2403-C-6200,549.6,0.0,0.0,0.0,6,512.2,519.2,1,549.6,499.0,0.0,0.0,0.0,0.0,54
2023-05-10 09:50:31,MO2403-C-6200,MO2403-C-6200,549.6,0.0,0.0,0.0,1,513.6,519.2,1,549.6,499.0,0.0,0.0,0.0,0.0,54
2023-05-10 09:50:32,MO2403-C-6200,MO2403-C-6200,549.6,0.0,0.0,0.0,1,513.6,519.4,15,549.6,499.0,0.0,0.0,0.0,0.0,54
2023-05-10 09:50:32,MO2403-C-6200,MO2403-C-6200,549.6,0.0,0.0,0.0,1,513.6,519.6,6,549.6,499.0,0.0,0.0,0.0,0.0,54
2023-05-10 09:50:33,MO2403-C-6200,MO2403-C-6200,549.6,0.0,0.0,0.0,1,513.6,519.8,21,549.6,499.0,0.0,0.0,0.0,0.0,54
2023-05-10 09:50:33,MO2403-C-6200,MO2403-C-6200,549.6,0.0,0.0,0.0,1,513.6,519.8,6,549.6,499.0,0.0,0.0,0.0,0.0,54
2023-05-10 09:50:34,MO2403-C-6200,MO2403-C-6200,549.6,0.0,0.0,0.0,1,513.6,520.0,22,549.6,499.0,0.0,0.0,0.0,0.0,54
2023-05-10 09:50:34,MO2403-C-6200,MO2403-C-6200,549.6,0.0,0.0,0.0,1,513.6,520.0,7,549.6,499.0,0.0,0.0,0.0,0.0,54
2023-05-10 09:50:35,MO2403-C-6200,MO2403-C-6200,549.6,0.0,0.0,0.0,1,513.6,520.0,1,549.6,499.0,0.0,0.0,0.0,0.0,54
2023-05-10 09:50:36,MO2403-C-6200,MO2403-C-6200,549.6,0.0,0.0,0.0,1,513.6,520.2,39,549.6,499.0,0.0,0.0,0.0,0.0,54
2023-05-10 09:50:37,MO2403-C-6200,MO2403-C-6200,549.6,0.0,0.0,0.0,1,513.6,520.2,18,549.6,499.0,0.0,0.0,0.0,0.0,54
2023-05-10 09:50:37,MO2403-C-6200,MO2403-C-6200,549.6,0.0,0.0,0.0,1,513.6,520.2,12,549.6,499.0,0.0,0.0,0.0,0.0,54
2023-05-10 09:50:38,MO2403-C-6200,MO2403-C-6200,549.6,0.0,0.0,0.0,1,513.6,520.4,22,549.6,499.0,0.0,0.0,0.0,0.0,54
2023-05-10 09:50:38,MO2403-C-6200,MO2403-C-6200,549.6,0.0,0.0,0.0,1,513.6,520.4,7,549.6,499.0,0.0,0.0,0.0,0.0,54
2023-05-10 09:50:39,MO2403-C-6200,MO2403-C-6200,549.6,0.0,0.0,0.0,1,513.6,520.4,1,549.6,499.0,0.0,0.0,0.0,0.0,54
2023-05-10 09:50:46,MO2403-C-6200,MO2403-C-6200,549.6,0.0,0.0,0.0,1,513.6,520.2,1,549.6,499.0,0.0,0.0,0.0,0.0,54
2023-05-10 09:50:49,MO2403-C-6200,MO2403-C-6200,549.6,0.0,0.0,0.0,1,513.6,520.4,15,549.6,499.0,0.0,0.0,0.0,0.0,54
2023-05-10 09:50:49,MO2403-C-6200,MO2403-C-6200,549.6,0.0,0.0,0.0,1,513.6,520.6,6,549.6,499.0,0.0,0.0,0.0,0.0,54
2023-05-10 09:50:50,MO2403-C-6200,MO2403-C-6200,549.6,0.0,0.0,0.0,1,513.6,520.8,22,549.6,499.0,0.0,0.0,0.0,0.0,54
2023-05-10 09:50:50,MO2403-C-6200,MO2403-C-6200,549.6,0.0,0.0,0.0,1,513.6,520.8,7,549.6,499.0,0.0,0.0,0.0,0.0,54
2023-05-10 09:50:51,MO2403-C-6200,MO2403-C-6200,549.6,0.0,0.0,0.0,1,513.6,520.8,2,549.6,499.0,0.0,0.0,0.0,0.0,54
2023-05-10 09:50:59,MO2403-C-6200,MO2403-C-6200,549.6,0.0,0.0,0.0,1,513.6,520.6,1,549.6,499.0,0.0,0.0,0.0,0.0,54
2023-05-10 09:50:59,MO2403-C-6200,MO2403-C-6200,549.6,0.0,0.0,0.0,1,513.6,520.8,16,549.6,499.0,0.0,0.0,0.0,0.0,54
2023-05-10 09:51:00,MO2403-C-6200,MO2403-C-6200,549.6,0.0,0.0,0.0,1,513.6,520.8,1,549.6,499.0,0.0,0.0,0.0,0.0,54
2023-05-10 09:51:07,MO2403-C-6200,MO2403-C-6200,549.6,0.0,0.0,0.0,18,512.6,520.8,1,549.6,499.0,0.0,0.0,0.0,0.0,54
2023-05-10 09:51:07,MO2403-C-6200,MO2403-C-6200,549.6,0.0,0.0,0.0,12,512.6,520.8,1,549.6,499.0,0.0,0.0,0.0,0.0,54
2023-05-10 09:51:08,MO2403-C-6200,MO2403-C-6200,549.6,0.0,0.0,0.0,6,512.6,520.8,1,549.6,499.0,0.0,0.0,0.0,0.0,54
2023-05-10 09:51:09,MO2403-C-6200,MO2403-C-6200,549.6,0.0,0.0,0.0,6,512.6,520.8,2,549.6,499.0,0.0,0.0,0.0,0.0,54
2023-05-10 09:51:10,MO2403-C-6200,MO2403-C-6200,549.6,0.0,0.0,0.0,6,512.6,518.0,1,549.6,499.0,0.0,0.0,0.0,0.0,54
2023-05-10 09:51:11,MO2403-C-6200,MO2403-C-6200,549.6,0.0,0.0,0.0,1,512.4,518.0,1,549.6,499.0,0.0,0.0,0.0,0.0,54
2023-05-10 09:51:15,MO2403-C-6200,MO2403-C-6200,549.6,0.0,0.0,0.0,1,512.4,518.2,21,549.6,499.0,0.0,0.0,0.0,0.0,54
2023-05-10 09:51:16,MO2403-C-6200,MO2403-C-6200,549.6,0.0,0.0,0.0,1,512.4,518.2,6,549.6,499.0,0.0,0.0,0.0,0.0,54
2023-05-10 09:51:16,MO2403-C-6200,MO2403-C-6200,549.6,0.0,0.0,0.0,1,512.4,518.4,21,549.6,499.0,0.0,0.0,0.0,0.0,54
2023-05-10 09:51:17,MO2403-C-6200,MO2403-C-6200,549.6,0.0,0.0,0.0,1,512.4,518.4,6,549.6,499.0,0.0,0.0,0.0,0.0,54
2023-05-10 09:51:17,MO2403-C-6200,MO2403-C-6200,549.6,0.0,0.0,0.0,1,512.4,518.6,22,549.6,499.0,0.0,0.0,0.0,0.0,54
2023-05-10 09:51:18,MO2403-C-6200,MO2403-C-6200,549.6,0.0,0.0,0.0,1,512.4,518.6,7,549.6,499.0,0.0,0.0,0.0,0.0,54
2023-05-10 09:51:18,MO2403-C-6200,MO2403-C-6200,549.6,0.0,0.0,0.0,1,512.4,518.6,1,549.6,499.0,0.0,0.0,0.0,0.0,54
2023-05-10 09:51:21,MO2403-C-6200,MO2403-C-6200,549.6,0.0,0.0,0.0,1,512.4,517.6,1,549.6,499.0,0.0,0.0,0.0,0.0,54
2023-05-10 09:51:22,MO2403-C-6200,MO2403-C-6200,549.6,0.0,0.0,0.0,12,512.2,517.6,1,549.6,499.0,0.0,0.0,0.0,0.0,54
2023-05-10 09:51:23,MO2403-C-6200,MO2403-C-6200,549.6,0.0,0.0,0.0,6,512.2,517.6,1,549.6,499.0,0.0,0.0,0.0,0.0,54
2023-05-10 09:51:27,MO2403-C-6200,MO2403-C-6200,549.6,0.0,0.0,0.0,6,512.0,517.6,1,549.6,499.0,0.0,0.0,0.0,0.0,54
2023-05-10 09:51:27,MO2403-C-6200,MO2403-C-6200,549.6,0.0,0.0,0.0,18,511.8,517.6,1,549.6,499.0,0.0,0.0,0.0,0.0,54
2023-05-10 09:51:28,MO2403-C-6200,MO2403-C-6200,549.6,0.0,0.0,0.0,6,511.8,517.6,1,549.6,499.0,0.0,0.0,0.0,0.0,54
2023-05-10 09:51:28,MO2403-C-6200,MO2403-C-6200,549.6,0.0,0.0,0.0,13,511.6,517.6,1,549.6,499.0,0.0,0.0,0.0,0.0,54
2023-05-10 09:51:29,MO2403-C-6200,MO2403-C-6200,549.6,0.0,0.0,0.0,7,511.6,517.6,1,549.6,499.0,0.0,0.0,0.0,0.0,54
2023-05-10 09:51:29,MO2403-C-6200,MO2403-C-6200,549.6,0.0,0.0,0.0,1,511.6,517.6,1,549.6,499.0,0.0,0.0,0.0,0.0,54
2023-05-10 09:51:39,MO2403-C-6200,MO2403-C-6200,549.6,0.0,0.0,0.0,1,511.6,517.8,21,549.6,499.0,0.0,0.0,0.0,0.0,54
2023-05-10 09:51:39,MO2403-C-6200,MO2403-C-6200,549.6,0.0,0.0,0.0,1,511.6,517.8,6,549.6,499.0,0.0,0.0,0.0,0.0,54
2023-05-10 09:51:40,MO2403-C-6200,MO2403-C-6200,549.6,0.0,0.0,0.0,1,511.6,518.0,21,549.6,499.0,0.0,0.0,0.0,0.0,54
2023-05-10 09:51:40,MO2403-C-6200,MO2403-C-6200,549.6,0.0,0.0,0.0,1,511.6,518.0,6,549.6,499.0,0.0,0.0,0.0,0.0,54
2023-05-10 09:51:41,MO2403-C-6200,MO2403-C-6200,549.6,0.0,0.0,0.0,1,511.6,518.2,23,549.6,499.0,0.0,0.0,0.0,0.0,54
2023-05-10 09:51:41,MO2403-C-6200,MO2403-C-6200,549.6,0.0,0.0,0.0,1,511.6,518.2,8,549.6,499.0,0.0,0.0,0.0,0.0,54
2023-05-10 09:51:42,MO2403-C-6200,MO2403-C-6200,549.6,0.0,0.0,0.0,1,511.6,518.2,2,549.6,499.0,0.0,0.0,0.0,0.0,54
2023-05-10 09:51:42,MO2403-C-6200,MO2403-C-6200,549.6,0.0,0.0,0.0,1,511.6,518.0,1,549.6,499.0,0.0,0.0,0.0,0.0,54
2023-05-10 09:51:43,MO2403-C-6200,MO2403-C-6200,549.6,0.0,0.0,0.0,1,511.6,518.2,16,549.6,499.0,0.0,0.0,0.0,0.0,54
2023-05-10 09:51:43,MO2403-C-6200,MO2403-C-6200,549.6,0.0,0.0,0.0,1,511.6,518.2,1,549.6,499.0,0.0,0.0,0.0,0.0,54
2023-05-10 09:51:55,MO2403-C-6200,MO2403-C-6200,549.6,0.0,0.0,0.0,18,511.4,518.2,1,549.6,499.0,0.0,0.0,0.0,0.0,54
2023-05-10 09:51:56,MO2403-C-6200,MO2403-C-6200,549.6,0.0,0.0,0.0,12,511.4,518.2,1,549.6,499.0,0.0,0.0,0.0,0.0,54
2023-05-10 09:51:57,MO2403-C-6200,MO2403-C-6200,549.6,0.0,0.0,0.0,6,511.4,518.2,1,549.6,499.0,0.0,0.0,0.0,0.0,54
2023-05-10 09:51:58,MO2403-C-6200,MO2403-C-6200,549.6,0.0,0.0,0.0,6,511.4,518.2,2,549.6,499.0,0.0,0.0,0.0,0.0,54
2023-05-10 09:51:58,MO2403-C-6200,MO2403-C-6200,549.6,0.0,0.0,0.0,6,511.4,516.2,1,549.6,499.0,0.0,0.0,0.0,0.0,54
2023-05-10 09:52:00,MO2403-C-6200,MO2403-C-6200,549.6,0.0,0.0,0.0,18,510.6,516.2,1,549.6,499.0,0.0,0.0,0.0,0.0,54
2023-05-10 09:52:01,MO2403-C-6200,MO2403-C-6200,549.6,0.0,0.0,0.0,12,510.6,516.2,1,549.6,499.0,0.0,0.0,0.0,0.0,54
2023-05-10 09:52:01,MO2403-C-6200,MO2403-C-6200,549.6,0.0,0.0,0.0,6,510.6,516.2,1,549.6,499.0,0.0,0.0,0.0,0.0,54
2023-05-10 09:52:02,MO2403-C-6200,MO2403-C-6200,549.6,0.0,0.0,0.0,1,511.4,516.2,1,549.6,499.0,0.0,0.0,0.0,0.0,54
2023-05-10 09:52:03,MO2403-C-6200,MO2403-C-6200,549.6,0.0,0.0,0.0,1,511.4,516.4,21,549.6,499.0,0.0,0.0,0.0,0.0,54
2023-05-10 09:52:03,MO2403-C-6200,MO2403-C-6200,549.6,0.0,0.0,0.0,7,511.4,516.4,6,549.6,499.0,0.0,0.0,0.0,0.0,54
2023-05-10 09:52:04,MO2403-C-6200,MO2403-C-6200,549.6,0.0,0.0,0.0,7,511.4,516.6,21,549.6,499.0,0.0,0.0,0.0,0.0,54
2023-05-10 09:52:04,MO2403-C-6200,MO2403-C-6200,549.6,0.0,0.0,0.0,7,511.4,516.6,6,549.6,499.0,0.0,0.0,0.0,0.0,54
2023-05-10 09:52:05,MO2403-C-6200,MO2403-C-6200,549.6,0.0,0.0,0.0,1,512.4,516.8,21,549.6,499.0,0.0,0.0,0.0,0.0,54
2023-05-10 09:52:05,MO2403-C-6200,MO2403-C-6200,549.6,0.0,0.0,0.0,1,512.4,516.8,6,549.6,499.0,0.0,0.0,0.0,0.0,54
2023-05-10 09:52:06,MO2403-C-6200,MO2403-C-6200,549.6,0.0,0.0,0.0,1,512.4,517.0,21,549.6,499.0,0.0,0.0,0.0,0.0,54
2023-05-10 09:52:06,MO2403-C-6200,MO2403-C-6200,549.6,0.0,0.0,0.0,1,512.4,517.0,6,549.6,499.0,0.0,0.0,0.0,0.0,54
2023-05-10 09:52:07,MO2403-C-6200,MO2403-C-6200,549.6,0.0,0.0,0.0,1,512.4,517.2,21,549.6,499.0,0.0,0.0,0.0,0.0,54
2023-05-10 09:52:07,MO2403-C-6200,MO2403-C-6200,549.6,0.0,0.0,0.0,1,512.4,517.2,6,549.6,499.0,0.0,0.0,0.0,0.0,54
2023-05-10 09:52:08,MO2403-C-6200,MO2403-C-6200,549.6,0.0,0.0,0.0,1,512.4,517.4,21,549.6,499.0,0.0,0.0,0.0,0.0,54
2023-05-10 09:52:08,MO2403-C-6200,MO2403-C-6200,549.6,0.0,0.0,0.0,1,512.4,517.4,6,549.6,499.0,0.0,0.0,0.0,0.0,54
2023-05-10 09:52:09,MO2403-C-6200,MO2403-C-6200,549.6,0.0,0.0,0.0,1,512.4,517.6,21,549.6,499.0,0.0,0.0,0.0,0.0,54
2023-05-10 09:52:09,MO2403-C-6200,MO2403-C-6200,549.6,0.0,0.0,0.0,19,511.4,517.6,6,549.6,499.0,0.0,0.0,0.0,0.0,54
2023-05-10 09:52:10,MO2403-C-6200,MO2403-C-6200,549.6,0.0,0.0,0.0,19,511.4,517.8,22,549.6,499.0,0.0,0.0,0.0,0.0,54
2023-05-10 09:52:10,MO2403-C-6200,MO2403-C-6200,549.6,0.0,0.0,0.0,19,511.4,517.8,7,549.6,499.0,0.0,0.0,0.0,0.0,54
2023-05-10 09:52:11,MO2403-C-6200,MO2403-C-6200,549.6,0.0,0.0,0.0,19,511.4,516.4,1,549.6,499.0,0.0,0.0,0.0,0.0,54
2023-05-10 09:52:11,MO2403-C-6200,MO2403-C-6200,549.6,0.0,0.0,0.0,18,511.4,516.4,1,549.6,499.0,0.0,0.0,0.0,0.0,54
2023-05-10 09:52:14,MO2403-C-6200,MO2403-C-6200,549.6,0.0,0.0,0.0,12,511.4,516.4,1,549.6,499.0,0.0,0.0,0.0,0.0,54
2023-05-10 09:52:15,MO2403-C-6200,MO2403-C-6200,549.6,0.0,0.0,0.0,6,511.4,516.4,1,549.6,499.0,0.0,0.0,0.0,0.0,54
2023-05-10 09:52:15,MO2403-C-6200,MO2403-C-6200,549.6,0.0,0.0,0.0,12,510.6,516.4,1,549.6,499.0,0.0,0.0,0.0,0.0,54
2023-05-10 09:52:16,MO2403-C-6200,MO2403-C-6200,549.6,0.0,0.0,0.0,6,510.6,516.4,2,549.6,499.0,0.0,0.0,0.0,0.0,54
2023-05-10 09:52:18,MO2403-C-6200,MO2403-C-6200,549.6,0.0,0.0,0.0,1,511.0,516.4,2,549.6,499.0,0.0,0.0,0.0,0.0,54
2023-05-10 09:52:19,MO2403-C-6200,MO2403-C-6200,549.6,0.0,0.0,0.0,7,511.0,516.4,2,549.6,499.0,0.0,0.0,0.0,0.0,54
2023-05-10 09:52:20,MO2403-C-6200,MO2403-C-6200,549.6,0.0,0.0,0.0,7,511.0,516.4,1,549.6,499.0,0.0,0.0,0.0,0.0,54
2023-05-10 09:52:22,MO2403-C-6200,MO2403-C-6200,549.6,0.0,0.0,0.0,1,511.0,516.4,1,549.6,499.0,0.0,0.0,0.0,0.0,54
2023-05-10 09:52:30,MO2403-C-6200,MO2403-C-6200,549.6,0.0,0.0,0.0,1,511.0,516.6,21,549.6,499.0,0.0,0.0,0.0,0.0,54
2023-05-10 09:52:31,MO2403-C-6200,MO2403-C-6200,549.6,0.0,0.0,0.0,7,511.0,516.6,6,549.6,499.0,0.0,0.0,0.0,0.0,54
2023-05-10 09:52:31,MO2403-C-6200,MO2403-C-6200,549.6,0.0,0.0,0.0,1,511.8,516.8,21,549.6,499.0,0.0,0.0,0.0,0.0,54
2023-05-10 09:52:32,MO2403-C-6200,MO2403-C-6200,549.6,0.0,0.0,0.0,1,511.8,516.8,6,549.6,499.0,0.0,0.0,0.0,0.0,54
2023-05-10 09:52:33,MO2403-C-6200,MO2403-C-6200,549.6,0.0,0.0,0.0,1,511.8,517.0,21,549.6,499.0,0.0,0.0,0.0,0.0,54
2023-05-10 09:52:33,MO2403-C-6200,MO2403-C-6200,549.6,0.0,0.0,0.0,1,511.8,517.0,6,549.6,499.0,0.0,0.0,0.0,0.0,54
2023-05-10 09:52:34,MO2403-C-6200,MO2403-C-6200,549.6,0.0,0.0,0.0,1,511.8,517.2,21,549.6,499.0,0.0,0.0,0.0,0.0,54
2023-05-10 09:52:34,MO2403-C-6200,MO2403-C-6200,549.6,0.0,0.0,0.0,1,511.8,517.2,6,549.6,499.0,0.0,0.0,0.0,0.0,54
2023-05-10 09:52:35,MO2403-C-6200,MO2403-C-6200,549.6,0.0,0.0,0.0,1,511.8,517.4,34,549.6,499.0,0.0,0.0,0.0,0.0,54
2023-05-10 09:52:35,MO2403-C-6200,MO2403-C-6200,549.6,0.0,0.0,0.0,1,511.8,517.4,7,549.6,499.0,0.0,0.0,0.0,0.0,54
2023-05-10 09:52:36,MO2403-C-6200,MO2403-C-6200,549.6,0.0,0.0,0.0,1,511.8,517.4,1,549.6,499.0,0.0,0.0,0.0,0.0,54
2023-05-10 09:52:36,MO2403-C-6200,MO2403-C-6200,549.6,0.0,0.0,0.0,1,511.8,517.6,22,549.6,499.0,0.0,0.0,0.0,0.0,54
2023-05-10 09:52:37,MO2403-C-6200,MO2403-C-6200,549.6,0.0,0.0,0.0,6,511.0,517.6,7,549.6,499.0,0.0,0.0,0.0,0.0,54
2023-05-10 09:52:37,MO2403-C-6200,MO2403-C-6200,549.6,0.0,0.0,0.0,6,511.0,517.6,1,549.6,499.0,0.0,0.0,0.0,0.0,54
2023-05-10 09:52:41,MO2403-C-6200,MO2403-C-6200,549.6,0.0,0.0,0.0,18,510.6,517.6,1,549.6,499.0,0.0,0.0,0.0,0.0,54
2023-05-10 09:52:41,MO2403-C-6200,MO2403-C-6200,549.6,0.0,0.0,0.0,12,510.6,517.6,2,549.6,499.0,0.0,0.0,0.0,0.0,54
2023-05-10 09:52:42,MO2403-C-6200,MO2403-C-6200,549.6,0.0,0.0,0.0,6,510.6,515.4,1,549.6,499.0,0.0,0.0,0.0,0.0,54
2023-05-10 09:52:47,MO2403-C-6200,MO2403-C-6200,549.6,0.0,0.0,0.0,1,511.0,515.6,21,549.6,499.0,0.0,0.0,0.0,0.0,54
2023-05-10 09:52:48,MO2403-C-6200,MO2403-C-6200,549.6,0.0,0.0,0.0,1,511.0,515.6,6,549.6,499.0,0.0,0.0,0.0,0.0,54
2023-05-10 09:52:48,MO2403-C-6200,MO2403-C-6200,549.6,0.0,0.0,0.0,1,511.0,515.8,21,549.6,499.0,0.0,0.0,0.0,0.0,54
2023-05-10 09:52:49,MO2403-C-6200,MO2403-C-6200,549.6,0.0,0.0,0.0,1,511.0,515.8,6,549.6,499.0,0.0,0.0,0.0,0.0,54
2023-05-10 09:52:49,MO2403-C-6200,MO2403-C-6200,549.6,0.0,0.0,0.0,1,511.0,516.0,21,549.6,499.0,0.0,0.0,0.0,0.0,54
2023-05-10 09:52:50,MO2403-C-6200,MO2403-C-6200,549.6,0.0,0.0,0.0,1,511.0,516.0,6,549.6,499.0,0.0,0.0,0.0,0.0,54
2023-05-10 09:52:50,MO2403-C-6200,MO2403-C-6200,549.6,0.0,0.0,0.0,1,511.0,516.2,21,549.6,499.0,0.0,0.0,0.0,0.0,54
2023-05-10 09:52:51,MO2403-C-6200,MO2403-C-6200,549.6,0.0,0.0,0.0,1,511.0,516.2,6,549.6,499.0,0.0,0.0,0.0,0.0,54
2023-05-10 09:52:51,MO2403-C-6200,MO2403-C-6200,549.6,0.0,0.0,0.0,1,511.0,516.4,22,549.6,499.0,0.0,0.0,0.0,0.0,54
2023-05-10 09:52:52,MO2403-C-6200,MO2403-C-6200,549.6,0.0,0.0,0.0,6,510.6,516.4,7,549.6,499.0,0.0,0.0,0.0,0.0,54
2023-05-10 09:52:52,MO2403-C-6200,MO2403-C-6200,549.6,0.0,0.0,0.0,6,510.6,516.4,1,549.6,499.0,0.0,0.0,0.0,0.0,54
2023-05-10 09:53:00,MO2403-C-6200,MO2403-C-6200,549.6,0.0,0.0,0.0,1,510.8,516.4,1,549.6,499.0,0.0,0.0,0.0,0.0,54
2023-05-10 09:53:01,MO2403-C-6200,MO2403-C-6200,549.6,0.0,0.0,0.0,7,510.8,516.4,1,549.6,499.0,0.0,0.0,0.0,0.0,54
2023-05-10 09:53:02,MO2403-C-6200,MO2403-C-6200,549.6,0.0,0.0,0.0,6,510.8,516.4,1,549.6,499.0,0.0,0.0,0.0,0.0,54
2023-05-10 09:53:05,MO2403-C-6200,MO2403-C-6200,549.6,0.0,0.0,0.0,18,510.2,516.4,1,549.6,499.0,0.0,0.0,0.0,0.0,54
2023-05-10 09:53:06,MO2403-C-6200,MO2403-C-6200,549.6,0.0,0.0,0.0,18,510.2,516.4,2,549.6,499.0,0.0,0.0,0.0,0.0,54
2023-05-10 09:53:07,MO2403-C-6200,MO2403-C-6200,549.6,0.0,0.0,0.0,18,510.2,515.0,1,549.6,499.0,0.0,0.0,0.0,0.0,54
2023-05-10 09:53:10,MO2403-C-6200,MO2403-C-6200,549.6,0.0,0.0,0.0,1,510.4,515.0,1,549.6,499.0,0.0,0.0,0.0,0.0,54
2023-05-10 09:53:11,MO2403-C-6200,MO2403-C-6200,549.6,0.0,0.0,0.0,1,510.4,515.2,21,549.6,499.0,0.0,0.0,0.0,0.0,54
2023-05-10 09:53:12,MO2403-C-6200,MO2403-C-6200,549.6,0.0,0.0,0.0,1,510.4,515.2,6,549.6,499.0,0.0,0.0,0.0,0.0,54
2023-05-10 09:53:12,MO2403-C-6200,MO2403-C-6200,549.6,0.0,0.0,0.0,1,510.4,515.4,21,549.6,499.0,0.0,0.0,0.0,0.0,54
2023-05-10 09:53:13,MO2403-C-6200,MO2403-C-6200,549.6,0.0,0.0,0.0,1,510.4,515.4,6,549.6,499.0,0.0,0.0,0.0,0.0,54
2023-05-10 09:53:13,MO2403-C-6200,MO2403-C-6200,549.6,0.0,0.0,0.0,1,510.4,515.6,21,549.6,499.0,0.0,0.0,0.0,0.0,54
2023-05-10 09:53:14,MO2403-C-6200,MO2403-C-6200,549.6,0.0,0.0,0.0,1,510.4,515.6,6,549.6,499.0,0.0,0.0,0.0,0.0,54
2023-05-10 09:53:14,MO2403-C-6200,MO2403-C-6200,549.6,0.0,0.0,0.0,1,510.4,515.8,21,549.6,499.0,0.0,0.0,0.0,0.0,54
2023-05-10 09:53:15,MO2403-C-6200,MO2403-C-6200,549.6,0.0,0.0,0.0,1,510.4,515.8,6,549.6,499.0,0.0,0.0,0.0,0.0,54
2023-05-10 09:53:15,MO2403-C-6200,MO2403-C-6200,549.6,0.0,0.0,0.0,1,510.4,516.0,21,549.6,499.0,0.0,0.0,0.0,0.0,54
2023-05-10 09:53:16,MO2403-C-6200,MO2403-C-6200,549.6,0.0,0.0,0.0,1,510.4,516.0,6,549.6,499.0,0.0,0.0,0.0,0.0,54
2023-05-10 09:53:16,MO2403-C-6200,MO2403-C-6200,549.6,0.0,0.0,0.0,1,510.4,516.2,21,549.6,499.0,0.0,0.0,0.0,0.0,54
2023-05-10 09:53:17,MO2403-C-6200,MO2403-C-6200,549.6,0.0,0.0,0.0,1,510.4,516.2,6,549.6,499.0,0.0,0.0,0.0,0.0,54
2023-05-10 09:53:17,MO2403-C-6200,MO2403-C-6200,549.6,0.0,0.0,0.0,1,510.4,516.4,21,549.6,499.0,0.0,0.0,0.0,0.0,54
2023-05-10 09:53:18,MO2403-C-6200,MO2403-C-6200,549.6,0.0,0.0,0.0,1,510.4,516.4,6,549.6,499.0,0.0,0.0,0.0,0.0,54
2023-05-10 09:53:18,MO2403-C-6200,MO2403-C-6200,549.6,0.0,0.0,0.0,1,510.4,516.6,21,549.6,499.0,0.0,0.0,0.0,0.0,54
2023-05-10 09:53:19,MO2403-C-6200,MO2403-C-6200,549.6,0.0,0.0,0.0,1,510.4,515.4,1,549.6,499.0,0.0,0.0,0.0,0.0,54
2023-05-10 09:53:20,MO2403-C-6200,MO2403-C-6200,549.6,0.0,0.0,0.0,12,510.2,515.4,1,549.6,499.0,0.0,0.0,0.0,0.0,54
2023-05-10 09:53:20,MO2403-C-6200,MO2403-C-6200,549.6,0.0,0.0,0.0,6,510.2,515.4,1,549.6,499.0,0.0,0.0,0.0,0.0,54
2023-05-10 09:53:45,MO2403-C-6200,MO2403-C-6200,549.6,0.0,0.0,0.0,1,510.4,515.4,1,549.6,499.0,0.0,0.0,0.0,0.0,54
2023-05-10 09:53:50,MO2403-C-6200,MO2403-C-6200,549.6,0.0,0.0,0.0,6,510.2,515.4,1,549.6,499.0,0.0,0.0,0.0,0.0,54
2023-05-10 09:53:52,MO2403-C-6200,MO2403-C-6200,549.6,0.0,0.0,0.0,1,510.4,515.4,1,549.6,499.0,0.0,0.0,0.0,0.0,54
2023-05-10 09:53:58,MO2403-C-6200,MO2403-C-6200,549.6,0.0,0.0,0.0,1,510.4,515.6,21,549.6,499.0,0.0,0.0,0.0,0.0,54
2023-05-10 09:53:59,MO2403-C-6200,MO2403-C-6200,549.6,0.0,0.0,0.0,1,510.4,515.6,6,549.6,499.0,0.0,0.0,0.0,0.0,54
2023-05-10 09:53:59,MO2403-C-6200,MO2403-C-6200,549.6,0.0,0.0,0.0,1,510.4,515.8,21,549.6,499.0,0.0,0.0,0.0,0.0,54
2023-05-10 09:54:00,MO2403-C-6200,MO2403-C-6200,549.6,0.0,0.0,0.0,1,510.4,515.8,6,549.6,499.0,0.0,0.0,0.0,0.0,54
2023-05-10 09:54:00,MO2403-C-6200,MO2403-C-6200,549.6,0.0,0.0,0.0,1,510.4,516.0,21,549.6,499.0,0.0,0.0,0.0,0.0,54
2023-05-10 09:54:01,MO2403-C-6200,MO2403-C-6200,549.6,0.0,0.0,0.0,1,510.4,516.0,6,549.6,499.0,0.0,0.0,0.0,0.0,54
2023-05-10 09:54:01,MO2403-C-6200,MO2403-C-6200,549.6,0.0,0.0,0.0,1,510.4,516.2,21,549.6,499.0,0.0,0.0,0.0,0.0,54
2023-05-10 09:54:02,MO2403-C-6200,MO2403-C-6200,549.6,0.0,0.0,0.0,6,510.6,516.2,6,549.6,499.0,0.0,0.0,0.0,0.0,54
2023-05-10 09:54:02,MO2403-C-6200,MO2403-C-6200,549.6,0.0,0.0,0.0,1,512.0,516.4,21,549.6,499.0,0.0,0.0,0.0,0.0,54
2023-05-10 09:54:03,MO2403-C-6200,MO2403-C-6200,549.6,0.0,0.0,0.0,1,512.0,516.4,6,549.6,499.0,0.0,0.0,0.0,0.0,54
2023-05-10 09:54:03,MO2403-C-6200,MO2403-C-6200,549.6,0.0,0.0,0.0,6,512.0,516.6,15,549.6,499.0,0.0,0.0,0.0,0.0,54
2023-05-10 09:54:04,MO2403-C-6200,MO2403-C-6200,549.6,0.0,0.0,0.0,6,512.0,516.6,6,549.6,499.0,0.0,0.0,0.0,0.0,54
2023-05-10 09:54:04,MO2403-C-6200,MO2403-C-6200,549.6,0.0,0.0,0.0,6,512.0,516.8,15,549.6,499.0,0.0,0.0,0.0,0.0,54
2023-05-10 09:54:05,MO2403-C-6200,MO2403-C-6200,549.6,0.0,0.0,0.0,6,511.2,517.0,1,549.6,499.0,0.0,0.0,0.0,0.0,54
2023-05-10 09:54:13,MO2403-C-6200,MO2403-C-6200,549.6,0.0,0.0,0.0,1,512.0,517.0,1,549.6,499.0,0.0,0.0,0.0,0.0,54
2023-05-10 09:54:24,MO2403-C-6200,MO2403-C-6200,549.6,0.0,0.0,0.0,6,511.2,517.0,1,549.6,499.0,0.0,0.0,0.0,0.0,54
2023-05-10 09:54:32,MO2403-C-6200,MO2403-C-6200,549.6,0.0,0.0,0.0,1,511.6,517.0,1,549.6,499.0,0.0,0.0,0.0,0.0,54
2023-05-10 09:54:33,MO2403-C-6200,MO2403-C-6200,549.6,0.0,0.0,0.0,7,511.6,517.0,1,549.6,499.0,0.0,0.0,0.0,0.0,54
2023-05-10 09:54:39,MO2403-C-6200,MO2403-C-6200,549.6,0.0,0.0,0.0,6,511.6,517.0,1,549.6,499.0,0.0,0.0,0.0,0.0,54
2023-05-10 09:54:40,MO2403-C-6200,MO2403-C-6200,549.6,0.0,0.0,0.0,6,511.2,517.0,1,549.6,499.0,0.0,0.0,0.0,0.0,54
2023-05-10 09:54:42,MO2403-C-6200,MO2403-C-6200,549.6,0.0,0.0,0.0,6,510.6,517.0,1,549.6,499.0,0.0,0.0,0.0,0.0,54
2023-05-10 09:54:43,MO2403-C-6200,MO2403-C-6200,549.6,0.0,0.0,0.0,1,510.4,517.0,1,549.6,499.0,0.0,0.0,0.0,0.0,54
2023-05-10 09:54:44,MO2403-C-6200,MO2403-C-6200,549.6,0.0,0.0,0.0,7,510.4,517.0,1,549.6,499.0,0.0,0.0,0.0,0.0,54
2023-05-10 09:54:51,MO2403-C-6200,MO2403-C-6200,549.6,0.0,0.0,0.0,1,511.2,517.0,1,549.6,499.0,0.0,0.0,0.0,0.0,54
2023-05-10 09:55:01,MO2403-C-6200,MO2403-C-6200,549.6,0.0,0.0,0.0,6,510.4,517.0,1,549.6,499.0,0.0,0.0,0.0,0.0,54
2023-05-10 09:55:06,MO2403-C-6200,MO2403-C-6200,549.6,0.0,0.0,0.0,18,510.2,517.0,1,549.6,499.0,0.0,0.0,0.0,0.0,54
2023-05-10 09:55:06,MO2403-C-6200,MO2403-C-6200,549.6,0.0,0.0,0.0,12,510.2,517.0,1,549.6,499.0,0.0,0.0,0.0,0.0,54
2023-05-10 09:55:07,MO2403-C-6200,MO2403-C-6200,549.6,0.0,0.0,0.0,6,510.2,517.0,1,549.6,499.0,0.0,0.0,0.0,0.0,54
2023-05-10 09:55:09,MO2403-C-6200,MO2403-C-6200,549.6,0.0,0.0,0.0,1,510.4,517.0,1,549.6,499.0,0.0,0.0,0.0,0.0,54
2023-05-10 09:55:14,MO2403-C-6200,MO2403-C-6200,549.6,0.0,0.0,0.0,7,510.4,517.0,1,549.6,499.0,0.0,0.0,0.0,0.0,54
2023-05-10 09:55:14,MO2403-C-6200,MO2403-C-6200,549.6,0.0,0.0,0.0,1,511.4,517.0,1,549.6,499.0,0.0,0.0,0.0,0.0,54
2023-05-10 09:55:22,MO2403-C-6200,MO2403-C-6200,549.6,0.0,0.0,0.0,7,510.4,517.0,1,549.6,499.0,0.0,0.0,0.0,0.0,54
2023-05-10 09:55:31,MO2403-C-6200,MO2403-C-6200,549.6,0.0,0.0,0.0,12,510.2,517.0,1,549.6,499.0,0.0,0.0,0.0,0.0,54
2023-05-10 09:55:32,MO2403-C-6200,MO2403-C-6200,549.6,0.0,0.0,0.0,6,510.2,517.0,2,549.6,499.0,0.0,0.0,0.0,0.0,54
2023-05-10 09:55:33,MO2403-C-6200,MO2403-C-6200,549.6,0.0,0.0,0.0,1,511.8,517.0,2,549.6,499.0,0.0,0.0,0.0,0.0,54
2023-05-10 09:55:35,MO2403-C-6200,MO2403-C-6200,549.6,0.0,0.0,0.0,1,511.8,517.0,1,549.6,499.0,0.0,0.0,0.0,0.0,54
2023-05-10 09:55:37,MO2403-C-6200,MO2403-C-6200,549.6,0.0,0.0,0.0,6,510.2,515.2,1,549.6,499.0,0.0,0.0,0.0,0.0,54
2023-05-10 09:55:45,MO2403-C-6200,MO2403-C-6200,549.6,0.0,0.0,0.0,1,510.6,515.2,1,549.6,499.0,0.0,0.0,0.0,0.0,54
2023-05-10 09:55:45,MO2403-C-6200,MO2403-C-6200,549.6,0.0,0.0,0.0,1,510.6,515.4,21,549.6,499.0,0.0,0.0,0.0,0.0,54
2023-05-10 09:55:46,MO2403-C-6200,MO2403-C-6200,549.6,0.0,0.0,0.0,1,510.6,515.4,6,549.6,499.0,0.0,0.0,0.0,0.0,54
2023-05-10 09:55:46,MO2403-C-6200,MO2403-C-6200,549.6,0.0,0.0,0.0,1,510.6,515.6,21,549.6,499.0,0.0,0.0,0.0,0.0,54
2023-05-10 09:55:47,MO2403-C-6200,MO2403-C-6200,549.6,0.0,0.0,0.0,7,510.6,515.6,6,549.6,499.0,0.0,0.0,0.0,0.0,54
2023-05-10 09:55:47,MO2403-C-6200,MO2403-C-6200,549.6,0.0,0.0,0.0,7,510.6,515.8,21,549.6,499.0,0.0,0.0,0.0,0.0,54
2023-05-10 09:55:48,MO2403-C-6200,MO2403-C-6200,549.6,0.0,0.0,0.0,7,510.6,515.8,6,549.6,499.0,0.0,0.0,0.0,0.0,54
2023-05-10 09:55:48,MO2403-C-6200,MO2403-C-6200,549.6,0.0,0.0,0.0,7,510.6,516.0,21,549.6,499.0,0.0,0.0,0.0,0.0,54
2023-05-10 09:55:49,MO2403-C-6200,MO2403-C-6200,549.6,0.0,0.0,0.0,7,510.6,516.0,6,549.6,499.0,0.0,0.0,0.0,0.0,54
2023-05-10 09:55:49,MO2403-C-6200,MO2403-C-6200,549.6,0.0,0.0,0.0,1,511.4,516.2,21,549.6,499.0,0.0,0.0,0.0,0.0,54
2023-05-10 09:55:50,MO2403-C-6200,MO2403-C-6200,549.6,0.0,0.0,0.0,1,511.4,516.2,6,549.6,499.0,0.0,0.0,0.0,0.0,54
2023-05-10 09:55:50,MO2403-C-6200,MO2403-C-6200,549.6,0.0,0.0,0.0,1,511.4,516.4,21,549.6,499.0,0.0,0.0,0.0,0.0,54
2023-05-10 09:55:51,MO2403-C-6200,MO2403-C-6200,549.6,0.0,0.0,0.0,1,511.4,516.4,6,549.6,499.0,0.0,0.0,0.0,0.0,54
2023-05-10 09:55:51,MO2403-C-6200,MO2403-C-6200,549.6,0.0,0.0,0.0,1,511.4,516.6,21,549.6,499.0,0.0,0.0,0.0,0.0,54
2023-05-10 09:55:52,MO2403-C-6200,MO2403-C-6200,549.6,0.0,0.0,0.0,1,511.4,516.6,6,549.6,499.0,0.0,0.0,0.0,0.0,54
2023-05-10 09:55:52,MO2403-C-6200,MO2403-C-6200,549.6,0.0,0.0,0.0,6,510.6,516.8,23,549.6,499.0,0.0,0.0,0.0,0.0,54
2023-05-10 09:55:53,MO2403-C-6200,MO2403-C-6200,549.6,0.0,0.0,0.0,6,510.6,516.8,8,549.6,499.0,0.0,0.0,0.0,0.0,54
2023-05-10 09:55:53,MO2403-C-6200,MO2403-C-6200,549.6,0.0,0.0,0.0,6,510.6,516.8,2,549.6,499.0,0.0,0.0,0.0,0.0,54
2023-05-10 09:55:54,MO2403-C-6200,MO2403-C-6200,549.6,0.0,0.0,0.0,1,511.4,516.8,2,549.6,499.0,0.0,0.0,0.0,0.0,54
2023-05-10 09:55:54,MO2403-C-6200,MO2403-C-6200,549.6,0.0,0.0,0.0,1,511.4,516.8,1,549.6,499.0,0.0,0.0,0.0,0.0,54
2023-05-10 09:55:59,MO2403-C-6200,MO2403-C-6200,549.6,0.0,0.0,0.0,1,511.4,516.8,2,549.6,499.0,0.0,0.0,0.0,0.0,54
2023-05-10 09:56:02,MO2403-C-6200,MO2403-C-6200,549.6,0.0,0.0,0.0,18,510.2,515.6,1,549.6,499.0,0.0,0.0,0.0,0.0,54
2023-05-10 09:56:02,MO2403-C-6200,MO2403-C-6200,549.6,0.0,0.0,0.0,12,510.2,515.6,1,549.6,499.0,0.0,0.0,0.0,0.0,54
2023-05-10 09:56:03,MO2403-C-6200,MO2403-C-6200,549.6,0.0,0.0,0.0,7,510.2,515.6,1,549.6,499.0,0.0,0.0,0.0,0.0,54
2023-05-10 09:56:06,MO2403-C-6200,MO2403-C-6200,549.6,0.0,0.0,0.0,1,511.0,515.8,21,549.6,499.0,0.0,0.0,0.0,0.0,54
2023-05-10 09:56:06,MO2403-C-6200,MO2403-C-6200,549.6,0.0,0.0,0.0,1,511.0,515.8,6,549.6,499.0,0.0,0.0,0.0,0.0,54
2023-05-10 09:56:07,MO2403-C-6200,MO2403-C-6200,549.6,0.0,0.0,0.0,1,511.0,516.0,21,549.6,499.0,0.0,0.0,0.0,0.0,54
2023-05-10 09:56:07,MO2403-C-6200,MO2403-C-6200,549.6,0.0,0.0,0.0,1,511.0,516.0,6,549.6,499.0,0.0,0.0,0.0,0.0,54
2023-05-10 09:56:08,MO2403-C-6200,MO2403-C-6200,549.6,0.0,0.0,0.0,6,510.2,516.2,21,549.6,499.0,0.0,0.0,0.0,0.0,54
2023-05-10 09:56:08,MO2403-C-6200,MO2403-C-6200,549.6,0.0,0.0,0.0,6,510.2,516.2,6,549.6,499.0,0.0,0.0,0.0,0.0,54
2023-05-10 09:56:09,MO2403-C-6200,MO2403-C-6200,549.6,0.0,0.0,0.0,6,510.2,515.2,1,549.6,499.0,0.0,0.0,0.0,0.0,54
2023-05-10 09:56:41,MO2403-C-6200,MO2403-C-6200,549.6,0.0,0.0,0.0,12,510.2,515.2,1,549.6,499.0,0.0,0.0,0.0,0.0,54
2023-05-10 09:56:58,MO2403-C-6200,MO2403-C-6200,549.6,0.0,0.0,0.0,6,510.2,515.2,1,549.6,499.0,0.0,0.0,0.0,0.0,54
2023-05-10 09:56:59,MO2403-C-6200,MO2403-C-6200,549.6,0.0,0.0,0.0,12,510.0,515.2,1,549.6,499.0,0.0,0.0,0.0,0.0,54
2023-05-10 09:56:59,MO2403-C-6200,MO2403-C-6200,549.6,0.0,0.0,0.0,12,509.4,515.2,1,549.6,499.0,0.0,0.0,0.0,0.0,54
2023-05-10 09:57:00,MO2403-C-6200,MO2403-C-6200,549.6,0.0,0.0,0.0,6,509.4,515.2,1,549.6,499.0,0.0,0.0,0.0,0.0,54
2023-05-10 09:57:07,MO2403-C-6200,MO2403-C-6200,549.6,0.0,0.0,0.0,6,509.4,515.2,2,549.6,499.0,0.0,0.0,0.0,0.0,54
2023-05-10 09:57:08,MO2403-C-6200,MO2403-C-6200,549.6,0.0,0.0,0.0,12,509.0,513.0,1,549.6,499.0,0.0,0.0,0.0,0.0,54
2023-05-10 09:57:08,MO2403-C-6200,MO2403-C-6200,549.6,0.0,0.0,0.0,12,508.8,513.0,1,549.6,499.0,0.0,0.0,0.0,0.0,54
2023-05-10 09:57:09,MO2403-C-6200,MO2403-C-6200,549.6,0.0,0.0,0.0,36,508.6,513.0,1,549.6,499.0,0.0,0.0,0.0,0.0,54
2023-05-10 09:57:09,MO2403-C-6200,MO2403-C-6200,549.6,0.0,0.0,0.0,18,508.6,513.0,1,549.6,499.0,0.0,0.0,0.0,0.0,54
2023-05-10 09:57:10,MO2403-C-6200,MO2403-C-6200,549.6,0.0,0.0,0.0,12,508.6,513.0,1,549.6,499.0,0.0,0.0,0.0,0.0,54
2023-05-10 09:57:10,MO2403-C-6200,MO2403-C-6200,549.6,0.0,0.0,0.0,6,508.6,513.0,1,549.6,499.0,0.0,0.0,0.0,0.0,54
2023-05-10 09:57:11,MO2403-C-6200,MO2403-C-6200,549.6,0.0,0.0,0.0,6,508.6,513.2,21,549.6,499.0,0.0,0.0,0.0,0.0,54
2023-05-10 09:57:11,MO2403-C-6200,MO2403-C-6200,549.6,0.0,0.0,0.0,1,509.0,513.2,6,549.6,499.0,0.0,0.0,0.0,0.0,54
2023-05-10 09:57:12,MO2403-C-6200,MO2403-C-6200,549.6,0.0,0.0,0.0,12,508.6,513.4,22,549.6,499.0,0.0,0.0,0.0,0.0,54
2023-05-10 09:57:12,MO2403-C-6200,MO2403-C-6200,549.6,0.0,0.0,0.0,12,508.6,513.4,7,549.6,499.0,0.0,0.0,0.0,0.0,54
2023-05-10 09:57:13,MO2403-C-6200,MO2403-C-6200,549.6,0.0,0.0,0.0,12,508.6,513.4,1,549.6,499.0,0.0,0.0,0.0,0.0,54
2023-05-10 09:57:56,MO2403-C-6200,MO2403-C-6200,549.6,0.0,0.0,0.0,1,508.8,513.4,1,549.6,499.0,0.0,0.0,0.0,0.0,54
2023-05-10 09:57:56,MO2403-C-6200,MO2403-C-6200,549.6,0.0,0.0,0.0,1,508.8,513.6,21,549.6,499.0,0.0,0.0,0.0,0.0,54
2023-05-10 09:57:57,MO2403-C-6200,MO2403-C-6200,549.6,0.0,0.0,0.0,1,508.8,513.8,15,549.6,499.0,0.0,0.0,0.0,0.0,54
2023-05-10 09:57:57,MO2403-C-6200,MO2403-C-6200,549.6,0.0,0.0,0.0,7,508.8,514.2,27,549.6,499.0,0.0,0.0,0.0,0.0,54
2023-05-10 09:57:58,MO2403-C-6200,MO2403-C-6200,549.6,0.0,0.0,0.0,7,508.8,514.2,6,549.6,499.0,0.0,0.0,0.0,0.0,54
2023-05-10 09:57:58,MO2403-C-6200,MO2403-C-6200,549.6,0.0,0.0,0.0,1,509.8,514.4,27,549.6,499.0,0.0,0.0,0.0,0.0,54
2023-05-10 09:57:59,MO2403-C-6200,MO2403-C-6200,549.6,0.0,0.0,0.0,1,509.8,514.4,6,549.6,499.0,0.0,0.0,0.0,0.0,54
2023-05-10 09:57:59,MO2403-C-6200,MO2403-C-6200,549.6,0.0,0.0,0.0,1,509.8,514.6,21,549.6,499.0,0.0,0.0,0.0,0.0,54
2023-05-10 09:58:00,MO2403-C-6200,MO2403-C-6200,549.6,0.0,0.0,0.0,1,509.8,514.6,6,549.6,499.0,0.0,0.0,0.0,0.0,54
2023-05-10 09:58:00,MO2403-C-6200,MO2403-C-6200,549.6,0.0,0.0,0.0,1,509.8,514.8,21,549.6,499.0,0.0,0.0,0.0,0.0,54
2023-05-10 09:58:01,MO2403-C-6200,MO2403-C-6200,549.6,0.0,0.0,0.0,1,509.8,514.8,6,549.6,499.0,0.0,0.0,0.0,0.0,54
2023-05-10 09:58:01,MO2403-C-6200,MO2403-C-6200,549.6,0.0,0.0,0.0,7,508.8,515.0,28,549.6,499.0,0.0,0.0,0.0,0.0,54
2023-05-10 09:58:02,MO2403-C-6200,MO2403-C-6200,549.6,0.0,0.0,0.0,7,508.8,515.0,7,549.6,499.0,0.0,0.0,0.0,0.0,54
2023-05-10 09:58:02,MO2403-C-6200,MO2403-C-6200,549.6,0.0,0.0,0.0,7,508.8,515.0,1,549.6,499.0,0.0,0.0,0.0,0.0,54
2023-05-10 09:58:03,MO2403-C-6200,MO2403-C-6200,549.6,0.0,0.0,0.0,6,508.8,515.0,1,549.6,499.0,0.0,0.0,0.0,0.0,54
2023-05-10 09:58:26,MO2403-C-6200,MO2403-C-6200,549.6,0.0,0.0,0.0,1,509.0,515.0,1,549.6,499.0,0.0,0.0,0.0,0.0,54
2023-05-10 09:58:31,MO2403-C-6200,MO2403-C-6200,549.6,0.0,0.0,0.0,6,508.8,515.0,1,549.6,499.0,0.0,0.0,0.0,0.0,54
2023-05-10 09:58:36,MO2403-C-6200,MO2403-C-6200,549.6,0.0,0.0,0.0,1,509.0,515.0,1,549.6,499.0,0.0,0.0,0.0,0.0,54
2023-05-10 09:58:43,MO2403-C-6200,MO2403-C-6200,549.6,0.0,0.0,0.0,7,509.0,515.0,1,549.6,499.0,0.0,0.0,0.0,0.0,54
2023-05-10 09:58:44,MO2403-C-6200,MO2403-C-6200,549.6,0.0,0.0,0.0,1,509.8,515.0,1,549.6,499.0,0.0,0.0,0.0,0.0,54
2023-05-10 09:58:47,MO2403-C-6200,MO2403-C-6200,549.6,0.0,0.0,0.0,1,509.8,515.2,21,549.6,499.0,0.0,0.0,0.0,0.0,54
2023-05-10 09:58:48,MO2403-C-6200,MO2403-C-6200,549.6,0.0,0.0,0.0,1,509.8,515.2,6,549.6,499.0,0.0,0.0,0.0,0.0,54
2023-05-10 09:58:48,MO2403-C-6200,MO2403-C-6200,549.6,0.0,0.0,0.0,1,509.8,515.4,21,549.6,499.0,0.0,0.0,0.0,0.0,54
2023-05-10 09:58:49,MO2403-C-6200,MO2403-C-6200,549.6,0.0,0.0,0.0,1,509.8,515.4,6,549.6,499.0,0.0,0.0,0.0,0.0,54
2023-05-10 09:58:49,MO2403-C-6200,MO2403-C-6200,549.6,0.0,0.0,0.0,1,509.8,515.6,39,549.6,499.0,0.0,0.0,0.0,0.0,54
2023-05-10 09:58:50,MO2403-C-6200,MO2403-C-6200,549.6,0.0,0.0,0.0,1,509.8,515.6,6,549.6,499.0,0.0,0.0,0.0,0.0,54
2023-05-10 09:58:50,MO2403-C-6200,MO2403-C-6200,549.6,0.0,0.0,0.0,1,509.8,515.8,22,549.6,499.0,0.0,0.0,0.0,0.0,54
2023-05-10 09:58:51,MO2403-C-6200,MO2403-C-6200,549.6,0.0,0.0,0.0,1,509.8,515.8,7,549.6,499.0,0.0,0.0,0.0,0.0,54
2023-05-10 09:58:51,MO2403-C-6200,MO2403-C-6200,549.6,0.0,0.0,0.0,1,509.8,515.8,1,549.6,499.0,0.0,0.0,0.0,0.0,54
2023-05-10 09:59:15,MO2403-C-6200,MO2403-C-6200,549.6,0.0,0.0,0.0,1,509.8,516.0,21,549.6,499.0,0.0,0.0,0.0,0.0,54
2023-05-10 09:59:15,MO2403-C-6200,MO2403-C-6200,549.6,0.0,0.0,0.0,1,509.8,516.0,6,549.6,499.0,0.0,0.0,0.0,0.0,54
2023-05-10 09:59:16,MO2403-C-6200,MO2403-C-6200,549.6,0.0,0.0,0.0,1,509.8,516.2,21,549.6,499.0,0.0,0.0,0.0,0.0,54
2023-05-10 09:59:16,MO2403-C-6200,MO2403-C-6200,549.6,0.0,0.0,0.0,1,509.8,516.2,6,549.6,499.0,0.0,0.0,0.0,0.0,54
