time,symbol_id,symbol_name,last,trade_volume,trade_amount,open_interest_change,bv1,bp1,ap1,av1,yesterday_close,today_open,today_high,today_low,volume,amount,open_interest
2023-05-10 09:29:00,MO2403-P-6400,MO2403-P-6400,312.8,0.0,0.0,0.0,1,271.0,365.4,1,312.8,315.0,0.0,0.0,0.0,0.0,234
2023-05-10 09:30:00,MO2403-P-6400,MO2403-P-6400,312.8,0.0,0.0,0.0,1,272.8,365.4,1,312.8,315.0,0.0,0.0,0.0,0.0,234
2023-05-10 09:30:00,MO2403-P-6400,MO2403-P-6400,312.8,0.0,0.0,0.0,6,273.0,365.4,2,312.8,315.0,0.0,0.0,0.0,0.0,234
2023-05-10 09:30:01,MO2403-P-6400,MO2403-P-6400,312.8,0.0,0.0,0.0,1,284.4,359.4,1,312.8,315.0,0.0,0.0,0.0,0.0,234
2023-05-10 09:30:01,MO2403-P-6400,MO2403-P-6400,312.8,0.0,0.0,0.0,6,284.6,359.4,1,312.8,315.0,0.0,0.0,0.0,0.0,234
2023-05-10 09:30:02,MO2403-P-6400,MO2403-P-6400,312.8,0.0,0.0,0.0,1,286.6,361.6,1,312.8,315.0,0.0,0.0,0.0,0.0,234
2023-05-10 09:30:02,MO2403-P-6400,MO2403-P-6400,312.8,0.0,0.0,0.0,6,286.8,361.6,1,312.8,315.0,0.0,0.0,0.0,0.0,234
2023-05-10 09:30:05,MO2403-P-6400,MO2403-P-6400,312.8,0.0,0.0,0.0,6,286.8,360.0,1,312.8,315.0,0.0,0.0,0.0,0.0,234
2023-05-10 09:30:06,MO2403-P-6400,MO2403-P-6400,312.8,0.0,0.0,0.0,1,294.8,360.0,1,312.8,315.0,0.0,0.0,0.0,0.0,234
2023-05-10 09:30:06,MO2403-P-6400,MO2403-P-6400,312.8,0.0,0.0,0.0,1,294.8,359.8,6,312.8,315.0,0.0,0.0,0.0,0.0,234
2023-05-10 09:30:08,MO2403-P-6400,MO2403-P-6400,312.8,0.0,0.0,0.0,6,291.4,359.8,6,312.8,315.0,0.0,0.0,0.0,0.0,234
2023-05-10 09:30:08,MO2403-P-6400,MO2403-P-6400,312.8,0.0,0.0,0.0,6,285.2,360.0,1,312.8,315.0,0.0,0.0,0.0,0.0,234
2023-05-10 09:30:11,MO2403-P-6400,MO2403-P-6400,312.8,0.0,0.0,0.0,7,285.2,360.0,1,312.8,315.0,0.0,0.0,0.0,0.0,234
2023-05-10 09:30:12,MO2403-P-6400,MO2403-P-6400,312.8,0.0,0.0,0.0,6,285.4,360.0,1,312.8,315.0,0.0,0.0,0.0,0.0,234
2023-05-10 09:30:13,MO2403-P-6400,MO2403-P-6400,312.8,0.0,0.0,0.0,6,285.4,358.2,1,312.8,315.0,0.0,0.0,0.0,0.0,234
2023-05-10 09:30:13,MO2403-P-6400,MO2403-P-6400,312.8,0.0,0.0,0.0,6,285.4,356.2,1,312.8,315.0,0.0,0.0,0.0,0.0,234
2023-05-10 09:30:14,MO2403-P-6400,MO2403-P-6400,312.8,0.0,0.0,0.0,1,285.6,356.0,1,312.8,315.0,0.0,0.0,0.0,0.0,234
2023-05-10 09:30:14,MO2403-P-6400,MO2403-P-6400,312.8,0.0,0.0,0.0,6,285.8,356.0,1,312.8,315.0,0.0,0.0,0.0,0.0,234
2023-05-10 09:30:15,MO2403-P-6400,MO2403-P-6400,312.8,0.0,0.0,0.0,1,286.0,356.0,1,312.8,315.0,0.0,0.0,0.0,0.0,234
2023-05-10 09:30:15,MO2403-P-6400,MO2403-P-6400,312.8,0.0,0.0,0.0,6,286.2,356.0,2,312.8,315.0,0.0,0.0,0.0,0.0,234
2023-05-10 09:30:16,MO2403-P-6400,MO2403-P-6400,312.8,0.0,0.0,0.0,1,286.4,356.0,2,312.8,315.0,0.0,0.0,0.0,0.0,234
2023-05-10 09:30:16,MO2403-P-6400,MO2403-P-6400,312.8,0.0,0.0,0.0,6,286.6,356.0,2,312.8,315.0,0.0,0.0,0.0,0.0,234
2023-05-10 09:30:17,MO2403-P-6400,MO2403-P-6400,312.8,0.0,0.0,0.0,1,286.8,356.0,2,312.8,315.0,0.0,0.0,0.0,0.0,234
2023-05-10 09:30:17,MO2403-P-6400,MO2403-P-6400,312.8,0.0,0.0,0.0,6,287.0,356.0,2,312.8,315.0,0.0,0.0,0.0,0.0,234
2023-05-10 09:30:18,MO2403-P-6400,MO2403-P-6400,312.8,0.0,0.0,0.0,1,287.2,356.0,2,312.8,315.0,0.0,0.0,0.0,0.0,234
2023-05-10 09:30:18,MO2403-P-6400,MO2403-P-6400,312.8,0.0,0.0,0.0,6,287.4,356.0,2,312.8,315.0,0.0,0.0,0.0,0.0,234
2023-05-10 09:30:19,MO2403-P-6400,MO2403-P-6400,312.8,0.0,0.0,0.0,1,287.6,356.0,2,312.8,315.0,0.0,0.0,0.0,0.0,234
2023-05-10 09:30:19,MO2403-P-6400,MO2403-P-6400,312.8,0.0,0.0,0.0,6,287.8,356.0,2,312.8,315.0,0.0,0.0,0.0,0.0,234
2023-05-10 09:30:20,MO2403-P-6400,MO2403-P-6400,312.8,0.0,0.0,0.0,1,288.0,356.0,2,312.8,315.0,0.0,0.0,0.0,0.0,234
2023-05-10 09:30:20,MO2403-P-6400,MO2403-P-6400,312.8,0.0,0.0,0.0,6,288.2,356.0,2,312.8,315.0,0.0,0.0,0.0,0.0,234
2023-05-10 09:30:21,MO2403-P-6400,MO2403-P-6400,312.8,0.0,0.0,0.0,1,288.4,356.0,2,312.8,315.0,0.0,0.0,0.0,0.0,234
2023-05-10 09:30:21,MO2403-P-6400,MO2403-P-6400,312.8,0.0,0.0,0.0,6,288.6,356.0,2,312.8,315.0,0.0,0.0,0.0,0.0,234
2023-05-10 09:30:22,MO2403-P-6400,MO2403-P-6400,312.8,0.0,0.0,0.0,1,288.8,356.0,2,312.8,315.0,0.0,0.0,0.0,0.0,234
2023-05-10 09:30:22,MO2403-P-6400,MO2403-P-6400,312.8,0.0,0.0,0.0,6,289.0,356.0,2,312.8,315.0,0.0,0.0,0.0,0.0,234
2023-05-10 09:30:23,MO2403-P-6400,MO2403-P-6400,312.8,0.0,0.0,0.0,1,289.2,356.0,2,312.8,315.0,0.0,0.0,0.0,0.0,234
2023-05-10 09:30:23,MO2403-P-6400,MO2403-P-6400,312.8,0.0,0.0,0.0,6,289.4,356.0,2,312.8,315.0,0.0,0.0,0.0,0.0,234
2023-05-10 09:30:24,MO2403-P-6400,MO2403-P-6400,312.8,0.0,0.0,0.0,1,289.6,356.0,2,312.8,315.0,0.0,0.0,0.0,0.0,234
2023-05-10 09:30:25,MO2403-P-6400,MO2403-P-6400,312.8,0.0,0.0,0.0,6,289.8,356.0,2,312.8,315.0,0.0,0.0,0.0,0.0,234
2023-05-10 09:30:25,MO2403-P-6400,MO2403-P-6400,312.8,0.0,0.0,0.0,1,290.0,355.8,1,312.8,315.0,0.0,0.0,0.0,0.0,234
2023-05-10 09:30:26,MO2403-P-6400,MO2403-P-6400,312.8,0.0,0.0,0.0,6,305.8,330.8,6,312.8,315.0,0.0,0.0,0.0,0.0,234
2023-05-10 09:30:26,MO2403-P-6400,MO2403-P-6400,312.8,0.0,0.0,0.0,1,306.0,330.8,6,312.8,315.0,0.0,0.0,0.0,0.0,234
2023-05-10 09:30:27,MO2403-P-6400,MO2403-P-6400,312.8,0.0,0.0,0.0,2,306.2,330.6,2,312.8,315.0,0.0,0.0,0.0,0.0,234
2023-05-10 09:30:27,MO2403-P-6400,MO2403-P-6400,312.8,0.0,0.0,0.0,7,306.4,330.6,2,312.8,315.0,0.0,0.0,0.0,0.0,234
2023-05-10 09:30:28,MO2403-P-6400,MO2403-P-6400,312.8,0.0,0.0,0.0,1,306.4,330.6,2,312.8,315.0,0.0,0.0,0.0,0.0,234
2023-05-10 09:30:28,MO2403-P-6400,MO2403-P-6400,312.8,0.0,0.0,0.0,6,306.6,330.6,2,312.8,315.0,0.0,0.0,0.0,0.0,234
2023-05-10 09:30:29,MO2403-P-6400,MO2403-P-6400,312.8,0.0,0.0,0.0,1,306.8,330.6,2,312.8,315.0,0.0,0.0,0.0,0.0,234
2023-05-10 09:30:29,MO2403-P-6400,MO2403-P-6400,312.8,0.0,0.0,0.0,6,307.0,330.8,6,312.8,315.0,0.0,0.0,0.0,0.0,234
2023-05-10 09:30:30,MO2403-P-6400,MO2403-P-6400,312.8,0.0,0.0,0.0,1,307.2,330.8,6,312.8,315.0,0.0,0.0,0.0,0.0,234
2023-05-10 09:30:30,MO2403-P-6400,MO2403-P-6400,312.8,0.0,0.0,0.0,6,307.4,330.8,6,312.8,315.0,0.0,0.0,0.0,0.0,234
2023-05-10 09:30:31,MO2403-P-6400,MO2403-P-6400,312.8,0.0,0.0,0.0,7,307.4,330.8,6,312.8,315.0,0.0,0.0,0.0,0.0,234
2023-05-10 09:30:31,MO2403-P-6400,MO2403-P-6400,312.8,0.0,0.0,0.0,8,307.6,330.6,2,312.8,315.0,0.0,0.0,0.0,0.0,234
2023-05-10 09:30:32,MO2403-P-6400,MO2403-P-6400,312.8,0.0,0.0,0.0,6,307.8,330.6,2,312.8,315.0,0.0,0.0,0.0,0.0,234
2023-05-10 09:30:33,MO2403-P-6400,MO2403-P-6400,312.8,0.0,0.0,0.0,7,307.8,330.6,2,312.8,315.0,0.0,0.0,0.0,0.0,234
2023-05-10 09:30:34,MO2403-P-6400,MO2403-P-6400,312.8,0.0,0.0,0.0,6,308.0,330.8,6,312.8,315.0,0.0,0.0,0.0,0.0,234
2023-05-10 09:30:35,MO2403-P-6400,MO2403-P-6400,312.8,0.0,0.0,0.0,6,308.2,330.8,6,312.8,315.0,0.0,0.0,0.0,0.0,234
2023-05-10 09:30:35,MO2403-P-6400,MO2403-P-6400,312.8,0.0,0.0,0.0,6,308.4,330.8,6,312.8,315.0,0.0,0.0,0.0,0.0,234
2023-05-10 09:30:36,MO2403-P-6400,MO2403-P-6400,312.8,0.0,0.0,0.0,2,308.6,330.6,2,312.8,315.0,0.0,0.0,0.0,0.0,234
2023-05-10 09:30:37,MO2403-P-6400,MO2403-P-6400,312.8,0.0,0.0,0.0,6,308.8,330.6,2,312.8,315.0,0.0,0.0,0.0,0.0,234
2023-05-10 09:30:40,MO2403-P-6400,MO2403-P-6400,312.8,0.0,0.0,0.0,6,308.8,330.8,6,312.8,315.0,0.0,0.0,0.0,0.0,234
2023-05-10 09:30:40,MO2403-P-6400,MO2403-P-6400,312.8,0.0,0.0,0.0,6,308.8,330.8,7,312.8,315.0,0.0,0.0,0.0,0.0,234
2023-05-10 09:30:42,MO2403-P-6400,MO2403-P-6400,312.8,0.0,0.0,0.0,2,309.0,330.6,2,312.8,315.0,0.0,0.0,0.0,0.0,234
2023-05-10 09:30:42,MO2403-P-6400,MO2403-P-6400,312.8,0.0,0.0,0.0,6,309.2,330.6,2,312.8,315.0,0.0,0.0,0.0,0.0,234
2023-05-10 09:30:45,MO2403-P-6400,MO2403-P-6400,312.8,0.0,0.0,0.0,6,309.2,330.8,6,312.8,315.0,0.0,0.0,0.0,0.0,234
2023-05-10 09:30:45,MO2403-P-6400,MO2403-P-6400,312.8,0.0,0.0,0.0,6,308.8,330.8,6,312.8,315.0,0.0,0.0,0.0,0.0,234
2023-05-10 09:30:47,MO2403-P-6400,MO2403-P-6400,312.8,0.0,0.0,0.0,2,309.0,330.6,2,312.8,315.0,0.0,0.0,0.0,0.0,234
2023-05-10 09:30:47,MO2403-P-6400,MO2403-P-6400,312.8,0.0,0.0,0.0,6,309.2,330.6,2,312.8,315.0,0.0,0.0,0.0,0.0,234
2023-05-10 09:30:49,MO2403-P-6400,MO2403-P-6400,312.8,0.0,0.0,0.0,6,309.2,330.8,6,312.8,315.0,0.0,0.0,0.0,0.0,234
2023-05-10 09:30:50,MO2403-P-6400,MO2403-P-6400,312.8,0.0,0.0,0.0,6,308.8,330.8,6,312.8,315.0,0.0,0.0,0.0,0.0,234
2023-05-10 09:30:51,MO2403-P-6400,MO2403-P-6400,312.8,0.0,0.0,0.0,6,312.6,329.4,6,312.8,315.0,0.0,0.0,0.0,0.0,234
2023-05-10 09:30:52,MO2403-P-6400,MO2403-P-6400,312.8,0.0,0.0,0.0,6,312.8,329.4,6,312.8,315.0,0.0,0.0,0.0,0.0,234
2023-05-10 09:30:52,MO2403-P-6400,MO2403-P-6400,312.8,0.0,0.0,0.0,2,313.4,328.8,2,312.8,315.0,0.0,0.0,0.0,0.0,234
2023-05-10 09:30:55,MO2403-P-6400,MO2403-P-6400,312.8,0.0,0.0,0.0,8,313.4,328.8,2,312.8,315.0,0.0,0.0,0.0,0.0,234
2023-05-10 09:30:56,MO2403-P-6400,MO2403-P-6400,312.8,0.0,0.0,0.0,6,313.6,328.8,2,312.8,315.0,0.0,0.0,0.0,0.0,234
2023-05-10 09:30:56,MO2403-P-6400,MO2403-P-6400,312.8,0.0,0.0,0.0,2,314.2,328.8,2,312.8,315.0,0.0,0.0,0.0,0.0,234
2023-05-10 09:30:57,MO2403-P-6400,MO2403-P-6400,312.8,0.0,0.0,0.0,8,314.2,328.8,2,312.8,315.0,0.0,0.0,0.0,0.0,234
2023-05-10 09:30:57,MO2403-P-6400,MO2403-P-6400,312.8,0.0,0.0,0.0,14,314.2,328.8,2,312.8,315.0,0.0,0.0,0.0,0.0,234
2023-05-10 09:30:58,MO2403-P-6400,MO2403-P-6400,312.8,0.0,0.0,0.0,20,314.2,328.8,2,312.8,315.0,0.0,0.0,0.0,0.0,234
2023-05-10 09:31:00,MO2403-P-6400,MO2403-P-6400,312.8,0.0,0.0,0.0,14,314.2,328.8,2,312.8,315.0,0.0,0.0,0.0,0.0,234
2023-05-10 09:31:02,MO2403-P-6400,MO2403-P-6400,312.8,0.0,0.0,0.0,12,314.2,328.8,2,312.8,315.0,0.0,0.0,0.0,0.0,234
2023-05-10 09:31:02,MO2403-P-6400,MO2403-P-6400,312.8,0.0,0.0,0.0,6,314.2,328.8,2,312.8,315.0,0.0,0.0,0.0,0.0,234
2023-05-10 09:31:03,MO2403-P-6400,MO2403-P-6400,312.8,0.0,0.0,0.0,2,314.4,328.8,2,312.8,315.0,0.0,0.0,0.0,0.0,234
2023-05-10 09:31:04,MO2403-P-6400,MO2403-P-6400,312.8,0.0,0.0,0.0,8,314.2,328.8,2,312.8,315.0,0.0,0.0,0.0,0.0,234
2023-05-10 09:31:04,MO2403-P-6400,MO2403-P-6400,312.8,0.0,0.0,0.0,6,314.2,328.8,2,312.8,315.0,0.0,0.0,0.0,0.0,234
2023-05-10 09:31:06,MO2403-P-6400,MO2403-P-6400,312.8,0.0,0.0,0.0,6,314.4,328.8,2,312.8,315.0,0.0,0.0,0.0,0.0,234
2023-05-10 09:31:09,MO2403-P-6400,MO2403-P-6400,312.8,0.0,0.0,0.0,6,314.6,328.8,2,312.8,315.0,0.0,0.0,0.0,0.0,234
2023-05-10 09:31:10,MO2403-P-6400,MO2403-P-6400,312.8,0.0,0.0,0.0,6,314.8,329.4,12,312.8,315.0,0.0,0.0,0.0,0.0,234
2023-05-10 09:31:10,MO2403-P-6400,MO2403-P-6400,312.8,0.0,0.0,0.0,6,314.8,329.4,6,312.8,315.0,0.0,0.0,0.0,0.0,234
2023-05-10 09:31:33,MO2403-P-6400,MO2403-P-6400,312.8,0.0,0.0,0.0,2,315.0,328.8,2,312.8,315.0,0.0,0.0,0.0,0.0,234
2023-05-10 09:31:33,MO2403-P-6400,MO2403-P-6400,312.8,0.0,0.0,0.0,6,315.2,328.8,2,312.8,315.0,0.0,0.0,0.0,0.0,234
2023-05-10 09:31:34,MO2403-P-6400,MO2403-P-6400,312.8,0.0,0.0,0.0,2,315.4,328.8,2,312.8,315.0,0.0,0.0,0.0,0.0,234
2023-05-10 09:31:34,MO2403-P-6400,MO2403-P-6400,312.8,0.0,0.0,0.0,6,315.6,328.8,2,312.8,315.0,0.0,0.0,0.0,0.0,234
2023-05-10 09:31:35,MO2403-P-6400,MO2403-P-6400,312.8,0.0,0.0,0.0,6,314.8,328.8,2,312.8,315.0,0.0,0.0,0.0,0.0,234
2023-05-10 09:31:36,MO2403-P-6400,MO2403-P-6400,312.8,0.0,0.0,0.0,6,314.8,329.4,6,312.8,315.0,0.0,0.0,0.0,0.0,234
2023-05-10 09:31:37,MO2403-P-6400,MO2403-P-6400,312.8,0.0,0.0,0.0,6,314.6,329.2,6,312.8,315.0,0.0,0.0,0.0,0.0,234
2023-05-10 09:31:38,MO2403-P-6400,MO2403-P-6400,312.8,0.0,0.0,0.0,6,314.8,329.4,6,312.8,315.0,0.0,0.0,0.0,0.0,234
2023-05-10 09:31:40,MO2403-P-6400,MO2403-P-6400,312.8,0.0,0.0,0.0,2,315.4,328.8,2,312.8,315.0,0.0,0.0,0.0,0.0,234
2023-05-10 09:31:41,MO2403-P-6400,MO2403-P-6400,312.8,0.0,0.0,0.0,6,315.6,328.8,8,312.8,315.0,0.0,0.0,0.0,0.0,234
2023-05-10 09:31:41,MO2403-P-6400,MO2403-P-6400,312.8,0.0,0.0,0.0,7,315.6,328.8,8,312.8,315.0,0.0,0.0,0.0,0.0,234
2023-05-10 09:31:42,MO2403-P-6400,MO2403-P-6400,312.8,0.0,0.0,0.0,6,315.8,328.6,6,312.8,315.0,0.0,0.0,0.0,0.0,234
2023-05-10 09:31:42,MO2403-P-6400,MO2403-P-6400,312.8,0.0,0.0,0.0,6,315.8,328.0,2,312.8,315.0,0.0,0.0,0.0,0.0,234
2023-05-10 09:31:43,MO2403-P-6400,MO2403-P-6400,312.8,0.0,0.0,0.0,6,315.8,328.0,8,312.8,315.0,0.0,0.0,0.0,0.0,234
2023-05-10 09:31:46,MO2403-P-6400,MO2403-P-6400,312.8,0.0,0.0,0.0,6,315.8,328.0,6,312.8,315.0,0.0,0.0,0.0,0.0,234
2023-05-10 09:31:46,MO2403-P-6400,MO2403-P-6400,312.8,0.0,0.0,0.0,7,315.8,328.0,6,312.8,315.0,0.0,0.0,0.0,0.0,234
2023-05-10 09:31:47,MO2403-P-6400,MO2403-P-6400,312.8,0.0,0.0,0.0,6,316.0,328.0,8,312.8,315.0,0.0,0.0,0.0,0.0,234
2023-05-10 09:31:47,MO2403-P-6400,MO2403-P-6400,312.8,0.0,0.0,0.0,6,316.0,328.0,6,312.8,315.0,0.0,0.0,0.0,0.0,234
2023-05-10 09:31:48,MO2403-P-6400,MO2403-P-6400,312.8,0.0,0.0,0.0,6,316.2,328.0,6,312.8,315.0,0.0,0.0,0.0,0.0,234
2023-05-10 09:31:48,MO2403-P-6400,MO2403-P-6400,312.8,0.0,0.0,0.0,6,316.4,327.8,2,312.8,315.0,0.0,0.0,0.0,0.0,234
2023-05-10 09:31:49,MO2403-P-6400,MO2403-P-6400,312.8,0.0,0.0,0.0,6,316.4,328.0,14,312.8,315.0,0.0,0.0,0.0,0.0,234
2023-05-10 09:31:49,MO2403-P-6400,MO2403-P-6400,312.8,0.0,0.0,0.0,6,316.4,328.0,20,312.8,315.0,0.0,0.0,0.0,0.0,234
2023-05-10 09:31:51,MO2403-P-6400,MO2403-P-6400,312.8,0.0,0.0,0.0,6,316.4,328.0,22,312.8,315.0,0.0,0.0,0.0,0.0,234
2023-05-10 09:31:52,MO2403-P-6400,MO2403-P-6400,312.8,0.0,0.0,0.0,6,316.4,328.0,20,312.8,315.0,0.0,0.0,0.0,0.0,234
2023-05-10 09:31:53,MO2403-P-6400,MO2403-P-6400,312.8,0.0,0.0,0.0,6,316.4,328.0,14,312.8,315.0,0.0,0.0,0.0,0.0,234
2023-05-10 09:31:55,MO2403-P-6400,MO2403-P-6400,312.8,0.0,0.0,0.0,6,316.4,327.6,2,312.8,315.0,0.0,0.0,0.0,0.0,234
2023-05-10 09:31:56,MO2403-P-6400,MO2403-P-6400,312.8,0.0,0.0,0.0,7,316.4,327.6,2,312.8,315.0,0.0,0.0,0.0,0.0,234
2023-05-10 09:31:57,MO2403-P-6400,MO2403-P-6400,312.8,0.0,0.0,0.0,6,316.6,327.6,2,312.8,315.0,0.0,0.0,0.0,0.0,234
2023-05-10 09:32:00,MO2403-P-6400,MO2403-P-6400,312.8,0.0,0.0,0.0,6,316.6,327.8,14,312.8,315.0,0.0,0.0,0.0,0.0,234
2023-05-10 09:32:01,MO2403-P-6400,MO2403-P-6400,312.8,0.0,0.0,0.0,1,316.4,327.6,6,312.8,315.0,0.0,0.0,0.0,0.0,234
2023-05-10 09:32:02,MO2403-P-6400,MO2403-P-6400,312.8,0.0,0.0,0.0,1,316.4,327.0,2,312.8,315.0,0.0,0.0,0.0,0.0,234
2023-05-10 09:32:02,MO2403-P-6400,MO2403-P-6400,312.8,0.0,0.0,0.0,6,316.2,326.8,6,312.8,315.0,0.0,0.0,0.0,0.0,234
2023-05-10 09:32:03,MO2403-P-6400,MO2403-P-6400,312.8,0.0,0.0,0.0,6,316.2,326.8,8,312.8,315.0,0.0,0.0,0.0,0.0,234
2023-05-10 09:32:03,MO2403-P-6400,MO2403-P-6400,312.8,0.0,0.0,0.0,12,316.2,326.6,6,312.8,315.0,0.0,0.0,0.0,0.0,234
2023-05-10 09:32:04,MO2403-P-6400,MO2403-P-6400,312.8,0.0,0.0,0.0,6,316.4,326.6,12,312.8,315.0,0.0,0.0,0.0,0.0,234
2023-05-10 09:32:04,MO2403-P-6400,MO2403-P-6400,312.8,0.0,0.0,0.0,6,316.4,326.4,6,312.8,315.0,0.0,0.0,0.0,0.0,234
2023-05-10 09:32:09,MO2403-P-6400,MO2403-P-6400,312.8,0.0,0.0,0.0,6,316.2,326.4,6,312.8,315.0,0.0,0.0,0.0,0.0,234
2023-05-10 09:32:11,MO2403-P-6400,MO2403-P-6400,312.8,0.0,0.0,0.0,6,316.2,326.4,8,312.8,315.0,0.0,0.0,0.0,0.0,234
2023-05-10 09:32:12,MO2403-P-6400,MO2403-P-6400,312.8,0.0,0.0,0.0,12,316.2,326.2,6,312.8,315.0,0.0,0.0,0.0,0.0,234
2023-05-10 09:32:12,MO2403-P-6400,MO2403-P-6400,312.8,0.0,0.0,0.0,6,316.2,326.4,6,312.8,315.0,0.0,0.0,0.0,0.0,234
2023-05-10 09:32:13,MO2403-P-6400,MO2403-P-6400,312.8,0.0,0.0,0.0,6,316.2,326.4,10,312.8,315.0,0.0,0.0,0.0,0.0,234
2023-05-10 09:32:13,MO2403-P-6400,MO2403-P-6400,312.8,0.0,0.0,0.0,12,316.2,326.2,6,312.8,315.0,0.0,0.0,0.0,0.0,234
2023-05-10 09:32:14,MO2403-P-6400,MO2403-P-6400,312.8,0.0,0.0,0.0,6,316.4,326.2,6,312.8,315.0,0.0,0.0,0.0,0.0,234
2023-05-10 09:32:30,MO2403-P-6400,MO2403-P-6400,312.8,0.0,0.0,0.0,6,316.6,326.2,6,312.8,315.0,0.0,0.0,0.0,0.0,234
2023-05-10 09:32:31,MO2403-P-6400,MO2403-P-6400,312.8,0.0,0.0,0.0,7,316.6,326.2,6,312.8,315.0,0.0,0.0,0.0,0.0,234
2023-05-10 09:32:33,MO2403-P-6400,MO2403-P-6400,312.8,0.0,0.0,0.0,1,316.6,326.4,6,312.8,315.0,0.0,0.0,0.0,0.0,234
2023-05-10 09:32:44,MO2403-P-6400,MO2403-P-6400,312.8,0.0,0.0,0.0,1,316.8,326.4,6,312.8,315.0,0.0,0.0,0.0,0.0,234
2023-05-10 09:32:52,MO2403-P-6400,MO2403-P-6400,312.8,0.0,0.0,0.0,1,316.8,326.4,8,312.8,315.0,0.0,0.0,0.0,0.0,234
2023-05-10 09:32:53,MO2403-P-6400,MO2403-P-6400,312.8,0.0,0.0,0.0,1,316.8,326.2,6,312.8,315.0,0.0,0.0,0.0,0.0,234
2023-05-10 09:32:54,MO2403-P-6400,MO2403-P-6400,312.8,0.0,0.0,0.0,1,317.0,326.2,6,312.8,315.0,0.0,0.0,0.0,0.0,234
2023-05-10 09:33:04,MO2403-P-6400,MO2403-P-6400,312.8,0.0,0.0,0.0,1,317.2,326.2,6,312.8,315.0,0.0,0.0,0.0,0.0,234
2023-05-10 09:33:05,MO2403-P-6400,MO2403-P-6400,312.8,0.0,0.0,0.0,1,317.4,326.2,6,312.8,315.0,0.0,0.0,0.0,0.0,234
2023-05-10 09:33:07,MO2403-P-6400,MO2403-P-6400,312.8,0.0,0.0,0.0,6,317.6,326.6,12,312.8,315.0,0.0,0.0,0.0,0.0,234
2023-05-10 09:33:08,MO2403-P-6400,MO2403-P-6400,312.8,0.0,0.0,0.0,1,318.2,326.6,6,312.8,315.0,0.0,0.0,0.0,0.0,234
2023-05-10 09:33:08,MO2403-P-6400,MO2403-P-6400,312.8,0.0,0.0,0.0,7,318.2,326.4,6,312.8,315.0,0.0,0.0,0.0,0.0,234
2023-05-10 09:33:09,MO2403-P-6400,MO2403-P-6400,312.8,0.0,0.0,0.0,6,318.4,326.4,6,312.8,315.0,0.0,0.0,0.0,0.0,234
2023-05-10 09:33:16,MO2403-P-6400,MO2403-P-6400,312.8,0.0,0.0,0.0,1,319.2,326.4,6,312.8,315.0,0.0,0.0,0.0,0.0,234
2023-05-10 09:33:17,MO2403-P-6400,MO2403-P-6400,312.8,0.0,0.0,0.0,6,319.4,326.6,6,312.8,315.0,0.0,0.0,0.0,0.0,234
2023-05-10 09:33:22,MO2403-P-6400,MO2403-P-6400,312.8,0.0,0.0,0.0,1,320.0,326.6,6,312.8,315.0,0.0,0.0,0.0,0.0,234
2023-05-10 09:33:23,MO2403-P-6400,MO2403-P-6400,312.8,0.0,0.0,0.0,7,320.0,326.4,6,312.8,315.0,0.0,0.0,0.0,0.0,234
2023-05-10 09:33:23,MO2403-P-6400,MO2403-P-6400,312.8,0.0,0.0,0.0,6,320.0,326.4,6,312.8,315.0,0.0,0.0,0.0,0.0,234
2023-05-10 09:33:24,MO2403-P-6400,MO2403-P-6400,312.8,0.0,0.0,0.0,6,319.8,326.6,12,312.8,315.0,0.0,0.0,0.0,0.0,234
2023-05-10 09:33:26,MO2403-P-6400,MO2403-P-6400,312.8,0.0,0.0,0.0,6,319.8,326.6,6,312.8,315.0,0.0,0.0,0.0,0.0,234
2023-05-10 09:33:27,MO2403-P-6400,MO2403-P-6400,312.8,0.0,0.0,0.0,1,320.4,326.6,6,312.8,315.0,0.0,0.0,0.0,0.0,234
2023-05-10 09:33:28,MO2403-P-6400,MO2403-P-6400,312.8,0.0,0.0,0.0,6,320.6,326.6,6,312.8,315.0,0.0,0.0,0.0,0.0,234
2023-05-10 09:33:32,MO2403-P-6400,MO2403-P-6400,312.8,0.0,0.0,0.0,6,320.2,326.6,6,312.8,315.0,0.0,0.0,0.0,0.0,234
2023-05-10 09:33:35,MO2403-P-6400,MO2403-P-6400,312.8,0.0,0.0,0.0,6,320.4,326.6,6,312.8,315.0,0.0,0.0,0.0,0.0,234
2023-05-10 09:33:35,MO2403-P-6400,MO2403-P-6400,312.8,0.0,0.0,0.0,6,320.6,326.6,6,312.8,315.0,0.0,0.0,0.0,0.0,234
2023-05-10 09:33:46,MO2403-P-6400,MO2403-P-6400,312.8,0.0,0.0,0.0,1,321.0,327.0,12,312.8,315.0,0.0,0.0,0.0,0.0,234
2023-05-10 09:33:47,MO2403-P-6400,MO2403-P-6400,312.8,0.0,0.0,0.0,6,321.2,327.4,6,312.8,315.0,0.0,0.0,0.0,0.0,234
2023-05-10 09:33:47,MO2403-P-6400,MO2403-P-6400,312.8,0.0,0.0,0.0,6,321.2,327.6,12,312.8,315.0,0.0,0.0,0.0,0.0,234
2023-05-10 09:33:48,MO2403-P-6400,MO2403-P-6400,312.8,0.0,0.0,0.0,6,321.4,328.0,24,312.8,315.0,0.0,0.0,0.0,0.0,234
2023-05-10 09:33:48,MO2403-P-6400,MO2403-P-6400,312.8,0.0,0.0,0.0,1,321.8,328.0,12,312.8,315.0,0.0,0.0,0.0,0.0,234
2023-05-10 09:33:49,MO2403-P-6400,MO2403-P-6400,312.8,0.0,0.0,0.0,6,322.0,328.0,6,312.8,315.0,0.0,0.0,0.0,0.0,234
2023-05-10 09:33:50,MO2403-P-6400,MO2403-P-6400,312.8,0.0,0.0,0.0,6,322.0,329.4,18,312.8,315.0,0.0,0.0,0.0,0.0,234
2023-05-10 09:33:51,MO2403-P-6400,MO2403-P-6400,312.8,0.0,0.0,0.0,6,322.0,329.4,12,312.8,315.0,0.0,0.0,0.0,0.0,234
2023-05-10 09:33:52,MO2403-P-6400,MO2403-P-6400,312.8,0.0,0.0,0.0,6,322.0,329.4,6,312.8,315.0,0.0,0.0,0.0,0.0,234
2023-05-10 09:33:52,MO2403-P-6400,MO2403-P-6400,312.8,0.0,0.0,0.0,6,322.2,329.4,6,312.8,315.0,0.0,0.0,0.0,0.0,234
2023-05-10 09:33:53,MO2403-P-6400,MO2403-P-6400,312.8,0.0,0.0,0.0,1,322.6,329.4,6,312.8,315.0,0.0,0.0,0.0,0.0,234
2023-05-10 09:33:53,MO2403-P-6400,MO2403-P-6400,312.8,0.0,0.0,0.0,6,322.8,329.4,6,312.8,315.0,0.0,0.0,0.0,0.0,234
2023-05-10 09:33:54,MO2403-P-6400,MO2403-P-6400,312.8,0.0,0.0,0.0,6,323.0,329.4,6,312.8,315.0,0.0,0.0,0.0,0.0,234
2023-05-10 09:33:54,MO2403-P-6400,MO2403-P-6400,312.8,0.0,0.0,0.0,6,323.2,329.4,6,312.8,315.0,0.0,0.0,0.0,0.0,234
2023-05-10 09:33:55,MO2403-P-6400,MO2403-P-6400,312.8,0.0,0.0,0.0,6,322.8,329.4,6,312.8,315.0,0.0,0.0,0.0,0.0,234
2023-05-10 09:33:56,MO2403-P-6400,MO2403-P-6400,312.8,0.0,0.0,0.0,6,322.4,329.4,6,312.8,315.0,0.0,0.0,0.0,0.0,234
2023-05-10 09:33:57,MO2403-P-6400,MO2403-P-6400,312.8,0.0,0.0,0.0,6,322.2,329.4,6,312.8,315.0,0.0,0.0,0.0,0.0,234
2023-05-10 09:34:14,MO2403-P-6400,MO2403-P-6400,312.8,0.0,0.0,0.0,6,322.2,329.2,1,312.8,315.0,0.0,0.0,0.0,0.0,234
2023-05-10 09:34:19,MO2403-P-6400,MO2403-P-6400,312.8,0.0,0.0,0.0,6,322.2,329.4,6,312.8,315.0,0.0,0.0,0.0,0.0,234
2023-05-10 09:34:20,MO2403-P-6400,MO2403-P-6400,312.8,0.0,0.0,0.0,6,322.4,329.4,6,312.8,315.0,0.0,0.0,0.0,0.0,234
2023-05-10 09:34:20,MO2403-P-6400,MO2403-P-6400,312.8,0.0,0.0,0.0,6,322.6,329.4,6,312.8,315.0,0.0,0.0,0.0,0.0,234
2023-05-10 09:34:26,MO2403-P-6400,MO2403-P-6400,312.8,0.0,0.0,0.0,6,322.4,329.2,6,312.8,315.0,0.0,0.0,0.0,0.0,234
2023-05-10 09:34:27,MO2403-P-6400,MO2403-P-6400,312.8,0.0,0.0,0.0,6,322.2,329.2,12,312.8,315.0,0.0,0.0,0.0,0.0,234
2023-05-10 09:34:27,MO2403-P-6400,MO2403-P-6400,312.8,0.0,0.0,0.0,6,322.0,329.0,6,312.8,315.0,0.0,0.0,0.0,0.0,234
2023-05-10 09:34:28,MO2403-P-6400,MO2403-P-6400,312.8,0.0,0.0,0.0,12,321.6,322.6,4,312.8,315.0,0.0,0.0,0.0,0.0,234
2023-05-10 09:34:28,MO2403-P-6400,MO2403-P-6400,312.8,0.0,0.0,0.0,6,321.4,322.6,4,312.8,315.0,0.0,0.0,0.0,0.0,234
2023-05-10 09:34:29,MO2403-P-6400,MO2403-P-6400,312.8,0.0,0.0,0.0,6,321.2,322.6,4,312.8,315.0,0.0,0.0,0.0,0.0,234
2023-05-10 09:34:29,MO2403-P-6400,MO2403-P-6400,312.8,0.0,0.0,0.0,12,320.6,322.6,4,312.8,315.0,0.0,0.0,0.0,0.0,234
2023-05-10 09:34:30,MO2403-P-6400,MO2403-P-6400,312.8,0.0,0.0,0.0,6,320.6,322.6,4,312.8,315.0,0.0,0.0,0.0,0.0,234
2023-05-10 09:34:34,MO2403-P-6400,MO2403-P-6400,312.8,0.0,0.0,0.0,6,320.4,322.6,4,312.8,315.0,0.0,0.0,0.0,0.0,234
2023-05-10 09:34:36,MO2403-P-6400,MO2403-P-6400,312.8,0.0,0.0,0.0,6,320.2,322.6,4,312.8,315.0,0.0,0.0,0.0,0.0,234
2023-05-10 09:34:37,MO2403-P-6400,MO2403-P-6400,312.8,0.0,0.0,0.0,6,320.0,322.6,4,312.8,315.0,0.0,0.0,0.0,0.0,234
2023-05-10 09:34:38,MO2403-P-6400,MO2403-P-6400,312.8,0.0,0.0,0.0,1,320.4,322.6,4,312.8,315.0,0.0,0.0,0.0,0.0,234
2023-05-10 09:34:39,MO2403-P-6400,MO2403-P-6400,312.8,0.0,0.0,0.0,6,320.6,322.6,4,312.8,315.0,0.0,0.0,0.0,0.0,234
2023-05-10 09:34:43,MO2403-P-6400,MO2403-P-6400,312.8,0.0,0.0,0.0,1,322.0,322.6,4,312.8,315.0,0.0,0.0,0.0,0.0,234
2023-05-10 09:34:48,MO2403-P-6400,MO2403-P-6400,312.8,0.0,0.0,0.0,6,321.4,322.6,4,312.8,315.0,0.0,0.0,0.0,0.0,234
2023-05-10 09:34:56,MO2403-P-6400,MO2403-P-6400,312.8,0.0,0.0,0.0,6,321.0,322.6,4,312.8,315.0,0.0,0.0,0.0,0.0,234
2023-05-10 09:34:57,MO2403-P-6400,MO2403-P-6400,312.8,0.0,0.0,0.0,11,320.8,322.6,4,312.8,315.0,0.0,0.0,0.0,0.0,234
2023-05-10 09:34:57,MO2403-P-6400,MO2403-P-6400,312.8,0.0,0.0,0.0,5,320.8,322.6,4,312.8,315.0,0.0,0.0,0.0,0.0,234
2023-05-10 09:35:01,MO2403-P-6400,MO2403-P-6400,312.8,0.0,0.0,0.0,12,320.6,322.6,4,312.8,315.0,0.0,0.0,0.0,0.0,234
2023-05-10 09:35:02,MO2403-P-6400,MO2403-P-6400,312.8,0.0,0.0,0.0,6,320.6,322.6,4,312.8,315.0,0.0,0.0,0.0,0.0,234
2023-05-10 09:35:03,MO2403-P-6400,MO2403-P-6400,312.8,0.0,0.0,0.0,6,320.4,322.6,4,312.8,315.0,0.0,0.0,0.0,0.0,234
2023-05-10 09:35:03,MO2403-P-6400,MO2403-P-6400,312.8,0.0,0.0,0.0,1,321.2,322.6,4,312.8,315.0,0.0,0.0,0.0,0.0,234
2023-05-10 09:35:07,MO2403-P-6400,MO2403-P-6400,312.8,0.0,0.0,0.0,6,320.6,322.6,4,312.8,315.0,0.0,0.0,0.0,0.0,234
2023-05-10 09:35:15,MO2403-P-6400,MO2403-P-6400,312.8,0.0,0.0,0.0,6,320.2,322.6,4,312.8,315.0,0.0,0.0,0.0,0.0,234
2023-05-10 09:35:16,MO2403-P-6400,MO2403-P-6400,312.8,0.0,0.0,0.0,6,320.0,322.6,4,312.8,315.0,0.0,0.0,0.0,0.0,234
2023-05-10 09:35:16,MO2403-P-6400,MO2403-P-6400,312.8,0.0,0.0,0.0,12,319.6,322.6,4,312.8,315.0,0.0,0.0,0.0,0.0,234
2023-05-10 09:35:17,MO2403-P-6400,MO2403-P-6400,312.8,0.0,0.0,0.0,6,319.6,322.6,4,312.8,315.0,0.0,0.0,0.0,0.0,234
2023-05-10 09:35:43,MO2403-P-6400,MO2403-P-6400,312.8,0.0,0.0,0.0,11,319.4,322.6,4,312.8,315.0,0.0,0.0,0.0,0.0,234
2023-05-10 09:35:43,MO2403-P-6400,MO2403-P-6400,312.8,0.0,0.0,0.0,5,319.4,322.6,4,312.8,315.0,0.0,0.0,0.0,0.0,234
2023-05-10 09:35:44,MO2403-P-6400,MO2403-P-6400,312.8,0.0,0.0,0.0,6,319.0,322.6,4,312.8,315.0,0.0,0.0,0.0,0.0,234
2023-05-10 09:35:44,MO2403-P-6400,MO2403-P-6400,312.8,0.0,0.0,0.0,24,318.6,322.6,4,312.8,315.0,0.0,0.0,0.0,0.0,234
2023-05-10 09:35:45,MO2403-P-6400,MO2403-P-6400,312.8,0.0,0.0,0.0,12,318.6,322.6,4,312.8,315.0,0.0,0.0,0.0,0.0,234
2023-05-10 09:35:45,MO2403-P-6400,MO2403-P-6400,312.8,0.0,0.0,0.0,6,318.6,322.6,4,312.8,315.0,0.0,0.0,0.0,0.0,234
2023-05-10 09:35:49,MO2403-P-6400,MO2403-P-6400,312.8,0.0,0.0,0.0,6,318.4,322.6,4,312.8,315.0,0.0,0.0,0.0,0.0,234
2023-05-10 09:35:53,MO2403-P-6400,MO2403-P-6400,312.8,0.0,0.0,0.0,12,318.4,322.6,4,312.8,315.0,0.0,0.0,0.0,0.0,234
2023-05-10 09:35:54,MO2403-P-6400,MO2403-P-6400,312.8,0.0,0.0,0.0,8,318.6,322.6,4,312.8,315.0,0.0,0.0,0.0,0.0,234
2023-05-10 09:35:55,MO2403-P-6400,MO2403-P-6400,312.8,0.0,0.0,0.0,6,318.6,322.6,4,312.8,315.0,0.0,0.0,0.0,0.0,234
2023-05-10 09:36:08,MO2403-P-6400,MO2403-P-6400,312.8,0.0,0.0,0.0,6,318.4,322.6,4,312.8,315.0,0.0,0.0,0.0,0.0,234
2023-05-10 09:36:09,MO2403-P-6400,MO2403-P-6400,312.8,0.0,0.0,0.0,6,318.2,322.6,4,312.8,315.0,0.0,0.0,0.0,0.0,234
2023-05-10 09:36:10,MO2403-P-6400,MO2403-P-6400,312.8,0.0,0.0,0.0,6,318.0,322.6,4,312.8,315.0,0.0,0.0,0.0,0.0,234
2023-05-10 09:36:13,MO2403-P-6400,MO2403-P-6400,312.8,0.0,0.0,0.0,2,318.4,322.6,4,312.8,315.0,0.0,0.0,0.0,0.0,234
2023-05-10 09:36:13,MO2403-P-6400,MO2403-P-6400,312.8,0.0,0.0,0.0,6,318.6,322.6,4,312.8,315.0,0.0,0.0,0.0,0.0,234
2023-05-10 09:36:17,MO2403-P-6400,MO2403-P-6400,312.8,0.0,0.0,0.0,1,318.4,322.6,4,312.8,315.0,0.0,0.0,0.0,0.0,234
2023-05-10 09:36:22,MO2403-P-6400,MO2403-P-6400,312.8,0.0,0.0,0.0,12,317.8,322.6,4,312.8,315.0,0.0,0.0,0.0,0.0,234
2023-05-10 09:36:22,MO2403-P-6400,MO2403-P-6400,312.8,0.0,0.0,0.0,7,317.6,322.6,4,312.8,315.0,0.0,0.0,0.0,0.0,234
2023-05-10 09:36:23,MO2403-P-6400,MO2403-P-6400,312.8,0.0,0.0,0.0,1,317.6,322.6,4,312.8,315.0,0.0,0.0,0.0,0.0,234
2023-05-10 09:36:24,MO2403-P-6400,MO2403-P-6400,312.8,0.0,0.0,0.0,18,317.0,322.6,4,312.8,315.0,0.0,0.0,0.0,0.0,234
2023-05-10 09:36:24,MO2403-P-6400,MO2403-P-6400,312.8,0.0,0.0,0.0,12,317.0,322.6,4,312.8,315.0,0.0,0.0,0.0,0.0,234
2023-05-10 09:36:25,MO2403-P-6400,MO2403-P-6400,312.8,0.0,0.0,0.0,6,317.0,322.6,4,312.8,315.0,0.0,0.0,0.0,0.0,234
2023-05-10 09:36:26,MO2403-P-6400,MO2403-P-6400,312.8,0.0,0.0,0.0,6,316.8,322.6,4,312.8,315.0,0.0,0.0,0.0,0.0,234
2023-05-10 09:36:27,MO2403-P-6400,MO2403-P-6400,312.8,0.0,0.0,0.0,8,316.6,322.6,4,312.8,315.0,0.0,0.0,0.0,0.0,234
2023-05-10 09:36:28,MO2403-P-6400,MO2403-P-6400,312.8,0.0,0.0,0.0,6,316.8,322.6,4,312.8,315.0,0.0,0.0,0.0,0.0,234
2023-05-10 09:36:28,MO2403-P-6400,MO2403-P-6400,312.8,0.0,0.0,0.0,6,316.6,322.6,4,312.8,315.0,0.0,0.0,0.0,0.0,234
2023-05-10 09:36:29,MO2403-P-6400,MO2403-P-6400,312.8,0.0,0.0,0.0,6,316.4,322.4,6,312.8,315.0,0.0,0.0,0.0,0.0,234
2023-05-10 09:36:30,MO2403-P-6400,MO2403-P-6400,312.8,0.0,0.0,0.0,8,316.2,322.4,6,312.8,315.0,0.0,0.0,0.0,0.0,234
2023-05-10 09:36:30,MO2403-P-6400,MO2403-P-6400,312.8,0.0,0.0,0.0,8,316.0,322.4,6,312.8,315.0,0.0,0.0,0.0,0.0,234
2023-05-10 09:36:31,MO2403-P-6400,MO2403-P-6400,312.8,0.0,0.0,0.0,2,316.0,322.4,6,312.8,315.0,0.0,0.0,0.0,0.0,234
2023-05-10 09:36:35,MO2403-P-6400,MO2403-P-6400,312.8,0.0,0.0,0.0,3,316.0,322.4,6,312.8,315.0,0.0,0.0,0.0,0.0,234
2023-05-10 09:36:36,MO2403-P-6400,MO2403-P-6400,312.8,0.0,0.0,0.0,6,316.2,322.6,4,312.8,315.0,0.0,0.0,0.0,0.0,234
2023-05-10 09:36:36,MO2403-P-6400,MO2403-P-6400,312.8,0.0,0.0,0.0,2,316.8,322.6,4,312.8,315.0,0.0,0.0,0.0,0.0,234
2023-05-10 09:36:37,MO2403-P-6400,MO2403-P-6400,312.8,0.0,0.0,0.0,8,316.8,322.6,4,312.8,315.0,0.0,0.0,0.0,0.0,234
2023-05-10 09:36:38,MO2403-P-6400,MO2403-P-6400,312.8,0.0,0.0,0.0,6,317.0,322.6,4,312.8,315.0,0.0,0.0,0.0,0.0,234
2023-05-10 09:36:40,MO2403-P-6400,MO2403-P-6400,312.8,0.0,0.0,0.0,8,316.6,322.6,4,312.8,315.0,0.0,0.0,0.0,0.0,234
2023-05-10 09:36:40,MO2403-P-6400,MO2403-P-6400,312.8,0.0,0.0,0.0,6,316.8,322.6,4,312.8,315.0,0.0,0.0,0.0,0.0,234
2023-05-10 09:36:44,MO2403-P-6400,MO2403-P-6400,312.8,0.0,0.0,0.0,6,316.6,322.6,4,312.8,315.0,0.0,0.0,0.0,0.0,234
2023-05-10 09:36:48,MO2403-P-6400,MO2403-P-6400,312.8,0.0,0.0,0.0,8,316.6,322.6,4,312.8,315.0,0.0,0.0,0.0,0.0,234
2023-05-10 09:36:49,MO2403-P-6400,MO2403-P-6400,312.8,0.0,0.0,0.0,6,316.8,322.6,4,312.8,315.0,0.0,0.0,0.0,0.0,234
2023-05-10 09:36:50,MO2403-P-6400,MO2403-P-6400,312.8,0.0,0.0,0.0,6,316.6,322.6,4,312.8,315.0,0.0,0.0,0.0,0.0,234
2023-05-10 09:36:52,MO2403-P-6400,MO2403-P-6400,312.8,0.0,0.0,0.0,6,316.4,322.6,4,312.8,315.0,0.0,0.0,0.0,0.0,234
2023-05-10 09:36:53,MO2403-P-6400,MO2403-P-6400,312.8,0.0,0.0,0.0,6,316.2,322.6,4,312.8,315.0,0.0,0.0,0.0,0.0,234
2023-05-10 09:36:54,MO2403-P-6400,MO2403-P-6400,312.8,0.0,0.0,0.0,12,316.0,322.4,6,312.8,315.0,0.0,0.0,0.0,0.0,234
2023-05-10 09:36:54,MO2403-P-6400,MO2403-P-6400,312.8,0.0,0.0,0.0,12,315.6,322.4,6,312.8,315.0,0.0,0.0,0.0,0.0,234
2023-05-10 09:36:55,MO2403-P-6400,MO2403-P-6400,312.8,0.0,0.0,0.0,12,315.4,322.4,6,312.8,315.0,0.0,0.0,0.0,0.0,234
2023-05-10 09:36:55,MO2403-P-6400,MO2403-P-6400,312.8,0.0,0.0,0.0,18,315.2,322.4,12,312.8,315.0,0.0,0.0,0.0,0.0,234
2023-05-10 09:36:56,MO2403-P-6400,MO2403-P-6400,312.8,0.0,0.0,0.0,6,315.4,322.2,6,312.8,315.0,0.0,0.0,0.0,0.0,234
2023-05-10 09:36:57,MO2403-P-6400,MO2403-P-6400,312.8,0.0,0.0,0.0,6,315.6,322.4,12,312.8,315.0,0.0,0.0,0.0,0.0,234
2023-05-10 09:36:57,MO2403-P-6400,MO2403-P-6400,312.8,0.0,0.0,0.0,6,315.6,322.2,6,312.8,315.0,0.0,0.0,0.0,0.0,234
2023-05-10 09:36:59,MO2403-P-6400,MO2403-P-6400,312.8,0.0,0.0,0.0,1,315.6,322.2,6,312.8,315.0,0.0,0.0,0.0,0.0,234
2023-05-10 09:37:00,MO2403-P-6400,MO2403-P-6400,312.8,0.0,0.0,0.0,7,315.6,322.2,6,312.8,315.0,0.0,0.0,0.0,0.0,234
2023-05-10 09:37:01,MO2403-P-6400,MO2403-P-6400,312.8,0.0,0.0,0.0,2,316.2,322.2,6,312.8,315.0,0.0,0.0,0.0,0.0,234
2023-05-10 09:37:01,MO2403-P-6400,MO2403-P-6400,312.8,0.0,0.0,0.0,2,316.2,322.4,6,312.8,315.0,0.0,0.0,0.0,0.0,234
2023-05-10 09:37:02,MO2403-P-6400,MO2403-P-6400,312.8,0.0,0.0,0.0,2,316.0,322.4,6,312.8,315.0,0.0,0.0,0.0,0.0,234
2023-05-10 09:37:02,MO2403-P-6400,MO2403-P-6400,312.8,0.0,0.0,0.0,2,315.8,322.4,6,312.8,315.0,0.0,0.0,0.0,0.0,234
2023-05-10 09:37:04,MO2403-P-6400,MO2403-P-6400,312.8,0.0,0.0,0.0,6,316.0,322.6,10,312.8,315.0,0.0,0.0,0.0,0.0,234
2023-05-10 09:37:05,MO2403-P-6400,MO2403-P-6400,312.8,0.0,0.0,0.0,8,316.2,322.6,4,312.8,315.0,0.0,0.0,0.0,0.0,234
2023-05-10 09:37:05,MO2403-P-6400,MO2403-P-6400,312.8,0.0,0.0,0.0,6,316.4,322.6,4,312.8,315.0,0.0,0.0,0.0,0.0,234
2023-05-10 09:37:07,MO2403-P-6400,MO2403-P-6400,312.8,0.0,0.0,0.0,2,316.6,322.6,4,312.8,315.0,0.0,0.0,0.0,0.0,234
2023-05-10 09:37:07,MO2403-P-6400,MO2403-P-6400,312.8,0.0,0.0,0.0,6,316.8,322.6,4,312.8,315.0,0.0,0.0,0.0,0.0,234
2023-05-10 09:37:08,MO2403-P-6400,MO2403-P-6400,312.8,0.0,0.0,0.0,6,316.6,322.6,4,312.8,315.0,0.0,0.0,0.0,0.0,234
2023-05-10 09:37:09,MO2403-P-6400,MO2403-P-6400,312.8,0.0,0.0,0.0,12,316.4,322.6,4,312.8,315.0,0.0,0.0,0.0,0.0,234
2023-05-10 09:37:09,MO2403-P-6400,MO2403-P-6400,312.8,0.0,0.0,0.0,6,316.6,322.6,10,312.8,315.0,0.0,0.0,0.0,0.0,234
2023-05-10 09:37:10,MO2403-P-6400,MO2403-P-6400,312.8,0.0,0.0,0.0,6,316.4,322.6,4,312.8,315.0,0.0,0.0,0.0,0.0,234
2023-05-10 09:37:11,MO2403-P-6400,MO2403-P-6400,312.8,0.0,0.0,0.0,6,316.0,322.4,6,312.8,315.0,0.0,0.0,0.0,0.0,234
2023-05-10 09:37:11,MO2403-P-6400,MO2403-P-6400,312.8,0.0,0.0,0.0,19,315.8,322.4,6,312.8,315.0,0.0,0.0,0.0,0.0,234
2023-05-10 09:37:12,MO2403-P-6400,MO2403-P-6400,312.8,0.0,0.0,0.0,7,315.8,322.4,6,312.8,315.0,0.0,0.0,0.0,0.0,234
2023-05-10 09:37:12,MO2403-P-6400,MO2403-P-6400,312.8,0.0,0.0,0.0,1,315.8,322.4,6,312.8,315.0,0.0,0.0,0.0,0.0,234
2023-05-10 09:37:14,MO2403-P-6400,MO2403-P-6400,312.8,0.0,0.0,0.0,12,315.4,322.4,6,312.8,315.0,0.0,0.0,0.0,0.0,234
2023-05-10 09:37:15,MO2403-P-6400,MO2403-P-6400,312.8,0.0,0.0,0.0,6,315.4,322.4,6,312.8,315.0,0.0,0.0,0.0,0.0,234
2023-05-10 09:37:15,MO2403-P-6400,MO2403-P-6400,312.8,0.0,0.0,0.0,2,315.6,322.4,6,312.8,315.0,0.0,0.0,0.0,0.0,234
2023-05-10 09:37:16,MO2403-P-6400,MO2403-P-6400,312.8,0.0,0.0,0.0,6,315.6,322.4,6,312.8,315.0,0.0,0.0,0.0,0.0,234
2023-05-10 09:37:17,MO2403-P-6400,MO2403-P-6400,312.8,0.0,0.0,0.0,6,315.8,322.6,4,312.8,315.0,0.0,0.0,0.0,0.0,234
2023-05-10 09:37:18,MO2403-P-6400,MO2403-P-6400,312.8,0.0,0.0,0.0,8,316.0,322.6,4,312.8,315.0,0.0,0.0,0.0,0.0,234
2023-05-10 09:37:18,MO2403-P-6400,MO2403-P-6400,312.8,0.0,0.0,0.0,6,316.2,322.6,4,312.8,315.0,0.0,0.0,0.0,0.0,234
2023-05-10 09:37:23,MO2403-P-6400,MO2403-P-6400,312.8,0.0,0.0,0.0,7,316.2,322.6,4,312.8,315.0,0.0,0.0,0.0,0.0,234
2023-05-10 09:37:23,MO2403-P-6400,MO2403-P-6400,312.8,0.0,0.0,0.0,6,316.4,322.6,4,312.8,315.0,0.0,0.0,0.0,0.0,234
2023-05-10 09:37:32,MO2403-P-6400,MO2403-P-6400,312.8,0.0,0.0,0.0,8,316.2,322.6,4,312.8,315.0,0.0,0.0,0.0,0.0,234
2023-05-10 09:37:33,MO2403-P-6400,MO2403-P-6400,312.8,0.0,0.0,0.0,6,316.4,322.6,4,312.8,315.0,0.0,0.0,0.0,0.0,234
2023-05-10 09:37:34,MO2403-P-6400,MO2403-P-6400,312.8,0.0,0.0,0.0,6,316.2,322.6,4,312.8,315.0,0.0,0.0,0.0,0.0,234
2023-05-10 09:37:59,MO2403-P-6400,MO2403-P-6400,312.8,0.0,0.0,0.0,6,316.4,322.6,4,312.8,315.0,0.0,0.0,0.0,0.0,234
2023-05-10 09:37:59,MO2403-P-6400,MO2403-P-6400,312.8,0.0,0.0,0.0,6,316.6,322.6,10,312.8,315.0,0.0,0.0,0.0,0.0,234
2023-05-10 09:38:00,MO2403-P-6400,MO2403-P-6400,312.8,0.0,0.0,0.0,6,316.2,322.6,4,312.8,315.0,0.0,0.0,0.0,0.0,234
2023-05-10 09:38:04,MO2403-P-6400,MO2403-P-6400,312.8,0.0,0.0,0.0,7,316.2,322.6,4,312.8,315.0,0.0,0.0,0.0,0.0,234
2023-05-10 09:38:05,MO2403-P-6400,MO2403-P-6400,312.8,0.0,0.0,0.0,6,316.4,322.6,4,312.8,315.0,0.0,0.0,0.0,0.0,234
2023-05-10 09:38:12,MO2403-P-6400,MO2403-P-6400,312.8,0.0,0.0,0.0,6,316.0,322.6,4,312.8,315.0,0.0,0.0,0.0,0.0,234
2023-05-10 09:38:15,MO2403-P-6400,MO2403-P-6400,312.8,0.0,0.0,0.0,12,315.8,322.4,6,312.8,315.0,0.0,0.0,0.0,0.0,234
2023-05-10 09:38:16,MO2403-P-6400,MO2403-P-6400,312.8,0.0,0.0,0.0,6,315.6,322.4,6,312.8,315.0,0.0,0.0,0.0,0.0,234
2023-05-10 09:38:16,MO2403-P-6400,MO2403-P-6400,312.8,0.0,0.0,0.0,24,315.4,322.4,6,312.8,315.0,0.0,0.0,0.0,0.0,234
2023-05-10 09:38:17,MO2403-P-6400,MO2403-P-6400,312.8,0.0,0.0,0.0,12,315.4,322.4,6,312.8,315.0,0.0,0.0,0.0,0.0,234
2023-05-10 09:38:17,MO2403-P-6400,MO2403-P-6400,312.8,0.0,0.0,0.0,6,315.4,322.4,6,312.8,315.0,0.0,0.0,0.0,0.0,234
2023-05-10 09:38:19,MO2403-P-6400,MO2403-P-6400,312.8,0.0,0.0,0.0,8,315.4,322.4,6,312.8,315.0,0.0,0.0,0.0,0.0,234
2023-05-10 09:38:19,MO2403-P-6400,MO2403-P-6400,312.8,0.0,0.0,0.0,6,315.6,322.6,4,312.8,315.0,0.0,0.0,0.0,0.0,234
2023-05-10 09:38:20,MO2403-P-6400,MO2403-P-6400,312.8,0.0,0.0,0.0,6,315.8,322.6,4,312.8,315.0,0.0,0.0,0.0,0.0,234
2023-05-10 09:38:20,MO2403-P-6400,MO2403-P-6400,312.8,0.0,0.0,0.0,6,316.0,322.6,4,312.8,315.0,0.0,0.0,0.0,0.0,234
2023-05-10 09:38:21,MO2403-P-6400,MO2403-P-6400,312.8,0.0,0.0,0.0,6,316.2,322.6,4,312.8,315.0,0.0,0.0,0.0,0.0,234
2023-05-10 09:38:21,MO2403-P-6400,MO2403-P-6400,312.8,0.0,0.0,0.0,6,316.4,322.6,4,312.8,315.0,0.0,0.0,0.0,0.0,234
2023-05-10 09:38:26,MO2403-P-6400,MO2403-P-6400,312.8,0.0,0.0,0.0,6,315.8,322.6,4,312.8,315.0,0.0,0.0,0.0,0.0,234
2023-05-10 09:38:26,MO2403-P-6400,MO2403-P-6400,312.8,0.0,0.0,0.0,1,315.6,322.4,6,312.8,315.0,0.0,0.0,0.0,0.0,234
2023-05-10 09:38:27,MO2403-P-6400,MO2403-P-6400,312.8,0.0,0.0,0.0,6,315.4,322.4,6,312.8,315.0,0.0,0.0,0.0,0.0,234
2023-05-10 09:38:37,MO2403-P-6400,MO2403-P-6400,312.8,0.0,0.0,0.0,7,315.4,322.4,6,312.8,315.0,0.0,0.0,0.0,0.0,234
2023-05-10 09:38:46,MO2403-P-6400,MO2403-P-6400,312.8,0.0,0.0,0.0,6,315.6,322.6,4,312.8,315.0,0.0,0.0,0.0,0.0,234
2023-05-10 09:38:47,MO2403-P-6400,MO2403-P-6400,312.8,0.0,0.0,0.0,6,315.8,322.6,4,312.8,315.0,0.0,0.0,0.0,0.0,234
2023-05-10 09:38:48,MO2403-P-6400,MO2403-P-6400,312.8,0.0,0.0,0.0,6,316.0,322.6,4,312.8,315.0,0.0,0.0,0.0,0.0,234
2023-05-10 09:38:54,MO2403-P-6400,MO2403-P-6400,312.8,0.0,0.0,0.0,7,316.0,322.6,4,312.8,315.0,0.0,0.0,0.0,0.0,234
2023-05-10 09:38:55,MO2403-P-6400,MO2403-P-6400,312.8,0.0,0.0,0.0,6,316.2,322.6,4,312.8,315.0,0.0,0.0,0.0,0.0,234
2023-05-10 09:38:55,MO2403-P-6400,MO2403-P-6400,312.8,0.0,0.0,0.0,6,316.0,322.6,4,312.8,315.0,0.0,0.0,0.0,0.0,234
2023-05-10 09:38:56,MO2403-P-6400,MO2403-P-6400,312.8,0.0,0.0,0.0,12,315.8,322.4,6,312.8,315.0,0.0,0.0,0.0,0.0,234
2023-05-10 09:38:56,MO2403-P-6400,MO2403-P-6400,312.8,0.0,0.0,0.0,6,315.8,322.4,6,312.8,315.0,0.0,0.0,0.0,0.0,234
2023-05-10 09:38:57,MO2403-P-6400,MO2403-P-6400,312.8,0.0,0.0,0.0,6,315.6,322.4,6,312.8,315.0,0.0,0.0,0.0,0.0,234
2023-05-10 09:39:05,MO2403-P-6400,MO2403-P-6400,312.8,0.0,0.0,0.0,6,315.8,322.6,4,312.8,315.0,0.0,0.0,0.0,0.0,234
2023-05-10 09:39:05,MO2403-P-6400,MO2403-P-6400,312.8,0.0,0.0,0.0,6,316.0,322.6,4,312.8,315.0,0.0,0.0,0.0,0.0,234
2023-05-10 09:39:06,MO2403-P-6400,MO2403-P-6400,312.8,0.0,0.0,0.0,6,316.2,322.6,4,312.8,315.0,0.0,0.0,0.0,0.0,234
2023-05-10 09:39:25,MO2403-P-6400,MO2403-P-6400,312.8,0.0,0.0,0.0,6,316.0,322.4,6,312.8,315.0,0.0,0.0,0.0,0.0,234
2023-05-10 09:39:25,MO2403-P-6400,MO2403-P-6400,312.8,0.0,0.0,0.0,24,315.6,322.4,6,312.8,315.0,0.0,0.0,0.0,0.0,234
2023-05-10 09:39:26,MO2403-P-6400,MO2403-P-6400,312.8,0.0,0.0,0.0,6,315.6,322.4,6,312.8,315.0,0.0,0.0,0.0,0.0,234
2023-05-10 09:39:26,MO2403-P-6400,MO2403-P-6400,312.8,0.0,0.0,0.0,12,315.4,322.4,6,312.8,315.0,0.0,0.0,0.0,0.0,234
2023-05-10 09:39:27,MO2403-P-6400,MO2403-P-6400,312.8,0.0,0.0,0.0,6,315.2,322.4,6,312.8,315.0,0.0,0.0,0.0,0.0,234
2023-05-10 09:39:27,MO2403-P-6400,MO2403-P-6400,312.8,0.0,0.0,0.0,12,315.0,322.4,6,312.8,315.0,0.0,0.0,0.0,0.0,234
2023-05-10 09:39:28,MO2403-P-6400,MO2403-P-6400,312.8,0.0,0.0,0.0,25,314.8,322.4,6,312.8,315.0,0.0,0.0,0.0,0.0,234
2023-05-10 09:39:28,MO2403-P-6400,MO2403-P-6400,312.8,0.0,0.0,0.0,13,314.8,322.4,6,312.8,315.0,0.0,0.0,0.0,0.0,234
2023-05-10 09:39:30,MO2403-P-6400,MO2403-P-6400,312.8,0.0,0.0,0.0,6,314.8,322.4,6,312.8,315.0,0.0,0.0,0.0,0.0,234
2023-05-10 09:39:30,MO2403-P-6400,MO2403-P-6400,312.8,0.0,0.0,0.0,18,314.6,322.4,6,312.8,315.0,0.0,0.0,0.0,0.0,234
2023-05-10 09:39:31,MO2403-P-6400,MO2403-P-6400,312.8,0.0,0.0,0.0,12,314.6,322.4,6,312.8,315.0,0.0,0.0,0.0,0.0,234
2023-05-10 09:39:31,MO2403-P-6400,MO2403-P-6400,312.8,0.0,0.0,0.0,6,314.6,322.4,6,312.8,315.0,0.0,0.0,0.0,0.0,234
2023-05-10 09:39:32,MO2403-P-6400,MO2403-P-6400,312.8,0.0,0.0,0.0,8,314.6,322.4,6,312.8,315.0,0.0,0.0,0.0,0.0,234
2023-05-10 09:39:33,MO2403-P-6400,MO2403-P-6400,312.8,0.0,0.0,0.0,6,314.8,322.4,6,312.8,315.0,0.0,0.0,0.0,0.0,234
2023-05-10 09:39:34,MO2403-P-6400,MO2403-P-6400,312.8,0.0,0.0,0.0,8,314.8,322.4,6,312.8,315.0,0.0,0.0,0.0,0.0,234
2023-05-10 09:39:39,MO2403-P-6400,MO2403-P-6400,312.8,0.0,0.0,0.0,6,314.8,322.4,6,312.8,315.0,0.0,0.0,0.0,0.0,234
2023-05-10 09:39:44,MO2403-P-6400,MO2403-P-6400,312.8,0.0,0.0,0.0,6,314.6,322.4,6,312.8,315.0,0.0,0.0,0.0,0.0,234
2023-05-10 09:39:44,MO2403-P-6400,MO2403-P-6400,312.8,0.0,0.0,0.0,6,314.6,322.2,2,312.8,315.0,0.0,0.0,0.0,0.0,234
2023-05-10 09:39:45,MO2403-P-6400,MO2403-P-6400,312.8,0.0,0.0,0.0,6,314.6,322.0,6,312.8,315.0,0.0,0.0,0.0,0.0,234
2023-05-10 09:39:45,MO2403-P-6400,MO2403-P-6400,312.8,0.0,0.0,0.0,6,314.8,322.0,6,312.8,315.0,0.0,0.0,0.0,0.0,234
2023-05-10 09:39:46,MO2403-P-6400,MO2403-P-6400,312.8,0.0,0.0,0.0,18,314.2,322.0,6,312.8,315.0,0.0,0.0,0.0,0.0,234
2023-05-10 09:39:47,MO2403-P-6400,MO2403-P-6400,312.8,0.0,0.0,0.0,8,314.2,322.0,6,312.8,315.0,0.0,0.0,0.0,0.0,234
2023-05-10 09:39:47,MO2403-P-6400,MO2403-P-6400,312.8,0.0,0.0,0.0,6,314.4,322.0,6,312.8,315.0,0.0,0.0,0.0,0.0,234
2023-05-10 09:39:48,MO2403-P-6400,MO2403-P-6400,312.8,0.0,0.0,0.0,6,314.4,322.2,6,312.8,315.0,0.0,0.0,0.0,0.0,234
2023-05-10 09:39:49,MO2403-P-6400,MO2403-P-6400,312.8,0.0,0.0,0.0,8,314.4,322.2,6,312.8,315.0,0.0,0.0,0.0,0.0,234
2023-05-10 09:39:52,MO2403-P-6400,MO2403-P-6400,312.8,0.0,0.0,0.0,6,314.4,322.2,6,312.8,315.0,0.0,0.0,0.0,0.0,234
2023-05-10 09:39:53,MO2403-P-6400,MO2403-P-6400,312.8,0.0,0.0,0.0,2,314.8,322.2,6,312.8,315.0,0.0,0.0,0.0,0.0,234
2023-05-10 09:39:53,MO2403-P-6400,MO2403-P-6400,312.8,0.0,0.0,0.0,2,314.6,322.2,6,312.8,315.0,0.0,0.0,0.0,0.0,234
2023-05-10 09:39:55,MO2403-P-6400,MO2403-P-6400,312.8,0.0,0.0,0.0,8,314.4,322.2,6,312.8,315.0,0.0,0.0,0.0,0.0,234
2023-05-10 09:39:57,MO2403-P-6400,MO2403-P-6400,312.8,0.0,0.0,0.0,1,315.0,322.2,6,312.8,315.0,0.0,0.0,0.0,0.0,234
2023-05-10 09:39:57,MO2403-P-6400,MO2403-P-6400,312.8,0.0,0.0,0.0,7,315.0,322.2,6,312.8,315.0,0.0,0.0,0.0,0.0,234
2023-05-10 09:40:03,MO2403-P-6400,MO2403-P-6400,315.0,4.0,126000.0,4.0,8,314.6,322.2,6,312.8,315.0,315.0,315.0,4.0,126000.0,238
2023-05-10 09:40:04,MO2403-P-6400,MO2403-P-6400,315.0,0.0,0.0,0.0,9,314.6,322.2,6,312.8,315.0,315.0,315.0,4.0,126000.0,238
2023-05-10 09:40:04,MO2403-P-6400,MO2403-P-6400,315.0,0.0,0.0,0.0,1,315.4,322.2,6,312.8,315.0,315.0,315.0,4.0,126000.0,238
2023-05-10 09:40:06,MO2403-P-6400,MO2403-P-6400,315.0,0.0,0.0,0.0,3,315.4,322.2,6,312.8,315.0,315.0,315.0,4.0,126000.0,238
2023-05-10 09:40:07,MO2403-P-6400,MO2403-P-6400,315.0,0.0,0.0,0.0,1,315.4,322.2,6,312.8,315.0,315.0,315.0,4.0,126000.0,238
2023-05-10 09:40:14,MO2403-P-6400,MO2403-P-6400,315.0,0.0,0.0,0.0,8,314.6,322.2,6,312.8,315.0,315.0,315.0,4.0,126000.0,238
2023-05-10 09:40:21,MO2403-P-6400,MO2403-P-6400,315.0,0.0,0.0,0.0,9,314.6,322.2,6,312.8,315.0,315.0,315.0,4.0,126000.0,238
2023-05-10 09:40:28,MO2403-P-6400,MO2403-P-6400,315.0,0.0,0.0,0.0,7,314.6,322.2,6,312.8,315.0,315.0,315.0,4.0,126000.0,238
2023-05-10 09:40:29,MO2403-P-6400,MO2403-P-6400,315.0,0.0,0.0,0.0,1,314.6,322.2,6,312.8,315.0,315.0,315.0,4.0,126000.0,238
2023-05-10 09:40:32,MO2403-P-6400,MO2403-P-6400,315.0,0.0,0.0,0.0,2,314.8,322.4,6,312.8,315.0,315.0,315.0,4.0,126000.0,238
2023-05-10 09:40:34,MO2403-P-6400,MO2403-P-6400,315.0,0.0,0.0,0.0,8,314.6,322.4,6,312.8,315.0,315.0,315.0,4.0,126000.0,238
2023-05-10 09:40:35,MO2403-P-6400,MO2403-P-6400,315.0,0.0,0.0,0.0,6,314.6,322.4,6,312.8,315.0,315.0,315.0,4.0,126000.0,238
2023-05-10 09:40:36,MO2403-P-6400,MO2403-P-6400,315.0,0.0,0.0,0.0,14,314.4,322.4,6,312.8,315.0,315.0,315.0,4.0,126000.0,238
2023-05-10 09:40:37,MO2403-P-6400,MO2403-P-6400,315.0,0.0,0.0,0.0,6,314.4,322.4,6,312.8,315.0,315.0,315.0,4.0,126000.0,238
2023-05-10 09:40:37,MO2403-P-6400,MO2403-P-6400,315.0,0.0,0.0,0.0,8,314.2,322.2,2,312.8,315.0,315.0,315.0,4.0,126000.0,238
2023-05-10 09:40:38,MO2403-P-6400,MO2403-P-6400,315.0,0.0,0.0,0.0,6,314.4,322.0,6,312.8,315.0,315.0,315.0,4.0,126000.0,238
2023-05-10 09:40:38,MO2403-P-6400,MO2403-P-6400,315.0,0.0,0.0,0.0,2,314.4,322.2,6,312.8,315.0,315.0,315.0,4.0,126000.0,238
2023-05-10 09:40:39,MO2403-P-6400,MO2403-P-6400,315.0,0.0,0.0,0.0,8,314.2,322.2,6,312.8,315.0,315.0,315.0,4.0,126000.0,238
2023-05-10 09:40:40,MO2403-P-6400,MO2403-P-6400,315.0,0.0,0.0,0.0,9,314.0,322.2,6,312.8,315.0,315.0,315.0,4.0,126000.0,238
2023-05-10 09:40:40,MO2403-P-6400,MO2403-P-6400,315.0,0.0,0.0,0.0,2,314.0,322.0,2,312.8,315.0,315.0,315.0,4.0,126000.0,238
2023-05-10 09:40:41,MO2403-P-6400,MO2403-P-6400,315.0,0.0,0.0,0.0,2,314.0,321.8,6,312.8,315.0,315.0,315.0,4.0,126000.0,238
2023-05-10 09:40:41,MO2403-P-6400,MO2403-P-6400,315.0,0.0,0.0,0.0,8,314.0,321.8,6,312.8,315.0,315.0,315.0,4.0,126000.0,238
2023-05-10 09:40:42,MO2403-P-6400,MO2403-P-6400,315.0,0.0,0.0,0.0,8,314.0,322.2,6,312.8,315.0,315.0,315.0,4.0,126000.0,238
2023-05-10 09:40:42,MO2403-P-6400,MO2403-P-6400,315.0,0.0,0.0,0.0,8,314.0,322.4,6,312.8,315.0,315.0,315.0,4.0,126000.0,238
2023-05-10 09:40:44,MO2403-P-6400,MO2403-P-6400,315.0,0.0,0.0,0.0,8,314.0,322.2,2,312.8,315.0,315.0,315.0,4.0,126000.0,238
2023-05-10 09:40:44,MO2403-P-6400,MO2403-P-6400,315.0,0.0,0.0,0.0,8,314.0,322.0,6,312.8,315.0,315.0,315.0,4.0,126000.0,238
2023-05-10 09:40:45,MO2403-P-6400,MO2403-P-6400,315.0,0.0,0.0,0.0,8,314.0,322.4,8,312.8,315.0,315.0,315.0,4.0,126000.0,238
2023-05-10 09:40:46,MO2403-P-6400,MO2403-P-6400,315.0,0.0,0.0,0.0,9,314.0,322.2,6,312.8,315.0,315.0,315.0,4.0,126000.0,238
2023-05-10 09:40:46,MO2403-P-6400,MO2403-P-6400,315.0,0.0,0.0,0.0,9,314.0,322.4,6,312.8,315.0,315.0,315.0,4.0,126000.0,238
2023-05-10 09:40:47,MO2403-P-6400,MO2403-P-6400,315.0,0.0,0.0,0.0,15,314.0,322.4,6,312.8,315.0,315.0,315.0,4.0,126000.0,238
2023-05-10 09:40:48,MO2403-P-6400,MO2403-P-6400,315.0,0.0,0.0,0.0,1,314.4,322.4,6,312.8,315.0,315.0,315.0,4.0,126000.0,238
2023-05-10 09:40:48,MO2403-P-6400,MO2403-P-6400,315.0,0.0,0.0,0.0,2,315.0,322.4,6,312.8,315.0,315.0,315.0,4.0,126000.0,238
2023-05-10 09:40:49,MO2403-P-6400,MO2403-P-6400,315.0,0.0,0.0,0.0,2,314.8,322.4,6,312.8,315.0,315.0,315.0,4.0,126000.0,238
2023-05-10 09:40:50,MO2403-P-6400,MO2403-P-6400,315.0,0.0,0.0,0.0,2,314.6,322.4,6,312.8,315.0,315.0,315.0,4.0,126000.0,238
2023-05-10 09:40:59,MO2403-P-6400,MO2403-P-6400,315.0,0.0,0.0,0.0,3,314.4,322.4,6,312.8,315.0,315.0,315.0,4.0,126000.0,238
2023-05-10 09:41:01,MO2403-P-6400,MO2403-P-6400,315.0,0.0,0.0,0.0,1,314.4,322.4,6,312.8,315.0,315.0,315.0,4.0,126000.0,238
2023-05-10 09:41:02,MO2403-P-6400,MO2403-P-6400,315.0,0.0,0.0,0.0,2,314.2,322.2,2,312.8,315.0,315.0,315.0,4.0,126000.0,238
2023-05-10 09:41:02,MO2403-P-6400,MO2403-P-6400,315.0,0.0,0.0,0.0,12,314.0,322.0,6,312.8,315.0,315.0,315.0,4.0,126000.0,238
2023-05-10 09:41:03,MO2403-P-6400,MO2403-P-6400,315.0,0.0,0.0,0.0,6,314.0,322.0,8,312.8,315.0,315.0,315.0,4.0,126000.0,238
2023-05-10 09:41:03,MO2403-P-6400,MO2403-P-6400,315.0,0.0,0.0,0.0,6,314.2,321.8,6,312.8,315.0,315.0,315.0,4.0,126000.0,238
2023-05-10 09:41:04,MO2403-P-6400,MO2403-P-6400,315.0,0.0,0.0,0.0,8,314.0,321.8,6,312.8,315.0,315.0,315.0,4.0,126000.0,238
2023-05-10 09:41:04,MO2403-P-6400,MO2403-P-6400,315.0,0.0,0.0,0.0,6,314.0,321.8,6,312.8,315.0,315.0,315.0,4.0,126000.0,238
2023-05-10 09:41:05,MO2403-P-6400,MO2403-P-6400,315.0,0.0,0.0,0.0,6,314.0,321.6,2,312.8,315.0,315.0,315.0,4.0,126000.0,238
2023-05-10 09:41:05,MO2403-P-6400,MO2403-P-6400,315.0,0.0,0.0,0.0,6,314.0,321.4,6,312.8,315.0,315.0,315.0,4.0,126000.0,238
2023-05-10 09:41:06,MO2403-P-6400,MO2403-P-6400,315.0,0.0,0.0,0.0,6,314.0,321.6,6,312.8,315.0,315.0,315.0,4.0,126000.0,238
2023-05-10 09:41:07,MO2403-P-6400,MO2403-P-6400,315.0,0.0,0.0,0.0,14,313.6,321.6,6,312.8,315.0,315.0,315.0,4.0,126000.0,238
2023-05-10 09:41:08,MO2403-P-6400,MO2403-P-6400,315.0,0.0,0.0,0.0,8,313.6,321.6,6,312.8,315.0,315.0,315.0,4.0,126000.0,238
2023-05-10 09:41:08,MO2403-P-6400,MO2403-P-6400,315.0,0.0,0.0,0.0,2,313.6,321.6,6,312.8,315.0,315.0,315.0,4.0,126000.0,238
2023-05-10 09:41:11,MO2403-P-6400,MO2403-P-6400,315.0,0.0,0.0,0.0,2,313.6,321.8,6,312.8,315.0,315.0,315.0,4.0,126000.0,238
2023-05-10 09:41:13,MO2403-P-6400,MO2403-P-6400,315.0,0.0,0.0,0.0,2,313.6,322.0,6,312.8,315.0,315.0,315.0,4.0,126000.0,238
2023-05-10 09:41:24,MO2403-P-6400,MO2403-P-6400,315.0,0.0,0.0,0.0,2,313.6,321.6,2,312.8,315.0,315.0,315.0,4.0,126000.0,238
2023-05-10 09:41:25,MO2403-P-6400,MO2403-P-6400,315.0,0.0,0.0,0.0,2,313.6,321.4,6,312.8,315.0,315.0,315.0,4.0,126000.0,238
2023-05-10 09:41:25,MO2403-P-6400,MO2403-P-6400,315.0,0.0,0.0,0.0,8,313.6,321.6,6,312.8,315.0,315.0,315.0,4.0,126000.0,238
2023-05-10 09:41:26,MO2403-P-6400,MO2403-P-6400,315.0,0.0,0.0,0.0,1,314.4,322.0,6,312.8,315.0,315.0,315.0,4.0,126000.0,238
2023-05-10 09:41:26,MO2403-P-6400,MO2403-P-6400,315.0,0.0,0.0,0.0,1,314.4,322.2,6,312.8,315.0,315.0,315.0,4.0,126000.0,238
2023-05-10 09:41:27,MO2403-P-6400,MO2403-P-6400,315.0,0.0,0.0,0.0,3,314.4,322.2,6,312.8,315.0,315.0,315.0,4.0,126000.0,238
2023-05-10 09:41:28,MO2403-P-6400,MO2403-P-6400,315.0,0.0,0.0,0.0,1,314.4,322.2,6,312.8,315.0,315.0,315.0,4.0,126000.0,238
2023-05-10 09:41:28,MO2403-P-6400,MO2403-P-6400,315.0,0.0,0.0,0.0,1,314.4,322.2,8,312.8,315.0,315.0,315.0,4.0,126000.0,238
2023-05-10 09:41:29,MO2403-P-6400,MO2403-P-6400,315.0,0.0,0.0,0.0,1,314.4,322.0,6,312.8,315.0,315.0,315.0,4.0,126000.0,238
2023-05-10 09:41:30,MO2403-P-6400,MO2403-P-6400,315.0,0.0,0.0,0.0,7,314.4,322.2,8,312.8,315.0,315.0,315.0,4.0,126000.0,238
2023-05-10 09:41:30,MO2403-P-6400,MO2403-P-6400,315.0,0.0,0.0,0.0,7,314.4,322.0,6,312.8,315.0,315.0,315.0,4.0,126000.0,238
2023-05-10 09:41:31,MO2403-P-6400,MO2403-P-6400,315.0,0.0,0.0,0.0,7,314.4,322.2,6,312.8,315.0,315.0,315.0,4.0,126000.0,238
2023-05-10 09:41:31,MO2403-P-6400,MO2403-P-6400,315.0,0.0,0.0,0.0,2,314.6,322.2,6,312.8,315.0,315.0,315.0,4.0,126000.0,238
2023-05-10 09:41:32,MO2403-P-6400,MO2403-P-6400,315.0,0.0,0.0,0.0,1,315.4,322.4,6,312.8,315.0,315.0,315.0,4.0,126000.0,238
2023-05-10 09:41:36,MO2403-P-6400,MO2403-P-6400,315.0,0.0,0.0,0.0,1,315.4,322.4,8,312.8,315.0,315.0,315.0,4.0,126000.0,238
2023-05-10 09:41:36,MO2403-P-6400,MO2403-P-6400,315.0,0.0,0.0,0.0,1,315.4,322.2,6,312.8,315.0,315.0,315.0,4.0,126000.0,238
2023-05-10 09:41:37,MO2403-P-6400,MO2403-P-6400,315.0,0.0,0.0,0.0,1,315.4,322.4,6,312.8,315.0,315.0,315.0,4.0,126000.0,238
2023-05-10 09:41:39,MO2403-P-6400,MO2403-P-6400,315.0,0.0,0.0,0.0,7,315.4,322.4,6,312.8,315.0,315.0,315.0,4.0,126000.0,238
2023-05-10 09:41:40,MO2403-P-6400,MO2403-P-6400,315.0,0.0,0.0,0.0,6,315.6,322.4,6,312.8,315.0,315.0,315.0,4.0,126000.0,238
2023-05-10 09:41:42,MO2403-P-6400,MO2403-P-6400,315.0,0.0,0.0,0.0,13,315.4,322.4,6,312.8,315.0,315.0,315.0,4.0,126000.0,238
2023-05-10 09:41:43,MO2403-P-6400,MO2403-P-6400,315.0,0.0,0.0,0.0,13,315.4,322.4,8,312.8,315.0,315.0,315.0,4.0,126000.0,238
2023-05-10 09:41:43,MO2403-P-6400,MO2403-P-6400,315.0,0.0,0.0,0.0,13,315.4,322.2,6,312.8,315.0,315.0,315.0,4.0,126000.0,238
2023-05-10 09:41:44,MO2403-P-6400,MO2403-P-6400,315.0,0.0,0.0,0.0,13,315.4,322.4,6,312.8,315.0,315.0,315.0,4.0,126000.0,238
2023-05-10 09:41:45,MO2403-P-6400,MO2403-P-6400,315.0,0.0,0.0,0.0,7,315.4,322.4,6,312.8,315.0,315.0,315.0,4.0,126000.0,238
2023-05-10 09:41:45,MO2403-P-6400,MO2403-P-6400,315.0,0.0,0.0,0.0,1,315.4,322.4,8,312.8,315.0,315.0,315.0,4.0,126000.0,238
2023-05-10 09:41:46,MO2403-P-6400,MO2403-P-6400,315.0,0.0,0.0,0.0,1,315.4,322.2,6,312.8,315.0,315.0,315.0,4.0,126000.0,238
2023-05-10 09:41:49,MO2403-P-6400,MO2403-P-6400,315.0,0.0,0.0,0.0,1,315.4,322.0,2,312.8,315.0,315.0,315.0,4.0,126000.0,238
2023-05-10 09:41:50,MO2403-P-6400,MO2403-P-6400,315.0,0.0,0.0,0.0,1,315.4,321.8,6,312.8,315.0,315.0,315.0,4.0,126000.0,238
2023-05-10 09:41:50,MO2403-P-6400,MO2403-P-6400,315.0,0.0,0.0,0.0,1,315.4,322.2,2,312.8,315.0,315.0,315.0,4.0,126000.0,238
2023-05-10 09:41:51,MO2403-P-6400,MO2403-P-6400,315.0,0.0,0.0,0.0,12,314.2,322.0,6,312.8,315.0,315.0,315.0,4.0,126000.0,238
2023-05-10 09:41:51,MO2403-P-6400,MO2403-P-6400,315.0,0.0,0.0,0.0,1,315.0,322.0,6,312.8,315.0,315.0,315.0,4.0,126000.0,238
2023-05-10 09:41:52,MO2403-P-6400,MO2403-P-6400,315.0,0.0,0.0,0.0,1,315.0,322.2,6,312.8,315.0,315.0,315.0,4.0,126000.0,238
2023-05-10 09:41:53,MO2403-P-6400,MO2403-P-6400,315.0,0.0,0.0,0.0,1,315.0,322.4,6,312.8,315.0,315.0,315.0,4.0,126000.0,238
2023-05-10 09:42:04,MO2403-P-6400,MO2403-P-6400,315.0,0.0,0.0,0.0,1,315.0,322.2,2,312.8,315.0,315.0,315.0,4.0,126000.0,238
2023-05-10 09:42:05,MO2403-P-6400,MO2403-P-6400,315.0,0.0,0.0,0.0,1,315.0,322.0,6,312.8,315.0,315.0,315.0,4.0,126000.0,238
2023-05-10 09:42:08,MO2403-P-6400,MO2403-P-6400,315.0,0.0,0.0,0.0,1,315.0,322.0,8,312.8,315.0,315.0,315.0,4.0,126000.0,238
2023-05-10 09:42:09,MO2403-P-6400,MO2403-P-6400,315.0,0.0,0.0,0.0,1,315.0,321.8,6,312.8,315.0,315.0,315.0,4.0,126000.0,238
2023-05-10 09:42:10,MO2403-P-6400,MO2403-P-6400,315.0,0.0,0.0,0.0,1,315.0,322.0,2,312.8,315.0,315.0,315.0,4.0,126000.0,238
2023-05-10 09:42:10,MO2403-P-6400,MO2403-P-6400,315.0,0.0,0.0,0.0,1,315.0,321.8,6,312.8,315.0,315.0,315.0,4.0,126000.0,238
2023-05-10 09:42:12,MO2403-P-6400,MO2403-P-6400,315.0,0.0,0.0,0.0,1,315.0,322.2,2,312.8,315.0,315.0,315.0,4.0,126000.0,238
2023-05-10 09:42:12,MO2403-P-6400,MO2403-P-6400,315.0,0.0,0.0,0.0,1,315.0,322.0,6,312.8,315.0,315.0,315.0,4.0,126000.0,238
2023-05-10 09:42:13,MO2403-P-6400,MO2403-P-6400,315.0,0.0,0.0,0.0,1,315.0,322.2,6,312.8,315.0,315.0,315.0,4.0,126000.0,238
2023-05-10 09:42:14,MO2403-P-6400,MO2403-P-6400,315.0,0.0,0.0,0.0,1,315.0,321.8,2,312.8,315.0,315.0,315.0,4.0,126000.0,238
2023-05-10 09:42:14,MO2403-P-6400,MO2403-P-6400,315.0,0.0,0.0,0.0,1,315.0,321.6,6,312.8,315.0,315.0,315.0,4.0,126000.0,238
2023-05-10 09:42:15,MO2403-P-6400,MO2403-P-6400,315.0,0.0,0.0,0.0,1,315.0,321.6,8,312.8,315.0,315.0,315.0,4.0,126000.0,238
2023-05-10 09:42:15,MO2403-P-6400,MO2403-P-6400,315.0,0.0,0.0,0.0,25,313.8,321.4,6,312.8,315.0,315.0,315.0,4.0,126000.0,238
2023-05-10 09:42:16,MO2403-P-6400,MO2403-P-6400,315.0,0.0,0.0,0.0,13,313.8,321.4,6,312.8,315.0,315.0,315.0,4.0,126000.0,238
2023-05-10 09:42:16,MO2403-P-6400,MO2403-P-6400,315.0,0.0,0.0,0.0,7,313.8,321.4,6,312.8,315.0,315.0,315.0,4.0,126000.0,238
2023-05-10 09:42:17,MO2403-P-6400,MO2403-P-6400,315.0,0.0,0.0,0.0,1,313.8,321.4,6,312.8,315.0,315.0,315.0,4.0,126000.0,238
2023-05-10 09:42:18,MO2403-P-6400,MO2403-P-6400,315.0,0.0,0.0,0.0,1,313.8,321.6,6,312.8,315.0,315.0,315.0,4.0,126000.0,238
2023-05-10 09:42:19,MO2403-P-6400,MO2403-P-6400,315.0,0.0,0.0,0.0,3,313.8,321.6,6,312.8,315.0,315.0,315.0,4.0,126000.0,238
2023-05-10 09:42:19,MO2403-P-6400,MO2403-P-6400,315.0,0.0,0.0,0.0,1,313.8,321.6,2,312.8,315.0,315.0,315.0,4.0,126000.0,238
2023-05-10 09:42:20,MO2403-P-6400,MO2403-P-6400,315.0,0.0,0.0,0.0,1,313.8,321.4,6,312.8,315.0,315.0,315.0,4.0,126000.0,238
2023-05-10 09:42:20,MO2403-P-6400,MO2403-P-6400,315.0,0.0,0.0,0.0,3,313.8,321.6,6,312.8,315.0,315.0,315.0,4.0,126000.0,238
2023-05-10 09:42:22,MO2403-P-6400,MO2403-P-6400,315.0,0.0,0.0,0.0,3,313.8,321.8,8,312.8,315.0,315.0,315.0,4.0,126000.0,238
2023-05-10 09:42:22,MO2403-P-6400,MO2403-P-6400,315.0,0.0,0.0,0.0,3,313.8,321.6,6,312.8,315.0,315.0,315.0,4.0,126000.0,238
2023-05-10 09:42:23,MO2403-P-6400,MO2403-P-6400,315.0,0.0,0.0,0.0,3,313.8,321.8,6,312.8,315.0,315.0,315.0,4.0,126000.0,238
2023-05-10 09:42:26,MO2403-P-6400,MO2403-P-6400,315.0,0.0,0.0,0.0,3,313.8,321.8,8,312.8,315.0,315.0,315.0,4.0,126000.0,238
2023-05-10 09:42:27,MO2403-P-6400,MO2403-P-6400,315.0,0.0,0.0,0.0,3,313.8,321.6,6,312.8,315.0,315.0,315.0,4.0,126000.0,238
2023-05-10 09:42:27,MO2403-P-6400,MO2403-P-6400,315.0,0.0,0.0,0.0,1,313.8,321.6,6,312.8,315.0,315.0,315.0,4.0,126000.0,238
2023-05-10 09:42:33,MO2403-P-6400,MO2403-P-6400,315.0,0.0,0.0,0.0,1,313.8,321.6,8,312.8,315.0,315.0,315.0,4.0,126000.0,238
2023-05-10 09:42:34,MO2403-P-6400,MO2403-P-6400,315.0,0.0,0.0,0.0,1,313.8,321.4,6,312.8,315.0,315.0,315.0,4.0,126000.0,238
2023-05-10 09:42:37,MO2403-P-6400,MO2403-P-6400,315.0,0.0,0.0,0.0,1,313.8,321.6,2,312.8,315.0,315.0,315.0,4.0,126000.0,238
2023-05-10 09:42:38,MO2403-P-6400,MO2403-P-6400,315.0,0.0,0.0,0.0,1,313.8,321.4,6,312.8,315.0,315.0,315.0,4.0,126000.0,238
2023-05-10 09:42:45,MO2403-P-6400,MO2403-P-6400,315.0,0.0,0.0,0.0,1,313.8,321.4,8,312.8,315.0,315.0,315.0,4.0,126000.0,238
2023-05-10 09:42:46,MO2403-P-6400,MO2403-P-6400,315.0,0.0,0.0,0.0,1,313.8,321.2,6,312.8,315.0,315.0,315.0,4.0,126000.0,238
2023-05-10 09:42:49,MO2403-P-6400,MO2403-P-6400,315.0,0.0,0.0,0.0,1,313.8,321.4,6,312.8,315.0,315.0,315.0,4.0,126000.0,238
2023-05-10 09:42:51,MO2403-P-6400,MO2403-P-6400,315.0,0.0,0.0,0.0,1,313.8,321.8,8,312.8,315.0,315.0,315.0,4.0,126000.0,238
2023-05-10 09:42:52,MO2403-P-6400,MO2403-P-6400,315.0,0.0,0.0,0.0,1,313.8,321.6,6,312.8,315.0,315.0,315.0,4.0,126000.0,238
2023-05-10 09:42:54,MO2403-P-6400,MO2403-P-6400,315.0,0.0,0.0,0.0,1,313.8,321.2,2,312.8,315.0,315.0,315.0,4.0,126000.0,238
2023-05-10 09:42:55,MO2403-P-6400,MO2403-P-6400,315.0,0.0,0.0,0.0,1,313.8,321.0,6,312.8,315.0,315.0,315.0,4.0,126000.0,238
2023-05-10 09:42:59,MO2403-P-6400,MO2403-P-6400,315.0,0.0,0.0,0.0,1,313.8,321.6,2,312.8,315.0,315.0,315.0,4.0,126000.0,238
2023-05-10 09:42:59,MO2403-P-6400,MO2403-P-6400,315.0,0.0,0.0,0.0,1,313.8,321.4,6,312.8,315.0,315.0,315.0,4.0,126000.0,238
2023-05-10 09:43:02,MO2403-P-6400,MO2403-P-6400,315.0,0.0,0.0,0.0,1,313.8,321.6,2,312.8,315.0,315.0,315.0,4.0,126000.0,238
2023-05-10 09:43:03,MO2403-P-6400,MO2403-P-6400,315.0,0.0,0.0,0.0,1,313.8,321.4,6,312.8,315.0,315.0,315.0,4.0,126000.0,238
2023-05-10 09:43:03,MO2403-P-6400,MO2403-P-6400,315.0,0.0,0.0,0.0,1,313.8,321.2,2,312.8,315.0,315.0,315.0,4.0,126000.0,238
2023-05-10 09:43:04,MO2403-P-6400,MO2403-P-6400,315.0,0.0,0.0,0.0,1,313.8,321.0,6,312.8,315.0,315.0,315.0,4.0,126000.0,238
2023-05-10 09:43:06,MO2403-P-6400,MO2403-P-6400,315.0,0.0,0.0,0.0,1,313.8,321.6,8,312.8,315.0,315.0,315.0,4.0,126000.0,238
2023-05-10 09:43:06,MO2403-P-6400,MO2403-P-6400,315.0,0.0,0.0,0.0,1,313.8,321.4,6,312.8,315.0,315.0,315.0,4.0,126000.0,238
2023-05-10 09:43:07,MO2403-P-6400,MO2403-P-6400,315.0,0.0,0.0,0.0,1,313.8,321.8,8,312.8,315.0,315.0,315.0,4.0,126000.0,238
2023-05-10 09:43:08,MO2403-P-6400,MO2403-P-6400,315.0,0.0,0.0,0.0,1,313.8,321.6,6,312.8,315.0,315.0,315.0,4.0,126000.0,238
2023-05-10 09:43:13,MO2403-P-6400,MO2403-P-6400,315.0,0.0,0.0,0.0,1,313.8,321.2,2,312.8,315.0,315.0,315.0,4.0,126000.0,238
2023-05-10 09:43:13,MO2403-P-6400,MO2403-P-6400,315.0,0.0,0.0,0.0,1,313.8,321.0,6,312.8,315.0,315.0,315.0,4.0,126000.0,238
2023-05-10 09:43:14,MO2403-P-6400,MO2403-P-6400,315.0,0.0,0.0,0.0,1,313.8,321.4,2,312.8,315.0,315.0,315.0,4.0,126000.0,238
2023-05-10 09:43:15,MO2403-P-6400,MO2403-P-6400,315.0,0.0,0.0,0.0,1,313.8,321.2,6,312.8,315.0,315.0,315.0,4.0,126000.0,238
2023-05-10 09:43:16,MO2403-P-6400,MO2403-P-6400,315.0,0.0,0.0,0.0,1,313.8,321.6,2,312.8,315.0,315.0,315.0,4.0,126000.0,238
2023-05-10 09:43:16,MO2403-P-6400,MO2403-P-6400,315.0,0.0,0.0,0.0,1,313.8,321.4,6,312.8,315.0,315.0,315.0,4.0,126000.0,238
2023-05-10 09:43:17,MO2403-P-6400,MO2403-P-6400,315.0,0.0,0.0,0.0,2,314.4,321.6,6,312.8,315.0,315.0,315.0,4.0,126000.0,238
2023-05-10 09:43:17,MO2403-P-6400,MO2403-P-6400,315.0,0.0,0.0,0.0,1,315.6,321.8,6,312.8,315.0,315.0,315.0,4.0,126000.0,238
2023-05-10 09:43:20,MO2403-P-6400,MO2403-P-6400,315.0,0.0,0.0,0.0,1,315.6,321.8,8,312.8,315.0,315.0,315.0,4.0,126000.0,238
2023-05-10 09:43:21,MO2403-P-6400,MO2403-P-6400,315.0,0.0,0.0,0.0,1,315.6,321.6,6,312.8,315.0,315.0,315.0,4.0,126000.0,238
2023-05-10 09:43:21,MO2403-P-6400,MO2403-P-6400,315.0,0.0,0.0,0.0,1,315.6,321.8,6,312.8,315.0,315.0,315.0,4.0,126000.0,238
2023-05-10 09:43:32,MO2403-P-6400,MO2403-P-6400,315.0,0.0,0.0,0.0,1,315.6,322.0,6,312.8,315.0,315.0,315.0,4.0,126000.0,238
2023-05-10 09:43:33,MO2403-P-6400,MO2403-P-6400,315.0,0.0,0.0,0.0,1,314.4,322.0,6,312.8,315.0,315.0,315.0,4.0,126000.0,238
2023-05-10 09:43:35,MO2403-P-6400,MO2403-P-6400,315.0,0.0,0.0,0.0,1,314.4,321.6,2,312.8,315.0,315.0,315.0,4.0,126000.0,238
2023-05-10 09:43:35,MO2403-P-6400,MO2403-P-6400,315.0,0.0,0.0,0.0,1,314.4,321.4,6,312.8,315.0,315.0,315.0,4.0,126000.0,238
2023-05-10 09:43:37,MO2403-P-6400,MO2403-P-6400,315.0,0.0,0.0,0.0,1,314.4,322.0,8,312.8,315.0,315.0,315.0,4.0,126000.0,238
2023-05-10 09:43:38,MO2403-P-6400,MO2403-P-6400,315.0,0.0,0.0,0.0,1,314.4,321.8,6,312.8,315.0,315.0,315.0,4.0,126000.0,238
2023-05-10 09:43:38,MO2403-P-6400,MO2403-P-6400,315.0,0.0,0.0,0.0,1,314.4,321.8,8,312.8,315.0,315.0,315.0,4.0,126000.0,238
2023-05-10 09:43:39,MO2403-P-6400,MO2403-P-6400,315.0,0.0,0.0,0.0,1,314.4,321.6,6,312.8,315.0,315.0,315.0,4.0,126000.0,238
2023-05-10 09:43:40,MO2403-P-6400,MO2403-P-6400,315.0,0.0,0.0,0.0,1,314.4,321.8,2,312.8,315.0,315.0,315.0,4.0,126000.0,238
2023-05-10 09:43:41,MO2403-P-6400,MO2403-P-6400,315.0,0.0,0.0,0.0,1,314.4,321.6,6,312.8,315.0,315.0,315.0,4.0,126000.0,238
2023-05-10 09:43:44,MO2403-P-6400,MO2403-P-6400,315.0,0.0,0.0,0.0,1,314.4,321.4,2,312.8,315.0,315.0,315.0,4.0,126000.0,238
2023-05-10 09:43:45,MO2403-P-6400,MO2403-P-6400,315.0,0.0,0.0,0.0,1,314.4,321.2,6,312.8,315.0,315.0,315.0,4.0,126000.0,238
2023-05-10 09:43:47,MO2403-P-6400,MO2403-P-6400,315.0,0.0,0.0,0.0,1,314.4,321.8,2,312.8,315.0,315.0,315.0,4.0,126000.0,238
2023-05-10 09:43:47,MO2403-P-6400,MO2403-P-6400,315.0,0.0,0.0,0.0,1,314.4,321.6,6,312.8,315.0,315.0,315.0,4.0,126000.0,238
2023-05-10 09:43:48,MO2403-P-6400,MO2403-P-6400,315.0,0.0,0.0,0.0,1,314.4,321.4,2,312.8,315.0,315.0,315.0,4.0,126000.0,238
2023-05-10 09:43:48,MO2403-P-6400,MO2403-P-6400,315.0,0.0,0.0,0.0,1,314.4,321.2,6,312.8,315.0,315.0,315.0,4.0,126000.0,238
2023-05-10 09:43:50,MO2403-P-6400,MO2403-P-6400,315.0,0.0,0.0,0.0,1,314.4,321.8,2,312.8,315.0,315.0,315.0,4.0,126000.0,238
2023-05-10 09:43:51,MO2403-P-6400,MO2403-P-6400,315.0,0.0,0.0,0.0,1,314.4,321.6,6,312.8,315.0,315.0,315.0,4.0,126000.0,238
2023-05-10 09:43:51,MO2403-P-6400,MO2403-P-6400,315.0,0.0,0.0,0.0,1,314.4,321.4,2,312.8,315.0,315.0,315.0,4.0,126000.0,238
2023-05-10 09:43:52,MO2403-P-6400,MO2403-P-6400,315.0,0.0,0.0,0.0,1,314.4,321.2,6,312.8,315.0,315.0,315.0,4.0,126000.0,238
2023-05-10 09:43:52,MO2403-P-6400,MO2403-P-6400,315.0,0.0,0.0,0.0,1,314.4,321.4,6,312.8,315.0,315.0,315.0,4.0,126000.0,238
2023-05-10 09:43:56,MO2403-P-6400,MO2403-P-6400,315.0,0.0,0.0,0.0,1,314.4,321.8,2,312.8,315.0,315.0,315.0,4.0,126000.0,238
2023-05-10 09:43:57,MO2403-P-6400,MO2403-P-6400,315.0,0.0,0.0,0.0,1,314.4,321.6,6,312.8,315.0,315.0,315.0,4.0,126000.0,238
2023-05-10 09:44:00,MO2403-P-6400,MO2403-P-6400,315.0,0.0,0.0,0.0,1,314.4,321.8,2,312.8,315.0,315.0,315.0,4.0,126000.0,238
2023-05-10 09:44:01,MO2403-P-6400,MO2403-P-6400,315.0,0.0,0.0,0.0,1,314.4,321.6,6,312.8,315.0,315.0,315.0,4.0,126000.0,238
2023-05-10 09:44:06,MO2403-P-6400,MO2403-P-6400,315.0,0.0,0.0,0.0,1,314.4,322.0,8,312.8,315.0,315.0,315.0,4.0,126000.0,238
2023-05-10 09:44:07,MO2403-P-6400,MO2403-P-6400,315.0,0.0,0.0,0.0,1,314.4,321.8,6,312.8,315.0,315.0,315.0,4.0,126000.0,238
2023-05-10 09:44:14,MO2403-P-6400,MO2403-P-6400,315.0,0.0,0.0,0.0,1,314.4,321.6,2,312.8,315.0,315.0,315.0,4.0,126000.0,238
2023-05-10 09:44:14,MO2403-P-6400,MO2403-P-6400,315.0,0.0,0.0,0.0,1,314.4,321.4,6,312.8,315.0,315.0,315.0,4.0,126000.0,238
2023-05-10 09:44:15,MO2403-P-6400,MO2403-P-6400,315.0,0.0,0.0,0.0,1,314.4,321.6,6,312.8,315.0,315.0,315.0,4.0,126000.0,238
2023-05-10 09:44:15,MO2403-P-6400,MO2403-P-6400,315.0,0.0,0.0,0.0,1,314.4,321.6,8,312.8,315.0,315.0,315.0,4.0,126000.0,238
2023-05-10 09:44:16,MO2403-P-6400,MO2403-P-6400,315.0,0.0,0.0,0.0,1,314.4,321.4,6,312.8,315.0,315.0,315.0,4.0,126000.0,238
2023-05-10 09:44:19,MO2403-P-6400,MO2403-P-6400,315.0,0.0,0.0,0.0,1,314.4,321.4,8,312.8,315.0,315.0,315.0,4.0,126000.0,238
2023-05-10 09:44:20,MO2403-P-6400,MO2403-P-6400,315.0,0.0,0.0,0.0,1,314.4,321.2,6,312.8,315.0,315.0,315.0,4.0,126000.0,238
2023-05-10 09:44:25,MO2403-P-6400,MO2403-P-6400,315.0,0.0,0.0,0.0,1,314.4,321.8,2,312.8,315.0,315.0,315.0,4.0,126000.0,238
2023-05-10 09:44:26,MO2403-P-6400,MO2403-P-6400,315.0,0.0,0.0,0.0,1,314.4,321.6,6,312.8,315.0,315.0,315.0,4.0,126000.0,238
2023-05-10 09:44:26,MO2403-P-6400,MO2403-P-6400,315.0,0.0,0.0,0.0,1,314.4,321.6,8,312.8,315.0,315.0,315.0,4.0,126000.0,238
2023-05-10 09:44:27,MO2403-P-6400,MO2403-P-6400,315.0,0.0,0.0,0.0,1,314.4,321.4,6,312.8,315.0,315.0,315.0,4.0,126000.0,238
2023-05-10 09:44:30,MO2403-P-6400,MO2403-P-6400,315.0,0.0,0.0,0.0,1,314.4,322.2,8,312.8,315.0,315.0,315.0,4.0,126000.0,238
2023-05-10 09:44:30,MO2403-P-6400,MO2403-P-6400,315.0,0.0,0.0,0.0,1,314.4,322.0,6,312.8,315.0,315.0,315.0,4.0,126000.0,238
2023-05-10 09:44:32,MO2403-P-6400,MO2403-P-6400,315.0,0.0,0.0,0.0,7,314.4,322.0,6,312.8,315.0,315.0,315.0,4.0,126000.0,238
2023-05-10 09:44:32,MO2403-P-6400,MO2403-P-6400,315.0,0.0,0.0,0.0,1,316.0,322.0,6,312.8,315.0,315.0,315.0,4.0,126000.0,238
2023-05-10 09:44:35,MO2403-P-6400,MO2403-P-6400,315.0,0.0,0.0,0.0,1,316.0,322.2,6,312.8,315.0,315.0,315.0,4.0,126000.0,238
2023-05-10 09:44:46,MO2403-P-6400,MO2403-P-6400,315.0,0.0,0.0,0.0,1,316.0,322.4,6,312.8,315.0,315.0,315.0,4.0,126000.0,238
2023-05-10 09:44:53,MO2403-P-6400,MO2403-P-6400,315.0,0.0,0.0,0.0,1,316.0,322.2,2,312.8,315.0,315.0,315.0,4.0,126000.0,238
2023-05-10 09:44:54,MO2403-P-6400,MO2403-P-6400,315.0,0.0,0.0,0.0,1,316.0,322.0,6,312.8,315.0,315.0,315.0,4.0,126000.0,238
2023-05-10 09:44:56,MO2403-P-6400,MO2403-P-6400,315.0,0.0,0.0,0.0,1,316.0,322.4,8,312.8,315.0,315.0,315.0,4.0,126000.0,238
2023-05-10 09:44:56,MO2403-P-6400,MO2403-P-6400,315.0,0.0,0.0,0.0,1,316.0,322.2,6,312.8,315.0,315.0,315.0,4.0,126000.0,238
2023-05-10 09:45:00,MO2403-P-6400,MO2403-P-6400,315.0,0.0,0.0,0.0,1,316.0,321.8,2,312.8,315.0,315.0,315.0,4.0,126000.0,238
2023-05-10 09:45:01,MO2403-P-6400,MO2403-P-6400,315.0,0.0,0.0,0.0,1,316.0,321.6,6,312.8,315.0,315.0,315.0,4.0,126000.0,238
2023-05-10 09:45:01,MO2403-P-6400,MO2403-P-6400,315.0,0.0,0.0,0.0,1,316.0,321.8,6,312.8,315.0,315.0,315.0,4.0,126000.0,238
2023-05-10 09:45:02,MO2403-P-6400,MO2403-P-6400,315.0,0.0,0.0,0.0,1,316.0,322.0,2,312.8,315.0,315.0,315.0,4.0,126000.0,238
2023-05-10 09:45:03,MO2403-P-6400,MO2403-P-6400,315.0,0.0,0.0,0.0,1,316.0,321.8,6,312.8,315.0,315.0,315.0,4.0,126000.0,238
2023-05-10 09:45:04,MO2403-P-6400,MO2403-P-6400,315.0,0.0,0.0,0.0,1,316.0,321.4,2,312.8,315.0,315.0,315.0,4.0,126000.0,238
2023-05-10 09:45:04,MO2403-P-6400,MO2403-P-6400,315.0,0.0,0.0,0.0,1,316.0,321.2,6,312.8,315.0,315.0,315.0,4.0,126000.0,238
2023-05-10 09:45:05,MO2403-P-6400,MO2403-P-6400,315.0,0.0,0.0,0.0,1,316.0,321.6,6,312.8,315.0,315.0,315.0,4.0,126000.0,238
2023-05-10 09:45:05,MO2403-P-6400,MO2403-P-6400,315.0,0.0,0.0,0.0,1,316.0,322.0,2,312.8,315.0,315.0,315.0,4.0,126000.0,238
2023-05-10 09:45:06,MO2403-P-6400,MO2403-P-6400,315.0,0.0,0.0,0.0,1,316.0,321.8,6,312.8,315.0,315.0,315.0,4.0,126000.0,238
2023-05-10 09:45:07,MO2403-P-6400,MO2403-P-6400,315.0,0.0,0.0,0.0,1,316.0,322.4,8,312.8,315.0,315.0,315.0,4.0,126000.0,238
2023-05-10 09:45:08,MO2403-P-6400,MO2403-P-6400,315.0,0.0,0.0,0.0,1,316.0,322.2,6,312.8,315.0,315.0,315.0,4.0,126000.0,238
2023-05-10 09:45:09,MO2403-P-6400,MO2403-P-6400,315.0,0.0,0.0,0.0,1,316.0,322.4,6,312.8,315.0,315.0,315.0,4.0,126000.0,238
2023-05-10 09:45:10,MO2403-P-6400,MO2403-P-6400,315.0,0.0,0.0,0.0,1,316.0,322.2,2,312.8,315.0,315.0,315.0,4.0,126000.0,238
2023-05-10 09:45:11,MO2403-P-6400,MO2403-P-6400,315.0,0.0,0.0,0.0,1,316.0,322.0,6,312.8,315.0,315.0,315.0,4.0,126000.0,238
2023-05-10 09:45:11,MO2403-P-6400,MO2403-P-6400,315.0,0.0,0.0,0.0,1,316.0,322.2,6,312.8,315.0,315.0,315.0,4.0,126000.0,238
2023-05-10 09:45:17,MO2403-P-6400,MO2403-P-6400,315.0,0.0,0.0,0.0,1,316.0,322.0,2,312.8,315.0,315.0,315.0,4.0,126000.0,238
2023-05-10 09:45:18,MO2403-P-6400,MO2403-P-6400,315.0,0.0,0.0,0.0,1,316.0,321.8,6,312.8,315.0,315.0,315.0,4.0,126000.0,238
2023-05-10 09:45:19,MO2403-P-6400,MO2403-P-6400,315.0,0.0,0.0,0.0,1,316.0,322.0,2,312.8,315.0,315.0,315.0,4.0,126000.0,238
2023-05-10 09:45:20,MO2403-P-6400,MO2403-P-6400,315.0,0.0,0.0,0.0,1,316.0,321.8,6,312.8,315.0,315.0,315.0,4.0,126000.0,238
2023-05-10 09:45:20,MO2403-P-6400,MO2403-P-6400,315.0,0.0,0.0,0.0,1,316.0,322.2,6,312.8,315.0,315.0,315.0,4.0,126000.0,238
2023-05-10 09:45:21,MO2403-P-6400,MO2403-P-6400,315.0,0.0,0.0,0.0,3,316.0,322.4,6,312.8,315.0,315.0,315.0,4.0,126000.0,238
2023-05-10 09:45:22,MO2403-P-6400,MO2403-P-6400,315.0,0.0,0.0,0.0,1,317.8,322.4,6,312.8,315.0,315.0,315.0,4.0,126000.0,238
2023-05-10 09:45:48,MO2403-P-6400,MO2403-P-6400,315.0,0.0,0.0,0.0,1,317.0,322.4,6,312.8,315.0,315.0,315.0,4.0,126000.0,238
2023-05-10 09:45:56,MO2403-P-6400,MO2403-P-6400,315.0,0.0,0.0,0.0,1,316.6,322.0,2,312.8,315.0,315.0,315.0,4.0,126000.0,238
2023-05-10 09:45:56,MO2403-P-6400,MO2403-P-6400,315.0,0.0,0.0,0.0,1,316.6,321.8,6,312.8,315.0,315.0,315.0,4.0,126000.0,238
2023-05-10 09:45:57,MO2403-P-6400,MO2403-P-6400,315.0,0.0,0.0,0.0,1,316.6,322.2,6,312.8,315.0,315.0,315.0,4.0,126000.0,238
2023-05-10 09:46:01,MO2403-P-6400,MO2403-P-6400,315.0,0.0,0.0,0.0,1,316.6,322.0,2,312.8,315.0,315.0,315.0,4.0,126000.0,238
2023-05-10 09:46:01,MO2403-P-6400,MO2403-P-6400,315.0,0.0,0.0,0.0,1,316.6,321.8,6,312.8,315.0,315.0,315.0,4.0,126000.0,238
2023-05-10 09:46:02,MO2403-P-6400,MO2403-P-6400,315.0,0.0,0.0,0.0,12,315.4,321.8,6,312.8,315.0,315.0,315.0,4.0,126000.0,238
2023-05-10 09:46:02,MO2403-P-6400,MO2403-P-6400,315.0,0.0,0.0,0.0,13,315.2,321.8,6,312.8,315.0,315.0,315.0,4.0,126000.0,238
2023-05-10 09:46:03,MO2403-P-6400,MO2403-P-6400,315.0,0.0,0.0,0.0,7,315.2,321.6,2,312.8,315.0,315.0,315.0,4.0,126000.0,238
2023-05-10 09:46:03,MO2403-P-6400,MO2403-P-6400,315.0,0.0,0.0,0.0,1,315.2,321.4,6,312.8,315.0,315.0,315.0,4.0,126000.0,238
2023-05-10 09:46:05,MO2403-P-6400,MO2403-P-6400,315.0,0.0,0.0,0.0,1,315.2,322.0,8,312.8,315.0,315.0,315.0,4.0,126000.0,238
2023-05-10 09:46:05,MO2403-P-6400,MO2403-P-6400,315.0,0.0,0.0,0.0,1,315.2,321.8,6,312.8,315.0,315.0,315.0,4.0,126000.0,238
2023-05-10 09:46:07,MO2403-P-6400,MO2403-P-6400,315.0,0.0,0.0,0.0,3,315.2,321.8,6,312.8,315.0,315.0,315.0,4.0,126000.0,238
2023-05-10 09:46:08,MO2403-P-6400,MO2403-P-6400,315.0,0.0,0.0,0.0,1,315.2,321.8,6,312.8,315.0,315.0,315.0,4.0,126000.0,238
2023-05-10 09:46:10,MO2403-P-6400,MO2403-P-6400,315.0,0.0,0.0,0.0,2,315.4,322.2,8,312.8,315.0,315.0,315.0,4.0,126000.0,238
2023-05-10 09:46:10,MO2403-P-6400,MO2403-P-6400,315.0,0.0,0.0,0.0,1,316.4,322.0,6,312.8,315.0,315.0,315.0,4.0,126000.0,238
2023-05-10 09:46:11,MO2403-P-6400,MO2403-P-6400,315.0,0.0,0.0,0.0,1,316.4,322.2,6,312.8,315.0,315.0,315.0,4.0,126000.0,238
2023-05-10 09:46:12,MO2403-P-6400,MO2403-P-6400,315.0,0.0,0.0,0.0,1,316.4,321.8,2,312.8,315.0,315.0,315.0,4.0,126000.0,238
2023-05-10 09:46:13,MO2403-P-6400,MO2403-P-6400,315.0,0.0,0.0,0.0,1,316.4,321.6,6,312.8,315.0,315.0,315.0,4.0,126000.0,238
2023-05-10 09:46:13,MO2403-P-6400,MO2403-P-6400,315.0,0.0,0.0,0.0,1,316.4,321.8,6,312.8,315.0,315.0,315.0,4.0,126000.0,238
2023-05-10 09:46:14,MO2403-P-6400,MO2403-P-6400,315.0,0.0,0.0,0.0,1,316.4,321.8,8,312.8,315.0,315.0,315.0,4.0,126000.0,238
2023-05-10 09:46:15,MO2403-P-6400,MO2403-P-6400,315.0,0.0,0.0,0.0,1,316.4,321.6,6,312.8,315.0,315.0,315.0,4.0,126000.0,238
2023-05-10 09:46:15,MO2403-P-6400,MO2403-P-6400,315.0,0.0,0.0,0.0,1,316.4,321.8,6,312.8,315.0,315.0,315.0,4.0,126000.0,238
2023-05-10 09:46:16,MO2403-P-6400,MO2403-P-6400,315.0,0.0,0.0,0.0,1,316.4,322.0,2,312.8,315.0,315.0,315.0,4.0,126000.0,238
2023-05-10 09:46:16,MO2403-P-6400,MO2403-P-6400,315.0,0.0,0.0,0.0,1,316.4,321.8,6,312.8,315.0,315.0,315.0,4.0,126000.0,238
2023-05-10 09:46:17,MO2403-P-6400,MO2403-P-6400,315.0,0.0,0.0,0.0,24,314.8,321.4,2,312.8,315.0,315.0,315.0,4.0,126000.0,238
2023-05-10 09:46:18,MO2403-P-6400,MO2403-P-6400,315.0,0.0,0.0,0.0,1,315.2,321.2,6,312.8,315.0,315.0,315.0,4.0,126000.0,238
2023-05-10 09:46:20,MO2403-P-6400,MO2403-P-6400,315.0,0.0,0.0,0.0,1,315.2,321.0,2,312.8,315.0,315.0,315.0,4.0,126000.0,238
2023-05-10 09:46:20,MO2403-P-6400,MO2403-P-6400,315.0,0.0,0.0,0.0,1,315.2,320.8,6,312.8,315.0,315.0,315.0,4.0,126000.0,238
2023-05-10 09:46:21,MO2403-P-6400,MO2403-P-6400,315.0,0.0,0.0,0.0,1,315.2,321.0,2,312.8,315.0,315.0,315.0,4.0,126000.0,238
2023-05-10 09:46:22,MO2403-P-6400,MO2403-P-6400,315.0,0.0,0.0,0.0,1,315.2,320.8,6,312.8,315.0,315.0,315.0,4.0,126000.0,238
2023-05-10 09:46:23,MO2403-P-6400,MO2403-P-6400,315.0,0.0,0.0,0.0,1,315.2,320.8,8,312.8,315.0,315.0,315.0,4.0,126000.0,238
2023-05-10 09:46:23,MO2403-P-6400,MO2403-P-6400,315.0,0.0,0.0,0.0,1,315.2,320.6,6,312.8,315.0,315.0,315.0,4.0,126000.0,238
2023-05-10 09:46:24,MO2403-P-6400,MO2403-P-6400,315.0,0.0,0.0,0.0,1,315.2,321.0,6,312.8,315.0,315.0,315.0,4.0,126000.0,238
2023-05-10 09:46:25,MO2403-P-6400,MO2403-P-6400,315.0,0.0,0.0,0.0,1,315.2,321.2,6,312.8,315.0,315.0,315.0,4.0,126000.0,238
2023-05-10 09:46:27,MO2403-P-6400,MO2403-P-6400,315.0,0.0,0.0,0.0,1,315.2,321.2,8,312.8,315.0,315.0,315.0,4.0,126000.0,238
2023-05-10 09:46:28,MO2403-P-6400,MO2403-P-6400,315.0,0.0,0.0,0.0,1,315.2,321.0,6,312.8,315.0,315.0,315.0,4.0,126000.0,238
2023-05-10 09:46:28,MO2403-P-6400,MO2403-P-6400,315.0,0.0,0.0,0.0,1,315.2,321.2,6,312.8,315.0,315.0,315.0,4.0,126000.0,238
2023-05-10 09:46:30,MO2403-P-6400,MO2403-P-6400,315.0,0.0,0.0,0.0,1,315.2,321.4,6,312.8,315.0,315.0,315.0,4.0,126000.0,238
2023-05-10 09:46:32,MO2403-P-6400,MO2403-P-6400,315.0,0.0,0.0,0.0,3,315.2,321.4,6,312.8,315.0,315.0,315.0,4.0,126000.0,238
2023-05-10 09:46:32,MO2403-P-6400,MO2403-P-6400,315.0,0.0,0.0,0.0,1,316.8,321.4,6,312.8,315.0,315.0,315.0,4.0,126000.0,238
2023-05-10 09:46:43,MO2403-P-6400,MO2403-P-6400,315.0,0.0,0.0,0.0,1,315.6,321.4,6,312.8,315.0,315.0,315.0,4.0,126000.0,238
2023-05-10 09:46:44,MO2403-P-6400,MO2403-P-6400,315.0,0.0,0.0,0.0,1,315.6,321.4,8,312.8,315.0,315.0,315.0,4.0,126000.0,238
2023-05-10 09:46:44,MO2403-P-6400,MO2403-P-6400,315.0,0.0,0.0,0.0,1,315.6,321.2,6,312.8,315.0,315.0,315.0,4.0,126000.0,238
2023-05-10 09:46:48,MO2403-P-6400,MO2403-P-6400,315.0,0.0,0.0,0.0,3,314.4,321.2,6,312.8,315.0,315.0,315.0,4.0,126000.0,238
2023-05-10 09:46:48,MO2403-P-6400,MO2403-P-6400,315.0,0.0,0.0,0.0,1,314.4,320.8,2,312.8,315.0,315.0,315.0,4.0,126000.0,238
2023-05-10 09:46:49,MO2403-P-6400,MO2403-P-6400,315.0,0.0,0.0,0.0,1,314.4,320.6,6,312.8,315.0,315.0,315.0,4.0,126000.0,238
2023-05-10 09:46:52,MO2403-P-6400,MO2403-P-6400,315.0,0.0,0.0,0.0,1,314.4,321.0,2,312.8,315.0,315.0,315.0,4.0,126000.0,238
2023-05-10 09:46:52,MO2403-P-6400,MO2403-P-6400,315.0,0.0,0.0,0.0,1,314.4,320.8,6,312.8,315.0,315.0,315.0,4.0,126000.0,238
2023-05-10 09:46:55,MO2403-P-6400,MO2403-P-6400,315.0,0.0,0.0,0.0,3,314.4,321.2,8,312.8,315.0,315.0,315.0,4.0,126000.0,238
2023-05-10 09:46:55,MO2403-P-6400,MO2403-P-6400,315.0,0.0,0.0,0.0,3,314.4,321.0,6,312.8,315.0,315.0,315.0,4.0,126000.0,238
2023-05-10 09:46:56,MO2403-P-6400,MO2403-P-6400,315.0,0.0,0.0,0.0,3,314.4,321.2,6,312.8,315.0,315.0,315.0,4.0,126000.0,238
2023-05-10 09:46:57,MO2403-P-6400,MO2403-P-6400,315.0,0.0,0.0,0.0,1,315.4,321.2,6,312.8,315.0,315.0,315.0,4.0,126000.0,238
2023-05-10 09:46:58,MO2403-P-6400,MO2403-P-6400,315.0,0.0,0.0,0.0,1,315.4,321.2,8,312.8,315.0,315.0,315.0,4.0,126000.0,238
2023-05-10 09:46:58,MO2403-P-6400,MO2403-P-6400,315.0,0.0,0.0,0.0,1,315.4,321.0,6,312.8,315.0,315.0,315.0,4.0,126000.0,238
2023-05-10 09:46:59,MO2403-P-6400,MO2403-P-6400,315.0,0.0,0.0,0.0,1,315.4,321.0,8,312.8,315.0,315.0,315.0,4.0,126000.0,238
2023-05-10 09:46:59,MO2403-P-6400,MO2403-P-6400,315.0,0.0,0.0,0.0,3,314.2,320.8,6,312.8,315.0,315.0,315.0,4.0,126000.0,238
2023-05-10 09:47:00,MO2403-P-6400,MO2403-P-6400,315.0,0.0,0.0,0.0,1,314.2,320.8,6,312.8,315.0,315.0,315.0,4.0,126000.0,238
2023-05-10 09:47:00,MO2403-P-6400,MO2403-P-6400,315.0,0.0,0.0,0.0,1,314.2,320.8,8,312.8,315.0,315.0,315.0,4.0,126000.0,238
2023-05-10 09:47:01,MO2403-P-6400,MO2403-P-6400,315.0,0.0,0.0,0.0,1,314.2,320.6,6,312.8,315.0,315.0,315.0,4.0,126000.0,238
2023-05-10 09:47:07,MO2403-P-6400,MO2403-P-6400,315.0,0.0,0.0,0.0,1,314.2,320.6,8,312.8,315.0,315.0,315.0,4.0,126000.0,238
2023-05-10 09:47:07,MO2403-P-6400,MO2403-P-6400,315.0,0.0,0.0,0.0,1,314.2,320.0,2,312.8,315.0,315.0,315.0,4.0,126000.0,238
2023-05-10 09:47:08,MO2403-P-6400,MO2403-P-6400,315.0,0.0,0.0,0.0,12,314.0,319.8,6,312.8,315.0,315.0,315.0,4.0,126000.0,238
2023-05-10 09:47:08,MO2403-P-6400,MO2403-P-6400,315.0,0.0,0.0,0.0,6,313.8,319.8,6,312.8,315.0,315.0,315.0,4.0,126000.0,238
2023-05-10 09:47:09,MO2403-P-6400,MO2403-P-6400,315.0,0.0,0.0,0.0,37,313.4,320.0,8,312.8,315.0,315.0,315.0,4.0,126000.0,238
2023-05-10 09:47:09,MO2403-P-6400,MO2403-P-6400,315.0,0.0,0.0,0.0,13,313.4,319.8,6,312.8,315.0,315.0,315.0,4.0,126000.0,238
2023-05-10 09:47:10,MO2403-P-6400,MO2403-P-6400,315.0,0.0,0.0,0.0,7,313.4,319.8,6,312.8,315.0,315.0,315.0,4.0,126000.0,238
2023-05-10 09:47:10,MO2403-P-6400,MO2403-P-6400,315.0,0.0,0.0,0.0,1,313.4,319.8,6,312.8,315.0,315.0,315.0,4.0,126000.0,238
2023-05-10 09:47:11,MO2403-P-6400,MO2403-P-6400,315.0,0.0,0.0,0.0,2,313.6,320.0,6,312.8,315.0,315.0,315.0,4.0,126000.0,238
2023-05-10 09:47:12,MO2403-P-6400,MO2403-P-6400,315.0,0.0,0.0,0.0,3,313.4,320.0,6,312.8,315.0,315.0,315.0,4.0,126000.0,238
2023-05-10 09:47:12,MO2403-P-6400,MO2403-P-6400,315.0,0.0,0.0,0.0,1,313.4,320.0,6,312.8,315.0,315.0,315.0,4.0,126000.0,238
2023-05-10 09:47:13,MO2403-P-6400,MO2403-P-6400,315.0,0.0,0.0,0.0,1,313.4,319.8,2,312.8,315.0,315.0,315.0,4.0,126000.0,238
2023-05-10 09:47:13,MO2403-P-6400,MO2403-P-6400,315.0,0.0,0.0,0.0,1,313.4,319.6,6,312.8,315.0,315.0,315.0,4.0,126000.0,238
2023-05-10 09:47:14,MO2403-P-6400,MO2403-P-6400,315.0,0.0,0.0,0.0,1,313.4,319.8,6,312.8,315.0,315.0,315.0,4.0,126000.0,238
2023-05-10 09:47:17,MO2403-P-6400,MO2403-P-6400,315.0,0.0,0.0,0.0,1,313.4,319.8,8,312.8,315.0,315.0,315.0,4.0,126000.0,238
2023-05-10 09:47:18,MO2403-P-6400,MO2403-P-6400,315.0,0.0,0.0,0.0,1,313.4,319.6,6,312.8,315.0,315.0,315.0,4.0,126000.0,238
2023-05-10 09:47:20,MO2403-P-6400,MO2403-P-6400,315.0,0.0,0.0,0.0,1,313.4,319.6,8,312.8,315.0,315.0,315.0,4.0,126000.0,238
2023-05-10 09:47:20,MO2403-P-6400,MO2403-P-6400,315.0,0.0,0.0,0.0,1,313.4,319.4,6,312.8,315.0,315.0,315.0,4.0,126000.0,238
2023-05-10 09:47:21,MO2403-P-6400,MO2403-P-6400,315.0,0.0,0.0,0.0,1,313.4,320.0,6,312.8,315.0,315.0,315.0,4.0,126000.0,238
2023-05-10 09:47:22,MO2403-P-6400,MO2403-P-6400,315.0,0.0,0.0,0.0,1,313.4,320.0,8,312.8,315.0,315.0,315.0,4.0,126000.0,238
2023-05-10 09:47:23,MO2403-P-6400,MO2403-P-6400,315.0,0.0,0.0,0.0,1,313.4,319.8,6,312.8,315.0,315.0,315.0,4.0,126000.0,238
2023-05-10 09:47:24,MO2403-P-6400,MO2403-P-6400,315.0,0.0,0.0,0.0,1,313.4,319.8,8,312.8,315.0,315.0,315.0,4.0,126000.0,238
2023-05-10 09:47:24,MO2403-P-6400,MO2403-P-6400,315.0,0.0,0.0,0.0,1,313.4,319.6,6,312.8,315.0,315.0,315.0,4.0,126000.0,238
2023-05-10 09:47:28,MO2403-P-6400,MO2403-P-6400,315.0,0.0,0.0,0.0,1,313.4,319.6,8,312.8,315.0,315.0,315.0,4.0,126000.0,238
2023-05-10 09:47:29,MO2403-P-6400,MO2403-P-6400,315.0,0.0,0.0,0.0,1,313.4,319.4,6,312.8,315.0,315.0,315.0,4.0,126000.0,238
2023-05-10 09:47:29,MO2403-P-6400,MO2403-P-6400,315.0,0.0,0.0,0.0,1,313.4,319.6,6,312.8,315.0,315.0,315.0,4.0,126000.0,238
2023-05-10 09:47:30,MO2403-P-6400,MO2403-P-6400,315.0,0.0,0.0,0.0,1,313.4,319.6,8,312.8,315.0,315.0,315.0,4.0,126000.0,238
2023-05-10 09:47:30,MO2403-P-6400,MO2403-P-6400,315.0,0.0,0.0,0.0,1,313.4,319.4,6,312.8,315.0,315.0,315.0,4.0,126000.0,238
2023-05-10 09:47:34,MO2403-P-6400,MO2403-P-6400,315.0,0.0,0.0,0.0,1,313.4,319.6,2,312.8,315.0,315.0,315.0,4.0,126000.0,238
2023-05-10 09:47:34,MO2403-P-6400,MO2403-P-6400,315.0,0.0,0.0,0.0,1,313.4,319.4,6,312.8,315.0,315.0,315.0,4.0,126000.0,238
2023-05-10 09:47:36,MO2403-P-6400,MO2403-P-6400,315.0,0.0,0.0,0.0,1,313.4,319.4,8,312.8,315.0,315.0,315.0,4.0,126000.0,238
2023-05-10 09:47:36,MO2403-P-6400,MO2403-P-6400,315.0,0.0,0.0,0.0,1,313.4,319.2,6,312.8,315.0,315.0,315.0,4.0,126000.0,238
2023-05-10 09:47:38,MO2403-P-6400,MO2403-P-6400,315.0,0.0,0.0,0.0,1,313.4,319.6,2,312.8,315.0,315.0,315.0,4.0,126000.0,238
2023-05-10 09:47:39,MO2403-P-6400,MO2403-P-6400,315.0,0.0,0.0,0.0,1,313.4,319.4,6,312.8,315.0,315.0,315.0,4.0,126000.0,238
2023-05-10 09:47:42,MO2403-P-6400,MO2403-P-6400,315.0,0.0,0.0,0.0,1,313.4,319.6,2,312.8,315.0,315.0,315.0,4.0,126000.0,238
2023-05-10 09:47:43,MO2403-P-6400,MO2403-P-6400,315.0,0.0,0.0,0.0,1,313.4,319.4,6,312.8,315.0,315.0,315.0,4.0,126000.0,238
2023-05-10 09:47:51,MO2403-P-6400,MO2403-P-6400,315.0,0.0,0.0,0.0,1,313.4,319.4,8,312.8,315.0,315.0,315.0,4.0,126000.0,238
2023-05-10 09:47:51,MO2403-P-6400,MO2403-P-6400,315.0,0.0,0.0,0.0,1,313.4,319.2,6,312.8,315.0,315.0,315.0,4.0,126000.0,238
2023-05-10 09:47:54,MO2403-P-6400,MO2403-P-6400,315.0,0.0,0.0,0.0,1,313.4,319.6,2,312.8,315.0,315.0,315.0,4.0,126000.0,238
2023-05-10 09:47:55,MO2403-P-6400,MO2403-P-6400,315.0,0.0,0.0,0.0,1,313.4,319.4,6,312.8,315.0,315.0,315.0,4.0,126000.0,238
2023-05-10 09:47:56,MO2403-P-6400,MO2403-P-6400,315.0,0.0,0.0,0.0,1,313.4,319.8,2,312.8,315.0,315.0,315.0,4.0,126000.0,238
2023-05-10 09:47:56,MO2403-P-6400,MO2403-P-6400,315.0,0.0,0.0,0.0,1,313.4,319.6,6,312.8,315.0,315.0,315.0,4.0,126000.0,238
2023-05-10 09:47:58,MO2403-P-6400,MO2403-P-6400,315.0,0.0,0.0,0.0,1,313.4,320.0,8,312.8,315.0,315.0,315.0,4.0,126000.0,238
2023-05-10 09:47:59,MO2403-P-6400,MO2403-P-6400,315.0,0.0,0.0,0.0,1,313.4,319.8,6,312.8,315.0,315.0,315.0,4.0,126000.0,238
2023-05-10 09:47:59,MO2403-P-6400,MO2403-P-6400,315.0,0.0,0.0,0.0,1,313.4,319.6,2,312.8,315.0,315.0,315.0,4.0,126000.0,238
2023-05-10 09:48:00,MO2403-P-6400,MO2403-P-6400,315.0,0.0,0.0,0.0,1,313.4,319.4,6,312.8,315.0,315.0,315.0,4.0,126000.0,238
2023-05-10 09:48:03,MO2403-P-6400,MO2403-P-6400,315.0,0.0,0.0,0.0,1,313.4,319.8,2,312.8,315.0,315.0,315.0,4.0,126000.0,238
2023-05-10 09:48:03,MO2403-P-6400,MO2403-P-6400,315.0,0.0,0.0,0.0,1,313.4,319.6,6,312.8,315.0,315.0,315.0,4.0,126000.0,238
2023-05-10 09:48:09,MO2403-P-6400,MO2403-P-6400,315.0,0.0,0.0,0.0,1,313.4,319.4,2,312.8,315.0,315.0,315.0,4.0,126000.0,238
2023-05-10 09:48:09,MO2403-P-6400,MO2403-P-6400,315.0,0.0,0.0,0.0,1,313.4,319.2,6,312.8,315.0,315.0,315.0,4.0,126000.0,238
2023-05-10 09:48:11,MO2403-P-6400,MO2403-P-6400,315.0,0.0,0.0,0.0,1,313.4,319.2,8,312.8,315.0,315.0,315.0,4.0,126000.0,238
2023-05-10 09:48:11,MO2403-P-6400,MO2403-P-6400,315.0,0.0,0.0,0.0,1,313.4,319.0,6,312.8,315.0,315.0,315.0,4.0,126000.0,238
2023-05-10 09:48:13,MO2403-P-6400,MO2403-P-6400,315.0,0.0,0.0,0.0,1,313.4,319.6,2,312.8,315.0,315.0,315.0,4.0,126000.0,238
2023-05-10 09:48:14,MO2403-P-6400,MO2403-P-6400,315.0,0.0,0.0,0.0,1,313.4,319.4,6,312.8,315.0,315.0,315.0,4.0,126000.0,238
2023-05-10 09:48:17,MO2403-P-6400,MO2403-P-6400,315.0,0.0,0.0,0.0,1,313.4,319.8,2,312.8,315.0,315.0,315.0,4.0,126000.0,238
2023-05-10 09:48:18,MO2403-P-6400,MO2403-P-6400,315.0,0.0,0.0,0.0,1,313.4,319.6,6,312.8,315.0,315.0,315.0,4.0,126000.0,238
2023-05-10 09:48:18,MO2403-P-6400,MO2403-P-6400,315.0,0.0,0.0,0.0,1,313.4,319.8,6,312.8,315.0,315.0,315.0,4.0,126000.0,238
2023-05-10 09:48:19,MO2403-P-6400,MO2403-P-6400,315.0,0.0,0.0,0.0,1,313.4,319.8,8,312.8,315.0,315.0,315.0,4.0,126000.0,238
2023-05-10 09:48:19,MO2403-P-6400,MO2403-P-6400,315.0,0.0,0.0,0.0,1,313.4,319.6,6,312.8,315.0,315.0,315.0,4.0,126000.0,238
2023-05-10 09:48:21,MO2403-P-6400,MO2403-P-6400,315.0,0.0,0.0,0.0,1,313.4,320.0,8,312.8,315.0,315.0,315.0,4.0,126000.0,238
2023-05-10 09:48:21,MO2403-P-6400,MO2403-P-6400,315.0,0.0,0.0,0.0,1,313.4,319.8,6,312.8,315.0,315.0,315.0,4.0,126000.0,238
2023-05-10 09:48:22,MO2403-P-6400,MO2403-P-6400,315.0,0.0,0.0,0.0,2,313.6,320.0,6,312.8,315.0,315.0,315.0,4.0,126000.0,238
2023-05-10 09:48:22,MO2403-P-6400,MO2403-P-6400,315.0,0.0,0.0,0.0,1,315.4,320.0,6,312.8,315.0,315.0,315.0,4.0,126000.0,238
2023-05-10 09:48:26,MO2403-P-6400,MO2403-P-6400,315.0,0.0,0.0,0.0,1,315.4,320.0,8,312.8,315.0,315.0,315.0,4.0,126000.0,238
2023-05-10 09:48:27,MO2403-P-6400,MO2403-P-6400,315.0,0.0,0.0,0.0,1,315.4,319.8,6,312.8,315.0,315.0,315.0,4.0,126000.0,238
2023-05-10 09:48:27,MO2403-P-6400,MO2403-P-6400,315.0,0.0,0.0,0.0,1,315.4,320.0,6,312.8,315.0,315.0,315.0,4.0,126000.0,238
2023-05-10 09:48:28,MO2403-P-6400,MO2403-P-6400,315.0,0.0,0.0,0.0,1,315.4,320.0,8,312.8,315.0,315.0,315.0,4.0,126000.0,238
2023-05-10 09:48:28,MO2403-P-6400,MO2403-P-6400,315.0,0.0,0.0,0.0,1,315.4,319.8,6,312.8,315.0,315.0,315.0,4.0,126000.0,238
2023-05-10 09:48:29,MO2403-P-6400,MO2403-P-6400,315.0,0.0,0.0,0.0,1,314.2,319.8,6,312.8,315.0,315.0,315.0,4.0,126000.0,238
2023-05-10 09:48:32,MO2403-P-6400,MO2403-P-6400,315.0,0.0,0.0,0.0,1,314.2,320.2,8,312.8,315.0,315.0,315.0,4.0,126000.0,238
2023-05-10 09:48:33,MO2403-P-6400,MO2403-P-6400,315.0,0.0,0.0,0.0,1,314.2,320.0,6,312.8,315.0,315.0,315.0,4.0,126000.0,238
2023-05-10 09:48:33,MO2403-P-6400,MO2403-P-6400,315.0,0.0,0.0,0.0,1,314.2,320.0,8,312.8,315.0,315.0,315.0,4.0,126000.0,238
2023-05-10 09:48:34,MO2403-P-6400,MO2403-P-6400,315.0,0.0,0.0,0.0,1,314.2,319.8,6,312.8,315.0,315.0,315.0,4.0,126000.0,238
2023-05-10 09:48:36,MO2403-P-6400,MO2403-P-6400,315.0,0.0,0.0,0.0,1,314.2,319.6,2,312.8,315.0,315.0,315.0,4.0,126000.0,238
2023-05-10 09:48:37,MO2403-P-6400,MO2403-P-6400,315.0,0.0,0.0,0.0,1,314.2,319.4,6,312.8,315.0,315.0,315.0,4.0,126000.0,238
2023-05-10 09:48:41,MO2403-P-6400,MO2403-P-6400,315.0,0.0,0.0,0.0,1,314.2,319.8,2,312.8,315.0,315.0,315.0,4.0,126000.0,238
2023-05-10 09:48:41,MO2403-P-6400,MO2403-P-6400,315.0,0.0,0.0,0.0,1,314.2,319.6,6,312.8,315.0,315.0,315.0,4.0,126000.0,238
2023-05-10 09:48:45,MO2403-P-6400,MO2403-P-6400,315.0,0.0,0.0,0.0,1,314.2,319.4,2,312.8,315.0,315.0,315.0,4.0,126000.0,238
2023-05-10 09:48:45,MO2403-P-6400,MO2403-P-6400,315.0,0.0,0.0,0.0,1,314.2,319.2,6,312.8,315.0,315.0,315.0,4.0,126000.0,238
2023-05-10 09:48:46,MO2403-P-6400,MO2403-P-6400,315.0,0.0,0.0,0.0,1,314.2,319.2,2,312.8,315.0,315.0,315.0,4.0,126000.0,238
2023-05-10 09:48:47,MO2403-P-6400,MO2403-P-6400,315.0,0.0,0.0,0.0,1,314.2,319.0,6,312.8,315.0,315.0,315.0,4.0,126000.0,238
2023-05-10 09:48:47,MO2403-P-6400,MO2403-P-6400,315.0,0.0,0.0,0.0,1,314.2,319.4,6,312.8,315.0,315.0,315.0,4.0,126000.0,238
2023-05-10 09:48:51,MO2403-P-6400,MO2403-P-6400,315.0,0.0,0.0,0.0,1,314.2,319.2,2,312.8,315.0,315.0,315.0,4.0,126000.0,238
2023-05-10 09:48:51,MO2403-P-6400,MO2403-P-6400,315.0,0.0,0.0,0.0,1,314.2,319.0,6,312.8,315.0,315.0,315.0,4.0,126000.0,238
2023-05-10 09:48:52,MO2403-P-6400,MO2403-P-6400,315.0,0.0,0.0,0.0,1,314.2,319.8,2,312.8,315.0,315.0,315.0,4.0,126000.0,238
2023-05-10 09:48:53,MO2403-P-6400,MO2403-P-6400,315.0,0.0,0.0,0.0,1,314.2,319.6,6,312.8,315.0,315.0,315.0,4.0,126000.0,238
2023-05-10 09:48:53,MO2403-P-6400,MO2403-P-6400,315.0,0.0,0.0,0.0,1,314.2,319.4,2,312.8,315.0,315.0,315.0,4.0,126000.0,238
2023-05-10 09:48:54,MO2403-P-6400,MO2403-P-6400,315.0,0.0,0.0,0.0,1,314.2,319.2,6,312.8,315.0,315.0,315.0,4.0,126000.0,238
2023-05-10 09:48:56,MO2403-P-6400,MO2403-P-6400,315.0,0.0,0.0,0.0,1,314.2,319.8,2,312.8,315.0,315.0,315.0,4.0,126000.0,238
2023-05-10 09:48:56,MO2403-P-6400,MO2403-P-6400,315.0,0.0,0.0,0.0,1,314.2,319.6,6,312.8,315.0,315.0,315.0,4.0,126000.0,238
2023-05-10 09:48:57,MO2403-P-6400,MO2403-P-6400,315.0,0.0,0.0,0.0,1,314.2,319.4,2,312.8,315.0,315.0,315.0,4.0,126000.0,238
2023-05-10 09:48:58,MO2403-P-6400,MO2403-P-6400,315.0,0.0,0.0,0.0,1,314.2,319.2,6,312.8,315.0,315.0,315.0,4.0,126000.0,238
2023-05-10 09:48:58,MO2403-P-6400,MO2403-P-6400,315.0,0.0,0.0,0.0,1,314.2,319.4,6,312.8,315.0,315.0,315.0,4.0,126000.0,238
2023-05-10 09:48:59,MO2403-P-6400,MO2403-P-6400,315.0,0.0,0.0,0.0,1,314.2,319.8,2,312.8,315.0,315.0,315.0,4.0,126000.0,238
2023-05-10 09:49:00,MO2403-P-6400,MO2403-P-6400,315.0,0.0,0.0,0.0,1,314.2,319.6,6,312.8,315.0,315.0,315.0,4.0,126000.0,238
2023-05-10 09:49:01,MO2403-P-6400,MO2403-P-6400,315.0,0.0,0.0,0.0,1,314.2,319.6,8,312.8,315.0,315.0,315.0,4.0,126000.0,238
2023-05-10 09:49:01,MO2403-P-6400,MO2403-P-6400,315.0,0.0,0.0,0.0,1,314.2,319.4,6,312.8,315.0,315.0,315.0,4.0,126000.0,238
2023-05-10 09:49:02,MO2403-P-6400,MO2403-P-6400,315.0,0.0,0.0,0.0,1,313.0,319.4,6,312.8,315.0,315.0,315.0,4.0,126000.0,238
2023-05-10 09:49:02,MO2403-P-6400,MO2403-P-6400,315.0,0.0,0.0,0.0,1,313.0,319.0,2,312.8,315.0,315.0,315.0,4.0,126000.0,238
2023-05-10 09:49:03,MO2403-P-6400,MO2403-P-6400,315.0,0.0,0.0,0.0,1,313.0,318.8,6,312.8,315.0,315.0,315.0,4.0,126000.0,238
2023-05-10 09:49:05,MO2403-P-6400,MO2403-P-6400,315.0,0.0,0.0,0.0,1,313.0,318.8,2,312.8,315.0,315.0,315.0,4.0,126000.0,238
2023-05-10 09:49:05,MO2403-P-6400,MO2403-P-6400,315.0,0.0,0.0,0.0,1,313.0,318.6,6,312.8,315.0,315.0,315.0,4.0,126000.0,238
2023-05-10 09:49:06,MO2403-P-6400,MO2403-P-6400,315.0,0.0,0.0,0.0,1,313.0,318.8,6,312.8,315.0,315.0,315.0,4.0,126000.0,238
2023-05-10 09:49:06,MO2403-P-6400,MO2403-P-6400,315.0,0.0,0.0,0.0,1,313.0,319.0,6,312.8,315.0,315.0,315.0,4.0,126000.0,238
2023-05-10 09:49:11,MO2403-P-6400,MO2403-P-6400,315.0,0.0,0.0,0.0,1,313.0,318.6,2,312.8,315.0,315.0,315.0,4.0,126000.0,238
2023-05-10 09:49:11,MO2403-P-6400,MO2403-P-6400,315.0,0.0,0.0,0.0,1,313.0,318.4,6,312.8,315.0,315.0,315.0,4.0,126000.0,238
2023-05-10 09:49:12,MO2403-P-6400,MO2403-P-6400,315.0,0.0,0.0,0.0,1,313.0,318.6,6,312.8,315.0,315.0,315.0,4.0,126000.0,238
2023-05-10 09:49:13,MO2403-P-6400,MO2403-P-6400,315.0,0.0,0.0,0.0,1,313.0,318.4,2,312.8,315.0,315.0,315.0,4.0,126000.0,238
2023-05-10 09:49:13,MO2403-P-6400,MO2403-P-6400,315.0,0.0,0.0,0.0,1,313.0,318.2,6,312.8,315.0,315.0,315.0,4.0,126000.0,238
2023-05-10 09:49:14,MO2403-P-6400,MO2403-P-6400,315.0,0.0,0.0,0.0,1,313.0,318.6,2,312.8,315.0,315.0,315.0,4.0,126000.0,238
2023-05-10 09:49:15,MO2403-P-6400,MO2403-P-6400,315.0,0.0,0.0,0.0,1,313.0,318.4,6,312.8,315.0,315.0,315.0,4.0,126000.0,238
2023-05-10 09:49:18,MO2403-P-6400,MO2403-P-6400,315.0,0.0,0.0,0.0,1,313.0,318.8,2,312.8,315.0,315.0,315.0,4.0,126000.0,238
2023-05-10 09:49:18,MO2403-P-6400,MO2403-P-6400,315.0,0.0,0.0,0.0,1,313.0,318.6,6,312.8,315.0,315.0,315.0,4.0,126000.0,238
2023-05-10 09:49:25,MO2403-P-6400,MO2403-P-6400,315.0,0.0,0.0,0.0,1,313.0,319.0,8,312.8,315.0,315.0,315.0,4.0,126000.0,238
2023-05-10 09:49:25,MO2403-P-6400,MO2403-P-6400,315.0,0.0,0.0,0.0,1,313.0,318.8,6,312.8,315.0,315.0,315.0,4.0,126000.0,238
2023-05-10 09:49:32,MO2403-P-6400,MO2403-P-6400,315.0,0.0,0.0,0.0,1,313.0,318.8,8,312.8,315.0,315.0,315.0,4.0,126000.0,238
2023-05-10 09:49:33,MO2403-P-6400,MO2403-P-6400,315.0,0.0,0.0,0.0,1,313.0,318.6,6,312.8,315.0,315.0,315.0,4.0,126000.0,238
2023-05-10 09:49:34,MO2403-P-6400,MO2403-P-6400,315.0,0.0,0.0,0.0,18,312.2,318.2,2,312.8,315.0,315.0,315.0,4.0,126000.0,238
2023-05-10 09:49:34,MO2403-P-6400,MO2403-P-6400,315.0,0.0,0.0,0.0,6,312.2,318.0,6,312.8,315.0,315.0,315.0,4.0,126000.0,238
2023-05-10 09:49:35,MO2403-P-6400,MO2403-P-6400,315.0,0.0,0.0,0.0,7,312.0,318.0,6,312.8,315.0,315.0,315.0,4.0,126000.0,238
2023-05-10 09:49:35,MO2403-P-6400,MO2403-P-6400,315.0,0.0,0.0,0.0,1,312.0,318.0,6,312.8,315.0,315.0,315.0,4.0,126000.0,238
2023-05-10 09:49:36,MO2403-P-6400,MO2403-P-6400,315.0,0.0,0.0,0.0,1,312.0,318.0,8,312.8,315.0,315.0,315.0,4.0,126000.0,238
2023-05-10 09:49:36,MO2403-P-6400,MO2403-P-6400,315.0,0.0,0.0,0.0,1,312.0,317.8,6,312.8,315.0,315.0,315.0,4.0,126000.0,238
2023-05-10 09:49:37,MO2403-P-6400,MO2403-P-6400,315.0,0.0,0.0,0.0,1,312.0,318.0,6,312.8,315.0,315.0,315.0,4.0,126000.0,238
2023-05-10 09:49:38,MO2403-P-6400,MO2403-P-6400,315.0,0.0,0.0,0.0,2,312.2,318.4,6,312.8,315.0,315.0,315.0,4.0,126000.0,238
2023-05-10 09:49:38,MO2403-P-6400,MO2403-P-6400,315.0,0.0,0.0,0.0,1,313.0,318.4,6,312.8,315.0,315.0,315.0,4.0,126000.0,238
2023-05-10 09:49:39,MO2403-P-6400,MO2403-P-6400,315.0,0.0,0.0,0.0,1,313.0,318.0,2,312.8,315.0,315.0,315.0,4.0,126000.0,238
2023-05-10 09:49:39,MO2403-P-6400,MO2403-P-6400,315.0,0.0,0.0,0.0,1,313.0,317.8,6,312.8,315.0,315.0,315.0,4.0,126000.0,238
2023-05-10 09:49:40,MO2403-P-6400,MO2403-P-6400,315.0,0.0,0.0,0.0,1,313.0,318.6,2,312.8,315.0,315.0,315.0,4.0,126000.0,238
2023-05-10 09:49:40,MO2403-P-6400,MO2403-P-6400,315.0,0.0,0.0,0.0,1,313.0,318.4,6,312.8,315.0,315.0,315.0,4.0,126000.0,238
2023-05-10 09:49:41,MO2403-P-6400,MO2403-P-6400,315.0,0.0,0.0,0.0,1,313.0,318.4,8,312.8,315.0,315.0,315.0,4.0,126000.0,238
2023-05-10 09:49:41,MO2403-P-6400,MO2403-P-6400,315.0,0.0,0.0,0.0,1,313.0,318.2,6,312.8,315.0,315.0,315.0,4.0,126000.0,238
2023-05-10 09:49:42,MO2403-P-6400,MO2403-P-6400,315.0,0.0,0.0,0.0,1,313.0,318.2,8,312.8,315.0,315.0,315.0,4.0,126000.0,238
2023-05-10 09:49:42,MO2403-P-6400,MO2403-P-6400,315.0,0.0,0.0,0.0,1,313.0,318.0,6,312.8,315.0,315.0,315.0,4.0,126000.0,238
2023-05-10 09:49:43,MO2403-P-6400,MO2403-P-6400,315.0,0.0,0.0,0.0,1,313.0,318.6,2,312.8,315.0,315.0,315.0,4.0,126000.0,238
2023-05-10 09:49:44,MO2403-P-6400,MO2403-P-6400,315.0,0.0,0.0,0.0,1,313.0,318.4,6,312.8,315.0,315.0,315.0,4.0,126000.0,238
2023-05-10 09:49:44,MO2403-P-6400,MO2403-P-6400,315.0,0.0,0.0,0.0,1,311.8,318.4,6,312.8,315.0,315.0,315.0,4.0,126000.0,238
2023-05-10 09:49:45,MO2403-P-6400,MO2403-P-6400,315.0,0.0,0.0,0.0,1,311.8,318.4,8,312.8,315.0,315.0,315.0,4.0,126000.0,238
2023-05-10 09:49:45,MO2403-P-6400,MO2403-P-6400,315.0,0.0,0.0,0.0,1,311.8,318.2,6,312.8,315.0,315.0,315.0,4.0,126000.0,238
2023-05-10 09:49:48,MO2403-P-6400,MO2403-P-6400,315.0,0.0,0.0,0.0,1,311.8,318.2,8,312.8,315.0,315.0,315.0,4.0,126000.0,238
2023-05-10 09:49:49,MO2403-P-6400,MO2403-P-6400,315.0,0.0,0.0,0.0,1,311.8,318.0,6,312.8,315.0,315.0,315.0,4.0,126000.0,238
2023-05-10 09:49:49,MO2403-P-6400,MO2403-P-6400,315.0,0.0,0.0,0.0,1,311.8,318.4,6,312.8,315.0,315.0,315.0,4.0,126000.0,238
2023-05-10 09:49:50,MO2403-P-6400,MO2403-P-6400,315.0,0.0,0.0,0.0,1,311.8,318.0,2,312.8,315.0,315.0,315.0,4.0,126000.0,238
2023-05-10 09:49:50,MO2403-P-6400,MO2403-P-6400,315.0,0.0,0.0,0.0,1,311.8,317.8,6,312.8,315.0,315.0,315.0,4.0,126000.0,238
2023-05-10 09:49:52,MO2403-P-6400,MO2403-P-6400,315.0,0.0,0.0,0.0,1,311.8,317.8,8,312.8,315.0,315.0,315.0,4.0,126000.0,238
2023-05-10 09:49:52,MO2403-P-6400,MO2403-P-6400,315.0,0.0,0.0,0.0,1,311.8,317.6,6,312.8,315.0,315.0,315.0,4.0,126000.0,238
2023-05-10 09:49:53,MO2403-P-6400,MO2403-P-6400,315.0,0.0,0.0,0.0,1,311.8,318.0,6,312.8,315.0,315.0,315.0,4.0,126000.0,238
2023-05-10 09:49:53,MO2403-P-6400,MO2403-P-6400,315.0,0.0,0.0,0.0,1,311.8,318.0,8,312.8,315.0,315.0,315.0,4.0,126000.0,238
2023-05-10 09:49:54,MO2403-P-6400,MO2403-P-6400,315.0,0.0,0.0,0.0,1,311.8,317.8,6,312.8,315.0,315.0,315.0,4.0,126000.0,238
2023-05-10 09:49:54,MO2403-P-6400,MO2403-P-6400,315.0,0.0,0.0,0.0,1,311.8,318.0,6,312.8,315.0,315.0,315.0,4.0,126000.0,238
2023-05-10 09:49:55,MO2403-P-6400,MO2403-P-6400,315.0,0.0,0.0,0.0,1,311.8,318.4,2,312.8,315.0,315.0,315.0,4.0,126000.0,238
2023-05-10 09:49:55,MO2403-P-6400,MO2403-P-6400,315.0,0.0,0.0,0.0,1,311.8,318.2,6,312.8,315.0,315.0,315.0,4.0,126000.0,238
2023-05-10 09:49:56,MO2403-P-6400,MO2403-P-6400,315.0,0.0,0.0,0.0,1,311.8,318.2,8,312.8,315.0,315.0,315.0,4.0,126000.0,238
2023-05-10 09:49:56,MO2403-P-6400,MO2403-P-6400,315.0,0.0,0.0,0.0,1,311.8,318.0,6,312.8,315.0,315.0,315.0,4.0,126000.0,238
2023-05-10 09:50:00,MO2403-P-6400,MO2403-P-6400,315.0,0.0,0.0,0.0,1,311.8,318.0,8,312.8,315.0,315.0,315.0,4.0,126000.0,238
2023-05-10 09:50:00,MO2403-P-6400,MO2403-P-6400,315.0,0.0,0.0,0.0,1,311.8,317.8,6,312.8,315.0,315.0,315.0,4.0,126000.0,238
2023-05-10 09:50:06,MO2403-P-6400,MO2403-P-6400,315.0,0.0,0.0,0.0,1,311.8,318.4,2,312.8,315.0,315.0,315.0,4.0,126000.0,238
2023-05-10 09:50:06,MO2403-P-6400,MO2403-P-6400,315.0,0.0,0.0,0.0,1,311.8,318.2,6,312.8,315.0,315.0,315.0,4.0,126000.0,238
2023-05-10 09:50:07,MO2403-P-6400,MO2403-P-6400,315.0,0.0,0.0,0.0,1,311.8,317.6,2,312.8,315.0,315.0,315.0,4.0,126000.0,238
2023-05-10 09:50:08,MO2403-P-6400,MO2403-P-6400,315.0,0.0,0.0,0.0,1,311.8,317.4,6,312.8,315.0,315.0,315.0,4.0,126000.0,238
2023-05-10 09:50:09,MO2403-P-6400,MO2403-P-6400,315.0,0.0,0.0,0.0,1,311.8,317.2,2,312.8,315.0,315.0,315.0,4.0,126000.0,238
2023-05-10 09:50:09,MO2403-P-6400,MO2403-P-6400,315.0,0.0,0.0,0.0,1,311.8,317.0,6,312.8,315.0,315.0,315.0,4.0,126000.0,238
2023-05-10 09:50:10,MO2403-P-6400,MO2403-P-6400,315.0,0.0,0.0,0.0,12,311.4,317.0,6,312.8,315.0,315.0,315.0,4.0,126000.0,238
2023-05-10 09:50:10,MO2403-P-6400,MO2403-P-6400,315.0,0.0,0.0,0.0,6,311.2,317.0,6,312.8,315.0,315.0,315.0,4.0,126000.0,238
2023-05-10 09:50:11,MO2403-P-6400,MO2403-P-6400,315.0,0.0,0.0,0.0,18,311.0,317.0,6,312.8,315.0,315.0,315.0,4.0,126000.0,238
2023-05-10 09:50:11,MO2403-P-6400,MO2403-P-6400,315.0,0.0,0.0,0.0,6,311.0,316.8,2,312.8,315.0,315.0,315.0,4.0,126000.0,238
2023-05-10 09:50:12,MO2403-P-6400,MO2403-P-6400,315.0,0.0,0.0,0.0,13,310.8,316.6,6,312.8,315.0,315.0,315.0,4.0,126000.0,238
2023-05-10 09:50:12,MO2403-P-6400,MO2403-P-6400,315.0,0.0,0.0,0.0,7,310.8,316.6,6,312.8,315.0,315.0,315.0,4.0,126000.0,238
2023-05-10 09:50:13,MO2403-P-6400,MO2403-P-6400,315.0,0.0,0.0,0.0,1,310.8,316.6,6,312.8,315.0,315.0,315.0,4.0,126000.0,238
2023-05-10 09:50:13,MO2403-P-6400,MO2403-P-6400,315.0,0.0,0.0,0.0,1,310.8,316.6,2,312.8,315.0,315.0,315.0,4.0,126000.0,238
2023-05-10 09:50:14,MO2403-P-6400,MO2403-P-6400,315.0,0.0,0.0,0.0,1,310.8,316.4,6,312.8,315.0,315.0,315.0,4.0,126000.0,238
2023-05-10 09:50:17,MO2403-P-6400,MO2403-P-6400,315.0,0.0,0.0,0.0,1,310.8,316.6,8,312.8,315.0,315.0,315.0,4.0,126000.0,238
2023-05-10 09:50:17,MO2403-P-6400,MO2403-P-6400,315.0,0.0,0.0,0.0,1,310.8,316.4,6,312.8,315.0,315.0,315.0,4.0,126000.0,238
2023-05-10 09:50:18,MO2403-P-6400,MO2403-P-6400,315.0,0.0,0.0,0.0,1,310.8,316.6,6,312.8,315.0,315.0,315.0,4.0,126000.0,238
2023-05-10 09:50:20,MO2403-P-6400,MO2403-P-6400,315.0,0.0,0.0,0.0,1,310.8,316.8,6,312.8,315.0,315.0,315.0,4.0,126000.0,238
2023-05-10 09:50:22,MO2403-P-6400,MO2403-P-6400,315.0,0.0,0.0,0.0,1,310.8,316.8,8,312.8,315.0,315.0,315.0,4.0,126000.0,238
2023-05-10 09:50:22,MO2403-P-6400,MO2403-P-6400,315.0,0.0,0.0,0.0,1,310.8,316.6,6,312.8,315.0,315.0,315.0,4.0,126000.0,238
2023-05-10 09:50:23,MO2403-P-6400,MO2403-P-6400,315.0,0.0,0.0,0.0,1,310.8,316.8,6,312.8,315.0,315.0,315.0,4.0,126000.0,238
2023-05-10 09:50:26,MO2403-P-6400,MO2403-P-6400,315.0,0.0,0.0,0.0,3,310.8,316.8,6,312.8,315.0,315.0,315.0,4.0,126000.0,238
2023-05-10 09:50:27,MO2403-P-6400,MO2403-P-6400,315.0,0.0,0.0,0.0,1,312.2,316.8,6,312.8,315.0,315.0,315.0,4.0,126000.0,238
2023-05-10 09:50:29,MO2403-P-6400,MO2403-P-6400,315.0,0.0,0.0,0.0,1,312.2,317.2,8,312.8,315.0,315.0,315.0,4.0,126000.0,238
2023-05-10 09:50:29,MO2403-P-6400,MO2403-P-6400,315.0,0.0,0.0,0.0,1,312.2,317.0,6,312.8,315.0,315.0,315.0,4.0,126000.0,238
2023-05-10 09:50:30,MO2403-P-6400,MO2403-P-6400,315.0,0.0,0.0,0.0,1,311.0,316.8,2,312.8,315.0,315.0,315.0,4.0,126000.0,238
2023-05-10 09:50:30,MO2403-P-6400,MO2403-P-6400,315.0,0.0,0.0,0.0,1,311.0,316.6,6,312.8,315.0,315.0,315.0,4.0,126000.0,238
2023-05-10 09:50:31,MO2403-P-6400,MO2403-P-6400,315.0,0.0,0.0,0.0,1,311.0,316.6,8,312.8,315.0,315.0,315.0,4.0,126000.0,238
2023-05-10 09:50:32,MO2403-P-6400,MO2403-P-6400,315.0,0.0,0.0,0.0,1,311.0,316.4,6,312.8,315.0,315.0,315.0,4.0,126000.0,238
2023-05-10 09:50:35,MO2403-P-6400,MO2403-P-6400,315.0,0.0,0.0,0.0,1,311.0,316.4,8,312.8,315.0,315.0,315.0,4.0,126000.0,238
2023-05-10 09:50:35,MO2403-P-6400,MO2403-P-6400,315.0,0.0,0.0,0.0,1,311.0,316.2,6,312.8,315.0,315.0,315.0,4.0,126000.0,238
2023-05-10 09:50:41,MO2403-P-6400,MO2403-P-6400,315.0,0.0,0.0,0.0,1,311.0,316.8,2,312.8,315.0,315.0,315.0,4.0,126000.0,238
2023-05-10 09:50:41,MO2403-P-6400,MO2403-P-6400,315.0,0.0,0.0,0.0,1,311.0,316.6,6,312.8,315.0,315.0,315.0,4.0,126000.0,238
2023-05-10 09:50:42,MO2403-P-6400,MO2403-P-6400,315.0,0.0,0.0,0.0,1,311.0,316.4,2,312.8,315.0,315.0,315.0,4.0,126000.0,238
2023-05-10 09:50:42,MO2403-P-6400,MO2403-P-6400,315.0,0.0,0.0,0.0,1,311.0,316.2,6,312.8,315.0,315.0,315.0,4.0,126000.0,238
2023-05-10 09:50:44,MO2403-P-6400,MO2403-P-6400,315.0,0.0,0.0,0.0,1,311.0,316.8,2,312.8,315.0,315.0,315.0,4.0,126000.0,238
2023-05-10 09:50:45,MO2403-P-6400,MO2403-P-6400,315.0,0.0,0.0,0.0,1,311.0,316.6,6,312.8,315.0,315.0,315.0,4.0,126000.0,238
2023-05-10 09:50:45,MO2403-P-6400,MO2403-P-6400,315.0,0.0,0.0,0.0,1,311.0,316.4,2,312.8,315.0,315.0,315.0,4.0,126000.0,238
2023-05-10 09:50:46,MO2403-P-6400,MO2403-P-6400,315.0,0.0,0.0,0.0,1,311.0,316.2,6,312.8,315.0,315.0,315.0,4.0,126000.0,238
2023-05-10 09:50:46,MO2403-P-6400,MO2403-P-6400,315.0,0.0,0.0,0.0,1,311.0,316.4,6,312.8,315.0,315.0,315.0,4.0,126000.0,238
2023-05-10 09:50:50,MO2403-P-6400,MO2403-P-6400,315.0,0.0,0.0,0.0,12,310.4,316.4,6,312.8,315.0,315.0,315.0,4.0,126000.0,238
2023-05-10 09:50:51,MO2403-P-6400,MO2403-P-6400,315.0,0.0,0.0,0.0,6,310.2,314.2,1,312.8,315.0,315.0,315.0,4.0,126000.0,238
2023-05-10 09:50:51,MO2403-P-6400,MO2403-P-6400,315.0,0.0,0.0,0.0,1,310.0,314.0,6,312.8,315.0,315.0,315.0,4.0,126000.0,238
2023-05-10 09:50:59,MO2403-P-6400,MO2403-P-6400,315.0,0.0,0.0,0.0,1,310.0,313.8,1,312.8,315.0,315.0,315.0,4.0,126000.0,238
2023-05-10 09:51:00,MO2403-P-6400,MO2403-P-6400,315.0,0.0,0.0,0.0,1,310.0,313.6,6,312.8,315.0,315.0,315.0,4.0,126000.0,238
2023-05-10 09:51:00,MO2403-P-6400,MO2403-P-6400,315.0,0.0,0.0,0.0,1,310.0,314.4,6,312.8,315.0,315.0,315.0,4.0,126000.0,238
2023-05-10 09:51:02,MO2403-P-6400,MO2403-P-6400,315.0,0.0,0.0,0.0,1,310.0,314.6,6,312.8,315.0,315.0,315.0,4.0,126000.0,238
2023-05-10 09:51:03,MO2403-P-6400,MO2403-P-6400,315.0,0.0,0.0,0.0,1,310.0,314.4,1,312.8,315.0,315.0,315.0,4.0,126000.0,238
2023-05-10 09:51:03,MO2403-P-6400,MO2403-P-6400,315.0,0.0,0.0,0.0,1,310.0,314.2,6,312.8,315.0,315.0,315.0,4.0,126000.0,238
2023-05-10 09:51:04,MO2403-P-6400,MO2403-P-6400,315.0,0.0,0.0,0.0,1,310.0,314.0,1,312.8,315.0,315.0,315.0,4.0,126000.0,238
2023-05-10 09:51:04,MO2403-P-6400,MO2403-P-6400,315.0,0.0,0.0,0.0,1,310.0,313.8,6,312.8,315.0,315.0,315.0,4.0,126000.0,238
2023-05-10 09:51:06,MO2403-P-6400,MO2403-P-6400,315.0,0.0,0.0,0.0,1,310.0,315.2,6,312.8,315.0,315.0,315.0,4.0,126000.0,238
2023-05-10 09:51:06,MO2403-P-6400,MO2403-P-6400,315.0,0.0,0.0,0.0,1,310.0,315.0,1,312.8,315.0,315.0,315.0,4.0,126000.0,238
2023-05-10 09:51:07,MO2403-P-6400,MO2403-P-6400,315.0,0.0,0.0,0.0,1,310.0,314.8,6,312.8,315.0,315.0,315.0,4.0,126000.0,238
2023-05-10 09:51:07,MO2403-P-6400,MO2403-P-6400,315.0,0.0,0.0,0.0,1,310.0,315.2,6,312.8,315.0,315.0,315.0,4.0,126000.0,238
2023-05-10 09:51:56,MO2403-P-6400,MO2403-P-6400,315.0,0.0,0.0,0.0,1,310.0,315.4,6,312.8,315.0,315.0,315.0,4.0,126000.0,238
2023-05-10 09:51:58,MO2403-P-6400,MO2403-P-6400,315.0,0.0,0.0,0.0,1,310.0,315.6,6,312.8,315.0,315.0,315.0,4.0,126000.0,238
2023-05-10 09:51:59,MO2403-P-6400,MO2403-P-6400,315.0,0.0,0.0,0.0,1,310.0,315.8,6,312.8,315.0,315.0,315.0,4.0,126000.0,238
