time,symbol_id,symbol_name,last,trade_volume,trade_amount,open_interest_change,bv1,bp1,ap1,av1,yesterday_close,today_open,today_high,today_low,volume,amount,open_interest
2023-05-10 20:59:00,sp2306,sp2306,5082.0,2.0,101640.0,0.0,1,5082.0,5106.0,1,5082.0,5082.0,5082.0,5082.0,2.0,101640.0,16339
2023-05-10 21:00:00,sp2306,sp2306,5082.0,0.0,0.0,0.0,2,5084.0,5106.0,1,5082.0,5082.0,5082.0,5082.0,2.0,101640.0,16339
2023-05-10 21:00:01,sp2306,sp2306,5106.0,1.0,51060.0,0.0,10,5084.0,5118.0,1,5082.0,5082.0,5106.0,5082.0,3.0,152700.0,16339
2023-05-10 21:00:01,sp2306,sp2306,5106.0,0.0,0.0,0.0,2,5092.0,5114.0,4,5082.0,5082.0,5106.0,5082.0,3.0,152700.0,16339
2023-05-10 21:00:02,sp2306,sp2306,5106.0,0.0,0.0,0.0,4,5092.0,5110.0,4,5082.0,5082.0,5106.0,5082.0,3.0,152700.0,16339
2023-05-10 21:00:02,sp2306,sp2306,5106.0,0.0,0.0,0.0,2,5096.0,5100.0,30,5082.0,5082.0,5106.0,5082.0,3.0,152700.0,16339
2023-05-10 21:00:03,sp2306,sp2306,5118.0,35.0,1785300.0,24.0,2,5110.0,5130.0,1,5082.0,5082.0,5118.0,5082.0,38.0,1938000.0,16363
2023-05-10 21:00:03,sp2306,sp2306,5130.0,2.0,102400.0,0.0,3,5106.0,5130.0,20,5082.0,5082.0,5130.0,5082.0,40.0,2040400.0,16363
2023-05-10 21:00:04,sp2306,sp2306,5130.0,5.0,255760.0,2.0,1,5100.0,5130.0,21,5082.0,5082.0,5130.0,5082.0,45.0,2296160.0,16365
2023-05-10 21:00:04,sp2306,sp2306,5130.0,0.0,0.0,0.0,1,5108.0,5110.0,20,5082.0,5082.0,5130.0,5082.0,45.0,2296160.0,16365
2023-05-10 21:00:05,sp2306,sp2306,5110.0,21.0,1073100.0,19.0,1,5110.0,5130.0,3,5082.0,5082.0,5130.0,5082.0,66.0,3369260.0,16384
2023-05-10 21:00:05,sp2306,sp2306,5110.0,2.0,102200.0,-1.0,1,5110.0,5126.0,2,5082.0,5082.0,5130.0,5082.0,68.0,3471460.0,16383
2023-05-10 21:00:06,sp2306,sp2306,5110.0,0.0,0.0,0.0,4,5110.0,5126.0,4,5082.0,5082.0,5130.0,5082.0,68.0,3471460.0,16383
2023-05-10 21:00:06,sp2306,sp2306,5126.0,1.0,51260.0,0.0,1,5112.0,5126.0,5,5082.0,5082.0,5130.0,5082.0,69.0,3522720.0,16383
2023-05-10 21:00:07,sp2306,sp2306,5126.0,0.0,0.0,0.0,1,5114.0,5126.0,5,5082.0,5082.0,5130.0,5082.0,69.0,3522720.0,16383
2023-05-10 21:00:07,sp2306,sp2306,5126.0,0.0,0.0,0.0,4,5114.0,5126.0,6,5082.0,5082.0,5130.0,5082.0,69.0,3522720.0,16383
2023-05-10 21:00:08,sp2306,sp2306,5126.0,0.0,0.0,0.0,5,5114.0,5126.0,6,5082.0,5082.0,5130.0,5082.0,69.0,3522720.0,16383
2023-05-10 21:00:08,sp2306,sp2306,5126.0,0.0,0.0,0.0,6,5114.0,5126.0,6,5082.0,5082.0,5130.0,5082.0,69.0,3522720.0,16383
2023-05-10 21:00:09,sp2306,sp2306,5126.0,0.0,0.0,0.0,7,5114.0,5124.0,1,5082.0,5082.0,5130.0,5082.0,69.0,3522720.0,16383
2023-05-10 21:00:09,sp2306,sp2306,5126.0,0.0,0.0,0.0,2,5114.0,5124.0,14,5082.0,5082.0,5130.0,5082.0,69.0,3522720.0,16383
2023-05-10 21:00:10,sp2306,sp2306,5126.0,0.0,0.0,0.0,3,5114.0,5124.0,3,5082.0,5082.0,5130.0,5082.0,69.0,3522720.0,16383
2023-05-10 21:00:10,sp2306,sp2306,5126.0,0.0,0.0,0.0,2,5114.0,5124.0,3,5082.0,5082.0,5130.0,5082.0,69.0,3522720.0,16383
2023-05-10 21:00:11,sp2306,sp2306,5126.0,0.0,0.0,0.0,2,5114.0,5124.0,3,5082.0,5082.0,5130.0,5082.0,69.0,3522720.0,16383
2023-05-10 21:00:11,sp2306,sp2306,5124.0,3.0,153520.0,1.0,2,5108.0,5124.0,2,5082.0,5082.0,5130.0,5082.0,72.0,3676240.0,16384
2023-05-10 21:00:12,sp2306,sp2306,5124.0,0.0,0.0,0.0,3,5108.0,5122.0,1,5082.0,5082.0,5130.0,5082.0,72.0,3676240.0,16384
2023-05-10 21:00:12,sp2306,sp2306,5124.0,0.0,0.0,0.0,2,5108.0,5122.0,4,5082.0,5082.0,5130.0,5082.0,72.0,3676240.0,16384
2023-05-10 21:00:13,sp2306,sp2306,5124.0,0.0,0.0,0.0,3,5110.0,5122.0,5,5082.0,5082.0,5130.0,5082.0,72.0,3676240.0,16384
2023-05-10 21:00:13,sp2306,sp2306,5124.0,0.0,0.0,0.0,4,5110.0,5120.0,1,5082.0,5082.0,5130.0,5082.0,72.0,3676240.0,16384
2023-05-10 21:00:14,sp2306,sp2306,5124.0,0.0,0.0,0.0,2,5110.0,5120.0,3,5082.0,5082.0,5130.0,5082.0,72.0,3676240.0,16384
2023-05-10 21:00:14,sp2306,sp2306,5124.0,0.0,0.0,0.0,2,5110.0,5120.0,3,5082.0,5082.0,5130.0,5082.0,72.0,3676240.0,16384
2023-05-10 21:00:15,sp2306,sp2306,5122.0,1.0,51220.0,1.0,1,5110.0,5120.0,3,5082.0,5082.0,5130.0,5082.0,73.0,3727460.0,16385
2023-05-10 21:00:15,sp2306,sp2306,5122.0,0.0,0.0,0.0,1,5110.0,5120.0,3,5082.0,5082.0,5130.0,5082.0,73.0,3727460.0,16385
2023-05-10 21:00:16,sp2306,sp2306,5122.0,0.0,0.0,0.0,1,5110.0,5120.0,6,5082.0,5082.0,5130.0,5082.0,73.0,3727460.0,16385
2023-05-10 21:00:16,sp2306,sp2306,5122.0,0.0,0.0,0.0,1,5116.0,5118.0,1,5082.0,5082.0,5130.0,5082.0,73.0,3727460.0,16385
2023-05-10 21:00:17,sp2306,sp2306,5116.0,1.0,51160.0,0.0,1,5114.0,5116.0,2,5082.0,5082.0,5130.0,5082.0,74.0,3778620.0,16385
2023-05-10 21:00:17,sp2306,sp2306,5114.0,1.0,51140.0,-1.0,3,5110.0,5114.0,1,5082.0,5082.0,5130.0,5082.0,75.0,3829760.0,16384
2023-05-10 21:00:18,sp2306,sp2306,5112.0,1.0,51120.0,-1.0,3,5110.0,5114.0,2,5082.0,5082.0,5130.0,5082.0,76.0,3880880.0,16383
2023-05-10 21:00:18,sp2306,sp2306,5112.0,0.0,0.0,0.0,1,5112.0,5114.0,2,5082.0,5082.0,5130.0,5082.0,76.0,3880880.0,16383
2023-05-10 21:00:19,sp2306,sp2306,5112.0,0.0,0.0,0.0,2,5110.0,5114.0,2,5082.0,5082.0,5130.0,5082.0,76.0,3880880.0,16383
2023-05-10 21:00:19,sp2306,sp2306,5112.0,0.0,0.0,0.0,2,5110.0,5114.0,2,5082.0,5082.0,5130.0,5082.0,76.0,3880880.0,16383
2023-05-10 21:00:20,sp2306,sp2306,5112.0,0.0,0.0,0.0,1,5110.0,5114.0,2,5082.0,5082.0,5130.0,5082.0,76.0,3880880.0,16383
2023-05-10 21:00:23,sp2306,sp2306,5112.0,0.0,0.0,0.0,2,5112.0,5114.0,2,5082.0,5082.0,5130.0,5082.0,76.0,3880880.0,16383
2023-05-10 21:00:23,sp2306,sp2306,5112.0,2.0,102240.0,2.0,1,5110.0,5114.0,2,5082.0,5082.0,5130.0,5082.0,78.0,3983120.0,16385
2023-05-10 21:00:24,sp2306,sp2306,5112.0,0.0,0.0,0.0,1,5110.0,5114.0,2,5082.0,5082.0,5130.0,5082.0,78.0,3983120.0,16385
2023-05-10 21:00:25,sp2306,sp2306,5114.0,1.0,51140.0,-1.0,1,5110.0,5114.0,1,5082.0,5082.0,5130.0,5082.0,79.0,4034260.0,16384
2023-05-10 21:00:27,sp2306,sp2306,5114.0,0.0,0.0,0.0,1,5110.0,5114.0,1,5082.0,5082.0,5130.0,5082.0,79.0,4034260.0,16384
2023-05-10 21:00:28,sp2306,sp2306,5114.0,0.0,0.0,0.0,1,5110.0,5112.0,1,5082.0,5082.0,5130.0,5082.0,79.0,4034260.0,16384
2023-05-10 21:00:28,sp2306,sp2306,5114.0,0.0,0.0,0.0,3,5110.0,5112.0,2,5082.0,5082.0,5130.0,5082.0,79.0,4034260.0,16384
2023-05-10 21:00:29,sp2306,sp2306,5112.0,2.0,102240.0,-2.0,3,5110.0,5116.0,1,5082.0,5082.0,5130.0,5082.0,81.0,4136500.0,16382
2023-05-10 21:00:29,sp2306,sp2306,5112.0,0.0,0.0,0.0,3,5110.0,5116.0,1,5082.0,5082.0,5130.0,5082.0,81.0,4136500.0,16382
2023-05-10 21:00:30,sp2306,sp2306,5112.0,0.0,0.0,0.0,3,5110.0,5116.0,1,5082.0,5082.0,5130.0,5082.0,81.0,4136500.0,16382
2023-05-10 21:00:30,sp2306,sp2306,5112.0,0.0,0.0,0.0,3,5110.0,5116.0,1,5082.0,5082.0,5130.0,5082.0,81.0,4136500.0,16382
2023-05-10 21:00:31,sp2306,sp2306,5112.0,0.0,0.0,0.0,1,5112.0,5116.0,1,5082.0,5082.0,5130.0,5082.0,81.0,4136500.0,16382
2023-05-10 21:00:31,sp2306,sp2306,5112.0,0.0,0.0,0.0,1,5112.0,5116.0,1,5082.0,5082.0,5130.0,5082.0,81.0,4136500.0,16382
2023-05-10 21:00:32,sp2306,sp2306,5112.0,1.0,51120.0,1.0,5,5110.0,5116.0,1,5082.0,5082.0,5130.0,5082.0,82.0,4187620.0,16383
2023-05-10 21:00:32,sp2306,sp2306,5112.0,0.0,0.0,0.0,5,5110.0,5114.0,1,5082.0,5082.0,5130.0,5082.0,82.0,4187620.0,16383
2023-05-10 21:00:33,sp2306,sp2306,5112.0,0.0,0.0,0.0,1,5110.0,5114.0,1,5082.0,5082.0,5130.0,5082.0,82.0,4187620.0,16383
2023-05-10 21:00:34,sp2306,sp2306,5112.0,0.0,0.0,0.0,1,5110.0,5114.0,2,5082.0,5082.0,5130.0,5082.0,82.0,4187620.0,16383
2023-05-10 21:00:34,sp2306,sp2306,5112.0,0.0,0.0,0.0,1,5110.0,5114.0,2,5082.0,5082.0,5130.0,5082.0,82.0,4187620.0,16383
2023-05-10 21:00:35,sp2306,sp2306,5112.0,0.0,0.0,0.0,1,5110.0,5114.0,3,5082.0,5082.0,5130.0,5082.0,82.0,4187620.0,16383
2023-05-10 21:00:36,sp2306,sp2306,5110.0,1.0,51100.0,0.0,1,5106.0,5114.0,3,5082.0,5082.0,5130.0,5082.0,83.0,4238720.0,16383
2023-05-10 21:00:36,sp2306,sp2306,5110.0,0.0,0.0,0.0,2,5106.0,5114.0,3,5082.0,5082.0,5130.0,5082.0,83.0,4238720.0,16383
2023-05-10 21:00:37,sp2306,sp2306,5110.0,0.0,0.0,0.0,1,5106.0,5112.0,4,5082.0,5082.0,5130.0,5082.0,83.0,4238720.0,16383
2023-05-10 21:00:37,sp2306,sp2306,5110.0,0.0,0.0,0.0,1,5106.0,5112.0,5,5082.0,5082.0,5130.0,5082.0,83.0,4238720.0,16383
2023-05-10 21:00:38,sp2306,sp2306,5110.0,0.0,0.0,0.0,1,5108.0,5112.0,5,5082.0,5082.0,5130.0,5082.0,83.0,4238720.0,16383
2023-05-10 21:00:40,sp2306,sp2306,5110.0,0.0,0.0,0.0,1,5106.0,5112.0,4,5082.0,5082.0,5130.0,5082.0,83.0,4238720.0,16383
2023-05-10 21:00:41,sp2306,sp2306,5110.0,0.0,0.0,0.0,1,5106.0,5112.0,5,5082.0,5082.0,5130.0,5082.0,83.0,4238720.0,16383
2023-05-10 21:00:42,sp2306,sp2306,5110.0,0.0,0.0,0.0,1,5106.0,5112.0,5,5082.0,5082.0,5130.0,5082.0,83.0,4238720.0,16383
2023-05-10 21:00:43,sp2306,sp2306,5110.0,0.0,0.0,0.0,1,5106.0,5112.0,5,5082.0,5082.0,5130.0,5082.0,83.0,4238720.0,16383
2023-05-10 21:00:44,sp2306,sp2306,5110.0,0.0,0.0,0.0,2,5106.0,5112.0,5,5082.0,5082.0,5130.0,5082.0,83.0,4238720.0,16383
2023-05-10 21:00:45,sp2306,sp2306,5110.0,0.0,0.0,0.0,2,5106.0,5112.0,2,5082.0,5082.0,5130.0,5082.0,83.0,4238720.0,16383
2023-05-10 21:00:46,sp2306,sp2306,5110.0,0.0,0.0,0.0,2,5106.0,5112.0,5,5082.0,5082.0,5130.0,5082.0,83.0,4238720.0,16383
2023-05-10 21:00:46,sp2306,sp2306,5110.0,0.0,0.0,0.0,2,5106.0,5110.0,3,5082.0,5082.0,5130.0,5082.0,83.0,4238720.0,16383
2023-05-10 21:00:47,sp2306,sp2306,5110.0,0.0,0.0,0.0,6,5108.0,5110.0,3,5082.0,5082.0,5130.0,5082.0,83.0,4238720.0,16383
2023-05-10 21:00:47,sp2306,sp2306,5110.0,3.0,153300.0,-3.0,6,5108.0,5112.0,2,5082.0,5082.0,5130.0,5082.0,86.0,4392020.0,16380
2023-05-10 21:00:48,sp2306,sp2306,5110.0,0.0,0.0,0.0,6,5108.0,5112.0,1,5082.0,5082.0,5130.0,5082.0,86.0,4392020.0,16380
2023-05-10 21:00:48,sp2306,sp2306,5110.0,0.0,0.0,0.0,6,5108.0,5112.0,1,5082.0,5082.0,5130.0,5082.0,86.0,4392020.0,16380
2023-05-10 21:00:49,sp2306,sp2306,5110.0,0.0,0.0,0.0,6,5108.0,5112.0,1,5082.0,5082.0,5130.0,5082.0,86.0,4392020.0,16380
2023-05-10 21:00:51,sp2306,sp2306,5110.0,0.0,0.0,0.0,6,5108.0,5112.0,1,5082.0,5082.0,5130.0,5082.0,86.0,4392020.0,16380
2023-05-10 21:00:51,sp2306,sp2306,5110.0,0.0,0.0,0.0,2,5106.0,5112.0,1,5082.0,5082.0,5130.0,5082.0,86.0,4392020.0,16380
2023-05-10 21:00:52,sp2306,sp2306,5110.0,0.0,0.0,0.0,2,5106.0,5112.0,1,5082.0,5082.0,5130.0,5082.0,86.0,4392020.0,16380
2023-05-10 21:00:52,sp2306,sp2306,5110.0,0.0,0.0,0.0,3,5106.0,5112.0,1,5082.0,5082.0,5130.0,5082.0,86.0,4392020.0,16380
2023-05-10 21:00:53,sp2306,sp2306,5110.0,0.0,0.0,0.0,3,5106.0,5116.0,1,5082.0,5082.0,5130.0,5082.0,86.0,4392020.0,16380
2023-05-10 21:00:54,sp2306,sp2306,5110.0,0.0,0.0,0.0,3,5106.0,5114.0,1,5082.0,5082.0,5130.0,5082.0,86.0,4392020.0,16380
2023-05-10 21:00:54,sp2306,sp2306,5110.0,0.0,0.0,0.0,2,5106.0,5114.0,1,5082.0,5082.0,5130.0,5082.0,86.0,4392020.0,16380
2023-05-10 21:00:55,sp2306,sp2306,5110.0,0.0,0.0,0.0,2,5106.0,5114.0,3,5082.0,5082.0,5130.0,5082.0,86.0,4392020.0,16380
2023-05-10 21:00:55,sp2306,sp2306,5110.0,0.0,0.0,0.0,2,5106.0,5114.0,3,5082.0,5082.0,5130.0,5082.0,86.0,4392020.0,16380
2023-05-10 21:00:57,sp2306,sp2306,5110.0,0.0,0.0,0.0,2,5106.0,5112.0,1,5082.0,5082.0,5130.0,5082.0,86.0,4392020.0,16380
2023-05-10 21:00:58,sp2306,sp2306,5110.0,0.0,0.0,0.0,2,5106.0,5112.0,2,5082.0,5082.0,5130.0,5082.0,86.0,4392020.0,16380
2023-05-10 21:00:59,sp2306,sp2306,5110.0,0.0,0.0,0.0,2,5106.0,5112.0,3,5082.0,5082.0,5130.0,5082.0,86.0,4392020.0,16380
2023-05-10 21:01:01,sp2306,sp2306,5110.0,0.0,0.0,0.0,2,5106.0,5112.0,7,5082.0,5082.0,5130.0,5082.0,86.0,4392020.0,16380
2023-05-10 21:01:01,sp2306,sp2306,5110.0,0.0,0.0,0.0,2,5106.0,5112.0,7,5082.0,5082.0,5130.0,5082.0,86.0,4392020.0,16380
2023-05-10 21:01:02,sp2306,sp2306,5110.0,0.0,0.0,0.0,6,5108.0,5112.0,7,5082.0,5082.0,5130.0,5082.0,86.0,4392020.0,16380
2023-05-10 21:01:03,sp2306,sp2306,5110.0,0.0,0.0,0.0,6,5108.0,5112.0,6,5082.0,5082.0,5130.0,5082.0,86.0,4392020.0,16380
2023-05-10 21:01:04,sp2306,sp2306,5110.0,0.0,0.0,0.0,3,5108.0,5112.0,6,5082.0,5082.0,5130.0,5082.0,86.0,4392020.0,16380
2023-05-10 21:01:05,sp2306,sp2306,5110.0,0.0,0.0,0.0,2,5106.0,5112.0,6,5082.0,5082.0,5130.0,5082.0,86.0,4392020.0,16380
2023-05-10 21:01:05,sp2306,sp2306,5110.0,0.0,0.0,0.0,2,5106.0,5112.0,2,5082.0,5082.0,5130.0,5082.0,86.0,4392020.0,16380
2023-05-10 21:01:06,sp2306,sp2306,5110.0,0.0,0.0,0.0,2,5106.0,5110.0,1,5082.0,5082.0,5130.0,5082.0,86.0,4392020.0,16380
2023-05-10 21:01:06,sp2306,sp2306,5110.0,0.0,0.0,0.0,2,5106.0,5110.0,1,5082.0,5082.0,5130.0,5082.0,86.0,4392020.0,16380
2023-05-10 21:01:07,sp2306,sp2306,5110.0,0.0,0.0,0.0,2,5106.0,5110.0,1,5082.0,5082.0,5130.0,5082.0,86.0,4392020.0,16380
2023-05-10 21:01:07,sp2306,sp2306,5106.0,2.0,102120.0,2.0,4,5104.0,5108.0,2,5082.0,5082.0,5130.0,5082.0,88.0,4494140.0,16382
2023-05-10 21:01:08,sp2306,sp2306,5102.0,5.0,255180.0,4.0,1,5102.0,5108.0,2,5082.0,5082.0,5130.0,5082.0,93.0,4749320.0,16386
2023-05-10 21:01:08,sp2306,sp2306,5102.0,0.0,0.0,0.0,3,5104.0,5108.0,2,5082.0,5082.0,5130.0,5082.0,93.0,4749320.0,16386
2023-05-10 21:01:09,sp2306,sp2306,5104.0,3.0,153120.0,0.0,1,5102.0,5108.0,17,5082.0,5082.0,5130.0,5082.0,96.0,4902440.0,16386
2023-05-10 21:01:09,sp2306,sp2306,5104.0,0.0,0.0,0.0,1,5102.0,5106.0,4,5082.0,5082.0,5130.0,5082.0,96.0,4902440.0,16386
2023-05-10 21:01:10,sp2306,sp2306,5104.0,0.0,0.0,0.0,1,5102.0,5106.0,5,5082.0,5082.0,5130.0,5082.0,96.0,4902440.0,16386
2023-05-10 21:01:10,sp2306,sp2306,5104.0,0.0,0.0,0.0,6,5104.0,5106.0,5,5082.0,5082.0,5130.0,5082.0,96.0,4902440.0,16386
2023-05-10 21:01:11,sp2306,sp2306,5104.0,0.0,0.0,0.0,1,5102.0,5106.0,5,5082.0,5082.0,5130.0,5082.0,96.0,4902440.0,16386
2023-05-10 21:01:12,sp2306,sp2306,5104.0,0.0,0.0,0.0,1,5102.0,5106.0,5,5082.0,5082.0,5130.0,5082.0,96.0,4902440.0,16386
2023-05-10 21:01:12,sp2306,sp2306,5102.0,1.0,51020.0,1.0,4,5098.0,5106.0,5,5082.0,5082.0,5130.0,5082.0,97.0,4953460.0,16387
2023-05-10 21:01:13,sp2306,sp2306,5102.0,0.0,0.0,0.0,6,5100.0,5104.0,2,5082.0,5082.0,5130.0,5082.0,97.0,4953460.0,16387
2023-05-10 21:01:13,sp2306,sp2306,5102.0,0.0,0.0,0.0,6,5100.0,5102.0,2,5082.0,5082.0,5130.0,5082.0,97.0,4953460.0,16387
2023-05-10 21:01:14,sp2306,sp2306,5102.0,2.0,102040.0,-1.0,4,5094.0,5100.0,1,5082.0,5082.0,5130.0,5082.0,99.0,5055500.0,16386
2023-05-10 21:01:14,sp2306,sp2306,5100.0,1.0,51000.0,-1.0,2,5098.0,5104.0,7,5082.0,5082.0,5130.0,5082.0,100.0,5106500.0,16385
2023-05-10 21:01:15,sp2306,sp2306,5100.0,0.0,0.0,0.0,5,5100.0,5104.0,7,5082.0,5082.0,5130.0,5082.0,100.0,5106500.0,16385
2023-05-10 21:01:16,sp2306,sp2306,5100.0,0.0,0.0,0.0,5,5100.0,5104.0,6,5082.0,5082.0,5130.0,5082.0,100.0,5106500.0,16385
2023-05-10 21:01:16,sp2306,sp2306,5100.0,0.0,0.0,0.0,2,5100.0,5104.0,6,5082.0,5082.0,5130.0,5082.0,100.0,5106500.0,16385
2023-05-10 21:01:17,sp2306,sp2306,5100.0,0.0,0.0,0.0,2,5098.0,5104.0,6,5082.0,5082.0,5130.0,5082.0,100.0,5106500.0,16385
2023-05-10 21:01:18,sp2306,sp2306,5100.0,0.0,0.0,0.0,2,5098.0,5102.0,2,5082.0,5082.0,5130.0,5082.0,100.0,5106500.0,16385
2023-05-10 21:01:18,sp2306,sp2306,5100.0,0.0,0.0,0.0,2,5098.0,5102.0,2,5082.0,5082.0,5130.0,5082.0,100.0,5106500.0,16385
2023-05-10 21:01:20,sp2306,sp2306,5100.0,0.0,0.0,0.0,2,5098.0,5102.0,2,5082.0,5082.0,5130.0,5082.0,100.0,5106500.0,16385
2023-05-10 21:01:22,sp2306,sp2306,5100.0,0.0,0.0,0.0,2,5098.0,5102.0,2,5082.0,5082.0,5130.0,5082.0,100.0,5106500.0,16385
2023-05-10 21:01:26,sp2306,sp2306,5100.0,0.0,0.0,0.0,2,5100.0,5102.0,1,5082.0,5082.0,5130.0,5082.0,100.0,5106500.0,16385
2023-05-10 21:01:26,sp2306,sp2306,5100.0,0.0,0.0,0.0,2,5098.0,5102.0,1,5082.0,5082.0,5130.0,5082.0,100.0,5106500.0,16385
2023-05-10 21:01:27,sp2306,sp2306,5100.0,0.0,0.0,0.0,2,5098.0,5104.0,5,5082.0,5082.0,5130.0,5082.0,100.0,5106500.0,16385
2023-05-10 21:01:27,sp2306,sp2306,5100.0,0.0,0.0,0.0,2,5098.0,5104.0,1,5082.0,5082.0,5130.0,5082.0,100.0,5106500.0,16385
2023-05-10 21:01:28,sp2306,sp2306,5100.0,0.0,0.0,0.0,2,5098.0,5104.0,1,5082.0,5082.0,5130.0,5082.0,100.0,5106500.0,16385
2023-05-10 21:01:31,sp2306,sp2306,5100.0,0.0,0.0,0.0,4,5098.0,5104.0,1,5082.0,5082.0,5130.0,5082.0,100.0,5106500.0,16385
2023-05-10 21:01:31,sp2306,sp2306,5100.0,0.0,0.0,0.0,5,5098.0,5104.0,1,5082.0,5082.0,5130.0,5082.0,100.0,5106500.0,16385
2023-05-10 21:01:33,sp2306,sp2306,5100.0,0.0,0.0,0.0,5,5098.0,5104.0,1,5082.0,5082.0,5130.0,5082.0,100.0,5106500.0,16385
2023-05-10 21:01:34,sp2306,sp2306,5100.0,0.0,0.0,0.0,2,5100.0,5104.0,1,5082.0,5082.0,5130.0,5082.0,100.0,5106500.0,16385
2023-05-10 21:01:34,sp2306,sp2306,5100.0,0.0,0.0,0.0,2,5100.0,5104.0,1,5082.0,5082.0,5130.0,5082.0,100.0,5106500.0,16385
2023-05-10 21:01:35,sp2306,sp2306,5100.0,0.0,0.0,0.0,2,5098.0,5104.0,1,5082.0,5082.0,5130.0,5082.0,100.0,5106500.0,16385
2023-05-10 21:01:35,sp2306,sp2306,5100.0,0.0,0.0,0.0,2,5100.0,5104.0,1,5082.0,5082.0,5130.0,5082.0,100.0,5106500.0,16385
2023-05-10 21:01:36,sp2306,sp2306,5100.0,0.0,0.0,0.0,2,5098.0,5104.0,1,5082.0,5082.0,5130.0,5082.0,100.0,5106500.0,16385
2023-05-10 21:01:37,sp2306,sp2306,5100.0,0.0,0.0,0.0,2,5100.0,5104.0,1,5082.0,5082.0,5130.0,5082.0,100.0,5106500.0,16385
2023-05-10 21:01:40,sp2306,sp2306,5100.0,0.0,0.0,0.0,2,5100.0,5104.0,2,5082.0,5082.0,5130.0,5082.0,100.0,5106500.0,16385
2023-05-10 21:01:40,sp2306,sp2306,5100.0,0.0,0.0,0.0,3,5100.0,5104.0,2,5082.0,5082.0,5130.0,5082.0,100.0,5106500.0,16385
2023-05-10 21:01:41,sp2306,sp2306,5100.0,0.0,0.0,0.0,2,5102.0,5104.0,2,5082.0,5082.0,5130.0,5082.0,100.0,5106500.0,16385
2023-05-10 21:01:41,sp2306,sp2306,5100.0,0.0,0.0,0.0,3,5102.0,5104.0,2,5082.0,5082.0,5130.0,5082.0,100.0,5106500.0,16385
2023-05-10 21:01:42,sp2306,sp2306,5100.0,0.0,0.0,0.0,3,5100.0,5104.0,2,5082.0,5082.0,5130.0,5082.0,100.0,5106500.0,16385
2023-05-10 21:01:42,sp2306,sp2306,5100.0,0.0,0.0,0.0,2,5100.0,5104.0,2,5082.0,5082.0,5130.0,5082.0,100.0,5106500.0,16385
2023-05-10 21:01:43,sp2306,sp2306,5100.0,0.0,0.0,0.0,1,5100.0,5104.0,2,5082.0,5082.0,5130.0,5082.0,100.0,5106500.0,16385
2023-05-10 21:01:43,sp2306,sp2306,5100.0,0.0,0.0,0.0,3,5096.0,5104.0,2,5082.0,5082.0,5130.0,5082.0,100.0,5106500.0,16385
2023-05-10 21:01:44,sp2306,sp2306,5100.0,0.0,0.0,0.0,2,5098.0,5104.0,2,5082.0,5082.0,5130.0,5082.0,100.0,5106500.0,16385
2023-05-10 21:01:44,sp2306,sp2306,5100.0,0.0,0.0,0.0,3,5098.0,5104.0,2,5082.0,5082.0,5130.0,5082.0,100.0,5106500.0,16385
2023-05-10 21:01:46,sp2306,sp2306,5100.0,0.0,0.0,0.0,3,5098.0,5102.0,1,5082.0,5082.0,5130.0,5082.0,100.0,5106500.0,16385
2023-05-10 21:01:47,sp2306,sp2306,5100.0,0.0,0.0,0.0,3,5098.0,5104.0,2,5082.0,5082.0,5130.0,5082.0,100.0,5106500.0,16385
2023-05-10 21:01:49,sp2306,sp2306,5100.0,0.0,0.0,0.0,6,5098.0,5104.0,2,5082.0,5082.0,5130.0,5082.0,100.0,5106500.0,16385
2023-05-10 21:01:50,sp2306,sp2306,5100.0,0.0,0.0,0.0,3,5098.0,5104.0,2,5082.0,5082.0,5130.0,5082.0,100.0,5106500.0,16385
2023-05-10 21:01:51,sp2306,sp2306,5100.0,0.0,0.0,0.0,6,5098.0,5104.0,2,5082.0,5082.0,5130.0,5082.0,100.0,5106500.0,16385
2023-05-10 21:01:52,sp2306,sp2306,5100.0,0.0,0.0,0.0,6,5098.0,5104.0,2,5082.0,5082.0,5130.0,5082.0,100.0,5106500.0,16385
2023-05-10 21:01:52,sp2306,sp2306,5100.0,0.0,0.0,0.0,3,5098.0,5102.0,1,5082.0,5082.0,5130.0,5082.0,100.0,5106500.0,16385
2023-05-10 21:01:53,sp2306,sp2306,5102.0,1.0,51020.0,0.0,3,5098.0,5104.0,2,5082.0,5082.0,5130.0,5082.0,101.0,5157520.0,16385
2023-05-10 21:01:57,sp2306,sp2306,5102.0,0.0,0.0,0.0,3,5098.0,5104.0,2,5082.0,5082.0,5130.0,5082.0,101.0,5157520.0,16385
2023-05-10 21:02:02,sp2306,sp2306,5102.0,0.0,0.0,0.0,1,5098.0,5104.0,2,5082.0,5082.0,5130.0,5082.0,101.0,5157520.0,16385
2023-05-10 21:02:03,sp2306,sp2306,5102.0,0.0,0.0,0.0,3,5096.0,5104.0,2,5082.0,5082.0,5130.0,5082.0,101.0,5157520.0,16385
2023-05-10 21:02:03,sp2306,sp2306,5102.0,0.0,0.0,0.0,2,5098.0,5104.0,2,5082.0,5082.0,5130.0,5082.0,101.0,5157520.0,16385
2023-05-10 21:02:04,sp2306,sp2306,5102.0,0.0,0.0,0.0,3,5098.0,5104.0,2,5082.0,5082.0,5130.0,5082.0,101.0,5157520.0,16385
2023-05-10 21:02:04,sp2306,sp2306,5102.0,0.0,0.0,0.0,6,5098.0,5104.0,2,5082.0,5082.0,5130.0,5082.0,101.0,5157520.0,16385
2023-05-10 21:02:05,sp2306,sp2306,5102.0,0.0,0.0,0.0,2,5098.0,5104.0,2,5082.0,5082.0,5130.0,5082.0,101.0,5157520.0,16385
2023-05-10 21:02:05,sp2306,sp2306,5102.0,0.0,0.0,0.0,3,5098.0,5104.0,2,5082.0,5082.0,5130.0,5082.0,101.0,5157520.0,16385
2023-05-10 21:02:06,sp2306,sp2306,5098.0,3.0,152940.0,1.0,3,5096.0,5098.0,7,5082.0,5082.0,5130.0,5082.0,104.0,5310460.0,16386
2023-05-10 21:02:06,sp2306,sp2306,5104.0,8.0,407900.0,7.0,3,5098.0,5104.0,1,5082.0,5082.0,5130.0,5082.0,112.0,5718360.0,16393
2023-05-10 21:02:07,sp2306,sp2306,5104.0,0.0,0.0,0.0,3,5098.0,5104.0,1,5082.0,5082.0,5130.0,5082.0,112.0,5718360.0,16393
2023-05-10 21:02:07,sp2306,sp2306,5104.0,0.0,0.0,0.0,6,5098.0,5104.0,3,5082.0,5082.0,5130.0,5082.0,112.0,5718360.0,16393
2023-05-10 21:02:08,sp2306,sp2306,5104.0,0.0,0.0,0.0,1,5100.0,5104.0,3,5082.0,5082.0,5130.0,5082.0,112.0,5718360.0,16393
2023-05-10 21:02:08,sp2306,sp2306,5100.0,1.0,51000.0,1.0,3,5098.0,5104.0,7,5082.0,5082.0,5130.0,5082.0,113.0,5769360.0,16394
2023-05-10 21:02:09,sp2306,sp2306,5100.0,0.0,0.0,0.0,4,5098.0,5102.0,1,5082.0,5082.0,5130.0,5082.0,113.0,5769360.0,16394
2023-05-10 21:02:09,sp2306,sp2306,5098.0,4.0,203920.0,4.0,3,5096.0,5098.0,6,5082.0,5082.0,5130.0,5082.0,117.0,5973280.0,16398
2023-05-10 21:02:10,sp2306,sp2306,5102.0,7.0,356900.0,6.0,2,5098.0,5102.0,1,5082.0,5082.0,5130.0,5082.0,124.0,6330180.0,16404
2023-05-10 21:02:10,sp2306,sp2306,5098.0,1.0,50980.0,0.0,1,5098.0,5102.0,4,5082.0,5082.0,5130.0,5082.0,125.0,6381160.0,16404
2023-05-10 21:02:11,sp2306,sp2306,5098.0,0.0,0.0,0.0,1,5098.0,5102.0,5,5082.0,5082.0,5130.0,5082.0,125.0,6381160.0,16404
2023-05-10 21:02:12,sp2306,sp2306,5098.0,0.0,0.0,0.0,1,5098.0,5102.0,6,5082.0,5082.0,5130.0,5082.0,125.0,6381160.0,16404
2023-05-10 21:02:12,sp2306,sp2306,5098.0,0.0,0.0,0.0,1,5098.0,5102.0,6,5082.0,5082.0,5130.0,5082.0,125.0,6381160.0,16404
2023-05-10 21:02:13,sp2306,sp2306,5098.0,1.0,50980.0,1.0,3,5096.0,5098.0,9,5082.0,5082.0,5130.0,5082.0,126.0,6432140.0,16405
2023-05-10 21:02:13,sp2306,sp2306,5102.0,10.0,509840.0,10.0,6,5096.0,5102.0,5,5082.0,5082.0,5130.0,5082.0,136.0,6941980.0,16415
2023-05-10 21:02:14,sp2306,sp2306,5102.0,0.0,0.0,0.0,1,5100.0,5102.0,7,5082.0,5082.0,5130.0,5082.0,136.0,6941980.0,16415
2023-05-10 21:02:14,sp2306,sp2306,5100.0,1.0,51000.0,0.0,3,5096.0,5102.0,6,5082.0,5082.0,5130.0,5082.0,137.0,6992980.0,16415
2023-05-10 21:02:15,sp2306,sp2306,5100.0,0.0,0.0,0.0,4,5096.0,5098.0,1,5082.0,5082.0,5130.0,5082.0,137.0,6992980.0,16415
2023-05-10 21:02:15,sp2306,sp2306,5100.0,2.0,102000.0,0.0,6,5096.0,5100.0,1,5082.0,5082.0,5130.0,5082.0,139.0,7094980.0,16415
2023-05-10 21:02:16,sp2306,sp2306,5100.0,0.0,0.0,0.0,3,5096.0,5100.0,1,5082.0,5082.0,5130.0,5082.0,139.0,7094980.0,16415
2023-05-10 21:02:16,sp2306,sp2306,5096.0,6.0,305800.0,4.0,1,5092.0,5096.0,4,5082.0,5082.0,5130.0,5082.0,145.0,7400780.0,16419
2023-05-10 21:02:17,sp2306,sp2306,5100.0,5.0,254840.0,5.0,2,5096.0,5100.0,2,5082.0,5082.0,5130.0,5082.0,150.0,7655620.0,16424
2023-05-10 21:02:17,sp2306,sp2306,5100.0,0.0,0.0,0.0,2,5096.0,5098.0,1,5082.0,5082.0,5130.0,5082.0,150.0,7655620.0,16424
2023-05-10 21:02:18,sp2306,sp2306,5100.0,0.0,0.0,0.0,2,5096.0,5100.0,10,5082.0,5082.0,5130.0,5082.0,150.0,7655620.0,16424
2023-05-10 21:02:18,sp2306,sp2306,5100.0,0.0,0.0,0.0,1,5098.0,5100.0,12,5082.0,5082.0,5130.0,5082.0,150.0,7655620.0,16424
2023-05-10 21:02:19,sp2306,sp2306,5098.0,1.0,50980.0,-1.0,2,5096.0,5098.0,1,5082.0,5082.0,5130.0,5082.0,151.0,7706600.0,16423
2023-05-10 21:02:19,sp2306,sp2306,5098.0,0.0,0.0,0.0,2,5096.0,5098.0,1,5082.0,5082.0,5130.0,5082.0,151.0,7706600.0,16423
2023-05-10 21:02:20,sp2306,sp2306,5098.0,0.0,0.0,0.0,2,5096.0,5098.0,12,5082.0,5082.0,5130.0,5082.0,151.0,7706600.0,16423
2023-05-10 21:02:20,sp2306,sp2306,5098.0,0.0,0.0,0.0,2,5096.0,5098.0,13,5082.0,5082.0,5130.0,5082.0,151.0,7706600.0,16423
2023-05-10 21:02:21,sp2306,sp2306,5098.0,0.0,0.0,0.0,2,5096.0,5098.0,13,5082.0,5082.0,5130.0,5082.0,151.0,7706600.0,16423
2023-05-10 21:02:21,sp2306,sp2306,5098.0,0.0,0.0,0.0,2,5096.0,5098.0,13,5082.0,5082.0,5130.0,5082.0,151.0,7706600.0,16423
2023-05-10 21:02:22,sp2306,sp2306,5096.0,2.0,101920.0,2.0,1,5092.0,5098.0,12,5082.0,5082.0,5130.0,5082.0,153.0,7808520.0,16425
2023-05-10 21:02:22,sp2306,sp2306,5096.0,0.0,0.0,0.0,3,5092.0,5096.0,1,5082.0,5082.0,5130.0,5082.0,153.0,7808520.0,16425
2023-05-10 21:02:23,sp2306,sp2306,5098.0,2.0,101940.0,0.0,1,5096.0,5098.0,16,5082.0,5082.0,5130.0,5082.0,155.0,7910460.0,16425
2023-05-10 21:02:23,sp2306,sp2306,5096.0,1.0,50960.0,1.0,1,5092.0,5098.0,17,5082.0,5082.0,5130.0,5082.0,156.0,7961420.0,16426
2023-05-10 21:02:24,sp2306,sp2306,5096.0,0.0,0.0,0.0,6,5092.0,5098.0,17,5082.0,5082.0,5130.0,5082.0,156.0,7961420.0,16426
2023-05-10 21:02:24,sp2306,sp2306,5096.0,0.0,0.0,0.0,7,5092.0,5098.0,20,5082.0,5082.0,5130.0,5082.0,156.0,7961420.0,16426
2023-05-10 21:02:25,sp2306,sp2306,5096.0,1.0,50960.0,1.0,1,5096.0,5098.0,20,5082.0,5082.0,5130.0,5082.0,157.0,8012380.0,16427
2023-05-10 21:02:25,sp2306,sp2306,5098.0,2.0,101940.0,2.0,1,5096.0,5098.0,19,5082.0,5082.0,5130.0,5082.0,159.0,8114320.0,16429
2023-05-10 21:02:26,sp2306,sp2306,5098.0,0.0,0.0,0.0,1,5096.0,5098.0,19,5082.0,5082.0,5130.0,5082.0,159.0,8114320.0,16429
2023-05-10 21:02:26,sp2306,sp2306,5096.0,1.0,50960.0,0.0,2,5094.0,5098.0,18,5082.0,5082.0,5130.0,5082.0,160.0,8165280.0,16429
2023-05-10 21:02:27,sp2306,sp2306,5096.0,0.0,0.0,0.0,2,5094.0,5098.0,14,5082.0,5082.0,5130.0,5082.0,160.0,8165280.0,16429
2023-05-10 21:02:28,sp2306,sp2306,5096.0,0.0,0.0,0.0,2,5094.0,5098.0,10,5082.0,5082.0,5130.0,5082.0,160.0,8165280.0,16429
2023-05-10 21:02:28,sp2306,sp2306,5096.0,0.0,0.0,0.0,2,5094.0,5096.0,4,5082.0,5082.0,5130.0,5082.0,160.0,8165280.0,16429
2023-05-10 21:02:29,sp2306,sp2306,5096.0,4.0,203840.0,-2.0,3,5094.0,5098.0,10,5082.0,5082.0,5130.0,5082.0,164.0,8369120.0,16427
2023-05-10 21:02:30,sp2306,sp2306,5098.0,10.0,509800.0,-1.0,2,5096.0,5098.0,1,5082.0,5082.0,5130.0,5082.0,174.0,8878920.0,16426
2023-05-10 21:02:30,sp2306,sp2306,5100.0,4.0,203980.0,2.0,2,5098.0,5100.0,6,5082.0,5082.0,5130.0,5082.0,178.0,9082900.0,16428
2023-05-10 21:02:31,sp2306,sp2306,5100.0,8.0,407960.0,3.0,5,5096.0,5104.0,1,5082.0,5082.0,5130.0,5082.0,186.0,9490860.0,16431
2023-05-10 21:02:31,sp2306,sp2306,5100.0,0.0,0.0,0.0,6,5098.0,5100.0,3,5082.0,5082.0,5130.0,5082.0,186.0,9490860.0,16431
2023-05-10 21:02:32,sp2306,sp2306,5098.0,6.0,305880.0,-6.0,2,5098.0,5100.0,3,5082.0,5082.0,5130.0,5082.0,192.0,9796740.0,16425
2023-05-10 21:02:32,sp2306,sp2306,5098.0,2.0,101960.0,-2.0,1,5098.0,5100.0,7,5082.0,5082.0,5130.0,5082.0,194.0,9898700.0,16423
2023-05-10 21:02:33,sp2306,sp2306,5098.0,1.0,50980.0,0.0,1,5098.0,5100.0,7,5082.0,5082.0,5130.0,5082.0,195.0,9949680.0,16423
2023-05-10 21:02:33,sp2306,sp2306,5098.0,1.0,50980.0,-1.0,3,5096.0,5100.0,7,5082.0,5082.0,5130.0,5082.0,196.0,10000660.0,16422
2023-05-10 21:02:34,sp2306,sp2306,5098.0,0.0,0.0,0.0,3,5096.0,5102.0,7,5082.0,5082.0,5130.0,5082.0,196.0,10000660.0,16422
2023-05-10 21:02:34,sp2306,sp2306,5098.0,0.0,0.0,0.0,3,5096.0,5102.0,7,5082.0,5082.0,5130.0,5082.0,196.0,10000660.0,16422
2023-05-10 21:02:35,sp2306,sp2306,5098.0,1.0,50980.0,0.0,2,5096.0,5102.0,7,5082.0,5082.0,5130.0,5082.0,197.0,10051640.0,16422
2023-05-10 21:02:35,sp2306,sp2306,5098.0,0.0,0.0,0.0,2,5096.0,5100.0,3,5082.0,5082.0,5130.0,5082.0,197.0,10051640.0,16422
2023-05-10 21:02:36,sp2306,sp2306,5098.0,0.0,0.0,0.0,4,5096.0,5100.0,3,5082.0,5082.0,5130.0,5082.0,197.0,10051640.0,16422
2023-05-10 21:02:36,sp2306,sp2306,5098.0,0.0,0.0,0.0,4,5096.0,5100.0,2,5082.0,5082.0,5130.0,5082.0,197.0,10051640.0,16422
2023-05-10 21:02:37,sp2306,sp2306,5098.0,0.0,0.0,0.0,4,5096.0,5100.0,3,5082.0,5082.0,5130.0,5082.0,197.0,10051640.0,16422
2023-05-10 21:02:38,sp2306,sp2306,5098.0,0.0,0.0,0.0,3,5096.0,5100.0,2,5082.0,5082.0,5130.0,5082.0,197.0,10051640.0,16422
2023-05-10 21:02:39,sp2306,sp2306,5098.0,0.0,0.0,0.0,4,5096.0,5100.0,2,5082.0,5082.0,5130.0,5082.0,197.0,10051640.0,16422
2023-05-10 21:02:40,sp2306,sp2306,5098.0,0.0,0.0,0.0,4,5096.0,5100.0,2,5082.0,5082.0,5130.0,5082.0,197.0,10051640.0,16422
2023-05-10 21:02:41,sp2306,sp2306,5098.0,0.0,0.0,0.0,4,5096.0,5100.0,2,5082.0,5082.0,5130.0,5082.0,197.0,10051640.0,16422
2023-05-10 21:02:42,sp2306,sp2306,5098.0,0.0,0.0,0.0,4,5096.0,5100.0,1,5082.0,5082.0,5130.0,5082.0,197.0,10051640.0,16422
2023-05-10 21:02:43,sp2306,sp2306,5098.0,0.0,0.0,0.0,4,5096.0,5100.0,1,5082.0,5082.0,5130.0,5082.0,197.0,10051640.0,16422
2023-05-10 21:02:45,sp2306,sp2306,5098.0,0.0,0.0,0.0,4,5096.0,5100.0,1,5082.0,5082.0,5130.0,5082.0,197.0,10051640.0,16422
2023-05-10 21:02:45,sp2306,sp2306,5098.0,0.0,0.0,0.0,2,5098.0,5100.0,1,5082.0,5082.0,5130.0,5082.0,197.0,10051640.0,16422
2023-05-10 21:02:46,sp2306,sp2306,5098.0,2.0,101960.0,0.0,4,5096.0,5098.0,1,5082.0,5082.0,5130.0,5082.0,199.0,10153600.0,16422
2023-05-10 21:02:47,sp2306,sp2306,5098.0,0.0,0.0,0.0,4,5096.0,5098.0,1,5082.0,5082.0,5130.0,5082.0,199.0,10153600.0,16422
2023-05-10 21:02:48,sp2306,sp2306,5096.0,4.0,203840.0,3.0,3,5094.0,5098.0,2,5082.0,5082.0,5130.0,5082.0,203.0,10357440.0,16425
2023-05-10 21:02:49,sp2306,sp2306,5096.0,0.0,0.0,0.0,3,5094.0,5098.0,2,5082.0,5082.0,5130.0,5082.0,203.0,10357440.0,16425
2023-05-10 21:02:49,sp2306,sp2306,5096.0,0.0,0.0,0.0,3,5094.0,5098.0,2,5082.0,5082.0,5130.0,5082.0,203.0,10357440.0,16425
2023-05-10 21:02:50,sp2306,sp2306,5096.0,0.0,0.0,0.0,3,5094.0,5098.0,2,5082.0,5082.0,5130.0,5082.0,203.0,10357440.0,16425
2023-05-10 21:02:50,sp2306,sp2306,5096.0,0.0,0.0,0.0,3,5092.0,5098.0,2,5082.0,5082.0,5130.0,5082.0,203.0,10357440.0,16425
2023-05-10 21:02:51,sp2306,sp2306,5096.0,0.0,0.0,0.0,4,5092.0,5096.0,2,5082.0,5082.0,5130.0,5082.0,203.0,10357440.0,16425
2023-05-10 21:02:51,sp2306,sp2306,5096.0,0.0,0.0,0.0,3,5092.0,5096.0,3,5082.0,5082.0,5130.0,5082.0,203.0,10357440.0,16425
2023-05-10 21:02:52,sp2306,sp2306,5096.0,0.0,0.0,0.0,1,5092.0,5096.0,1,5082.0,5082.0,5130.0,5082.0,203.0,10357440.0,16425
2023-05-10 21:02:52,sp2306,sp2306,5096.0,0.0,0.0,0.0,2,5094.0,5098.0,5,5082.0,5082.0,5130.0,5082.0,203.0,10357440.0,16425
2023-05-10 21:02:53,sp2306,sp2306,5096.0,0.0,0.0,0.0,2,5094.0,5096.0,1,5082.0,5082.0,5130.0,5082.0,203.0,10357440.0,16425
2023-05-10 21:02:54,sp2306,sp2306,5096.0,0.0,0.0,0.0,2,5094.0,5096.0,1,5082.0,5082.0,5130.0,5082.0,203.0,10357440.0,16425
2023-05-10 21:02:55,sp2306,sp2306,5096.0,1.0,50960.0,0.0,2,5094.0,5098.0,4,5082.0,5082.0,5130.0,5082.0,204.0,10408400.0,16425
2023-05-10 21:02:58,sp2306,sp2306,5096.0,0.0,0.0,0.0,2,5094.0,5096.0,1,5082.0,5082.0,5130.0,5082.0,204.0,10408400.0,16425
2023-05-10 21:02:58,sp2306,sp2306,5096.0,0.0,0.0,0.0,2,5094.0,5096.0,1,5082.0,5082.0,5130.0,5082.0,204.0,10408400.0,16425
2023-05-10 21:02:59,sp2306,sp2306,5096.0,0.0,0.0,0.0,2,5094.0,5096.0,1,5082.0,5082.0,5130.0,5082.0,204.0,10408400.0,16425
2023-05-10 21:03:01,sp2306,sp2306,5098.0,3.0,152920.0,-1.0,2,5096.0,5100.0,5,5082.0,5082.0,5130.0,5082.0,207.0,10561320.0,16424
2023-05-10 21:03:01,sp2306,sp2306,5098.0,0.0,0.0,0.0,2,5096.0,5100.0,5,5082.0,5082.0,5130.0,5082.0,207.0,10561320.0,16424
2023-05-10 21:03:02,sp2306,sp2306,5098.0,0.0,0.0,0.0,2,5096.0,5100.0,3,5082.0,5082.0,5130.0,5082.0,207.0,10561320.0,16424
2023-05-10 21:03:03,sp2306,sp2306,5098.0,0.0,0.0,0.0,3,5096.0,5100.0,1,5082.0,5082.0,5130.0,5082.0,207.0,10561320.0,16424
2023-05-10 21:03:03,sp2306,sp2306,5098.0,0.0,0.0,0.0,2,5098.0,5100.0,1,5082.0,5082.0,5130.0,5082.0,207.0,10561320.0,16424
2023-05-10 21:03:04,sp2306,sp2306,5102.0,2.0,102020.0,0.0,1,5100.0,5102.0,6,5082.0,5082.0,5130.0,5082.0,209.0,10663340.0,16424
2023-05-10 21:03:04,sp2306,sp2306,5100.0,1.0,51000.0,0.0,2,5096.0,5100.0,2,5082.0,5082.0,5130.0,5082.0,210.0,10714340.0,16424
2023-05-10 21:03:05,sp2306,sp2306,5100.0,0.0,0.0,0.0,1,5100.0,5102.0,7,5082.0,5082.0,5130.0,5082.0,210.0,10714340.0,16424
2023-05-10 21:03:05,sp2306,sp2306,5100.0,0.0,0.0,0.0,1,5100.0,5102.0,9,5082.0,5082.0,5130.0,5082.0,210.0,10714340.0,16424
2023-05-10 21:03:06,sp2306,sp2306,5100.0,0.0,0.0,0.0,3,5100.0,5102.0,9,5082.0,5082.0,5130.0,5082.0,210.0,10714340.0,16424
2023-05-10 21:03:06,sp2306,sp2306,5100.0,0.0,0.0,0.0,1,5100.0,5102.0,5,5082.0,5082.0,5130.0,5082.0,210.0,10714340.0,16424
2023-05-10 21:03:07,sp2306,sp2306,5100.0,0.0,0.0,0.0,1,5100.0,5102.0,5,5082.0,5082.0,5130.0,5082.0,210.0,10714340.0,16424
2023-05-10 21:03:07,sp2306,sp2306,5100.0,0.0,0.0,0.0,1,5100.0,5102.0,5,5082.0,5082.0,5130.0,5082.0,210.0,10714340.0,16424
2023-05-10 21:03:09,sp2306,sp2306,5100.0,0.0,0.0,0.0,1,5100.0,5102.0,2,5082.0,5082.0,5130.0,5082.0,210.0,10714340.0,16424
2023-05-10 21:03:11,sp2306,sp2306,5100.0,0.0,0.0,0.0,1,5100.0,5104.0,7,5082.0,5082.0,5130.0,5082.0,210.0,10714340.0,16424
2023-05-10 21:03:11,sp2306,sp2306,5100.0,0.0,0.0,0.0,1,5100.0,5104.0,7,5082.0,5082.0,5130.0,5082.0,210.0,10714340.0,16424
2023-05-10 21:03:12,sp2306,sp2306,5100.0,0.0,0.0,0.0,1,5100.0,5104.0,5,5082.0,5082.0,5130.0,5082.0,210.0,10714340.0,16424
2023-05-10 21:03:13,sp2306,sp2306,5100.0,0.0,0.0,0.0,1,5100.0,5104.0,5,5082.0,5082.0,5130.0,5082.0,210.0,10714340.0,16424
2023-05-10 21:03:13,sp2306,sp2306,5100.0,0.0,0.0,0.0,1,5100.0,5104.0,5,5082.0,5082.0,5130.0,5082.0,210.0,10714340.0,16424
2023-05-10 21:03:15,sp2306,sp2306,5100.0,0.0,0.0,0.0,1,5100.0,5104.0,5,5082.0,5082.0,5130.0,5082.0,210.0,10714340.0,16424
2023-05-10 21:03:16,sp2306,sp2306,5100.0,0.0,0.0,0.0,2,5102.0,5104.0,5,5082.0,5082.0,5130.0,5082.0,210.0,10714340.0,16424
2023-05-10 21:03:17,sp2306,sp2306,5100.0,0.0,0.0,0.0,2,5102.0,5104.0,5,5082.0,5082.0,5130.0,5082.0,210.0,10714340.0,16424
2023-05-10 21:03:17,sp2306,sp2306,5100.0,0.0,0.0,0.0,2,5102.0,5104.0,3,5082.0,5082.0,5130.0,5082.0,210.0,10714340.0,16424
2023-05-10 21:03:19,sp2306,sp2306,5100.0,0.0,0.0,0.0,2,5102.0,5104.0,3,5082.0,5082.0,5130.0,5082.0,210.0,10714340.0,16424
2023-05-10 21:03:19,sp2306,sp2306,5100.0,0.0,0.0,0.0,2,5102.0,5104.0,3,5082.0,5082.0,5130.0,5082.0,210.0,10714340.0,16424
2023-05-10 21:03:20,sp2306,sp2306,5104.0,2.0,102080.0,0.0,2,5104.0,5106.0,7,5082.0,5082.0,5130.0,5082.0,212.0,10816420.0,16424
2023-05-10 21:03:21,sp2306,sp2306,5104.0,2.0,102080.0,0.0,3,5100.0,5104.0,2,5082.0,5082.0,5130.0,5082.0,214.0,10918500.0,16424
2023-05-10 21:03:21,sp2306,sp2306,5104.0,0.0,0.0,0.0,3,5102.0,5106.0,9,5082.0,5082.0,5130.0,5082.0,214.0,10918500.0,16424
2023-05-10 21:03:22,sp2306,sp2306,5104.0,0.0,0.0,0.0,3,5102.0,5106.0,9,5082.0,5082.0,5130.0,5082.0,214.0,10918500.0,16424
2023-05-10 21:03:23,sp2306,sp2306,5104.0,0.0,0.0,0.0,3,5102.0,5106.0,9,5082.0,5082.0,5130.0,5082.0,214.0,10918500.0,16424
2023-05-10 21:03:24,sp2306,sp2306,5104.0,0.0,0.0,0.0,2,5104.0,5106.0,9,5082.0,5082.0,5130.0,5082.0,214.0,10918500.0,16424
2023-05-10 21:03:24,sp2306,sp2306,5104.0,1.0,51040.0,0.0,3,5102.0,5106.0,9,5082.0,5082.0,5130.0,5082.0,215.0,10969540.0,16424
2023-05-10 21:03:27,sp2306,sp2306,5104.0,0.0,0.0,0.0,3,5102.0,5106.0,9,5082.0,5082.0,5130.0,5082.0,215.0,10969540.0,16424
2023-05-10 21:03:29,sp2306,sp2306,5104.0,0.0,0.0,0.0,3,5102.0,5104.0,1,5082.0,5082.0,5130.0,5082.0,215.0,10969540.0,16424
2023-05-10 21:03:29,sp2306,sp2306,5104.0,0.0,0.0,0.0,3,5102.0,5104.0,2,5082.0,5082.0,5130.0,5082.0,215.0,10969540.0,16424
2023-05-10 21:03:30,sp2306,sp2306,5104.0,0.0,0.0,0.0,3,5102.0,5104.0,1,5082.0,5082.0,5130.0,5082.0,215.0,10969540.0,16424
2023-05-10 21:03:31,sp2306,sp2306,5104.0,0.0,0.0,0.0,5,5102.0,5104.0,1,5082.0,5082.0,5130.0,5082.0,215.0,10969540.0,16424
2023-05-10 21:03:31,sp2306,sp2306,5104.0,0.0,0.0,0.0,5,5102.0,5106.0,9,5082.0,5082.0,5130.0,5082.0,215.0,10969540.0,16424
2023-05-10 21:03:37,sp2306,sp2306,5104.0,0.0,0.0,0.0,3,5102.0,5106.0,9,5082.0,5082.0,5130.0,5082.0,215.0,10969540.0,16424
2023-05-10 21:03:41,sp2306,sp2306,5104.0,0.0,0.0,0.0,3,5102.0,5106.0,9,5082.0,5082.0,5130.0,5082.0,215.0,10969540.0,16424
2023-05-10 21:03:42,sp2306,sp2306,5104.0,0.0,0.0,0.0,3,5102.0,5106.0,9,5082.0,5082.0,5130.0,5082.0,215.0,10969540.0,16424
2023-05-10 21:03:49,sp2306,sp2306,5104.0,0.0,0.0,0.0,3,5102.0,5106.0,8,5082.0,5082.0,5130.0,5082.0,215.0,10969540.0,16424
2023-05-10 21:03:57,sp2306,sp2306,5104.0,0.0,0.0,0.0,3,5102.0,5106.0,8,5082.0,5082.0,5130.0,5082.0,215.0,10969540.0,16424
2023-05-10 21:03:58,sp2306,sp2306,5104.0,0.0,0.0,0.0,3,5102.0,5106.0,8,5082.0,5082.0,5130.0,5082.0,215.0,10969540.0,16424
2023-05-10 21:04:00,sp2306,sp2306,5104.0,0.0,0.0,0.0,3,5102.0,5106.0,8,5082.0,5082.0,5130.0,5082.0,215.0,10969540.0,16424
2023-05-10 21:04:02,sp2306,sp2306,5104.0,0.0,0.0,0.0,3,5102.0,5106.0,8,5082.0,5082.0,5130.0,5082.0,215.0,10969540.0,16424
2023-05-10 21:04:02,sp2306,sp2306,5104.0,0.0,0.0,0.0,3,5102.0,5106.0,8,5082.0,5082.0,5130.0,5082.0,215.0,10969540.0,16424
2023-05-10 21:04:15,sp2306,sp2306,5104.0,0.0,0.0,0.0,3,5102.0,5106.0,8,5082.0,5082.0,5130.0,5082.0,215.0,10969540.0,16424
2023-05-10 21:04:21,sp2306,sp2306,5102.0,3.0,153060.0,0.0,2,5100.0,5104.0,2,5082.0,5082.0,5130.0,5082.0,218.0,11122600.0,16424
2023-05-10 21:04:22,sp2306,sp2306,5102.0,0.0,0.0,0.0,1,5100.0,5102.0,2,5082.0,5082.0,5130.0,5082.0,218.0,11122600.0,16424
2023-05-10 21:04:22,sp2306,sp2306,5100.0,1.0,51000.0,0.0,4,5098.0,5102.0,2,5082.0,5082.0,5130.0,5082.0,219.0,11173600.0,16424
2023-05-10 21:04:23,sp2306,sp2306,5100.0,0.0,0.0,0.0,4,5098.0,5102.0,2,5082.0,5082.0,5130.0,5082.0,219.0,11173600.0,16424
2023-05-10 21:04:23,sp2306,sp2306,5100.0,0.0,0.0,0.0,11,5096.0,5102.0,2,5082.0,5082.0,5130.0,5082.0,219.0,11173600.0,16424
2023-05-10 21:04:24,sp2306,sp2306,5100.0,0.0,0.0,0.0,11,5096.0,5102.0,5,5082.0,5082.0,5130.0,5082.0,219.0,11173600.0,16424
2023-05-10 21:04:27,sp2306,sp2306,5100.0,0.0,0.0,0.0,11,5096.0,5100.0,1,5082.0,5082.0,5130.0,5082.0,219.0,11173600.0,16424
2023-05-10 21:04:28,sp2306,sp2306,5100.0,0.0,0.0,0.0,11,5096.0,5100.0,2,5082.0,5082.0,5130.0,5082.0,219.0,11173600.0,16424
2023-05-10 21:04:34,sp2306,sp2306,5100.0,0.0,0.0,0.0,11,5096.0,5098.0,2,5082.0,5082.0,5130.0,5082.0,219.0,11173600.0,16424
2023-05-10 21:04:35,sp2306,sp2306,5100.0,0.0,0.0,0.0,11,5096.0,5100.0,5,5082.0,5082.0,5130.0,5082.0,219.0,11173600.0,16424
2023-05-10 21:04:38,sp2306,sp2306,5100.0,0.0,0.0,0.0,11,5096.0,5100.0,4,5082.0,5082.0,5130.0,5082.0,219.0,11173600.0,16424
2023-05-10 21:04:38,sp2306,sp2306,5096.0,4.0,203840.0,-2.0,7,5096.0,5100.0,4,5082.0,5082.0,5130.0,5082.0,223.0,11377440.0,16422
2023-05-10 21:04:39,sp2306,sp2306,5096.0,0.0,0.0,0.0,7,5096.0,5100.0,7,5082.0,5082.0,5130.0,5082.0,223.0,11377440.0,16422
2023-05-10 21:04:40,sp2306,sp2306,5096.0,0.0,0.0,0.0,7,5096.0,5100.0,11,5082.0,5082.0,5130.0,5082.0,223.0,11377440.0,16422
2023-05-10 21:04:41,sp2306,sp2306,5096.0,0.0,0.0,0.0,7,5096.0,5098.0,2,5082.0,5082.0,5130.0,5082.0,223.0,11377440.0,16422
2023-05-10 21:04:42,sp2306,sp2306,5096.0,0.0,0.0,0.0,7,5096.0,5098.0,5,5082.0,5082.0,5130.0,5082.0,223.0,11377440.0,16422
2023-05-10 21:04:42,sp2306,sp2306,5096.0,0.0,0.0,0.0,7,5096.0,5098.0,3,5082.0,5082.0,5130.0,5082.0,223.0,11377440.0,16422
2023-05-10 21:04:43,sp2306,sp2306,5096.0,0.0,0.0,0.0,7,5096.0,5098.0,5,5082.0,5082.0,5130.0,5082.0,223.0,11377440.0,16422
2023-05-10 21:04:44,sp2306,sp2306,5096.0,7.0,356720.0,0.0,1,5092.0,5096.0,3,5082.0,5082.0,5130.0,5082.0,230.0,11734160.0,16422
2023-05-10 21:04:44,sp2306,sp2306,5096.0,0.0,0.0,0.0,2,5088.0,5096.0,8,5082.0,5082.0,5130.0,5082.0,230.0,11734160.0,16422
2023-05-10 21:04:45,sp2306,sp2306,5096.0,0.0,0.0,0.0,5,5090.0,5096.0,8,5082.0,5082.0,5130.0,5082.0,230.0,11734160.0,16422
2023-05-10 21:04:45,sp2306,sp2306,5096.0,0.0,0.0,0.0,5,5090.0,5092.0,10,5082.0,5082.0,5130.0,5082.0,230.0,11734160.0,16422
2023-05-10 21:04:46,sp2306,sp2306,5092.0,10.0,509200.0,10.0,2,5088.0,5096.0,9,5082.0,5082.0,5130.0,5082.0,240.0,12243360.0,16432
2023-05-10 21:04:46,sp2306,sp2306,5092.0,0.0,0.0,0.0,3,5090.0,5096.0,9,5082.0,5082.0,5130.0,5082.0,240.0,12243360.0,16432
2023-05-10 21:04:47,sp2306,sp2306,5092.0,0.0,0.0,0.0,3,5090.0,5094.0,1,5082.0,5082.0,5130.0,5082.0,240.0,12243360.0,16432
2023-05-10 21:04:47,sp2306,sp2306,5092.0,0.0,0.0,0.0,3,5090.0,5094.0,2,5082.0,5082.0,5130.0,5082.0,240.0,12243360.0,16432
2023-05-10 21:04:48,sp2306,sp2306,5090.0,3.0,152700.0,3.0,2,5088.0,5090.0,7,5082.0,5082.0,5130.0,5082.0,243.0,12396060.0,16435
2023-05-10 21:04:49,sp2306,sp2306,5094.0,8.0,407240.0,8.0,4,5090.0,5094.0,1,5082.0,5082.0,5130.0,5082.0,251.0,12803300.0,16443
2023-05-10 21:04:49,sp2306,sp2306,5094.0,0.0,0.0,0.0,4,5090.0,5094.0,5,5082.0,5082.0,5130.0,5082.0,251.0,12803300.0,16443
2023-05-10 21:04:50,sp2306,sp2306,5094.0,0.0,0.0,0.0,5,5090.0,5094.0,5,5082.0,5082.0,5130.0,5082.0,251.0,12803300.0,16443
2023-05-10 21:04:50,sp2306,sp2306,5094.0,0.0,0.0,0.0,1,5092.0,5094.0,6,5082.0,5082.0,5130.0,5082.0,251.0,12803300.0,16443
2023-05-10 21:04:51,sp2306,sp2306,5090.0,5.0,254520.0,1.0,1,5088.0,5090.0,6,5082.0,5082.0,5130.0,5082.0,256.0,13057820.0,16444
2023-05-10 21:04:51,sp2306,sp2306,5092.0,7.0,356320.0,7.0,3,5090.0,5094.0,5,5082.0,5082.0,5130.0,5082.0,263.0,13414140.0,16451
2023-05-10 21:04:52,sp2306,sp2306,5092.0,0.0,0.0,0.0,3,5090.0,5092.0,1,5082.0,5082.0,5130.0,5082.0,263.0,13414140.0,16451
2023-05-10 21:04:52,sp2306,sp2306,5092.0,0.0,0.0,0.0,5,5090.0,5092.0,1,5082.0,5082.0,5130.0,5082.0,263.0,13414140.0,16451
2023-05-10 21:04:53,sp2306,sp2306,5092.0,0.0,0.0,0.0,5,5090.0,5092.0,1,5082.0,5082.0,5130.0,5082.0,263.0,13414140.0,16451
2023-05-10 21:04:53,sp2306,sp2306,5092.0,1.0,50920.0,0.0,7,5090.0,5094.0,6,5082.0,5082.0,5130.0,5082.0,264.0,13465060.0,16451
2023-05-10 21:04:54,sp2306,sp2306,5092.0,2.0,101840.0,0.0,6,5090.0,5094.0,6,5082.0,5082.0,5130.0,5082.0,266.0,13566900.0,16451
2023-05-10 21:04:54,sp2306,sp2306,5090.0,10.0,509080.0,3.0,3,5088.0,5094.0,1,5082.0,5082.0,5130.0,5082.0,276.0,14075980.0,16454
2023-05-10 21:04:55,sp2306,sp2306,5090.0,0.0,0.0,0.0,1,5090.0,5094.0,1,5082.0,5082.0,5130.0,5082.0,276.0,14075980.0,16454
2023-05-10 21:04:55,sp2306,sp2306,5090.0,0.0,0.0,0.0,1,5092.0,5094.0,1,5082.0,5082.0,5130.0,5082.0,276.0,14075980.0,16454
2023-05-10 21:04:56,sp2306,sp2306,5090.0,0.0,0.0,0.0,1,5092.0,5094.0,1,5082.0,5082.0,5130.0,5082.0,276.0,14075980.0,16454
2023-05-10 21:04:56,sp2306,sp2306,5090.0,0.0,0.0,0.0,1,5092.0,5094.0,1,5082.0,5082.0,5130.0,5082.0,276.0,14075980.0,16454
2023-05-10 21:04:57,sp2306,sp2306,5090.0,0.0,0.0,0.0,2,5092.0,5094.0,2,5082.0,5082.0,5130.0,5082.0,276.0,14075980.0,16454
2023-05-10 21:04:57,sp2306,sp2306,5090.0,0.0,0.0,0.0,2,5092.0,5094.0,2,5082.0,5082.0,5130.0,5082.0,276.0,14075980.0,16454
2023-05-10 21:04:58,sp2306,sp2306,5092.0,2.0,101840.0,1.0,6,5090.0,5092.0,1,5082.0,5082.0,5130.0,5082.0,278.0,14177820.0,16455
2023-05-10 21:04:59,sp2306,sp2306,5094.0,2.0,101860.0,0.0,1,5092.0,5094.0,1,5082.0,5082.0,5130.0,5082.0,280.0,14279680.0,16455
2023-05-10 21:05:00,sp2306,sp2306,5094.0,0.0,0.0,0.0,1,5092.0,5094.0,1,5082.0,5082.0,5130.0,5082.0,280.0,14279680.0,16455
2023-05-10 21:05:00,sp2306,sp2306,5092.0,1.0,50920.0,-1.0,7,5090.0,5094.0,1,5082.0,5082.0,5130.0,5082.0,281.0,14330600.0,16454
2023-05-10 21:05:01,sp2306,sp2306,5092.0,0.0,0.0,0.0,7,5090.0,5094.0,2,5082.0,5082.0,5130.0,5082.0,281.0,14330600.0,16454
2023-05-10 21:05:02,sp2306,sp2306,5092.0,0.0,0.0,0.0,6,5090.0,5094.0,2,5082.0,5082.0,5130.0,5082.0,281.0,14330600.0,16454
2023-05-10 21:05:02,sp2306,sp2306,5092.0,0.0,0.0,0.0,6,5090.0,5094.0,2,5082.0,5082.0,5130.0,5082.0,281.0,14330600.0,16454
2023-05-10 21:05:03,sp2306,sp2306,5092.0,0.0,0.0,0.0,6,5090.0,5094.0,1,5082.0,5082.0,5130.0,5082.0,281.0,14330600.0,16454
2023-05-10 21:05:03,sp2306,sp2306,5094.0,1.0,50940.0,-1.0,6,5090.0,5096.0,5,5082.0,5082.0,5130.0,5082.0,282.0,14381540.0,16453
2023-05-10 21:05:04,sp2306,sp2306,5094.0,0.0,0.0,0.0,5,5090.0,5096.0,4,5082.0,5082.0,5130.0,5082.0,282.0,14381540.0,16453
2023-05-10 21:05:04,sp2306,sp2306,5094.0,0.0,0.0,0.0,6,5090.0,5096.0,4,5082.0,5082.0,5130.0,5082.0,282.0,14381540.0,16453
2023-05-10 21:05:05,sp2306,sp2306,5094.0,0.0,0.0,0.0,6,5090.0,5096.0,4,5082.0,5082.0,5130.0,5082.0,282.0,14381540.0,16453
2023-05-10 21:05:05,sp2306,sp2306,5094.0,0.0,0.0,0.0,1,5092.0,5096.0,4,5082.0,5082.0,5130.0,5082.0,282.0,14381540.0,16453
2023-05-10 21:05:06,sp2306,sp2306,5094.0,0.0,0.0,0.0,2,5092.0,5096.0,4,5082.0,5082.0,5130.0,5082.0,282.0,14381540.0,16453
2023-05-10 21:05:06,sp2306,sp2306,5096.0,4.0,203840.0,0.0,2,5092.0,5098.0,2,5082.0,5082.0,5130.0,5082.0,286.0,14585380.0,16453
2023-05-10 21:05:07,sp2306,sp2306,5098.0,2.0,101960.0,-2.0,3,5092.0,5100.0,1,5082.0,5082.0,5130.0,5082.0,288.0,14687340.0,16451
2023-05-10 21:05:07,sp2306,sp2306,5098.0,0.0,0.0,0.0,8,5094.0,5100.0,1,5082.0,5082.0,5130.0,5082.0,288.0,14687340.0,16451
2023-05-10 21:05:08,sp2306,sp2306,5098.0,0.0,0.0,0.0,4,5094.0,5102.0,1,5082.0,5082.0,5130.0,5082.0,288.0,14687340.0,16451
2023-05-10 21:05:08,sp2306,sp2306,5098.0,0.0,0.0,0.0,4,5094.0,5100.0,9,5082.0,5082.0,5130.0,5082.0,288.0,14687340.0,16451
2023-05-10 21:05:09,sp2306,sp2306,5098.0,0.0,0.0,0.0,4,5094.0,5100.0,7,5082.0,5082.0,5130.0,5082.0,288.0,14687340.0,16451
2023-05-10 21:05:09,sp2306,sp2306,5098.0,0.0,0.0,0.0,4,5096.0,5100.0,6,5082.0,5082.0,5130.0,5082.0,288.0,14687340.0,16451
2023-05-10 21:05:10,sp2306,sp2306,5098.0,0.0,0.0,0.0,5,5096.0,5100.0,3,5082.0,5082.0,5130.0,5082.0,288.0,14687340.0,16451
2023-05-10 21:05:10,sp2306,sp2306,5098.0,0.0,0.0,0.0,5,5096.0,5102.0,1,5082.0,5082.0,5130.0,5082.0,288.0,14687340.0,16451
2023-05-10 21:05:11,sp2306,sp2306,5098.0,0.0,0.0,0.0,2,5100.0,5104.0,4,5082.0,5082.0,5130.0,5082.0,288.0,14687340.0,16451
2023-05-10 21:05:11,sp2306,sp2306,5100.0,2.0,102000.0,0.0,5,5096.0,5102.0,3,5082.0,5082.0,5130.0,5082.0,290.0,14789340.0,16451
2023-05-10 21:05:12,sp2306,sp2306,5100.0,0.0,0.0,0.0,5,5096.0,5102.0,3,5082.0,5082.0,5130.0,5082.0,290.0,14789340.0,16451
2023-05-10 21:05:12,sp2306,sp2306,5100.0,0.0,0.0,0.0,5,5098.0,5102.0,3,5082.0,5082.0,5130.0,5082.0,290.0,14789340.0,16451
2023-05-10 21:05:13,sp2306,sp2306,5100.0,0.0,0.0,0.0,4,5098.0,5102.0,3,5082.0,5082.0,5130.0,5082.0,290.0,14789340.0,16451
2023-05-10 21:05:13,sp2306,sp2306,5104.0,5.0,255140.0,0.0,1,5102.0,5104.0,1,5082.0,5082.0,5130.0,5082.0,295.0,15044480.0,16451
2023-05-10 21:05:14,sp2306,sp2306,5104.0,14.0,714320.0,7.0,1,5100.0,5104.0,1,5082.0,5082.0,5130.0,5082.0,309.0,15758800.0,16458
2023-05-10 21:05:14,sp2306,sp2306,5104.0,3.0,153080.0,1.0,4,5098.0,5106.0,6,5082.0,5082.0,5130.0,5082.0,312.0,15911880.0,16459
2023-05-10 21:05:15,sp2306,sp2306,5104.0,0.0,0.0,0.0,3,5102.0,5104.0,7,5082.0,5082.0,5130.0,5082.0,312.0,15911880.0,16459
2023-05-10 21:05:15,sp2306,sp2306,5102.0,3.0,153060.0,-1.0,4,5098.0,5104.0,8,5082.0,5082.0,5130.0,5082.0,315.0,16064940.0,16458
2023-05-10 21:05:16,sp2306,sp2306,5102.0,0.0,0.0,0.0,5,5098.0,5104.0,8,5082.0,5082.0,5130.0,5082.0,315.0,16064940.0,16458
2023-05-10 21:05:16,sp2306,sp2306,5102.0,0.0,0.0,0.0,5,5098.0,5104.0,9,5082.0,5082.0,5130.0,5082.0,315.0,16064940.0,16458
2023-05-10 21:05:17,sp2306,sp2306,5102.0,0.0,0.0,0.0,1,5100.0,5104.0,7,5082.0,5082.0,5130.0,5082.0,315.0,16064940.0,16458
2023-05-10 21:05:17,sp2306,sp2306,5102.0,0.0,0.0,0.0,2,5100.0,5104.0,7,5082.0,5082.0,5130.0,5082.0,315.0,16064940.0,16458
2023-05-10 21:05:18,sp2306,sp2306,5102.0,0.0,0.0,0.0,2,5100.0,5104.0,6,5082.0,5082.0,5130.0,5082.0,315.0,16064940.0,16458
2023-05-10 21:05:18,sp2306,sp2306,5102.0,0.0,0.0,0.0,2,5100.0,5104.0,7,5082.0,5082.0,5130.0,5082.0,315.0,16064940.0,16458
2023-05-10 21:05:19,sp2306,sp2306,5102.0,0.0,0.0,0.0,2,5100.0,5104.0,6,5082.0,5082.0,5130.0,5082.0,315.0,16064940.0,16458
2023-05-10 21:05:20,sp2306,sp2306,5102.0,0.0,0.0,0.0,2,5100.0,5104.0,5,5082.0,5082.0,5130.0,5082.0,315.0,16064940.0,16458
2023-05-10 21:05:20,sp2306,sp2306,5106.0,7.0,357320.0,1.0,6,5100.0,5106.0,6,5082.0,5082.0,5130.0,5082.0,322.0,16422260.0,16459
2023-05-10 21:05:21,sp2306,sp2306,5106.0,0.0,0.0,0.0,3,5102.0,5104.0,1,5082.0,5082.0,5130.0,5082.0,322.0,16422260.0,16459
2023-05-10 21:05:21,sp2306,sp2306,5106.0,0.0,0.0,0.0,3,5102.0,5104.0,1,5082.0,5082.0,5130.0,5082.0,322.0,16422260.0,16459
2023-05-10 21:05:22,sp2306,sp2306,5102.0,3.0,153060.0,-3.0,2,5100.0,5104.0,1,5082.0,5082.0,5130.0,5082.0,325.0,16575320.0,16456
2023-05-10 21:05:22,sp2306,sp2306,5102.0,0.0,0.0,0.0,1,5100.0,5104.0,3,5082.0,5082.0,5130.0,5082.0,325.0,16575320.0,16456
2023-05-10 21:05:23,sp2306,sp2306,5102.0,0.0,0.0,0.0,1,5100.0,5104.0,4,5082.0,5082.0,5130.0,5082.0,325.0,16575320.0,16456
2023-05-10 21:05:23,sp2306,sp2306,5102.0,0.0,0.0,0.0,1,5100.0,5104.0,6,5082.0,5082.0,5130.0,5082.0,325.0,16575320.0,16456
2023-05-10 21:05:24,sp2306,sp2306,5102.0,0.0,0.0,0.0,1,5100.0,5104.0,7,5082.0,5082.0,5130.0,5082.0,325.0,16575320.0,16456
2023-05-10 21:05:24,sp2306,sp2306,5102.0,0.0,0.0,0.0,1,5100.0,5104.0,7,5082.0,5082.0,5130.0,5082.0,325.0,16575320.0,16456
2023-05-10 21:05:26,sp2306,sp2306,5102.0,0.0,0.0,0.0,1,5100.0,5104.0,8,5082.0,5082.0,5130.0,5082.0,325.0,16575320.0,16456
2023-05-10 21:05:28,sp2306,sp2306,5102.0,0.0,0.0,0.0,1,5098.0,5104.0,8,5082.0,5082.0,5130.0,5082.0,325.0,16575320.0,16456
2023-05-10 21:05:28,sp2306,sp2306,5102.0,0.0,0.0,0.0,1,5102.0,5104.0,8,5082.0,5082.0,5130.0,5082.0,325.0,16575320.0,16456
2023-05-10 21:05:30,sp2306,sp2306,5102.0,0.0,0.0,0.0,1,5102.0,5104.0,7,5082.0,5082.0,5130.0,5082.0,325.0,16575320.0,16456
2023-05-10 21:05:31,sp2306,sp2306,5102.0,0.0,0.0,0.0,1,5102.0,5104.0,5,5082.0,5082.0,5130.0,5082.0,325.0,16575320.0,16456
2023-05-10 21:05:33,sp2306,sp2306,5102.0,0.0,0.0,0.0,1,5102.0,5104.0,5,5082.0,5082.0,5130.0,5082.0,325.0,16575320.0,16456
2023-05-10 21:05:33,sp2306,sp2306,5102.0,0.0,0.0,0.0,1,5102.0,5104.0,5,5082.0,5082.0,5130.0,5082.0,325.0,16575320.0,16456
2023-05-10 21:05:34,sp2306,sp2306,5102.0,0.0,0.0,0.0,1,5102.0,5104.0,5,5082.0,5082.0,5130.0,5082.0,325.0,16575320.0,16456
2023-05-10 21:05:35,sp2306,sp2306,5102.0,0.0,0.0,0.0,1,5102.0,5104.0,5,5082.0,5082.0,5130.0,5082.0,325.0,16575320.0,16456
2023-05-10 21:05:35,sp2306,sp2306,5102.0,0.0,0.0,0.0,1,5102.0,5104.0,3,5082.0,5082.0,5130.0,5082.0,325.0,16575320.0,16456
2023-05-10 21:05:42,sp2306,sp2306,5102.0,0.0,0.0,0.0,1,5102.0,5104.0,2,5082.0,5082.0,5130.0,5082.0,325.0,16575320.0,16456
2023-05-10 21:05:43,sp2306,sp2306,5102.0,0.0,0.0,0.0,1,5102.0,5104.0,2,5082.0,5082.0,5130.0,5082.0,325.0,16575320.0,16456
2023-05-10 21:05:44,sp2306,sp2306,5102.0,0.0,0.0,0.0,1,5102.0,5106.0,10,5082.0,5082.0,5130.0,5082.0,325.0,16575320.0,16456
2023-05-10 21:05:44,sp2306,sp2306,5102.0,0.0,0.0,0.0,1,5102.0,5104.0,2,5082.0,5082.0,5130.0,5082.0,325.0,16575320.0,16456
2023-05-10 21:05:45,sp2306,sp2306,5102.0,0.0,0.0,0.0,1,5102.0,5104.0,2,5082.0,5082.0,5130.0,5082.0,325.0,16575320.0,16456
2023-05-10 21:05:45,sp2306,sp2306,5102.0,0.0,0.0,0.0,1,5102.0,5106.0,8,5082.0,5082.0,5130.0,5082.0,325.0,16575320.0,16456
2023-05-10 21:05:46,sp2306,sp2306,5102.0,0.0,0.0,0.0,1,5102.0,5106.0,8,5082.0,5082.0,5130.0,5082.0,325.0,16575320.0,16456
2023-05-10 21:05:47,sp2306,sp2306,5102.0,0.0,0.0,0.0,1,5102.0,5106.0,7,5082.0,5082.0,5130.0,5082.0,325.0,16575320.0,16456
2023-05-10 21:05:47,sp2306,sp2306,5102.0,0.0,0.0,0.0,1,5102.0,5104.0,2,5082.0,5082.0,5130.0,5082.0,325.0,16575320.0,16456
2023-05-10 21:05:48,sp2306,sp2306,5102.0,0.0,0.0,0.0,1,5102.0,5106.0,10,5082.0,5082.0,5130.0,5082.0,325.0,16575320.0,16456
2023-05-10 21:05:50,sp2306,sp2306,5102.0,0.0,0.0,0.0,1,5102.0,5106.0,9,5082.0,5082.0,5130.0,5082.0,325.0,16575320.0,16456
2023-05-10 21:05:51,sp2306,sp2306,5102.0,0.0,0.0,0.0,1,5102.0,5106.0,9,5082.0,5082.0,5130.0,5082.0,325.0,16575320.0,16456
2023-05-10 21:05:57,sp2306,sp2306,5102.0,0.0,0.0,0.0,1,5102.0,5106.0,9,5082.0,5082.0,5130.0,5082.0,325.0,16575320.0,16456
2023-05-10 21:05:58,sp2306,sp2306,5102.0,0.0,0.0,0.0,1,5102.0,5106.0,9,5082.0,5082.0,5130.0,5082.0,325.0,16575320.0,16456
2023-05-10 21:06:07,sp2306,sp2306,5102.0,0.0,0.0,0.0,2,5104.0,5106.0,7,5082.0,5082.0,5130.0,5082.0,325.0,16575320.0,16456
2023-05-10 21:06:07,sp2306,sp2306,5106.0,2.0,102120.0,2.0,2,5104.0,5106.0,5,5082.0,5082.0,5130.0,5082.0,327.0,16677440.0,16458
2023-05-10 21:06:08,sp2306,sp2306,5106.0,0.0,0.0,0.0,2,5104.0,5106.0,3,5082.0,5082.0,5130.0,5082.0,327.0,16677440.0,16458
2023-05-10 21:06:09,sp2306,sp2306,5106.0,0.0,0.0,0.0,2,5104.0,5106.0,3,5082.0,5082.0,5130.0,5082.0,327.0,16677440.0,16458
2023-05-10 21:06:09,sp2306,sp2306,5106.0,0.0,0.0,0.0,2,5104.0,5106.0,3,5082.0,5082.0,5130.0,5082.0,327.0,16677440.0,16458
2023-05-10 21:06:11,sp2306,sp2306,5106.0,3.0,153180.0,0.0,3,5104.0,5108.0,9,5082.0,5082.0,5130.0,5082.0,330.0,16830620.0,16458
2023-05-10 21:06:12,sp2306,sp2306,5106.0,0.0,0.0,0.0,3,5104.0,5108.0,9,5082.0,5082.0,5130.0,5082.0,330.0,16830620.0,16458
2023-05-10 21:06:12,sp2306,sp2306,5106.0,0.0,0.0,0.0,3,5104.0,5108.0,9,5082.0,5082.0,5130.0,5082.0,330.0,16830620.0,16458
2023-05-10 21:06:15,sp2306,sp2306,5106.0,0.0,0.0,0.0,1,5104.0,5108.0,9,5082.0,5082.0,5130.0,5082.0,330.0,16830620.0,16458
2023-05-10 21:06:16,sp2306,sp2306,5104.0,1.0,51040.0,0.0,3,5102.0,5108.0,9,5082.0,5082.0,5130.0,5082.0,331.0,16881660.0,16458
2023-05-10 21:06:16,sp2306,sp2306,5104.0,0.0,0.0,0.0,2,5102.0,5106.0,2,5082.0,5082.0,5130.0,5082.0,331.0,16881660.0,16458
2023-05-10 21:06:17,sp2306,sp2306,5104.0,0.0,0.0,0.0,2,5102.0,5108.0,12,5082.0,5082.0,5130.0,5082.0,331.0,16881660.0,16458
2023-05-10 21:06:17,sp2306,sp2306,5104.0,0.0,0.0,0.0,2,5102.0,5108.0,15,5082.0,5082.0,5130.0,5082.0,331.0,16881660.0,16458
2023-05-10 21:06:18,sp2306,sp2306,5104.0,0.0,0.0,0.0,2,5102.0,5108.0,13,5082.0,5082.0,5130.0,5082.0,331.0,16881660.0,16458
2023-05-10 21:06:18,sp2306,sp2306,5104.0,0.0,0.0,0.0,2,5102.0,5106.0,2,5082.0,5082.0,5130.0,5082.0,331.0,16881660.0,16458
2023-05-10 21:06:19,sp2306,sp2306,5104.0,0.0,0.0,0.0,2,5102.0,5106.0,2,5082.0,5082.0,5130.0,5082.0,331.0,16881660.0,16458
2023-05-10 21:06:19,sp2306,sp2306,5104.0,0.0,0.0,0.0,2,5102.0,5106.0,3,5082.0,5082.0,5130.0,5082.0,331.0,16881660.0,16458
2023-05-10 21:06:20,sp2306,sp2306,5104.0,0.0,0.0,0.0,2,5102.0,5106.0,3,5082.0,5082.0,5130.0,5082.0,331.0,16881660.0,16458
2023-05-10 21:06:20,sp2306,sp2306,5102.0,2.0,102040.0,1.0,5,5100.0,5104.0,2,5082.0,5082.0,5130.0,5082.0,333.0,16983700.0,16459
2023-05-10 21:06:21,sp2306,sp2306,5102.0,0.0,0.0,0.0,5,5100.0,5104.0,4,5082.0,5082.0,5130.0,5082.0,333.0,16983700.0,16459
2023-05-10 21:06:21,sp2306,sp2306,5102.0,0.0,0.0,0.0,4,5100.0,5104.0,4,5082.0,5082.0,5130.0,5082.0,333.0,16983700.0,16459
2023-05-10 21:06:25,sp2306,sp2306,5104.0,1.0,51040.0,0.0,4,5100.0,5104.0,3,5082.0,5082.0,5130.0,5082.0,334.0,17034740.0,16459
2023-05-10 21:06:25,sp2306,sp2306,5104.0,0.0,0.0,0.0,4,5100.0,5104.0,3,5082.0,5082.0,5130.0,5082.0,334.0,17034740.0,16459
2023-05-10 21:06:32,sp2306,sp2306,5104.0,0.0,0.0,0.0,4,5100.0,5104.0,3,5082.0,5082.0,5130.0,5082.0,334.0,17034740.0,16459
2023-05-10 21:06:32,sp2306,sp2306,5100.0,4.0,204000.0,-4.0,4,5098.0,5102.0,1,5082.0,5082.0,5130.0,5082.0,338.0,17238740.0,16455
2023-05-10 21:06:33,sp2306,sp2306,5098.0,2.0,101960.0,0.0,1,5096.0,5102.0,1,5082.0,5082.0,5130.0,5082.0,340.0,17340700.0,16455
2023-05-10 21:06:33,sp2306,sp2306,5098.0,0.0,0.0,0.0,1,5096.0,5100.0,2,5082.0,5082.0,5130.0,5082.0,340.0,17340700.0,16455
2023-05-10 21:06:34,sp2306,sp2306,5098.0,0.0,0.0,0.0,4,5092.0,5100.0,3,5082.0,5082.0,5130.0,5082.0,340.0,17340700.0,16455
2023-05-10 21:06:34,sp2306,sp2306,5098.0,0.0,0.0,0.0,8,5094.0,5100.0,6,5082.0,5082.0,5130.0,5082.0,340.0,17340700.0,16455
2023-05-10 21:06:35,sp2306,sp2306,5098.0,0.0,0.0,0.0,8,5094.0,5100.0,6,5082.0,5082.0,5130.0,5082.0,340.0,17340700.0,16455
2023-05-10 21:06:36,sp2306,sp2306,5098.0,0.0,0.0,0.0,3,5096.0,5100.0,7,5082.0,5082.0,5130.0,5082.0,340.0,17340700.0,16455
2023-05-10 21:06:36,sp2306,sp2306,5098.0,0.0,0.0,0.0,3,5096.0,5100.0,7,5082.0,5082.0,5130.0,5082.0,340.0,17340700.0,16455
2023-05-10 21:06:37,sp2306,sp2306,5098.0,0.0,0.0,0.0,3,5096.0,5100.0,3,5082.0,5082.0,5130.0,5082.0,340.0,17340700.0,16455
2023-05-10 21:06:38,sp2306,sp2306,5098.0,0.0,0.0,0.0,3,5096.0,5100.0,3,5082.0,5082.0,5130.0,5082.0,340.0,17340700.0,16455
2023-05-10 21:06:38,sp2306,sp2306,5098.0,0.0,0.0,0.0,3,5096.0,5100.0,3,5082.0,5082.0,5130.0,5082.0,340.0,17340700.0,16455
2023-05-10 21:06:39,sp2306,sp2306,5098.0,0.0,0.0,0.0,3,5096.0,5100.0,3,5082.0,5082.0,5130.0,5082.0,340.0,17340700.0,16455
2023-05-10 21:06:40,sp2306,sp2306,5098.0,0.0,0.0,0.0,3,5096.0,5098.0,2,5082.0,5082.0,5130.0,5082.0,340.0,17340700.0,16455
2023-05-10 21:06:42,sp2306,sp2306,5098.0,2.0,101960.0,0.0,3,5096.0,5100.0,3,5082.0,5082.0,5130.0,5082.0,342.0,17442660.0,16455
2023-05-10 21:06:43,sp2306,sp2306,5098.0,0.0,0.0,0.0,2,5098.0,5100.0,3,5082.0,5082.0,5130.0,5082.0,342.0,17442660.0,16455
2023-05-10 21:06:43,sp2306,sp2306,5098.0,0.0,0.0,0.0,2,5098.0,5100.0,2,5082.0,5082.0,5130.0,5082.0,342.0,17442660.0,16455
2023-05-10 21:06:44,sp2306,sp2306,5098.0,0.0,0.0,0.0,2,5098.0,5100.0,2,5082.0,5082.0,5130.0,5082.0,342.0,17442660.0,16455
2023-05-10 21:06:45,sp2306,sp2306,5098.0,2.0,101960.0,-1.0,1,5096.0,5100.0,2,5082.0,5082.0,5130.0,5082.0,344.0,17544620.0,16454
2023-05-10 21:06:45,sp2306,sp2306,5098.0,0.0,0.0,0.0,1,5096.0,5100.0,3,5082.0,5082.0,5130.0,5082.0,344.0,17544620.0,16454
2023-05-10 21:06:46,sp2306,sp2306,5098.0,0.0,0.0,0.0,1,5096.0,5100.0,4,5082.0,5082.0,5130.0,5082.0,344.0,17544620.0,16454
2023-05-10 21:06:53,sp2306,sp2306,5098.0,0.0,0.0,0.0,1,5096.0,5100.0,4,5082.0,5082.0,5130.0,5082.0,344.0,17544620.0,16454
2023-05-10 21:06:57,sp2306,sp2306,5098.0,0.0,0.0,0.0,1,5096.0,5100.0,4,5082.0,5082.0,5130.0,5082.0,344.0,17544620.0,16454
2023-05-10 21:06:58,sp2306,sp2306,5098.0,0.0,0.0,0.0,2,5096.0,5100.0,4,5082.0,5082.0,5130.0,5082.0,344.0,17544620.0,16454
2023-05-10 21:06:59,sp2306,sp2306,5098.0,0.0,0.0,0.0,1,5096.0,5100.0,4,5082.0,5082.0,5130.0,5082.0,344.0,17544620.0,16454
2023-05-10 21:07:00,sp2306,sp2306,5098.0,0.0,0.0,0.0,1,5096.0,5100.0,4,5082.0,5082.0,5130.0,5082.0,344.0,17544620.0,16454
2023-05-10 21:07:00,sp2306,sp2306,5098.0,1.0,50980.0,0.0,1,5096.0,5098.0,1,5082.0,5082.0,5130.0,5082.0,345.0,17595600.0,16454
2023-05-10 21:07:01,sp2306,sp2306,5098.0,0.0,0.0,0.0,1,5096.0,5098.0,1,5082.0,5082.0,5130.0,5082.0,345.0,17595600.0,16454
2023-05-10 21:07:01,sp2306,sp2306,5098.0,0.0,0.0,0.0,1,5094.0,5098.0,1,5082.0,5082.0,5130.0,5082.0,345.0,17595600.0,16454
2023-05-10 21:07:02,sp2306,sp2306,5098.0,0.0,0.0,0.0,2,5094.0,5098.0,1,5082.0,5082.0,5130.0,5082.0,345.0,17595600.0,16454
2023-05-10 21:07:03,sp2306,sp2306,5098.0,0.0,0.0,0.0,1,5096.0,5098.0,1,5082.0,5082.0,5130.0,5082.0,345.0,17595600.0,16454
2023-05-10 21:07:05,sp2306,sp2306,5098.0,0.0,0.0,0.0,1,5096.0,5098.0,1,5082.0,5082.0,5130.0,5082.0,345.0,17595600.0,16454
2023-05-10 21:07:07,sp2306,sp2306,5098.0,0.0,0.0,0.0,1,5096.0,5098.0,1,5082.0,5082.0,5130.0,5082.0,345.0,17595600.0,16454
2023-05-10 21:07:09,sp2306,sp2306,5098.0,1.0,50980.0,0.0,1,5096.0,5100.0,2,5082.0,5082.0,5130.0,5082.0,346.0,17646580.0,16454
2023-05-10 21:07:09,sp2306,sp2306,5098.0,0.0,0.0,0.0,2,5096.0,5100.0,1,5082.0,5082.0,5130.0,5082.0,346.0,17646580.0,16454
2023-05-10 21:07:10,sp2306,sp2306,5098.0,0.0,0.0,0.0,2,5096.0,5100.0,1,5082.0,5082.0,5130.0,5082.0,346.0,17646580.0,16454
2023-05-10 21:07:10,sp2306,sp2306,5098.0,0.0,0.0,0.0,2,5096.0,5102.0,1,5082.0,5082.0,5130.0,5082.0,346.0,17646580.0,16454
2023-05-10 21:07:11,sp2306,sp2306,5098.0,0.0,0.0,0.0,2,5096.0,5100.0,5,5082.0,5082.0,5130.0,5082.0,346.0,17646580.0,16454
2023-05-10 21:07:12,sp2306,sp2306,5098.0,0.0,0.0,0.0,2,5096.0,5100.0,2,5082.0,5082.0,5130.0,5082.0,346.0,17646580.0,16454
2023-05-10 21:07:15,sp2306,sp2306,5100.0,1.0,51000.0,0.0,2,5096.0,5100.0,1,5082.0,5082.0,5130.0,5082.0,347.0,17697580.0,16454
2023-05-10 21:07:17,sp2306,sp2306,5100.0,0.0,0.0,0.0,2,5096.0,5102.0,1,5082.0,5082.0,5130.0,5082.0,347.0,17697580.0,16454
2023-05-10 21:07:18,sp2306,sp2306,5100.0,0.0,0.0,0.0,3,5096.0,5102.0,1,5082.0,5082.0,5130.0,5082.0,347.0,17697580.0,16454
2023-05-10 21:07:19,sp2306,sp2306,5100.0,0.0,0.0,0.0,4,5096.0,5102.0,1,5082.0,5082.0,5130.0,5082.0,347.0,17697580.0,16454
2023-05-10 21:07:20,sp2306,sp2306,5100.0,0.0,0.0,0.0,1,5098.0,5102.0,1,5082.0,5082.0,5130.0,5082.0,347.0,17697580.0,16454
2023-05-10 21:07:21,sp2306,sp2306,5100.0,0.0,0.0,0.0,3,5096.0,5102.0,1,5082.0,5082.0,5130.0,5082.0,347.0,17697580.0,16454
2023-05-10 21:07:22,sp2306,sp2306,5100.0,0.0,0.0,0.0,3,5096.0,5102.0,2,5082.0,5082.0,5130.0,5082.0,347.0,17697580.0,16454
2023-05-10 21:07:24,sp2306,sp2306,5100.0,0.0,0.0,0.0,3,5096.0,5102.0,2,5082.0,5082.0,5130.0,5082.0,347.0,17697580.0,16454
2023-05-10 21:07:24,sp2306,sp2306,5100.0,0.0,0.0,0.0,3,5096.0,5100.0,2,5082.0,5082.0,5130.0,5082.0,347.0,17697580.0,16454
2023-05-10 21:07:25,sp2306,sp2306,5100.0,0.0,0.0,0.0,2,5096.0,5100.0,2,5082.0,5082.0,5130.0,5082.0,347.0,17697580.0,16454
2023-05-10 21:07:26,sp2306,sp2306,5100.0,0.0,0.0,0.0,2,5096.0,5100.0,2,5082.0,5082.0,5130.0,5082.0,347.0,17697580.0,16454
2023-05-10 21:07:26,sp2306,sp2306,5100.0,0.0,0.0,0.0,2,5096.0,5100.0,2,5082.0,5082.0,5130.0,5082.0,347.0,17697580.0,16454
2023-05-10 21:07:32,sp2306,sp2306,5100.0,0.0,0.0,0.0,2,5096.0,5100.0,2,5082.0,5082.0,5130.0,5082.0,347.0,17697580.0,16454
2023-05-10 21:07:42,sp2306,sp2306,5100.0,1.0,51000.0,0.0,2,5096.0,5100.0,1,5082.0,5082.0,5130.0,5082.0,348.0,17748580.0,16454
2023-05-10 21:07:42,sp2306,sp2306,5100.0,1.0,51000.0,0.0,2,5096.0,5104.0,3,5082.0,5082.0,5130.0,5082.0,349.0,17799580.0,16454
2023-05-10 21:07:43,sp2306,sp2306,5100.0,0.0,0.0,0.0,2,5096.0,5102.0,3,5082.0,5082.0,5130.0,5082.0,349.0,17799580.0,16454
2023-05-10 21:07:49,sp2306,sp2306,5100.0,0.0,0.0,0.0,2,5096.0,5102.0,3,5082.0,5082.0,5130.0,5082.0,349.0,17799580.0,16454
2023-05-10 21:07:50,sp2306,sp2306,5096.0,1.0,50960.0,0.0,1,5096.0,5102.0,3,5082.0,5082.0,5130.0,5082.0,350.0,17850540.0,16454
2023-05-10 21:07:51,sp2306,sp2306,5096.0,0.0,0.0,0.0,1,5096.0,5102.0,4,5082.0,5082.0,5130.0,5082.0,350.0,17850540.0,16454
2023-05-10 21:07:54,sp2306,sp2306,5096.0,0.0,0.0,0.0,3,5096.0,5102.0,4,5082.0,5082.0,5130.0,5082.0,350.0,17850540.0,16454
2023-05-10 21:08:00,sp2306,sp2306,5096.0,0.0,0.0,0.0,1,5096.0,5100.0,1,5082.0,5082.0,5130.0,5082.0,350.0,17850540.0,16454
2023-05-10 21:08:03,sp2306,sp2306,5096.0,0.0,0.0,0.0,2,5094.0,5100.0,3,5082.0,5082.0,5130.0,5082.0,350.0,17850540.0,16454
2023-05-10 21:08:14,sp2306,sp2306,5096.0,0.0,0.0,0.0,2,5094.0,5100.0,3,5082.0,5082.0,5130.0,5082.0,350.0,17850540.0,16454
2023-05-10 21:08:15,sp2306,sp2306,5096.0,0.0,0.0,0.0,2,5094.0,5100.0,3,5082.0,5082.0,5130.0,5082.0,350.0,17850540.0,16454
2023-05-10 21:08:20,sp2306,sp2306,5096.0,0.0,0.0,0.0,2,5094.0,5100.0,4,5082.0,5082.0,5130.0,5082.0,350.0,17850540.0,16454
2023-05-10 21:08:23,sp2306,sp2306,5096.0,0.0,0.0,0.0,2,5094.0,5098.0,1,5082.0,5082.0,5130.0,5082.0,350.0,17850540.0,16454
2023-05-10 21:08:24,sp2306,sp2306,5096.0,0.0,0.0,0.0,2,5094.0,5098.0,1,5082.0,5082.0,5130.0,5082.0,350.0,17850540.0,16454
2023-05-10 21:08:24,sp2306,sp2306,5096.0,0.0,0.0,0.0,2,5094.0,5098.0,1,5082.0,5082.0,5130.0,5082.0,350.0,17850540.0,16454
2023-05-10 21:08:27,sp2306,sp2306,5096.0,0.0,0.0,0.0,2,5094.0,5098.0,1,5082.0,5082.0,5130.0,5082.0,350.0,17850540.0,16454
2023-05-10 21:08:28,sp2306,sp2306,5094.0,1.0,50940.0,-1.0,1,5094.0,5098.0,1,5082.0,5082.0,5130.0,5082.0,351.0,17901480.0,16453
2023-05-10 21:08:30,sp2306,sp2306,5094.0,0.0,0.0,0.0,1,5094.0,5098.0,1,5082.0,5082.0,5130.0,5082.0,351.0,17901480.0,16453
2023-05-10 21:08:33,sp2306,sp2306,5094.0,0.0,0.0,0.0,1,5094.0,5100.0,3,5082.0,5082.0,5130.0,5082.0,351.0,17901480.0,16453
2023-05-10 21:08:37,sp2306,sp2306,5094.0,0.0,0.0,0.0,1,5094.0,5100.0,3,5082.0,5082.0,5130.0,5082.0,351.0,17901480.0,16453
2023-05-10 21:08:53,sp2306,sp2306,5094.0,0.0,0.0,0.0,1,5094.0,5098.0,1,5082.0,5082.0,5130.0,5082.0,351.0,17901480.0,16453
2023-05-10 21:08:55,sp2306,sp2306,5094.0,0.0,0.0,0.0,1,5094.0,5098.0,2,5082.0,5082.0,5130.0,5082.0,351.0,17901480.0,16453
2023-05-10 21:08:55,sp2306,sp2306,5094.0,1.0,50940.0,-1.0,2,5092.0,5098.0,3,5082.0,5082.0,5130.0,5082.0,352.0,17952420.0,16452
2023-05-10 21:08:56,sp2306,sp2306,5094.0,0.0,0.0,0.0,2,5092.0,5098.0,7,5082.0,5082.0,5130.0,5082.0,352.0,17952420.0,16452
2023-05-10 21:08:59,sp2306,sp2306,5094.0,0.0,0.0,0.0,2,5092.0,5096.0,2,5082.0,5082.0,5130.0,5082.0,352.0,17952420.0,16452
2023-05-10 21:08:59,sp2306,sp2306,5094.0,0.0,0.0,0.0,2,5092.0,5096.0,3,5082.0,5082.0,5130.0,5082.0,352.0,17952420.0,16452
2023-05-10 21:09:05,sp2306,sp2306,5094.0,0.0,0.0,0.0,2,5092.0,5094.0,2,5082.0,5082.0,5130.0,5082.0,352.0,17952420.0,16452
2023-05-10 21:09:10,sp2306,sp2306,5094.0,0.0,0.0,0.0,2,5092.0,5094.0,2,5082.0,5082.0,5130.0,5082.0,352.0,17952420.0,16452
2023-05-10 21:09:11,sp2306,sp2306,5094.0,0.0,0.0,0.0,2,5092.0,5094.0,2,5082.0,5082.0,5130.0,5082.0,352.0,17952420.0,16452
2023-05-10 21:09:14,sp2306,sp2306,5094.0,0.0,0.0,0.0,2,5092.0,5094.0,2,5082.0,5082.0,5130.0,5082.0,352.0,17952420.0,16452
2023-05-10 21:09:15,sp2306,sp2306,5094.0,0.0,0.0,0.0,4,5090.0,5094.0,2,5082.0,5082.0,5130.0,5082.0,352.0,17952420.0,16452
2023-05-10 21:09:15,sp2306,sp2306,5094.0,0.0,0.0,0.0,4,5090.0,5094.0,2,5082.0,5082.0,5130.0,5082.0,352.0,17952420.0,16452
2023-05-10 21:09:18,sp2306,sp2306,5094.0,0.0,0.0,0.0,4,5090.0,5094.0,2,5082.0,5082.0,5130.0,5082.0,352.0,17952420.0,16452
2023-05-10 21:09:18,sp2306,sp2306,5094.0,0.0,0.0,0.0,4,5090.0,5094.0,2,5082.0,5082.0,5130.0,5082.0,352.0,17952420.0,16452
2023-05-10 21:09:26,sp2306,sp2306,5094.0,1.0,50940.0,1.0,1,5092.0,5094.0,1,5082.0,5082.0,5130.0,5082.0,353.0,18003360.0,16453
2023-05-10 21:09:27,sp2306,sp2306,5094.0,1.0,50940.0,0.0,4,5090.0,5096.0,1,5082.0,5082.0,5130.0,5082.0,354.0,18054300.0,16453
2023-05-10 21:09:28,sp2306,sp2306,5094.0,0.0,0.0,0.0,1,5092.0,5096.0,1,5082.0,5082.0,5130.0,5082.0,354.0,18054300.0,16453
2023-05-10 21:09:29,sp2306,sp2306,5094.0,0.0,0.0,0.0,4,5090.0,5096.0,1,5082.0,5082.0,5130.0,5082.0,354.0,18054300.0,16453
2023-05-10 21:09:30,sp2306,sp2306,5094.0,0.0,0.0,0.0,2,5092.0,5096.0,1,5082.0,5082.0,5130.0,5082.0,354.0,18054300.0,16453
2023-05-10 21:09:41,sp2306,sp2306,5094.0,0.0,0.0,0.0,2,5092.0,5096.0,1,5082.0,5082.0,5130.0,5082.0,354.0,18054300.0,16453
2023-05-10 21:09:44,sp2306,sp2306,5094.0,0.0,0.0,0.0,2,5092.0,5096.0,1,5082.0,5082.0,5130.0,5082.0,354.0,18054300.0,16453
2023-05-10 21:09:45,sp2306,sp2306,5094.0,0.0,0.0,0.0,3,5092.0,5096.0,1,5082.0,5082.0,5130.0,5082.0,354.0,18054300.0,16453
2023-05-10 21:09:47,sp2306,sp2306,5096.0,1.0,50960.0,1.0,1,5096.0,5098.0,1,5082.0,5082.0,5130.0,5082.0,355.0,18105260.0,16454
2023-05-10 21:09:47,sp2306,sp2306,5096.0,0.0,0.0,0.0,1,5096.0,5100.0,2,5082.0,5082.0,5130.0,5082.0,355.0,18105260.0,16454
2023-05-10 21:09:48,sp2306,sp2306,5096.0,0.0,0.0,0.0,1,5096.0,5100.0,5,5082.0,5082.0,5130.0,5082.0,355.0,18105260.0,16454
2023-05-10 21:09:48,sp2306,sp2306,5096.0,0.0,0.0,0.0,1,5096.0,5100.0,2,5082.0,5082.0,5130.0,5082.0,355.0,18105260.0,16454
2023-05-10 21:09:50,sp2306,sp2306,5096.0,0.0,0.0,0.0,1,5096.0,5100.0,2,5082.0,5082.0,5130.0,5082.0,355.0,18105260.0,16454
2023-05-10 21:09:50,sp2306,sp2306,5096.0,0.0,0.0,0.0,1,5096.0,5100.0,2,5082.0,5082.0,5130.0,5082.0,355.0,18105260.0,16454
2023-05-10 21:09:54,sp2306,sp2306,5096.0,0.0,0.0,0.0,1,5096.0,5100.0,2,5082.0,5082.0,5130.0,5082.0,355.0,18105260.0,16454
2023-05-10 21:09:54,sp2306,sp2306,5096.0,0.0,0.0,0.0,1,5096.0,5100.0,2,5082.0,5082.0,5130.0,5082.0,355.0,18105260.0,16454
2023-05-10 21:09:57,sp2306,sp2306,5096.0,0.0,0.0,0.0,1,5096.0,5100.0,2,5082.0,5082.0,5130.0,5082.0,355.0,18105260.0,16454
2023-05-10 21:09:58,sp2306,sp2306,5096.0,0.0,0.0,0.0,1,5096.0,5100.0,2,5082.0,5082.0,5130.0,5082.0,355.0,18105260.0,16454
2023-05-10 21:10:00,sp2306,sp2306,5096.0,0.0,0.0,0.0,1,5096.0,5100.0,2,5082.0,5082.0,5130.0,5082.0,355.0,18105260.0,16454
2023-05-10 21:10:01,sp2306,sp2306,5096.0,1.0,50960.0,0.0,2,5094.0,5098.0,1,5082.0,5082.0,5130.0,5082.0,356.0,18156220.0,16454
2023-05-10 21:10:01,sp2306,sp2306,5096.0,0.0,0.0,0.0,2,5094.0,5100.0,2,5082.0,5082.0,5130.0,5082.0,356.0,18156220.0,16454
2023-05-10 21:10:02,sp2306,sp2306,5096.0,0.0,0.0,0.0,2,5094.0,5100.0,5,5082.0,5082.0,5130.0,5082.0,356.0,18156220.0,16454
2023-05-10 21:10:05,sp2306,sp2306,5096.0,0.0,0.0,0.0,2,5094.0,5098.0,1,5082.0,5082.0,5130.0,5082.0,356.0,18156220.0,16454
2023-05-10 21:10:05,sp2306,sp2306,5096.0,0.0,0.0,0.0,2,5094.0,5098.0,1,5082.0,5082.0,5130.0,5082.0,356.0,18156220.0,16454
2023-05-10 21:10:10,sp2306,sp2306,5096.0,0.0,0.0,0.0,2,5094.0,5100.0,2,5082.0,5082.0,5130.0,5082.0,356.0,18156220.0,16454
2023-05-10 21:10:12,sp2306,sp2306,5096.0,0.0,0.0,0.0,2,5094.0,5100.0,2,5082.0,5082.0,5130.0,5082.0,356.0,18156220.0,16454
2023-05-10 21:10:16,sp2306,sp2306,5096.0,0.0,0.0,0.0,2,5094.0,5100.0,3,5082.0,5082.0,5130.0,5082.0,356.0,18156220.0,16454
2023-05-10 21:10:17,sp2306,sp2306,5096.0,0.0,0.0,0.0,2,5094.0,5100.0,6,5082.0,5082.0,5130.0,5082.0,356.0,18156220.0,16454
2023-05-10 21:10:20,sp2306,sp2306,5094.0,1.0,50940.0,-1.0,1,5094.0,5098.0,4,5082.0,5082.0,5130.0,5082.0,357.0,18207160.0,16453
2023-05-10 21:10:21,sp2306,sp2306,5094.0,0.0,0.0,0.0,1,5094.0,5096.0,2,5082.0,5082.0,5130.0,5082.0,357.0,18207160.0,16453
2023-05-10 21:10:21,sp2306,sp2306,5094.0,0.0,0.0,0.0,1,5094.0,5096.0,2,5082.0,5082.0,5130.0,5082.0,357.0,18207160.0,16453
2023-05-10 21:10:22,sp2306,sp2306,5094.0,0.0,0.0,0.0,1,5094.0,5098.0,1,5082.0,5082.0,5130.0,5082.0,357.0,18207160.0,16453
2023-05-10 21:10:25,sp2306,sp2306,5094.0,1.0,50940.0,0.0,3,5092.0,5094.0,1,5082.0,5082.0,5130.0,5082.0,358.0,18258100.0,16453
2023-05-10 21:10:25,sp2306,sp2306,5094.0,1.0,50940.0,0.0,1,5094.0,5098.0,1,5082.0,5082.0,5130.0,5082.0,359.0,18309040.0,16453
2023-05-10 21:10:26,sp2306,sp2306,5094.0,0.0,0.0,0.0,3,5092.0,5096.0,2,5082.0,5082.0,5130.0,5082.0,359.0,18309040.0,16453
2023-05-10 21:10:27,sp2306,sp2306,5094.0,0.0,0.0,0.0,3,5092.0,5096.0,3,5082.0,5082.0,5130.0,5082.0,359.0,18309040.0,16453
2023-05-10 21:10:30,sp2306,sp2306,5094.0,0.0,0.0,0.0,2,5092.0,5096.0,3,5082.0,5082.0,5130.0,5082.0,359.0,18309040.0,16453
2023-05-10 21:10:33,sp2306,sp2306,5094.0,0.0,0.0,0.0,3,5092.0,5098.0,2,5082.0,5082.0,5130.0,5082.0,359.0,18309040.0,16453
2023-05-10 21:10:38,sp2306,sp2306,5094.0,0.0,0.0,0.0,3,5092.0,5098.0,2,5082.0,5082.0,5130.0,5082.0,359.0,18309040.0,16453
2023-05-10 21:10:38,sp2306,sp2306,5094.0,0.0,0.0,0.0,3,5092.0,5098.0,2,5082.0,5082.0,5130.0,5082.0,359.0,18309040.0,16453
2023-05-10 21:10:41,sp2306,sp2306,5094.0,0.0,0.0,0.0,3,5092.0,5096.0,2,5082.0,5082.0,5130.0,5082.0,359.0,18309040.0,16453
2023-05-10 21:10:42,sp2306,sp2306,5094.0,0.0,0.0,0.0,3,5092.0,5096.0,2,5082.0,5082.0,5130.0,5082.0,359.0,18309040.0,16453
2023-05-10 21:10:47,sp2306,sp2306,5094.0,0.0,0.0,0.0,3,5092.0,5098.0,2,5082.0,5082.0,5130.0,5082.0,359.0,18309040.0,16453
2023-05-10 21:10:50,sp2306,sp2306,5094.0,0.0,0.0,0.0,3,5092.0,5096.0,2,5082.0,5082.0,5130.0,5082.0,359.0,18309040.0,16453
2023-05-10 21:10:51,sp2306,sp2306,5094.0,0.0,0.0,0.0,3,5092.0,5096.0,2,5082.0,5082.0,5130.0,5082.0,359.0,18309040.0,16453
2023-05-10 21:10:52,sp2306,sp2306,5094.0,0.0,0.0,0.0,3,5092.0,5096.0,2,5082.0,5082.0,5130.0,5082.0,359.0,18309040.0,16453
2023-05-10 21:10:56,sp2306,sp2306,5094.0,0.0,0.0,0.0,3,5092.0,5098.0,2,5082.0,5082.0,5130.0,5082.0,359.0,18309040.0,16453
2023-05-10 21:10:56,sp2306,sp2306,5094.0,0.0,0.0,0.0,3,5092.0,5096.0,2,5082.0,5082.0,5130.0,5082.0,359.0,18309040.0,16453
2023-05-10 21:10:57,sp2306,sp2306,5094.0,0.0,0.0,0.0,1,5094.0,5098.0,4,5082.0,5082.0,5130.0,5082.0,359.0,18309040.0,16453
2023-05-10 21:10:58,sp2306,sp2306,5094.0,0.0,0.0,0.0,3,5092.0,5098.0,4,5082.0,5082.0,5130.0,5082.0,359.0,18309040.0,16453
2023-05-10 21:11:00,sp2306,sp2306,5094.0,0.0,0.0,0.0,3,5092.0,5098.0,8,5082.0,5082.0,5130.0,5082.0,359.0,18309040.0,16453
2023-05-10 21:11:01,sp2306,sp2306,5094.0,0.0,0.0,0.0,3,5092.0,5098.0,4,5082.0,5082.0,5130.0,5082.0,359.0,18309040.0,16453
2023-05-10 21:11:02,sp2306,sp2306,5092.0,3.0,152760.0,2.0,19,5090.0,5096.0,3,5082.0,5082.0,5130.0,5082.0,362.0,18461800.0,16455
2023-05-10 21:11:02,sp2306,sp2306,5092.0,0.0,0.0,0.0,19,5090.0,5094.0,2,5082.0,5082.0,5130.0,5082.0,362.0,18461800.0,16455
2023-05-10 21:11:03,sp2306,sp2306,5092.0,0.0,0.0,0.0,19,5090.0,5094.0,2,5082.0,5082.0,5130.0,5082.0,362.0,18461800.0,16455
2023-05-10 21:11:03,sp2306,sp2306,5092.0,0.0,0.0,0.0,19,5090.0,5094.0,2,5082.0,5082.0,5130.0,5082.0,362.0,18461800.0,16455
2023-05-10 21:11:04,sp2306,sp2306,5092.0,0.0,0.0,0.0,19,5090.0,5094.0,5,5082.0,5082.0,5130.0,5082.0,362.0,18461800.0,16455
2023-05-10 21:11:04,sp2306,sp2306,5092.0,0.0,0.0,0.0,19,5090.0,5094.0,2,5082.0,5082.0,5130.0,5082.0,362.0,18461800.0,16455
2023-05-10 21:11:05,sp2306,sp2306,5092.0,0.0,0.0,0.0,19,5090.0,5094.0,5,5082.0,5082.0,5130.0,5082.0,362.0,18461800.0,16455
2023-05-10 21:11:05,sp2306,sp2306,5092.0,0.0,0.0,0.0,3,5092.0,5094.0,2,5082.0,5082.0,5130.0,5082.0,362.0,18461800.0,16455
2023-05-10 21:11:06,sp2306,sp2306,5092.0,0.0,0.0,0.0,3,5092.0,5094.0,2,5082.0,5082.0,5130.0,5082.0,362.0,18461800.0,16455
2023-05-10 21:11:07,sp2306,sp2306,5092.0,0.0,0.0,0.0,3,5092.0,5094.0,2,5082.0,5082.0,5130.0,5082.0,362.0,18461800.0,16455
2023-05-10 21:11:07,sp2306,sp2306,5092.0,0.0,0.0,0.0,19,5090.0,5094.0,2,5082.0,5082.0,5130.0,5082.0,362.0,18461800.0,16455
2023-05-10 21:11:09,sp2306,sp2306,5092.0,0.0,0.0,0.0,19,5090.0,5094.0,3,5082.0,5082.0,5130.0,5082.0,362.0,18461800.0,16455
2023-05-10 21:11:09,sp2306,sp2306,5092.0,0.0,0.0,0.0,19,5090.0,5092.0,2,5082.0,5082.0,5130.0,5082.0,362.0,18461800.0,16455
2023-05-10 21:11:10,sp2306,sp2306,5092.0,2.0,101840.0,-1.0,19,5090.0,5094.0,3,5082.0,5082.0,5130.0,5082.0,364.0,18563640.0,16454
2023-05-10 21:11:12,sp2306,sp2306,5092.0,0.0,0.0,0.0,19,5090.0,5092.0,1,5082.0,5082.0,5130.0,5082.0,364.0,18563640.0,16454
2023-05-10 21:11:12,sp2306,sp2306,5092.0,1.0,50920.0,-1.0,19,5090.0,5094.0,3,5082.0,5082.0,5130.0,5082.0,365.0,18614560.0,16453
2023-05-10 21:11:13,sp2306,sp2306,5092.0,0.0,0.0,0.0,3,5092.0,5094.0,3,5082.0,5082.0,5130.0,5082.0,365.0,18614560.0,16453
2023-05-10 21:11:13,sp2306,sp2306,5092.0,0.0,0.0,0.0,19,5090.0,5094.0,3,5082.0,5082.0,5130.0,5082.0,365.0,18614560.0,16453
2023-05-10 21:11:19,sp2306,sp2306,5094.0,3.0,152820.0,0.0,2,5092.0,5096.0,1,5082.0,5082.0,5130.0,5082.0,368.0,18767380.0,16453
2023-05-10 21:11:21,sp2306,sp2306,5094.0,0.0,0.0,0.0,2,5092.0,5096.0,1,5082.0,5082.0,5130.0,5082.0,368.0,18767380.0,16453
2023-05-10 21:11:22,sp2306,sp2306,5094.0,0.0,0.0,0.0,2,5092.0,5096.0,1,5082.0,5082.0,5130.0,5082.0,368.0,18767380.0,16453
2023-05-10 21:11:23,sp2306,sp2306,5094.0,0.0,0.0,0.0,2,5092.0,5096.0,1,5082.0,5082.0,5130.0,5082.0,368.0,18767380.0,16453
2023-05-10 21:11:25,sp2306,sp2306,5094.0,0.0,0.0,0.0,4,5092.0,5096.0,1,5082.0,5082.0,5130.0,5082.0,368.0,18767380.0,16453
2023-05-10 21:11:25,sp2306,sp2306,5094.0,0.0,0.0,0.0,5,5092.0,5096.0,1,5082.0,5082.0,5130.0,5082.0,368.0,18767380.0,16453
2023-05-10 21:11:26,sp2306,sp2306,5094.0,0.0,0.0,0.0,5,5092.0,5098.0,4,5082.0,5082.0,5130.0,5082.0,368.0,18767380.0,16453
2023-05-10 21:11:26,sp2306,sp2306,5094.0,0.0,0.0,0.0,5,5092.0,5096.0,1,5082.0,5082.0,5130.0,5082.0,368.0,18767380.0,16453
2023-05-10 21:11:27,sp2306,sp2306,5094.0,0.0,0.0,0.0,5,5092.0,5098.0,5,5082.0,5082.0,5130.0,5082.0,368.0,18767380.0,16453
2023-05-10 21:11:28,sp2306,sp2306,5094.0,0.0,0.0,0.0,5,5092.0,5098.0,6,5082.0,5082.0,5130.0,5082.0,368.0,18767380.0,16453
2023-05-10 21:11:30,sp2306,sp2306,5094.0,0.0,0.0,0.0,2,5096.0,5098.0,6,5082.0,5082.0,5130.0,5082.0,368.0,18767380.0,16453
2023-05-10 21:11:30,sp2306,sp2306,5096.0,2.0,101920.0,0.0,3,5092.0,5098.0,6,5082.0,5082.0,5130.0,5082.0,370.0,18869300.0,16453
2023-05-10 21:11:33,sp2306,sp2306,5096.0,0.0,0.0,0.0,3,5092.0,5098.0,7,5082.0,5082.0,5130.0,5082.0,370.0,18869300.0,16453
2023-05-10 21:11:33,sp2306,sp2306,5096.0,0.0,0.0,0.0,3,5092.0,5098.0,10,5082.0,5082.0,5130.0,5082.0,370.0,18869300.0,16453
2023-05-10 21:11:34,sp2306,sp2306,5096.0,0.0,0.0,0.0,2,5094.0,5096.0,1,5082.0,5082.0,5130.0,5082.0,370.0,18869300.0,16453
2023-05-10 21:11:34,sp2306,sp2306,5096.0,0.0,0.0,0.0,3,5092.0,5096.0,1,5082.0,5082.0,5130.0,5082.0,370.0,18869300.0,16453
2023-05-10 21:11:35,sp2306,sp2306,5096.0,0.0,0.0,0.0,2,5094.0,5096.0,1,5082.0,5082.0,5130.0,5082.0,370.0,18869300.0,16453
2023-05-10 21:11:36,sp2306,sp2306,5096.0,0.0,0.0,0.0,2,5094.0,5096.0,1,5082.0,5082.0,5130.0,5082.0,370.0,18869300.0,16453
2023-05-10 21:11:36,sp2306,sp2306,5096.0,1.0,50960.0,0.0,3,5094.0,5098.0,5,5082.0,5082.0,5130.0,5082.0,371.0,18920260.0,16453
2023-05-10 21:11:37,sp2306,sp2306,5096.0,0.0,0.0,0.0,4,5094.0,5098.0,4,5082.0,5082.0,5130.0,5082.0,371.0,18920260.0,16453
2023-05-10 21:11:38,sp2306,sp2306,5096.0,0.0,0.0,0.0,4,5094.0,5098.0,4,5082.0,5082.0,5130.0,5082.0,371.0,18920260.0,16453
2023-05-10 21:11:38,sp2306,sp2306,5096.0,0.0,0.0,0.0,4,5094.0,5098.0,4,5082.0,5082.0,5130.0,5082.0,371.0,18920260.0,16453
2023-05-10 21:11:40,sp2306,sp2306,5096.0,0.0,0.0,0.0,1,5096.0,5098.0,4,5082.0,5082.0,5130.0,5082.0,371.0,18920260.0,16453
2023-05-10 21:11:40,sp2306,sp2306,5096.0,0.0,0.0,0.0,1,5096.0,5098.0,4,5082.0,5082.0,5130.0,5082.0,371.0,18920260.0,16453
2023-05-10 21:11:45,sp2306,sp2306,5096.0,0.0,0.0,0.0,1,5096.0,5098.0,4,5082.0,5082.0,5130.0,5082.0,371.0,18920260.0,16453
2023-05-10 21:11:52,sp2306,sp2306,5096.0,1.0,50960.0,-1.0,3,5094.0,5098.0,4,5082.0,5082.0,5130.0,5082.0,372.0,18971220.0,16452
2023-05-10 21:11:54,sp2306,sp2306,5098.0,4.0,203920.0,0.0,3,5094.0,5100.0,1,5082.0,5082.0,5130.0,5082.0,376.0,19175140.0,16452
2023-05-10 21:11:55,sp2306,sp2306,5098.0,0.0,0.0,0.0,3,5094.0,5098.0,1,5082.0,5082.0,5130.0,5082.0,376.0,19175140.0,16452
2023-05-10 21:11:56,sp2306,sp2306,5098.0,0.0,0.0,0.0,3,5094.0,5098.0,1,5082.0,5082.0,5130.0,5082.0,376.0,19175140.0,16452
2023-05-10 21:11:58,sp2306,sp2306,5098.0,0.0,0.0,0.0,3,5094.0,5098.0,1,5082.0,5082.0,5130.0,5082.0,376.0,19175140.0,16452
2023-05-10 21:11:59,sp2306,sp2306,5098.0,0.0,0.0,0.0,3,5094.0,5098.0,1,5082.0,5082.0,5130.0,5082.0,376.0,19175140.0,16452
2023-05-10 21:12:01,sp2306,sp2306,5098.0,0.0,0.0,0.0,5,5094.0,5098.0,1,5082.0,5082.0,5130.0,5082.0,376.0,19175140.0,16452
2023-05-10 21:12:03,sp2306,sp2306,5098.0,0.0,0.0,0.0,5,5094.0,5100.0,3,5082.0,5082.0,5130.0,5082.0,376.0,19175140.0,16452
2023-05-10 21:12:03,sp2306,sp2306,5098.0,0.0,0.0,0.0,5,5094.0,5100.0,6,5082.0,5082.0,5130.0,5082.0,376.0,19175140.0,16452
2023-05-10 21:12:05,sp2306,sp2306,5098.0,0.0,0.0,0.0,5,5094.0,5098.0,1,5082.0,5082.0,5130.0,5082.0,376.0,19175140.0,16452
2023-05-10 21:12:05,sp2306,sp2306,5098.0,0.0,0.0,0.0,5,5094.0,5098.0,1,5082.0,5082.0,5130.0,5082.0,376.0,19175140.0,16452
2023-05-10 21:12:06,sp2306,sp2306,5098.0,0.0,0.0,0.0,5,5094.0,5100.0,1,5082.0,5082.0,5130.0,5082.0,376.0,19175140.0,16452
2023-05-10 21:12:12,sp2306,sp2306,5098.0,0.0,0.0,0.0,5,5094.0,5100.0,1,5082.0,5082.0,5130.0,5082.0,376.0,19175140.0,16452
2023-05-10 21:12:14,sp2306,sp2306,5098.0,0.0,0.0,0.0,5,5094.0,5100.0,1,5082.0,5082.0,5130.0,5082.0,376.0,19175140.0,16452
2023-05-10 21:12:14,sp2306,sp2306,5098.0,0.0,0.0,0.0,5,5094.0,5098.0,1,5082.0,5082.0,5130.0,5082.0,376.0,19175140.0,16452
2023-05-10 21:12:15,sp2306,sp2306,5098.0,0.0,0.0,0.0,5,5094.0,5100.0,2,5082.0,5082.0,5130.0,5082.0,376.0,19175140.0,16452
2023-05-10 21:12:15,sp2306,sp2306,5098.0,0.0,0.0,0.0,5,5094.0,5100.0,5,5082.0,5082.0,5130.0,5082.0,376.0,19175140.0,16452
2023-05-10 21:12:16,sp2306,sp2306,5098.0,0.0,0.0,0.0,5,5094.0,5100.0,2,5082.0,5082.0,5130.0,5082.0,376.0,19175140.0,16452
2023-05-10 21:12:17,sp2306,sp2306,5098.0,0.0,0.0,0.0,5,5094.0,5100.0,2,5082.0,5082.0,5130.0,5082.0,376.0,19175140.0,16452
2023-05-10 21:12:17,sp2306,sp2306,5098.0,0.0,0.0,0.0,1,5096.0,5100.0,2,5082.0,5082.0,5130.0,5082.0,376.0,19175140.0,16452
2023-05-10 21:12:19,sp2306,sp2306,5098.0,0.0,0.0,0.0,1,5096.0,5100.0,2,5082.0,5082.0,5130.0,5082.0,376.0,19175140.0,16452
2023-05-10 21:12:21,sp2306,sp2306,5098.0,0.0,0.0,0.0,1,5096.0,5100.0,2,5082.0,5082.0,5130.0,5082.0,376.0,19175140.0,16452
2023-05-10 21:12:29,sp2306,sp2306,5098.0,0.0,0.0,0.0,1,5096.0,5100.0,2,5082.0,5082.0,5130.0,5082.0,376.0,19175140.0,16452
2023-05-10 21:12:29,sp2306,sp2306,5098.0,0.0,0.0,0.0,1,5096.0,5100.0,5,5082.0,5082.0,5130.0,5082.0,376.0,19175140.0,16452
2023-05-10 21:12:31,sp2306,sp2306,5098.0,0.0,0.0,0.0,1,5096.0,5100.0,5,5082.0,5082.0,5130.0,5082.0,376.0,19175140.0,16452
2023-05-10 21:12:38,sp2306,sp2306,5096.0,1.0,50960.0,0.0,3,5094.0,5100.0,5,5082.0,5082.0,5130.0,5082.0,377.0,19226100.0,16452
2023-05-10 21:12:38,sp2306,sp2306,5094.0,3.0,152820.0,0.0,18,5092.0,5100.0,5,5082.0,5082.0,5130.0,5082.0,380.0,19378920.0,16452
2023-05-10 21:12:39,sp2306,sp2306,5094.0,0.0,0.0,0.0,3,5094.0,5098.0,1,5082.0,5082.0,5130.0,5082.0,380.0,19378920.0,16452
2023-05-10 21:12:39,sp2306,sp2306,5094.0,0.0,0.0,0.0,17,5092.0,5098.0,2,5082.0,5082.0,5130.0,5082.0,380.0,19378920.0,16452
2023-05-10 21:12:40,sp2306,sp2306,5094.0,0.0,0.0,0.0,17,5092.0,5096.0,1,5082.0,5082.0,5130.0,5082.0,380.0,19378920.0,16452
2023-05-10 21:12:40,sp2306,sp2306,5094.0,0.0,0.0,0.0,18,5092.0,5096.0,2,5082.0,5082.0,5130.0,5082.0,380.0,19378920.0,16452
2023-05-10 21:12:41,sp2306,sp2306,5094.0,0.0,0.0,0.0,1,5094.0,5096.0,4,5082.0,5082.0,5130.0,5082.0,380.0,19378920.0,16452
2023-05-10 21:12:41,sp2306,sp2306,5094.0,1.0,50940.0,0.0,17,5092.0,5096.0,5,5082.0,5082.0,5130.0,5082.0,381.0,19429860.0,16452
2023-05-10 21:12:42,sp2306,sp2306,5094.0,0.0,0.0,0.0,17,5092.0,5096.0,6,5082.0,5082.0,5130.0,5082.0,381.0,19429860.0,16452
2023-05-10 21:12:43,sp2306,sp2306,5094.0,0.0,0.0,0.0,17,5092.0,5094.0,1,5082.0,5082.0,5130.0,5082.0,381.0,19429860.0,16452
2023-05-10 21:12:43,sp2306,sp2306,5094.0,1.0,50940.0,0.0,17,5092.0,5096.0,5,5082.0,5082.0,5130.0,5082.0,382.0,19480800.0,16452
2023-05-10 21:12:44,sp2306,sp2306,5094.0,0.0,0.0,0.0,17,5092.0,5096.0,5,5082.0,5082.0,5130.0,5082.0,382.0,19480800.0,16452
2023-05-10 21:12:45,sp2306,sp2306,5094.0,0.0,0.0,0.0,17,5092.0,5096.0,5,5082.0,5082.0,5130.0,5082.0,382.0,19480800.0,16452
2023-05-10 21:12:46,sp2306,sp2306,5094.0,0.0,0.0,0.0,15,5092.0,5096.0,3,5082.0,5082.0,5130.0,5082.0,382.0,19480800.0,16452
2023-05-10 21:12:47,sp2306,sp2306,5094.0,0.0,0.0,0.0,15,5092.0,5096.0,5,5082.0,5082.0,5130.0,5082.0,382.0,19480800.0,16452
2023-05-10 21:12:53,sp2306,sp2306,5094.0,0.0,0.0,0.0,15,5092.0,5096.0,4,5082.0,5082.0,5130.0,5082.0,382.0,19480800.0,16452
2023-05-10 21:12:54,sp2306,sp2306,5094.0,0.0,0.0,0.0,15,5092.0,5094.0,1,5082.0,5082.0,5130.0,5082.0,382.0,19480800.0,16452
2023-05-10 21:12:54,sp2306,sp2306,5094.0,0.0,0.0,0.0,15,5092.0,5094.0,1,5082.0,5082.0,5130.0,5082.0,382.0,19480800.0,16452
2023-05-10 21:12:55,sp2306,sp2306,5094.0,0.0,0.0,0.0,15,5092.0,5094.0,1,5082.0,5082.0,5130.0,5082.0,382.0,19480800.0,16452
2023-05-10 21:12:55,sp2306,sp2306,5094.0,0.0,0.0,0.0,15,5092.0,5094.0,1,5082.0,5082.0,5130.0,5082.0,382.0,19480800.0,16452
2023-05-10 21:12:56,sp2306,sp2306,5092.0,15.0,763800.0,0.0,19,5090.0,5092.0,1,5082.0,5082.0,5130.0,5082.0,397.0,20244600.0,16452
2023-05-10 21:12:56,sp2306,sp2306,5092.0,1.0,50920.0,0.0,19,5090.0,5094.0,2,5082.0,5082.0,5130.0,5082.0,398.0,20295520.0,16452
2023-05-10 21:12:57,sp2306,sp2306,5092.0,0.0,0.0,0.0,19,5090.0,5094.0,5,5082.0,5082.0,5130.0,5082.0,398.0,20295520.0,16452
2023-05-10 21:12:57,sp2306,sp2306,5092.0,0.0,0.0,0.0,19,5090.0,5092.0,1,5082.0,5082.0,5130.0,5082.0,398.0,20295520.0,16452
2023-05-10 21:12:58,sp2306,sp2306,5092.0,1.0,50920.0,0.0,19,5090.0,5094.0,3,5082.0,5082.0,5130.0,5082.0,399.0,20346440.0,16452
2023-05-10 21:12:58,sp2306,sp2306,5092.0,0.0,0.0,0.0,3,5092.0,5094.0,3,5082.0,5082.0,5130.0,5082.0,399.0,20346440.0,16452
2023-05-10 21:12:59,sp2306,sp2306,5092.0,0.0,0.0,0.0,3,5092.0,5094.0,3,5082.0,5082.0,5130.0,5082.0,399.0,20346440.0,16452
2023-05-10 21:12:59,sp2306,sp2306,5092.0,0.0,0.0,0.0,19,5090.0,5094.0,3,5082.0,5082.0,5130.0,5082.0,399.0,20346440.0,16452
2023-05-10 21:13:00,sp2306,sp2306,5092.0,0.0,0.0,0.0,19,5090.0,5094.0,3,5082.0,5082.0,5130.0,5082.0,399.0,20346440.0,16452
2023-05-10 21:13:01,sp2306,sp2306,5092.0,0.0,0.0,0.0,19,5090.0,5094.0,3,5082.0,5082.0,5130.0,5082.0,399.0,20346440.0,16452
2023-05-10 21:13:03,sp2306,sp2306,5092.0,0.0,0.0,0.0,19,5090.0,5094.0,3,5082.0,5082.0,5130.0,5082.0,399.0,20346440.0,16452
2023-05-10 21:13:04,sp2306,sp2306,5092.0,0.0,0.0,0.0,19,5090.0,5094.0,3,5082.0,5082.0,5130.0,5082.0,399.0,20346440.0,16452
2023-05-10 21:13:06,sp2306,sp2306,5092.0,0.0,0.0,0.0,19,5090.0,5094.0,3,5082.0,5082.0,5130.0,5082.0,399.0,20346440.0,16452
2023-05-10 21:13:06,sp2306,sp2306,5092.0,0.0,0.0,0.0,19,5090.0,5094.0,6,5082.0,5082.0,5130.0,5082.0,399.0,20346440.0,16452
2023-05-10 21:13:11,sp2306,sp2306,5092.0,0.0,0.0,0.0,19,5090.0,5094.0,6,5082.0,5082.0,5130.0,5082.0,399.0,20346440.0,16452
2023-05-10 21:13:18,sp2306,sp2306,5092.0,0.0,0.0,0.0,19,5090.0,5094.0,6,5082.0,5082.0,5130.0,5082.0,399.0,20346440.0,16452
2023-05-10 21:13:42,sp2306,sp2306,5092.0,0.0,0.0,0.0,19,5090.0,5094.0,4,5082.0,5082.0,5130.0,5082.0,399.0,20346440.0,16452
2023-05-10 21:13:44,sp2306,sp2306,5092.0,0.0,0.0,0.0,19,5090.0,5094.0,4,5082.0,5082.0,5130.0,5082.0,399.0,20346440.0,16452
2023-05-10 21:13:46,sp2306,sp2306,5092.0,0.0,0.0,0.0,19,5090.0,5094.0,4,5082.0,5082.0,5130.0,5082.0,399.0,20346440.0,16452
2023-05-10 21:13:47,sp2306,sp2306,5092.0,0.0,0.0,0.0,19,5090.0,5094.0,4,5082.0,5082.0,5130.0,5082.0,399.0,20346440.0,16452
2023-05-10 21:13:51,sp2306,sp2306,5092.0,0.0,0.0,0.0,19,5090.0,5094.0,3,5082.0,5082.0,5130.0,5082.0,399.0,20346440.0,16452
2023-05-10 21:14:12,sp2306,sp2306,5092.0,0.0,0.0,0.0,19,5090.0,5094.0,3,5082.0,5082.0,5130.0,5082.0,399.0,20346440.0,16452
2023-05-10 21:14:13,sp2306,sp2306,5092.0,0.0,0.0,0.0,19,5090.0,5094.0,3,5082.0,5082.0,5130.0,5082.0,399.0,20346440.0,16452
2023-05-10 21:14:13,sp2306,sp2306,5092.0,0.0,0.0,0.0,19,5090.0,5094.0,3,5082.0,5082.0,5130.0,5082.0,399.0,20346440.0,16452
2023-05-10 21:14:14,sp2306,sp2306,5092.0,0.0,0.0,0.0,19,5090.0,5094.0,3,5082.0,5082.0,5130.0,5082.0,399.0,20346440.0,16452
2023-05-10 21:14:14,sp2306,sp2306,5092.0,0.0,0.0,0.0,19,5090.0,5094.0,4,5082.0,5082.0,5130.0,5082.0,399.0,20346440.0,16452
2023-05-10 21:14:20,sp2306,sp2306,5092.0,0.0,0.0,0.0,19,5090.0,5094.0,5,5082.0,5082.0,5130.0,5082.0,399.0,20346440.0,16452
2023-05-10 21:14:25,sp2306,sp2306,5094.0,2.0,101880.0,0.0,19,5090.0,5094.0,3,5082.0,5082.0,5130.0,5082.0,401.0,20448320.0,16452
2023-05-10 21:14:25,sp2306,sp2306,5094.0,0.0,0.0,0.0,19,5090.0,5092.0,1,5082.0,5082.0,5130.0,5082.0,401.0,20448320.0,16452
2023-05-10 21:14:26,sp2306,sp2306,5094.0,0.0,0.0,0.0,19,5090.0,5092.0,1,5082.0,5082.0,5130.0,5082.0,401.0,20448320.0,16452
2023-05-10 21:14:26,sp2306,sp2306,5094.0,0.0,0.0,0.0,19,5090.0,5092.0,2,5082.0,5082.0,5130.0,5082.0,401.0,20448320.0,16452
2023-05-10 21:14:31,sp2306,sp2306,5090.0,10.0,509000.0,0.0,9,5090.0,5092.0,2,5082.0,5082.0,5130.0,5082.0,411.0,20957320.0,16452
2023-05-10 21:14:31,sp2306,sp2306,5090.0,4.0,203600.0,-1.0,5,5090.0,5092.0,2,5082.0,5082.0,5130.0,5082.0,415.0,21160920.0,16451
2023-05-10 21:14:32,sp2306,sp2306,5090.0,0.0,0.0,0.0,5,5090.0,5092.0,1,5082.0,5082.0,5130.0,5082.0,415.0,21160920.0,16451
2023-05-10 21:14:33,sp2306,sp2306,5090.0,0.0,0.0,0.0,5,5090.0,5092.0,1,5082.0,5082.0,5130.0,5082.0,415.0,21160920.0,16451
2023-05-10 21:14:33,sp2306,sp2306,5090.0,0.0,0.0,0.0,5,5090.0,5092.0,1,5082.0,5082.0,5130.0,5082.0,415.0,21160920.0,16451
2023-05-10 21:14:34,sp2306,sp2306,5090.0,0.0,0.0,0.0,5,5090.0,5092.0,3,5082.0,5082.0,5130.0,5082.0,415.0,21160920.0,16451
2023-05-10 21:14:34,sp2306,sp2306,5090.0,0.0,0.0,0.0,5,5090.0,5092.0,5,5082.0,5082.0,5130.0,5082.0,415.0,21160920.0,16451
2023-05-10 21:14:39,sp2306,sp2306,5090.0,0.0,0.0,0.0,5,5090.0,5092.0,6,5082.0,5082.0,5130.0,5082.0,415.0,21160920.0,16451
2023-05-10 21:14:39,sp2306,sp2306,5090.0,0.0,0.0,0.0,5,5090.0,5092.0,6,5082.0,5082.0,5130.0,5082.0,415.0,21160920.0,16451
2023-05-10 21:14:40,sp2306,sp2306,5090.0,0.0,0.0,0.0,5,5090.0,5092.0,7,5082.0,5082.0,5130.0,5082.0,415.0,21160920.0,16451
2023-05-10 21:14:45,sp2306,sp2306,5090.0,0.0,0.0,0.0,5,5090.0,5092.0,6,5082.0,5082.0,5130.0,5082.0,415.0,21160920.0,16451
2023-05-10 21:14:51,sp2306,sp2306,5090.0,5.0,254500.0,0.0,15,5088.0,5092.0,6,5082.0,5082.0,5130.0,5082.0,420.0,21415420.0,16451
2023-05-10 21:14:52,sp2306,sp2306,5090.0,0.0,0.0,0.0,15,5088.0,5092.0,6,5082.0,5082.0,5130.0,5082.0,420.0,21415420.0,16451
2023-05-10 21:14:52,sp2306,sp2306,5090.0,0.0,0.0,0.0,15,5088.0,5092.0,6,5082.0,5082.0,5130.0,5082.0,420.0,21415420.0,16451
2023-05-10 21:14:53,sp2306,sp2306,5090.0,0.0,0.0,0.0,15,5088.0,5092.0,7,5082.0,5082.0,5130.0,5082.0,420.0,21415420.0,16451
2023-05-10 21:14:53,sp2306,sp2306,5090.0,0.0,0.0,0.0,15,5088.0,5092.0,7,5082.0,5082.0,5130.0,5082.0,420.0,21415420.0,16451
2023-05-10 21:14:54,sp2306,sp2306,5090.0,0.0,0.0,0.0,15,5088.0,5092.0,7,5082.0,5082.0,5130.0,5082.0,420.0,21415420.0,16451
2023-05-10 21:14:57,sp2306,sp2306,5090.0,0.0,0.0,0.0,15,5088.0,5092.0,5,5082.0,5082.0,5130.0,5082.0,420.0,21415420.0,16451
2023-05-10 21:14:57,sp2306,sp2306,5090.0,0.0,0.0,0.0,15,5088.0,5092.0,8,5082.0,5082.0,5130.0,5082.0,420.0,21415420.0,16451
2023-05-10 21:14:59,sp2306,sp2306,5090.0,0.0,0.0,0.0,15,5088.0,5092.0,8,5082.0,5082.0,5130.0,5082.0,420.0,21415420.0,16451
2023-05-10 21:15:02,sp2306,sp2306,5090.0,0.0,0.0,0.0,15,5088.0,5090.0,2,5082.0,5082.0,5130.0,5082.0,420.0,21415420.0,16451
2023-05-10 21:15:02,sp2306,sp2306,5088.0,9.0,457920.0,-7.0,6,5088.0,5090.0,4,5082.0,5082.0,5130.0,5082.0,429.0,21873340.0,16444
2023-05-10 21:15:03,sp2306,sp2306,5088.0,1.0,50880.0,0.0,5,5088.0,5090.0,5,5082.0,5082.0,5130.0,5082.0,430.0,21924220.0,16444
2023-05-10 21:15:04,sp2306,sp2306,5088.0,0.0,0.0,0.0,5,5088.0,5090.0,3,5082.0,5082.0,5130.0,5082.0,430.0,21924220.0,16444
2023-05-10 21:15:04,sp2306,sp2306,5090.0,3.0,152700.0,-3.0,5,5088.0,5092.0,4,5082.0,5082.0,5130.0,5082.0,433.0,22076920.0,16441
2023-05-10 21:15:05,sp2306,sp2306,5092.0,4.0,203680.0,-2.0,3,5090.0,5094.0,5,5082.0,5082.0,5130.0,5082.0,437.0,22280600.0,16439
2023-05-10 21:15:05,sp2306,sp2306,5092.0,0.0,0.0,0.0,6,5088.0,5094.0,5,5082.0,5082.0,5130.0,5082.0,437.0,22280600.0,16439
2023-05-10 21:15:06,sp2306,sp2306,5092.0,0.0,0.0,0.0,7,5088.0,5094.0,5,5082.0,5082.0,5130.0,5082.0,437.0,22280600.0,16439
2023-05-10 21:15:07,sp2306,sp2306,5092.0,0.0,0.0,0.0,4,5090.0,5094.0,5,5082.0,5082.0,5130.0,5082.0,437.0,22280600.0,16439
2023-05-10 21:15:08,sp2306,sp2306,5092.0,0.0,0.0,0.0,3,5090.0,5094.0,5,5082.0,5082.0,5130.0,5082.0,437.0,22280600.0,16439
2023-05-10 21:15:11,sp2306,sp2306,5094.0,5.0,254700.0,0.0,3,5090.0,5096.0,1,5082.0,5082.0,5130.0,5082.0,442.0,22535300.0,16439
2023-05-10 21:15:12,sp2306,sp2306,5094.0,0.0,0.0,0.0,3,5092.0,5096.0,1,5082.0,5082.0,5130.0,5082.0,442.0,22535300.0,16439
2023-05-10 21:15:12,sp2306,sp2306,5094.0,0.0,0.0,0.0,3,5092.0,5096.0,1,5082.0,5082.0,5130.0,5082.0,442.0,22535300.0,16439
2023-05-10 21:15:14,sp2306,sp2306,5094.0,0.0,0.0,0.0,3,5092.0,5096.0,1,5082.0,5082.0,5130.0,5082.0,442.0,22535300.0,16439
2023-05-10 21:15:14,sp2306,sp2306,5094.0,0.0,0.0,0.0,3,5092.0,5096.0,1,5082.0,5082.0,5130.0,5082.0,442.0,22535300.0,16439
2023-05-10 21:15:16,sp2306,sp2306,5088.0,12.0,610740.0,-1.0,20,5086.0,5092.0,1,5082.0,5082.0,5130.0,5082.0,454.0,23146040.0,16438
2023-05-10 21:15:16,sp2306,sp2306,5088.0,0.0,0.0,0.0,20,5086.0,5092.0,1,5082.0,5082.0,5130.0,5082.0,454.0,23146040.0,16438
2023-05-10 21:15:17,sp2306,sp2306,5088.0,0.0,0.0,0.0,3,5088.0,5092.0,1,5082.0,5082.0,5130.0,5082.0,454.0,23146040.0,16438
2023-05-10 21:15:17,sp2306,sp2306,5088.0,0.0,0.0,0.0,3,5088.0,5090.0,1,5082.0,5082.0,5130.0,5082.0,454.0,23146040.0,16438
2023-05-10 21:15:18,sp2306,sp2306,5088.0,0.0,0.0,0.0,3,5088.0,5090.0,1,5082.0,5082.0,5130.0,5082.0,454.0,23146040.0,16438
2023-05-10 21:15:18,sp2306,sp2306,5088.0,0.0,0.0,0.0,20,5086.0,5092.0,3,5082.0,5082.0,5130.0,5082.0,454.0,23146040.0,16438
2023-05-10 21:15:19,sp2306,sp2306,5088.0,0.0,0.0,0.0,1,5090.0,5092.0,3,5082.0,5082.0,5130.0,5082.0,454.0,23146040.0,16438
2023-05-10 21:15:19,sp2306,sp2306,5088.0,0.0,0.0,0.0,1,5090.0,5092.0,8,5082.0,5082.0,5130.0,5082.0,454.0,23146040.0,16438
2023-05-10 21:15:21,sp2306,sp2306,5088.0,0.0,0.0,0.0,1,5090.0,5092.0,5,5082.0,5082.0,5130.0,5082.0,454.0,23146040.0,16438
2023-05-10 21:15:24,sp2306,sp2306,5092.0,4.0,203680.0,1.0,1,5090.0,5092.0,1,5082.0,5082.0,5130.0,5082.0,458.0,23349720.0,16439
2023-05-10 21:15:24,sp2306,sp2306,5092.0,0.0,0.0,0.0,3,5090.0,5092.0,1,5082.0,5082.0,5130.0,5082.0,458.0,23349720.0,16439
2023-05-10 21:15:25,sp2306,sp2306,5092.0,0.0,0.0,0.0,3,5090.0,5092.0,1,5082.0,5082.0,5130.0,5082.0,458.0,23349720.0,16439
2023-05-10 21:15:26,sp2306,sp2306,5092.0,0.0,0.0,0.0,3,5090.0,5092.0,1,5082.0,5082.0,5130.0,5082.0,458.0,23349720.0,16439
2023-05-10 21:15:27,sp2306,sp2306,5092.0,0.0,0.0,0.0,3,5090.0,5092.0,1,5082.0,5082.0,5130.0,5082.0,458.0,23349720.0,16439
2023-05-10 21:15:28,sp2306,sp2306,5092.0,0.0,0.0,0.0,3,5090.0,5092.0,1,5082.0,5082.0,5130.0,5082.0,458.0,23349720.0,16439
2023-05-10 21:15:28,sp2306,sp2306,5092.0,0.0,0.0,0.0,5,5090.0,5092.0,1,5082.0,5082.0,5130.0,5082.0,458.0,23349720.0,16439
2023-05-10 21:15:30,sp2306,sp2306,5092.0,0.0,0.0,0.0,7,5090.0,5092.0,1,5082.0,5082.0,5130.0,5082.0,458.0,23349720.0,16439
2023-05-10 21:15:31,sp2306,sp2306,5092.0,0.0,0.0,0.0,9,5090.0,5092.0,1,5082.0,5082.0,5130.0,5082.0,458.0,23349720.0,16439
2023-05-10 21:15:32,sp2306,sp2306,5092.0,1.0,50920.0,-1.0,11,5090.0,5094.0,1,5082.0,5082.0,5130.0,5082.0,459.0,23400640.0,16438
2023-05-10 21:15:33,sp2306,sp2306,5092.0,0.0,0.0,0.0,11,5090.0,5094.0,4,5082.0,5082.0,5130.0,5082.0,459.0,23400640.0,16438
2023-05-10 21:15:33,sp2306,sp2306,5092.0,0.0,0.0,0.0,11,5090.0,5094.0,4,5082.0,5082.0,5130.0,5082.0,459.0,23400640.0,16438
2023-05-10 21:15:34,sp2306,sp2306,5092.0,0.0,0.0,0.0,13,5090.0,5094.0,4,5082.0,5082.0,5130.0,5082.0,459.0,23400640.0,16438
2023-05-10 21:15:35,sp2306,sp2306,5092.0,0.0,0.0,0.0,13,5090.0,5094.0,4,5082.0,5082.0,5130.0,5082.0,459.0,23400640.0,16438
2023-05-10 21:15:35,sp2306,sp2306,5092.0,0.0,0.0,0.0,15,5090.0,5094.0,4,5082.0,5082.0,5130.0,5082.0,459.0,23400640.0,16438
2023-05-10 21:15:37,sp2306,sp2306,5092.0,0.0,0.0,0.0,17,5090.0,5094.0,4,5082.0,5082.0,5130.0,5082.0,459.0,23400640.0,16438
2023-05-10 21:15:37,sp2306,sp2306,5092.0,0.0,0.0,0.0,17,5090.0,5094.0,4,5082.0,5082.0,5130.0,5082.0,459.0,23400640.0,16438
2023-05-10 21:15:40,sp2306,sp2306,5090.0,2.0,101800.0,2.0,15,5090.0,5094.0,4,5082.0,5082.0,5130.0,5082.0,461.0,23502440.0,16440
2023-05-10 21:15:55,sp2306,sp2306,5090.0,0.0,0.0,0.0,15,5090.0,5094.0,4,5082.0,5082.0,5130.0,5082.0,461.0,23502440.0,16440
2023-05-10 21:15:56,sp2306,sp2306,5090.0,0.0,0.0,0.0,15,5090.0,5094.0,7,5082.0,5082.0,5130.0,5082.0,461.0,23502440.0,16440
2023-05-10 21:15:56,sp2306,sp2306,5090.0,0.0,0.0,0.0,15,5090.0,5094.0,7,5082.0,5082.0,5130.0,5082.0,461.0,23502440.0,16440
2023-05-10 21:15:57,sp2306,sp2306,5090.0,0.0,0.0,0.0,15,5090.0,5094.0,4,5082.0,5082.0,5130.0,5082.0,461.0,23502440.0,16440
2023-05-10 21:15:57,sp2306,sp2306,5090.0,0.0,0.0,0.0,15,5090.0,5094.0,4,5082.0,5082.0,5130.0,5082.0,461.0,23502440.0,16440
2023-05-10 21:16:06,sp2306,sp2306,5090.0,0.0,0.0,0.0,15,5090.0,5094.0,4,5082.0,5082.0,5130.0,5082.0,461.0,23502440.0,16440
2023-05-10 21:16:08,sp2306,sp2306,5090.0,0.0,0.0,0.0,15,5090.0,5094.0,4,5082.0,5082.0,5130.0,5082.0,461.0,23502440.0,16440
2023-05-10 21:16:10,sp2306,sp2306,5090.0,2.0,101800.0,2.0,13,5090.0,5094.0,4,5082.0,5082.0,5130.0,5082.0,463.0,23604240.0,16442
2023-05-10 21:16:11,sp2306,sp2306,5090.0,0.0,0.0,0.0,13,5090.0,5094.0,7,5082.0,5082.0,5130.0,5082.0,463.0,23604240.0,16442
2023-05-10 21:16:18,sp2306,sp2306,5090.0,0.0,0.0,0.0,13,5090.0,5094.0,4,5082.0,5082.0,5130.0,5082.0,463.0,23604240.0,16442
2023-05-10 21:16:20,sp2306,sp2306,5090.0,0.0,0.0,0.0,13,5090.0,5094.0,7,5082.0,5082.0,5130.0,5082.0,463.0,23604240.0,16442
2023-05-10 21:16:21,sp2306,sp2306,5090.0,0.0,0.0,0.0,13,5090.0,5094.0,4,5082.0,5082.0,5130.0,5082.0,463.0,23604240.0,16442
2023-05-10 21:16:22,sp2306,sp2306,5090.0,0.0,0.0,0.0,13,5090.0,5094.0,4,5082.0,5082.0,5130.0,5082.0,463.0,23604240.0,16442
2023-05-10 21:16:24,sp2306,sp2306,5090.0,0.0,0.0,0.0,13,5090.0,5094.0,3,5082.0,5082.0,5130.0,5082.0,463.0,23604240.0,16442
2023-05-10 21:16:35,sp2306,sp2306,5090.0,0.0,0.0,0.0,13,5090.0,5094.0,3,5082.0,5082.0,5130.0,5082.0,463.0,23604240.0,16442
2023-05-10 21:16:47,sp2306,sp2306,5090.0,0.0,0.0,0.0,13,5090.0,5094.0,3,5082.0,5082.0,5130.0,5082.0,463.0,23604240.0,16442
2023-05-10 21:16:47,sp2306,sp2306,5090.0,0.0,0.0,0.0,13,5090.0,5094.0,3,5082.0,5082.0,5130.0,5082.0,463.0,23604240.0,16442
2023-05-10 21:16:51,sp2306,sp2306,5090.0,6.0,305400.0,6.0,7,5090.0,5094.0,3,5082.0,5082.0,5130.0,5082.0,469.0,23909640.0,16448
2023-05-10 21:16:54,sp2306,sp2306,5090.0,0.0,0.0,0.0,7,5090.0,5094.0,3,5082.0,5082.0,5130.0,5082.0,469.0,23909640.0,16448
2023-05-10 21:16:55,sp2306,sp2306,5090.0,0.0,0.0,0.0,7,5090.0,5094.0,3,5082.0,5082.0,5130.0,5082.0,469.0,23909640.0,16448
2023-05-10 21:17:02,sp2306,sp2306,5090.0,0.0,0.0,0.0,7,5090.0,5094.0,3,5082.0,5082.0,5130.0,5082.0,469.0,23909640.0,16448
2023-05-10 21:17:10,sp2306,sp2306,5090.0,0.0,0.0,0.0,7,5090.0,5094.0,3,5082.0,5082.0,5130.0,5082.0,469.0,23909640.0,16448
2023-05-10 21:17:12,sp2306,sp2306,5090.0,0.0,0.0,0.0,7,5090.0,5094.0,3,5082.0,5082.0,5130.0,5082.0,469.0,23909640.0,16448
2023-05-10 21:17:13,sp2306,sp2306,5090.0,0.0,0.0,0.0,7,5090.0,5094.0,3,5082.0,5082.0,5130.0,5082.0,469.0,23909640.0,16448
2023-05-10 21:17:13,sp2306,sp2306,5090.0,0.0,0.0,0.0,7,5090.0,5094.0,6,5082.0,5082.0,5130.0,5082.0,469.0,23909640.0,16448
2023-05-10 21:17:14,sp2306,sp2306,5090.0,0.0,0.0,0.0,7,5090.0,5094.0,3,5082.0,5082.0,5130.0,5082.0,469.0,23909640.0,16448
2023-05-10 21:17:15,sp2306,sp2306,5090.0,0.0,0.0,0.0,32,5090.0,5094.0,3,5082.0,5082.0,5130.0,5082.0,469.0,23909640.0,16448
2023-05-10 21:17:17,sp2306,sp2306,5090.0,0.0,0.0,0.0,32,5090.0,5094.0,3,5082.0,5082.0,5130.0,5082.0,469.0,23909640.0,16448
2023-05-10 21:17:21,sp2306,sp2306,5090.0,0.0,0.0,0.0,32,5090.0,5094.0,3,5082.0,5082.0,5130.0,5082.0,469.0,23909640.0,16448
2023-05-10 21:17:33,sp2306,sp2306,5090.0,0.0,0.0,0.0,32,5090.0,5094.0,3,5082.0,5082.0,5130.0,5082.0,469.0,23909640.0,16448
2023-05-10 21:17:36,sp2306,sp2306,5090.0,2.0,101800.0,0.0,30,5090.0,5094.0,3,5082.0,5082.0,5130.0,5082.0,471.0,24011440.0,16448
2023-05-10 21:17:37,sp2306,sp2306,5090.0,0.0,0.0,0.0,30,5090.0,5094.0,3,5082.0,5082.0,5130.0,5082.0,471.0,24011440.0,16448
2023-05-10 21:17:37,sp2306,sp2306,5090.0,0.0,0.0,0.0,30,5090.0,5094.0,3,5082.0,5082.0,5130.0,5082.0,471.0,24011440.0,16448
2023-05-10 21:17:46,sp2306,sp2306,5090.0,2.0,101800.0,2.0,28,5090.0,5094.0,3,5082.0,5082.0,5130.0,5082.0,473.0,24113240.0,16450
2023-05-10 21:17:53,sp2306,sp2306,5090.0,0.0,0.0,0.0,28,5090.0,5094.0,3,5082.0,5082.0,5130.0,5082.0,473.0,24113240.0,16450
2023-05-10 21:17:54,sp2306,sp2306,5090.0,0.0,0.0,0.0,2,5092.0,5094.0,3,5082.0,5082.0,5130.0,5082.0,473.0,24113240.0,16450
2023-05-10 21:17:54,sp2306,sp2306,5090.0,0.0,0.0,0.0,1,5092.0,5094.0,3,5082.0,5082.0,5130.0,5082.0,473.0,24113240.0,16450
2023-05-10 21:17:55,sp2306,sp2306,5090.0,0.0,0.0,0.0,1,5092.0,5094.0,3,5082.0,5082.0,5130.0,5082.0,473.0,24113240.0,16450
2023-05-10 21:17:56,sp2306,sp2306,5090.0,0.0,0.0,0.0,1,5092.0,5094.0,3,5082.0,5082.0,5130.0,5082.0,473.0,24113240.0,16450
2023-05-10 21:17:58,sp2306,sp2306,5090.0,0.0,0.0,0.0,1,5092.0,5094.0,3,5082.0,5082.0,5130.0,5082.0,473.0,24113240.0,16450
2023-05-10 21:18:02,sp2306,sp2306,5090.0,0.0,0.0,0.0,1,5092.0,5094.0,3,5082.0,5082.0,5130.0,5082.0,473.0,24113240.0,16450
2023-05-10 21:18:02,sp2306,sp2306,5090.0,0.0,0.0,0.0,1,5092.0,5094.0,3,5082.0,5082.0,5130.0,5082.0,473.0,24113240.0,16450
2023-05-10 21:18:05,sp2306,sp2306,5090.0,0.0,0.0,0.0,1,5092.0,5094.0,3,5082.0,5082.0,5130.0,5082.0,473.0,24113240.0,16450
2023-05-10 21:18:05,sp2306,sp2306,5090.0,2.0,101820.0,0.0,28,5090.0,5094.0,3,5082.0,5082.0,5130.0,5082.0,475.0,24215060.0,16450
2023-05-10 21:18:06,sp2306,sp2306,5090.0,0.0,0.0,0.0,28,5090.0,5094.0,12,5082.0,5082.0,5130.0,5082.0,475.0,24215060.0,16450
2023-05-10 21:18:07,sp2306,sp2306,5090.0,0.0,0.0,0.0,28,5090.0,5094.0,13,5082.0,5082.0,5130.0,5082.0,475.0,24215060.0,16450
2023-05-10 21:18:11,sp2306,sp2306,5090.0,0.0,0.0,0.0,28,5090.0,5094.0,13,5082.0,5082.0,5130.0,5082.0,475.0,24215060.0,16450
2023-05-10 21:18:12,sp2306,sp2306,5090.0,0.0,0.0,0.0,28,5090.0,5094.0,12,5082.0,5082.0,5130.0,5082.0,475.0,24215060.0,16450
2023-05-10 21:18:14,sp2306,sp2306,5090.0,0.0,0.0,0.0,28,5090.0,5094.0,12,5082.0,5082.0,5130.0,5082.0,475.0,24215060.0,16450
2023-05-10 21:18:21,sp2306,sp2306,5090.0,0.0,0.0,0.0,28,5090.0,5094.0,12,5082.0,5082.0,5130.0,5082.0,475.0,24215060.0,16450
2023-05-10 21:18:21,sp2306,sp2306,5090.0,0.0,0.0,0.0,28,5090.0,5094.0,12,5082.0,5082.0,5130.0,5082.0,475.0,24215060.0,16450
2023-05-10 21:18:25,sp2306,sp2306,5090.0,0.0,0.0,0.0,28,5090.0,5094.0,12,5082.0,5082.0,5130.0,5082.0,475.0,24215060.0,16450
2023-05-10 21:18:29,sp2306,sp2306,5090.0,10.0,509000.0,2.0,18,5090.0,5094.0,12,5082.0,5082.0,5130.0,5082.0,485.0,24724060.0,16452
2023-05-10 21:18:33,sp2306,sp2306,5090.0,0.0,0.0,0.0,1,5090.0,5094.0,12,5082.0,5082.0,5130.0,5082.0,485.0,24724060.0,16452
2023-05-10 21:18:35,sp2306,sp2306,5090.0,0.0,0.0,0.0,3,5090.0,5094.0,12,5082.0,5082.0,5130.0,5082.0,485.0,24724060.0,16452
2023-05-10 21:18:36,sp2306,sp2306,5090.0,0.0,0.0,0.0,3,5090.0,5094.0,12,5082.0,5082.0,5130.0,5082.0,485.0,24724060.0,16452
2023-05-10 21:18:37,sp2306,sp2306,5090.0,0.0,0.0,0.0,3,5090.0,5092.0,2,5082.0,5082.0,5130.0,5082.0,485.0,24724060.0,16452
