time,symbol_id,symbol_name,last,trade_volume,trade_amount,open_interest_change,bv1,bp1,ap1,av1,yesterday_close,today_open,today_high,today_low,volume,amount,open_interest
2023-05-10 20:59:00,sp2305,sp2305,5038.0,0.0,0.0,0.0,2,5012.0,5070.0,2,5038.0,5046.0,0.0,0.0,0.0,0.0,11514
2023-05-10 21:00:05,sp2305,sp2305,5038.0,0.0,0.0,0.0,2,5026.0,5070.0,2,5038.0,5046.0,0.0,0.0,0.0,0.0,11514
2023-05-10 21:00:06,sp2305,sp2305,5038.0,0.0,0.0,0.0,4,5054.0,5070.0,2,5038.0,5046.0,0.0,0.0,0.0,0.0,11514
2023-05-10 21:00:07,sp2305,sp2305,5038.0,0.0,0.0,0.0,2,5026.0,5070.0,2,5038.0,5046.0,0.0,0.0,0.0,0.0,11514
2023-05-10 21:00:08,sp2305,sp2305,5038.0,0.0,0.0,0.0,4,5058.0,5070.0,2,5038.0,5046.0,0.0,0.0,0.0,0.0,11514
2023-05-10 21:00:10,sp2305,sp2305,5038.0,0.0,0.0,0.0,2,5026.0,5070.0,2,5038.0,5046.0,0.0,0.0,0.0,0.0,11514
2023-05-10 21:00:10,sp2305,sp2305,5038.0,0.0,0.0,0.0,4,5036.0,5070.0,2,5038.0,5046.0,0.0,0.0,0.0,0.0,11514
2023-05-10 21:00:14,sp2305,sp2305,5038.0,0.0,0.0,0.0,4,5054.0,5070.0,2,5038.0,5046.0,0.0,0.0,0.0,0.0,11514
2023-05-10 21:00:14,sp2305,sp2305,5038.0,0.0,0.0,0.0,2,5026.0,5070.0,2,5038.0,5046.0,0.0,0.0,0.0,0.0,11514
2023-05-10 21:00:15,sp2305,sp2305,5038.0,0.0,0.0,0.0,4,5036.0,5070.0,2,5038.0,5046.0,0.0,0.0,0.0,0.0,11514
2023-05-10 21:00:17,sp2305,sp2305,5038.0,0.0,0.0,0.0,4,5036.0,5070.0,6,5038.0,5046.0,0.0,0.0,0.0,0.0,11514
2023-05-10 21:00:26,sp2305,sp2305,5038.0,0.0,0.0,0.0,4,5036.0,5070.0,6,5038.0,5046.0,0.0,0.0,0.0,0.0,11514
2023-05-10 21:00:32,sp2305,sp2305,5038.0,0.0,0.0,0.0,4,5054.0,5070.0,6,5038.0,5046.0,0.0,0.0,0.0,0.0,11514
2023-05-10 21:00:33,sp2305,sp2305,5038.0,0.0,0.0,0.0,4,5054.0,5070.0,6,5038.0,5046.0,0.0,0.0,0.0,0.0,11514
2023-05-10 21:00:33,sp2305,sp2305,5038.0,0.0,0.0,0.0,2,5026.0,5070.0,6,5038.0,5046.0,0.0,0.0,0.0,0.0,11514
2023-05-10 21:00:34,sp2305,sp2305,5038.0,0.0,0.0,0.0,4,5036.0,5066.0,10,5038.0,5046.0,0.0,0.0,0.0,0.0,11514
2023-05-10 21:00:34,sp2305,sp2305,5038.0,0.0,0.0,0.0,4,5036.0,5066.0,10,5038.0,5046.0,0.0,0.0,0.0,0.0,11514
2023-05-10 21:00:37,sp2305,sp2305,5038.0,0.0,0.0,0.0,4,5036.0,5066.0,14,5038.0,5046.0,0.0,0.0,0.0,0.0,11514
2023-05-10 21:00:47,sp2305,sp2305,5038.0,0.0,0.0,0.0,6,5052.0,5066.0,14,5038.0,5046.0,0.0,0.0,0.0,0.0,11514
2023-05-10 21:00:48,sp2305,sp2305,5038.0,0.0,0.0,0.0,6,5052.0,5066.0,14,5038.0,5046.0,0.0,0.0,0.0,0.0,11514
2023-05-10 21:00:52,sp2305,sp2305,5038.0,0.0,0.0,0.0,2,5026.0,5066.0,14,5038.0,5046.0,0.0,0.0,0.0,0.0,11514
2023-05-10 21:00:52,sp2305,sp2305,5038.0,0.0,0.0,0.0,4,5036.0,5066.0,14,5038.0,5046.0,0.0,0.0,0.0,0.0,11514
2023-05-10 21:00:54,sp2305,sp2305,5038.0,0.0,0.0,0.0,4,5036.0,5066.0,10,5038.0,5046.0,0.0,0.0,0.0,0.0,11514
2023-05-10 21:00:58,sp2305,sp2305,5038.0,0.0,0.0,0.0,4,5036.0,5066.0,14,5038.0,5046.0,0.0,0.0,0.0,0.0,11514
2023-05-10 21:01:03,sp2305,sp2305,5038.0,0.0,0.0,0.0,6,5052.0,5066.0,14,5038.0,5046.0,0.0,0.0,0.0,0.0,11514
2023-05-10 21:01:03,sp2305,sp2305,5038.0,0.0,0.0,0.0,6,5052.0,5066.0,14,5038.0,5046.0,0.0,0.0,0.0,0.0,11514
2023-05-10 21:01:05,sp2305,sp2305,5038.0,0.0,0.0,0.0,2,5026.0,5066.0,14,5038.0,5046.0,0.0,0.0,0.0,0.0,11514
2023-05-10 21:01:05,sp2305,sp2305,5038.0,0.0,0.0,0.0,4,5036.0,5066.0,14,5038.0,5046.0,0.0,0.0,0.0,0.0,11514
2023-05-10 21:01:08,sp2305,sp2305,5038.0,0.0,0.0,0.0,4,5048.0,5066.0,14,5038.0,5046.0,0.0,0.0,0.0,0.0,11514
2023-05-10 21:01:08,sp2305,sp2305,5038.0,0.0,0.0,0.0,2,5018.0,5066.0,14,5038.0,5046.0,0.0,0.0,0.0,0.0,11514
2023-05-10 21:01:09,sp2305,sp2305,5038.0,0.0,0.0,0.0,4,5028.0,5066.0,14,5038.0,5046.0,0.0,0.0,0.0,0.0,11514
2023-05-10 21:01:11,sp2305,sp2305,5038.0,0.0,0.0,0.0,6,5048.0,5066.0,14,5038.0,5046.0,0.0,0.0,0.0,0.0,11514
2023-05-10 21:01:11,sp2305,sp2305,5038.0,0.0,0.0,0.0,2,5018.0,5066.0,14,5038.0,5046.0,0.0,0.0,0.0,0.0,11514
2023-05-10 21:01:12,sp2305,sp2305,5038.0,0.0,0.0,0.0,4,5028.0,5066.0,14,5038.0,5046.0,0.0,0.0,0.0,0.0,11514
2023-05-10 21:01:13,sp2305,sp2305,5038.0,0.0,0.0,0.0,4,5042.0,5066.0,14,5038.0,5046.0,0.0,0.0,0.0,0.0,11514
2023-05-10 21:01:13,sp2305,sp2305,5038.0,0.0,0.0,0.0,6,5044.0,5066.0,14,5038.0,5046.0,0.0,0.0,0.0,0.0,11514
2023-05-10 21:01:14,sp2305,sp2305,5038.0,0.0,0.0,0.0,2,5018.0,5066.0,14,5038.0,5046.0,0.0,0.0,0.0,0.0,11514
2023-05-10 21:01:15,sp2305,sp2305,5038.0,0.0,0.0,0.0,4,5028.0,5066.0,14,5038.0,5046.0,0.0,0.0,0.0,0.0,11514
2023-05-10 21:01:15,sp2305,sp2305,5038.0,0.0,0.0,0.0,4,5044.0,5066.0,14,5038.0,5046.0,0.0,0.0,0.0,0.0,11514
2023-05-10 21:01:16,sp2305,sp2305,5038.0,0.0,0.0,0.0,4,5044.0,5066.0,14,5038.0,5046.0,0.0,0.0,0.0,0.0,11514
2023-05-10 21:01:17,sp2305,sp2305,5038.0,0.0,0.0,0.0,2,5018.0,5066.0,14,5038.0,5046.0,0.0,0.0,0.0,0.0,11514
2023-05-10 21:01:17,sp2305,sp2305,5038.0,0.0,0.0,0.0,4,5028.0,5066.0,14,5038.0,5046.0,0.0,0.0,0.0,0.0,11514
2023-05-10 21:01:26,sp2305,sp2305,5038.0,0.0,0.0,0.0,4,5028.0,5064.0,10,5038.0,5046.0,0.0,0.0,0.0,0.0,11514
2023-05-10 21:01:27,sp2305,sp2305,5038.0,0.0,0.0,0.0,4,5028.0,5056.0,4,5038.0,5046.0,0.0,0.0,0.0,0.0,11514
2023-05-10 21:01:27,sp2305,sp2305,5038.0,0.0,0.0,0.0,4,5028.0,5064.0,10,5038.0,5046.0,0.0,0.0,0.0,0.0,11514
2023-05-10 21:01:28,sp2305,sp2305,5038.0,0.0,0.0,0.0,4,5028.0,5058.0,4,5038.0,5046.0,0.0,0.0,0.0,0.0,11514
2023-05-10 21:01:31,sp2305,sp2305,5038.0,0.0,0.0,0.0,4,5042.0,5058.0,4,5038.0,5046.0,0.0,0.0,0.0,0.0,11514
2023-05-10 21:01:32,sp2305,sp2305,5038.0,0.0,0.0,0.0,4,5042.0,5058.0,4,5038.0,5046.0,0.0,0.0,0.0,0.0,11514
2023-05-10 21:01:34,sp2305,sp2305,5038.0,0.0,0.0,0.0,2,5018.0,5058.0,4,5038.0,5046.0,0.0,0.0,0.0,0.0,11514
2023-05-10 21:01:35,sp2305,sp2305,5038.0,0.0,0.0,0.0,4,5028.0,5058.0,4,5038.0,5046.0,0.0,0.0,0.0,0.0,11514
2023-05-10 21:01:50,sp2305,sp2305,5038.0,0.0,0.0,0.0,6,5042.0,5058.0,4,5038.0,5046.0,0.0,0.0,0.0,0.0,11514
2023-05-10 21:01:50,sp2305,sp2305,5038.0,0.0,0.0,0.0,6,5042.0,5058.0,4,5038.0,5046.0,0.0,0.0,0.0,0.0,11514
2023-05-10 21:01:51,sp2305,sp2305,5038.0,0.0,0.0,0.0,2,5018.0,5058.0,4,5038.0,5046.0,0.0,0.0,0.0,0.0,11514
2023-05-10 21:01:51,sp2305,sp2305,5038.0,0.0,0.0,0.0,6,5042.0,5058.0,4,5038.0,5046.0,0.0,0.0,0.0,0.0,11514
2023-05-10 21:01:52,sp2305,sp2305,5038.0,0.0,0.0,0.0,6,5042.0,5058.0,4,5038.0,5046.0,0.0,0.0,0.0,0.0,11514
2023-05-10 21:01:53,sp2305,sp2305,5038.0,0.0,0.0,0.0,2,5018.0,5058.0,4,5038.0,5046.0,0.0,0.0,0.0,0.0,11514
2023-05-10 21:01:53,sp2305,sp2305,5038.0,0.0,0.0,0.0,4,5028.0,5058.0,4,5038.0,5046.0,0.0,0.0,0.0,0.0,11514
2023-05-10 21:02:05,sp2305,sp2305,5038.0,0.0,0.0,0.0,6,5042.0,5058.0,4,5038.0,5046.0,0.0,0.0,0.0,0.0,11514
2023-05-10 21:02:05,sp2305,sp2305,5038.0,0.0,0.0,0.0,6,5046.0,5058.0,4,5038.0,5046.0,0.0,0.0,0.0,0.0,11514
2023-05-10 21:02:10,sp2305,sp2305,5046.0,6.0,302760.0,0.0,2,5018.0,5058.0,4,5038.0,5046.0,5046.0,5046.0,6.0,302760.0,11514
2023-05-10 21:02:10,sp2305,sp2305,5046.0,0.0,0.0,0.0,4,5028.0,5058.0,4,5038.0,5046.0,5046.0,5046.0,6.0,302760.0,11514
2023-05-10 21:02:14,sp2305,sp2305,5046.0,0.0,0.0,0.0,6,5040.0,5058.0,4,5038.0,5046.0,5046.0,5046.0,6.0,302760.0,11514
2023-05-10 21:02:14,sp2305,sp2305,5046.0,0.0,0.0,0.0,2,5018.0,5058.0,4,5038.0,5046.0,5046.0,5046.0,6.0,302760.0,11514
2023-05-10 21:02:15,sp2305,sp2305,5046.0,0.0,0.0,0.0,4,5028.0,5058.0,4,5038.0,5046.0,5046.0,5046.0,6.0,302760.0,11514
2023-05-10 21:02:15,sp2305,sp2305,5046.0,0.0,0.0,0.0,4,5040.0,5058.0,4,5038.0,5046.0,5046.0,5046.0,6.0,302760.0,11514
2023-05-10 21:02:16,sp2305,sp2305,5046.0,0.0,0.0,0.0,4,5040.0,5058.0,4,5038.0,5046.0,5046.0,5046.0,6.0,302760.0,11514
2023-05-10 21:02:16,sp2305,sp2305,5046.0,0.0,0.0,0.0,2,5018.0,5058.0,4,5038.0,5046.0,5046.0,5046.0,6.0,302760.0,11514
2023-05-10 21:02:17,sp2305,sp2305,5046.0,0.0,0.0,0.0,4,5026.0,5058.0,4,5038.0,5046.0,5046.0,5046.0,6.0,302760.0,11514
2023-05-10 21:02:24,sp2305,sp2305,5046.0,0.0,0.0,0.0,6,5036.0,5058.0,4,5038.0,5046.0,5046.0,5046.0,6.0,302760.0,11514
2023-05-10 21:02:25,sp2305,sp2305,5046.0,0.0,0.0,0.0,6,5036.0,5058.0,4,5038.0,5046.0,5046.0,5046.0,6.0,302760.0,11514
2023-05-10 21:02:25,sp2305,sp2305,5046.0,0.0,0.0,0.0,2,5012.0,5058.0,4,5038.0,5046.0,5046.0,5046.0,6.0,302760.0,11514
2023-05-10 21:02:26,sp2305,sp2305,5046.0,0.0,0.0,0.0,4,5022.0,5058.0,4,5038.0,5046.0,5046.0,5046.0,6.0,302760.0,11514
2023-05-10 21:02:31,sp2305,sp2305,5046.0,0.0,0.0,0.0,4,5040.0,5058.0,4,5038.0,5046.0,5046.0,5046.0,6.0,302760.0,11514
2023-05-10 21:02:32,sp2305,sp2305,5046.0,0.0,0.0,0.0,6,5042.0,5058.0,4,5038.0,5046.0,5046.0,5046.0,6.0,302760.0,11514
2023-05-10 21:02:32,sp2305,sp2305,5046.0,0.0,0.0,0.0,2,5012.0,5058.0,4,5038.0,5046.0,5046.0,5046.0,6.0,302760.0,11514
2023-05-10 21:02:33,sp2305,sp2305,5046.0,0.0,0.0,0.0,4,5022.0,5058.0,4,5038.0,5046.0,5046.0,5046.0,6.0,302760.0,11514
2023-05-10 21:02:36,sp2305,sp2305,5046.0,0.0,0.0,0.0,4,5040.0,5058.0,4,5038.0,5046.0,5046.0,5046.0,6.0,302760.0,11514
2023-05-10 21:02:37,sp2305,sp2305,5046.0,0.0,0.0,0.0,4,5040.0,5058.0,4,5038.0,5046.0,5046.0,5046.0,6.0,302760.0,11514
2023-05-10 21:02:38,sp2305,sp2305,5046.0,0.0,0.0,0.0,2,5012.0,5058.0,4,5038.0,5046.0,5046.0,5046.0,6.0,302760.0,11514
2023-05-10 21:02:39,sp2305,sp2305,5046.0,0.0,0.0,0.0,4,5022.0,5058.0,4,5038.0,5046.0,5046.0,5046.0,6.0,302760.0,11514
2023-05-10 21:02:39,sp2305,sp2305,5046.0,0.0,0.0,0.0,4,5040.0,5058.0,4,5038.0,5046.0,5046.0,5046.0,6.0,302760.0,11514
2023-05-10 21:02:40,sp2305,sp2305,5046.0,0.0,0.0,0.0,4,5040.0,5058.0,4,5038.0,5046.0,5046.0,5046.0,6.0,302760.0,11514
2023-05-10 21:02:46,sp2305,sp2305,5046.0,0.0,0.0,0.0,2,5012.0,5058.0,4,5038.0,5046.0,5046.0,5046.0,6.0,302760.0,11514
2023-05-10 21:02:46,sp2305,sp2305,5046.0,0.0,0.0,0.0,4,5040.0,5058.0,4,5038.0,5046.0,5046.0,5046.0,6.0,302760.0,11514
2023-05-10 21:02:47,sp2305,sp2305,5046.0,0.0,0.0,0.0,4,5040.0,5058.0,4,5038.0,5046.0,5046.0,5046.0,6.0,302760.0,11514
2023-05-10 21:02:49,sp2305,sp2305,5046.0,0.0,0.0,0.0,2,5012.0,5058.0,4,5038.0,5046.0,5046.0,5046.0,6.0,302760.0,11514
2023-05-10 21:02:49,sp2305,sp2305,5046.0,0.0,0.0,0.0,4,5022.0,5058.0,4,5038.0,5046.0,5046.0,5046.0,6.0,302760.0,11514
2023-05-10 21:02:51,sp2305,sp2305,5046.0,0.0,0.0,0.0,4,5036.0,5058.0,4,5038.0,5046.0,5046.0,5046.0,6.0,302760.0,11514
2023-05-10 21:02:52,sp2305,sp2305,5046.0,0.0,0.0,0.0,2,5012.0,5058.0,4,5038.0,5046.0,5046.0,5046.0,6.0,302760.0,11514
2023-05-10 21:02:52,sp2305,sp2305,5046.0,0.0,0.0,0.0,4,5022.0,5058.0,4,5038.0,5046.0,5046.0,5046.0,6.0,302760.0,11514
2023-05-10 21:03:00,sp2305,sp2305,5046.0,0.0,0.0,0.0,4,5040.0,5058.0,4,5038.0,5046.0,5046.0,5046.0,6.0,302760.0,11514
2023-05-10 21:03:01,sp2305,sp2305,5046.0,0.0,0.0,0.0,4,5040.0,5058.0,4,5038.0,5046.0,5046.0,5046.0,6.0,302760.0,11514
2023-05-10 21:03:06,sp2305,sp2305,5046.0,0.0,0.0,0.0,4,5040.0,5058.0,4,5038.0,5046.0,5046.0,5046.0,6.0,302760.0,11514
2023-05-10 21:03:21,sp2305,sp2305,5046.0,0.0,0.0,0.0,4,5040.0,5064.0,10,5038.0,5046.0,5046.0,5046.0,6.0,302760.0,11514
2023-05-10 21:03:21,sp2305,sp2305,5046.0,0.0,0.0,0.0,4,5040.0,5058.0,4,5038.0,5046.0,5046.0,5046.0,6.0,302760.0,11514
2023-05-10 21:03:22,sp2305,sp2305,5046.0,0.0,0.0,0.0,4,5040.0,5064.0,10,5038.0,5046.0,5046.0,5046.0,6.0,302760.0,11514
2023-05-10 21:03:22,sp2305,sp2305,5046.0,0.0,0.0,0.0,4,5040.0,5060.0,4,5038.0,5046.0,5046.0,5046.0,6.0,302760.0,11514
2023-05-10 21:03:31,sp2305,sp2305,5046.0,0.0,0.0,0.0,4,5046.0,5060.0,4,5038.0,5046.0,5046.0,5046.0,6.0,302760.0,11514
2023-05-10 21:03:38,sp2305,sp2305,5046.0,0.0,0.0,0.0,4,5040.0,5060.0,4,5038.0,5046.0,5046.0,5046.0,6.0,302760.0,11514
2023-05-10 21:04:02,sp2305,sp2305,5046.0,0.0,0.0,0.0,4,5040.0,5060.0,14,5038.0,5046.0,5046.0,5046.0,6.0,302760.0,11514
2023-05-10 21:04:03,sp2305,sp2305,5046.0,0.0,0.0,0.0,4,5040.0,5060.0,14,5038.0,5046.0,5046.0,5046.0,6.0,302760.0,11514
2023-05-10 21:04:23,sp2305,sp2305,5046.0,0.0,0.0,0.0,4,5042.0,5060.0,14,5038.0,5046.0,5046.0,5046.0,6.0,302760.0,11514
2023-05-10 21:04:24,sp2305,sp2305,5046.0,0.0,0.0,0.0,4,5040.0,5060.0,14,5038.0,5046.0,5046.0,5046.0,6.0,302760.0,11514
2023-05-10 21:04:32,sp2305,sp2305,5046.0,0.0,0.0,0.0,4,5040.0,5054.0,4,5038.0,5046.0,5046.0,5046.0,6.0,302760.0,11514
2023-05-10 21:04:42,sp2305,sp2305,5046.0,0.0,0.0,0.0,2,5020.0,5054.0,4,5038.0,5046.0,5046.0,5046.0,6.0,302760.0,11514
2023-05-10 21:04:42,sp2305,sp2305,5046.0,0.0,0.0,0.0,6,5040.0,5054.0,4,5038.0,5046.0,5046.0,5046.0,6.0,302760.0,11514
2023-05-10 21:04:43,sp2305,sp2305,5046.0,0.0,0.0,0.0,6,5040.0,5054.0,4,5038.0,5046.0,5046.0,5046.0,6.0,302760.0,11514
2023-05-10 21:04:44,sp2305,sp2305,5046.0,0.0,0.0,0.0,4,5036.0,5054.0,4,5038.0,5046.0,5046.0,5046.0,6.0,302760.0,11514
2023-05-10 21:04:54,sp2305,sp2305,5046.0,0.0,0.0,0.0,4,5028.0,5054.0,4,5038.0,5046.0,5046.0,5046.0,6.0,302760.0,11514
2023-05-10 21:04:55,sp2305,sp2305,5046.0,0.0,0.0,0.0,6,5034.0,5054.0,4,5038.0,5046.0,5046.0,5046.0,6.0,302760.0,11514
2023-05-10 21:04:55,sp2305,sp2305,5046.0,0.0,0.0,0.0,4,5028.0,5054.0,4,5038.0,5046.0,5046.0,5046.0,6.0,302760.0,11514
2023-05-10 21:04:59,sp2305,sp2305,5046.0,0.0,0.0,0.0,6,5034.0,5054.0,4,5038.0,5046.0,5046.0,5046.0,6.0,302760.0,11514
2023-05-10 21:04:59,sp2305,sp2305,5046.0,0.0,0.0,0.0,4,5028.0,5054.0,4,5038.0,5046.0,5046.0,5046.0,6.0,302760.0,11514
2023-05-10 21:05:01,sp2305,sp2305,5046.0,0.0,0.0,0.0,6,5034.0,5054.0,4,5038.0,5046.0,5046.0,5046.0,6.0,302760.0,11514
2023-05-10 21:05:04,sp2305,sp2305,5046.0,0.0,0.0,0.0,4,5028.0,5054.0,4,5038.0,5046.0,5046.0,5046.0,6.0,302760.0,11514
2023-05-10 21:05:05,sp2305,sp2305,5046.0,0.0,0.0,0.0,4,5034.0,5054.0,4,5038.0,5046.0,5046.0,5046.0,6.0,302760.0,11514
2023-05-10 21:05:06,sp2305,sp2305,5046.0,0.0,0.0,0.0,4,5028.0,5054.0,4,5038.0,5046.0,5046.0,5046.0,6.0,302760.0,11514
2023-05-10 21:05:08,sp2305,sp2305,5046.0,0.0,0.0,0.0,8,5038.0,5054.0,4,5038.0,5046.0,5046.0,5046.0,6.0,302760.0,11514
2023-05-10 21:05:08,sp2305,sp2305,5046.0,0.0,0.0,0.0,4,5028.0,5060.0,10,5038.0,5046.0,5046.0,5046.0,6.0,302760.0,11514
2023-05-10 21:05:09,sp2305,sp2305,5046.0,0.0,0.0,0.0,4,5038.0,5054.0,4,5038.0,5046.0,5046.0,5046.0,6.0,302760.0,11514
2023-05-10 21:05:09,sp2305,sp2305,5046.0,0.0,0.0,0.0,4,5038.0,5054.0,4,5038.0,5046.0,5046.0,5046.0,6.0,302760.0,11514
2023-05-10 21:05:10,sp2305,sp2305,5046.0,0.0,0.0,0.0,4,5040.0,5054.0,4,5038.0,5046.0,5046.0,5046.0,6.0,302760.0,11514
2023-05-10 21:05:11,sp2305,sp2305,5046.0,0.0,0.0,0.0,4,5040.0,5060.0,10,5038.0,5046.0,5046.0,5046.0,6.0,302760.0,11514
2023-05-10 21:05:11,sp2305,sp2305,5046.0,0.0,0.0,0.0,4,5028.0,5058.0,4,5038.0,5046.0,5046.0,5046.0,6.0,302760.0,11514
2023-05-10 21:05:12,sp2305,sp2305,5046.0,0.0,0.0,0.0,4,5040.0,5058.0,4,5038.0,5046.0,5046.0,5046.0,6.0,302760.0,11514
2023-05-10 21:05:12,sp2305,sp2305,5046.0,0.0,0.0,0.0,4,5040.0,5058.0,4,5038.0,5046.0,5046.0,5046.0,6.0,302760.0,11514
2023-05-10 21:05:13,sp2305,sp2305,5046.0,0.0,0.0,0.0,4,5042.0,5058.0,4,5038.0,5046.0,5046.0,5046.0,6.0,302760.0,11514
2023-05-10 21:05:14,sp2305,sp2305,5046.0,0.0,0.0,0.0,4,5028.0,5058.0,4,5038.0,5046.0,5046.0,5046.0,6.0,302760.0,11514
2023-05-10 21:05:14,sp2305,sp2305,5046.0,0.0,0.0,0.0,4,5034.0,5058.0,4,5038.0,5046.0,5046.0,5046.0,6.0,302760.0,11514
2023-05-10 21:05:15,sp2305,sp2305,5046.0,0.0,0.0,0.0,4,5042.0,5060.0,10,5038.0,5046.0,5046.0,5046.0,6.0,302760.0,11514
2023-05-10 21:05:15,sp2305,sp2305,5046.0,0.0,0.0,0.0,4,5028.0,5060.0,14,5038.0,5046.0,5046.0,5046.0,6.0,302760.0,11514
2023-05-10 21:05:16,sp2305,sp2305,5046.0,0.0,0.0,0.0,4,5042.0,5060.0,14,5038.0,5046.0,5046.0,5046.0,6.0,302760.0,11514
2023-05-10 21:05:16,sp2305,sp2305,5046.0,0.0,0.0,0.0,4,5042.0,5060.0,14,5038.0,5046.0,5046.0,5046.0,6.0,302760.0,11514
2023-05-10 21:05:17,sp2305,sp2305,5046.0,0.0,0.0,0.0,4,5028.0,5060.0,14,5038.0,5046.0,5046.0,5046.0,6.0,302760.0,11514
2023-05-10 21:05:18,sp2305,sp2305,5046.0,0.0,0.0,0.0,4,5034.0,5060.0,14,5038.0,5046.0,5046.0,5046.0,6.0,302760.0,11514
2023-05-10 21:05:21,sp2305,sp2305,5046.0,0.0,0.0,0.0,6,5044.0,5060.0,14,5038.0,5046.0,5046.0,5046.0,6.0,302760.0,11514
2023-05-10 21:05:21,sp2305,sp2305,5046.0,0.0,0.0,0.0,4,5028.0,5060.0,14,5038.0,5046.0,5046.0,5046.0,6.0,302760.0,11514
2023-05-10 21:05:22,sp2305,sp2305,5046.0,0.0,0.0,0.0,4,5036.0,5060.0,14,5038.0,5046.0,5046.0,5046.0,6.0,302760.0,11514
2023-05-10 21:05:22,sp2305,sp2305,5046.0,0.0,0.0,0.0,4,5028.0,5060.0,14,5038.0,5046.0,5046.0,5046.0,6.0,302760.0,11514
2023-05-10 21:05:23,sp2305,sp2305,5046.0,0.0,0.0,0.0,4,5034.0,5060.0,14,5038.0,5046.0,5046.0,5046.0,6.0,302760.0,11514
2023-05-10 21:05:28,sp2305,sp2305,5046.0,0.0,0.0,0.0,4,5028.0,5060.0,14,5038.0,5046.0,5046.0,5046.0,6.0,302760.0,11514
2023-05-10 21:05:29,sp2305,sp2305,5046.0,0.0,0.0,0.0,4,5036.0,5060.0,14,5038.0,5046.0,5046.0,5046.0,6.0,302760.0,11514
2023-05-10 21:05:35,sp2305,sp2305,5046.0,0.0,0.0,0.0,4,5040.0,5060.0,14,5038.0,5046.0,5046.0,5046.0,6.0,302760.0,11514
2023-05-10 21:05:36,sp2305,sp2305,5046.0,0.0,0.0,0.0,4,5040.0,5060.0,14,5038.0,5046.0,5046.0,5046.0,6.0,302760.0,11514
2023-05-10 21:06:12,sp2305,sp2305,5046.0,0.0,0.0,0.0,4,5040.0,5060.0,10,5038.0,5046.0,5046.0,5046.0,6.0,302760.0,11514
2023-05-10 21:06:17,sp2305,sp2305,5046.0,0.0,0.0,0.0,4,5040.0,5060.0,14,5038.0,5046.0,5046.0,5046.0,6.0,302760.0,11514
2023-05-10 21:06:17,sp2305,sp2305,5046.0,0.0,0.0,0.0,4,5040.0,5060.0,10,5038.0,5046.0,5046.0,5046.0,6.0,302760.0,11514
2023-05-10 21:06:19,sp2305,sp2305,5046.0,0.0,0.0,0.0,4,5040.0,5060.0,14,5038.0,5046.0,5046.0,5046.0,6.0,302760.0,11514
2023-05-10 21:06:21,sp2305,sp2305,5046.0,0.0,0.0,0.0,4,5044.0,5060.0,14,5038.0,5046.0,5046.0,5046.0,6.0,302760.0,11514
2023-05-10 21:06:33,sp2305,sp2305,5046.0,0.0,0.0,0.0,4,5040.0,5060.0,14,5038.0,5046.0,5046.0,5046.0,6.0,302760.0,11514
2023-05-10 21:06:33,sp2305,sp2305,5046.0,0.0,0.0,0.0,4,5042.0,5060.0,14,5038.0,5046.0,5046.0,5046.0,6.0,302760.0,11514
2023-05-10 21:06:34,sp2305,sp2305,5046.0,0.0,0.0,0.0,4,5040.0,5060.0,14,5038.0,5046.0,5046.0,5046.0,6.0,302760.0,11514
2023-05-10 21:07:28,sp2305,sp2305,5046.0,0.0,0.0,0.0,4,5040.0,5058.0,10,5038.0,5046.0,5046.0,5046.0,6.0,302760.0,11514
2023-05-10 21:07:28,sp2305,sp2305,5046.0,0.0,0.0,0.0,4,5040.0,5052.0,4,5038.0,5046.0,5046.0,5046.0,6.0,302760.0,11514
2023-05-10 21:07:31,sp2305,sp2305,5046.0,0.0,0.0,0.0,4,5040.0,5052.0,4,5038.0,5046.0,5046.0,5046.0,6.0,302760.0,11514
2023-05-10 21:07:43,sp2305,sp2305,5046.0,0.0,0.0,0.0,4,5040.0,5052.0,10,5038.0,5046.0,5046.0,5046.0,6.0,302760.0,11514
2023-05-10 21:07:57,sp2305,sp2305,5046.0,0.0,0.0,0.0,4,5040.0,5060.0,10,5038.0,5046.0,5046.0,5046.0,6.0,302760.0,11514
2023-05-10 21:07:58,sp2305,sp2305,5046.0,0.0,0.0,0.0,4,5040.0,5054.0,4,5038.0,5046.0,5046.0,5046.0,6.0,302760.0,11514
2023-05-10 21:08:08,sp2305,sp2305,5046.0,0.0,0.0,0.0,4,5040.0,5050.0,20,5038.0,5046.0,5046.0,5046.0,6.0,302760.0,11514
2023-05-10 21:08:08,sp2305,sp2305,5046.0,0.0,0.0,0.0,4,5040.0,5050.0,20,5038.0,5046.0,5046.0,5046.0,6.0,302760.0,11514
2023-05-10 21:08:18,sp2305,sp2305,5046.0,0.0,0.0,0.0,4,5040.0,5060.0,10,5038.0,5046.0,5046.0,5046.0,6.0,302760.0,11514
2023-05-10 21:08:19,sp2305,sp2305,5046.0,0.0,0.0,0.0,4,5040.0,5052.0,4,5038.0,5046.0,5046.0,5046.0,6.0,302760.0,11514
2023-05-10 21:08:29,sp2305,sp2305,5046.0,0.0,0.0,0.0,4,5040.0,5052.0,14,5038.0,5046.0,5046.0,5046.0,6.0,302760.0,11514
2023-05-10 21:09:27,sp2305,sp2305,5046.0,0.0,0.0,0.0,4,5030.0,5052.0,14,5038.0,5046.0,5046.0,5046.0,6.0,302760.0,11514
2023-05-10 21:09:27,sp2305,sp2305,5046.0,0.0,0.0,0.0,4,5040.0,5052.0,14,5038.0,5046.0,5046.0,5046.0,6.0,302760.0,11514
2023-05-10 21:09:29,sp2305,sp2305,5046.0,0.0,0.0,0.0,4,5030.0,5052.0,14,5038.0,5046.0,5046.0,5046.0,6.0,302760.0,11514
2023-05-10 21:09:29,sp2305,sp2305,5046.0,0.0,0.0,0.0,4,5040.0,5052.0,14,5038.0,5046.0,5046.0,5046.0,6.0,302760.0,11514
2023-05-10 21:09:30,sp2305,sp2305,5046.0,0.0,0.0,0.0,4,5030.0,5052.0,14,5038.0,5046.0,5046.0,5046.0,6.0,302760.0,11514
2023-05-10 21:09:47,sp2305,sp2305,5046.0,0.0,0.0,0.0,8,5030.0,5052.0,14,5038.0,5046.0,5046.0,5046.0,6.0,302760.0,11514
2023-05-10 21:09:51,sp2305,sp2305,5046.0,0.0,0.0,0.0,8,5030.0,5052.0,14,5038.0,5046.0,5046.0,5046.0,6.0,302760.0,11514
2023-05-10 21:09:53,sp2305,sp2305,5046.0,0.0,0.0,0.0,8,5030.0,5052.0,14,5038.0,5046.0,5046.0,5046.0,6.0,302760.0,11514
2023-05-10 21:10:01,sp2305,sp2305,5046.0,0.0,0.0,0.0,4,5030.0,5052.0,14,5038.0,5046.0,5046.0,5046.0,6.0,302760.0,11514
2023-05-10 21:10:16,sp2305,sp2305,5046.0,0.0,0.0,0.0,4,5030.0,5052.0,14,5038.0,5046.0,5046.0,5046.0,6.0,302760.0,11514
2023-05-10 21:10:18,sp2305,sp2305,5046.0,0.0,0.0,0.0,4,5030.0,5052.0,14,5038.0,5046.0,5046.0,5046.0,6.0,302760.0,11514
2023-05-10 21:10:24,sp2305,sp2305,5030.0,4.0,201200.0,0.0,4,5012.0,5030.0,2,5038.0,5046.0,5046.0,5030.0,10.0,503960.0,11514
2023-05-10 21:10:25,sp2305,sp2305,5052.0,4.0,201640.0,0.0,4,5022.0,5052.0,8,5038.0,5046.0,5052.0,5030.0,14.0,705600.0,11514
2023-05-10 21:10:25,sp2305,sp2305,5052.0,0.0,0.0,0.0,4,5022.0,5046.0,4,5038.0,5046.0,5052.0,5030.0,14.0,705600.0,11514
2023-05-10 21:10:26,sp2305,sp2305,5052.0,0.0,0.0,0.0,4,5022.0,5052.0,8,5038.0,5046.0,5052.0,5030.0,14.0,705600.0,11514
2023-05-10 21:10:26,sp2305,sp2305,5052.0,0.0,0.0,0.0,4,5022.0,5050.0,4,5038.0,5046.0,5052.0,5030.0,14.0,705600.0,11514
2023-05-10 21:10:28,sp2305,sp2305,5052.0,0.0,0.0,0.0,4,5022.0,5050.0,4,5038.0,5046.0,5052.0,5030.0,14.0,705600.0,11514
2023-05-10 21:10:51,sp2305,sp2305,5052.0,0.0,0.0,0.0,4,5022.0,5050.0,4,5038.0,5046.0,5052.0,5030.0,14.0,705600.0,11514
2023-05-10 21:11:02,sp2305,sp2305,5052.0,0.0,0.0,0.0,10,5040.0,5050.0,4,5038.0,5046.0,5052.0,5030.0,14.0,705600.0,11514
2023-05-10 21:11:03,sp2305,sp2305,5052.0,0.0,0.0,0.0,10,5040.0,5050.0,4,5038.0,5046.0,5052.0,5030.0,14.0,705600.0,11514
2023-05-10 21:11:06,sp2305,sp2305,5052.0,0.0,0.0,0.0,4,5012.0,5050.0,4,5038.0,5046.0,5052.0,5030.0,14.0,705600.0,11514
2023-05-10 21:11:06,sp2305,sp2305,5052.0,0.0,0.0,0.0,4,5022.0,5050.0,4,5038.0,5046.0,5052.0,5030.0,14.0,705600.0,11514
2023-05-10 21:11:08,sp2305,sp2305,5052.0,0.0,0.0,0.0,10,5040.0,5050.0,4,5038.0,5046.0,5052.0,5030.0,14.0,705600.0,11514
2023-05-10 21:11:08,sp2305,sp2305,5052.0,0.0,0.0,0.0,10,5040.0,5050.0,4,5038.0,5046.0,5052.0,5030.0,14.0,705600.0,11514
2023-05-10 21:11:12,sp2305,sp2305,5052.0,0.0,0.0,0.0,10,5040.0,5050.0,12,5038.0,5046.0,5052.0,5030.0,14.0,705600.0,11514
2023-05-10 21:11:13,sp2305,sp2305,5052.0,0.0,0.0,0.0,4,5012.0,5050.0,12,5038.0,5046.0,5052.0,5030.0,14.0,705600.0,11514
2023-05-10 21:11:14,sp2305,sp2305,5052.0,0.0,0.0,0.0,10,5040.0,5050.0,12,5038.0,5046.0,5052.0,5030.0,14.0,705600.0,11514
2023-05-10 21:11:14,sp2305,sp2305,5052.0,0.0,0.0,0.0,10,5040.0,5050.0,12,5038.0,5046.0,5052.0,5030.0,14.0,705600.0,11514
2023-05-10 21:11:16,sp2305,sp2305,5052.0,0.0,0.0,0.0,10,5040.0,5050.0,12,5038.0,5046.0,5052.0,5030.0,14.0,705600.0,11514
2023-05-10 21:11:19,sp2305,sp2305,5052.0,0.0,0.0,0.0,4,5012.0,5050.0,12,5038.0,5046.0,5052.0,5030.0,14.0,705600.0,11514
2023-05-10 21:11:20,sp2305,sp2305,5052.0,0.0,0.0,0.0,4,5022.0,5050.0,12,5038.0,5046.0,5052.0,5030.0,14.0,705600.0,11514
2023-05-10 21:11:25,sp2305,sp2305,5052.0,0.0,0.0,0.0,4,5042.0,5050.0,12,5038.0,5046.0,5052.0,5030.0,14.0,705600.0,11514
2023-05-10 21:11:26,sp2305,sp2305,5052.0,0.0,0.0,0.0,4,5042.0,5050.0,12,5038.0,5046.0,5052.0,5030.0,14.0,705600.0,11514
2023-05-10 21:11:30,sp2305,sp2305,5052.0,0.0,0.0,0.0,4,5012.0,5050.0,12,5038.0,5046.0,5052.0,5030.0,14.0,705600.0,11514
2023-05-10 21:11:31,sp2305,sp2305,5052.0,0.0,0.0,0.0,4,5022.0,5050.0,12,5038.0,5046.0,5052.0,5030.0,14.0,705600.0,11514
2023-05-10 21:11:38,sp2305,sp2305,5052.0,0.0,0.0,0.0,4,5044.0,5050.0,12,5038.0,5046.0,5052.0,5030.0,14.0,705600.0,11514
2023-05-10 21:11:38,sp2305,sp2305,5052.0,0.0,0.0,0.0,4,5044.0,5050.0,12,5038.0,5046.0,5052.0,5030.0,14.0,705600.0,11514
2023-05-10 21:11:40,sp2305,sp2305,5052.0,0.0,0.0,0.0,4,5012.0,5050.0,12,5038.0,5046.0,5052.0,5030.0,14.0,705600.0,11514
2023-05-10 21:11:41,sp2305,sp2305,5052.0,0.0,0.0,0.0,4,5022.0,5050.0,12,5038.0,5046.0,5052.0,5030.0,14.0,705600.0,11514
2023-05-10 21:11:45,sp2305,sp2305,5052.0,0.0,0.0,0.0,4,5012.0,5050.0,12,5038.0,5046.0,5052.0,5030.0,14.0,705600.0,11514
2023-05-10 21:11:54,sp2305,sp2305,5050.0,6.0,303000.0,0.0,4,5022.0,5050.0,6,5038.0,5046.0,5052.0,5030.0,20.0,1008600.0,11514
2023-05-10 21:12:02,sp2305,sp2305,5050.0,0.0,0.0,0.0,4,5044.0,5050.0,6,5038.0,5046.0,5052.0,5030.0,20.0,1008600.0,11514
2023-05-10 21:12:02,sp2305,sp2305,5050.0,0.0,0.0,0.0,4,5044.0,5050.0,6,5038.0,5046.0,5052.0,5030.0,20.0,1008600.0,11514
2023-05-10 21:12:18,sp2305,sp2305,5050.0,0.0,0.0,0.0,4,5012.0,5050.0,6,5038.0,5046.0,5052.0,5030.0,20.0,1008600.0,11514
2023-05-10 21:12:18,sp2305,sp2305,5050.0,0.0,0.0,0.0,4,5022.0,5050.0,6,5038.0,5046.0,5052.0,5030.0,20.0,1008600.0,11514
2023-05-10 21:12:39,sp2305,sp2305,5050.0,0.0,0.0,0.0,10,5042.0,5050.0,6,5038.0,5046.0,5052.0,5030.0,20.0,1008600.0,11514
2023-05-10 21:12:39,sp2305,sp2305,5050.0,0.0,0.0,0.0,4,5012.0,5050.0,6,5038.0,5046.0,5052.0,5030.0,20.0,1008600.0,11514
2023-05-10 21:12:40,sp2305,sp2305,5050.0,0.0,0.0,0.0,10,5042.0,5050.0,6,5038.0,5046.0,5052.0,5030.0,20.0,1008600.0,11514
2023-05-10 21:12:40,sp2305,sp2305,5050.0,0.0,0.0,0.0,10,5042.0,5050.0,6,5038.0,5046.0,5052.0,5030.0,20.0,1008600.0,11514
2023-05-10 21:12:41,sp2305,sp2305,5050.0,0.0,0.0,0.0,4,5012.0,5050.0,6,5038.0,5046.0,5052.0,5030.0,20.0,1008600.0,11514
2023-05-10 21:12:42,sp2305,sp2305,5050.0,0.0,0.0,0.0,10,5042.0,5050.0,6,5038.0,5046.0,5052.0,5030.0,20.0,1008600.0,11514
2023-05-10 21:12:42,sp2305,sp2305,5050.0,0.0,0.0,0.0,10,5042.0,5050.0,6,5038.0,5046.0,5052.0,5030.0,20.0,1008600.0,11514
2023-05-10 21:12:56,sp2305,sp2305,5050.0,0.0,0.0,0.0,4,5012.0,5050.0,6,5038.0,5046.0,5052.0,5030.0,20.0,1008600.0,11514
2023-05-10 21:12:57,sp2305,sp2305,5050.0,0.0,0.0,0.0,10,5040.0,5050.0,6,5038.0,5046.0,5052.0,5030.0,20.0,1008600.0,11514
2023-05-10 21:12:57,sp2305,sp2305,5050.0,0.0,0.0,0.0,10,5040.0,5050.0,6,5038.0,5046.0,5052.0,5030.0,20.0,1008600.0,11514
2023-05-10 21:12:59,sp2305,sp2305,5050.0,0.0,0.0,0.0,4,5012.0,5050.0,6,5038.0,5046.0,5052.0,5030.0,20.0,1008600.0,11514
2023-05-10 21:12:59,sp2305,sp2305,5050.0,0.0,0.0,0.0,4,5022.0,5050.0,6,5038.0,5046.0,5052.0,5030.0,20.0,1008600.0,11514
2023-05-10 21:13:00,sp2305,sp2305,5050.0,0.0,0.0,0.0,10,5040.0,5050.0,6,5038.0,5046.0,5052.0,5030.0,20.0,1008600.0,11514
2023-05-10 21:13:00,sp2305,sp2305,5050.0,0.0,0.0,0.0,10,5040.0,5050.0,6,5038.0,5046.0,5052.0,5030.0,20.0,1008600.0,11514
2023-05-10 21:13:22,sp2305,sp2305,5050.0,0.0,0.0,0.0,10,5040.0,5050.0,10,5038.0,5046.0,5052.0,5030.0,20.0,1008600.0,11514
2023-05-10 21:13:58,sp2305,sp2305,5050.0,0.0,0.0,0.0,10,5040.0,5050.0,10,5038.0,5046.0,5052.0,5030.0,20.0,1008600.0,11514
2023-05-10 21:14:31,sp2305,sp2305,5050.0,0.0,0.0,0.0,4,5012.0,5050.0,10,5038.0,5046.0,5052.0,5030.0,20.0,1008600.0,11514
2023-05-10 21:14:32,sp2305,sp2305,5050.0,0.0,0.0,0.0,4,5040.0,5050.0,10,5038.0,5046.0,5052.0,5030.0,20.0,1008600.0,11514
2023-05-10 21:14:32,sp2305,sp2305,5050.0,0.0,0.0,0.0,4,5040.0,5050.0,10,5038.0,5046.0,5052.0,5030.0,20.0,1008600.0,11514
2023-05-10 21:14:52,sp2305,sp2305,5050.0,0.0,0.0,0.0,4,5012.0,5050.0,10,5038.0,5046.0,5052.0,5030.0,20.0,1008600.0,11514
2023-05-10 21:14:52,sp2305,sp2305,5050.0,0.0,0.0,0.0,10,5038.0,5050.0,10,5038.0,5046.0,5052.0,5030.0,20.0,1008600.0,11514
2023-05-10 21:14:53,sp2305,sp2305,5050.0,0.0,0.0,0.0,10,5038.0,5050.0,10,5038.0,5046.0,5052.0,5030.0,20.0,1008600.0,11514
2023-05-10 21:15:03,sp2305,sp2305,5050.0,0.0,0.0,0.0,4,5012.0,5050.0,10,5038.0,5046.0,5052.0,5030.0,20.0,1008600.0,11514
2023-05-10 21:15:03,sp2305,sp2305,5050.0,0.0,0.0,0.0,6,5038.0,5050.0,10,5038.0,5046.0,5052.0,5030.0,20.0,1008600.0,11514
2023-05-10 21:15:04,sp2305,sp2305,5050.0,0.0,0.0,0.0,4,5012.0,5050.0,10,5038.0,5046.0,5052.0,5030.0,20.0,1008600.0,11514
2023-05-10 21:15:04,sp2305,sp2305,5050.0,0.0,0.0,0.0,4,5038.0,5050.0,10,5038.0,5046.0,5052.0,5030.0,20.0,1008600.0,11514
2023-05-10 21:15:05,sp2305,sp2305,5050.0,0.0,0.0,0.0,4,5038.0,5050.0,10,5038.0,5046.0,5052.0,5030.0,20.0,1008600.0,11514
2023-05-10 21:15:05,sp2305,sp2305,5050.0,0.0,0.0,0.0,4,5012.0,5050.0,10,5038.0,5046.0,5052.0,5030.0,20.0,1008600.0,11514
2023-05-10 21:15:06,sp2305,sp2305,5050.0,0.0,0.0,0.0,6,5038.0,5050.0,10,5038.0,5046.0,5052.0,5030.0,20.0,1008600.0,11514
2023-05-10 21:15:06,sp2305,sp2305,5050.0,0.0,0.0,0.0,6,5038.0,5050.0,10,5038.0,5046.0,5052.0,5030.0,20.0,1008600.0,11514
2023-05-10 21:15:08,sp2305,sp2305,5050.0,0.0,0.0,0.0,4,5040.0,5050.0,10,5038.0,5046.0,5052.0,5030.0,20.0,1008600.0,11514
2023-05-10 21:15:08,sp2305,sp2305,5050.0,0.0,0.0,0.0,4,5012.0,5050.0,10,5038.0,5046.0,5052.0,5030.0,20.0,1008600.0,11514
2023-05-10 21:15:09,sp2305,sp2305,5050.0,0.0,0.0,0.0,4,5022.0,5050.0,10,5038.0,5046.0,5052.0,5030.0,20.0,1008600.0,11514
2023-05-10 21:15:16,sp2305,sp2305,5050.0,0.0,0.0,0.0,10,5036.0,5050.0,10,5038.0,5046.0,5052.0,5030.0,20.0,1008600.0,11514
2023-05-10 21:15:17,sp2305,sp2305,5050.0,0.0,0.0,0.0,10,5036.0,5050.0,10,5038.0,5046.0,5052.0,5030.0,20.0,1008600.0,11514
2023-05-10 21:15:17,sp2305,sp2305,5050.0,0.0,0.0,0.0,4,5012.0,5050.0,10,5038.0,5046.0,5052.0,5030.0,20.0,1008600.0,11514
2023-05-10 21:15:18,sp2305,sp2305,5050.0,0.0,0.0,0.0,4,5022.0,5050.0,10,5038.0,5046.0,5052.0,5030.0,20.0,1008600.0,11514
2023-05-10 21:15:18,sp2305,sp2305,5050.0,0.0,0.0,0.0,6,5030.0,5050.0,10,5038.0,5046.0,5052.0,5030.0,20.0,1008600.0,11514
2023-05-10 21:15:19,sp2305,sp2305,5050.0,0.0,0.0,0.0,10,5036.0,5050.0,10,5038.0,5046.0,5052.0,5030.0,20.0,1008600.0,11514
2023-05-10 21:15:19,sp2305,sp2305,5050.0,0.0,0.0,0.0,6,5030.0,5050.0,10,5038.0,5046.0,5052.0,5030.0,20.0,1008600.0,11514
2023-05-10 21:15:20,sp2305,sp2305,5050.0,0.0,0.0,0.0,10,5030.0,5050.0,10,5038.0,5046.0,5052.0,5030.0,20.0,1008600.0,11514
2023-05-10 21:15:29,sp2305,sp2305,5050.0,0.0,0.0,0.0,4,5040.0,5050.0,10,5038.0,5046.0,5052.0,5030.0,20.0,1008600.0,11514
2023-05-10 21:15:29,sp2305,sp2305,5050.0,0.0,0.0,0.0,4,5040.0,5050.0,10,5038.0,5046.0,5052.0,5030.0,20.0,1008600.0,11514
2023-05-10 21:15:40,sp2305,sp2305,5040.0,2.0,100800.0,-2.0,2,5040.0,5050.0,10,5038.0,5046.0,5052.0,5030.0,22.0,1109400.0,11512
2023-05-10 21:16:10,sp2305,sp2305,5040.0,2.0,100800.0,-2.0,4,5034.0,5050.0,10,5038.0,5046.0,5052.0,5030.0,24.0,1210200.0,11510
2023-05-10 21:16:11,sp2305,sp2305,5040.0,0.0,0.0,0.0,10,5040.0,5050.0,10,5038.0,5046.0,5052.0,5030.0,24.0,1210200.0,11510
2023-05-10 21:16:51,sp2305,sp2305,5040.0,6.0,302400.0,-6.0,4,5040.0,5050.0,10,5038.0,5046.0,5052.0,5030.0,30.0,1512600.0,11504
2023-05-10 21:17:45,sp2305,sp2305,5040.0,2.0,100800.0,-2.0,2,5040.0,5050.0,10,5038.0,5046.0,5052.0,5030.0,32.0,1613400.0,11502
2023-05-10 21:17:54,sp2305,sp2305,5040.0,0.0,0.0,0.0,6,5030.0,5050.0,10,5038.0,5046.0,5052.0,5030.0,32.0,1613400.0,11502
2023-05-10 21:17:55,sp2305,sp2305,5040.0,0.0,0.0,0.0,4,5032.0,5050.0,10,5038.0,5046.0,5052.0,5030.0,32.0,1613400.0,11502
2023-05-10 21:18:06,sp2305,sp2305,5040.0,0.0,0.0,0.0,10,5040.0,5050.0,10,5038.0,5046.0,5052.0,5030.0,32.0,1613400.0,11502
2023-05-10 21:18:29,sp2305,sp2305,5040.0,10.0,504000.0,-10.0,10,5034.0,5050.0,10,5038.0,5046.0,5052.0,5030.0,42.0,2117400.0,11492
2023-05-10 21:18:29,sp2305,sp2305,5040.0,0.0,0.0,0.0,10,5040.0,5050.0,10,5038.0,5046.0,5052.0,5030.0,42.0,2117400.0,11492
2023-05-10 21:18:34,sp2305,sp2305,5040.0,0.0,0.0,0.0,6,5030.0,5050.0,10,5038.0,5046.0,5052.0,5030.0,42.0,2117400.0,11492
2023-05-10 21:18:34,sp2305,sp2305,5040.0,0.0,0.0,0.0,10,5030.0,5050.0,10,5038.0,5046.0,5052.0,5030.0,42.0,2117400.0,11492
2023-05-10 21:19:00,sp2305,sp2305,5040.0,0.0,0.0,0.0,6,5030.0,5050.0,10,5038.0,5046.0,5052.0,5030.0,42.0,2117400.0,11492
2023-05-10 21:19:04,sp2305,sp2305,5040.0,0.0,0.0,0.0,4,5038.0,5050.0,10,5038.0,5046.0,5052.0,5030.0,42.0,2117400.0,11492
2023-05-10 21:19:06,sp2305,sp2305,5040.0,0.0,0.0,0.0,4,5040.0,5050.0,10,5038.0,5046.0,5052.0,5030.0,42.0,2117400.0,11492
2023-05-10 21:19:06,sp2305,sp2305,5040.0,0.0,0.0,0.0,6,5030.0,5050.0,10,5038.0,5046.0,5052.0,5030.0,42.0,2117400.0,11492
2023-05-10 21:19:07,sp2305,sp2305,5040.0,0.0,0.0,0.0,4,5032.0,5050.0,10,5038.0,5046.0,5052.0,5030.0,42.0,2117400.0,11492
2023-05-10 21:19:15,sp2305,sp2305,5040.0,0.0,0.0,0.0,4,5042.0,5050.0,10,5038.0,5046.0,5052.0,5030.0,42.0,2117400.0,11492
2023-05-10 21:19:15,sp2305,sp2305,5040.0,0.0,0.0,0.0,4,5042.0,5050.0,10,5038.0,5046.0,5052.0,5030.0,42.0,2117400.0,11492
2023-05-10 21:19:16,sp2305,sp2305,5040.0,0.0,0.0,0.0,6,5030.0,5050.0,10,5038.0,5046.0,5052.0,5030.0,42.0,2117400.0,11492
2023-05-10 21:19:17,sp2305,sp2305,5040.0,0.0,0.0,0.0,4,5032.0,5050.0,10,5038.0,5046.0,5052.0,5030.0,42.0,2117400.0,11492
2023-05-10 21:19:38,sp2305,sp2305,5040.0,0.0,0.0,0.0,6,5034.0,5050.0,10,5038.0,5046.0,5052.0,5030.0,42.0,2117400.0,11492
2023-05-10 21:19:39,sp2305,sp2305,5040.0,0.0,0.0,0.0,6,5034.0,5050.0,10,5038.0,5046.0,5052.0,5030.0,42.0,2117400.0,11492
2023-05-10 21:19:50,sp2305,sp2305,5040.0,0.0,0.0,0.0,10,5036.0,5050.0,10,5038.0,5046.0,5052.0,5030.0,42.0,2117400.0,11492
2023-05-10 21:19:51,sp2305,sp2305,5040.0,0.0,0.0,0.0,10,5036.0,5050.0,10,5038.0,5046.0,5052.0,5030.0,42.0,2117400.0,11492
2023-05-10 21:20:04,sp2305,sp2305,5040.0,0.0,0.0,0.0,6,5030.0,5050.0,10,5038.0,5046.0,5052.0,5030.0,42.0,2117400.0,11492
2023-05-10 21:20:05,sp2305,sp2305,5040.0,0.0,0.0,0.0,10,5034.0,5050.0,10,5038.0,5046.0,5052.0,5030.0,42.0,2117400.0,11492
2023-05-10 21:20:05,sp2305,sp2305,5040.0,0.0,0.0,0.0,6,5030.0,5050.0,10,5038.0,5046.0,5052.0,5030.0,42.0,2117400.0,11492
2023-05-10 21:20:06,sp2305,sp2305,5040.0,0.0,0.0,0.0,10,5034.0,5050.0,10,5038.0,5046.0,5052.0,5030.0,42.0,2117400.0,11492
2023-05-10 21:20:08,sp2305,sp2305,5040.0,0.0,0.0,0.0,6,5030.0,5050.0,10,5038.0,5046.0,5052.0,5030.0,42.0,2117400.0,11492
2023-05-10 21:20:09,sp2305,sp2305,5040.0,0.0,0.0,0.0,10,5034.0,5050.0,10,5038.0,5046.0,5052.0,5030.0,42.0,2117400.0,11492
2023-05-10 21:20:10,sp2305,sp2305,5040.0,0.0,0.0,0.0,6,5030.0,5050.0,10,5038.0,5046.0,5052.0,5030.0,42.0,2117400.0,11492
2023-05-10 21:20:49,sp2305,sp2305,5040.0,0.0,0.0,0.0,10,5034.0,5050.0,10,5038.0,5046.0,5052.0,5030.0,42.0,2117400.0,11492
2023-05-10 21:20:51,sp2305,sp2305,5040.0,0.0,0.0,0.0,6,5030.0,5050.0,10,5038.0,5046.0,5052.0,5030.0,42.0,2117400.0,11492
2023-05-10 21:20:51,sp2305,sp2305,5040.0,0.0,0.0,0.0,10,5034.0,5050.0,10,5038.0,5046.0,5052.0,5030.0,42.0,2117400.0,11492
2023-05-10 21:21:28,sp2305,sp2305,5040.0,0.0,0.0,0.0,6,5030.0,5050.0,10,5038.0,5046.0,5052.0,5030.0,42.0,2117400.0,11492
2023-05-10 21:22:00,sp2305,sp2305,5040.0,0.0,0.0,0.0,10,5034.0,5050.0,10,5038.0,5046.0,5052.0,5030.0,42.0,2117400.0,11492
2023-05-10 21:22:00,sp2305,sp2305,5040.0,0.0,0.0,0.0,6,5030.0,5050.0,10,5038.0,5046.0,5052.0,5030.0,42.0,2117400.0,11492
2023-05-10 21:22:20,sp2305,sp2305,5040.0,0.0,0.0,0.0,10,5034.0,5050.0,10,5038.0,5046.0,5052.0,5030.0,42.0,2117400.0,11492
2023-05-10 21:22:33,sp2305,sp2305,5040.0,0.0,0.0,0.0,4,5036.0,5050.0,10,5038.0,5046.0,5052.0,5030.0,42.0,2117400.0,11492
2023-05-10 21:22:43,sp2305,sp2305,5040.0,0.0,0.0,0.0,6,5030.0,5050.0,10,5038.0,5046.0,5052.0,5030.0,42.0,2117400.0,11492
2023-05-10 21:22:43,sp2305,sp2305,5040.0,0.0,0.0,0.0,10,5034.0,5050.0,10,5038.0,5046.0,5052.0,5030.0,42.0,2117400.0,11492
2023-05-10 21:22:57,sp2305,sp2305,5040.0,0.0,0.0,0.0,4,5036.0,5050.0,10,5038.0,5046.0,5052.0,5030.0,42.0,2117400.0,11492
2023-05-10 21:22:58,sp2305,sp2305,5040.0,0.0,0.0,0.0,6,5030.0,5050.0,10,5038.0,5046.0,5052.0,5030.0,42.0,2117400.0,11492
2023-05-10 21:23:06,sp2305,sp2305,5040.0,0.0,0.0,0.0,10,5034.0,5050.0,10,5038.0,5046.0,5052.0,5030.0,42.0,2117400.0,11492
2023-05-10 21:23:21,sp2305,sp2305,5040.0,0.0,0.0,0.0,10,5034.0,5050.0,10,5038.0,5046.0,5052.0,5030.0,42.0,2117400.0,11492
2023-05-10 21:23:22,sp2305,sp2305,5040.0,0.0,0.0,0.0,10,5034.0,5050.0,10,5038.0,5046.0,5052.0,5030.0,42.0,2117400.0,11492
2023-05-10 21:23:24,sp2305,sp2305,5040.0,0.0,0.0,0.0,10,5034.0,5050.0,10,5038.0,5046.0,5052.0,5030.0,42.0,2117400.0,11492
2023-05-10 21:23:42,sp2305,sp2305,5040.0,0.0,0.0,0.0,6,5030.0,5050.0,10,5038.0,5046.0,5052.0,5030.0,42.0,2117400.0,11492
2023-05-10 21:23:42,sp2305,sp2305,5040.0,0.0,0.0,0.0,10,5034.0,5050.0,10,5038.0,5046.0,5052.0,5030.0,42.0,2117400.0,11492
2023-05-10 21:24:57,sp2305,sp2305,5040.0,0.0,0.0,0.0,6,5030.0,5050.0,10,5038.0,5046.0,5052.0,5030.0,42.0,2117400.0,11492
2023-05-10 21:24:58,sp2305,sp2305,5040.0,0.0,0.0,0.0,4,5034.0,5050.0,10,5038.0,5046.0,5052.0,5030.0,42.0,2117400.0,11492
2023-05-10 21:24:58,sp2305,sp2305,5040.0,0.0,0.0,0.0,6,5030.0,5050.0,10,5038.0,5046.0,5052.0,5030.0,42.0,2117400.0,11492
2023-05-10 21:25:19,sp2305,sp2305,5040.0,0.0,0.0,0.0,8,5032.0,5050.0,10,5038.0,5046.0,5052.0,5030.0,42.0,2117400.0,11492
2023-05-10 21:25:20,sp2305,sp2305,5040.0,0.0,0.0,0.0,6,5030.0,5050.0,10,5038.0,5046.0,5052.0,5030.0,42.0,2117400.0,11492
2023-05-10 21:25:20,sp2305,sp2305,5040.0,0.0,0.0,0.0,4,5032.0,5050.0,10,5038.0,5046.0,5052.0,5030.0,42.0,2117400.0,11492
2023-05-10 21:25:26,sp2305,sp2305,5040.0,0.0,0.0,0.0,6,5030.0,5050.0,10,5038.0,5046.0,5052.0,5030.0,42.0,2117400.0,11492
2023-05-10 21:26:25,sp2305,sp2305,5040.0,0.0,0.0,0.0,4,5034.0,5050.0,10,5038.0,5046.0,5052.0,5030.0,42.0,2117400.0,11492
2023-05-10 21:26:26,sp2305,sp2305,5040.0,0.0,0.0,0.0,6,5030.0,5050.0,10,5038.0,5046.0,5052.0,5030.0,42.0,2117400.0,11492
2023-05-10 21:27:01,sp2305,sp2305,5040.0,0.0,0.0,0.0,6,5024.0,5050.0,10,5038.0,5046.0,5052.0,5030.0,42.0,2117400.0,11492
2023-05-10 21:27:29,sp2305,sp2305,5040.0,0.0,0.0,0.0,4,5030.0,5050.0,10,5038.0,5046.0,5052.0,5030.0,42.0,2117400.0,11492
2023-05-10 21:27:29,sp2305,sp2305,5040.0,0.0,0.0,0.0,6,5024.0,5050.0,10,5038.0,5046.0,5052.0,5030.0,42.0,2117400.0,11492
2023-05-10 21:27:32,sp2305,sp2305,5040.0,0.0,0.0,0.0,4,5030.0,5050.0,10,5038.0,5046.0,5052.0,5030.0,42.0,2117400.0,11492
2023-05-10 21:27:33,sp2305,sp2305,5040.0,0.0,0.0,0.0,6,5024.0,5050.0,10,5038.0,5046.0,5052.0,5030.0,42.0,2117400.0,11492
2023-05-10 21:27:33,sp2305,sp2305,5040.0,0.0,0.0,0.0,4,5030.0,5050.0,10,5038.0,5046.0,5052.0,5030.0,42.0,2117400.0,11492
2023-05-10 21:27:47,sp2305,sp2305,5040.0,0.0,0.0,0.0,4,5030.0,5050.0,10,5038.0,5046.0,5052.0,5030.0,42.0,2117400.0,11492
2023-05-10 21:27:59,sp2305,sp2305,5040.0,0.0,0.0,0.0,4,5032.0,5050.0,10,5038.0,5046.0,5052.0,5030.0,42.0,2117400.0,11492
2023-05-10 21:27:59,sp2305,sp2305,5040.0,0.0,0.0,0.0,2,5020.0,5050.0,10,5038.0,5046.0,5052.0,5030.0,42.0,2117400.0,11492
2023-05-10 21:28:00,sp2305,sp2305,5040.0,0.0,0.0,0.0,4,5030.0,5050.0,10,5038.0,5046.0,5052.0,5030.0,42.0,2117400.0,11492
2023-05-10 21:28:00,sp2305,sp2305,5040.0,0.0,0.0,0.0,4,5030.0,5050.0,10,5038.0,5046.0,5052.0,5030.0,42.0,2117400.0,11492
2023-05-10 21:28:03,sp2305,sp2305,5040.0,0.0,0.0,0.0,2,5020.0,5050.0,10,5038.0,5046.0,5052.0,5030.0,42.0,2117400.0,11492
2023-05-10 21:28:03,sp2305,sp2305,5040.0,0.0,0.0,0.0,6,5030.0,5050.0,10,5038.0,5046.0,5052.0,5030.0,42.0,2117400.0,11492
2023-05-10 21:28:04,sp2305,sp2305,5040.0,0.0,0.0,0.0,6,5030.0,5050.0,10,5038.0,5046.0,5052.0,5030.0,42.0,2117400.0,11492
2023-05-10 21:28:16,sp2305,sp2305,5040.0,0.0,0.0,0.0,2,5020.0,5050.0,10,5038.0,5046.0,5052.0,5030.0,42.0,2117400.0,11492
2023-05-10 21:28:17,sp2305,sp2305,5040.0,0.0,0.0,0.0,4,5024.0,5050.0,10,5038.0,5046.0,5052.0,5030.0,42.0,2117400.0,11492
2023-05-10 21:28:17,sp2305,sp2305,5040.0,0.0,0.0,0.0,4,5034.0,5050.0,10,5038.0,5046.0,5052.0,5030.0,42.0,2117400.0,11492
2023-05-10 21:28:18,sp2305,sp2305,5040.0,0.0,0.0,0.0,4,5034.0,5050.0,10,5038.0,5046.0,5052.0,5030.0,42.0,2117400.0,11492
2023-05-10 21:28:33,sp2305,sp2305,5040.0,0.0,0.0,0.0,2,5020.0,5050.0,10,5038.0,5046.0,5052.0,5030.0,42.0,2117400.0,11492
2023-05-10 21:28:33,sp2305,sp2305,5040.0,0.0,0.0,0.0,4,5024.0,5050.0,10,5038.0,5046.0,5052.0,5030.0,42.0,2117400.0,11492
2023-05-10 21:28:34,sp2305,sp2305,5040.0,0.0,0.0,0.0,4,5034.0,5050.0,10,5038.0,5046.0,5052.0,5030.0,42.0,2117400.0,11492
2023-05-10 21:28:35,sp2305,sp2305,5040.0,0.0,0.0,0.0,4,5034.0,5050.0,10,5038.0,5046.0,5052.0,5030.0,42.0,2117400.0,11492
2023-05-10 21:28:37,sp2305,sp2305,5040.0,0.0,0.0,0.0,6,5038.0,5050.0,10,5038.0,5046.0,5052.0,5030.0,42.0,2117400.0,11492
2023-05-10 21:28:37,sp2305,sp2305,5040.0,0.0,0.0,0.0,2,5020.0,5050.0,10,5038.0,5046.0,5052.0,5030.0,42.0,2117400.0,11492
2023-05-10 21:28:38,sp2305,sp2305,5040.0,0.0,0.0,0.0,4,5026.0,5050.0,10,5038.0,5046.0,5052.0,5030.0,42.0,2117400.0,11492
2023-05-10 21:28:53,sp2305,sp2305,5040.0,0.0,0.0,0.0,2,5020.0,5050.0,10,5038.0,5046.0,5052.0,5030.0,42.0,2117400.0,11492
2023-05-10 21:28:53,sp2305,sp2305,5040.0,0.0,0.0,0.0,4,5024.0,5050.0,10,5038.0,5046.0,5052.0,5030.0,42.0,2117400.0,11492
2023-05-10 21:28:58,sp2305,sp2305,5040.0,0.0,0.0,0.0,4,5034.0,5050.0,10,5038.0,5046.0,5052.0,5030.0,42.0,2117400.0,11492
2023-05-10 21:28:58,sp2305,sp2305,5040.0,0.0,0.0,0.0,4,5034.0,5050.0,10,5038.0,5046.0,5052.0,5030.0,42.0,2117400.0,11492
2023-05-10 21:29:19,sp2305,sp2305,5040.0,0.0,0.0,0.0,2,5020.0,5050.0,10,5038.0,5046.0,5052.0,5030.0,42.0,2117400.0,11492
2023-05-10 21:29:20,sp2305,sp2305,5040.0,0.0,0.0,0.0,4,5024.0,5050.0,10,5038.0,5046.0,5052.0,5030.0,42.0,2117400.0,11492
2023-05-10 21:29:24,sp2305,sp2305,5040.0,0.0,0.0,0.0,2,5020.0,5050.0,10,5038.0,5046.0,5052.0,5030.0,42.0,2117400.0,11492
2023-05-10 21:29:24,sp2305,sp2305,5040.0,0.0,0.0,0.0,6,5032.0,5050.0,10,5038.0,5046.0,5052.0,5030.0,42.0,2117400.0,11492
2023-05-10 21:29:25,sp2305,sp2305,5040.0,0.0,0.0,0.0,6,5032.0,5050.0,10,5038.0,5046.0,5052.0,5030.0,42.0,2117400.0,11492
2023-05-10 21:29:53,sp2305,sp2305,5040.0,0.0,0.0,0.0,6,5032.0,5050.0,10,5038.0,5046.0,5052.0,5030.0,42.0,2117400.0,11492
2023-05-10 21:30:05,sp2305,sp2305,5040.0,0.0,0.0,0.0,2,5020.0,5050.0,10,5038.0,5046.0,5052.0,5030.0,42.0,2117400.0,11492
2023-05-10 21:30:06,sp2305,sp2305,5040.0,0.0,0.0,0.0,4,5024.0,5050.0,10,5038.0,5046.0,5052.0,5030.0,42.0,2117400.0,11492
2023-05-10 21:30:07,sp2305,sp2305,5040.0,0.0,0.0,0.0,4,5032.0,5050.0,10,5038.0,5046.0,5052.0,5030.0,42.0,2117400.0,11492
2023-05-10 21:30:09,sp2305,sp2305,5040.0,0.0,0.0,0.0,8,5034.0,5050.0,10,5038.0,5046.0,5052.0,5030.0,42.0,2117400.0,11492
2023-05-10 21:30:19,sp2305,sp2305,5040.0,0.0,0.0,0.0,8,5034.0,5048.0,4,5038.0,5046.0,5052.0,5030.0,42.0,2117400.0,11492
2023-05-10 21:30:22,sp2305,sp2305,5040.0,0.0,0.0,0.0,2,5020.0,5048.0,4,5038.0,5046.0,5052.0,5030.0,42.0,2117400.0,11492
2023-05-10 21:30:22,sp2305,sp2305,5040.0,0.0,0.0,0.0,4,5024.0,5048.0,4,5038.0,5046.0,5052.0,5030.0,42.0,2117400.0,11492
2023-05-10 21:30:33,sp2305,sp2305,5040.0,0.0,0.0,0.0,2,5020.0,5048.0,4,5038.0,5046.0,5052.0,5030.0,42.0,2117400.0,11492
2023-05-10 21:30:34,sp2305,sp2305,5040.0,0.0,0.0,0.0,4,5022.0,5048.0,4,5038.0,5046.0,5052.0,5030.0,42.0,2117400.0,11492
2023-05-10 21:30:37,sp2305,sp2305,5040.0,0.0,0.0,0.0,4,5034.0,5048.0,4,5038.0,5046.0,5052.0,5030.0,42.0,2117400.0,11492
2023-05-10 21:30:37,sp2305,sp2305,5040.0,0.0,0.0,0.0,4,5034.0,5048.0,4,5038.0,5046.0,5052.0,5030.0,42.0,2117400.0,11492
2023-05-10 21:31:13,sp2305,sp2305,5040.0,0.0,0.0,0.0,2,5020.0,5048.0,4,5038.0,5046.0,5052.0,5030.0,42.0,2117400.0,11492
2023-05-10 21:31:14,sp2305,sp2305,5040.0,0.0,0.0,0.0,4,5026.0,5048.0,4,5038.0,5046.0,5052.0,5030.0,42.0,2117400.0,11492
2023-05-10 21:31:17,sp2305,sp2305,5040.0,0.0,0.0,0.0,2,5020.0,5048.0,4,5038.0,5046.0,5052.0,5030.0,42.0,2117400.0,11492
2023-05-10 21:31:17,sp2305,sp2305,5040.0,0.0,0.0,0.0,4,5024.0,5048.0,4,5038.0,5046.0,5052.0,5030.0,42.0,2117400.0,11492
2023-05-10 21:32:01,sp2305,sp2305,5040.0,0.0,0.0,0.0,2,5020.0,5048.0,4,5038.0,5046.0,5052.0,5030.0,42.0,2117400.0,11492
2023-05-10 21:32:02,sp2305,sp2305,5040.0,0.0,0.0,0.0,8,5032.0,5048.0,4,5038.0,5046.0,5052.0,5030.0,42.0,2117400.0,11492
2023-05-10 21:32:02,sp2305,sp2305,5040.0,0.0,0.0,0.0,8,5032.0,5048.0,4,5038.0,5046.0,5052.0,5030.0,42.0,2117400.0,11492
2023-05-10 21:32:03,sp2305,sp2305,5040.0,0.0,0.0,0.0,2,5020.0,5048.0,4,5038.0,5046.0,5052.0,5030.0,42.0,2117400.0,11492
2023-05-10 21:32:03,sp2305,sp2305,5040.0,0.0,0.0,0.0,4,5034.0,5048.0,4,5038.0,5046.0,5052.0,5030.0,42.0,2117400.0,11492
2023-05-10 21:32:04,sp2305,sp2305,5040.0,0.0,0.0,0.0,4,5034.0,5048.0,4,5038.0,5046.0,5052.0,5030.0,42.0,2117400.0,11492
2023-05-10 21:32:12,sp2305,sp2305,5040.0,0.0,0.0,0.0,2,5020.0,5048.0,4,5038.0,5046.0,5052.0,5030.0,42.0,2117400.0,11492
2023-05-10 21:32:13,sp2305,sp2305,5040.0,0.0,0.0,0.0,4,5024.0,5048.0,4,5038.0,5046.0,5052.0,5030.0,42.0,2117400.0,11492
2023-05-10 21:32:30,sp2305,sp2305,5040.0,0.0,0.0,0.0,4,5034.0,5048.0,4,5038.0,5046.0,5052.0,5030.0,42.0,2117400.0,11492
2023-05-10 21:32:30,sp2305,sp2305,5040.0,0.0,0.0,0.0,4,5034.0,5048.0,4,5038.0,5046.0,5052.0,5030.0,42.0,2117400.0,11492
2023-05-10 21:33:19,sp2305,sp2305,5040.0,0.0,0.0,0.0,2,5020.0,5048.0,4,5038.0,5046.0,5052.0,5030.0,42.0,2117400.0,11492
2023-05-10 21:33:20,sp2305,sp2305,5040.0,0.0,0.0,0.0,4,5024.0,5048.0,4,5038.0,5046.0,5052.0,5030.0,42.0,2117400.0,11492
2023-05-10 21:33:21,sp2305,sp2305,5040.0,0.0,0.0,0.0,2,5020.0,5048.0,4,5038.0,5046.0,5052.0,5030.0,42.0,2117400.0,11492
2023-05-10 21:33:21,sp2305,sp2305,5040.0,0.0,0.0,0.0,4,5022.0,5048.0,4,5038.0,5046.0,5052.0,5030.0,42.0,2117400.0,11492
2023-05-10 21:33:33,sp2305,sp2305,5040.0,0.0,0.0,0.0,4,5034.0,5048.0,4,5038.0,5046.0,5052.0,5030.0,42.0,2117400.0,11492
2023-05-10 21:33:34,sp2305,sp2305,5040.0,0.0,0.0,0.0,4,5034.0,5048.0,4,5038.0,5046.0,5052.0,5030.0,42.0,2117400.0,11492
2023-05-10 21:33:43,sp2305,sp2305,5040.0,0.0,0.0,0.0,2,5020.0,5048.0,4,5038.0,5046.0,5052.0,5030.0,42.0,2117400.0,11492
2023-05-10 21:33:44,sp2305,sp2305,5040.0,0.0,0.0,0.0,4,5024.0,5048.0,4,5038.0,5046.0,5052.0,5030.0,42.0,2117400.0,11492
2023-05-10 21:34:11,sp2305,sp2305,5040.0,0.0,0.0,0.0,2,5020.0,5048.0,4,5038.0,5046.0,5052.0,5030.0,42.0,2117400.0,11492
2023-05-10 21:34:12,sp2305,sp2305,5040.0,0.0,0.0,0.0,4,5024.0,5048.0,4,5038.0,5046.0,5052.0,5030.0,42.0,2117400.0,11492
2023-05-10 21:34:12,sp2305,sp2305,5040.0,0.0,0.0,0.0,4,5034.0,5048.0,4,5038.0,5046.0,5052.0,5030.0,42.0,2117400.0,11492
2023-05-10 21:34:13,sp2305,sp2305,5040.0,0.0,0.0,0.0,4,5034.0,5048.0,4,5038.0,5046.0,5052.0,5030.0,42.0,2117400.0,11492
2023-05-10 21:34:49,sp2305,sp2305,5040.0,0.0,0.0,0.0,2,5020.0,5048.0,4,5038.0,5046.0,5052.0,5030.0,42.0,2117400.0,11492
2023-05-10 21:34:50,sp2305,sp2305,5040.0,0.0,0.0,0.0,4,5026.0,5048.0,4,5038.0,5046.0,5052.0,5030.0,42.0,2117400.0,11492
2023-05-10 21:35:35,sp2305,sp2305,5040.0,0.0,0.0,0.0,10,5034.0,5048.0,4,5038.0,5046.0,5052.0,5030.0,42.0,2117400.0,11492
2023-05-10 21:36:02,sp2305,sp2305,5040.0,0.0,0.0,0.0,2,5020.0,5048.0,4,5038.0,5046.0,5052.0,5030.0,42.0,2117400.0,11492
2023-05-10 21:36:03,sp2305,sp2305,5040.0,0.0,0.0,0.0,8,5034.0,5048.0,4,5038.0,5046.0,5052.0,5030.0,42.0,2117400.0,11492
2023-05-10 21:36:03,sp2305,sp2305,5040.0,0.0,0.0,0.0,2,5020.0,5048.0,4,5038.0,5046.0,5052.0,5030.0,42.0,2117400.0,11492
2023-05-10 21:36:04,sp2305,sp2305,5040.0,0.0,0.0,0.0,4,5022.0,5048.0,4,5038.0,5046.0,5052.0,5030.0,42.0,2117400.0,11492
2023-05-10 21:36:09,sp2305,sp2305,5040.0,0.0,0.0,0.0,2,5020.0,5048.0,4,5038.0,5046.0,5052.0,5030.0,42.0,2117400.0,11492
2023-05-10 21:36:09,sp2305,sp2305,5040.0,0.0,0.0,0.0,6,5020.0,5048.0,4,5038.0,5046.0,5052.0,5030.0,42.0,2117400.0,11492
2023-05-10 21:36:10,sp2305,sp2305,5040.0,0.0,0.0,0.0,10,5026.0,5048.0,4,5038.0,5046.0,5052.0,5030.0,42.0,2117400.0,11492
2023-05-10 21:36:11,sp2305,sp2305,5040.0,0.0,0.0,0.0,4,5028.0,5048.0,4,5038.0,5046.0,5052.0,5030.0,42.0,2117400.0,11492
2023-05-10 21:36:11,sp2305,sp2305,5040.0,0.0,0.0,0.0,2,5020.0,5048.0,4,5038.0,5046.0,5052.0,5030.0,42.0,2117400.0,11492
2023-05-10 21:36:12,sp2305,sp2305,5040.0,0.0,0.0,0.0,10,5026.0,5048.0,4,5038.0,5046.0,5052.0,5030.0,42.0,2117400.0,11492
2023-05-10 21:36:13,sp2305,sp2305,5040.0,0.0,0.0,0.0,2,5020.0,5048.0,4,5038.0,5046.0,5052.0,5030.0,42.0,2117400.0,11492
2023-05-10 21:36:14,sp2305,sp2305,5040.0,0.0,0.0,0.0,4,5022.0,5048.0,4,5038.0,5046.0,5052.0,5030.0,42.0,2117400.0,11492
2023-05-10 21:36:15,sp2305,sp2305,5040.0,0.0,0.0,0.0,6,5024.0,5048.0,4,5038.0,5046.0,5052.0,5030.0,42.0,2117400.0,11492
2023-05-10 21:36:15,sp2305,sp2305,5040.0,0.0,0.0,0.0,2,5020.0,5048.0,4,5038.0,5046.0,5052.0,5030.0,42.0,2117400.0,11492
2023-05-10 21:36:16,sp2305,sp2305,5040.0,0.0,0.0,0.0,4,5022.0,5048.0,4,5038.0,5046.0,5052.0,5030.0,42.0,2117400.0,11492
2023-05-10 21:36:16,sp2305,sp2305,5040.0,0.0,0.0,0.0,4,5024.0,5048.0,4,5038.0,5046.0,5052.0,5030.0,42.0,2117400.0,11492
2023-05-10 21:36:21,sp2305,sp2305,5040.0,0.0,0.0,0.0,2,5020.0,5048.0,4,5038.0,5046.0,5052.0,5030.0,42.0,2117400.0,11492
2023-05-10 21:36:21,sp2305,sp2305,5040.0,0.0,0.0,0.0,4,5022.0,5048.0,4,5038.0,5046.0,5052.0,5030.0,42.0,2117400.0,11492
2023-05-10 21:36:22,sp2305,sp2305,5040.0,0.0,0.0,0.0,6,5024.0,5048.0,4,5038.0,5046.0,5052.0,5030.0,42.0,2117400.0,11492
2023-05-10 21:36:23,sp2305,sp2305,5040.0,0.0,0.0,0.0,2,5020.0,5048.0,4,5038.0,5046.0,5052.0,5030.0,42.0,2117400.0,11492
2023-05-10 21:36:24,sp2305,sp2305,5040.0,0.0,0.0,0.0,4,5024.0,5048.0,4,5038.0,5046.0,5052.0,5030.0,42.0,2117400.0,11492
2023-05-10 21:36:24,sp2305,sp2305,5040.0,0.0,0.0,0.0,2,5020.0,5048.0,4,5038.0,5046.0,5052.0,5030.0,42.0,2117400.0,11492
2023-05-10 21:36:48,sp2305,sp2305,5040.0,0.0,0.0,0.0,4,5022.0,5048.0,4,5038.0,5046.0,5052.0,5030.0,42.0,2117400.0,11492
2023-05-10 21:37:30,sp2305,sp2305,5040.0,0.0,0.0,0.0,2,5020.0,5048.0,4,5038.0,5046.0,5052.0,5030.0,42.0,2117400.0,11492
2023-05-10 21:37:35,sp2305,sp2305,5040.0,0.0,0.0,0.0,4,5026.0,5048.0,4,5038.0,5046.0,5052.0,5030.0,42.0,2117400.0,11492
2023-05-10 21:37:44,sp2305,sp2305,5040.0,0.0,0.0,0.0,8,5028.0,5048.0,4,5038.0,5046.0,5052.0,5030.0,42.0,2117400.0,11492
2023-05-10 21:37:45,sp2305,sp2305,5040.0,0.0,0.0,0.0,2,5020.0,5048.0,4,5038.0,5046.0,5052.0,5030.0,42.0,2117400.0,11492
2023-05-10 21:37:49,sp2305,sp2305,5040.0,0.0,0.0,0.0,4,5022.0,5048.0,4,5038.0,5046.0,5052.0,5030.0,42.0,2117400.0,11492
2023-05-10 21:37:50,sp2305,sp2305,5040.0,0.0,0.0,0.0,2,5020.0,5048.0,4,5038.0,5046.0,5052.0,5030.0,42.0,2117400.0,11492
2023-05-10 21:37:50,sp2305,sp2305,5040.0,0.0,0.0,0.0,6,5022.0,5048.0,4,5038.0,5046.0,5052.0,5030.0,42.0,2117400.0,11492
2023-05-10 21:37:53,sp2305,sp2305,5040.0,0.0,0.0,0.0,10,5024.0,5048.0,4,5038.0,5046.0,5052.0,5030.0,42.0,2117400.0,11492
2023-05-10 21:37:57,sp2305,sp2305,5040.0,0.0,0.0,0.0,2,5020.0,5048.0,4,5038.0,5046.0,5052.0,5030.0,42.0,2117400.0,11492
2023-05-10 21:37:57,sp2305,sp2305,5040.0,0.0,0.0,0.0,10,5024.0,5048.0,4,5038.0,5046.0,5052.0,5030.0,42.0,2117400.0,11492
2023-05-10 21:38:18,sp2305,sp2305,5040.0,0.0,0.0,0.0,2,5020.0,5048.0,4,5038.0,5046.0,5052.0,5030.0,42.0,2117400.0,11492
2023-05-10 21:38:19,sp2305,sp2305,5040.0,0.0,0.0,0.0,8,5024.0,5048.0,4,5038.0,5046.0,5052.0,5030.0,42.0,2117400.0,11492
2023-05-10 21:38:25,sp2305,sp2305,5040.0,0.0,0.0,0.0,2,5020.0,5048.0,4,5038.0,5046.0,5052.0,5030.0,42.0,2117400.0,11492
2023-05-10 21:38:25,sp2305,sp2305,5040.0,0.0,0.0,0.0,4,5026.0,5048.0,4,5038.0,5046.0,5052.0,5030.0,42.0,2117400.0,11492
2023-05-10 21:38:33,sp2305,sp2305,5040.0,0.0,0.0,0.0,2,5020.0,5048.0,4,5038.0,5046.0,5052.0,5030.0,42.0,2117400.0,11492
2023-05-10 21:39:03,sp2305,sp2305,5040.0,0.0,0.0,0.0,4,5026.0,5048.0,4,5038.0,5046.0,5052.0,5030.0,42.0,2117400.0,11492
2023-05-10 21:39:05,sp2305,sp2305,5040.0,0.0,0.0,0.0,4,5026.0,5050.0,10,5038.0,5046.0,5052.0,5030.0,42.0,2117400.0,11492
2023-05-10 21:39:26,sp2305,sp2305,5040.0,0.0,0.0,0.0,4,5026.0,5040.0,4,5038.0,5046.0,5052.0,5030.0,42.0,2117400.0,11492
2023-05-10 21:40:02,sp2305,sp2305,5040.0,0.0,0.0,0.0,2,5020.0,5040.0,4,5038.0,5046.0,5052.0,5030.0,42.0,2117400.0,11492
2023-05-10 21:40:12,sp2305,sp2305,5040.0,0.0,0.0,0.0,8,5024.0,5040.0,4,5038.0,5046.0,5052.0,5030.0,42.0,2117400.0,11492
2023-05-10 21:40:14,sp2305,sp2305,5040.0,0.0,0.0,0.0,2,5020.0,5040.0,4,5038.0,5046.0,5052.0,5030.0,42.0,2117400.0,11492
2023-05-10 21:40:26,sp2305,sp2305,5040.0,0.0,0.0,0.0,2,5020.0,5040.0,8,5038.0,5046.0,5052.0,5030.0,42.0,2117400.0,11492
2023-05-10 21:42:17,sp2305,sp2305,5040.0,0.0,0.0,0.0,2,5020.0,5040.0,8,5038.0,5046.0,5052.0,5030.0,42.0,2117400.0,11492
2023-05-10 21:42:18,sp2305,sp2305,5040.0,0.0,0.0,0.0,2,5020.0,5040.0,8,5038.0,5046.0,5052.0,5030.0,42.0,2117400.0,11492
2023-05-10 21:42:51,sp2305,sp2305,5040.0,0.0,0.0,0.0,8,5024.0,5040.0,8,5038.0,5046.0,5052.0,5030.0,42.0,2117400.0,11492
2023-05-10 21:42:53,sp2305,sp2305,5040.0,0.0,0.0,0.0,2,5020.0,5040.0,8,5038.0,5046.0,5052.0,5030.0,42.0,2117400.0,11492
2023-05-10 21:43:07,sp2305,sp2305,5040.0,0.0,0.0,0.0,4,5026.0,5040.0,8,5038.0,5046.0,5052.0,5030.0,42.0,2117400.0,11492
2023-05-10 21:43:26,sp2305,sp2305,5040.0,0.0,0.0,0.0,2,5020.0,5040.0,8,5038.0,5046.0,5052.0,5030.0,42.0,2117400.0,11492
2023-05-10 21:43:42,sp2305,sp2305,5040.0,0.0,0.0,0.0,8,5024.0,5040.0,8,5038.0,5046.0,5052.0,5030.0,42.0,2117400.0,11492
2023-05-10 21:43:47,sp2305,sp2305,5040.0,0.0,0.0,0.0,2,5020.0,5040.0,8,5038.0,5046.0,5052.0,5030.0,42.0,2117400.0,11492
2023-05-10 21:43:48,sp2305,sp2305,5040.0,0.0,0.0,0.0,10,5024.0,5040.0,8,5038.0,5046.0,5052.0,5030.0,42.0,2117400.0,11492
2023-05-10 21:43:55,sp2305,sp2305,5040.0,0.0,0.0,0.0,2,5020.0,5040.0,8,5038.0,5046.0,5052.0,5030.0,42.0,2117400.0,11492
2023-05-10 21:43:56,sp2305,sp2305,5040.0,0.0,0.0,0.0,8,5024.0,5040.0,8,5038.0,5046.0,5052.0,5030.0,42.0,2117400.0,11492
2023-05-10 21:44:12,sp2305,sp2305,5040.0,0.0,0.0,0.0,6,5026.0,5040.0,8,5038.0,5046.0,5052.0,5030.0,42.0,2117400.0,11492
2023-05-10 21:44:13,sp2305,sp2305,5040.0,0.0,0.0,0.0,2,5020.0,5040.0,8,5038.0,5046.0,5052.0,5030.0,42.0,2117400.0,11492
2023-05-10 21:44:13,sp2305,sp2305,5040.0,0.0,0.0,0.0,4,5026.0,5040.0,8,5038.0,5046.0,5052.0,5030.0,42.0,2117400.0,11492
2023-05-10 21:44:27,sp2305,sp2305,5040.0,0.0,0.0,0.0,2,5020.0,5040.0,8,5038.0,5046.0,5052.0,5030.0,42.0,2117400.0,11492
2023-05-10 21:45:08,sp2305,sp2305,5040.0,0.0,0.0,0.0,8,5024.0,5040.0,8,5038.0,5046.0,5052.0,5030.0,42.0,2117400.0,11492
2023-05-10 21:45:09,sp2305,sp2305,5040.0,0.0,0.0,0.0,2,5020.0,5040.0,8,5038.0,5046.0,5052.0,5030.0,42.0,2117400.0,11492
2023-05-10 21:45:09,sp2305,sp2305,5040.0,0.0,0.0,0.0,6,5024.0,5040.0,8,5038.0,5046.0,5052.0,5030.0,42.0,2117400.0,11492
2023-05-10 21:45:16,sp2305,sp2305,5040.0,0.0,0.0,0.0,2,5020.0,5040.0,8,5038.0,5046.0,5052.0,5030.0,42.0,2117400.0,11492
2023-05-10 21:45:23,sp2305,sp2305,5040.0,0.0,0.0,0.0,6,5024.0,5040.0,8,5038.0,5046.0,5052.0,5030.0,42.0,2117400.0,11492
2023-05-10 21:45:28,sp2305,sp2305,5040.0,0.0,0.0,0.0,2,5020.0,5040.0,8,5038.0,5046.0,5052.0,5030.0,42.0,2117400.0,11492
2023-05-10 21:45:28,sp2305,sp2305,5040.0,0.0,0.0,0.0,4,5026.0,5040.0,8,5038.0,5046.0,5052.0,5030.0,42.0,2117400.0,11492
2023-05-10 21:46:24,sp2305,sp2305,5040.0,0.0,0.0,0.0,2,5020.0,5040.0,8,5038.0,5046.0,5052.0,5030.0,42.0,2117400.0,11492
2023-05-10 21:46:24,sp2305,sp2305,5040.0,0.0,0.0,0.0,6,5024.0,5040.0,8,5038.0,5046.0,5052.0,5030.0,42.0,2117400.0,11492
2023-05-10 21:46:25,sp2305,sp2305,5040.0,0.0,0.0,0.0,2,5020.0,5040.0,8,5038.0,5046.0,5052.0,5030.0,42.0,2117400.0,11492
2023-05-10 21:46:26,sp2305,sp2305,5040.0,0.0,0.0,0.0,4,5026.0,5040.0,8,5038.0,5046.0,5052.0,5030.0,42.0,2117400.0,11492
2023-05-10 21:47:31,sp2305,sp2305,5040.0,0.0,0.0,0.0,2,5020.0,5040.0,8,5038.0,5046.0,5052.0,5030.0,42.0,2117400.0,11492
2023-05-10 21:47:33,sp2305,sp2305,5040.0,0.0,0.0,0.0,4,5026.0,5040.0,8,5038.0,5046.0,5052.0,5030.0,42.0,2117400.0,11492
2023-05-10 21:48:06,sp2305,sp2305,5040.0,0.0,0.0,0.0,4,5026.0,5040.0,4,5038.0,5046.0,5052.0,5030.0,42.0,2117400.0,11492
2023-05-10 21:48:12,sp2305,sp2305,5040.0,0.0,0.0,0.0,2,5020.0,5040.0,4,5038.0,5046.0,5052.0,5030.0,42.0,2117400.0,11492
2023-05-10 21:48:13,sp2305,sp2305,5040.0,0.0,0.0,0.0,4,5024.0,5040.0,4,5038.0,5046.0,5052.0,5030.0,42.0,2117400.0,11492
2023-05-10 21:48:17,sp2305,sp2305,5040.0,0.0,0.0,0.0,4,5024.0,5026.0,4,5038.0,5046.0,5052.0,5030.0,42.0,2117400.0,11492
2023-05-10 21:48:35,sp2305,sp2305,5040.0,0.0,0.0,0.0,2,5020.0,5026.0,4,5038.0,5046.0,5052.0,5030.0,42.0,2117400.0,11492
2023-05-10 21:48:40,sp2305,sp2305,5040.0,0.0,0.0,0.0,4,5024.0,5026.0,4,5038.0,5046.0,5052.0,5030.0,42.0,2117400.0,11492
2023-05-10 21:49:38,sp2305,sp2305,5040.0,0.0,0.0,0.0,2,5020.0,5026.0,4,5038.0,5046.0,5052.0,5030.0,42.0,2117400.0,11492
2023-05-10 21:49:39,sp2305,sp2305,5040.0,0.0,0.0,0.0,4,5024.0,5026.0,4,5038.0,5046.0,5052.0,5030.0,42.0,2117400.0,11492
2023-05-10 21:49:53,sp2305,sp2305,5026.0,2.0,100520.0,0.0,2,5020.0,5026.0,2,5038.0,5046.0,5052.0,5026.0,44.0,2217920.0,11492
2023-05-10 21:49:54,sp2305,sp2305,5026.0,2.0,100520.0,0.0,4,5024.0,5040.0,4,5038.0,5046.0,5052.0,5026.0,46.0,2318440.0,11492
2023-05-10 21:49:54,sp2305,sp2305,5026.0,0.0,0.0,0.0,2,5020.0,5040.0,4,5038.0,5046.0,5052.0,5026.0,46.0,2318440.0,11492
2023-05-10 21:50:15,sp2305,sp2305,5026.0,0.0,0.0,0.0,2,5020.0,5066.0,10,5038.0,5046.0,5052.0,5026.0,46.0,2318440.0,11492
2023-05-10 21:50:16,sp2305,sp2305,5026.0,0.0,0.0,0.0,2,5020.0,5060.0,4,5038.0,5046.0,5052.0,5026.0,46.0,2318440.0,11492
2023-05-10 21:50:25,sp2305,sp2305,5026.0,0.0,0.0,0.0,2,5020.0,5060.0,10,5038.0,5046.0,5052.0,5026.0,46.0,2318440.0,11492
2023-05-10 21:50:36,sp2305,sp2305,5026.0,0.0,0.0,0.0,2,5020.0,5060.0,8,5038.0,5046.0,5052.0,5026.0,46.0,2318440.0,11492
2023-05-10 21:51:28,sp2305,sp2305,5026.0,0.0,0.0,0.0,2,5020.0,5056.0,4,5038.0,5046.0,5052.0,5026.0,46.0,2318440.0,11492
2023-05-10 21:51:29,sp2305,sp2305,5026.0,0.0,0.0,0.0,2,5020.0,5056.0,4,5038.0,5046.0,5052.0,5026.0,46.0,2318440.0,11492
2023-05-10 21:51:54,sp2305,sp2305,5020.0,2.0,100400.0,-2.0,2,5018.0,5056.0,4,5038.0,5046.0,5052.0,5020.0,48.0,2418840.0,11490
2023-05-10 21:52:05,sp2305,sp2305,5020.0,0.0,0.0,0.0,2,5018.0,5054.0,2,5038.0,5046.0,5052.0,5020.0,48.0,2418840.0,11490
2023-05-10 21:52:06,sp2305,sp2305,5020.0,0.0,0.0,0.0,4,5024.0,5054.0,2,5038.0,5046.0,5052.0,5020.0,48.0,2418840.0,11490
2023-05-10 21:52:20,sp2305,sp2305,5020.0,0.0,0.0,0.0,4,5024.0,5050.0,4,5038.0,5046.0,5052.0,5020.0,48.0,2418840.0,11490
2023-05-10 21:52:39,sp2305,sp2305,5020.0,0.0,0.0,0.0,2,5018.0,5050.0,4,5038.0,5046.0,5052.0,5020.0,48.0,2418840.0,11490
2023-05-10 21:53:42,sp2305,sp2305,5020.0,0.0,0.0,0.0,2,5018.0,5054.0,2,5038.0,5046.0,5052.0,5020.0,48.0,2418840.0,11490
2023-05-10 21:53:52,sp2305,sp2305,5020.0,0.0,0.0,0.0,10,5020.0,5054.0,6,5038.0,5046.0,5052.0,5020.0,48.0,2418840.0,11490
2023-05-10 21:54:07,sp2305,sp2305,5020.0,0.0,0.0,0.0,10,5020.0,5052.0,2,5038.0,5046.0,5052.0,5020.0,48.0,2418840.0,11490
2023-05-10 21:54:25,sp2305,sp2305,5020.0,0.0,0.0,0.0,2,5018.0,5052.0,2,5038.0,5046.0,5052.0,5020.0,48.0,2418840.0,11490
2023-05-10 21:54:25,sp2305,sp2305,5020.0,0.0,0.0,0.0,8,5020.0,5052.0,2,5038.0,5046.0,5052.0,5020.0,48.0,2418840.0,11490
2023-05-10 21:54:26,sp2305,sp2305,5020.0,0.0,0.0,0.0,2,5018.0,5052.0,2,5038.0,5046.0,5052.0,5020.0,48.0,2418840.0,11490
2023-05-10 21:54:27,sp2305,sp2305,5020.0,0.0,0.0,0.0,4,5020.0,5052.0,2,5038.0,5046.0,5052.0,5020.0,48.0,2418840.0,11490
2023-05-10 21:54:27,sp2305,sp2305,5020.0,0.0,0.0,0.0,2,5018.0,5052.0,2,5038.0,5046.0,5052.0,5020.0,48.0,2418840.0,11490
2023-05-10 21:55:06,sp2305,sp2305,5052.0,2.0,101040.0,-2.0,48,5052.0,5054.0,2,5038.0,5046.0,5052.0,5020.0,50.0,2519880.0,11488
2023-05-10 21:55:07,sp2305,sp2305,5052.0,48.0,2424960.0,-40.0,2,5018.0,5052.0,6,5038.0,5046.0,5052.0,5020.0,98.0,4944840.0,11448
2023-05-10 21:55:07,sp2305,sp2305,5052.0,0.0,0.0,0.0,2,5018.0,5054.0,2,5038.0,5046.0,5052.0,5020.0,98.0,4944840.0,11448
2023-05-10 21:55:18,sp2305,sp2305,5052.0,0.0,0.0,0.0,2,5018.0,5054.0,6,5038.0,5046.0,5052.0,5020.0,98.0,4944840.0,11448
2023-05-10 21:55:29,sp2305,sp2305,5052.0,0.0,0.0,0.0,2,5018.0,5054.0,4,5038.0,5046.0,5052.0,5020.0,98.0,4944840.0,11448
2023-05-10 21:55:48,sp2305,sp2305,5052.0,0.0,0.0,0.0,2,5018.0,5048.0,20,5038.0,5046.0,5052.0,5020.0,98.0,4944840.0,11448
2023-05-10 21:55:49,sp2305,sp2305,5052.0,0.0,0.0,0.0,2,5018.0,5048.0,20,5038.0,5046.0,5052.0,5020.0,98.0,4944840.0,11448
2023-05-10 21:55:54,sp2305,sp2305,5052.0,0.0,0.0,0.0,4,5030.0,5048.0,20,5038.0,5046.0,5052.0,5020.0,98.0,4944840.0,11448
2023-05-10 21:55:57,sp2305,sp2305,5052.0,0.0,0.0,0.0,4,5030.0,5048.0,20,5038.0,5046.0,5052.0,5020.0,98.0,4944840.0,11448
2023-05-10 21:55:58,sp2305,sp2305,5052.0,0.0,0.0,0.0,4,5030.0,5046.0,4,5038.0,5046.0,5052.0,5020.0,98.0,4944840.0,11448
2023-05-10 21:56:02,sp2305,sp2305,5052.0,0.0,0.0,0.0,4,5030.0,5046.0,4,5038.0,5046.0,5052.0,5020.0,98.0,4944840.0,11448
2023-05-10 21:56:07,sp2305,sp2305,5052.0,0.0,0.0,0.0,4,5030.0,5046.0,4,5038.0,5046.0,5052.0,5020.0,98.0,4944840.0,11448
2023-05-10 21:56:08,sp2305,sp2305,5052.0,0.0,0.0,0.0,4,5030.0,5046.0,4,5038.0,5046.0,5052.0,5020.0,98.0,4944840.0,11448
2023-05-10 21:56:10,sp2305,sp2305,5052.0,0.0,0.0,0.0,4,5030.0,5046.0,4,5038.0,5046.0,5052.0,5020.0,98.0,4944840.0,11448
2023-05-10 21:56:21,sp2305,sp2305,5052.0,0.0,0.0,0.0,2,5020.0,5046.0,4,5038.0,5046.0,5052.0,5020.0,98.0,4944840.0,11448
2023-05-10 21:56:22,sp2305,sp2305,5052.0,0.0,0.0,0.0,4,5030.0,5046.0,4,5038.0,5046.0,5052.0,5020.0,98.0,4944840.0,11448
2023-05-10 21:56:47,sp2305,sp2305,5052.0,0.0,0.0,0.0,2,5020.0,5046.0,4,5038.0,5046.0,5052.0,5020.0,98.0,4944840.0,11448
2023-05-10 21:56:48,sp2305,sp2305,5052.0,0.0,0.0,0.0,4,5042.0,5046.0,4,5038.0,5046.0,5052.0,5020.0,98.0,4944840.0,11448
2023-05-10 21:56:48,sp2305,sp2305,5042.0,2.0,100840.0,-2.0,2,5042.0,5046.0,4,5038.0,5046.0,5052.0,5020.0,100.0,5045680.0,11446
2023-05-10 21:56:49,sp2305,sp2305,5042.0,2.0,100840.0,-2.0,4,5034.0,5046.0,4,5038.0,5046.0,5052.0,5020.0,102.0,5146520.0,11444
2023-05-10 21:57:04,sp2305,sp2305,5042.0,0.0,0.0,0.0,4,5034.0,5048.0,20,5038.0,5046.0,5052.0,5020.0,102.0,5146520.0,11444
2023-05-10 21:57:13,sp2305,sp2305,5042.0,0.0,0.0,0.0,2,5020.0,5048.0,20,5038.0,5046.0,5052.0,5020.0,102.0,5146520.0,11444
2023-05-10 21:57:13,sp2305,sp2305,5042.0,0.0,0.0,0.0,4,5022.0,5048.0,20,5038.0,5046.0,5052.0,5020.0,102.0,5146520.0,11444
2023-05-10 21:57:14,sp2305,sp2305,5042.0,0.0,0.0,0.0,4,5022.0,5048.0,20,5038.0,5046.0,5052.0,5020.0,102.0,5146520.0,11444
2023-05-10 21:57:15,sp2305,sp2305,5042.0,0.0,0.0,0.0,4,5022.0,5048.0,20,5038.0,5046.0,5052.0,5020.0,102.0,5146520.0,11444
2023-05-10 21:57:16,sp2305,sp2305,5042.0,0.0,0.0,0.0,4,5022.0,5048.0,20,5038.0,5046.0,5052.0,5020.0,102.0,5146520.0,11444
2023-05-10 21:57:18,sp2305,sp2305,5042.0,0.0,0.0,0.0,4,5022.0,5048.0,20,5038.0,5046.0,5052.0,5020.0,102.0,5146520.0,11444
2023-05-10 21:57:24,sp2305,sp2305,5042.0,0.0,0.0,0.0,4,5020.0,5048.0,20,5038.0,5046.0,5052.0,5020.0,102.0,5146520.0,11444
2023-05-10 21:57:25,sp2305,sp2305,5042.0,0.0,0.0,0.0,4,5022.0,5048.0,20,5038.0,5046.0,5052.0,5020.0,102.0,5146520.0,11444
2023-05-10 21:57:50,sp2305,sp2305,5042.0,0.0,0.0,0.0,4,5022.0,5046.0,4,5038.0,5046.0,5052.0,5020.0,102.0,5146520.0,11444
2023-05-10 21:58:08,sp2305,sp2305,5042.0,0.0,0.0,0.0,4,5042.0,5046.0,4,5038.0,5046.0,5052.0,5020.0,102.0,5146520.0,11444
2023-05-10 21:58:09,sp2305,sp2305,5042.0,2.0,100840.0,-2.0,2,5042.0,5046.0,4,5038.0,5046.0,5052.0,5020.0,104.0,5247360.0,11442
2023-05-10 21:58:09,sp2305,sp2305,5042.0,2.0,100840.0,-2.0,6,5024.0,5046.0,4,5038.0,5046.0,5052.0,5020.0,106.0,5348200.0,11440
2023-05-10 21:58:10,sp2305,sp2305,5042.0,0.0,0.0,0.0,4,5020.0,5046.0,4,5038.0,5046.0,5052.0,5020.0,106.0,5348200.0,11440
2023-05-10 21:58:10,sp2305,sp2305,5042.0,0.0,0.0,0.0,4,5024.0,5046.0,4,5038.0,5046.0,5052.0,5020.0,106.0,5348200.0,11440
2023-05-10 21:58:14,sp2305,sp2305,5042.0,0.0,0.0,0.0,4,5020.0,5046.0,4,5038.0,5046.0,5052.0,5020.0,106.0,5348200.0,11440
2023-05-10 21:58:15,sp2305,sp2305,5042.0,0.0,0.0,0.0,4,5024.0,5046.0,4,5038.0,5046.0,5052.0,5020.0,106.0,5348200.0,11440
2023-05-10 21:58:16,sp2305,sp2305,5042.0,0.0,0.0,0.0,4,5024.0,5046.0,14,5038.0,5046.0,5052.0,5020.0,106.0,5348200.0,11440
2023-05-10 21:58:17,sp2305,sp2305,5042.0,0.0,0.0,0.0,4,5020.0,5046.0,14,5038.0,5046.0,5052.0,5020.0,106.0,5348200.0,11440
2023-05-10 21:58:18,sp2305,sp2305,5042.0,0.0,0.0,0.0,4,5024.0,5046.0,14,5038.0,5046.0,5052.0,5020.0,106.0,5348200.0,11440
2023-05-10 21:58:22,sp2305,sp2305,5042.0,0.0,0.0,0.0,4,5020.0,5046.0,14,5038.0,5046.0,5052.0,5020.0,106.0,5348200.0,11440
2023-05-10 21:58:25,sp2305,sp2305,5042.0,0.0,0.0,0.0,4,5022.0,5046.0,14,5038.0,5046.0,5052.0,5020.0,106.0,5348200.0,11440
2023-05-10 21:58:49,sp2305,sp2305,5042.0,0.0,0.0,0.0,4,5020.0,5046.0,14,5038.0,5046.0,5052.0,5020.0,106.0,5348200.0,11440
2023-05-10 21:58:55,sp2305,sp2305,5048.0,20.0,1009320.0,-16.0,4,5020.0,5048.0,14,5038.0,5046.0,5052.0,5020.0,126.0,6357520.0,11424
2023-05-10 21:58:57,sp2305,sp2305,5060.0,20.0,1010320.0,-20.0,4,5020.0,5064.0,2,5038.0,5046.0,5060.0,5020.0,146.0,7367840.0,11404
2023-05-10 21:58:58,sp2305,sp2305,5060.0,0.0,0.0,0.0,4,5020.0,5056.0,2,5038.0,5046.0,5060.0,5020.0,146.0,7367840.0,11404
2023-05-10 21:59:00,sp2305,sp2305,5060.0,0.0,0.0,0.0,4,5030.0,5056.0,2,5038.0,5046.0,5060.0,5020.0,146.0,7367840.0,11404
2023-05-10 21:59:28,sp2305,sp2305,5060.0,0.0,0.0,0.0,4,5030.0,5056.0,2,5038.0,5046.0,5060.0,5020.0,146.0,7367840.0,11404
2023-05-10 21:59:45,sp2305,sp2305,5060.0,0.0,0.0,0.0,4,5030.0,5048.0,2,5038.0,5046.0,5060.0,5020.0,146.0,7367840.0,11404
2023-05-10 21:59:45,sp2305,sp2305,5060.0,0.0,0.0,0.0,4,5030.0,5048.0,2,5038.0,5046.0,5060.0,5020.0,146.0,7367840.0,11404
2023-05-10 22:01:22,sp2305,sp2305,5060.0,0.0,0.0,0.0,4,5030.0,5066.0,10,5038.0,5046.0,5060.0,5020.0,146.0,7367840.0,11404
2023-05-10 22:01:23,sp2305,sp2305,5060.0,0.0,0.0,0.0,4,5030.0,5054.0,2,5038.0,5046.0,5060.0,5020.0,146.0,7367840.0,11404
2023-05-10 22:01:23,sp2305,sp2305,5060.0,0.0,0.0,0.0,4,5030.0,5054.0,2,5038.0,5046.0,5060.0,5020.0,146.0,7367840.0,11404
2023-05-10 22:01:40,sp2305,sp2305,5030.0,4.0,201200.0,-4.0,4,5020.0,5054.0,2,5038.0,5046.0,5060.0,5020.0,150.0,7569040.0,11400
2023-05-10 22:01:40,sp2305,sp2305,5030.0,0.0,0.0,0.0,8,5020.0,5054.0,2,5038.0,5046.0,5060.0,5020.0,150.0,7569040.0,11400
2023-05-10 22:01:50,sp2305,sp2305,5030.0,0.0,0.0,0.0,10,5028.0,5054.0,2,5038.0,5046.0,5060.0,5020.0,150.0,7569040.0,11400
2023-05-10 22:01:51,sp2305,sp2305,5030.0,0.0,0.0,0.0,10,5028.0,5052.0,4,5038.0,5046.0,5060.0,5020.0,150.0,7569040.0,11400
2023-05-10 22:01:51,sp2305,sp2305,5030.0,0.0,0.0,0.0,10,5028.0,5052.0,6,5038.0,5046.0,5060.0,5020.0,150.0,7569040.0,11400
2023-05-10 22:01:56,sp2305,sp2305,5030.0,0.0,0.0,0.0,4,5030.0,5052.0,6,5038.0,5046.0,5060.0,5020.0,150.0,7569040.0,11400
2023-05-10 22:02:08,sp2305,sp2305,5030.0,0.0,0.0,0.0,4,5030.0,5052.0,6,5038.0,5046.0,5060.0,5020.0,150.0,7569040.0,11400
2023-05-10 22:02:12,sp2305,sp2305,5030.0,0.0,0.0,0.0,4,5020.0,5052.0,6,5038.0,5046.0,5060.0,5020.0,150.0,7569040.0,11400
2023-05-10 22:02:12,sp2305,sp2305,5030.0,0.0,0.0,0.0,8,5030.0,5052.0,6,5038.0,5046.0,5060.0,5020.0,150.0,7569040.0,11400
2023-05-10 22:02:13,sp2305,sp2305,5030.0,0.0,0.0,0.0,4,5032.0,5052.0,6,5038.0,5046.0,5060.0,5020.0,150.0,7569040.0,11400
2023-05-10 22:02:13,sp2305,sp2305,5030.0,0.0,0.0,0.0,4,5032.0,5052.0,6,5038.0,5046.0,5060.0,5020.0,150.0,7569040.0,11400
2023-05-10 22:02:14,sp2305,sp2305,5030.0,0.0,0.0,0.0,4,5020.0,5052.0,6,5038.0,5046.0,5060.0,5020.0,150.0,7569040.0,11400
2023-05-10 22:02:14,sp2305,sp2305,5030.0,0.0,0.0,0.0,6,5030.0,5052.0,6,5038.0,5046.0,5060.0,5020.0,150.0,7569040.0,11400
2023-05-10 22:02:15,sp2305,sp2305,5030.0,0.0,0.0,0.0,4,5020.0,5052.0,6,5038.0,5046.0,5060.0,5020.0,150.0,7569040.0,11400
2023-05-10 22:02:15,sp2305,sp2305,5030.0,0.0,0.0,0.0,4,5030.0,5052.0,6,5038.0,5046.0,5060.0,5020.0,150.0,7569040.0,11400
2023-05-10 22:02:16,sp2305,sp2305,5030.0,0.0,0.0,0.0,4,5030.0,5052.0,6,5038.0,5046.0,5060.0,5020.0,150.0,7569040.0,11400
2023-05-10 22:02:17,sp2305,sp2305,5030.0,0.0,0.0,0.0,4,5020.0,5052.0,6,5038.0,5046.0,5060.0,5020.0,150.0,7569040.0,11400
2023-05-10 22:02:17,sp2305,sp2305,5030.0,0.0,0.0,0.0,8,5020.0,5052.0,6,5038.0,5046.0,5060.0,5020.0,150.0,7569040.0,11400
2023-05-10 22:02:19,sp2305,sp2305,5030.0,0.0,0.0,0.0,4,5022.0,5052.0,6,5038.0,5046.0,5060.0,5020.0,150.0,7569040.0,11400
2023-05-10 22:02:19,sp2305,sp2305,5030.0,0.0,0.0,0.0,10,5028.0,5052.0,6,5038.0,5046.0,5060.0,5020.0,150.0,7569040.0,11400
2023-05-10 22:02:22,sp2305,sp2305,5030.0,0.0,0.0,0.0,4,5030.0,5052.0,6,5038.0,5046.0,5060.0,5020.0,150.0,7569040.0,11400
2023-05-10 22:02:52,sp2305,sp2305,5030.0,0.0,0.0,0.0,4,5030.0,5052.0,4,5038.0,5046.0,5060.0,5020.0,150.0,7569040.0,11400
2023-05-10 22:02:57,sp2305,sp2305,5030.0,0.0,0.0,0.0,4,5030.0,5064.0,4,5038.0,5046.0,5060.0,5020.0,150.0,7569040.0,11400
2023-05-10 22:02:57,sp2305,sp2305,5030.0,0.0,0.0,0.0,4,5020.0,5056.0,2,5038.0,5046.0,5060.0,5020.0,150.0,7569040.0,11400
2023-05-10 22:02:58,sp2305,sp2305,5030.0,0.0,0.0,0.0,8,5020.0,5056.0,2,5038.0,5046.0,5060.0,5020.0,150.0,7569040.0,11400
2023-05-10 22:02:58,sp2305,sp2305,5030.0,0.0,0.0,0.0,4,5030.0,5056.0,2,5038.0,5046.0,5060.0,5020.0,150.0,7569040.0,11400
2023-05-10 22:02:59,sp2305,sp2305,5030.0,0.0,0.0,0.0,4,5030.0,5056.0,2,5038.0,5046.0,5060.0,5020.0,150.0,7569040.0,11400
2023-05-10 22:03:00,sp2305,sp2305,5030.0,0.0,0.0,0.0,4,5030.0,5056.0,2,5038.0,5046.0,5060.0,5020.0,150.0,7569040.0,11400
2023-05-10 22:03:02,sp2305,sp2305,5030.0,0.0,0.0,0.0,4,5030.0,5056.0,2,5038.0,5046.0,5060.0,5020.0,150.0,7569040.0,11400
2023-05-10 22:03:02,sp2305,sp2305,5030.0,0.0,0.0,0.0,8,5030.0,5056.0,2,5038.0,5046.0,5060.0,5020.0,150.0,7569040.0,11400
2023-05-10 22:03:03,sp2305,sp2305,5030.0,0.0,0.0,0.0,8,5030.0,5056.0,2,5038.0,5046.0,5060.0,5020.0,150.0,7569040.0,11400
2023-05-10 22:03:04,sp2305,sp2305,5030.0,0.0,0.0,0.0,4,5030.0,5056.0,2,5038.0,5046.0,5060.0,5020.0,150.0,7569040.0,11400
2023-05-10 22:03:10,sp2305,sp2305,5030.0,0.0,0.0,0.0,4,5030.0,5056.0,2,5038.0,5046.0,5060.0,5020.0,150.0,7569040.0,11400
2023-05-10 22:03:18,sp2305,sp2305,5030.0,0.0,0.0,0.0,2,5030.0,5056.0,2,5038.0,5046.0,5060.0,5020.0,150.0,7569040.0,11400
2023-05-10 22:03:39,sp2305,sp2305,5030.0,0.0,0.0,0.0,2,5030.0,5056.0,2,5038.0,5046.0,5060.0,5020.0,150.0,7569040.0,11400
2023-05-10 22:03:45,sp2305,sp2305,5030.0,0.0,0.0,0.0,2,5030.0,5056.0,12,5038.0,5046.0,5060.0,5020.0,150.0,7569040.0,11400
2023-05-10 22:04:11,sp2305,sp2305,5030.0,0.0,0.0,0.0,4,5030.0,5056.0,12,5038.0,5046.0,5060.0,5020.0,150.0,7569040.0,11400
2023-05-10 22:04:30,sp2305,sp2305,5030.0,0.0,0.0,0.0,4,5030.0,5056.0,12,5038.0,5046.0,5060.0,5020.0,150.0,7569040.0,11400
2023-05-10 22:04:31,sp2305,sp2305,5030.0,0.0,0.0,0.0,4,5030.0,5056.0,12,5038.0,5046.0,5060.0,5020.0,150.0,7569040.0,11400
2023-05-10 22:04:31,sp2305,sp2305,5030.0,0.0,0.0,0.0,4,5030.0,5056.0,12,5038.0,5046.0,5060.0,5020.0,150.0,7569040.0,11400
2023-05-10 22:04:33,sp2305,sp2305,5030.0,0.0,0.0,0.0,4,5030.0,5056.0,12,5038.0,5046.0,5060.0,5020.0,150.0,7569040.0,11400
2023-05-10 22:04:34,sp2305,sp2305,5030.0,0.0,0.0,0.0,4,5030.0,5056.0,20,5038.0,5046.0,5060.0,5020.0,150.0,7569040.0,11400
2023-05-10 22:04:34,sp2305,sp2305,5030.0,0.0,0.0,0.0,4,5030.0,5054.0,10,5038.0,5046.0,5060.0,5020.0,150.0,7569040.0,11400
2023-05-10 22:04:35,sp2305,sp2305,5030.0,0.0,0.0,0.0,4,5030.0,5054.0,12,5038.0,5046.0,5060.0,5020.0,150.0,7569040.0,11400
2023-05-10 22:04:44,sp2305,sp2305,5030.0,0.0,0.0,0.0,4,5030.0,5054.0,12,5038.0,5046.0,5060.0,5020.0,150.0,7569040.0,11400
2023-05-10 22:04:49,sp2305,sp2305,5030.0,0.0,0.0,0.0,4,5030.0,5054.0,20,5038.0,5046.0,5060.0,5020.0,150.0,7569040.0,11400
2023-05-10 22:05:32,sp2305,sp2305,5030.0,0.0,0.0,0.0,4,5030.0,5054.0,18,5038.0,5046.0,5060.0,5020.0,150.0,7569040.0,11400
2023-05-10 22:05:33,sp2305,sp2305,5030.0,0.0,0.0,0.0,4,5030.0,5054.0,20,5038.0,5046.0,5060.0,5020.0,150.0,7569040.0,11400
2023-05-10 22:05:34,sp2305,sp2305,5030.0,0.0,0.0,0.0,4,5030.0,5054.0,18,5038.0,5046.0,5060.0,5020.0,150.0,7569040.0,11400
2023-05-10 22:05:38,sp2305,sp2305,5030.0,0.0,0.0,0.0,4,5030.0,5054.0,20,5038.0,5046.0,5060.0,5020.0,150.0,7569040.0,11400
2023-05-10 22:05:46,sp2305,sp2305,5030.0,0.0,0.0,0.0,4,5030.0,5054.0,18,5038.0,5046.0,5060.0,5020.0,150.0,7569040.0,11400
2023-05-10 22:05:47,sp2305,sp2305,5030.0,0.0,0.0,0.0,4,5030.0,5054.0,20,5038.0,5046.0,5060.0,5020.0,150.0,7569040.0,11400
2023-05-10 22:05:57,sp2305,sp2305,5030.0,0.0,0.0,0.0,10,5032.0,5054.0,20,5038.0,5046.0,5060.0,5020.0,150.0,7569040.0,11400
2023-05-10 22:06:48,sp2305,sp2305,5030.0,0.0,0.0,0.0,4,5030.0,5054.0,18,5038.0,5046.0,5060.0,5020.0,150.0,7569040.0,11400
2023-05-10 22:06:49,sp2305,sp2305,5030.0,0.0,0.0,0.0,10,5032.0,5054.0,18,5038.0,5046.0,5060.0,5020.0,150.0,7569040.0,11400
2023-05-10 22:07:40,sp2305,sp2305,5030.0,0.0,0.0,0.0,4,5030.0,5054.0,18,5038.0,5046.0,5060.0,5020.0,150.0,7569040.0,11400
2023-05-10 22:07:45,sp2305,sp2305,5030.0,0.0,0.0,0.0,10,5032.0,5054.0,18,5038.0,5046.0,5060.0,5020.0,150.0,7569040.0,11400
2023-05-10 22:07:46,sp2305,sp2305,5030.0,0.0,0.0,0.0,2,5034.0,5054.0,18,5038.0,5046.0,5060.0,5020.0,150.0,7569040.0,11400
2023-05-10 22:07:51,sp2305,sp2305,5030.0,0.0,0.0,0.0,2,5034.0,5054.0,18,5038.0,5046.0,5060.0,5020.0,150.0,7569040.0,11400
2023-05-10 22:10:35,sp2305,sp2305,5030.0,0.0,0.0,0.0,2,5030.0,5054.0,18,5038.0,5046.0,5060.0,5020.0,150.0,7569040.0,11400
2023-05-10 22:10:36,sp2305,sp2305,5030.0,0.0,0.0,0.0,10,5032.0,5054.0,18,5038.0,5046.0,5060.0,5020.0,150.0,7569040.0,11400
2023-05-10 22:10:37,sp2305,sp2305,5030.0,0.0,0.0,0.0,2,5030.0,5054.0,18,5038.0,5046.0,5060.0,5020.0,150.0,7569040.0,11400
2023-05-10 22:10:39,sp2305,sp2305,5030.0,0.0,0.0,0.0,4,5034.0,5054.0,18,5038.0,5046.0,5060.0,5020.0,150.0,7569040.0,11400
2023-05-10 22:10:39,sp2305,sp2305,5030.0,0.0,0.0,0.0,2,5030.0,5054.0,18,5038.0,5046.0,5060.0,5020.0,150.0,7569040.0,11400
2023-05-10 22:11:10,sp2305,sp2305,5030.0,0.0,0.0,0.0,4,5034.0,5054.0,18,5038.0,5046.0,5060.0,5020.0,150.0,7569040.0,11400
2023-05-10 22:11:30,sp2305,sp2305,5030.0,0.0,0.0,0.0,4,5036.0,5054.0,18,5038.0,5046.0,5060.0,5020.0,150.0,7569040.0,11400
2023-05-10 22:11:30,sp2305,sp2305,5030.0,0.0,0.0,0.0,2,5030.0,5054.0,18,5038.0,5046.0,5060.0,5020.0,150.0,7569040.0,11400
2023-05-10 22:11:36,sp2305,sp2305,5030.0,0.0,0.0,0.0,2,5032.0,5054.0,18,5038.0,5046.0,5060.0,5020.0,150.0,7569040.0,11400
2023-05-10 22:11:55,sp2305,sp2305,5030.0,0.0,0.0,0.0,4,5034.0,5054.0,18,5038.0,5046.0,5060.0,5020.0,150.0,7569040.0,11400
2023-05-10 22:12:00,sp2305,sp2305,5030.0,0.0,0.0,0.0,2,5032.0,5054.0,18,5038.0,5046.0,5060.0,5020.0,150.0,7569040.0,11400
2023-05-10 22:13:02,sp2305,sp2305,5030.0,0.0,0.0,0.0,4,5034.0,5054.0,18,5038.0,5046.0,5060.0,5020.0,150.0,7569040.0,11400
2023-05-10 22:13:26,sp2305,sp2305,5030.0,0.0,0.0,0.0,2,5032.0,5054.0,18,5038.0,5046.0,5060.0,5020.0,150.0,7569040.0,11400
2023-05-10 22:13:27,sp2305,sp2305,5030.0,0.0,0.0,0.0,4,5034.0,5054.0,18,5038.0,5046.0,5060.0,5020.0,150.0,7569040.0,11400
2023-05-10 22:13:28,sp2305,sp2305,5030.0,0.0,0.0,0.0,2,5032.0,5054.0,18,5038.0,5046.0,5060.0,5020.0,150.0,7569040.0,11400
2023-05-10 22:14:09,sp2305,sp2305,5030.0,0.0,0.0,0.0,2,5032.0,5054.0,18,5038.0,5046.0,5060.0,5020.0,150.0,7569040.0,11400
2023-05-10 22:14:12,sp2305,sp2305,5030.0,0.0,0.0,0.0,2,5032.0,5054.0,18,5038.0,5046.0,5060.0,5020.0,150.0,7569040.0,11400
2023-05-10 22:14:16,sp2305,sp2305,5030.0,0.0,0.0,0.0,2,5032.0,5054.0,18,5038.0,5046.0,5060.0,5020.0,150.0,7569040.0,11400
2023-05-10 22:14:27,sp2305,sp2305,5030.0,0.0,0.0,0.0,18,5040.0,5054.0,18,5038.0,5046.0,5060.0,5020.0,150.0,7569040.0,11400
2023-05-10 22:14:27,sp2305,sp2305,5030.0,0.0,0.0,0.0,18,5042.0,5054.0,18,5038.0,5046.0,5060.0,5020.0,150.0,7569040.0,11400
2023-05-10 22:15:09,sp2305,sp2305,5054.0,18.0,909720.0,0.0,18,5042.0,5056.0,10,5038.0,5046.0,5060.0,5020.0,168.0,8478760.0,11400
2023-05-10 22:15:46,sp2305,sp2305,5054.0,0.0,0.0,0.0,18,5042.0,5054.0,10,5038.0,5046.0,5060.0,5020.0,168.0,8478760.0,11400
2023-05-10 22:18:46,sp2305,sp2305,5054.0,0.0,0.0,0.0,2,5032.0,5054.0,10,5038.0,5046.0,5060.0,5020.0,168.0,8478760.0,11400
2023-05-10 22:18:57,sp2305,sp2305,5054.0,10.0,505400.0,0.0,8,5054.0,5056.0,10,5038.0,5046.0,5060.0,5020.0,178.0,8984160.0,11400
2023-05-10 22:18:59,sp2305,sp2305,5054.0,2.0,101080.0,0.0,6,5054.0,5056.0,10,5038.0,5046.0,5060.0,5020.0,180.0,9085240.0,11400
2023-05-10 22:18:59,sp2305,sp2305,5054.0,2.0,101080.0,0.0,4,5054.0,5056.0,10,5038.0,5046.0,5060.0,5020.0,182.0,9186320.0,11400
2023-05-10 22:19:00,sp2305,sp2305,5054.0,2.0,101080.0,0.0,2,5054.0,5056.0,10,5038.0,5046.0,5060.0,5020.0,184.0,9287400.0,11400
2023-05-10 22:19:03,sp2305,sp2305,5054.0,2.0,101080.0,0.0,2,5032.0,5056.0,10,5038.0,5046.0,5060.0,5020.0,186.0,9388480.0,11400
2023-05-10 22:19:22,sp2305,sp2305,5054.0,0.0,0.0,0.0,2,5032.0,5056.0,12,5038.0,5046.0,5060.0,5020.0,186.0,9388480.0,11400
2023-05-10 22:19:42,sp2305,sp2305,5054.0,0.0,0.0,0.0,2,5032.0,5054.0,10,5038.0,5046.0,5060.0,5020.0,186.0,9388480.0,11400
2023-05-10 22:19:42,sp2305,sp2305,5054.0,0.0,0.0,0.0,2,5032.0,5054.0,10,5038.0,5046.0,5060.0,5020.0,186.0,9388480.0,11400
2023-05-10 22:20:01,sp2305,sp2305,5054.0,0.0,0.0,0.0,2,5032.0,5054.0,12,5038.0,5046.0,5060.0,5020.0,186.0,9388480.0,11400
2023-05-10 22:20:15,sp2305,sp2305,5054.0,0.0,0.0,0.0,2,5032.0,5054.0,10,5038.0,5046.0,5060.0,5020.0,186.0,9388480.0,11400
2023-05-10 22:22:04,sp2305,sp2305,5054.0,0.0,0.0,0.0,6,5032.0,5054.0,10,5038.0,5046.0,5060.0,5020.0,186.0,9388480.0,11400
2023-05-10 22:22:31,sp2305,sp2305,5054.0,0.0,0.0,0.0,6,5032.0,5054.0,12,5038.0,5046.0,5060.0,5020.0,186.0,9388480.0,11400
2023-05-10 22:25:58,sp2305,sp2305,5054.0,0.0,0.0,0.0,6,5032.0,5054.0,12,5038.0,5046.0,5060.0,5020.0,186.0,9388480.0,11400
2023-05-10 22:27:13,sp2305,sp2305,5054.0,0.0,0.0,0.0,6,5032.0,5054.0,14,5038.0,5046.0,5060.0,5020.0,186.0,9388480.0,11400
2023-05-10 22:27:25,sp2305,sp2305,5032.0,2.0,100640.0,0.0,4,5032.0,5054.0,14,5038.0,5046.0,5060.0,5020.0,188.0,9489120.0,11400
2023-05-10 22:27:25,sp2305,sp2305,5032.0,2.0,100640.0,0.0,2,5032.0,5054.0,14,5038.0,5046.0,5060.0,5020.0,190.0,9589760.0,11400
2023-05-10 22:27:32,sp2305,sp2305,5032.0,0.0,0.0,0.0,2,5032.0,5052.0,4,5038.0,5046.0,5060.0,5020.0,190.0,9589760.0,11400
2023-05-10 22:27:32,sp2305,sp2305,5032.0,0.0,0.0,0.0,2,5032.0,5046.0,2,5038.0,5046.0,5060.0,5020.0,190.0,9589760.0,11400
2023-05-10 22:27:34,sp2305,sp2305,5032.0,2.0,100640.0,0.0,2,5030.0,5046.0,2,5038.0,5046.0,5060.0,5020.0,192.0,9690400.0,11400
2023-05-10 22:27:38,sp2305,sp2305,5032.0,0.0,0.0,0.0,2,5030.0,5046.0,2,5038.0,5046.0,5060.0,5020.0,192.0,9690400.0,11400
2023-05-10 22:27:39,sp2305,sp2305,5032.0,0.0,0.0,0.0,2,5030.0,5044.0,6,5038.0,5046.0,5060.0,5020.0,192.0,9690400.0,11400
2023-05-10 22:27:39,sp2305,sp2305,5032.0,0.0,0.0,0.0,2,5030.0,5042.0,2,5038.0,5046.0,5060.0,5020.0,192.0,9690400.0,11400
2023-05-10 22:27:40,sp2305,sp2305,5032.0,0.0,0.0,0.0,2,5030.0,5042.0,2,5038.0,5046.0,5060.0,5020.0,192.0,9690400.0,11400
2023-05-10 22:27:41,sp2305,sp2305,5032.0,0.0,0.0,0.0,2,5030.0,5040.0,6,5038.0,5046.0,5060.0,5020.0,192.0,9690400.0,11400
2023-05-10 22:27:41,sp2305,sp2305,5032.0,0.0,0.0,0.0,2,5030.0,5040.0,6,5038.0,5046.0,5060.0,5020.0,192.0,9690400.0,11400
2023-05-10 22:28:41,sp2305,sp2305,5032.0,0.0,0.0,0.0,2,5030.0,5054.0,10,5038.0,5046.0,5060.0,5020.0,192.0,9690400.0,11400
2023-05-10 22:28:41,sp2305,sp2305,5032.0,0.0,0.0,0.0,2,5030.0,5044.0,2,5038.0,5046.0,5060.0,5020.0,192.0,9690400.0,11400
2023-05-10 22:28:42,sp2305,sp2305,5032.0,0.0,0.0,0.0,2,5030.0,5044.0,2,5038.0,5046.0,5060.0,5020.0,192.0,9690400.0,11400
2023-05-10 22:28:42,sp2305,sp2305,5032.0,0.0,0.0,0.0,2,5030.0,5042.0,6,5038.0,5046.0,5060.0,5020.0,192.0,9690400.0,11400
2023-05-10 22:28:43,sp2305,sp2305,5032.0,0.0,0.0,0.0,2,5030.0,5042.0,6,5038.0,5046.0,5060.0,5020.0,192.0,9690400.0,11400
2023-05-10 22:28:54,sp2305,sp2305,5032.0,0.0,0.0,0.0,2,5030.0,5042.0,8,5038.0,5046.0,5060.0,5020.0,192.0,9690400.0,11400
2023-05-10 22:29:24,sp2305,sp2305,5032.0,0.0,0.0,0.0,2,5030.0,5042.0,6,5038.0,5046.0,5060.0,5020.0,192.0,9690400.0,11400
2023-05-10 22:29:26,sp2305,sp2305,5032.0,0.0,0.0,0.0,2,5030.0,5042.0,8,5038.0,5046.0,5060.0,5020.0,192.0,9690400.0,11400
2023-05-10 22:29:29,sp2305,sp2305,5030.0,2.0,100600.0,-2.0,4,5020.0,5042.0,8,5038.0,5046.0,5060.0,5020.0,194.0,9791000.0,11398
2023-05-10 22:30:04,sp2305,sp2305,5030.0,0.0,0.0,0.0,4,5020.0,5040.0,4,5038.0,5046.0,5060.0,5020.0,194.0,9791000.0,11398
2023-05-10 22:30:05,sp2305,sp2305,5030.0,0.0,0.0,0.0,4,5020.0,5040.0,4,5038.0,5046.0,5060.0,5020.0,194.0,9791000.0,11398
2023-05-10 22:30:08,sp2305,sp2305,5030.0,0.0,0.0,0.0,4,5020.0,5038.0,6,5038.0,5046.0,5060.0,5020.0,194.0,9791000.0,11398
2023-05-10 22:30:36,sp2305,sp2305,5030.0,0.0,0.0,0.0,4,5020.0,5038.0,6,5038.0,5046.0,5060.0,5020.0,194.0,9791000.0,11398
2023-05-10 22:30:46,sp2305,sp2305,5030.0,0.0,0.0,0.0,4,5020.0,5054.0,10,5038.0,5046.0,5060.0,5020.0,194.0,9791000.0,11398
2023-05-10 22:30:46,sp2305,sp2305,5030.0,0.0,0.0,0.0,4,5020.0,5046.0,2,5038.0,5046.0,5060.0,5020.0,194.0,9791000.0,11398
2023-05-10 22:30:48,sp2305,sp2305,5030.0,0.0,0.0,0.0,4,5020.0,5044.0,6,5038.0,5046.0,5060.0,5020.0,194.0,9791000.0,11398
2023-05-10 22:30:48,sp2305,sp2305,5030.0,0.0,0.0,0.0,4,5020.0,5044.0,6,5038.0,5046.0,5060.0,5020.0,194.0,9791000.0,11398
2023-05-10 22:31:26,sp2305,sp2305,5030.0,0.0,0.0,0.0,4,5020.0,5054.0,10,5038.0,5046.0,5060.0,5020.0,194.0,9791000.0,11398
2023-05-10 22:31:26,sp2305,sp2305,5030.0,0.0,0.0,0.0,4,5020.0,5046.0,2,5038.0,5046.0,5060.0,5020.0,194.0,9791000.0,11398
2023-05-10 22:31:31,sp2305,sp2305,5030.0,0.0,0.0,0.0,4,5020.0,5032.0,2,5038.0,5046.0,5060.0,5020.0,194.0,9791000.0,11398
2023-05-10 22:31:32,sp2305,sp2305,5030.0,0.0,0.0,0.0,4,5020.0,5032.0,2,5038.0,5046.0,5060.0,5020.0,194.0,9791000.0,11398
2023-05-10 22:31:38,sp2305,sp2305,5030.0,0.0,0.0,0.0,4,5020.0,5054.0,10,5038.0,5046.0,5060.0,5020.0,194.0,9791000.0,11398
2023-05-10 22:31:38,sp2305,sp2305,5030.0,0.0,0.0,0.0,4,5020.0,5046.0,2,5038.0,5046.0,5060.0,5020.0,194.0,9791000.0,11398
2023-05-10 22:31:43,sp2305,sp2305,5030.0,0.0,0.0,0.0,4,5020.0,5044.0,6,5038.0,5046.0,5060.0,5020.0,194.0,9791000.0,11398
2023-05-10 22:31:43,sp2305,sp2305,5030.0,0.0,0.0,0.0,4,5020.0,5042.0,2,5038.0,5046.0,5060.0,5020.0,194.0,9791000.0,11398
2023-05-10 22:31:50,sp2305,sp2305,5030.0,0.0,0.0,0.0,4,5020.0,5042.0,2,5038.0,5046.0,5060.0,5020.0,194.0,9791000.0,11398
2023-05-10 22:31:51,sp2305,sp2305,5030.0,0.0,0.0,0.0,4,5020.0,5040.0,6,5038.0,5046.0,5060.0,5020.0,194.0,9791000.0,11398
2023-05-10 22:31:51,sp2305,sp2305,5030.0,0.0,0.0,0.0,4,5020.0,5040.0,6,5038.0,5046.0,5060.0,5020.0,194.0,9791000.0,11398
2023-05-10 22:33:00,sp2305,sp2305,5030.0,0.0,0.0,0.0,4,5020.0,5040.0,8,5038.0,5046.0,5060.0,5020.0,194.0,9791000.0,11398
2023-05-10 22:33:29,sp2305,sp2305,5030.0,0.0,0.0,0.0,4,5020.0,5040.0,6,5038.0,5046.0,5060.0,5020.0,194.0,9791000.0,11398
2023-05-10 22:33:50,sp2305,sp2305,5030.0,0.0,0.0,0.0,4,5020.0,5040.0,8,5038.0,5046.0,5060.0,5020.0,194.0,9791000.0,11398
2023-05-10 22:36:16,sp2305,sp2305,5030.0,0.0,0.0,0.0,4,5020.0,5040.0,6,5038.0,5046.0,5060.0,5020.0,194.0,9791000.0,11398
2023-05-10 22:36:54,sp2305,sp2305,5030.0,0.0,0.0,0.0,2,5022.0,5040.0,6,5038.0,5046.0,5060.0,5020.0,194.0,9791000.0,11398
2023-05-10 22:36:57,sp2305,sp2305,5030.0,0.0,0.0,0.0,4,5020.0,5040.0,6,5038.0,5046.0,5060.0,5020.0,194.0,9791000.0,11398
2023-05-10 22:36:57,sp2305,sp2305,5030.0,0.0,0.0,0.0,4,5020.0,5040.0,8,5038.0,5046.0,5060.0,5020.0,194.0,9791000.0,11398
2023-05-10 22:39:34,sp2305,sp2305,5030.0,0.0,0.0,0.0,4,5020.0,5040.0,6,5038.0,5046.0,5060.0,5020.0,194.0,9791000.0,11398
2023-05-10 22:40:22,sp2305,sp2305,5030.0,0.0,0.0,0.0,4,5026.0,5040.0,6,5038.0,5046.0,5060.0,5020.0,194.0,9791000.0,11398
2023-05-10 22:40:24,sp2305,sp2305,5030.0,0.0,0.0,0.0,4,5020.0,5040.0,6,5038.0,5046.0,5060.0,5020.0,194.0,9791000.0,11398
2023-05-10 22:40:25,sp2305,sp2305,5030.0,0.0,0.0,0.0,4,5026.0,5040.0,6,5038.0,5046.0,5060.0,5020.0,194.0,9791000.0,11398
2023-05-10 22:40:35,sp2305,sp2305,5030.0,0.0,0.0,0.0,4,5020.0,5040.0,6,5038.0,5046.0,5060.0,5020.0,194.0,9791000.0,11398
2023-05-10 22:41:14,sp2305,sp2305,5030.0,0.0,0.0,0.0,4,5022.0,5040.0,6,5038.0,5046.0,5060.0,5020.0,194.0,9791000.0,11398
2023-05-10 22:41:15,sp2305,sp2305,5030.0,0.0,0.0,0.0,4,5020.0,5040.0,6,5038.0,5046.0,5060.0,5020.0,194.0,9791000.0,11398
2023-05-10 22:41:16,sp2305,sp2305,5030.0,0.0,0.0,0.0,4,5020.0,5054.0,10,5038.0,5046.0,5060.0,5020.0,194.0,9791000.0,11398
2023-05-10 22:41:19,sp2305,sp2305,5030.0,0.0,0.0,0.0,2,5022.0,5054.0,10,5038.0,5046.0,5060.0,5020.0,194.0,9791000.0,11398
2023-05-10 22:41:21,sp2305,sp2305,5030.0,0.0,0.0,0.0,2,5022.0,5052.0,2,5038.0,5046.0,5060.0,5020.0,194.0,9791000.0,11398
2023-05-10 22:41:27,sp2305,sp2305,5030.0,0.0,0.0,0.0,2,5022.0,5048.0,2,5038.0,5046.0,5060.0,5020.0,194.0,9791000.0,11398
2023-05-10 22:41:32,sp2305,sp2305,5030.0,0.0,0.0,0.0,4,5020.0,5048.0,2,5038.0,5046.0,5060.0,5020.0,194.0,9791000.0,11398
2023-05-10 22:41:33,sp2305,sp2305,5030.0,0.0,0.0,0.0,4,5020.0,5046.0,2,5038.0,5046.0,5060.0,5020.0,194.0,9791000.0,11398
2023-05-10 22:41:33,sp2305,sp2305,5030.0,0.0,0.0,0.0,4,5020.0,5046.0,2,5038.0,5046.0,5060.0,5020.0,194.0,9791000.0,11398
2023-05-10 22:41:38,sp2305,sp2305,5030.0,0.0,0.0,0.0,4,5020.0,5046.0,6,5038.0,5046.0,5060.0,5020.0,194.0,9791000.0,11398
2023-05-10 22:41:50,sp2305,sp2305,5030.0,0.0,0.0,0.0,4,5022.0,5046.0,6,5038.0,5046.0,5060.0,5020.0,194.0,9791000.0,11398
2023-05-10 22:42:09,sp2305,sp2305,5030.0,0.0,0.0,0.0,4,5022.0,5046.0,10,5038.0,5046.0,5060.0,5020.0,194.0,9791000.0,11398
2023-05-10 22:42:14,sp2305,sp2305,5030.0,0.0,0.0,0.0,4,5020.0,5046.0,10,5038.0,5046.0,5060.0,5020.0,194.0,9791000.0,11398
2023-05-10 22:42:14,sp2305,sp2305,5030.0,0.0,0.0,0.0,4,5022.0,5046.0,10,5038.0,5046.0,5060.0,5020.0,194.0,9791000.0,11398
2023-05-10 22:42:30,sp2305,sp2305,5030.0,0.0,0.0,0.0,4,5020.0,5046.0,10,5038.0,5046.0,5060.0,5020.0,194.0,9791000.0,11398
2023-05-10 22:42:31,sp2305,sp2305,5030.0,0.0,0.0,0.0,6,5022.0,5046.0,10,5038.0,5046.0,5060.0,5020.0,194.0,9791000.0,11398
2023-05-10 22:42:33,sp2305,sp2305,5030.0,0.0,0.0,0.0,2,5024.0,5046.0,10,5038.0,5046.0,5060.0,5020.0,194.0,9791000.0,11398
2023-05-10 22:42:39,sp2305,sp2305,5030.0,0.0,0.0,0.0,2,5024.0,5046.0,10,5038.0,5046.0,5060.0,5020.0,194.0,9791000.0,11398
2023-05-10 22:42:41,sp2305,sp2305,5030.0,0.0,0.0,0.0,4,5020.0,5046.0,10,5038.0,5046.0,5060.0,5020.0,194.0,9791000.0,11398
2023-05-10 22:42:48,sp2305,sp2305,5030.0,0.0,0.0,0.0,6,5022.0,5046.0,10,5038.0,5046.0,5060.0,5020.0,194.0,9791000.0,11398
2023-05-10 22:42:50,sp2305,sp2305,5030.0,0.0,0.0,0.0,4,5020.0,5046.0,10,5038.0,5046.0,5060.0,5020.0,194.0,9791000.0,11398
2023-05-10 22:42:54,sp2305,sp2305,5030.0,0.0,0.0,0.0,6,5022.0,5046.0,10,5038.0,5046.0,5060.0,5020.0,194.0,9791000.0,11398
2023-05-10 22:43:16,sp2305,sp2305,5030.0,0.0,0.0,0.0,4,5020.0,5046.0,10,5038.0,5046.0,5060.0,5020.0,194.0,9791000.0,11398
2023-05-10 22:43:34,sp2305,sp2305,5030.0,0.0,0.0,0.0,4,5026.0,5046.0,10,5038.0,5046.0,5060.0,5020.0,194.0,9791000.0,11398
2023-05-10 22:44:03,sp2305,sp2305,5030.0,0.0,0.0,0.0,4,5020.0,5046.0,10,5038.0,5046.0,5060.0,5020.0,194.0,9791000.0,11398
2023-05-10 22:44:20,sp2305,sp2305,5030.0,0.0,0.0,0.0,4,5022.0,5046.0,10,5038.0,5046.0,5060.0,5020.0,194.0,9791000.0,11398
2023-05-10 22:44:39,sp2305,sp2305,5030.0,0.0,0.0,0.0,4,5020.0,5046.0,10,5038.0,5046.0,5060.0,5020.0,194.0,9791000.0,11398
2023-05-10 22:44:40,sp2305,sp2305,5030.0,0.0,0.0,0.0,6,5022.0,5046.0,10,5038.0,5046.0,5060.0,5020.0,194.0,9791000.0,11398
2023-05-10 22:44:40,sp2305,sp2305,5030.0,0.0,0.0,0.0,4,5020.0,5046.0,10,5038.0,5046.0,5060.0,5020.0,194.0,9791000.0,11398
2023-05-10 22:44:43,sp2305,sp2305,5030.0,0.0,0.0,0.0,6,5022.0,5046.0,10,5038.0,5046.0,5060.0,5020.0,194.0,9791000.0,11398
2023-05-10 22:45:08,sp2305,sp2305,5030.0,0.0,0.0,0.0,4,5020.0,5046.0,10,5038.0,5046.0,5060.0,5020.0,194.0,9791000.0,11398
2023-05-10 22:45:08,sp2305,sp2305,5030.0,0.0,0.0,0.0,6,5022.0,5046.0,10,5038.0,5046.0,5060.0,5020.0,194.0,9791000.0,11398
2023-05-10 22:46:05,sp2305,sp2305,5030.0,0.0,0.0,0.0,4,5020.0,5046.0,10,5038.0,5046.0,5060.0,5020.0,194.0,9791000.0,11398
2023-05-10 22:46:05,sp2305,sp2305,5030.0,0.0,0.0,0.0,4,5022.0,5046.0,10,5038.0,5046.0,5060.0,5020.0,194.0,9791000.0,11398
2023-05-10 22:46:17,sp2305,sp2305,5030.0,0.0,0.0,0.0,4,5020.0,5046.0,10,5038.0,5046.0,5060.0,5020.0,194.0,9791000.0,11398
2023-05-10 22:46:24,sp2305,sp2305,5030.0,0.0,0.0,0.0,4,5022.0,5046.0,10,5038.0,5046.0,5060.0,5020.0,194.0,9791000.0,11398
2023-05-10 22:46:53,sp2305,sp2305,5030.0,0.0,0.0,0.0,4,5020.0,5046.0,10,5038.0,5046.0,5060.0,5020.0,194.0,9791000.0,11398
2023-05-10 22:47:09,sp2305,sp2305,5030.0,0.0,0.0,0.0,4,5022.0,5046.0,10,5038.0,5046.0,5060.0,5020.0,194.0,9791000.0,11398
2023-05-10 22:47:17,sp2305,sp2305,5030.0,0.0,0.0,0.0,4,5020.0,5046.0,10,5038.0,5046.0,5060.0,5020.0,194.0,9791000.0,11398
2023-05-10 22:47:17,sp2305,sp2305,5030.0,0.0,0.0,0.0,4,5020.0,5046.0,12,5038.0,5046.0,5060.0,5020.0,194.0,9791000.0,11398
2023-05-10 22:49:35,sp2305,sp2305,5030.0,0.0,0.0,0.0,4,5020.0,5046.0,8,5038.0,5046.0,5060.0,5020.0,194.0,9791000.0,11398
2023-05-10 22:49:36,sp2305,sp2305,5030.0,0.0,0.0,0.0,4,5020.0,5046.0,6,5038.0,5046.0,5060.0,5020.0,194.0,9791000.0,11398
2023-05-10 22:49:38,sp2305,sp2305,5030.0,0.0,0.0,0.0,4,5020.0,5044.0,6,5038.0,5046.0,5060.0,5020.0,194.0,9791000.0,11398
2023-05-10 22:49:39,sp2305,sp2305,5030.0,0.0,0.0,0.0,4,5020.0,5044.0,6,5038.0,5046.0,5060.0,5020.0,194.0,9791000.0,11398
2023-05-10 22:49:48,sp2305,sp2305,5030.0,0.0,0.0,0.0,4,5020.0,5040.0,6,5038.0,5046.0,5060.0,5020.0,194.0,9791000.0,11398
2023-05-10 22:53:32,sp2305,sp2305,5030.0,0.0,0.0,0.0,4,5026.0,5040.0,6,5038.0,5046.0,5060.0,5020.0,194.0,9791000.0,11398
2023-05-10 22:53:46,sp2305,sp2305,5030.0,0.0,0.0,0.0,4,5020.0,5040.0,6,5038.0,5046.0,5060.0,5020.0,194.0,9791000.0,11398
2023-05-10 22:55:14,sp2305,sp2305,5030.0,0.0,0.0,0.0,4,5022.0,5040.0,6,5038.0,5046.0,5060.0,5020.0,194.0,9791000.0,11398
2023-05-10 22:55:17,sp2305,sp2305,5030.0,0.0,0.0,0.0,4,5022.0,5040.0,6,5038.0,5046.0,5060.0,5020.0,194.0,9791000.0,11398
2023-05-10 22:55:24,sp2305,sp2305,5030.0,0.0,0.0,0.0,4,5020.0,5040.0,6,5038.0,5046.0,5060.0,5020.0,194.0,9791000.0,11398
2023-05-10 22:55:28,sp2305,sp2305,5030.0,0.0,0.0,0.0,4,5022.0,5040.0,6,5038.0,5046.0,5060.0,5020.0,194.0,9791000.0,11398
2023-05-10 22:55:59,sp2305,sp2305,5030.0,0.0,0.0,0.0,4,5022.0,5040.0,6,5038.0,5046.0,5060.0,5020.0,194.0,9791000.0,11398
2023-05-10 22:56:43,sp2305,sp2305,5030.0,0.0,0.0,0.0,4,5020.0,5040.0,6,5038.0,5046.0,5060.0,5020.0,194.0,9791000.0,11398
2023-05-10 22:59:06,sp2305,sp2305,5030.0,0.0,0.0,0.0,4,5026.0,5040.0,6,5038.0,5046.0,5060.0,5020.0,194.0,9791000.0,11398
2023-05-10 22:59:07,sp2305,sp2305,5030.0,0.0,0.0,0.0,4,5020.0,5040.0,6,5038.0,5046.0,5060.0,5020.0,194.0,9791000.0,11398
2023-05-10 22:59:14,sp2305,sp2305,5030.0,0.0,0.0,0.0,4,5026.0,5040.0,6,5038.0,5046.0,5060.0,5020.0,194.0,9791000.0,11398
2023-05-10 22:59:20,sp2305,sp2305,5030.0,0.0,0.0,0.0,4,5026.0,5052.0,10,5038.0,5046.0,5060.0,5020.0,194.0,9791000.0,11398
2023-05-10 22:59:21,sp2305,sp2305,5030.0,0.0,0.0,0.0,4,5026.0,5030.0,2,5038.0,5046.0,5060.0,5020.0,194.0,9791000.0,11398
2023-05-10 22:59:21,sp2305,sp2305,5030.0,0.0,0.0,0.0,8,5026.0,5030.0,2,5038.0,5046.0,5060.0,5020.0,194.0,9791000.0,11398
2023-05-10 22:59:24,sp2305,sp2305,5030.0,0.0,0.0,0.0,8,5026.0,5052.0,10,5038.0,5046.0,5060.0,5020.0,194.0,9791000.0,11398
2023-05-10 22:59:24,sp2305,sp2305,5030.0,0.0,0.0,0.0,4,5026.0,5052.0,10,5038.0,5046.0,5060.0,5020.0,194.0,9791000.0,11398
2023-05-10 22:59:27,sp2305,sp2305,5030.0,0.0,0.0,0.0,4,5020.0,5052.0,10,5038.0,5046.0,5060.0,5020.0,194.0,9791000.0,11398
2023-05-10 22:59:28,sp2305,sp2305,5030.0,0.0,0.0,0.0,8,5020.0,5052.0,10,5038.0,5046.0,5060.0,5020.0,194.0,9791000.0,11398
2023-05-10 22:59:28,sp2305,sp2305,5030.0,0.0,0.0,0.0,4,5026.0,5052.0,10,5038.0,5046.0,5060.0,5020.0,194.0,9791000.0,11398
2023-05-10 22:59:29,sp2305,sp2305,5030.0,0.0,0.0,0.0,4,5026.0,5050.0,2,5038.0,5046.0,5060.0,5020.0,194.0,9791000.0,11398
2023-05-10 22:59:31,sp2305,sp2305,5030.0,0.0,0.0,0.0,4,5032.0,5050.0,2,5038.0,5046.0,5060.0,5020.0,194.0,9791000.0,11398
2023-05-10 22:59:32,sp2305,sp2305,5030.0,0.0,0.0,0.0,4,5020.0,5050.0,4,5038.0,5046.0,5060.0,5020.0,194.0,9791000.0,11398
2023-05-10 22:59:32,sp2305,sp2305,5030.0,0.0,0.0,0.0,4,5022.0,5050.0,4,5038.0,5046.0,5060.0,5020.0,194.0,9791000.0,11398
2023-05-10 22:59:33,sp2305,sp2305,5030.0,0.0,0.0,0.0,4,5022.0,5050.0,6,5038.0,5046.0,5060.0,5020.0,194.0,9791000.0,11398
2023-05-10 22:59:36,sp2305,sp2305,5030.0,0.0,0.0,0.0,4,5020.0,5050.0,6,5038.0,5046.0,5060.0,5020.0,194.0,9791000.0,11398
2023-05-10 22:59:36,sp2305,sp2305,5030.0,0.0,0.0,0.0,8,5020.0,5050.0,6,5038.0,5046.0,5060.0,5020.0,194.0,9791000.0,11398
2023-05-10 22:59:46,sp2305,sp2305,5030.0,0.0,0.0,0.0,4,5020.0,5050.0,6,5038.0,5046.0,5060.0,5020.0,194.0,9791000.0,11398
2023-05-10 22:59:55,sp2305,sp2305,5030.0,0.0,0.0,0.0,4,5020.0,5052.0,10,5038.0,5046.0,5060.0,5020.0,194.0,9791000.0,11398
2023-05-11 09:00:03,sp2305,sp2305,5030.0,0.0,0.0,0.0,4,5020.0,5044.0,2,5038.0,5046.0,5060.0,5020.0,194.0,9791000.0,11398
2023-05-11 09:00:03,sp2305,sp2305,5030.0,0.0,0.0,0.0,4,5020.0,5052.0,10,5038.0,5046.0,5060.0,5020.0,194.0,9791000.0,11398
2023-05-11 09:00:04,sp2305,sp2305,5030.0,0.0,0.0,0.0,4,5020.0,5050.0,2,5038.0,5046.0,5060.0,5020.0,194.0,9791000.0,11398
2023-05-11 09:00:04,sp2305,sp2305,5030.0,0.0,0.0,0.0,8,5024.0,5050.0,2,5038.0,5046.0,5060.0,5020.0,194.0,9791000.0,11398
2023-05-11 09:00:05,sp2305,sp2305,5030.0,0.0,0.0,0.0,4,5020.0,5050.0,2,5038.0,5046.0,5060.0,5020.0,194.0,9791000.0,11398
2023-05-11 09:00:16,sp2305,sp2305,5030.0,0.0,0.0,0.0,4,5020.0,5048.0,6,5038.0,5046.0,5060.0,5020.0,194.0,9791000.0,11398
2023-05-11 09:00:17,sp2305,sp2305,5030.0,0.0,0.0,0.0,4,5020.0,5048.0,6,5038.0,5046.0,5060.0,5020.0,194.0,9791000.0,11398
2023-05-11 09:00:17,sp2305,sp2305,5030.0,0.0,0.0,0.0,4,5020.0,5046.0,2,5038.0,5046.0,5060.0,5020.0,194.0,9791000.0,11398
2023-05-11 09:00:19,sp2305,sp2305,5030.0,0.0,0.0,0.0,4,5020.0,5044.0,6,5038.0,5046.0,5060.0,5020.0,194.0,9791000.0,11398
2023-05-11 09:00:19,sp2305,sp2305,5030.0,0.0,0.0,0.0,4,5020.0,5044.0,6,5038.0,5046.0,5060.0,5020.0,194.0,9791000.0,11398
2023-05-11 09:00:20,sp2305,sp2305,5030.0,0.0,0.0,0.0,4,5020.0,5042.0,2,5038.0,5046.0,5060.0,5020.0,194.0,9791000.0,11398
2023-05-11 09:00:21,sp2305,sp2305,5030.0,0.0,0.0,0.0,4,5020.0,5040.0,6,5038.0,5046.0,5060.0,5020.0,194.0,9791000.0,11398
2023-05-11 09:00:22,sp2305,sp2305,5030.0,0.0,0.0,0.0,4,5020.0,5040.0,6,5038.0,5046.0,5060.0,5020.0,194.0,9791000.0,11398
2023-05-11 09:00:22,sp2305,sp2305,5030.0,0.0,0.0,0.0,4,5020.0,5038.0,2,5038.0,5046.0,5060.0,5020.0,194.0,9791000.0,11398
2023-05-11 09:00:27,sp2305,sp2305,5030.0,0.0,0.0,0.0,4,5020.0,5036.0,6,5038.0,5046.0,5060.0,5020.0,194.0,9791000.0,11398
2023-05-11 09:00:27,sp2305,sp2305,5030.0,0.0,0.0,0.0,4,5020.0,5036.0,6,5038.0,5046.0,5060.0,5020.0,194.0,9791000.0,11398
2023-05-11 09:00:28,sp2305,sp2305,5030.0,0.0,0.0,0.0,4,5020.0,5034.0,2,5038.0,5046.0,5060.0,5020.0,194.0,9791000.0,11398
2023-05-11 09:00:39,sp2305,sp2305,5030.0,0.0,0.0,0.0,4,5020.0,5032.0,6,5038.0,5046.0,5060.0,5020.0,194.0,9791000.0,11398
2023-05-11 09:00:39,sp2305,sp2305,5030.0,0.0,0.0,0.0,4,5020.0,5032.0,6,5038.0,5046.0,5060.0,5020.0,194.0,9791000.0,11398
2023-05-11 09:00:40,sp2305,sp2305,5030.0,0.0,0.0,0.0,4,5020.0,5030.0,2,5038.0,5046.0,5060.0,5020.0,194.0,9791000.0,11398
2023-05-11 09:00:44,sp2305,sp2305,5030.0,0.0,0.0,0.0,4,5020.0,5028.0,6,5038.0,5046.0,5060.0,5020.0,194.0,9791000.0,11398
2023-05-11 09:00:45,sp2305,sp2305,5030.0,0.0,0.0,0.0,4,5020.0,5028.0,6,5038.0,5046.0,5060.0,5020.0,194.0,9791000.0,11398
2023-05-11 09:00:48,sp2305,sp2305,5030.0,0.0,0.0,0.0,4,5020.0,5052.0,10,5038.0,5046.0,5060.0,5020.0,194.0,9791000.0,11398
2023-05-11 09:00:48,sp2305,sp2305,5030.0,0.0,0.0,0.0,4,5020.0,5050.0,4,5038.0,5046.0,5060.0,5020.0,194.0,9791000.0,11398
2023-05-11 09:00:51,sp2305,sp2305,5030.0,0.0,0.0,0.0,4,5020.0,5050.0,10,5038.0,5046.0,5060.0,5020.0,194.0,9791000.0,11398
2023-05-11 09:00:56,sp2305,sp2305,5030.0,0.0,0.0,0.0,6,5022.0,5050.0,10,5038.0,5046.0,5060.0,5020.0,194.0,9791000.0,11398
2023-05-11 09:00:56,sp2305,sp2305,5030.0,0.0,0.0,0.0,4,5020.0,5050.0,10,5038.0,5046.0,5060.0,5020.0,194.0,9791000.0,11398
2023-05-11 09:00:57,sp2305,sp2305,5030.0,0.0,0.0,0.0,4,5020.0,5050.0,8,5038.0,5046.0,5060.0,5020.0,194.0,9791000.0,11398
2023-05-11 09:00:58,sp2305,sp2305,5030.0,0.0,0.0,0.0,8,5024.0,5050.0,8,5038.0,5046.0,5060.0,5020.0,194.0,9791000.0,11398
2023-05-11 09:01:04,sp2305,sp2305,5030.0,0.0,0.0,0.0,8,5024.0,5050.0,10,5038.0,5046.0,5060.0,5020.0,194.0,9791000.0,11398
2023-05-11 09:01:05,sp2305,sp2305,5030.0,0.0,0.0,0.0,4,5020.0,5050.0,10,5038.0,5046.0,5060.0,5020.0,194.0,9791000.0,11398
2023-05-11 09:01:19,sp2305,sp2305,5030.0,0.0,0.0,0.0,4,5026.0,5050.0,10,5038.0,5046.0,5060.0,5020.0,194.0,9791000.0,11398
2023-05-11 09:01:19,sp2305,sp2305,5030.0,0.0,0.0,0.0,4,5020.0,5050.0,10,5038.0,5046.0,5060.0,5020.0,194.0,9791000.0,11398
2023-05-11 09:03:36,sp2305,sp2305,5030.0,0.0,0.0,0.0,4,5020.0,5050.0,14,5038.0,5046.0,5060.0,5020.0,194.0,9791000.0,11398
2023-05-11 09:03:37,sp2305,sp2305,5030.0,0.0,0.0,0.0,4,5020.0,5048.0,2,5038.0,5046.0,5060.0,5020.0,194.0,9791000.0,11398
2023-05-11 09:03:37,sp2305,sp2305,5030.0,0.0,0.0,0.0,4,5020.0,5048.0,2,5038.0,5046.0,5060.0,5020.0,194.0,9791000.0,11398
2023-05-11 09:03:38,sp2305,sp2305,5030.0,0.0,0.0,0.0,4,5020.0,5046.0,2,5038.0,5046.0,5060.0,5020.0,194.0,9791000.0,11398
2023-05-11 09:03:39,sp2305,sp2305,5030.0,0.0,0.0,0.0,4,5020.0,5046.0,2,5038.0,5046.0,5060.0,5020.0,194.0,9791000.0,11398
2023-05-11 09:03:42,sp2305,sp2305,5030.0,0.0,0.0,0.0,4,5020.0,5046.0,2,5038.0,5046.0,5060.0,5020.0,194.0,9791000.0,11398
2023-05-11 09:03:47,sp2305,sp2305,5030.0,0.0,0.0,0.0,4,5020.0,5036.0,2,5038.0,5046.0,5060.0,5020.0,194.0,9791000.0,11398
2023-05-11 09:03:48,sp2305,sp2305,5030.0,0.0,0.0,0.0,4,5020.0,5036.0,2,5038.0,5046.0,5060.0,5020.0,194.0,9791000.0,11398
2023-05-11 09:03:48,sp2305,sp2305,5030.0,0.0,0.0,0.0,4,5020.0,5034.0,2,5038.0,5046.0,5060.0,5020.0,194.0,9791000.0,11398
2023-05-11 09:03:49,sp2305,sp2305,5030.0,0.0,0.0,0.0,4,5020.0,5032.0,2,5038.0,5046.0,5060.0,5020.0,194.0,9791000.0,11398
2023-05-11 09:03:49,sp2305,sp2305,5030.0,0.0,0.0,0.0,4,5020.0,5032.0,2,5038.0,5046.0,5060.0,5020.0,194.0,9791000.0,11398
2023-05-11 09:03:50,sp2305,sp2305,5030.0,0.0,0.0,0.0,4,5020.0,5030.0,2,5038.0,5046.0,5060.0,5020.0,194.0,9791000.0,11398
2023-05-11 09:03:50,sp2305,sp2305,5030.0,0.0,0.0,0.0,4,5020.0,5030.0,2,5038.0,5046.0,5060.0,5020.0,194.0,9791000.0,11398
2023-05-11 09:04:46,sp2305,sp2305,5030.0,0.0,0.0,0.0,4,5020.0,5030.0,4,5038.0,5046.0,5060.0,5020.0,194.0,9791000.0,11398
2023-05-11 09:04:47,sp2305,sp2305,5020.0,4.0,200800.0,-2.0,6,5018.0,5030.0,4,5038.0,5046.0,5060.0,5020.0,198.0,9991800.0,11396
2023-05-11 09:04:48,sp2305,sp2305,5018.0,2.0,100360.0,-2.0,4,5018.0,5030.0,4,5038.0,5046.0,5060.0,5018.0,200.0,10092160.0,11394
2023-05-11 09:04:48,sp2305,sp2305,5018.0,4.0,200720.0,-4.0,6,5016.0,5030.0,2,5038.0,5046.0,5060.0,5018.0,204.0,10292880.0,11390
2023-05-11 09:04:49,sp2305,sp2305,5018.0,0.0,0.0,0.0,6,5016.0,5030.0,4,5038.0,5046.0,5060.0,5018.0,204.0,10292880.0,11390
2023-05-11 09:04:49,sp2305,sp2305,5016.0,4.0,200640.0,-4.0,2,5016.0,5030.0,2,5038.0,5046.0,5060.0,5016.0,208.0,10493520.0,11386
2023-05-11 09:04:50,sp2305,sp2305,5016.0,0.0,0.0,0.0,2,5016.0,5022.0,2,5038.0,5046.0,5060.0,5016.0,208.0,10493520.0,11386
2023-05-11 09:04:50,sp2305,sp2305,5016.0,2.0,100320.0,-2.0,6,5014.0,5022.0,2,5038.0,5046.0,5060.0,5016.0,210.0,10593840.0,11384
2023-05-11 09:04:51,sp2305,sp2305,5014.0,2.0,100280.0,-2.0,4,5014.0,5022.0,2,5038.0,5046.0,5060.0,5014.0,212.0,10694120.0,11382
2023-05-11 09:04:51,sp2305,sp2305,5014.0,2.0,100280.0,-2.0,2,5014.0,5022.0,2,5038.0,5046.0,5060.0,5014.0,214.0,10794400.0,11380
2023-05-11 09:04:52,sp2305,sp2305,5014.0,2.0,100280.0,-2.0,6,5012.0,5022.0,2,5038.0,5046.0,5060.0,5014.0,216.0,10894680.0,11378
2023-05-11 09:04:52,sp2305,sp2305,5014.0,0.0,0.0,0.0,6,5012.0,5020.0,2,5038.0,5046.0,5060.0,5014.0,216.0,10894680.0,11378
2023-05-11 09:04:53,sp2305,sp2305,5014.0,0.0,0.0,0.0,6,5012.0,5020.0,2,5038.0,5046.0,5060.0,5014.0,216.0,10894680.0,11378
2023-05-11 09:04:55,sp2305,sp2305,5014.0,0.0,0.0,0.0,6,5012.0,5020.0,4,5038.0,5046.0,5060.0,5014.0,216.0,10894680.0,11378
2023-05-11 09:04:56,sp2305,sp2305,5014.0,0.0,0.0,0.0,6,5012.0,5020.0,4,5038.0,5046.0,5060.0,5014.0,216.0,10894680.0,11378
2023-05-11 09:04:57,sp2305,sp2305,5014.0,0.0,0.0,0.0,6,5012.0,5018.0,2,5038.0,5046.0,5060.0,5014.0,216.0,10894680.0,11378
2023-05-11 09:04:57,sp2305,sp2305,5014.0,0.0,0.0,0.0,6,5012.0,5018.0,2,5038.0,5046.0,5060.0,5014.0,216.0,10894680.0,11378
2023-05-11 09:04:59,sp2305,sp2305,5014.0,0.0,0.0,0.0,6,5012.0,5016.0,2,5038.0,5046.0,5060.0,5014.0,216.0,10894680.0,11378
2023-05-11 09:05:02,sp2305,sp2305,5012.0,2.0,100240.0,0.0,4,5012.0,5016.0,2,5038.0,5046.0,5060.0,5012.0,218.0,10994920.0,11378
2023-05-11 09:05:10,sp2305,sp2305,5012.0,2.0,100240.0,-2.0,2,5012.0,5016.0,2,5038.0,5046.0,5060.0,5012.0,220.0,11095160.0,11376
2023-05-11 09:05:12,sp2305,sp2305,5012.0,2.0,100240.0,-2.0,8,5010.0,5016.0,2,5038.0,5046.0,5060.0,5012.0,222.0,11195400.0,11374
2023-05-11 09:05:13,sp2305,sp2305,5012.0,0.0,0.0,0.0,8,5010.0,5016.0,2,5038.0,5046.0,5060.0,5012.0,222.0,11195400.0,11374
2023-05-11 09:05:15,sp2305,sp2305,5012.0,0.0,0.0,0.0,8,5010.0,5016.0,2,5038.0,5046.0,5060.0,5012.0,222.0,11195400.0,11374
2023-05-11 09:05:27,sp2305,sp2305,5012.0,0.0,0.0,0.0,8,5010.0,5016.0,4,5038.0,5046.0,5060.0,5012.0,222.0,11195400.0,11374
