time,symbol_id,symbol_name,last,trade_volume,trade_amount,open_interest_change,bv1,bp1,ap1,av1,yesterday_close,today_open,today_high,today_low,volume,amount,open_interest
2023-05-10 20:59:00,sp2401,sp2401,5242.0,4.0,209680.0,3.0,14,5242.0,5250.0,4,5236.0,5242.0,5242.0,5242.0,4.0,209680.0,20148
2023-05-10 21:00:00,sp2401,sp2401,5250.0,15.0,786380.0,14.0,1,5244.0,5246.0,2,5236.0,5242.0,5250.0,5242.0,19.0,996060.0,20162
2023-05-10 21:00:01,sp2401,sp2401,5240.0,2.0,104840.0,0.0,9,5240.0,5246.0,2,5236.0,5242.0,5250.0,5240.0,21.0,1100900.0,20162
2023-05-10 21:00:01,sp2401,sp2401,5244.0,2.0,104880.0,0.0,10,5240.0,5242.0,17,5236.0,5242.0,5250.0,5240.0,23.0,1205780.0,20162
2023-05-10 21:00:02,sp2401,sp2401,5244.0,18.0,943620.0,-1.0,10,5240.0,5246.0,2,5236.0,5242.0,5250.0,5240.0,41.0,2149400.0,20161
2023-05-10 21:00:02,sp2401,sp2401,5244.0,0.0,0.0,0.0,4,5242.0,5246.0,2,5236.0,5242.0,5250.0,5240.0,41.0,2149400.0,20161
2023-05-10 21:00:03,sp2401,sp2401,5242.0,1.0,52420.0,-1.0,5,5242.0,5246.0,2,5236.0,5242.0,5250.0,5240.0,42.0,2201820.0,20160
2023-05-10 21:00:03,sp2401,sp2401,5242.0,0.0,0.0,0.0,5,5242.0,5246.0,2,5236.0,5242.0,5250.0,5240.0,42.0,2201820.0,20160
2023-05-10 21:00:04,sp2401,sp2401,5246.0,2.0,104920.0,0.0,8,5244.0,5248.0,1,5236.0,5242.0,5250.0,5240.0,44.0,2306740.0,20160
2023-05-10 21:00:04,sp2401,sp2401,5248.0,1.0,52480.0,0.0,9,5244.0,5250.0,12,5236.0,5242.0,5250.0,5240.0,45.0,2359220.0,20160
2023-05-10 21:00:05,sp2401,sp2401,5250.0,12.0,630000.0,-11.0,2,5246.0,5252.0,2,5236.0,5242.0,5250.0,5240.0,57.0,2989220.0,20149
2023-05-10 21:00:05,sp2401,sp2401,5248.0,11.0,577400.0,0.0,3,5248.0,5256.0,2,5236.0,5242.0,5252.0,5240.0,68.0,3566620.0,20149
2023-05-10 21:00:06,sp2401,sp2401,5250.0,1.0,52500.0,0.0,1,5250.0,5254.0,6,5236.0,5242.0,5252.0,5240.0,69.0,3619120.0,20149
2023-05-10 21:00:06,sp2401,sp2401,5252.0,3.0,157600.0,-3.0,1,5252.0,5254.0,6,5236.0,5242.0,5254.0,5240.0,72.0,3776720.0,20146
2023-05-10 21:00:07,sp2401,sp2401,5252.0,2.0,105040.0,0.0,1,5250.0,5254.0,6,5236.0,5242.0,5254.0,5240.0,74.0,3881760.0,20146
2023-05-10 21:00:07,sp2401,sp2401,5252.0,0.0,0.0,0.0,2,5250.0,5254.0,2,5236.0,5242.0,5254.0,5240.0,74.0,3881760.0,20146
2023-05-10 21:00:08,sp2401,sp2401,5252.0,0.0,0.0,0.0,2,5250.0,5252.0,2,5236.0,5242.0,5254.0,5240.0,74.0,3881760.0,20146
2023-05-10 21:00:08,sp2401,sp2401,5254.0,5.0,262620.0,-3.0,1,5250.0,5256.0,2,5236.0,5242.0,5254.0,5240.0,79.0,4144380.0,20143
2023-05-10 21:00:09,sp2401,sp2401,5254.0,0.0,0.0,0.0,1,5250.0,5254.0,5,5236.0,5242.0,5254.0,5240.0,79.0,4144380.0,20143
2023-05-10 21:00:09,sp2401,sp2401,5254.0,0.0,0.0,0.0,6,5250.0,5254.0,5,5236.0,5242.0,5254.0,5240.0,79.0,4144380.0,20143
2023-05-10 21:00:10,sp2401,sp2401,5254.0,0.0,0.0,0.0,6,5250.0,5254.0,15,5236.0,5242.0,5254.0,5240.0,79.0,4144380.0,20143
2023-05-10 21:00:10,sp2401,sp2401,5254.0,0.0,0.0,0.0,2,5248.0,5250.0,3,5236.0,5242.0,5254.0,5240.0,79.0,4144380.0,20143
2023-05-10 21:00:11,sp2401,sp2401,5250.0,4.0,209960.0,-2.0,2,5246.0,5250.0,3,5236.0,5242.0,5254.0,5240.0,83.0,4354340.0,20141
2023-05-10 21:00:11,sp2401,sp2401,5250.0,0.0,0.0,0.0,2,5246.0,5248.0,1,5236.0,5242.0,5254.0,5240.0,83.0,4354340.0,20141
2023-05-10 21:00:12,sp2401,sp2401,5250.0,1.0,52500.0,0.0,2,5246.0,5250.0,5,5236.0,5242.0,5254.0,5240.0,84.0,4406840.0,20141
2023-05-10 21:00:13,sp2401,sp2401,5250.0,1.0,52500.0,1.0,2,5246.0,5250.0,4,5236.0,5242.0,5254.0,5240.0,85.0,4459340.0,20142
2023-05-10 21:00:14,sp2401,sp2401,5250.0,0.0,0.0,0.0,2,5248.0,5250.0,5,5236.0,5242.0,5254.0,5240.0,85.0,4459340.0,20142
2023-05-10 21:00:14,sp2401,sp2401,5246.0,3.0,157420.0,-1.0,1,5244.0,5250.0,7,5236.0,5242.0,5254.0,5240.0,88.0,4616760.0,20141
2023-05-10 21:00:15,sp2401,sp2401,5246.0,0.0,0.0,0.0,1,5246.0,5250.0,7,5236.0,5242.0,5254.0,5240.0,88.0,4616760.0,20141
2023-05-10 21:00:15,sp2401,sp2401,5250.0,1.0,52500.0,1.0,3,5246.0,5250.0,4,5236.0,5242.0,5254.0,5240.0,89.0,4669260.0,20142
2023-05-10 21:00:16,sp2401,sp2401,5250.0,0.0,0.0,0.0,3,5246.0,5250.0,14,5236.0,5242.0,5254.0,5240.0,89.0,4669260.0,20142
2023-05-10 21:00:21,sp2401,sp2401,5250.0,0.0,0.0,0.0,4,5246.0,5250.0,14,5236.0,5242.0,5254.0,5240.0,89.0,4669260.0,20142
2023-05-10 21:00:21,sp2401,sp2401,5250.0,0.0,0.0,0.0,4,5246.0,5248.0,1,5236.0,5242.0,5254.0,5240.0,89.0,4669260.0,20142
2023-05-10 21:00:22,sp2401,sp2401,5248.0,1.0,52480.0,-1.0,4,5246.0,5250.0,14,5236.0,5242.0,5254.0,5240.0,90.0,4721740.0,20141
2023-05-10 21:00:23,sp2401,sp2401,5246.0,4.0,209840.0,2.0,3,5244.0,5248.0,10,5236.0,5242.0,5254.0,5240.0,94.0,4931580.0,20143
2023-05-10 21:00:24,sp2401,sp2401,5246.0,5.0,262300.0,-2.0,2,5244.0,5246.0,5,5236.0,5242.0,5254.0,5240.0,99.0,5193880.0,20141
2023-05-10 21:00:24,sp2401,sp2401,5246.0,6.0,314760.0,-6.0,2,5244.0,5246.0,1,5236.0,5242.0,5254.0,5240.0,105.0,5508640.0,20135
2023-05-10 21:00:25,sp2401,sp2401,5246.0,1.0,52460.0,-1.0,4,5244.0,5250.0,4,5236.0,5242.0,5254.0,5240.0,106.0,5561100.0,20134
2023-05-10 21:00:25,sp2401,sp2401,5244.0,1.0,52440.0,0.0,4,5244.0,5250.0,4,5236.0,5242.0,5254.0,5240.0,107.0,5613540.0,20134
2023-05-10 21:00:26,sp2401,sp2401,5244.0,0.0,0.0,0.0,4,5246.0,5250.0,4,5236.0,5242.0,5254.0,5240.0,107.0,5613540.0,20134
2023-05-10 21:00:26,sp2401,sp2401,5244.0,0.0,0.0,0.0,1,5246.0,5250.0,5,5236.0,5242.0,5254.0,5240.0,107.0,5613540.0,20134
2023-05-10 21:00:27,sp2401,sp2401,5244.0,0.0,0.0,0.0,2,5248.0,5250.0,5,5236.0,5242.0,5254.0,5240.0,107.0,5613540.0,20134
2023-05-10 21:00:27,sp2401,sp2401,5248.0,2.0,104960.0,0.0,3,5246.0,5250.0,5,5236.0,5242.0,5254.0,5240.0,109.0,5718500.0,20134
2023-05-10 21:00:28,sp2401,sp2401,5248.0,0.0,0.0,0.0,3,5246.0,5250.0,5,5236.0,5242.0,5254.0,5240.0,109.0,5718500.0,20134
2023-05-10 21:00:28,sp2401,sp2401,5248.0,0.0,0.0,0.0,3,5246.0,5250.0,6,5236.0,5242.0,5254.0,5240.0,109.0,5718500.0,20134
2023-05-10 21:00:29,sp2401,sp2401,5248.0,0.0,0.0,0.0,6,5246.0,5250.0,6,5236.0,5242.0,5254.0,5240.0,109.0,5718500.0,20134
2023-05-10 21:00:29,sp2401,sp2401,5248.0,0.0,0.0,0.0,6,5246.0,5250.0,6,5236.0,5242.0,5254.0,5240.0,109.0,5718500.0,20134
2023-05-10 21:00:30,sp2401,sp2401,5248.0,0.0,0.0,0.0,6,5246.0,5248.0,1,5236.0,5242.0,5254.0,5240.0,109.0,5718500.0,20134
2023-05-10 21:00:31,sp2401,sp2401,5248.0,0.0,0.0,0.0,4,5246.0,5248.0,2,5236.0,5242.0,5254.0,5240.0,109.0,5718500.0,20134
2023-05-10 21:00:31,sp2401,sp2401,5246.0,4.0,209840.0,0.0,1,5244.0,5248.0,3,5236.0,5242.0,5254.0,5240.0,113.0,5928340.0,20134
2023-05-10 21:00:32,sp2401,sp2401,5246.0,0.0,0.0,0.0,1,5244.0,5248.0,4,5236.0,5242.0,5254.0,5240.0,113.0,5928340.0,20134
2023-05-10 21:00:32,sp2401,sp2401,5246.0,0.0,0.0,0.0,1,5244.0,5248.0,3,5236.0,5242.0,5254.0,5240.0,113.0,5928340.0,20134
2023-05-10 21:00:33,sp2401,sp2401,5246.0,0.0,0.0,0.0,1,5244.0,5246.0,1,5236.0,5242.0,5254.0,5240.0,113.0,5928340.0,20134
2023-05-10 21:00:34,sp2401,sp2401,5246.0,0.0,0.0,0.0,1,5244.0,5246.0,1,5236.0,5242.0,5254.0,5240.0,113.0,5928340.0,20134
2023-05-10 21:00:35,sp2401,sp2401,5246.0,0.0,0.0,0.0,3,5242.0,5246.0,3,5236.0,5242.0,5254.0,5240.0,113.0,5928340.0,20134
2023-05-10 21:00:35,sp2401,sp2401,5246.0,0.0,0.0,0.0,5,5242.0,5246.0,3,5236.0,5242.0,5254.0,5240.0,113.0,5928340.0,20134
2023-05-10 21:00:36,sp2401,sp2401,5242.0,3.0,157260.0,-2.0,2,5244.0,5246.0,3,5236.0,5242.0,5254.0,5240.0,116.0,6085600.0,20132
2023-05-10 21:00:36,sp2401,sp2401,5244.0,2.0,104880.0,0.0,3,5242.0,5246.0,3,5236.0,5242.0,5254.0,5240.0,118.0,6190480.0,20132
2023-05-10 21:00:37,sp2401,sp2401,5242.0,3.0,157260.0,3.0,3,5240.0,5244.0,1,5236.0,5242.0,5254.0,5240.0,121.0,6347740.0,20135
2023-05-10 21:00:37,sp2401,sp2401,5242.0,0.0,0.0,0.0,2,5240.0,5244.0,5,5236.0,5242.0,5254.0,5240.0,121.0,6347740.0,20135
2023-05-10 21:00:38,sp2401,sp2401,5244.0,3.0,157240.0,0.0,6,5238.0,5244.0,4,5236.0,5242.0,5254.0,5240.0,124.0,6504980.0,20135
2023-05-10 21:00:38,sp2401,sp2401,5244.0,0.0,0.0,0.0,7,5240.0,5244.0,5,5236.0,5242.0,5254.0,5240.0,124.0,6504980.0,20135
2023-05-10 21:00:39,sp2401,sp2401,5244.0,0.0,0.0,0.0,9,5240.0,5244.0,4,5236.0,5242.0,5254.0,5240.0,124.0,6504980.0,20135
2023-05-10 21:00:39,sp2401,sp2401,5244.0,0.0,0.0,0.0,11,5240.0,5244.0,4,5236.0,5242.0,5254.0,5240.0,124.0,6504980.0,20135
2023-05-10 21:00:43,sp2401,sp2401,5244.0,1.0,52440.0,0.0,11,5240.0,5244.0,3,5236.0,5242.0,5254.0,5240.0,125.0,6557420.0,20135
2023-05-10 21:00:44,sp2401,sp2401,5240.0,1.0,52400.0,1.0,10,5240.0,5244.0,3,5236.0,5242.0,5254.0,5240.0,126.0,6609820.0,20136
2023-05-10 21:00:44,sp2401,sp2401,5240.0,0.0,0.0,0.0,10,5240.0,5244.0,5,5236.0,5242.0,5254.0,5240.0,126.0,6609820.0,20136
2023-05-10 21:00:45,sp2401,sp2401,5244.0,1.0,52440.0,0.0,10,5240.0,5244.0,4,5236.0,5242.0,5254.0,5240.0,127.0,6662260.0,20136
2023-05-10 21:00:46,sp2401,sp2401,5240.0,1.0,52400.0,0.0,9,5240.0,5244.0,4,5236.0,5242.0,5254.0,5240.0,128.0,6714660.0,20136
2023-05-10 21:00:46,sp2401,sp2401,5240.0,0.0,0.0,0.0,11,5240.0,5244.0,2,5236.0,5242.0,5254.0,5240.0,128.0,6714660.0,20136
2023-05-10 21:00:47,sp2401,sp2401,5244.0,2.0,104880.0,-1.0,3,5242.0,5246.0,2,5236.0,5242.0,5254.0,5240.0,130.0,6819540.0,20135
2023-05-10 21:00:47,sp2401,sp2401,5244.0,0.0,0.0,0.0,7,5242.0,5246.0,2,5236.0,5242.0,5254.0,5240.0,130.0,6819540.0,20135
2023-05-10 21:00:48,sp2401,sp2401,5244.0,0.0,0.0,0.0,8,5242.0,5246.0,2,5236.0,5242.0,5254.0,5240.0,130.0,6819540.0,20135
2023-05-10 21:00:48,sp2401,sp2401,5244.0,0.0,0.0,0.0,1,5244.0,5246.0,2,5236.0,5242.0,5254.0,5240.0,130.0,6819540.0,20135
2023-05-10 21:00:49,sp2401,sp2401,5246.0,2.0,104900.0,1.0,2,5244.0,5246.0,1,5236.0,5242.0,5254.0,5240.0,132.0,6924440.0,20136
2023-05-10 21:00:50,sp2401,sp2401,5242.0,7.0,366980.0,-1.0,3,5242.0,5246.0,2,5236.0,5242.0,5254.0,5240.0,139.0,7291420.0,20135
2023-05-10 21:00:50,sp2401,sp2401,5242.0,0.0,0.0,0.0,1,5244.0,5246.0,2,5236.0,5242.0,5254.0,5240.0,139.0,7291420.0,20135
2023-05-10 21:00:51,sp2401,sp2401,5244.0,1.0,52440.0,0.0,2,5242.0,5246.0,2,5236.0,5242.0,5254.0,5240.0,140.0,7343860.0,20135
2023-05-10 21:00:51,sp2401,sp2401,5244.0,0.0,0.0,0.0,6,5242.0,5246.0,4,5236.0,5242.0,5254.0,5240.0,140.0,7343860.0,20135
2023-05-10 21:00:52,sp2401,sp2401,5244.0,0.0,0.0,0.0,8,5242.0,5246.0,4,5236.0,5242.0,5254.0,5240.0,140.0,7343860.0,20135
2023-05-10 21:00:52,sp2401,sp2401,5240.0,11.0,576560.0,8.0,2,5240.0,5244.0,1,5236.0,5242.0,5254.0,5240.0,151.0,7920420.0,20143
2023-05-10 21:00:53,sp2401,sp2401,5240.0,0.0,0.0,0.0,2,5240.0,5244.0,9,5236.0,5242.0,5254.0,5240.0,151.0,7920420.0,20143
2023-05-10 21:00:54,sp2401,sp2401,5240.0,0.0,0.0,0.0,2,5240.0,5244.0,10,5236.0,5242.0,5254.0,5240.0,151.0,7920420.0,20143
2023-05-10 21:00:54,sp2401,sp2401,5240.0,0.0,0.0,0.0,2,5240.0,5244.0,10,5236.0,5242.0,5254.0,5240.0,151.0,7920420.0,20143
2023-05-10 21:00:55,sp2401,sp2401,5240.0,0.0,0.0,0.0,2,5240.0,5242.0,4,5236.0,5242.0,5254.0,5240.0,151.0,7920420.0,20143
2023-05-10 21:00:55,sp2401,sp2401,5240.0,2.0,104800.0,2.0,2,5238.0,5242.0,6,5236.0,5242.0,5254.0,5240.0,153.0,8025220.0,20145
2023-05-10 21:00:56,sp2401,sp2401,5240.0,0.0,0.0,0.0,2,5238.0,5240.0,1,5236.0,5242.0,5254.0,5240.0,153.0,8025220.0,20145
2023-05-10 21:00:56,sp2401,sp2401,5240.0,0.0,0.0,0.0,2,5238.0,5240.0,3,5236.0,5242.0,5254.0,5240.0,153.0,8025220.0,20145
2023-05-10 21:00:57,sp2401,sp2401,5240.0,0.0,0.0,0.0,6,5236.0,5240.0,3,5236.0,5242.0,5254.0,5240.0,153.0,8025220.0,20145
2023-05-10 21:00:57,sp2401,sp2401,5240.0,0.0,0.0,0.0,6,5236.0,5240.0,3,5236.0,5242.0,5254.0,5240.0,153.0,8025220.0,20145
2023-05-10 21:00:58,sp2401,sp2401,5240.0,0.0,0.0,0.0,2,5236.0,5240.0,3,5236.0,5242.0,5254.0,5240.0,153.0,8025220.0,20145
2023-05-10 21:00:58,sp2401,sp2401,5240.0,0.0,0.0,0.0,4,5236.0,5240.0,3,5236.0,5242.0,5254.0,5240.0,153.0,8025220.0,20145
2023-05-10 21:00:59,sp2401,sp2401,5240.0,0.0,0.0,0.0,5,5236.0,5240.0,3,5236.0,5242.0,5254.0,5240.0,153.0,8025220.0,20145
2023-05-10 21:01:00,sp2401,sp2401,5240.0,0.0,0.0,0.0,4,5236.0,5240.0,4,5236.0,5242.0,5254.0,5240.0,153.0,8025220.0,20145
2023-05-10 21:01:01,sp2401,sp2401,5240.0,0.0,0.0,0.0,4,5236.0,5240.0,4,5236.0,5242.0,5254.0,5240.0,153.0,8025220.0,20145
2023-05-10 21:01:01,sp2401,sp2401,5240.0,0.0,0.0,0.0,5,5236.0,5240.0,4,5236.0,5242.0,5254.0,5240.0,153.0,8025220.0,20145
2023-05-10 21:01:02,sp2401,sp2401,5240.0,4.0,209600.0,-3.0,7,5238.0,5242.0,7,5236.0,5242.0,5254.0,5240.0,157.0,8234820.0,20142
2023-05-10 21:01:03,sp2401,sp2401,5240.0,0.0,0.0,0.0,9,5238.0,5242.0,7,5236.0,5242.0,5254.0,5240.0,157.0,8234820.0,20142
2023-05-10 21:01:04,sp2401,sp2401,5238.0,1.0,52380.0,0.0,8,5238.0,5242.0,7,5236.0,5242.0,5254.0,5238.0,158.0,8287200.0,20142
2023-05-10 21:01:04,sp2401,sp2401,5238.0,0.0,0.0,0.0,6,5238.0,5242.0,7,5236.0,5242.0,5254.0,5238.0,158.0,8287200.0,20142
2023-05-10 21:01:05,sp2401,sp2401,5238.0,0.0,0.0,0.0,5,5238.0,5242.0,8,5236.0,5242.0,5254.0,5238.0,158.0,8287200.0,20142
2023-05-10 21:01:05,sp2401,sp2401,5238.0,0.0,0.0,0.0,5,5238.0,5242.0,8,5236.0,5242.0,5254.0,5238.0,158.0,8287200.0,20142
2023-05-10 21:01:06,sp2401,sp2401,5238.0,0.0,0.0,0.0,4,5240.0,5242.0,10,5236.0,5242.0,5254.0,5238.0,158.0,8287200.0,20142
2023-05-10 21:01:06,sp2401,sp2401,5240.0,4.0,209600.0,-1.0,5,5238.0,5242.0,10,5236.0,5242.0,5254.0,5238.0,162.0,8496800.0,20141
2023-05-10 21:01:07,sp2401,sp2401,5238.0,5.0,261900.0,2.0,6,5236.0,5240.0,3,5236.0,5242.0,5254.0,5238.0,167.0,8758700.0,20143
2023-05-10 21:01:07,sp2401,sp2401,5236.0,3.0,157080.0,0.0,4,5234.0,5240.0,6,5236.0,5242.0,5254.0,5236.0,170.0,8915780.0,20143
2023-05-10 21:01:08,sp2401,sp2401,5236.0,0.0,0.0,0.0,2,5234.0,5238.0,4,5236.0,5242.0,5254.0,5236.0,170.0,8915780.0,20143
2023-05-10 21:01:08,sp2401,sp2401,5236.0,0.0,0.0,0.0,2,5234.0,5236.0,4,5236.0,5242.0,5254.0,5236.0,170.0,8915780.0,20143
2023-05-10 21:01:09,sp2401,sp2401,5234.0,2.0,104680.0,0.0,5,5232.0,5236.0,6,5236.0,5242.0,5254.0,5234.0,172.0,9020460.0,20143
2023-05-10 21:01:09,sp2401,sp2401,5234.0,0.0,0.0,0.0,4,5232.0,5234.0,1,5236.0,5242.0,5254.0,5234.0,172.0,9020460.0,20143
2023-05-10 21:01:10,sp2401,sp2401,5232.0,3.0,156980.0,-1.0,2,5232.0,5236.0,6,5236.0,5242.0,5254.0,5232.0,175.0,9177440.0,20142
2023-05-10 21:01:10,sp2401,sp2401,5232.0,0.0,0.0,0.0,3,5232.0,5234.0,2,5236.0,5242.0,5254.0,5232.0,175.0,9177440.0,20142
2023-05-10 21:01:11,sp2401,sp2401,5234.0,4.0,209360.0,-2.0,3,5232.0,5236.0,2,5236.0,5242.0,5254.0,5232.0,179.0,9386800.0,20140
2023-05-10 21:01:11,sp2401,sp2401,5234.0,0.0,0.0,0.0,2,5232.0,5236.0,2,5236.0,5242.0,5254.0,5232.0,179.0,9386800.0,20140
2023-05-10 21:01:12,sp2401,sp2401,5234.0,0.0,0.0,0.0,1,5230.0,5236.0,4,5236.0,5242.0,5254.0,5232.0,179.0,9386800.0,20140
2023-05-10 21:01:13,sp2401,sp2401,5234.0,0.0,0.0,0.0,2,5230.0,5234.0,4,5236.0,5242.0,5254.0,5232.0,179.0,9386800.0,20140
2023-05-10 21:01:13,sp2401,sp2401,5234.0,0.0,0.0,0.0,2,5230.0,5234.0,4,5236.0,5242.0,5254.0,5232.0,179.0,9386800.0,20140
2023-05-10 21:01:14,sp2401,sp2401,5234.0,4.0,209360.0,-4.0,4,5230.0,5236.0,4,5236.0,5242.0,5254.0,5232.0,183.0,9596160.0,20136
2023-05-10 21:01:14,sp2401,sp2401,5234.0,0.0,0.0,0.0,4,5230.0,5236.0,2,5236.0,5242.0,5254.0,5232.0,183.0,9596160.0,20136
2023-05-10 21:01:16,sp2401,sp2401,5234.0,0.0,0.0,0.0,4,5230.0,5236.0,3,5236.0,5242.0,5254.0,5232.0,183.0,9596160.0,20136
2023-05-10 21:01:16,sp2401,sp2401,5234.0,0.0,0.0,0.0,3,5230.0,5236.0,4,5236.0,5242.0,5254.0,5232.0,183.0,9596160.0,20136
2023-05-10 21:01:17,sp2401,sp2401,5236.0,2.0,104720.0,0.0,3,5230.0,5236.0,4,5236.0,5242.0,5254.0,5232.0,185.0,9700880.0,20136
2023-05-10 21:01:18,sp2401,sp2401,5236.0,0.0,0.0,0.0,6,5232.0,5236.0,4,5236.0,5242.0,5254.0,5232.0,185.0,9700880.0,20136
2023-05-10 21:01:18,sp2401,sp2401,5236.0,0.0,0.0,0.0,8,5232.0,5236.0,2,5236.0,5242.0,5254.0,5232.0,185.0,9700880.0,20136
2023-05-10 21:01:19,sp2401,sp2401,5236.0,0.0,0.0,0.0,9,5232.0,5236.0,2,5236.0,5242.0,5254.0,5232.0,185.0,9700880.0,20136
2023-05-10 21:01:21,sp2401,sp2401,5232.0,1.0,52320.0,0.0,8,5232.0,5236.0,2,5236.0,5242.0,5254.0,5232.0,186.0,9753200.0,20136
2023-05-10 21:01:21,sp2401,sp2401,5232.0,0.0,0.0,0.0,8,5232.0,5236.0,2,5236.0,5242.0,5254.0,5232.0,186.0,9753200.0,20136
2023-05-10 21:01:22,sp2401,sp2401,5232.0,0.0,0.0,0.0,8,5232.0,5236.0,2,5236.0,5242.0,5254.0,5232.0,186.0,9753200.0,20136
2023-05-10 21:01:22,sp2401,sp2401,5232.0,0.0,0.0,0.0,9,5232.0,5238.0,10,5236.0,5242.0,5254.0,5232.0,186.0,9753200.0,20136
2023-05-10 21:01:23,sp2401,sp2401,5232.0,0.0,0.0,0.0,10,5232.0,5238.0,10,5236.0,5242.0,5254.0,5232.0,186.0,9753200.0,20136
2023-05-10 21:01:23,sp2401,sp2401,5232.0,0.0,0.0,0.0,10,5232.0,5238.0,10,5236.0,5242.0,5254.0,5232.0,186.0,9753200.0,20136
2023-05-10 21:01:25,sp2401,sp2401,5238.0,1.0,52380.0,1.0,10,5232.0,5238.0,9,5236.0,5242.0,5254.0,5232.0,187.0,9805580.0,20137
2023-05-10 21:01:26,sp2401,sp2401,5232.0,1.0,52320.0,0.0,9,5232.0,5238.0,9,5236.0,5242.0,5254.0,5232.0,188.0,9857900.0,20137
2023-05-10 21:01:27,sp2401,sp2401,5232.0,0.0,0.0,0.0,12,5232.0,5238.0,10,5236.0,5242.0,5254.0,5232.0,188.0,9857900.0,20137
2023-05-10 21:01:27,sp2401,sp2401,5232.0,0.0,0.0,0.0,14,5232.0,5238.0,10,5236.0,5242.0,5254.0,5232.0,188.0,9857900.0,20137
2023-05-10 21:01:28,sp2401,sp2401,5232.0,0.0,0.0,0.0,14,5232.0,5238.0,9,5236.0,5242.0,5254.0,5232.0,188.0,9857900.0,20137
2023-05-10 21:01:30,sp2401,sp2401,5232.0,0.0,0.0,0.0,4,5234.0,5238.0,9,5236.0,5242.0,5254.0,5232.0,188.0,9857900.0,20137
2023-05-10 21:01:30,sp2401,sp2401,5232.0,0.0,0.0,0.0,2,5234.0,5238.0,9,5236.0,5242.0,5254.0,5232.0,188.0,9857900.0,20137
2023-05-10 21:01:31,sp2401,sp2401,5232.0,0.0,0.0,0.0,3,5236.0,5238.0,9,5236.0,5242.0,5254.0,5232.0,188.0,9857900.0,20137
2023-05-10 21:01:31,sp2401,sp2401,5236.0,3.0,157080.0,0.0,2,5234.0,5236.0,1,5236.0,5242.0,5254.0,5232.0,191.0,10014980.0,20137
2023-05-10 21:01:32,sp2401,sp2401,5236.0,0.0,0.0,0.0,2,5234.0,5236.0,1,5236.0,5242.0,5254.0,5232.0,191.0,10014980.0,20137
2023-05-10 21:01:32,sp2401,sp2401,5236.0,0.0,0.0,0.0,2,5234.0,5236.0,1,5236.0,5242.0,5254.0,5232.0,191.0,10014980.0,20137
2023-05-10 21:01:33,sp2401,sp2401,5236.0,1.0,52360.0,-1.0,2,5234.0,5238.0,5,5236.0,5242.0,5254.0,5232.0,192.0,10067340.0,20136
2023-05-10 21:01:34,sp2401,sp2401,5236.0,0.0,0.0,0.0,2,5234.0,5238.0,5,5236.0,5242.0,5254.0,5232.0,192.0,10067340.0,20136
2023-05-10 21:01:35,sp2401,sp2401,5236.0,0.0,0.0,0.0,2,5234.0,5238.0,5,5236.0,5242.0,5254.0,5232.0,192.0,10067340.0,20136
2023-05-10 21:01:35,sp2401,sp2401,5234.0,2.0,104680.0,-2.0,12,5232.0,5238.0,5,5236.0,5242.0,5254.0,5232.0,194.0,10172020.0,20134
2023-05-10 21:01:36,sp2401,sp2401,5234.0,2.0,104680.0,1.0,11,5232.0,5238.0,5,5236.0,5242.0,5254.0,5232.0,196.0,10276700.0,20135
2023-05-10 21:01:36,sp2401,sp2401,5234.0,0.0,0.0,0.0,11,5232.0,5238.0,6,5236.0,5242.0,5254.0,5232.0,196.0,10276700.0,20135
2023-05-10 21:01:37,sp2401,sp2401,5234.0,0.0,0.0,0.0,5,5234.0,5238.0,5,5236.0,5242.0,5254.0,5232.0,196.0,10276700.0,20135
2023-05-10 21:01:37,sp2401,sp2401,5234.0,0.0,0.0,0.0,7,5234.0,5238.0,5,5236.0,5242.0,5254.0,5232.0,196.0,10276700.0,20135
2023-05-10 21:01:40,sp2401,sp2401,5238.0,5.0,261900.0,-5.0,8,5234.0,5240.0,6,5236.0,5242.0,5254.0,5232.0,201.0,10538600.0,20130
2023-05-10 21:01:40,sp2401,sp2401,5238.0,0.0,0.0,0.0,8,5234.0,5240.0,6,5236.0,5242.0,5254.0,5232.0,201.0,10538600.0,20130
2023-05-10 21:01:41,sp2401,sp2401,5238.0,0.0,0.0,0.0,8,5234.0,5240.0,5,5236.0,5242.0,5254.0,5232.0,201.0,10538600.0,20130
2023-05-10 21:01:41,sp2401,sp2401,5238.0,0.0,0.0,0.0,8,5234.0,5240.0,6,5236.0,5242.0,5254.0,5232.0,201.0,10538600.0,20130
2023-05-10 21:01:42,sp2401,sp2401,5238.0,0.0,0.0,0.0,8,5234.0,5240.0,7,5236.0,5242.0,5254.0,5232.0,201.0,10538600.0,20130
2023-05-10 21:01:42,sp2401,sp2401,5238.0,0.0,0.0,0.0,8,5234.0,5238.0,4,5236.0,5242.0,5254.0,5232.0,201.0,10538600.0,20130
2023-05-10 21:01:43,sp2401,sp2401,5238.0,0.0,0.0,0.0,4,5234.0,5238.0,10,5236.0,5242.0,5254.0,5232.0,201.0,10538600.0,20130
2023-05-10 21:01:43,sp2401,sp2401,5238.0,0.0,0.0,0.0,4,5234.0,5238.0,11,5236.0,5242.0,5254.0,5232.0,201.0,10538600.0,20130
2023-05-10 21:01:44,sp2401,sp2401,5238.0,0.0,0.0,0.0,4,5234.0,5238.0,10,5236.0,5242.0,5254.0,5232.0,201.0,10538600.0,20130
2023-05-10 21:01:46,sp2401,sp2401,5238.0,0.0,0.0,0.0,4,5234.0,5238.0,11,5236.0,5242.0,5254.0,5232.0,201.0,10538600.0,20130
2023-05-10 21:01:48,sp2401,sp2401,5238.0,0.0,0.0,0.0,4,5234.0,5238.0,10,5236.0,5242.0,5254.0,5232.0,201.0,10538600.0,20130
2023-05-10 21:01:49,sp2401,sp2401,5238.0,0.0,0.0,0.0,4,5234.0,5238.0,2,5236.0,5242.0,5254.0,5232.0,201.0,10538600.0,20130
2023-05-10 21:01:49,sp2401,sp2401,5238.0,0.0,0.0,0.0,5,5234.0,5238.0,2,5236.0,5242.0,5254.0,5232.0,201.0,10538600.0,20130
2023-05-10 21:01:50,sp2401,sp2401,5238.0,0.0,0.0,0.0,5,5234.0,5238.0,2,5236.0,5242.0,5254.0,5232.0,201.0,10538600.0,20130
2023-05-10 21:01:51,sp2401,sp2401,5238.0,0.0,0.0,0.0,4,5234.0,5238.0,2,5236.0,5242.0,5254.0,5232.0,201.0,10538600.0,20130
2023-05-10 21:01:51,sp2401,sp2401,5238.0,2.0,104760.0,0.0,8,5238.0,5240.0,10,5236.0,5242.0,5254.0,5232.0,203.0,10643360.0,20130
2023-05-10 21:01:52,sp2401,sp2401,5238.0,10.0,523800.0,0.0,3,5234.0,5240.0,9,5236.0,5242.0,5254.0,5232.0,213.0,11167160.0,20130
2023-05-10 21:01:52,sp2401,sp2401,5238.0,0.0,0.0,0.0,1,5236.0,5240.0,10,5236.0,5242.0,5254.0,5232.0,213.0,11167160.0,20130
2023-05-10 21:01:53,sp2401,sp2401,5238.0,0.0,0.0,0.0,3,5236.0,5240.0,9,5236.0,5242.0,5254.0,5232.0,213.0,11167160.0,20130
2023-05-10 21:01:54,sp2401,sp2401,5238.0,0.0,0.0,0.0,3,5236.0,5240.0,8,5236.0,5242.0,5254.0,5232.0,213.0,11167160.0,20130
2023-05-10 21:01:54,sp2401,sp2401,5238.0,0.0,0.0,0.0,10,5238.0,5240.0,8,5236.0,5242.0,5254.0,5232.0,213.0,11167160.0,20130
2023-05-10 21:01:55,sp2401,sp2401,5238.0,10.0,523800.0,10.0,2,5236.0,5240.0,8,5236.0,5242.0,5254.0,5232.0,223.0,11690960.0,20140
2023-05-10 21:01:55,sp2401,sp2401,5238.0,0.0,0.0,0.0,11,5238.0,5240.0,8,5236.0,5242.0,5254.0,5232.0,223.0,11690960.0,20140
2023-05-10 21:01:56,sp2401,sp2401,5238.0,0.0,0.0,0.0,11,5238.0,5240.0,8,5236.0,5242.0,5254.0,5232.0,223.0,11690960.0,20140
2023-05-10 21:01:56,sp2401,sp2401,5238.0,0.0,0.0,0.0,11,5238.0,5240.0,6,5236.0,5242.0,5254.0,5232.0,223.0,11690960.0,20140
2023-05-10 21:01:57,sp2401,sp2401,5238.0,11.0,576180.0,10.0,2,5236.0,5240.0,7,5236.0,5242.0,5254.0,5232.0,234.0,12267140.0,20150
2023-05-10 21:01:58,sp2401,sp2401,5238.0,0.0,0.0,0.0,2,5236.0,5240.0,9,5236.0,5242.0,5254.0,5232.0,234.0,12267140.0,20150
2023-05-10 21:01:58,sp2401,sp2401,5238.0,0.0,0.0,0.0,10,5238.0,5240.0,10,5236.0,5242.0,5254.0,5232.0,234.0,12267140.0,20150
2023-05-10 21:01:59,sp2401,sp2401,5238.0,0.0,0.0,0.0,10,5238.0,5240.0,6,5236.0,5242.0,5254.0,5232.0,234.0,12267140.0,20150
2023-05-10 21:01:59,sp2401,sp2401,5238.0,0.0,0.0,0.0,10,5238.0,5240.0,4,5236.0,5242.0,5254.0,5232.0,234.0,12267140.0,20150
2023-05-10 21:02:01,sp2401,sp2401,5238.0,0.0,0.0,0.0,11,5238.0,5240.0,5,5236.0,5242.0,5254.0,5232.0,234.0,12267140.0,20150
2023-05-10 21:02:02,sp2401,sp2401,5238.0,11.0,576180.0,0.0,6,5236.0,5240.0,8,5236.0,5242.0,5254.0,5232.0,245.0,12843320.0,20150
2023-05-10 21:02:02,sp2401,sp2401,5238.0,0.0,0.0,0.0,4,5236.0,5238.0,1,5236.0,5242.0,5254.0,5232.0,245.0,12843320.0,20150
2023-05-10 21:02:03,sp2401,sp2401,5238.0,0.0,0.0,0.0,4,5236.0,5238.0,2,5236.0,5242.0,5254.0,5232.0,245.0,12843320.0,20150
2023-05-10 21:02:03,sp2401,sp2401,5238.0,0.0,0.0,0.0,2,5236.0,5238.0,2,5236.0,5242.0,5254.0,5232.0,245.0,12843320.0,20150
2023-05-10 21:02:04,sp2401,sp2401,5238.0,2.0,104760.0,2.0,8,5238.0,5240.0,14,5236.0,5242.0,5254.0,5232.0,247.0,12948080.0,20152
2023-05-10 21:02:04,sp2401,sp2401,5238.0,0.0,0.0,0.0,8,5238.0,5240.0,11,5236.0,5242.0,5254.0,5232.0,247.0,12948080.0,20152
2023-05-10 21:02:05,sp2401,sp2401,5238.0,0.0,0.0,0.0,10,5238.0,5240.0,9,5236.0,5242.0,5254.0,5232.0,247.0,12948080.0,20152
2023-05-10 21:02:05,sp2401,sp2401,5240.0,9.0,471600.0,-4.0,10,5238.0,5242.0,3,5236.0,5242.0,5254.0,5232.0,256.0,13419680.0,20148
2023-05-10 21:02:06,sp2401,sp2401,5238.0,1.0,52380.0,1.0,9,5238.0,5242.0,3,5236.0,5242.0,5254.0,5232.0,257.0,13472060.0,20149
2023-05-10 21:02:06,sp2401,sp2401,5238.0,0.0,0.0,0.0,9,5238.0,5242.0,3,5236.0,5242.0,5254.0,5232.0,257.0,13472060.0,20149
2023-05-10 21:02:07,sp2401,sp2401,5238.0,0.0,0.0,0.0,9,5238.0,5242.0,3,5236.0,5242.0,5254.0,5232.0,257.0,13472060.0,20149
2023-05-10 21:02:07,sp2401,sp2401,5238.0,0.0,0.0,0.0,9,5238.0,5240.0,2,5236.0,5242.0,5254.0,5232.0,257.0,13472060.0,20149
2023-05-10 21:02:08,sp2401,sp2401,5238.0,0.0,0.0,0.0,11,5238.0,5240.0,2,5236.0,5242.0,5254.0,5232.0,257.0,13472060.0,20149
2023-05-10 21:02:08,sp2401,sp2401,5238.0,0.0,0.0,0.0,11,5238.0,5240.0,4,5236.0,5242.0,5254.0,5232.0,257.0,13472060.0,20149
2023-05-10 21:02:11,sp2401,sp2401,5238.0,0.0,0.0,0.0,11,5238.0,5240.0,4,5236.0,5242.0,5254.0,5232.0,257.0,13472060.0,20149
2023-05-10 21:02:14,sp2401,sp2401,5238.0,11.0,576180.0,9.0,8,5236.0,5240.0,4,5236.0,5242.0,5254.0,5232.0,268.0,14048240.0,20158
2023-05-10 21:02:15,sp2401,sp2401,5238.0,0.0,0.0,0.0,8,5236.0,5240.0,4,5236.0,5242.0,5254.0,5232.0,268.0,14048240.0,20158
2023-05-10 21:02:15,sp2401,sp2401,5238.0,0.0,0.0,0.0,6,5236.0,5240.0,4,5236.0,5242.0,5254.0,5232.0,268.0,14048240.0,20158
2023-05-10 21:02:16,sp2401,sp2401,5238.0,0.0,0.0,0.0,8,5236.0,5240.0,4,5236.0,5242.0,5254.0,5232.0,268.0,14048240.0,20158
2023-05-10 21:02:16,sp2401,sp2401,5238.0,0.0,0.0,0.0,8,5236.0,5240.0,5,5236.0,5242.0,5254.0,5232.0,268.0,14048240.0,20158
2023-05-10 21:02:20,sp2401,sp2401,5238.0,0.0,0.0,0.0,6,5236.0,5240.0,6,5236.0,5242.0,5254.0,5232.0,268.0,14048240.0,20158
2023-05-10 21:02:21,sp2401,sp2401,5238.0,0.0,0.0,0.0,6,5236.0,5240.0,6,5236.0,5242.0,5254.0,5232.0,268.0,14048240.0,20158
2023-05-10 21:02:22,sp2401,sp2401,5238.0,0.0,0.0,0.0,1,5238.0,5240.0,6,5236.0,5242.0,5254.0,5232.0,268.0,14048240.0,20158
2023-05-10 21:02:22,sp2401,sp2401,5238.0,1.0,52380.0,1.0,4,5236.0,5240.0,7,5236.0,5242.0,5254.0,5232.0,269.0,14100620.0,20159
2023-05-10 21:02:24,sp2401,sp2401,5238.0,0.0,0.0,0.0,4,5236.0,5238.0,1,5236.0,5242.0,5254.0,5232.0,269.0,14100620.0,20159
2023-05-10 21:02:24,sp2401,sp2401,5238.0,0.0,0.0,0.0,4,5236.0,5238.0,2,5236.0,5242.0,5254.0,5232.0,269.0,14100620.0,20159
2023-05-10 21:02:25,sp2401,sp2401,5238.0,0.0,0.0,0.0,6,5236.0,5238.0,2,5236.0,5242.0,5254.0,5232.0,269.0,14100620.0,20159
2023-05-10 21:02:25,sp2401,sp2401,5238.0,0.0,0.0,0.0,4,5236.0,5238.0,2,5236.0,5242.0,5254.0,5232.0,269.0,14100620.0,20159
2023-05-10 21:02:26,sp2401,sp2401,5238.0,0.0,0.0,0.0,4,5236.0,5238.0,2,5236.0,5242.0,5254.0,5232.0,269.0,14100620.0,20159
2023-05-10 21:02:26,sp2401,sp2401,5236.0,2.0,104720.0,0.0,4,5234.0,5238.0,4,5236.0,5242.0,5254.0,5232.0,271.0,14205340.0,20159
2023-05-10 21:02:27,sp2401,sp2401,5236.0,0.0,0.0,0.0,3,5234.0,5238.0,4,5236.0,5242.0,5254.0,5232.0,271.0,14205340.0,20159
2023-05-10 21:02:29,sp2401,sp2401,5236.0,0.0,0.0,0.0,3,5234.0,5238.0,4,5236.0,5242.0,5254.0,5232.0,271.0,14205340.0,20159
2023-05-10 21:02:29,sp2401,sp2401,5238.0,4.0,209520.0,-2.0,2,5236.0,5240.0,6,5236.0,5242.0,5254.0,5232.0,275.0,14414860.0,20157
2023-05-10 21:02:30,sp2401,sp2401,5240.0,5.0,261980.0,-2.0,1,5238.0,5242.0,5,5236.0,5242.0,5254.0,5232.0,280.0,14676840.0,20155
2023-05-10 21:02:30,sp2401,sp2401,5238.0,2.0,104760.0,2.0,1,5238.0,5240.0,1,5236.0,5242.0,5254.0,5232.0,282.0,14781600.0,20157
2023-05-10 21:02:31,sp2401,sp2401,5238.0,1.0,52380.0,1.0,10,5236.0,5240.0,7,5236.0,5242.0,5254.0,5232.0,283.0,14833980.0,20158
2023-05-10 21:02:31,sp2401,sp2401,5238.0,0.0,0.0,0.0,10,5236.0,5240.0,6,5236.0,5242.0,5254.0,5232.0,283.0,14833980.0,20158
2023-05-10 21:02:37,sp2401,sp2401,5238.0,0.0,0.0,0.0,10,5236.0,5240.0,6,5236.0,5242.0,5254.0,5232.0,283.0,14833980.0,20158
2023-05-10 21:02:37,sp2401,sp2401,5238.0,0.0,0.0,0.0,4,5236.0,5240.0,6,5236.0,5242.0,5254.0,5232.0,283.0,14833980.0,20158
2023-05-10 21:02:38,sp2401,sp2401,5238.0,0.0,0.0,0.0,4,5236.0,5240.0,7,5236.0,5242.0,5254.0,5232.0,283.0,14833980.0,20158
2023-05-10 21:02:39,sp2401,sp2401,5238.0,0.0,0.0,0.0,4,5236.0,5240.0,6,5236.0,5242.0,5254.0,5232.0,283.0,14833980.0,20158
2023-05-10 21:02:40,sp2401,sp2401,5238.0,0.0,0.0,0.0,6,5238.0,5240.0,4,5236.0,5242.0,5254.0,5232.0,283.0,14833980.0,20158
2023-05-10 21:02:40,sp2401,sp2401,5238.0,6.0,314280.0,0.0,4,5236.0,5240.0,6,5236.0,5242.0,5254.0,5232.0,289.0,15148260.0,20158
2023-05-10 21:02:41,sp2401,sp2401,5236.0,1.0,52360.0,1.0,3,5236.0,5240.0,6,5236.0,5242.0,5254.0,5232.0,290.0,15200620.0,20159
2023-05-10 21:02:41,sp2401,sp2401,5236.0,0.0,0.0,0.0,3,5236.0,5240.0,7,5236.0,5242.0,5254.0,5232.0,290.0,15200620.0,20159
2023-05-10 21:02:43,sp2401,sp2401,5236.0,2.0,104720.0,2.0,3,5234.0,5240.0,7,5236.0,5242.0,5254.0,5232.0,292.0,15305340.0,20161
2023-05-10 21:02:43,sp2401,sp2401,5236.0,0.0,0.0,0.0,3,5234.0,5238.0,2,5236.0,5242.0,5254.0,5232.0,292.0,15305340.0,20161
2023-05-10 21:02:44,sp2401,sp2401,5236.0,0.0,0.0,0.0,1,5236.0,5238.0,4,5236.0,5242.0,5254.0,5232.0,292.0,15305340.0,20161
2023-05-10 21:02:44,sp2401,sp2401,5236.0,0.0,0.0,0.0,1,5236.0,5238.0,4,5236.0,5242.0,5254.0,5232.0,292.0,15305340.0,20161
2023-05-10 21:02:45,sp2401,sp2401,5236.0,1.0,52360.0,1.0,4,5234.0,5238.0,4,5236.0,5242.0,5254.0,5232.0,293.0,15357700.0,20162
2023-05-10 21:02:46,sp2401,sp2401,5236.0,0.0,0.0,0.0,4,5234.0,5238.0,4,5236.0,5242.0,5254.0,5232.0,293.0,15357700.0,20162
2023-05-10 21:02:47,sp2401,sp2401,5236.0,0.0,0.0,0.0,4,5234.0,5238.0,6,5236.0,5242.0,5254.0,5232.0,293.0,15357700.0,20162
2023-05-10 21:02:48,sp2401,sp2401,5236.0,0.0,0.0,0.0,4,5234.0,5238.0,6,5236.0,5242.0,5254.0,5232.0,293.0,15357700.0,20162
2023-05-10 21:02:48,sp2401,sp2401,5234.0,2.0,104680.0,2.0,7,5232.0,5238.0,7,5236.0,5242.0,5254.0,5232.0,295.0,15462380.0,20164
2023-05-10 21:02:49,sp2401,sp2401,5234.0,0.0,0.0,0.0,7,5232.0,5236.0,2,5236.0,5242.0,5254.0,5232.0,295.0,15462380.0,20164
2023-05-10 21:02:49,sp2401,sp2401,5234.0,0.0,0.0,0.0,7,5232.0,5236.0,4,5236.0,5242.0,5254.0,5232.0,295.0,15462380.0,20164
2023-05-10 21:02:50,sp2401,sp2401,5236.0,1.0,52360.0,0.0,6,5232.0,5236.0,3,5236.0,5242.0,5254.0,5232.0,296.0,15514740.0,20164
2023-05-10 21:02:51,sp2401,sp2401,5236.0,0.0,0.0,0.0,6,5232.0,5236.0,7,5236.0,5242.0,5254.0,5232.0,296.0,15514740.0,20164
2023-05-10 21:02:51,sp2401,sp2401,5236.0,0.0,0.0,0.0,6,5232.0,5236.0,7,5236.0,5242.0,5254.0,5232.0,296.0,15514740.0,20164
2023-05-10 21:02:52,sp2401,sp2401,5236.0,0.0,0.0,0.0,9,5232.0,5236.0,5,5236.0,5242.0,5254.0,5232.0,296.0,15514740.0,20164
2023-05-10 21:02:55,sp2401,sp2401,5236.0,0.0,0.0,0.0,8,5232.0,5236.0,5,5236.0,5242.0,5254.0,5232.0,296.0,15514740.0,20164
2023-05-10 21:02:56,sp2401,sp2401,5236.0,0.0,0.0,0.0,8,5232.0,5236.0,7,5236.0,5242.0,5254.0,5232.0,296.0,15514740.0,20164
2023-05-10 21:02:57,sp2401,sp2401,5236.0,0.0,0.0,0.0,8,5232.0,5236.0,8,5236.0,5242.0,5254.0,5232.0,296.0,15514740.0,20164
2023-05-10 21:03:01,sp2401,sp2401,5236.0,4.0,209440.0,-4.0,9,5232.0,5238.0,7,5236.0,5242.0,5254.0,5232.0,300.0,15724180.0,20160
2023-05-10 21:03:01,sp2401,sp2401,5236.0,0.0,0.0,0.0,9,5232.0,5238.0,4,5236.0,5242.0,5254.0,5232.0,300.0,15724180.0,20160
2023-05-10 21:03:02,sp2401,sp2401,5236.0,0.0,0.0,0.0,2,5234.0,5238.0,4,5236.0,5242.0,5254.0,5232.0,300.0,15724180.0,20160
2023-05-10 21:03:02,sp2401,sp2401,5236.0,0.0,0.0,0.0,4,5234.0,5238.0,4,5236.0,5242.0,5254.0,5232.0,300.0,15724180.0,20160
2023-05-10 21:03:03,sp2401,sp2401,5236.0,0.0,0.0,0.0,5,5234.0,5238.0,4,5236.0,5242.0,5254.0,5232.0,300.0,15724180.0,20160
2023-05-10 21:03:03,sp2401,sp2401,5236.0,0.0,0.0,0.0,7,5234.0,5238.0,4,5236.0,5242.0,5254.0,5232.0,300.0,15724180.0,20160
2023-05-10 21:03:04,sp2401,sp2401,5236.0,0.0,0.0,0.0,6,5234.0,5238.0,4,5236.0,5242.0,5254.0,5232.0,300.0,15724180.0,20160
2023-05-10 21:03:05,sp2401,sp2401,5236.0,0.0,0.0,0.0,7,5234.0,5238.0,2,5236.0,5242.0,5254.0,5232.0,300.0,15724180.0,20160
2023-05-10 21:03:07,sp2401,sp2401,5236.0,0.0,0.0,0.0,7,5234.0,5238.0,2,5236.0,5242.0,5254.0,5232.0,300.0,15724180.0,20160
2023-05-10 21:03:08,sp2401,sp2401,5236.0,0.0,0.0,0.0,1,5236.0,5238.0,2,5236.0,5242.0,5254.0,5232.0,300.0,15724180.0,20160
2023-05-10 21:03:08,sp2401,sp2401,5236.0,0.0,0.0,0.0,3,5236.0,5238.0,2,5236.0,5242.0,5254.0,5232.0,300.0,15724180.0,20160
2023-05-10 21:03:10,sp2401,sp2401,5238.0,2.0,104760.0,-2.0,3,5236.0,5240.0,6,5236.0,5242.0,5254.0,5232.0,302.0,15828940.0,20158
2023-05-10 21:03:11,sp2401,sp2401,5238.0,0.0,0.0,0.0,5,5236.0,5240.0,4,5236.0,5242.0,5254.0,5232.0,302.0,15828940.0,20158
2023-05-10 21:03:11,sp2401,sp2401,5238.0,0.0,0.0,0.0,6,5236.0,5240.0,4,5236.0,5242.0,5254.0,5232.0,302.0,15828940.0,20158
2023-05-10 21:03:12,sp2401,sp2401,5238.0,0.0,0.0,0.0,6,5236.0,5240.0,6,5236.0,5242.0,5254.0,5232.0,302.0,15828940.0,20158
2023-05-10 21:03:15,sp2401,sp2401,5238.0,0.0,0.0,0.0,5,5236.0,5240.0,6,5236.0,5242.0,5254.0,5232.0,302.0,15828940.0,20158
2023-05-10 21:03:15,sp2401,sp2401,5240.0,2.0,104800.0,0.0,5,5236.0,5240.0,4,5236.0,5242.0,5254.0,5232.0,304.0,15933740.0,20158
2023-05-10 21:03:16,sp2401,sp2401,5240.0,0.0,0.0,0.0,6,5236.0,5240.0,4,5236.0,5242.0,5254.0,5232.0,304.0,15933740.0,20158
2023-05-10 21:03:21,sp2401,sp2401,5240.0,0.0,0.0,0.0,2,5238.0,5240.0,4,5236.0,5242.0,5254.0,5232.0,304.0,15933740.0,20158
2023-05-10 21:03:21,sp2401,sp2401,5240.0,0.0,0.0,0.0,4,5238.0,5240.0,4,5236.0,5242.0,5254.0,5232.0,304.0,15933740.0,20158
2023-05-10 21:03:22,sp2401,sp2401,5240.0,0.0,0.0,0.0,4,5238.0,5240.0,4,5236.0,5242.0,5254.0,5232.0,304.0,15933740.0,20158
2023-05-10 21:03:23,sp2401,sp2401,5240.0,4.0,209600.0,-2.0,1,5240.0,5242.0,3,5236.0,5242.0,5254.0,5232.0,308.0,16143340.0,20156
2023-05-10 21:03:23,sp2401,sp2401,5240.0,1.0,52400.0,1.0,2,5240.0,5242.0,3,5236.0,5242.0,5254.0,5232.0,309.0,16195740.0,20157
2023-05-10 21:03:24,sp2401,sp2401,5240.0,0.0,0.0,0.0,2,5240.0,5242.0,3,5236.0,5242.0,5254.0,5232.0,309.0,16195740.0,20157
2023-05-10 21:03:28,sp2401,sp2401,5242.0,1.0,52420.0,0.0,6,5240.0,5242.0,2,5236.0,5242.0,5254.0,5232.0,310.0,16248160.0,20157
2023-05-10 21:03:29,sp2401,sp2401,5240.0,6.0,314400.0,2.0,8,5238.0,5242.0,2,5236.0,5242.0,5254.0,5232.0,316.0,16562560.0,20159
2023-05-10 21:03:30,sp2401,sp2401,5240.0,0.0,0.0,0.0,1,5240.0,5242.0,2,5236.0,5242.0,5254.0,5232.0,316.0,16562560.0,20159
2023-05-10 21:03:30,sp2401,sp2401,5240.0,0.0,0.0,0.0,3,5240.0,5242.0,2,5236.0,5242.0,5254.0,5232.0,316.0,16562560.0,20159
2023-05-10 21:03:32,sp2401,sp2401,5240.0,1.0,52400.0,-1.0,2,5240.0,5242.0,2,5236.0,5242.0,5254.0,5232.0,317.0,16614960.0,20158
2023-05-10 21:03:34,sp2401,sp2401,5240.0,0.0,0.0,0.0,2,5240.0,5242.0,2,5236.0,5242.0,5254.0,5232.0,317.0,16614960.0,20158
2023-05-10 21:03:35,sp2401,sp2401,5240.0,0.0,0.0,0.0,2,5240.0,5242.0,1,5236.0,5242.0,5254.0,5232.0,317.0,16614960.0,20158
2023-05-10 21:03:36,sp2401,sp2401,5240.0,0.0,0.0,0.0,2,5240.0,5242.0,3,5236.0,5242.0,5254.0,5232.0,317.0,16614960.0,20158
2023-05-10 21:03:37,sp2401,sp2401,5240.0,0.0,0.0,0.0,11,5238.0,5242.0,4,5236.0,5242.0,5254.0,5232.0,317.0,16614960.0,20158
2023-05-10 21:03:38,sp2401,sp2401,5238.0,1.0,52380.0,1.0,10,5238.0,5242.0,4,5236.0,5242.0,5254.0,5232.0,318.0,16667340.0,20159
2023-05-10 21:03:38,sp2401,sp2401,5238.0,0.0,0.0,0.0,11,5238.0,5242.0,4,5236.0,5242.0,5254.0,5232.0,318.0,16667340.0,20159
2023-05-10 21:03:39,sp2401,sp2401,5238.0,0.0,0.0,0.0,4,5240.0,5242.0,5,5236.0,5242.0,5254.0,5232.0,318.0,16667340.0,20159
2023-05-10 21:03:39,sp2401,sp2401,5238.0,0.0,0.0,0.0,2,5240.0,5242.0,5,5236.0,5242.0,5254.0,5232.0,318.0,16667340.0,20159
2023-05-10 21:03:40,sp2401,sp2401,5238.0,0.0,0.0,0.0,4,5240.0,5242.0,4,5236.0,5242.0,5254.0,5232.0,318.0,16667340.0,20159
2023-05-10 21:03:40,sp2401,sp2401,5238.0,0.0,0.0,0.0,4,5240.0,5242.0,4,5236.0,5242.0,5254.0,5232.0,318.0,16667340.0,20159
2023-05-10 21:03:41,sp2401,sp2401,5238.0,0.0,0.0,0.0,4,5240.0,5242.0,4,5236.0,5242.0,5254.0,5232.0,318.0,16667340.0,20159
2023-05-10 21:03:43,sp2401,sp2401,5242.0,4.0,209680.0,-3.0,4,5240.0,5244.0,3,5236.0,5242.0,5254.0,5232.0,322.0,16877020.0,20156
2023-05-10 21:03:44,sp2401,sp2401,5242.0,0.0,0.0,0.0,4,5240.0,5244.0,3,5236.0,5242.0,5254.0,5232.0,322.0,16877020.0,20156
2023-05-10 21:03:44,sp2401,sp2401,5242.0,0.0,0.0,0.0,9,5240.0,5244.0,3,5236.0,5242.0,5254.0,5232.0,322.0,16877020.0,20156
2023-05-10 21:03:48,sp2401,sp2401,5240.0,1.0,52400.0,1.0,8,5240.0,5244.0,3,5236.0,5242.0,5254.0,5232.0,323.0,16929420.0,20157
2023-05-10 21:03:50,sp2401,sp2401,5240.0,0.0,0.0,0.0,8,5240.0,5244.0,3,5236.0,5242.0,5254.0,5232.0,323.0,16929420.0,20157
2023-05-10 21:03:59,sp2401,sp2401,5240.0,0.0,0.0,0.0,8,5240.0,5244.0,4,5236.0,5242.0,5254.0,5232.0,323.0,16929420.0,20157
2023-05-10 21:03:59,sp2401,sp2401,5240.0,0.0,0.0,0.0,8,5240.0,5244.0,4,5236.0,5242.0,5254.0,5232.0,323.0,16929420.0,20157
2023-05-10 21:04:08,sp2401,sp2401,5240.0,3.0,157200.0,-2.0,5,5240.0,5244.0,4,5236.0,5242.0,5254.0,5232.0,326.0,17086620.0,20155
2023-05-10 21:04:09,sp2401,sp2401,5240.0,0.0,0.0,0.0,7,5240.0,5242.0,1,5236.0,5242.0,5254.0,5232.0,326.0,17086620.0,20155
2023-05-10 21:04:15,sp2401,sp2401,5240.0,0.0,0.0,0.0,7,5240.0,5242.0,4,5236.0,5242.0,5254.0,5232.0,326.0,17086620.0,20155
2023-05-10 21:04:17,sp2401,sp2401,5240.0,1.0,52400.0,-1.0,6,5240.0,5242.0,4,5236.0,5242.0,5254.0,5232.0,327.0,17139020.0,20154
2023-05-10 21:04:17,sp2401,sp2401,5240.0,0.0,0.0,0.0,6,5240.0,5242.0,4,5236.0,5242.0,5254.0,5232.0,327.0,17139020.0,20154
2023-05-10 21:04:18,sp2401,sp2401,5240.0,6.0,314400.0,1.0,11,5238.0,5242.0,4,5236.0,5242.0,5254.0,5232.0,333.0,17453420.0,20155
2023-05-10 21:04:18,sp2401,sp2401,5240.0,0.0,0.0,0.0,11,5238.0,5242.0,4,5236.0,5242.0,5254.0,5232.0,333.0,17453420.0,20155
2023-05-10 21:04:19,sp2401,sp2401,5242.0,5.0,262100.0,1.0,11,5238.0,5242.0,1,5236.0,5242.0,5254.0,5232.0,338.0,17715520.0,20156
2023-05-10 21:04:20,sp2401,sp2401,5242.0,0.0,0.0,0.0,11,5238.0,5240.0,1,5236.0,5242.0,5254.0,5232.0,338.0,17715520.0,20156
2023-05-10 21:04:21,sp2401,sp2401,5242.0,0.0,0.0,0.0,11,5238.0,5240.0,3,5236.0,5242.0,5254.0,5232.0,338.0,17715520.0,20156
2023-05-10 21:04:21,sp2401,sp2401,5238.0,9.0,471420.0,9.0,4,5236.0,5240.0,7,5236.0,5242.0,5254.0,5232.0,347.0,18186940.0,20165
2023-05-10 21:04:22,sp2401,sp2401,5238.0,0.0,0.0,0.0,3,5236.0,5240.0,8,5236.0,5242.0,5254.0,5232.0,347.0,18186940.0,20165
2023-05-10 21:04:22,sp2401,sp2401,5236.0,3.0,157080.0,2.0,4,5234.0,5238.0,6,5236.0,5242.0,5254.0,5232.0,350.0,18344020.0,20167
2023-05-10 21:04:23,sp2401,sp2401,5236.0,0.0,0.0,0.0,4,5234.0,5236.0,4,5236.0,5242.0,5254.0,5232.0,350.0,18344020.0,20167
2023-05-10 21:04:23,sp2401,sp2401,5236.0,0.0,0.0,0.0,2,5234.0,5236.0,10,5236.0,5242.0,5254.0,5232.0,350.0,18344020.0,20167
2023-05-10 21:04:24,sp2401,sp2401,5234.0,1.0,52340.0,1.0,1,5234.0,5236.0,6,5236.0,5242.0,5254.0,5232.0,351.0,18396360.0,20168
2023-05-10 21:04:24,sp2401,sp2401,5234.0,1.0,52340.0,1.0,6,5232.0,5236.0,7,5236.0,5242.0,5254.0,5232.0,352.0,18448700.0,20169
2023-05-10 21:04:25,sp2401,sp2401,5232.0,2.0,104640.0,0.0,4,5232.0,5234.0,2,5236.0,5242.0,5254.0,5232.0,354.0,18553340.0,20169
2023-05-10 21:04:25,sp2401,sp2401,5232.0,0.0,0.0,0.0,4,5232.0,5234.0,4,5236.0,5242.0,5254.0,5232.0,354.0,18553340.0,20169
2023-05-10 21:04:26,sp2401,sp2401,5232.0,0.0,0.0,0.0,4,5232.0,5234.0,5,5236.0,5242.0,5254.0,5232.0,354.0,18553340.0,20169
2023-05-10 21:04:27,sp2401,sp2401,5234.0,1.0,52340.0,0.0,4,5232.0,5234.0,4,5236.0,5242.0,5254.0,5232.0,355.0,18605680.0,20169
2023-05-10 21:04:27,sp2401,sp2401,5234.0,0.0,0.0,0.0,4,5232.0,5234.0,5,5236.0,5242.0,5254.0,5232.0,355.0,18605680.0,20169
2023-05-10 21:04:28,sp2401,sp2401,5234.0,0.0,0.0,0.0,4,5232.0,5234.0,4,5236.0,5242.0,5254.0,5232.0,355.0,18605680.0,20169
2023-05-10 21:04:28,sp2401,sp2401,5234.0,0.0,0.0,0.0,4,5232.0,5234.0,4,5236.0,5242.0,5254.0,5232.0,355.0,18605680.0,20169
2023-05-10 21:04:29,sp2401,sp2401,5234.0,0.0,0.0,0.0,4,5232.0,5234.0,4,5236.0,5242.0,5254.0,5232.0,355.0,18605680.0,20169
2023-05-10 21:04:30,sp2401,sp2401,5232.0,3.0,156960.0,3.0,1,5232.0,5234.0,4,5236.0,5242.0,5254.0,5232.0,358.0,18762640.0,20172
2023-05-10 21:04:30,sp2401,sp2401,5232.0,1.0,52320.0,0.0,2,5230.0,5234.0,4,5236.0,5242.0,5254.0,5232.0,359.0,18814960.0,20172
2023-05-10 21:04:31,sp2401,sp2401,5232.0,0.0,0.0,0.0,2,5230.0,5232.0,2,5236.0,5242.0,5254.0,5232.0,359.0,18814960.0,20172
2023-05-10 21:04:31,sp2401,sp2401,5232.0,0.0,0.0,0.0,2,5230.0,5232.0,4,5236.0,5242.0,5254.0,5232.0,359.0,18814960.0,20172
2023-05-10 21:04:34,sp2401,sp2401,5232.0,0.0,0.0,0.0,4,5228.0,5232.0,4,5236.0,5242.0,5254.0,5232.0,359.0,18814960.0,20172
2023-05-10 21:04:34,sp2401,sp2401,5232.0,0.0,0.0,0.0,7,5228.0,5230.0,1,5236.0,5242.0,5254.0,5232.0,359.0,18814960.0,20172
2023-05-10 21:04:35,sp2401,sp2401,5230.0,5.0,261500.0,-1.0,1,5230.0,5232.0,6,5236.0,5242.0,5254.0,5230.0,364.0,19076460.0,20171
2023-05-10 21:04:35,sp2401,sp2401,5230.0,1.0,52300.0,0.0,7,5228.0,5232.0,6,5236.0,5242.0,5254.0,5230.0,365.0,19128760.0,20171
2023-05-10 21:04:36,sp2401,sp2401,5230.0,0.0,0.0,0.0,7,5228.0,5232.0,6,5236.0,5242.0,5254.0,5230.0,365.0,19128760.0,20171
2023-05-10 21:04:38,sp2401,sp2401,5230.0,0.0,0.0,0.0,5,5228.0,5232.0,6,5236.0,5242.0,5254.0,5230.0,365.0,19128760.0,20171
2023-05-10 21:04:38,sp2401,sp2401,5230.0,0.0,0.0,0.0,7,5228.0,5232.0,8,5236.0,5242.0,5254.0,5230.0,365.0,19128760.0,20171
2023-05-10 21:04:44,sp2401,sp2401,5230.0,1.0,52300.0,1.0,5,5228.0,5230.0,3,5236.0,5242.0,5254.0,5230.0,366.0,19181060.0,20172
2023-05-10 21:04:45,sp2401,sp2401,5230.0,0.0,0.0,0.0,4,5228.0,5230.0,5,5236.0,5242.0,5254.0,5230.0,366.0,19181060.0,20172
2023-05-10 21:04:46,sp2401,sp2401,5230.0,0.0,0.0,0.0,4,5228.0,5230.0,5,5236.0,5242.0,5254.0,5230.0,366.0,19181060.0,20172
2023-05-10 21:04:47,sp2401,sp2401,5230.0,1.0,52300.0,1.0,4,5228.0,5230.0,4,5236.0,5242.0,5254.0,5230.0,367.0,19233360.0,20173
2023-05-10 21:04:48,sp2401,sp2401,5230.0,0.0,0.0,0.0,4,5228.0,5230.0,4,5236.0,5242.0,5254.0,5230.0,367.0,19233360.0,20173
2023-05-10 21:04:49,sp2401,sp2401,5228.0,2.0,104560.0,0.0,2,5228.0,5230.0,4,5236.0,5242.0,5254.0,5228.0,369.0,19337920.0,20173
2023-05-10 21:04:50,sp2401,sp2401,5228.0,0.0,0.0,0.0,3,5228.0,5230.0,4,5236.0,5242.0,5254.0,5228.0,369.0,19337920.0,20173
2023-05-10 21:04:51,sp2401,sp2401,5228.0,1.0,52280.0,1.0,2,5228.0,5230.0,4,5236.0,5242.0,5254.0,5228.0,370.0,19390200.0,20174
2023-05-10 21:04:53,sp2401,sp2401,5228.0,0.0,0.0,0.0,5,5228.0,5230.0,2,5236.0,5242.0,5254.0,5228.0,370.0,19390200.0,20174
2023-05-10 21:04:53,sp2401,sp2401,5230.0,2.0,104600.0,2.0,3,5228.0,5230.0,2,5236.0,5242.0,5254.0,5228.0,372.0,19494800.0,20176
2023-05-10 21:04:54,sp2401,sp2401,5228.0,4.0,209120.0,2.0,1,5228.0,5230.0,2,5236.0,5242.0,5254.0,5228.0,376.0,19703920.0,20178
2023-05-10 21:04:54,sp2401,sp2401,5230.0,2.0,104600.0,0.0,1,5228.0,5232.0,8,5236.0,5242.0,5254.0,5228.0,378.0,19808520.0,20178
2023-05-10 21:04:55,sp2401,sp2401,5230.0,0.0,0.0,0.0,3,5228.0,5232.0,8,5236.0,5242.0,5254.0,5228.0,378.0,19808520.0,20178
2023-05-10 21:04:56,sp2401,sp2401,5230.0,0.0,0.0,0.0,2,5230.0,5232.0,8,5236.0,5242.0,5254.0,5228.0,378.0,19808520.0,20178
2023-05-10 21:04:56,sp2401,sp2401,5230.0,1.0,52300.0,1.0,1,5230.0,5232.0,8,5236.0,5242.0,5254.0,5228.0,379.0,19860820.0,20179
2023-05-10 21:04:57,sp2401,sp2401,5230.0,1.0,52300.0,0.0,3,5228.0,5232.0,8,5236.0,5242.0,5254.0,5228.0,380.0,19913120.0,20179
2023-05-10 21:04:59,sp2401,sp2401,5228.0,1.0,52280.0,0.0,2,5228.0,5232.0,8,5236.0,5242.0,5254.0,5228.0,381.0,19965400.0,20179
2023-05-10 21:04:59,sp2401,sp2401,5228.0,0.0,0.0,0.0,4,5228.0,5232.0,9,5236.0,5242.0,5254.0,5228.0,381.0,19965400.0,20179
2023-05-10 21:05:01,sp2401,sp2401,5228.0,0.0,0.0,0.0,2,5228.0,5232.0,9,5236.0,5242.0,5254.0,5228.0,381.0,19965400.0,20179
2023-05-10 21:05:02,sp2401,sp2401,5228.0,0.0,0.0,0.0,4,5228.0,5232.0,9,5236.0,5242.0,5254.0,5228.0,381.0,19965400.0,20179
2023-05-10 21:05:02,sp2401,sp2401,5228.0,0.0,0.0,0.0,4,5228.0,5232.0,5,5236.0,5242.0,5254.0,5228.0,381.0,19965400.0,20179
2023-05-10 21:05:03,sp2401,sp2401,5232.0,5.0,261600.0,-2.0,4,5228.0,5234.0,2,5236.0,5242.0,5254.0,5228.0,386.0,20227000.0,20177
2023-05-10 21:05:03,sp2401,sp2401,5232.0,0.0,0.0,0.0,6,5230.0,5234.0,2,5236.0,5242.0,5254.0,5228.0,386.0,20227000.0,20177
2023-05-10 21:05:04,sp2401,sp2401,5232.0,0.0,0.0,0.0,8,5230.0,5234.0,2,5236.0,5242.0,5254.0,5228.0,386.0,20227000.0,20177
2023-05-10 21:05:04,sp2401,sp2401,5232.0,0.0,0.0,0.0,8,5230.0,5234.0,2,5236.0,5242.0,5254.0,5228.0,386.0,20227000.0,20177
2023-05-10 21:05:06,sp2401,sp2401,5234.0,2.0,104680.0,-2.0,9,5230.0,5236.0,7,5236.0,5242.0,5254.0,5228.0,388.0,20331680.0,20175
2023-05-10 21:05:07,sp2401,sp2401,5234.0,0.0,0.0,0.0,2,5234.0,5236.0,5,5236.0,5242.0,5254.0,5228.0,388.0,20331680.0,20175
2023-05-10 21:05:07,sp2401,sp2401,5236.0,1.0,52360.0,0.0,6,5234.0,5238.0,7,5236.0,5242.0,5254.0,5228.0,389.0,20384040.0,20175
2023-05-10 21:05:08,sp2401,sp2401,5236.0,0.0,0.0,0.0,6,5234.0,5238.0,6,5236.0,5242.0,5254.0,5228.0,389.0,20384040.0,20175
2023-05-10 21:05:08,sp2401,sp2401,5236.0,0.0,0.0,0.0,6,5234.0,5236.0,4,5236.0,5242.0,5254.0,5228.0,389.0,20384040.0,20175
2023-05-10 21:05:09,sp2401,sp2401,5236.0,4.0,209440.0,0.0,2,5236.0,5238.0,6,5236.0,5242.0,5254.0,5228.0,393.0,20593480.0,20175
2023-05-10 21:05:09,sp2401,sp2401,5236.0,0.0,0.0,0.0,4,5236.0,5238.0,6,5236.0,5242.0,5254.0,5228.0,393.0,20593480.0,20175
2023-05-10 21:05:10,sp2401,sp2401,5238.0,6.0,314280.0,-6.0,4,5236.0,5240.0,3,5236.0,5242.0,5254.0,5228.0,399.0,20907760.0,20169
2023-05-10 21:05:10,sp2401,sp2401,5238.0,0.0,0.0,0.0,5,5236.0,5240.0,3,5236.0,5242.0,5254.0,5228.0,399.0,20907760.0,20169
2023-05-10 21:05:11,sp2401,sp2401,5238.0,0.0,0.0,0.0,15,5236.0,5240.0,3,5236.0,5242.0,5254.0,5228.0,399.0,20907760.0,20169
2023-05-10 21:05:12,sp2401,sp2401,5238.0,0.0,0.0,0.0,11,5236.0,5240.0,3,5236.0,5242.0,5254.0,5228.0,399.0,20907760.0,20169
2023-05-10 21:05:15,sp2401,sp2401,5238.0,0.0,0.0,0.0,10,5236.0,5240.0,3,5236.0,5242.0,5254.0,5228.0,399.0,20907760.0,20169
2023-05-10 21:05:16,sp2401,sp2401,5238.0,0.0,0.0,0.0,4,5238.0,5240.0,3,5236.0,5242.0,5254.0,5228.0,399.0,20907760.0,20169
2023-05-10 21:05:16,sp2401,sp2401,5238.0,0.0,0.0,0.0,6,5238.0,5240.0,1,5236.0,5242.0,5254.0,5228.0,399.0,20907760.0,20169
2023-05-10 21:05:17,sp2401,sp2401,5240.0,1.0,52400.0,0.0,6,5238.0,5244.0,4,5236.0,5242.0,5254.0,5228.0,400.0,20960160.0,20169
2023-05-10 21:05:17,sp2401,sp2401,5240.0,0.0,0.0,0.0,7,5238.0,5242.0,4,5236.0,5242.0,5254.0,5228.0,400.0,20960160.0,20169
2023-05-10 21:05:18,sp2401,sp2401,5240.0,0.0,0.0,0.0,7,5238.0,5242.0,6,5236.0,5242.0,5254.0,5228.0,400.0,20960160.0,20169
2023-05-10 21:05:18,sp2401,sp2401,5240.0,0.0,0.0,0.0,6,5238.0,5242.0,6,5236.0,5242.0,5254.0,5228.0,400.0,20960160.0,20169
2023-05-10 21:05:21,sp2401,sp2401,5240.0,0.0,0.0,0.0,6,5238.0,5242.0,6,5236.0,5242.0,5254.0,5228.0,400.0,20960160.0,20169
2023-05-10 21:05:22,sp2401,sp2401,5240.0,0.0,0.0,0.0,6,5238.0,5242.0,7,5236.0,5242.0,5254.0,5228.0,400.0,20960160.0,20169
2023-05-10 21:05:23,sp2401,sp2401,5240.0,0.0,0.0,0.0,6,5238.0,5242.0,6,5236.0,5242.0,5254.0,5228.0,400.0,20960160.0,20169
2023-05-10 21:05:23,sp2401,sp2401,5240.0,0.0,0.0,0.0,6,5238.0,5242.0,7,5236.0,5242.0,5254.0,5228.0,400.0,20960160.0,20169
2023-05-10 21:05:25,sp2401,sp2401,5238.0,2.0,104760.0,-2.0,4,5238.0,5242.0,7,5236.0,5242.0,5254.0,5228.0,402.0,21064920.0,20167
2023-05-10 21:05:25,sp2401,sp2401,5238.0,0.0,0.0,0.0,5,5238.0,5242.0,8,5236.0,5242.0,5254.0,5228.0,402.0,21064920.0,20167
2023-05-10 21:05:26,sp2401,sp2401,5238.0,0.0,0.0,0.0,2,5240.0,5242.0,7,5236.0,5242.0,5254.0,5228.0,402.0,21064920.0,20167
2023-05-10 21:05:26,sp2401,sp2401,5240.0,1.0,52400.0,1.0,1,5240.0,5242.0,7,5236.0,5242.0,5254.0,5228.0,403.0,21117320.0,20168
2023-05-10 21:05:27,sp2401,sp2401,5240.0,0.0,0.0,0.0,3,5240.0,5242.0,7,5236.0,5242.0,5254.0,5228.0,403.0,21117320.0,20168
2023-05-10 21:05:27,sp2401,sp2401,5240.0,0.0,0.0,0.0,3,5240.0,5242.0,7,5236.0,5242.0,5254.0,5228.0,403.0,21117320.0,20168
2023-05-10 21:05:28,sp2401,sp2401,5240.0,0.0,0.0,0.0,3,5240.0,5242.0,7,5236.0,5242.0,5254.0,5228.0,403.0,21117320.0,20168
2023-05-10 21:05:28,sp2401,sp2401,5240.0,0.0,0.0,0.0,3,5240.0,5242.0,7,5236.0,5242.0,5254.0,5228.0,403.0,21117320.0,20168
2023-05-10 21:05:29,sp2401,sp2401,5240.0,0.0,0.0,0.0,3,5240.0,5242.0,3,5236.0,5242.0,5254.0,5228.0,403.0,21117320.0,20168
2023-05-10 21:05:30,sp2401,sp2401,5240.0,0.0,0.0,0.0,4,5240.0,5242.0,3,5236.0,5242.0,5254.0,5228.0,403.0,21117320.0,20168
2023-05-10 21:05:32,sp2401,sp2401,5240.0,0.0,0.0,0.0,4,5240.0,5242.0,4,5236.0,5242.0,5254.0,5228.0,403.0,21117320.0,20168
2023-05-10 21:05:32,sp2401,sp2401,5242.0,4.0,209680.0,-2.0,4,5240.0,5244.0,4,5236.0,5242.0,5254.0,5228.0,407.0,21327000.0,20166
2023-05-10 21:05:33,sp2401,sp2401,5242.0,0.0,0.0,0.0,4,5240.0,5244.0,2,5236.0,5242.0,5254.0,5228.0,407.0,21327000.0,20166
2023-05-10 21:05:33,sp2401,sp2401,5242.0,0.0,0.0,0.0,5,5240.0,5244.0,4,5236.0,5242.0,5254.0,5228.0,407.0,21327000.0,20166
2023-05-10 21:05:35,sp2401,sp2401,5242.0,0.0,0.0,0.0,4,5240.0,5244.0,4,5236.0,5242.0,5254.0,5228.0,407.0,21327000.0,20166
2023-05-10 21:05:36,sp2401,sp2401,5242.0,0.0,0.0,0.0,8,5240.0,5244.0,4,5236.0,5242.0,5254.0,5228.0,407.0,21327000.0,20166
2023-05-10 21:05:36,sp2401,sp2401,5242.0,0.0,0.0,0.0,8,5240.0,5244.0,4,5236.0,5242.0,5254.0,5228.0,407.0,21327000.0,20166
2023-05-10 21:05:37,sp2401,sp2401,5242.0,0.0,0.0,0.0,9,5240.0,5244.0,4,5236.0,5242.0,5254.0,5228.0,407.0,21327000.0,20166
2023-05-10 21:05:41,sp2401,sp2401,5242.0,0.0,0.0,0.0,9,5240.0,5244.0,6,5236.0,5242.0,5254.0,5228.0,407.0,21327000.0,20166
2023-05-10 21:05:42,sp2401,sp2401,5242.0,0.0,0.0,0.0,9,5240.0,5244.0,4,5236.0,5242.0,5254.0,5228.0,407.0,21327000.0,20166
2023-05-10 21:05:43,sp2401,sp2401,5242.0,0.0,0.0,0.0,10,5240.0,5244.0,6,5236.0,5242.0,5254.0,5228.0,407.0,21327000.0,20166
2023-05-10 21:05:43,sp2401,sp2401,5242.0,0.0,0.0,0.0,9,5240.0,5244.0,6,5236.0,5242.0,5254.0,5228.0,407.0,21327000.0,20166
2023-05-10 21:05:46,sp2401,sp2401,5242.0,0.0,0.0,0.0,10,5240.0,5244.0,6,5236.0,5242.0,5254.0,5228.0,407.0,21327000.0,20166
2023-05-10 21:05:46,sp2401,sp2401,5242.0,0.0,0.0,0.0,10,5240.0,5244.0,4,5236.0,5242.0,5254.0,5228.0,407.0,21327000.0,20166
2023-05-10 21:05:47,sp2401,sp2401,5242.0,0.0,0.0,0.0,9,5240.0,5244.0,4,5236.0,5242.0,5254.0,5228.0,407.0,21327000.0,20166
2023-05-10 21:05:47,sp2401,sp2401,5242.0,0.0,0.0,0.0,5,5240.0,5244.0,4,5236.0,5242.0,5254.0,5228.0,407.0,21327000.0,20166
2023-05-10 21:05:48,sp2401,sp2401,5244.0,1.0,52440.0,0.0,5,5240.0,5244.0,5,5236.0,5242.0,5254.0,5228.0,408.0,21379440.0,20166
2023-05-10 21:05:50,sp2401,sp2401,5244.0,0.0,0.0,0.0,9,5240.0,5244.0,5,5236.0,5242.0,5254.0,5228.0,408.0,21379440.0,20166
2023-05-10 21:05:50,sp2401,sp2401,5240.0,3.0,157200.0,3.0,8,5240.0,5244.0,5,5236.0,5242.0,5254.0,5228.0,411.0,21536640.0,20169
2023-05-10 21:05:52,sp2401,sp2401,5240.0,0.0,0.0,0.0,9,5240.0,5244.0,5,5236.0,5242.0,5254.0,5228.0,411.0,21536640.0,20169
2023-05-10 21:05:55,sp2401,sp2401,5240.0,0.0,0.0,0.0,9,5240.0,5244.0,6,5236.0,5242.0,5254.0,5228.0,411.0,21536640.0,20169
2023-05-10 21:06:02,sp2401,sp2401,5240.0,0.0,0.0,0.0,9,5240.0,5244.0,6,5236.0,5242.0,5254.0,5228.0,411.0,21536640.0,20169
2023-05-10 21:06:06,sp2401,sp2401,5244.0,6.0,314640.0,-4.0,9,5240.0,5246.0,5,5236.0,5242.0,5254.0,5228.0,417.0,21851280.0,20165
2023-05-10 21:06:07,sp2401,sp2401,5244.0,0.0,0.0,0.0,3,5244.0,5246.0,5,5236.0,5242.0,5254.0,5228.0,417.0,21851280.0,20165
2023-05-10 21:06:07,sp2401,sp2401,5244.0,0.0,0.0,0.0,3,5244.0,5246.0,5,5236.0,5242.0,5254.0,5228.0,417.0,21851280.0,20165
2023-05-10 21:06:08,sp2401,sp2401,5244.0,0.0,0.0,0.0,10,5240.0,5246.0,5,5236.0,5242.0,5254.0,5228.0,417.0,21851280.0,20165
2023-05-10 21:06:08,sp2401,sp2401,5244.0,0.0,0.0,0.0,4,5242.0,5246.0,5,5236.0,5242.0,5254.0,5228.0,417.0,21851280.0,20165
2023-05-10 21:06:09,sp2401,sp2401,5244.0,0.0,0.0,0.0,9,5242.0,5246.0,5,5236.0,5242.0,5254.0,5228.0,417.0,21851280.0,20165
2023-05-10 21:06:09,sp2401,sp2401,5244.0,0.0,0.0,0.0,9,5242.0,5246.0,5,5236.0,5242.0,5254.0,5228.0,417.0,21851280.0,20165
2023-05-10 21:06:10,sp2401,sp2401,5244.0,0.0,0.0,0.0,9,5242.0,5246.0,5,5236.0,5242.0,5254.0,5228.0,417.0,21851280.0,20165
2023-05-10 21:06:11,sp2401,sp2401,5244.0,0.0,0.0,0.0,9,5242.0,5246.0,5,5236.0,5242.0,5254.0,5228.0,417.0,21851280.0,20165
2023-05-10 21:06:11,sp2401,sp2401,5244.0,0.0,0.0,0.0,4,5244.0,5246.0,3,5236.0,5242.0,5254.0,5228.0,417.0,21851280.0,20165
2023-05-10 21:06:12,sp2401,sp2401,5244.0,0.0,0.0,0.0,6,5244.0,5246.0,3,5236.0,5242.0,5254.0,5228.0,417.0,21851280.0,20165
2023-05-10 21:06:12,sp2401,sp2401,5246.0,3.0,157380.0,-3.0,6,5244.0,5248.0,6,5236.0,5242.0,5254.0,5228.0,420.0,22008660.0,20162
2023-05-10 21:06:13,sp2401,sp2401,5244.0,1.0,52440.0,-1.0,5,5244.0,5248.0,6,5236.0,5242.0,5254.0,5228.0,421.0,22061100.0,20161
2023-05-10 21:06:13,sp2401,sp2401,5244.0,0.0,0.0,0.0,5,5244.0,5248.0,7,5236.0,5242.0,5254.0,5228.0,421.0,22061100.0,20161
2023-05-10 21:06:15,sp2401,sp2401,5244.0,0.0,0.0,0.0,5,5244.0,5248.0,11,5236.0,5242.0,5254.0,5228.0,421.0,22061100.0,20161
2023-05-10 21:06:15,sp2401,sp2401,5244.0,5.0,262200.0,2.0,10,5242.0,5248.0,12,5236.0,5242.0,5254.0,5228.0,426.0,22323300.0,20163
2023-05-10 21:06:16,sp2401,sp2401,5242.0,5.0,262100.0,2.0,2,5242.0,5246.0,8,5236.0,5242.0,5254.0,5228.0,431.0,22585400.0,20165
2023-05-10 21:06:16,sp2401,sp2401,5242.0,2.0,104840.0,0.0,6,5240.0,5242.0,1,5236.0,5242.0,5254.0,5228.0,433.0,22690240.0,20165
2023-05-10 21:06:17,sp2401,sp2401,5240.0,1.0,52400.0,1.0,4,5240.0,5246.0,7,5236.0,5242.0,5254.0,5228.0,434.0,22742640.0,20166
2023-05-10 21:06:17,sp2401,sp2401,5240.0,0.0,0.0,0.0,4,5240.0,5244.0,8,5236.0,5242.0,5254.0,5228.0,434.0,22742640.0,20166
2023-05-10 21:06:18,sp2401,sp2401,5240.0,0.0,0.0,0.0,6,5240.0,5244.0,10,5236.0,5242.0,5254.0,5228.0,434.0,22742640.0,20166
2023-05-10 21:06:19,sp2401,sp2401,5240.0,0.0,0.0,0.0,6,5240.0,5244.0,10,5236.0,5242.0,5254.0,5228.0,434.0,22742640.0,20166
2023-05-10 21:06:20,sp2401,sp2401,5238.0,8.0,419160.0,8.0,2,5236.0,5244.0,13,5236.0,5242.0,5254.0,5228.0,442.0,23161800.0,20174
2023-05-10 21:06:21,sp2401,sp2401,5238.0,0.0,0.0,0.0,4,5238.0,5242.0,2,5236.0,5242.0,5254.0,5228.0,442.0,23161800.0,20174
2023-05-10 21:06:21,sp2401,sp2401,5238.0,4.0,209520.0,4.0,3,5236.0,5242.0,8,5236.0,5242.0,5254.0,5228.0,446.0,23371320.0,20178
2023-05-10 21:06:22,sp2401,sp2401,5238.0,0.0,0.0,0.0,2,5238.0,5242.0,9,5236.0,5242.0,5254.0,5228.0,446.0,23371320.0,20178
2023-05-10 21:06:23,sp2401,sp2401,5238.0,0.0,0.0,0.0,2,5238.0,5242.0,9,5236.0,5242.0,5254.0,5228.0,446.0,23371320.0,20178
2023-05-10 21:06:24,sp2401,sp2401,5238.0,0.0,0.0,0.0,2,5238.0,5242.0,8,5236.0,5242.0,5254.0,5228.0,446.0,23371320.0,20178
2023-05-10 21:06:27,sp2401,sp2401,5238.0,0.0,0.0,0.0,2,5238.0,5242.0,8,5236.0,5242.0,5254.0,5228.0,446.0,23371320.0,20178
2023-05-10 21:06:30,sp2401,sp2401,5238.0,0.0,0.0,0.0,2,5238.0,5240.0,1,5236.0,5242.0,5254.0,5228.0,446.0,23371320.0,20178
2023-05-10 21:06:30,sp2401,sp2401,5238.0,0.0,0.0,0.0,2,5238.0,5240.0,3,5236.0,5242.0,5254.0,5228.0,446.0,23371320.0,20178
2023-05-10 21:06:31,sp2401,sp2401,5242.0,8.0,419300.0,1.0,2,5238.0,5240.0,2,5236.0,5242.0,5254.0,5228.0,454.0,23790620.0,20179
2023-05-10 21:06:32,sp2401,sp2401,5242.0,0.0,0.0,0.0,5,5236.0,5240.0,6,5236.0,5242.0,5254.0,5228.0,454.0,23790620.0,20179
2023-05-10 21:06:32,sp2401,sp2401,5242.0,0.0,0.0,0.0,5,5236.0,5240.0,6,5236.0,5242.0,5254.0,5228.0,454.0,23790620.0,20179
2023-05-10 21:06:33,sp2401,sp2401,5236.0,5.0,261800.0,3.0,2,5234.0,5238.0,6,5236.0,5242.0,5254.0,5228.0,459.0,24052420.0,20182
2023-05-10 21:06:33,sp2401,sp2401,5234.0,1.0,52340.0,1.0,5,5230.0,5238.0,9,5236.0,5242.0,5254.0,5228.0,460.0,24104760.0,20183
2023-05-10 21:06:34,sp2401,sp2401,5234.0,0.0,0.0,0.0,1,5234.0,5236.0,9,5236.0,5242.0,5254.0,5228.0,460.0,24104760.0,20183
2023-05-10 21:06:34,sp2401,sp2401,5234.0,1.0,52340.0,1.0,3,5232.0,5236.0,7,5236.0,5242.0,5254.0,5228.0,461.0,24157100.0,20184
2023-05-10 21:06:35,sp2401,sp2401,5234.0,0.0,0.0,0.0,5,5232.0,5236.0,7,5236.0,5242.0,5254.0,5228.0,461.0,24157100.0,20184
2023-05-10 21:06:35,sp2401,sp2401,5234.0,0.0,0.0,0.0,5,5232.0,5236.0,13,5236.0,5242.0,5254.0,5228.0,461.0,24157100.0,20184
2023-05-10 21:06:36,sp2401,sp2401,5234.0,0.0,0.0,0.0,5,5232.0,5236.0,13,5236.0,5242.0,5254.0,5228.0,461.0,24157100.0,20184
2023-05-10 21:06:36,sp2401,sp2401,5234.0,0.0,0.0,0.0,5,5232.0,5236.0,8,5236.0,5242.0,5254.0,5228.0,461.0,24157100.0,20184
2023-05-10 21:06:37,sp2401,sp2401,5234.0,0.0,0.0,0.0,6,5232.0,5236.0,4,5236.0,5242.0,5254.0,5228.0,461.0,24157100.0,20184
2023-05-10 21:06:37,sp2401,sp2401,5234.0,0.0,0.0,0.0,6,5232.0,5236.0,4,5236.0,5242.0,5254.0,5228.0,461.0,24157100.0,20184
2023-05-10 21:06:38,sp2401,sp2401,5232.0,1.0,52320.0,0.0,5,5232.0,5236.0,4,5236.0,5242.0,5254.0,5228.0,462.0,24209420.0,20184
2023-05-10 21:06:40,sp2401,sp2401,5232.0,0.0,0.0,0.0,4,5232.0,5236.0,4,5236.0,5242.0,5254.0,5228.0,462.0,24209420.0,20184
2023-05-10 21:06:40,sp2401,sp2401,5232.0,0.0,0.0,0.0,1,5234.0,5236.0,4,5236.0,5242.0,5254.0,5228.0,462.0,24209420.0,20184
2023-05-10 21:06:42,sp2401,sp2401,5232.0,0.0,0.0,0.0,1,5234.0,5236.0,5,5236.0,5242.0,5254.0,5228.0,462.0,24209420.0,20184
2023-05-10 21:06:42,sp2401,sp2401,5236.0,3.0,157080.0,-3.0,3,5234.0,5238.0,5,5236.0,5242.0,5254.0,5228.0,465.0,24366500.0,20181
2023-05-10 21:06:43,sp2401,sp2401,5236.0,0.0,0.0,0.0,3,5234.0,5238.0,5,5236.0,5242.0,5254.0,5228.0,465.0,24366500.0,20181
2023-05-10 21:06:43,sp2401,sp2401,5236.0,0.0,0.0,0.0,5,5234.0,5238.0,5,5236.0,5242.0,5254.0,5228.0,465.0,24366500.0,20181
2023-05-10 21:06:44,sp2401,sp2401,5236.0,0.0,0.0,0.0,5,5234.0,5238.0,4,5236.0,5242.0,5254.0,5228.0,465.0,24366500.0,20181
2023-05-10 21:06:47,sp2401,sp2401,5236.0,0.0,0.0,0.0,5,5234.0,5238.0,4,5236.0,5242.0,5254.0,5228.0,465.0,24366500.0,20181
2023-05-10 21:06:48,sp2401,sp2401,5236.0,0.0,0.0,0.0,3,5234.0,5238.0,4,5236.0,5242.0,5254.0,5228.0,465.0,24366500.0,20181
2023-05-10 21:06:48,sp2401,sp2401,5236.0,0.0,0.0,0.0,3,5234.0,5238.0,4,5236.0,5242.0,5254.0,5228.0,465.0,24366500.0,20181
2023-05-10 21:06:50,sp2401,sp2401,5236.0,0.0,0.0,0.0,3,5234.0,5238.0,4,5236.0,5242.0,5254.0,5228.0,465.0,24366500.0,20181
2023-05-10 21:06:52,sp2401,sp2401,5236.0,0.0,0.0,0.0,3,5234.0,5238.0,4,5236.0,5242.0,5254.0,5228.0,465.0,24366500.0,20181
2023-05-10 21:06:53,sp2401,sp2401,5236.0,0.0,0.0,0.0,3,5234.0,5238.0,4,5236.0,5242.0,5254.0,5228.0,465.0,24366500.0,20181
2023-05-10 21:06:54,sp2401,sp2401,5236.0,0.0,0.0,0.0,3,5234.0,5238.0,4,5236.0,5242.0,5254.0,5228.0,465.0,24366500.0,20181
2023-05-10 21:06:57,sp2401,sp2401,5236.0,0.0,0.0,0.0,1,5236.0,5238.0,4,5236.0,5242.0,5254.0,5228.0,465.0,24366500.0,20181
2023-05-10 21:06:59,sp2401,sp2401,5236.0,1.0,52360.0,0.0,3,5234.0,5238.0,5,5236.0,5242.0,5254.0,5228.0,466.0,24418860.0,20181
2023-05-10 21:06:59,sp2401,sp2401,5234.0,3.0,157020.0,3.0,6,5232.0,5236.0,8,5236.0,5242.0,5254.0,5228.0,469.0,24575880.0,20184
2023-05-10 21:07:00,sp2401,sp2401,5234.0,0.0,0.0,0.0,6,5232.0,5236.0,10,5236.0,5242.0,5254.0,5228.0,469.0,24575880.0,20184
2023-05-10 21:07:00,sp2401,sp2401,5234.0,0.0,0.0,0.0,6,5232.0,5236.0,10,5236.0,5242.0,5254.0,5228.0,469.0,24575880.0,20184
2023-05-10 21:07:01,sp2401,sp2401,5236.0,1.0,52360.0,1.0,6,5232.0,5236.0,9,5236.0,5242.0,5254.0,5228.0,470.0,24628240.0,20185
2023-05-10 21:07:02,sp2401,sp2401,5236.0,0.0,0.0,0.0,7,5232.0,5236.0,9,5236.0,5242.0,5254.0,5228.0,470.0,24628240.0,20185
2023-05-10 21:07:03,sp2401,sp2401,5236.0,0.0,0.0,0.0,7,5232.0,5236.0,5,5236.0,5242.0,5254.0,5228.0,470.0,24628240.0,20185
2023-05-10 21:07:03,sp2401,sp2401,5236.0,0.0,0.0,0.0,7,5232.0,5236.0,5,5236.0,5242.0,5254.0,5228.0,470.0,24628240.0,20185
2023-05-10 21:07:04,sp2401,sp2401,5236.0,0.0,0.0,0.0,7,5232.0,5236.0,5,5236.0,5242.0,5254.0,5228.0,470.0,24628240.0,20185
2023-05-10 21:07:07,sp2401,sp2401,5236.0,0.0,0.0,0.0,1,5234.0,5236.0,5,5236.0,5242.0,5254.0,5228.0,470.0,24628240.0,20185
2023-05-10 21:07:07,sp2401,sp2401,5236.0,0.0,0.0,0.0,3,5234.0,5236.0,5,5236.0,5242.0,5254.0,5228.0,470.0,24628240.0,20185
2023-05-10 21:07:08,sp2401,sp2401,5236.0,0.0,0.0,0.0,3,5234.0,5236.0,5,5236.0,5242.0,5254.0,5228.0,470.0,24628240.0,20185
2023-05-10 21:07:09,sp2401,sp2401,5236.0,3.0,157080.0,0.0,3,5234.0,5238.0,4,5236.0,5242.0,5254.0,5228.0,473.0,24785320.0,20185
2023-05-10 21:07:11,sp2401,sp2401,5236.0,0.0,0.0,0.0,3,5234.0,5238.0,5,5236.0,5242.0,5254.0,5228.0,473.0,24785320.0,20185
2023-05-10 21:07:11,sp2401,sp2401,5236.0,0.0,0.0,0.0,3,5234.0,5238.0,5,5236.0,5242.0,5254.0,5228.0,473.0,24785320.0,20185
2023-05-10 21:07:12,sp2401,sp2401,5236.0,0.0,0.0,0.0,2,5236.0,5238.0,4,5236.0,5242.0,5254.0,5228.0,473.0,24785320.0,20185
2023-05-10 21:07:12,sp2401,sp2401,5236.0,0.0,0.0,0.0,2,5236.0,5238.0,4,5236.0,5242.0,5254.0,5228.0,473.0,24785320.0,20185
2023-05-10 21:07:15,sp2401,sp2401,5236.0,0.0,0.0,0.0,2,5236.0,5238.0,4,5236.0,5242.0,5254.0,5228.0,473.0,24785320.0,20185
2023-05-10 21:07:16,sp2401,sp2401,5236.0,0.0,0.0,0.0,4,5236.0,5238.0,4,5236.0,5242.0,5254.0,5228.0,473.0,24785320.0,20185
2023-05-10 21:07:17,sp2401,sp2401,5238.0,4.0,209520.0,-2.0,4,5236.0,5240.0,8,5236.0,5242.0,5254.0,5228.0,477.0,24994840.0,20183
2023-05-10 21:07:17,sp2401,sp2401,5238.0,0.0,0.0,0.0,4,5236.0,5240.0,8,5236.0,5242.0,5254.0,5228.0,477.0,24994840.0,20183
2023-05-10 21:07:24,sp2401,sp2401,5238.0,0.0,0.0,0.0,2,5236.0,5240.0,8,5236.0,5242.0,5254.0,5228.0,477.0,24994840.0,20183
2023-05-10 21:07:24,sp2401,sp2401,5236.0,2.0,104720.0,2.0,2,5236.0,5240.0,9,5236.0,5242.0,5254.0,5228.0,479.0,25099560.0,20185
2023-05-10 21:07:25,sp2401,sp2401,5236.0,1.0,52360.0,1.0,1,5236.0,5240.0,9,5236.0,5242.0,5254.0,5228.0,480.0,25151920.0,20186
2023-05-10 21:07:27,sp2401,sp2401,5236.0,0.0,0.0,0.0,1,5236.0,5240.0,10,5236.0,5242.0,5254.0,5228.0,480.0,25151920.0,20186
2023-05-10 21:07:30,sp2401,sp2401,5240.0,4.0,209600.0,0.0,1,5236.0,5240.0,6,5236.0,5242.0,5254.0,5228.0,484.0,25361520.0,20186
2023-05-10 21:07:30,sp2401,sp2401,5240.0,0.0,0.0,0.0,1,5236.0,5240.0,8,5236.0,5242.0,5254.0,5228.0,484.0,25361520.0,20186
2023-05-10 21:07:31,sp2401,sp2401,5240.0,0.0,0.0,0.0,3,5238.0,5240.0,9,5236.0,5242.0,5254.0,5228.0,484.0,25361520.0,20186
2023-05-10 21:07:31,sp2401,sp2401,5234.0,5.0,261840.0,5.0,4,5234.0,5240.0,19,5236.0,5242.0,5254.0,5228.0,489.0,25623360.0,20191
2023-05-10 21:07:32,sp2401,sp2401,5234.0,0.0,0.0,0.0,2,5236.0,5240.0,20,5236.0,5242.0,5254.0,5228.0,489.0,25623360.0,20191
2023-05-10 21:07:32,sp2401,sp2401,5234.0,0.0,0.0,0.0,4,5236.0,5240.0,20,5236.0,5242.0,5254.0,5228.0,489.0,25623360.0,20191
2023-05-10 21:07:33,sp2401,sp2401,5234.0,0.0,0.0,0.0,4,5236.0,5240.0,20,5236.0,5242.0,5254.0,5228.0,489.0,25623360.0,20191
2023-05-10 21:07:34,sp2401,sp2401,5234.0,0.0,0.0,0.0,4,5236.0,5238.0,1,5236.0,5242.0,5254.0,5228.0,489.0,25623360.0,20191
2023-05-10 21:07:34,sp2401,sp2401,5234.0,0.0,0.0,0.0,4,5236.0,5238.0,3,5236.0,5242.0,5254.0,5228.0,489.0,25623360.0,20191
2023-05-10 21:07:35,sp2401,sp2401,5234.0,0.0,0.0,0.0,4,5236.0,5238.0,2,5236.0,5242.0,5254.0,5228.0,489.0,25623360.0,20191
2023-05-10 21:07:36,sp2401,sp2401,5236.0,2.0,104720.0,0.0,2,5236.0,5238.0,2,5236.0,5242.0,5254.0,5228.0,491.0,25728080.0,20191
2023-05-10 21:07:39,sp2401,sp2401,5236.0,0.0,0.0,0.0,2,5236.0,5238.0,2,5236.0,5242.0,5254.0,5228.0,491.0,25728080.0,20191
2023-05-10 21:07:43,sp2401,sp2401,5236.0,0.0,0.0,0.0,2,5236.0,5238.0,3,5236.0,5242.0,5254.0,5228.0,491.0,25728080.0,20191
2023-05-10 21:07:45,sp2401,sp2401,5236.0,0.0,0.0,0.0,3,5236.0,5238.0,3,5236.0,5242.0,5254.0,5228.0,491.0,25728080.0,20191
2023-05-10 21:07:49,sp2401,sp2401,5236.0,0.0,0.0,0.0,3,5236.0,5238.0,4,5236.0,5242.0,5254.0,5228.0,491.0,25728080.0,20191
2023-05-10 21:07:49,sp2401,sp2401,5236.0,0.0,0.0,0.0,3,5236.0,5238.0,4,5236.0,5242.0,5254.0,5228.0,491.0,25728080.0,20191
2023-05-10 21:07:50,sp2401,sp2401,5236.0,3.0,157080.0,3.0,4,5234.0,5238.0,4,5236.0,5242.0,5254.0,5228.0,494.0,25885160.0,20194
2023-05-10 21:07:52,sp2401,sp2401,5236.0,0.0,0.0,0.0,5,5234.0,5238.0,4,5236.0,5242.0,5254.0,5228.0,494.0,25885160.0,20194
2023-05-10 21:07:52,sp2401,sp2401,5236.0,0.0,0.0,0.0,4,5234.0,5238.0,4,5236.0,5242.0,5254.0,5228.0,494.0,25885160.0,20194
2023-05-10 21:07:56,sp2401,sp2401,5236.0,0.0,0.0,0.0,4,5234.0,5238.0,4,5236.0,5242.0,5254.0,5228.0,494.0,25885160.0,20194
2023-05-10 21:08:03,sp2401,sp2401,5236.0,0.0,0.0,0.0,4,5234.0,5236.0,4,5236.0,5242.0,5254.0,5228.0,494.0,25885160.0,20194
2023-05-10 21:08:03,sp2401,sp2401,5236.0,0.0,0.0,0.0,4,5234.0,5236.0,6,5236.0,5242.0,5254.0,5228.0,494.0,25885160.0,20194
2023-05-10 21:08:06,sp2401,sp2401,5236.0,0.0,0.0,0.0,4,5234.0,5236.0,6,5236.0,5242.0,5254.0,5228.0,494.0,25885160.0,20194
2023-05-10 21:08:07,sp2401,sp2401,5236.0,0.0,0.0,0.0,2,5234.0,5236.0,6,5236.0,5242.0,5254.0,5228.0,494.0,25885160.0,20194
2023-05-10 21:08:08,sp2401,sp2401,5236.0,0.0,0.0,0.0,2,5234.0,5236.0,6,5236.0,5242.0,5254.0,5228.0,494.0,25885160.0,20194
2023-05-10 21:08:09,sp2401,sp2401,5236.0,0.0,0.0,0.0,4,5234.0,5236.0,6,5236.0,5242.0,5254.0,5228.0,494.0,25885160.0,20194
2023-05-10 21:08:10,sp2401,sp2401,5234.0,4.0,209360.0,0.0,5,5232.0,5234.0,1,5236.0,5242.0,5254.0,5228.0,498.0,26094520.0,20194
2023-05-10 21:08:11,sp2401,sp2401,5234.0,0.0,0.0,0.0,5,5232.0,5234.0,1,5236.0,5242.0,5254.0,5228.0,498.0,26094520.0,20194
2023-05-10 21:08:11,sp2401,sp2401,5234.0,0.0,0.0,0.0,5,5232.0,5234.0,3,5236.0,5242.0,5254.0,5228.0,498.0,26094520.0,20194
2023-05-10 21:08:14,sp2401,sp2401,5234.0,0.0,0.0,0.0,5,5232.0,5234.0,3,5236.0,5242.0,5254.0,5228.0,498.0,26094520.0,20194
2023-05-10 21:08:18,sp2401,sp2401,5234.0,0.0,0.0,0.0,3,5232.0,5234.0,3,5236.0,5242.0,5254.0,5228.0,498.0,26094520.0,20194
2023-05-10 21:08:19,sp2401,sp2401,5234.0,0.0,0.0,0.0,4,5232.0,5234.0,3,5236.0,5242.0,5254.0,5228.0,498.0,26094520.0,20194
2023-05-10 21:08:21,sp2401,sp2401,5234.0,0.0,0.0,0.0,4,5232.0,5234.0,3,5236.0,5242.0,5254.0,5228.0,498.0,26094520.0,20194
2023-05-10 21:08:23,sp2401,sp2401,5232.0,4.0,209280.0,3.0,7,5230.0,5234.0,3,5236.0,5242.0,5254.0,5228.0,502.0,26303800.0,20197
2023-05-10 21:08:23,sp2401,sp2401,5232.0,0.0,0.0,0.0,7,5230.0,5234.0,3,5236.0,5242.0,5254.0,5228.0,502.0,26303800.0,20197
2023-05-10 21:08:24,sp2401,sp2401,5232.0,0.0,0.0,0.0,8,5230.0,5234.0,3,5236.0,5242.0,5254.0,5228.0,502.0,26303800.0,20197
2023-05-10 21:08:25,sp2401,sp2401,5232.0,0.0,0.0,0.0,8,5230.0,5234.0,3,5236.0,5242.0,5254.0,5228.0,502.0,26303800.0,20197
2023-05-10 21:08:28,sp2401,sp2401,5232.0,0.0,0.0,0.0,7,5230.0,5234.0,3,5236.0,5242.0,5254.0,5228.0,502.0,26303800.0,20197
2023-05-10 21:08:32,sp2401,sp2401,5232.0,0.0,0.0,0.0,8,5230.0,5234.0,3,5236.0,5242.0,5254.0,5228.0,502.0,26303800.0,20197
2023-05-10 21:08:33,sp2401,sp2401,5232.0,0.0,0.0,0.0,7,5230.0,5234.0,3,5236.0,5242.0,5254.0,5228.0,502.0,26303800.0,20197
2023-05-10 21:08:38,sp2401,sp2401,5232.0,0.0,0.0,0.0,6,5230.0,5234.0,3,5236.0,5242.0,5254.0,5228.0,502.0,26303800.0,20197
2023-05-10 21:08:40,sp2401,sp2401,5232.0,0.0,0.0,0.0,7,5230.0,5234.0,3,5236.0,5242.0,5254.0,5228.0,502.0,26303800.0,20197
2023-05-10 21:08:43,sp2401,sp2401,5232.0,0.0,0.0,0.0,7,5230.0,5234.0,3,5236.0,5242.0,5254.0,5228.0,502.0,26303800.0,20197
2023-05-10 21:08:44,sp2401,sp2401,5232.0,0.0,0.0,0.0,7,5230.0,5234.0,3,5236.0,5242.0,5254.0,5228.0,502.0,26303800.0,20197
2023-05-10 21:08:46,sp2401,sp2401,5232.0,0.0,0.0,0.0,1,5232.0,5234.0,3,5236.0,5242.0,5254.0,5228.0,502.0,26303800.0,20197
2023-05-10 21:08:49,sp2401,sp2401,5232.0,0.0,0.0,0.0,1,5232.0,5234.0,3,5236.0,5242.0,5254.0,5228.0,502.0,26303800.0,20197
2023-05-10 21:08:51,sp2401,sp2401,5232.0,0.0,0.0,0.0,3,5232.0,5234.0,3,5236.0,5242.0,5254.0,5228.0,502.0,26303800.0,20197
2023-05-10 21:08:53,sp2401,sp2401,5232.0,3.0,156960.0,3.0,6,5230.0,5234.0,3,5236.0,5242.0,5254.0,5228.0,505.0,26460760.0,20200
2023-05-10 21:08:54,sp2401,sp2401,5232.0,0.0,0.0,0.0,6,5230.0,5234.0,3,5236.0,5242.0,5254.0,5228.0,505.0,26460760.0,20200
2023-05-10 21:08:54,sp2401,sp2401,5232.0,0.0,0.0,0.0,4,5230.0,5234.0,3,5236.0,5242.0,5254.0,5228.0,505.0,26460760.0,20200
2023-05-10 21:08:55,sp2401,sp2401,5232.0,0.0,0.0,0.0,4,5230.0,5234.0,4,5236.0,5242.0,5254.0,5228.0,505.0,26460760.0,20200
2023-05-10 21:08:55,sp2401,sp2401,5230.0,4.0,209200.0,4.0,6,5228.0,5232.0,10,5236.0,5242.0,5254.0,5228.0,509.0,26669960.0,20204
2023-05-10 21:08:56,sp2401,sp2401,5230.0,0.0,0.0,0.0,6,5228.0,5232.0,12,5236.0,5242.0,5254.0,5228.0,509.0,26669960.0,20204
2023-05-10 21:08:56,sp2401,sp2401,5230.0,0.0,0.0,0.0,6,5228.0,5232.0,8,5236.0,5242.0,5254.0,5228.0,509.0,26669960.0,20204
2023-05-10 21:08:57,sp2401,sp2401,5230.0,0.0,0.0,0.0,6,5228.0,5232.0,12,5236.0,5242.0,5254.0,5228.0,509.0,26669960.0,20204
2023-05-10 21:08:58,sp2401,sp2401,5232.0,1.0,52320.0,0.0,6,5228.0,5232.0,11,5236.0,5242.0,5254.0,5228.0,510.0,26722280.0,20204
2023-05-10 21:08:58,sp2401,sp2401,5232.0,0.0,0.0,0.0,6,5228.0,5232.0,12,5236.0,5242.0,5254.0,5228.0,510.0,26722280.0,20204
2023-05-10 21:09:01,sp2401,sp2401,5232.0,0.0,0.0,0.0,6,5228.0,5232.0,11,5236.0,5242.0,5254.0,5228.0,510.0,26722280.0,20204
2023-05-10 21:09:05,sp2401,sp2401,5232.0,0.0,0.0,0.0,6,5228.0,5232.0,11,5236.0,5242.0,5254.0,5228.0,510.0,26722280.0,20204
2023-05-10 21:09:07,sp2401,sp2401,5232.0,0.0,0.0,0.0,4,5228.0,5232.0,11,5236.0,5242.0,5254.0,5228.0,510.0,26722280.0,20204
2023-05-10 21:09:08,sp2401,sp2401,5232.0,0.0,0.0,0.0,4,5228.0,5232.0,12,5236.0,5242.0,5254.0,5228.0,510.0,26722280.0,20204
2023-05-10 21:09:10,sp2401,sp2401,5232.0,0.0,0.0,0.0,4,5228.0,5232.0,11,5236.0,5242.0,5254.0,5228.0,510.0,26722280.0,20204
2023-05-10 21:09:12,sp2401,sp2401,5232.0,0.0,0.0,0.0,6,5228.0,5232.0,11,5236.0,5242.0,5254.0,5228.0,510.0,26722280.0,20204
2023-05-10 21:09:13,sp2401,sp2401,5232.0,0.0,0.0,0.0,6,5228.0,5232.0,11,5236.0,5242.0,5254.0,5228.0,510.0,26722280.0,20204
2023-05-10 21:09:14,sp2401,sp2401,5232.0,0.0,0.0,0.0,7,5228.0,5232.0,11,5236.0,5242.0,5254.0,5228.0,510.0,26722280.0,20204
2023-05-10 21:09:23,sp2401,sp2401,5232.0,0.0,0.0,0.0,7,5228.0,5232.0,11,5236.0,5242.0,5254.0,5228.0,510.0,26722280.0,20204
2023-05-10 21:09:23,sp2401,sp2401,5232.0,0.0,0.0,0.0,7,5228.0,5232.0,12,5236.0,5242.0,5254.0,5228.0,510.0,26722280.0,20204
2023-05-10 21:09:24,sp2401,sp2401,5232.0,0.0,0.0,0.0,7,5228.0,5232.0,11,5236.0,5242.0,5254.0,5228.0,510.0,26722280.0,20204
2023-05-10 21:09:24,sp2401,sp2401,5232.0,0.0,0.0,0.0,5,5228.0,5232.0,12,5236.0,5242.0,5254.0,5228.0,510.0,26722280.0,20204
2023-05-10 21:09:25,sp2401,sp2401,5232.0,0.0,0.0,0.0,5,5228.0,5232.0,11,5236.0,5242.0,5254.0,5228.0,510.0,26722280.0,20204
2023-05-10 21:09:26,sp2401,sp2401,5232.0,0.0,0.0,0.0,7,5228.0,5232.0,11,5236.0,5242.0,5254.0,5228.0,510.0,26722280.0,20204
2023-05-10 21:09:26,sp2401,sp2401,5232.0,0.0,0.0,0.0,7,5228.0,5232.0,6,5236.0,5242.0,5254.0,5228.0,510.0,26722280.0,20204
2023-05-10 21:09:27,sp2401,sp2401,5232.0,0.0,0.0,0.0,7,5228.0,5232.0,10,5236.0,5242.0,5254.0,5228.0,510.0,26722280.0,20204
2023-05-10 21:09:27,sp2401,sp2401,5232.0,0.0,0.0,0.0,7,5228.0,5232.0,9,5236.0,5242.0,5254.0,5228.0,510.0,26722280.0,20204
2023-05-10 21:09:28,sp2401,sp2401,5232.0,0.0,0.0,0.0,8,5228.0,5232.0,6,5236.0,5242.0,5254.0,5228.0,510.0,26722280.0,20204
2023-05-10 21:09:29,sp2401,sp2401,5232.0,0.0,0.0,0.0,7,5228.0,5232.0,11,5236.0,5242.0,5254.0,5228.0,510.0,26722280.0,20204
2023-05-10 21:09:32,sp2401,sp2401,5232.0,0.0,0.0,0.0,8,5228.0,5232.0,5,5236.0,5242.0,5254.0,5228.0,510.0,26722280.0,20204
2023-05-10 21:09:32,sp2401,sp2401,5232.0,0.0,0.0,0.0,8,5228.0,5232.0,6,5236.0,5242.0,5254.0,5228.0,510.0,26722280.0,20204
2023-05-10 21:09:33,sp2401,sp2401,5232.0,0.0,0.0,0.0,8,5228.0,5232.0,5,5236.0,5242.0,5254.0,5228.0,510.0,26722280.0,20204
2023-05-10 21:09:33,sp2401,sp2401,5232.0,0.0,0.0,0.0,8,5228.0,5232.0,4,5236.0,5242.0,5254.0,5228.0,510.0,26722280.0,20204
2023-05-10 21:09:34,sp2401,sp2401,5232.0,0.0,0.0,0.0,8,5228.0,5232.0,4,5236.0,5242.0,5254.0,5228.0,510.0,26722280.0,20204
2023-05-10 21:09:38,sp2401,sp2401,5232.0,0.0,0.0,0.0,8,5228.0,5232.0,8,5236.0,5242.0,5254.0,5228.0,510.0,26722280.0,20204
2023-05-10 21:09:40,sp2401,sp2401,5232.0,0.0,0.0,0.0,7,5228.0,5232.0,8,5236.0,5242.0,5254.0,5228.0,510.0,26722280.0,20204
2023-05-10 21:09:46,sp2401,sp2401,5232.0,0.0,0.0,0.0,7,5228.0,5232.0,8,5236.0,5242.0,5254.0,5228.0,510.0,26722280.0,20204
2023-05-10 21:09:47,sp2401,sp2401,5232.0,8.0,418560.0,-4.0,1,5230.0,5234.0,3,5236.0,5242.0,5254.0,5228.0,518.0,27140840.0,20200
2023-05-10 21:09:47,sp2401,sp2401,5232.0,0.0,0.0,0.0,3,5230.0,5234.0,3,5236.0,5242.0,5254.0,5228.0,518.0,27140840.0,20200
2023-05-10 21:09:48,sp2401,sp2401,5232.0,0.0,0.0,0.0,4,5230.0,5234.0,3,5236.0,5242.0,5254.0,5228.0,518.0,27140840.0,20200
2023-05-10 21:09:55,sp2401,sp2401,5234.0,1.0,52340.0,0.0,4,5230.0,5234.0,2,5236.0,5242.0,5254.0,5228.0,519.0,27193180.0,20200
2023-05-10 21:09:59,sp2401,sp2401,5234.0,0.0,0.0,0.0,3,5230.0,5234.0,2,5236.0,5242.0,5254.0,5228.0,519.0,27193180.0,20200
2023-05-10 21:10:00,sp2401,sp2401,5230.0,1.0,52300.0,-1.0,3,5230.0,5234.0,2,5236.0,5242.0,5254.0,5228.0,520.0,27245480.0,20199
2023-05-10 21:10:00,sp2401,sp2401,5230.0,0.0,0.0,0.0,2,5230.0,5234.0,2,5236.0,5242.0,5254.0,5228.0,520.0,27245480.0,20199
2023-05-10 21:10:01,sp2401,sp2401,5230.0,0.0,0.0,0.0,2,5230.0,5234.0,3,5236.0,5242.0,5254.0,5228.0,520.0,27245480.0,20199
2023-05-10 21:10:01,sp2401,sp2401,5230.0,0.0,0.0,0.0,2,5230.0,5234.0,3,5236.0,5242.0,5254.0,5228.0,520.0,27245480.0,20199
2023-05-10 21:10:02,sp2401,sp2401,5230.0,0.0,0.0,0.0,2,5230.0,5234.0,3,5236.0,5242.0,5254.0,5228.0,520.0,27245480.0,20199
2023-05-10 21:10:03,sp2401,sp2401,5230.0,0.0,0.0,0.0,2,5230.0,5234.0,2,5236.0,5242.0,5254.0,5228.0,520.0,27245480.0,20199
2023-05-10 21:10:09,sp2401,sp2401,5230.0,0.0,0.0,0.0,2,5230.0,5234.0,2,5236.0,5242.0,5254.0,5228.0,520.0,27245480.0,20199
2023-05-10 21:10:10,sp2401,sp2401,5230.0,0.0,0.0,0.0,3,5230.0,5234.0,2,5236.0,5242.0,5254.0,5228.0,520.0,27245480.0,20199
2023-05-10 21:10:11,sp2401,sp2401,5230.0,0.0,0.0,0.0,2,5230.0,5234.0,2,5236.0,5242.0,5254.0,5228.0,520.0,27245480.0,20199
2023-05-10 21:10:14,sp2401,sp2401,5230.0,1.0,52300.0,-1.0,1,5230.0,5234.0,2,5236.0,5242.0,5254.0,5228.0,521.0,27297780.0,20198
2023-05-10 21:10:16,sp2401,sp2401,5230.0,0.0,0.0,0.0,1,5230.0,5234.0,3,5236.0,5242.0,5254.0,5228.0,521.0,27297780.0,20198
2023-05-10 21:10:16,sp2401,sp2401,5230.0,0.0,0.0,0.0,2,5230.0,5234.0,3,5236.0,5242.0,5254.0,5228.0,521.0,27297780.0,20198
2023-05-10 21:10:17,sp2401,sp2401,5230.0,0.0,0.0,0.0,2,5230.0,5234.0,3,5236.0,5242.0,5254.0,5228.0,521.0,27297780.0,20198
2023-05-10 21:10:17,sp2401,sp2401,5230.0,0.0,0.0,0.0,3,5230.0,5234.0,3,5236.0,5242.0,5254.0,5228.0,521.0,27297780.0,20198
2023-05-10 21:10:18,sp2401,sp2401,5230.0,1.0,52300.0,-1.0,2,5230.0,5234.0,3,5236.0,5242.0,5254.0,5228.0,522.0,27350080.0,20197
2023-05-10 21:10:19,sp2401,sp2401,5230.0,0.0,0.0,0.0,4,5230.0,5234.0,3,5236.0,5242.0,5254.0,5228.0,522.0,27350080.0,20197
2023-05-10 21:10:19,sp2401,sp2401,5230.0,0.0,0.0,0.0,4,5230.0,5234.0,3,5236.0,5242.0,5254.0,5228.0,522.0,27350080.0,20197
2023-05-10 21:10:20,sp2401,sp2401,5230.0,0.0,0.0,0.0,2,5230.0,5232.0,3,5236.0,5242.0,5254.0,5228.0,522.0,27350080.0,20197
2023-05-10 21:10:21,sp2401,sp2401,5230.0,0.0,0.0,0.0,2,5230.0,5232.0,5,5236.0,5242.0,5254.0,5228.0,522.0,27350080.0,20197
2023-05-10 21:10:22,sp2401,sp2401,5230.0,0.0,0.0,0.0,4,5230.0,5232.0,2,5236.0,5242.0,5254.0,5228.0,522.0,27350080.0,20197
2023-05-10 21:10:22,sp2401,sp2401,5230.0,0.0,0.0,0.0,4,5230.0,5232.0,2,5236.0,5242.0,5254.0,5228.0,522.0,27350080.0,20197
2023-05-10 21:10:26,sp2401,sp2401,5230.0,4.0,209200.0,3.0,14,5228.0,5232.0,2,5236.0,5242.0,5254.0,5228.0,526.0,27559280.0,20200
2023-05-10 21:10:29,sp2401,sp2401,5230.0,0.0,0.0,0.0,14,5228.0,5232.0,2,5236.0,5242.0,5254.0,5228.0,526.0,27559280.0,20200
2023-05-10 21:10:30,sp2401,sp2401,5230.0,0.0,0.0,0.0,14,5228.0,5232.0,2,5236.0,5242.0,5254.0,5228.0,526.0,27559280.0,20200
2023-05-10 21:10:32,sp2401,sp2401,5230.0,0.0,0.0,0.0,15,5228.0,5232.0,2,5236.0,5242.0,5254.0,5228.0,526.0,27559280.0,20200
2023-05-10 21:10:33,sp2401,sp2401,5232.0,2.0,104640.0,0.0,4,5230.0,5234.0,2,5236.0,5242.0,5254.0,5228.0,528.0,27663920.0,20200
2023-05-10 21:10:33,sp2401,sp2401,5232.0,0.0,0.0,0.0,6,5230.0,5234.0,2,5236.0,5242.0,5254.0,5228.0,528.0,27663920.0,20200
2023-05-10 21:10:36,sp2401,sp2401,5232.0,0.0,0.0,0.0,6,5230.0,5234.0,3,5236.0,5242.0,5254.0,5228.0,528.0,27663920.0,20200
2023-05-10 21:10:37,sp2401,sp2401,5232.0,0.0,0.0,0.0,6,5230.0,5234.0,2,5236.0,5242.0,5254.0,5228.0,528.0,27663920.0,20200
2023-05-10 21:10:38,sp2401,sp2401,5232.0,0.0,0.0,0.0,6,5230.0,5234.0,2,5236.0,5242.0,5254.0,5228.0,528.0,27663920.0,20200
2023-05-10 21:10:38,sp2401,sp2401,5232.0,0.0,0.0,0.0,6,5230.0,5234.0,2,5236.0,5242.0,5254.0,5228.0,528.0,27663920.0,20200
2023-05-10 21:10:41,sp2401,sp2401,5232.0,0.0,0.0,0.0,6,5230.0,5234.0,3,5236.0,5242.0,5254.0,5228.0,528.0,27663920.0,20200
2023-05-10 21:10:42,sp2401,sp2401,5232.0,0.0,0.0,0.0,6,5230.0,5234.0,3,5236.0,5242.0,5254.0,5228.0,528.0,27663920.0,20200
2023-05-10 21:10:44,sp2401,sp2401,5232.0,0.0,0.0,0.0,6,5230.0,5234.0,3,5236.0,5242.0,5254.0,5228.0,528.0,27663920.0,20200
2023-05-10 21:10:45,sp2401,sp2401,5232.0,0.0,0.0,0.0,6,5230.0,5234.0,3,5236.0,5242.0,5254.0,5228.0,528.0,27663920.0,20200
2023-05-10 21:10:45,sp2401,sp2401,5232.0,0.0,0.0,0.0,6,5230.0,5234.0,2,5236.0,5242.0,5254.0,5228.0,528.0,27663920.0,20200
2023-05-10 21:10:47,sp2401,sp2401,5232.0,0.0,0.0,0.0,8,5230.0,5234.0,2,5236.0,5242.0,5254.0,5228.0,528.0,27663920.0,20200
2023-05-10 21:10:47,sp2401,sp2401,5232.0,0.0,0.0,0.0,8,5230.0,5234.0,2,5236.0,5242.0,5254.0,5228.0,528.0,27663920.0,20200
2023-05-10 21:10:53,sp2401,sp2401,5232.0,0.0,0.0,0.0,8,5230.0,5234.0,3,5236.0,5242.0,5254.0,5228.0,528.0,27663920.0,20200
2023-05-10 21:10:54,sp2401,sp2401,5232.0,0.0,0.0,0.0,8,5230.0,5234.0,2,5236.0,5242.0,5254.0,5228.0,528.0,27663920.0,20200
2023-05-10 21:10:56,sp2401,sp2401,5232.0,0.0,0.0,0.0,8,5230.0,5234.0,2,5236.0,5242.0,5254.0,5228.0,528.0,27663920.0,20200
2023-05-10 21:10:56,sp2401,sp2401,5232.0,0.0,0.0,0.0,8,5230.0,5234.0,2,5236.0,5242.0,5254.0,5228.0,528.0,27663920.0,20200
2023-05-10 21:10:57,sp2401,sp2401,5232.0,0.0,0.0,0.0,8,5230.0,5234.0,2,5236.0,5242.0,5254.0,5228.0,528.0,27663920.0,20200
2023-05-10 21:11:01,sp2401,sp2401,5232.0,0.0,0.0,0.0,6,5230.0,5234.0,2,5236.0,5242.0,5254.0,5228.0,528.0,27663920.0,20200
2023-05-10 21:11:02,sp2401,sp2401,5230.0,6.0,313800.0,2.0,11,5228.0,5232.0,20,5236.0,5242.0,5254.0,5228.0,534.0,27977720.0,20202
2023-05-10 21:11:02,sp2401,sp2401,5226.0,13.0,679600.0,3.0,1,5226.0,5230.0,3,5236.0,5242.0,5254.0,5226.0,547.0,28657320.0,20205
2023-05-10 21:11:03,sp2401,sp2401,5226.0,1.0,52260.0,1.0,6,5222.0,5230.0,11,5236.0,5242.0,5254.0,5226.0,548.0,28709580.0,20206
2023-05-10 21:11:03,sp2401,sp2401,5226.0,0.0,0.0,0.0,1,5224.0,5230.0,12,5236.0,5242.0,5254.0,5226.0,548.0,28709580.0,20206
2023-05-10 21:11:04,sp2401,sp2401,5226.0,0.0,0.0,0.0,3,5224.0,5230.0,8,5236.0,5242.0,5254.0,5226.0,548.0,28709580.0,20206
2023-05-10 21:11:04,sp2401,sp2401,5226.0,0.0,0.0,0.0,3,5224.0,5230.0,7,5236.0,5242.0,5254.0,5226.0,548.0,28709580.0,20206
2023-05-10 21:11:05,sp2401,sp2401,5226.0,0.0,0.0,0.0,1,5226.0,5230.0,7,5236.0,5242.0,5254.0,5226.0,548.0,28709580.0,20206
2023-05-10 21:11:06,sp2401,sp2401,5226.0,0.0,0.0,0.0,3,5226.0,5230.0,7,5236.0,5242.0,5254.0,5226.0,548.0,28709580.0,20206
2023-05-10 21:11:06,sp2401,sp2401,5226.0,0.0,0.0,0.0,3,5226.0,5230.0,6,5236.0,5242.0,5254.0,5226.0,548.0,28709580.0,20206
2023-05-10 21:11:10,sp2401,sp2401,5226.0,0.0,0.0,0.0,3,5226.0,5230.0,5,5236.0,5242.0,5254.0,5226.0,548.0,28709580.0,20206
2023-05-10 21:11:12,sp2401,sp2401,5226.0,0.0,0.0,0.0,3,5226.0,5230.0,5,5236.0,5242.0,5254.0,5226.0,548.0,28709580.0,20206
2023-05-10 21:11:13,sp2401,sp2401,5226.0,0.0,0.0,0.0,4,5226.0,5230.0,5,5236.0,5242.0,5254.0,5226.0,548.0,28709580.0,20206
2023-05-10 21:11:13,sp2401,sp2401,5226.0,0.0,0.0,0.0,3,5226.0,5230.0,5,5236.0,5242.0,5254.0,5226.0,548.0,28709580.0,20206
2023-05-10 21:11:15,sp2401,sp2401,5226.0,0.0,0.0,0.0,4,5226.0,5230.0,5,5236.0,5242.0,5254.0,5226.0,548.0,28709580.0,20206
2023-05-10 21:11:17,sp2401,sp2401,5230.0,3.0,156900.0,0.0,4,5226.0,5230.0,2,5236.0,5242.0,5254.0,5226.0,551.0,28866480.0,20206
2023-05-10 21:11:18,sp2401,sp2401,5230.0,2.0,104600.0,0.0,5,5226.0,5232.0,25,5236.0,5242.0,5254.0,5226.0,553.0,28971080.0,20206
2023-05-10 21:11:19,sp2401,sp2401,5230.0,0.0,0.0,0.0,5,5228.0,5232.0,24,5236.0,5242.0,5254.0,5226.0,553.0,28971080.0,20206
2023-05-10 21:11:19,sp2401,sp2401,5230.0,0.0,0.0,0.0,7,5228.0,5232.0,24,5236.0,5242.0,5254.0,5226.0,553.0,28971080.0,20206
2023-05-10 21:11:21,sp2401,sp2401,5230.0,0.0,0.0,0.0,3,5228.0,5232.0,24,5236.0,5242.0,5254.0,5226.0,553.0,28971080.0,20206
2023-05-10 21:11:25,sp2401,sp2401,5230.0,0.0,0.0,0.0,3,5228.0,5232.0,24,5236.0,5242.0,5254.0,5226.0,553.0,28971080.0,20206
2023-05-10 21:11:29,sp2401,sp2401,5230.0,0.0,0.0,0.0,3,5228.0,5230.0,1,5236.0,5242.0,5254.0,5226.0,553.0,28971080.0,20206
2023-05-10 21:11:29,sp2401,sp2401,5230.0,0.0,0.0,0.0,3,5228.0,5230.0,3,5236.0,5242.0,5254.0,5226.0,553.0,28971080.0,20206
2023-05-10 21:11:30,sp2401,sp2401,5230.0,0.0,0.0,0.0,3,5228.0,5230.0,3,5236.0,5242.0,5254.0,5226.0,553.0,28971080.0,20206
2023-05-10 21:11:32,sp2401,sp2401,5230.0,3.0,156900.0,0.0,3,5228.0,5232.0,24,5236.0,5242.0,5254.0,5226.0,556.0,29127980.0,20206
2023-05-10 21:11:33,sp2401,sp2401,5230.0,0.0,0.0,0.0,3,5228.0,5232.0,25,5236.0,5242.0,5254.0,5226.0,556.0,29127980.0,20206
2023-05-10 21:11:34,sp2401,sp2401,5230.0,0.0,0.0,0.0,3,5228.0,5232.0,20,5236.0,5242.0,5254.0,5226.0,556.0,29127980.0,20206
2023-05-10 21:11:34,sp2401,sp2401,5230.0,0.0,0.0,0.0,3,5228.0,5232.0,25,5236.0,5242.0,5254.0,5226.0,556.0,29127980.0,20206
2023-05-10 21:11:35,sp2401,sp2401,5230.0,0.0,0.0,0.0,3,5228.0,5232.0,20,5236.0,5242.0,5254.0,5226.0,556.0,29127980.0,20206
2023-05-10 21:11:36,sp2401,sp2401,5230.0,0.0,0.0,0.0,6,5228.0,5232.0,20,5236.0,5242.0,5254.0,5226.0,556.0,29127980.0,20206
2023-05-10 21:11:36,sp2401,sp2401,5232.0,20.0,1046400.0,4.0,6,5228.0,5234.0,3,5236.0,5242.0,5254.0,5226.0,576.0,30174380.0,20210
2023-05-10 21:11:37,sp2401,sp2401,5232.0,0.0,0.0,0.0,4,5230.0,5234.0,2,5236.0,5242.0,5254.0,5226.0,576.0,30174380.0,20210
2023-05-10 21:11:37,sp2401,sp2401,5232.0,0.0,0.0,0.0,1,5232.0,5234.0,2,5236.0,5242.0,5254.0,5226.0,576.0,30174380.0,20210
2023-05-10 21:11:38,sp2401,sp2401,5232.0,1.0,52320.0,-1.0,6,5230.0,5234.0,2,5236.0,5242.0,5254.0,5226.0,577.0,30226700.0,20209
2023-05-10 21:11:38,sp2401,sp2401,5232.0,0.0,0.0,0.0,6,5230.0,5234.0,3,5236.0,5242.0,5254.0,5226.0,577.0,30226700.0,20209
2023-05-10 21:11:39,sp2401,sp2401,5232.0,0.0,0.0,0.0,7,5230.0,5234.0,3,5236.0,5242.0,5254.0,5226.0,577.0,30226700.0,20209
2023-05-10 21:11:40,sp2401,sp2401,5232.0,0.0,0.0,0.0,1,5232.0,5234.0,2,5236.0,5242.0,5254.0,5226.0,577.0,30226700.0,20209
2023-05-10 21:11:40,sp2401,sp2401,5232.0,0.0,0.0,0.0,3,5232.0,5234.0,2,5236.0,5242.0,5254.0,5226.0,577.0,30226700.0,20209
2023-05-10 21:11:41,sp2401,sp2401,5232.0,1.0,52320.0,1.0,2,5232.0,5234.0,2,5236.0,5242.0,5254.0,5226.0,578.0,30279020.0,20210
2023-05-10 21:11:43,sp2401,sp2401,5232.0,1.0,52320.0,1.0,1,5232.0,5234.0,2,5236.0,5242.0,5254.0,5226.0,579.0,30331340.0,20211
2023-05-10 21:11:45,sp2401,sp2401,5232.0,0.0,0.0,0.0,1,5232.0,5234.0,2,5236.0,5242.0,5254.0,5226.0,579.0,30331340.0,20211
2023-05-10 21:11:50,sp2401,sp2401,5232.0,0.0,0.0,0.0,1,5232.0,5234.0,2,5236.0,5242.0,5254.0,5226.0,579.0,30331340.0,20211
2023-05-10 21:11:52,sp2401,sp2401,5232.0,1.0,52320.0,0.0,6,5230.0,5234.0,2,5236.0,5242.0,5254.0,5226.0,580.0,30383660.0,20211
2023-05-10 21:11:52,sp2401,sp2401,5232.0,0.0,0.0,0.0,6,5230.0,5234.0,4,5236.0,5242.0,5254.0,5226.0,580.0,30383660.0,20211
2023-05-10 21:11:53,sp2401,sp2401,5232.0,0.0,0.0,0.0,6,5230.0,5234.0,3,5236.0,5242.0,5254.0,5226.0,580.0,30383660.0,20211
2023-05-10 21:12:03,sp2401,sp2401,5232.0,0.0,0.0,0.0,7,5230.0,5234.0,2,5236.0,5242.0,5254.0,5226.0,580.0,30383660.0,20211
2023-05-10 21:12:04,sp2401,sp2401,5232.0,0.0,0.0,0.0,6,5230.0,5234.0,2,5236.0,5242.0,5254.0,5226.0,580.0,30383660.0,20211
2023-05-10 21:12:05,sp2401,sp2401,5232.0,0.0,0.0,0.0,6,5230.0,5234.0,3,5236.0,5242.0,5254.0,5226.0,580.0,30383660.0,20211
2023-05-10 21:12:06,sp2401,sp2401,5232.0,0.0,0.0,0.0,6,5230.0,5234.0,2,5236.0,5242.0,5254.0,5226.0,580.0,30383660.0,20211
2023-05-10 21:12:06,sp2401,sp2401,5232.0,0.0,0.0,0.0,7,5230.0,5234.0,2,5236.0,5242.0,5254.0,5226.0,580.0,30383660.0,20211
2023-05-10 21:12:07,sp2401,sp2401,5232.0,0.0,0.0,0.0,3,5232.0,5234.0,2,5236.0,5242.0,5254.0,5226.0,580.0,30383660.0,20211
2023-05-10 21:12:10,sp2401,sp2401,5232.0,0.0,0.0,0.0,5,5232.0,5234.0,2,5236.0,5242.0,5254.0,5226.0,580.0,30383660.0,20211
2023-05-10 21:12:14,sp2401,sp2401,5232.0,0.0,0.0,0.0,5,5232.0,5234.0,3,5236.0,5242.0,5254.0,5226.0,580.0,30383660.0,20211
2023-05-10 21:12:15,sp2401,sp2401,5232.0,1.0,52320.0,1.0,4,5232.0,5234.0,2,5236.0,5242.0,5254.0,5226.0,581.0,30435980.0,20212
2023-05-10 21:12:15,sp2401,sp2401,5232.0,2.0,104640.0,2.0,2,5232.0,5234.0,2,5236.0,5242.0,5254.0,5226.0,583.0,30540620.0,20214
2023-05-10 21:12:17,sp2401,sp2401,5232.0,0.0,0.0,0.0,2,5232.0,5234.0,2,5236.0,5242.0,5254.0,5226.0,583.0,30540620.0,20214
2023-05-10 21:12:28,sp2401,sp2401,5232.0,0.0,0.0,0.0,6,5230.0,5234.0,2,5236.0,5242.0,5254.0,5226.0,583.0,30540620.0,20214
2023-05-10 21:12:29,sp2401,sp2401,5234.0,1.0,52340.0,0.0,6,5230.0,5234.0,2,5236.0,5242.0,5254.0,5226.0,584.0,30592960.0,20214
2023-05-10 21:12:31,sp2401,sp2401,5234.0,0.0,0.0,0.0,6,5230.0,5234.0,2,5236.0,5242.0,5254.0,5226.0,584.0,30592960.0,20214
2023-05-10 21:12:37,sp2401,sp2401,5230.0,6.0,313800.0,0.0,7,5228.0,5234.0,2,5236.0,5242.0,5254.0,5226.0,590.0,30906760.0,20214
2023-05-10 21:12:38,sp2401,sp2401,5232.0,2.0,104640.0,2.0,4,5228.0,5232.0,14,5236.0,5242.0,5254.0,5226.0,592.0,31011400.0,20216
2023-05-10 21:12:38,sp2401,sp2401,5232.0,0.0,0.0,0.0,2,5228.0,5232.0,14,5236.0,5242.0,5254.0,5226.0,592.0,31011400.0,20216
2023-05-10 21:12:39,sp2401,sp2401,5232.0,0.0,0.0,0.0,4,5228.0,5232.0,14,5236.0,5242.0,5254.0,5226.0,592.0,31011400.0,20216
2023-05-10 21:12:39,sp2401,sp2401,5232.0,0.0,0.0,0.0,4,5228.0,5232.0,15,5236.0,5242.0,5254.0,5226.0,592.0,31011400.0,20216
2023-05-10 21:12:40,sp2401,sp2401,5232.0,0.0,0.0,0.0,4,5228.0,5232.0,16,5236.0,5242.0,5254.0,5226.0,592.0,31011400.0,20216
2023-05-10 21:12:40,sp2401,sp2401,5232.0,0.0,0.0,0.0,4,5228.0,5232.0,15,5236.0,5242.0,5254.0,5226.0,592.0,31011400.0,20216
2023-05-10 21:12:41,sp2401,sp2401,5232.0,0.0,0.0,0.0,4,5228.0,5232.0,16,5236.0,5242.0,5254.0,5226.0,592.0,31011400.0,20216
2023-05-10 21:12:43,sp2401,sp2401,5232.0,0.0,0.0,0.0,4,5228.0,5232.0,19,5236.0,5242.0,5254.0,5226.0,592.0,31011400.0,20216
2023-05-10 21:12:44,sp2401,sp2401,5232.0,0.0,0.0,0.0,4,5228.0,5232.0,19,5236.0,5242.0,5254.0,5226.0,592.0,31011400.0,20216
2023-05-10 21:12:45,sp2401,sp2401,5232.0,0.0,0.0,0.0,4,5228.0,5232.0,18,5236.0,5242.0,5254.0,5226.0,592.0,31011400.0,20216
2023-05-10 21:12:49,sp2401,sp2401,5232.0,0.0,0.0,0.0,4,5228.0,5232.0,19,5236.0,5242.0,5254.0,5226.0,592.0,31011400.0,20216
2023-05-10 21:12:53,sp2401,sp2401,5232.0,0.0,0.0,0.0,4,5228.0,5232.0,20,5236.0,5242.0,5254.0,5226.0,592.0,31011400.0,20216
2023-05-10 21:12:53,sp2401,sp2401,5232.0,0.0,0.0,0.0,4,5228.0,5232.0,13,5236.0,5242.0,5254.0,5226.0,592.0,31011400.0,20216
2023-05-10 21:12:54,sp2401,sp2401,5232.0,15.0,784800.0,5.0,1,5232.0,5234.0,5,5236.0,5242.0,5254.0,5226.0,607.0,31796200.0,20221
2023-05-10 21:12:54,sp2401,sp2401,5232.0,1.0,52320.0,1.0,4,5228.0,5232.0,18,5236.0,5242.0,5254.0,5226.0,608.0,31848520.0,20222
2023-05-10 21:12:55,sp2401,sp2401,5232.0,0.0,0.0,0.0,2,5228.0,5230.0,1,5236.0,5242.0,5254.0,5226.0,608.0,31848520.0,20222
2023-05-10 21:12:55,sp2401,sp2401,5228.0,2.0,104560.0,-2.0,3,5226.0,5230.0,3,5236.0,5242.0,5254.0,5226.0,610.0,31953080.0,20220
2023-05-10 21:12:56,sp2401,sp2401,5226.0,2.0,104520.0,2.0,3,5226.0,5230.0,3,5236.0,5242.0,5254.0,5226.0,612.0,32057600.0,20222
2023-05-10 21:12:57,sp2401,sp2401,5226.0,0.0,0.0,0.0,3,5226.0,5230.0,3,5236.0,5242.0,5254.0,5226.0,612.0,32057600.0,20222
2023-05-10 21:12:57,sp2401,sp2401,5226.0,0.0,0.0,0.0,1,5228.0,5230.0,3,5236.0,5242.0,5254.0,5226.0,612.0,32057600.0,20222
2023-05-10 21:12:58,sp2401,sp2401,5226.0,0.0,0.0,0.0,3,5228.0,5230.0,2,5236.0,5242.0,5254.0,5226.0,612.0,32057600.0,20222
2023-05-10 21:12:58,sp2401,sp2401,5230.0,2.0,104600.0,0.0,4,5228.0,5232.0,15,5236.0,5242.0,5254.0,5226.0,614.0,32162200.0,20222
2023-05-10 21:12:59,sp2401,sp2401,5230.0,0.0,0.0,0.0,3,5228.0,5232.0,15,5236.0,5242.0,5254.0,5226.0,614.0,32162200.0,20222
2023-05-10 21:13:00,sp2401,sp2401,5230.0,0.0,0.0,0.0,3,5228.0,5232.0,15,5236.0,5242.0,5254.0,5226.0,614.0,32162200.0,20222
2023-05-10 21:13:03,sp2401,sp2401,5230.0,0.0,0.0,0.0,3,5228.0,5232.0,15,5236.0,5242.0,5254.0,5226.0,614.0,32162200.0,20222
2023-05-10 21:13:04,sp2401,sp2401,5228.0,3.0,156840.0,-1.0,4,5226.0,5230.0,1,5236.0,5242.0,5254.0,5226.0,617.0,32319040.0,20221
2023-05-10 21:13:05,sp2401,sp2401,5228.0,0.0,0.0,0.0,3,5226.0,5228.0,3,5236.0,5242.0,5254.0,5226.0,617.0,32319040.0,20221
2023-05-10 21:13:05,sp2401,sp2401,5226.0,3.0,156780.0,2.0,4,5224.0,5228.0,2,5236.0,5242.0,5254.0,5226.0,620.0,32475820.0,20223
2023-05-10 21:13:06,sp2401,sp2401,5226.0,0.0,0.0,0.0,6,5226.0,5228.0,2,5236.0,5242.0,5254.0,5226.0,620.0,32475820.0,20223
2023-05-10 21:13:06,sp2401,sp2401,5226.0,0.0,0.0,0.0,7,5226.0,5228.0,2,5236.0,5242.0,5254.0,5226.0,620.0,32475820.0,20223
2023-05-10 21:13:07,sp2401,sp2401,5226.0,0.0,0.0,0.0,7,5226.0,5228.0,2,5236.0,5242.0,5254.0,5226.0,620.0,32475820.0,20223
2023-05-10 21:13:09,sp2401,sp2401,5228.0,2.0,104560.0,-2.0,1,5228.0,5230.0,2,5236.0,5242.0,5254.0,5226.0,622.0,32580380.0,20221
2023-05-10 21:13:09,sp2401,sp2401,5228.0,0.0,0.0,0.0,9,5226.0,5230.0,2,5236.0,5242.0,5254.0,5226.0,622.0,32580380.0,20221
2023-05-10 21:13:10,sp2401,sp2401,5228.0,0.0,0.0,0.0,9,5226.0,5228.0,1,5236.0,5242.0,5254.0,5226.0,622.0,32580380.0,20221
2023-05-10 21:13:10,sp2401,sp2401,5228.0,0.0,0.0,0.0,7,5226.0,5228.0,3,5236.0,5242.0,5254.0,5226.0,622.0,32580380.0,20221
2023-05-10 21:13:11,sp2401,sp2401,5228.0,0.0,0.0,0.0,7,5226.0,5228.0,7,5236.0,5242.0,5254.0,5226.0,622.0,32580380.0,20221
2023-05-10 21:13:12,sp2401,sp2401,5228.0,1.0,52280.0,0.0,7,5226.0,5228.0,2,5236.0,5242.0,5254.0,5226.0,623.0,32632660.0,20221
2023-05-10 21:13:12,sp2401,sp2401,5228.0,2.0,104560.0,0.0,8,5226.0,5230.0,2,5236.0,5242.0,5254.0,5226.0,625.0,32737220.0,20221
2023-05-10 21:13:14,sp2401,sp2401,5230.0,1.0,52300.0,-1.0,8,5226.0,5230.0,1,5236.0,5242.0,5254.0,5226.0,626.0,32789520.0,20220
2023-05-10 21:13:16,sp2401,sp2401,5230.0,0.0,0.0,0.0,8,5226.0,5230.0,2,5236.0,5242.0,5254.0,5226.0,626.0,32789520.0,20220
2023-05-10 21:13:18,sp2401,sp2401,5230.0,0.0,0.0,0.0,9,5226.0,5230.0,2,5236.0,5242.0,5254.0,5226.0,626.0,32789520.0,20220
2023-05-10 21:13:19,sp2401,sp2401,5230.0,0.0,0.0,0.0,8,5226.0,5230.0,2,5236.0,5242.0,5254.0,5226.0,626.0,32789520.0,20220
2023-05-10 21:13:25,sp2401,sp2401,5230.0,0.0,0.0,0.0,9,5226.0,5230.0,2,5236.0,5242.0,5254.0,5226.0,626.0,32789520.0,20220
2023-05-10 21:13:26,sp2401,sp2401,5230.0,0.0,0.0,0.0,8,5226.0,5230.0,2,5236.0,5242.0,5254.0,5226.0,626.0,32789520.0,20220
2023-05-10 21:13:30,sp2401,sp2401,5226.0,1.0,52260.0,-1.0,7,5226.0,5230.0,2,5236.0,5242.0,5254.0,5226.0,627.0,32841780.0,20219
2023-05-10 21:13:35,sp2401,sp2401,5226.0,0.0,0.0,0.0,8,5226.0,5230.0,2,5236.0,5242.0,5254.0,5226.0,627.0,32841780.0,20219
2023-05-10 21:13:36,sp2401,sp2401,5226.0,0.0,0.0,0.0,8,5226.0,5230.0,2,5236.0,5242.0,5254.0,5226.0,627.0,32841780.0,20219
2023-05-10 21:13:41,sp2401,sp2401,5226.0,0.0,0.0,0.0,7,5226.0,5230.0,2,5236.0,5242.0,5254.0,5226.0,627.0,32841780.0,20219
2023-05-10 21:13:48,sp2401,sp2401,5226.0,0.0,0.0,0.0,8,5226.0,5230.0,2,5236.0,5242.0,5254.0,5226.0,627.0,32841780.0,20219
2023-05-10 21:13:50,sp2401,sp2401,5226.0,0.0,0.0,0.0,9,5226.0,5230.0,2,5236.0,5242.0,5254.0,5226.0,627.0,32841780.0,20219
2023-05-10 21:13:51,sp2401,sp2401,5226.0,0.0,0.0,0.0,8,5226.0,5230.0,2,5236.0,5242.0,5254.0,5226.0,627.0,32841780.0,20219
2023-05-10 21:13:54,sp2401,sp2401,5230.0,4.0,209200.0,-2.0,3,5230.0,5232.0,18,5236.0,5242.0,5254.0,5226.0,631.0,33050980.0,20217
2023-05-10 21:13:54,sp2401,sp2401,5230.0,3.0,156900.0,0.0,3,5228.0,5230.0,4,5236.0,5242.0,5254.0,5226.0,634.0,33207880.0,20217
2023-05-10 21:13:55,sp2401,sp2401,5230.0,0.0,0.0,0.0,3,5228.0,5230.0,4,5236.0,5242.0,5254.0,5226.0,634.0,33207880.0,20217
2023-05-10 21:13:55,sp2401,sp2401,5230.0,0.0,0.0,0.0,3,5228.0,5230.0,3,5236.0,5242.0,5254.0,5226.0,634.0,33207880.0,20217
2023-05-10 21:13:59,sp2401,sp2401,5230.0,0.0,0.0,0.0,3,5228.0,5230.0,3,5236.0,5242.0,5254.0,5226.0,634.0,33207880.0,20217
2023-05-10 21:14:05,sp2401,sp2401,5230.0,3.0,156900.0,0.0,3,5228.0,5232.0,19,5236.0,5242.0,5254.0,5226.0,637.0,33364780.0,20217
2023-05-10 21:14:06,sp2401,sp2401,5228.0,1.0,52280.0,1.0,4,5228.0,5232.0,19,5236.0,5242.0,5254.0,5226.0,638.0,33417060.0,20218
2023-05-10 21:14:07,sp2401,sp2401,5228.0,4.0,209120.0,0.0,6,5226.0,5230.0,2,5236.0,5242.0,5254.0,5226.0,642.0,33626180.0,20218
2023-05-10 21:14:07,sp2401,sp2401,5228.0,0.0,0.0,0.0,6,5226.0,5230.0,4,5236.0,5242.0,5254.0,5226.0,642.0,33626180.0,20218
2023-05-10 21:14:10,sp2401,sp2401,5228.0,0.0,0.0,0.0,6,5226.0,5230.0,4,5236.0,5242.0,5254.0,5226.0,642.0,33626180.0,20218
2023-05-10 21:14:12,sp2401,sp2401,5228.0,0.0,0.0,0.0,6,5226.0,5230.0,6,5236.0,5242.0,5254.0,5226.0,642.0,33626180.0,20218
2023-05-10 21:14:13,sp2401,sp2401,5228.0,0.0,0.0,0.0,6,5226.0,5230.0,6,5236.0,5242.0,5254.0,5226.0,642.0,33626180.0,20218
2023-05-10 21:14:13,sp2401,sp2401,5228.0,0.0,0.0,0.0,6,5226.0,5230.0,7,5236.0,5242.0,5254.0,5226.0,642.0,33626180.0,20218
2023-05-10 21:14:14,sp2401,sp2401,5228.0,0.0,0.0,0.0,6,5226.0,5230.0,7,5236.0,5242.0,5254.0,5226.0,642.0,33626180.0,20218
2023-05-10 21:14:14,sp2401,sp2401,5228.0,0.0,0.0,0.0,6,5226.0,5230.0,6,5236.0,5242.0,5254.0,5226.0,642.0,33626180.0,20218
2023-05-10 21:14:15,sp2401,sp2401,5228.0,0.0,0.0,0.0,6,5226.0,5230.0,7,5236.0,5242.0,5254.0,5226.0,642.0,33626180.0,20218
2023-05-10 21:14:29,sp2401,sp2401,5228.0,0.0,0.0,0.0,5,5226.0,5230.0,7,5236.0,5242.0,5254.0,5226.0,642.0,33626180.0,20218
2023-05-10 21:14:29,sp2401,sp2401,5228.0,0.0,0.0,0.0,5,5226.0,5230.0,8,5236.0,5242.0,5254.0,5226.0,642.0,33626180.0,20218
2023-05-10 21:14:30,sp2401,sp2401,5228.0,0.0,0.0,0.0,5,5226.0,5230.0,7,5236.0,5242.0,5254.0,5226.0,642.0,33626180.0,20218
2023-05-10 21:14:30,sp2401,sp2401,5228.0,0.0,0.0,0.0,3,5226.0,5230.0,7,5236.0,5242.0,5254.0,5226.0,642.0,33626180.0,20218
2023-05-10 21:14:31,sp2401,sp2401,5226.0,2.0,104520.0,1.0,2,5224.0,5226.0,5,5236.0,5242.0,5254.0,5226.0,644.0,33730700.0,20219
2023-05-10 21:14:31,sp2401,sp2401,5226.0,5.0,261300.0,0.0,2,5224.0,5228.0,5,5236.0,5242.0,5254.0,5226.0,649.0,33992000.0,20219
2023-05-10 21:14:32,sp2401,sp2401,5226.0,0.0,0.0,0.0,2,5224.0,5228.0,2,5236.0,5242.0,5254.0,5226.0,649.0,33992000.0,20219
2023-05-10 21:14:32,sp2401,sp2401,5226.0,0.0,0.0,0.0,3,5224.0,5228.0,2,5236.0,5242.0,5254.0,5226.0,649.0,33992000.0,20219
2023-05-10 21:14:33,sp2401,sp2401,5226.0,0.0,0.0,0.0,3,5224.0,5228.0,2,5236.0,5242.0,5254.0,5226.0,649.0,33992000.0,20219
2023-05-10 21:14:33,sp2401,sp2401,5226.0,0.0,0.0,0.0,2,5224.0,5228.0,2,5236.0,5242.0,5254.0,5226.0,649.0,33992000.0,20219
2023-05-10 21:14:37,sp2401,sp2401,5226.0,0.0,0.0,0.0,2,5224.0,5228.0,2,5236.0,5242.0,5254.0,5226.0,649.0,33992000.0,20219
2023-05-10 21:14:37,sp2401,sp2401,5226.0,0.0,0.0,0.0,2,5224.0,5228.0,6,5236.0,5242.0,5254.0,5226.0,649.0,33992000.0,20219
2023-05-10 21:14:38,sp2401,sp2401,5226.0,0.0,0.0,0.0,2,5224.0,5228.0,2,5236.0,5242.0,5254.0,5226.0,649.0,33992000.0,20219
2023-05-10 21:14:39,sp2401,sp2401,5226.0,0.0,0.0,0.0,2,5224.0,5228.0,6,5236.0,5242.0,5254.0,5226.0,649.0,33992000.0,20219
2023-05-10 21:14:39,sp2401,sp2401,5224.0,2.0,104480.0,0.0,8,5222.0,5224.0,1,5236.0,5242.0,5254.0,5224.0,651.0,34096480.0,20219
2023-05-10 21:14:40,sp2401,sp2401,5222.0,5.0,261120.0,-2.0,4,5222.0,5228.0,8,5236.0,5242.0,5254.0,5222.0,656.0,34357600.0,20217
2023-05-10 21:14:40,sp2401,sp2401,5222.0,1.0,52220.0,0.0,6,5222.0,5226.0,1,5236.0,5242.0,5254.0,5222.0,657.0,34409820.0,20217
2023-05-10 21:14:41,sp2401,sp2401,5222.0,0.0,0.0,0.0,6,5222.0,5226.0,3,5236.0,5242.0,5254.0,5222.0,657.0,34409820.0,20217
2023-05-10 21:14:43,sp2401,sp2401,5222.0,0.0,0.0,0.0,5,5222.0,5226.0,3,5236.0,5242.0,5254.0,5222.0,657.0,34409820.0,20217
2023-05-10 21:14:46,sp2401,sp2401,5222.0,0.0,0.0,0.0,5,5222.0,5224.0,1,5236.0,5242.0,5254.0,5222.0,657.0,34409820.0,20217
2023-05-10 21:14:47,sp2401,sp2401,5222.0,0.0,0.0,0.0,5,5222.0,5224.0,3,5236.0,5242.0,5254.0,5222.0,657.0,34409820.0,20217
2023-05-10 21:14:48,sp2401,sp2401,5222.0,0.0,0.0,0.0,5,5222.0,5224.0,3,5236.0,5242.0,5254.0,5222.0,657.0,34409820.0,20217
2023-05-10 21:14:48,sp2401,sp2401,5222.0,1.0,52220.0,-1.0,4,5222.0,5224.0,2,5236.0,5242.0,5254.0,5222.0,658.0,34462040.0,20216
2023-05-10 21:14:49,sp2401,sp2401,5222.0,2.0,104440.0,-1.0,2,5222.0,5224.0,2,5236.0,5242.0,5254.0,5222.0,660.0,34566480.0,20215
2023-05-10 21:14:49,sp2401,sp2401,5222.0,0.0,0.0,0.0,1,5222.0,5224.0,2,5236.0,5242.0,5254.0,5222.0,660.0,34566480.0,20215
2023-05-10 21:14:50,sp2401,sp2401,5222.0,0.0,0.0,0.0,1,5222.0,5224.0,2,5236.0,5242.0,5254.0,5222.0,660.0,34566480.0,20215
2023-05-10 21:14:51,sp2401,sp2401,5222.0,0.0,0.0,0.0,1,5222.0,5224.0,2,5236.0,5242.0,5254.0,5222.0,660.0,34566480.0,20215
2023-05-10 21:14:52,sp2401,sp2401,5222.0,5.0,261120.0,0.0,12,5220.0,5222.0,3,5236.0,5242.0,5254.0,5222.0,665.0,34827600.0,20215
2023-05-10 21:14:52,sp2401,sp2401,5222.0,3.0,156660.0,0.0,12,5220.0,5224.0,1,5236.0,5242.0,5254.0,5222.0,668.0,34984260.0,20215
2023-05-10 21:14:53,sp2401,sp2401,5222.0,0.0,0.0,0.0,12,5220.0,5224.0,1,5236.0,5242.0,5254.0,5222.0,668.0,34984260.0,20215
2023-05-10 21:14:54,sp2401,sp2401,5222.0,0.0,0.0,0.0,12,5220.0,5224.0,6,5236.0,5242.0,5254.0,5222.0,668.0,34984260.0,20215
2023-05-10 21:14:55,sp2401,sp2401,5222.0,0.0,0.0,0.0,1,5222.0,5224.0,6,5236.0,5242.0,5254.0,5222.0,668.0,34984260.0,20215
2023-05-10 21:14:55,sp2401,sp2401,5222.0,1.0,52220.0,-1.0,12,5220.0,5222.0,5,5236.0,5242.0,5254.0,5222.0,669.0,35036480.0,20214
2023-05-10 21:14:56,sp2401,sp2401,5222.0,0.0,0.0,0.0,12,5220.0,5222.0,7,5236.0,5242.0,5254.0,5222.0,669.0,35036480.0,20214
2023-05-10 21:14:56,sp2401,sp2401,5222.0,0.0,0.0,0.0,10,5220.0,5222.0,7,5236.0,5242.0,5254.0,5222.0,669.0,35036480.0,20214
2023-05-10 21:15:01,sp2401,sp2401,5220.0,10.0,522000.0,8.0,1,5218.0,5222.0,7,5236.0,5242.0,5254.0,5220.0,679.0,35558480.0,20222
2023-05-10 21:15:01,sp2401,sp2401,5220.0,0.0,0.0,0.0,3,5218.0,5222.0,7,5236.0,5242.0,5254.0,5220.0,679.0,35558480.0,20222
2023-05-10 21:15:02,sp2401,sp2401,5220.0,0.0,0.0,0.0,3,5218.0,5222.0,10,5236.0,5242.0,5254.0,5220.0,679.0,35558480.0,20222
2023-05-10 21:15:03,sp2401,sp2401,5222.0,9.0,469980.0,-7.0,3,5218.0,5224.0,7,5236.0,5242.0,5254.0,5220.0,688.0,36028460.0,20215
2023-05-10 21:15:04,sp2401,sp2401,5222.0,0.0,0.0,0.0,9,5220.0,5222.0,2,5236.0,5242.0,5254.0,5220.0,688.0,36028460.0,20215
2023-05-10 21:15:04,sp2401,sp2401,5224.0,4.0,208920.0,-2.0,2,5222.0,5226.0,2,5236.0,5242.0,5254.0,5220.0,692.0,36237380.0,20213
2023-05-10 21:15:05,sp2401,sp2401,5224.0,0.0,0.0,0.0,4,5222.0,5226.0,2,5236.0,5242.0,5254.0,5220.0,692.0,36237380.0,20213
2023-05-10 21:15:05,sp2401,sp2401,5224.0,0.0,0.0,0.0,4,5222.0,5224.0,4,5236.0,5242.0,5254.0,5220.0,692.0,36237380.0,20213
2023-05-10 21:15:06,sp2401,sp2401,5224.0,0.0,0.0,0.0,4,5222.0,5224.0,2,5236.0,5242.0,5254.0,5220.0,692.0,36237380.0,20213
2023-05-10 21:15:07,sp2401,sp2401,5224.0,0.0,0.0,0.0,4,5222.0,5226.0,2,5236.0,5242.0,5254.0,5220.0,692.0,36237380.0,20213
2023-05-10 21:15:07,sp2401,sp2401,5224.0,0.0,0.0,0.0,4,5222.0,5226.0,2,5236.0,5242.0,5254.0,5220.0,692.0,36237380.0,20213
2023-05-10 21:15:08,sp2401,sp2401,5224.0,0.0,0.0,0.0,4,5222.0,5226.0,2,5236.0,5242.0,5254.0,5220.0,692.0,36237380.0,20213
2023-05-10 21:15:09,sp2401,sp2401,5224.0,0.0,0.0,0.0,4,5222.0,5226.0,2,5236.0,5242.0,5254.0,5220.0,692.0,36237380.0,20213
2023-05-10 21:15:11,sp2401,sp2401,5226.0,2.0,104520.0,0.0,4,5224.0,5228.0,7,5236.0,5242.0,5254.0,5220.0,694.0,36341900.0,20213
2023-05-10 21:15:11,sp2401,sp2401,5226.0,0.0,0.0,0.0,16,5224.0,5228.0,2,5236.0,5242.0,5254.0,5220.0,694.0,36341900.0,20213
2023-05-10 21:15:12,sp2401,sp2401,5226.0,0.0,0.0,0.0,15,5224.0,5228.0,6,5236.0,5242.0,5254.0,5220.0,694.0,36341900.0,20213
2023-05-10 21:15:12,sp2401,sp2401,5226.0,0.0,0.0,0.0,14,5224.0,5228.0,6,5236.0,5242.0,5254.0,5220.0,694.0,36341900.0,20213
2023-05-10 21:15:14,sp2401,sp2401,5226.0,0.0,0.0,0.0,14,5224.0,5228.0,6,5236.0,5242.0,5254.0,5220.0,694.0,36341900.0,20213
2023-05-10 21:15:15,sp2401,sp2401,5224.0,13.0,679120.0,8.0,8,5222.0,5228.0,6,5236.0,5242.0,5254.0,5220.0,707.0,37021020.0,20221
2023-05-10 21:15:16,sp2401,sp2401,5224.0,9.0,470000.0,6.0,4,5220.0,5224.0,8,5236.0,5242.0,5254.0,5220.0,716.0,37491020.0,20227
2023-05-10 21:15:16,sp2401,sp2401,5224.0,0.0,0.0,0.0,3,5220.0,5224.0,12,5236.0,5242.0,5254.0,5220.0,716.0,37491020.0,20227
2023-05-10 21:15:17,sp2401,sp2401,5224.0,0.0,0.0,0.0,4,5220.0,5224.0,12,5236.0,5242.0,5254.0,5220.0,716.0,37491020.0,20227
2023-05-10 21:15:20,sp2401,sp2401,5224.0,0.0,0.0,0.0,1,5222.0,5224.0,12,5236.0,5242.0,5254.0,5220.0,716.0,37491020.0,20227
2023-05-10 21:15:20,sp2401,sp2401,5224.0,0.0,0.0,0.0,1,5222.0,5224.0,9,5236.0,5242.0,5254.0,5220.0,716.0,37491020.0,20227
