time,symbol_id,symbol_name,last,trade_volume,trade_amount,open_interest_change,bv1,bp1,ap1,av1,yesterday_close,today_open,today_high,today_low,volume,amount,open_interest
2023-05-10 08:59:00,jd2308,jd2308,4370.0,55.0,2403500.0,29.0,3,4370.0,4371.0,1,4379.0,4370.0,4370.0,4370.0,55.0,2403500.0,36322
2023-05-10 09:00:00,jd2308,jd2308,4370.0,3.0,131100.0,3.0,31,4366.0,4370.0,19,4379.0,4370.0,4370.0,4370.0,58.0,2534600.0,36325
2023-05-10 09:00:00,jd2308,jd2308,4366.0,13.0,567680.0,10.0,26,4366.0,4370.0,23,4379.0,4370.0,4370.0,4366.0,71.0,3102280.0,36335
2023-05-10 09:00:01,jd2308,jd2308,4361.0,122.0,5322660.0,102.0,75,4360.0,4361.0,3,4379.0,4370.0,4370.0,4361.0,193.0,8424940.0,36437
2023-05-10 09:00:01,jd2308,jd2308,4366.0,14.0,610940.0,13.0,11,4363.0,4366.0,44,4379.0,4370.0,4370.0,4361.0,207.0,9035880.0,36450
2023-05-10 09:00:02,jd2308,jd2308,4366.0,46.0,2008340.0,44.0,1,4368.0,4369.0,2,4379.0,4370.0,4370.0,4361.0,253.0,11044220.0,36494
2023-05-10 09:00:02,jd2308,jd2308,4369.0,4.0,174740.0,3.0,1,4367.0,4370.0,22,4379.0,4370.0,4370.0,4361.0,257.0,11218960.0,36497
2023-05-10 09:00:03,jd2308,jd2308,4368.0,4.0,174720.0,1.0,1,4367.0,4370.0,22,4379.0,4370.0,4370.0,4361.0,261.0,11393680.0,36498
2023-05-10 09:00:03,jd2308,jd2308,4370.0,4.0,174780.0,4.0,3,4368.0,4370.0,20,4379.0,4370.0,4370.0,4361.0,265.0,11568460.0,36502
2023-05-10 09:00:04,jd2308,jd2308,4369.0,1.0,43690.0,1.0,2,4367.0,4370.0,20,4379.0,4370.0,4370.0,4361.0,266.0,11612150.0,36503
2023-05-10 09:00:04,jd2308,jd2308,4369.0,7.0,305870.0,7.0,1,4368.0,4370.0,16,4379.0,4370.0,4370.0,4361.0,273.0,11918020.0,36510
2023-05-10 09:00:05,jd2308,jd2308,4370.0,2.0,87400.0,2.0,2,4367.0,4370.0,14,4379.0,4370.0,4370.0,4361.0,275.0,12005420.0,36512
2023-05-10 09:00:05,jd2308,jd2308,4370.0,9.0,393300.0,9.0,2,4367.0,4370.0,5,4379.0,4370.0,4370.0,4361.0,284.0,12398720.0,36521
2023-05-10 09:00:06,jd2308,jd2308,4370.0,3.0,131100.0,3.0,2,4367.0,4370.0,3,4379.0,4370.0,4370.0,4361.0,287.0,12529820.0,36524
2023-05-10 09:00:07,jd2308,jd2308,4370.0,1.0,43700.0,1.0,2,4367.0,4370.0,2,4379.0,4370.0,4370.0,4361.0,288.0,12573520.0,36525
2023-05-10 09:00:07,jd2308,jd2308,4370.0,1.0,43700.0,1.0,2,4367.0,4370.0,1,4379.0,4370.0,4370.0,4361.0,289.0,12617220.0,36526
2023-05-10 09:00:08,jd2308,jd2308,4370.0,0.0,0.0,0.0,1,4368.0,4370.0,1,4379.0,4370.0,4370.0,4361.0,289.0,12617220.0,36526
2023-05-10 09:00:10,jd2308,jd2308,4370.0,0.0,0.0,0.0,2,4370.0,4371.0,1,4379.0,4370.0,4370.0,4361.0,289.0,12617220.0,36526
2023-05-10 09:00:10,jd2308,jd2308,4370.0,2.0,87400.0,2.0,1,4368.0,4371.0,1,4379.0,4370.0,4370.0,4361.0,291.0,12704620.0,36528
2023-05-10 09:00:11,jd2308,jd2308,4368.0,1.0,43680.0,1.0,1,4370.0,4371.0,1,4379.0,4370.0,4370.0,4361.0,292.0,12748300.0,36529
2023-05-10 09:00:11,jd2308,jd2308,4370.0,1.0,43700.0,1.0,8,4368.0,4371.0,1,4379.0,4370.0,4370.0,4361.0,293.0,12792000.0,36530
2023-05-10 09:00:12,jd2308,jd2308,4370.0,0.0,0.0,0.0,1,4369.0,4371.0,1,4379.0,4370.0,4370.0,4361.0,293.0,12792000.0,36530
2023-05-10 09:00:12,jd2308,jd2308,4370.0,0.0,0.0,0.0,1,4369.0,4370.0,20,4379.0,4370.0,4370.0,4361.0,293.0,12792000.0,36530
2023-05-10 09:00:13,jd2308,jd2308,4369.0,1.0,43690.0,1.0,8,4368.0,4370.0,29,4379.0,4370.0,4370.0,4361.0,294.0,12835690.0,36531
2023-05-10 09:00:14,jd2308,jd2308,4369.0,0.0,0.0,0.0,9,4368.0,4370.0,29,4379.0,4370.0,4370.0,4361.0,294.0,12835690.0,36531
2023-05-10 09:00:15,jd2308,jd2308,4369.0,0.0,0.0,0.0,8,4368.0,4370.0,29,4379.0,4370.0,4370.0,4361.0,294.0,12835690.0,36531
2023-05-10 09:00:15,jd2308,jd2308,4368.0,10.0,436800.0,2.0,2,4367.0,4368.0,5,4379.0,4370.0,4370.0,4361.0,304.0,13272490.0,36533
2023-05-10 09:00:16,jd2308,jd2308,4368.0,5.0,218400.0,5.0,3,4368.0,4370.0,29,4379.0,4370.0,4370.0,4361.0,309.0,13490890.0,36538
2023-05-10 09:00:16,jd2308,jd2308,4368.0,0.0,0.0,0.0,9,4368.0,4370.0,29,4379.0,4370.0,4370.0,4361.0,309.0,13490890.0,36538
2023-05-10 09:00:17,jd2308,jd2308,4368.0,0.0,0.0,0.0,10,4368.0,4370.0,29,4379.0,4370.0,4370.0,4361.0,309.0,13490890.0,36538
2023-05-10 09:00:17,jd2308,jd2308,4368.0,12.0,524180.0,8.0,2,4367.0,4368.0,9,4379.0,4370.0,4370.0,4361.0,321.0,14015070.0,36546
2023-05-10 09:00:18,jd2308,jd2308,4368.0,0.0,0.0,0.0,3,4367.0,4368.0,9,4379.0,4370.0,4370.0,4361.0,321.0,14015070.0,36546
2023-05-10 09:00:19,jd2308,jd2308,4367.0,4.0,174680.0,-1.0,10,4366.0,4367.0,1,4379.0,4370.0,4370.0,4361.0,325.0,14189750.0,36545
2023-05-10 09:00:20,jd2308,jd2308,4367.0,0.0,0.0,0.0,10,4366.0,4367.0,5,4379.0,4370.0,4370.0,4361.0,325.0,14189750.0,36545
2023-05-10 09:00:22,jd2308,jd2308,4367.0,5.0,218350.0,4.0,2,4367.0,4368.0,9,4379.0,4370.0,4370.0,4361.0,330.0,14408100.0,36549
2023-05-10 09:00:22,jd2308,jd2308,4368.0,1.0,43680.0,1.0,3,4367.0,4368.0,8,4379.0,4370.0,4370.0,4361.0,331.0,14451780.0,36550
2023-05-10 09:00:23,jd2308,jd2308,4368.0,8.0,349440.0,0.0,12,4368.0,4369.0,1,4379.0,4370.0,4370.0,4361.0,339.0,14801220.0,36550
2023-05-10 09:00:23,jd2308,jd2308,4369.0,1.0,43690.0,0.0,13,4368.0,4370.0,2,4379.0,4370.0,4370.0,4361.0,340.0,14844910.0,36550
2023-05-10 09:00:24,jd2308,jd2308,4369.0,0.0,0.0,0.0,1,4369.0,4370.0,2,4379.0,4370.0,4370.0,4361.0,340.0,14844910.0,36550
2023-05-10 09:00:24,jd2308,jd2308,4370.0,1.0,43700.0,1.0,1,4369.0,4370.0,1,4379.0,4370.0,4370.0,4361.0,341.0,14888610.0,36551
2023-05-10 09:00:26,jd2308,jd2308,4370.0,1.0,43700.0,1.0,1,4369.0,4371.0,1,4379.0,4370.0,4370.0,4361.0,342.0,14932310.0,36552
2023-05-10 09:00:27,jd2308,jd2308,4370.0,0.0,0.0,0.0,2,4369.0,4371.0,1,4379.0,4370.0,4370.0,4361.0,342.0,14932310.0,36552
2023-05-10 09:00:28,jd2308,jd2308,4370.0,0.0,0.0,0.0,20,4370.0,4371.0,1,4379.0,4370.0,4370.0,4361.0,342.0,14932310.0,36552
2023-05-10 09:00:29,jd2308,jd2308,4371.0,1.0,43710.0,0.0,25,4370.0,4372.0,1,4379.0,4370.0,4371.0,4361.0,343.0,14976020.0,36552
2023-05-10 09:00:29,jd2308,jd2308,4372.0,6.0,262270.0,2.0,20,4370.0,4373.0,5,4379.0,4370.0,4372.0,4361.0,349.0,15238290.0,36554
2023-05-10 09:00:30,jd2308,jd2308,4372.0,0.0,0.0,0.0,5,4371.0,4373.0,9,4379.0,4370.0,4372.0,4361.0,349.0,15238290.0,36554
2023-05-10 09:00:31,jd2308,jd2308,4371.0,3.0,131130.0,0.0,20,4370.0,4373.0,4,4379.0,4370.0,4372.0,4361.0,352.0,15369420.0,36554
2023-05-10 09:00:31,jd2308,jd2308,4371.0,0.0,0.0,0.0,25,4370.0,4372.0,5,4379.0,4370.0,4372.0,4361.0,352.0,15369420.0,36554
2023-05-10 09:00:32,jd2308,jd2308,4371.0,0.0,0.0,0.0,5,4371.0,4373.0,9,4379.0,4370.0,4372.0,4361.0,352.0,15369420.0,36554
2023-05-10 09:00:32,jd2308,jd2308,4372.0,3.0,131160.0,0.0,20,4370.0,4373.0,5,4379.0,4370.0,4372.0,4361.0,355.0,15500580.0,36554
2023-05-10 09:00:33,jd2308,jd2308,4372.0,0.0,0.0,0.0,31,4370.0,4373.0,5,4379.0,4370.0,4372.0,4361.0,355.0,15500580.0,36554
2023-05-10 09:00:33,jd2308,jd2308,4372.0,0.0,0.0,0.0,31,4370.0,4373.0,4,4379.0,4370.0,4372.0,4361.0,355.0,15500580.0,36554
2023-05-10 09:00:34,jd2308,jd2308,4371.0,7.0,305970.0,7.0,36,4370.0,4373.0,9,4379.0,4370.0,4372.0,4361.0,362.0,15806550.0,36561
2023-05-10 09:00:34,jd2308,jd2308,4371.0,0.0,0.0,0.0,20,4370.0,4373.0,4,4379.0,4370.0,4372.0,4361.0,362.0,15806550.0,36561
2023-05-10 09:00:35,jd2308,jd2308,4370.0,1.0,43700.0,0.0,19,4370.0,4373.0,5,4379.0,4370.0,4372.0,4361.0,363.0,15850250.0,36561
2023-05-10 09:00:36,jd2308,jd2308,4370.0,2.0,87400.0,0.0,17,4370.0,4373.0,5,4379.0,4370.0,4372.0,4361.0,365.0,15937650.0,36561
2023-05-10 09:00:36,jd2308,jd2308,4373.0,2.0,87460.0,2.0,17,4370.0,4373.0,3,4379.0,4370.0,4373.0,4361.0,367.0,16025110.0,36563
2023-05-10 09:00:38,jd2308,jd2308,4373.0,0.0,0.0,0.0,18,4370.0,4373.0,3,4379.0,4370.0,4373.0,4361.0,367.0,16025110.0,36563
2023-05-10 09:00:38,jd2308,jd2308,4373.0,0.0,0.0,0.0,19,4370.0,4373.0,3,4379.0,4370.0,4373.0,4361.0,367.0,16025110.0,36563
2023-05-10 09:00:39,jd2308,jd2308,4373.0,0.0,0.0,0.0,21,4370.0,4373.0,1,4379.0,4370.0,4373.0,4361.0,367.0,16025110.0,36563
2023-05-10 09:00:39,jd2308,jd2308,4373.0,1.0,43730.0,1.0,1,4372.0,4375.0,105,4379.0,4370.0,4373.0,4361.0,368.0,16068840.0,36564
2023-05-10 09:00:40,jd2308,jd2308,4372.0,2.0,87440.0,2.0,31,4370.0,4374.0,7,4379.0,4370.0,4373.0,4361.0,370.0,16156280.0,36566
2023-05-10 09:00:40,jd2308,jd2308,4372.0,0.0,0.0,0.0,36,4370.0,4373.0,6,4379.0,4370.0,4373.0,4361.0,370.0,16156280.0,36566
2023-05-10 09:00:41,jd2308,jd2308,4372.0,0.0,0.0,0.0,34,4370.0,4373.0,6,4379.0,4370.0,4373.0,4361.0,370.0,16156280.0,36566
2023-05-10 09:00:42,jd2308,jd2308,4372.0,0.0,0.0,0.0,39,4370.0,4373.0,7,4379.0,4370.0,4373.0,4361.0,370.0,16156280.0,36566
2023-05-10 09:00:42,jd2308,jd2308,4373.0,6.0,262380.0,4.0,29,4370.0,4373.0,2,4379.0,4370.0,4373.0,4361.0,376.0,16418660.0,36570
2023-05-10 09:00:43,jd2308,jd2308,4373.0,2.0,87460.0,2.0,30,4370.0,4374.0,6,4379.0,4370.0,4373.0,4361.0,378.0,16506120.0,36572
2023-05-10 09:00:44,jd2308,jd2308,4373.0,0.0,0.0,0.0,8,4371.0,4373.0,8,4379.0,4370.0,4373.0,4361.0,378.0,16506120.0,36572
2023-05-10 09:00:44,jd2308,jd2308,4371.0,11.0,480810.0,1.0,30,4370.0,4373.0,3,4379.0,4370.0,4373.0,4361.0,389.0,16986930.0,36573
2023-05-10 09:00:45,jd2308,jd2308,4371.0,0.0,0.0,0.0,32,4370.0,4373.0,8,4379.0,4370.0,4373.0,4361.0,389.0,16986930.0,36573
2023-05-10 09:00:46,jd2308,jd2308,4371.0,0.0,0.0,0.0,30,4370.0,4373.0,8,4379.0,4370.0,4373.0,4361.0,389.0,16986930.0,36573
2023-05-10 09:00:47,jd2308,jd2308,4371.0,0.0,0.0,0.0,30,4370.0,4373.0,11,4379.0,4370.0,4373.0,4361.0,389.0,16986930.0,36573
2023-05-10 09:00:47,jd2308,jd2308,4372.0,2.0,87440.0,1.0,2,4371.0,4373.0,11,4379.0,4370.0,4373.0,4361.0,391.0,17074370.0,36574
2023-05-10 09:00:49,jd2308,jd2308,4374.0,20.0,874690.0,-4.0,7,4371.0,4374.0,3,4379.0,4370.0,4374.0,4361.0,411.0,17949060.0,36570
2023-05-10 09:00:50,jd2308,jd2308,4371.0,5.0,218630.0,2.0,11,4371.0,4374.0,4,4379.0,4370.0,4374.0,4361.0,416.0,18167690.0,36572
2023-05-10 09:00:50,jd2308,jd2308,4374.0,1.0,43740.0,1.0,1,4371.0,4372.0,3,4379.0,4370.0,4374.0,4361.0,417.0,18211430.0,36573
2023-05-10 09:00:52,jd2308,jd2308,4371.0,1.0,43710.0,1.0,24,4370.0,4372.0,3,4379.0,4370.0,4374.0,4361.0,418.0,18255140.0,36574
2023-05-10 09:00:52,jd2308,jd2308,4372.0,1.0,43720.0,0.0,25,4370.0,4372.0,2,4379.0,4370.0,4374.0,4361.0,419.0,18298860.0,36574
2023-05-10 09:00:53,jd2308,jd2308,4372.0,0.0,0.0,0.0,30,4370.0,4372.0,2,4379.0,4370.0,4374.0,4361.0,419.0,18298860.0,36574
2023-05-10 09:00:54,jd2308,jd2308,4372.0,4.0,174860.0,1.0,29,4370.0,4372.0,3,4379.0,4370.0,4374.0,4361.0,423.0,18473720.0,36575
2023-05-10 09:00:54,jd2308,jd2308,4372.0,2.0,87430.0,0.0,24,4370.0,4372.0,2,4379.0,4370.0,4374.0,4361.0,425.0,18561150.0,36575
2023-05-10 09:00:55,jd2308,jd2308,4370.0,10.0,437000.0,0.0,19,4370.0,4372.0,2,4379.0,4370.0,4374.0,4361.0,435.0,18998150.0,36575
2023-05-10 09:00:55,jd2308,jd2308,4370.0,14.0,611800.0,-5.0,5,4369.0,4372.0,2,4379.0,4370.0,4374.0,4361.0,449.0,19609950.0,36570
2023-05-10 09:00:56,jd2308,jd2308,4370.0,0.0,0.0,0.0,5,4369.0,4371.0,2,4379.0,4370.0,4374.0,4361.0,449.0,19609950.0,36570
2023-05-10 09:00:56,jd2308,jd2308,4371.0,1.0,43710.0,-1.0,5,4369.0,4371.0,1,4379.0,4370.0,4374.0,4361.0,450.0,19653660.0,36569
2023-05-10 09:00:57,jd2308,jd2308,4371.0,0.0,0.0,0.0,5,4369.0,4371.0,6,4379.0,4370.0,4374.0,4361.0,450.0,19653660.0,36569
2023-05-10 09:00:58,jd2308,jd2308,4371.0,1.0,43710.0,1.0,1,4370.0,4371.0,5,4379.0,4370.0,4374.0,4361.0,451.0,19697370.0,36570
2023-05-10 09:00:58,jd2308,jd2308,4371.0,0.0,0.0,0.0,1,4370.0,4371.0,8,4379.0,4370.0,4374.0,4361.0,451.0,19697370.0,36570
2023-05-10 09:00:59,jd2308,jd2308,4371.0,2.0,87420.0,0.0,1,4370.0,4371.0,5,4379.0,4370.0,4374.0,4361.0,453.0,19784790.0,36570
2023-05-10 09:00:59,jd2308,jd2308,4371.0,0.0,0.0,0.0,3,4370.0,4371.0,5,4379.0,4370.0,4374.0,4361.0,453.0,19784790.0,36570
2023-05-10 09:01:00,jd2308,jd2308,4371.0,0.0,0.0,0.0,3,4370.0,4371.0,10,4379.0,4370.0,4374.0,4361.0,453.0,19784790.0,36570
2023-05-10 09:01:01,jd2308,jd2308,4371.0,1.0,43710.0,1.0,3,4370.0,4371.0,9,4379.0,4370.0,4374.0,4361.0,454.0,19828500.0,36571
2023-05-10 09:01:02,jd2308,jd2308,4372.0,10.0,437110.0,10.0,3,4370.0,4374.0,3,4379.0,4370.0,4374.0,4361.0,464.0,20265610.0,36581
2023-05-10 09:01:03,jd2308,jd2308,4371.0,1.0,43710.0,-1.0,4,4370.0,4373.0,2,4379.0,4370.0,4374.0,4361.0,465.0,20309320.0,36580
2023-05-10 09:01:03,jd2308,jd2308,4370.0,1.0,43700.0,1.0,4,4370.0,4373.0,2,4379.0,4370.0,4374.0,4361.0,466.0,20353020.0,36581
2023-05-10 09:01:04,jd2308,jd2308,4368.0,24.0,1048470.0,3.0,3,4367.0,4368.0,177,4379.0,4370.0,4374.0,4361.0,490.0,21401490.0,36584
2023-05-10 09:01:04,jd2308,jd2308,4368.0,32.0,1397180.0,17.0,11,4363.0,4368.0,175,4379.0,4370.0,4374.0,4361.0,522.0,22798670.0,36601
2023-05-10 09:01:05,jd2308,jd2308,4368.0,9.0,393120.0,2.0,13,4364.0,4368.0,166,4379.0,4370.0,4374.0,4361.0,531.0,23191790.0,36603
2023-05-10 09:01:05,jd2308,jd2308,4368.0,0.0,0.0,0.0,11,4365.0,4368.0,176,4379.0,4370.0,4374.0,4361.0,531.0,23191790.0,36603
2023-05-10 09:01:06,jd2308,jd2308,4368.0,0.0,0.0,0.0,5,4365.0,4368.0,176,4379.0,4370.0,4374.0,4361.0,531.0,23191790.0,36603
2023-05-10 09:01:06,jd2308,jd2308,4365.0,2.0,87300.0,0.0,15,4363.0,4368.0,166,4379.0,4370.0,4374.0,4361.0,533.0,23279090.0,36603
2023-05-10 09:01:07,jd2308,jd2308,4365.0,0.0,0.0,0.0,11,4363.0,4367.0,13,4379.0,4370.0,4374.0,4361.0,533.0,23279090.0,36603
2023-05-10 09:01:08,jd2308,jd2308,4367.0,1.0,43670.0,1.0,1,4364.0,4367.0,10,4379.0,4370.0,4374.0,4361.0,534.0,23322760.0,36604
2023-05-10 09:01:08,jd2308,jd2308,4367.0,0.0,0.0,0.0,2,4365.0,4367.0,5,4379.0,4370.0,4374.0,4361.0,534.0,23322760.0,36604
2023-05-10 09:01:09,jd2308,jd2308,4365.0,1.0,43650.0,1.0,1,4365.0,4367.0,5,4379.0,4370.0,4374.0,4361.0,535.0,23366410.0,36605
2023-05-10 09:01:10,jd2308,jd2308,4367.0,1.0,43670.0,0.0,1,4365.0,4367.0,4,4379.0,4370.0,4374.0,4361.0,536.0,23410080.0,36605
2023-05-10 09:01:11,jd2308,jd2308,4365.0,1.0,43650.0,1.0,2,4364.0,4367.0,4,4379.0,4370.0,4374.0,4361.0,537.0,23453730.0,36606
2023-05-10 09:01:11,jd2308,jd2308,4365.0,1.0,43650.0,1.0,2,4364.0,4365.0,59,4379.0,4370.0,4374.0,4361.0,538.0,23497380.0,36607
2023-05-10 09:01:12,jd2308,jd2308,4365.0,8.0,349200.0,6.0,13,4364.0,4365.0,55,4379.0,4370.0,4374.0,4361.0,546.0,23846580.0,36613
2023-05-10 09:01:12,jd2308,jd2308,4365.0,0.0,0.0,0.0,13,4364.0,4365.0,51,4379.0,4370.0,4374.0,4361.0,546.0,23846580.0,36613
2023-05-10 09:01:13,jd2308,jd2308,4365.0,0.0,0.0,0.0,2,4364.0,4365.0,51,4379.0,4370.0,4374.0,4361.0,546.0,23846580.0,36613
2023-05-10 09:01:13,jd2308,jd2308,4365.0,10.0,436500.0,10.0,2,4364.0,4365.0,41,4379.0,4370.0,4374.0,4361.0,556.0,24283080.0,36623
2023-05-10 09:01:14,jd2308,jd2308,4365.0,1.0,43650.0,1.0,2,4364.0,4365.0,40,4379.0,4370.0,4374.0,4361.0,557.0,24326730.0,36624
2023-05-10 09:01:15,jd2308,jd2308,4364.0,2.0,87280.0,-1.0,21,4363.0,4364.0,1,4379.0,4370.0,4374.0,4361.0,559.0,24414010.0,36623
2023-05-10 09:01:15,jd2308,jd2308,4363.0,2.0,87270.0,0.0,15,4363.0,4365.0,54,4379.0,4370.0,4374.0,4361.0,561.0,24501280.0,36623
2023-05-10 09:01:16,jd2308,jd2308,4363.0,0.0,0.0,0.0,15,4363.0,4364.0,1,4379.0,4370.0,4374.0,4361.0,561.0,24501280.0,36623
2023-05-10 09:01:16,jd2308,jd2308,4364.0,1.0,43640.0,0.0,15,4363.0,4364.0,5,4379.0,4370.0,4374.0,4361.0,562.0,24544920.0,36623
2023-05-10 09:01:17,jd2308,jd2308,4364.0,5.0,218200.0,0.0,15,4363.0,4365.0,44,4379.0,4370.0,4374.0,4361.0,567.0,24763120.0,36623
2023-05-10 09:01:17,jd2308,jd2308,4363.0,6.0,261810.0,4.0,16,4363.0,4365.0,55,4379.0,4370.0,4374.0,4361.0,573.0,25024930.0,36627
2023-05-10 09:01:18,jd2308,jd2308,4363.0,0.0,0.0,0.0,12,4363.0,4364.0,5,4379.0,4370.0,4374.0,4361.0,573.0,25024930.0,36627
2023-05-10 09:01:18,jd2308,jd2308,4363.0,0.0,0.0,0.0,12,4363.0,4364.0,8,4379.0,4370.0,4374.0,4361.0,573.0,25024930.0,36627
2023-05-10 09:01:19,jd2308,jd2308,4363.0,0.0,0.0,0.0,12,4363.0,4364.0,3,4379.0,4370.0,4374.0,4361.0,573.0,25024930.0,36627
2023-05-10 09:01:19,jd2308,jd2308,4364.0,3.0,130920.0,0.0,12,4363.0,4364.0,5,4379.0,4370.0,4374.0,4361.0,576.0,25155850.0,36627
2023-05-10 09:01:20,jd2308,jd2308,4364.0,1.0,43640.0,0.0,12,4363.0,4365.0,55,4379.0,4370.0,4374.0,4361.0,577.0,25199490.0,36627
2023-05-10 09:01:21,jd2308,jd2308,4363.0,1.0,43630.0,1.0,1,4364.0,4365.0,50,4379.0,4370.0,4374.0,4361.0,578.0,25243120.0,36628
2023-05-10 09:01:21,jd2308,jd2308,4363.0,0.0,0.0,0.0,1,4364.0,4365.0,48,4379.0,4370.0,4374.0,4361.0,578.0,25243120.0,36628
2023-05-10 09:01:25,jd2308,jd2308,4364.0,1.0,43640.0,-1.0,9,4363.0,4365.0,53,4379.0,4370.0,4374.0,4361.0,579.0,25286760.0,36627
2023-05-10 09:01:25,jd2308,jd2308,4364.0,0.0,0.0,0.0,12,4363.0,4364.0,30,4379.0,4370.0,4374.0,4361.0,579.0,25286760.0,36627
2023-05-10 09:01:26,jd2308,jd2308,4364.0,21.0,916440.0,21.0,7,4363.0,4364.0,14,4379.0,4370.0,4374.0,4361.0,600.0,26203200.0,36648
2023-05-10 09:01:26,jd2308,jd2308,4364.0,3.0,130920.0,0.0,7,4363.0,4364.0,11,4379.0,4370.0,4374.0,4361.0,603.0,26334120.0,36648
2023-05-10 09:01:27,jd2308,jd2308,4363.0,7.0,305410.0,7.0,7,4362.0,4364.0,14,4379.0,4370.0,4374.0,4361.0,610.0,26639530.0,36655
2023-05-10 09:01:27,jd2308,jd2308,4362.0,13.0,567060.0,8.0,3,4362.0,4364.0,11,4379.0,4370.0,4374.0,4361.0,623.0,27206590.0,36663
2023-05-10 09:01:28,jd2308,jd2308,4361.0,36.0,1569990.0,29.0,84,4360.0,4361.0,41,4379.0,4370.0,4374.0,4361.0,659.0,28776580.0,36692
2023-05-10 09:01:28,jd2308,jd2308,4362.0,48.0,2093240.0,27.0,2,4361.0,4364.0,19,4379.0,4370.0,4374.0,4360.0,707.0,30869820.0,36719
2023-05-10 09:01:29,jd2308,jd2308,4361.0,12.0,523370.0,-4.0,85,4360.0,4364.0,8,4379.0,4370.0,4374.0,4360.0,719.0,31393190.0,36715
2023-05-10 09:01:29,jd2308,jd2308,4360.0,30.0,1308090.0,30.0,69,4360.0,4364.0,8,4379.0,4370.0,4374.0,4360.0,749.0,32701280.0,36745
2023-05-10 09:01:30,jd2308,jd2308,4360.0,1.0,43600.0,1.0,5,4362.0,4364.0,18,4379.0,4370.0,4374.0,4360.0,750.0,32744880.0,36746
2023-05-10 09:01:30,jd2308,jd2308,4363.0,10.0,436250.0,0.0,20,4361.0,4363.0,4,4379.0,4370.0,4374.0,4360.0,760.0,33181130.0,36746
2023-05-10 09:01:31,jd2308,jd2308,4364.0,48.0,2094650.0,22.0,5,4364.0,4365.0,38,4379.0,4370.0,4374.0,4360.0,808.0,35275780.0,36768
2023-05-10 09:01:31,jd2308,jd2308,4364.0,10.0,436400.0,-5.0,5,4361.0,4365.0,34,4379.0,4370.0,4374.0,4360.0,818.0,35712180.0,36763
2023-05-10 09:01:32,jd2308,jd2308,4363.0,5.0,218150.0,-5.0,20,4364.0,4365.0,39,4379.0,4370.0,4374.0,4360.0,823.0,35930330.0,36758
2023-05-10 09:01:32,jd2308,jd2308,4363.0,30.0,1309100.0,-25.0,5,4362.0,4363.0,5,4379.0,4370.0,4374.0,4360.0,853.0,37239430.0,36733
2023-05-10 09:01:33,jd2308,jd2308,4361.0,12.0,523390.0,-4.0,73,4360.0,4361.0,9,4379.0,4370.0,4374.0,4360.0,865.0,37762820.0,36729
2023-05-10 09:01:33,jd2308,jd2308,4363.0,10.0,436120.0,4.0,16,4361.0,4363.0,3,4379.0,4370.0,4374.0,4360.0,875.0,38198940.0,36733
2023-05-10 09:01:34,jd2308,jd2308,4363.0,0.0,0.0,0.0,49,4361.0,4363.0,3,4379.0,4370.0,4374.0,4360.0,875.0,38198940.0,36733
2023-05-10 09:01:34,jd2308,jd2308,4363.0,0.0,0.0,0.0,31,4362.0,4363.0,3,4379.0,4370.0,4374.0,4360.0,875.0,38198940.0,36733
2023-05-10 09:01:35,jd2308,jd2308,4363.0,1.0,43630.0,0.0,36,4362.0,4363.0,2,4379.0,4370.0,4374.0,4360.0,876.0,38242570.0,36733
2023-05-10 09:01:35,jd2308,jd2308,4363.0,1.0,43630.0,0.0,36,4362.0,4363.0,1,4379.0,4370.0,4374.0,4360.0,877.0,38286200.0,36733
2023-05-10 09:01:36,jd2308,jd2308,4363.0,2.0,87260.0,0.0,35,4362.0,4364.0,12,4379.0,4370.0,4374.0,4360.0,879.0,38373460.0,36733
2023-05-10 09:01:36,jd2308,jd2308,4364.0,3.0,130920.0,3.0,3,4364.0,4365.0,44,4379.0,4370.0,4374.0,4360.0,882.0,38504380.0,36736
2023-05-10 09:01:37,jd2308,jd2308,4364.0,3.0,130920.0,0.0,2,4363.0,4365.0,49,4379.0,4370.0,4374.0,4360.0,885.0,38635300.0,36736
2023-05-10 09:01:37,jd2308,jd2308,4364.0,0.0,0.0,0.0,51,4362.0,4364.0,14,4379.0,4370.0,4374.0,4360.0,885.0,38635300.0,36736
2023-05-10 09:01:38,jd2308,jd2308,4364.0,0.0,0.0,0.0,44,4362.0,4364.0,14,4379.0,4370.0,4374.0,4360.0,885.0,38635300.0,36736
2023-05-10 09:01:38,jd2308,jd2308,4364.0,0.0,0.0,0.0,49,4362.0,4364.0,14,4379.0,4370.0,4374.0,4360.0,885.0,38635300.0,36736
2023-05-10 09:01:39,jd2308,jd2308,4362.0,1.0,43620.0,0.0,1,4363.0,4364.0,14,4379.0,4370.0,4374.0,4360.0,886.0,38678920.0,36736
2023-05-10 09:01:39,jd2308,jd2308,4363.0,1.0,43630.0,0.0,53,4362.0,4364.0,19,4379.0,4370.0,4374.0,4360.0,887.0,38722550.0,36736
2023-05-10 09:01:40,jd2308,jd2308,4363.0,1.0,43630.0,0.0,48,4362.0,4364.0,10,4379.0,4370.0,4374.0,4360.0,888.0,38766180.0,36736
2023-05-10 09:01:40,jd2308,jd2308,4364.0,2.0,87280.0,-2.0,5,4363.0,4365.0,64,4379.0,4370.0,4374.0,4360.0,890.0,38853460.0,36734
2023-05-10 09:01:41,jd2308,jd2308,4364.0,0.0,0.0,0.0,5,4363.0,4365.0,61,4379.0,4370.0,4374.0,4360.0,890.0,38853460.0,36734
2023-05-10 09:01:41,jd2308,jd2308,4363.0,5.0,218150.0,0.0,46,4362.0,4364.0,5,4379.0,4370.0,4374.0,4360.0,895.0,39071610.0,36734
2023-05-10 09:01:42,jd2308,jd2308,4364.0,2.0,87280.0,0.0,5,4363.0,4365.0,64,4379.0,4370.0,4374.0,4360.0,897.0,39158890.0,36734
2023-05-10 09:01:42,jd2308,jd2308,4362.0,45.0,1962950.0,-27.0,10,4362.0,4364.0,14,4379.0,4370.0,4374.0,4360.0,942.0,41121840.0,36707
2023-05-10 09:01:43,jd2308,jd2308,4361.0,5.0,218050.0,5.0,26,4361.0,4364.0,26,4379.0,4370.0,4374.0,4360.0,947.0,41339890.0,36712
2023-05-10 09:01:43,jd2308,jd2308,4361.0,0.0,0.0,0.0,16,4361.0,4362.0,1,4379.0,4370.0,4374.0,4360.0,947.0,41339890.0,36712
2023-05-10 09:01:44,jd2308,jd2308,4361.0,0.0,0.0,0.0,11,4361.0,4362.0,6,4379.0,4370.0,4374.0,4360.0,947.0,41339890.0,36712
2023-05-10 09:01:44,jd2308,jd2308,4362.0,4.0,174480.0,2.0,16,4361.0,4362.0,5,4379.0,4370.0,4374.0,4360.0,951.0,41514370.0,36714
2023-05-10 09:01:45,jd2308,jd2308,4362.0,0.0,0.0,0.0,4,4362.0,4363.0,12,4379.0,4370.0,4374.0,4360.0,951.0,41514370.0,36714
2023-05-10 09:01:45,jd2308,jd2308,4362.0,0.0,0.0,0.0,4,4362.0,4363.0,10,4379.0,4370.0,4374.0,4360.0,951.0,41514370.0,36714
2023-05-10 09:01:46,jd2308,jd2308,4363.0,2.0,87260.0,-2.0,4,4362.0,4364.0,36,4379.0,4370.0,4374.0,4360.0,953.0,41601630.0,36712
2023-05-10 09:01:46,jd2308,jd2308,4363.0,0.0,0.0,0.0,4,4362.0,4364.0,28,4379.0,4370.0,4374.0,4360.0,953.0,41601630.0,36712
2023-05-10 09:01:47,jd2308,jd2308,4362.0,50.0,2182020.0,-11.0,8,4362.0,4365.0,31,4379.0,4370.0,4374.0,4360.0,1003.0,43783650.0,36701
2023-05-10 09:01:47,jd2308,jd2308,4362.0,4.0,174480.0,1.0,3,4361.0,4362.0,18,4379.0,4370.0,4374.0,4360.0,1007.0,43958130.0,36702
2023-05-10 09:01:48,jd2308,jd2308,4361.0,3.0,130830.0,0.0,3,4361.0,4362.0,18,4379.0,4370.0,4374.0,4360.0,1010.0,44088960.0,36702
2023-05-10 09:01:49,jd2308,jd2308,4361.0,0.0,0.0,0.0,6,4361.0,4362.0,38,4379.0,4370.0,4374.0,4360.0,1010.0,44088960.0,36702
2023-05-10 09:01:49,jd2308,jd2308,4361.0,0.0,0.0,0.0,6,4361.0,4362.0,33,4379.0,4370.0,4374.0,4360.0,1010.0,44088960.0,36702
2023-05-10 09:01:50,jd2308,jd2308,4362.0,1.0,43620.0,1.0,6,4361.0,4362.0,42,4379.0,4370.0,4374.0,4360.0,1011.0,44132580.0,36703
2023-05-10 09:01:51,jd2308,jd2308,4362.0,10.0,436200.0,0.0,6,4361.0,4362.0,32,4379.0,4370.0,4374.0,4360.0,1021.0,44568780.0,36703
2023-05-10 09:01:51,jd2308,jd2308,4361.0,1.0,43610.0,0.0,6,4361.0,4362.0,32,4379.0,4370.0,4374.0,4360.0,1022.0,44612390.0,36703
2023-05-10 09:01:52,jd2308,jd2308,4361.0,5.0,218050.0,-2.0,1,4361.0,4362.0,27,4379.0,4370.0,4374.0,4360.0,1027.0,44830440.0,36701
2023-05-10 09:01:53,jd2308,jd2308,4361.0,1.0,43610.0,1.0,66,4360.0,4361.0,34,4379.0,4370.0,4374.0,4360.0,1028.0,44874050.0,36702
2023-05-10 09:01:54,jd2308,jd2308,4361.0,12.0,523320.0,0.0,62,4360.0,4361.0,27,4379.0,4370.0,4374.0,4360.0,1040.0,45397370.0,36702
2023-05-10 09:01:54,jd2308,jd2308,4361.0,1.0,43610.0,1.0,67,4360.0,4361.0,41,4379.0,4370.0,4374.0,4360.0,1041.0,45440980.0,36703
2023-05-10 09:01:55,jd2308,jd2308,4361.0,0.0,0.0,0.0,62,4360.0,4361.0,41,4379.0,4370.0,4374.0,4360.0,1041.0,45440980.0,36703
2023-05-10 09:01:55,jd2308,jd2308,4360.0,20.0,872000.0,20.0,42,4360.0,4361.0,41,4379.0,4370.0,4374.0,4360.0,1061.0,46312980.0,36723
2023-05-10 09:01:56,jd2308,jd2308,4361.0,1.0,43610.0,1.0,42,4360.0,4361.0,40,4379.0,4370.0,4374.0,4360.0,1062.0,46356590.0,36724
2023-05-10 09:01:56,jd2308,jd2308,4360.0,20.0,872000.0,20.0,22,4360.0,4361.0,40,4379.0,4370.0,4374.0,4360.0,1082.0,47228590.0,36744
2023-05-10 09:01:57,jd2308,jd2308,4360.0,0.0,0.0,0.0,22,4360.0,4361.0,45,4379.0,4370.0,4374.0,4360.0,1082.0,47228590.0,36744
2023-05-10 09:01:58,jd2308,jd2308,4361.0,5.0,218050.0,1.0,23,4360.0,4361.0,35,4379.0,4370.0,4374.0,4360.0,1087.0,47446640.0,36745
2023-05-10 09:01:58,jd2308,jd2308,4361.0,10.0,436100.0,10.0,25,4360.0,4361.0,30,4379.0,4370.0,4374.0,4360.0,1097.0,47882740.0,36755
2023-05-10 09:01:59,jd2308,jd2308,4360.0,20.0,872000.0,20.0,3,4360.0,4361.0,30,4379.0,4370.0,4374.0,4360.0,1117.0,48754740.0,36775
2023-05-10 09:01:59,jd2308,jd2308,4359.0,25.0,1089790.0,3.0,13,4358.0,4359.0,5,4379.0,4370.0,4374.0,4359.0,1142.0,49844530.0,36778
2023-05-10 09:02:00,jd2308,jd2308,4360.0,33.0,1438680.0,8.0,14,4359.0,4360.0,108,4379.0,4370.0,4374.0,4358.0,1175.0,51283210.0,36786
2023-05-10 09:02:00,jd2308,jd2308,4359.0,12.0,523150.0,-5.0,10,4359.0,4360.0,121,4379.0,4370.0,4374.0,4358.0,1187.0,51806360.0,36781
2023-05-10 09:02:01,jd2308,jd2308,4360.0,5.0,218000.0,0.0,10,4359.0,4360.0,126,4379.0,4370.0,4374.0,4358.0,1192.0,52024360.0,36781
2023-05-10 09:02:01,jd2308,jd2308,4359.0,10.0,435900.0,10.0,35,4358.0,4359.0,10,4379.0,4370.0,4374.0,4358.0,1202.0,52460260.0,36791
2023-05-10 09:02:02,jd2308,jd2308,4359.0,2.0,87180.0,1.0,8,4358.0,4359.0,18,4379.0,4370.0,4374.0,4358.0,1204.0,52547440.0,36792
2023-05-10 09:02:02,jd2308,jd2308,4359.0,1.0,43590.0,1.0,8,4358.0,4359.0,17,4379.0,4370.0,4374.0,4358.0,1205.0,52591030.0,36793
2023-05-10 09:02:03,jd2308,jd2308,4359.0,0.0,0.0,0.0,8,4358.0,4359.0,39,4379.0,4370.0,4374.0,4358.0,1205.0,52591030.0,36793
2023-05-10 09:02:03,jd2308,jd2308,4359.0,0.0,0.0,0.0,8,4358.0,4359.0,44,4379.0,4370.0,4374.0,4358.0,1205.0,52591030.0,36793
2023-05-10 09:02:04,jd2308,jd2308,4358.0,29.0,1264030.0,8.0,27,4357.0,4358.0,14,4379.0,4370.0,4374.0,4358.0,1234.0,53855060.0,36801
2023-05-10 09:02:04,jd2308,jd2308,4358.0,2.0,87160.0,2.0,5,4357.0,4358.0,12,4379.0,4370.0,4374.0,4358.0,1236.0,53942220.0,36803
2023-05-10 09:02:05,jd2308,jd2308,4358.0,5.0,217900.0,5.0,5,4357.0,4358.0,7,4379.0,4370.0,4374.0,4358.0,1241.0,54160120.0,36808
2023-05-10 09:02:06,jd2308,jd2308,4359.0,23.0,1002480.0,0.0,5,4357.0,4359.0,38,4379.0,4370.0,4374.0,4357.0,1264.0,55162600.0,36808
2023-05-10 09:02:06,jd2308,jd2308,4357.0,13.0,566440.0,10.0,25,4356.0,4357.0,48,4379.0,4370.0,4374.0,4357.0,1277.0,55729040.0,36818
2023-05-10 09:02:07,jd2308,jd2308,4357.0,12.0,522840.0,8.0,11,4356.0,4357.0,43,4379.0,4370.0,4374.0,4357.0,1289.0,56251880.0,36826
2023-05-10 09:02:07,jd2308,jd2308,4357.0,5.0,217850.0,5.0,11,4356.0,4357.0,39,4379.0,4370.0,4374.0,4357.0,1294.0,56469730.0,36831
2023-05-10 09:02:08,jd2308,jd2308,4357.0,20.0,871400.0,0.0,11,4356.0,4357.0,11,4379.0,4370.0,4374.0,4357.0,1314.0,57341130.0,36831
2023-05-10 09:02:09,jd2308,jd2308,4356.0,11.0,479160.0,10.0,68,4355.0,4356.0,39,4379.0,4370.0,4374.0,4356.0,1325.0,57820290.0,36841
2023-05-10 09:02:09,jd2308,jd2308,4356.0,32.0,1393920.0,30.0,44,4355.0,4356.0,17,4379.0,4370.0,4374.0,4356.0,1357.0,59214210.0,36871
2023-05-10 09:02:10,jd2308,jd2308,4355.0,19.0,827620.0,13.0,46,4355.0,4356.0,2,4379.0,4370.0,4374.0,4355.0,1376.0,60041830.0,36884
2023-05-10 09:02:10,jd2308,jd2308,4356.0,2.0,87120.0,2.0,20,4356.0,4357.0,21,4379.0,4370.0,4374.0,4355.0,1378.0,60128950.0,36886
2023-05-10 09:02:11,jd2308,jd2308,4357.0,11.0,479270.0,-6.0,3,4357.0,4358.0,15,4379.0,4370.0,4374.0,4355.0,1389.0,60608220.0,36880
2023-05-10 09:02:11,jd2308,jd2308,4356.0,13.0,566360.0,10.0,46,4356.0,4357.0,5,4379.0,4370.0,4374.0,4355.0,1402.0,61174580.0,36890
2023-05-10 09:02:12,jd2308,jd2308,4358.0,8.0,348570.0,-1.0,4,4357.0,4359.0,25,4379.0,4370.0,4374.0,4355.0,1410.0,61523150.0,36889
2023-05-10 09:02:12,jd2308,jd2308,4357.0,1.0,43570.0,0.0,3,4357.0,4359.0,10,4379.0,4370.0,4374.0,4355.0,1411.0,61566720.0,36889
2023-05-10 09:02:13,jd2308,jd2308,4357.0,0.0,0.0,0.0,3,4357.0,4359.0,7,4379.0,4370.0,4374.0,4355.0,1411.0,61566720.0,36889
2023-05-10 09:02:14,jd2308,jd2308,4357.0,0.0,0.0,0.0,4,4357.0,4359.0,7,4379.0,4370.0,4374.0,4355.0,1411.0,61566720.0,36889
2023-05-10 09:02:14,jd2308,jd2308,4359.0,4.0,174340.0,-2.0,13,4357.0,4360.0,131,4379.0,4370.0,4374.0,4355.0,1415.0,61741060.0,36887
2023-05-10 09:02:15,jd2308,jd2308,4359.0,3.0,130770.0,-2.0,17,4357.0,4359.0,3,4379.0,4370.0,4374.0,4355.0,1418.0,61871830.0,36885
2023-05-10 09:02:15,jd2308,jd2308,4359.0,4.0,174360.0,-4.0,10,4358.0,4360.0,137,4379.0,4370.0,4374.0,4355.0,1422.0,62046190.0,36881
2023-05-10 09:02:16,jd2308,jd2308,4360.0,3.0,130790.0,0.0,10,4358.0,4360.0,137,4379.0,4370.0,4374.0,4355.0,1425.0,62176980.0,36881
2023-05-10 09:02:16,jd2308,jd2308,4360.0,3.0,130800.0,1.0,5,4358.0,4360.0,144,4379.0,4370.0,4374.0,4355.0,1428.0,62307780.0,36882
2023-05-10 09:02:17,jd2308,jd2308,4360.0,2.0,87200.0,0.0,42,4357.0,4360.0,142,4379.0,4370.0,4374.0,4355.0,1430.0,62394980.0,36882
2023-05-10 09:02:17,jd2308,jd2308,4360.0,0.0,0.0,0.0,44,4357.0,4360.0,140,4379.0,4370.0,4374.0,4355.0,1430.0,62394980.0,36882
2023-05-10 09:02:18,jd2308,jd2308,4360.0,0.0,0.0,0.0,40,4357.0,4360.0,145,4379.0,4370.0,4374.0,4355.0,1430.0,62394980.0,36882
2023-05-10 09:02:18,jd2308,jd2308,4360.0,0.0,0.0,0.0,45,4357.0,4360.0,140,4379.0,4370.0,4374.0,4355.0,1430.0,62394980.0,36882
2023-05-10 09:02:19,jd2308,jd2308,4360.0,0.0,0.0,0.0,45,4357.0,4360.0,150,4379.0,4370.0,4374.0,4355.0,1430.0,62394980.0,36882
2023-05-10 09:02:19,jd2308,jd2308,4360.0,2.0,87200.0,0.0,45,4357.0,4360.0,148,4379.0,4370.0,4374.0,4355.0,1432.0,62482180.0,36882
2023-05-10 09:02:20,jd2308,jd2308,4360.0,1.0,43600.0,1.0,45,4357.0,4360.0,147,4379.0,4370.0,4374.0,4355.0,1433.0,62525780.0,36883
2023-05-10 09:02:20,jd2308,jd2308,4360.0,0.0,0.0,0.0,42,4357.0,4359.0,5,4379.0,4370.0,4374.0,4355.0,1433.0,62525780.0,36883
2023-05-10 09:02:21,jd2308,jd2308,4359.0,2.0,87180.0,-2.0,10,4358.0,4360.0,137,4379.0,4370.0,4374.0,4355.0,1435.0,62612960.0,36881
2023-05-10 09:02:21,jd2308,jd2308,4360.0,4.0,174400.0,0.0,10,4358.0,4360.0,135,4379.0,4370.0,4374.0,4355.0,1439.0,62787360.0,36881
2023-05-10 09:02:22,jd2308,jd2308,4360.0,2.0,87200.0,0.0,10,4358.0,4360.0,138,4379.0,4370.0,4374.0,4355.0,1441.0,62874560.0,36881
2023-05-10 09:02:22,jd2308,jd2308,4358.0,3.0,130780.0,0.0,9,4358.0,4360.0,131,4379.0,4370.0,4374.0,4355.0,1444.0,63005340.0,36881
2023-05-10 09:02:23,jd2308,jd2308,4358.0,0.0,0.0,0.0,9,4358.0,4360.0,126,4379.0,4370.0,4374.0,4355.0,1444.0,63005340.0,36881
2023-05-10 09:02:23,jd2308,jd2308,4358.0,0.0,0.0,0.0,9,4358.0,4360.0,136,4379.0,4370.0,4374.0,4355.0,1444.0,63005340.0,36881
2023-05-10 09:02:24,jd2308,jd2308,4360.0,1.0,43600.0,1.0,9,4358.0,4360.0,130,4379.0,4370.0,4374.0,4355.0,1445.0,63048940.0,36882
2023-05-10 09:02:25,jd2308,jd2308,4360.0,0.0,0.0,0.0,9,4358.0,4360.0,135,4379.0,4370.0,4374.0,4355.0,1445.0,63048940.0,36882
2023-05-10 09:02:25,jd2308,jd2308,4360.0,5.0,218000.0,5.0,9,4358.0,4360.0,125,4379.0,4370.0,4374.0,4355.0,1450.0,63266940.0,36887
2023-05-10 09:02:26,jd2308,jd2308,4360.0,2.0,87200.0,0.0,9,4358.0,4360.0,128,4379.0,4370.0,4374.0,4355.0,1452.0,63354140.0,36887
2023-05-10 09:02:27,jd2308,jd2308,4360.0,2.0,87200.0,0.0,9,4358.0,4360.0,126,4379.0,4370.0,4374.0,4355.0,1454.0,63441340.0,36887
2023-05-10 09:02:28,jd2308,jd2308,4360.0,4.0,174400.0,0.0,9,4358.0,4360.0,122,4379.0,4370.0,4374.0,4355.0,1458.0,63615740.0,36887
2023-05-10 09:02:29,jd2308,jd2308,4360.0,4.0,174400.0,0.0,9,4358.0,4360.0,118,4379.0,4370.0,4374.0,4355.0,1462.0,63790140.0,36887
2023-05-10 09:02:29,jd2308,jd2308,4360.0,5.0,218000.0,1.0,9,4358.0,4360.0,113,4379.0,4370.0,4374.0,4355.0,1467.0,64008140.0,36888
2023-05-10 09:02:30,jd2308,jd2308,4360.0,9.0,392300.0,5.0,4,4358.0,4359.0,5,4379.0,4370.0,4374.0,4355.0,1476.0,64400440.0,36893
2023-05-10 09:02:30,jd2308,jd2308,4359.0,4.0,174360.0,-4.0,9,4358.0,4360.0,112,4379.0,4370.0,4374.0,4355.0,1480.0,64574800.0,36889
2023-05-10 09:02:31,jd2308,jd2308,4360.0,6.0,261600.0,4.0,4,4358.0,4360.0,103,4379.0,4370.0,4374.0,4355.0,1486.0,64836400.0,36893
2023-05-10 09:02:31,jd2308,jd2308,4360.0,5.0,218000.0,0.0,4,4358.0,4360.0,98,4379.0,4370.0,4374.0,4355.0,1491.0,65054400.0,36893
2023-05-10 09:02:32,jd2308,jd2308,4360.0,0.0,0.0,0.0,10,4358.0,4360.0,93,4379.0,4370.0,4374.0,4355.0,1491.0,65054400.0,36893
2023-05-10 09:02:33,jd2308,jd2308,4360.0,0.0,0.0,0.0,15,4358.0,4360.0,98,4379.0,4370.0,4374.0,4355.0,1491.0,65054400.0,36893
2023-05-10 09:02:34,jd2308,jd2308,4360.0,0.0,0.0,0.0,5,4359.0,4360.0,83,4379.0,4370.0,4374.0,4355.0,1491.0,65054400.0,36893
2023-05-10 09:02:34,jd2308,jd2308,4360.0,2.0,87200.0,0.0,6,4359.0,4360.0,74,4379.0,4370.0,4374.0,4355.0,1493.0,65141600.0,36893
2023-05-10 09:02:35,jd2308,jd2308,4360.0,2.0,87200.0,0.0,20,4359.0,4360.0,67,4379.0,4370.0,4374.0,4355.0,1495.0,65228800.0,36893
2023-05-10 09:02:35,jd2308,jd2308,4359.0,15.0,653850.0,10.0,37,4358.0,4359.0,5,4379.0,4370.0,4374.0,4355.0,1510.0,65882650.0,36903
2023-05-10 09:02:36,jd2308,jd2308,4359.0,5.0,217950.0,0.0,5,4359.0,4360.0,74,4379.0,4370.0,4374.0,4355.0,1515.0,66100600.0,36903
2023-05-10 09:02:36,jd2308,jd2308,4359.0,2.0,87180.0,0.0,6,4359.0,4360.0,72,4379.0,4370.0,4374.0,4355.0,1517.0,66187780.0,36903
2023-05-10 09:02:37,jd2308,jd2308,4359.0,6.0,261540.0,3.0,22,4358.0,4359.0,14,4379.0,4370.0,4374.0,4355.0,1523.0,66449320.0,36906
2023-05-10 09:02:37,jd2308,jd2308,4359.0,3.0,130770.0,1.0,10,4358.0,4359.0,16,4379.0,4370.0,4374.0,4355.0,1526.0,66580090.0,36907
2023-05-10 09:02:38,jd2308,jd2308,4359.0,0.0,0.0,0.0,2,4358.0,4359.0,26,4379.0,4370.0,4374.0,4355.0,1526.0,66580090.0,36907
2023-05-10 09:02:38,jd2308,jd2308,4359.0,6.0,261540.0,0.0,2,4358.0,4359.0,20,4379.0,4370.0,4374.0,4355.0,1532.0,66841630.0,36907
2023-05-10 09:02:39,jd2308,jd2308,4359.0,8.0,348700.0,2.0,37,4357.0,4359.0,5,4379.0,4370.0,4374.0,4355.0,1540.0,67190330.0,36909
2023-05-10 09:02:39,jd2308,jd2308,4359.0,1.0,43590.0,1.0,4,4359.0,4360.0,83,4379.0,4370.0,4374.0,4355.0,1541.0,67233920.0,36910
2023-05-10 09:02:40,jd2308,jd2308,4359.0,0.0,0.0,0.0,4,4359.0,4360.0,78,4379.0,4370.0,4374.0,4355.0,1541.0,67233920.0,36910
2023-05-10 09:02:40,jd2308,jd2308,4359.0,0.0,0.0,0.0,5,4359.0,4360.0,79,4379.0,4370.0,4374.0,4355.0,1541.0,67233920.0,36910
2023-05-10 09:02:42,jd2308,jd2308,4359.0,1.0,43590.0,1.0,4,4359.0,4360.0,79,4379.0,4370.0,4374.0,4355.0,1542.0,67277510.0,36911
2023-05-10 09:02:42,jd2308,jd2308,4359.0,4.0,174360.0,-1.0,17,4358.0,4360.0,94,4379.0,4370.0,4374.0,4355.0,1546.0,67451870.0,36910
2023-05-10 09:02:43,jd2308,jd2308,4360.0,4.0,174380.0,0.0,5,4358.0,4360.0,84,4379.0,4370.0,4374.0,4355.0,1550.0,67626250.0,36910
2023-05-10 09:02:43,jd2308,jd2308,4360.0,0.0,0.0,0.0,4,4358.0,4360.0,84,4379.0,4370.0,4374.0,4355.0,1550.0,67626250.0,36910
2023-05-10 09:02:44,jd2308,jd2308,4360.0,0.0,0.0,0.0,4,4358.0,4360.0,94,4379.0,4370.0,4374.0,4355.0,1550.0,67626250.0,36910
2023-05-10 09:02:44,jd2308,jd2308,4358.0,2.0,87160.0,2.0,5,4359.0,4360.0,94,4379.0,4370.0,4374.0,4355.0,1552.0,67713410.0,36912
2023-05-10 09:02:45,jd2308,jd2308,4358.0,0.0,0.0,0.0,5,4359.0,4360.0,77,4379.0,4370.0,4374.0,4355.0,1552.0,67713410.0,36912
2023-05-10 09:02:46,jd2308,jd2308,4360.0,20.0,872000.0,0.0,5,4359.0,4360.0,57,4379.0,4370.0,4374.0,4355.0,1572.0,68585410.0,36912
2023-05-10 09:02:46,jd2308,jd2308,4360.0,0.0,0.0,0.0,5,4359.0,4360.0,52,4379.0,4370.0,4374.0,4355.0,1572.0,68585410.0,36912
2023-05-10 09:02:47,jd2308,jd2308,4359.0,1.0,43590.0,-1.0,4,4359.0,4360.0,57,4379.0,4370.0,4374.0,4355.0,1573.0,68629000.0,36911
2023-05-10 09:02:47,jd2308,jd2308,4360.0,1.0,43600.0,1.0,23,4359.0,4360.0,46,4379.0,4370.0,4374.0,4355.0,1574.0,68672600.0,36912
2023-05-10 09:02:48,jd2308,jd2308,4360.0,12.0,523200.0,0.0,34,4359.0,4360.0,39,4379.0,4370.0,4374.0,4355.0,1586.0,69195800.0,36912
2023-05-10 09:02:48,jd2308,jd2308,4360.0,44.0,1918400.0,33.0,5,4360.0,4361.0,35,4379.0,4370.0,4374.0,4355.0,1630.0,71114200.0,36945
2023-05-10 09:02:49,jd2308,jd2308,4361.0,3.0,130830.0,3.0,5,4360.0,4361.0,22,4379.0,4370.0,4374.0,4355.0,1633.0,71245030.0,36948
2023-05-10 09:02:49,jd2308,jd2308,4360.0,5.0,218000.0,5.0,55,4359.0,4361.0,28,4379.0,4370.0,4374.0,4355.0,1638.0,71463030.0,36953
2023-05-10 09:02:50,jd2308,jd2308,4360.0,0.0,0.0,0.0,53,4359.0,4361.0,23,4379.0,4370.0,4374.0,4355.0,1638.0,71463030.0,36953
2023-05-10 09:02:50,jd2308,jd2308,4360.0,0.0,0.0,0.0,53,4359.0,4361.0,28,4379.0,4370.0,4374.0,4355.0,1638.0,71463030.0,36953
2023-05-10 09:02:51,jd2308,jd2308,4361.0,5.0,218050.0,0.0,5,4360.0,4361.0,13,4379.0,4370.0,4374.0,4355.0,1643.0,71681080.0,36953
2023-05-10 09:02:51,jd2308,jd2308,4361.0,17.0,741370.0,14.0,11,4360.0,4362.0,40,4379.0,4370.0,4374.0,4355.0,1660.0,72422450.0,36967
2023-05-10 09:02:52,jd2308,jd2308,4362.0,1.0,43620.0,0.0,1,4361.0,4362.0,46,4379.0,4370.0,4374.0,4355.0,1661.0,72466070.0,36967
2023-05-10 09:02:52,jd2308,jd2308,4362.0,54.0,2355480.0,-20.0,15,4362.0,4363.0,5,4379.0,4370.0,4374.0,4355.0,1715.0,74821550.0,36947
2023-05-10 09:02:53,jd2308,jd2308,4362.0,0.0,0.0,0.0,5,4363.0,4364.0,4,4379.0,4370.0,4374.0,4355.0,1715.0,74821550.0,36947
2023-05-10 09:02:53,jd2308,jd2308,4364.0,7.0,305430.0,1.0,31,4362.0,4364.0,15,4379.0,4370.0,4374.0,4355.0,1722.0,75126980.0,36948
2023-05-10 09:02:54,jd2308,jd2308,4362.0,5.0,218170.0,1.0,27,4362.0,4363.0,1,4379.0,4370.0,4374.0,4355.0,1727.0,75345150.0,36949
2023-05-10 09:02:54,jd2308,jd2308,4363.0,1.0,43630.0,1.0,20,4362.0,4364.0,8,4379.0,4370.0,4374.0,4355.0,1728.0,75388780.0,36950
2023-05-10 09:02:55,jd2308,jd2308,4363.0,0.0,0.0,0.0,32,4362.0,4364.0,6,4379.0,4370.0,4374.0,4355.0,1728.0,75388780.0,36950
2023-05-10 09:02:56,jd2308,jd2308,4363.0,0.0,0.0,0.0,5,4363.0,4364.0,6,4379.0,4370.0,4374.0,4355.0,1728.0,75388780.0,36950
2023-05-10 09:02:56,jd2308,jd2308,4363.0,10.0,436300.0,0.0,4,4363.0,4364.0,7,4379.0,4370.0,4374.0,4355.0,1738.0,75825080.0,36950
2023-05-10 09:02:57,jd2308,jd2308,4363.0,4.0,174520.0,-4.0,37,4362.0,4364.0,7,4379.0,4370.0,4374.0,4355.0,1742.0,75999600.0,36946
2023-05-10 09:02:58,jd2308,jd2308,4362.0,1.0,43620.0,0.0,38,4362.0,4363.0,2,4379.0,4370.0,4374.0,4355.0,1743.0,76043220.0,36946
2023-05-10 09:02:58,jd2308,jd2308,4363.0,2.0,87260.0,0.0,15,4362.0,4363.0,1,4379.0,4370.0,4374.0,4355.0,1745.0,76130480.0,36946
2023-05-10 09:03:00,jd2308,jd2308,4363.0,5.0,218150.0,1.0,25,4362.0,4363.0,1,4379.0,4370.0,4374.0,4355.0,1750.0,76348630.0,36947
2023-05-10 09:03:00,jd2308,jd2308,4362.0,11.0,479820.0,-6.0,34,4361.0,4364.0,34,4379.0,4370.0,4374.0,4355.0,1761.0,76828450.0,36941
2023-05-10 09:03:01,jd2308,jd2308,4362.0,0.0,0.0,0.0,25,4361.0,4363.0,19,4379.0,4370.0,4374.0,4355.0,1761.0,76828450.0,36941
2023-05-10 09:03:01,jd2308,jd2308,4362.0,0.0,0.0,0.0,7,4361.0,4363.0,34,4379.0,4370.0,4374.0,4355.0,1761.0,76828450.0,36941
2023-05-10 09:03:02,jd2308,jd2308,4362.0,3.0,130860.0,1.0,10,4361.0,4363.0,41,4379.0,4370.0,4374.0,4355.0,1764.0,76959310.0,36942
2023-05-10 09:03:02,jd2308,jd2308,4362.0,0.0,0.0,0.0,10,4361.0,4362.0,5,4379.0,4370.0,4374.0,4355.0,1764.0,76959310.0,36942
2023-05-10 09:03:03,jd2308,jd2308,4362.0,0.0,0.0,0.0,5,4361.0,4362.0,5,4379.0,4370.0,4374.0,4355.0,1764.0,76959310.0,36942
2023-05-10 09:03:03,jd2308,jd2308,4362.0,0.0,0.0,0.0,5,4361.0,4362.0,11,4379.0,4370.0,4374.0,4355.0,1764.0,76959310.0,36942
2023-05-10 09:03:04,jd2308,jd2308,4362.0,1.0,43620.0,0.0,5,4361.0,4362.0,1,4379.0,4370.0,4374.0,4355.0,1765.0,77002930.0,36942
2023-05-10 09:03:04,jd2308,jd2308,4362.0,0.0,0.0,0.0,10,4361.0,4362.0,1,4379.0,4370.0,4374.0,4355.0,1765.0,77002930.0,36942
2023-05-10 09:03:05,jd2308,jd2308,4362.0,1.0,43620.0,1.0,9,4362.0,4363.0,39,4379.0,4370.0,4374.0,4355.0,1766.0,77046550.0,36943
2023-05-10 09:03:05,jd2308,jd2308,4362.0,0.0,0.0,0.0,9,4362.0,4363.0,18,4379.0,4370.0,4374.0,4355.0,1766.0,77046550.0,36943
2023-05-10 09:03:06,jd2308,jd2308,4362.0,0.0,0.0,0.0,9,4362.0,4363.0,13,4379.0,4370.0,4374.0,4355.0,1766.0,77046550.0,36943
2023-05-10 09:03:06,jd2308,jd2308,4363.0,9.0,392670.0,-6.0,14,4363.0,4364.0,26,4379.0,4370.0,4374.0,4355.0,1775.0,77439220.0,36937
2023-05-10 09:03:07,jd2308,jd2308,4363.0,0.0,0.0,0.0,14,4363.0,4364.0,11,4379.0,4370.0,4374.0,4355.0,1775.0,77439220.0,36937
2023-05-10 09:03:07,jd2308,jd2308,4363.0,0.0,0.0,0.0,15,4363.0,4364.0,2,4379.0,4370.0,4374.0,4355.0,1775.0,77439220.0,36937
2023-05-10 09:03:08,jd2308,jd2308,4363.0,15.0,654450.0,-15.0,29,4362.0,4363.0,8,4379.0,4370.0,4374.0,4355.0,1790.0,78093670.0,36922
2023-05-10 09:03:08,jd2308,jd2308,4363.0,0.0,0.0,0.0,14,4362.0,4363.0,8,4379.0,4370.0,4374.0,4355.0,1790.0,78093670.0,36922
2023-05-10 09:03:09,jd2308,jd2308,4363.0,0.0,0.0,0.0,14,4362.0,4363.0,9,4379.0,4370.0,4374.0,4355.0,1790.0,78093670.0,36922
2023-05-10 09:03:10,jd2308,jd2308,4363.0,3.0,130890.0,-3.0,14,4362.0,4363.0,6,4379.0,4370.0,4374.0,4355.0,1793.0,78224560.0,36919
2023-05-10 09:03:11,jd2308,jd2308,4363.0,6.0,261780.0,0.0,49,4363.0,4364.0,39,4379.0,4370.0,4374.0,4355.0,1799.0,78486340.0,36919
2023-05-10 09:03:11,jd2308,jd2308,4363.0,0.0,0.0,0.0,64,4363.0,4364.0,7,4379.0,4370.0,4374.0,4355.0,1799.0,78486340.0,36919
2023-05-10 09:03:12,jd2308,jd2308,4364.0,2.0,87280.0,-1.0,28,4364.0,4365.0,84,4379.0,4370.0,4374.0,4355.0,1801.0,78573620.0,36918
2023-05-10 09:03:12,jd2308,jd2308,4364.0,5.0,218200.0,0.0,33,4364.0,4365.0,58,4379.0,4370.0,4374.0,4355.0,1806.0,78791820.0,36918
2023-05-10 09:03:13,jd2308,jd2308,4364.0,1.0,43640.0,0.0,32,4364.0,4365.0,58,4379.0,4370.0,4374.0,4355.0,1807.0,78835460.0,36918
2023-05-10 09:03:14,jd2308,jd2308,4364.0,1.0,43640.0,-1.0,31,4364.0,4365.0,58,4379.0,4370.0,4374.0,4355.0,1808.0,78879100.0,36917
2023-05-10 09:03:15,jd2308,jd2308,4365.0,9.0,392850.0,9.0,31,4364.0,4365.0,49,4379.0,4370.0,4374.0,4355.0,1817.0,79271950.0,36926
2023-05-10 09:03:16,jd2308,jd2308,4364.0,1.0,43640.0,-1.0,30,4364.0,4365.0,49,4379.0,4370.0,4374.0,4355.0,1818.0,79315590.0,36925
2023-05-10 09:03:17,jd2308,jd2308,4364.0,0.0,0.0,0.0,30,4364.0,4365.0,54,4379.0,4370.0,4374.0,4355.0,1818.0,79315590.0,36925
2023-05-10 09:03:17,jd2308,jd2308,4364.0,0.0,0.0,0.0,30,4364.0,4365.0,49,4379.0,4370.0,4374.0,4355.0,1818.0,79315590.0,36925
2023-05-10 09:03:18,jd2308,jd2308,4364.0,0.0,0.0,0.0,31,4364.0,4365.0,49,4379.0,4370.0,4374.0,4355.0,1818.0,79315590.0,36925
2023-05-10 09:03:19,jd2308,jd2308,4364.0,20.0,872800.0,0.0,11,4364.0,4365.0,49,4379.0,4370.0,4374.0,4355.0,1838.0,80188390.0,36925
2023-05-10 09:03:20,jd2308,jd2308,4364.0,0.0,0.0,0.0,6,4364.0,4365.0,49,4379.0,4370.0,4374.0,4355.0,1838.0,80188390.0,36925
2023-05-10 09:03:20,jd2308,jd2308,4364.0,1.0,43640.0,1.0,86,4363.0,4364.0,19,4379.0,4370.0,4374.0,4355.0,1839.0,80232030.0,36926
2023-05-10 09:03:21,jd2308,jd2308,4364.0,2.0,87280.0,2.0,59,4363.0,4364.0,27,4379.0,4370.0,4374.0,4355.0,1841.0,80319310.0,36928
2023-05-10 09:03:22,jd2308,jd2308,4363.0,43.0,1876090.0,-4.0,16,4363.0,4364.0,27,4379.0,4370.0,4374.0,4355.0,1884.0,82195400.0,36924
2023-05-10 09:03:22,jd2308,jd2308,4364.0,54.0,2356350.0,16.0,13,4363.0,4365.0,54,4379.0,4370.0,4374.0,4355.0,1938.0,84551750.0,36940
2023-05-10 09:03:23,jd2308,jd2308,4364.0,5.0,218200.0,0.0,13,4363.0,4365.0,60,4379.0,4370.0,4374.0,4355.0,1943.0,84769950.0,36940
2023-05-10 09:03:23,jd2308,jd2308,4363.0,14.0,610820.0,6.0,10,4362.0,4363.0,6,4379.0,4370.0,4374.0,4355.0,1957.0,85380770.0,36946
2023-05-10 09:03:24,jd2308,jd2308,4363.0,1.0,43630.0,1.0,20,4361.0,4363.0,5,4379.0,4370.0,4374.0,4355.0,1958.0,85424400.0,36947
2023-05-10 09:03:24,jd2308,jd2308,4363.0,0.0,0.0,0.0,7,4361.0,4363.0,25,4379.0,4370.0,4374.0,4355.0,1958.0,85424400.0,36947
2023-05-10 09:03:25,jd2308,jd2308,4363.0,0.0,0.0,0.0,10,4361.0,4363.0,57,4379.0,4370.0,4374.0,4355.0,1958.0,85424400.0,36947
2023-05-10 09:03:25,jd2308,jd2308,4363.0,0.0,0.0,0.0,3,4362.0,4363.0,58,4379.0,4370.0,4374.0,4355.0,1958.0,85424400.0,36947
2023-05-10 09:03:26,jd2308,jd2308,4360.0,37.0,1613550.0,15.0,52,4360.0,4361.0,7,4379.0,4370.0,4374.0,4355.0,1995.0,87037950.0,36962
2023-05-10 09:03:26,jd2308,jd2308,4362.0,11.0,479750.0,-7.0,4,4361.0,4363.0,46,4379.0,4370.0,4374.0,4355.0,2006.0,87517700.0,36955
2023-05-10 09:03:27,jd2308,jd2308,4362.0,1.0,43620.0,0.0,4,4361.0,4362.0,5,4379.0,4370.0,4374.0,4355.0,2007.0,87561320.0,36955
2023-05-10 09:03:32,jd2308,jd2308,4362.0,5.0,218100.0,0.0,4,4361.0,4362.0,10,4379.0,4370.0,4374.0,4355.0,2012.0,87779420.0,36955
2023-05-10 09:03:32,jd2308,jd2308,4362.0,3.0,130860.0,3.0,4,4361.0,4362.0,13,4379.0,4370.0,4374.0,4355.0,2015.0,87910280.0,36958
2023-05-10 09:03:36,jd2308,jd2308,4361.0,1.0,43610.0,0.0,3,4361.0,4362.0,13,4379.0,4370.0,4374.0,4355.0,2016.0,87953890.0,36958
2023-05-10 09:03:37,jd2308,jd2308,4361.0,0.0,0.0,0.0,3,4361.0,4362.0,18,4379.0,4370.0,4374.0,4355.0,2016.0,87953890.0,36958
2023-05-10 09:03:37,jd2308,jd2308,4361.0,3.0,130830.0,0.0,82,4360.0,4361.0,1,4379.0,4370.0,4374.0,4355.0,2019.0,88084720.0,36958
2023-05-10 09:03:38,jd2308,jd2308,4361.0,0.0,0.0,0.0,56,4360.0,4361.0,7,4379.0,4370.0,4374.0,4355.0,2019.0,88084720.0,36958
2023-05-10 09:03:38,jd2308,jd2308,4361.0,0.0,0.0,0.0,57,4360.0,4361.0,2,4379.0,4370.0,4374.0,4355.0,2019.0,88084720.0,36958
2023-05-10 09:03:40,jd2308,jd2308,4361.0,0.0,0.0,0.0,67,4360.0,4361.0,2,4379.0,4370.0,4374.0,4355.0,2019.0,88084720.0,36958
2023-05-10 09:03:40,jd2308,jd2308,4361.0,0.0,0.0,0.0,68,4360.0,4361.0,2,4379.0,4370.0,4374.0,4355.0,2019.0,88084720.0,36958
2023-05-10 09:03:41,jd2308,jd2308,4361.0,2.0,87220.0,0.0,73,4360.0,4362.0,45,4379.0,4370.0,4374.0,4355.0,2021.0,88171940.0,36958
2023-05-10 09:03:41,jd2308,jd2308,4361.0,0.0,0.0,0.0,93,4360.0,4362.0,23,4379.0,4370.0,4374.0,4355.0,2021.0,88171940.0,36958
2023-05-10 09:03:42,jd2308,jd2308,4361.0,0.0,0.0,0.0,93,4360.0,4362.0,13,4379.0,4370.0,4374.0,4355.0,2021.0,88171940.0,36958
2023-05-10 09:03:43,jd2308,jd2308,4361.0,0.0,0.0,0.0,1,4361.0,4362.0,13,4379.0,4370.0,4374.0,4355.0,2021.0,88171940.0,36958
2023-05-10 09:03:43,jd2308,jd2308,4361.0,0.0,0.0,0.0,95,4360.0,4362.0,18,4379.0,4370.0,4374.0,4355.0,2021.0,88171940.0,36958
2023-05-10 09:03:44,jd2308,jd2308,4361.0,0.0,0.0,0.0,1,4361.0,4362.0,18,4379.0,4370.0,4374.0,4355.0,2021.0,88171940.0,36958
2023-05-10 09:03:44,jd2308,jd2308,4361.0,0.0,0.0,0.0,91,4360.0,4362.0,18,4379.0,4370.0,4374.0,4355.0,2021.0,88171940.0,36958
2023-05-10 09:03:45,jd2308,jd2308,4361.0,1.0,43610.0,1.0,77,4360.0,4362.0,28,4379.0,4370.0,4374.0,4355.0,2022.0,88215550.0,36959
2023-05-10 09:03:45,jd2308,jd2308,4361.0,0.0,0.0,0.0,87,4360.0,4362.0,23,4379.0,4370.0,4374.0,4355.0,2022.0,88215550.0,36959
2023-05-10 09:03:46,jd2308,jd2308,4361.0,0.0,0.0,0.0,87,4360.0,4362.0,13,4379.0,4370.0,4374.0,4355.0,2022.0,88215550.0,36959
2023-05-10 09:03:46,jd2308,jd2308,4361.0,0.0,0.0,0.0,91,4360.0,4362.0,13,4379.0,4370.0,4374.0,4355.0,2022.0,88215550.0,36959
2023-05-10 09:03:48,jd2308,jd2308,4363.0,50.0,2181320.0,-5.0,17,4361.0,4363.0,46,4379.0,4370.0,4374.0,4355.0,2072.0,90396870.0,36954
2023-05-10 09:03:48,jd2308,jd2308,4363.0,0.0,0.0,0.0,26,4361.0,4363.0,43,4379.0,4370.0,4374.0,4355.0,2072.0,90396870.0,36954
2023-05-10 09:03:49,jd2308,jd2308,4360.0,50.0,2180310.0,33.0,60,4360.0,4361.0,5,4379.0,4370.0,4374.0,4355.0,2122.0,92577180.0,36987
2023-05-10 09:03:49,jd2308,jd2308,4360.0,45.0,1962000.0,6.0,78,4359.0,4361.0,15,4379.0,4370.0,4374.0,4355.0,2167.0,94539180.0,36993
2023-05-10 09:03:50,jd2308,jd2308,4360.0,0.0,0.0,0.0,72,4359.0,4361.0,15,4379.0,4370.0,4374.0,4355.0,2167.0,94539180.0,36993
2023-05-10 09:03:50,jd2308,jd2308,4360.0,0.0,0.0,0.0,87,4359.0,4361.0,15,4379.0,4370.0,4374.0,4355.0,2167.0,94539180.0,36993
2023-05-10 09:03:51,jd2308,jd2308,4359.0,12.0,523280.0,7.0,2,4360.0,4361.0,5,4379.0,4370.0,4374.0,4355.0,2179.0,95062460.0,37000
2023-05-10 09:03:51,jd2308,jd2308,4361.0,5.0,218050.0,0.0,2,4360.0,4362.0,35,4379.0,4370.0,4374.0,4355.0,2184.0,95280510.0,37000
2023-05-10 09:03:52,jd2308,jd2308,4361.0,0.0,0.0,0.0,3,4360.0,4362.0,32,4379.0,4370.0,4374.0,4355.0,2184.0,95280510.0,37000
2023-05-10 09:03:52,jd2308,jd2308,4361.0,0.0,0.0,0.0,5,4361.0,4362.0,22,4379.0,4370.0,4374.0,4355.0,2184.0,95280510.0,37000
2023-05-10 09:03:53,jd2308,jd2308,4363.0,41.0,1788830.0,-10.0,34,4363.0,4364.0,7,4379.0,4370.0,4374.0,4355.0,2225.0,97069340.0,36990
2023-05-10 09:03:53,jd2308,jd2308,4363.0,12.0,523620.0,-5.0,28,4363.0,4364.0,3,4379.0,4370.0,4374.0,4355.0,2237.0,97592960.0,36985
2023-05-10 09:03:54,jd2308,jd2308,4363.0,6.0,261780.0,3.0,30,4363.0,4364.0,5,4379.0,4370.0,4374.0,4355.0,2243.0,97854740.0,36988
2023-05-10 09:03:54,jd2308,jd2308,4363.0,0.0,0.0,0.0,30,4363.0,4364.0,9,4379.0,4370.0,4374.0,4355.0,2243.0,97854740.0,36988
2023-05-10 09:03:55,jd2308,jd2308,4363.0,22.0,959860.0,-1.0,5,4363.0,4364.0,5,4379.0,4370.0,4374.0,4355.0,2265.0,98814600.0,36987
2023-05-10 09:03:55,jd2308,jd2308,4363.0,5.0,218150.0,0.0,35,4362.0,4363.0,2,4379.0,4370.0,4374.0,4355.0,2270.0,99032750.0,36987
2023-05-10 09:03:56,jd2308,jd2308,4363.0,0.0,0.0,0.0,5,4362.0,4363.0,8,4379.0,4370.0,4374.0,4355.0,2270.0,99032750.0,36987
2023-05-10 09:03:56,jd2308,jd2308,4363.0,0.0,0.0,0.0,10,4362.0,4363.0,7,4379.0,4370.0,4374.0,4355.0,2270.0,99032750.0,36987
2023-05-10 09:03:57,jd2308,jd2308,4362.0,1.0,43620.0,0.0,9,4362.0,4363.0,7,4379.0,4370.0,4374.0,4355.0,2271.0,99076370.0,36987
2023-05-10 09:03:58,jd2308,jd2308,4362.0,0.0,0.0,0.0,10,4362.0,4363.0,7,4379.0,4370.0,4374.0,4355.0,2271.0,99076370.0,36987
2023-05-10 09:03:58,jd2308,jd2308,4363.0,2.0,87250.0,0.0,9,4362.0,4363.0,6,4379.0,4370.0,4374.0,4355.0,2273.0,99163620.0,36987
2023-05-10 09:04:00,jd2308,jd2308,4363.0,0.0,0.0,0.0,9,4362.0,4363.0,11,4379.0,4370.0,4374.0,4355.0,2273.0,99163620.0,36987
2023-05-10 09:04:00,jd2308,jd2308,4363.0,0.0,0.0,0.0,9,4362.0,4363.0,6,4379.0,4370.0,4374.0,4355.0,2273.0,99163620.0,36987
2023-05-10 09:04:01,jd2308,jd2308,4362.0,6.0,261770.0,1.0,8,4362.0,4364.0,28,4379.0,4370.0,4374.0,4355.0,2279.0,99425390.0,36988
2023-05-10 09:04:01,jd2308,jd2308,4362.0,0.0,0.0,0.0,8,4362.0,4363.0,5,4379.0,4370.0,4374.0,4355.0,2279.0,99425390.0,36988
2023-05-10 09:04:02,jd2308,jd2308,4362.0,0.0,0.0,0.0,8,4362.0,4364.0,37,4379.0,4370.0,4374.0,4355.0,2279.0,99425390.0,36988
2023-05-10 09:04:03,jd2308,jd2308,4362.0,0.0,0.0,0.0,8,4362.0,4363.0,5,4379.0,4370.0,4374.0,4355.0,2279.0,99425390.0,36988
2023-05-10 09:04:04,jd2308,jd2308,4363.0,1.0,43630.0,0.0,8,4362.0,4364.0,37,4379.0,4370.0,4374.0,4355.0,2280.0,99469020.0,36988
2023-05-10 09:04:05,jd2308,jd2308,4364.0,5.0,218200.0,-1.0,8,4362.0,4364.0,19,4379.0,4370.0,4374.0,4355.0,2285.0,99687220.0,36987
2023-05-10 09:04:06,jd2308,jd2308,4364.0,0.0,0.0,0.0,8,4363.0,4365.0,68,4379.0,4370.0,4374.0,4355.0,2285.0,99687220.0,36987
2023-05-10 09:04:06,jd2308,jd2308,4364.0,0.0,0.0,0.0,13,4363.0,4365.0,65,4379.0,4370.0,4374.0,4355.0,2285.0,99687220.0,36987
2023-05-10 09:04:06,jd2308,jd2308,4364.0,0.0,0.0,0.0,13,4363.0,4365.0,70,4379.0,4370.0,4374.0,4355.0,2285.0,99687220.0,36987
2023-05-10 09:04:07,jd2308,jd2308,4364.0,0.0,0.0,0.0,13,4363.0,4365.0,75,4379.0,4370.0,4374.0,4355.0,2285.0,99687220.0,36987
2023-05-10 09:04:11,jd2308,jd2308,4363.0,2.0,87260.0,0.0,11,4363.0,4365.0,75,4379.0,4370.0,4374.0,4355.0,2287.0,99774480.0,36987
2023-05-10 09:04:12,jd2308,jd2308,4363.0,0.0,0.0,0.0,21,4363.0,4365.0,75,4379.0,4370.0,4374.0,4355.0,2287.0,99774480.0,36987
2023-05-10 09:04:12,jd2308,jd2308,4364.0,1.0,43640.0,0.0,31,4363.0,4365.0,78,4379.0,4370.0,4374.0,4355.0,2288.0,99818120.0,36987
2023-05-10 09:04:13,jd2308,jd2308,4364.0,0.0,0.0,0.0,31,4363.0,4365.0,73,4379.0,4370.0,4374.0,4355.0,2288.0,99818120.0,36987
2023-05-10 09:04:13,jd2308,jd2308,4363.0,43.0,1876070.0,22.0,11,4362.0,4363.0,20,4379.0,4370.0,4374.0,4355.0,2331.0,101694190.0,37009
2023-05-10 09:04:14,jd2308,jd2308,4363.0,2.0,87260.0,0.0,1,4362.0,4363.0,18,4379.0,4370.0,4374.0,4355.0,2333.0,101781450.0,37009
2023-05-10 09:04:14,jd2308,jd2308,4363.0,0.0,0.0,0.0,6,4362.0,4363.0,18,4379.0,4370.0,4374.0,4355.0,2333.0,101781450.0,37009
2023-05-10 09:04:16,jd2308,jd2308,4362.0,2.0,87240.0,2.0,40,4361.0,4363.0,18,4379.0,4370.0,4374.0,4355.0,2335.0,101868690.0,37011
2023-05-10 09:04:17,jd2308,jd2308,4362.0,5.0,218100.0,5.0,25,4361.0,4362.0,15,4379.0,4370.0,4374.0,4355.0,2340.0,102086790.0,37016
2023-05-10 09:04:17,jd2308,jd2308,4362.0,0.0,0.0,0.0,5,4361.0,4362.0,15,4379.0,4370.0,4374.0,4355.0,2340.0,102086790.0,37016
2023-05-10 09:04:18,jd2308,jd2308,4361.0,16.0,697860.0,6.0,38,4360.0,4361.0,14,4379.0,4370.0,4374.0,4355.0,2356.0,102784650.0,37022
2023-05-10 09:04:18,jd2308,jd2308,4361.0,3.0,130830.0,2.0,3,4360.0,4361.0,11,4379.0,4370.0,4374.0,4355.0,2359.0,102915480.0,37024
2023-05-10 09:04:19,jd2308,jd2308,4361.0,0.0,0.0,0.0,2,4360.0,4361.0,16,4379.0,4370.0,4374.0,4355.0,2359.0,102915480.0,37024
2023-05-10 09:04:19,jd2308,jd2308,4361.0,0.0,0.0,0.0,1,4360.0,4361.0,16,4379.0,4370.0,4374.0,4355.0,2359.0,102915480.0,37024
2023-05-10 09:04:20,jd2308,jd2308,4361.0,0.0,0.0,0.0,1,4360.0,4361.0,46,4379.0,4370.0,4374.0,4355.0,2359.0,102915480.0,37024
2023-05-10 09:04:20,jd2308,jd2308,4361.0,11.0,479710.0,1.0,1,4360.0,4361.0,35,4379.0,4370.0,4374.0,4355.0,2370.0,103395190.0,37025
2023-05-10 09:04:22,jd2308,jd2308,4361.0,11.0,479710.0,-1.0,1,4360.0,4361.0,15,4379.0,4370.0,4374.0,4355.0,2381.0,103874900.0,37024
2023-05-10 09:04:22,jd2308,jd2308,4361.0,0.0,0.0,0.0,7,4360.0,4361.0,10,4379.0,4370.0,4374.0,4355.0,2381.0,103874900.0,37024
2023-05-10 09:04:23,jd2308,jd2308,4362.0,43.0,1875560.0,10.0,7,4360.0,4362.0,10,4379.0,4370.0,4374.0,4355.0,2424.0,105750460.0,37034
2023-05-10 09:04:24,jd2308,jd2308,4362.0,0.0,0.0,0.0,1,4361.0,4363.0,13,4379.0,4370.0,4374.0,4355.0,2424.0,105750460.0,37034
2023-05-10 09:04:24,jd2308,jd2308,4361.0,1.0,43610.0,1.0,34,4360.0,4363.0,18,4379.0,4370.0,4374.0,4355.0,2425.0,105794070.0,37035
2023-05-10 09:04:25,jd2308,jd2308,4361.0,0.0,0.0,0.0,44,4360.0,4363.0,25,4379.0,4370.0,4374.0,4355.0,2425.0,105794070.0,37035
2023-05-10 09:04:25,jd2308,jd2308,4362.0,6.0,261720.0,1.0,49,4360.0,4362.0,4,4379.0,4370.0,4374.0,4355.0,2431.0,106055790.0,37036
2023-05-10 09:04:26,jd2308,jd2308,4362.0,0.0,0.0,0.0,2,4361.0,4362.0,1,4379.0,4370.0,4374.0,4355.0,2431.0,106055790.0,37036
2023-05-10 09:04:26,jd2308,jd2308,4362.0,0.0,0.0,0.0,2,4361.0,4363.0,40,4379.0,4370.0,4374.0,4355.0,2431.0,106055790.0,37036
2023-05-10 09:04:27,jd2308,jd2308,4361.0,2.0,87220.0,2.0,39,4360.0,4361.0,70,4379.0,4370.0,4374.0,4355.0,2433.0,106143010.0,37038
2023-05-10 09:04:28,jd2308,jd2308,4361.0,2.0,87220.0,2.0,13,4360.0,4361.0,78,4379.0,4370.0,4374.0,4355.0,2435.0,106230230.0,37040
2023-05-10 09:04:28,jd2308,jd2308,4360.0,15.0,654100.0,8.0,8,4360.0,4361.0,63,4379.0,4370.0,4374.0,4355.0,2450.0,106884330.0,37048
2023-05-10 09:04:29,jd2308,jd2308,4361.0,6.0,261660.0,6.0,8,4360.0,4361.0,57,4379.0,4370.0,4374.0,4355.0,2456.0,107145990.0,37054
2023-05-10 09:04:29,jd2308,jd2308,4361.0,0.0,0.0,0.0,8,4360.0,4361.0,62,4379.0,4370.0,4374.0,4355.0,2456.0,107145990.0,37054
2023-05-10 09:04:30,jd2308,jd2308,4361.0,0.0,0.0,0.0,10,4360.0,4361.0,62,4379.0,4370.0,4374.0,4355.0,2456.0,107145990.0,37054
2023-05-10 09:04:31,jd2308,jd2308,4360.0,5.0,218000.0,2.0,6,4360.0,4361.0,62,4379.0,4370.0,4374.0,4355.0,2461.0,107363990.0,37056
2023-05-10 09:04:32,jd2308,jd2308,4361.0,11.0,479710.0,4.0,6,4360.0,4361.0,46,4379.0,4370.0,4374.0,4355.0,2472.0,107843700.0,37060
2023-05-10 09:04:32,jd2308,jd2308,4361.0,0.0,0.0,0.0,5,4360.0,4361.0,46,4379.0,4370.0,4374.0,4355.0,2472.0,107843700.0,37060
2023-05-10 09:04:33,jd2308,jd2308,4361.0,0.0,0.0,0.0,5,4360.0,4361.0,51,4379.0,4370.0,4374.0,4355.0,2472.0,107843700.0,37060
2023-05-10 09:04:34,jd2308,jd2308,4361.0,11.0,479710.0,0.0,7,4360.0,4361.0,40,4379.0,4370.0,4374.0,4355.0,2483.0,108323410.0,37060
2023-05-10 09:04:34,jd2308,jd2308,4361.0,1.0,43610.0,1.0,7,4360.0,4361.0,39,4379.0,4370.0,4374.0,4355.0,2484.0,108367020.0,37061
2023-05-10 09:04:35,jd2308,jd2308,4362.0,40.0,1744440.0,-9.0,1,4362.0,4363.0,20,4379.0,4370.0,4374.0,4355.0,2524.0,110111460.0,37052
2023-05-10 09:04:35,jd2308,jd2308,4361.0,2.0,87230.0,0.0,10,4362.0,4363.0,5,4379.0,4370.0,4374.0,4355.0,2526.0,110198690.0,37052
2023-05-10 09:04:37,jd2308,jd2308,4364.0,20.0,872750.0,-5.0,17,4362.0,4364.0,20,4379.0,4370.0,4374.0,4355.0,2546.0,111071440.0,37047
2023-05-10 09:04:38,jd2308,jd2308,4364.0,0.0,0.0,0.0,18,4362.0,4364.0,25,4379.0,4370.0,4374.0,4355.0,2546.0,111071440.0,37047
2023-05-10 09:04:38,jd2308,jd2308,4364.0,0.0,0.0,0.0,18,4362.0,4363.0,2,4379.0,4370.0,4374.0,4355.0,2546.0,111071440.0,37047
2023-05-10 09:04:41,jd2308,jd2308,4364.0,0.0,0.0,0.0,18,4362.0,4363.0,4,4379.0,4370.0,4374.0,4355.0,2546.0,111071440.0,37047
2023-05-10 09:04:41,jd2308,jd2308,4364.0,0.0,0.0,0.0,26,4362.0,4363.0,4,4379.0,4370.0,4374.0,4355.0,2546.0,111071440.0,37047
2023-05-10 09:04:41,jd2308,jd2308,4364.0,0.0,0.0,0.0,31,4362.0,4363.0,4,4379.0,4370.0,4374.0,4355.0,2546.0,111071440.0,37047
2023-05-10 09:04:43,jd2308,jd2308,4361.0,41.0,1788320.0,11.0,19,4360.0,4362.0,69,4379.0,4370.0,4374.0,4355.0,2587.0,112859760.0,37058
2023-05-10 09:04:44,jd2308,jd2308,4361.0,0.0,0.0,0.0,9,4360.0,4361.0,2,4379.0,4370.0,4374.0,4355.0,2587.0,112859760.0,37058
2023-05-10 09:04:44,jd2308,jd2308,4361.0,0.0,0.0,0.0,4,4360.0,4361.0,2,4379.0,4370.0,4374.0,4355.0,2587.0,112859760.0,37058
2023-05-10 09:04:45,jd2308,jd2308,4362.0,11.0,479800.0,9.0,4,4360.0,4362.0,95,4379.0,4370.0,4374.0,4355.0,2598.0,113339560.0,37067
2023-05-10 09:04:45,jd2308,jd2308,4362.0,0.0,0.0,0.0,4,4360.0,4361.0,5,4379.0,4370.0,4374.0,4355.0,2598.0,113339560.0,37067
2023-05-10 09:04:46,jd2308,jd2308,4361.0,1.0,43610.0,-1.0,4,4360.0,4362.0,100,4379.0,4370.0,4374.0,4355.0,2599.0,113383170.0,37066
2023-05-10 09:04:46,jd2308,jd2308,4362.0,10.0,436200.0,0.0,4,4360.0,4362.0,90,4379.0,4370.0,4374.0,4355.0,2609.0,113819370.0,37066
2023-05-10 09:04:47,jd2308,jd2308,4362.0,1.0,43620.0,0.0,8,4360.0,4362.0,89,4379.0,4370.0,4374.0,4355.0,2610.0,113862990.0,37066
2023-05-10 09:04:47,jd2308,jd2308,4362.0,1.0,43620.0,0.0,8,4360.0,4362.0,88,4379.0,4370.0,4374.0,4355.0,2611.0,113906610.0,37066
2023-05-10 09:04:47,jd2308,jd2308,4362.0,2.0,87220.0,1.0,7,4360.0,4362.0,87,4379.0,4370.0,4374.0,4355.0,2613.0,113993830.0,37067
2023-05-10 09:04:48,jd2308,jd2308,4362.0,7.0,305340.0,0.0,7,4360.0,4362.0,80,4379.0,4370.0,4374.0,4355.0,2620.0,114299170.0,37067
2023-05-10 09:04:49,jd2308,jd2308,4360.0,31.0,1352200.0,31.0,8,4360.0,4362.0,50,4379.0,4370.0,4374.0,4355.0,2651.0,115651370.0,37098
2023-05-10 09:04:49,jd2308,jd2308,4361.0,1.0,43610.0,-1.0,8,4360.0,4362.0,55,4379.0,4370.0,4374.0,4355.0,2652.0,115694980.0,37097
2023-05-10 09:04:50,jd2308,jd2308,4362.0,1.0,43620.0,0.0,8,4360.0,4362.0,54,4379.0,4370.0,4374.0,4355.0,2653.0,115738600.0,37097
2023-05-10 09:04:50,jd2308,jd2308,4362.0,1.0,43620.0,0.0,8,4360.0,4362.0,53,4379.0,4370.0,4374.0,4355.0,2654.0,115782220.0,37097
2023-05-10 09:04:51,jd2308,jd2308,4362.0,1.0,43620.0,0.0,8,4360.0,4362.0,52,4379.0,4370.0,4374.0,4355.0,2655.0,115825840.0,37097
2023-05-10 09:04:51,jd2308,jd2308,4362.0,1.0,43620.0,0.0,13,4360.0,4362.0,51,4379.0,4370.0,4374.0,4355.0,2656.0,115869460.0,37097
2023-05-10 09:04:52,jd2308,jd2308,4362.0,2.0,87240.0,0.0,22,4360.0,4362.0,49,4379.0,4370.0,4374.0,4355.0,2658.0,115956700.0,37097
2023-05-10 09:04:52,jd2308,jd2308,4360.0,3.0,130820.0,2.0,35,4360.0,4362.0,48,4379.0,4370.0,4374.0,4355.0,2661.0,116087520.0,37099
2023-05-10 09:04:53,jd2308,jd2308,4363.0,52.0,2268280.0,-15.0,30,4362.0,4365.0,49,4379.0,4370.0,4374.0,4355.0,2713.0,118355800.0,37084
2023-05-10 09:04:53,jd2308,jd2308,4363.0,0.0,0.0,0.0,40,4362.0,4364.0,1,4379.0,4370.0,4374.0,4355.0,2713.0,118355800.0,37084
2023-05-10 09:04:54,jd2308,jd2308,4363.0,0.0,0.0,0.0,5,4363.0,4364.0,1,4379.0,4370.0,4374.0,4355.0,2713.0,118355800.0,37084
2023-05-10 09:04:55,jd2308,jd2308,4363.0,0.0,0.0,0.0,5,4363.0,4365.0,89,4379.0,4370.0,4374.0,4355.0,2713.0,118355800.0,37084
2023-05-10 09:04:55,jd2308,jd2308,4363.0,0.0,0.0,0.0,5,4363.0,4365.0,80,4379.0,4370.0,4374.0,4355.0,2713.0,118355800.0,37084
2023-05-10 09:04:56,jd2308,jd2308,4363.0,1.0,43630.0,1.0,5,4363.0,4365.0,89,4379.0,4370.0,4374.0,4355.0,2714.0,118399430.0,37085
2023-05-10 09:04:57,jd2308,jd2308,4363.0,5.0,218150.0,5.0,45,4362.0,4363.0,100,4379.0,4370.0,4374.0,4355.0,2719.0,118617580.0,37090
2023-05-10 09:04:57,jd2308,jd2308,4363.0,2.0,87260.0,2.0,30,4362.0,4363.0,108,4379.0,4370.0,4374.0,4355.0,2721.0,118704840.0,37092
2023-05-10 09:04:58,jd2308,jd2308,4363.0,0.0,0.0,0.0,31,4362.0,4363.0,108,4379.0,4370.0,4374.0,4355.0,2721.0,118704840.0,37092
2023-05-10 09:04:58,jd2308,jd2308,4363.0,0.0,0.0,0.0,31,4362.0,4363.0,111,4379.0,4370.0,4374.0,4355.0,2721.0,118704840.0,37092
2023-05-10 09:04:59,jd2308,jd2308,4363.0,1.0,43630.0,0.0,41,4362.0,4363.0,110,4379.0,4370.0,4374.0,4355.0,2722.0,118748470.0,37092
2023-05-10 09:04:59,jd2308,jd2308,4363.0,1.0,43630.0,0.0,41,4362.0,4363.0,109,4379.0,4370.0,4374.0,4355.0,2723.0,118792100.0,37092
2023-05-10 09:05:00,jd2308,jd2308,4362.0,3.0,130860.0,-2.0,41,4362.0,4363.0,104,4379.0,4370.0,4374.0,4355.0,2726.0,118922960.0,37090
2023-05-10 09:05:01,jd2308,jd2308,4362.0,0.0,0.0,0.0,41,4362.0,4363.0,101,4379.0,4370.0,4374.0,4355.0,2726.0,118922960.0,37090
2023-05-10 09:05:02,jd2308,jd2308,4362.0,1.0,43620.0,0.0,41,4362.0,4363.0,101,4379.0,4370.0,4374.0,4355.0,2727.0,118966580.0,37090
2023-05-10 09:05:02,jd2308,jd2308,4362.0,4.0,174490.0,3.0,34,4362.0,4363.0,105,4379.0,4370.0,4374.0,4355.0,2731.0,119141070.0,37093
2023-05-10 09:05:03,jd2308,jd2308,4362.0,0.0,0.0,0.0,36,4362.0,4363.0,105,4379.0,4370.0,4374.0,4355.0,2731.0,119141070.0,37093
2023-05-10 09:05:04,jd2308,jd2308,4363.0,1.0,43630.0,1.0,36,4362.0,4363.0,104,4379.0,4370.0,4374.0,4355.0,2732.0,119184700.0,37094
2023-05-10 09:05:05,jd2308,jd2308,4363.0,0.0,0.0,0.0,41,4362.0,4363.0,100,4379.0,4370.0,4374.0,4355.0,2732.0,119184700.0,37094
2023-05-10 09:05:05,jd2308,jd2308,4363.0,0.0,0.0,0.0,36,4362.0,4363.0,105,4379.0,4370.0,4374.0,4355.0,2732.0,119184700.0,37094
2023-05-10 09:05:06,jd2308,jd2308,4363.0,5.0,218150.0,5.0,36,4362.0,4363.0,100,4379.0,4370.0,4374.0,4355.0,2737.0,119402850.0,37099
2023-05-10 09:05:06,jd2308,jd2308,4363.0,0.0,0.0,0.0,36,4362.0,4363.0,105,4379.0,4370.0,4374.0,4355.0,2737.0,119402850.0,37099
2023-05-10 09:05:07,jd2308,jd2308,4363.0,0.0,0.0,0.0,41,4362.0,4363.0,100,4379.0,4370.0,4374.0,4355.0,2737.0,119402850.0,37099
2023-05-10 09:05:07,jd2308,jd2308,4363.0,0.0,0.0,0.0,36,4362.0,4363.0,105,4379.0,4370.0,4374.0,4355.0,2737.0,119402850.0,37099
2023-05-10 09:05:08,jd2308,jd2308,4363.0,51.0,2225130.0,1.0,36,4362.0,4363.0,54,4379.0,4370.0,4374.0,4355.0,2788.0,121627980.0,37100
2023-05-10 09:05:08,jd2308,jd2308,4362.0,3.0,130880.0,2.0,58,4362.0,4363.0,42,4379.0,4370.0,4374.0,4355.0,2791.0,121758860.0,37102
2023-05-10 09:05:09,jd2308,jd2308,4362.0,0.0,0.0,0.0,59,4362.0,4363.0,42,4379.0,4370.0,4374.0,4355.0,2791.0,121758860.0,37102
2023-05-10 09:05:10,jd2308,jd2308,4362.0,0.0,0.0,0.0,60,4362.0,4363.0,42,4379.0,4370.0,4374.0,4355.0,2791.0,121758860.0,37102
2023-05-10 09:05:11,jd2308,jd2308,4362.0,0.0,0.0,0.0,50,4362.0,4363.0,47,4379.0,4370.0,4374.0,4355.0,2791.0,121758860.0,37102
2023-05-10 09:05:11,jd2308,jd2308,4363.0,1.0,43630.0,0.0,60,4362.0,4363.0,41,4379.0,4370.0,4374.0,4355.0,2792.0,121802490.0,37102
2023-05-10 09:05:12,jd2308,jd2308,4362.0,1.0,43620.0,1.0,59,4362.0,4363.0,41,4379.0,4370.0,4374.0,4355.0,2793.0,121846110.0,37103
2023-05-10 09:05:14,jd2308,jd2308,4362.0,0.0,0.0,0.0,54,4362.0,4363.0,46,4379.0,4370.0,4374.0,4355.0,2793.0,121846110.0,37103
2023-05-10 09:05:15,jd2308,jd2308,4363.0,41.0,1788830.0,-1.0,69,4363.0,4364.0,36,4379.0,4370.0,4374.0,4355.0,2834.0,123634940.0,37102
2023-05-10 09:05:15,jd2308,jd2308,4365.0,78.0,3404340.0,56.0,10,4365.0,4366.0,6,4379.0,4370.0,4374.0,4355.0,2912.0,127039280.0,37158
2023-05-10 09:05:16,jd2308,jd2308,4367.0,13.0,567630.0,4.0,31,4366.0,4367.0,18,4379.0,4370.0,4374.0,4355.0,2925.0,127606910.0,37162
2023-05-10 09:05:16,jd2308,jd2308,4367.0,1.0,43670.0,0.0,37,4366.0,4367.0,17,4379.0,4370.0,4374.0,4355.0,2926.0,127650580.0,37162
2023-05-10 09:05:17,jd2308,jd2308,4367.0,0.0,0.0,0.0,37,4366.0,4367.0,22,4379.0,4370.0,4374.0,4355.0,2926.0,127650580.0,37162
2023-05-10 09:05:17,jd2308,jd2308,4367.0,0.0,0.0,0.0,42,4366.0,4367.0,22,4379.0,4370.0,4374.0,4355.0,2926.0,127650580.0,37162
2023-05-10 09:05:19,jd2308,jd2308,4367.0,6.0,262020.0,0.0,42,4366.0,4367.0,16,4379.0,4370.0,4374.0,4355.0,2932.0,127912600.0,37162
2023-05-10 09:05:19,jd2308,jd2308,4367.0,4.0,174680.0,3.0,37,4366.0,4367.0,8,4379.0,4370.0,4374.0,4355.0,2936.0,128087280.0,37165
2023-05-10 09:05:20,jd2308,jd2308,4367.0,0.0,0.0,0.0,42,4366.0,4367.0,3,4379.0,4370.0,4374.0,4355.0,2936.0,128087280.0,37165
2023-05-10 09:05:20,jd2308,jd2308,4367.0,0.0,0.0,0.0,49,4366.0,4367.0,3,4379.0,4370.0,4374.0,4355.0,2936.0,128087280.0,37165
2023-05-10 09:05:21,jd2308,jd2308,4367.0,0.0,0.0,0.0,54,4366.0,4367.0,3,4379.0,4370.0,4374.0,4355.0,2936.0,128087280.0,37165
2023-05-10 09:05:21,jd2308,jd2308,4366.0,4.0,174640.0,4.0,50,4366.0,4367.0,3,4379.0,4370.0,4374.0,4355.0,2940.0,128261920.0,37169
2023-05-10 09:05:22,jd2308,jd2308,4367.0,1.0,43670.0,1.0,50,4366.0,4367.0,4,4379.0,4370.0,4374.0,4355.0,2941.0,128305590.0,37170
2023-05-10 09:05:23,jd2308,jd2308,4366.0,19.0,829640.0,18.0,41,4366.0,4368.0,36,4379.0,4370.0,4374.0,4355.0,2960.0,129135230.0,37188
2023-05-10 09:05:24,jd2308,jd2308,4366.0,1.0,43660.0,0.0,3,4367.0,4368.0,11,4379.0,4370.0,4374.0,4355.0,2961.0,129178890.0,37188
2023-05-10 09:05:24,jd2308,jd2308,4366.0,0.0,0.0,0.0,9,4367.0,4368.0,1,4379.0,4370.0,4374.0,4355.0,2961.0,129178890.0,37188
2023-05-10 09:05:25,jd2308,jd2308,4366.0,0.0,0.0,0.0,22,4367.0,4368.0,1,4379.0,4370.0,4374.0,4355.0,2961.0,129178890.0,37188
2023-05-10 09:05:25,jd2308,jd2308,4366.0,0.0,0.0,0.0,32,4367.0,4368.0,1,4379.0,4370.0,4374.0,4355.0,2961.0,129178890.0,37188
2023-05-10 09:05:26,jd2308,jd2308,4366.0,40.0,1746780.0,23.0,74,4366.0,4367.0,62,4379.0,4370.0,4374.0,4355.0,3001.0,130925670.0,37211
2023-05-10 09:05:26,jd2308,jd2308,4367.0,13.0,567710.0,0.0,70,4366.0,4367.0,59,4379.0,4370.0,4374.0,4355.0,3014.0,131493380.0,37211
2023-05-10 09:05:27,jd2308,jd2308,4367.0,3.0,131010.0,1.0,89,4366.0,4367.0,56,4379.0,4370.0,4374.0,4355.0,3017.0,131624390.0,37212
2023-05-10 09:05:27,jd2308,jd2308,4366.0,8.0,349280.0,8.0,81,4366.0,4367.0,56,4379.0,4370.0,4374.0,4355.0,3025.0,131973670.0,37220
2023-05-10 09:05:27,jd2308,jd2308,4366.0,0.0,0.0,0.0,81,4366.0,4367.0,61,4379.0,4370.0,4374.0,4355.0,3025.0,131973670.0,37220
2023-05-10 09:05:28,jd2308,jd2308,4367.0,3.0,131010.0,2.0,81,4366.0,4367.0,58,4379.0,4370.0,4374.0,4355.0,3028.0,132104680.0,37222
2023-05-10 09:05:29,jd2308,jd2308,4367.0,1.0,43670.0,0.0,73,4366.0,4367.0,62,4379.0,4370.0,4374.0,4355.0,3029.0,132148350.0,37222
2023-05-10 09:05:30,jd2308,jd2308,4367.0,0.0,0.0,0.0,81,4366.0,4367.0,57,4379.0,4370.0,4374.0,4355.0,3029.0,132148350.0,37222
2023-05-10 09:05:31,jd2308,jd2308,4367.0,0.0,0.0,0.0,76,4366.0,4367.0,62,4379.0,4370.0,4374.0,4355.0,3029.0,132148350.0,37222
2023-05-10 09:05:32,jd2308,jd2308,4367.0,0.0,0.0,0.0,81,4366.0,4367.0,57,4379.0,4370.0,4374.0,4355.0,3029.0,132148350.0,37222
2023-05-10 09:05:33,jd2308,jd2308,4367.0,12.0,524040.0,0.0,66,4366.0,4367.0,50,4379.0,4370.0,4374.0,4355.0,3041.0,132672390.0,37222
2023-05-10 09:05:33,jd2308,jd2308,4367.0,0.0,0.0,0.0,71,4366.0,4367.0,45,4379.0,4370.0,4374.0,4355.0,3041.0,132672390.0,37222
2023-05-10 09:05:34,jd2308,jd2308,4367.0,0.0,0.0,0.0,66,4366.0,4367.0,50,4379.0,4370.0,4374.0,4355.0,3041.0,132672390.0,37222
2023-05-10 09:05:34,jd2308,jd2308,4367.0,0.0,0.0,0.0,71,4366.0,4367.0,45,4379.0,4370.0,4374.0,4355.0,3041.0,132672390.0,37222
2023-05-10 09:05:36,jd2308,jd2308,4367.0,5.0,218350.0,5.0,75,4366.0,4367.0,45,4379.0,4370.0,4374.0,4355.0,3046.0,132890740.0,37227
2023-05-10 09:05:36,jd2308,jd2308,4367.0,0.0,0.0,0.0,80,4366.0,4367.0,40,4379.0,4370.0,4374.0,4355.0,3046.0,132890740.0,37227
2023-05-10 09:05:37,jd2308,jd2308,4367.0,0.0,0.0,0.0,75,4366.0,4367.0,45,4379.0,4370.0,4374.0,4355.0,3046.0,132890740.0,37227
2023-05-10 09:05:38,jd2308,jd2308,4367.0,12.0,524040.0,11.0,76,4366.0,4367.0,28,4379.0,4370.0,4374.0,4355.0,3058.0,133414780.0,37238
2023-05-10 09:05:38,jd2308,jd2308,4367.0,3.0,131010.0,0.0,79,4366.0,4367.0,15,4379.0,4370.0,4374.0,4355.0,3061.0,133545790.0,37238
2023-05-10 09:05:39,jd2308,jd2308,4366.0,6.0,262010.0,6.0,78,4366.0,4367.0,10,4379.0,4370.0,4374.0,4355.0,3067.0,133807800.0,37244
2023-05-10 09:05:39,jd2308,jd2308,4367.0,10.0,436700.0,5.0,78,4366.0,4368.0,41,4379.0,4370.0,4374.0,4355.0,3077.0,134244500.0,37249
2023-05-10 09:05:40,jd2308,jd2308,4368.0,7.0,305760.0,4.0,102,4366.0,4369.0,30,4379.0,4370.0,4374.0,4355.0,3084.0,134550260.0,37253
2023-05-10 09:05:40,jd2308,jd2308,4368.0,0.0,0.0,0.0,19,4367.0,4369.0,30,4379.0,4370.0,4374.0,4355.0,3084.0,134550260.0,37253
2023-05-10 09:05:41,jd2308,jd2308,4368.0,0.0,0.0,0.0,30,4367.0,4369.0,40,4379.0,4370.0,4374.0,4355.0,3084.0,134550260.0,37253
2023-05-10 09:05:41,jd2308,jd2308,4368.0,0.0,0.0,0.0,50,4367.0,4369.0,35,4379.0,4370.0,4374.0,4355.0,3084.0,134550260.0,37253
2023-05-10 09:05:42,jd2308,jd2308,4368.0,0.0,0.0,0.0,60,4367.0,4369.0,10,4379.0,4370.0,4374.0,4355.0,3084.0,134550260.0,37253
2023-05-10 09:05:42,jd2308,jd2308,4370.0,21.0,917690.0,0.0,12,4368.0,4370.0,22,4379.0,4370.0,4374.0,4355.0,3105.0,135467950.0,37253
2023-05-10 09:05:43,jd2308,jd2308,4370.0,0.0,0.0,0.0,34,4368.0,4370.0,10,4379.0,4370.0,4374.0,4355.0,3105.0,135467950.0,37253
2023-05-10 09:05:43,jd2308,jd2308,4368.0,1.0,43680.0,-1.0,40,4369.0,4370.0,11,4379.0,4370.0,4374.0,4355.0,3106.0,135511630.0,37252
2023-05-10 09:05:44,jd2308,jd2308,4368.0,0.0,0.0,0.0,55,4369.0,4370.0,11,4379.0,4370.0,4374.0,4355.0,3106.0,135511630.0,37252
2023-05-10 09:05:44,jd2308,jd2308,4368.0,0.0,0.0,0.0,65,4369.0,4370.0,1,4379.0,4370.0,4374.0,4355.0,3106.0,135511630.0,37252
2023-05-10 09:05:47,jd2308,jd2308,4370.0,1.0,43700.0,0.0,77,4369.0,4371.0,39,4379.0,4370.0,4374.0,4355.0,3107.0,135555330.0,37252
2023-05-10 09:05:48,jd2308,jd2308,4369.0,1.0,43690.0,0.0,84,4369.0,4371.0,24,4379.0,4370.0,4374.0,4355.0,3108.0,135599020.0,37252
2023-05-10 09:05:48,jd2308,jd2308,4369.0,0.0,0.0,0.0,89,4369.0,4371.0,10,4379.0,4370.0,4374.0,4355.0,3108.0,135599020.0,37252
2023-05-10 09:05:49,jd2308,jd2308,4369.0,0.0,0.0,0.0,41,4370.0,4372.0,53,4379.0,4370.0,4374.0,4355.0,3108.0,135599020.0,37252
2023-05-10 09:05:49,jd2308,jd2308,4370.0,41.0,1791700.0,-36.0,7,4370.0,4371.0,14,4379.0,4370.0,4374.0,4355.0,3149.0,137390720.0,37216
2023-05-10 09:05:50,jd2308,jd2308,4370.0,12.0,524400.0,-6.0,45,4369.0,4370.0,5,4379.0,4370.0,4374.0,4355.0,3161.0,137915120.0,37210
2023-05-10 09:05:50,jd2308,jd2308,4370.0,0.0,0.0,0.0,10,4369.0,4370.0,10,4379.0,4370.0,4374.0,4355.0,3161.0,137915120.0,37210
2023-05-10 09:05:51,jd2308,jd2308,4370.0,0.0,0.0,0.0,24,4369.0,4370.0,10,4379.0,4370.0,4374.0,4355.0,3161.0,137915120.0,37210
2023-05-10 09:05:51,jd2308,jd2308,4370.0,5.0,218500.0,0.0,10,4369.0,4370.0,5,4379.0,4370.0,4374.0,4355.0,3166.0,138133620.0,37210
2023-05-10 09:05:52,jd2308,jd2308,4370.0,0.0,0.0,0.0,15,4369.0,4370.0,5,4379.0,4370.0,4374.0,4355.0,3166.0,138133620.0,37210
2023-05-10 09:05:54,jd2308,jd2308,4370.0,1.0,43700.0,1.0,29,4369.0,4371.0,52,4379.0,4370.0,4374.0,4355.0,3167.0,138177320.0,37211
2023-05-10 09:05:54,jd2308,jd2308,4370.0,0.0,0.0,0.0,39,4369.0,4371.0,52,4379.0,4370.0,4374.0,4355.0,3167.0,138177320.0,37211
2023-05-10 09:05:56,jd2308,jd2308,4370.0,0.0,0.0,0.0,42,4369.0,4371.0,49,4379.0,4370.0,4374.0,4355.0,3167.0,138177320.0,37211
2023-05-10 09:05:56,jd2308,jd2308,4370.0,0.0,0.0,0.0,37,4369.0,4371.0,54,4379.0,4370.0,4374.0,4355.0,3167.0,138177320.0,37211
2023-05-10 09:05:57,jd2308,jd2308,4371.0,5.0,218550.0,-3.0,37,4369.0,4371.0,50,4379.0,4370.0,4374.0,4355.0,3172.0,138395870.0,37208
2023-05-10 09:05:57,jd2308,jd2308,4371.0,28.0,1223880.0,-13.0,11,4371.0,4372.0,13,4379.0,4370.0,4374.0,4355.0,3200.0,139619750.0,37195
2023-05-10 09:05:58,jd2308,jd2308,4371.0,3.0,131130.0,-1.0,5,4371.0,4372.0,11,4379.0,4370.0,4374.0,4355.0,3203.0,139750880.0,37194
2023-05-10 09:05:58,jd2308,jd2308,4371.0,5.0,218550.0,2.0,20,4370.0,4371.0,5,4379.0,4370.0,4374.0,4355.0,3208.0,139969430.0,37196
2023-05-10 09:05:59,jd2308,jd2308,4371.0,0.0,0.0,0.0,12,4370.0,4371.0,5,4379.0,4370.0,4374.0,4355.0,3208.0,139969430.0,37196
2023-05-10 09:05:59,jd2308,jd2308,4371.0,1.0,43710.0,-1.0,27,4370.0,4371.0,4,4379.0,4370.0,4374.0,4355.0,3209.0,140013140.0,37195
2023-05-10 09:06:00,jd2308,jd2308,4370.0,2.0,87410.0,0.0,22,4370.0,4372.0,46,4379.0,4370.0,4374.0,4355.0,3211.0,140100550.0,37195
2023-05-10 09:06:00,jd2308,jd2308,4370.0,0.0,0.0,0.0,27,4370.0,4372.0,51,4379.0,4370.0,4374.0,4355.0,3211.0,140100550.0,37195
2023-05-10 09:06:01,jd2308,jd2308,4372.0,5.0,218600.0,-1.0,32,4370.0,4372.0,49,4379.0,4370.0,4374.0,4355.0,3216.0,140319150.0,37194
2023-05-10 09:06:02,jd2308,jd2308,4372.0,0.0,0.0,0.0,10,4371.0,4372.0,39,4379.0,4370.0,4374.0,4355.0,3216.0,140319150.0,37194
2023-05-10 09:06:02,jd2308,jd2308,4372.0,0.0,0.0,0.0,10,4371.0,4372.0,19,4379.0,4370.0,4374.0,4355.0,3216.0,140319150.0,37194
2023-05-10 09:06:03,jd2308,jd2308,4372.0,0.0,0.0,0.0,20,4371.0,4372.0,8,4379.0,4370.0,4374.0,4355.0,3216.0,140319150.0,37194
2023-05-10 09:06:03,jd2308,jd2308,4372.0,0.0,0.0,0.0,25,4371.0,4372.0,3,4379.0,4370.0,4374.0,4355.0,3216.0,140319150.0,37194
2023-05-10 09:06:04,jd2308,jd2308,4372.0,0.0,0.0,0.0,30,4371.0,4372.0,3,4379.0,4370.0,4374.0,4355.0,3216.0,140319150.0,37194
2023-05-10 09:06:04,jd2308,jd2308,4371.0,3.0,131130.0,0.0,22,4371.0,4372.0,3,4379.0,4370.0,4374.0,4355.0,3219.0,140450280.0,37194
2023-05-10 09:06:04,jd2308,jd2308,4371.0,0.0,0.0,0.0,17,4371.0,4372.0,3,4379.0,4370.0,4374.0,4355.0,3219.0,140450280.0,37194
2023-05-10 09:06:05,jd2308,jd2308,4372.0,2.0,87440.0,0.0,17,4371.0,4372.0,1,4379.0,4370.0,4374.0,4355.0,3221.0,140537720.0,37194
2023-05-10 09:06:09,jd2308,jd2308,4372.0,0.0,0.0,0.0,17,4371.0,4372.0,2,4379.0,4370.0,4374.0,4355.0,3221.0,140537720.0,37194
2023-05-10 09:06:10,jd2308,jd2308,4371.0,17.0,743070.0,0.0,35,4370.0,4372.0,5,4379.0,4370.0,4374.0,4355.0,3238.0,141280790.0,37194
2023-05-10 09:06:10,jd2308,jd2308,4371.0,0.0,0.0,0.0,25,4370.0,4371.0,8,4379.0,4370.0,4374.0,4355.0,3238.0,141280790.0,37194
2023-05-10 09:06:11,jd2308,jd2308,4371.0,1.0,43710.0,1.0,74,4369.0,4371.0,8,4379.0,4370.0,4374.0,4355.0,3239.0,141324500.0,37195
2023-05-10 09:06:11,jd2308,jd2308,4371.0,0.0,0.0,0.0,59,4369.0,4370.0,1,4379.0,4370.0,4374.0,4355.0,3239.0,141324500.0,37195
2023-05-10 09:06:12,jd2308,jd2308,4371.0,0.0,0.0,0.0,49,4369.0,4370.0,6,4379.0,4370.0,4374.0,4355.0,3239.0,141324500.0,37195
2023-05-10 09:06:13,jd2308,jd2308,4371.0,0.0,0.0,0.0,40,4369.0,4370.0,1,4379.0,4370.0,4374.0,4355.0,3239.0,141324500.0,37195
2023-05-10 09:06:13,jd2308,jd2308,4371.0,0.0,0.0,0.0,45,4369.0,4370.0,1,4379.0,4370.0,4374.0,4355.0,3239.0,141324500.0,37195
2023-05-10 09:06:15,jd2308,jd2308,4370.0,2.0,87400.0,0.0,5,4370.0,4371.0,31,4379.0,4370.0,4374.0,4355.0,3241.0,141411900.0,37195
2023-05-10 09:06:16,jd2308,jd2308,4370.0,0.0,0.0,0.0,5,4370.0,4371.0,16,4379.0,4370.0,4374.0,4355.0,3241.0,141411900.0,37195
2023-05-10 09:06:16,jd2308,jd2308,4370.0,5.0,218500.0,-1.0,45,4369.0,4370.0,5,4379.0,4370.0,4374.0,4355.0,3246.0,141630400.0,37194
2023-05-10 09:06:17,jd2308,jd2308,4370.0,0.0,0.0,0.0,25,4369.0,4370.0,5,4379.0,4370.0,4374.0,4355.0,3246.0,141630400.0,37194
2023-05-10 09:06:17,jd2308,jd2308,4370.0,5.0,218500.0,-5.0,10,4370.0,4371.0,27,4379.0,4370.0,4374.0,4355.0,3251.0,141848900.0,37189
2023-05-10 09:06:18,jd2308,jd2308,4370.0,0.0,0.0,0.0,11,4370.0,4371.0,12,4379.0,4370.0,4374.0,4355.0,3251.0,141848900.0,37189
2023-05-10 09:06:18,jd2308,jd2308,4370.0,0.0,0.0,0.0,11,4370.0,4371.0,13,4379.0,4370.0,4374.0,4355.0,3251.0,141848900.0,37189
2023-05-10 09:06:20,jd2308,jd2308,4370.0,0.0,0.0,0.0,26,4370.0,4371.0,13,4379.0,4370.0,4374.0,4355.0,3251.0,141848900.0,37189
2023-05-10 09:06:22,jd2308,jd2308,4370.0,0.0,0.0,0.0,26,4370.0,4371.0,17,4379.0,4370.0,4374.0,4355.0,3251.0,141848900.0,37189
2023-05-10 09:06:22,jd2308,jd2308,4370.0,0.0,0.0,0.0,26,4370.0,4371.0,18,4379.0,4370.0,4374.0,4355.0,3251.0,141848900.0,37189
2023-05-10 09:06:25,jd2308,jd2308,4371.0,18.0,786780.0,18.0,32,4371.0,4372.0,52,4379.0,4370.0,4374.0,4355.0,3269.0,142635680.0,37207
2023-05-10 09:06:26,jd2308,jd2308,4371.0,0.0,0.0,0.0,99,4371.0,4372.0,15,4379.0,4370.0,4374.0,4355.0,3269.0,142635680.0,37207
2023-05-10 09:06:26,jd2308,jd2308,4372.0,20.0,874400.0,10.0,2,4372.0,4373.0,32,4379.0,4370.0,4374.0,4355.0,3289.0,143510080.0,37217
2023-05-10 09:06:27,jd2308,jd2308,4373.0,6.0,262380.0,1.0,15,4372.0,4373.0,5,4379.0,4370.0,4374.0,4355.0,3295.0,143772460.0,37218
2023-05-10 09:06:27,jd2308,jd2308,4373.0,0.0,0.0,0.0,25,4372.0,4373.0,5,4379.0,4370.0,4374.0,4355.0,3295.0,143772460.0,37218
2023-05-10 09:06:28,jd2308,jd2308,4373.0,0.0,0.0,0.0,31,4372.0,4374.0,54,4379.0,4370.0,4374.0,4355.0,3295.0,143772460.0,37218
2023-05-10 09:06:28,jd2308,jd2308,4372.0,1.0,43720.0,0.0,35,4372.0,4374.0,59,4379.0,4370.0,4374.0,4355.0,3296.0,143816180.0,37218
2023-05-10 09:06:29,jd2308,jd2308,4372.0,0.0,0.0,0.0,35,4372.0,4374.0,54,4379.0,4370.0,4374.0,4355.0,3296.0,143816180.0,37218
2023-05-10 09:06:30,jd2308,jd2308,4372.0,5.0,218600.0,5.0,35,4372.0,4374.0,54,4379.0,4370.0,4374.0,4355.0,3301.0,144034780.0,37223
2023-05-10 09:06:31,jd2308,jd2308,4372.0,0.0,0.0,0.0,35,4372.0,4373.0,1,4379.0,4370.0,4374.0,4355.0,3301.0,144034780.0,37223
2023-05-10 09:06:31,jd2308,jd2308,4372.0,0.0,0.0,0.0,30,4372.0,4373.0,6,4379.0,4370.0,4374.0,4355.0,3301.0,144034780.0,37223
2023-05-10 09:06:32,jd2308,jd2308,4372.0,11.0,480980.0,10.0,25,4372.0,4374.0,40,4379.0,4370.0,4374.0,4355.0,3312.0,144515760.0,37233
2023-05-10 09:06:32,jd2308,jd2308,4372.0,0.0,0.0,0.0,45,4372.0,4374.0,32,4379.0,4370.0,4374.0,4355.0,3312.0,144515760.0,37233
2023-05-10 09:06:33,jd2308,jd2308,4372.0,0.0,0.0,0.0,55,4372.0,4374.0,12,4379.0,4370.0,4374.0,4355.0,3312.0,144515760.0,37233
2023-05-10 09:06:33,jd2308,jd2308,4372.0,0.0,0.0,0.0,55,4372.0,4374.0,15,4379.0,4370.0,4374.0,4355.0,3312.0,144515760.0,37233
2023-05-10 09:06:35,jd2308,jd2308,4372.0,0.0,0.0,0.0,50,4372.0,4373.0,2,4379.0,4370.0,4374.0,4355.0,3312.0,144515760.0,37233
2023-05-10 09:06:36,jd2308,jd2308,4373.0,1.0,43730.0,0.0,30,4372.0,4373.0,1,4379.0,4370.0,4374.0,4355.0,3313.0,144559490.0,37233
2023-05-10 09:06:37,jd2308,jd2308,4374.0,8.0,349860.0,0.0,5,4373.0,4374.0,43,4379.0,4370.0,4374.0,4355.0,3321.0,144909350.0,37233
2023-05-10 09:06:37,jd2308,jd2308,4374.0,0.0,0.0,0.0,5,4373.0,4374.0,13,4379.0,4370.0,4374.0,4355.0,3321.0,144909350.0,37233
2023-05-10 09:06:38,jd2308,jd2308,4374.0,0.0,0.0,0.0,6,4373.0,4374.0,13,4379.0,4370.0,4374.0,4355.0,3321.0,144909350.0,37233
2023-05-10 09:06:40,jd2308,jd2308,4373.0,2.0,87460.0,0.0,11,4373.0,4374.0,7,4379.0,4370.0,4374.0,4355.0,3323.0,144996810.0,37233
2023-05-10 09:06:40,jd2308,jd2308,4373.0,0.0,0.0,0.0,21,4373.0,4375.0,162,4379.0,4370.0,4374.0,4355.0,3323.0,144996810.0,37233
2023-05-10 09:06:41,jd2308,jd2308,4373.0,0.0,0.0,0.0,26,4373.0,4375.0,160,4379.0,4370.0,4374.0,4355.0,3323.0,144996810.0,37233
2023-05-10 09:06:41,jd2308,jd2308,4373.0,16.0,699680.0,8.0,60,4372.0,4373.0,9,4379.0,4370.0,4374.0,4355.0,3339.0,145696490.0,37241
2023-05-10 09:06:42,jd2308,jd2308,4373.0,5.0,218650.0,-1.0,49,4372.0,4374.0,20,4379.0,4370.0,4374.0,4355.0,3344.0,145915140.0,37240
2023-05-10 09:06:42,jd2308,jd2308,4373.0,0.0,0.0,0.0,5,4373.0,4374.0,5,4379.0,4370.0,4374.0,4355.0,3344.0,145915140.0,37240
2023-05-10 09:06:44,jd2308,jd2308,4374.0,43.0,1880030.0,3.0,24,4372.0,4375.0,113,4379.0,4370.0,4374.0,4355.0,3387.0,147795170.0,37243
2023-05-10 09:06:44,jd2308,jd2308,4374.0,0.0,0.0,0.0,56,4372.0,4373.0,21,4379.0,4370.0,4374.0,4355.0,3387.0,147795170.0,37243
2023-05-10 09:06:45,jd2308,jd2308,4374.0,0.0,0.0,0.0,30,4372.0,4373.0,31,4379.0,4370.0,4374.0,4355.0,3387.0,147795170.0,37243
2023-05-10 09:06:46,jd2308,jd2308,4372.0,22.0,961840.0,17.0,127,4371.0,4372.0,3,4379.0,4370.0,4374.0,4355.0,3409.0,148757010.0,37260
2023-05-10 09:06:46,jd2308,jd2308,4372.0,0.0,0.0,0.0,82,4371.0,4372.0,3,4379.0,4370.0,4374.0,4355.0,3409.0,148757010.0,37260
2023-05-10 09:06:47,jd2308,jd2308,4372.0,1.0,43720.0,1.0,82,4371.0,4372.0,2,4379.0,4370.0,4374.0,4355.0,3410.0,148800730.0,37261
2023-05-10 09:06:47,jd2308,jd2308,4371.0,22.0,961620.0,20.0,65,4371.0,4372.0,2,4379.0,4370.0,4374.0,4355.0,3432.0,149762350.0,37281
2023-05-10 09:06:48,jd2308,jd2308,4371.0,0.0,0.0,0.0,60,4371.0,4372.0,7,4379.0,4370.0,4374.0,4355.0,3432.0,149762350.0,37281
2023-05-10 09:06:49,jd2308,jd2308,4371.0,10.0,437100.0,10.0,55,4371.0,4372.0,2,4379.0,4370.0,4374.0,4355.0,3442.0,150199450.0,37291
2023-05-10 09:06:50,jd2308,jd2308,4372.0,28.0,1223930.0,15.0,33,4371.0,4372.0,2,4379.0,4370.0,4374.0,4355.0,3470.0,151423380.0,37306
2023-05-10 09:06:50,jd2308,jd2308,4372.0,45.0,1967230.0,-26.0,22,4372.0,4373.0,34,4379.0,4370.0,4374.0,4355.0,3515.0,153390610.0,37280
2023-05-10 09:06:51,jd2308,jd2308,4372.0,29.0,1267880.0,-17.0,20,4371.0,4372.0,8,4379.0,4370.0,4374.0,4355.0,3544.0,154658490.0,37263
2023-05-10 09:06:51,jd2308,jd2308,4372.0,0.0,0.0,0.0,74,4370.0,4372.0,13,4379.0,4370.0,4374.0,4355.0,3544.0,154658490.0,37263
2023-05-10 09:06:52,jd2308,jd2308,4372.0,0.0,0.0,0.0,79,4370.0,4372.0,18,4379.0,4370.0,4374.0,4355.0,3544.0,154658490.0,37263
2023-05-10 09:06:53,jd2308,jd2308,4370.0,20.0,874000.0,15.0,59,4370.0,4371.0,1,4379.0,4370.0,4374.0,4355.0,3564.0,155532490.0,37278
2023-05-10 09:06:54,jd2308,jd2308,4370.0,0.0,0.0,0.0,39,4370.0,4371.0,1,4379.0,4370.0,4374.0,4355.0,3564.0,155532490.0,37278
2023-05-10 09:06:54,jd2308,jd2308,4370.0,0.0,0.0,0.0,34,4370.0,4371.0,11,4379.0,4370.0,4374.0,4355.0,3564.0,155532490.0,37278
2023-05-10 09:06:55,jd2308,jd2308,4370.0,0.0,0.0,0.0,24,4370.0,4371.0,21,4379.0,4370.0,4374.0,4355.0,3564.0,155532490.0,37278
2023-05-10 09:06:55,jd2308,jd2308,4371.0,3.0,131110.0,0.0,17,4370.0,4371.0,30,4379.0,4370.0,4374.0,4355.0,3567.0,155663600.0,37278
2023-05-10 09:06:56,jd2308,jd2308,4371.0,2.0,87410.0,2.0,16,4370.0,4371.0,24,4379.0,4370.0,4374.0,4355.0,3569.0,155751010.0,37280
2023-05-10 09:06:56,jd2308,jd2308,4371.0,0.0,0.0,0.0,16,4370.0,4371.0,19,4379.0,4370.0,4374.0,4355.0,3569.0,155751010.0,37280
2023-05-10 09:06:57,jd2308,jd2308,4370.0,14.0,611800.0,6.0,25,4369.0,4370.0,95,4379.0,4370.0,4374.0,4355.0,3583.0,156362810.0,37286
2023-05-10 09:06:57,jd2308,jd2308,4369.0,24.0,1048590.0,-3.0,26,4368.0,4370.0,107,4379.0,4370.0,4374.0,4355.0,3607.0,157411400.0,37283
2023-05-10 09:06:58,jd2308,jd2308,4370.0,6.0,262150.0,1.0,2,4369.0,4370.0,115,4379.0,4370.0,4374.0,4355.0,3613.0,157673550.0,37284
2023-05-10 09:06:58,jd2308,jd2308,4370.0,0.0,0.0,0.0,1,4369.0,4370.0,105,4379.0,4370.0,4374.0,4355.0,3613.0,157673550.0,37284
2023-05-10 09:06:59,jd2308,jd2308,4369.0,1.0,43690.0,0.0,20,4368.0,4369.0,12,4379.0,4370.0,4374.0,4355.0,3614.0,157717240.0,37284
2023-05-10 09:06:59,jd2308,jd2308,4369.0,0.0,0.0,0.0,11,4368.0,4369.0,17,4379.0,4370.0,4374.0,4355.0,3614.0,157717240.0,37284
2023-05-10 09:07:00,jd2308,jd2308,4369.0,0.0,0.0,0.0,12,4368.0,4369.0,17,4379.0,4370.0,4374.0,4355.0,3614.0,157717240.0,37284
2023-05-10 09:07:00,jd2308,jd2308,4369.0,0.0,0.0,0.0,12,4368.0,4369.0,18,4379.0,4370.0,4374.0,4355.0,3614.0,157717240.0,37284
2023-05-10 09:07:01,jd2308,jd2308,4369.0,0.0,0.0,0.0,7,4368.0,4369.0,23,4379.0,4370.0,4374.0,4355.0,3614.0,157717240.0,37284
2023-05-10 09:07:01,jd2308,jd2308,4369.0,0.0,0.0,0.0,7,4368.0,4369.0,18,4379.0,4370.0,4374.0,4355.0,3614.0,157717240.0,37284
2023-05-10 09:07:02,jd2308,jd2308,4369.0,0.0,0.0,0.0,12,4368.0,4369.0,18,4379.0,4370.0,4374.0,4355.0,3614.0,157717240.0,37284
2023-05-10 09:07:02,jd2308,jd2308,4369.0,23.0,1004870.0,12.0,32,4369.0,4370.0,125,4379.0,4370.0,4374.0,4355.0,3637.0,158722110.0,37296
2023-05-10 09:07:03,jd2308,jd2308,4369.0,0.0,0.0,0.0,42,4369.0,4370.0,101,4379.0,4370.0,4374.0,4355.0,3637.0,158722110.0,37296
2023-05-10 09:07:03,jd2308,jd2308,4369.0,0.0,0.0,0.0,42,4369.0,4370.0,96,4379.0,4370.0,4374.0,4355.0,3637.0,158722110.0,37296
2023-05-10 09:07:04,jd2308,jd2308,4369.0,0.0,0.0,0.0,43,4369.0,4370.0,101,4379.0,4370.0,4374.0,4355.0,3637.0,158722110.0,37296
2023-05-10 09:07:05,jd2308,jd2308,4369.0,5.0,218450.0,0.0,38,4369.0,4370.0,96,4379.0,4370.0,4374.0,4355.0,3642.0,158940560.0,37296
2023-05-10 09:07:06,jd2308,jd2308,4369.0,0.0,0.0,0.0,38,4369.0,4370.0,101,4379.0,4370.0,4374.0,4355.0,3642.0,158940560.0,37296
2023-05-10 09:07:07,jd2308,jd2308,4369.0,0.0,0.0,0.0,38,4369.0,4370.0,96,4379.0,4370.0,4374.0,4355.0,3642.0,158940560.0,37296
2023-05-10 09:07:08,jd2308,jd2308,4369.0,5.0,218450.0,0.0,33,4369.0,4370.0,96,4379.0,4370.0,4374.0,4355.0,3647.0,159159010.0,37296
2023-05-10 09:07:08,jd2308,jd2308,4370.0,1.0,43700.0,1.0,33,4369.0,4370.0,95,4379.0,4370.0,4374.0,4355.0,3648.0,159202710.0,37297
2023-05-10 09:07:09,jd2308,jd2308,4370.0,0.0,0.0,0.0,38,4369.0,4370.0,95,4379.0,4370.0,4374.0,4355.0,3648.0,159202710.0,37297
2023-05-10 09:07:10,jd2308,jd2308,4370.0,6.0,262150.0,1.0,28,4369.0,4370.0,94,4379.0,4370.0,4374.0,4355.0,3654.0,159464860.0,37298
2023-05-10 09:07:10,jd2308,jd2308,4370.0,1.0,43700.0,1.0,28,4369.0,4370.0,93,4379.0,4370.0,4374.0,4355.0,3655.0,159508560.0,37299
2023-05-10 09:07:10,jd2308,jd2308,4370.0,0.0,0.0,0.0,33,4369.0,4370.0,93,4379.0,4370.0,4374.0,4355.0,3655.0,159508560.0,37299
2023-05-10 09:07:11,jd2308,jd2308,4370.0,0.0,0.0,0.0,28,4369.0,4370.0,93,4379.0,4370.0,4374.0,4355.0,3655.0,159508560.0,37299
2023-05-10 09:07:12,jd2308,jd2308,4370.0,2.0,87400.0,2.0,28,4369.0,4370.0,91,4379.0,4370.0,4374.0,4355.0,3657.0,159595960.0,37301
2023-05-10 09:07:13,jd2308,jd2308,4370.0,5.0,218500.0,5.0,28,4369.0,4370.0,86,4379.0,4370.0,4374.0,4355.0,3662.0,159814460.0,37306
2023-05-10 09:07:13,jd2308,jd2308,4370.0,0.0,0.0,0.0,33,4369.0,4370.0,86,4379.0,4370.0,4374.0,4355.0,3662.0,159814460.0,37306
2023-05-10 09:07:14,jd2308,jd2308,4370.0,0.0,0.0,0.0,33,4369.0,4370.0,91,4379.0,4370.0,4374.0,4355.0,3662.0,159814460.0,37306
2023-05-10 09:07:14,jd2308,jd2308,4370.0,0.0,0.0,0.0,33,4369.0,4370.0,86,4379.0,4370.0,4374.0,4355.0,3662.0,159814460.0,37306
2023-05-10 09:07:17,jd2308,jd2308,4370.0,0.0,0.0,0.0,33,4369.0,4370.0,91,4379.0,4370.0,4374.0,4355.0,3662.0,159814460.0,37306
2023-05-10 09:07:17,jd2308,jd2308,4370.0,0.0,0.0,0.0,33,4369.0,4370.0,86,4379.0,4370.0,4374.0,4355.0,3662.0,159814460.0,37306
2023-05-10 09:07:18,jd2308,jd2308,4370.0,0.0,0.0,0.0,38,4369.0,4370.0,86,4379.0,4370.0,4374.0,4355.0,3662.0,159814460.0,37306
2023-05-10 09:07:19,jd2308,jd2308,4370.0,0.0,0.0,0.0,33,4369.0,4370.0,91,4379.0,4370.0,4374.0,4355.0,3662.0,159814460.0,37306
2023-05-10 09:07:20,jd2308,jd2308,4370.0,10.0,437000.0,10.0,28,4369.0,4370.0,81,4379.0,4370.0,4374.0,4355.0,3672.0,160251460.0,37316
2023-05-10 09:07:23,jd2308,jd2308,4370.0,0.0,0.0,0.0,28,4369.0,4370.0,76,4379.0,4370.0,4374.0,4355.0,3672.0,160251460.0,37316
2023-05-10 09:07:24,jd2308,jd2308,4370.0,0.0,0.0,0.0,28,4369.0,4370.0,81,4379.0,4370.0,4374.0,4355.0,3672.0,160251460.0,37316
2023-05-10 09:07:25,jd2308,jd2308,4369.0,6.0,262140.0,6.0,17,4369.0,4370.0,86,4379.0,4370.0,4374.0,4355.0,3678.0,160513600.0,37322
2023-05-10 09:07:26,jd2308,jd2308,4369.0,0.0,0.0,0.0,18,4369.0,4370.0,86,4379.0,4370.0,4374.0,4355.0,3678.0,160513600.0,37322
2023-05-10 09:07:26,jd2308,jd2308,4369.0,0.0,0.0,0.0,28,4369.0,4370.0,81,4379.0,4370.0,4374.0,4355.0,3678.0,160513600.0,37322
2023-05-10 09:07:27,jd2308,jd2308,4369.0,0.0,0.0,0.0,23,4369.0,4370.0,81,4379.0,4370.0,4374.0,4355.0,3678.0,160513600.0,37322
2023-05-10 09:07:28,jd2308,jd2308,4369.0,0.0,0.0,0.0,18,4369.0,4370.0,81,4379.0,4370.0,4374.0,4355.0,3678.0,160513600.0,37322
2023-05-10 09:07:29,jd2308,jd2308,4369.0,10.0,436900.0,10.0,8,4369.0,4370.0,86,4379.0,4370.0,4374.0,4355.0,3688.0,160950500.0,37332
2023-05-10 09:07:29,jd2308,jd2308,4369.0,9.0,393210.0,1.0,49,4368.0,4370.0,81,4379.0,4370.0,4374.0,4355.0,3697.0,161343710.0,37333
2023-05-10 09:07:30,jd2308,jd2308,4369.0,0.0,0.0,0.0,30,4368.0,4370.0,115,4379.0,4370.0,4374.0,4355.0,3697.0,161343710.0,37333
2023-05-10 09:07:31,jd2308,jd2308,4369.0,0.0,0.0,0.0,15,4368.0,4369.0,60,4379.0,4370.0,4374.0,4355.0,3697.0,161343710.0,37333
2023-05-10 09:07:31,jd2308,jd2308,4368.0,5.0,218400.0,0.0,1,4368.0,4369.0,70,4379.0,4370.0,4374.0,4355.0,3702.0,161562110.0,37333
2023-05-10 09:07:32,jd2308,jd2308,4368.0,1.0,43680.0,0.0,35,4367.0,4369.0,84,4379.0,4370.0,4374.0,4355.0,3703.0,161605790.0,37333
2023-05-10 09:07:32,jd2308,jd2308,4369.0,19.0,830110.0,19.0,30,4367.0,4368.0,5,4379.0,4370.0,4374.0,4355.0,3722.0,162435900.0,37352
2023-05-10 09:07:33,jd2308,jd2308,4368.0,1.0,43680.0,-1.0,12,4367.0,4368.0,5,4379.0,4370.0,4374.0,4355.0,3723.0,162479580.0,37351
2023-05-10 09:07:33,jd2308,jd2308,4368.0,2.0,87360.0,-2.0,13,4367.0,4369.0,70,4379.0,4370.0,4374.0,4355.0,3725.0,162566940.0,37349
2023-05-10 09:07:34,jd2308,jd2308,4368.0,0.0,0.0,0.0,13,4367.0,4369.0,75,4379.0,4370.0,4374.0,4355.0,3725.0,162566940.0,37349
2023-05-10 09:07:34,jd2308,jd2308,4369.0,1.0,43690.0,0.0,13,4367.0,4369.0,79,4379.0,4370.0,4374.0,4355.0,3726.0,162610630.0,37349
2023-05-10 09:07:37,jd2308,jd2308,4369.0,0.0,0.0,0.0,18,4367.0,4369.0,84,4379.0,4370.0,4374.0,4355.0,3726.0,162610630.0,37349
2023-05-10 09:07:38,jd2308,jd2308,4369.0,0.0,0.0,0.0,19,4367.0,4369.0,84,4379.0,4370.0,4374.0,4355.0,3726.0,162610630.0,37349
2023-05-10 09:07:40,jd2308,jd2308,4369.0,0.0,0.0,0.0,19,4367.0,4369.0,54,4379.0,4370.0,4374.0,4355.0,3726.0,162610630.0,37349
2023-05-10 09:07:41,jd2308,jd2308,4369.0,0.0,0.0,0.0,14,4367.0,4368.0,5,4379.0,4370.0,4374.0,4355.0,3726.0,162610630.0,37349
2023-05-10 09:07:41,jd2308,jd2308,4369.0,0.0,0.0,0.0,15,4367.0,4368.0,5,4379.0,4370.0,4374.0,4355.0,3726.0,162610630.0,37349
2023-05-10 09:07:43,jd2308,jd2308,4367.0,10.0,436700.0,1.0,3,4367.0,4369.0,46,4379.0,4370.0,4374.0,4355.0,3736.0,163047330.0,37350
2023-05-10 09:07:43,jd2308,jd2308,4367.0,0.0,0.0,0.0,4,4367.0,4369.0,51,4379.0,4370.0,4374.0,4355.0,3736.0,163047330.0,37350
2023-05-10 09:07:44,jd2308,jd2308,4367.0,0.0,0.0,0.0,4,4367.0,4369.0,56,4379.0,4370.0,4374.0,4355.0,3736.0,163047330.0,37350
2023-05-10 09:07:46,jd2308,jd2308,4367.0,0.0,0.0,0.0,4,4367.0,4368.0,10,4379.0,4370.0,4374.0,4355.0,3736.0,163047330.0,37350
2023-05-10 09:07:46,jd2308,jd2308,4367.0,0.0,0.0,0.0,4,4367.0,4368.0,30,4379.0,4370.0,4374.0,4355.0,3736.0,163047330.0,37350
2023-05-10 09:07:47,jd2308,jd2308,4367.0,0.0,0.0,0.0,2,4367.0,4368.0,30,4379.0,4370.0,4374.0,4355.0,3736.0,163047330.0,37350
2023-05-10 09:07:47,jd2308,jd2308,4367.0,0.0,0.0,0.0,1,4367.0,4368.0,30,4379.0,4370.0,4374.0,4355.0,3736.0,163047330.0,37350
2023-05-10 09:07:48,jd2308,jd2308,4367.0,0.0,0.0,0.0,1,4367.0,4368.0,25,4379.0,4370.0,4374.0,4355.0,3736.0,163047330.0,37350
2023-05-10 09:07:48,jd2308,jd2308,4367.0,0.0,0.0,0.0,1,4367.0,4368.0,35,4379.0,4370.0,4374.0,4355.0,3736.0,163047330.0,37350
2023-05-10 09:07:51,jd2308,jd2308,4368.0,5.0,218400.0,5.0,1,4367.0,4368.0,30,4379.0,4370.0,4374.0,4355.0,3741.0,163265730.0,37355
2023-05-10 09:07:51,jd2308,jd2308,4368.0,30.0,1310400.0,15.0,34,4368.0,4369.0,20,4379.0,4370.0,4374.0,4355.0,3771.0,164576130.0,37370
2023-05-10 09:07:52,jd2308,jd2308,4368.0,0.0,0.0,0.0,35,4368.0,4369.0,5,4379.0,4370.0,4374.0,4355.0,3771.0,164576130.0,37370
2023-05-10 09:07:52,jd2308,jd2308,4369.0,5.0,218450.0,2.0,30,4368.0,4369.0,4,4379.0,4370.0,4374.0,4355.0,3776.0,164794580.0,37372
2023-05-10 09:07:53,jd2308,jd2308,4369.0,0.0,0.0,0.0,30,4368.0,4370.0,119,4379.0,4370.0,4374.0,4355.0,3776.0,164794580.0,37372
2023-05-10 09:07:53,jd2308,jd2308,4369.0,0.0,0.0,0.0,35,4368.0,4369.0,1,4379.0,4370.0,4374.0,4355.0,3776.0,164794580.0,37372
2023-05-10 09:07:54,jd2308,jd2308,4369.0,0.0,0.0,0.0,35,4368.0,4370.0,113,4379.0,4370.0,4374.0,4355.0,3776.0,164794580.0,37372
2023-05-10 09:07:54,jd2308,jd2308,4369.0,0.0,0.0,0.0,40,4368.0,4370.0,114,4379.0,4370.0,4374.0,4355.0,3776.0,164794580.0,37372
2023-05-10 09:07:55,jd2308,jd2308,4369.0,0.0,0.0,0.0,45,4368.0,4370.0,119,4379.0,4370.0,4374.0,4355.0,3776.0,164794580.0,37372
2023-05-10 09:07:56,jd2308,jd2308,4369.0,0.0,0.0,0.0,45,4368.0,4369.0,4,4379.0,4370.0,4374.0,4355.0,3776.0,164794580.0,37372
2023-05-10 09:07:57,jd2308,jd2308,4369.0,0.0,0.0,0.0,45,4368.0,4370.0,120,4379.0,4370.0,4374.0,4355.0,3776.0,164794580.0,37372
2023-05-10 09:07:58,jd2308,jd2308,4369.0,0.0,0.0,0.0,47,4368.0,4370.0,120,4379.0,4370.0,4374.0,4355.0,3776.0,164794580.0,37372
2023-05-10 09:07:58,jd2308,jd2308,4369.0,0.0,0.0,0.0,48,4368.0,4370.0,115,4379.0,4370.0,4374.0,4355.0,3776.0,164794580.0,37372
2023-05-10 09:07:59,jd2308,jd2308,4369.0,0.0,0.0,0.0,5,4369.0,4370.0,110,4379.0,4370.0,4374.0,4355.0,3776.0,164794580.0,37372
2023-05-10 09:07:59,jd2308,jd2308,4369.0,0.0,0.0,0.0,5,4369.0,4370.0,90,4379.0,4370.0,4374.0,4355.0,3776.0,164794580.0,37372
2023-05-10 09:08:01,jd2308,jd2308,4370.0,2.0,87400.0,2.0,5,4369.0,4370.0,88,4379.0,4370.0,4374.0,4355.0,3778.0,164881980.0,37374
2023-05-10 09:08:02,jd2308,jd2308,4369.0,5.0,218450.0,0.0,63,4368.0,4370.0,98,4379.0,4370.0,4374.0,4355.0,3783.0,165100430.0,37374
2023-05-10 09:08:02,jd2308,jd2308,4369.0,0.0,0.0,0.0,53,4368.0,4370.0,108,4379.0,4370.0,4374.0,4355.0,3783.0,165100430.0,37374
2023-05-10 09:08:04,jd2308,jd2308,4369.0,0.0,0.0,0.0,51,4368.0,4370.0,108,4379.0,4370.0,4374.0,4355.0,3783.0,165100430.0,37374
2023-05-10 09:08:04,jd2308,jd2308,4369.0,0.0,0.0,0.0,2,4369.0,4370.0,98,4379.0,4370.0,4374.0,4355.0,3783.0,165100430.0,37374
2023-05-10 09:08:05,jd2308,jd2308,4369.0,0.0,0.0,0.0,2,4369.0,4370.0,88,4379.0,4370.0,4374.0,4355.0,3783.0,165100430.0,37374
2023-05-10 09:08:07,jd2308,jd2308,4369.0,2.0,87380.0,2.0,62,4368.0,4369.0,8,4379.0,4370.0,4374.0,4355.0,3785.0,165187810.0,37376
2023-05-10 09:08:08,jd2308,jd2308,4369.0,0.0,0.0,0.0,52,4368.0,4369.0,8,4379.0,4370.0,4374.0,4355.0,3785.0,165187810.0,37376
2023-05-10 09:08:09,jd2308,jd2308,4369.0,0.0,0.0,0.0,51,4368.0,4369.0,9,4379.0,4370.0,4374.0,4355.0,3785.0,165187810.0,37376
2023-05-10 09:08:10,jd2308,jd2308,4369.0,4.0,174760.0,0.0,51,4368.0,4369.0,5,4379.0,4370.0,4374.0,4355.0,3789.0,165362570.0,37376
2023-05-10 09:08:10,jd2308,jd2308,4369.0,0.0,0.0,0.0,46,4368.0,4369.0,7,4379.0,4370.0,4374.0,4355.0,3789.0,165362570.0,37376
2023-05-10 09:08:11,jd2308,jd2308,4369.0,0.0,0.0,0.0,47,4368.0,4369.0,9,4379.0,4370.0,4374.0,4355.0,3789.0,165362570.0,37376
2023-05-10 09:08:11,jd2308,jd2308,4369.0,0.0,0.0,0.0,51,4368.0,4369.0,9,4379.0,4370.0,4374.0,4355.0,3789.0,165362570.0,37376
2023-05-10 09:08:14,jd2308,jd2308,4368.0,38.0,1659840.0,31.0,7,4368.0,4369.0,9,4379.0,4370.0,4374.0,4355.0,3827.0,167022410.0,37407
2023-05-10 09:08:15,jd2308,jd2308,4368.0,0.0,0.0,0.0,7,4368.0,4369.0,14,4379.0,4370.0,4374.0,4355.0,3827.0,167022410.0,37407
2023-05-10 09:08:16,jd2308,jd2308,4370.0,125.0,5462360.0,-12.0,5,4370.0,4371.0,14,4379.0,4370.0,4374.0,4355.0,3952.0,172484770.0,37395
2023-05-10 09:08:17,jd2308,jd2308,4371.0,4.0,174840.0,4.0,5,4370.0,4371.0,13,4379.0,4370.0,4374.0,4355.0,3956.0,172659610.0,37399
2023-05-10 09:08:17,jd2308,jd2308,4370.0,4.0,174800.0,0.0,1,4370.0,4371.0,18,4379.0,4370.0,4374.0,4355.0,3960.0,172834410.0,37399
2023-05-10 09:08:18,jd2308,jd2308,4370.0,1.0,43700.0,0.0,38,4369.0,4370.0,2,4379.0,4370.0,4374.0,4355.0,3961.0,172878110.0,37399
2023-05-10 09:08:18,jd2308,jd2308,4370.0,1.0,43700.0,0.0,23,4369.0,4371.0,43,4379.0,4370.0,4374.0,4355.0,3962.0,172921810.0,37399
2023-05-10 09:08:18,jd2308,jd2308,4370.0,0.0,0.0,0.0,20,4369.0,4371.0,53,4379.0,4370.0,4374.0,4355.0,3962.0,172921810.0,37399
2023-05-10 09:08:21,jd2308,jd2308,4369.0,2.0,87380.0,2.0,18,4369.0,4371.0,53,4379.0,4370.0,4374.0,4355.0,3964.0,173009190.0,37401
2023-05-10 09:08:22,jd2308,jd2308,4369.0,0.0,0.0,0.0,18,4369.0,4370.0,1,4379.0,4370.0,4374.0,4355.0,3964.0,173009190.0,37401
2023-05-10 09:08:23,jd2308,jd2308,4369.0,0.0,0.0,0.0,18,4369.0,4370.0,3,4379.0,4370.0,4374.0,4355.0,3964.0,173009190.0,37401
2023-05-10 09:08:25,jd2308,jd2308,4369.0,0.0,0.0,0.0,13,4369.0,4370.0,3,4379.0,4370.0,4374.0,4355.0,3964.0,173009190.0,37401
2023-05-10 09:08:25,jd2308,jd2308,4370.0,3.0,131100.0,1.0,8,4370.0,4371.0,61,4379.0,4370.0,4374.0,4355.0,3967.0,173140290.0,37402
2023-05-10 09:08:26,jd2308,jd2308,4370.0,14.0,611800.0,7.0,38,4369.0,4371.0,28,4379.0,4370.0,4374.0,4355.0,3981.0,173752090.0,37409
2023-05-10 09:08:26,jd2308,jd2308,4370.0,0.0,0.0,0.0,7,4370.0,4371.0,18,4379.0,4370.0,4374.0,4355.0,3981.0,173752090.0,37409
2023-05-10 09:08:27,jd2308,jd2308,4370.0,0.0,0.0,0.0,7,4370.0,4371.0,15,4379.0,4370.0,4374.0,4355.0,3981.0,173752090.0,37409
2023-05-10 09:08:27,jd2308,jd2308,4369.0,10.0,436970.0,3.0,28,4369.0,4371.0,10,4379.0,4370.0,4374.0,4355.0,3991.0,174189060.0,37412
2023-05-10 09:08:28,jd2308,jd2308,4369.0,0.0,0.0,0.0,5,4370.0,4371.0,13,4379.0,4370.0,4374.0,4355.0,3991.0,174189060.0,37412
2023-05-10 09:08:28,jd2308,jd2308,4370.0,1.0,43700.0,-1.0,4,4370.0,4371.0,10,4379.0,4370.0,4374.0,4355.0,3992.0,174232760.0,37411
2023-05-10 09:08:29,jd2308,jd2308,4370.0,1.0,43700.0,0.0,4,4370.0,4371.0,10,4379.0,4370.0,4374.0,4355.0,3993.0,174276460.0,37411
2023-05-10 09:08:30,jd2308,jd2308,4372.0,73.0,3191360.0,-20.0,57,4372.0,4373.0,36,4379.0,4370.0,4374.0,4355.0,4066.0,177467820.0,37391
2023-05-10 09:08:30,jd2308,jd2308,4372.0,28.0,1224160.0,0.0,29,4372.0,4373.0,46,4379.0,4370.0,4374.0,4355.0,4094.0,178691980.0,37391
2023-05-10 09:08:30,jd2308,jd2308,4372.0,6.0,262320.0,-1.0,30,4372.0,4373.0,41,4379.0,4370.0,4374.0,4355.0,4100.0,178954300.0,37390
2023-05-10 09:08:33,jd2308,jd2308,4372.0,5.0,218600.0,-5.0,28,4372.0,4373.0,41,4379.0,4370.0,4374.0,4355.0,4105.0,179172900.0,37385
2023-05-10 09:08:33,jd2308,jd2308,4372.0,0.0,0.0,0.0,18,4372.0,4373.0,51,4379.0,4370.0,4374.0,4355.0,4105.0,179172900.0,37385
2023-05-10 09:08:34,jd2308,jd2308,4372.0,0.0,0.0,0.0,18,4372.0,4373.0,56,4379.0,4370.0,4374.0,4355.0,4105.0,179172900.0,37385
2023-05-10 09:08:35,jd2308,jd2308,4372.0,0.0,0.0,0.0,18,4372.0,4373.0,60,4379.0,4370.0,4374.0,4355.0,4105.0,179172900.0,37385
2023-05-10 09:08:37,jd2308,jd2308,4372.0,18.0,786960.0,10.0,45,4371.0,4373.0,60,4379.0,4370.0,4374.0,4355.0,4123.0,179959860.0,37395
2023-05-10 09:08:37,jd2308,jd2308,4372.0,0.0,0.0,0.0,30,4371.0,4372.0,5,4379.0,4370.0,4374.0,4355.0,4123.0,179959860.0,37395
2023-05-10 09:08:38,jd2308,jd2308,4372.0,0.0,0.0,0.0,20,4371.0,4372.0,11,4379.0,4370.0,4374.0,4355.0,4123.0,179959860.0,37395
2023-05-10 09:08:38,jd2308,jd2308,4372.0,0.0,0.0,0.0,16,4371.0,4372.0,11,4379.0,4370.0,4374.0,4355.0,4123.0,179959860.0,37395
2023-05-10 09:08:39,jd2308,jd2308,4372.0,1.0,43720.0,1.0,26,4371.0,4372.0,10,4379.0,4370.0,4374.0,4355.0,4124.0,180003580.0,37396
2023-05-10 09:08:39,jd2308,jd2308,4372.0,0.0,0.0,0.0,26,4371.0,4372.0,18,4379.0,4370.0,4374.0,4355.0,4124.0,180003580.0,37396
2023-05-10 09:08:40,jd2308,jd2308,4372.0,0.0,0.0,0.0,16,4371.0,4372.0,18,4379.0,4370.0,4374.0,4355.0,4124.0,180003580.0,37396
2023-05-10 09:08:40,jd2308,jd2308,4372.0,0.0,0.0,0.0,11,4371.0,4372.0,26,4379.0,4370.0,4374.0,4355.0,4124.0,180003580.0,37396
2023-05-10 09:08:41,jd2308,jd2308,4372.0,10.0,437200.0,9.0,11,4371.0,4372.0,13,4379.0,4370.0,4374.0,4355.0,4134.0,180440780.0,37405
2023-05-10 09:08:41,jd2308,jd2308,4372.0,0.0,0.0,0.0,21,4371.0,4372.0,3,4379.0,4370.0,4374.0,4355.0,4134.0,180440780.0,37405
2023-05-10 09:08:42,jd2308,jd2308,4372.0,0.0,0.0,0.0,26,4371.0,4372.0,3,4379.0,4370.0,4374.0,4355.0,4134.0,180440780.0,37405
2023-05-10 09:08:42,jd2308,jd2308,4372.0,0.0,0.0,0.0,31,4371.0,4372.0,3,4379.0,4370.0,4374.0,4355.0,4134.0,180440780.0,37405
2023-05-10 09:08:45,jd2308,jd2308,4371.0,5.0,218550.0,0.0,26,4371.0,4372.0,3,4379.0,4370.0,4374.0,4355.0,4139.0,180659330.0,37405
2023-05-10 09:08:46,jd2308,jd2308,4371.0,0.0,0.0,0.0,16,4371.0,4372.0,3,4379.0,4370.0,4374.0,4355.0,4139.0,180659330.0,37405
2023-05-10 09:08:46,jd2308,jd2308,4371.0,0.0,0.0,0.0,26,4371.0,4372.0,3,4379.0,4370.0,4374.0,4355.0,4139.0,180659330.0,37405
2023-05-10 09:08:47,jd2308,jd2308,4371.0,0.0,0.0,0.0,31,4371.0,4372.0,3,4379.0,4370.0,4374.0,4355.0,4139.0,180659330.0,37405
2023-05-10 09:08:49,jd2308,jd2308,4371.0,0.0,0.0,0.0,32,4371.0,4372.0,3,4379.0,4370.0,4374.0,4355.0,4139.0,180659330.0,37405
2023-05-10 09:08:50,jd2308,jd2308,4371.0,0.0,0.0,0.0,33,4371.0,4372.0,3,4379.0,4370.0,4374.0,4355.0,4139.0,180659330.0,37405
2023-05-10 09:08:51,jd2308,jd2308,4371.0,0.0,0.0,0.0,33,4371.0,4373.0,79,4379.0,4370.0,4374.0,4355.0,4139.0,180659330.0,37405
2023-05-10 09:08:52,jd2308,jd2308,4371.0,0.0,0.0,0.0,3,4372.0,4373.0,79,4379.0,4370.0,4374.0,4355.0,4139.0,180659330.0,37405
2023-05-10 09:08:52,jd2308,jd2308,4371.0,1.0,43710.0,1.0,2,4372.0,4373.0,55,4379.0,4370.0,4374.0,4355.0,4140.0,180703040.0,37406
2023-05-10 09:08:54,jd2308,jd2308,4372.0,2.0,87440.0,2.0,42,4371.0,4372.0,6,4379.0,4370.0,4374.0,4355.0,4142.0,180790480.0,37408
2023-05-10 09:08:55,jd2308,jd2308,4372.0,0.0,0.0,0.0,32,4371.0,4372.0,14,4379.0,4370.0,4374.0,4355.0,4142.0,180790480.0,37408
2023-05-10 09:08:56,jd2308,jd2308,4372.0,0.0,0.0,0.0,33,4371.0,4372.0,14,4379.0,4370.0,4374.0,4355.0,4142.0,180790480.0,37408
2023-05-10 09:08:57,jd2308,jd2308,4371.0,1.0,43710.0,1.0,32,4371.0,4372.0,16,4379.0,4370.0,4374.0,4355.0,4143.0,180834190.0,37409
