time,symbol_id,symbol_name,last,trade_volume,trade_amount,open_interest_change,bv1,bp1,ap1,av1,yesterday_close,today_open,today_high,today_low,volume,amount,open_interest
2023-05-10 08:59:00,jd2311,jd2311,4102.0,0.0,0.0,0.0,1,4081.0,4105.0,10,4102.0,4085.0,0.0,0.0,0.0,0.0,2545
2023-05-10 09:00:00,jd2311,jd2311,4102.0,0.0,0.0,0.0,1,4082.0,4105.0,10,4102.0,4085.0,0.0,0.0,0.0,0.0,2545
2023-05-10 09:00:01,jd2311,jd2311,4102.0,0.0,0.0,0.0,1,4084.0,4105.0,10,4102.0,4085.0,0.0,0.0,0.0,0.0,2545
2023-05-10 09:00:04,jd2311,jd2311,4102.0,0.0,0.0,0.0,2,4085.0,4105.0,10,4102.0,4085.0,0.0,0.0,0.0,0.0,2545
2023-05-10 09:00:05,jd2311,jd2311,4102.0,0.0,0.0,0.0,1,4087.0,4105.0,10,4102.0,4085.0,0.0,0.0,0.0,0.0,2545
2023-05-10 09:00:08,jd2311,jd2311,4102.0,0.0,0.0,0.0,2,4085.0,4105.0,10,4102.0,4085.0,0.0,0.0,0.0,0.0,2545
2023-05-10 09:00:09,jd2311,jd2311,4102.0,0.0,0.0,0.0,1,4082.0,4105.0,10,4102.0,4085.0,0.0,0.0,0.0,0.0,2545
2023-05-10 09:00:10,jd2311,jd2311,4102.0,0.0,0.0,0.0,2,4082.0,4105.0,10,4102.0,4085.0,0.0,0.0,0.0,0.0,2545
2023-05-10 09:00:15,jd2311,jd2311,4102.0,0.0,0.0,0.0,2,4083.0,4105.0,10,4102.0,4085.0,0.0,0.0,0.0,0.0,2545
2023-05-10 09:00:16,jd2311,jd2311,4102.0,0.0,0.0,0.0,1,4085.0,4105.0,10,4102.0,4085.0,0.0,0.0,0.0,0.0,2545
2023-05-10 09:00:31,jd2311,jd2311,4102.0,0.0,0.0,0.0,9,4085.0,4105.0,10,4102.0,4085.0,0.0,0.0,0.0,0.0,2545
2023-05-10 09:00:33,jd2311,jd2311,4085.0,9.0,367650.0,-1.0,4,4083.0,4085.0,1,4102.0,4085.0,4085.0,4085.0,9.0,367650.0,2544
2023-05-10 09:00:34,jd2311,jd2311,4085.0,1.0,40850.0,0.0,1,4090.0,4105.0,10,4102.0,4085.0,4085.0,4085.0,10.0,408500.0,2544
2023-05-10 09:00:34,jd2311,jd2311,4085.0,0.0,0.0,0.0,1,4090.0,4105.0,11,4102.0,4085.0,4085.0,4085.0,10.0,408500.0,2544
2023-05-10 09:00:35,jd2311,jd2311,4085.0,0.0,0.0,0.0,1,4090.0,4105.0,10,4102.0,4085.0,4085.0,4085.0,10.0,408500.0,2544
2023-05-10 09:00:35,jd2311,jd2311,4085.0,0.0,0.0,0.0,2,4090.0,4105.0,10,4102.0,4085.0,4085.0,4085.0,10.0,408500.0,2544
2023-05-10 09:00:43,jd2311,jd2311,4085.0,0.0,0.0,0.0,1,4091.0,4105.0,10,4102.0,4085.0,4085.0,4085.0,10.0,408500.0,2544
2023-05-10 09:00:45,jd2311,jd2311,4085.0,0.0,0.0,0.0,1,4091.0,4137.0,1,4102.0,4085.0,4085.0,4085.0,10.0,408500.0,2544
2023-05-10 09:00:45,jd2311,jd2311,4085.0,0.0,0.0,0.0,1,4091.0,4135.0,2,4102.0,4085.0,4085.0,4085.0,10.0,408500.0,2544
2023-05-10 09:00:46,jd2311,jd2311,4085.0,0.0,0.0,0.0,1,4091.0,4134.0,5,4102.0,4085.0,4085.0,4085.0,10.0,408500.0,2544
2023-05-10 09:00:46,jd2311,jd2311,4085.0,0.0,0.0,0.0,1,4091.0,4134.0,4,4102.0,4085.0,4085.0,4085.0,10.0,408500.0,2544
2023-05-10 09:00:46,jd2311,jd2311,4085.0,0.0,0.0,0.0,1,4091.0,4132.0,1,4102.0,4085.0,4085.0,4085.0,10.0,408500.0,2544
2023-05-10 09:00:47,jd2311,jd2311,4085.0,0.0,0.0,0.0,1,4091.0,4131.0,3,4102.0,4085.0,4085.0,4085.0,10.0,408500.0,2544
2023-05-10 09:00:48,jd2311,jd2311,4085.0,0.0,0.0,0.0,1,4091.0,4131.0,4,4102.0,4085.0,4085.0,4085.0,10.0,408500.0,2544
2023-05-10 09:00:49,jd2311,jd2311,4085.0,0.0,0.0,0.0,1,4092.0,4129.0,2,4102.0,4085.0,4085.0,4085.0,10.0,408500.0,2544
2023-05-10 09:00:49,jd2311,jd2311,4085.0,0.0,0.0,0.0,1,4092.0,4129.0,1,4102.0,4085.0,4085.0,4085.0,10.0,408500.0,2544
2023-05-10 09:00:49,jd2311,jd2311,4085.0,0.0,0.0,0.0,1,4092.0,4129.0,2,4102.0,4085.0,4085.0,4085.0,10.0,408500.0,2544
2023-05-10 09:00:50,jd2311,jd2311,4085.0,0.0,0.0,0.0,1,4092.0,4127.0,1,4102.0,4085.0,4085.0,4085.0,10.0,408500.0,2544
2023-05-10 09:00:51,jd2311,jd2311,4085.0,0.0,0.0,0.0,1,4092.0,4127.0,2,4102.0,4085.0,4085.0,4085.0,10.0,408500.0,2544
2023-05-10 09:00:51,jd2311,jd2311,4085.0,0.0,0.0,0.0,1,4092.0,4125.0,1,4102.0,4085.0,4085.0,4085.0,10.0,408500.0,2544
2023-05-10 09:00:52,jd2311,jd2311,4085.0,0.0,0.0,0.0,1,4092.0,4125.0,2,4102.0,4085.0,4085.0,4085.0,10.0,408500.0,2544
2023-05-10 09:00:52,jd2311,jd2311,4085.0,0.0,0.0,0.0,1,4092.0,4125.0,3,4102.0,4085.0,4085.0,4085.0,10.0,408500.0,2544
2023-05-10 09:00:55,jd2311,jd2311,4085.0,0.0,0.0,0.0,1,4092.0,4124.0,3,4102.0,4085.0,4085.0,4085.0,10.0,408500.0,2544
2023-05-10 09:00:55,jd2311,jd2311,4085.0,0.0,0.0,0.0,1,4092.0,4124.0,2,4102.0,4085.0,4085.0,4085.0,10.0,408500.0,2544
2023-05-10 09:00:56,jd2311,jd2311,4085.0,0.0,0.0,0.0,1,4092.0,4122.0,2,4102.0,4085.0,4085.0,4085.0,10.0,408500.0,2544
2023-05-10 09:00:56,jd2311,jd2311,4085.0,0.0,0.0,0.0,1,4092.0,4121.0,1,4102.0,4085.0,4085.0,4085.0,10.0,408500.0,2544
2023-05-10 09:00:57,jd2311,jd2311,4085.0,0.0,0.0,0.0,1,4092.0,4121.0,3,4102.0,4085.0,4085.0,4085.0,10.0,408500.0,2544
2023-05-10 09:00:57,jd2311,jd2311,4085.0,0.0,0.0,0.0,1,4092.0,4119.0,1,4102.0,4085.0,4085.0,4085.0,10.0,408500.0,2544
2023-05-10 09:00:58,jd2311,jd2311,4085.0,0.0,0.0,0.0,1,4092.0,4119.0,2,4102.0,4085.0,4085.0,4085.0,10.0,408500.0,2544
2023-05-10 09:00:58,jd2311,jd2311,4085.0,0.0,0.0,0.0,1,4092.0,4119.0,3,4102.0,4085.0,4085.0,4085.0,10.0,408500.0,2544
2023-05-10 09:00:59,jd2311,jd2311,4085.0,0.0,0.0,0.0,1,4092.0,4118.0,3,4102.0,4085.0,4085.0,4085.0,10.0,408500.0,2544
2023-05-10 09:00:59,jd2311,jd2311,4085.0,0.0,0.0,0.0,1,4092.0,4118.0,2,4102.0,4085.0,4085.0,4085.0,10.0,408500.0,2544
2023-05-10 09:01:00,jd2311,jd2311,4085.0,0.0,0.0,0.0,1,4092.0,4116.0,2,4102.0,4085.0,4085.0,4085.0,10.0,408500.0,2544
2023-05-10 09:01:00,jd2311,jd2311,4085.0,0.0,0.0,0.0,1,4092.0,4116.0,3,4102.0,4085.0,4085.0,4085.0,10.0,408500.0,2544
2023-05-10 09:01:01,jd2311,jd2311,4085.0,0.0,0.0,0.0,1,4092.0,4116.0,4,4102.0,4085.0,4085.0,4085.0,10.0,408500.0,2544
2023-05-10 09:01:05,jd2311,jd2311,4085.0,0.0,0.0,0.0,1,4092.0,4116.0,6,4102.0,4085.0,4085.0,4085.0,10.0,408500.0,2544
2023-05-10 09:01:07,jd2311,jd2311,4085.0,0.0,0.0,0.0,1,4092.0,4115.0,1,4102.0,4085.0,4085.0,4085.0,10.0,408500.0,2544
2023-05-10 09:01:07,jd2311,jd2311,4085.0,0.0,0.0,0.0,1,4092.0,4115.0,2,4102.0,4085.0,4085.0,4085.0,10.0,408500.0,2544
2023-05-10 09:01:08,jd2311,jd2311,4085.0,0.0,0.0,0.0,1,4092.0,4113.0,1,4102.0,4085.0,4085.0,4085.0,10.0,408500.0,2544
2023-05-10 09:01:09,jd2311,jd2311,4085.0,0.0,0.0,0.0,1,4092.0,4113.0,2,4102.0,4085.0,4085.0,4085.0,10.0,408500.0,2544
2023-05-10 09:01:09,jd2311,jd2311,4085.0,0.0,0.0,0.0,1,4092.0,4113.0,3,4102.0,4085.0,4085.0,4085.0,10.0,408500.0,2544
2023-05-10 09:01:11,jd2311,jd2311,4085.0,0.0,0.0,0.0,1,4101.0,4113.0,3,4102.0,4085.0,4085.0,4085.0,10.0,408500.0,2544
2023-05-10 09:01:19,jd2311,jd2311,4085.0,0.0,0.0,0.0,1,4101.0,4113.0,5,4102.0,4085.0,4085.0,4085.0,10.0,408500.0,2544
2023-05-10 09:01:19,jd2311,jd2311,4085.0,0.0,0.0,0.0,1,4111.0,4113.0,5,4102.0,4085.0,4085.0,4085.0,10.0,408500.0,2544
2023-05-10 09:01:20,jd2311,jd2311,4111.0,1.0,41110.0,0.0,1,4101.0,4110.0,1,4102.0,4085.0,4111.0,4085.0,11.0,449610.0,2544
2023-05-10 09:01:21,jd2311,jd2311,4092.0,2.0,81930.0,0.0,1,4091.0,4101.0,2,4102.0,4085.0,4111.0,4085.0,13.0,531540.0,2544
2023-05-10 09:01:21,jd2311,jd2311,4091.0,1.0,40910.0,0.0,4,4083.0,4101.0,1,4102.0,4085.0,4111.0,4085.0,14.0,572450.0,2544
2023-05-10 09:01:21,jd2311,jd2311,4091.0,0.0,0.0,0.0,5,4083.0,4101.0,1,4102.0,4085.0,4111.0,4085.0,14.0,572450.0,2544
2023-05-10 09:01:23,jd2311,jd2311,4091.0,0.0,0.0,0.0,1,4084.0,4101.0,1,4102.0,4085.0,4111.0,4085.0,14.0,572450.0,2544
2023-05-10 09:01:23,jd2311,jd2311,4091.0,0.0,0.0,0.0,2,4084.0,4101.0,1,4102.0,4085.0,4111.0,4085.0,14.0,572450.0,2544
2023-05-10 09:01:24,jd2311,jd2311,4091.0,0.0,0.0,0.0,3,4084.0,4101.0,1,4102.0,4085.0,4111.0,4085.0,14.0,572450.0,2544
2023-05-10 09:01:25,jd2311,jd2311,4091.0,0.0,0.0,0.0,3,4084.0,4101.0,2,4102.0,4085.0,4111.0,4085.0,14.0,572450.0,2544
2023-05-10 09:01:26,jd2311,jd2311,4091.0,0.0,0.0,0.0,1,4085.0,4101.0,2,4102.0,4085.0,4111.0,4085.0,14.0,572450.0,2544
2023-05-10 09:01:26,jd2311,jd2311,4091.0,0.0,0.0,0.0,2,4085.0,4101.0,2,4102.0,4085.0,4111.0,4085.0,14.0,572450.0,2544
2023-05-10 09:01:27,jd2311,jd2311,4091.0,0.0,0.0,0.0,3,4085.0,4101.0,2,4102.0,4085.0,4111.0,4085.0,14.0,572450.0,2544
2023-05-10 09:01:28,jd2311,jd2311,4091.0,0.0,0.0,0.0,4,4085.0,4101.0,2,4102.0,4085.0,4111.0,4085.0,14.0,572450.0,2544
2023-05-10 09:01:32,jd2311,jd2311,4091.0,0.0,0.0,0.0,2,4086.0,4101.0,2,4102.0,4085.0,4111.0,4085.0,14.0,572450.0,2544
2023-05-10 09:01:34,jd2311,jd2311,4091.0,0.0,0.0,0.0,3,4086.0,4101.0,2,4102.0,4085.0,4111.0,4085.0,14.0,572450.0,2544
2023-05-10 09:01:43,jd2311,jd2311,4091.0,0.0,0.0,0.0,2,4087.0,4101.0,2,4102.0,4085.0,4111.0,4085.0,14.0,572450.0,2544
2023-05-10 09:01:44,jd2311,jd2311,4091.0,0.0,0.0,0.0,3,4087.0,4101.0,2,4102.0,4085.0,4111.0,4085.0,14.0,572450.0,2544
2023-05-10 09:01:45,jd2311,jd2311,4091.0,0.0,0.0,0.0,4,4087.0,4101.0,2,4102.0,4085.0,4111.0,4085.0,14.0,572450.0,2544
2023-05-10 09:01:46,jd2311,jd2311,4087.0,1.0,40870.0,1.0,3,4087.0,4101.0,2,4102.0,4085.0,4111.0,4085.0,15.0,613320.0,2545
2023-05-10 09:01:54,jd2311,jd2311,4087.0,0.0,0.0,0.0,2,4087.0,4101.0,2,4102.0,4085.0,4111.0,4085.0,15.0,613320.0,2545
2023-05-10 09:01:55,jd2311,jd2311,4087.0,0.0,0.0,0.0,3,4087.0,4101.0,2,4102.0,4085.0,4111.0,4085.0,15.0,613320.0,2545
2023-05-10 09:02:00,jd2311,jd2311,4087.0,0.0,0.0,0.0,2,4087.0,4101.0,2,4102.0,4085.0,4111.0,4085.0,15.0,613320.0,2545
2023-05-10 09:02:02,jd2311,jd2311,4087.0,0.0,0.0,0.0,3,4087.0,4101.0,2,4102.0,4085.0,4111.0,4085.0,15.0,613320.0,2545
2023-05-10 09:02:03,jd2311,jd2311,4087.0,0.0,0.0,0.0,3,4088.0,4101.0,2,4102.0,4085.0,4111.0,4085.0,15.0,613320.0,2545
2023-05-10 09:02:04,jd2311,jd2311,4087.0,0.0,0.0,0.0,4,4088.0,4101.0,2,4102.0,4085.0,4111.0,4085.0,15.0,613320.0,2545
2023-05-10 09:02:05,jd2311,jd2311,4087.0,0.0,0.0,0.0,4,4088.0,4101.0,1,4102.0,4085.0,4111.0,4085.0,15.0,613320.0,2545
2023-05-10 09:02:06,jd2311,jd2311,4087.0,0.0,0.0,0.0,5,4088.0,4101.0,2,4102.0,4085.0,4111.0,4085.0,15.0,613320.0,2545
2023-05-10 09:02:06,jd2311,jd2311,4087.0,0.0,0.0,0.0,3,4088.0,4101.0,2,4102.0,4085.0,4111.0,4085.0,15.0,613320.0,2545
2023-05-10 09:02:07,jd2311,jd2311,4087.0,0.0,0.0,0.0,3,4088.0,4100.0,2,4102.0,4085.0,4111.0,4085.0,15.0,613320.0,2545
2023-05-10 09:02:08,jd2311,jd2311,4087.0,0.0,0.0,0.0,1,4089.0,4100.0,3,4102.0,4085.0,4111.0,4085.0,15.0,613320.0,2545
2023-05-10 09:02:13,jd2311,jd2311,4087.0,0.0,0.0,0.0,2,4089.0,4100.0,3,4102.0,4085.0,4111.0,4085.0,15.0,613320.0,2545
2023-05-10 09:02:59,jd2311,jd2311,4087.0,0.0,0.0,0.0,2,4090.0,4100.0,3,4102.0,4085.0,4111.0,4085.0,15.0,613320.0,2545
2023-05-10 09:03:00,jd2311,jd2311,4087.0,0.0,0.0,0.0,1,4091.0,4100.0,3,4102.0,4085.0,4111.0,4085.0,15.0,613320.0,2545
2023-05-10 09:03:06,jd2311,jd2311,4087.0,0.0,0.0,0.0,1,4092.0,4100.0,3,4102.0,4085.0,4111.0,4085.0,15.0,613320.0,2545
2023-05-10 09:03:08,jd2311,jd2311,4087.0,0.0,0.0,0.0,3,4090.0,4100.0,3,4102.0,4085.0,4111.0,4085.0,15.0,613320.0,2545
2023-05-10 09:03:08,jd2311,jd2311,4087.0,0.0,0.0,0.0,4,4090.0,4100.0,3,4102.0,4085.0,4111.0,4085.0,15.0,613320.0,2545
2023-05-10 09:03:10,jd2311,jd2311,4087.0,0.0,0.0,0.0,5,4090.0,4100.0,3,4102.0,4085.0,4111.0,4085.0,15.0,613320.0,2545
2023-05-10 09:03:10,jd2311,jd2311,4087.0,0.0,0.0,0.0,3,4090.0,4100.0,3,4102.0,4085.0,4111.0,4085.0,15.0,613320.0,2545
2023-05-10 09:03:11,jd2311,jd2311,4087.0,0.0,0.0,0.0,20,4091.0,4100.0,3,4102.0,4085.0,4111.0,4085.0,15.0,613320.0,2545
2023-05-10 09:03:16,jd2311,jd2311,4087.0,0.0,0.0,0.0,10,4092.0,4100.0,3,4102.0,4085.0,4111.0,4085.0,15.0,613320.0,2545
2023-05-10 09:03:18,jd2311,jd2311,4087.0,0.0,0.0,0.0,20,4099.0,4100.0,2,4102.0,4085.0,4111.0,4085.0,15.0,613320.0,2545
2023-05-10 09:05:43,jd2311,jd2311,4100.0,1.0,41000.0,0.0,20,4099.0,4100.0,1,4102.0,4085.0,4111.0,4085.0,16.0,654320.0,2545
2023-05-10 09:05:48,jd2311,jd2311,4100.0,1.0,41000.0,0.0,20,4099.0,4101.0,1,4102.0,4085.0,4111.0,4085.0,17.0,695320.0,2545
2023-05-10 09:05:52,jd2311,jd2311,4101.0,1.0,41010.0,1.0,20,4099.0,4109.0,5,4102.0,4085.0,4111.0,4085.0,18.0,736330.0,2546
2023-05-10 09:05:53,jd2311,jd2311,4101.0,0.0,0.0,0.0,20,4099.0,4109.0,6,4102.0,4085.0,4111.0,4085.0,18.0,736330.0,2546
2023-05-10 09:06:04,jd2311,jd2311,4101.0,0.0,0.0,0.0,20,4099.0,4109.0,5,4102.0,4085.0,4111.0,4085.0,18.0,736330.0,2546
2023-05-10 09:06:11,jd2311,jd2311,4101.0,0.0,0.0,0.0,20,4099.0,4108.0,1,4102.0,4085.0,4111.0,4085.0,18.0,736330.0,2546
2023-05-10 09:06:11,jd2311,jd2311,4101.0,0.0,0.0,0.0,20,4099.0,4108.0,2,4102.0,4085.0,4111.0,4085.0,18.0,736330.0,2546
2023-05-10 09:06:32,jd2311,jd2311,4101.0,0.0,0.0,0.0,21,4099.0,4108.0,2,4102.0,4085.0,4111.0,4085.0,18.0,736330.0,2546
2023-05-10 09:06:33,jd2311,jd2311,4101.0,0.0,0.0,0.0,1,4100.0,4108.0,2,4102.0,4085.0,4111.0,4085.0,18.0,736330.0,2546
2023-05-10 09:06:33,jd2311,jd2311,4101.0,0.0,0.0,0.0,2,4100.0,4108.0,2,4102.0,4085.0,4111.0,4085.0,18.0,736330.0,2546
2023-05-10 09:06:34,jd2311,jd2311,4101.0,0.0,0.0,0.0,3,4100.0,4108.0,2,4102.0,4085.0,4111.0,4085.0,18.0,736330.0,2546
2023-05-10 09:06:36,jd2311,jd2311,4101.0,0.0,0.0,0.0,3,4100.0,4108.0,1,4102.0,4085.0,4111.0,4085.0,18.0,736330.0,2546
2023-05-10 09:06:42,jd2311,jd2311,4101.0,0.0,0.0,0.0,3,4101.0,4108.0,1,4102.0,4085.0,4111.0,4085.0,18.0,736330.0,2546
2023-05-10 09:06:44,jd2311,jd2311,4101.0,0.0,0.0,0.0,4,4101.0,4108.0,1,4102.0,4085.0,4111.0,4085.0,18.0,736330.0,2546
2023-05-10 09:06:46,jd2311,jd2311,4101.0,0.0,0.0,0.0,2,4101.0,4108.0,1,4102.0,4085.0,4111.0,4085.0,18.0,736330.0,2546
2023-05-10 09:06:52,jd2311,jd2311,4101.0,0.0,0.0,0.0,1,4102.0,4108.0,1,4102.0,4085.0,4111.0,4085.0,18.0,736330.0,2546
2023-05-10 09:06:56,jd2311,jd2311,4101.0,0.0,0.0,0.0,2,4102.0,4108.0,1,4102.0,4085.0,4111.0,4085.0,18.0,736330.0,2546
2023-05-10 09:06:57,jd2311,jd2311,4101.0,0.0,0.0,0.0,1,4102.0,4108.0,1,4102.0,4085.0,4111.0,4085.0,18.0,736330.0,2546
2023-05-10 09:07:02,jd2311,jd2311,4101.0,0.0,0.0,0.0,2,4102.0,4108.0,1,4102.0,4085.0,4111.0,4085.0,18.0,736330.0,2546
2023-05-10 09:07:04,jd2311,jd2311,4101.0,0.0,0.0,0.0,1,4102.0,4108.0,1,4102.0,4085.0,4111.0,4085.0,18.0,736330.0,2546
2023-05-10 09:08:01,jd2311,jd2311,4101.0,0.0,0.0,0.0,3,4102.0,4108.0,1,4102.0,4085.0,4111.0,4085.0,18.0,736330.0,2546
2023-05-10 09:08:10,jd2311,jd2311,4101.0,0.0,0.0,0.0,2,4103.0,4108.0,1,4102.0,4085.0,4111.0,4085.0,18.0,736330.0,2546
2023-05-10 09:08:27,jd2311,jd2311,4101.0,0.0,0.0,0.0,2,4103.0,4108.0,3,4102.0,4085.0,4111.0,4085.0,18.0,736330.0,2546
2023-05-10 09:08:43,jd2311,jd2311,4101.0,0.0,0.0,0.0,2,4103.0,4106.0,1,4102.0,4085.0,4111.0,4085.0,18.0,736330.0,2546
2023-05-10 09:08:50,jd2311,jd2311,4101.0,0.0,0.0,0.0,2,4103.0,4108.0,3,4102.0,4085.0,4111.0,4085.0,18.0,736330.0,2546
2023-05-10 09:08:51,jd2311,jd2311,4101.0,0.0,0.0,0.0,2,4103.0,4108.0,4,4102.0,4085.0,4111.0,4085.0,18.0,736330.0,2546
2023-05-10 09:09:02,jd2311,jd2311,4101.0,0.0,0.0,0.0,1,4104.0,4108.0,4,4102.0,4085.0,4111.0,4085.0,18.0,736330.0,2546
2023-05-10 09:09:02,jd2311,jd2311,4101.0,0.0,0.0,0.0,6,4104.0,4108.0,4,4102.0,4085.0,4111.0,4085.0,18.0,736330.0,2546
2023-05-10 09:09:08,jd2311,jd2311,4101.0,0.0,0.0,0.0,2,4106.0,4108.0,4,4102.0,4085.0,4111.0,4085.0,18.0,736330.0,2546
2023-05-10 09:09:31,jd2311,jd2311,4108.0,1.0,41080.0,1.0,2,4106.0,4108.0,3,4102.0,4085.0,4111.0,4085.0,19.0,777410.0,2547
2023-05-10 09:09:32,jd2311,jd2311,4108.0,0.0,0.0,0.0,7,4106.0,4108.0,3,4102.0,4085.0,4111.0,4085.0,19.0,777410.0,2547
2023-05-10 09:09:56,jd2311,jd2311,4108.0,0.0,0.0,0.0,7,4106.0,4107.0,1,4102.0,4085.0,4111.0,4085.0,19.0,777410.0,2547
2023-05-10 09:09:58,jd2311,jd2311,4107.0,1.0,41070.0,0.0,1,4107.0,4108.0,2,4102.0,4085.0,4111.0,4085.0,20.0,818480.0,2547
2023-05-10 09:09:58,jd2311,jd2311,4106.0,2.0,82130.0,0.0,4,4106.0,4108.0,2,4102.0,4085.0,4111.0,4085.0,22.0,900610.0,2547
2023-05-10 09:10:08,jd2311,jd2311,4106.0,4.0,164240.0,0.0,20,4099.0,4108.0,2,4102.0,4085.0,4111.0,4085.0,26.0,1064850.0,2547
2023-05-10 09:10:12,jd2311,jd2311,4106.0,0.0,0.0,0.0,20,4099.0,4108.0,4,4102.0,4085.0,4111.0,4085.0,26.0,1064850.0,2547
2023-05-10 09:10:14,jd2311,jd2311,4106.0,0.0,0.0,0.0,4,4100.0,4108.0,4,4102.0,4085.0,4111.0,4085.0,26.0,1064850.0,2547
2023-05-10 09:10:14,jd2311,jd2311,4106.0,0.0,0.0,0.0,1,4101.0,4108.0,4,4102.0,4085.0,4111.0,4085.0,26.0,1064850.0,2547
2023-05-10 09:10:18,jd2311,jd2311,4106.0,0.0,0.0,0.0,1,4101.0,4107.0,1,4102.0,4085.0,4111.0,4085.0,26.0,1064850.0,2547
2023-05-10 09:10:40,jd2311,jd2311,4106.0,0.0,0.0,0.0,1,4101.0,4108.0,4,4102.0,4085.0,4111.0,4085.0,26.0,1064850.0,2547
2023-05-10 09:10:45,jd2311,jd2311,4106.0,0.0,0.0,0.0,1,4101.0,4107.0,1,4102.0,4085.0,4111.0,4085.0,26.0,1064850.0,2547
2023-05-10 09:11:09,jd2311,jd2311,4106.0,0.0,0.0,0.0,1,4101.0,4108.0,4,4102.0,4085.0,4111.0,4085.0,26.0,1064850.0,2547
2023-05-10 09:11:27,jd2311,jd2311,4106.0,0.0,0.0,0.0,1,4101.0,4108.0,5,4102.0,4085.0,4111.0,4085.0,26.0,1064850.0,2547
2023-05-10 09:11:32,jd2311,jd2311,4106.0,0.0,0.0,0.0,1,4101.0,4108.0,4,4102.0,4085.0,4111.0,4085.0,26.0,1064850.0,2547
2023-05-10 09:11:34,jd2311,jd2311,4106.0,0.0,0.0,0.0,2,4101.0,4108.0,4,4102.0,4085.0,4111.0,4085.0,26.0,1064850.0,2547
2023-05-10 09:11:38,jd2311,jd2311,4106.0,0.0,0.0,0.0,1,4101.0,4108.0,4,4102.0,4085.0,4111.0,4085.0,26.0,1064850.0,2547
2023-05-10 09:11:50,jd2311,jd2311,4106.0,0.0,0.0,0.0,4,4101.0,4108.0,4,4102.0,4085.0,4111.0,4085.0,26.0,1064850.0,2547
2023-05-10 09:11:57,jd2311,jd2311,4106.0,0.0,0.0,0.0,5,4101.0,4108.0,4,4102.0,4085.0,4111.0,4085.0,26.0,1064850.0,2547
2023-05-10 09:11:59,jd2311,jd2311,4106.0,0.0,0.0,0.0,4,4101.0,4108.0,4,4102.0,4085.0,4111.0,4085.0,26.0,1064850.0,2547
2023-05-10 09:12:01,jd2311,jd2311,4106.0,0.0,0.0,0.0,5,4101.0,4108.0,4,4102.0,4085.0,4111.0,4085.0,26.0,1064850.0,2547
2023-05-10 09:12:02,jd2311,jd2311,4106.0,0.0,0.0,0.0,4,4101.0,4108.0,4,4102.0,4085.0,4111.0,4085.0,26.0,1064850.0,2547
2023-05-10 09:12:03,jd2311,jd2311,4106.0,0.0,0.0,0.0,5,4101.0,4108.0,4,4102.0,4085.0,4111.0,4085.0,26.0,1064850.0,2547
2023-05-10 09:12:06,jd2311,jd2311,4106.0,0.0,0.0,0.0,1,4103.0,4108.0,4,4102.0,4085.0,4111.0,4085.0,26.0,1064850.0,2547
2023-05-10 09:12:07,jd2311,jd2311,4108.0,1.0,41080.0,0.0,1,4103.0,4108.0,3,4102.0,4085.0,4111.0,4085.0,27.0,1105930.0,2547
2023-05-10 09:12:08,jd2311,jd2311,4108.0,0.0,0.0,0.0,1,4107.0,4108.0,3,4102.0,4085.0,4111.0,4085.0,27.0,1105930.0,2547
2023-05-10 09:12:08,jd2311,jd2311,4108.0,0.0,0.0,0.0,1,4105.0,4108.0,3,4102.0,4085.0,4111.0,4085.0,27.0,1105930.0,2547
2023-05-10 09:12:08,jd2311,jd2311,4108.0,0.0,0.0,0.0,1,4107.0,4108.0,3,4102.0,4085.0,4111.0,4085.0,27.0,1105930.0,2547
2023-05-10 09:12:09,jd2311,jd2311,4108.0,0.0,0.0,0.0,1,4102.0,4108.0,3,4102.0,4085.0,4111.0,4085.0,27.0,1105930.0,2547
2023-05-10 09:12:10,jd2311,jd2311,4108.0,0.0,0.0,0.0,1,4104.0,4108.0,3,4102.0,4085.0,4111.0,4085.0,27.0,1105930.0,2547
2023-05-10 09:12:11,jd2311,jd2311,4108.0,0.0,0.0,0.0,1,4107.0,4108.0,3,4102.0,4085.0,4111.0,4085.0,27.0,1105930.0,2547
2023-05-10 09:12:12,jd2311,jd2311,4108.0,0.0,0.0,0.0,2,4107.0,4108.0,3,4102.0,4085.0,4111.0,4085.0,27.0,1105930.0,2547
2023-05-10 09:12:14,jd2311,jd2311,4108.0,2.0,82160.0,0.0,2,4107.0,4108.0,1,4102.0,4085.0,4111.0,4085.0,29.0,1188090.0,2547
2023-05-10 09:12:15,jd2311,jd2311,4108.0,1.0,41080.0,0.0,1,4108.0,4110.0,17,4102.0,4085.0,4111.0,4085.0,30.0,1229170.0,2547
2023-05-10 09:12:25,jd2311,jd2311,4108.0,0.0,0.0,0.0,3,4108.0,4110.0,17,4102.0,4085.0,4111.0,4085.0,30.0,1229170.0,2547
2023-05-10 09:12:29,jd2311,jd2311,4108.0,0.0,0.0,0.0,1,4108.0,4110.0,17,4102.0,4085.0,4111.0,4085.0,30.0,1229170.0,2547
2023-05-10 09:12:43,jd2311,jd2311,4108.0,0.0,0.0,0.0,3,4108.0,4110.0,17,4102.0,4085.0,4111.0,4085.0,30.0,1229170.0,2547
2023-05-10 09:12:44,jd2311,jd2311,4110.0,5.0,205500.0,-5.0,3,4108.0,4110.0,12,4102.0,4085.0,4111.0,4085.0,35.0,1434670.0,2542
2023-05-10 09:12:50,jd2311,jd2311,4110.0,0.0,0.0,0.0,1,4108.0,4110.0,12,4102.0,4085.0,4111.0,4085.0,35.0,1434670.0,2542
2023-05-10 09:12:52,jd2311,jd2311,4110.0,0.0,0.0,0.0,1,4109.0,4110.0,12,4102.0,4085.0,4111.0,4085.0,35.0,1434670.0,2542
2023-05-10 09:13:04,jd2311,jd2311,4110.0,0.0,0.0,0.0,2,4109.0,4110.0,12,4102.0,4085.0,4111.0,4085.0,35.0,1434670.0,2542
2023-05-10 09:13:06,jd2311,jd2311,4110.0,4.0,164400.0,-4.0,2,4109.0,4110.0,8,4102.0,4085.0,4111.0,4085.0,39.0,1599070.0,2538
2023-05-10 09:13:51,jd2311,jd2311,4110.0,2.0,82190.0,0.0,1,4109.0,4110.0,7,4102.0,4085.0,4111.0,4085.0,41.0,1681260.0,2538
2023-05-10 09:14:21,jd2311,jd2311,4110.0,0.0,0.0,0.0,2,4109.0,4110.0,7,4102.0,4085.0,4111.0,4085.0,41.0,1681260.0,2538
2023-05-10 09:14:28,jd2311,jd2311,4110.0,0.0,0.0,0.0,1,4109.0,4110.0,7,4102.0,4085.0,4111.0,4085.0,41.0,1681260.0,2538
2023-05-10 09:15:38,jd2311,jd2311,4110.0,0.0,0.0,0.0,3,4109.0,4110.0,7,4102.0,4085.0,4111.0,4085.0,41.0,1681260.0,2538
2023-05-10 09:15:40,jd2311,jd2311,4110.0,1.0,41100.0,-1.0,3,4109.0,4110.0,6,4102.0,4085.0,4111.0,4085.0,42.0,1722360.0,2537
2023-05-10 09:15:41,jd2311,jd2311,4110.0,1.0,41100.0,-1.0,3,4109.0,4110.0,5,4102.0,4085.0,4111.0,4085.0,43.0,1763460.0,2536
2023-05-10 09:15:49,jd2311,jd2311,4110.0,1.0,41100.0,-1.0,3,4109.0,4110.0,4,4102.0,4085.0,4111.0,4085.0,44.0,1804560.0,2535
2023-05-10 09:16:13,jd2311,jd2311,4109.0,2.0,82180.0,-2.0,1,4109.0,4110.0,4,4102.0,4085.0,4111.0,4085.0,46.0,1886740.0,2533
2023-05-10 09:16:21,jd2311,jd2311,4110.0,1.0,41100.0,-1.0,1,4109.0,4110.0,3,4102.0,4085.0,4111.0,4085.0,47.0,1927840.0,2532
2023-05-10 09:16:30,jd2311,jd2311,4110.0,0.0,0.0,0.0,2,4109.0,4110.0,3,4102.0,4085.0,4111.0,4085.0,47.0,1927840.0,2532
2023-05-10 09:16:37,jd2311,jd2311,4110.0,0.0,0.0,0.0,1,4109.0,4110.0,3,4102.0,4085.0,4111.0,4085.0,47.0,1927840.0,2532
2023-05-10 09:16:55,jd2311,jd2311,4110.0,3.0,123300.0,0.0,2,4110.0,4113.0,2,4102.0,4085.0,4111.0,4085.0,50.0,2051140.0,2532
2023-05-10 09:16:55,jd2311,jd2311,4113.0,1.0,41130.0,-1.0,2,4110.0,4113.0,1,4102.0,4085.0,4113.0,4085.0,51.0,2092270.0,2531
2023-05-10 09:16:58,jd2311,jd2311,4113.0,0.0,0.0,0.0,1,4110.0,4112.0,1,4102.0,4085.0,4113.0,4085.0,51.0,2092270.0,2531
2023-05-10 09:16:59,jd2311,jd2311,4113.0,0.0,0.0,0.0,1,4110.0,4113.0,1,4102.0,4085.0,4113.0,4085.0,51.0,2092270.0,2531
2023-05-10 09:16:59,jd2311,jd2311,4113.0,1.0,41130.0,-1.0,2,4110.0,4139.0,1,4102.0,4085.0,4113.0,4085.0,52.0,2133400.0,2530
2023-05-10 09:17:00,jd2311,jd2311,4113.0,0.0,0.0,0.0,2,4110.0,4130.0,2,4102.0,4085.0,4113.0,4085.0,52.0,2133400.0,2530
2023-05-10 09:17:01,jd2311,jd2311,4113.0,0.0,0.0,0.0,2,4110.0,4128.0,2,4102.0,4085.0,4113.0,4085.0,52.0,2133400.0,2530
2023-05-10 09:17:02,jd2311,jd2311,4113.0,0.0,0.0,0.0,2,4110.0,4128.0,3,4102.0,4085.0,4113.0,4085.0,52.0,2133400.0,2530
2023-05-10 09:17:02,jd2311,jd2311,4113.0,0.0,0.0,0.0,2,4110.0,4128.0,4,4102.0,4085.0,4113.0,4085.0,52.0,2133400.0,2530
2023-05-10 09:17:08,jd2311,jd2311,4113.0,0.0,0.0,0.0,2,4110.0,4127.0,1,4102.0,4085.0,4113.0,4085.0,52.0,2133400.0,2530
2023-05-10 09:17:08,jd2311,jd2311,4113.0,0.0,0.0,0.0,2,4110.0,4127.0,2,4102.0,4085.0,4113.0,4085.0,52.0,2133400.0,2530
2023-05-10 09:17:09,jd2311,jd2311,4113.0,0.0,0.0,0.0,2,4110.0,4125.0,1,4102.0,4085.0,4113.0,4085.0,52.0,2133400.0,2530
2023-05-10 09:17:10,jd2311,jd2311,4113.0,0.0,0.0,0.0,2,4110.0,4125.0,2,4102.0,4085.0,4113.0,4085.0,52.0,2133400.0,2530
2023-05-10 09:17:10,jd2311,jd2311,4113.0,0.0,0.0,0.0,2,4110.0,4125.0,3,4102.0,4085.0,4113.0,4085.0,52.0,2133400.0,2530
2023-05-10 09:17:14,jd2311,jd2311,4113.0,0.0,0.0,0.0,2,4110.0,4121.0,5,4102.0,4085.0,4113.0,4085.0,52.0,2133400.0,2530
2023-05-10 09:17:15,jd2311,jd2311,4113.0,0.0,0.0,0.0,2,4110.0,4121.0,6,4102.0,4085.0,4113.0,4085.0,52.0,2133400.0,2530
2023-05-10 09:17:16,jd2311,jd2311,4113.0,0.0,0.0,0.0,2,4110.0,4121.0,8,4102.0,4085.0,4113.0,4085.0,52.0,2133400.0,2530
2023-05-10 09:17:19,jd2311,jd2311,4113.0,0.0,0.0,0.0,2,4110.0,4120.0,1,4102.0,4085.0,4113.0,4085.0,52.0,2133400.0,2530
2023-05-10 09:17:19,jd2311,jd2311,4113.0,0.0,0.0,0.0,2,4110.0,4120.0,2,4102.0,4085.0,4113.0,4085.0,52.0,2133400.0,2530
2023-05-10 09:17:20,jd2311,jd2311,4113.0,0.0,0.0,0.0,2,4110.0,4120.0,3,4102.0,4085.0,4113.0,4085.0,52.0,2133400.0,2530
2023-05-10 09:17:20,jd2311,jd2311,4113.0,0.0,0.0,0.0,2,4110.0,4120.0,4,4102.0,4085.0,4113.0,4085.0,52.0,2133400.0,2530
2023-05-10 09:17:22,jd2311,jd2311,4113.0,0.0,0.0,0.0,1,4110.0,4120.0,4,4102.0,4085.0,4113.0,4085.0,52.0,2133400.0,2530
2023-05-10 09:17:26,jd2311,jd2311,4113.0,0.0,0.0,0.0,1,4110.0,4119.0,5,4102.0,4085.0,4113.0,4085.0,52.0,2133400.0,2530
2023-05-10 09:17:27,jd2311,jd2311,4113.0,0.0,0.0,0.0,1,4110.0,4119.0,6,4102.0,4085.0,4113.0,4085.0,52.0,2133400.0,2530
2023-05-10 09:17:27,jd2311,jd2311,4113.0,0.0,0.0,0.0,1,4110.0,4119.0,7,4102.0,4085.0,4113.0,4085.0,52.0,2133400.0,2530
2023-05-10 09:17:27,jd2311,jd2311,4113.0,0.0,0.0,0.0,1,4110.0,4119.0,8,4102.0,4085.0,4113.0,4085.0,52.0,2133400.0,2530
2023-05-10 09:17:39,jd2311,jd2311,4113.0,0.0,0.0,0.0,1,4110.0,4118.0,1,4102.0,4085.0,4113.0,4085.0,52.0,2133400.0,2530
2023-05-10 09:17:40,jd2311,jd2311,4113.0,0.0,0.0,0.0,1,4110.0,4118.0,2,4102.0,4085.0,4113.0,4085.0,52.0,2133400.0,2530
2023-05-10 09:17:41,jd2311,jd2311,4113.0,0.0,0.0,0.0,1,4110.0,4117.0,1,4102.0,4085.0,4113.0,4085.0,52.0,2133400.0,2530
2023-05-10 09:17:41,jd2311,jd2311,4113.0,0.0,0.0,0.0,1,4110.0,4117.0,2,4102.0,4085.0,4113.0,4085.0,52.0,2133400.0,2530
2023-05-10 09:17:42,jd2311,jd2311,4113.0,0.0,0.0,0.0,1,4110.0,4117.0,3,4102.0,4085.0,4113.0,4085.0,52.0,2133400.0,2530
2023-05-10 09:17:46,jd2311,jd2311,4113.0,0.0,0.0,0.0,3,4102.0,4116.0,1,4102.0,4085.0,4113.0,4085.0,52.0,2133400.0,2530
2023-05-10 09:17:46,jd2311,jd2311,4113.0,0.0,0.0,0.0,3,4102.0,4116.0,2,4102.0,4085.0,4113.0,4085.0,52.0,2133400.0,2530
2023-05-10 09:17:47,jd2311,jd2311,4113.0,0.0,0.0,0.0,2,4103.0,4116.0,2,4102.0,4085.0,4113.0,4085.0,52.0,2133400.0,2530
2023-05-10 09:17:47,jd2311,jd2311,4113.0,0.0,0.0,0.0,2,4103.0,4116.0,3,4102.0,4085.0,4113.0,4085.0,52.0,2133400.0,2530
2023-05-10 09:17:49,jd2311,jd2311,4113.0,0.0,0.0,0.0,1,4104.0,4116.0,3,4102.0,4085.0,4113.0,4085.0,52.0,2133400.0,2530
2023-05-10 09:17:49,jd2311,jd2311,4113.0,0.0,0.0,0.0,2,4104.0,4116.0,3,4102.0,4085.0,4113.0,4085.0,52.0,2133400.0,2530
2023-05-10 09:17:50,jd2311,jd2311,4113.0,0.0,0.0,0.0,1,4106.0,4116.0,3,4102.0,4085.0,4113.0,4085.0,52.0,2133400.0,2530
2023-05-10 09:17:57,jd2311,jd2311,4113.0,0.0,0.0,0.0,1,4106.0,4115.0,1,4102.0,4085.0,4113.0,4085.0,52.0,2133400.0,2530
2023-05-10 09:18:13,jd2311,jd2311,4113.0,0.0,0.0,0.0,1,4106.0,4115.0,2,4102.0,4085.0,4113.0,4085.0,52.0,2133400.0,2530
2023-05-10 09:18:21,jd2311,jd2311,4113.0,0.0,0.0,0.0,1,4106.0,4114.0,2,4102.0,4085.0,4113.0,4085.0,52.0,2133400.0,2530
2023-05-10 09:19:21,jd2311,jd2311,4113.0,0.0,0.0,0.0,1,4106.0,4113.0,1,4102.0,4085.0,4113.0,4085.0,52.0,2133400.0,2530
2023-05-10 09:19:21,jd2311,jd2311,4113.0,0.0,0.0,0.0,1,4106.0,4113.0,2,4102.0,4085.0,4113.0,4085.0,52.0,2133400.0,2530
2023-05-10 09:19:37,jd2311,jd2311,4113.0,0.0,0.0,0.0,2,4106.0,4113.0,2,4102.0,4085.0,4113.0,4085.0,52.0,2133400.0,2530
2023-05-10 09:19:43,jd2311,jd2311,4113.0,0.0,0.0,0.0,1,4106.0,4113.0,2,4102.0,4085.0,4113.0,4085.0,52.0,2133400.0,2530
2023-05-10 09:19:49,jd2311,jd2311,4113.0,2.0,82260.0,2.0,3,4113.0,4114.0,1,4102.0,4085.0,4113.0,4085.0,54.0,2215660.0,2532
2023-05-10 09:19:50,jd2311,jd2311,4113.0,0.0,0.0,0.0,3,4113.0,4115.0,1,4102.0,4085.0,4113.0,4085.0,54.0,2215660.0,2532
2023-05-10 09:20:27,jd2311,jd2311,4113.0,0.0,0.0,0.0,3,4113.0,4120.0,1,4102.0,4085.0,4113.0,4085.0,54.0,2215660.0,2532
2023-05-10 09:20:28,jd2311,jd2311,4113.0,0.0,0.0,0.0,3,4113.0,4120.0,2,4102.0,4085.0,4113.0,4085.0,54.0,2215660.0,2532
2023-05-10 09:20:29,jd2311,jd2311,4113.0,0.0,0.0,0.0,3,4113.0,4116.0,1,4102.0,4085.0,4113.0,4085.0,54.0,2215660.0,2532
2023-05-10 09:20:44,jd2311,jd2311,4113.0,3.0,123390.0,3.0,2,4106.0,4113.0,2,4102.0,4085.0,4113.0,4085.0,57.0,2339050.0,2535
2023-05-10 09:20:45,jd2311,jd2311,4113.0,0.0,0.0,0.0,2,4107.0,4113.0,2,4102.0,4085.0,4113.0,4085.0,57.0,2339050.0,2535
2023-05-10 09:21:09,jd2311,jd2311,4113.0,0.0,0.0,0.0,2,4107.0,4112.0,1,4102.0,4085.0,4113.0,4085.0,57.0,2339050.0,2535
2023-05-10 09:21:15,jd2311,jd2311,4113.0,0.0,0.0,0.0,2,4107.0,4113.0,2,4102.0,4085.0,4113.0,4085.0,57.0,2339050.0,2535
2023-05-10 09:21:33,jd2311,jd2311,4113.0,0.0,0.0,0.0,3,4107.0,4113.0,2,4102.0,4085.0,4113.0,4085.0,57.0,2339050.0,2535
2023-05-10 09:21:35,jd2311,jd2311,4113.0,0.0,0.0,0.0,1,4110.0,4113.0,2,4102.0,4085.0,4113.0,4085.0,57.0,2339050.0,2535
2023-05-10 09:21:35,jd2311,jd2311,4113.0,0.0,0.0,0.0,2,4110.0,4113.0,2,4102.0,4085.0,4113.0,4085.0,57.0,2339050.0,2535
2023-05-10 09:21:36,jd2311,jd2311,4113.0,0.0,0.0,0.0,3,4110.0,4113.0,2,4102.0,4085.0,4113.0,4085.0,57.0,2339050.0,2535
2023-05-10 09:21:41,jd2311,jd2311,4113.0,0.0,0.0,0.0,2,4111.0,4113.0,2,4102.0,4085.0,4113.0,4085.0,57.0,2339050.0,2535
2023-05-10 09:21:41,jd2311,jd2311,4113.0,0.0,0.0,0.0,3,4111.0,4113.0,2,4102.0,4085.0,4113.0,4085.0,57.0,2339050.0,2535
2023-05-10 09:21:42,jd2311,jd2311,4113.0,0.0,0.0,0.0,1,4112.0,4113.0,2,4102.0,4085.0,4113.0,4085.0,57.0,2339050.0,2535
2023-05-10 09:21:43,jd2311,jd2311,4113.0,0.0,0.0,0.0,2,4112.0,4113.0,2,4102.0,4085.0,4113.0,4085.0,57.0,2339050.0,2535
2023-05-10 09:21:44,jd2311,jd2311,4113.0,1.0,41130.0,0.0,2,4112.0,4113.0,1,4102.0,4085.0,4113.0,4085.0,58.0,2380180.0,2535
2023-05-10 09:21:45,jd2311,jd2311,4113.0,1.0,41130.0,1.0,1,4113.0,4116.0,1,4102.0,4085.0,4113.0,4085.0,59.0,2421310.0,2536
2023-05-10 09:21:46,jd2311,jd2311,4113.0,0.0,0.0,0.0,2,4113.0,4116.0,1,4102.0,4085.0,4113.0,4085.0,59.0,2421310.0,2536
2023-05-10 09:21:51,jd2311,jd2311,4113.0,0.0,0.0,0.0,1,4113.0,4115.0,1,4102.0,4085.0,4113.0,4085.0,59.0,2421310.0,2536
2023-05-10 09:21:52,jd2311,jd2311,4113.0,0.0,0.0,0.0,2,4113.0,4116.0,1,4102.0,4085.0,4113.0,4085.0,59.0,2421310.0,2536
2023-05-10 09:21:53,jd2311,jd2311,4113.0,0.0,0.0,0.0,2,4113.0,4115.0,1,4102.0,4085.0,4113.0,4085.0,59.0,2421310.0,2536
2023-05-10 09:21:53,jd2311,jd2311,4113.0,0.0,0.0,0.0,1,4113.0,4115.0,1,4102.0,4085.0,4113.0,4085.0,59.0,2421310.0,2536
2023-05-10 09:21:56,jd2311,jd2311,4113.0,1.0,41130.0,1.0,2,4110.0,4113.0,4,4102.0,4085.0,4113.0,4085.0,60.0,2462440.0,2537
2023-05-10 09:22:16,jd2311,jd2311,4113.0,2.0,82260.0,0.0,2,4110.0,4113.0,2,4102.0,4085.0,4113.0,4085.0,62.0,2544700.0,2537
2023-05-10 09:22:17,jd2311,jd2311,4113.0,2.0,82260.0,0.0,2,4110.0,4115.0,1,4102.0,4085.0,4113.0,4085.0,64.0,2626960.0,2537
2023-05-10 09:22:20,jd2311,jd2311,4113.0,0.0,0.0,0.0,3,4110.0,4115.0,1,4102.0,4085.0,4113.0,4085.0,64.0,2626960.0,2537
2023-05-10 09:22:22,jd2311,jd2311,4116.0,2.0,82310.0,0.0,2,4110.0,4117.0,1,4102.0,4085.0,4116.0,4085.0,66.0,2709270.0,2537
2023-05-10 09:22:22,jd2311,jd2311,4116.0,0.0,0.0,0.0,1,4115.0,4117.0,1,4102.0,4085.0,4116.0,4085.0,66.0,2709270.0,2537
2023-05-10 09:22:23,jd2311,jd2311,4115.0,1.0,41150.0,0.0,1,4110.0,4117.0,2,4102.0,4085.0,4116.0,4085.0,67.0,2750420.0,2537
2023-05-10 09:22:23,jd2311,jd2311,4115.0,0.0,0.0,0.0,1,4116.0,4117.0,1,4102.0,4085.0,4116.0,4085.0,67.0,2750420.0,2537
2023-05-10 09:22:28,jd2311,jd2311,4115.0,0.0,0.0,0.0,2,4113.0,4117.0,1,4102.0,4085.0,4116.0,4085.0,67.0,2750420.0,2537
2023-05-10 09:22:41,jd2311,jd2311,4113.0,2.0,82260.0,-2.0,1,4110.0,4117.0,1,4102.0,4085.0,4116.0,4085.0,69.0,2832680.0,2535
2023-05-10 09:22:42,jd2311,jd2311,4113.0,0.0,0.0,0.0,1,4113.0,4116.0,1,4102.0,4085.0,4116.0,4085.0,69.0,2832680.0,2535
2023-05-10 09:22:47,jd2311,jd2311,4113.0,0.0,0.0,0.0,1,4113.0,4115.0,1,4102.0,4085.0,4116.0,4085.0,69.0,2832680.0,2535
2023-05-10 09:22:55,jd2311,jd2311,4115.0,1.0,41150.0,0.0,9,4115.0,4116.0,1,4102.0,4085.0,4116.0,4085.0,70.0,2873830.0,2535
2023-05-10 09:23:00,jd2311,jd2311,4115.0,0.0,0.0,0.0,9,4115.0,4120.0,1,4102.0,4085.0,4116.0,4085.0,70.0,2873830.0,2535
2023-05-10 09:23:08,jd2311,jd2311,4115.0,0.0,0.0,0.0,1,4113.0,4120.0,1,4102.0,4085.0,4116.0,4085.0,70.0,2873830.0,2535
2023-05-10 09:23:13,jd2311,jd2311,4115.0,0.0,0.0,0.0,2,4113.0,4120.0,1,4102.0,4085.0,4116.0,4085.0,70.0,2873830.0,2535
2023-05-10 09:23:14,jd2311,jd2311,4115.0,0.0,0.0,0.0,1,4118.0,4120.0,1,4102.0,4085.0,4116.0,4085.0,70.0,2873830.0,2535
2023-05-10 09:23:14,jd2311,jd2311,4120.0,1.0,41200.0,0.0,1,4118.0,4128.0,1,4102.0,4085.0,4120.0,4085.0,71.0,2915030.0,2535
2023-05-10 09:23:16,jd2311,jd2311,4120.0,0.0,0.0,0.0,1,4118.0,4128.0,2,4102.0,4085.0,4120.0,4085.0,71.0,2915030.0,2535
2023-05-10 09:23:21,jd2311,jd2311,4118.0,1.0,41180.0,0.0,1,4113.0,4128.0,2,4102.0,4085.0,4120.0,4085.0,72.0,2956210.0,2535
2023-05-10 09:23:21,jd2311,jd2311,4118.0,0.0,0.0,0.0,1,4119.0,4128.0,1,4102.0,4085.0,4120.0,4085.0,72.0,2956210.0,2535
2023-05-10 09:23:25,jd2311,jd2311,4118.0,0.0,0.0,0.0,2,4119.0,4128.0,1,4102.0,4085.0,4120.0,4085.0,72.0,2956210.0,2535
2023-05-10 09:23:27,jd2311,jd2311,4118.0,0.0,0.0,0.0,2,4119.0,4127.0,1,4102.0,4085.0,4120.0,4085.0,72.0,2956210.0,2535
2023-05-10 09:23:27,jd2311,jd2311,4118.0,0.0,0.0,0.0,2,4119.0,4127.0,2,4102.0,4085.0,4120.0,4085.0,72.0,2956210.0,2535
2023-05-10 09:23:28,jd2311,jd2311,4118.0,0.0,0.0,0.0,3,4119.0,4127.0,2,4102.0,4085.0,4120.0,4085.0,72.0,2956210.0,2535
2023-05-10 09:23:30,jd2311,jd2311,4118.0,0.0,0.0,0.0,2,4119.0,4127.0,2,4102.0,4085.0,4120.0,4085.0,72.0,2956210.0,2535
2023-05-10 09:23:31,jd2311,jd2311,4118.0,0.0,0.0,0.0,2,4119.0,4127.0,1,4102.0,4085.0,4120.0,4085.0,72.0,2956210.0,2535
2023-05-10 09:23:31,jd2311,jd2311,4118.0,0.0,0.0,0.0,3,4119.0,4127.0,1,4102.0,4085.0,4120.0,4085.0,72.0,2956210.0,2535
2023-05-10 09:23:33,jd2311,jd2311,4118.0,0.0,0.0,0.0,2,4119.0,4127.0,1,4102.0,4085.0,4120.0,4085.0,72.0,2956210.0,2535
2023-05-10 09:23:35,jd2311,jd2311,4118.0,0.0,0.0,0.0,3,4119.0,4127.0,1,4102.0,4085.0,4120.0,4085.0,72.0,2956210.0,2535
2023-05-10 09:23:57,jd2311,jd2311,4118.0,0.0,0.0,0.0,1,4124.0,4127.0,1,4102.0,4085.0,4120.0,4085.0,72.0,2956210.0,2535
2023-05-10 09:23:57,jd2311,jd2311,4118.0,0.0,0.0,0.0,1,4124.0,4128.0,1,4102.0,4085.0,4120.0,4085.0,72.0,2956210.0,2535
2023-05-10 09:23:58,jd2311,jd2311,4118.0,0.0,0.0,0.0,2,4124.0,4128.0,1,4102.0,4085.0,4120.0,4085.0,72.0,2956210.0,2535
2023-05-10 09:23:58,jd2311,jd2311,4118.0,0.0,0.0,0.0,1,4124.0,4128.0,1,4102.0,4085.0,4120.0,4085.0,72.0,2956210.0,2535
2023-05-10 09:24:00,jd2311,jd2311,4118.0,0.0,0.0,0.0,2,4124.0,4128.0,1,4102.0,4085.0,4120.0,4085.0,72.0,2956210.0,2535
2023-05-10 09:24:14,jd2311,jd2311,4128.0,1.0,41280.0,-1.0,7,4128.0,4139.0,1,4102.0,4085.0,4128.0,4085.0,73.0,2997490.0,2534
2023-05-10 09:24:22,jd2311,jd2311,4128.0,3.0,123840.0,0.0,4,4128.0,4139.0,1,4102.0,4085.0,4128.0,4085.0,76.0,3121330.0,2534
2023-05-10 09:24:23,jd2311,jd2311,4128.0,0.0,0.0,0.0,4,4128.0,4138.0,1,4102.0,4085.0,4128.0,4085.0,76.0,3121330.0,2534
2023-05-10 09:24:23,jd2311,jd2311,4128.0,0.0,0.0,0.0,4,4128.0,4138.0,2,4102.0,4085.0,4128.0,4085.0,76.0,3121330.0,2534
2023-05-10 09:24:29,jd2311,jd2311,4128.0,1.0,41280.0,-1.0,3,4128.0,4138.0,2,4102.0,4085.0,4128.0,4085.0,77.0,3162610.0,2533
2023-05-10 09:24:29,jd2311,jd2311,4128.0,3.0,123840.0,0.0,1,4124.0,4138.0,2,4102.0,4085.0,4128.0,4085.0,80.0,3286450.0,2533
2023-05-10 09:24:40,jd2311,jd2311,4128.0,0.0,0.0,0.0,1,4124.0,4138.0,3,4102.0,4085.0,4128.0,4085.0,80.0,3286450.0,2533
2023-05-10 09:24:47,jd2311,jd2311,4128.0,0.0,0.0,0.0,1,4125.0,4138.0,3,4102.0,4085.0,4128.0,4085.0,80.0,3286450.0,2533
2023-05-10 09:24:49,jd2311,jd2311,4128.0,0.0,0.0,0.0,2,4125.0,4138.0,3,4102.0,4085.0,4128.0,4085.0,80.0,3286450.0,2533
2023-05-10 09:24:52,jd2311,jd2311,4128.0,0.0,0.0,0.0,2,4125.0,4137.0,5,4102.0,4085.0,4128.0,4085.0,80.0,3286450.0,2533
2023-05-10 09:24:52,jd2311,jd2311,4128.0,0.0,0.0,0.0,2,4125.0,4137.0,6,4102.0,4085.0,4128.0,4085.0,80.0,3286450.0,2533
2023-05-10 09:24:53,jd2311,jd2311,4128.0,0.0,0.0,0.0,1,4126.0,4137.0,6,4102.0,4085.0,4128.0,4085.0,80.0,3286450.0,2533
2023-05-10 09:24:53,jd2311,jd2311,4128.0,0.0,0.0,0.0,2,4126.0,4137.0,6,4102.0,4085.0,4128.0,4085.0,80.0,3286450.0,2533
2023-05-10 09:24:54,jd2311,jd2311,4128.0,0.0,0.0,0.0,3,4126.0,4137.0,6,4102.0,4085.0,4128.0,4085.0,80.0,3286450.0,2533
2023-05-10 09:24:59,jd2311,jd2311,4128.0,0.0,0.0,0.0,3,4126.0,4135.0,1,4102.0,4085.0,4128.0,4085.0,80.0,3286450.0,2533
2023-05-10 09:25:00,jd2311,jd2311,4128.0,0.0,0.0,0.0,1,4126.0,4135.0,1,4102.0,4085.0,4128.0,4085.0,80.0,3286450.0,2533
2023-05-10 09:25:01,jd2311,jd2311,4128.0,0.0,0.0,0.0,2,4126.0,4135.0,1,4102.0,4085.0,4128.0,4085.0,80.0,3286450.0,2533
2023-05-10 09:25:04,jd2311,jd2311,4128.0,0.0,0.0,0.0,1,4126.0,4135.0,1,4102.0,4085.0,4128.0,4085.0,80.0,3286450.0,2533
2023-05-10 09:25:05,jd2311,jd2311,4128.0,0.0,0.0,0.0,1,4126.0,4134.0,1,4102.0,4085.0,4128.0,4085.0,80.0,3286450.0,2533
2023-05-10 09:25:05,jd2311,jd2311,4128.0,0.0,0.0,0.0,1,4126.0,4134.0,2,4102.0,4085.0,4128.0,4085.0,80.0,3286450.0,2533
2023-05-10 09:25:08,jd2311,jd2311,4128.0,0.0,0.0,0.0,1,4123.0,4134.0,2,4102.0,4085.0,4128.0,4085.0,80.0,3286450.0,2533
2023-05-10 09:25:09,jd2311,jd2311,4128.0,0.0,0.0,0.0,2,4123.0,4134.0,2,4102.0,4085.0,4128.0,4085.0,80.0,3286450.0,2533
2023-05-10 09:25:17,jd2311,jd2311,4128.0,0.0,0.0,0.0,2,4123.0,4134.0,1,4102.0,4085.0,4128.0,4085.0,80.0,3286450.0,2533
2023-05-10 09:25:17,jd2311,jd2311,4128.0,0.0,0.0,0.0,1,4123.0,4134.0,1,4102.0,4085.0,4128.0,4085.0,80.0,3286450.0,2533
2023-05-10 09:25:22,jd2311,jd2311,4128.0,0.0,0.0,0.0,1,4123.0,4130.0,1,4102.0,4085.0,4128.0,4085.0,80.0,3286450.0,2533
2023-05-10 09:25:23,jd2311,jd2311,4128.0,0.0,0.0,0.0,2,4123.0,4130.0,1,4102.0,4085.0,4128.0,4085.0,80.0,3286450.0,2533
2023-05-10 09:25:24,jd2311,jd2311,4128.0,0.0,0.0,0.0,1,4123.0,4130.0,1,4102.0,4085.0,4128.0,4085.0,80.0,3286450.0,2533
2023-05-10 09:25:25,jd2311,jd2311,4128.0,0.0,0.0,0.0,2,4123.0,4130.0,1,4102.0,4085.0,4128.0,4085.0,80.0,3286450.0,2533
2023-05-10 09:25:26,jd2311,jd2311,4128.0,0.0,0.0,0.0,2,4123.0,4129.0,1,4102.0,4085.0,4128.0,4085.0,80.0,3286450.0,2533
2023-05-10 09:25:30,jd2311,jd2311,4128.0,0.0,0.0,0.0,3,4123.0,4129.0,1,4102.0,4085.0,4128.0,4085.0,80.0,3286450.0,2533
2023-05-10 09:25:51,jd2311,jd2311,4128.0,0.0,0.0,0.0,1,4124.0,4129.0,1,4102.0,4085.0,4128.0,4085.0,80.0,3286450.0,2533
2023-05-10 09:25:53,jd2311,jd2311,4128.0,0.0,0.0,0.0,3,4124.0,4134.0,1,4102.0,4085.0,4128.0,4085.0,80.0,3286450.0,2533
2023-05-10 09:26:10,jd2311,jd2311,4128.0,0.0,0.0,0.0,1,4125.0,4134.0,1,4102.0,4085.0,4128.0,4085.0,80.0,3286450.0,2533
2023-05-10 09:26:10,jd2311,jd2311,4128.0,0.0,0.0,0.0,2,4125.0,4134.0,1,4102.0,4085.0,4128.0,4085.0,80.0,3286450.0,2533
2023-05-10 09:26:11,jd2311,jd2311,4128.0,0.0,0.0,0.0,3,4125.0,4134.0,1,4102.0,4085.0,4128.0,4085.0,80.0,3286450.0,2533
2023-05-10 09:26:12,jd2311,jd2311,4128.0,0.0,0.0,0.0,1,4126.0,4134.0,1,4102.0,4085.0,4128.0,4085.0,80.0,3286450.0,2533
2023-05-10 09:26:13,jd2311,jd2311,4128.0,0.0,0.0,0.0,1,4126.0,4138.0,2,4102.0,4085.0,4128.0,4085.0,80.0,3286450.0,2533
2023-05-10 09:26:13,jd2311,jd2311,4128.0,0.0,0.0,0.0,2,4126.0,4138.0,2,4102.0,4085.0,4128.0,4085.0,80.0,3286450.0,2533
2023-05-10 09:26:43,jd2311,jd2311,4128.0,0.0,0.0,0.0,1,4128.0,4138.0,2,4102.0,4085.0,4128.0,4085.0,80.0,3286450.0,2533
2023-05-10 09:26:44,jd2311,jd2311,4128.0,0.0,0.0,0.0,2,4128.0,4138.0,2,4102.0,4085.0,4128.0,4085.0,80.0,3286450.0,2533
2023-05-10 09:26:51,jd2311,jd2311,4128.0,0.0,0.0,0.0,1,4129.0,4138.0,2,4102.0,4085.0,4128.0,4085.0,80.0,3286450.0,2533
2023-05-10 09:26:52,jd2311,jd2311,4128.0,0.0,0.0,0.0,2,4129.0,4138.0,2,4102.0,4085.0,4128.0,4085.0,80.0,3286450.0,2533
2023-05-10 09:26:52,jd2311,jd2311,4128.0,0.0,0.0,0.0,3,4129.0,4138.0,2,4102.0,4085.0,4128.0,4085.0,80.0,3286450.0,2533
2023-05-10 09:27:00,jd2311,jd2311,4128.0,0.0,0.0,0.0,2,4129.0,4138.0,2,4102.0,4085.0,4128.0,4085.0,80.0,3286450.0,2533
2023-05-10 09:27:05,jd2311,jd2311,4128.0,0.0,0.0,0.0,2,4129.0,4137.0,1,4102.0,4085.0,4128.0,4085.0,80.0,3286450.0,2533
2023-05-10 09:27:05,jd2311,jd2311,4128.0,0.0,0.0,0.0,2,4129.0,4137.0,2,4102.0,4085.0,4128.0,4085.0,80.0,3286450.0,2533
2023-05-10 09:27:06,jd2311,jd2311,4128.0,0.0,0.0,0.0,1,4129.0,4137.0,2,4102.0,4085.0,4128.0,4085.0,80.0,3286450.0,2533
2023-05-10 09:27:10,jd2311,jd2311,4129.0,1.0,41290.0,1.0,1,4123.0,4129.0,4,4102.0,4085.0,4129.0,4085.0,81.0,3327740.0,2534
2023-05-10 09:27:43,jd2311,jd2311,4129.0,1.0,41290.0,0.0,1,4123.0,4129.0,3,4102.0,4085.0,4129.0,4085.0,82.0,3369030.0,2534
2023-05-10 09:27:47,jd2311,jd2311,4129.0,1.0,41290.0,0.0,1,4123.0,4129.0,2,4102.0,4085.0,4129.0,4085.0,83.0,3410320.0,2534
2023-05-10 09:27:59,jd2311,jd2311,4129.0,0.0,0.0,0.0,2,4123.0,4129.0,2,4102.0,4085.0,4129.0,4085.0,83.0,3410320.0,2534
2023-05-10 09:28:01,jd2311,jd2311,4129.0,0.0,0.0,0.0,1,4127.0,4129.0,2,4102.0,4085.0,4129.0,4085.0,83.0,3410320.0,2534
2023-05-10 09:28:01,jd2311,jd2311,4127.0,1.0,41270.0,0.0,2,4123.0,4129.0,2,4102.0,4085.0,4129.0,4085.0,84.0,3451590.0,2534
2023-05-10 09:28:02,jd2311,jd2311,4127.0,0.0,0.0,0.0,1,4127.0,4129.0,2,4102.0,4085.0,4129.0,4085.0,84.0,3451590.0,2534
2023-05-10 09:28:12,jd2311,jd2311,4129.0,1.0,41290.0,0.0,1,4127.0,4129.0,1,4102.0,4085.0,4129.0,4085.0,85.0,3492880.0,2534
2023-05-10 09:28:12,jd2311,jd2311,4129.0,1.0,41290.0,0.0,1,4127.0,4130.0,10,4102.0,4085.0,4129.0,4085.0,86.0,3534170.0,2534
2023-05-10 09:28:13,jd2311,jd2311,4130.0,1.0,41300.0,-1.0,1,4127.0,4130.0,9,4102.0,4085.0,4130.0,4085.0,87.0,3575470.0,2533
2023-05-10 09:28:13,jd2311,jd2311,4130.0,0.0,0.0,0.0,1,4123.0,4130.0,9,4102.0,4085.0,4130.0,4085.0,87.0,3575470.0,2533
2023-05-10 09:28:14,jd2311,jd2311,4130.0,0.0,0.0,0.0,2,4125.0,4130.0,9,4102.0,4085.0,4130.0,4085.0,87.0,3575470.0,2533
2023-05-10 09:28:14,jd2311,jd2311,4130.0,2.0,82600.0,-2.0,2,4125.0,4130.0,7,4102.0,4085.0,4130.0,4085.0,89.0,3658070.0,2531
2023-05-10 09:28:15,jd2311,jd2311,4130.0,2.0,82600.0,-2.0,2,4125.0,4130.0,5,4102.0,4085.0,4130.0,4085.0,91.0,3740670.0,2529
2023-05-10 09:28:16,jd2311,jd2311,4130.0,0.0,0.0,0.0,1,4129.0,4130.0,5,4102.0,4085.0,4130.0,4085.0,91.0,3740670.0,2529
2023-05-10 09:28:38,jd2311,jd2311,4130.0,1.0,41300.0,-1.0,1,4129.0,4130.0,4,4102.0,4085.0,4130.0,4085.0,92.0,3781970.0,2528
2023-05-10 09:28:46,jd2311,jd2311,4130.0,1.0,41300.0,-1.0,1,4129.0,4130.0,3,4102.0,4085.0,4130.0,4085.0,93.0,3823270.0,2527
2023-05-10 09:28:55,jd2311,jd2311,4130.0,0.0,0.0,0.0,3,4125.0,4130.0,3,4102.0,4085.0,4130.0,4085.0,93.0,3823270.0,2527
2023-05-10 09:28:55,jd2311,jd2311,4130.0,0.0,0.0,0.0,2,4125.0,4130.0,3,4102.0,4085.0,4130.0,4085.0,93.0,3823270.0,2527
2023-05-10 09:29:01,jd2311,jd2311,4130.0,0.0,0.0,0.0,3,4125.0,4130.0,3,4102.0,4085.0,4130.0,4085.0,93.0,3823270.0,2527
2023-05-10 09:29:20,jd2311,jd2311,4130.0,0.0,0.0,0.0,1,4126.0,4130.0,3,4102.0,4085.0,4130.0,4085.0,93.0,3823270.0,2527
2023-05-10 09:29:20,jd2311,jd2311,4130.0,0.0,0.0,0.0,2,4126.0,4130.0,3,4102.0,4085.0,4130.0,4085.0,93.0,3823270.0,2527
2023-05-10 09:29:22,jd2311,jd2311,4130.0,0.0,0.0,0.0,3,4126.0,4130.0,3,4102.0,4085.0,4130.0,4085.0,93.0,3823270.0,2527
2023-05-10 09:29:27,jd2311,jd2311,4130.0,0.0,0.0,0.0,2,4126.0,4130.0,3,4102.0,4085.0,4130.0,4085.0,93.0,3823270.0,2527
2023-05-10 09:29:31,jd2311,jd2311,4130.0,0.0,0.0,0.0,3,4126.0,4130.0,3,4102.0,4085.0,4130.0,4085.0,93.0,3823270.0,2527
2023-05-10 09:29:35,jd2311,jd2311,4130.0,0.0,0.0,0.0,2,4126.0,4130.0,3,4102.0,4085.0,4130.0,4085.0,93.0,3823270.0,2527
2023-05-10 09:30:24,jd2311,jd2311,4126.0,2.0,82520.0,0.0,1,4123.0,4126.0,3,4102.0,4085.0,4130.0,4085.0,95.0,3905790.0,2527
2023-05-10 09:31:34,jd2311,jd2311,4126.0,0.0,0.0,0.0,21,4123.0,4126.0,3,4102.0,4085.0,4130.0,4085.0,95.0,3905790.0,2527
2023-05-10 09:31:35,jd2311,jd2311,4126.0,1.0,41260.0,1.0,21,4123.0,4126.0,2,4102.0,4085.0,4130.0,4085.0,96.0,3947050.0,2528
2023-05-10 09:31:40,jd2311,jd2311,4126.0,0.0,0.0,0.0,20,4124.0,4126.0,2,4102.0,4085.0,4130.0,4085.0,96.0,3947050.0,2528
2023-05-10 09:31:51,jd2311,jd2311,4126.0,2.0,82520.0,0.0,18,4126.0,4130.0,3,4102.0,4085.0,4130.0,4085.0,98.0,4029570.0,2528
2023-05-10 09:32:10,jd2311,jd2311,4126.0,0.0,0.0,0.0,1,4123.0,4130.0,3,4102.0,4085.0,4130.0,4085.0,98.0,4029570.0,2528
2023-05-10 09:32:10,jd2311,jd2311,4126.0,0.0,0.0,0.0,18,4127.0,4130.0,3,4102.0,4085.0,4130.0,4085.0,98.0,4029570.0,2528
2023-05-10 09:32:22,jd2311,jd2311,4126.0,0.0,0.0,0.0,18,4127.0,4130.0,4,4102.0,4085.0,4130.0,4085.0,98.0,4029570.0,2528
2023-05-10 09:32:24,jd2311,jd2311,4127.0,1.0,41270.0,0.0,17,4127.0,4130.0,4,4102.0,4085.0,4130.0,4085.0,99.0,4070840.0,2528
2023-05-10 09:32:24,jd2311,jd2311,4127.0,0.0,0.0,0.0,17,4127.0,4130.0,3,4102.0,4085.0,4130.0,4085.0,99.0,4070840.0,2528
2023-05-10 09:32:31,jd2311,jd2311,4127.0,1.0,41270.0,0.0,16,4127.0,4130.0,3,4102.0,4085.0,4130.0,4085.0,100.0,4112110.0,2528
2023-05-10 09:32:33,jd2311,jd2311,4127.0,0.0,0.0,0.0,16,4127.0,4129.0,1,4102.0,4085.0,4130.0,4085.0,100.0,4112110.0,2528
2023-05-10 09:32:38,jd2311,jd2311,4127.0,0.0,0.0,0.0,16,4127.0,4128.0,1,4102.0,4085.0,4130.0,4085.0,100.0,4112110.0,2528
2023-05-10 09:32:48,jd2311,jd2311,4127.0,0.0,0.0,0.0,16,4127.0,4129.0,1,4102.0,4085.0,4130.0,4085.0,100.0,4112110.0,2528
2023-05-10 09:32:53,jd2311,jd2311,4127.0,1.0,41270.0,0.0,15,4127.0,4129.0,1,4102.0,4085.0,4130.0,4085.0,101.0,4153380.0,2528
2023-05-10 09:32:53,jd2311,jd2311,4127.0,0.0,0.0,0.0,15,4127.0,4128.0,1,4102.0,4085.0,4130.0,4085.0,101.0,4153380.0,2528
2023-05-10 09:33:04,jd2311,jd2311,4127.0,1.0,41270.0,0.0,14,4127.0,4128.0,1,4102.0,4085.0,4130.0,4085.0,102.0,4194650.0,2528
2023-05-10 09:33:05,jd2311,jd2311,4127.0,14.0,577780.0,0.0,1,4123.0,4127.0,1,4102.0,4085.0,4130.0,4085.0,116.0,4772430.0,2528
2023-05-10 09:33:25,jd2311,jd2311,4127.0,0.0,0.0,0.0,1,4123.0,4125.0,1,4102.0,4085.0,4130.0,4085.0,116.0,4772430.0,2528
2023-05-10 09:33:32,jd2311,jd2311,4127.0,0.0,0.0,0.0,1,4123.0,4124.0,1,4102.0,4085.0,4130.0,4085.0,116.0,4772430.0,2528
2023-05-10 09:33:34,jd2311,jd2311,4123.0,1.0,41230.0,1.0,1,4118.0,4124.0,1,4102.0,4085.0,4130.0,4085.0,117.0,4813660.0,2529
2023-05-10 09:33:36,jd2311,jd2311,4123.0,0.0,0.0,0.0,1,4118.0,4125.0,1,4102.0,4085.0,4130.0,4085.0,117.0,4813660.0,2529
2023-05-10 09:33:45,jd2311,jd2311,4123.0,0.0,0.0,0.0,2,4112.0,4125.0,2,4102.0,4085.0,4130.0,4085.0,117.0,4813660.0,2529
2023-05-10 09:33:58,jd2311,jd2311,4123.0,0.0,0.0,0.0,7,4112.0,4125.0,2,4102.0,4085.0,4130.0,4085.0,117.0,4813660.0,2529
2023-05-10 09:34:02,jd2311,jd2311,4123.0,0.0,0.0,0.0,2,4112.0,4125.0,2,4102.0,4085.0,4130.0,4085.0,117.0,4813660.0,2529
2023-05-10 09:34:03,jd2311,jd2311,4123.0,0.0,0.0,0.0,5,4120.0,4125.0,1,4102.0,4085.0,4130.0,4085.0,117.0,4813660.0,2529
2023-05-10 09:34:23,jd2311,jd2311,4123.0,0.0,0.0,0.0,5,4120.0,4127.0,1,4102.0,4085.0,4130.0,4085.0,117.0,4813660.0,2529
2023-05-10 09:34:26,jd2311,jd2311,4123.0,0.0,0.0,0.0,5,4120.0,4126.0,1,4102.0,4085.0,4130.0,4085.0,117.0,4813660.0,2529
2023-05-10 09:34:42,jd2311,jd2311,4123.0,0.0,0.0,0.0,5,4120.0,4127.0,1,4102.0,4085.0,4130.0,4085.0,117.0,4813660.0,2529
2023-05-10 09:35:14,jd2311,jd2311,4123.0,0.0,0.0,0.0,5,4120.0,4126.0,1,4102.0,4085.0,4130.0,4085.0,117.0,4813660.0,2529
2023-05-10 09:35:48,jd2311,jd2311,4123.0,0.0,0.0,0.0,1,4121.0,4126.0,2,4102.0,4085.0,4130.0,4085.0,117.0,4813660.0,2529
2023-05-10 09:37:44,jd2311,jd2311,4126.0,3.0,123780.0,-1.0,7,4126.0,4127.0,1,4102.0,4085.0,4130.0,4085.0,120.0,4937440.0,2528
2023-05-10 09:37:44,jd2311,jd2311,4126.0,1.0,41260.0,0.0,6,4126.0,4127.0,1,4102.0,4085.0,4130.0,4085.0,121.0,4978700.0,2528
2023-05-10 09:37:48,jd2311,jd2311,4126.0,2.0,82520.0,0.0,4,4126.0,4127.0,1,4102.0,4085.0,4130.0,4085.0,123.0,5061220.0,2528
2023-05-10 09:37:54,jd2311,jd2311,4126.0,1.0,41260.0,0.0,3,4126.0,4127.0,1,4102.0,4085.0,4130.0,4085.0,124.0,5102480.0,2528
2023-05-10 09:37:54,jd2311,jd2311,4126.0,1.0,41260.0,0.0,2,4126.0,4127.0,1,4102.0,4085.0,4130.0,4085.0,125.0,5143740.0,2528
2023-05-10 09:37:59,jd2311,jd2311,4127.0,1.0,41270.0,0.0,4,4127.0,4128.0,1,4102.0,4085.0,4130.0,4085.0,126.0,5185010.0,2528
2023-05-10 09:38:01,jd2311,jd2311,4127.0,2.0,82540.0,-2.0,2,4127.0,4128.0,1,4102.0,4085.0,4130.0,4085.0,128.0,5267550.0,2526
2023-05-10 09:38:04,jd2311,jd2311,4127.0,1.0,41270.0,0.0,1,4127.0,4128.0,1,4102.0,4085.0,4130.0,4085.0,129.0,5308820.0,2526
2023-05-10 09:38:05,jd2311,jd2311,4127.0,1.0,41270.0,0.0,2,4126.0,4127.0,1,4102.0,4085.0,4130.0,4085.0,130.0,5350090.0,2526
2023-05-10 09:38:10,jd2311,jd2311,4126.0,2.0,82520.0,0.0,1,4121.0,4126.0,1,4102.0,4085.0,4130.0,4085.0,132.0,5432610.0,2526
2023-05-10 09:38:10,jd2311,jd2311,4126.0,0.0,0.0,0.0,2,4121.0,4126.0,1,4102.0,4085.0,4130.0,4085.0,132.0,5432610.0,2526
2023-05-10 09:38:11,jd2311,jd2311,4126.0,0.0,0.0,0.0,2,4121.0,4128.0,1,4102.0,4085.0,4130.0,4085.0,132.0,5432610.0,2526
2023-05-10 09:38:15,jd2311,jd2311,4126.0,0.0,0.0,0.0,2,4121.0,4128.0,2,4102.0,4085.0,4130.0,4085.0,132.0,5432610.0,2526
2023-05-10 09:38:25,jd2311,jd2311,4126.0,0.0,0.0,0.0,2,4121.0,4127.0,1,4102.0,4085.0,4130.0,4085.0,132.0,5432610.0,2526
2023-05-10 09:38:29,jd2311,jd2311,4126.0,0.0,0.0,0.0,2,4121.0,4128.0,1,4102.0,4085.0,4130.0,4085.0,132.0,5432610.0,2526
2023-05-10 09:38:44,jd2311,jd2311,4126.0,0.0,0.0,0.0,2,4121.0,4127.0,1,4102.0,4085.0,4130.0,4085.0,132.0,5432610.0,2526
2023-05-10 09:38:56,jd2311,jd2311,4126.0,0.0,0.0,0.0,2,4121.0,4126.0,1,4102.0,4085.0,4130.0,4085.0,132.0,5432610.0,2526
2023-05-10 09:39:03,jd2311,jd2311,4126.0,0.0,0.0,0.0,2,4121.0,4125.0,1,4102.0,4085.0,4130.0,4085.0,132.0,5432610.0,2526
2023-05-10 09:40:08,jd2311,jd2311,4126.0,0.0,0.0,0.0,2,4121.0,4124.0,1,4102.0,4085.0,4130.0,4085.0,132.0,5432610.0,2526
2023-05-10 09:40:17,jd2311,jd2311,4121.0,2.0,82420.0,1.0,1,4120.0,4124.0,1,4102.0,4085.0,4130.0,4085.0,134.0,5515030.0,2527
2023-05-10 09:40:35,jd2311,jd2311,4121.0,0.0,0.0,0.0,1,4120.0,4123.0,1,4102.0,4085.0,4130.0,4085.0,134.0,5515030.0,2527
2023-05-10 09:41:02,jd2311,jd2311,4121.0,0.0,0.0,0.0,2,4110.0,4123.0,2,4102.0,4085.0,4130.0,4085.0,134.0,5515030.0,2527
2023-05-10 09:41:02,jd2311,jd2311,4121.0,0.0,0.0,0.0,3,4110.0,4123.0,2,4102.0,4085.0,4130.0,4085.0,134.0,5515030.0,2527
2023-05-10 09:41:17,jd2311,jd2311,4121.0,0.0,0.0,0.0,3,4110.0,4122.0,2,4102.0,4085.0,4130.0,4085.0,134.0,5515030.0,2527
2023-05-10 09:41:21,jd2311,jd2311,4121.0,0.0,0.0,0.0,3,4110.0,4122.0,1,4102.0,4085.0,4130.0,4085.0,134.0,5515030.0,2527
2023-05-10 09:41:23,jd2311,jd2311,4121.0,0.0,0.0,0.0,3,4110.0,4121.0,1,4102.0,4085.0,4130.0,4085.0,134.0,5515030.0,2527
2023-05-10 09:41:32,jd2311,jd2311,4121.0,0.0,0.0,0.0,2,4111.0,4121.0,1,4102.0,4085.0,4130.0,4085.0,134.0,5515030.0,2527
2023-05-10 09:41:33,jd2311,jd2311,4121.0,0.0,0.0,0.0,2,4113.0,4121.0,1,4102.0,4085.0,4130.0,4085.0,134.0,5515030.0,2527
2023-05-10 09:41:36,jd2311,jd2311,4121.0,0.0,0.0,0.0,1,4113.0,4121.0,1,4102.0,4085.0,4130.0,4085.0,134.0,5515030.0,2527
2023-05-10 09:42:08,jd2311,jd2311,4121.0,0.0,0.0,0.0,16,4113.0,4121.0,1,4102.0,4085.0,4130.0,4085.0,134.0,5515030.0,2527
2023-05-10 09:42:16,jd2311,jd2311,4121.0,0.0,0.0,0.0,15,4118.0,4121.0,1,4102.0,4085.0,4130.0,4085.0,134.0,5515030.0,2527
2023-05-10 09:42:28,jd2311,jd2311,4118.0,5.0,205900.0,-5.0,10,4118.0,4121.0,1,4102.0,4085.0,4130.0,4085.0,139.0,5720930.0,2522
2023-05-10 09:42:55,jd2311,jd2311,4118.0,0.0,0.0,0.0,10,4118.0,4121.0,2,4102.0,4085.0,4130.0,4085.0,139.0,5720930.0,2522
2023-05-10 09:42:57,jd2311,jd2311,4121.0,2.0,82420.0,-1.0,8,4121.0,4125.0,1,4102.0,4085.0,4130.0,4085.0,141.0,5803350.0,2521
2023-05-10 09:43:06,jd2311,jd2311,4121.0,1.0,41210.0,0.0,7,4121.0,4125.0,1,4102.0,4085.0,4130.0,4085.0,142.0,5844560.0,2521
2023-05-10 09:43:06,jd2311,jd2311,4121.0,1.0,41210.0,0.0,6,4121.0,4125.0,1,4102.0,4085.0,4130.0,4085.0,143.0,5885770.0,2521
2023-05-10 09:43:18,jd2311,jd2311,4121.0,0.0,0.0,0.0,6,4121.0,4130.0,3,4102.0,4085.0,4130.0,4085.0,143.0,5885770.0,2521
2023-05-10 09:43:26,jd2311,jd2311,4121.0,0.0,0.0,0.0,6,4121.0,4129.0,2,4102.0,4085.0,4130.0,4085.0,143.0,5885770.0,2521
2023-05-10 09:43:51,jd2311,jd2311,4121.0,0.0,0.0,0.0,7,4121.0,4129.0,2,4102.0,4085.0,4130.0,4085.0,143.0,5885770.0,2521
2023-05-10 09:43:59,jd2311,jd2311,4121.0,0.0,0.0,0.0,7,4121.0,4128.0,1,4102.0,4085.0,4130.0,4085.0,143.0,5885770.0,2521
2023-05-10 09:43:59,jd2311,jd2311,4121.0,0.0,0.0,0.0,7,4121.0,4128.0,2,4102.0,4085.0,4130.0,4085.0,143.0,5885770.0,2521
2023-05-10 09:44:58,jd2311,jd2311,4121.0,0.0,0.0,0.0,7,4121.0,4127.0,1,4102.0,4085.0,4130.0,4085.0,143.0,5885770.0,2521
2023-05-10 09:45:23,jd2311,jd2311,4121.0,0.0,0.0,0.0,7,4121.0,4126.0,1,4102.0,4085.0,4130.0,4085.0,143.0,5885770.0,2521
2023-05-10 09:45:33,jd2311,jd2311,4121.0,0.0,0.0,0.0,6,4121.0,4125.0,1,4102.0,4085.0,4130.0,4085.0,143.0,5885770.0,2521
2023-05-10 09:46:25,jd2311,jd2311,4121.0,0.0,0.0,0.0,6,4121.0,4125.0,2,4102.0,4085.0,4130.0,4085.0,143.0,5885770.0,2521
2023-05-10 09:46:38,jd2311,jd2311,4121.0,0.0,0.0,0.0,6,4121.0,4122.0,1,4102.0,4085.0,4130.0,4085.0,143.0,5885770.0,2521
2023-05-10 09:46:38,jd2311,jd2311,4121.0,1.0,41210.0,0.0,5,4121.0,4122.0,1,4102.0,4085.0,4130.0,4085.0,144.0,5926980.0,2521
2023-05-10 09:46:39,jd2311,jd2311,4121.0,1.0,41210.0,0.0,4,4121.0,4122.0,1,4102.0,4085.0,4130.0,4085.0,145.0,5968190.0,2521
2023-05-10 09:46:42,jd2311,jd2311,4121.0,1.0,41210.0,0.0,3,4121.0,4122.0,1,4102.0,4085.0,4130.0,4085.0,146.0,6009400.0,2521
2023-05-10 09:46:49,jd2311,jd2311,4121.0,0.0,0.0,0.0,3,4121.0,4125.0,2,4102.0,4085.0,4130.0,4085.0,146.0,6009400.0,2521
2023-05-10 09:46:59,jd2311,jd2311,4121.0,3.0,123630.0,0.0,1,4120.0,4125.0,2,4102.0,4085.0,4130.0,4085.0,149.0,6133030.0,2521
2023-05-10 09:47:30,jd2311,jd2311,4121.0,0.0,0.0,0.0,1,4120.0,4124.0,1,4102.0,4085.0,4130.0,4085.0,149.0,6133030.0,2521
2023-05-10 09:49:29,jd2311,jd2311,4120.0,1.0,41200.0,0.0,10,4118.0,4124.0,1,4102.0,4085.0,4130.0,4085.0,150.0,6174230.0,2521
2023-05-10 09:49:54,jd2311,jd2311,4118.0,1.0,41180.0,0.0,9,4118.0,4124.0,1,4102.0,4085.0,4130.0,4085.0,151.0,6215410.0,2521
2023-05-10 09:49:57,jd2311,jd2311,4118.0,1.0,41180.0,0.0,8,4118.0,4124.0,1,4102.0,4085.0,4130.0,4085.0,152.0,6256590.0,2521
2023-05-10 09:52:20,jd2311,jd2311,4118.0,2.0,82360.0,0.0,6,4118.0,4124.0,1,4102.0,4085.0,4130.0,4085.0,154.0,6338950.0,2521
2023-05-10 09:52:49,jd2311,jd2311,4118.0,0.0,0.0,0.0,6,4118.0,4125.0,1,4102.0,4085.0,4130.0,4085.0,154.0,6338950.0,2521
2023-05-10 09:54:00,jd2311,jd2311,4118.0,0.0,0.0,0.0,6,4118.0,4130.0,3,4102.0,4085.0,4130.0,4085.0,154.0,6338950.0,2521
2023-05-10 09:54:03,jd2311,jd2311,4118.0,0.0,0.0,0.0,6,4118.0,4129.0,3,4102.0,4085.0,4130.0,4085.0,154.0,6338950.0,2521
2023-05-10 09:54:19,jd2311,jd2311,4118.0,0.0,0.0,0.0,6,4118.0,4128.0,2,4102.0,4085.0,4130.0,4085.0,154.0,6338950.0,2521
2023-05-10 09:54:29,jd2311,jd2311,4118.0,0.0,0.0,0.0,6,4118.0,4127.0,1,4102.0,4085.0,4130.0,4085.0,154.0,6338950.0,2521
2023-05-10 09:54:54,jd2311,jd2311,4118.0,0.0,0.0,0.0,7,4118.0,4127.0,1,4102.0,4085.0,4130.0,4085.0,154.0,6338950.0,2521
2023-05-10 09:55:26,jd2311,jd2311,4118.0,0.0,0.0,0.0,7,4118.0,4126.0,2,4102.0,4085.0,4130.0,4085.0,154.0,6338950.0,2521
2023-05-10 09:55:26,jd2311,jd2311,4118.0,0.0,0.0,0.0,7,4118.0,4126.0,3,4102.0,4085.0,4130.0,4085.0,154.0,6338950.0,2521
2023-05-10 09:55:28,jd2311,jd2311,4118.0,0.0,0.0,0.0,7,4118.0,4126.0,1,4102.0,4085.0,4130.0,4085.0,154.0,6338950.0,2521
2023-05-10 09:57:17,jd2311,jd2311,4118.0,0.0,0.0,0.0,7,4118.0,4125.0,1,4102.0,4085.0,4130.0,4085.0,154.0,6338950.0,2521
2023-05-10 09:57:58,jd2311,jd2311,4118.0,0.0,0.0,0.0,7,4118.0,4124.0,1,4102.0,4085.0,4130.0,4085.0,154.0,6338950.0,2521
2023-05-10 09:58:34,jd2311,jd2311,4118.0,1.0,41180.0,-1.0,6,4118.0,4124.0,1,4102.0,4085.0,4130.0,4085.0,155.0,6380130.0,2520
2023-05-10 09:58:40,jd2311,jd2311,4118.0,0.0,0.0,0.0,6,4118.0,4125.0,1,4102.0,4085.0,4130.0,4085.0,155.0,6380130.0,2520
2023-05-10 09:58:47,jd2311,jd2311,4118.0,0.0,0.0,0.0,6,4118.0,4125.0,2,4102.0,4085.0,4130.0,4085.0,155.0,6380130.0,2520
2023-05-10 10:00:25,jd2311,jd2311,4118.0,0.0,0.0,0.0,5,4120.0,4125.0,3,4102.0,4085.0,4130.0,4085.0,155.0,6380130.0,2520
2023-05-10 10:00:25,jd2311,jd2311,4118.0,0.0,0.0,0.0,5,4120.0,4125.0,2,4102.0,4085.0,4130.0,4085.0,155.0,6380130.0,2520
2023-05-10 10:01:09,jd2311,jd2311,4118.0,0.0,0.0,0.0,5,4120.0,4125.0,1,4102.0,4085.0,4130.0,4085.0,155.0,6380130.0,2520
2023-05-10 10:03:31,jd2311,jd2311,4118.0,0.0,0.0,0.0,5,4120.0,4125.0,2,4102.0,4085.0,4130.0,4085.0,155.0,6380130.0,2520
2023-05-10 10:03:32,jd2311,jd2311,4120.0,1.0,41200.0,0.0,4,4120.0,4125.0,2,4102.0,4085.0,4130.0,4085.0,156.0,6421330.0,2520
2023-05-10 10:03:32,jd2311,jd2311,4120.0,1.0,41200.0,0.0,3,4120.0,4125.0,2,4102.0,4085.0,4130.0,4085.0,157.0,6462530.0,2520
2023-05-10 10:03:46,jd2311,jd2311,4120.0,0.0,0.0,0.0,3,4120.0,4125.0,1,4102.0,4085.0,4130.0,4085.0,157.0,6462530.0,2520
2023-05-10 10:04:25,jd2311,jd2311,4120.0,1.0,41200.0,0.0,2,4120.0,4125.0,1,4102.0,4085.0,4130.0,4085.0,158.0,6503730.0,2520
2023-05-10 10:04:26,jd2311,jd2311,4120.0,1.0,41200.0,0.0,1,4120.0,4125.0,1,4102.0,4085.0,4130.0,4085.0,159.0,6544930.0,2520
2023-05-10 10:04:56,jd2311,jd2311,4120.0,1.0,41200.0,0.0,2,4118.0,4125.0,1,4102.0,4085.0,4130.0,4085.0,160.0,6586130.0,2520
2023-05-10 10:08:32,jd2311,jd2311,4120.0,0.0,0.0,0.0,2,4118.0,4124.0,1,4102.0,4085.0,4130.0,4085.0,160.0,6586130.0,2520
2023-05-10 10:08:34,jd2311,jd2311,4120.0,0.0,0.0,0.0,1,4118.0,4124.0,1,4102.0,4085.0,4130.0,4085.0,160.0,6586130.0,2520
2023-05-10 10:08:34,jd2311,jd2311,4120.0,0.0,0.0,0.0,1,4118.0,4124.0,2,4102.0,4085.0,4130.0,4085.0,160.0,6586130.0,2520
2023-05-10 10:08:40,jd2311,jd2311,4118.0,1.0,41180.0,1.0,2,4110.0,4124.0,2,4102.0,4085.0,4130.0,4085.0,161.0,6627310.0,2521
2023-05-10 10:08:41,jd2311,jd2311,4118.0,0.0,0.0,0.0,2,4110.0,4124.0,1,4102.0,4085.0,4130.0,4085.0,161.0,6627310.0,2521
2023-05-10 10:08:47,jd2311,jd2311,4118.0,0.0,0.0,0.0,1,4111.0,4124.0,1,4102.0,4085.0,4130.0,4085.0,161.0,6627310.0,2521
2023-05-10 10:08:47,jd2311,jd2311,4118.0,0.0,0.0,0.0,2,4111.0,4124.0,1,4102.0,4085.0,4130.0,4085.0,161.0,6627310.0,2521
2023-05-10 10:08:51,jd2311,jd2311,4118.0,0.0,0.0,0.0,7,4112.0,4124.0,1,4102.0,4085.0,4130.0,4085.0,161.0,6627310.0,2521
2023-05-10 10:08:51,jd2311,jd2311,4118.0,0.0,0.0,0.0,1,4113.0,4124.0,1,4102.0,4085.0,4130.0,4085.0,161.0,6627310.0,2521
2023-05-10 10:09:21,jd2311,jd2311,4118.0,0.0,0.0,0.0,3,4114.0,4124.0,1,4102.0,4085.0,4130.0,4085.0,161.0,6627310.0,2521
2023-05-10 10:09:39,jd2311,jd2311,4118.0,0.0,0.0,0.0,3,4114.0,4124.0,2,4102.0,4085.0,4130.0,4085.0,161.0,6627310.0,2521
2023-05-10 10:09:50,jd2311,jd2311,4118.0,0.0,0.0,0.0,3,4114.0,4123.0,1,4102.0,4085.0,4130.0,4085.0,161.0,6627310.0,2521
2023-05-10 10:09:50,jd2311,jd2311,4118.0,0.0,0.0,0.0,3,4114.0,4123.0,2,4102.0,4085.0,4130.0,4085.0,161.0,6627310.0,2521
2023-05-10 10:10:08,jd2311,jd2311,4118.0,0.0,0.0,0.0,3,4114.0,4123.0,1,4102.0,4085.0,4130.0,4085.0,161.0,6627310.0,2521
2023-05-10 10:10:34,jd2311,jd2311,4118.0,0.0,0.0,0.0,3,4114.0,4123.0,2,4102.0,4085.0,4130.0,4085.0,161.0,6627310.0,2521
2023-05-10 10:11:41,jd2311,jd2311,4118.0,0.0,0.0,0.0,3,4114.0,4123.0,1,4102.0,4085.0,4130.0,4085.0,161.0,6627310.0,2521
2023-05-10 10:12:02,jd2311,jd2311,4118.0,0.0,0.0,0.0,1,4114.0,4123.0,1,4102.0,4085.0,4130.0,4085.0,161.0,6627310.0,2521
2023-05-10 10:12:06,jd2311,jd2311,4118.0,0.0,0.0,0.0,1,4114.0,4122.0,1,4102.0,4085.0,4130.0,4085.0,161.0,6627310.0,2521
2023-05-10 10:12:08,jd2311,jd2311,4118.0,0.0,0.0,0.0,1,4114.0,4122.0,3,4102.0,4085.0,4130.0,4085.0,161.0,6627310.0,2521
2023-05-10 10:12:09,jd2311,jd2311,4118.0,0.0,0.0,0.0,1,4114.0,4122.0,1,4102.0,4085.0,4130.0,4085.0,161.0,6627310.0,2521
2023-05-10 10:13:20,jd2311,jd2311,4118.0,0.0,0.0,0.0,1,4114.0,4122.0,3,4102.0,4085.0,4130.0,4085.0,161.0,6627310.0,2521
2023-05-10 10:14:10,jd2311,jd2311,4118.0,0.0,0.0,0.0,1,4114.0,4122.0,1,4102.0,4085.0,4130.0,4085.0,161.0,6627310.0,2521
2023-05-10 10:14:13,jd2311,jd2311,4118.0,0.0,0.0,0.0,1,4114.0,4123.0,1,4102.0,4085.0,4130.0,4085.0,161.0,6627310.0,2521
2023-05-10 10:14:13,jd2311,jd2311,4118.0,0.0,0.0,0.0,1,4114.0,4123.0,3,4102.0,4085.0,4130.0,4085.0,161.0,6627310.0,2521
2023-05-10 10:14:22,jd2311,jd2311,4118.0,0.0,0.0,0.0,1,4114.0,4122.0,2,4102.0,4085.0,4130.0,4085.0,161.0,6627310.0,2521
2023-05-10 10:14:24,jd2311,jd2311,4118.0,0.0,0.0,0.0,1,4114.0,4122.0,4,4102.0,4085.0,4130.0,4085.0,161.0,6627310.0,2521
2023-05-10 10:14:55,jd2311,jd2311,4118.0,0.0,0.0,0.0,1,4114.0,4122.0,2,4102.0,4085.0,4130.0,4085.0,161.0,6627310.0,2521
2023-05-10 10:14:56,jd2311,jd2311,4118.0,0.0,0.0,0.0,1,4114.0,4122.0,3,4102.0,4085.0,4130.0,4085.0,161.0,6627310.0,2521
2023-05-10 10:14:56,jd2311,jd2311,4118.0,0.0,0.0,0.0,1,4111.0,4122.0,2,4102.0,4085.0,4130.0,4085.0,161.0,6627310.0,2521
2023-05-10 10:14:58,jd2311,jd2311,4118.0,0.0,0.0,0.0,1,4111.0,4122.0,4,4102.0,4085.0,4130.0,4085.0,161.0,6627310.0,2521
2023-05-10 10:14:59,jd2311,jd2311,4118.0,0.0,0.0,0.0,1,4111.0,4122.0,2,4102.0,4085.0,4130.0,4085.0,161.0,6627310.0,2521
2023-05-10 10:30:00,jd2311,jd2311,4118.0,0.0,0.0,0.0,1,4111.0,4122.0,3,4102.0,4085.0,4130.0,4085.0,161.0,6627310.0,2521
2023-05-10 10:30:01,jd2311,jd2311,4118.0,0.0,0.0,0.0,2,4111.0,4121.0,3,4102.0,4085.0,4130.0,4085.0,161.0,6627310.0,2521
2023-05-10 10:30:02,jd2311,jd2311,4118.0,0.0,0.0,0.0,2,4111.0,4121.0,4,4102.0,4085.0,4130.0,4085.0,161.0,6627310.0,2521
2023-05-10 10:30:02,jd2311,jd2311,4118.0,0.0,0.0,0.0,2,4111.0,4121.0,5,4102.0,4085.0,4130.0,4085.0,161.0,6627310.0,2521
2023-05-10 10:30:03,jd2311,jd2311,4118.0,0.0,0.0,0.0,2,4111.0,4121.0,6,4102.0,4085.0,4130.0,4085.0,161.0,6627310.0,2521
2023-05-10 10:30:07,jd2311,jd2311,4118.0,0.0,0.0,0.0,2,4111.0,4121.0,4,4102.0,4085.0,4130.0,4085.0,161.0,6627310.0,2521
2023-05-10 10:30:09,jd2311,jd2311,4118.0,0.0,0.0,0.0,2,4111.0,4120.0,2,4102.0,4085.0,4130.0,4085.0,161.0,6627310.0,2521
2023-05-10 10:30:10,jd2311,jd2311,4118.0,0.0,0.0,0.0,3,4111.0,4119.0,2,4102.0,4085.0,4130.0,4085.0,161.0,6627310.0,2521
2023-05-10 10:30:15,jd2311,jd2311,4118.0,0.0,0.0,0.0,3,4111.0,4120.0,2,4102.0,4085.0,4130.0,4085.0,161.0,6627310.0,2521
2023-05-10 10:30:16,jd2311,jd2311,4118.0,0.0,0.0,0.0,3,4111.0,4120.0,1,4102.0,4085.0,4130.0,4085.0,161.0,6627310.0,2521
2023-05-10 10:30:20,jd2311,jd2311,4118.0,0.0,0.0,0.0,3,4111.0,4119.0,1,4102.0,4085.0,4130.0,4085.0,161.0,6627310.0,2521
2023-05-10 10:30:32,jd2311,jd2311,4118.0,0.0,0.0,0.0,3,4111.0,4118.0,1,4102.0,4085.0,4130.0,4085.0,161.0,6627310.0,2521
2023-05-10 10:30:32,jd2311,jd2311,4118.0,0.0,0.0,0.0,3,4111.0,4118.0,2,4102.0,4085.0,4130.0,4085.0,161.0,6627310.0,2521
2023-05-10 10:30:39,jd2311,jd2311,4118.0,0.0,0.0,0.0,3,4111.0,4117.0,1,4102.0,4085.0,4130.0,4085.0,161.0,6627310.0,2521
2023-05-10 10:30:47,jd2311,jd2311,4118.0,0.0,0.0,0.0,3,4111.0,4116.0,1,4102.0,4085.0,4130.0,4085.0,161.0,6627310.0,2521
2023-05-10 10:30:55,jd2311,jd2311,4118.0,0.0,0.0,0.0,3,4111.0,4117.0,1,4102.0,4085.0,4130.0,4085.0,161.0,6627310.0,2521
2023-05-10 10:30:57,jd2311,jd2311,4118.0,0.0,0.0,0.0,2,4111.0,4117.0,1,4102.0,4085.0,4130.0,4085.0,161.0,6627310.0,2521
2023-05-10 10:31:12,jd2311,jd2311,4118.0,0.0,0.0,0.0,3,4111.0,4117.0,1,4102.0,4085.0,4130.0,4085.0,161.0,6627310.0,2521
2023-05-10 10:31:19,jd2311,jd2311,4118.0,0.0,0.0,0.0,3,4111.0,4118.0,1,4102.0,4085.0,4130.0,4085.0,161.0,6627310.0,2521
2023-05-10 10:31:29,jd2311,jd2311,4118.0,0.0,0.0,0.0,2,4111.0,4118.0,1,4102.0,4085.0,4130.0,4085.0,161.0,6627310.0,2521
2023-05-10 10:31:34,jd2311,jd2311,4118.0,0.0,0.0,0.0,2,4111.0,4122.0,2,4102.0,4085.0,4130.0,4085.0,161.0,6627310.0,2521
2023-05-10 10:32:15,jd2311,jd2311,4118.0,0.0,0.0,0.0,2,4111.0,4121.0,3,4102.0,4085.0,4130.0,4085.0,161.0,6627310.0,2521
2023-05-10 10:33:51,jd2311,jd2311,4118.0,0.0,0.0,0.0,3,4111.0,4121.0,3,4102.0,4085.0,4130.0,4085.0,161.0,6627310.0,2521
2023-05-10 10:35:10,jd2311,jd2311,4118.0,0.0,0.0,0.0,2,4111.0,4121.0,3,4102.0,4085.0,4130.0,4085.0,161.0,6627310.0,2521
2023-05-10 10:35:39,jd2311,jd2311,4118.0,0.0,0.0,0.0,2,4111.0,4121.0,1,4102.0,4085.0,4130.0,4085.0,161.0,6627310.0,2521
2023-05-10 10:35:56,jd2311,jd2311,4118.0,0.0,0.0,0.0,2,4111.0,4120.0,1,4102.0,4085.0,4130.0,4085.0,161.0,6627310.0,2521
2023-05-10 10:35:56,jd2311,jd2311,4118.0,0.0,0.0,0.0,2,4111.0,4120.0,2,4102.0,4085.0,4130.0,4085.0,161.0,6627310.0,2521
2023-05-10 10:36:08,jd2311,jd2311,4118.0,0.0,0.0,0.0,2,4112.0,4120.0,2,4102.0,4085.0,4130.0,4085.0,161.0,6627310.0,2521
2023-05-10 10:36:08,jd2311,jd2311,4118.0,0.0,0.0,0.0,3,4112.0,4120.0,2,4102.0,4085.0,4130.0,4085.0,161.0,6627310.0,2521
2023-05-10 10:36:09,jd2311,jd2311,4118.0,0.0,0.0,0.0,1,4112.0,4120.0,2,4102.0,4085.0,4130.0,4085.0,161.0,6627310.0,2521
2023-05-10 10:40:03,jd2311,jd2311,4118.0,0.0,0.0,0.0,1,4112.0,4118.0,1,4102.0,4085.0,4130.0,4085.0,161.0,6627310.0,2521
2023-05-10 10:41:51,jd2311,jd2311,4118.0,0.0,0.0,0.0,2,4112.0,4118.0,1,4102.0,4085.0,4130.0,4085.0,161.0,6627310.0,2521
2023-05-10 10:42:31,jd2311,jd2311,4118.0,0.0,0.0,0.0,1,4113.0,4118.0,1,4102.0,4085.0,4130.0,4085.0,161.0,6627310.0,2521
2023-05-10 10:42:43,jd2311,jd2311,4118.0,0.0,0.0,0.0,2,4112.0,4118.0,1,4102.0,4085.0,4130.0,4085.0,161.0,6627310.0,2521
2023-05-10 10:42:45,jd2311,jd2311,4118.0,0.0,0.0,0.0,1,4115.0,4118.0,1,4102.0,4085.0,4130.0,4085.0,161.0,6627310.0,2521
2023-05-10 10:43:12,jd2311,jd2311,4118.0,0.0,0.0,0.0,2,4112.0,4118.0,1,4102.0,4085.0,4130.0,4085.0,161.0,6627310.0,2521
2023-05-10 10:43:24,jd2311,jd2311,4118.0,0.0,0.0,0.0,3,4112.0,4118.0,1,4102.0,4085.0,4130.0,4085.0,161.0,6627310.0,2521
2023-05-10 10:44:03,jd2311,jd2311,4118.0,0.0,0.0,0.0,2,4112.0,4118.0,1,4102.0,4085.0,4130.0,4085.0,161.0,6627310.0,2521
2023-05-10 10:44:10,jd2311,jd2311,4118.0,0.0,0.0,0.0,3,4112.0,4118.0,1,4102.0,4085.0,4130.0,4085.0,161.0,6627310.0,2521
2023-05-10 10:44:25,jd2311,jd2311,4118.0,0.0,0.0,0.0,2,4112.0,4118.0,1,4102.0,4085.0,4130.0,4085.0,161.0,6627310.0,2521
2023-05-10 10:45:41,jd2311,jd2311,4118.0,0.0,0.0,0.0,3,4112.0,4118.0,1,4102.0,4085.0,4130.0,4085.0,161.0,6627310.0,2521
2023-05-10 10:45:52,jd2311,jd2311,4118.0,0.0,0.0,0.0,2,4112.0,4118.0,1,4102.0,4085.0,4130.0,4085.0,161.0,6627310.0,2521
2023-05-10 10:46:42,jd2311,jd2311,4118.0,0.0,0.0,0.0,3,4112.0,4118.0,1,4102.0,4085.0,4130.0,4085.0,161.0,6627310.0,2521
2023-05-10 10:46:55,jd2311,jd2311,4118.0,0.0,0.0,0.0,2,4112.0,4118.0,1,4102.0,4085.0,4130.0,4085.0,161.0,6627310.0,2521
2023-05-10 10:53:56,jd2311,jd2311,4118.0,0.0,0.0,0.0,1,4112.0,4118.0,1,4102.0,4085.0,4130.0,4085.0,161.0,6627310.0,2521
2023-05-10 10:58:45,jd2311,jd2311,4112.0,1.0,41120.0,1.0,1,4111.0,4118.0,2,4102.0,4085.0,4130.0,4085.0,162.0,6668430.0,2522
2023-05-10 10:58:45,jd2311,jd2311,4111.0,1.0,41110.0,1.0,2,4110.0,4118.0,2,4102.0,4085.0,4130.0,4085.0,163.0,6709540.0,2523
2023-05-10 10:58:45,jd2311,jd2311,4110.0,1.0,41100.0,1.0,1,4110.0,4118.0,2,4102.0,4085.0,4130.0,4085.0,164.0,6750640.0,2524
2023-05-10 10:58:46,jd2311,jd2311,4110.0,1.0,41100.0,1.0,3,4100.0,4118.0,2,4102.0,4085.0,4130.0,4085.0,165.0,6791740.0,2525
2023-05-10 10:58:46,jd2311,jd2311,4110.0,0.0,0.0,0.0,1,4102.0,4118.0,2,4102.0,4085.0,4130.0,4085.0,165.0,6791740.0,2525
2023-05-10 10:58:52,jd2311,jd2311,4110.0,0.0,0.0,0.0,1,4103.0,4118.0,2,4102.0,4085.0,4130.0,4085.0,165.0,6791740.0,2525
2023-05-10 10:59:07,jd2311,jd2311,4110.0,0.0,0.0,0.0,1,4105.0,4118.0,2,4102.0,4085.0,4130.0,4085.0,165.0,6791740.0,2525
2023-05-10 10:59:20,jd2311,jd2311,4110.0,0.0,0.0,0.0,2,4106.0,4118.0,2,4102.0,4085.0,4130.0,4085.0,165.0,6791740.0,2525
2023-05-10 10:59:27,jd2311,jd2311,4110.0,0.0,0.0,0.0,3,4106.0,4118.0,2,4102.0,4085.0,4130.0,4085.0,165.0,6791740.0,2525
2023-05-10 10:59:31,jd2311,jd2311,4110.0,0.0,0.0,0.0,3,4106.0,4116.0,2,4102.0,4085.0,4130.0,4085.0,165.0,6791740.0,2525
2023-05-10 11:00:34,jd2311,jd2311,4110.0,0.0,0.0,0.0,2,4106.0,4116.0,2,4102.0,4085.0,4130.0,4085.0,165.0,6791740.0,2525
2023-05-10 11:00:53,jd2311,jd2311,4110.0,0.0,0.0,0.0,3,4106.0,4116.0,2,4102.0,4085.0,4130.0,4085.0,165.0,6791740.0,2525
2023-05-10 11:01:16,jd2311,jd2311,4110.0,0.0,0.0,0.0,1,4107.0,4116.0,2,4102.0,4085.0,4130.0,4085.0,165.0,6791740.0,2525
2023-05-10 11:02:07,jd2311,jd2311,4110.0,0.0,0.0,0.0,2,4108.0,4116.0,2,4102.0,4085.0,4130.0,4085.0,165.0,6791740.0,2525
2023-05-10 11:02:08,jd2311,jd2311,4110.0,0.0,0.0,0.0,1,4107.0,4116.0,2,4102.0,4085.0,4130.0,4085.0,165.0,6791740.0,2525
2023-05-10 11:02:10,jd2311,jd2311,4110.0,0.0,0.0,0.0,2,4107.0,4116.0,2,4102.0,4085.0,4130.0,4085.0,165.0,6791740.0,2525
2023-05-10 11:02:26,jd2311,jd2311,4110.0,0.0,0.0,0.0,1,4108.0,4116.0,2,4102.0,4085.0,4130.0,4085.0,165.0,6791740.0,2525
2023-05-10 11:02:33,jd2311,jd2311,4110.0,0.0,0.0,0.0,2,4108.0,4116.0,2,4102.0,4085.0,4130.0,4085.0,165.0,6791740.0,2525
2023-05-10 11:03:35,jd2311,jd2311,4110.0,0.0,0.0,0.0,3,4108.0,4116.0,2,4102.0,4085.0,4130.0,4085.0,165.0,6791740.0,2525
2023-05-10 11:03:56,jd2311,jd2311,4110.0,0.0,0.0,0.0,2,4109.0,4116.0,2,4102.0,4085.0,4130.0,4085.0,165.0,6791740.0,2525
2023-05-10 11:04:06,jd2311,jd2311,4110.0,0.0,0.0,0.0,3,4109.0,4116.0,2,4102.0,4085.0,4130.0,4085.0,165.0,6791740.0,2525
2023-05-10 11:04:07,jd2311,jd2311,4110.0,0.0,0.0,0.0,4,4109.0,4116.0,2,4102.0,4085.0,4130.0,4085.0,165.0,6791740.0,2525
2023-05-10 11:04:10,jd2311,jd2311,4110.0,0.0,0.0,0.0,3,4109.0,4116.0,2,4102.0,4085.0,4130.0,4085.0,165.0,6791740.0,2525
2023-05-10 11:05:31,jd2311,jd2311,4110.0,0.0,0.0,0.0,4,4109.0,4116.0,2,4102.0,4085.0,4130.0,4085.0,165.0,6791740.0,2525
2023-05-10 11:05:33,jd2311,jd2311,4109.0,1.0,41090.0,0.0,3,4109.0,4116.0,2,4102.0,4085.0,4130.0,4085.0,166.0,6832830.0,2525
2023-05-10 11:05:34,jd2311,jd2311,4109.0,1.0,41090.0,0.0,2,4109.0,4116.0,2,4102.0,4085.0,4130.0,4085.0,167.0,6873920.0,2525
2023-05-10 11:05:39,jd2311,jd2311,4109.0,1.0,41090.0,0.0,1,4109.0,4116.0,2,4102.0,4085.0,4130.0,4085.0,168.0,6915010.0,2525
2023-05-10 11:05:49,jd2311,jd2311,4109.0,0.0,0.0,0.0,3,4109.0,4116.0,2,4102.0,4085.0,4130.0,4085.0,168.0,6915010.0,2525
2023-05-10 11:05:52,jd2311,jd2311,4109.0,0.0,0.0,0.0,2,4109.0,4116.0,2,4102.0,4085.0,4130.0,4085.0,168.0,6915010.0,2525
2023-05-10 11:06:05,jd2311,jd2311,4109.0,0.0,0.0,0.0,2,4109.0,4116.0,3,4102.0,4085.0,4130.0,4085.0,168.0,6915010.0,2525
2023-05-10 11:06:19,jd2311,jd2311,4109.0,1.0,41090.0,0.0,1,4109.0,4116.0,3,4102.0,4085.0,4130.0,4085.0,169.0,6956100.0,2525
2023-05-10 11:06:19,jd2311,jd2311,4109.0,1.0,41090.0,0.0,1,4108.0,4116.0,3,4102.0,4085.0,4130.0,4085.0,170.0,6997190.0,2525
2023-05-10 11:06:20,jd2311,jd2311,4109.0,0.0,0.0,0.0,2,4108.0,4116.0,3,4102.0,4085.0,4130.0,4085.0,170.0,6997190.0,2525
2023-05-10 11:06:38,jd2311,jd2311,4109.0,0.0,0.0,0.0,2,4108.0,4115.0,1,4102.0,4085.0,4130.0,4085.0,170.0,6997190.0,2525
2023-05-10 11:06:38,jd2311,jd2311,4109.0,0.0,0.0,0.0,2,4108.0,4115.0,2,4102.0,4085.0,4130.0,4085.0,170.0,6997190.0,2525
2023-05-10 11:06:43,jd2311,jd2311,4109.0,0.0,0.0,0.0,1,4109.0,4115.0,2,4102.0,4085.0,4130.0,4085.0,170.0,6997190.0,2525
2023-05-10 11:08:13,jd2311,jd2311,4109.0,0.0,0.0,0.0,3,4109.0,4115.0,2,4102.0,4085.0,4130.0,4085.0,170.0,6997190.0,2525
2023-05-10 11:08:31,jd2311,jd2311,4109.0,0.0,0.0,0.0,1,4110.0,4115.0,2,4102.0,4085.0,4130.0,4085.0,170.0,6997190.0,2525
2023-05-10 11:09:34,jd2311,jd2311,4109.0,0.0,0.0,0.0,2,4110.0,4115.0,2,4102.0,4085.0,4130.0,4085.0,170.0,6997190.0,2525
2023-05-10 11:10:41,jd2311,jd2311,4109.0,0.0,0.0,0.0,2,4110.0,4115.0,1,4102.0,4085.0,4130.0,4085.0,170.0,6997190.0,2525
2023-05-10 11:10:41,jd2311,jd2311,4109.0,0.0,0.0,0.0,2,4110.0,4114.0,2,4102.0,4085.0,4130.0,4085.0,170.0,6997190.0,2525
2023-05-10 11:11:42,jd2311,jd2311,4109.0,0.0,0.0,0.0,2,4110.0,4114.0,1,4102.0,4085.0,4130.0,4085.0,170.0,6997190.0,2525
2023-05-10 11:14:29,jd2311,jd2311,4109.0,0.0,0.0,0.0,1,4111.0,4114.0,1,4102.0,4085.0,4130.0,4085.0,170.0,6997190.0,2525
2023-05-10 11:14:52,jd2311,jd2311,4111.0,1.0,41110.0,0.0,2,4110.0,4114.0,1,4102.0,4085.0,4130.0,4085.0,171.0,7038300.0,2525
2023-05-10 11:16:36,jd2311,jd2311,4111.0,0.0,0.0,0.0,1,4110.0,4114.0,1,4102.0,4085.0,4130.0,4085.0,171.0,7038300.0,2525
2023-05-10 11:20:47,jd2311,jd2311,4111.0,0.0,0.0,0.0,1,4109.0,4114.0,1,4102.0,4085.0,4130.0,4085.0,171.0,7038300.0,2525
2023-05-10 11:21:39,jd2311,jd2311,4111.0,0.0,0.0,0.0,2,4109.0,4114.0,1,4102.0,4085.0,4130.0,4085.0,171.0,7038300.0,2525
2023-05-10 11:24:26,jd2311,jd2311,4111.0,0.0,0.0,0.0,1,4111.0,4114.0,1,4102.0,4085.0,4130.0,4085.0,171.0,7038300.0,2525
2023-05-10 11:25:04,jd2311,jd2311,4111.0,0.0,0.0,0.0,1,4109.0,4114.0,1,4102.0,4085.0,4130.0,4085.0,171.0,7038300.0,2525
2023-05-10 11:25:11,jd2311,jd2311,4111.0,0.0,0.0,0.0,1,4102.0,4114.0,1,4102.0,4085.0,4130.0,4085.0,171.0,7038300.0,2525
2023-05-10 11:25:11,jd2311,jd2311,4111.0,0.0,0.0,0.0,1,4104.0,4114.0,1,4102.0,4085.0,4130.0,4085.0,171.0,7038300.0,2525
2023-05-10 11:25:34,jd2311,jd2311,4111.0,0.0,0.0,0.0,3,4104.0,4114.0,1,4102.0,4085.0,4130.0,4085.0,171.0,7038300.0,2525
2023-05-10 11:25:35,jd2311,jd2311,4111.0,0.0,0.0,0.0,4,4104.0,4114.0,1,4102.0,4085.0,4130.0,4085.0,171.0,7038300.0,2525
2023-05-10 11:25:35,jd2311,jd2311,4111.0,0.0,0.0,0.0,5,4104.0,4114.0,1,4102.0,4085.0,4130.0,4085.0,171.0,7038300.0,2525
2023-05-10 11:25:39,jd2311,jd2311,4111.0,0.0,0.0,0.0,5,4104.0,4114.0,3,4102.0,4085.0,4130.0,4085.0,171.0,7038300.0,2525
2023-05-10 11:25:40,jd2311,jd2311,4111.0,0.0,0.0,0.0,4,4104.0,4114.0,3,4102.0,4085.0,4130.0,4085.0,171.0,7038300.0,2525
2023-05-10 11:25:40,jd2311,jd2311,4111.0,0.0,0.0,0.0,5,4104.0,4114.0,3,4102.0,4085.0,4130.0,4085.0,171.0,7038300.0,2525
2023-05-10 11:25:43,jd2311,jd2311,4111.0,0.0,0.0,0.0,5,4104.0,4113.0,2,4102.0,4085.0,4130.0,4085.0,171.0,7038300.0,2525
2023-05-10 11:25:43,jd2311,jd2311,4111.0,0.0,0.0,0.0,5,4104.0,4112.0,1,4102.0,4085.0,4130.0,4085.0,171.0,7038300.0,2525
2023-05-10 11:25:44,jd2311,jd2311,4111.0,0.0,0.0,0.0,5,4104.0,4116.0,1,4102.0,4085.0,4130.0,4085.0,171.0,7038300.0,2525
2023-05-10 11:25:45,jd2311,jd2311,4111.0,0.0,0.0,0.0,5,4104.0,4115.0,1,4102.0,4085.0,4130.0,4085.0,171.0,7038300.0,2525
2023-05-10 11:25:46,jd2311,jd2311,4111.0,0.0,0.0,0.0,5,4104.0,4115.0,3,4102.0,4085.0,4130.0,4085.0,171.0,7038300.0,2525
2023-05-10 11:25:51,jd2311,jd2311,4111.0,0.0,0.0,0.0,4,4104.0,4115.0,3,4102.0,4085.0,4130.0,4085.0,171.0,7038300.0,2525
2023-05-10 11:25:52,jd2311,jd2311,4111.0,0.0,0.0,0.0,5,4104.0,4115.0,3,4102.0,4085.0,4130.0,4085.0,171.0,7038300.0,2525
2023-05-10 11:25:54,jd2311,jd2311,4111.0,0.0,0.0,0.0,4,4104.0,4115.0,3,4102.0,4085.0,4130.0,4085.0,171.0,7038300.0,2525
2023-05-10 11:25:54,jd2311,jd2311,4111.0,0.0,0.0,0.0,5,4104.0,4115.0,3,4102.0,4085.0,4130.0,4085.0,171.0,7038300.0,2525
2023-05-10 11:25:58,jd2311,jd2311,4111.0,0.0,0.0,0.0,4,4104.0,4115.0,3,4102.0,4085.0,4130.0,4085.0,171.0,7038300.0,2525
2023-05-10 11:25:59,jd2311,jd2311,4111.0,0.0,0.0,0.0,3,4104.0,4115.0,3,4102.0,4085.0,4130.0,4085.0,171.0,7038300.0,2525
2023-05-10 11:25:59,jd2311,jd2311,4111.0,0.0,0.0,0.0,3,4104.0,4115.0,1,4102.0,4085.0,4130.0,4085.0,171.0,7038300.0,2525
2023-05-10 11:26:02,jd2311,jd2311,4111.0,0.0,0.0,0.0,3,4104.0,4115.0,3,4102.0,4085.0,4130.0,4085.0,171.0,7038300.0,2525
2023-05-10 11:26:05,jd2311,jd2311,4111.0,0.0,0.0,0.0,3,4105.0,4115.0,3,4102.0,4085.0,4130.0,4085.0,171.0,7038300.0,2525
2023-05-10 11:26:06,jd2311,jd2311,4111.0,0.0,0.0,0.0,3,4105.0,4115.0,1,4102.0,4085.0,4130.0,4085.0,171.0,7038300.0,2525
2023-05-10 11:26:07,jd2311,jd2311,4111.0,0.0,0.0,0.0,1,4107.0,4115.0,1,4102.0,4085.0,4130.0,4085.0,171.0,7038300.0,2525
2023-05-10 11:26:13,jd2311,jd2311,4111.0,0.0,0.0,0.0,1,4107.0,4115.0,3,4102.0,4085.0,4130.0,4085.0,171.0,7038300.0,2525
2023-05-10 11:26:39,jd2311,jd2311,4111.0,0.0,0.0,0.0,3,4105.0,4115.0,3,4102.0,4085.0,4130.0,4085.0,171.0,7038300.0,2525
2023-05-10 11:26:40,jd2311,jd2311,4111.0,0.0,0.0,0.0,4,4105.0,4115.0,3,4102.0,4085.0,4130.0,4085.0,171.0,7038300.0,2525
2023-05-10 11:27:06,jd2311,jd2311,4111.0,0.0,0.0,0.0,4,4105.0,4113.0,1,4102.0,4085.0,4130.0,4085.0,171.0,7038300.0,2525
2023-05-10 11:27:24,jd2311,jd2311,4111.0,0.0,0.0,0.0,1,4111.0,4113.0,1,4102.0,4085.0,4130.0,4085.0,171.0,7038300.0,2525
2023-05-10 11:27:24,jd2311,jd2311,4111.0,0.0,0.0,0.0,1,4111.0,4116.0,1,4102.0,4085.0,4130.0,4085.0,171.0,7038300.0,2525
2023-05-10 11:27:25,jd2311,jd2311,4111.0,0.0,0.0,0.0,1,4111.0,4115.0,1,4102.0,4085.0,4130.0,4085.0,171.0,7038300.0,2525
2023-05-10 11:27:28,jd2311,jd2311,4111.0,0.0,0.0,0.0,1,4111.0,4115.0,3,4102.0,4085.0,4130.0,4085.0,171.0,7038300.0,2525
2023-05-10 11:27:43,jd2311,jd2311,4111.0,0.0,0.0,0.0,1,4111.0,4115.0,1,4102.0,4085.0,4130.0,4085.0,171.0,7038300.0,2525
2023-05-10 11:27:47,jd2311,jd2311,4111.0,1.0,41110.0,1.0,4,4105.0,4115.0,1,4102.0,4085.0,4130.0,4085.0,172.0,7079410.0,2526
2023-05-10 11:27:48,jd2311,jd2311,4111.0,0.0,0.0,0.0,4,4105.0,4113.0,1,4102.0,4085.0,4130.0,4085.0,172.0,7079410.0,2526
2023-05-10 11:29:56,jd2311,jd2311,4111.0,0.0,0.0,0.0,4,4105.0,4116.0,1,4102.0,4085.0,4130.0,4085.0,172.0,7079410.0,2526
2023-05-10 11:29:56,jd2311,jd2311,4111.0,0.0,0.0,0.0,4,4105.0,4116.0,3,4102.0,4085.0,4130.0,4085.0,172.0,7079410.0,2526
2023-05-10 13:30:00,jd2311,jd2311,4111.0,0.0,0.0,0.0,1,4106.0,4116.0,3,4102.0,4085.0,4130.0,4085.0,172.0,7079410.0,2526
2023-05-10 13:30:01,jd2311,jd2311,4111.0,0.0,0.0,0.0,1,4108.0,4115.0,1,4102.0,4085.0,4130.0,4085.0,172.0,7079410.0,2526
2023-05-10 13:30:03,jd2311,jd2311,4111.0,0.0,0.0,0.0,1,4108.0,4115.0,3,4102.0,4085.0,4130.0,4085.0,172.0,7079410.0,2526
2023-05-10 13:30:35,jd2311,jd2311,4111.0,0.0,0.0,0.0,1,4102.0,4115.0,3,4102.0,4085.0,4130.0,4085.0,172.0,7079410.0,2526
2023-05-10 13:30:36,jd2311,jd2311,4111.0,0.0,0.0,0.0,2,4102.0,4115.0,3,4102.0,4085.0,4130.0,4085.0,172.0,7079410.0,2526
2023-05-10 13:30:56,jd2311,jd2311,4111.0,0.0,0.0,0.0,1,4102.0,4115.0,3,4102.0,4085.0,4130.0,4085.0,172.0,7079410.0,2526
2023-05-10 13:30:57,jd2311,jd2311,4111.0,0.0,0.0,0.0,1,4102.0,4113.0,1,4102.0,4085.0,4130.0,4085.0,172.0,7079410.0,2526
2023-05-10 13:30:58,jd2311,jd2311,4111.0,0.0,0.0,0.0,2,4102.0,4113.0,1,4102.0,4085.0,4130.0,4085.0,172.0,7079410.0,2526
2023-05-10 13:30:59,jd2311,jd2311,4111.0,0.0,0.0,0.0,2,4102.0,4113.0,3,4102.0,4085.0,4130.0,4085.0,172.0,7079410.0,2526
2023-05-10 13:31:10,jd2311,jd2311,4111.0,0.0,0.0,0.0,1,4102.0,4113.0,3,4102.0,4085.0,4130.0,4085.0,172.0,7079410.0,2526
2023-05-10 13:31:16,jd2311,jd2311,4111.0,0.0,0.0,0.0,2,4102.0,4113.0,3,4102.0,4085.0,4130.0,4085.0,172.0,7079410.0,2526
2023-05-10 13:31:38,jd2311,jd2311,4111.0,0.0,0.0,0.0,2,4102.0,4112.0,2,4102.0,4085.0,4130.0,4085.0,172.0,7079410.0,2526
2023-05-10 13:31:39,jd2311,jd2311,4111.0,0.0,0.0,0.0,2,4102.0,4111.0,1,4102.0,4085.0,4130.0,4085.0,172.0,7079410.0,2526
2023-05-10 13:32:16,jd2311,jd2311,4111.0,0.0,0.0,0.0,2,4102.0,4116.0,1,4102.0,4085.0,4130.0,4085.0,172.0,7079410.0,2526
2023-05-10 13:32:17,jd2311,jd2311,4111.0,0.0,0.0,0.0,2,4102.0,4115.0,1,4102.0,4085.0,4130.0,4085.0,172.0,7079410.0,2526
2023-05-10 13:32:20,jd2311,jd2311,4111.0,0.0,0.0,0.0,2,4102.0,4114.0,2,4102.0,4085.0,4130.0,4085.0,172.0,7079410.0,2526
2023-05-10 13:32:20,jd2311,jd2311,4111.0,0.0,0.0,0.0,2,4102.0,4113.0,1,4102.0,4085.0,4130.0,4085.0,172.0,7079410.0,2526
2023-05-10 13:32:21,jd2311,jd2311,4111.0,0.0,0.0,0.0,2,4104.0,4113.0,1,4102.0,4085.0,4130.0,4085.0,172.0,7079410.0,2526
2023-05-10 13:32:21,jd2311,jd2311,4111.0,0.0,0.0,0.0,3,4104.0,4113.0,1,4102.0,4085.0,4130.0,4085.0,172.0,7079410.0,2526
2023-05-10 13:32:39,jd2311,jd2311,4111.0,0.0,0.0,0.0,3,4104.0,4113.0,3,4102.0,4085.0,4130.0,4085.0,172.0,7079410.0,2526
2023-05-10 13:33:00,jd2311,jd2311,4111.0,0.0,0.0,0.0,3,4104.0,4113.0,1,4102.0,4085.0,4130.0,4085.0,172.0,7079410.0,2526
2023-05-10 13:33:02,jd2311,jd2311,4111.0,0.0,0.0,0.0,3,4104.0,4111.0,1,4102.0,4085.0,4130.0,4085.0,172.0,7079410.0,2526
2023-05-10 13:33:04,jd2311,jd2311,4111.0,0.0,0.0,0.0,3,4104.0,4116.0,1,4102.0,4085.0,4130.0,4085.0,172.0,7079410.0,2526
2023-05-10 13:33:04,jd2311,jd2311,4111.0,0.0,0.0,0.0,3,4104.0,4115.0,1,4102.0,4085.0,4130.0,4085.0,172.0,7079410.0,2526
2023-05-10 13:33:06,jd2311,jd2311,4111.0,0.0,0.0,0.0,3,4104.0,4115.0,3,4102.0,4085.0,4130.0,4085.0,172.0,7079410.0,2526
2023-05-10 13:33:44,jd2311,jd2311,4111.0,0.0,0.0,0.0,3,4104.0,4113.0,1,4102.0,4085.0,4130.0,4085.0,172.0,7079410.0,2526
2023-05-10 13:33:58,jd2311,jd2311,4111.0,0.0,0.0,0.0,2,4104.0,4113.0,1,4102.0,4085.0,4130.0,4085.0,172.0,7079410.0,2526
2023-05-10 13:34:26,jd2311,jd2311,4111.0,0.0,0.0,0.0,2,4104.0,4112.0,2,4102.0,4085.0,4130.0,4085.0,172.0,7079410.0,2526
2023-05-10 13:34:26,jd2311,jd2311,4111.0,0.0,0.0,0.0,2,4104.0,4111.0,1,4102.0,4085.0,4130.0,4085.0,172.0,7079410.0,2526
2023-05-10 13:34:27,jd2311,jd2311,4111.0,0.0,0.0,0.0,2,4104.0,4116.0,1,4102.0,4085.0,4130.0,4085.0,172.0,7079410.0,2526
2023-05-10 13:35:08,jd2311,jd2311,4111.0,0.0,0.0,0.0,2,4104.0,4115.0,2,4102.0,4085.0,4130.0,4085.0,172.0,7079410.0,2526
2023-05-10 13:35:08,jd2311,jd2311,4111.0,0.0,0.0,0.0,2,4104.0,4114.0,1,4102.0,4085.0,4130.0,4085.0,172.0,7079410.0,2526
2023-05-10 13:35:21,jd2311,jd2311,4111.0,0.0,0.0,0.0,3,4104.0,4114.0,1,4102.0,4085.0,4130.0,4085.0,172.0,7079410.0,2526
2023-05-10 13:35:21,jd2311,jd2311,4111.0,0.0,0.0,0.0,2,4104.0,4114.0,1,4102.0,4085.0,4130.0,4085.0,172.0,7079410.0,2526
2023-05-10 13:35:23,jd2311,jd2311,4111.0,0.0,0.0,0.0,16,4102.0,4114.0,1,4102.0,4085.0,4130.0,4085.0,172.0,7079410.0,2526
2023-05-10 13:35:24,jd2311,jd2311,4111.0,0.0,0.0,0.0,17,4102.0,4114.0,1,4102.0,4085.0,4130.0,4085.0,172.0,7079410.0,2526
2023-05-10 13:35:28,jd2311,jd2311,4111.0,0.0,0.0,0.0,1,4103.0,4114.0,1,4102.0,4085.0,4130.0,4085.0,172.0,7079410.0,2526
2023-05-10 13:35:38,jd2311,jd2311,4111.0,0.0,0.0,0.0,1,4106.0,4114.0,1,4102.0,4085.0,4130.0,4085.0,172.0,7079410.0,2526
2023-05-10 13:35:39,jd2311,jd2311,4111.0,0.0,0.0,0.0,2,4106.0,4114.0,1,4102.0,4085.0,4130.0,4085.0,172.0,7079410.0,2526
2023-05-10 13:37:24,jd2311,jd2311,4111.0,0.0,0.0,0.0,2,4106.0,4113.0,2,4102.0,4085.0,4130.0,4085.0,172.0,7079410.0,2526
2023-05-10 13:38:23,jd2311,jd2311,4111.0,0.0,0.0,0.0,2,4106.0,4111.0,22,4102.0,4085.0,4130.0,4085.0,172.0,7079410.0,2526
2023-05-10 13:38:23,jd2311,jd2311,4111.0,0.0,0.0,0.0,2,4106.0,4110.0,1,4102.0,4085.0,4130.0,4085.0,172.0,7079410.0,2526
2023-05-10 13:38:43,jd2311,jd2311,4111.0,0.0,0.0,0.0,3,4106.0,4110.0,1,4102.0,4085.0,4130.0,4085.0,172.0,7079410.0,2526
2023-05-10 13:39:18,jd2311,jd2311,4111.0,0.0,0.0,0.0,2,4106.0,4110.0,1,4102.0,4085.0,4130.0,4085.0,172.0,7079410.0,2526
2023-05-10 13:39:22,jd2311,jd2311,4110.0,1.0,41100.0,-1.0,2,4106.0,4110.0,1,4102.0,4085.0,4130.0,4085.0,173.0,7120510.0,2525
2023-05-10 13:40:43,jd2311,jd2311,4110.0,0.0,0.0,0.0,2,4106.0,4107.0,1,4102.0,4085.0,4130.0,4085.0,173.0,7120510.0,2525
2023-05-10 13:40:52,jd2311,jd2311,4107.0,1.0,41070.0,0.0,2,4106.0,4111.0,22,4102.0,4085.0,4130.0,4085.0,174.0,7161580.0,2525
2023-05-10 13:41:20,jd2311,jd2311,4107.0,0.0,0.0,0.0,2,4106.0,4110.0,2,4102.0,4085.0,4130.0,4085.0,174.0,7161580.0,2525
2023-05-10 13:41:20,jd2311,jd2311,4107.0,0.0,0.0,0.0,2,4106.0,4109.0,1,4102.0,4085.0,4130.0,4085.0,174.0,7161580.0,2525
2023-05-10 13:42:12,jd2311,jd2311,4107.0,0.0,0.0,0.0,1,4106.0,4109.0,1,4102.0,4085.0,4130.0,4085.0,174.0,7161580.0,2525
2023-05-10 13:42:12,jd2311,jd2311,4107.0,0.0,0.0,0.0,2,4104.0,4109.0,1,4102.0,4085.0,4130.0,4085.0,174.0,7161580.0,2525
2023-05-10 13:44:41,jd2311,jd2311,4107.0,0.0,0.0,0.0,1,4105.0,4109.0,1,4102.0,4085.0,4130.0,4085.0,174.0,7161580.0,2525
2023-05-10 13:44:42,jd2311,jd2311,4107.0,0.0,0.0,0.0,2,4105.0,4109.0,1,4102.0,4085.0,4130.0,4085.0,174.0,7161580.0,2525
2023-05-10 13:47:38,jd2311,jd2311,4105.0,1.0,41050.0,0.0,1,4105.0,4109.0,1,4102.0,4085.0,4130.0,4085.0,175.0,7202630.0,2525
2023-05-10 13:47:39,jd2311,jd2311,4105.0,1.0,41050.0,0.0,2,4104.0,4109.0,1,4102.0,4085.0,4130.0,4085.0,176.0,7243680.0,2525
2023-05-10 13:47:42,jd2311,jd2311,4104.0,1.0,41040.0,0.0,1,4104.0,4109.0,1,4102.0,4085.0,4130.0,4085.0,177.0,7284720.0,2525
2023-05-10 13:47:50,jd2311,jd2311,4104.0,0.0,0.0,0.0,1,4105.0,4109.0,1,4102.0,4085.0,4130.0,4085.0,177.0,7284720.0,2525
2023-05-10 13:48:18,jd2311,jd2311,4104.0,0.0,0.0,0.0,2,4105.0,4109.0,1,4102.0,4085.0,4130.0,4085.0,177.0,7284720.0,2525
2023-05-10 13:48:18,jd2311,jd2311,4104.0,0.0,0.0,0.0,3,4105.0,4109.0,1,4102.0,4085.0,4130.0,4085.0,177.0,7284720.0,2525
2023-05-10 13:50:23,jd2311,jd2311,4104.0,0.0,0.0,0.0,1,4106.0,4109.0,1,4102.0,4085.0,4130.0,4085.0,177.0,7284720.0,2525
2023-05-10 13:52:03,jd2311,jd2311,4104.0,0.0,0.0,0.0,1,4106.0,4109.0,3,4102.0,4085.0,4130.0,4085.0,177.0,7284720.0,2525
2023-05-10 13:53:28,jd2311,jd2311,4106.0,1.0,41060.0,0.0,16,4102.0,4106.0,1,4102.0,4085.0,4130.0,4085.0,178.0,7325780.0,2525
2023-05-10 13:53:28,jd2311,jd2311,4106.0,0.0,0.0,0.0,17,4102.0,4106.0,2,4102.0,4085.0,4130.0,4085.0,178.0,7325780.0,2525
2023-05-10 13:53:32,jd2311,jd2311,4106.0,0.0,0.0,0.0,16,4102.0,4106.0,2,4102.0,4085.0,4130.0,4085.0,178.0,7325780.0,2525
2023-05-10 13:53:34,jd2311,jd2311,4106.0,1.0,41060.0,0.0,16,4102.0,4106.0,1,4102.0,4085.0,4130.0,4085.0,179.0,7366840.0,2525
2023-05-10 13:53:35,jd2311,jd2311,4106.0,1.0,41060.0,-1.0,16,4102.0,4109.0,2,4102.0,4085.0,4130.0,4085.0,180.0,7407900.0,2524
2023-05-10 13:53:39,jd2311,jd2311,4106.0,0.0,0.0,0.0,17,4102.0,4109.0,2,4102.0,4085.0,4130.0,4085.0,180.0,7407900.0,2524
2023-05-10 13:53:59,jd2311,jd2311,4106.0,0.0,0.0,0.0,1,4106.0,4109.0,2,4102.0,4085.0,4130.0,4085.0,180.0,7407900.0,2524
2023-05-10 13:54:00,jd2311,jd2311,4106.0,0.0,0.0,0.0,2,4106.0,4109.0,2,4102.0,4085.0,4130.0,4085.0,180.0,7407900.0,2524
2023-05-10 13:54:24,jd2311,jd2311,4106.0,0.0,0.0,0.0,2,4106.0,4111.0,22,4102.0,4085.0,4130.0,4085.0,180.0,7407900.0,2524
2023-05-10 13:55:07,jd2311,jd2311,4106.0,0.0,0.0,0.0,3,4106.0,4111.0,22,4102.0,4085.0,4130.0,4085.0,180.0,7407900.0,2524
2023-05-10 13:55:08,jd2311,jd2311,4106.0,0.0,0.0,0.0,4,4106.0,4111.0,22,4102.0,4085.0,4130.0,4085.0,180.0,7407900.0,2524
2023-05-10 13:56:04,jd2311,jd2311,4106.0,0.0,0.0,0.0,4,4106.0,4111.0,23,4102.0,4085.0,4130.0,4085.0,180.0,7407900.0,2524
2023-05-10 13:56:21,jd2311,jd2311,4106.0,0.0,0.0,0.0,4,4106.0,4111.0,22,4102.0,4085.0,4130.0,4085.0,180.0,7407900.0,2524
2023-05-10 13:59:25,jd2311,jd2311,4106.0,0.0,0.0,0.0,5,4106.0,4111.0,22,4102.0,4085.0,4130.0,4085.0,180.0,7407900.0,2524
2023-05-10 14:01:22,jd2311,jd2311,4106.0,0.0,0.0,0.0,4,4106.0,4111.0,22,4102.0,4085.0,4130.0,4085.0,180.0,7407900.0,2524
2023-05-10 14:04:17,jd2311,jd2311,4111.0,1.0,41110.0,0.0,4,4106.0,4111.0,21,4102.0,4085.0,4130.0,4085.0,181.0,7449010.0,2524
2023-05-10 14:05:18,jd2311,jd2311,4111.0,0.0,0.0,0.0,5,4106.0,4111.0,21,4102.0,4085.0,4130.0,4085.0,181.0,7449010.0,2524
2023-05-10 14:05:52,jd2311,jd2311,4111.0,0.0,0.0,0.0,5,4106.0,4111.0,22,4102.0,4085.0,4130.0,4085.0,181.0,7449010.0,2524
2023-05-10 14:05:57,jd2311,jd2311,4111.0,0.0,0.0,0.0,5,4106.0,4111.0,23,4102.0,4085.0,4130.0,4085.0,181.0,7449010.0,2524
2023-05-10 14:06:10,jd2311,jd2311,4111.0,0.0,0.0,0.0,5,4106.0,4111.0,22,4102.0,4085.0,4130.0,4085.0,181.0,7449010.0,2524
2023-05-10 14:06:17,jd2311,jd2311,4111.0,0.0,0.0,0.0,5,4106.0,4110.0,1,4102.0,4085.0,4130.0,4085.0,181.0,7449010.0,2524
2023-05-10 14:06:49,jd2311,jd2311,4111.0,0.0,0.0,0.0,5,4106.0,4110.0,2,4102.0,4085.0,4130.0,4085.0,181.0,7449010.0,2524
2023-05-10 14:07:18,jd2311,jd2311,4111.0,0.0,0.0,0.0,4,4106.0,4110.0,2,4102.0,4085.0,4130.0,4085.0,181.0,7449010.0,2524
2023-05-10 14:07:20,jd2311,jd2311,4111.0,0.0,0.0,0.0,3,4106.0,4110.0,2,4102.0,4085.0,4130.0,4085.0,181.0,7449010.0,2524
2023-05-10 14:09:26,jd2311,jd2311,4111.0,0.0,0.0,0.0,2,4106.0,4110.0,2,4102.0,4085.0,4130.0,4085.0,181.0,7449010.0,2524
2023-05-10 14:10:28,jd2311,jd2311,4111.0,0.0,0.0,0.0,1,4106.0,4110.0,2,4102.0,4085.0,4130.0,4085.0,181.0,7449010.0,2524
2023-05-10 14:10:29,jd2311,jd2311,4111.0,0.0,0.0,0.0,17,4102.0,4110.0,2,4102.0,4085.0,4130.0,4085.0,181.0,7449010.0,2524
2023-05-10 14:10:30,jd2311,jd2311,4111.0,0.0,0.0,0.0,19,4102.0,4110.0,3,4102.0,4085.0,4130.0,4085.0,181.0,7449010.0,2524
2023-05-10 14:11:04,jd2311,jd2311,4111.0,0.0,0.0,0.0,2,4104.0,4110.0,3,4102.0,4085.0,4130.0,4085.0,181.0,7449010.0,2524
2023-05-10 14:13:07,jd2311,jd2311,4111.0,0.0,0.0,0.0,1,4106.0,4110.0,2,4102.0,4085.0,4130.0,4085.0,181.0,7449010.0,2524
2023-05-10 14:13:07,jd2311,jd2311,4111.0,0.0,0.0,0.0,2,4106.0,4110.0,2,4102.0,4085.0,4130.0,4085.0,181.0,7449010.0,2524
2023-05-10 14:17:15,jd2311,jd2311,4111.0,0.0,0.0,0.0,3,4106.0,4110.0,2,4102.0,4085.0,4130.0,4085.0,181.0,7449010.0,2524
2023-05-10 14:17:44,jd2311,jd2311,4111.0,0.0,0.0,0.0,2,4106.0,4110.0,2,4102.0,4085.0,4130.0,4085.0,181.0,7449010.0,2524
2023-05-10 14:18:32,jd2311,jd2311,4111.0,0.0,0.0,0.0,2,4106.0,4110.0,1,4102.0,4085.0,4130.0,4085.0,181.0,7449010.0,2524
2023-05-10 14:20:23,jd2311,jd2311,4106.0,1.0,41060.0,-1.0,1,4106.0,4110.0,1,4102.0,4085.0,4130.0,4085.0,182.0,7490070.0,2523
2023-05-10 14:24:23,jd2311,jd2311,4110.0,1.0,41100.0,-1.0,1,4106.0,4111.0,21,4102.0,4085.0,4130.0,4085.0,183.0,7531170.0,2522
2023-05-10 14:24:28,jd2311,jd2311,4110.0,0.0,0.0,0.0,18,4102.0,4111.0,21,4102.0,4085.0,4130.0,4085.0,183.0,7531170.0,2522
2023-05-10 14:24:28,jd2311,jd2311,4110.0,0.0,0.0,0.0,1,4104.0,4111.0,21,4102.0,4085.0,4130.0,4085.0,183.0,7531170.0,2522
2023-05-10 14:24:41,jd2311,jd2311,4110.0,0.0,0.0,0.0,2,4105.0,4111.0,21,4102.0,4085.0,4130.0,4085.0,183.0,7531170.0,2522
2023-05-10 14:24:41,jd2311,jd2311,4110.0,0.0,0.0,0.0,3,4105.0,4111.0,21,4102.0,4085.0,4130.0,4085.0,183.0,7531170.0,2522
2023-05-10 14:27:08,jd2311,jd2311,4110.0,0.0,0.0,0.0,4,4105.0,4111.0,21,4102.0,4085.0,4130.0,4085.0,183.0,7531170.0,2522
2023-05-10 14:28:06,jd2311,jd2311,4110.0,0.0,0.0,0.0,3,4105.0,4111.0,21,4102.0,4085.0,4130.0,4085.0,183.0,7531170.0,2522
2023-05-10 14:30:57,jd2311,jd2311,4110.0,0.0,0.0,0.0,4,4105.0,4111.0,21,4102.0,4085.0,4130.0,4085.0,183.0,7531170.0,2522
2023-05-10 14:30:57,jd2311,jd2311,4110.0,0.0,0.0,0.0,3,4105.0,4111.0,21,4102.0,4085.0,4130.0,4085.0,183.0,7531170.0,2522
2023-05-10 14:31:29,jd2311,jd2311,4110.0,0.0,0.0,0.0,1,4105.0,4111.0,21,4102.0,4085.0,4130.0,4085.0,183.0,7531170.0,2522
2023-05-10 14:31:40,jd2311,jd2311,4110.0,0.0,0.0,0.0,1,4105.0,4110.0,2,4102.0,4085.0,4130.0,4085.0,183.0,7531170.0,2522
2023-05-10 14:32:10,jd2311,jd2311,4110.0,0.0,0.0,0.0,2,4105.0,4110.0,2,4102.0,4085.0,4130.0,4085.0,183.0,7531170.0,2522
2023-05-10 14:32:10,jd2311,jd2311,4110.0,0.0,0.0,0.0,3,4105.0,4110.0,2,4102.0,4085.0,4130.0,4085.0,183.0,7531170.0,2522
2023-05-10 14:32:18,jd2311,jd2311,4110.0,0.0,0.0,0.0,4,4105.0,4110.0,2,4102.0,4085.0,4130.0,4085.0,183.0,7531170.0,2522
2023-05-10 14:32:30,jd2311,jd2311,4110.0,0.0,0.0,0.0,3,4105.0,4110.0,2,4102.0,4085.0,4130.0,4085.0,183.0,7531170.0,2522
2023-05-10 14:35:02,jd2311,jd2311,4110.0,0.0,0.0,0.0,2,4105.0,4110.0,2,4102.0,4085.0,4130.0,4085.0,183.0,7531170.0,2522
2023-05-10 14:35:02,jd2311,jd2311,4110.0,0.0,0.0,0.0,1,4105.0,4110.0,2,4102.0,4085.0,4130.0,4085.0,183.0,7531170.0,2522
2023-05-10 14:39:02,jd2311,jd2311,4110.0,0.0,0.0,0.0,2,4105.0,4110.0,2,4102.0,4085.0,4130.0,4085.0,183.0,7531170.0,2522
2023-05-10 14:39:07,jd2311,jd2311,4110.0,0.0,0.0,0.0,2,4105.0,4111.0,21,4102.0,4085.0,4130.0,4085.0,183.0,7531170.0,2522
2023-05-10 14:39:24,jd2311,jd2311,4110.0,0.0,0.0,0.0,2,4105.0,4110.0,1,4102.0,4085.0,4130.0,4085.0,183.0,7531170.0,2522
2023-05-10 14:41:08,jd2311,jd2311,4110.0,0.0,0.0,0.0,2,4105.0,4111.0,21,4102.0,4085.0,4130.0,4085.0,183.0,7531170.0,2522
2023-05-10 14:46:08,jd2311,jd2311,4110.0,0.0,0.0,0.0,2,4105.0,4110.0,2,4102.0,4085.0,4130.0,4085.0,183.0,7531170.0,2522
2023-05-10 14:46:09,jd2311,jd2311,4110.0,0.0,0.0,0.0,2,4105.0,4110.0,3,4102.0,4085.0,4130.0,4085.0,183.0,7531170.0,2522
2023-05-10 14:46:42,jd2311,jd2311,4110.0,0.0,0.0,0.0,2,4105.0,4109.0,1,4102.0,4085.0,4130.0,4085.0,183.0,7531170.0,2522
2023-05-10 14:47:45,jd2311,jd2311,4109.0,1.0,41090.0,1.0,2,4105.0,4110.0,1,4102.0,4085.0,4130.0,4085.0,184.0,7572260.0,2523
2023-05-10 14:47:52,jd2311,jd2311,4109.0,0.0,0.0,0.0,2,4105.0,4109.0,1,4102.0,4085.0,4130.0,4085.0,184.0,7572260.0,2523
2023-05-10 14:48:54,jd2311,jd2311,4109.0,0.0,0.0,0.0,2,4105.0,4111.0,21,4102.0,4085.0,4130.0,4085.0,184.0,7572260.0,2523
2023-05-10 14:50:52,jd2311,jd2311,4109.0,0.0,0.0,0.0,1,4106.0,4111.0,21,4102.0,4085.0,4130.0,4085.0,184.0,7572260.0,2523
2023-05-10 14:50:52,jd2311,jd2311,4109.0,0.0,0.0,0.0,2,4106.0,4111.0,21,4102.0,4085.0,4130.0,4085.0,184.0,7572260.0,2523
2023-05-10 14:50:52,jd2311,jd2311,4109.0,0.0,0.0,0.0,3,4106.0,4111.0,21,4102.0,4085.0,4130.0,4085.0,184.0,7572260.0,2523
2023-05-10 14:54:39,jd2311,jd2311,4111.0,20.0,822200.0,0.0,3,4106.0,4111.0,1,4102.0,4085.0,4130.0,4085.0,204.0,8394460.0,2523
2023-05-10 14:58:59,jd2311,jd2311,4111.0,0.0,0.0,0.0,2,4106.0,4111.0,1,4102.0,4085.0,4130.0,4085.0,204.0,8394460.0,2523
2023-05-10 14:59:06,jd2311,jd2311,4111.0,0.0,0.0,0.0,3,4106.0,4111.0,1,4102.0,4085.0,4130.0,4085.0,204.0,8394460.0,2523
2023-05-10 14:59:26,jd2311,jd2311,4111.0,0.0,0.0,0.0,2,4106.0,4111.0,1,4102.0,4085.0,4130.0,4085.0,204.0,8394460.0,2523
2023-05-10 14:59:27,jd2311,jd2311,4111.0,0.0,0.0,0.0,1,4106.0,4111.0,1,4102.0,4085.0,4130.0,4085.0,204.0,8394460.0,2523
2023-05-10 14:59:48,jd2311,jd2311,4111.0,0.0,0.0,0.0,1,4105.0,4111.0,1,4102.0,4085.0,4130.0,4085.0,204.0,8394460.0,2523
2023-05-10 15:01:14,jd2311,jd2311,4111.0,0.0,0.0,0.0,1,4105.0,4111.0,1,4102.0,4085.0,4130.0,4085.0,204.0,8394460.0,2523
