time,symbol_id,symbol_name,last,trade_volume,trade_amount,open_interest_change,bv1,bp1,ap1,av1,yesterday_close,today_open,today_high,today_low,volume,amount,open_interest
2023-05-09 19:10:58,RM2307,RM2307,3103.0,0.0,0.0,0.0,0,0.0,0.0,0,3103.0,3096.0,0.0,0.0,0.0,0.0,218675
2023-05-09 20:55:06,RM2307,RM2307,3103.0,0.0,0.0,0.0,0,0.0,0.0,0,3103.0,3096.0,0.0,0.0,0.0,0.0,218675
2023-05-09 20:57:46,RM2307,RM2307,3103.0,0.0,0.0,0.0,0,0.0,0.0,0,3103.0,3096.0,0.0,0.0,0.0,0.0,218675
2023-05-09 20:57:56,RM2307,RM2307,3103.0,0.0,0.0,0.0,0,0.0,0.0,0,3103.0,3096.0,0.0,0.0,0.0,0.0,218675
2023-05-09 20:58:50,RM2307,RM2307,3103.0,0.0,0.0,0.0,0,0.0,0.0,0,3103.0,3096.0,0.0,0.0,0.0,0.0,218675
2023-05-09 20:58:50,RM2307,RM2307,3103.0,0.0,0.0,0.0,0,0.0,0.0,0,3103.0,3096.0,0.0,0.0,0.0,0.0,218675
2023-05-09 20:58:51,RM2307,RM2307,3103.0,0.0,0.0,0.0,0,0.0,0.0,0,3103.0,3096.0,0.0,0.0,0.0,0.0,218675
2023-05-09 20:58:51,RM2307,RM2307,3103.0,0.0,0.0,0.0,0,0.0,0.0,0,3103.0,3096.0,0.0,0.0,0.0,0.0,218675
2023-05-09 20:58:51,RM2307,RM2307,3103.0,0.0,0.0,0.0,0,0.0,0.0,0,3103.0,3096.0,0.0,0.0,0.0,0.0,218675
2023-05-09 20:58:52,RM2307,RM2307,3103.0,0.0,0.0,0.0,0,0.0,0.0,0,3103.0,3096.0,0.0,0.0,0.0,0.0,218675
2023-05-09 20:58:52,RM2307,RM2307,3103.0,0.0,0.0,0.0,0,0.0,0.0,0,3103.0,3096.0,0.0,0.0,0.0,0.0,218675
2023-05-09 20:58:55,RM2307,RM2307,3103.0,0.0,0.0,0.0,0,0.0,0.0,0,3103.0,3096.0,0.0,0.0,0.0,0.0,218675
2023-05-09 20:58:55,RM2307,RM2307,3103.0,0.0,0.0,0.0,0,0.0,0.0,0,3103.0,3096.0,0.0,0.0,0.0,0.0,218675
2023-05-09 20:58:55,RM2307,RM2307,3103.0,0.0,0.0,0.0,0,0.0,0.0,0,3103.0,3096.0,0.0,0.0,0.0,0.0,218675
2023-05-09 20:58:57,RM2307,RM2307,3103.0,0.0,0.0,0.0,0,0.0,0.0,0,3103.0,3096.0,0.0,0.0,0.0,0.0,218675
2023-05-09 20:58:58,RM2307,RM2307,3103.0,0.0,0.0,0.0,0,0.0,0.0,0,3103.0,3096.0,0.0,0.0,0.0,0.0,218675
2023-05-09 20:58:59,RM2307,RM2307,3103.0,0.0,0.0,0.0,0,0.0,0.0,0,3103.0,3096.0,0.0,0.0,0.0,0.0,218675
2023-05-09 20:59:00,RM2307,RM2307,3096.0,17.0,52632.0,13.0,2,3096.0,3097.0,2,3103.0,3096.0,3096.0,3096.0,17.0,52632.0,218688
2023-05-09 21:00:00,RM2307,RM2307,3095.0,20.0,61920.0,-16.0,16,3095.0,3098.0,12,3103.0,3096.0,3097.0,3095.0,37.0,114552.0,218672
2023-05-09 21:00:01,RM2307,RM2307,3095.0,0.0,0.0,0.0,43,3095.0,3098.0,7,3103.0,3096.0,3097.0,3095.0,37.0,114552.0,218672
2023-05-09 21:00:01,RM2307,RM2307,3095.0,1.0,3096.0,-1.0,7,3095.0,3097.0,10,3103.0,3096.0,3097.0,3095.0,38.0,117648.0,218671
2023-05-09 21:00:01,RM2307,RM2307,3098.0,12.0,37152.0,-3.0,4,3096.0,3097.0,4,3103.0,3096.0,3098.0,3095.0,50.0,154800.0,218668
2023-05-09 21:00:02,RM2307,RM2307,3095.0,14.0,43344.0,-7.0,22,3095.0,3099.0,2,3103.0,3096.0,3098.0,3095.0,64.0,198144.0,218661
2023-05-09 21:00:02,RM2307,RM2307,3098.0,4.0,12384.0,-2.0,16,3098.0,3099.0,21,3103.0,3096.0,3098.0,3095.0,68.0,210528.0,218659
2023-05-09 21:00:03,RM2307,RM2307,3095.0,22.0,68112.0,-20.0,1,3097.0,3099.0,11,3103.0,3096.0,3098.0,3095.0,90.0,278640.0,218639
2023-05-09 21:00:04,RM2307,RM2307,3098.0,13.0,40351.0,1.0,1,3096.0,3100.0,2,3103.0,3096.0,3100.0,3095.0,103.0,318991.0,218640
2023-05-09 21:00:04,RM2307,RM2307,3098.0,3.0,9291.0,-1.0,35,3097.0,3099.0,6,3103.0,3096.0,3100.0,3095.0,106.0,328282.0,218639
2023-05-09 21:00:05,RM2307,RM2307,3099.0,5.0,15485.0,0.0,1,3098.0,3099.0,2,3103.0,3096.0,3100.0,3095.0,111.0,343767.0,218639
2023-05-09 21:00:05,RM2307,RM2307,3100.0,14.0,43358.0,1.0,1,3098.0,3099.0,9,3103.0,3096.0,3100.0,3095.0,125.0,387125.0,218640
2023-05-09 21:00:06,RM2307,RM2307,3099.0,7.0,21679.0,5.0,3,3098.0,3099.0,7,3103.0,3096.0,3100.0,3095.0,132.0,408804.0,218645
2023-05-09 21:00:06,RM2307,RM2307,3098.0,4.0,12388.0,-3.0,17,3098.0,3099.0,15,3103.0,3096.0,3100.0,3095.0,136.0,421192.0,218642
2023-05-09 21:00:07,RM2307,RM2307,3099.0,12.0,37164.0,6.0,6,3098.0,3100.0,3,3103.0,3096.0,3100.0,3095.0,148.0,458356.0,218648
2023-05-09 21:00:07,RM2307,RM2307,3100.0,2.0,6194.0,0.0,3,3099.0,3100.0,3,3103.0,3096.0,3100.0,3095.0,150.0,464550.0,218648
2023-05-09 21:00:08,RM2307,RM2307,3099.0,2.0,6194.0,-2.0,2,3099.0,3100.0,9,3103.0,3096.0,3100.0,3095.0,152.0,470744.0,218646
2023-05-09 21:00:08,RM2307,RM2307,3099.0,4.0,12388.0,-2.0,1,3099.0,3100.0,9,3103.0,3096.0,3100.0,3095.0,156.0,483132.0,218644
2023-05-09 21:00:09,RM2307,RM2307,3099.0,2.0,6194.0,-2.0,2,3099.0,3100.0,10,3103.0,3096.0,3100.0,3095.0,158.0,489326.0,218642
2023-05-09 21:00:09,RM2307,RM2307,3099.0,0.0,0.0,0.0,1,3099.0,3100.0,19,3103.0,3096.0,3100.0,3095.0,158.0,489326.0,218642
2023-05-09 21:00:10,RM2307,RM2307,3099.0,10.0,31138.0,-6.0,40,3098.0,3100.0,21,3103.0,3096.0,3100.0,3095.0,168.0,520464.0,218636
2023-05-09 21:00:10,RM2307,RM2307,3099.0,3.0,9294.0,-2.0,2,3099.0,3100.0,19,3103.0,3096.0,3100.0,3095.0,171.0,529758.0,218634
2023-05-09 21:00:11,RM2307,RM2307,3099.0,33.0,102234.0,10.0,39,3098.0,3100.0,59,3103.0,3096.0,3100.0,3095.0,204.0,631992.0,218644
2023-05-09 21:00:11,RM2307,RM2307,3098.0,6.0,18588.0,-1.0,25,3098.0,3099.0,53,3103.0,3096.0,3100.0,3095.0,210.0,650580.0,218643
2023-05-09 21:00:11,RM2307,RM2307,3097.0,38.0,117724.0,-26.0,17,3096.0,3098.0,11,3103.0,3096.0,3100.0,3095.0,248.0,768304.0,218617
2023-05-09 21:00:12,RM2307,RM2307,3096.0,18.0,55764.0,-12.0,10,3095.0,3097.0,2,3103.0,3096.0,3100.0,3095.0,266.0,824068.0,218605
2023-05-09 21:00:13,RM2307,RM2307,3096.0,6.0,18588.0,-6.0,1,3096.0,3097.0,15,3103.0,3096.0,3100.0,3095.0,272.0,842656.0,218599
2023-05-09 21:00:13,RM2307,RM2307,3096.0,10.0,30980.0,-8.0,2,3096.0,3097.0,17,3103.0,3096.0,3100.0,3095.0,282.0,873636.0,218591
2023-05-09 21:00:14,RM2307,RM2307,3096.0,8.0,24784.0,-7.0,43,3095.0,3097.0,29,3103.0,3096.0,3100.0,3095.0,290.0,898420.0,218584
2023-05-09 21:00:14,RM2307,RM2307,3096.0,14.0,43372.0,7.0,10,3096.0,3097.0,28,3103.0,3096.0,3100.0,3095.0,304.0,941792.0,218591
2023-05-09 21:00:15,RM2307,RM2307,3097.0,32.0,99136.0,2.0,15,3096.0,3098.0,35,3103.0,3096.0,3100.0,3095.0,336.0,1040928.0,218593
2023-05-09 21:00:15,RM2307,RM2307,3098.0,3.0,9294.0,0.0,3,3097.0,3098.0,30,3103.0,3096.0,3100.0,3095.0,339.0,1050222.0,218593
2023-05-09 21:00:16,RM2307,RM2307,3098.0,37.0,114626.0,10.0,5,3098.0,3099.0,21,3103.0,3096.0,3100.0,3095.0,376.0,1164848.0,218603
2023-05-09 21:00:16,RM2307,RM2307,3098.0,1.0,3098.0,0.0,10,3098.0,3099.0,17,3103.0,3096.0,3100.0,3095.0,377.0,1167946.0,218603
2023-05-09 21:00:17,RM2307,RM2307,3099.0,31.0,96038.0,1.0,1,3099.0,3100.0,16,3103.0,3096.0,3100.0,3095.0,408.0,1263984.0,218604
2023-05-09 21:00:17,RM2307,RM2307,3100.0,10.0,30980.0,6.0,14,3099.0,3100.0,2,3103.0,3096.0,3100.0,3095.0,418.0,1294964.0,218610
2023-05-09 21:00:18,RM2307,RM2307,3099.0,16.0,49568.0,3.0,14,3099.0,3100.0,3,3103.0,3096.0,3100.0,3095.0,434.0,1344532.0,218613
2023-05-09 21:00:18,RM2307,RM2307,3099.0,13.0,40274.0,3.0,4,3099.0,3100.0,4,3103.0,3096.0,3100.0,3095.0,447.0,1384806.0,218616
2023-05-09 21:00:19,RM2307,RM2307,3099.0,5.0,15490.0,1.0,26,3098.0,3099.0,2,3103.0,3096.0,3100.0,3095.0,452.0,1400296.0,218617
2023-05-09 21:00:19,RM2307,RM2307,3099.0,6.0,18588.0,3.0,5,3098.0,3099.0,2,3103.0,3096.0,3100.0,3095.0,458.0,1418884.0,218620
2023-05-09 21:00:19,RM2307,RM2307,3099.0,4.0,12392.0,2.0,7,3098.0,3099.0,2,3103.0,3096.0,3100.0,3095.0,462.0,1431276.0,218622
2023-05-09 21:00:20,RM2307,RM2307,3099.0,2.0,6196.0,-1.0,2,3099.0,3100.0,4,3103.0,3096.0,3100.0,3095.0,464.0,1437472.0,218621
2023-05-09 21:00:20,RM2307,RM2307,3099.0,0.0,0.0,0.0,2,3099.0,3100.0,11,3103.0,3096.0,3100.0,3095.0,464.0,1437472.0,218621
2023-05-09 21:00:21,RM2307,RM2307,3099.0,2.0,6196.0,-2.0,2,3099.0,3100.0,11,3103.0,3096.0,3100.0,3095.0,466.0,1443668.0,218619
2023-05-09 21:00:21,RM2307,RM2307,3099.0,3.0,9294.0,-2.0,2,3099.0,3100.0,14,3103.0,3096.0,3100.0,3095.0,469.0,1452962.0,218617
2023-05-09 21:00:22,RM2307,RM2307,3099.0,0.0,0.0,0.0,10,3098.0,3099.0,7,3103.0,3096.0,3100.0,3095.0,469.0,1452962.0,218617
2023-05-09 21:00:23,RM2307,RM2307,3100.0,9.0,27882.0,3.0,10,3098.0,3100.0,10,3103.0,3096.0,3100.0,3095.0,478.0,1480844.0,218620
2023-05-09 21:00:23,RM2307,RM2307,3099.0,4.0,12392.0,-2.0,1,3099.0,3100.0,10,3103.0,3096.0,3100.0,3095.0,482.0,1493236.0,218618
2023-05-09 21:00:23,RM2307,RM2307,3099.0,5.0,15490.0,-2.0,5,3099.0,3100.0,6,3103.0,3096.0,3100.0,3095.0,487.0,1508726.0,218616
2023-05-09 21:00:24,RM2307,RM2307,3100.0,7.0,21686.0,0.0,7,3099.0,3100.0,3,3103.0,3096.0,3100.0,3095.0,494.0,1530412.0,218616
2023-05-09 21:00:25,RM2307,RM2307,3100.0,3.0,9294.0,3.0,8,3099.0,3101.0,17,3103.0,3096.0,3100.0,3095.0,497.0,1539706.0,218619
2023-05-09 21:00:25,RM2307,RM2307,3100.0,1.0,3098.0,1.0,6,3099.0,3100.0,3,3103.0,3096.0,3100.0,3095.0,498.0,1542804.0,218620
2023-05-09 21:00:26,RM2307,RM2307,3099.0,9.0,27882.0,-3.0,2,3099.0,3100.0,6,3103.0,3096.0,3100.0,3095.0,507.0,1570686.0,218617
2023-05-09 21:00:27,RM2307,RM2307,3099.0,1.0,3098.0,-1.0,24,3098.0,3099.0,1,3103.0,3096.0,3100.0,3095.0,508.0,1573784.0,218616
2023-05-09 21:00:27,RM2307,RM2307,3099.0,3.0,9294.0,-1.0,12,3098.0,3099.0,7,3103.0,3096.0,3100.0,3095.0,511.0,1583078.0,218615
2023-05-09 21:00:27,RM2307,RM2307,3099.0,0.0,0.0,0.0,9,3098.0,3099.0,13,3103.0,3096.0,3100.0,3095.0,511.0,1583078.0,218615
2023-05-09 21:00:28,RM2307,RM2307,3098.0,14.0,43372.0,-6.0,18,3097.0,3098.0,6,3103.0,3096.0,3100.0,3095.0,525.0,1626450.0,218609
2023-05-09 21:00:28,RM2307,RM2307,3098.0,0.0,0.0,0.0,9,3097.0,3099.0,21,3103.0,3096.0,3100.0,3095.0,525.0,1626450.0,218609
2023-05-09 21:00:29,RM2307,RM2307,3098.0,0.0,0.0,0.0,7,3097.0,3098.0,4,3103.0,3096.0,3100.0,3095.0,525.0,1626450.0,218609
2023-05-09 21:00:30,RM2307,RM2307,3097.0,7.0,21686.0,1.0,2,3097.0,3098.0,6,3103.0,3096.0,3100.0,3095.0,532.0,1648136.0,218610
2023-05-09 21:00:30,RM2307,RM2307,3095.0,89.0,275722.0,-1.0,20,3095.0,3096.0,1,3103.0,3096.0,3100.0,3095.0,621.0,1923858.0,218609
2023-05-09 21:00:30,RM2307,RM2307,3096.0,5.0,15490.0,-3.0,6,3095.0,3096.0,13,3103.0,3096.0,3100.0,3095.0,626.0,1939348.0,218606
2023-05-09 21:00:31,RM2307,RM2307,3095.0,10.0,30980.0,7.0,13,3094.0,3095.0,3,3103.0,3096.0,3100.0,3095.0,636.0,1970328.0,218613
2023-05-09 21:00:32,RM2307,RM2307,3094.0,6.0,18588.0,4.0,44,3093.0,3094.0,1,3103.0,3096.0,3100.0,3093.0,642.0,1988916.0,218617
2023-05-09 21:00:32,RM2307,RM2307,3093.0,23.0,70589.0,21.0,25,3093.0,3094.0,30,3103.0,3096.0,3100.0,3093.0,665.0,2059505.0,218638
2023-05-09 21:00:32,RM2307,RM2307,3093.0,6.0,18582.0,4.0,21,3093.0,3094.0,36,3103.0,3096.0,3100.0,3093.0,671.0,2078087.0,218642
2023-05-09 21:00:33,RM2307,RM2307,3092.0,24.0,74328.0,3.0,2,3092.0,3093.0,7,3103.0,3096.0,3100.0,3092.0,695.0,2152415.0,218645
2023-05-09 21:00:34,RM2307,RM2307,3093.0,16.0,49552.0,-2.0,1,3092.0,3093.0,16,3103.0,3096.0,3100.0,3092.0,711.0,2201967.0,218643
2023-05-09 21:00:34,RM2307,RM2307,3093.0,4.0,12388.0,-2.0,3,3092.0,3093.0,40,3103.0,3096.0,3100.0,3092.0,715.0,2214355.0,218641
2023-05-09 21:00:35,RM2307,RM2307,3092.0,1.0,3097.0,0.0,3,3092.0,3093.0,32,3103.0,3096.0,3100.0,3092.0,716.0,2217452.0,218641
2023-05-09 21:00:35,RM2307,RM2307,3092.0,4.0,12388.0,-3.0,5,3092.0,3093.0,32,3103.0,3096.0,3100.0,3092.0,720.0,2229840.0,218638
2023-05-09 21:00:36,RM2307,RM2307,3093.0,11.0,34067.0,3.0,9,3092.0,3093.0,28,3103.0,3096.0,3100.0,3092.0,731.0,2263907.0,218641
2023-05-09 21:00:36,RM2307,RM2307,3093.0,3.0,9291.0,0.0,10,3092.0,3093.0,25,3103.0,3096.0,3100.0,3092.0,734.0,2273198.0,218641
2023-05-09 21:00:36,RM2307,RM2307,3093.0,4.0,12388.0,-4.0,11,3092.0,3093.0,18,3103.0,3096.0,3100.0,3092.0,738.0,2285586.0,218637
2023-05-09 21:00:37,RM2307,RM2307,3093.0,4.0,12388.0,-2.0,8,3092.0,3093.0,16,3103.0,3096.0,3100.0,3092.0,742.0,2297974.0,218635
2023-05-09 21:00:38,RM2307,RM2307,3092.0,10.0,30970.0,-9.0,2,3092.0,3093.0,20,3103.0,3096.0,3100.0,3092.0,752.0,2328944.0,218626
2023-05-09 21:00:38,RM2307,RM2307,3092.0,1.0,3097.0,0.0,61,3091.0,3093.0,28,3103.0,3096.0,3100.0,3092.0,753.0,2332041.0,218626
2023-05-09 21:00:39,RM2307,RM2307,3093.0,15.0,46455.0,-15.0,11,3092.0,3093.0,9,3103.0,3096.0,3100.0,3092.0,768.0,2378496.0,218611
2023-05-09 21:00:39,RM2307,RM2307,3092.0,30.0,92910.0,-16.0,59,3091.0,3092.0,4,3103.0,3096.0,3100.0,3092.0,798.0,2471406.0,218595
2023-05-09 21:00:40,RM2307,RM2307,3093.0,20.0,61122.0,6.0,2,3092.0,3093.0,23,3103.0,3096.0,3100.0,3092.0,818.0,2532528.0,218601
2023-05-09 21:00:40,RM2307,RM2307,3092.0,3.0,9288.0,0.0,1,3092.0,3093.0,23,3103.0,3096.0,3100.0,3092.0,821.0,2541816.0,218601
2023-05-09 21:00:41,RM2307,RM2307,3093.0,30.0,92880.0,-9.0,22,3093.0,3094.0,18,3103.0,3096.0,3100.0,3092.0,851.0,2634696.0,218592
2023-05-09 21:00:41,RM2307,RM2307,3093.0,9.0,27864.0,-5.0,25,3093.0,3094.0,3,3103.0,3096.0,3100.0,3092.0,860.0,2662560.0,218587
2023-05-09 21:00:42,RM2307,RM2307,3094.0,6.0,18576.0,-6.0,25,3093.0,3095.0,24,3103.0,3096.0,3100.0,3092.0,866.0,2681136.0,218581
2023-05-09 21:00:42,RM2307,RM2307,3094.0,11.0,34056.0,-2.0,31,3093.0,3094.0,1,3103.0,3096.0,3100.0,3092.0,877.0,2715192.0,218579
2023-05-09 21:00:43,RM2307,RM2307,3094.0,2.0,6192.0,-1.0,30,3093.0,3095.0,31,3103.0,3096.0,3100.0,3092.0,879.0,2721384.0,218578
2023-05-09 21:00:43,RM2307,RM2307,3094.0,0.0,0.0,0.0,32,3093.0,3094.0,5,3103.0,3096.0,3100.0,3092.0,879.0,2721384.0,218578
2023-05-09 21:00:44,RM2307,RM2307,3093.0,3.0,9288.0,3.0,34,3093.0,3095.0,20,3103.0,3096.0,3100.0,3092.0,882.0,2730672.0,218581
2023-05-09 21:00:44,RM2307,RM2307,3095.0,2.0,6192.0,0.0,35,3093.0,3095.0,21,3103.0,3096.0,3100.0,3092.0,884.0,2736864.0,218581
2023-05-09 21:00:45,RM2307,RM2307,3095.0,0.0,0.0,0.0,34,3093.0,3094.0,1,3103.0,3096.0,3100.0,3092.0,884.0,2736864.0,218581
2023-05-09 21:00:45,RM2307,RM2307,3093.0,1.0,3096.0,-1.0,34,3093.0,3095.0,21,3103.0,3096.0,3100.0,3092.0,885.0,2739960.0,218580
2023-05-09 21:00:46,RM2307,RM2307,3094.0,5.0,15480.0,3.0,41,3093.0,3095.0,15,3103.0,3096.0,3100.0,3092.0,890.0,2755440.0,218583
2023-05-09 21:00:47,RM2307,RM2307,3095.0,10.0,30960.0,-7.0,7,3094.0,3096.0,9,3103.0,3096.0,3100.0,3092.0,900.0,2786400.0,218576
2023-05-09 21:00:47,RM2307,RM2307,3096.0,1.0,3096.0,1.0,8,3094.0,3096.0,10,3103.0,3096.0,3100.0,3092.0,901.0,2789496.0,218577
2023-05-09 21:00:48,RM2307,RM2307,3095.0,32.0,99072.0,-1.0,8,3094.0,3096.0,27,3103.0,3096.0,3100.0,3092.0,933.0,2888568.0,218576
2023-05-09 21:00:48,RM2307,RM2307,3096.0,4.0,12384.0,0.0,6,3094.0,3096.0,20,3103.0,3096.0,3100.0,3092.0,937.0,2900952.0,218576
2023-05-09 21:00:49,RM2307,RM2307,3095.0,2.0,6192.0,-2.0,6,3094.0,3096.0,19,3103.0,3096.0,3100.0,3092.0,939.0,2907144.0,218574
2023-05-09 21:00:49,RM2307,RM2307,3095.0,4.0,12384.0,-3.0,4,3094.0,3096.0,20,3103.0,3096.0,3100.0,3092.0,943.0,2919528.0,218571
2023-05-09 21:00:49,RM2307,RM2307,3095.0,0.0,0.0,0.0,4,3094.0,3095.0,2,3103.0,3096.0,3100.0,3092.0,943.0,2919528.0,218571
2023-05-09 21:00:50,RM2307,RM2307,3095.0,30.0,92880.0,2.0,7,3094.0,3095.0,1,3103.0,3096.0,3100.0,3092.0,973.0,3012408.0,218573
2023-05-09 21:00:51,RM2307,RM2307,3095.0,12.0,37152.0,3.0,2,3095.0,3096.0,6,3103.0,3096.0,3100.0,3092.0,985.0,3049560.0,218576
2023-05-09 21:00:51,RM2307,RM2307,3095.0,10.0,30960.0,4.0,2,3095.0,3096.0,10,3103.0,3096.0,3100.0,3092.0,995.0,3080520.0,218580
2023-05-09 21:00:52,RM2307,RM2307,3095.0,6.0,18576.0,-3.0,20,3094.0,3095.0,2,3103.0,3096.0,3100.0,3092.0,1001.0,3099096.0,218577
2023-05-09 21:00:52,RM2307,RM2307,3094.0,5.0,15480.0,1.0,20,3093.0,3094.0,1,3103.0,3096.0,3100.0,3092.0,1006.0,3114576.0,218578
2023-05-09 21:00:53,RM2307,RM2307,3094.0,23.0,71208.0,0.0,1,3094.0,3095.0,11,3103.0,3096.0,3100.0,3092.0,1029.0,3185784.0,218578
2023-05-09 21:00:53,RM2307,RM2307,3095.0,1.0,3096.0,1.0,5,3094.0,3095.0,11,3103.0,3096.0,3100.0,3092.0,1030.0,3188880.0,218579
2023-05-09 21:00:54,RM2307,RM2307,3094.0,1.0,3096.0,0.0,3,3094.0,3095.0,14,3103.0,3096.0,3100.0,3092.0,1031.0,3191976.0,218579
2023-05-09 21:00:54,RM2307,RM2307,3094.0,3.0,9288.0,0.0,6,3094.0,3095.0,12,3103.0,3096.0,3100.0,3092.0,1034.0,3201264.0,218579
2023-05-09 21:00:55,RM2307,RM2307,3094.0,0.0,0.0,0.0,4,3094.0,3095.0,7,3103.0,3096.0,3100.0,3092.0,1034.0,3201264.0,218579
2023-05-09 21:00:56,RM2307,RM2307,3093.0,5.0,15480.0,-1.0,25,3093.0,3095.0,12,3103.0,3096.0,3100.0,3092.0,1039.0,3216744.0,218578
2023-05-09 21:00:56,RM2307,RM2307,3094.0,1.0,3096.0,1.0,7,3094.0,3095.0,11,3103.0,3096.0,3100.0,3092.0,1040.0,3219840.0,218579
2023-05-09 21:00:56,RM2307,RM2307,3094.0,2.0,6192.0,-2.0,5,3094.0,3095.0,11,3103.0,3096.0,3100.0,3092.0,1042.0,3226032.0,218577
2023-05-09 21:00:57,RM2307,RM2307,3094.0,2.0,6192.0,-1.0,6,3094.0,3095.0,8,3103.0,3096.0,3100.0,3092.0,1044.0,3232224.0,218576
2023-05-09 21:00:58,RM2307,RM2307,3094.0,6.0,18576.0,6.0,30,3093.0,3095.0,8,3103.0,3096.0,3100.0,3092.0,1050.0,3250800.0,218582
2023-05-09 21:00:58,RM2307,RM2307,3094.0,1.0,3096.0,0.0,9,3093.0,3094.0,5,3103.0,3096.0,3100.0,3092.0,1051.0,3253896.0,218582
2023-05-09 21:00:59,RM2307,RM2307,3094.0,3.0,9288.0,0.0,10,3093.0,3094.0,9,3103.0,3096.0,3100.0,3092.0,1054.0,3263184.0,218582
2023-05-09 21:00:59,RM2307,RM2307,3094.0,2.0,6192.0,-1.0,10,3093.0,3094.0,7,3103.0,3096.0,3100.0,3092.0,1056.0,3269376.0,218581
2023-05-09 21:01:00,RM2307,RM2307,3094.0,0.0,0.0,0.0,10,3093.0,3094.0,9,3103.0,3096.0,3100.0,3092.0,1056.0,3269376.0,218581
2023-05-09 21:01:00,RM2307,RM2307,3094.0,2.0,6192.0,-1.0,5,3093.0,3094.0,9,3103.0,3096.0,3100.0,3092.0,1058.0,3275568.0,218580
2023-05-09 21:01:01,RM2307,RM2307,3093.0,15.0,46440.0,3.0,74,3092.0,3093.0,2,3103.0,3096.0,3100.0,3092.0,1073.0,3322008.0,218583
2023-05-09 21:01:01,RM2307,RM2307,3093.0,1.0,3096.0,1.0,55,3092.0,3093.0,5,3103.0,3096.0,3100.0,3092.0,1074.0,3325104.0,218584
2023-05-09 21:01:01,RM2307,RM2307,3093.0,1.0,3096.0,1.0,55,3092.0,3093.0,7,3103.0,3096.0,3100.0,3092.0,1075.0,3328200.0,218585
2023-05-09 21:01:02,RM2307,RM2307,3092.0,57.0,176472.0,50.0,69,3091.0,3092.0,5,3103.0,3096.0,3100.0,3092.0,1132.0,3504672.0,218635
2023-05-09 21:01:03,RM2307,RM2307,3092.0,1.0,3096.0,-1.0,59,3091.0,3092.0,3,3103.0,3096.0,3100.0,3092.0,1133.0,3507768.0,218634
2023-05-09 21:01:03,RM2307,RM2307,3091.0,16.0,49536.0,16.0,27,3091.0,3092.0,124,3103.0,3096.0,3100.0,3091.0,1149.0,3557304.0,218650
2023-05-09 21:01:03,RM2307,RM2307,3090.0,28.0,86688.0,0.0,22,3090.0,3091.0,2,3103.0,3096.0,3100.0,3090.0,1177.0,3643992.0,218650
2023-05-09 21:01:04,RM2307,RM2307,3089.0,26.0,79293.0,-10.0,1,3090.0,3091.0,15,3103.0,3096.0,3100.0,3089.0,1203.0,3723285.0,218640
2023-05-09 21:01:05,RM2307,RM2307,3090.0,8.0,24760.0,1.0,7,3089.0,3090.0,3,3103.0,3096.0,3100.0,3089.0,1211.0,3748045.0,218641
2023-05-09 21:01:05,RM2307,RM2307,3089.0,23.0,71185.0,-4.0,71,3088.0,3090.0,17,3103.0,3096.0,3100.0,3089.0,1234.0,3819230.0,218637
2023-05-09 21:01:06,RM2307,RM2307,3089.0,2.0,6190.0,-1.0,73,3088.0,3090.0,78,3103.0,3096.0,3100.0,3089.0,1236.0,3825420.0,218636
2023-05-09 21:01:06,RM2307,RM2307,3090.0,1.0,3095.0,1.0,47,3088.0,3089.0,16,3103.0,3096.0,3100.0,3089.0,1237.0,3828515.0,218637
2023-05-09 21:01:07,RM2307,RM2307,3088.0,17.0,52615.0,6.0,26,3088.0,3089.0,46,3103.0,3096.0,3100.0,3088.0,1254.0,3881130.0,218643
2023-05-09 21:01:07,RM2307,RM2307,3088.0,1.0,3095.0,0.0,25,3088.0,3089.0,59,3103.0,3096.0,3100.0,3088.0,1255.0,3884225.0,218643
2023-05-09 21:01:08,RM2307,RM2307,3088.0,5.0,15475.0,2.0,22,3088.0,3089.0,60,3103.0,3096.0,3100.0,3088.0,1260.0,3899700.0,218645
2023-05-09 21:01:08,RM2307,RM2307,3088.0,0.0,0.0,0.0,25,3088.0,3089.0,60,3103.0,3096.0,3100.0,3088.0,1260.0,3899700.0,218645
2023-05-09 21:01:09,RM2307,RM2307,3088.0,12.0,37140.0,-5.0,13,3088.0,3089.0,49,3103.0,3096.0,3100.0,3088.0,1272.0,3936840.0,218640
2023-05-09 21:01:09,RM2307,RM2307,3088.0,6.0,18570.0,-4.0,7,3088.0,3089.0,50,3103.0,3096.0,3100.0,3088.0,1278.0,3955410.0,218636
2023-05-09 21:01:10,RM2307,RM2307,3088.0,6.0,18570.0,-4.0,6,3087.0,3088.0,12,3103.0,3096.0,3100.0,3088.0,1284.0,3973980.0,218632
2023-05-09 21:01:10,RM2307,RM2307,3087.0,2.0,6190.0,0.0,5,3087.0,3088.0,25,3103.0,3096.0,3100.0,3087.0,1286.0,3980170.0,218632
2023-05-09 21:01:11,RM2307,RM2307,3087.0,2.0,6190.0,0.0,3,3087.0,3088.0,52,3103.0,3096.0,3100.0,3087.0,1288.0,3986360.0,218632
2023-05-09 21:01:11,RM2307,RM2307,3086.0,19.0,58805.0,3.0,32,3086.0,3087.0,14,3103.0,3096.0,3100.0,3086.0,1307.0,4045165.0,218635
2023-05-09 21:01:12,RM2307,RM2307,3086.0,31.0,95945.0,0.0,4,3086.0,3087.0,55,3103.0,3096.0,3100.0,3086.0,1338.0,4141110.0,218635
2023-05-09 21:01:12,RM2307,RM2307,3086.0,13.0,40235.0,-7.0,3,3086.0,3087.0,66,3103.0,3096.0,3100.0,3086.0,1351.0,4181345.0,218628
2023-05-09 21:01:13,RM2307,RM2307,3086.0,0.0,0.0,0.0,10,3086.0,3087.0,44,3103.0,3096.0,3100.0,3086.0,1351.0,4181345.0,218628
2023-05-09 21:01:13,RM2307,RM2307,3086.0,12.0,37140.0,-9.0,20,3085.0,3086.0,20,3103.0,3096.0,3100.0,3086.0,1363.0,4218485.0,218619
2023-05-09 21:01:13,RM2307,RM2307,3085.0,1.0,3095.0,1.0,19,3085.0,3086.0,11,3103.0,3096.0,3100.0,3085.0,1364.0,4221580.0,218620
2023-05-09 21:01:14,RM2307,RM2307,3086.0,14.0,41952.0,-7.0,19,3085.0,3086.0,39,3103.0,3096.0,3100.0,3085.0,1378.0,4263532.0,218613
2023-05-09 21:01:15,RM2307,RM2307,3085.0,43.0,133042.0,-21.0,26,3085.0,3086.0,1,3103.0,3096.0,3100.0,3085.0,1421.0,4396574.0,218592
2023-05-09 21:01:15,RM2307,RM2307,3085.0,0.0,0.0,0.0,16,3085.0,3086.0,4,3103.0,3096.0,3100.0,3085.0,1421.0,4396574.0,218592
2023-05-09 21:01:16,RM2307,RM2307,3085.0,2.0,6188.0,1.0,14,3085.0,3086.0,35,3103.0,3096.0,3100.0,3085.0,1423.0,4402762.0,218593
2023-05-09 21:01:16,RM2307,RM2307,3085.0,11.0,34034.0,9.0,39,3084.0,3085.0,2,3103.0,3096.0,3100.0,3085.0,1434.0,4436796.0,218602
2023-05-09 21:01:17,RM2307,RM2307,3085.0,2.0,6188.0,1.0,4,3084.0,3085.0,31,3103.0,3096.0,3100.0,3085.0,1436.0,4442984.0,218603
2023-05-09 21:01:17,RM2307,RM2307,3085.0,0.0,0.0,0.0,10,3084.0,3085.0,36,3103.0,3096.0,3100.0,3085.0,1436.0,4442984.0,218603
2023-05-09 21:01:18,RM2307,RM2307,3085.0,33.0,102102.0,-20.0,73,3084.0,3086.0,49,3103.0,3096.0,3100.0,3085.0,1469.0,4545086.0,218583
2023-05-09 21:01:18,RM2307,RM2307,3085.0,1.0,3094.0,0.0,2,3085.0,3086.0,35,3103.0,3096.0,3100.0,3085.0,1470.0,4548180.0,218583
2023-05-09 21:01:18,RM2307,RM2307,3085.0,0.0,0.0,0.0,6,3085.0,3086.0,32,3103.0,3096.0,3100.0,3085.0,1470.0,4548180.0,218583
2023-05-09 21:01:19,RM2307,RM2307,3085.0,0.0,0.0,0.0,7,3085.0,3086.0,32,3103.0,3096.0,3100.0,3085.0,1470.0,4548180.0,218583
2023-05-09 21:01:20,RM2307,RM2307,3085.0,0.0,0.0,0.0,55,3085.0,3086.0,29,3103.0,3096.0,3100.0,3085.0,1470.0,4548180.0,218583
2023-05-09 21:01:20,RM2307,RM2307,3087.0,33.0,102102.0,-26.0,3,3086.0,3087.0,18,3103.0,3096.0,3100.0,3085.0,1503.0,4650282.0,218557
2023-05-09 21:01:20,RM2307,RM2307,3087.0,2.0,6188.0,2.0,10,3086.0,3087.0,36,3103.0,3096.0,3100.0,3085.0,1505.0,4656470.0,218559
2023-05-09 21:01:21,RM2307,RM2307,3086.0,2.0,6188.0,0.0,11,3086.0,3087.0,34,3103.0,3096.0,3100.0,3085.0,1507.0,4662658.0,218559
2023-05-09 21:01:22,RM2307,RM2307,3086.0,1.0,3094.0,-1.0,12,3086.0,3087.0,34,3103.0,3096.0,3100.0,3085.0,1508.0,4665752.0,218558
2023-05-09 21:01:22,RM2307,RM2307,3086.0,12.0,37128.0,9.0,57,3085.0,3087.0,39,3103.0,3096.0,3100.0,3085.0,1520.0,4702880.0,218567
2023-05-09 21:01:23,RM2307,RM2307,3086.0,6.0,18564.0,3.0,49,3085.0,3086.0,8,3103.0,3096.0,3100.0,3085.0,1526.0,4721444.0,218570
2023-05-09 21:01:23,RM2307,RM2307,3086.0,13.0,40222.0,6.0,38,3085.0,3086.0,2,3103.0,3096.0,3100.0,3085.0,1539.0,4761666.0,218576
2023-05-09 21:01:24,RM2307,RM2307,3086.0,9.0,26298.0,4.0,32,3085.0,3086.0,6,3103.0,3096.0,3100.0,3085.0,1548.0,4787964.0,218580
2023-05-09 21:01:24,RM2307,RM2307,3087.0,7.0,21651.0,0.0,35,3085.0,3086.0,1,3103.0,3096.0,3100.0,3085.0,1555.0,4809615.0,218580
2023-05-09 21:01:25,RM2307,RM2307,3087.0,4.0,12372.0,0.0,38,3085.0,3087.0,94,3103.0,3096.0,3100.0,3085.0,1559.0,4821987.0,218580
2023-05-09 21:01:25,RM2307,RM2307,3087.0,4.0,12372.0,0.0,1,3086.0,3087.0,70,3103.0,3096.0,3100.0,3085.0,1563.0,4834359.0,218580
2023-05-09 21:01:26,RM2307,RM2307,3087.0,6.0,18558.0,-3.0,4,3086.0,3087.0,28,3103.0,3096.0,3100.0,3085.0,1569.0,4852917.0,218577
2023-05-09 21:01:26,RM2307,RM2307,3087.0,0.0,0.0,0.0,7,3086.0,3087.0,29,3103.0,3096.0,3100.0,3085.0,1569.0,4852917.0,218577
2023-05-09 21:01:27,RM2307,RM2307,3087.0,0.0,0.0,0.0,8,3086.0,3087.0,32,3103.0,3096.0,3100.0,3085.0,1569.0,4852917.0,218577
2023-05-09 21:01:28,RM2307,RM2307,3086.0,4.0,12372.0,-1.0,6,3086.0,3087.0,29,3103.0,3096.0,3100.0,3085.0,1573.0,4865289.0,218576
2023-05-09 21:01:28,RM2307,RM2307,3087.0,1.0,3093.0,-1.0,6,3086.0,3087.0,27,3103.0,3096.0,3100.0,3085.0,1574.0,4868382.0,218575
2023-05-09 21:01:28,RM2307,RM2307,3086.0,1.0,3093.0,1.0,5,3086.0,3087.0,27,3103.0,3096.0,3100.0,3085.0,1575.0,4871475.0,218576
2023-05-09 21:01:29,RM2307,RM2307,3086.0,0.0,0.0,0.0,5,3086.0,3087.0,28,3103.0,3096.0,3100.0,3085.0,1575.0,4871475.0,218576
2023-05-09 21:01:30,RM2307,RM2307,3086.0,0.0,0.0,0.0,31,3086.0,3087.0,24,3103.0,3096.0,3100.0,3085.0,1575.0,4871475.0,218576
2023-05-09 21:01:30,RM2307,RM2307,3087.0,24.0,74232.0,-24.0,35,3086.0,3088.0,32,3103.0,3096.0,3100.0,3085.0,1599.0,4945707.0,218552
2023-05-09 21:01:31,RM2307,RM2307,3087.0,7.0,21651.0,-3.0,3,3087.0,3088.0,49,3103.0,3096.0,3100.0,3085.0,1606.0,4967358.0,218549
2023-05-09 21:01:31,RM2307,RM2307,3087.0,0.0,0.0,0.0,25,3087.0,3088.0,32,3103.0,3096.0,3100.0,3085.0,1606.0,4967358.0,218549
2023-05-09 21:01:32,RM2307,RM2307,3087.0,5.0,15465.0,0.0,19,3087.0,3088.0,32,3103.0,3096.0,3100.0,3085.0,1611.0,4982823.0,218549
2023-05-09 21:01:32,RM2307,RM2307,3087.0,6.0,18558.0,3.0,14,3087.0,3088.0,34,3103.0,3096.0,3100.0,3085.0,1617.0,5001381.0,218552
2023-05-09 21:01:32,RM2307,RM2307,3087.0,0.0,0.0,0.0,18,3087.0,3088.0,32,3103.0,3096.0,3100.0,3085.0,1617.0,5001381.0,218552
2023-05-09 21:01:33,RM2307,RM2307,3087.0,0.0,0.0,0.0,19,3087.0,3088.0,33,3103.0,3096.0,3100.0,3085.0,1617.0,5001381.0,218552
2023-05-09 21:01:33,RM2307,RM2307,3087.0,0.0,0.0,0.0,19,3087.0,3088.0,32,3103.0,3096.0,3100.0,3085.0,1617.0,5001381.0,218552
2023-05-09 21:01:34,RM2307,RM2307,3088.0,1.0,3093.0,-1.0,19,3087.0,3088.0,35,3103.0,3096.0,3100.0,3085.0,1618.0,5004474.0,218551
2023-05-09 21:01:35,RM2307,RM2307,3088.0,35.0,108255.0,3.0,7,3087.0,3088.0,8,3103.0,3096.0,3100.0,3085.0,1653.0,5112729.0,218554
2023-05-09 21:01:35,RM2307,RM2307,3088.0,10.0,30930.0,-5.0,7,3087.0,3089.0,56,3103.0,3096.0,3100.0,3085.0,1663.0,5143659.0,218549
2023-05-09 21:01:36,RM2307,RM2307,3089.0,5.0,15465.0,2.0,13,3088.0,3089.0,4,3103.0,3096.0,3100.0,3085.0,1668.0,5159124.0,218551
2023-05-09 21:01:37,RM2307,RM2307,3089.0,20.0,61860.0,-6.0,64,3088.0,3089.0,3,3103.0,3096.0,3100.0,3085.0,1688.0,5220984.0,218545
2023-05-09 21:01:37,RM2307,RM2307,3089.0,9.0,27837.0,1.0,59,3088.0,3090.0,19,3103.0,3096.0,3100.0,3085.0,1697.0,5248821.0,218546
2023-05-09 21:01:37,RM2307,RM2307,3090.0,10.0,30930.0,2.0,5,3089.0,3090.0,2,3103.0,3096.0,3100.0,3085.0,1707.0,5279751.0,218548
2023-05-09 21:01:38,RM2307,RM2307,3089.0,12.0,37116.0,0.0,67,3088.0,3089.0,3,3103.0,3096.0,3100.0,3085.0,1719.0,5316867.0,218548
2023-05-09 21:01:39,RM2307,RM2307,3089.0,3.0,9279.0,3.0,14,3088.0,3089.0,4,3103.0,3096.0,3100.0,3085.0,1722.0,5326146.0,218551
2023-05-09 21:01:39,RM2307,RM2307,3088.0,23.0,71139.0,-15.0,75,3087.0,3088.0,3,3103.0,3096.0,3100.0,3085.0,1745.0,5397285.0,218536
2023-05-09 21:01:40,RM2307,RM2307,3087.0,21.0,64953.0,0.0,3,3087.0,3088.0,8,3103.0,3096.0,3100.0,3085.0,1766.0,5462238.0,218536
2023-05-09 21:01:40,RM2307,RM2307,3086.0,51.0,157743.0,20.0,60,3086.0,3087.0,8,3103.0,3096.0,3100.0,3085.0,1817.0,5619981.0,218556
2023-05-09 21:01:40,RM2307,RM2307,3086.0,3.0,9279.0,0.0,87,3085.0,3086.0,5,3103.0,3096.0,3100.0,3085.0,1820.0,5629260.0,218556
2023-05-09 21:01:41,RM2307,RM2307,3086.0,6.0,18558.0,6.0,36,3085.0,3086.0,12,3103.0,3096.0,3100.0,3085.0,1826.0,5647818.0,218562
2023-05-09 21:01:42,RM2307,RM2307,3087.0,56.0,171326.0,11.0,5,3087.0,3088.0,48,3103.0,3096.0,3100.0,3085.0,1882.0,5819144.0,218573
2023-05-09 21:01:42,RM2307,RM2307,3087.0,0.0,0.0,0.0,3,3087.0,3088.0,88,3103.0,3096.0,3100.0,3085.0,1882.0,5819144.0,218573
2023-05-09 21:01:43,RM2307,RM2307,3087.0,3.0,9276.0,0.0,34,3086.0,3087.0,8,3103.0,3096.0,3100.0,3085.0,1885.0,5828420.0,218573
2023-05-09 21:01:43,RM2307,RM2307,3087.0,0.0,0.0,0.0,24,3086.0,3087.0,11,3103.0,3096.0,3100.0,3085.0,1885.0,5828420.0,218573
2023-05-09 21:01:44,RM2307,RM2307,3087.0,28.0,86576.0,-9.0,7,3086.0,3087.0,18,3103.0,3096.0,3100.0,3085.0,1913.0,5914996.0,218564
2023-05-09 21:01:44,RM2307,RM2307,3087.0,17.0,52564.0,0.0,1,3086.0,3087.0,56,3103.0,3096.0,3100.0,3085.0,1930.0,5967560.0,218564
2023-05-09 21:01:45,RM2307,RM2307,3086.0,5.0,15460.0,2.0,39,3085.0,3086.0,4,3103.0,3096.0,3100.0,3085.0,1935.0,5983020.0,218566
2023-05-09 21:01:45,RM2307,RM2307,3085.0,24.0,74208.0,-6.0,72,3084.0,3086.0,22,3103.0,3096.0,3100.0,3085.0,1959.0,6057228.0,218560
2023-05-09 21:01:46,RM2307,RM2307,3085.0,4.0,12368.0,3.0,7,3085.0,3086.0,84,3103.0,3096.0,3100.0,3085.0,1963.0,6069596.0,218563
2023-05-09 21:01:46,RM2307,RM2307,3087.0,156.0,482352.0,-23.0,24,3087.0,3089.0,10,3103.0,3096.0,3100.0,3085.0,2119.0,6551948.0,218540
2023-05-09 21:01:47,RM2307,RM2307,3087.0,7.0,21644.0,3.0,28,3087.0,3088.0,10,3103.0,3096.0,3100.0,3085.0,2126.0,6573592.0,218543
2023-05-09 21:01:47,RM2307,RM2307,3087.0,9.0,27828.0,9.0,27,3087.0,3088.0,10,3103.0,3096.0,3100.0,3085.0,2135.0,6601420.0,218552
2023-05-09 21:01:48,RM2307,RM2307,3087.0,27.0,83484.0,2.0,75,3086.0,3087.0,14,3103.0,3096.0,3100.0,3085.0,2162.0,6684904.0,218554
2023-05-09 21:01:48,RM2307,RM2307,3087.0,0.0,0.0,0.0,72,3086.0,3087.0,8,3103.0,3096.0,3100.0,3085.0,2162.0,6684904.0,218554
2023-05-09 21:01:49,RM2307,RM2307,3087.0,1.0,3092.0,1.0,54,3086.0,3087.0,7,3103.0,3096.0,3100.0,3085.0,2163.0,6687996.0,218555
2023-05-09 21:01:49,RM2307,RM2307,3087.0,0.0,0.0,0.0,54,3086.0,3087.0,10,3103.0,3096.0,3100.0,3085.0,2163.0,6687996.0,218555
2023-05-09 21:01:50,RM2307,RM2307,3087.0,7.0,21644.0,6.0,51,3086.0,3087.0,3,3103.0,3096.0,3100.0,3085.0,2170.0,6709640.0,218561
2023-05-09 21:01:50,RM2307,RM2307,3087.0,20.0,61840.0,17.0,51,3086.0,3087.0,5,3103.0,3096.0,3100.0,3085.0,2190.0,6771480.0,218578
2023-05-09 21:01:50,RM2307,RM2307,3088.0,17.0,52564.0,10.0,23,3087.0,3088.0,64,3103.0,3096.0,3100.0,3085.0,2207.0,6824044.0,218588
2023-05-09 21:01:51,RM2307,RM2307,3088.0,38.0,115251.0,4.0,3,3088.0,3089.0,59,3103.0,3096.0,3100.0,3085.0,2245.0,6939295.0,218592
2023-05-09 21:01:52,RM2307,RM2307,3088.0,6.0,18546.0,-3.0,17,3087.0,3088.0,8,3103.0,3096.0,3100.0,3085.0,2251.0,6957841.0,218589
2023-05-09 21:01:52,RM2307,RM2307,3087.0,18.0,55638.0,-17.0,56,3086.0,3087.0,5,3103.0,3096.0,3100.0,3085.0,2269.0,7013479.0,218572
2023-05-09 21:01:53,RM2307,RM2307,3087.0,0.0,0.0,0.0,46,3086.0,3087.0,10,3103.0,3096.0,3100.0,3085.0,2269.0,7013479.0,218572
2023-05-09 21:01:53,RM2307,RM2307,3087.0,1.0,3091.0,0.0,46,3086.0,3087.0,6,3103.0,3096.0,3100.0,3085.0,2270.0,7016570.0,218572
2023-05-09 21:01:54,RM2307,RM2307,3087.0,9.0,27819.0,3.0,11,3087.0,3088.0,58,3103.0,3096.0,3100.0,3085.0,2279.0,7044389.0,218575
2023-05-09 21:01:54,RM2307,RM2307,3088.0,1.0,3091.0,1.0,18,3087.0,3088.0,19,3103.0,3096.0,3100.0,3085.0,2280.0,7047480.0,218576
2023-05-09 21:01:54,RM2307,RM2307,3088.0,0.0,0.0,0.0,38,3087.0,3088.0,19,3103.0,3096.0,3100.0,3085.0,2280.0,7047480.0,218576
2023-05-09 21:01:56,RM2307,RM2307,3087.0,36.0,111276.0,0.0,64,3086.0,3087.0,2,3103.0,3096.0,3100.0,3085.0,2316.0,7158756.0,218576
2023-05-09 21:01:56,RM2307,RM2307,3087.0,3.0,9273.0,-1.0,18,3086.0,3087.0,10,3103.0,3096.0,3100.0,3085.0,2319.0,7168029.0,218575
2023-05-09 21:01:56,RM2307,RM2307,3087.0,0.0,0.0,0.0,38,3086.0,3087.0,7,3103.0,3096.0,3100.0,3085.0,2319.0,7168029.0,218575
2023-05-09 21:01:57,RM2307,RM2307,3087.0,0.0,0.0,0.0,38,3086.0,3087.0,6,3103.0,3096.0,3100.0,3085.0,2319.0,7168029.0,218575
2023-05-09 21:01:58,RM2307,RM2307,3085.0,167.0,516197.0,54.0,9,3085.0,3086.0,4,3103.0,3096.0,3100.0,3085.0,2486.0,7684226.0,218629
2023-05-09 21:01:58,RM2307,RM2307,3086.0,8.0,24728.0,5.0,2,3085.0,3086.0,33,3103.0,3096.0,3100.0,3085.0,2494.0,7708954.0,218634
2023-05-09 21:01:58,RM2307,RM2307,3086.0,0.0,0.0,0.0,5,3085.0,3086.0,37,3103.0,3096.0,3100.0,3085.0,2494.0,7708954.0,218634
2023-05-09 21:01:59,RM2307,RM2307,3086.0,33.0,102003.0,-23.0,3,3086.0,3087.0,61,3103.0,3096.0,3100.0,3085.0,2527.0,7810957.0,218611
2023-05-09 21:01:59,RM2307,RM2307,3086.0,0.0,0.0,0.0,4,3086.0,3087.0,25,3103.0,3096.0,3100.0,3085.0,2527.0,7810957.0,218611
2023-05-09 21:02:00,RM2307,RM2307,3086.0,0.0,0.0,0.0,5,3086.0,3087.0,25,3103.0,3096.0,3100.0,3085.0,2527.0,7810957.0,218611
2023-05-09 21:02:00,RM2307,RM2307,3086.0,2.0,6182.0,-2.0,45,3085.0,3086.0,3,3103.0,3096.0,3100.0,3085.0,2529.0,7817139.0,218609
2023-05-09 21:02:01,RM2307,RM2307,3086.0,0.0,0.0,0.0,5,3085.0,3086.0,9,3103.0,3096.0,3100.0,3085.0,2529.0,7817139.0,218609
2023-05-09 21:02:02,RM2307,RM2307,3086.0,4.0,12364.0,4.0,5,3085.0,3086.0,8,3103.0,3096.0,3100.0,3085.0,2533.0,7829503.0,218613
2023-05-09 21:02:02,RM2307,RM2307,3085.0,8.0,24728.0,-5.0,3,3085.0,3086.0,17,3103.0,3096.0,3100.0,3085.0,2541.0,7854231.0,218608
2023-05-09 21:02:03,RM2307,RM2307,3085.0,6.0,18546.0,-6.0,66,3084.0,3086.0,20,3103.0,3096.0,3100.0,3085.0,2547.0,7872777.0,218602
2023-05-09 21:02:03,RM2307,RM2307,3085.0,2.0,6182.0,0.0,6,3085.0,3086.0,20,3103.0,3096.0,3100.0,3085.0,2549.0,7878959.0,218602
2023-05-09 21:02:04,RM2307,RM2307,3086.0,18.0,55638.0,-13.0,12,3085.0,3086.0,7,3103.0,3096.0,3100.0,3085.0,2567.0,7934597.0,218589
2023-05-09 21:02:04,RM2307,RM2307,3086.0,13.0,40183.0,-11.0,43,3085.0,3086.0,3,3103.0,3096.0,3100.0,3085.0,2580.0,7974780.0,218578
2023-05-09 21:02:05,RM2307,RM2307,3086.0,16.0,49456.0,-2.0,12,3085.0,3087.0,82,3103.0,3096.0,3100.0,3085.0,2596.0,8024236.0,218576
2023-05-09 21:02:05,RM2307,RM2307,3085.0,34.0,105094.0,-30.0,53,3084.0,3085.0,3,3103.0,3096.0,3100.0,3085.0,2630.0,8129330.0,218546
2023-05-09 21:02:06,RM2307,RM2307,3085.0,6.0,18546.0,-2.0,4,3085.0,3086.0,44,3103.0,3096.0,3100.0,3085.0,2636.0,8147876.0,218544
2023-05-09 21:02:06,RM2307,RM2307,3086.0,14.0,43274.0,11.0,1,3085.0,3086.0,41,3103.0,3096.0,3100.0,3085.0,2650.0,8191150.0,218555
2023-05-09 21:02:07,RM2307,RM2307,3084.0,43.0,130220.0,-22.0,98,3084.0,3085.0,3,3103.0,3096.0,3100.0,3084.0,2693.0,8321370.0,218533
2023-05-09 21:02:07,RM2307,RM2307,3085.0,15.0,46350.0,-1.0,17,3084.0,3085.0,31,3103.0,3096.0,3100.0,3084.0,2708.0,8367720.0,218532
2023-05-09 21:02:07,RM2307,RM2307,3085.0,32.0,98880.0,-11.0,17,3084.0,3086.0,84,3103.0,3096.0,3100.0,3084.0,2740.0,8466600.0,218521
2023-05-09 21:02:08,RM2307,RM2307,3085.0,15.0,46350.0,2.0,21,3085.0,3086.0,77,3103.0,3096.0,3100.0,3084.0,2755.0,8512950.0,218523
2023-05-09 21:02:09,RM2307,RM2307,3085.0,21.0,64890.0,0.0,17,3084.0,3085.0,30,3103.0,3096.0,3100.0,3084.0,2776.0,8577840.0,218523
2023-05-09 21:02:09,RM2307,RM2307,3084.0,67.0,207030.0,-18.0,10,3084.0,3085.0,34,3103.0,3096.0,3100.0,3084.0,2843.0,8784870.0,218505
2023-05-09 21:02:10,RM2307,RM2307,3084.0,19.0,58710.0,7.0,24,3084.0,3085.0,54,3103.0,3096.0,3100.0,3084.0,2862.0,8843580.0,218512
2023-05-09 21:02:10,RM2307,RM2307,3084.0,7.0,21630.0,7.0,14,3084.0,3085.0,54,3103.0,3096.0,3100.0,3084.0,2869.0,8865210.0,218519
2023-05-09 21:02:11,RM2307,RM2307,3084.0,30.0,92700.0,-13.0,1,3084.0,3085.0,32,3103.0,3096.0,3100.0,3084.0,2899.0,8957910.0,218506
2023-05-09 21:02:11,RM2307,RM2307,3084.0,39.0,120510.0,15.0,12,3084.0,3085.0,15,3103.0,3096.0,3100.0,3084.0,2938.0,9078420.0,218521
2023-05-09 21:02:11,RM2307,RM2307,3085.0,9.0,27810.0,-6.0,9,3084.0,3085.0,15,3103.0,3096.0,3100.0,3084.0,2947.0,9106230.0,218515
2023-05-09 21:02:12,RM2307,RM2307,3084.0,2.0,6180.0,-2.0,4,3084.0,3085.0,20,3103.0,3096.0,3100.0,3084.0,2949.0,9112410.0,218513
2023-05-09 21:02:12,RM2307,RM2307,3084.0,7.0,21630.0,3.0,6,3084.0,3085.0,20,3103.0,3096.0,3100.0,3084.0,2956.0,9134040.0,218516
2023-05-09 21:02:13,RM2307,RM2307,3084.0,0.0,0.0,0.0,9,3084.0,3085.0,19,3103.0,3096.0,3100.0,3084.0,2956.0,9134040.0,218516
2023-05-09 21:02:13,RM2307,RM2307,3085.0,5.0,15450.0,-5.0,11,3084.0,3085.0,15,3103.0,3096.0,3100.0,3084.0,2961.0,9149490.0,218511
2023-05-09 21:02:14,RM2307,RM2307,3085.0,3.0,9270.0,0.0,11,3084.0,3085.0,12,3103.0,3096.0,3100.0,3084.0,2964.0,9158760.0,218511
2023-05-09 21:02:15,RM2307,RM2307,3085.0,0.0,0.0,0.0,10,3084.0,3085.0,14,3103.0,3096.0,3100.0,3084.0,2964.0,9158760.0,218511
2023-05-09 21:02:15,RM2307,RM2307,3085.0,15.0,46350.0,-11.0,2,3085.0,3086.0,95,3103.0,3096.0,3100.0,3084.0,2979.0,9205110.0,218500
2023-05-09 21:02:16,RM2307,RM2307,3086.0,37.0,114330.0,-14.0,3,3086.0,3087.0,71,3103.0,3096.0,3100.0,3084.0,3016.0,9319440.0,218486
2023-05-09 21:02:16,RM2307,RM2307,3086.0,1.0,3090.0,1.0,1,3085.0,3086.0,4,3103.0,3096.0,3100.0,3084.0,3017.0,9322530.0,218487
2023-05-09 21:02:17,RM2307,RM2307,3085.0,29.0,89610.0,19.0,75,3084.0,3086.0,10,3103.0,3096.0,3100.0,3084.0,3046.0,9412140.0,218506
2023-05-09 21:02:17,RM2307,RM2307,3085.0,10.0,30900.0,5.0,65,3084.0,3086.0,9,3103.0,3096.0,3100.0,3084.0,3056.0,9443040.0,218511
2023-05-09 21:02:18,RM2307,RM2307,3085.0,0.0,0.0,0.0,3,3085.0,3086.0,11,3103.0,3096.0,3100.0,3084.0,3056.0,9443040.0,218511
2023-05-09 21:02:18,RM2307,RM2307,3085.0,2.0,6180.0,0.0,35,3084.0,3085.0,3,3103.0,3096.0,3100.0,3084.0,3058.0,9449220.0,218511
2023-05-09 21:02:19,RM2307,RM2307,3085.0,6.0,18540.0,5.0,55,3084.0,3086.0,10,3103.0,3096.0,3100.0,3084.0,3064.0,9467760.0,218516
2023-05-09 21:02:19,RM2307,RM2307,3085.0,1.0,3090.0,1.0,25,3084.0,3085.0,1,3103.0,3096.0,3100.0,3084.0,3065.0,9470850.0,218517
2023-05-09 21:02:20,RM2307,RM2307,3084.0,22.0,67980.0,3.0,75,3083.0,3084.0,4,3103.0,3096.0,3100.0,3083.0,3087.0,9538830.0,218520
2023-05-09 21:02:20,RM2307,RM2307,3084.0,3.0,9270.0,2.0,8,3083.0,3084.0,19,3103.0,3096.0,3100.0,3083.0,3090.0,9548100.0,218522
2023-05-09 21:02:21,RM2307,RM2307,3084.0,0.0,0.0,0.0,8,3083.0,3084.0,30,3103.0,3096.0,3100.0,3083.0,3090.0,9548100.0,218522
2023-05-09 21:02:21,RM2307,RM2307,3084.0,1.0,3090.0,0.0,16,3083.0,3084.0,29,3103.0,3096.0,3100.0,3083.0,3091.0,9551190.0,218522
2023-05-09 21:02:22,RM2307,RM2307,3083.0,23.0,71070.0,-11.0,64,3082.0,3083.0,127,3103.0,3096.0,3100.0,3083.0,3114.0,9622260.0,218511
2023-05-09 21:02:23,RM2307,RM2307,3081.0,13.0,40170.0,8.0,4,3082.0,3083.0,152,3103.0,3096.0,3100.0,3081.0,3127.0,9662430.0,218519
2023-05-09 21:02:23,RM2307,RM2307,3082.0,2.0,6180.0,-1.0,12,3082.0,3083.0,162,3103.0,3096.0,3100.0,3081.0,3129.0,9668610.0,218518
2023-05-09 21:02:24,RM2307,RM2307,3082.0,13.0,40170.0,-7.0,5,3082.0,3083.0,164,3103.0,3096.0,3100.0,3081.0,3142.0,9708780.0,218511
2023-05-09 21:02:24,RM2307,RM2307,3082.0,8.0,24720.0,6.0,45,3081.0,3082.0,8,3103.0,3096.0,3100.0,3081.0,3150.0,9733500.0,218517
2023-05-09 21:02:25,RM2307,RM2307,3082.0,31.0,95790.0,-28.0,18,3081.0,3082.0,4,3103.0,3096.0,3100.0,3081.0,3181.0,9829290.0,218489
2023-05-09 21:02:25,RM2307,RM2307,3082.0,0.0,0.0,0.0,18,3081.0,3082.0,11,3103.0,3096.0,3100.0,3081.0,3181.0,9829290.0,218489
2023-05-09 21:02:26,RM2307,RM2307,3082.0,0.0,0.0,0.0,13,3081.0,3082.0,11,3103.0,3096.0,3100.0,3081.0,3181.0,9829290.0,218489
2023-05-09 21:02:26,RM2307,RM2307,3081.0,16.0,46243.0,4.0,87,3080.0,3081.0,3,3103.0,3096.0,3100.0,3081.0,3197.0,9875533.0,218493
2023-05-09 21:02:27,RM2307,RM2307,3081.0,3.0,9267.0,0.0,26,3080.0,3081.0,7,3103.0,3096.0,3100.0,3081.0,3200.0,9884800.0,218493
2023-05-09 21:02:27,RM2307,RM2307,3081.0,6.0,18534.0,0.0,31,3080.0,3081.0,5,3103.0,3096.0,3100.0,3081.0,3206.0,9903334.0,218493
2023-05-09 21:02:28,RM2307,RM2307,3081.0,8.0,24712.0,5.0,1,3081.0,3082.0,99,3103.0,3096.0,3100.0,3081.0,3214.0,9928046.0,218498
2023-05-09 21:02:28,RM2307,RM2307,3081.0,11.0,33979.0,9.0,29,3080.0,3081.0,4,3103.0,3096.0,3100.0,3080.0,3225.0,9962025.0,218507
2023-05-09 21:02:29,RM2307,RM2307,3080.0,17.0,52513.0,0.0,27,3080.0,3081.0,6,3103.0,3096.0,3100.0,3080.0,3242.0,10014538.0,218507
2023-05-09 21:02:29,RM2307,RM2307,3080.0,21.0,64869.0,0.0,7,3080.0,3081.0,7,3103.0,3096.0,3100.0,3080.0,3263.0,10079407.0,218507
2023-05-09 21:02:30,RM2307,RM2307,3080.0,2.0,6178.0,1.0,7,3080.0,3081.0,29,3103.0,3096.0,3100.0,3080.0,3265.0,10085585.0,218508
2023-05-09 21:02:30,RM2307,RM2307,3081.0,2.0,6178.0,0.0,6,3080.0,3081.0,25,3103.0,3096.0,3100.0,3080.0,3267.0,10091763.0,218508
2023-05-09 21:02:30,RM2307,RM2307,3080.0,9.0,27801.0,-2.0,1,3080.0,3081.0,27,3103.0,3096.0,3100.0,3080.0,3276.0,10119564.0,218506
2023-05-09 21:02:31,RM2307,RM2307,3080.0,0.0,0.0,0.0,8,3080.0,3081.0,27,3103.0,3096.0,3100.0,3080.0,3276.0,10119564.0,218506
2023-05-09 21:02:31,RM2307,RM2307,3080.0,3.0,9267.0,-1.0,13,3080.0,3081.0,32,3103.0,3096.0,3100.0,3080.0,3279.0,10128831.0,218505
2023-05-09 21:02:32,RM2307,RM2307,3080.0,0.0,0.0,0.0,13,3080.0,3081.0,27,3103.0,3096.0,3100.0,3080.0,3279.0,10128831.0,218505
2023-05-09 21:02:33,RM2307,RM2307,3081.0,2.0,6178.0,0.0,13,3080.0,3081.0,22,3103.0,3096.0,3100.0,3080.0,3281.0,10135009.0,218505
2023-05-09 21:02:33,RM2307,RM2307,3081.0,0.0,0.0,0.0,13,3080.0,3081.0,26,3103.0,3096.0,3100.0,3080.0,3281.0,10135009.0,218505
2023-05-09 21:02:33,RM2307,RM2307,3081.0,0.0,0.0,0.0,13,3080.0,3081.0,27,3103.0,3096.0,3100.0,3080.0,3281.0,10135009.0,218505
2023-05-09 21:02:35,RM2307,RM2307,3080.0,1.0,3089.0,0.0,14,3080.0,3081.0,27,3103.0,3096.0,3100.0,3080.0,3282.0,10138098.0,218505
2023-05-09 21:02:36,RM2307,RM2307,3080.0,0.0,0.0,0.0,17,3080.0,3081.0,27,3103.0,3096.0,3100.0,3080.0,3282.0,10138098.0,218505
2023-05-09 21:02:37,RM2307,RM2307,3081.0,27.0,83403.0,-21.0,11,3081.0,3082.0,85,3103.0,3096.0,3100.0,3080.0,3309.0,10221501.0,218484
2023-05-09 21:02:37,RM2307,RM2307,3081.0,0.0,0.0,0.0,11,3081.0,3082.0,29,3103.0,3096.0,3100.0,3080.0,3309.0,10221501.0,218484
2023-05-09 21:02:37,RM2307,RM2307,3081.0,0.0,0.0,0.0,11,3081.0,3082.0,28,3103.0,3096.0,3100.0,3080.0,3309.0,10221501.0,218484
2023-05-09 21:02:38,RM2307,RM2307,3082.0,34.0,105026.0,-23.0,13,3081.0,3082.0,6,3103.0,3096.0,3100.0,3080.0,3343.0,10326527.0,218461
2023-05-09 21:02:39,RM2307,RM2307,3081.0,75.0,231675.0,24.0,59,3080.0,3081.0,21,3103.0,3096.0,3100.0,3080.0,3418.0,10558202.0,218485
2023-05-09 21:02:39,RM2307,RM2307,3082.0,26.0,80314.0,12.0,2,3081.0,3082.0,16,3103.0,3096.0,3100.0,3080.0,3444.0,10638516.0,218497
2023-05-09 21:02:40,RM2307,RM2307,3082.0,10.0,30890.0,-4.0,4,3081.0,3083.0,97,3103.0,3096.0,3100.0,3080.0,3454.0,10669406.0,218493
2023-05-09 21:02:40,RM2307,RM2307,3082.0,2.0,6178.0,0.0,2,3082.0,3083.0,85,3103.0,3096.0,3100.0,3080.0,3456.0,10675584.0,218493
2023-05-09 21:02:41,RM2307,RM2307,3082.0,2.0,6178.0,1.0,44,3081.0,3082.0,2,3103.0,3096.0,3100.0,3080.0,3458.0,10681762.0,218494
2023-05-09 21:02:41,RM2307,RM2307,3082.0,3.0,9267.0,1.0,15,3081.0,3082.0,3,3103.0,3096.0,3100.0,3080.0,3461.0,10691029.0,218495
2023-05-09 21:02:41,RM2307,RM2307,3082.0,1.0,3089.0,0.0,15,3081.0,3082.0,3,3103.0,3096.0,3100.0,3080.0,3462.0,10694118.0,218495
2023-05-09 21:02:42,RM2307,RM2307,3082.0,0.0,0.0,0.0,15,3081.0,3082.0,1,3103.0,3096.0,3100.0,3080.0,3462.0,10694118.0,218495
2023-05-09 21:02:42,RM2307,RM2307,3082.0,0.0,0.0,0.0,16,3081.0,3082.0,4,3103.0,3096.0,3100.0,3080.0,3462.0,10694118.0,218495
2023-05-09 21:02:43,RM2307,RM2307,3082.0,1.0,3089.0,-1.0,16,3081.0,3082.0,3,3103.0,3096.0,3100.0,3080.0,3463.0,10697207.0,218494
2023-05-09 21:02:44,RM2307,RM2307,3082.0,0.0,0.0,0.0,14,3081.0,3082.0,4,3103.0,3096.0,3100.0,3080.0,3463.0,10697207.0,218494
2023-05-09 21:02:44,RM2307,RM2307,3082.0,0.0,0.0,0.0,17,3081.0,3082.0,4,3103.0,3096.0,3100.0,3080.0,3463.0,10697207.0,218494
2023-05-09 21:02:44,RM2307,RM2307,3082.0,7.0,21623.0,3.0,3,3082.0,3083.0,114,3103.0,3096.0,3100.0,3080.0,3470.0,10718830.0,218497
2023-05-09 21:02:45,RM2307,RM2307,3082.0,0.0,0.0,0.0,14,3082.0,3083.0,74,3103.0,3096.0,3100.0,3080.0,3470.0,10718830.0,218497
2023-05-09 21:02:45,RM2307,RM2307,3082.0,0.0,0.0,0.0,14,3082.0,3083.0,54,3103.0,3096.0,3100.0,3080.0,3470.0,10718830.0,218497
2023-05-09 21:02:46,RM2307,RM2307,3083.0,51.0,157539.0,0.0,45,3082.0,3084.0,82,3103.0,3096.0,3100.0,3080.0,3521.0,10876369.0,218497
2023-05-09 21:02:47,RM2307,RM2307,3084.0,95.0,293455.0,37.0,53,3084.0,3085.0,40,3103.0,3096.0,3100.0,3080.0,3616.0,11169824.0,218534
2023-05-09 21:02:47,RM2307,RM2307,3084.0,0.0,0.0,0.0,53,3084.0,3085.0,30,3103.0,3096.0,3100.0,3080.0,3616.0,11169824.0,218534
2023-05-09 21:02:47,RM2307,RM2307,3084.0,0.0,0.0,0.0,53,3084.0,3085.0,29,3103.0,3096.0,3100.0,3080.0,3616.0,11169824.0,218534
2023-05-09 21:02:49,RM2307,RM2307,3084.0,66.0,203874.0,-25.0,56,3083.0,3084.0,70,3103.0,3096.0,3100.0,3080.0,3682.0,11373698.0,218509
2023-05-09 21:02:50,RM2307,RM2307,3084.0,0.0,0.0,0.0,23,3083.0,3084.0,92,3103.0,3096.0,3100.0,3080.0,3682.0,11373698.0,218509
2023-05-09 21:02:50,RM2307,RM2307,3084.0,1.0,3089.0,0.0,28,3083.0,3084.0,92,3103.0,3096.0,3100.0,3080.0,3683.0,11376787.0,218509
2023-05-09 21:02:51,RM2307,RM2307,3084.0,10.0,30890.0,0.0,31,3083.0,3084.0,83,3103.0,3096.0,3100.0,3080.0,3693.0,11407677.0,218509
2023-05-09 21:02:51,RM2307,RM2307,3084.0,0.0,0.0,0.0,31,3083.0,3084.0,88,3103.0,3096.0,3100.0,3080.0,3693.0,11407677.0,218509
2023-05-09 21:02:52,RM2307,RM2307,3083.0,6.0,18534.0,-5.0,102,3082.0,3083.0,2,3103.0,3096.0,3100.0,3080.0,3699.0,11426211.0,218504
2023-05-09 21:02:52,RM2307,RM2307,3083.0,2.0,2477.0,2.0,14,3082.0,3083.0,8,3103.0,3096.0,3100.0,3080.0,3701.0,11428688.0,218506
2023-05-09 21:02:53,RM2307,RM2307,3083.0,0.0,0.0,0.0,17,3082.0,3083.0,13,3103.0,3096.0,3100.0,3080.0,3701.0,11428688.0,218506
2023-05-09 21:02:54,RM2307,RM2307,3083.0,15.0,46320.0,-9.0,27,3082.0,3083.0,2,3103.0,3096.0,3100.0,3080.0,3716.0,11475008.0,218497
2023-05-09 21:02:54,RM2307,RM2307,3083.0,16.0,49408.0,-8.0,28,3082.0,3083.0,3,3103.0,3096.0,3100.0,3080.0,3732.0,11524416.0,218489
2023-05-09 21:02:54,RM2307,RM2307,3083.0,6.0,18528.0,-2.0,36,3082.0,3083.0,1,3103.0,3096.0,3100.0,3080.0,3738.0,11542944.0,218487
2023-05-09 21:02:55,RM2307,RM2307,3083.0,17.0,52496.0,-4.0,1,3083.0,3084.0,95,3103.0,3096.0,3100.0,3080.0,3755.0,11595440.0,218483
2023-05-09 21:02:56,RM2307,RM2307,3082.0,24.0,74112.0,-7.0,19,3082.0,3083.0,4,3103.0,3096.0,3100.0,3080.0,3779.0,11669552.0,218476
2023-05-09 21:02:56,RM2307,RM2307,3082.0,8.0,24704.0,-1.0,15,3082.0,3083.0,27,3103.0,3096.0,3100.0,3080.0,3787.0,11694256.0,218475
2023-05-09 21:02:56,RM2307,RM2307,3082.0,1.0,3088.0,-1.0,24,3082.0,3083.0,27,3103.0,3096.0,3100.0,3080.0,3788.0,11697344.0,218474
2023-05-09 21:02:57,RM2307,RM2307,3082.0,0.0,0.0,0.0,14,3082.0,3083.0,27,3103.0,3096.0,3100.0,3080.0,3788.0,11697344.0,218474
2023-05-09 21:02:58,RM2307,RM2307,3083.0,30.0,92640.0,4.0,20,3083.0,3084.0,103,3103.0,3096.0,3100.0,3080.0,3818.0,11789984.0,218478
2023-05-09 21:02:58,RM2307,RM2307,3083.0,20.0,61760.0,0.0,20,3082.0,3083.0,3,3103.0,3096.0,3100.0,3080.0,3838.0,11851744.0,218478
2023-05-09 21:02:59,RM2307,RM2307,3082.0,11.0,33968.0,-7.0,4,3082.0,3083.0,10,3103.0,3096.0,3100.0,3080.0,3849.0,11885712.0,218471
2023-05-09 21:02:59,RM2307,RM2307,3082.0,9.0,27792.0,-5.0,2,3082.0,3083.0,10,3103.0,3096.0,3100.0,3080.0,3858.0,11913504.0,218466
2023-05-09 21:03:00,RM2307,RM2307,3081.0,32.0,98816.0,-6.0,55,3081.0,3082.0,9,3103.0,3096.0,3100.0,3080.0,3890.0,12012320.0,218460
2023-05-09 21:03:00,RM2307,RM2307,3081.0,0.0,0.0,0.0,21,3081.0,3082.0,9,3103.0,3096.0,3100.0,3080.0,3890.0,12012320.0,218460
2023-05-09 21:03:01,RM2307,RM2307,3081.0,21.0,64848.0,-5.0,6,3081.0,3082.0,10,3103.0,3096.0,3100.0,3080.0,3911.0,12077168.0,218455
2023-05-09 21:03:01,RM2307,RM2307,3082.0,4.0,12352.0,0.0,7,3081.0,3082.0,12,3103.0,3096.0,3100.0,3080.0,3915.0,12089520.0,218455
2023-05-09 21:03:02,RM2307,RM2307,3081.0,7.0,21616.0,-3.0,101,3080.0,3081.0,2,3103.0,3096.0,3100.0,3080.0,3922.0,12111136.0,218452
2023-05-09 21:03:02,RM2307,RM2307,3081.0,4.0,12352.0,4.0,19,3080.0,3081.0,8,3103.0,3096.0,3100.0,3080.0,3926.0,12123488.0,218456
2023-05-09 21:03:02,RM2307,RM2307,3080.0,20.0,61760.0,-8.0,100,3079.0,3081.0,16,3103.0,3096.0,3100.0,3080.0,3946.0,12185248.0,218448
2023-05-09 21:03:03,RM2307,RM2307,3080.0,7.0,21616.0,6.0,43,3079.0,3081.0,68,3103.0,3096.0,3100.0,3080.0,3953.0,12206864.0,218454
2023-05-09 21:03:04,RM2307,RM2307,3080.0,5.0,15440.0,0.0,52,3079.0,3080.0,7,3103.0,3096.0,3100.0,3080.0,3958.0,12222304.0,218454
2023-05-09 21:03:04,RM2307,RM2307,3080.0,3.0,9264.0,3.0,16,3079.0,3080.0,5,3103.0,3096.0,3100.0,3080.0,3961.0,12231568.0,218457
2023-05-09 21:03:05,RM2307,RM2307,3080.0,2.0,6176.0,1.0,5,3079.0,3080.0,3,3103.0,3096.0,3100.0,3080.0,3963.0,12237744.0,218458
2023-05-09 21:03:05,RM2307,RM2307,3081.0,18.0,55584.0,14.0,5,3080.0,3082.0,89,3103.0,3096.0,3100.0,3080.0,3981.0,12293328.0,218472
2023-05-09 21:03:06,RM2307,RM2307,3082.0,5.0,15440.0,-2.0,3,3081.0,3082.0,31,3103.0,3096.0,3100.0,3080.0,3986.0,12308768.0,218470
2023-05-09 21:03:06,RM2307,RM2307,3081.0,9.0,27792.0,-7.0,4,3081.0,3082.0,6,3103.0,3096.0,3100.0,3080.0,3995.0,12336560.0,218463
2023-05-09 21:03:07,RM2307,RM2307,3082.0,6.0,18528.0,-2.0,79,3080.0,3081.0,3,3103.0,3096.0,3100.0,3080.0,4001.0,12355088.0,218461
2023-05-09 21:03:07,RM2307,RM2307,3081.0,4.0,12352.0,4.0,7,3080.0,3081.0,6,3103.0,3096.0,3100.0,3080.0,4005.0,12367440.0,218465
2023-05-09 21:03:08,RM2307,RM2307,3081.0,1.0,3088.0,1.0,16,3080.0,3081.0,9,3103.0,3096.0,3100.0,3080.0,4006.0,12370528.0,218466
2023-05-09 21:03:08,RM2307,RM2307,3081.0,0.0,0.0,0.0,17,3080.0,3081.0,8,3103.0,3096.0,3100.0,3080.0,4006.0,12370528.0,218466
2023-05-09 21:03:09,RM2307,RM2307,3081.0,0.0,0.0,0.0,23,3080.0,3081.0,9,3103.0,3096.0,3100.0,3080.0,4006.0,12370528.0,218466
2023-05-09 21:03:10,RM2307,RM2307,3081.0,0.0,0.0,0.0,22,3080.0,3081.0,11,3103.0,3096.0,3100.0,3080.0,4006.0,12370528.0,218466
2023-05-09 21:03:10,RM2307,RM2307,3081.0,1.0,3088.0,1.0,15,3080.0,3081.0,18,3103.0,3096.0,3100.0,3080.0,4007.0,12373616.0,218467
2023-05-09 21:03:11,RM2307,RM2307,3081.0,0.0,0.0,0.0,21,3080.0,3081.0,18,3103.0,3096.0,3100.0,3080.0,4007.0,12373616.0,218467
2023-05-09 21:03:13,RM2307,RM2307,3080.0,10.0,30880.0,1.0,61,3080.0,3081.0,17,3103.0,3096.0,3100.0,3080.0,4017.0,12404496.0,218468
2023-05-09 21:03:13,RM2307,RM2307,3081.0,7.0,21616.0,3.0,74,3080.0,3081.0,7,3103.0,3096.0,3100.0,3080.0,4024.0,12426112.0,218471
2023-05-09 21:03:13,RM2307,RM2307,3081.0,1.0,3088.0,0.0,79,3080.0,3081.0,6,3103.0,3096.0,3100.0,3080.0,4025.0,12429200.0,218471
2023-05-09 21:03:14,RM2307,RM2307,3081.0,0.0,0.0,0.0,79,3080.0,3081.0,12,3103.0,3096.0,3100.0,3080.0,4025.0,12429200.0,218471
2023-05-09 21:03:15,RM2307,RM2307,3081.0,32.0,98816.0,4.0,106,3080.0,3082.0,37,3103.0,3096.0,3100.0,3080.0,4057.0,12528016.0,218475
2023-05-09 21:03:15,RM2307,RM2307,3081.0,4.0,12352.0,-3.0,3,3081.0,3082.0,18,3103.0,3096.0,3100.0,3080.0,4061.0,12540368.0,218472
2023-05-09 21:03:15,RM2307,RM2307,3081.0,6.0,18528.0,-6.0,3,3081.0,3082.0,18,3103.0,3096.0,3100.0,3080.0,4067.0,12558896.0,218466
2023-05-09 21:03:16,RM2307,RM2307,3081.0,0.0,0.0,0.0,35,3081.0,3082.0,13,3103.0,3096.0,3100.0,3080.0,4067.0,12558896.0,218466
2023-05-09 21:03:17,RM2307,RM2307,3082.0,8.0,24704.0,7.0,2,3082.0,3083.0,70,3103.0,3096.0,3100.0,3080.0,4075.0,12583600.0,218473
2023-05-09 21:03:17,RM2307,RM2307,3081.0,6.0,18528.0,0.0,118,3081.0,3083.0,23,3103.0,3096.0,3100.0,3080.0,4081.0,12602128.0,218473
2023-05-09 21:03:18,RM2307,RM2307,3081.0,1.0,3088.0,0.0,3,3082.0,3083.0,13,3103.0,3096.0,3100.0,3080.0,4082.0,12605216.0,218473
2023-05-09 21:03:18,RM2307,RM2307,3082.0,3.0,9264.0,0.0,3,3082.0,3083.0,14,3103.0,3096.0,3100.0,3080.0,4085.0,12614480.0,218473
2023-05-09 21:03:18,RM2307,RM2307,3082.0,7.0,21616.0,1.0,106,3081.0,3083.0,61,3103.0,3096.0,3100.0,3080.0,4092.0,12636096.0,218474
2023-05-09 21:03:19,RM2307,RM2307,3082.0,0.0,0.0,0.0,1,3082.0,3083.0,14,3103.0,3096.0,3100.0,3080.0,4092.0,12636096.0,218474
2023-05-09 21:03:19,RM2307,RM2307,3082.0,2.0,6176.0,0.0,146,3081.0,3083.0,17,3103.0,3096.0,3100.0,3080.0,4094.0,12642272.0,218474
2023-05-09 21:03:20,RM2307,RM2307,3082.0,0.0,0.0,0.0,106,3081.0,3082.0,3,3103.0,3096.0,3100.0,3080.0,4094.0,12642272.0,218474
2023-05-09 21:03:21,RM2307,RM2307,3082.0,0.0,0.0,0.0,23,3081.0,3082.0,12,3103.0,3096.0,3100.0,3080.0,4094.0,12642272.0,218474
2023-05-09 21:03:21,RM2307,RM2307,3081.0,3.0,9264.0,-1.0,6,3081.0,3082.0,20,3103.0,3096.0,3100.0,3080.0,4097.0,12651536.0,218473
2023-05-09 21:03:22,RM2307,RM2307,3081.0,6.0,18528.0,-1.0,3,3081.0,3082.0,19,3103.0,3096.0,3100.0,3080.0,4103.0,12670064.0,218472
2023-05-09 21:03:22,RM2307,RM2307,3081.0,18.0,55584.0,3.0,120,3080.0,3082.0,12,3103.0,3096.0,3100.0,3080.0,4121.0,12725648.0,218475
2023-05-09 21:03:23,RM2307,RM2307,3081.0,4.0,12352.0,-4.0,131,3080.0,3081.0,3,3103.0,3096.0,3100.0,3080.0,4125.0,12738000.0,218471
2023-05-09 21:03:23,RM2307,RM2307,3081.0,4.0,12352.0,4.0,109,3080.0,3082.0,41,3103.0,3096.0,3100.0,3080.0,4129.0,12750352.0,218475
2023-05-09 21:03:24,RM2307,RM2307,3081.0,10.0,30880.0,-1.0,3,3081.0,3082.0,19,3103.0,3096.0,3100.0,3080.0,4139.0,12781232.0,218474
2023-05-09 21:03:24,RM2307,RM2307,3081.0,6.0,18528.0,-3.0,118,3080.0,3082.0,19,3103.0,3096.0,3100.0,3080.0,4145.0,12799760.0,218471
2023-05-09 21:03:25,RM2307,RM2307,3081.0,3.0,9264.0,0.0,3,3081.0,3082.0,17,3103.0,3096.0,3100.0,3080.0,4148.0,12809024.0,218471
2023-05-09 21:03:26,RM2307,RM2307,3081.0,2.0,6176.0,1.0,1,3081.0,3082.0,66,3103.0,3096.0,3100.0,3080.0,4150.0,12815200.0,218472
2023-05-09 21:03:26,RM2307,RM2307,3081.0,1.0,3088.0,0.0,103,3080.0,3081.0,3,3103.0,3096.0,3100.0,3080.0,4151.0,12818288.0,218472
2023-05-09 21:03:27,RM2307,RM2307,3082.0,30.0,92640.0,-11.0,90,3080.0,3082.0,87,3103.0,3096.0,3100.0,3080.0,4181.0,12910928.0,218461
2023-05-09 21:03:27,RM2307,RM2307,3081.0,3.0,9264.0,3.0,100,3080.0,3082.0,77,3103.0,3096.0,3100.0,3080.0,4184.0,12920192.0,218464
2023-05-09 21:03:27,RM2307,RM2307,3081.0,0.0,0.0,0.0,103,3080.0,3082.0,80,3103.0,3096.0,3100.0,3080.0,4184.0,12920192.0,218464
2023-05-09 21:03:28,RM2307,RM2307,3081.0,0.0,0.0,0.0,103,3080.0,3081.0,3,3103.0,3096.0,3100.0,3080.0,4184.0,12920192.0,218464
2023-05-09 21:03:29,RM2307,RM2307,3082.0,7.0,21616.0,0.0,63,3080.0,3082.0,120,3103.0,3096.0,3100.0,3080.0,4191.0,12941808.0,218464
2023-05-09 21:03:29,RM2307,RM2307,3082.0,0.0,0.0,0.0,53,3080.0,3082.0,130,3103.0,3096.0,3100.0,3080.0,4191.0,12941808.0,218464
2023-05-09 21:03:29,RM2307,RM2307,3082.0,0.0,0.0,0.0,53,3080.0,3081.0,3,3103.0,3096.0,3100.0,3080.0,4191.0,12941808.0,218464
2023-05-09 21:03:30,RM2307,RM2307,3082.0,0.0,0.0,0.0,43,3080.0,3081.0,3,3103.0,3096.0,3100.0,3080.0,4191.0,12941808.0,218464
2023-05-09 21:03:30,RM2307,RM2307,3082.0,0.0,0.0,0.0,53,3080.0,3081.0,4,3103.0,3096.0,3100.0,3080.0,4191.0,12941808.0,218464
2023-05-09 21:03:32,RM2307,RM2307,3081.0,16.0,49408.0,6.0,14,3080.0,3081.0,34,3103.0,3096.0,3100.0,3080.0,4207.0,12991216.0,218470
2023-05-09 21:03:32,RM2307,RM2307,3080.0,6.0,18528.0,0.0,115,3079.0,3080.0,2,3103.0,3096.0,3100.0,3080.0,4213.0,13009744.0,218470
2023-05-09 21:03:33,RM2307,RM2307,3080.0,0.0,0.0,0.0,49,3079.0,3080.0,10,3103.0,3096.0,3100.0,3080.0,4213.0,13009744.0,218470
2023-05-09 21:03:33,RM2307,RM2307,3079.0,1.0,3088.0,1.0,38,3079.0,3080.0,10,3103.0,3096.0,3100.0,3079.0,4214.0,13012832.0,218471
2023-05-09 21:03:33,RM2307,RM2307,3079.0,1.0,3088.0,-1.0,27,3079.0,3080.0,10,3103.0,3096.0,3100.0,3079.0,4215.0,13015920.0,218470
2023-05-09 21:03:34,RM2307,RM2307,3080.0,1.0,3088.0,0.0,27,3079.0,3080.0,9,3103.0,3096.0,3100.0,3079.0,4216.0,13019008.0,218470
2023-05-09 21:03:35,RM2307,RM2307,3080.0,0.0,0.0,0.0,28,3079.0,3080.0,9,3103.0,3096.0,3100.0,3079.0,4216.0,13019008.0,218470
2023-05-09 21:03:35,RM2307,RM2307,3080.0,9.0,27792.0,4.0,2,3080.0,3081.0,78,3103.0,3096.0,3100.0,3079.0,4225.0,13046800.0,218474
2023-05-09 21:03:36,RM2307,RM2307,3080.0,7.0,21616.0,-1.0,2,3080.0,3081.0,30,3103.0,3096.0,3100.0,3079.0,4232.0,13068416.0,218473
2023-05-09 21:03:36,RM2307,RM2307,3080.0,0.0,0.0,0.0,2,3080.0,3081.0,17,3103.0,3096.0,3100.0,3079.0,4232.0,13068416.0,218473
2023-05-09 21:03:37,RM2307,RM2307,3080.0,2.0,6176.0,-2.0,93,3079.0,3080.0,11,3103.0,3096.0,3100.0,3079.0,4234.0,13074592.0,218471
2023-05-09 21:03:37,RM2307,RM2307,3080.0,13.0,40144.0,0.0,3,3080.0,3081.0,7,3103.0,3096.0,3100.0,3079.0,4247.0,13114736.0,218471
2023-05-09 21:03:37,RM2307,RM2307,3080.0,0.0,0.0,0.0,4,3080.0,3081.0,7,3103.0,3096.0,3100.0,3079.0,4247.0,13114736.0,218471
2023-05-09 21:03:38,RM2307,RM2307,3080.0,0.0,0.0,0.0,6,3080.0,3081.0,7,3103.0,3096.0,3100.0,3079.0,4247.0,13114736.0,218471
2023-05-09 21:03:38,RM2307,RM2307,3080.0,0.0,0.0,0.0,6,3080.0,3081.0,8,3103.0,3096.0,3100.0,3079.0,4247.0,13114736.0,218471
2023-05-09 21:03:38,RM2307,RM2307,3080.0,0.0,0.0,0.0,6,3080.0,3081.0,7,3103.0,3096.0,3100.0,3079.0,4247.0,13114736.0,218471
2023-05-09 21:03:39,RM2307,RM2307,3081.0,8.0,24704.0,2.0,12,3080.0,3081.0,4,3103.0,3096.0,3100.0,3079.0,4255.0,13139440.0,218473
2023-05-09 21:03:40,RM2307,RM2307,3082.0,16.0,49408.0,-1.0,3,3081.0,3082.0,21,3103.0,3096.0,3100.0,3079.0,4271.0,13188848.0,218472
2023-05-09 21:03:40,RM2307,RM2307,3082.0,24.0,74112.0,-8.0,13,3081.0,3083.0,60,3103.0,3096.0,3100.0,3079.0,4295.0,13262960.0,218464
2023-05-09 21:03:41,RM2307,RM2307,3082.0,3.0,9264.0,3.0,3,3081.0,3083.0,80,3103.0,3096.0,3100.0,3079.0,4298.0,13272224.0,218467
2023-05-09 21:03:41,RM2307,RM2307,3081.0,2.0,6176.0,-2.0,1,3081.0,3082.0,4,3103.0,3096.0,3100.0,3079.0,4300.0,13278400.0,218465
2023-05-09 21:03:42,RM2307,RM2307,3082.0,1.0,3088.0,0.0,2,3081.0,3082.0,4,3103.0,3096.0,3100.0,3079.0,4301.0,13281488.0,218465
2023-05-09 21:03:43,RM2307,RM2307,3082.0,0.0,0.0,0.0,8,3081.0,3082.0,4,3103.0,3096.0,3100.0,3079.0,4301.0,13281488.0,218465
2023-05-09 21:03:44,RM2307,RM2307,3083.0,7.0,21616.0,3.0,2,3082.0,3083.0,102,3103.0,3096.0,3100.0,3079.0,4308.0,13303104.0,218468
2023-05-09 21:03:44,RM2307,RM2307,3083.0,5.0,15440.0,-2.0,4,3082.0,3083.0,19,3103.0,3096.0,3100.0,3079.0,4313.0,13318544.0,218466
2023-05-09 21:03:45,RM2307,RM2307,3082.0,2.0,6176.0,-2.0,2,3082.0,3083.0,11,3103.0,3096.0,3100.0,3079.0,4315.0,13324720.0,218464
2023-05-09 21:03:45,RM2307,RM2307,3082.0,1.0,3088.0,0.0,4,3082.0,3083.0,11,3103.0,3096.0,3100.0,3079.0,4316.0,13327808.0,218464
2023-05-09 21:03:45,RM2307,RM2307,3082.0,0.0,0.0,0.0,4,3082.0,3083.0,8,3103.0,3096.0,3100.0,3079.0,4316.0,13327808.0,218464
2023-05-09 21:03:46,RM2307,RM2307,3083.0,2.0,6176.0,-1.0,7,3082.0,3083.0,6,3103.0,3096.0,3100.0,3079.0,4318.0,13333984.0,218463
2023-05-09 21:03:48,RM2307,RM2307,3082.0,10.0,26552.0,-7.0,3,3082.0,3083.0,6,3103.0,3096.0,3100.0,3079.0,4328.0,13360536.0,218456
2023-05-09 21:03:48,RM2307,RM2307,3082.0,0.0,0.0,0.0,4,3082.0,3083.0,6,3103.0,3096.0,3100.0,3079.0,4328.0,13360536.0,218456
2023-05-09 21:03:49,RM2307,RM2307,3082.0,0.0,0.0,0.0,4,3082.0,3083.0,7,3103.0,3096.0,3100.0,3079.0,4328.0,13360536.0,218456
2023-05-09 21:03:50,RM2307,RM2307,3083.0,1.0,3087.0,-1.0,4,3082.0,3083.0,6,3103.0,3096.0,3100.0,3079.0,4329.0,13363623.0,218455
2023-05-09 21:03:51,RM2307,RM2307,3083.0,14.0,43218.0,-4.0,68,3081.0,3083.0,55,3103.0,3096.0,3100.0,3079.0,4343.0,13406841.0,218451
2023-05-09 21:03:51,RM2307,RM2307,3083.0,0.0,0.0,0.0,8,3082.0,3083.0,5,3103.0,3096.0,3100.0,3079.0,4343.0,13406841.0,218451
2023-05-09 21:03:52,RM2307,RM2307,3083.0,0.0,0.0,0.0,11,3082.0,3083.0,5,3103.0,3096.0,3100.0,3079.0,4343.0,13406841.0,218451
2023-05-09 21:03:53,RM2307,RM2307,3083.0,2.0,6174.0,-1.0,10,3082.0,3083.0,4,3103.0,3096.0,3100.0,3079.0,4345.0,13413015.0,218450
2023-05-09 21:03:54,RM2307,RM2307,3083.0,1.0,3087.0,1.0,10,3082.0,3083.0,3,3103.0,3096.0,3100.0,3079.0,4346.0,13416102.0,218451
2023-05-09 21:03:54,RM2307,RM2307,3083.0,0.0,0.0,0.0,11,3082.0,3083.0,1,3103.0,3096.0,3100.0,3079.0,4346.0,13416102.0,218451
2023-05-09 21:03:55,RM2307,RM2307,3083.0,1.0,3087.0,0.0,9,3083.0,3084.0,13,3103.0,3096.0,3100.0,3079.0,4347.0,13419189.0,218451
2023-05-09 21:03:55,RM2307,RM2307,3083.0,2.0,6174.0,-2.0,9,3083.0,3084.0,3,3103.0,3096.0,3100.0,3079.0,4349.0,13425363.0,218449
2023-05-09 21:03:55,RM2307,RM2307,3083.0,1.0,3087.0,-1.0,9,3083.0,3084.0,3,3103.0,3096.0,3100.0,3079.0,4350.0,13428450.0,218448
2023-05-09 21:03:58,RM2307,RM2307,3083.0,1.0,3087.0,-1.0,8,3083.0,3084.0,3,3103.0,3096.0,3100.0,3079.0,4351.0,13431537.0,218447
2023-05-09 21:03:59,RM2307,RM2307,3083.0,8.0,24696.0,2.0,113,3082.0,3083.0,4,3103.0,3096.0,3100.0,3079.0,4359.0,13456233.0,218449
2023-05-09 21:04:00,RM2307,RM2307,3083.0,4.0,12348.0,4.0,3,3083.0,3084.0,24,3103.0,3096.0,3100.0,3079.0,4363.0,13468581.0,218453
2023-05-09 21:04:00,RM2307,RM2307,3083.0,5.0,15435.0,3.0,7,3083.0,3084.0,55,3103.0,3096.0,3100.0,3079.0,4368.0,13484016.0,218456
2023-05-09 21:04:01,RM2307,RM2307,3083.0,10.0,30870.0,7.0,43,3082.0,3083.0,3,3103.0,3096.0,3100.0,3079.0,4378.0,13514886.0,218463
2023-05-09 21:04:01,RM2307,RM2307,3083.0,6.0,18522.0,3.0,60,3082.0,3084.0,58,3103.0,3096.0,3100.0,3079.0,4384.0,13533408.0,218466
2023-05-09 21:04:01,RM2307,RM2307,3083.0,0.0,0.0,0.0,30,3082.0,3083.0,8,3103.0,3096.0,3100.0,3079.0,4384.0,13533408.0,218466
2023-05-09 21:04:02,RM2307,RM2307,3083.0,0.0,0.0,0.0,20,3082.0,3083.0,11,3103.0,3096.0,3100.0,3079.0,4384.0,13533408.0,218466
2023-05-09 21:04:02,RM2307,RM2307,3083.0,0.0,0.0,0.0,20,3082.0,3083.0,4,3103.0,3096.0,3100.0,3079.0,4384.0,13533408.0,218466
2023-05-09 21:04:03,RM2307,RM2307,3083.0,1.0,3087.0,-1.0,21,3082.0,3084.0,95,3103.0,3096.0,3100.0,3079.0,4385.0,13536495.0,218465
2023-05-09 21:04:04,RM2307,RM2307,3083.0,0.0,0.0,0.0,41,3082.0,3083.0,3,3103.0,3096.0,3100.0,3079.0,4385.0,13536495.0,218465
2023-05-09 21:04:05,RM2307,RM2307,3083.0,0.0,0.0,0.0,22,3082.0,3083.0,3,3103.0,3096.0,3100.0,3079.0,4385.0,13536495.0,218465
2023-05-09 21:04:05,RM2307,RM2307,3083.0,0.0,0.0,0.0,20,3082.0,3083.0,3,3103.0,3096.0,3100.0,3079.0,4385.0,13536495.0,218465
2023-05-09 21:04:05,RM2307,RM2307,3083.0,1.0,3087.0,1.0,20,3082.0,3083.0,2,3103.0,3096.0,3100.0,3079.0,4386.0,13539582.0,218466
2023-05-09 21:04:06,RM2307,RM2307,3083.0,0.0,0.0,0.0,22,3082.0,3083.0,2,3103.0,3096.0,3100.0,3079.0,4386.0,13539582.0,218466
2023-05-09 21:04:07,RM2307,RM2307,3084.0,3.0,9261.0,3.0,3,3083.0,3084.0,73,3103.0,3096.0,3100.0,3079.0,4389.0,13548843.0,218469
2023-05-09 21:04:07,RM2307,RM2307,3083.0,4.0,12348.0,-1.0,2,3083.0,3084.0,7,3103.0,3096.0,3100.0,3079.0,4393.0,13561191.0,218468
2023-05-09 21:04:07,RM2307,RM2307,3083.0,0.0,0.0,0.0,12,3083.0,3084.0,7,3103.0,3096.0,3100.0,3079.0,4393.0,13561191.0,218468
2023-05-09 21:04:09,RM2307,RM2307,3082.0,21.0,64827.0,-4.0,3,3083.0,3084.0,9,3103.0,3096.0,3100.0,3079.0,4414.0,13626018.0,218464
2023-05-09 21:04:09,RM2307,RM2307,3082.0,0.0,0.0,0.0,8,3083.0,3084.0,10,3103.0,3096.0,3100.0,3079.0,4414.0,13626018.0,218464
2023-05-09 21:04:10,RM2307,RM2307,3082.0,0.0,0.0,0.0,6,3083.0,3084.0,10,3103.0,3096.0,3100.0,3079.0,4414.0,13626018.0,218464
2023-05-09 21:04:11,RM2307,RM2307,3082.0,0.0,0.0,0.0,6,3083.0,3084.0,9,3103.0,3096.0,3100.0,3079.0,4414.0,13626018.0,218464
2023-05-09 21:04:11,RM2307,RM2307,3082.0,0.0,0.0,0.0,8,3083.0,3084.0,9,3103.0,3096.0,3100.0,3079.0,4414.0,13626018.0,218464
2023-05-09 21:04:13,RM2307,RM2307,3084.0,7.0,21609.0,2.0,1,3084.0,3085.0,84,3103.0,3096.0,3100.0,3079.0,4421.0,13647627.0,218466
2023-05-09 21:04:13,RM2307,RM2307,3084.0,1.0,3087.0,-1.0,16,3084.0,3085.0,7,3103.0,3096.0,3100.0,3079.0,4422.0,13650714.0,218465
2023-05-09 21:04:15,RM2307,RM2307,3084.0,0.0,0.0,0.0,17,3084.0,3085.0,7,3103.0,3096.0,3100.0,3079.0,4422.0,13650714.0,218465
2023-05-09 21:04:15,RM2307,RM2307,3084.0,0.0,0.0,0.0,17,3084.0,3085.0,8,3103.0,3096.0,3100.0,3079.0,4422.0,13650714.0,218465
2023-05-09 21:04:16,RM2307,RM2307,3084.0,0.0,0.0,0.0,17,3084.0,3085.0,5,3103.0,3096.0,3100.0,3079.0,4422.0,13650714.0,218465
2023-05-09 21:04:18,RM2307,RM2307,3085.0,10.0,30870.0,4.0,17,3084.0,3086.0,104,3103.0,3096.0,3100.0,3079.0,4432.0,13681584.0,218469
2023-05-09 21:04:19,RM2307,RM2307,3085.0,2.0,6174.0,0.0,2,3085.0,3086.0,6,3103.0,3096.0,3100.0,3079.0,4434.0,13687758.0,218469
2023-05-09 21:04:19,RM2307,RM2307,3085.0,0.0,0.0,0.0,11,3085.0,3086.0,5,3103.0,3096.0,3100.0,3079.0,4434.0,13687758.0,218469
2023-05-09 21:04:19,RM2307,RM2307,3085.0,0.0,0.0,0.0,11,3085.0,3086.0,7,3103.0,3096.0,3100.0,3079.0,4434.0,13687758.0,218469
2023-05-09 21:04:21,RM2307,RM2307,3086.0,5.0,15435.0,1.0,11,3085.0,3087.0,107,3103.0,3096.0,3100.0,3079.0,4439.0,13703193.0,218470
2023-05-09 21:04:21,RM2307,RM2307,3087.0,6.0,18522.0,-4.0,3,3086.0,3087.0,99,3103.0,3096.0,3100.0,3079.0,4445.0,13721715.0,218466
2023-05-09 21:04:22,RM2307,RM2307,3086.0,1.0,3087.0,0.0,4,3086.0,3087.0,19,3103.0,3096.0,3100.0,3079.0,4446.0,13724802.0,218466
2023-05-09 21:04:22,RM2307,RM2307,3086.0,25.0,77175.0,4.0,35,3085.0,3086.0,4,3103.0,3096.0,3100.0,3079.0,4471.0,13801977.0,218470
2023-05-09 21:04:23,RM2307,RM2307,3086.0,0.0,0.0,0.0,5,3085.0,3086.0,13,3103.0,3096.0,3100.0,3079.0,4471.0,13801977.0,218470
2023-05-09 21:04:23,RM2307,RM2307,3086.0,0.0,0.0,0.0,5,3085.0,3086.0,8,3103.0,3096.0,3100.0,3079.0,4471.0,13801977.0,218470
2023-05-09 21:04:25,RM2307,RM2307,3086.0,0.0,0.0,0.0,9,3085.0,3086.0,3,3103.0,3096.0,3100.0,3079.0,4471.0,13801977.0,218470
2023-05-09 21:04:25,RM2307,RM2307,3085.0,1.0,3087.0,0.0,9,3085.0,3086.0,6,3103.0,3096.0,3100.0,3079.0,4472.0,13805064.0,218470
2023-05-09 21:04:26,RM2307,RM2307,3085.0,0.0,0.0,0.0,5,3085.0,3086.0,11,3103.0,3096.0,3100.0,3079.0,4472.0,13805064.0,218470
2023-05-09 21:04:28,RM2307,RM2307,3087.0,91.0,280917.0,25.0,4,3086.0,3087.0,20,3103.0,3096.0,3100.0,3079.0,4563.0,14085981.0,218495
2023-05-09 21:04:28,RM2307,RM2307,3087.0,30.0,92610.0,2.0,13,3087.0,3088.0,34,3103.0,3096.0,3100.0,3079.0,4593.0,14178591.0,218497
2023-05-09 21:04:29,RM2307,RM2307,3087.0,7.0,21609.0,-4.0,9,3087.0,3088.0,9,3103.0,3096.0,3100.0,3079.0,4600.0,14200200.0,218493
2023-05-09 21:04:29,RM2307,RM2307,3087.0,0.0,0.0,0.0,10,3087.0,3088.0,10,3103.0,3096.0,3100.0,3079.0,4600.0,14200200.0,218493
2023-05-09 21:04:29,RM2307,RM2307,3087.0,0.0,0.0,0.0,10,3087.0,3088.0,9,3103.0,3096.0,3100.0,3079.0,4600.0,14200200.0,218493
2023-05-09 21:04:30,RM2307,RM2307,3087.0,1.0,3087.0,0.0,9,3087.0,3088.0,7,3103.0,3096.0,3100.0,3079.0,4601.0,14203287.0,218493
2023-05-09 21:04:30,RM2307,RM2307,3087.0,0.0,0.0,0.0,11,3087.0,3088.0,11,3103.0,3096.0,3100.0,3079.0,4601.0,14203287.0,218493
2023-05-09 21:04:31,RM2307,RM2307,3087.0,0.0,0.0,0.0,14,3087.0,3088.0,11,3103.0,3096.0,3100.0,3079.0,4601.0,14203287.0,218493
2023-05-09 21:04:33,RM2307,RM2307,3088.0,19.0,58653.0,-8.0,6,3088.0,3089.0,73,3103.0,3096.0,3100.0,3079.0,4620.0,14261940.0,218485
2023-05-09 21:04:33,RM2307,RM2307,3088.0,1.0,3087.0,0.0,10,3088.0,3089.0,13,3103.0,3096.0,3100.0,3079.0,4621.0,14265027.0,218485
2023-05-09 21:04:33,RM2307,RM2307,3088.0,5.0,15435.0,0.0,26,3088.0,3089.0,13,3103.0,3096.0,3100.0,3079.0,4626.0,14280462.0,218485
2023-05-09 21:04:34,RM2307,RM2307,3088.0,0.0,0.0,0.0,29,3088.0,3089.0,10,3103.0,3096.0,3100.0,3079.0,4626.0,14280462.0,218485
2023-05-09 21:04:36,RM2307,RM2307,3088.0,1.0,3087.0,1.0,28,3088.0,3089.0,10,3103.0,3096.0,3100.0,3079.0,4627.0,14283549.0,218486
2023-05-09 21:04:37,RM2307,RM2307,3089.0,4.0,12348.0,-3.0,21,3088.0,3089.0,13,3103.0,3096.0,3100.0,3079.0,4631.0,14295897.0,218483
2023-05-09 21:04:37,RM2307,RM2307,3089.0,0.0,0.0,0.0,18,3088.0,3089.0,13,3103.0,3096.0,3100.0,3079.0,4631.0,14295897.0,218483
2023-05-09 21:04:38,RM2307,RM2307,3088.0,18.0,55566.0,-15.0,130,3087.0,3089.0,18,3103.0,3096.0,3100.0,3079.0,4649.0,14351463.0,218468
2023-05-09 21:04:38,RM2307,RM2307,3088.0,10.0,30870.0,7.0,73,3087.0,3088.0,4,3103.0,3096.0,3100.0,3079.0,4659.0,14382333.0,218475
2023-05-09 21:04:39,RM2307,RM2307,3088.0,2.0,6174.0,2.0,53,3087.0,3088.0,6,3103.0,3096.0,3100.0,3079.0,4661.0,14388507.0,218477
2023-05-09 21:04:39,RM2307,RM2307,3088.0,0.0,0.0,0.0,23,3087.0,3088.0,8,3103.0,3096.0,3100.0,3079.0,4661.0,14388507.0,218477
2023-05-09 21:04:40,RM2307,RM2307,3087.0,29.0,89523.0,-3.0,140,3086.0,3087.0,3,3103.0,3096.0,3100.0,3079.0,4690.0,14478030.0,218474
2023-05-09 21:04:41,RM2307,RM2307,3087.0,9.0,27783.0,9.0,3,3087.0,3088.0,72,3103.0,3096.0,3100.0,3079.0,4699.0,14505813.0,218483
2023-05-09 21:04:41,RM2307,RM2307,3087.0,3.0,9261.0,-3.0,6,3087.0,3088.0,25,3103.0,3096.0,3100.0,3079.0,4702.0,14515074.0,218480
2023-05-09 21:04:42,RM2307,RM2307,3087.0,28.0,86436.0,-10.0,70,3086.0,3087.0,16,3103.0,3096.0,3100.0,3079.0,4730.0,14601510.0,218470
2023-05-09 21:04:42,RM2307,RM2307,3086.0,15.0,46305.0,-10.0,9,3086.0,3087.0,30,3103.0,3096.0,3100.0,3079.0,4745.0,14647815.0,218460
2023-05-09 21:04:43,RM2307,RM2307,3087.0,56.0,172872.0,-32.0,5,3086.0,3087.0,7,3103.0,3096.0,3100.0,3079.0,4801.0,14820687.0,218428
2023-05-09 21:04:43,RM2307,RM2307,3086.0,11.0,33957.0,-3.0,51,3085.0,3087.0,60,3103.0,3096.0,3100.0,3079.0,4812.0,14854644.0,218425
2023-05-09 21:04:44,RM2307,RM2307,3086.0,2.0,6174.0,0.0,9,3085.0,3086.0,1,3103.0,3096.0,3100.0,3079.0,4814.0,14860818.0,218425
2023-05-09 21:04:44,RM2307,RM2307,3087.0,17.0,52479.0,11.0,7,3085.0,3086.0,16,3103.0,3096.0,3100.0,3079.0,4831.0,14913297.0,218436
2023-05-09 21:04:45,RM2307,RM2307,3086.0,3.0,9261.0,-1.0,5,3085.0,3086.0,13,3103.0,3096.0,3100.0,3079.0,4834.0,14922558.0,218435
2023-05-09 21:04:45,RM2307,RM2307,3086.0,2.0,6174.0,0.0,14,3085.0,3086.0,11,3103.0,3096.0,3100.0,3079.0,4836.0,14928732.0,218435
2023-05-09 21:04:46,RM2307,RM2307,3086.0,13.0,40131.0,5.0,14,3085.0,3086.0,19,3103.0,3096.0,3100.0,3079.0,4849.0,14968863.0,218440
2023-05-09 21:04:46,RM2307,RM2307,3086.0,8.0,24696.0,0.0,21,3085.0,3086.0,12,3103.0,3096.0,3100.0,3079.0,4857.0,14993559.0,218440
2023-05-09 21:04:47,RM2307,RM2307,3086.0,5.0,15435.0,0.0,16,3085.0,3086.0,7,3103.0,3096.0,3100.0,3079.0,4862.0,15008994.0,218440
2023-05-09 21:04:47,RM2307,RM2307,3086.0,7.0,21609.0,7.0,16,3085.0,3087.0,122,3103.0,3096.0,3100.0,3079.0,4869.0,15030603.0,218447
2023-05-09 21:04:48,RM2307,RM2307,3086.0,9.0,27783.0,3.0,66,3085.0,3086.0,11,3103.0,3096.0,3100.0,3079.0,4878.0,15058386.0,218450
2023-05-09 21:04:48,RM2307,RM2307,3086.0,0.0,0.0,0.0,16,3085.0,3086.0,12,3103.0,3096.0,3100.0,3079.0,4878.0,15058386.0,218450
2023-05-09 21:04:49,RM2307,RM2307,3086.0,23.0,71001.0,-4.0,5,3085.0,3087.0,129,3103.0,3096.0,3100.0,3079.0,4901.0,15129387.0,218446
2023-05-09 21:04:49,RM2307,RM2307,3086.0,0.0,0.0,0.0,11,3085.0,3086.0,7,3103.0,3096.0,3100.0,3079.0,4901.0,15129387.0,218446
2023-05-09 21:04:50,RM2307,RM2307,3086.0,0.0,0.0,0.0,11,3085.0,3086.0,10,3103.0,3096.0,3100.0,3079.0,4901.0,15129387.0,218446
2023-05-09 21:04:50,RM2307,RM2307,3085.0,1.0,3087.0,0.0,10,3085.0,3086.0,10,3103.0,3096.0,3100.0,3079.0,4902.0,15132474.0,218446
2023-05-09 21:04:51,RM2307,RM2307,3085.0,0.0,0.0,0.0,10,3085.0,3086.0,20,3103.0,3096.0,3100.0,3079.0,4902.0,15132474.0,218446
2023-05-09 21:04:52,RM2307,RM2307,3086.0,2.0,6174.0,0.0,4,3085.0,3086.0,18,3103.0,3096.0,3100.0,3079.0,4904.0,15138648.0,218446
2023-05-09 21:04:53,RM2307,RM2307,3085.0,4.0,12348.0,2.0,107,3084.0,3085.0,2,3103.0,3096.0,3100.0,3079.0,4908.0,15150996.0,218448
2023-05-09 21:04:53,RM2307,RM2307,3085.0,5.0,15435.0,2.0,6,3084.0,3085.0,6,3103.0,3096.0,3100.0,3079.0,4913.0,15166431.0,218450
2023-05-09 21:04:53,RM2307,RM2307,3085.0,0.0,0.0,0.0,6,3084.0,3085.0,10,3103.0,3096.0,3100.0,3079.0,4913.0,15166431.0,218450
2023-05-09 21:04:54,RM2307,RM2307,3085.0,7.0,21609.0,3.0,3,3085.0,3086.0,105,3103.0,3096.0,3100.0,3079.0,4920.0,15188040.0,218453
2023-05-09 21:04:55,RM2307,RM2307,3086.0,1.0,3087.0,0.0,7,3085.0,3086.0,26,3103.0,3096.0,3100.0,3079.0,4921.0,15191127.0,218453
2023-05-09 21:04:55,RM2307,RM2307,3086.0,0.0,0.0,0.0,7,3085.0,3086.0,6,3103.0,3096.0,3100.0,3079.0,4921.0,15191127.0,218453
2023-05-09 21:04:55,RM2307,RM2307,3086.0,0.0,0.0,0.0,7,3085.0,3086.0,26,3103.0,3096.0,3100.0,3079.0,4921.0,15191127.0,218453
2023-05-09 21:04:56,RM2307,RM2307,3086.0,10.0,30870.0,7.0,2,3086.0,3087.0,149,3103.0,3096.0,3100.0,3079.0,4931.0,15221997.0,218460
2023-05-09 21:04:57,RM2307,RM2307,3086.0,7.0,21609.0,5.0,67,3085.0,3087.0,89,3103.0,3096.0,3100.0,3079.0,4938.0,15243606.0,218465
2023-05-09 21:04:57,RM2307,RM2307,3086.0,0.0,0.0,0.0,17,3085.0,3087.0,122,3103.0,3096.0,3100.0,3079.0,4938.0,15243606.0,218465
2023-05-09 21:04:58,RM2307,RM2307,3086.0,0.0,0.0,0.0,1,3086.0,3087.0,132,3103.0,3096.0,3100.0,3079.0,4938.0,15243606.0,218465
2023-05-09 21:04:58,RM2307,RM2307,3086.0,7.0,21609.0,4.0,47,3085.0,3087.0,109,3103.0,3096.0,3100.0,3079.0,4945.0,15265215.0,218469
2023-05-09 21:04:59,RM2307,RM2307,3086.0,0.0,0.0,0.0,54,3085.0,3087.0,72,3103.0,3096.0,3100.0,3079.0,4945.0,15265215.0,218469
2023-05-09 21:04:59,RM2307,RM2307,3088.0,189.0,583443.0,102.0,32,3088.0,3089.0,19,3103.0,3096.0,3100.0,3079.0,5134.0,15848658.0,218571
2023-05-09 21:05:00,RM2307,RM2307,3088.0,57.0,175959.0,-33.0,3,3088.0,3089.0,5,3103.0,3096.0,3100.0,3079.0,5191.0,16024617.0,218538
2023-05-09 21:05:00,RM2307,RM2307,3088.0,11.0,33957.0,-3.0,166,3087.0,3089.0,6,3103.0,3096.0,3100.0,3079.0,5202.0,16058574.0,218535
2023-05-09 21:05:01,RM2307,RM2307,3088.0,0.0,0.0,0.0,159,3087.0,3088.0,5,3103.0,3096.0,3100.0,3079.0,5202.0,16058574.0,218535
2023-05-09 21:05:01,RM2307,RM2307,3088.0,0.0,0.0,0.0,109,3087.0,3088.0,3,3103.0,3096.0,3100.0,3079.0,5202.0,16058574.0,218535
2023-05-09 21:05:02,RM2307,RM2307,3088.0,0.0,0.0,0.0,109,3087.0,3088.0,6,3103.0,3096.0,3100.0,3079.0,5202.0,16058574.0,218535
2023-05-09 21:05:02,RM2307,RM2307,3086.0,110.0,339570.0,-74.0,71,3086.0,3087.0,13,3103.0,3096.0,3100.0,3079.0,5312.0,16398144.0,218461
2023-05-09 21:05:03,RM2307,RM2307,3087.0,5.0,15435.0,5.0,12,3086.0,3087.0,18,3103.0,3096.0,3100.0,3079.0,5317.0,16413579.0,218466
2023-05-09 21:05:03,RM2307,RM2307,3087.0,0.0,0.0,0.0,16,3086.0,3087.0,18,3103.0,3096.0,3100.0,3079.0,5317.0,16413579.0,218466
2023-05-09 21:05:04,RM2307,RM2307,3085.0,141.0,435267.0,33.0,8,3084.0,3085.0,29,3103.0,3096.0,3100.0,3079.0,5458.0,16848846.0,218499
2023-05-09 21:05:05,RM2307,RM2307,3085.0,4.0,12348.0,0.0,9,3084.0,3085.0,74,3103.0,3096.0,3100.0,3079.0,5462.0,16861194.0,218499
2023-05-09 21:05:05,RM2307,RM2307,3084.0,3.0,9261.0,2.0,66,3083.0,3084.0,3,3103.0,3096.0,3100.0,3079.0,5465.0,16870455.0,218501
2023-05-09 21:05:06,RM2307,RM2307,3084.0,25.0,77175.0,-12.0,9,3084.0,3085.0,84,3103.0,3096.0,3100.0,3079.0,5490.0,16947630.0,218489
2023-05-09 21:05:06,RM2307,RM2307,3085.0,103.0,317961.0,-6.0,3,3085.0,3086.0,77,3103.0,3096.0,3100.0,3079.0,5593.0,17265591.0,218483
2023-05-09 21:05:07,RM2307,RM2307,3085.0,2.0,6174.0,-2.0,15,3085.0,3086.0,34,3103.0,3096.0,3100.0,3079.0,5595.0,17271765.0,218481
2023-05-09 21:05:07,RM2307,RM2307,3087.0,55.0,169785.0,36.0,16,3086.0,3087.0,56,3103.0,3096.0,3100.0,3079.0,5650.0,17441550.0,218517
2023-05-09 21:05:08,RM2307,RM2307,3086.0,9.0,27783.0,-5.0,7,3086.0,3087.0,17,3103.0,3096.0,3100.0,3079.0,5659.0,17469333.0,218512
2023-05-09 21:05:08,RM2307,RM2307,3086.0,7.0,21609.0,0.0,107,3085.0,3086.0,13,3103.0,3096.0,3100.0,3079.0,5666.0,17490942.0,218512
2023-05-09 21:05:09,RM2307,RM2307,3086.0,0.0,0.0,0.0,19,3085.0,3086.0,16,3103.0,3096.0,3100.0,3079.0,5666.0,17490942.0,218512
2023-05-09 21:05:09,RM2307,RM2307,3086.0,0.0,0.0,0.0,9,3085.0,3086.0,16,3103.0,3096.0,3100.0,3079.0,5666.0,17490942.0,218512
2023-05-09 21:05:09,RM2307,RM2307,3086.0,0.0,0.0,0.0,11,3085.0,3086.0,16,3103.0,3096.0,3100.0,3079.0,5666.0,17490942.0,218512
2023-05-09 21:05:12,RM2307,RM2307,3085.0,10.0,30870.0,3.0,89,3084.0,3085.0,3,3103.0,3096.0,3100.0,3079.0,5676.0,17521812.0,218515
2023-05-09 21:05:12,RM2307,RM2307,3084.0,50.0,154350.0,-25.0,67,3083.0,3084.0,31,3103.0,3096.0,3100.0,3079.0,5726.0,17676162.0,218490
2023-05-09 21:05:13,RM2307,RM2307,3082.0,11.0,33957.0,-9.0,126,3082.0,3083.0,3,3103.0,3096.0,3100.0,3079.0,5737.0,17710119.0,218481
2023-05-09 21:05:13,RM2307,RM2307,3083.0,16.0,49392.0,2.0,19,3082.0,3083.0,2,3103.0,3096.0,3100.0,3079.0,5753.0,17759511.0,218483
2023-05-09 21:05:14,RM2307,RM2307,3083.0,7.0,21609.0,-5.0,18,3082.0,3083.0,2,3103.0,3096.0,3100.0,3079.0,5760.0,17781120.0,218478
2023-05-09 21:05:14,RM2307,RM2307,3083.0,8.0,24696.0,2.0,68,3082.0,3084.0,92,3103.0,3096.0,3100.0,3079.0,5768.0,17805816.0,218480
2023-05-09 21:05:15,RM2307,RM2307,3084.0,116.0,358092.0,78.0,30,3084.0,3085.0,22,3103.0,3096.0,3100.0,3079.0,5884.0,18163908.0,218558
2023-05-09 21:05:15,RM2307,RM2307,3085.0,2.0,6174.0,-2.0,41,3084.0,3085.0,16,3103.0,3096.0,3100.0,3079.0,5886.0,18170082.0,218556
2023-05-09 21:05:16,RM2307,RM2307,3085.0,0.0,0.0,0.0,51,3084.0,3085.0,6,3103.0,3096.0,3100.0,3079.0,5886.0,18170082.0,218556
2023-05-09 21:05:16,RM2307,RM2307,3085.0,0.0,0.0,0.0,71,3084.0,3085.0,15,3103.0,3096.0,3100.0,3079.0,5886.0,18170082.0,218556
2023-05-09 21:05:17,RM2307,RM2307,3085.0,10.0,30870.0,0.0,61,3084.0,3085.0,11,3103.0,3096.0,3100.0,3079.0,5896.0,18200952.0,218556
2023-05-09 21:05:17,RM2307,RM2307,3085.0,0.0,0.0,0.0,51,3084.0,3085.0,11,3103.0,3096.0,3100.0,3079.0,5896.0,18200952.0,218556
2023-05-09 21:05:18,RM2307,RM2307,3084.0,7.0,21609.0,0.0,24,3084.0,3085.0,11,3103.0,3096.0,3100.0,3079.0,5903.0,18222561.0,218556
2023-05-09 21:05:18,RM2307,RM2307,3084.0,6.0,18522.0,0.0,21,3084.0,3085.0,11,3103.0,3096.0,3100.0,3079.0,5909.0,18241083.0,218556
2023-05-09 21:05:19,RM2307,RM2307,3084.0,21.0,64827.0,-11.0,131,3083.0,3085.0,12,3103.0,3096.0,3100.0,3079.0,5930.0,18305910.0,218545
2023-05-09 21:05:20,RM2307,RM2307,3084.0,0.0,0.0,0.0,71,3083.0,3084.0,8,3103.0,3096.0,3100.0,3079.0,5930.0,18305910.0,218545
2023-05-09 21:05:20,RM2307,RM2307,3084.0,0.0,0.0,0.0,41,3083.0,3084.0,8,3103.0,3096.0,3100.0,3079.0,5930.0,18305910.0,218545
2023-05-09 21:05:21,RM2307,RM2307,3084.0,0.0,0.0,0.0,25,3083.0,3084.0,8,3103.0,3096.0,3100.0,3079.0,5930.0,18305910.0,218545
2023-05-09 21:05:21,RM2307,RM2307,3084.0,3.0,9261.0,3.0,25,3083.0,3084.0,8,3103.0,3096.0,3100.0,3079.0,5933.0,18315171.0,218548
2023-05-09 21:05:22,RM2307,RM2307,3083.0,12.0,37044.0,9.0,11,3083.0,3084.0,9,3103.0,3096.0,3100.0,3079.0,5945.0,18352215.0,218557
2023-05-09 21:05:22,RM2307,RM2307,3083.0,11.0,33957.0,-4.0,118,3082.0,3083.0,5,3103.0,3096.0,3100.0,3079.0,5956.0,18386172.0,218553
2023-05-09 21:05:23,RM2307,RM2307,3083.0,0.0,0.0,0.0,57,3082.0,3083.0,10,3103.0,3096.0,3100.0,3079.0,5956.0,18386172.0,218553
2023-05-09 21:05:23,RM2307,RM2307,3083.0,0.0,0.0,0.0,27,3082.0,3083.0,10,3103.0,3096.0,3100.0,3079.0,5956.0,18386172.0,218553
2023-05-09 21:05:24,RM2307,RM2307,3083.0,12.0,37044.0,4.0,77,3082.0,3083.0,10,3103.0,3096.0,3100.0,3079.0,5968.0,18423216.0,218557
2023-05-09 21:05:24,RM2307,RM2307,3083.0,2.0,6174.0,2.0,27,3082.0,3083.0,14,3103.0,3096.0,3100.0,3079.0,5970.0,18429390.0,218559
2023-05-09 21:05:24,RM2307,RM2307,3082.0,3.0,9261.0,-3.0,15,3082.0,3083.0,14,3103.0,3096.0,3100.0,3079.0,5973.0,18438651.0,218556
2023-05-09 21:05:27,RM2307,RM2307,3082.0,18.0,55566.0,5.0,75,3082.0,3084.0,47,3103.0,3096.0,3100.0,3079.0,5991.0,18494217.0,218561
2023-05-09 21:05:27,RM2307,RM2307,3083.0,2.0,6174.0,2.0,2,3083.0,3084.0,7,3103.0,3096.0,3100.0,3079.0,5993.0,18500391.0,218563
2023-05-09 21:05:28,RM2307,RM2307,3083.0,2.0,6174.0,0.0,114,3082.0,3084.0,8,3103.0,3096.0,3100.0,3079.0,5995.0,18506565.0,218563
2023-05-09 21:05:28,RM2307,RM2307,3083.0,0.0,0.0,0.0,64,3082.0,3083.0,5,3103.0,3096.0,3100.0,3079.0,5995.0,18506565.0,218563
2023-05-09 21:05:29,RM2307,RM2307,3083.0,8.0,24696.0,4.0,36,3083.0,3084.0,37,3103.0,3096.0,3100.0,3079.0,6003.0,18531261.0,218567
2023-05-09 21:05:29,RM2307,RM2307,3083.0,1.0,3087.0,-1.0,45,3083.0,3084.0,7,3103.0,3096.0,3100.0,3079.0,6004.0,18534348.0,218566
2023-05-09 21:05:30,RM2307,RM2307,3083.0,0.0,0.0,0.0,62,3083.0,3084.0,9,3103.0,3096.0,3100.0,3079.0,6004.0,18534348.0,218566
2023-05-09 21:05:30,RM2307,RM2307,3083.0,22.0,67914.0,19.0,110,3083.0,3084.0,8,3103.0,3096.0,3100.0,3079.0,6026.0,18602262.0,218585
2023-05-09 21:05:31,RM2307,RM2307,3083.0,0.0,0.0,0.0,128,3083.0,3084.0,4,3103.0,3096.0,3100.0,3079.0,6026.0,18602262.0,218585
2023-05-09 21:05:31,RM2307,RM2307,3083.0,0.0,0.0,0.0,148,3083.0,3084.0,4,3103.0,3096.0,3100.0,3079.0,6026.0,18602262.0,218585
2023-05-09 21:05:32,RM2307,RM2307,3083.0,0.0,0.0,0.0,125,3083.0,3084.0,5,3103.0,3096.0,3100.0,3079.0,6026.0,18602262.0,218585
2023-05-09 21:05:32,RM2307,RM2307,3083.0,0.0,0.0,0.0,20,3083.0,3084.0,12,3103.0,3096.0,3100.0,3079.0,6026.0,18602262.0,218585
2023-05-09 21:05:33,RM2307,RM2307,3083.0,1.0,3087.0,-1.0,7,3083.0,3084.0,12,3103.0,3096.0,3100.0,3079.0,6027.0,18605349.0,218584
2023-05-09 21:05:34,RM2307,RM2307,3083.0,0.0,0.0,0.0,7,3083.0,3084.0,14,3103.0,3096.0,3100.0,3079.0,6027.0,18605349.0,218584
2023-05-09 21:05:34,RM2307,RM2307,3083.0,0.0,0.0,0.0,8,3083.0,3084.0,15,3103.0,3096.0,3100.0,3079.0,6027.0,18605349.0,218584
2023-05-09 21:05:35,RM2307,RM2307,3083.0,5.0,15435.0,0.0,1,3083.0,3084.0,15,3103.0,3096.0,3100.0,3079.0,6032.0,18620784.0,218584
2023-05-09 21:05:35,RM2307,RM2307,3083.0,11.0,33957.0,1.0,289,3082.0,3084.0,19,3103.0,3096.0,3100.0,3079.0,6043.0,18654741.0,218585
2023-05-09 21:05:36,RM2307,RM2307,3083.0,16.0,49392.0,14.0,195,3082.0,3084.0,19,3103.0,3096.0,3100.0,3079.0,6059.0,18704133.0,218599
2023-05-09 21:05:36,RM2307,RM2307,3083.0,11.0,33957.0,9.0,9,3083.0,3084.0,77,3103.0,3096.0,3100.0,3079.0,6070.0,18738090.0,218608
2023-05-09 21:05:37,RM2307,RM2307,3083.0,0.0,0.0,0.0,12,3083.0,3084.0,11,3103.0,3096.0,3100.0,3079.0,6070.0,18738090.0,218608
2023-05-09 21:05:37,RM2307,RM2307,3083.0,0.0,0.0,0.0,5,3083.0,3084.0,9,3103.0,3096.0,3100.0,3079.0,6070.0,18738090.0,218608
2023-05-09 21:05:38,RM2307,RM2307,3083.0,4.0,12348.0,1.0,10,3083.0,3084.0,13,3103.0,3096.0,3100.0,3079.0,6074.0,18750438.0,218609
2023-05-09 21:05:38,RM2307,RM2307,3083.0,0.0,0.0,0.0,10,3083.0,3084.0,8,3103.0,3096.0,3100.0,3079.0,6074.0,18750438.0,218609
2023-05-09 21:05:40,RM2307,RM2307,3083.0,0.0,0.0,0.0,3,3083.0,3084.0,14,3103.0,3096.0,3100.0,3079.0,6074.0,18750438.0,218609
2023-05-09 21:05:40,RM2307,RM2307,3083.0,1.0,3087.0,0.0,2,3083.0,3084.0,18,3103.0,3096.0,3100.0,3079.0,6075.0,18753525.0,218609
2023-05-09 21:05:41,RM2307,RM2307,3083.0,0.0,0.0,0.0,22,3083.0,3084.0,8,3103.0,3096.0,3100.0,3079.0,6075.0,18753525.0,218609
2023-05-09 21:05:41,RM2307,RM2307,3083.0,1.0,3087.0,0.0,1,3083.0,3084.0,17,3103.0,3096.0,3100.0,3079.0,6076.0,18756612.0,218609
2023-05-09 21:05:42,RM2307,RM2307,3084.0,6.0,18522.0,1.0,4,3083.0,3084.0,13,3103.0,3096.0,3100.0,3079.0,6082.0,18775134.0,218610
2023-05-09 21:05:43,RM2307,RM2307,3083.0,1.0,3087.0,0.0,125,3082.0,3083.0,2,3103.0,3096.0,3100.0,3079.0,6083.0,18778221.0,218610
2023-05-09 21:05:43,RM2307,RM2307,3083.0,2.0,6174.0,2.0,2,3083.0,3084.0,90,3103.0,3096.0,3100.0,3079.0,6085.0,18784395.0,218612
2023-05-09 21:05:44,RM2307,RM2307,3083.0,0.0,0.0,0.0,5,3083.0,3084.0,10,3103.0,3096.0,3100.0,3079.0,6085.0,18784395.0,218612
2023-05-09 21:05:44,RM2307,RM2307,3084.0,10.0,30870.0,4.0,3,3084.0,3085.0,95,3103.0,3096.0,3100.0,3079.0,6095.0,18815265.0,218616
2023-05-09 21:05:45,RM2307,RM2307,3084.0,0.0,0.0,0.0,7,3084.0,3085.0,3,3103.0,3096.0,3100.0,3079.0,6095.0,18815265.0,218616
2023-05-09 21:05:45,RM2307,RM2307,3084.0,0.0,0.0,0.0,7,3084.0,3085.0,4,3103.0,3096.0,3100.0,3079.0,6095.0,18815265.0,218616
2023-05-09 21:05:46,RM2307,RM2307,3085.0,4.0,12348.0,3.0,3,3085.0,3086.0,109,3103.0,3096.0,3100.0,3079.0,6099.0,18827613.0,218619
2023-05-09 21:05:46,RM2307,RM2307,3085.0,0.0,0.0,0.0,6,3085.0,3086.0,3,3103.0,3096.0,3100.0,3079.0,6099.0,18827613.0,218619
2023-05-09 21:05:47,RM2307,RM2307,3086.0,3.0,9261.0,0.0,21,3085.0,3086.0,1,3103.0,3096.0,3100.0,3079.0,6102.0,18836874.0,218619
2023-05-09 21:05:47,RM2307,RM2307,3086.0,1.0,3087.0,0.0,8,3085.0,3086.0,4,3103.0,3096.0,3100.0,3079.0,6103.0,18839961.0,218619
2023-05-09 21:05:48,RM2307,RM2307,3086.0,0.0,0.0,0.0,12,3085.0,3086.0,3,3103.0,3096.0,3100.0,3079.0,6103.0,18839961.0,218619
2023-05-09 21:05:48,RM2307,RM2307,3086.0,1.0,3087.0,0.0,2,3086.0,3087.0,98,3103.0,3096.0,3100.0,3079.0,6104.0,18843048.0,218619
2023-05-09 21:05:49,RM2307,RM2307,3086.0,2.0,6174.0,-2.0,3,3086.0,3087.0,8,3103.0,3096.0,3100.0,3079.0,6106.0,18849222.0,218617
2023-05-09 21:05:49,RM2307,RM2307,3086.0,3.0,9261.0,-3.0,105,3085.0,3087.0,9,3103.0,3096.0,3100.0,3079.0,6109.0,18858483.0,218614
2023-05-09 21:05:50,RM2307,RM2307,3086.0,7.0,21609.0,-6.0,2,3086.0,3087.0,9,3103.0,3096.0,3100.0,3079.0,6116.0,18880092.0,218608
2023-05-09 21:05:50,RM2307,RM2307,3086.0,8.0,24696.0,1.0,1,3086.0,3087.0,9,3103.0,3096.0,3100.0,3079.0,6124.0,18904788.0,218609
2023-05-09 21:05:51,RM2307,RM2307,3086.0,2.0,6174.0,0.0,5,3086.0,3087.0,8,3103.0,3096.0,3100.0,3079.0,6126.0,18910962.0,218609
2023-05-09 21:05:51,RM2307,RM2307,3087.0,1.0,3087.0,-1.0,19,3086.0,3088.0,100,3103.0,3096.0,3100.0,3079.0,6127.0,18914049.0,218608
2023-05-09 21:05:52,RM2307,RM2307,3087.0,0.0,0.0,0.0,9,3086.0,3088.0,102,3103.0,3096.0,3100.0,3079.0,6127.0,18914049.0,218608
2023-05-09 21:05:52,RM2307,RM2307,3087.0,0.0,0.0,0.0,9,3086.0,3087.0,3,3103.0,3096.0,3100.0,3079.0,6127.0,18914049.0,218608
2023-05-09 21:05:54,RM2307,RM2307,3088.0,32.0,98784.0,13.0,5,3087.0,3088.0,23,3103.0,3096.0,3100.0,3079.0,6159.0,19012833.0,218621
2023-05-09 21:05:55,RM2307,RM2307,3087.0,2.0,6174.0,2.0,33,3087.0,3088.0,11,3103.0,3096.0,3100.0,3079.0,6161.0,19019007.0,218623
2023-05-09 21:05:55,RM2307,RM2307,3088.0,6.0,18522.0,2.0,35,3087.0,3088.0,12,3103.0,3096.0,3100.0,3079.0,6167.0,19037529.0,218625
2023-05-09 21:05:56,RM2307,RM2307,3087.0,14.0,43218.0,2.0,32,3087.0,3088.0,10,3103.0,3096.0,3100.0,3079.0,6181.0,19080747.0,218627
2023-05-09 21:05:56,RM2307,RM2307,3088.0,5.0,15435.0,-2.0,27,3087.0,3088.0,8,3103.0,3096.0,3100.0,3079.0,6186.0,19096182.0,218625
2023-05-09 21:05:57,RM2307,RM2307,3088.0,5.0,15435.0,0.0,29,3087.0,3088.0,3,3103.0,3096.0,3100.0,3079.0,6191.0,19111617.0,218625
2023-05-09 21:05:57,RM2307,RM2307,3088.0,3.0,9261.0,0.0,3,3088.0,3089.0,113,3103.0,3096.0,3100.0,3079.0,6194.0,19120878.0,218625
2023-05-09 21:05:58,RM2307,RM2307,3088.0,1.0,3087.0,-1.0,8,3088.0,3089.0,9,3103.0,3096.0,3100.0,3079.0,6195.0,19123965.0,218624
2023-05-09 21:05:58,RM2307,RM2307,3089.0,9.0,27783.0,7.0,3,3089.0,3090.0,129,3103.0,3096.0,3100.0,3079.0,6204.0,19151748.0,218631
2023-05-09 21:05:59,RM2307,RM2307,3089.0,1.0,3087.0,0.0,4,3089.0,3090.0,18,3103.0,3096.0,3100.0,3079.0,6205.0,19154835.0,218631
2023-05-09 21:05:59,RM2307,RM2307,3089.0,4.0,12348.0,-4.0,107,3088.0,3089.0,4,3103.0,3096.0,3100.0,3079.0,6209.0,19167183.0,218627
2023-05-09 21:06:00,RM2307,RM2307,3089.0,8.0,24696.0,2.0,15,3088.0,3089.0,3,3103.0,3096.0,3100.0,3079.0,6217.0,19191879.0,218629
2023-05-09 21:06:00,RM2307,RM2307,3089.0,3.0,9261.0,0.0,1,3089.0,3090.0,119,3103.0,3096.0,3100.0,3079.0,6220.0,19201140.0,218629
2023-05-09 21:06:01,RM2307,RM2307,3089.0,2.0,6174.0,-2.0,113,3088.0,3089.0,3,3103.0,3096.0,3100.0,3079.0,6222.0,19207314.0,218627
2023-05-09 21:06:01,RM2307,RM2307,3089.0,0.0,0.0,0.0,34,3088.0,3089.0,3,3103.0,3096.0,3100.0,3079.0,6222.0,19207314.0,218627
2023-05-09 21:06:02,RM2307,RM2307,3089.0,3.0,9261.0,0.0,14,3088.0,3089.0,10,3103.0,3096.0,3100.0,3079.0,6225.0,19216575.0,218627
2023-05-09 21:06:03,RM2307,RM2307,3088.0,19.0,58653.0,-12.0,83,3087.0,3088.0,5,3103.0,3096.0,3100.0,3079.0,6244.0,19275228.0,218615
2023-05-09 21:06:03,RM2307,RM2307,3088.0,5.0,15435.0,0.0,93,3087.0,3089.0,73,3103.0,3096.0,3100.0,3079.0,6249.0,19290663.0,218615
2023-05-09 21:06:04,RM2307,RM2307,3089.0,1.0,3087.0,0.0,3,3088.0,3089.0,7,3103.0,3096.0,3100.0,3079.0,6250.0,19293750.0,218615
2023-05-09 21:06:04,RM2307,RM2307,3089.0,0.0,0.0,0.0,3,3088.0,3089.0,19,3103.0,3096.0,3100.0,3079.0,6250.0,19293750.0,218615
2023-05-09 21:06:05,RM2307,RM2307,3089.0,0.0,0.0,0.0,3,3088.0,3089.0,7,3103.0,3096.0,3100.0,3079.0,6250.0,19293750.0,218615
2023-05-09 21:06:05,RM2307,RM2307,3088.0,2.0,6174.0,0.0,3,3088.0,3089.0,7,3103.0,3096.0,3100.0,3079.0,6252.0,19299924.0,218615
2023-05-09 21:06:06,RM2307,RM2307,3088.0,0.0,0.0,0.0,3,3088.0,3089.0,5,3103.0,3096.0,3100.0,3079.0,6252.0,19299924.0,218615
2023-05-09 21:06:06,RM2307,RM2307,3088.0,6.0,18522.0,6.0,123,3087.0,3088.0,7,3103.0,3096.0,3100.0,3079.0,6258.0,19318446.0,218621
2023-05-09 21:06:07,RM2307,RM2307,3088.0,1.0,3087.0,1.0,76,3087.0,3088.0,6,3103.0,3096.0,3100.0,3079.0,6259.0,19321533.0,218622
2023-05-09 21:06:07,RM2307,RM2307,3087.0,63.0,194481.0,-3.0,114,3086.0,3087.0,3,3103.0,3096.0,3100.0,3079.0,6322.0,19516014.0,218619
2023-05-09 21:06:08,RM2307,RM2307,3087.0,13.0,40131.0,10.0,28,3087.0,3088.0,42,3103.0,3096.0,3100.0,3079.0,6335.0,19556145.0,218629
2023-05-09 21:06:08,RM2307,RM2307,3087.0,0.0,0.0,0.0,18,3087.0,3088.0,15,3103.0,3096.0,3100.0,3079.0,6335.0,19556145.0,218629
2023-05-09 21:06:10,RM2307,RM2307,3088.0,3.0,9261.0,3.0,3,3088.0,3089.0,113,3103.0,3096.0,3100.0,3079.0,6338.0,19565406.0,218632
2023-05-09 21:06:11,RM2307,RM2307,3088.0,0.0,0.0,0.0,6,3088.0,3089.0,23,3103.0,3096.0,3100.0,3079.0,6338.0,19565406.0,218632
2023-05-09 21:06:11,RM2307,RM2307,3088.0,0.0,0.0,0.0,6,3088.0,3089.0,13,3103.0,3096.0,3100.0,3079.0,6338.0,19565406.0,218632
2023-05-09 21:06:12,RM2307,RM2307,3088.0,0.0,0.0,0.0,9,3088.0,3089.0,13,3103.0,3096.0,3100.0,3079.0,6338.0,19565406.0,218632
2023-05-09 21:06:13,RM2307,RM2307,3088.0,0.0,0.0,0.0,6,3088.0,3089.0,13,3103.0,3096.0,3100.0,3079.0,6338.0,19565406.0,218632
2023-05-09 21:06:13,RM2307,RM2307,3088.0,0.0,0.0,0.0,6,3088.0,3089.0,16,3103.0,3096.0,3100.0,3079.0,6338.0,19565406.0,218632
2023-05-09 21:06:14,RM2307,RM2307,3088.0,5.0,15435.0,-1.0,4,3088.0,3089.0,20,3103.0,3096.0,3100.0,3079.0,6343.0,19580841.0,218631
2023-05-09 21:06:14,RM2307,RM2307,3088.0,5.0,15435.0,-1.0,81,3087.0,3089.0,67,3103.0,3096.0,3100.0,3079.0,6348.0,19596276.0,218630
2023-05-09 21:06:15,RM2307,RM2307,3089.0,1.0,3087.0,0.0,3,3088.0,3089.0,34,3103.0,3096.0,3100.0,3079.0,6349.0,19599363.0,218630
2023-05-09 21:06:15,RM2307,RM2307,3089.0,0.0,0.0,0.0,3,3088.0,3089.0,24,3103.0,3096.0,3100.0,3079.0,6349.0,19599363.0,218630
2023-05-09 21:06:16,RM2307,RM2307,3089.0,0.0,0.0,0.0,3,3088.0,3089.0,23,3103.0,3096.0,3100.0,3079.0,6349.0,19599363.0,218630
2023-05-09 21:06:16,RM2307,RM2307,3088.0,1.0,3087.0,0.0,2,3088.0,3089.0,24,3103.0,3096.0,3100.0,3079.0,6350.0,19602450.0,218630
2023-05-09 21:06:17,RM2307,RM2307,3088.0,0.0,0.0,0.0,2,3088.0,3089.0,23,3103.0,3096.0,3100.0,3079.0,6350.0,19602450.0,218630
2023-05-09 21:06:18,RM2307,RM2307,3088.0,0.0,0.0,0.0,3,3088.0,3089.0,23,3103.0,3096.0,3100.0,3079.0,6350.0,19602450.0,218630
2023-05-09 21:06:18,RM2307,RM2307,3088.0,0.0,0.0,0.0,3,3088.0,3089.0,24,3103.0,3096.0,3100.0,3079.0,6350.0,19602450.0,218630
2023-05-09 21:06:20,RM2307,RM2307,3088.0,0.0,0.0,0.0,3,3088.0,3089.0,25,3103.0,3096.0,3100.0,3079.0,6350.0,19602450.0,218630
2023-05-09 21:06:20,RM2307,RM2307,3089.0,1.0,3087.0,0.0,3,3088.0,3089.0,24,3103.0,3096.0,3100.0,3079.0,6351.0,19605537.0,218630
2023-05-09 21:06:21,RM2307,RM2307,3089.0,0.0,0.0,0.0,7,3088.0,3089.0,24,3103.0,3096.0,3100.0,3079.0,6351.0,19605537.0,218630
2023-05-09 21:06:22,RM2307,RM2307,3088.0,1.0,3087.0,1.0,8,3088.0,3089.0,24,3103.0,3096.0,3100.0,3079.0,6352.0,19608624.0,218631
2023-05-09 21:06:22,RM2307,RM2307,3089.0,1.0,3087.0,1.0,8,3088.0,3089.0,24,3103.0,3096.0,3100.0,3079.0,6353.0,19611711.0,218632
2023-05-09 21:06:23,RM2307,RM2307,3089.0,0.0,0.0,0.0,8,3088.0,3089.0,25,3103.0,3096.0,3100.0,3079.0,6353.0,19611711.0,218632
2023-05-09 21:06:24,RM2307,RM2307,3089.0,0.0,0.0,0.0,10,3088.0,3089.0,24,3103.0,3096.0,3100.0,3079.0,6353.0,19611711.0,218632
2023-05-09 21:06:25,RM2307,RM2307,3089.0,0.0,0.0,0.0,10,3088.0,3089.0,23,3103.0,3096.0,3100.0,3079.0,6353.0,19611711.0,218632
2023-05-09 21:06:27,RM2307,RM2307,3089.0,2.0,6174.0,2.0,10,3088.0,3089.0,24,3103.0,3096.0,3100.0,3079.0,6355.0,19617885.0,218634
2023-05-09 21:06:27,RM2307,RM2307,3089.0,0.0,0.0,0.0,10,3088.0,3089.0,25,3103.0,3096.0,3100.0,3079.0,6355.0,19617885.0,218634
2023-05-09 21:06:27,RM2307,RM2307,3089.0,1.0,3087.0,-1.0,10,3088.0,3089.0,24,3103.0,3096.0,3100.0,3079.0,6356.0,19620972.0,218633
2023-05-09 21:06:28,RM2307,RM2307,3089.0,0.0,0.0,0.0,18,3088.0,3089.0,24,3103.0,3096.0,3100.0,3079.0,6356.0,19620972.0,218633
2023-05-09 21:06:28,RM2307,RM2307,3089.0,1.0,3087.0,0.0,18,3088.0,3089.0,23,3103.0,3096.0,3100.0,3079.0,6357.0,19624059.0,218633
2023-05-09 21:06:30,RM2307,RM2307,3088.0,18.0,55566.0,-4.0,94,3087.0,3088.0,3,3103.0,3096.0,3100.0,3079.0,6375.0,19679625.0,218629
2023-05-09 21:06:30,RM2307,RM2307,3088.0,15.0,46305.0,0.0,65,3087.0,3089.0,85,3103.0,3096.0,3100.0,3079.0,6390.0,19725930.0,218629
2023-05-09 21:06:31,RM2307,RM2307,3088.0,0.0,0.0,0.0,28,3087.0,3088.0,5,3103.0,3096.0,3100.0,3079.0,6390.0,19725930.0,218629
2023-05-09 21:06:31,RM2307,RM2307,3088.0,0.0,0.0,0.0,8,3087.0,3088.0,8,3103.0,3096.0,3100.0,3079.0,6390.0,19725930.0,218629
2023-05-09 21:06:32,RM2307,RM2307,3087.0,8.0,24696.0,-4.0,120,3086.0,3088.0,9,3103.0,3096.0,3100.0,3079.0,6398.0,19750626.0,218625
2023-05-09 21:06:32,RM2307,RM2307,3087.0,4.0,12348.0,-4.0,100,3086.0,3088.0,11,3103.0,3096.0,3100.0,3079.0,6402.0,19762974.0,218621
2023-05-09 21:06:33,RM2307,RM2307,3087.0,2.0,6174.0,0.0,99,3086.0,3087.0,1,3103.0,3096.0,3100.0,3079.0,6404.0,19769148.0,218621
2023-05-09 21:06:33,RM2307,RM2307,3087.0,1.0,3087.0,-1.0,29,3086.0,3088.0,131,3103.0,3096.0,3100.0,3079.0,6405.0,19772235.0,218620
2023-05-09 21:06:34,RM2307,RM2307,3086.0,9.0,27783.0,-2.0,133,3085.0,3086.0,3,3103.0,3096.0,3100.0,3079.0,6414.0,19800018.0,218618
2023-05-09 21:06:34,RM2307,RM2307,3086.0,3.0,9261.0,0.0,33,3085.0,3087.0,119,3103.0,3096.0,3100.0,3079.0,6417.0,19809279.0,218618
2023-05-09 21:06:35,RM2307,RM2307,3086.0,0.0,0.0,0.0,13,3085.0,3087.0,119,3103.0,3096.0,3100.0,3079.0,6417.0,19809279.0,218618
2023-05-09 21:06:35,RM2307,RM2307,3086.0,12.0,37044.0,-6.0,73,3085.0,3087.0,84,3103.0,3096.0,3100.0,3079.0,6429.0,19846323.0,218612
2023-05-09 21:06:36,RM2307,RM2307,3086.0,1.0,3087.0,0.0,3,3086.0,3087.0,83,3103.0,3096.0,3100.0,3079.0,6430.0,19849410.0,218612
2023-05-09 21:06:36,RM2307,RM2307,3086.0,4.0,12348.0,0.0,2,3086.0,3087.0,70,3103.0,3096.0,3100.0,3079.0,6434.0,19861758.0,218612
2023-05-09 21:06:37,RM2307,RM2307,3086.0,0.0,0.0,0.0,2,3086.0,3087.0,50,3103.0,3096.0,3100.0,3079.0,6434.0,19861758.0,218612
2023-05-09 21:06:37,RM2307,RM2307,3086.0,0.0,0.0,0.0,2,3086.0,3087.0,40,3103.0,3096.0,3100.0,3079.0,6434.0,19861758.0,218612
2023-05-09 21:06:38,RM2307,RM2307,3085.0,10.0,30870.0,-3.0,83,3085.0,3087.0,85,3103.0,3096.0,3100.0,3079.0,6444.0,19892628.0,218609
2023-05-09 21:06:38,RM2307,RM2307,3085.0,0.0,0.0,0.0,53,3085.0,3087.0,107,3103.0,3096.0,3100.0,3079.0,6444.0,19892628.0,218609
2023-05-09 21:06:39,RM2307,RM2307,3085.0,0.0,0.0,0.0,3,3086.0,3087.0,77,3103.0,3096.0,3100.0,3079.0,6444.0,19892628.0,218609
2023-05-09 21:06:39,RM2307,RM2307,3086.0,3.0,9261.0,3.0,113,3085.0,3087.0,49,3103.0,3096.0,3100.0,3079.0,6447.0,19901889.0,218612
2023-05-09 21:06:40,RM2307,RM2307,3086.0,14.0,43218.0,12.0,60,3085.0,3087.0,86,3103.0,3096.0,3100.0,3079.0,6461.0,19945107.0,218624
2023-05-09 21:06:40,RM2307,RM2307,3086.0,0.0,0.0,0.0,33,3085.0,3087.0,109,3103.0,3096.0,3100.0,3079.0,6461.0,19945107.0,218624
2023-05-09 21:06:41,RM2307,RM2307,3086.0,0.0,0.0,0.0,13,3085.0,3087.0,119,3103.0,3096.0,3100.0,3079.0,6461.0,19945107.0,218624
2023-05-09 21:06:41,RM2307,RM2307,3086.0,5.0,15435.0,5.0,68,3085.0,3087.0,79,3103.0,3096.0,3100.0,3079.0,6466.0,19960542.0,218629
2023-05-09 21:06:42,RM2307,RM2307,3086.0,0.0,0.0,0.0,28,3085.0,3086.0,3,3103.0,3096.0,3100.0,3079.0,6466.0,19960542.0,218629
2023-05-09 21:06:42,RM2307,RM2307,3086.0,0.0,0.0,0.0,8,3085.0,3086.0,14,3103.0,3096.0,3100.0,3079.0,6466.0,19960542.0,218629
2023-05-09 21:06:43,RM2307,RM2307,3085.0,3.0,9261.0,0.0,5,3085.0,3086.0,14,3103.0,3096.0,3100.0,3079.0,6469.0,19969803.0,218629
2023-05-09 21:06:44,RM2307,RM2307,3086.0,2.0,6174.0,-2.0,6,3085.0,3086.0,17,3103.0,3096.0,3100.0,3079.0,6471.0,19975977.0,218627
2023-05-09 21:06:45,RM2307,RM2307,3086.0,0.0,0.0,0.0,6,3085.0,3086.0,18,3103.0,3096.0,3100.0,3079.0,6471.0,19975977.0,218627
2023-05-09 21:06:46,RM2307,RM2307,3085.0,16.0,49392.0,1.0,74,3084.0,3086.0,89,3103.0,3096.0,3100.0,3079.0,6487.0,20025369.0,218628
2023-05-09 21:06:46,RM2307,RM2307,3085.0,0.0,0.0,0.0,37,3084.0,3086.0,122,3103.0,3096.0,3100.0,3079.0,6487.0,20025369.0,218628
2023-05-09 21:06:47,RM2307,RM2307,3085.0,0.0,0.0,0.0,7,3084.0,3086.0,132,3103.0,3096.0,3100.0,3079.0,6487.0,20025369.0,218628
2023-05-09 21:06:47,RM2307,RM2307,3085.0,0.0,0.0,0.0,3,3085.0,3086.0,132,3103.0,3096.0,3100.0,3079.0,6487.0,20025369.0,218628
2023-05-09 21:06:48,RM2307,RM2307,3085.0,0.0,0.0,0.0,3,3085.0,3086.0,82,3103.0,3096.0,3100.0,3079.0,6487.0,20025369.0,218628
2023-05-09 21:06:48,RM2307,RM2307,3086.0,2.0,6174.0,0.0,3,3085.0,3086.0,60,3103.0,3096.0,3100.0,3079.0,6489.0,20031543.0,218628
2023-05-09 21:06:48,RM2307,RM2307,3086.0,0.0,0.0,0.0,3,3085.0,3086.0,50,3103.0,3096.0,3100.0,3079.0,6489.0,20031543.0,218628
2023-05-09 21:06:49,RM2307,RM2307,3086.0,0.0,0.0,0.0,3,3085.0,3086.0,40,3103.0,3096.0,3100.0,3079.0,6489.0,20031543.0,218628
2023-05-09 21:06:51,RM2307,RM2307,3085.0,3.0,9261.0,0.0,105,3084.0,3086.0,53,3103.0,3096.0,3100.0,3079.0,6492.0,20040804.0,218628
2023-05-09 21:06:52,RM2307,RM2307,3085.0,3.0,9261.0,0.0,3,3085.0,3086.0,73,3103.0,3096.0,3100.0,3079.0,6495.0,20050065.0,218628
2023-05-09 21:06:52,RM2307,RM2307,3085.0,4.0,12348.0,0.0,104,3084.0,3085.0,2,3103.0,3096.0,3100.0,3079.0,6499.0,20062413.0,218628
2023-05-09 21:06:53,RM2307,RM2307,3085.0,5.0,15435.0,-2.0,24,3084.0,3086.0,137,3103.0,3096.0,3100.0,3079.0,6504.0,20077848.0,218626
2023-05-09 21:06:53,RM2307,RM2307,3085.0,1.0,3087.0,0.0,5,3084.0,3085.0,3,3103.0,3096.0,3100.0,3079.0,6505.0,20080935.0,218626
2023-05-09 21:06:54,RM2307,RM2307,3085.0,0.0,0.0,0.0,5,3084.0,3085.0,11,3103.0,3096.0,3100.0,3079.0,6505.0,20080935.0,218626
2023-05-09 21:06:55,RM2307,RM2307,3085.0,0.0,0.0,0.0,6,3084.0,3085.0,23,3103.0,3096.0,3100.0,3079.0,6505.0,20080935.0,218626
2023-05-09 21:06:55,RM2307,RM2307,3085.0,0.0,0.0,0.0,6,3084.0,3085.0,13,3103.0,3096.0,3100.0,3079.0,6505.0,20080935.0,218626
2023-05-09 21:06:56,RM2307,RM2307,3085.0,0.0,0.0,0.0,6,3084.0,3085.0,12,3103.0,3096.0,3100.0,3079.0,6505.0,20080935.0,218626
2023-05-09 21:06:57,RM2307,RM2307,3085.0,1.0,3087.0,0.0,6,3084.0,3085.0,10,3103.0,3096.0,3100.0,3079.0,6506.0,20084022.0,218626
2023-05-09 21:06:58,RM2307,RM2307,3085.0,10.0,30870.0,-7.0,6,3084.0,3086.0,130,3103.0,3096.0,3100.0,3079.0,6516.0,20114892.0,218619
2023-05-09 21:06:58,RM2307,RM2307,3085.0,1.0,3087.0,0.0,1,3085.0,3086.0,82,3103.0,3096.0,3100.0,3079.0,6517.0,20117979.0,218619
2023-05-09 21:06:59,RM2307,RM2307,3085.0,2.0,6174.0,1.0,106,3084.0,3086.0,74,3103.0,3096.0,3100.0,3079.0,6519.0,20124153.0,218620
2023-05-09 21:06:59,RM2307,RM2307,3086.0,2.0,6174.0,1.0,4,3085.0,3086.0,62,3103.0,3096.0,3100.0,3079.0,6521.0,20130327.0,218621
2023-05-09 21:06:59,RM2307,RM2307,3086.0,0.0,0.0,0.0,5,3085.0,3086.0,42,3103.0,3096.0,3100.0,3079.0,6521.0,20130327.0,218621
2023-05-09 21:07:00,RM2307,RM2307,3086.0,9.0,27783.0,6.0,117,3084.0,3086.0,26,3103.0,3096.0,3100.0,3079.0,6530.0,20158110.0,218627
2023-05-09 21:07:01,RM2307,RM2307,3085.0,8.0,24696.0,8.0,2,3085.0,3086.0,19,3103.0,3096.0,3100.0,3079.0,6538.0,20182806.0,218635
2023-05-09 21:07:01,RM2307,RM2307,3085.0,3.0,9261.0,1.0,4,3085.0,3086.0,18,3103.0,3096.0,3100.0,3079.0,6541.0,20192067.0,218636
2023-05-09 21:07:02,RM2307,RM2307,3085.0,5.0,15435.0,0.0,69,3084.0,3085.0,4,3103.0,3096.0,3100.0,3079.0,6546.0,20207502.0,218636
2023-05-09 21:07:02,RM2307,RM2307,3085.0,0.0,0.0,0.0,26,3084.0,3085.0,7,3103.0,3096.0,3100.0,3079.0,6546.0,20207502.0,218636
2023-05-09 21:07:03,RM2307,RM2307,3084.0,9.0,27783.0,-1.0,95,3083.0,3084.0,2,3103.0,3096.0,3100.0,3079.0,6555.0,20235285.0,218635
2023-05-09 21:07:03,RM2307,RM2307,3084.0,0.0,0.0,0.0,75,3083.0,3084.0,9,3103.0,3096.0,3100.0,3079.0,6555.0,20235285.0,218635
2023-05-09 21:07:04,RM2307,RM2307,3084.0,0.0,0.0,0.0,45,3083.0,3084.0,59,3103.0,3096.0,3100.0,3079.0,6555.0,20235285.0,218635
2023-05-09 21:07:04,RM2307,RM2307,3083.0,2.0,6174.0,-2.0,33,3083.0,3084.0,82,3103.0,3096.0,3100.0,3079.0,6557.0,20241459.0,218633
2023-05-09 21:07:04,RM2307,RM2307,3083.0,0.0,0.0,0.0,20,3083.0,3084.0,92,3103.0,3096.0,3100.0,3079.0,6557.0,20241459.0,218633
2023-05-09 21:07:05,RM2307,RM2307,3083.0,38.0,117306.0,1.0,235,3082.0,3084.0,93,3103.0,3096.0,3100.0,3079.0,6595.0,20358765.0,218634
2023-05-09 21:07:06,RM2307,RM2307,3083.0,10.0,30870.0,-7.0,6,3083.0,3084.0,147,3103.0,3096.0,3100.0,3079.0,6605.0,20389635.0,218627
2023-05-09 21:07:06,RM2307,RM2307,3083.0,10.0,30870.0,-2.0,7,3083.0,3084.0,149,3103.0,3096.0,3100.0,3079.0,6615.0,20420505.0,218625
2023-05-09 21:07:07,RM2307,RM2307,3083.0,3.0,9261.0,-1.0,5,3083.0,3084.0,105,3103.0,3096.0,3100.0,3079.0,6618.0,20429766.0,218624
2023-05-09 21:07:08,RM2307,RM2307,3083.0,0.0,0.0,0.0,1,3083.0,3084.0,105,3103.0,3096.0,3100.0,3079.0,6618.0,20429766.0,218624
2023-05-09 21:07:08,RM2307,RM2307,3083.0,5.0,15435.0,-1.0,2,3083.0,3084.0,159,3103.0,3096.0,3100.0,3079.0,6623.0,20445201.0,218623
2023-05-09 21:07:09,RM2307,RM2307,3083.0,0.0,0.0,0.0,6,3083.0,3084.0,142,3103.0,3096.0,3100.0,3079.0,6623.0,20445201.0,218623
2023-05-09 21:07:09,RM2307,RM2307,3083.0,2.0,6174.0,0.0,102,3082.0,3083.0,2,3103.0,3096.0,3100.0,3079.0,6625.0,20451375.0,218623
2023-05-09 21:07:10,RM2307,RM2307,3083.0,0.0,0.0,0.0,44,3082.0,3083.0,2,3103.0,3096.0,3100.0,3079.0,6625.0,20451375.0,218623
2023-05-09 21:07:10,RM2307,RM2307,3083.0,3.0,9261.0,-3.0,33,3082.0,3083.0,9,3103.0,3096.0,3100.0,3079.0,6628.0,20460636.0,218620
