time,symbol_id,symbol_name,last,trade_volume,trade_amount,open_interest_change,bv1,bp1,ap1,av1,yesterday_close,today_open,today_high,today_low,volume,amount,open_interest
2023-05-11 09:14:19,PK311P9200,花生2311沽9200,126.0,0.0,0.0,0.0,10,136.0,159.0,10,126.0,161.5,0.0,0.0,0.0,0.0,45
2023-05-11 09:16:08,PK311P9200,花生2311沽9200,126.0,0.0,0.0,0.0,10,132.0,154.5,10,126.0,161.5,0.0,0.0,0.0,0.0,45
2023-05-11 09:17:24,PK311P9200,花生2311沽9200,126.0,0.0,0.0,0.0,10,136.0,159.0,10,126.0,161.5,0.0,0.0,0.0,0.0,45
2023-05-11 09:17:48,PK311P9200,花生2311沽9200,126.0,0.0,0.0,0.0,10,137.5,154.5,10,126.0,161.5,0.0,0.0,0.0,0.0,45
2023-05-11 09:18:25,PK311P9200,花生2311沽9200,126.0,0.0,0.0,0.0,20,137.5,154.5,20,126.0,161.5,0.0,0.0,0.0,0.0,45
2023-05-11 09:18:34,PK311P9200,花生2311沽9200,126.0,0.0,0.0,0.0,20,141.0,155.0,10,126.0,161.5,0.0,0.0,0.0,0.0,45
2023-05-11 09:18:47,PK311P9200,花生2311沽9200,126.0,0.0,0.0,0.0,20,141.0,156.0,10,126.0,161.5,0.0,0.0,0.0,0.0,45
2023-05-11 09:18:50,PK311P9200,花生2311沽9200,126.0,0.0,0.0,0.0,20,141.0,155.0,10,126.0,161.5,0.0,0.0,0.0,0.0,45
2023-05-11 09:18:58,PK311P9200,花生2311沽9200,126.0,0.0,0.0,0.0,20,141.0,153.0,10,126.0,161.5,0.0,0.0,0.0,0.0,45
2023-05-11 09:19:00,PK311P9200,花生2311沽9200,126.0,0.0,0.0,0.0,20,141.0,155.5,10,126.0,161.5,0.0,0.0,0.0,0.0,45
2023-05-11 09:19:06,PK311P9200,花生2311沽9200,126.0,0.0,0.0,0.0,10,141.0,157.5,10,126.0,161.5,0.0,0.0,0.0,0.0,45
2023-05-11 09:19:06,PK311P9200,花生2311沽9200,126.0,0.0,0.0,0.0,10,141.0,154.5,10,126.0,161.5,0.0,0.0,0.0,0.0,45
2023-05-11 09:19:08,PK311P9200,花生2311沽9200,126.0,0.0,0.0,0.0,10,138.0,154.5,20,126.0,161.5,0.0,0.0,0.0,0.0,45
2023-05-11 09:19:12,PK311P9200,花生2311沽9200,126.0,0.0,0.0,0.0,10,141.0,152.5,10,126.0,161.5,0.0,0.0,0.0,0.0,45
2023-05-11 09:19:12,PK311P9200,花生2311沽9200,126.0,0.0,0.0,0.0,20,141.0,152.5,20,126.0,161.5,0.0,0.0,0.0,0.0,45
2023-05-11 09:19:12,PK311P9200,花生2311沽9200,126.0,0.0,0.0,0.0,10,141.0,152.5,10,126.0,161.5,0.0,0.0,0.0,0.0,45
2023-05-11 09:19:13,PK311P9200,花生2311沽9200,126.0,0.0,0.0,0.0,20,141.0,152.5,10,126.0,161.5,0.0,0.0,0.0,0.0,45
2023-05-11 09:19:16,PK311P9200,花生2311沽9200,126.0,0.0,0.0,0.0,20,141.0,152.5,20,126.0,161.5,0.0,0.0,0.0,0.0,45
2023-05-11 09:19:18,PK311P9200,花生2311沽9200,126.0,0.0,0.0,0.0,10,144.0,152.5,10,126.0,161.5,0.0,0.0,0.0,0.0,45
2023-05-11 09:19:23,PK311P9200,花生2311沽9200,126.0,0.0,0.0,0.0,10,144.0,154.5,10,126.0,161.5,0.0,0.0,0.0,0.0,45
2023-05-11 09:19:24,PK311P9200,花生2311沽9200,126.0,0.0,0.0,0.0,10,144.0,155.0,20,126.0,161.5,0.0,0.0,0.0,0.0,45
2023-05-11 09:19:33,PK311P9200,花生2311沽9200,126.0,0.0,0.0,0.0,20,144.0,155.0,20,126.0,161.5,0.0,0.0,0.0,0.0,45
2023-05-11 09:19:36,PK311P9200,花生2311沽9200,126.0,0.0,0.0,0.0,10,144.0,155.0,20,126.0,161.5,0.0,0.0,0.0,0.0,45
2023-05-11 09:20:04,PK311P9200,花生2311沽9200,126.0,0.0,0.0,0.0,10,144.0,153.5,10,126.0,161.5,0.0,0.0,0.0,0.0,45
2023-05-11 09:20:05,PK311P9200,花生2311沽9200,126.0,0.0,0.0,0.0,10,144.0,155.0,20,126.0,161.5,0.0,0.0,0.0,0.0,45
2023-05-11 09:20:42,PK311P9200,花生2311沽9200,126.0,0.0,0.0,0.0,20,144.0,155.0,20,126.0,161.5,0.0,0.0,0.0,0.0,45
2023-05-11 09:20:43,PK311P9200,花生2311沽9200,126.0,0.0,0.0,0.0,10,148.5,157.0,10,126.0,161.5,0.0,0.0,0.0,0.0,45
2023-05-11 09:20:43,PK311P9200,花生2311沽9200,126.0,0.0,0.0,0.0,10,148.5,157.0,20,126.0,161.5,0.0,0.0,0.0,0.0,45
2023-05-11 09:20:44,PK311P9200,花生2311沽9200,126.0,0.0,0.0,0.0,10,148.5,155.5,10,126.0,161.5,0.0,0.0,0.0,0.0,45
2023-05-11 09:20:47,PK311P9200,花生2311沽9200,126.0,0.0,0.0,0.0,10,148.5,156.5,10,126.0,161.5,0.0,0.0,0.0,0.0,45
2023-05-11 09:20:52,PK311P9200,花生2311沽9200,126.0,0.0,0.0,0.0,10,148.5,155.5,10,126.0,161.5,0.0,0.0,0.0,0.0,45
2023-05-11 09:20:53,PK311P9200,花生2311沽9200,126.0,0.0,0.0,0.0,10,148.5,156.5,10,126.0,161.5,0.0,0.0,0.0,0.0,45
2023-05-11 09:21:04,PK311P9200,花生2311沽9200,126.0,0.0,0.0,0.0,10,151.5,156.5,10,126.0,161.5,0.0,0.0,0.0,0.0,45
2023-05-11 09:21:06,PK311P9200,花生2311沽9200,126.0,0.0,0.0,0.0,10,148.5,156.5,10,126.0,161.5,0.0,0.0,0.0,0.0,45
2023-05-11 09:21:10,PK311P9200,花生2311沽9200,126.0,0.0,0.0,0.0,10,148.5,154.5,20,126.0,161.5,0.0,0.0,0.0,0.0,45
2023-05-11 09:21:13,PK311P9200,花生2311沽9200,126.0,0.0,0.0,0.0,10,150.5,154.5,20,126.0,161.5,0.0,0.0,0.0,0.0,45
2023-05-11 09:21:20,PK311P9200,花生2311沽9200,126.0,0.0,0.0,0.0,20,150.5,154.5,10,126.0,161.5,0.0,0.0,0.0,0.0,45
2023-05-11 09:21:20,PK311P9200,花生2311沽9200,126.0,0.0,0.0,0.0,20,150.5,156.0,20,126.0,161.5,0.0,0.0,0.0,0.0,45
2023-05-11 09:21:32,PK311P9200,花生2311沽9200,126.0,0.0,0.0,0.0,10,152.5,156.0,10,126.0,161.5,0.0,0.0,0.0,0.0,45
2023-05-11 09:21:33,PK311P9200,花生2311沽9200,126.0,0.0,0.0,0.0,20,152.5,158.0,20,126.0,161.5,0.0,0.0,0.0,0.0,45
2023-05-11 09:21:41,PK311P9200,花生2311沽9200,126.0,0.0,0.0,0.0,10,154.5,159.5,10,126.0,161.5,0.0,0.0,0.0,0.0,45
2023-05-11 09:21:55,PK311P9200,花生2311沽9200,126.0,0.0,0.0,0.0,10,154.5,158.5,10,126.0,161.5,0.0,0.0,0.0,0.0,45
2023-05-11 09:21:55,PK311P9200,花生2311沽9200,126.0,0.0,0.0,0.0,10,155.0,158.5,10,126.0,161.5,0.0,0.0,0.0,0.0,45
2023-05-11 09:21:56,PK311P9200,花生2311沽9200,126.0,0.0,0.0,0.0,10,155.0,159.5,10,126.0,161.5,0.0,0.0,0.0,0.0,45
2023-05-11 09:22:04,PK311P9200,花生2311沽9200,126.0,0.0,0.0,0.0,10,155.0,160.0,20,126.0,161.5,0.0,0.0,0.0,0.0,45
2023-05-11 09:22:08,PK311P9200,花生2311沽9200,126.0,0.0,0.0,0.0,20,155.0,160.0,10,126.0,161.5,0.0,0.0,0.0,0.0,45
2023-05-11 09:22:08,PK311P9200,花生2311沽9200,126.0,0.0,0.0,0.0,20,155.0,161.0,10,126.0,161.5,0.0,0.0,0.0,0.0,45
2023-05-11 09:22:15,PK311P9200,花生2311沽9200,126.0,0.0,0.0,0.0,20,156.5,161.0,10,126.0,161.5,0.0,0.0,0.0,0.0,45
2023-05-11 09:22:20,PK311P9200,花生2311沽9200,126.0,0.0,0.0,0.0,20,156.5,162.0,20,126.0,161.5,0.0,0.0,0.0,0.0,45
2023-05-11 09:22:23,PK311P9200,花生2311沽9200,126.0,0.0,0.0,0.0,10,156.5,161.0,20,126.0,161.5,0.0,0.0,0.0,0.0,45
2023-05-11 09:22:26,PK311P9200,花生2311沽9200,126.0,0.0,0.0,0.0,20,156.5,162.0,20,126.0,161.5,0.0,0.0,0.0,0.0,45
2023-05-11 09:22:29,PK311P9200,花生2311沽9200,126.0,0.0,0.0,0.0,10,158.0,162.0,10,126.0,161.5,0.0,0.0,0.0,0.0,45
2023-05-11 09:22:29,PK311P9200,花生2311沽9200,126.0,0.0,0.0,0.0,20,158.0,163.5,20,126.0,161.5,0.0,0.0,0.0,0.0,45
2023-05-11 09:22:32,PK311P9200,花生2311沽9200,126.0,0.0,0.0,0.0,20,158.0,163.5,10,126.0,161.5,0.0,0.0,0.0,0.0,45
2023-05-11 09:22:33,PK311P9200,花生2311沽9200,126.0,0.0,0.0,0.0,10,159.0,163.5,10,126.0,161.5,0.0,0.0,0.0,0.0,45
2023-05-11 09:22:33,PK311P9200,花生2311沽9200,126.0,0.0,0.0,0.0,10,159.5,163.5,10,126.0,161.5,0.0,0.0,0.0,0.0,45
2023-05-11 09:22:36,PK311P9200,花生2311沽9200,126.0,0.0,0.0,0.0,10,159.0,163.5,10,126.0,161.5,0.0,0.0,0.0,0.0,45
2023-05-11 09:22:44,PK311P9200,花生2311沽9200,126.0,0.0,0.0,0.0,10,160.0,163.5,10,126.0,161.5,0.0,0.0,0.0,0.0,45
2023-05-11 09:22:50,PK311P9200,花生2311沽9200,126.0,0.0,0.0,0.0,10,160.0,165.5,10,126.0,161.5,0.0,0.0,0.0,0.0,45
2023-05-11 09:22:57,PK311P9200,花生2311沽9200,126.0,0.0,0.0,0.0,10,161.5,165.5,10,126.0,161.5,0.0,0.0,0.0,0.0,45
2023-05-11 09:23:02,PK311P9200,花生2311沽9200,126.0,0.0,0.0,0.0,10,161.5,165.5,20,126.0,161.5,0.0,0.0,0.0,0.0,45
2023-05-11 09:23:06,PK311P9200,花生2311沽9200,126.0,0.0,0.0,0.0,10,161.5,166.5,20,126.0,161.5,0.0,0.0,0.0,0.0,45
2023-05-11 09:23:12,PK311P9200,花生2311沽9200,126.0,0.0,0.0,0.0,10,162.5,166.5,20,126.0,161.5,0.0,0.0,0.0,0.0,45
2023-05-11 09:23:17,PK311P9200,花生2311沽9200,126.0,0.0,0.0,0.0,20,162.5,168.0,20,126.0,161.5,0.0,0.0,0.0,0.0,45
2023-05-11 09:23:27,PK311P9200,花生2311沽9200,126.0,0.0,0.0,0.0,10,164.0,168.0,20,126.0,161.5,0.0,0.0,0.0,0.0,45
2023-05-11 09:23:31,PK311P9200,花生2311沽9200,126.0,0.0,0.0,0.0,10,162.5,168.0,20,126.0,161.5,0.0,0.0,0.0,0.0,45
2023-05-11 09:23:37,PK311P9200,花生2311沽9200,126.0,0.0,0.0,0.0,10,163.5,168.0,20,126.0,161.5,0.0,0.0,0.0,0.0,45
2023-05-11 09:23:42,PK311P9200,花生2311沽9200,126.0,0.0,0.0,0.0,20,163.5,168.0,10,126.0,161.5,0.0,0.0,0.0,0.0,45
2023-05-11 09:23:47,PK311P9200,花生2311沽9200,126.0,0.0,0.0,0.0,10,163.5,168.0,20,126.0,161.5,0.0,0.0,0.0,0.0,45
2023-05-11 09:23:53,PK311P9200,花生2311沽9200,126.0,0.0,0.0,0.0,20,163.5,168.5,10,126.0,161.5,0.0,0.0,0.0,0.0,45
2023-05-11 09:23:54,PK311P9200,花生2311沽9200,126.0,0.0,0.0,0.0,10,164.5,169.5,20,126.0,161.5,0.0,0.0,0.0,0.0,45
2023-05-11 09:23:54,PK311P9200,花生2311沽9200,126.0,0.0,0.0,0.0,10,164.5,169.0,10,126.0,161.5,0.0,0.0,0.0,0.0,45
2023-05-11 09:23:55,PK311P9200,花生2311沽9200,126.0,0.0,0.0,0.0,10,164.5,169.5,20,126.0,161.5,0.0,0.0,0.0,0.0,45
2023-05-11 09:23:56,PK311P9200,花生2311沽9200,126.0,0.0,0.0,0.0,10,164.5,169.5,30,126.0,161.5,0.0,0.0,0.0,0.0,45
2023-05-11 09:24:01,PK311P9200,花生2311沽9200,126.0,0.0,0.0,0.0,10,164.5,169.5,20,126.0,161.5,0.0,0.0,0.0,0.0,45
2023-05-11 09:24:05,PK311P9200,花生2311沽9200,126.0,0.0,0.0,0.0,10,163.0,168.0,10,126.0,161.5,0.0,0.0,0.0,0.0,45
2023-05-11 09:24:08,PK311P9200,花生2311沽9200,126.0,0.0,0.0,0.0,10,163.5,169.5,10,126.0,161.5,0.0,0.0,0.0,0.0,45
2023-05-11 09:24:17,PK311P9200,花生2311沽9200,126.0,0.0,0.0,0.0,10,165.0,170.5,20,126.0,161.5,0.0,0.0,0.0,0.0,45
2023-05-11 09:24:26,PK311P9200,花生2311沽9200,126.0,0.0,0.0,0.0,10,164.5,169.0,10,126.0,161.5,0.0,0.0,0.0,0.0,45
2023-05-11 09:24:26,PK311P9200,花生2311沽9200,126.0,0.0,0.0,0.0,20,164.5,170.5,20,126.0,161.5,0.0,0.0,0.0,0.0,45
2023-05-11 09:24:26,PK311P9200,花生2311沽9200,126.0,0.0,0.0,0.0,10,165.5,170.5,10,126.0,161.5,0.0,0.0,0.0,0.0,45
2023-05-11 09:24:27,PK311P9200,花生2311沽9200,126.0,0.0,0.0,0.0,10,165.5,170.5,20,126.0,161.5,0.0,0.0,0.0,0.0,45
2023-05-11 09:24:28,PK311P9200,花生2311沽9200,126.0,0.0,0.0,0.0,10,165.5,170.5,10,126.0,161.5,0.0,0.0,0.0,0.0,45
2023-05-11 09:24:54,PK311P9200,花生2311沽9200,126.0,0.0,0.0,0.0,10,166.0,171.0,10,126.0,161.5,0.0,0.0,0.0,0.0,45
2023-05-11 09:25:03,PK311P9200,花生2311沽9200,126.0,0.0,0.0,0.0,10,167.0,173.0,20,126.0,161.5,0.0,0.0,0.0,0.0,45
2023-05-11 09:25:07,PK311P9200,花生2311沽9200,126.0,0.0,0.0,0.0,20,167.0,173.0,20,126.0,161.5,0.0,0.0,0.0,0.0,45
2023-05-11 09:25:12,PK311P9200,花生2311沽9200,126.0,0.0,0.0,0.0,10,167.0,171.5,20,126.0,161.5,0.0,0.0,0.0,0.0,45
2023-05-11 09:25:15,PK311P9200,花生2311沽9200,126.0,0.0,0.0,0.0,20,167.0,173.0,20,126.0,161.5,0.0,0.0,0.0,0.0,45
2023-05-11 09:25:16,PK311P9200,花生2311沽9200,126.0,0.0,0.0,0.0,20,167.0,173.0,30,126.0,161.5,0.0,0.0,0.0,0.0,45
2023-05-11 09:25:21,PK311P9200,花生2311沽9200,126.0,0.0,0.0,0.0,10,167.0,171.5,10,126.0,161.5,0.0,0.0,0.0,0.0,45
2023-05-11 09:25:21,PK311P9200,花生2311沽9200,126.0,0.0,0.0,0.0,10,167.0,171.5,30,126.0,161.5,0.0,0.0,0.0,0.0,45
2023-05-11 09:25:22,PK311P9200,花生2311沽9200,126.0,0.0,0.0,0.0,10,166.0,171.5,30,126.0,161.5,0.0,0.0,0.0,0.0,45
2023-05-11 09:25:25,PK311P9200,花生2311沽9200,126.0,0.0,0.0,0.0,10,165.5,171.5,30,126.0,161.5,0.0,0.0,0.0,0.0,45
2023-05-11 09:25:29,PK311P9200,花生2311沽9200,126.0,0.0,0.0,0.0,10,167.0,173.5,10,126.0,161.5,0.0,0.0,0.0,0.0,45
2023-05-11 09:25:29,PK311P9200,花生2311沽9200,126.0,0.0,0.0,0.0,10,167.0,173.0,10,126.0,161.5,0.0,0.0,0.0,0.0,45
2023-05-11 09:25:31,PK311P9200,花生2311沽9200,126.0,0.0,0.0,0.0,10,167.0,173.5,20,126.0,161.5,0.0,0.0,0.0,0.0,45
2023-05-11 09:25:33,PK311P9200,花生2311沽9200,126.0,0.0,0.0,0.0,20,167.0,174.5,20,126.0,161.5,0.0,0.0,0.0,0.0,45
2023-05-11 09:25:34,PK311P9200,花生2311沽9200,126.0,0.0,0.0,0.0,20,167.0,174.5,10,126.0,161.5,0.0,0.0,0.0,0.0,45
2023-05-11 09:25:35,PK311P9200,花生2311沽9200,126.0,0.0,0.0,0.0,20,167.0,175.5,20,126.0,161.5,0.0,0.0,0.0,0.0,45
2023-05-11 09:25:36,PK311P9200,花生2311沽9200,126.0,0.0,0.0,0.0,20,167.0,175.5,10,126.0,161.5,0.0,0.0,0.0,0.0,45
2023-05-11 09:25:37,PK311P9200,花生2311沽9200,126.0,0.0,0.0,0.0,20,167.0,174.0,10,126.0,161.5,0.0,0.0,0.0,0.0,45
2023-05-11 09:25:39,PK311P9200,花生2311沽9200,126.0,0.0,0.0,0.0,10,167.0,173.5,10,126.0,161.5,0.0,0.0,0.0,0.0,45
2023-05-11 09:25:43,PK311P9200,花生2311沽9200,126.0,0.0,0.0,0.0,10,167.0,173.5,20,126.0,161.5,0.0,0.0,0.0,0.0,45
2023-05-11 09:25:45,PK311P9200,花生2311沽9200,126.0,0.0,0.0,0.0,10,167.0,173.5,10,126.0,161.5,0.0,0.0,0.0,0.0,45
2023-05-11 09:26:01,PK311P9200,花生2311沽9200,126.0,0.0,0.0,0.0,20,165.5,173.5,10,126.0,161.5,0.0,0.0,0.0,0.0,45
2023-05-11 09:26:04,PK311P9200,花生2311沽9200,126.0,0.0,0.0,0.0,20,165.5,173.5,20,126.0,161.5,0.0,0.0,0.0,0.0,45
2023-05-11 09:26:04,PK311P9200,花生2311沽9200,126.0,0.0,0.0,0.0,20,165.5,173.5,10,126.0,161.5,0.0,0.0,0.0,0.0,45
2023-05-11 09:26:05,PK311P9200,花生2311沽9200,126.0,0.0,0.0,0.0,20,165.5,173.5,20,126.0,161.5,0.0,0.0,0.0,0.0,45
2023-05-11 09:26:05,PK311P9200,花生2311沽9200,126.0,0.0,0.0,0.0,20,165.5,173.5,10,126.0,161.5,0.0,0.0,0.0,0.0,45
2023-05-11 09:26:07,PK311P9200,花生2311沽9200,126.0,0.0,0.0,0.0,20,165.5,173.5,20,126.0,161.5,0.0,0.0,0.0,0.0,45
2023-05-11 09:26:07,PK311P9200,花生2311沽9200,126.0,0.0,0.0,0.0,10,167.0,173.5,20,126.0,161.5,0.0,0.0,0.0,0.0,45
2023-05-11 09:26:21,PK311P9200,花生2311沽9200,126.0,0.0,0.0,0.0,13,167.0,173.5,23,126.0,161.5,0.0,0.0,0.0,0.0,45
2023-05-11 09:26:39,PK311P9200,花生2311沽9200,126.0,0.0,0.0,0.0,13,167.0,173.5,13,126.0,161.5,0.0,0.0,0.0,0.0,45
2023-05-11 09:26:40,PK311P9200,花生2311沽9200,126.0,0.0,0.0,0.0,10,167.5,173.5,13,126.0,161.5,0.0,0.0,0.0,0.0,45
2023-05-11 09:26:40,PK311P9200,花生2311沽9200,126.0,0.0,0.0,0.0,10,167.5,173.5,10,126.0,161.5,0.0,0.0,0.0,0.0,45
2023-05-11 09:26:41,PK311P9200,花生2311沽9200,126.0,0.0,0.0,0.0,10,167.5,173.5,20,126.0,161.5,0.0,0.0,0.0,0.0,45
2023-05-11 09:26:42,PK311P9200,花生2311沽9200,126.0,0.0,0.0,0.0,13,167.5,173.5,23,126.0,161.5,0.0,0.0,0.0,0.0,45
2023-05-11 09:26:56,PK311P9200,花生2311沽9200,126.0,0.0,0.0,0.0,3,167.5,173.5,23,126.0,161.5,0.0,0.0,0.0,0.0,45
2023-05-11 09:26:56,PK311P9200,花生2311沽9200,126.0,0.0,0.0,0.0,10,165.5,173.5,20,126.0,161.5,0.0,0.0,0.0,0.0,45
2023-05-11 09:26:58,PK311P9200,花生2311沽9200,126.0,0.0,0.0,0.0,13,165.5,173.5,23,126.0,161.5,0.0,0.0,0.0,0.0,45
2023-05-11 09:27:00,PK311P9200,花生2311沽9200,126.0,0.0,0.0,0.0,13,167.5,173.5,13,126.0,161.5,0.0,0.0,0.0,0.0,45
2023-05-11 09:27:00,PK311P9200,花生2311沽9200,126.0,0.0,0.0,0.0,10,167.5,173.5,10,126.0,161.5,0.0,0.0,0.0,0.0,45
2023-05-11 09:27:00,PK311P9200,花生2311沽9200,126.0,0.0,0.0,0.0,10,167.5,175.0,20,126.0,161.5,0.0,0.0,0.0,0.0,45
2023-05-11 09:27:03,PK311P9200,花生2311沽9200,126.0,0.0,0.0,0.0,20,166.0,174.0,30,126.0,161.5,0.0,0.0,0.0,0.0,45
2023-05-11 09:27:27,PK311P9200,花生2311沽9200,126.0,0.0,0.0,0.0,20,165.0,172.0,20,126.0,161.5,0.0,0.0,0.0,0.0,45
2023-05-11 09:27:29,PK311P9200,花生2311沽9200,126.0,0.0,0.0,0.0,20,165.0,172.0,40,126.0,161.5,0.0,0.0,0.0,0.0,45
2023-05-11 09:27:29,PK311P9200,花生2311沽9200,126.0,0.0,0.0,0.0,20,165.0,172.0,30,126.0,161.5,0.0,0.0,0.0,0.0,45
2023-05-11 09:27:31,PK311P9200,花生2311沽9200,126.0,0.0,0.0,0.0,20,165.0,172.0,40,126.0,161.5,0.0,0.0,0.0,0.0,45
2023-05-11 09:27:38,PK311P9200,花生2311沽9200,126.0,0.0,0.0,0.0,10,165.0,172.0,40,126.0,161.5,0.0,0.0,0.0,0.0,45
2023-05-11 09:27:38,PK311P9200,花生2311沽9200,126.0,0.0,0.0,0.0,10,164.5,170.0,10,126.0,161.5,0.0,0.0,0.0,0.0,45
2023-05-11 09:27:39,PK311P9200,花生2311沽9200,126.0,0.0,0.0,0.0,20,164.5,170.0,30,126.0,161.5,0.0,0.0,0.0,0.0,45
2023-05-11 09:27:41,PK311P9200,花生2311沽9200,126.0,0.0,0.0,0.0,20,164.5,170.0,20,126.0,161.5,0.0,0.0,0.0,0.0,45
2023-05-11 09:27:41,PK311P9200,花生2311沽9200,126.0,0.0,0.0,0.0,20,164.5,170.0,30,126.0,161.5,0.0,0.0,0.0,0.0,45
2023-05-11 09:27:45,PK311P9200,花生2311沽9200,126.0,0.0,0.0,0.0,20,165.5,170.0,20,126.0,161.5,0.0,0.0,0.0,0.0,45
2023-05-11 09:28:00,PK311P9200,花生2311沽9200,126.0,0.0,0.0,0.0,20,165.5,170.0,10,126.0,161.5,0.0,0.0,0.0,0.0,45
2023-05-11 09:28:01,PK311P9200,花生2311沽9200,126.0,0.0,0.0,0.0,20,165.5,170.5,20,126.0,161.5,0.0,0.0,0.0,0.0,45
2023-05-11 09:28:03,PK311P9200,花生2311沽9200,126.0,0.0,0.0,0.0,10,165.5,170.5,20,126.0,161.5,0.0,0.0,0.0,0.0,45
2023-05-11 09:28:04,PK311P9200,花生2311沽9200,126.0,0.0,0.0,0.0,20,164.0,170.5,20,126.0,161.5,0.0,0.0,0.0,0.0,45
2023-05-11 09:28:07,PK311P9200,花生2311沽9200,126.0,0.0,0.0,0.0,10,162.5,170.5,10,126.0,161.5,0.0,0.0,0.0,0.0,45
2023-05-11 09:28:09,PK311P9200,花生2311沽9200,126.0,0.0,0.0,0.0,20,162.5,170.5,20,126.0,161.5,0.0,0.0,0.0,0.0,45
2023-05-11 09:28:16,PK311P9200,花生2311沽9200,126.0,0.0,0.0,0.0,20,162.5,170.5,10,126.0,161.5,0.0,0.0,0.0,0.0,45
2023-05-11 09:28:16,PK311P9200,花生2311沽9200,126.0,0.0,0.0,0.0,20,162.5,171.0,30,126.0,161.5,0.0,0.0,0.0,0.0,45
2023-05-11 09:28:38,PK311P9200,花生2311沽9200,126.0,0.0,0.0,0.0,10,162.5,171.0,30,126.0,161.5,0.0,0.0,0.0,0.0,45
2023-05-11 09:28:38,PK311P9200,花生2311沽9200,126.0,0.0,0.0,0.0,30,162.0,171.0,30,126.0,161.5,0.0,0.0,0.0,0.0,45
2023-05-11 09:28:54,PK311P9200,花生2311沽9200,126.0,0.0,0.0,0.0,10,162.0,171.0,40,126.0,161.5,0.0,0.0,0.0,0.0,45
2023-05-11 09:28:54,PK311P9200,花生2311沽9200,126.0,0.0,0.0,0.0,20,161.5,171.0,40,126.0,161.5,0.0,0.0,0.0,0.0,45
2023-05-11 09:29:16,PK311P9200,花生2311沽9200,161.5,6.0,969.0,0.0,10,161.5,171.0,30,126.0,161.5,161.5,161.5,6.0,969.0,45
2023-05-11 09:29:17,PK311P9200,花生2311沽9200,161.5,0.0,0.0,0.0,20,160.5,171.0,30,126.0,161.5,161.5,161.5,6.0,969.0,45
2023-05-11 09:29:29,PK311P9200,花生2311沽9200,160.5,7.0,1124.0,7.0,20,159.5,171.0,30,126.0,161.5,161.5,160.5,13.0,2093.0,52
2023-05-11 09:29:40,PK311P9200,花生2311沽9200,160.5,0.0,0.0,0.0,20,159.5,170.0,10,126.0,161.5,161.5,160.5,13.0,2093.0,52
2023-05-11 09:29:40,PK311P9200,花生2311沽9200,160.5,0.0,0.0,0.0,20,159.5,170.0,20,126.0,161.5,161.5,160.5,13.0,2093.0,52
2023-05-11 09:29:50,PK311P9200,花生2311沽9200,160.5,0.0,0.0,0.0,20,159.5,170.0,10,126.0,161.5,161.5,160.5,13.0,2093.0,52
2023-05-11 09:29:58,PK311P9200,花生2311沽9200,160.5,0.0,0.0,0.0,20,159.5,170.0,20,126.0,161.5,161.5,160.5,13.0,2093.0,52
2023-05-11 09:29:59,PK311P9200,花生2311沽9200,160.5,0.0,0.0,0.0,30,159.5,167.5,10,126.0,161.5,161.5,160.5,13.0,2093.0,52
2023-05-11 09:29:59,PK311P9200,花生2311沽9200,160.5,0.0,0.0,0.0,30,159.5,167.5,30,126.0,161.5,161.5,160.5,13.0,2093.0,52
2023-05-11 09:30:04,PK311P9200,花生2311沽9200,160.5,0.0,0.0,0.0,30,159.5,167.5,20,126.0,161.5,161.5,160.5,13.0,2093.0,52
2023-05-11 09:30:04,PK311P9200,花生2311沽9200,160.5,0.0,0.0,0.0,30,159.5,167.5,30,126.0,161.5,161.5,160.5,13.0,2093.0,52
2023-05-11 09:30:05,PK311P9200,花生2311沽9200,167.5,30.0,5023.5,30.0,20,159.5,171.5,20,126.0,161.5,167.5,160.5,43.0,7116.5,82
2023-05-11 09:30:05,PK311P9200,花生2311沽9200,167.5,0.0,0.0,0.0,20,159.5,167.5,10,126.0,161.5,167.5,160.5,43.0,7116.5,82
2023-05-11 09:30:07,PK311P9200,花生2311沽9200,167.5,0.0,0.0,0.0,20,159.0,167.5,10,126.0,161.5,167.5,160.5,43.0,7116.5,82
2023-05-11 09:30:10,PK311P9200,花生2311沽9200,167.5,10.0,1681.5,10.0,20,157.0,168.0,30,126.0,161.5,167.5,160.5,53.0,8798.0,92
2023-05-11 09:30:10,PK311P9200,花生2311沽9200,167.5,0.0,0.0,0.0,10,159.0,168.0,40,126.0,161.5,167.5,160.5,53.0,8798.0,92
2023-05-11 09:30:13,PK311P9200,花生2311沽9200,167.5,0.0,0.0,0.0,10,159.0,168.0,30,126.0,161.5,167.5,160.5,53.0,8798.0,92
2023-05-11 09:30:15,PK311P9200,花生2311沽9200,167.5,0.0,0.0,0.0,10,159.0,168.0,40,126.0,161.5,167.5,160.5,53.0,8798.0,92
2023-05-11 09:30:18,PK311P9200,花生2311沽9200,167.5,0.0,0.0,0.0,10,159.0,168.0,30,126.0,161.5,167.5,160.5,53.0,8798.0,92
2023-05-11 09:30:18,PK311P9200,花生2311沽9200,167.5,0.0,0.0,0.0,10,159.0,168.0,40,126.0,161.5,167.5,160.5,53.0,8798.0,92
2023-05-11 09:30:59,PK311P9200,花生2311沽9200,167.5,0.0,0.0,0.0,10,159.0,168.0,30,126.0,161.5,167.5,160.5,53.0,8798.0,92
2023-05-11 09:31:00,PK311P9200,花生2311沽9200,167.5,0.0,0.0,0.0,20,158.0,166.0,30,126.0,161.5,167.5,160.5,53.0,8798.0,92
2023-05-11 09:31:19,PK311P9200,花生2311沽9200,167.5,0.0,0.0,0.0,10,158.0,166.0,20,126.0,161.5,167.5,160.5,53.0,8798.0,92
2023-05-11 09:31:22,PK311P9200,花生2311沽9200,167.5,0.0,0.0,0.0,10,157.5,166.0,10,126.0,161.5,167.5,160.5,53.0,8798.0,92
2023-05-11 09:31:23,PK311P9200,花生2311沽9200,167.5,0.0,0.0,0.0,10,155.5,166.5,10,126.0,161.5,167.5,160.5,53.0,8798.0,92
2023-05-11 09:31:23,PK311P9200,花生2311沽9200,167.5,0.0,0.0,0.0,20,155.5,167.0,10,126.0,161.5,167.5,160.5,53.0,8798.0,92
2023-05-11 09:31:24,PK311P9200,花生2311沽9200,167.5,0.0,0.0,0.0,20,155.5,167.5,20,126.0,161.5,167.5,160.5,53.0,8798.0,92
2023-05-11 09:31:28,PK311P9200,花生2311沽9200,167.5,0.0,0.0,0.0,20,155.5,167.5,30,126.0,161.5,167.5,160.5,53.0,8798.0,92
2023-05-11 09:31:28,PK311P9200,花生2311沽9200,167.5,0.0,0.0,0.0,10,155.5,167.5,20,126.0,161.5,167.5,160.5,53.0,8798.0,92
2023-05-11 09:31:29,PK311P9200,花生2311沽9200,167.5,0.0,0.0,0.0,10,155.5,167.5,30,126.0,161.5,167.5,160.5,53.0,8798.0,92
2023-05-11 09:31:36,PK311P9200,花生2311沽9200,167.5,0.0,0.0,0.0,10,155.5,167.5,20,126.0,161.5,167.5,160.5,53.0,8798.0,92
2023-05-11 09:31:39,PK311P9200,花生2311沽9200,167.5,0.0,0.0,0.0,10,159.0,165.5,10,126.0,161.5,167.5,160.5,53.0,8798.0,92
2023-05-11 09:31:39,PK311P9200,花生2311沽9200,167.5,0.0,0.0,0.0,10,159.0,165.5,20,126.0,161.5,167.5,160.5,53.0,8798.0,92
2023-05-11 09:31:40,PK311P9200,花生2311沽9200,167.5,0.0,0.0,0.0,10,158.5,164.5,10,126.0,161.5,167.5,160.5,53.0,8798.0,92
2023-05-11 09:31:41,PK311P9200,花生2311沽9200,167.5,0.0,0.0,0.0,10,155.5,164.5,10,126.0,161.5,167.5,160.5,53.0,8798.0,92
2023-05-11 09:31:41,PK311P9200,花生2311沽9200,167.5,0.0,0.0,0.0,10,155.5,166.5,10,126.0,161.5,167.5,160.5,53.0,8798.0,92
2023-05-11 09:31:42,PK311P9200,花生2311沽9200,167.5,0.0,0.0,0.0,10,153.0,161.5,10,126.0,161.5,167.5,160.5,53.0,8798.0,92
2023-05-11 09:31:44,PK311P9200,花生2311沽9200,167.5,0.0,0.0,0.0,20,152.5,161.5,10,126.0,161.5,167.5,160.5,53.0,8798.0,92
2023-05-11 09:31:50,PK311P9200,花生2311沽9200,167.5,0.0,0.0,0.0,10,152.5,161.5,10,126.0,161.5,167.5,160.5,53.0,8798.0,92
2023-05-11 09:32:13,PK311P9200,花生2311沽9200,167.5,0.0,0.0,0.0,20,152.5,161.5,20,126.0,161.5,167.5,160.5,53.0,8798.0,92
2023-05-11 09:32:19,PK311P9200,花生2311沽9200,167.5,0.0,0.0,0.0,10,153.0,161.0,10,126.0,161.5,167.5,160.5,53.0,8798.0,92
2023-05-11 09:32:22,PK311P9200,花生2311沽9200,167.5,0.0,0.0,0.0,30,152.5,161.0,10,126.0,161.5,167.5,160.5,53.0,8798.0,92
2023-05-11 09:32:30,PK311P9200,花生2311沽9200,167.5,0.0,0.0,0.0,20,152.5,161.0,10,126.0,161.5,167.5,160.5,53.0,8798.0,92
2023-05-11 09:32:32,PK311P9200,花生2311沽9200,167.5,0.0,0.0,0.0,20,152.5,161.0,20,126.0,161.5,167.5,160.5,53.0,8798.0,92
2023-05-11 09:32:47,PK311P9200,花生2311沽9200,167.5,0.0,0.0,0.0,20,152.5,160.0,10,126.0,161.5,167.5,160.5,53.0,8798.0,92
2023-05-11 09:32:47,PK311P9200,花生2311沽9200,167.5,0.0,0.0,0.0,20,152.5,160.0,20,126.0,161.5,167.5,160.5,53.0,8798.0,92
2023-05-11 09:32:55,PK311P9200,花生2311沽9200,167.5,0.0,0.0,0.0,30,152.0,160.0,20,126.0,161.5,167.5,160.5,53.0,8798.0,92
2023-05-11 09:33:02,PK311P9200,花生2311沽9200,167.5,0.0,0.0,0.0,20,152.0,159.0,20,126.0,161.5,167.5,160.5,53.0,8798.0,92
2023-05-11 09:33:03,PK311P9200,花生2311沽9200,167.5,0.0,0.0,0.0,20,152.0,156.5,10,126.0,161.5,167.5,160.5,53.0,8798.0,92
2023-05-11 09:33:08,PK311P9200,花生2311沽9200,167.5,0.0,0.0,0.0,20,148.5,154.0,10,126.0,161.5,167.5,160.5,53.0,8798.0,92
2023-05-11 09:33:09,PK311P9200,花生2311沽9200,167.5,0.0,0.0,0.0,30,148.5,154.0,10,126.0,161.5,167.5,160.5,53.0,8798.0,92
2023-05-11 09:33:10,PK311P9200,花生2311沽9200,167.5,0.0,0.0,0.0,10,147.5,154.0,10,126.0,161.5,167.5,160.5,53.0,8798.0,92
2023-05-11 09:33:11,PK311P9200,花生2311沽9200,167.5,0.0,0.0,0.0,10,147.0,154.0,10,126.0,161.5,167.5,160.5,53.0,8798.0,92
2023-05-11 09:33:12,PK311P9200,花生2311沽9200,167.5,0.0,0.0,0.0,20,147.0,154.0,10,126.0,161.5,167.5,160.5,53.0,8798.0,92
2023-05-11 09:33:18,PK311P9200,花生2311沽9200,167.5,0.0,0.0,0.0,20,147.0,154.0,20,126.0,161.5,167.5,160.5,53.0,8798.0,92
2023-05-11 09:33:18,PK311P9200,花生2311沽9200,167.5,0.0,0.0,0.0,20,145.5,154.0,20,126.0,161.5,167.5,160.5,53.0,8798.0,92
2023-05-11 09:33:19,PK311P9200,花生2311沽9200,167.5,0.0,0.0,0.0,20,145.5,154.0,30,126.0,161.5,167.5,160.5,53.0,8798.0,92
2023-05-11 09:33:21,PK311P9200,花生2311沽9200,167.5,0.0,0.0,0.0,10,145.5,153.5,10,126.0,161.5,167.5,160.5,53.0,8798.0,92
2023-05-11 09:33:21,PK311P9200,花生2311沽9200,167.5,0.0,0.0,0.0,20,145.0,153.5,20,126.0,161.5,167.5,160.5,53.0,8798.0,92
2023-05-11 09:33:25,PK311P9200,花生2311沽9200,167.5,0.0,0.0,0.0,20,145.0,152.5,10,126.0,161.5,167.5,160.5,53.0,8798.0,92
2023-05-11 09:33:27,PK311P9200,花生2311沽9200,167.5,0.0,0.0,0.0,20,145.0,152.5,20,126.0,161.5,167.5,160.5,53.0,8798.0,92
2023-05-11 09:33:31,PK311P9200,花生2311沽9200,167.5,0.0,0.0,0.0,20,145.0,152.5,30,126.0,161.5,167.5,160.5,53.0,8798.0,92
2023-05-11 09:33:35,PK311P9200,花生2311沽9200,167.5,0.0,0.0,0.0,20,145.0,152.5,20,126.0,161.5,167.5,160.5,53.0,8798.0,92
2023-05-11 09:33:37,PK311P9200,花生2311沽9200,167.5,0.0,0.0,0.0,20,145.0,152.5,30,126.0,161.5,167.5,160.5,53.0,8798.0,92
2023-05-11 09:33:38,PK311P9200,花生2311沽9200,167.5,0.0,0.0,0.0,30,145.0,152.5,30,126.0,161.5,167.5,160.5,53.0,8798.0,92
2023-05-11 09:33:42,PK311P9200,花生2311沽9200,167.5,0.0,0.0,0.0,20,145.0,152.5,30,126.0,161.5,167.5,160.5,53.0,8798.0,92
2023-05-11 09:33:43,PK311P9200,花生2311沽9200,167.5,0.0,0.0,0.0,30,145.0,152.5,30,126.0,161.5,167.5,160.5,53.0,8798.0,92
2023-05-11 09:33:46,PK311P9200,花生2311沽9200,167.5,0.0,0.0,0.0,20,145.0,152.5,30,126.0,161.5,167.5,160.5,53.0,8798.0,92
2023-05-11 09:33:47,PK311P9200,花生2311沽9200,167.5,0.0,0.0,0.0,20,145.0,151.0,20,126.0,161.5,167.5,160.5,53.0,8798.0,92
2023-05-11 09:33:47,PK311P9200,花生2311沽9200,167.5,0.0,0.0,0.0,20,145.0,150.0,10,126.0,161.5,167.5,160.5,53.0,8798.0,92
2023-05-11 09:33:52,PK311P9200,花生2311沽9200,167.5,0.0,0.0,0.0,20,145.0,149.5,20,126.0,161.5,167.5,160.5,53.0,8798.0,92
2023-05-11 09:34:00,PK311P9200,花生2311沽9200,167.5,0.0,0.0,0.0,20,145.0,148.5,20,126.0,161.5,167.5,160.5,53.0,8798.0,92
2023-05-11 09:34:01,PK311P9200,花生2311沽9200,167.5,0.0,0.0,0.0,20,145.0,147.5,20,126.0,161.5,167.5,160.5,53.0,8798.0,92
2023-05-11 09:34:01,PK311P9200,花生2311沽9200,167.5,0.0,0.0,0.0,10,145.0,147.5,20,126.0,161.5,167.5,160.5,53.0,8798.0,92
2023-05-11 09:34:01,PK311P9200,花生2311沽9200,167.5,0.0,0.0,0.0,10,144.0,147.5,20,126.0,161.5,167.5,160.5,53.0,8798.0,92
2023-05-11 09:34:02,PK311P9200,花生2311沽9200,167.5,0.0,0.0,0.0,20,142.5,147.0,10,126.0,161.5,167.5,160.5,53.0,8798.0,92
2023-05-11 09:34:02,PK311P9200,花生2311沽9200,167.5,0.0,0.0,0.0,10,142.0,144.5,10,126.0,161.5,167.5,160.5,53.0,8798.0,92
2023-05-11 09:34:03,PK311P9200,花生2311沽9200,144.5,10.0,1439.5,10.0,30,138.0,147.0,10,126.0,161.5,167.5,144.5,63.0,10237.5,102
2023-05-11 09:34:03,PK311P9200,花生2311沽9200,144.5,0.0,0.0,0.0,10,139.5,147.0,20,126.0,161.5,167.5,144.5,63.0,10237.5,102
2023-05-11 09:34:05,PK311P9200,花生2311沽9200,144.5,0.0,0.0,0.0,20,139.5,147.0,20,126.0,161.5,167.5,144.5,63.0,10237.5,102
2023-05-11 09:34:08,PK311P9200,花生2311沽9200,144.5,0.0,0.0,0.0,20,139.5,146.5,10,126.0,161.5,167.5,144.5,63.0,10237.5,102
2023-05-11 09:34:08,PK311P9200,花生2311沽9200,146.5,10.0,1479.0,10.0,20,139.5,147.0,20,126.0,161.5,167.5,144.5,73.0,11716.5,112
2023-05-11 09:34:08,PK311P9200,花生2311沽9200,146.5,0.0,0.0,0.0,10,139.5,145.5,10,126.0,161.5,167.5,144.5,73.0,11716.5,112
2023-05-11 09:34:09,PK311P9200,花生2311沽9200,146.5,0.0,0.0,0.0,10,138.0,145.5,20,126.0,161.5,167.5,144.5,73.0,11716.5,112
2023-05-11 09:34:09,PK311P9200,花生2311沽9200,146.5,0.0,0.0,0.0,10,137.5,145.5,30,126.0,161.5,167.5,144.5,73.0,11716.5,112
2023-05-11 09:34:10,PK311P9200,花生2311沽9200,146.5,0.0,0.0,0.0,20,137.5,145.5,30,126.0,161.5,167.5,144.5,73.0,11716.5,112
2023-05-11 09:34:11,PK311P9200,花生2311沽9200,146.5,0.0,0.0,0.0,20,137.0,145.5,30,126.0,161.5,167.5,144.5,73.0,11716.5,112
2023-05-11 09:34:11,PK311P9200,花生2311沽9200,146.5,0.0,0.0,0.0,10,136.0,144.5,10,126.0,161.5,167.5,144.5,73.0,11716.5,112
2023-05-11 09:34:12,PK311P9200,花生2311沽9200,146.5,0.0,0.0,0.0,20,136.0,144.5,10,126.0,161.5,167.5,144.5,73.0,11716.5,112
2023-05-11 09:34:13,PK311P9200,花生2311沽9200,146.5,0.0,0.0,0.0,10,136.0,144.5,10,126.0,161.5,167.5,144.5,73.0,11716.5,112
2023-05-11 09:34:14,PK311P9200,花生2311沽9200,146.5,0.0,0.0,0.0,30,135.5,144.5,10,126.0,161.5,167.5,144.5,73.0,11716.5,112
2023-05-11 09:34:15,PK311P9200,花生2311沽9200,146.5,0.0,0.0,0.0,20,135.5,144.5,10,126.0,161.5,167.5,144.5,73.0,11716.5,112
2023-05-11 09:34:16,PK311P9200,花生2311沽9200,146.5,0.0,0.0,0.0,20,135.5,143.0,10,126.0,161.5,167.5,144.5,73.0,11716.5,112
2023-05-11 09:34:40,PK311P9200,花生2311沽9200,146.5,0.0,0.0,0.0,20,135.5,143.0,20,126.0,161.5,167.5,144.5,73.0,11716.5,112
2023-05-11 09:34:52,PK311P9200,花生2311沽9200,146.5,0.0,0.0,0.0,20,135.5,142.0,10,126.0,161.5,167.5,144.5,73.0,11716.5,112
2023-05-11 09:34:56,PK311P9200,花生2311沽9200,146.5,0.0,0.0,0.0,20,135.5,142.0,20,126.0,161.5,167.5,144.5,73.0,11716.5,112
2023-05-11 09:34:57,PK311P9200,花生2311沽9200,146.5,0.0,0.0,0.0,20,135.5,142.0,10,126.0,161.5,167.5,144.5,73.0,11716.5,112
2023-05-11 09:35:01,PK311P9200,花生2311沽9200,146.5,0.0,0.0,0.0,20,135.5,143.0,20,126.0,161.5,167.5,144.5,73.0,11716.5,112
2023-05-11 09:35:03,PK311P9200,花生2311沽9200,146.5,0.0,0.0,0.0,20,135.5,143.0,10,126.0,161.5,167.5,144.5,73.0,11716.5,112
2023-05-11 09:35:06,PK311P9200,花生2311沽9200,146.5,0.0,0.0,0.0,20,135.5,142.0,10,126.0,161.5,167.5,144.5,73.0,11716.5,112
2023-05-11 09:35:08,PK311P9200,花生2311沽9200,146.5,0.0,0.0,0.0,10,136.5,142.0,10,126.0,161.5,167.5,144.5,73.0,11716.5,112
2023-05-11 09:35:08,PK311P9200,花生2311沽9200,146.5,0.0,0.0,0.0,20,136.5,142.0,10,126.0,161.5,167.5,144.5,73.0,11716.5,112
2023-05-11 09:35:10,PK311P9200,花生2311沽9200,146.5,0.0,0.0,0.0,30,136.5,142.0,10,126.0,161.5,167.5,144.5,73.0,11716.5,112
2023-05-11 09:35:12,PK311P9200,花生2311沽9200,146.5,0.0,0.0,0.0,20,136.5,142.0,10,126.0,161.5,167.5,144.5,73.0,11716.5,112
2023-05-11 09:35:12,PK311P9200,花生2311沽9200,146.5,0.0,0.0,0.0,30,136.5,142.0,10,126.0,161.5,167.5,144.5,73.0,11716.5,112
2023-05-11 09:35:13,PK311P9200,花生2311沽9200,146.5,0.0,0.0,0.0,20,136.5,142.0,10,126.0,161.5,167.5,144.5,73.0,11716.5,112
2023-05-11 09:35:14,PK311P9200,花生2311沽9200,146.5,0.0,0.0,0.0,30,136.5,142.0,10,126.0,161.5,167.5,144.5,73.0,11716.5,112
2023-05-11 09:35:14,PK311P9200,花生2311沽9200,146.5,0.0,0.0,0.0,20,136.5,142.0,10,126.0,161.5,167.5,144.5,73.0,11716.5,112
2023-05-11 09:35:15,PK311P9200,花生2311沽9200,146.5,0.0,0.0,0.0,30,136.5,142.0,10,126.0,161.5,167.5,144.5,73.0,11716.5,112
2023-05-11 09:35:38,PK311P9200,花生2311沽9200,146.5,0.0,0.0,0.0,30,136.5,143.0,10,126.0,161.5,167.5,144.5,73.0,11716.5,112
2023-05-11 09:35:47,PK311P9200,花生2311沽9200,146.5,0.0,0.0,0.0,20,136.5,143.0,10,126.0,161.5,167.5,144.5,73.0,11716.5,112
2023-05-11 09:35:48,PK311P9200,花生2311沽9200,146.5,0.0,0.0,0.0,30,136.5,143.0,10,126.0,161.5,167.5,144.5,73.0,11716.5,112
2023-05-11 09:35:48,PK311P9200,花生2311沽9200,146.5,0.0,0.0,0.0,20,136.5,143.0,10,126.0,161.5,167.5,144.5,73.0,11716.5,112
2023-05-11 09:35:54,PK311P9200,花生2311沽9200,146.5,0.0,0.0,0.0,30,136.5,143.0,10,126.0,161.5,167.5,144.5,73.0,11716.5,112
2023-05-11 09:35:55,PK311P9200,花生2311沽9200,146.5,0.0,0.0,0.0,30,136.5,142.0,10,126.0,161.5,167.5,144.5,73.0,11716.5,112
2023-05-11 09:35:58,PK311P9200,花生2311沽9200,146.5,0.0,0.0,0.0,20,136.5,142.0,10,126.0,161.5,167.5,144.5,73.0,11716.5,112
2023-05-11 09:35:58,PK311P9200,花生2311沽9200,146.5,0.0,0.0,0.0,20,136.5,145.0,10,126.0,161.5,167.5,144.5,73.0,11716.5,112
2023-05-11 09:35:59,PK311P9200,花生2311沽9200,146.5,0.0,0.0,0.0,20,136.5,143.0,10,126.0,161.5,167.5,144.5,73.0,11716.5,112
2023-05-11 09:36:24,PK311P9200,花生2311沽9200,146.5,0.0,0.0,0.0,10,138.0,143.0,10,126.0,161.5,167.5,144.5,73.0,11716.5,112
2023-05-11 09:36:28,PK311P9200,花生2311沽9200,146.5,0.0,0.0,0.0,20,138.0,143.0,10,126.0,161.5,167.5,144.5,73.0,11716.5,112
2023-05-11 09:36:32,PK311P9200,花生2311沽9200,146.5,0.0,0.0,0.0,10,140.0,143.0,10,126.0,161.5,167.5,144.5,73.0,11716.5,112
2023-05-11 09:36:32,PK311P9200,花生2311沽9200,146.5,0.0,0.0,0.0,10,138.5,143.0,10,126.0,161.5,167.5,144.5,73.0,11716.5,112
2023-05-11 09:36:34,PK311P9200,花生2311沽9200,146.5,0.0,0.0,0.0,10,137.5,143.0,10,126.0,161.5,167.5,144.5,73.0,11716.5,112
2023-05-11 09:36:41,PK311P9200,花生2311沽9200,146.5,0.0,0.0,0.0,10,138.5,143.0,10,126.0,161.5,167.5,144.5,73.0,11716.5,112
2023-05-11 09:36:54,PK311P9200,花生2311沽9200,146.5,0.0,0.0,0.0,10,137.5,143.0,10,126.0,161.5,167.5,144.5,73.0,11716.5,112
2023-05-11 09:36:57,PK311P9200,花生2311沽9200,146.5,0.0,0.0,0.0,20,137.5,143.0,10,126.0,161.5,167.5,144.5,73.0,11716.5,112
2023-05-11 09:37:01,PK311P9200,花生2311沽9200,146.5,0.0,0.0,0.0,10,137.5,143.0,10,126.0,161.5,167.5,144.5,73.0,11716.5,112
2023-05-11 09:37:05,PK311P9200,花生2311沽9200,146.5,0.0,0.0,0.0,30,136.0,143.0,10,126.0,161.5,167.5,144.5,73.0,11716.5,112
2023-05-11 09:37:06,PK311P9200,花生2311沽9200,146.5,0.0,0.0,0.0,20,136.0,143.0,10,126.0,161.5,167.5,144.5,73.0,11716.5,112
2023-05-11 09:37:09,PK311P9200,花生2311沽9200,146.5,0.0,0.0,0.0,30,136.0,143.0,10,126.0,161.5,167.5,144.5,73.0,11716.5,112
2023-05-11 09:37:12,PK311P9200,花生2311沽9200,146.5,0.0,0.0,0.0,20,136.0,143.0,10,126.0,161.5,167.5,144.5,73.0,11716.5,112
2023-05-11 09:37:13,PK311P9200,花生2311沽9200,146.5,0.0,0.0,0.0,30,136.0,143.0,10,126.0,161.5,167.5,144.5,73.0,11716.5,112
2023-05-11 09:37:17,PK311P9200,花生2311沽9200,146.5,0.0,0.0,0.0,20,136.0,143.0,10,126.0,161.5,167.5,144.5,73.0,11716.5,112
2023-05-11 09:37:42,PK311P9200,花生2311沽9200,146.5,0.0,0.0,0.0,20,137.5,143.0,10,126.0,161.5,167.5,144.5,73.0,11716.5,112
2023-05-11 09:38:06,PK311P9200,花生2311沽9200,146.5,0.0,0.0,0.0,10,138.5,143.0,10,126.0,161.5,167.5,144.5,73.0,11716.5,112
2023-05-11 09:38:42,PK311P9200,花生2311沽9200,146.5,0.0,0.0,0.0,20,138.5,143.0,10,126.0,161.5,167.5,144.5,73.0,11716.5,112
2023-05-11 09:38:42,PK311P9200,花生2311沽9200,146.5,0.0,0.0,0.0,10,138.5,143.0,10,126.0,161.5,167.5,144.5,73.0,11716.5,112
2023-05-11 09:38:42,PK311P9200,花生2311沽9200,146.5,0.0,0.0,0.0,10,139.5,143.0,10,126.0,161.5,167.5,144.5,73.0,11716.5,112
2023-05-11 09:38:49,PK311P9200,花生2311沽9200,146.5,0.0,0.0,0.0,10,141.5,143.0,10,126.0,161.5,167.5,144.5,73.0,11716.5,112
2023-05-11 09:38:58,PK311P9200,花生2311沽9200,146.5,0.0,0.0,0.0,10,141.5,143.5,10,126.0,161.5,167.5,144.5,73.0,11716.5,112
2023-05-11 09:40:04,PK311P9200,花生2311沽9200,146.5,0.0,0.0,0.0,10,141.5,144.0,10,126.0,161.5,167.5,144.5,73.0,11716.5,112
2023-05-11 09:40:05,PK311P9200,花生2311沽9200,146.5,0.0,0.0,0.0,10,141.5,144.5,10,126.0,161.5,167.5,144.5,73.0,11716.5,112
2023-05-11 09:40:05,PK311P9200,花生2311沽9200,146.5,0.0,0.0,0.0,10,141.5,145.5,20,126.0,161.5,167.5,144.5,73.0,11716.5,112
2023-05-11 09:40:05,PK311P9200,花生2311沽9200,146.5,0.0,0.0,0.0,10,141.5,145.5,10,126.0,161.5,167.5,144.5,73.0,11716.5,112
2023-05-11 09:41:10,PK311P9200,花生2311沽9200,146.5,0.0,0.0,0.0,10,141.5,146.0,10,126.0,161.5,167.5,144.5,73.0,11716.5,112
2023-05-11 09:41:10,PK311P9200,花生2311沽9200,146.5,0.0,0.0,0.0,10,141.5,146.5,10,126.0,161.5,167.5,144.5,73.0,11716.5,112
2023-05-11 09:41:11,PK311P9200,花生2311沽9200,146.5,0.0,0.0,0.0,10,141.5,148.5,20,126.0,161.5,167.5,144.5,73.0,11716.5,112
2023-05-11 09:41:11,PK311P9200,花生2311沽9200,146.5,0.0,0.0,0.0,10,143.5,148.5,10,126.0,161.5,167.5,144.5,73.0,11716.5,112
2023-05-11 09:41:28,PK311P9200,花生2311沽9200,146.5,0.0,0.0,0.0,10,141.5,148.5,10,126.0,161.5,167.5,144.5,73.0,11716.5,112
2023-05-11 09:41:37,PK311P9200,花生2311沽9200,146.5,0.0,0.0,0.0,10,143.5,148.5,10,126.0,161.5,167.5,144.5,73.0,11716.5,112
2023-05-11 09:41:44,PK311P9200,花生2311沽9200,146.5,0.0,0.0,0.0,20,143.5,148.5,10,126.0,161.5,167.5,144.5,73.0,11716.5,112
2023-05-11 09:41:48,PK311P9200,花生2311沽9200,146.5,0.0,0.0,0.0,10,143.5,148.5,10,126.0,161.5,167.5,144.5,73.0,11716.5,112
2023-05-11 09:41:48,PK311P9200,花生2311沽9200,146.5,0.0,0.0,0.0,20,141.5,148.5,10,126.0,161.5,167.5,144.5,73.0,11716.5,112
2023-05-11 09:41:57,PK311P9200,花生2311沽9200,146.5,0.0,0.0,0.0,10,143.5,148.5,10,126.0,161.5,167.5,144.5,73.0,11716.5,112
2023-05-11 09:41:59,PK311P9200,花生2311沽9200,146.5,0.0,0.0,0.0,20,143.5,148.5,10,126.0,161.5,167.5,144.5,73.0,11716.5,112
2023-05-11 09:42:00,PK311P9200,花生2311沽9200,146.5,0.0,0.0,0.0,10,141.5,148.5,10,126.0,161.5,167.5,144.5,73.0,11716.5,112
2023-05-11 09:42:03,PK311P9200,花生2311沽9200,146.5,0.0,0.0,0.0,20,141.5,148.5,10,126.0,161.5,167.5,144.5,73.0,11716.5,112
2023-05-11 09:42:18,PK311P9200,花生2311沽9200,146.5,0.0,0.0,0.0,10,141.5,148.5,10,126.0,161.5,167.5,144.5,73.0,11716.5,112
2023-05-11 09:42:19,PK311P9200,花生2311沽9200,146.5,0.0,0.0,0.0,20,141.5,148.5,10,126.0,161.5,167.5,144.5,73.0,11716.5,112
2023-05-11 09:42:20,PK311P9200,花生2311沽9200,146.5,0.0,0.0,0.0,10,141.5,148.5,10,126.0,161.5,167.5,144.5,73.0,11716.5,112
2023-05-11 09:42:22,PK311P9200,花生2311沽9200,146.5,0.0,0.0,0.0,20,141.5,148.5,10,126.0,161.5,167.5,144.5,73.0,11716.5,112
2023-05-11 09:42:31,PK311P9200,花生2311沽9200,146.5,0.0,0.0,0.0,10,141.5,148.5,10,126.0,161.5,167.5,144.5,73.0,11716.5,112
2023-05-11 09:42:32,PK311P9200,花生2311沽9200,146.5,0.0,0.0,0.0,10,143.5,148.5,10,126.0,161.5,167.5,144.5,73.0,11716.5,112
2023-05-11 09:42:33,PK311P9200,花生2311沽9200,146.5,0.0,0.0,0.0,20,143.5,148.5,10,126.0,161.5,167.5,144.5,73.0,11716.5,112
2023-05-11 09:42:37,PK311P9200,花生2311沽9200,146.5,0.0,0.0,0.0,10,143.5,148.5,10,126.0,161.5,167.5,144.5,73.0,11716.5,112
2023-05-11 09:42:44,PK311P9200,花生2311沽9200,146.5,0.0,0.0,0.0,20,143.5,148.5,10,126.0,161.5,167.5,144.5,73.0,11716.5,112
2023-05-11 09:43:02,PK311P9200,花生2311沽9200,146.5,0.0,0.0,0.0,10,143.5,148.5,10,126.0,161.5,167.5,144.5,73.0,11716.5,112
2023-05-11 09:43:04,PK311P9200,花生2311沽9200,146.5,0.0,0.0,0.0,20,143.5,148.5,10,126.0,161.5,167.5,144.5,73.0,11716.5,112
2023-05-11 09:43:04,PK311P9200,花生2311沽9200,146.5,0.0,0.0,0.0,10,142.5,148.5,10,126.0,161.5,167.5,144.5,73.0,11716.5,112
2023-05-11 09:43:04,PK311P9200,花生2311沽9200,146.5,0.0,0.0,0.0,20,143.5,148.5,10,126.0,161.5,167.5,144.5,73.0,11716.5,112
2023-05-11 09:43:04,PK311P9200,花生2311沽9200,146.5,0.0,0.0,0.0,10,142.5,148.5,10,126.0,161.5,167.5,144.5,73.0,11716.5,112
2023-05-11 09:43:05,PK311P9200,花生2311沽9200,146.5,0.0,0.0,0.0,10,142.0,148.5,10,126.0,161.5,167.5,144.5,73.0,11716.5,112
2023-05-11 09:43:06,PK311P9200,花生2311沽9200,146.5,0.0,0.0,0.0,20,142.0,148.5,10,126.0,161.5,167.5,144.5,73.0,11716.5,112
2023-05-11 09:43:07,PK311P9200,花生2311沽9200,146.5,0.0,0.0,0.0,10,142.0,148.5,10,126.0,161.5,167.5,144.5,73.0,11716.5,112
2023-05-11 09:43:07,PK311P9200,花生2311沽9200,146.5,0.0,0.0,0.0,20,141.5,148.5,10,126.0,161.5,167.5,144.5,73.0,11716.5,112
2023-05-11 09:43:10,PK311P9200,花生2311沽9200,146.5,0.0,0.0,0.0,10,141.0,148.5,10,126.0,161.5,167.5,144.5,73.0,11716.5,112
2023-05-11 09:43:10,PK311P9200,花生2311沽9200,146.5,0.0,0.0,0.0,20,141.0,148.5,10,126.0,161.5,167.5,144.5,73.0,11716.5,112
2023-05-11 09:43:12,PK311P9200,花生2311沽9200,146.5,0.0,0.0,0.0,10,142.0,148.5,10,126.0,161.5,167.5,144.5,73.0,11716.5,112
2023-05-11 09:43:17,PK311P9200,花生2311沽9200,146.5,0.0,0.0,0.0,30,142.0,148.5,10,126.0,161.5,167.5,144.5,73.0,11716.5,112
2023-05-11 09:43:18,PK311P9200,花生2311沽9200,146.5,0.0,0.0,0.0,10,144.0,148.5,10,126.0,161.5,167.5,144.5,73.0,11716.5,112
2023-05-11 09:43:18,PK311P9200,花生2311沽9200,146.5,0.0,0.0,0.0,20,144.0,149.0,10,126.0,161.5,167.5,144.5,73.0,11716.5,112
2023-05-11 09:43:19,PK311P9200,花生2311沽9200,146.5,0.0,0.0,0.0,30,144.0,153.0,10,126.0,161.5,167.5,144.5,73.0,11716.5,112
2023-05-11 09:43:19,PK311P9200,花生2311沽9200,146.5,0.0,0.0,0.0,20,144.0,153.0,20,126.0,161.5,167.5,144.5,73.0,11716.5,112
2023-05-11 09:43:20,PK311P9200,花生2311沽9200,146.5,0.0,0.0,0.0,30,144.0,152.0,10,126.0,161.5,167.5,144.5,73.0,11716.5,112
2023-05-11 09:43:20,PK311P9200,花生2311沽9200,146.5,0.0,0.0,0.0,20,144.0,152.0,10,126.0,161.5,167.5,144.5,73.0,11716.5,112
2023-05-11 09:43:21,PK311P9200,花生2311沽9200,146.5,0.0,0.0,0.0,30,144.0,152.0,10,126.0,161.5,167.5,144.5,73.0,11716.5,112
2023-05-11 09:43:21,PK311P9200,花生2311沽9200,146.5,0.0,0.0,0.0,40,144.0,152.0,10,126.0,161.5,167.5,144.5,73.0,11716.5,112
2023-05-11 09:43:27,PK311P9200,花生2311沽9200,146.5,0.0,0.0,0.0,30,144.0,152.0,10,126.0,161.5,167.5,144.5,73.0,11716.5,112
2023-05-11 09:43:27,PK311P9200,花生2311沽9200,146.5,0.0,0.0,0.0,20,144.0,152.0,10,126.0,161.5,167.5,144.5,73.0,11716.5,112
2023-05-11 09:43:28,PK311P9200,花生2311沽9200,146.5,0.0,0.0,0.0,30,144.0,152.0,10,126.0,161.5,167.5,144.5,73.0,11716.5,112
2023-05-11 09:43:28,PK311P9200,花生2311沽9200,146.5,0.0,0.0,0.0,30,144.0,154.0,20,126.0,161.5,167.5,144.5,73.0,11716.5,112
2023-05-11 09:43:28,PK311P9200,花生2311沽9200,146.5,0.0,0.0,0.0,30,144.0,153.0,10,126.0,161.5,167.5,144.5,73.0,11716.5,112
2023-05-11 09:43:29,PK311P9200,花生2311沽9200,146.5,0.0,0.0,0.0,20,144.0,153.0,10,126.0,161.5,167.5,144.5,73.0,11716.5,112
2023-05-11 09:43:32,PK311P9200,花生2311沽9200,146.5,0.0,0.0,0.0,10,144.0,151.0,10,126.0,161.5,167.5,144.5,73.0,11716.5,112
2023-05-11 09:43:33,PK311P9200,花生2311沽9200,146.5,0.0,0.0,0.0,10,144.0,152.0,10,126.0,161.5,167.5,144.5,73.0,11716.5,112
2023-05-11 09:43:35,PK311P9200,花生2311沽9200,146.5,0.0,0.0,0.0,20,144.0,152.0,10,126.0,161.5,167.5,144.5,73.0,11716.5,112
2023-05-11 09:43:35,PK311P9200,花生2311沽9200,146.5,0.0,0.0,0.0,10,146.0,152.0,10,126.0,161.5,167.5,144.5,73.0,11716.5,112
2023-05-11 09:43:38,PK311P9200,花生2311沽9200,146.5,0.0,0.0,0.0,20,146.0,152.0,10,126.0,161.5,167.5,144.5,73.0,11716.5,112
2023-05-11 09:43:48,PK311P9200,花生2311沽9200,146.5,0.0,0.0,0.0,30,146.0,152.0,20,126.0,161.5,167.5,144.5,73.0,11716.5,112
2023-05-11 09:43:48,PK311P9200,花生2311沽9200,146.5,0.0,0.0,0.0,20,146.0,152.0,20,126.0,161.5,167.5,144.5,73.0,11716.5,112
2023-05-11 09:43:50,PK311P9200,花生2311沽9200,146.5,0.0,0.0,0.0,20,146.0,152.0,10,126.0,161.5,167.5,144.5,73.0,11716.5,112
2023-05-11 09:43:52,PK311P9200,花生2311沽9200,146.5,0.0,0.0,0.0,20,146.0,152.0,20,126.0,161.5,167.5,144.5,73.0,11716.5,112
2023-05-11 09:43:52,PK311P9200,花生2311沽9200,146.5,0.0,0.0,0.0,20,146.0,152.0,10,126.0,161.5,167.5,144.5,73.0,11716.5,112
2023-05-11 09:43:54,PK311P9200,花生2311沽9200,146.5,0.0,0.0,0.0,20,146.0,152.0,20,126.0,161.5,167.5,144.5,73.0,11716.5,112
2023-05-11 09:43:56,PK311P9200,花生2311沽9200,146.5,0.0,0.0,0.0,20,146.0,152.0,10,126.0,161.5,167.5,144.5,73.0,11716.5,112
2023-05-11 09:43:56,PK311P9200,花生2311沽9200,146.5,0.0,0.0,0.0,20,146.0,153.0,20,126.0,161.5,167.5,144.5,73.0,11716.5,112
2023-05-11 09:43:57,PK311P9200,花生2311沽9200,146.5,0.0,0.0,0.0,20,146.0,153.0,10,126.0,161.5,167.5,144.5,73.0,11716.5,112
2023-05-11 09:43:58,PK311P9200,花生2311沽9200,146.5,0.0,0.0,0.0,10,146.0,153.5,10,126.0,161.5,167.5,144.5,73.0,11716.5,112
2023-05-11 09:43:59,PK311P9200,花生2311沽9200,146.5,0.0,0.0,0.0,20,144.0,151.0,20,126.0,161.5,167.5,144.5,73.0,11716.5,112
2023-05-11 09:44:00,PK311P9200,花生2311沽9200,146.5,0.0,0.0,0.0,20,144.0,151.0,10,126.0,161.5,167.5,144.5,73.0,11716.5,112
2023-05-11 09:44:01,PK311P9200,花生2311沽9200,146.5,0.0,0.0,0.0,20,144.0,151.0,20,126.0,161.5,167.5,144.5,73.0,11716.5,112
2023-05-11 09:44:01,PK311P9200,花生2311沽9200,146.5,0.0,0.0,0.0,30,144.0,151.0,10,126.0,161.5,167.5,144.5,73.0,11716.5,112
2023-05-11 09:44:02,PK311P9200,花生2311沽9200,146.5,0.0,0.0,0.0,30,144.0,151.0,20,126.0,161.5,167.5,144.5,73.0,11716.5,112
2023-05-11 09:44:04,PK311P9200,花生2311沽9200,146.5,0.0,0.0,0.0,10,144.0,150.0,10,126.0,161.5,167.5,144.5,73.0,11716.5,112
2023-05-11 09:44:04,PK311P9200,花生2311沽9200,146.5,0.0,0.0,0.0,10,143.5,150.0,10,126.0,161.5,167.5,144.5,73.0,11716.5,112
2023-05-11 09:44:05,PK311P9200,花生2311沽9200,146.5,0.0,0.0,0.0,30,142.0,150.0,20,126.0,161.5,167.5,144.5,73.0,11716.5,112
2023-05-11 09:44:05,PK311P9200,花生2311沽9200,146.5,0.0,0.0,0.0,30,142.0,149.0,10,126.0,161.5,167.5,144.5,73.0,11716.5,112
2023-05-11 09:44:08,PK311P9200,花生2311沽9200,146.5,0.0,0.0,0.0,20,142.0,151.0,10,126.0,161.5,167.5,144.5,73.0,11716.5,112
2023-05-11 09:44:09,PK311P9200,花生2311沽9200,146.5,0.0,0.0,0.0,30,142.0,151.0,10,126.0,161.5,167.5,144.5,73.0,11716.5,112
2023-05-11 09:44:09,PK311P9200,花生2311沽9200,146.5,0.0,0.0,0.0,20,142.0,151.0,10,126.0,161.5,167.5,144.5,73.0,11716.5,112
2023-05-11 09:44:10,PK311P9200,花生2311沽9200,146.5,0.0,0.0,0.0,10,143.5,151.0,10,126.0,161.5,167.5,144.5,73.0,11716.5,112
2023-05-11 09:44:12,PK311P9200,花生2311沽9200,146.5,0.0,0.0,0.0,30,143.5,151.0,10,126.0,161.5,167.5,144.5,73.0,11716.5,112
2023-05-11 09:44:12,PK311P9200,花生2311沽9200,146.5,0.0,0.0,0.0,30,143.5,150.0,10,126.0,161.5,167.5,144.5,73.0,11716.5,112
2023-05-11 09:44:15,PK311P9200,花生2311沽9200,146.5,0.0,0.0,0.0,20,143.5,150.0,10,126.0,161.5,167.5,144.5,73.0,11716.5,112
2023-05-11 09:44:18,PK311P9200,花生2311沽9200,146.5,0.0,0.0,0.0,20,143.5,151.5,10,126.0,161.5,167.5,144.5,73.0,11716.5,112
2023-05-11 09:44:19,PK311P9200,花生2311沽9200,146.5,0.0,0.0,0.0,10,144.0,151.5,10,126.0,161.5,167.5,144.5,73.0,11716.5,112
2023-05-11 09:44:25,PK311P9200,花生2311沽9200,146.5,0.0,0.0,0.0,20,144.0,151.5,10,126.0,161.5,167.5,144.5,73.0,11716.5,112
2023-05-11 09:44:28,PK311P9200,花生2311沽9200,146.5,0.0,0.0,0.0,30,144.0,151.5,10,126.0,161.5,167.5,144.5,73.0,11716.5,112
2023-05-11 09:44:29,PK311P9200,花生2311沽9200,146.5,0.0,0.0,0.0,10,145.5,151.5,10,126.0,161.5,167.5,144.5,73.0,11716.5,112
2023-05-11 09:44:29,PK311P9200,花生2311沽9200,146.5,0.0,0.0,0.0,20,145.5,151.5,10,126.0,161.5,167.5,144.5,73.0,11716.5,112
2023-05-11 09:44:31,PK311P9200,花生2311沽9200,146.5,0.0,0.0,0.0,30,145.5,151.5,10,126.0,161.5,167.5,144.5,73.0,11716.5,112
2023-05-11 09:44:32,PK311P9200,花生2311沽9200,146.5,0.0,0.0,0.0,20,145.5,151.5,20,126.0,161.5,167.5,144.5,73.0,11716.5,112
2023-05-11 09:44:32,PK311P9200,花生2311沽9200,146.5,0.0,0.0,0.0,30,145.5,151.5,20,126.0,161.5,167.5,144.5,73.0,11716.5,112
2023-05-11 09:44:34,PK311P9200,花生2311沽9200,146.5,0.0,0.0,0.0,30,145.5,151.5,10,126.0,161.5,167.5,144.5,73.0,11716.5,112
2023-05-11 09:44:42,PK311P9200,花生2311沽9200,146.5,0.0,0.0,0.0,20,145.5,151.5,10,126.0,161.5,167.5,144.5,73.0,11716.5,112
2023-05-11 09:44:52,PK311P9200,花生2311沽9200,146.5,0.0,0.0,0.0,30,145.5,151.5,10,126.0,161.5,167.5,144.5,73.0,11716.5,112
2023-05-11 09:44:53,PK311P9200,花生2311沽9200,146.5,0.0,0.0,0.0,10,149.0,151.5,10,126.0,161.5,167.5,144.5,73.0,11716.5,112
2023-05-11 09:44:53,PK311P9200,花生2311沽9200,146.5,0.0,0.0,0.0,10,150.0,151.5,10,126.0,161.5,167.5,144.5,73.0,11716.5,112
2023-05-11 09:44:54,PK311P9200,花生2311沽9200,146.5,0.0,0.0,0.0,10,150.5,151.5,10,126.0,161.5,167.5,144.5,73.0,11716.5,112
2023-05-11 09:44:55,PK311P9200,花生2311沽9200,146.5,0.0,0.0,0.0,20,150.5,151.5,10,126.0,161.5,167.5,144.5,73.0,11716.5,112
2023-05-11 09:44:56,PK311P9200,花生2311沽9200,151.5,10.0,1522.0,-10.0,20,150.5,152.0,10,126.0,161.5,167.5,144.5,83.0,13238.5,102
2023-05-11 09:44:56,PK311P9200,花生2311沽9200,151.5,0.0,0.0,0.0,10,150.5,152.0,10,126.0,161.5,167.5,144.5,83.0,13238.5,102
2023-05-11 09:44:57,PK311P9200,花生2311沽9200,151.5,0.0,0.0,0.0,10,150.0,153.0,20,126.0,161.5,167.5,144.5,83.0,13238.5,102
2023-05-11 09:44:57,PK311P9200,花生2311沽9200,151.5,0.0,0.0,0.0,10,151.5,153.5,20,126.0,161.5,167.5,144.5,83.0,13238.5,102
2023-05-11 09:44:57,PK311P9200,花生2311沽9200,151.5,0.0,0.0,0.0,20,151.5,153.5,10,126.0,161.5,167.5,144.5,83.0,13238.5,102
2023-05-11 09:44:58,PK311P9200,花生2311沽9200,151.5,10.0,1502.0,-10.0,20,151.0,153.5,20,126.0,161.5,167.5,144.5,93.0,14740.5,92
2023-05-11 09:45:00,PK311P9200,花生2311沽9200,151.0,20.0,3000.5,0.0,10,147.5,153.5,10,126.0,161.5,167.5,144.5,113.0,17741.0,92
2023-05-11 09:45:01,PK311P9200,花生2311沽9200,151.0,0.0,0.0,0.0,20,147.5,153.5,20,126.0,161.5,167.5,144.5,113.0,17741.0,92
2023-05-11 09:45:01,PK311P9200,花生2311沽9200,151.0,0.0,0.0,0.0,10,145.0,154.0,30,126.0,161.5,167.5,144.5,113.0,17741.0,92
2023-05-11 09:45:02,PK311P9200,花生2311沽9200,151.0,0.0,0.0,0.0,20,145.0,154.0,40,126.0,161.5,167.5,144.5,113.0,17741.0,92
2023-05-11 09:45:02,PK311P9200,花生2311沽9200,151.0,0.0,0.0,0.0,10,145.0,154.0,30,126.0,161.5,167.5,144.5,113.0,17741.0,92
2023-05-11 09:45:03,PK311P9200,花生2311沽9200,151.0,0.0,0.0,0.0,30,144.0,150.5,10,126.0,161.5,167.5,144.5,113.0,17741.0,92
2023-05-11 09:45:04,PK311P9200,花生2311沽9200,151.0,0.0,0.0,0.0,30,144.0,149.5,10,126.0,161.5,167.5,144.5,113.0,17741.0,92
2023-05-11 09:45:04,PK311P9200,花生2311沽9200,151.0,0.0,0.0,0.0,20,144.0,149.5,10,126.0,161.5,167.5,144.5,113.0,17741.0,92
2023-05-11 09:45:05,PK311P9200,花生2311沽9200,151.0,0.0,0.0,0.0,10,144.0,149.5,10,126.0,161.5,167.5,144.5,113.0,17741.0,92
2023-05-11 09:45:06,PK311P9200,花生2311沽9200,151.0,0.0,0.0,0.0,10,144.0,150.5,10,126.0,161.5,167.5,144.5,113.0,17741.0,92
2023-05-11 09:45:07,PK311P9200,花生2311沽9200,151.0,0.0,0.0,0.0,20,143.0,150.5,10,126.0,161.5,167.5,144.5,113.0,17741.0,92
2023-05-11 09:45:07,PK311P9200,花生2311沽9200,151.0,0.0,0.0,0.0,30,143.0,150.5,10,126.0,161.5,167.5,144.5,113.0,17741.0,92
2023-05-11 09:45:09,PK311P9200,花生2311沽9200,151.0,0.0,0.0,0.0,20,143.0,150.5,10,126.0,161.5,167.5,144.5,113.0,17741.0,92
2023-05-11 09:45:09,PK311P9200,花生2311沽9200,151.0,0.0,0.0,0.0,30,143.0,150.5,10,126.0,161.5,167.5,144.5,113.0,17741.0,92
2023-05-11 09:45:09,PK311P9200,花生2311沽9200,151.0,0.0,0.0,0.0,20,143.0,150.5,10,126.0,161.5,167.5,144.5,113.0,17741.0,92
2023-05-11 09:45:16,PK311P9200,花生2311沽9200,151.0,0.0,0.0,0.0,20,144.5,150.5,20,126.0,161.5,167.5,144.5,113.0,17741.0,92
2023-05-11 09:45:17,PK311P9200,花生2311沽9200,151.0,0.0,0.0,0.0,20,144.5,150.5,30,126.0,161.5,167.5,144.5,113.0,17741.0,92
2023-05-11 09:45:21,PK311P9200,花生2311沽9200,151.0,0.0,0.0,0.0,10,144.5,150.5,20,126.0,161.5,167.5,144.5,113.0,17741.0,92
2023-05-11 09:45:21,PK311P9200,花生2311沽9200,151.0,0.0,0.0,0.0,20,143.0,150.5,20,126.0,161.5,167.5,144.5,113.0,17741.0,92
2023-05-11 09:45:25,PK311P9200,花生2311沽9200,151.0,0.0,0.0,0.0,10,143.5,150.5,20,126.0,161.5,167.5,144.5,113.0,17741.0,92
2023-05-11 09:45:37,PK311P9200,花生2311沽9200,151.0,0.0,0.0,0.0,30,143.0,150.0,10,126.0,161.5,167.5,144.5,113.0,17741.0,92
2023-05-11 09:45:47,PK311P9200,花生2311沽9200,151.0,0.0,0.0,0.0,30,143.0,149.0,20,126.0,161.5,167.5,144.5,113.0,17741.0,92
2023-05-11 09:45:51,PK311P9200,花生2311沽9200,151.0,0.0,0.0,0.0,20,143.0,149.0,20,126.0,161.5,167.5,144.5,113.0,17741.0,92
2023-05-11 09:46:07,PK311P9200,花生2311沽9200,151.0,0.0,0.0,0.0,30,142.5,149.0,10,126.0,161.5,167.5,144.5,113.0,17741.0,92
2023-05-11 09:46:09,PK311P9200,花生2311沽9200,151.0,0.0,0.0,0.0,30,142.5,149.0,20,126.0,161.5,167.5,144.5,113.0,17741.0,92
2023-05-11 09:47:02,PK311P9200,花生2311沽9200,151.0,0.0,0.0,0.0,20,142.5,148.0,10,126.0,161.5,167.5,144.5,113.0,17741.0,92
2023-05-11 09:47:02,PK311P9200,花生2311沽9200,151.0,0.0,0.0,0.0,20,142.5,148.0,20,126.0,161.5,167.5,144.5,113.0,17741.0,92
2023-05-11 09:47:09,PK311P9200,花生2311沽9200,151.0,0.0,0.0,0.0,10,146.5,148.0,20,126.0,161.5,167.5,144.5,113.0,17741.0,92
2023-05-11 09:47:10,PK311P9200,花生2311沽9200,151.0,0.0,0.0,0.0,10,147.5,148.0,20,126.0,161.5,167.5,144.5,113.0,17741.0,92
2023-05-11 09:47:11,PK311P9200,花生2311沽9200,151.0,0.0,0.0,0.0,10,147.0,148.0,30,126.0,161.5,167.5,144.5,113.0,17741.0,92
2023-05-11 09:47:12,PK311P9200,花生2311沽9200,151.0,0.0,0.0,0.0,10,142.5,148.0,20,126.0,161.5,167.5,144.5,113.0,17741.0,92
2023-05-11 09:47:12,PK311P9200,花生2311沽9200,151.0,0.0,0.0,0.0,10,146.0,148.0,30,126.0,161.5,167.5,144.5,113.0,17741.0,92
2023-05-11 09:47:13,PK311P9200,花生2311沽9200,151.0,0.0,0.0,0.0,10,144.5,148.0,20,126.0,161.5,167.5,144.5,113.0,17741.0,92
2023-05-11 09:47:13,PK311P9200,花生2311沽9200,151.0,0.0,0.0,0.0,20,144.0,148.0,10,126.0,161.5,167.5,144.5,113.0,17741.0,92
2023-05-11 09:47:14,PK311P9200,花生2311沽9200,151.0,0.0,0.0,0.0,10,143.5,148.0,10,126.0,161.5,167.5,144.5,113.0,17741.0,92
2023-05-11 09:47:14,PK311P9200,花生2311沽9200,151.0,0.0,0.0,0.0,10,143.5,148.0,20,126.0,161.5,167.5,144.5,113.0,17741.0,92
2023-05-11 09:47:15,PK311P9200,花生2311沽9200,151.0,0.0,0.0,0.0,20,143.0,148.0,20,126.0,161.5,167.5,144.5,113.0,17741.0,92
2023-05-11 09:47:15,PK311P9200,花生2311沽9200,151.0,0.0,0.0,0.0,20,143.0,148.0,30,126.0,161.5,167.5,144.5,113.0,17741.0,92
2023-05-11 09:47:16,PK311P9200,花生2311沽9200,151.0,0.0,0.0,0.0,20,143.0,148.0,20,126.0,161.5,167.5,144.5,113.0,17741.0,92
2023-05-11 09:47:17,PK311P9200,花生2311沽9200,151.0,0.0,0.0,0.0,30,143.0,148.0,30,126.0,161.5,167.5,144.5,113.0,17741.0,92
2023-05-11 09:47:19,PK311P9200,花生2311沽9200,151.0,0.0,0.0,0.0,30,143.0,148.0,20,126.0,161.5,167.5,144.5,113.0,17741.0,92
2023-05-11 09:47:20,PK311P9200,花生2311沽9200,151.0,0.0,0.0,0.0,10,147.0,148.0,20,126.0,161.5,167.5,144.5,113.0,17741.0,92
2023-05-11 09:47:21,PK311P9200,花生2311沽9200,151.0,0.0,0.0,0.0,10,147.5,148.0,20,126.0,161.5,167.5,144.5,113.0,17741.0,92
2023-05-11 09:47:21,PK311P9200,花生2311沽9200,148.0,10.0,1508.5,-10.0,10,147.5,148.0,20,126.0,161.5,167.5,144.5,123.0,19249.5,82
2023-05-11 09:47:22,PK311P9200,花生2311沽9200,148.0,0.0,0.0,0.0,10,147.0,148.0,20,126.0,161.5,167.5,144.5,123.0,19249.5,82
2023-05-11 09:47:23,PK311P9200,花生2311沽9200,148.0,0.0,0.0,0.0,40,143.0,148.0,10,126.0,161.5,167.5,144.5,123.0,19249.5,82
2023-05-11 09:47:24,PK311P9200,花生2311沽9200,148.0,0.0,0.0,0.0,10,146.0,148.0,20,126.0,161.5,167.5,144.5,123.0,19249.5,82
2023-05-11 09:47:24,PK311P9200,花生2311沽9200,148.0,0.0,0.0,0.0,40,143.0,148.0,20,126.0,161.5,167.5,144.5,123.0,19249.5,82
2023-05-11 09:47:25,PK311P9200,花生2311沽9200,148.0,0.0,0.0,0.0,20,144.0,148.0,20,126.0,161.5,167.5,144.5,123.0,19249.5,82
2023-05-11 09:47:25,PK311P9200,花生2311沽9200,148.0,0.0,0.0,0.0,40,143.0,148.0,20,126.0,161.5,167.5,144.5,123.0,19249.5,82
2023-05-11 09:47:26,PK311P9200,花生2311沽9200,148.0,0.0,0.0,0.0,30,143.0,148.0,20,126.0,161.5,167.5,144.5,123.0,19249.5,82
2023-05-11 09:47:39,PK311P9200,花生2311沽9200,148.0,0.0,0.0,0.0,40,143.0,148.0,20,126.0,161.5,167.5,144.5,123.0,19249.5,82
2023-05-11 09:47:44,PK311P9200,花生2311沽9200,148.0,0.0,0.0,0.0,50,143.0,148.0,20,126.0,161.5,167.5,144.5,123.0,19249.5,82
2023-05-11 09:47:46,PK311P9200,花生2311沽9200,148.0,0.0,0.0,0.0,40,143.0,148.0,20,126.0,161.5,167.5,144.5,123.0,19249.5,82
2023-05-11 09:47:48,PK311P9200,花生2311沽9200,148.0,0.0,0.0,0.0,10,147.0,148.0,30,126.0,161.5,167.5,144.5,123.0,19249.5,82
2023-05-11 09:47:48,PK311P9200,花生2311沽9200,148.0,0.0,0.0,0.0,10,147.5,148.0,30,126.0,161.5,167.5,144.5,123.0,19249.5,82
2023-05-11 09:47:49,PK311P9200,花生2311沽9200,148.0,10.0,1432.0,10.0,10,147.5,148.0,10,126.0,161.5,167.5,144.5,133.0,20681.5,92
2023-05-11 09:47:49,PK311P9200,花生2311沽9200,148.0,0.0,0.0,0.0,10,147.5,148.5,50,126.0,161.5,167.5,144.5,133.0,20681.5,92
2023-05-11 09:47:50,PK311P9200,花生2311沽9200,148.0,0.0,0.0,0.0,10,148.0,148.5,50,126.0,161.5,167.5,144.5,133.0,20681.5,92
2023-05-11 09:47:50,PK311P9200,花生2311沽9200,148.0,0.0,0.0,0.0,10,148.0,148.5,30,126.0,161.5,167.5,144.5,133.0,20681.5,92
2023-05-11 09:47:51,PK311P9200,花生2311沽9200,148.0,0.0,0.0,0.0,10,148.0,148.5,40,126.0,161.5,167.5,144.5,133.0,20681.5,92
2023-05-11 09:47:52,PK311P9200,花生2311沽9200,148.0,0.0,0.0,0.0,10,147.5,148.5,40,126.0,161.5,167.5,144.5,133.0,20681.5,92
2023-05-11 09:47:53,PK311P9200,花生2311沽9200,148.0,0.0,0.0,0.0,20,144.5,148.5,40,126.0,161.5,167.5,144.5,133.0,20681.5,92
2023-05-11 09:47:54,PK311P9200,花生2311沽9200,148.0,0.0,0.0,0.0,10,146.5,148.5,40,126.0,161.5,167.5,144.5,133.0,20681.5,92
2023-05-11 09:47:54,PK311P9200,花生2311沽9200,148.0,0.0,0.0,0.0,10,146.5,148.5,30,126.0,161.5,167.5,144.5,133.0,20681.5,92
2023-05-11 09:47:55,PK311P9200,花生2311沽9200,148.0,0.0,0.0,0.0,10,144.0,148.5,30,126.0,161.5,167.5,144.5,133.0,20681.5,92
2023-05-11 09:47:55,PK311P9200,花生2311沽9200,148.0,0.0,0.0,0.0,10,144.5,148.5,20,126.0,161.5,167.5,144.5,133.0,20681.5,92
2023-05-11 09:47:56,PK311P9200,花生2311沽9200,148.0,0.0,0.0,0.0,20,143.0,148.5,20,126.0,161.5,167.5,144.5,133.0,20681.5,92
2023-05-11 09:47:58,PK311P9200,花生2311沽9200,148.0,0.0,0.0,0.0,30,143.0,148.5,30,126.0,161.5,167.5,144.5,133.0,20681.5,92
2023-05-11 09:47:59,PK311P9200,花生2311沽9200,148.0,0.0,0.0,0.0,20,143.0,147.5,10,126.0,161.5,167.5,144.5,133.0,20681.5,92
2023-05-11 09:48:00,PK311P9200,花生2311沽9200,148.0,0.0,0.0,0.0,20,142.5,147.5,20,126.0,161.5,167.5,144.5,133.0,20681.5,92
2023-05-11 09:48:00,PK311P9200,花生2311沽9200,148.0,0.0,0.0,0.0,10,142.5,147.5,20,126.0,161.5,167.5,144.5,133.0,20681.5,92
2023-05-11 09:48:01,PK311P9200,花生2311沽9200,148.0,0.0,0.0,0.0,40,142.0,147.5,30,126.0,161.5,167.5,144.5,133.0,20681.5,92
2023-05-11 09:48:02,PK311P9200,花生2311沽9200,148.0,0.0,0.0,0.0,50,142.0,147.5,30,126.0,161.5,167.5,144.5,133.0,20681.5,92
2023-05-11 09:48:03,PK311P9200,花生2311沽9200,148.0,0.0,0.0,0.0,60,142.0,147.5,30,126.0,161.5,167.5,144.5,133.0,20681.5,92
2023-05-11 09:48:04,PK311P9200,花生2311沽9200,148.0,0.0,0.0,0.0,50,142.0,147.5,30,126.0,161.5,167.5,144.5,133.0,20681.5,92
2023-05-11 09:48:09,PK311P9200,花生2311沽9200,148.0,0.0,0.0,0.0,40,142.0,147.5,40,126.0,161.5,167.5,144.5,133.0,20681.5,92
2023-05-11 09:48:09,PK311P9200,花生2311沽9200,148.0,0.0,0.0,0.0,30,142.0,147.5,50,126.0,161.5,167.5,144.5,133.0,20681.5,92
2023-05-11 09:48:10,PK311P9200,花生2311沽9200,148.0,0.0,0.0,0.0,30,142.0,147.5,30,126.0,161.5,167.5,144.5,133.0,20681.5,92
2023-05-11 09:48:10,PK311P9200,花生2311沽9200,148.0,0.0,0.0,0.0,20,142.0,147.5,30,126.0,161.5,167.5,144.5,133.0,20681.5,92
2023-05-11 09:48:12,PK311P9200,花生2311沽9200,148.0,0.0,0.0,0.0,30,142.0,147.5,30,126.0,161.5,167.5,144.5,133.0,20681.5,92
2023-05-11 09:48:37,PK311P9200,花生2311沽9200,148.0,0.0,0.0,0.0,20,142.0,147.5,30,126.0,161.5,167.5,144.5,133.0,20681.5,92
2023-05-11 09:48:37,PK311P9200,花生2311沽9200,148.0,0.0,0.0,0.0,10,143.0,147.5,20,126.0,161.5,167.5,144.5,133.0,20681.5,92
2023-05-11 09:48:39,PK311P9200,花生2311沽9200,148.0,0.0,0.0,0.0,20,143.0,147.5,30,126.0,161.5,167.5,144.5,133.0,20681.5,92
2023-05-11 09:48:41,PK311P9200,花生2311沽9200,148.0,0.0,0.0,0.0,30,143.0,147.5,30,126.0,161.5,167.5,144.5,133.0,20681.5,92
2023-05-11 09:48:42,PK311P9200,花生2311沽9200,148.0,0.0,0.0,0.0,10,143.0,147.5,30,126.0,161.5,167.5,144.5,133.0,20681.5,92
2023-05-11 09:48:42,PK311P9200,花生2311沽9200,148.0,0.0,0.0,0.0,30,142.5,147.5,30,126.0,161.5,167.5,144.5,133.0,20681.5,92
2023-05-11 09:48:44,PK311P9200,花生2311沽9200,148.0,0.0,0.0,0.0,10,142.5,147.5,30,126.0,161.5,167.5,144.5,133.0,20681.5,92
2023-05-11 09:48:44,PK311P9200,花生2311沽9200,148.0,0.0,0.0,0.0,40,142.0,147.5,30,126.0,161.5,167.5,144.5,133.0,20681.5,92
2023-05-11 09:48:45,PK311P9200,花生2311沽9200,148.0,0.0,0.0,0.0,30,142.0,147.5,30,126.0,161.5,167.5,144.5,133.0,20681.5,92
2023-05-11 09:49:09,PK311P9200,花生2311沽9200,148.0,0.0,0.0,0.0,20,142.0,147.0,10,126.0,161.5,167.5,144.5,133.0,20681.5,92
2023-05-11 09:49:09,PK311P9200,花生2311沽9200,148.0,0.0,0.0,0.0,20,142.0,147.0,30,126.0,161.5,167.5,144.5,133.0,20681.5,92
2023-05-11 09:49:11,PK311P9200,花生2311沽9200,148.0,0.0,0.0,0.0,20,142.0,147.0,20,126.0,161.5,167.5,144.5,133.0,20681.5,92
2023-05-11 09:49:14,PK311P9200,花生2311沽9200,148.0,0.0,0.0,0.0,10,142.0,147.0,20,126.0,161.5,167.5,144.5,133.0,20681.5,92
2023-05-11 09:49:15,PK311P9200,花生2311沽9200,148.0,0.0,0.0,0.0,20,142.0,147.0,20,126.0,161.5,167.5,144.5,133.0,20681.5,92
2023-05-11 09:49:16,PK311P9200,花生2311沽9200,148.0,0.0,0.0,0.0,30,142.0,147.0,10,126.0,161.5,167.5,144.5,133.0,20681.5,92
2023-05-11 09:49:16,PK311P9200,花生2311沽9200,148.0,0.0,0.0,0.0,40,142.0,147.0,20,126.0,161.5,167.5,144.5,133.0,20681.5,92
2023-05-11 09:49:23,PK311P9200,花生2311沽9200,148.0,0.0,0.0,0.0,30,142.0,147.0,20,126.0,161.5,167.5,144.5,133.0,20681.5,92
2023-05-11 09:49:32,PK311P9200,花生2311沽9200,148.0,0.0,0.0,0.0,40,142.0,147.0,20,126.0,161.5,167.5,144.5,133.0,20681.5,92
2023-05-11 09:49:33,PK311P9200,花生2311沽9200,148.0,0.0,0.0,0.0,30,142.0,147.0,20,126.0,161.5,167.5,144.5,133.0,20681.5,92
2023-05-11 09:49:34,PK311P9200,花生2311沽9200,148.0,0.0,0.0,0.0,40,142.0,147.0,20,126.0,161.5,167.5,144.5,133.0,20681.5,92
2023-05-11 09:49:36,PK311P9200,花生2311沽9200,148.0,0.0,0.0,0.0,30,142.0,147.0,20,126.0,161.5,167.5,144.5,133.0,20681.5,92
2023-05-11 09:49:37,PK311P9200,花生2311沽9200,148.0,0.0,0.0,0.0,40,142.0,147.0,20,126.0,161.5,167.5,144.5,133.0,20681.5,92
2023-05-11 09:49:49,PK311P9200,花生2311沽9200,148.0,0.0,0.0,0.0,30,142.0,147.0,20,126.0,161.5,167.5,144.5,133.0,20681.5,92
2023-05-11 09:49:50,PK311P9200,花生2311沽9200,148.0,0.0,0.0,0.0,40,142.0,147.0,20,126.0,161.5,167.5,144.5,133.0,20681.5,92
2023-05-11 09:49:52,PK311P9200,花生2311沽9200,148.0,0.0,0.0,0.0,10,145.0,147.0,20,126.0,161.5,167.5,144.5,133.0,20681.5,92
2023-05-11 09:49:53,PK311P9200,花生2311沽9200,148.0,0.0,0.0,0.0,10,145.0,147.0,30,126.0,161.5,167.5,144.5,133.0,20681.5,92
2023-05-11 09:49:55,PK311P9200,花生2311沽9200,148.0,0.0,0.0,0.0,10,146.5,147.0,30,126.0,161.5,167.5,144.5,133.0,20681.5,92
2023-05-11 09:49:55,PK311P9200,花生2311沽9200,147.0,10.0,1483.5,0.0,10,146.5,147.0,10,126.0,161.5,167.5,144.5,143.0,22165.0,92
2023-05-11 09:49:56,PK311P9200,花生2311沽9200,147.0,0.0,0.0,0.0,10,146.0,147.0,10,126.0,161.5,167.5,144.5,143.0,22165.0,92
2023-05-11 09:49:56,PK311P9200,花生2311沽9200,147.0,0.0,0.0,0.0,10,146.0,147.0,20,126.0,161.5,167.5,144.5,143.0,22165.0,92
2023-05-11 09:49:57,PK311P9200,花生2311沽9200,147.0,0.0,0.0,0.0,20,144.5,147.0,10,126.0,161.5,167.5,144.5,143.0,22165.0,92
2023-05-11 09:49:57,PK311P9200,花生2311沽9200,147.0,0.0,0.0,0.0,10,145.0,147.0,10,126.0,161.5,167.5,144.5,143.0,22165.0,92
2023-05-11 09:49:58,PK311P9200,花生2311沽9200,147.0,0.0,0.0,0.0,20,144.5,147.0,10,126.0,161.5,167.5,144.5,143.0,22165.0,92
2023-05-11 09:49:58,PK311P9200,花生2311沽9200,147.0,0.0,0.0,0.0,10,144.5,147.0,20,126.0,161.5,167.5,144.5,143.0,22165.0,92
2023-05-11 09:49:59,PK311P9200,花生2311沽9200,147.0,0.0,0.0,0.0,20,144.5,147.0,10,126.0,161.5,167.5,144.5,143.0,22165.0,92
2023-05-11 09:49:59,PK311P9200,花生2311沽9200,147.0,0.0,0.0,0.0,20,144.5,147.0,20,126.0,161.5,167.5,144.5,143.0,22165.0,92
2023-05-11 09:50:01,PK311P9200,花生2311沽9200,147.0,0.0,0.0,0.0,10,144.5,147.0,20,126.0,161.5,167.5,144.5,143.0,22165.0,92
2023-05-11 09:50:02,PK311P9200,花生2311沽9200,147.0,0.0,0.0,0.0,20,144.5,147.0,20,126.0,161.5,167.5,144.5,143.0,22165.0,92
2023-05-11 09:50:02,PK311P9200,花生2311沽9200,147.0,0.0,0.0,0.0,20,144.5,147.0,10,126.0,161.5,167.5,144.5,143.0,22165.0,92
2023-05-11 09:50:03,PK311P9200,花生2311沽9200,147.0,0.0,0.0,0.0,20,144.5,147.0,20,126.0,161.5,167.5,144.5,143.0,22165.0,92
2023-05-11 09:50:05,PK311P9200,花生2311沽9200,147.0,0.0,0.0,0.0,10,144.5,147.0,20,126.0,161.5,167.5,144.5,143.0,22165.0,92
2023-05-11 09:50:06,PK311P9200,花生2311沽9200,147.0,0.0,0.0,0.0,10,144.5,147.0,30,126.0,161.5,167.5,144.5,143.0,22165.0,92
2023-05-11 09:50:24,PK311P9200,花生2311沽9200,147.0,0.0,0.0,0.0,20,144.5,147.0,30,126.0,161.5,167.5,144.5,143.0,22165.0,92
2023-05-11 09:50:28,PK311P9200,花生2311沽9200,147.0,0.0,0.0,0.0,10,144.5,147.0,30,126.0,161.5,167.5,144.5,143.0,22165.0,92
2023-05-11 09:50:28,PK311P9200,花生2311沽9200,147.0,0.0,0.0,0.0,20,144.5,147.0,30,126.0,161.5,167.5,144.5,143.0,22165.0,92
2023-05-11 09:50:35,PK311P9200,花生2311沽9200,147.0,0.0,0.0,0.0,10,144.5,147.0,30,126.0,161.5,167.5,144.5,143.0,22165.0,92
2023-05-11 09:50:35,PK311P9200,花生2311沽9200,147.0,0.0,0.0,0.0,20,144.5,147.0,30,126.0,161.5,167.5,144.5,143.0,22165.0,92
2023-05-11 09:50:36,PK311P9200,花生2311沽9200,147.0,0.0,0.0,0.0,10,144.5,147.0,30,126.0,161.5,167.5,144.5,143.0,22165.0,92
2023-05-11 09:50:37,PK311P9200,花生2311沽9200,147.0,0.0,0.0,0.0,20,144.5,147.0,30,126.0,161.5,167.5,144.5,143.0,22165.0,92
2023-05-11 09:50:41,PK311P9200,花生2311沽9200,147.0,0.0,0.0,0.0,10,144.5,147.0,30,126.0,161.5,167.5,144.5,143.0,22165.0,92
2023-05-11 09:51:00,PK311P9200,花生2311沽9200,147.0,0.0,0.0,0.0,20,143.5,147.0,30,126.0,161.5,167.5,144.5,143.0,22165.0,92
2023-05-11 09:51:04,PK311P9200,花生2311沽9200,147.0,0.0,0.0,0.0,10,144.5,147.0,30,126.0,161.5,167.5,144.5,143.0,22165.0,92
2023-05-11 09:51:04,PK311P9200,花生2311沽9200,147.0,0.0,0.0,0.0,10,144.5,147.0,10,126.0,161.5,167.5,144.5,143.0,22165.0,92
2023-05-11 09:51:05,PK311P9200,花生2311沽9200,147.0,0.0,0.0,0.0,10,144.5,148.0,10,126.0,161.5,167.5,144.5,143.0,22165.0,92
2023-05-11 09:51:05,PK311P9200,花生2311沽9200,147.0,0.0,0.0,0.0,20,144.5,148.0,10,126.0,161.5,167.5,144.5,143.0,22165.0,92
2023-05-11 09:51:06,PK311P9200,花生2311沽9200,147.0,0.0,0.0,0.0,20,144.5,148.5,30,126.0,161.5,167.5,144.5,143.0,22165.0,92
2023-05-11 09:52:12,PK311P9200,花生2311沽9200,147.0,0.0,0.0,0.0,10,146.5,148.5,30,126.0,161.5,167.5,144.5,143.0,22165.0,92
2023-05-11 09:52:14,PK311P9200,花生2311沽9200,147.0,0.0,0.0,0.0,10,146.5,148.5,40,126.0,161.5,167.5,144.5,143.0,22165.0,92
2023-05-11 09:52:15,PK311P9200,花生2311沽9200,147.0,0.0,0.0,0.0,10,146.5,148.5,30,126.0,161.5,167.5,144.5,143.0,22165.0,92
2023-05-11 09:52:43,PK311P9200,花生2311沽9200,147.0,0.0,0.0,0.0,10,146.5,148.5,20,126.0,161.5,167.5,144.5,143.0,22165.0,92
2023-05-11 09:52:44,PK311P9200,花生2311沽9200,147.0,0.0,0.0,0.0,10,146.5,148.5,30,126.0,161.5,167.5,144.5,143.0,22165.0,92
2023-05-11 09:53:05,PK311P9200,花生2311沽9200,147.0,0.0,0.0,0.0,10,147.5,148.5,20,126.0,161.5,167.5,144.5,143.0,22165.0,92
2023-05-11 09:53:05,PK311P9200,花生2311沽9200,147.0,0.0,0.0,0.0,10,147.5,148.5,10,126.0,161.5,167.5,144.5,143.0,22165.0,92
2023-05-11 09:53:06,PK311P9200,花生2311沽9200,147.0,0.0,0.0,0.0,10,147.5,149.0,10,126.0,161.5,167.5,144.5,143.0,22165.0,92
2023-05-11 09:53:06,PK311P9200,花生2311沽9200,147.0,0.0,0.0,0.0,10,147.5,149.5,20,126.0,161.5,167.5,144.5,143.0,22165.0,92
2023-05-11 09:53:07,PK311P9200,花生2311沽9200,147.0,0.0,0.0,0.0,10,147.5,149.5,30,126.0,161.5,167.5,144.5,143.0,22165.0,92
2023-05-11 09:53:14,PK311P9200,花生2311沽9200,147.0,0.0,0.0,0.0,10,149.0,149.5,30,126.0,161.5,167.5,144.5,143.0,22165.0,92
2023-05-11 09:53:16,PK311P9200,花生2311沽9200,147.0,0.0,0.0,0.0,10,149.0,149.5,20,126.0,161.5,167.5,144.5,143.0,22165.0,92
2023-05-11 09:53:20,PK311P9200,花生2311沽9200,147.0,0.0,0.0,0.0,10,149.0,149.5,10,126.0,161.5,167.5,144.5,143.0,22165.0,92
2023-05-11 09:53:21,PK311P9200,花生2311沽9200,147.0,0.0,0.0,0.0,10,149.0,150.0,30,126.0,161.5,167.5,144.5,143.0,22165.0,92
2023-05-11 09:53:22,PK311P9200,花生2311沽9200,147.0,0.0,0.0,0.0,10,149.0,150.0,20,126.0,161.5,167.5,144.5,143.0,22165.0,92
2023-05-11 09:53:25,PK311P9200,花生2311沽9200,147.0,0.0,0.0,0.0,10,149.0,150.0,10,126.0,161.5,167.5,144.5,143.0,22165.0,92
2023-05-11 09:53:26,PK311P9200,花生2311沽9200,147.0,0.0,0.0,0.0,10,149.0,150.5,30,126.0,161.5,167.5,144.5,143.0,22165.0,92
2023-05-11 09:53:37,PK311P9200,花生2311沽9200,147.0,0.0,0.0,0.0,10,149.0,150.5,20,126.0,161.5,167.5,144.5,143.0,22165.0,92
2023-05-11 09:53:43,PK311P9200,花生2311沽9200,147.0,0.0,0.0,0.0,10,149.0,150.5,30,126.0,161.5,167.5,144.5,143.0,22165.0,92
2023-05-11 09:53:43,PK311P9200,花生2311沽9200,147.0,0.0,0.0,0.0,10,150.0,150.5,30,126.0,161.5,167.5,144.5,143.0,22165.0,92
2023-05-11 09:53:44,PK311P9200,花生2311沽9200,150.5,10.0,1550.0,10.0,10,150.0,150.5,10,126.0,161.5,167.5,144.5,153.0,23715.0,102
2023-05-11 09:53:44,PK311P9200,花生2311沽9200,150.5,0.0,0.0,0.0,10,149.0,151.0,30,126.0,161.5,167.5,144.5,153.0,23715.0,102
2023-05-11 09:53:45,PK311P9200,花生2311沽9200,150.5,0.0,0.0,0.0,20,149.0,151.0,30,126.0,161.5,167.5,144.5,153.0,23715.0,102
2023-05-11 09:53:46,PK311P9200,花生2311沽9200,150.5,0.0,0.0,0.0,10,149.0,151.0,20,126.0,161.5,167.5,144.5,153.0,23715.0,102
2023-05-11 09:54:06,PK311P9200,花生2311沽9200,150.5,0.0,0.0,0.0,10,149.5,151.0,20,126.0,161.5,167.5,144.5,153.0,23715.0,102
2023-05-11 09:54:07,PK311P9200,花生2311沽9200,150.5,0.0,0.0,0.0,10,149.5,151.5,20,126.0,161.5,167.5,144.5,153.0,23715.0,102
2023-05-11 09:54:08,PK311P9200,花生2311沽9200,150.5,0.0,0.0,0.0,10,149.5,151.5,10,126.0,161.5,167.5,144.5,153.0,23715.0,102
2023-05-11 09:54:08,PK311P9200,花生2311沽9200,150.5,0.0,0.0,0.0,10,150.5,152.0,10,126.0,161.5,167.5,144.5,153.0,23715.0,102
2023-05-11 09:54:09,PK311P9200,花生2311沽9200,150.5,0.0,0.0,0.0,10,150.5,152.5,20,126.0,161.5,167.5,144.5,153.0,23715.0,102
2023-05-11 09:54:14,PK311P9200,花生2311沽9200,150.5,0.0,0.0,0.0,10,152.0,152.5,20,126.0,161.5,167.5,144.5,153.0,23715.0,102
2023-05-11 09:54:18,PK311P9200,花生2311沽9200,150.5,0.0,0.0,0.0,10,152.0,152.5,10,126.0,161.5,167.5,144.5,153.0,23715.0,102
2023-05-11 09:54:18,PK311P9200,花生2311沽9200,150.5,0.0,0.0,0.0,10,152.0,153.0,20,126.0,161.5,167.5,144.5,153.0,23715.0,102
2023-05-11 09:54:20,PK311P9200,花生2311沽9200,150.5,0.0,0.0,0.0,10,152.0,153.0,10,126.0,161.5,167.5,144.5,153.0,23715.0,102
2023-05-11 09:54:20,PK311P9200,花生2311沽9200,150.5,0.0,0.0,0.0,10,152.0,153.5,30,126.0,161.5,167.5,144.5,153.0,23715.0,102
2023-05-11 09:54:24,PK311P9200,花生2311沽9200,150.5,0.0,0.0,0.0,10,152.0,153.5,20,126.0,161.5,167.5,144.5,153.0,23715.0,102
2023-05-11 09:54:30,PK311P9200,花生2311沽9200,150.5,0.0,0.0,0.0,10,152.0,153.5,30,126.0,161.5,167.5,144.5,153.0,23715.0,102
2023-05-11 09:54:35,PK311P9200,花生2311沽9200,150.5,0.0,0.0,0.0,10,152.0,153.5,20,126.0,161.5,167.5,144.5,153.0,23715.0,102
2023-05-11 09:54:49,PK311P9200,花生2311沽9200,150.5,0.0,0.0,0.0,10,152.0,153.5,10,126.0,161.5,167.5,144.5,153.0,23715.0,102
2023-05-11 09:54:49,PK311P9200,花生2311沽9200,150.5,0.0,0.0,0.0,10,152.0,154.0,20,126.0,161.5,167.5,144.5,153.0,23715.0,102
2023-05-11 09:54:55,PK311P9200,花生2311沽9200,150.5,0.0,0.0,0.0,10,153.0,154.0,20,126.0,161.5,167.5,144.5,153.0,23715.0,102
2023-05-11 09:55:01,PK311P9200,花生2311沽9200,150.5,0.0,0.0,0.0,10,153.0,154.5,30,126.0,161.5,167.5,144.5,153.0,23715.0,102
2023-05-11 09:55:01,PK311P9200,花生2311沽9200,150.5,0.0,0.0,0.0,10,152.5,154.5,20,126.0,161.5,167.5,144.5,153.0,23715.0,102
2023-05-11 09:55:02,PK311P9200,花生2311沽9200,150.5,0.0,0.0,0.0,10,153.0,154.5,10,126.0,161.5,167.5,144.5,153.0,23715.0,102
2023-05-11 09:55:03,PK311P9200,花生2311沽9200,150.5,0.0,0.0,0.0,10,153.0,155.0,30,126.0,161.5,167.5,144.5,153.0,23715.0,102
2023-05-11 09:55:04,PK311P9200,花生2311沽9200,150.5,0.0,0.0,0.0,10,153.0,155.0,40,126.0,161.5,167.5,144.5,153.0,23715.0,102
2023-05-11 09:55:05,PK311P9200,花生2311沽9200,150.5,0.0,0.0,0.0,10,153.0,155.0,30,126.0,161.5,167.5,144.5,153.0,23715.0,102
2023-05-11 09:55:06,PK311P9200,花生2311沽9200,150.5,0.0,0.0,0.0,10,154.5,155.0,30,126.0,161.5,167.5,144.5,153.0,23715.0,102
2023-05-11 09:55:07,PK311P9200,花生2311沽9200,150.5,0.0,0.0,0.0,10,154.5,155.0,20,126.0,161.5,167.5,144.5,153.0,23715.0,102
2023-05-11 09:55:07,PK311P9200,花生2311沽9200,150.5,0.0,0.0,0.0,10,154.5,155.5,20,126.0,161.5,167.5,144.5,153.0,23715.0,102
2023-05-11 09:55:08,PK311P9200,花生2311沽9200,155.5,10.0,1550.0,0.0,20,154.0,155.5,10,126.0,161.5,167.5,144.5,163.0,25265.0,102
2023-05-11 09:55:09,PK311P9200,花生2311沽9200,155.5,0.0,0.0,0.0,20,152.5,156.0,20,126.0,161.5,167.5,144.5,163.0,25265.0,102
2023-05-11 09:55:09,PK311P9200,花生2311沽9200,155.5,0.0,0.0,0.0,10,155.0,156.0,20,126.0,161.5,167.5,144.5,163.0,25265.0,102
2023-05-11 09:55:14,PK311P9200,花生2311沽9200,155.5,0.0,0.0,0.0,10,154.0,156.0,40,126.0,161.5,167.5,144.5,163.0,25265.0,102
2023-05-11 09:55:15,PK311P9200,花生2311沽9200,155.5,0.0,0.0,0.0,10,154.0,156.0,10,126.0,161.5,167.5,144.5,163.0,25265.0,102
2023-05-11 09:55:16,PK311P9200,花生2311沽9200,155.5,0.0,0.0,0.0,10,154.0,156.5,40,126.0,161.5,167.5,144.5,163.0,25265.0,102
2023-05-11 09:55:16,PK311P9200,花生2311沽9200,155.5,0.0,0.0,0.0,10,154.0,156.5,20,126.0,161.5,167.5,144.5,163.0,25265.0,102
2023-05-11 09:55:19,PK311P9200,花生2311沽9200,155.5,0.0,0.0,0.0,10,154.0,156.5,30,126.0,161.5,167.5,144.5,163.0,25265.0,102
2023-05-11 09:55:40,PK311P9200,花生2311沽9200,155.5,0.0,0.0,0.0,20,154.0,156.5,30,126.0,161.5,167.5,144.5,163.0,25265.0,102
2023-05-11 09:55:46,PK311P9200,花生2311沽9200,155.5,0.0,0.0,0.0,10,155.5,156.5,30,126.0,161.5,167.5,144.5,163.0,25265.0,102
2023-05-11 09:55:46,PK311P9200,花生2311沽9200,155.5,0.0,0.0,0.0,10,155.5,156.5,20,126.0,161.5,167.5,144.5,163.0,25265.0,102
2023-05-11 09:55:47,PK311P9200,花生2311沽9200,155.5,0.0,0.0,0.0,10,154.5,156.5,20,126.0,161.5,167.5,144.5,163.0,25265.0,102
2023-05-11 09:55:53,PK311P9200,花生2311沽9200,155.5,0.0,0.0,0.0,10,155.5,156.5,20,126.0,161.5,167.5,144.5,163.0,25265.0,102
2023-05-11 09:55:53,PK311P9200,花生2311沽9200,155.5,0.0,0.0,0.0,10,155.5,156.5,10,126.0,161.5,167.5,144.5,163.0,25265.0,102
2023-05-11 09:55:54,PK311P9200,花生2311沽9200,155.5,0.0,0.0,0.0,10,155.5,157.0,20,126.0,161.5,167.5,144.5,163.0,25265.0,102
2023-05-11 09:56:03,PK311P9200,花生2311沽9200,155.5,0.0,0.0,0.0,10,155.5,157.0,30,126.0,161.5,167.5,144.5,163.0,25265.0,102
2023-05-11 09:56:04,PK311P9200,花生2311沽9200,155.5,0.0,0.0,0.0,20,155.0,157.0,20,126.0,161.5,167.5,144.5,163.0,25265.0,102
2023-05-11 09:56:05,PK311P9200,花生2311沽9200,155.5,0.0,0.0,0.0,10,155.5,157.0,30,126.0,161.5,167.5,144.5,163.0,25265.0,102
2023-05-11 09:56:07,PK311P9200,花生2311沽9200,155.5,0.0,0.0,0.0,10,155.5,157.0,20,126.0,161.5,167.5,144.5,163.0,25265.0,102
2023-05-11 09:56:08,PK311P9200,花生2311沽9200,155.5,0.0,0.0,0.0,10,155.5,157.0,30,126.0,161.5,167.5,144.5,163.0,25265.0,102
2023-05-11 09:56:11,PK311P9200,花生2311沽9200,157.0,10.0,1550.0,10.0,10,155.0,157.0,20,126.0,161.5,167.5,144.5,173.0,26815.0,112
2023-05-11 09:56:11,PK311P9200,花生2311沽9200,157.0,0.0,0.0,0.0,20,154.0,157.0,10,126.0,161.5,167.5,144.5,173.0,26815.0,112
2023-05-11 09:56:12,PK311P9200,花生2311沽9200,157.0,0.0,0.0,0.0,20,154.0,157.5,30,126.0,161.5,167.5,144.5,173.0,26815.0,112
2023-05-11 09:56:15,PK311P9200,花生2311沽9200,157.0,0.0,0.0,0.0,10,154.0,157.5,30,126.0,161.5,167.5,144.5,173.0,26815.0,112
2023-05-11 09:56:18,PK311P9200,花生2311沽9200,157.0,0.0,0.0,0.0,10,154.5,157.5,30,126.0,161.5,167.5,144.5,173.0,26815.0,112
2023-05-11 09:56:29,PK311P9200,花生2311沽9200,157.0,0.0,0.0,0.0,10,155.0,157.5,30,126.0,161.5,167.5,144.5,173.0,26815.0,112
2023-05-11 09:56:30,PK311P9200,花生2311沽9200,157.0,0.0,0.0,0.0,10,155.5,157.5,30,126.0,161.5,167.5,144.5,173.0,26815.0,112
2023-05-11 09:56:36,PK311P9200,花生2311沽9200,157.0,0.0,0.0,0.0,10,155.5,157.5,20,126.0,161.5,167.5,144.5,173.0,26815.0,112
2023-05-11 09:56:36,PK311P9200,花生2311沽9200,157.0,0.0,0.0,0.0,10,155.5,157.5,30,126.0,161.5,167.5,144.5,173.0,26815.0,112
2023-05-11 09:56:42,PK311P9200,花生2311沽9200,157.0,0.0,0.0,0.0,10,155.5,157.5,20,126.0,161.5,167.5,144.5,173.0,26815.0,112
2023-05-11 09:56:46,PK311P9200,花生2311沽9200,157.0,0.0,0.0,0.0,10,155.5,157.5,30,126.0,161.5,167.5,144.5,173.0,26815.0,112
2023-05-11 09:56:48,PK311P9200,花生2311沽9200,157.0,0.0,0.0,0.0,10,155.5,157.5,20,126.0,161.5,167.5,144.5,173.0,26815.0,112
2023-05-11 09:57:02,PK311P9200,花生2311沽9200,157.0,0.0,0.0,0.0,10,156.0,157.5,20,126.0,161.5,167.5,144.5,173.0,26815.0,112
2023-05-11 09:57:03,PK311P9200,花生2311沽9200,157.0,0.0,0.0,0.0,10,156.5,157.5,20,126.0,161.5,167.5,144.5,173.0,26815.0,112
2023-05-11 09:57:05,PK311P9200,花生2311沽9200,157.0,0.0,0.0,0.0,10,156.0,157.5,20,126.0,161.5,167.5,144.5,173.0,26815.0,112
2023-05-11 09:57:05,PK311P9200,花生2311沽9200,157.0,0.0,0.0,0.0,10,157.0,157.5,20,126.0,161.5,167.5,144.5,173.0,26815.0,112
2023-05-11 09:57:13,PK311P9200,花生2311沽9200,157.0,0.0,0.0,0.0,10,157.0,157.5,10,126.0,161.5,167.5,144.5,173.0,26815.0,112
2023-05-11 09:57:14,PK311P9200,花生2311沽9200,157.0,0.0,0.0,0.0,10,157.0,158.0,20,126.0,161.5,167.5,144.5,173.0,26815.0,112
2023-05-11 09:57:21,PK311P9200,花生2311沽9200,157.0,0.0,0.0,0.0,20,156.5,158.0,20,126.0,161.5,167.5,144.5,173.0,26815.0,112
2023-05-11 09:58:18,PK311P9200,花生2311沽9200,157.0,0.0,0.0,0.0,20,156.5,158.0,10,126.0,161.5,167.5,144.5,173.0,26815.0,112
2023-05-11 09:58:18,PK311P9200,花生2311沽9200,157.0,0.0,0.0,0.0,10,156.5,158.5,20,126.0,161.5,167.5,144.5,173.0,26815.0,112
2023-05-11 09:58:27,PK311P9200,花生2311沽9200,157.0,0.0,0.0,0.0,10,156.5,158.5,10,126.0,161.5,167.5,144.5,173.0,26815.0,112
2023-05-11 09:58:28,PK311P9200,花生2311沽9200,157.0,0.0,0.0,0.0,10,156.5,158.5,20,126.0,161.5,167.5,144.5,173.0,26815.0,112
2023-05-11 09:58:36,PK311P9200,花生2311沽9200,157.0,0.0,0.0,0.0,10,156.5,159.0,10,126.0,161.5,167.5,144.5,173.0,26815.0,112
2023-05-11 09:58:37,PK311P9200,花生2311沽9200,157.0,0.0,0.0,0.0,20,156.5,159.0,20,126.0,161.5,167.5,144.5,173.0,26815.0,112
2023-05-11 09:58:41,PK311P9200,花生2311沽9200,157.0,0.0,0.0,0.0,20,156.5,159.0,30,126.0,161.5,167.5,144.5,173.0,26815.0,112
2023-05-11 09:59:04,PK311P9200,花生2311沽9200,157.0,0.0,0.0,0.0,10,156.5,159.0,30,126.0,161.5,167.5,144.5,173.0,26815.0,112
2023-05-11 09:59:05,PK311P9200,花生2311沽9200,157.0,0.0,0.0,0.0,20,155.5,159.0,30,126.0,161.5,167.5,144.5,173.0,26815.0,112
2023-05-11 09:59:08,PK311P9200,花生2311沽9200,157.0,0.0,0.0,0.0,10,156.5,159.0,30,126.0,161.5,167.5,144.5,173.0,26815.0,112
2023-05-11 09:59:37,PK311P9200,花生2311沽9200,157.0,0.0,0.0,0.0,20,156.5,159.0,30,126.0,161.5,167.5,144.5,173.0,26815.0,112
2023-05-11 09:59:38,PK311P9200,花生2311沽9200,157.0,0.0,0.0,0.0,20,156.5,159.0,20,126.0,161.5,167.5,144.5,173.0,26815.0,112
2023-05-11 09:59:41,PK311P9200,花生2311沽9200,157.0,0.0,0.0,0.0,20,156.5,159.0,10,126.0,161.5,167.5,144.5,173.0,26815.0,112
2023-05-11 09:59:42,PK311P9200,花生2311沽9200,157.0,0.0,0.0,0.0,20,156.5,159.5,30,126.0,161.5,167.5,144.5,173.0,26815.0,112
2023-05-11 10:00:01,PK311P9200,花生2311沽9200,157.0,0.0,0.0,0.0,10,158.0,159.5,20,126.0,161.5,167.5,144.5,173.0,26815.0,112
2023-05-11 10:00:03,PK311P9200,花生2311沽9200,157.0,0.0,0.0,0.0,10,158.0,159.5,30,126.0,161.5,167.5,144.5,173.0,26815.0,112
2023-05-11 10:00:07,PK311P9200,花生2311沽9200,157.0,0.0,0.0,0.0,10,157.0,159.5,30,126.0,161.5,167.5,144.5,173.0,26815.0,112
2023-05-11 10:00:08,PK311P9200,花生2311沽9200,157.0,0.0,0.0,0.0,10,158.0,159.5,20,126.0,161.5,167.5,144.5,173.0,26815.0,112
2023-05-11 10:00:11,PK311P9200,花生2311沽9200,159.5,10.0,1550.0,10.0,20,158.0,161.0,20,126.0,161.5,167.5,144.5,183.0,28365.0,122
2023-05-11 10:00:11,PK311P9200,花生2311沽9200,159.5,0.0,0.0,0.0,10,158.0,161.5,10,126.0,161.5,167.5,144.5,183.0,28365.0,122
2023-05-11 10:00:11,PK311P9200,花生2311沽9200,159.5,0.0,0.0,0.0,10,158.0,161.5,20,126.0,161.5,167.5,144.5,183.0,28365.0,122
2023-05-11 10:00:12,PK311P9200,花生2311沽9200,159.5,0.0,0.0,0.0,10,158.0,161.5,30,126.0,161.5,167.5,144.5,183.0,28365.0,122
2023-05-11 10:00:13,PK311P9200,花生2311沽9200,159.5,0.0,0.0,0.0,10,158.0,161.5,20,126.0,161.5,167.5,144.5,183.0,28365.0,122
2023-05-11 10:00:14,PK311P9200,花生2311沽9200,159.5,0.0,0.0,0.0,20,157.5,161.5,20,126.0,161.5,167.5,144.5,183.0,28365.0,122
2023-05-11 10:00:15,PK311P9200,花生2311沽9200,159.5,0.0,0.0,0.0,20,157.5,161.5,30,126.0,161.5,167.5,144.5,183.0,28365.0,122
2023-05-11 10:00:15,PK311P9200,花生2311沽9200,159.5,0.0,0.0,0.0,10,157.5,161.5,50,126.0,161.5,167.5,144.5,183.0,28365.0,122
2023-05-11 10:00:18,PK311P9200,花生2311沽9200,159.5,0.0,0.0,0.0,10,157.5,161.5,60,126.0,161.5,167.5,144.5,183.0,28365.0,122
2023-05-11 10:00:23,PK311P9200,花生2311沽9200,159.5,0.0,0.0,0.0,20,157.0,161.5,60,126.0,161.5,167.5,144.5,183.0,28365.0,122
2023-05-11 10:00:24,PK311P9200,花生2311沽9200,159.5,0.0,0.0,0.0,30,156.5,160.5,20,126.0,161.5,167.5,144.5,183.0,28365.0,122
2023-05-11 10:00:26,PK311P9200,花生2311沽9200,159.5,0.0,0.0,0.0,10,157.0,160.5,30,126.0,161.5,167.5,144.5,183.0,28365.0,122
2023-05-11 10:00:27,PK311P9200,花生2311沽9200,159.5,0.0,0.0,0.0,20,157.5,160.5,30,126.0,161.5,167.5,144.5,183.0,28365.0,122
2023-05-11 10:00:28,PK311P9200,花生2311沽9200,159.5,0.0,0.0,0.0,10,157.5,160.5,40,126.0,161.5,167.5,144.5,183.0,28365.0,122
2023-05-11 10:00:29,PK311P9200,花生2311沽9200,159.5,0.0,0.0,0.0,10,157.5,160.5,30,126.0,161.5,167.5,144.5,183.0,28365.0,122
2023-05-11 10:00:30,PK311P9200,花生2311沽9200,159.5,0.0,0.0,0.0,20,157.5,160.5,20,126.0,161.5,167.5,144.5,183.0,28365.0,122
2023-05-11 10:00:37,PK311P9200,花生2311沽9200,159.5,0.0,0.0,0.0,10,158.0,160.5,20,126.0,161.5,167.5,144.5,183.0,28365.0,122
2023-05-11 10:00:45,PK311P9200,花生2311沽9200,159.5,0.0,0.0,0.0,20,158.0,160.5,20,126.0,161.5,167.5,144.5,183.0,28365.0,122
2023-05-11 10:00:45,PK311P9200,花生2311沽9200,159.5,0.0,0.0,0.0,10,158.5,160.5,20,126.0,161.5,167.5,144.5,183.0,28365.0,122
2023-05-11 10:00:51,PK311P9200,花生2311沽9200,159.5,0.0,0.0,0.0,20,159.0,161.0,10,126.0,161.5,167.5,144.5,183.0,28365.0,122
2023-05-11 10:00:52,PK311P9200,花生2311沽9200,159.5,0.0,0.0,0.0,20,159.0,161.5,20,126.0,161.5,167.5,144.5,183.0,28365.0,122
2023-05-11 10:00:52,PK311P9200,花生2311沽9200,159.5,0.0,0.0,0.0,10,159.0,161.5,10,126.0,161.5,167.5,144.5,183.0,28365.0,122
2023-05-11 10:00:52,PK311P9200,花生2311沽9200,159.5,0.0,0.0,0.0,10,159.0,161.5,20,126.0,161.5,167.5,144.5,183.0,28365.0,122
2023-05-11 10:00:54,PK311P9200,花生2311沽9200,159.5,0.0,0.0,0.0,10,159.0,161.5,30,126.0,161.5,167.5,144.5,183.0,28365.0,122
2023-05-11 10:00:55,PK311P9200,花生2311沽9200,159.5,0.0,0.0,0.0,10,159.0,161.5,20,126.0,161.5,167.5,144.5,183.0,28365.0,122
2023-05-11 10:00:56,PK311P9200,花生2311沽9200,159.5,0.0,0.0,0.0,20,159.0,161.5,30,126.0,161.5,167.5,144.5,183.0,28365.0,122
2023-05-11 10:00:56,PK311P9200,花生2311沽9200,159.5,0.0,0.0,0.0,20,159.0,161.5,20,126.0,161.5,167.5,144.5,183.0,28365.0,122
2023-05-11 10:00:58,PK311P9200,花生2311沽9200,159.5,0.0,0.0,0.0,20,159.0,161.5,30,126.0,161.5,167.5,144.5,183.0,28365.0,122
2023-05-11 10:00:59,PK311P9200,花生2311沽9200,159.5,0.0,0.0,0.0,20,158.5,161.5,30,126.0,161.5,167.5,144.5,183.0,28365.0,122
2023-05-11 10:01:00,PK311P9200,花生2311沽9200,159.5,0.0,0.0,0.0,10,159.0,161.5,30,126.0,161.5,167.5,144.5,183.0,28365.0,122
2023-05-11 10:01:07,PK311P9200,花生2311沽9200,159.5,0.0,0.0,0.0,10,159.5,161.5,30,126.0,161.5,167.5,144.5,183.0,28365.0,122
2023-05-11 10:01:09,PK311P9200,花生2311沽9200,159.5,0.0,0.0,0.0,10,159.0,161.5,30,126.0,161.5,167.5,144.5,183.0,28365.0,122
2023-05-11 10:01:10,PK311P9200,花生2311沽9200,159.5,0.0,0.0,0.0,10,159.5,161.5,30,126.0,161.5,167.5,144.5,183.0,28365.0,122
2023-05-11 10:01:13,PK311P9200,花生2311沽9200,159.5,0.0,0.0,0.0,20,159.5,161.5,30,126.0,161.5,167.5,144.5,183.0,28365.0,122
2023-05-11 10:01:14,PK311P9200,花生2311沽9200,159.5,0.0,0.0,0.0,10,160.0,161.5,30,126.0,161.5,167.5,144.5,183.0,28365.0,122
2023-05-11 10:01:15,PK311P9200,花生2311沽9200,159.5,0.0,0.0,0.0,20,159.5,161.5,30,126.0,161.5,167.5,144.5,183.0,28365.0,122
2023-05-11 10:01:15,PK311P9200,花生2311沽9200,159.5,0.0,0.0,0.0,30,159.5,161.5,30,126.0,161.5,167.5,144.5,183.0,28365.0,122
2023-05-11 10:01:16,PK311P9200,花生2311沽9200,159.5,0.0,0.0,0.0,20,159.5,161.5,30,126.0,161.5,167.5,144.5,183.0,28365.0,122
2023-05-11 10:01:18,PK311P9200,花生2311沽9200,159.5,0.0,0.0,0.0,10,160.0,161.5,30,126.0,161.5,167.5,144.5,183.0,28365.0,122
2023-05-11 10:01:19,PK311P9200,花生2311沽9200,159.5,0.0,0.0,0.0,20,159.5,161.5,30,126.0,161.5,167.5,144.5,183.0,28365.0,122
2023-05-11 10:01:23,PK311P9200,花生2311沽9200,159.5,0.0,0.0,0.0,10,160.0,161.5,20,126.0,161.5,167.5,144.5,183.0,28365.0,122
2023-05-11 10:01:25,PK311P9200,花生2311沽9200,159.5,0.0,0.0,0.0,20,159.5,161.5,20,126.0,161.5,167.5,144.5,183.0,28365.0,122
2023-05-11 10:01:26,PK311P9200,花生2311沽9200,159.5,0.0,0.0,0.0,10,159.5,161.5,20,126.0,161.5,167.5,144.5,183.0,28365.0,122
2023-05-11 10:01:28,PK311P9200,花生2311沽9200,159.5,0.0,0.0,0.0,20,159.5,161.5,20,126.0,161.5,167.5,144.5,183.0,28365.0,122
2023-05-11 10:01:29,PK311P9200,花生2311沽9200,159.5,0.0,0.0,0.0,20,159.5,161.5,30,126.0,161.5,167.5,144.5,183.0,28365.0,122
2023-05-11 10:01:31,PK311P9200,花生2311沽9200,159.5,0.0,0.0,0.0,10,159.5,161.5,30,126.0,161.5,167.5,144.5,183.0,28365.0,122
2023-05-11 10:01:35,PK311P9200,花生2311沽9200,159.5,0.0,0.0,0.0,10,159.5,161.5,20,126.0,161.5,167.5,144.5,183.0,28365.0,122
2023-05-11 10:01:36,PK311P9200,花生2311沽9200,159.5,0.0,0.0,0.0,10,159.5,161.5,30,126.0,161.5,167.5,144.5,183.0,28365.0,122
2023-05-11 10:01:38,PK311P9200,花生2311沽9200,159.5,0.0,0.0,0.0,20,159.0,161.5,30,126.0,161.5,167.5,144.5,183.0,28365.0,122
2023-05-11 10:01:42,PK311P9200,花生2311沽9200,159.5,0.0,0.0,0.0,10,159.5,161.5,20,126.0,161.5,167.5,144.5,183.0,28365.0,122
2023-05-11 10:01:46,PK311P9200,花生2311沽9200,159.5,0.0,0.0,0.0,10,159.5,161.5,30,126.0,161.5,167.5,144.5,183.0,28365.0,122
2023-05-11 10:01:47,PK311P9200,花生2311沽9200,159.5,0.0,0.0,0.0,20,159.0,161.5,30,126.0,161.5,167.5,144.5,183.0,28365.0,122
2023-05-11 10:01:48,PK311P9200,花生2311沽9200,159.5,0.0,0.0,0.0,10,159.5,161.5,30,126.0,161.5,167.5,144.5,183.0,28365.0,122
2023-05-11 10:01:58,PK311P9200,花生2311沽9200,159.5,0.0,0.0,0.0,10,159.0,161.5,30,126.0,161.5,167.5,144.5,183.0,28365.0,122
2023-05-11 10:01:59,PK311P9200,花生2311沽9200,159.5,0.0,0.0,0.0,10,159.0,161.5,20,126.0,161.5,167.5,144.5,183.0,28365.0,122
2023-05-11 10:02:00,PK311P9200,花生2311沽9200,159.5,0.0,0.0,0.0,10,159.0,161.5,30,126.0,161.5,167.5,144.5,183.0,28365.0,122
2023-05-11 10:02:18,PK311P9200,花生2311沽9200,159.5,0.0,0.0,0.0,10,159.0,161.5,40,126.0,161.5,167.5,144.5,183.0,28365.0,122
2023-05-11 10:02:19,PK311P9200,花生2311沽9200,159.5,0.0,0.0,0.0,10,159.0,161.5,30,126.0,161.5,167.5,144.5,183.0,28365.0,122
2023-05-11 10:02:44,PK311P9200,花生2311沽9200,159.5,0.0,0.0,0.0,10,158.5,161.5,30,126.0,161.5,167.5,144.5,183.0,28365.0,122
2023-05-11 10:02:44,PK311P9200,花生2311沽9200,159.5,0.0,0.0,0.0,10,158.0,161.5,30,126.0,161.5,167.5,144.5,183.0,28365.0,122
2023-05-11 10:02:50,PK311P9200,花生2311沽9200,159.5,0.0,0.0,0.0,10,158.0,161.5,50,126.0,161.5,167.5,144.5,183.0,28365.0,122
2023-05-11 10:02:51,PK311P9200,花生2311沽9200,159.5,0.0,0.0,0.0,10,158.0,161.5,60,126.0,161.5,167.5,144.5,183.0,28365.0,122
2023-05-11 10:02:51,PK311P9200,花生2311沽9200,159.5,0.0,0.0,0.0,10,158.0,161.5,50,126.0,161.5,167.5,144.5,183.0,28365.0,122
2023-05-11 10:02:58,PK311P9200,花生2311沽9200,159.5,0.0,0.0,0.0,10,157.5,161.5,50,126.0,161.5,167.5,144.5,183.0,28365.0,122
2023-05-11 10:02:58,PK311P9200,花生2311沽9200,159.5,0.0,0.0,0.0,10,157.0,160.5,30,126.0,161.5,167.5,144.5,183.0,28365.0,122
2023-05-11 10:02:58,PK311P9200,花生2311沽9200,159.5,0.0,0.0,0.0,10,155.5,160.5,30,126.0,161.5,167.5,144.5,183.0,28365.0,122
2023-05-11 10:02:59,PK311P9200,花生2311沽9200,159.5,0.0,0.0,0.0,10,155.5,160.5,40,126.0,161.5,167.5,144.5,183.0,28365.0,122
2023-05-11 10:03:00,PK311P9200,花生2311沽9200,159.5,0.0,0.0,0.0,10,155.5,160.5,30,126.0,161.5,167.5,144.5,183.0,28365.0,122
2023-05-11 10:03:00,PK311P9200,花生2311沽9200,159.5,0.0,0.0,0.0,10,155.5,160.5,40,126.0,161.5,167.5,144.5,183.0,28365.0,122
2023-05-11 10:03:02,PK311P9200,花生2311沽9200,159.5,0.0,0.0,0.0,20,155.5,160.5,40,126.0,161.5,167.5,144.5,183.0,28365.0,122
2023-05-11 10:03:02,PK311P9200,花生2311沽9200,159.5,0.0,0.0,0.0,10,155.5,160.5,40,126.0,161.5,167.5,144.5,183.0,28365.0,122
2023-05-11 10:03:02,PK311P9200,花生2311沽9200,159.5,0.0,0.0,0.0,20,155.5,160.5,30,126.0,161.5,167.5,144.5,183.0,28365.0,122
2023-05-11 10:03:03,PK311P9200,花生2311沽9200,159.5,0.0,0.0,0.0,10,157.0,160.5,30,126.0,161.5,167.5,144.5,183.0,28365.0,122
2023-05-11 10:03:05,PK311P9200,花生2311沽9200,159.5,0.0,0.0,0.0,10,156.5,160.5,30,126.0,161.5,167.5,144.5,183.0,28365.0,122
2023-05-11 10:03:10,PK311P9200,花生2311沽9200,159.5,0.0,0.0,0.0,10,156.5,160.5,10,126.0,161.5,167.5,144.5,183.0,28365.0,122
2023-05-11 10:03:11,PK311P9200,花生2311沽9200,159.5,0.0,0.0,0.0,10,155.5,160.5,10,126.0,161.5,167.5,144.5,183.0,28365.0,122
2023-05-11 10:03:11,PK311P9200,花生2311沽9200,159.5,0.0,0.0,0.0,20,155.0,160.0,30,126.0,161.5,167.5,144.5,183.0,28365.0,122
2023-05-11 10:03:12,PK311P9200,花生2311沽9200,159.5,0.0,0.0,0.0,10,155.5,160.0,20,126.0,161.5,167.5,144.5,183.0,28365.0,122
2023-05-11 10:03:12,PK311P9200,花生2311沽9200,159.5,0.0,0.0,0.0,10,155.5,160.0,30,126.0,161.5,167.5,144.5,183.0,28365.0,122
2023-05-11 10:03:13,PK311P9200,花生2311沽9200,159.5,0.0,0.0,0.0,10,155.5,160.0,40,126.0,161.5,167.5,144.5,183.0,28365.0,122
2023-05-11 10:03:15,PK311P9200,花生2311沽9200,159.5,0.0,0.0,0.0,10,155.5,160.0,30,126.0,161.5,167.5,144.5,183.0,28365.0,122
2023-05-11 10:03:16,PK311P9200,花生2311沽9200,159.5,0.0,0.0,0.0,10,155.5,160.0,40,126.0,161.5,167.5,144.5,183.0,28365.0,122
2023-05-11 10:03:19,PK311P9200,花生2311沽9200,159.5,0.0,0.0,0.0,20,155.0,160.0,40,126.0,161.5,167.5,144.5,183.0,28365.0,122
2023-05-11 10:03:19,PK311P9200,花生2311沽9200,159.5,0.0,0.0,0.0,10,155.0,160.0,40,126.0,161.5,167.5,144.5,183.0,28365.0,122
2023-05-11 10:03:21,PK311P9200,花生2311沽9200,159.5,0.0,0.0,0.0,10,155.0,160.0,30,126.0,161.5,167.5,144.5,183.0,28365.0,122
2023-05-11 10:03:22,PK311P9200,花生2311沽9200,159.5,0.0,0.0,0.0,10,155.0,160.0,40,126.0,161.5,167.5,144.5,183.0,28365.0,122
2023-05-11 10:03:24,PK311P9200,花生2311沽9200,159.5,0.0,0.0,0.0,10,155.0,160.0,50,126.0,161.5,167.5,144.5,183.0,28365.0,122
2023-05-11 10:03:28,PK311P9200,花生2311沽9200,159.5,0.0,0.0,0.0,10,155.0,160.0,40,126.0,161.5,167.5,144.5,183.0,28365.0,122
2023-05-11 10:03:32,PK311P9200,花生2311沽9200,159.5,0.0,0.0,0.0,10,155.0,160.0,50,126.0,161.5,167.5,144.5,183.0,28365.0,122
2023-05-11 10:03:33,PK311P9200,花生2311沽9200,159.5,0.0,0.0,0.0,10,155.0,160.0,40,126.0,161.5,167.5,144.5,183.0,28365.0,122
2023-05-11 10:03:34,PK311P9200,花生2311沽9200,159.5,0.0,0.0,0.0,30,154.0,159.0,20,126.0,161.5,167.5,144.5,183.0,28365.0,122
2023-05-11 10:03:35,PK311P9200,花生2311沽9200,159.5,0.0,0.0,0.0,20,154.0,159.0,20,126.0,161.5,167.5,144.5,183.0,28365.0,122
2023-05-11 10:03:36,PK311P9200,花生2311沽9200,159.5,0.0,0.0,0.0,30,154.0,159.0,30,126.0,161.5,167.5,144.5,183.0,28365.0,122
2023-05-11 10:03:38,PK311P9200,花生2311沽9200,159.5,0.0,0.0,0.0,20,154.0,159.0,30,126.0,161.5,167.5,144.5,183.0,28365.0,122
2023-05-11 10:03:58,PK311P9200,花生2311沽9200,159.5,0.0,0.0,0.0,10,154.5,159.0,20,126.0,161.5,167.5,144.5,183.0,28365.0,122
2023-05-11 10:04:07,PK311P9200,花生2311沽9200,159.5,0.0,0.0,0.0,20,154.0,159.0,30,126.0,161.5,167.5,144.5,183.0,28365.0,122
2023-05-11 10:04:10,PK311P9200,花生2311沽9200,159.5,0.0,0.0,0.0,10,155.0,159.0,30,126.0,161.5,167.5,144.5,183.0,28365.0,122
2023-05-11 10:04:11,PK311P9200,花生2311沽9200,159.5,0.0,0.0,0.0,20,154.0,159.0,20,126.0,161.5,167.5,144.5,183.0,28365.0,122
2023-05-11 10:04:13,PK311P9200,花生2311沽9200,159.5,0.0,0.0,0.0,30,154.0,159.0,30,126.0,161.5,167.5,144.5,183.0,28365.0,122
2023-05-11 10:04:17,PK311P9200,花生2311沽9200,159.5,0.0,0.0,0.0,10,155.0,159.0,20,126.0,161.5,167.5,144.5,183.0,28365.0,122
2023-05-11 10:04:23,PK311P9200,花生2311沽9200,159.5,0.0,0.0,0.0,20,155.0,159.0,20,126.0,161.5,167.5,144.5,183.0,28365.0,122
2023-05-11 10:04:33,PK311P9200,花生2311沽9200,159.5,0.0,0.0,0.0,10,155.0,159.0,20,126.0,161.5,167.5,144.5,183.0,28365.0,122
2023-05-11 10:04:40,PK311P9200,花生2311沽9200,159.5,0.0,0.0,0.0,20,155.0,159.0,20,126.0,161.5,167.5,144.5,183.0,28365.0,122
2023-05-11 10:04:50,PK311P9200,花生2311沽9200,159.5,0.0,0.0,0.0,10,155.0,159.0,30,126.0,161.5,167.5,144.5,183.0,28365.0,122
2023-05-11 10:04:53,PK311P9200,花生2311沽9200,159.5,0.0,0.0,0.0,30,154.0,159.0,30,126.0,161.5,167.5,144.5,183.0,28365.0,122
2023-05-11 10:04:53,PK311P9200,花生2311沽9200,159.5,0.0,0.0,0.0,20,154.0,159.0,30,126.0,161.5,167.5,144.5,183.0,28365.0,122
2023-05-11 10:04:55,PK311P9200,花生2311沽9200,159.5,0.0,0.0,0.0,10,155.0,159.0,10,126.0,161.5,167.5,144.5,183.0,28365.0,122
2023-05-11 10:04:57,PK311P9200,花生2311沽9200,159.5,0.0,0.0,0.0,10,155.0,159.0,20,126.0,161.5,167.5,144.5,183.0,28365.0,122
2023-05-11 10:05:03,PK311P9200,花生2311沽9200,159.5,0.0,0.0,0.0,30,154.0,159.0,20,126.0,161.5,167.5,144.5,183.0,28365.0,122
2023-05-11 10:05:04,PK311P9200,花生2311沽9200,159.5,0.0,0.0,0.0,20,154.0,159.0,20,126.0,161.5,167.5,144.5,183.0,28365.0,122
2023-05-11 10:05:08,PK311P9200,花生2311沽9200,159.5,0.0,0.0,0.0,30,154.0,159.0,20,126.0,161.5,167.5,144.5,183.0,28365.0,122
2023-05-11 10:05:09,PK311P9200,花生2311沽9200,159.5,0.0,0.0,0.0,20,154.0,159.0,20,126.0,161.5,167.5,144.5,183.0,28365.0,122
2023-05-11 10:05:09,PK311P9200,花生2311沽9200,159.5,0.0,0.0,0.0,30,154.0,159.0,20,126.0,161.5,167.5,144.5,183.0,28365.0,122
2023-05-11 10:05:11,PK311P9200,花生2311沽9200,159.5,0.0,0.0,0.0,20,154.0,159.0,30,126.0,161.5,167.5,144.5,183.0,28365.0,122
2023-05-11 10:05:11,PK311P9200,花生2311沽9200,159.5,0.0,0.0,0.0,20,154.0,159.0,20,126.0,161.5,167.5,144.5,183.0,28365.0,122
2023-05-11 10:05:14,PK311P9200,花生2311沽9200,159.5,0.0,0.0,0.0,30,154.0,159.0,20,126.0,161.5,167.5,144.5,183.0,28365.0,122
2023-05-11 10:05:15,PK311P9200,花生2311沽9200,159.5,0.0,0.0,0.0,10,155.0,159.0,20,126.0,161.5,167.5,144.5,183.0,28365.0,122
2023-05-11 10:05:20,PK311P9200,花生2311沽9200,159.5,0.0,0.0,0.0,10,155.0,159.0,10,126.0,161.5,167.5,144.5,183.0,28365.0,122
2023-05-11 10:05:21,PK311P9200,花生2311沽9200,159.5,0.0,0.0,0.0,10,155.0,159.0,20,126.0,161.5,167.5,144.5,183.0,28365.0,122
2023-05-11 10:06:04,PK311P9200,花生2311沽9200,159.5,0.0,0.0,0.0,10,155.0,159.0,10,126.0,161.5,167.5,144.5,183.0,28365.0,122
2023-05-11 10:06:05,PK311P9200,花生2311沽9200,159.5,0.0,0.0,0.0,10,155.0,159.0,20,126.0,161.5,167.5,144.5,183.0,28365.0,122
2023-05-11 10:06:11,PK311P9200,花生2311沽9200,159.5,0.0,0.0,0.0,10,155.5,159.0,10,126.0,161.5,167.5,144.5,183.0,28365.0,122
2023-05-11 10:06:12,PK311P9200,花生2311沽9200,159.5,0.0,0.0,0.0,10,155.5,159.0,20,126.0,161.5,167.5,144.5,183.0,28365.0,122
2023-05-11 10:07:00,PK311P9200,花生2311沽9200,159.5,0.0,0.0,0.0,20,155.5,159.5,20,126.0,161.5,167.5,144.5,183.0,28365.0,122
2023-05-11 10:07:03,PK311P9200,花生2311沽9200,159.5,0.0,0.0,0.0,30,155.5,159.5,20,126.0,161.5,167.5,144.5,183.0,28365.0,122
2023-05-11 10:07:33,PK311P9200,花生2311沽9200,159.5,0.0,0.0,0.0,20,155.5,159.5,20,126.0,161.5,167.5,144.5,183.0,28365.0,122
2023-05-11 10:07:50,PK311P9200,花生2311沽9200,159.5,0.0,0.0,0.0,10,156.5,159.5,20,126.0,161.5,167.5,144.5,183.0,28365.0,122
2023-05-11 10:07:58,PK311P9200,花生2311沽9200,159.5,0.0,0.0,0.0,20,156.5,159.5,20,126.0,161.5,167.5,144.5,183.0,28365.0,122
2023-05-11 10:08:00,PK311P9200,花生2311沽9200,159.5,0.0,0.0,0.0,10,156.5,159.5,10,126.0,161.5,167.5,144.5,183.0,28365.0,122
2023-05-11 10:08:02,PK311P9200,花生2311沽9200,159.5,0.0,0.0,0.0,10,156.5,159.5,20,126.0,161.5,167.5,144.5,183.0,28365.0,122
2023-05-11 10:08:05,PK311P9200,花生2311沽9200,159.5,0.0,0.0,0.0,20,156.5,159.5,20,126.0,161.5,167.5,144.5,183.0,28365.0,122
2023-05-11 10:08:06,PK311P9200,花生2311沽9200,159.5,0.0,0.0,0.0,10,157.0,159.5,20,126.0,161.5,167.5,144.5,183.0,28365.0,122
2023-05-11 10:08:08,PK311P9200,花生2311沽9200,159.5,0.0,0.0,0.0,10,157.0,160.0,50,126.0,161.5,167.5,144.5,183.0,28365.0,122
2023-05-11 10:08:11,PK311P9200,花生2311沽9200,159.5,0.0,0.0,0.0,10,157.0,160.0,30,126.0,161.5,167.5,144.5,183.0,28365.0,122
2023-05-11 10:08:21,PK311P9200,花生2311沽9200,159.5,0.0,0.0,0.0,20,157.0,160.0,30,126.0,161.5,167.5,144.5,183.0,28365.0,122
2023-05-11 10:08:27,PK311P9200,花生2311沽9200,159.5,0.0,0.0,0.0,30,157.0,160.0,30,126.0,161.5,167.5,144.5,183.0,28365.0,122
2023-05-11 10:08:27,PK311P9200,花生2311沽9200,159.5,0.0,0.0,0.0,10,158.0,160.0,30,126.0,161.5,167.5,144.5,183.0,28365.0,122
2023-05-11 10:08:29,PK311P9200,花生2311沽9200,159.5,0.0,0.0,0.0,10,158.5,160.0,30,126.0,161.5,167.5,144.5,183.0,28365.0,122
2023-05-11 10:08:30,PK311P9200,花生2311沽9200,159.5,0.0,0.0,0.0,10,158.5,160.0,20,126.0,161.5,167.5,144.5,183.0,28365.0,122
2023-05-11 10:08:31,PK311P9200,花生2311沽9200,159.5,0.0,0.0,0.0,10,158.5,160.5,20,126.0,161.5,167.5,144.5,183.0,28365.0,122
2023-05-11 10:08:31,PK311P9200,花生2311沽9200,159.5,0.0,0.0,0.0,10,158.5,160.5,10,126.0,161.5,167.5,144.5,183.0,28365.0,122
2023-05-11 10:08:32,PK311P9200,花生2311沽9200,159.5,0.0,0.0,0.0,10,158.5,161.0,40,126.0,161.5,167.5,144.5,183.0,28365.0,122
2023-05-11 10:08:33,PK311P9200,花生2311沽9200,159.5,0.0,0.0,0.0,10,158.5,161.0,30,126.0,161.5,167.5,144.5,183.0,28365.0,122
2023-05-11 10:08:33,PK311P9200,花生2311沽9200,159.5,0.0,0.0,0.0,20,158.5,161.0,30,126.0,161.5,167.5,144.5,183.0,28365.0,122
2023-05-11 10:08:45,PK311P9200,花生2311沽9200,159.5,0.0,0.0,0.0,20,158.5,161.0,20,126.0,161.5,167.5,144.5,183.0,28365.0,122
2023-05-11 10:08:45,PK311P9200,花生2311沽9200,159.5,0.0,0.0,0.0,30,158.5,161.0,20,126.0,161.5,167.5,144.5,183.0,28365.0,122
2023-05-11 10:08:47,PK311P9200,花生2311沽9200,159.5,0.0,0.0,0.0,10,159.5,161.0,20,126.0,161.5,167.5,144.5,183.0,28365.0,122
2023-05-11 10:08:49,PK311P9200,花生2311沽9200,159.5,0.0,0.0,0.0,10,160.0,161.0,40,126.0,161.5,167.5,144.5,183.0,28365.0,122
2023-05-11 10:08:49,PK311P9200,花生2311沽9200,159.5,0.0,0.0,0.0,10,160.0,161.0,30,126.0,161.5,167.5,144.5,183.0,28365.0,122
2023-05-11 10:08:51,PK311P9200,花生2311沽9200,159.5,0.0,0.0,0.0,10,160.0,161.0,40,126.0,161.5,167.5,144.5,183.0,28365.0,122
2023-05-11 10:08:52,PK311P9200,花生2311沽9200,159.5,0.0,0.0,0.0,10,160.5,161.0,20,126.0,161.5,167.5,144.5,183.0,28365.0,122
2023-05-11 10:08:52,PK311P9200,花生2311沽9200,159.5,0.0,0.0,0.0,10,160.5,161.5,30,126.0,161.5,167.5,144.5,183.0,28365.0,122
2023-05-11 10:08:53,PK311P9200,花生2311沽9200,159.5,0.0,0.0,0.0,10,160.5,161.5,20,126.0,161.5,167.5,144.5,183.0,28365.0,122
2023-05-11 10:08:54,PK311P9200,花生2311沽9200,159.5,0.0,0.0,0.0,10,160.5,161.5,30,126.0,161.5,167.5,144.5,183.0,28365.0,122
2023-05-11 10:08:56,PK311P9200,花生2311沽9200,159.5,0.0,0.0,0.0,10,161.0,161.5,30,126.0,161.5,167.5,144.5,183.0,28365.0,122
2023-05-11 10:08:57,PK311P9200,花生2311沽9200,159.5,0.0,0.0,0.0,20,160.5,161.5,30,126.0,161.5,167.5,144.5,183.0,28365.0,122
2023-05-11 10:08:58,PK311P9200,花生2311沽9200,159.5,0.0,0.0,0.0,10,160.5,161.5,30,126.0,161.5,167.5,144.5,183.0,28365.0,122
2023-05-11 10:08:59,PK311P9200,花生2311沽9200,159.5,0.0,0.0,0.0,10,160.5,161.5,20,126.0,161.5,167.5,144.5,183.0,28365.0,122
2023-05-11 10:09:03,PK311P9200,花生2311沽9200,159.5,0.0,0.0,0.0,30,160.0,161.5,30,126.0,161.5,167.5,144.5,183.0,28365.0,122
2023-05-11 10:09:07,PK311P9200,花生2311沽9200,159.5,0.0,0.0,0.0,10,161.0,161.5,20,126.0,161.5,167.5,144.5,183.0,28365.0,122
2023-05-11 10:09:07,PK311P9200,花生2311沽9200,161.5,10.0,1646.5,10.0,10,161.0,162.0,10,126.0,161.5,167.5,144.5,193.0,30011.5,132
2023-05-11 10:09:08,PK311P9200,花生2311沽9200,161.5,0.0,0.0,0.0,10,161.0,162.5,20,126.0,161.5,167.5,144.5,193.0,30011.5,132
2023-05-11 10:09:09,PK311P9200,花生2311沽9200,161.5,0.0,0.0,0.0,20,160.5,163.0,10,126.0,161.5,167.5,144.5,193.0,30011.5,132
2023-05-11 10:09:09,PK311P9200,花生2311沽9200,161.5,0.0,0.0,0.0,10,160.5,163.0,10,126.0,161.5,167.5,144.5,193.0,30011.5,132
2023-05-11 10:09:10,PK311P9200,花生2311沽9200,161.5,0.0,0.0,0.0,30,160.0,163.0,20,126.0,161.5,167.5,144.5,193.0,30011.5,132
2023-05-11 10:09:11,PK311P9200,花生2311沽9200,161.5,0.0,0.0,0.0,20,160.0,163.0,30,126.0,161.5,167.5,144.5,193.0,30011.5,132
2023-05-11 10:09:12,PK311P9200,花生2311沽9200,161.5,0.0,0.0,0.0,20,160.0,163.0,40,126.0,161.5,167.5,144.5,193.0,30011.5,132
2023-05-11 10:09:12,PK311P9200,花生2311沽9200,161.5,0.0,0.0,0.0,10,160.0,163.0,50,126.0,161.5,167.5,144.5,193.0,30011.5,132
2023-05-11 10:09:14,PK311P9200,花生2311沽9200,161.5,0.0,0.0,0.0,10,161.0,163.0,30,126.0,161.5,167.5,144.5,193.0,30011.5,132
2023-05-11 10:09:17,PK311P9200,花生2311沽9200,161.5,0.0,0.0,0.0,10,160.5,163.0,30,126.0,161.5,167.5,144.5,193.0,30011.5,132
2023-05-11 10:09:17,PK311P9200,花生2311沽9200,161.5,0.0,0.0,0.0,20,160.0,163.0,30,126.0,161.5,167.5,144.5,193.0,30011.5,132
2023-05-11 10:09:19,PK311P9200,花生2311沽9200,161.5,0.0,0.0,0.0,30,160.0,163.0,30,126.0,161.5,167.5,144.5,193.0,30011.5,132
2023-05-11 10:09:32,PK311P9200,花生2311沽9200,161.5,0.0,0.0,0.0,40,160.0,163.0,30,126.0,161.5,167.5,144.5,193.0,30011.5,132
2023-05-11 10:09:34,PK311P9200,花生2311沽9200,161.5,0.0,0.0,0.0,30,160.0,163.0,30,126.0,161.5,167.5,144.5,193.0,30011.5,132
2023-05-11 10:09:40,PK311P9200,花生2311沽9200,161.5,0.0,0.0,0.0,10,160.5,163.0,30,126.0,161.5,167.5,144.5,193.0,30011.5,132
2023-05-11 10:09:41,PK311P9200,花生2311沽9200,161.5,0.0,0.0,0.0,20,160.0,163.0,30,126.0,161.5,167.5,144.5,193.0,30011.5,132
2023-05-11 10:09:46,PK311P9200,花生2311沽9200,161.5,0.0,0.0,0.0,10,160.0,163.0,30,126.0,161.5,167.5,144.5,193.0,30011.5,132
2023-05-11 10:09:46,PK311P9200,花生2311沽9200,161.5,0.0,0.0,0.0,30,159.5,163.0,30,126.0,161.5,167.5,144.5,193.0,30011.5,132
2023-05-11 10:09:48,PK311P9200,花生2311沽9200,161.5,0.0,0.0,0.0,10,161.0,163.0,30,126.0,161.5,167.5,144.5,193.0,30011.5,132
2023-05-11 10:09:51,PK311P9200,花生2311沽9200,161.5,0.0,0.0,0.0,40,159.5,163.0,30,126.0,161.5,167.5,144.5,193.0,30011.5,132
2023-05-11 10:09:52,PK311P9200,花生2311沽9200,161.5,0.0,0.0,0.0,30,159.5,163.0,30,126.0,161.5,167.5,144.5,193.0,30011.5,132
2023-05-11 10:09:58,PK311P9200,花生2311沽9200,161.5,0.0,0.0,0.0,30,159.5,163.0,20,126.0,161.5,167.5,144.5,193.0,30011.5,132
2023-05-11 10:10:00,PK311P9200,花生2311沽9200,161.5,0.0,0.0,0.0,10,160.0,163.0,20,126.0,161.5,167.5,144.5,193.0,30011.5,132
2023-05-11 10:10:01,PK311P9200,花生2311沽9200,161.5,0.0,0.0,0.0,20,160.0,163.0,20,126.0,161.5,167.5,144.5,193.0,30011.5,132
2023-05-11 10:10:04,PK311P9200,花生2311沽9200,161.5,0.0,0.0,0.0,10,160.0,163.0,30,126.0,161.5,167.5,144.5,193.0,30011.5,132
2023-05-11 10:10:04,PK311P9200,花生2311沽9200,161.5,0.0,0.0,0.0,20,160.0,163.0,20,126.0,161.5,167.5,144.5,193.0,30011.5,132
2023-05-11 10:10:04,PK311P9200,花生2311沽9200,161.5,0.0,0.0,0.0,10,161.0,163.0,20,126.0,161.5,167.5,144.5,193.0,30011.5,132
2023-05-11 10:10:05,PK311P9200,花生2311沽9200,161.5,0.0,0.0,0.0,10,161.0,163.5,40,126.0,161.5,167.5,144.5,193.0,30011.5,132
2023-05-11 10:10:06,PK311P9200,花生2311沽9200,161.5,0.0,0.0,0.0,10,161.0,163.5,20,126.0,161.5,167.5,144.5,193.0,30011.5,132
2023-05-11 10:10:07,PK311P9200,花生2311沽9200,161.5,0.0,0.0,0.0,10,161.0,163.5,30,126.0,161.5,167.5,144.5,193.0,30011.5,132
2023-05-11 10:10:08,PK311P9200,花生2311沽9200,161.5,0.0,0.0,0.0,10,160.5,163.5,50,126.0,161.5,167.5,144.5,193.0,30011.5,132
2023-05-11 10:10:09,PK311P9200,花生2311沽9200,161.5,0.0,0.0,0.0,20,160.0,163.5,40,126.0,161.5,167.5,144.5,193.0,30011.5,132
2023-05-11 10:10:09,PK311P9200,花生2311沽9200,161.5,0.0,0.0,0.0,20,160.0,163.5,30,126.0,161.5,167.5,144.5,193.0,30011.5,132
2023-05-11 10:10:10,PK311P9200,花生2311沽9200,161.5,0.0,0.0,0.0,10,160.0,163.5,20,126.0,161.5,167.5,144.5,193.0,30011.5,132
2023-05-11 10:10:10,PK311P9200,花生2311沽9200,161.5,0.0,0.0,0.0,20,160.0,163.5,30,126.0,161.5,167.5,144.5,193.0,30011.5,132
2023-05-11 10:10:11,PK311P9200,花生2311沽9200,161.5,0.0,0.0,0.0,10,161.5,163.5,30,126.0,161.5,167.5,144.5,193.0,30011.5,132
2023-05-11 10:10:11,PK311P9200,花生2311沽9200,161.5,0.0,0.0,0.0,10,161.5,163.5,20,126.0,161.5,167.5,144.5,193.0,30011.5,132
2023-05-11 10:10:13,PK311P9200,花生2311沽9200,161.5,0.0,0.0,0.0,10,161.5,163.5,30,126.0,161.5,167.5,144.5,193.0,30011.5,132
2023-05-11 10:10:14,PK311P9200,花生2311沽9200,161.5,0.0,0.0,0.0,10,161.5,163.5,20,126.0,161.5,167.5,144.5,193.0,30011.5,132
2023-05-11 10:11:10,PK311P9200,花生2311沽9200,161.5,0.0,0.0,0.0,10,161.5,163.5,10,126.0,161.5,167.5,144.5,193.0,30011.5,132
2023-05-11 10:11:11,PK311P9200,花生2311沽9200,161.5,0.0,0.0,0.0,10,161.5,164.0,30,126.0,161.5,167.5,144.5,193.0,30011.5,132
2023-05-11 10:11:14,PK311P9200,花生2311沽9200,161.5,0.0,0.0,0.0,10,161.5,164.0,40,126.0,161.5,167.5,144.5,193.0,30011.5,132
2023-05-11 10:11:16,PK311P9200,花生2311沽9200,161.5,0.0,0.0,0.0,10,161.5,164.0,30,126.0,161.5,167.5,144.5,193.0,30011.5,132
2023-05-11 10:12:09,PK311P9200,花生2311沽9200,161.5,0.0,0.0,0.0,20,161.5,164.0,20,126.0,161.5,167.5,144.5,193.0,30011.5,132
2023-05-11 10:12:10,PK311P9200,花生2311沽9200,161.5,0.0,0.0,0.0,10,162.5,164.0,20,126.0,161.5,167.5,144.5,193.0,30011.5,132
2023-05-11 10:12:11,PK311P9200,花生2311沽9200,161.5,0.0,0.0,0.0,10,162.5,164.0,30,126.0,161.5,167.5,144.5,193.0,30011.5,132
2023-05-11 10:12:13,PK311P9200,花生2311沽9200,161.5,0.0,0.0,0.0,20,161.5,164.0,30,126.0,161.5,167.5,144.5,193.0,30011.5,132
