time,symbol_id,symbol_name,last,trade_volume,trade_amount,open_interest_change,bv1,bp1,ap1,av1,yesterday_close,today_open,today_high,today_low,volume,amount,open_interest
2023-05-11 09:05:25,PK311P9600,PK311P9600,238.0,0.0,0.0,-3.0,1,207.5,0.0,0,238.0,264.0,0.0,0.0,0.0,0.0,18
2023-05-11 09:14:19,PK311P9600,PK311P9600,238.0,0.0,0.0,0.0,10,234.5,268.5,10,238.0,264.0,0.0,0.0,0.0,0.0,18
2023-05-11 09:16:07,PK311P9600,PK311P9600,238.0,0.0,0.0,0.0,10,228.5,261.5,10,238.0,264.0,0.0,0.0,0.0,0.0,18
2023-05-11 09:17:34,PK311P9600,PK311P9600,238.0,0.0,0.0,0.0,10,237.5,261.5,10,238.0,264.0,0.0,0.0,0.0,0.0,18
2023-05-11 09:18:25,PK311P9600,PK311P9600,238.0,0.0,0.0,0.0,20,237.5,254.5,10,238.0,264.0,0.0,0.0,0.0,0.0,18
2023-05-11 09:18:28,PK311P9600,PK311P9600,238.0,0.0,0.0,0.0,20,237.5,255.5,10,238.0,264.0,0.0,0.0,0.0,0.0,18
2023-05-11 09:18:45,PK311P9600,PK311P9600,238.0,0.0,0.0,0.0,20,237.5,256.5,10,238.0,264.0,0.0,0.0,0.0,0.0,18
2023-05-11 09:18:47,PK311P9600,PK311P9600,238.0,0.0,0.0,0.0,10,242.0,256.5,10,238.0,264.0,0.0,0.0,0.0,0.0,18
2023-05-11 09:18:50,PK311P9600,PK311P9600,238.0,0.0,0.0,0.0,10,242.0,256.0,10,238.0,264.0,0.0,0.0,0.0,0.0,18
2023-05-11 09:18:58,PK311P9600,PK311P9600,238.0,0.0,0.0,0.0,10,242.0,253.0,10,238.0,264.0,0.0,0.0,0.0,0.0,18
2023-05-11 09:19:00,PK311P9600,PK311P9600,238.0,0.0,0.0,0.0,10,242.0,256.0,10,238.0,264.0,0.0,0.0,0.0,0.0,18
2023-05-11 09:19:06,PK311P9600,PK311P9600,238.0,0.0,0.0,0.0,10,242.0,266.5,10,238.0,264.0,0.0,0.0,0.0,0.0,18
2023-05-11 09:19:06,PK311P9600,PK311P9600,238.0,0.0,0.0,0.0,10,242.0,254.5,10,238.0,264.0,0.0,0.0,0.0,0.0,18
2023-05-11 09:19:07,PK311P9600,PK311P9600,238.0,0.0,0.0,0.0,10,237.5,254.5,10,238.0,264.0,0.0,0.0,0.0,0.0,18
2023-05-11 09:19:08,PK311P9600,PK311P9600,238.0,0.0,0.0,0.0,20,237.0,255.5,10,238.0,264.0,0.0,0.0,0.0,0.0,18
2023-05-11 09:19:12,PK311P9600,PK311P9600,238.0,0.0,0.0,0.0,10,242.0,255.5,10,238.0,264.0,0.0,0.0,0.0,0.0,18
2023-05-11 09:19:12,PK311P9600,PK311P9600,238.0,0.0,0.0,0.0,10,242.0,256.0,10,238.0,264.0,0.0,0.0,0.0,0.0,18
2023-05-11 09:19:12,PK311P9600,PK311P9600,238.0,0.0,0.0,0.0,10,242.0,258.0,10,238.0,264.0,0.0,0.0,0.0,0.0,18
2023-05-11 09:19:13,PK311P9600,PK311P9600,238.0,0.0,0.0,0.0,10,242.0,258.0,20,238.0,264.0,0.0,0.0,0.0,0.0,18
2023-05-11 09:19:16,PK311P9600,PK311P9600,238.0,0.0,0.0,0.0,10,242.0,258.0,10,238.0,264.0,0.0,0.0,0.0,0.0,18
2023-05-11 09:19:16,PK311P9600,PK311P9600,238.0,0.0,0.0,0.0,10,242.0,256.5,10,238.0,264.0,0.0,0.0,0.0,0.0,18
2023-05-11 09:19:21,PK311P9600,PK311P9600,238.0,0.0,0.0,0.0,10,242.0,257.5,10,238.0,264.0,0.0,0.0,0.0,0.0,18
2023-05-11 09:19:21,PK311P9600,PK311P9600,238.0,0.0,0.0,0.0,10,245.0,257.5,10,238.0,264.0,0.0,0.0,0.0,0.0,18
2023-05-11 09:19:22,PK311P9600,PK311P9600,238.0,0.0,0.0,0.0,10,245.0,258.0,20,238.0,264.0,0.0,0.0,0.0,0.0,18
2023-05-11 09:19:23,PK311P9600,PK311P9600,238.0,0.0,0.0,0.0,10,245.5,258.0,10,238.0,264.0,0.0,0.0,0.0,0.0,18
2023-05-11 09:19:23,PK311P9600,PK311P9600,238.0,0.0,0.0,0.0,10,248.0,259.5,10,238.0,264.0,0.0,0.0,0.0,0.0,18
2023-05-11 09:19:24,PK311P9600,PK311P9600,238.0,0.0,0.0,0.0,10,247.5,258.0,10,238.0,264.0,0.0,0.0,0.0,0.0,18
2023-05-11 09:19:24,PK311P9600,PK311P9600,238.0,0.0,0.0,0.0,10,247.0,258.0,10,238.0,264.0,0.0,0.0,0.0,0.0,18
2023-05-11 09:19:33,PK311P9600,PK311P9600,238.0,0.0,0.0,0.0,10,247.0,261.5,20,238.0,264.0,0.0,0.0,0.0,0.0,18
2023-05-11 09:19:33,PK311P9600,PK311P9600,238.0,0.0,0.0,0.0,10,247.0,259.5,10,238.0,264.0,0.0,0.0,0.0,0.0,18
2023-05-11 09:19:36,PK311P9600,PK311P9600,238.0,0.0,0.0,0.0,10,247.0,258.5,10,238.0,264.0,0.0,0.0,0.0,0.0,18
2023-05-11 09:19:37,PK311P9600,PK311P9600,238.0,0.0,0.0,0.0,10,247.0,257.5,10,238.0,264.0,0.0,0.0,0.0,0.0,18
2023-05-11 09:19:38,PK311P9600,PK311P9600,238.0,0.0,0.0,0.0,10,247.0,258.5,10,238.0,264.0,0.0,0.0,0.0,0.0,18
2023-05-11 09:19:50,PK311P9600,PK311P9600,238.0,0.0,0.0,0.0,10,247.0,257.5,10,238.0,264.0,0.0,0.0,0.0,0.0,18
2023-05-11 09:19:52,PK311P9600,PK311P9600,238.0,0.0,0.0,0.0,10,246.5,257.5,10,238.0,264.0,0.0,0.0,0.0,0.0,18
2023-05-11 09:20:04,PK311P9600,PK311P9600,238.0,0.0,0.0,0.0,10,246.0,253.5,10,238.0,264.0,0.0,0.0,0.0,0.0,18
2023-05-11 09:20:05,PK311P9600,PK311P9600,238.0,0.0,0.0,0.0,10,246.0,256.5,10,238.0,264.0,0.0,0.0,0.0,0.0,18
2023-05-11 09:20:17,PK311P9600,PK311P9600,238.0,0.0,0.0,0.0,10,246.0,257.5,10,238.0,264.0,0.0,0.0,0.0,0.0,18
2023-05-11 09:20:34,PK311P9600,PK311P9600,238.0,0.0,0.0,0.0,10,246.0,258.5,10,238.0,264.0,0.0,0.0,0.0,0.0,18
2023-05-11 09:20:42,PK311P9600,PK311P9600,238.0,0.0,0.0,0.0,10,246.0,257.0,10,238.0,264.0,0.0,0.0,0.0,0.0,18
2023-05-11 09:20:43,PK311P9600,PK311P9600,238.0,0.0,0.0,0.0,10,246.0,261.5,20,238.0,264.0,0.0,0.0,0.0,0.0,18
2023-05-11 09:20:43,PK311P9600,PK311P9600,238.0,0.0,0.0,0.0,10,248.5,260.0,10,238.0,264.0,0.0,0.0,0.0,0.0,18
2023-05-11 09:20:44,PK311P9600,PK311P9600,238.0,0.0,0.0,0.0,10,251.5,258.0,10,238.0,264.0,0.0,0.0,0.0,0.0,18
2023-05-11 09:20:47,PK311P9600,PK311P9600,238.0,0.0,0.0,0.0,10,251.5,259.0,10,238.0,264.0,0.0,0.0,0.0,0.0,18
2023-05-11 09:20:49,PK311P9600,PK311P9600,238.0,0.0,0.0,0.0,10,251.5,260.0,10,238.0,264.0,0.0,0.0,0.0,0.0,18
2023-05-11 09:20:51,PK311P9600,PK311P9600,238.0,0.0,0.0,0.0,10,251.5,259.0,10,238.0,264.0,0.0,0.0,0.0,0.0,18
2023-05-11 09:20:52,PK311P9600,PK311P9600,238.0,0.0,0.0,0.0,10,251.5,258.0,10,238.0,264.0,0.0,0.0,0.0,0.0,18
2023-05-11 09:20:53,PK311P9600,PK311P9600,238.0,0.0,0.0,0.0,10,251.5,259.0,10,238.0,264.0,0.0,0.0,0.0,0.0,18
2023-05-11 09:21:06,PK311P9600,PK311P9600,238.0,0.0,0.0,0.0,10,251.0,259.0,10,238.0,264.0,0.0,0.0,0.0,0.0,18
2023-05-11 09:21:13,PK311P9600,PK311P9600,238.0,0.0,0.0,0.0,10,252.0,259.0,10,238.0,264.0,0.0,0.0,0.0,0.0,18
2023-05-11 09:21:13,PK311P9600,PK311P9600,238.0,0.0,0.0,0.0,20,252.0,259.0,10,238.0,264.0,0.0,0.0,0.0,0.0,18
2023-05-11 09:21:17,PK311P9600,PK311P9600,238.0,0.0,0.0,0.0,20,253.0,259.0,10,238.0,264.0,0.0,0.0,0.0,0.0,18
2023-05-11 09:21:21,PK311P9600,PK311P9600,238.0,0.0,0.0,0.0,20,253.0,260.0,20,238.0,264.0,0.0,0.0,0.0,0.0,18
2023-05-11 09:21:29,PK311P9600,PK311P9600,238.0,0.0,0.0,0.0,10,255.0,260.0,10,238.0,264.0,0.0,0.0,0.0,0.0,18
2023-05-11 09:21:29,PK311P9600,PK311P9600,238.0,0.0,0.0,0.0,10,255.0,261.5,10,238.0,264.0,0.0,0.0,0.0,0.0,18
2023-05-11 09:21:29,PK311P9600,PK311P9600,238.0,0.0,0.0,0.0,10,255.0,261.0,10,238.0,264.0,0.0,0.0,0.0,0.0,18
2023-05-11 09:21:32,PK311P9600,PK311P9600,238.0,0.0,0.0,0.0,10,256.0,261.0,10,238.0,264.0,0.0,0.0,0.0,0.0,18
2023-05-11 09:21:33,PK311P9600,PK311P9600,238.0,0.0,0.0,0.0,10,256.5,262.5,10,238.0,264.0,0.0,0.0,0.0,0.0,18
2023-05-11 09:21:39,PK311P9600,PK311P9600,238.0,0.0,0.0,0.0,10,256.5,263.5,20,238.0,264.0,0.0,0.0,0.0,0.0,18
2023-05-11 09:21:41,PK311P9600,PK311P9600,238.0,0.0,0.0,0.0,20,257.5,263.5,10,238.0,264.0,0.0,0.0,0.0,0.0,18
2023-05-11 09:21:41,PK311P9600,PK311P9600,238.0,0.0,0.0,0.0,20,257.5,262.5,10,238.0,264.0,0.0,0.0,0.0,0.0,18
2023-05-11 09:21:49,PK311P9600,PK311P9600,238.0,0.0,0.0,0.0,20,257.5,263.5,10,238.0,264.0,0.0,0.0,0.0,0.0,18
2023-05-11 09:21:52,PK311P9600,PK311P9600,238.0,0.0,0.0,0.0,20,257.5,262.5,10,238.0,264.0,0.0,0.0,0.0,0.0,18
2023-05-11 09:21:55,PK311P9600,PK311P9600,238.0,0.0,0.0,0.0,20,257.5,261.0,10,238.0,264.0,0.0,0.0,0.0,0.0,18
2023-05-11 09:21:56,PK311P9600,PK311P9600,238.0,0.0,0.0,0.0,20,257.5,262.0,10,238.0,264.0,0.0,0.0,0.0,0.0,18
2023-05-11 09:21:58,PK311P9600,PK311P9600,238.0,0.0,0.0,0.0,20,257.5,263.0,10,238.0,264.0,0.0,0.0,0.0,0.0,18
2023-05-11 09:22:04,PK311P9600,PK311P9600,238.0,0.0,0.0,0.0,20,257.5,264.0,10,238.0,264.0,0.0,0.0,0.0,0.0,18
2023-05-11 09:22:07,PK311P9600,PK311P9600,238.0,0.0,0.0,0.0,20,257.5,263.0,10,238.0,264.0,0.0,0.0,0.0,0.0,18
2023-05-11 09:22:10,PK311P9600,PK311P9600,238.0,0.0,0.0,0.0,20,257.5,264.0,10,238.0,264.0,0.0,0.0,0.0,0.0,18
2023-05-11 09:22:14,PK311P9600,PK311P9600,238.0,0.0,0.0,0.0,20,259.0,263.5,10,238.0,264.0,0.0,0.0,0.0,0.0,18
2023-05-11 09:22:17,PK311P9600,PK311P9600,238.0,0.0,0.0,0.0,10,259.0,264.0,10,238.0,264.0,0.0,0.0,0.0,0.0,18
2023-05-11 09:22:20,PK311P9600,PK311P9600,238.0,0.0,0.0,0.0,10,259.0,265.5,10,238.0,264.0,0.0,0.0,0.0,0.0,18
2023-05-11 09:22:20,PK311P9600,PK311P9600,238.0,0.0,0.0,0.0,20,259.0,265.5,10,238.0,264.0,0.0,0.0,0.0,0.0,18
2023-05-11 09:22:22,PK311P9600,PK311P9600,238.0,0.0,0.0,0.0,10,259.0,265.0,10,238.0,264.0,0.0,0.0,0.0,0.0,18
2023-05-11 09:22:26,PK311P9600,PK311P9600,238.0,0.0,0.0,0.0,20,259.0,265.5,10,238.0,264.0,0.0,0.0,0.0,0.0,18
2023-05-11 09:22:26,PK311P9600,PK311P9600,238.0,0.0,0.0,0.0,20,259.0,266.5,20,238.0,264.0,0.0,0.0,0.0,0.0,18
2023-05-11 09:22:29,PK311P9600,PK311P9600,238.0,0.0,0.0,0.0,10,261.0,266.5,10,238.0,264.0,0.0,0.0,0.0,0.0,18
2023-05-11 09:22:29,PK311P9600,PK311P9600,238.0,0.0,0.0,0.0,10,261.0,267.5,10,238.0,264.0,0.0,0.0,0.0,0.0,18
2023-05-11 09:22:32,PK311P9600,PK311P9600,238.0,0.0,0.0,0.0,10,261.0,268.0,20,238.0,264.0,0.0,0.0,0.0,0.0,18
2023-05-11 09:22:32,PK311P9600,PK311P9600,238.0,0.0,0.0,0.0,20,261.0,268.0,20,238.0,264.0,0.0,0.0,0.0,0.0,18
2023-05-11 09:22:36,PK311P9600,PK311P9600,238.0,0.0,0.0,0.0,10,261.0,268.0,20,238.0,264.0,0.0,0.0,0.0,0.0,18
2023-05-11 09:22:41,PK311P9600,PK311P9600,238.0,0.0,0.0,0.0,10,262.5,268.0,10,238.0,264.0,0.0,0.0,0.0,0.0,18
2023-05-11 09:22:41,PK311P9600,PK311P9600,238.0,0.0,0.0,0.0,10,262.5,269.5,10,238.0,264.0,0.0,0.0,0.0,0.0,18
2023-05-11 09:22:46,PK311P9600,PK311P9600,238.0,0.0,0.0,0.0,10,261.0,268.5,10,238.0,264.0,0.0,0.0,0.0,0.0,18
2023-05-11 09:22:50,PK311P9600,PK311P9600,238.0,0.0,0.0,0.0,10,262.5,269.0,10,238.0,264.0,0.0,0.0,0.0,0.0,18
2023-05-11 09:22:51,PK311P9600,PK311P9600,238.0,0.0,0.0,0.0,10,262.5,270.0,20,238.0,264.0,0.0,0.0,0.0,0.0,18
2023-05-11 09:22:57,PK311P9600,PK311P9600,238.0,0.0,0.0,0.0,10,263.5,270.0,20,238.0,264.0,0.0,0.0,0.0,0.0,18
2023-05-11 09:22:59,PK311P9600,PK311P9600,238.0,0.0,0.0,0.0,10,264.0,270.0,10,238.0,264.0,0.0,0.0,0.0,0.0,18
2023-05-11 09:22:59,PK311P9600,PK311P9600,238.0,0.0,0.0,0.0,10,264.0,271.5,20,238.0,264.0,0.0,0.0,0.0,0.0,18
2023-05-11 09:23:01,PK311P9600,PK311P9600,238.0,0.0,0.0,0.0,10,263.5,270.0,20,238.0,264.0,0.0,0.0,0.0,0.0,18
2023-05-11 09:23:05,PK311P9600,PK311P9600,238.0,0.0,0.0,0.0,10,264.0,271.5,20,238.0,264.0,0.0,0.0,0.0,0.0,18
2023-05-11 09:23:07,PK311P9600,PK311P9600,238.0,0.0,0.0,0.0,10,264.5,271.5,20,238.0,264.0,0.0,0.0,0.0,0.0,18
2023-05-11 09:23:11,PK311P9600,PK311P9600,238.0,0.0,0.0,0.0,10,265.0,271.5,10,238.0,264.0,0.0,0.0,0.0,0.0,18
2023-05-11 09:23:13,PK311P9600,PK311P9600,238.0,0.0,0.0,0.0,10,265.0,272.5,10,238.0,264.0,0.0,0.0,0.0,0.0,18
2023-05-11 09:23:16,PK311P9600,PK311P9600,238.0,0.0,0.0,0.0,10,266.0,272.5,10,238.0,264.0,0.0,0.0,0.0,0.0,18
2023-05-11 09:23:23,PK311P9600,PK311P9600,238.0,0.0,0.0,0.0,10,267.5,272.5,10,238.0,264.0,0.0,0.0,0.0,0.0,18
2023-05-11 09:23:30,PK311P9600,PK311P9600,238.0,0.0,0.0,0.0,10,267.5,273.5,20,238.0,264.0,0.0,0.0,0.0,0.0,18
2023-05-11 09:23:32,PK311P9600,PK311P9600,238.0,0.0,0.0,0.0,10,265.0,272.0,10,238.0,264.0,0.0,0.0,0.0,0.0,18
2023-05-11 09:23:32,PK311P9600,PK311P9600,238.0,0.0,0.0,0.0,10,265.0,272.0,20,238.0,264.0,0.0,0.0,0.0,0.0,18
2023-05-11 09:23:35,PK311P9600,PK311P9600,238.0,0.0,0.0,0.0,10,266.5,273.0,10,238.0,264.0,0.0,0.0,0.0,0.0,18
2023-05-11 09:23:42,PK311P9600,PK311P9600,238.0,0.0,0.0,0.0,10,266.5,274.0,10,238.0,264.0,0.0,0.0,0.0,0.0,18
2023-05-11 09:23:42,PK311P9600,PK311P9600,238.0,0.0,0.0,0.0,10,266.5,273.5,10,238.0,264.0,0.0,0.0,0.0,0.0,18
2023-05-11 09:23:42,PK311P9600,PK311P9600,238.0,0.0,0.0,0.0,10,266.5,274.0,10,238.0,264.0,0.0,0.0,0.0,0.0,18
2023-05-11 09:23:43,PK311P9600,PK311P9600,238.0,0.0,0.0,0.0,10,266.5,274.0,20,238.0,264.0,0.0,0.0,0.0,0.0,18
2023-05-11 09:23:43,PK311P9600,PK311P9600,238.0,0.0,0.0,0.0,10,266.5,274.0,10,238.0,264.0,0.0,0.0,0.0,0.0,18
2023-05-11 09:23:47,PK311P9600,PK311P9600,238.0,0.0,0.0,0.0,10,266.5,273.0,10,238.0,264.0,0.0,0.0,0.0,0.0,18
2023-05-11 09:23:48,PK311P9600,PK311P9600,238.0,0.0,0.0,0.0,10,266.5,274.5,20,238.0,264.0,0.0,0.0,0.0,0.0,18
2023-05-11 09:23:48,PK311P9600,PK311P9600,238.0,0.0,0.0,0.0,10,266.5,274.0,10,238.0,264.0,0.0,0.0,0.0,0.0,18
2023-05-11 09:23:52,PK311P9600,PK311P9600,238.0,0.0,0.0,0.0,10,266.5,273.0,10,238.0,264.0,0.0,0.0,0.0,0.0,18
2023-05-11 09:23:53,PK311P9600,PK311P9600,238.0,0.0,0.0,0.0,10,266.5,274.5,20,238.0,264.0,0.0,0.0,0.0,0.0,18
2023-05-11 09:23:53,PK311P9600,PK311P9600,238.0,0.0,0.0,0.0,10,266.5,274.5,30,238.0,264.0,0.0,0.0,0.0,0.0,18
2023-05-11 09:23:55,PK311P9600,PK311P9600,238.0,0.0,0.0,0.0,10,268.0,274.5,30,238.0,264.0,0.0,0.0,0.0,0.0,18
2023-05-11 09:23:56,PK311P9600,PK311P9600,238.0,0.0,0.0,0.0,10,268.5,274.5,20,238.0,264.0,0.0,0.0,0.0,0.0,18
2023-05-11 09:23:56,PK311P9600,PK311P9600,238.0,0.0,0.0,0.0,10,268.5,274.5,10,238.0,264.0,0.0,0.0,0.0,0.0,18
2023-05-11 09:24:03,PK311P9600,PK311P9600,238.0,0.0,0.0,0.0,10,268.5,276.0,20,238.0,264.0,0.0,0.0,0.0,0.0,18
2023-05-11 09:24:04,PK311P9600,PK311P9600,238.0,0.0,0.0,0.0,10,268.0,273.5,10,238.0,264.0,0.0,0.0,0.0,0.0,18
2023-05-11 09:24:04,PK311P9600,PK311P9600,238.0,0.0,0.0,0.0,20,266.0,273.5,10,238.0,264.0,0.0,0.0,0.0,0.0,18
2023-05-11 09:24:14,PK311P9600,PK311P9600,238.0,0.0,0.0,0.0,10,268.0,274.5,10,238.0,264.0,0.0,0.0,0.0,0.0,18
2023-05-11 09:24:26,PK311P9600,PK311P9600,238.0,0.0,0.0,0.0,10,269.5,277.0,10,238.0,264.0,0.0,0.0,0.0,0.0,18
2023-05-11 09:24:27,PK311P9600,PK311P9600,238.0,0.0,0.0,0.0,10,269.5,277.0,20,238.0,264.0,0.0,0.0,0.0,0.0,18
2023-05-11 09:24:28,PK311P9600,PK311P9600,238.0,0.0,0.0,0.0,10,268.0,274.5,10,238.0,264.0,0.0,0.0,0.0,0.0,18
2023-05-11 09:24:29,PK311P9600,PK311P9600,238.0,0.0,0.0,0.0,10,268.5,276.0,10,238.0,264.0,0.0,0.0,0.0,0.0,18
2023-05-11 09:24:35,PK311P9600,PK311P9600,238.0,0.0,0.0,0.0,10,268.5,276.0,20,238.0,264.0,0.0,0.0,0.0,0.0,18
2023-05-11 09:24:54,PK311P9600,PK311P9600,238.0,0.0,0.0,0.0,10,270.0,277.0,20,238.0,264.0,0.0,0.0,0.0,0.0,18
2023-05-11 09:25:03,PK311P9600,PK311P9600,238.0,0.0,0.0,0.0,10,271.0,278.0,10,238.0,264.0,0.0,0.0,0.0,0.0,18
2023-05-11 09:25:16,PK311P9600,PK311P9600,238.0,0.0,0.0,0.0,10,271.0,278.0,20,238.0,264.0,0.0,0.0,0.0,0.0,18
2023-05-11 09:25:21,PK311P9600,PK311P9600,238.0,0.0,0.0,0.0,10,270.0,277.5,10,238.0,264.0,0.0,0.0,0.0,0.0,18
2023-05-11 09:25:22,PK311P9600,PK311P9600,238.0,0.0,0.0,0.0,10,270.0,277.5,20,238.0,264.0,0.0,0.0,0.0,0.0,18
2023-05-11 09:25:22,PK311P9600,PK311P9600,238.0,0.0,0.0,0.0,10,269.5,277.5,20,238.0,264.0,0.0,0.0,0.0,0.0,18
2023-05-11 09:25:23,PK311P9600,PK311P9600,238.0,0.0,0.0,0.0,10,269.5,277.5,10,238.0,264.0,0.0,0.0,0.0,0.0,18
2023-05-11 09:25:23,PK311P9600,PK311P9600,238.0,0.0,0.0,0.0,10,269.5,277.5,20,238.0,264.0,0.0,0.0,0.0,0.0,18
2023-05-11 09:25:25,PK311P9600,PK311P9600,238.0,0.0,0.0,0.0,10,268.0,277.5,20,238.0,264.0,0.0,0.0,0.0,0.0,18
2023-05-11 09:25:29,PK311P9600,PK311P9600,238.0,0.0,0.0,0.0,10,270.0,278.0,10,238.0,264.0,0.0,0.0,0.0,0.0,18
2023-05-11 09:25:29,PK311P9600,PK311P9600,238.0,0.0,0.0,0.0,10,270.0,280.5,10,238.0,264.0,0.0,0.0,0.0,0.0,18
2023-05-11 09:25:29,PK311P9600,PK311P9600,238.0,0.0,0.0,0.0,10,270.0,280.5,20,238.0,264.0,0.0,0.0,0.0,0.0,18
2023-05-11 09:25:31,PK311P9600,PK311P9600,238.0,0.0,0.0,0.0,10,270.0,279.5,10,238.0,264.0,0.0,0.0,0.0,0.0,18
2023-05-11 09:25:35,PK311P9600,PK311P9600,238.0,0.0,0.0,0.0,10,272.0,280.5,20,238.0,264.0,0.0,0.0,0.0,0.0,18
2023-05-11 09:25:35,PK311P9600,PK311P9600,238.0,0.0,0.0,0.0,10,272.0,280.5,10,238.0,264.0,0.0,0.0,0.0,0.0,18
2023-05-11 09:25:36,PK311P9600,PK311P9600,238.0,0.0,0.0,0.0,10,272.0,279.5,10,238.0,264.0,0.0,0.0,0.0,0.0,18
2023-05-11 09:25:38,PK311P9600,PK311P9600,238.0,0.0,0.0,0.0,10,272.0,279.5,20,238.0,264.0,0.0,0.0,0.0,0.0,18
2023-05-11 09:25:39,PK311P9600,PK311P9600,238.0,0.0,0.0,0.0,10,270.0,279.5,20,238.0,264.0,0.0,0.0,0.0,0.0,18
2023-05-11 09:25:42,PK311P9600,PK311P9600,238.0,0.0,0.0,0.0,10,270.0,278.5,10,238.0,264.0,0.0,0.0,0.0,0.0,18
2023-05-11 09:25:43,PK311P9600,PK311P9600,238.0,0.0,0.0,0.0,10,270.0,278.5,20,238.0,264.0,0.0,0.0,0.0,0.0,18
2023-05-11 09:25:46,PK311P9600,PK311P9600,238.0,0.0,0.0,0.0,10,270.0,278.5,10,238.0,264.0,0.0,0.0,0.0,0.0,18
2023-05-11 09:25:50,PK311P9600,PK311P9600,238.0,0.0,0.0,0.0,10,270.0,279.5,20,238.0,264.0,0.0,0.0,0.0,0.0,18
2023-05-11 09:25:51,PK311P9600,PK311P9600,238.0,0.0,0.0,0.0,10,270.0,279.5,10,238.0,264.0,0.0,0.0,0.0,0.0,18
2023-05-11 09:25:58,PK311P9600,PK311P9600,238.0,0.0,0.0,0.0,10,270.0,279.5,20,238.0,264.0,0.0,0.0,0.0,0.0,18
2023-05-11 09:26:01,PK311P9600,PK311P9600,238.0,0.0,0.0,0.0,10,270.0,279.0,10,238.0,264.0,0.0,0.0,0.0,0.0,18
2023-05-11 09:26:01,PK311P9600,PK311P9600,238.0,0.0,0.0,0.0,10,270.0,279.0,20,238.0,264.0,0.0,0.0,0.0,0.0,18
2023-05-11 09:26:02,PK311P9600,PK311P9600,238.0,0.0,0.0,0.0,10,269.5,279.0,20,238.0,264.0,0.0,0.0,0.0,0.0,18
2023-05-11 09:26:07,PK311P9600,PK311P9600,238.0,0.0,0.0,0.0,10,269.5,279.0,10,238.0,264.0,0.0,0.0,0.0,0.0,18
2023-05-11 09:26:07,PK311P9600,PK311P9600,238.0,0.0,0.0,0.0,20,269.5,279.0,10,238.0,264.0,0.0,0.0,0.0,0.0,18
2023-05-11 09:26:16,PK311P9600,PK311P9600,238.0,0.0,0.0,0.0,20,269.5,279.0,20,238.0,264.0,0.0,0.0,0.0,0.0,18
2023-05-11 09:26:17,PK311P9600,PK311P9600,238.0,0.0,0.0,0.0,20,269.5,279.0,10,238.0,264.0,0.0,0.0,0.0,0.0,18
2023-05-11 09:26:17,PK311P9600,PK311P9600,238.0,0.0,0.0,0.0,20,269.5,279.0,20,238.0,264.0,0.0,0.0,0.0,0.0,18
2023-05-11 09:26:21,PK311P9600,PK311P9600,238.0,0.0,0.0,0.0,23,269.5,279.0,23,238.0,264.0,0.0,0.0,0.0,0.0,18
2023-05-11 09:26:22,PK311P9600,PK311P9600,238.0,0.0,0.0,0.0,23,269.5,279.0,13,238.0,264.0,0.0,0.0,0.0,0.0,18
2023-05-11 09:26:35,PK311P9600,PK311P9600,238.0,0.0,0.0,0.0,23,269.5,279.0,23,238.0,264.0,0.0,0.0,0.0,0.0,18
2023-05-11 09:26:35,PK311P9600,PK311P9600,238.0,0.0,0.0,0.0,23,269.5,279.0,13,238.0,264.0,0.0,0.0,0.0,0.0,18
2023-05-11 09:26:36,PK311P9600,PK311P9600,238.0,0.0,0.0,0.0,23,269.5,279.0,23,238.0,264.0,0.0,0.0,0.0,0.0,18
2023-05-11 09:26:37,PK311P9600,PK311P9600,238.0,0.0,0.0,0.0,23,269.5,279.0,13,238.0,264.0,0.0,0.0,0.0,0.0,18
2023-05-11 09:26:37,PK311P9600,PK311P9600,238.0,0.0,0.0,0.0,23,269.5,279.0,23,238.0,264.0,0.0,0.0,0.0,0.0,18
2023-05-11 09:26:39,PK311P9600,PK311P9600,238.0,0.0,0.0,0.0,20,269.5,280.5,10,238.0,264.0,0.0,0.0,0.0,0.0,18
2023-05-11 09:26:40,PK311P9600,PK311P9600,238.0,0.0,0.0,0.0,10,270.0,280.5,20,238.0,264.0,0.0,0.0,0.0,0.0,18
2023-05-11 09:26:42,PK311P9600,PK311P9600,238.0,0.0,0.0,0.0,13,270.0,280.5,23,238.0,264.0,0.0,0.0,0.0,0.0,18
2023-05-11 09:26:58,PK311P9600,PK311P9600,238.0,0.0,0.0,0.0,13,270.0,280.5,33,238.0,264.0,0.0,0.0,0.0,0.0,18
2023-05-11 09:26:58,PK311P9600,PK311P9600,238.0,0.0,0.0,0.0,13,270.0,280.5,23,238.0,264.0,0.0,0.0,0.0,0.0,18
2023-05-11 09:27:00,PK311P9600,PK311P9600,238.0,0.0,0.0,0.0,13,272.0,280.5,23,238.0,264.0,0.0,0.0,0.0,0.0,18
2023-05-11 09:27:01,PK311P9600,PK311P9600,238.0,0.0,0.0,0.0,10,272.0,280.5,20,238.0,264.0,0.0,0.0,0.0,0.0,18
2023-05-11 09:27:04,PK311P9600,PK311P9600,238.0,0.0,0.0,0.0,20,272.0,280.5,30,238.0,264.0,0.0,0.0,0.0,0.0,18
2023-05-11 09:27:04,PK311P9600,PK311P9600,238.0,0.0,0.0,0.0,20,272.0,280.5,20,238.0,264.0,0.0,0.0,0.0,0.0,18
2023-05-11 09:27:09,PK311P9600,PK311P9600,238.0,0.0,0.0,0.0,20,270.0,280.0,20,238.0,264.0,0.0,0.0,0.0,0.0,18
2023-05-11 09:27:21,PK311P9600,PK311P9600,238.0,0.0,0.0,0.0,20,270.5,280.5,20,238.0,264.0,0.0,0.0,0.0,0.0,18
2023-05-11 09:27:29,PK311P9600,PK311P9600,238.0,0.0,0.0,0.0,10,270.5,279.5,10,238.0,264.0,0.0,0.0,0.0,0.0,18
2023-05-11 09:27:29,PK311P9600,PK311P9600,238.0,0.0,0.0,0.0,20,270.0,279.5,30,238.0,264.0,0.0,0.0,0.0,0.0,18
2023-05-11 09:27:31,PK311P9600,PK311P9600,238.0,0.0,0.0,0.0,20,270.0,279.5,40,238.0,264.0,0.0,0.0,0.0,0.0,18
2023-05-11 09:27:32,PK311P9600,PK311P9600,238.0,0.0,0.0,0.0,20,269.0,279.5,40,238.0,264.0,0.0,0.0,0.0,0.0,18
2023-05-11 09:27:38,PK311P9600,PK311P9600,238.0,0.0,0.0,0.0,10,270.0,277.0,10,238.0,264.0,0.0,0.0,0.0,0.0,18
2023-05-11 09:27:39,PK311P9600,PK311P9600,238.0,0.0,0.0,0.0,20,270.0,277.0,30,238.0,264.0,0.0,0.0,0.0,0.0,18
2023-05-11 09:27:45,PK311P9600,PK311P9600,238.0,0.0,0.0,0.0,10,271.0,277.0,20,238.0,264.0,0.0,0.0,0.0,0.0,18
2023-05-11 09:28:03,PK311P9600,PK311P9600,238.0,0.0,0.0,0.0,10,270.0,277.0,20,238.0,264.0,0.0,0.0,0.0,0.0,18
2023-05-11 09:28:04,PK311P9600,PK311P9600,238.0,0.0,0.0,0.0,20,268.5,277.0,20,238.0,264.0,0.0,0.0,0.0,0.0,18
2023-05-11 09:28:07,PK311P9600,PK311P9600,238.0,0.0,0.0,0.0,10,267.0,277.0,10,238.0,264.0,0.0,0.0,0.0,0.0,18
2023-05-11 09:28:09,PK311P9600,PK311P9600,238.0,0.0,0.0,0.0,20,267.0,277.0,20,238.0,264.0,0.0,0.0,0.0,0.0,18
2023-05-11 09:28:15,PK311P9600,PK311P9600,238.0,0.0,0.0,0.0,20,267.0,277.0,10,238.0,264.0,0.0,0.0,0.0,0.0,18
2023-05-11 09:28:16,PK311P9600,PK311P9600,238.0,0.0,0.0,0.0,20,267.0,277.5,30,238.0,264.0,0.0,0.0,0.0,0.0,18
2023-05-11 09:28:37,PK311P9600,PK311P9600,238.0,0.0,0.0,0.0,10,267.0,277.5,30,238.0,264.0,0.0,0.0,0.0,0.0,18
2023-05-11 09:28:37,PK311P9600,PK311P9600,238.0,0.0,0.0,0.0,30,265.5,277.5,30,238.0,264.0,0.0,0.0,0.0,0.0,18
2023-05-11 09:28:42,PK311P9600,PK311P9600,238.0,0.0,0.0,0.0,20,265.5,277.5,30,238.0,264.0,0.0,0.0,0.0,0.0,18
2023-05-11 09:29:00,PK311P9600,PK311P9600,238.0,0.0,0.0,0.0,20,265.5,277.5,20,238.0,264.0,0.0,0.0,0.0,0.0,18
2023-05-11 09:29:00,PK311P9600,PK311P9600,238.0,0.0,0.0,0.0,20,265.5,277.5,30,238.0,264.0,0.0,0.0,0.0,0.0,18
2023-05-11 09:29:16,PK311P9600,PK311P9600,238.0,0.0,0.0,0.0,10,265.5,277.5,30,238.0,264.0,0.0,0.0,0.0,0.0,18
2023-05-11 09:29:17,PK311P9600,PK311P9600,238.0,0.0,0.0,0.0,30,264.0,277.5,30,238.0,264.0,0.0,0.0,0.0,0.0,18
2023-05-11 09:29:17,PK311P9600,PK311P9600,238.0,0.0,0.0,0.0,20,264.0,277.5,30,238.0,264.0,0.0,0.0,0.0,0.0,18
2023-05-11 09:29:29,PK311P9600,PK311P9600,264.0,7.0,1848.0,7.0,20,262.5,277.5,30,238.0,264.0,264.0,264.0,7.0,1848.0,25
2023-05-11 09:29:59,PK311P9600,PK311P9600,264.0,0.0,0.0,0.0,20,263.0,273.5,30,238.0,264.0,264.0,264.0,7.0,1848.0,25
2023-05-11 09:30:00,PK311P9600,PK311P9600,264.0,0.0,0.0,0.0,20,263.0,273.5,20,238.0,264.0,264.0,264.0,7.0,1848.0,25
2023-05-11 09:30:00,PK311P9600,PK311P9600,264.0,0.0,0.0,0.0,20,263.0,273.5,30,238.0,264.0,264.0,264.0,7.0,1848.0,25
2023-05-11 09:30:03,PK311P9600,PK311P9600,264.0,0.0,0.0,0.0,20,263.0,273.5,20,238.0,264.0,264.0,264.0,7.0,1848.0,25
2023-05-11 09:30:04,PK311P9600,PK311P9600,264.0,0.0,0.0,0.0,20,263.0,273.5,30,238.0,264.0,264.0,264.0,7.0,1848.0,25
2023-05-11 09:30:05,PK311P9600,PK311P9600,264.0,0.0,0.0,0.0,20,263.0,273.5,20,238.0,264.0,264.0,264.0,7.0,1848.0,25
2023-05-11 09:30:12,PK311P9600,PK311P9600,264.0,0.0,0.0,0.0,20,261.0,272.0,20,238.0,264.0,264.0,264.0,7.0,1848.0,25
2023-05-11 09:30:49,PK311P9600,PK311P9600,264.0,0.0,0.0,0.0,20,261.0,272.0,30,238.0,264.0,264.0,264.0,7.0,1848.0,25
2023-05-11 09:31:19,PK311P9600,PK311P9600,264.0,0.0,0.0,0.0,10,261.0,272.0,20,238.0,264.0,264.0,264.0,7.0,1848.0,25
2023-05-11 09:31:22,PK311P9600,PK311P9600,264.0,0.0,0.0,0.0,10,261.0,272.0,10,238.0,264.0,264.0,264.0,7.0,1848.0,25
2023-05-11 09:31:23,PK311P9600,PK311P9600,264.0,0.0,0.0,0.0,10,260.0,273.5,10,238.0,264.0,264.0,264.0,7.0,1848.0,25
2023-05-11 09:31:23,PK311P9600,PK311P9600,264.0,0.0,0.0,0.0,20,260.0,275.0,30,238.0,264.0,264.0,264.0,7.0,1848.0,25
2023-05-11 09:31:24,PK311P9600,PK311P9600,264.0,0.0,0.0,0.0,10,260.0,275.0,20,238.0,264.0,264.0,264.0,7.0,1848.0,25
2023-05-11 09:31:25,PK311P9600,PK311P9600,264.0,0.0,0.0,0.0,10,260.0,275.0,30,238.0,264.0,264.0,264.0,7.0,1848.0,25
2023-05-11 09:31:28,PK311P9600,PK311P9600,264.0,0.0,0.0,0.0,10,259.0,274.0,10,238.0,264.0,264.0,264.0,7.0,1848.0,25
2023-05-11 09:31:28,PK311P9600,PK311P9600,264.0,0.0,0.0,0.0,20,258.5,274.0,10,238.0,264.0,264.0,264.0,7.0,1848.0,25
2023-05-11 09:31:29,PK311P9600,PK311P9600,264.0,0.0,0.0,0.0,10,258.5,274.0,10,238.0,264.0,264.0,264.0,7.0,1848.0,25
2023-05-11 09:31:29,PK311P9600,PK311P9600,264.0,0.0,0.0,0.0,20,258.5,274.0,20,238.0,264.0,264.0,264.0,7.0,1848.0,25
2023-05-11 09:31:32,PK311P9600,PK311P9600,264.0,0.0,0.0,0.0,20,258.5,274.0,10,238.0,264.0,264.0,264.0,7.0,1848.0,25
2023-05-11 09:31:34,PK311P9600,PK311P9600,264.0,0.0,0.0,0.0,20,258.5,274.0,20,238.0,264.0,264.0,264.0,7.0,1848.0,25
2023-05-11 09:31:36,PK311P9600,PK311P9600,264.0,0.0,0.0,0.0,10,258.5,274.0,10,238.0,264.0,264.0,264.0,7.0,1848.0,25
2023-05-11 09:31:39,PK311P9600,PK311P9600,264.0,0.0,0.0,0.0,10,261.5,269.5,10,238.0,264.0,264.0,264.0,7.0,1848.0,25
2023-05-11 09:31:39,PK311P9600,PK311P9600,264.0,0.0,0.0,0.0,10,261.5,269.5,20,238.0,264.0,264.0,264.0,7.0,1848.0,25
2023-05-11 09:31:41,PK311P9600,PK311P9600,264.0,0.0,0.0,0.0,20,257.0,269.5,10,238.0,264.0,264.0,264.0,7.0,1848.0,25
2023-05-11 09:31:41,PK311P9600,PK311P9600,264.0,0.0,0.0,0.0,10,257.0,271.5,20,238.0,264.0,264.0,264.0,7.0,1848.0,25
2023-05-11 09:31:42,PK311P9600,PK311P9600,264.0,0.0,0.0,0.0,10,254.5,268.0,10,238.0,264.0,264.0,264.0,7.0,1848.0,25
2023-05-11 09:31:42,PK311P9600,PK311P9600,264.0,0.0,0.0,0.0,20,254.5,268.0,10,238.0,264.0,264.0,264.0,7.0,1848.0,25
2023-05-11 09:31:46,PK311P9600,PK311P9600,264.0,0.0,0.0,0.0,10,254.5,268.0,10,238.0,264.0,264.0,264.0,7.0,1848.0,25
2023-05-11 09:31:47,PK311P9600,PK311P9600,264.0,0.0,0.0,0.0,20,254.5,268.0,10,238.0,264.0,264.0,264.0,7.0,1848.0,25
2023-05-11 09:31:50,PK311P9600,PK311P9600,264.0,0.0,0.0,0.0,10,254.5,268.0,10,238.0,264.0,264.0,264.0,7.0,1848.0,25
2023-05-11 09:31:51,PK311P9600,PK311P9600,264.0,0.0,0.0,0.0,20,254.5,268.0,10,238.0,264.0,264.0,264.0,7.0,1848.0,25
2023-05-11 09:31:52,PK311P9600,PK311P9600,264.0,0.0,0.0,0.0,10,254.5,268.0,10,238.0,264.0,264.0,264.0,7.0,1848.0,25
2023-05-11 09:31:53,PK311P9600,PK311P9600,264.0,0.0,0.0,0.0,10,254.5,268.0,20,238.0,264.0,264.0,264.0,7.0,1848.0,25
2023-05-11 09:31:56,PK311P9600,PK311P9600,264.0,0.0,0.0,0.0,10,254.0,268.0,20,238.0,264.0,264.0,264.0,7.0,1848.0,25
2023-05-11 09:32:03,PK311P9600,PK311P9600,264.0,0.0,0.0,0.0,10,253.5,268.0,20,238.0,264.0,264.0,264.0,7.0,1848.0,25
2023-05-11 09:32:13,PK311P9600,PK311P9600,264.0,0.0,0.0,0.0,20,253.5,268.0,30,238.0,264.0,264.0,264.0,7.0,1848.0,25
2023-05-11 09:32:35,PK311P9600,PK311P9600,264.0,0.0,0.0,0.0,10,254.0,267.5,10,238.0,264.0,264.0,264.0,7.0,1848.0,25
2023-05-11 09:32:47,PK311P9600,PK311P9600,264.0,0.0,0.0,0.0,10,254.0,263.5,10,238.0,264.0,264.0,264.0,7.0,1848.0,25
2023-05-11 09:32:47,PK311P9600,PK311P9600,264.0,0.0,0.0,0.0,20,254.0,263.5,20,238.0,264.0,264.0,264.0,7.0,1848.0,25
2023-05-11 09:32:55,PK311P9600,PK311P9600,264.0,0.0,0.0,0.0,20,253.5,263.5,20,238.0,264.0,264.0,264.0,7.0,1848.0,25
2023-05-11 09:33:02,PK311P9600,PK311P9600,264.0,0.0,0.0,0.0,10,253.5,263.5,10,238.0,264.0,264.0,264.0,7.0,1848.0,25
2023-05-11 09:33:02,PK311P9600,PK311P9600,264.0,0.0,0.0,0.0,10,252.0,264.0,20,238.0,264.0,264.0,264.0,7.0,1848.0,25
2023-05-11 09:33:02,PK311P9600,PK311P9600,264.0,0.0,0.0,0.0,40,251.5,265.5,30,238.0,264.0,264.0,264.0,7.0,1848.0,25
2023-05-11 09:33:03,PK311P9600,PK311P9600,264.0,0.0,0.0,0.0,40,251.5,262.5,10,238.0,264.0,264.0,264.0,7.0,1848.0,25
2023-05-11 09:33:03,PK311P9600,PK311P9600,264.0,0.0,0.0,0.0,30,251.5,262.5,20,238.0,264.0,264.0,264.0,7.0,1848.0,25
2023-05-11 09:33:04,PK311P9600,PK311P9600,264.0,0.0,0.0,0.0,20,251.5,262.5,20,238.0,264.0,264.0,264.0,7.0,1848.0,25
2023-05-11 09:33:05,PK311P9600,PK311P9600,264.0,0.0,0.0,0.0,20,251.5,262.5,30,238.0,264.0,264.0,264.0,7.0,1848.0,25
2023-05-11 09:33:08,PK311P9600,PK311P9600,264.0,0.0,0.0,0.0,10,251.0,262.5,30,238.0,264.0,264.0,264.0,7.0,1848.0,25
2023-05-11 09:33:08,PK311P9600,PK311P9600,264.0,0.0,0.0,0.0,20,249.0,262.5,20,238.0,264.0,264.0,264.0,7.0,1848.0,25
2023-05-11 09:33:09,PK311P9600,PK311P9600,264.0,0.0,0.0,0.0,10,249.0,262.5,20,238.0,264.0,264.0,264.0,7.0,1848.0,25
2023-05-11 09:33:10,PK311P9600,PK311P9600,264.0,0.0,0.0,0.0,20,247.5,260.0,20,238.0,264.0,264.0,264.0,7.0,1848.0,25
2023-05-11 09:33:11,PK311P9600,PK311P9600,264.0,0.0,0.0,0.0,30,246.5,260.0,20,238.0,264.0,264.0,264.0,7.0,1848.0,25
2023-05-11 09:33:11,PK311P9600,PK311P9600,264.0,0.0,0.0,0.0,30,246.5,258.0,20,238.0,264.0,264.0,264.0,7.0,1848.0,25
2023-05-11 09:33:12,PK311P9600,PK311P9600,264.0,0.0,0.0,0.0,20,246.5,258.0,20,238.0,264.0,264.0,264.0,7.0,1848.0,25
2023-05-11 09:33:14,PK311P9600,PK311P9600,264.0,0.0,0.0,0.0,20,246.5,258.0,30,238.0,264.0,264.0,264.0,7.0,1848.0,25
2023-05-11 09:33:19,PK311P9600,PK311P9600,264.0,0.0,0.0,0.0,10,245.5,256.0,20,238.0,264.0,264.0,264.0,7.0,1848.0,25
2023-05-11 09:33:20,PK311P9600,PK311P9600,264.0,0.0,0.0,0.0,20,244.5,256.0,20,238.0,264.0,264.0,264.0,7.0,1848.0,25
2023-05-11 09:33:24,PK311P9600,PK311P9600,264.0,0.0,0.0,0.0,20,244.0,254.0,20,238.0,264.0,264.0,264.0,7.0,1848.0,25
2023-05-11 09:33:24,PK311P9600,PK311P9600,264.0,0.0,0.0,0.0,20,243.5,254.0,20,238.0,264.0,264.0,264.0,7.0,1848.0,25
2023-05-11 09:33:29,PK311P9600,PK311P9600,264.0,0.0,0.0,0.0,20,243.0,254.0,20,238.0,264.0,264.0,264.0,7.0,1848.0,25
2023-05-11 09:33:32,PK311P9600,PK311P9600,264.0,0.0,0.0,0.0,30,242.5,254.0,20,238.0,264.0,264.0,264.0,7.0,1848.0,25
2023-05-11 09:33:39,PK311P9600,PK311P9600,264.0,0.0,0.0,0.0,20,242.5,254.0,20,238.0,264.0,264.0,264.0,7.0,1848.0,25
2023-05-11 09:33:47,PK311P9600,PK311P9600,264.0,0.0,0.0,0.0,20,242.5,254.0,30,238.0,264.0,264.0,264.0,7.0,1848.0,25
2023-05-11 09:33:48,PK311P9600,PK311P9600,264.0,0.0,0.0,0.0,20,241.5,252.0,20,238.0,264.0,264.0,264.0,7.0,1848.0,25
2023-05-11 09:33:49,PK311P9600,PK311P9600,264.0,0.0,0.0,0.0,10,241.5,252.0,20,238.0,264.0,264.0,264.0,7.0,1848.0,25
2023-05-11 09:33:49,PK311P9600,PK311P9600,264.0,0.0,0.0,0.0,50,240.5,252.0,20,238.0,264.0,264.0,264.0,7.0,1848.0,25
2023-05-11 09:33:55,PK311P9600,PK311P9600,264.0,0.0,0.0,0.0,40,240.5,250.0,10,238.0,264.0,264.0,264.0,7.0,1848.0,25
2023-05-11 09:33:55,PK311P9600,PK311P9600,264.0,0.0,0.0,0.0,30,240.5,250.0,20,238.0,264.0,264.0,264.0,7.0,1848.0,25
2023-05-11 09:33:56,PK311P9600,PK311P9600,264.0,0.0,0.0,0.0,10,240.5,250.0,20,238.0,264.0,264.0,264.0,7.0,1848.0,25
2023-05-11 09:33:57,PK311P9600,PK311P9600,264.0,0.0,0.0,0.0,30,239.0,250.0,20,238.0,264.0,264.0,264.0,7.0,1848.0,25
2023-05-11 09:34:01,PK311P9600,PK311P9600,264.0,0.0,0.0,0.0,20,239.0,250.0,20,238.0,264.0,264.0,264.0,7.0,1848.0,25
2023-05-11 09:34:01,PK311P9600,PK311P9600,264.0,0.0,0.0,0.0,20,239.0,250.0,30,238.0,264.0,264.0,264.0,7.0,1848.0,25
2023-05-11 09:34:01,PK311P9600,PK311P9600,264.0,0.0,0.0,0.0,10,238.0,248.5,10,238.0,264.0,264.0,264.0,7.0,1848.0,25
2023-05-11 09:34:02,PK311P9600,PK311P9600,264.0,0.0,0.0,0.0,20,237.0,248.5,20,238.0,264.0,264.0,264.0,7.0,1848.0,25
2023-05-11 09:34:02,PK311P9600,PK311P9600,264.0,0.0,0.0,0.0,10,237.0,246.5,10,238.0,264.0,264.0,264.0,7.0,1848.0,25
2023-05-11 09:34:03,PK311P9600,PK311P9600,264.0,0.0,0.0,0.0,10,236.5,246.5,10,238.0,264.0,264.0,264.0,7.0,1848.0,25
2023-05-11 09:34:04,PK311P9600,PK311P9600,264.0,0.0,0.0,0.0,20,238.0,246.5,20,238.0,264.0,264.0,264.0,7.0,1848.0,25
2023-05-11 09:34:08,PK311P9600,PK311P9600,264.0,0.0,0.0,0.0,10,238.0,246.5,20,238.0,264.0,264.0,264.0,7.0,1848.0,25
2023-05-11 09:34:09,PK311P9600,PK311P9600,264.0,0.0,0.0,0.0,20,235.5,246.5,20,238.0,264.0,264.0,264.0,7.0,1848.0,25
2023-05-11 09:34:11,PK311P9600,PK311P9600,264.0,0.0,0.0,0.0,10,235.5,244.5,10,238.0,264.0,264.0,264.0,7.0,1848.0,25
2023-05-11 09:34:11,PK311P9600,PK311P9600,264.0,0.0,0.0,0.0,20,235.0,244.5,20,238.0,264.0,264.0,264.0,7.0,1848.0,25
2023-05-11 09:34:12,PK311P9600,PK311P9600,264.0,0.0,0.0,0.0,10,235.0,244.5,20,238.0,264.0,264.0,264.0,7.0,1848.0,25
2023-05-11 09:34:13,PK311P9600,PK311P9600,264.0,0.0,0.0,0.0,30,233.5,244.5,20,238.0,264.0,264.0,264.0,7.0,1848.0,25
2023-05-11 09:34:14,PK311P9600,PK311P9600,264.0,0.0,0.0,0.0,20,233.5,244.5,20,238.0,264.0,264.0,264.0,7.0,1848.0,25
2023-05-11 09:34:15,PK311P9600,PK311P9600,264.0,0.0,0.0,0.0,20,233.5,242.5,20,238.0,264.0,264.0,264.0,7.0,1848.0,25
2023-05-11 09:34:18,PK311P9600,PK311P9600,264.0,0.0,0.0,0.0,10,233.5,242.5,20,238.0,264.0,264.0,264.0,7.0,1848.0,25
2023-05-11 09:34:19,PK311P9600,PK311P9600,264.0,0.0,0.0,0.0,20,232.5,242.5,20,238.0,264.0,264.0,264.0,7.0,1848.0,25
2023-05-11 09:34:21,PK311P9600,PK311P9600,264.0,0.0,0.0,0.0,10,232.5,242.5,20,238.0,264.0,264.0,264.0,7.0,1848.0,25
2023-05-11 09:34:22,PK311P9600,PK311P9600,242.5,4.0,968.0,0.0,30,232.0,242.5,16,238.0,264.0,264.0,242.5,11.0,2816.0,25
2023-05-11 09:34:22,PK311P9600,PK311P9600,242.5,0.0,0.0,0.0,30,232.0,242.5,6,238.0,264.0,264.0,242.5,11.0,2816.0,25
2023-05-11 09:34:29,PK311P9600,PK311P9600,242.5,0.0,0.0,0.0,20,232.0,242.5,6,238.0,264.0,264.0,242.5,11.0,2816.0,25
2023-05-11 09:34:34,PK311P9600,PK311P9600,242.5,0.0,0.0,0.0,20,231.0,242.5,6,238.0,264.0,264.0,242.5,11.0,2816.0,25
2023-05-11 09:34:51,PK311P9600,PK311P9600,242.5,6.0,1459.5,0.0,20,231.0,243.0,10,238.0,264.0,264.0,242.5,17.0,4275.5,25
2023-05-11 09:34:51,PK311P9600,PK311P9600,242.5,0.0,0.0,0.0,20,231.0,244.0,20,238.0,264.0,264.0,242.5,17.0,4275.5,25
2023-05-11 09:35:03,PK311P9600,PK311P9600,242.5,0.0,0.0,0.0,10,233.0,244.0,20,238.0,264.0,264.0,242.5,17.0,4275.5,25
2023-05-11 09:35:03,PK311P9600,PK311P9600,242.5,0.0,0.0,0.0,20,233.0,244.0,20,238.0,264.0,264.0,242.5,17.0,4275.5,25
2023-05-11 09:35:05,PK311P9600,PK311P9600,244.0,12.0,2931.0,0.0,20,233.0,245.5,10,238.0,264.0,264.0,242.5,29.0,7206.5,25
2023-05-11 09:35:10,PK311P9600,PK311P9600,244.0,0.0,0.0,0.0,20,233.0,245.5,20,238.0,264.0,264.0,242.5,29.0,7206.5,25
2023-05-11 09:35:12,PK311P9600,PK311P9600,244.0,0.0,0.0,0.0,20,235.0,245.5,20,238.0,264.0,264.0,242.5,29.0,7206.5,25
2023-05-11 09:35:14,PK311P9600,PK311P9600,244.0,0.0,0.0,0.0,30,235.0,245.5,20,238.0,264.0,264.0,242.5,29.0,7206.5,25
2023-05-11 09:35:16,PK311P9600,PK311P9600,244.0,0.0,0.0,0.0,20,235.0,245.5,20,238.0,264.0,264.0,242.5,29.0,7206.5,25
2023-05-11 09:35:27,PK311P9600,PK311P9600,244.0,0.0,0.0,0.0,30,235.0,245.5,20,238.0,264.0,264.0,242.5,29.0,7206.5,25
2023-05-11 09:35:28,PK311P9600,PK311P9600,244.0,0.0,0.0,0.0,20,235.0,245.5,20,238.0,264.0,264.0,242.5,29.0,7206.5,25
2023-05-11 09:35:34,PK311P9600,PK311P9600,244.0,0.0,0.0,0.0,30,235.0,245.5,20,238.0,264.0,264.0,242.5,29.0,7206.5,25
2023-05-11 09:35:49,PK311P9600,PK311P9600,244.0,0.0,0.0,0.0,10,235.5,245.5,20,238.0,264.0,264.0,242.5,29.0,7206.5,25
2023-05-11 09:36:02,PK311P9600,PK311P9600,244.0,0.0,0.0,0.0,20,235.5,245.5,20,238.0,264.0,264.0,242.5,29.0,7206.5,25
2023-05-11 09:36:07,PK311P9600,PK311P9600,244.0,0.0,0.0,0.0,10,235.5,245.5,20,238.0,264.0,264.0,242.5,29.0,7206.5,25
2023-05-11 09:36:08,PK311P9600,PK311P9600,244.0,0.0,0.0,0.0,20,235.5,245.5,20,238.0,264.0,264.0,242.5,29.0,7206.5,25
2023-05-11 09:36:23,PK311P9600,PK311P9600,244.0,0.0,0.0,0.0,10,235.5,245.5,20,238.0,264.0,264.0,242.5,29.0,7206.5,25
2023-05-11 09:36:27,PK311P9600,PK311P9600,244.0,0.0,0.0,0.0,10,237.5,245.5,20,238.0,264.0,264.0,242.5,29.0,7206.5,25
2023-05-11 09:36:28,PK311P9600,PK311P9600,244.0,0.0,0.0,0.0,10,237.5,245.5,10,238.0,264.0,264.0,242.5,29.0,7206.5,25
2023-05-11 09:36:28,PK311P9600,PK311P9600,244.0,0.0,0.0,0.0,10,237.5,247.0,20,238.0,264.0,264.0,242.5,29.0,7206.5,25
2023-05-11 09:36:29,PK311P9600,PK311P9600,244.0,0.0,0.0,0.0,20,237.5,247.0,20,238.0,264.0,264.0,242.5,29.0,7206.5,25
2023-05-11 09:36:32,PK311P9600,PK311P9600,244.0,0.0,0.0,0.0,10,240.0,247.0,10,238.0,264.0,264.0,242.5,29.0,7206.5,25
2023-05-11 09:36:32,PK311P9600,PK311P9600,244.0,0.0,0.0,0.0,10,238.0,249.5,10,238.0,264.0,264.0,242.5,29.0,7206.5,25
2023-05-11 09:36:33,PK311P9600,PK311P9600,244.0,0.0,0.0,0.0,20,238.0,249.5,30,238.0,264.0,264.0,242.5,29.0,7206.5,25
2023-05-11 09:36:35,PK311P9600,PK311P9600,244.0,0.0,0.0,0.0,20,236.5,247.5,30,238.0,264.0,264.0,242.5,29.0,7206.5,25
2023-05-11 09:36:41,PK311P9600,PK311P9600,244.0,0.0,0.0,0.0,10,238.5,247.5,20,238.0,264.0,264.0,242.5,29.0,7206.5,25
2023-05-11 09:36:41,PK311P9600,PK311P9600,244.0,0.0,0.0,0.0,20,238.5,247.5,20,238.0,264.0,264.0,242.5,29.0,7206.5,25
2023-05-11 09:36:54,PK311P9600,PK311P9600,244.0,0.0,0.0,0.0,20,237.0,247.5,10,238.0,264.0,264.0,242.5,29.0,7206.5,25
2023-05-11 09:36:55,PK311P9600,PK311P9600,244.0,0.0,0.0,0.0,10,237.0,247.5,10,238.0,264.0,264.0,242.5,29.0,7206.5,25
2023-05-11 09:36:56,PK311P9600,PK311P9600,244.0,0.0,0.0,0.0,30,236.5,247.5,20,238.0,264.0,264.0,242.5,29.0,7206.5,25
2023-05-11 09:37:01,PK311P9600,PK311P9600,244.0,0.0,0.0,0.0,40,236.5,247.5,20,238.0,264.0,264.0,242.5,29.0,7206.5,25
2023-05-11 09:37:05,PK311P9600,PK311P9600,244.0,0.0,0.0,0.0,20,236.5,247.5,20,238.0,264.0,264.0,242.5,29.0,7206.5,25
2023-05-11 09:37:05,PK311P9600,PK311P9600,244.0,0.0,0.0,0.0,10,236.5,246.0,10,238.0,264.0,264.0,242.5,29.0,7206.5,25
2023-05-11 09:37:05,PK311P9600,PK311P9600,244.0,0.0,0.0,0.0,10,234.5,246.0,20,238.0,264.0,264.0,242.5,29.0,7206.5,25
2023-05-11 09:37:06,PK311P9600,PK311P9600,244.0,0.0,0.0,0.0,20,234.5,246.0,30,238.0,264.0,264.0,242.5,29.0,7206.5,25
2023-05-11 09:37:08,PK311P9600,PK311P9600,244.0,0.0,0.0,0.0,10,234.0,244.0,20,238.0,264.0,264.0,242.5,29.0,7206.5,25
2023-05-11 09:37:10,PK311P9600,PK311P9600,244.0,0.0,0.0,0.0,20,234.0,244.0,30,238.0,264.0,264.0,242.5,29.0,7206.5,25
2023-05-11 09:37:12,PK311P9600,PK311P9600,244.0,0.0,0.0,0.0,30,232.5,244.0,30,238.0,264.0,264.0,242.5,29.0,7206.5,25
2023-05-11 09:37:12,PK311P9600,PK311P9600,244.0,0.0,0.0,0.0,20,232.5,244.0,30,238.0,264.0,264.0,242.5,29.0,7206.5,25
2023-05-11 09:37:13,PK311P9600,PK311P9600,244.0,0.0,0.0,0.0,10,234.5,244.0,20,238.0,264.0,264.0,242.5,29.0,7206.5,25
2023-05-11 09:37:13,PK311P9600,PK311P9600,244.0,0.0,0.0,0.0,20,234.5,244.0,10,238.0,264.0,264.0,242.5,29.0,7206.5,25
2023-05-11 09:37:14,PK311P9600,PK311P9600,244.0,0.0,0.0,0.0,20,234.5,245.0,20,238.0,264.0,264.0,242.5,29.0,7206.5,25
2023-05-11 09:37:17,PK311P9600,PK311P9600,244.0,0.0,0.0,0.0,10,234.5,245.0,10,238.0,264.0,264.0,242.5,29.0,7206.5,25
2023-05-11 09:37:18,PK311P9600,PK311P9600,244.0,0.0,0.0,0.0,10,236.0,245.0,10,238.0,264.0,264.0,242.5,29.0,7206.5,25
2023-05-11 09:37:19,PK311P9600,PK311P9600,244.0,0.0,0.0,0.0,10,236.0,246.5,20,238.0,264.0,264.0,242.5,29.0,7206.5,25
2023-05-11 09:37:19,PK311P9600,PK311P9600,244.0,0.0,0.0,0.0,10,236.0,246.5,10,238.0,264.0,264.0,242.5,29.0,7206.5,25
2023-05-11 09:37:20,PK311P9600,PK311P9600,244.0,0.0,0.0,0.0,10,236.0,247.5,20,238.0,264.0,264.0,242.5,29.0,7206.5,25
2023-05-11 09:37:22,PK311P9600,PK311P9600,244.0,0.0,0.0,0.0,10,235.0,245.5,20,238.0,264.0,264.0,242.5,29.0,7206.5,25
2023-05-11 09:37:26,PK311P9600,PK311P9600,244.0,0.0,0.0,0.0,20,234.0,245.5,20,238.0,264.0,264.0,242.5,29.0,7206.5,25
2023-05-11 09:37:50,PK311P9600,PK311P9600,244.0,0.0,0.0,0.0,10,236.0,245.5,10,238.0,264.0,264.0,242.5,29.0,7206.5,25
2023-05-11 09:37:50,PK311P9600,PK311P9600,244.0,0.0,0.0,0.0,10,236.0,247.0,20,238.0,264.0,264.0,242.5,29.0,7206.5,25
2023-05-11 09:37:59,PK311P9600,PK311P9600,244.0,0.0,0.0,0.0,20,236.0,247.0,20,238.0,264.0,264.0,242.5,29.0,7206.5,25
2023-05-11 09:38:03,PK311P9600,PK311P9600,244.0,0.0,0.0,0.0,30,236.0,247.0,30,238.0,264.0,264.0,242.5,29.0,7206.5,25
2023-05-11 09:38:04,PK311P9600,PK311P9600,244.0,0.0,0.0,0.0,20,236.0,247.0,30,238.0,264.0,264.0,242.5,29.0,7206.5,25
2023-05-11 09:38:07,PK311P9600,PK311P9600,244.0,0.0,0.0,0.0,10,237.5,247.0,20,238.0,264.0,264.0,242.5,29.0,7206.5,25
2023-05-11 09:38:10,PK311P9600,PK311P9600,244.0,0.0,0.0,0.0,20,237.5,247.0,10,238.0,264.0,264.0,242.5,29.0,7206.5,25
2023-05-11 09:38:10,PK311P9600,PK311P9600,244.0,0.0,0.0,0.0,10,237.5,247.0,10,238.0,264.0,264.0,242.5,29.0,7206.5,25
2023-05-11 09:38:42,PK311P9600,PK311P9600,244.0,0.0,0.0,0.0,10,237.5,248.0,10,238.0,264.0,264.0,242.5,29.0,7206.5,25
2023-05-11 09:38:43,PK311P9600,PK311P9600,244.0,0.0,0.0,0.0,10,237.5,249.0,20,238.0,264.0,264.0,242.5,29.0,7206.5,25
2023-05-11 09:38:45,PK311P9600,PK311P9600,244.0,0.0,0.0,0.0,10,237.5,248.0,10,238.0,264.0,264.0,242.5,29.0,7206.5,25
2023-05-11 09:38:46,PK311P9600,PK311P9600,244.0,0.0,0.0,0.0,10,237.5,249.0,20,238.0,264.0,264.0,242.5,29.0,7206.5,25
2023-05-11 09:38:47,PK311P9600,PK311P9600,244.0,0.0,0.0,0.0,10,238.5,249.0,10,238.0,264.0,264.0,242.5,29.0,7206.5,25
2023-05-11 09:38:57,PK311P9600,PK311P9600,244.0,0.0,0.0,0.0,10,238.5,250.0,10,238.0,264.0,264.0,242.5,29.0,7206.5,25
2023-05-11 09:40:04,PK311P9600,PK311P9600,244.0,0.0,0.0,0.0,20,238.5,251.5,30,238.0,264.0,264.0,242.5,29.0,7206.5,25
2023-05-11 09:40:05,PK311P9600,PK311P9600,244.0,0.0,0.0,0.0,20,238.5,251.5,10,238.0,264.0,264.0,242.5,29.0,7206.5,25
2023-05-11 09:40:06,PK311P9600,PK311P9600,244.0,0.0,0.0,0.0,10,241.0,252.5,10,238.0,264.0,264.0,242.5,29.0,7206.5,25
2023-05-11 09:40:06,PK311P9600,PK311P9600,244.0,0.0,0.0,0.0,10,241.0,252.5,20,238.0,264.0,264.0,242.5,29.0,7206.5,25
2023-05-11 09:40:08,PK311P9600,PK311P9600,244.0,0.0,0.0,0.0,10,241.0,252.0,10,238.0,264.0,264.0,242.5,29.0,7206.5,25
2023-05-11 09:40:08,PK311P9600,PK311P9600,244.0,0.0,0.0,0.0,10,241.0,250.5,10,238.0,264.0,264.0,242.5,29.0,7206.5,25
2023-05-11 09:40:09,PK311P9600,PK311P9600,244.0,0.0,0.0,0.0,10,241.0,251.5,20,238.0,264.0,264.0,242.5,29.0,7206.5,25
2023-05-11 09:40:11,PK311P9600,PK311P9600,244.0,0.0,0.0,0.0,10,241.0,250.5,10,238.0,264.0,264.0,242.5,29.0,7206.5,25
2023-05-11 09:40:14,PK311P9600,PK311P9600,244.0,0.0,0.0,0.0,10,241.0,250.5,20,238.0,264.0,264.0,242.5,29.0,7206.5,25
2023-05-11 09:40:14,PK311P9600,PK311P9600,244.0,0.0,0.0,0.0,10,239.5,250.5,20,238.0,264.0,264.0,242.5,29.0,7206.5,25
2023-05-11 09:40:15,PK311P9600,PK311P9600,244.0,0.0,0.0,0.0,10,238.5,250.5,10,238.0,264.0,264.0,242.5,29.0,7206.5,25
2023-05-11 09:40:15,PK311P9600,PK311P9600,244.0,0.0,0.0,0.0,20,238.5,250.5,20,238.0,264.0,264.0,242.5,29.0,7206.5,25
2023-05-11 09:40:15,PK311P9600,PK311P9600,244.0,0.0,0.0,0.0,10,238.5,250.5,10,238.0,264.0,264.0,242.5,29.0,7206.5,25
2023-05-11 09:40:18,PK311P9600,PK311P9600,244.0,0.0,0.0,0.0,10,238.5,251.5,20,238.0,264.0,264.0,242.5,29.0,7206.5,25
2023-05-11 09:40:22,PK311P9600,PK311P9600,244.0,0.0,0.0,0.0,20,238.5,251.5,20,238.0,264.0,264.0,242.5,29.0,7206.5,25
2023-05-11 09:40:27,PK311P9600,PK311P9600,244.0,0.0,0.0,0.0,10,241.5,251.5,10,238.0,264.0,264.0,242.5,29.0,7206.5,25
2023-05-11 09:40:27,PK311P9600,PK311P9600,244.0,0.0,0.0,0.0,10,241.5,252.5,20,238.0,264.0,264.0,242.5,29.0,7206.5,25
2023-05-11 09:40:28,PK311P9600,PK311P9600,244.0,0.0,0.0,0.0,20,241.5,252.5,30,238.0,264.0,264.0,242.5,29.0,7206.5,25
2023-05-11 09:40:29,PK311P9600,PK311P9600,244.0,0.0,0.0,0.0,20,241.5,252.5,20,238.0,264.0,264.0,242.5,29.0,7206.5,25
2023-05-11 09:40:29,PK311P9600,PK311P9600,244.0,0.0,0.0,0.0,20,241.5,252.5,10,238.0,264.0,264.0,242.5,29.0,7206.5,25
2023-05-11 09:40:36,PK311P9600,PK311P9600,244.0,0.0,0.0,0.0,10,241.5,252.5,20,238.0,264.0,264.0,242.5,29.0,7206.5,25
2023-05-11 09:40:37,PK311P9600,PK311P9600,244.0,0.0,0.0,0.0,10,241.5,252.5,10,238.0,264.0,264.0,242.5,29.0,7206.5,25
2023-05-11 09:40:49,PK311P9600,PK311P9600,244.0,0.0,0.0,0.0,10,241.5,251.5,10,238.0,264.0,264.0,242.5,29.0,7206.5,25
2023-05-11 09:40:49,PK311P9600,PK311P9600,244.0,0.0,0.0,0.0,10,241.5,251.5,20,238.0,264.0,264.0,242.5,29.0,7206.5,25
2023-05-11 09:40:53,PK311P9600,PK311P9600,244.0,0.0,0.0,0.0,20,240.0,251.5,20,238.0,264.0,264.0,242.5,29.0,7206.5,25
2023-05-11 09:40:53,PK311P9600,PK311P9600,244.0,0.0,0.0,0.0,10,240.0,251.5,20,238.0,264.0,264.0,242.5,29.0,7206.5,25
2023-05-11 09:40:54,PK311P9600,PK311P9600,244.0,0.0,0.0,0.0,30,239.0,251.5,20,238.0,264.0,264.0,242.5,29.0,7206.5,25
2023-05-11 09:40:56,PK311P9600,PK311P9600,244.0,0.0,0.0,0.0,20,239.0,251.5,10,238.0,264.0,264.0,242.5,29.0,7206.5,25
2023-05-11 09:40:57,PK311P9600,PK311P9600,244.0,0.0,0.0,0.0,10,239.0,251.5,10,238.0,264.0,264.0,242.5,29.0,7206.5,25
2023-05-11 09:41:02,PK311P9600,PK311P9600,244.0,0.0,0.0,0.0,10,241.5,252.5,20,238.0,264.0,264.0,242.5,29.0,7206.5,25
2023-05-11 09:41:04,PK311P9600,PK311P9600,244.0,0.0,0.0,0.0,20,241.5,252.5,30,238.0,264.0,264.0,242.5,29.0,7206.5,25
2023-05-11 09:41:04,PK311P9600,PK311P9600,244.0,0.0,0.0,0.0,20,241.5,252.5,20,238.0,264.0,264.0,242.5,29.0,7206.5,25
2023-05-11 09:41:08,PK311P9600,PK311P9600,244.0,0.0,0.0,0.0,10,241.5,252.5,20,238.0,264.0,264.0,242.5,29.0,7206.5,25
2023-05-11 09:41:10,PK311P9600,PK311P9600,244.0,0.0,0.0,0.0,10,241.5,254.0,20,238.0,264.0,264.0,242.5,29.0,7206.5,25
2023-05-11 09:41:13,PK311P9600,PK311P9600,244.0,0.0,0.0,0.0,10,243.5,255.0,20,238.0,264.0,264.0,242.5,29.0,7206.5,25
2023-05-11 09:41:28,PK311P9600,PK311P9600,244.0,0.0,0.0,0.0,10,242.0,254.0,10,238.0,264.0,264.0,242.5,29.0,7206.5,25
2023-05-11 09:41:28,PK311P9600,PK311P9600,244.0,0.0,0.0,0.0,10,241.5,254.0,20,238.0,264.0,264.0,242.5,29.0,7206.5,25
2023-05-11 09:41:37,PK311P9600,PK311P9600,244.0,0.0,0.0,0.0,10,243.5,255.0,10,238.0,264.0,264.0,242.5,29.0,7206.5,25
2023-05-11 09:41:49,PK311P9600,PK311P9600,244.0,0.0,0.0,0.0,20,242.0,254.0,10,238.0,264.0,264.0,242.5,29.0,7206.5,25
2023-05-11 09:41:49,PK311P9600,PK311P9600,244.0,0.0,0.0,0.0,20,242.0,254.0,20,238.0,264.0,264.0,242.5,29.0,7206.5,25
2023-05-11 09:41:56,PK311P9600,PK311P9600,244.0,0.0,0.0,0.0,10,243.5,254.0,10,238.0,264.0,264.0,242.5,29.0,7206.5,25
2023-05-11 09:41:57,PK311P9600,PK311P9600,244.0,0.0,0.0,0.0,10,243.5,255.5,30,238.0,264.0,264.0,242.5,29.0,7206.5,25
2023-05-11 09:42:07,PK311P9600,PK311P9600,244.0,0.0,0.0,0.0,20,242.0,254.0,20,238.0,264.0,264.0,242.5,29.0,7206.5,25
2023-05-11 09:42:19,PK311P9600,PK311P9600,244.0,0.0,0.0,0.0,20,241.5,254.0,30,238.0,264.0,264.0,242.5,29.0,7206.5,25
2023-05-11 09:42:31,PK311P9600,PK311P9600,244.0,0.0,0.0,0.0,10,244.0,254.0,20,238.0,264.0,264.0,242.5,29.0,7206.5,25
2023-05-11 09:42:31,PK311P9600,PK311P9600,244.0,0.0,0.0,0.0,20,244.0,254.0,20,238.0,264.0,264.0,242.5,29.0,7206.5,25
2023-05-11 09:42:32,PK311P9600,PK311P9600,244.0,0.0,0.0,0.0,20,244.0,255.5,20,238.0,264.0,264.0,242.5,29.0,7206.5,25
2023-05-11 09:42:32,PK311P9600,PK311P9600,244.0,0.0,0.0,0.0,30,244.0,257.0,20,238.0,264.0,264.0,242.5,29.0,7206.5,25
2023-05-11 09:42:33,PK311P9600,PK311P9600,244.0,0.0,0.0,0.0,20,244.0,257.0,20,238.0,264.0,264.0,242.5,29.0,7206.5,25
2023-05-11 09:42:34,PK311P9600,PK311P9600,244.0,0.0,0.0,0.0,10,244.0,257.0,20,238.0,264.0,264.0,242.5,29.0,7206.5,25
2023-05-11 09:42:35,PK311P9600,PK311P9600,244.0,0.0,0.0,0.0,20,244.0,257.0,30,238.0,264.0,264.0,242.5,29.0,7206.5,25
2023-05-11 09:42:35,PK311P9600,PK311P9600,244.0,0.0,0.0,0.0,20,244.0,257.0,20,238.0,264.0,264.0,242.5,29.0,7206.5,25
2023-05-11 09:42:37,PK311P9600,PK311P9600,244.0,0.0,0.0,0.0,10,247.0,258.5,30,238.0,264.0,264.0,242.5,29.0,7206.5,25
2023-05-11 09:42:39,PK311P9600,PK311P9600,244.0,0.0,0.0,0.0,20,247.0,258.5,40,238.0,264.0,264.0,242.5,29.0,7206.5,25
2023-05-11 09:42:45,PK311P9600,PK311P9600,244.0,0.0,0.0,0.0,20,247.0,258.5,30,238.0,264.0,264.0,242.5,29.0,7206.5,25
2023-05-11 09:42:46,PK311P9600,PK311P9600,244.0,0.0,0.0,0.0,20,247.0,258.5,20,238.0,264.0,264.0,242.5,29.0,7206.5,25
2023-05-11 09:43:05,PK311P9600,PK311P9600,244.0,0.0,0.0,0.0,20,247.0,258.5,30,238.0,264.0,264.0,242.5,29.0,7206.5,25
2023-05-11 09:43:05,PK311P9600,PK311P9600,244.0,0.0,0.0,0.0,10,245.5,257.0,10,238.0,264.0,264.0,242.5,29.0,7206.5,25
2023-05-11 09:43:06,PK311P9600,PK311P9600,244.0,0.0,0.0,0.0,20,244.5,257.0,20,238.0,264.0,264.0,242.5,29.0,7206.5,25
2023-05-11 09:43:06,PK311P9600,PK311P9600,244.0,0.0,0.0,0.0,10,244.5,255.0,10,238.0,264.0,264.0,242.5,29.0,7206.5,25
2023-05-11 09:43:07,PK311P9600,PK311P9600,244.0,0.0,0.0,0.0,10,244.0,255.0,20,238.0,264.0,264.0,242.5,29.0,7206.5,25
2023-05-11 09:43:07,PK311P9600,PK311P9600,244.0,0.0,0.0,0.0,10,244.0,255.0,30,238.0,264.0,264.0,242.5,29.0,7206.5,25
2023-05-11 09:43:07,PK311P9600,PK311P9600,244.0,0.0,0.0,0.0,30,242.5,255.0,30,238.0,264.0,264.0,242.5,29.0,7206.5,25
2023-05-11 09:43:10,PK311P9600,PK311P9600,244.0,0.0,0.0,0.0,40,242.5,255.0,30,238.0,264.0,264.0,242.5,29.0,7206.5,25
2023-05-11 09:43:12,PK311P9600,PK311P9600,244.0,0.0,0.0,0.0,10,244.5,255.0,20,238.0,264.0,264.0,242.5,29.0,7206.5,25
2023-05-11 09:43:12,PK311P9600,PK311P9600,244.0,0.0,0.0,0.0,20,244.5,255.0,20,238.0,264.0,264.0,242.5,29.0,7206.5,25
2023-05-11 09:43:18,PK311P9600,PK311P9600,244.0,0.0,0.0,0.0,10,247.0,258.5,10,238.0,264.0,264.0,242.5,29.0,7206.5,25
2023-05-11 09:43:18,PK311P9600,PK311P9600,244.0,0.0,0.0,0.0,10,247.0,259.5,10,238.0,264.0,264.0,242.5,29.0,7206.5,25
2023-05-11 09:43:19,PK311P9600,PK311P9600,244.0,0.0,0.0,0.0,20,249.5,261.0,20,238.0,264.0,264.0,242.5,29.0,7206.5,25
2023-05-11 09:43:30,PK311P9600,PK311P9600,244.0,0.0,0.0,0.0,10,251.5,261.0,20,238.0,264.0,264.0,242.5,29.0,7206.5,25
2023-05-11 09:43:31,PK311P9600,PK311P9600,244.0,0.0,0.0,0.0,10,251.5,262.5,20,238.0,264.0,264.0,242.5,29.0,7206.5,25
2023-05-11 09:43:31,PK311P9600,PK311P9600,244.0,0.0,0.0,0.0,10,251.5,264.0,30,238.0,264.0,264.0,242.5,29.0,7206.5,25
2023-05-11 09:43:32,PK311P9600,PK311P9600,244.0,0.0,0.0,0.0,10,249.5,261.5,10,238.0,264.0,264.0,242.5,29.0,7206.5,25
2023-05-11 09:43:34,PK311P9600,PK311P9600,244.0,0.0,0.0,0.0,20,249.5,262.0,30,238.0,264.0,264.0,242.5,29.0,7206.5,25
2023-05-11 09:43:34,PK311P9600,PK311P9600,244.0,0.0,0.0,0.0,10,251.5,262.0,10,238.0,264.0,264.0,242.5,29.0,7206.5,25
2023-05-11 09:43:35,PK311P9600,PK311P9600,244.0,0.0,0.0,0.0,20,251.5,263.5,30,238.0,264.0,264.0,242.5,29.0,7206.5,25
2023-05-11 09:43:36,PK311P9600,PK311P9600,244.0,0.0,0.0,0.0,20,251.5,263.5,40,238.0,264.0,264.0,242.5,29.0,7206.5,25
2023-05-11 09:43:38,PK311P9600,PK311P9600,244.0,0.0,0.0,0.0,20,251.5,263.5,30,238.0,264.0,264.0,242.5,29.0,7206.5,25
2023-05-11 09:43:38,PK311P9600,PK311P9600,244.0,0.0,0.0,0.0,20,251.5,263.5,20,238.0,264.0,264.0,242.5,29.0,7206.5,25
2023-05-11 09:43:39,PK311P9600,PK311P9600,244.0,0.0,0.0,0.0,20,251.5,263.5,30,238.0,264.0,264.0,242.5,29.0,7206.5,25
2023-05-11 09:43:42,PK311P9600,PK311P9600,244.0,0.0,0.0,0.0,20,251.5,263.5,20,238.0,264.0,264.0,242.5,29.0,7206.5,25
2023-05-11 09:43:44,PK311P9600,PK311P9600,244.0,0.0,0.0,0.0,20,251.5,263.5,30,238.0,264.0,264.0,242.5,29.0,7206.5,25
2023-05-11 09:43:45,PK311P9600,PK311P9600,244.0,0.0,0.0,0.0,20,251.5,263.5,20,238.0,264.0,264.0,242.5,29.0,7206.5,25
2023-05-11 09:43:46,PK311P9600,PK311P9600,244.0,0.0,0.0,0.0,20,251.5,263.5,30,238.0,264.0,264.0,242.5,29.0,7206.5,25
2023-05-11 09:43:49,PK311P9600,PK311P9600,244.0,0.0,0.0,0.0,10,251.5,262.0,10,238.0,264.0,264.0,242.5,29.0,7206.5,25
2023-05-11 09:43:49,PK311P9600,PK311P9600,244.0,0.0,0.0,0.0,20,250.0,262.0,30,238.0,264.0,264.0,242.5,29.0,7206.5,25
2023-05-11 09:43:58,PK311P9600,PK311P9600,244.0,0.0,0.0,0.0,10,250.0,262.0,30,238.0,264.0,264.0,242.5,29.0,7206.5,25
2023-05-11 09:43:58,PK311P9600,PK311P9600,244.0,0.0,0.0,0.0,10,249.5,262.0,20,238.0,264.0,264.0,242.5,29.0,7206.5,25
2023-05-11 09:44:00,PK311P9600,PK311P9600,244.0,0.0,0.0,0.0,20,249.5,262.0,30,238.0,264.0,264.0,242.5,29.0,7206.5,25
2023-05-11 09:44:01,PK311P9600,PK311P9600,244.0,0.0,0.0,0.0,20,249.5,262.0,40,238.0,264.0,264.0,242.5,29.0,7206.5,25
2023-05-11 09:44:01,PK311P9600,PK311P9600,244.0,0.0,0.0,0.0,20,249.5,262.0,30,238.0,264.0,264.0,242.5,29.0,7206.5,25
2023-05-11 09:44:02,PK311P9600,PK311P9600,244.0,0.0,0.0,0.0,20,249.5,262.0,40,238.0,264.0,264.0,242.5,29.0,7206.5,25
2023-05-11 09:44:04,PK311P9600,PK311P9600,244.0,0.0,0.0,0.0,10,248.0,260.0,30,238.0,264.0,264.0,242.5,29.0,7206.5,25
2023-05-11 09:44:05,PK311P9600,PK311P9600,244.0,0.0,0.0,0.0,10,247.0,260.0,20,238.0,264.0,264.0,242.5,29.0,7206.5,25
2023-05-11 09:44:05,PK311P9600,PK311P9600,244.0,0.0,0.0,0.0,10,247.0,260.0,30,238.0,264.0,264.0,242.5,29.0,7206.5,25
2023-05-11 09:44:07,PK311P9600,PK311P9600,244.0,0.0,0.0,0.0,20,246.0,257.5,30,238.0,264.0,264.0,242.5,29.0,7206.5,25
2023-05-11 09:44:08,PK311P9600,PK311P9600,244.0,0.0,0.0,0.0,10,247.5,260.5,10,238.0,264.0,264.0,242.5,29.0,7206.5,25
2023-05-11 09:44:10,PK311P9600,PK311P9600,244.0,0.0,0.0,0.0,20,247.5,260.5,20,238.0,264.0,264.0,242.5,29.0,7206.5,25
2023-05-11 09:44:16,PK311P9600,PK311P9600,244.0,0.0,0.0,0.0,20,247.5,260.5,30,238.0,264.0,264.0,242.5,29.0,7206.5,25
2023-05-11 09:44:18,PK311P9600,PK311P9600,244.0,0.0,0.0,0.0,40,247.5,260.5,30,238.0,264.0,264.0,242.5,29.0,7206.5,25
2023-05-11 09:44:22,PK311P9600,PK311P9600,244.0,0.0,0.0,0.0,20,250.0,260.5,20,238.0,264.0,264.0,242.5,29.0,7206.5,25
2023-05-11 09:44:29,PK311P9600,PK311P9600,244.0,0.0,0.0,0.0,10,252.5,260.5,20,238.0,264.0,264.0,242.5,29.0,7206.5,25
2023-05-11 09:44:29,PK311P9600,PK311P9600,244.0,0.0,0.0,0.0,20,252.5,260.5,20,238.0,264.0,264.0,242.5,29.0,7206.5,25
2023-05-11 09:44:31,PK311P9600,PK311P9600,244.0,0.0,0.0,0.0,20,252.5,262.0,30,238.0,264.0,264.0,242.5,29.0,7206.5,25
2023-05-11 09:44:31,PK311P9600,PK311P9600,244.0,0.0,0.0,0.0,20,252.5,262.0,20,238.0,264.0,264.0,242.5,29.0,7206.5,25
2023-05-11 09:44:32,PK311P9600,PK311P9600,244.0,0.0,0.0,0.0,10,252.5,262.0,20,238.0,264.0,264.0,242.5,29.0,7206.5,25
2023-05-11 09:44:34,PK311P9600,PK311P9600,244.0,0.0,0.0,0.0,10,252.5,262.0,10,238.0,264.0,264.0,242.5,29.0,7206.5,25
2023-05-11 09:44:34,PK311P9600,PK311P9600,244.0,0.0,0.0,0.0,20,252.5,263.5,20,238.0,264.0,264.0,242.5,29.0,7206.5,25
2023-05-11 09:44:43,PK311P9600,PK311P9600,244.0,0.0,0.0,0.0,30,251.0,263.0,20,238.0,264.0,264.0,242.5,29.0,7206.5,25
2023-05-11 09:44:43,PK311P9600,PK311P9600,244.0,0.0,0.0,0.0,20,251.0,263.0,20,238.0,264.0,264.0,242.5,29.0,7206.5,25
2023-05-11 09:44:44,PK311P9600,PK311P9600,244.0,0.0,0.0,0.0,10,251.0,263.0,20,238.0,264.0,264.0,242.5,29.0,7206.5,25
2023-05-11 09:44:44,PK311P9600,PK311P9600,244.0,0.0,0.0,0.0,20,250.5,263.0,20,238.0,264.0,264.0,242.5,29.0,7206.5,25
2023-05-11 09:44:52,PK311P9600,PK311P9600,244.0,0.0,0.0,0.0,30,250.5,263.0,20,238.0,264.0,264.0,242.5,29.0,7206.5,25
2023-05-11 09:44:52,PK311P9600,PK311P9600,244.0,0.0,0.0,0.0,50,250.5,263.0,20,238.0,264.0,264.0,242.5,29.0,7206.5,25
2023-05-11 09:44:53,PK311P9600,PK311P9600,244.0,0.0,0.0,0.0,10,252.5,263.5,10,238.0,264.0,264.0,242.5,29.0,7206.5,25
2023-05-11 09:44:53,PK311P9600,PK311P9600,244.0,0.0,0.0,0.0,10,252.5,264.5,10,238.0,264.0,264.0,242.5,29.0,7206.5,25
2023-05-11 09:44:53,PK311P9600,PK311P9600,244.0,0.0,0.0,0.0,20,252.5,264.5,20,238.0,264.0,264.0,242.5,29.0,7206.5,25
2023-05-11 09:44:55,PK311P9600,PK311P9600,244.0,0.0,0.0,0.0,20,252.5,265.0,20,238.0,264.0,264.0,242.5,29.0,7206.5,25
2023-05-11 09:44:56,PK311P9600,PK311P9600,244.0,0.0,0.0,0.0,20,252.5,263.5,10,238.0,264.0,264.0,242.5,29.0,7206.5,25
2023-05-11 09:45:00,PK311P9600,PK311P9600,244.0,0.0,0.0,0.0,10,252.5,263.0,10,238.0,264.0,264.0,242.5,29.0,7206.5,25
2023-05-11 09:45:00,PK311P9600,PK311P9600,244.0,0.0,0.0,0.0,10,251.0,262.5,10,238.0,264.0,264.0,242.5,29.0,7206.5,25
2023-05-11 09:45:00,PK311P9600,PK311P9600,244.0,0.0,0.0,0.0,30,250.5,262.5,20,238.0,264.0,264.0,242.5,29.0,7206.5,25
2023-05-11 09:45:02,PK311P9600,PK311P9600,244.0,0.0,0.0,0.0,20,250.5,262.5,20,238.0,264.0,264.0,242.5,29.0,7206.5,25
2023-05-11 09:45:03,PK311P9600,PK311P9600,244.0,0.0,0.0,0.0,20,250.5,261.5,10,238.0,264.0,264.0,242.5,29.0,7206.5,25
2023-05-11 09:45:04,PK311P9600,PK311P9600,244.0,0.0,0.0,0.0,20,250.5,261.5,20,238.0,264.0,264.0,242.5,29.0,7206.5,25
2023-05-11 09:45:04,PK311P9600,PK311P9600,244.0,0.0,0.0,0.0,10,250.5,260.5,20,238.0,264.0,264.0,242.5,29.0,7206.5,25
2023-05-11 09:45:05,PK311P9600,PK311P9600,244.0,0.0,0.0,0.0,10,249.5,260.5,30,238.0,264.0,264.0,242.5,29.0,7206.5,25
2023-05-11 09:45:05,PK311P9600,PK311P9600,244.0,0.0,0.0,0.0,40,248.0,260.5,30,238.0,264.0,264.0,242.5,29.0,7206.5,25
2023-05-11 09:45:09,PK311P9600,PK311P9600,244.0,0.0,0.0,0.0,30,248.0,260.5,30,238.0,264.0,264.0,242.5,29.0,7206.5,25
2023-05-11 09:45:11,PK311P9600,PK311P9600,244.0,0.0,0.0,0.0,40,248.0,260.5,30,238.0,264.0,264.0,242.5,29.0,7206.5,25
2023-05-11 09:45:12,PK311P9600,PK311P9600,244.0,0.0,0.0,0.0,20,250.0,260.5,20,238.0,264.0,264.0,242.5,29.0,7206.5,25
2023-05-11 09:45:16,PK311P9600,PK311P9600,244.0,0.0,0.0,0.0,20,252.0,260.0,20,238.0,264.0,264.0,242.5,29.0,7206.5,25
2023-05-11 09:45:17,PK311P9600,PK311P9600,244.0,0.0,0.0,0.0,30,252.0,260.0,20,238.0,264.0,264.0,242.5,29.0,7206.5,25
2023-05-11 09:45:18,PK311P9600,PK311P9600,244.0,0.0,0.0,0.0,30,252.0,260.0,30,238.0,264.0,264.0,242.5,29.0,7206.5,25
2023-05-11 09:45:20,PK311P9600,PK311P9600,244.0,0.0,0.0,0.0,30,252.0,260.0,20,238.0,264.0,264.0,242.5,29.0,7206.5,25
2023-05-11 09:45:21,PK311P9600,PK311P9600,244.0,0.0,0.0,0.0,20,252.0,260.0,10,238.0,264.0,264.0,242.5,29.0,7206.5,25
2023-05-11 09:45:21,PK311P9600,PK311P9600,244.0,0.0,0.0,0.0,20,252.0,260.5,20,238.0,264.0,264.0,242.5,29.0,7206.5,25
2023-05-11 09:45:25,PK311P9600,PK311P9600,244.0,0.0,0.0,0.0,20,252.0,260.5,30,238.0,264.0,264.0,242.5,29.0,7206.5,25
2023-05-11 09:45:30,PK311P9600,PK311P9600,244.0,0.0,0.0,0.0,20,252.0,260.5,40,238.0,264.0,264.0,242.5,29.0,7206.5,25
2023-05-11 09:45:32,PK311P9600,PK311P9600,244.0,0.0,0.0,0.0,20,252.0,260.5,30,238.0,264.0,264.0,242.5,29.0,7206.5,25
2023-05-11 09:45:34,PK311P9600,PK311P9600,244.0,0.0,0.0,0.0,30,252.0,260.5,30,238.0,264.0,264.0,242.5,29.0,7206.5,25
2023-05-11 09:45:34,PK311P9600,PK311P9600,244.0,0.0,0.0,0.0,20,252.0,260.5,30,238.0,264.0,264.0,242.5,29.0,7206.5,25
2023-05-11 09:45:43,PK311P9600,PK311P9600,244.0,0.0,0.0,0.0,20,252.0,260.5,40,238.0,264.0,264.0,242.5,29.0,7206.5,25
2023-05-11 09:45:46,PK311P9600,PK311P9600,244.0,0.0,0.0,0.0,20,252.0,260.5,30,238.0,264.0,264.0,242.5,29.0,7206.5,25
2023-05-11 09:45:51,PK311P9600,PK311P9600,244.0,0.0,0.0,0.0,20,252.0,260.5,20,238.0,264.0,264.0,242.5,29.0,7206.5,25
2023-05-11 09:46:05,PK311P9600,PK311P9600,244.0,0.0,0.0,0.0,20,252.0,260.0,10,238.0,264.0,264.0,242.5,29.0,7206.5,25
2023-05-11 09:46:07,PK311P9600,PK311P9600,244.0,0.0,0.0,0.0,10,251.5,260.0,20,238.0,264.0,264.0,242.5,29.0,7206.5,25
2023-05-11 09:46:07,PK311P9600,PK311P9600,244.0,0.0,0.0,0.0,40,248.5,260.0,30,238.0,264.0,264.0,242.5,29.0,7206.5,25
2023-05-11 09:46:08,PK311P9600,PK311P9600,244.0,0.0,0.0,0.0,20,248.5,258.0,10,238.0,264.0,264.0,242.5,29.0,7206.5,25
2023-05-11 09:46:08,PK311P9600,PK311P9600,244.0,0.0,0.0,0.0,20,248.5,258.0,30,238.0,264.0,264.0,242.5,29.0,7206.5,25
2023-05-11 09:46:10,PK311P9600,PK311P9600,244.0,0.0,0.0,0.0,40,248.5,258.0,30,238.0,264.0,264.0,242.5,29.0,7206.5,25
2023-05-11 09:46:10,PK311P9600,PK311P9600,244.0,0.0,0.0,0.0,30,248.5,258.0,30,238.0,264.0,264.0,242.5,29.0,7206.5,25
2023-05-11 09:46:11,PK311P9600,PK311P9600,244.0,0.0,0.0,0.0,20,248.5,258.0,30,238.0,264.0,264.0,242.5,29.0,7206.5,25
2023-05-11 09:46:12,PK311P9600,PK311P9600,244.0,0.0,0.0,0.0,10,248.5,256.5,20,238.0,264.0,264.0,242.5,29.0,7206.5,25
2023-05-11 09:46:12,PK311P9600,PK311P9600,244.0,0.0,0.0,0.0,30,248.0,256.5,30,238.0,264.0,264.0,242.5,29.0,7206.5,25
2023-05-11 09:46:14,PK311P9600,PK311P9600,244.0,0.0,0.0,0.0,20,248.0,256.5,30,238.0,264.0,264.0,242.5,29.0,7206.5,25
2023-05-11 09:46:27,PK311P9600,PK311P9600,244.0,0.0,0.0,0.0,30,248.0,256.5,30,238.0,264.0,264.0,242.5,29.0,7206.5,25
2023-05-11 09:46:30,PK311P9600,PK311P9600,244.0,0.0,0.0,0.0,20,248.0,256.5,30,238.0,264.0,264.0,242.5,29.0,7206.5,25
2023-05-11 09:46:31,PK311P9600,PK311P9600,244.0,0.0,0.0,0.0,30,248.0,256.5,30,238.0,264.0,264.0,242.5,29.0,7206.5,25
2023-05-11 09:46:32,PK311P9600,PK311P9600,244.0,0.0,0.0,0.0,20,248.0,256.5,30,238.0,264.0,264.0,242.5,29.0,7206.5,25
2023-05-11 09:46:36,PK311P9600,PK311P9600,244.0,0.0,0.0,0.0,30,248.0,256.5,30,238.0,264.0,264.0,242.5,29.0,7206.5,25
2023-05-11 09:46:39,PK311P9600,PK311P9600,244.0,0.0,0.0,0.0,20,248.0,256.5,30,238.0,264.0,264.0,242.5,29.0,7206.5,25
2023-05-11 09:46:58,PK311P9600,PK311P9600,244.0,0.0,0.0,0.0,30,248.0,256.5,30,238.0,264.0,264.0,242.5,29.0,7206.5,25
2023-05-11 09:46:59,PK311P9600,PK311P9600,244.0,0.0,0.0,0.0,20,248.0,256.5,30,238.0,264.0,264.0,242.5,29.0,7206.5,25
2023-05-11 09:46:59,PK311P9600,PK311P9600,244.0,0.0,0.0,0.0,30,248.0,256.5,30,238.0,264.0,264.0,242.5,29.0,7206.5,25
2023-05-11 09:47:00,PK311P9600,PK311P9600,244.0,0.0,0.0,0.0,20,248.0,256.5,30,238.0,264.0,264.0,242.5,29.0,7206.5,25
2023-05-11 09:47:08,PK311P9600,PK311P9600,244.0,0.0,0.0,0.0,30,248.0,256.5,30,238.0,264.0,264.0,242.5,29.0,7206.5,25
2023-05-11 09:47:09,PK311P9600,PK311P9600,244.0,0.0,0.0,0.0,40,248.0,256.5,20,238.0,264.0,264.0,242.5,29.0,7206.5,25
2023-05-11 09:47:11,PK311P9600,PK311P9600,244.0,0.0,0.0,0.0,30,248.0,256.5,20,238.0,264.0,264.0,242.5,29.0,7206.5,25
2023-05-11 09:47:12,PK311P9600,PK311P9600,244.0,0.0,0.0,0.0,20,248.0,256.5,30,238.0,264.0,264.0,242.5,29.0,7206.5,25
2023-05-11 09:47:16,PK311P9600,PK311P9600,244.0,0.0,0.0,0.0,30,248.0,256.5,30,238.0,264.0,264.0,242.5,29.0,7206.5,25
2023-05-11 09:47:18,PK311P9600,PK311P9600,244.0,0.0,0.0,0.0,40,248.0,256.5,20,238.0,264.0,264.0,242.5,29.0,7206.5,25
2023-05-11 09:47:19,PK311P9600,PK311P9600,244.0,0.0,0.0,0.0,30,248.0,256.5,20,238.0,264.0,264.0,242.5,29.0,7206.5,25
2023-05-11 09:47:43,PK311P9600,PK311P9600,244.0,0.0,0.0,0.0,10,248.5,256.5,20,238.0,264.0,264.0,242.5,29.0,7206.5,25
2023-05-11 09:47:44,PK311P9600,PK311P9600,244.0,0.0,0.0,0.0,10,250.0,256.5,10,238.0,264.0,264.0,242.5,29.0,7206.5,25
2023-05-11 09:47:44,PK311P9600,PK311P9600,244.0,0.0,0.0,0.0,10,250.0,258.0,10,238.0,264.0,264.0,242.5,29.0,7206.5,25
2023-05-11 09:47:45,PK311P9600,PK311P9600,244.0,0.0,0.0,0.0,20,250.0,258.0,20,238.0,264.0,264.0,242.5,29.0,7206.5,25
2023-05-11 09:47:46,PK311P9600,PK311P9600,244.0,0.0,0.0,0.0,30,250.0,258.0,30,238.0,264.0,264.0,242.5,29.0,7206.5,25
2023-05-11 09:47:55,PK311P9600,PK311P9600,244.0,0.0,0.0,0.0,30,250.0,258.0,40,238.0,264.0,264.0,242.5,29.0,7206.5,25
2023-05-11 09:47:56,PK311P9600,PK311P9600,244.0,0.0,0.0,0.0,30,250.0,258.0,30,238.0,264.0,264.0,242.5,29.0,7206.5,25
2023-05-11 09:47:57,PK311P9600,PK311P9600,244.0,0.0,0.0,0.0,30,250.0,258.0,40,238.0,264.0,264.0,242.5,29.0,7206.5,25
2023-05-11 09:47:59,PK311P9600,PK311P9600,244.0,0.0,0.0,0.0,20,250.0,256.5,10,238.0,264.0,264.0,242.5,29.0,7206.5,25
2023-05-11 09:48:00,PK311P9600,PK311P9600,244.0,0.0,0.0,0.0,10,248.5,256.5,10,238.0,264.0,264.0,242.5,29.0,7206.5,25
2023-05-11 09:48:00,PK311P9600,PK311P9600,244.0,0.0,0.0,0.0,10,248.5,256.5,20,238.0,264.0,264.0,242.5,29.0,7206.5,25
2023-05-11 09:48:01,PK311P9600,PK311P9600,244.0,0.0,0.0,0.0,30,248.0,256.5,30,238.0,264.0,264.0,242.5,29.0,7206.5,25
2023-05-11 09:48:02,PK311P9600,PK311P9600,244.0,0.0,0.0,0.0,40,248.0,256.5,30,238.0,264.0,264.0,242.5,29.0,7206.5,25
2023-05-11 09:48:03,PK311P9600,PK311P9600,244.0,0.0,0.0,0.0,50,248.0,256.5,30,238.0,264.0,264.0,242.5,29.0,7206.5,25
2023-05-11 09:48:04,PK311P9600,PK311P9600,244.0,0.0,0.0,0.0,40,248.0,256.5,30,238.0,264.0,264.0,242.5,29.0,7206.5,25
2023-05-11 09:48:05,PK311P9600,PK311P9600,244.0,0.0,0.0,0.0,30,248.0,256.5,30,238.0,264.0,264.0,242.5,29.0,7206.5,25
2023-05-11 09:48:07,PK311P9600,PK311P9600,244.0,0.0,0.0,0.0,40,248.0,256.5,30,238.0,264.0,264.0,242.5,29.0,7206.5,25
2023-05-11 09:48:07,PK311P9600,PK311P9600,244.0,0.0,0.0,0.0,30,248.0,256.5,30,238.0,264.0,264.0,242.5,29.0,7206.5,25
2023-05-11 09:48:08,PK311P9600,PK311P9600,244.0,0.0,0.0,0.0,40,248.0,256.5,30,238.0,264.0,264.0,242.5,29.0,7206.5,25
2023-05-11 09:48:08,PK311P9600,PK311P9600,244.0,0.0,0.0,0.0,30,248.0,256.5,30,238.0,264.0,264.0,242.5,29.0,7206.5,25
2023-05-11 09:48:09,PK311P9600,PK311P9600,244.0,0.0,0.0,0.0,30,248.0,256.5,40,238.0,264.0,264.0,242.5,29.0,7206.5,25
2023-05-11 09:48:09,PK311P9600,PK311P9600,244.0,0.0,0.0,0.0,20,248.0,256.0,10,238.0,264.0,264.0,242.5,29.0,7206.5,25
2023-05-11 09:48:13,PK311P9600,PK311P9600,244.0,0.0,0.0,0.0,30,248.0,256.0,10,238.0,264.0,264.0,242.5,29.0,7206.5,25
2023-05-11 09:48:31,PK311P9600,PK311P9600,244.0,0.0,0.0,0.0,30,248.0,256.5,30,238.0,264.0,264.0,242.5,29.0,7206.5,25
2023-05-11 09:48:33,PK311P9600,PK311P9600,244.0,0.0,0.0,0.0,31,248.0,256.5,30,238.0,264.0,264.0,242.5,29.0,7206.5,25
2023-05-11 09:48:37,PK311P9600,PK311P9600,244.0,0.0,0.0,0.0,21,248.0,256.5,10,238.0,264.0,264.0,242.5,29.0,7206.5,25
2023-05-11 09:48:37,PK311P9600,PK311P9600,244.0,0.0,0.0,0.0,10,249.5,257.0,30,238.0,264.0,264.0,242.5,29.0,7206.5,25
2023-05-11 09:48:39,PK311P9600,PK311P9600,244.0,0.0,0.0,0.0,20,249.5,257.0,40,238.0,264.0,264.0,242.5,29.0,7206.5,25
2023-05-11 09:48:40,PK311P9600,PK311P9600,244.0,0.0,0.0,0.0,20,249.5,257.0,30,238.0,264.0,264.0,242.5,29.0,7206.5,25
2023-05-11 09:48:41,PK311P9600,PK311P9600,244.0,0.0,0.0,0.0,30,249.5,257.0,30,238.0,264.0,264.0,242.5,29.0,7206.5,25
2023-05-11 09:48:42,PK311P9600,PK311P9600,244.0,0.0,0.0,0.0,20,249.5,257.0,30,238.0,264.0,264.0,242.5,29.0,7206.5,25
2023-05-11 09:48:44,PK311P9600,PK311P9600,244.0,0.0,0.0,0.0,10,249.5,257.0,30,238.0,264.0,264.0,242.5,29.0,7206.5,25
2023-05-11 09:48:44,PK311P9600,PK311P9600,244.0,0.0,0.0,0.0,30,248.5,257.0,30,238.0,264.0,264.0,242.5,29.0,7206.5,25
2023-05-11 09:48:45,PK311P9600,PK311P9600,244.0,0.0,0.0,0.0,20,248.5,257.0,30,238.0,264.0,264.0,242.5,29.0,7206.5,25
2023-05-11 09:49:09,PK311P9600,PK311P9600,244.0,0.0,0.0,0.0,10,248.0,256.5,10,238.0,264.0,264.0,242.5,29.0,7206.5,25
2023-05-11 09:49:09,PK311P9600,PK311P9600,244.0,0.0,0.0,0.0,20,247.5,256.5,30,238.0,264.0,264.0,242.5,29.0,7206.5,25
2023-05-11 09:49:11,PK311P9600,PK311P9600,244.0,0.0,0.0,0.0,20,247.5,256.5,20,238.0,264.0,264.0,242.5,29.0,7206.5,25
2023-05-11 09:49:11,PK311P9600,PK311P9600,244.0,0.0,0.0,0.0,30,247.5,256.5,30,238.0,264.0,264.0,242.5,29.0,7206.5,25
2023-05-11 09:49:13,PK311P9600,PK311P9600,244.0,0.0,0.0,0.0,40,247.5,256.5,30,238.0,264.0,264.0,242.5,29.0,7206.5,25
2023-05-11 09:49:14,PK311P9600,PK311P9600,244.0,0.0,0.0,0.0,10,248.0,256.5,20,238.0,264.0,264.0,242.5,29.0,7206.5,25
2023-05-11 09:49:14,PK311P9600,PK311P9600,244.0,0.0,0.0,0.0,40,247.5,256.5,20,238.0,264.0,264.0,242.5,29.0,7206.5,25
2023-05-11 09:49:16,PK311P9600,PK311P9600,244.0,0.0,0.0,0.0,30,247.5,256.5,20,238.0,264.0,264.0,242.5,29.0,7206.5,25
2023-05-11 09:49:17,PK311P9600,PK311P9600,244.0,0.0,0.0,0.0,40,247.5,256.5,30,238.0,264.0,264.0,242.5,29.0,7206.5,25
2023-05-11 09:49:18,PK311P9600,PK311P9600,244.0,0.0,0.0,0.0,30,247.5,256.5,30,238.0,264.0,264.0,242.5,29.0,7206.5,25
2023-05-11 09:49:19,PK311P9600,PK311P9600,244.0,0.0,0.0,0.0,40,247.5,256.5,30,238.0,264.0,264.0,242.5,29.0,7206.5,25
2023-05-11 09:49:52,PK311P9600,PK311P9600,244.0,0.0,0.0,0.0,10,248.5,256.5,30,238.0,264.0,264.0,242.5,29.0,7206.5,25
2023-05-11 09:50:04,PK311P9600,PK311P9600,244.0,0.0,0.0,0.0,20,248.5,256.5,30,238.0,264.0,264.0,242.5,29.0,7206.5,25
2023-05-11 09:50:04,PK311P9600,PK311P9600,244.0,0.0,0.0,0.0,10,248.5,256.5,30,238.0,264.0,264.0,242.5,29.0,7206.5,25
2023-05-11 09:50:06,PK311P9600,PK311P9600,244.0,0.0,0.0,0.0,20,248.5,256.0,20,238.0,264.0,264.0,242.5,29.0,7206.5,25
2023-05-11 09:50:17,PK311P9600,PK311P9600,244.0,0.0,0.0,0.0,20,248.5,256.0,30,238.0,264.0,264.0,242.5,29.0,7206.5,25
2023-05-11 09:50:20,PK311P9600,PK311P9600,244.0,0.0,0.0,0.0,20,248.5,256.0,20,238.0,264.0,264.0,242.5,29.0,7206.5,25
2023-05-11 09:50:43,PK311P9600,PK311P9600,244.0,0.0,0.0,0.0,10,248.5,256.0,20,238.0,264.0,264.0,242.5,29.0,7206.5,25
2023-05-11 09:50:44,PK311P9600,PK311P9600,244.0,0.0,0.0,0.0,10,247.5,256.0,30,238.0,264.0,264.0,242.5,29.0,7206.5,25
2023-05-11 09:50:44,PK311P9600,PK311P9600,244.0,0.0,0.0,0.0,50,246.5,256.0,30,238.0,264.0,264.0,242.5,29.0,7206.5,25
2023-05-11 09:50:45,PK311P9600,PK311P9600,244.0,0.0,0.0,0.0,40,246.5,256.0,30,238.0,264.0,264.0,242.5,29.0,7206.5,25
2023-05-11 09:51:01,PK311P9600,PK311P9600,244.0,0.0,0.0,0.0,30,246.5,256.0,30,238.0,264.0,264.0,242.5,29.0,7206.5,25
2023-05-11 09:51:04,PK311P9600,PK311P9600,244.0,0.0,0.0,0.0,10,249.5,256.0,20,238.0,264.0,264.0,242.5,29.0,7206.5,25
2023-05-11 09:51:06,PK311P9600,PK311P9600,244.0,0.0,0.0,0.0,10,247.5,256.0,20,238.0,264.0,264.0,242.5,29.0,7206.5,25
2023-05-11 09:51:06,PK311P9600,PK311P9600,244.0,0.0,0.0,0.0,30,247.5,256.0,30,238.0,264.0,264.0,242.5,29.0,7206.5,25
2023-05-11 09:51:07,PK311P9600,PK311P9600,244.0,0.0,0.0,0.0,20,247.5,256.0,30,238.0,264.0,264.0,242.5,29.0,7206.5,25
2023-05-11 09:51:07,PK311P9600,PK311P9600,244.0,0.0,0.0,0.0,30,247.5,256.0,30,238.0,264.0,264.0,242.5,29.0,7206.5,25
2023-05-11 09:51:08,PK311P9600,PK311P9600,244.0,0.0,0.0,0.0,40,247.5,256.0,20,238.0,264.0,264.0,242.5,29.0,7206.5,25
2023-05-11 09:51:10,PK311P9600,PK311P9600,244.0,0.0,0.0,0.0,50,247.5,256.0,20,238.0,264.0,264.0,242.5,29.0,7206.5,25
2023-05-11 09:51:18,PK311P9600,PK311P9600,244.0,0.0,0.0,0.0,10,250.0,256.5,10,238.0,264.0,264.0,242.5,29.0,7206.5,25
2023-05-11 09:51:18,PK311P9600,PK311P9600,244.0,0.0,0.0,0.0,40,250.0,256.5,10,238.0,264.0,264.0,242.5,29.0,7206.5,25
2023-05-11 09:51:19,PK311P9600,PK311P9600,244.0,0.0,0.0,0.0,40,250.0,257.5,10,238.0,264.0,264.0,242.5,29.0,7206.5,25
2023-05-11 09:51:19,PK311P9600,PK311P9600,244.0,0.0,0.0,0.0,30,250.0,258.0,40,238.0,264.0,264.0,242.5,29.0,7206.5,25
2023-05-11 09:51:27,PK311P9600,PK311P9600,244.0,0.0,0.0,0.0,30,250.0,258.0,30,238.0,264.0,264.0,242.5,29.0,7206.5,25
2023-05-11 09:51:38,PK311P9600,PK311P9600,244.0,0.0,0.0,0.0,40,250.0,258.0,30,238.0,264.0,264.0,242.5,29.0,7206.5,25
2023-05-11 09:51:39,PK311P9600,PK311P9600,244.0,0.0,0.0,0.0,30,250.0,258.0,30,238.0,264.0,264.0,242.5,29.0,7206.5,25
2023-05-11 09:52:00,PK311P9600,PK311P9600,244.0,0.0,0.0,0.0,30,250.0,258.0,40,238.0,264.0,264.0,242.5,29.0,7206.5,25
2023-05-11 09:52:07,PK311P9600,PK311P9600,244.0,0.0,0.0,0.0,20,250.0,258.0,40,238.0,264.0,264.0,242.5,29.0,7206.5,25
2023-05-11 09:52:10,PK311P9600,PK311P9600,244.0,0.0,0.0,0.0,30,250.0,257.0,10,238.0,264.0,264.0,242.5,29.0,7206.5,25
2023-05-11 09:52:13,PK311P9600,PK311P9600,244.0,0.0,0.0,0.0,40,250.0,257.0,10,238.0,264.0,264.0,242.5,29.0,7206.5,25
2023-05-11 09:52:14,PK311P9600,PK311P9600,244.0,0.0,0.0,0.0,30,250.0,257.0,10,238.0,264.0,264.0,242.5,29.0,7206.5,25
2023-05-11 09:52:35,PK311P9600,PK311P9600,244.0,0.0,0.0,0.0,30,250.0,258.0,50,238.0,264.0,264.0,242.5,29.0,7206.5,25
2023-05-11 09:52:37,PK311P9600,PK311P9600,244.0,0.0,0.0,0.0,40,250.0,256.5,10,238.0,264.0,264.0,242.5,29.0,7206.5,25
2023-05-11 09:52:37,PK311P9600,PK311P9600,244.0,0.0,0.0,0.0,40,250.0,256.5,20,238.0,264.0,264.0,242.5,29.0,7206.5,25
2023-05-11 09:52:42,PK311P9600,PK311P9600,244.0,0.0,0.0,0.0,50,250.0,256.5,20,238.0,264.0,264.0,242.5,29.0,7206.5,25
2023-05-11 09:52:43,PK311P9600,PK311P9600,244.0,0.0,0.0,0.0,10,252.0,256.5,20,238.0,264.0,264.0,242.5,29.0,7206.5,25
2023-05-11 09:52:43,PK311P9600,PK311P9600,244.0,0.0,0.0,0.0,10,250.5,256.5,10,238.0,264.0,264.0,242.5,29.0,7206.5,25
2023-05-11 09:52:44,PK311P9600,PK311P9600,244.0,0.0,0.0,0.0,20,250.5,256.5,20,238.0,264.0,264.0,242.5,29.0,7206.5,25
2023-05-11 09:52:45,PK311P9600,PK311P9600,244.0,0.0,0.0,0.0,30,250.5,256.5,30,238.0,264.0,264.0,242.5,29.0,7206.5,25
2023-05-11 09:53:05,PK311P9600,PK311P9600,244.0,0.0,0.0,0.0,20,251.5,256.5,30,238.0,264.0,264.0,242.5,29.0,7206.5,25
2023-05-11 09:53:06,PK311P9600,PK311P9600,244.0,0.0,0.0,0.0,30,251.5,256.5,20,238.0,264.0,264.0,242.5,29.0,7206.5,25
2023-05-11 09:53:06,PK311P9600,PK311P9600,244.0,0.0,0.0,0.0,40,251.5,256.5,10,238.0,264.0,264.0,242.5,29.0,7206.5,25
2023-05-11 09:53:07,PK311P9600,PK311P9600,244.0,0.0,0.0,0.0,40,251.5,257.0,20,238.0,264.0,264.0,242.5,29.0,7206.5,25
2023-05-11 09:53:08,PK311P9600,PK311P9600,244.0,0.0,0.0,0.0,40,251.5,257.5,20,238.0,264.0,264.0,242.5,29.0,7206.5,25
2023-05-11 09:53:14,PK311P9600,PK311P9600,244.0,0.0,0.0,0.0,10,253.0,257.5,10,238.0,264.0,264.0,242.5,29.0,7206.5,25
2023-05-11 09:53:15,PK311P9600,PK311P9600,244.0,0.0,0.0,0.0,20,253.0,258.0,40,238.0,264.0,264.0,242.5,29.0,7206.5,25
2023-05-11 09:53:25,PK311P9600,PK311P9600,244.0,0.0,0.0,0.0,30,253.0,258.0,30,238.0,264.0,264.0,242.5,29.0,7206.5,25
2023-05-11 09:53:25,PK311P9600,PK311P9600,244.0,0.0,0.0,0.0,30,253.0,258.0,10,238.0,264.0,264.0,242.5,29.0,7206.5,25
2023-05-11 09:53:26,PK311P9600,PK311P9600,244.0,0.0,0.0,0.0,30,253.0,258.5,20,238.0,264.0,264.0,242.5,29.0,7206.5,25
2023-05-11 09:53:28,PK311P9600,PK311P9600,244.0,0.0,0.0,0.0,30,253.0,258.5,10,238.0,264.0,264.0,242.5,29.0,7206.5,25
2023-05-11 09:53:28,PK311P9600,PK311P9600,244.0,0.0,0.0,0.0,30,253.0,259.0,20,238.0,264.0,264.0,242.5,29.0,7206.5,25
2023-05-11 09:53:37,PK311P9600,PK311P9600,244.0,0.0,0.0,0.0,10,254.0,259.0,20,238.0,264.0,264.0,242.5,29.0,7206.5,25
2023-05-11 09:53:49,PK311P9600,PK311P9600,244.0,0.0,0.0,0.0,30,254.0,259.5,10,238.0,264.0,264.0,242.5,29.0,7206.5,25
2023-05-11 09:53:50,PK311P9600,PK311P9600,244.0,0.0,0.0,0.0,30,254.0,259.5,20,238.0,264.0,264.0,242.5,29.0,7206.5,25
2023-05-11 09:54:02,PK311P9600,PK311P9600,244.0,0.0,0.0,0.0,40,254.0,259.5,10,238.0,264.0,264.0,242.5,29.0,7206.5,25
2023-05-11 09:54:03,PK311P9600,PK311P9600,244.0,0.0,0.0,0.0,30,254.0,260.0,10,238.0,264.0,264.0,242.5,29.0,7206.5,25
2023-05-11 09:54:03,PK311P9600,PK311P9600,244.0,0.0,0.0,0.0,50,254.0,260.0,10,238.0,264.0,264.0,242.5,29.0,7206.5,25
2023-05-11 09:54:04,PK311P9600,PK311P9600,244.0,0.0,0.0,0.0,30,254.0,260.5,30,238.0,264.0,264.0,242.5,29.0,7206.5,25
2023-05-11 09:54:04,PK311P9600,PK311P9600,244.0,0.0,0.0,0.0,40,254.0,260.5,40,238.0,264.0,264.0,242.5,29.0,7206.5,25
2023-05-11 09:54:07,PK311P9600,PK311P9600,244.0,0.0,0.0,0.0,10,255.0,260.5,20,238.0,264.0,264.0,242.5,29.0,7206.5,25
2023-05-11 09:54:11,PK311P9600,PK311P9600,244.0,0.0,0.0,0.0,10,256.0,260.5,20,238.0,264.0,264.0,242.5,29.0,7206.5,25
2023-05-11 09:54:16,PK311P9600,PK311P9600,244.0,0.0,0.0,0.0,10,256.0,261.5,10,238.0,264.0,264.0,242.5,29.0,7206.5,25
2023-05-11 09:54:16,PK311P9600,PK311P9600,244.0,0.0,0.0,0.0,10,256.0,261.5,20,238.0,264.0,264.0,242.5,29.0,7206.5,25
2023-05-11 09:54:29,PK311P9600,PK311P9600,244.0,0.0,0.0,0.0,10,256.0,261.5,10,238.0,264.0,264.0,242.5,29.0,7206.5,25
2023-05-11 09:54:29,PK311P9600,PK311P9600,244.0,0.0,0.0,0.0,10,256.0,262.0,10,238.0,264.0,264.0,242.5,29.0,7206.5,25
2023-05-11 09:54:30,PK311P9600,PK311P9600,244.0,0.0,0.0,0.0,20,256.0,262.0,30,238.0,264.0,264.0,242.5,29.0,7206.5,25
2023-05-11 09:54:35,PK311P9600,PK311P9600,244.0,0.0,0.0,0.0,10,257.0,262.0,10,238.0,264.0,264.0,242.5,29.0,7206.5,25
2023-05-11 09:54:36,PK311P9600,PK311P9600,244.0,0.0,0.0,0.0,20,257.0,263.0,20,238.0,264.0,264.0,242.5,29.0,7206.5,25
2023-05-11 09:54:36,PK311P9600,PK311P9600,244.0,0.0,0.0,0.0,10,257.0,263.0,20,238.0,264.0,264.0,242.5,29.0,7206.5,25
2023-05-11 09:54:37,PK311P9600,PK311P9600,244.0,0.0,0.0,0.0,20,257.0,263.0,30,238.0,264.0,264.0,242.5,29.0,7206.5,25
2023-05-11 09:54:45,PK311P9600,PK311P9600,244.0,0.0,0.0,0.0,20,258.0,263.0,20,238.0,264.0,264.0,242.5,29.0,7206.5,25
2023-05-11 09:54:48,PK311P9600,PK311P9600,244.0,0.0,0.0,0.0,20,258.0,263.0,10,238.0,264.0,264.0,242.5,29.0,7206.5,25
2023-05-11 09:54:49,PK311P9600,PK311P9600,244.0,0.0,0.0,0.0,20,258.0,263.5,10,238.0,264.0,264.0,242.5,29.0,7206.5,25
2023-05-11 09:54:50,PK311P9600,PK311P9600,244.0,0.0,0.0,0.0,20,258.0,264.0,10,238.0,264.0,264.0,242.5,29.0,7206.5,25
2023-05-11 09:54:51,PK311P9600,PK311P9600,244.0,0.0,0.0,0.0,20,258.0,264.5,50,238.0,264.0,264.0,242.5,29.0,7206.5,25
2023-05-11 09:54:59,PK311P9600,PK311P9600,244.0,0.0,0.0,0.0,10,258.5,264.5,40,238.0,264.0,264.0,242.5,29.0,7206.5,25
2023-05-11 09:55:01,PK311P9600,PK311P9600,244.0,0.0,0.0,0.0,10,258.0,264.0,20,238.0,264.0,264.0,242.5,29.0,7206.5,25
2023-05-11 09:55:02,PK311P9600,PK311P9600,244.0,0.0,0.0,0.0,20,258.0,264.0,10,238.0,264.0,264.0,242.5,29.0,7206.5,25
2023-05-11 09:55:02,PK311P9600,PK311P9600,244.0,0.0,0.0,0.0,20,258.0,264.5,30,238.0,264.0,264.0,242.5,29.0,7206.5,25
2023-05-11 09:55:04,PK311P9600,PK311P9600,244.0,0.0,0.0,0.0,10,258.0,264.5,30,238.0,264.0,264.0,242.5,29.0,7206.5,25
2023-05-11 09:55:04,PK311P9600,PK311P9600,244.0,0.0,0.0,0.0,20,258.0,264.5,50,238.0,264.0,264.0,242.5,29.0,7206.5,25
2023-05-11 09:55:05,PK311P9600,PK311P9600,244.0,0.0,0.0,0.0,20,258.0,264.5,40,238.0,264.0,264.0,242.5,29.0,7206.5,25
2023-05-11 09:55:06,PK311P9600,PK311P9600,244.0,0.0,0.0,0.0,30,258.0,264.5,40,238.0,264.0,264.0,242.5,29.0,7206.5,25
2023-05-11 09:55:07,PK311P9600,PK311P9600,244.0,0.0,0.0,0.0,40,259.5,264.5,20,238.0,264.0,264.0,242.5,29.0,7206.5,25
2023-05-11 09:55:07,PK311P9600,PK311P9600,244.0,0.0,0.0,0.0,40,259.5,264.5,10,238.0,264.0,264.0,242.5,29.0,7206.5,25
2023-05-11 09:55:08,PK311P9600,PK311P9600,244.0,0.0,0.0,0.0,10,260.5,265.5,10,238.0,264.0,264.0,242.5,29.0,7206.5,25
2023-05-11 09:55:08,PK311P9600,PK311P9600,244.0,0.0,0.0,0.0,30,260.5,266.0,30,238.0,264.0,264.0,242.5,29.0,7206.5,25
2023-05-11 09:55:09,PK311P9600,PK311P9600,244.0,0.0,0.0,0.0,20,260.5,266.0,30,238.0,264.0,264.0,242.5,29.0,7206.5,25
2023-05-11 09:55:10,PK311P9600,PK311P9600,244.0,0.0,0.0,0.0,30,260.5,266.0,40,238.0,264.0,264.0,242.5,29.0,7206.5,25
2023-05-11 09:55:14,PK311P9600,PK311P9600,244.0,0.0,0.0,0.0,20,260.5,266.0,40,238.0,264.0,264.0,242.5,29.0,7206.5,25
2023-05-11 09:55:14,PK311P9600,PK311P9600,244.0,0.0,0.0,0.0,10,260.0,266.0,40,238.0,264.0,264.0,242.5,29.0,7206.5,25
2023-05-11 09:55:15,PK311P9600,PK311P9600,244.0,0.0,0.0,0.0,20,259.5,266.0,30,238.0,264.0,264.0,242.5,29.0,7206.5,25
2023-05-11 09:55:17,PK311P9600,PK311P9600,244.0,0.0,0.0,0.0,30,259.5,266.0,40,238.0,264.0,264.0,242.5,29.0,7206.5,25
2023-05-11 09:55:19,PK311P9600,PK311P9600,244.0,0.0,0.0,0.0,20,259.5,265.0,10,238.0,264.0,264.0,242.5,29.0,7206.5,25
2023-05-11 09:55:26,PK311P9600,PK311P9600,244.0,0.0,0.0,0.0,30,259.5,265.5,10,238.0,264.0,264.0,242.5,29.0,7206.5,25
2023-05-11 09:55:27,PK311P9600,PK311P9600,244.0,0.0,0.0,0.0,30,259.5,266.0,40,238.0,264.0,264.0,242.5,29.0,7206.5,25
2023-05-11 09:55:35,PK311P9600,PK311P9600,244.0,0.0,0.0,0.0,10,260.5,266.0,40,238.0,264.0,264.0,242.5,29.0,7206.5,25
2023-05-11 09:55:47,PK311P9600,PK311P9600,244.0,0.0,0.0,0.0,20,260.5,266.0,30,238.0,264.0,264.0,242.5,29.0,7206.5,25
2023-05-11 09:55:51,PK311P9600,PK311P9600,244.0,0.0,0.0,0.0,20,260.5,266.0,20,238.0,264.0,264.0,242.5,29.0,7206.5,25
2023-05-11 09:55:52,PK311P9600,PK311P9600,244.0,0.0,0.0,0.0,40,260.5,266.0,10,238.0,264.0,264.0,242.5,29.0,7206.5,25
2023-05-11 09:55:52,PK311P9600,PK311P9600,244.0,0.0,0.0,0.0,50,260.5,266.0,10,238.0,264.0,264.0,242.5,29.0,7206.5,25
2023-05-11 09:55:53,PK311P9600,PK311P9600,244.0,0.0,0.0,0.0,20,262.0,266.5,10,238.0,264.0,264.0,242.5,29.0,7206.5,25
2023-05-11 09:55:53,PK311P9600,PK311P9600,244.0,0.0,0.0,0.0,30,262.0,267.5,20,238.0,264.0,264.0,242.5,29.0,7206.5,25
2023-05-11 09:55:56,PK311P9600,PK311P9600,244.0,0.0,0.0,0.0,40,262.0,267.5,30,238.0,264.0,264.0,242.5,29.0,7206.5,25
2023-05-11 09:56:03,PK311P9600,PK311P9600,244.0,0.0,0.0,0.0,30,262.0,267.5,40,238.0,264.0,264.0,242.5,29.0,7206.5,25
2023-05-11 09:56:04,PK311P9600,PK311P9600,244.0,0.0,0.0,0.0,20,262.0,267.5,30,238.0,264.0,264.0,242.5,29.0,7206.5,25
2023-05-11 09:56:05,PK311P9600,PK311P9600,244.0,0.0,0.0,0.0,20,262.0,267.5,40,238.0,264.0,264.0,242.5,29.0,7206.5,25
2023-05-11 09:56:06,PK311P9600,PK311P9600,244.0,0.0,0.0,0.0,10,262.0,267.0,10,238.0,264.0,264.0,242.5,29.0,7206.5,25
2023-05-11 09:56:07,PK311P9600,PK311P9600,244.0,0.0,0.0,0.0,10,261.5,267.0,40,238.0,264.0,264.0,242.5,29.0,7206.5,25
2023-05-11 09:56:07,PK311P9600,PK311P9600,244.0,0.0,0.0,0.0,20,261.0,267.0,30,238.0,264.0,264.0,242.5,29.0,7206.5,25
2023-05-11 09:56:08,PK311P9600,PK311P9600,244.0,0.0,0.0,0.0,40,260.5,267.0,40,238.0,264.0,264.0,242.5,29.0,7206.5,25
2023-05-11 09:56:08,PK311P9600,PK311P9600,244.0,0.0,0.0,0.0,40,260.5,267.0,30,238.0,264.0,264.0,242.5,29.0,7206.5,25
2023-05-11 09:56:09,PK311P9600,PK311P9600,244.0,0.0,0.0,0.0,40,260.5,267.0,40,238.0,264.0,264.0,242.5,29.0,7206.5,25
2023-05-11 09:56:11,PK311P9600,PK311P9600,244.0,0.0,0.0,0.0,10,262.5,267.0,40,238.0,264.0,264.0,242.5,29.0,7206.5,25
2023-05-11 09:56:11,PK311P9600,PK311P9600,244.0,0.0,0.0,0.0,10,262.5,267.0,30,238.0,264.0,264.0,242.5,29.0,7206.5,25
2023-05-11 09:56:12,PK311P9600,PK311P9600,244.0,0.0,0.0,0.0,10,262.5,267.0,20,238.0,264.0,264.0,242.5,29.0,7206.5,25
2023-05-11 09:56:13,PK311P9600,PK311P9600,244.0,0.0,0.0,0.0,20,262.5,267.0,30,238.0,264.0,264.0,242.5,29.0,7206.5,25
2023-05-11 09:56:14,PK311P9600,PK311P9600,244.0,0.0,0.0,0.0,20,261.0,267.0,30,238.0,264.0,264.0,242.5,29.0,7206.5,25
2023-05-11 09:56:35,PK311P9600,PK311P9600,244.0,0.0,0.0,0.0,20,261.0,267.0,40,238.0,264.0,264.0,242.5,29.0,7206.5,25
2023-05-11 09:56:35,PK311P9600,PK311P9600,244.0,0.0,0.0,0.0,20,261.0,267.0,30,238.0,264.0,264.0,242.5,29.0,7206.5,25
2023-05-11 09:56:37,PK311P9600,PK311P9600,244.0,0.0,0.0,0.0,20,261.0,267.0,40,238.0,264.0,264.0,242.5,29.0,7206.5,25
2023-05-11 09:56:37,PK311P9600,PK311P9600,244.0,0.0,0.0,0.0,20,261.0,267.0,30,238.0,264.0,264.0,242.5,29.0,7206.5,25
2023-05-11 09:56:38,PK311P9600,PK311P9600,244.0,0.0,0.0,0.0,20,261.0,267.0,40,238.0,264.0,264.0,242.5,29.0,7206.5,25
2023-05-11 09:56:41,PK311P9600,PK311P9600,244.0,0.0,0.0,0.0,20,261.0,267.0,30,238.0,264.0,264.0,242.5,29.0,7206.5,25
2023-05-11 09:56:46,PK311P9600,PK311P9600,244.0,0.0,0.0,0.0,20,261.0,267.0,40,238.0,264.0,264.0,242.5,29.0,7206.5,25
2023-05-11 09:56:48,PK311P9600,PK311P9600,244.0,0.0,0.0,0.0,20,261.0,267.0,30,238.0,264.0,264.0,242.5,29.0,7206.5,25
2023-05-11 09:57:02,PK311P9600,PK311P9600,244.0,0.0,0.0,0.0,10,262.0,267.0,20,238.0,264.0,264.0,242.5,29.0,7206.5,25
2023-05-11 09:57:03,PK311P9600,PK311P9600,244.0,0.0,0.0,0.0,10,262.5,267.5,20,238.0,264.0,264.0,242.5,29.0,7206.5,25
2023-05-11 09:57:05,PK311P9600,PK311P9600,244.0,0.0,0.0,0.0,10,262.5,267.5,10,238.0,264.0,264.0,242.5,29.0,7206.5,25
2023-05-11 09:57:05,PK311P9600,PK311P9600,244.0,0.0,0.0,0.0,30,262.0,267.5,20,238.0,264.0,264.0,242.5,29.0,7206.5,25
2023-05-11 09:57:08,PK311P9600,PK311P9600,244.0,0.0,0.0,0.0,20,262.0,267.5,20,238.0,264.0,264.0,242.5,29.0,7206.5,25
2023-05-11 09:57:12,PK311P9600,PK311P9600,244.0,0.0,0.0,0.0,10,263.5,267.5,20,238.0,264.0,264.0,242.5,29.0,7206.5,25
2023-05-11 09:57:13,PK311P9600,PK311P9600,244.0,0.0,0.0,0.0,20,263.5,268.5,40,238.0,264.0,264.0,242.5,29.0,7206.5,25
2023-05-11 09:57:18,PK311P9600,PK311P9600,244.0,0.0,0.0,0.0,20,263.5,268.5,30,238.0,264.0,264.0,242.5,29.0,7206.5,25
2023-05-11 09:57:18,PK311P9600,PK311P9600,244.0,0.0,0.0,0.0,20,263.5,268.5,40,238.0,264.0,264.0,242.5,29.0,7206.5,25
2023-05-11 09:57:20,PK311P9600,PK311P9600,244.0,0.0,0.0,0.0,20,263.5,268.5,50,238.0,264.0,264.0,242.5,29.0,7206.5,25
2023-05-11 09:57:20,PK311P9600,PK311P9600,244.0,0.0,0.0,0.0,20,263.5,268.5,40,238.0,264.0,264.0,242.5,29.0,7206.5,25
2023-05-11 09:57:21,PK311P9600,PK311P9600,244.0,0.0,0.0,0.0,10,263.5,268.5,40,238.0,264.0,264.0,242.5,29.0,7206.5,25
2023-05-11 09:57:22,PK311P9600,PK311P9600,244.0,0.0,0.0,0.0,20,262.5,268.5,40,238.0,264.0,264.0,242.5,29.0,7206.5,25
2023-05-11 09:57:26,PK311P9600,PK311P9600,244.0,0.0,0.0,0.0,20,262.5,268.5,30,238.0,264.0,264.0,242.5,29.0,7206.5,25
2023-05-11 09:57:33,PK311P9600,PK311P9600,244.0,0.0,0.0,0.0,20,262.5,268.5,40,238.0,264.0,264.0,242.5,29.0,7206.5,25
2023-05-11 09:58:18,PK311P9600,PK311P9600,244.0,0.0,0.0,0.0,10,262.5,267.5,20,238.0,264.0,264.0,242.5,29.0,7206.5,25
2023-05-11 09:58:19,PK311P9600,PK311P9600,244.0,0.0,0.0,0.0,10,262.5,267.5,30,238.0,264.0,264.0,242.5,29.0,7206.5,25
2023-05-11 09:58:26,PK311P9600,PK311P9600,244.0,0.0,0.0,0.0,10,262.5,267.5,20,238.0,264.0,264.0,242.5,29.0,7206.5,25
2023-05-11 09:58:27,PK311P9600,PK311P9600,244.0,0.0,0.0,0.0,40,261.0,267.5,20,238.0,264.0,264.0,242.5,29.0,7206.5,25
2023-05-11 09:58:28,PK311P9600,PK311P9600,244.0,0.0,0.0,0.0,30,261.0,267.5,20,238.0,264.0,264.0,242.5,29.0,7206.5,25
2023-05-11 09:58:28,PK311P9600,PK311P9600,244.0,0.0,0.0,0.0,30,261.0,267.5,30,238.0,264.0,264.0,242.5,29.0,7206.5,25
2023-05-11 09:58:30,PK311P9600,PK311P9600,244.0,0.0,0.0,0.0,30,261.0,267.5,20,238.0,264.0,264.0,242.5,29.0,7206.5,25
2023-05-11 09:58:30,PK311P9600,PK311P9600,244.0,0.0,0.0,0.0,20,261.0,267.5,20,238.0,264.0,264.0,242.5,29.0,7206.5,25
2023-05-11 09:58:34,PK311P9600,PK311P9600,244.0,0.0,0.0,0.0,30,261.0,267.5,30,238.0,264.0,264.0,242.5,29.0,7206.5,25
2023-05-11 09:58:35,PK311P9600,PK311P9600,244.0,0.0,0.0,0.0,30,261.0,267.5,20,238.0,264.0,264.0,242.5,29.0,7206.5,25
2023-05-11 09:58:36,PK311P9600,PK311P9600,244.0,0.0,0.0,0.0,10,262.0,267.5,10,238.0,264.0,264.0,242.5,29.0,7206.5,25
2023-05-11 09:58:36,PK311P9600,PK311P9600,244.0,0.0,0.0,0.0,30,262.0,268.0,10,238.0,264.0,264.0,242.5,29.0,7206.5,25
2023-05-11 09:58:37,PK311P9600,PK311P9600,244.0,0.0,0.0,0.0,20,262.0,268.5,20,238.0,264.0,264.0,242.5,29.0,7206.5,25
2023-05-11 09:58:37,PK311P9600,PK311P9600,244.0,0.0,0.0,0.0,30,262.0,268.5,30,238.0,264.0,264.0,242.5,29.0,7206.5,25
2023-05-11 09:58:52,PK311P9600,PK311P9600,244.0,0.0,0.0,0.0,30,262.0,268.5,40,238.0,264.0,264.0,242.5,29.0,7206.5,25
2023-05-11 09:58:59,PK311P9600,PK311P9600,244.0,0.0,0.0,0.0,10,263.0,268.5,20,238.0,264.0,264.0,242.5,29.0,7206.5,25
2023-05-11 09:59:00,PK311P9600,PK311P9600,244.0,0.0,0.0,0.0,10,263.0,269.0,20,238.0,264.0,264.0,242.5,29.0,7206.5,25
2023-05-11 09:59:00,PK311P9600,PK311P9600,244.0,0.0,0.0,0.0,30,263.0,269.0,40,238.0,264.0,264.0,242.5,29.0,7206.5,25
2023-05-11 09:59:04,PK311P9600,PK311P9600,244.0,0.0,0.0,0.0,20,262.5,268.5,20,238.0,264.0,264.0,242.5,29.0,7206.5,25
2023-05-11 09:59:05,PK311P9600,PK311P9600,244.0,0.0,0.0,0.0,20,262.5,268.5,30,238.0,264.0,264.0,242.5,29.0,7206.5,25
2023-05-11 09:59:05,PK311P9600,PK311P9600,244.0,0.0,0.0,0.0,30,262.0,268.5,40,238.0,264.0,264.0,242.5,29.0,7206.5,25
2023-05-11 09:59:10,PK311P9600,PK311P9600,244.0,0.0,0.0,0.0,10,262.5,268.5,30,238.0,264.0,264.0,242.5,29.0,7206.5,25
2023-05-11 09:59:24,PK311P9600,PK311P9600,244.0,0.0,0.0,0.0,10,262.5,268.5,20,238.0,264.0,264.0,242.5,29.0,7206.5,25
2023-05-11 09:59:25,PK311P9600,PK311P9600,244.0,0.0,0.0,0.0,10,262.5,268.5,30,238.0,264.0,264.0,242.5,29.0,7206.5,25
2023-05-11 09:59:28,PK311P9600,PK311P9600,244.0,0.0,0.0,0.0,10,262.5,268.5,20,238.0,264.0,264.0,242.5,29.0,7206.5,25
2023-05-11 09:59:31,PK311P9600,PK311P9600,244.0,0.0,0.0,0.0,10,262.5,268.5,30,238.0,264.0,264.0,242.5,29.0,7206.5,25
2023-05-11 09:59:31,PK311P9600,PK311P9600,244.0,0.0,0.0,0.0,10,262.5,268.5,20,238.0,264.0,264.0,242.5,29.0,7206.5,25
2023-05-11 09:59:32,PK311P9600,PK311P9600,244.0,0.0,0.0,0.0,10,262.5,268.5,30,238.0,264.0,264.0,242.5,29.0,7206.5,25
2023-05-11 09:59:33,PK311P9600,PK311P9600,244.0,0.0,0.0,0.0,10,262.5,268.5,20,238.0,264.0,264.0,242.5,29.0,7206.5,25
2023-05-11 09:59:37,PK311P9600,PK311P9600,244.0,0.0,0.0,0.0,10,263.5,268.5,20,238.0,264.0,264.0,242.5,29.0,7206.5,25
2023-05-11 09:59:38,PK311P9600,PK311P9600,244.0,0.0,0.0,0.0,20,263.5,268.5,20,238.0,264.0,264.0,242.5,29.0,7206.5,25
2023-05-11 09:59:49,PK311P9600,PK311P9600,244.0,0.0,0.0,0.0,20,263.5,268.5,30,238.0,264.0,264.0,242.5,29.0,7206.5,25
2023-05-11 09:59:56,PK311P9600,PK311P9600,244.0,0.0,0.0,0.0,20,262.5,268.5,40,238.0,264.0,264.0,242.5,29.0,7206.5,25
2023-05-11 10:00:00,PK311P9600,PK311P9600,244.0,0.0,0.0,0.0,20,262.5,268.5,30,238.0,264.0,264.0,242.5,29.0,7206.5,25
2023-05-11 10:00:01,PK311P9600,PK311P9600,244.0,0.0,0.0,0.0,30,262.5,268.5,30,238.0,264.0,264.0,242.5,29.0,7206.5,25
2023-05-11 10:00:02,PK311P9600,PK311P9600,244.0,0.0,0.0,0.0,20,262.5,268.5,30,238.0,264.0,264.0,242.5,29.0,7206.5,25
2023-05-11 10:00:03,PK311P9600,PK311P9600,244.0,0.0,0.0,0.0,20,262.5,268.5,20,238.0,264.0,264.0,242.5,29.0,7206.5,25
2023-05-11 10:00:08,PK311P9600,PK311P9600,244.0,0.0,0.0,0.0,10,264.5,268.5,30,238.0,264.0,264.0,242.5,29.0,7206.5,25
2023-05-11 10:00:09,PK311P9600,PK311P9600,244.0,0.0,0.0,0.0,30,264.5,268.5,10,238.0,264.0,264.0,242.5,29.0,7206.5,25
2023-05-11 10:00:09,PK311P9600,PK311P9600,244.0,0.0,0.0,0.0,40,264.5,269.5,20,238.0,264.0,264.0,242.5,29.0,7206.5,25
2023-05-11 10:00:10,PK311P9600,PK311P9600,244.0,0.0,0.0,0.0,10,264.5,270.5,20,238.0,264.0,264.0,242.5,29.0,7206.5,25
2023-05-11 10:00:10,PK311P9600,PK311P9600,244.0,0.0,0.0,0.0,10,266.0,270.5,10,238.0,264.0,264.0,242.5,29.0,7206.5,25
2023-05-11 10:00:11,PK311P9600,PK311P9600,244.0,0.0,0.0,0.0,20,266.0,272.0,30,238.0,264.0,264.0,242.5,29.0,7206.5,25
2023-05-11 10:00:12,PK311P9600,PK311P9600,244.0,0.0,0.0,0.0,10,266.0,272.0,40,238.0,264.0,264.0,242.5,29.0,7206.5,25
2023-05-11 10:00:12,PK311P9600,PK311P9600,244.0,0.0,0.0,0.0,10,266.0,272.0,30,238.0,264.0,264.0,242.5,29.0,7206.5,25
2023-05-11 10:00:13,PK311P9600,PK311P9600,244.0,0.0,0.0,0.0,10,266.0,272.0,50,238.0,264.0,264.0,242.5,29.0,7206.5,25
2023-05-11 10:00:13,PK311P9600,PK311P9600,244.0,0.0,0.0,0.0,10,265.5,271.0,10,238.0,264.0,264.0,242.5,29.0,7206.5,25
2023-05-11 10:00:14,PK311P9600,PK311P9600,244.0,0.0,0.0,0.0,20,263.5,270.5,20,238.0,264.0,264.0,242.5,29.0,7206.5,25
2023-05-11 10:00:14,PK311P9600,PK311P9600,244.0,0.0,0.0,0.0,20,263.5,270.5,30,238.0,264.0,264.0,242.5,29.0,7206.5,25
2023-05-11 10:00:15,PK311P9600,PK311P9600,244.0,0.0,0.0,0.0,20,263.5,270.5,20,238.0,264.0,264.0,242.5,29.0,7206.5,25
2023-05-11 10:00:15,PK311P9600,PK311P9600,244.0,0.0,0.0,0.0,10,263.5,269.5,10,238.0,264.0,264.0,242.5,29.0,7206.5,25
2023-05-11 10:00:16,PK311P9600,PK311P9600,244.0,0.0,0.0,0.0,20,263.5,269.5,30,238.0,264.0,264.0,242.5,29.0,7206.5,25
2023-05-11 10:00:16,PK311P9600,PK311P9600,244.0,0.0,0.0,0.0,20,263.5,269.5,20,238.0,264.0,264.0,242.5,29.0,7206.5,25
2023-05-11 10:00:17,PK311P9600,PK311P9600,244.0,0.0,0.0,0.0,30,263.5,269.5,20,238.0,264.0,264.0,242.5,29.0,7206.5,25
2023-05-11 10:00:17,PK311P9600,PK311P9600,244.0,0.0,0.0,0.0,20,263.5,269.0,20,238.0,264.0,264.0,242.5,29.0,7206.5,25
2023-05-11 10:00:23,PK311P9600,PK311P9600,244.0,0.0,0.0,0.0,20,263.5,269.0,30,238.0,264.0,264.0,242.5,29.0,7206.5,25
2023-05-11 10:00:24,PK311P9600,PK311P9600,244.0,0.0,0.0,0.0,10,262.5,269.0,50,238.0,264.0,264.0,242.5,29.0,7206.5,25
2023-05-11 10:00:26,PK311P9600,PK311P9600,244.0,0.0,0.0,0.0,20,262.5,269.0,50,238.0,264.0,264.0,242.5,29.0,7206.5,25
2023-05-11 10:00:27,PK311P9600,PK311P9600,244.0,0.0,0.0,0.0,10,263.0,269.0,40,238.0,264.0,264.0,242.5,29.0,7206.5,25
2023-05-11 10:00:28,PK311P9600,PK311P9600,244.0,0.0,0.0,0.0,10,263.0,269.0,30,238.0,264.0,264.0,242.5,29.0,7206.5,25
2023-05-11 10:00:28,PK311P9600,PK311P9600,244.0,0.0,0.0,0.0,10,263.0,269.0,40,238.0,264.0,264.0,242.5,29.0,7206.5,25
2023-05-11 10:00:36,PK311P9600,PK311P9600,244.0,0.0,0.0,0.0,10,263.0,269.0,30,238.0,264.0,264.0,242.5,29.0,7206.5,25
2023-05-11 10:00:40,PK311P9600,PK311P9600,244.0,0.0,0.0,0.0,10,264.0,269.0,20,238.0,264.0,264.0,242.5,29.0,7206.5,25
2023-05-11 10:00:40,PK311P9600,PK311P9600,244.0,0.0,0.0,0.0,10,264.0,269.0,10,238.0,264.0,264.0,242.5,29.0,7206.5,25
2023-05-11 10:00:41,PK311P9600,PK311P9600,244.0,0.0,0.0,0.0,10,264.0,270.5,50,238.0,264.0,264.0,242.5,29.0,7206.5,25
2023-05-11 10:00:43,PK311P9600,PK311P9600,244.0,0.0,0.0,0.0,10,264.0,270.5,40,238.0,264.0,264.0,242.5,29.0,7206.5,25
2023-05-11 10:00:43,PK311P9600,PK311P9600,244.0,0.0,0.0,0.0,10,264.0,270.5,50,238.0,264.0,264.0,242.5,29.0,7206.5,25
2023-05-11 10:00:47,PK311P9600,PK311P9600,244.0,0.0,0.0,0.0,10,265.0,270.5,40,238.0,264.0,264.0,242.5,29.0,7206.5,25
2023-05-11 10:00:47,PK311P9600,PK311P9600,244.0,0.0,0.0,0.0,20,265.0,270.5,40,238.0,264.0,264.0,242.5,29.0,7206.5,25
2023-05-11 10:00:47,PK311P9600,PK311P9600,244.0,0.0,0.0,0.0,20,265.0,270.5,30,238.0,264.0,264.0,242.5,29.0,7206.5,25
2023-05-11 10:00:51,PK311P9600,PK311P9600,244.0,0.0,0.0,0.0,10,265.5,270.5,20,238.0,264.0,264.0,242.5,29.0,7206.5,25
2023-05-11 10:01:01,PK311P9600,PK311P9600,244.0,0.0,0.0,0.0,10,265.5,271.5,10,238.0,264.0,264.0,242.5,29.0,7206.5,25
2023-05-11 10:01:02,PK311P9600,PK311P9600,244.0,0.0,0.0,0.0,20,265.5,272.0,50,238.0,264.0,264.0,242.5,29.0,7206.5,25
2023-05-11 10:01:08,PK311P9600,PK311P9600,244.0,0.0,0.0,0.0,20,265.5,272.0,40,238.0,264.0,264.0,242.5,29.0,7206.5,25
2023-05-11 10:01:09,PK311P9600,PK311P9600,244.0,0.0,0.0,0.0,20,265.5,272.0,50,238.0,264.0,264.0,242.5,29.0,7206.5,25
2023-05-11 10:01:09,PK311P9600,PK311P9600,244.0,0.0,0.0,0.0,20,265.5,272.0,40,238.0,264.0,264.0,242.5,29.0,7206.5,25
2023-05-11 10:01:10,PK311P9600,PK311P9600,244.0,0.0,0.0,0.0,20,265.5,272.0,50,238.0,264.0,264.0,242.5,29.0,7206.5,25
2023-05-11 10:01:11,PK311P9600,PK311P9600,244.0,0.0,0.0,0.0,10,266.5,272.0,50,238.0,264.0,264.0,242.5,29.0,7206.5,25
2023-05-11 10:01:11,PK311P9600,PK311P9600,244.0,0.0,0.0,0.0,20,266.5,272.0,50,238.0,264.0,264.0,242.5,29.0,7206.5,25
2023-05-11 10:01:12,PK311P9600,PK311P9600,244.0,0.0,0.0,0.0,20,266.5,272.0,40,238.0,264.0,264.0,242.5,29.0,7206.5,25
2023-05-11 10:01:13,PK311P9600,PK311P9600,244.0,0.0,0.0,0.0,10,267.0,272.0,30,238.0,264.0,264.0,242.5,29.0,7206.5,25
2023-05-11 10:01:29,PK311P9600,PK311P9600,244.0,0.0,0.0,0.0,10,267.0,272.0,20,238.0,264.0,264.0,242.5,29.0,7206.5,25
2023-05-11 10:01:37,PK311P9600,PK311P9600,244.0,0.0,0.0,0.0,10,267.0,272.0,30,238.0,264.0,264.0,242.5,29.0,7206.5,25
2023-05-11 10:01:40,PK311P9600,PK311P9600,244.0,0.0,0.0,0.0,10,266.5,272.0,30,238.0,264.0,264.0,242.5,29.0,7206.5,25
2023-05-11 10:01:40,PK311P9600,PK311P9600,244.0,0.0,0.0,0.0,30,265.5,272.0,30,238.0,264.0,264.0,242.5,29.0,7206.5,25
2023-05-11 10:01:41,PK311P9600,PK311P9600,244.0,0.0,0.0,0.0,20,265.5,272.0,20,238.0,264.0,264.0,242.5,29.0,7206.5,25
2023-05-11 10:01:42,PK311P9600,PK311P9600,244.0,0.0,0.0,0.0,20,267.0,272.0,20,238.0,264.0,264.0,242.5,29.0,7206.5,25
2023-05-11 10:01:47,PK311P9600,PK311P9600,244.0,0.0,0.0,0.0,10,267.0,272.0,20,238.0,264.0,264.0,242.5,29.0,7206.5,25
2023-05-11 10:01:48,PK311P9600,PK311P9600,244.0,0.0,0.0,0.0,20,267.0,272.0,20,238.0,264.0,264.0,242.5,29.0,7206.5,25
2023-05-11 10:01:59,PK311P9600,PK311P9600,244.0,0.0,0.0,0.0,20,267.0,272.0,30,238.0,264.0,264.0,242.5,29.0,7206.5,25
2023-05-11 10:02:01,PK311P9600,PK311P9600,244.0,0.0,0.0,0.0,20,267.0,272.0,20,238.0,264.0,264.0,242.5,29.0,7206.5,25
2023-05-11 10:02:16,PK311P9600,PK311P9600,244.0,0.0,0.0,0.0,20,267.0,272.0,30,238.0,264.0,264.0,242.5,29.0,7206.5,25
2023-05-11 10:02:17,PK311P9600,PK311P9600,244.0,0.0,0.0,0.0,10,265.5,272.0,30,238.0,264.0,264.0,242.5,29.0,7206.5,25
2023-05-11 10:02:18,PK311P9600,PK311P9600,244.0,0.0,0.0,0.0,10,265.5,272.0,40,238.0,264.0,264.0,242.5,29.0,7206.5,25
2023-05-11 10:02:19,PK311P9600,PK311P9600,244.0,0.0,0.0,0.0,10,265.5,271.0,10,238.0,264.0,264.0,242.5,29.0,7206.5,25
2023-05-11 10:02:19,PK311P9600,PK311P9600,244.0,0.0,0.0,0.0,20,265.0,271.0,30,238.0,264.0,264.0,242.5,29.0,7206.5,25
2023-05-11 10:02:24,PK311P9600,PK311P9600,244.0,0.0,0.0,0.0,20,265.0,271.0,20,238.0,264.0,264.0,242.5,29.0,7206.5,25
2023-05-11 10:02:34,PK311P9600,PK311P9600,244.0,0.0,0.0,0.0,20,265.0,271.0,40,238.0,264.0,264.0,242.5,29.0,7206.5,25
2023-05-11 10:02:45,PK311P9600,PK311P9600,244.0,0.0,0.0,0.0,30,263.5,269.5,20,238.0,264.0,264.0,242.5,29.0,7206.5,25
2023-05-11 10:02:45,PK311P9600,PK311P9600,244.0,0.0,0.0,0.0,20,263.5,269.5,20,238.0,264.0,264.0,242.5,29.0,7206.5,25
2023-05-11 10:02:49,PK311P9600,PK311P9600,244.0,0.0,0.0,0.0,20,263.5,269.5,40,238.0,264.0,264.0,242.5,29.0,7206.5,25
2023-05-11 10:02:50,PK311P9600,PK311P9600,244.0,0.0,0.0,0.0,20,263.5,269.5,30,238.0,264.0,264.0,242.5,29.0,7206.5,25
2023-05-11 10:02:50,PK311P9600,PK311P9600,244.0,0.0,0.0,0.0,20,263.5,269.5,40,238.0,264.0,264.0,242.5,29.0,7206.5,25
2023-05-11 10:02:51,PK311P9600,PK311P9600,244.0,0.0,0.0,0.0,10,263.0,269.5,40,238.0,264.0,264.0,242.5,29.0,7206.5,25
2023-05-11 10:02:51,PK311P9600,PK311P9600,244.0,0.0,0.0,0.0,10,262.5,268.5,10,238.0,264.0,264.0,242.5,29.0,7206.5,25
2023-05-11 10:02:52,PK311P9600,PK311P9600,244.0,0.0,0.0,0.0,20,262.5,268.5,20,238.0,264.0,264.0,242.5,29.0,7206.5,25
2023-05-11 10:02:52,PK311P9600,PK311P9600,244.0,0.0,0.0,0.0,20,262.5,268.5,10,238.0,264.0,264.0,242.5,29.0,7206.5,25
2023-05-11 10:02:52,PK311P9600,PK311P9600,244.0,0.0,0.0,0.0,20,262.5,268.5,20,238.0,264.0,264.0,242.5,29.0,7206.5,25
2023-05-11 10:02:58,PK311P9600,PK311P9600,244.0,0.0,0.0,0.0,20,262.5,268.5,30,238.0,264.0,264.0,242.5,29.0,7206.5,25
2023-05-11 10:02:58,PK311P9600,PK311P9600,244.0,0.0,0.0,0.0,10,262.5,268.5,40,238.0,264.0,264.0,242.5,29.0,7206.5,25
2023-05-11 10:02:59,PK311P9600,PK311P9600,244.0,0.0,0.0,0.0,20,260.5,267.0,10,238.0,264.0,264.0,242.5,29.0,7206.5,25
2023-05-11 10:02:59,PK311P9600,PK311P9600,244.0,0.0,0.0,0.0,30,260.5,267.0,20,238.0,264.0,264.0,242.5,29.0,7206.5,25
2023-05-11 10:02:59,PK311P9600,PK311P9600,244.0,0.0,0.0,0.0,20,260.5,267.0,30,238.0,264.0,264.0,242.5,29.0,7206.5,25
2023-05-11 10:03:01,PK311P9600,PK311P9600,244.0,0.0,0.0,0.0,20,260.5,267.0,20,238.0,264.0,264.0,242.5,29.0,7206.5,25
2023-05-11 10:03:01,PK311P9600,PK311P9600,244.0,0.0,0.0,0.0,20,260.5,267.0,30,238.0,264.0,264.0,242.5,29.0,7206.5,25
2023-05-11 10:03:01,PK311P9600,PK311P9600,244.0,0.0,0.0,0.0,20,260.5,267.0,20,238.0,264.0,264.0,242.5,29.0,7206.5,25
2023-05-11 10:03:03,PK311P9600,PK311P9600,244.0,0.0,0.0,0.0,10,261.5,267.0,20,238.0,264.0,264.0,242.5,29.0,7206.5,25
2023-05-11 10:03:04,PK311P9600,PK311P9600,244.0,0.0,0.0,0.0,20,261.5,267.0,10,238.0,264.0,264.0,242.5,29.0,7206.5,25
2023-05-11 10:03:05,PK311P9600,PK311P9600,244.0,0.0,0.0,0.0,30,261.5,267.5,10,238.0,264.0,264.0,242.5,29.0,7206.5,25
2023-05-11 10:03:05,PK311P9600,PK311P9600,244.0,0.0,0.0,0.0,40,261.5,267.5,10,238.0,264.0,264.0,242.5,29.0,7206.5,25
2023-05-11 10:03:05,PK311P9600,PK311P9600,244.0,0.0,0.0,0.0,40,261.5,267.5,20,238.0,264.0,264.0,242.5,29.0,7206.5,25
2023-05-11 10:03:08,PK311P9600,PK311P9600,244.0,0.0,0.0,0.0,10,263.0,267.5,20,238.0,264.0,264.0,242.5,29.0,7206.5,25
2023-05-11 10:03:08,PK311P9600,PK311P9600,244.0,0.0,0.0,0.0,20,263.0,267.5,20,238.0,264.0,264.0,242.5,29.0,7206.5,25
2023-05-11 10:03:10,PK311P9600,PK311P9600,244.0,0.0,0.0,0.0,10,263.0,267.5,30,238.0,264.0,264.0,242.5,29.0,7206.5,25
2023-05-11 10:03:11,PK311P9600,PK311P9600,244.0,0.0,0.0,0.0,10,261.5,267.5,10,238.0,264.0,264.0,242.5,29.0,7206.5,25
2023-05-11 10:03:11,PK311P9600,PK311P9600,244.0,0.0,0.0,0.0,10,260.0,266.5,20,238.0,264.0,264.0,242.5,29.0,7206.5,25
2023-05-11 10:03:12,PK311P9600,PK311P9600,244.0,0.0,0.0,0.0,10,260.0,266.5,30,238.0,264.0,264.0,242.5,29.0,7206.5,25
2023-05-11 10:03:13,PK311P9600,PK311P9600,244.0,0.0,0.0,0.0,10,260.0,266.5,40,238.0,264.0,264.0,242.5,29.0,7206.5,25
2023-05-11 10:03:15,PK311P9600,PK311P9600,244.0,0.0,0.0,0.0,20,260.0,266.5,40,238.0,264.0,264.0,242.5,29.0,7206.5,25
2023-05-11 10:03:15,PK311P9600,PK311P9600,244.0,0.0,0.0,0.0,30,260.0,266.5,40,238.0,264.0,264.0,242.5,29.0,7206.5,25
2023-05-11 10:03:16,PK311P9600,PK311P9600,244.0,0.0,0.0,0.0,30,260.0,266.5,30,238.0,264.0,264.0,242.5,29.0,7206.5,25
2023-05-11 10:03:16,PK311P9600,PK311P9600,244.0,0.0,0.0,0.0,30,260.0,266.5,40,238.0,264.0,264.0,242.5,29.0,7206.5,25
2023-05-11 10:03:18,PK311P9600,PK311P9600,244.0,0.0,0.0,0.0,20,260.0,266.5,40,238.0,264.0,264.0,242.5,29.0,7206.5,25
2023-05-11 10:03:19,PK311P9600,PK311P9600,244.0,0.0,0.0,0.0,20,260.0,266.5,30,238.0,264.0,264.0,242.5,29.0,7206.5,25
2023-05-11 10:03:20,PK311P9600,PK311P9600,244.0,0.0,0.0,0.0,20,260.0,266.5,40,238.0,264.0,264.0,242.5,29.0,7206.5,25
2023-05-11 10:03:23,PK311P9600,PK311P9600,244.0,0.0,0.0,0.0,20,260.0,266.5,30,238.0,264.0,264.0,242.5,29.0,7206.5,25
2023-05-11 10:03:24,PK311P9600,PK311P9600,244.0,0.0,0.0,0.0,20,260.0,266.5,50,238.0,264.0,264.0,242.5,29.0,7206.5,25
2023-05-11 10:03:28,PK311P9600,PK311P9600,244.0,0.0,0.0,0.0,20,260.0,266.5,40,238.0,264.0,264.0,242.5,29.0,7206.5,25
2023-05-11 10:03:31,PK311P9600,PK311P9600,244.0,0.0,0.0,0.0,20,260.0,266.5,50,238.0,264.0,264.0,242.5,29.0,7206.5,25
2023-05-11 10:03:33,PK311P9600,PK311P9600,244.0,0.0,0.0,0.0,10,260.0,265.5,10,238.0,264.0,264.0,242.5,29.0,7206.5,25
2023-05-11 10:03:33,PK311P9600,PK311P9600,244.0,0.0,0.0,0.0,20,258.5,265.5,30,238.0,264.0,264.0,242.5,29.0,7206.5,25
2023-05-11 10:03:48,PK311P9600,PK311P9600,244.0,0.0,0.0,0.0,10,258.5,264.0,10,238.0,264.0,264.0,242.5,29.0,7206.5,25
2023-05-11 10:03:48,PK311P9600,PK311P9600,244.0,0.0,0.0,0.0,10,258.0,264.0,10,238.0,264.0,264.0,242.5,29.0,7206.5,25
2023-05-11 10:03:50,PK311P9600,PK311P9600,244.0,0.0,0.0,0.0,20,258.0,264.0,20,238.0,264.0,264.0,242.5,29.0,7206.5,25
2023-05-11 10:03:53,PK311P9600,PK311P9600,244.0,0.0,0.0,0.0,30,258.0,264.0,30,238.0,264.0,264.0,242.5,29.0,7206.5,25
2023-05-11 10:03:53,PK311P9600,PK311P9600,244.0,0.0,0.0,0.0,20,258.0,264.0,30,238.0,264.0,264.0,242.5,29.0,7206.5,25
2023-05-11 10:03:57,PK311P9600,PK311P9600,244.0,0.0,0.0,0.0,10,258.5,264.0,20,238.0,264.0,264.0,242.5,29.0,7206.5,25
2023-05-11 10:03:59,PK311P9600,PK311P9600,244.0,0.0,0.0,0.0,20,258.5,264.0,10,238.0,264.0,264.0,242.5,29.0,7206.5,25
2023-05-11 10:03:59,PK311P9600,PK311P9600,244.0,0.0,0.0,0.0,10,260.0,264.5,10,238.0,264.0,264.0,242.5,29.0,7206.5,25
2023-05-11 10:03:59,PK311P9600,PK311P9600,244.0,0.0,0.0,0.0,20,260.0,264.5,10,238.0,264.0,264.0,242.5,29.0,7206.5,25
2023-05-11 10:04:00,PK311P9600,PK311P9600,244.0,0.0,0.0,0.0,20,260.0,266.0,20,238.0,264.0,264.0,242.5,29.0,7206.5,25
2023-05-11 10:04:02,PK311P9600,PK311P9600,244.0,0.0,0.0,0.0,20,260.0,266.0,30,238.0,264.0,264.0,242.5,29.0,7206.5,25
2023-05-11 10:04:03,PK311P9600,PK311P9600,244.0,0.0,0.0,0.0,20,260.0,266.0,40,238.0,264.0,264.0,242.5,29.0,7206.5,25
2023-05-11 10:04:04,PK311P9600,PK311P9600,244.0,0.0,0.0,0.0,20,260.0,266.0,30,238.0,264.0,264.0,242.5,29.0,7206.5,25
2023-05-11 10:04:07,PK311P9600,PK311P9600,244.0,0.0,0.0,0.0,30,258.5,265.5,30,238.0,264.0,264.0,242.5,29.0,7206.5,25
2023-05-11 10:04:07,PK311P9600,PK311P9600,244.0,0.0,0.0,0.0,20,258.5,265.5,30,238.0,264.0,264.0,242.5,29.0,7206.5,25
2023-05-11 10:04:10,PK311P9600,PK311P9600,244.0,0.0,0.0,0.0,20,258.5,265.5,20,238.0,264.0,264.0,242.5,29.0,7206.5,25
2023-05-11 10:04:10,PK311P9600,PK311P9600,244.0,0.0,0.0,0.0,30,258.5,265.5,30,238.0,264.0,264.0,242.5,29.0,7206.5,25
2023-05-11 10:04:21,PK311P9600,PK311P9600,244.0,0.0,0.0,0.0,10,260.0,265.5,20,238.0,264.0,264.0,242.5,29.0,7206.5,25
