time,symbol_id,symbol_name,last,trade_volume,trade_amount,open_interest_change,bv1,bp1,ap1,av1,yesterday_close,today_open,today_high,today_low,volume,amount,open_interest
2023-05-11 09:14:19,PK311P10000,PK311P10000,332.5,0.0,0.0,0.0,10,377.0,424.0,10,332.5,406.0,0.0,0.0,0.0,0.0,12
2023-05-11 09:15:58,PK311P10000,PK311P10000,332.5,0.0,0.0,0.0,10,377.0,424.0,20,332.5,406.0,0.0,0.0,0.0,0.0,12
2023-05-11 09:16:00,PK311P10000,PK311P10000,332.5,0.0,0.0,0.0,10,377.0,424.0,10,332.5,406.0,0.0,0.0,0.0,0.0,12
2023-05-11 09:16:02,PK311P10000,PK311P10000,332.5,0.0,0.0,0.0,10,377.0,424.0,20,332.5,406.0,0.0,0.0,0.0,0.0,12
2023-05-11 09:16:06,PK311P10000,PK311P10000,332.5,0.0,0.0,0.0,10,368.5,414.5,10,332.5,406.0,0.0,0.0,0.0,0.0,12
2023-05-11 09:17:34,PK311P10000,PK311P10000,332.5,0.0,0.0,0.0,10,380.5,413.5,10,332.5,406.0,0.0,0.0,0.0,0.0,12
2023-05-11 09:18:25,PK311P10000,PK311P10000,332.5,0.0,0.0,0.0,20,380.5,399.5,10,332.5,406.0,0.0,0.0,0.0,0.0,12
2023-05-11 09:18:30,PK311P10000,PK311P10000,332.5,0.0,0.0,0.0,20,380.5,401.0,10,332.5,406.0,0.0,0.0,0.0,0.0,12
2023-05-11 09:18:44,PK311P10000,PK311P10000,332.5,0.0,0.0,0.0,10,386.0,401.0,10,332.5,406.0,0.0,0.0,0.0,0.0,12
2023-05-11 09:18:47,PK311P10000,PK311P10000,332.5,0.0,0.0,0.0,10,386.0,402.5,10,332.5,406.0,0.0,0.0,0.0,0.0,12
2023-05-11 09:18:51,PK311P10000,PK311P10000,332.5,0.0,0.0,0.0,10,386.0,401.0,10,332.5,406.0,0.0,0.0,0.0,0.0,12
2023-05-11 09:18:58,PK311P10000,PK311P10000,332.5,0.0,0.0,0.0,10,386.0,398.5,10,332.5,406.0,0.0,0.0,0.0,0.0,12
2023-05-11 09:19:00,PK311P10000,PK311P10000,332.5,0.0,0.0,0.0,10,386.0,402.0,10,332.5,406.0,0.0,0.0,0.0,0.0,12
2023-05-11 09:19:06,PK311P10000,PK311P10000,332.5,0.0,0.0,0.0,10,386.0,420.0,10,332.5,406.0,0.0,0.0,0.0,0.0,12
2023-05-11 09:19:06,PK311P10000,PK311P10000,332.5,0.0,0.0,0.0,10,386.0,399.5,10,332.5,406.0,0.0,0.0,0.0,0.0,12
2023-05-11 09:19:08,PK311P10000,PK311P10000,332.5,0.0,0.0,0.0,10,386.0,401.0,10,332.5,406.0,0.0,0.0,0.0,0.0,12
2023-05-11 09:19:11,PK311P10000,PK311P10000,332.5,0.0,0.0,0.0,10,387.5,401.0,10,332.5,406.0,0.0,0.0,0.0,0.0,12
2023-05-11 09:19:12,PK311P10000,PK311P10000,332.5,0.0,0.0,0.0,10,387.5,402.5,10,332.5,406.0,0.0,0.0,0.0,0.0,12
2023-05-11 09:19:13,PK311P10000,PK311P10000,332.5,0.0,0.0,0.0,10,387.5,405.0,10,332.5,406.0,0.0,0.0,0.0,0.0,12
2023-05-11 09:19:14,PK311P10000,PK311P10000,332.5,0.0,0.0,0.0,10,392.0,405.0,10,332.5,406.0,0.0,0.0,0.0,0.0,12
2023-05-11 09:19:16,PK311P10000,PK311P10000,332.5,0.0,0.0,0.0,10,392.0,414.0,10,332.5,406.0,0.0,0.0,0.0,0.0,12
2023-05-11 09:19:16,PK311P10000,PK311P10000,332.5,0.0,0.0,0.0,10,392.0,403.0,10,332.5,406.0,0.0,0.0,0.0,0.0,12
2023-05-11 09:19:22,PK311P10000,PK311P10000,332.5,0.0,0.0,0.0,10,392.0,405.0,10,332.5,406.0,0.0,0.0,0.0,0.0,12
2023-05-11 09:19:23,PK311P10000,PK311P10000,332.5,0.0,0.0,0.0,10,392.0,406.5,10,332.5,406.0,0.0,0.0,0.0,0.0,12
2023-05-11 09:19:23,PK311P10000,PK311P10000,332.5,0.0,0.0,0.0,20,392.0,406.5,10,332.5,406.0,0.0,0.0,0.0,0.0,12
2023-05-11 09:19:24,PK311P10000,PK311P10000,332.5,0.0,0.0,0.0,10,392.0,404.5,10,332.5,406.0,0.0,0.0,0.0,0.0,12
2023-05-11 09:19:33,PK311P10000,PK311P10000,332.5,0.0,0.0,0.0,10,392.0,411.0,10,332.5,406.0,0.0,0.0,0.0,0.0,12
2023-05-11 09:19:33,PK311P10000,PK311P10000,332.5,0.0,0.0,0.0,20,392.0,406.5,10,332.5,406.0,0.0,0.0,0.0,0.0,12
2023-05-11 09:19:36,PK311P10000,PK311P10000,332.5,0.0,0.0,0.0,10,392.0,404.5,10,332.5,406.0,0.0,0.0,0.0,0.0,12
2023-05-11 09:19:52,PK311P10000,PK311P10000,332.5,0.0,0.0,0.0,10,392.0,403.0,10,332.5,406.0,0.0,0.0,0.0,0.0,12
2023-05-11 09:20:04,PK311P10000,PK311P10000,332.5,0.0,0.0,0.0,10,392.0,399.0,10,332.5,406.0,0.0,0.0,0.0,0.0,12
2023-05-11 09:20:05,PK311P10000,PK311P10000,332.5,0.0,0.0,0.0,10,389.0,399.0,10,332.5,406.0,0.0,0.0,0.0,0.0,12
2023-05-11 09:20:05,PK311P10000,PK311P10000,332.5,0.0,0.0,0.0,10,389.0,402.5,10,332.5,406.0,0.0,0.0,0.0,0.0,12
2023-05-11 09:20:17,PK311P10000,PK311P10000,332.5,0.0,0.0,0.0,10,389.0,404.0,10,332.5,406.0,0.0,0.0,0.0,0.0,12
2023-05-11 09:20:29,PK311P10000,PK311P10000,332.5,0.0,0.0,0.0,10,389.0,405.0,10,332.5,406.0,0.0,0.0,0.0,0.0,12
2023-05-11 09:20:34,PK311P10000,PK311P10000,332.5,0.0,0.0,0.0,10,395.0,405.0,10,332.5,406.0,0.0,0.0,0.0,0.0,12
2023-05-11 09:20:35,PK311P10000,PK311P10000,332.5,0.0,0.0,0.0,10,395.0,405.5,20,332.5,406.0,0.0,0.0,0.0,0.0,12
2023-05-11 09:20:38,PK311P10000,PK311P10000,332.5,0.0,0.0,0.0,10,395.0,405.5,10,332.5,406.0,0.0,0.0,0.0,0.0,12
2023-05-11 09:20:42,PK311P10000,PK311P10000,332.5,0.0,0.0,0.0,10,395.0,404.5,10,332.5,406.0,0.0,0.0,0.0,0.0,12
2023-05-11 09:20:42,PK311P10000,PK311P10000,332.5,0.0,0.0,0.0,10,395.0,406.0,10,332.5,406.0,0.0,0.0,0.0,0.0,12
2023-05-11 09:20:43,PK311P10000,PK311P10000,332.5,0.0,0.0,0.0,10,395.0,407.0,10,332.5,406.0,0.0,0.0,0.0,0.0,12
2023-05-11 09:20:43,PK311P10000,PK311P10000,332.5,0.0,0.0,0.0,10,395.0,407.5,20,332.5,406.0,0.0,0.0,0.0,0.0,12
2023-05-11 09:20:44,PK311P10000,PK311P10000,332.5,0.0,0.0,0.0,10,395.0,406.0,10,332.5,406.0,0.0,0.0,0.0,0.0,12
2023-05-11 09:20:45,PK311P10000,PK311P10000,332.5,0.0,0.0,0.0,10,395.0,406.5,10,332.5,406.0,0.0,0.0,0.0,0.0,12
2023-05-11 09:20:48,PK311P10000,PK311P10000,332.5,0.0,0.0,0.0,10,395.0,408.0,10,332.5,406.0,0.0,0.0,0.0,0.0,12
2023-05-11 09:20:50,PK311P10000,PK311P10000,332.5,0.0,0.0,0.0,10,399.5,408.0,10,332.5,406.0,0.0,0.0,0.0,0.0,12
2023-05-11 09:20:52,PK311P10000,PK311P10000,332.5,0.0,0.0,0.0,10,399.5,406.5,10,332.5,406.0,0.0,0.0,0.0,0.0,12
2023-05-11 09:20:53,PK311P10000,PK311P10000,332.5,0.0,0.0,0.0,10,398.5,406.5,10,332.5,406.0,0.0,0.0,0.0,0.0,12
2023-05-11 09:20:53,PK311P10000,PK311P10000,332.5,0.0,0.0,0.0,10,398.0,406.5,10,332.5,406.0,0.0,0.0,0.0,0.0,12
2023-05-11 09:20:57,PK311P10000,PK311P10000,332.5,0.0,0.0,0.0,10,398.0,408.0,10,332.5,406.0,0.0,0.0,0.0,0.0,12
2023-05-11 09:20:58,PK311P10000,PK311P10000,332.5,0.0,0.0,0.0,10,397.5,407.5,10,332.5,406.0,0.0,0.0,0.0,0.0,12
2023-05-11 09:21:02,PK311P10000,PK311P10000,332.5,0.0,0.0,0.0,20,397.0,407.5,10,332.5,406.0,0.0,0.0,0.0,0.0,12
2023-05-11 09:21:04,PK311P10000,PK311P10000,332.5,0.0,0.0,0.0,10,397.0,406.5,10,332.5,406.0,0.0,0.0,0.0,0.0,12
2023-05-11 09:21:07,PK311P10000,PK311P10000,332.5,0.0,0.0,0.0,10,397.5,406.5,10,332.5,406.0,0.0,0.0,0.0,0.0,12
2023-05-11 09:21:08,PK311P10000,PK311P10000,332.5,0.0,0.0,0.0,10,397.5,407.0,10,332.5,406.0,0.0,0.0,0.0,0.0,12
2023-05-11 09:21:09,PK311P10000,PK311P10000,332.5,0.0,0.0,0.0,10,397.5,408.0,20,332.5,406.0,0.0,0.0,0.0,0.0,12
2023-05-11 09:21:10,PK311P10000,PK311P10000,332.5,0.0,0.0,0.0,20,397.5,408.0,20,332.5,406.0,0.0,0.0,0.0,0.0,12
2023-05-11 09:21:11,PK311P10000,PK311P10000,332.5,0.0,0.0,0.0,20,397.5,406.0,10,332.5,406.0,0.0,0.0,0.0,0.0,12
2023-05-11 09:21:13,PK311P10000,PK311P10000,332.5,0.0,0.0,0.0,10,401.0,406.0,10,332.5,406.0,0.0,0.0,0.0,0.0,12
2023-05-11 09:21:14,PK311P10000,PK311P10000,332.5,0.0,0.0,0.0,10,401.0,407.5,10,332.5,406.0,0.0,0.0,0.0,0.0,12
2023-05-11 09:21:28,PK311P10000,PK311P10000,332.5,0.0,0.0,0.0,10,402.0,407.5,10,332.5,406.0,0.0,0.0,0.0,0.0,12
2023-05-11 09:21:29,PK311P10000,PK311P10000,332.5,0.0,0.0,0.0,10,402.0,409.0,10,332.5,406.0,0.0,0.0,0.0,0.0,12
2023-05-11 09:21:29,PK311P10000,PK311P10000,332.5,0.0,0.0,0.0,10,404.0,409.0,10,332.5,406.0,0.0,0.0,0.0,0.0,12
2023-05-11 09:21:30,PK311P10000,PK311P10000,332.5,0.0,0.0,0.0,10,404.0,411.5,10,332.5,406.0,0.0,0.0,0.0,0.0,12
2023-05-11 09:21:30,PK311P10000,PK311P10000,332.5,0.0,0.0,0.0,10,404.0,411.0,10,332.5,406.0,0.0,0.0,0.0,0.0,12
2023-05-11 09:21:35,PK311P10000,PK311P10000,332.5,0.0,0.0,0.0,10,404.5,411.0,10,332.5,406.0,0.0,0.0,0.0,0.0,12
2023-05-11 09:21:38,PK311P10000,PK311P10000,332.5,0.0,0.0,0.0,10,406.0,411.0,10,332.5,406.0,0.0,0.0,0.0,0.0,12
2023-05-11 09:21:55,PK311P10000,PK311P10000,332.5,0.0,0.0,0.0,10,406.0,408.5,10,332.5,406.0,0.0,0.0,0.0,0.0,12
2023-05-11 09:21:56,PK311P10000,PK311P10000,332.5,0.0,0.0,0.0,10,406.0,410.0,10,332.5,406.0,0.0,0.0,0.0,0.0,12
2023-05-11 09:22:04,PK311P10000,PK311P10000,332.5,0.0,0.0,0.0,10,406.0,411.5,10,332.5,406.0,0.0,0.0,0.0,0.0,12
2023-05-11 09:22:13,PK311P10000,PK311P10000,406.0,10.0,4060.0,10.0,10,395.0,411.5,10,332.5,406.0,406.0,406.0,10.0,4060.0,22
2023-05-11 09:22:14,PK311P10000,PK311P10000,406.0,0.0,0.0,0.0,10,403.0,411.0,10,332.5,406.0,406.0,406.0,10.0,4060.0,22
2023-05-11 09:22:14,PK311P10000,PK311P10000,406.0,0.0,0.0,0.0,10,405.0,411.0,10,332.5,406.0,406.0,406.0,10.0,4060.0,22
2023-05-11 09:22:14,PK311P10000,PK311P10000,406.0,0.0,0.0,0.0,10,404.5,411.0,10,332.5,406.0,406.0,406.0,10.0,4060.0,22
2023-05-11 09:22:17,PK311P10000,PK311P10000,406.0,0.0,0.0,0.0,10,404.0,412.0,10,332.5,406.0,406.0,406.0,10.0,4060.0,22
2023-05-11 09:22:22,PK311P10000,PK311P10000,406.0,0.0,0.0,0.0,10,404.0,413.0,20,332.5,406.0,406.0,406.0,10.0,4060.0,22
2023-05-11 09:22:29,PK311P10000,PK311P10000,406.0,0.0,0.0,0.0,20,405.0,413.0,10,332.5,406.0,406.0,406.0,10.0,4060.0,22
2023-05-11 09:22:29,PK311P10000,PK311P10000,406.0,0.0,0.0,0.0,20,405.0,414.5,20,332.5,406.0,406.0,406.0,10.0,4060.0,22
2023-05-11 09:22:33,PK311P10000,PK311P10000,406.0,0.0,0.0,0.0,10,406.0,414.5,20,332.5,406.0,406.0,406.0,10.0,4060.0,22
2023-05-11 09:22:33,PK311P10000,PK311P10000,406.0,0.0,0.0,0.0,10,407.0,414.5,20,332.5,406.0,406.0,406.0,10.0,4060.0,22
2023-05-11 09:22:35,PK311P10000,PK311P10000,406.0,0.0,0.0,0.0,20,407.0,414.5,10,332.5,406.0,406.0,406.0,10.0,4060.0,22
2023-05-11 09:22:36,PK311P10000,PK311P10000,406.0,0.0,0.0,0.0,10,407.0,416.5,20,332.5,406.0,406.0,406.0,10.0,4060.0,22
2023-05-11 09:22:41,PK311P10000,PK311P10000,406.0,0.0,0.0,0.0,10,407.0,416.5,10,332.5,406.0,406.0,406.0,10.0,4060.0,22
2023-05-11 09:22:47,PK311P10000,PK311P10000,406.0,0.0,0.0,0.0,10,407.0,416.5,20,332.5,406.0,406.0,406.0,10.0,4060.0,22
2023-05-11 09:22:54,PK311P10000,PK311P10000,406.0,0.0,0.0,0.0,10,408.0,416.5,20,332.5,406.0,406.0,406.0,10.0,4060.0,22
2023-05-11 09:22:59,PK311P10000,PK311P10000,406.0,0.0,0.0,0.0,10,410.0,419.0,20,332.5,406.0,406.0,406.0,10.0,4060.0,22
2023-05-11 09:23:02,PK311P10000,PK311P10000,406.0,0.0,0.0,0.0,10,410.0,417.0,20,332.5,406.0,406.0,406.0,10.0,4060.0,22
2023-05-11 09:23:06,PK311P10000,PK311P10000,406.0,0.0,0.0,0.0,20,410.0,419.5,20,332.5,406.0,406.0,406.0,10.0,4060.0,22
2023-05-11 09:23:16,PK311P10000,PK311P10000,406.0,0.0,0.0,0.0,10,412.0,419.5,20,332.5,406.0,406.0,406.0,10.0,4060.0,22
2023-05-11 09:23:17,PK311P10000,PK311P10000,406.0,0.0,0.0,0.0,10,412.0,419.5,10,332.5,406.0,406.0,406.0,10.0,4060.0,22
2023-05-11 09:23:18,PK311P10000,PK311P10000,406.0,0.0,0.0,0.0,10,412.0,421.0,10,332.5,406.0,406.0,406.0,10.0,4060.0,22
2023-05-11 09:23:21,PK311P10000,PK311P10000,406.0,0.0,0.0,0.0,10,412.5,420.0,10,332.5,406.0,406.0,406.0,10.0,4060.0,22
2023-05-11 09:23:30,PK311P10000,PK311P10000,406.0,0.0,0.0,0.0,20,412.0,421.0,10,332.5,406.0,406.0,406.0,10.0,4060.0,22
2023-05-11 09:23:31,PK311P10000,PK311P10000,406.0,0.0,0.0,0.0,10,412.5,421.0,10,332.5,406.0,406.0,406.0,10.0,4060.0,22
2023-05-11 09:23:32,PK311P10000,PK311P10000,406.0,0.0,0.0,0.0,10,410.0,419.5,10,332.5,406.0,406.0,406.0,10.0,4060.0,22
2023-05-11 09:23:32,PK311P10000,PK311P10000,406.0,0.0,0.0,0.0,10,410.0,419.5,20,332.5,406.0,406.0,406.0,10.0,4060.0,22
2023-05-11 09:23:35,PK311P10000,PK311P10000,406.0,0.0,0.0,0.0,10,411.0,419.5,10,332.5,406.0,406.0,406.0,10.0,4060.0,22
2023-05-11 09:23:35,PK311P10000,PK311P10000,406.0,0.0,0.0,0.0,10,411.0,421.0,20,332.5,406.0,406.0,406.0,10.0,4060.0,22
2023-05-11 09:23:36,PK311P10000,PK311P10000,406.0,0.0,0.0,0.0,20,411.0,421.0,10,332.5,406.0,406.0,406.0,10.0,4060.0,22
2023-05-11 09:23:46,PK311P10000,PK311P10000,406.0,0.0,0.0,0.0,10,413.0,421.0,10,332.5,406.0,406.0,406.0,10.0,4060.0,22
2023-05-11 09:23:47,PK311P10000,PK311P10000,406.0,0.0,0.0,0.0,10,411.0,420.0,10,332.5,406.0,406.0,406.0,10.0,4060.0,22
2023-05-11 09:23:53,PK311P10000,PK311P10000,406.0,0.0,0.0,0.0,10,413.0,421.0,10,332.5,406.0,406.0,406.0,10.0,4060.0,22
2023-05-11 09:23:54,PK311P10000,PK311P10000,406.0,0.0,0.0,0.0,20,413.0,421.0,10,332.5,406.0,406.0,406.0,10.0,4060.0,22
2023-05-11 09:23:56,PK311P10000,PK311P10000,406.0,0.0,0.0,0.0,10,415.0,421.0,10,332.5,406.0,406.0,406.0,10.0,4060.0,22
2023-05-11 09:24:01,PK311P10000,PK311P10000,406.0,0.0,0.0,0.0,10,415.0,423.0,20,332.5,406.0,406.0,406.0,10.0,4060.0,22
2023-05-11 09:24:04,PK311P10000,PK311P10000,406.0,0.0,0.0,0.0,10,411.5,420.5,10,332.5,406.0,406.0,406.0,10.0,4060.0,22
2023-05-11 09:24:05,PK311P10000,PK311P10000,406.0,0.0,0.0,0.0,10,411.5,420.5,20,332.5,406.0,406.0,406.0,10.0,4060.0,22
2023-05-11 09:24:06,PK311P10000,PK311P10000,406.0,0.0,0.0,0.0,10,411.5,420.5,10,332.5,406.0,406.0,406.0,10.0,4060.0,22
2023-05-11 09:24:17,PK311P10000,PK311P10000,406.0,0.0,0.0,0.0,10,413.0,421.5,10,332.5,406.0,406.0,406.0,10.0,4060.0,22
2023-05-11 09:24:27,PK311P10000,PK311P10000,406.0,0.0,0.0,0.0,10,415.5,425.0,10,332.5,406.0,406.0,406.0,10.0,4060.0,22
2023-05-11 09:24:27,PK311P10000,PK311P10000,406.0,0.0,0.0,0.0,10,415.5,425.0,20,332.5,406.0,406.0,406.0,10.0,4060.0,22
2023-05-11 09:24:28,PK311P10000,PK311P10000,406.0,0.0,0.0,0.0,20,413.5,423.0,10,332.5,406.0,406.0,406.0,10.0,4060.0,22
2023-05-11 09:24:28,PK311P10000,PK311P10000,406.0,0.0,0.0,0.0,10,413.5,421.5,10,332.5,406.0,406.0,406.0,10.0,4060.0,22
2023-05-11 09:24:29,PK311P10000,PK311P10000,406.0,0.0,0.0,0.0,20,413.5,423.0,10,332.5,406.0,406.0,406.0,10.0,4060.0,22
2023-05-11 09:24:56,PK311P10000,PK311P10000,406.0,0.0,0.0,0.0,10,415.0,424.5,10,332.5,406.0,406.0,406.0,10.0,4060.0,22
2023-05-11 09:25:12,PK311P10000,PK311P10000,406.0,0.0,0.0,0.0,10,417.0,424.5,10,332.5,406.0,406.0,406.0,10.0,4060.0,22
2023-05-11 09:25:12,PK311P10000,PK311P10000,406.0,0.0,0.0,0.0,10,417.0,426.5,20,332.5,406.0,406.0,406.0,10.0,4060.0,22
2023-05-11 09:25:16,PK311P10000,PK311P10000,406.0,0.0,0.0,0.0,10,417.0,426.5,30,332.5,406.0,406.0,406.0,10.0,4060.0,22
2023-05-11 09:25:20,PK311P10000,PK311P10000,406.0,0.0,0.0,0.0,10,417.0,426.5,20,332.5,406.0,406.0,406.0,10.0,4060.0,22
2023-05-11 09:25:21,PK311P10000,PK311P10000,406.0,0.0,0.0,0.0,10,417.0,426.5,30,332.5,406.0,406.0,406.0,10.0,4060.0,22
2023-05-11 09:25:21,PK311P10000,PK311P10000,406.0,0.0,0.0,0.0,10,415.0,425.0,10,332.5,406.0,406.0,406.0,10.0,4060.0,22
2023-05-11 09:25:22,PK311P10000,PK311P10000,406.0,0.0,0.0,0.0,10,415.0,425.0,20,332.5,406.0,406.0,406.0,10.0,4060.0,22
2023-05-11 09:25:23,PK311P10000,PK311P10000,406.0,0.0,0.0,0.0,10,415.0,425.0,10,332.5,406.0,406.0,406.0,10.0,4060.0,22
2023-05-11 09:25:23,PK311P10000,PK311P10000,406.0,0.0,0.0,0.0,10,415.0,425.0,20,332.5,406.0,406.0,406.0,10.0,4060.0,22
2023-05-11 09:25:24,PK311P10000,PK311P10000,406.0,0.0,0.0,0.0,20,413.5,423.0,30,332.5,406.0,406.0,406.0,10.0,4060.0,22
2023-05-11 09:25:25,PK311P10000,PK311P10000,406.0,0.0,0.0,0.0,10,413.5,423.0,20,332.5,406.0,406.0,406.0,10.0,4060.0,22
2023-05-11 09:25:29,PK311P10000,PK311P10000,406.0,0.0,0.0,0.0,10,416.0,429.5,20,332.5,406.0,406.0,406.0,10.0,4060.0,22
2023-05-11 09:25:30,PK311P10000,PK311P10000,406.0,0.0,0.0,0.0,10,416.0,429.5,30,332.5,406.0,406.0,406.0,10.0,4060.0,22
2023-05-11 09:25:31,PK311P10000,PK311P10000,406.0,0.0,0.0,0.0,10,416.0,428.0,10,332.5,406.0,406.0,406.0,10.0,4060.0,22
2023-05-11 09:25:32,PK311P10000,PK311P10000,406.0,0.0,0.0,0.0,10,416.0,428.0,20,332.5,406.0,406.0,406.0,10.0,4060.0,22
2023-05-11 09:25:35,PK311P10000,PK311P10000,406.0,0.0,0.0,0.0,10,416.0,428.0,10,332.5,406.0,406.0,406.0,10.0,4060.0,22
2023-05-11 09:25:35,PK311P10000,PK311P10000,406.0,0.0,0.0,0.0,10,418.5,429.5,20,332.5,406.0,406.0,406.0,10.0,4060.0,22
2023-05-11 09:25:36,PK311P10000,PK311P10000,406.0,0.0,0.0,0.0,10,418.5,429.5,30,332.5,406.0,406.0,406.0,10.0,4060.0,22
2023-05-11 09:25:36,PK311P10000,PK311P10000,406.0,0.0,0.0,0.0,10,418.5,429.5,20,332.5,406.0,406.0,406.0,10.0,4060.0,22
2023-05-11 09:25:36,PK311P10000,PK311P10000,406.0,0.0,0.0,0.0,10,416.0,427.5,10,332.5,406.0,406.0,406.0,10.0,4060.0,22
2023-05-11 09:25:38,PK311P10000,PK311P10000,406.0,0.0,0.0,0.0,10,416.0,427.5,20,332.5,406.0,406.0,406.0,10.0,4060.0,22
2023-05-11 09:25:49,PK311P10000,PK311P10000,416.0,10.0,4160.0,10.0,10,415.0,427.5,20,332.5,406.0,416.0,406.0,20.0,8220.0,32
2023-05-11 09:25:58,PK311P10000,PK311P10000,416.0,0.0,0.0,0.0,10,415.0,427.5,10,332.5,406.0,416.0,406.0,20.0,8220.0,32
2023-05-11 09:25:59,PK311P10000,PK311P10000,416.0,0.0,0.0,0.0,10,415.0,427.5,20,332.5,406.0,416.0,406.0,20.0,8220.0,32
2023-05-11 09:26:02,PK311P10000,PK311P10000,416.0,0.0,0.0,0.0,10,415.0,427.0,10,332.5,406.0,416.0,406.0,20.0,8220.0,32
2023-05-11 09:26:02,PK311P10000,PK311P10000,416.0,0.0,0.0,0.0,10,413.5,427.0,30,332.5,406.0,416.0,406.0,20.0,8220.0,32
2023-05-11 09:26:07,PK311P10000,PK311P10000,416.0,0.0,0.0,0.0,10,415.5,427.0,20,332.5,406.0,416.0,406.0,20.0,8220.0,32
2023-05-11 09:26:11,PK311P10000,PK311P10000,416.0,0.0,0.0,0.0,20,415.5,427.0,10,332.5,406.0,416.0,406.0,20.0,8220.0,32
2023-05-11 09:26:21,PK311P10000,PK311P10000,416.0,0.0,0.0,0.0,23,415.5,427.0,13,332.5,406.0,416.0,406.0,20.0,8220.0,32
2023-05-11 09:26:34,PK311P10000,PK311P10000,416.0,0.0,0.0,0.0,23,415.5,427.0,3,332.5,406.0,416.0,406.0,20.0,8220.0,32
2023-05-11 09:26:35,PK311P10000,PK311P10000,416.0,0.0,0.0,0.0,23,415.5,427.0,13,332.5,406.0,416.0,406.0,20.0,8220.0,32
2023-05-11 09:26:35,PK311P10000,PK311P10000,416.0,0.0,0.0,0.0,13,415.5,426.5,10,332.5,406.0,416.0,406.0,20.0,8220.0,32
2023-05-11 09:26:36,PK311P10000,PK311P10000,416.0,0.0,0.0,0.0,13,415.5,426.5,20,332.5,406.0,416.0,406.0,20.0,8220.0,32
2023-05-11 09:26:36,PK311P10000,PK311P10000,416.0,0.0,0.0,0.0,3,415.5,426.5,20,332.5,406.0,416.0,406.0,20.0,8220.0,32
2023-05-11 09:26:36,PK311P10000,PK311P10000,416.0,0.0,0.0,0.0,23,412.5,426.5,23,332.5,406.0,416.0,406.0,20.0,8220.0,32
2023-05-11 09:26:39,PK311P10000,PK311P10000,416.0,0.0,0.0,0.0,10,416.0,427.5,10,332.5,406.0,416.0,406.0,20.0,8220.0,32
2023-05-11 09:26:40,PK311P10000,PK311P10000,416.0,0.0,0.0,0.0,10,416.0,428.5,10,332.5,406.0,416.0,406.0,20.0,8220.0,32
2023-05-11 09:26:41,PK311P10000,PK311P10000,416.0,0.0,0.0,0.0,10,416.0,429.0,20,332.5,406.0,416.0,406.0,20.0,8220.0,32
2023-05-11 09:26:41,PK311P10000,PK311P10000,416.0,0.0,0.0,0.0,13,416.0,429.0,13,332.5,406.0,416.0,406.0,20.0,8220.0,32
2023-05-11 09:26:43,PK311P10000,PK311P10000,416.0,0.0,0.0,0.0,13,416.0,429.0,23,332.5,406.0,416.0,406.0,20.0,8220.0,32
2023-05-11 09:27:01,PK311P10000,PK311P10000,416.0,0.0,0.0,0.0,10,416.0,429.0,20,332.5,406.0,416.0,406.0,20.0,8220.0,32
2023-05-11 09:27:03,PK311P10000,PK311P10000,416.0,0.0,0.0,0.0,20,416.0,429.0,30,332.5,406.0,416.0,406.0,20.0,8220.0,32
2023-05-11 09:27:04,PK311P10000,PK311P10000,416.0,0.0,0.0,0.0,20,416.0,429.0,20,332.5,406.0,416.0,406.0,20.0,8220.0,32
2023-05-11 09:27:07,PK311P10000,PK311P10000,416.0,0.0,0.0,0.0,20,416.0,429.0,30,332.5,406.0,416.0,406.0,20.0,8220.0,32
2023-05-11 09:27:19,PK311P10000,PK311P10000,416.0,0.0,0.0,0.0,20,416.0,429.0,20,332.5,406.0,416.0,406.0,20.0,8220.0,32
2023-05-11 09:27:29,PK311P10000,PK311P10000,416.0,0.0,0.0,0.0,20,416.0,429.0,30,332.5,406.0,416.0,406.0,20.0,8220.0,32
2023-05-11 09:27:29,PK311P10000,PK311P10000,416.0,0.0,0.0,0.0,20,416.0,429.0,20,332.5,406.0,416.0,406.0,20.0,8220.0,32
2023-05-11 09:27:31,PK311P10000,PK311P10000,416.0,0.0,0.0,0.0,20,416.0,428.5,12,332.5,406.0,416.0,406.0,20.0,8220.0,32
2023-05-11 09:27:31,PK311P10000,PK311P10000,416.0,0.0,0.0,0.0,20,416.0,428.5,22,332.5,406.0,416.0,406.0,20.0,8220.0,32
2023-05-11 09:27:38,PK311P10000,PK311P10000,416.0,0.0,0.0,0.0,10,417.5,427.0,10,332.5,406.0,416.0,406.0,20.0,8220.0,32
2023-05-11 09:27:39,PK311P10000,PK311P10000,416.0,0.0,0.0,0.0,20,417.5,427.0,30,332.5,406.0,416.0,406.0,20.0,8220.0,32
2023-05-11 09:27:39,PK311P10000,PK311P10000,416.0,0.0,0.0,0.0,20,417.5,426.5,22,332.5,406.0,416.0,406.0,20.0,8220.0,32
2023-05-11 09:28:03,PK311P10000,PK311P10000,416.0,0.0,0.0,0.0,10,417.5,426.5,22,332.5,406.0,416.0,406.0,20.0,8220.0,32
2023-05-11 09:28:04,PK311P10000,PK311P10000,416.0,0.0,0.0,0.0,20,414.5,426.5,32,332.5,406.0,416.0,406.0,20.0,8220.0,32
2023-05-11 09:28:07,PK311P10000,PK311P10000,416.0,0.0,0.0,0.0,10,412.0,426.5,22,332.5,406.0,416.0,406.0,20.0,8220.0,32
2023-05-11 09:28:09,PK311P10000,PK311P10000,416.0,0.0,0.0,0.0,20,412.0,426.5,42,332.5,406.0,416.0,406.0,20.0,8220.0,32
2023-05-11 09:28:38,PK311P10000,PK311P10000,416.0,0.0,0.0,0.0,10,412.0,426.5,42,332.5,406.0,416.0,406.0,20.0,8220.0,32
2023-05-11 09:28:38,PK311P10000,PK311P10000,416.0,0.0,0.0,0.0,30,411.0,426.5,42,332.5,406.0,416.0,406.0,20.0,8220.0,32
2023-05-11 09:29:16,PK311P10000,PK311P10000,416.0,0.0,0.0,0.0,20,411.0,426.5,42,332.5,406.0,416.0,406.0,20.0,8220.0,32
2023-05-11 09:29:17,PK311P10000,PK311P10000,416.0,0.0,0.0,0.0,10,411.0,426.5,42,332.5,406.0,416.0,406.0,20.0,8220.0,32
2023-05-11 09:29:18,PK311P10000,PK311P10000,416.0,0.0,0.0,0.0,20,410.5,426.5,42,332.5,406.0,416.0,406.0,20.0,8220.0,32
2023-05-11 09:29:19,PK311P10000,PK311P10000,416.0,0.0,0.0,0.0,20,410.5,426.5,32,332.5,406.0,416.0,406.0,20.0,8220.0,32
2023-05-11 09:29:19,PK311P10000,PK311P10000,416.0,0.0,0.0,0.0,20,410.5,426.5,42,332.5,406.0,416.0,406.0,20.0,8220.0,32
2023-05-11 09:29:34,PK311P10000,PK311P10000,416.0,0.0,0.0,0.0,30,407.5,426.5,42,332.5,406.0,416.0,406.0,20.0,8220.0,32
2023-05-11 09:29:40,PK311P10000,PK311P10000,416.0,0.0,0.0,0.0,10,408.0,426.5,42,332.5,406.0,416.0,406.0,20.0,8220.0,32
2023-05-11 09:29:59,PK311P10000,PK311P10000,416.0,0.0,0.0,0.0,20,409.5,423.5,30,332.5,406.0,416.0,406.0,20.0,8220.0,32
2023-05-11 09:30:00,PK311P10000,PK311P10000,416.0,0.0,0.0,0.0,20,409.5,423.0,6,332.5,406.0,416.0,406.0,20.0,8220.0,32
2023-05-11 09:30:00,PK311P10000,PK311P10000,416.0,0.0,0.0,0.0,20,409.5,423.0,22,332.5,406.0,416.0,406.0,20.0,8220.0,32
2023-05-11 09:30:05,PK311P10000,PK311P10000,416.0,0.0,0.0,0.0,20,409.5,423.0,12,332.5,406.0,416.0,406.0,20.0,8220.0,32
2023-05-11 09:31:04,PK311P10000,PK311P10000,416.0,0.0,0.0,0.0,20,409.5,423.5,30,332.5,406.0,416.0,406.0,20.0,8220.0,32
2023-05-11 09:31:19,PK311P10000,PK311P10000,416.0,0.0,0.0,0.0,10,409.5,423.5,20,332.5,406.0,416.0,406.0,20.0,8220.0,32
2023-05-11 09:31:22,PK311P10000,PK311P10000,416.0,0.0,0.0,0.0,20,409.5,423.5,20,332.5,406.0,416.0,406.0,20.0,8220.0,32
2023-05-11 09:31:23,PK311P10000,PK311P10000,416.0,0.0,0.0,0.0,10,409.5,423.5,10,332.5,406.0,416.0,406.0,20.0,8220.0,32
2023-05-11 09:31:23,PK311P10000,PK311P10000,416.0,0.0,0.0,0.0,10,409.5,425.0,20,332.5,406.0,416.0,406.0,20.0,8220.0,32
2023-05-11 09:31:23,PK311P10000,PK311P10000,416.0,0.0,0.0,0.0,10,409.5,425.0,10,332.5,406.0,416.0,406.0,20.0,8220.0,32
2023-05-11 09:31:24,PK311P10000,PK311P10000,416.0,0.0,0.0,0.0,10,409.0,426.5,20,332.5,406.0,416.0,406.0,20.0,8220.0,32
2023-05-11 09:31:24,PK311P10000,PK311P10000,416.0,0.0,0.0,0.0,20,407.5,426.5,10,332.5,406.0,416.0,406.0,20.0,8220.0,32
2023-05-11 09:31:28,PK311P10000,PK311P10000,416.0,0.0,0.0,0.0,20,407.5,426.5,20,332.5,406.0,416.0,406.0,20.0,8220.0,32
2023-05-11 09:31:29,PK311P10000,PK311P10000,416.0,0.0,0.0,0.0,10,407.5,426.5,20,332.5,406.0,416.0,406.0,20.0,8220.0,32
2023-05-11 09:31:31,PK311P10000,PK311P10000,416.0,0.0,0.0,0.0,10,407.0,424.0,10,332.5,406.0,416.0,406.0,20.0,8220.0,32
2023-05-11 09:31:32,PK311P10000,PK311P10000,416.0,0.0,0.0,0.0,10,407.0,424.0,20,332.5,406.0,416.0,406.0,20.0,8220.0,32
2023-05-11 09:31:36,PK311P10000,PK311P10000,416.0,0.0,0.0,0.0,10,405.5,424.0,20,332.5,406.0,416.0,406.0,20.0,8220.0,32
2023-05-11 09:31:39,PK311P10000,PK311P10000,416.0,0.0,0.0,0.0,10,408.5,418.0,10,332.5,406.0,416.0,406.0,20.0,8220.0,32
2023-05-11 09:31:41,PK311P10000,PK311P10000,416.0,0.0,0.0,0.0,20,404.0,420.5,10,332.5,406.0,416.0,406.0,20.0,8220.0,32
2023-05-11 09:31:41,PK311P10000,PK311P10000,416.0,0.0,0.0,0.0,10,404.0,423.0,20,332.5,406.0,416.0,406.0,20.0,8220.0,32
2023-05-11 09:31:42,PK311P10000,PK311P10000,416.0,0.0,0.0,0.0,10,402.5,420.5,10,332.5,406.0,416.0,406.0,20.0,8220.0,32
2023-05-11 09:31:42,PK311P10000,PK311P10000,416.0,0.0,0.0,0.0,20,401.0,420.5,20,332.5,406.0,416.0,406.0,20.0,8220.0,32
2023-05-11 09:32:01,PK311P10000,PK311P10000,416.0,0.0,0.0,0.0,20,401.0,420.5,30,332.5,406.0,416.0,406.0,20.0,8220.0,32
2023-05-11 09:32:02,PK311P10000,PK311P10000,416.0,0.0,0.0,0.0,20,401.0,420.0,10,332.5,406.0,416.0,406.0,20.0,8220.0,32
2023-05-11 09:32:13,PK311P10000,PK311P10000,416.0,0.0,0.0,0.0,30,401.0,420.0,20,332.5,406.0,416.0,406.0,20.0,8220.0,32
2023-05-11 09:32:13,PK311P10000,PK311P10000,416.0,0.0,0.0,0.0,30,401.0,419.5,10,332.5,406.0,416.0,406.0,20.0,8220.0,32
2023-05-11 09:32:17,PK311P10000,PK311P10000,416.0,0.0,0.0,0.0,30,401.0,410.5,10,332.5,406.0,416.0,406.0,20.0,8220.0,32
2023-05-11 09:32:20,PK311P10000,PK311P10000,416.0,0.0,0.0,0.0,20,401.0,410.5,10,332.5,406.0,416.0,406.0,20.0,8220.0,32
2023-05-11 09:32:25,PK311P10000,PK311P10000,416.0,0.0,0.0,0.0,30,401.0,410.5,10,332.5,406.0,416.0,406.0,20.0,8220.0,32
2023-05-11 09:32:52,PK311P10000,PK311P10000,416.0,0.0,0.0,0.0,20,401.0,416.0,20,332.5,406.0,416.0,406.0,20.0,8220.0,32
2023-05-11 09:32:59,PK311P10000,PK311P10000,416.0,0.0,0.0,0.0,10,401.5,415.5,10,332.5,406.0,416.0,406.0,20.0,8220.0,32
2023-05-11 09:33:01,PK311P10000,PK311P10000,416.0,0.0,0.0,0.0,20,401.0,415.0,10,332.5,406.0,416.0,406.0,20.0,8220.0,32
2023-05-11 09:33:01,PK311P10000,PK311P10000,416.0,0.0,0.0,0.0,20,401.0,414.5,10,332.5,406.0,416.0,406.0,20.0,8220.0,32
2023-05-11 09:33:03,PK311P10000,PK311P10000,416.0,0.0,0.0,0.0,10,401.0,414.5,10,332.5,406.0,416.0,406.0,20.0,8220.0,32
2023-05-11 09:33:03,PK311P10000,PK311P10000,416.0,0.0,0.0,0.0,10,399.5,414.5,20,332.5,406.0,416.0,406.0,20.0,8220.0,32
2023-05-11 09:33:04,PK311P10000,PK311P10000,416.0,0.0,0.0,0.0,10,398.0,414.5,20,332.5,406.0,416.0,406.0,20.0,8220.0,32
2023-05-11 09:33:04,PK311P10000,PK311P10000,416.0,0.0,0.0,0.0,20,397.5,414.5,30,332.5,406.0,416.0,406.0,20.0,8220.0,32
2023-05-11 09:33:06,PK311P10000,PK311P10000,416.0,0.0,0.0,0.0,10,398.0,414.0,10,332.5,406.0,416.0,406.0,20.0,8220.0,32
2023-05-11 09:33:06,PK311P10000,PK311P10000,416.0,0.0,0.0,0.0,20,397.5,413.5,10,332.5,406.0,416.0,406.0,20.0,8220.0,32
2023-05-11 09:33:07,PK311P10000,PK311P10000,416.0,0.0,0.0,0.0,30,397.5,413.5,10,332.5,406.0,416.0,406.0,20.0,8220.0,32
2023-05-11 09:33:08,PK311P10000,PK311P10000,416.0,0.0,0.0,0.0,20,396.0,413.0,20,332.5,406.0,416.0,406.0,20.0,8220.0,32
2023-05-11 09:33:08,PK311P10000,PK311P10000,416.0,0.0,0.0,0.0,10,396.0,412.5,20,332.5,406.0,416.0,406.0,20.0,8220.0,32
2023-05-11 09:33:09,PK311P10000,PK311P10000,416.0,0.0,0.0,0.0,10,396.0,412.0,10,332.5,406.0,416.0,406.0,20.0,8220.0,32
2023-05-11 09:33:09,PK311P10000,PK311P10000,416.0,0.0,0.0,0.0,20,394.5,411.5,10,332.5,406.0,416.0,406.0,20.0,8220.0,32
2023-05-11 09:33:10,PK311P10000,PK311P10000,416.0,0.0,0.0,0.0,10,395.0,411.0,10,332.5,406.0,416.0,406.0,20.0,8220.0,32
2023-05-11 09:33:10,PK311P10000,PK311P10000,416.0,0.0,0.0,0.0,30,394.5,410.5,10,332.5,406.0,416.0,406.0,20.0,8220.0,32
2023-05-11 09:33:11,PK311P10000,PK311P10000,416.0,0.0,0.0,0.0,30,394.5,410.0,10,332.5,406.0,416.0,406.0,20.0,8220.0,32
2023-05-11 09:33:12,PK311P10000,PK311P10000,416.0,0.0,0.0,0.0,30,394.5,409.5,30,332.5,406.0,416.0,406.0,20.0,8220.0,32
2023-05-11 09:33:13,PK311P10000,PK311P10000,416.0,0.0,0.0,0.0,20,394.5,409.5,30,332.5,406.0,416.0,406.0,20.0,8220.0,32
2023-05-11 09:33:13,PK311P10000,PK311P10000,416.0,0.0,0.0,0.0,30,394.5,409.5,30,332.5,406.0,416.0,406.0,20.0,8220.0,32
2023-05-11 09:33:14,PK311P10000,PK311P10000,416.0,0.0,0.0,0.0,20,394.5,409.5,30,332.5,406.0,416.0,406.0,20.0,8220.0,32
2023-05-11 09:33:15,PK311P10000,PK311P10000,416.0,0.0,0.0,0.0,20,394.0,409.5,30,332.5,406.0,416.0,406.0,20.0,8220.0,32
2023-05-11 09:33:15,PK311P10000,PK311P10000,416.0,0.0,0.0,0.0,30,394.0,409.5,30,332.5,406.0,416.0,406.0,20.0,8220.0,32
2023-05-11 09:33:16,PK311P10000,PK311P10000,416.0,0.0,0.0,0.0,20,394.0,409.5,30,332.5,406.0,416.0,406.0,20.0,8220.0,32
2023-05-11 09:33:17,PK311P10000,PK311P10000,416.0,0.0,0.0,0.0,10,393.5,409.5,30,332.5,406.0,416.0,406.0,20.0,8220.0,32
2023-05-11 09:33:19,PK311P10000,PK311P10000,416.0,0.0,0.0,0.0,30,392.5,409.5,30,332.5,406.0,416.0,406.0,20.0,8220.0,32
2023-05-11 09:33:19,PK311P10000,PK311P10000,416.0,0.0,0.0,0.0,30,392.5,409.0,10,332.5,406.0,416.0,406.0,20.0,8220.0,32
2023-05-11 09:33:19,PK311P10000,PK311P10000,416.0,0.0,0.0,0.0,30,392.5,408.5,10,332.5,406.0,416.0,406.0,20.0,8220.0,32
2023-05-11 09:33:20,PK311P10000,PK311P10000,416.0,0.0,0.0,0.0,20,392.5,408.0,10,332.5,406.0,416.0,406.0,20.0,8220.0,32
2023-05-11 09:33:20,PK311P10000,PK311P10000,416.0,0.0,0.0,0.0,10,392.0,407.5,10,332.5,406.0,416.0,406.0,20.0,8220.0,32
2023-05-11 09:33:21,PK311P10000,PK311P10000,416.0,0.0,0.0,0.0,10,391.5,407.5,10,332.5,406.0,416.0,406.0,20.0,8220.0,32
2023-05-11 09:33:21,PK311P10000,PK311P10000,416.0,0.0,0.0,0.0,20,391.5,407.5,20,332.5,406.0,416.0,406.0,20.0,8220.0,32
2023-05-11 09:33:23,PK311P10000,PK311P10000,416.0,0.0,0.0,0.0,20,391.5,407.0,10,332.5,406.0,416.0,406.0,20.0,8220.0,32
2023-05-11 09:33:23,PK311P10000,PK311P10000,416.0,0.0,0.0,0.0,20,391.5,406.5,10,332.5,406.0,416.0,406.0,20.0,8220.0,32
2023-05-11 09:33:24,PK311P10000,PK311P10000,416.0,0.0,0.0,0.0,10,391.5,406.5,10,332.5,406.0,416.0,406.0,20.0,8220.0,32
2023-05-11 09:33:24,PK311P10000,PK311P10000,416.0,0.0,0.0,0.0,30,390.5,406.5,20,332.5,406.0,416.0,406.0,20.0,8220.0,32
2023-05-11 09:33:28,PK311P10000,PK311P10000,416.0,0.0,0.0,0.0,20,390.5,406.5,20,332.5,406.0,416.0,406.0,20.0,8220.0,32
2023-05-11 09:33:30,PK311P10000,PK311P10000,416.0,0.0,0.0,0.0,10,390.5,406.5,20,332.5,406.0,416.0,406.0,20.0,8220.0,32
2023-05-11 09:33:31,PK311P10000,PK311P10000,416.0,0.0,0.0,0.0,10,390.0,406.0,10,332.5,406.0,416.0,406.0,20.0,8220.0,32
2023-05-11 09:33:31,PK311P10000,PK311P10000,416.0,0.0,0.0,0.0,20,389.5,405.5,10,332.5,406.0,416.0,406.0,20.0,8220.0,32
2023-05-11 09:33:34,PK311P10000,PK311P10000,416.0,0.0,0.0,0.0,10,389.5,405.5,10,332.5,406.0,416.0,406.0,20.0,8220.0,32
2023-05-11 09:33:34,PK311P10000,PK311P10000,416.0,0.0,0.0,0.0,30,388.0,405.5,20,332.5,406.0,416.0,406.0,20.0,8220.0,32
2023-05-11 09:33:44,PK311P10000,PK311P10000,416.0,0.0,0.0,0.0,30,388.0,405.0,10,332.5,406.0,416.0,406.0,20.0,8220.0,32
2023-05-11 09:33:44,PK311P10000,PK311P10000,416.0,0.0,0.0,0.0,30,388.0,404.5,10,332.5,406.0,416.0,406.0,20.0,8220.0,32
2023-05-11 09:33:48,PK311P10000,PK311P10000,416.0,0.0,0.0,0.0,20,388.0,404.5,20,332.5,406.0,416.0,406.0,20.0,8220.0,32
2023-05-11 09:33:49,PK311P10000,PK311P10000,416.0,0.0,0.0,0.0,10,388.0,404.0,10,332.5,406.0,416.0,406.0,20.0,8220.0,32
2023-05-11 09:33:49,PK311P10000,PK311P10000,416.0,0.0,0.0,0.0,30,387.5,403.5,10,332.5,406.0,416.0,406.0,20.0,8220.0,32
2023-05-11 09:33:52,PK311P10000,PK311P10000,416.0,0.0,0.0,0.0,20,387.5,403.5,10,332.5,406.0,416.0,406.0,20.0,8220.0,32
2023-05-11 09:33:54,PK311P10000,PK311P10000,416.0,0.0,0.0,0.0,10,387.5,403.5,10,332.5,406.0,416.0,406.0,20.0,8220.0,32
2023-05-11 09:33:55,PK311P10000,PK311P10000,416.0,0.0,0.0,0.0,20,387.0,403.5,20,332.5,406.0,416.0,406.0,20.0,8220.0,32
2023-05-11 09:33:55,PK311P10000,PK311P10000,416.0,0.0,0.0,0.0,20,387.0,403.0,10,332.5,406.0,416.0,406.0,20.0,8220.0,32
2023-05-11 09:33:56,PK311P10000,PK311P10000,416.0,0.0,0.0,0.0,20,387.0,402.5,10,332.5,406.0,416.0,406.0,20.0,8220.0,32
2023-05-11 09:33:57,PK311P10000,PK311P10000,416.0,0.0,0.0,0.0,10,387.0,402.5,10,332.5,406.0,416.0,406.0,20.0,8220.0,32
2023-05-11 09:33:58,PK311P10000,PK311P10000,416.0,0.0,0.0,0.0,20,386.5,402.5,20,332.5,406.0,416.0,406.0,20.0,8220.0,32
2023-05-11 09:34:00,PK311P10000,PK311P10000,416.0,0.0,0.0,0.0,20,386.0,402.0,10,332.5,406.0,416.0,406.0,20.0,8220.0,32
2023-05-11 09:34:01,PK311P10000,PK311P10000,416.0,0.0,0.0,0.0,10,385.5,400.5,10,332.5,406.0,416.0,406.0,20.0,8220.0,32
2023-05-11 09:34:01,PK311P10000,PK311P10000,416.0,0.0,0.0,0.0,10,382.5,399.5,10,332.5,406.0,416.0,406.0,20.0,8220.0,32
2023-05-11 09:34:02,PK311P10000,PK311P10000,416.0,0.0,0.0,0.0,30,380.5,399.0,20,332.5,406.0,416.0,406.0,20.0,8220.0,32
2023-05-11 09:34:03,PK311P10000,PK311P10000,416.0,0.0,0.0,0.0,30,380.5,398.0,10,332.5,406.0,416.0,406.0,20.0,8220.0,32
2023-05-11 09:34:03,PK311P10000,PK311P10000,416.0,0.0,0.0,0.0,10,381.0,398.5,10,332.5,406.0,416.0,406.0,20.0,8220.0,32
2023-05-11 09:34:04,PK311P10000,PK311P10000,416.0,0.0,0.0,0.0,10,383.5,395.5,10,332.5,406.0,416.0,406.0,20.0,8220.0,32
2023-05-11 09:34:04,PK311P10000,PK311P10000,416.0,0.0,0.0,0.0,10,383.5,395.5,20,332.5,406.0,416.0,406.0,20.0,8220.0,32
2023-05-11 09:34:06,PK311P10000,PK311P10000,416.0,0.0,0.0,0.0,20,383.5,395.5,30,332.5,406.0,416.0,406.0,20.0,8220.0,32
2023-05-11 09:34:07,PK311P10000,PK311P10000,416.0,0.0,0.0,0.0,30,383.5,395.5,30,332.5,406.0,416.0,406.0,20.0,8220.0,32
2023-05-11 09:34:08,PK311P10000,PK311P10000,416.0,0.0,0.0,0.0,20,383.5,395.5,30,332.5,406.0,416.0,406.0,20.0,8220.0,32
2023-05-11 09:34:08,PK311P10000,PK311P10000,416.0,0.0,0.0,0.0,20,383.0,395.5,20,332.5,406.0,416.0,406.0,20.0,8220.0,32
2023-05-11 09:34:09,PK311P10000,PK311P10000,416.0,0.0,0.0,0.0,10,381.5,395.5,10,332.5,406.0,416.0,406.0,20.0,8220.0,32
2023-05-11 09:34:09,PK311P10000,PK311P10000,416.0,0.0,0.0,0.0,10,380.5,395.5,10,332.5,406.0,416.0,406.0,20.0,8220.0,32
2023-05-11 09:34:10,PK311P10000,PK311P10000,416.0,0.0,0.0,0.0,20,380.5,395.5,10,332.5,406.0,416.0,406.0,20.0,8220.0,32
2023-05-11 09:34:11,PK311P10000,PK311P10000,416.0,0.0,0.0,0.0,10,380.5,395.5,10,332.5,406.0,416.0,406.0,20.0,8220.0,32
2023-05-11 09:34:11,PK311P10000,PK311P10000,416.0,0.0,0.0,0.0,10,380.5,395.5,20,332.5,406.0,416.0,406.0,20.0,8220.0,32
2023-05-11 09:34:12,PK311P10000,PK311P10000,416.0,0.0,0.0,0.0,10,380.0,395.0,10,332.5,406.0,416.0,406.0,20.0,8220.0,32
2023-05-11 09:34:13,PK311P10000,PK311P10000,416.0,0.0,0.0,0.0,20,378.0,394.5,10,332.5,406.0,416.0,406.0,20.0,8220.0,32
2023-05-11 09:34:13,PK311P10000,PK311P10000,416.0,0.0,0.0,0.0,30,378.0,394.5,10,332.5,406.0,416.0,406.0,20.0,8220.0,32
2023-05-11 09:34:16,PK311P10000,PK311P10000,416.0,0.0,0.0,0.0,30,378.0,394.0,10,332.5,406.0,416.0,406.0,20.0,8220.0,32
2023-05-11 09:34:16,PK311P10000,PK311P10000,416.0,0.0,0.0,0.0,30,378.0,393.5,10,332.5,406.0,416.0,406.0,20.0,8220.0,32
2023-05-11 09:34:22,PK311P10000,PK311P10000,416.0,0.0,0.0,0.0,30,378.0,393.0,10,332.5,406.0,416.0,406.0,20.0,8220.0,32
2023-05-11 09:34:22,PK311P10000,PK311P10000,416.0,0.0,0.0,0.0,30,378.0,392.5,20,332.5,406.0,416.0,406.0,20.0,8220.0,32
2023-05-11 09:34:23,PK311P10000,PK311P10000,416.0,0.0,0.0,0.0,20,378.0,392.5,20,332.5,406.0,416.0,406.0,20.0,8220.0,32
2023-05-11 09:34:24,PK311P10000,PK311P10000,416.0,0.0,0.0,0.0,10,378.0,392.5,20,332.5,406.0,416.0,406.0,20.0,8220.0,32
2023-05-11 09:34:25,PK311P10000,PK311P10000,416.0,0.0,0.0,0.0,20,377.5,392.5,20,332.5,406.0,416.0,406.0,20.0,8220.0,32
2023-05-11 09:34:34,PK311P10000,PK311P10000,416.0,0.0,0.0,0.0,20,377.5,392.0,10,332.5,406.0,416.0,406.0,20.0,8220.0,32
2023-05-11 09:34:35,PK311P10000,PK311P10000,416.0,0.0,0.0,0.0,20,377.5,391.5,10,332.5,406.0,416.0,406.0,20.0,8220.0,32
2023-05-11 09:34:39,PK311P10000,PK311P10000,416.0,0.0,0.0,0.0,10,377.5,391.5,10,332.5,406.0,416.0,406.0,20.0,8220.0,32
2023-05-11 09:34:39,PK311P10000,PK311P10000,416.0,0.0,0.0,0.0,30,376.0,391.5,20,332.5,406.0,416.0,406.0,20.0,8220.0,32
2023-05-11 09:34:46,PK311P10000,PK311P10000,416.0,0.0,0.0,0.0,20,376.0,391.5,20,332.5,406.0,416.0,406.0,20.0,8220.0,32
2023-05-11 09:35:02,PK311P10000,PK311P10000,416.0,0.0,0.0,0.0,20,376.0,392.0,20,332.5,406.0,416.0,406.0,20.0,8220.0,32
2023-05-11 09:35:17,PK311P10000,PK311P10000,416.0,0.0,0.0,0.0,10,376.5,392.0,20,332.5,406.0,416.0,406.0,20.0,8220.0,32
2023-05-11 09:35:17,PK311P10000,PK311P10000,416.0,0.0,0.0,0.0,10,377.0,392.0,20,332.5,406.0,416.0,406.0,20.0,8220.0,32
2023-05-11 09:35:18,PK311P10000,PK311P10000,416.0,0.0,0.0,0.0,20,377.0,392.0,20,332.5,406.0,416.0,406.0,20.0,8220.0,32
2023-05-11 09:35:26,PK311P10000,PK311P10000,416.0,0.0,0.0,0.0,20,377.5,392.0,20,332.5,406.0,416.0,406.0,20.0,8220.0,32
2023-05-11 09:35:26,PK311P10000,PK311P10000,416.0,0.0,0.0,0.0,30,377.5,392.0,20,332.5,406.0,416.0,406.0,20.0,8220.0,32
2023-05-11 09:35:48,PK311P10000,PK311P10000,416.0,0.0,0.0,0.0,40,377.5,393.5,20,332.5,406.0,416.0,406.0,20.0,8220.0,32
2023-05-11 09:35:49,PK311P10000,PK311P10000,416.0,0.0,0.0,0.0,40,377.5,394.0,20,332.5,406.0,416.0,406.0,20.0,8220.0,32
2023-05-11 09:36:23,PK311P10000,PK311P10000,416.0,0.0,0.0,0.0,30,377.5,394.0,20,332.5,406.0,416.0,406.0,20.0,8220.0,32
2023-05-11 09:36:24,PK311P10000,PK311P10000,416.0,0.0,0.0,0.0,40,377.5,394.0,20,332.5,406.0,416.0,406.0,20.0,8220.0,32
2023-05-11 09:36:24,PK311P10000,PK311P10000,416.0,0.0,0.0,0.0,20,378.0,394.0,20,332.5,406.0,416.0,406.0,20.0,8220.0,32
2023-05-11 09:36:25,PK311P10000,PK311P10000,416.0,0.0,0.0,0.0,30,378.5,394.0,10,332.5,406.0,416.0,406.0,20.0,8220.0,32
2023-05-11 09:36:26,PK311P10000,PK311P10000,416.0,0.0,0.0,0.0,20,380.0,395.5,10,332.5,406.0,416.0,406.0,20.0,8220.0,32
2023-05-11 09:36:26,PK311P10000,PK311P10000,416.0,0.0,0.0,0.0,30,380.0,396.0,10,332.5,406.0,416.0,406.0,20.0,8220.0,32
2023-05-11 09:36:26,PK311P10000,PK311P10000,416.0,0.0,0.0,0.0,40,380.0,397.5,30,332.5,406.0,416.0,406.0,20.0,8220.0,32
2023-05-11 09:36:27,PK311P10000,PK311P10000,416.0,0.0,0.0,0.0,40,380.0,397.5,20,332.5,406.0,416.0,406.0,20.0,8220.0,32
2023-05-11 09:36:28,PK311P10000,PK311P10000,416.0,0.0,0.0,0.0,10,380.5,397.5,20,332.5,406.0,416.0,406.0,20.0,8220.0,32
2023-05-11 09:36:28,PK311P10000,PK311P10000,416.0,0.0,0.0,0.0,20,380.5,397.5,20,332.5,406.0,416.0,406.0,20.0,8220.0,32
2023-05-11 09:36:32,PK311P10000,PK311P10000,416.0,0.0,0.0,0.0,20,383.5,397.5,10,332.5,406.0,416.0,406.0,20.0,8220.0,32
2023-05-11 09:36:32,PK311P10000,PK311P10000,416.0,0.0,0.0,0.0,10,383.5,399.0,10,332.5,406.0,416.0,406.0,20.0,8220.0,32
2023-05-11 09:36:33,PK311P10000,PK311P10000,416.0,0.0,0.0,0.0,10,382.5,398.5,10,332.5,406.0,416.0,406.0,20.0,8220.0,32
2023-05-11 09:36:35,PK311P10000,PK311P10000,416.0,0.0,0.0,0.0,20,382.5,398.5,20,332.5,406.0,416.0,406.0,20.0,8220.0,32
2023-05-11 09:36:36,PK311P10000,PK311P10000,416.0,0.0,0.0,0.0,30,382.5,398.5,20,332.5,406.0,416.0,406.0,20.0,8220.0,32
2023-05-11 09:36:39,PK311P10000,PK311P10000,416.0,0.0,0.0,0.0,30,382.5,400.0,30,332.5,406.0,416.0,406.0,20.0,8220.0,32
2023-05-11 09:36:40,PK311P10000,PK311P10000,416.0,0.0,0.0,0.0,30,382.5,399.5,10,332.5,406.0,416.0,406.0,20.0,8220.0,32
2023-05-11 09:36:41,PK311P10000,PK311P10000,416.0,0.0,0.0,0.0,30,382.5,400.0,20,332.5,406.0,416.0,406.0,20.0,8220.0,32
2023-05-11 09:36:42,PK311P10000,PK311P10000,416.0,0.0,0.0,0.0,20,383.0,400.0,30,332.5,406.0,416.0,406.0,20.0,8220.0,32
2023-05-11 09:36:42,PK311P10000,PK311P10000,416.0,0.0,0.0,0.0,20,383.0,400.0,20,332.5,406.0,416.0,406.0,20.0,8220.0,32
2023-05-11 09:36:43,PK311P10000,PK311P10000,416.0,0.0,0.0,0.0,10,383.0,399.5,10,332.5,406.0,416.0,406.0,20.0,8220.0,32
2023-05-11 09:36:44,PK311P10000,PK311P10000,416.0,0.0,0.0,0.0,10,383.0,400.0,20,332.5,406.0,416.0,406.0,20.0,8220.0,32
2023-05-11 09:36:45,PK311P10000,PK311P10000,416.0,0.0,0.0,0.0,20,383.0,400.0,30,332.5,406.0,416.0,406.0,20.0,8220.0,32
2023-05-11 09:36:47,PK311P10000,PK311P10000,416.0,0.0,0.0,0.0,20,383.0,400.0,20,332.5,406.0,416.0,406.0,20.0,8220.0,32
2023-05-11 09:36:47,PK311P10000,PK311P10000,416.0,0.0,0.0,0.0,20,383.0,400.0,30,332.5,406.0,416.0,406.0,20.0,8220.0,32
2023-05-11 09:36:48,PK311P10000,PK311P10000,416.0,0.0,0.0,0.0,20,383.0,400.0,20,332.5,406.0,416.0,406.0,20.0,8220.0,32
2023-05-11 09:36:54,PK311P10000,PK311P10000,416.0,0.0,0.0,0.0,10,383.0,399.5,10,332.5,406.0,416.0,406.0,20.0,8220.0,32
2023-05-11 09:37:05,PK311P10000,PK311P10000,416.0,0.0,0.0,0.0,10,382.5,399.0,10,332.5,406.0,416.0,406.0,20.0,8220.0,32
2023-05-11 09:37:05,PK311P10000,PK311P10000,416.0,0.0,0.0,0.0,10,380.5,398.5,20,332.5,406.0,416.0,406.0,20.0,8220.0,32
2023-05-11 09:37:06,PK311P10000,PK311P10000,416.0,0.0,0.0,0.0,10,379.0,396.5,10,332.5,406.0,416.0,406.0,20.0,8220.0,32
2023-05-11 09:37:07,PK311P10000,PK311P10000,416.0,0.0,0.0,0.0,10,378.5,396.0,10,332.5,406.0,416.0,406.0,20.0,8220.0,32
2023-05-11 09:37:09,PK311P10000,PK311P10000,416.0,0.0,0.0,0.0,10,378.0,396.0,20,332.5,406.0,416.0,406.0,20.0,8220.0,32
2023-05-11 09:37:09,PK311P10000,PK311P10000,416.0,0.0,0.0,0.0,20,378.5,395.5,10,332.5,406.0,416.0,406.0,20.0,8220.0,32
2023-05-11 09:37:10,PK311P10000,PK311P10000,416.0,0.0,0.0,0.0,20,378.5,395.0,10,332.5,406.0,416.0,406.0,20.0,8220.0,32
2023-05-11 09:37:14,PK311P10000,PK311P10000,416.0,0.0,0.0,0.0,30,378.5,395.0,10,332.5,406.0,416.0,406.0,20.0,8220.0,32
2023-05-11 09:37:17,PK311P10000,PK311P10000,416.0,0.0,0.0,0.0,20,378.5,395.0,10,332.5,406.0,416.0,406.0,20.0,8220.0,32
2023-05-11 09:37:17,PK311P10000,PK311P10000,416.0,0.0,0.0,0.0,30,378.5,396.0,20,332.5,406.0,416.0,406.0,20.0,8220.0,32
2023-05-11 09:37:18,PK311P10000,PK311P10000,416.0,0.0,0.0,0.0,20,378.5,396.0,20,332.5,406.0,416.0,406.0,20.0,8220.0,32
2023-05-11 09:37:19,PK311P10000,PK311P10000,416.0,0.0,0.0,0.0,30,378.5,396.0,10,332.5,406.0,416.0,406.0,20.0,8220.0,32
2023-05-11 09:37:21,PK311P10000,PK311P10000,416.0,0.0,0.0,0.0,20,378.5,395.5,10,332.5,406.0,416.0,406.0,20.0,8220.0,32
2023-05-11 09:37:58,PK311P10000,PK311P10000,416.0,0.0,0.0,0.0,20,378.5,396.0,10,332.5,406.0,416.0,406.0,20.0,8220.0,32
2023-05-11 09:38:10,PK311P10000,PK311P10000,416.0,0.0,0.0,0.0,30,378.5,396.0,10,332.5,406.0,416.0,406.0,20.0,8220.0,32
2023-05-11 09:38:11,PK311P10000,PK311P10000,416.0,0.0,0.0,0.0,20,378.5,396.0,10,332.5,406.0,416.0,406.0,20.0,8220.0,32
2023-05-11 09:38:42,PK311P10000,PK311P10000,416.0,0.0,0.0,0.0,10,379.0,396.0,10,332.5,406.0,416.0,406.0,20.0,8220.0,32
2023-05-11 09:38:43,PK311P10000,PK311P10000,416.0,0.0,0.0,0.0,20,379.0,396.0,10,332.5,406.0,416.0,406.0,20.0,8220.0,32
2023-05-11 09:38:46,PK311P10000,PK311P10000,416.0,0.0,0.0,0.0,10,379.5,396.0,10,332.5,406.0,416.0,406.0,20.0,8220.0,32
2023-05-11 09:38:46,PK311P10000,PK311P10000,416.0,0.0,0.0,0.0,10,380.0,396.0,10,332.5,406.0,416.0,406.0,20.0,8220.0,32
2023-05-11 09:38:47,PK311P10000,PK311P10000,416.0,0.0,0.0,0.0,20,380.0,396.0,10,332.5,406.0,416.0,406.0,20.0,8220.0,32
2023-05-11 09:38:48,PK311P10000,PK311P10000,416.0,0.0,0.0,0.0,40,380.0,397.5,10,332.5,406.0,416.0,406.0,20.0,8220.0,32
2023-05-11 09:38:48,PK311P10000,PK311P10000,416.0,0.0,0.0,0.0,40,380.0,399.0,30,332.5,406.0,416.0,406.0,20.0,8220.0,32
2023-05-11 09:38:49,PK311P10000,PK311P10000,416.0,0.0,0.0,0.0,10,380.5,399.0,10,332.5,406.0,416.0,406.0,20.0,8220.0,32
2023-05-11 09:38:49,PK311P10000,PK311P10000,416.0,0.0,0.0,0.0,20,380.5,399.0,10,332.5,406.0,416.0,406.0,20.0,8220.0,32
2023-05-11 09:39:03,PK311P10000,PK311P10000,416.0,0.0,0.0,0.0,10,381.0,399.0,10,332.5,406.0,416.0,406.0,20.0,8220.0,32
2023-05-11 09:39:31,PK311P10000,PK311P10000,416.0,0.0,0.0,0.0,10,381.0,398.5,10,332.5,406.0,416.0,406.0,20.0,8220.0,32
2023-05-11 09:40:04,PK311P10000,PK311P10000,416.0,0.0,0.0,0.0,10,381.0,399.0,20,332.5,406.0,416.0,406.0,20.0,8220.0,32
2023-05-11 09:40:04,PK311P10000,PK311P10000,416.0,0.0,0.0,0.0,20,381.5,399.0,10,332.5,406.0,416.0,406.0,20.0,8220.0,32
2023-05-11 09:40:05,PK311P10000,PK311P10000,416.0,0.0,0.0,0.0,10,382.0,399.0,10,332.5,406.0,416.0,406.0,20.0,8220.0,32
2023-05-11 09:40:05,PK311P10000,PK311P10000,416.0,0.0,0.0,0.0,10,382.5,399.0,10,332.5,406.0,416.0,406.0,20.0,8220.0,32
2023-05-11 09:40:05,PK311P10000,PK311P10000,416.0,0.0,0.0,0.0,10,383.0,400.0,20,332.5,406.0,416.0,406.0,20.0,8220.0,32
2023-05-11 09:40:06,PK311P10000,PK311P10000,416.0,0.0,0.0,0.0,10,383.5,400.0,20,332.5,406.0,416.0,406.0,20.0,8220.0,32
2023-05-11 09:40:06,PK311P10000,PK311P10000,416.0,0.0,0.0,0.0,20,383.5,400.0,10,332.5,406.0,416.0,406.0,20.0,8220.0,32
2023-05-11 09:40:07,PK311P10000,PK311P10000,416.0,0.0,0.0,0.0,20,383.5,401.5,10,332.5,406.0,416.0,406.0,20.0,8220.0,32
2023-05-11 09:40:08,PK311P10000,PK311P10000,416.0,0.0,0.0,0.0,10,383.5,401.0,10,332.5,406.0,416.0,406.0,20.0,8220.0,32
2023-05-11 09:40:08,PK311P10000,PK311P10000,416.0,0.0,0.0,0.0,10,383.5,400.0,10,332.5,406.0,416.0,406.0,20.0,8220.0,32
2023-05-11 09:40:13,PK311P10000,PK311P10000,416.0,0.0,0.0,0.0,10,383.5,400.0,20,332.5,406.0,416.0,406.0,20.0,8220.0,32
2023-05-11 09:40:19,PK311P10000,PK311P10000,416.0,0.0,0.0,0.0,20,383.5,400.0,20,332.5,406.0,416.0,406.0,20.0,8220.0,32
2023-05-11 09:40:22,PK311P10000,PK311P10000,416.0,0.0,0.0,0.0,20,383.5,400.0,10,332.5,406.0,416.0,406.0,20.0,8220.0,32
2023-05-11 09:40:28,PK311P10000,PK311P10000,416.0,0.0,0.0,0.0,10,384.5,401.0,10,332.5,406.0,416.0,406.0,20.0,8220.0,32
2023-05-11 09:40:28,PK311P10000,PK311P10000,416.0,0.0,0.0,0.0,10,384.5,402.5,20,332.5,406.0,416.0,406.0,20.0,8220.0,32
2023-05-11 09:40:29,PK311P10000,PK311P10000,416.0,0.0,0.0,0.0,10,385.0,402.5,20,332.5,406.0,416.0,406.0,20.0,8220.0,32
2023-05-11 09:40:29,PK311P10000,PK311P10000,416.0,0.0,0.0,0.0,20,385.0,402.5,20,332.5,406.0,416.0,406.0,20.0,8220.0,32
2023-05-11 09:40:29,PK311P10000,PK311P10000,416.0,0.0,0.0,0.0,10,385.0,402.5,20,332.5,406.0,416.0,406.0,20.0,8220.0,32
2023-05-11 09:40:35,PK311P10000,PK311P10000,416.0,0.0,0.0,0.0,10,385.0,402.0,10,332.5,406.0,416.0,406.0,20.0,8220.0,32
2023-05-11 09:40:37,PK311P10000,PK311P10000,416.0,0.0,0.0,0.0,10,385.0,402.5,20,332.5,406.0,416.0,406.0,20.0,8220.0,32
2023-05-11 09:40:38,PK311P10000,PK311P10000,416.0,0.0,0.0,0.0,10,385.0,402.5,30,332.5,406.0,416.0,406.0,20.0,8220.0,32
2023-05-11 09:40:48,PK311P10000,PK311P10000,416.0,0.0,0.0,0.0,10,385.0,402.5,20,332.5,406.0,416.0,406.0,20.0,8220.0,32
2023-05-11 09:40:48,PK311P10000,PK311P10000,416.0,0.0,0.0,0.0,10,384.0,402.5,20,332.5,406.0,416.0,406.0,20.0,8220.0,32
2023-05-11 09:40:49,PK311P10000,PK311P10000,416.0,0.0,0.0,0.0,10,383.5,401.5,10,332.5,406.0,416.0,406.0,20.0,8220.0,32
2023-05-11 09:40:49,PK311P10000,PK311P10000,416.0,0.0,0.0,0.0,10,383.5,401.5,20,332.5,406.0,416.0,406.0,20.0,8220.0,32
2023-05-11 09:40:51,PK311P10000,PK311P10000,416.0,0.0,0.0,0.0,20,383.5,401.5,20,332.5,406.0,416.0,406.0,20.0,8220.0,32
2023-05-11 09:40:59,PK311P10000,PK311P10000,416.0,0.0,0.0,0.0,10,383.5,401.5,20,332.5,406.0,416.0,406.0,20.0,8220.0,32
2023-05-11 09:41:00,PK311P10000,PK311P10000,416.0,0.0,0.0,0.0,20,383.5,401.5,10,332.5,406.0,416.0,406.0,20.0,8220.0,32
2023-05-11 09:41:01,PK311P10000,PK311P10000,416.0,0.0,0.0,0.0,10,384.0,401.5,10,332.5,406.0,416.0,406.0,20.0,8220.0,32
2023-05-11 09:41:02,PK311P10000,PK311P10000,416.0,0.0,0.0,0.0,30,384.0,401.5,10,332.5,406.0,416.0,406.0,20.0,8220.0,32
2023-05-11 09:41:08,PK311P10000,PK311P10000,416.0,0.0,0.0,0.0,20,384.0,401.5,10,332.5,406.0,416.0,406.0,20.0,8220.0,32
2023-05-11 09:41:10,PK311P10000,PK311P10000,416.0,0.0,0.0,0.0,20,384.5,403.0,10,332.5,406.0,416.0,406.0,20.0,8220.0,32
2023-05-11 09:41:10,PK311P10000,PK311P10000,416.0,0.0,0.0,0.0,20,385.0,403.0,20,332.5,406.0,416.0,406.0,20.0,8220.0,32
2023-05-11 09:41:10,PK311P10000,PK311P10000,416.0,0.0,0.0,0.0,10,385.5,403.0,20,332.5,406.0,416.0,406.0,20.0,8220.0,32
2023-05-11 09:41:12,PK311P10000,PK311P10000,416.0,0.0,0.0,0.0,20,386.0,403.0,20,332.5,406.0,416.0,406.0,20.0,8220.0,32
2023-05-11 09:41:13,PK311P10000,PK311P10000,416.0,0.0,0.0,0.0,20,386.5,403.0,20,332.5,406.0,416.0,406.0,20.0,8220.0,32
2023-05-11 09:41:14,PK311P10000,PK311P10000,416.0,0.0,0.0,0.0,30,386.5,403.0,10,332.5,406.0,416.0,406.0,20.0,8220.0,32
2023-05-11 09:41:15,PK311P10000,PK311P10000,416.0,0.0,0.0,0.0,30,386.5,404.5,10,332.5,406.0,416.0,406.0,20.0,8220.0,32
2023-05-11 09:41:17,PK311P10000,PK311P10000,416.0,0.0,0.0,0.0,10,387.0,404.5,10,332.5,406.0,416.0,406.0,20.0,8220.0,32
2023-05-11 09:41:18,PK311P10000,PK311P10000,416.0,0.0,0.0,0.0,10,387.5,406.0,20,332.5,406.0,416.0,406.0,20.0,8220.0,32
2023-05-11 09:41:18,PK311P10000,PK311P10000,416.0,0.0,0.0,0.0,20,387.5,406.0,20,332.5,406.0,416.0,406.0,20.0,8220.0,32
2023-05-11 09:41:24,PK311P10000,PK311P10000,416.0,0.0,0.0,0.0,10,387.5,406.0,20,332.5,406.0,416.0,406.0,20.0,8220.0,32
2023-05-11 09:41:24,PK311P10000,PK311P10000,416.0,0.0,0.0,0.0,10,387.5,405.5,10,332.5,406.0,416.0,406.0,20.0,8220.0,32
2023-05-11 09:41:35,PK311P10000,PK311P10000,416.0,0.0,0.0,0.0,10,387.5,406.0,20,332.5,406.0,416.0,406.0,20.0,8220.0,32
2023-05-11 09:41:36,PK311P10000,PK311P10000,416.0,0.0,0.0,0.0,20,387.5,406.0,20,332.5,406.0,416.0,406.0,20.0,8220.0,32
2023-05-11 09:41:37,PK311P10000,PK311P10000,416.0,0.0,0.0,0.0,10,388.0,406.0,10,332.5,406.0,416.0,406.0,20.0,8220.0,32
2023-05-11 09:41:37,PK311P10000,PK311P10000,416.0,0.0,0.0,0.0,10,388.5,406.0,10,332.5,406.0,416.0,406.0,20.0,8220.0,32
2023-05-11 09:41:39,PK311P10000,PK311P10000,416.0,0.0,0.0,0.0,20,388.5,406.0,10,332.5,406.0,416.0,406.0,20.0,8220.0,32
2023-05-11 09:41:44,PK311P10000,PK311P10000,416.0,0.0,0.0,0.0,30,388.5,406.0,20,332.5,406.0,416.0,406.0,20.0,8220.0,32
2023-05-11 09:41:45,PK311P10000,PK311P10000,416.0,0.0,0.0,0.0,20,388.5,406.0,20,332.5,406.0,416.0,406.0,20.0,8220.0,32
2023-05-11 09:41:54,PK311P10000,PK311P10000,416.0,0.0,0.0,0.0,10,388.5,406.0,20,332.5,406.0,416.0,406.0,20.0,8220.0,32
2023-05-11 09:41:54,PK311P10000,PK311P10000,416.0,0.0,0.0,0.0,30,388.0,406.0,20,332.5,406.0,416.0,406.0,20.0,8220.0,32
2023-05-11 09:41:57,PK311P10000,PK311P10000,416.0,0.0,0.0,0.0,10,390.0,406.0,20,332.5,406.0,416.0,406.0,20.0,8220.0,32
2023-05-11 09:41:57,PK311P10000,PK311P10000,416.0,0.0,0.0,0.0,20,390.5,406.0,20,332.5,406.0,416.0,406.0,20.0,8220.0,32
2023-05-11 09:41:58,PK311P10000,PK311P10000,416.0,0.0,0.0,0.0,30,390.5,406.0,20,332.5,406.0,416.0,406.0,20.0,8220.0,32
2023-05-11 09:41:58,PK311P10000,PK311P10000,416.0,0.0,0.0,0.0,30,390.5,406.0,10,332.5,406.0,416.0,406.0,20.0,8220.0,32
2023-05-11 09:41:58,PK311P10000,PK311P10000,416.0,0.0,0.0,0.0,30,390.5,407.0,10,332.5,406.0,416.0,406.0,20.0,8220.0,32
2023-05-11 09:41:59,PK311P10000,PK311P10000,416.0,0.0,0.0,0.0,10,390.5,408.0,10,332.5,406.0,416.0,406.0,20.0,8220.0,32
2023-05-11 09:42:00,PK311P10000,PK311P10000,416.0,0.0,0.0,0.0,10,390.0,408.0,20,332.5,406.0,416.0,406.0,20.0,8220.0,32
2023-05-11 09:42:02,PK311P10000,PK311P10000,416.0,0.0,0.0,0.0,20,390.0,408.0,30,332.5,406.0,416.0,406.0,20.0,8220.0,32
2023-05-11 09:42:02,PK311P10000,PK311P10000,416.0,0.0,0.0,0.0,30,390.0,408.0,30,332.5,406.0,416.0,406.0,20.0,8220.0,32
2023-05-11 09:42:16,PK311P10000,PK311P10000,416.0,0.0,0.0,0.0,10,392.0,406.0,10,332.5,406.0,416.0,406.0,20.0,8220.0,32
2023-05-11 09:42:17,PK311P10000,PK311P10000,416.0,0.0,0.0,0.0,10,392.0,405.5,10,332.5,406.0,416.0,406.0,20.0,8220.0,32
2023-05-11 09:42:18,PK311P10000,PK311P10000,416.0,0.0,0.0,0.0,10,392.0,405.5,20,332.5,406.0,416.0,406.0,20.0,8220.0,32
2023-05-11 09:42:19,PK311P10000,PK311P10000,416.0,0.0,0.0,0.0,10,392.0,405.5,10,332.5,406.0,416.0,406.0,20.0,8220.0,32
2023-05-11 09:42:32,PK311P10000,PK311P10000,416.0,0.0,0.0,0.0,10,395.5,408.0,10,332.5,406.0,416.0,406.0,20.0,8220.0,32
2023-05-11 09:42:32,PK311P10000,PK311P10000,416.0,0.0,0.0,0.0,10,398.5,409.5,10,332.5,406.0,416.0,406.0,20.0,8220.0,32
2023-05-11 09:42:33,PK311P10000,PK311P10000,416.0,0.0,0.0,0.0,10,395.0,410.0,10,332.5,406.0,416.0,406.0,20.0,8220.0,32
2023-05-11 09:42:33,PK311P10000,PK311P10000,416.0,0.0,0.0,0.0,10,394.5,410.0,20,332.5,406.0,416.0,406.0,20.0,8220.0,32
2023-05-11 09:42:35,PK311P10000,PK311P10000,416.0,0.0,0.0,0.0,20,394.5,410.0,30,332.5,406.0,416.0,406.0,20.0,8220.0,32
2023-05-11 09:42:36,PK311P10000,PK311P10000,416.0,0.0,0.0,0.0,30,394.5,410.0,30,332.5,406.0,416.0,406.0,20.0,8220.0,32
2023-05-11 09:42:37,PK311P10000,PK311P10000,416.0,0.0,0.0,0.0,10,395.0,410.0,20,332.5,406.0,416.0,406.0,20.0,8220.0,32
2023-05-11 09:42:37,PK311P10000,PK311P10000,416.0,0.0,0.0,0.0,30,394.5,410.0,20,332.5,406.0,416.0,406.0,20.0,8220.0,32
2023-05-11 09:42:38,PK311P10000,PK311P10000,416.0,0.0,0.0,0.0,10,395.0,410.0,20,332.5,406.0,416.0,406.0,20.0,8220.0,32
2023-05-11 09:42:39,PK311P10000,PK311P10000,416.0,0.0,0.0,0.0,40,394.5,410.0,20,332.5,406.0,416.0,406.0,20.0,8220.0,32
2023-05-11 09:42:40,PK311P10000,PK311P10000,416.0,0.0,0.0,0.0,10,395.0,410.0,20,332.5,406.0,416.0,406.0,20.0,8220.0,32
2023-05-11 09:42:40,PK311P10000,PK311P10000,416.0,0.0,0.0,0.0,20,395.0,410.0,20,332.5,406.0,416.0,406.0,20.0,8220.0,32
2023-05-11 09:42:41,PK311P10000,PK311P10000,416.0,0.0,0.0,0.0,10,395.0,410.0,20,332.5,406.0,416.0,406.0,20.0,8220.0,32
2023-05-11 09:42:42,PK311P10000,PK311P10000,416.0,0.0,0.0,0.0,10,395.5,410.0,20,332.5,406.0,416.0,406.0,20.0,8220.0,32
2023-05-11 09:42:44,PK311P10000,PK311P10000,416.0,0.0,0.0,0.0,10,398.0,410.0,20,332.5,406.0,416.0,406.0,20.0,8220.0,32
2023-05-11 09:42:44,PK311P10000,PK311P10000,416.0,0.0,0.0,0.0,20,398.0,410.0,20,332.5,406.0,416.0,406.0,20.0,8220.0,32
2023-05-11 09:42:52,PK311P10000,PK311P10000,416.0,0.0,0.0,0.0,20,398.0,410.0,10,332.5,406.0,416.0,406.0,20.0,8220.0,32
2023-05-11 09:42:52,PK311P10000,PK311P10000,416.0,0.0,0.0,0.0,20,398.0,411.5,10,332.5,406.0,416.0,406.0,20.0,8220.0,32
2023-05-11 09:42:52,PK311P10000,PK311P10000,416.0,0.0,0.0,0.0,20,398.0,412.0,20,332.5,406.0,416.0,406.0,20.0,8220.0,32
2023-05-11 09:43:05,PK311P10000,PK311P10000,416.0,0.0,0.0,0.0,10,398.0,409.5,10,332.5,406.0,416.0,406.0,20.0,8220.0,32
2023-05-11 09:43:06,PK311P10000,PK311P10000,416.0,0.0,0.0,0.0,10,395.0,409.5,10,332.5,406.0,416.0,406.0,20.0,8220.0,32
2023-05-11 09:43:06,PK311P10000,PK311P10000,416.0,0.0,0.0,0.0,10,395.0,409.5,20,332.5,406.0,416.0,406.0,20.0,8220.0,32
2023-05-11 09:43:08,PK311P10000,PK311P10000,416.0,0.0,0.0,0.0,20,395.0,409.5,30,332.5,406.0,416.0,406.0,20.0,8220.0,32
2023-05-11 09:43:10,PK311P10000,PK311P10000,416.0,0.0,0.0,0.0,30,395.0,409.5,20,332.5,406.0,416.0,406.0,20.0,8220.0,32
2023-05-11 09:43:12,PK311P10000,PK311P10000,416.0,0.0,0.0,0.0,20,395.0,409.5,20,332.5,406.0,416.0,406.0,20.0,8220.0,32
2023-05-11 09:43:13,PK311P10000,PK311P10000,416.0,0.0,0.0,0.0,30,395.0,409.5,20,332.5,406.0,416.0,406.0,20.0,8220.0,32
2023-05-11 09:43:17,PK311P10000,PK311P10000,416.0,0.0,0.0,0.0,10,395.5,409.5,20,332.5,406.0,416.0,406.0,20.0,8220.0,32
2023-05-11 09:43:18,PK311P10000,PK311P10000,416.0,0.0,0.0,0.0,10,398.5,413.0,10,332.5,406.0,416.0,406.0,20.0,8220.0,32
2023-05-11 09:43:18,PK311P10000,PK311P10000,416.0,0.0,0.0,0.0,10,402.0,414.5,10,332.5,406.0,416.0,406.0,20.0,8220.0,32
2023-05-11 09:43:19,PK311P10000,PK311P10000,416.0,0.0,0.0,0.0,20,402.0,417.0,20,332.5,406.0,416.0,406.0,20.0,8220.0,32
2023-05-11 09:43:22,PK311P10000,PK311P10000,416.0,0.0,0.0,0.0,30,402.0,417.0,20,332.5,406.0,416.0,406.0,20.0,8220.0,32
2023-05-11 09:43:23,PK311P10000,PK311P10000,416.0,0.0,0.0,0.0,40,402.0,417.0,10,332.5,406.0,416.0,406.0,20.0,8220.0,32
2023-05-11 09:43:23,PK311P10000,PK311P10000,416.0,0.0,0.0,0.0,10,402.0,418.0,10,332.5,406.0,416.0,406.0,20.0,8220.0,32
2023-05-11 09:43:24,PK311P10000,PK311P10000,416.0,0.0,0.0,0.0,20,402.0,418.0,10,332.5,406.0,416.0,406.0,20.0,8220.0,32
2023-05-11 09:43:25,PK311P10000,PK311P10000,416.0,0.0,0.0,0.0,30,402.0,418.0,20,332.5,406.0,416.0,406.0,20.0,8220.0,32
2023-05-11 09:43:27,PK311P10000,PK311P10000,416.0,0.0,0.0,0.0,10,406.0,418.0,10,332.5,406.0,416.0,406.0,20.0,8220.0,32
2023-05-11 09:43:27,PK311P10000,PK311P10000,416.0,0.0,0.0,0.0,10,406.0,418.5,10,332.5,406.0,416.0,406.0,20.0,8220.0,32
2023-05-11 09:43:28,PK311P10000,PK311P10000,416.0,0.0,0.0,0.0,20,406.0,419.5,20,332.5,406.0,416.0,406.0,20.0,8220.0,32
2023-05-11 09:43:29,PK311P10000,PK311P10000,416.0,0.0,0.0,0.0,30,406.0,419.5,20,332.5,406.0,416.0,406.0,20.0,8220.0,32
2023-05-11 09:43:29,PK311P10000,PK311P10000,416.0,0.0,0.0,0.0,20,406.0,419.5,20,332.5,406.0,416.0,406.0,20.0,8220.0,32
2023-05-11 09:43:32,PK311P10000,PK311P10000,416.0,0.0,0.0,0.0,10,404.5,417.0,10,332.5,406.0,416.0,406.0,20.0,8220.0,32
2023-05-11 09:43:32,PK311P10000,PK311P10000,416.0,0.0,0.0,0.0,10,402.5,417.0,20,332.5,406.0,416.0,406.0,20.0,8220.0,32
2023-05-11 09:43:33,PK311P10000,PK311P10000,416.0,0.0,0.0,0.0,20,402.5,417.0,20,332.5,406.0,416.0,406.0,20.0,8220.0,32
2023-05-11 09:43:34,PK311P10000,PK311P10000,416.0,0.0,0.0,0.0,20,406.0,418.5,10,332.5,406.0,416.0,406.0,20.0,8220.0,32
2023-05-11 09:43:34,PK311P10000,PK311P10000,416.0,0.0,0.0,0.0,10,406.0,419.0,10,332.5,406.0,416.0,406.0,20.0,8220.0,32
2023-05-11 09:43:35,PK311P10000,PK311P10000,416.0,0.0,0.0,0.0,20,406.0,420.5,50,332.5,406.0,416.0,406.0,20.0,8220.0,32
2023-05-11 09:43:39,PK311P10000,PK311P10000,416.0,0.0,0.0,0.0,20,406.0,420.5,40,332.5,406.0,416.0,406.0,20.0,8220.0,32
2023-05-11 09:43:52,PK311P10000,PK311P10000,416.0,0.0,0.0,0.0,20,406.0,420.5,50,332.5,406.0,416.0,406.0,20.0,8220.0,32
2023-05-11 09:43:55,PK311P10000,PK311P10000,416.0,0.0,0.0,0.0,20,406.0,420.5,40,332.5,406.0,416.0,406.0,20.0,8220.0,32
2023-05-11 09:43:57,PK311P10000,PK311P10000,416.0,0.0,0.0,0.0,30,406.0,420.5,40,332.5,406.0,416.0,406.0,20.0,8220.0,32
2023-05-11 09:43:58,PK311P10000,PK311P10000,416.0,0.0,0.0,0.0,20,406.0,420.0,10,332.5,406.0,416.0,406.0,20.0,8220.0,32
2023-05-11 09:44:01,PK311P10000,PK311P10000,416.0,0.0,0.0,0.0,10,404.5,418.0,10,332.5,406.0,416.0,406.0,20.0,8220.0,32
2023-05-11 09:44:01,PK311P10000,PK311P10000,416.0,0.0,0.0,0.0,10,402.5,418.0,20,332.5,406.0,416.0,406.0,20.0,8220.0,32
2023-05-11 09:44:04,PK311P10000,PK311P10000,416.0,0.0,0.0,0.0,10,402.5,417.5,10,332.5,406.0,416.0,406.0,20.0,8220.0,32
2023-05-11 09:44:05,PK311P10000,PK311P10000,416.0,0.0,0.0,0.0,10,401.0,415.0,10,332.5,406.0,416.0,406.0,20.0,8220.0,32
2023-05-11 09:44:05,PK311P10000,PK311P10000,416.0,0.0,0.0,0.0,20,400.5,415.0,40,332.5,406.0,416.0,406.0,20.0,8220.0,32
2023-05-11 09:44:07,PK311P10000,PK311P10000,416.0,0.0,0.0,0.0,20,400.5,415.0,30,332.5,406.0,416.0,406.0,20.0,8220.0,32
2023-05-11 09:44:08,PK311P10000,PK311P10000,416.0,0.0,0.0,0.0,10,405.0,416.5,10,332.5,406.0,416.0,406.0,20.0,8220.0,32
2023-05-11 09:44:09,PK311P10000,PK311P10000,416.0,0.0,0.0,0.0,10,405.0,419.5,20,332.5,406.0,416.0,406.0,20.0,8220.0,32
2023-05-11 09:44:09,PK311P10000,PK311P10000,416.0,0.0,0.0,0.0,10,405.0,419.5,10,332.5,406.0,416.0,406.0,20.0,8220.0,32
2023-05-11 09:44:11,PK311P10000,PK311P10000,416.0,0.0,0.0,0.0,20,405.0,419.5,20,332.5,406.0,416.0,406.0,20.0,8220.0,32
2023-05-11 09:44:12,PK311P10000,PK311P10000,416.0,0.0,0.0,0.0,10,405.0,417.0,10,332.5,406.0,416.0,406.0,20.0,8220.0,32
2023-05-11 09:44:13,PK311P10000,PK311P10000,416.0,0.0,0.0,0.0,10,403.5,417.0,20,332.5,406.0,416.0,406.0,20.0,8220.0,32
2023-05-11 09:44:13,PK311P10000,PK311P10000,416.0,0.0,0.0,0.0,10,402.0,417.0,20,332.5,406.0,416.0,406.0,20.0,8220.0,32
2023-05-11 09:44:13,PK311P10000,PK311P10000,416.0,0.0,0.0,0.0,20,401.5,417.0,20,332.5,406.0,416.0,406.0,20.0,8220.0,32
2023-05-11 09:44:15,PK311P10000,PK311P10000,416.0,0.0,0.0,0.0,30,401.5,417.0,20,332.5,406.0,416.0,406.0,20.0,8220.0,32
2023-05-11 09:44:15,PK311P10000,PK311P10000,416.0,0.0,0.0,0.0,20,401.5,417.0,20,332.5,406.0,416.0,406.0,20.0,8220.0,32
2023-05-11 09:44:16,PK311P10000,PK311P10000,416.0,0.0,0.0,0.0,30,401.5,417.0,20,332.5,406.0,416.0,406.0,20.0,8220.0,32
2023-05-11 09:44:18,PK311P10000,PK311P10000,416.0,0.0,0.0,0.0,20,401.5,417.0,20,332.5,406.0,416.0,406.0,20.0,8220.0,32
2023-05-11 09:44:18,PK311P10000,PK311P10000,416.0,0.0,0.0,0.0,20,406.0,418.5,20,332.5,406.0,416.0,406.0,20.0,8220.0,32
2023-05-11 09:44:19,PK311P10000,PK311P10000,416.0,0.0,0.0,0.0,20,406.0,419.5,20,332.5,406.0,416.0,406.0,20.0,8220.0,32
2023-05-11 09:44:28,PK311P10000,PK311P10000,416.0,0.0,0.0,0.0,30,406.0,420.5,20,332.5,406.0,416.0,406.0,20.0,8220.0,32
2023-05-11 09:44:28,PK311P10000,PK311P10000,416.0,0.0,0.0,0.0,20,406.0,420.5,20,332.5,406.0,416.0,406.0,20.0,8220.0,32
2023-05-11 09:44:29,PK311P10000,PK311P10000,416.0,0.0,0.0,0.0,10,406.5,420.5,20,332.5,406.0,416.0,406.0,20.0,8220.0,32
2023-05-11 09:44:30,PK311P10000,PK311P10000,416.0,0.0,0.0,0.0,10,408.0,420.5,10,332.5,406.0,416.0,406.0,20.0,8220.0,32
2023-05-11 09:44:30,PK311P10000,PK311P10000,416.0,0.0,0.0,0.0,20,408.0,421.5,20,332.5,406.0,416.0,406.0,20.0,8220.0,32
2023-05-11 09:44:31,PK311P10000,PK311P10000,416.0,0.0,0.0,0.0,20,408.0,423.0,20,332.5,406.0,416.0,406.0,20.0,8220.0,32
2023-05-11 09:44:32,PK311P10000,PK311P10000,416.0,0.0,0.0,0.0,40,408.0,423.5,30,332.5,406.0,416.0,406.0,20.0,8220.0,32
2023-05-11 09:44:32,PK311P10000,PK311P10000,416.0,0.0,0.0,0.0,10,408.0,423.0,10,332.5,406.0,416.0,406.0,20.0,8220.0,32
2023-05-11 09:44:33,PK311P10000,PK311P10000,416.0,0.0,0.0,0.0,10,406.5,420.5,10,332.5,406.0,416.0,406.0,20.0,8220.0,32
2023-05-11 09:44:33,PK311P10000,PK311P10000,416.0,0.0,0.0,0.0,20,406.5,420.5,30,332.5,406.0,416.0,406.0,20.0,8220.0,32
2023-05-11 09:44:34,PK311P10000,PK311P10000,416.0,0.0,0.0,0.0,20,406.0,420.5,30,332.5,406.0,416.0,406.0,20.0,8220.0,32
2023-05-11 09:44:36,PK311P10000,PK311P10000,416.0,0.0,0.0,0.0,10,408.0,420.5,20,332.5,406.0,416.0,406.0,20.0,8220.0,32
2023-05-11 09:44:52,PK311P10000,PK311P10000,416.0,0.0,0.0,0.0,20,408.0,420.5,20,332.5,406.0,416.0,406.0,20.0,8220.0,32
2023-05-11 09:44:52,PK311P10000,PK311P10000,416.0,0.0,0.0,0.0,20,411.0,422.0,20,332.5,406.0,416.0,406.0,20.0,8220.0,32
2023-05-11 09:44:53,PK311P10000,PK311P10000,416.0,0.0,0.0,0.0,10,411.0,423.5,10,332.5,406.0,416.0,406.0,20.0,8220.0,32
2023-05-11 09:44:53,PK311P10000,PK311P10000,416.0,0.0,0.0,0.0,10,410.5,423.0,10,332.5,406.0,416.0,406.0,20.0,8220.0,32
2023-05-11 09:44:54,PK311P10000,PK311P10000,416.0,0.0,0.0,0.0,10,409.0,423.0,30,332.5,406.0,416.0,406.0,20.0,8220.0,32
2023-05-11 09:44:54,PK311P10000,PK311P10000,416.0,0.0,0.0,0.0,20,408.0,423.0,30,332.5,406.0,416.0,406.0,20.0,8220.0,32
2023-05-11 09:44:57,PK311P10000,PK311P10000,416.0,0.0,0.0,0.0,30,408.0,423.0,30,332.5,406.0,416.0,406.0,20.0,8220.0,32
2023-05-11 09:44:58,PK311P10000,PK311P10000,416.0,0.0,0.0,0.0,40,408.0,423.0,30,332.5,406.0,416.0,406.0,20.0,8220.0,32
2023-05-11 09:44:58,PK311P10000,PK311P10000,416.0,0.0,0.0,0.0,30,408.0,423.0,30,332.5,406.0,416.0,406.0,20.0,8220.0,32
2023-05-11 09:44:59,PK311P10000,PK311P10000,416.0,0.0,0.0,0.0,20,408.0,423.0,30,332.5,406.0,416.0,406.0,20.0,8220.0,32
2023-05-11 09:45:00,PK311P10000,PK311P10000,416.0,0.0,0.0,0.0,20,408.0,423.0,40,332.5,406.0,416.0,406.0,20.0,8220.0,32
2023-05-11 09:45:00,PK311P10000,PK311P10000,416.0,0.0,0.0,0.0,10,408.0,420.0,10,332.5,406.0,416.0,406.0,20.0,8220.0,32
2023-05-11 09:45:01,PK311P10000,PK311P10000,416.0,0.0,0.0,0.0,10,406.5,420.0,20,332.5,406.0,416.0,406.0,20.0,8220.0,32
2023-05-11 09:45:01,PK311P10000,PK311P10000,416.0,0.0,0.0,0.0,30,405.5,420.0,20,332.5,406.0,416.0,406.0,20.0,8220.0,32
2023-05-11 09:45:03,PK311P10000,PK311P10000,416.0,0.0,0.0,0.0,30,405.5,420.0,30,332.5,406.0,416.0,406.0,20.0,8220.0,32
2023-05-11 09:45:03,PK311P10000,PK311P10000,416.0,0.0,0.0,0.0,20,405.5,420.0,40,332.5,406.0,416.0,406.0,20.0,8220.0,32
2023-05-11 09:45:04,PK311P10000,PK311P10000,416.0,0.0,0.0,0.0,20,405.5,420.0,50,332.5,406.0,416.0,406.0,20.0,8220.0,32
2023-05-11 09:45:04,PK311P10000,PK311P10000,416.0,0.0,0.0,0.0,20,405.5,420.0,40,332.5,406.0,416.0,406.0,20.0,8220.0,32
2023-05-11 09:45:06,PK311P10000,PK311P10000,416.0,0.0,0.0,0.0,30,405.5,420.0,30,332.5,406.0,416.0,406.0,20.0,8220.0,32
2023-05-11 09:45:13,PK311P10000,PK311P10000,416.0,0.0,0.0,0.0,20,405.5,420.0,30,332.5,406.0,416.0,406.0,20.0,8220.0,32
2023-05-11 09:45:14,PK311P10000,PK311P10000,416.0,0.0,0.0,0.0,30,405.5,420.0,30,332.5,406.0,416.0,406.0,20.0,8220.0,32
2023-05-11 09:45:15,PK311P10000,PK311P10000,416.0,0.0,0.0,0.0,20,405.5,420.0,30,332.5,406.0,416.0,406.0,20.0,8220.0,32
2023-05-11 09:45:16,PK311P10000,PK311P10000,416.0,0.0,0.0,0.0,20,409.0,418.5,20,332.5,406.0,416.0,406.0,20.0,8220.0,32
2023-05-11 09:45:17,PK311P10000,PK311P10000,416.0,0.0,0.0,0.0,30,409.0,418.5,20,332.5,406.0,416.0,406.0,20.0,8220.0,32
2023-05-11 09:45:18,PK311P10000,PK311P10000,416.0,0.0,0.0,0.0,30,409.0,418.5,30,332.5,406.0,416.0,406.0,20.0,8220.0,32
2023-05-11 09:45:19,PK311P10000,PK311P10000,416.0,0.0,0.0,0.0,20,409.0,417.0,20,332.5,406.0,416.0,406.0,20.0,8220.0,32
2023-05-11 09:45:21,PK311P10000,PK311P10000,416.0,0.0,0.0,0.0,20,409.0,417.0,10,332.5,406.0,416.0,406.0,20.0,8220.0,32
2023-05-11 09:45:21,PK311P10000,PK311P10000,416.0,0.0,0.0,0.0,20,409.0,418.5,10,332.5,406.0,416.0,406.0,20.0,8220.0,32
2023-05-11 09:45:22,PK311P10000,PK311P10000,416.0,0.0,0.0,0.0,20,409.0,419.5,20,332.5,406.0,416.0,406.0,20.0,8220.0,32
2023-05-11 09:45:25,PK311P10000,PK311P10000,416.0,0.0,0.0,0.0,20,409.0,420.0,50,332.5,406.0,416.0,406.0,20.0,8220.0,32
2023-05-11 09:45:25,PK311P10000,PK311P10000,416.0,0.0,0.0,0.0,20,409.0,419.5,10,332.5,406.0,416.0,406.0,20.0,8220.0,32
2023-05-11 09:45:27,PK311P10000,PK311P10000,416.0,0.0,0.0,0.0,20,409.0,419.0,10,332.5,406.0,416.0,406.0,20.0,8220.0,32
2023-05-11 09:45:34,PK311P10000,PK311P10000,416.0,0.0,0.0,0.0,20,409.0,419.5,10,332.5,406.0,416.0,406.0,20.0,8220.0,32
2023-05-11 09:45:38,PK311P10000,PK311P10000,416.0,0.0,0.0,0.0,20,409.0,419.5,20,332.5,406.0,416.0,406.0,20.0,8220.0,32
2023-05-11 09:45:38,PK311P10000,PK311P10000,416.0,0.0,0.0,0.0,20,409.0,419.0,10,332.5,406.0,416.0,406.0,20.0,8220.0,32
2023-05-11 09:45:44,PK311P10000,PK311P10000,416.0,0.0,0.0,0.0,10,409.0,418.5,10,332.5,406.0,416.0,406.0,20.0,8220.0,32
2023-05-11 09:45:44,PK311P10000,PK311P10000,416.0,0.0,0.0,0.0,20,408.5,418.0,10,332.5,406.0,416.0,406.0,20.0,8220.0,32
2023-05-11 09:45:45,PK311P10000,PK311P10000,416.0,0.0,0.0,0.0,20,408.0,418.0,30,332.5,406.0,416.0,406.0,20.0,8220.0,32
2023-05-11 09:45:46,PK311P10000,PK311P10000,416.0,0.0,0.0,0.0,20,407.5,418.0,30,332.5,406.0,416.0,406.0,20.0,8220.0,32
2023-05-11 09:45:47,PK311P10000,PK311P10000,416.0,0.0,0.0,0.0,10,407.5,418.0,30,332.5,406.0,416.0,406.0,20.0,8220.0,32
2023-05-11 09:45:48,PK311P10000,PK311P10000,416.0,0.0,0.0,0.0,20,406.5,418.0,30,332.5,406.0,416.0,406.0,20.0,8220.0,32
2023-05-11 09:45:50,PK311P10000,PK311P10000,416.0,0.0,0.0,0.0,20,406.0,418.0,20,332.5,406.0,416.0,406.0,20.0,8220.0,32
2023-05-11 09:45:52,PK311P10000,PK311P10000,416.0,0.0,0.0,0.0,10,406.0,418.0,10,332.5,406.0,416.0,406.0,20.0,8220.0,32
2023-05-11 09:45:52,PK311P10000,PK311P10000,416.0,0.0,0.0,0.0,30,404.5,418.5,20,332.5,406.0,416.0,406.0,20.0,8220.0,32
2023-05-11 09:45:54,PK311P10000,PK311P10000,416.0,0.0,0.0,0.0,40,404.5,418.5,20,332.5,406.0,416.0,406.0,20.0,8220.0,32
2023-05-11 09:45:54,PK311P10000,PK311P10000,416.0,0.0,0.0,0.0,30,404.5,418.5,20,332.5,406.0,416.0,406.0,20.0,8220.0,32
2023-05-11 09:46:01,PK311P10000,PK311P10000,416.0,0.0,0.0,0.0,20,404.5,418.5,20,332.5,406.0,416.0,406.0,20.0,8220.0,32
2023-05-11 09:46:02,PK311P10000,PK311P10000,416.0,0.0,0.0,0.0,30,404.5,418.5,20,332.5,406.0,416.0,406.0,20.0,8220.0,32
2023-05-11 09:46:05,PK311P10000,PK311P10000,416.0,0.0,0.0,0.0,20,404.5,418.5,20,332.5,406.0,416.0,406.0,20.0,8220.0,32
2023-05-11 09:46:06,PK311P10000,PK311P10000,416.0,0.0,0.0,0.0,30,403.0,418.0,10,332.5,406.0,416.0,406.0,20.0,8220.0,32
2023-05-11 09:46:06,PK311P10000,PK311P10000,416.0,0.0,0.0,0.0,20,403.0,418.0,10,332.5,406.0,416.0,406.0,20.0,8220.0,32
2023-05-11 09:46:07,PK311P10000,PK311P10000,416.0,0.0,0.0,0.0,10,403.0,418.0,20,332.5,406.0,416.0,406.0,20.0,8220.0,32
2023-05-11 09:46:07,PK311P10000,PK311P10000,416.0,0.0,0.0,0.0,40,402.5,417.5,20,332.5,406.0,416.0,406.0,20.0,8220.0,32
2023-05-11 09:46:09,PK311P10000,PK311P10000,416.0,0.0,0.0,0.0,30,402.5,417.0,10,332.5,406.0,416.0,406.0,20.0,8220.0,32
2023-05-11 09:46:09,PK311P10000,PK311P10000,416.0,0.0,0.0,0.0,30,402.5,417.0,20,332.5,406.0,416.0,406.0,20.0,8220.0,32
2023-05-11 09:46:09,PK311P10000,PK311P10000,416.0,0.0,0.0,0.0,20,402.5,417.0,20,332.5,406.0,416.0,406.0,20.0,8220.0,32
2023-05-11 09:46:10,PK311P10000,PK311P10000,416.0,0.0,0.0,0.0,20,401.5,416.5,10,332.5,406.0,416.0,406.0,20.0,8220.0,32
2023-05-11 09:46:11,PK311P10000,PK311P10000,416.0,0.0,0.0,0.0,40,401.5,413.5,20,332.5,406.0,416.0,406.0,20.0,8220.0,32
2023-05-11 09:46:11,PK311P10000,PK311P10000,416.0,0.0,0.0,0.0,40,401.5,413.0,10,332.5,406.0,416.0,406.0,20.0,8220.0,32
2023-05-11 09:46:12,PK311P10000,PK311P10000,416.0,0.0,0.0,0.0,30,401.5,413.0,10,332.5,406.0,416.0,406.0,20.0,8220.0,32
2023-05-11 09:46:16,PK311P10000,PK311P10000,416.0,0.0,0.0,0.0,20,401.5,413.0,10,332.5,406.0,416.0,406.0,20.0,8220.0,32
2023-05-11 09:46:27,PK311P10000,PK311P10000,416.0,0.0,0.0,0.0,30,401.5,413.0,10,332.5,406.0,416.0,406.0,20.0,8220.0,32
2023-05-11 09:46:31,PK311P10000,PK311P10000,416.0,0.0,0.0,0.0,20,401.5,413.0,10,332.5,406.0,416.0,406.0,20.0,8220.0,32
2023-05-11 09:46:40,PK311P10000,PK311P10000,416.0,0.0,0.0,0.0,20,401.5,413.0,20,332.5,406.0,416.0,406.0,20.0,8220.0,32
2023-05-11 09:46:41,PK311P10000,PK311P10000,416.0,0.0,0.0,0.0,20,401.5,413.0,10,332.5,406.0,416.0,406.0,20.0,8220.0,32
2023-05-11 09:47:01,PK311P10000,PK311P10000,416.0,0.0,0.0,0.0,20,401.5,413.0,20,332.5,406.0,416.0,406.0,20.0,8220.0,32
2023-05-11 09:47:02,PK311P10000,PK311P10000,416.0,0.0,0.0,0.0,10,401.5,413.0,20,332.5,406.0,416.0,406.0,20.0,8220.0,32
2023-05-11 09:47:02,PK311P10000,PK311P10000,416.0,0.0,0.0,0.0,30,401.0,413.0,30,332.5,406.0,416.0,406.0,20.0,8220.0,32
2023-05-11 09:47:03,PK311P10000,PK311P10000,416.0,0.0,0.0,0.0,40,401.0,413.0,30,332.5,406.0,416.0,406.0,20.0,8220.0,32
2023-05-11 09:47:03,PK311P10000,PK311P10000,416.0,0.0,0.0,0.0,30,401.0,413.0,20,332.5,406.0,416.0,406.0,20.0,8220.0,32
2023-05-11 09:47:04,PK311P10000,PK311P10000,416.0,0.0,0.0,0.0,40,401.0,413.0,20,332.5,406.0,416.0,406.0,20.0,8220.0,32
2023-05-11 09:47:09,PK311P10000,PK311P10000,416.0,0.0,0.0,0.0,10,403.0,413.0,10,332.5,406.0,416.0,406.0,20.0,8220.0,32
2023-05-11 09:47:09,PK311P10000,PK311P10000,416.0,0.0,0.0,0.0,30,403.0,414.5,20,332.5,406.0,416.0,406.0,20.0,8220.0,32
2023-05-11 09:47:11,PK311P10000,PK311P10000,416.0,0.0,0.0,0.0,20,403.0,414.5,20,332.5,406.0,416.0,406.0,20.0,8220.0,32
2023-05-11 09:47:12,PK311P10000,PK311P10000,416.0,0.0,0.0,0.0,20,403.0,414.5,30,332.5,406.0,416.0,406.0,20.0,8220.0,32
2023-05-11 09:47:12,PK311P10000,PK311P10000,416.0,0.0,0.0,0.0,20,401.5,413.5,20,332.5,406.0,416.0,406.0,20.0,8220.0,32
2023-05-11 09:47:13,PK311P10000,PK311P10000,416.0,0.0,0.0,0.0,10,401.0,413.5,10,332.5,406.0,416.0,406.0,20.0,8220.0,32
2023-05-11 09:47:14,PK311P10000,PK311P10000,416.0,0.0,0.0,0.0,20,401.0,413.5,10,332.5,406.0,416.0,406.0,20.0,8220.0,32
2023-05-11 09:47:14,PK311P10000,PK311P10000,416.0,0.0,0.0,0.0,10,401.0,411.5,10,332.5,406.0,416.0,406.0,20.0,8220.0,32
2023-05-11 09:47:15,PK311P10000,PK311P10000,416.0,0.0,0.0,0.0,10,401.0,411.5,20,332.5,406.0,416.0,406.0,20.0,8220.0,32
2023-05-11 09:47:15,PK311P10000,PK311P10000,416.0,0.0,0.0,0.0,20,400.5,411.5,20,332.5,406.0,416.0,406.0,20.0,8220.0,32
2023-05-11 09:47:16,PK311P10000,PK311P10000,416.0,0.0,0.0,0.0,10,401.0,411.5,20,332.5,406.0,416.0,406.0,20.0,8220.0,32
2023-05-11 09:47:16,PK311P10000,PK311P10000,416.0,0.0,0.0,0.0,10,401.5,411.5,10,332.5,406.0,416.0,406.0,20.0,8220.0,32
2023-05-11 09:47:17,PK311P10000,PK311P10000,416.0,0.0,0.0,0.0,30,401.5,413.0,20,332.5,406.0,416.0,406.0,20.0,8220.0,32
2023-05-11 09:47:18,PK311P10000,PK311P10000,416.0,0.0,0.0,0.0,40,401.5,413.0,10,332.5,406.0,416.0,406.0,20.0,8220.0,32
2023-05-11 09:47:18,PK311P10000,PK311P10000,416.0,0.0,0.0,0.0,40,401.5,413.5,20,332.5,406.0,416.0,406.0,20.0,8220.0,32
2023-05-11 09:47:26,PK311P10000,PK311P10000,416.0,0.0,0.0,0.0,30,401.5,413.5,20,332.5,406.0,416.0,406.0,20.0,8220.0,32
2023-05-11 09:47:33,PK311P10000,PK311P10000,416.0,0.0,0.0,0.0,10,403.0,413.5,10,332.5,406.0,416.0,406.0,20.0,8220.0,32
2023-05-11 09:47:34,PK311P10000,PK311P10000,416.0,0.0,0.0,0.0,20,403.0,414.5,20,332.5,406.0,416.0,406.0,20.0,8220.0,32
2023-05-11 09:47:43,PK311P10000,PK311P10000,416.0,0.0,0.0,0.0,10,403.5,414.5,20,332.5,406.0,416.0,406.0,20.0,8220.0,32
2023-05-11 09:47:44,PK311P10000,PK311P10000,416.0,0.0,0.0,0.0,20,405.5,416.0,20,332.5,406.0,416.0,406.0,20.0,8220.0,32
2023-05-11 09:47:44,PK311P10000,PK311P10000,416.0,0.0,0.0,0.0,20,405.5,416.0,10,332.5,406.0,416.0,406.0,20.0,8220.0,32
2023-05-11 09:47:46,PK311P10000,PK311P10000,416.0,0.0,0.0,0.0,40,405.5,416.0,30,332.5,406.0,416.0,406.0,20.0,8220.0,32
2023-05-11 09:47:47,PK311P10000,PK311P10000,416.0,0.0,0.0,0.0,30,405.5,416.0,30,332.5,406.0,416.0,406.0,20.0,8220.0,32
2023-05-11 09:47:49,PK311P10000,PK311P10000,416.0,0.0,0.0,0.0,40,405.5,416.0,30,332.5,406.0,416.0,406.0,20.0,8220.0,32
2023-05-11 09:47:55,PK311P10000,PK311P10000,416.0,0.0,0.0,0.0,30,405.5,416.0,50,332.5,406.0,416.0,406.0,20.0,8220.0,32
2023-05-11 09:47:55,PK311P10000,PK311P10000,416.0,0.0,0.0,0.0,10,405.5,415.5,10,332.5,406.0,416.0,406.0,20.0,8220.0,32
2023-05-11 09:47:56,PK311P10000,PK311P10000,416.0,0.0,0.0,0.0,10,405.0,415.5,20,332.5,406.0,416.0,406.0,20.0,8220.0,32
2023-05-11 09:47:56,PK311P10000,PK311P10000,416.0,0.0,0.0,0.0,30,405.0,415.5,40,332.5,406.0,416.0,406.0,20.0,8220.0,32
2023-05-11 09:47:57,PK311P10000,PK311P10000,416.0,0.0,0.0,0.0,20,405.0,415.5,40,332.5,406.0,416.0,406.0,20.0,8220.0,32
2023-05-11 09:47:59,PK311P10000,PK311P10000,416.0,0.0,0.0,0.0,10,404.5,415.0,20,332.5,406.0,416.0,406.0,20.0,8220.0,32
2023-05-11 09:48:00,PK311P10000,PK311P10000,416.0,0.0,0.0,0.0,10,402.0,413.5,10,332.5,406.0,416.0,406.0,20.0,8220.0,32
2023-05-11 09:48:00,PK311P10000,PK311P10000,416.0,0.0,0.0,0.0,10,401.5,413.5,10,332.5,406.0,416.0,406.0,20.0,8220.0,32
2023-05-11 09:48:02,PK311P10000,PK311P10000,416.0,0.0,0.0,0.0,20,401.5,413.5,10,332.5,406.0,416.0,406.0,20.0,8220.0,32
2023-05-11 09:48:02,PK311P10000,PK311P10000,416.0,0.0,0.0,0.0,30,401.5,413.5,20,332.5,406.0,416.0,406.0,20.0,8220.0,32
2023-05-11 09:48:03,PK311P10000,PK311P10000,416.0,0.0,0.0,0.0,40,401.5,413.5,20,332.5,406.0,416.0,406.0,20.0,8220.0,32
2023-05-11 09:48:09,PK311P10000,PK311P10000,416.0,0.0,0.0,0.0,30,401.5,413.5,20,332.5,406.0,416.0,406.0,20.0,8220.0,32
2023-05-11 09:48:09,PK311P10000,PK311P10000,416.0,0.0,0.0,0.0,20,401.5,412.0,10,332.5,406.0,416.0,406.0,20.0,8220.0,32
2023-05-11 09:48:10,PK311P10000,PK311P10000,416.0,0.0,0.0,0.0,10,401.0,412.0,10,332.5,406.0,416.0,406.0,20.0,8220.0,32
2023-05-11 09:48:10,PK311P10000,PK311P10000,416.0,0.0,0.0,0.0,10,401.0,412.0,20,332.5,406.0,416.0,406.0,20.0,8220.0,32
2023-05-11 09:48:12,PK311P10000,PK311P10000,416.0,0.0,0.0,0.0,30,401.0,412.0,40,332.5,406.0,416.0,406.0,20.0,8220.0,32
2023-05-11 09:48:12,PK311P10000,PK311P10000,416.0,0.0,0.0,0.0,20,401.0,412.0,40,332.5,406.0,416.0,406.0,20.0,8220.0,32
2023-05-11 09:48:13,PK311P10000,PK311P10000,416.0,0.0,0.0,0.0,30,401.0,412.0,40,332.5,406.0,416.0,406.0,20.0,8220.0,32
2023-05-11 09:48:19,PK311P10000,PK311P10000,416.0,0.0,0.0,0.0,10,401.5,412.0,30,332.5,406.0,416.0,406.0,20.0,8220.0,32
2023-05-11 09:48:20,PK311P10000,PK311P10000,416.0,0.0,0.0,0.0,20,401.5,412.0,30,332.5,406.0,416.0,406.0,20.0,8220.0,32
2023-05-11 09:48:36,PK311P10000,PK311P10000,416.0,0.0,0.0,0.0,10,402.0,412.0,20,332.5,406.0,416.0,406.0,20.0,8220.0,32
2023-05-11 09:48:37,PK311P10000,PK311P10000,416.0,0.0,0.0,0.0,10,403.5,413.0,10,332.5,406.0,416.0,406.0,20.0,8220.0,32
2023-05-11 09:48:37,PK311P10000,PK311P10000,416.0,0.0,0.0,0.0,20,405.5,414.5,10,332.5,406.0,416.0,406.0,20.0,8220.0,32
2023-05-11 09:48:38,PK311P10000,PK311P10000,416.0,0.0,0.0,0.0,10,405.5,415.5,20,332.5,406.0,416.0,406.0,20.0,8220.0,32
2023-05-11 09:48:38,PK311P10000,PK311P10000,416.0,0.0,0.0,0.0,20,405.5,415.5,30,332.5,406.0,416.0,406.0,20.0,8220.0,32
2023-05-11 09:48:42,PK311P10000,PK311P10000,416.0,0.0,0.0,0.0,10,405.5,415.5,30,332.5,406.0,416.0,406.0,20.0,8220.0,32
2023-05-11 09:48:42,PK311P10000,PK311P10000,416.0,0.0,0.0,0.0,10,404.0,415.5,10,332.5,406.0,416.0,406.0,20.0,8220.0,32
2023-05-11 09:48:43,PK311P10000,PK311P10000,416.0,0.0,0.0,0.0,30,404.0,415.5,30,332.5,406.0,416.0,406.0,20.0,8220.0,32
2023-05-11 09:48:44,PK311P10000,PK311P10000,416.0,0.0,0.0,0.0,20,403.5,415.5,30,332.5,406.0,416.0,406.0,20.0,8220.0,32
2023-05-11 09:48:44,PK311P10000,PK311P10000,416.0,0.0,0.0,0.0,30,403.5,415.5,30,332.5,406.0,416.0,406.0,20.0,8220.0,32
2023-05-11 09:48:56,PK311P10000,PK311P10000,416.0,0.0,0.0,0.0,30,403.5,415.5,20,332.5,406.0,416.0,406.0,20.0,8220.0,32
2023-05-11 09:49:09,PK311P10000,PK311P10000,416.0,0.0,0.0,0.0,10,402.0,413.5,40,332.5,406.0,416.0,406.0,20.0,8220.0,32
2023-05-11 09:49:09,PK311P10000,PK311P10000,416.0,0.0,0.0,0.0,10,401.0,413.5,50,332.5,406.0,416.0,406.0,20.0,8220.0,32
2023-05-11 09:49:10,PK311P10000,PK311P10000,416.0,0.0,0.0,0.0,30,401.0,413.5,60,332.5,406.0,416.0,406.0,20.0,8220.0,32
2023-05-11 09:49:11,PK311P10000,PK311P10000,416.0,0.0,0.0,0.0,30,401.0,413.5,50,332.5,406.0,416.0,406.0,20.0,8220.0,32
2023-05-11 09:49:14,PK311P10000,PK311P10000,416.0,0.0,0.0,0.0,10,401.5,413.5,30,332.5,406.0,416.0,406.0,20.0,8220.0,32
2023-05-11 09:49:15,PK311P10000,PK311P10000,416.0,0.0,0.0,0.0,30,403.0,413.5,20,332.5,406.0,416.0,406.0,20.0,8220.0,32
2023-05-11 09:49:15,PK311P10000,PK311P10000,416.0,0.0,0.0,0.0,20,403.0,413.5,20,332.5,406.0,416.0,406.0,20.0,8220.0,32
2023-05-11 09:49:16,PK311P10000,PK311P10000,416.0,0.0,0.0,0.0,30,403.0,413.5,30,332.5,406.0,416.0,406.0,20.0,8220.0,32
2023-05-11 09:49:17,PK311P10000,PK311P10000,416.0,0.0,0.0,0.0,40,403.0,413.5,40,332.5,406.0,416.0,406.0,20.0,8220.0,32
2023-05-11 09:49:23,PK311P10000,PK311P10000,416.0,0.0,0.0,0.0,30,403.0,413.5,40,332.5,406.0,416.0,406.0,20.0,8220.0,32
2023-05-11 09:49:24,PK311P10000,PK311P10000,416.0,0.0,0.0,0.0,20,403.0,413.0,10,332.5,406.0,416.0,406.0,20.0,8220.0,32
2023-05-11 09:49:34,PK311P10000,PK311P10000,416.0,0.0,0.0,0.0,30,403.0,413.5,40,332.5,406.0,416.0,406.0,20.0,8220.0,32
2023-05-11 09:49:46,PK311P10000,PK311P10000,416.0,0.0,0.0,0.0,40,403.0,413.5,40,332.5,406.0,416.0,406.0,20.0,8220.0,32
2023-05-11 09:49:48,PK311P10000,PK311P10000,416.0,0.0,0.0,0.0,30,403.0,413.5,40,332.5,406.0,416.0,406.0,20.0,8220.0,32
2023-05-11 09:49:58,PK311P10000,PK311P10000,416.0,0.0,0.0,0.0,40,403.0,413.5,40,332.5,406.0,416.0,406.0,20.0,8220.0,32
2023-05-11 09:49:59,PK311P10000,PK311P10000,416.0,0.0,0.0,0.0,20,403.0,413.0,10,332.5,406.0,416.0,406.0,20.0,8220.0,32
2023-05-11 09:50:03,PK311P10000,PK311P10000,416.0,0.0,0.0,0.0,40,403.0,413.0,10,332.5,406.0,416.0,406.0,20.0,8220.0,32
2023-05-11 09:50:05,PK311P10000,PK311P10000,416.0,0.0,0.0,0.0,20,403.0,413.0,10,332.5,406.0,416.0,406.0,20.0,8220.0,32
2023-05-11 09:50:06,PK311P10000,PK311P10000,416.0,0.0,0.0,0.0,20,401.0,413.0,30,332.5,406.0,416.0,406.0,20.0,8220.0,32
2023-05-11 09:50:06,PK311P10000,PK311P10000,416.0,0.0,0.0,0.0,10,401.0,413.0,30,332.5,406.0,416.0,406.0,20.0,8220.0,32
2023-05-11 09:50:07,PK311P10000,PK311P10000,416.0,0.0,0.0,0.0,10,401.0,413.0,20,332.5,406.0,416.0,406.0,20.0,8220.0,32
2023-05-11 09:50:08,PK311P10000,PK311P10000,416.0,0.0,0.0,0.0,20,401.0,413.0,20,332.5,406.0,416.0,406.0,20.0,8220.0,32
2023-05-11 09:50:08,PK311P10000,PK311P10000,416.0,0.0,0.0,0.0,20,400.5,411.0,20,332.5,406.0,416.0,406.0,20.0,8220.0,32
2023-05-11 09:50:09,PK311P10000,PK311P10000,416.0,0.0,0.0,0.0,10,400.5,411.0,20,332.5,406.0,416.0,406.0,20.0,8220.0,32
2023-05-11 09:50:10,PK311P10000,PK311P10000,416.0,0.0,0.0,0.0,30,400.0,411.0,30,332.5,406.0,416.0,406.0,20.0,8220.0,32
2023-05-11 09:50:10,PK311P10000,PK311P10000,416.0,0.0,0.0,0.0,10,400.0,411.0,30,332.5,406.0,416.0,406.0,20.0,8220.0,32
2023-05-11 09:50:11,PK311P10000,PK311P10000,416.0,0.0,0.0,0.0,30,399.5,411.0,20,332.5,406.0,416.0,406.0,20.0,8220.0,32
2023-05-11 09:50:12,PK311P10000,PK311P10000,416.0,0.0,0.0,0.0,20,399.5,411.0,10,332.5,406.0,416.0,406.0,20.0,8220.0,32
2023-05-11 09:50:13,PK311P10000,PK311P10000,416.0,0.0,0.0,0.0,30,399.5,411.0,20,332.5,406.0,416.0,406.0,20.0,8220.0,32
2023-05-11 09:50:15,PK311P10000,PK311P10000,416.0,0.0,0.0,0.0,40,399.5,411.0,20,332.5,406.0,416.0,406.0,20.0,8220.0,32
2023-05-11 09:50:17,PK311P10000,PK311P10000,416.0,0.0,0.0,0.0,30,399.5,411.0,20,332.5,406.0,416.0,406.0,20.0,8220.0,32
2023-05-11 09:50:44,PK311P10000,PK311P10000,416.0,0.0,0.0,0.0,20,399.5,411.0,20,332.5,406.0,416.0,406.0,20.0,8220.0,32
2023-05-11 09:51:01,PK311P10000,PK311P10000,416.0,0.0,0.0,0.0,20,399.5,411.0,30,332.5,406.0,416.0,406.0,20.0,8220.0,32
2023-05-11 09:51:03,PK311P10000,PK311P10000,416.0,0.0,0.0,0.0,20,399.5,411.0,20,332.5,406.0,416.0,406.0,20.0,8220.0,32
2023-05-11 09:51:04,PK311P10000,PK311P10000,416.0,0.0,0.0,0.0,30,399.5,411.0,20,332.5,406.0,416.0,406.0,20.0,8220.0,32
2023-05-11 09:51:04,PK311P10000,PK311P10000,416.0,0.0,0.0,0.0,10,402.0,412.5,10,332.5,406.0,416.0,406.0,20.0,8220.0,32
2023-05-11 09:51:05,PK311P10000,PK311P10000,416.0,0.0,0.0,0.0,30,402.0,413.0,10,332.5,406.0,416.0,406.0,20.0,8220.0,32
2023-05-11 09:51:05,PK311P10000,PK311P10000,416.0,0.0,0.0,0.0,40,402.0,413.0,20,332.5,406.0,416.0,406.0,20.0,8220.0,32
2023-05-11 09:51:06,PK311P10000,PK311P10000,416.0,0.0,0.0,0.0,50,402.0,413.0,30,332.5,406.0,416.0,406.0,20.0,8220.0,32
2023-05-11 09:51:18,PK311P10000,PK311P10000,416.0,0.0,0.0,0.0,10,402.5,413.0,30,332.5,406.0,416.0,406.0,20.0,8220.0,32
2023-05-11 09:51:18,PK311P10000,PK311P10000,416.0,0.0,0.0,0.0,20,402.5,413.0,30,332.5,406.0,416.0,406.0,20.0,8220.0,32
2023-05-11 09:51:19,PK311P10000,PK311P10000,416.0,0.0,0.0,0.0,30,402.5,413.0,20,332.5,406.0,416.0,406.0,20.0,8220.0,32
2023-05-11 09:51:22,PK311P10000,PK311P10000,416.0,0.0,0.0,0.0,20,402.5,413.0,20,332.5,406.0,416.0,406.0,20.0,8220.0,32
2023-05-11 09:51:23,PK311P10000,PK311P10000,416.0,0.0,0.0,0.0,30,402.5,413.0,20,332.5,406.0,416.0,406.0,20.0,8220.0,32
2023-05-11 09:51:31,PK311P10000,PK311P10000,416.0,0.0,0.0,0.0,20,404.5,413.0,20,332.5,406.0,416.0,406.0,20.0,8220.0,32
2023-05-11 09:51:35,PK311P10000,PK311P10000,416.0,0.0,0.0,0.0,30,404.5,413.0,20,332.5,406.0,416.0,406.0,20.0,8220.0,32
2023-05-11 09:51:38,PK311P10000,PK311P10000,416.0,0.0,0.0,0.0,40,404.5,413.0,20,332.5,406.0,416.0,406.0,20.0,8220.0,32
2023-05-11 09:51:38,PK311P10000,PK311P10000,416.0,0.0,0.0,0.0,30,404.5,413.0,20,332.5,406.0,416.0,406.0,20.0,8220.0,32
2023-05-11 09:51:40,PK311P10000,PK311P10000,416.0,0.0,0.0,0.0,20,404.5,413.0,20,332.5,406.0,416.0,406.0,20.0,8220.0,32
2023-05-11 09:51:47,PK311P10000,PK311P10000,416.0,0.0,0.0,0.0,10,404.5,413.0,20,332.5,406.0,416.0,406.0,20.0,8220.0,32
2023-05-11 09:51:47,PK311P10000,PK311P10000,416.0,0.0,0.0,0.0,30,403.5,413.0,20,332.5,406.0,416.0,406.0,20.0,8220.0,32
2023-05-11 09:52:05,PK311P10000,PK311P10000,416.0,0.0,0.0,0.0,20,403.5,413.0,20,332.5,406.0,416.0,406.0,20.0,8220.0,32
2023-05-11 09:52:07,PK311P10000,PK311P10000,416.0,0.0,0.0,0.0,10,403.5,413.0,20,332.5,406.0,416.0,406.0,20.0,8220.0,32
2023-05-11 09:52:08,PK311P10000,PK311P10000,416.0,0.0,0.0,0.0,30,402.5,412.5,20,332.5,406.0,416.0,406.0,20.0,8220.0,32
2023-05-11 09:52:09,PK311P10000,PK311P10000,416.0,0.0,0.0,0.0,40,402.5,412.5,20,332.5,406.0,416.0,406.0,20.0,8220.0,32
2023-05-11 09:52:13,PK311P10000,PK311P10000,416.0,0.0,0.0,0.0,50,402.5,412.5,20,332.5,406.0,416.0,406.0,20.0,8220.0,32
2023-05-11 09:52:14,PK311P10000,PK311P10000,416.0,0.0,0.0,0.0,40,402.5,412.5,20,332.5,406.0,416.0,406.0,20.0,8220.0,32
2023-05-11 09:52:36,PK311P10000,PK311P10000,416.0,0.0,0.0,0.0,10,404.0,412.0,10,332.5,406.0,416.0,406.0,20.0,8220.0,32
2023-05-11 09:52:37,PK311P10000,PK311P10000,416.0,0.0,0.0,0.0,30,404.0,412.0,20,332.5,406.0,416.0,406.0,20.0,8220.0,32
2023-05-11 09:52:41,PK311P10000,PK311P10000,416.0,0.0,0.0,0.0,30,404.0,412.0,30,332.5,406.0,416.0,406.0,20.0,8220.0,32
2023-05-11 09:52:41,PK311P10000,PK311P10000,416.0,0.0,0.0,0.0,30,404.0,412.0,20,332.5,406.0,416.0,406.0,20.0,8220.0,32
2023-05-11 09:52:42,PK311P10000,PK311P10000,416.0,0.0,0.0,0.0,40,404.0,412.0,20,332.5,406.0,416.0,406.0,20.0,8220.0,32
2023-05-11 09:52:43,PK311P10000,PK311P10000,416.0,0.0,0.0,0.0,10,404.5,412.0,20,332.5,406.0,416.0,406.0,20.0,8220.0,32
2023-05-11 09:52:43,PK311P10000,PK311P10000,416.0,0.0,0.0,0.0,10,404.0,412.0,40,332.5,406.0,416.0,406.0,20.0,8220.0,32
2023-05-11 09:52:44,PK311P10000,PK311P10000,416.0,0.0,0.0,0.0,10,404.0,412.0,30,332.5,406.0,416.0,406.0,20.0,8220.0,32
2023-05-11 09:52:45,PK311P10000,PK311P10000,416.0,0.0,0.0,0.0,20,404.0,412.0,40,332.5,406.0,416.0,406.0,20.0,8220.0,32
2023-05-11 09:52:46,PK311P10000,PK311P10000,416.0,0.0,0.0,0.0,40,402.5,411.0,20,332.5,406.0,416.0,406.0,20.0,8220.0,32
2023-05-11 09:53:05,PK311P10000,PK311P10000,416.0,0.0,0.0,0.0,40,404.0,412.0,20,332.5,406.0,416.0,406.0,20.0,8220.0,32
2023-05-11 09:53:05,PK311P10000,PK311P10000,416.0,0.0,0.0,0.0,50,404.0,412.0,20,332.5,406.0,416.0,406.0,20.0,8220.0,32
2023-05-11 09:53:06,PK311P10000,PK311P10000,416.0,0.0,0.0,0.0,20,405.0,412.5,20,332.5,406.0,416.0,406.0,20.0,8220.0,32
2023-05-11 09:53:06,PK311P10000,PK311P10000,416.0,0.0,0.0,0.0,30,405.0,413.0,10,332.5,406.0,416.0,406.0,20.0,8220.0,32
2023-05-11 09:53:07,PK311P10000,PK311P10000,416.0,0.0,0.0,0.0,40,405.0,413.0,10,332.5,406.0,416.0,406.0,20.0,8220.0,32
2023-05-11 09:53:07,PK311P10000,PK311P10000,416.0,0.0,0.0,0.0,40,405.0,413.5,50,332.5,406.0,416.0,406.0,20.0,8220.0,32
2023-05-11 09:53:12,PK311P10000,PK311P10000,416.0,0.0,0.0,0.0,40,405.0,413.5,40,332.5,406.0,416.0,406.0,20.0,8220.0,32
2023-05-11 09:53:12,PK311P10000,PK311P10000,416.0,0.0,0.0,0.0,40,405.0,413.5,30,332.5,406.0,416.0,406.0,20.0,8220.0,32
2023-05-11 09:53:25,PK311P10000,PK311P10000,416.0,0.0,0.0,0.0,20,405.5,413.5,20,332.5,406.0,416.0,406.0,20.0,8220.0,32
2023-05-11 09:53:25,PK311P10000,PK311P10000,416.0,0.0,0.0,0.0,10,405.5,413.5,20,332.5,406.0,416.0,406.0,20.0,8220.0,32
2023-05-11 09:53:26,PK311P10000,PK311P10000,416.0,0.0,0.0,0.0,10,406.5,413.5,10,332.5,406.0,416.0,406.0,20.0,8220.0,32
2023-05-11 09:53:27,PK311P10000,PK311P10000,416.0,0.0,0.0,0.0,40,406.5,414.5,30,332.5,406.0,416.0,406.0,20.0,8220.0,32
2023-05-11 09:53:27,PK311P10000,PK311P10000,416.0,0.0,0.0,0.0,40,406.5,414.5,20,332.5,406.0,416.0,406.0,20.0,8220.0,32
2023-05-11 09:53:30,PK311P10000,PK311P10000,416.0,0.0,0.0,0.0,10,408.0,414.5,10,332.5,406.0,416.0,406.0,20.0,8220.0,32
2023-05-11 09:53:31,PK311P10000,PK311P10000,416.0,0.0,0.0,0.0,10,408.0,414.5,20,332.5,406.0,416.0,406.0,20.0,8220.0,32
2023-05-11 09:53:32,PK311P10000,PK311P10000,416.0,0.0,0.0,0.0,10,407.5,414.5,30,332.5,406.0,416.0,406.0,20.0,8220.0,32
2023-05-11 09:53:33,PK311P10000,PK311P10000,416.0,0.0,0.0,0.0,20,406.5,414.5,40,332.5,406.0,416.0,406.0,20.0,8220.0,32
2023-05-11 09:53:34,PK311P10000,PK311P10000,416.0,0.0,0.0,0.0,30,406.5,414.5,40,332.5,406.0,416.0,406.0,20.0,8220.0,32
2023-05-11 09:53:34,PK311P10000,PK311P10000,416.0,0.0,0.0,0.0,30,406.5,414.5,30,332.5,406.0,416.0,406.0,20.0,8220.0,32
2023-05-11 09:53:37,PK311P10000,PK311P10000,416.0,0.0,0.0,0.0,40,406.5,414.5,20,332.5,406.0,416.0,406.0,20.0,8220.0,32
2023-05-11 09:53:38,PK311P10000,PK311P10000,416.0,0.0,0.0,0.0,30,406.5,414.5,30,332.5,406.0,416.0,406.0,20.0,8220.0,32
2023-05-11 09:53:39,PK311P10000,PK311P10000,416.0,0.0,0.0,0.0,40,406.5,414.5,20,332.5,406.0,416.0,406.0,20.0,8220.0,32
2023-05-11 09:54:02,PK311P10000,PK311P10000,416.0,0.0,0.0,0.0,50,406.5,414.5,20,332.5,406.0,416.0,406.0,20.0,8220.0,32
2023-05-11 09:54:03,PK311P10000,PK311P10000,416.0,0.0,0.0,0.0,10,408.0,414.5,10,332.5,406.0,416.0,406.0,20.0,8220.0,32
2023-05-11 09:54:04,PK311P10000,PK311P10000,416.0,0.0,0.0,0.0,30,408.0,415.5,30,332.5,406.0,416.0,406.0,20.0,8220.0,32
2023-05-11 09:54:07,PK311P10000,PK311P10000,416.0,0.0,0.0,0.0,10,409.5,415.5,20,332.5,406.0,416.0,406.0,20.0,8220.0,32
2023-05-11 09:54:08,PK311P10000,PK311P10000,416.0,0.0,0.0,0.0,10,409.5,416.5,10,332.5,406.0,416.0,406.0,20.0,8220.0,32
2023-05-11 09:54:09,PK311P10000,PK311P10000,416.0,0.0,0.0,0.0,10,409.5,416.5,20,332.5,406.0,416.0,406.0,20.0,8220.0,32
2023-05-11 09:54:10,PK311P10000,PK311P10000,416.0,0.0,0.0,0.0,10,409.5,416.5,10,332.5,406.0,416.0,406.0,20.0,8220.0,32
2023-05-11 09:54:10,PK311P10000,PK311P10000,416.0,0.0,0.0,0.0,10,409.5,417.0,20,332.5,406.0,416.0,406.0,20.0,8220.0,32
2023-05-11 09:54:18,PK311P10000,PK311P10000,416.0,0.0,0.0,0.0,20,409.5,417.0,20,332.5,406.0,416.0,406.0,20.0,8220.0,32
2023-05-11 09:54:30,PK311P10000,PK311P10000,416.0,0.0,0.0,0.0,30,409.5,417.0,30,332.5,406.0,416.0,406.0,20.0,8220.0,32
2023-05-11 09:54:34,PK311P10000,PK311P10000,416.0,0.0,0.0,0.0,10,410.0,417.0,10,332.5,406.0,416.0,406.0,20.0,8220.0,32
2023-05-11 09:54:35,PK311P10000,PK311P10000,416.0,0.0,0.0,0.0,40,410.0,417.5,20,332.5,406.0,416.0,406.0,20.0,8220.0,32
2023-05-11 09:54:36,PK311P10000,PK311P10000,416.0,0.0,0.0,0.0,20,411.0,418.5,10,332.5,406.0,416.0,406.0,20.0,8220.0,32
2023-05-11 09:54:36,PK311P10000,PK311P10000,416.0,0.0,0.0,0.0,30,411.0,418.5,20,332.5,406.0,416.0,406.0,20.0,8220.0,32
2023-05-11 09:54:37,PK311P10000,PK311P10000,416.0,0.0,0.0,0.0,40,411.0,418.5,30,332.5,406.0,416.0,406.0,20.0,8220.0,32
2023-05-11 09:54:40,PK311P10000,PK311P10000,416.0,0.0,0.0,0.0,40,411.0,418.5,20,332.5,406.0,416.0,406.0,20.0,8220.0,32
2023-05-11 09:54:45,PK311P10000,PK311P10000,416.0,0.0,0.0,0.0,20,412.5,418.5,20,332.5,406.0,416.0,406.0,20.0,8220.0,32
2023-05-11 09:54:47,PK311P10000,PK311P10000,416.0,0.0,0.0,0.0,30,412.5,419.0,20,332.5,406.0,416.0,406.0,20.0,8220.0,32
2023-05-11 09:54:49,PK311P10000,PK311P10000,416.0,0.0,0.0,0.0,20,412.5,419.0,20,332.5,406.0,416.0,406.0,20.0,8220.0,32
2023-05-11 09:54:59,PK311P10000,PK311P10000,416.0,0.0,0.0,0.0,30,412.5,420.0,20,332.5,406.0,416.0,406.0,20.0,8220.0,32
2023-05-11 09:55:00,PK311P10000,PK311P10000,416.0,0.0,0.0,0.0,40,412.5,420.0,20,332.5,406.0,416.0,406.0,20.0,8220.0,32
2023-05-11 09:55:00,PK311P10000,PK311P10000,416.0,0.0,0.0,0.0,30,412.5,420.0,20,332.5,406.0,416.0,406.0,20.0,8220.0,32
2023-05-11 09:55:01,PK311P10000,PK311P10000,416.0,0.0,0.0,0.0,10,413.5,420.0,10,332.5,406.0,416.0,406.0,20.0,8220.0,32
2023-05-11 09:55:01,PK311P10000,PK311P10000,416.0,0.0,0.0,0.0,10,412.0,419.0,10,332.5,406.0,416.0,406.0,20.0,8220.0,32
2023-05-11 09:55:02,PK311P10000,PK311P10000,416.0,0.0,0.0,0.0,20,412.0,419.0,10,332.5,406.0,416.0,406.0,20.0,8220.0,32
2023-05-11 09:55:02,PK311P10000,PK311P10000,416.0,0.0,0.0,0.0,20,412.0,420.0,20,332.5,406.0,416.0,406.0,20.0,8220.0,32
2023-05-11 09:55:03,PK311P10000,PK311P10000,416.0,0.0,0.0,0.0,20,412.0,420.0,10,332.5,406.0,416.0,406.0,20.0,8220.0,32
2023-05-11 09:55:04,PK311P10000,PK311P10000,416.0,0.0,0.0,0.0,20,412.0,420.0,20,332.5,406.0,416.0,406.0,20.0,8220.0,32
2023-05-11 09:55:04,PK311P10000,PK311P10000,416.0,0.0,0.0,0.0,20,412.0,420.0,40,332.5,406.0,416.0,406.0,20.0,8220.0,32
2023-05-11 09:55:05,PK311P10000,PK311P10000,416.0,0.0,0.0,0.0,20,412.0,420.0,30,332.5,406.0,416.0,406.0,20.0,8220.0,32
2023-05-11 09:55:05,PK311P10000,PK311P10000,416.0,0.0,0.0,0.0,30,412.0,420.0,20,332.5,406.0,416.0,406.0,20.0,8220.0,32
2023-05-11 09:55:06,PK311P10000,PK311P10000,416.0,0.0,0.0,0.0,50,412.0,420.0,20,332.5,406.0,416.0,406.0,20.0,8220.0,32
2023-05-11 09:55:07,PK311P10000,PK311P10000,416.0,0.0,0.0,0.0,30,413.0,420.0,20,332.5,406.0,416.0,406.0,20.0,8220.0,32
2023-05-11 09:55:07,PK311P10000,PK311P10000,416.0,0.0,0.0,0.0,10,413.5,421.5,20,332.5,406.0,416.0,406.0,20.0,8220.0,32
2023-05-11 09:55:08,PK311P10000,PK311P10000,416.0,0.0,0.0,0.0,10,414.0,421.5,10,332.5,406.0,416.0,406.0,20.0,8220.0,32
2023-05-11 09:55:08,PK311P10000,PK311P10000,416.0,0.0,0.0,0.0,40,414.0,421.5,20,332.5,406.0,416.0,406.0,20.0,8220.0,32
2023-05-11 09:55:09,PK311P10000,PK311P10000,416.0,0.0,0.0,0.0,30,414.0,421.5,20,332.5,406.0,416.0,406.0,20.0,8220.0,32
2023-05-11 09:55:09,PK311P10000,PK311P10000,416.0,0.0,0.0,0.0,40,414.0,421.5,20,332.5,406.0,416.0,406.0,20.0,8220.0,32
2023-05-11 09:55:10,PK311P10000,PK311P10000,416.0,0.0,0.0,0.0,10,415.0,422.5,10,332.5,406.0,416.0,406.0,20.0,8220.0,32
2023-05-11 09:55:10,PK311P10000,PK311P10000,416.0,0.0,0.0,0.0,20,415.0,422.5,20,332.5,406.0,416.0,406.0,20.0,8220.0,32
2023-05-11 09:55:12,PK311P10000,PK311P10000,416.0,0.0,0.0,0.0,30,415.0,422.5,30,332.5,406.0,416.0,406.0,20.0,8220.0,32
2023-05-11 09:55:14,PK311P10000,PK311P10000,416.0,0.0,0.0,0.0,20,415.0,421.5,10,332.5,406.0,416.0,406.0,20.0,8220.0,32
2023-05-11 09:55:14,PK311P10000,PK311P10000,416.0,0.0,0.0,0.0,10,414.0,421.5,30,332.5,406.0,416.0,406.0,20.0,8220.0,32
2023-05-11 09:55:15,PK311P10000,PK311P10000,416.0,0.0,0.0,0.0,20,413.5,421.5,20,332.5,406.0,416.0,406.0,20.0,8220.0,32
2023-05-11 09:55:16,PK311P10000,PK311P10000,416.0,0.0,0.0,0.0,20,413.5,421.5,10,332.5,406.0,416.0,406.0,20.0,8220.0,32
2023-05-11 09:55:17,PK311P10000,PK311P10000,416.0,0.0,0.0,0.0,30,413.5,421.5,20,332.5,406.0,416.0,406.0,20.0,8220.0,32
2023-05-11 09:55:19,PK311P10000,PK311P10000,416.0,0.0,0.0,0.0,20,413.5,420.0,10,332.5,406.0,416.0,406.0,20.0,8220.0,32
2023-05-11 09:55:24,PK311P10000,PK311P10000,416.0,0.0,0.0,0.0,30,413.5,420.5,10,332.5,406.0,416.0,406.0,20.0,8220.0,32
2023-05-11 09:55:24,PK311P10000,PK311P10000,416.0,0.0,0.0,0.0,30,413.5,421.5,20,332.5,406.0,416.0,406.0,20.0,8220.0,32
2023-05-11 09:55:27,PK311P10000,PK311P10000,416.0,0.0,0.0,0.0,40,413.5,421.5,20,332.5,406.0,416.0,406.0,20.0,8220.0,32
2023-05-11 09:55:38,PK311P10000,PK311P10000,416.0,0.0,0.0,0.0,30,413.5,421.5,20,332.5,406.0,416.0,406.0,20.0,8220.0,32
2023-05-11 09:55:40,PK311P10000,PK311P10000,416.0,0.0,0.0,0.0,40,413.5,421.5,20,332.5,406.0,416.0,406.0,20.0,8220.0,32
2023-05-11 09:55:41,PK311P10000,PK311P10000,416.0,0.0,0.0,0.0,30,413.5,421.5,20,332.5,406.0,416.0,406.0,20.0,8220.0,32
2023-05-11 09:55:46,PK311P10000,PK311P10000,416.0,0.0,0.0,0.0,40,413.5,421.5,20,332.5,406.0,416.0,406.0,20.0,8220.0,32
2023-05-11 09:55:47,PK311P10000,PK311P10000,416.0,0.0,0.0,0.0,10,415.0,421.5,10,332.5,406.0,416.0,406.0,20.0,8220.0,32
2023-05-11 09:55:47,PK311P10000,PK311P10000,416.0,0.0,0.0,0.0,20,415.0,422.5,20,332.5,406.0,416.0,406.0,20.0,8220.0,32
2023-05-11 09:55:47,PK311P10000,PK311P10000,416.0,0.0,0.0,0.0,30,415.0,422.5,30,332.5,406.0,416.0,406.0,20.0,8220.0,32
2023-05-11 09:55:52,PK311P10000,PK311P10000,416.0,0.0,0.0,0.0,30,415.0,423.0,30,332.5,406.0,416.0,406.0,20.0,8220.0,32
2023-05-11 09:55:52,PK311P10000,PK311P10000,416.0,0.0,0.0,0.0,30,415.0,423.0,20,332.5,406.0,416.0,406.0,20.0,8220.0,32
2023-05-11 09:55:53,PK311P10000,PK311P10000,416.0,0.0,0.0,0.0,30,416.5,424.5,20,332.5,406.0,416.0,406.0,20.0,8220.0,32
2023-05-11 09:55:55,PK311P10000,PK311P10000,416.0,0.0,0.0,0.0,40,416.5,424.5,30,332.5,406.0,416.0,406.0,20.0,8220.0,32
2023-05-11 09:55:56,PK311P10000,PK311P10000,416.0,0.0,0.0,0.0,50,416.5,424.5,30,332.5,406.0,416.0,406.0,20.0,8220.0,32
2023-05-11 09:56:03,PK311P10000,PK311P10000,416.0,0.0,0.0,0.0,30,416.5,424.5,30,332.5,406.0,416.0,406.0,20.0,8220.0,32
2023-05-11 09:56:04,PK311P10000,PK311P10000,416.0,0.0,0.0,0.0,20,416.5,423.0,10,332.5,406.0,416.0,406.0,20.0,8220.0,32
2023-05-11 09:56:04,PK311P10000,PK311P10000,416.0,0.0,0.0,0.0,10,415.5,423.0,30,332.5,406.0,416.0,406.0,20.0,8220.0,32
2023-05-11 09:56:05,PK311P10000,PK311P10000,416.0,0.0,0.0,0.0,20,415.5,423.0,40,332.5,406.0,416.0,406.0,20.0,8220.0,32
2023-05-11 09:56:07,PK311P10000,PK311P10000,416.0,0.0,0.0,0.0,10,415.5,423.0,40,332.5,406.0,416.0,406.0,20.0,8220.0,32
2023-05-11 09:56:07,PK311P10000,PK311P10000,416.0,0.0,0.0,0.0,10,415.0,421.5,10,332.5,406.0,416.0,406.0,20.0,8220.0,32
2023-05-11 09:56:08,PK311P10000,PK311P10000,416.0,0.0,0.0,0.0,10,414.0,421.5,20,332.5,406.0,416.0,406.0,20.0,8220.0,32
2023-05-11 09:56:08,PK311P10000,PK311P10000,416.0,0.0,0.0,0.0,10,414.0,421.5,30,332.5,406.0,416.0,406.0,20.0,8220.0,32
2023-05-11 09:56:09,PK311P10000,PK311P10000,416.0,0.0,0.0,0.0,30,413.5,421.5,30,332.5,406.0,416.0,406.0,20.0,8220.0,32
2023-05-11 09:56:11,PK311P10000,PK311P10000,416.0,0.0,0.0,0.0,10,415.0,421.5,30,332.5,406.0,416.0,406.0,20.0,8220.0,32
2023-05-11 09:56:11,PK311P10000,PK311P10000,416.0,0.0,0.0,0.0,10,415.0,421.5,20,332.5,406.0,416.0,406.0,20.0,8220.0,32
2023-05-11 09:56:12,PK311P10000,PK311P10000,416.0,0.0,0.0,0.0,20,415.0,421.5,10,332.5,406.0,416.0,406.0,20.0,8220.0,32
2023-05-11 09:56:13,PK311P10000,PK311P10000,416.0,0.0,0.0,0.0,30,415.0,421.5,20,332.5,406.0,416.0,406.0,20.0,8220.0,32
2023-05-11 09:56:18,PK311P10000,PK311P10000,416.0,0.0,0.0,0.0,40,415.0,422.0,20,332.5,406.0,416.0,406.0,20.0,8220.0,32
2023-05-11 09:56:33,PK311P10000,PK311P10000,416.0,0.0,0.0,0.0,30,415.0,422.0,30,332.5,406.0,416.0,406.0,20.0,8220.0,32
2023-05-11 09:56:33,PK311P10000,PK311P10000,416.0,0.0,0.0,0.0,20,415.0,422.0,30,332.5,406.0,416.0,406.0,20.0,8220.0,32
2023-05-11 09:56:34,PK311P10000,PK311P10000,416.0,0.0,0.0,0.0,30,415.0,422.0,20,332.5,406.0,416.0,406.0,20.0,8220.0,32
2023-05-11 09:56:35,PK311P10000,PK311P10000,416.0,0.0,0.0,0.0,20,415.0,422.0,20,332.5,406.0,416.0,406.0,20.0,8220.0,32
2023-05-11 09:56:38,PK311P10000,PK311P10000,416.0,0.0,0.0,0.0,10,415.0,422.0,30,332.5,406.0,416.0,406.0,20.0,8220.0,32
2023-05-11 09:56:38,PK311P10000,PK311P10000,416.0,0.0,0.0,0.0,20,414.5,422.0,30,332.5,406.0,416.0,406.0,20.0,8220.0,32
2023-05-11 09:57:02,PK311P10000,PK311P10000,416.0,0.0,0.0,0.0,10,415.0,422.0,20,332.5,406.0,416.0,406.0,20.0,8220.0,32
2023-05-11 09:57:03,PK311P10000,PK311P10000,416.0,0.0,0.0,0.0,40,415.0,422.5,20,332.5,406.0,416.0,406.0,20.0,8220.0,32
2023-05-11 09:57:04,PK311P10000,PK311P10000,416.0,0.0,0.0,0.0,50,415.0,422.5,20,332.5,406.0,416.0,406.0,20.0,8220.0,32
2023-05-11 09:57:08,PK311P10000,PK311P10000,416.0,0.0,0.0,0.0,40,415.0,422.5,20,332.5,406.0,416.0,406.0,20.0,8220.0,32
2023-05-11 09:57:09,PK311P10000,PK311P10000,416.0,0.0,0.0,0.0,50,415.0,422.5,20,332.5,406.0,416.0,406.0,20.0,8220.0,32
2023-05-11 09:57:11,PK311P10000,PK311P10000,416.0,0.0,0.0,0.0,40,415.0,422.5,20,332.5,406.0,416.0,406.0,20.0,8220.0,32
2023-05-11 09:57:12,PK311P10000,PK311P10000,416.0,0.0,0.0,0.0,10,417.0,422.5,20,332.5,406.0,416.0,406.0,20.0,8220.0,32
2023-05-11 09:57:13,PK311P10000,PK311P10000,416.0,0.0,0.0,0.0,20,417.0,422.5,10,332.5,406.0,416.0,406.0,20.0,8220.0,32
2023-05-11 09:57:13,PK311P10000,PK311P10000,416.0,0.0,0.0,0.0,20,417.0,422.5,20,332.5,406.0,416.0,406.0,20.0,8220.0,32
2023-05-11 09:57:16,PK311P10000,PK311P10000,416.0,0.0,0.0,0.0,30,417.0,422.5,10,332.5,406.0,416.0,406.0,20.0,8220.0,32
2023-05-11 09:57:17,PK311P10000,PK311P10000,416.0,0.0,0.0,0.0,30,417.0,423.0,20,332.5,406.0,416.0,406.0,20.0,8220.0,32
2023-05-11 09:57:17,PK311P10000,PK311P10000,416.0,0.0,0.0,0.0,20,417.0,423.0,20,332.5,406.0,416.0,406.0,20.0,8220.0,32
2023-05-11 09:57:20,PK311P10000,PK311P10000,416.0,0.0,0.0,0.0,20,417.0,423.0,40,332.5,406.0,416.0,406.0,20.0,8220.0,32
2023-05-11 09:57:22,PK311P10000,PK311P10000,416.0,0.0,0.0,0.0,10,417.0,423.0,40,332.5,406.0,416.0,406.0,20.0,8220.0,32
2023-05-11 09:57:22,PK311P10000,PK311P10000,416.0,0.0,0.0,0.0,30,415.5,423.0,40,332.5,406.0,416.0,406.0,20.0,8220.0,32
2023-05-11 09:57:22,PK311P10000,PK311P10000,416.0,0.0,0.0,0.0,30,415.5,423.0,30,332.5,406.0,416.0,406.0,20.0,8220.0,32
2023-05-11 09:57:26,PK311P10000,PK311P10000,416.0,0.0,0.0,0.0,60,415.5,423.0,20,332.5,406.0,416.0,406.0,20.0,8220.0,32
2023-05-11 09:57:33,PK311P10000,PK311P10000,416.0,0.0,0.0,0.0,50,415.5,423.0,20,332.5,406.0,416.0,406.0,20.0,8220.0,32
2023-05-11 09:57:36,PK311P10000,PK311P10000,416.0,0.0,0.0,0.0,40,415.5,423.0,20,332.5,406.0,416.0,406.0,20.0,8220.0,32
2023-05-11 09:58:11,PK311P10000,PK311P10000,416.0,0.0,0.0,0.0,30,415.5,423.0,20,332.5,406.0,416.0,406.0,20.0,8220.0,32
2023-05-11 09:58:12,PK311P10000,PK311P10000,416.0,0.0,0.0,0.0,20,415.5,423.0,20,332.5,406.0,416.0,406.0,20.0,8220.0,32
2023-05-11 09:58:14,PK311P10000,PK311P10000,416.0,0.0,0.0,0.0,20,415.5,423.0,30,332.5,406.0,416.0,406.0,20.0,8220.0,32
2023-05-11 09:58:15,PK311P10000,PK311P10000,416.0,0.0,0.0,0.0,20,415.5,423.0,20,332.5,406.0,416.0,406.0,20.0,8220.0,32
2023-05-11 09:58:17,PK311P10000,PK311P10000,416.0,0.0,0.0,0.0,50,414.0,422.0,20,332.5,406.0,416.0,406.0,20.0,8220.0,32
2023-05-11 09:58:18,PK311P10000,PK311P10000,416.0,0.0,0.0,0.0,30,414.0,422.0,10,332.5,406.0,416.0,406.0,20.0,8220.0,32
2023-05-11 09:58:19,PK311P10000,PK311P10000,416.0,0.0,0.0,0.0,20,414.0,422.0,20,332.5,406.0,416.0,406.0,20.0,8220.0,32
2023-05-11 09:58:25,PK311P10000,PK311P10000,416.0,0.0,0.0,0.0,10,414.0,422.0,20,332.5,406.0,416.0,406.0,20.0,8220.0,32
2023-05-11 09:58:34,PK311P10000,PK311P10000,416.0,0.0,0.0,0.0,30,414.0,422.0,30,332.5,406.0,416.0,406.0,20.0,8220.0,32
2023-05-11 09:58:35,PK311P10000,PK311P10000,416.0,0.0,0.0,0.0,40,414.0,422.0,30,332.5,406.0,416.0,406.0,20.0,8220.0,32
2023-05-11 09:58:35,PK311P10000,PK311P10000,416.0,0.0,0.0,0.0,10,415.5,422.0,10,332.5,406.0,416.0,406.0,20.0,8220.0,32
2023-05-11 09:58:36,PK311P10000,PK311P10000,416.0,0.0,0.0,0.0,20,415.5,423.5,20,332.5,406.0,416.0,406.0,20.0,8220.0,32
2023-05-11 09:58:36,PK311P10000,PK311P10000,416.0,0.0,0.0,0.0,40,415.5,423.5,30,332.5,406.0,416.0,406.0,20.0,8220.0,32
2023-05-11 09:58:49,PK311P10000,PK311P10000,416.0,0.0,0.0,0.0,10,417.0,423.5,20,332.5,406.0,416.0,406.0,20.0,8220.0,32
2023-05-11 09:58:49,PK311P10000,PK311P10000,416.0,0.0,0.0,0.0,20,417.0,423.5,20,332.5,406.0,416.0,406.0,20.0,8220.0,32
2023-05-11 09:58:56,PK311P10000,PK311P10000,416.0,0.0,0.0,0.0,20,417.0,423.5,30,332.5,406.0,416.0,406.0,20.0,8220.0,32
2023-05-11 09:58:58,PK311P10000,PK311P10000,416.0,0.0,0.0,0.0,30,415.5,423.5,40,332.5,406.0,416.0,406.0,20.0,8220.0,32
2023-05-11 09:58:59,PK311P10000,PK311P10000,416.0,0.0,0.0,0.0,40,415.5,423.5,30,332.5,406.0,416.0,406.0,20.0,8220.0,32
2023-05-11 09:59:04,PK311P10000,PK311P10000,416.0,0.0,0.0,0.0,20,415.5,423.5,30,332.5,406.0,416.0,406.0,20.0,8220.0,32
2023-05-11 09:59:29,PK311P10000,PK311P10000,416.0,0.0,0.0,0.0,30,415.5,423.5,30,332.5,406.0,416.0,406.0,20.0,8220.0,32
2023-05-11 09:59:31,PK311P10000,PK311P10000,416.0,0.0,0.0,0.0,20,415.5,423.5,30,332.5,406.0,416.0,406.0,20.0,8220.0,32
