time,symbol_id,symbol_name,last,trade_volume,trade_amount,open_interest_change,bv1,bp1,ap1,av1,yesterday_close,today_open,today_high,today_low,volume,amount,open_interest
2023-05-11 09:00:05,PK311P10800,PK311P10800,730.5,0.0,0.0,0.0,10,4.0,0.0,0,730.5,0.0,0.0,0.0,0.0,0.0,0
2023-05-11 09:00:25,PK311P10800,PK311P10800,730.5,0.0,0.0,0.0,10,7.5,0.0,0,730.5,0.0,0.0,0.0,0.0,0.0,0
2023-05-11 09:00:27,PK311P10800,PK311P10800,730.5,0.0,0.0,0.0,1,90.0,0.0,0,730.5,0.0,0.0,0.0,0.0,0.0,0
2023-05-11 09:00:27,PK311P10800,PK311P10800,730.5,0.0,0.0,0.0,10,93.0,0.0,0,730.5,0.0,0.0,0.0,0.0,0.0,0
2023-05-11 09:00:32,PK311P10800,PK311P10800,730.5,0.0,0.0,0.0,10,96.5,0.0,0,730.5,0.0,0.0,0.0,0.0,0.0,0
2023-05-11 09:00:33,PK311P10800,PK311P10800,730.5,0.0,0.0,0.0,10,97.0,0.0,0,730.5,0.0,0.0,0.0,0.0,0.0,0
2023-05-11 09:00:33,PK311P10800,PK311P10800,730.5,0.0,0.0,0.0,10,100.0,0.0,0,730.5,0.0,0.0,0.0,0.0,0.0,0
2023-05-11 09:00:34,PK311P10800,PK311P10800,730.5,0.0,0.0,0.0,10,103.5,0.0,0,730.5,0.0,0.0,0.0,0.0,0.0,0
2023-05-11 09:00:34,PK311P10800,PK311P10800,730.5,0.0,0.0,0.0,10,104.0,0.0,0,730.5,0.0,0.0,0.0,0.0,0.0,0
2023-05-11 09:00:34,PK311P10800,PK311P10800,730.5,0.0,0.0,0.0,10,107.0,0.0,0,730.5,0.0,0.0,0.0,0.0,0.0,0
2023-05-11 09:00:35,PK311P10800,PK311P10800,730.5,0.0,0.0,0.0,10,110.5,0.0,0,730.5,0.0,0.0,0.0,0.0,0.0,0
2023-05-11 09:00:36,PK311P10800,PK311P10800,730.5,0.0,0.0,0.0,10,111.0,0.0,0,730.5,0.0,0.0,0.0,0.0,0.0,0
2023-05-11 09:00:36,PK311P10800,PK311P10800,730.5,0.0,0.0,0.0,10,114.0,0.0,0,730.5,0.0,0.0,0.0,0.0,0.0,0
2023-05-11 09:00:37,PK311P10800,PK311P10800,730.5,0.0,0.0,0.0,10,117.5,0.0,0,730.5,0.0,0.0,0.0,0.0,0.0,0
2023-05-11 09:00:37,PK311P10800,PK311P10800,730.5,0.0,0.0,0.0,10,118.0,0.0,0,730.5,0.0,0.0,0.0,0.0,0.0,0
2023-05-11 09:00:37,PK311P10800,PK311P10800,730.5,0.0,0.0,0.0,10,121.0,0.0,0,730.5,0.0,0.0,0.0,0.0,0.0,0
2023-05-11 09:00:38,PK311P10800,PK311P10800,730.5,0.0,0.0,0.0,10,124.5,0.0,0,730.5,0.0,0.0,0.0,0.0,0.0,0
2023-05-11 09:00:39,PK311P10800,PK311P10800,730.5,0.0,0.0,0.0,10,125.0,0.0,0,730.5,0.0,0.0,0.0,0.0,0.0,0
2023-05-11 09:00:39,PK311P10800,PK311P10800,730.5,0.0,0.0,0.0,10,128.0,0.0,0,730.5,0.0,0.0,0.0,0.0,0.0,0
2023-05-11 09:00:40,PK311P10800,PK311P10800,730.5,0.0,0.0,0.0,10,131.5,0.0,0,730.5,0.0,0.0,0.0,0.0,0.0,0
2023-05-11 09:00:40,PK311P10800,PK311P10800,730.5,0.0,0.0,0.0,10,132.0,0.0,0,730.5,0.0,0.0,0.0,0.0,0.0,0
2023-05-11 09:00:40,PK311P10800,PK311P10800,730.5,0.0,0.0,0.0,10,135.0,0.0,0,730.5,0.0,0.0,0.0,0.0,0.0,0
2023-05-11 09:00:41,PK311P10800,PK311P10800,730.5,0.0,0.0,0.0,10,138.5,0.0,0,730.5,0.0,0.0,0.0,0.0,0.0,0
2023-05-11 09:00:42,PK311P10800,PK311P10800,730.5,0.0,0.0,0.0,10,139.0,0.0,0,730.5,0.0,0.0,0.0,0.0,0.0,0
2023-05-11 09:00:42,PK311P10800,PK311P10800,730.5,0.0,0.0,0.0,10,142.0,0.0,0,730.5,0.0,0.0,0.0,0.0,0.0,0
2023-05-11 09:00:43,PK311P10800,PK311P10800,730.5,0.0,0.0,0.0,10,145.5,0.0,0,730.5,0.0,0.0,0.0,0.0,0.0,0
2023-05-11 09:00:43,PK311P10800,PK311P10800,730.5,0.0,0.0,0.0,10,146.0,0.0,0,730.5,0.0,0.0,0.0,0.0,0.0,0
2023-05-11 09:00:43,PK311P10800,PK311P10800,730.5,0.0,0.0,0.0,10,149.0,0.0,0,730.5,0.0,0.0,0.0,0.0,0.0,0
2023-05-11 09:00:44,PK311P10800,PK311P10800,730.5,0.0,0.0,0.0,10,152.5,0.0,0,730.5,0.0,0.0,0.0,0.0,0.0,0
2023-05-11 09:00:45,PK311P10800,PK311P10800,730.5,0.0,0.0,0.0,10,153.0,0.0,0,730.5,0.0,0.0,0.0,0.0,0.0,0
2023-05-11 09:00:45,PK311P10800,PK311P10800,730.5,0.0,0.0,0.0,10,156.0,0.0,0,730.5,0.0,0.0,0.0,0.0,0.0,0
2023-05-11 09:00:46,PK311P10800,PK311P10800,730.5,0.0,0.0,0.0,10,159.5,0.0,0,730.5,0.0,0.0,0.0,0.0,0.0,0
2023-05-11 09:00:46,PK311P10800,PK311P10800,730.5,0.0,0.0,0.0,10,160.0,0.0,0,730.5,0.0,0.0,0.0,0.0,0.0,0
2023-05-11 09:00:46,PK311P10800,PK311P10800,730.5,0.0,0.0,0.0,10,163.0,0.0,0,730.5,0.0,0.0,0.0,0.0,0.0,0
2023-05-11 09:00:47,PK311P10800,PK311P10800,730.5,0.0,0.0,0.0,10,166.5,0.0,0,730.5,0.0,0.0,0.0,0.0,0.0,0
2023-05-11 09:00:48,PK311P10800,PK311P10800,730.5,0.0,0.0,0.0,10,167.0,0.0,0,730.5,0.0,0.0,0.0,0.0,0.0,0
2023-05-11 09:00:48,PK311P10800,PK311P10800,730.5,0.0,0.0,0.0,10,170.0,0.0,0,730.5,0.0,0.0,0.0,0.0,0.0,0
2023-05-11 09:00:49,PK311P10800,PK311P10800,730.5,0.0,0.0,0.0,10,173.5,0.0,0,730.5,0.0,0.0,0.0,0.0,0.0,0
2023-05-11 09:00:49,PK311P10800,PK311P10800,730.5,0.0,0.0,0.0,10,174.0,0.0,0,730.5,0.0,0.0,0.0,0.0,0.0,0
2023-05-11 09:00:49,PK311P10800,PK311P10800,730.5,0.0,0.0,0.0,10,177.0,0.0,0,730.5,0.0,0.0,0.0,0.0,0.0,0
2023-05-11 09:00:50,PK311P10800,PK311P10800,730.5,0.0,0.0,0.0,10,180.5,0.0,0,730.5,0.0,0.0,0.0,0.0,0.0,0
2023-05-11 09:00:51,PK311P10800,PK311P10800,730.5,0.0,0.0,0.0,10,181.0,0.0,0,730.5,0.0,0.0,0.0,0.0,0.0,0
2023-05-11 09:00:51,PK311P10800,PK311P10800,730.5,0.0,0.0,0.0,10,184.0,0.0,0,730.5,0.0,0.0,0.0,0.0,0.0,0
2023-05-11 09:00:52,PK311P10800,PK311P10800,730.5,0.0,0.0,0.0,10,187.5,0.0,0,730.5,0.0,0.0,0.0,0.0,0.0,0
2023-05-11 09:00:52,PK311P10800,PK311P10800,730.5,0.0,0.0,0.0,10,188.0,0.0,0,730.5,0.0,0.0,0.0,0.0,0.0,0
2023-05-11 09:00:52,PK311P10800,PK311P10800,730.5,0.0,0.0,0.0,10,191.0,0.0,0,730.5,0.0,0.0,0.0,0.0,0.0,0
2023-05-11 09:00:53,PK311P10800,PK311P10800,730.5,0.0,0.0,0.0,10,194.5,0.0,0,730.5,0.0,0.0,0.0,0.0,0.0,0
2023-05-11 09:00:54,PK311P10800,PK311P10800,730.5,0.0,0.0,0.0,10,195.0,0.0,0,730.5,0.0,0.0,0.0,0.0,0.0,0
2023-05-11 09:00:54,PK311P10800,PK311P10800,730.5,0.0,0.0,0.0,10,198.0,0.0,0,730.5,0.0,0.0,0.0,0.0,0.0,0
2023-05-11 09:00:55,PK311P10800,PK311P10800,730.5,0.0,0.0,0.0,10,201.5,0.0,0,730.5,0.0,0.0,0.0,0.0,0.0,0
2023-05-11 09:00:55,PK311P10800,PK311P10800,730.5,0.0,0.0,0.0,10,202.0,0.0,0,730.5,0.0,0.0,0.0,0.0,0.0,0
2023-05-11 09:00:55,PK311P10800,PK311P10800,730.5,0.0,0.0,0.0,10,205.0,0.0,0,730.5,0.0,0.0,0.0,0.0,0.0,0
2023-05-11 09:00:56,PK311P10800,PK311P10800,730.5,0.0,0.0,0.0,10,208.5,0.0,0,730.5,0.0,0.0,0.0,0.0,0.0,0
2023-05-11 09:03:43,PK311P10800,PK311P10800,730.5,0.0,0.0,0.0,10,209.0,0.0,0,730.5,0.0,0.0,0.0,0.0,0.0,0
2023-05-11 09:03:43,PK311P10800,PK311P10800,730.5,0.0,0.0,0.0,10,212.0,0.0,0,730.5,0.0,0.0,0.0,0.0,0.0,0
2023-05-11 09:03:44,PK311P10800,PK311P10800,730.5,0.0,0.0,0.0,10,215.5,0.0,0,730.5,0.0,0.0,0.0,0.0,0.0,0
2023-05-11 09:03:44,PK311P10800,PK311P10800,730.5,0.0,0.0,0.0,10,216.0,0.0,0,730.5,0.0,0.0,0.0,0.0,0.0,0
2023-05-11 09:03:44,PK311P10800,PK311P10800,730.5,0.0,0.0,0.0,10,219.0,0.0,0,730.5,0.0,0.0,0.0,0.0,0.0,0
2023-05-11 09:03:45,PK311P10800,PK311P10800,730.5,0.0,0.0,0.0,10,222.5,0.0,0,730.5,0.0,0.0,0.0,0.0,0.0,0
2023-05-11 09:03:46,PK311P10800,PK311P10800,730.5,0.0,0.0,0.0,10,223.0,0.0,0,730.5,0.0,0.0,0.0,0.0,0.0,0
2023-05-11 09:03:46,PK311P10800,PK311P10800,730.5,0.0,0.0,0.0,10,226.0,0.0,0,730.5,0.0,0.0,0.0,0.0,0.0,0
2023-05-11 09:03:47,PK311P10800,PK311P10800,730.5,0.0,0.0,0.0,10,229.5,0.0,0,730.5,0.0,0.0,0.0,0.0,0.0,0
2023-05-11 09:03:47,PK311P10800,PK311P10800,730.5,0.0,0.0,0.0,10,230.0,0.0,0,730.5,0.0,0.0,0.0,0.0,0.0,0
2023-05-11 09:03:47,PK311P10800,PK311P10800,730.5,0.0,0.0,0.0,10,233.0,0.0,0,730.5,0.0,0.0,0.0,0.0,0.0,0
2023-05-11 09:03:48,PK311P10800,PK311P10800,730.5,0.0,0.0,0.0,10,236.5,0.0,0,730.5,0.0,0.0,0.0,0.0,0.0,0
2023-05-11 09:03:49,PK311P10800,PK311P10800,730.5,0.0,0.0,0.0,10,237.0,0.0,0,730.5,0.0,0.0,0.0,0.0,0.0,0
2023-05-11 09:03:49,PK311P10800,PK311P10800,730.5,0.0,0.0,0.0,10,240.0,0.0,0,730.5,0.0,0.0,0.0,0.0,0.0,0
2023-05-11 09:03:50,PK311P10800,PK311P10800,730.5,0.0,0.0,0.0,10,243.5,0.0,0,730.5,0.0,0.0,0.0,0.0,0.0,0
2023-05-11 09:03:50,PK311P10800,PK311P10800,730.5,0.0,0.0,0.0,10,244.0,0.0,0,730.5,0.0,0.0,0.0,0.0,0.0,0
2023-05-11 09:03:50,PK311P10800,PK311P10800,730.5,0.0,0.0,0.0,10,247.0,0.0,0,730.5,0.0,0.0,0.0,0.0,0.0,0
2023-05-11 09:03:51,PK311P10800,PK311P10800,730.5,0.0,0.0,0.0,10,250.5,0.0,0,730.5,0.0,0.0,0.0,0.0,0.0,0
2023-05-11 09:03:52,PK311P10800,PK311P10800,730.5,0.0,0.0,0.0,10,251.0,0.0,0,730.5,0.0,0.0,0.0,0.0,0.0,0
2023-05-11 09:03:52,PK311P10800,PK311P10800,730.5,0.0,0.0,0.0,10,254.0,0.0,0,730.5,0.0,0.0,0.0,0.0,0.0,0
2023-05-11 09:03:53,PK311P10800,PK311P10800,730.5,0.0,0.0,0.0,10,257.5,0.0,0,730.5,0.0,0.0,0.0,0.0,0.0,0
2023-05-11 09:03:53,PK311P10800,PK311P10800,730.5,0.0,0.0,0.0,10,258.0,0.0,0,730.5,0.0,0.0,0.0,0.0,0.0,0
2023-05-11 09:03:53,PK311P10800,PK311P10800,730.5,0.0,0.0,0.0,10,261.0,0.0,0,730.5,0.0,0.0,0.0,0.0,0.0,0
2023-05-11 09:03:54,PK311P10800,PK311P10800,730.5,0.0,0.0,0.0,10,264.5,0.0,0,730.5,0.0,0.0,0.0,0.0,0.0,0
2023-05-11 09:03:55,PK311P10800,PK311P10800,730.5,0.0,0.0,0.0,10,265.0,0.0,0,730.5,0.0,0.0,0.0,0.0,0.0,0
2023-05-11 09:03:55,PK311P10800,PK311P10800,730.5,0.0,0.0,0.0,10,268.0,0.0,0,730.5,0.0,0.0,0.0,0.0,0.0,0
2023-05-11 09:03:56,PK311P10800,PK311P10800,730.5,0.0,0.0,0.0,10,271.5,0.0,0,730.5,0.0,0.0,0.0,0.0,0.0,0
2023-05-11 09:03:56,PK311P10800,PK311P10800,730.5,0.0,0.0,0.0,10,272.0,0.0,0,730.5,0.0,0.0,0.0,0.0,0.0,0
2023-05-11 09:03:56,PK311P10800,PK311P10800,730.5,0.0,0.0,0.0,10,275.0,0.0,0,730.5,0.0,0.0,0.0,0.0,0.0,0
2023-05-11 09:03:57,PK311P10800,PK311P10800,730.5,0.0,0.0,0.0,10,278.5,0.0,0,730.5,0.0,0.0,0.0,0.0,0.0,0
2023-05-11 09:03:58,PK311P10800,PK311P10800,730.5,0.0,0.0,0.0,10,279.0,0.0,0,730.5,0.0,0.0,0.0,0.0,0.0,0
2023-05-11 09:03:58,PK311P10800,PK311P10800,730.5,0.0,0.0,0.0,10,282.0,0.0,0,730.5,0.0,0.0,0.0,0.0,0.0,0
2023-05-11 09:03:59,PK311P10800,PK311P10800,730.5,0.0,0.0,0.0,10,285.5,0.0,0,730.5,0.0,0.0,0.0,0.0,0.0,0
2023-05-11 09:03:59,PK311P10800,PK311P10800,730.5,0.0,0.0,0.0,10,286.0,0.0,0,730.5,0.0,0.0,0.0,0.0,0.0,0
2023-05-11 09:03:59,PK311P10800,PK311P10800,730.5,0.0,0.0,0.0,10,289.0,0.0,0,730.5,0.0,0.0,0.0,0.0,0.0,0
2023-05-11 09:04:00,PK311P10800,PK311P10800,730.5,0.0,0.0,0.0,10,292.5,0.0,0,730.5,0.0,0.0,0.0,0.0,0.0,0
2023-05-11 09:04:01,PK311P10800,PK311P10800,730.5,0.0,0.0,0.0,10,293.0,0.0,0,730.5,0.0,0.0,0.0,0.0,0.0,0
2023-05-11 09:04:01,PK311P10800,PK311P10800,730.5,0.0,0.0,0.0,10,296.0,0.0,0,730.5,0.0,0.0,0.0,0.0,0.0,0
2023-05-11 09:04:02,PK311P10800,PK311P10800,730.5,0.0,0.0,0.0,10,299.5,0.0,0,730.5,0.0,0.0,0.0,0.0,0.0,0
2023-05-11 09:04:02,PK311P10800,PK311P10800,730.5,0.0,0.0,0.0,10,300.0,0.0,0,730.5,0.0,0.0,0.0,0.0,0.0,0
2023-05-11 09:04:02,PK311P10800,PK311P10800,730.5,0.0,0.0,0.0,10,303.0,0.0,0,730.5,0.0,0.0,0.0,0.0,0.0,0
2023-05-11 09:04:03,PK311P10800,PK311P10800,730.5,0.0,0.0,0.0,10,306.5,0.0,0,730.5,0.0,0.0,0.0,0.0,0.0,0
2023-05-11 09:04:04,PK311P10800,PK311P10800,730.5,0.0,0.0,0.0,10,307.0,0.0,0,730.5,0.0,0.0,0.0,0.0,0.0,0
2023-05-11 09:04:04,PK311P10800,PK311P10800,730.5,0.0,0.0,0.0,10,310.0,0.0,0,730.5,0.0,0.0,0.0,0.0,0.0,0
2023-05-11 09:04:05,PK311P10800,PK311P10800,730.5,0.0,0.0,0.0,10,313.5,0.0,0,730.5,0.0,0.0,0.0,0.0,0.0,0
2023-05-11 09:04:05,PK311P10800,PK311P10800,730.5,0.0,0.0,0.0,10,314.0,0.0,0,730.5,0.0,0.0,0.0,0.0,0.0,0
2023-05-11 09:04:05,PK311P10800,PK311P10800,730.5,0.0,0.0,0.0,10,317.0,0.0,0,730.5,0.0,0.0,0.0,0.0,0.0,0
2023-05-11 09:04:06,PK311P10800,PK311P10800,730.5,0.0,0.0,0.0,10,320.5,0.0,0,730.5,0.0,0.0,0.0,0.0,0.0,0
2023-05-11 09:04:07,PK311P10800,PK311P10800,730.5,0.0,0.0,0.0,10,321.0,0.0,0,730.5,0.0,0.0,0.0,0.0,0.0,0
2023-05-11 09:04:07,PK311P10800,PK311P10800,730.5,0.0,0.0,0.0,10,324.0,0.0,0,730.5,0.0,0.0,0.0,0.0,0.0,0
2023-05-11 09:04:08,PK311P10800,PK311P10800,730.5,0.0,0.0,0.0,10,327.5,0.0,0,730.5,0.0,0.0,0.0,0.0,0.0,0
2023-05-11 09:04:08,PK311P10800,PK311P10800,730.5,0.0,0.0,0.0,10,328.0,0.0,0,730.5,0.0,0.0,0.0,0.0,0.0,0
2023-05-11 09:04:08,PK311P10800,PK311P10800,730.5,0.0,0.0,0.0,10,331.0,0.0,0,730.5,0.0,0.0,0.0,0.0,0.0,0
2023-05-11 09:04:09,PK311P10800,PK311P10800,730.5,0.0,0.0,0.0,10,334.5,0.0,0,730.5,0.0,0.0,0.0,0.0,0.0,0
2023-05-11 09:04:10,PK311P10800,PK311P10800,730.5,0.0,0.0,0.0,10,335.0,0.0,0,730.5,0.0,0.0,0.0,0.0,0.0,0
2023-05-11 09:04:10,PK311P10800,PK311P10800,730.5,0.0,0.0,0.0,10,338.0,0.0,0,730.5,0.0,0.0,0.0,0.0,0.0,0
2023-05-11 09:04:14,PK311P10800,PK311P10800,730.5,0.0,0.0,0.0,1,104.5,0.0,0,730.5,0.0,0.0,0.0,0.0,0.0,0
2023-05-11 09:04:14,PK311P10800,PK311P10800,730.5,0.0,0.0,0.0,10,105.0,0.0,0,730.5,0.0,0.0,0.0,0.0,0.0,0
2023-05-11 09:04:14,PK311P10800,PK311P10800,730.5,0.0,0.0,0.0,1,104.5,0.0,0,730.5,0.0,0.0,0.0,0.0,0.0,0
2023-05-11 09:04:14,PK311P10800,PK311P10800,730.5,0.0,0.0,0.0,10,105.0,0.0,0,730.5,0.0,0.0,0.0,0.0,0.0,0
2023-05-11 09:14:19,PK311P10800,PK311P10800,730.5,0.0,0.0,0.0,10,794.0,866.5,10,730.5,0.0,0.0,0.0,0.0,0.0,0
2023-05-11 09:15:58,PK311P10800,PK311P10800,730.5,0.0,0.0,0.0,10,796.5,863.5,10,730.5,0.0,0.0,0.0,0.0,0.0,0
2023-05-11 09:15:58,PK311P10800,PK311P10800,730.5,0.0,0.0,0.0,10,796.5,864.0,10,730.5,0.0,0.0,0.0,0.0,0.0,0
2023-05-11 09:16:00,PK311P10800,PK311P10800,730.5,0.0,0.0,0.0,10,796.5,865.0,10,730.5,0.0,0.0,0.0,0.0,0.0,0
2023-05-11 09:16:05,PK311P10800,PK311P10800,730.5,0.0,0.0,0.0,10,796.0,865.0,10,730.5,0.0,0.0,0.0,0.0,0.0,0
2023-05-11 09:16:05,PK311P10800,PK311P10800,730.5,0.0,0.0,0.0,10,794.5,865.0,10,730.5,0.0,0.0,0.0,0.0,0.0,0
2023-05-11 09:16:06,PK311P10800,PK311P10800,730.5,0.0,0.0,0.0,10,794.0,865.0,10,730.5,0.0,0.0,0.0,0.0,0.0,0
2023-05-11 09:16:07,PK311P10800,PK311P10800,730.5,0.0,0.0,0.0,10,782.0,851.5,10,730.5,0.0,0.0,0.0,0.0,0.0,0
2023-05-11 09:17:34,PK311P10800,PK311P10800,730.5,0.0,0.0,0.0,10,800.0,850.5,10,730.5,0.0,0.0,0.0,0.0,0.0,0
2023-05-11 09:18:25,PK311P10800,PK311P10800,730.5,0.0,0.0,0.0,10,808.0,840.0,10,730.5,0.0,0.0,0.0,0.0,0.0,0
2023-05-11 09:18:29,PK311P10800,PK311P10800,730.5,0.0,0.0,0.0,10,810.0,841.5,10,730.5,0.0,0.0,0.0,0.0,0.0,0
2023-05-11 09:18:44,PK311P10800,PK311P10800,730.5,0.0,0.0,0.0,10,811.5,843.5,10,730.5,0.0,0.0,0.0,0.0,0.0,0
2023-05-11 09:18:44,PK311P10800,PK311P10800,730.5,0.0,0.0,0.0,10,812.0,843.5,10,730.5,0.0,0.0,0.0,0.0,0.0,0
2023-05-11 09:18:46,PK311P10800,PK311P10800,730.5,0.0,0.0,0.0,20,811.5,843.5,10,730.5,0.0,0.0,0.0,0.0,0.0,0
2023-05-11 09:18:49,PK311P10800,PK311P10800,730.5,0.0,0.0,0.0,10,813.5,845.5,10,730.5,0.0,0.0,0.0,0.0,0.0,0
2023-05-11 09:18:50,PK311P10800,PK311P10800,730.5,0.0,0.0,0.0,10,811.5,843.0,10,730.5,0.0,0.0,0.0,0.0,0.0,0
2023-05-11 09:18:58,PK311P10800,PK311P10800,730.5,0.0,0.0,0.0,10,814.5,840.5,10,730.5,0.0,0.0,0.0,0.0,0.0,0
2023-05-11 09:19:00,PK311P10800,PK311P10800,730.5,0.0,0.0,0.0,10,811.5,843.5,10,730.5,0.0,0.0,0.0,0.0,0.0,0
2023-05-11 09:19:06,PK311P10800,PK311P10800,730.5,0.0,0.0,0.0,20,808.5,840.5,10,730.5,0.0,0.0,0.0,0.0,0.0,0
2023-05-11 09:19:08,PK311P10800,PK311P10800,730.5,0.0,0.0,0.0,10,810.5,842.5,10,730.5,0.0,0.0,0.0,0.0,0.0,0
2023-05-11 09:19:12,PK311P10800,PK311P10800,730.5,0.0,0.0,0.0,20,814.5,843.5,10,730.5,0.0,0.0,0.0,0.0,0.0,0
2023-05-11 09:19:13,PK311P10800,PK311P10800,730.5,0.0,0.0,0.0,10,821.0,847.0,10,730.5,0.0,0.0,0.0,0.0,0.0,0
2023-05-11 09:19:13,PK311P10800,PK311P10800,730.5,0.0,0.0,0.0,10,821.0,854.0,10,730.5,0.0,0.0,0.0,0.0,0.0,0
2023-05-11 09:19:16,PK311P10800,PK311P10800,730.5,0.0,0.0,0.0,10,821.0,846.5,10,730.5,0.0,0.0,0.0,0.0,0.0,0
2023-05-11 09:19:16,PK311P10800,PK311P10800,730.5,0.0,0.0,0.0,10,821.0,844.5,10,730.5,0.0,0.0,0.0,0.0,0.0,0
2023-05-11 09:19:18,PK311P10800,PK311P10800,730.5,0.0,0.0,0.0,10,824.0,844.5,10,730.5,0.0,0.0,0.0,0.0,0.0,0
2023-05-11 09:19:22,PK311P10800,PK311P10800,730.5,0.0,0.0,0.0,10,824.0,847.0,10,730.5,0.0,0.0,0.0,0.0,0.0,0
2023-05-11 09:19:22,PK311P10800,PK311P10800,730.5,0.0,0.0,0.0,10,824.0,851.0,10,730.5,0.0,0.0,0.0,0.0,0.0,0
2023-05-11 09:19:23,PK311P10800,PK311P10800,730.5,0.0,0.0,0.0,10,824.0,847.0,10,730.5,0.0,0.0,0.0,0.0,0.0,0
2023-05-11 09:19:33,PK311P10800,PK311P10800,730.5,0.0,0.0,0.0,20,824.0,850.5,10,730.5,0.0,0.0,0.0,0.0,0.0,0
2023-05-11 09:19:33,PK311P10800,PK311P10800,730.5,0.0,0.0,0.0,20,824.0,850.0,10,730.5,0.0,0.0,0.0,0.0,0.0,0
2023-05-11 09:19:33,PK311P10800,PK311P10800,730.5,0.0,0.0,0.0,20,824.0,850.5,20,730.5,0.0,0.0,0.0,0.0,0.0,0
2023-05-11 09:19:34,PK311P10800,PK311P10800,730.5,0.0,0.0,0.0,20,824.0,850.5,10,730.5,0.0,0.0,0.0,0.0,0.0,0
2023-05-11 09:19:36,PK311P10800,PK311P10800,730.5,0.0,0.0,0.0,10,824.0,848.0,10,730.5,0.0,0.0,0.0,0.0,0.0,0
2023-05-11 09:19:52,PK311P10800,PK311P10800,730.5,0.0,0.0,0.0,10,824.0,845.5,10,730.5,0.0,0.0,0.0,0.0,0.0,0
2023-05-11 09:20:04,PK311P10800,PK311P10800,730.5,0.0,0.0,0.0,10,824.0,841.0,10,730.5,0.0,0.0,0.0,0.0,0.0,0
2023-05-11 09:20:06,PK311P10800,PK311P10800,730.5,0.0,0.0,0.0,10,824.0,844.5,20,730.5,0.0,0.0,0.0,0.0,0.0,0
2023-05-11 09:20:06,PK311P10800,PK311P10800,730.5,0.0,0.0,0.0,10,824.0,844.5,10,730.5,0.0,0.0,0.0,0.0,0.0,0
2023-05-11 09:20:17,PK311P10800,PK311P10800,730.5,0.0,0.0,0.0,10,824.0,845.5,10,730.5,0.0,0.0,0.0,0.0,0.0,0
2023-05-11 09:20:17,PK311P10800,PK311P10800,730.5,0.0,0.0,0.0,10,824.0,846.0,10,730.5,0.0,0.0,0.0,0.0,0.0,0
2023-05-11 09:20:26,PK311P10800,PK311P10800,730.5,0.0,0.0,0.0,10,824.0,850.0,10,730.5,0.0,0.0,0.0,0.0,0.0,0
2023-05-11 09:20:26,PK311P10800,PK311P10800,730.5,0.0,0.0,0.0,10,824.0,849.5,10,730.5,0.0,0.0,0.0,0.0,0.0,0
2023-05-11 09:20:42,PK311P10800,PK311P10800,730.5,0.0,0.0,0.0,10,829.0,849.5,20,730.5,0.0,0.0,0.0,0.0,0.0,0
2023-05-11 09:20:43,PK311P10800,PK311P10800,730.5,0.0,0.0,0.0,20,829.0,849.5,10,730.5,0.0,0.0,0.0,0.0,0.0,0
2023-05-11 09:20:43,PK311P10800,PK311P10800,730.5,0.0,0.0,0.0,10,831.0,851.0,10,730.5,0.0,0.0,0.0,0.0,0.0,0
2023-05-11 09:20:43,PK311P10800,PK311P10800,730.5,0.0,0.0,0.0,10,834.0,851.0,10,730.5,0.0,0.0,0.0,0.0,0.0,0
2023-05-11 09:20:44,PK311P10800,PK311P10800,730.5,0.0,0.0,0.0,10,834.0,852.0,10,730.5,0.0,0.0,0.0,0.0,0.0,0
2023-05-11 09:20:45,PK311P10800,PK311P10800,730.5,0.0,0.0,0.0,10,834.0,852.5,20,730.5,0.0,0.0,0.0,0.0,0.0,0
2023-05-11 09:20:48,PK311P10800,PK311P10800,730.5,0.0,0.0,0.0,10,834.0,856.0,10,730.5,0.0,0.0,0.0,0.0,0.0,0
2023-05-11 09:20:48,PK311P10800,PK311P10800,730.5,0.0,0.0,0.0,10,834.0,853.5,20,730.5,0.0,0.0,0.0,0.0,0.0,0
2023-05-11 09:20:49,PK311P10800,PK311P10800,730.5,0.0,0.0,0.0,10,834.0,856.5,10,730.5,0.0,0.0,0.0,0.0,0.0,0
2023-05-11 09:20:49,PK311P10800,PK311P10800,730.5,0.0,0.0,0.0,20,834.0,854.5,20,730.5,0.0,0.0,0.0,0.0,0.0,0
2023-05-11 09:20:52,PK311P10800,PK311P10800,730.5,0.0,0.0,0.0,10,834.0,854.5,20,730.5,0.0,0.0,0.0,0.0,0.0,0
2023-05-11 09:21:04,PK311P10800,PK311P10800,730.5,0.0,0.0,0.0,10,837.0,851.5,10,730.5,0.0,0.0,0.0,0.0,0.0,0
2023-05-11 09:21:04,PK311P10800,PK311P10800,730.5,0.0,0.0,0.0,10,837.0,851.5,20,730.5,0.0,0.0,0.0,0.0,0.0,0
2023-05-11 09:21:07,PK311P10800,PK311P10800,730.5,0.0,0.0,0.0,10,837.0,850.5,10,730.5,0.0,0.0,0.0,0.0,0.0,0
2023-05-11 09:21:07,PK311P10800,PK311P10800,730.5,0.0,0.0,0.0,10,837.0,849.0,10,730.5,0.0,0.0,0.0,0.0,0.0,0
2023-05-11 09:21:08,PK311P10800,PK311P10800,730.5,0.0,0.0,0.0,10,837.0,849.5,10,730.5,0.0,0.0,0.0,0.0,0.0,0
2023-05-11 09:21:09,PK311P10800,PK311P10800,730.5,0.0,0.0,0.0,10,837.0,850.5,20,730.5,0.0,0.0,0.0,0.0,0.0,0
2023-05-11 09:21:13,PK311P10800,PK311P10800,730.5,0.0,0.0,0.0,10,837.0,847.5,10,730.5,0.0,0.0,0.0,0.0,0.0,0
2023-05-11 09:21:28,PK311P10800,PK311P10800,730.5,0.0,0.0,0.0,10,837.0,848.5,10,730.5,0.0,0.0,0.0,0.0,0.0,0
2023-05-11 09:21:29,PK311P10800,PK311P10800,730.5,0.0,0.0,0.0,10,837.0,850.0,10,730.5,0.0,0.0,0.0,0.0,0.0,0
2023-05-11 09:21:32,PK311P10800,PK311P10800,730.5,0.0,0.0,0.0,10,841.5,852.5,10,730.5,0.0,0.0,0.0,0.0,0.0,0
2023-05-11 09:21:51,PK311P10800,PK311P10800,730.5,0.0,0.0,0.0,10,841.0,852.5,10,730.5,0.0,0.0,0.0,0.0,0.0,0
2023-05-11 09:21:51,PK311P10800,PK311P10800,730.5,0.0,0.0,0.0,10,841.0,852.5,20,730.5,0.0,0.0,0.0,0.0,0.0,0
2023-05-11 09:21:53,PK311P10800,PK311P10800,730.5,0.0,0.0,0.0,10,841.0,852.5,10,730.5,0.0,0.0,0.0,0.0,0.0,0
2023-05-11 09:21:55,PK311P10800,PK311P10800,730.5,0.0,0.0,0.0,10,840.5,850.0,20,730.5,0.0,0.0,0.0,0.0,0.0,0
2023-05-11 09:21:58,PK311P10800,PK311P10800,730.5,0.0,0.0,0.0,10,840.0,850.0,20,730.5,0.0,0.0,0.0,0.0,0.0,0
2023-05-11 09:22:01,PK311P10800,PK311P10800,730.5,0.0,0.0,0.0,10,839.5,850.0,20,730.5,0.0,0.0,0.0,0.0,0.0,0
2023-05-11 09:22:04,PK311P10800,PK311P10800,730.5,0.0,0.0,0.0,10,839.5,850.0,10,730.5,0.0,0.0,0.0,0.0,0.0,0
2023-05-11 09:22:04,PK311P10800,PK311P10800,730.5,0.0,0.0,0.0,10,839.5,852.5,20,730.5,0.0,0.0,0.0,0.0,0.0,0
2023-05-11 09:22:06,PK311P10800,PK311P10800,730.5,0.0,0.0,0.0,10,839.5,849.5,10,730.5,0.0,0.0,0.0,0.0,0.0,0
2023-05-11 09:22:29,PK311P10800,PK311P10800,730.5,0.0,0.0,0.0,20,839.5,852.5,10,730.5,0.0,0.0,0.0,0.0,0.0,0
2023-05-11 09:22:33,PK311P10800,PK311P10800,730.5,0.0,0.0,0.0,10,842.5,852.5,10,730.5,0.0,0.0,0.0,0.0,0.0,0
2023-05-11 09:22:33,PK311P10800,PK311P10800,730.5,0.0,0.0,0.0,10,844.0,852.5,10,730.5,0.0,0.0,0.0,0.0,0.0,0
2023-05-11 09:22:36,PK311P10800,PK311P10800,730.5,0.0,0.0,0.0,10,842.5,852.5,10,730.5,0.0,0.0,0.0,0.0,0.0,0
2023-05-11 09:22:57,PK311P10800,PK311P10800,730.5,0.0,0.0,0.0,10,845.0,852.5,10,730.5,0.0,0.0,0.0,0.0,0.0,0
2023-05-11 09:22:57,PK311P10800,PK311P10800,730.5,0.0,0.0,0.0,10,845.0,854.5,10,730.5,0.0,0.0,0.0,0.0,0.0,0
2023-05-11 09:22:58,PK311P10800,PK311P10800,730.5,0.0,0.0,0.0,10,845.0,855.5,10,730.5,0.0,0.0,0.0,0.0,0.0,0
2023-05-11 09:22:59,PK311P10800,PK311P10800,730.5,0.0,0.0,0.0,10,847.5,856.5,10,730.5,0.0,0.0,0.0,0.0,0.0,0
2023-05-11 09:22:59,PK311P10800,PK311P10800,730.5,0.0,0.0,0.0,10,847.5,858.0,10,730.5,0.0,0.0,0.0,0.0,0.0,0
2023-05-11 09:23:01,PK311P10800,PK311P10800,730.5,0.0,0.0,0.0,10,847.5,854.0,10,730.5,0.0,0.0,0.0,0.0,0.0,0
2023-05-11 09:23:08,PK311P10800,PK311P10800,730.5,0.0,0.0,0.0,10,847.5,855.5,10,730.5,0.0,0.0,0.0,0.0,0.0,0
2023-05-11 09:23:08,PK311P10800,PK311P10800,730.5,0.0,0.0,0.0,10,847.5,856.5,10,730.5,0.0,0.0,0.0,0.0,0.0,0
2023-05-11 09:23:17,PK311P10800,PK311P10800,730.5,0.0,0.0,0.0,10,847.5,857.5,10,730.5,0.0,0.0,0.0,0.0,0.0,0
2023-05-11 09:23:23,PK311P10800,PK311P10800,730.5,0.0,0.0,0.0,10,847.5,856.0,10,730.5,0.0,0.0,0.0,0.0,0.0,0
2023-05-11 09:23:30,PK311P10800,PK311P10800,730.5,0.0,0.0,0.0,10,847.5,857.5,10,730.5,0.0,0.0,0.0,0.0,0.0,0
2023-05-11 09:23:32,PK311P10800,PK311P10800,730.5,0.0,0.0,0.0,10,842.5,854.5,10,730.5,0.0,0.0,0.0,0.0,0.0,0
2023-05-11 09:23:37,PK311P10800,PK311P10800,730.5,0.0,0.0,0.0,10,844.5,854.5,10,730.5,0.0,0.0,0.0,0.0,0.0,0
2023-05-11 09:23:38,PK311P10800,PK311P10800,730.5,0.0,0.0,0.0,10,844.5,857.5,20,730.5,0.0,0.0,0.0,0.0,0.0,0
2023-05-11 09:23:45,PK311P10800,PK311P10800,730.5,0.0,0.0,0.0,10,847.0,857.5,20,730.5,0.0,0.0,0.0,0.0,0.0,0
2023-05-11 09:23:48,PK311P10800,PK311P10800,730.5,0.0,0.0,0.0,10,844.5,857.5,20,730.5,0.0,0.0,0.0,0.0,0.0,0
2023-05-11 09:23:51,PK311P10800,PK311P10800,730.5,0.0,0.0,0.0,10,844.5,854.0,10,730.5,0.0,0.0,0.0,0.0,0.0,0
2023-05-11 09:23:53,PK311P10800,PK311P10800,730.5,0.0,0.0,0.0,10,845.5,854.5,10,730.5,0.0,0.0,0.0,0.0,0.0,0
2023-05-11 09:23:53,PK311P10800,PK311P10800,730.5,0.0,0.0,0.0,10,847.0,854.5,10,730.5,0.0,0.0,0.0,0.0,0.0,0
2023-05-11 09:23:54,PK311P10800,PK311P10800,730.5,0.0,0.0,0.0,10,847.0,859.5,20,730.5,0.0,0.0,0.0,0.0,0.0,0
2023-05-11 09:23:54,PK311P10800,PK311P10800,730.5,0.0,0.0,0.0,10,847.0,855.0,10,730.5,0.0,0.0,0.0,0.0,0.0,0
2023-05-11 09:23:55,PK311P10800,PK311P10800,730.5,0.0,0.0,0.0,10,847.0,859.5,20,730.5,0.0,0.0,0.0,0.0,0.0,0
2023-05-11 09:23:56,PK311P10800,PK311P10800,730.5,0.0,0.0,0.0,10,850.0,855.5,10,730.5,0.0,0.0,0.0,0.0,0.0,0
2023-05-11 09:23:56,PK311P10800,PK311P10800,730.5,0.0,0.0,0.0,10,850.0,859.5,20,730.5,0.0,0.0,0.0,0.0,0.0,0
2023-05-11 09:23:56,PK311P10800,PK311P10800,730.5,0.0,0.0,0.0,10,850.0,856.0,10,730.5,0.0,0.0,0.0,0.0,0.0,0
2023-05-11 09:23:57,PK311P10800,PK311P10800,730.5,0.0,0.0,0.0,10,850.0,859.5,20,730.5,0.0,0.0,0.0,0.0,0.0,0
2023-05-11 09:23:57,PK311P10800,PK311P10800,730.5,0.0,0.0,0.0,10,850.0,856.5,10,730.5,0.0,0.0,0.0,0.0,0.0,0
2023-05-11 09:23:58,PK311P10800,PK311P10800,730.5,0.0,0.0,0.0,10,850.0,859.5,20,730.5,0.0,0.0,0.0,0.0,0.0,0
2023-05-11 09:23:59,PK311P10800,PK311P10800,730.5,0.0,0.0,0.0,10,850.0,857.0,10,730.5,0.0,0.0,0.0,0.0,0.0,0
2023-05-11 09:23:59,PK311P10800,PK311P10800,730.5,0.0,0.0,0.0,10,850.0,859.5,20,730.5,0.0,0.0,0.0,0.0,0.0,0
2023-05-11 09:24:00,PK311P10800,PK311P10800,730.5,0.0,0.0,0.0,10,850.0,857.5,10,730.5,0.0,0.0,0.0,0.0,0.0,0
2023-05-11 09:24:01,PK311P10800,PK311P10800,730.5,0.0,0.0,0.0,10,850.0,859.5,20,730.5,0.0,0.0,0.0,0.0,0.0,0
2023-05-11 09:24:04,PK311P10800,PK311P10800,730.5,0.0,0.0,0.0,10,845.5,855.0,10,730.5,0.0,0.0,0.0,0.0,0.0,0
2023-05-11 09:24:05,PK311P10800,PK311P10800,730.5,0.0,0.0,0.0,20,842.5,855.0,10,730.5,0.0,0.0,0.0,0.0,0.0,0
2023-05-11 09:24:05,PK311P10800,PK311P10800,730.5,0.0,0.0,0.0,10,842.5,855.0,10,730.5,0.0,0.0,0.0,0.0,0.0,0
2023-05-11 09:24:26,PK311P10800,PK311P10800,730.5,0.0,0.0,0.0,10,845.0,857.5,10,730.5,0.0,0.0,0.0,0.0,0.0,0
2023-05-11 09:24:26,PK311P10800,PK311P10800,730.5,0.0,0.0,0.0,10,847.5,860.0,10,730.5,0.0,0.0,0.0,0.0,0.0,0
2023-05-11 09:24:28,PK311P10800,PK311P10800,730.5,0.0,0.0,0.0,10,846.5,855.0,10,730.5,0.0,0.0,0.0,0.0,0.0,0
2023-05-11 09:24:28,PK311P10800,PK311P10800,730.5,0.0,0.0,0.0,10,843.5,855.0,10,730.5,0.0,0.0,0.0,0.0,0.0,0
2023-05-11 09:24:31,PK311P10800,PK311P10800,730.5,0.0,0.0,0.0,10,846.5,855.0,10,730.5,0.0,0.0,0.0,0.0,0.0,0
2023-05-11 09:24:31,PK311P10800,PK311P10800,730.5,0.0,0.0,0.0,10,846.5,858.0,20,730.5,0.0,0.0,0.0,0.0,0.0,0
2023-05-11 09:24:48,PK311P10800,PK311P10800,730.5,0.0,0.0,0.0,20,846.5,858.0,10,730.5,0.0,0.0,0.0,0.0,0.0,0
2023-05-11 09:24:52,PK311P10800,PK311P10800,730.5,0.0,0.0,0.0,10,846.5,857.0,10,730.5,0.0,0.0,0.0,0.0,0.0,0
2023-05-11 09:24:56,PK311P10800,PK311P10800,730.5,0.0,0.0,0.0,10,846.5,858.0,10,730.5,0.0,0.0,0.0,0.0,0.0,0
2023-05-11 09:24:57,PK311P10800,PK311P10800,730.5,0.0,0.0,0.0,10,846.5,859.5,10,730.5,0.0,0.0,0.0,0.0,0.0,0
2023-05-11 09:25:16,PK311P10800,PK311P10800,730.5,0.0,0.0,0.0,10,846.5,859.5,20,730.5,0.0,0.0,0.0,0.0,0.0,0
2023-05-11 09:25:22,PK311P10800,PK311P10800,730.5,0.0,0.0,0.0,10,845.5,859.5,30,730.5,0.0,0.0,0.0,0.0,0.0,0
2023-05-11 09:25:23,PK311P10800,PK311P10800,730.5,0.0,0.0,0.0,20,843.5,856.0,20,730.5,0.0,0.0,0.0,0.0,0.0,0
2023-05-11 09:25:25,PK311P10800,PK311P10800,730.5,0.0,0.0,0.0,10,843.5,856.0,10,730.5,0.0,0.0,0.0,0.0,0.0,0
2023-05-11 09:25:28,PK311P10800,PK311P10800,730.5,0.0,0.0,0.0,10,843.5,856.5,10,730.5,0.0,0.0,0.0,0.0,0.0,0
2023-05-11 09:25:29,PK311P10800,PK311P10800,730.5,0.0,0.0,0.0,10,849.5,865.5,10,730.5,0.0,0.0,0.0,0.0,0.0,0
2023-05-11 09:25:30,PK311P10800,PK311P10800,730.5,0.0,0.0,0.0,10,849.5,865.5,20,730.5,0.0,0.0,0.0,0.0,0.0,0
2023-05-11 09:25:42,PK311P10800,PK311P10800,730.5,0.0,0.0,0.0,10,849.5,865.5,30,730.5,0.0,0.0,0.0,0.0,0.0,0
2023-05-11 09:25:43,PK311P10800,PK311P10800,730.5,0.0,0.0,0.0,10,846.0,862.0,10,730.5,0.0,0.0,0.0,0.0,0.0,0
2023-05-11 09:25:43,PK311P10800,PK311P10800,730.5,0.0,0.0,0.0,10,846.0,862.0,30,730.5,0.0,0.0,0.0,0.0,0.0,0
2023-05-11 09:25:50,PK311P10800,PK311P10800,730.5,0.0,0.0,0.0,10,846.0,862.0,20,730.5,0.0,0.0,0.0,0.0,0.0,0
2023-05-11 09:25:51,PK311P10800,PK311P10800,730.5,0.0,0.0,0.0,10,846.0,862.0,10,730.5,0.0,0.0,0.0,0.0,0.0,0
2023-05-11 09:25:55,PK311P10800,PK311P10800,730.5,0.0,0.0,0.0,10,849.0,863.0,10,730.5,0.0,0.0,0.0,0.0,0.0,0
2023-05-11 09:25:58,PK311P10800,PK311P10800,730.5,0.0,0.0,0.0,10,849.0,863.0,20,730.5,0.0,0.0,0.0,0.0,0.0,0
2023-05-11 09:25:59,PK311P10800,PK311P10800,730.5,0.0,0.0,0.0,10,846.0,862.0,10,730.5,0.0,0.0,0.0,0.0,0.0,0
2023-05-11 09:26:03,PK311P10800,PK311P10800,730.5,0.0,0.0,0.0,10,846.0,862.0,20,730.5,0.0,0.0,0.0,0.0,0.0,0
2023-05-11 09:26:03,PK311P10800,PK311P10800,730.5,0.0,0.0,0.0,10,842.5,858.5,10,730.5,0.0,0.0,0.0,0.0,0.0,0
2023-05-11 09:26:03,PK311P10800,PK311P10800,730.5,0.0,0.0,0.0,10,842.5,858.5,20,730.5,0.0,0.0,0.0,0.0,0.0,0
2023-05-11 09:26:06,PK311P10800,PK311P10800,730.5,0.0,0.0,0.0,10,845.5,858.5,10,730.5,0.0,0.0,0.0,0.0,0.0,0
2023-05-11 09:26:07,PK311P10800,PK311P10800,730.5,0.0,0.0,0.0,10,845.5,861.0,10,730.5,0.0,0.0,0.0,0.0,0.0,0
2023-05-11 09:26:17,PK311P10800,PK311P10800,730.5,0.0,0.0,0.0,10,845.5,861.5,20,730.5,0.0,0.0,0.0,0.0,0.0,0
2023-05-11 09:26:18,PK311P10800,PK311P10800,730.5,0.0,0.0,0.0,10,845.5,861.5,30,730.5,0.0,0.0,0.0,0.0,0.0,0
2023-05-11 09:26:21,PK311P10800,PK311P10800,730.5,0.0,0.0,0.0,13,845.5,861.5,33,730.5,0.0,0.0,0.0,0.0,0.0,0
2023-05-11 09:26:26,PK311P10800,PK311P10800,730.5,0.0,0.0,0.0,10,846.0,861.5,23,730.5,0.0,0.0,0.0,0.0,0.0,0
2023-05-11 09:26:35,PK311P10800,PK311P10800,730.5,0.0,0.0,0.0,3,845.5,861.5,33,730.5,0.0,0.0,0.0,0.0,0.0,0
2023-05-11 09:26:39,PK311P10800,PK311P10800,730.5,0.0,0.0,0.0,10,846.5,863.0,10,730.5,0.0,0.0,0.0,0.0,0.0,0
2023-05-11 09:26:40,PK311P10800,PK311P10800,730.5,0.0,0.0,0.0,20,846.5,864.5,10,730.5,0.0,0.0,0.0,0.0,0.0,0
2023-05-11 09:26:40,PK311P10800,PK311P10800,730.5,0.0,0.0,0.0,13,849.5,865.0,13,730.5,0.0,0.0,0.0,0.0,0.0,0
2023-05-11 09:26:54,PK311P10800,PK311P10800,730.5,0.0,0.0,0.0,3,849.5,865.0,13,730.5,0.0,0.0,0.0,0.0,0.0,0
2023-05-11 09:26:54,PK311P10800,PK311P10800,730.5,0.0,0.0,0.0,13,846.5,865.0,13,730.5,0.0,0.0,0.0,0.0,0.0,0
2023-05-11 09:27:01,PK311P10800,PK311P10800,730.5,0.0,0.0,0.0,10,846.5,865.0,10,730.5,0.0,0.0,0.0,0.0,0.0,0
2023-05-11 09:27:03,PK311P10800,PK311P10800,730.5,0.0,0.0,0.0,20,846.5,865.0,20,730.5,0.0,0.0,0.0,0.0,0.0,0
2023-05-11 09:27:19,PK311P10800,PK311P10800,730.5,0.0,0.0,0.0,10,850.0,865.0,10,730.5,0.0,0.0,0.0,0.0,0.0,0
2023-05-11 09:27:20,PK311P10800,PK311P10800,730.5,0.0,0.0,0.0,20,850.0,866.5,20,730.5,0.0,0.0,0.0,0.0,0.0,0
2023-05-11 09:27:20,PK311P10800,PK311P10800,730.5,0.0,0.0,0.0,20,850.0,867.5,20,730.5,0.0,0.0,0.0,0.0,0.0,0
2023-05-11 09:27:27,PK311P10800,PK311P10800,730.5,0.0,0.0,0.0,30,850.0,868.5,20,730.5,0.0,0.0,0.0,0.0,0.0,0
2023-05-11 09:27:29,PK311P10800,PK311P10800,730.5,0.0,0.0,0.0,10,854.0,868.5,20,730.5,0.0,0.0,0.0,0.0,0.0,0
2023-05-11 09:27:29,PK311P10800,PK311P10800,730.5,0.0,0.0,0.0,10,854.0,868.5,10,730.5,0.0,0.0,0.0,0.0,0.0,0
2023-05-11 09:27:30,PK311P10800,PK311P10800,730.5,0.0,0.0,0.0,10,850.0,866.5,20,730.5,0.0,0.0,0.0,0.0,0.0,0
2023-05-11 09:27:31,PK311P10800,PK311P10800,730.5,0.0,0.0,0.0,10,850.0,866.0,12,730.5,0.0,0.0,0.0,0.0,0.0,0
2023-05-11 09:27:31,PK311P10800,PK311P10800,730.5,0.0,0.0,0.0,20,850.0,866.0,32,730.5,0.0,0.0,0.0,0.0,0.0,0
2023-05-11 09:27:39,PK311P10800,PK311P10800,730.5,0.0,0.0,0.0,10,851.5,864.5,20,730.5,0.0,0.0,0.0,0.0,0.0,0
2023-05-11 09:27:40,PK311P10800,PK311P10800,730.5,0.0,0.0,0.0,20,851.5,864.0,22,730.5,0.0,0.0,0.0,0.0,0.0,0
2023-05-11 09:27:40,PK311P10800,PK311P10800,730.5,0.0,0.0,0.0,20,851.5,864.0,32,730.5,0.0,0.0,0.0,0.0,0.0,0
2023-05-11 09:28:03,PK311P10800,PK311P10800,730.5,0.0,0.0,0.0,10,851.5,864.0,32,730.5,0.0,0.0,0.0,0.0,0.0,0
2023-05-11 09:28:04,PK311P10800,PK311P10800,730.5,0.0,0.0,0.0,40,846.0,864.0,32,730.5,0.0,0.0,0.0,0.0,0.0,0
2023-05-11 09:28:07,PK311P10800,PK311P10800,730.5,0.0,0.0,0.0,30,846.0,864.0,32,730.5,0.0,0.0,0.0,0.0,0.0,0
2023-05-11 09:28:32,PK311P10800,PK311P10800,730.5,0.0,0.0,0.0,30,846.0,864.0,22,730.5,0.0,0.0,0.0,0.0,0.0,0
2023-05-11 09:28:33,PK311P10800,PK311P10800,730.5,0.0,0.0,0.0,10,849.5,864.0,22,730.5,0.0,0.0,0.0,0.0,0.0,0
2023-05-11 09:28:33,PK311P10800,PK311P10800,730.5,0.0,0.0,0.0,20,849.5,864.0,22,730.5,0.0,0.0,0.0,0.0,0.0,0
2023-05-11 09:28:38,PK311P10800,PK311P10800,730.5,0.0,0.0,0.0,10,849.5,864.0,22,730.5,0.0,0.0,0.0,0.0,0.0,0
2023-05-11 09:28:38,PK311P10800,PK311P10800,730.5,0.0,0.0,0.0,20,849.0,864.0,22,730.5,0.0,0.0,0.0,0.0,0.0,0
2023-05-11 09:29:18,PK311P10800,PK311P10800,730.5,0.0,0.0,0.0,20,848.0,864.0,22,730.5,0.0,0.0,0.0,0.0,0.0,0
2023-05-11 09:31:03,PK311P10800,PK311P10800,730.5,0.0,0.0,0.0,30,848.0,864.0,22,730.5,0.0,0.0,0.0,0.0,0.0,0
2023-05-11 09:31:04,PK311P10800,PK311P10800,730.5,0.0,0.0,0.0,30,848.0,864.0,17,730.5,0.0,0.0,0.0,0.0,0.0,0
2023-05-11 09:31:04,PK311P10800,PK311P10800,730.5,0.0,0.0,0.0,30,848.0,865.5,20,730.5,0.0,0.0,0.0,0.0,0.0,0
2023-05-11 09:31:19,PK311P10800,PK311P10800,730.5,0.0,0.0,0.0,20,848.0,865.5,10,730.5,0.0,0.0,0.0,0.0,0.0,0
2023-05-11 09:31:21,PK311P10800,PK311P10800,730.5,0.0,0.0,0.0,10,849.5,867.5,10,730.5,0.0,0.0,0.0,0.0,0.0,0
2023-05-11 09:31:21,PK311P10800,PK311P10800,730.5,0.0,0.0,0.0,20,849.5,869.0,10,730.5,0.0,0.0,0.0,0.0,0.0,0
2023-05-11 09:31:22,PK311P10800,PK311P10800,730.5,0.0,0.0,0.0,20,849.5,869.5,10,730.5,0.0,0.0,0.0,0.0,0.0,0
2023-05-11 09:31:23,PK311P10800,PK311P10800,730.5,0.0,0.0,0.0,10,849.5,870.0,10,730.5,0.0,0.0,0.0,0.0,0.0,0
2023-05-11 09:31:24,PK311P10800,PK311P10800,730.5,0.0,0.0,0.0,10,849.5,870.0,20,730.5,0.0,0.0,0.0,0.0,0.0,0
2023-05-11 09:31:36,PK311P10800,PK311P10800,730.5,0.0,0.0,0.0,10,848.0,870.0,20,730.5,0.0,0.0,0.0,0.0,0.0,0
2023-05-11 09:31:39,PK311P10800,PK311P10800,730.5,0.0,0.0,0.0,10,850.0,861.0,10,730.5,0.0,0.0,0.0,0.0,0.0,0
2023-05-11 09:31:41,PK311P10800,PK311P10800,730.5,0.0,0.0,0.0,10,846.0,866.0,10,730.5,0.0,0.0,0.0,0.0,0.0,0
2023-05-11 09:31:41,PK311P10800,PK311P10800,730.5,0.0,0.0,0.0,20,844.0,866.0,10,730.5,0.0,0.0,0.0,0.0,0.0,0
2023-05-11 09:31:43,PK311P10800,PK311P10800,730.5,0.0,0.0,0.0,10,844.0,866.0,20,730.5,0.0,0.0,0.0,0.0,0.0,0
2023-05-11 09:32:02,PK311P10800,PK311P10800,730.5,0.0,0.0,0.0,10,844.0,865.5,10,730.5,0.0,0.0,0.0,0.0,0.0,0
2023-05-11 09:32:13,PK311P10800,PK311P10800,730.5,0.0,0.0,0.0,20,844.0,865.5,20,730.5,0.0,0.0,0.0,0.0,0.0,0
2023-05-11 09:32:13,PK311P10800,PK311P10800,730.5,0.0,0.0,0.0,20,844.0,865.0,10,730.5,0.0,0.0,0.0,0.0,0.0,0
2023-05-11 09:32:17,PK311P10800,PK311P10800,730.5,0.0,0.0,0.0,20,844.0,854.0,10,730.5,0.0,0.0,0.0,0.0,0.0,0
2023-05-11 09:32:18,PK311P10800,PK311P10800,730.5,0.0,0.0,0.0,20,844.0,854.0,20,730.5,0.0,0.0,0.0,0.0,0.0,0
2023-05-11 09:32:25,PK311P10800,PK311P10800,730.5,0.0,0.0,0.0,20,844.0,854.0,10,730.5,0.0,0.0,0.0,0.0,0.0,0
2023-05-11 09:32:25,PK311P10800,PK311P10800,730.5,0.0,0.0,0.0,20,844.5,853.5,10,730.5,0.0,0.0,0.0,0.0,0.0,0
2023-05-11 09:32:26,PK311P10800,PK311P10800,730.5,0.0,0.0,0.0,10,844.5,853.5,10,730.5,0.0,0.0,0.0,0.0,0.0,0
2023-05-11 09:32:28,PK311P10800,PK311P10800,730.5,0.0,0.0,0.0,10,844.5,854.5,10,730.5,0.0,0.0,0.0,0.0,0.0,0
2023-05-11 09:32:28,PK311P10800,PK311P10800,730.5,0.0,0.0,0.0,20,844.5,854.0,10,730.5,0.0,0.0,0.0,0.0,0.0,0
2023-05-11 09:32:28,PK311P10800,PK311P10800,730.5,0.0,0.0,0.0,20,844.5,856.0,20,730.5,0.0,0.0,0.0,0.0,0.0,0
2023-05-11 09:32:41,PK311P10800,PK311P10800,730.5,0.0,0.0,0.0,20,844.5,855.5,10,730.5,0.0,0.0,0.0,0.0,0.0,0
2023-05-11 09:32:42,PK311P10800,PK311P10800,730.5,0.0,0.0,0.0,20,844.5,855.5,20,730.5,0.0,0.0,0.0,0.0,0.0,0
2023-05-11 09:32:43,PK311P10800,PK311P10800,730.5,0.0,0.0,0.0,20,844.5,855.5,10,730.5,0.0,0.0,0.0,0.0,0.0,0
2023-05-11 09:32:44,PK311P10800,PK311P10800,730.5,0.0,0.0,0.0,20,844.5,855.5,20,730.5,0.0,0.0,0.0,0.0,0.0,0
2023-05-11 09:32:52,PK311P10800,PK311P10800,730.5,0.0,0.0,0.0,10,844.5,855.5,10,730.5,0.0,0.0,0.0,0.0,0.0,0
2023-05-11 09:32:52,PK311P10800,PK311P10800,730.5,0.0,0.0,0.0,20,844.0,858.0,10,730.5,0.0,0.0,0.0,0.0,0.0,0
2023-05-11 09:32:53,PK311P10800,PK311P10800,730.5,0.0,0.0,0.0,20,844.0,860.0,10,730.5,0.0,0.0,0.0,0.0,0.0,0
2023-05-11 09:32:53,PK311P10800,PK311P10800,730.5,0.0,0.0,0.0,20,844.0,861.5,20,730.5,0.0,0.0,0.0,0.0,0.0,0
2023-05-11 09:33:01,PK311P10800,PK311P10800,730.5,0.0,0.0,0.0,20,844.0,861.0,10,730.5,0.0,0.0,0.0,0.0,0.0,0
2023-05-11 09:33:02,PK311P10800,PK311P10800,730.5,0.0,0.0,0.0,10,844.0,860.5,10,730.5,0.0,0.0,0.0,0.0,0.0,0
2023-05-11 09:33:02,PK311P10800,PK311P10800,730.5,0.0,0.0,0.0,10,842.0,860.0,10,730.5,0.0,0.0,0.0,0.0,0.0,0
2023-05-11 09:33:02,PK311P10800,PK311P10800,730.5,0.0,0.0,0.0,10,841.0,859.5,10,730.5,0.0,0.0,0.0,0.0,0.0,0
2023-05-11 09:33:03,PK311P10800,PK311P10800,730.5,0.0,0.0,0.0,20,841.0,859.5,20,730.5,0.0,0.0,0.0,0.0,0.0,0
2023-05-11 09:33:04,PK311P10800,PK311P10800,730.5,0.0,0.0,0.0,20,840.5,859.5,20,730.5,0.0,0.0,0.0,0.0,0.0,0
2023-05-11 09:33:05,PK311P10800,PK311P10800,730.5,0.0,0.0,0.0,30,840.5,859.5,20,730.5,0.0,0.0,0.0,0.0,0.0,0
2023-05-11 09:33:07,PK311P10800,PK311P10800,730.5,0.0,0.0,0.0,30,840.5,859.0,10,730.5,0.0,0.0,0.0,0.0,0.0,0
2023-05-11 09:33:07,PK311P10800,PK311P10800,730.5,0.0,0.0,0.0,30,840.5,858.5,10,730.5,0.0,0.0,0.0,0.0,0.0,0
2023-05-11 09:33:08,PK311P10800,PK311P10800,730.5,0.0,0.0,0.0,20,840.5,858.0,10,730.5,0.0,0.0,0.0,0.0,0.0,0
2023-05-11 09:33:08,PK311P10800,PK311P10800,730.5,0.0,0.0,0.0,20,840.5,857.0,10,730.5,0.0,0.0,0.0,0.0,0.0,0
2023-05-11 09:33:09,PK311P10800,PK311P10800,730.5,0.0,0.0,0.0,10,840.5,856.5,10,730.5,0.0,0.0,0.0,0.0,0.0,0
2023-05-11 09:33:09,PK311P10800,PK311P10800,730.5,0.0,0.0,0.0,20,838.5,856.0,20,730.5,0.0,0.0,0.0,0.0,0.0,0
2023-05-11 09:33:10,PK311P10800,PK311P10800,730.5,0.0,0.0,0.0,10,836.5,855.5,20,730.5,0.0,0.0,0.0,0.0,0.0,0
2023-05-11 09:33:10,PK311P10800,PK311P10800,730.5,0.0,0.0,0.0,20,837.0,855.5,30,730.5,0.0,0.0,0.0,0.0,0.0,0
2023-05-11 09:33:11,PK311P10800,PK311P10800,730.5,0.0,0.0,0.0,20,837.0,855.0,10,730.5,0.0,0.0,0.0,0.0,0.0,0
2023-05-11 09:33:11,PK311P10800,PK311P10800,730.5,0.0,0.0,0.0,20,837.0,854.5,10,730.5,0.0,0.0,0.0,0.0,0.0,0
2023-05-11 09:33:17,PK311P10800,PK311P10800,730.5,0.0,0.0,0.0,20,836.0,854.5,20,730.5,0.0,0.0,0.0,0.0,0.0,0
2023-05-11 09:33:17,PK311P10800,PK311P10800,730.5,0.0,0.0,0.0,30,836.0,854.5,20,730.5,0.0,0.0,0.0,0.0,0.0,0
2023-05-11 09:33:18,PK311P10800,PK311P10800,730.5,0.0,0.0,0.0,30,836.0,854.0,10,730.5,0.0,0.0,0.0,0.0,0.0,0
2023-05-11 09:33:18,PK311P10800,PK311P10800,730.5,0.0,0.0,0.0,20,836.0,853.0,10,730.5,0.0,0.0,0.0,0.0,0.0,0
2023-05-11 09:33:19,PK311P10800,PK311P10800,730.5,0.0,0.0,0.0,20,836.0,852.5,10,730.5,0.0,0.0,0.0,0.0,0.0,0
2023-05-11 09:33:19,PK311P10800,PK311P10800,730.5,0.0,0.0,0.0,20,836.0,852.0,10,730.5,0.0,0.0,0.0,0.0,0.0,0
2023-05-11 09:33:20,PK311P10800,PK311P10800,730.5,0.0,0.0,0.0,20,836.0,851.5,20,730.5,0.0,0.0,0.0,0.0,0.0,0
2023-05-11 09:33:21,PK311P10800,PK311P10800,730.5,0.0,0.0,0.0,10,836.0,851.5,20,730.5,0.0,0.0,0.0,0.0,0.0,0
2023-05-11 09:33:21,PK311P10800,PK311P10800,730.5,0.0,0.0,0.0,20,835.0,851.5,20,730.5,0.0,0.0,0.0,0.0,0.0,0
2023-05-11 09:33:24,PK311P10800,PK311P10800,730.5,0.0,0.0,0.0,10,835.0,851.5,20,730.5,0.0,0.0,0.0,0.0,0.0,0
2023-05-11 09:33:24,PK311P10800,PK311P10800,730.5,0.0,0.0,0.0,10,833.0,851.0,10,730.5,0.0,0.0,0.0,0.0,0.0,0
2023-05-11 09:33:25,PK311P10800,PK311P10800,730.5,0.0,0.0,0.0,30,832.0,850.5,10,730.5,0.0,0.0,0.0,0.0,0.0,0
2023-05-11 09:33:44,PK311P10800,PK311P10800,730.5,0.0,0.0,0.0,30,832.0,850.0,10,730.5,0.0,0.0,0.0,0.0,0.0,0
2023-05-11 09:33:49,PK311P10800,PK311P10800,730.5,0.0,0.0,0.0,20,832.0,850.0,10,730.5,0.0,0.0,0.0,0.0,0.0,0
2023-05-11 09:33:50,PK311P10800,PK311P10800,730.5,0.0,0.0,0.0,20,832.0,849.5,10,730.5,0.0,0.0,0.0,0.0,0.0,0
2023-05-11 09:33:50,PK311P10800,PK311P10800,730.5,0.0,0.0,0.0,20,832.0,849.0,10,730.5,0.0,0.0,0.0,0.0,0.0,0
2023-05-11 09:33:51,PK311P10800,PK311P10800,730.5,0.0,0.0,0.0,20,830.0,849.0,20,730.5,0.0,0.0,0.0,0.0,0.0,0
2023-05-11 09:33:51,PK311P10800,PK311P10800,730.5,0.0,0.0,0.0,40,828.5,848.5,10,730.5,0.0,0.0,0.0,0.0,0.0,0
2023-05-11 09:33:57,PK311P10800,PK311P10800,730.5,0.0,0.0,0.0,40,828.5,848.0,10,730.5,0.0,0.0,0.0,0.0,0.0,0
2023-05-11 09:33:57,PK311P10800,PK311P10800,730.5,0.0,0.0,0.0,40,828.5,847.5,10,730.5,0.0,0.0,0.0,0.0,0.0,0
2023-05-11 09:34:00,PK311P10800,PK311P10800,730.5,0.0,0.0,0.0,40,828.5,847.0,10,730.5,0.0,0.0,0.0,0.0,0.0,0
2023-05-11 09:34:01,PK311P10800,PK311P10800,730.5,0.0,0.0,0.0,20,828.5,846.5,10,730.5,0.0,0.0,0.0,0.0,0.0,0
2023-05-11 09:34:01,PK311P10800,PK311P10800,730.5,0.0,0.0,0.0,10,826.5,845.5,10,730.5,0.0,0.0,0.0,0.0,0.0,0
2023-05-11 09:34:02,PK311P10800,PK311P10800,730.5,0.0,0.0,0.0,20,824.0,844.5,10,730.5,0.0,0.0,0.0,0.0,0.0,0
2023-05-11 09:34:02,PK311P10800,PK311P10800,730.5,0.0,0.0,0.0,20,824.0,844.0,10,730.5,0.0,0.0,0.0,0.0,0.0,0
2023-05-11 09:34:04,PK311P10800,PK311P10800,730.5,0.0,0.0,0.0,10,827.0,841.5,10,730.5,0.0,0.0,0.0,0.0,0.0,0
2023-05-11 09:34:04,PK311P10800,PK311P10800,730.5,0.0,0.0,0.0,20,827.0,841.0,20,730.5,0.0,0.0,0.0,0.0,0.0,0
2023-05-11 09:34:08,PK311P10800,PK311P10800,730.5,0.0,0.0,0.0,10,827.0,840.5,10,730.5,0.0,0.0,0.0,0.0,0.0,0
2023-05-11 09:34:09,PK311P10800,PK311P10800,730.5,0.0,0.0,0.0,10,824.0,840.0,10,730.5,0.0,0.0,0.0,0.0,0.0,0
2023-05-11 09:34:09,PK311P10800,PK311P10800,730.5,0.0,0.0,0.0,10,824.0,839.5,10,730.5,0.0,0.0,0.0,0.0,0.0,0
2023-05-11 09:34:10,PK311P10800,PK311P10800,730.5,0.0,0.0,0.0,20,824.0,839.0,10,730.5,0.0,0.0,0.0,0.0,0.0,0
2023-05-11 09:34:11,PK311P10800,PK311P10800,730.5,0.0,0.0,0.0,10,824.0,839.0,10,730.5,0.0,0.0,0.0,0.0,0.0,0
2023-05-11 09:34:11,PK311P10800,PK311P10800,730.5,0.0,0.0,0.0,20,822.0,839.0,20,730.5,0.0,0.0,0.0,0.0,0.0,0
2023-05-11 09:34:12,PK311P10800,PK311P10800,730.5,0.0,0.0,0.0,20,822.0,838.5,10,730.5,0.0,0.0,0.0,0.0,0.0,0
2023-05-11 09:34:12,PK311P10800,PK311P10800,730.5,0.0,0.0,0.0,20,822.0,838.0,10,730.5,0.0,0.0,0.0,0.0,0.0,0
2023-05-11 09:34:15,PK311P10800,PK311P10800,730.5,0.0,0.0,0.0,10,822.0,838.0,10,730.5,0.0,0.0,0.0,0.0,0.0,0
2023-05-11 09:34:16,PK311P10800,PK311P10800,730.5,0.0,0.0,0.0,20,820.0,838.0,20,730.5,0.0,0.0,0.0,0.0,0.0,0
2023-05-11 09:34:18,PK311P10800,PK311P10800,730.5,0.0,0.0,0.0,10,820.0,838.0,30,730.5,0.0,0.0,0.0,0.0,0.0,0
2023-05-11 09:34:18,PK311P10800,PK311P10800,730.5,0.0,0.0,0.0,20,819.5,837.5,10,730.5,0.0,0.0,0.0,0.0,0.0,0
2023-05-11 09:34:22,PK311P10800,PK311P10800,730.5,0.0,0.0,0.0,20,819.5,837.0,10,730.5,0.0,0.0,0.0,0.0,0.0,0
2023-05-11 09:34:29,PK311P10800,PK311P10800,730.5,0.0,0.0,0.0,10,819.5,837.0,10,730.5,0.0,0.0,0.0,0.0,0.0,0
2023-05-11 09:34:29,PK311P10800,PK311P10800,730.5,0.0,0.0,0.0,10,817.5,837.0,20,730.5,0.0,0.0,0.0,0.0,0.0,0
2023-05-11 09:34:30,PK311P10800,PK311P10800,730.5,0.0,0.0,0.0,20,817.0,837.0,20,730.5,0.0,0.0,0.0,0.0,0.0,0
2023-05-11 09:34:34,PK311P10800,PK311P10800,730.5,0.0,0.0,0.0,20,817.0,836.5,10,730.5,0.0,0.0,0.0,0.0,0.0,0
2023-05-11 09:34:40,PK311P10800,PK311P10800,730.5,0.0,0.0,0.0,20,817.0,837.5,20,730.5,0.0,0.0,0.0,0.0,0.0,0
2023-05-11 09:34:40,PK311P10800,PK311P10800,730.5,0.0,0.0,0.0,20,817.0,837.0,10,730.5,0.0,0.0,0.0,0.0,0.0,0
2023-05-11 09:35:02,PK311P10800,PK311P10800,730.5,0.0,0.0,0.0,10,817.5,837.0,10,730.5,0.0,0.0,0.0,0.0,0.0,0
2023-05-11 09:35:02,PK311P10800,PK311P10800,730.5,0.0,0.0,0.0,10,818.0,837.5,10,730.5,0.0,0.0,0.0,0.0,0.0,0
2023-05-11 09:35:03,PK311P10800,PK311P10800,730.5,0.0,0.0,0.0,20,818.0,838.0,20,730.5,0.0,0.0,0.0,0.0,0.0,0
2023-05-11 09:35:03,PK311P10800,PK311P10800,730.5,0.0,0.0,0.0,20,818.0,838.0,30,730.5,0.0,0.0,0.0,0.0,0.0,0
2023-05-11 09:35:04,PK311P10800,PK311P10800,730.5,0.0,0.0,0.0,20,818.0,838.0,20,730.5,0.0,0.0,0.0,0.0,0.0,0
2023-05-11 09:35:06,PK311P10800,PK311P10800,730.5,0.0,0.0,0.0,30,818.0,838.0,20,730.5,0.0,0.0,0.0,0.0,0.0,0
2023-05-11 09:35:09,PK311P10800,PK311P10800,730.5,0.0,0.0,0.0,30,820.0,839.5,30,730.5,0.0,0.0,0.0,0.0,0.0,0
2023-05-11 09:35:09,PK311P10800,PK311P10800,730.5,0.0,0.0,0.0,10,820.5,839.5,40,730.5,0.0,0.0,0.0,0.0,0.0,0
2023-05-11 09:35:13,PK311P10800,PK311P10800,730.5,0.0,0.0,0.0,10,820.5,839.5,30,730.5,0.0,0.0,0.0,0.0,0.0,0
2023-05-11 09:35:13,PK311P10800,PK311P10800,730.5,0.0,0.0,0.0,10,820.5,839.5,20,730.5,0.0,0.0,0.0,0.0,0.0,0
2023-05-11 09:35:24,PK311P10800,PK311P10800,730.5,0.0,0.0,0.0,50,820.0,839.5,30,730.5,0.0,0.0,0.0,0.0,0.0,0
2023-05-11 09:35:25,PK311P10800,PK311P10800,730.5,0.0,0.0,0.0,50,820.0,839.5,20,730.5,0.0,0.0,0.0,0.0,0.0,0
2023-05-11 09:35:26,PK311P10800,PK311P10800,730.5,0.0,0.0,0.0,60,820.0,841.0,20,730.5,0.0,0.0,0.0,0.0,0.0,0
2023-05-11 09:35:47,PK311P10800,PK311P10800,730.5,0.0,0.0,0.0,10,820.5,841.0,10,730.5,0.0,0.0,0.0,0.0,0.0,0
2023-05-11 09:35:47,PK311P10800,PK311P10800,730.5,0.0,0.0,0.0,10,821.0,841.5,20,730.5,0.0,0.0,0.0,0.0,0.0,0
2023-05-11 09:35:49,PK311P10800,PK311P10800,730.5,0.0,0.0,0.0,10,821.0,841.5,30,730.5,0.0,0.0,0.0,0.0,0.0,0
2023-05-11 09:35:50,PK311P10800,PK311P10800,730.5,0.0,0.0,0.0,10,821.0,841.5,20,730.5,0.0,0.0,0.0,0.0,0.0,0
2023-05-11 09:35:52,PK311P10800,PK311P10800,730.5,0.0,0.0,0.0,10,823.5,841.5,10,730.5,0.0,0.0,0.0,0.0,0.0,0
2023-05-11 09:35:52,PK311P10800,PK311P10800,730.5,0.0,0.0,0.0,20,823.5,842.0,30,730.5,0.0,0.0,0.0,0.0,0.0,0
2023-05-11 09:35:54,PK311P10800,PK311P10800,730.5,0.0,0.0,0.0,20,823.5,841.5,10,730.5,0.0,0.0,0.0,0.0,0.0,0
2023-05-11 09:35:55,PK311P10800,PK311P10800,730.5,0.0,0.0,0.0,20,823.5,841.0,10,730.5,0.0,0.0,0.0,0.0,0.0,0
2023-05-11 09:36:06,PK311P10800,PK311P10800,730.5,0.0,0.0,0.0,20,823.5,841.5,10,730.5,0.0,0.0,0.0,0.0,0.0,0
2023-05-11 09:36:07,PK311P10800,PK311P10800,730.5,0.0,0.0,0.0,30,823.5,841.5,10,730.5,0.0,0.0,0.0,0.0,0.0,0
2023-05-11 09:36:10,PK311P10800,PK311P10800,730.5,0.0,0.0,0.0,30,823.5,842.0,10,730.5,0.0,0.0,0.0,0.0,0.0,0
2023-05-11 09:36:15,PK311P10800,PK311P10800,730.5,0.0,0.0,0.0,30,823.5,843.0,10,730.5,0.0,0.0,0.0,0.0,0.0,0
2023-05-11 09:36:23,PK311P10800,PK311P10800,730.5,0.0,0.0,0.0,10,824.0,843.0,10,730.5,0.0,0.0,0.0,0.0,0.0,0
2023-05-11 09:36:24,PK311P10800,PK311P10800,730.5,0.0,0.0,0.0,10,824.5,844.5,10,730.5,0.0,0.0,0.0,0.0,0.0,0
2023-05-11 09:36:25,PK311P10800,PK311P10800,730.5,0.0,0.0,0.0,10,825.0,844.5,10,730.5,0.0,0.0,0.0,0.0,0.0,0
2023-05-11 09:36:26,PK311P10800,PK311P10800,730.5,0.0,0.0,0.0,30,825.0,845.0,10,730.5,0.0,0.0,0.0,0.0,0.0,0
2023-05-11 09:36:26,PK311P10800,PK311P10800,730.5,0.0,0.0,0.0,40,825.0,845.0,10,730.5,0.0,0.0,0.0,0.0,0.0,0
2023-05-11 09:36:27,PK311P10800,PK311P10800,730.5,0.0,0.0,0.0,40,825.0,845.5,20,730.5,0.0,0.0,0.0,0.0,0.0,0
2023-05-11 09:36:27,PK311P10800,PK311P10800,730.5,0.0,0.0,0.0,40,825.0,845.0,10,730.5,0.0,0.0,0.0,0.0,0.0,0
2023-05-11 09:36:27,PK311P10800,PK311P10800,730.5,0.0,0.0,0.0,10,827.5,845.5,10,730.5,0.0,0.0,0.0,0.0,0.0,0
2023-05-11 09:36:28,PK311P10800,PK311P10800,730.5,0.0,0.0,0.0,10,827.5,847.0,20,730.5,0.0,0.0,0.0,0.0,0.0,0
2023-05-11 09:36:30,PK311P10800,PK311P10800,730.5,0.0,0.0,0.0,20,827.5,846.5,10,730.5,0.0,0.0,0.0,0.0,0.0,0
2023-05-11 09:36:32,PK311P10800,PK311P10800,730.5,0.0,0.0,0.0,10,833.0,847.0,10,730.5,0.0,0.0,0.0,0.0,0.0,0
2023-05-11 09:36:32,PK311P10800,PK311P10800,730.5,0.0,0.0,0.0,10,833.0,848.5,10,730.5,0.0,0.0,0.0,0.0,0.0,0
2023-05-11 09:36:33,PK311P10800,PK311P10800,730.5,0.0,0.0,0.0,10,831.0,848.5,10,730.5,0.0,0.0,0.0,0.0,0.0,0
2023-05-11 09:36:33,PK311P10800,PK311P10800,730.5,0.0,0.0,0.0,20,830.5,848.5,10,730.5,0.0,0.0,0.0,0.0,0.0,0
2023-05-11 09:36:34,PK311P10800,PK311P10800,730.5,0.0,0.0,0.0,30,830.5,848.0,10,730.5,0.0,0.0,0.0,0.0,0.0,0
2023-05-11 09:36:34,PK311P10800,PK311P10800,730.5,0.0,0.0,0.0,30,830.5,847.5,10,730.5,0.0,0.0,0.0,0.0,0.0,0
2023-05-11 09:36:38,PK311P10800,PK311P10800,730.5,0.0,0.0,0.0,30,830.5,848.5,10,730.5,0.0,0.0,0.0,0.0,0.0,0
2023-05-11 09:36:38,PK311P10800,PK311P10800,730.5,0.0,0.0,0.0,30,830.5,849.5,20,730.5,0.0,0.0,0.0,0.0,0.0,0
2023-05-11 09:36:39,PK311P10800,PK311P10800,730.5,0.0,0.0,0.0,30,830.5,849.0,10,730.5,0.0,0.0,0.0,0.0,0.0,0
2023-05-11 09:36:41,PK311P10800,PK311P10800,730.5,0.0,0.0,0.0,10,831.5,849.5,10,730.5,0.0,0.0,0.0,0.0,0.0,0
2023-05-11 09:36:41,PK311P10800,PK311P10800,730.5,0.0,0.0,0.0,20,831.5,850.5,30,730.5,0.0,0.0,0.0,0.0,0.0,0
2023-05-11 09:36:42,PK311P10800,PK311P10800,730.5,0.0,0.0,0.0,30,831.5,850.5,20,730.5,0.0,0.0,0.0,0.0,0.0,0
2023-05-11 09:36:43,PK311P10800,PK311P10800,730.5,0.0,0.0,0.0,30,831.5,850.5,30,730.5,0.0,0.0,0.0,0.0,0.0,0
2023-05-11 09:36:43,PK311P10800,PK311P10800,730.5,0.0,0.0,0.0,40,831.5,850.5,20,730.5,0.0,0.0,0.0,0.0,0.0,0
2023-05-11 09:36:47,PK311P10800,PK311P10800,730.5,0.0,0.0,0.0,40,831.5,851.5,20,730.5,0.0,0.0,0.0,0.0,0.0,0
2023-05-11 09:36:47,PK311P10800,PK311P10800,730.5,0.0,0.0,0.0,50,831.5,851.0,10,730.5,0.0,0.0,0.0,0.0,0.0,0
2023-05-11 09:36:49,PK311P10800,PK311P10800,730.5,0.0,0.0,0.0,50,831.5,851.5,20,730.5,0.0,0.0,0.0,0.0,0.0,0
2023-05-11 09:36:54,PK311P10800,PK311P10800,730.5,0.0,0.0,0.0,30,831.5,851.0,20,730.5,0.0,0.0,0.0,0.0,0.0,0
2023-05-11 09:37:05,PK311P10800,PK311P10800,730.5,0.0,0.0,0.0,10,831.5,849.0,10,730.5,0.0,0.0,0.0,0.0,0.0,0
2023-05-11 09:37:05,PK311P10800,PK311P10800,730.5,0.0,0.0,0.0,20,827.5,848.0,10,730.5,0.0,0.0,0.0,0.0,0.0,0
2023-05-11 09:37:05,PK311P10800,PK311P10800,730.5,0.0,0.0,0.0,10,827.5,847.5,10,730.5,0.0,0.0,0.0,0.0,0.0,0
2023-05-11 09:37:06,PK311P10800,PK311P10800,730.5,0.0,0.0,0.0,10,827.5,845.5,10,730.5,0.0,0.0,0.0,0.0,0.0,0
2023-05-11 09:37:06,PK311P10800,PK311P10800,730.5,0.0,0.0,0.0,10,826.0,844.5,10,730.5,0.0,0.0,0.0,0.0,0.0,0
2023-05-11 09:37:07,PK311P10800,PK311P10800,730.5,0.0,0.0,0.0,20,826.0,844.0,10,730.5,0.0,0.0,0.0,0.0,0.0,0
2023-05-11 09:37:09,PK311P10800,PK311P10800,730.5,0.0,0.0,0.0,20,826.0,843.0,10,730.5,0.0,0.0,0.0,0.0,0.0,0
2023-05-11 09:37:09,PK311P10800,PK311P10800,730.5,0.0,0.0,0.0,20,826.0,842.5,10,730.5,0.0,0.0,0.0,0.0,0.0,0
2023-05-11 09:37:09,PK311P10800,PK311P10800,730.5,0.0,0.0,0.0,10,826.0,842.0,10,730.5,0.0,0.0,0.0,0.0,0.0,0
2023-05-11 09:37:10,PK311P10800,PK311P10800,730.5,0.0,0.0,0.0,20,826.0,841.5,20,730.5,0.0,0.0,0.0,0.0,0.0,0
2023-05-11 09:37:12,PK311P10800,PK311P10800,730.5,0.0,0.0,0.0,20,826.0,842.0,10,730.5,0.0,0.0,0.0,0.0,0.0,0
2023-05-11 09:37:12,PK311P10800,PK311P10800,730.5,0.0,0.0,0.0,20,826.0,842.5,10,730.5,0.0,0.0,0.0,0.0,0.0,0
2023-05-11 09:37:13,PK311P10800,PK311P10800,730.5,0.0,0.0,0.0,20,826.0,844.0,10,730.5,0.0,0.0,0.0,0.0,0.0,0
2023-05-11 09:37:17,PK311P10800,PK311P10800,730.5,0.0,0.0,0.0,10,826.0,844.0,10,730.5,0.0,0.0,0.0,0.0,0.0,0
2023-05-11 09:37:17,PK311P10800,PK311P10800,730.5,0.0,0.0,0.0,10,826.0,844.5,10,730.5,0.0,0.0,0.0,0.0,0.0,0
2023-05-11 09:37:18,PK311P10800,PK311P10800,730.5,0.0,0.0,0.0,10,826.0,845.5,10,730.5,0.0,0.0,0.0,0.0,0.0,0
2023-05-11 09:37:19,PK311P10800,PK311P10800,730.5,0.0,0.0,0.0,20,826.5,845.5,10,730.5,0.0,0.0,0.0,0.0,0.0,0
2023-05-11 09:37:20,PK311P10800,PK311P10800,730.5,0.0,0.0,0.0,20,827.5,846.5,10,730.5,0.0,0.0,0.0,0.0,0.0,0
2023-05-11 09:37:20,PK311P10800,PK311P10800,730.5,0.0,0.0,0.0,10,827.5,846.0,10,730.5,0.0,0.0,0.0,0.0,0.0,0
2023-05-11 09:37:20,PK311P10800,PK311P10800,730.5,0.0,0.0,0.0,10,827.5,845.5,10,730.5,0.0,0.0,0.0,0.0,0.0,0
2023-05-11 09:37:21,PK311P10800,PK311P10800,730.5,0.0,0.0,0.0,10,827.5,845.0,10,730.5,0.0,0.0,0.0,0.0,0.0,0
2023-05-11 09:37:21,PK311P10800,PK311P10800,730.5,0.0,0.0,0.0,10,827.5,844.5,10,730.5,0.0,0.0,0.0,0.0,0.0,0
2023-05-11 09:37:22,PK311P10800,PK311P10800,730.5,0.0,0.0,0.0,10,827.0,844.0,10,730.5,0.0,0.0,0.0,0.0,0.0,0
2023-05-11 09:37:27,PK311P10800,PK311P10800,730.5,0.0,0.0,0.0,10,827.0,843.5,10,730.5,0.0,0.0,0.0,0.0,0.0,0
2023-05-11 09:37:27,PK311P10800,PK311P10800,730.5,0.0,0.0,0.0,10,827.0,843.0,10,730.5,0.0,0.0,0.0,0.0,0.0,0
2023-05-11 09:37:37,PK311P10800,PK311P10800,730.5,0.0,0.0,0.0,10,827.0,842.5,10,730.5,0.0,0.0,0.0,0.0,0.0,0
2023-05-11 09:37:37,PK311P10800,PK311P10800,730.5,0.0,0.0,0.0,10,827.0,842.0,10,730.5,0.0,0.0,0.0,0.0,0.0,0
2023-05-11 09:37:48,PK311P10800,PK311P10800,730.5,0.0,0.0,0.0,10,825.0,842.0,10,730.5,0.0,0.0,0.0,0.0,0.0,0
2023-05-11 09:37:48,PK311P10800,PK311P10800,730.5,0.0,0.0,0.0,10,824.0,842.0,10,730.5,0.0,0.0,0.0,0.0,0.0,0
2023-05-11 09:38:07,PK311P10800,PK311P10800,730.5,0.0,0.0,0.0,10,824.0,843.5,10,730.5,0.0,0.0,0.0,0.0,0.0,0
2023-05-11 09:38:09,PK311P10800,PK311P10800,730.5,0.0,0.0,0.0,10,824.0,844.0,10,730.5,0.0,0.0,0.0,0.0,0.0,0
2023-05-11 09:38:10,PK311P10800,PK311P10800,730.5,0.0,0.0,0.0,10,824.0,843.5,10,730.5,0.0,0.0,0.0,0.0,0.0,0
2023-05-11 09:38:11,PK311P10800,PK311P10800,730.5,0.0,0.0,0.0,10,824.0,842.5,10,730.5,0.0,0.0,0.0,0.0,0.0,0
2023-05-11 09:38:11,PK311P10800,PK311P10800,730.5,0.0,0.0,0.0,10,824.0,842.0,10,730.5,0.0,0.0,0.0,0.0,0.0,0
2023-05-11 09:38:12,PK311P10800,PK311P10800,730.5,0.0,0.0,0.0,10,824.0,841.5,10,730.5,0.0,0.0,0.0,0.0,0.0,0
2023-05-11 09:38:22,PK311P10800,PK311P10800,730.5,0.0,0.0,0.0,10,824.0,841.0,10,730.5,0.0,0.0,0.0,0.0,0.0,0
2023-05-11 09:38:39,PK311P10800,PK311P10800,730.5,0.0,0.0,0.0,20,823.0,841.0,10,730.5,0.0,0.0,0.0,0.0,0.0,0
2023-05-11 09:38:45,PK311P10800,PK311P10800,730.5,0.0,0.0,0.0,20,823.0,841.0,20,730.5,0.0,0.0,0.0,0.0,0.0,0
2023-05-11 09:38:46,PK311P10800,PK311P10800,730.5,0.0,0.0,0.0,10,823.0,843.0,10,730.5,0.0,0.0,0.0,0.0,0.0,0
2023-05-11 09:38:46,PK311P10800,PK311P10800,730.5,0.0,0.0,0.0,10,823.0,842.5,10,730.5,0.0,0.0,0.0,0.0,0.0,0
2023-05-11 09:38:47,PK311P10800,PK311P10800,730.5,0.0,0.0,0.0,10,823.0,843.5,10,730.5,0.0,0.0,0.0,0.0,0.0,0
2023-05-11 09:38:47,PK311P10800,PK311P10800,730.5,0.0,0.0,0.0,10,823.0,843.0,10,730.5,0.0,0.0,0.0,0.0,0.0,0
2023-05-11 09:38:48,PK311P10800,PK311P10800,730.5,0.0,0.0,0.0,20,823.0,843.0,10,730.5,0.0,0.0,0.0,0.0,0.0,0
2023-05-11 09:38:48,PK311P10800,PK311P10800,730.5,0.0,0.0,0.0,20,823.0,843.5,20,730.5,0.0,0.0,0.0,0.0,0.0,0
2023-05-11 09:38:49,PK311P10800,PK311P10800,730.5,0.0,0.0,0.0,20,823.5,843.5,10,730.5,0.0,0.0,0.0,0.0,0.0,0
2023-05-11 09:38:49,PK311P10800,PK311P10800,730.5,0.0,0.0,0.0,30,823.5,845.0,10,730.5,0.0,0.0,0.0,0.0,0.0,0
2023-05-11 09:38:59,PK311P10800,PK311P10800,730.5,0.0,0.0,0.0,30,823.5,844.5,20,730.5,0.0,0.0,0.0,0.0,0.0,0
2023-05-11 09:38:59,PK311P10800,PK311P10800,730.5,0.0,0.0,0.0,30,823.5,844.5,10,730.5,0.0,0.0,0.0,0.0,0.0,0
2023-05-11 09:39:02,PK311P10800,PK311P10800,730.5,0.0,0.0,0.0,20,823.5,844.5,10,730.5,0.0,0.0,0.0,0.0,0.0,0
2023-05-11 09:39:02,PK311P10800,PK311P10800,730.5,0.0,0.0,0.0,20,823.5,844.0,10,730.5,0.0,0.0,0.0,0.0,0.0,0
2023-05-11 09:39:03,PK311P10800,PK311P10800,730.5,0.0,0.0,0.0,20,823.5,843.5,10,730.5,0.0,0.0,0.0,0.0,0.0,0
2023-05-11 09:39:04,PK311P10800,PK311P10800,730.5,0.0,0.0,0.0,20,823.5,842.5,10,730.5,0.0,0.0,0.0,0.0,0.0,0
2023-05-11 09:39:31,PK311P10800,PK311P10800,730.5,0.0,0.0,0.0,20,823.5,842.5,20,730.5,0.0,0.0,0.0,0.0,0.0,0
2023-05-11 09:40:03,PK311P10800,PK311P10800,730.5,0.0,0.0,0.0,20,823.5,842.5,10,730.5,0.0,0.0,0.0,0.0,0.0,0
2023-05-11 09:40:04,PK311P10800,PK311P10800,730.5,0.0,0.0,0.0,10,824.0,845.0,10,730.5,0.0,0.0,0.0,0.0,0.0,0
2023-05-11 09:40:05,PK311P10800,PK311P10800,730.5,0.0,0.0,0.0,10,825.0,845.0,10,730.5,0.0,0.0,0.0,0.0,0.0,0
2023-05-11 09:40:05,PK311P10800,PK311P10800,730.5,0.0,0.0,0.0,10,828.0,849.5,30,730.5,0.0,0.0,0.0,0.0,0.0,0
2023-05-11 09:40:05,PK311P10800,PK311P10800,730.5,0.0,0.0,0.0,10,828.0,849.0,10,730.5,0.0,0.0,0.0,0.0,0.0,0
2023-05-11 09:40:07,PK311P10800,PK311P10800,730.5,0.0,0.0,0.0,10,828.0,849.5,30,730.5,0.0,0.0,0.0,0.0,0.0,0
2023-05-11 09:40:08,PK311P10800,PK311P10800,730.5,0.0,0.0,0.0,10,827.5,849.0,10,730.5,0.0,0.0,0.0,0.0,0.0,0
2023-05-11 09:40:09,PK311P10800,PK311P10800,730.5,0.0,0.0,0.0,10,827.5,848.0,10,730.5,0.0,0.0,0.0,0.0,0.0,0
2023-05-11 09:40:09,PK311P10800,PK311P10800,730.5,0.0,0.0,0.0,10,827.5,847.5,20,730.5,0.0,0.0,0.0,0.0,0.0,0
2023-05-11 09:40:09,PK311P10800,PK311P10800,730.5,0.0,0.0,0.0,10,827.5,847.0,10,730.5,0.0,0.0,0.0,0.0,0.0,0
2023-05-11 09:40:10,PK311P10800,PK311P10800,730.5,0.0,0.0,0.0,10,827.5,846.0,10,730.5,0.0,0.0,0.0,0.0,0.0,0
2023-05-11 09:40:11,PK311P10800,PK311P10800,730.5,0.0,0.0,0.0,10,827.5,845.5,10,730.5,0.0,0.0,0.0,0.0,0.0,0
2023-05-11 09:40:11,PK311P10800,PK311P10800,730.5,0.0,0.0,0.0,10,827.5,845.0,10,730.5,0.0,0.0,0.0,0.0,0.0,0
2023-05-11 09:40:13,PK311P10800,PK311P10800,730.5,0.0,0.0,0.0,10,827.5,844.5,10,730.5,0.0,0.0,0.0,0.0,0.0,0
2023-05-11 09:40:13,PK311P10800,PK311P10800,730.5,0.0,0.0,0.0,10,827.5,844.0,10,730.5,0.0,0.0,0.0,0.0,0.0,0
2023-05-11 09:40:18,PK311P10800,PK311P10800,730.5,0.0,0.0,0.0,10,827.5,843.5,10,730.5,0.0,0.0,0.0,0.0,0.0,0
2023-05-11 09:40:19,PK311P10800,PK311P10800,730.5,0.0,0.0,0.0,10,827.5,845.0,10,730.5,0.0,0.0,0.0,0.0,0.0,0
2023-05-11 09:40:20,PK311P10800,PK311P10800,730.5,0.0,0.0,0.0,20,827.5,845.0,10,730.5,0.0,0.0,0.0,0.0,0.0,0
2023-05-11 09:40:23,PK311P10800,PK311P10800,730.5,0.0,0.0,0.0,20,827.5,846.5,10,730.5,0.0,0.0,0.0,0.0,0.0,0
2023-05-11 09:40:23,PK311P10800,PK311P10800,730.5,0.0,0.0,0.0,20,827.5,847.5,10,730.5,0.0,0.0,0.0,0.0,0.0,0
2023-05-11 09:40:27,PK311P10800,PK311P10800,730.5,0.0,0.0,0.0,20,828.0,847.5,10,730.5,0.0,0.0,0.0,0.0,0.0,0
2023-05-11 09:40:28,PK311P10800,PK311P10800,730.5,0.0,0.0,0.0,10,828.5,848.0,10,730.5,0.0,0.0,0.0,0.0,0.0,0
2023-05-11 09:40:28,PK311P10800,PK311P10800,730.5,0.0,0.0,0.0,30,828.5,849.5,30,730.5,0.0,0.0,0.0,0.0,0.0,0
2023-05-11 09:40:28,PK311P10800,PK311P10800,730.5,0.0,0.0,0.0,30,828.5,849.5,20,730.5,0.0,0.0,0.0,0.0,0.0,0
2023-05-11 09:40:31,PK311P10800,PK311P10800,730.5,0.0,0.0,0.0,30,828.5,849.5,30,730.5,0.0,0.0,0.0,0.0,0.0,0
2023-05-11 09:40:33,PK311P10800,PK311P10800,730.5,0.0,0.0,0.0,30,828.5,849.5,20,730.5,0.0,0.0,0.0,0.0,0.0,0
2023-05-11 09:40:35,PK311P10800,PK311P10800,730.5,0.0,0.0,0.0,20,828.5,849.0,10,730.5,0.0,0.0,0.0,0.0,0.0,0
2023-05-11 09:40:36,PK311P10800,PK311P10800,730.5,0.0,0.0,0.0,10,828.5,848.5,10,730.5,0.0,0.0,0.0,0.0,0.0,0
2023-05-11 09:40:36,PK311P10800,PK311P10800,730.5,0.0,0.0,0.0,10,828.5,848.0,10,730.5,0.0,0.0,0.0,0.0,0.0,0
2023-05-11 09:40:38,PK311P10800,PK311P10800,730.5,0.0,0.0,0.0,10,828.5,848.5,10,730.5,0.0,0.0,0.0,0.0,0.0,0
2023-05-11 09:40:49,PK311P10800,PK311P10800,730.5,0.0,0.0,0.0,10,828.5,848.0,20,730.5,0.0,0.0,0.0,0.0,0.0,0
2023-05-11 09:40:49,PK311P10800,PK311P10800,730.5,0.0,0.0,0.0,10,828.5,847.5,10,730.5,0.0,0.0,0.0,0.0,0.0,0
2023-05-11 09:40:50,PK311P10800,PK311P10800,730.5,0.0,0.0,0.0,10,828.5,847.0,10,730.5,0.0,0.0,0.0,0.0,0.0,0
2023-05-11 09:40:59,PK311P10800,PK311P10800,730.5,0.0,0.0,0.0,10,828.5,848.0,10,730.5,0.0,0.0,0.0,0.0,0.0,0
2023-05-11 09:40:59,PK311P10800,PK311P10800,730.5,0.0,0.0,0.0,10,828.5,847.5,10,730.5,0.0,0.0,0.0,0.0,0.0,0
2023-05-11 09:41:00,PK311P10800,PK311P10800,730.5,0.0,0.0,0.0,10,828.5,848.0,10,730.5,0.0,0.0,0.0,0.0,0.0,0
2023-05-11 09:41:03,PK311P10800,PK311P10800,730.5,0.0,0.0,0.0,10,829.0,848.5,10,730.5,0.0,0.0,0.0,0.0,0.0,0
2023-05-11 09:41:03,PK311P10800,PK311P10800,730.5,0.0,0.0,0.0,40,829.0,849.5,10,730.5,0.0,0.0,0.0,0.0,0.0,0
2023-05-11 09:41:04,PK311P10800,PK311P10800,730.5,0.0,0.0,0.0,10,831.5,850.5,20,730.5,0.0,0.0,0.0,0.0,0.0,0
2023-05-11 09:41:04,PK311P10800,PK311P10800,730.5,0.0,0.0,0.0,20,831.5,850.5,20,730.5,0.0,0.0,0.0,0.0,0.0,0
2023-05-11 09:41:07,PK311P10800,PK311P10800,730.5,0.0,0.0,0.0,10,831.5,850.0,20,730.5,0.0,0.0,0.0,0.0,0.0,0
2023-05-11 09:41:07,PK311P10800,PK311P10800,730.5,0.0,0.0,0.0,10,831.5,849.5,10,730.5,0.0,0.0,0.0,0.0,0.0,0
2023-05-11 09:41:08,PK311P10800,PK311P10800,730.5,0.0,0.0,0.0,10,831.5,849.5,20,730.5,0.0,0.0,0.0,0.0,0.0,0
2023-05-11 09:41:08,PK311P10800,PK311P10800,730.5,0.0,0.0,0.0,10,831.5,849.0,10,730.5,0.0,0.0,0.0,0.0,0.0,0
2023-05-11 09:41:09,PK311P10800,PK311P10800,730.5,0.0,0.0,0.0,10,831.5,848.5,10,730.5,0.0,0.0,0.0,0.0,0.0,0
2023-05-11 09:41:10,PK311P10800,PK311P10800,730.5,0.0,0.0,0.0,30,831.5,852.5,20,730.5,0.0,0.0,0.0,0.0,0.0,0
2023-05-11 09:41:10,PK311P10800,PK311P10800,730.5,0.0,0.0,0.0,10,832.0,852.5,10,730.5,0.0,0.0,0.0,0.0,0.0,0
2023-05-11 09:41:11,PK311P10800,PK311P10800,730.5,0.0,0.0,0.0,10,832.5,853.5,10,730.5,0.0,0.0,0.0,0.0,0.0,0
2023-05-11 09:41:12,PK311P10800,PK311P10800,730.5,0.0,0.0,0.0,20,832.5,853.5,10,730.5,0.0,0.0,0.0,0.0,0.0,0
2023-05-11 09:41:12,PK311P10800,PK311P10800,730.5,0.0,0.0,0.0,10,833.0,853.5,10,730.5,0.0,0.0,0.0,0.0,0.0,0
2023-05-11 09:41:13,PK311P10800,PK311P10800,730.5,0.0,0.0,0.0,10,833.5,853.5,10,730.5,0.0,0.0,0.0,0.0,0.0,0
2023-05-11 09:41:13,PK311P10800,PK311P10800,730.5,0.0,0.0,0.0,20,833.5,853.5,10,730.5,0.0,0.0,0.0,0.0,0.0,0
2023-05-11 09:41:15,PK311P10800,PK311P10800,730.5,0.0,0.0,0.0,20,835.5,854.5,20,730.5,0.0,0.0,0.0,0.0,0.0,0
2023-05-11 09:41:18,PK311P10800,PK311P10800,730.5,0.0,0.0,0.0,10,836.0,854.5,20,730.5,0.0,0.0,0.0,0.0,0.0,0
2023-05-11 09:41:24,PK311P10800,PK311P10800,730.5,0.0,0.0,0.0,10,836.0,854.0,20,730.5,0.0,0.0,0.0,0.0,0.0,0
2023-05-11 09:41:25,PK311P10800,PK311P10800,730.5,0.0,0.0,0.0,10,836.0,854.0,10,730.5,0.0,0.0,0.0,0.0,0.0,0
2023-05-11 09:41:34,PK311P10800,PK311P10800,730.5,0.0,0.0,0.0,10,836.0,854.5,10,730.5,0.0,0.0,0.0,0.0,0.0,0
2023-05-11 09:41:36,PK311P10800,PK311P10800,730.5,0.0,0.0,0.0,10,836.5,855.5,10,730.5,0.0,0.0,0.0,0.0,0.0,0
2023-05-11 09:41:37,PK311P10800,PK311P10800,730.5,0.0,0.0,0.0,10,837.0,856.5,10,730.5,0.0,0.0,0.0,0.0,0.0,0
2023-05-11 09:41:37,PK311P10800,PK311P10800,730.5,0.0,0.0,0.0,10,837.5,857.5,10,730.5,0.0,0.0,0.0,0.0,0.0,0
2023-05-11 09:41:37,PK311P10800,PK311P10800,730.5,0.0,0.0,0.0,10,838.0,857.5,10,730.5,0.0,0.0,0.0,0.0,0.0,0
2023-05-11 09:41:38,PK311P10800,PK311P10800,730.5,0.0,0.0,0.0,10,838.5,857.5,10,730.5,0.0,0.0,0.0,0.0,0.0,0
2023-05-11 09:41:39,PK311P10800,PK311P10800,730.5,0.0,0.0,0.0,10,839.5,859.5,10,730.5,0.0,0.0,0.0,0.0,0.0,0
2023-05-11 09:41:39,PK311P10800,PK311P10800,730.5,0.0,0.0,0.0,20,840.0,859.5,10,730.5,0.0,0.0,0.0,0.0,0.0,0
2023-05-11 09:41:40,PK311P10800,PK311P10800,730.5,0.0,0.0,0.0,20,840.0,859.0,10,730.5,0.0,0.0,0.0,0.0,0.0,0
2023-05-11 09:41:40,PK311P10800,PK311P10800,730.5,0.0,0.0,0.0,10,840.0,859.0,10,730.5,0.0,0.0,0.0,0.0,0.0,0
2023-05-11 09:41:44,PK311P10800,PK311P10800,730.5,0.0,0.0,0.0,20,840.0,859.0,20,730.5,0.0,0.0,0.0,0.0,0.0,0
2023-05-11 09:41:45,PK311P10800,PK311P10800,730.5,0.0,0.0,0.0,20,840.0,858.5,10,730.5,0.0,0.0,0.0,0.0,0.0,0
2023-05-11 09:41:48,PK311P10800,PK311P10800,730.5,0.0,0.0,0.0,20,840.0,858.0,10,730.5,0.0,0.0,0.0,0.0,0.0,0
2023-05-11 09:41:48,PK311P10800,PK311P10800,730.5,0.0,0.0,0.0,20,840.0,857.5,10,730.5,0.0,0.0,0.0,0.0,0.0,0
2023-05-11 09:41:51,PK311P10800,PK311P10800,730.5,0.0,0.0,0.0,20,840.0,858.0,10,730.5,0.0,0.0,0.0,0.0,0.0,0
2023-05-11 09:41:51,PK311P10800,PK311P10800,730.5,0.0,0.0,0.0,20,840.0,857.5,10,730.5,0.0,0.0,0.0,0.0,0.0,0
2023-05-11 09:41:53,PK311P10800,PK311P10800,730.5,0.0,0.0,0.0,20,840.0,858.0,10,730.5,0.0,0.0,0.0,0.0,0.0,0
2023-05-11 09:41:54,PK311P10800,PK311P10800,730.5,0.0,0.0,0.0,20,840.0,859.0,20,730.5,0.0,0.0,0.0,0.0,0.0,0
2023-05-11 09:41:57,PK311P10800,PK311P10800,730.5,0.0,0.0,0.0,10,843.0,859.0,20,730.5,0.0,0.0,0.0,0.0,0.0,0
2023-05-11 09:41:57,PK311P10800,PK311P10800,730.5,0.0,0.0,0.0,40,843.0,859.5,10,730.5,0.0,0.0,0.0,0.0,0.0,0
2023-05-11 09:41:58,PK311P10800,PK311P10800,730.5,0.0,0.0,0.0,20,843.0,861.5,10,730.5,0.0,0.0,0.0,0.0,0.0,0
2023-05-11 09:41:58,PK311P10800,PK311P10800,730.5,0.0,0.0,0.0,20,843.0,862.5,10,730.5,0.0,0.0,0.0,0.0,0.0,0
2023-05-11 09:41:59,PK311P10800,PK311P10800,730.5,0.0,0.0,0.0,20,843.0,862.0,10,730.5,0.0,0.0,0.0,0.0,0.0,0
2023-05-11 09:41:59,PK311P10800,PK311P10800,730.5,0.0,0.0,0.0,20,843.0,862.0,30,730.5,0.0,0.0,0.0,0.0,0.0,0
2023-05-11 09:42:00,PK311P10800,PK311P10800,730.5,0.0,0.0,0.0,10,843.0,860.5,10,730.5,0.0,0.0,0.0,0.0,0.0,0
2023-05-11 09:42:00,PK311P10800,PK311P10800,730.5,0.0,0.0,0.0,20,843.0,859.5,10,730.5,0.0,0.0,0.0,0.0,0.0,0
2023-05-11 09:42:02,PK311P10800,PK311P10800,730.5,0.0,0.0,0.0,20,843.0,860.0,10,730.5,0.0,0.0,0.0,0.0,0.0,0
2023-05-11 09:42:02,PK311P10800,PK311P10800,730.5,0.0,0.0,0.0,20,843.0,860.5,20,730.5,0.0,0.0,0.0,0.0,0.0,0
2023-05-11 09:42:16,PK311P10800,PK311P10800,730.5,0.0,0.0,0.0,20,843.0,859.0,10,730.5,0.0,0.0,0.0,0.0,0.0,0
2023-05-11 09:42:31,PK311P10800,PK311P10800,730.5,0.0,0.0,0.0,10,844.5,859.0,10,730.5,0.0,0.0,0.0,0.0,0.0,0
2023-05-11 09:42:32,PK311P10800,PK311P10800,730.5,0.0,0.0,0.0,10,846.5,864.5,10,730.5,0.0,0.0,0.0,0.0,0.0,0
2023-05-11 09:42:32,PK311P10800,PK311P10800,730.5,0.0,0.0,0.0,10,852.0,866.0,20,730.5,0.0,0.0,0.0,0.0,0.0,0
2023-05-11 09:42:33,PK311P10800,PK311P10800,730.5,0.0,0.0,0.0,10,850.0,866.0,10,730.5,0.0,0.0,0.0,0.0,0.0,0
2023-05-11 09:42:33,PK311P10800,PK311P10800,730.5,0.0,0.0,0.0,20,848.0,866.0,10,730.5,0.0,0.0,0.0,0.0,0.0,0
2023-05-11 09:42:36,PK311P10800,PK311P10800,730.5,0.0,0.0,0.0,50,848.0,866.0,20,730.5,0.0,0.0,0.0,0.0,0.0,0
2023-05-11 09:42:36,PK311P10800,PK311P10800,730.5,0.0,0.0,0.0,60,848.0,866.0,10,730.5,0.0,0.0,0.0,0.0,0.0,0
2023-05-11 09:42:36,PK311P10800,PK311P10800,730.5,0.0,0.0,0.0,60,848.0,868.5,20,730.5,0.0,0.0,0.0,0.0,0.0,0
2023-05-11 09:42:39,PK311P10800,PK311P10800,730.5,0.0,0.0,0.0,20,848.5,868.5,20,730.5,0.0,0.0,0.0,0.0,0.0,0
2023-05-11 09:42:39,PK311P10800,PK311P10800,730.5,0.0,0.0,0.0,20,849.0,868.5,20,730.5,0.0,0.0,0.0,0.0,0.0,0
2023-05-11 09:42:42,PK311P10800,PK311P10800,730.5,0.0,0.0,0.0,10,852.0,868.5,20,730.5,0.0,0.0,0.0,0.0,0.0,0
2023-05-11 09:42:42,PK311P10800,PK311P10800,730.5,0.0,0.0,0.0,20,852.0,868.5,10,730.5,0.0,0.0,0.0,0.0,0.0,0
2023-05-11 09:42:43,PK311P10800,PK311P10800,730.5,0.0,0.0,0.0,30,852.0,868.5,10,730.5,0.0,0.0,0.0,0.0,0.0,0
2023-05-11 09:42:44,PK311P10800,PK311P10800,730.5,0.0,0.0,0.0,40,852.0,868.5,10,730.5,0.0,0.0,0.0,0.0,0.0,0
2023-05-11 09:42:45,PK311P10800,PK311P10800,730.5,0.0,0.0,0.0,40,852.0,870.5,10,730.5,0.0,0.0,0.0,0.0,0.0,0
2023-05-11 09:42:45,PK311P10800,PK311P10800,730.5,0.0,0.0,0.0,40,852.0,871.5,40,730.5,0.0,0.0,0.0,0.0,0.0,0
2023-05-11 09:42:52,PK311P10800,PK311P10800,730.5,0.0,0.0,0.0,10,852.5,871.5,30,730.5,0.0,0.0,0.0,0.0,0.0,0
2023-05-11 09:42:52,PK311P10800,PK311P10800,730.5,0.0,0.0,0.0,10,853.0,871.5,20,730.5,0.0,0.0,0.0,0.0,0.0,0
2023-05-11 09:42:53,PK311P10800,PK311P10800,730.5,0.0,0.0,0.0,20,853.0,871.5,20,730.5,0.0,0.0,0.0,0.0,0.0,0
2023-05-11 09:42:55,PK311P10800,PK311P10800,730.5,0.0,0.0,0.0,10,853.0,871.5,20,730.5,0.0,0.0,0.0,0.0,0.0,0
2023-05-11 09:43:02,PK311P10800,PK311P10800,730.5,0.0,0.0,0.0,10,853.0,871.0,10,730.5,0.0,0.0,0.0,0.0,0.0,0
2023-05-11 09:43:05,PK311P10800,PK311P10800,730.5,0.0,0.0,0.0,30,852.0,867.0,10,730.5,0.0,0.0,0.0,0.0,0.0,0
2023-05-11 09:43:06,PK311P10800,PK311P10800,730.5,0.0,0.0,0.0,10,852.0,866.5,10,730.5,0.0,0.0,0.0,0.0,0.0,0
2023-05-11 09:43:08,PK311P10800,PK311P10800,730.5,0.0,0.0,0.0,20,852.0,866.5,20,730.5,0.0,0.0,0.0,0.0,0.0,0
2023-05-11 09:43:10,PK311P10800,PK311P10800,730.5,0.0,0.0,0.0,10,852.0,867.0,10,730.5,0.0,0.0,0.0,0.0,0.0,0
2023-05-11 09:43:11,PK311P10800,PK311P10800,730.5,0.0,0.0,0.0,10,852.0,871.0,10,730.5,0.0,0.0,0.0,0.0,0.0,0
2023-05-11 09:43:11,PK311P10800,PK311P10800,730.5,0.0,0.0,0.0,20,852.0,871.0,20,730.5,0.0,0.0,0.0,0.0,0.0,0
2023-05-11 09:43:17,PK311P10800,PK311P10800,730.5,0.0,0.0,0.0,10,852.5,871.0,20,730.5,0.0,0.0,0.0,0.0,0.0,0
2023-05-11 09:43:18,PK311P10800,PK311P10800,730.5,0.0,0.0,0.0,10,858.5,877.0,10,730.5,0.0,0.0,0.0,0.0,0.0,0
2023-05-11 09:43:18,PK311P10800,PK311P10800,730.5,0.0,0.0,0.0,20,859.5,881.0,10,730.5,0.0,0.0,0.0,0.0,0.0,0
2023-05-11 09:43:19,PK311P10800,PK311P10800,730.5,0.0,0.0,0.0,10,865.0,881.0,10,730.5,0.0,0.0,0.0,0.0,0.0,0
2023-05-11 09:43:19,PK311P10800,PK311P10800,730.5,0.0,0.0,0.0,10,865.5,881.0,10,730.5,0.0,0.0,0.0,0.0,0.0,0
2023-05-11 09:43:20,PK311P10800,PK311P10800,730.5,0.0,0.0,0.0,10,864.5,881.0,20,730.5,0.0,0.0,0.0,0.0,0.0,0
2023-05-11 09:43:20,PK311P10800,PK311P10800,730.5,0.0,0.0,0.0,10,862.0,881.0,10,730.5,0.0,0.0,0.0,0.0,0.0,0
2023-05-11 09:43:22,PK311P10800,PK311P10800,730.5,0.0,0.0,0.0,10,862.5,881.0,10,730.5,0.0,0.0,0.0,0.0,0.0,0
2023-05-11 09:43:23,PK311P10800,PK311P10800,730.5,0.0,0.0,0.0,10,863.5,881.5,20,730.5,0.0,0.0,0.0,0.0,0.0,0
2023-05-11 09:43:24,PK311P10800,PK311P10800,730.5,0.0,0.0,0.0,20,863.5,881.5,20,730.5,0.0,0.0,0.0,0.0,0.0,0
2023-05-11 09:43:27,PK311P10800,PK311P10800,730.5,0.0,0.0,0.0,30,863.5,881.5,20,730.5,0.0,0.0,0.0,0.0,0.0,0
2023-05-11 09:43:27,PK311P10800,PK311P10800,730.5,0.0,0.0,0.0,10,865.5,881.5,10,730.5,0.0,0.0,0.0,0.0,0.0,0
2023-05-11 09:43:28,PK311P10800,PK311P10800,730.5,0.0,0.0,0.0,20,866.5,885.5,20,730.5,0.0,0.0,0.0,0.0,0.0,0
2023-05-11 09:43:28,PK311P10800,PK311P10800,730.5,0.0,0.0,0.0,20,867.0,886.0,20,730.5,0.0,0.0,0.0,0.0,0.0,0
2023-05-11 09:43:28,PK311P10800,PK311P10800,730.5,0.0,0.0,0.0,10,867.5,886.0,20,730.5,0.0,0.0,0.0,0.0,0.0,0
2023-05-11 09:43:29,PK311P10800,PK311P10800,730.5,0.0,0.0,0.0,20,867.5,886.0,20,730.5,0.0,0.0,0.0,0.0,0.0,0
2023-05-11 09:43:32,PK311P10800,PK311P10800,730.5,0.0,0.0,0.0,10,866.5,884.0,10,730.5,0.0,0.0,0.0,0.0,0.0,0
2023-05-11 09:43:32,PK311P10800,PK311P10800,730.5,0.0,0.0,0.0,10,866.5,881.5,10,730.5,0.0,0.0,0.0,0.0,0.0,0
2023-05-11 09:43:33,PK311P10800,PK311P10800,730.5,0.0,0.0,0.0,10,867.5,881.5,20,730.5,0.0,0.0,0.0,0.0,0.0,0
2023-05-11 09:43:33,PK311P10800,PK311P10800,730.5,0.0,0.0,0.0,20,867.5,885.0,10,730.5,0.0,0.0,0.0,0.0,0.0,0
2023-05-11 09:43:34,PK311P10800,PK311P10800,730.5,0.0,0.0,0.0,30,867.5,885.0,10,730.5,0.0,0.0,0.0,0.0,0.0,0
2023-05-11 09:43:34,PK311P10800,PK311P10800,730.5,0.0,0.0,0.0,30,867.5,888.0,20,730.5,0.0,0.0,0.0,0.0,0.0,0
2023-05-11 09:43:34,PK311P10800,PK311P10800,730.5,0.0,0.0,0.0,40,867.5,888.0,30,730.5,0.0,0.0,0.0,0.0,0.0,0
2023-05-11 09:43:36,PK311P10800,PK311P10800,730.5,0.0,0.0,0.0,50,867.5,888.0,30,730.5,0.0,0.0,0.0,0.0,0.0,0
2023-05-11 09:43:48,PK311P10800,PK311P10800,730.5,0.0,0.0,0.0,50,867.5,884.5,20,730.5,0.0,0.0,0.0,0.0,0.0,0
2023-05-11 09:43:49,PK311P10800,PK311P10800,730.5,0.0,0.0,0.0,40,867.5,884.5,20,730.5,0.0,0.0,0.0,0.0,0.0,0
2023-05-11 09:43:56,PK311P10800,PK311P10800,730.5,0.0,0.0,0.0,20,868.0,884.5,10,730.5,0.0,0.0,0.0,0.0,0.0,0
2023-05-11 09:43:56,PK311P10800,PK311P10800,730.5,0.0,0.0,0.0,30,868.5,888.5,20,730.5,0.0,0.0,0.0,0.0,0.0,0
2023-05-11 09:43:57,PK311P10800,PK311P10800,730.5,0.0,0.0,0.0,20,869.0,888.5,20,730.5,0.0,0.0,0.0,0.0,0.0,0
2023-05-11 09:43:57,PK311P10800,PK311P10800,730.5,0.0,0.0,0.0,10,870.0,888.5,20,730.5,0.0,0.0,0.0,0.0,0.0,0
2023-05-11 09:43:58,PK311P10800,PK311P10800,730.5,0.0,0.0,0.0,10,870.0,888.0,10,730.5,0.0,0.0,0.0,0.0,0.0,0
2023-05-11 09:43:59,PK311P10800,PK311P10800,730.5,0.0,0.0,0.0,20,868.5,888.0,10,730.5,0.0,0.0,0.0,0.0,0.0,0
2023-05-11 09:43:59,PK311P10800,PK311P10800,730.5,0.0,0.0,0.0,20,868.5,888.0,20,730.5,0.0,0.0,0.0,0.0,0.0,0
2023-05-11 09:43:59,PK311P10800,PK311P10800,730.5,0.0,0.0,0.0,20,868.5,888.0,30,730.5,0.0,0.0,0.0,0.0,0.0,0
2023-05-11 09:44:00,PK311P10800,PK311P10800,730.5,0.0,0.0,0.0,20,868.5,887.5,10,730.5,0.0,0.0,0.0,0.0,0.0,0
2023-05-11 09:44:01,PK311P10800,PK311P10800,730.5,0.0,0.0,0.0,20,868.5,887.0,10,730.5,0.0,0.0,0.0,0.0,0.0,0
2023-05-11 09:44:01,PK311P10800,PK311P10800,730.5,0.0,0.0,0.0,20,868.5,884.0,10,730.5,0.0,0.0,0.0,0.0,0.0,0
2023-05-11 09:44:01,PK311P10800,PK311P10800,730.5,0.0,0.0,0.0,10,868.5,884.0,20,730.5,0.0,0.0,0.0,0.0,0.0,0
2023-05-11 09:44:04,PK311P10800,PK311P10800,730.5,0.0,0.0,0.0,10,868.5,884.0,30,730.5,0.0,0.0,0.0,0.0,0.0,0
2023-05-11 09:44:04,PK311P10800,PK311P10800,730.5,0.0,0.0,0.0,20,865.5,883.5,20,730.5,0.0,0.0,0.0,0.0,0.0,0
2023-05-11 09:44:04,PK311P10800,PK311P10800,730.5,0.0,0.0,0.0,10,865.5,883.0,10,730.5,0.0,0.0,0.0,0.0,0.0,0
2023-05-11 09:44:05,PK311P10800,PK311P10800,730.5,0.0,0.0,0.0,30,863.5,882.0,10,730.5,0.0,0.0,0.0,0.0,0.0,0
2023-05-11 09:44:06,PK311P10800,PK311P10800,730.5,0.0,0.0,0.0,20,863.5,879.0,30,730.5,0.0,0.0,0.0,0.0,0.0,0
2023-05-11 09:44:08,PK311P10800,PK311P10800,730.5,0.0,0.0,0.0,20,863.5,879.0,20,730.5,0.0,0.0,0.0,0.0,0.0,0
2023-05-11 09:44:08,PK311P10800,PK311P10800,730.5,0.0,0.0,0.0,30,867.5,884.0,10,730.5,0.0,0.0,0.0,0.0,0.0,0
2023-05-11 09:44:09,PK311P10800,PK311P10800,730.5,0.0,0.0,0.0,30,867.5,888.0,10,730.5,0.0,0.0,0.0,0.0,0.0,0
2023-05-11 09:44:09,PK311P10800,PK311P10800,730.5,0.0,0.0,0.0,40,867.5,888.0,20,730.5,0.0,0.0,0.0,0.0,0.0,0
2023-05-11 09:44:09,PK311P10800,PK311P10800,730.5,0.0,0.0,0.0,40,867.5,888.0,10,730.5,0.0,0.0,0.0,0.0,0.0,0
2023-05-11 09:44:11,PK311P10800,PK311P10800,730.5,0.0,0.0,0.0,10,868.0,888.5,20,730.5,0.0,0.0,0.0,0.0,0.0,0
2023-05-11 09:44:12,PK311P10800,PK311P10800,730.5,0.0,0.0,0.0,10,868.0,888.0,20,730.5,0.0,0.0,0.0,0.0,0.0,0
2023-05-11 09:44:12,PK311P10800,PK311P10800,730.5,0.0,0.0,0.0,10,868.0,884.5,30,730.5,0.0,0.0,0.0,0.0,0.0,0
2023-05-11 09:44:13,PK311P10800,PK311P10800,730.5,0.0,0.0,0.0,20,867.0,884.5,30,730.5,0.0,0.0,0.0,0.0,0.0,0
2023-05-11 09:44:17,PK311P10800,PK311P10800,730.5,0.0,0.0,0.0,20,867.0,884.0,10,730.5,0.0,0.0,0.0,0.0,0.0,0
2023-05-11 09:44:18,PK311P10800,PK311P10800,730.5,0.0,0.0,0.0,20,867.0,884.5,20,730.5,0.0,0.0,0.0,0.0,0.0,0
2023-05-11 09:44:18,PK311P10800,PK311P10800,730.5,0.0,0.0,0.0,10,868.0,888.5,20,730.5,0.0,0.0,0.0,0.0,0.0,0
2023-05-11 09:44:19,PK311P10800,PK311P10800,730.5,0.0,0.0,0.0,20,868.0,888.5,20,730.5,0.0,0.0,0.0,0.0,0.0,0
2023-05-11 09:44:19,PK311P10800,PK311P10800,730.5,0.0,0.0,0.0,30,868.0,888.5,20,730.5,0.0,0.0,0.0,0.0,0.0,0
2023-05-11 09:44:21,PK311P10800,PK311P10800,730.5,0.0,0.0,0.0,20,868.0,888.5,20,730.5,0.0,0.0,0.0,0.0,0.0,0
2023-05-11 09:44:22,PK311P10800,PK311P10800,730.5,0.0,0.0,0.0,20,868.5,888.5,20,730.5,0.0,0.0,0.0,0.0,0.0,0
2023-05-11 09:44:27,PK311P10800,PK311P10800,730.5,0.0,0.0,0.0,10,871.5,888.5,20,730.5,0.0,0.0,0.0,0.0,0.0,0
2023-05-11 09:44:27,PK311P10800,PK311P10800,730.5,0.0,0.0,0.0,30,871.5,888.5,20,730.5,0.0,0.0,0.0,0.0,0.0,0
2023-05-11 09:44:28,PK311P10800,PK311P10800,730.5,0.0,0.0,0.0,20,872.0,888.5,10,730.5,0.0,0.0,0.0,0.0,0.0,0
2023-05-11 09:44:28,PK311P10800,PK311P10800,730.5,0.0,0.0,0.0,10,872.5,890.5,10,730.5,0.0,0.0,0.0,0.0,0.0,0
2023-05-11 09:44:29,PK311P10800,PK311P10800,730.5,0.0,0.0,0.0,10,873.0,892.0,20,730.5,0.0,0.0,0.0,0.0,0.0,0
2023-05-11 09:44:29,PK311P10800,PK311P10800,730.5,0.0,0.0,0.0,10,875.5,892.0,20,730.5,0.0,0.0,0.0,0.0,0.0,0
2023-05-11 09:44:29,PK311P10800,PK311P10800,730.5,0.0,0.0,0.0,30,875.5,892.0,20,730.5,0.0,0.0,0.0,0.0,0.0,0
2023-05-11 09:44:31,PK311P10800,PK311P10800,730.5,0.0,0.0,0.0,20,876.0,892.0,10,730.5,0.0,0.0,0.0,0.0,0.0,0
2023-05-11 09:44:31,PK311P10800,PK311P10800,730.5,0.0,0.0,0.0,40,876.0,894.0,10,730.5,0.0,0.0,0.0,0.0,0.0,0
2023-05-11 09:44:32,PK311P10800,PK311P10800,730.5,0.0,0.0,0.0,20,876.5,896.0,10,730.5,0.0,0.0,0.0,0.0,0.0,0
2023-05-11 09:44:32,PK311P10800,PK311P10800,730.5,0.0,0.0,0.0,10,877.0,893.0,10,730.5,0.0,0.0,0.0,0.0,0.0,0
2023-05-11 09:44:32,PK311P10800,PK311P10800,730.5,0.0,0.0,0.0,20,876.5,892.5,10,730.5,0.0,0.0,0.0,0.0,0.0,0
2023-05-11 09:44:46,PK311P10800,PK311P10800,730.5,0.0,0.0,0.0,20,876.5,893.0,20,730.5,0.0,0.0,0.0,0.0,0.0,0
2023-05-11 09:44:51,PK311P10800,PK311P10800,730.5,0.0,0.0,0.0,20,876.5,892.5,10,730.5,0.0,0.0,0.0,0.0,0.0,0
2023-05-11 09:44:52,PK311P10800,PK311P10800,730.5,0.0,0.0,0.0,30,876.5,893.0,20,730.5,0.0,0.0,0.0,0.0,0.0,0
2023-05-11 09:44:52,PK311P10800,PK311P10800,730.5,0.0,0.0,0.0,10,879.0,895.0,20,730.5,0.0,0.0,0.0,0.0,0.0,0
2023-05-11 09:44:53,PK311P10800,PK311P10800,730.5,0.0,0.0,0.0,10,879.5,897.0,10,730.5,0.0,0.0,0.0,0.0,0.0,0
2023-05-11 09:44:53,PK311P10800,PK311P10800,730.5,0.0,0.0,0.0,20,879.5,895.0,10,730.5,0.0,0.0,0.0,0.0,0.0,0
2023-05-11 09:44:53,PK311P10800,PK311P10800,730.5,0.0,0.0,0.0,20,879.5,895.0,20,730.5,0.0,0.0,0.0,0.0,0.0,0
2023-05-11 09:44:56,PK311P10800,PK311P10800,730.5,0.0,0.0,0.0,20,879.5,895.0,30,730.5,0.0,0.0,0.0,0.0,0.0,0
2023-05-11 09:44:57,PK311P10800,PK311P10800,730.5,0.0,0.0,0.0,30,879.5,895.0,20,730.5,0.0,0.0,0.0,0.0,0.0,0
2023-05-11 09:44:59,PK311P10800,PK311P10800,730.5,0.0,0.0,0.0,20,879.5,895.0,20,730.5,0.0,0.0,0.0,0.0,0.0,0
2023-05-11 09:45:00,PK311P10800,PK311P10800,730.5,0.0,0.0,0.0,10,879.5,894.5,10,730.5,0.0,0.0,0.0,0.0,0.0,0
2023-05-11 09:45:00,PK311P10800,PK311P10800,730.5,0.0,0.0,0.0,10,877.5,891.0,10,730.5,0.0,0.0,0.0,0.0,0.0,0
2023-05-11 09:45:01,PK311P10800,PK311P10800,730.5,0.0,0.0,0.0,10,875.5,890.5,20,730.5,0.0,0.0,0.0,0.0,0.0,0
2023-05-11 09:45:01,PK311P10800,PK311P10800,730.5,0.0,0.0,0.0,20,875.0,890.5,20,730.5,0.0,0.0,0.0,0.0,0.0,0
2023-05-11 09:45:03,PK311P10800,PK311P10800,730.5,0.0,0.0,0.0,10,875.0,890.5,20,730.5,0.0,0.0,0.0,0.0,0.0,0
2023-05-11 09:45:04,PK311P10800,PK311P10800,730.5,0.0,0.0,0.0,20,874.5,887.0,10,730.5,0.0,0.0,0.0,0.0,0.0,0
2023-05-11 09:45:04,PK311P10800,PK311P10800,730.5,0.0,0.0,0.0,10,873.0,886.5,20,730.5,0.0,0.0,0.0,0.0,0.0,0
2023-05-11 09:45:04,PK311P10800,PK311P10800,730.5,0.0,0.0,0.0,20,872.5,886.5,20,730.5,0.0,0.0,0.0,0.0,0.0,0
2023-05-11 09:45:06,PK311P10800,PK311P10800,730.5,0.0,0.0,0.0,30,872.5,888.5,20,730.5,0.0,0.0,0.0,0.0,0.0,0
2023-05-11 09:45:06,PK311P10800,PK311P10800,730.5,0.0,0.0,0.0,40,872.5,890.5,20,730.5,0.0,0.0,0.0,0.0,0.0,0
2023-05-11 09:45:07,PK311P10800,PK311P10800,730.5,0.0,0.0,0.0,40,872.5,891.0,20,730.5,0.0,0.0,0.0,0.0,0.0,0
2023-05-11 09:45:09,PK311P10800,PK311P10800,730.5,0.0,0.0,0.0,30,872.5,891.0,20,730.5,0.0,0.0,0.0,0.0,0.0,0
2023-05-11 09:45:12,PK311P10800,PK311P10800,730.5,0.0,0.0,0.0,30,872.5,891.0,10,730.5,0.0,0.0,0.0,0.0,0.0,0
2023-05-11 09:45:12,PK311P10800,PK311P10800,730.5,0.0,0.0,0.0,10,873.0,891.5,20,730.5,0.0,0.0,0.0,0.0,0.0,0
2023-05-11 09:45:14,PK311P10800,PK311P10800,730.5,0.0,0.0,0.0,30,872.5,891.5,20,730.5,0.0,0.0,0.0,0.0,0.0,0
2023-05-11 09:45:14,PK311P10800,PK311P10800,730.5,0.0,0.0,0.0,10,873.0,891.5,20,730.5,0.0,0.0,0.0,0.0,0.0,0
2023-05-11 09:45:16,PK311P10800,PK311P10800,730.5,0.0,0.0,0.0,20,878.0,889.0,20,730.5,0.0,0.0,0.0,0.0,0.0,0
2023-05-11 09:45:17,PK311P10800,PK311P10800,730.5,0.0,0.0,0.0,20,878.0,889.0,30,730.5,0.0,0.0,0.0,0.0,0.0,0
2023-05-11 09:45:17,PK311P10800,PK311P10800,730.5,0.0,0.0,0.0,20,878.0,888.0,10,730.5,0.0,0.0,0.0,0.0,0.0,0
2023-05-11 09:45:18,PK311P10800,PK311P10800,730.5,0.0,0.0,0.0,20,878.0,887.0,20,730.5,0.0,0.0,0.0,0.0,0.0,0
2023-05-11 09:45:19,PK311P10800,PK311P10800,730.5,0.0,0.0,0.0,20,878.0,886.0,10,730.5,0.0,0.0,0.0,0.0,0.0,0
2023-05-11 09:45:21,PK311P10800,PK311P10800,730.5,0.0,0.0,0.0,20,878.0,887.0,10,730.5,0.0,0.0,0.0,0.0,0.0,0
2023-05-11 09:45:21,PK311P10800,PK311P10800,730.5,0.0,0.0,0.0,20,878.0,889.0,30,730.5,0.0,0.0,0.0,0.0,0.0,0
2023-05-11 09:45:25,PK311P10800,PK311P10800,730.5,0.0,0.0,0.0,20,878.0,888.5,10,730.5,0.0,0.0,0.0,0.0,0.0,0
2023-05-11 09:45:27,PK311P10800,PK311P10800,730.5,0.0,0.0,0.0,20,877.5,888.0,10,730.5,0.0,0.0,0.0,0.0,0.0,0
2023-05-11 09:45:30,PK311P10800,PK311P10800,730.5,0.0,0.0,0.0,10,877.5,888.0,20,730.5,0.0,0.0,0.0,0.0,0.0,0
2023-05-11 09:45:30,PK311P10800,PK311P10800,730.5,0.0,0.0,0.0,20,877.0,887.5,10,730.5,0.0,0.0,0.0,0.0,0.0,0
2023-05-11 09:45:31,PK311P10800,PK311P10800,730.5,0.0,0.0,0.0,20,876.5,887.0,10,730.5,0.0,0.0,0.0,0.0,0.0,0
2023-05-11 09:45:32,PK311P10800,PK311P10800,730.5,0.0,0.0,0.0,20,876.5,887.5,30,730.5,0.0,0.0,0.0,0.0,0.0,0
2023-05-11 09:45:34,PK311P10800,PK311P10800,730.5,0.0,0.0,0.0,30,876.5,887.5,30,730.5,0.0,0.0,0.0,0.0,0.0,0
2023-05-11 09:45:34,PK311P10800,PK311P10800,730.5,0.0,0.0,0.0,30,876.5,887.5,20,730.5,0.0,0.0,0.0,0.0,0.0,0
2023-05-11 09:45:35,PK311P10800,PK311P10800,730.5,0.0,0.0,0.0,20,876.5,887.5,20,730.5,0.0,0.0,0.0,0.0,0.0,0
2023-05-11 09:45:38,PK311P10800,PK311P10800,730.5,0.0,0.0,0.0,20,876.5,887.5,30,730.5,0.0,0.0,0.0,0.0,0.0,0
2023-05-11 09:45:38,PK311P10800,PK311P10800,730.5,0.0,0.0,0.0,20,876.5,887.0,10,730.5,0.0,0.0,0.0,0.0,0.0,0
2023-05-11 09:45:42,PK311P10800,PK311P10800,730.5,0.0,0.0,0.0,10,876.5,887.0,30,730.5,0.0,0.0,0.0,0.0,0.0,0
2023-05-11 09:45:42,PK311P10800,PK311P10800,730.5,0.0,0.0,0.0,20,876.0,886.5,10,730.5,0.0,0.0,0.0,0.0,0.0,0
2023-05-11 09:45:43,PK311P10800,PK311P10800,730.5,0.0,0.0,0.0,20,875.5,886.0,10,730.5,0.0,0.0,0.0,0.0,0.0,0
2023-05-11 09:45:44,PK311P10800,PK311P10800,730.5,0.0,0.0,0.0,10,874.5,885.5,10,730.5,0.0,0.0,0.0,0.0,0.0,0
2023-05-11 09:45:44,PK311P10800,PK311P10800,730.5,0.0,0.0,0.0,20,874.0,885.0,10,730.5,0.0,0.0,0.0,0.0,0.0,0
2023-05-11 09:45:45,PK311P10800,PK311P10800,730.5,0.0,0.0,0.0,10,874.0,885.0,20,730.5,0.0,0.0,0.0,0.0,0.0,0
2023-05-11 09:45:45,PK311P10800,PK311P10800,730.5,0.0,0.0,0.0,10,873.5,884.5,30,730.5,0.0,0.0,0.0,0.0,0.0,0
2023-05-11 09:45:46,PK311P10800,PK311P10800,730.5,0.0,0.0,0.0,20,872.0,884.5,20,730.5,0.0,0.0,0.0,0.0,0.0,0
2023-05-11 09:45:46,PK311P10800,PK311P10800,730.5,0.0,0.0,0.0,30,872.0,884.0,10,730.5,0.0,0.0,0.0,0.0,0.0,0
2023-05-11 09:45:47,PK311P10800,PK311P10800,730.5,0.0,0.0,0.0,20,872.0,884.0,10,730.5,0.0,0.0,0.0,0.0,0.0,0
2023-05-11 09:45:54,PK311P10800,PK311P10800,730.5,0.0,0.0,0.0,10,872.0,886.0,10,730.5,0.0,0.0,0.0,0.0,0.0,0
2023-05-11 09:45:54,PK311P10800,PK311P10800,730.5,0.0,0.0,0.0,10,871.5,886.0,10,730.5,0.0,0.0,0.0,0.0,0.0,0
2023-05-11 09:45:55,PK311P10800,PK311P10800,730.5,0.0,0.0,0.0,20,870.0,886.0,10,730.5,0.0,0.0,0.0,0.0,0.0,0
2023-05-11 09:45:57,PK311P10800,PK311P10800,730.5,0.0,0.0,0.0,30,870.0,886.0,10,730.5,0.0,0.0,0.0,0.0,0.0,0
2023-05-11 09:46:00,PK311P10800,PK311P10800,730.5,0.0,0.0,0.0,10,870.5,887.5,10,730.5,0.0,0.0,0.0,0.0,0.0,0
2023-05-11 09:46:02,PK311P10800,PK311P10800,730.5,0.0,0.0,0.0,10,871.5,888.0,20,730.5,0.0,0.0,0.0,0.0,0.0,0
2023-05-11 09:46:03,PK311P10800,PK311P10800,730.5,0.0,0.0,0.0,20,871.5,888.0,20,730.5,0.0,0.0,0.0,0.0,0.0,0
2023-05-11 09:46:03,PK311P10800,PK311P10800,730.5,0.0,0.0,0.0,10,871.5,888.0,20,730.5,0.0,0.0,0.0,0.0,0.0,0
2023-05-11 09:46:04,PK311P10800,PK311P10800,730.5,0.0,0.0,0.0,30,871.0,887.5,10,730.5,0.0,0.0,0.0,0.0,0.0,0
2023-05-11 09:46:05,PK311P10800,PK311P10800,730.5,0.0,0.0,0.0,20,871.0,887.5,10,730.5,0.0,0.0,0.0,0.0,0.0,0
2023-05-11 09:46:05,PK311P10800,PK311P10800,730.5,0.0,0.0,0.0,10,871.0,887.0,10,730.5,0.0,0.0,0.0,0.0,0.0,0
2023-05-11 09:46:07,PK311P10800,PK311P10800,730.5,0.0,0.0,0.0,10,868.5,887.0,10,730.5,0.0,0.0,0.0,0.0,0.0,0
2023-05-11 09:46:08,PK311P10800,PK311P10800,730.5,0.0,0.0,0.0,10,868.5,887.0,20,730.5,0.0,0.0,0.0,0.0,0.0,0
2023-05-11 09:46:08,PK311P10800,PK311P10800,730.5,0.0,0.0,0.0,10,868.5,886.5,10,730.5,0.0,0.0,0.0,0.0,0.0,0
2023-05-11 09:46:09,PK311P10800,PK311P10800,730.5,0.0,0.0,0.0,10,868.5,886.0,20,730.5,0.0,0.0,0.0,0.0,0.0,0
2023-05-11 09:46:09,PK311P10800,PK311P10800,730.5,0.0,0.0,0.0,20,867.0,885.5,10,730.5,0.0,0.0,0.0,0.0,0.0,0
2023-05-11 09:46:10,PK311P10800,PK311P10800,730.5,0.0,0.0,0.0,20,867.0,884.5,10,730.5,0.0,0.0,0.0,0.0,0.0,0
2023-05-11 09:46:10,PK311P10800,PK311P10800,730.5,0.0,0.0,0.0,20,867.0,884.0,10,730.5,0.0,0.0,0.0,0.0,0.0,0
2023-05-11 09:46:11,PK311P10800,PK311P10800,730.5,0.0,0.0,0.0,20,867.0,883.5,20,730.5,0.0,0.0,0.0,0.0,0.0,0
2023-05-11 09:46:11,PK311P10800,PK311P10800,730.5,0.0,0.0,0.0,20,867.0,882.5,10,730.5,0.0,0.0,0.0,0.0,0.0,0
2023-05-11 09:46:12,PK311P10800,PK311P10800,730.5,0.0,0.0,0.0,10,866.5,882.0,10,730.5,0.0,0.0,0.0,0.0,0.0,0
2023-05-11 09:46:12,PK311P10800,PK311P10800,730.5,0.0,0.0,0.0,20,866.5,881.5,10,730.5,0.0,0.0,0.0,0.0,0.0,0
2023-05-11 09:46:16,PK311P10800,PK311P10800,730.5,0.0,0.0,0.0,20,866.5,881.5,20,730.5,0.0,0.0,0.0,0.0,0.0,0
2023-05-11 09:46:18,PK311P10800,PK311P10800,730.5,0.0,0.0,0.0,20,866.5,881.0,10,730.5,0.0,0.0,0.0,0.0,0.0,0
2023-05-11 09:46:20,PK311P10800,PK311P10800,730.5,0.0,0.0,0.0,10,866.5,881.0,10,730.5,0.0,0.0,0.0,0.0,0.0,0
2023-05-11 09:46:20,PK311P10800,PK311P10800,730.5,0.0,0.0,0.0,20,866.0,880.5,10,730.5,0.0,0.0,0.0,0.0,0.0,0
2023-05-11 09:46:26,PK311P10800,PK311P10800,730.5,0.0,0.0,0.0,10,866.5,880.5,10,730.5,0.0,0.0,0.0,0.0,0.0,0
2023-05-11 09:46:27,PK311P10800,PK311P10800,730.5,0.0,0.0,0.0,10,866.5,881.0,10,730.5,0.0,0.0,0.0,0.0,0.0,0
2023-05-11 09:46:27,PK311P10800,PK311P10800,730.5,0.0,0.0,0.0,20,866.5,881.5,20,730.5,0.0,0.0,0.0,0.0,0.0,0
2023-05-11 09:46:29,PK311P10800,PK311P10800,730.5,0.0,0.0,0.0,20,867.0,883.5,40,730.5,0.0,0.0,0.0,0.0,0.0,0
2023-05-11 09:46:29,PK311P10800,PK311P10800,730.5,0.0,0.0,0.0,10,867.5,883.5,30,730.5,0.0,0.0,0.0,0.0,0.0,0
2023-05-11 09:46:31,PK311P10800,PK311P10800,730.5,0.0,0.0,0.0,10,867.5,883.0,10,730.5,0.0,0.0,0.0,0.0,0.0,0
2023-05-11 09:46:31,PK311P10800,PK311P10800,730.5,0.0,0.0,0.0,10,867.0,883.0,20,730.5,0.0,0.0,0.0,0.0,0.0,0
2023-05-11 09:46:32,PK311P10800,PK311P10800,730.5,0.0,0.0,0.0,20,866.5,883.0,20,730.5,0.0,0.0,0.0,0.0,0.0,0
2023-05-11 09:46:32,PK311P10800,PK311P10800,730.5,0.0,0.0,0.0,30,866.5,882.5,10,730.5,0.0,0.0,0.0,0.0,0.0,0
2023-05-11 09:46:39,PK311P10800,PK311P10800,730.5,0.0,0.0,0.0,20,866.5,882.5,10,730.5,0.0,0.0,0.0,0.0,0.0,0
2023-05-11 09:46:47,PK311P10800,PK311P10800,730.5,0.0,0.0,0.0,10,866.5,882.5,10,730.5,0.0,0.0,0.0,0.0,0.0,0
2023-05-11 09:46:48,PK311P10800,PK311P10800,730.5,0.0,0.0,0.0,20,866.0,882.0,10,730.5,0.0,0.0,0.0,0.0,0.0,0
2023-05-11 09:47:01,PK311P10800,PK311P10800,730.5,0.0,0.0,0.0,10,866.0,881.5,10,730.5,0.0,0.0,0.0,0.0,0.0,0
2023-05-11 09:47:02,PK311P10800,PK311P10800,730.5,0.0,0.0,0.0,10,864.5,881.0,10,730.5,0.0,0.0,0.0,0.0,0.0,0
2023-05-11 09:47:02,PK311P10800,PK311P10800,730.5,0.0,0.0,0.0,20,864.0,881.0,20,730.5,0.0,0.0,0.0,0.0,0.0,0
2023-05-11 09:47:03,PK311P10800,PK311P10800,730.5,0.0,0.0,0.0,30,864.0,880.5,10,730.5,0.0,0.0,0.0,0.0,0.0,0
2023-05-11 09:47:04,PK311P10800,PK311P10800,730.5,0.0,0.0,0.0,40,864.0,881.0,10,730.5,0.0,0.0,0.0,0.0,0.0,0
2023-05-11 09:47:08,PK311P10800,PK311P10800,730.5,0.0,0.0,0.0,20,864.5,882.0,20,730.5,0.0,0.0,0.0,0.0,0.0,0
2023-05-11 09:47:08,PK311P10800,PK311P10800,730.5,0.0,0.0,0.0,10,865.0,882.0,20,730.5,0.0,0.0,0.0,0.0,0.0,0
2023-05-11 09:47:09,PK311P10800,PK311P10800,730.5,0.0,0.0,0.0,20,865.0,882.0,20,730.5,0.0,0.0,0.0,0.0,0.0,0
2023-05-11 09:47:09,PK311P10800,PK311P10800,730.5,0.0,0.0,0.0,30,865.5,882.5,20,730.5,0.0,0.0,0.0,0.0,0.0,0
2023-05-11 09:47:10,PK311P10800,PK311P10800,730.5,0.0,0.0,0.0,20,866.0,882.5,20,730.5,0.0,0.0,0.0,0.0,0.0,0
2023-05-11 09:47:11,PK311P10800,PK311P10800,730.5,0.0,0.0,0.0,20,866.0,882.0,10,730.5,0.0,0.0,0.0,0.0,0.0,0
2023-05-11 09:47:12,PK311P10800,PK311P10800,730.5,0.0,0.0,0.0,10,865.5,882.0,10,730.5,0.0,0.0,0.0,0.0,0.0,0
2023-05-11 09:47:12,PK311P10800,PK311P10800,730.5,0.0,0.0,0.0,10,864.5,882.0,20,730.5,0.0,0.0,0.0,0.0,0.0,0
2023-05-11 09:47:13,PK311P10800,PK311P10800,730.5,0.0,0.0,0.0,10,864.0,881.5,10,730.5,0.0,0.0,0.0,0.0,0.0,0
2023-05-11 09:47:13,PK311P10800,PK311P10800,730.5,0.0,0.0,0.0,20,863.0,880.5,10,730.5,0.0,0.0,0.0,0.0,0.0,0
2023-05-11 09:47:14,PK311P10800,PK311P10800,730.5,0.0,0.0,0.0,30,863.0,880.0,20,730.5,0.0,0.0,0.0,0.0,0.0,0
2023-05-11 09:47:14,PK311P10800,PK311P10800,730.5,0.0,0.0,0.0,30,863.0,879.5,10,730.5,0.0,0.0,0.0,0.0,0.0,0
2023-05-11 09:47:16,PK311P10800,PK311P10800,730.5,0.0,0.0,0.0,10,863.5,880.0,20,730.5,0.0,0.0,0.0,0.0,0.0,0
2023-05-11 09:47:16,PK311P10800,PK311P10800,730.5,0.0,0.0,0.0,10,864.0,881.0,10,730.5,0.0,0.0,0.0,0.0,0.0,0
2023-05-11 09:47:17,PK311P10800,PK311P10800,730.5,0.0,0.0,0.0,20,864.5,881.0,20,730.5,0.0,0.0,0.0,0.0,0.0,0
2023-05-11 09:47:17,PK311P10800,PK311P10800,730.5,0.0,0.0,0.0,10,865.5,881.0,20,730.5,0.0,0.0,0.0,0.0,0.0,0
2023-05-11 09:47:18,PK311P10800,PK311P10800,730.5,0.0,0.0,0.0,10,866.0,881.0,20,730.5,0.0,0.0,0.0,0.0,0.0,0
2023-05-11 09:47:18,PK311P10800,PK311P10800,730.5,0.0,0.0,0.0,10,866.0,881.0,10,730.5,0.0,0.0,0.0,0.0,0.0,0
2023-05-11 09:47:19,PK311P10800,PK311P10800,730.5,0.0,0.0,0.0,20,866.0,883.0,20,730.5,0.0,0.0,0.0,0.0,0.0,0
2023-05-11 09:47:19,PK311P10800,PK311P10800,730.5,0.0,0.0,0.0,20,866.0,882.5,10,730.5,0.0,0.0,0.0,0.0,0.0,0
2023-05-11 09:47:23,PK311P10800,PK311P10800,730.5,0.0,0.0,0.0,30,865.5,882.5,20,730.5,0.0,0.0,0.0,0.0,0.0,0
2023-05-11 09:47:23,PK311P10800,PK311P10800,730.5,0.0,0.0,0.0,40,865.5,882.5,20,730.5,0.0,0.0,0.0,0.0,0.0,0
2023-05-11 09:47:28,PK311P10800,PK311P10800,730.5,0.0,0.0,0.0,30,865.5,882.0,10,730.5,0.0,0.0,0.0,0.0,0.0,0
2023-05-11 09:47:31,PK311P10800,PK311P10800,730.5,0.0,0.0,0.0,20,865.5,882.0,10,730.5,0.0,0.0,0.0,0.0,0.0,0
2023-05-11 09:47:43,PK311P10800,PK311P10800,730.5,0.0,0.0,0.0,10,866.0,882.5,10,730.5,0.0,0.0,0.0,0.0,0.0,0
2023-05-11 09:47:44,PK311P10800,PK311P10800,730.5,0.0,0.0,0.0,20,868.5,884.5,10,730.5,0.0,0.0,0.0,0.0,0.0,0
2023-05-11 09:47:44,PK311P10800,PK311P10800,730.5,0.0,0.0,0.0,20,869.0,886.0,10,730.5,0.0,0.0,0.0,0.0,0.0,0
2023-05-11 09:47:45,PK311P10800,PK311P10800,730.5,0.0,0.0,0.0,30,869.5,886.0,20,730.5,0.0,0.0,0.0,0.0,0.0,0
2023-05-11 09:47:45,PK311P10800,PK311P10800,730.5,0.0,0.0,0.0,10,870.0,886.0,20,730.5,0.0,0.0,0.0,0.0,0.0,0
2023-05-11 09:47:46,PK311P10800,PK311P10800,730.5,0.0,0.0,0.0,10,870.5,886.0,20,730.5,0.0,0.0,0.0,0.0,0.0,0
2023-05-11 09:47:47,PK311P10800,PK311P10800,730.5,0.0,0.0,0.0,10,870.5,886.0,30,730.5,0.0,0.0,0.0,0.0,0.0,0
2023-05-11 09:47:49,PK311P10800,PK311P10800,730.5,0.0,0.0,0.0,10,870.5,886.0,20,730.5,0.0,0.0,0.0,0.0,0.0,0
2023-05-11 09:47:55,PK311P10800,PK311P10800,730.5,0.0,0.0,0.0,10,869.5,885.5,10,730.5,0.0,0.0,0.0,0.0,0.0,0
2023-05-11 09:47:55,PK311P10800,PK311P10800,730.5,0.0,0.0,0.0,20,868.0,885.0,10,730.5,0.0,0.0,0.0,0.0,0.0,0
2023-05-11 09:47:56,PK311P10800,PK311P10800,730.5,0.0,0.0,0.0,10,868.5,884.5,10,730.5,0.0,0.0,0.0,0.0,0.0,0
2023-05-11 09:47:56,PK311P10800,PK311P10800,730.5,0.0,0.0,0.0,30,868.5,884.5,20,730.5,0.0,0.0,0.0,0.0,0.0,0
2023-05-11 09:47:57,PK311P10800,PK311P10800,730.5,0.0,0.0,0.0,20,868.5,884.0,10,730.5,0.0,0.0,0.0,0.0,0.0,0
2023-05-11 09:47:58,PK311P10800,PK311P10800,730.5,0.0,0.0,0.0,20,868.0,884.0,20,730.5,0.0,0.0,0.0,0.0,0.0,0
2023-05-11 09:47:58,PK311P10800,PK311P10800,730.5,0.0,0.0,0.0,20,868.0,883.5,10,730.5,0.0,0.0,0.0,0.0,0.0,0
2023-05-11 09:47:59,PK311P10800,PK311P10800,730.5,0.0,0.0,0.0,10,868.0,883.5,20,730.5,0.0,0.0,0.0,0.0,0.0,0
2023-05-11 09:48:00,PK311P10800,PK311P10800,730.5,0.0,0.0,0.0,10,865.0,883.0,10,730.5,0.0,0.0,0.0,0.0,0.0,0
2023-05-11 09:48:00,PK311P10800,PK311P10800,730.5,0.0,0.0,0.0,10,864.5,882.0,10,730.5,0.0,0.0,0.0,0.0,0.0,0
2023-05-11 09:48:01,PK311P10800,PK311P10800,730.5,0.0,0.0,0.0,30,864.0,881.5,20,730.5,0.0,0.0,0.0,0.0,0.0,0
2023-05-11 09:48:01,PK311P10800,PK311P10800,730.5,0.0,0.0,0.0,30,864.0,881.0,10,730.5,0.0,0.0,0.0,0.0,0.0,0
2023-05-11 09:48:02,PK311P10800,PK311P10800,730.5,0.0,0.0,0.0,40,864.0,880.5,10,730.5,0.0,0.0,0.0,0.0,0.0,0
2023-05-11 09:48:02,PK311P10800,PK311P10800,730.5,0.0,0.0,0.0,50,864.0,880.5,10,730.5,0.0,0.0,0.0,0.0,0.0,0
2023-05-11 09:48:02,PK311P10800,PK311P10800,730.5,0.0,0.0,0.0,10,864.5,881.5,10,730.5,0.0,0.0,0.0,0.0,0.0,0
2023-05-11 09:48:06,PK311P10800,PK311P10800,730.5,0.0,0.0,0.0,10,864.5,881.5,20,730.5,0.0,0.0,0.0,0.0,0.0,0
2023-05-11 09:48:07,PK311P10800,PK311P10800,730.5,0.0,0.0,0.0,50,864.0,881.0,10,730.5,0.0,0.0,0.0,0.0,0.0,0
2023-05-11 09:48:09,PK311P10800,PK311P10800,730.5,0.0,0.0,0.0,30,864.0,881.0,20,730.5,0.0,0.0,0.0,0.0,0.0,0
2023-05-11 09:48:09,PK311P10800,PK311P10800,730.5,0.0,0.0,0.0,20,864.0,880.5,10,730.5,0.0,0.0,0.0,0.0,0.0,0
2023-05-11 09:48:10,PK311P10800,PK311P10800,730.5,0.0,0.0,0.0,20,862.0,879.5,10,730.5,0.0,0.0,0.0,0.0,0.0,0
2023-05-11 09:48:10,PK311P10800,PK311P10800,730.5,0.0,0.0,0.0,10,862.5,879.5,10,730.5,0.0,0.0,0.0,0.0,0.0,0
2023-05-11 09:48:12,PK311P10800,PK311P10800,730.5,0.0,0.0,0.0,20,862.5,879.5,10,730.5,0.0,0.0,0.0,0.0,0.0,0
2023-05-11 09:48:13,PK311P10800,PK311P10800,730.5,0.0,0.0,0.0,10,863.0,879.0,10,730.5,0.0,0.0,0.0,0.0,0.0,0
2023-05-11 09:48:13,PK311P10800,PK311P10800,730.5,0.0,0.0,0.0,10,863.5,879.0,10,730.5,0.0,0.0,0.0,0.0,0.0,0
2023-05-11 09:48:26,PK311P10800,PK311P10800,730.5,0.0,0.0,0.0,20,863.5,879.0,10,730.5,0.0,0.0,0.0,0.0,0.0,0
2023-05-11 09:48:36,PK311P10800,PK311P10800,730.5,0.0,0.0,0.0,20,864.0,880.5,10,730.5,0.0,0.0,0.0,0.0,0.0,0
2023-05-11 09:48:37,PK311P10800,PK311P10800,730.5,0.0,0.0,0.0,10,865.0,883.0,20,730.5,0.0,0.0,0.0,0.0,0.0,0
2023-05-11 09:48:37,PK311P10800,PK311P10800,730.5,0.0,0.0,0.0,20,865.5,883.0,20,730.5,0.0,0.0,0.0,0.0,0.0,0
2023-05-11 09:48:38,PK311P10800,PK311P10800,730.5,0.0,0.0,0.0,20,866.0,882.5,10,730.5,0.0,0.0,0.0,0.0,0.0,0
2023-05-11 09:48:41,PK311P10800,PK311P10800,730.5,0.0,0.0,0.0,10,866.5,883.0,30,730.5,0.0,0.0,0.0,0.0,0.0,0
2023-05-11 09:48:42,PK311P10800,PK311P10800,730.5,0.0,0.0,0.0,10,867.0,883.0,20,730.5,0.0,0.0,0.0,0.0,0.0,0
2023-05-11 09:48:42,PK311P10800,PK311P10800,730.5,0.0,0.0,0.0,30,866.0,882.5,10,730.5,0.0,0.0,0.0,0.0,0.0,0
2023-05-11 09:48:53,PK311P10800,PK311P10800,730.5,0.0,0.0,0.0,20,866.0,882.5,10,730.5,0.0,0.0,0.0,0.0,0.0,0
2023-05-11 09:49:02,PK311P10800,PK311P10800,730.5,0.0,0.0,0.0,10,867.0,882.5,10,730.5,0.0,0.0,0.0,0.0,0.0,0
2023-05-11 09:49:02,PK311P10800,PK311P10800,730.5,0.0,0.0,0.0,20,867.0,882.5,10,730.5,0.0,0.0,0.0,0.0,0.0,0
2023-05-11 09:49:09,PK311P10800,PK311P10800,730.5,0.0,0.0,0.0,10,864.0,878.5,10,730.5,0.0,0.0,0.0,0.0,0.0,0
2023-05-11 09:49:10,PK311P10800,PK311P10800,730.5,0.0,0.0,0.0,20,862.0,878.5,30,730.5,0.0,0.0,0.0,0.0,0.0,0
2023-05-11 09:49:10,PK311P10800,PK311P10800,730.5,0.0,0.0,0.0,20,862.0,878.0,10,730.5,0.0,0.0,0.0,0.0,0.0,0
2023-05-11 09:49:12,PK311P10800,PK311P10800,730.5,0.0,0.0,0.0,10,862.5,878.0,10,730.5,0.0,0.0,0.0,0.0,0.0,0
2023-05-11 09:49:12,PK311P10800,PK311P10800,730.5,0.0,0.0,0.0,30,862.0,878.0,10,730.5,0.0,0.0,0.0,0.0,0.0,0
2023-05-11 09:49:14,PK311P10800,PK311P10800,730.5,0.0,0.0,0.0,10,862.5,880.5,10,730.5,0.0,0.0,0.0,0.0,0.0,0
2023-05-11 09:49:15,PK311P10800,PK311P10800,730.5,0.0,0.0,0.0,20,865.0,882.5,10,730.5,0.0,0.0,0.0,0.0,0.0,0
2023-05-11 09:49:15,PK311P10800,PK311P10800,730.5,0.0,0.0,0.0,30,865.0,882.5,10,730.5,0.0,0.0,0.0,0.0,0.0,0
2023-05-11 09:49:17,PK311P10800,PK311P10800,730.5,0.0,0.0,0.0,40,865.0,882.5,20,730.5,0.0,0.0,0.0,0.0,0.0,0
2023-05-11 09:49:20,PK311P10800,PK311P10800,730.5,0.0,0.0,0.0,40,865.0,882.0,10,730.5,0.0,0.0,0.0,0.0,0.0,0
2023-05-11 09:49:22,PK311P10800,PK311P10800,730.5,0.0,0.0,0.0,30,865.0,882.0,10,730.5,0.0,0.0,0.0,0.0,0.0,0
2023-05-11 09:49:24,PK311P10800,PK311P10800,730.5,0.0,0.0,0.0,20,865.0,882.0,10,730.5,0.0,0.0,0.0,0.0,0.0,0
2023-05-11 09:49:24,PK311P10800,PK311P10800,730.5,0.0,0.0,0.0,20,865.0,881.0,10,730.5,0.0,0.0,0.0,0.0,0.0,0
2023-05-11 09:49:35,PK311P10800,PK311P10800,730.5,0.0,0.0,0.0,20,865.0,882.0,10,730.5,0.0,0.0,0.0,0.0,0.0,0
2023-05-11 09:49:35,PK311P10800,PK311P10800,730.5,0.0,0.0,0.0,10,865.5,882.0,10,730.5,0.0,0.0,0.0,0.0,0.0,0
2023-05-11 09:49:36,PK311P10800,PK311P10800,730.5,0.0,0.0,0.0,30,865.0,882.0,10,730.5,0.0,0.0,0.0,0.0,0.0,0
2023-05-11 09:49:36,PK311P10800,PK311P10800,730.5,0.0,0.0,0.0,20,865.0,881.5,10,730.5,0.0,0.0,0.0,0.0,0.0,0
2023-05-11 09:49:46,PK311P10800,PK311P10800,730.5,0.0,0.0,0.0,30,865.0,882.0,10,730.5,0.0,0.0,0.0,0.0,0.0,0
2023-05-11 09:49:54,PK311P10800,PK311P10800,730.5,0.0,0.0,0.0,10,865.5,882.0,10,730.5,0.0,0.0,0.0,0.0,0.0,0
2023-05-11 09:49:56,PK311P10800,PK311P10800,730.5,0.0,0.0,0.0,20,865.0,882.0,10,730.5,0.0,0.0,0.0,0.0,0.0,0
2023-05-11 09:49:56,PK311P10800,PK311P10800,730.5,0.0,0.0,0.0,20,865.0,881.5,10,730.5,0.0,0.0,0.0,0.0,0.0,0
2023-05-11 09:49:57,PK311P10800,PK311P10800,730.5,0.0,0.0,0.0,20,865.0,881.0,10,730.5,0.0,0.0,0.0,0.0,0.0,0
2023-05-11 09:50:04,PK311P10800,PK311P10800,730.5,0.0,0.0,0.0,40,865.0,882.0,10,730.5,0.0,0.0,0.0,0.0,0.0,0
2023-05-11 09:50:05,PK311P10800,PK311P10800,730.5,0.0,0.0,0.0,20,865.0,882.0,10,730.5,0.0,0.0,0.0,0.0,0.0,0
2023-05-11 09:50:06,PK311P10800,PK311P10800,730.5,0.0,0.0,0.0,10,864.5,878.0,10,730.5,0.0,0.0,0.0,0.0,0.0,0
2023-05-11 09:50:06,PK311P10800,PK311P10800,730.5,0.0,0.0,0.0,10,863.0,878.0,10,730.5,0.0,0.0,0.0,0.0,0.0,0
2023-05-11 09:50:07,PK311P10800,PK311P10800,730.5,0.0,0.0,0.0,30,861.0,877.5,10,730.5,0.0,0.0,0.0,0.0,0.0,0
2023-05-11 09:50:07,PK311P10800,PK311P10800,730.5,0.0,0.0,0.0,10,861.5,877.5,10,730.5,0.0,0.0,0.0,0.0,0.0,0
2023-05-11 09:50:08,PK311P10800,PK311P10800,730.5,0.0,0.0,0.0,20,861.0,877.5,10,730.5,0.0,0.0,0.0,0.0,0.0,0
2023-05-11 09:50:11,PK311P10800,PK311P10800,730.5,0.0,0.0,0.0,20,861.0,876.5,10,730.5,0.0,0.0,0.0,0.0,0.0,0
2023-05-11 09:50:11,PK311P10800,PK311P10800,730.5,0.0,0.0,0.0,20,861.0,876.0,10,730.5,0.0,0.0,0.0,0.0,0.0,0
2023-05-11 09:50:12,PK311P10800,PK311P10800,730.5,0.0,0.0,0.0,20,861.0,875.5,10,730.5,0.0,0.0,0.0,0.0,0.0,0
2023-05-11 09:50:20,PK311P10800,PK311P10800,730.5,0.0,0.0,0.0,30,861.0,876.5,20,730.5,0.0,0.0,0.0,0.0,0.0,0
2023-05-11 09:50:43,PK311P10800,PK311P10800,730.5,0.0,0.0,0.0,10,861.5,876.0,10,730.5,0.0,0.0,0.0,0.0,0.0,0
2023-05-11 09:50:44,PK311P10800,PK311P10800,730.5,0.0,0.0,0.0,30,861.0,876.0,10,730.5,0.0,0.0,0.0,0.0,0.0,0
2023-05-11 09:50:44,PK311P10800,PK311P10800,730.5,0.0,0.0,0.0,20,861.0,876.0,10,730.5,0.0,0.0,0.0,0.0,0.0,0
2023-05-11 09:50:45,PK311P10800,PK311P10800,730.5,0.0,0.0,0.0,30,861.0,876.0,10,730.5,0.0,0.0,0.0,0.0,0.0,0
2023-05-11 09:50:46,PK311P10800,PK311P10800,730.5,0.0,0.0,0.0,20,861.0,876.0,10,730.5,0.0,0.0,0.0,0.0,0.0,0
2023-05-11 09:51:04,PK311P10800,PK311P10800,730.5,0.0,0.0,0.0,10,863.0,880.5,10,730.5,0.0,0.0,0.0,0.0,0.0,0
2023-05-11 09:51:05,PK311P10800,PK311P10800,730.5,0.0,0.0,0.0,20,863.5,881.5,10,730.5,0.0,0.0,0.0,0.0,0.0,0
2023-05-11 09:51:05,PK311P10800,PK311P10800,730.5,0.0,0.0,0.0,10,864.0,880.5,10,730.5,0.0,0.0,0.0,0.0,0.0,0
2023-05-11 09:51:06,PK311P10800,PK311P10800,730.5,0.0,0.0,0.0,10,864.0,881.0,10,730.5,0.0,0.0,0.0,0.0,0.0,0
2023-05-11 09:51:06,PK311P10800,PK311P10800,730.5,0.0,0.0,0.0,10,864.0,880.0,10,730.5,0.0,0.0,0.0,0.0,0.0,0
2023-05-11 09:51:07,PK311P10800,PK311P10800,730.5,0.0,0.0,0.0,20,863.5,880.0,10,730.5,0.0,0.0,0.0,0.0,0.0,0
2023-05-11 09:51:08,PK311P10800,PK311P10800,730.5,0.0,0.0,0.0,30,863.5,880.0,20,730.5,0.0,0.0,0.0,0.0,0.0,0
2023-05-11 09:51:08,PK311P10800,PK311P10800,730.5,0.0,0.0,0.0,30,863.5,879.5,10,730.5,0.0,0.0,0.0,0.0,0.0,0
2023-05-11 09:51:11,PK311P10800,PK311P10800,730.5,0.0,0.0,0.0,10,864.0,881.0,10,730.5,0.0,0.0,0.0,0.0,0.0,0
2023-05-11 09:51:11,PK311P10800,PK311P10800,730.5,0.0,0.0,0.0,10,864.5,881.0,10,730.5,0.0,0.0,0.0,0.0,0.0,0
2023-05-11 09:51:14,PK311P10800,PK311P10800,730.5,0.0,0.0,0.0,20,863.5,881.0,10,730.5,0.0,0.0,0.0,0.0,0.0,0
2023-05-11 09:51:14,PK311P10800,PK311P10800,730.5,0.0,0.0,0.0,10,864.0,881.0,10,730.5,0.0,0.0,0.0,0.0,0.0,0
2023-05-11 09:51:17,PK311P10800,PK311P10800,730.5,0.0,0.0,0.0,20,863.5,881.0,10,730.5,0.0,0.0,0.0,0.0,0.0,0
2023-05-11 09:51:18,PK311P10800,PK311P10800,730.5,0.0,0.0,0.0,10,864.5,881.5,10,730.5,0.0,0.0,0.0,0.0,0.0,0
2023-05-11 09:51:18,PK311P10800,PK311P10800,730.5,0.0,0.0,0.0,10,865.0,882.5,30,730.5,0.0,0.0,0.0,0.0,0.0,0
2023-05-11 09:51:19,PK311P10800,PK311P10800,730.5,0.0,0.0,0.0,20,865.0,882.5,20,730.5,0.0,0.0,0.0,0.0,0.0,0
2023-05-11 09:51:19,PK311P10800,PK311P10800,730.5,0.0,0.0,0.0,20,865.5,882.5,20,730.5,0.0,0.0,0.0,0.0,0.0,0
2023-05-11 09:51:20,PK311P10800,PK311P10800,730.5,0.0,0.0,0.0,30,865.5,882.5,20,730.5,0.0,0.0,0.0,0.0,0.0,0
2023-05-11 09:51:22,PK311P10800,PK311P10800,730.5,0.0,0.0,0.0,10,866.0,882.0,10,730.5,0.0,0.0,0.0,0.0,0.0,0
2023-05-11 09:51:22,PK311P10800,PK311P10800,730.5,0.0,0.0,0.0,10,866.5,882.0,10,730.5,0.0,0.0,0.0,0.0,0.0,0
2023-05-11 09:51:31,PK311P10800,PK311P10800,730.5,0.0,0.0,0.0,20,866.0,882.0,10,730.5,0.0,0.0,0.0,0.0,0.0,0
2023-05-11 09:51:32,PK311P10800,PK311P10800,730.5,0.0,0.0,0.0,10,866.0,882.0,10,730.5,0.0,0.0,0.0,0.0,0.0,0
2023-05-11 09:51:35,PK311P10800,PK311P10800,730.5,0.0,0.0,0.0,10,866.5,882.5,20,730.5,0.0,0.0,0.0,0.0,0.0,0
2023-05-11 09:51:35,PK311P10800,PK311P10800,730.5,0.0,0.0,0.0,20,866.5,882.5,20,730.5,0.0,0.0,0.0,0.0,0.0,0
2023-05-11 09:51:41,PK311P10800,PK311P10800,730.5,0.0,0.0,0.0,10,866.5,882.0,10,730.5,0.0,0.0,0.0,0.0,0.0,0
2023-05-11 09:51:45,PK311P10800,PK311P10800,730.5,0.0,0.0,0.0,10,866.0,882.0,10,730.5,0.0,0.0,0.0,0.0,0.0,0
2023-05-11 09:51:46,PK311P10800,PK311P10800,730.5,0.0,0.0,0.0,10,865.5,882.0,10,730.5,0.0,0.0,0.0,0.0,0.0,0
2023-05-11 09:51:47,PK311P10800,PK311P10800,730.5,0.0,0.0,0.0,10,865.5,882.0,20,730.5,0.0,0.0,0.0,0.0,0.0,0
2023-05-11 09:51:48,PK311P10800,PK311P10800,730.5,0.0,0.0,0.0,10,865.5,882.0,10,730.5,0.0,0.0,0.0,0.0,0.0,0
2023-05-11 09:51:50,PK311P10800,PK311P10800,730.5,0.0,0.0,0.0,20,865.5,882.0,10,730.5,0.0,0.0,0.0,0.0,0.0,0
2023-05-11 09:51:53,PK311P10800,PK311P10800,730.5,0.0,0.0,0.0,10,865.5,882.0,10,730.5,0.0,0.0,0.0,0.0,0.0,0
2023-05-11 09:51:57,PK311P10800,PK311P10800,730.5,0.0,0.0,0.0,20,865.5,882.0,10,730.5,0.0,0.0,0.0,0.0,0.0,0
2023-05-11 09:51:58,PK311P10800,PK311P10800,730.5,0.0,0.0,0.0,10,865.5,882.0,10,730.5,0.0,0.0,0.0,0.0,0.0,0
2023-05-11 09:51:59,PK311P10800,PK311P10800,730.5,0.0,0.0,0.0,20,865.5,882.0,10,730.5,0.0,0.0,0.0,0.0,0.0,0
2023-05-11 09:52:05,PK311P10800,PK311P10800,730.5,0.0,0.0,0.0,20,865.5,881.5,20,730.5,0.0,0.0,0.0,0.0,0.0,0
2023-05-11 09:52:05,PK311P10800,PK311P10800,730.5,0.0,0.0,0.0,20,865.5,881.0,10,730.5,0.0,0.0,0.0,0.0,0.0,0
2023-05-11 09:52:06,PK311P10800,PK311P10800,730.5,0.0,0.0,0.0,20,865.5,881.0,20,730.5,0.0,0.0,0.0,0.0,0.0,0
2023-05-11 09:52:06,PK311P10800,PK311P10800,730.5,0.0,0.0,0.0,20,865.5,880.5,10,730.5,0.0,0.0,0.0,0.0,0.0,0
2023-05-11 09:52:07,PK311P10800,PK311P10800,730.5,0.0,0.0,0.0,20,865.5,880.5,20,730.5,0.0,0.0,0.0,0.0,0.0,0
2023-05-11 09:52:07,PK311P10800,PK311P10800,730.5,0.0,0.0,0.0,10,865.5,880.0,10,730.5,0.0,0.0,0.0,0.0,0.0,0
2023-05-11 09:52:08,PK311P10800,PK311P10800,730.5,0.0,0.0,0.0,20,865.5,879.0,10,730.5,0.0,0.0,0.0,0.0,0.0,0
2023-05-11 09:52:08,PK311P10800,PK311P10800,730.5,0.0,0.0,0.0,10,865.5,879.0,10,730.5,0.0,0.0,0.0,0.0,0.0,0
2023-05-11 09:52:09,PK311P10800,PK311P10800,730.5,0.0,0.0,0.0,20,864.5,878.5,10,730.5,0.0,0.0,0.0,0.0,0.0,0
2023-05-11 09:52:09,PK311P10800,PK311P10800,730.5,0.0,0.0,0.0,20,864.5,878.0,10,730.5,0.0,0.0,0.0,0.0,0.0,0
2023-05-11 09:52:10,PK311P10800,PK311P10800,730.5,0.0,0.0,0.0,20,864.5,877.5,10,730.5,0.0,0.0,0.0,0.0,0.0,0
2023-05-11 09:52:12,PK311P10800,PK311P10800,730.5,0.0,0.0,0.0,20,864.5,878.0,10,730.5,0.0,0.0,0.0,0.0,0.0,0
2023-05-11 09:52:16,PK311P10800,PK311P10800,730.5,0.0,0.0,0.0,10,865.0,878.0,10,730.5,0.0,0.0,0.0,0.0,0.0,0
2023-05-11 09:52:21,PK311P10800,PK311P10800,730.5,0.0,0.0,0.0,30,864.5,878.0,10,730.5,0.0,0.0,0.0,0.0,0.0,0
2023-05-11 09:52:22,PK311P10800,PK311P10800,730.5,0.0,0.0,0.0,30,864.5,877.5,10,730.5,0.0,0.0,0.0,0.0,0.0,0
2023-05-11 09:52:23,PK311P10800,PK311P10800,730.5,0.0,0.0,0.0,20,864.5,877.5,10,730.5,0.0,0.0,0.0,0.0,0.0,0
2023-05-11 09:52:28,PK311P10800,PK311P10800,730.5,0.0,0.0,0.0,20,864.5,878.0,10,730.5,0.0,0.0,0.0,0.0,0.0,0
2023-05-11 09:52:35,PK311P10800,PK311P10800,730.5,0.0,0.0,0.0,10,865.0,878.0,10,730.5,0.0,0.0,0.0,0.0,0.0,0
2023-05-11 09:52:36,PK311P10800,PK311P10800,730.5,0.0,0.0,0.0,20,864.5,878.0,10,730.5,0.0,0.0,0.0,0.0,0.0,0
