time,symbol_id,symbol_name,last,trade_volume,trade_amount,open_interest_change,bv1,bp1,ap1,av1,yesterday_close,today_open,today_high,today_low,volume,amount,open_interest
2023-05-11 09:04:13,PK311C11000,花生2311购11000,210.5,0.0,0.0,0.0,0,0.0,300.0,1,210.5,243.5,0.0,0.0,0.0,0.0,112
2023-05-11 09:10:47,PK311C11000,花生2311购11000,210.5,0.0,0.0,0.0,1,100.0,300.0,1,210.5,243.5,0.0,0.0,0.0,0.0,112
2023-05-11 09:10:47,PK311C11000,花生2311购11000,210.5,0.0,0.0,0.0,10,100.5,300.0,1,210.5,243.5,0.0,0.0,0.0,0.0,112
2023-05-11 09:11:47,PK311C11000,花生2311购11000,210.5,0.0,0.0,0.0,1,150.0,300.0,1,210.5,243.5,0.0,0.0,0.0,0.0,112
2023-05-11 09:12:05,PK311C11000,花生2311购11000,210.5,0.0,0.0,0.0,10,150.5,300.0,1,210.5,243.5,0.0,0.0,0.0,0.0,112
2023-05-11 09:13:31,PK311C11000,花生2311购11000,210.5,0.0,0.0,0.0,10,234.0,261.5,10,210.5,243.5,0.0,0.0,0.0,0.0,112
2023-05-11 09:14:12,PK311C11000,花生2311购11000,210.5,0.0,0.0,0.0,10,225.0,263.5,10,210.5,243.5,0.0,0.0,0.0,0.0,112
2023-05-11 09:17:26,PK311C11000,花生2311购11000,210.5,0.0,0.0,0.0,10,228.5,255.5,10,210.5,243.5,0.0,0.0,0.0,0.0,112
2023-05-11 09:18:15,PK311C11000,花生2311购11000,210.5,0.0,0.0,0.0,10,223.5,250.0,10,210.5,243.5,0.0,0.0,0.0,0.0,112
2023-05-11 09:18:21,PK311C11000,花生2311购11000,210.5,0.0,0.0,0.0,10,223.5,239.0,10,210.5,243.5,0.0,0.0,0.0,0.0,112
2023-05-11 09:18:27,PK311C11000,花生2311购11000,210.5,0.0,0.0,0.0,10,223.5,238.0,10,210.5,243.5,0.0,0.0,0.0,0.0,112
2023-05-11 09:18:34,PK311C11000,花生2311购11000,210.5,0.0,0.0,0.0,10,223.5,237.5,10,210.5,243.5,0.0,0.0,0.0,0.0,112
2023-05-11 09:18:39,PK311C11000,花生2311购11000,210.5,0.0,0.0,0.0,10,223.5,237.0,10,210.5,243.5,0.0,0.0,0.0,0.0,112
2023-05-11 09:18:49,PK311C11000,花生2311购11000,210.5,0.0,0.0,0.0,10,223.5,236.0,10,210.5,243.5,0.0,0.0,0.0,0.0,112
2023-05-11 09:18:50,PK311C11000,花生2311购11000,210.5,0.0,0.0,0.0,10,223.5,237.0,10,210.5,243.5,0.0,0.0,0.0,0.0,112
2023-05-11 09:18:58,PK311C11000,花生2311购11000,210.5,0.0,0.0,0.0,10,223.5,234.0,10,210.5,243.5,0.0,0.0,0.0,0.0,112
2023-05-11 09:19:00,PK311C11000,花生2311购11000,210.5,0.0,0.0,0.0,10,223.5,237.0,10,210.5,243.5,0.0,0.0,0.0,0.0,112
2023-05-11 09:19:06,PK311C11000,花生2311购11000,210.5,0.0,0.0,0.0,10,223.5,250.0,10,210.5,243.5,0.0,0.0,0.0,0.0,112
2023-05-11 09:19:06,PK311C11000,花生2311购11000,210.5,0.0,0.0,0.0,10,223.5,238.5,10,210.5,243.5,0.0,0.0,0.0,0.0,112
2023-05-11 09:19:08,PK311C11000,花生2311购11000,210.5,0.0,0.0,0.0,10,223.5,237.5,10,210.5,243.5,0.0,0.0,0.0,0.0,112
2023-05-11 09:19:11,PK311C11000,花生2311购11000,210.5,0.0,0.0,0.0,10,223.0,237.5,10,210.5,243.5,0.0,0.0,0.0,0.0,112
2023-05-11 09:19:12,PK311C11000,花生2311购11000,210.5,0.0,0.0,0.0,10,223.0,236.5,10,210.5,243.5,0.0,0.0,0.0,0.0,112
2023-05-11 09:19:12,PK311C11000,花生2311购11000,210.5,0.0,0.0,0.0,10,223.0,241.0,10,210.5,243.5,0.0,0.0,0.0,0.0,112
2023-05-11 09:19:13,PK311C11000,花生2311购11000,210.5,0.0,0.0,0.0,10,223.0,234.0,10,210.5,243.5,0.0,0.0,0.0,0.0,112
2023-05-11 09:19:14,PK311C11000,花生2311购11000,210.5,0.0,0.0,0.0,10,219.5,234.0,10,210.5,243.5,0.0,0.0,0.0,0.0,112
2023-05-11 09:19:16,PK311C11000,花生2311购11000,210.5,0.0,0.0,0.0,10,219.5,237.0,10,210.5,243.5,0.0,0.0,0.0,0.0,112
2023-05-11 09:19:16,PK311C11000,花生2311购11000,210.5,0.0,0.0,0.0,10,222.0,236.0,10,210.5,243.5,0.0,0.0,0.0,0.0,112
2023-05-11 09:19:22,PK311C11000,花生2311购11000,210.5,0.0,0.0,0.0,10,222.0,235.0,10,210.5,243.5,0.0,0.0,0.0,0.0,112
2023-05-11 09:19:22,PK311C11000,花生2311购11000,210.5,0.0,0.0,0.0,20,222.0,234.0,10,210.5,243.5,0.0,0.0,0.0,0.0,112
2023-05-11 09:19:23,PK311C11000,花生2311购11000,210.5,0.0,0.0,0.0,20,219.0,234.0,10,210.5,243.5,0.0,0.0,0.0,0.0,112
2023-05-11 09:19:24,PK311C11000,花生2311购11000,210.5,0.0,0.0,0.0,20,219.0,235.0,10,210.5,243.5,0.0,0.0,0.0,0.0,112
2023-05-11 09:19:33,PK311C11000,花生2311购11000,210.5,0.0,0.0,0.0,20,219.0,236.0,10,210.5,243.5,0.0,0.0,0.0,0.0,112
2023-05-11 09:19:33,PK311C11000,花生2311购11000,210.5,0.0,0.0,0.0,20,219.0,233.5,10,210.5,243.5,0.0,0.0,0.0,0.0,112
2023-05-11 09:19:36,PK311C11000,花生2311购11000,210.5,0.0,0.0,0.0,20,219.0,234.5,10,210.5,243.5,0.0,0.0,0.0,0.0,112
2023-05-11 09:19:52,PK311C11000,花生2311购11000,210.5,0.0,0.0,0.0,20,219.0,235.5,10,210.5,243.5,0.0,0.0,0.0,0.0,112
2023-05-11 09:20:04,PK311C11000,花生2311购11000,210.5,0.0,0.0,0.0,10,223.0,233.5,10,210.5,243.5,0.0,0.0,0.0,0.0,112
2023-05-11 09:20:04,PK311C11000,花生2311购11000,210.5,0.0,0.0,0.0,10,223.0,234.0,10,210.5,243.5,0.0,0.0,0.0,0.0,112
2023-05-11 09:20:05,PK311C11000,花生2311购11000,210.5,0.0,0.0,0.0,10,223.0,236.5,10,210.5,243.5,0.0,0.0,0.0,0.0,112
2023-05-11 09:20:10,PK311C11000,花生2311购11000,210.5,0.0,0.0,0.0,10,223.0,237.5,20,210.5,243.5,0.0,0.0,0.0,0.0,112
2023-05-11 09:20:19,PK311C11000,花生2311购11000,210.5,0.0,0.0,0.0,20,222.5,237.5,20,210.5,243.5,0.0,0.0,0.0,0.0,112
2023-05-11 09:20:21,PK311C11000,花生2311购11000,210.5,0.0,0.0,0.0,20,222.5,236.0,10,210.5,243.5,0.0,0.0,0.0,0.0,112
2023-05-11 09:20:23,PK311C11000,花生2311购11000,210.5,0.0,0.0,0.0,10,222.5,236.0,20,210.5,243.5,0.0,0.0,0.0,0.0,112
2023-05-11 09:20:34,PK311C11000,花生2311购11000,210.5,0.0,0.0,0.0,10,221.0,236.0,20,210.5,243.5,0.0,0.0,0.0,0.0,112
2023-05-11 09:20:42,PK311C11000,花生2311购11000,210.5,0.0,0.0,0.0,20,221.0,235.0,10,210.5,243.5,0.0,0.0,0.0,0.0,112
2023-05-11 09:20:42,PK311C11000,花生2311购11000,210.5,0.0,0.0,0.0,20,221.0,232.0,10,210.5,243.5,0.0,0.0,0.0,0.0,112
2023-05-11 09:20:42,PK311C11000,花生2311购11000,210.5,0.0,0.0,0.0,10,221.0,232.0,10,210.5,243.5,0.0,0.0,0.0,0.0,112
2023-05-11 09:20:43,PK311C11000,花生2311购11000,210.5,0.0,0.0,0.0,10,221.0,232.0,20,210.5,243.5,0.0,0.0,0.0,0.0,112
2023-05-11 09:20:44,PK311C11000,花生2311购11000,210.5,0.0,0.0,0.0,10,221.0,231.0,10,210.5,243.5,0.0,0.0,0.0,0.0,112
2023-05-11 09:20:44,PK311C11000,花生2311购11000,210.5,0.0,0.0,0.0,10,221.0,230.0,20,210.5,243.5,0.0,0.0,0.0,0.0,112
2023-05-11 09:20:48,PK311C11000,花生2311购11000,210.5,0.0,0.0,0.0,10,220.5,230.0,20,210.5,243.5,0.0,0.0,0.0,0.0,112
2023-05-11 09:20:48,PK311C11000,花生2311购11000,210.5,0.0,0.0,0.0,10,220.0,230.0,20,210.5,243.5,0.0,0.0,0.0,0.0,112
2023-05-11 09:20:56,PK311C11000,花生2311购11000,210.5,0.0,0.0,0.0,10,220.0,230.0,10,210.5,243.5,0.0,0.0,0.0,0.0,112
2023-05-11 09:21:00,PK311C11000,花生2311购11000,210.5,0.0,0.0,0.0,10,220.0,230.5,20,210.5,243.5,0.0,0.0,0.0,0.0,112
2023-05-11 09:21:02,PK311C11000,花生2311购11000,210.5,0.0,0.0,0.0,20,220.0,230.5,10,210.5,243.5,0.0,0.0,0.0,0.0,112
2023-05-11 09:21:02,PK311C11000,花生2311购11000,210.5,0.0,0.0,0.0,20,220.0,231.0,10,210.5,243.5,0.0,0.0,0.0,0.0,112
2023-05-11 09:21:04,PK311C11000,花生2311购11000,210.5,0.0,0.0,0.0,10,222.5,231.0,10,210.5,243.5,0.0,0.0,0.0,0.0,112
2023-05-11 09:21:08,PK311C11000,花生2311购11000,210.5,0.0,0.0,0.0,10,222.5,231.5,10,210.5,243.5,0.0,0.0,0.0,0.0,112
2023-05-11 09:21:11,PK311C11000,花生2311购11000,210.5,0.0,0.0,0.0,10,222.5,232.0,10,210.5,243.5,0.0,0.0,0.0,0.0,112
2023-05-11 09:21:13,PK311C11000,花生2311购11000,210.5,0.0,0.0,0.0,10,225.0,232.0,10,210.5,243.5,0.0,0.0,0.0,0.0,112
2023-05-11 09:21:15,PK311C11000,花生2311购11000,210.5,0.0,0.0,0.0,10,225.0,232.5,10,210.5,243.5,0.0,0.0,0.0,0.0,112
2023-05-11 09:21:17,PK311C11000,花生2311购11000,210.5,0.0,0.0,0.0,10,225.0,233.0,20,210.5,243.5,0.0,0.0,0.0,0.0,112
2023-05-11 09:21:20,PK311C11000,花生2311购11000,210.5,0.0,0.0,0.0,10,227.0,233.5,20,210.5,243.5,0.0,0.0,0.0,0.0,112
2023-05-11 09:21:24,PK311C11000,花生2311购11000,210.5,0.0,0.0,0.0,10,227.0,233.5,10,210.5,243.5,0.0,0.0,0.0,0.0,112
2023-05-11 09:21:27,PK311C11000,花生2311购11000,210.5,0.0,0.0,0.0,10,227.0,234.0,10,210.5,243.5,0.0,0.0,0.0,0.0,112
2023-05-11 09:21:40,PK311C11000,花生2311购11000,210.5,0.0,0.0,0.0,10,227.0,234.5,10,210.5,243.5,0.0,0.0,0.0,0.0,112
2023-05-11 09:21:40,PK311C11000,花生2311购11000,210.5,0.0,0.0,0.0,10,227.0,235.0,10,210.5,243.5,0.0,0.0,0.0,0.0,112
2023-05-11 09:21:47,PK311C11000,花生2311购11000,210.5,0.0,0.0,0.0,20,227.0,235.5,30,210.5,243.5,0.0,0.0,0.0,0.0,112
2023-05-11 09:21:51,PK311C11000,花生2311购11000,210.5,0.0,0.0,0.0,20,227.0,235.5,20,210.5,243.5,0.0,0.0,0.0,0.0,112
2023-05-11 09:21:52,PK311C11000,花生2311购11000,210.5,0.0,0.0,0.0,10,229.0,236.0,10,210.5,243.5,0.0,0.0,0.0,0.0,112
2023-05-11 09:21:54,PK311C11000,花生2311购11000,210.5,0.0,0.0,0.0,10,229.0,236.5,20,210.5,243.5,0.0,0.0,0.0,0.0,112
2023-05-11 09:21:55,PK311C11000,花生2311购11000,210.5,0.0,0.0,0.0,10,229.0,236.5,10,210.5,243.5,0.0,0.0,0.0,0.0,112
2023-05-11 09:21:56,PK311C11000,花生2311购11000,210.5,0.0,0.0,0.0,10,229.0,237.0,10,210.5,243.5,0.0,0.0,0.0,0.0,112
2023-05-11 09:21:58,PK311C11000,花生2311购11000,210.5,0.0,0.0,0.0,10,229.0,237.5,30,210.5,243.5,0.0,0.0,0.0,0.0,112
2023-05-11 09:21:58,PK311C11000,花生2311购11000,210.5,0.0,0.0,0.0,20,229.0,237.5,30,210.5,243.5,0.0,0.0,0.0,0.0,112
2023-05-11 09:21:59,PK311C11000,花生2311购11000,210.5,0.0,0.0,0.0,10,231.0,237.5,20,210.5,243.5,0.0,0.0,0.0,0.0,112
2023-05-11 09:22:00,PK311C11000,花生2311购11000,210.5,0.0,0.0,0.0,10,231.0,237.5,10,210.5,243.5,0.0,0.0,0.0,0.0,112
2023-05-11 09:22:01,PK311C11000,花生2311购11000,210.5,0.0,0.0,0.0,10,231.0,238.5,10,210.5,243.5,0.0,0.0,0.0,0.0,112
2023-05-11 09:22:17,PK311C11000,花生2311购11000,210.5,0.0,0.0,0.0,10,233.0,239.0,10,210.5,243.5,0.0,0.0,0.0,0.0,112
2023-05-11 09:22:20,PK311C11000,花生2311购11000,210.5,0.0,0.0,0.0,10,233.0,239.5,20,210.5,243.5,0.0,0.0,0.0,0.0,112
2023-05-11 09:22:20,PK311C11000,花生2311购11000,210.5,0.0,0.0,0.0,10,233.0,239.5,10,210.5,243.5,0.0,0.0,0.0,0.0,112
2023-05-11 09:22:23,PK311C11000,花生2311购11000,210.5,0.0,0.0,0.0,10,234.0,240.0,10,210.5,243.5,0.0,0.0,0.0,0.0,112
2023-05-11 09:22:24,PK311C11000,花生2311购11000,210.5,0.0,0.0,0.0,10,234.0,240.5,10,210.5,243.5,0.0,0.0,0.0,0.0,112
2023-05-11 09:22:29,PK311C11000,花生2311购11000,210.5,0.0,0.0,0.0,10,233.0,240.5,10,210.5,243.5,0.0,0.0,0.0,0.0,112
2023-05-11 09:22:35,PK311C11000,花生2311购11000,210.5,0.0,0.0,0.0,10,235.0,240.5,10,210.5,243.5,0.0,0.0,0.0,0.0,112
2023-05-11 09:22:38,PK311C11000,花生2311购11000,210.5,0.0,0.0,0.0,10,235.0,241.0,10,210.5,243.5,0.0,0.0,0.0,0.0,112
2023-05-11 09:22:46,PK311C11000,花生2311购11000,210.5,0.0,0.0,0.0,10,235.0,243.0,20,210.5,243.5,0.0,0.0,0.0,0.0,112
2023-05-11 09:22:47,PK311C11000,花生2311购11000,210.5,0.0,0.0,0.0,10,237.0,243.0,10,210.5,243.5,0.0,0.0,0.0,0.0,112
2023-05-11 09:22:51,PK311C11000,花生2311购11000,210.5,0.0,0.0,0.0,10,237.0,244.5,10,210.5,243.5,0.0,0.0,0.0,0.0,112
2023-05-11 09:22:55,PK311C11000,花生2311购11000,210.5,0.0,0.0,0.0,10,237.0,245.0,30,210.5,243.5,0.0,0.0,0.0,0.0,112
2023-05-11 09:22:59,PK311C11000,花生2311购11000,210.5,0.0,0.0,0.0,10,238.5,243.5,10,210.5,243.5,0.0,0.0,0.0,0.0,112
2023-05-11 09:23:00,PK311C11000,花生2311购11000,210.5,0.0,0.0,0.0,10,238.5,245.0,20,210.5,243.5,0.0,0.0,0.0,0.0,112
2023-05-11 09:23:01,PK311C11000,花生2311购11000,210.5,0.0,0.0,0.0,10,238.5,245.0,10,210.5,243.5,0.0,0.0,0.0,0.0,112
2023-05-11 09:23:05,PK311C11000,花生2311购11000,210.5,0.0,0.0,0.0,10,241.0,245.0,10,210.5,243.5,0.0,0.0,0.0,0.0,112
2023-05-11 09:23:05,PK311C11000,花生2311购11000,210.5,0.0,0.0,0.0,10,241.0,246.5,10,210.5,243.5,0.0,0.0,0.0,0.0,112
2023-05-11 09:23:13,PK311C11000,花生2311购11000,210.5,0.0,0.0,0.0,10,241.0,247.0,10,210.5,243.5,0.0,0.0,0.0,0.0,112
2023-05-11 09:23:17,PK311C11000,花生2311购11000,210.5,0.0,0.0,0.0,10,241.0,247.5,10,210.5,243.5,0.0,0.0,0.0,0.0,112
2023-05-11 09:23:23,PK311C11000,花生2311购11000,210.5,0.0,0.0,0.0,10,243.0,249.5,20,210.5,243.5,0.0,0.0,0.0,0.0,112
2023-05-11 09:23:26,PK311C11000,花生2311购11000,210.5,0.0,0.0,0.0,10,243.5,249.5,20,210.5,243.5,0.0,0.0,0.0,0.0,112
2023-05-11 09:23:31,PK311C11000,花生2311购11000,210.5,0.0,0.0,0.0,10,243.5,249.5,10,210.5,243.5,0.0,0.0,0.0,0.0,112
2023-05-11 09:23:32,PK311C11000,花生2311购11000,243.5,10.0,2435.0,0.0,10,243.5,254.0,10,210.5,243.5,243.5,243.5,10.0,2435.0,112
2023-05-11 09:23:33,PK311C11000,花生2311购11000,243.5,0.0,0.0,0.0,10,245.0,254.0,20,210.5,243.5,243.5,243.5,10.0,2435.0,112
2023-05-11 09:23:33,PK311C11000,花生2311购11000,243.5,0.0,0.0,0.0,10,245.0,254.0,30,210.5,243.5,243.5,243.5,10.0,2435.0,112
2023-05-11 09:23:41,PK311C11000,花生2311购11000,243.5,0.0,0.0,0.0,10,246.5,254.0,20,210.5,243.5,243.5,243.5,10.0,2435.0,112
2023-05-11 09:23:47,PK311C11000,花生2311购11000,243.5,0.0,0.0,0.0,10,248.5,254.0,10,210.5,243.5,243.5,243.5,10.0,2435.0,112
2023-05-11 09:23:47,PK311C11000,花生2311购11000,243.5,0.0,0.0,0.0,10,248.5,254.5,10,210.5,243.5,243.5,243.5,10.0,2435.0,112
2023-05-11 09:23:48,PK311C11000,花生2311购11000,243.5,0.0,0.0,0.0,10,248.5,255.5,10,210.5,243.5,243.5,243.5,10.0,2435.0,112
2023-05-11 09:23:48,PK311C11000,花生2311购11000,243.5,0.0,0.0,0.0,10,248.5,255.0,10,210.5,243.5,243.5,243.5,10.0,2435.0,112
2023-05-11 09:23:49,PK311C11000,花生2311购11000,243.5,0.0,0.0,0.0,10,248.5,255.5,10,210.5,243.5,243.5,243.5,10.0,2435.0,112
2023-05-11 09:23:49,PK311C11000,花生2311购11000,243.5,0.0,0.0,0.0,10,248.5,255.5,20,210.5,243.5,243.5,243.5,10.0,2435.0,112
2023-05-11 09:23:50,PK311C11000,花生2311购11000,243.5,0.0,0.0,0.0,10,248.5,256.5,10,210.5,243.5,243.5,243.5,10.0,2435.0,112
2023-05-11 09:23:50,PK311C11000,花生2311购11000,243.5,0.0,0.0,0.0,10,248.5,256.0,10,210.5,243.5,243.5,243.5,10.0,2435.0,112
2023-05-11 09:23:51,PK311C11000,花生2311购11000,243.5,0.0,0.0,0.0,10,248.5,257.5,30,210.5,243.5,243.5,243.5,10.0,2435.0,112
2023-05-11 09:23:51,PK311C11000,花生2311购11000,243.5,0.0,0.0,0.0,10,248.5,256.5,10,210.5,243.5,243.5,243.5,10.0,2435.0,112
2023-05-11 09:23:53,PK311C11000,花生2311购11000,243.5,0.0,0.0,0.0,10,251.0,257.5,20,210.5,243.5,243.5,243.5,10.0,2435.0,112
2023-05-11 09:23:53,PK311C11000,花生2311购11000,243.5,0.0,0.0,0.0,10,248.5,257.0,10,210.5,243.5,243.5,243.5,10.0,2435.0,112
2023-05-11 09:23:53,PK311C11000,花生2311购11000,243.5,0.0,0.0,0.0,10,250.5,257.0,10,210.5,243.5,243.5,243.5,10.0,2435.0,112
2023-05-11 09:23:54,PK311C11000,花生2311购11000,243.5,0.0,0.0,0.0,10,248.5,257.0,10,210.5,243.5,243.5,243.5,10.0,2435.0,112
2023-05-11 09:23:54,PK311C11000,花生2311购11000,243.5,0.0,0.0,0.0,10,250.0,257.0,10,210.5,243.5,243.5,243.5,10.0,2435.0,112
2023-05-11 09:23:55,PK311C11000,花生2311购11000,243.5,0.0,0.0,0.0,10,248.5,250.5,4,210.5,243.5,243.5,243.5,10.0,2435.0,112
2023-05-11 09:23:55,PK311C11000,花生2311购11000,243.5,0.0,0.0,0.0,10,249.5,250.5,4,210.5,243.5,243.5,243.5,10.0,2435.0,112
2023-05-11 09:23:56,PK311C11000,花生2311购11000,243.5,0.0,0.0,0.0,10,248.5,250.5,4,210.5,243.5,243.5,243.5,10.0,2435.0,112
2023-05-11 09:23:56,PK311C11000,花生2311购11000,243.5,0.0,0.0,0.0,10,249.0,250.5,4,210.5,243.5,243.5,243.5,10.0,2435.0,112
2023-05-11 09:23:57,PK311C11000,花生2311购11000,243.5,0.0,0.0,0.0,10,248.5,250.5,4,210.5,243.5,243.5,243.5,10.0,2435.0,112
2023-05-11 09:23:57,PK311C11000,花生2311购11000,243.5,0.0,0.0,0.0,20,248.5,250.5,4,210.5,243.5,243.5,243.5,10.0,2435.0,112
2023-05-11 09:23:59,PK311C11000,花生2311购11000,248.5,4.0,995.0,4.0,10,249.0,250.5,4,210.5,243.5,248.5,243.5,14.0,3430.0,116
2023-05-11 09:24:03,PK311C11000,花生2311购11000,249.0,10.0,2486.0,10.0,10,247.5,250.5,4,210.5,243.5,249.0,243.5,24.0,5916.0,126
2023-05-11 09:24:04,PK311C11000,花生2311购11000,249.0,0.0,0.0,0.0,10,248.5,250.5,4,210.5,243.5,249.0,243.5,24.0,5916.0,126
2023-05-11 09:24:04,PK311C11000,花生2311购11000,250.5,4.0,1000.0,0.0,10,250.5,257.5,10,210.5,243.5,250.5,243.5,28.0,6916.0,126
2023-05-11 09:24:05,PK311C11000,花生2311购11000,250.5,0.0,0.0,0.0,10,252.0,252.5,10,210.5,243.5,250.5,243.5,28.0,6916.0,126
2023-05-11 09:24:05,PK311C11000,花生2311购11000,250.5,0.0,0.0,0.0,10,252.0,259.5,10,210.5,243.5,250.5,243.5,28.0,6916.0,126
2023-05-11 09:24:06,PK311C11000,花生2311购11000,250.5,0.0,0.0,0.0,20,252.0,253.0,10,210.5,243.5,250.5,243.5,28.0,6916.0,126
2023-05-11 09:24:06,PK311C11000,花生2311购11000,250.5,0.0,0.0,0.0,20,252.0,261.5,20,210.5,243.5,250.5,243.5,28.0,6916.0,126
2023-05-11 09:24:06,PK311C11000,花生2311购11000,250.5,0.0,0.0,0.0,20,252.0,254.0,10,210.5,243.5,250.5,243.5,28.0,6916.0,126
2023-05-11 09:24:07,PK311C11000,花生2311购11000,250.5,0.0,0.0,0.0,20,252.0,261.5,20,210.5,243.5,250.5,243.5,28.0,6916.0,126
2023-05-11 09:24:07,PK311C11000,花生2311购11000,250.5,0.0,0.0,0.0,20,252.0,256.0,10,210.5,243.5,250.5,243.5,28.0,6916.0,126
2023-05-11 09:24:08,PK311C11000,花生2311购11000,250.5,0.0,0.0,0.0,20,252.0,261.5,20,210.5,243.5,250.5,243.5,28.0,6916.0,126
2023-05-11 09:24:09,PK311C11000,花生2311购11000,250.5,0.0,0.0,0.0,20,252.0,261.5,30,210.5,243.5,250.5,243.5,28.0,6916.0,126
2023-05-11 09:24:09,PK311C11000,花生2311购11000,250.5,0.0,0.0,0.0,20,252.0,261.5,20,210.5,243.5,250.5,243.5,28.0,6916.0,126
2023-05-11 09:24:11,PK311C11000,花生2311购11000,250.5,0.0,0.0,0.0,20,252.0,261.5,10,210.5,243.5,250.5,243.5,28.0,6916.0,126
2023-05-11 09:24:24,PK311C11000,花生2311购11000,250.5,0.0,0.0,0.0,10,253.5,263.0,10,210.5,243.5,250.5,243.5,28.0,6916.0,126
2023-05-11 09:24:26,PK311C11000,花生2311购11000,250.5,0.0,0.0,0.0,10,251.5,261.0,10,210.5,243.5,250.5,243.5,28.0,6916.0,126
2023-05-11 09:24:28,PK311C11000,花生2311购11000,250.5,0.0,0.0,0.0,10,254.0,263.0,20,210.5,243.5,250.5,243.5,28.0,6916.0,126
2023-05-11 09:24:28,PK311C11000,花生2311购11000,250.5,0.0,0.0,0.0,10,254.0,263.0,10,210.5,243.5,250.5,243.5,28.0,6916.0,126
2023-05-11 09:24:34,PK311C11000,花生2311购11000,250.5,0.0,0.0,0.0,10,254.0,263.5,10,210.5,243.5,250.5,243.5,28.0,6916.0,126
2023-05-11 09:24:38,PK311C11000,花生2311购11000,250.5,0.0,0.0,0.0,10,256.0,264.5,10,210.5,243.5,250.5,243.5,28.0,6916.0,126
2023-05-11 09:24:45,PK311C11000,花生2311购11000,250.5,0.0,0.0,0.0,10,256.0,265.0,10,210.5,243.5,250.5,243.5,28.0,6916.0,126
2023-05-11 09:24:47,PK311C11000,花生2311购11000,250.5,0.0,0.0,0.0,10,256.0,265.5,20,210.5,243.5,250.5,243.5,28.0,6916.0,126
2023-05-11 09:24:48,PK311C11000,花生2311购11000,250.5,0.0,0.0,0.0,10,256.0,265.5,10,210.5,243.5,250.5,243.5,28.0,6916.0,126
2023-05-11 09:24:52,PK311C11000,花生2311购11000,250.5,0.0,0.0,0.0,10,258.0,266.5,20,210.5,243.5,250.5,243.5,28.0,6916.0,126
2023-05-11 09:24:59,PK311C11000,花生2311购11000,250.5,0.0,0.0,0.0,10,258.0,267.5,20,210.5,243.5,250.5,243.5,28.0,6916.0,126
2023-05-11 09:25:07,PK311C11000,花生2311购11000,250.5,0.0,0.0,0.0,10,258.0,267.5,10,210.5,243.5,250.5,243.5,28.0,6916.0,126
2023-05-11 09:25:09,PK311C11000,花生2311购11000,250.5,0.0,0.0,0.0,10,259.5,268.5,20,210.5,243.5,250.5,243.5,28.0,6916.0,126
2023-05-11 09:25:16,PK311C11000,花生2311购11000,250.5,0.0,0.0,0.0,10,259.5,268.5,30,210.5,243.5,250.5,243.5,28.0,6916.0,126
2023-05-11 09:25:21,PK311C11000,花生2311购11000,250.5,0.0,0.0,0.0,10,261.5,268.5,30,210.5,243.5,250.5,243.5,28.0,6916.0,126
2023-05-11 09:25:21,PK311C11000,花生2311购11000,250.5,0.0,0.0,0.0,10,261.5,268.5,10,210.5,243.5,250.5,243.5,28.0,6916.0,126
2023-05-11 09:25:23,PK311C11000,花生2311购11000,250.5,0.0,0.0,0.0,20,261.5,268.5,10,210.5,243.5,250.5,243.5,28.0,6916.0,126
2023-05-11 09:25:25,PK311C11000,花生2311购11000,250.5,0.0,0.0,0.0,10,261.5,268.5,10,210.5,243.5,250.5,243.5,28.0,6916.0,126
2023-05-11 09:25:26,PK311C11000,花生2311购11000,250.5,0.0,0.0,0.0,10,261.0,269.0,10,210.5,243.5,250.5,243.5,28.0,6916.0,126
2023-05-11 09:25:26,PK311C11000,花生2311购11000,250.5,0.0,0.0,0.0,10,261.0,272.0,10,210.5,243.5,250.5,243.5,28.0,6916.0,126
2023-05-11 09:25:27,PK311C11000,花生2311购11000,250.5,0.0,0.0,0.0,10,261.0,272.0,20,210.5,243.5,250.5,243.5,28.0,6916.0,126
2023-05-11 09:25:27,PK311C11000,花生2311购11000,250.5,0.0,0.0,0.0,10,261.0,272.0,10,210.5,243.5,250.5,243.5,28.0,6916.0,126
2023-05-11 09:25:28,PK311C11000,花生2311购11000,250.5,0.0,0.0,0.0,10,260.5,272.0,20,210.5,243.5,250.5,243.5,28.0,6916.0,126
2023-05-11 09:25:29,PK311C11000,花生2311购11000,250.5,0.0,0.0,0.0,10,257.5,268.5,10,210.5,243.5,250.5,243.5,28.0,6916.0,126
2023-05-11 09:25:35,PK311C11000,花生2311购11000,250.5,0.0,0.0,0.0,10,257.5,268.5,20,210.5,243.5,250.5,243.5,28.0,6916.0,126
2023-05-11 09:25:36,PK311C11000,花生2311购11000,250.5,0.0,0.0,0.0,10,257.5,268.5,10,210.5,243.5,250.5,243.5,28.0,6916.0,126
2023-05-11 09:25:37,PK311C11000,花生2311购11000,250.5,0.0,0.0,0.0,10,258.5,270.5,20,210.5,243.5,250.5,243.5,28.0,6916.0,126
2023-05-11 09:25:41,PK311C11000,花生2311购11000,250.5,0.0,0.0,0.0,10,260.0,270.5,20,210.5,243.5,250.5,243.5,28.0,6916.0,126
2023-05-11 09:25:42,PK311C11000,花生2311购11000,250.5,0.0,0.0,0.0,10,260.0,270.5,10,210.5,243.5,250.5,243.5,28.0,6916.0,126
2023-05-11 09:25:43,PK311C11000,花生2311购11000,250.5,0.0,0.0,0.0,10,260.5,272.5,10,210.5,243.5,250.5,243.5,28.0,6916.0,126
2023-05-11 09:25:50,PK311C11000,花生2311购11000,250.5,0.0,0.0,0.0,10,260.5,272.5,20,210.5,243.5,250.5,243.5,28.0,6916.0,126
2023-05-11 09:25:51,PK311C11000,花生2311购11000,250.5,0.0,0.0,0.0,10,260.5,272.5,10,210.5,243.5,250.5,243.5,28.0,6916.0,126
2023-05-11 09:25:58,PK311C11000,花生2311购11000,250.5,0.0,0.0,0.0,20,260.5,273.0,10,210.5,243.5,250.5,243.5,28.0,6916.0,126
2023-05-11 09:26:00,PK311C11000,花生2311购11000,250.5,0.0,0.0,0.0,10,262.5,274.5,20,210.5,243.5,250.5,243.5,28.0,6916.0,126
2023-05-11 09:26:01,PK311C11000,花生2311购11000,250.5,0.0,0.0,0.0,20,262.5,274.5,10,210.5,243.5,250.5,243.5,28.0,6916.0,126
2023-05-11 09:26:03,PK311C11000,花生2311购11000,250.5,0.0,0.0,0.0,10,264.5,275.5,10,210.5,243.5,250.5,243.5,28.0,6916.0,126
2023-05-11 09:26:04,PK311C11000,花生2311购11000,250.5,0.0,0.0,0.0,10,264.5,276.0,10,210.5,243.5,250.5,243.5,28.0,6916.0,126
2023-05-11 09:26:04,PK311C11000,花生2311购11000,250.5,0.0,0.0,0.0,20,264.5,276.5,10,210.5,243.5,250.5,243.5,28.0,6916.0,126
2023-05-11 09:26:05,PK311C11000,花生2311购11000,250.5,0.0,0.0,0.0,20,264.5,276.5,20,210.5,243.5,250.5,243.5,28.0,6916.0,126
2023-05-11 09:26:06,PK311C11000,花生2311购11000,250.5,0.0,0.0,0.0,20,264.5,276.5,10,210.5,243.5,250.5,243.5,28.0,6916.0,126
2023-05-11 09:26:06,PK311C11000,花生2311购11000,250.5,0.0,0.0,0.0,20,264.5,276.5,20,210.5,243.5,250.5,243.5,28.0,6916.0,126
2023-05-11 09:26:07,PK311C11000,花生2311购11000,250.5,0.0,0.0,0.0,10,264.5,276.5,20,210.5,243.5,250.5,243.5,28.0,6916.0,126
2023-05-11 09:26:10,PK311C11000,花生2311购11000,250.5,0.0,0.0,0.0,10,263.0,275.0,10,210.5,243.5,250.5,243.5,28.0,6916.0,126
2023-05-11 09:26:10,PK311C11000,花生2311购11000,250.5,0.0,0.0,0.0,20,262.5,275.0,20,210.5,243.5,250.5,243.5,28.0,6916.0,126
2023-05-11 09:26:16,PK311C11000,花生2311购11000,250.5,0.0,0.0,0.0,20,262.5,275.0,10,210.5,243.5,250.5,243.5,28.0,6916.0,126
2023-05-11 09:26:19,PK311C11000,花生2311购11000,250.5,0.0,0.0,0.0,10,263.0,277.0,10,210.5,243.5,250.5,243.5,28.0,6916.0,126
2023-05-11 09:26:20,PK311C11000,花生2311购11000,250.5,0.0,0.0,0.0,20,263.0,277.5,10,210.5,243.5,250.5,243.5,28.0,6916.0,126
2023-05-11 09:26:21,PK311C11000,花生2311购11000,250.5,0.0,0.0,0.0,20,263.0,277.5,20,210.5,243.5,250.5,243.5,28.0,6916.0,126
2023-05-11 09:26:21,PK311C11000,花生2311购11000,250.5,0.0,0.0,0.0,23,263.0,277.5,23,210.5,243.5,250.5,243.5,28.0,6916.0,126
2023-05-11 09:26:34,PK311C11000,花生2311购11000,250.5,0.0,0.0,0.0,33,263.0,277.5,13,210.5,243.5,250.5,243.5,28.0,6916.0,126
2023-05-11 09:26:40,PK311C11000,花生2311购11000,250.5,0.0,0.0,0.0,23,263.0,277.0,10,210.5,243.5,250.5,243.5,28.0,6916.0,126
2023-05-11 09:26:45,PK311C11000,花生2311购11000,250.5,0.0,0.0,0.0,23,263.0,277.0,20,210.5,243.5,250.5,243.5,28.0,6916.0,126
2023-05-11 09:26:47,PK311C11000,花生2311购11000,250.5,0.0,0.0,0.0,23,263.0,277.0,10,210.5,243.5,250.5,243.5,28.0,6916.0,126
2023-05-11 09:26:48,PK311C11000,花生2311购11000,250.5,0.0,0.0,0.0,23,263.0,277.0,20,210.5,243.5,250.5,243.5,28.0,6916.0,126
2023-05-11 09:26:48,PK311C11000,花生2311购11000,250.5,0.0,0.0,0.0,23,263.0,277.0,10,210.5,243.5,250.5,243.5,28.0,6916.0,126
2023-05-11 09:26:49,PK311C11000,花生2311购11000,250.5,0.0,0.0,0.0,23,263.0,277.0,20,210.5,243.5,250.5,243.5,28.0,6916.0,126
2023-05-11 09:26:58,PK311C11000,花生2311购11000,250.5,0.0,0.0,0.0,13,263.0,277.0,20,210.5,243.5,250.5,243.5,28.0,6916.0,126
2023-05-11 09:26:59,PK311C11000,花生2311购11000,250.5,0.0,0.0,0.0,23,263.0,277.0,20,210.5,243.5,250.5,243.5,28.0,6916.0,126
2023-05-11 09:27:01,PK311C11000,花生2311购11000,250.5,0.0,0.0,0.0,20,263.0,277.0,20,210.5,243.5,250.5,243.5,28.0,6916.0,126
2023-05-11 09:27:03,PK311C11000,花生2311购11000,250.5,0.0,0.0,0.0,20,263.0,277.0,10,210.5,243.5,250.5,243.5,28.0,6916.0,126
2023-05-11 09:27:04,PK311C11000,花生2311购11000,250.5,0.0,0.0,0.0,20,263.0,278.0,20,210.5,243.5,250.5,243.5,28.0,6916.0,126
2023-05-11 09:27:06,PK311C11000,花生2311购11000,250.5,0.0,0.0,0.0,30,263.0,278.0,30,210.5,243.5,250.5,243.5,28.0,6916.0,126
2023-05-11 09:27:20,PK311C11000,花生2311购11000,250.5,0.0,0.0,0.0,20,263.0,278.0,30,210.5,243.5,250.5,243.5,28.0,6916.0,126
2023-05-11 09:27:21,PK311C11000,花生2311购11000,250.5,0.0,0.0,0.0,10,263.0,277.5,10,210.5,243.5,250.5,243.5,28.0,6916.0,126
2023-05-11 09:27:21,PK311C11000,花生2311购11000,250.5,0.0,0.0,0.0,20,261.5,277.5,20,210.5,243.5,250.5,243.5,28.0,6916.0,126
2023-05-11 09:27:28,PK311C11000,花生2311购11000,250.5,0.0,0.0,0.0,20,261.5,277.5,30,210.5,243.5,250.5,243.5,28.0,6916.0,126
2023-05-11 09:27:28,PK311C11000,花生2311购11000,250.5,0.0,0.0,0.0,20,261.0,276.5,30,210.5,243.5,250.5,243.5,28.0,6916.0,126
2023-05-11 09:27:31,PK311C11000,花生2311购11000,250.5,0.0,0.0,0.0,20,261.0,276.0,2,210.5,243.5,250.5,243.5,28.0,6916.0,126
2023-05-11 09:27:31,PK311C11000,花生2311购11000,250.5,0.0,0.0,0.0,30,261.0,276.0,12,210.5,243.5,250.5,243.5,28.0,6916.0,126
2023-05-11 09:27:37,PK311C11000,花生2311购11000,250.5,0.0,0.0,0.0,20,261.0,276.0,12,210.5,243.5,250.5,243.5,28.0,6916.0,126
2023-05-11 09:27:39,PK311C11000,花生2311购11000,250.5,0.0,0.0,0.0,20,263.5,276.0,32,210.5,243.5,250.5,243.5,28.0,6916.0,126
2023-05-11 09:27:41,PK311C11000,花生2311购11000,250.5,0.0,0.0,0.0,20,263.5,276.0,42,210.5,243.5,250.5,243.5,28.0,6916.0,126
2023-05-11 09:27:44,PK311C11000,花生2311购11000,250.5,0.0,0.0,0.0,20,263.5,276.0,32,210.5,243.5,250.5,243.5,28.0,6916.0,126
2023-05-11 09:27:45,PK311C11000,花生2311购11000,250.5,0.0,0.0,0.0,20,262.5,273.5,20,210.5,243.5,250.5,243.5,28.0,6916.0,126
2023-05-11 09:27:45,PK311C11000,花生2311购11000,250.5,0.0,0.0,0.0,20,262.5,273.5,30,210.5,243.5,250.5,243.5,28.0,6916.0,126
2023-05-11 09:27:51,PK311C11000,花生2311购11000,250.5,0.0,0.0,0.0,10,263.5,273.5,20,210.5,243.5,250.5,243.5,28.0,6916.0,126
2023-05-11 09:27:52,PK311C11000,花生2311购11000,250.5,0.0,0.0,0.0,20,263.5,273.5,20,210.5,243.5,250.5,243.5,28.0,6916.0,126
2023-05-11 09:28:03,PK311C11000,花生2311购11000,250.5,0.0,0.0,0.0,10,263.5,273.5,20,210.5,243.5,250.5,243.5,28.0,6916.0,126
2023-05-11 09:28:05,PK311C11000,花生2311购11000,250.5,0.0,0.0,0.0,20,262.5,273.5,20,210.5,243.5,250.5,243.5,28.0,6916.0,126
2023-05-11 09:28:16,PK311C11000,花生2311购11000,250.5,0.0,0.0,0.0,20,261.5,273.5,20,210.5,243.5,250.5,243.5,28.0,6916.0,126
2023-05-11 09:28:35,PK311C11000,花生2311购11000,250.5,0.0,0.0,0.0,20,260.5,273.5,30,210.5,243.5,250.5,243.5,28.0,6916.0,126
2023-05-11 09:28:43,PK311C11000,花生2311购11000,250.5,0.0,0.0,0.0,10,260.5,273.5,30,210.5,243.5,250.5,243.5,28.0,6916.0,126
2023-05-11 09:28:44,PK311C11000,花生2311购11000,250.5,0.0,0.0,0.0,20,259.5,273.5,30,210.5,243.5,250.5,243.5,28.0,6916.0,126
2023-05-11 09:29:03,PK311C11000,花生2311购11000,250.5,0.0,0.0,0.0,10,259.5,273.5,30,210.5,243.5,250.5,243.5,28.0,6916.0,126
2023-05-11 09:29:03,PK311C11000,花生2311购11000,250.5,0.0,0.0,0.0,20,258.5,273.5,30,210.5,243.5,250.5,243.5,28.0,6916.0,126
2023-05-11 09:29:05,PK311C11000,花生2311购11000,250.5,0.0,0.0,0.0,20,258.5,271.0,10,210.5,243.5,250.5,243.5,28.0,6916.0,126
2023-05-11 09:29:05,PK311C11000,花生2311购11000,250.5,0.0,0.0,0.0,20,258.5,271.0,50,210.5,243.5,250.5,243.5,28.0,6916.0,126
2023-05-11 09:29:09,PK311C11000,花生2311购11000,250.5,0.0,0.0,0.0,20,257.5,271.0,51,210.5,243.5,250.5,243.5,28.0,6916.0,126
2023-05-11 09:29:10,PK311C11000,花生2311购11000,250.5,0.0,0.0,0.0,20,257.5,271.0,52,210.5,243.5,250.5,243.5,28.0,6916.0,126
2023-05-11 09:29:16,PK311C11000,花生2311购11000,257.5,6.0,1550.0,-6.0,10,257.5,271.0,32,210.5,243.5,257.5,243.5,34.0,8466.0,120
2023-05-11 09:29:17,PK311C11000,花生2311购11000,257.5,0.0,0.0,0.0,20,254.0,271.0,32,210.5,243.5,257.5,243.5,34.0,8466.0,120
2023-05-11 09:29:18,PK311C11000,花生2311购11000,257.5,0.0,0.0,0.0,10,254.0,271.0,32,210.5,243.5,257.5,243.5,34.0,8466.0,120
2023-05-11 09:29:18,PK311C11000,花生2311购11000,257.5,0.0,0.0,0.0,30,253.5,271.0,32,210.5,243.5,257.5,243.5,34.0,8466.0,120
2023-05-11 09:29:19,PK311C11000,花生2311购11000,257.5,0.0,0.0,0.0,20,253.5,271.0,42,210.5,243.5,257.5,243.5,34.0,8466.0,120
2023-05-11 09:29:20,PK311C11000,花生2311购11000,257.5,0.0,0.0,0.0,30,253.5,271.0,42,210.5,243.5,257.5,243.5,34.0,8466.0,120
2023-05-11 09:29:22,PK311C11000,花生2311购11000,257.5,0.0,0.0,0.0,20,253.5,271.0,42,210.5,243.5,257.5,243.5,34.0,8466.0,120
2023-05-11 09:29:27,PK311C11000,花生2311购11000,257.5,0.0,0.0,0.0,10,253.5,268.5,10,210.5,243.5,257.5,243.5,34.0,8466.0,120
2023-05-11 09:29:27,PK311C11000,花生2311购11000,257.5,0.0,0.0,0.0,30,252.0,268.5,40,210.5,243.5,257.5,243.5,34.0,8466.0,120
2023-05-11 09:29:34,PK311C11000,花生2311购11000,257.5,0.0,0.0,0.0,20,252.0,268.5,40,210.5,243.5,257.5,243.5,34.0,8466.0,120
2023-05-11 09:29:34,PK311C11000,花生2311购11000,257.5,0.0,0.0,0.0,20,252.0,268.0,11,210.5,243.5,257.5,243.5,34.0,8466.0,120
2023-05-11 09:29:35,PK311C11000,花生2311购11000,257.5,0.0,0.0,0.0,20,252.0,268.0,12,210.5,243.5,257.5,243.5,34.0,8466.0,120
2023-05-11 09:29:46,PK311C11000,花生2311购11000,257.5,0.0,0.0,0.0,10,252.0,268.0,22,210.5,243.5,257.5,243.5,34.0,8466.0,120
2023-05-11 09:29:47,PK311C11000,花生2311购11000,257.5,0.0,0.0,0.0,20,251.0,268.0,22,210.5,243.5,257.5,243.5,34.0,8466.0,120
2023-05-11 09:29:49,PK311C11000,花生2311购11000,257.5,0.0,0.0,0.0,30,251.0,268.0,32,210.5,243.5,257.5,243.5,34.0,8466.0,120
2023-05-11 09:29:55,PK311C11000,花生2311购11000,257.5,0.0,0.0,0.0,30,251.0,265.5,10,210.5,243.5,257.5,243.5,34.0,8466.0,120
2023-05-11 09:29:56,PK311C11000,花生2311购11000,257.5,0.0,0.0,0.0,20,251.0,265.5,10,210.5,243.5,257.5,243.5,34.0,8466.0,120
2023-05-11 09:29:58,PK311C11000,花生2311购11000,257.5,0.0,0.0,0.0,30,251.0,265.5,20,210.5,243.5,257.5,243.5,34.0,8466.0,120
2023-05-11 09:29:59,PK311C11000,花生2311购11000,257.5,0.0,0.0,0.0,20,253.5,265.5,30,210.5,243.5,257.5,243.5,34.0,8466.0,120
2023-05-11 09:30:04,PK311C11000,花生2311购11000,257.5,0.0,0.0,0.0,20,253.5,265.5,40,210.5,243.5,257.5,243.5,34.0,8466.0,120
2023-05-11 09:30:09,PK311C11000,花生2311购11000,257.5,0.0,0.0,0.0,30,250.5,263.0,20,210.5,243.5,257.5,243.5,34.0,8466.0,120
2023-05-11 09:30:12,PK311C11000,花生2311购11000,257.5,0.0,0.0,0.0,20,250.5,263.0,20,210.5,243.5,257.5,243.5,34.0,8466.0,120
2023-05-11 09:30:13,PK311C11000,花生2311购11000,257.5,0.0,0.0,0.0,20,250.5,263.0,30,210.5,243.5,257.5,243.5,34.0,8466.0,120
2023-05-11 09:30:18,PK311C11000,花生2311购11000,257.5,0.0,0.0,0.0,20,250.5,263.0,40,210.5,243.5,257.5,243.5,34.0,8466.0,120
2023-05-11 09:30:21,PK311C11000,花生2311购11000,257.5,0.0,0.0,0.0,20,249.5,260.0,20,210.5,243.5,257.5,243.5,34.0,8466.0,120
2023-05-11 09:30:28,PK311C11000,花生2311购11000,257.5,0.0,0.0,0.0,10,249.5,260.0,20,210.5,243.5,257.5,243.5,34.0,8466.0,120
2023-05-11 09:30:29,PK311C11000,花生2311购11000,257.5,0.0,0.0,0.0,20,249.0,260.0,20,210.5,243.5,257.5,243.5,34.0,8466.0,120
2023-05-11 09:30:49,PK311C11000,花生2311购11000,257.5,0.0,0.0,0.0,20,248.5,260.0,20,210.5,243.5,257.5,243.5,34.0,8466.0,120
2023-05-11 09:30:51,PK311C11000,花生2311购11000,257.5,0.0,0.0,0.0,20,248.5,257.5,10,210.5,243.5,257.5,243.5,34.0,8466.0,120
2023-05-11 09:30:51,PK311C11000,花生2311购11000,257.5,0.0,0.0,0.0,20,248.5,257.5,20,210.5,243.5,257.5,243.5,34.0,8466.0,120
2023-05-11 09:31:02,PK311C11000,花生2311购11000,257.5,0.0,0.0,0.0,10,248.5,257.5,20,210.5,243.5,257.5,243.5,34.0,8466.0,120
2023-05-11 09:31:02,PK311C11000,花生2311购11000,257.5,0.0,0.0,0.0,30,245.5,257.5,20,210.5,243.5,257.5,243.5,34.0,8466.0,120
2023-05-11 09:31:12,PK311C11000,花生2311购11000,257.5,0.0,0.0,0.0,30,245.5,250.0,1,210.5,243.5,257.5,243.5,34.0,8466.0,120
2023-05-11 09:31:19,PK311C11000,花生2311购11000,257.5,0.0,0.0,0.0,30,245.5,251.5,10,210.5,243.5,257.5,243.5,34.0,8466.0,120
2023-05-11 09:31:19,PK311C11000,花生2311购11000,257.5,0.0,0.0,0.0,20,245.5,254.5,10,210.5,243.5,257.5,243.5,34.0,8466.0,120
2023-05-11 09:31:20,PK311C11000,花生2311购11000,257.5,0.0,0.0,0.0,20,245.5,257.5,30,210.5,243.5,257.5,243.5,34.0,8466.0,120
2023-05-11 09:31:21,PK311C11000,花生2311购11000,257.5,0.0,0.0,0.0,20,245.5,257.5,31,210.5,243.5,257.5,243.5,34.0,8466.0,120
2023-05-11 09:31:22,PK311C11000,花生2311购11000,257.5,0.0,0.0,0.0,10,245.5,255.0,10,210.5,243.5,257.5,243.5,34.0,8466.0,120
2023-05-11 09:31:23,PK311C11000,花生2311购11000,257.5,0.0,0.0,0.0,10,245.5,255.5,10,210.5,243.5,257.5,243.5,34.0,8466.0,120
2023-05-11 09:31:23,PK311C11000,花生2311购11000,257.5,0.0,0.0,0.0,10,245.5,257.5,21,210.5,243.5,257.5,243.5,34.0,8466.0,120
2023-05-11 09:31:24,PK311C11000,花生2311购11000,257.5,0.0,0.0,0.0,10,244.0,257.5,21,210.5,243.5,257.5,243.5,34.0,8466.0,120
2023-05-11 09:31:24,PK311C11000,花生2311购11000,257.5,0.0,0.0,0.0,20,239.5,257.5,21,210.5,243.5,257.5,243.5,34.0,8466.0,120
2023-05-11 09:31:25,PK311C11000,花生2311购11000,257.5,0.0,0.0,0.0,20,239.5,257.5,20,210.5,243.5,257.5,243.5,34.0,8466.0,120
2023-05-11 09:31:28,PK311C11000,花生2311购11000,257.5,0.0,0.0,0.0,20,243.5,257.5,20,210.5,243.5,257.5,243.5,34.0,8466.0,120
2023-05-11 09:31:29,PK311C11000,花生2311购11000,257.5,0.0,0.0,0.0,10,243.5,257.5,20,210.5,243.5,257.5,243.5,34.0,8466.0,120
2023-05-11 09:31:31,PK311C11000,花生2311购11000,257.5,0.0,0.0,0.0,10,243.5,245.0,1,210.5,243.5,257.5,243.5,34.0,8466.0,120
2023-05-11 09:31:33,PK311C11000,花生2311购11000,257.5,0.0,0.0,0.0,20,243.5,245.0,1,210.5,243.5,257.5,243.5,34.0,8466.0,120
2023-05-11 09:31:36,PK311C11000,花生2311购11000,257.5,0.0,0.0,0.0,10,243.5,245.0,1,210.5,243.5,257.5,243.5,34.0,8466.0,120
2023-05-11 09:31:39,PK311C11000,花生2311购11000,245.5,1.0,249.0,1.0,10,245.5,246.5,10,210.5,243.5,257.5,243.5,35.0,8715.0,121
2023-05-11 09:31:39,PK311C11000,花生2311购11000,245.5,0.0,0.0,0.0,20,245.5,246.5,10,210.5,243.5,257.5,243.5,35.0,8715.0,121
2023-05-11 09:31:40,PK311C11000,花生2311购11000,246.5,10.0,2467.5,10.0,10,246.0,254.0,10,210.5,243.5,257.5,243.5,45.0,11182.5,131
2023-05-11 09:31:41,PK311C11000,花生2311购11000,246.5,0.0,0.0,0.0,10,246.0,257.5,20,210.5,243.5,257.5,243.5,45.0,11182.5,131
2023-05-11 09:31:41,PK311C11000,花生2311购11000,246.5,0.0,0.0,0.0,20,243.5,257.5,10,210.5,243.5,257.5,243.5,45.0,11182.5,131
2023-05-11 09:31:44,PK311C11000,花生2311购11000,246.5,0.0,0.0,0.0,20,243.5,259.0,10,210.5,243.5,257.5,243.5,45.0,11182.5,131
2023-05-11 09:32:02,PK311C11000,花生2311购11000,246.5,0.0,0.0,0.0,30,243.5,259.0,10,210.5,243.5,257.5,243.5,45.0,11182.5,131
2023-05-11 09:32:13,PK311C11000,花生2311购11000,246.5,0.0,0.0,0.0,40,243.5,259.0,20,210.5,243.5,257.5,243.5,45.0,11182.5,131
2023-05-11 09:32:18,PK311C11000,花生2311购11000,246.5,0.0,0.0,0.0,30,243.5,258.5,10,210.5,243.5,257.5,243.5,45.0,11182.5,131
2023-05-11 09:32:18,PK311C11000,花生2311购11000,246.5,0.0,0.0,0.0,40,243.5,258.0,10,210.5,243.5,257.5,243.5,45.0,11182.5,131
2023-05-11 09:32:21,PK311C11000,花生2311购11000,246.5,0.0,0.0,0.0,30,243.5,258.0,10,210.5,243.5,257.5,243.5,45.0,11182.5,131
2023-05-11 09:32:23,PK311C11000,花生2311购11000,246.5,0.0,0.0,0.0,30,243.5,258.0,20,210.5,243.5,257.5,243.5,45.0,11182.5,131
2023-05-11 09:32:24,PK311C11000,花生2311购11000,246.5,0.0,0.0,0.0,30,243.5,256.5,10,210.5,243.5,257.5,243.5,45.0,11182.5,131
2023-05-11 09:32:24,PK311C11000,花生2311购11000,246.5,0.0,0.0,0.0,30,243.5,256.0,10,210.5,243.5,257.5,243.5,45.0,11182.5,131
2023-05-11 09:32:25,PK311C11000,花生2311购11000,246.5,0.0,0.0,0.0,20,243.5,256.0,10,210.5,243.5,257.5,243.5,45.0,11182.5,131
2023-05-11 09:32:26,PK311C11000,花生2311购11000,246.5,0.0,0.0,0.0,20,243.5,256.0,20,210.5,243.5,257.5,243.5,45.0,11182.5,131
2023-05-11 09:32:35,PK311C11000,花生2311购11000,246.5,0.0,0.0,0.0,20,243.5,251.0,10,210.5,243.5,257.5,243.5,45.0,11182.5,131
2023-05-11 09:32:35,PK311C11000,花生2311购11000,246.5,0.0,0.0,0.0,20,243.5,251.0,20,210.5,243.5,257.5,243.5,45.0,11182.5,131
2023-05-11 09:33:02,PK311C11000,花生2311购11000,246.5,0.0,0.0,0.0,20,243.5,251.0,10,210.5,243.5,257.5,243.5,45.0,11182.5,131
2023-05-11 09:33:02,PK311C11000,花生2311购11000,246.5,0.0,0.0,0.0,20,243.5,253.5,20,210.5,243.5,257.5,243.5,45.0,11182.5,131
2023-05-11 09:33:06,PK311C11000,花生2311购11000,246.5,0.0,0.0,0.0,20,243.5,253.5,30,210.5,243.5,257.5,243.5,45.0,11182.5,131
2023-05-11 09:33:08,PK311C11000,花生2311购11000,246.5,0.0,0.0,0.0,30,243.5,253.5,30,210.5,243.5,257.5,243.5,45.0,11182.5,131
2023-05-11 09:33:08,PK311C11000,花生2311购11000,246.5,0.0,0.0,0.0,20,243.5,253.5,30,210.5,243.5,257.5,243.5,45.0,11182.5,131
2023-05-11 09:33:12,PK311C11000,花生2311购11000,246.5,0.0,0.0,0.0,30,243.5,253.5,30,210.5,243.5,257.5,243.5,45.0,11182.5,131
2023-05-11 09:33:13,PK311C11000,花生2311购11000,246.5,0.0,0.0,0.0,20,243.5,253.5,30,210.5,243.5,257.5,243.5,45.0,11182.5,131
2023-05-11 09:33:17,PK311C11000,花生2311购11000,246.5,0.0,0.0,0.0,10,243.5,253.5,30,210.5,243.5,257.5,243.5,45.0,11182.5,131
2023-05-11 09:33:17,PK311C11000,花生2311购11000,246.5,0.0,0.0,0.0,10,242.0,253.5,30,210.5,243.5,257.5,243.5,45.0,11182.5,131
2023-05-11 09:33:18,PK311C11000,花生2311购11000,246.5,0.0,0.0,0.0,20,241.5,251.5,20,210.5,243.5,257.5,243.5,45.0,11182.5,131
2023-05-11 09:33:25,PK311C11000,花生2311购11000,246.5,0.0,0.0,0.0,20,241.5,250.0,10,210.5,243.5,257.5,243.5,45.0,11182.5,131
2023-05-11 09:33:26,PK311C11000,花生2311购11000,246.5,0.0,0.0,0.0,20,241.5,250.0,20,210.5,243.5,257.5,243.5,45.0,11182.5,131
2023-05-11 09:33:34,PK311C11000,花生2311购11000,246.5,0.0,0.0,0.0,30,241.5,250.0,20,210.5,243.5,257.5,243.5,45.0,11182.5,131
2023-05-11 09:33:35,PK311C11000,花生2311购11000,246.5,0.0,0.0,0.0,20,241.5,250.0,20,210.5,243.5,257.5,243.5,45.0,11182.5,131
2023-05-11 09:33:36,PK311C11000,花生2311购11000,246.5,0.0,0.0,0.0,20,241.0,250.0,20,210.5,243.5,257.5,243.5,45.0,11182.5,131
2023-05-11 09:33:39,PK311C11000,花生2311购11000,246.5,0.0,0.0,0.0,10,241.0,250.0,10,210.5,243.5,257.5,243.5,45.0,11182.5,131
2023-05-11 09:33:39,PK311C11000,花生2311购11000,246.5,0.0,0.0,0.0,30,239.5,251.5,20,210.5,243.5,257.5,243.5,45.0,11182.5,131
2023-05-11 09:33:54,PK311C11000,花生2311购11000,246.5,0.0,0.0,0.0,20,239.5,249.5,20,210.5,243.5,257.5,243.5,45.0,11182.5,131
2023-05-11 09:34:01,PK311C11000,花生2311购11000,246.5,0.0,0.0,0.0,30,239.5,249.5,20,210.5,243.5,257.5,243.5,45.0,11182.5,131
2023-05-11 09:34:01,PK311C11000,花生2311购11000,246.5,0.0,0.0,0.0,20,242.0,249.5,10,210.5,243.5,257.5,243.5,45.0,11182.5,131
2023-05-11 09:34:02,PK311C11000,花生2311购11000,246.5,0.0,0.0,0.0,20,242.0,251.5,10,210.5,243.5,257.5,243.5,45.0,11182.5,131
2023-05-11 09:34:03,PK311C11000,花生2311购11000,246.5,0.0,0.0,0.0,10,240.5,251.5,20,210.5,243.5,257.5,243.5,45.0,11182.5,131
2023-05-11 09:34:04,PK311C11000,花生2311购11000,246.5,0.0,0.0,0.0,20,240.5,250.0,20,210.5,243.5,257.5,243.5,45.0,11182.5,131
2023-05-11 09:34:04,PK311C11000,花生2311购11000,246.5,0.0,0.0,0.0,30,239.5,249.5,10,210.5,243.5,257.5,243.5,45.0,11182.5,131
2023-05-11 09:34:07,PK311C11000,花生2311购11000,246.5,0.0,0.0,0.0,20,239.5,249.5,10,210.5,243.5,257.5,243.5,45.0,11182.5,131
2023-05-11 09:34:16,PK311C11000,花生2311购11000,246.5,0.0,0.0,0.0,20,239.5,248.0,10,210.5,243.5,257.5,243.5,45.0,11182.5,131
2023-05-11 09:34:16,PK311C11000,花生2311购11000,246.5,0.0,0.0,0.0,20,239.5,248.0,20,210.5,243.5,257.5,243.5,45.0,11182.5,131
2023-05-11 09:34:22,PK311C11000,花生2311购11000,248.0,4.0,994.0,4.0,20,239.5,248.0,16,210.5,243.5,257.5,243.5,49.0,12176.5,135
2023-05-11 09:34:22,PK311C11000,花生2311购11000,248.0,0.0,0.0,0.0,20,239.5,248.0,6,210.5,243.5,257.5,243.5,49.0,12176.5,135
2023-05-11 09:34:29,PK311C11000,花生2311购11000,248.0,0.0,0.0,0.0,20,239.5,250.5,20,210.5,243.5,257.5,243.5,49.0,12176.5,135
2023-05-11 09:34:39,PK311C11000,花生2311购11000,248.0,0.0,0.0,0.0,30,238.0,250.5,20,210.5,243.5,257.5,243.5,49.0,12176.5,135
2023-05-11 09:34:40,PK311C11000,花生2311购11000,248.0,0.0,0.0,0.0,20,238.0,250.5,20,210.5,243.5,257.5,243.5,49.0,12176.5,135
2023-05-11 09:34:48,PK311C11000,花生2311购11000,248.0,0.0,0.0,0.0,20,238.0,250.0,10,210.5,243.5,257.5,243.5,49.0,12176.5,135
2023-05-11 09:35:01,PK311C11000,花生2311购11000,248.0,0.0,0.0,0.0,10,238.0,250.0,10,210.5,243.5,257.5,243.5,49.0,12176.5,135
2023-05-11 09:35:02,PK311C11000,花生2311购11000,248.0,0.0,0.0,0.0,30,237.5,250.0,20,210.5,243.5,257.5,243.5,49.0,12176.5,135
2023-05-11 09:35:17,PK311C11000,花生2311购11000,248.0,0.0,0.0,0.0,30,237.5,250.0,30,210.5,243.5,257.5,243.5,49.0,12176.5,135
2023-05-11 09:35:35,PK311C11000,花生2311购11000,248.0,0.0,0.0,0.0,20,237.5,250.0,30,210.5,243.5,257.5,243.5,49.0,12176.5,135
2023-05-11 09:35:59,PK311C11000,花生2311购11000,248.0,0.0,0.0,0.0,10,237.5,248.0,10,210.5,243.5,257.5,243.5,49.0,12176.5,135
2023-05-11 09:36:00,PK311C11000,花生2311购11000,248.0,0.0,0.0,0.0,40,236.0,248.0,20,210.5,243.5,257.5,243.5,49.0,12176.5,135
2023-05-11 09:36:10,PK311C11000,花生2311购11000,248.0,0.0,0.0,0.0,30,236.0,248.0,20,210.5,243.5,257.5,243.5,49.0,12176.5,135
2023-05-11 09:36:23,PK311C11000,花生2311购11000,248.0,0.0,0.0,0.0,20,236.0,248.0,20,210.5,243.5,257.5,243.5,49.0,12176.5,135
2023-05-11 09:36:24,PK311C11000,花生2311购11000,248.0,0.0,0.0,0.0,10,236.0,246.5,10,210.5,243.5,257.5,243.5,49.0,12176.5,135
2023-05-11 09:36:25,PK311C11000,花生2311购11000,248.0,0.0,0.0,0.0,10,235.5,246.5,10,210.5,243.5,257.5,243.5,49.0,12176.5,135
2023-05-11 09:36:27,PK311C11000,花生2311购11000,248.0,0.0,0.0,0.0,10,235.5,246.5,20,210.5,243.5,257.5,243.5,49.0,12176.5,135
2023-05-11 09:36:27,PK311C11000,花生2311购11000,248.0,0.0,0.0,0.0,20,234.0,246.5,20,210.5,243.5,257.5,243.5,49.0,12176.5,135
2023-05-11 09:36:32,PK311C11000,花生2311购11000,248.0,0.0,0.0,0.0,20,233.0,244.0,10,210.5,243.5,257.5,243.5,49.0,12176.5,135
2023-05-11 09:36:32,PK311C11000,花生2311购11000,248.0,0.0,0.0,0.0,10,232.5,244.0,10,210.5,243.5,257.5,243.5,49.0,12176.5,135
2023-05-11 09:36:35,PK311C11000,花生2311购11000,248.0,0.0,0.0,0.0,20,232.5,244.0,20,210.5,243.5,257.5,243.5,49.0,12176.5,135
2023-05-11 09:36:36,PK311C11000,花生2311购11000,248.0,0.0,0.0,0.0,20,232.0,242.5,20,210.5,243.5,257.5,243.5,49.0,12176.5,135
2023-05-11 09:36:37,PK311C11000,花生2311购11000,248.0,0.0,0.0,0.0,10,232.0,242.5,20,210.5,243.5,257.5,243.5,49.0,12176.5,135
2023-05-11 09:36:38,PK311C11000,花生2311购11000,248.0,0.0,0.0,0.0,20,231.5,242.5,20,210.5,243.5,257.5,243.5,49.0,12176.5,135
2023-05-11 09:36:41,PK311C11000,花生2311购11000,248.0,0.0,0.0,0.0,10,230.5,242.5,10,210.5,243.5,257.5,243.5,49.0,12176.5,135
2023-05-11 09:36:43,PK311C11000,花生2311购11000,248.0,0.0,0.0,0.0,20,230.5,242.5,20,210.5,243.5,257.5,243.5,49.0,12176.5,135
2023-05-11 09:36:55,PK311C11000,花生2311购11000,248.0,0.0,0.0,0.0,10,230.0,240.5,10,210.5,243.5,257.5,243.5,49.0,12176.5,135
2023-05-11 09:36:56,PK311C11000,花生2311购11000,248.0,0.0,0.0,0.0,10,229.0,240.5,10,210.5,243.5,257.5,243.5,49.0,12176.5,135
2023-05-11 09:36:56,PK311C11000,花生2311购11000,248.0,0.0,0.0,0.0,20,229.0,240.5,20,210.5,243.5,257.5,243.5,49.0,12176.5,135
2023-05-11 09:37:04,PK311C11000,花生2311购11000,248.0,0.0,0.0,0.0,10,230.5,240.5,10,210.5,243.5,257.5,243.5,49.0,12176.5,135
2023-05-11 09:37:05,PK311C11000,花生2311购11000,248.0,0.0,0.0,0.0,10,230.5,242.5,10,210.5,243.5,257.5,243.5,49.0,12176.5,135
2023-05-11 09:37:05,PK311C11000,花生2311购11000,248.0,0.0,0.0,0.0,20,230.5,242.5,20,210.5,243.5,257.5,243.5,49.0,12176.5,135
2023-05-11 09:37:17,PK311C11000,花生2311购11000,248.0,0.0,0.0,0.0,10,230.5,242.5,10,210.5,243.5,257.5,243.5,49.0,12176.5,135
2023-05-11 09:37:18,PK311C11000,花生2311购11000,248.0,0.0,0.0,0.0,20,229.0,240.5,10,210.5,243.5,257.5,243.5,49.0,12176.5,135
2023-05-11 09:37:19,PK311C11000,花生2311购11000,248.0,0.0,0.0,0.0,10,229.0,240.5,10,210.5,243.5,257.5,243.5,49.0,12176.5,135
2023-05-11 09:37:20,PK311C11000,花生2311购11000,248.0,0.0,0.0,0.0,10,230.0,242.0,10,210.5,243.5,257.5,243.5,49.0,12176.5,135
2023-05-11 09:37:21,PK311C11000,花生2311购11000,248.0,0.0,0.0,0.0,20,230.0,242.5,10,210.5,243.5,257.5,243.5,49.0,12176.5,135
2023-05-11 09:37:25,PK311C11000,花生2311购11000,248.0,0.0,0.0,0.0,10,230.0,240.5,10,210.5,243.5,257.5,243.5,49.0,12176.5,135
2023-05-11 09:37:25,PK311C11000,花生2311购11000,248.0,0.0,0.0,0.0,40,228.5,240.5,10,210.5,243.5,257.5,243.5,49.0,12176.5,135
2023-05-11 09:37:51,PK311C11000,花生2311购11000,248.0,0.0,0.0,0.0,30,228.5,240.5,10,210.5,243.5,257.5,243.5,49.0,12176.5,135
2023-05-11 09:38:10,PK311C11000,花生2311购11000,248.0,0.0,0.0,0.0,10,229.5,243.0,10,210.5,243.5,257.5,243.5,49.0,12176.5,135
2023-05-11 09:38:43,PK311C11000,花生2311购11000,248.0,0.0,0.0,0.0,20,228.5,240.5,10,210.5,243.5,257.5,243.5,49.0,12176.5,135
2023-05-11 09:38:48,PK311C11000,花生2311购11000,248.0,0.0,0.0,0.0,10,228.5,240.5,10,210.5,243.5,257.5,243.5,49.0,12176.5,135
2023-05-11 09:38:48,PK311C11000,花生2311购11000,248.0,0.0,0.0,0.0,20,227.5,240.5,10,210.5,243.5,257.5,243.5,49.0,12176.5,135
2023-05-11 09:40:04,PK311C11000,花生2311购11000,248.0,0.0,0.0,0.0,20,227.5,240.5,20,210.5,243.5,257.5,243.5,49.0,12176.5,135
2023-05-11 09:40:04,PK311C11000,花生2311购11000,248.0,0.0,0.0,0.0,10,227.5,240.5,30,210.5,243.5,257.5,243.5,49.0,12176.5,135
2023-05-11 09:40:08,PK311C11000,花生2311购11000,248.0,0.0,0.0,0.0,20,227.5,240.5,20,210.5,243.5,257.5,243.5,49.0,12176.5,135
2023-05-11 09:40:09,PK311C11000,花生2311购11000,248.0,0.0,0.0,0.0,10,227.5,240.5,20,210.5,243.5,257.5,243.5,49.0,12176.5,135
2023-05-11 09:40:11,PK311C11000,花生2311购11000,248.0,0.0,0.0,0.0,20,227.5,240.5,10,210.5,243.5,257.5,243.5,49.0,12176.5,135
2023-05-11 09:40:23,PK311C11000,花生2311购11000,248.0,0.0,0.0,0.0,10,227.5,240.5,20,210.5,243.5,257.5,243.5,49.0,12176.5,135
2023-05-11 09:40:27,PK311C11000,花生2311购11000,248.0,0.0,0.0,0.0,10,227.5,240.5,30,210.5,243.5,257.5,243.5,49.0,12176.5,135
2023-05-11 09:40:27,PK311C11000,花生2311购11000,248.0,0.0,0.0,0.0,10,226.0,238.5,10,210.5,243.5,257.5,243.5,49.0,12176.5,135
2023-05-11 09:40:28,PK311C11000,花生2311购11000,248.0,0.0,0.0,0.0,40,225.0,238.5,10,210.5,243.5,257.5,243.5,49.0,12176.5,135
2023-05-11 09:40:29,PK311C11000,花生2311购11000,248.0,0.0,0.0,0.0,30,225.0,238.0,10,210.5,243.5,257.5,243.5,49.0,12176.5,135
2023-05-11 09:40:35,PK311C11000,花生2311购11000,248.0,0.0,0.0,0.0,10,227.5,238.0,10,210.5,243.5,257.5,243.5,49.0,12176.5,135
2023-05-11 09:40:35,PK311C11000,花生2311购11000,248.0,0.0,0.0,0.0,10,227.5,239.0,10,210.5,243.5,257.5,243.5,49.0,12176.5,135
2023-05-11 09:40:37,PK311C11000,花生2311购11000,248.0,0.0,0.0,0.0,10,227.5,239.5,10,210.5,243.5,257.5,243.5,49.0,12176.5,135
2023-05-11 09:40:48,PK311C11000,花生2311购11000,248.0,0.0,0.0,0.0,10,227.5,240.0,10,210.5,243.5,257.5,243.5,49.0,12176.5,135
2023-05-11 09:40:49,PK311C11000,花生2311购11000,248.0,0.0,0.0,0.0,10,227.5,241.0,20,210.5,243.5,257.5,243.5,49.0,12176.5,135
2023-05-11 09:40:58,PK311C11000,花生2311购11000,248.0,0.0,0.0,0.0,10,227.5,240.5,10,210.5,243.5,257.5,243.5,49.0,12176.5,135
2023-05-11 09:41:10,PK311C11000,花生2311购11000,248.0,0.0,0.0,0.0,10,227.5,238.5,20,210.5,243.5,257.5,243.5,49.0,12176.5,135
2023-05-11 09:41:14,PK311C11000,花生2311购11000,248.0,0.0,0.0,0.0,10,225.5,238.5,20,210.5,243.5,257.5,243.5,49.0,12176.5,135
2023-05-11 09:41:17,PK311C11000,花生2311购11000,248.0,0.0,0.0,0.0,10,227.5,238.5,10,210.5,243.5,257.5,243.5,49.0,12176.5,135
2023-05-11 09:41:18,PK311C11000,花生2311购11000,248.0,0.0,0.0,0.0,10,227.5,238.0,10,210.5,243.5,257.5,243.5,49.0,12176.5,135
2023-05-11 09:41:18,PK311C11000,花生2311购11000,248.0,0.0,0.0,0.0,10,227.5,238.0,20,210.5,243.5,257.5,243.5,49.0,12176.5,135
2023-05-11 09:41:19,PK311C11000,花生2311购11000,248.0,0.0,0.0,0.0,10,227.5,238.0,30,210.5,243.5,257.5,243.5,49.0,12176.5,135
2023-05-11 09:41:27,PK311C11000,花生2311购11000,248.0,0.0,0.0,0.0,10,227.5,238.0,20,210.5,243.5,257.5,243.5,49.0,12176.5,135
2023-05-11 09:41:29,PK311C11000,花生2311购11000,248.0,0.0,0.0,0.0,10,227.5,238.0,10,210.5,243.5,257.5,243.5,49.0,12176.5,135
2023-05-11 09:41:31,PK311C11000,花生2311购11000,248.0,0.0,0.0,0.0,10,225.5,238.0,10,210.5,243.5,257.5,243.5,49.0,12176.5,135
2023-05-11 09:41:36,PK311C11000,花生2311购11000,248.0,0.0,0.0,0.0,20,225.0,238.0,10,210.5,243.5,257.5,243.5,49.0,12176.5,135
2023-05-11 09:41:44,PK311C11000,花生2311购11000,248.0,0.0,0.0,0.0,30,225.0,238.0,20,210.5,243.5,257.5,243.5,49.0,12176.5,135
2023-05-11 09:41:57,PK311C11000,花生2311购11000,248.0,0.0,0.0,0.0,20,225.0,238.0,20,210.5,243.5,257.5,243.5,49.0,12176.5,135
2023-05-11 09:41:58,PK311C11000,花生2311购11000,248.0,0.0,0.0,0.0,20,225.0,238.0,30,210.5,243.5,257.5,243.5,49.0,12176.5,135
2023-05-11 09:41:59,PK311C11000,花生2311购11000,248.0,0.0,0.0,0.0,30,225.0,238.0,30,210.5,243.5,257.5,243.5,49.0,12176.5,135
2023-05-11 09:42:00,PK311C11000,花生2311购11000,248.0,0.0,0.0,0.0,40,225.0,238.0,30,210.5,243.5,257.5,243.5,49.0,12176.5,135
2023-05-11 09:42:05,PK311C11000,花生2311购11000,248.0,0.0,0.0,0.0,30,225.0,238.0,30,210.5,243.5,257.5,243.5,49.0,12176.5,135
2023-05-11 09:42:16,PK311C11000,花生2311购11000,248.0,0.0,0.0,0.0,10,225.5,237.0,10,210.5,243.5,257.5,243.5,49.0,12176.5,135
2023-05-11 09:42:20,PK311C11000,花生2311购11000,248.0,0.0,0.0,0.0,10,225.5,236.0,10,210.5,243.5,257.5,243.5,49.0,12176.5,135
2023-05-11 09:42:22,PK311C11000,花生2311购11000,248.0,0.0,0.0,0.0,20,225.5,236.0,20,210.5,243.5,257.5,243.5,49.0,12176.5,135
2023-05-11 09:42:22,PK311C11000,花生2311购11000,248.0,0.0,0.0,0.0,30,225.5,236.0,30,210.5,243.5,257.5,243.5,49.0,12176.5,135
2023-05-11 09:42:31,PK311C11000,花生2311购11000,248.0,0.0,0.0,0.0,20,225.5,236.0,30,210.5,243.5,257.5,243.5,49.0,12176.5,135
2023-05-11 09:42:32,PK311C11000,花生2311购11000,248.0,0.0,0.0,0.0,20,223.5,234.5,10,210.5,243.5,257.5,243.5,49.0,12176.5,135
2023-05-11 09:42:32,PK311C11000,花生2311购11000,248.0,0.0,0.0,0.0,10,223.0,234.5,20,210.5,243.5,257.5,243.5,49.0,12176.5,135
2023-05-11 09:42:32,PK311C11000,花生2311购11000,248.0,0.0,0.0,0.0,10,223.0,234.5,30,210.5,243.5,257.5,243.5,49.0,12176.5,135
2023-05-11 09:42:34,PK311C11000,花生2311购11000,248.0,0.0,0.0,0.0,10,223.0,234.5,20,210.5,243.5,257.5,243.5,49.0,12176.5,135
2023-05-11 09:42:36,PK311C11000,花生2311购11000,248.0,0.0,0.0,0.0,20,223.0,234.5,20,210.5,243.5,257.5,243.5,49.0,12176.5,135
2023-05-11 09:42:36,PK311C11000,花生2311购11000,248.0,0.0,0.0,0.0,20,223.0,234.0,10,210.5,243.5,257.5,243.5,49.0,12176.5,135
2023-05-11 09:42:39,PK311C11000,花生2311购11000,248.0,0.0,0.0,0.0,30,223.0,234.0,20,210.5,243.5,257.5,243.5,49.0,12176.5,135
2023-05-11 09:42:44,PK311C11000,花生2311购11000,248.0,0.0,0.0,0.0,20,223.0,234.0,20,210.5,243.5,257.5,243.5,49.0,12176.5,135
2023-05-11 09:42:46,PK311C11000,花生2311购11000,248.0,0.0,0.0,0.0,30,223.0,234.0,20,210.5,243.5,257.5,243.5,49.0,12176.5,135
2023-05-11 09:42:48,PK311C11000,花生2311购11000,248.0,0.0,0.0,0.0,20,223.0,234.0,20,210.5,243.5,257.5,243.5,49.0,12176.5,135
2023-05-11 09:42:49,PK311C11000,花生2311购11000,248.0,0.0,0.0,0.0,30,223.0,234.0,20,210.5,243.5,257.5,243.5,49.0,12176.5,135
2023-05-11 09:42:49,PK311C11000,花生2311购11000,248.0,0.0,0.0,0.0,20,223.0,234.0,20,210.5,243.5,257.5,243.5,49.0,12176.5,135
2023-05-11 09:42:50,PK311C11000,花生2311购11000,248.0,0.0,0.0,0.0,30,223.0,234.0,20,210.5,243.5,257.5,243.5,49.0,12176.5,135
2023-05-11 09:43:05,PK311C11000,花生2311购11000,248.0,0.0,0.0,0.0,10,225.0,234.0,20,210.5,243.5,257.5,243.5,49.0,12176.5,135
2023-05-11 09:43:06,PK311C11000,花生2311购11000,248.0,0.0,0.0,0.0,10,225.0,234.0,10,210.5,243.5,257.5,243.5,49.0,12176.5,135
2023-05-11 09:43:06,PK311C11000,花生2311购11000,248.0,0.0,0.0,0.0,20,225.0,236.0,30,210.5,243.5,257.5,243.5,49.0,12176.5,135
2023-05-11 09:43:07,PK311C11000,花生2311购11000,248.0,0.0,0.0,0.0,30,225.0,236.0,20,210.5,243.5,257.5,243.5,49.0,12176.5,135
2023-05-11 09:43:08,PK311C11000,花生2311购11000,248.0,0.0,0.0,0.0,40,225.0,236.5,30,210.5,243.5,257.5,243.5,49.0,12176.5,135
2023-05-11 09:43:10,PK311C11000,花生2311购11000,248.0,0.0,0.0,0.0,30,225.0,236.0,10,210.5,243.5,257.5,243.5,49.0,12176.5,135
2023-05-11 09:43:16,PK311C11000,花生2311购11000,248.0,0.0,0.0,0.0,40,225.0,236.5,30,210.5,243.5,257.5,243.5,49.0,12176.5,135
2023-05-11 09:43:17,PK311C11000,花生2311购11000,248.0,0.0,0.0,0.0,10,225.0,233.5,10,210.5,243.5,257.5,243.5,49.0,12176.5,135
2023-05-11 09:43:18,PK311C11000,花生2311购11000,248.0,0.0,0.0,0.0,10,222.5,231.0,10,210.5,243.5,257.5,243.5,49.0,12176.5,135
2023-05-11 09:43:19,PK311C11000,花生2311购11000,248.0,0.0,0.0,0.0,10,222.5,228.5,10,210.5,243.5,257.5,243.5,49.0,12176.5,135
2023-05-11 09:43:19,PK311C11000,花生2311购11000,248.0,0.0,0.0,0.0,10,220.5,228.5,10,210.5,243.5,257.5,243.5,49.0,12176.5,135
2023-05-11 09:43:20,PK311C11000,花生2311购11000,248.0,0.0,0.0,0.0,20,220.5,228.5,10,210.5,243.5,257.5,243.5,49.0,12176.5,135
2023-05-11 09:43:20,PK311C11000,花生2311购11000,248.0,0.0,0.0,0.0,10,220.5,231.0,20,210.5,243.5,257.5,243.5,49.0,12176.5,135
2023-05-11 09:43:22,PK311C11000,花生2311购11000,248.0,0.0,0.0,0.0,30,220.5,231.0,30,210.5,243.5,257.5,243.5,49.0,12176.5,135
2023-05-11 09:43:22,PK311C11000,花生2311购11000,248.0,0.0,0.0,0.0,20,220.5,231.0,30,210.5,243.5,257.5,243.5,49.0,12176.5,135
2023-05-11 09:43:23,PK311C11000,花生2311购11000,248.0,0.0,0.0,0.0,30,220.5,231.0,30,210.5,243.5,257.5,243.5,49.0,12176.5,135
2023-05-11 09:43:26,PK311C11000,花生2311购11000,248.0,0.0,0.0,0.0,30,220.5,231.0,40,210.5,243.5,257.5,243.5,49.0,12176.5,135
2023-05-11 09:43:28,PK311C11000,花生2311购11000,248.0,0.0,0.0,0.0,20,220.5,229.0,10,210.5,243.5,257.5,243.5,49.0,12176.5,135
2023-05-11 09:43:28,PK311C11000,花生2311购11000,248.0,0.0,0.0,0.0,20,220.5,229.0,30,210.5,243.5,257.5,243.5,49.0,12176.5,135
2023-05-11 09:43:29,PK311C11000,花生2311购11000,248.0,0.0,0.0,0.0,30,220.5,229.0,30,210.5,243.5,257.5,243.5,49.0,12176.5,135
2023-05-11 09:43:30,PK311C11000,花生2311购11000,248.0,0.0,0.0,0.0,20,220.5,229.0,30,210.5,243.5,257.5,243.5,49.0,12176.5,135
2023-05-11 09:43:31,PK311C11000,花生2311购11000,248.0,0.0,0.0,0.0,10,220.5,229.0,30,210.5,243.5,257.5,243.5,49.0,12176.5,135
2023-05-11 09:43:32,PK311C11000,花生2311购11000,248.0,0.0,0.0,0.0,20,220.5,231.0,20,210.5,243.5,257.5,243.5,49.0,12176.5,135
2023-05-11 09:43:33,PK311C11000,花生2311购11000,248.0,0.0,0.0,0.0,10,220.5,231.0,20,210.5,243.5,257.5,243.5,49.0,12176.5,135
2023-05-11 09:43:34,PK311C11000,花生2311购11000,248.0,0.0,0.0,0.0,20,219.0,229.0,30,210.5,243.5,257.5,243.5,49.0,12176.5,135
2023-05-11 09:43:34,PK311C11000,花生2311购11000,248.0,0.0,0.0,0.0,20,218.0,229.0,10,210.5,243.5,257.5,243.5,49.0,12176.5,135
2023-05-11 09:43:34,PK311C11000,花生2311购11000,248.0,0.0,0.0,0.0,30,218.0,229.0,20,210.5,243.5,257.5,243.5,49.0,12176.5,135
2023-05-11 09:43:36,PK311C11000,花生2311购11000,248.0,0.0,0.0,0.0,40,218.0,229.0,20,210.5,243.5,257.5,243.5,49.0,12176.5,135
2023-05-11 09:43:36,PK311C11000,花生2311购11000,248.0,0.0,0.0,0.0,50,218.0,229.0,30,210.5,243.5,257.5,243.5,49.0,12176.5,135
2023-05-11 09:43:52,PK311C11000,花生2311购11000,248.0,0.0,0.0,0.0,40,218.0,229.0,30,210.5,243.5,257.5,243.5,49.0,12176.5,135
2023-05-11 09:43:53,PK311C11000,花生2311购11000,248.0,0.0,0.0,0.0,50,218.0,229.0,30,210.5,243.5,257.5,243.5,49.0,12176.5,135
2023-05-11 09:43:53,PK311C11000,花生2311购11000,248.0,0.0,0.0,0.0,50,218.0,229.0,40,210.5,243.5,257.5,243.5,49.0,12176.5,135
2023-05-11 09:43:54,PK311C11000,花生2311购11000,248.0,0.0,0.0,0.0,50,218.0,229.0,30,210.5,243.5,257.5,243.5,49.0,12176.5,135
2023-05-11 09:43:56,PK311C11000,花生2311购11000,248.0,0.0,0.0,0.0,40,218.0,227.0,10,210.5,243.5,257.5,243.5,49.0,12176.5,135
2023-05-11 09:43:56,PK311C11000,花生2311购11000,248.0,0.0,0.0,0.0,40,218.0,227.0,20,210.5,243.5,257.5,243.5,49.0,12176.5,135
2023-05-11 09:43:57,PK311C11000,花生2311购11000,248.0,0.0,0.0,0.0,30,218.0,227.0,20,210.5,243.5,257.5,243.5,49.0,12176.5,135
2023-05-11 09:43:57,PK311C11000,花生2311购11000,248.0,0.0,0.0,0.0,20,218.0,227.0,30,210.5,243.5,257.5,243.5,49.0,12176.5,135
2023-05-11 09:43:58,PK311C11000,花生2311购11000,248.0,0.0,0.0,0.0,30,218.0,227.0,10,210.5,243.5,257.5,243.5,49.0,12176.5,135
2023-05-11 09:43:59,PK311C11000,花生2311购11000,248.0,0.0,0.0,0.0,40,218.0,229.0,20,210.5,243.5,257.5,243.5,49.0,12176.5,135
2023-05-11 09:43:59,PK311C11000,花生2311购11000,248.0,0.0,0.0,0.0,20,218.0,229.0,20,210.5,243.5,257.5,243.5,49.0,12176.5,135
2023-05-11 09:44:00,PK311C11000,花生2311购11000,248.0,0.0,0.0,0.0,30,218.0,229.0,30,210.5,243.5,257.5,243.5,49.0,12176.5,135
2023-05-11 09:44:01,PK311C11000,花生2311购11000,248.0,0.0,0.0,0.0,50,218.0,229.0,20,210.5,243.5,257.5,243.5,49.0,12176.5,135
2023-05-11 09:44:01,PK311C11000,花生2311购11000,248.0,0.0,0.0,0.0,40,218.0,229.0,20,210.5,243.5,257.5,243.5,49.0,12176.5,135
2023-05-11 09:44:02,PK311C11000,花生2311购11000,248.0,0.0,0.0,0.0,50,218.0,229.0,20,210.5,243.5,257.5,243.5,49.0,12176.5,135
2023-05-11 09:44:03,PK311C11000,花生2311购11000,248.0,0.0,0.0,0.0,30,220.5,229.0,20,210.5,243.5,257.5,243.5,49.0,12176.5,135
2023-05-11 09:44:04,PK311C11000,花生2311购11000,248.0,0.0,0.0,0.0,30,220.5,230.0,10,210.5,243.5,257.5,243.5,49.0,12176.5,135
2023-05-11 09:44:05,PK311C11000,花生2311购11000,248.0,0.0,0.0,0.0,30,220.5,231.0,20,210.5,243.5,257.5,243.5,49.0,12176.5,135
2023-05-11 09:44:05,PK311C11000,花生2311购11000,248.0,0.0,0.0,0.0,30,220.5,232.0,20,210.5,243.5,257.5,243.5,49.0,12176.5,135
2023-05-11 09:44:06,PK311C11000,花生2311购11000,248.0,0.0,0.0,0.0,40,220.5,232.0,30,210.5,243.5,257.5,243.5,49.0,12176.5,135
2023-05-11 09:44:06,PK311C11000,花生2311购11000,248.0,0.0,0.0,0.0,50,220.5,232.0,40,210.5,243.5,257.5,243.5,49.0,12176.5,135
2023-05-11 09:44:08,PK311C11000,花生2311购11000,248.0,0.0,0.0,0.0,40,220.5,232.0,20,210.5,243.5,257.5,243.5,49.0,12176.5,135
2023-05-11 09:44:08,PK311C11000,花生2311购11000,248.0,0.0,0.0,0.0,20,220.5,230.5,10,210.5,243.5,257.5,243.5,49.0,12176.5,135
2023-05-11 09:44:10,PK311C11000,花生2311购11000,248.0,0.0,0.0,0.0,20,220.5,230.5,20,210.5,243.5,257.5,243.5,49.0,12176.5,135
2023-05-11 09:44:12,PK311C11000,花生2311购11000,248.0,0.0,0.0,0.0,20,220.5,230.5,30,210.5,243.5,257.5,243.5,49.0,12176.5,135
2023-05-11 09:44:12,PK311C11000,花生2311购11000,248.0,0.0,0.0,0.0,30,220.5,230.5,20,210.5,243.5,257.5,243.5,49.0,12176.5,135
2023-05-11 09:44:18,PK311C11000,花生2311购11000,248.0,0.0,0.0,0.0,30,220.5,230.5,30,210.5,243.5,257.5,243.5,49.0,12176.5,135
2023-05-11 09:44:18,PK311C11000,花生2311购11000,248.0,0.0,0.0,0.0,10,220.5,230.0,10,210.5,243.5,257.5,243.5,49.0,12176.5,135
2023-05-11 09:44:19,PK311C11000,花生2311购11000,248.0,0.0,0.0,0.0,20,220.0,230.0,30,210.5,243.5,257.5,243.5,49.0,12176.5,135
2023-05-11 09:44:23,PK311C11000,花生2311购11000,248.0,0.0,0.0,0.0,30,220.0,230.0,30,210.5,243.5,257.5,243.5,49.0,12176.5,135
2023-05-11 09:44:24,PK311C11000,花生2311购11000,248.0,0.0,0.0,0.0,30,220.0,230.0,40,210.5,243.5,257.5,243.5,49.0,12176.5,135
2023-05-11 09:44:25,PK311C11000,花生2311购11000,248.0,0.0,0.0,0.0,20,220.0,230.0,40,210.5,243.5,257.5,243.5,49.0,12176.5,135
2023-05-11 09:44:28,PK311C11000,花生2311购11000,248.0,0.0,0.0,0.0,20,219.5,227.5,10,210.5,243.5,257.5,243.5,49.0,12176.5,135
2023-05-11 09:44:29,PK311C11000,花生2311购11000,248.0,0.0,0.0,0.0,20,219.0,227.5,30,210.5,243.5,257.5,243.5,49.0,12176.5,135
2023-05-11 09:44:31,PK311C11000,花生2311购11000,248.0,0.0,0.0,0.0,10,218.5,227.5,40,210.5,243.5,257.5,243.5,49.0,12176.5,135
2023-05-11 09:44:31,PK311C11000,花生2311购11000,248.0,0.0,0.0,0.0,10,218.0,227.5,50,210.5,243.5,257.5,243.5,49.0,12176.5,135
2023-05-11 09:44:31,PK311C11000,花生2311购11000,248.0,0.0,0.0,0.0,20,217.5,227.5,50,210.5,243.5,257.5,243.5,49.0,12176.5,135
2023-05-11 09:44:32,PK311C11000,花生2311购11000,248.0,0.0,0.0,0.0,20,217.5,227.5,30,210.5,243.5,257.5,243.5,49.0,12176.5,135
2023-05-11 09:44:33,PK311C11000,花生2311购11000,248.0,0.0,0.0,0.0,20,218.0,227.5,20,210.5,243.5,257.5,243.5,49.0,12176.5,135
2023-05-11 09:44:36,PK311C11000,花生2311购11000,248.0,0.0,0.0,0.0,30,218.0,227.5,20,210.5,243.5,257.5,243.5,49.0,12176.5,135
2023-05-11 09:44:52,PK311C11000,花生2311购11000,248.0,0.0,0.0,0.0,30,217.0,226.0,20,210.5,243.5,257.5,243.5,49.0,12176.5,135
2023-05-11 09:44:53,PK311C11000,花生2311购11000,248.0,0.0,0.0,0.0,20,217.0,226.0,20,210.5,243.5,257.5,243.5,49.0,12176.5,135
2023-05-11 09:44:54,PK311C11000,花生2311购11000,248.0,0.0,0.0,0.0,20,217.0,226.0,10,210.5,243.5,257.5,243.5,49.0,12176.5,135
2023-05-11 09:44:54,PK311C11000,花生2311购11000,248.0,0.0,0.0,0.0,20,217.0,227.5,20,210.5,243.5,257.5,243.5,49.0,12176.5,135
2023-05-11 09:44:57,PK311C11000,花生2311购11000,248.0,0.0,0.0,0.0,20,217.0,227.5,30,210.5,243.5,257.5,243.5,49.0,12176.5,135
2023-05-11 09:44:57,PK311C11000,花生2311购11000,248.0,0.0,0.0,0.0,20,217.0,227.5,20,210.5,243.5,257.5,243.5,49.0,12176.5,135
2023-05-11 09:44:58,PK311C11000,花生2311购11000,248.0,0.0,0.0,0.0,30,217.0,227.5,20,210.5,243.5,257.5,243.5,49.0,12176.5,135
2023-05-11 09:45:00,PK311C11000,花生2311购11000,248.0,0.0,0.0,0.0,10,218.5,227.5,20,210.5,243.5,257.5,243.5,49.0,12176.5,135
2023-05-11 09:45:00,PK311C11000,花生2311购11000,248.0,0.0,0.0,0.0,40,218.5,227.5,20,210.5,243.5,257.5,243.5,49.0,12176.5,135
2023-05-11 09:45:04,PK311C11000,花生2311购11000,248.0,0.0,0.0,0.0,10,221.0,228.0,20,210.5,243.5,257.5,243.5,49.0,12176.5,135
2023-05-11 09:45:04,PK311C11000,花生2311购11000,248.0,0.0,0.0,0.0,20,221.0,228.0,20,210.5,243.5,257.5,243.5,49.0,12176.5,135
2023-05-11 09:45:05,PK311C11000,花生2311购11000,248.0,0.0,0.0,0.0,40,221.0,228.0,10,210.5,243.5,257.5,243.5,49.0,12176.5,135
2023-05-11 09:45:05,PK311C11000,花生2311购11000,248.0,0.0,0.0,0.0,50,221.0,228.5,20,210.5,243.5,257.5,243.5,49.0,12176.5,135
2023-05-11 09:45:06,PK311C11000,花生2311购11000,248.0,0.0,0.0,0.0,20,221.0,228.5,30,210.5,243.5,257.5,243.5,49.0,12176.5,135
2023-05-11 09:45:06,PK311C11000,花生2311购11000,248.0,0.0,0.0,0.0,20,220.0,228.5,30,210.5,243.5,257.5,243.5,49.0,12176.5,135
2023-05-11 09:45:09,PK311C11000,花生2311购11000,248.0,0.0,0.0,0.0,20,220.0,228.5,20,210.5,243.5,257.5,243.5,49.0,12176.5,135
2023-05-11 09:45:16,PK311C11000,花生2311购11000,248.0,0.0,0.0,0.0,20,220.0,227.5,10,210.5,243.5,257.5,243.5,49.0,12176.5,135
2023-05-11 09:45:17,PK311C11000,花生2311购11000,248.0,0.0,0.0,0.0,30,220.0,227.5,10,210.5,243.5,257.5,243.5,49.0,12176.5,135
2023-05-11 09:45:20,PK311C11000,花生2311购11000,248.0,0.0,0.0,0.0,20,220.0,227.5,10,210.5,243.5,257.5,243.5,49.0,12176.5,135
2023-05-11 09:45:21,PK311C11000,花生2311购11000,248.0,0.0,0.0,0.0,20,220.0,228.5,30,210.5,243.5,257.5,243.5,49.0,12176.5,135
2023-05-11 09:45:25,PK311C11000,花生2311购11000,248.0,0.0,0.0,0.0,20,220.0,228.0,10,210.5,243.5,257.5,243.5,49.0,12176.5,135
2023-05-11 09:45:32,PK311C11000,花生2311购11000,248.0,0.0,0.0,0.0,20,220.0,228.0,20,210.5,243.5,257.5,243.5,49.0,12176.5,135
2023-05-11 09:45:35,PK311C11000,花生2311购11000,248.0,0.0,0.0,0.0,20,220.0,228.0,10,210.5,243.5,257.5,243.5,49.0,12176.5,135
2023-05-11 09:45:36,PK311C11000,花生2311购11000,248.0,0.0,0.0,0.0,20,220.0,228.0,20,210.5,243.5,257.5,243.5,49.0,12176.5,135
2023-05-11 09:45:38,PK311C11000,花生2311购11000,248.0,0.0,0.0,0.0,20,220.0,228.0,10,210.5,243.5,257.5,243.5,49.0,12176.5,135
2023-05-11 09:45:47,PK311C11000,花生2311购11000,248.0,0.0,0.0,0.0,30,220.0,228.0,10,210.5,243.5,257.5,243.5,49.0,12176.5,135
2023-05-11 09:45:47,PK311C11000,花生2311购11000,248.0,0.0,0.0,0.0,20,220.0,228.0,10,210.5,243.5,257.5,243.5,49.0,12176.5,135
2023-05-11 09:45:50,PK311C11000,花生2311购11000,248.0,0.0,0.0,0.0,30,219.5,228.0,30,210.5,243.5,257.5,243.5,49.0,12176.5,135
2023-05-11 09:45:51,PK311C11000,花生2311购11000,248.0,0.0,0.0,0.0,30,219.5,228.0,20,210.5,243.5,257.5,243.5,49.0,12176.5,135
2023-05-11 09:45:53,PK311C11000,花生2311购11000,248.0,0.0,0.0,0.0,20,219.5,228.0,30,210.5,243.5,257.5,243.5,49.0,12176.5,135
2023-05-11 09:45:55,PK311C11000,花生2311购11000,248.0,0.0,0.0,0.0,20,219.5,228.0,20,210.5,243.5,257.5,243.5,49.0,12176.5,135
2023-05-11 09:46:04,PK311C11000,花生2311购11000,248.0,0.0,0.0,0.0,10,222.5,228.0,20,210.5,243.5,257.5,243.5,49.0,12176.5,135
2023-05-11 09:46:04,PK311C11000,花生2311购11000,248.0,0.0,0.0,0.0,20,222.5,228.0,20,210.5,243.5,257.5,243.5,49.0,12176.5,135
2023-05-11 09:46:16,PK311C11000,花生2311购11000,248.0,0.0,0.0,0.0,30,222.5,228.0,20,210.5,243.5,257.5,243.5,49.0,12176.5,135
2023-05-11 09:46:21,PK311C11000,花生2311购11000,248.0,0.0,0.0,0.0,20,222.5,228.0,20,210.5,243.5,257.5,243.5,49.0,12176.5,135
2023-05-11 09:46:32,PK311C11000,花生2311购11000,248.0,0.0,0.0,0.0,30,222.5,228.0,20,210.5,243.5,257.5,243.5,49.0,12176.5,135
2023-05-11 09:46:37,PK311C11000,花生2311购11000,248.0,0.0,0.0,0.0,20,222.5,228.0,20,210.5,243.5,257.5,243.5,49.0,12176.5,135
2023-05-11 09:46:39,PK311C11000,花生2311购11000,248.0,0.0,0.0,0.0,30,222.5,228.0,20,210.5,243.5,257.5,243.5,49.0,12176.5,135
2023-05-11 09:46:53,PK311C11000,花生2311购11000,248.0,0.0,0.0,0.0,20,222.5,228.0,20,210.5,243.5,257.5,243.5,49.0,12176.5,135
2023-05-11 09:47:01,PK311C11000,花生2311购11000,248.0,0.0,0.0,0.0,30,222.5,228.0,20,210.5,243.5,257.5,243.5,49.0,12176.5,135
2023-05-11 09:47:01,PK311C11000,花生2311购11000,248.0,0.0,0.0,0.0,40,222.5,228.0,10,210.5,243.5,257.5,243.5,49.0,12176.5,135
2023-05-11 09:47:02,PK311C11000,花生2311购11000,248.0,0.0,0.0,0.0,40,222.5,229.0,20,210.5,243.5,257.5,243.5,49.0,12176.5,135
2023-05-11 09:47:02,PK311C11000,花生2311购11000,248.0,0.0,0.0,0.0,30,222.5,229.0,20,210.5,243.5,257.5,243.5,49.0,12176.5,135
2023-05-11 09:47:08,PK311C11000,花生2311购11000,248.0,0.0,0.0,0.0,20,222.5,229.0,20,210.5,243.5,257.5,243.5,49.0,12176.5,135
2023-05-11 09:47:12,PK311C11000,花生2311购11000,248.0,0.0,0.0,0.0,30,222.5,229.0,20,210.5,243.5,257.5,243.5,49.0,12176.5,135
2023-05-11 09:47:13,PK311C11000,花生2311购11000,248.0,0.0,0.0,0.0,20,223.5,229.0,20,210.5,243.5,257.5,243.5,49.0,12176.5,135
2023-05-11 09:47:13,PK311C11000,花生2311购11000,248.0,0.0,0.0,0.0,20,223.5,229.0,10,210.5,243.5,257.5,243.5,49.0,12176.5,135
2023-05-11 09:47:14,PK311C11000,花生2311购11000,248.0,0.0,0.0,0.0,20,223.5,230.5,10,210.5,243.5,257.5,243.5,49.0,12176.5,135
2023-05-11 09:47:14,PK311C11000,花生2311购11000,248.0,0.0,0.0,0.0,30,223.5,230.5,20,210.5,243.5,257.5,243.5,49.0,12176.5,135
2023-05-11 09:47:18,PK311C11000,花生2311购11000,248.0,0.0,0.0,0.0,20,223.5,230.5,20,210.5,243.5,257.5,243.5,49.0,12176.5,135
2023-05-11 09:47:34,PK311C11000,花生2311购11000,248.0,0.0,0.0,0.0,30,223.5,230.5,20,210.5,243.5,257.5,243.5,49.0,12176.5,135
2023-05-11 09:47:34,PK311C11000,花生2311购11000,248.0,0.0,0.0,0.0,10,225.5,230.5,20,210.5,243.5,257.5,243.5,49.0,12176.5,135
2023-05-11 09:47:35,PK311C11000,花生2311购11000,248.0,0.0,0.0,0.0,20,225.5,230.5,20,210.5,243.5,257.5,243.5,49.0,12176.5,135
2023-05-11 09:47:39,PK311C11000,花生2311购11000,248.0,0.0,0.0,0.0,30,225.5,230.5,20,210.5,243.5,257.5,243.5,49.0,12176.5,135
2023-05-11 09:47:43,PK311C11000,花生2311购11000,248.0,0.0,0.0,0.0,20,225.5,231.0,10,210.5,243.5,257.5,243.5,49.0,12176.5,135
2023-05-11 09:47:44,PK311C11000,花生2311购11000,248.0,0.0,0.0,0.0,10,225.5,231.0,10,210.5,243.5,257.5,243.5,49.0,12176.5,135
2023-05-11 09:47:44,PK311C11000,花生2311购11000,248.0,0.0,0.0,0.0,10,225.5,232.0,20,210.5,243.5,257.5,243.5,49.0,12176.5,135
2023-05-11 09:47:44,PK311C11000,花生2311购11000,248.0,0.0,0.0,0.0,20,225.5,232.0,40,210.5,243.5,257.5,243.5,49.0,12176.5,135
2023-05-11 09:47:46,PK311C11000,花生2311购11000,248.0,0.0,0.0,0.0,20,225.5,232.0,30,210.5,243.5,257.5,243.5,49.0,12176.5,135
2023-05-11 09:47:55,PK311C11000,花生2311购11000,248.0,0.0,0.0,0.0,30,225.5,232.0,20,210.5,243.5,257.5,243.5,49.0,12176.5,135
2023-05-11 09:47:56,PK311C11000,花生2311购11000,248.0,0.0,0.0,0.0,20,225.5,232.0,20,210.5,243.5,257.5,243.5,49.0,12176.5,135
2023-05-11 09:47:59,PK311C11000,花生2311购11000,248.0,0.0,0.0,0.0,30,225.5,232.0,20,210.5,243.5,257.5,243.5,49.0,12176.5,135
2023-05-11 09:48:00,PK311C11000,花生2311购11000,248.0,0.0,0.0,0.0,10,227.5,232.0,20,210.5,243.5,257.5,243.5,49.0,12176.5,135
2023-05-11 09:48:00,PK311C11000,花生2311购11000,248.0,0.0,0.0,0.0,10,227.5,232.0,10,210.5,243.5,257.5,243.5,49.0,12176.5,135
2023-05-11 09:48:01,PK311C11000,花生2311购11000,248.0,0.0,0.0,0.0,30,227.5,233.5,20,210.5,243.5,257.5,243.5,49.0,12176.5,135
2023-05-11 09:48:01,PK311C11000,花生2311购11000,248.0,0.0,0.0,0.0,40,227.5,233.5,20,210.5,243.5,257.5,243.5,49.0,12176.5,135
2023-05-11 09:48:02,PK311C11000,花生2311购11000,248.0,0.0,0.0,0.0,30,227.5,233.5,20,210.5,243.5,257.5,243.5,49.0,12176.5,135
2023-05-11 09:48:02,PK311C11000,花生2311购11000,248.0,0.0,0.0,0.0,20,227.5,233.5,20,210.5,243.5,257.5,243.5,49.0,12176.5,135
2023-05-11 09:48:10,PK311C11000,花生2311购11000,248.0,0.0,0.0,0.0,30,227.5,233.5,20,210.5,243.5,257.5,243.5,49.0,12176.5,135
2023-05-11 09:48:12,PK311C11000,花生2311购11000,248.0,0.0,0.0,0.0,20,227.5,233.5,20,210.5,243.5,257.5,243.5,49.0,12176.5,135
2023-05-11 09:48:26,PK311C11000,花生2311购11000,248.0,0.0,0.0,0.0,30,227.5,233.5,20,210.5,243.5,257.5,243.5,49.0,12176.5,135
2023-05-11 09:48:36,PK311C11000,花生2311购11000,248.0,0.0,0.0,0.0,20,227.5,233.5,20,210.5,243.5,257.5,243.5,49.0,12176.5,135
2023-05-11 09:48:37,PK311C11000,花生2311购11000,248.0,0.0,0.0,0.0,10,227.5,233.0,10,210.5,243.5,257.5,243.5,49.0,12176.5,135
2023-05-11 09:48:37,PK311C11000,花生2311购11000,248.0,0.0,0.0,0.0,10,226.0,233.0,10,210.5,243.5,257.5,243.5,49.0,12176.5,135
2023-05-11 09:48:39,PK311C11000,花生2311购11000,248.0,0.0,0.0,0.0,20,226.0,233.0,20,210.5,243.5,257.5,243.5,49.0,12176.5,135
2023-05-11 09:48:42,PK311C11000,花生2311购11000,248.0,0.0,0.0,0.0,10,227.5,233.0,10,210.5,243.5,257.5,243.5,49.0,12176.5,135
2023-05-11 09:48:44,PK311C11000,花生2311购11000,248.0,0.0,0.0,0.0,20,227.5,233.0,10,210.5,243.5,257.5,243.5,49.0,12176.5,135
2023-05-11 09:48:44,PK311C11000,花生2311购11000,248.0,0.0,0.0,0.0,30,227.5,233.0,20,210.5,243.5,257.5,243.5,49.0,12176.5,135
2023-05-11 09:48:47,PK311C11000,花生2311购11000,248.0,0.0,0.0,0.0,20,227.5,233.0,20,210.5,243.5,257.5,243.5,49.0,12176.5,135
2023-05-11 09:49:09,PK311C11000,花生2311购11000,248.0,0.0,0.0,0.0,20,227.5,233.5,10,210.5,243.5,257.5,243.5,49.0,12176.5,135
2023-05-11 09:49:09,PK311C11000,花生2311购11000,248.0,0.0,0.0,0.0,20,227.5,235.0,10,210.5,243.5,257.5,243.5,49.0,12176.5,135
2023-05-11 09:49:10,PK311C11000,花生2311购11000,248.0,0.0,0.0,0.0,10,229.5,236.0,30,210.5,243.5,257.5,243.5,49.0,12176.5,135
2023-05-11 09:49:10,PK311C11000,花生2311购11000,248.0,0.0,0.0,0.0,20,229.5,236.0,30,210.5,243.5,257.5,243.5,49.0,12176.5,135
2023-05-11 09:49:14,PK311C11000,花生2311购11000,248.0,0.0,0.0,0.0,10,227.5,236.0,40,210.5,243.5,257.5,243.5,49.0,12176.5,135
2023-05-11 09:49:14,PK311C11000,花生2311购11000,248.0,0.0,0.0,0.0,10,227.5,236.0,50,210.5,243.5,257.5,243.5,49.0,12176.5,135
2023-05-11 09:49:16,PK311C11000,花生2311购11000,248.0,0.0,0.0,0.0,10,227.5,236.0,40,210.5,243.5,257.5,243.5,49.0,12176.5,135
2023-05-11 09:49:16,PK311C11000,花生2311购11000,248.0,0.0,0.0,0.0,10,227.5,236.0,30,210.5,243.5,257.5,243.5,49.0,12176.5,135
2023-05-11 09:49:16,PK311C11000,花生2311购11000,248.0,0.0,0.0,0.0,20,227.5,236.0,40,210.5,243.5,257.5,243.5,49.0,12176.5,135
2023-05-11 09:49:18,PK311C11000,花生2311购11000,248.0,0.0,0.0,0.0,20,227.5,236.0,50,210.5,243.5,257.5,243.5,49.0,12176.5,135
2023-05-11 09:49:21,PK311C11000,花生2311购11000,248.0,0.0,0.0,0.0,20,227.5,236.0,60,210.5,243.5,257.5,243.5,49.0,12176.5,135
2023-05-11 09:49:23,PK311C11000,花生2311购11000,248.0,0.0,0.0,0.0,20,227.5,236.0,50,210.5,243.5,257.5,243.5,49.0,12176.5,135
2023-05-11 09:49:25,PK311C11000,花生2311购11000,248.0,0.0,0.0,0.0,20,227.5,236.0,40,210.5,243.5,257.5,243.5,49.0,12176.5,135
2023-05-11 09:50:06,PK311C11000,花生2311购11000,248.0,0.0,0.0,0.0,50,227.5,236.0,30,210.5,243.5,257.5,243.5,49.0,12176.5,135
2023-05-11 09:50:07,PK311C11000,花生2311购11000,248.0,0.0,0.0,0.0,30,227.5,236.0,30,210.5,243.5,257.5,243.5,49.0,12176.5,135
2023-05-11 09:50:07,PK311C11000,花生2311购11000,248.0,0.0,0.0,0.0,20,229.5,236.0,30,210.5,243.5,257.5,243.5,49.0,12176.5,135
2023-05-11 09:50:08,PK311C11000,花生2311购11000,248.0,0.0,0.0,0.0,20,229.5,236.0,20,210.5,243.5,257.5,243.5,49.0,12176.5,135
2023-05-11 09:50:17,PK311C11000,花生2311购11000,248.0,0.0,0.0,0.0,30,229.5,236.0,20,210.5,243.5,257.5,243.5,49.0,12176.5,135
2023-05-11 09:50:20,PK311C11000,花生2311购11000,248.0,0.0,0.0,0.0,20,229.5,236.0,20,210.5,243.5,257.5,243.5,49.0,12176.5,135
2023-05-11 09:51:01,PK311C11000,花生2311购11000,248.0,0.0,0.0,0.0,30,229.5,236.0,20,210.5,243.5,257.5,243.5,49.0,12176.5,135
2023-05-11 09:51:03,PK311C11000,花生2311购11000,248.0,0.0,0.0,0.0,20,229.5,236.0,20,210.5,243.5,257.5,243.5,49.0,12176.5,135
2023-05-11 09:51:04,PK311C11000,花生2311购11000,229.5,10.0,2278.5,7.0,10,226.0,235.5,30,210.5,243.5,257.5,229.5,59.0,14455.0,142
2023-05-11 09:51:05,PK311C11000,花生2311购11000,229.5,0.0,0.0,0.0,20,225.5,235.5,20,210.5,243.5,257.5,229.5,59.0,14455.0,142
2023-05-11 09:51:05,PK311C11000,花生2311购11000,229.5,0.0,0.0,0.0,30,225.5,235.5,30,210.5,243.5,257.5,229.5,59.0,14455.0,142
2023-05-11 09:51:06,PK311C11000,花生2311购11000,229.5,0.0,0.0,0.0,10,226.0,235.5,10,210.5,243.5,257.5,229.5,59.0,14455.0,142
2023-05-11 09:51:06,PK311C11000,花生2311购11000,229.5,0.0,0.0,0.0,30,226.0,236.0,20,210.5,243.5,257.5,229.5,59.0,14455.0,142
2023-05-11 09:51:07,PK311C11000,花生2311购11000,229.5,0.0,0.0,0.0,20,226.0,236.0,20,210.5,243.5,257.5,229.5,59.0,14455.0,142
2023-05-11 09:51:08,PK311C11000,花生2311购11000,229.5,0.0,0.0,0.0,20,226.0,236.0,30,210.5,243.5,257.5,229.5,59.0,14455.0,142
2023-05-11 09:51:10,PK311C11000,花生2311购11000,229.5,0.0,0.0,0.0,20,226.0,236.0,20,210.5,243.5,257.5,229.5,59.0,14455.0,142
2023-05-11 09:51:14,PK311C11000,花生2311购11000,229.5,0.0,0.0,0.0,40,225.5,236.0,30,210.5,243.5,257.5,229.5,59.0,14455.0,142
2023-05-11 09:51:18,PK311C11000,花生2311购11000,229.5,0.0,0.0,0.0,20,225.5,235.5,10,210.5,243.5,257.5,229.5,59.0,14455.0,142
2023-05-11 09:51:18,PK311C11000,花生2311购11000,229.5,0.0,0.0,0.0,20,225.0,235.5,40,210.5,243.5,257.5,229.5,59.0,14455.0,142
2023-05-11 09:51:19,PK311C11000,花生2311购11000,229.5,0.0,0.0,0.0,20,225.0,235.5,30,210.5,243.5,257.5,229.5,59.0,14455.0,142
2023-05-11 09:51:23,PK311C11000,花生2311购11000,229.5,0.0,0.0,0.0,10,225.0,235.5,30,210.5,243.5,257.5,229.5,59.0,14455.0,142
2023-05-11 09:51:23,PK311C11000,花生2311购11000,229.5,0.0,0.0,0.0,40,224.5,235.5,30,210.5,243.5,257.5,229.5,59.0,14455.0,142
2023-05-11 09:51:34,PK311C11000,花生2311购11000,229.5,0.0,0.0,0.0,30,224.5,235.5,30,210.5,243.5,257.5,229.5,59.0,14455.0,142
2023-05-11 09:51:37,PK311C11000,花生2311购11000,229.5,0.0,0.0,0.0,10,225.5,235.5,30,210.5,243.5,257.5,229.5,59.0,14455.0,142
2023-05-11 09:51:38,PK311C11000,花生2311购11000,229.5,0.0,0.0,0.0,10,225.5,235.5,40,210.5,243.5,257.5,229.5,59.0,14455.0,142
2023-05-11 09:51:38,PK311C11000,花生2311购11000,229.5,0.0,0.0,0.0,10,225.5,235.5,30,210.5,243.5,257.5,229.5,59.0,14455.0,142
2023-05-11 09:51:46,PK311C11000,花生2311购11000,229.5,0.0,0.0,0.0,20,225.5,235.5,30,210.5,243.5,257.5,229.5,59.0,14455.0,142
2023-05-11 09:51:47,PK311C11000,花生2311购11000,229.5,0.0,0.0,0.0,10,225.5,235.5,30,210.5,243.5,257.5,229.5,59.0,14455.0,142
2023-05-11 09:52:00,PK311C11000,花生2311购11000,229.5,0.0,0.0,0.0,20,225.0,234.0,10,210.5,243.5,257.5,229.5,59.0,14455.0,142
2023-05-11 09:52:02,PK311C11000,花生2311购11000,229.5,0.0,0.0,0.0,10,225.0,234.0,20,210.5,243.5,257.5,229.5,59.0,14455.0,142
2023-05-11 09:52:03,PK311C11000,花生2311购11000,229.5,0.0,0.0,0.0,20,225.0,234.0,20,210.5,243.5,257.5,229.5,59.0,14455.0,142
2023-05-11 09:52:05,PK311C11000,花生2311购11000,229.5,0.0,0.0,0.0,30,225.0,234.0,20,210.5,243.5,257.5,229.5,59.0,14455.0,142
2023-05-11 09:52:05,PK311C11000,花生2311购11000,229.5,0.0,0.0,0.0,20,225.0,234.0,20,210.5,243.5,257.5,229.5,59.0,14455.0,142
2023-05-11 09:52:07,PK311C11000,花生2311购11000,229.5,0.0,0.0,0.0,30,225.0,234.0,20,210.5,243.5,257.5,229.5,59.0,14455.0,142
2023-05-11 09:52:08,PK311C11000,花生2311购11000,229.5,0.0,0.0,0.0,20,225.0,234.0,20,210.5,243.5,257.5,229.5,59.0,14455.0,142
2023-05-11 09:52:13,PK311C11000,花生2311购11000,229.5,0.0,0.0,0.0,10,225.0,234.0,30,210.5,243.5,257.5,229.5,59.0,14455.0,142
2023-05-11 09:52:14,PK311C11000,花生2311购11000,229.5,0.0,0.0,0.0,10,225.0,234.0,20,210.5,243.5,257.5,229.5,59.0,14455.0,142
2023-05-11 09:52:14,PK311C11000,花生2311购11000,229.5,0.0,0.0,0.0,10,225.0,232.0,10,210.5,243.5,257.5,229.5,59.0,14455.0,142
2023-05-11 09:52:15,PK311C11000,花生2311购11000,229.5,0.0,0.0,0.0,20,225.0,232.0,20,210.5,243.5,257.5,229.5,59.0,14455.0,142
2023-05-11 09:52:28,PK311C11000,花生2311购11000,229.5,0.0,0.0,0.0,30,224.5,232.0,20,210.5,243.5,257.5,229.5,59.0,14455.0,142
2023-05-11 09:52:29,PK311C11000,花生2311购11000,229.5,0.0,0.0,0.0,20,224.5,232.0,20,210.5,243.5,257.5,229.5,59.0,14455.0,142
2023-05-11 09:52:35,PK311C11000,花生2311购11000,229.5,0.0,0.0,0.0,30,224.0,232.0,20,210.5,243.5,257.5,229.5,59.0,14455.0,142
2023-05-11 09:52:36,PK311C11000,花生2311购11000,229.5,0.0,0.0,0.0,10,224.5,231.0,10,210.5,243.5,257.5,229.5,59.0,14455.0,142
2023-05-11 09:52:41,PK311C11000,花生2311购11000,229.5,0.0,0.0,0.0,20,224.5,230.5,20,210.5,243.5,257.5,229.5,59.0,14455.0,142
2023-05-11 09:52:42,PK311C11000,花生2311购11000,229.5,0.0,0.0,0.0,20,224.5,230.5,30,210.5,243.5,257.5,229.5,59.0,14455.0,142
2023-05-11 09:52:43,PK311C11000,花生2311购11000,229.5,0.0,0.0,0.0,20,224.5,230.5,10,210.5,243.5,257.5,229.5,59.0,14455.0,142
2023-05-11 09:52:44,PK311C11000,花生2311购11000,229.5,0.0,0.0,0.0,30,224.5,231.0,10,210.5,243.5,257.5,229.5,59.0,14455.0,142
2023-05-11 09:52:44,PK311C11000,花生2311购11000,229.5,0.0,0.0,0.0,30,224.5,231.0,30,210.5,243.5,257.5,229.5,59.0,14455.0,142
2023-05-11 09:52:53,PK311C11000,花生2311购11000,229.5,0.0,0.0,0.0,20,224.5,231.0,30,210.5,243.5,257.5,229.5,59.0,14455.0,142
2023-05-11 09:52:57,PK311C11000,花生2311购11000,229.5,0.0,0.0,0.0,30,224.5,231.0,30,210.5,243.5,257.5,229.5,59.0,14455.0,142
2023-05-11 09:53:02,PK311C11000,花生2311购11000,229.5,0.0,0.0,0.0,20,224.5,231.0,30,210.5,243.5,257.5,229.5,59.0,14455.0,142
2023-05-11 09:53:02,PK311C11000,花生2311购11000,229.5,0.0,0.0,0.0,20,224.5,230.5,10,210.5,243.5,257.5,229.5,59.0,14455.0,142
2023-05-11 09:53:05,PK311C11000,花生2311购11000,229.5,0.0,0.0,0.0,10,224.5,230.0,10,210.5,243.5,257.5,229.5,59.0,14455.0,142
2023-05-11 09:53:05,PK311C11000,花生2311购11000,229.5,0.0,0.0,0.0,40,223.5,230.0,20,210.5,243.5,257.5,229.5,59.0,14455.0,142
2023-05-11 09:53:06,PK311C11000,花生2311购11000,229.5,0.0,0.0,0.0,30,223.5,230.0,20,210.5,243.5,257.5,229.5,59.0,14455.0,142
2023-05-11 09:53:06,PK311C11000,花生2311购11000,229.5,0.0,0.0,0.0,20,223.5,230.0,20,210.5,243.5,257.5,229.5,59.0,14455.0,142
2023-05-11 09:53:07,PK311C11000,花生2311购11000,229.5,0.0,0.0,0.0,10,223.5,230.0,30,210.5,243.5,257.5,229.5,59.0,14455.0,142
2023-05-11 09:53:07,PK311C11000,花生2311购11000,229.5,0.0,0.0,0.0,40,223.0,230.0,30,210.5,243.5,257.5,229.5,59.0,14455.0,142
2023-05-11 09:53:08,PK311C11000,花生2311购11000,229.5,0.0,0.0,0.0,30,223.0,230.0,30,210.5,243.5,257.5,229.5,59.0,14455.0,142
2023-05-11 09:53:11,PK311C11000,花生2311购11000,229.5,0.0,0.0,0.0,30,223.0,228.5,20,210.5,243.5,257.5,229.5,59.0,14455.0,142
2023-05-11 09:53:14,PK311C11000,花生2311购11000,229.5,0.0,0.0,0.0,20,223.0,228.5,30,210.5,243.5,257.5,229.5,59.0,14455.0,142
2023-05-11 09:53:22,PK311C11000,花生2311购11000,229.5,0.0,0.0,0.0,30,222.5,228.5,40,210.5,243.5,257.5,229.5,59.0,14455.0,142
2023-05-11 09:53:22,PK311C11000,花生2311购11000,229.5,0.0,0.0,0.0,20,222.5,228.5,40,210.5,243.5,257.5,229.5,59.0,14455.0,142
2023-05-11 09:53:32,PK311C11000,花生2311购11000,229.5,0.0,0.0,0.0,30,222.5,228.5,40,210.5,243.5,257.5,229.5,59.0,14455.0,142
2023-05-11 09:53:41,PK311C11000,花生2311购11000,229.5,0.0,0.0,0.0,30,222.5,227.5,20,210.5,243.5,257.5,229.5,59.0,14455.0,142
2023-05-11 09:53:42,PK311C11000,花生2311购11000,229.5,0.0,0.0,0.0,40,222.5,227.5,30,210.5,243.5,257.5,229.5,59.0,14455.0,142
2023-05-11 09:53:44,PK311C11000,花生2311购11000,229.5,0.0,0.0,0.0,30,222.5,227.5,30,210.5,243.5,257.5,229.5,59.0,14455.0,142
2023-05-11 09:53:44,PK311C11000,花生2311购11000,229.5,0.0,0.0,0.0,40,222.5,227.5,30,210.5,243.5,257.5,229.5,59.0,14455.0,142
2023-05-11 09:53:47,PK311C11000,花生2311购11000,229.5,0.0,0.0,0.0,30,222.5,227.5,30,210.5,243.5,257.5,229.5,59.0,14455.0,142
2023-05-11 09:53:48,PK311C11000,花生2311购11000,229.5,0.0,0.0,0.0,20,222.5,227.5,30,210.5,243.5,257.5,229.5,59.0,14455.0,142
2023-05-11 09:54:02,PK311C11000,花生2311购11000,229.5,0.0,0.0,0.0,20,222.5,226.5,30,210.5,243.5,257.5,229.5,59.0,14455.0,142
2023-05-11 09:54:03,PK311C11000,花生2311购11000,229.5,0.0,0.0,0.0,20,222.5,226.5,40,210.5,243.5,257.5,229.5,59.0,14455.0,142
2023-05-11 09:54:05,PK311C11000,花生2311购11000,229.5,0.0,0.0,0.0,20,222.5,226.5,30,210.5,243.5,257.5,229.5,59.0,14455.0,142
2023-05-11 09:54:06,PK311C11000,花生2311购11000,229.5,0.0,0.0,0.0,10,222.5,226.5,30,210.5,243.5,257.5,229.5,59.0,14455.0,142
2023-05-11 09:54:07,PK311C11000,花生2311购11000,229.5,0.0,0.0,0.0,10,222.5,226.0,10,210.5,243.5,257.5,229.5,59.0,14455.0,142
2023-05-11 09:54:14,PK311C11000,花生2311购11000,229.5,0.0,0.0,0.0,10,222.5,226.0,20,210.5,243.5,257.5,229.5,59.0,14455.0,142
2023-05-11 09:54:17,PK311C11000,花生2311购11000,229.5,0.0,0.0,0.0,10,222.5,226.0,30,210.5,243.5,257.5,229.5,59.0,14455.0,142
2023-05-11 09:54:20,PK311C11000,花生2311购11000,229.5,0.0,0.0,0.0,10,222.5,226.0,20,210.5,243.5,257.5,229.5,59.0,14455.0,142
2023-05-11 09:54:30,PK311C11000,花生2311购11000,229.5,0.0,0.0,0.0,10,222.5,226.0,30,210.5,243.5,257.5,229.5,59.0,14455.0,142
2023-05-11 09:54:34,PK311C11000,花生2311购11000,229.5,0.0,0.0,0.0,10,222.5,224.5,10,210.5,243.5,257.5,229.5,59.0,14455.0,142
2023-05-11 09:54:35,PK311C11000,花生2311购11000,229.5,0.0,0.0,0.0,10,220.5,224.5,40,210.5,243.5,257.5,229.5,59.0,14455.0,142
2023-05-11 09:54:35,PK311C11000,花生2311购11000,229.5,0.0,0.0,0.0,10,220.5,224.5,30,210.5,243.5,257.5,229.5,59.0,14455.0,142
2023-05-11 09:54:36,PK311C11000,花生2311购11000,229.5,0.0,0.0,0.0,10,219.5,224.5,20,210.5,243.5,257.5,229.5,59.0,14455.0,142
2023-05-11 09:54:36,PK311C11000,花生2311购11000,229.5,0.0,0.0,0.0,20,219.0,224.5,30,210.5,243.5,257.5,229.5,59.0,14455.0,142
2023-05-11 09:54:38,PK311C11000,花生2311购11000,229.5,0.0,0.0,0.0,10,219.0,224.5,30,210.5,243.5,257.5,229.5,59.0,14455.0,142
2023-05-11 09:54:39,PK311C11000,花生2311购11000,229.5,0.0,0.0,0.0,30,219.0,224.5,30,210.5,243.5,257.5,229.5,59.0,14455.0,142
2023-05-11 09:54:40,PK311C11000,花生2311购11000,229.5,0.0,0.0,0.0,20,219.0,224.5,30,210.5,243.5,257.5,229.5,59.0,14455.0,142
2023-05-11 09:54:43,PK311C11000,花生2311购11000,229.5,0.0,0.0,0.0,10,219.0,223.5,20,210.5,243.5,257.5,229.5,59.0,14455.0,142
2023-05-11 09:54:43,PK311C11000,花生2311购11000,229.5,0.0,0.0,0.0,10,219.0,223.5,30,210.5,243.5,257.5,229.5,59.0,14455.0,142
2023-05-11 09:54:44,PK311C11000,花生2311购11000,229.5,0.0,0.0,0.0,30,218.5,223.5,30,210.5,243.5,257.5,229.5,59.0,14455.0,142
2023-05-11 09:54:50,PK311C11000,花生2311购11000,229.5,0.0,0.0,0.0,30,218.5,223.5,20,210.5,243.5,257.5,229.5,59.0,14455.0,142
2023-05-11 09:54:59,PK311C11000,花生2311购11000,229.5,0.0,0.0,0.0,20,218.0,223.5,30,210.5,243.5,257.5,229.5,59.0,14455.0,142
2023-05-11 09:55:00,PK311C11000,花生2311购11000,229.5,0.0,0.0,0.0,10,218.0,223.5,30,210.5,243.5,257.5,229.5,59.0,14455.0,142
2023-05-11 09:55:00,PK311C11000,花生2311购11000,229.5,0.0,0.0,0.0,20,217.5,223.5,30,210.5,243.5,257.5,229.5,59.0,14455.0,142
2023-05-11 09:55:01,PK311C11000,花生2311购11000,229.5,0.0,0.0,0.0,20,217.0,223.5,30,210.5,243.5,257.5,229.5,59.0,14455.0,142
2023-05-11 09:55:01,PK311C11000,花生2311购11000,229.5,0.0,0.0,0.0,20,217.0,223.5,20,210.5,243.5,257.5,229.5,59.0,14455.0,142
2023-05-11 09:55:02,PK311C11000,花生2311购11000,229.5,0.0,0.0,0.0,10,217.0,223.5,20,210.5,243.5,257.5,229.5,59.0,14455.0,142
2023-05-11 09:55:03,PK311C11000,花生2311购11000,229.5,0.0,0.0,0.0,20,217.0,223.5,20,210.5,243.5,257.5,229.5,59.0,14455.0,142
2023-05-11 09:55:03,PK311C11000,花生2311购11000,229.5,0.0,0.0,0.0,30,217.0,223.5,30,210.5,243.5,257.5,229.5,59.0,14455.0,142
2023-05-11 09:55:04,PK311C11000,花生2311购11000,229.5,0.0,0.0,0.0,40,217.0,223.5,30,210.5,243.5,257.5,229.5,59.0,14455.0,142
2023-05-11 09:55:05,PK311C11000,花生2311购11000,229.5,0.0,0.0,0.0,30,217.0,223.5,30,210.5,243.5,257.5,229.5,59.0,14455.0,142
2023-05-11 09:55:05,PK311C11000,花生2311购11000,229.5,0.0,0.0,0.0,40,217.0,223.5,20,210.5,243.5,257.5,229.5,59.0,14455.0,142
2023-05-11 09:55:06,PK311C11000,花生2311购11000,229.5,0.0,0.0,0.0,40,217.0,222.5,10,210.5,243.5,257.5,229.5,59.0,14455.0,142
2023-05-11 09:55:07,PK311C11000,花生2311购11000,229.5,0.0,0.0,0.0,40,217.0,221.5,10,210.5,243.5,257.5,229.5,59.0,14455.0,142
2023-05-11 09:55:07,PK311C11000,花生2311购11000,229.5,0.0,0.0,0.0,30,217.0,221.5,10,210.5,243.5,257.5,229.5,59.0,14455.0,142
2023-05-11 09:55:08,PK311C11000,花生2311购11000,229.5,0.0,0.0,0.0,10,216.0,221.5,10,210.5,243.5,257.5,229.5,59.0,14455.0,142
2023-05-11 09:55:08,PK311C11000,花生2311购11000,229.5,0.0,0.0,0.0,20,216.0,221.5,20,210.5,243.5,257.5,229.5,59.0,14455.0,142
2023-05-11 09:55:10,PK311C11000,花生2311购11000,229.5,0.0,0.0,0.0,10,216.0,221.5,10,210.5,243.5,257.5,229.5,59.0,14455.0,142
2023-05-11 09:55:11,PK311C11000,花生2311购11000,229.5,0.0,0.0,0.0,30,215.5,221.5,10,210.5,243.5,257.5,229.5,59.0,14455.0,142
2023-05-11 09:55:12,PK311C11000,花生2311购11000,229.5,0.0,0.0,0.0,40,215.5,221.5,20,210.5,243.5,257.5,229.5,59.0,14455.0,142
2023-05-11 09:55:14,PK311C11000,花生2311购11000,229.5,0.0,0.0,0.0,30,215.5,221.5,20,210.5,243.5,257.5,229.5,59.0,14455.0,142
2023-05-11 09:55:15,PK311C11000,花生2311购11000,229.5,0.0,0.0,0.0,40,215.5,221.5,20,210.5,243.5,257.5,229.5,59.0,14455.0,142
2023-05-11 09:55:48,PK311C11000,花生2311购11000,229.5,0.0,0.0,0.0,30,215.5,221.0,10,210.5,243.5,257.5,229.5,59.0,14455.0,142
2023-05-11 09:55:53,PK311C11000,花生2311购11000,229.5,0.0,0.0,0.0,10,215.5,219.5,10,210.5,243.5,257.5,229.5,59.0,14455.0,142
2023-05-11 09:55:53,PK311C11000,花生2311购11000,229.5,0.0,0.0,0.0,20,214.5,219.5,10,210.5,243.5,257.5,229.5,59.0,14455.0,142
2023-05-11 09:55:55,PK311C11000,花生2311购11000,229.5,0.0,0.0,0.0,30,214.5,219.5,10,210.5,243.5,257.5,229.5,59.0,14455.0,142
2023-05-11 09:55:55,PK311C11000,花生2311购11000,229.5,0.0,0.0,0.0,40,214.5,219.5,10,210.5,243.5,257.5,229.5,59.0,14455.0,142
2023-05-11 09:56:00,PK311C11000,花生2311购11000,229.5,0.0,0.0,0.0,30,214.5,219.5,20,210.5,243.5,257.5,229.5,59.0,14455.0,142
2023-05-11 09:56:03,PK311C11000,花生2311购11000,229.5,0.0,0.0,0.0,40,214.5,219.5,20,210.5,243.5,257.5,229.5,59.0,14455.0,142
2023-05-11 09:56:04,PK311C11000,花生2311购11000,229.5,0.0,0.0,0.0,30,214.5,220.0,10,210.5,243.5,257.5,229.5,59.0,14455.0,142
2023-05-11 09:56:04,PK311C11000,花生2311购11000,229.5,0.0,0.0,0.0,20,214.5,221.0,10,210.5,243.5,257.5,229.5,59.0,14455.0,142
2023-05-11 09:56:05,PK311C11000,花生2311购11000,229.5,0.0,0.0,0.0,30,214.5,221.0,10,210.5,243.5,257.5,229.5,59.0,14455.0,142
2023-05-11 09:56:05,PK311C11000,花生2311购11000,229.5,0.0,0.0,0.0,20,214.5,221.0,10,210.5,243.5,257.5,229.5,59.0,14455.0,142
2023-05-11 09:56:06,PK311C11000,花生2311购11000,229.5,0.0,0.0,0.0,30,214.5,221.0,10,210.5,243.5,257.5,229.5,59.0,14455.0,142
2023-05-11 09:56:06,PK311C11000,花生2311购11000,229.5,0.0,0.0,0.0,40,214.5,221.0,20,210.5,243.5,257.5,229.5,59.0,14455.0,142
2023-05-11 09:56:08,PK311C11000,花生2311购11000,229.5,0.0,0.0,0.0,50,214.5,221.0,20,210.5,243.5,257.5,229.5,59.0,14455.0,142
2023-05-11 09:56:08,PK311C11000,花生2311购11000,229.5,0.0,0.0,0.0,10,215.5,221.0,10,210.5,243.5,257.5,229.5,59.0,14455.0,142
2023-05-11 09:56:09,PK311C11000,花生2311购11000,229.5,0.0,0.0,0.0,20,215.5,221.5,20,210.5,243.5,257.5,229.5,59.0,14455.0,142
2023-05-11 09:56:10,PK311C11000,花生2311购11000,229.5,0.0,0.0,0.0,30,215.5,221.5,20,210.5,243.5,257.5,229.5,59.0,14455.0,142
2023-05-11 09:56:11,PK311C11000,花生2311购11000,229.5,0.0,0.0,0.0,40,215.5,221.5,30,210.5,243.5,257.5,229.5,59.0,14455.0,142
2023-05-11 09:56:12,PK311C11000,花生2311购11000,229.5,0.0,0.0,0.0,30,215.5,221.0,10,210.5,243.5,257.5,229.5,59.0,14455.0,142
2023-05-11 09:57:01,PK311C11000,花生2311购11000,229.5,0.0,0.0,0.0,30,215.5,219.5,10,210.5,243.5,257.5,229.5,59.0,14455.0,142
2023-05-11 09:57:04,PK311C11000,花生2311购11000,229.5,0.0,0.0,0.0,20,215.5,219.5,20,210.5,243.5,257.5,229.5,59.0,14455.0,142
2023-05-11 09:57:08,PK311C11000,花生2311购11000,229.5,0.0,0.0,0.0,30,215.5,219.5,20,210.5,243.5,257.5,229.5,59.0,14455.0,142
2023-05-11 09:57:09,PK311C11000,花生2311购11000,229.5,0.0,0.0,0.0,20,215.5,219.5,20,210.5,243.5,257.5,229.5,59.0,14455.0,142
2023-05-11 09:57:09,PK311C11000,花生2311购11000,229.5,0.0,0.0,0.0,30,215.5,219.5,20,210.5,243.5,257.5,229.5,59.0,14455.0,142
2023-05-11 09:57:13,PK311C11000,花生2311购11000,229.5,0.0,0.0,0.0,20,215.5,219.5,20,210.5,243.5,257.5,229.5,59.0,14455.0,142
2023-05-11 09:57:14,PK311C11000,花生2311购11000,229.5,0.0,0.0,0.0,20,215.5,219.5,30,210.5,243.5,257.5,229.5,59.0,14455.0,142
2023-05-11 09:57:20,PK311C11000,花生2311购11000,229.5,0.0,0.0,0.0,30,215.5,219.5,30,210.5,243.5,257.5,229.5,59.0,14455.0,142
2023-05-11 09:57:21,PK311C11000,花生2311购11000,229.5,0.0,0.0,0.0,30,215.5,219.5,20,210.5,243.5,257.5,229.5,59.0,14455.0,142
2023-05-11 09:57:27,PK311C11000,花生2311购11000,229.5,0.0,0.0,0.0,20,215.5,219.5,30,210.5,243.5,257.5,229.5,59.0,14455.0,142
2023-05-11 09:58:01,PK311C11000,花生2311购11000,229.5,0.0,0.0,0.0,30,215.5,219.5,30,210.5,243.5,257.5,229.5,59.0,14455.0,142
2023-05-11 09:58:02,PK311C11000,花生2311购11000,229.5,0.0,0.0,0.0,30,215.5,219.5,20,210.5,243.5,257.5,229.5,59.0,14455.0,142
2023-05-11 09:58:11,PK311C11000,花生2311购11000,229.5,0.0,0.0,0.0,40,215.5,219.5,10,210.5,243.5,257.5,229.5,59.0,14455.0,142
2023-05-11 09:58:14,PK311C11000,花生2311购11000,229.5,0.0,0.0,0.0,40,215.5,220.0,20,210.5,243.5,257.5,229.5,59.0,14455.0,142
2023-05-11 09:58:14,PK311C11000,花生2311购11000,229.5,0.0,0.0,0.0,20,215.5,220.5,10,210.5,243.5,257.5,229.5,59.0,14455.0,142
2023-05-11 09:58:15,PK311C11000,花生2311购11000,229.5,0.0,0.0,0.0,10,215.5,221.0,10,210.5,243.5,257.5,229.5,59.0,14455.0,142
2023-05-11 09:58:15,PK311C11000,花生2311购11000,229.5,0.0,0.0,0.0,20,215.5,221.0,20,210.5,243.5,257.5,229.5,59.0,14455.0,142
2023-05-11 09:58:16,PK311C11000,花生2311购11000,229.5,0.0,0.0,0.0,10,215.5,221.0,20,210.5,243.5,257.5,229.5,59.0,14455.0,142
2023-05-11 09:58:17,PK311C11000,花生2311购11000,229.5,0.0,0.0,0.0,50,214.5,221.0,30,210.5,243.5,257.5,229.5,59.0,14455.0,142
2023-05-11 09:58:18,PK311C11000,花生2311购11000,229.5,0.0,0.0,0.0,20,215.5,221.0,10,210.5,243.5,257.5,229.5,59.0,14455.0,142
2023-05-11 09:58:18,PK311C11000,花生2311购11000,229.5,0.0,0.0,0.0,30,215.5,221.5,20,210.5,243.5,257.5,229.5,59.0,14455.0,142
2023-05-11 09:58:33,PK311C11000,花生2311购11000,229.5,0.0,0.0,0.0,40,215.5,221.5,30,210.5,243.5,257.5,229.5,59.0,14455.0,142
2023-05-11 09:58:35,PK311C11000,花生2311购11000,229.5,0.0,0.0,0.0,30,215.5,221.0,10,210.5,243.5,257.5,229.5,59.0,14455.0,142
2023-05-11 09:58:37,PK311C11000,花生2311购11000,229.5,0.0,0.0,0.0,20,215.5,221.0,20,210.5,243.5,257.5,229.5,59.0,14455.0,142
2023-05-11 09:58:51,PK311C11000,花生2311购11000,229.5,0.0,0.0,0.0,20,215.0,221.0,30,210.5,243.5,257.5,229.5,59.0,14455.0,142
2023-05-11 09:58:51,PK311C11000,花生2311购11000,229.5,0.0,0.0,0.0,30,215.0,221.0,30,210.5,243.5,257.5,229.5,59.0,14455.0,142
2023-05-11 09:59:09,PK311C11000,花生2311购11000,229.5,0.0,0.0,0.0,10,215.5,221.0,20,210.5,243.5,257.5,229.5,59.0,14455.0,142
2023-05-11 09:59:10,PK311C11000,花生2311购11000,229.5,0.0,0.0,0.0,20,215.5,221.0,20,210.5,243.5,257.5,229.5,59.0,14455.0,142
2023-05-11 09:59:29,PK311C11000,花生2311购11000,229.5,0.0,0.0,0.0,10,215.5,221.0,20,210.5,243.5,257.5,229.5,59.0,14455.0,142
2023-05-11 09:59:29,PK311C11000,花生2311购11000,229.5,0.0,0.0,0.0,20,215.5,221.0,20,210.5,243.5,257.5,229.5,59.0,14455.0,142
2023-05-11 09:59:36,PK311C11000,花生2311购11000,229.5,0.0,0.0,0.0,10,215.5,221.0,30,210.5,243.5,257.5,229.5,59.0,14455.0,142
2023-05-11 09:59:51,PK311C11000,花生2311购11000,229.5,0.0,0.0,0.0,20,215.5,221.0,20,210.5,243.5,257.5,229.5,59.0,14455.0,142
2023-05-11 10:00:01,PK311C11000,花生2311购11000,229.5,0.0,0.0,0.0,20,215.5,221.0,30,210.5,243.5,257.5,229.5,59.0,14455.0,142
2023-05-11 10:00:03,PK311C11000,花生2311购11000,229.5,0.0,0.0,0.0,20,215.5,221.0,20,210.5,243.5,257.5,229.5,59.0,14455.0,142
2023-05-11 10:00:08,PK311C11000,花生2311购11000,229.5,0.0,0.0,0.0,20,215.5,219.5,10,210.5,243.5,257.5,229.5,59.0,14455.0,142
2023-05-11 10:00:09,PK311C11000,花生2311购11000,229.5,0.0,0.0,0.0,10,215.5,219.5,30,210.5,243.5,257.5,229.5,59.0,14455.0,142
2023-05-11 10:00:09,PK311C11000,花生2311购11000,229.5,0.0,0.0,0.0,10,215.0,219.5,20,210.5,243.5,257.5,229.5,59.0,14455.0,142
2023-05-11 10:00:10,PK311C11000,花生2311购11000,229.5,0.0,0.0,0.0,20,214.0,218.5,10,210.5,243.5,257.5,229.5,59.0,14455.0,142
2023-05-11 10:00:11,PK311C11000,花生2311购11000,229.5,0.0,0.0,0.0,20,214.0,218.5,20,210.5,243.5,257.5,229.5,59.0,14455.0,142
2023-05-11 10:00:11,PK311C11000,花生2311购11000,229.5,0.0,0.0,0.0,20,212.5,218.5,20,210.5,243.5,257.5,229.5,59.0,14455.0,142
2023-05-11 10:00:13,PK311C11000,花生2311购11000,229.5,0.0,0.0,0.0,30,212.5,218.5,10,210.5,243.5,257.5,229.5,59.0,14455.0,142
2023-05-11 10:00:14,PK311C11000,花生2311购11000,229.5,0.0,0.0,0.0,10,215.0,220.5,10,210.5,243.5,257.5,229.5,59.0,14455.0,142
2023-05-11 10:00:14,PK311C11000,花生2311购11000,229.5,0.0,0.0,0.0,20,215.0,220.5,20,210.5,243.5,257.5,229.5,59.0,14455.0,142
2023-05-11 10:00:15,PK311C11000,花生2311购11000,229.5,0.0,0.0,0.0,20,215.0,220.5,10,210.5,243.5,257.5,229.5,59.0,14455.0,142
2023-05-11 10:00:16,PK311C11000,花生2311购11000,229.5,0.0,0.0,0.0,40,215.0,221.5,20,210.5,243.5,257.5,229.5,59.0,14455.0,142
2023-05-11 10:00:16,PK311C11000,花生2311购11000,229.5,0.0,0.0,0.0,30,215.0,221.5,20,210.5,243.5,257.5,229.5,59.0,14455.0,142
2023-05-11 10:00:16,PK311C11000,花生2311购11000,229.5,0.0,0.0,0.0,40,215.0,221.5,20,210.5,243.5,257.5,229.5,59.0,14455.0,142
2023-05-11 10:00:23,PK311C11000,花生2311购11000,229.5,0.0,0.0,0.0,10,216.0,221.5,10,210.5,243.5,257.5,229.5,59.0,14455.0,142
2023-05-11 10:00:23,PK311C11000,花生2311购11000,229.5,0.0,0.0,0.0,30,216.0,221.5,10,210.5,243.5,257.5,229.5,59.0,14455.0,142
2023-05-11 10:00:24,PK311C11000,花生2311购11000,229.5,0.0,0.0,0.0,30,216.0,222.0,20,210.5,243.5,257.5,229.5,59.0,14455.0,142
2023-05-11 10:00:25,PK311C11000,花生2311购11000,229.5,0.0,0.0,0.0,40,216.0,222.0,30,210.5,243.5,257.5,229.5,59.0,14455.0,142
2023-05-11 10:00:28,PK311C11000,花生2311购11000,229.5,0.0,0.0,0.0,30,216.0,222.0,30,210.5,243.5,257.5,229.5,59.0,14455.0,142
2023-05-11 10:00:28,PK311C11000,花生2311购11000,229.5,0.0,0.0,0.0,40,216.0,222.0,30,210.5,243.5,257.5,229.5,59.0,14455.0,142
2023-05-11 10:00:30,PK311C11000,花生2311购11000,229.5,0.0,0.0,0.0,30,216.0,221.5,10,210.5,243.5,257.5,229.5,59.0,14455.0,142
2023-05-11 10:00:35,PK311C11000,花生2311购11000,229.5,0.0,0.0,0.0,40,216.0,222.0,30,210.5,243.5,257.5,229.5,59.0,14455.0,142
2023-05-11 10:00:38,PK311C11000,花生2311购11000,229.5,0.0,0.0,0.0,30,216.0,222.0,30,210.5,243.5,257.5,229.5,59.0,14455.0,142
2023-05-11 10:00:40,PK311C11000,花生2311购11000,229.5,0.0,0.0,0.0,20,216.0,220.0,10,210.5,243.5,257.5,229.5,59.0,14455.0,142
2023-05-11 10:00:40,PK311C11000,花生2311购11000,229.5,0.0,0.0,0.0,10,216.0,220.0,10,210.5,243.5,257.5,229.5,59.0,14455.0,142
2023-05-11 10:00:41,PK311C11000,花生2311购11000,229.5,0.0,0.0,0.0,10,216.0,220.0,20,210.5,243.5,257.5,229.5,59.0,14455.0,142
2023-05-11 10:00:42,PK311C11000,花生2311购11000,229.5,0.0,0.0,0.0,20,216.0,220.0,20,210.5,243.5,257.5,229.5,59.0,14455.0,142
2023-05-11 10:00:43,PK311C11000,花生2311购11000,229.5,0.0,0.0,0.0,30,215.0,220.0,20,210.5,243.5,257.5,229.5,59.0,14455.0,142
2023-05-11 10:00:45,PK311C11000,花生2311购11000,229.5,0.0,0.0,0.0,30,215.0,220.0,30,210.5,243.5,257.5,229.5,59.0,14455.0,142
2023-05-11 10:00:46,PK311C11000,花生2311购11000,229.5,0.0,0.0,0.0,20,215.0,220.0,30,210.5,243.5,257.5,229.5,59.0,14455.0,142
2023-05-11 10:00:51,PK311C11000,花生2311购11000,229.5,0.0,0.0,0.0,20,215.0,220.0,50,210.5,243.5,257.5,229.5,59.0,14455.0,142
2023-05-11 10:00:53,PK311C11000,花生2311购11000,229.5,0.0,0.0,0.0,20,215.0,220.0,40,210.5,243.5,257.5,229.5,59.0,14455.0,142
2023-05-11 10:01:01,PK311C11000,花生2311购11000,229.5,0.0,0.0,0.0,20,215.0,220.0,60,210.5,243.5,257.5,229.5,59.0,14455.0,142
2023-05-11 10:01:03,PK311C11000,花生2311购11000,229.5,0.0,0.0,0.0,20,215.0,220.0,50,210.5,243.5,257.5,229.5,59.0,14455.0,142
2023-05-11 10:01:06,PK311C11000,花生2311购11000,229.5,0.0,0.0,0.0,20,214.5,219.5,20,210.5,243.5,257.5,229.5,59.0,14455.0,142
2023-05-11 10:01:07,PK311C11000,花生2311购11000,229.5,0.0,0.0,0.0,20,214.5,219.5,30,210.5,243.5,257.5,229.5,59.0,14455.0,142
2023-05-11 10:01:10,PK311C11000,花生2311购11000,229.5,0.0,0.0,0.0,20,214.5,219.5,40,210.5,243.5,257.5,229.5,59.0,14455.0,142
2023-05-11 10:01:13,PK311C11000,花生2311购11000,229.5,0.0,0.0,0.0,20,214.5,219.5,30,210.5,243.5,257.5,229.5,59.0,14455.0,142
2023-05-11 10:01:14,PK311C11000,花生2311购11000,229.5,0.0,0.0,0.0,20,214.5,219.5,40,210.5,243.5,257.5,229.5,59.0,14455.0,142
2023-05-11 10:01:15,PK311C11000,花生2311购11000,229.5,0.0,0.0,0.0,20,214.5,219.5,30,210.5,243.5,257.5,229.5,59.0,14455.0,142
2023-05-11 10:01:18,PK311C11000,花生2311购11000,229.5,0.0,0.0,0.0,20,214.5,219.5,40,210.5,243.5,257.5,229.5,59.0,14455.0,142
2023-05-11 10:01:19,PK311C11000,花生2311购11000,229.5,0.0,0.0,0.0,20,214.5,219.5,30,210.5,243.5,257.5,229.5,59.0,14455.0,142
2023-05-11 10:01:23,PK311C11000,花生2311购11000,229.5,0.0,0.0,0.0,20,214.5,219.5,40,210.5,243.5,257.5,229.5,59.0,14455.0,142
2023-05-11 10:01:25,PK311C11000,花生2311购11000,229.5,0.0,0.0,0.0,20,214.5,219.5,30,210.5,243.5,257.5,229.5,59.0,14455.0,142
2023-05-11 10:01:42,PK311C11000,花生2311购11000,229.5,0.0,0.0,0.0,20,214.5,219.5,40,210.5,243.5,257.5,229.5,59.0,14455.0,142
2023-05-11 10:01:43,PK311C11000,花生2311购11000,229.5,0.0,0.0,0.0,20,214.5,219.5,30,210.5,243.5,257.5,229.5,59.0,14455.0,142
2023-05-11 10:02:17,PK311C11000,花生2311购11000,229.5,0.0,0.0,0.0,30,214.5,219.5,20,210.5,243.5,257.5,229.5,59.0,14455.0,142
2023-05-11 10:02:18,PK311C11000,花生2311购11000,229.5,0.0,0.0,0.0,40,214.5,219.5,20,210.5,243.5,257.5,229.5,59.0,14455.0,142
2023-05-11 10:02:19,PK311C11000,花生2311购11000,229.5,0.0,0.0,0.0,30,214.5,219.5,20,210.5,243.5,257.5,229.5,59.0,14455.0,142
2023-05-11 10:02:26,PK311C11000,花生2311购11000,229.5,0.0,0.0,0.0,30,214.5,219.5,30,210.5,243.5,257.5,229.5,59.0,14455.0,142
2023-05-11 10:02:34,PK311C11000,花生2311购11000,229.5,0.0,0.0,0.0,30,214.5,219.5,20,210.5,243.5,257.5,229.5,59.0,14455.0,142
2023-05-11 10:02:50,PK311C11000,花生2311购11000,229.5,0.0,0.0,0.0,40,214.5,219.5,10,210.5,243.5,257.5,229.5,59.0,14455.0,142
2023-05-11 10:02:50,PK311C11000,花生2311购11000,229.5,0.0,0.0,0.0,20,214.5,221.0,20,210.5,243.5,257.5,229.5,59.0,14455.0,142
2023-05-11 10:02:51,PK311C11000,花生2311购11000,229.5,0.0,0.0,0.0,40,214.5,221.0,30,210.5,243.5,257.5,229.5,59.0,14455.0,142
2023-05-11 10:02:51,PK311C11000,花生2311购11000,229.5,0.0,0.0,0.0,10,215.5,221.0,20,210.5,243.5,257.5,229.5,59.0,14455.0,142
2023-05-11 10:02:51,PK311C11000,花生2311购11000,229.5,0.0,0.0,0.0,30,215.5,221.0,30,210.5,243.5,257.5,229.5,59.0,14455.0,142
2023-05-11 10:02:52,PK311C11000,花生2311购11000,229.5,0.0,0.0,0.0,20,215.5,221.0,30,210.5,243.5,257.5,229.5,59.0,14455.0,142
2023-05-11 10:02:52,PK311C11000,花生2311购11000,229.5,0.0,0.0,0.0,30,215.5,221.0,30,210.5,243.5,257.5,229.5,59.0,14455.0,142
2023-05-11 10:02:56,PK311C11000,花生2311购11000,229.5,0.0,0.0,0.0,30,215.5,221.0,20,210.5,243.5,257.5,229.5,59.0,14455.0,142
2023-05-11 10:02:58,PK311C11000,花生2311购11000,229.5,0.0,0.0,0.0,40,215.5,221.0,10,210.5,243.5,257.5,229.5,59.0,14455.0,142
2023-05-11 10:02:58,PK311C11000,花生2311购11000,229.5,0.0,0.0,0.0,10,216.0,222.5,10,210.5,243.5,257.5,229.5,59.0,14455.0,142
2023-05-11 10:02:59,PK311C11000,花生2311购11000,229.5,0.0,0.0,0.0,30,216.0,222.5,20,210.5,243.5,257.5,229.5,59.0,14455.0,142
2023-05-11 10:03:00,PK311C11000,花生2311购11000,229.5,0.0,0.0,0.0,10,217.0,222.5,10,210.5,243.5,257.5,229.5,59.0,14455.0,142
2023-05-11 10:03:00,PK311C11000,花生2311购11000,229.5,0.0,0.0,0.0,30,217.0,222.5,10,210.5,243.5,257.5,229.5,59.0,14455.0,142
2023-05-11 10:03:01,PK311C11000,花生2311购11000,229.5,0.0,0.0,0.0,40,217.0,222.5,10,210.5,243.5,257.5,229.5,59.0,14455.0,142
2023-05-11 10:03:02,PK311C11000,花生2311购11000,229.5,0.0,0.0,0.0,40,217.0,223.5,40,210.5,243.5,257.5,229.5,59.0,14455.0,142
2023-05-11 10:03:02,PK311C11000,花生2311购11000,229.5,0.0,0.0,0.0,30,217.0,222.5,10,210.5,243.5,257.5,229.5,59.0,14455.0,142
2023-05-11 10:03:03,PK311C11000,花生2311购11000,229.5,0.0,0.0,0.0,20,217.0,222.5,20,210.5,243.5,257.5,229.5,59.0,14455.0,142
2023-05-11 10:03:03,PK311C11000,花生2311购11000,229.5,0.0,0.0,0.0,20,217.0,222.5,30,210.5,243.5,257.5,229.5,59.0,14455.0,142
2023-05-11 10:03:04,PK311C11000,花生2311购11000,229.5,0.0,0.0,0.0,20,217.0,222.5,20,210.5,243.5,257.5,229.5,59.0,14455.0,142
2023-05-11 10:03:11,PK311C11000,花生2311购11000,229.5,0.0,0.0,0.0,10,218.0,223.5,10,210.5,243.5,257.5,229.5,59.0,14455.0,142
2023-05-11 10:03:11,PK311C11000,花生2311购11000,229.5,0.0,0.0,0.0,30,218.0,225.0,20,210.5,243.5,257.5,229.5,59.0,14455.0,142
2023-05-11 10:03:11,PK311C11000,花生2311购11000,229.5,0.0,0.0,0.0,20,218.0,225.0,20,210.5,243.5,257.5,229.5,59.0,14455.0,142
2023-05-11 10:03:13,PK311C11000,花生2311购11000,229.5,0.0,0.0,0.0,30,218.0,225.0,20,210.5,243.5,257.5,229.5,59.0,14455.0,142
2023-05-11 10:03:15,PK311C11000,花生2311购11000,229.5,0.0,0.0,0.0,20,219.5,225.5,10,210.5,243.5,257.5,229.5,59.0,14455.0,142
2023-05-11 10:03:15,PK311C11000,花生2311购11000,229.5,0.0,0.0,0.0,30,219.5,225.5,20,210.5,243.5,257.5,229.5,59.0,14455.0,142
2023-05-11 10:03:16,PK311C11000,花生2311购11000,229.5,0.0,0.0,0.0,20,219.5,225.5,20,210.5,243.5,257.5,229.5,59.0,14455.0,142
2023-05-11 10:03:17,PK311C11000,花生2311购11000,229.5,0.0,0.0,0.0,30,219.5,225.5,30,210.5,243.5,257.5,229.5,59.0,14455.0,142
2023-05-11 10:03:19,PK311C11000,花生2311购11000,229.5,0.0,0.0,0.0,30,219.5,225.5,20,210.5,243.5,257.5,229.5,59.0,14455.0,142
2023-05-11 10:03:23,PK311C11000,花生2311购11000,229.5,0.0,0.0,0.0,30,219.5,225.5,30,210.5,243.5,257.5,229.5,59.0,14455.0,142
2023-05-11 10:03:24,PK311C11000,花生2311购11000,229.5,0.0,0.0,0.0,30,219.5,225.5,20,210.5,243.5,257.5,229.5,59.0,14455.0,142
2023-05-11 10:03:34,PK311C11000,花生2311购11000,229.5,0.0,0.0,0.0,30,220.5,225.5,20,210.5,243.5,257.5,229.5,59.0,14455.0,142
2023-05-11 10:03:39,PK311C11000,花生2311购11000,229.5,0.0,0.0,0.0,20,220.5,225.5,20,210.5,243.5,257.5,229.5,59.0,14455.0,142
2023-05-11 10:03:59,PK311C11000,花生2311购11000,229.5,0.0,0.0,0.0,10,220.5,225.5,20,210.5,243.5,257.5,229.5,59.0,14455.0,142
2023-05-11 10:03:59,PK311C11000,花生2311购11000,229.5,0.0,0.0,0.0,10,220.0,226.0,20,210.5,243.5,257.5,229.5,59.0,14455.0,142
2023-05-11 10:04:00,PK311C11000,花生2311购11000,229.5,0.0,0.0,0.0,20,220.0,226.0,40,210.5,243.5,257.5,229.5,59.0,14455.0,142
