time,symbol_id,symbol_name,last,trade_volume,trade_amount,open_interest_change,bv1,bp1,ap1,av1,yesterday_close,today_open,today_high,today_low,volume,amount,open_interest
2023-05-11 09:08:49,PK311C10400,PK311C10400,476.0,0.0,0.0,0.0,0,0.0,500.0,1,476.0,467.5,0.0,0.0,0.0,0.0,7
2023-05-11 09:13:28,PK311C10400,PK311C10400,476.0,0.0,0.0,0.0,10,444.5,484.0,10,476.0,467.5,0.0,0.0,0.0,0.0,7
2023-05-11 09:14:12,PK311C10400,PK311C10400,476.0,0.0,0.0,0.0,10,430.5,488.0,10,476.0,467.5,0.0,0.0,0.0,0.0,7
2023-05-11 09:15:25,PK311C10400,PK311C10400,476.0,0.0,0.0,0.0,10,445.5,471.5,10,476.0,467.5,0.0,0.0,0.0,0.0,7
2023-05-11 09:15:28,PK311C10400,PK311C10400,476.0,0.0,0.0,0.0,10,430.5,488.0,10,476.0,467.5,0.0,0.0,0.0,0.0,7
2023-05-11 09:16:06,PK311C10400,PK311C10400,476.0,0.0,0.0,0.0,10,431.0,488.0,10,476.0,467.5,0.0,0.0,0.0,0.0,7
2023-05-11 09:16:09,PK311C10400,PK311C10400,476.0,0.0,0.0,0.0,10,430.5,488.0,10,476.0,467.5,0.0,0.0,0.0,0.0,7
2023-05-11 09:16:17,PK311C10400,PK311C10400,476.0,0.0,0.0,0.0,20,430.5,488.0,10,476.0,467.5,0.0,0.0,0.0,0.0,7
2023-05-11 09:16:17,PK311C10400,PK311C10400,476.0,0.0,0.0,0.0,10,430.5,488.0,10,476.0,467.5,0.0,0.0,0.0,0.0,7
2023-05-11 09:16:27,PK311C10400,PK311C10400,476.0,0.0,0.0,0.0,20,430.5,488.0,10,476.0,467.5,0.0,0.0,0.0,0.0,7
2023-05-11 09:16:28,PK311C10400,PK311C10400,476.0,0.0,0.0,0.0,10,430.5,488.0,10,476.0,467.5,0.0,0.0,0.0,0.0,7
2023-05-11 09:17:26,PK311C10400,PK311C10400,476.0,0.0,0.0,0.0,10,437.5,476.5,10,476.0,467.5,0.0,0.0,0.0,0.0,7
2023-05-11 09:18:15,PK311C10400,PK311C10400,476.0,0.0,0.0,0.0,10,439.5,466.0,10,476.0,467.5,0.0,0.0,0.0,0.0,7
2023-05-11 09:18:21,PK311C10400,PK311C10400,476.0,0.0,0.0,0.0,10,439.5,453.0,10,476.0,467.5,0.0,0.0,0.0,0.0,7
2023-05-11 09:18:27,PK311C10400,PK311C10400,476.0,0.0,0.0,0.0,20,430.0,453.0,10,476.0,467.5,0.0,0.0,0.0,0.0,7
2023-05-11 09:18:28,PK311C10400,PK311C10400,476.0,0.0,0.0,0.0,20,430.0,451.5,10,476.0,467.5,0.0,0.0,0.0,0.0,7
2023-05-11 09:18:39,PK311C10400,PK311C10400,476.0,0.0,0.0,0.0,10,430.0,450.5,10,476.0,467.5,0.0,0.0,0.0,0.0,7
2023-05-11 09:18:48,PK311C10400,PK311C10400,476.0,0.0,0.0,0.0,10,430.0,449.0,10,476.0,467.5,0.0,0.0,0.0,0.0,7
2023-05-11 09:18:50,PK311C10400,PK311C10400,476.0,0.0,0.0,0.0,10,430.0,450.5,10,476.0,467.5,0.0,0.0,0.0,0.0,7
2023-05-11 09:18:58,PK311C10400,PK311C10400,476.0,0.0,0.0,0.0,10,430.0,446.5,10,476.0,467.5,0.0,0.0,0.0,0.0,7
2023-05-11 09:19:00,PK311C10400,PK311C10400,476.0,0.0,0.0,0.0,10,430.0,450.0,10,476.0,467.5,0.0,0.0,0.0,0.0,7
2023-05-11 09:19:05,PK311C10400,PK311C10400,476.0,0.0,0.0,0.0,10,430.0,451.5,10,476.0,467.5,0.0,0.0,0.0,0.0,7
2023-05-11 09:19:06,PK311C10400,PK311C10400,476.0,0.0,0.0,0.0,20,430.0,453.0,10,476.0,467.5,0.0,0.0,0.0,0.0,7
2023-05-11 09:19:08,PK311C10400,PK311C10400,476.0,0.0,0.0,0.0,10,430.0,451.0,10,476.0,467.5,0.0,0.0,0.0,0.0,7
2023-05-11 09:19:11,PK311C10400,PK311C10400,476.0,0.0,0.0,0.0,10,430.5,451.0,10,476.0,467.5,0.0,0.0,0.0,0.0,7
2023-05-11 09:19:12,PK311C10400,PK311C10400,476.0,0.0,0.0,0.0,10,430.5,449.0,10,476.0,467.5,0.0,0.0,0.0,0.0,7
2023-05-11 09:19:13,PK311C10400,PK311C10400,476.0,0.0,0.0,0.0,10,426.0,446.5,10,476.0,467.5,0.0,0.0,0.0,0.0,7
2023-05-11 09:19:15,PK311C10400,PK311C10400,476.0,0.0,0.0,0.0,10,426.0,445.0,10,476.0,467.5,0.0,0.0,0.0,0.0,7
2023-05-11 09:19:16,PK311C10400,PK311C10400,476.0,0.0,0.0,0.0,10,426.0,451.5,10,476.0,467.5,0.0,0.0,0.0,0.0,7
2023-05-11 09:19:18,PK311C10400,PK311C10400,476.0,0.0,0.0,0.0,10,429.0,448.5,10,476.0,467.5,0.0,0.0,0.0,0.0,7
2023-05-11 09:19:22,PK311C10400,PK311C10400,476.0,0.0,0.0,0.0,10,429.0,446.0,10,476.0,467.5,0.0,0.0,0.0,0.0,7
2023-05-11 09:19:23,PK311C10400,PK311C10400,476.0,0.0,0.0,0.0,10,429.0,444.5,10,476.0,467.5,0.0,0.0,0.0,0.0,7
2023-05-11 09:19:24,PK311C10400,PK311C10400,476.0,0.0,0.0,0.0,10,429.0,446.5,10,476.0,467.5,0.0,0.0,0.0,0.0,7
2023-05-11 09:19:33,PK311C10400,PK311C10400,476.0,0.0,0.0,0.0,10,429.0,445.0,10,476.0,467.5,0.0,0.0,0.0,0.0,7
2023-05-11 09:19:33,PK311C10400,PK311C10400,476.0,0.0,0.0,0.0,10,429.0,443.5,10,476.0,467.5,0.0,0.0,0.0,0.0,7
2023-05-11 09:19:36,PK311C10400,PK311C10400,476.0,0.0,0.0,0.0,10,429.0,446.0,10,476.0,467.5,0.0,0.0,0.0,0.0,7
2023-05-11 09:19:37,PK311C10400,PK311C10400,476.0,0.0,0.0,0.0,10,429.0,447.5,10,476.0,467.5,0.0,0.0,0.0,0.0,7
2023-05-11 09:19:37,PK311C10400,PK311C10400,476.0,0.0,0.0,0.0,10,429.0,447.0,10,476.0,467.5,0.0,0.0,0.0,0.0,7
2023-05-11 09:19:38,PK311C10400,PK311C10400,476.0,0.0,0.0,0.0,10,429.0,447.5,20,476.0,467.5,0.0,0.0,0.0,0.0,7
2023-05-11 09:19:42,PK311C10400,PK311C10400,476.0,0.0,0.0,0.0,10,429.0,447.5,10,476.0,467.5,0.0,0.0,0.0,0.0,7
2023-05-11 09:20:04,PK311C10400,PK311C10400,476.0,0.0,0.0,0.0,10,429.0,449.5,10,476.0,467.5,0.0,0.0,0.0,0.0,7
2023-05-11 09:20:05,PK311C10400,PK311C10400,476.0,0.0,0.0,0.0,10,433.5,447.0,10,476.0,467.5,0.0,0.0,0.0,0.0,7
2023-05-11 09:20:05,PK311C10400,PK311C10400,476.0,0.0,0.0,0.0,10,433.5,450.0,10,476.0,467.5,0.0,0.0,0.0,0.0,7
2023-05-11 09:20:17,PK311C10400,PK311C10400,476.0,0.0,0.0,0.0,10,433.0,450.0,10,476.0,467.5,0.0,0.0,0.0,0.0,7
2023-05-11 09:20:17,PK311C10400,PK311C10400,476.0,0.0,0.0,0.0,10,433.0,450.0,20,476.0,467.5,0.0,0.0,0.0,0.0,7
2023-05-11 09:20:19,PK311C10400,PK311C10400,476.0,0.0,0.0,0.0,10,432.5,450.0,20,476.0,467.5,0.0,0.0,0.0,0.0,7
2023-05-11 09:20:20,PK311C10400,PK311C10400,476.0,0.0,0.0,0.0,10,432.5,448.0,10,476.0,467.5,0.0,0.0,0.0,0.0,7
2023-05-11 09:20:21,PK311C10400,PK311C10400,476.0,0.0,0.0,0.0,10,432.0,448.0,10,476.0,467.5,0.0,0.0,0.0,0.0,7
2023-05-11 09:20:23,PK311C10400,PK311C10400,476.0,0.0,0.0,0.0,10,431.5,448.0,10,476.0,467.5,0.0,0.0,0.0,0.0,7
2023-05-11 09:20:25,PK311C10400,PK311C10400,476.0,0.0,0.0,0.0,20,430.5,448.0,10,476.0,467.5,0.0,0.0,0.0,0.0,7
2023-05-11 09:20:26,PK311C10400,PK311C10400,476.0,0.0,0.0,0.0,10,430.5,447.0,10,476.0,467.5,0.0,0.0,0.0,0.0,7
2023-05-11 09:20:26,PK311C10400,PK311C10400,476.0,0.0,0.0,0.0,10,429.0,447.0,10,476.0,467.5,0.0,0.0,0.0,0.0,7
2023-05-11 09:20:35,PK311C10400,PK311C10400,476.0,0.0,0.0,0.0,10,429.0,443.5,10,476.0,467.5,0.0,0.0,0.0,0.0,7
2023-05-11 09:20:35,PK311C10400,PK311C10400,476.0,0.0,0.0,0.0,10,429.0,443.5,20,476.0,467.5,0.0,0.0,0.0,0.0,7
2023-05-11 09:20:43,PK311C10400,PK311C10400,476.0,0.0,0.0,0.0,10,429.0,443.5,10,476.0,467.5,0.0,0.0,0.0,0.0,7
2023-05-11 09:20:43,PK311C10400,PK311C10400,476.0,0.0,0.0,0.0,10,429.0,440.5,10,476.0,467.5,0.0,0.0,0.0,0.0,7
2023-05-11 09:20:44,PK311C10400,PK311C10400,476.0,0.0,0.0,0.0,10,429.0,439.5,10,476.0,467.5,0.0,0.0,0.0,0.0,7
2023-05-11 09:20:45,PK311C10400,PK311C10400,476.0,0.0,0.0,0.0,10,429.0,440.5,20,476.0,467.5,0.0,0.0,0.0,0.0,7
2023-05-11 09:20:47,PK311C10400,PK311C10400,476.0,0.0,0.0,0.0,10,423.5,440.5,20,476.0,467.5,0.0,0.0,0.0,0.0,7
2023-05-11 09:20:50,PK311C10400,PK311C10400,476.0,0.0,0.0,0.0,10,423.5,438.5,10,476.0,467.5,0.0,0.0,0.0,0.0,7
2023-05-11 09:20:50,PK311C10400,PK311C10400,476.0,0.0,0.0,0.0,10,423.5,437.5,10,476.0,467.5,0.0,0.0,0.0,0.0,7
2023-05-11 09:20:52,PK311C10400,PK311C10400,476.0,0.0,0.0,0.0,10,423.5,438.0,10,476.0,467.5,0.0,0.0,0.0,0.0,7
2023-05-11 09:20:52,PK311C10400,PK311C10400,476.0,0.0,0.0,0.0,10,423.5,437.5,10,476.0,467.5,0.0,0.0,0.0,0.0,7
2023-05-11 09:20:53,PK311C10400,PK311C10400,476.0,0.0,0.0,0.0,10,423.5,441.0,10,476.0,467.5,0.0,0.0,0.0,0.0,7
2023-05-11 09:20:53,PK311C10400,PK311C10400,476.0,0.0,0.0,0.0,10,423.5,440.0,10,476.0,467.5,0.0,0.0,0.0,0.0,7
2023-05-11 09:20:54,PK311C10400,PK311C10400,476.0,0.0,0.0,0.0,10,423.5,440.0,20,476.0,467.5,0.0,0.0,0.0,0.0,7
2023-05-11 09:20:58,PK311C10400,PK311C10400,476.0,0.0,0.0,0.0,10,423.5,440.0,10,476.0,467.5,0.0,0.0,0.0,0.0,7
2023-05-11 09:20:58,PK311C10400,PK311C10400,476.0,0.0,0.0,0.0,10,423.5,443.0,20,476.0,467.5,0.0,0.0,0.0,0.0,7
2023-05-11 09:21:04,PK311C10400,PK311C10400,476.0,0.0,0.0,0.0,10,426.5,442.0,10,476.0,467.5,0.0,0.0,0.0,0.0,7
2023-05-11 09:21:04,PK311C10400,PK311C10400,476.0,0.0,0.0,0.0,10,426.5,442.0,20,476.0,467.5,0.0,0.0,0.0,0.0,7
2023-05-11 09:21:07,PK311C10400,PK311C10400,476.0,0.0,0.0,0.0,10,429.0,442.0,20,476.0,467.5,0.0,0.0,0.0,0.0,7
2023-05-11 09:21:07,PK311C10400,PK311C10400,476.0,0.0,0.0,0.0,10,431.5,442.0,20,476.0,467.5,0.0,0.0,0.0,0.0,7
2023-05-11 09:21:08,PK311C10400,PK311C10400,476.0,0.0,0.0,0.0,10,431.5,442.0,10,476.0,467.5,0.0,0.0,0.0,0.0,7
2023-05-11 09:21:09,PK311C10400,PK311C10400,476.0,0.0,0.0,0.0,10,431.0,442.0,10,476.0,467.5,0.0,0.0,0.0,0.0,7
2023-05-11 09:21:12,PK311C10400,PK311C10400,476.0,0.0,0.0,0.0,10,431.0,443.5,10,476.0,467.5,0.0,0.0,0.0,0.0,7
2023-05-11 09:21:12,PK311C10400,PK311C10400,476.0,0.0,0.0,0.0,10,431.0,443.5,20,476.0,467.5,0.0,0.0,0.0,0.0,7
2023-05-11 09:21:13,PK311C10400,PK311C10400,476.0,0.0,0.0,0.0,10,433.0,443.5,30,476.0,467.5,0.0,0.0,0.0,0.0,7
2023-05-11 09:21:13,PK311C10400,PK311C10400,476.0,0.0,0.0,0.0,20,433.0,443.5,30,476.0,467.5,0.0,0.0,0.0,0.0,7
2023-05-11 09:21:14,PK311C10400,PK311C10400,476.0,0.0,0.0,0.0,20,433.0,443.5,20,476.0,467.5,0.0,0.0,0.0,0.0,7
2023-05-11 09:21:17,PK311C10400,PK311C10400,476.0,0.0,0.0,0.0,10,435.5,445.0,10,476.0,467.5,0.0,0.0,0.0,0.0,7
2023-05-11 09:21:17,PK311C10400,PK311C10400,476.0,0.0,0.0,0.0,10,435.5,445.5,30,476.0,467.5,0.0,0.0,0.0,0.0,7
2023-05-11 09:21:19,PK311C10400,PK311C10400,476.0,0.0,0.0,0.0,10,435.5,445.5,20,476.0,467.5,0.0,0.0,0.0,0.0,7
2023-05-11 09:21:40,PK311C10400,PK311C10400,476.0,0.0,0.0,0.0,10,437.0,445.5,10,476.0,467.5,0.0,0.0,0.0,0.0,7
2023-05-11 09:21:40,PK311C10400,PK311C10400,476.0,0.0,0.0,0.0,20,437.0,447.5,30,476.0,467.5,0.0,0.0,0.0,0.0,7
2023-05-11 09:21:41,PK311C10400,PK311C10400,476.0,0.0,0.0,0.0,20,437.0,447.5,20,476.0,467.5,0.0,0.0,0.0,0.0,7
2023-05-11 09:21:52,PK311C10400,PK311C10400,476.0,0.0,0.0,0.0,10,439.5,449.5,20,476.0,467.5,0.0,0.0,0.0,0.0,7
2023-05-11 09:21:53,PK311C10400,PK311C10400,476.0,0.0,0.0,0.0,20,439.0,449.5,20,476.0,467.5,0.0,0.0,0.0,0.0,7
2023-05-11 09:21:58,PK311C10400,PK311C10400,476.0,0.0,0.0,0.0,10,441.0,451.5,30,476.0,467.5,0.0,0.0,0.0,0.0,7
2023-05-11 09:21:58,PK311C10400,PK311C10400,476.0,0.0,0.0,0.0,10,441.0,451.5,20,476.0,467.5,0.0,0.0,0.0,0.0,7
2023-05-11 09:22:07,PK311C10400,PK311C10400,476.0,0.0,0.0,0.0,20,442.5,451.5,10,476.0,467.5,0.0,0.0,0.0,0.0,7
2023-05-11 09:22:07,PK311C10400,PK311C10400,476.0,0.0,0.0,0.0,20,442.5,453.0,20,476.0,467.5,0.0,0.0,0.0,0.0,7
2023-05-11 09:22:22,PK311C10400,PK311C10400,476.0,0.0,0.0,0.0,10,444.0,454.0,10,476.0,467.5,0.0,0.0,0.0,0.0,7
2023-05-11 09:22:22,PK311C10400,PK311C10400,476.0,0.0,0.0,0.0,10,444.0,454.5,10,476.0,467.5,0.0,0.0,0.0,0.0,7
2023-05-11 09:22:24,PK311C10400,PK311C10400,476.0,0.0,0.0,0.0,10,444.5,455.0,10,476.0,467.5,0.0,0.0,0.0,0.0,7
2023-05-11 09:22:32,PK311C10400,PK311C10400,476.0,0.0,0.0,0.0,10,444.0,455.0,10,476.0,467.5,0.0,0.0,0.0,0.0,7
2023-05-11 09:22:41,PK311C10400,PK311C10400,476.0,0.0,0.0,0.0,10,444.0,455.5,10,476.0,467.5,0.0,0.0,0.0,0.0,7
2023-05-11 09:22:45,PK311C10400,PK311C10400,476.0,0.0,0.0,0.0,10,447.0,456.5,10,476.0,467.5,0.0,0.0,0.0,0.0,7
2023-05-11 09:22:47,PK311C10400,PK311C10400,476.0,0.0,0.0,0.0,10,449.0,457.5,10,476.0,467.5,0.0,0.0,0.0,0.0,7
2023-05-11 09:22:47,PK311C10400,PK311C10400,476.0,0.0,0.0,0.0,10,449.0,458.5,10,476.0,467.5,0.0,0.0,0.0,0.0,7
2023-05-11 09:22:53,PK311C10400,PK311C10400,476.0,0.0,0.0,0.0,10,449.0,459.0,10,476.0,467.5,0.0,0.0,0.0,0.0,7
2023-05-11 09:22:57,PK311C10400,PK311C10400,476.0,0.0,0.0,0.0,10,449.0,459.0,20,476.0,467.5,0.0,0.0,0.0,0.0,7
2023-05-11 09:23:01,PK311C10400,PK311C10400,476.0,0.0,0.0,0.0,10,451.0,459.0,20,476.0,467.5,0.0,0.0,0.0,0.0,7
2023-05-11 09:23:02,PK311C10400,PK311C10400,476.0,0.0,0.0,0.0,10,451.0,461.0,20,476.0,467.5,0.0,0.0,0.0,0.0,7
2023-05-11 09:23:05,PK311C10400,PK311C10400,476.0,0.0,0.0,0.0,10,453.0,461.0,20,476.0,467.5,0.0,0.0,0.0,0.0,7
2023-05-11 09:23:10,PK311C10400,PK311C10400,476.0,0.0,0.0,0.0,10,453.0,461.0,10,476.0,467.5,0.0,0.0,0.0,0.0,7
2023-05-11 09:23:11,PK311C10400,PK311C10400,476.0,0.0,0.0,0.0,10,453.0,462.5,20,476.0,467.5,0.0,0.0,0.0,0.0,7
2023-05-11 09:23:18,PK311C10400,PK311C10400,476.0,0.0,0.0,0.0,20,453.0,462.5,10,476.0,467.5,0.0,0.0,0.0,0.0,7
2023-05-11 09:23:21,PK311C10400,PK311C10400,476.0,0.0,0.0,0.0,10,455.0,462.5,10,476.0,467.5,0.0,0.0,0.0,0.0,7
2023-05-11 09:23:23,PK311C10400,PK311C10400,476.0,0.0,0.0,0.0,20,455.0,462.5,10,476.0,467.5,0.0,0.0,0.0,0.0,7
2023-05-11 09:23:23,PK311C10400,PK311C10400,476.0,0.0,0.0,0.0,20,455.0,463.5,20,476.0,467.5,0.0,0.0,0.0,0.0,7
2023-05-11 09:23:25,PK311C10400,PK311C10400,476.0,0.0,0.0,0.0,10,455.5,463.5,10,476.0,467.5,0.0,0.0,0.0,0.0,7
2023-05-11 09:23:25,PK311C10400,PK311C10400,476.0,0.0,0.0,0.0,10,455.5,466.0,30,476.0,467.5,0.0,0.0,0.0,0.0,7
2023-05-11 09:23:32,PK311C10400,PK311C10400,476.0,0.0,0.0,0.0,10,459.5,470.0,10,476.0,467.5,0.0,0.0,0.0,0.0,7
2023-05-11 09:23:32,PK311C10400,PK311C10400,476.0,0.0,0.0,0.0,10,459.5,470.0,20,476.0,467.5,0.0,0.0,0.0,0.0,7
2023-05-11 09:23:38,PK311C10400,PK311C10400,476.0,0.0,0.0,0.0,10,460.5,472.0,30,476.0,467.5,0.0,0.0,0.0,0.0,7
2023-05-11 09:23:47,PK311C10400,PK311C10400,476.0,0.0,0.0,0.0,10,463.0,472.0,20,476.0,467.5,0.0,0.0,0.0,0.0,7
2023-05-11 09:23:48,PK311C10400,PK311C10400,476.0,0.0,0.0,0.0,10,463.0,472.0,10,476.0,467.5,0.0,0.0,0.0,0.0,7
2023-05-11 09:23:51,PK311C10400,PK311C10400,476.0,0.0,0.0,0.0,10,465.5,472.5,10,476.0,467.5,0.0,0.0,0.0,0.0,7
2023-05-11 09:23:52,PK311C10400,PK311C10400,476.0,0.0,0.0,0.0,10,465.5,476.0,20,476.0,467.5,0.0,0.0,0.0,0.0,7
2023-05-11 09:23:52,PK311C10400,PK311C10400,476.0,0.0,0.0,0.0,10,465.5,473.0,10,476.0,467.5,0.0,0.0,0.0,0.0,7
2023-05-11 09:23:53,PK311C10400,PK311C10400,476.0,0.0,0.0,0.0,10,465.0,473.5,10,476.0,467.5,0.0,0.0,0.0,0.0,7
2023-05-11 09:23:53,PK311C10400,PK311C10400,476.0,0.0,0.0,0.0,10,465.0,473.5,20,476.0,467.5,0.0,0.0,0.0,0.0,7
2023-05-11 09:23:54,PK311C10400,PK311C10400,476.0,0.0,0.0,0.0,20,462.0,473.5,10,476.0,467.5,0.0,0.0,0.0,0.0,7
2023-05-11 09:23:54,PK311C10400,PK311C10400,476.0,0.0,0.0,0.0,10,464.5,473.5,10,476.0,467.5,0.0,0.0,0.0,0.0,7
2023-05-11 09:23:55,PK311C10400,PK311C10400,476.0,0.0,0.0,0.0,20,462.0,473.5,10,476.0,467.5,0.0,0.0,0.0,0.0,7
2023-05-11 09:23:56,PK311C10400,PK311C10400,476.0,0.0,0.0,0.0,10,462.0,472.5,10,476.0,467.5,0.0,0.0,0.0,0.0,7
2023-05-11 09:24:03,PK311C10400,PK311C10400,476.0,0.0,0.0,0.0,10,462.0,473.5,10,476.0,467.5,0.0,0.0,0.0,0.0,7
2023-05-11 09:24:04,PK311C10400,PK311C10400,476.0,0.0,0.0,0.0,10,466.0,476.5,10,476.0,467.5,0.0,0.0,0.0,0.0,7
2023-05-11 09:24:05,PK311C10400,PK311C10400,476.0,0.0,0.0,0.0,10,468.5,476.0,10,476.0,467.5,0.0,0.0,0.0,0.0,7
2023-05-11 09:24:05,PK311C10400,PK311C10400,476.0,0.0,0.0,0.0,10,468.5,479.0,20,476.0,467.5,0.0,0.0,0.0,0.0,7
2023-05-11 09:24:06,PK311C10400,PK311C10400,476.0,0.0,0.0,0.0,10,468.5,479.0,10,476.0,467.5,0.0,0.0,0.0,0.0,7
2023-05-11 09:24:24,PK311C10400,PK311C10400,476.0,0.0,0.0,0.0,10,470.5,481.0,10,476.0,467.5,0.0,0.0,0.0,0.0,7
2023-05-11 09:24:25,PK311C10400,PK311C10400,476.0,0.0,0.0,0.0,10,470.5,482.0,10,476.0,467.5,0.0,0.0,0.0,0.0,7
2023-05-11 09:24:26,PK311C10400,PK311C10400,476.0,0.0,0.0,0.0,10,468.5,479.0,10,476.0,467.5,0.0,0.0,0.0,0.0,7
2023-05-11 09:24:27,PK311C10400,PK311C10400,476.0,0.0,0.0,0.0,10,468.5,479.0,20,476.0,467.5,0.0,0.0,0.0,0.0,7
2023-05-11 09:24:28,PK311C10400,PK311C10400,476.0,0.0,0.0,0.0,10,470.5,481.0,10,476.0,467.5,0.0,0.0,0.0,0.0,7
2023-05-11 09:24:38,PK311C10400,PK311C10400,476.0,0.0,0.0,0.0,10,471.0,481.0,10,476.0,467.5,0.0,0.0,0.0,0.0,7
2023-05-11 09:24:43,PK311C10400,PK311C10400,476.0,0.0,0.0,0.0,10,472.5,482.0,10,476.0,467.5,0.0,0.0,0.0,0.0,7
2023-05-11 09:24:48,PK311C10400,PK311C10400,476.0,0.0,0.0,0.0,10,472.5,483.0,10,476.0,467.5,0.0,0.0,0.0,0.0,7
2023-05-11 09:24:51,PK311C10400,PK311C10400,476.0,0.0,0.0,0.0,10,473.0,483.0,10,476.0,467.5,0.0,0.0,0.0,0.0,7
2023-05-11 09:24:52,PK311C10400,PK311C10400,476.0,0.0,0.0,0.0,10,474.5,483.5,10,476.0,467.5,0.0,0.0,0.0,0.0,7
2023-05-11 09:24:52,PK311C10400,PK311C10400,476.0,0.0,0.0,0.0,10,474.5,485.0,30,476.0,467.5,0.0,0.0,0.0,0.0,7
2023-05-11 09:24:54,PK311C10400,PK311C10400,476.0,0.0,0.0,0.0,10,474.5,485.0,20,476.0,467.5,0.0,0.0,0.0,0.0,7
2023-05-11 09:24:56,PK311C10400,PK311C10400,476.0,0.0,0.0,0.0,10,473.0,484.0,10,476.0,467.5,0.0,0.0,0.0,0.0,7
2023-05-11 09:25:03,PK311C10400,PK311C10400,476.0,0.0,0.0,0.0,10,475.0,485.0,10,476.0,467.5,0.0,0.0,0.0,0.0,7
2023-05-11 09:25:10,PK311C10400,PK311C10400,476.0,0.0,0.0,0.0,10,475.0,485.5,10,476.0,467.5,0.0,0.0,0.0,0.0,7
2023-05-11 09:25:16,PK311C10400,PK311C10400,476.0,0.0,0.0,0.0,10,475.0,485.5,20,476.0,467.5,0.0,0.0,0.0,0.0,7
2023-05-11 09:25:20,PK311C10400,PK311C10400,476.0,0.0,0.0,0.0,10,477.0,485.5,10,476.0,467.5,0.0,0.0,0.0,0.0,7
2023-05-11 09:25:21,PK311C10400,PK311C10400,476.0,0.0,0.0,0.0,10,478.0,485.5,10,476.0,467.5,0.0,0.0,0.0,0.0,7
2023-05-11 09:25:25,PK311C10400,PK311C10400,476.0,0.0,0.0,0.0,10,477.5,485.5,10,476.0,467.5,0.0,0.0,0.0,0.0,7
2023-05-11 09:25:26,PK311C10400,PK311C10400,476.0,0.0,0.0,0.0,10,477.5,489.5,10,476.0,467.5,0.0,0.0,0.0,0.0,7
2023-05-11 09:25:29,PK311C10400,PK311C10400,476.0,0.0,0.0,0.0,10,473.0,487.0,10,476.0,467.5,0.0,0.0,0.0,0.0,7
2023-05-11 09:25:29,PK311C10400,PK311C10400,476.0,0.0,0.0,0.0,10,473.0,487.0,20,476.0,467.5,0.0,0.0,0.0,0.0,7
2023-05-11 09:25:32,PK311C10400,PK311C10400,476.0,0.0,0.0,0.0,10,474.5,489.5,30,476.0,467.5,0.0,0.0,0.0,0.0,7
2023-05-11 09:25:32,PK311C10400,PK311C10400,476.0,0.0,0.0,0.0,10,474.5,489.5,40,476.0,467.5,0.0,0.0,0.0,0.0,7
2023-05-11 09:25:41,PK311C10400,PK311C10400,476.0,0.0,0.0,0.0,10,476.5,489.5,20,476.0,467.5,0.0,0.0,0.0,0.0,7
2023-05-11 09:25:43,PK311C10400,PK311C10400,476.0,0.0,0.0,0.0,10,477.0,490.5,10,476.0,467.5,0.0,0.0,0.0,0.0,7
2023-05-11 09:25:58,PK311C10400,PK311C10400,476.0,0.0,0.0,0.0,10,479.0,492.0,10,476.0,467.5,0.0,0.0,0.0,0.0,7
2023-05-11 09:25:59,PK311C10400,PK311C10400,476.0,0.0,0.0,0.0,10,479.0,494.0,20,476.0,467.5,0.0,0.0,0.0,0.0,7
2023-05-11 09:26:01,PK311C10400,PK311C10400,476.0,0.0,0.0,0.0,10,481.5,494.0,10,476.0,467.5,0.0,0.0,0.0,0.0,7
2023-05-11 09:26:01,PK311C10400,PK311C10400,476.0,0.0,0.0,0.0,10,481.5,496.5,20,476.0,467.5,0.0,0.0,0.0,0.0,7
2023-05-11 09:26:19,PK311C10400,PK311C10400,476.0,0.0,0.0,0.0,10,482.0,496.5,10,476.0,467.5,0.0,0.0,0.0,0.0,7
2023-05-11 09:26:19,PK311C10400,PK311C10400,476.0,0.0,0.0,0.0,20,482.0,499.5,40,476.0,467.5,0.0,0.0,0.0,0.0,7
2023-05-11 09:26:21,PK311C10400,PK311C10400,476.0,0.0,0.0,0.0,20,482.0,499.5,30,476.0,467.5,0.0,0.0,0.0,0.0,7
2023-05-11 09:26:21,PK311C10400,PK311C10400,476.0,0.0,0.0,0.0,23,482.0,499.5,33,476.0,467.5,0.0,0.0,0.0,0.0,7
2023-05-11 09:26:22,PK311C10400,PK311C10400,476.0,0.0,0.0,0.0,13,482.0,499.5,33,476.0,467.5,0.0,0.0,0.0,0.0,7
2023-05-11 09:26:39,PK311C10400,PK311C10400,476.0,0.0,0.0,0.0,10,482.0,499.5,20,476.0,467.5,0.0,0.0,0.0,0.0,7
2023-05-11 09:26:40,PK311C10400,PK311C10400,476.0,0.0,0.0,0.0,10,479.0,496.5,10,476.0,467.5,0.0,0.0,0.0,0.0,7
2023-05-11 09:26:40,PK311C10400,PK311C10400,476.0,0.0,0.0,0.0,10,479.0,495.5,10,476.0,467.5,0.0,0.0,0.0,0.0,7
2023-05-11 09:26:40,PK311C10400,PK311C10400,476.0,0.0,0.0,0.0,13,479.0,495.5,13,476.0,467.5,0.0,0.0,0.0,0.0,7
2023-05-11 09:27:01,PK311C10400,PK311C10400,476.0,0.0,0.0,0.0,10,479.0,495.5,10,476.0,467.5,0.0,0.0,0.0,0.0,7
2023-05-11 09:27:01,PK311C10400,PK311C10400,476.0,0.0,0.0,0.0,10,479.0,496.0,20,476.0,467.5,0.0,0.0,0.0,0.0,7
2023-05-11 09:27:04,PK311C10400,PK311C10400,476.0,0.0,0.0,0.0,10,479.0,496.0,30,476.0,467.5,0.0,0.0,0.0,0.0,7
2023-05-11 09:27:05,PK311C10400,PK311C10400,476.0,0.0,0.0,0.0,20,477.5,496.0,30,476.0,467.5,0.0,0.0,0.0,0.0,7
2023-05-11 09:27:16,PK311C10400,PK311C10400,476.0,0.0,0.0,0.0,10,477.5,490.0,1,476.0,467.5,0.0,0.0,0.0,0.0,7
2023-05-11 09:27:16,PK311C10400,PK311C10400,476.0,0.0,0.0,0.0,10,476.5,490.0,1,476.0,467.5,0.0,0.0,0.0,0.0,7
2023-05-11 09:27:18,PK311C10400,PK311C10400,476.0,0.0,0.0,0.0,20,476.5,490.0,1,476.0,467.5,0.0,0.0,0.0,0.0,7
2023-05-11 09:27:20,PK311C10400,PK311C10400,476.0,0.0,0.0,0.0,10,476.5,490.0,1,476.0,467.5,0.0,0.0,0.0,0.0,7
2023-05-11 09:27:20,PK311C10400,PK311C10400,476.0,0.0,0.0,0.0,20,476.0,490.0,1,476.0,467.5,0.0,0.0,0.0,0.0,7
2023-05-11 09:27:28,PK311C10400,PK311C10400,476.0,0.0,0.0,0.0,10,476.0,490.0,1,476.0,467.5,0.0,0.0,0.0,0.0,7
2023-05-11 09:27:28,PK311C10400,PK311C10400,476.0,0.0,0.0,0.0,10,474.5,490.0,21,476.0,467.5,0.0,0.0,0.0,0.0,7
2023-05-11 09:27:28,PK311C10400,PK311C10400,476.0,0.0,0.0,0.0,10,473.0,490.0,21,476.0,467.5,0.0,0.0,0.0,0.0,7
2023-05-11 09:27:31,PK311C10400,PK311C10400,476.0,0.0,0.0,0.0,20,473.0,489.5,1,476.0,467.5,0.0,0.0,0.0,0.0,7
2023-05-11 09:27:31,PK311C10400,PK311C10400,476.0,0.0,0.0,0.0,30,473.0,489.5,11,476.0,467.5,0.0,0.0,0.0,0.0,7
2023-05-11 09:27:32,PK311C10400,PK311C10400,476.0,0.0,0.0,0.0,40,473.0,489.5,11,476.0,467.5,0.0,0.0,0.0,0.0,7
2023-05-11 09:27:39,PK311C10400,PK311C10400,476.0,0.0,0.0,0.0,20,476.0,489.5,11,476.0,467.5,0.0,0.0,0.0,0.0,7
2023-05-11 09:27:41,PK311C10400,PK311C10400,476.0,0.0,0.0,0.0,30,476.0,489.5,21,476.0,467.5,0.0,0.0,0.0,0.0,7
2023-05-11 09:27:41,PK311C10400,PK311C10400,476.0,0.0,0.0,0.0,20,476.0,489.5,21,476.0,467.5,0.0,0.0,0.0,0.0,7
2023-05-11 09:27:54,PK311C10400,PK311C10400,476.0,0.0,0.0,0.0,30,476.0,489.5,21,476.0,467.5,0.0,0.0,0.0,0.0,7
2023-05-11 09:27:57,PK311C10400,PK311C10400,476.0,0.0,0.0,0.0,10,476.5,489.5,21,476.0,467.5,0.0,0.0,0.0,0.0,7
2023-05-11 09:28:07,PK311C10400,PK311C10400,476.0,0.0,0.0,0.0,20,476.0,489.5,21,476.0,467.5,0.0,0.0,0.0,0.0,7
2023-05-11 09:28:08,PK311C10400,PK311C10400,476.0,0.0,0.0,0.0,10,476.0,489.5,21,476.0,467.5,0.0,0.0,0.0,0.0,7
2023-05-11 09:28:09,PK311C10400,PK311C10400,476.0,0.0,0.0,0.0,20,474.0,489.5,21,476.0,467.5,0.0,0.0,0.0,0.0,7
2023-05-11 09:28:35,PK311C10400,PK311C10400,476.0,0.0,0.0,0.0,30,472.0,489.5,31,476.0,467.5,0.0,0.0,0.0,0.0,7
2023-05-11 09:28:36,PK311C10400,PK311C10400,476.0,0.0,0.0,0.0,20,472.0,489.5,31,476.0,467.5,0.0,0.0,0.0,0.0,7
2023-05-11 09:28:46,PK311C10400,PK311C10400,476.0,0.0,0.0,0.0,30,470.0,489.5,31,476.0,467.5,0.0,0.0,0.0,0.0,7
2023-05-11 09:28:47,PK311C10400,PK311C10400,476.0,0.0,0.0,0.0,20,470.0,489.5,31,476.0,467.5,0.0,0.0,0.0,0.0,7
2023-05-11 09:29:05,PK311C10400,PK311C10400,476.0,0.0,0.0,0.0,20,470.0,487.5,10,476.0,467.5,0.0,0.0,0.0,0.0,7
2023-05-11 09:29:05,PK311C10400,PK311C10400,476.0,0.0,0.0,0.0,20,470.0,487.5,30,476.0,467.5,0.0,0.0,0.0,0.0,7
2023-05-11 09:29:06,PK311C10400,PK311C10400,476.0,0.0,0.0,0.0,20,470.0,487.0,12,476.0,467.5,0.0,0.0,0.0,0.0,7
2023-05-11 09:29:16,PK311C10400,PK311C10400,476.0,0.0,0.0,0.0,20,467.5,487.0,32,476.0,467.5,0.0,0.0,0.0,0.0,7
2023-05-11 09:29:17,PK311C10400,PK311C10400,467.5,6.0,2805.0,6.0,10,467.5,487.0,22,476.0,467.5,467.5,467.5,6.0,2805.0,13
2023-05-11 09:29:17,PK311C10400,PK311C10400,467.5,0.0,0.0,0.0,20,466.0,487.0,22,476.0,467.5,467.5,467.5,6.0,2805.0,13
2023-05-11 09:29:19,PK311C10400,PK311C10400,467.5,0.0,0.0,0.0,20,466.0,487.0,32,476.0,467.5,467.5,467.5,6.0,2805.0,13
2023-05-11 09:29:28,PK311C10400,PK311C10400,467.5,0.0,0.0,0.0,10,466.0,484.0,10,476.0,467.5,467.5,467.5,6.0,2805.0,13
2023-05-11 09:29:29,PK311C10400,PK311C10400,467.5,0.0,0.0,0.0,20,463.0,484.0,31,476.0,467.5,467.5,467.5,6.0,2805.0,13
2023-05-11 09:29:31,PK311C10400,PK311C10400,467.5,0.0,0.0,0.0,20,463.0,483.5,21,476.0,467.5,467.5,467.5,6.0,2805.0,13
2023-05-11 09:29:46,PK311C10400,PK311C10400,467.5,0.0,0.0,0.0,10,463.0,481.0,10,476.0,467.5,467.5,467.5,6.0,2805.0,13
2023-05-11 09:29:46,PK311C10400,PK311C10400,467.5,0.0,0.0,0.0,20,461.0,481.0,40,476.0,467.5,467.5,467.5,6.0,2805.0,13
2023-05-11 09:29:47,PK311C10400,PK311C10400,467.5,0.0,0.0,0.0,20,461.0,481.0,42,476.0,467.5,467.5,467.5,6.0,2805.0,13
2023-05-11 09:29:59,PK311C10400,PK311C10400,467.5,0.0,0.0,0.0,10,464.0,480.0,10,476.0,467.5,467.5,467.5,6.0,2805.0,13
2023-05-11 09:30:04,PK311C10400,PK311C10400,467.5,0.0,0.0,0.0,10,464.0,480.0,20,476.0,467.5,467.5,467.5,6.0,2805.0,13
2023-05-11 09:30:09,PK311C10400,PK311C10400,467.5,0.0,0.0,0.0,20,460.5,476.5,20,476.0,467.5,467.5,467.5,6.0,2805.0,13
2023-05-11 09:30:18,PK311C10400,PK311C10400,467.5,0.0,0.0,0.0,20,460.5,476.5,30,476.0,467.5,467.5,467.5,6.0,2805.0,13
2023-05-11 09:30:21,PK311C10400,PK311C10400,467.5,0.0,0.0,0.0,20,457.0,474.0,20,476.0,467.5,467.5,467.5,6.0,2805.0,13
2023-05-11 09:30:22,PK311C10400,PK311C10400,467.5,0.0,0.0,0.0,20,457.0,474.0,30,476.0,467.5,467.5,467.5,6.0,2805.0,13
2023-05-11 09:30:30,PK311C10400,PK311C10400,467.5,0.0,0.0,0.0,20,457.0,474.0,31,476.0,467.5,467.5,467.5,6.0,2805.0,13
2023-05-11 09:30:51,PK311C10400,PK311C10400,467.5,0.0,0.0,0.0,10,457.0,470.5,10,476.0,467.5,467.5,467.5,6.0,2805.0,13
2023-05-11 09:30:51,PK311C10400,PK311C10400,467.5,0.0,0.0,0.0,20,456.5,470.5,20,476.0,467.5,467.5,467.5,6.0,2805.0,13
2023-05-11 09:30:53,PK311C10400,PK311C10400,467.5,0.0,0.0,0.0,20,456.0,470.5,20,476.0,467.5,467.5,467.5,6.0,2805.0,13
2023-05-11 09:31:02,PK311C10400,PK311C10400,467.5,0.0,0.0,0.0,10,456.0,470.5,20,476.0,467.5,467.5,467.5,6.0,2805.0,13
2023-05-11 09:31:02,PK311C10400,PK311C10400,467.5,0.0,0.0,0.0,20,454.0,470.5,20,476.0,467.5,467.5,467.5,6.0,2805.0,13
2023-05-11 09:31:18,PK311C10400,PK311C10400,467.5,0.0,0.0,0.0,20,453.5,467.0,20,476.0,467.5,467.5,467.5,6.0,2805.0,13
2023-05-11 09:31:19,PK311C10400,PK311C10400,467.5,0.0,0.0,0.0,10,453.5,467.0,20,476.0,467.5,467.5,467.5,6.0,2805.0,13
2023-05-11 09:31:20,PK311C10400,PK311C10400,467.5,0.0,0.0,0.0,20,451.0,467.0,20,476.0,467.5,467.5,467.5,6.0,2805.0,13
2023-05-11 09:31:23,PK311C10400,PK311C10400,467.5,0.0,0.0,0.0,10,451.0,467.0,10,476.0,467.5,467.5,467.5,6.0,2805.0,13
2023-05-11 09:31:28,PK311C10400,PK311C10400,467.5,0.0,0.0,0.0,10,451.0,468.0,20,476.0,467.5,467.5,467.5,6.0,2805.0,13
2023-05-11 09:31:36,PK311C10400,PK311C10400,467.5,0.0,0.0,0.0,10,448.5,468.0,20,476.0,467.5,467.5,467.5,6.0,2805.0,13
2023-05-11 09:31:39,PK311C10400,PK311C10400,467.5,0.0,0.0,0.0,10,452.5,463.0,10,476.0,467.5,467.5,467.5,6.0,2805.0,13
2023-05-11 09:31:40,PK311C10400,PK311C10400,467.5,0.0,0.0,0.0,10,454.0,464.0,10,476.0,467.5,467.5,467.5,6.0,2805.0,13
2023-05-11 09:31:41,PK311C10400,PK311C10400,467.5,0.0,0.0,0.0,10,450.5,468.0,10,476.0,467.5,467.5,467.5,6.0,2805.0,13
2023-05-11 09:31:41,PK311C10400,PK311C10400,467.5,0.0,0.0,0.0,20,450.5,471.5,20,476.0,467.5,467.5,467.5,6.0,2805.0,13
2023-05-11 09:32:02,PK311C10400,PK311C10400,467.5,0.0,0.0,0.0,10,451.0,471.0,10,476.0,467.5,467.5,467.5,6.0,2805.0,13
2023-05-11 09:32:13,PK311C10400,PK311C10400,467.5,0.0,0.0,0.0,20,451.0,471.0,20,476.0,467.5,467.5,467.5,6.0,2805.0,13
2023-05-11 09:32:17,PK311C10400,PK311C10400,467.5,0.0,0.0,0.0,20,451.0,461.5,10,476.0,467.5,467.5,467.5,6.0,2805.0,13
2023-05-11 09:32:18,PK311C10400,PK311C10400,467.5,0.0,0.0,0.0,30,450.5,461.5,20,476.0,467.5,467.5,467.5,6.0,2805.0,13
2023-05-11 09:32:18,PK311C10400,PK311C10400,467.5,0.0,0.0,0.0,40,450.5,461.5,20,476.0,467.5,467.5,467.5,6.0,2805.0,13
2023-05-11 09:32:21,PK311C10400,PK311C10400,467.5,0.0,0.0,0.0,30,450.5,461.5,20,476.0,467.5,467.5,467.5,6.0,2805.0,13
2023-05-11 09:32:22,PK311C10400,PK311C10400,467.5,0.0,0.0,0.0,20,450.5,461.5,20,476.0,467.5,467.5,467.5,6.0,2805.0,13
2023-05-11 09:32:23,PK311C10400,PK311C10400,467.5,0.0,0.0,0.0,20,449.5,461.5,20,476.0,467.5,467.5,467.5,6.0,2805.0,13
2023-05-11 09:32:25,PK311C10400,PK311C10400,467.5,0.0,0.0,0.0,20,449.5,458.5,10,476.0,467.5,467.5,467.5,6.0,2805.0,13
2023-05-11 09:32:25,PK311C10400,PK311C10400,467.5,0.0,0.0,0.0,20,449.5,458.5,20,476.0,467.5,467.5,467.5,6.0,2805.0,13
2023-05-11 09:32:30,PK311C10400,PK311C10400,467.5,0.0,0.0,0.0,20,449.5,463.5,20,476.0,467.5,467.5,467.5,6.0,2805.0,13
2023-05-11 09:32:31,PK311C10400,PK311C10400,467.5,0.0,0.0,0.0,20,449.5,464.0,20,476.0,467.5,467.5,467.5,6.0,2805.0,13
2023-05-11 09:32:31,PK311C10400,PK311C10400,467.5,0.0,0.0,0.0,20,449.5,463.5,10,476.0,467.5,467.5,467.5,6.0,2805.0,13
2023-05-11 09:33:03,PK311C10400,PK311C10400,467.5,0.0,0.0,0.0,10,449.5,463.5,10,476.0,467.5,467.5,467.5,6.0,2805.0,13
2023-05-11 09:33:03,PK311C10400,PK311C10400,467.5,0.0,0.0,0.0,10,447.5,463.5,20,476.0,467.5,467.5,467.5,6.0,2805.0,13
2023-05-11 09:33:04,PK311C10400,PK311C10400,467.5,0.0,0.0,0.0,10,446.5,463.5,20,476.0,467.5,467.5,467.5,6.0,2805.0,13
2023-05-11 09:33:08,PK311C10400,PK311C10400,467.5,0.0,0.0,0.0,30,446.5,463.5,20,476.0,467.5,467.5,467.5,6.0,2805.0,13
2023-05-11 09:33:09,PK311C10400,PK311C10400,467.5,0.0,0.0,0.0,20,446.5,463.5,20,476.0,467.5,467.5,467.5,6.0,2805.0,13
2023-05-11 09:33:12,PK311C10400,PK311C10400,467.5,0.0,0.0,0.0,30,446.5,463.5,20,476.0,467.5,467.5,467.5,6.0,2805.0,13
2023-05-11 09:33:20,PK311C10400,PK311C10400,467.5,0.0,0.0,0.0,20,446.5,463.5,20,476.0,467.5,467.5,467.5,6.0,2805.0,13
2023-05-11 09:33:34,PK311C10400,PK311C10400,467.5,0.0,0.0,0.0,10,446.5,463.5,20,476.0,467.5,467.5,467.5,6.0,2805.0,13
2023-05-11 09:33:36,PK311C10400,PK311C10400,467.5,0.0,0.0,0.0,30,445.0,463.5,20,476.0,467.5,467.5,467.5,6.0,2805.0,13
2023-05-11 09:33:57,PK311C10400,PK311C10400,467.5,0.0,0.0,0.0,30,445.0,463.0,10,476.0,467.5,467.5,467.5,6.0,2805.0,13
2023-05-11 09:34:01,PK311C10400,PK311C10400,467.5,0.0,0.0,0.0,10,445.5,463.5,10,476.0,467.5,467.5,467.5,6.0,2805.0,13
2023-05-11 09:34:01,PK311C10400,PK311C10400,467.5,0.0,0.0,0.0,10,445.5,463.0,10,476.0,467.5,467.5,467.5,6.0,2805.0,13
2023-05-11 09:34:03,PK311C10400,PK311C10400,467.5,0.0,0.0,0.0,10,445.0,463.0,20,476.0,467.5,467.5,467.5,6.0,2805.0,13
2023-05-11 09:34:04,PK311C10400,PK311C10400,467.5,0.0,0.0,0.0,20,446.0,459.5,20,476.0,467.5,467.5,467.5,6.0,2805.0,13
2023-05-11 09:34:04,PK311C10400,PK311C10400,467.5,0.0,0.0,0.0,20,446.0,459.5,30,476.0,467.5,467.5,467.5,6.0,2805.0,13
2023-05-11 09:34:07,PK311C10400,PK311C10400,467.5,0.0,0.0,0.0,20,445.0,459.5,30,476.0,467.5,467.5,467.5,6.0,2805.0,13
2023-05-11 09:34:09,PK311C10400,PK311C10400,467.5,0.0,0.0,0.0,20,445.0,459.5,20,476.0,467.5,467.5,467.5,6.0,2805.0,13
2023-05-11 09:34:09,PK311C10400,PK311C10400,467.5,0.0,0.0,0.0,20,445.0,459.5,30,476.0,467.5,467.5,467.5,6.0,2805.0,13
2023-05-11 09:34:11,PK311C10400,PK311C10400,467.5,0.0,0.0,0.0,20,445.0,459.5,20,476.0,467.5,467.5,467.5,6.0,2805.0,13
2023-05-11 09:34:16,PK311C10400,PK311C10400,467.5,0.0,0.0,0.0,30,445.0,459.5,20,476.0,467.5,467.5,467.5,6.0,2805.0,13
2023-05-11 09:34:22,PK311C10400,PK311C10400,459.5,4.0,1840.0,0.0,20,445.0,459.5,10,476.0,467.5,467.5,459.5,10.0,4645.0,13
2023-05-11 09:34:22,PK311C10400,PK311C10400,459.5,0.0,0.0,0.0,30,445.0,459.5,10,476.0,467.5,467.5,459.5,10.0,4645.0,13
2023-05-11 09:34:27,PK311C10400,PK311C10400,459.5,0.0,0.0,0.0,20,445.0,459.5,10,476.0,467.5,467.5,459.5,10.0,4645.0,13
2023-05-11 09:34:27,PK311C10400,PK311C10400,459.5,0.0,0.0,0.0,30,445.0,459.5,20,476.0,467.5,467.5,459.5,10.0,4645.0,13
2023-05-11 09:34:36,PK311C10400,PK311C10400,459.5,0.0,0.0,0.0,30,445.0,459.5,10,476.0,467.5,467.5,459.5,10.0,4645.0,13
2023-05-11 09:34:36,PK311C10400,PK311C10400,459.5,0.0,0.0,0.0,30,445.0,459.5,20,476.0,467.5,467.5,459.5,10.0,4645.0,13
2023-05-11 09:34:42,PK311C10400,PK311C10400,459.5,0.0,0.0,0.0,20,445.0,459.5,20,476.0,467.5,467.5,459.5,10.0,4645.0,13
2023-05-11 09:34:43,PK311C10400,PK311C10400,459.5,0.0,0.0,0.0,10,445.0,459.5,20,476.0,467.5,467.5,459.5,10.0,4645.0,13
2023-05-11 09:34:43,PK311C10400,PK311C10400,459.5,0.0,0.0,0.0,20,443.0,459.5,20,476.0,467.5,467.5,459.5,10.0,4645.0,13
2023-05-11 09:34:56,PK311C10400,PK311C10400,459.5,0.0,0.0,0.0,20,443.0,459.5,10,476.0,467.5,467.5,459.5,10.0,4645.0,13
2023-05-11 09:34:57,PK311C10400,PK311C10400,459.5,0.0,0.0,0.0,20,443.0,461.0,10,476.0,467.5,467.5,459.5,10.0,4645.0,13
2023-05-11 09:35:08,PK311C10400,PK311C10400,459.5,0.0,0.0,0.0,10,443.0,461.0,10,476.0,467.5,467.5,459.5,10.0,4645.0,13
2023-05-11 09:35:09,PK311C10400,PK311C10400,459.5,0.0,0.0,0.0,20,442.5,461.0,20,476.0,467.5,467.5,459.5,10.0,4645.0,13
2023-05-11 09:35:12,PK311C10400,PK311C10400,459.5,0.0,0.0,0.0,30,442.0,461.0,30,476.0,467.5,467.5,459.5,10.0,4645.0,13
2023-05-11 09:35:13,PK311C10400,PK311C10400,459.5,0.0,0.0,0.0,20,442.0,460.5,10,476.0,467.5,467.5,459.5,10.0,4645.0,13
2023-05-11 09:35:13,PK311C10400,PK311C10400,459.5,0.0,0.0,0.0,20,442.0,460.0,10,476.0,467.5,467.5,459.5,10.0,4645.0,13
2023-05-11 09:35:17,PK311C10400,PK311C10400,459.5,0.0,0.0,0.0,20,441.0,459.5,20,476.0,467.5,467.5,459.5,10.0,4645.0,13
2023-05-11 09:35:18,PK311C10400,PK311C10400,459.5,0.0,0.0,0.0,20,441.0,459.0,10,476.0,467.5,467.5,459.5,10.0,4645.0,13
2023-05-11 09:35:24,PK311C10400,PK311C10400,459.5,0.0,0.0,0.0,10,441.5,459.5,30,476.0,467.5,467.5,459.5,10.0,4645.0,13
2023-05-11 09:35:24,PK311C10400,PK311C10400,459.5,0.0,0.0,0.0,20,441.0,459.5,30,476.0,467.5,467.5,459.5,10.0,4645.0,13
2023-05-11 09:35:38,PK311C10400,PK311C10400,459.5,0.0,0.0,0.0,20,441.0,459.0,10,476.0,467.5,467.5,459.5,10.0,4645.0,13
2023-05-11 09:35:48,PK311C10400,PK311C10400,459.5,0.0,0.0,0.0,20,440.5,459.0,20,476.0,467.5,467.5,459.5,10.0,4645.0,13
2023-05-11 09:35:49,PK311C10400,PK311C10400,459.5,0.0,0.0,0.0,20,440.5,458.5,10,476.0,467.5,467.5,459.5,10.0,4645.0,13
2023-05-11 09:36:06,PK311C10400,PK311C10400,459.5,0.0,0.0,0.0,20,439.0,458.0,10,476.0,467.5,467.5,459.5,10.0,4645.0,13
2023-05-11 09:36:07,PK311C10400,PK311C10400,459.5,0.0,0.0,0.0,20,439.0,457.5,10,476.0,467.5,467.5,459.5,10.0,4645.0,13
2023-05-11 09:36:23,PK311C10400,PK311C10400,459.5,0.0,0.0,0.0,20,439.0,457.0,10,476.0,467.5,467.5,459.5,10.0,4645.0,13
2023-05-11 09:36:23,PK311C10400,PK311C10400,459.5,0.0,0.0,0.0,30,438.5,457.0,20,476.0,467.5,467.5,459.5,10.0,4645.0,13
2023-05-11 09:36:24,PK311C10400,PK311C10400,459.5,0.0,0.0,0.0,30,438.5,456.5,10,476.0,467.5,467.5,459.5,10.0,4645.0,13
2023-05-11 09:36:24,PK311C10400,PK311C10400,459.5,0.0,0.0,0.0,10,438.5,455.5,20,476.0,467.5,467.5,459.5,10.0,4645.0,13
2023-05-11 09:36:25,PK311C10400,PK311C10400,459.5,0.0,0.0,0.0,10,437.0,455.0,20,476.0,467.5,467.5,459.5,10.0,4645.0,13
2023-05-11 09:36:25,PK311C10400,PK311C10400,459.5,0.0,0.0,0.0,20,436.5,455.0,40,476.0,467.5,467.5,459.5,10.0,4645.0,13
2023-05-11 09:36:32,PK311C10400,PK311C10400,459.5,0.0,0.0,0.0,10,434.5,449.5,10,476.0,467.5,467.5,459.5,10.0,4645.0,13
2023-05-11 09:36:32,PK311C10400,PK311C10400,459.5,0.0,0.0,0.0,10,433.5,449.5,10,476.0,467.5,467.5,459.5,10.0,4645.0,13
2023-05-11 09:36:33,PK311C10400,PK311C10400,459.5,0.0,0.0,0.0,10,433.5,450.0,10,476.0,467.5,467.5,459.5,10.0,4645.0,13
2023-05-11 09:36:33,PK311C10400,PK311C10400,459.5,0.0,0.0,0.0,20,433.5,451.0,10,476.0,467.5,467.5,459.5,10.0,4645.0,13
2023-05-11 09:36:34,PK311C10400,PK311C10400,459.5,0.0,0.0,0.0,30,433.5,451.0,20,476.0,467.5,467.5,459.5,10.0,4645.0,13
2023-05-11 09:36:37,PK311C10400,PK311C10400,459.5,0.0,0.0,0.0,30,433.5,451.0,30,476.0,467.5,467.5,459.5,10.0,4645.0,13
2023-05-11 09:36:38,PK311C10400,PK311C10400,459.5,0.0,0.0,0.0,20,433.5,450.0,10,476.0,467.5,467.5,459.5,10.0,4645.0,13
2023-05-11 09:36:39,PK311C10400,PK311C10400,459.5,0.0,0.0,0.0,40,431.5,449.5,10,476.0,467.5,467.5,459.5,10.0,4645.0,13
2023-05-11 09:36:39,PK311C10400,PK311C10400,459.5,0.0,0.0,0.0,30,431.5,449.5,10,476.0,467.5,467.5,459.5,10.0,4645.0,13
2023-05-11 09:36:41,PK311C10400,PK311C10400,459.5,0.0,0.0,0.0,30,431.5,449.0,10,476.0,467.5,467.5,459.5,10.0,4645.0,13
2023-05-11 09:36:41,PK311C10400,PK311C10400,459.5,0.0,0.0,0.0,30,431.5,448.5,10,476.0,467.5,467.5,459.5,10.0,4645.0,13
2023-05-11 09:36:43,PK311C10400,PK311C10400,459.5,0.0,0.0,0.0,20,431.5,448.5,10,476.0,467.5,467.5,459.5,10.0,4645.0,13
2023-05-11 09:36:44,PK311C10400,PK311C10400,459.5,0.0,0.0,0.0,40,429.5,448.5,30,476.0,467.5,467.5,459.5,10.0,4645.0,13
2023-05-11 09:36:45,PK311C10400,PK311C10400,459.5,0.0,0.0,0.0,30,429.5,448.5,30,476.0,467.5,467.5,459.5,10.0,4645.0,13
2023-05-11 09:36:48,PK311C10400,PK311C10400,459.5,0.0,0.0,0.0,20,429.5,448.0,10,476.0,467.5,467.5,459.5,10.0,4645.0,13
2023-05-11 09:36:48,PK311C10400,PK311C10400,459.5,0.0,0.0,0.0,20,429.5,447.5,10,476.0,467.5,467.5,459.5,10.0,4645.0,13
2023-05-11 09:36:52,PK311C10400,PK311C10400,459.5,0.0,0.0,0.0,10,429.5,447.5,10,476.0,467.5,467.5,459.5,10.0,4645.0,13
2023-05-11 09:36:52,PK311C10400,PK311C10400,459.5,0.0,0.0,0.0,40,429.0,447.5,20,476.0,467.5,467.5,459.5,10.0,4645.0,13
2023-05-11 09:36:55,PK311C10400,PK311C10400,459.5,0.0,0.0,0.0,10,429.5,447.5,20,476.0,467.5,467.5,459.5,10.0,4645.0,13
2023-05-11 09:36:57,PK311C10400,PK311C10400,459.5,0.0,0.0,0.0,40,429.0,447.5,30,476.0,467.5,467.5,459.5,10.0,4645.0,13
2023-05-11 09:37:05,PK311C10400,PK311C10400,459.5,0.0,0.0,0.0,10,429.5,447.5,20,476.0,467.5,467.5,459.5,10.0,4645.0,13
2023-05-11 09:37:05,PK311C10400,PK311C10400,459.5,0.0,0.0,0.0,10,430.5,449.5,10,476.0,467.5,467.5,459.5,10.0,4645.0,13
2023-05-11 09:37:05,PK311C10400,PK311C10400,459.5,0.0,0.0,0.0,10,431.0,449.5,20,476.0,467.5,467.5,459.5,10.0,4645.0,13
2023-05-11 09:37:06,PK311C10400,PK311C10400,459.5,0.0,0.0,0.0,10,431.0,449.5,10,476.0,467.5,467.5,459.5,10.0,4645.0,13
2023-05-11 09:37:06,PK311C10400,PK311C10400,459.5,0.0,0.0,0.0,10,431.0,450.0,10,476.0,467.5,467.5,459.5,10.0,4645.0,13
2023-05-11 09:37:07,PK311C10400,PK311C10400,459.5,0.0,0.0,0.0,10,431.0,449.5,10,476.0,467.5,467.5,459.5,10.0,4645.0,13
2023-05-11 09:37:07,PK311C10400,PK311C10400,459.5,0.0,0.0,0.0,10,431.5,449.5,10,476.0,467.5,467.5,459.5,10.0,4645.0,13
2023-05-11 09:37:08,PK311C10400,PK311C10400,459.5,0.0,0.0,0.0,20,431.5,449.5,20,476.0,467.5,467.5,459.5,10.0,4645.0,13
2023-05-11 09:37:09,PK311C10400,PK311C10400,459.5,0.0,0.0,0.0,20,431.5,449.5,10,476.0,467.5,467.5,459.5,10.0,4645.0,13
2023-05-11 09:37:09,PK311C10400,PK311C10400,459.5,0.0,0.0,0.0,20,432.0,450.0,20,476.0,467.5,467.5,459.5,10.0,4645.0,13
2023-05-11 09:37:10,PK311C10400,PK311C10400,459.5,0.0,0.0,0.0,10,432.0,450.0,30,476.0,467.5,467.5,459.5,10.0,4645.0,13
2023-05-11 09:37:12,PK311C10400,PK311C10400,459.5,0.0,0.0,0.0,20,432.0,450.0,40,476.0,467.5,467.5,459.5,10.0,4645.0,13
2023-05-11 09:37:17,PK311C10400,PK311C10400,459.5,0.0,0.0,0.0,20,432.0,450.0,30,476.0,467.5,467.5,459.5,10.0,4645.0,13
2023-05-11 09:37:18,PK311C10400,PK311C10400,459.5,0.0,0.0,0.0,20,432.0,449.5,10,476.0,467.5,467.5,459.5,10.0,4645.0,13
2023-05-11 09:37:19,PK311C10400,PK311C10400,459.5,0.0,0.0,0.0,10,432.0,449.0,10,476.0,467.5,467.5,459.5,10.0,4645.0,13
2023-05-11 09:38:09,PK311C10400,PK311C10400,459.5,0.0,0.0,0.0,10,432.0,449.5,10,476.0,467.5,467.5,459.5,10.0,4645.0,13
2023-05-11 09:38:10,PK311C10400,PK311C10400,459.5,0.0,0.0,0.0,10,432.5,449.5,10,476.0,467.5,467.5,459.5,10.0,4645.0,13
2023-05-11 09:38:10,PK311C10400,PK311C10400,459.5,0.0,0.0,0.0,10,432.5,450.0,10,476.0,467.5,467.5,459.5,10.0,4645.0,13
2023-05-11 09:38:15,PK311C10400,PK311C10400,459.5,0.0,0.0,0.0,30,432.5,451.0,10,476.0,467.5,467.5,459.5,10.0,4645.0,13
2023-05-11 09:38:15,PK311C10400,PK311C10400,459.5,0.0,0.0,0.0,40,432.5,452.5,30,476.0,467.5,467.5,459.5,10.0,4645.0,13
2023-05-11 09:38:16,PK311C10400,PK311C10400,459.5,0.0,0.0,0.0,30,432.5,452.5,30,476.0,467.5,467.5,459.5,10.0,4645.0,13
2023-05-11 09:38:28,PK311C10400,PK311C10400,459.5,0.0,0.0,0.0,40,432.5,452.5,30,476.0,467.5,467.5,459.5,10.0,4645.0,13
2023-05-11 09:38:42,PK311C10400,PK311C10400,459.5,0.0,0.0,0.0,30,432.5,452.0,10,476.0,467.5,467.5,459.5,10.0,4645.0,13
2023-05-11 09:38:46,PK311C10400,PK311C10400,459.5,0.0,0.0,0.0,20,432.5,450.5,10,476.0,467.5,467.5,459.5,10.0,4645.0,13
2023-05-11 09:38:46,PK311C10400,PK311C10400,459.5,0.0,0.0,0.0,10,432.5,450.0,20,476.0,467.5,467.5,459.5,10.0,4645.0,13
2023-05-11 09:38:54,PK311C10400,PK311C10400,459.5,0.0,0.0,0.0,10,432.5,450.0,10,476.0,467.5,467.5,459.5,10.0,4645.0,13
2023-05-11 09:39:03,PK311C10400,PK311C10400,459.5,0.0,0.0,0.0,10,432.5,450.5,20,476.0,467.5,467.5,459.5,10.0,4645.0,13
2023-05-11 09:40:04,PK311C10400,PK311C10400,459.5,0.0,0.0,0.0,10,432.5,450.0,10,476.0,467.5,467.5,459.5,10.0,4645.0,13
2023-05-11 09:40:05,PK311C10400,PK311C10400,459.5,0.0,0.0,0.0,10,429.5,449.0,10,476.0,467.5,467.5,459.5,10.0,4645.0,13
2023-05-11 09:40:05,PK311C10400,PK311C10400,459.5,0.0,0.0,0.0,10,429.5,448.5,10,476.0,467.5,467.5,459.5,10.0,4645.0,13
2023-05-11 09:40:05,PK311C10400,PK311C10400,459.5,0.0,0.0,0.0,10,429.5,448.0,10,476.0,467.5,467.5,459.5,10.0,4645.0,13
2023-05-11 09:40:06,PK311C10400,PK311C10400,459.5,0.0,0.0,0.0,10,429.5,447.5,10,476.0,467.5,467.5,459.5,10.0,4645.0,13
2023-05-11 09:40:07,PK311C10400,PK311C10400,459.5,0.0,0.0,0.0,10,429.5,447.0,10,476.0,467.5,467.5,459.5,10.0,4645.0,13
2023-05-11 09:40:08,PK311C10400,PK311C10400,459.5,0.0,0.0,0.0,10,429.5,447.0,30,476.0,467.5,467.5,459.5,10.0,4645.0,13
2023-05-11 09:40:08,PK311C10400,PK311C10400,459.5,0.0,0.0,0.0,10,430.0,447.0,10,476.0,467.5,467.5,459.5,10.0,4645.0,13
2023-05-11 09:40:09,PK311C10400,PK311C10400,459.5,0.0,0.0,0.0,30,430.0,449.0,10,476.0,467.5,467.5,459.5,10.0,4645.0,13
2023-05-11 09:40:09,PK311C10400,PK311C10400,459.5,0.0,0.0,0.0,30,430.0,450.5,30,476.0,467.5,467.5,459.5,10.0,4645.0,13
2023-05-11 09:40:09,PK311C10400,PK311C10400,459.5,0.0,0.0,0.0,20,430.0,450.0,10,476.0,467.5,467.5,459.5,10.0,4645.0,13
2023-05-11 09:40:11,PK311C10400,PK311C10400,459.5,0.0,0.0,0.0,30,430.0,450.5,40,476.0,467.5,467.5,459.5,10.0,4645.0,13
2023-05-11 09:40:12,PK311C10400,PK311C10400,459.5,0.0,0.0,0.0,20,430.0,450.5,40,476.0,467.5,467.5,459.5,10.0,4645.0,13
2023-05-11 09:40:12,PK311C10400,PK311C10400,459.5,0.0,0.0,0.0,30,430.0,450.5,40,476.0,467.5,467.5,459.5,10.0,4645.0,13
2023-05-11 09:40:22,PK311C10400,PK311C10400,459.5,0.0,0.0,0.0,20,430.0,450.0,10,476.0,467.5,467.5,459.5,10.0,4645.0,13
2023-05-11 09:40:23,PK311C10400,PK311C10400,459.5,0.0,0.0,0.0,20,430.0,449.5,10,476.0,467.5,467.5,459.5,10.0,4645.0,13
2023-05-11 09:40:25,PK311C10400,PK311C10400,459.5,0.0,0.0,0.0,20,430.0,449.0,10,476.0,467.5,467.5,459.5,10.0,4645.0,13
2023-05-11 09:40:27,PK311C10400,PK311C10400,459.5,0.0,0.0,0.0,20,430.0,447.0,10,476.0,467.5,467.5,459.5,10.0,4645.0,13
2023-05-11 09:40:27,PK311C10400,PK311C10400,459.5,0.0,0.0,0.0,10,430.0,446.5,10,476.0,467.5,467.5,459.5,10.0,4645.0,13
2023-05-11 09:40:28,PK311C10400,PK311C10400,459.5,0.0,0.0,0.0,10,430.0,446.5,20,476.0,467.5,467.5,459.5,10.0,4645.0,13
2023-05-11 09:40:29,PK311C10400,PK311C10400,459.5,0.0,0.0,0.0,10,430.0,446.0,10,476.0,467.5,467.5,459.5,10.0,4645.0,13
2023-05-11 09:40:31,PK311C10400,PK311C10400,459.5,0.0,0.0,0.0,10,430.0,446.0,20,476.0,467.5,467.5,459.5,10.0,4645.0,13
2023-05-11 09:40:32,PK311C10400,PK311C10400,459.5,0.0,0.0,0.0,10,430.0,446.0,10,476.0,467.5,467.5,459.5,10.0,4645.0,13
2023-05-11 09:40:35,PK311C10400,PK311C10400,459.5,0.0,0.0,0.0,10,430.0,446.5,10,476.0,467.5,467.5,459.5,10.0,4645.0,13
2023-05-11 09:40:48,PK311C10400,PK311C10400,459.5,0.0,0.0,0.0,10,430.0,447.0,10,476.0,467.5,467.5,459.5,10.0,4645.0,13
2023-05-11 09:40:51,PK311C10400,PK311C10400,459.5,0.0,0.0,0.0,20,430.0,447.0,10,476.0,467.5,467.5,459.5,10.0,4645.0,13
2023-05-11 09:40:53,PK311C10400,PK311C10400,459.5,0.0,0.0,0.0,20,430.0,448.5,10,476.0,467.5,467.5,459.5,10.0,4645.0,13
2023-05-11 09:41:02,PK311C10400,PK311C10400,459.5,0.0,0.0,0.0,10,430.0,448.5,10,476.0,467.5,467.5,459.5,10.0,4645.0,13
2023-05-11 09:41:03,PK311C10400,PK311C10400,459.5,0.0,0.0,0.0,10,430.0,448.0,10,476.0,467.5,467.5,459.5,10.0,4645.0,13
2023-05-11 09:41:03,PK311C10400,PK311C10400,459.5,0.0,0.0,0.0,10,430.0,448.0,20,476.0,467.5,467.5,459.5,10.0,4645.0,13
2023-05-11 09:41:04,PK311C10400,PK311C10400,459.5,0.0,0.0,0.0,10,430.0,447.0,10,476.0,467.5,467.5,459.5,10.0,4645.0,13
2023-05-11 09:41:04,PK311C10400,PK311C10400,459.5,0.0,0.0,0.0,10,430.0,446.5,10,476.0,467.5,467.5,459.5,10.0,4645.0,13
2023-05-11 09:41:04,PK311C10400,PK311C10400,459.5,0.0,0.0,0.0,10,430.0,446.5,20,476.0,467.5,467.5,459.5,10.0,4645.0,13
2023-05-11 09:41:05,PK311C10400,PK311C10400,459.5,0.0,0.0,0.0,10,430.0,446.5,10,476.0,467.5,467.5,459.5,10.0,4645.0,13
2023-05-11 09:41:10,PK311C10400,PK311C10400,459.5,0.0,0.0,0.0,10,428.0,446.0,10,476.0,467.5,467.5,459.5,10.0,4645.0,13
2023-05-11 09:41:10,PK311C10400,PK311C10400,459.5,0.0,0.0,0.0,20,427.0,446.0,20,476.0,467.5,467.5,459.5,10.0,4645.0,13
2023-05-11 09:41:11,PK311C10400,PK311C10400,459.5,0.0,0.0,0.0,10,427.0,446.0,30,476.0,467.5,467.5,459.5,10.0,4645.0,13
2023-05-11 09:41:12,PK311C10400,PK311C10400,459.5,0.0,0.0,0.0,10,427.0,445.5,10,476.0,467.5,467.5,459.5,10.0,4645.0,13
2023-05-11 09:41:13,PK311C10400,PK311C10400,459.5,0.0,0.0,0.0,10,427.0,445.0,10,476.0,467.5,467.5,459.5,10.0,4645.0,13
2023-05-11 09:41:15,PK311C10400,PK311C10400,459.5,0.0,0.0,0.0,10,427.0,445.5,10,476.0,467.5,467.5,459.5,10.0,4645.0,13
2023-05-11 09:41:18,PK311C10400,PK311C10400,459.5,0.0,0.0,0.0,10,427.0,444.0,10,476.0,467.5,467.5,459.5,10.0,4645.0,13
2023-05-11 09:41:18,PK311C10400,PK311C10400,459.5,0.0,0.0,0.0,20,427.0,444.0,20,476.0,467.5,467.5,459.5,10.0,4645.0,13
2023-05-11 09:41:18,PK311C10400,PK311C10400,459.5,0.0,0.0,0.0,10,427.0,444.0,20,476.0,467.5,467.5,459.5,10.0,4645.0,13
2023-05-11 09:41:25,PK311C10400,PK311C10400,459.5,0.0,0.0,0.0,10,427.0,446.5,20,476.0,467.5,467.5,459.5,10.0,4645.0,13
2023-05-11 09:41:25,PK311C10400,PK311C10400,459.5,0.0,0.0,0.0,10,427.0,446.0,10,476.0,467.5,467.5,459.5,10.0,4645.0,13
2023-05-11 09:41:36,PK311C10400,PK311C10400,459.5,0.0,0.0,0.0,10,427.0,445.5,10,476.0,467.5,467.5,459.5,10.0,4645.0,13
2023-05-11 09:41:37,PK311C10400,PK311C10400,459.5,0.0,0.0,0.0,10,425.0,443.5,20,476.0,467.5,467.5,459.5,10.0,4645.0,13
2023-05-11 09:41:37,PK311C10400,PK311C10400,459.5,0.0,0.0,0.0,10,424.5,443.0,10,476.0,467.5,467.5,459.5,10.0,4645.0,13
2023-05-11 09:41:41,PK311C10400,PK311C10400,459.5,0.0,0.0,0.0,20,424.5,443.5,20,476.0,467.5,467.5,459.5,10.0,4645.0,13
2023-05-11 09:41:44,PK311C10400,PK311C10400,459.5,0.0,0.0,0.0,30,424.5,443.5,30,476.0,467.5,467.5,459.5,10.0,4645.0,13
2023-05-11 09:41:44,PK311C10400,PK311C10400,459.5,0.0,0.0,0.0,30,424.5,443.5,40,476.0,467.5,467.5,459.5,10.0,4645.0,13
2023-05-11 09:41:45,PK311C10400,PK311C10400,459.5,0.0,0.0,0.0,30,424.5,443.5,30,476.0,467.5,467.5,459.5,10.0,4645.0,13
2023-05-11 09:41:52,PK311C10400,PK311C10400,459.5,0.0,0.0,0.0,30,424.5,443.0,10,476.0,467.5,467.5,459.5,10.0,4645.0,13
2023-05-11 09:41:53,PK311C10400,PK311C10400,459.5,0.0,0.0,0.0,20,424.5,442.5,10,476.0,467.5,467.5,459.5,10.0,4645.0,13
2023-05-11 09:41:54,PK311C10400,PK311C10400,459.5,0.0,0.0,0.0,20,424.5,442.5,20,476.0,467.5,467.5,459.5,10.0,4645.0,13
2023-05-11 09:41:57,PK311C10400,PK311C10400,459.5,0.0,0.0,0.0,20,424.5,440.0,10,476.0,467.5,467.5,459.5,10.0,4645.0,13
2023-05-11 09:41:57,PK311C10400,PK311C10400,459.5,0.0,0.0,0.0,10,424.5,440.0,20,476.0,467.5,467.5,459.5,10.0,4645.0,13
2023-05-11 09:41:58,PK311C10400,PK311C10400,459.5,0.0,0.0,0.0,10,422.5,440.0,10,476.0,467.5,467.5,459.5,10.0,4645.0,13
2023-05-11 09:41:58,PK311C10400,PK311C10400,459.5,0.0,0.0,0.0,20,421.5,440.0,20,476.0,467.5,467.5,459.5,10.0,4645.0,13
2023-05-11 09:41:59,PK311C10400,PK311C10400,459.5,0.0,0.0,0.0,30,421.5,440.0,20,476.0,467.5,467.5,459.5,10.0,4645.0,13
2023-05-11 09:41:59,PK311C10400,PK311C10400,459.5,0.0,0.0,0.0,10,422.5,440.0,10,476.0,467.5,467.5,459.5,10.0,4645.0,13
2023-05-11 09:42:00,PK311C10400,PK311C10400,459.5,0.0,0.0,0.0,10,423.0,442.5,20,476.0,467.5,467.5,459.5,10.0,4645.0,13
2023-05-11 09:42:01,PK311C10400,PK311C10400,459.5,0.0,0.0,0.0,10,423.5,442.0,10,476.0,467.5,467.5,459.5,10.0,4645.0,13
2023-05-11 09:42:01,PK311C10400,PK311C10400,459.5,0.0,0.0,0.0,20,423.5,442.0,10,476.0,467.5,467.5,459.5,10.0,4645.0,13
2023-05-11 09:42:03,PK311C10400,PK311C10400,459.5,0.0,0.0,0.0,30,423.5,442.0,20,476.0,467.5,467.5,459.5,10.0,4645.0,13
2023-05-11 09:42:04,PK311C10400,PK311C10400,459.5,0.0,0.0,0.0,30,423.5,442.0,10,476.0,467.5,467.5,459.5,10.0,4645.0,13
2023-05-11 09:42:06,PK311C10400,PK311C10400,459.5,0.0,0.0,0.0,20,423.5,441.5,10,476.0,467.5,467.5,459.5,10.0,4645.0,13
2023-05-11 09:42:16,PK311C10400,PK311C10400,459.5,0.0,0.0,0.0,30,423.5,439.5,20,476.0,467.5,467.5,459.5,10.0,4645.0,13
2023-05-11 09:42:20,PK311C10400,PK311C10400,459.5,0.0,0.0,0.0,30,423.5,439.0,10,476.0,467.5,467.5,459.5,10.0,4645.0,13
2023-05-11 09:42:22,PK311C10400,PK311C10400,459.5,0.0,0.0,0.0,30,423.5,439.5,30,476.0,467.5,467.5,459.5,10.0,4645.0,13
2023-05-11 09:42:23,PK311C10400,PK311C10400,459.5,0.0,0.0,0.0,30,423.5,438.5,10,476.0,467.5,467.5,459.5,10.0,4645.0,13
2023-05-11 09:42:32,PK311C10400,PK311C10400,459.5,0.0,0.0,0.0,10,421.0,433.5,10,476.0,467.5,467.5,459.5,10.0,4645.0,13
2023-05-11 09:42:32,PK311C10400,PK311C10400,459.5,0.0,0.0,0.0,10,416.0,430.0,10,476.0,467.5,467.5,459.5,10.0,4645.0,13
2023-05-11 09:42:33,PK311C10400,PK311C10400,459.5,0.0,0.0,0.0,10,416.5,433.5,10,476.0,467.5,467.5,459.5,10.0,4645.0,13
2023-05-11 09:42:35,PK311C10400,PK311C10400,459.5,0.0,0.0,0.0,20,416.5,433.5,20,476.0,467.5,467.5,459.5,10.0,4645.0,13
2023-05-11 09:42:36,PK311C10400,PK311C10400,459.5,0.0,0.0,0.0,30,416.5,433.5,20,476.0,467.5,467.5,459.5,10.0,4645.0,13
2023-05-11 09:42:36,PK311C10400,PK311C10400,459.5,0.0,0.0,0.0,30,416.5,433.5,40,476.0,467.5,467.5,459.5,10.0,4645.0,13
2023-05-11 09:42:37,PK311C10400,PK311C10400,459.5,0.0,0.0,0.0,30,416.5,433.5,30,476.0,467.5,467.5,459.5,10.0,4645.0,13
2023-05-11 09:42:44,PK311C10400,PK311C10400,459.5,0.0,0.0,0.0,20,416.5,431.0,10,476.0,467.5,467.5,459.5,10.0,4645.0,13
2023-05-11 09:42:44,PK311C10400,PK311C10400,459.5,0.0,0.0,0.0,20,416.5,431.0,20,476.0,467.5,467.5,459.5,10.0,4645.0,13
2023-05-11 09:42:45,PK311C10400,PK311C10400,459.5,0.0,0.0,0.0,10,416.5,431.0,20,476.0,467.5,467.5,459.5,10.0,4645.0,13
2023-05-11 09:42:46,PK311C10400,PK311C10400,459.5,0.0,0.0,0.0,20,415.5,431.0,10,476.0,467.5,467.5,459.5,10.0,4645.0,13
2023-05-11 09:42:46,PK311C10400,PK311C10400,459.5,0.0,0.0,0.0,10,415.5,431.0,10,476.0,467.5,467.5,459.5,10.0,4645.0,13
2023-05-11 09:42:47,PK311C10400,PK311C10400,459.5,0.0,0.0,0.0,20,415.5,431.0,20,476.0,467.5,467.5,459.5,10.0,4645.0,13
2023-05-11 09:43:01,PK311C10400,PK311C10400,459.5,0.0,0.0,0.0,20,415.0,431.0,20,476.0,467.5,467.5,459.5,10.0,4645.0,13
2023-05-11 09:43:01,PK311C10400,PK311C10400,459.5,0.0,0.0,0.0,30,415.0,431.0,20,476.0,467.5,467.5,459.5,10.0,4645.0,13
2023-05-11 09:43:05,PK311C10400,PK311C10400,459.5,0.0,0.0,0.0,10,418.5,433.0,10,476.0,467.5,467.5,459.5,10.0,4645.0,13
2023-05-11 09:43:05,PK311C10400,PK311C10400,459.5,0.0,0.0,0.0,10,418.5,434.5,10,476.0,467.5,467.5,459.5,10.0,4645.0,13
2023-05-11 09:43:08,PK311C10400,PK311C10400,459.5,0.0,0.0,0.0,30,418.5,434.5,20,476.0,467.5,467.5,459.5,10.0,4645.0,13
2023-05-11 09:43:10,PK311C10400,PK311C10400,459.5,0.0,0.0,0.0,20,418.5,434.5,30,476.0,467.5,467.5,459.5,10.0,4645.0,13
2023-05-11 09:43:11,PK311C10400,PK311C10400,459.5,0.0,0.0,0.0,20,418.5,434.5,20,476.0,467.5,467.5,459.5,10.0,4645.0,13
2023-05-11 09:43:13,PK311C10400,PK311C10400,459.5,0.0,0.0,0.0,30,418.5,434.5,30,476.0,467.5,467.5,459.5,10.0,4645.0,13
2023-05-11 09:43:17,PK311C10400,PK311C10400,459.5,0.0,0.0,0.0,30,418.5,433.5,10,476.0,467.5,467.5,459.5,10.0,4645.0,13
2023-05-11 09:43:17,PK311C10400,PK311C10400,459.5,0.0,0.0,0.0,20,418.5,431.0,20,476.0,467.5,467.5,459.5,10.0,4645.0,13
2023-05-11 09:43:18,PK311C10400,PK311C10400,459.5,0.0,0.0,0.0,10,412.5,426.5,10,476.0,467.5,467.5,459.5,10.0,4645.0,13
2023-05-11 09:43:18,PK311C10400,PK311C10400,459.5,0.0,0.0,0.0,20,410.5,426.5,10,476.0,467.5,467.5,459.5,10.0,4645.0,13
2023-05-11 09:43:19,PK311C10400,PK311C10400,459.5,0.0,0.0,0.0,10,411.0,423.0,20,476.0,467.5,467.5,459.5,10.0,4645.0,13
2023-05-11 09:43:19,PK311C10400,PK311C10400,459.5,0.0,0.0,0.0,10,410.0,423.0,20,476.0,467.5,467.5,459.5,10.0,4645.0,13
2023-05-11 09:43:20,PK311C10400,PK311C10400,459.5,0.0,0.0,0.0,30,409.5,423.0,20,476.0,467.5,467.5,459.5,10.0,4645.0,13
2023-05-11 09:43:20,PK311C10400,PK311C10400,459.5,0.0,0.0,0.0,10,410.5,425.5,10,476.0,467.5,467.5,459.5,10.0,4645.0,13
2023-05-11 09:43:22,PK311C10400,PK311C10400,459.5,0.0,0.0,0.0,30,410.5,425.5,20,476.0,467.5,467.5,459.5,10.0,4645.0,13
2023-05-11 09:43:22,PK311C10400,PK311C10400,459.5,0.0,0.0,0.0,20,410.5,425.5,20,476.0,467.5,467.5,459.5,10.0,4645.0,13
2023-05-11 09:43:23,PK311C10400,PK311C10400,459.5,0.0,0.0,0.0,30,410.5,425.5,20,476.0,467.5,467.5,459.5,10.0,4645.0,13
2023-05-11 09:43:27,PK311C10400,PK311C10400,459.5,0.0,0.0,0.0,10,410.5,422.5,10,476.0,467.5,467.5,459.5,10.0,4645.0,13
2023-05-11 09:43:28,PK311C10400,PK311C10400,459.5,0.0,0.0,0.0,20,409.0,422.5,20,476.0,467.5,467.5,459.5,10.0,4645.0,13
2023-05-11 09:43:28,PK311C10400,PK311C10400,459.5,0.0,0.0,0.0,20,408.0,422.5,30,476.0,467.5,467.5,459.5,10.0,4645.0,13
2023-05-11 09:43:29,PK311C10400,PK311C10400,459.5,0.0,0.0,0.0,20,407.0,422.5,30,476.0,467.5,467.5,459.5,10.0,4645.0,13
2023-05-11 09:43:29,PK311C10400,PK311C10400,459.5,0.0,0.0,0.0,30,407.0,422.5,30,476.0,467.5,467.5,459.5,10.0,4645.0,13
2023-05-11 09:43:32,PK311C10400,PK311C10400,459.5,0.0,0.0,0.0,10,410.0,426.0,20,476.0,467.5,467.5,459.5,10.0,4645.0,13
2023-05-11 09:43:33,PK311C10400,PK311C10400,459.5,0.0,0.0,0.0,10,410.0,425.5,10,476.0,467.5,467.5,459.5,10.0,4645.0,13
2023-05-11 09:43:33,PK311C10400,PK311C10400,459.5,0.0,0.0,0.0,10,408.0,422.5,10,476.0,467.5,467.5,459.5,10.0,4645.0,13
2023-05-11 09:43:34,PK311C10400,PK311C10400,459.5,0.0,0.0,0.0,20,406.5,422.5,30,476.0,467.5,467.5,459.5,10.0,4645.0,13
2023-05-11 09:43:36,PK311C10400,PK311C10400,459.5,0.0,0.0,0.0,30,406.5,422.5,30,476.0,467.5,467.5,459.5,10.0,4645.0,13
2023-05-11 09:43:51,PK311C10400,PK311C10400,459.5,0.0,0.0,0.0,30,406.5,422.5,40,476.0,467.5,467.5,459.5,10.0,4645.0,13
2023-05-11 09:43:56,PK311C10400,PK311C10400,459.5,0.0,0.0,0.0,10,406.0,419.0,30,476.0,467.5,467.5,459.5,10.0,4645.0,13
2023-05-11 09:43:57,PK311C10400,PK311C10400,459.5,0.0,0.0,0.0,10,404.5,419.0,30,476.0,467.5,467.5,459.5,10.0,4645.0,13
2023-05-11 09:43:58,PK311C10400,PK311C10400,459.5,0.0,0.0,0.0,10,404.0,419.0,20,476.0,467.5,467.5,459.5,10.0,4645.0,13
2023-05-11 09:43:58,PK311C10400,PK311C10400,459.5,0.0,0.0,0.0,10,406.0,419.0,10,476.0,467.5,467.5,459.5,10.0,4645.0,13
2023-05-11 09:43:59,PK311C10400,PK311C10400,459.5,0.0,0.0,0.0,30,406.0,423.0,20,476.0,467.5,467.5,459.5,10.0,4645.0,13
2023-05-11 09:43:59,PK311C10400,PK311C10400,459.5,0.0,0.0,0.0,20,406.0,423.0,10,476.0,467.5,467.5,459.5,10.0,4645.0,13
2023-05-11 09:44:01,PK311C10400,PK311C10400,459.5,0.0,0.0,0.0,30,406.0,423.0,10,476.0,467.5,467.5,459.5,10.0,4645.0,13
2023-05-11 09:44:01,PK311C10400,PK311C10400,459.5,0.0,0.0,0.0,10,406.5,423.0,10,476.0,467.5,467.5,459.5,10.0,4645.0,13
2023-05-11 09:44:02,PK311C10400,PK311C10400,459.5,0.0,0.0,0.0,20,406.5,423.0,10,476.0,467.5,467.5,459.5,10.0,4645.0,13
2023-05-11 09:44:03,PK311C10400,PK311C10400,459.5,0.0,0.0,0.0,30,409.5,423.5,20,476.0,467.5,467.5,459.5,10.0,4645.0,13
2023-05-11 09:44:04,PK311C10400,PK311C10400,459.5,0.0,0.0,0.0,30,409.5,424.0,10,476.0,467.5,467.5,459.5,10.0,4645.0,13
2023-05-11 09:44:04,PK311C10400,PK311C10400,459.5,0.0,0.0,0.0,30,409.5,425.5,10,476.0,467.5,467.5,459.5,10.0,4645.0,13
2023-05-11 09:44:07,PK311C10400,PK311C10400,459.5,0.0,0.0,0.0,40,409.5,425.5,20,476.0,467.5,467.5,459.5,10.0,4645.0,13
2023-05-11 09:44:08,PK311C10400,PK311C10400,459.5,0.0,0.0,0.0,10,405.5,421.5,10,476.0,467.5,467.5,459.5,10.0,4645.0,13
2023-05-11 09:44:10,PK311C10400,PK311C10400,459.5,0.0,0.0,0.0,20,405.5,421.5,20,476.0,467.5,467.5,459.5,10.0,4645.0,13
2023-05-11 09:44:12,PK311C10400,PK311C10400,459.5,0.0,0.0,0.0,10,408.5,421.5,10,476.0,467.5,467.5,459.5,10.0,4645.0,13
2023-05-11 09:44:13,PK311C10400,PK311C10400,459.5,0.0,0.0,0.0,20,408.5,423.5,20,476.0,467.5,467.5,459.5,10.0,4645.0,13
2023-05-11 09:44:14,PK311C10400,PK311C10400,459.5,0.0,0.0,0.0,20,408.5,424.0,30,476.0,467.5,467.5,459.5,10.0,4645.0,13
2023-05-11 09:44:15,PK311C10400,PK311C10400,459.5,0.0,0.0,0.0,30,408.5,424.0,30,476.0,467.5,467.5,459.5,10.0,4645.0,13
2023-05-11 09:44:15,PK311C10400,PK311C10400,459.5,0.0,0.0,0.0,20,408.5,424.0,30,476.0,467.5,467.5,459.5,10.0,4645.0,13
2023-05-11 09:44:16,PK311C10400,PK311C10400,459.5,0.0,0.0,0.0,30,408.5,424.0,30,476.0,467.5,467.5,459.5,10.0,4645.0,13
2023-05-11 09:44:18,PK311C10400,PK311C10400,459.5,0.0,0.0,0.0,20,406.5,421.5,20,476.0,467.5,467.5,459.5,10.0,4645.0,13
2023-05-11 09:44:19,PK311C10400,PK311C10400,459.5,0.0,0.0,0.0,20,406.5,421.5,40,476.0,467.5,467.5,459.5,10.0,4645.0,13
2023-05-11 09:44:19,PK311C10400,PK311C10400,459.5,0.0,0.0,0.0,20,406.5,421.5,30,476.0,467.5,467.5,459.5,10.0,4645.0,13
2023-05-11 09:44:27,PK311C10400,PK311C10400,459.5,0.0,0.0,0.0,10,406.5,421.5,40,476.0,467.5,467.5,459.5,10.0,4645.0,13
2023-05-11 09:44:28,PK311C10400,PK311C10400,459.5,0.0,0.0,0.0,10,406.0,418.5,10,476.0,467.5,467.5,459.5,10.0,4645.0,13
2023-05-11 09:44:28,PK311C10400,PK311C10400,459.5,0.0,0.0,0.0,10,404.0,418.5,40,476.0,467.5,467.5,459.5,10.0,4645.0,13
2023-05-11 09:44:29,PK311C10400,PK311C10400,459.5,0.0,0.0,0.0,10,403.5,418.5,40,476.0,467.5,467.5,459.5,10.0,4645.0,13
2023-05-11 09:44:29,PK311C10400,PK311C10400,459.5,0.0,0.0,0.0,10,403.5,418.5,30,476.0,467.5,467.5,459.5,10.0,4645.0,13
2023-05-11 09:44:30,PK311C10400,PK311C10400,459.5,0.0,0.0,0.0,20,403.0,418.5,30,476.0,467.5,467.5,459.5,10.0,4645.0,13
2023-05-11 09:44:31,PK311C10400,PK311C10400,459.5,0.0,0.0,0.0,10,403.0,415.0,10,476.0,467.5,467.5,459.5,10.0,4645.0,13
2023-05-11 09:44:31,PK311C10400,PK311C10400,459.5,0.0,0.0,0.0,10,401.5,415.0,20,476.0,467.5,467.5,459.5,10.0,4645.0,13
2023-05-11 09:44:32,PK311C10400,PK311C10400,459.5,0.0,0.0,0.0,10,403.0,415.0,10,476.0,467.5,467.5,459.5,10.0,4645.0,13
2023-05-11 09:44:33,PK311C10400,PK311C10400,459.5,0.0,0.0,0.0,30,403.0,417.0,10,476.0,467.5,467.5,459.5,10.0,4645.0,13
2023-05-11 09:44:33,PK311C10400,PK311C10400,459.5,0.0,0.0,0.0,20,403.0,418.5,20,476.0,467.5,467.5,459.5,10.0,4645.0,13
2023-05-11 09:44:34,PK311C10400,PK311C10400,459.5,0.0,0.0,0.0,10,403.0,418.5,20,476.0,467.5,467.5,459.5,10.0,4645.0,13
2023-05-11 09:44:35,PK311C10400,PK311C10400,459.5,0.0,0.0,0.0,20,403.0,418.5,30,476.0,467.5,467.5,459.5,10.0,4645.0,13
2023-05-11 09:44:36,PK311C10400,PK311C10400,459.5,0.0,0.0,0.0,30,403.0,418.5,30,476.0,467.5,467.5,459.5,10.0,4645.0,13
2023-05-11 09:44:50,PK311C10400,PK311C10400,459.5,0.0,0.0,0.0,20,403.0,418.5,30,476.0,467.5,467.5,459.5,10.0,4645.0,13
2023-05-11 09:44:51,PK311C10400,PK311C10400,459.5,0.0,0.0,0.0,30,403.0,418.5,30,476.0,467.5,467.5,459.5,10.0,4645.0,13
2023-05-11 09:44:52,PK311C10400,PK311C10400,459.5,0.0,0.0,0.0,30,403.0,418.5,40,476.0,467.5,467.5,459.5,10.0,4645.0,13
2023-05-11 09:44:52,PK311C10400,PK311C10400,459.5,0.0,0.0,0.0,20,401.0,414.0,20,476.0,467.5,467.5,459.5,10.0,4645.0,13
2023-05-11 09:44:53,PK311C10400,PK311C10400,459.5,0.0,0.0,0.0,10,400.5,414.0,10,476.0,467.5,467.5,459.5,10.0,4645.0,13
2023-05-11 09:44:53,PK311C10400,PK311C10400,459.5,0.0,0.0,0.0,10,400.0,414.0,10,476.0,467.5,467.5,459.5,10.0,4645.0,13
2023-05-11 09:44:54,PK311C10400,PK311C10400,459.5,0.0,0.0,0.0,20,400.5,416.0,20,476.0,467.5,467.5,459.5,10.0,4645.0,13
2023-05-11 09:44:54,PK311C10400,PK311C10400,459.5,0.0,0.0,0.0,20,400.5,417.5,30,476.0,467.5,467.5,459.5,10.0,4645.0,13
2023-05-11 09:44:56,PK311C10400,PK311C10400,459.5,0.0,0.0,0.0,20,400.5,417.5,40,476.0,467.5,467.5,459.5,10.0,4645.0,13
2023-05-11 09:44:58,PK311C10400,PK311C10400,459.5,0.0,0.0,0.0,30,400.5,417.5,40,476.0,467.5,467.5,459.5,10.0,4645.0,13
2023-05-11 09:45:00,PK311C10400,PK311C10400,459.5,0.0,0.0,0.0,10,401.0,417.5,30,476.0,467.5,467.5,459.5,10.0,4645.0,13
2023-05-11 09:45:00,PK311C10400,PK311C10400,459.5,0.0,0.0,0.0,30,404.5,417.5,10,476.0,467.5,467.5,459.5,10.0,4645.0,13
2023-05-11 09:45:01,PK311C10400,PK311C10400,459.5,0.0,0.0,0.0,40,404.5,419.5,10,476.0,467.5,467.5,459.5,10.0,4645.0,13
2023-05-11 09:45:01,PK311C10400,PK311C10400,459.5,0.0,0.0,0.0,30,404.5,420.0,20,476.0,467.5,467.5,459.5,10.0,4645.0,13
2023-05-11 09:45:03,PK311C10400,PK311C10400,459.5,0.0,0.0,0.0,40,404.5,420.0,20,476.0,467.5,467.5,459.5,10.0,4645.0,13
2023-05-11 09:45:04,PK311C10400,PK311C10400,459.5,0.0,0.0,0.0,30,407.0,420.5,20,476.0,467.5,467.5,459.5,10.0,4645.0,13
2023-05-11 09:45:04,PK311C10400,PK311C10400,459.5,0.0,0.0,0.0,50,407.0,422.5,20,476.0,467.5,467.5,459.5,10.0,4645.0,13
2023-05-11 09:45:04,PK311C10400,PK311C10400,459.5,0.0,0.0,0.0,30,407.0,422.5,20,476.0,467.5,467.5,459.5,10.0,4645.0,13
2023-05-11 09:45:05,PK311C10400,PK311C10400,459.5,0.0,0.0,0.0,40,407.0,422.5,20,476.0,467.5,467.5,459.5,10.0,4645.0,13
2023-05-11 09:45:05,PK311C10400,PK311C10400,459.5,0.0,0.0,0.0,30,407.0,422.0,10,476.0,467.5,467.5,459.5,10.0,4645.0,13
2023-05-11 09:45:12,PK311C10400,PK311C10400,459.5,0.0,0.0,0.0,10,407.0,419.0,10,476.0,467.5,467.5,459.5,10.0,4645.0,13
2023-05-11 09:45:12,PK311C10400,PK311C10400,459.5,0.0,0.0,0.0,10,406.0,419.0,20,476.0,467.5,467.5,459.5,10.0,4645.0,13
2023-05-11 09:45:13,PK311C10400,PK311C10400,459.5,0.0,0.0,0.0,10,405.5,419.0,20,476.0,467.5,467.5,459.5,10.0,4645.0,13
2023-05-11 09:45:13,PK311C10400,PK311C10400,459.5,0.0,0.0,0.0,20,405.5,419.0,20,476.0,467.5,467.5,459.5,10.0,4645.0,13
2023-05-11 09:45:14,PK311C10400,PK311C10400,459.5,0.0,0.0,0.0,10,405.5,419.0,20,476.0,467.5,467.5,459.5,10.0,4645.0,13
2023-05-11 09:45:15,PK311C10400,PK311C10400,459.5,0.0,0.0,0.0,30,404.5,419.0,20,476.0,467.5,467.5,459.5,10.0,4645.0,13
2023-05-11 09:45:16,PK311C10400,PK311C10400,459.5,0.0,0.0,0.0,20,406.5,416.5,20,476.0,467.5,467.5,459.5,10.0,4645.0,13
2023-05-11 09:45:17,PK311C10400,PK311C10400,459.5,0.0,0.0,0.0,30,406.5,416.5,20,476.0,467.5,467.5,459.5,10.0,4645.0,13
2023-05-11 09:45:17,PK311C10400,PK311C10400,459.5,0.0,0.0,0.0,40,406.5,416.5,30,476.0,467.5,467.5,459.5,10.0,4645.0,13
2023-05-11 09:45:18,PK311C10400,PK311C10400,459.5,0.0,0.0,0.0,10,408.0,416.5,20,476.0,467.5,467.5,459.5,10.0,4645.0,13
2023-05-11 09:45:19,PK311C10400,PK311C10400,459.5,0.0,0.0,0.0,30,408.0,417.0,20,476.0,467.5,467.5,459.5,10.0,4645.0,13
2023-05-11 09:45:21,PK311C10400,PK311C10400,459.5,0.0,0.0,0.0,20,408.0,417.0,20,476.0,467.5,467.5,459.5,10.0,4645.0,13
2023-05-11 09:45:26,PK311C10400,PK311C10400,459.5,0.0,0.0,0.0,20,408.0,417.5,20,476.0,467.5,467.5,459.5,10.0,4645.0,13
2023-05-11 09:45:27,PK311C10400,PK311C10400,459.5,0.0,0.0,0.0,20,408.0,418.0,20,476.0,467.5,467.5,459.5,10.0,4645.0,13
2023-05-11 09:45:30,PK311C10400,PK311C10400,459.5,0.0,0.0,0.0,20,408.0,418.0,10,476.0,467.5,467.5,459.5,10.0,4645.0,13
2023-05-11 09:45:30,PK311C10400,PK311C10400,459.5,0.0,0.0,0.0,20,408.0,418.5,20,476.0,467.5,467.5,459.5,10.0,4645.0,13
2023-05-11 09:45:31,PK311C10400,PK311C10400,459.5,0.0,0.0,0.0,20,408.0,418.5,10,476.0,467.5,467.5,459.5,10.0,4645.0,13
2023-05-11 09:45:31,PK311C10400,PK311C10400,459.5,0.0,0.0,0.0,20,408.0,419.0,30,476.0,467.5,467.5,459.5,10.0,4645.0,13
2023-05-11 09:45:33,PK311C10400,PK311C10400,459.5,0.0,0.0,0.0,20,408.0,418.5,10,476.0,467.5,467.5,459.5,10.0,4645.0,13
2023-05-11 09:45:34,PK311C10400,PK311C10400,459.5,0.0,0.0,0.0,20,408.0,418.5,20,476.0,467.5,467.5,459.5,10.0,4645.0,13
2023-05-11 09:45:35,PK311C10400,PK311C10400,459.5,0.0,0.0,0.0,20,408.0,418.5,10,476.0,467.5,467.5,459.5,10.0,4645.0,13
2023-05-11 09:45:36,PK311C10400,PK311C10400,459.5,0.0,0.0,0.0,20,408.0,418.5,20,476.0,467.5,467.5,459.5,10.0,4645.0,13
2023-05-11 09:45:38,PK311C10400,PK311C10400,459.5,0.0,0.0,0.0,20,408.0,418.5,10,476.0,467.5,467.5,459.5,10.0,4645.0,13
2023-05-11 09:45:38,PK311C10400,PK311C10400,459.5,0.0,0.0,0.0,30,408.0,419.0,20,476.0,467.5,467.5,459.5,10.0,4645.0,13
2023-05-11 09:45:44,PK311C10400,PK311C10400,459.5,0.0,0.0,0.0,40,408.0,419.5,20,476.0,467.5,467.5,459.5,10.0,4645.0,13
2023-05-11 09:45:45,PK311C10400,PK311C10400,459.5,0.0,0.0,0.0,50,408.0,419.5,20,476.0,467.5,467.5,459.5,10.0,4645.0,13
2023-05-11 09:45:45,PK311C10400,PK311C10400,459.5,0.0,0.0,0.0,10,408.5,419.5,10,476.0,467.5,467.5,459.5,10.0,4645.0,13
2023-05-11 09:45:46,PK311C10400,PK311C10400,459.5,0.0,0.0,0.0,20,408.5,421.0,20,476.0,467.5,467.5,459.5,10.0,4645.0,13
2023-05-11 09:45:46,PK311C10400,PK311C10400,459.5,0.0,0.0,0.0,10,409.0,421.0,10,476.0,467.5,467.5,459.5,10.0,4645.0,13
2023-05-11 09:45:46,PK311C10400,PK311C10400,459.5,0.0,0.0,0.0,20,409.0,421.5,30,476.0,467.5,467.5,459.5,10.0,4645.0,13
2023-05-11 09:45:51,PK311C10400,PK311C10400,459.5,0.0,0.0,0.0,20,408.5,421.0,20,476.0,467.5,467.5,459.5,10.0,4645.0,13
2023-05-11 09:45:51,PK311C10400,PK311C10400,459.5,0.0,0.0,0.0,20,408.0,421.5,30,476.0,467.5,467.5,459.5,10.0,4645.0,13
2023-05-11 09:45:52,PK311C10400,PK311C10400,459.5,0.0,0.0,0.0,30,407.5,421.5,30,476.0,467.5,467.5,459.5,10.0,4645.0,13
2023-05-11 09:45:53,PK311C10400,PK311C10400,459.5,0.0,0.0,0.0,20,407.5,421.5,30,476.0,467.5,467.5,459.5,10.0,4645.0,13
2023-05-11 09:45:54,PK311C10400,PK311C10400,459.5,0.0,0.0,0.0,10,407.5,421.5,40,476.0,467.5,467.5,459.5,10.0,4645.0,13
2023-05-11 09:45:54,PK311C10400,PK311C10400,459.5,0.0,0.0,0.0,20,407.0,421.5,40,476.0,467.5,467.5,459.5,10.0,4645.0,13
2023-05-11 09:46:00,PK311C10400,PK311C10400,459.5,0.0,0.0,0.0,10,407.0,421.0,10,476.0,467.5,467.5,459.5,10.0,4645.0,13
2023-05-11 09:46:00,PK311C10400,PK311C10400,459.5,0.0,0.0,0.0,10,406.5,421.0,20,476.0,467.5,467.5,459.5,10.0,4645.0,13
2023-05-11 09:46:01,PK311C10400,PK311C10400,459.5,0.0,0.0,0.0,30,405.5,421.0,20,476.0,467.5,467.5,459.5,10.0,4645.0,13
2023-05-11 09:46:01,PK311C10400,PK311C10400,459.5,0.0,0.0,0.0,40,405.5,421.0,20,476.0,467.5,467.5,459.5,10.0,4645.0,13
2023-05-11 09:46:02,PK311C10400,PK311C10400,459.5,0.0,0.0,0.0,30,405.5,420.5,10,476.0,467.5,467.5,459.5,10.0,4645.0,13
2023-05-11 09:46:04,PK311C10400,PK311C10400,459.5,0.0,0.0,0.0,40,405.5,420.5,10,476.0,467.5,467.5,459.5,10.0,4645.0,13
2023-05-11 09:46:05,PK311C10400,PK311C10400,459.5,0.0,0.0,0.0,10,406.0,421.0,10,476.0,467.5,467.5,459.5,10.0,4645.0,13
2023-05-11 09:46:05,PK311C10400,PK311C10400,459.5,0.0,0.0,0.0,10,406.5,421.5,20,476.0,467.5,467.5,459.5,10.0,4645.0,13
2023-05-11 09:46:05,PK311C10400,PK311C10400,459.5,0.0,0.0,0.0,10,406.0,421.0,10,476.0,467.5,467.5,459.5,10.0,4645.0,13
2023-05-11 09:46:06,PK311C10400,PK311C10400,459.5,0.0,0.0,0.0,30,406.5,421.5,10,476.0,467.5,467.5,459.5,10.0,4645.0,13
2023-05-11 09:46:06,PK311C10400,PK311C10400,459.5,0.0,0.0,0.0,20,407.0,423.0,20,476.0,467.5,467.5,459.5,10.0,4645.0,13
2023-05-11 09:46:07,PK311C10400,PK311C10400,459.5,0.0,0.0,0.0,20,407.5,423.5,20,476.0,467.5,467.5,459.5,10.0,4645.0,13
2023-05-11 09:46:07,PK311C10400,PK311C10400,459.5,0.0,0.0,0.0,20,408.0,423.5,20,476.0,467.5,467.5,459.5,10.0,4645.0,13
2023-05-11 09:46:07,PK311C10400,PK311C10400,459.5,0.0,0.0,0.0,30,408.0,423.5,20,476.0,467.5,467.5,459.5,10.0,4645.0,13
2023-05-11 09:46:09,PK311C10400,PK311C10400,459.5,0.0,0.0,0.0,40,408.0,423.5,20,476.0,467.5,467.5,459.5,10.0,4645.0,13
2023-05-11 09:46:10,PK311C10400,PK311C10400,459.5,0.0,0.0,0.0,10,408.5,423.5,20,476.0,467.5,467.5,459.5,10.0,4645.0,13
2023-05-11 09:46:11,PK311C10400,PK311C10400,459.5,0.0,0.0,0.0,10,409.5,423.5,10,476.0,467.5,467.5,459.5,10.0,4645.0,13
2023-05-11 09:46:11,PK311C10400,PK311C10400,459.5,0.0,0.0,0.0,10,410.0,425.0,20,476.0,467.5,467.5,459.5,10.0,4645.0,13
2023-05-11 09:46:12,PK311C10400,PK311C10400,459.5,0.0,0.0,0.0,20,410.0,425.0,20,476.0,467.5,467.5,459.5,10.0,4645.0,13
2023-05-11 09:46:12,PK311C10400,PK311C10400,459.5,0.0,0.0,0.0,10,410.0,425.0,30,476.0,467.5,467.5,459.5,10.0,4645.0,13
2023-05-11 09:46:13,PK311C10400,PK311C10400,459.5,0.0,0.0,0.0,10,411.0,423.5,10,476.0,467.5,467.5,459.5,10.0,4645.0,13
2023-05-11 09:46:14,PK311C10400,PK311C10400,459.5,0.0,0.0,0.0,20,411.0,423.5,10,476.0,467.5,467.5,459.5,10.0,4645.0,13
2023-05-11 09:46:27,PK311C10400,PK311C10400,459.5,0.0,0.0,0.0,10,411.0,423.5,20,476.0,467.5,467.5,459.5,10.0,4645.0,13
2023-05-11 09:46:39,PK311C10400,PK311C10400,459.5,0.0,0.0,0.0,20,411.0,423.5,20,476.0,467.5,467.5,459.5,10.0,4645.0,13
2023-05-11 09:46:40,PK311C10400,PK311C10400,459.5,0.0,0.0,0.0,10,411.0,423.5,20,476.0,467.5,467.5,459.5,10.0,4645.0,13
2023-05-11 09:46:40,PK311C10400,PK311C10400,459.5,0.0,0.0,0.0,20,411.0,423.5,20,476.0,467.5,467.5,459.5,10.0,4645.0,13
2023-05-11 09:46:47,PK311C10400,PK311C10400,459.5,0.0,0.0,0.0,20,411.0,423.5,10,476.0,467.5,467.5,459.5,10.0,4645.0,13
2023-05-11 09:47:00,PK311C10400,PK311C10400,459.5,0.0,0.0,0.0,10,411.0,423.5,10,476.0,467.5,467.5,459.5,10.0,4645.0,13
2023-05-11 09:47:00,PK311C10400,PK311C10400,459.5,0.0,0.0,0.0,20,411.0,423.5,10,476.0,467.5,467.5,459.5,10.0,4645.0,13
2023-05-11 09:47:03,PK311C10400,PK311C10400,459.5,0.0,0.0,0.0,10,411.0,423.5,10,476.0,467.5,467.5,459.5,10.0,4645.0,13
2023-05-11 09:47:03,PK311C10400,PK311C10400,459.5,0.0,0.0,0.0,20,411.0,423.5,10,476.0,467.5,467.5,459.5,10.0,4645.0,13
2023-05-11 09:47:08,PK311C10400,PK311C10400,459.5,0.0,0.0,0.0,20,411.0,423.5,20,476.0,467.5,467.5,459.5,10.0,4645.0,13
2023-05-11 09:47:09,PK311C10400,PK311C10400,459.5,0.0,0.0,0.0,10,411.0,423.5,20,476.0,467.5,467.5,459.5,10.0,4645.0,13
2023-05-11 09:47:11,PK311C10400,PK311C10400,459.5,0.0,0.0,0.0,20,411.0,423.5,10,476.0,467.5,467.5,459.5,10.0,4645.0,13
2023-05-11 09:47:12,PK311C10400,PK311C10400,459.5,0.0,0.0,0.0,10,411.5,423.5,10,476.0,467.5,467.5,459.5,10.0,4645.0,13
2023-05-11 09:47:13,PK311C10400,PK311C10400,459.5,0.0,0.0,0.0,20,413.5,425.5,10,476.0,467.5,467.5,459.5,10.0,4645.0,13
2023-05-11 09:47:13,PK311C10400,PK311C10400,459.5,0.0,0.0,0.0,20,413.5,426.0,20,476.0,467.5,467.5,459.5,10.0,4645.0,13
2023-05-11 09:47:15,PK311C10400,PK311C10400,459.5,0.0,0.0,0.0,20,413.5,426.0,10,476.0,467.5,467.5,459.5,10.0,4645.0,13
2023-05-11 09:47:15,PK311C10400,PK311C10400,459.5,0.0,0.0,0.0,10,413.5,426.0,10,476.0,467.5,467.5,459.5,10.0,4645.0,13
2023-05-11 09:47:16,PK311C10400,PK311C10400,459.5,0.0,0.0,0.0,10,413.5,425.5,10,476.0,467.5,467.5,459.5,10.0,4645.0,13
2023-05-11 09:47:17,PK311C10400,PK311C10400,459.5,0.0,0.0,0.0,20,412.0,424.0,20,476.0,467.5,467.5,459.5,10.0,4645.0,13
2023-05-11 09:47:17,PK311C10400,PK311C10400,459.5,0.0,0.0,0.0,20,412.0,424.0,30,476.0,467.5,467.5,459.5,10.0,4645.0,13
2023-05-11 09:47:18,PK311C10400,PK311C10400,459.5,0.0,0.0,0.0,10,412.0,424.0,40,476.0,467.5,467.5,459.5,10.0,4645.0,13
2023-05-11 09:47:19,PK311C10400,PK311C10400,459.5,0.0,0.0,0.0,20,411.0,424.0,30,476.0,467.5,467.5,459.5,10.0,4645.0,13
2023-05-11 09:47:19,PK311C10400,PK311C10400,459.5,0.0,0.0,0.0,30,411.0,424.0,30,476.0,467.5,467.5,459.5,10.0,4645.0,13
2023-05-11 09:47:21,PK311C10400,PK311C10400,459.5,0.0,0.0,0.0,25,420.0,424.0,30,476.0,467.5,467.5,459.5,10.0,4645.0,13
2023-05-11 09:47:23,PK311C10400,PK311C10400,459.5,0.0,0.0,0.0,25,420.0,424.0,40,476.0,467.5,467.5,459.5,10.0,4645.0,13
2023-05-11 09:47:23,PK311C10400,PK311C10400,459.5,0.0,0.0,0.0,25,420.0,424.0,50,476.0,467.5,467.5,459.5,10.0,4645.0,13
2023-05-11 09:47:29,PK311C10400,PK311C10400,459.5,0.0,0.0,0.0,25,422.0,424.0,50,476.0,467.5,467.5,459.5,10.0,4645.0,13
2023-05-11 09:47:29,PK311C10400,PK311C10400,459.5,0.0,0.0,0.0,25,422.0,424.0,40,476.0,467.5,467.5,459.5,10.0,4645.0,13
2023-05-11 09:47:35,PK311C10400,PK311C10400,459.5,0.0,0.0,0.0,25,423.0,424.0,40,476.0,467.5,467.5,459.5,10.0,4645.0,13
2023-05-11 09:47:35,PK311C10400,PK311C10400,459.5,0.0,0.0,0.0,25,423.0,424.0,30,476.0,467.5,467.5,459.5,10.0,4645.0,13
2023-05-11 09:47:39,PK311C10400,PK311C10400,423.0,25.0,10580.0,25.0,10,422.0,424.0,30,476.0,467.5,467.5,423.0,35.0,15225.0,38
2023-05-11 09:47:40,PK311C10400,PK311C10400,423.0,0.0,0.0,0.0,10,422.0,424.0,10,476.0,467.5,467.5,423.0,35.0,15225.0,38
2023-05-11 09:47:40,PK311C10400,PK311C10400,423.0,0.0,0.0,0.0,10,418.5,424.0,10,476.0,467.5,467.5,423.0,35.0,15225.0,38
2023-05-11 09:47:41,PK311C10400,PK311C10400,423.0,0.0,0.0,0.0,10,420.0,425.0,20,476.0,467.5,467.5,423.0,35.0,15225.0,38
2023-05-11 09:47:41,PK311C10400,PK311C10400,423.0,0.0,0.0,0.0,10,418.0,425.0,20,476.0,467.5,467.5,423.0,35.0,15225.0,38
2023-05-11 09:47:42,PK311C10400,PK311C10400,423.0,0.0,0.0,0.0,20,416.5,425.0,20,476.0,467.5,467.5,423.0,35.0,15225.0,38
2023-05-11 09:47:43,PK311C10400,PK311C10400,423.0,0.0,0.0,0.0,10,414.5,425.5,10,476.0,467.5,467.5,423.0,35.0,15225.0,38
2023-05-11 09:47:44,PK311C10400,PK311C10400,423.0,0.0,0.0,0.0,10,413.5,425.5,20,476.0,467.5,467.5,423.0,35.0,15225.0,38
2023-05-11 09:47:46,PK311C10400,PK311C10400,423.0,0.0,0.0,0.0,20,413.5,425.5,40,476.0,467.5,467.5,423.0,35.0,15225.0,38
2023-05-11 09:47:51,PK311C10400,PK311C10400,423.0,0.0,0.0,0.0,20,413.5,425.5,30,476.0,467.5,467.5,423.0,35.0,15225.0,38
2023-05-11 09:47:55,PK311C10400,PK311C10400,423.0,0.0,0.0,0.0,10,414.0,425.5,20,476.0,467.5,467.5,423.0,35.0,15225.0,38
2023-05-11 09:47:55,PK311C10400,PK311C10400,423.0,0.0,0.0,0.0,10,414.0,426.0,10,476.0,467.5,467.5,423.0,35.0,15225.0,38
2023-05-11 09:47:56,PK311C10400,PK311C10400,423.0,0.0,0.0,0.0,30,413.5,426.0,10,476.0,467.5,467.5,423.0,35.0,15225.0,38
2023-05-11 09:47:56,PK311C10400,PK311C10400,423.0,0.0,0.0,0.0,20,413.5,426.0,20,476.0,467.5,467.5,423.0,35.0,15225.0,38
2023-05-11 09:47:57,PK311C10400,PK311C10400,423.0,0.0,0.0,0.0,10,413.5,426.0,20,476.0,467.5,467.5,423.0,35.0,15225.0,38
2023-05-11 09:47:57,PK311C10400,PK311C10400,423.0,0.0,0.0,0.0,20,413.5,426.0,20,476.0,467.5,467.5,423.0,35.0,15225.0,38
2023-05-11 09:47:58,PK311C10400,PK311C10400,423.0,0.0,0.0,0.0,10,413.5,426.0,30,476.0,467.5,467.5,423.0,35.0,15225.0,38
2023-05-11 09:47:58,PK311C10400,PK311C10400,423.0,0.0,0.0,0.0,20,413.5,426.0,30,476.0,467.5,467.5,423.0,35.0,15225.0,38
2023-05-11 09:47:59,PK311C10400,PK311C10400,423.0,0.0,0.0,0.0,10,416.0,426.0,10,476.0,467.5,467.5,423.0,35.0,15225.0,38
2023-05-11 09:48:00,PK311C10400,PK311C10400,423.0,0.0,0.0,0.0,10,416.5,428.5,10,476.0,467.5,467.5,423.0,35.0,15225.0,38
2023-05-11 09:48:00,PK311C10400,PK311C10400,423.0,0.0,0.0,0.0,20,416.5,428.5,10,476.0,467.5,467.5,423.0,35.0,15225.0,38
2023-05-11 09:48:09,PK311C10400,PK311C10400,423.0,0.0,0.0,0.0,10,419.0,429.5,20,476.0,467.5,467.5,423.0,35.0,15225.0,38
2023-05-11 09:48:10,PK311C10400,PK311C10400,423.0,0.0,0.0,0.0,30,419.0,429.5,10,476.0,467.5,467.5,423.0,35.0,15225.0,38
2023-05-11 09:48:10,PK311C10400,PK311C10400,423.0,0.0,0.0,0.0,20,419.0,431.0,10,476.0,467.5,467.5,423.0,35.0,15225.0,38
2023-05-11 09:48:12,PK311C10400,PK311C10400,423.0,0.0,0.0,0.0,20,419.0,431.0,30,476.0,467.5,467.5,423.0,35.0,15225.0,38
2023-05-11 09:48:16,PK311C10400,PK311C10400,423.0,0.0,0.0,0.0,20,419.0,431.0,20,476.0,467.5,467.5,423.0,35.0,15225.0,38
2023-05-11 09:48:22,PK311C10400,PK311C10400,423.0,0.0,0.0,0.0,20,419.0,431.0,30,476.0,467.5,467.5,423.0,35.0,15225.0,38
2023-05-11 09:48:26,PK311C10400,PK311C10400,423.0,0.0,0.0,0.0,20,418.0,429.0,30,476.0,467.5,467.5,423.0,35.0,15225.0,38
2023-05-11 09:48:26,PK311C10400,PK311C10400,423.0,0.0,0.0,0.0,20,417.5,429.0,20,476.0,467.5,467.5,423.0,35.0,15225.0,38
2023-05-11 09:48:28,PK311C10400,PK311C10400,423.0,0.0,0.0,0.0,30,417.5,429.0,30,476.0,467.5,467.5,423.0,35.0,15225.0,38
2023-05-11 09:48:30,PK311C10400,PK311C10400,423.0,0.0,0.0,0.0,20,417.5,429.0,30,476.0,467.5,467.5,423.0,35.0,15225.0,38
2023-05-11 09:48:36,PK311C10400,PK311C10400,423.0,0.0,0.0,0.0,10,417.5,428.5,10,476.0,467.5,467.5,423.0,35.0,15225.0,38
2023-05-11 09:48:37,PK311C10400,PK311C10400,423.0,0.0,0.0,0.0,10,416.5,426.5,10,476.0,467.5,467.5,423.0,35.0,15225.0,38
2023-05-11 09:48:37,PK311C10400,PK311C10400,423.0,0.0,0.0,0.0,10,414.5,426.5,20,476.0,467.5,467.5,423.0,35.0,15225.0,38
2023-05-11 09:48:38,PK311C10400,PK311C10400,423.0,0.0,0.0,0.0,20,414.5,426.5,20,476.0,467.5,467.5,423.0,35.0,15225.0,38
2023-05-11 09:48:38,PK311C10400,PK311C10400,423.0,0.0,0.0,0.0,20,414.5,426.5,10,476.0,467.5,467.5,423.0,35.0,15225.0,38
2023-05-11 09:48:39,PK311C10400,PK311C10400,423.0,0.0,0.0,0.0,30,414.5,426.5,10,476.0,467.5,467.5,423.0,35.0,15225.0,38
2023-05-11 09:48:39,PK311C10400,PK311C10400,423.0,0.0,0.0,0.0,40,414.5,426.5,20,476.0,467.5,467.5,423.0,35.0,15225.0,38
2023-05-11 09:48:42,PK311C10400,PK311C10400,423.0,0.0,0.0,0.0,10,416.5,426.5,10,476.0,467.5,467.5,423.0,35.0,15225.0,38
2023-05-11 09:48:42,PK311C10400,PK311C10400,423.0,0.0,0.0,0.0,10,416.5,427.0,10,476.0,467.5,467.5,423.0,35.0,15225.0,38
2023-05-11 09:48:44,PK311C10400,PK311C10400,423.0,0.0,0.0,0.0,20,416.5,428.0,10,476.0,467.5,467.5,423.0,35.0,15225.0,38
2023-05-11 09:48:44,PK311C10400,PK311C10400,423.0,0.0,0.0,0.0,30,416.5,428.0,10,476.0,467.5,467.5,423.0,35.0,15225.0,38
2023-05-11 09:48:46,PK311C10400,PK311C10400,423.0,0.0,0.0,0.0,20,416.5,428.0,10,476.0,467.5,467.5,423.0,35.0,15225.0,38
2023-05-11 09:48:47,PK311C10400,PK311C10400,423.0,0.0,0.0,0.0,30,416.5,428.0,10,476.0,467.5,467.5,423.0,35.0,15225.0,38
2023-05-11 09:49:09,PK311C10400,PK311C10400,423.0,0.0,0.0,0.0,10,419.0,430.5,10,476.0,467.5,467.5,423.0,35.0,15225.0,38
2023-05-11 09:49:09,PK311C10400,PK311C10400,423.0,0.0,0.0,0.0,20,419.0,431.5,20,476.0,467.5,467.5,423.0,35.0,15225.0,38
2023-05-11 09:49:10,PK311C10400,PK311C10400,423.0,0.0,0.0,0.0,30,419.0,431.5,20,476.0,467.5,467.5,423.0,35.0,15225.0,38
2023-05-11 09:49:11,PK311C10400,PK311C10400,423.0,0.0,0.0,0.0,20,419.0,431.5,20,476.0,467.5,467.5,423.0,35.0,15225.0,38
2023-05-11 09:49:11,PK311C10400,PK311C10400,423.0,0.0,0.0,0.0,30,419.0,431.5,30,476.0,467.5,467.5,423.0,35.0,15225.0,38
2023-05-11 09:49:14,PK311C10400,PK311C10400,423.0,0.0,0.0,0.0,10,419.0,430.0,10,476.0,467.5,467.5,423.0,35.0,15225.0,38
2023-05-11 09:49:15,PK311C10400,PK311C10400,423.0,0.0,0.0,0.0,10,417.0,429.0,10,476.0,467.5,467.5,423.0,35.0,15225.0,38
2023-05-11 09:49:17,PK311C10400,PK311C10400,423.0,0.0,0.0,0.0,20,417.0,429.0,20,476.0,467.5,467.5,423.0,35.0,15225.0,38
2023-05-11 09:49:17,PK311C10400,PK311C10400,423.0,0.0,0.0,0.0,40,416.5,429.0,20,476.0,467.5,467.5,423.0,35.0,15225.0,38
2023-05-11 09:49:23,PK311C10400,PK311C10400,423.0,0.0,0.0,0.0,50,416.5,429.0,20,476.0,467.5,467.5,423.0,35.0,15225.0,38
2023-05-11 09:49:24,PK311C10400,PK311C10400,423.0,0.0,0.0,0.0,10,418.5,429.0,10,476.0,467.5,467.5,423.0,35.0,15225.0,38
2023-05-11 09:49:24,PK311C10400,PK311C10400,423.0,0.0,0.0,0.0,10,418.5,430.0,10,476.0,467.5,467.5,423.0,35.0,15225.0,38
2023-05-11 09:49:26,PK311C10400,PK311C10400,423.0,0.0,0.0,0.0,20,418.5,430.0,20,476.0,467.5,467.5,423.0,35.0,15225.0,38
2023-05-11 09:49:34,PK311C10400,PK311C10400,423.0,0.0,0.0,0.0,20,417.5,428.5,10,476.0,467.5,467.5,423.0,35.0,15225.0,38
2023-05-11 09:49:36,PK311C10400,PK311C10400,423.0,0.0,0.0,0.0,30,417.5,428.5,20,476.0,467.5,467.5,423.0,35.0,15225.0,38
2023-05-11 09:49:37,PK311C10400,PK311C10400,423.0,0.0,0.0,0.0,20,417.5,428.5,20,476.0,467.5,467.5,423.0,35.0,15225.0,38
2023-05-11 09:49:45,PK311C10400,PK311C10400,423.0,0.0,0.0,0.0,10,418.0,428.5,10,476.0,467.5,467.5,423.0,35.0,15225.0,38
2023-05-11 09:49:45,PK311C10400,PK311C10400,423.0,0.0,0.0,0.0,20,418.0,430.0,30,476.0,467.5,467.5,423.0,35.0,15225.0,38
2023-05-11 09:49:48,PK311C10400,PK311C10400,423.0,0.0,0.0,0.0,20,418.0,430.0,20,476.0,467.5,467.5,423.0,35.0,15225.0,38
2023-05-11 09:49:56,PK311C10400,PK311C10400,423.0,0.0,0.0,0.0,30,418.0,430.0,20,476.0,467.5,467.5,423.0,35.0,15225.0,38
2023-05-11 09:50:04,PK311C10400,PK311C10400,423.0,0.0,0.0,0.0,20,418.0,430.0,20,476.0,467.5,467.5,423.0,35.0,15225.0,38
2023-05-11 09:50:05,PK311C10400,PK311C10400,423.0,0.0,0.0,0.0,30,418.0,430.0,10,476.0,467.5,467.5,423.0,35.0,15225.0,38
2023-05-11 09:50:06,PK311C10400,PK311C10400,423.0,0.0,0.0,0.0,20,418.5,431.0,20,476.0,467.5,467.5,423.0,35.0,15225.0,38
2023-05-11 09:50:06,PK311C10400,PK311C10400,423.0,0.0,0.0,0.0,40,418.5,431.0,20,476.0,467.5,467.5,423.0,35.0,15225.0,38
2023-05-11 09:50:07,PK311C10400,PK311C10400,423.0,0.0,0.0,0.0,30,418.5,431.0,20,476.0,467.5,467.5,423.0,35.0,15225.0,38
2023-05-11 09:50:08,PK311C10400,PK311C10400,423.0,0.0,0.0,0.0,30,420.5,432.5,20,476.0,467.5,467.5,423.0,35.0,15225.0,38
2023-05-11 09:50:09,PK311C10400,PK311C10400,423.0,0.0,0.0,0.0,40,420.5,432.5,20,476.0,467.5,467.5,423.0,35.0,15225.0,38
2023-05-11 09:50:09,PK311C10400,PK311C10400,423.0,0.0,0.0,0.0,30,420.5,432.5,10,476.0,467.5,467.5,423.0,35.0,15225.0,38
2023-05-11 09:50:10,PK311C10400,PK311C10400,423.0,0.0,0.0,0.0,40,420.5,433.0,20,476.0,467.5,467.5,423.0,35.0,15225.0,38
2023-05-11 09:50:15,PK311C10400,PK311C10400,423.0,0.0,0.0,0.0,40,420.5,433.0,30,476.0,467.5,467.5,423.0,35.0,15225.0,38
2023-05-11 09:50:17,PK311C10400,PK311C10400,423.0,0.0,0.0,0.0,40,420.5,433.0,20,476.0,467.5,467.5,423.0,35.0,15225.0,38
2023-05-11 09:50:19,PK311C10400,PK311C10400,423.0,0.0,0.0,0.0,30,420.5,433.0,20,476.0,467.5,467.5,423.0,35.0,15225.0,38
2023-05-11 09:50:20,PK311C10400,PK311C10400,423.0,0.0,0.0,0.0,20,420.5,432.5,10,476.0,467.5,467.5,423.0,35.0,15225.0,38
2023-05-11 09:50:21,PK311C10400,PK311C10400,423.0,0.0,0.0,0.0,20,420.5,432.0,10,476.0,467.5,467.5,423.0,35.0,15225.0,38
2023-05-11 09:50:44,PK311C10400,PK311C10400,423.0,0.0,0.0,0.0,30,420.5,432.0,10,476.0,467.5,467.5,423.0,35.0,15225.0,38
2023-05-11 09:50:45,PK311C10400,PK311C10400,423.0,0.0,0.0,0.0,20,420.5,432.0,10,476.0,467.5,467.5,423.0,35.0,15225.0,38
2023-05-11 09:51:00,PK311C10400,PK311C10400,423.0,0.0,0.0,0.0,30,420.5,432.0,10,476.0,467.5,467.5,423.0,35.0,15225.0,38
2023-05-11 09:51:01,PK311C10400,PK311C10400,423.0,0.0,0.0,0.0,20,420.5,432.0,10,476.0,467.5,467.5,423.0,35.0,15225.0,38
2023-05-11 09:51:01,PK311C10400,PK311C10400,423.0,0.0,0.0,0.0,30,420.5,433.0,30,476.0,467.5,467.5,423.0,35.0,15225.0,38
2023-05-11 09:51:04,PK311C10400,PK311C10400,423.0,0.0,0.0,0.0,20,420.5,433.0,40,476.0,467.5,467.5,423.0,35.0,15225.0,38
2023-05-11 09:51:04,PK311C10400,PK311C10400,423.0,0.0,0.0,0.0,10,418.5,430.0,10,476.0,467.5,467.5,423.0,35.0,15225.0,38
2023-05-11 09:51:05,PK311C10400,PK311C10400,423.0,0.0,0.0,0.0,10,418.0,430.0,10,476.0,467.5,467.5,423.0,35.0,15225.0,38
2023-05-11 09:51:06,PK311C10400,PK311C10400,423.0,0.0,0.0,0.0,10,418.0,430.5,30,476.0,467.5,467.5,423.0,35.0,15225.0,38
2023-05-11 09:51:06,PK311C10400,PK311C10400,423.0,0.0,0.0,0.0,20,418.0,430.5,30,476.0,467.5,467.5,423.0,35.0,15225.0,38
2023-05-11 09:51:08,PK311C10400,PK311C10400,423.0,0.0,0.0,0.0,10,418.0,430.5,30,476.0,467.5,467.5,423.0,35.0,15225.0,38
2023-05-11 09:51:11,PK311C10400,PK311C10400,423.0,0.0,0.0,0.0,10,418.0,430.5,40,476.0,467.5,467.5,423.0,35.0,15225.0,38
2023-05-11 09:51:18,PK311C10400,PK311C10400,423.0,0.0,0.0,0.0,10,416.5,428.5,10,476.0,467.5,467.5,423.0,35.0,15225.0,38
2023-05-11 09:51:18,PK311C10400,PK311C10400,423.0,0.0,0.0,0.0,30,416.0,428.0,10,476.0,467.5,467.5,423.0,35.0,15225.0,38
2023-05-11 09:51:19,PK311C10400,PK311C10400,423.0,0.0,0.0,0.0,20,416.0,428.0,20,476.0,467.5,467.5,423.0,35.0,15225.0,38
2023-05-11 09:51:22,PK311C10400,PK311C10400,423.0,0.0,0.0,0.0,20,416.0,428.0,10,476.0,467.5,467.5,423.0,35.0,15225.0,38
2023-05-11 09:51:31,PK311C10400,PK311C10400,423.0,0.0,0.0,0.0,30,416.0,428.0,10,476.0,467.5,467.5,423.0,35.0,15225.0,38
2023-05-11 09:51:33,PK311C10400,PK311C10400,423.0,0.0,0.0,0.0,40,416.0,428.5,20,476.0,467.5,467.5,423.0,35.0,15225.0,38
2023-05-11 09:51:35,PK311C10400,PK311C10400,423.0,0.0,0.0,0.0,30,416.0,428.5,20,476.0,467.5,467.5,423.0,35.0,15225.0,38
2023-05-11 09:51:38,PK311C10400,PK311C10400,423.0,0.0,0.0,0.0,20,416.0,428.5,40,476.0,467.5,467.5,423.0,35.0,15225.0,38
2023-05-11 09:51:38,PK311C10400,PK311C10400,423.0,0.0,0.0,0.0,20,416.0,428.5,30,476.0,467.5,467.5,423.0,35.0,15225.0,38
2023-05-11 09:51:41,PK311C10400,PK311C10400,423.0,0.0,0.0,0.0,30,416.0,428.5,30,476.0,467.5,467.5,423.0,35.0,15225.0,38
2023-05-11 09:51:57,PK311C10400,PK311C10400,423.0,0.0,0.0,0.0,20,416.0,428.5,30,476.0,467.5,467.5,423.0,35.0,15225.0,38
2023-05-11 09:51:59,PK311C10400,PK311C10400,423.0,0.0,0.0,0.0,30,416.0,428.5,30,476.0,467.5,467.5,423.0,35.0,15225.0,38
2023-05-11 09:52:00,PK311C10400,PK311C10400,423.0,0.0,0.0,0.0,20,416.0,426.0,10,476.0,467.5,467.5,423.0,35.0,15225.0,38
2023-05-11 09:52:00,PK311C10400,PK311C10400,423.0,0.0,0.0,0.0,20,416.0,426.0,20,476.0,467.5,467.5,423.0,35.0,15225.0,38
2023-05-11 09:52:07,PK311C10400,PK311C10400,423.0,0.0,0.0,0.0,30,416.0,426.0,20,476.0,467.5,467.5,423.0,35.0,15225.0,38
2023-05-11 09:52:08,PK311C10400,PK311C10400,423.0,0.0,0.0,0.0,20,416.0,426.0,20,476.0,467.5,467.5,423.0,35.0,15225.0,38
2023-05-11 09:52:10,PK311C10400,PK311C10400,423.0,0.0,0.0,0.0,10,417.0,426.0,10,476.0,467.5,467.5,423.0,35.0,15225.0,38
2023-05-11 09:52:10,PK311C10400,PK311C10400,423.0,0.0,0.0,0.0,30,417.0,427.0,20,476.0,467.5,467.5,423.0,35.0,15225.0,38
2023-05-11 09:52:13,PK311C10400,PK311C10400,423.0,0.0,0.0,0.0,20,417.0,427.0,20,476.0,467.5,467.5,423.0,35.0,15225.0,38
2023-05-11 09:52:14,PK311C10400,PK311C10400,423.0,0.0,0.0,0.0,20,417.0,427.0,10,476.0,467.5,467.5,423.0,35.0,15225.0,38
2023-05-11 09:52:14,PK311C10400,PK311C10400,423.0,0.0,0.0,0.0,20,417.0,427.5,20,476.0,467.5,467.5,423.0,35.0,15225.0,38
2023-05-11 09:52:14,PK311C10400,PK311C10400,423.0,0.0,0.0,0.0,20,416.0,426.0,30,476.0,467.5,467.5,423.0,35.0,15225.0,38
2023-05-11 09:52:34,PK311C10400,PK311C10400,423.0,0.0,0.0,0.0,10,416.0,426.0,30,476.0,467.5,467.5,423.0,35.0,15225.0,38
2023-05-11 09:52:35,PK311C10400,PK311C10400,423.0,0.0,0.0,0.0,20,415.5,426.0,30,476.0,467.5,467.5,423.0,35.0,15225.0,38
2023-05-11 09:52:36,PK311C10400,PK311C10400,423.0,0.0,0.0,0.0,20,415.5,423.5,10,476.0,467.5,467.5,423.0,35.0,15225.0,38
2023-05-11 09:52:37,PK311C10400,PK311C10400,423.0,0.0,0.0,0.0,20,415.5,423.5,20,476.0,467.5,467.5,423.0,35.0,15225.0,38
2023-05-11 09:52:41,PK311C10400,PK311C10400,423.0,0.0,0.0,0.0,10,416.5,424.0,10,476.0,467.5,467.5,423.0,35.0,15225.0,38
2023-05-11 09:52:41,PK311C10400,PK311C10400,423.0,0.0,0.0,0.0,10,416.5,425.0,20,476.0,467.5,467.5,423.0,35.0,15225.0,38
2023-05-11 09:52:42,PK311C10400,PK311C10400,423.0,0.0,0.0,0.0,10,415.0,424.0,10,476.0,467.5,467.5,423.0,35.0,15225.0,38
2023-05-11 09:52:42,PK311C10400,PK311C10400,423.0,0.0,0.0,0.0,30,415.0,424.0,20,476.0,467.5,467.5,423.0,35.0,15225.0,38
2023-05-11 09:52:43,PK311C10400,PK311C10400,423.0,0.0,0.0,0.0,20,415.0,424.0,30,476.0,467.5,467.5,423.0,35.0,15225.0,38
2023-05-11 09:52:43,PK311C10400,PK311C10400,423.0,0.0,0.0,0.0,20,416.5,425.0,10,476.0,467.5,467.5,423.0,35.0,15225.0,38
2023-05-11 09:52:44,PK311C10400,PK311C10400,423.0,0.0,0.0,0.0,30,416.5,425.0,10,476.0,467.5,467.5,423.0,35.0,15225.0,38
2023-05-11 09:52:44,PK311C10400,PK311C10400,423.0,0.0,0.0,0.0,30,416.5,425.0,20,476.0,467.5,467.5,423.0,35.0,15225.0,38
2023-05-11 09:52:46,PK311C10400,PK311C10400,423.0,0.0,0.0,0.0,40,416.5,425.0,30,476.0,467.5,467.5,423.0,35.0,15225.0,38
2023-05-11 09:52:49,PK311C10400,PK311C10400,423.0,0.0,0.0,0.0,40,416.5,425.0,20,476.0,467.5,467.5,423.0,35.0,15225.0,38
2023-05-11 09:53:02,PK311C10400,PK311C10400,423.0,0.0,0.0,0.0,20,416.5,425.0,20,476.0,467.5,467.5,423.0,35.0,15225.0,38
2023-05-11 09:53:04,PK311C10400,PK311C10400,423.0,0.0,0.0,0.0,20,416.0,424.0,20,476.0,467.5,467.5,423.0,35.0,15225.0,38
2023-05-11 09:53:05,PK311C10400,PK311C10400,423.0,0.0,0.0,0.0,30,415.0,424.0,20,476.0,467.5,467.5,423.0,35.0,15225.0,38
2023-05-11 09:53:06,PK311C10400,PK311C10400,423.0,0.0,0.0,0.0,10,415.0,422.0,10,476.0,467.5,467.5,423.0,35.0,15225.0,38
2023-05-11 09:53:06,PK311C10400,PK311C10400,423.0,0.0,0.0,0.0,10,414.5,422.0,10,476.0,467.5,467.5,423.0,35.0,15225.0,38
2023-05-11 09:53:07,PK311C10400,PK311C10400,423.0,0.0,0.0,0.0,20,414.5,422.0,20,476.0,467.5,467.5,423.0,35.0,15225.0,38
2023-05-11 09:53:15,PK311C10400,PK311C10400,423.0,0.0,0.0,0.0,10,414.5,422.0,20,476.0,467.5,467.5,423.0,35.0,15225.0,38
2023-05-11 09:53:15,PK311C10400,PK311C10400,423.0,0.0,0.0,0.0,20,414.0,422.0,20,476.0,467.5,467.5,423.0,35.0,15225.0,38
2023-05-11 09:53:22,PK311C10400,PK311C10400,423.0,0.0,0.0,0.0,20,413.5,420.5,10,476.0,467.5,467.5,423.0,35.0,15225.0,38
2023-05-11 09:53:23,PK311C10400,PK311C10400,423.0,0.0,0.0,0.0,20,413.5,420.5,20,476.0,467.5,467.5,423.0,35.0,15225.0,38
2023-05-11 09:53:25,PK311C10400,PK311C10400,423.0,0.0,0.0,0.0,10,413.5,420.5,20,476.0,467.5,467.5,423.0,35.0,15225.0,38
2023-05-11 09:53:25,PK311C10400,PK311C10400,423.0,0.0,0.0,0.0,10,413.0,420.5,20,476.0,467.5,467.5,423.0,35.0,15225.0,38
2023-05-11 09:53:26,PK311C10400,PK311C10400,423.0,0.0,0.0,0.0,60,412.0,420.5,20,476.0,467.5,467.5,423.0,35.0,15225.0,38
2023-05-11 09:53:28,PK311C10400,PK311C10400,423.0,0.0,0.0,0.0,40,412.0,420.5,30,476.0,467.5,467.5,423.0,35.0,15225.0,38
2023-05-11 09:53:28,PK311C10400,PK311C10400,423.0,0.0,0.0,0.0,30,412.0,420.5,30,476.0,467.5,467.5,423.0,35.0,15225.0,38
2023-05-11 09:53:31,PK311C10400,PK311C10400,423.0,0.0,0.0,0.0,30,412.0,420.5,20,476.0,467.5,467.5,423.0,35.0,15225.0,38
2023-05-11 09:53:32,PK311C10400,PK311C10400,423.0,0.0,0.0,0.0,50,412.0,420.5,20,476.0,467.5,467.5,423.0,35.0,15225.0,38
2023-05-11 09:53:34,PK311C10400,PK311C10400,423.0,0.0,0.0,0.0,40,412.0,420.5,20,476.0,467.5,467.5,423.0,35.0,15225.0,38
2023-05-11 09:54:07,PK311C10400,PK311C10400,423.0,0.0,0.0,0.0,20,412.0,419.0,10,476.0,467.5,467.5,423.0,35.0,15225.0,38
2023-05-11 09:54:17,PK311C10400,PK311C10400,423.0,0.0,0.0,0.0,10,412.0,419.0,10,476.0,467.5,467.5,423.0,35.0,15225.0,38
2023-05-11 09:54:18,PK311C10400,PK311C10400,423.0,0.0,0.0,0.0,10,411.5,419.0,10,476.0,467.5,467.5,423.0,35.0,15225.0,38
2023-05-11 09:54:32,PK311C10400,PK311C10400,423.0,0.0,0.0,0.0,10,411.0,419.0,10,476.0,467.5,467.5,423.0,35.0,15225.0,38
2023-05-11 09:54:34,PK311C10400,PK311C10400,423.0,0.0,0.0,0.0,30,410.5,419.0,10,476.0,467.5,467.5,423.0,35.0,15225.0,38
2023-05-11 09:54:34,PK311C10400,PK311C10400,423.0,0.0,0.0,0.0,20,410.5,418.0,10,476.0,467.5,467.5,423.0,35.0,15225.0,38
2023-05-11 09:54:35,PK311C10400,PK311C10400,423.0,0.0,0.0,0.0,10,410.5,417.5,10,476.0,467.5,467.5,423.0,35.0,15225.0,38
2023-05-11 09:54:35,PK311C10400,PK311C10400,423.0,0.0,0.0,0.0,20,409.0,417.5,10,476.0,467.5,467.5,423.0,35.0,15225.0,38
2023-05-11 09:54:37,PK311C10400,PK311C10400,423.0,0.0,0.0,0.0,20,409.0,416.0,10,476.0,467.5,467.5,423.0,35.0,15225.0,38
2023-05-11 09:54:37,PK311C10400,PK311C10400,423.0,0.0,0.0,0.0,30,409.0,416.0,20,476.0,467.5,467.5,423.0,35.0,15225.0,38
2023-05-11 09:54:40,PK311C10400,PK311C10400,423.0,0.0,0.0,0.0,20,409.0,416.0,20,476.0,467.5,467.5,423.0,35.0,15225.0,38
2023-05-11 09:54:43,PK311C10400,PK311C10400,423.0,0.0,0.0,0.0,20,408.5,416.0,20,476.0,467.5,467.5,423.0,35.0,15225.0,38
2023-05-11 09:54:45,PK311C10400,PK311C10400,423.0,0.0,0.0,0.0,10,408.5,416.0,20,476.0,467.5,467.5,423.0,35.0,15225.0,38
2023-05-11 09:54:46,PK311C10400,PK311C10400,423.0,0.0,0.0,0.0,30,408.0,416.0,20,476.0,467.5,467.5,423.0,35.0,15225.0,38
2023-05-11 09:54:47,PK311C10400,PK311C10400,423.0,0.0,0.0,0.0,20,408.0,416.0,20,476.0,467.5,467.5,423.0,35.0,15225.0,38
2023-05-11 09:54:49,PK311C10400,PK311C10400,423.0,0.0,0.0,0.0,30,408.0,416.0,20,476.0,467.5,467.5,423.0,35.0,15225.0,38
2023-05-11 09:54:55,PK311C10400,PK311C10400,423.0,0.0,0.0,0.0,20,408.0,416.0,20,476.0,467.5,467.5,423.0,35.0,15225.0,38
2023-05-11 09:54:59,PK311C10400,PK311C10400,423.0,0.0,0.0,0.0,20,407.5,416.0,20,476.0,467.5,467.5,423.0,35.0,15225.0,38
2023-05-11 09:55:00,PK311C10400,PK311C10400,423.0,0.0,0.0,0.0,20,407.0,415.0,20,476.0,467.5,467.5,423.0,35.0,15225.0,38
2023-05-11 09:55:00,PK311C10400,PK311C10400,423.0,0.0,0.0,0.0,30,406.5,415.0,20,476.0,467.5,467.5,423.0,35.0,15225.0,38
2023-05-11 09:55:01,PK311C10400,PK311C10400,423.0,0.0,0.0,0.0,20,406.5,415.0,20,476.0,467.5,467.5,423.0,35.0,15225.0,38
2023-05-11 09:55:01,PK311C10400,PK311C10400,423.0,0.0,0.0,0.0,10,409.0,416.5,10,476.0,467.5,467.5,423.0,35.0,15225.0,38
2023-05-11 09:55:02,PK311C10400,PK311C10400,423.0,0.0,0.0,0.0,10,408.0,416.5,10,476.0,467.5,467.5,423.0,35.0,15225.0,38
2023-05-11 09:55:02,PK311C10400,PK311C10400,423.0,0.0,0.0,0.0,20,408.0,416.5,20,476.0,467.5,467.5,423.0,35.0,15225.0,38
2023-05-11 09:55:03,PK311C10400,PK311C10400,423.0,0.0,0.0,0.0,10,408.0,415.0,10,476.0,467.5,467.5,423.0,35.0,15225.0,38
2023-05-11 09:55:04,PK311C10400,PK311C10400,423.0,0.0,0.0,0.0,30,408.0,415.0,20,476.0,467.5,467.5,423.0,35.0,15225.0,38
2023-05-11 09:55:05,PK311C10400,PK311C10400,423.0,0.0,0.0,0.0,30,408.0,416.5,20,476.0,467.5,467.5,423.0,35.0,15225.0,38
2023-05-11 09:55:06,PK311C10400,PK311C10400,423.0,0.0,0.0,0.0,30,408.0,416.5,30,476.0,467.5,467.5,423.0,35.0,15225.0,38
2023-05-11 09:55:07,PK311C10400,PK311C10400,423.0,0.0,0.0,0.0,20,408.0,414.5,10,476.0,467.5,467.5,423.0,35.0,15225.0,38
2023-05-11 09:55:07,PK311C10400,PK311C10400,423.0,0.0,0.0,0.0,10,406.5,414.5,10,476.0,467.5,467.5,423.0,35.0,15225.0,38
2023-05-11 09:55:08,PK311C10400,PK311C10400,423.0,0.0,0.0,0.0,10,406.5,414.0,10,476.0,467.5,467.5,423.0,35.0,15225.0,38
2023-05-11 09:55:08,PK311C10400,PK311C10400,423.0,0.0,0.0,0.0,10,405.5,414.0,10,476.0,467.5,467.5,423.0,35.0,15225.0,38
2023-05-11 09:55:09,PK311C10400,PK311C10400,423.0,0.0,0.0,0.0,20,405.5,414.0,20,476.0,467.5,467.5,423.0,35.0,15225.0,38
2023-05-11 09:55:10,PK311C10400,PK311C10400,423.0,0.0,0.0,0.0,20,405.5,414.0,10,476.0,467.5,467.5,423.0,35.0,15225.0,38
2023-05-11 09:55:12,PK311C10400,PK311C10400,423.0,0.0,0.0,0.0,30,405.5,414.0,20,476.0,467.5,467.5,423.0,35.0,15225.0,38
2023-05-11 09:55:14,PK311C10400,PK311C10400,423.0,0.0,0.0,0.0,20,406.5,414.5,20,476.0,467.5,467.5,423.0,35.0,15225.0,38
2023-05-11 09:55:14,PK311C10400,PK311C10400,423.0,0.0,0.0,0.0,10,407.0,415.0,10,476.0,467.5,467.5,423.0,35.0,15225.0,38
2023-05-11 09:55:15,PK311C10400,PK311C10400,423.0,0.0,0.0,0.0,20,407.0,415.0,10,476.0,467.5,467.5,423.0,35.0,15225.0,38
2023-05-11 09:55:16,PK311C10400,PK311C10400,423.0,0.0,0.0,0.0,20,407.0,413.5,10,476.0,467.5,467.5,423.0,35.0,15225.0,38
2023-05-11 09:55:17,PK311C10400,PK311C10400,423.0,0.0,0.0,0.0,10,407.0,413.5,10,476.0,467.5,467.5,423.0,35.0,15225.0,38
2023-05-11 09:55:18,PK311C10400,PK311C10400,423.0,0.0,0.0,0.0,10,407.0,414.5,10,476.0,467.5,467.5,423.0,35.0,15225.0,38
2023-05-11 09:55:19,PK311C10400,PK311C10400,423.0,0.0,0.0,0.0,20,407.0,414.5,20,476.0,467.5,467.5,423.0,35.0,15225.0,38
2023-05-11 09:55:25,PK311C10400,PK311C10400,423.0,0.0,0.0,0.0,20,407.0,415.0,20,476.0,467.5,467.5,423.0,35.0,15225.0,38
2023-05-11 09:55:32,PK311C10400,PK311C10400,423.0,0.0,0.0,0.0,10,407.0,415.0,20,476.0,467.5,467.5,423.0,35.0,15225.0,38
2023-05-11 09:55:33,PK311C10400,PK311C10400,423.0,0.0,0.0,0.0,30,406.5,415.0,20,476.0,467.5,467.5,423.0,35.0,15225.0,38
2023-05-11 09:55:46,PK311C10400,PK311C10400,423.0,0.0,0.0,0.0,20,406.5,415.0,20,476.0,467.5,467.5,423.0,35.0,15225.0,38
2023-05-11 09:55:47,PK311C10400,PK311C10400,423.0,0.0,0.0,0.0,20,406.5,413.5,10,476.0,467.5,467.5,423.0,35.0,15225.0,38
2023-05-11 09:55:47,PK311C10400,PK311C10400,423.0,0.0,0.0,0.0,20,406.5,413.5,20,476.0,467.5,467.5,423.0,35.0,15225.0,38
2023-05-11 09:55:52,PK311C10400,PK311C10400,423.0,0.0,0.0,0.0,20,406.5,413.5,30,476.0,467.5,467.5,423.0,35.0,15225.0,38
2023-05-11 09:55:52,PK311C10400,PK311C10400,423.0,0.0,0.0,0.0,20,406.5,413.5,40,476.0,467.5,467.5,423.0,35.0,15225.0,38
2023-05-11 09:55:53,PK311C10400,PK311C10400,423.0,0.0,0.0,0.0,10,406.0,412.0,10,476.0,467.5,467.5,423.0,35.0,15225.0,38
2023-05-11 09:55:53,PK311C10400,PK311C10400,423.0,0.0,0.0,0.0,10,404.0,412.5,10,476.0,467.5,467.5,423.0,35.0,15225.0,38
2023-05-11 09:55:54,PK311C10400,PK311C10400,423.0,0.0,0.0,0.0,20,403.5,412.5,10,476.0,467.5,467.5,423.0,35.0,15225.0,38
2023-05-11 09:55:55,PK311C10400,PK311C10400,423.0,0.0,0.0,0.0,50,403.5,412.5,20,476.0,467.5,467.5,423.0,35.0,15225.0,38
2023-05-11 09:56:00,PK311C10400,PK311C10400,423.0,0.0,0.0,0.0,40,403.5,411.0,10,476.0,467.5,467.5,423.0,35.0,15225.0,38
2023-05-11 09:56:03,PK311C10400,PK311C10400,423.0,0.0,0.0,0.0,10,404.0,411.5,10,476.0,467.5,467.5,423.0,35.0,15225.0,38
2023-05-11 09:56:04,PK311C10400,PK311C10400,423.0,0.0,0.0,0.0,30,404.0,412.5,10,476.0,467.5,467.5,423.0,35.0,15225.0,38
2023-05-11 09:56:04,PK311C10400,PK311C10400,423.0,0.0,0.0,0.0,10,405.5,414.0,20,476.0,467.5,467.5,423.0,35.0,15225.0,38
2023-05-11 09:56:05,PK311C10400,PK311C10400,423.0,0.0,0.0,0.0,30,405.5,414.0,10,476.0,467.5,467.5,423.0,35.0,15225.0,38
2023-05-11 09:56:06,PK311C10400,PK311C10400,423.0,0.0,0.0,0.0,40,405.5,414.0,20,476.0,467.5,467.5,423.0,35.0,15225.0,38
2023-05-11 09:56:07,PK311C10400,PK311C10400,423.0,0.0,0.0,0.0,50,405.5,414.0,20,476.0,467.5,467.5,423.0,35.0,15225.0,38
2023-05-11 09:56:08,PK311C10400,PK311C10400,423.0,0.0,0.0,0.0,10,407.5,414.0,20,476.0,467.5,467.5,423.0,35.0,15225.0,38
2023-05-11 09:56:08,PK311C10400,PK311C10400,423.0,0.0,0.0,0.0,30,407.5,414.5,10,476.0,467.5,467.5,423.0,35.0,15225.0,38
2023-05-11 09:56:09,PK311C10400,PK311C10400,423.0,0.0,0.0,0.0,30,407.5,415.5,20,476.0,467.5,467.5,423.0,35.0,15225.0,38
2023-05-11 09:56:11,PK311C10400,PK311C10400,423.0,0.0,0.0,0.0,40,407.5,414.5,10,476.0,467.5,467.5,423.0,35.0,15225.0,38
2023-05-11 09:56:12,PK311C10400,PK311C10400,423.0,0.0,0.0,0.0,30,407.5,414.5,10,476.0,467.5,467.5,423.0,35.0,15225.0,38
2023-05-11 09:56:14,PK311C10400,PK311C10400,423.0,0.0,0.0,0.0,20,407.5,414.5,10,476.0,467.5,467.5,423.0,35.0,15225.0,38
2023-05-11 09:56:18,PK311C10400,PK311C10400,423.0,0.0,0.0,0.0,20,407.5,413.0,10,476.0,467.5,467.5,423.0,35.0,15225.0,38
2023-05-11 09:56:21,PK311C10400,PK311C10400,423.0,0.0,0.0,0.0,30,407.5,413.0,10,476.0,467.5,467.5,423.0,35.0,15225.0,38
2023-05-11 09:56:24,PK311C10400,PK311C10400,423.0,0.0,0.0,0.0,30,407.5,414.5,20,476.0,467.5,467.5,423.0,35.0,15225.0,38
2023-05-11 09:57:03,PK311C10400,PK311C10400,423.0,0.0,0.0,0.0,20,407.5,413.0,10,476.0,467.5,467.5,423.0,35.0,15225.0,38
2023-05-11 09:57:03,PK311C10400,PK311C10400,423.0,0.0,0.0,0.0,10,406.5,413.0,10,476.0,467.5,467.5,423.0,35.0,15225.0,38
2023-05-11 09:57:04,PK311C10400,PK311C10400,423.0,0.0,0.0,0.0,20,406.5,413.0,20,476.0,467.5,467.5,423.0,35.0,15225.0,38
2023-05-11 09:57:08,PK311C10400,PK311C10400,423.0,0.0,0.0,0.0,30,406.5,413.0,20,476.0,467.5,467.5,423.0,35.0,15225.0,38
2023-05-11 09:57:12,PK311C10400,PK311C10400,423.0,0.0,0.0,0.0,30,406.5,414.5,30,476.0,467.5,467.5,423.0,35.0,15225.0,38
2023-05-11 09:57:12,PK311C10400,PK311C10400,423.0,0.0,0.0,0.0,30,406.5,413.0,10,476.0,467.5,467.5,423.0,35.0,15225.0,38
2023-05-11 09:57:13,PK311C10400,PK311C10400,423.0,0.0,0.0,0.0,20,406.5,413.0,10,476.0,467.5,467.5,423.0,35.0,15225.0,38
2023-05-11 09:57:14,PK311C10400,PK311C10400,423.0,0.0,0.0,0.0,30,406.5,414.5,30,476.0,467.5,467.5,423.0,35.0,15225.0,38
2023-05-11 09:57:15,PK311C10400,PK311C10400,423.0,0.0,0.0,0.0,20,406.5,414.5,30,476.0,467.5,467.5,423.0,35.0,15225.0,38
2023-05-11 09:57:17,PK311C10400,PK311C10400,423.0,0.0,0.0,0.0,30,406.5,414.5,30,476.0,467.5,467.5,423.0,35.0,15225.0,38
2023-05-11 09:57:20,PK311C10400,PK311C10400,423.0,0.0,0.0,0.0,40,406.5,414.5,20,476.0,467.5,467.5,423.0,35.0,15225.0,38
2023-05-11 09:57:21,PK311C10400,PK311C10400,423.0,0.0,0.0,0.0,30,406.5,414.5,20,476.0,467.5,467.5,423.0,35.0,15225.0,38
2023-05-11 09:57:50,PK311C10400,PK311C10400,423.0,0.0,0.0,0.0,30,407.0,414.5,10,476.0,467.5,467.5,423.0,35.0,15225.0,38
2023-05-11 09:57:52,PK311C10400,PK311C10400,423.0,0.0,0.0,0.0,30,407.0,415.0,10,476.0,467.5,467.5,423.0,35.0,15225.0,38
2023-05-11 09:57:52,PK311C10400,PK311C10400,423.0,0.0,0.0,0.0,40,407.0,415.0,10,476.0,467.5,467.5,423.0,35.0,15225.0,38
2023-05-11 09:57:53,PK311C10400,PK311C10400,423.0,0.0,0.0,0.0,40,407.0,415.5,30,476.0,467.5,467.5,423.0,35.0,15225.0,38
2023-05-11 09:58:14,PK311C10400,PK311C10400,423.0,0.0,0.0,0.0,10,408.0,416.0,20,476.0,467.5,467.5,423.0,35.0,15225.0,38
2023-05-11 09:58:15,PK311C10400,PK311C10400,423.0,0.0,0.0,0.0,20,408.0,416.0,20,476.0,467.5,467.5,423.0,35.0,15225.0,38
2023-05-11 09:58:17,PK311C10400,PK311C10400,423.0,0.0,0.0,0.0,30,408.0,416.0,30,476.0,467.5,467.5,423.0,35.0,15225.0,38
2023-05-11 09:58:18,PK311C10400,PK311C10400,423.0,0.0,0.0,0.0,20,408.5,416.0,10,476.0,467.5,467.5,423.0,35.0,15225.0,38
2023-05-11 09:58:18,PK311C10400,PK311C10400,423.0,0.0,0.0,0.0,30,408.5,417.0,20,476.0,467.5,467.5,423.0,35.0,15225.0,38
2023-05-11 09:58:26,PK311C10400,PK311C10400,423.0,0.0,0.0,0.0,30,408.5,417.0,10,476.0,467.5,467.5,423.0,35.0,15225.0,38
2023-05-11 09:58:33,PK311C10400,PK311C10400,423.0,0.0,0.0,0.0,40,408.5,417.0,20,476.0,467.5,467.5,423.0,35.0,15225.0,38
2023-05-11 09:58:34,PK311C10400,PK311C10400,423.0,0.0,0.0,0.0,30,408.5,417.0,20,476.0,467.5,467.5,423.0,35.0,15225.0,38
2023-05-11 09:58:35,PK311C10400,PK311C10400,423.0,0.0,0.0,0.0,20,408.5,415.5,30,476.0,467.5,467.5,423.0,35.0,15225.0,38
2023-05-11 09:58:35,PK311C10400,PK311C10400,423.0,0.0,0.0,0.0,10,408.0,415.5,40,476.0,467.5,467.5,423.0,35.0,15225.0,38
2023-05-11 09:58:36,PK311C10400,PK311C10400,423.0,0.0,0.0,0.0,20,407.0,415.5,40,476.0,467.5,467.5,423.0,35.0,15225.0,38
2023-05-11 09:58:38,PK311C10400,PK311C10400,423.0,0.0,0.0,0.0,30,407.0,415.5,50,476.0,467.5,467.5,423.0,35.0,15225.0,38
2023-05-11 09:58:43,PK311C10400,PK311C10400,423.0,0.0,0.0,0.0,30,407.0,415.5,40,476.0,467.5,467.5,423.0,35.0,15225.0,38
2023-05-11 09:58:56,PK311C10400,PK311C10400,423.0,0.0,0.0,0.0,40,407.0,415.5,40,476.0,467.5,467.5,423.0,35.0,15225.0,38
2023-05-11 09:58:56,PK311C10400,PK311C10400,423.0,0.0,0.0,0.0,30,407.0,415.5,40,476.0,467.5,467.5,423.0,35.0,15225.0,38
2023-05-11 09:58:57,PK311C10400,PK311C10400,423.0,0.0,0.0,0.0,40,407.0,415.5,40,476.0,467.5,467.5,423.0,35.0,15225.0,38
2023-05-11 09:58:59,PK311C10400,PK311C10400,423.0,0.0,0.0,0.0,30,407.0,415.5,40,476.0,467.5,467.5,423.0,35.0,15225.0,38
2023-05-11 09:59:00,PK311C10400,PK311C10400,423.0,0.0,0.0,0.0,40,407.0,415.5,40,476.0,467.5,467.5,423.0,35.0,15225.0,38
2023-05-11 09:59:04,PK311C10400,PK311C10400,423.0,0.0,0.0,0.0,30,407.0,415.5,40,476.0,467.5,467.5,423.0,35.0,15225.0,38
