time,symbol_id,symbol_name,last,trade_volume,trade_amount,open_interest_change,bv1,bp1,ap1,av1,yesterday_close,today_open,today_high,today_low,volume,amount,open_interest
2023-05-11 09:07:43,PK311P9000,PK311P9000,114.5,0.0,0.0,0.0,0,0.0,109.0,1,114.5,109.0,0.0,0.0,0.0,0.0,171
2023-05-11 09:19:18,PK311P9000,PK311P9000,109.0,1.0,109.0,-1.0,0,0.0,0.0,0,114.5,109.0,109.0,109.0,1.0,109.0,170
2023-05-11 09:19:19,PK311P9000,PK311P9000,109.0,0.0,0.0,0.0,1,1.0,0.0,0,114.5,109.0,109.0,109.0,1.0,109.0,170
2023-05-11 09:25:34,PK311P9000,PK311P9000,109.0,0.0,0.0,0.0,20,1.5,0.0,0,114.5,109.0,109.0,109.0,1.0,109.0,170
2023-05-11 09:26:03,PK311P9000,PK311P9000,109.0,0.0,0.0,0.0,20,1.5,666.0,5,114.5,109.0,109.0,109.0,1.0,109.0,170
2023-05-11 09:26:14,PK311P9000,PK311P9000,109.0,0.0,0.0,0.0,20,1.5,0.0,0,114.5,109.0,109.0,109.0,1.0,109.0,170
2023-05-11 09:26:14,PK311P9000,PK311P9000,109.0,0.0,0.0,0.0,20,1.5,666.0,1,114.5,109.0,109.0,109.0,1.0,109.0,170
2023-05-11 09:31:39,PK311P9000,PK311P9000,109.0,0.0,0.0,0.0,10,121.0,126.0,10,114.5,109.0,109.0,109.0,1.0,109.0,170
2023-05-11 09:31:39,PK311P9000,PK311P9000,109.0,0.0,0.0,0.0,10,120.5,126.0,10,114.5,109.0,109.0,109.0,1.0,109.0,170
2023-05-11 09:31:40,PK311P9000,PK311P9000,109.0,0.0,0.0,0.0,10,120.0,125.5,10,114.5,109.0,109.0,109.0,1.0,109.0,170
2023-05-11 09:31:41,PK311P9000,PK311P9000,109.0,0.0,0.0,0.0,20,1.5,666.0,1,114.5,109.0,109.0,109.0,1.0,109.0,170
2023-05-11 09:31:58,PK311P9000,PK311P9000,109.0,0.0,0.0,0.0,10,2.0,665.5,10,114.5,109.0,109.0,109.0,1.0,109.0,170
2023-05-11 09:33:21,PK311P9000,PK311P9000,109.0,0.0,0.0,0.0,10,3.0,664.5,10,114.5,109.0,109.0,109.0,1.0,109.0,170
2023-05-11 09:33:32,PK311P9000,PK311P9000,109.0,0.0,0.0,0.0,11,3.0,664.5,10,114.5,109.0,109.0,109.0,1.0,109.0,170
2023-05-11 09:33:33,PK311P9000,PK311P9000,109.0,0.0,0.0,0.0,10,3.5,664.5,10,114.5,109.0,109.0,109.0,1.0,109.0,170
2023-05-11 09:37:14,PK311P9000,PK311P9000,109.0,0.0,0.0,0.0,10,4.5,664.5,10,114.5,109.0,109.0,109.0,1.0,109.0,170
2023-05-11 09:39:49,PK311P9000,PK311P9000,109.0,0.0,0.0,0.0,20,5.0,664.5,10,114.5,109.0,109.0,109.0,1.0,109.0,170
2023-05-11 09:39:49,PK311P9000,PK311P9000,109.0,0.0,0.0,0.0,10,5.5,664.5,10,114.5,109.0,109.0,109.0,1.0,109.0,170
2023-05-11 09:39:54,PK311P9000,PK311P9000,109.0,0.0,0.0,0.0,20,6.0,664.5,10,114.5,109.0,109.0,109.0,1.0,109.0,170
2023-05-11 09:39:54,PK311P9000,PK311P9000,109.0,0.0,0.0,0.0,10,6.5,664.5,10,114.5,109.0,109.0,109.0,1.0,109.0,170
2023-05-11 09:39:59,PK311P9000,PK311P9000,109.0,0.0,0.0,0.0,20,8.0,664.5,10,114.5,109.0,109.0,109.0,1.0,109.0,170
2023-05-11 09:39:59,PK311P9000,PK311P9000,109.0,0.0,0.0,0.0,10,8.5,664.5,10,114.5,109.0,109.0,109.0,1.0,109.0,170
2023-05-11 09:40:04,PK311P9000,PK311P9000,109.0,0.0,0.0,0.0,20,10.0,664.5,10,114.5,109.0,109.0,109.0,1.0,109.0,170
2023-05-11 09:40:05,PK311P9000,PK311P9000,109.0,0.0,0.0,0.0,10,10.5,664.5,10,114.5,109.0,109.0,109.0,1.0,109.0,170
2023-05-11 09:40:09,PK311P9000,PK311P9000,109.0,0.0,0.0,0.0,20,12.0,664.5,10,114.5,109.0,109.0,109.0,1.0,109.0,170
2023-05-11 09:40:09,PK311P9000,PK311P9000,109.0,0.0,0.0,0.0,10,12.5,664.5,10,114.5,109.0,109.0,109.0,1.0,109.0,170
2023-05-11 09:40:14,PK311P9000,PK311P9000,109.0,0.0,0.0,0.0,10,14.0,664.5,10,114.5,109.0,109.0,109.0,1.0,109.0,170
2023-05-11 09:40:24,PK311P9000,PK311P9000,109.0,0.0,0.0,0.0,10,15.5,664.5,10,114.5,109.0,109.0,109.0,1.0,109.0,170
2023-05-11 09:41:00,PK311P9000,PK311P9000,109.0,0.0,0.0,0.0,10,15.5,664.0,1,114.5,109.0,109.0,109.0,1.0,109.0,170
2023-05-11 09:41:00,PK311P9000,PK311P9000,109.0,0.0,0.0,0.0,10,4.5,663.5,10,114.5,109.0,109.0,109.0,1.0,109.0,170
2023-05-11 09:41:07,PK311P9000,PK311P9000,109.0,0.0,0.0,0.0,10,4.5,662.0,1,114.5,109.0,109.0,109.0,1.0,109.0,170
2023-05-11 09:41:07,PK311P9000,PK311P9000,109.0,0.0,0.0,0.0,10,4.5,661.5,10,114.5,109.0,109.0,109.0,1.0,109.0,170
2023-05-11 09:41:30,PK311P9000,PK311P9000,109.0,0.0,0.0,0.0,20,12.0,661.5,10,114.5,109.0,109.0,109.0,1.0,109.0,170
2023-05-11 09:41:30,PK311P9000,PK311P9000,109.0,0.0,0.0,0.0,10,12.5,664.5,10,114.5,109.0,109.0,109.0,1.0,109.0,170
2023-05-11 09:45:16,PK311P9000,PK311P9000,109.0,0.0,0.0,0.0,10,105.0,110.5,10,114.5,109.0,109.0,109.0,1.0,109.0,170
2023-05-11 09:45:17,PK311P9000,PK311P9000,109.0,0.0,0.0,0.0,10,104.5,110.0,10,114.5,109.0,109.0,109.0,1.0,109.0,170
2023-05-11 09:45:18,PK311P9000,PK311P9000,109.0,0.0,0.0,0.0,10,105.5,110.5,10,114.5,109.0,109.0,109.0,1.0,109.0,170
2023-05-11 09:45:21,PK311P9000,PK311P9000,109.0,0.0,0.0,0.0,10,4.5,664.5,10,114.5,109.0,109.0,109.0,1.0,109.0,170
2023-05-11 09:54:19,PK311P9000,PK311P9000,109.0,0.0,0.0,0.0,10,20.5,664.5,10,114.5,109.0,109.0,109.0,1.0,109.0,170
2023-05-11 09:54:19,PK311P9000,PK311P9000,109.0,0.0,0.0,0.0,10,21.0,664.5,10,114.5,109.0,109.0,109.0,1.0,109.0,170
2023-05-11 10:03:29,PK311P9000,PK311P9000,109.0,0.0,0.0,0.0,10,22.0,663.5,10,114.5,109.0,109.0,109.0,1.0,109.0,170
2023-05-11 10:06:36,PK311P9000,PK311P9000,109.0,0.0,0.0,0.0,10,22.0,662.5,10,114.5,109.0,109.0,109.0,1.0,109.0,170
2023-05-11 10:14:21,PK311P9000,PK311P9000,109.0,0.0,0.0,0.0,1,21.5,663.0,1,114.5,109.0,109.0,109.0,1.0,109.0,170
2023-05-11 10:30:23,PK311P9000,PK311P9000,109.0,0.0,0.0,0.0,1,22.0,663.0,1,114.5,109.0,109.0,109.0,1.0,109.0,170
2023-05-11 10:30:32,PK311P9000,PK311P9000,109.0,0.0,0.0,0.0,10,22.5,662.5,10,114.5,109.0,109.0,109.0,1.0,109.0,170
2023-05-11 10:31:06,PK311P9000,PK311P9000,109.0,0.0,0.0,0.0,10,23.5,662.5,10,114.5,109.0,109.0,109.0,1.0,109.0,170
2023-05-11 10:31:07,PK311P9000,PK311P9000,109.0,0.0,0.0,0.0,10,24.5,662.5,10,114.5,109.0,109.0,109.0,1.0,109.0,170
2023-05-11 10:31:08,PK311P9000,PK311P9000,109.0,0.0,0.0,0.0,10,25.5,662.5,10,114.5,109.0,109.0,109.0,1.0,109.0,170
2023-05-11 10:31:08,PK311P9000,PK311P9000,109.0,0.0,0.0,0.0,1,26.0,662.5,10,114.5,109.0,109.0,109.0,1.0,109.0,170
2023-05-11 10:31:09,PK311P9000,PK311P9000,109.0,0.0,0.0,0.0,10,26.5,662.5,10,114.5,109.0,109.0,109.0,1.0,109.0,170
2023-05-11 10:31:09,PK311P9000,PK311P9000,109.0,0.0,0.0,0.0,1,27.0,662.5,10,114.5,109.0,109.0,109.0,1.0,109.0,170
2023-05-11 10:31:10,PK311P9000,PK311P9000,109.0,0.0,0.0,0.0,10,27.5,662.5,10,114.5,109.0,109.0,109.0,1.0,109.0,170
2023-05-11 10:31:10,PK311P9000,PK311P9000,109.0,0.0,0.0,0.0,1,28.0,662.5,10,114.5,109.0,109.0,109.0,1.0,109.0,170
2023-05-11 10:31:11,PK311P9000,PK311P9000,109.0,0.0,0.0,0.0,10,28.5,662.5,10,114.5,109.0,109.0,109.0,1.0,109.0,170
2023-05-11 10:31:11,PK311P9000,PK311P9000,109.0,0.0,0.0,0.0,1,29.0,662.5,10,114.5,109.0,109.0,109.0,1.0,109.0,170
2023-05-11 10:31:12,PK311P9000,PK311P9000,109.0,0.0,0.0,0.0,10,29.5,662.5,10,114.5,109.0,109.0,109.0,1.0,109.0,170
2023-05-11 10:31:13,PK311P9000,PK311P9000,109.0,0.0,0.0,0.0,10,30.5,662.5,10,114.5,109.0,109.0,109.0,1.0,109.0,170
2023-05-11 10:31:13,PK311P9000,PK311P9000,109.0,0.0,0.0,0.0,1,31.0,662.5,10,114.5,109.0,109.0,109.0,1.0,109.0,170
2023-05-11 10:31:14,PK311P9000,PK311P9000,109.0,0.0,0.0,0.0,10,31.5,662.5,10,114.5,109.0,109.0,109.0,1.0,109.0,170
2023-05-11 10:31:14,PK311P9000,PK311P9000,109.0,0.0,0.0,0.0,1,32.0,662.5,10,114.5,109.0,109.0,109.0,1.0,109.0,170
2023-05-11 10:31:15,PK311P9000,PK311P9000,109.0,0.0,0.0,0.0,10,32.5,662.5,10,114.5,109.0,109.0,109.0,1.0,109.0,170
2023-05-11 10:31:15,PK311P9000,PK311P9000,109.0,0.0,0.0,0.0,1,33.0,662.5,10,114.5,109.0,109.0,109.0,1.0,109.0,170
2023-05-11 10:31:16,PK311P9000,PK311P9000,109.0,0.0,0.0,0.0,10,33.5,662.5,10,114.5,109.0,109.0,109.0,1.0,109.0,170
2023-05-11 10:31:16,PK311P9000,PK311P9000,109.0,0.0,0.0,0.0,1,34.0,662.5,10,114.5,109.0,109.0,109.0,1.0,109.0,170
2023-05-11 10:31:17,PK311P9000,PK311P9000,109.0,0.0,0.0,0.0,10,34.5,662.5,10,114.5,109.0,109.0,109.0,1.0,109.0,170
2023-05-11 10:31:17,PK311P9000,PK311P9000,109.0,0.0,0.0,0.0,1,35.0,662.5,10,114.5,109.0,109.0,109.0,1.0,109.0,170
2023-05-11 10:31:18,PK311P9000,PK311P9000,109.0,0.0,0.0,0.0,10,35.5,662.5,10,114.5,109.0,109.0,109.0,1.0,109.0,170
2023-05-11 10:31:19,PK311P9000,PK311P9000,109.0,0.0,0.0,0.0,10,36.5,662.5,10,114.5,109.0,109.0,109.0,1.0,109.0,170
2023-05-11 10:31:19,PK311P9000,PK311P9000,109.0,0.0,0.0,0.0,1,37.0,662.5,10,114.5,109.0,109.0,109.0,1.0,109.0,170
2023-05-11 10:31:20,PK311P9000,PK311P9000,109.0,0.0,0.0,0.0,10,37.5,662.5,10,114.5,109.0,109.0,109.0,1.0,109.0,170
2023-05-11 10:31:21,PK311P9000,PK311P9000,109.0,0.0,0.0,0.0,10,38.5,662.5,10,114.5,109.0,109.0,109.0,1.0,109.0,170
2023-05-11 10:31:21,PK311P9000,PK311P9000,109.0,0.0,0.0,0.0,1,39.0,662.5,10,114.5,109.0,109.0,109.0,1.0,109.0,170
2023-05-11 10:31:22,PK311P9000,PK311P9000,109.0,0.0,0.0,0.0,10,39.5,662.5,10,114.5,109.0,109.0,109.0,1.0,109.0,170
2023-05-11 10:31:22,PK311P9000,PK311P9000,109.0,0.0,0.0,0.0,1,40.0,662.5,10,114.5,109.0,109.0,109.0,1.0,109.0,170
2023-05-11 10:31:23,PK311P9000,PK311P9000,109.0,0.0,0.0,0.0,10,40.5,662.5,10,114.5,109.0,109.0,109.0,1.0,109.0,170
2023-05-11 10:31:23,PK311P9000,PK311P9000,109.0,0.0,0.0,0.0,1,41.0,662.5,10,114.5,109.0,109.0,109.0,1.0,109.0,170
2023-05-11 10:31:24,PK311P9000,PK311P9000,109.0,0.0,0.0,0.0,10,41.5,662.5,10,114.5,109.0,109.0,109.0,1.0,109.0,170
2023-05-11 10:31:24,PK311P9000,PK311P9000,109.0,0.0,0.0,0.0,1,42.0,662.5,10,114.5,109.0,109.0,109.0,1.0,109.0,170
2023-05-11 10:31:25,PK311P9000,PK311P9000,109.0,0.0,0.0,0.0,10,42.5,662.5,10,114.5,109.0,109.0,109.0,1.0,109.0,170
2023-05-11 10:31:26,PK311P9000,PK311P9000,109.0,0.0,0.0,0.0,10,43.5,662.5,10,114.5,109.0,109.0,109.0,1.0,109.0,170
2023-05-11 10:31:26,PK311P9000,PK311P9000,109.0,0.0,0.0,0.0,1,44.0,662.5,10,114.5,109.0,109.0,109.0,1.0,109.0,170
2023-05-11 10:31:27,PK311P9000,PK311P9000,109.0,0.0,0.0,0.0,10,44.5,662.5,10,114.5,109.0,109.0,109.0,1.0,109.0,170
2023-05-11 10:31:28,PK311P9000,PK311P9000,109.0,0.0,0.0,0.0,1,45.0,662.5,10,114.5,109.0,109.0,109.0,1.0,109.0,170
2023-05-11 10:31:28,PK311P9000,PK311P9000,109.0,0.0,0.0,0.0,10,45.5,662.5,10,114.5,109.0,109.0,109.0,1.0,109.0,170
2023-05-11 10:31:29,PK311P9000,PK311P9000,109.0,0.0,0.0,0.0,1,46.0,662.5,10,114.5,109.0,109.0,109.0,1.0,109.0,170
2023-05-11 10:31:29,PK311P9000,PK311P9000,109.0,0.0,0.0,0.0,10,46.5,662.5,10,114.5,109.0,109.0,109.0,1.0,109.0,170
2023-05-11 10:31:30,PK311P9000,PK311P9000,109.0,0.0,0.0,0.0,1,47.0,662.5,10,114.5,109.0,109.0,109.0,1.0,109.0,170
2023-05-11 10:31:30,PK311P9000,PK311P9000,109.0,0.0,0.0,0.0,10,47.5,662.5,10,114.5,109.0,109.0,109.0,1.0,109.0,170
2023-05-11 10:31:31,PK311P9000,PK311P9000,109.0,0.0,0.0,0.0,1,48.0,662.5,10,114.5,109.0,109.0,109.0,1.0,109.0,170
2023-05-11 10:31:31,PK311P9000,PK311P9000,109.0,0.0,0.0,0.0,10,48.5,662.5,10,114.5,109.0,109.0,109.0,1.0,109.0,170
2023-05-11 10:47:06,PK311P9000,PK311P9000,109.0,0.0,0.0,0.0,10,22.0,661.5,10,114.5,109.0,109.0,109.0,1.0,109.0,170
2023-05-11 10:47:06,PK311P9000,PK311P9000,109.0,0.0,0.0,0.0,1,22.5,661.5,10,114.5,109.0,109.0,109.0,1.0,109.0,170
2023-05-11 10:47:07,PK311P9000,PK311P9000,109.0,0.0,0.0,0.0,10,23.5,661.5,10,114.5,109.0,109.0,109.0,1.0,109.0,170
2023-05-11 10:47:08,PK311P9000,PK311P9000,109.0,0.0,0.0,0.0,10,24.5,661.5,10,114.5,109.0,109.0,109.0,1.0,109.0,170
2023-05-11 10:47:09,PK311P9000,PK311P9000,109.0,0.0,0.0,0.0,10,25.5,661.5,10,114.5,109.0,109.0,109.0,1.0,109.0,170
2023-05-11 10:47:10,PK311P9000,PK311P9000,109.0,0.0,0.0,0.0,10,26.5,661.5,10,114.5,109.0,109.0,109.0,1.0,109.0,170
2023-05-11 10:47:11,PK311P9000,PK311P9000,109.0,0.0,0.0,0.0,10,27.5,661.5,10,114.5,109.0,109.0,109.0,1.0,109.0,170
2023-05-11 10:47:11,PK311P9000,PK311P9000,109.0,0.0,0.0,0.0,1,28.0,661.5,10,114.5,109.0,109.0,109.0,1.0,109.0,170
2023-05-11 10:47:12,PK311P9000,PK311P9000,109.0,0.0,0.0,0.0,10,28.5,661.5,10,114.5,109.0,109.0,109.0,1.0,109.0,170
2023-05-11 10:47:13,PK311P9000,PK311P9000,109.0,0.0,0.0,0.0,1,29.0,661.5,10,114.5,109.0,109.0,109.0,1.0,109.0,170
2023-05-11 10:47:13,PK311P9000,PK311P9000,109.0,0.0,0.0,0.0,10,29.5,661.5,10,114.5,109.0,109.0,109.0,1.0,109.0,170
2023-05-11 10:47:14,PK311P9000,PK311P9000,109.0,0.0,0.0,0.0,1,30.0,661.5,10,114.5,109.0,109.0,109.0,1.0,109.0,170
2023-05-11 10:47:14,PK311P9000,PK311P9000,109.0,0.0,0.0,0.0,10,30.5,661.5,10,114.5,109.0,109.0,109.0,1.0,109.0,170
2023-05-11 10:47:15,PK311P9000,PK311P9000,109.0,0.0,0.0,0.0,1,31.0,661.5,10,114.5,109.0,109.0,109.0,1.0,109.0,170
2023-05-11 10:47:15,PK311P9000,PK311P9000,109.0,0.0,0.0,0.0,10,31.5,661.5,10,114.5,109.0,109.0,109.0,1.0,109.0,170
2023-05-11 10:47:16,PK311P9000,PK311P9000,109.0,0.0,0.0,0.0,10,32.5,661.5,10,114.5,109.0,109.0,109.0,1.0,109.0,170
2023-05-11 10:47:17,PK311P9000,PK311P9000,109.0,0.0,0.0,0.0,1,33.0,661.5,10,114.5,109.0,109.0,109.0,1.0,109.0,170
2023-05-11 10:47:17,PK311P9000,PK311P9000,109.0,0.0,0.0,0.0,10,33.5,661.5,10,114.5,109.0,109.0,109.0,1.0,109.0,170
2023-05-11 10:47:18,PK311P9000,PK311P9000,109.0,0.0,0.0,0.0,1,34.0,661.5,10,114.5,109.0,109.0,109.0,1.0,109.0,170
2023-05-11 10:47:18,PK311P9000,PK311P9000,109.0,0.0,0.0,0.0,10,34.5,661.5,10,114.5,109.0,109.0,109.0,1.0,109.0,170
2023-05-11 10:47:19,PK311P9000,PK311P9000,109.0,0.0,0.0,0.0,1,35.0,661.5,10,114.5,109.0,109.0,109.0,1.0,109.0,170
2023-05-11 10:47:19,PK311P9000,PK311P9000,109.0,0.0,0.0,0.0,10,35.5,661.5,10,114.5,109.0,109.0,109.0,1.0,109.0,170
2023-05-11 10:47:20,PK311P9000,PK311P9000,109.0,0.0,0.0,0.0,1,36.0,661.5,10,114.5,109.0,109.0,109.0,1.0,109.0,170
2023-05-11 10:47:20,PK311P9000,PK311P9000,109.0,0.0,0.0,0.0,10,36.5,661.5,10,114.5,109.0,109.0,109.0,1.0,109.0,170
2023-05-11 10:47:21,PK311P9000,PK311P9000,109.0,0.0,0.0,0.0,1,37.0,661.5,10,114.5,109.0,109.0,109.0,1.0,109.0,170
2023-05-11 10:47:21,PK311P9000,PK311P9000,109.0,0.0,0.0,0.0,10,37.5,661.5,10,114.5,109.0,109.0,109.0,1.0,109.0,170
2023-05-11 10:47:22,PK311P9000,PK311P9000,109.0,0.0,0.0,0.0,1,38.0,661.5,10,114.5,109.0,109.0,109.0,1.0,109.0,170
2023-05-11 10:47:22,PK311P9000,PK311P9000,109.0,0.0,0.0,0.0,10,38.5,661.5,10,114.5,109.0,109.0,109.0,1.0,109.0,170
2023-05-11 10:47:23,PK311P9000,PK311P9000,109.0,0.0,0.0,0.0,1,39.0,661.5,10,114.5,109.0,109.0,109.0,1.0,109.0,170
2023-05-11 10:47:23,PK311P9000,PK311P9000,109.0,0.0,0.0,0.0,10,39.5,661.5,10,114.5,109.0,109.0,109.0,1.0,109.0,170
2023-05-11 10:47:24,PK311P9000,PK311P9000,109.0,0.0,0.0,0.0,1,40.0,661.5,10,114.5,109.0,109.0,109.0,1.0,109.0,170
2023-05-11 10:47:24,PK311P9000,PK311P9000,109.0,0.0,0.0,0.0,10,40.5,661.5,10,114.5,109.0,109.0,109.0,1.0,109.0,170
2023-05-11 10:47:25,PK311P9000,PK311P9000,109.0,0.0,0.0,0.0,1,41.0,661.5,10,114.5,109.0,109.0,109.0,1.0,109.0,170
2023-05-11 10:47:25,PK311P9000,PK311P9000,109.0,0.0,0.0,0.0,10,41.5,661.5,10,114.5,109.0,109.0,109.0,1.0,109.0,170
2023-05-11 10:47:26,PK311P9000,PK311P9000,109.0,0.0,0.0,0.0,1,42.0,661.5,10,114.5,109.0,109.0,109.0,1.0,109.0,170
2023-05-11 10:47:26,PK311P9000,PK311P9000,109.0,0.0,0.0,0.0,10,42.5,661.5,10,114.5,109.0,109.0,109.0,1.0,109.0,170
2023-05-11 10:47:27,PK311P9000,PK311P9000,109.0,0.0,0.0,0.0,1,43.0,661.5,10,114.5,109.0,109.0,109.0,1.0,109.0,170
2023-05-11 10:47:27,PK311P9000,PK311P9000,109.0,0.0,0.0,0.0,10,43.5,661.5,10,114.5,109.0,109.0,109.0,1.0,109.0,170
2023-05-11 10:47:28,PK311P9000,PK311P9000,109.0,0.0,0.0,0.0,1,44.0,661.5,10,114.5,109.0,109.0,109.0,1.0,109.0,170
2023-05-11 10:47:28,PK311P9000,PK311P9000,109.0,0.0,0.0,0.0,10,44.5,661.5,10,114.5,109.0,109.0,109.0,1.0,109.0,170
2023-05-11 10:47:29,PK311P9000,PK311P9000,109.0,0.0,0.0,0.0,1,45.0,661.5,10,114.5,109.0,109.0,109.0,1.0,109.0,170
2023-05-11 10:47:29,PK311P9000,PK311P9000,109.0,0.0,0.0,0.0,10,45.5,661.5,10,114.5,109.0,109.0,109.0,1.0,109.0,170
2023-05-11 10:47:30,PK311P9000,PK311P9000,109.0,0.0,0.0,0.0,1,46.0,661.5,10,114.5,109.0,109.0,109.0,1.0,109.0,170
2023-05-11 10:47:30,PK311P9000,PK311P9000,109.0,0.0,0.0,0.0,10,46.5,661.5,10,114.5,109.0,109.0,109.0,1.0,109.0,170
2023-05-11 10:47:31,PK311P9000,PK311P9000,109.0,0.0,0.0,0.0,1,47.0,661.5,10,114.5,109.0,109.0,109.0,1.0,109.0,170
2023-05-11 10:47:31,PK311P9000,PK311P9000,109.0,0.0,0.0,0.0,10,47.5,661.5,10,114.5,109.0,109.0,109.0,1.0,109.0,170
2023-05-11 10:47:32,PK311P9000,PK311P9000,109.0,0.0,0.0,0.0,1,48.0,661.5,10,114.5,109.0,109.0,109.0,1.0,109.0,170
2023-05-11 10:47:32,PK311P9000,PK311P9000,109.0,0.0,0.0,0.0,10,48.5,661.5,10,114.5,109.0,109.0,109.0,1.0,109.0,170
2023-05-11 11:13:34,PK311P9000,PK311P9000,109.0,0.0,0.0,0.0,10,118.0,123.5,10,114.5,109.0,109.0,109.0,1.0,109.0,170
2023-05-11 11:14:53,PK311P9000,PK311P9000,109.0,0.0,0.0,0.0,10,119.0,124.5,10,114.5,109.0,109.0,109.0,1.0,109.0,170
2023-05-11 11:14:59,PK311P9000,PK311P9000,109.0,0.0,0.0,0.0,10,118.5,123.5,10,114.5,109.0,109.0,109.0,1.0,109.0,170
2023-05-11 11:15:10,PK311P9000,PK311P9000,109.0,0.0,0.0,0.0,10,118.0,123.5,10,114.5,109.0,109.0,109.0,1.0,109.0,170
2023-05-11 11:16:24,PK311P9000,PK311P9000,109.0,0.0,0.0,0.0,10,119.0,124.5,10,114.5,109.0,109.0,109.0,1.0,109.0,170
2023-05-11 11:16:25,PK311P9000,PK311P9000,109.0,0.0,0.0,0.0,10,118.5,124.0,10,114.5,109.0,109.0,109.0,1.0,109.0,170
2023-05-11 11:16:46,PK311P9000,PK311P9000,109.0,0.0,0.0,0.0,10,118.0,123.5,10,114.5,109.0,109.0,109.0,1.0,109.0,170
2023-05-11 11:18:35,PK311P9000,PK311P9000,109.0,0.0,0.0,0.0,10,119.0,124.5,10,114.5,109.0,109.0,109.0,1.0,109.0,170
2023-05-11 11:19:00,PK311P9000,PK311P9000,109.0,0.0,0.0,0.0,10,118.5,124.0,10,114.5,109.0,109.0,109.0,1.0,109.0,170
2023-05-11 11:19:01,PK311P9000,PK311P9000,109.0,0.0,0.0,0.0,10,118.0,123.5,10,114.5,109.0,109.0,109.0,1.0,109.0,170
2023-05-11 11:19:25,PK311P9000,PK311P9000,109.0,0.0,0.0,0.0,10,119.0,124.5,10,114.5,109.0,109.0,109.0,1.0,109.0,170
2023-05-11 11:19:28,PK311P9000,PK311P9000,109.0,0.0,0.0,0.0,10,118.5,124.0,10,114.5,109.0,109.0,109.0,1.0,109.0,170
2023-05-11 11:19:34,PK311P9000,PK311P9000,109.0,0.0,0.0,0.0,10,118.0,123.5,10,114.5,109.0,109.0,109.0,1.0,109.0,170
2023-05-11 11:19:37,PK311P9000,PK311P9000,109.0,0.0,0.0,0.0,10,117.5,123.0,10,114.5,109.0,109.0,109.0,1.0,109.0,170
2023-05-11 11:20:58,PK311P9000,PK311P9000,109.0,0.0,0.0,0.0,10,118.5,123.5,10,114.5,109.0,109.0,109.0,1.0,109.0,170
2023-05-11 11:22:12,PK311P9000,PK311P9000,109.0,0.0,0.0,0.0,10,118.0,123.5,10,114.5,109.0,109.0,109.0,1.0,109.0,170
2023-05-11 11:22:43,PK311P9000,PK311P9000,109.0,0.0,0.0,0.0,10,119.0,124.5,10,114.5,109.0,109.0,109.0,1.0,109.0,170
2023-05-11 11:22:46,PK311P9000,PK311P9000,109.0,0.0,0.0,0.0,10,118.5,124.0,10,114.5,109.0,109.0,109.0,1.0,109.0,170
2023-05-11 11:24:40,PK311P9000,PK311P9000,109.0,0.0,0.0,0.0,10,119.0,124.5,10,114.5,109.0,109.0,109.0,1.0,109.0,170
2023-05-11 11:24:42,PK311P9000,PK311P9000,109.0,0.0,0.0,0.0,10,118.5,124.0,10,114.5,109.0,109.0,109.0,1.0,109.0,170
2023-05-11 11:25:42,PK311P9000,PK311P9000,109.0,0.0,0.0,0.0,10,118.0,123.5,10,114.5,109.0,109.0,109.0,1.0,109.0,170
2023-05-11 11:26:29,PK311P9000,PK311P9000,109.0,0.0,0.0,0.0,10,117.5,123.0,10,114.5,109.0,109.0,109.0,1.0,109.0,170
2023-05-11 11:26:56,PK311P9000,PK311P9000,109.0,0.0,0.0,0.0,10,118.5,124.0,10,114.5,109.0,109.0,109.0,1.0,109.0,170
2023-05-11 11:26:57,PK311P9000,PK311P9000,109.0,0.0,0.0,0.0,10,118.0,123.5,10,114.5,109.0,109.0,109.0,1.0,109.0,170
2023-05-11 11:27:02,PK311P9000,PK311P9000,109.0,0.0,0.0,0.0,10,117.5,123.0,10,114.5,109.0,109.0,109.0,1.0,109.0,170
2023-05-11 11:27:35,PK311P9000,PK311P9000,109.0,0.0,0.0,0.0,10,118.5,123.5,10,114.5,109.0,109.0,109.0,1.0,109.0,170
2023-05-11 11:28:05,PK311P9000,PK311P9000,109.0,0.0,0.0,0.0,10,118.5,124.0,10,114.5,109.0,109.0,109.0,1.0,109.0,170
2023-05-11 11:28:07,PK311P9000,PK311P9000,109.0,0.0,0.0,0.0,10,118.0,123.5,10,114.5,109.0,109.0,109.0,1.0,109.0,170
2023-05-11 11:28:09,PK311P9000,PK311P9000,109.0,0.0,0.0,0.0,10,117.5,123.0,10,114.5,109.0,109.0,109.0,1.0,109.0,170
2023-05-11 11:28:11,PK311P9000,PK311P9000,109.0,0.0,0.0,0.0,10,117.0,122.5,10,114.5,109.0,109.0,109.0,1.0,109.0,170
2023-05-11 11:28:20,PK311P9000,PK311P9000,109.0,0.0,0.0,0.0,10,116.5,122.0,10,114.5,109.0,109.0,109.0,1.0,109.0,170
2023-05-11 11:28:30,PK311P9000,PK311P9000,109.0,0.0,0.0,0.0,10,116.0,121.5,10,114.5,109.0,109.0,109.0,1.0,109.0,170
2023-05-11 11:29:23,PK311P9000,PK311P9000,109.0,0.0,0.0,0.0,1,23.0,662.0,1,114.5,109.0,109.0,109.0,1.0,109.0,170
2023-05-11 11:29:34,PK311P9000,PK311P9000,109.0,0.0,0.0,0.0,10,20.5,662.0,1,114.5,109.0,109.0,109.0,1.0,109.0,170
2023-05-11 13:30:15,PK311P9000,PK311P9000,109.0,0.0,0.0,0.0,1,21.0,662.0,1,114.5,109.0,109.0,109.0,1.0,109.0,170
2023-05-11 13:31:25,PK311P9000,PK311P9000,109.0,0.0,0.0,0.0,1,21.0,656.5,1,114.5,109.0,109.0,109.0,1.0,109.0,170
2023-05-11 13:31:31,PK311P9000,PK311P9000,109.0,0.0,0.0,0.0,1,21.5,656.5,1,114.5,109.0,109.0,109.0,1.0,109.0,170
2023-05-11 13:31:47,PK311P9000,PK311P9000,109.0,0.0,0.0,0.0,10,22.0,656.0,10,114.5,109.0,109.0,109.0,1.0,109.0,170
2023-05-11 13:31:48,PK311P9000,PK311P9000,109.0,0.0,0.0,0.0,10,23.0,656.0,10,114.5,109.0,109.0,109.0,1.0,109.0,170
2023-05-11 13:31:49,PK311P9000,PK311P9000,109.0,0.0,0.0,0.0,10,24.0,656.0,10,114.5,109.0,109.0,109.0,1.0,109.0,170
2023-05-11 13:31:50,PK311P9000,PK311P9000,109.0,0.0,0.0,0.0,1,24.5,656.0,10,114.5,109.0,109.0,109.0,1.0,109.0,170
2023-05-11 13:31:50,PK311P9000,PK311P9000,109.0,0.0,0.0,0.0,10,25.0,656.0,10,114.5,109.0,109.0,109.0,1.0,109.0,170
2023-05-11 13:31:51,PK311P9000,PK311P9000,109.0,0.0,0.0,0.0,1,25.5,656.0,10,114.5,109.0,109.0,109.0,1.0,109.0,170
2023-05-11 13:31:51,PK311P9000,PK311P9000,109.0,0.0,0.0,0.0,10,26.0,656.0,10,114.5,109.0,109.0,109.0,1.0,109.0,170
2023-05-11 13:31:52,PK311P9000,PK311P9000,109.0,0.0,0.0,0.0,1,26.5,656.0,10,114.5,109.0,109.0,109.0,1.0,109.0,170
2023-05-11 13:31:52,PK311P9000,PK311P9000,109.0,0.0,0.0,0.0,10,27.0,656.0,10,114.5,109.0,109.0,109.0,1.0,109.0,170
2023-05-11 13:31:53,PK311P9000,PK311P9000,109.0,0.0,0.0,0.0,1,27.5,656.0,10,114.5,109.0,109.0,109.0,1.0,109.0,170
2023-05-11 13:31:53,PK311P9000,PK311P9000,109.0,0.0,0.0,0.0,10,28.0,656.0,10,114.5,109.0,109.0,109.0,1.0,109.0,170
2023-05-11 13:31:54,PK311P9000,PK311P9000,109.0,0.0,0.0,0.0,1,28.5,656.0,10,114.5,109.0,109.0,109.0,1.0,109.0,170
2023-05-11 13:31:54,PK311P9000,PK311P9000,109.0,0.0,0.0,0.0,10,29.0,656.0,10,114.5,109.0,109.0,109.0,1.0,109.0,170
2023-05-11 13:31:55,PK311P9000,PK311P9000,109.0,0.0,0.0,0.0,10,30.0,656.0,10,114.5,109.0,109.0,109.0,1.0,109.0,170
2023-05-11 13:31:56,PK311P9000,PK311P9000,109.0,0.0,0.0,0.0,1,30.5,656.0,10,114.5,109.0,109.0,109.0,1.0,109.0,170
2023-05-11 13:31:56,PK311P9000,PK311P9000,109.0,0.0,0.0,0.0,10,31.0,656.0,10,114.5,109.0,109.0,109.0,1.0,109.0,170
2023-05-11 13:31:57,PK311P9000,PK311P9000,109.0,0.0,0.0,0.0,1,31.5,656.0,10,114.5,109.0,109.0,109.0,1.0,109.0,170
2023-05-11 13:31:57,PK311P9000,PK311P9000,109.0,0.0,0.0,0.0,10,32.0,656.0,10,114.5,109.0,109.0,109.0,1.0,109.0,170
2023-05-11 13:31:58,PK311P9000,PK311P9000,109.0,0.0,0.0,0.0,1,32.5,656.0,10,114.5,109.0,109.0,109.0,1.0,109.0,170
2023-05-11 13:31:58,PK311P9000,PK311P9000,109.0,0.0,0.0,0.0,10,33.0,656.0,10,114.5,109.0,109.0,109.0,1.0,109.0,170
2023-05-11 13:31:59,PK311P9000,PK311P9000,109.0,0.0,0.0,0.0,10,34.0,656.0,10,114.5,109.0,109.0,109.0,1.0,109.0,170
2023-05-11 13:32:00,PK311P9000,PK311P9000,109.0,0.0,0.0,0.0,1,34.5,656.0,10,114.5,109.0,109.0,109.0,1.0,109.0,170
2023-05-11 13:32:00,PK311P9000,PK311P9000,109.0,0.0,0.0,0.0,10,35.0,656.0,10,114.5,109.0,109.0,109.0,1.0,109.0,170
2023-05-11 13:32:01,PK311P9000,PK311P9000,109.0,0.0,0.0,0.0,1,35.5,656.0,10,114.5,109.0,109.0,109.0,1.0,109.0,170
2023-05-11 13:32:01,PK311P9000,PK311P9000,109.0,0.0,0.0,0.0,10,36.0,656.0,10,114.5,109.0,109.0,109.0,1.0,109.0,170
2023-05-11 13:32:02,PK311P9000,PK311P9000,109.0,0.0,0.0,0.0,1,36.5,656.0,10,114.5,109.0,109.0,109.0,1.0,109.0,170
2023-05-11 13:32:02,PK311P9000,PK311P9000,109.0,0.0,0.0,0.0,10,37.0,656.0,10,114.5,109.0,109.0,109.0,1.0,109.0,170
2023-05-11 13:32:03,PK311P9000,PK311P9000,109.0,0.0,0.0,0.0,1,37.5,656.0,10,114.5,109.0,109.0,109.0,1.0,109.0,170
2023-05-11 13:32:03,PK311P9000,PK311P9000,109.0,0.0,0.0,0.0,10,38.0,656.0,10,114.5,109.0,109.0,109.0,1.0,109.0,170
2023-05-11 13:32:04,PK311P9000,PK311P9000,109.0,0.0,0.0,0.0,1,38.5,656.0,10,114.5,109.0,109.0,109.0,1.0,109.0,170
2023-05-11 13:32:04,PK311P9000,PK311P9000,109.0,0.0,0.0,0.0,10,39.0,656.0,10,114.5,109.0,109.0,109.0,1.0,109.0,170
2023-05-11 13:32:05,PK311P9000,PK311P9000,109.0,0.0,0.0,0.0,1,39.5,656.0,10,114.5,109.0,109.0,109.0,1.0,109.0,170
2023-05-11 13:32:05,PK311P9000,PK311P9000,109.0,0.0,0.0,0.0,10,40.0,656.0,10,114.5,109.0,109.0,109.0,1.0,109.0,170
2023-05-11 13:32:07,PK311P9000,PK311P9000,109.0,0.0,0.0,0.0,10,41.0,656.0,10,114.5,109.0,109.0,109.0,1.0,109.0,170
2023-05-11 13:32:07,PK311P9000,PK311P9000,109.0,0.0,0.0,0.0,1,41.5,656.0,10,114.5,109.0,109.0,109.0,1.0,109.0,170
2023-05-11 13:32:07,PK311P9000,PK311P9000,109.0,0.0,0.0,0.0,10,42.0,661.5,10,114.5,109.0,109.0,109.0,1.0,109.0,170
2023-05-11 13:32:08,PK311P9000,PK311P9000,109.0,0.0,0.0,0.0,1,42.5,661.5,10,114.5,109.0,109.0,109.0,1.0,109.0,170
2023-05-11 13:32:09,PK311P9000,PK311P9000,109.0,0.0,0.0,0.0,10,43.0,661.5,10,114.5,109.0,109.0,109.0,1.0,109.0,170
2023-05-11 13:32:09,PK311P9000,PK311P9000,109.0,0.0,0.0,0.0,1,43.5,661.5,10,114.5,109.0,109.0,109.0,1.0,109.0,170
2023-05-11 13:32:10,PK311P9000,PK311P9000,109.0,0.0,0.0,0.0,10,44.0,661.5,10,114.5,109.0,109.0,109.0,1.0,109.0,170
2023-05-11 13:32:11,PK311P9000,PK311P9000,109.0,0.0,0.0,0.0,10,45.0,661.5,10,114.5,109.0,109.0,109.0,1.0,109.0,170
2023-05-11 13:32:12,PK311P9000,PK311P9000,109.0,0.0,0.0,0.0,1,45.5,661.5,10,114.5,109.0,109.0,109.0,1.0,109.0,170
2023-05-11 13:32:12,PK311P9000,PK311P9000,109.0,0.0,0.0,0.0,10,46.0,661.5,10,114.5,109.0,109.0,109.0,1.0,109.0,170
2023-05-11 13:32:13,PK311P9000,PK311P9000,109.0,0.0,0.0,0.0,1,46.5,661.5,10,114.5,109.0,109.0,109.0,1.0,109.0,170
2023-05-11 13:32:13,PK311P9000,PK311P9000,109.0,0.0,0.0,0.0,10,47.0,661.5,10,114.5,109.0,109.0,109.0,1.0,109.0,170
2023-05-11 13:32:14,PK311P9000,PK311P9000,109.0,0.0,0.0,0.0,1,47.5,661.5,10,114.5,109.0,109.0,109.0,1.0,109.0,170
2023-05-11 13:32:14,PK311P9000,PK311P9000,109.0,0.0,0.0,0.0,10,48.0,661.5,10,114.5,109.0,109.0,109.0,1.0,109.0,170
2023-05-11 13:32:31,PK311P9000,PK311P9000,109.0,0.0,0.0,0.0,10,48.0,656.0,1,114.5,109.0,109.0,109.0,1.0,109.0,170
2023-05-11 13:32:31,PK311P9000,PK311P9000,109.0,0.0,0.0,0.0,10,21.5,655.5,10,114.5,109.0,109.0,109.0,1.0,109.0,170
2023-05-11 13:32:32,PK311P9000,PK311P9000,109.0,0.0,0.0,0.0,1,22.0,655.5,10,114.5,109.0,109.0,109.0,1.0,109.0,170
2023-05-11 13:32:32,PK311P9000,PK311P9000,109.0,0.0,0.0,0.0,10,22.5,655.5,10,114.5,109.0,109.0,109.0,1.0,109.0,170
2023-05-11 13:32:33,PK311P9000,PK311P9000,109.0,0.0,0.0,0.0,10,23.5,655.5,10,114.5,109.0,109.0,109.0,1.0,109.0,170
2023-05-11 13:32:34,PK311P9000,PK311P9000,109.0,0.0,0.0,0.0,10,24.5,655.5,10,114.5,109.0,109.0,109.0,1.0,109.0,170
2023-05-11 13:32:35,PK311P9000,PK311P9000,109.0,0.0,0.0,0.0,10,25.5,655.5,10,114.5,109.0,109.0,109.0,1.0,109.0,170
2023-05-11 13:32:37,PK311P9000,PK311P9000,109.0,0.0,0.0,0.0,10,26.5,655.5,10,114.5,109.0,109.0,109.0,1.0,109.0,170
2023-05-11 13:32:37,PK311P9000,PK311P9000,109.0,0.0,0.0,0.0,10,27.5,655.5,10,114.5,109.0,109.0,109.0,1.0,109.0,170
2023-05-11 13:32:38,PK311P9000,PK311P9000,109.0,0.0,0.0,0.0,10,28.5,661.5,10,114.5,109.0,109.0,109.0,1.0,109.0,170
2023-05-11 13:32:40,PK311P9000,PK311P9000,109.0,0.0,0.0,0.0,10,29.5,661.5,10,114.5,109.0,109.0,109.0,1.0,109.0,170
2023-05-11 13:32:40,PK311P9000,PK311P9000,109.0,0.0,0.0,0.0,10,30.5,661.5,10,114.5,109.0,109.0,109.0,1.0,109.0,170
2023-05-11 13:32:41,PK311P9000,PK311P9000,109.0,0.0,0.0,0.0,10,31.5,661.5,10,114.5,109.0,109.0,109.0,1.0,109.0,170
2023-05-11 13:32:42,PK311P9000,PK311P9000,109.0,0.0,0.0,0.0,10,32.5,661.5,10,114.5,109.0,109.0,109.0,1.0,109.0,170
2023-05-11 13:32:43,PK311P9000,PK311P9000,109.0,0.0,0.0,0.0,1,33.0,661.5,10,114.5,109.0,109.0,109.0,1.0,109.0,170
2023-05-11 13:32:43,PK311P9000,PK311P9000,109.0,0.0,0.0,0.0,10,33.5,661.5,10,114.5,109.0,109.0,109.0,1.0,109.0,170
2023-05-11 13:32:44,PK311P9000,PK311P9000,109.0,0.0,0.0,0.0,10,33.5,655.5,10,114.5,109.0,109.0,109.0,1.0,109.0,170
2023-05-11 13:32:44,PK311P9000,PK311P9000,109.0,0.0,0.0,0.0,10,34.5,655.5,10,114.5,109.0,109.0,109.0,1.0,109.0,170
2023-05-11 13:32:46,PK311P9000,PK311P9000,109.0,0.0,0.0,0.0,10,35.5,655.5,10,114.5,109.0,109.0,109.0,1.0,109.0,170
2023-05-11 13:32:46,PK311P9000,PK311P9000,109.0,0.0,0.0,0.0,10,36.5,655.5,10,114.5,109.0,109.0,109.0,1.0,109.0,170
2023-05-11 13:32:48,PK311P9000,PK311P9000,109.0,0.0,0.0,0.0,10,37.5,655.5,10,114.5,109.0,109.0,109.0,1.0,109.0,170
2023-05-11 13:32:48,PK311P9000,PK311P9000,109.0,0.0,0.0,0.0,10,38.5,655.5,10,114.5,109.0,109.0,109.0,1.0,109.0,170
2023-05-11 13:32:50,PK311P9000,PK311P9000,109.0,0.0,0.0,0.0,10,39.5,655.5,10,114.5,109.0,109.0,109.0,1.0,109.0,170
2023-05-11 13:32:50,PK311P9000,PK311P9000,109.0,0.0,0.0,0.0,10,40.5,655.5,10,114.5,109.0,109.0,109.0,1.0,109.0,170
2023-05-11 13:32:52,PK311P9000,PK311P9000,109.0,0.0,0.0,0.0,10,41.5,655.5,10,114.5,109.0,109.0,109.0,1.0,109.0,170
2023-05-11 13:32:52,PK311P9000,PK311P9000,109.0,0.0,0.0,0.0,1,42.0,655.5,10,114.5,109.0,109.0,109.0,1.0,109.0,170
2023-05-11 13:32:52,PK311P9000,PK311P9000,109.0,0.0,0.0,0.0,10,42.5,661.5,10,114.5,109.0,109.0,109.0,1.0,109.0,170
2023-05-11 13:32:54,PK311P9000,PK311P9000,109.0,0.0,0.0,0.0,10,43.5,661.5,10,114.5,109.0,109.0,109.0,1.0,109.0,170
2023-05-11 13:32:54,PK311P9000,PK311P9000,109.0,0.0,0.0,0.0,1,44.0,661.5,10,114.5,109.0,109.0,109.0,1.0,109.0,170
2023-05-11 13:32:54,PK311P9000,PK311P9000,109.0,0.0,0.0,0.0,10,44.5,661.5,10,114.5,109.0,109.0,109.0,1.0,109.0,170
2023-05-11 13:32:55,PK311P9000,PK311P9000,109.0,0.0,0.0,0.0,1,45.0,661.5,10,114.5,109.0,109.0,109.0,1.0,109.0,170
2023-05-11 13:32:55,PK311P9000,PK311P9000,109.0,0.0,0.0,0.0,10,45.5,661.5,10,114.5,109.0,109.0,109.0,1.0,109.0,170
2023-05-11 13:32:56,PK311P9000,PK311P9000,109.0,0.0,0.0,0.0,10,46.5,661.5,10,114.5,109.0,109.0,109.0,1.0,109.0,170
2023-05-11 13:32:57,PK311P9000,PK311P9000,109.0,0.0,0.0,0.0,10,46.5,655.5,10,114.5,109.0,109.0,109.0,1.0,109.0,170
2023-05-11 13:32:58,PK311P9000,PK311P9000,109.0,0.0,0.0,0.0,10,47.5,655.5,10,114.5,109.0,109.0,109.0,1.0,109.0,170
2023-05-11 13:32:58,PK311P9000,PK311P9000,109.0,0.0,0.0,0.0,10,48.5,655.5,10,114.5,109.0,109.0,109.0,1.0,109.0,170
2023-05-11 13:33:15,PK311P9000,PK311P9000,109.0,0.0,0.0,0.0,10,21.5,649.5,10,114.5,109.0,109.0,109.0,1.0,109.0,170
2023-05-11 13:33:15,PK311P9000,PK311P9000,109.0,0.0,0.0,0.0,1,22.0,649.5,10,114.5,109.0,109.0,109.0,1.0,109.0,170
2023-05-11 13:33:16,PK311P9000,PK311P9000,109.0,0.0,0.0,0.0,10,22.5,649.5,10,114.5,109.0,109.0,109.0,1.0,109.0,170
2023-05-11 13:33:17,PK311P9000,PK311P9000,109.0,0.0,0.0,0.0,10,23.5,649.5,10,114.5,109.0,109.0,109.0,1.0,109.0,170
2023-05-11 13:33:18,PK311P9000,PK311P9000,109.0,0.0,0.0,0.0,10,24.5,649.5,10,114.5,109.0,109.0,109.0,1.0,109.0,170
2023-05-11 13:33:19,PK311P9000,PK311P9000,109.0,0.0,0.0,0.0,10,25.5,649.5,10,114.5,109.0,109.0,109.0,1.0,109.0,170
2023-05-11 13:33:20,PK311P9000,PK311P9000,109.0,0.0,0.0,0.0,10,26.5,649.5,10,114.5,109.0,109.0,109.0,1.0,109.0,170
2023-05-11 13:33:20,PK311P9000,PK311P9000,109.0,0.0,0.0,0.0,1,27.0,649.5,10,114.5,109.0,109.0,109.0,1.0,109.0,170
2023-05-11 13:33:21,PK311P9000,PK311P9000,109.0,0.0,0.0,0.0,10,27.5,649.5,10,114.5,109.0,109.0,109.0,1.0,109.0,170
2023-05-11 13:33:22,PK311P9000,PK311P9000,109.0,0.0,0.0,0.0,10,28.5,661.5,10,114.5,109.0,109.0,109.0,1.0,109.0,170
2023-05-11 13:33:23,PK311P9000,PK311P9000,109.0,0.0,0.0,0.0,10,29.5,661.5,10,114.5,109.0,109.0,109.0,1.0,109.0,170
2023-05-11 13:33:24,PK311P9000,PK311P9000,109.0,0.0,0.0,0.0,10,30.5,661.5,10,114.5,109.0,109.0,109.0,1.0,109.0,170
2023-05-11 13:33:25,PK311P9000,PK311P9000,109.0,0.0,0.0,0.0,10,31.5,661.5,10,114.5,109.0,109.0,109.0,1.0,109.0,170
2023-05-11 13:33:26,PK311P9000,PK311P9000,109.0,0.0,0.0,0.0,10,32.5,661.5,10,114.5,109.0,109.0,109.0,1.0,109.0,170
2023-05-11 13:33:26,PK311P9000,PK311P9000,109.0,0.0,0.0,0.0,1,33.0,661.5,10,114.5,109.0,109.0,109.0,1.0,109.0,170
2023-05-11 13:33:27,PK311P9000,PK311P9000,109.0,0.0,0.0,0.0,10,33.5,661.5,10,114.5,109.0,109.0,109.0,1.0,109.0,170
2023-05-11 13:33:27,PK311P9000,PK311P9000,109.0,0.0,0.0,0.0,1,34.0,661.5,10,114.5,109.0,109.0,109.0,1.0,109.0,170
2023-05-11 13:33:28,PK311P9000,PK311P9000,109.0,0.0,0.0,0.0,10,34.5,661.5,10,114.5,109.0,109.0,109.0,1.0,109.0,170
2023-05-11 13:33:28,PK311P9000,PK311P9000,109.0,0.0,0.0,0.0,1,35.0,661.5,10,114.5,109.0,109.0,109.0,1.0,109.0,170
2023-05-11 13:33:29,PK311P9000,PK311P9000,109.0,0.0,0.0,0.0,10,35.5,661.5,10,114.5,109.0,109.0,109.0,1.0,109.0,170
2023-05-11 13:33:30,PK311P9000,PK311P9000,109.0,0.0,0.0,0.0,1,36.0,661.5,10,114.5,109.0,109.0,109.0,1.0,109.0,170
2023-05-11 13:33:30,PK311P9000,PK311P9000,109.0,0.0,0.0,0.0,10,36.5,655.5,10,114.5,109.0,109.0,109.0,1.0,109.0,170
2023-05-11 13:33:30,PK311P9000,PK311P9000,109.0,0.0,0.0,0.0,1,37.0,655.5,10,114.5,109.0,109.0,109.0,1.0,109.0,170
2023-05-11 13:33:31,PK311P9000,PK311P9000,109.0,0.0,0.0,0.0,10,37.5,655.5,10,114.5,109.0,109.0,109.0,1.0,109.0,170
2023-05-11 13:33:32,PK311P9000,PK311P9000,109.0,0.0,0.0,0.0,1,38.0,655.5,10,114.5,109.0,109.0,109.0,1.0,109.0,170
2023-05-11 13:33:32,PK311P9000,PK311P9000,109.0,0.0,0.0,0.0,10,38.5,655.5,10,114.5,109.0,109.0,109.0,1.0,109.0,170
2023-05-11 13:33:32,PK311P9000,PK311P9000,109.0,0.0,0.0,0.0,1,39.0,655.5,10,114.5,109.0,109.0,109.0,1.0,109.0,170
2023-05-11 13:33:33,PK311P9000,PK311P9000,109.0,0.0,0.0,0.0,10,39.5,661.5,10,114.5,109.0,109.0,109.0,1.0,109.0,170
2023-05-11 13:33:34,PK311P9000,PK311P9000,109.0,0.0,0.0,0.0,1,40.0,661.5,10,114.5,109.0,109.0,109.0,1.0,109.0,170
2023-05-11 13:33:34,PK311P9000,PK311P9000,109.0,0.0,0.0,0.0,10,40.5,661.5,10,114.5,109.0,109.0,109.0,1.0,109.0,170
2023-05-11 13:33:35,PK311P9000,PK311P9000,109.0,0.0,0.0,0.0,1,41.0,661.5,10,114.5,109.0,109.0,109.0,1.0,109.0,170
2023-05-11 13:33:35,PK311P9000,PK311P9000,109.0,0.0,0.0,0.0,10,41.5,661.5,10,114.5,109.0,109.0,109.0,1.0,109.0,170
2023-05-11 13:33:36,PK311P9000,PK311P9000,109.0,0.0,0.0,0.0,10,42.5,656.0,1,114.5,109.0,109.0,109.0,1.0,109.0,170
2023-05-11 13:33:36,PK311P9000,PK311P9000,109.0,0.0,0.0,0.0,10,42.5,655.5,10,114.5,109.0,109.0,109.0,1.0,109.0,170
2023-05-11 13:33:37,PK311P9000,PK311P9000,109.0,0.0,0.0,0.0,10,43.5,655.5,10,114.5,109.0,109.0,109.0,1.0,109.0,170
2023-05-11 13:33:38,PK311P9000,PK311P9000,109.0,0.0,0.0,0.0,10,44.5,655.5,10,114.5,109.0,109.0,109.0,1.0,109.0,170
2023-05-11 13:33:39,PK311P9000,PK311P9000,109.0,0.0,0.0,0.0,10,45.5,655.5,10,114.5,109.0,109.0,109.0,1.0,109.0,170
2023-05-11 13:33:40,PK311P9000,PK311P9000,109.0,0.0,0.0,0.0,10,46.5,655.5,10,114.5,109.0,109.0,109.0,1.0,109.0,170
2023-05-11 13:33:41,PK311P9000,PK311P9000,109.0,0.0,0.0,0.0,1,47.0,655.5,10,114.5,109.0,109.0,109.0,1.0,109.0,170
2023-05-11 13:33:41,PK311P9000,PK311P9000,109.0,0.0,0.0,0.0,10,47.5,655.5,10,114.5,109.0,109.0,109.0,1.0,109.0,170
2023-05-11 13:33:42,PK311P9000,PK311P9000,109.0,0.0,0.0,0.0,1,48.0,655.5,10,114.5,109.0,109.0,109.0,1.0,109.0,170
2023-05-11 13:33:42,PK311P9000,PK311P9000,109.0,0.0,0.0,0.0,10,48.5,655.5,10,114.5,109.0,109.0,109.0,1.0,109.0,170
2023-05-11 13:33:50,PK311P9000,PK311P9000,109.0,0.0,0.0,0.0,10,48.5,650.0,1,114.5,109.0,109.0,109.0,1.0,109.0,170
2023-05-11 13:33:50,PK311P9000,PK311P9000,109.0,0.0,0.0,0.0,10,21.5,649.5,10,114.5,109.0,109.0,109.0,1.0,109.0,170
2023-05-11 13:33:51,PK311P9000,PK311P9000,109.0,0.0,0.0,0.0,10,22.5,649.5,10,114.5,109.0,109.0,109.0,1.0,109.0,170
2023-05-11 13:33:51,PK311P9000,PK311P9000,109.0,0.0,0.0,0.0,10,23.5,649.5,10,114.5,109.0,109.0,109.0,1.0,109.0,170
2023-05-11 13:33:52,PK311P9000,PK311P9000,109.0,0.0,0.0,0.0,10,24.5,649.5,10,114.5,109.0,109.0,109.0,1.0,109.0,170
2023-05-11 13:33:54,PK311P9000,PK311P9000,109.0,0.0,0.0,0.0,10,25.5,649.5,10,114.5,109.0,109.0,109.0,1.0,109.0,170
2023-05-11 13:33:54,PK311P9000,PK311P9000,109.0,0.0,0.0,0.0,10,26.5,649.5,10,114.5,109.0,109.0,109.0,1.0,109.0,170
2023-05-11 13:33:56,PK311P9000,PK311P9000,109.0,0.0,0.0,0.0,10,27.5,649.5,10,114.5,109.0,109.0,109.0,1.0,109.0,170
2023-05-11 13:33:56,PK311P9000,PK311P9000,109.0,0.0,0.0,0.0,10,28.5,649.5,10,114.5,109.0,109.0,109.0,1.0,109.0,170
2023-05-11 13:33:57,PK311P9000,PK311P9000,109.0,0.0,0.0,0.0,10,29.5,649.5,10,114.5,109.0,109.0,109.0,1.0,109.0,170
2023-05-11 13:33:58,PK311P9000,PK311P9000,109.0,0.0,0.0,0.0,1,30.0,649.5,10,114.5,109.0,109.0,109.0,1.0,109.0,170
2023-05-11 13:33:58,PK311P9000,PK311P9000,109.0,0.0,0.0,0.0,10,30.5,649.5,10,114.5,109.0,109.0,109.0,1.0,109.0,170
2023-05-11 13:33:59,PK311P9000,PK311P9000,109.0,0.0,0.0,0.0,1,31.0,649.5,10,114.5,109.0,109.0,109.0,1.0,109.0,170
2023-05-11 13:34:00,PK311P9000,PK311P9000,109.0,0.0,0.0,0.0,10,31.5,649.5,10,114.5,109.0,109.0,109.0,1.0,109.0,170
2023-05-11 13:34:00,PK311P9000,PK311P9000,109.0,0.0,0.0,0.0,10,32.5,661.5,10,114.5,109.0,109.0,109.0,1.0,109.0,170
2023-05-11 13:34:01,PK311P9000,PK311P9000,109.0,0.0,0.0,0.0,1,33.0,661.5,10,114.5,109.0,109.0,109.0,1.0,109.0,170
2023-05-11 13:34:01,PK311P9000,PK311P9000,109.0,0.0,0.0,0.0,10,33.5,661.5,10,114.5,109.0,109.0,109.0,1.0,109.0,170
2023-05-11 13:34:03,PK311P9000,PK311P9000,109.0,0.0,0.0,0.0,10,34.5,661.5,10,114.5,109.0,109.0,109.0,1.0,109.0,170
2023-05-11 13:34:03,PK311P9000,PK311P9000,109.0,0.0,0.0,0.0,1,35.0,656.0,1,114.5,109.0,109.0,109.0,1.0,109.0,170
2023-05-11 13:34:04,PK311P9000,PK311P9000,109.0,0.0,0.0,0.0,10,35.5,655.5,10,114.5,109.0,109.0,109.0,1.0,109.0,170
2023-05-11 13:34:05,PK311P9000,PK311P9000,109.0,0.0,0.0,0.0,1,36.0,655.5,10,114.5,109.0,109.0,109.0,1.0,109.0,170
2023-05-11 13:34:05,PK311P9000,PK311P9000,109.0,0.0,0.0,0.0,10,36.5,655.5,10,114.5,109.0,109.0,109.0,1.0,109.0,170
2023-05-11 13:34:06,PK311P9000,PK311P9000,109.0,0.0,0.0,0.0,1,37.0,655.5,10,114.5,109.0,109.0,109.0,1.0,109.0,170
2023-05-11 13:34:06,PK311P9000,PK311P9000,109.0,0.0,0.0,0.0,10,37.5,655.5,10,114.5,109.0,109.0,109.0,1.0,109.0,170
2023-05-11 13:34:07,PK311P9000,PK311P9000,109.0,0.0,0.0,0.0,1,38.0,655.5,10,114.5,109.0,109.0,109.0,1.0,109.0,170
2023-05-11 13:34:07,PK311P9000,PK311P9000,109.0,0.0,0.0,0.0,10,38.5,655.5,10,114.5,109.0,109.0,109.0,1.0,109.0,170
2023-05-11 13:34:08,PK311P9000,PK311P9000,109.0,0.0,0.0,0.0,1,39.0,655.5,10,114.5,109.0,109.0,109.0,1.0,109.0,170
2023-05-11 13:34:08,PK311P9000,PK311P9000,109.0,0.0,0.0,0.0,10,39.5,655.5,10,114.5,109.0,109.0,109.0,1.0,109.0,170
2023-05-11 13:34:09,PK311P9000,PK311P9000,109.0,0.0,0.0,0.0,1,40.0,655.5,10,114.5,109.0,109.0,109.0,1.0,109.0,170
2023-05-11 13:34:09,PK311P9000,PK311P9000,109.0,0.0,0.0,0.0,10,40.5,655.5,10,114.5,109.0,109.0,109.0,1.0,109.0,170
2023-05-11 13:34:10,PK311P9000,PK311P9000,109.0,0.0,0.0,0.0,1,41.0,655.5,10,114.5,109.0,109.0,109.0,1.0,109.0,170
2023-05-11 13:34:10,PK311P9000,PK311P9000,109.0,0.0,0.0,0.0,10,41.5,655.5,10,114.5,109.0,109.0,109.0,1.0,109.0,170
2023-05-11 13:34:11,PK311P9000,PK311P9000,109.0,0.0,0.0,0.0,1,42.0,655.5,10,114.5,109.0,109.0,109.0,1.0,109.0,170
2023-05-11 13:34:11,PK311P9000,PK311P9000,109.0,0.0,0.0,0.0,10,42.5,655.5,10,114.5,109.0,109.0,109.0,1.0,109.0,170
2023-05-11 13:34:12,PK311P9000,PK311P9000,109.0,0.0,0.0,0.0,1,43.0,655.5,10,114.5,109.0,109.0,109.0,1.0,109.0,170
2023-05-11 13:34:12,PK311P9000,PK311P9000,109.0,0.0,0.0,0.0,10,43.5,655.5,10,114.5,109.0,109.0,109.0,1.0,109.0,170
2023-05-11 13:34:13,PK311P9000,PK311P9000,109.0,0.0,0.0,0.0,1,44.0,655.5,10,114.5,109.0,109.0,109.0,1.0,109.0,170
2023-05-11 13:34:13,PK311P9000,PK311P9000,109.0,0.0,0.0,0.0,10,44.5,655.5,10,114.5,109.0,109.0,109.0,1.0,109.0,170
2023-05-11 13:34:14,PK311P9000,PK311P9000,109.0,0.0,0.0,0.0,1,45.0,655.5,10,114.5,109.0,109.0,109.0,1.0,109.0,170
2023-05-11 13:34:14,PK311P9000,PK311P9000,109.0,0.0,0.0,0.0,10,45.5,655.5,10,114.5,109.0,109.0,109.0,1.0,109.0,170
2023-05-11 13:34:15,PK311P9000,PK311P9000,109.0,0.0,0.0,0.0,1,46.0,655.5,10,114.5,109.0,109.0,109.0,1.0,109.0,170
2023-05-11 13:34:15,PK311P9000,PK311P9000,109.0,0.0,0.0,0.0,10,46.5,655.5,10,114.5,109.0,109.0,109.0,1.0,109.0,170
2023-05-11 13:34:16,PK311P9000,PK311P9000,109.0,0.0,0.0,0.0,1,47.0,655.5,10,114.5,109.0,109.0,109.0,1.0,109.0,170
2023-05-11 13:34:16,PK311P9000,PK311P9000,109.0,0.0,0.0,0.0,10,47.5,655.5,10,114.5,109.0,109.0,109.0,1.0,109.0,170
2023-05-11 13:34:17,PK311P9000,PK311P9000,109.0,0.0,0.0,0.0,1,48.0,655.5,10,114.5,109.0,109.0,109.0,1.0,109.0,170
2023-05-11 13:34:17,PK311P9000,PK311P9000,109.0,0.0,0.0,0.0,10,48.5,655.5,10,114.5,109.0,109.0,109.0,1.0,109.0,170
2023-05-11 13:34:23,PK311P9000,PK311P9000,109.0,0.0,0.0,0.0,10,21.5,649.5,10,114.5,109.0,109.0,109.0,1.0,109.0,170
2023-05-11 13:34:23,PK311P9000,PK311P9000,109.0,0.0,0.0,0.0,10,22.5,649.5,10,114.5,109.0,109.0,109.0,1.0,109.0,170
2023-05-11 13:34:24,PK311P9000,PK311P9000,109.0,0.0,0.0,0.0,1,23.0,649.5,10,114.5,109.0,109.0,109.0,1.0,109.0,170
2023-05-11 13:34:24,PK311P9000,PK311P9000,109.0,0.0,0.0,0.0,10,23.5,649.5,10,114.5,109.0,109.0,109.0,1.0,109.0,170
2023-05-11 13:34:25,PK311P9000,PK311P9000,109.0,0.0,0.0,0.0,10,24.5,649.5,10,114.5,109.0,109.0,109.0,1.0,109.0,170
2023-05-11 13:34:26,PK311P9000,PK311P9000,109.0,0.0,0.0,0.0,1,25.0,649.5,10,114.5,109.0,109.0,109.0,1.0,109.0,170
2023-05-11 13:34:26,PK311P9000,PK311P9000,109.0,0.0,0.0,0.0,10,25.5,649.5,10,114.5,109.0,109.0,109.0,1.0,109.0,170
2023-05-11 13:34:27,PK311P9000,PK311P9000,109.0,0.0,0.0,0.0,1,26.0,649.5,10,114.5,109.0,109.0,109.0,1.0,109.0,170
2023-05-11 13:34:27,PK311P9000,PK311P9000,109.0,0.0,0.0,0.0,10,26.5,649.5,10,114.5,109.0,109.0,109.0,1.0,109.0,170
2023-05-11 13:34:28,PK311P9000,PK311P9000,109.0,0.0,0.0,0.0,1,27.0,649.5,10,114.5,109.0,109.0,109.0,1.0,109.0,170
2023-05-11 13:34:28,PK311P9000,PK311P9000,109.0,0.0,0.0,0.0,10,27.5,649.5,10,114.5,109.0,109.0,109.0,1.0,109.0,170
2023-05-11 13:34:29,PK311P9000,PK311P9000,109.0,0.0,0.0,0.0,1,28.0,649.5,10,114.5,109.0,109.0,109.0,1.0,109.0,170
2023-05-11 13:34:29,PK311P9000,PK311P9000,109.0,0.0,0.0,0.0,10,28.5,661.5,10,114.5,109.0,109.0,109.0,1.0,109.0,170
2023-05-11 13:34:30,PK311P9000,PK311P9000,109.0,0.0,0.0,0.0,1,29.0,661.5,10,114.5,109.0,109.0,109.0,1.0,109.0,170
2023-05-11 13:34:31,PK311P9000,PK311P9000,109.0,0.0,0.0,0.0,10,29.5,643.5,10,114.5,109.0,109.0,109.0,1.0,109.0,170
2023-05-11 13:34:31,PK311P9000,PK311P9000,109.0,0.0,0.0,0.0,1,30.0,643.5,10,114.5,109.0,109.0,109.0,1.0,109.0,170
2023-05-11 13:34:31,PK311P9000,PK311P9000,109.0,0.0,0.0,0.0,10,30.5,643.5,10,114.5,109.0,109.0,109.0,1.0,109.0,170
2023-05-11 13:34:32,PK311P9000,PK311P9000,109.0,0.0,0.0,0.0,1,31.0,643.5,10,114.5,109.0,109.0,109.0,1.0,109.0,170
2023-05-11 13:34:32,PK311P9000,PK311P9000,109.0,0.0,0.0,0.0,10,31.5,643.5,10,114.5,109.0,109.0,109.0,1.0,109.0,170
2023-05-11 13:34:33,PK311P9000,PK311P9000,109.0,0.0,0.0,0.0,1,32.0,643.5,10,114.5,109.0,109.0,109.0,1.0,109.0,170
2023-05-11 13:34:33,PK311P9000,PK311P9000,109.0,0.0,0.0,0.0,10,32.5,643.5,10,114.5,109.0,109.0,109.0,1.0,109.0,170
2023-05-11 13:34:34,PK311P9000,PK311P9000,109.0,0.0,0.0,0.0,1,33.0,643.5,10,114.5,109.0,109.0,109.0,1.0,109.0,170
2023-05-11 13:34:34,PK311P9000,PK311P9000,109.0,0.0,0.0,0.0,10,33.5,661.5,10,114.5,109.0,109.0,109.0,1.0,109.0,170
2023-05-11 13:34:35,PK311P9000,PK311P9000,109.0,0.0,0.0,0.0,1,34.0,661.5,10,114.5,109.0,109.0,109.0,1.0,109.0,170
2023-05-11 13:34:35,PK311P9000,PK311P9000,109.0,0.0,0.0,0.0,10,34.5,661.5,10,114.5,109.0,109.0,109.0,1.0,109.0,170
2023-05-11 13:34:36,PK311P9000,PK311P9000,109.0,0.0,0.0,0.0,1,35.0,661.5,10,114.5,109.0,109.0,109.0,1.0,109.0,170
2023-05-11 13:34:37,PK311P9000,PK311P9000,109.0,0.0,0.0,0.0,10,35.5,655.5,10,114.5,109.0,109.0,109.0,1.0,109.0,170
2023-05-11 13:34:37,PK311P9000,PK311P9000,109.0,0.0,0.0,0.0,1,36.0,655.5,10,114.5,109.0,109.0,109.0,1.0,109.0,170
2023-05-11 13:34:37,PK311P9000,PK311P9000,109.0,0.0,0.0,0.0,10,36.5,655.5,10,114.5,109.0,109.0,109.0,1.0,109.0,170
2023-05-11 13:34:38,PK311P9000,PK311P9000,109.0,0.0,0.0,0.0,1,37.0,655.5,10,114.5,109.0,109.0,109.0,1.0,109.0,170
2023-05-11 13:34:38,PK311P9000,PK311P9000,109.0,0.0,0.0,0.0,10,37.5,655.5,10,114.5,109.0,109.0,109.0,1.0,109.0,170
2023-05-11 13:34:39,PK311P9000,PK311P9000,109.0,0.0,0.0,0.0,1,38.0,655.5,10,114.5,109.0,109.0,109.0,1.0,109.0,170
2023-05-11 13:34:39,PK311P9000,PK311P9000,109.0,0.0,0.0,0.0,10,38.5,661.5,10,114.5,109.0,109.0,109.0,1.0,109.0,170
2023-05-11 13:34:40,PK311P9000,PK311P9000,109.0,0.0,0.0,0.0,1,39.0,661.5,10,114.5,109.0,109.0,109.0,1.0,109.0,170
2023-05-11 13:34:41,PK311P9000,PK311P9000,109.0,0.0,0.0,0.0,10,39.5,655.5,10,114.5,109.0,109.0,109.0,1.0,109.0,170
2023-05-11 13:34:41,PK311P9000,PK311P9000,109.0,0.0,0.0,0.0,1,40.0,655.5,10,114.5,109.0,109.0,109.0,1.0,109.0,170
2023-05-11 13:34:41,PK311P9000,PK311P9000,109.0,0.0,0.0,0.0,10,40.5,655.5,10,114.5,109.0,109.0,109.0,1.0,109.0,170
2023-05-11 13:34:42,PK311P9000,PK311P9000,109.0,0.0,0.0,0.0,1,41.0,655.5,10,114.5,109.0,109.0,109.0,1.0,109.0,170
2023-05-11 13:34:42,PK311P9000,PK311P9000,109.0,0.0,0.0,0.0,10,41.5,661.5,10,114.5,109.0,109.0,109.0,1.0,109.0,170
2023-05-11 13:34:43,PK311P9000,PK311P9000,109.0,0.0,0.0,0.0,1,42.0,661.5,10,114.5,109.0,109.0,109.0,1.0,109.0,170
2023-05-11 13:34:44,PK311P9000,PK311P9000,109.0,0.0,0.0,0.0,10,42.5,656.0,1,114.5,109.0,109.0,109.0,1.0,109.0,170
2023-05-11 13:34:44,PK311P9000,PK311P9000,109.0,0.0,0.0,0.0,1,43.0,655.5,10,114.5,109.0,109.0,109.0,1.0,109.0,170
2023-05-11 13:34:44,PK311P9000,PK311P9000,109.0,0.0,0.0,0.0,10,43.5,655.5,10,114.5,109.0,109.0,109.0,1.0,109.0,170
2023-05-11 13:34:45,PK311P9000,PK311P9000,109.0,0.0,0.0,0.0,1,44.0,655.5,10,114.5,109.0,109.0,109.0,1.0,109.0,170
2023-05-11 13:34:45,PK311P9000,PK311P9000,109.0,0.0,0.0,0.0,10,44.5,655.5,10,114.5,109.0,109.0,109.0,1.0,109.0,170
2023-05-11 13:34:46,PK311P9000,PK311P9000,109.0,0.0,0.0,0.0,1,45.0,655.5,10,114.5,109.0,109.0,109.0,1.0,109.0,170
2023-05-11 13:34:46,PK311P9000,PK311P9000,109.0,0.0,0.0,0.0,10,45.5,661.5,10,114.5,109.0,109.0,109.0,1.0,109.0,170
2023-05-11 13:34:47,PK311P9000,PK311P9000,109.0,0.0,0.0,0.0,1,46.0,650.0,1,114.5,109.0,109.0,109.0,1.0,109.0,170
2023-05-11 13:34:47,PK311P9000,PK311P9000,109.0,0.0,0.0,0.0,10,46.5,649.5,10,114.5,109.0,109.0,109.0,1.0,109.0,170
2023-05-11 13:34:48,PK311P9000,PK311P9000,109.0,0.0,0.0,0.0,1,47.0,649.5,10,114.5,109.0,109.0,109.0,1.0,109.0,170
2023-05-11 13:34:48,PK311P9000,PK311P9000,109.0,0.0,0.0,0.0,10,47.5,649.5,10,114.5,109.0,109.0,109.0,1.0,109.0,170
2023-05-11 13:34:49,PK311P9000,PK311P9000,109.0,0.0,0.0,0.0,1,48.0,649.5,10,114.5,109.0,109.0,109.0,1.0,109.0,170
2023-05-11 13:34:49,PK311P9000,PK311P9000,109.0,0.0,0.0,0.0,10,48.5,649.5,10,114.5,109.0,109.0,109.0,1.0,109.0,170
2023-05-11 13:34:53,PK311P9000,PK311P9000,109.0,0.0,0.0,0.0,10,48.5,644.0,1,114.5,109.0,109.0,109.0,1.0,109.0,170
2023-05-11 13:34:53,PK311P9000,PK311P9000,109.0,0.0,0.0,0.0,10,21.5,643.5,10,114.5,109.0,109.0,109.0,1.0,109.0,170
2023-05-11 13:34:54,PK311P9000,PK311P9000,109.0,0.0,0.0,0.0,1,22.0,643.5,10,114.5,109.0,109.0,109.0,1.0,109.0,170
2023-05-11 13:34:55,PK311P9000,PK311P9000,109.0,0.0,0.0,0.0,10,22.5,643.0,10,114.5,109.0,109.0,109.0,1.0,109.0,170
2023-05-11 13:34:55,PK311P9000,PK311P9000,109.0,0.0,0.0,0.0,1,23.0,643.0,10,114.5,109.0,109.0,109.0,1.0,109.0,170
2023-05-11 13:34:55,PK311P9000,PK311P9000,109.0,0.0,0.0,0.0,10,23.5,643.0,10,114.5,109.0,109.0,109.0,1.0,109.0,170
2023-05-11 13:34:57,PK311P9000,PK311P9000,109.0,0.0,0.0,0.0,10,24.5,643.0,10,114.5,109.0,109.0,109.0,1.0,109.0,170
2023-05-11 13:34:58,PK311P9000,PK311P9000,109.0,0.0,0.0,0.0,10,25.5,643.0,10,114.5,109.0,109.0,109.0,1.0,109.0,170
2023-05-11 13:34:58,PK311P9000,PK311P9000,109.0,0.0,0.0,0.0,1,26.0,643.0,10,114.5,109.0,109.0,109.0,1.0,109.0,170
2023-05-11 13:34:58,PK311P9000,PK311P9000,109.0,0.0,0.0,0.0,10,26.5,643.0,10,114.5,109.0,109.0,109.0,1.0,109.0,170
2023-05-11 13:34:59,PK311P9000,PK311P9000,109.0,0.0,0.0,0.0,1,27.0,643.0,10,114.5,109.0,109.0,109.0,1.0,109.0,170
2023-05-11 13:34:59,PK311P9000,PK311P9000,109.0,0.0,0.0,0.0,10,27.5,643.0,10,114.5,109.0,109.0,109.0,1.0,109.0,170
2023-05-11 13:35:00,PK311P9000,PK311P9000,109.0,0.0,0.0,0.0,1,28.0,643.0,10,114.5,109.0,109.0,109.0,1.0,109.0,170
2023-05-11 13:35:00,PK311P9000,PK311P9000,109.0,0.0,0.0,0.0,10,28.5,643.0,10,114.5,109.0,109.0,109.0,1.0,109.0,170
2023-05-11 13:35:01,PK311P9000,PK311P9000,109.0,0.0,0.0,0.0,1,29.0,643.0,10,114.5,109.0,109.0,109.0,1.0,109.0,170
2023-05-11 13:35:01,PK311P9000,PK311P9000,109.0,0.0,0.0,0.0,10,29.5,643.0,10,114.5,109.0,109.0,109.0,1.0,109.0,170
2023-05-11 13:35:02,PK311P9000,PK311P9000,109.0,0.0,0.0,0.0,10,29.5,637.5,1,114.5,109.0,109.0,109.0,1.0,109.0,170
2023-05-11 13:35:03,PK311P9000,PK311P9000,109.0,0.0,0.0,0.0,10,30.5,637.0,10,114.5,109.0,109.0,109.0,1.0,109.0,170
2023-05-11 13:35:04,PK311P9000,PK311P9000,109.0,0.0,0.0,0.0,10,31.5,637.0,10,114.5,109.0,109.0,109.0,1.0,109.0,170
2023-05-11 13:35:05,PK311P9000,PK311P9000,109.0,0.0,0.0,0.0,10,32.5,637.0,10,114.5,109.0,109.0,109.0,1.0,109.0,170
2023-05-11 13:35:06,PK311P9000,PK311P9000,109.0,0.0,0.0,0.0,10,33.5,637.0,10,114.5,109.0,109.0,109.0,1.0,109.0,170
2023-05-11 13:35:07,PK311P9000,PK311P9000,109.0,0.0,0.0,0.0,10,34.5,637.0,10,114.5,109.0,109.0,109.0,1.0,109.0,170
2023-05-11 13:35:07,PK311P9000,PK311P9000,109.0,0.0,0.0,0.0,1,35.0,637.0,10,114.5,109.0,109.0,109.0,1.0,109.0,170
2023-05-11 13:35:08,PK311P9000,PK311P9000,109.0,0.0,0.0,0.0,10,35.5,637.0,10,114.5,109.0,109.0,109.0,1.0,109.0,170
2023-05-11 13:35:09,PK311P9000,PK311P9000,109.0,0.0,0.0,0.0,1,36.0,637.0,10,114.5,109.0,109.0,109.0,1.0,109.0,170
2023-05-11 13:35:09,PK311P9000,PK311P9000,109.0,0.0,0.0,0.0,10,36.5,637.0,10,114.5,109.0,109.0,109.0,1.0,109.0,170
2023-05-11 13:35:10,PK311P9000,PK311P9000,109.0,0.0,0.0,0.0,1,37.0,637.0,10,114.5,109.0,109.0,109.0,1.0,109.0,170
2023-05-11 13:35:10,PK311P9000,PK311P9000,109.0,0.0,0.0,0.0,10,37.5,637.0,10,114.5,109.0,109.0,109.0,1.0,109.0,170
2023-05-11 13:35:11,PK311P9000,PK311P9000,109.0,0.0,0.0,0.0,1,38.0,637.0,10,114.5,109.0,109.0,109.0,1.0,109.0,170
2023-05-11 13:35:11,PK311P9000,PK311P9000,109.0,0.0,0.0,0.0,10,38.5,643.0,10,114.5,109.0,109.0,109.0,1.0,109.0,170
2023-05-11 13:35:12,PK311P9000,PK311P9000,109.0,0.0,0.0,0.0,1,39.0,643.0,10,114.5,109.0,109.0,109.0,1.0,109.0,170
2023-05-11 13:35:12,PK311P9000,PK311P9000,109.0,0.0,0.0,0.0,10,39.5,643.0,10,114.5,109.0,109.0,109.0,1.0,109.0,170
2023-05-11 13:35:13,PK311P9000,PK311P9000,109.0,0.0,0.0,0.0,1,40.0,643.0,10,114.5,109.0,109.0,109.0,1.0,109.0,170
2023-05-11 13:35:13,PK311P9000,PK311P9000,109.0,0.0,0.0,0.0,10,40.5,643.0,10,114.5,109.0,109.0,109.0,1.0,109.0,170
2023-05-11 13:35:14,PK311P9000,PK311P9000,109.0,0.0,0.0,0.0,1,41.0,643.0,10,114.5,109.0,109.0,109.0,1.0,109.0,170
2023-05-11 13:35:14,PK311P9000,PK311P9000,109.0,0.0,0.0,0.0,10,41.5,643.0,10,114.5,109.0,109.0,109.0,1.0,109.0,170
2023-05-11 13:35:15,PK311P9000,PK311P9000,109.0,0.0,0.0,0.0,1,42.0,643.0,10,114.5,109.0,109.0,109.0,1.0,109.0,170
2023-05-11 13:35:15,PK311P9000,PK311P9000,109.0,0.0,0.0,0.0,10,42.5,643.0,10,114.5,109.0,109.0,109.0,1.0,109.0,170
2023-05-11 13:35:16,PK311P9000,PK311P9000,109.0,0.0,0.0,0.0,1,43.0,643.0,10,114.5,109.0,109.0,109.0,1.0,109.0,170
2023-05-11 13:35:16,PK311P9000,PK311P9000,109.0,0.0,0.0,0.0,10,43.5,643.0,10,114.5,109.0,109.0,109.0,1.0,109.0,170
2023-05-11 13:35:17,PK311P9000,PK311P9000,109.0,0.0,0.0,0.0,1,44.0,643.0,10,114.5,109.0,109.0,109.0,1.0,109.0,170
2023-05-11 13:35:17,PK311P9000,PK311P9000,109.0,0.0,0.0,0.0,10,44.5,643.0,10,114.5,109.0,109.0,109.0,1.0,109.0,170
2023-05-11 13:35:18,PK311P9000,PK311P9000,109.0,0.0,0.0,0.0,1,45.0,643.0,10,114.5,109.0,109.0,109.0,1.0,109.0,170
2023-05-11 13:35:18,PK311P9000,PK311P9000,109.0,0.0,0.0,0.0,10,45.5,637.0,10,114.5,109.0,109.0,109.0,1.0,109.0,170
2023-05-11 13:35:19,PK311P9000,PK311P9000,109.0,0.0,0.0,0.0,1,46.0,637.0,10,114.5,109.0,109.0,109.0,1.0,109.0,170
2023-05-11 13:35:19,PK311P9000,PK311P9000,109.0,0.0,0.0,0.0,10,46.5,637.0,10,114.5,109.0,109.0,109.0,1.0,109.0,170
2023-05-11 13:35:20,PK311P9000,PK311P9000,109.0,0.0,0.0,0.0,1,47.0,637.0,10,114.5,109.0,109.0,109.0,1.0,109.0,170
2023-05-11 13:35:20,PK311P9000,PK311P9000,109.0,0.0,0.0,0.0,10,47.5,637.0,10,114.5,109.0,109.0,109.0,1.0,109.0,170
2023-05-11 13:35:21,PK311P9000,PK311P9000,109.0,0.0,0.0,0.0,1,48.0,637.0,10,114.5,109.0,109.0,109.0,1.0,109.0,170
2023-05-11 13:35:21,PK311P9000,PK311P9000,109.0,0.0,0.0,0.0,10,48.5,637.0,10,114.5,109.0,109.0,109.0,1.0,109.0,170
2023-05-11 13:35:23,PK311P9000,PK311P9000,109.0,0.0,0.0,0.0,10,48.5,631.5,1,114.5,109.0,109.0,109.0,1.0,109.0,170
2023-05-11 13:35:23,PK311P9000,PK311P9000,109.0,0.0,0.0,0.0,10,21.5,631.0,10,114.5,109.0,109.0,109.0,1.0,109.0,170
2023-05-11 13:35:23,PK311P9000,PK311P9000,109.0,0.0,0.0,0.0,1,22.0,631.0,10,114.5,109.0,109.0,109.0,1.0,109.0,170
2023-05-11 13:35:24,PK311P9000,PK311P9000,109.0,0.0,0.0,0.0,10,22.5,631.0,10,114.5,109.0,109.0,109.0,1.0,109.0,170
2023-05-11 13:35:25,PK311P9000,PK311P9000,109.0,0.0,0.0,0.0,10,23.5,631.0,10,114.5,109.0,109.0,109.0,1.0,109.0,170
2023-05-11 13:35:26,PK311P9000,PK311P9000,109.0,0.0,0.0,0.0,10,24.5,643.0,10,114.5,109.0,109.0,109.0,1.0,109.0,170
2023-05-11 13:35:27,PK311P9000,PK311P9000,109.0,0.0,0.0,0.0,10,25.5,643.0,10,114.5,109.0,109.0,109.0,1.0,109.0,170
2023-05-11 13:35:28,PK311P9000,PK311P9000,109.0,0.0,0.0,0.0,10,25.5,637.5,1,114.5,109.0,109.0,109.0,1.0,109.0,170
2023-05-11 13:35:28,PK311P9000,PK311P9000,109.0,0.0,0.0,0.0,1,26.0,637.0,10,114.5,109.0,109.0,109.0,1.0,109.0,170
2023-05-11 13:35:28,PK311P9000,PK311P9000,109.0,0.0,0.0,0.0,10,26.5,637.0,10,114.5,109.0,109.0,109.0,1.0,109.0,170
2023-05-11 13:35:29,PK311P9000,PK311P9000,109.0,0.0,0.0,0.0,1,27.0,637.0,10,114.5,109.0,109.0,109.0,1.0,109.0,170
2023-05-11 13:35:29,PK311P9000,PK311P9000,109.0,0.0,0.0,0.0,10,27.5,637.0,10,114.5,109.0,109.0,109.0,1.0,109.0,170
2023-05-11 13:35:30,PK311P9000,PK311P9000,109.0,0.0,0.0,0.0,1,28.0,637.0,10,114.5,109.0,109.0,109.0,1.0,109.0,170
2023-05-11 13:35:30,PK311P9000,PK311P9000,109.0,0.0,0.0,0.0,10,28.5,637.0,10,114.5,109.0,109.0,109.0,1.0,109.0,170
2023-05-11 13:35:31,PK311P9000,PK311P9000,109.0,0.0,0.0,0.0,1,29.0,637.0,10,114.5,109.0,109.0,109.0,1.0,109.0,170
2023-05-11 13:35:31,PK311P9000,PK311P9000,109.0,0.0,0.0,0.0,10,29.5,643.0,10,114.5,109.0,109.0,109.0,1.0,109.0,170
2023-05-11 13:35:32,PK311P9000,PK311P9000,109.0,0.0,0.0,0.0,1,30.0,643.0,10,114.5,109.0,109.0,109.0,1.0,109.0,170
2023-05-11 13:35:33,PK311P9000,PK311P9000,109.0,0.0,0.0,0.0,10,30.5,637.5,1,114.5,109.0,109.0,109.0,1.0,109.0,170
2023-05-11 13:35:33,PK311P9000,PK311P9000,109.0,0.0,0.0,0.0,1,31.0,637.0,10,114.5,109.0,109.0,109.0,1.0,109.0,170
2023-05-11 13:35:33,PK311P9000,PK311P9000,109.0,0.0,0.0,0.0,10,31.5,637.0,10,114.5,109.0,109.0,109.0,1.0,109.0,170
2023-05-11 13:35:34,PK311P9000,PK311P9000,109.0,0.0,0.0,0.0,1,32.0,637.0,10,114.5,109.0,109.0,109.0,1.0,109.0,170
2023-05-11 13:35:34,PK311P9000,PK311P9000,109.0,0.0,0.0,0.0,10,32.5,637.0,10,114.5,109.0,109.0,109.0,1.0,109.0,170
2023-05-11 13:35:35,PK311P9000,PK311P9000,109.0,0.0,0.0,0.0,1,33.0,637.0,10,114.5,109.0,109.0,109.0,1.0,109.0,170
2023-05-11 13:35:35,PK311P9000,PK311P9000,109.0,0.0,0.0,0.0,10,33.5,637.0,10,114.5,109.0,109.0,109.0,1.0,109.0,170
2023-05-11 13:35:36,PK311P9000,PK311P9000,109.0,0.0,0.0,0.0,1,34.0,637.0,10,114.5,109.0,109.0,109.0,1.0,109.0,170
2023-05-11 13:35:36,PK311P9000,PK311P9000,109.0,0.0,0.0,0.0,10,34.5,637.0,10,114.5,109.0,109.0,109.0,1.0,109.0,170
2023-05-11 13:35:37,PK311P9000,PK311P9000,109.0,0.0,0.0,0.0,1,35.0,637.0,10,114.5,109.0,109.0,109.0,1.0,109.0,170
2023-05-11 13:35:37,PK311P9000,PK311P9000,109.0,0.0,0.0,0.0,10,35.5,643.0,10,114.5,109.0,109.0,109.0,1.0,109.0,170
2023-05-11 13:35:38,PK311P9000,PK311P9000,109.0,0.0,0.0,0.0,1,36.0,643.0,10,114.5,109.0,109.0,109.0,1.0,109.0,170
2023-05-11 13:35:38,PK311P9000,PK311P9000,109.0,0.0,0.0,0.0,10,36.5,643.0,10,114.5,109.0,109.0,109.0,1.0,109.0,170
2023-05-11 13:35:39,PK311P9000,PK311P9000,109.0,0.0,0.0,0.0,1,37.0,643.0,10,114.5,109.0,109.0,109.0,1.0,109.0,170
2023-05-11 13:35:40,PK311P9000,PK311P9000,109.0,0.0,0.0,0.0,10,37.5,637.5,1,114.5,109.0,109.0,109.0,1.0,109.0,170
2023-05-11 13:35:40,PK311P9000,PK311P9000,109.0,0.0,0.0,0.0,1,38.0,637.0,10,114.5,109.0,109.0,109.0,1.0,109.0,170
2023-05-11 13:35:40,PK311P9000,PK311P9000,109.0,0.0,0.0,0.0,10,38.5,637.0,10,114.5,109.0,109.0,109.0,1.0,109.0,170
2023-05-11 13:35:41,PK311P9000,PK311P9000,109.0,0.0,0.0,0.0,1,39.0,637.0,10,114.5,109.0,109.0,109.0,1.0,109.0,170
2023-05-11 13:35:41,PK311P9000,PK311P9000,109.0,0.0,0.0,0.0,10,39.5,637.0,10,114.5,109.0,109.0,109.0,1.0,109.0,170
2023-05-11 13:35:42,PK311P9000,PK311P9000,109.0,0.0,0.0,0.0,1,40.0,637.0,10,114.5,109.0,109.0,109.0,1.0,109.0,170
2023-05-11 13:35:42,PK311P9000,PK311P9000,109.0,0.0,0.0,0.0,10,40.5,643.0,10,114.5,109.0,109.0,109.0,1.0,109.0,170
2023-05-11 13:35:43,PK311P9000,PK311P9000,109.0,0.0,0.0,0.0,1,41.0,631.0,10,114.5,109.0,109.0,109.0,1.0,109.0,170
2023-05-11 13:35:43,PK311P9000,PK311P9000,109.0,0.0,0.0,0.0,10,41.5,631.0,10,114.5,109.0,109.0,109.0,1.0,109.0,170
2023-05-11 13:35:44,PK311P9000,PK311P9000,109.0,0.0,0.0,0.0,1,42.0,631.0,10,114.5,109.0,109.0,109.0,1.0,109.0,170
2023-05-11 13:35:44,PK311P9000,PK311P9000,109.0,0.0,0.0,0.0,10,42.5,631.0,10,114.5,109.0,109.0,109.0,1.0,109.0,170
2023-05-11 13:35:45,PK311P9000,PK311P9000,109.0,0.0,0.0,0.0,1,43.0,631.0,10,114.5,109.0,109.0,109.0,1.0,109.0,170
2023-05-11 13:35:45,PK311P9000,PK311P9000,109.0,0.0,0.0,0.0,10,43.5,631.0,10,114.5,109.0,109.0,109.0,1.0,109.0,170
2023-05-11 13:35:46,PK311P9000,PK311P9000,109.0,0.0,0.0,0.0,1,44.0,631.0,10,114.5,109.0,109.0,109.0,1.0,109.0,170
2023-05-11 13:35:46,PK311P9000,PK311P9000,109.0,0.0,0.0,0.0,10,44.5,631.0,10,114.5,109.0,109.0,109.0,1.0,109.0,170
2023-05-11 13:35:47,PK311P9000,PK311P9000,109.0,0.0,0.0,0.0,1,45.0,631.0,10,114.5,109.0,109.0,109.0,1.0,109.0,170
2023-05-11 13:35:47,PK311P9000,PK311P9000,109.0,0.0,0.0,0.0,10,45.5,643.0,10,114.5,109.0,109.0,109.0,1.0,109.0,170
2023-05-11 13:35:48,PK311P9000,PK311P9000,109.0,0.0,0.0,0.0,1,46.0,643.0,10,114.5,109.0,109.0,109.0,1.0,109.0,170
2023-05-11 13:35:48,PK311P9000,PK311P9000,109.0,0.0,0.0,0.0,10,46.5,643.0,10,114.5,109.0,109.0,109.0,1.0,109.0,170
2023-05-11 13:35:49,PK311P9000,PK311P9000,109.0,0.0,0.0,0.0,1,47.0,643.0,10,114.5,109.0,109.0,109.0,1.0,109.0,170
2023-05-11 13:35:50,PK311P9000,PK311P9000,109.0,0.0,0.0,0.0,10,47.5,637.5,1,114.5,109.0,109.0,109.0,1.0,109.0,170
2023-05-11 13:35:50,PK311P9000,PK311P9000,109.0,0.0,0.0,0.0,1,48.0,637.0,10,114.5,109.0,109.0,109.0,1.0,109.0,170
2023-05-11 13:35:50,PK311P9000,PK311P9000,109.0,0.0,0.0,0.0,10,48.5,637.0,10,114.5,109.0,109.0,109.0,1.0,109.0,170
2023-05-11 13:36:02,PK311P9000,PK311P9000,109.0,0.0,0.0,0.0,10,48.5,631.5,1,114.5,109.0,109.0,109.0,1.0,109.0,170
2023-05-11 13:36:02,PK311P9000,PK311P9000,109.0,0.0,0.0,0.0,10,21.5,631.0,10,114.5,109.0,109.0,109.0,1.0,109.0,170
2023-05-11 13:36:03,PK311P9000,PK311P9000,109.0,0.0,0.0,0.0,1,22.0,631.0,10,114.5,109.0,109.0,109.0,1.0,109.0,170
2023-05-11 13:36:03,PK311P9000,PK311P9000,109.0,0.0,0.0,0.0,10,22.5,631.0,10,114.5,109.0,109.0,109.0,1.0,109.0,170
2023-05-11 13:36:04,PK311P9000,PK311P9000,109.0,0.0,0.0,0.0,1,23.0,631.0,10,114.5,109.0,109.0,109.0,1.0,109.0,170
2023-05-11 13:36:04,PK311P9000,PK311P9000,109.0,0.0,0.0,0.0,10,23.5,631.0,10,114.5,109.0,109.0,109.0,1.0,109.0,170
2023-05-11 13:36:05,PK311P9000,PK311P9000,109.0,0.0,0.0,0.0,1,24.0,631.0,10,114.5,109.0,109.0,109.0,1.0,109.0,170
2023-05-11 13:36:05,PK311P9000,PK311P9000,109.0,0.0,0.0,0.0,10,24.5,643.0,10,114.5,109.0,109.0,109.0,1.0,109.0,170
2023-05-11 13:36:06,PK311P9000,PK311P9000,109.0,0.0,0.0,0.0,1,25.0,643.0,10,114.5,109.0,109.0,109.0,1.0,109.0,170
2023-05-11 13:36:06,PK311P9000,PK311P9000,109.0,0.0,0.0,0.0,10,25.5,643.0,10,114.5,109.0,109.0,109.0,1.0,109.0,170
2023-05-11 13:36:08,PK311P9000,PK311P9000,109.0,0.0,0.0,0.0,10,26.5,643.0,10,114.5,109.0,109.0,109.0,1.0,109.0,170
2023-05-11 13:36:09,PK311P9000,PK311P9000,109.0,0.0,0.0,0.0,10,27.5,637.5,1,114.5,109.0,109.0,109.0,1.0,109.0,170
2023-05-11 13:36:09,PK311P9000,PK311P9000,109.0,0.0,0.0,0.0,10,27.5,637.0,10,114.5,109.0,109.0,109.0,1.0,109.0,170
2023-05-11 13:36:10,PK311P9000,PK311P9000,109.0,0.0,0.0,0.0,10,28.5,637.0,10,114.5,109.0,109.0,109.0,1.0,109.0,170
2023-05-11 13:36:11,PK311P9000,PK311P9000,109.0,0.0,0.0,0.0,10,29.5,637.0,10,114.5,109.0,109.0,109.0,1.0,109.0,170
2023-05-11 13:36:12,PK311P9000,PK311P9000,109.0,0.0,0.0,0.0,10,30.5,643.0,10,114.5,109.0,109.0,109.0,1.0,109.0,170
2023-05-11 13:36:13,PK311P9000,PK311P9000,109.0,0.0,0.0,0.0,10,31.5,643.0,10,114.5,109.0,109.0,109.0,1.0,109.0,170
2023-05-11 13:36:13,PK311P9000,PK311P9000,109.0,0.0,0.0,0.0,10,31.5,637.5,1,114.5,109.0,109.0,109.0,1.0,109.0,170
2023-05-11 13:36:14,PK311P9000,PK311P9000,109.0,0.0,0.0,0.0,10,32.5,637.0,10,114.5,109.0,109.0,109.0,1.0,109.0,170
2023-05-11 13:36:15,PK311P9000,PK311P9000,109.0,0.0,0.0,0.0,10,33.5,637.0,10,114.5,109.0,109.0,109.0,1.0,109.0,170
2023-05-11 13:36:16,PK311P9000,PK311P9000,109.0,0.0,0.0,0.0,10,34.5,637.0,10,114.5,109.0,109.0,109.0,1.0,109.0,170
2023-05-11 13:36:17,PK311P9000,PK311P9000,109.0,0.0,0.0,0.0,10,35.5,643.0,10,114.5,109.0,109.0,109.0,1.0,109.0,170
2023-05-11 13:36:18,PK311P9000,PK311P9000,109.0,0.0,0.0,0.0,10,36.5,643.0,10,114.5,109.0,109.0,109.0,1.0,109.0,170
2023-05-11 13:36:18,PK311P9000,PK311P9000,109.0,0.0,0.0,0.0,10,36.5,637.5,1,114.5,109.0,109.0,109.0,1.0,109.0,170
2023-05-11 13:36:19,PK311P9000,PK311P9000,109.0,0.0,0.0,0.0,10,37.5,637.0,10,114.5,109.0,109.0,109.0,1.0,109.0,170
2023-05-11 13:36:20,PK311P9000,PK311P9000,109.0,0.0,0.0,0.0,10,38.5,637.0,10,114.5,109.0,109.0,109.0,1.0,109.0,170
2023-05-11 13:36:21,PK311P9000,PK311P9000,109.0,0.0,0.0,0.0,10,39.5,637.0,10,114.5,109.0,109.0,109.0,1.0,109.0,170
2023-05-11 13:36:22,PK311P9000,PK311P9000,109.0,0.0,0.0,0.0,10,40.5,637.0,10,114.5,109.0,109.0,109.0,1.0,109.0,170
2023-05-11 13:36:22,PK311P9000,PK311P9000,109.0,0.0,0.0,0.0,1,41.0,637.0,10,114.5,109.0,109.0,109.0,1.0,109.0,170
2023-05-11 13:36:22,PK311P9000,PK311P9000,109.0,0.0,0.0,0.0,10,41.5,637.0,10,114.5,109.0,109.0,109.0,1.0,109.0,170
2023-05-11 13:36:24,PK311P9000,PK311P9000,109.0,0.0,0.0,0.0,10,42.5,637.0,10,114.5,109.0,109.0,109.0,1.0,109.0,170
2023-05-11 13:36:24,PK311P9000,PK311P9000,109.0,0.0,0.0,0.0,1,43.0,637.0,10,114.5,109.0,109.0,109.0,1.0,109.0,170
2023-05-11 13:36:24,PK311P9000,PK311P9000,109.0,0.0,0.0,0.0,10,43.5,637.0,10,114.5,109.0,109.0,109.0,1.0,109.0,170
2023-05-11 13:36:25,PK311P9000,PK311P9000,109.0,0.0,0.0,0.0,1,44.0,637.0,10,114.5,109.0,109.0,109.0,1.0,109.0,170
2023-05-11 13:36:25,PK311P9000,PK311P9000,109.0,0.0,0.0,0.0,10,118.5,124.0,10,114.5,109.0,109.0,109.0,1.0,109.0,170
2023-05-11 13:38:39,PK311P9000,PK311P9000,109.0,0.0,0.0,0.0,10,119.5,125.0,10,114.5,109.0,109.0,109.0,1.0,109.0,170
2023-05-11 13:38:48,PK311P9000,PK311P9000,109.0,0.0,0.0,0.0,10,119.0,124.5,10,114.5,109.0,109.0,109.0,1.0,109.0,170
2023-05-11 13:38:54,PK311P9000,PK311P9000,109.0,0.0,0.0,0.0,10,118.5,124.0,10,114.5,109.0,109.0,109.0,1.0,109.0,170
2023-05-11 13:39:52,PK311P9000,PK311P9000,109.0,0.0,0.0,0.0,10,119.5,125.0,10,114.5,109.0,109.0,109.0,1.0,109.0,170
2023-05-11 13:40:01,PK311P9000,PK311P9000,109.0,0.0,0.0,0.0,10,119.0,124.5,10,114.5,109.0,109.0,109.0,1.0,109.0,170
2023-05-11 13:40:24,PK311P9000,PK311P9000,109.0,0.0,0.0,0.0,10,119.5,125.5,10,114.5,109.0,109.0,109.0,1.0,109.0,170
2023-05-11 13:40:26,PK311P9000,PK311P9000,109.0,0.0,0.0,0.0,10,120.5,126.0,10,114.5,109.0,109.0,109.0,1.0,109.0,170
2023-05-11 13:40:30,PK311P9000,PK311P9000,109.0,0.0,0.0,0.0,10,120.0,125.5,10,114.5,109.0,109.0,109.0,1.0,109.0,170
2023-05-11 13:40:33,PK311P9000,PK311P9000,109.0,0.0,0.0,0.0,10,119.5,125.0,10,114.5,109.0,109.0,109.0,1.0,109.0,170
2023-05-11 13:41:50,PK311P9000,PK311P9000,109.0,0.0,0.0,0.0,10,120.0,126.0,10,114.5,109.0,109.0,109.0,1.0,109.0,170
2023-05-11 13:42:14,PK311P9000,PK311P9000,109.0,0.0,0.0,0.0,10,120.0,125.5,10,114.5,109.0,109.0,109.0,1.0,109.0,170
2023-05-11 13:42:29,PK311P9000,PK311P9000,109.0,0.0,0.0,0.0,10,120.5,126.5,10,114.5,109.0,109.0,109.0,1.0,109.0,170
2023-05-11 13:42:30,PK311P9000,PK311P9000,109.0,0.0,0.0,0.0,10,120.5,126.0,10,114.5,109.0,109.0,109.0,1.0,109.0,170
2023-05-11 13:43:05,PK311P9000,PK311P9000,109.0,0.0,0.0,0.0,10,121.0,127.0,10,114.5,109.0,109.0,109.0,1.0,109.0,170
2023-05-11 13:43:06,PK311P9000,PK311P9000,109.0,0.0,0.0,0.0,10,121.0,126.5,10,114.5,109.0,109.0,109.0,1.0,109.0,170
2023-05-11 13:43:09,PK311P9000,PK311P9000,109.0,0.0,0.0,0.0,10,120.5,126.0,10,114.5,109.0,109.0,109.0,1.0,109.0,170
2023-05-11 13:44:40,PK311P9000,PK311P9000,109.0,0.0,0.0,0.0,10,121.0,127.0,10,114.5,109.0,109.0,109.0,1.0,109.0,170
2023-05-11 13:44:57,PK311P9000,PK311P9000,109.0,0.0,0.0,0.0,10,121.0,126.5,10,114.5,109.0,109.0,109.0,1.0,109.0,170
2023-05-11 13:45:02,PK311P9000,PK311P9000,109.0,0.0,0.0,0.0,10,122.0,127.5,10,114.5,109.0,109.0,109.0,1.0,109.0,170
2023-05-11 13:45:02,PK311P9000,PK311P9000,109.0,0.0,0.0,0.0,10,121.5,127.0,10,114.5,109.0,109.0,109.0,1.0,109.0,170
2023-05-11 13:45:03,PK311P9000,PK311P9000,109.0,0.0,0.0,0.0,10,121.0,126.5,10,114.5,109.0,109.0,109.0,1.0,109.0,170
2023-05-11 13:45:09,PK311P9000,PK311P9000,109.0,0.0,0.0,0.0,10,120.0,125.5,10,114.5,109.0,109.0,109.0,1.0,109.0,170
2023-05-11 13:45:10,PK311P9000,PK311P9000,109.0,0.0,0.0,0.0,10,120.5,126.5,10,114.5,109.0,109.0,109.0,1.0,109.0,170
2023-05-11 13:45:10,PK311P9000,PK311P9000,109.0,0.0,0.0,0.0,10,120.0,125.5,10,114.5,109.0,109.0,109.0,1.0,109.0,170
2023-05-11 13:47:01,PK311P9000,PK311P9000,109.0,0.0,0.0,0.0,10,120.5,126.5,10,114.5,109.0,109.0,109.0,1.0,109.0,170
2023-05-11 13:47:03,PK311P9000,PK311P9000,109.0,0.0,0.0,0.0,10,120.5,126.0,10,114.5,109.0,109.0,109.0,1.0,109.0,170
2023-05-11 13:48:12,PK311P9000,PK311P9000,109.0,0.0,0.0,0.0,10,120.0,125.5,10,114.5,109.0,109.0,109.0,1.0,109.0,170
2023-05-11 13:48:14,PK311P9000,PK311P9000,109.0,0.0,0.0,0.0,10,119.5,125.0,10,114.5,109.0,109.0,109.0,1.0,109.0,170
2023-05-11 13:48:16,PK311P9000,PK311P9000,109.0,0.0,0.0,0.0,10,119.0,124.5,10,114.5,109.0,109.0,109.0,1.0,109.0,170
2023-05-11 13:48:18,PK311P9000,PK311P9000,109.0,0.0,0.0,0.0,10,118.5,124.0,10,114.5,109.0,109.0,109.0,1.0,109.0,170
2023-05-11 13:48:19,PK311P9000,PK311P9000,109.0,0.0,0.0,0.0,10,118.0,123.5,10,114.5,109.0,109.0,109.0,1.0,109.0,170
2023-05-11 13:48:20,PK311P9000,PK311P9000,109.0,0.0,0.0,0.0,10,117.5,123.0,10,114.5,109.0,109.0,109.0,1.0,109.0,170
2023-05-11 13:48:21,PK311P9000,PK311P9000,109.0,0.0,0.0,0.0,10,117.0,122.5,10,114.5,109.0,109.0,109.0,1.0,109.0,170
2023-05-11 13:48:24,PK311P9000,PK311P9000,109.0,0.0,0.0,0.0,10,116.5,122.0,10,114.5,109.0,109.0,109.0,1.0,109.0,170
2023-05-11 13:48:27,PK311P9000,PK311P9000,109.0,0.0,0.0,0.0,10,116.0,121.5,10,114.5,109.0,109.0,109.0,1.0,109.0,170
2023-05-11 13:48:35,PK311P9000,PK311P9000,109.0,0.0,0.0,0.0,10,115.5,121.0,10,114.5,109.0,109.0,109.0,1.0,109.0,170
2023-05-11 13:48:39,PK311P9000,PK311P9000,109.0,0.0,0.0,0.0,10,115.0,120.5,10,114.5,109.0,109.0,109.0,1.0,109.0,170
2023-05-11 13:48:41,PK311P9000,PK311P9000,109.0,0.0,0.0,0.0,10,116.0,121.5,10,114.5,109.0,109.0,109.0,1.0,109.0,170
2023-05-11 13:48:49,PK311P9000,PK311P9000,109.0,0.0,0.0,0.0,10,117.0,122.0,10,114.5,109.0,109.0,109.0,1.0,109.0,170
2023-05-11 13:48:56,PK311P9000,PK311P9000,109.0,0.0,0.0,0.0,10,116.0,121.5,10,114.5,109.0,109.0,109.0,1.0,109.0,170
2023-05-11 13:49:42,PK311P9000,PK311P9000,109.0,0.0,0.0,0.0,10,116.5,122.0,10,114.5,109.0,109.0,109.0,1.0,109.0,170
2023-05-11 13:49:42,PK311P9000,PK311P9000,109.0,0.0,0.0,0.0,10,116.0,121.5,10,114.5,109.0,109.0,109.0,1.0,109.0,170
2023-05-11 13:49:46,PK311P9000,PK311P9000,109.0,0.0,0.0,0.0,10,117.0,122.5,10,114.5,109.0,109.0,109.0,1.0,109.0,170
2023-05-11 13:50:02,PK311P9000,PK311P9000,109.0,0.0,0.0,0.0,10,118.0,123.5,10,114.5,109.0,109.0,109.0,1.0,109.0,170
2023-05-11 13:50:15,PK311P9000,PK311P9000,109.0,0.0,0.0,0.0,10,119.0,124.0,10,114.5,109.0,109.0,109.0,1.0,109.0,170
2023-05-11 13:50:54,PK311P9000,PK311P9000,109.0,0.0,0.0,0.0,10,119.5,125.0,10,114.5,109.0,109.0,109.0,1.0,109.0,170
2023-05-11 13:51:02,PK311P9000,PK311P9000,109.0,0.0,0.0,0.0,10,120.0,126.0,10,114.5,109.0,109.0,109.0,1.0,109.0,170
2023-05-11 13:51:04,PK311P9000,PK311P9000,109.0,0.0,0.0,0.0,10,120.0,125.5,10,114.5,109.0,109.0,109.0,1.0,109.0,170
2023-05-11 13:52:13,PK311P9000,PK311P9000,109.0,0.0,0.0,0.0,10,120.5,126.5,10,114.5,109.0,109.0,109.0,1.0,109.0,170
2023-05-11 13:52:14,PK311P9000,PK311P9000,109.0,0.0,0.0,0.0,10,120.5,126.0,10,114.5,109.0,109.0,109.0,1.0,109.0,170
2023-05-11 13:53:08,PK311P9000,PK311P9000,109.0,0.0,0.0,0.0,10,119.5,125.5,10,114.5,109.0,109.0,109.0,1.0,109.0,170
2023-05-11 13:53:19,PK311P9000,PK311P9000,109.0,0.0,0.0,0.0,10,119.5,125.0,10,114.5,109.0,109.0,109.0,1.0,109.0,170
2023-05-11 13:54:03,PK311P9000,PK311P9000,109.0,0.0,0.0,0.0,10,119.0,124.5,10,114.5,109.0,109.0,109.0,1.0,109.0,170
2023-05-11 13:55:32,PK311P9000,PK311P9000,109.0,0.0,0.0,0.0,10,120.0,125.5,10,114.5,109.0,109.0,109.0,1.0,109.0,170
2023-05-11 13:55:33,PK311P9000,PK311P9000,109.0,0.0,0.0,0.0,10,119.5,125.0,10,114.5,109.0,109.0,109.0,1.0,109.0,170
2023-05-11 13:55:55,PK311P9000,PK311P9000,109.0,0.0,0.0,0.0,10,120.5,126.0,10,114.5,109.0,109.0,109.0,1.0,109.0,170
2023-05-11 13:56:08,PK311P9000,PK311P9000,109.0,0.0,0.0,0.0,10,120.0,125.5,10,114.5,109.0,109.0,109.0,1.0,109.0,170
2023-05-11 13:57:22,PK311P9000,PK311P9000,109.0,0.0,0.0,0.0,10,120.0,126.0,10,114.5,109.0,109.0,109.0,1.0,109.0,170
2023-05-11 13:57:24,PK311P9000,PK311P9000,109.0,0.0,0.0,0.0,10,120.5,126.0,10,114.5,109.0,109.0,109.0,1.0,109.0,170
2023-05-11 13:57:25,PK311P9000,PK311P9000,109.0,0.0,0.0,0.0,10,121.5,127.0,10,114.5,109.0,109.0,109.0,1.0,109.0,170
2023-05-11 13:58:12,PK311P9000,PK311P9000,109.0,0.0,0.0,0.0,10,121.0,126.5,10,114.5,109.0,109.0,109.0,1.0,109.0,170
2023-05-11 13:59:00,PK311P9000,PK311P9000,109.0,0.0,0.0,0.0,10,121.5,127.5,10,114.5,109.0,109.0,109.0,1.0,109.0,170
2023-05-11 13:59:02,PK311P9000,PK311P9000,109.0,0.0,0.0,0.0,10,122.5,128.0,10,114.5,109.0,109.0,109.0,1.0,109.0,170
2023-05-11 13:59:05,PK311P9000,PK311P9000,109.0,0.0,0.0,0.0,10,121.5,127.0,10,114.5,109.0,109.0,109.0,1.0,109.0,170
2023-05-11 13:59:06,PK311P9000,PK311P9000,109.0,0.0,0.0,0.0,10,121.0,126.5,10,114.5,109.0,109.0,109.0,1.0,109.0,170
2023-05-11 13:59:56,PK311P9000,PK311P9000,109.0,0.0,0.0,0.0,10,120.5,126.0,10,114.5,109.0,109.0,109.0,1.0,109.0,170
2023-05-11 14:01:21,PK311P9000,PK311P9000,109.0,0.0,0.0,0.0,10,121.0,126.5,10,114.5,109.0,109.0,109.0,1.0,109.0,170
2023-05-11 14:01:23,PK311P9000,PK311P9000,109.0,0.0,0.0,0.0,10,122.0,127.5,10,114.5,109.0,109.0,109.0,1.0,109.0,170
2023-05-11 14:01:29,PK311P9000,PK311P9000,109.0,0.0,0.0,0.0,10,123.0,128.0,10,114.5,109.0,109.0,109.0,1.0,109.0,170
2023-05-11 14:01:32,PK311P9000,PK311P9000,109.0,0.0,0.0,0.0,10,122.5,127.5,10,114.5,109.0,109.0,109.0,1.0,109.0,170
2023-05-11 14:01:52,PK311P9000,PK311P9000,109.0,0.0,0.0,0.0,10,122.0,127.5,10,114.5,109.0,109.0,109.0,1.0,109.0,170
2023-05-11 14:03:03,PK311P9000,PK311P9000,109.0,0.0,0.0,0.0,10,122.5,127.5,10,114.5,109.0,109.0,109.0,1.0,109.0,170
2023-05-11 14:03:07,PK311P9000,PK311P9000,109.0,0.0,0.0,0.0,10,123.0,128.5,10,114.5,109.0,109.0,109.0,1.0,109.0,170
2023-05-11 14:03:14,PK311P9000,PK311P9000,109.0,0.0,0.0,0.0,10,122.5,128.0,10,114.5,109.0,109.0,109.0,1.0,109.0,170
2023-05-11 14:03:29,PK311P9000,PK311P9000,109.0,0.0,0.0,0.0,10,123.5,128.5,10,114.5,109.0,109.0,109.0,1.0,109.0,170
2023-05-11 14:03:29,PK311P9000,PK311P9000,109.0,0.0,0.0,0.0,10,122.5,128.0,10,114.5,109.0,109.0,109.0,1.0,109.0,170
2023-05-11 14:03:39,PK311P9000,PK311P9000,109.0,0.0,0.0,0.0,10,123.5,128.5,10,114.5,109.0,109.0,109.0,1.0,109.0,170
2023-05-11 14:03:44,PK311P9000,PK311P9000,109.0,0.0,0.0,0.0,10,123.0,128.5,10,114.5,109.0,109.0,109.0,1.0,109.0,170
2023-05-11 14:03:50,PK311P9000,PK311P9000,109.0,0.0,0.0,0.0,10,122.5,128.0,10,114.5,109.0,109.0,109.0,1.0,109.0,170
2023-05-11 14:04:28,PK311P9000,PK311P9000,109.0,0.0,0.0,0.0,10,122.0,127.5,10,114.5,109.0,109.0,109.0,1.0,109.0,170
2023-05-11 14:04:32,PK311P9000,PK311P9000,109.0,0.0,0.0,0.0,10,123.0,128.0,10,114.5,109.0,109.0,109.0,1.0,109.0,170
2023-05-11 14:04:40,PK311P9000,PK311P9000,109.0,0.0,0.0,0.0,10,123.5,129.0,10,114.5,109.0,109.0,109.0,1.0,109.0,170
2023-05-11 14:04:46,PK311P9000,PK311P9000,109.0,0.0,0.0,0.0,10,123.0,128.5,10,114.5,109.0,109.0,109.0,1.0,109.0,170
2023-05-11 14:04:52,PK311P9000,PK311P9000,109.0,0.0,0.0,0.0,10,122.5,128.0,10,114.5,109.0,109.0,109.0,1.0,109.0,170
2023-05-11 14:05:00,PK311P9000,PK311P9000,109.0,0.0,0.0,0.0,10,123.5,128.5,10,114.5,109.0,109.0,109.0,1.0,109.0,170
2023-05-11 14:05:06,PK311P9000,PK311P9000,109.0,0.0,0.0,0.0,10,124.0,129.5,10,114.5,109.0,109.0,109.0,1.0,109.0,170
2023-05-11 14:05:07,PK311P9000,PK311P9000,109.0,0.0,0.0,0.0,10,123.5,129.0,10,114.5,109.0,109.0,109.0,1.0,109.0,170
2023-05-11 14:05:16,PK311P9000,PK311P9000,109.0,0.0,0.0,0.0,10,123.0,128.5,10,114.5,109.0,109.0,109.0,1.0,109.0,170
2023-05-11 14:05:47,PK311P9000,PK311P9000,109.0,0.0,0.0,0.0,10,122.5,128.0,10,114.5,109.0,109.0,109.0,1.0,109.0,170
2023-05-11 14:06:01,PK311P9000,PK311P9000,109.0,0.0,0.0,0.0,10,123.5,128.5,10,114.5,109.0,109.0,109.0,1.0,109.0,170
2023-05-11 14:06:05,PK311P9000,PK311P9000,109.0,0.0,0.0,0.0,10,123.0,128.0,10,114.5,109.0,109.0,109.0,1.0,109.0,170
2023-05-11 14:06:12,PK311P9000,PK311P9000,109.0,0.0,0.0,0.0,10,122.5,128.0,10,114.5,109.0,109.0,109.0,1.0,109.0,170
2023-05-11 14:06:17,PK311P9000,PK311P9000,109.0,0.0,0.0,0.0,10,122.0,127.5,10,114.5,109.0,109.0,109.0,1.0,109.0,170
2023-05-11 14:06:30,PK311P9000,PK311P9000,109.0,0.0,0.0,0.0,10,121.5,127.0,10,114.5,109.0,109.0,109.0,1.0,109.0,170
2023-05-11 14:06:36,PK311P9000,PK311P9000,109.0,0.0,0.0,0.0,10,121.0,126.5,10,114.5,109.0,109.0,109.0,1.0,109.0,170
2023-05-11 14:06:40,PK311P9000,PK311P9000,109.0,0.0,0.0,0.0,10,120.5,126.0,10,114.5,109.0,109.0,109.0,1.0,109.0,170
2023-05-11 14:07:12,PK311P9000,PK311P9000,109.0,0.0,0.0,0.0,10,121.5,126.5,10,114.5,109.0,109.0,109.0,1.0,109.0,170
2023-05-11 14:07:13,PK311P9000,PK311P9000,109.0,0.0,0.0,0.0,10,121.0,126.5,10,114.5,109.0,109.0,109.0,1.0,109.0,170
2023-05-11 14:07:33,PK311P9000,PK311P9000,109.0,0.0,0.0,0.0,10,122.0,127.0,10,114.5,109.0,109.0,109.0,1.0,109.0,170
2023-05-11 14:07:48,PK311P9000,PK311P9000,109.0,0.0,0.0,0.0,10,122.0,127.5,10,114.5,109.0,109.0,109.0,1.0,109.0,170
2023-05-11 14:08:37,PK311P9000,PK311P9000,109.0,0.0,0.0,0.0,10,121.5,127.0,10,114.5,109.0,109.0,109.0,1.0,109.0,170
2023-05-11 14:08:43,PK311P9000,PK311P9000,109.0,0.0,0.0,0.0,10,121.0,126.5,10,114.5,109.0,109.0,109.0,1.0,109.0,170
2023-05-11 14:09:19,PK311P9000,PK311P9000,109.0,0.0,0.0,0.0,10,120.5,126.0,10,114.5,109.0,109.0,109.0,1.0,109.0,170
2023-05-11 14:09:41,PK311P9000,PK311P9000,109.0,0.0,0.0,0.0,10,120.0,125.5,10,114.5,109.0,109.0,109.0,1.0,109.0,170
2023-05-11 14:10:03,PK311P9000,PK311P9000,109.0,0.0,0.0,0.0,10,119.5,125.0,10,114.5,109.0,109.0,109.0,1.0,109.0,170
2023-05-11 14:11:47,PK311P9000,PK311P9000,109.0,0.0,0.0,0.0,10,120.5,125.5,10,114.5,109.0,109.0,109.0,1.0,109.0,170
2023-05-11 14:11:51,PK311P9000,PK311P9000,109.0,0.0,0.0,0.0,10,121.0,126.5,10,114.5,109.0,109.0,109.0,1.0,109.0,170
2023-05-11 14:13:03,PK311P9000,PK311P9000,109.0,0.0,0.0,0.0,10,120.5,126.0,10,114.5,109.0,109.0,109.0,1.0,109.0,170
2023-05-11 14:13:05,PK311P9000,PK311P9000,109.0,0.0,0.0,0.0,10,120.0,125.5,10,114.5,109.0,109.0,109.0,1.0,109.0,170
2023-05-11 14:13:44,PK311P9000,PK311P9000,109.0,0.0,0.0,0.0,10,119.5,125.0,10,114.5,109.0,109.0,109.0,1.0,109.0,170
2023-05-11 14:15:26,PK311P9000,PK311P9000,109.0,0.0,0.0,0.0,10,119.0,124.5,10,114.5,109.0,109.0,109.0,1.0,109.0,170
2023-05-11 14:15:27,PK311P9000,PK311P9000,109.0,0.0,0.0,0.0,10,118.5,124.0,10,114.5,109.0,109.0,109.0,1.0,109.0,170
2023-05-11 14:15:42,PK311P9000,PK311P9000,109.0,0.0,0.0,0.0,10,119.0,124.0,10,114.5,109.0,109.0,109.0,1.0,109.0,170
2023-05-11 14:15:42,PK311P9000,PK311P9000,109.0,0.0,0.0,0.0,10,118.5,124.0,10,114.5,109.0,109.0,109.0,1.0,109.0,170
2023-05-11 14:15:43,PK311P9000,PK311P9000,109.0,0.0,0.0,0.0,10,119.0,124.5,10,114.5,109.0,109.0,109.0,1.0,109.0,170
2023-05-11 14:16:23,PK311P9000,PK311P9000,109.0,0.0,0.0,0.0,10,120.0,125.0,10,114.5,109.0,109.0,109.0,1.0,109.0,170
2023-05-11 14:16:24,PK311P9000,PK311P9000,109.0,0.0,0.0,0.0,10,120.0,125.5,10,114.5,109.0,109.0,109.0,1.0,109.0,170
2023-05-11 14:17:34,PK311P9000,PK311P9000,109.0,0.0,0.0,0.0,10,119.5,125.0,10,114.5,109.0,109.0,109.0,1.0,109.0,170
2023-05-11 14:17:42,PK311P9000,PK311P9000,109.0,0.0,0.0,0.0,10,120.5,125.5,10,114.5,109.0,109.0,109.0,1.0,109.0,170
2023-05-11 14:17:43,PK311P9000,PK311P9000,109.0,0.0,0.0,0.0,10,120.0,125.0,10,114.5,109.0,109.0,109.0,1.0,109.0,170
2023-05-11 14:18:14,PK311P9000,PK311P9000,109.0,0.0,0.0,0.0,10,119.0,124.5,10,114.5,109.0,109.0,109.0,1.0,109.0,170
2023-05-11 14:18:38,PK311P9000,PK311P9000,109.0,0.0,0.0,0.0,10,118.5,124.0,10,114.5,109.0,109.0,109.0,1.0,109.0,170
2023-05-11 14:19:01,PK311P9000,PK311P9000,109.0,0.0,0.0,0.0,10,119.5,124.5,10,114.5,109.0,109.0,109.0,1.0,109.0,170
2023-05-11 14:19:04,PK311P9000,PK311P9000,109.0,0.0,0.0,0.0,10,119.0,124.0,10,114.5,109.0,109.0,109.0,1.0,109.0,170
2023-05-11 14:19:08,PK311P9000,PK311P9000,109.0,0.0,0.0,0.0,10,119.5,125.0,10,114.5,109.0,109.0,109.0,1.0,109.0,170
2023-05-11 14:19:09,PK311P9000,PK311P9000,109.0,0.0,0.0,0.0,10,119.0,124.5,10,114.5,109.0,109.0,109.0,1.0,109.0,170
2023-05-11 14:20:18,PK311P9000,PK311P9000,109.0,0.0,0.0,0.0,10,118.5,123.5,10,114.5,109.0,109.0,109.0,1.0,109.0,170
2023-05-11 14:20:18,PK311P9000,PK311P9000,109.0,0.0,0.0,0.0,10,119.0,124.5,10,114.5,109.0,109.0,109.0,1.0,109.0,170
2023-05-11 14:20:22,PK311P9000,PK311P9000,109.0,0.0,0.0,0.0,10,118.5,124.0,10,114.5,109.0,109.0,109.0,1.0,109.0,170
2023-05-11 14:20:23,PK311P9000,PK311P9000,109.0,0.0,0.0,0.0,10,118.0,123.5,10,114.5,109.0,109.0,109.0,1.0,109.0,170
2023-05-11 14:20:25,PK311P9000,PK311P9000,109.0,0.0,0.0,0.0,10,117.5,123.0,10,114.5,109.0,109.0,109.0,1.0,109.0,170
2023-05-11 14:20:39,PK311P9000,PK311P9000,109.0,0.0,0.0,0.0,10,117.0,122.5,10,114.5,109.0,109.0,109.0,1.0,109.0,170
2023-05-11 14:20:44,PK311P9000,PK311P9000,109.0,0.0,0.0,0.0,10,117.5,122.5,10,114.5,109.0,109.0,109.0,1.0,109.0,170
2023-05-11 14:20:49,PK311P9000,PK311P9000,109.0,0.0,0.0,0.0,10,118.0,123.5,10,114.5,109.0,109.0,109.0,1.0,109.0,170
2023-05-11 14:21:08,PK311P9000,PK311P9000,109.0,0.0,0.0,0.0,10,119.0,124.0,10,114.5,109.0,109.0,109.0,1.0,109.0,170
2023-05-11 14:21:12,PK311P9000,PK311P9000,109.0,0.0,0.0,0.0,10,118.5,123.5,10,114.5,109.0,109.0,109.0,1.0,109.0,170
2023-05-11 14:21:58,PK311P9000,PK311P9000,109.0,0.0,0.0,0.0,10,119.0,124.5,10,114.5,109.0,109.0,109.0,1.0,109.0,170
2023-05-11 14:22:23,PK311P9000,PK311P9000,109.0,0.0,0.0,0.0,10,120.0,125.0,10,114.5,109.0,109.0,109.0,1.0,109.0,170
2023-05-11 14:24:18,PK311P9000,PK311P9000,109.0,0.0,0.0,0.0,10,120.5,126.0,10,114.5,109.0,109.0,109.0,1.0,109.0,170
2023-05-11 14:26:14,PK311P9000,PK311P9000,109.0,0.0,0.0,0.0,10,121.5,126.5,10,114.5,109.0,109.0,109.0,1.0,109.0,170
2023-05-11 14:26:27,PK311P9000,PK311P9000,109.0,0.0,0.0,0.0,10,121.0,126.5,10,114.5,109.0,109.0,109.0,1.0,109.0,170
2023-05-11 14:26:31,PK311P9000,PK311P9000,109.0,0.0,0.0,0.0,10,120.5,126.0,10,114.5,109.0,109.0,109.0,1.0,109.0,170
2023-05-11 14:26:42,PK311P9000,PK311P9000,109.0,0.0,0.0,0.0,10,120.0,125.5,10,114.5,109.0,109.0,109.0,1.0,109.0,170
2023-05-11 14:26:46,PK311P9000,PK311P9000,109.0,0.0,0.0,0.0,10,119.5,125.0,10,114.5,109.0,109.0,109.0,1.0,109.0,170
2023-05-11 14:28:04,PK311P9000,PK311P9000,109.0,0.0,0.0,0.0,10,119.0,124.5,10,114.5,109.0,109.0,109.0,1.0,109.0,170
2023-05-11 14:28:06,PK311P9000,PK311P9000,109.0,0.0,0.0,0.0,10,118.5,124.0,10,114.5,109.0,109.0,109.0,1.0,109.0,170
2023-05-11 14:29:26,PK311P9000,PK311P9000,109.0,0.0,0.0,0.0,10,118.0,123.5,10,114.5,109.0,109.0,109.0,1.0,109.0,170
2023-05-11 14:30:04,PK311P9000,PK311P9000,109.0,0.0,0.0,0.0,10,119.0,124.0,10,114.5,109.0,109.0,109.0,1.0,109.0,170
2023-05-11 14:31:07,PK311P9000,PK311P9000,109.0,0.0,0.0,0.0,10,118.5,124.0,10,114.5,109.0,109.0,109.0,1.0,109.0,170
2023-05-11 14:33:28,PK311P9000,PK311P9000,109.0,0.0,0.0,0.0,10,119.5,124.5,10,114.5,109.0,109.0,109.0,1.0,109.0,170
2023-05-11 14:34:44,PK311P9000,PK311P9000,109.0,0.0,0.0,0.0,10,120.0,125.5,10,114.5,109.0,109.0,109.0,1.0,109.0,170
2023-05-11 14:34:55,PK311P9000,PK311P9000,109.0,0.0,0.0,0.0,10,119.5,125.0,10,114.5,109.0,109.0,109.0,1.0,109.0,170
2023-05-11 14:35:02,PK311P9000,PK311P9000,109.0,0.0,0.0,0.0,10,119.0,124.5,10,114.5,109.0,109.0,109.0,1.0,109.0,170
2023-05-11 14:35:04,PK311P9000,PK311P9000,109.0,0.0,0.0,0.0,10,119.5,124.5,10,114.5,109.0,109.0,109.0,1.0,109.0,170
2023-05-11 14:35:05,PK311P9000,PK311P9000,109.0,0.0,0.0,0.0,10,120.0,125.5,10,114.5,109.0,109.0,109.0,1.0,109.0,170
2023-05-11 14:35:16,PK311P9000,PK311P9000,109.0,0.0,0.0,0.0,10,119.5,125.0,10,114.5,109.0,109.0,109.0,1.0,109.0,170
2023-05-11 14:35:26,PK311P9000,PK311P9000,109.0,0.0,0.0,0.0,10,119.0,124.5,10,114.5,109.0,109.0,109.0,1.0,109.0,170
2023-05-11 14:36:05,PK311P9000,PK311P9000,109.0,0.0,0.0,0.0,10,120.0,125.0,10,114.5,109.0,109.0,109.0,1.0,109.0,170
2023-05-11 14:36:56,PK311P9000,PK311P9000,109.0,0.0,0.0,0.0,10,119.5,125.0,10,114.5,109.0,109.0,109.0,1.0,109.0,170
2023-05-11 14:37:50,PK311P9000,PK311P9000,109.0,0.0,0.0,0.0,10,119.0,124.5,10,114.5,109.0,109.0,109.0,1.0,109.0,170
2023-05-11 14:39:07,PK311P9000,PK311P9000,109.0,0.0,0.0,0.0,10,118.5,124.0,10,114.5,109.0,109.0,109.0,1.0,109.0,170
2023-05-11 14:39:12,PK311P9000,PK311P9000,109.0,0.0,0.0,0.0,10,119.5,124.5,10,114.5,109.0,109.0,109.0,1.0,109.0,170
2023-05-11 14:41:34,PK311P9000,PK311P9000,109.0,0.0,0.0,0.0,10,119.0,124.0,10,114.5,109.0,109.0,109.0,1.0,109.0,170
2023-05-11 14:41:46,PK311P9000,PK311P9000,109.0,0.0,0.0,0.0,10,118.5,123.5,10,114.5,109.0,109.0,109.0,1.0,109.0,170
2023-05-11 14:41:49,PK311P9000,PK311P9000,109.0,0.0,0.0,0.0,10,118.0,123.0,10,114.5,109.0,109.0,109.0,1.0,109.0,170
2023-05-11 14:41:49,PK311P9000,PK311P9000,109.0,0.0,0.0,0.0,10,118.5,124.0,10,114.5,109.0,109.0,109.0,1.0,109.0,170
2023-05-11 14:41:59,PK311P9000,PK311P9000,109.0,0.0,0.0,0.0,10,118.0,123.5,10,114.5,109.0,109.0,109.0,1.0,109.0,170
2023-05-11 14:42:09,PK311P9000,PK311P9000,109.0,0.0,0.0,0.0,10,119.0,124.0,10,114.5,109.0,109.0,109.0,1.0,109.0,170
2023-05-11 14:42:16,PK311P9000,PK311P9000,109.0,0.0,0.0,0.0,10,118.5,123.5,10,114.5,109.0,109.0,109.0,1.0,109.0,170
2023-05-11 14:42:35,PK311P9000,PK311P9000,109.0,0.0,0.0,0.0,10,118.5,124.0,10,114.5,109.0,109.0,109.0,1.0,109.0,170
2023-05-11 14:42:37,PK311P9000,PK311P9000,109.0,0.0,0.0,0.0,10,119.5,124.5,10,114.5,109.0,109.0,109.0,1.0,109.0,170
2023-05-11 14:42:47,PK311P9000,PK311P9000,109.0,0.0,0.0,0.0,10,120.0,125.5,10,114.5,109.0,109.0,109.0,1.0,109.0,170
2023-05-11 14:43:25,PK311P9000,PK311P9000,109.0,0.0,0.0,0.0,10,121.0,126.0,10,114.5,109.0,109.0,109.0,1.0,109.0,170
2023-05-11 14:43:53,PK311P9000,PK311P9000,109.0,0.0,0.0,0.0,10,120.5,126.0,10,114.5,109.0,109.0,109.0,1.0,109.0,170
2023-05-11 14:44:11,PK311P9000,PK311P9000,109.0,0.0,0.0,0.0,10,120.0,125.5,10,114.5,109.0,109.0,109.0,1.0,109.0,170
2023-05-11 14:44:38,PK311P9000,PK311P9000,109.0,0.0,0.0,0.0,10,121.0,126.5,10,114.5,109.0,109.0,109.0,1.0,109.0,170
2023-05-11 14:44:39,PK311P9000,PK311P9000,109.0,0.0,0.0,0.0,10,120.5,126.0,10,114.5,109.0,109.0,109.0,1.0,109.0,170
2023-05-11 14:44:51,PK311P9000,PK311P9000,109.0,0.0,0.0,0.0,10,121.5,126.5,10,114.5,109.0,109.0,109.0,1.0,109.0,170
2023-05-11 14:44:55,PK311P9000,PK311P9000,109.0,0.0,0.0,0.0,10,122.0,127.5,10,114.5,109.0,109.0,109.0,1.0,109.0,170
2023-05-11 14:45:02,PK311P9000,PK311P9000,109.0,0.0,0.0,0.0,10,121.5,127.0,10,114.5,109.0,109.0,109.0,1.0,109.0,170
2023-05-11 14:45:05,PK311P9000,PK311P9000,109.0,0.0,0.0,0.0,10,122.5,127.5,10,114.5,109.0,109.0,109.0,1.0,109.0,170
2023-05-11 14:45:08,PK311P9000,PK311P9000,109.0,0.0,0.0,0.0,10,122.0,127.5,10,114.5,109.0,109.0,109.0,1.0,109.0,170
2023-05-11 14:45:09,PK311P9000,PK311P9000,109.0,0.0,0.0,0.0,10,121.5,127.0,10,114.5,109.0,109.0,109.0,1.0,109.0,170
2023-05-11 14:45:10,PK311P9000,PK311P9000,109.0,0.0,0.0,0.0,10,122.5,127.5,10,114.5,109.0,109.0,109.0,1.0,109.0,170
2023-05-11 14:45:29,PK311P9000,PK311P9000,109.0,0.0,0.0,0.0,10,122.0,127.5,10,114.5,109.0,109.0,109.0,1.0,109.0,170
2023-05-11 14:45:58,PK311P9000,PK311P9000,109.0,0.0,0.0,0.0,10,123.0,128.0,10,114.5,109.0,109.0,109.0,1.0,109.0,170
2023-05-11 14:46:04,PK311P9000,PK311P9000,109.0,0.0,0.0,0.0,10,121.5,127.0,10,114.5,109.0,109.0,109.0,1.0,109.0,170
2023-05-11 14:46:04,PK311P9000,PK311P9000,109.0,0.0,0.0,0.0,10,122.5,128.0,10,114.5,109.0,109.0,109.0,1.0,109.0,170
2023-05-11 14:46:05,PK311P9000,PK311P9000,109.0,0.0,0.0,0.0,10,122.0,127.5,10,114.5,109.0,109.0,109.0,1.0,109.0,170
2023-05-11 14:46:14,PK311P9000,PK311P9000,109.0,0.0,0.0,0.0,10,122.5,127.5,10,114.5,109.0,109.0,109.0,1.0,109.0,170
2023-05-11 14:46:14,PK311P9000,PK311P9000,109.0,0.0,0.0,0.0,10,122.0,127.5,10,114.5,109.0,109.0,109.0,1.0,109.0,170
2023-05-11 14:46:16,PK311P9000,PK311P9000,109.0,0.0,0.0,0.0,10,121.5,127.0,10,114.5,109.0,109.0,109.0,1.0,109.0,170
2023-05-11 14:46:47,PK311P9000,PK311P9000,109.0,0.0,0.0,0.0,10,121.0,126.5,10,114.5,109.0,109.0,109.0,1.0,109.0,170
2023-05-11 14:46:59,PK311P9000,PK311P9000,109.0,0.0,0.0,0.0,10,120.5,126.0,10,114.5,109.0,109.0,109.0,1.0,109.0,170
2023-05-11 14:47:30,PK311P9000,PK311P9000,109.0,0.0,0.0,0.0,10,120.0,125.5,10,114.5,109.0,109.0,109.0,1.0,109.0,170
2023-05-11 14:48:48,PK311P9000,PK311P9000,109.0,0.0,0.0,0.0,10,119.5,125.0,10,114.5,109.0,109.0,109.0,1.0,109.0,170
2023-05-11 14:49:16,PK311P9000,PK311P9000,109.0,0.0,0.0,0.0,10,120.5,125.5,10,114.5,109.0,109.0,109.0,1.0,109.0,170
2023-05-11 14:49:33,PK311P9000,PK311P9000,109.0,0.0,0.0,0.0,10,121.0,126.5,10,114.5,109.0,109.0,109.0,1.0,109.0,170
2023-05-11 14:50:52,PK311P9000,PK311P9000,109.0,0.0,0.0,0.0,10,120.5,126.0,10,114.5,109.0,109.0,109.0,1.0,109.0,170
2023-05-11 14:51:37,PK311P9000,PK311P9000,109.0,0.0,0.0,0.0,10,120.0,125.5,10,114.5,109.0,109.0,109.0,1.0,109.0,170
2023-05-11 14:51:51,PK311P9000,PK311P9000,109.0,0.0,0.0,0.0,10,119.5,125.0,10,114.5,109.0,109.0,109.0,1.0,109.0,170
2023-05-11 14:51:54,PK311P9000,PK311P9000,109.0,0.0,0.0,0.0,10,120.5,125.5,10,114.5,109.0,109.0,109.0,1.0,109.0,170
2023-05-11 14:52:10,PK311P9000,PK311P9000,109.0,0.0,0.0,0.0,10,120.5,126.0,10,114.5,109.0,109.0,109.0,1.0,109.0,170
2023-05-11 14:52:12,PK311P9000,PK311P9000,109.0,0.0,0.0,0.0,10,120.0,125.5,10,114.5,109.0,109.0,109.0,1.0,109.0,170
2023-05-11 14:52:13,PK311P9000,PK311P9000,109.0,0.0,0.0,0.0,10,119.5,125.0,10,114.5,109.0,109.0,109.0,1.0,109.0,170
2023-05-11 14:52:13,PK311P9000,PK311P9000,109.0,0.0,0.0,0.0,10,119.0,124.5,10,114.5,109.0,109.0,109.0,1.0,109.0,170
2023-05-11 14:52:28,PK311P9000,PK311P9000,109.0,0.0,0.0,0.0,10,120.0,125.0,10,114.5,109.0,109.0,109.0,1.0,109.0,170
2023-05-11 14:52:36,PK311P9000,PK311P9000,109.0,0.0,0.0,0.0,10,119.5,125.0,10,114.5,109.0,109.0,109.0,1.0,109.0,170
2023-05-11 14:52:42,PK311P9000,PK311P9000,109.0,0.0,0.0,0.0,10,119.0,124.5,10,114.5,109.0,109.0,109.0,1.0,109.0,170
2023-05-11 14:52:56,PK311P9000,PK311P9000,109.0,0.0,0.0,0.0,10,118.5,124.0,10,114.5,109.0,109.0,109.0,1.0,109.0,170
2023-05-11 14:52:59,PK311P9000,PK311P9000,109.0,0.0,0.0,0.0,10,119.5,124.5,10,114.5,109.0,109.0,109.0,1.0,109.0,170
2023-05-11 14:53:53,PK311P9000,PK311P9000,109.0,0.0,0.0,0.0,10,119.0,124.5,10,114.5,109.0,109.0,109.0,1.0,109.0,170
2023-05-11 14:54:16,PK311P9000,PK311P9000,109.0,0.0,0.0,0.0,10,118.5,124.0,10,114.5,109.0,109.0,109.0,1.0,109.0,170
2023-05-11 14:54:40,PK311P9000,PK311P9000,109.0,0.0,0.0,0.0,10,119.5,124.5,10,114.5,109.0,109.0,109.0,1.0,109.0,170
2023-05-11 14:54:52,PK311P9000,PK311P9000,109.0,0.0,0.0,0.0,10,119.0,124.5,10,114.5,109.0,109.0,109.0,1.0,109.0,170
2023-05-11 14:54:57,PK311P9000,PK311P9000,109.0,0.0,0.0,0.0,10,118.5,124.0,10,114.5,109.0,109.0,109.0,1.0,109.0,170
2023-05-11 14:56:06,PK311P9000,PK311P9000,109.0,0.0,0.0,0.0,10,118.0,123.5,10,114.5,109.0,109.0,109.0,1.0,109.0,170
2023-05-11 14:56:06,PK311P9000,PK311P9000,109.0,0.0,0.0,0.0,10,119.0,124.0,10,114.5,109.0,109.0,109.0,1.0,109.0,170
2023-05-11 14:56:09,PK311P9000,PK311P9000,109.0,0.0,0.0,0.0,10,118.5,123.5,10,114.5,109.0,109.0,109.0,1.0,109.0,170
2023-05-11 14:57:06,PK311P9000,PK311P9000,109.0,0.0,0.0,0.0,10,119.0,124.5,10,114.5,109.0,109.0,109.0,1.0,109.0,170
2023-05-11 14:57:53,PK311P9000,PK311P9000,109.0,0.0,0.0,0.0,1,21.0,643.5,1,114.5,109.0,109.0,109.0,1.0,109.0,170
2023-05-11 14:57:53,PK311P9000,PK311P9000,109.0,0.0,0.0,0.0,1,21.5,638.0,1,114.5,109.0,109.0,109.0,1.0,109.0,170
2023-05-11 14:59:51,PK311P9000,PK311P9000,109.0,0.0,0.0,0.0,1,21.5,643.5,1,114.5,109.0,109.0,109.0,1.0,109.0,170
2023-05-11 14:59:51,PK311P9000,PK311P9000,109.0,0.0,0.0,0.0,1,21.5,643.5,1,114.5,109.0,109.0,109.0,1.0,109.0,170
