time,symbol_id,symbol_name,last,trade_volume,trade_amount,open_interest_change,bv1,bp1,ap1,av1,yesterday_close,today_open,today_high,today_low,volume,amount,open_interest
2023-05-11 09:31:26,PK401P8800,PK401P8800,175.5,0.0,0.0,0.0,5,1.5,0.0,0,175.5,0.0,0.0,0.0,0.0,0.0,110
2023-05-11 09:31:27,PK401P8800,PK401P8800,175.5,0.0,0.0,0.0,10,3.5,859.5,10,175.5,0.0,0.0,0.0,0.0,0.0,110
2023-05-11 09:31:28,PK401P8800,PK401P8800,175.5,0.0,0.0,0.0,1,5.0,858.0,1,175.5,0.0,0.0,0.0,0.0,0.0,110
2023-05-11 09:31:29,PK401P8800,PK401P8800,175.5,0.0,0.0,0.0,10,5.5,857.5,10,175.5,0.0,0.0,0.0,0.0,0.0,110
2023-05-11 09:31:29,PK401P8800,PK401P8800,175.5,0.0,0.0,0.0,1,7.0,856.0,1,175.5,0.0,0.0,0.0,0.0,0.0,110
2023-05-11 09:31:30,PK401P8800,PK401P8800,175.5,0.0,0.0,0.0,10,7.5,855.5,10,175.5,0.0,0.0,0.0,0.0,0.0,110
2023-05-11 09:31:30,PK401P8800,PK401P8800,175.5,0.0,0.0,0.0,1,9.0,855.5,10,175.5,0.0,0.0,0.0,0.0,0.0,110
2023-05-11 09:31:31,PK401P8800,PK401P8800,175.5,0.0,0.0,0.0,10,9.5,854.0,1,175.5,0.0,0.0,0.0,0.0,0.0,110
2023-05-11 09:31:31,PK401P8800,PK401P8800,175.5,0.0,0.0,0.0,10,9.5,853.5,10,175.5,0.0,0.0,0.0,0.0,0.0,110
2023-05-11 09:31:32,PK401P8800,PK401P8800,175.5,0.0,0.0,0.0,1,11.0,852.0,1,175.5,0.0,0.0,0.0,0.0,0.0,110
2023-05-11 09:31:32,PK401P8800,PK401P8800,175.5,0.0,0.0,0.0,10,11.5,851.5,10,175.5,0.0,0.0,0.0,0.0,0.0,110
2023-05-11 09:31:33,PK401P8800,PK401P8800,175.5,0.0,0.0,0.0,1,13.0,850.0,1,175.5,0.0,0.0,0.0,0.0,0.0,110
2023-05-11 09:31:33,PK401P8800,PK401P8800,175.5,0.0,0.0,0.0,10,13.5,849.5,10,175.5,0.0,0.0,0.0,0.0,0.0,110
2023-05-11 09:31:35,PK401P8800,PK401P8800,175.5,0.0,0.0,0.0,1,15.0,848.0,1,175.5,0.0,0.0,0.0,0.0,0.0,110
2023-05-11 09:31:35,PK401P8800,PK401P8800,175.5,0.0,0.0,0.0,10,15.5,847.5,10,175.5,0.0,0.0,0.0,0.0,0.0,110
2023-05-11 09:31:36,PK401P8800,PK401P8800,175.5,0.0,0.0,0.0,1,17.0,846.0,1,175.5,0.0,0.0,0.0,0.0,0.0,110
2023-05-11 09:31:36,PK401P8800,PK401P8800,175.5,0.0,0.0,0.0,10,17.5,845.5,10,175.5,0.0,0.0,0.0,0.0,0.0,110
2023-05-11 09:31:37,PK401P8800,PK401P8800,175.5,0.0,0.0,0.0,1,19.0,844.0,1,175.5,0.0,0.0,0.0,0.0,0.0,110
2023-05-11 09:31:37,PK401P8800,PK401P8800,175.5,0.0,0.0,0.0,10,19.5,843.5,10,175.5,0.0,0.0,0.0,0.0,0.0,110
2023-05-11 09:31:38,PK401P8800,PK401P8800,175.5,0.0,0.0,0.0,1,21.0,842.0,1,175.5,0.0,0.0,0.0,0.0,0.0,110
2023-05-11 09:31:38,PK401P8800,PK401P8800,175.5,0.0,0.0,0.0,10,21.5,841.5,10,175.5,0.0,0.0,0.0,0.0,0.0,110
2023-05-11 09:31:39,PK401P8800,PK401P8800,175.5,0.0,0.0,0.0,1,23.0,840.0,1,175.5,0.0,0.0,0.0,0.0,0.0,110
2023-05-11 09:31:39,PK401P8800,PK401P8800,175.5,0.0,0.0,0.0,10,23.5,839.5,10,175.5,0.0,0.0,0.0,0.0,0.0,110
2023-05-11 09:31:40,PK401P8800,PK401P8800,175.5,0.0,0.0,0.0,1,25.0,839.5,10,175.5,0.0,0.0,0.0,0.0,0.0,110
2023-05-11 09:31:40,PK401P8800,PK401P8800,175.5,0.0,0.0,0.0,10,25.5,838.0,1,175.5,0.0,0.0,0.0,0.0,0.0,110
2023-05-11 09:31:41,PK401P8800,PK401P8800,175.5,0.0,0.0,0.0,1,27.0,837.5,10,175.5,0.0,0.0,0.0,0.0,0.0,110
2023-05-11 09:31:41,PK401P8800,PK401P8800,175.5,0.0,0.0,0.0,10,27.5,836.0,1,175.5,0.0,0.0,0.0,0.0,0.0,110
2023-05-11 09:31:42,PK401P8800,PK401P8800,175.5,0.0,0.0,0.0,1,29.0,835.5,10,175.5,0.0,0.0,0.0,0.0,0.0,110
2023-05-11 09:31:42,PK401P8800,PK401P8800,175.5,0.0,0.0,0.0,10,29.5,834.0,1,175.5,0.0,0.0,0.0,0.0,0.0,110
2023-05-11 09:31:43,PK401P8800,PK401P8800,175.5,0.0,0.0,0.0,1,31.0,833.5,10,175.5,0.0,0.0,0.0,0.0,0.0,110
2023-05-11 09:31:43,PK401P8800,PK401P8800,175.5,0.0,0.0,0.0,10,31.5,832.0,1,175.5,0.0,0.0,0.0,0.0,0.0,110
2023-05-11 09:31:44,PK401P8800,PK401P8800,175.5,0.0,0.0,0.0,1,33.0,831.5,10,175.5,0.0,0.0,0.0,0.0,0.0,110
2023-05-11 09:31:44,PK401P8800,PK401P8800,175.5,0.0,0.0,0.0,10,33.5,830.0,1,175.5,0.0,0.0,0.0,0.0,0.0,110
2023-05-11 09:31:45,PK401P8800,PK401P8800,175.5,0.0,0.0,0.0,1,35.0,829.5,10,175.5,0.0,0.0,0.0,0.0,0.0,110
2023-05-11 09:31:45,PK401P8800,PK401P8800,175.5,0.0,0.0,0.0,10,35.5,828.0,1,175.5,0.0,0.0,0.0,0.0,0.0,110
2023-05-11 09:31:46,PK401P8800,PK401P8800,175.5,0.0,0.0,0.0,1,37.0,827.5,10,175.5,0.0,0.0,0.0,0.0,0.0,110
2023-05-11 09:31:46,PK401P8800,PK401P8800,175.5,0.0,0.0,0.0,10,37.5,826.0,1,175.5,0.0,0.0,0.0,0.0,0.0,110
2023-05-11 09:31:47,PK401P8800,PK401P8800,175.5,0.0,0.0,0.0,1,39.0,826.0,1,175.5,0.0,0.0,0.0,0.0,0.0,110
2023-05-11 09:31:47,PK401P8800,PK401P8800,175.5,0.0,0.0,0.0,10,39.5,825.5,10,175.5,0.0,0.0,0.0,0.0,0.0,110
2023-05-11 09:31:48,PK401P8800,PK401P8800,175.5,0.0,0.0,0.0,1,41.0,824.0,1,175.5,0.0,0.0,0.0,0.0,0.0,110
2023-05-11 09:31:48,PK401P8800,PK401P8800,175.5,0.0,0.0,0.0,10,41.5,823.5,10,175.5,0.0,0.0,0.0,0.0,0.0,110
2023-05-11 09:31:49,PK401P8800,PK401P8800,175.5,0.0,0.0,0.0,1,43.0,822.0,1,175.5,0.0,0.0,0.0,0.0,0.0,110
2023-05-11 09:31:49,PK401P8800,PK401P8800,175.5,0.0,0.0,0.0,10,43.5,821.5,10,175.5,0.0,0.0,0.0,0.0,0.0,110
2023-05-11 09:31:50,PK401P8800,PK401P8800,175.5,0.0,0.0,0.0,1,45.0,820.0,1,175.5,0.0,0.0,0.0,0.0,0.0,110
2023-05-11 09:31:50,PK401P8800,PK401P8800,175.5,0.0,0.0,0.0,10,45.5,819.5,10,175.5,0.0,0.0,0.0,0.0,0.0,110
2023-05-11 09:31:51,PK401P8800,PK401P8800,175.5,0.0,0.0,0.0,1,47.0,818.0,1,175.5,0.0,0.0,0.0,0.0,0.0,110
2023-05-11 09:32:38,PK401P8800,PK401P8800,175.5,0.0,0.0,0.0,10,47.5,817.5,10,175.5,0.0,0.0,0.0,0.0,0.0,110
2023-05-11 09:32:38,PK401P8800,PK401P8800,175.5,0.0,0.0,0.0,1,49.0,816.0,1,175.5,0.0,0.0,0.0,0.0,0.0,110
2023-05-11 09:32:39,PK401P8800,PK401P8800,175.5,0.0,0.0,0.0,10,49.5,815.5,10,175.5,0.0,0.0,0.0,0.0,0.0,110
2023-05-11 09:32:41,PK401P8800,PK401P8800,175.5,0.0,0.0,0.0,1,51.0,814.0,1,175.5,0.0,0.0,0.0,0.0,0.0,110
2023-05-11 09:32:42,PK401P8800,PK401P8800,175.5,0.0,0.0,0.0,10,51.5,813.5,10,175.5,0.0,0.0,0.0,0.0,0.0,110
2023-05-11 09:32:42,PK401P8800,PK401P8800,175.5,0.0,0.0,0.0,1,53.0,813.5,10,175.5,0.0,0.0,0.0,0.0,0.0,110
2023-05-11 09:32:43,PK401P8800,PK401P8800,175.5,0.0,0.0,0.0,1,53.0,812.0,1,175.5,0.0,0.0,0.0,0.0,0.0,110
2023-05-11 09:32:43,PK401P8800,PK401P8800,175.5,0.0,0.0,0.0,10,53.5,811.5,10,175.5,0.0,0.0,0.0,0.0,0.0,110
2023-05-11 09:32:44,PK401P8800,PK401P8800,175.5,0.0,0.0,0.0,1,55.0,810.0,1,175.5,0.0,0.0,0.0,0.0,0.0,110
2023-05-11 09:32:44,PK401P8800,PK401P8800,175.5,0.0,0.0,0.0,10,55.5,809.5,10,175.5,0.0,0.0,0.0,0.0,0.0,110
2023-05-11 09:32:45,PK401P8800,PK401P8800,175.5,0.0,0.0,0.0,1,57.0,808.0,1,175.5,0.0,0.0,0.0,0.0,0.0,110
2023-05-11 09:32:45,PK401P8800,PK401P8800,175.5,0.0,0.0,0.0,10,57.5,807.5,10,175.5,0.0,0.0,0.0,0.0,0.0,110
2023-05-11 09:32:48,PK401P8800,PK401P8800,175.5,0.0,0.0,0.0,10,57.5,806.0,1,175.5,0.0,0.0,0.0,0.0,0.0,110
2023-05-11 09:34:48,PK401P8800,PK401P8800,175.5,0.0,0.0,0.0,10,57.5,805.5,10,175.5,0.0,0.0,0.0,0.0,0.0,110
2023-05-11 09:34:48,PK401P8800,PK401P8800,175.5,0.0,0.0,0.0,10,57.5,804.0,1,175.5,0.0,0.0,0.0,0.0,0.0,110
2023-05-11 09:34:50,PK401P8800,PK401P8800,175.5,0.0,0.0,0.0,10,57.5,803.5,10,175.5,0.0,0.0,0.0,0.0,0.0,110
2023-05-11 09:34:51,PK401P8800,PK401P8800,175.5,0.0,0.0,0.0,10,57.5,802.0,1,175.5,0.0,0.0,0.0,0.0,0.0,110
2023-05-11 09:34:51,PK401P8800,PK401P8800,175.5,0.0,0.0,0.0,10,57.5,801.5,10,175.5,0.0,0.0,0.0,0.0,0.0,110
2023-05-11 09:34:52,PK401P8800,PK401P8800,175.5,0.0,0.0,0.0,10,57.5,800.0,1,175.5,0.0,0.0,0.0,0.0,0.0,110
2023-05-11 09:34:52,PK401P8800,PK401P8800,175.5,0.0,0.0,0.0,10,57.5,799.5,10,175.5,0.0,0.0,0.0,0.0,0.0,110
2023-05-11 09:34:53,PK401P8800,PK401P8800,175.5,0.0,0.0,0.0,10,57.5,798.0,1,175.5,0.0,0.0,0.0,0.0,0.0,110
2023-05-11 09:34:53,PK401P8800,PK401P8800,175.5,0.0,0.0,0.0,10,57.5,797.5,10,175.5,0.0,0.0,0.0,0.0,0.0,110
2023-05-11 09:34:54,PK401P8800,PK401P8800,175.5,0.0,0.0,0.0,10,57.5,796.0,1,175.5,0.0,0.0,0.0,0.0,0.0,110
2023-05-11 09:35:49,PK401P8800,PK401P8800,175.5,0.0,0.0,0.0,10,57.5,795.5,10,175.5,0.0,0.0,0.0,0.0,0.0,110
2023-05-11 09:35:49,PK401P8800,PK401P8800,175.5,0.0,0.0,0.0,10,57.5,794.0,1,175.5,0.0,0.0,0.0,0.0,0.0,110
2023-05-11 09:35:50,PK401P8800,PK401P8800,175.5,0.0,0.0,0.0,10,57.5,793.5,10,175.5,0.0,0.0,0.0,0.0,0.0,110
2023-05-11 09:35:51,PK401P8800,PK401P8800,175.5,0.0,0.0,0.0,10,57.5,792.0,1,175.5,0.0,0.0,0.0,0.0,0.0,110
2023-05-11 09:35:52,PK401P8800,PK401P8800,175.5,0.0,0.0,0.0,10,57.5,791.5,10,175.5,0.0,0.0,0.0,0.0,0.0,110
2023-05-11 09:35:55,PK401P8800,PK401P8800,175.5,0.0,0.0,0.0,10,57.5,790.0,1,175.5,0.0,0.0,0.0,0.0,0.0,110
2023-05-11 09:35:56,PK401P8800,PK401P8800,175.5,0.0,0.0,0.0,10,57.5,789.5,10,175.5,0.0,0.0,0.0,0.0,0.0,110
2023-05-11 09:35:56,PK401P8800,PK401P8800,175.5,0.0,0.0,0.0,10,57.5,788.0,1,175.5,0.0,0.0,0.0,0.0,0.0,110
2023-05-11 09:36:33,PK401P8800,PK401P8800,175.5,0.0,0.0,0.0,10,57.5,787.5,10,175.5,0.0,0.0,0.0,0.0,0.0,110
2023-05-11 09:36:33,PK401P8800,PK401P8800,175.5,0.0,0.0,0.0,10,57.5,786.0,1,175.5,0.0,0.0,0.0,0.0,0.0,110
2023-05-11 09:36:36,PK401P8800,PK401P8800,175.5,0.0,0.0,0.0,10,57.5,785.5,10,175.5,0.0,0.0,0.0,0.0,0.0,110
2023-05-11 09:36:36,PK401P8800,PK401P8800,175.5,0.0,0.0,0.0,10,57.5,784.0,1,175.5,0.0,0.0,0.0,0.0,0.0,110
2023-05-11 09:36:37,PK401P8800,PK401P8800,175.5,0.0,0.0,0.0,10,57.5,783.5,10,175.5,0.0,0.0,0.0,0.0,0.0,110
2023-05-11 09:36:37,PK401P8800,PK401P8800,175.5,0.0,0.0,0.0,10,57.5,782.0,1,175.5,0.0,0.0,0.0,0.0,0.0,110
2023-05-11 09:36:38,PK401P8800,PK401P8800,175.5,0.0,0.0,0.0,10,57.5,781.5,10,175.5,0.0,0.0,0.0,0.0,0.0,110
2023-05-11 09:36:38,PK401P8800,PK401P8800,175.5,0.0,0.0,0.0,10,57.5,780.0,1,175.5,0.0,0.0,0.0,0.0,0.0,110
2023-05-11 09:36:39,PK401P8800,PK401P8800,175.5,0.0,0.0,0.0,10,57.5,779.5,10,175.5,0.0,0.0,0.0,0.0,0.0,110
2023-05-11 09:36:44,PK401P8800,PK401P8800,175.5,0.0,0.0,0.0,10,57.5,778.0,1,175.5,0.0,0.0,0.0,0.0,0.0,110
2023-05-11 09:38:22,PK401P8800,PK401P8800,175.5,0.0,0.0,0.0,10,57.5,777.5,10,175.5,0.0,0.0,0.0,0.0,0.0,110
2023-05-11 09:38:22,PK401P8800,PK401P8800,175.5,0.0,0.0,0.0,10,57.5,776.0,1,175.5,0.0,0.0,0.0,0.0,0.0,110
2023-05-11 09:38:44,PK401P8800,PK401P8800,175.5,0.0,0.0,0.0,10,57.5,775.5,10,175.5,0.0,0.0,0.0,0.0,0.0,110
2023-05-11 09:38:44,PK401P8800,PK401P8800,175.5,0.0,0.0,0.0,10,57.5,774.0,1,175.5,0.0,0.0,0.0,0.0,0.0,110
2023-05-11 09:38:45,PK401P8800,PK401P8800,175.5,0.0,0.0,0.0,10,57.5,773.5,10,175.5,0.0,0.0,0.0,0.0,0.0,110
2023-05-11 09:38:47,PK401P8800,PK401P8800,175.5,0.0,0.0,0.0,10,57.5,772.0,1,175.5,0.0,0.0,0.0,0.0,0.0,110
2023-05-11 09:38:48,PK401P8800,PK401P8800,175.5,0.0,0.0,0.0,10,57.5,771.5,10,175.5,0.0,0.0,0.0,0.0,0.0,110
2023-05-11 09:38:48,PK401P8800,PK401P8800,175.5,0.0,0.0,0.0,10,57.5,770.0,1,175.5,0.0,0.0,0.0,0.0,0.0,110
2023-05-11 09:39:31,PK401P8800,PK401P8800,175.5,0.0,0.0,0.0,10,57.5,769.5,10,175.5,0.0,0.0,0.0,0.0,0.0,110
2023-05-11 09:39:31,PK401P8800,PK401P8800,175.5,0.0,0.0,0.0,10,57.5,768.0,1,175.5,0.0,0.0,0.0,0.0,0.0,110
2023-05-11 09:39:31,PK401P8800,PK401P8800,175.5,0.0,0.0,0.0,10,57.5,769.5,10,175.5,0.0,0.0,0.0,0.0,0.0,110
2023-05-11 09:39:31,PK401P8800,PK401P8800,175.5,0.0,0.0,0.0,10,57.5,768.0,1,175.5,0.0,0.0,0.0,0.0,0.0,110
2023-05-11 09:39:36,PK401P8800,PK401P8800,175.5,0.0,0.0,0.0,10,57.5,767.5,10,175.5,0.0,0.0,0.0,0.0,0.0,110
2023-05-11 09:39:36,PK401P8800,PK401P8800,175.5,0.0,0.0,0.0,10,57.5,766.0,1,175.5,0.0,0.0,0.0,0.0,0.0,110
2023-05-11 09:40:29,PK401P8800,PK401P8800,175.5,0.0,0.0,0.0,10,57.5,765.5,10,175.5,0.0,0.0,0.0,0.0,0.0,110
2023-05-11 09:40:30,PK401P8800,PK401P8800,175.5,0.0,0.0,0.0,10,57.5,764.0,1,175.5,0.0,0.0,0.0,0.0,0.0,110
2023-05-11 09:40:30,PK401P8800,PK401P8800,175.5,0.0,0.0,0.0,10,57.5,763.5,10,175.5,0.0,0.0,0.0,0.0,0.0,110
2023-05-11 09:40:32,PK401P8800,PK401P8800,175.5,0.0,0.0,0.0,10,57.5,762.0,1,175.5,0.0,0.0,0.0,0.0,0.0,110
2023-05-11 09:40:33,PK401P8800,PK401P8800,175.5,0.0,0.0,0.0,10,57.5,761.5,10,175.5,0.0,0.0,0.0,0.0,0.0,110
2023-05-11 09:40:33,PK401P8800,PK401P8800,175.5,0.0,0.0,0.0,10,57.5,760.0,1,175.5,0.0,0.0,0.0,0.0,0.0,110
2023-05-11 09:40:34,PK401P8800,PK401P8800,175.5,0.0,0.0,0.0,10,57.5,759.5,10,175.5,0.0,0.0,0.0,0.0,0.0,110
2023-05-11 09:40:36,PK401P8800,PK401P8800,175.5,0.0,0.0,0.0,10,57.5,757.5,10,175.5,0.0,0.0,0.0,0.0,0.0,110
2023-05-11 09:40:38,PK401P8800,PK401P8800,175.5,0.0,0.0,0.0,10,57.5,756.0,1,175.5,0.0,0.0,0.0,0.0,0.0,110
2023-05-11 09:40:38,PK401P8800,PK401P8800,175.5,0.0,0.0,0.0,10,57.5,755.5,10,175.5,0.0,0.0,0.0,0.0,0.0,110
2023-05-11 09:40:40,PK401P8800,PK401P8800,175.5,0.0,0.0,0.0,10,57.5,754.0,1,175.5,0.0,0.0,0.0,0.0,0.0,110
2023-05-11 09:41:18,PK401P8800,PK401P8800,175.5,0.0,0.0,0.0,10,57.5,753.5,10,175.5,0.0,0.0,0.0,0.0,0.0,110
2023-05-11 09:41:18,PK401P8800,PK401P8800,175.5,0.0,0.0,0.0,10,59.5,751.5,10,175.5,0.0,0.0,0.0,0.0,0.0,110
2023-05-11 09:41:21,PK401P8800,PK401P8800,175.5,0.0,0.0,0.0,10,59.5,750.0,1,175.5,0.0,0.0,0.0,0.0,0.0,110
2023-05-11 09:41:21,PK401P8800,PK401P8800,175.5,0.0,0.0,0.0,10,59.5,749.5,10,175.5,0.0,0.0,0.0,0.0,0.0,110
2023-05-11 09:41:22,PK401P8800,PK401P8800,175.5,0.0,0.0,0.0,10,59.5,748.0,1,175.5,0.0,0.0,0.0,0.0,0.0,110
2023-05-11 09:41:22,PK401P8800,PK401P8800,175.5,0.0,0.0,0.0,10,59.5,747.5,10,175.5,0.0,0.0,0.0,0.0,0.0,110
2023-05-11 09:41:23,PK401P8800,PK401P8800,175.5,0.0,0.0,0.0,10,59.5,746.0,1,175.5,0.0,0.0,0.0,0.0,0.0,110
2023-05-11 09:41:24,PK401P8800,PK401P8800,175.5,0.0,0.0,0.0,10,59.5,745.5,10,175.5,0.0,0.0,0.0,0.0,0.0,110
2023-05-11 09:41:25,PK401P8800,PK401P8800,175.5,0.0,0.0,0.0,10,59.5,744.0,1,175.5,0.0,0.0,0.0,0.0,0.0,110
2023-05-11 09:41:25,PK401P8800,PK401P8800,175.5,0.0,0.0,0.0,10,59.5,743.5,10,175.5,0.0,0.0,0.0,0.0,0.0,110
2023-05-11 09:41:25,PK401P8800,PK401P8800,175.5,0.0,0.0,0.0,10,59.5,742.0,1,175.5,0.0,0.0,0.0,0.0,0.0,110
2023-05-11 09:41:26,PK401P8800,PK401P8800,175.5,0.0,0.0,0.0,10,59.5,741.5,10,175.5,0.0,0.0,0.0,0.0,0.0,110
2023-05-11 09:41:27,PK401P8800,PK401P8800,175.5,0.0,0.0,0.0,10,59.5,740.0,1,175.5,0.0,0.0,0.0,0.0,0.0,110
2023-05-11 09:41:30,PK401P8800,PK401P8800,175.5,0.0,0.0,0.0,10,59.5,739.5,10,175.5,0.0,0.0,0.0,0.0,0.0,110
2023-05-11 09:41:30,PK401P8800,PK401P8800,175.5,0.0,0.0,0.0,10,59.5,738.0,1,175.5,0.0,0.0,0.0,0.0,0.0,110
2023-05-11 09:41:44,PK401P8800,PK401P8800,175.5,0.0,0.0,0.0,10,59.5,737.5,10,175.5,0.0,0.0,0.0,0.0,0.0,110
2023-05-11 09:41:44,PK401P8800,PK401P8800,175.5,0.0,0.0,0.0,10,59.5,736.0,1,175.5,0.0,0.0,0.0,0.0,0.0,110
2023-05-11 09:41:44,PK401P8800,PK401P8800,175.5,0.0,0.0,0.0,10,59.5,735.5,10,175.5,0.0,0.0,0.0,0.0,0.0,110
2023-05-11 09:41:47,PK401P8800,PK401P8800,175.5,0.0,0.0,0.0,10,59.5,734.0,1,175.5,0.0,0.0,0.0,0.0,0.0,110
2023-05-11 09:41:48,PK401P8800,PK401P8800,175.5,0.0,0.0,0.0,10,59.5,733.5,10,175.5,0.0,0.0,0.0,0.0,0.0,110
2023-05-11 09:41:48,PK401P8800,PK401P8800,175.5,0.0,0.0,0.0,10,59.5,732.0,1,175.5,0.0,0.0,0.0,0.0,0.0,110
2023-05-11 09:41:48,PK401P8800,PK401P8800,175.5,0.0,0.0,0.0,10,59.5,731.5,10,175.5,0.0,0.0,0.0,0.0,0.0,110
2023-05-11 09:41:51,PK401P8800,PK401P8800,175.5,0.0,0.0,0.0,10,59.5,730.0,1,175.5,0.0,0.0,0.0,0.0,0.0,110
2023-05-11 09:41:51,PK401P8800,PK401P8800,175.5,0.0,0.0,0.0,10,59.5,729.5,10,175.5,0.0,0.0,0.0,0.0,0.0,110
2023-05-11 09:41:52,PK401P8800,PK401P8800,175.5,0.0,0.0,0.0,10,59.5,728.0,1,175.5,0.0,0.0,0.0,0.0,0.0,110
2023-05-11 09:41:52,PK401P8800,PK401P8800,175.5,0.0,0.0,0.0,10,59.5,727.5,10,175.5,0.0,0.0,0.0,0.0,0.0,110
2023-05-11 09:41:54,PK401P8800,PK401P8800,175.5,0.0,0.0,0.0,10,59.5,726.0,1,175.5,0.0,0.0,0.0,0.0,0.0,110
2023-05-11 09:41:54,PK401P8800,PK401P8800,175.5,0.0,0.0,0.0,10,59.5,725.5,10,175.5,0.0,0.0,0.0,0.0,0.0,110
2023-05-11 09:41:55,PK401P8800,PK401P8800,175.5,0.0,0.0,0.0,10,59.5,724.0,1,175.5,0.0,0.0,0.0,0.0,0.0,110
2023-05-11 09:41:55,PK401P8800,PK401P8800,175.5,0.0,0.0,0.0,10,59.5,723.5,10,175.5,0.0,0.0,0.0,0.0,0.0,110
2023-05-11 09:41:56,PK401P8800,PK401P8800,175.5,0.0,0.0,0.0,10,59.5,722.0,1,175.5,0.0,0.0,0.0,0.0,0.0,110
2023-05-11 09:41:56,PK401P8800,PK401P8800,175.5,0.0,0.0,0.0,10,59.5,721.5,10,175.5,0.0,0.0,0.0,0.0,0.0,110
2023-05-11 09:41:57,PK401P8800,PK401P8800,175.5,0.0,0.0,0.0,10,59.5,720.0,1,175.5,0.0,0.0,0.0,0.0,0.0,110
2023-05-11 09:41:57,PK401P8800,PK401P8800,175.5,0.0,0.0,0.0,10,59.5,719.5,10,175.5,0.0,0.0,0.0,0.0,0.0,110
2023-05-11 09:41:58,PK401P8800,PK401P8800,175.5,0.0,0.0,0.0,10,59.5,718.0,1,175.5,0.0,0.0,0.0,0.0,0.0,110
2023-05-11 09:41:58,PK401P8800,PK401P8800,175.5,0.0,0.0,0.0,10,59.5,717.5,10,175.5,0.0,0.0,0.0,0.0,0.0,110
2023-05-11 09:41:59,PK401P8800,PK401P8800,175.5,0.0,0.0,0.0,10,59.5,716.0,1,175.5,0.0,0.0,0.0,0.0,0.0,110
2023-05-11 09:41:59,PK401P8800,PK401P8800,175.5,0.0,0.0,0.0,10,59.5,715.5,10,175.5,0.0,0.0,0.0,0.0,0.0,110
2023-05-11 09:42:00,PK401P8800,PK401P8800,175.5,0.0,0.0,0.0,10,59.5,714.0,1,175.5,0.0,0.0,0.0,0.0,0.0,110
2023-05-11 09:42:00,PK401P8800,PK401P8800,175.5,0.0,0.0,0.0,10,59.5,713.5,10,175.5,0.0,0.0,0.0,0.0,0.0,110
2023-05-11 09:42:01,PK401P8800,PK401P8800,175.5,0.0,0.0,0.0,10,59.5,712.0,1,175.5,0.0,0.0,0.0,0.0,0.0,110
2023-05-11 09:42:01,PK401P8800,PK401P8800,175.5,0.0,0.0,0.0,10,59.5,711.5,10,175.5,0.0,0.0,0.0,0.0,0.0,110
2023-05-11 09:42:04,PK401P8800,PK401P8800,175.5,0.0,0.0,0.0,10,59.5,710.0,1,175.5,0.0,0.0,0.0,0.0,0.0,110
2023-05-11 09:42:04,PK401P8800,PK401P8800,175.5,0.0,0.0,0.0,10,59.5,709.5,10,175.5,0.0,0.0,0.0,0.0,0.0,110
2023-05-11 09:42:05,PK401P8800,PK401P8800,175.5,0.0,0.0,0.0,10,59.5,708.0,1,175.5,0.0,0.0,0.0,0.0,0.0,110
2023-05-11 09:42:05,PK401P8800,PK401P8800,175.5,0.0,0.0,0.0,10,59.5,707.5,10,175.5,0.0,0.0,0.0,0.0,0.0,110
2023-05-11 09:42:06,PK401P8800,PK401P8800,175.5,0.0,0.0,0.0,10,59.5,706.0,1,175.5,0.0,0.0,0.0,0.0,0.0,110
2023-05-11 09:42:07,PK401P8800,PK401P8800,175.5,0.0,0.0,0.0,10,59.5,705.5,10,175.5,0.0,0.0,0.0,0.0,0.0,110
2023-05-11 09:42:07,PK401P8800,PK401P8800,175.5,0.0,0.0,0.0,10,59.5,704.0,1,175.5,0.0,0.0,0.0,0.0,0.0,110
2023-05-11 09:42:07,PK401P8800,PK401P8800,175.5,0.0,0.0,0.0,10,59.5,703.5,10,175.5,0.0,0.0,0.0,0.0,0.0,110
2023-05-11 09:42:08,PK401P8800,PK401P8800,175.5,0.0,0.0,0.0,10,59.5,702.0,1,175.5,0.0,0.0,0.0,0.0,0.0,110
2023-05-11 09:42:08,PK401P8800,PK401P8800,175.5,0.0,0.0,0.0,10,59.5,701.5,10,175.5,0.0,0.0,0.0,0.0,0.0,110
2023-05-11 09:42:09,PK401P8800,PK401P8800,175.5,0.0,0.0,0.0,10,59.5,700.0,1,175.5,0.0,0.0,0.0,0.0,0.0,110
2023-05-11 09:42:10,PK401P8800,PK401P8800,175.5,0.0,0.0,0.0,10,59.5,699.5,10,175.5,0.0,0.0,0.0,0.0,0.0,110
2023-05-11 09:42:10,PK401P8800,PK401P8800,175.5,0.0,0.0,0.0,10,59.5,698.0,1,175.5,0.0,0.0,0.0,0.0,0.0,110
2023-05-11 09:42:11,PK401P8800,PK401P8800,175.5,0.0,0.0,0.0,10,59.5,697.5,10,175.5,0.0,0.0,0.0,0.0,0.0,110
2023-05-11 09:42:12,PK401P8800,PK401P8800,175.5,0.0,0.0,0.0,10,59.5,696.0,1,175.5,0.0,0.0,0.0,0.0,0.0,110
2023-05-11 09:42:12,PK401P8800,PK401P8800,175.5,0.0,0.0,0.0,10,59.5,695.5,10,175.5,0.0,0.0,0.0,0.0,0.0,110
2023-05-11 09:42:13,PK401P8800,PK401P8800,175.5,0.0,0.0,0.0,10,59.5,694.0,1,175.5,0.0,0.0,0.0,0.0,0.0,110
2023-05-11 09:42:13,PK401P8800,PK401P8800,175.5,0.0,0.0,0.0,10,59.5,693.5,10,175.5,0.0,0.0,0.0,0.0,0.0,110
2023-05-11 09:42:14,PK401P8800,PK401P8800,175.5,0.0,0.0,0.0,10,59.5,692.0,1,175.5,0.0,0.0,0.0,0.0,0.0,110
2023-05-11 09:42:14,PK401P8800,PK401P8800,175.5,0.0,0.0,0.0,10,59.5,691.5,10,175.5,0.0,0.0,0.0,0.0,0.0,110
2023-05-11 09:42:15,PK401P8800,PK401P8800,175.5,0.0,0.0,0.0,10,59.5,690.0,1,175.5,0.0,0.0,0.0,0.0,0.0,110
2023-05-11 09:42:15,PK401P8800,PK401P8800,175.5,0.0,0.0,0.0,10,59.5,689.5,10,175.5,0.0,0.0,0.0,0.0,0.0,110
2023-05-11 09:42:16,PK401P8800,PK401P8800,175.5,0.0,0.0,0.0,10,59.5,688.0,1,175.5,0.0,0.0,0.0,0.0,0.0,110
2023-05-11 09:42:17,PK401P8800,PK401P8800,175.5,0.0,0.0,0.0,10,59.5,687.5,10,175.5,0.0,0.0,0.0,0.0,0.0,110
2023-05-11 09:42:17,PK401P8800,PK401P8800,175.5,0.0,0.0,0.0,10,59.5,686.0,1,175.5,0.0,0.0,0.0,0.0,0.0,110
2023-05-11 09:42:18,PK401P8800,PK401P8800,175.5,0.0,0.0,0.0,10,59.5,685.5,10,175.5,0.0,0.0,0.0,0.0,0.0,110
2023-05-11 09:42:18,PK401P8800,PK401P8800,175.5,0.0,0.0,0.0,10,59.5,684.0,1,175.5,0.0,0.0,0.0,0.0,0.0,110
2023-05-11 09:42:19,PK401P8800,PK401P8800,175.5,0.0,0.0,0.0,10,59.5,683.5,10,175.5,0.0,0.0,0.0,0.0,0.0,110
2023-05-11 09:42:19,PK401P8800,PK401P8800,175.5,0.0,0.0,0.0,10,59.5,682.0,1,175.5,0.0,0.0,0.0,0.0,0.0,110
2023-05-11 09:42:20,PK401P8800,PK401P8800,175.5,0.0,0.0,0.0,10,59.5,681.5,10,175.5,0.0,0.0,0.0,0.0,0.0,110
2023-05-11 09:42:20,PK401P8800,PK401P8800,175.5,0.0,0.0,0.0,10,59.5,680.0,1,175.5,0.0,0.0,0.0,0.0,0.0,110
2023-05-11 09:42:55,PK401P8800,PK401P8800,175.5,0.0,0.0,0.0,1,61.0,679.5,10,175.5,0.0,0.0,0.0,0.0,0.0,110
2023-05-11 09:42:55,PK401P8800,PK401P8800,175.5,0.0,0.0,0.0,10,61.5,678.0,1,175.5,0.0,0.0,0.0,0.0,0.0,110
2023-05-11 09:42:55,PK401P8800,PK401P8800,175.5,0.0,0.0,0.0,10,61.5,677.5,10,175.5,0.0,0.0,0.0,0.0,0.0,110
2023-05-11 09:42:56,PK401P8800,PK401P8800,175.5,0.0,0.0,0.0,10,61.5,676.0,1,175.5,0.0,0.0,0.0,0.0,0.0,110
2023-05-11 09:42:56,PK401P8800,PK401P8800,175.5,0.0,0.0,0.0,10,61.5,675.5,10,175.5,0.0,0.0,0.0,0.0,0.0,110
2023-05-11 09:42:57,PK401P8800,PK401P8800,175.5,0.0,0.0,0.0,10,61.5,674.0,1,175.5,0.0,0.0,0.0,0.0,0.0,110
2023-05-11 09:42:57,PK401P8800,PK401P8800,175.5,0.0,0.0,0.0,10,61.5,673.5,10,175.5,0.0,0.0,0.0,0.0,0.0,110
2023-05-11 09:42:58,PK401P8800,PK401P8800,175.5,0.0,0.0,0.0,10,61.5,672.0,1,175.5,0.0,0.0,0.0,0.0,0.0,110
2023-05-11 09:42:58,PK401P8800,PK401P8800,175.5,0.0,0.0,0.0,10,61.5,671.5,10,175.5,0.0,0.0,0.0,0.0,0.0,110
2023-05-11 09:42:59,PK401P8800,PK401P8800,175.5,0.0,0.0,0.0,10,61.5,670.0,1,175.5,0.0,0.0,0.0,0.0,0.0,110
2023-05-11 09:43:37,PK401P8800,PK401P8800,175.5,0.0,0.0,0.0,10,61.5,669.5,10,175.5,0.0,0.0,0.0,0.0,0.0,110
2023-05-11 09:43:38,PK401P8800,PK401P8800,175.5,0.0,0.0,0.0,10,61.5,668.0,1,175.5,0.0,0.0,0.0,0.0,0.0,110
2023-05-11 09:43:38,PK401P8800,PK401P8800,175.5,0.0,0.0,0.0,10,61.5,667.5,10,175.5,0.0,0.0,0.0,0.0,0.0,110
2023-05-11 09:43:41,PK401P8800,PK401P8800,175.5,0.0,0.0,0.0,10,61.5,666.0,1,175.5,0.0,0.0,0.0,0.0,0.0,110
2023-05-11 09:43:41,PK401P8800,PK401P8800,175.5,0.0,0.0,0.0,10,61.5,665.5,10,175.5,0.0,0.0,0.0,0.0,0.0,110
2023-05-11 09:43:41,PK401P8800,PK401P8800,175.5,0.0,0.0,0.0,10,61.5,664.0,1,175.5,0.0,0.0,0.0,0.0,0.0,110
2023-05-11 09:43:42,PK401P8800,PK401P8800,175.5,0.0,0.0,0.0,10,61.5,663.5,10,175.5,0.0,0.0,0.0,0.0,0.0,110
2023-05-11 09:43:42,PK401P8800,PK401P8800,175.5,0.0,0.0,0.0,10,61.5,662.0,1,175.5,0.0,0.0,0.0,0.0,0.0,110
2023-05-11 09:43:43,PK401P8800,PK401P8800,175.5,0.0,0.0,0.0,10,61.5,661.5,10,175.5,0.0,0.0,0.0,0.0,0.0,110
2023-05-11 09:43:43,PK401P8800,PK401P8800,175.5,0.0,0.0,0.0,10,61.5,660.0,1,175.5,0.0,0.0,0.0,0.0,0.0,110
2023-05-11 09:43:44,PK401P8800,PK401P8800,175.5,0.0,0.0,0.0,10,61.5,659.5,10,175.5,0.0,0.0,0.0,0.0,0.0,110
2023-05-11 09:43:44,PK401P8800,PK401P8800,175.5,0.0,0.0,0.0,10,61.5,658.0,1,175.5,0.0,0.0,0.0,0.0,0.0,110
2023-05-11 09:43:45,PK401P8800,PK401P8800,175.5,0.0,0.0,0.0,10,61.5,657.5,10,175.5,0.0,0.0,0.0,0.0,0.0,110
2023-05-11 09:43:45,PK401P8800,PK401P8800,175.5,0.0,0.0,0.0,10,61.5,656.0,1,175.5,0.0,0.0,0.0,0.0,0.0,110
2023-05-11 09:43:46,PK401P8800,PK401P8800,175.5,0.0,0.0,0.0,10,61.5,655.5,10,175.5,0.0,0.0,0.0,0.0,0.0,110
2023-05-11 09:43:46,PK401P8800,PK401P8800,175.5,0.0,0.0,0.0,10,61.5,654.0,1,175.5,0.0,0.0,0.0,0.0,0.0,110
2023-05-11 09:43:47,PK401P8800,PK401P8800,175.5,0.0,0.0,0.0,10,61.5,653.5,10,175.5,0.0,0.0,0.0,0.0,0.0,110
2023-05-11 09:43:48,PK401P8800,PK401P8800,175.5,0.0,0.0,0.0,10,61.5,652.0,1,175.5,0.0,0.0,0.0,0.0,0.0,110
2023-05-11 09:43:48,PK401P8800,PK401P8800,175.5,0.0,0.0,0.0,10,61.5,651.5,10,175.5,0.0,0.0,0.0,0.0,0.0,110
2023-05-11 09:43:48,PK401P8800,PK401P8800,175.5,0.0,0.0,0.0,10,61.5,650.0,1,175.5,0.0,0.0,0.0,0.0,0.0,110
2023-05-11 09:43:49,PK401P8800,PK401P8800,175.5,0.0,0.0,0.0,10,61.5,649.5,10,175.5,0.0,0.0,0.0,0.0,0.0,110
2023-05-11 09:43:49,PK401P8800,PK401P8800,175.5,0.0,0.0,0.0,10,61.5,648.0,1,175.5,0.0,0.0,0.0,0.0,0.0,110
2023-05-11 09:43:50,PK401P8800,PK401P8800,175.5,0.0,0.0,0.0,10,61.5,647.5,10,175.5,0.0,0.0,0.0,0.0,0.0,110
2023-05-11 09:43:51,PK401P8800,PK401P8800,175.5,0.0,0.0,0.0,10,61.5,646.0,1,175.5,0.0,0.0,0.0,0.0,0.0,110
2023-05-11 09:43:51,PK401P8800,PK401P8800,175.5,0.0,0.0,0.0,10,61.5,645.5,10,175.5,0.0,0.0,0.0,0.0,0.0,110
2023-05-11 09:43:53,PK401P8800,PK401P8800,175.5,0.0,0.0,0.0,10,61.5,644.0,1,175.5,0.0,0.0,0.0,0.0,0.0,110
2023-05-11 09:43:53,PK401P8800,PK401P8800,175.5,0.0,0.0,0.0,10,61.5,643.5,10,175.5,0.0,0.0,0.0,0.0,0.0,110
2023-05-11 09:43:54,PK401P8800,PK401P8800,175.5,0.0,0.0,0.0,10,61.5,642.0,1,175.5,0.0,0.0,0.0,0.0,0.0,110
2023-05-11 09:43:55,PK401P8800,PK401P8800,175.5,0.0,0.0,0.0,1,63.0,641.5,10,175.5,0.0,0.0,0.0,0.0,0.0,110
2023-05-11 09:43:55,PK401P8800,PK401P8800,175.5,0.0,0.0,0.0,10,63.5,640.0,1,175.5,0.0,0.0,0.0,0.0,0.0,110
2023-05-11 09:43:56,PK401P8800,PK401P8800,175.5,0.0,0.0,0.0,10,63.5,639.5,10,175.5,0.0,0.0,0.0,0.0,0.0,110
2023-05-11 09:43:57,PK401P8800,PK401P8800,175.5,0.0,0.0,0.0,10,63.5,638.0,1,175.5,0.0,0.0,0.0,0.0,0.0,110
2023-05-11 09:43:57,PK401P8800,PK401P8800,175.5,0.0,0.0,0.0,10,63.5,637.5,10,175.5,0.0,0.0,0.0,0.0,0.0,110
2023-05-11 09:43:58,PK401P8800,PK401P8800,175.5,0.0,0.0,0.0,10,63.5,636.0,1,175.5,0.0,0.0,0.0,0.0,0.0,110
2023-05-11 09:43:59,PK401P8800,PK401P8800,175.5,0.0,0.0,0.0,10,63.5,635.5,10,175.5,0.0,0.0,0.0,0.0,0.0,110
2023-05-11 09:43:59,PK401P8800,PK401P8800,175.5,0.0,0.0,0.0,10,63.5,634.0,1,175.5,0.0,0.0,0.0,0.0,0.0,110
2023-05-11 09:44:00,PK401P8800,PK401P8800,175.5,0.0,0.0,0.0,10,63.5,633.5,10,175.5,0.0,0.0,0.0,0.0,0.0,110
2023-05-11 09:44:00,PK401P8800,PK401P8800,175.5,0.0,0.0,0.0,10,63.5,632.0,1,175.5,0.0,0.0,0.0,0.0,0.0,110
2023-05-11 09:44:01,PK401P8800,PK401P8800,175.5,0.0,0.0,0.0,10,63.5,631.5,10,175.5,0.0,0.0,0.0,0.0,0.0,110
2023-05-11 09:44:01,PK401P8800,PK401P8800,175.5,0.0,0.0,0.0,10,63.5,630.0,1,175.5,0.0,0.0,0.0,0.0,0.0,110
2023-05-11 09:44:02,PK401P8800,PK401P8800,175.5,0.0,0.0,0.0,10,63.5,629.5,10,175.5,0.0,0.0,0.0,0.0,0.0,110
2023-05-11 09:44:03,PK401P8800,PK401P8800,175.5,0.0,0.0,0.0,10,63.5,628.0,1,175.5,0.0,0.0,0.0,0.0,0.0,110
2023-05-11 09:44:03,PK401P8800,PK401P8800,175.5,0.0,0.0,0.0,10,63.5,627.5,10,175.5,0.0,0.0,0.0,0.0,0.0,110
2023-05-11 09:44:05,PK401P8800,PK401P8800,175.5,0.0,0.0,0.0,10,63.5,626.0,1,175.5,0.0,0.0,0.0,0.0,0.0,110
2023-05-11 09:44:05,PK401P8800,PK401P8800,175.5,0.0,0.0,0.0,10,63.5,625.5,10,175.5,0.0,0.0,0.0,0.0,0.0,110
2023-05-11 09:44:06,PK401P8800,PK401P8800,175.5,0.0,0.0,0.0,10,63.5,624.0,1,175.5,0.0,0.0,0.0,0.0,0.0,110
2023-05-11 09:44:06,PK401P8800,PK401P8800,175.5,0.0,0.0,0.0,10,63.5,623.5,10,175.5,0.0,0.0,0.0,0.0,0.0,110
2023-05-11 09:44:07,PK401P8800,PK401P8800,175.5,0.0,0.0,0.0,10,63.5,622.0,1,175.5,0.0,0.0,0.0,0.0,0.0,110
2023-05-11 09:44:08,PK401P8800,PK401P8800,175.5,0.0,0.0,0.0,10,63.5,621.5,10,175.5,0.0,0.0,0.0,0.0,0.0,110
2023-05-11 09:44:08,PK401P8800,PK401P8800,175.5,0.0,0.0,0.0,10,63.5,620.0,1,175.5,0.0,0.0,0.0,0.0,0.0,110
2023-05-11 09:44:09,PK401P8800,PK401P8800,175.5,0.0,0.0,0.0,10,63.5,619.5,10,175.5,0.0,0.0,0.0,0.0,0.0,110
2023-05-11 09:44:09,PK401P8800,PK401P8800,175.5,0.0,0.0,0.0,10,63.5,618.0,1,175.5,0.0,0.0,0.0,0.0,0.0,110
2023-05-11 09:44:10,PK401P8800,PK401P8800,175.5,0.0,0.0,0.0,10,63.5,617.5,10,175.5,0.0,0.0,0.0,0.0,0.0,110
2023-05-11 09:44:10,PK401P8800,PK401P8800,175.5,0.0,0.0,0.0,10,63.5,616.0,1,175.5,0.0,0.0,0.0,0.0,0.0,110
2023-05-11 09:44:11,PK401P8800,PK401P8800,175.5,0.0,0.0,0.0,10,63.5,615.5,10,175.5,0.0,0.0,0.0,0.0,0.0,110
2023-05-11 09:44:11,PK401P8800,PK401P8800,175.5,0.0,0.0,0.0,10,63.5,614.0,1,175.5,0.0,0.0,0.0,0.0,0.0,110
2023-05-11 09:44:12,PK401P8800,PK401P8800,175.5,0.0,0.0,0.0,10,63.5,613.5,10,175.5,0.0,0.0,0.0,0.0,0.0,110
2023-05-11 09:44:12,PK401P8800,PK401P8800,175.5,0.0,0.0,0.0,10,63.5,612.0,1,175.5,0.0,0.0,0.0,0.0,0.0,110
2023-05-11 09:44:13,PK401P8800,PK401P8800,175.5,0.0,0.0,0.0,10,63.5,611.5,10,175.5,0.0,0.0,0.0,0.0,0.0,110
2023-05-11 09:44:13,PK401P8800,PK401P8800,175.5,0.0,0.0,0.0,10,63.5,610.0,1,175.5,0.0,0.0,0.0,0.0,0.0,110
2023-05-11 09:44:14,PK401P8800,PK401P8800,175.5,0.0,0.0,0.0,10,63.5,609.5,10,175.5,0.0,0.0,0.0,0.0,0.0,110
2023-05-11 09:44:15,PK401P8800,PK401P8800,175.5,0.0,0.0,0.0,10,63.5,608.0,1,175.5,0.0,0.0,0.0,0.0,0.0,110
2023-05-11 09:44:15,PK401P8800,PK401P8800,175.5,0.0,0.0,0.0,10,63.5,607.5,10,175.5,0.0,0.0,0.0,0.0,0.0,110
2023-05-11 09:44:16,PK401P8800,PK401P8800,175.5,0.0,0.0,0.0,10,63.5,606.0,1,175.5,0.0,0.0,0.0,0.0,0.0,110
2023-05-11 09:44:16,PK401P8800,PK401P8800,175.5,0.0,0.0,0.0,10,63.5,605.5,10,175.5,0.0,0.0,0.0,0.0,0.0,110
2023-05-11 09:44:16,PK401P8800,PK401P8800,175.5,0.0,0.0,0.0,10,63.5,604.0,1,175.5,0.0,0.0,0.0,0.0,0.0,110
2023-05-11 09:44:17,PK401P8800,PK401P8800,175.5,0.0,0.0,0.0,10,63.5,603.5,10,175.5,0.0,0.0,0.0,0.0,0.0,110
2023-05-11 09:44:18,PK401P8800,PK401P8800,175.5,0.0,0.0,0.0,10,63.5,602.0,1,175.5,0.0,0.0,0.0,0.0,0.0,110
2023-05-11 09:44:18,PK401P8800,PK401P8800,175.5,0.0,0.0,0.0,10,63.5,601.5,10,175.5,0.0,0.0,0.0,0.0,0.0,110
2023-05-11 09:44:19,PK401P8800,PK401P8800,175.5,0.0,0.0,0.0,10,63.5,600.0,1,175.5,0.0,0.0,0.0,0.0,0.0,110
2023-05-11 09:44:19,PK401P8800,PK401P8800,175.5,0.0,0.0,0.0,10,63.5,599.5,10,175.5,0.0,0.0,0.0,0.0,0.0,110
2023-05-11 09:44:19,PK401P8800,PK401P8800,175.5,0.0,0.0,0.0,10,63.5,598.0,1,175.5,0.0,0.0,0.0,0.0,0.0,110
2023-05-11 09:44:20,PK401P8800,PK401P8800,175.5,0.0,0.0,0.0,10,63.5,597.5,10,175.5,0.0,0.0,0.0,0.0,0.0,110
2023-05-11 09:44:20,PK401P8800,PK401P8800,175.5,0.0,0.0,0.0,10,63.5,596.0,1,175.5,0.0,0.0,0.0,0.0,0.0,110
2023-05-11 09:44:21,PK401P8800,PK401P8800,175.5,0.0,0.0,0.0,10,63.5,595.5,10,175.5,0.0,0.0,0.0,0.0,0.0,110
2023-05-11 09:44:21,PK401P8800,PK401P8800,175.5,0.0,0.0,0.0,10,63.5,594.0,1,175.5,0.0,0.0,0.0,0.0,0.0,110
2023-05-11 09:44:22,PK401P8800,PK401P8800,175.5,0.0,0.0,0.0,10,63.5,593.5,10,175.5,0.0,0.0,0.0,0.0,0.0,110
2023-05-11 09:44:22,PK401P8800,PK401P8800,175.5,0.0,0.0,0.0,10,63.5,592.0,1,175.5,0.0,0.0,0.0,0.0,0.0,110
2023-05-11 09:44:23,PK401P8800,PK401P8800,175.5,0.0,0.0,0.0,10,63.5,591.5,10,175.5,0.0,0.0,0.0,0.0,0.0,110
2023-05-11 09:44:23,PK401P8800,PK401P8800,175.5,0.0,0.0,0.0,10,63.5,590.0,1,175.5,0.0,0.0,0.0,0.0,0.0,110
2023-05-11 09:44:24,PK401P8800,PK401P8800,175.5,0.0,0.0,0.0,10,63.5,589.5,10,175.5,0.0,0.0,0.0,0.0,0.0,110
2023-05-11 09:44:24,PK401P8800,PK401P8800,175.5,0.0,0.0,0.0,10,63.5,588.0,1,175.5,0.0,0.0,0.0,0.0,0.0,110
2023-05-11 09:44:24,PK401P8800,PK401P8800,175.5,0.0,0.0,0.0,10,63.5,589.5,10,175.5,0.0,0.0,0.0,0.0,0.0,110
2023-05-11 09:44:25,PK401P8800,PK401P8800,175.5,0.0,0.0,0.0,10,63.5,587.5,10,175.5,0.0,0.0,0.0,0.0,0.0,110
2023-05-11 09:44:25,PK401P8800,PK401P8800,175.5,0.0,0.0,0.0,10,63.5,586.0,1,175.5,0.0,0.0,0.0,0.0,0.0,110
2023-05-11 09:44:25,PK401P8800,PK401P8800,175.5,0.0,0.0,0.0,10,63.5,587.5,10,175.5,0.0,0.0,0.0,0.0,0.0,110
2023-05-11 09:44:25,PK401P8800,PK401P8800,175.5,0.0,0.0,0.0,10,63.5,586.0,1,175.5,0.0,0.0,0.0,0.0,0.0,110
2023-05-11 09:44:26,PK401P8800,PK401P8800,175.5,0.0,0.0,0.0,10,63.5,585.5,10,175.5,0.0,0.0,0.0,0.0,0.0,110
2023-05-11 09:44:26,PK401P8800,PK401P8800,175.5,0.0,0.0,0.0,10,63.5,584.0,1,175.5,0.0,0.0,0.0,0.0,0.0,110
2023-05-11 09:44:27,PK401P8800,PK401P8800,175.5,0.0,0.0,0.0,10,63.5,583.5,10,175.5,0.0,0.0,0.0,0.0,0.0,110
2023-05-11 09:44:27,PK401P8800,PK401P8800,175.5,0.0,0.0,0.0,10,63.5,582.0,1,175.5,0.0,0.0,0.0,0.0,0.0,110
2023-05-11 09:44:28,PK401P8800,PK401P8800,175.5,0.0,0.0,0.0,10,63.5,581.5,10,175.5,0.0,0.0,0.0,0.0,0.0,110
2023-05-11 09:44:28,PK401P8800,PK401P8800,175.5,0.0,0.0,0.0,10,63.5,580.0,1,175.5,0.0,0.0,0.0,0.0,0.0,110
2023-05-11 09:44:29,PK401P8800,PK401P8800,175.5,0.0,0.0,0.0,10,63.5,579.5,10,175.5,0.0,0.0,0.0,0.0,0.0,110
2023-05-11 09:44:29,PK401P8800,PK401P8800,175.5,0.0,0.0,0.0,10,63.5,578.0,1,175.5,0.0,0.0,0.0,0.0,0.0,110
2023-05-11 09:44:30,PK401P8800,PK401P8800,175.5,0.0,0.0,0.0,10,63.5,577.5,10,175.5,0.0,0.0,0.0,0.0,0.0,110
2023-05-11 09:44:31,PK401P8800,PK401P8800,175.5,0.0,0.0,0.0,10,63.5,576.0,1,175.5,0.0,0.0,0.0,0.0,0.0,110
2023-05-11 09:44:31,PK401P8800,PK401P8800,175.5,0.0,0.0,0.0,10,63.5,575.5,10,175.5,0.0,0.0,0.0,0.0,0.0,110
2023-05-11 09:44:31,PK401P8800,PK401P8800,175.5,0.0,0.0,0.0,10,63.5,574.0,1,175.5,0.0,0.0,0.0,0.0,0.0,110
2023-05-11 09:44:32,PK401P8800,PK401P8800,175.5,0.0,0.0,0.0,10,63.5,573.5,10,175.5,0.0,0.0,0.0,0.0,0.0,110
2023-05-11 09:44:33,PK401P8800,PK401P8800,175.5,0.0,0.0,0.0,10,63.5,572.0,1,175.5,0.0,0.0,0.0,0.0,0.0,110
2023-05-11 09:44:33,PK401P8800,PK401P8800,175.5,0.0,0.0,0.0,10,63.5,571.5,10,175.5,0.0,0.0,0.0,0.0,0.0,110
2023-05-11 09:44:33,PK401P8800,PK401P8800,175.5,0.0,0.0,0.0,10,63.5,570.0,1,175.5,0.0,0.0,0.0,0.0,0.0,110
2023-05-11 09:44:34,PK401P8800,PK401P8800,175.5,0.0,0.0,0.0,10,63.5,569.5,10,175.5,0.0,0.0,0.0,0.0,0.0,110
2023-05-11 09:44:34,PK401P8800,PK401P8800,175.5,0.0,0.0,0.0,10,63.5,568.0,1,175.5,0.0,0.0,0.0,0.0,0.0,110
2023-05-11 09:44:35,PK401P8800,PK401P8800,175.5,0.0,0.0,0.0,10,63.5,567.5,10,175.5,0.0,0.0,0.0,0.0,0.0,110
2023-05-11 09:44:35,PK401P8800,PK401P8800,175.5,0.0,0.0,0.0,10,63.5,566.0,1,175.5,0.0,0.0,0.0,0.0,0.0,110
2023-05-11 09:44:36,PK401P8800,PK401P8800,175.5,0.0,0.0,0.0,10,63.5,565.5,10,175.5,0.0,0.0,0.0,0.0,0.0,110
2023-05-11 09:44:36,PK401P8800,PK401P8800,175.5,0.0,0.0,0.0,10,63.5,564.0,1,175.5,0.0,0.0,0.0,0.0,0.0,110
2023-05-11 09:44:37,PK401P8800,PK401P8800,175.5,0.0,0.0,0.0,10,63.5,563.5,10,175.5,0.0,0.0,0.0,0.0,0.0,110
2023-05-11 09:44:37,PK401P8800,PK401P8800,175.5,0.0,0.0,0.0,10,63.5,562.0,1,175.5,0.0,0.0,0.0,0.0,0.0,110
2023-05-11 09:44:38,PK401P8800,PK401P8800,175.5,0.0,0.0,0.0,10,63.5,561.5,10,175.5,0.0,0.0,0.0,0.0,0.0,110
2023-05-11 09:44:38,PK401P8800,PK401P8800,175.5,0.0,0.0,0.0,10,63.5,560.0,1,175.5,0.0,0.0,0.0,0.0,0.0,110
2023-05-11 09:44:39,PK401P8800,PK401P8800,175.5,0.0,0.0,0.0,10,63.5,559.5,10,175.5,0.0,0.0,0.0,0.0,0.0,110
2023-05-11 09:44:39,PK401P8800,PK401P8800,175.5,0.0,0.0,0.0,10,63.5,558.0,1,175.5,0.0,0.0,0.0,0.0,0.0,110
2023-05-11 09:44:40,PK401P8800,PK401P8800,175.5,0.0,0.0,0.0,10,63.5,557.5,10,175.5,0.0,0.0,0.0,0.0,0.0,110
2023-05-11 09:44:40,PK401P8800,PK401P8800,175.5,0.0,0.0,0.0,10,63.5,556.0,1,175.5,0.0,0.0,0.0,0.0,0.0,110
2023-05-11 09:44:41,PK401P8800,PK401P8800,175.5,0.0,0.0,0.0,10,63.5,555.5,10,175.5,0.0,0.0,0.0,0.0,0.0,110
2023-05-11 09:44:41,PK401P8800,PK401P8800,175.5,0.0,0.0,0.0,10,63.5,554.0,1,175.5,0.0,0.0,0.0,0.0,0.0,110
2023-05-11 09:44:42,PK401P8800,PK401P8800,175.5,0.0,0.0,0.0,10,63.5,553.5,10,175.5,0.0,0.0,0.0,0.0,0.0,110
2023-05-11 09:44:42,PK401P8800,PK401P8800,175.5,0.0,0.0,0.0,10,63.5,552.0,1,175.5,0.0,0.0,0.0,0.0,0.0,110
2023-05-11 09:44:43,PK401P8800,PK401P8800,175.5,0.0,0.0,0.0,10,63.5,551.5,10,175.5,0.0,0.0,0.0,0.0,0.0,110
2023-05-11 09:44:44,PK401P8800,PK401P8800,175.5,0.0,0.0,0.0,10,63.5,550.0,1,175.5,0.0,0.0,0.0,0.0,0.0,110
2023-05-11 09:44:44,PK401P8800,PK401P8800,175.5,0.0,0.0,0.0,10,63.5,549.5,10,175.5,0.0,0.0,0.0,0.0,0.0,110
2023-05-11 09:44:44,PK401P8800,PK401P8800,175.5,0.0,0.0,0.0,10,63.5,548.0,1,175.5,0.0,0.0,0.0,0.0,0.0,110
2023-05-11 09:44:45,PK401P8800,PK401P8800,175.5,0.0,0.0,0.0,10,63.5,547.5,10,175.5,0.0,0.0,0.0,0.0,0.0,110
2023-05-11 09:44:45,PK401P8800,PK401P8800,175.5,0.0,0.0,0.0,10,63.5,546.0,1,175.5,0.0,0.0,0.0,0.0,0.0,110
2023-05-11 09:44:46,PK401P8800,PK401P8800,175.5,0.0,0.0,0.0,10,63.5,545.5,10,175.5,0.0,0.0,0.0,0.0,0.0,110
2023-05-11 09:44:47,PK401P8800,PK401P8800,175.5,0.0,0.0,0.0,10,63.5,544.0,1,175.5,0.0,0.0,0.0,0.0,0.0,110
2023-05-11 09:44:47,PK401P8800,PK401P8800,175.5,0.0,0.0,0.0,10,63.5,543.5,10,175.5,0.0,0.0,0.0,0.0,0.0,110
2023-05-11 09:44:48,PK401P8800,PK401P8800,175.5,0.0,0.0,0.0,10,63.5,542.0,1,175.5,0.0,0.0,0.0,0.0,0.0,110
2023-05-11 09:44:48,PK401P8800,PK401P8800,175.5,0.0,0.0,0.0,10,63.5,541.5,10,175.5,0.0,0.0,0.0,0.0,0.0,110
2023-05-11 09:44:48,PK401P8800,PK401P8800,175.5,0.0,0.0,0.0,10,63.5,540.0,1,175.5,0.0,0.0,0.0,0.0,0.0,110
2023-05-11 09:44:49,PK401P8800,PK401P8800,175.5,0.0,0.0,0.0,10,63.5,539.5,10,175.5,0.0,0.0,0.0,0.0,0.0,110
2023-05-11 09:44:50,PK401P8800,PK401P8800,175.5,0.0,0.0,0.0,10,63.5,538.0,1,175.5,0.0,0.0,0.0,0.0,0.0,110
2023-05-11 09:44:50,PK401P8800,PK401P8800,175.5,0.0,0.0,0.0,10,63.5,537.5,10,175.5,0.0,0.0,0.0,0.0,0.0,110
2023-05-11 09:44:51,PK401P8800,PK401P8800,175.5,0.0,0.0,0.0,10,63.5,536.0,1,175.5,0.0,0.0,0.0,0.0,0.0,110
2023-05-11 09:44:51,PK401P8800,PK401P8800,175.5,0.0,0.0,0.0,10,63.5,535.5,10,175.5,0.0,0.0,0.0,0.0,0.0,110
2023-05-11 09:44:52,PK401P8800,PK401P8800,175.5,0.0,0.0,0.0,10,63.5,534.0,1,175.5,0.0,0.0,0.0,0.0,0.0,110
2023-05-11 09:44:52,PK401P8800,PK401P8800,175.5,0.0,0.0,0.0,10,63.5,533.5,10,175.5,0.0,0.0,0.0,0.0,0.0,110
2023-05-11 09:44:53,PK401P8800,PK401P8800,175.5,0.0,0.0,0.0,10,63.5,532.0,1,175.5,0.0,0.0,0.0,0.0,0.0,110
2023-05-11 09:44:53,PK401P8800,PK401P8800,175.5,0.0,0.0,0.0,10,63.5,531.5,10,175.5,0.0,0.0,0.0,0.0,0.0,110
2023-05-11 09:44:53,PK401P8800,PK401P8800,175.5,0.0,0.0,0.0,10,63.5,530.0,1,175.5,0.0,0.0,0.0,0.0,0.0,110
2023-05-11 09:44:54,PK401P8800,PK401P8800,175.5,0.0,0.0,0.0,10,63.5,529.5,10,175.5,0.0,0.0,0.0,0.0,0.0,110
2023-05-11 09:44:55,PK401P8800,PK401P8800,175.5,0.0,0.0,0.0,10,63.5,528.0,1,175.5,0.0,0.0,0.0,0.0,0.0,110
2023-05-11 09:44:56,PK401P8800,PK401P8800,175.5,0.0,0.0,0.0,10,63.5,527.5,10,175.5,0.0,0.0,0.0,0.0,0.0,110
2023-05-11 09:44:57,PK401P8800,PK401P8800,175.5,0.0,0.0,0.0,10,63.5,526.0,1,175.5,0.0,0.0,0.0,0.0,0.0,110
2023-05-11 09:44:58,PK401P8800,PK401P8800,175.5,0.0,0.0,0.0,10,63.5,525.5,10,175.5,0.0,0.0,0.0,0.0,0.0,110
2023-05-11 09:44:58,PK401P8800,PK401P8800,175.5,0.0,0.0,0.0,10,63.5,524.0,1,175.5,0.0,0.0,0.0,0.0,0.0,110
2023-05-11 09:44:59,PK401P8800,PK401P8800,175.5,0.0,0.0,0.0,10,63.5,523.5,10,175.5,0.0,0.0,0.0,0.0,0.0,110
2023-05-11 09:45:00,PK401P8800,PK401P8800,175.5,0.0,0.0,0.0,10,63.5,522.0,1,175.5,0.0,0.0,0.0,0.0,0.0,110
2023-05-11 09:45:01,PK401P8800,PK401P8800,175.5,0.0,0.0,0.0,10,63.5,521.5,10,175.5,0.0,0.0,0.0,0.0,0.0,110
2023-05-11 09:45:02,PK401P8800,PK401P8800,175.5,0.0,0.0,0.0,10,63.5,520.0,1,175.5,0.0,0.0,0.0,0.0,0.0,110
2023-05-11 09:45:33,PK401P8800,PK401P8800,175.5,0.0,0.0,0.0,10,63.5,519.5,10,175.5,0.0,0.0,0.0,0.0,0.0,110
2023-05-11 09:45:33,PK401P8800,PK401P8800,175.5,0.0,0.0,0.0,10,63.5,518.0,1,175.5,0.0,0.0,0.0,0.0,0.0,110
2023-05-11 09:45:33,PK401P8800,PK401P8800,175.5,0.0,0.0,0.0,10,63.5,517.5,10,175.5,0.0,0.0,0.0,0.0,0.0,110
2023-05-11 09:45:35,PK401P8800,PK401P8800,175.5,0.0,0.0,0.0,10,63.5,516.0,1,175.5,0.0,0.0,0.0,0.0,0.0,110
2023-05-11 09:45:35,PK401P8800,PK401P8800,175.5,0.0,0.0,0.0,10,63.5,515.5,10,175.5,0.0,0.0,0.0,0.0,0.0,110
2023-05-11 09:45:36,PK401P8800,PK401P8800,175.5,0.0,0.0,0.0,10,63.5,514.0,1,175.5,0.0,0.0,0.0,0.0,0.0,110
2023-05-11 09:45:36,PK401P8800,PK401P8800,175.5,0.0,0.0,0.0,10,63.5,513.5,10,175.5,0.0,0.0,0.0,0.0,0.0,110
2023-05-11 09:45:38,PK401P8800,PK401P8800,175.5,0.0,0.0,0.0,10,63.5,512.0,1,175.5,0.0,0.0,0.0,0.0,0.0,110
2023-05-11 09:45:38,PK401P8800,PK401P8800,175.5,0.0,0.0,0.0,10,63.5,511.5,10,175.5,0.0,0.0,0.0,0.0,0.0,110
2023-05-11 09:45:40,PK401P8800,PK401P8800,175.5,0.0,0.0,0.0,10,63.5,510.0,1,175.5,0.0,0.0,0.0,0.0,0.0,110
2023-05-11 09:45:41,PK401P8800,PK401P8800,175.5,0.0,0.0,0.0,10,63.5,509.5,10,175.5,0.0,0.0,0.0,0.0,0.0,110
2023-05-11 09:45:42,PK401P8800,PK401P8800,175.5,0.0,0.0,0.0,10,63.5,508.0,1,175.5,0.0,0.0,0.0,0.0,0.0,110
2023-05-11 09:45:42,PK401P8800,PK401P8800,175.5,0.0,0.0,0.0,10,63.5,507.5,10,175.5,0.0,0.0,0.0,0.0,0.0,110
2023-05-11 09:45:44,PK401P8800,PK401P8800,175.5,0.0,0.0,0.0,10,63.5,506.0,1,175.5,0.0,0.0,0.0,0.0,0.0,110
2023-05-11 09:45:44,PK401P8800,PK401P8800,175.5,0.0,0.0,0.0,10,63.5,505.5,10,175.5,0.0,0.0,0.0,0.0,0.0,110
2023-05-11 09:45:45,PK401P8800,PK401P8800,175.5,0.0,0.0,0.0,10,63.5,504.0,1,175.5,0.0,0.0,0.0,0.0,0.0,110
2023-05-11 09:45:45,PK401P8800,PK401P8800,175.5,0.0,0.0,0.0,10,63.5,503.5,10,175.5,0.0,0.0,0.0,0.0,0.0,110
2023-05-11 09:45:46,PK401P8800,PK401P8800,175.5,0.0,0.0,0.0,10,63.5,502.0,1,175.5,0.0,0.0,0.0,0.0,0.0,110
2023-05-11 09:45:46,PK401P8800,PK401P8800,175.5,0.0,0.0,0.0,10,63.5,501.5,10,175.5,0.0,0.0,0.0,0.0,0.0,110
2023-05-11 09:45:49,PK401P8800,PK401P8800,175.5,0.0,0.0,0.0,10,63.5,500.0,1,175.5,0.0,0.0,0.0,0.0,0.0,110
2023-05-11 09:45:49,PK401P8800,PK401P8800,175.5,0.0,0.0,0.0,10,63.5,499.5,10,175.5,0.0,0.0,0.0,0.0,0.0,110
2023-05-11 09:45:51,PK401P8800,PK401P8800,175.5,0.0,0.0,0.0,10,63.5,498.0,1,175.5,0.0,0.0,0.0,0.0,0.0,110
2023-05-11 09:45:51,PK401P8800,PK401P8800,175.5,0.0,0.0,0.0,10,63.5,497.5,10,175.5,0.0,0.0,0.0,0.0,0.0,110
2023-05-11 09:45:52,PK401P8800,PK401P8800,175.5,0.0,0.0,0.0,10,63.5,496.0,1,175.5,0.0,0.0,0.0,0.0,0.0,110
2023-05-11 09:45:52,PK401P8800,PK401P8800,175.5,0.0,0.0,0.0,10,63.5,495.5,10,175.5,0.0,0.0,0.0,0.0,0.0,110
2023-05-11 09:45:53,PK401P8800,PK401P8800,175.5,0.0,0.0,0.0,10,63.5,494.0,1,175.5,0.0,0.0,0.0,0.0,0.0,110
2023-05-11 09:45:53,PK401P8800,PK401P8800,175.5,0.0,0.0,0.0,10,63.5,493.5,10,175.5,0.0,0.0,0.0,0.0,0.0,110
2023-05-11 09:45:54,PK401P8800,PK401P8800,175.5,0.0,0.0,0.0,10,63.5,492.0,1,175.5,0.0,0.0,0.0,0.0,0.0,110
2023-05-11 09:45:54,PK401P8800,PK401P8800,175.5,0.0,0.0,0.0,10,63.5,491.5,10,175.5,0.0,0.0,0.0,0.0,0.0,110
2023-05-11 09:45:55,PK401P8800,PK401P8800,175.5,0.0,0.0,0.0,10,63.5,490.0,1,175.5,0.0,0.0,0.0,0.0,0.0,110
2023-05-11 09:46:26,PK401P8800,PK401P8800,175.5,0.0,0.0,0.0,10,63.5,489.5,10,175.5,0.0,0.0,0.0,0.0,0.0,110
2023-05-11 09:46:26,PK401P8800,PK401P8800,175.5,0.0,0.0,0.0,10,63.5,488.0,1,175.5,0.0,0.0,0.0,0.0,0.0,110
2023-05-11 09:46:27,PK401P8800,PK401P8800,175.5,0.0,0.0,0.0,10,63.5,487.5,10,175.5,0.0,0.0,0.0,0.0,0.0,110
2023-05-11 09:46:27,PK401P8800,PK401P8800,175.5,0.0,0.0,0.0,10,63.5,486.0,1,175.5,0.0,0.0,0.0,0.0,0.0,110
2023-05-11 09:46:28,PK401P8800,PK401P8800,175.5,0.0,0.0,0.0,10,63.5,485.5,10,175.5,0.0,0.0,0.0,0.0,0.0,110
2023-05-11 09:46:28,PK401P8800,PK401P8800,175.5,0.0,0.0,0.0,10,63.5,484.0,1,175.5,0.0,0.0,0.0,0.0,0.0,110
2023-05-11 09:46:29,PK401P8800,PK401P8800,175.5,0.0,0.0,0.0,10,63.5,483.5,10,175.5,0.0,0.0,0.0,0.0,0.0,110
2023-05-11 09:46:30,PK401P8800,PK401P8800,175.5,0.0,0.0,0.0,10,63.5,482.0,1,175.5,0.0,0.0,0.0,0.0,0.0,110
2023-05-11 09:46:30,PK401P8800,PK401P8800,175.5,0.0,0.0,0.0,10,63.5,481.5,10,175.5,0.0,0.0,0.0,0.0,0.0,110
2023-05-11 09:46:30,PK401P8800,PK401P8800,175.5,0.0,0.0,0.0,10,63.5,480.0,1,175.5,0.0,0.0,0.0,0.0,0.0,110
2023-05-11 09:46:31,PK401P8800,PK401P8800,175.5,0.0,0.0,0.0,10,63.5,479.5,10,175.5,0.0,0.0,0.0,0.0,0.0,110
2023-05-11 09:46:32,PK401P8800,PK401P8800,175.5,0.0,0.0,0.0,10,63.5,478.0,1,175.5,0.0,0.0,0.0,0.0,0.0,110
2023-05-11 09:46:32,PK401P8800,PK401P8800,175.5,0.0,0.0,0.0,10,63.5,477.5,10,175.5,0.0,0.0,0.0,0.0,0.0,110
2023-05-11 09:46:33,PK401P8800,PK401P8800,175.5,0.0,0.0,0.0,10,63.5,476.0,1,175.5,0.0,0.0,0.0,0.0,0.0,110
2023-05-11 09:46:33,PK401P8800,PK401P8800,175.5,0.0,0.0,0.0,10,63.5,475.5,10,175.5,0.0,0.0,0.0,0.0,0.0,110
2023-05-11 09:46:34,PK401P8800,PK401P8800,175.5,0.0,0.0,0.0,10,63.5,474.0,1,175.5,0.0,0.0,0.0,0.0,0.0,110
2023-05-11 09:46:34,PK401P8800,PK401P8800,175.5,0.0,0.0,0.0,10,63.5,473.5,10,175.5,0.0,0.0,0.0,0.0,0.0,110
2023-05-11 09:46:35,PK401P8800,PK401P8800,175.5,0.0,0.0,0.0,10,63.5,472.0,1,175.5,0.0,0.0,0.0,0.0,0.0,110
2023-05-11 09:46:35,PK401P8800,PK401P8800,175.5,0.0,0.0,0.0,10,63.5,471.5,10,175.5,0.0,0.0,0.0,0.0,0.0,110
2023-05-11 09:46:36,PK401P8800,PK401P8800,175.5,0.0,0.0,0.0,10,63.5,470.0,1,175.5,0.0,0.0,0.0,0.0,0.0,110
2023-05-11 09:46:36,PK401P8800,PK401P8800,175.5,0.0,0.0,0.0,10,63.5,469.5,10,175.5,0.0,0.0,0.0,0.0,0.0,110
2023-05-11 09:46:36,PK401P8800,PK401P8800,175.5,0.0,0.0,0.0,10,63.5,468.0,1,175.5,0.0,0.0,0.0,0.0,0.0,110
2023-05-11 09:46:37,PK401P8800,PK401P8800,175.5,0.0,0.0,0.0,10,63.5,467.5,10,175.5,0.0,0.0,0.0,0.0,0.0,110
2023-05-11 09:46:38,PK401P8800,PK401P8800,175.5,0.0,0.0,0.0,10,63.5,466.0,1,175.5,0.0,0.0,0.0,0.0,0.0,110
2023-05-11 09:46:38,PK401P8800,PK401P8800,175.5,0.0,0.0,0.0,10,63.5,465.5,10,175.5,0.0,0.0,0.0,0.0,0.0,110
2023-05-11 09:46:39,PK401P8800,PK401P8800,175.5,0.0,0.0,0.0,10,63.5,464.0,1,175.5,0.0,0.0,0.0,0.0,0.0,110
2023-05-11 09:46:39,PK401P8800,PK401P8800,175.5,0.0,0.0,0.0,10,63.5,463.5,10,175.5,0.0,0.0,0.0,0.0,0.0,110
2023-05-11 09:46:40,PK401P8800,PK401P8800,175.5,0.0,0.0,0.0,10,63.5,462.0,1,175.5,0.0,0.0,0.0,0.0,0.0,110
2023-05-11 09:46:40,PK401P8800,PK401P8800,175.5,0.0,0.0,0.0,10,63.5,461.5,10,175.5,0.0,0.0,0.0,0.0,0.0,110
2023-05-11 09:46:41,PK401P8800,PK401P8800,175.5,0.0,0.0,0.0,10,63.5,460.0,1,175.5,0.0,0.0,0.0,0.0,0.0,110
2023-05-11 09:46:41,PK401P8800,PK401P8800,175.5,0.0,0.0,0.0,10,63.5,459.5,10,175.5,0.0,0.0,0.0,0.0,0.0,110
2023-05-11 09:46:42,PK401P8800,PK401P8800,175.5,0.0,0.0,0.0,10,63.5,458.0,1,175.5,0.0,0.0,0.0,0.0,0.0,110
2023-05-11 09:46:42,PK401P8800,PK401P8800,175.5,0.0,0.0,0.0,10,63.5,457.5,10,175.5,0.0,0.0,0.0,0.0,0.0,110
2023-05-11 09:46:43,PK401P8800,PK401P8800,175.5,0.0,0.0,0.0,10,63.5,456.0,1,175.5,0.0,0.0,0.0,0.0,0.0,110
2023-05-11 09:46:43,PK401P8800,PK401P8800,175.5,0.0,0.0,0.0,10,63.5,455.5,10,175.5,0.0,0.0,0.0,0.0,0.0,110
2023-05-11 09:46:43,PK401P8800,PK401P8800,175.5,0.0,0.0,0.0,10,63.5,454.0,1,175.5,0.0,0.0,0.0,0.0,0.0,110
2023-05-11 09:46:44,PK401P8800,PK401P8800,175.5,0.0,0.0,0.0,10,63.5,453.5,10,175.5,0.0,0.0,0.0,0.0,0.0,110
2023-05-11 09:46:45,PK401P8800,PK401P8800,175.5,0.0,0.0,0.0,10,63.5,452.0,1,175.5,0.0,0.0,0.0,0.0,0.0,110
2023-05-11 09:46:45,PK401P8800,PK401P8800,175.5,0.0,0.0,0.0,10,63.5,451.5,10,175.5,0.0,0.0,0.0,0.0,0.0,110
2023-05-11 09:46:46,PK401P8800,PK401P8800,175.5,0.0,0.0,0.0,10,63.5,450.0,1,175.5,0.0,0.0,0.0,0.0,0.0,110
2023-05-11 09:46:46,PK401P8800,PK401P8800,175.5,0.0,0.0,0.0,10,63.5,449.5,10,175.5,0.0,0.0,0.0,0.0,0.0,110
2023-05-11 09:46:47,PK401P8800,PK401P8800,175.5,0.0,0.0,0.0,10,63.5,448.0,1,175.5,0.0,0.0,0.0,0.0,0.0,110
2023-05-11 09:46:47,PK401P8800,PK401P8800,175.5,0.0,0.0,0.0,10,63.5,447.5,10,175.5,0.0,0.0,0.0,0.0,0.0,110
2023-05-11 09:46:48,PK401P8800,PK401P8800,175.5,0.0,0.0,0.0,10,63.5,446.0,1,175.5,0.0,0.0,0.0,0.0,0.0,110
2023-05-11 09:46:48,PK401P8800,PK401P8800,175.5,0.0,0.0,0.0,10,63.5,445.5,10,175.5,0.0,0.0,0.0,0.0,0.0,110
2023-05-11 09:46:49,PK401P8800,PK401P8800,175.5,0.0,0.0,0.0,10,63.5,444.0,1,175.5,0.0,0.0,0.0,0.0,0.0,110
2023-05-11 09:46:49,PK401P8800,PK401P8800,175.5,0.0,0.0,0.0,10,63.5,443.5,10,175.5,0.0,0.0,0.0,0.0,0.0,110
2023-05-11 09:46:50,PK401P8800,PK401P8800,175.5,0.0,0.0,0.0,10,63.5,442.0,1,175.5,0.0,0.0,0.0,0.0,0.0,110
2023-05-11 09:46:50,PK401P8800,PK401P8800,175.5,0.0,0.0,0.0,10,63.5,441.5,10,175.5,0.0,0.0,0.0,0.0,0.0,110
2023-05-11 09:46:51,PK401P8800,PK401P8800,175.5,0.0,0.0,0.0,10,63.5,440.0,1,175.5,0.0,0.0,0.0,0.0,0.0,110
2023-05-11 09:46:51,PK401P8800,PK401P8800,175.5,0.0,0.0,0.0,10,63.5,439.5,10,175.5,0.0,0.0,0.0,0.0,0.0,110
2023-05-11 09:46:51,PK401P8800,PK401P8800,175.5,0.0,0.0,0.0,10,63.5,438.0,1,175.5,0.0,0.0,0.0,0.0,0.0,110
2023-05-11 09:46:52,PK401P8800,PK401P8800,175.5,0.0,0.0,0.0,10,63.5,437.5,10,175.5,0.0,0.0,0.0,0.0,0.0,110
2023-05-11 09:46:53,PK401P8800,PK401P8800,175.5,0.0,0.0,0.0,10,63.5,436.0,1,175.5,0.0,0.0,0.0,0.0,0.0,110
2023-05-11 09:48:13,PK401P8800,PK401P8800,175.5,0.0,0.0,0.0,10,63.5,435.5,10,175.5,0.0,0.0,0.0,0.0,0.0,110
2023-05-11 09:48:14,PK401P8800,PK401P8800,175.5,0.0,0.0,0.0,10,63.5,434.0,1,175.5,0.0,0.0,0.0,0.0,0.0,110
2023-05-11 09:48:14,PK401P8800,PK401P8800,175.5,0.0,0.0,0.0,10,63.5,433.5,10,175.5,0.0,0.0,0.0,0.0,0.0,110
2023-05-11 09:48:16,PK401P8800,PK401P8800,175.5,0.0,0.0,0.0,10,63.5,432.0,1,175.5,0.0,0.0,0.0,0.0,0.0,110
2023-05-11 09:51:38,PK401P8800,PK401P8800,175.5,0.0,0.0,0.0,10,63.5,431.5,10,175.5,0.0,0.0,0.0,0.0,0.0,110
2023-05-11 09:51:38,PK401P8800,PK401P8800,175.5,0.0,0.0,0.0,10,63.5,430.0,1,175.5,0.0,0.0,0.0,0.0,0.0,110
2023-05-11 09:51:39,PK401P8800,PK401P8800,175.5,0.0,0.0,0.0,10,63.5,429.5,10,175.5,0.0,0.0,0.0,0.0,0.0,110
2023-05-11 09:51:39,PK401P8800,PK401P8800,175.5,0.0,0.0,0.0,10,63.5,428.0,1,175.5,0.0,0.0,0.0,0.0,0.0,110
2023-05-11 09:51:40,PK401P8800,PK401P8800,175.5,0.0,0.0,0.0,10,63.5,427.5,10,175.5,0.0,0.0,0.0,0.0,0.0,110
2023-05-11 09:51:40,PK401P8800,PK401P8800,175.5,0.0,0.0,0.0,10,63.5,426.0,1,175.5,0.0,0.0,0.0,0.0,0.0,110
2023-05-11 09:51:41,PK401P8800,PK401P8800,175.5,0.0,0.0,0.0,10,63.5,425.5,10,175.5,0.0,0.0,0.0,0.0,0.0,110
2023-05-11 09:51:41,PK401P8800,PK401P8800,175.5,0.0,0.0,0.0,10,63.5,424.0,1,175.5,0.0,0.0,0.0,0.0,0.0,110
2023-05-11 09:52:49,PK401P8800,PK401P8800,175.5,0.0,0.0,0.0,10,63.5,423.5,10,175.5,0.0,0.0,0.0,0.0,0.0,110
2023-05-11 09:52:49,PK401P8800,PK401P8800,175.5,0.0,0.0,0.0,10,63.5,422.0,1,175.5,0.0,0.0,0.0,0.0,0.0,110
2023-05-11 09:52:50,PK401P8800,PK401P8800,175.5,0.0,0.0,0.0,10,63.5,421.5,10,175.5,0.0,0.0,0.0,0.0,0.0,110
2023-05-11 09:52:50,PK401P8800,PK401P8800,175.5,0.0,0.0,0.0,10,63.5,420.0,1,175.5,0.0,0.0,0.0,0.0,0.0,110
2023-05-11 09:53:11,PK401P8800,PK401P8800,175.5,0.0,0.0,0.0,10,63.5,419.5,10,175.5,0.0,0.0,0.0,0.0,0.0,110
2023-05-11 09:53:12,PK401P8800,PK401P8800,175.5,0.0,0.0,0.0,10,63.5,418.0,1,175.5,0.0,0.0,0.0,0.0,0.0,110
2023-05-11 09:53:12,PK401P8800,PK401P8800,175.5,0.0,0.0,0.0,10,63.5,417.5,10,175.5,0.0,0.0,0.0,0.0,0.0,110
2023-05-11 09:53:13,PK401P8800,PK401P8800,175.5,0.0,0.0,0.0,10,63.5,416.0,1,175.5,0.0,0.0,0.0,0.0,0.0,110
2023-05-11 09:53:13,PK401P8800,PK401P8800,175.5,0.0,0.0,0.0,10,63.5,415.5,10,175.5,0.0,0.0,0.0,0.0,0.0,110
2023-05-11 09:53:14,PK401P8800,PK401P8800,175.5,0.0,0.0,0.0,10,63.5,414.0,1,175.5,0.0,0.0,0.0,0.0,0.0,110
2023-05-11 09:53:15,PK401P8800,PK401P8800,175.5,0.0,0.0,0.0,10,63.5,413.5,10,175.5,0.0,0.0,0.0,0.0,0.0,110
2023-05-11 09:53:15,PK401P8800,PK401P8800,175.5,0.0,0.0,0.0,10,63.5,412.0,1,175.5,0.0,0.0,0.0,0.0,0.0,110
2023-05-11 09:54:20,PK401P8800,PK401P8800,175.5,0.0,0.0,0.0,10,63.5,411.5,10,175.5,0.0,0.0,0.0,0.0,0.0,110
2023-05-11 09:54:21,PK401P8800,PK401P8800,175.5,0.0,0.0,0.0,10,63.5,410.0,1,175.5,0.0,0.0,0.0,0.0,0.0,110
2023-05-11 09:54:21,PK401P8800,PK401P8800,175.5,0.0,0.0,0.0,10,63.5,409.5,10,175.5,0.0,0.0,0.0,0.0,0.0,110
2023-05-11 09:54:22,PK401P8800,PK401P8800,175.5,0.0,0.0,0.0,10,63.5,408.0,1,175.5,0.0,0.0,0.0,0.0,0.0,110
2023-05-11 09:54:22,PK401P8800,PK401P8800,175.5,0.0,0.0,0.0,10,63.5,407.5,10,175.5,0.0,0.0,0.0,0.0,0.0,110
2023-05-11 09:54:23,PK401P8800,PK401P8800,175.5,0.0,0.0,0.0,10,63.5,406.0,1,175.5,0.0,0.0,0.0,0.0,0.0,110
2023-05-11 09:54:23,PK401P8800,PK401P8800,175.5,0.0,0.0,0.0,10,63.5,405.5,10,175.5,0.0,0.0,0.0,0.0,0.0,110
2023-05-11 09:54:24,PK401P8800,PK401P8800,175.5,0.0,0.0,0.0,10,63.5,404.0,1,175.5,0.0,0.0,0.0,0.0,0.0,110
2023-05-11 09:54:24,PK401P8800,PK401P8800,175.5,0.0,0.0,0.0,10,63.5,403.5,10,175.5,0.0,0.0,0.0,0.0,0.0,110
2023-05-11 09:54:25,PK401P8800,PK401P8800,175.5,0.0,0.0,0.0,10,63.5,402.0,1,175.5,0.0,0.0,0.0,0.0,0.0,110
2023-05-11 09:54:26,PK401P8800,PK401P8800,175.5,0.0,0.0,0.0,10,63.5,401.5,10,175.5,0.0,0.0,0.0,0.0,0.0,110
2023-05-11 09:54:26,PK401P8800,PK401P8800,175.5,0.0,0.0,0.0,10,63.5,400.0,1,175.5,0.0,0.0,0.0,0.0,0.0,110
2023-05-11 09:54:27,PK401P8800,PK401P8800,175.5,0.0,0.0,0.0,10,63.5,399.5,10,175.5,0.0,0.0,0.0,0.0,0.0,110
2023-05-11 09:54:27,PK401P8800,PK401P8800,175.5,0.0,0.0,0.0,10,63.5,398.0,1,175.5,0.0,0.0,0.0,0.0,0.0,110
2023-05-11 09:54:28,PK401P8800,PK401P8800,175.5,0.0,0.0,0.0,10,63.5,397.5,10,175.5,0.0,0.0,0.0,0.0,0.0,110
2023-05-11 09:54:28,PK401P8800,PK401P8800,175.5,0.0,0.0,0.0,10,63.5,396.0,1,175.5,0.0,0.0,0.0,0.0,0.0,110
2023-05-11 09:54:29,PK401P8800,PK401P8800,175.5,0.0,0.0,0.0,10,63.5,395.5,10,175.5,0.0,0.0,0.0,0.0,0.0,110
2023-05-11 09:54:29,PK401P8800,PK401P8800,175.5,0.0,0.0,0.0,10,63.5,394.0,1,175.5,0.0,0.0,0.0,0.0,0.0,110
2023-05-11 09:57:12,PK401P8800,PK401P8800,175.5,0.0,0.0,0.0,10,63.5,393.5,10,175.5,0.0,0.0,0.0,0.0,0.0,110
2023-05-11 09:57:12,PK401P8800,PK401P8800,175.5,0.0,0.0,0.0,10,63.5,392.0,1,175.5,0.0,0.0,0.0,0.0,0.0,110
2023-05-11 09:57:13,PK401P8800,PK401P8800,175.5,0.0,0.0,0.0,10,63.5,391.5,10,175.5,0.0,0.0,0.0,0.0,0.0,110
2023-05-11 09:57:14,PK401P8800,PK401P8800,175.5,0.0,0.0,0.0,10,63.5,390.0,1,175.5,0.0,0.0,0.0,0.0,0.0,110
2023-05-11 09:57:15,PK401P8800,PK401P8800,175.5,0.0,0.0,0.0,10,63.5,389.5,10,175.5,0.0,0.0,0.0,0.0,0.0,110
2023-05-11 09:57:15,PK401P8800,PK401P8800,175.5,0.0,0.0,0.0,10,63.5,388.0,1,175.5,0.0,0.0,0.0,0.0,0.0,110
2023-05-11 09:57:16,PK401P8800,PK401P8800,175.5,0.0,0.0,0.0,10,63.5,387.5,10,175.5,0.0,0.0,0.0,0.0,0.0,110
2023-05-11 09:57:16,PK401P8800,PK401P8800,175.5,0.0,0.0,0.0,10,63.5,386.0,1,175.5,0.0,0.0,0.0,0.0,0.0,110
2023-05-11 09:57:17,PK401P8800,PK401P8800,175.5,0.0,0.0,0.0,10,63.5,385.5,10,175.5,0.0,0.0,0.0,0.0,0.0,110
2023-05-11 09:57:17,PK401P8800,PK401P8800,175.5,0.0,0.0,0.0,10,63.5,384.0,1,175.5,0.0,0.0,0.0,0.0,0.0,110
2023-05-11 09:57:18,PK401P8800,PK401P8800,175.5,0.0,0.0,0.0,10,63.5,383.5,10,175.5,0.0,0.0,0.0,0.0,0.0,110
2023-05-11 09:57:18,PK401P8800,PK401P8800,175.5,0.0,0.0,0.0,10,63.5,382.0,1,175.5,0.0,0.0,0.0,0.0,0.0,110
2023-05-11 09:57:52,PK401P8800,PK401P8800,175.5,0.0,0.0,0.0,10,63.5,381.5,10,175.5,0.0,0.0,0.0,0.0,0.0,110
2023-05-11 09:57:52,PK401P8800,PK401P8800,175.5,0.0,0.0,0.0,10,63.5,380.0,1,175.5,0.0,0.0,0.0,0.0,0.0,110
2023-05-11 09:59:59,PK401P8800,PK401P8800,175.5,0.0,0.0,0.0,10,63.5,379.5,10,175.5,0.0,0.0,0.0,0.0,0.0,110
2023-05-11 09:59:59,PK401P8800,PK401P8800,175.5,0.0,0.0,0.0,10,63.5,378.0,1,175.5,0.0,0.0,0.0,0.0,0.0,110
2023-05-11 10:00:00,PK401P8800,PK401P8800,175.5,0.0,0.0,0.0,10,63.5,377.5,10,175.5,0.0,0.0,0.0,0.0,0.0,110
2023-05-11 10:00:00,PK401P8800,PK401P8800,175.5,0.0,0.0,0.0,10,63.5,376.0,1,175.5,0.0,0.0,0.0,0.0,0.0,110
2023-05-11 10:00:01,PK401P8800,PK401P8800,175.5,0.0,0.0,0.0,10,63.5,375.5,10,175.5,0.0,0.0,0.0,0.0,0.0,110
2023-05-11 10:00:02,PK401P8800,PK401P8800,175.5,0.0,0.0,0.0,10,63.5,373.5,10,175.5,0.0,0.0,0.0,0.0,0.0,110
2023-05-11 10:00:02,PK401P8800,PK401P8800,175.5,0.0,0.0,0.0,10,63.5,372.0,1,175.5,0.0,0.0,0.0,0.0,0.0,110
2023-05-11 10:00:02,PK401P8800,PK401P8800,175.5,0.0,0.0,0.0,10,63.5,371.5,10,175.5,0.0,0.0,0.0,0.0,0.0,110
2023-05-11 10:00:03,PK401P8800,PK401P8800,175.5,0.0,0.0,0.0,10,63.5,370.0,1,175.5,0.0,0.0,0.0,0.0,0.0,110
2023-05-11 10:00:03,PK401P8800,PK401P8800,175.5,0.0,0.0,0.0,10,63.5,369.5,10,175.5,0.0,0.0,0.0,0.0,0.0,110
2023-05-11 10:00:04,PK401P8800,PK401P8800,175.5,0.0,0.0,0.0,10,63.5,368.0,1,175.5,0.0,0.0,0.0,0.0,0.0,110
2023-05-11 10:00:04,PK401P8800,PK401P8800,175.5,0.0,0.0,0.0,10,63.5,367.5,10,175.5,0.0,0.0,0.0,0.0,0.0,110
2023-05-11 10:00:06,PK401P8800,PK401P8800,175.5,0.0,0.0,0.0,10,63.5,366.0,1,175.5,0.0,0.0,0.0,0.0,0.0,110
2023-05-11 10:00:07,PK401P8800,PK401P8800,175.5,0.0,0.0,0.0,10,63.5,365.5,10,175.5,0.0,0.0,0.0,0.0,0.0,110
2023-05-11 10:00:07,PK401P8800,PK401P8800,175.5,0.0,0.0,0.0,10,63.5,364.0,1,175.5,0.0,0.0,0.0,0.0,0.0,110
2023-05-11 10:00:08,PK401P8800,PK401P8800,175.5,0.0,0.0,0.0,10,63.5,363.5,10,175.5,0.0,0.0,0.0,0.0,0.0,110
2023-05-11 10:00:08,PK401P8800,PK401P8800,175.5,0.0,0.0,0.0,10,63.5,362.0,1,175.5,0.0,0.0,0.0,0.0,0.0,110
2023-05-11 10:00:09,PK401P8800,PK401P8800,175.5,0.0,0.0,0.0,10,63.5,361.5,10,175.5,0.0,0.0,0.0,0.0,0.0,110
2023-05-11 10:00:09,PK401P8800,PK401P8800,175.5,0.0,0.0,0.0,10,63.5,360.0,1,175.5,0.0,0.0,0.0,0.0,0.0,110
2023-05-11 10:00:10,PK401P8800,PK401P8800,175.5,0.0,0.0,0.0,10,63.5,359.5,10,175.5,0.0,0.0,0.0,0.0,0.0,110
2023-05-11 10:00:10,PK401P8800,PK401P8800,175.5,0.0,0.0,0.0,10,63.5,358.0,1,175.5,0.0,0.0,0.0,0.0,0.0,110
2023-05-11 10:00:11,PK401P8800,PK401P8800,175.5,0.0,0.0,0.0,10,63.5,357.5,10,175.5,0.0,0.0,0.0,0.0,0.0,110
2023-05-11 10:00:11,PK401P8800,PK401P8800,175.5,0.0,0.0,0.0,10,63.5,356.0,1,175.5,0.0,0.0,0.0,0.0,0.0,110
2023-05-11 10:00:12,PK401P8800,PK401P8800,175.5,0.0,0.0,0.0,10,63.5,355.5,10,175.5,0.0,0.0,0.0,0.0,0.0,110
2023-05-11 10:00:12,PK401P8800,PK401P8800,175.5,0.0,0.0,0.0,10,63.5,354.0,1,175.5,0.0,0.0,0.0,0.0,0.0,110
2023-05-11 10:00:13,PK401P8800,PK401P8800,175.5,0.0,0.0,0.0,10,63.5,353.5,10,175.5,0.0,0.0,0.0,0.0,0.0,110
2023-05-11 10:00:13,PK401P8800,PK401P8800,175.5,0.0,0.0,0.0,10,63.5,352.0,1,175.5,0.0,0.0,0.0,0.0,0.0,110
2023-05-11 10:00:14,PK401P8800,PK401P8800,175.5,0.0,0.0,0.0,10,63.5,351.5,10,175.5,0.0,0.0,0.0,0.0,0.0,110
2023-05-11 10:02:54,PK401P8800,PK401P8800,175.5,0.0,0.0,0.0,10,63.5,350.0,1,175.5,0.0,0.0,0.0,0.0,0.0,110
2023-05-11 10:02:55,PK401P8800,PK401P8800,175.5,0.0,0.0,0.0,10,63.5,349.5,10,175.5,0.0,0.0,0.0,0.0,0.0,110
2023-05-11 10:02:55,PK401P8800,PK401P8800,175.5,0.0,0.0,0.0,10,63.5,348.0,1,175.5,0.0,0.0,0.0,0.0,0.0,110
2023-05-11 10:02:56,PK401P8800,PK401P8800,175.5,0.0,0.0,0.0,10,63.5,347.5,10,175.5,0.0,0.0,0.0,0.0,0.0,110
2023-05-11 10:14:33,PK401P8800,PK401P8800,175.5,0.0,0.0,0.0,1,7.0,0.0,0,175.5,0.0,0.0,0.0,0.0,0.0,110
2023-05-11 10:30:14,PK401P8800,PK401P8800,175.5,0.0,0.0,0.0,10,8.0,0.0,0,175.5,0.0,0.0,0.0,0.0,0.0,110
2023-05-11 10:30:19,PK401P8800,PK401P8800,175.5,0.0,0.0,0.0,1,8.5,0.0,0,175.5,0.0,0.0,0.0,0.0,0.0,110
2023-05-11 10:30:20,PK401P8800,PK401P8800,175.5,0.0,0.0,0.0,10,9.0,0.0,0,175.5,0.0,0.0,0.0,0.0,0.0,110
2023-05-11 10:30:24,PK401P8800,PK401P8800,175.5,0.0,0.0,0.0,1,9.5,0.0,0,175.5,0.0,0.0,0.0,0.0,0.0,110
2023-05-11 10:30:24,PK401P8800,PK401P8800,175.5,0.0,0.0,0.0,10,10.0,0.0,0,175.5,0.0,0.0,0.0,0.0,0.0,110
2023-05-11 10:30:28,PK401P8800,PK401P8800,175.5,0.0,0.0,0.0,1,18.0,0.0,0,175.5,0.0,0.0,0.0,0.0,0.0,110
2023-05-11 10:30:28,PK401P8800,PK401P8800,175.5,0.0,0.0,0.0,10,18.5,0.0,0,175.5,0.0,0.0,0.0,0.0,0.0,110
2023-05-11 10:30:31,PK401P8800,PK401P8800,175.5,0.0,0.0,0.0,1,26.5,0.0,0,175.5,0.0,0.0,0.0,0.0,0.0,110
2023-05-11 10:30:31,PK401P8800,PK401P8800,175.5,0.0,0.0,0.0,10,27.0,0.0,0,175.5,0.0,0.0,0.0,0.0,0.0,110
2023-05-11 10:30:32,PK401P8800,PK401P8800,175.5,0.0,0.0,0.0,1,28.5,859.5,10,175.5,0.0,0.0,0.0,0.0,0.0,110
2023-05-11 10:30:32,PK401P8800,PK401P8800,175.5,0.0,0.0,0.0,10,29.0,859.5,10,175.5,0.0,0.0,0.0,0.0,0.0,110
2023-05-11 10:30:33,PK401P8800,PK401P8800,175.5,0.0,0.0,0.0,1,30.5,858.0,1,175.5,0.0,0.0,0.0,0.0,0.0,110
2023-05-11 10:30:33,PK401P8800,PK401P8800,175.5,0.0,0.0,0.0,10,31.0,857.5,10,175.5,0.0,0.0,0.0,0.0,0.0,110
2023-05-11 10:30:34,PK401P8800,PK401P8800,175.5,0.0,0.0,0.0,1,39.0,857.5,10,175.5,0.0,0.0,0.0,0.0,0.0,110
2023-05-11 10:30:34,PK401P8800,PK401P8800,175.5,0.0,0.0,0.0,10,39.5,857.5,10,175.5,0.0,0.0,0.0,0.0,0.0,110
2023-05-11 10:30:35,PK401P8800,PK401P8800,175.5,0.0,0.0,0.0,1,41.0,856.0,1,175.5,0.0,0.0,0.0,0.0,0.0,110
2023-05-11 10:30:35,PK401P8800,PK401P8800,175.5,0.0,0.0,0.0,10,41.5,855.5,10,175.5,0.0,0.0,0.0,0.0,0.0,110
2023-05-11 10:30:36,PK401P8800,PK401P8800,175.5,0.0,0.0,0.0,1,43.0,854.0,1,175.5,0.0,0.0,0.0,0.0,0.0,110
2023-05-11 10:30:36,PK401P8800,PK401P8800,175.5,0.0,0.0,0.0,10,43.5,853.5,10,175.5,0.0,0.0,0.0,0.0,0.0,110
2023-05-11 10:30:37,PK401P8800,PK401P8800,175.5,0.0,0.0,0.0,1,51.5,853.5,10,175.5,0.0,0.0,0.0,0.0,0.0,110
2023-05-11 10:30:38,PK401P8800,PK401P8800,175.5,0.0,0.0,0.0,10,53.5,852.0,1,175.5,0.0,0.0,0.0,0.0,0.0,110
2023-05-11 10:30:38,PK401P8800,PK401P8800,175.5,0.0,0.0,0.0,1,55.0,851.5,10,175.5,0.0,0.0,0.0,0.0,0.0,110
2023-05-11 10:30:39,PK401P8800,PK401P8800,175.5,0.0,0.0,0.0,1,55.0,850.0,1,175.5,0.0,0.0,0.0,0.0,0.0,110
2023-05-11 10:30:39,PK401P8800,PK401P8800,175.5,0.0,0.0,0.0,1,63.0,850.0,1,175.5,0.0,0.0,0.0,0.0,0.0,110
2023-05-11 10:30:40,PK401P8800,PK401P8800,175.5,0.0,0.0,0.0,10,63.5,849.5,10,175.5,0.0,0.0,0.0,0.0,0.0,110
2023-05-11 10:30:40,PK401P8800,PK401P8800,175.5,0.0,0.0,0.0,10,63.5,848.0,1,175.5,0.0,0.0,0.0,0.0,0.0,110
2023-05-11 10:30:41,PK401P8800,PK401P8800,175.5,0.0,0.0,0.0,1,71.5,847.5,10,175.5,0.0,0.0,0.0,0.0,0.0,110
2023-05-11 10:30:41,PK401P8800,PK401P8800,175.5,0.0,0.0,0.0,10,72.0,846.0,1,175.5,0.0,0.0,0.0,0.0,0.0,110
2023-05-11 10:30:41,PK401P8800,PK401P8800,175.5,0.0,0.0,0.0,10,72.0,845.5,10,175.5,0.0,0.0,0.0,0.0,0.0,110
2023-05-11 10:30:42,PK401P8800,PK401P8800,175.5,0.0,0.0,0.0,1,80.0,844.0,1,175.5,0.0,0.0,0.0,0.0,0.0,110
2023-05-11 10:30:42,PK401P8800,PK401P8800,175.5,0.0,0.0,0.0,10,80.5,843.5,10,175.5,0.0,0.0,0.0,0.0,0.0,110
2023-05-11 10:30:43,PK401P8800,PK401P8800,175.5,0.0,0.0,0.0,10,80.5,842.0,1,175.5,0.0,0.0,0.0,0.0,0.0,110
2023-05-11 10:30:43,PK401P8800,PK401P8800,175.5,0.0,0.0,0.0,1,88.5,842.0,1,175.5,0.0,0.0,0.0,0.0,0.0,110
2023-05-11 10:30:44,PK401P8800,PK401P8800,175.5,0.0,0.0,0.0,10,89.0,841.5,10,175.5,0.0,0.0,0.0,0.0,0.0,110
2023-05-11 10:30:45,PK401P8800,PK401P8800,175.5,0.0,0.0,0.0,10,89.0,840.0,1,175.5,0.0,0.0,0.0,0.0,0.0,110
2023-05-11 10:30:45,PK401P8800,PK401P8800,175.5,0.0,0.0,0.0,1,97.0,839.5,10,175.5,0.0,0.0,0.0,0.0,0.0,110
2023-05-11 10:30:46,PK401P8800,PK401P8800,175.5,0.0,0.0,0.0,10,97.5,838.0,1,175.5,0.0,0.0,0.0,0.0,0.0,110
2023-05-11 10:30:46,PK401P8800,PK401P8800,175.5,0.0,0.0,0.0,10,97.5,837.5,10,175.5,0.0,0.0,0.0,0.0,0.0,110
2023-05-11 10:30:47,PK401P8800,PK401P8800,175.5,0.0,0.0,0.0,1,105.5,836.0,1,175.5,0.0,0.0,0.0,0.0,0.0,110
2023-05-11 10:30:47,PK401P8800,PK401P8800,175.5,0.0,0.0,0.0,10,106.0,835.5,10,175.5,0.0,0.0,0.0,0.0,0.0,110
2023-05-11 10:30:48,PK401P8800,PK401P8800,175.5,0.0,0.0,0.0,1,114.0,834.0,1,175.5,0.0,0.0,0.0,0.0,0.0,110
2023-05-11 10:30:48,PK401P8800,PK401P8800,175.5,0.0,0.0,0.0,10,114.5,833.5,10,175.5,0.0,0.0,0.0,0.0,0.0,110
2023-05-11 10:30:49,PK401P8800,PK401P8800,175.5,0.0,0.0,0.0,1,118.5,832.0,1,175.5,0.0,0.0,0.0,0.0,0.0,110
2023-05-11 10:30:49,PK401P8800,PK401P8800,175.5,0.0,0.0,0.0,10,119.0,831.5,10,175.5,0.0,0.0,0.0,0.0,0.0,110
2023-05-11 10:30:50,PK401P8800,PK401P8800,175.5,0.0,0.0,0.0,1,119.5,830.0,1,175.5,0.0,0.0,0.0,0.0,0.0,110
2023-05-11 10:30:50,PK401P8800,PK401P8800,175.5,0.0,0.0,0.0,10,120.0,829.5,10,175.5,0.0,0.0,0.0,0.0,0.0,110
2023-05-11 10:30:51,PK401P8800,PK401P8800,175.5,0.0,0.0,0.0,10,120.0,828.0,1,175.5,0.0,0.0,0.0,0.0,0.0,110
2023-05-11 10:30:51,PK401P8800,PK401P8800,175.5,0.0,0.0,0.0,1,120.5,827.5,10,175.5,0.0,0.0,0.0,0.0,0.0,110
2023-05-11 10:30:52,PK401P8800,PK401P8800,175.5,0.0,0.0,0.0,10,121.0,826.0,1,175.5,0.0,0.0,0.0,0.0,0.0,110
2023-05-11 10:30:52,PK401P8800,PK401P8800,175.5,0.0,0.0,0.0,10,121.0,825.5,10,175.5,0.0,0.0,0.0,0.0,0.0,110
2023-05-11 10:30:53,PK401P8800,PK401P8800,175.5,0.0,0.0,0.0,1,121.5,824.0,1,175.5,0.0,0.0,0.0,0.0,0.0,110
2023-05-11 10:30:53,PK401P8800,PK401P8800,175.5,0.0,0.0,0.0,10,122.0,823.5,10,175.5,0.0,0.0,0.0,0.0,0.0,110
2023-05-11 10:30:54,PK401P8800,PK401P8800,175.5,0.0,0.0,0.0,1,122.5,822.0,1,175.5,0.0,0.0,0.0,0.0,0.0,110
2023-05-11 10:30:54,PK401P8800,PK401P8800,175.5,0.0,0.0,0.0,10,123.0,821.5,10,175.5,0.0,0.0,0.0,0.0,0.0,110
2023-05-11 10:30:55,PK401P8800,PK401P8800,175.5,0.0,0.0,0.0,10,123.0,820.0,1,175.5,0.0,0.0,0.0,0.0,0.0,110
2023-05-11 10:30:55,PK401P8800,PK401P8800,175.5,0.0,0.0,0.0,1,123.5,819.5,10,175.5,0.0,0.0,0.0,0.0,0.0,110
2023-05-11 10:30:56,PK401P8800,PK401P8800,175.5,0.0,0.0,0.0,10,124.0,818.0,1,175.5,0.0,0.0,0.0,0.0,0.0,110
2023-05-11 10:30:56,PK401P8800,PK401P8800,175.5,0.0,0.0,0.0,10,124.0,817.5,10,175.5,0.0,0.0,0.0,0.0,0.0,110
2023-05-11 10:30:57,PK401P8800,PK401P8800,175.5,0.0,0.0,0.0,10,124.0,816.0,1,175.5,0.0,0.0,0.0,0.0,0.0,110
2023-05-11 10:31:48,PK401P8800,PK401P8800,175.5,0.0,0.0,0.0,10,124.0,815.5,10,175.5,0.0,0.0,0.0,0.0,0.0,110
2023-05-11 10:31:50,PK401P8800,PK401P8800,175.5,0.0,0.0,0.0,10,124.0,814.0,1,175.5,0.0,0.0,0.0,0.0,0.0,110
2023-05-11 10:31:50,PK401P8800,PK401P8800,175.5,0.0,0.0,0.0,10,124.0,813.5,10,175.5,0.0,0.0,0.0,0.0,0.0,110
2023-05-11 10:31:52,PK401P8800,PK401P8800,175.5,0.0,0.0,0.0,10,124.0,812.0,1,175.5,0.0,0.0,0.0,0.0,0.0,110
2023-05-11 10:31:52,PK401P8800,PK401P8800,175.5,0.0,0.0,0.0,10,124.0,811.5,10,175.5,0.0,0.0,0.0,0.0,0.0,110
2023-05-11 10:31:53,PK401P8800,PK401P8800,175.5,0.0,0.0,0.0,10,124.0,810.0,1,175.5,0.0,0.0,0.0,0.0,0.0,110
2023-05-11 10:31:53,PK401P8800,PK401P8800,175.5,0.0,0.0,0.0,10,124.0,809.5,10,175.5,0.0,0.0,0.0,0.0,0.0,110
2023-05-11 10:31:55,PK401P8800,PK401P8800,175.5,0.0,0.0,0.0,10,124.0,808.0,1,175.5,0.0,0.0,0.0,0.0,0.0,110
2023-05-11 10:34:47,PK401P8800,PK401P8800,175.5,0.0,0.0,0.0,10,124.0,807.5,10,175.5,0.0,0.0,0.0,0.0,0.0,110
2023-05-11 10:34:48,PK401P8800,PK401P8800,175.5,0.0,0.0,0.0,10,124.0,806.0,1,175.5,0.0,0.0,0.0,0.0,0.0,110
2023-05-11 10:34:48,PK401P8800,PK401P8800,175.5,0.0,0.0,0.0,10,124.0,805.5,10,175.5,0.0,0.0,0.0,0.0,0.0,110
2023-05-11 10:34:51,PK401P8800,PK401P8800,175.5,0.0,0.0,0.0,10,124.0,804.0,1,175.5,0.0,0.0,0.0,0.0,0.0,110
2023-05-11 10:35:51,PK401P8800,PK401P8800,175.5,0.0,0.0,0.0,1,124.5,803.5,10,175.5,0.0,0.0,0.0,0.0,0.0,110
2023-05-11 10:35:52,PK401P8800,PK401P8800,175.5,0.0,0.0,0.0,10,125.0,802.0,1,175.5,0.0,0.0,0.0,0.0,0.0,110
2023-05-11 10:35:52,PK401P8800,PK401P8800,175.5,0.0,0.0,0.0,10,125.0,801.5,10,175.5,0.0,0.0,0.0,0.0,0.0,110
2023-05-11 10:35:53,PK401P8800,PK401P8800,175.5,0.0,0.0,0.0,1,125.5,800.0,1,175.5,0.0,0.0,0.0,0.0,0.0,110
2023-05-11 10:35:53,PK401P8800,PK401P8800,175.5,0.0,0.0,0.0,10,126.0,799.5,10,175.5,0.0,0.0,0.0,0.0,0.0,110
2023-05-11 10:35:54,PK401P8800,PK401P8800,175.5,0.0,0.0,0.0,1,126.5,798.0,1,175.5,0.0,0.0,0.0,0.0,0.0,110
2023-05-11 10:35:54,PK401P8800,PK401P8800,175.5,0.0,0.0,0.0,10,127.0,797.5,10,175.5,0.0,0.0,0.0,0.0,0.0,110
2023-05-11 10:35:55,PK401P8800,PK401P8800,175.5,0.0,0.0,0.0,1,127.5,796.0,1,175.5,0.0,0.0,0.0,0.0,0.0,110
2023-05-11 10:35:56,PK401P8800,PK401P8800,175.5,0.0,0.0,0.0,10,128.0,795.5,10,175.5,0.0,0.0,0.0,0.0,0.0,110
2023-05-11 10:35:56,PK401P8800,PK401P8800,175.5,0.0,0.0,0.0,1,128.5,794.0,1,175.5,0.0,0.0,0.0,0.0,0.0,110
2023-05-11 10:35:57,PK401P8800,PK401P8800,175.5,0.0,0.0,0.0,10,129.0,793.5,10,175.5,0.0,0.0,0.0,0.0,0.0,110
2023-05-11 10:35:57,PK401P8800,PK401P8800,175.5,0.0,0.0,0.0,10,129.0,792.0,1,175.5,0.0,0.0,0.0,0.0,0.0,110
2023-05-11 10:35:58,PK401P8800,PK401P8800,175.5,0.0,0.0,0.0,1,129.5,791.5,10,175.5,0.0,0.0,0.0,0.0,0.0,110
2023-05-11 10:35:58,PK401P8800,PK401P8800,175.5,0.0,0.0,0.0,10,130.0,790.0,1,175.5,0.0,0.0,0.0,0.0,0.0,110
2023-05-11 10:35:59,PK401P8800,PK401P8800,175.5,0.0,0.0,0.0,1,134.0,789.5,10,175.5,0.0,0.0,0.0,0.0,0.0,110
2023-05-11 10:35:59,PK401P8800,PK401P8800,175.5,0.0,0.0,0.0,10,134.5,788.0,1,175.5,0.0,0.0,0.0,0.0,0.0,110
2023-05-11 10:36:00,PK401P8800,PK401P8800,175.5,0.0,0.0,0.0,1,138.5,787.5,10,175.5,0.0,0.0,0.0,0.0,0.0,110
2023-05-11 10:36:00,PK401P8800,PK401P8800,175.5,0.0,0.0,0.0,1,138.5,786.0,1,175.5,0.0,0.0,0.0,0.0,0.0,110
2023-05-11 10:36:01,PK401P8800,PK401P8800,175.5,0.0,0.0,0.0,10,139.0,785.5,10,175.5,0.0,0.0,0.0,0.0,0.0,110
2023-05-11 10:36:01,PK401P8800,PK401P8800,175.5,0.0,0.0,0.0,10,139.0,784.0,1,175.5,0.0,0.0,0.0,0.0,0.0,110
2023-05-11 10:36:02,PK401P8800,PK401P8800,175.5,0.0,0.0,0.0,1,139.5,783.5,10,175.5,0.0,0.0,0.0,0.0,0.0,110
2023-05-11 10:36:02,PK401P8800,PK401P8800,175.5,0.0,0.0,0.0,10,140.0,782.0,1,175.5,0.0,0.0,0.0,0.0,0.0,110
2023-05-11 10:36:03,PK401P8800,PK401P8800,175.5,0.0,0.0,0.0,1,140.5,782.0,1,175.5,0.0,0.0,0.0,0.0,0.0,110
2023-05-11 10:36:03,PK401P8800,PK401P8800,175.5,0.0,0.0,0.0,1,140.5,781.5,10,175.5,0.0,0.0,0.0,0.0,0.0,110
2023-05-11 10:36:04,PK401P8800,PK401P8800,175.5,0.0,0.0,0.0,10,141.0,780.0,1,175.5,0.0,0.0,0.0,0.0,0.0,110
2023-05-11 10:36:05,PK401P8800,PK401P8800,175.5,0.0,0.0,0.0,1,141.5,779.5,10,175.5,0.0,0.0,0.0,0.0,0.0,110
2023-05-11 10:36:05,PK401P8800,PK401P8800,175.5,0.0,0.0,0.0,1,141.5,778.0,1,175.5,0.0,0.0,0.0,0.0,0.0,110
2023-05-11 10:36:06,PK401P8800,PK401P8800,175.5,0.0,0.0,0.0,11,141.5,777.5,10,175.5,0.0,0.0,0.0,0.0,0.0,110
2023-05-11 10:36:06,PK401P8800,PK401P8800,175.5,0.0,0.0,0.0,11,141.5,776.0,1,175.5,0.0,0.0,0.0,0.0,0.0,110
2023-05-11 10:36:13,PK401P8800,PK401P8800,175.5,0.0,0.0,0.0,1,141.5,776.0,1,175.5,0.0,0.0,0.0,0.0,0.0,110
2023-05-11 10:36:14,PK401P8800,PK401P8800,175.5,0.0,0.0,0.0,1,141.5,775.5,10,175.5,0.0,0.0,0.0,0.0,0.0,110
2023-05-11 10:36:14,PK401P8800,PK401P8800,175.5,0.0,0.0,0.0,10,7.5,774.0,1,175.5,0.0,0.0,0.0,0.0,0.0,110
2023-05-11 10:36:15,PK401P8800,PK401P8800,175.5,0.0,0.0,0.0,1,9.0,773.5,10,175.5,0.0,0.0,0.0,0.0,0.0,110
2023-05-11 10:36:15,PK401P8800,PK401P8800,175.5,0.0,0.0,0.0,11,9.5,772.0,1,175.5,0.0,0.0,0.0,0.0,0.0,110
2023-05-11 10:36:16,PK401P8800,PK401P8800,175.5,0.0,0.0,0.0,1,11.0,771.5,10,175.5,0.0,0.0,0.0,0.0,0.0,110
2023-05-11 10:36:16,PK401P8800,PK401P8800,175.5,0.0,0.0,0.0,10,11.5,770.0,1,175.5,0.0,0.0,0.0,0.0,0.0,110
2023-05-11 10:36:17,PK401P8800,PK401P8800,175.5,0.0,0.0,0.0,1,13.0,769.5,10,175.5,0.0,0.0,0.0,0.0,0.0,110
2023-05-11 10:36:17,PK401P8800,PK401P8800,175.5,0.0,0.0,0.0,10,13.5,768.0,1,175.5,0.0,0.0,0.0,0.0,0.0,110
2023-05-11 10:36:18,PK401P8800,PK401P8800,175.5,0.0,0.0,0.0,1,17.0,768.0,1,175.5,0.0,0.0,0.0,0.0,0.0,110
2023-05-11 10:36:18,PK401P8800,PK401P8800,175.5,0.0,0.0,0.0,1,18.5,767.5,10,175.5,0.0,0.0,0.0,0.0,0.0,110
2023-05-11 10:36:19,PK401P8800,PK401P8800,175.5,0.0,0.0,0.0,1,22.5,766.0,1,175.5,0.0,0.0,0.0,0.0,0.0,110
2023-05-11 10:36:19,PK401P8800,PK401P8800,175.5,0.0,0.0,0.0,1,24.0,766.0,1,175.5,0.0,0.0,0.0,0.0,0.0,110
2023-05-11 10:36:20,PK401P8800,PK401P8800,175.5,0.0,0.0,0.0,1,28.0,766.0,1,175.5,0.0,0.0,0.0,0.0,0.0,110
2023-05-11 10:36:20,PK401P8800,PK401P8800,175.5,0.0,0.0,0.0,1,28.0,765.5,10,175.5,0.0,0.0,0.0,0.0,0.0,110
2023-05-11 10:36:21,PK401P8800,PK401P8800,175.5,0.0,0.0,0.0,10,28.5,764.0,1,175.5,0.0,0.0,0.0,0.0,0.0,110
2023-05-11 10:36:21,PK401P8800,PK401P8800,175.5,0.0,0.0,0.0,1,32.5,763.5,10,175.5,0.0,0.0,0.0,0.0,0.0,110
2023-05-11 10:36:22,PK401P8800,PK401P8800,175.5,0.0,0.0,0.0,1,34.0,762.0,1,175.5,0.0,0.0,0.0,0.0,0.0,110
2023-05-11 10:36:22,PK401P8800,PK401P8800,175.5,0.0,0.0,0.0,1,34.5,762.0,1,175.5,0.0,0.0,0.0,0.0,0.0,110
2023-05-11 10:36:23,PK401P8800,PK401P8800,175.5,0.0,0.0,0.0,10,36.5,761.5,10,175.5,0.0,0.0,0.0,0.0,0.0,110
2023-05-11 10:36:23,PK401P8800,PK401P8800,175.5,0.0,0.0,0.0,1,38.0,760.0,1,175.5,0.0,0.0,0.0,0.0,0.0,110
2023-05-11 10:36:24,PK401P8800,PK401P8800,175.5,0.0,0.0,0.0,10,38.5,759.5,10,175.5,0.0,0.0,0.0,0.0,0.0,110
2023-05-11 10:36:24,PK401P8800,PK401P8800,175.5,0.0,0.0,0.0,1,42.5,758.0,1,175.5,0.0,0.0,0.0,0.0,0.0,110
2023-05-11 10:36:25,PK401P8800,PK401P8800,175.5,0.0,0.0,0.0,1,44.0,757.5,10,175.5,0.0,0.0,0.0,0.0,0.0,110
2023-05-11 10:36:25,PK401P8800,PK401P8800,175.5,0.0,0.0,0.0,1,48.0,756.0,1,175.5,0.0,0.0,0.0,0.0,0.0,110
2023-05-11 10:36:26,PK401P8800,PK401P8800,175.5,0.0,0.0,0.0,10,48.5,755.5,10,175.5,0.0,0.0,0.0,0.0,0.0,110
2023-05-11 10:36:26,PK401P8800,PK401P8800,175.5,0.0,0.0,0.0,1,49.0,754.0,1,175.5,0.0,0.0,0.0,0.0,0.0,110
2023-05-11 10:36:27,PK401P8800,PK401P8800,175.5,0.0,0.0,0.0,10,49.5,753.5,10,175.5,0.0,0.0,0.0,0.0,0.0,110
2023-05-11 10:36:27,PK401P8800,PK401P8800,175.5,0.0,0.0,0.0,1,50.5,752.0,1,175.5,0.0,0.0,0.0,0.0,0.0,110
2023-05-11 10:36:28,PK401P8800,PK401P8800,175.5,0.0,0.0,0.0,10,51.0,751.5,10,175.5,0.0,0.0,0.0,0.0,0.0,110
2023-05-11 10:36:28,PK401P8800,PK401P8800,175.5,0.0,0.0,0.0,1,59.0,750.0,1,175.5,0.0,0.0,0.0,0.0,0.0,110
2023-05-11 10:36:29,PK401P8800,PK401P8800,175.5,0.0,0.0,0.0,1,60.5,749.5,10,175.5,0.0,0.0,0.0,0.0,0.0,110
2023-05-11 10:36:29,PK401P8800,PK401P8800,175.5,0.0,0.0,0.0,10,61.0,748.0,1,175.5,0.0,0.0,0.0,0.0,0.0,110
2023-05-11 10:36:30,PK401P8800,PK401P8800,175.5,0.0,0.0,0.0,1,64.5,747.5,10,175.5,0.0,0.0,0.0,0.0,0.0,110
2023-05-11 10:36:30,PK401P8800,PK401P8800,175.5,0.0,0.0,0.0,10,65.0,746.0,1,175.5,0.0,0.0,0.0,0.0,0.0,110
2023-05-11 10:36:31,PK401P8800,PK401P8800,175.5,0.0,0.0,0.0,1,73.0,745.5,10,175.5,0.0,0.0,0.0,0.0,0.0,110
2023-05-11 10:36:32,PK401P8800,PK401P8800,175.5,0.0,0.0,0.0,10,73.5,744.0,1,175.5,0.0,0.0,0.0,0.0,0.0,110
2023-05-11 10:36:33,PK401P8800,PK401P8800,175.5,0.0,0.0,0.0,1,77.5,743.5,10,175.5,0.0,0.0,0.0,0.0,0.0,110
2023-05-11 10:36:33,PK401P8800,PK401P8800,175.5,0.0,0.0,0.0,10,78.0,742.0,1,175.5,0.0,0.0,0.0,0.0,0.0,110
2023-05-11 10:36:34,PK401P8800,PK401P8800,175.5,0.0,0.0,0.0,1,82.0,741.5,10,175.5,0.0,0.0,0.0,0.0,0.0,110
2023-05-11 10:36:34,PK401P8800,PK401P8800,175.5,0.0,0.0,0.0,10,82.5,740.0,1,175.5,0.0,0.0,0.0,0.0,0.0,110
2023-05-11 10:36:35,PK401P8800,PK401P8800,175.5,0.0,0.0,0.0,1,83.0,739.5,10,175.5,0.0,0.0,0.0,0.0,0.0,110
2023-05-11 10:36:35,PK401P8800,PK401P8800,175.5,0.0,0.0,0.0,10,83.5,738.0,1,175.5,0.0,0.0,0.0,0.0,0.0,110
2023-05-11 10:36:36,PK401P8800,PK401P8800,175.5,0.0,0.0,0.0,1,84.0,738.0,1,175.5,0.0,0.0,0.0,0.0,0.0,110
2023-05-11 10:36:36,PK401P8800,PK401P8800,175.5,0.0,0.0,0.0,10,84.5,737.5,10,175.5,0.0,0.0,0.0,0.0,0.0,110
2023-05-11 10:36:37,PK401P8800,PK401P8800,175.5,0.0,0.0,0.0,1,85.0,736.0,1,175.5,0.0,0.0,0.0,0.0,0.0,110
2023-05-11 10:36:37,PK401P8800,PK401P8800,175.5,0.0,0.0,0.0,10,85.5,735.5,10,175.5,0.0,0.0,0.0,0.0,0.0,110
2023-05-11 10:36:38,PK401P8800,PK401P8800,175.5,0.0,0.0,0.0,1,86.0,734.0,1,175.5,0.0,0.0,0.0,0.0,0.0,110
2023-05-11 10:36:53,PK401P8800,PK401P8800,175.5,0.0,0.0,0.0,10,86.5,733.5,10,175.5,0.0,0.0,0.0,0.0,0.0,110
2023-05-11 10:36:54,PK401P8800,PK401P8800,175.5,0.0,0.0,0.0,10,86.5,732.0,1,175.5,0.0,0.0,0.0,0.0,0.0,110
2023-05-11 10:36:54,PK401P8800,PK401P8800,175.5,0.0,0.0,0.0,10,86.5,731.5,10,175.5,0.0,0.0,0.0,0.0,0.0,110
2023-05-11 10:36:55,PK401P8800,PK401P8800,175.5,0.0,0.0,0.0,10,86.5,730.0,1,175.5,0.0,0.0,0.0,0.0,0.0,110
2023-05-11 10:36:55,PK401P8800,PK401P8800,175.5,0.0,0.0,0.0,10,86.5,729.5,10,175.5,0.0,0.0,0.0,0.0,0.0,110
2023-05-11 10:36:56,PK401P8800,PK401P8800,175.5,0.0,0.0,0.0,10,86.5,728.0,1,175.5,0.0,0.0,0.0,0.0,0.0,110
2023-05-11 10:36:56,PK401P8800,PK401P8800,175.5,0.0,0.0,0.0,1,94.5,727.5,10,175.5,0.0,0.0,0.0,0.0,0.0,110
2023-05-11 10:36:57,PK401P8800,PK401P8800,175.5,0.0,0.0,0.0,10,95.0,726.0,1,175.5,0.0,0.0,0.0,0.0,0.0,110
2023-05-11 10:36:57,PK401P8800,PK401P8800,175.5,0.0,0.0,0.0,10,95.0,725.5,10,175.5,0.0,0.0,0.0,0.0,0.0,110
2023-05-11 10:36:58,PK401P8800,PK401P8800,175.5,0.0,0.0,0.0,10,95.0,724.0,1,175.5,0.0,0.0,0.0,0.0,0.0,110
2023-05-11 10:36:58,PK401P8800,PK401P8800,175.5,0.0,0.0,0.0,10,95.0,723.5,10,175.5,0.0,0.0,0.0,0.0,0.0,110
2023-05-11 10:36:59,PK401P8800,PK401P8800,175.5,0.0,0.0,0.0,1,103.0,722.0,1,175.5,0.0,0.0,0.0,0.0,0.0,110
2023-05-11 10:36:59,PK401P8800,PK401P8800,175.5,0.0,0.0,0.0,10,103.5,721.5,10,175.5,0.0,0.0,0.0,0.0,0.0,110
2023-05-11 10:37:00,PK401P8800,PK401P8800,175.5,0.0,0.0,0.0,10,103.5,720.0,1,175.5,0.0,0.0,0.0,0.0,0.0,110
2023-05-11 10:37:00,PK401P8800,PK401P8800,175.5,0.0,0.0,0.0,10,103.5,719.5,10,175.5,0.0,0.0,0.0,0.0,0.0,110
2023-05-11 10:37:01,PK401P8800,PK401P8800,175.5,0.0,0.0,0.0,1,107.5,719.5,10,175.5,0.0,0.0,0.0,0.0,0.0,110
2023-05-11 10:37:02,PK401P8800,PK401P8800,175.5,0.0,0.0,0.0,1,107.5,718.0,1,175.5,0.0,0.0,0.0,0.0,0.0,110
2023-05-11 10:37:02,PK401P8800,PK401P8800,175.5,0.0,0.0,0.0,10,108.0,717.5,10,175.5,0.0,0.0,0.0,0.0,0.0,110
2023-05-11 10:37:03,PK401P8800,PK401P8800,175.5,0.0,0.0,0.0,10,108.0,716.0,1,175.5,0.0,0.0,0.0,0.0,0.0,110
2023-05-11 10:37:03,PK401P8800,PK401P8800,175.5,0.0,0.0,0.0,1,108.5,715.5,10,175.5,0.0,0.0,0.0,0.0,0.0,110
2023-05-11 10:37:04,PK401P8800,PK401P8800,175.5,0.0,0.0,0.0,10,109.0,715.5,10,175.5,0.0,0.0,0.0,0.0,0.0,110
2023-05-11 10:37:05,PK401P8800,PK401P8800,175.5,0.0,0.0,0.0,1,109.5,715.5,10,175.5,0.0,0.0,0.0,0.0,0.0,110
2023-05-11 10:37:06,PK401P8800,PK401P8800,175.5,0.0,0.0,0.0,10,110.0,715.5,10,175.5,0.0,0.0,0.0,0.0,0.0,110
2023-05-11 10:37:07,PK401P8800,PK401P8800,175.5,0.0,0.0,0.0,1,110.5,715.5,10,175.5,0.0,0.0,0.0,0.0,0.0,110
2023-05-11 10:37:07,PK401P8800,PK401P8800,175.5,0.0,0.0,0.0,10,111.0,715.5,10,175.5,0.0,0.0,0.0,0.0,0.0,110
2023-05-11 10:37:08,PK401P8800,PK401P8800,175.5,0.0,0.0,0.0,1,111.5,715.5,10,175.5,0.0,0.0,0.0,0.0,0.0,110
2023-05-11 10:37:09,PK401P8800,PK401P8800,175.5,0.0,0.0,0.0,10,112.0,715.5,10,175.5,0.0,0.0,0.0,0.0,0.0,110
2023-05-11 10:37:10,PK401P8800,PK401P8800,175.5,0.0,0.0,0.0,1,112.5,715.5,10,175.5,0.0,0.0,0.0,0.0,0.0,110
2023-05-11 10:37:10,PK401P8800,PK401P8800,175.5,0.0,0.0,0.0,10,113.0,715.5,10,175.5,0.0,0.0,0.0,0.0,0.0,110
2023-05-11 10:37:49,PK401P8800,PK401P8800,175.5,0.0,0.0,0.0,1,113.5,715.5,10,175.5,0.0,0.0,0.0,0.0,0.0,110
2023-05-11 10:37:50,PK401P8800,PK401P8800,175.5,0.0,0.0,0.0,10,114.0,715.5,10,175.5,0.0,0.0,0.0,0.0,0.0,110
2023-05-11 10:37:51,PK401P8800,PK401P8800,175.5,0.0,0.0,0.0,1,114.5,715.5,10,175.5,0.0,0.0,0.0,0.0,0.0,110
2023-05-11 10:37:52,PK401P8800,PK401P8800,175.5,0.0,0.0,0.0,10,115.0,715.5,10,175.5,0.0,0.0,0.0,0.0,0.0,110
2023-05-11 10:37:53,PK401P8800,PK401P8800,175.5,0.0,0.0,0.0,1,115.5,715.5,10,175.5,0.0,0.0,0.0,0.0,0.0,110
2023-05-11 10:37:53,PK401P8800,PK401P8800,175.5,0.0,0.0,0.0,10,116.0,715.5,10,175.5,0.0,0.0,0.0,0.0,0.0,110
2023-05-11 10:37:53,PK401P8800,PK401P8800,175.5,0.0,0.0,0.0,1,115.5,715.5,10,175.5,0.0,0.0,0.0,0.0,0.0,110
2023-05-11 10:37:53,PK401P8800,PK401P8800,175.5,0.0,0.0,0.0,10,116.0,715.5,10,175.5,0.0,0.0,0.0,0.0,0.0,110
2023-05-11 10:37:54,PK401P8800,PK401P8800,175.5,0.0,0.0,0.0,1,116.5,715.5,10,175.5,0.0,0.0,0.0,0.0,0.0,110
2023-05-11 10:37:55,PK401P8800,PK401P8800,175.5,0.0,0.0,0.0,10,117.0,715.5,10,175.5,0.0,0.0,0.0,0.0,0.0,110
2023-05-11 10:37:56,PK401P8800,PK401P8800,175.5,0.0,0.0,0.0,1,117.5,715.5,10,175.5,0.0,0.0,0.0,0.0,0.0,110
2023-05-11 10:37:56,PK401P8800,PK401P8800,175.5,0.0,0.0,0.0,10,118.0,715.5,10,175.5,0.0,0.0,0.0,0.0,0.0,110
2023-05-11 10:37:57,PK401P8800,PK401P8800,175.5,0.0,0.0,0.0,1,118.5,715.5,10,175.5,0.0,0.0,0.0,0.0,0.0,110
2023-05-11 10:37:57,PK401P8800,PK401P8800,175.5,0.0,0.0,0.0,10,119.0,715.5,10,175.5,0.0,0.0,0.0,0.0,0.0,110
2023-05-11 10:37:58,PK401P8800,PK401P8800,175.5,0.0,0.0,0.0,1,119.5,715.5,10,175.5,0.0,0.0,0.0,0.0,0.0,110
2023-05-11 10:37:58,PK401P8800,PK401P8800,175.5,0.0,0.0,0.0,10,120.0,715.5,10,175.5,0.0,0.0,0.0,0.0,0.0,110
2023-05-11 10:39:09,PK401P8800,PK401P8800,175.5,0.0,0.0,0.0,1,120.5,715.5,10,175.5,0.0,0.0,0.0,0.0,0.0,110
2023-05-11 10:39:09,PK401P8800,PK401P8800,175.5,0.0,0.0,0.0,10,121.0,715.5,10,175.5,0.0,0.0,0.0,0.0,0.0,110
2023-05-11 10:39:10,PK401P8800,PK401P8800,175.5,0.0,0.0,0.0,1,121.5,715.5,10,175.5,0.0,0.0,0.0,0.0,0.0,110
2023-05-11 10:39:10,PK401P8800,PK401P8800,175.5,0.0,0.0,0.0,10,122.0,715.5,10,175.5,0.0,0.0,0.0,0.0,0.0,110
2023-05-11 10:39:11,PK401P8800,PK401P8800,175.5,0.0,0.0,0.0,1,122.5,715.5,10,175.5,0.0,0.0,0.0,0.0,0.0,110
2023-05-11 10:39:11,PK401P8800,PK401P8800,175.5,0.0,0.0,0.0,10,123.0,715.5,10,175.5,0.0,0.0,0.0,0.0,0.0,110
2023-05-11 10:39:12,PK401P8800,PK401P8800,175.5,0.0,0.0,0.0,1,123.5,715.5,10,175.5,0.0,0.0,0.0,0.0,0.0,110
2023-05-11 10:39:12,PK401P8800,PK401P8800,175.5,0.0,0.0,0.0,10,124.0,715.5,10,175.5,0.0,0.0,0.0,0.0,0.0,110
2023-05-11 10:39:13,PK401P8800,PK401P8800,175.5,0.0,0.0,0.0,1,124.5,715.5,10,175.5,0.0,0.0,0.0,0.0,0.0,110
2023-05-11 10:39:13,PK401P8800,PK401P8800,175.5,0.0,0.0,0.0,10,125.0,715.5,10,175.5,0.0,0.0,0.0,0.0,0.0,110
2023-05-11 10:39:14,PK401P8800,PK401P8800,175.5,0.0,0.0,0.0,1,125.5,715.5,10,175.5,0.0,0.0,0.0,0.0,0.0,110
2023-05-11 10:39:15,PK401P8800,PK401P8800,175.5,0.0,0.0,0.0,10,126.0,715.5,10,175.5,0.0,0.0,0.0,0.0,0.0,110
2023-05-11 10:39:16,PK401P8800,PK401P8800,175.5,0.0,0.0,0.0,1,126.5,715.5,10,175.5,0.0,0.0,0.0,0.0,0.0,110
2023-05-11 10:39:16,PK401P8800,PK401P8800,175.5,0.0,0.0,0.0,10,127.0,715.5,10,175.5,0.0,0.0,0.0,0.0,0.0,110
2023-05-11 10:39:17,PK401P8800,PK401P8800,175.5,0.0,0.0,0.0,1,127.5,715.5,10,175.5,0.0,0.0,0.0,0.0,0.0,110
2023-05-11 10:39:17,PK401P8800,PK401P8800,175.5,0.0,0.0,0.0,10,128.0,715.5,10,175.5,0.0,0.0,0.0,0.0,0.0,110
2023-05-11 10:39:18,PK401P8800,PK401P8800,175.5,0.0,0.0,0.0,1,128.5,715.5,10,175.5,0.0,0.0,0.0,0.0,0.0,110
2023-05-11 10:39:19,PK401P8800,PK401P8800,175.5,0.0,0.0,0.0,10,129.0,715.5,10,175.5,0.0,0.0,0.0,0.0,0.0,110
2023-05-11 10:39:30,PK401P8800,PK401P8800,175.5,0.0,0.0,0.0,1,137.0,715.5,10,175.5,0.0,0.0,0.0,0.0,0.0,110
2023-05-11 10:39:30,PK401P8800,PK401P8800,175.5,0.0,0.0,0.0,11,137.0,715.5,10,175.5,0.0,0.0,0.0,0.0,0.0,110
2023-05-11 10:39:54,PK401P8800,PK401P8800,175.5,0.0,0.0,0.0,10,137.0,715.5,10,175.5,0.0,0.0,0.0,0.0,0.0,110
2023-05-11 10:39:57,PK401P8800,PK401P8800,175.5,0.0,0.0,0.0,10,7.5,715.5,10,175.5,0.0,0.0,0.0,0.0,0.0,110
2023-05-11 10:39:57,PK401P8800,PK401P8800,175.5,0.0,0.0,0.0,1,15.5,715.5,10,175.5,0.0,0.0,0.0,0.0,0.0,110
2023-05-11 10:39:58,PK401P8800,PK401P8800,175.5,0.0,0.0,0.0,10,16.0,715.5,10,175.5,0.0,0.0,0.0,0.0,0.0,110
2023-05-11 10:39:59,PK401P8800,PK401P8800,175.5,0.0,0.0,0.0,1,24.0,715.5,10,175.5,0.0,0.0,0.0,0.0,0.0,110
2023-05-11 10:39:59,PK401P8800,PK401P8800,175.5,0.0,0.0,0.0,10,24.5,715.5,10,175.5,0.0,0.0,0.0,0.0,0.0,110
2023-05-11 10:40:00,PK401P8800,PK401P8800,175.5,0.0,0.0,0.0,1,32.5,715.5,10,175.5,0.0,0.0,0.0,0.0,0.0,110
2023-05-11 10:40:00,PK401P8800,PK401P8800,175.5,0.0,0.0,0.0,10,33.0,715.5,10,175.5,0.0,0.0,0.0,0.0,0.0,110
2023-05-11 10:40:01,PK401P8800,PK401P8800,175.5,0.0,0.0,0.0,1,41.0,715.5,10,175.5,0.0,0.0,0.0,0.0,0.0,110
2023-05-11 10:40:47,PK401P8800,PK401P8800,175.5,0.0,0.0,0.0,10,41.5,715.5,10,175.5,0.0,0.0,0.0,0.0,0.0,110
2023-05-11 10:40:49,PK401P8800,PK401P8800,175.5,0.0,0.0,0.0,1,49.5,715.5,10,175.5,0.0,0.0,0.0,0.0,0.0,110
2023-05-11 10:41:48,PK401P8800,PK401P8800,175.5,0.0,0.0,0.0,10,50.0,715.5,10,175.5,0.0,0.0,0.0,0.0,0.0,110
2023-05-11 10:41:50,PK401P8800,PK401P8800,175.5,0.0,0.0,0.0,1,58.0,715.5,10,175.5,0.0,0.0,0.0,0.0,0.0,110
2023-05-11 10:42:19,PK401P8800,PK401P8800,175.5,0.0,0.0,0.0,10,58.5,715.5,10,175.5,0.0,0.0,0.0,0.0,0.0,110
2023-05-11 10:42:21,PK401P8800,PK401P8800,175.5,0.0,0.0,0.0,1,66.5,715.5,10,175.5,0.0,0.0,0.0,0.0,0.0,110
2023-05-11 10:43:16,PK401P8800,PK401P8800,175.5,0.0,0.0,0.0,10,67.0,715.5,10,175.5,0.0,0.0,0.0,0.0,0.0,110
2023-05-11 10:43:18,PK401P8800,PK401P8800,175.5,0.0,0.0,0.0,1,75.0,715.5,10,175.5,0.0,0.0,0.0,0.0,0.0,110
2023-05-11 10:43:18,PK401P8800,PK401P8800,175.5,0.0,0.0,0.0,10,75.5,715.5,10,175.5,0.0,0.0,0.0,0.0,0.0,110
2023-05-11 10:43:19,PK401P8800,PK401P8800,175.5,0.0,0.0,0.0,1,83.5,715.5,10,175.5,0.0,0.0,0.0,0.0,0.0,110
2023-05-11 10:43:19,PK401P8800,PK401P8800,175.5,0.0,0.0,0.0,10,84.0,715.5,10,175.5,0.0,0.0,0.0,0.0,0.0,110
2023-05-11 10:43:21,PK401P8800,PK401P8800,175.5,0.0,0.0,0.0,1,92.0,715.5,10,175.5,0.0,0.0,0.0,0.0,0.0,110
2023-05-11 10:43:21,PK401P8800,PK401P8800,175.5,0.0,0.0,0.0,10,92.5,715.5,10,175.5,0.0,0.0,0.0,0.0,0.0,110
2023-05-11 10:43:22,PK401P8800,PK401P8800,175.5,0.0,0.0,0.0,1,100.5,715.5,10,175.5,0.0,0.0,0.0,0.0,0.0,110
2023-05-11 10:43:22,PK401P8800,PK401P8800,175.5,0.0,0.0,0.0,10,101.0,715.5,10,175.5,0.0,0.0,0.0,0.0,0.0,110
2023-05-11 10:43:23,PK401P8800,PK401P8800,175.5,0.0,0.0,0.0,1,109.0,715.5,10,175.5,0.0,0.0,0.0,0.0,0.0,110
2023-05-11 10:43:23,PK401P8800,PK401P8800,175.5,0.0,0.0,0.0,10,109.5,715.5,10,175.5,0.0,0.0,0.0,0.0,0.0,110
2023-05-11 10:43:24,PK401P8800,PK401P8800,175.5,0.0,0.0,0.0,1,117.5,715.5,10,175.5,0.0,0.0,0.0,0.0,0.0,110
2023-05-11 10:43:24,PK401P8800,PK401P8800,175.5,0.0,0.0,0.0,10,118.0,715.5,10,175.5,0.0,0.0,0.0,0.0,0.0,110
2023-05-11 10:43:25,PK401P8800,PK401P8800,175.5,0.0,0.0,0.0,1,126.0,715.5,10,175.5,0.0,0.0,0.0,0.0,0.0,110
2023-05-11 10:44:23,PK401P8800,PK401P8800,175.5,0.0,0.0,0.0,10,126.5,715.5,10,175.5,0.0,0.0,0.0,0.0,0.0,110
2023-05-11 10:44:24,PK401P8800,PK401P8800,175.5,0.0,0.0,0.0,1,127.0,715.5,10,175.5,0.0,0.0,0.0,0.0,0.0,110
2023-05-11 10:44:25,PK401P8800,PK401P8800,175.5,0.0,0.0,0.0,10,127.5,715.5,10,175.5,0.0,0.0,0.0,0.0,0.0,110
2023-05-11 10:44:26,PK401P8800,PK401P8800,175.5,0.0,0.0,0.0,1,128.0,715.5,10,175.5,0.0,0.0,0.0,0.0,0.0,110
2023-05-11 10:45:20,PK401P8800,PK401P8800,175.5,0.0,0.0,0.0,10,128.5,715.5,10,175.5,0.0,0.0,0.0,0.0,0.0,110
2023-05-11 10:45:22,PK401P8800,PK401P8800,175.5,0.0,0.0,0.0,1,129.0,715.5,10,175.5,0.0,0.0,0.0,0.0,0.0,110
2023-05-11 10:45:23,PK401P8800,PK401P8800,175.5,0.0,0.0,0.0,10,129.5,715.5,10,175.5,0.0,0.0,0.0,0.0,0.0,110
2023-05-11 10:45:24,PK401P8800,PK401P8800,175.5,0.0,0.0,0.0,1,130.0,715.5,10,175.5,0.0,0.0,0.0,0.0,0.0,110
2023-05-11 10:45:25,PK401P8800,PK401P8800,175.5,0.0,0.0,0.0,10,130.5,715.5,10,175.5,0.0,0.0,0.0,0.0,0.0,110
2023-05-11 10:45:25,PK401P8800,PK401P8800,175.5,0.0,0.0,0.0,1,131.0,715.5,10,175.5,0.0,0.0,0.0,0.0,0.0,110
2023-05-11 10:45:26,PK401P8800,PK401P8800,175.5,0.0,0.0,0.0,10,131.5,715.5,10,175.5,0.0,0.0,0.0,0.0,0.0,110
2023-05-11 10:45:26,PK401P8800,PK401P8800,175.5,0.0,0.0,0.0,1,132.0,715.5,10,175.5,0.0,0.0,0.0,0.0,0.0,110
2023-05-11 10:45:27,PK401P8800,PK401P8800,175.5,0.0,0.0,0.0,10,132.5,715.5,10,175.5,0.0,0.0,0.0,0.0,0.0,110
2023-05-11 10:50:42,PK401P8800,PK401P8800,175.5,0.0,0.0,0.0,3,167.5,187.5,3,175.5,0.0,0.0,0.0,0.0,0.0,110
2023-05-11 10:50:42,PK401P8800,PK401P8800,175.5,0.0,0.0,0.0,9,167.5,187.5,9,175.5,0.0,0.0,0.0,0.0,0.0,110
2023-05-11 10:50:43,PK401P8800,PK401P8800,175.5,0.0,0.0,0.0,12,167.5,187.5,12,175.5,0.0,0.0,0.0,0.0,0.0,110
2023-05-11 10:50:45,PK401P8800,PK401P8800,175.5,0.0,0.0,0.0,15,167.5,187.0,3,175.5,0.0,0.0,0.0,0.0,0.0,110
2023-05-11 10:50:45,PK401P8800,PK401P8800,175.5,0.0,0.0,0.0,18,167.5,187.0,9,175.5,0.0,0.0,0.0,0.0,0.0,110
2023-05-11 10:50:48,PK401P8800,PK401P8800,175.5,0.0,0.0,0.0,3,171.0,187.0,12,175.5,0.0,0.0,0.0,0.0,0.0,110
2023-05-11 10:50:48,PK401P8800,PK401P8800,175.5,0.0,0.0,0.0,9,171.0,187.0,12,175.5,0.0,0.0,0.0,0.0,0.0,110
2023-05-11 10:50:49,PK401P8800,PK401P8800,175.5,0.0,0.0,0.0,12,171.0,187.0,15,175.5,0.0,0.0,0.0,0.0,0.0,110
2023-05-11 10:50:49,PK401P8800,PK401P8800,175.5,0.0,0.0,0.0,12,171.0,187.0,18,175.5,0.0,0.0,0.0,0.0,0.0,110
2023-05-11 10:50:51,PK401P8800,PK401P8800,175.5,0.0,0.0,0.0,9,172.5,187.0,24,175.5,0.0,0.0,0.0,0.0,0.0,110
2023-05-11 10:50:52,PK401P8800,PK401P8800,175.5,0.0,0.0,0.0,12,172.5,187.0,27,175.5,0.0,0.0,0.0,0.0,0.0,110
2023-05-11 10:50:54,PK401P8800,PK401P8800,175.5,0.0,0.0,0.0,15,172.5,187.0,30,175.5,0.0,0.0,0.0,0.0,0.0,110
2023-05-11 10:50:56,PK401P8800,PK401P8800,175.5,0.0,0.0,0.0,15,172.5,187.0,27,175.5,0.0,0.0,0.0,0.0,0.0,110
2023-05-11 10:50:57,PK401P8800,PK401P8800,175.5,0.0,0.0,0.0,15,172.5,187.0,24,175.5,0.0,0.0,0.0,0.0,0.0,110
2023-05-11 10:50:59,PK401P8800,PK401P8800,175.5,0.0,0.0,0.0,15,172.5,187.0,21,175.5,0.0,0.0,0.0,0.0,0.0,110
2023-05-11 10:51:00,PK401P8800,PK401P8800,175.5,0.0,0.0,0.0,15,172.5,187.0,18,175.5,0.0,0.0,0.0,0.0,0.0,110
2023-05-11 10:51:01,PK401P8800,PK401P8800,175.5,0.0,0.0,0.0,12,172.5,187.0,15,175.5,0.0,0.0,0.0,0.0,0.0,110
2023-05-11 10:51:01,PK401P8800,PK401P8800,175.5,0.0,0.0,0.0,12,172.5,187.0,12,175.5,0.0,0.0,0.0,0.0,0.0,110
2023-05-11 10:51:02,PK401P8800,PK401P8800,175.5,0.0,0.0,0.0,6,172.5,187.0,6,175.5,0.0,0.0,0.0,0.0,0.0,110
2023-05-11 10:51:03,PK401P8800,PK401P8800,175.5,0.0,0.0,0.0,3,172.5,187.0,3,175.5,0.0,0.0,0.0,0.0,0.0,110
2023-05-11 10:51:04,PK401P8800,PK401P8800,175.5,0.0,0.0,0.0,1,7.0,0.0,0,175.5,0.0,0.0,0.0,0.0,0.0,110
2023-05-11 10:51:05,PK401P8800,PK401P8800,175.5,0.0,0.0,0.0,1,15.0,859.5,10,175.5,0.0,0.0,0.0,0.0,0.0,110
2023-05-11 10:51:05,PK401P8800,PK401P8800,175.5,0.0,0.0,0.0,1,16.5,858.0,1,175.5,0.0,0.0,0.0,0.0,0.0,110
2023-05-11 10:51:06,PK401P8800,PK401P8800,175.5,0.0,0.0,0.0,1,24.5,858.0,1,175.5,0.0,0.0,0.0,0.0,0.0,110
2023-05-11 10:51:06,PK401P8800,PK401P8800,175.5,0.0,0.0,0.0,10,26.5,857.5,10,175.5,0.0,0.0,0.0,0.0,0.0,110
2023-05-11 10:51:07,PK401P8800,PK401P8800,175.5,0.0,0.0,0.0,1,34.5,856.0,1,175.5,0.0,0.0,0.0,0.0,0.0,110
2023-05-11 10:51:07,PK401P8800,PK401P8800,175.5,0.0,0.0,0.0,1,36.0,856.0,1,175.5,0.0,0.0,0.0,0.0,0.0,110
2023-05-11 10:51:08,PK401P8800,PK401P8800,175.5,0.0,0.0,0.0,1,44.0,855.5,10,175.5,0.0,0.0,0.0,0.0,0.0,110
2023-05-11 10:51:08,PK401P8800,PK401P8800,175.5,0.0,0.0,0.0,10,46.0,854.0,1,175.5,0.0,0.0,0.0,0.0,0.0,110
2023-05-11 10:51:09,PK401P8800,PK401P8800,175.5,0.0,0.0,0.0,10,46.0,853.5,10,175.5,0.0,0.0,0.0,0.0,0.0,110
2023-05-11 10:51:09,PK401P8800,PK401P8800,175.5,0.0,0.0,0.0,1,54.0,853.5,10,175.5,0.0,0.0,0.0,0.0,0.0,110
2023-05-11 10:51:09,PK401P8800,PK401P8800,175.5,0.0,0.0,0.0,10,54.5,853.5,10,175.5,0.0,0.0,0.0,0.0,0.0,110
2023-05-11 10:51:10,PK401P8800,PK401P8800,175.5,0.0,0.0,0.0,1,62.5,853.5,10,175.5,0.0,0.0,0.0,0.0,0.0,110
2023-05-11 10:53:28,PK401P8800,PK401P8800,175.5,0.0,0.0,0.0,10,63.0,853.5,10,175.5,0.0,0.0,0.0,0.0,0.0,110
2023-05-11 10:53:30,PK401P8800,PK401P8800,175.5,0.0,0.0,0.0,1,71.0,853.5,10,175.5,0.0,0.0,0.0,0.0,0.0,110
2023-05-11 10:53:31,PK401P8800,PK401P8800,175.5,0.0,0.0,0.0,10,71.5,853.5,10,175.5,0.0,0.0,0.0,0.0,0.0,110
2023-05-11 10:53:32,PK401P8800,PK401P8800,175.5,0.0,0.0,0.0,1,79.5,853.5,10,175.5,0.0,0.0,0.0,0.0,0.0,110
2023-05-11 10:56:17,PK401P8800,PK401P8800,175.5,0.0,0.0,0.0,10,80.0,853.5,10,175.5,0.0,0.0,0.0,0.0,0.0,110
2023-05-11 10:56:18,PK401P8800,PK401P8800,175.5,0.0,0.0,0.0,1,88.0,853.5,10,175.5,0.0,0.0,0.0,0.0,0.0,110
2023-05-11 10:56:19,PK401P8800,PK401P8800,175.5,0.0,0.0,0.0,10,88.5,853.5,10,175.5,0.0,0.0,0.0,0.0,0.0,110
2023-05-11 10:56:20,PK401P8800,PK401P8800,175.5,0.0,0.0,0.0,1,96.5,853.5,10,175.5,0.0,0.0,0.0,0.0,0.0,110
2023-05-11 10:57:17,PK401P8800,PK401P8800,175.5,0.0,0.0,0.0,10,97.0,853.5,10,175.5,0.0,0.0,0.0,0.0,0.0,110
2023-05-11 10:57:18,PK401P8800,PK401P8800,175.5,0.0,0.0,0.0,1,105.0,853.5,10,175.5,0.0,0.0,0.0,0.0,0.0,110
2023-05-11 10:57:18,PK401P8800,PK401P8800,175.5,0.0,0.0,0.0,10,105.5,853.5,10,175.5,0.0,0.0,0.0,0.0,0.0,110
2023-05-11 10:57:20,PK401P8800,PK401P8800,175.5,0.0,0.0,0.0,1,113.5,853.5,10,175.5,0.0,0.0,0.0,0.0,0.0,110
2023-05-11 10:57:20,PK401P8800,PK401P8800,175.5,0.0,0.0,0.0,10,114.0,853.5,10,175.5,0.0,0.0,0.0,0.0,0.0,110
2023-05-11 10:57:22,PK401P8800,PK401P8800,175.5,0.0,0.0,0.0,1,122.0,853.5,10,175.5,0.0,0.0,0.0,0.0,0.0,110
2023-05-11 10:58:13,PK401P8800,PK401P8800,175.5,0.0,0.0,0.0,10,122.5,853.5,10,175.5,0.0,0.0,0.0,0.0,0.0,110
2023-05-11 10:58:14,PK401P8800,PK401P8800,175.5,0.0,0.0,0.0,1,126.5,853.5,10,175.5,0.0,0.0,0.0,0.0,0.0,110
2023-05-11 10:58:14,PK401P8800,PK401P8800,175.5,0.0,0.0,0.0,10,127.0,853.5,10,175.5,0.0,0.0,0.0,0.0,0.0,110
2023-05-11 10:58:15,PK401P8800,PK401P8800,175.5,0.0,0.0,0.0,1,127.5,853.5,10,175.5,0.0,0.0,0.0,0.0,0.0,110
2023-05-11 10:58:16,PK401P8800,PK401P8800,175.5,0.0,0.0,0.0,10,128.0,853.5,10,175.5,0.0,0.0,0.0,0.0,0.0,110
2023-05-11 10:58:17,PK401P8800,PK401P8800,175.5,0.0,0.0,0.0,1,128.5,853.5,10,175.5,0.0,0.0,0.0,0.0,0.0,110
2023-05-11 10:58:17,PK401P8800,PK401P8800,175.5,0.0,0.0,0.0,10,129.0,853.5,10,175.5,0.0,0.0,0.0,0.0,0.0,110
2023-05-11 10:58:18,PK401P8800,PK401P8800,175.5,0.0,0.0,0.0,1,129.5,853.5,10,175.5,0.0,0.0,0.0,0.0,0.0,110
2023-05-11 10:58:19,PK401P8800,PK401P8800,175.5,0.0,0.0,0.0,10,130.0,853.5,10,175.5,0.0,0.0,0.0,0.0,0.0,110
2023-05-11 10:58:20,PK401P8800,PK401P8800,175.5,0.0,0.0,0.0,1,130.5,853.5,10,175.5,0.0,0.0,0.0,0.0,0.0,110
2023-05-11 10:58:21,PK401P8800,PK401P8800,175.5,0.0,0.0,0.0,10,131.0,853.5,10,175.5,0.0,0.0,0.0,0.0,0.0,110
2023-05-11 10:58:22,PK401P8800,PK401P8800,175.5,0.0,0.0,0.0,1,131.5,853.5,10,175.5,0.0,0.0,0.0,0.0,0.0,110
2023-05-11 10:58:47,PK401P8800,PK401P8800,175.5,0.0,0.0,0.0,10,132.0,853.5,10,175.5,0.0,0.0,0.0,0.0,0.0,110
2023-05-11 11:02:54,PK401P8800,PK401P8800,175.5,0.0,0.0,0.0,10,132.0,852.0,1,175.5,0.0,0.0,0.0,0.0,0.0,110
2023-05-11 11:02:55,PK401P8800,PK401P8800,175.5,0.0,0.0,0.0,10,132.0,851.5,10,175.5,0.0,0.0,0.0,0.0,0.0,110
2023-05-11 11:02:55,PK401P8800,PK401P8800,175.5,0.0,0.0,0.0,10,132.0,850.0,1,175.5,0.0,0.0,0.0,0.0,0.0,110
2023-05-11 11:03:16,PK401P8800,PK401P8800,175.5,0.0,0.0,0.0,10,132.0,849.5,10,175.5,0.0,0.0,0.0,0.0,0.0,110
2023-05-11 11:03:16,PK401P8800,PK401P8800,175.5,0.0,0.0,0.0,10,132.0,848.0,1,175.5,0.0,0.0,0.0,0.0,0.0,110
2023-05-11 11:03:44,PK401P8800,PK401P8800,175.5,0.0,0.0,0.0,10,132.0,847.5,10,175.5,0.0,0.0,0.0,0.0,0.0,110
2023-05-11 11:03:44,PK401P8800,PK401P8800,175.5,0.0,0.0,0.0,10,132.0,846.0,1,175.5,0.0,0.0,0.0,0.0,0.0,110
2023-05-11 11:03:45,PK401P8800,PK401P8800,175.5,0.0,0.0,0.0,10,132.0,845.5,10,175.5,0.0,0.0,0.0,0.0,0.0,110
2023-05-11 11:03:45,PK401P8800,PK401P8800,175.5,0.0,0.0,0.0,10,132.0,844.0,1,175.5,0.0,0.0,0.0,0.0,0.0,110
2023-05-11 11:03:46,PK401P8800,PK401P8800,175.5,0.0,0.0,0.0,10,132.0,843.5,10,175.5,0.0,0.0,0.0,0.0,0.0,110
2023-05-11 11:03:46,PK401P8800,PK401P8800,175.5,0.0,0.0,0.0,10,132.0,842.0,1,175.5,0.0,0.0,0.0,0.0,0.0,110
2023-05-11 11:03:47,PK401P8800,PK401P8800,175.5,0.0,0.0,0.0,10,132.0,841.5,10,175.5,0.0,0.0,0.0,0.0,0.0,110
2023-05-11 11:03:47,PK401P8800,PK401P8800,175.5,0.0,0.0,0.0,10,132.0,840.0,1,175.5,0.0,0.0,0.0,0.0,0.0,110
2023-05-11 11:03:48,PK401P8800,PK401P8800,175.5,0.0,0.0,0.0,10,132.0,839.5,10,175.5,0.0,0.0,0.0,0.0,0.0,110
2023-05-11 11:03:48,PK401P8800,PK401P8800,175.5,0.0,0.0,0.0,10,132.0,838.0,1,175.5,0.0,0.0,0.0,0.0,0.0,110
2023-05-11 11:03:49,PK401P8800,PK401P8800,175.5,0.0,0.0,0.0,10,132.0,837.5,10,175.5,0.0,0.0,0.0,0.0,0.0,110
2023-05-11 11:03:49,PK401P8800,PK401P8800,175.5,0.0,0.0,0.0,10,132.0,836.0,1,175.5,0.0,0.0,0.0,0.0,0.0,110
2023-05-11 11:04:25,PK401P8800,PK401P8800,175.5,0.0,0.0,0.0,10,132.0,835.5,10,175.5,0.0,0.0,0.0,0.0,0.0,110
2023-05-11 11:04:25,PK401P8800,PK401P8800,175.5,0.0,0.0,0.0,10,132.0,834.0,1,175.5,0.0,0.0,0.0,0.0,0.0,110
2023-05-11 11:04:25,PK401P8800,PK401P8800,175.5,0.0,0.0,0.0,10,132.0,833.5,10,175.5,0.0,0.0,0.0,0.0,0.0,110
2023-05-11 11:22:54,PK401P8800,PK401P8800,175.5,0.0,0.0,0.0,10,132.0,832.0,1,175.5,0.0,0.0,0.0,0.0,0.0,110
2023-05-11 11:23:21,PK401P8800,PK401P8800,175.5,0.0,0.0,0.0,10,132.0,831.5,10,175.5,0.0,0.0,0.0,0.0,0.0,110
2023-05-11 11:23:21,PK401P8800,PK401P8800,175.5,0.0,0.0,0.0,10,132.0,830.0,1,175.5,0.0,0.0,0.0,0.0,0.0,110
2023-05-11 11:25:02,PK401P8800,PK401P8800,175.5,0.0,0.0,0.0,10,132.0,829.5,10,175.5,0.0,0.0,0.0,0.0,0.0,110
2023-05-11 11:25:03,PK401P8800,PK401P8800,175.5,0.0,0.0,0.0,10,132.0,828.0,1,175.5,0.0,0.0,0.0,0.0,0.0,110
2023-05-11 11:25:05,PK401P8800,PK401P8800,175.5,0.0,0.0,0.0,10,132.0,827.5,10,175.5,0.0,0.0,0.0,0.0,0.0,110
2023-05-11 11:25:06,PK401P8800,PK401P8800,175.5,0.0,0.0,0.0,10,132.0,826.0,1,175.5,0.0,0.0,0.0,0.0,0.0,110
2023-05-11 11:25:06,PK401P8800,PK401P8800,175.5,0.0,0.0,0.0,10,132.0,825.5,10,175.5,0.0,0.0,0.0,0.0,0.0,110
2023-05-11 11:25:07,PK401P8800,PK401P8800,175.5,0.0,0.0,0.0,10,132.0,824.0,1,175.5,0.0,0.0,0.0,0.0,0.0,110
2023-05-11 11:25:09,PK401P8800,PK401P8800,175.5,0.0,0.0,0.0,10,132.0,823.5,10,175.5,0.0,0.0,0.0,0.0,0.0,110
2023-05-11 11:25:09,PK401P8800,PK401P8800,175.5,0.0,0.0,0.0,10,132.0,822.0,1,175.5,0.0,0.0,0.0,0.0,0.0,110
2023-05-11 11:25:10,PK401P8800,PK401P8800,175.5,0.0,0.0,0.0,10,132.0,821.5,10,175.5,0.0,0.0,0.0,0.0,0.0,110
2023-05-11 11:25:10,PK401P8800,PK401P8800,175.5,0.0,0.0,0.0,10,132.0,820.0,1,175.5,0.0,0.0,0.0,0.0,0.0,110
2023-05-11 11:26:40,PK401P8800,PK401P8800,175.5,0.0,0.0,0.0,10,132.0,819.5,10,175.5,0.0,0.0,0.0,0.0,0.0,110
2023-05-11 11:26:40,PK401P8800,PK401P8800,175.5,0.0,0.0,0.0,10,132.0,818.0,1,175.5,0.0,0.0,0.0,0.0,0.0,110
2023-05-11 11:26:40,PK401P8800,PK401P8800,175.5,0.0,0.0,0.0,10,132.0,817.5,10,175.5,0.0,0.0,0.0,0.0,0.0,110
2023-05-11 11:26:41,PK401P8800,PK401P8800,175.5,0.0,0.0,0.0,10,132.0,816.0,1,175.5,0.0,0.0,0.0,0.0,0.0,110
2023-05-11 11:26:41,PK401P8800,PK401P8800,175.5,0.0,0.0,0.0,10,132.0,815.5,10,175.5,0.0,0.0,0.0,0.0,0.0,110
2023-05-11 11:26:42,PK401P8800,PK401P8800,175.5,0.0,0.0,0.0,10,132.0,814.0,1,175.5,0.0,0.0,0.0,0.0,0.0,110
2023-05-11 11:26:42,PK401P8800,PK401P8800,175.5,0.0,0.0,0.0,10,132.0,813.5,10,175.5,0.0,0.0,0.0,0.0,0.0,110
2023-05-11 11:29:32,PK401P8800,PK401P8800,175.5,0.0,0.0,0.0,1,7.0,0.0,0,175.5,0.0,0.0,0.0,0.0,0.0,110
2023-05-11 13:30:11,PK401P8800,PK401P8800,175.5,0.0,0.0,0.0,10,7.5,0.0,0,175.5,0.0,0.0,0.0,0.0,0.0,110
2023-05-11 13:31:14,PK401P8800,PK401P8800,175.5,0.0,0.0,0.0,1,15.5,0.0,0,175.5,0.0,0.0,0.0,0.0,0.0,110
2023-05-11 13:31:14,PK401P8800,PK401P8800,175.5,0.0,0.0,0.0,10,17.5,859.5,10,175.5,0.0,0.0,0.0,0.0,0.0,110
2023-05-11 13:31:17,PK401P8800,PK401P8800,175.5,0.0,0.0,0.0,1,19.0,858.0,1,175.5,0.0,0.0,0.0,0.0,0.0,110
2023-05-11 13:31:17,PK401P8800,PK401P8800,175.5,0.0,0.0,0.0,10,19.5,857.5,10,175.5,0.0,0.0,0.0,0.0,0.0,110
2023-05-11 13:31:19,PK401P8800,PK401P8800,175.5,0.0,0.0,0.0,1,21.0,857.5,10,175.5,0.0,0.0,0.0,0.0,0.0,110
2023-05-11 13:31:19,PK401P8800,PK401P8800,175.5,0.0,0.0,0.0,10,21.5,857.5,10,175.5,0.0,0.0,0.0,0.0,0.0,110
2023-05-11 13:31:20,PK401P8800,PK401P8800,175.5,0.0,0.0,0.0,1,23.0,856.0,1,175.5,0.0,0.0,0.0,0.0,0.0,110
2023-05-11 13:31:23,PK401P8800,PK401P8800,175.5,0.0,0.0,0.0,1,31.0,856.0,1,175.5,0.0,0.0,0.0,0.0,0.0,110
2023-05-11 13:31:23,PK401P8800,PK401P8800,175.5,0.0,0.0,0.0,1,32.5,856.0,1,175.5,0.0,0.0,0.0,0.0,0.0,110
2023-05-11 13:31:27,PK401P8800,PK401P8800,175.5,0.0,0.0,0.0,1,40.5,855.5,10,175.5,0.0,0.0,0.0,0.0,0.0,110
2023-05-11 13:31:27,PK401P8800,PK401P8800,175.5,0.0,0.0,0.0,1,42.0,854.0,1,175.5,0.0,0.0,0.0,0.0,0.0,110
2023-05-11 13:31:30,PK401P8800,PK401P8800,175.5,0.0,0.0,0.0,1,50.0,854.0,1,175.5,0.0,0.0,0.0,0.0,0.0,110
2023-05-11 13:31:30,PK401P8800,PK401P8800,175.5,0.0,0.0,0.0,1,51.5,853.5,10,175.5,0.0,0.0,0.0,0.0,0.0,110
2023-05-11 13:31:31,PK401P8800,PK401P8800,175.5,0.0,0.0,0.0,10,52.0,853.5,10,175.5,0.0,0.0,0.0,0.0,0.0,110
2023-05-11 13:31:32,PK401P8800,PK401P8800,175.5,0.0,0.0,0.0,1,60.0,853.5,10,175.5,0.0,0.0,0.0,0.0,0.0,110
2023-05-11 13:31:33,PK401P8800,PK401P8800,175.5,0.0,0.0,0.0,10,60.5,853.5,10,175.5,0.0,0.0,0.0,0.0,0.0,110
2023-05-11 13:31:34,PK401P8800,PK401P8800,175.5,0.0,0.0,0.0,1,68.5,853.5,10,175.5,0.0,0.0,0.0,0.0,0.0,110
2023-05-11 13:31:35,PK401P8800,PK401P8800,175.5,0.0,0.0,0.0,10,69.0,853.5,10,175.5,0.0,0.0,0.0,0.0,0.0,110
2023-05-11 13:31:36,PK401P8800,PK401P8800,175.5,0.0,0.0,0.0,1,77.0,853.5,10,175.5,0.0,0.0,0.0,0.0,0.0,110
2023-05-11 13:31:36,PK401P8800,PK401P8800,175.5,0.0,0.0,0.0,10,77.5,853.5,10,175.5,0.0,0.0,0.0,0.0,0.0,110
2023-05-11 13:31:38,PK401P8800,PK401P8800,175.5,0.0,0.0,0.0,1,85.5,853.5,10,175.5,0.0,0.0,0.0,0.0,0.0,110
2023-05-11 13:31:38,PK401P8800,PK401P8800,175.5,0.0,0.0,0.0,10,86.0,853.5,10,175.5,0.0,0.0,0.0,0.0,0.0,110
2023-05-11 13:31:39,PK401P8800,PK401P8800,175.5,0.0,0.0,0.0,1,94.0,853.5,10,175.5,0.0,0.0,0.0,0.0,0.0,110
2023-05-11 13:31:40,PK401P8800,PK401P8800,175.5,0.0,0.0,0.0,10,94.5,853.5,10,175.5,0.0,0.0,0.0,0.0,0.0,110
2023-05-11 13:31:40,PK401P8800,PK401P8800,175.5,0.0,0.0,0.0,1,102.5,853.5,10,175.5,0.0,0.0,0.0,0.0,0.0,110
2023-05-11 13:32:14,PK401P8800,PK401P8800,175.5,0.0,0.0,0.0,10,103.0,853.0,1,175.5,0.0,0.0,0.0,0.0,0.0,110
2023-05-11 13:32:15,PK401P8800,PK401P8800,175.5,0.0,0.0,0.0,1,111.0,852.5,10,175.5,0.0,0.0,0.0,0.0,0.0,110
2023-05-11 13:32:15,PK401P8800,PK401P8800,175.5,0.0,0.0,0.0,10,111.5,852.5,10,175.5,0.0,0.0,0.0,0.0,0.0,110
2023-05-11 13:32:16,PK401P8800,PK401P8800,175.5,0.0,0.0,0.0,1,119.5,852.5,10,175.5,0.0,0.0,0.0,0.0,0.0,110
2023-05-11 13:33:07,PK401P8800,PK401P8800,175.5,0.0,0.0,0.0,10,120.0,852.5,10,175.5,0.0,0.0,0.0,0.0,0.0,110
2023-05-11 13:33:08,PK401P8800,PK401P8800,175.5,0.0,0.0,0.0,1,124.0,852.5,10,175.5,0.0,0.0,0.0,0.0,0.0,110
2023-05-11 13:33:09,PK401P8800,PK401P8800,175.5,0.0,0.0,0.0,10,124.5,852.5,10,175.5,0.0,0.0,0.0,0.0,0.0,110
2023-05-11 13:33:10,PK401P8800,PK401P8800,175.5,0.0,0.0,0.0,1,128.5,852.5,10,175.5,0.0,0.0,0.0,0.0,0.0,110
2023-05-11 13:33:10,PK401P8800,PK401P8800,175.5,0.0,0.0,0.0,10,129.0,852.5,10,175.5,0.0,0.0,0.0,0.0,0.0,110
2023-05-11 13:33:11,PK401P8800,PK401P8800,175.5,0.0,0.0,0.0,1,129.5,852.5,10,175.5,0.0,0.0,0.0,0.0,0.0,110
2023-05-11 13:33:12,PK401P8800,PK401P8800,175.5,0.0,0.0,0.0,10,130.0,852.5,10,175.5,0.0,0.0,0.0,0.0,0.0,110
2023-05-11 13:33:13,PK401P8800,PK401P8800,175.5,0.0,0.0,0.0,1,130.5,852.5,10,175.5,0.0,0.0,0.0,0.0,0.0,110
2023-05-11 13:33:13,PK401P8800,PK401P8800,175.5,0.0,0.0,0.0,10,131.0,852.5,10,175.5,0.0,0.0,0.0,0.0,0.0,110
2023-05-11 13:33:14,PK401P8800,PK401P8800,175.5,0.0,0.0,0.0,1,131.5,852.5,10,175.5,0.0,0.0,0.0,0.0,0.0,110
2023-05-11 13:33:14,PK401P8800,PK401P8800,175.5,0.0,0.0,0.0,10,132.0,852.5,10,175.5,0.0,0.0,0.0,0.0,0.0,110
2023-05-11 13:33:19,PK401P8800,PK401P8800,175.5,0.0,0.0,0.0,10,132.0,852.0,1,175.5,0.0,0.0,0.0,0.0,0.0,110
2023-05-11 13:33:23,PK401P8800,PK401P8800,175.5,0.0,0.0,0.0,10,132.0,851.5,10,175.5,0.0,0.0,0.0,0.0,0.0,110
2023-05-11 13:34:05,PK401P8800,PK401P8800,175.5,0.0,0.0,0.0,10,132.0,851.0,1,175.5,0.0,0.0,0.0,0.0,0.0,110
2023-05-11 13:34:05,PK401P8800,PK401P8800,175.5,0.0,0.0,0.0,10,132.0,850.5,10,175.5,0.0,0.0,0.0,0.0,0.0,110
2023-05-11 13:34:13,PK401P8800,PK401P8800,175.5,0.0,0.0,0.0,10,132.0,850.0,1,175.5,0.0,0.0,0.0,0.0,0.0,110
2023-05-11 13:34:51,PK401P8800,PK401P8800,175.5,0.0,0.0,0.0,10,132.0,849.5,10,175.5,0.0,0.0,0.0,0.0,0.0,110
2023-05-11 13:35:01,PK401P8800,PK401P8800,175.5,0.0,0.0,0.0,10,132.0,849.0,1,175.5,0.0,0.0,0.0,0.0,0.0,110
2023-05-11 13:37:34,PK401P8800,PK401P8800,175.5,0.0,0.0,0.0,10,132.0,848.5,10,175.5,0.0,0.0,0.0,0.0,0.0,110
2023-05-11 13:37:44,PK401P8800,PK401P8800,175.5,0.0,0.0,0.0,10,132.0,848.0,1,175.5,0.0,0.0,0.0,0.0,0.0,110
2023-05-11 13:37:45,PK401P8800,PK401P8800,175.5,0.0,0.0,0.0,10,132.0,847.5,10,175.5,0.0,0.0,0.0,0.0,0.0,110
2023-05-11 13:37:55,PK401P8800,PK401P8800,175.5,0.0,0.0,0.0,10,132.0,847.0,1,175.5,0.0,0.0,0.0,0.0,0.0,110
2023-05-11 13:37:57,PK401P8800,PK401P8800,175.5,0.0,0.0,0.0,10,132.0,846.5,10,175.5,0.0,0.0,0.0,0.0,0.0,110
2023-05-11 13:38:10,PK401P8800,PK401P8800,175.5,0.0,0.0,0.0,10,132.0,846.0,1,175.5,0.0,0.0,0.0,0.0,0.0,110
2023-05-11 13:38:11,PK401P8800,PK401P8800,175.5,0.0,0.0,0.0,10,132.0,845.5,10,175.5,0.0,0.0,0.0,0.0,0.0,110
2023-05-11 13:38:15,PK401P8800,PK401P8800,175.5,0.0,0.0,0.0,10,132.0,845.0,1,175.5,0.0,0.0,0.0,0.0,0.0,110
2023-05-11 13:38:54,PK401P8800,PK401P8800,175.5,0.0,0.0,0.0,10,132.0,844.5,10,175.5,0.0,0.0,0.0,0.0,0.0,110
2023-05-11 13:39:13,PK401P8800,PK401P8800,175.5,0.0,0.0,0.0,10,132.0,844.0,1,175.5,0.0,0.0,0.0,0.0,0.0,110
2023-05-11 13:39:14,PK401P8800,PK401P8800,175.5,0.0,0.0,0.0,10,132.0,843.5,10,175.5,0.0,0.0,0.0,0.0,0.0,110
