time,symbol_id,symbol_name,last,trade_volume,trade_amount,open_interest_change,bv1,bp1,ap1,av1,yesterday_close,today_open,today_high,today_low,volume,amount,open_interest
2023-05-11 09:00:28,PK401C9700,PK401C9700,786.0,0.0,0.0,0.0,1,78.5,0.0,0,786.0,0.0,0.0,0.0,0.0,0.0,0
2023-05-11 09:00:32,PK401C9700,PK401C9700,786.0,0.0,0.0,0.0,10,79.0,0.0,0,786.0,0.0,0.0,0.0,0.0,0.0,0
2023-05-11 09:00:34,PK401C9700,PK401C9700,786.0,0.0,0.0,0.0,1,79.5,0.0,0,786.0,0.0,0.0,0.0,0.0,0.0,0
2023-05-11 09:00:35,PK401C9700,PK401C9700,786.0,0.0,0.0,0.0,10,80.0,0.0,0,786.0,0.0,0.0,0.0,0.0,0.0,0
2023-05-11 09:00:36,PK401C9700,PK401C9700,786.0,0.0,0.0,0.0,1,80.5,0.0,0,786.0,0.0,0.0,0.0,0.0,0.0,0
2023-05-11 09:00:37,PK401C9700,PK401C9700,786.0,0.0,0.0,0.0,10,81.0,0.0,0,786.0,0.0,0.0,0.0,0.0,0.0,0
2023-05-11 09:00:38,PK401C9700,PK401C9700,786.0,0.0,0.0,0.0,1,81.5,0.0,0,786.0,0.0,0.0,0.0,0.0,0.0,0
2023-05-11 09:00:39,PK401C9700,PK401C9700,786.0,0.0,0.0,0.0,10,82.0,0.0,0,786.0,0.0,0.0,0.0,0.0,0.0,0
2023-05-11 09:00:41,PK401C9700,PK401C9700,786.0,0.0,0.0,0.0,1,82.5,0.0,0,786.0,0.0,0.0,0.0,0.0,0.0,0
2023-05-11 09:00:42,PK401C9700,PK401C9700,786.0,0.0,0.0,0.0,10,83.0,0.0,0,786.0,0.0,0.0,0.0,0.0,0.0,0
2023-05-11 09:00:44,PK401C9700,PK401C9700,786.0,0.0,0.0,0.0,1,83.5,0.0,0,786.0,0.0,0.0,0.0,0.0,0.0,0
2023-05-11 09:00:44,PK401C9700,PK401C9700,786.0,0.0,0.0,0.0,10,84.0,0.0,0,786.0,0.0,0.0,0.0,0.0,0.0,0
2023-05-11 09:00:45,PK401C9700,PK401C9700,786.0,0.0,0.0,0.0,1,84.5,0.0,0,786.0,0.0,0.0,0.0,0.0,0.0,0
2023-05-11 09:00:46,PK401C9700,PK401C9700,786.0,0.0,0.0,0.0,10,85.0,0.0,0,786.0,0.0,0.0,0.0,0.0,0.0,0
2023-05-11 09:00:47,PK401C9700,PK401C9700,786.0,0.0,0.0,0.0,1,85.5,0.0,0,786.0,0.0,0.0,0.0,0.0,0.0,0
2023-05-11 09:00:48,PK401C9700,PK401C9700,786.0,0.0,0.0,0.0,10,86.0,0.0,0,786.0,0.0,0.0,0.0,0.0,0.0,0
2023-05-11 09:00:49,PK401C9700,PK401C9700,786.0,0.0,0.0,0.0,1,86.5,0.0,0,786.0,0.0,0.0,0.0,0.0,0.0,0
2023-05-11 09:00:50,PK401C9700,PK401C9700,786.0,0.0,0.0,0.0,10,87.0,0.0,0,786.0,0.0,0.0,0.0,0.0,0.0,0
2023-05-11 09:00:51,PK401C9700,PK401C9700,786.0,0.0,0.0,0.0,1,87.5,0.0,0,786.0,0.0,0.0,0.0,0.0,0.0,0
2023-05-11 09:00:51,PK401C9700,PK401C9700,786.0,0.0,0.0,0.0,10,88.0,0.0,0,786.0,0.0,0.0,0.0,0.0,0.0,0
2023-05-11 09:00:52,PK401C9700,PK401C9700,786.0,0.0,0.0,0.0,1,88.5,0.0,0,786.0,0.0,0.0,0.0,0.0,0.0,0
2023-05-11 09:00:53,PK401C9700,PK401C9700,786.0,0.0,0.0,0.0,10,89.0,0.0,0,786.0,0.0,0.0,0.0,0.0,0.0,0
2023-05-11 09:00:54,PK401C9700,PK401C9700,786.0,0.0,0.0,0.0,1,89.5,0.0,0,786.0,0.0,0.0,0.0,0.0,0.0,0
2023-05-11 09:00:54,PK401C9700,PK401C9700,786.0,0.0,0.0,0.0,10,90.0,0.0,0,786.0,0.0,0.0,0.0,0.0,0.0,0
2023-05-11 09:00:55,PK401C9700,PK401C9700,786.0,0.0,0.0,0.0,1,90.5,0.0,0,786.0,0.0,0.0,0.0,0.0,0.0,0
2023-05-11 09:00:55,PK401C9700,PK401C9700,786.0,0.0,0.0,0.0,10,91.0,0.0,0,786.0,0.0,0.0,0.0,0.0,0.0,0
2023-05-11 09:00:56,PK401C9700,PK401C9700,786.0,0.0,0.0,0.0,1,91.5,0.0,0,786.0,0.0,0.0,0.0,0.0,0.0,0
2023-05-11 09:00:56,PK401C9700,PK401C9700,786.0,0.0,0.0,0.0,10,92.0,0.0,0,786.0,0.0,0.0,0.0,0.0,0.0,0
2023-05-11 09:00:57,PK401C9700,PK401C9700,786.0,0.0,0.0,0.0,1,92.5,0.0,0,786.0,0.0,0.0,0.0,0.0,0.0,0
2023-05-11 09:00:57,PK401C9700,PK401C9700,786.0,0.0,0.0,0.0,10,93.0,0.0,0,786.0,0.0,0.0,0.0,0.0,0.0,0
2023-05-11 09:00:58,PK401C9700,PK401C9700,786.0,0.0,0.0,0.0,1,93.5,0.0,0,786.0,0.0,0.0,0.0,0.0,0.0,0
2023-05-11 09:00:58,PK401C9700,PK401C9700,786.0,0.0,0.0,0.0,10,94.0,0.0,0,786.0,0.0,0.0,0.0,0.0,0.0,0
2023-05-11 09:00:59,PK401C9700,PK401C9700,786.0,0.0,0.0,0.0,1,94.5,0.0,0,786.0,0.0,0.0,0.0,0.0,0.0,0
2023-05-11 09:00:59,PK401C9700,PK401C9700,786.0,0.0,0.0,0.0,10,95.0,0.0,0,786.0,0.0,0.0,0.0,0.0,0.0,0
2023-05-11 09:01:00,PK401C9700,PK401C9700,786.0,0.0,0.0,0.0,1,95.5,0.0,0,786.0,0.0,0.0,0.0,0.0,0.0,0
2023-05-11 09:01:00,PK401C9700,PK401C9700,786.0,0.0,0.0,0.0,10,97.5,1492.0,10,786.0,0.0,0.0,0.0,0.0,0.0,0
2023-05-11 09:01:01,PK401C9700,PK401C9700,786.0,0.0,0.0,0.0,1,98.0,1492.0,10,786.0,0.0,0.0,0.0,0.0,0.0,0
2023-05-11 09:01:01,PK401C9700,PK401C9700,786.0,0.0,0.0,0.0,10,98.5,1492.0,10,786.0,0.0,0.0,0.0,0.0,0.0,0
2023-05-11 09:01:02,PK401C9700,PK401C9700,786.0,0.0,0.0,0.0,1,100.0,1490.5,1,786.0,0.0,0.0,0.0,0.0,0.0,0
2023-05-11 09:01:02,PK401C9700,PK401C9700,786.0,0.0,0.0,0.0,10,100.5,1490.0,10,786.0,0.0,0.0,0.0,0.0,0.0,0
2023-05-11 09:01:03,PK401C9700,PK401C9700,786.0,0.0,0.0,0.0,1,102.0,1488.5,1,786.0,0.0,0.0,0.0,0.0,0.0,0
2023-05-11 09:01:04,PK401C9700,PK401C9700,786.0,0.0,0.0,0.0,10,102.5,1488.0,10,786.0,0.0,0.0,0.0,0.0,0.0,0
2023-05-11 09:01:04,PK401C9700,PK401C9700,786.0,0.0,0.0,0.0,1,104.0,1486.5,1,786.0,0.0,0.0,0.0,0.0,0.0,0
2023-05-11 09:01:05,PK401C9700,PK401C9700,786.0,0.0,0.0,0.0,10,104.5,1486.0,10,786.0,0.0,0.0,0.0,0.0,0.0,0
2023-05-11 09:01:05,PK401C9700,PK401C9700,786.0,0.0,0.0,0.0,1,106.0,1484.5,1,786.0,0.0,0.0,0.0,0.0,0.0,0
2023-05-11 09:01:06,PK401C9700,PK401C9700,786.0,0.0,0.0,0.0,10,106.5,1484.0,10,786.0,0.0,0.0,0.0,0.0,0.0,0
2023-05-11 09:01:07,PK401C9700,PK401C9700,786.0,0.0,0.0,0.0,1,108.0,1484.0,10,786.0,0.0,0.0,0.0,0.0,0.0,0
2023-05-11 09:01:08,PK401C9700,PK401C9700,786.0,0.0,0.0,0.0,10,108.5,1484.0,10,786.0,0.0,0.0,0.0,0.0,0.0,0
2023-05-11 09:01:08,PK401C9700,PK401C9700,786.0,0.0,0.0,0.0,1,110.0,1482.5,1,786.0,0.0,0.0,0.0,0.0,0.0,0
2023-05-11 09:01:09,PK401C9700,PK401C9700,786.0,0.0,0.0,0.0,10,110.5,1482.0,10,786.0,0.0,0.0,0.0,0.0,0.0,0
2023-05-11 09:01:09,PK401C9700,PK401C9700,786.0,0.0,0.0,0.0,1,112.0,1480.5,1,786.0,0.0,0.0,0.0,0.0,0.0,0
2023-05-11 09:01:10,PK401C9700,PK401C9700,786.0,0.0,0.0,0.0,10,112.5,1480.0,10,786.0,0.0,0.0,0.0,0.0,0.0,0
2023-05-11 09:01:10,PK401C9700,PK401C9700,786.0,0.0,0.0,0.0,1,114.0,1478.5,1,786.0,0.0,0.0,0.0,0.0,0.0,0
2023-05-11 09:01:11,PK401C9700,PK401C9700,786.0,0.0,0.0,0.0,10,114.5,1478.0,10,786.0,0.0,0.0,0.0,0.0,0.0,0
2023-05-11 09:01:11,PK401C9700,PK401C9700,786.0,0.0,0.0,0.0,1,116.0,1478.0,10,786.0,0.0,0.0,0.0,0.0,0.0,0
2023-05-11 09:01:12,PK401C9700,PK401C9700,786.0,0.0,0.0,0.0,10,116.5,1478.0,10,786.0,0.0,0.0,0.0,0.0,0.0,0
2023-05-11 09:01:13,PK401C9700,PK401C9700,786.0,0.0,0.0,0.0,1,118.0,1476.5,1,786.0,0.0,0.0,0.0,0.0,0.0,0
2023-05-11 09:01:13,PK401C9700,PK401C9700,786.0,0.0,0.0,0.0,10,118.5,1476.0,10,786.0,0.0,0.0,0.0,0.0,0.0,0
2023-05-11 09:01:14,PK401C9700,PK401C9700,786.0,0.0,0.0,0.0,1,120.0,1474.5,1,786.0,0.0,0.0,0.0,0.0,0.0,0
2023-05-11 09:01:14,PK401C9700,PK401C9700,786.0,0.0,0.0,0.0,10,120.5,1474.0,10,786.0,0.0,0.0,0.0,0.0,0.0,0
2023-05-11 09:01:16,PK401C9700,PK401C9700,786.0,0.0,0.0,0.0,1,122.0,1472.5,1,786.0,0.0,0.0,0.0,0.0,0.0,0
2023-05-11 09:01:16,PK401C9700,PK401C9700,786.0,0.0,0.0,0.0,10,122.5,1472.0,10,786.0,0.0,0.0,0.0,0.0,0.0,0
2023-05-11 09:01:17,PK401C9700,PK401C9700,786.0,0.0,0.0,0.0,1,124.0,1470.5,1,786.0,0.0,0.0,0.0,0.0,0.0,0
2023-05-11 09:01:18,PK401C9700,PK401C9700,786.0,0.0,0.0,0.0,10,124.5,1470.0,10,786.0,0.0,0.0,0.0,0.0,0.0,0
2023-05-11 09:01:18,PK401C9700,PK401C9700,786.0,0.0,0.0,0.0,1,126.0,1468.5,1,786.0,0.0,0.0,0.0,0.0,0.0,0
2023-05-11 09:01:19,PK401C9700,PK401C9700,786.0,0.0,0.0,0.0,10,126.5,1468.0,10,786.0,0.0,0.0,0.0,0.0,0.0,0
2023-05-11 09:01:20,PK401C9700,PK401C9700,786.0,0.0,0.0,0.0,1,128.0,1466.5,1,786.0,0.0,0.0,0.0,0.0,0.0,0
2023-05-11 09:01:21,PK401C9700,PK401C9700,786.0,0.0,0.0,0.0,10,128.5,1466.0,10,786.0,0.0,0.0,0.0,0.0,0.0,0
2023-05-11 09:01:22,PK401C9700,PK401C9700,786.0,0.0,0.0,0.0,1,130.0,1464.5,1,786.0,0.0,0.0,0.0,0.0,0.0,0
2023-05-11 09:01:23,PK401C9700,PK401C9700,786.0,0.0,0.0,0.0,10,130.5,1464.0,10,786.0,0.0,0.0,0.0,0.0,0.0,0
2023-05-11 09:01:24,PK401C9700,PK401C9700,786.0,0.0,0.0,0.0,1,132.0,1462.5,1,786.0,0.0,0.0,0.0,0.0,0.0,0
2023-05-11 09:01:24,PK401C9700,PK401C9700,786.0,0.0,0.0,0.0,10,132.5,1462.0,10,786.0,0.0,0.0,0.0,0.0,0.0,0
2023-05-11 09:01:25,PK401C9700,PK401C9700,786.0,0.0,0.0,0.0,1,134.0,1460.5,1,786.0,0.0,0.0,0.0,0.0,0.0,0
2023-05-11 09:01:26,PK401C9700,PK401C9700,786.0,0.0,0.0,0.0,10,134.5,1460.0,10,786.0,0.0,0.0,0.0,0.0,0.0,0
2023-05-11 09:01:27,PK401C9700,PK401C9700,786.0,0.0,0.0,0.0,1,136.0,1458.5,1,786.0,0.0,0.0,0.0,0.0,0.0,0
2023-05-11 09:01:28,PK401C9700,PK401C9700,786.0,0.0,0.0,0.0,10,136.5,1458.0,10,786.0,0.0,0.0,0.0,0.0,0.0,0
2023-05-11 09:01:29,PK401C9700,PK401C9700,786.0,0.0,0.0,0.0,1,138.0,1456.5,1,786.0,0.0,0.0,0.0,0.0,0.0,0
2023-05-11 09:01:30,PK401C9700,PK401C9700,786.0,0.0,0.0,0.0,10,138.5,1456.0,10,786.0,0.0,0.0,0.0,0.0,0.0,0
2023-05-11 09:01:30,PK401C9700,PK401C9700,786.0,0.0,0.0,0.0,1,140.0,1454.5,1,786.0,0.0,0.0,0.0,0.0,0.0,0
2023-05-11 09:01:31,PK401C9700,PK401C9700,786.0,0.0,0.0,0.0,10,140.5,1454.0,10,786.0,0.0,0.0,0.0,0.0,0.0,0
2023-05-11 09:01:31,PK401C9700,PK401C9700,786.0,0.0,0.0,0.0,1,142.0,1452.5,1,786.0,0.0,0.0,0.0,0.0,0.0,0
2023-05-11 09:01:32,PK401C9700,PK401C9700,786.0,0.0,0.0,0.0,10,142.5,1452.0,10,786.0,0.0,0.0,0.0,0.0,0.0,0
2023-05-11 09:01:33,PK401C9700,PK401C9700,786.0,0.0,0.0,0.0,1,144.0,1450.5,1,786.0,0.0,0.0,0.0,0.0,0.0,0
2023-05-11 09:01:34,PK401C9700,PK401C9700,786.0,0.0,0.0,0.0,10,144.5,1450.0,10,786.0,0.0,0.0,0.0,0.0,0.0,0
2023-05-11 09:01:34,PK401C9700,PK401C9700,786.0,0.0,0.0,0.0,1,146.0,1448.5,1,786.0,0.0,0.0,0.0,0.0,0.0,0
2023-05-11 09:01:34,PK401C9700,PK401C9700,786.0,0.0,0.0,0.0,10,144.5,1450.0,10,786.0,0.0,0.0,0.0,0.0,0.0,0
2023-05-11 09:01:34,PK401C9700,PK401C9700,786.0,0.0,0.0,0.0,1,146.0,1448.5,1,786.0,0.0,0.0,0.0,0.0,0.0,0
2023-05-11 09:03:43,PK401C9700,PK401C9700,786.0,0.0,0.0,0.0,10,146.5,1448.0,10,786.0,0.0,0.0,0.0,0.0,0.0,0
2023-05-11 09:03:45,PK401C9700,PK401C9700,786.0,0.0,0.0,0.0,1,148.0,1446.5,1,786.0,0.0,0.0,0.0,0.0,0.0,0
2023-05-11 09:03:46,PK401C9700,PK401C9700,786.0,0.0,0.0,0.0,10,148.5,1446.0,10,786.0,0.0,0.0,0.0,0.0,0.0,0
2023-05-11 09:03:48,PK401C9700,PK401C9700,786.0,0.0,0.0,0.0,1,150.0,1444.5,1,786.0,0.0,0.0,0.0,0.0,0.0,0
2023-05-11 09:03:49,PK401C9700,PK401C9700,786.0,0.0,0.0,0.0,10,150.5,1444.0,10,786.0,0.0,0.0,0.0,0.0,0.0,0
2023-05-11 09:03:51,PK401C9700,PK401C9700,786.0,0.0,0.0,0.0,1,152.0,1444.0,10,786.0,0.0,0.0,0.0,0.0,0.0,0
2023-05-11 09:03:52,PK401C9700,PK401C9700,786.0,0.0,0.0,0.0,10,152.5,1442.5,1,786.0,0.0,0.0,0.0,0.0,0.0,0
2023-05-11 09:03:52,PK401C9700,PK401C9700,786.0,0.0,0.0,0.0,1,154.0,1442.0,10,786.0,0.0,0.0,0.0,0.0,0.0,0
2023-05-11 09:03:53,PK401C9700,PK401C9700,786.0,0.0,0.0,0.0,10,154.5,1440.5,1,786.0,0.0,0.0,0.0,0.0,0.0,0
2023-05-11 09:03:53,PK401C9700,PK401C9700,786.0,0.0,0.0,0.0,10,154.5,1440.0,10,786.0,0.0,0.0,0.0,0.0,0.0,0
2023-05-11 09:03:56,PK401C9700,PK401C9700,786.0,0.0,0.0,0.0,1,156.0,1438.5,1,786.0,0.0,0.0,0.0,0.0,0.0,0
2023-05-11 09:03:56,PK401C9700,PK401C9700,786.0,0.0,0.0,0.0,10,156.5,1438.0,10,786.0,0.0,0.0,0.0,0.0,0.0,0
2023-05-11 09:03:58,PK401C9700,PK401C9700,786.0,0.0,0.0,0.0,1,158.0,1436.5,1,786.0,0.0,0.0,0.0,0.0,0.0,0
2023-05-11 09:03:59,PK401C9700,PK401C9700,786.0,0.0,0.0,0.0,10,158.5,1436.0,10,786.0,0.0,0.0,0.0,0.0,0.0,0
2023-05-11 09:04:00,PK401C9700,PK401C9700,786.0,0.0,0.0,0.0,1,160.0,1434.5,1,786.0,0.0,0.0,0.0,0.0,0.0,0
2023-05-11 09:04:00,PK401C9700,PK401C9700,786.0,0.0,0.0,0.0,10,160.5,1434.0,10,786.0,0.0,0.0,0.0,0.0,0.0,0
2023-05-11 09:04:01,PK401C9700,PK401C9700,786.0,0.0,0.0,0.0,1,162.0,1432.5,1,786.0,0.0,0.0,0.0,0.0,0.0,0
2023-05-11 09:04:01,PK401C9700,PK401C9700,786.0,0.0,0.0,0.0,10,162.5,1432.0,10,786.0,0.0,0.0,0.0,0.0,0.0,0
2023-05-11 09:04:02,PK401C9700,PK401C9700,786.0,0.0,0.0,0.0,1,164.0,1430.5,1,786.0,0.0,0.0,0.0,0.0,0.0,0
2023-05-11 09:04:02,PK401C9700,PK401C9700,786.0,0.0,0.0,0.0,10,164.5,1430.0,10,786.0,0.0,0.0,0.0,0.0,0.0,0
2023-05-11 09:04:05,PK401C9700,PK401C9700,786.0,0.0,0.0,0.0,1,166.0,1428.5,1,786.0,0.0,0.0,0.0,0.0,0.0,0
2023-05-11 09:04:05,PK401C9700,PK401C9700,786.0,0.0,0.0,0.0,10,166.5,1428.0,10,786.0,0.0,0.0,0.0,0.0,0.0,0
2023-05-11 09:04:06,PK401C9700,PK401C9700,786.0,0.0,0.0,0.0,1,168.0,1426.5,1,786.0,0.0,0.0,0.0,0.0,0.0,0
2023-05-11 09:04:06,PK401C9700,PK401C9700,786.0,0.0,0.0,0.0,10,168.5,1426.0,10,786.0,0.0,0.0,0.0,0.0,0.0,0
2023-05-11 09:04:10,PK401C9700,PK401C9700,786.0,0.0,0.0,0.0,1,170.0,1424.5,1,786.0,0.0,0.0,0.0,0.0,0.0,0
2023-05-11 09:04:10,PK401C9700,PK401C9700,786.0,0.0,0.0,0.0,10,170.5,1424.0,10,786.0,0.0,0.0,0.0,0.0,0.0,0
2023-05-11 09:04:13,PK401C9700,PK401C9700,786.0,0.0,0.0,0.0,1,172.0,1422.5,1,786.0,0.0,0.0,0.0,0.0,0.0,0
2023-05-11 09:04:13,PK401C9700,PK401C9700,786.0,0.0,0.0,0.0,10,172.5,1422.0,10,786.0,0.0,0.0,0.0,0.0,0.0,0
2023-05-11 09:04:15,PK401C9700,PK401C9700,786.0,0.0,0.0,0.0,1,174.0,1420.5,1,786.0,0.0,0.0,0.0,0.0,0.0,0
2023-05-11 09:04:15,PK401C9700,PK401C9700,786.0,0.0,0.0,0.0,10,174.5,1420.0,10,786.0,0.0,0.0,0.0,0.0,0.0,0
2023-05-11 09:04:16,PK401C9700,PK401C9700,786.0,0.0,0.0,0.0,1,176.0,1418.5,1,786.0,0.0,0.0,0.0,0.0,0.0,0
2023-05-11 09:04:16,PK401C9700,PK401C9700,786.0,0.0,0.0,0.0,10,176.5,1418.0,10,786.0,0.0,0.0,0.0,0.0,0.0,0
2023-05-11 09:04:17,PK401C9700,PK401C9700,786.0,0.0,0.0,0.0,1,178.0,1416.5,1,786.0,0.0,0.0,0.0,0.0,0.0,0
2023-05-11 09:04:17,PK401C9700,PK401C9700,786.0,0.0,0.0,0.0,10,178.5,1416.0,10,786.0,0.0,0.0,0.0,0.0,0.0,0
2023-05-11 09:04:18,PK401C9700,PK401C9700,786.0,0.0,0.0,0.0,1,180.0,1414.5,1,786.0,0.0,0.0,0.0,0.0,0.0,0
2023-05-11 09:04:18,PK401C9700,PK401C9700,786.0,0.0,0.0,0.0,10,180.5,1414.0,10,786.0,0.0,0.0,0.0,0.0,0.0,0
2023-05-11 09:04:21,PK401C9700,PK401C9700,786.0,0.0,0.0,0.0,1,182.0,1412.5,1,786.0,0.0,0.0,0.0,0.0,0.0,0
2023-05-11 09:05:28,PK401C9700,PK401C9700,786.0,0.0,0.0,0.0,10,182.5,1412.0,10,786.0,0.0,0.0,0.0,0.0,0.0,0
2023-05-11 09:05:31,PK401C9700,PK401C9700,786.0,0.0,0.0,0.0,1,184.0,1410.5,1,786.0,0.0,0.0,0.0,0.0,0.0,0
2023-05-11 09:05:32,PK401C9700,PK401C9700,786.0,0.0,0.0,0.0,10,184.5,1410.0,10,786.0,0.0,0.0,0.0,0.0,0.0,0
2023-05-11 09:05:34,PK401C9700,PK401C9700,786.0,0.0,0.0,0.0,1,186.0,1408.5,1,786.0,0.0,0.0,0.0,0.0,0.0,0
2023-05-11 09:05:35,PK401C9700,PK401C9700,786.0,0.0,0.0,0.0,10,186.5,1408.0,10,786.0,0.0,0.0,0.0,0.0,0.0,0
2023-05-11 09:05:40,PK401C9700,PK401C9700,786.0,0.0,0.0,0.0,1,188.0,1408.0,10,786.0,0.0,0.0,0.0,0.0,0.0,0
2023-05-11 09:05:41,PK401C9700,PK401C9700,786.0,0.0,0.0,0.0,10,188.5,1408.0,10,786.0,0.0,0.0,0.0,0.0,0.0,0
2023-05-11 09:05:42,PK401C9700,PK401C9700,786.0,0.0,0.0,0.0,1,190.0,1406.5,1,786.0,0.0,0.0,0.0,0.0,0.0,0
2023-05-11 09:05:43,PK401C9700,PK401C9700,786.0,0.0,0.0,0.0,10,190.5,1406.0,10,786.0,0.0,0.0,0.0,0.0,0.0,0
2023-05-11 09:05:46,PK401C9700,PK401C9700,786.0,0.0,0.0,0.0,1,192.0,1404.5,1,786.0,0.0,0.0,0.0,0.0,0.0,0
2023-05-11 09:05:47,PK401C9700,PK401C9700,786.0,0.0,0.0,0.0,10,192.5,1404.0,10,786.0,0.0,0.0,0.0,0.0,0.0,0
2023-05-11 09:05:48,PK401C9700,PK401C9700,786.0,0.0,0.0,0.0,1,194.0,1402.5,1,786.0,0.0,0.0,0.0,0.0,0.0,0
2023-05-11 09:05:48,PK401C9700,PK401C9700,786.0,0.0,0.0,0.0,10,194.5,1402.0,10,786.0,0.0,0.0,0.0,0.0,0.0,0
2023-05-11 09:05:49,PK401C9700,PK401C9700,786.0,0.0,0.0,0.0,1,196.0,1400.5,1,786.0,0.0,0.0,0.0,0.0,0.0,0
2023-05-11 09:05:49,PK401C9700,PK401C9700,786.0,0.0,0.0,0.0,10,196.5,1400.0,10,786.0,0.0,0.0,0.0,0.0,0.0,0
2023-05-11 09:05:50,PK401C9700,PK401C9700,786.0,0.0,0.0,0.0,1,198.0,1398.5,1,786.0,0.0,0.0,0.0,0.0,0.0,0
2023-05-11 09:05:50,PK401C9700,PK401C9700,786.0,0.0,0.0,0.0,10,198.5,1398.0,10,786.0,0.0,0.0,0.0,0.0,0.0,0
2023-05-11 09:05:51,PK401C9700,PK401C9700,786.0,0.0,0.0,0.0,1,200.0,1396.5,1,786.0,0.0,0.0,0.0,0.0,0.0,0
2023-05-11 09:05:51,PK401C9700,PK401C9700,786.0,0.0,0.0,0.0,10,200.5,1396.0,10,786.0,0.0,0.0,0.0,0.0,0.0,0
2023-05-11 09:05:55,PK401C9700,PK401C9700,786.0,0.0,0.0,0.0,1,202.0,1394.5,1,786.0,0.0,0.0,0.0,0.0,0.0,0
2023-05-11 09:05:56,PK401C9700,PK401C9700,786.0,0.0,0.0,0.0,10,202.5,1394.0,10,786.0,0.0,0.0,0.0,0.0,0.0,0
2023-05-11 09:05:57,PK401C9700,PK401C9700,786.0,0.0,0.0,0.0,1,204.0,1394.0,10,786.0,0.0,0.0,0.0,0.0,0.0,0
2023-05-11 09:05:57,PK401C9700,PK401C9700,786.0,0.0,0.0,0.0,10,204.5,1394.0,10,786.0,0.0,0.0,0.0,0.0,0.0,0
2023-05-11 09:06:00,PK401C9700,PK401C9700,786.0,0.0,0.0,0.0,1,206.0,1392.5,1,786.0,0.0,0.0,0.0,0.0,0.0,0
2023-05-11 09:06:01,PK401C9700,PK401C9700,786.0,0.0,0.0,0.0,10,206.5,1392.0,10,786.0,0.0,0.0,0.0,0.0,0.0,0
2023-05-11 09:06:04,PK401C9700,PK401C9700,786.0,0.0,0.0,0.0,1,208.0,1390.5,1,786.0,0.0,0.0,0.0,0.0,0.0,0
2023-05-11 09:06:05,PK401C9700,PK401C9700,786.0,0.0,0.0,0.0,10,208.5,1390.0,10,786.0,0.0,0.0,0.0,0.0,0.0,0
2023-05-11 09:06:10,PK401C9700,PK401C9700,786.0,0.0,0.0,0.0,1,210.0,1388.5,1,786.0,0.0,0.0,0.0,0.0,0.0,0
2023-05-11 09:06:11,PK401C9700,PK401C9700,786.0,0.0,0.0,0.0,10,210.5,1388.0,10,786.0,0.0,0.0,0.0,0.0,0.0,0
2023-05-11 09:06:16,PK401C9700,PK401C9700,786.0,0.0,0.0,0.0,1,212.0,1386.5,1,786.0,0.0,0.0,0.0,0.0,0.0,0
2023-05-11 09:06:17,PK401C9700,PK401C9700,786.0,0.0,0.0,0.0,10,212.5,1386.0,10,786.0,0.0,0.0,0.0,0.0,0.0,0
2023-05-11 09:06:17,PK401C9700,PK401C9700,786.0,0.0,0.0,0.0,1,214.0,1384.5,1,786.0,0.0,0.0,0.0,0.0,0.0,0
2023-05-11 09:06:18,PK401C9700,PK401C9700,786.0,0.0,0.0,0.0,10,214.5,1384.0,10,786.0,0.0,0.0,0.0,0.0,0.0,0
2023-05-11 09:06:21,PK401C9700,PK401C9700,786.0,0.0,0.0,0.0,1,216.0,1382.5,1,786.0,0.0,0.0,0.0,0.0,0.0,0
2023-05-11 09:06:21,PK401C9700,PK401C9700,786.0,0.0,0.0,0.0,10,216.5,1382.0,10,786.0,0.0,0.0,0.0,0.0,0.0,0
2023-05-11 09:06:22,PK401C9700,PK401C9700,786.0,0.0,0.0,0.0,1,218.0,1380.5,1,786.0,0.0,0.0,0.0,0.0,0.0,0
2023-05-11 09:06:23,PK401C9700,PK401C9700,786.0,0.0,0.0,0.0,10,218.5,1380.0,10,786.0,0.0,0.0,0.0,0.0,0.0,0
2023-05-11 09:06:28,PK401C9700,PK401C9700,786.0,0.0,0.0,0.0,1,220.0,1378.5,1,786.0,0.0,0.0,0.0,0.0,0.0,0
2023-05-11 09:06:29,PK401C9700,PK401C9700,786.0,0.0,0.0,0.0,10,220.5,1378.0,10,786.0,0.0,0.0,0.0,0.0,0.0,0
2023-05-11 09:06:32,PK401C9700,PK401C9700,786.0,0.0,0.0,0.0,1,222.0,1376.5,1,786.0,0.0,0.0,0.0,0.0,0.0,0
2023-05-11 09:06:32,PK401C9700,PK401C9700,786.0,0.0,0.0,0.0,10,222.5,1376.0,10,786.0,0.0,0.0,0.0,0.0,0.0,0
2023-05-11 09:06:33,PK401C9700,PK401C9700,786.0,0.0,0.0,0.0,1,224.0,1374.5,1,786.0,0.0,0.0,0.0,0.0,0.0,0
2023-05-11 09:06:33,PK401C9700,PK401C9700,786.0,0.0,0.0,0.0,10,224.5,1374.0,10,786.0,0.0,0.0,0.0,0.0,0.0,0
2023-05-11 09:06:34,PK401C9700,PK401C9700,786.0,0.0,0.0,0.0,1,226.0,1372.5,1,786.0,0.0,0.0,0.0,0.0,0.0,0
2023-05-11 09:06:34,PK401C9700,PK401C9700,786.0,0.0,0.0,0.0,10,226.5,1372.0,10,786.0,0.0,0.0,0.0,0.0,0.0,0
2023-05-11 09:06:38,PK401C9700,PK401C9700,786.0,0.0,0.0,0.0,1,228.0,1370.5,1,786.0,0.0,0.0,0.0,0.0,0.0,0
2023-05-11 09:06:38,PK401C9700,PK401C9700,786.0,0.0,0.0,0.0,10,228.5,1370.0,10,786.0,0.0,0.0,0.0,0.0,0.0,0
2023-05-11 09:06:39,PK401C9700,PK401C9700,786.0,0.0,0.0,0.0,1,230.0,1368.5,1,786.0,0.0,0.0,0.0,0.0,0.0,0
2023-05-11 09:06:39,PK401C9700,PK401C9700,786.0,0.0,0.0,0.0,10,230.5,1368.0,10,786.0,0.0,0.0,0.0,0.0,0.0,0
2023-05-11 09:06:42,PK401C9700,PK401C9700,786.0,0.0,0.0,0.0,1,232.0,1366.5,1,786.0,0.0,0.0,0.0,0.0,0.0,0
2023-05-11 09:06:43,PK401C9700,PK401C9700,786.0,0.0,0.0,0.0,10,232.5,1366.0,10,786.0,0.0,0.0,0.0,0.0,0.0,0
2023-05-11 09:06:46,PK401C9700,PK401C9700,786.0,0.0,0.0,0.0,1,234.0,1364.5,1,786.0,0.0,0.0,0.0,0.0,0.0,0
2023-05-11 09:06:47,PK401C9700,PK401C9700,786.0,0.0,0.0,0.0,10,234.5,1364.0,10,786.0,0.0,0.0,0.0,0.0,0.0,0
2023-05-11 09:06:50,PK401C9700,PK401C9700,786.0,0.0,0.0,0.0,1,236.0,1362.5,1,786.0,0.0,0.0,0.0,0.0,0.0,0
2023-05-11 09:06:50,PK401C9700,PK401C9700,786.0,0.0,0.0,0.0,10,236.5,1362.0,10,786.0,0.0,0.0,0.0,0.0,0.0,0
2023-05-11 09:06:53,PK401C9700,PK401C9700,786.0,0.0,0.0,0.0,1,238.0,1360.5,1,786.0,0.0,0.0,0.0,0.0,0.0,0
2023-05-11 09:07:24,PK401C9700,PK401C9700,786.0,0.0,0.0,0.0,10,238.5,1360.0,10,786.0,0.0,0.0,0.0,0.0,0.0,0
2023-05-11 09:07:29,PK401C9700,PK401C9700,786.0,0.0,0.0,0.0,1,240.0,1358.5,1,786.0,0.0,0.0,0.0,0.0,0.0,0
2023-05-11 09:07:29,PK401C9700,PK401C9700,786.0,0.0,0.0,0.0,10,240.5,1358.0,10,786.0,0.0,0.0,0.0,0.0,0.0,0
2023-05-11 09:07:32,PK401C9700,PK401C9700,786.0,0.0,0.0,0.0,1,242.0,1356.5,1,786.0,0.0,0.0,0.0,0.0,0.0,0
2023-05-11 09:07:32,PK401C9700,PK401C9700,786.0,0.0,0.0,0.0,10,242.5,1356.0,10,786.0,0.0,0.0,0.0,0.0,0.0,0
2023-05-11 09:07:34,PK401C9700,PK401C9700,786.0,0.0,0.0,0.0,1,244.0,1354.5,1,786.0,0.0,0.0,0.0,0.0,0.0,0
2023-05-11 09:07:34,PK401C9700,PK401C9700,786.0,0.0,0.0,0.0,10,244.5,1354.0,10,786.0,0.0,0.0,0.0,0.0,0.0,0
2023-05-11 09:07:35,PK401C9700,PK401C9700,786.0,0.0,0.0,0.0,1,246.0,1352.5,1,786.0,0.0,0.0,0.0,0.0,0.0,0
2023-05-11 09:07:35,PK401C9700,PK401C9700,786.0,0.0,0.0,0.0,10,246.5,1352.0,10,786.0,0.0,0.0,0.0,0.0,0.0,0
2023-05-11 09:07:38,PK401C9700,PK401C9700,786.0,0.0,0.0,0.0,1,248.0,1350.5,1,786.0,0.0,0.0,0.0,0.0,0.0,0
2023-05-11 09:07:38,PK401C9700,PK401C9700,786.0,0.0,0.0,0.0,10,248.5,1350.0,10,786.0,0.0,0.0,0.0,0.0,0.0,0
2023-05-11 09:07:39,PK401C9700,PK401C9700,786.0,0.0,0.0,0.0,1,250.0,1348.5,1,786.0,0.0,0.0,0.0,0.0,0.0,0
2023-05-11 09:07:39,PK401C9700,PK401C9700,786.0,0.0,0.0,0.0,10,250.5,1348.0,10,786.0,0.0,0.0,0.0,0.0,0.0,0
2023-05-11 09:07:43,PK401C9700,PK401C9700,786.0,0.0,0.0,0.0,1,252.0,1346.5,1,786.0,0.0,0.0,0.0,0.0,0.0,0
2023-05-11 09:07:43,PK401C9700,PK401C9700,786.0,0.0,0.0,0.0,10,252.5,1346.0,10,786.0,0.0,0.0,0.0,0.0,0.0,0
2023-05-11 09:07:44,PK401C9700,PK401C9700,786.0,0.0,0.0,0.0,1,254.0,1344.5,1,786.0,0.0,0.0,0.0,0.0,0.0,0
2023-05-11 09:07:44,PK401C9700,PK401C9700,786.0,0.0,0.0,0.0,10,254.5,1344.0,10,786.0,0.0,0.0,0.0,0.0,0.0,0
2023-05-11 09:07:45,PK401C9700,PK401C9700,786.0,0.0,0.0,0.0,1,256.0,1342.5,1,786.0,0.0,0.0,0.0,0.0,0.0,0
2023-05-11 09:07:45,PK401C9700,PK401C9700,786.0,0.0,0.0,0.0,10,256.5,1342.0,10,786.0,0.0,0.0,0.0,0.0,0.0,0
2023-05-11 09:07:48,PK401C9700,PK401C9700,786.0,0.0,0.0,0.0,1,258.0,1340.5,1,786.0,0.0,0.0,0.0,0.0,0.0,0
2023-05-11 09:07:48,PK401C9700,PK401C9700,786.0,0.0,0.0,0.0,10,258.5,1340.0,10,786.0,0.0,0.0,0.0,0.0,0.0,0
2023-05-11 09:07:50,PK401C9700,PK401C9700,786.0,0.0,0.0,0.0,1,260.0,1338.5,1,786.0,0.0,0.0,0.0,0.0,0.0,0
2023-05-11 09:07:50,PK401C9700,PK401C9700,786.0,0.0,0.0,0.0,10,260.5,1338.0,10,786.0,0.0,0.0,0.0,0.0,0.0,0
2023-05-11 09:07:51,PK401C9700,PK401C9700,786.0,0.0,0.0,0.0,1,262.0,1336.5,1,786.0,0.0,0.0,0.0,0.0,0.0,0
2023-05-11 09:07:51,PK401C9700,PK401C9700,786.0,0.0,0.0,0.0,10,262.5,1336.0,10,786.0,0.0,0.0,0.0,0.0,0.0,0
2023-05-11 09:07:52,PK401C9700,PK401C9700,786.0,0.0,0.0,0.0,1,264.0,1334.5,1,786.0,0.0,0.0,0.0,0.0,0.0,0
2023-05-11 09:07:52,PK401C9700,PK401C9700,786.0,0.0,0.0,0.0,10,264.5,1334.0,10,786.0,0.0,0.0,0.0,0.0,0.0,0
2023-05-11 09:07:54,PK401C9700,PK401C9700,786.0,0.0,0.0,0.0,1,266.0,1332.5,1,786.0,0.0,0.0,0.0,0.0,0.0,0
2023-05-11 09:07:54,PK401C9700,PK401C9700,786.0,0.0,0.0,0.0,10,266.5,1332.0,10,786.0,0.0,0.0,0.0,0.0,0.0,0
2023-05-11 09:07:57,PK401C9700,PK401C9700,786.0,0.0,0.0,0.0,1,268.0,1332.0,10,786.0,0.0,0.0,0.0,0.0,0.0,0
2023-05-11 09:07:57,PK401C9700,PK401C9700,786.0,0.0,0.0,0.0,10,268.5,1332.0,10,786.0,0.0,0.0,0.0,0.0,0.0,0
2023-05-11 09:07:59,PK401C9700,PK401C9700,786.0,0.0,0.0,0.0,1,270.0,1330.5,1,786.0,0.0,0.0,0.0,0.0,0.0,0
2023-05-11 09:07:59,PK401C9700,PK401C9700,786.0,0.0,0.0,0.0,10,270.5,1330.0,10,786.0,0.0,0.0,0.0,0.0,0.0,0
2023-05-11 09:08:03,PK401C9700,PK401C9700,786.0,0.0,0.0,0.0,1,272.0,1330.0,10,786.0,0.0,0.0,0.0,0.0,0.0,0
2023-05-11 09:08:03,PK401C9700,PK401C9700,786.0,0.0,0.0,0.0,10,272.5,1330.0,10,786.0,0.0,0.0,0.0,0.0,0.0,0
2023-05-11 09:08:04,PK401C9700,PK401C9700,786.0,0.0,0.0,0.0,1,274.0,1328.5,1,786.0,0.0,0.0,0.0,0.0,0.0,0
2023-05-11 09:08:04,PK401C9700,PK401C9700,786.0,0.0,0.0,0.0,10,274.5,1328.0,10,786.0,0.0,0.0,0.0,0.0,0.0,0
2023-05-11 09:08:06,PK401C9700,PK401C9700,786.0,0.0,0.0,0.0,1,276.0,1326.5,1,786.0,0.0,0.0,0.0,0.0,0.0,0
2023-05-11 09:08:06,PK401C9700,PK401C9700,786.0,0.0,0.0,0.0,10,276.5,1326.0,10,786.0,0.0,0.0,0.0,0.0,0.0,0
2023-05-11 09:08:08,PK401C9700,PK401C9700,786.0,0.0,0.0,0.0,1,278.0,1324.5,1,786.0,0.0,0.0,0.0,0.0,0.0,0
2023-05-11 09:08:08,PK401C9700,PK401C9700,786.0,0.0,0.0,0.0,10,278.5,1324.0,10,786.0,0.0,0.0,0.0,0.0,0.0,0
2023-05-11 09:08:11,PK401C9700,PK401C9700,786.0,0.0,0.0,0.0,1,280.0,1322.5,1,786.0,0.0,0.0,0.0,0.0,0.0,0
2023-05-11 09:08:11,PK401C9700,PK401C9700,786.0,0.0,0.0,0.0,10,280.5,1322.0,10,786.0,0.0,0.0,0.0,0.0,0.0,0
2023-05-11 09:08:14,PK401C9700,PK401C9700,786.0,0.0,0.0,0.0,1,282.0,1320.5,1,786.0,0.0,0.0,0.0,0.0,0.0,0
2023-05-11 09:08:14,PK401C9700,PK401C9700,786.0,0.0,0.0,0.0,10,282.5,1320.0,10,786.0,0.0,0.0,0.0,0.0,0.0,0
2023-05-11 09:08:15,PK401C9700,PK401C9700,786.0,0.0,0.0,0.0,1,284.0,1318.5,1,786.0,0.0,0.0,0.0,0.0,0.0,0
2023-05-11 09:08:15,PK401C9700,PK401C9700,786.0,0.0,0.0,0.0,10,284.5,1318.0,10,786.0,0.0,0.0,0.0,0.0,0.0,0
2023-05-11 09:08:16,PK401C9700,PK401C9700,786.0,0.0,0.0,0.0,1,286.0,1316.5,1,786.0,0.0,0.0,0.0,0.0,0.0,0
2023-05-11 09:08:16,PK401C9700,PK401C9700,786.0,0.0,0.0,0.0,10,286.5,1316.0,10,786.0,0.0,0.0,0.0,0.0,0.0,0
2023-05-11 09:08:17,PK401C9700,PK401C9700,786.0,0.0,0.0,0.0,1,288.0,1314.5,1,786.0,0.0,0.0,0.0,0.0,0.0,0
2023-05-11 09:08:17,PK401C9700,PK401C9700,786.0,0.0,0.0,0.0,10,288.5,1314.0,10,786.0,0.0,0.0,0.0,0.0,0.0,0
2023-05-11 09:08:20,PK401C9700,PK401C9700,786.0,0.0,0.0,0.0,1,290.0,1312.5,1,786.0,0.0,0.0,0.0,0.0,0.0,0
2023-05-11 09:08:20,PK401C9700,PK401C9700,786.0,0.0,0.0,0.0,10,290.5,1312.0,10,786.0,0.0,0.0,0.0,0.0,0.0,0
2023-05-11 09:08:22,PK401C9700,PK401C9700,786.0,0.0,0.0,0.0,1,292.0,1310.5,1,786.0,0.0,0.0,0.0,0.0,0.0,0
2023-05-11 09:08:22,PK401C9700,PK401C9700,786.0,0.0,0.0,0.0,10,292.5,1310.0,10,786.0,0.0,0.0,0.0,0.0,0.0,0
2023-05-11 09:08:23,PK401C9700,PK401C9700,786.0,0.0,0.0,0.0,1,294.0,1308.5,1,786.0,0.0,0.0,0.0,0.0,0.0,0
2023-05-11 09:08:23,PK401C9700,PK401C9700,786.0,0.0,0.0,0.0,10,294.5,1308.0,10,786.0,0.0,0.0,0.0,0.0,0.0,0
2023-05-11 09:08:25,PK401C9700,PK401C9700,786.0,0.0,0.0,0.0,1,296.0,1306.5,1,786.0,0.0,0.0,0.0,0.0,0.0,0
2023-05-11 09:08:25,PK401C9700,PK401C9700,786.0,0.0,0.0,0.0,10,296.5,1306.0,10,786.0,0.0,0.0,0.0,0.0,0.0,0
2023-05-11 09:08:26,PK401C9700,PK401C9700,786.0,0.0,0.0,0.0,1,298.0,1306.0,10,786.0,0.0,0.0,0.0,0.0,0.0,0
2023-05-11 09:08:26,PK401C9700,PK401C9700,786.0,0.0,0.0,0.0,10,298.5,1306.0,10,786.0,0.0,0.0,0.0,0.0,0.0,0
2023-05-11 09:08:27,PK401C9700,PK401C9700,786.0,0.0,0.0,0.0,1,300.0,1304.5,1,786.0,0.0,0.0,0.0,0.0,0.0,0
2023-05-11 09:08:27,PK401C9700,PK401C9700,786.0,0.0,0.0,0.0,10,300.5,1304.0,10,786.0,0.0,0.0,0.0,0.0,0.0,0
2023-05-11 09:08:28,PK401C9700,PK401C9700,786.0,0.0,0.0,0.0,1,302.0,1302.5,1,786.0,0.0,0.0,0.0,0.0,0.0,0
2023-05-11 09:08:28,PK401C9700,PK401C9700,786.0,0.0,0.0,0.0,10,302.5,1302.0,10,786.0,0.0,0.0,0.0,0.0,0.0,0
2023-05-11 09:08:29,PK401C9700,PK401C9700,786.0,0.0,0.0,0.0,1,304.0,1300.5,1,786.0,0.0,0.0,0.0,0.0,0.0,0
2023-05-11 09:08:29,PK401C9700,PK401C9700,786.0,0.0,0.0,0.0,10,304.5,1300.0,10,786.0,0.0,0.0,0.0,0.0,0.0,0
2023-05-11 09:08:31,PK401C9700,PK401C9700,786.0,0.0,0.0,0.0,1,306.0,1298.5,1,786.0,0.0,0.0,0.0,0.0,0.0,0
2023-05-11 09:08:31,PK401C9700,PK401C9700,786.0,0.0,0.0,0.0,10,306.5,1298.0,10,786.0,0.0,0.0,0.0,0.0,0.0,0
2023-05-11 09:08:33,PK401C9700,PK401C9700,786.0,0.0,0.0,0.0,1,308.0,1296.5,1,786.0,0.0,0.0,0.0,0.0,0.0,0
2023-05-11 09:08:33,PK401C9700,PK401C9700,786.0,0.0,0.0,0.0,10,308.5,1296.0,10,786.0,0.0,0.0,0.0,0.0,0.0,0
2023-05-11 09:08:35,PK401C9700,PK401C9700,786.0,0.0,0.0,0.0,1,310.0,1294.5,1,786.0,0.0,0.0,0.0,0.0,0.0,0
2023-05-11 09:08:35,PK401C9700,PK401C9700,786.0,0.0,0.0,0.0,10,310.5,1294.0,10,786.0,0.0,0.0,0.0,0.0,0.0,0
2023-05-11 09:08:38,PK401C9700,PK401C9700,786.0,0.0,0.0,0.0,1,312.0,1294.0,10,786.0,0.0,0.0,0.0,0.0,0.0,0
2023-05-11 09:08:38,PK401C9700,PK401C9700,786.0,0.0,0.0,0.0,10,312.5,1294.0,10,786.0,0.0,0.0,0.0,0.0,0.0,0
2023-05-11 09:08:40,PK401C9700,PK401C9700,786.0,0.0,0.0,0.0,1,314.0,1292.5,1,786.0,0.0,0.0,0.0,0.0,0.0,0
2023-05-11 09:08:40,PK401C9700,PK401C9700,786.0,0.0,0.0,0.0,10,314.5,1292.0,10,786.0,0.0,0.0,0.0,0.0,0.0,0
2023-05-11 09:08:42,PK401C9700,PK401C9700,786.0,0.0,0.0,0.0,1,316.0,1290.5,1,786.0,0.0,0.0,0.0,0.0,0.0,0
2023-05-11 09:08:42,PK401C9700,PK401C9700,786.0,0.0,0.0,0.0,10,316.5,1290.0,10,786.0,0.0,0.0,0.0,0.0,0.0,0
2023-05-11 09:08:44,PK401C9700,PK401C9700,786.0,0.0,0.0,0.0,1,318.0,1290.0,10,786.0,0.0,0.0,0.0,0.0,0.0,0
2023-05-11 09:08:44,PK401C9700,PK401C9700,786.0,0.0,0.0,0.0,10,318.5,1290.0,10,786.0,0.0,0.0,0.0,0.0,0.0,0
2023-05-11 09:08:45,PK401C9700,PK401C9700,786.0,0.0,0.0,0.0,1,320.0,1288.5,1,786.0,0.0,0.0,0.0,0.0,0.0,0
2023-05-11 09:08:45,PK401C9700,PK401C9700,786.0,0.0,0.0,0.0,10,320.5,1288.0,10,786.0,0.0,0.0,0.0,0.0,0.0,0
2023-05-11 09:08:47,PK401C9700,PK401C9700,786.0,0.0,0.0,0.0,1,322.0,1288.0,10,786.0,0.0,0.0,0.0,0.0,0.0,0
2023-05-11 09:08:47,PK401C9700,PK401C9700,786.0,0.0,0.0,0.0,10,322.5,1286.5,1,786.0,0.0,0.0,0.0,0.0,0.0,0
2023-05-11 09:08:48,PK401C9700,PK401C9700,786.0,0.0,0.0,0.0,10,322.5,1286.0,10,786.0,0.0,0.0,0.0,0.0,0.0,0
2023-05-11 09:08:50,PK401C9700,PK401C9700,786.0,0.0,0.0,0.0,1,324.0,1284.5,1,786.0,0.0,0.0,0.0,0.0,0.0,0
2023-05-11 09:09:39,PK401C9700,PK401C9700,786.0,0.0,0.0,0.0,10,324.5,1284.0,10,786.0,0.0,0.0,0.0,0.0,0.0,0
2023-05-11 09:09:40,PK401C9700,PK401C9700,786.0,0.0,0.0,0.0,1,326.0,1284.0,10,786.0,0.0,0.0,0.0,0.0,0.0,0
2023-05-11 09:09:40,PK401C9700,PK401C9700,786.0,0.0,0.0,0.0,10,326.5,1284.0,10,786.0,0.0,0.0,0.0,0.0,0.0,0
2023-05-11 09:09:41,PK401C9700,PK401C9700,786.0,0.0,0.0,0.0,1,328.0,1282.5,1,786.0,0.0,0.0,0.0,0.0,0.0,0
2023-05-11 09:09:41,PK401C9700,PK401C9700,786.0,0.0,0.0,0.0,10,328.5,1282.0,10,786.0,0.0,0.0,0.0,0.0,0.0,0
2023-05-11 09:09:43,PK401C9700,PK401C9700,786.0,0.0,0.0,0.0,1,330.0,1280.5,1,786.0,0.0,0.0,0.0,0.0,0.0,0
2023-05-11 09:09:43,PK401C9700,PK401C9700,786.0,0.0,0.0,0.0,10,330.5,1280.0,10,786.0,0.0,0.0,0.0,0.0,0.0,0
2023-05-11 09:09:44,PK401C9700,PK401C9700,786.0,0.0,0.0,0.0,1,332.0,1278.5,1,786.0,0.0,0.0,0.0,0.0,0.0,0
2023-05-11 09:12:05,PK401C9700,PK401C9700,786.0,0.0,0.0,0.0,10,332.5,1278.0,10,786.0,0.0,0.0,0.0,0.0,0.0,0
2023-05-11 09:12:06,PK401C9700,PK401C9700,786.0,0.0,0.0,0.0,1,334.0,1276.5,1,786.0,0.0,0.0,0.0,0.0,0.0,0
2023-05-11 09:12:06,PK401C9700,PK401C9700,786.0,0.0,0.0,0.0,10,334.5,1276.0,10,786.0,0.0,0.0,0.0,0.0,0.0,0
2023-05-11 09:12:09,PK401C9700,PK401C9700,786.0,0.0,0.0,0.0,1,336.0,1274.5,1,786.0,0.0,0.0,0.0,0.0,0.0,0
2023-05-11 09:12:10,PK401C9700,PK401C9700,786.0,0.0,0.0,0.0,10,336.5,1274.0,10,786.0,0.0,0.0,0.0,0.0,0.0,0
2023-05-11 09:12:11,PK401C9700,PK401C9700,786.0,0.0,0.0,0.0,1,338.0,1272.5,1,786.0,0.0,0.0,0.0,0.0,0.0,0
2023-05-11 09:12:12,PK401C9700,PK401C9700,786.0,0.0,0.0,0.0,10,338.5,1272.0,10,786.0,0.0,0.0,0.0,0.0,0.0,0
2023-05-11 09:12:14,PK401C9700,PK401C9700,786.0,0.0,0.0,0.0,1,340.0,1270.5,1,786.0,0.0,0.0,0.0,0.0,0.0,0
2023-05-11 09:12:15,PK401C9700,PK401C9700,786.0,0.0,0.0,0.0,10,340.5,1270.0,10,786.0,0.0,0.0,0.0,0.0,0.0,0
2023-05-11 09:12:15,PK401C9700,PK401C9700,786.0,0.0,0.0,0.0,1,342.0,1268.5,1,786.0,0.0,0.0,0.0,0.0,0.0,0
2023-05-11 09:12:16,PK401C9700,PK401C9700,786.0,0.0,0.0,0.0,10,342.5,1268.0,10,786.0,0.0,0.0,0.0,0.0,0.0,0
2023-05-11 09:12:17,PK401C9700,PK401C9700,786.0,0.0,0.0,0.0,1,344.0,1268.0,10,786.0,0.0,0.0,0.0,0.0,0.0,0
2023-05-11 09:12:18,PK401C9700,PK401C9700,786.0,0.0,0.0,0.0,10,344.5,1266.5,1,786.0,0.0,0.0,0.0,0.0,0.0,0
2023-05-11 09:12:18,PK401C9700,PK401C9700,786.0,0.0,0.0,0.0,1,346.0,1266.0,10,786.0,0.0,0.0,0.0,0.0,0.0,0
2023-05-11 09:12:19,PK401C9700,PK401C9700,786.0,0.0,0.0,0.0,10,346.5,1264.5,1,786.0,0.0,0.0,0.0,0.0,0.0,0
2023-05-11 09:12:19,PK401C9700,PK401C9700,786.0,0.0,0.0,0.0,1,348.0,1264.0,10,786.0,0.0,0.0,0.0,0.0,0.0,0
2023-05-11 09:12:20,PK401C9700,PK401C9700,786.0,0.0,0.0,0.0,1,348.0,1262.5,1,786.0,0.0,0.0,0.0,0.0,0.0,0
2023-05-11 09:12:20,PK401C9700,PK401C9700,786.0,0.0,0.0,0.0,10,348.5,1262.0,10,786.0,0.0,0.0,0.0,0.0,0.0,0
2023-05-11 09:12:21,PK401C9700,PK401C9700,786.0,0.0,0.0,0.0,1,350.0,1260.5,1,786.0,0.0,0.0,0.0,0.0,0.0,0
2023-05-11 09:12:21,PK401C9700,PK401C9700,786.0,0.0,0.0,0.0,10,350.5,1260.0,10,786.0,0.0,0.0,0.0,0.0,0.0,0
2023-05-11 09:12:22,PK401C9700,PK401C9700,786.0,0.0,0.0,0.0,1,352.0,1258.5,1,786.0,0.0,0.0,0.0,0.0,0.0,0
2023-05-11 09:12:22,PK401C9700,PK401C9700,786.0,0.0,0.0,0.0,10,352.5,1258.0,10,786.0,0.0,0.0,0.0,0.0,0.0,0
2023-05-11 09:12:23,PK401C9700,PK401C9700,786.0,0.0,0.0,0.0,1,354.0,1256.5,1,786.0,0.0,0.0,0.0,0.0,0.0,0
2023-05-11 09:12:23,PK401C9700,PK401C9700,786.0,0.0,0.0,0.0,10,354.5,1256.0,10,786.0,0.0,0.0,0.0,0.0,0.0,0
2023-05-11 09:12:24,PK401C9700,PK401C9700,786.0,0.0,0.0,0.0,1,356.0,1254.5,1,786.0,0.0,0.0,0.0,0.0,0.0,0
2023-05-11 09:12:24,PK401C9700,PK401C9700,786.0,0.0,0.0,0.0,10,356.5,1254.0,10,786.0,0.0,0.0,0.0,0.0,0.0,0
2023-05-11 09:12:25,PK401C9700,PK401C9700,786.0,0.0,0.0,0.0,1,358.0,1252.5,1,786.0,0.0,0.0,0.0,0.0,0.0,0
2023-05-11 09:12:25,PK401C9700,PK401C9700,786.0,0.0,0.0,0.0,10,358.5,1252.0,10,786.0,0.0,0.0,0.0,0.0,0.0,0
2023-05-11 09:12:26,PK401C9700,PK401C9700,786.0,0.0,0.0,0.0,1,360.0,1250.5,1,786.0,0.0,0.0,0.0,0.0,0.0,0
2023-05-11 09:12:26,PK401C9700,PK401C9700,786.0,0.0,0.0,0.0,10,360.5,1250.0,10,786.0,0.0,0.0,0.0,0.0,0.0,0
2023-05-11 09:12:27,PK401C9700,PK401C9700,786.0,0.0,0.0,0.0,1,362.0,1248.5,1,786.0,0.0,0.0,0.0,0.0,0.0,0
2023-05-11 09:12:27,PK401C9700,PK401C9700,786.0,0.0,0.0,0.0,10,362.5,1248.0,10,786.0,0.0,0.0,0.0,0.0,0.0,0
2023-05-11 09:12:28,PK401C9700,PK401C9700,786.0,0.0,0.0,0.0,1,364.0,1246.5,1,786.0,0.0,0.0,0.0,0.0,0.0,0
2023-05-11 09:12:28,PK401C9700,PK401C9700,786.0,0.0,0.0,0.0,10,364.5,1246.0,10,786.0,0.0,0.0,0.0,0.0,0.0,0
2023-05-11 09:12:29,PK401C9700,PK401C9700,786.0,0.0,0.0,0.0,1,366.0,1244.5,1,786.0,0.0,0.0,0.0,0.0,0.0,0
2023-05-11 09:13:53,PK401C9700,PK401C9700,786.0,0.0,0.0,0.0,10,366.5,1244.0,10,786.0,0.0,0.0,0.0,0.0,0.0,0
2023-05-11 09:13:53,PK401C9700,PK401C9700,786.0,0.0,0.0,0.0,1,368.0,1242.5,1,786.0,0.0,0.0,0.0,0.0,0.0,0
2023-05-11 09:13:54,PK401C9700,PK401C9700,786.0,0.0,0.0,0.0,10,368.5,1242.0,10,786.0,0.0,0.0,0.0,0.0,0.0,0
2023-05-11 09:13:54,PK401C9700,PK401C9700,786.0,0.0,0.0,0.0,1,370.0,1240.5,1,786.0,0.0,0.0,0.0,0.0,0.0,0
2023-05-11 09:13:55,PK401C9700,PK401C9700,786.0,0.0,0.0,0.0,10,370.5,1240.0,10,786.0,0.0,0.0,0.0,0.0,0.0,0
2023-05-11 09:13:55,PK401C9700,PK401C9700,786.0,0.0,0.0,0.0,1,372.0,1238.5,1,786.0,0.0,0.0,0.0,0.0,0.0,0
2023-05-11 09:13:56,PK401C9700,PK401C9700,786.0,0.0,0.0,0.0,10,372.5,1238.0,10,786.0,0.0,0.0,0.0,0.0,0.0,0
2023-05-11 09:13:56,PK401C9700,PK401C9700,786.0,0.0,0.0,0.0,1,374.0,1238.0,10,786.0,0.0,0.0,0.0,0.0,0.0,0
2023-05-11 09:13:57,PK401C9700,PK401C9700,786.0,0.0,0.0,0.0,10,374.5,1236.5,1,786.0,0.0,0.0,0.0,0.0,0.0,0
2023-05-11 09:13:57,PK401C9700,PK401C9700,786.0,0.0,0.0,0.0,1,376.0,1236.0,10,786.0,0.0,0.0,0.0,0.0,0.0,0
2023-05-11 09:13:58,PK401C9700,PK401C9700,786.0,0.0,0.0,0.0,10,376.5,1234.5,1,786.0,0.0,0.0,0.0,0.0,0.0,0
2023-05-11 09:13:58,PK401C9700,PK401C9700,786.0,0.0,0.0,0.0,1,378.0,1234.0,10,786.0,0.0,0.0,0.0,0.0,0.0,0
2023-05-11 09:13:59,PK401C9700,PK401C9700,786.0,0.0,0.0,0.0,10,378.5,1232.5,1,786.0,0.0,0.0,0.0,0.0,0.0,0
2023-05-11 09:13:59,PK401C9700,PK401C9700,786.0,0.0,0.0,0.0,1,380.0,1232.0,10,786.0,0.0,0.0,0.0,0.0,0.0,0
2023-05-11 09:14:00,PK401C9700,PK401C9700,786.0,0.0,0.0,0.0,10,380.5,1230.5,1,786.0,0.0,0.0,0.0,0.0,0.0,0
2023-05-11 09:14:00,PK401C9700,PK401C9700,786.0,0.0,0.0,0.0,1,382.0,1230.0,10,786.0,0.0,0.0,0.0,0.0,0.0,0
2023-05-11 09:14:01,PK401C9700,PK401C9700,786.0,0.0,0.0,0.0,10,382.5,1228.5,1,786.0,0.0,0.0,0.0,0.0,0.0,0
2023-05-11 09:14:01,PK401C9700,PK401C9700,786.0,0.0,0.0,0.0,1,384.0,1228.0,10,786.0,0.0,0.0,0.0,0.0,0.0,0
2023-05-11 09:14:02,PK401C9700,PK401C9700,786.0,0.0,0.0,0.0,10,384.5,1226.5,1,786.0,0.0,0.0,0.0,0.0,0.0,0
2023-05-11 09:14:02,PK401C9700,PK401C9700,786.0,0.0,0.0,0.0,1,386.0,1226.0,10,786.0,0.0,0.0,0.0,0.0,0.0,0
2023-05-11 09:14:03,PK401C9700,PK401C9700,786.0,0.0,0.0,0.0,10,386.5,1224.5,1,786.0,0.0,0.0,0.0,0.0,0.0,0
2023-05-11 09:14:03,PK401C9700,PK401C9700,786.0,0.0,0.0,0.0,1,388.0,1224.0,10,786.0,0.0,0.0,0.0,0.0,0.0,0
2023-05-11 09:14:04,PK401C9700,PK401C9700,786.0,0.0,0.0,0.0,10,388.5,1222.5,1,786.0,0.0,0.0,0.0,0.0,0.0,0
2023-05-11 09:14:04,PK401C9700,PK401C9700,786.0,0.0,0.0,0.0,1,390.0,1222.0,10,786.0,0.0,0.0,0.0,0.0,0.0,0
2023-05-11 09:14:05,PK401C9700,PK401C9700,786.0,0.0,0.0,0.0,1,390.0,1220.5,1,786.0,0.0,0.0,0.0,0.0,0.0,0
2023-05-11 09:14:06,PK401C9700,PK401C9700,786.0,0.0,0.0,0.0,10,390.5,1220.0,10,786.0,0.0,0.0,0.0,0.0,0.0,0
2023-05-11 09:14:06,PK401C9700,PK401C9700,786.0,0.0,0.0,0.0,1,392.0,1218.5,1,786.0,0.0,0.0,0.0,0.0,0.0,0
2023-05-11 09:14:07,PK401C9700,PK401C9700,786.0,0.0,0.0,0.0,10,392.5,1218.0,10,786.0,0.0,0.0,0.0,0.0,0.0,0
2023-05-11 09:14:08,PK401C9700,PK401C9700,786.0,0.0,0.0,0.0,1,394.0,1216.5,1,786.0,0.0,0.0,0.0,0.0,0.0,0
2023-05-11 09:14:08,PK401C9700,PK401C9700,786.0,0.0,0.0,0.0,10,394.5,1216.0,10,786.0,0.0,0.0,0.0,0.0,0.0,0
2023-05-11 09:14:09,PK401C9700,PK401C9700,786.0,0.0,0.0,0.0,1,396.0,1214.5,1,786.0,0.0,0.0,0.0,0.0,0.0,0
2023-05-11 09:14:09,PK401C9700,PK401C9700,786.0,0.0,0.0,0.0,10,396.5,1214.0,10,786.0,0.0,0.0,0.0,0.0,0.0,0
2023-05-11 09:14:10,PK401C9700,PK401C9700,786.0,0.0,0.0,0.0,1,398.0,1212.5,1,786.0,0.0,0.0,0.0,0.0,0.0,0
2023-05-11 09:14:10,PK401C9700,PK401C9700,786.0,0.0,0.0,0.0,10,398.5,1212.0,10,786.0,0.0,0.0,0.0,0.0,0.0,0
2023-05-11 09:14:11,PK401C9700,PK401C9700,786.0,0.0,0.0,0.0,1,400.0,1210.5,1,786.0,0.0,0.0,0.0,0.0,0.0,0
2023-05-11 09:14:11,PK401C9700,PK401C9700,786.0,0.0,0.0,0.0,10,400.5,1210.0,10,786.0,0.0,0.0,0.0,0.0,0.0,0
2023-05-11 09:14:12,PK401C9700,PK401C9700,786.0,0.0,0.0,0.0,1,402.0,1208.5,1,786.0,0.0,0.0,0.0,0.0,0.0,0
2023-05-11 09:14:12,PK401C9700,PK401C9700,786.0,0.0,0.0,0.0,10,402.5,1208.0,10,786.0,0.0,0.0,0.0,0.0,0.0,0
2023-05-11 09:14:13,PK401C9700,PK401C9700,786.0,0.0,0.0,0.0,1,404.0,1206.5,1,786.0,0.0,0.0,0.0,0.0,0.0,0
2023-05-11 09:14:13,PK401C9700,PK401C9700,786.0,0.0,0.0,0.0,10,404.5,1206.0,10,786.0,0.0,0.0,0.0,0.0,0.0,0
2023-05-11 09:14:14,PK401C9700,PK401C9700,786.0,0.0,0.0,0.0,1,406.0,1204.5,1,786.0,0.0,0.0,0.0,0.0,0.0,0
2023-05-11 09:14:14,PK401C9700,PK401C9700,786.0,0.0,0.0,0.0,10,406.5,1204.0,10,786.0,0.0,0.0,0.0,0.0,0.0,0
2023-05-11 09:14:15,PK401C9700,PK401C9700,786.0,0.0,0.0,0.0,1,408.0,1202.5,1,786.0,0.0,0.0,0.0,0.0,0.0,0
2023-05-11 09:14:30,PK401C9700,PK401C9700,786.0,0.0,0.0,0.0,10,408.5,1202.0,10,786.0,0.0,0.0,0.0,0.0,0.0,0
2023-05-11 09:14:30,PK401C9700,PK401C9700,786.0,0.0,0.0,0.0,1,410.0,1202.0,10,786.0,0.0,0.0,0.0,0.0,0.0,0
2023-05-11 09:14:31,PK401C9700,PK401C9700,786.0,0.0,0.0,0.0,10,410.5,1202.0,10,786.0,0.0,0.0,0.0,0.0,0.0,0
2023-05-11 09:14:33,PK401C9700,PK401C9700,786.0,0.0,0.0,0.0,1,412.0,1200.5,1,786.0,0.0,0.0,0.0,0.0,0.0,0
2023-05-11 09:14:34,PK401C9700,PK401C9700,786.0,0.0,0.0,0.0,10,412.5,1200.0,10,786.0,0.0,0.0,0.0,0.0,0.0,0
2023-05-11 09:14:35,PK401C9700,PK401C9700,786.0,0.0,0.0,0.0,1,414.0,1198.5,1,786.0,0.0,0.0,0.0,0.0,0.0,0
2023-05-11 09:14:59,PK401C9700,PK401C9700,786.0,0.0,0.0,0.0,10,414.5,1198.0,10,786.0,0.0,0.0,0.0,0.0,0.0,0
2023-05-11 09:14:59,PK401C9700,PK401C9700,786.0,0.0,0.0,0.0,1,416.0,1198.0,10,786.0,0.0,0.0,0.0,0.0,0.0,0
2023-05-11 09:15:00,PK401C9700,PK401C9700,786.0,0.0,0.0,0.0,10,416.5,1198.0,10,786.0,0.0,0.0,0.0,0.0,0.0,0
2023-05-11 09:15:02,PK401C9700,PK401C9700,786.0,0.0,0.0,0.0,1,418.0,1196.5,1,786.0,0.0,0.0,0.0,0.0,0.0,0
2023-05-11 09:16:18,PK401C9700,PK401C9700,786.0,0.0,0.0,0.0,10,418.5,1196.0,10,786.0,0.0,0.0,0.0,0.0,0.0,0
2023-05-11 09:16:20,PK401C9700,PK401C9700,786.0,0.0,0.0,0.0,1,420.0,1194.5,1,786.0,0.0,0.0,0.0,0.0,0.0,0
2023-05-11 09:16:20,PK401C9700,PK401C9700,786.0,0.0,0.0,0.0,10,420.5,1194.0,10,786.0,0.0,0.0,0.0,0.0,0.0,0
2023-05-11 09:16:23,PK401C9700,PK401C9700,786.0,0.0,0.0,0.0,1,422.0,1192.5,1,786.0,0.0,0.0,0.0,0.0,0.0,0
2023-05-11 09:16:23,PK401C9700,PK401C9700,786.0,0.0,0.0,0.0,10,422.5,1192.0,10,786.0,0.0,0.0,0.0,0.0,0.0,0
2023-05-11 09:16:25,PK401C9700,PK401C9700,786.0,0.0,0.0,0.0,1,424.0,1190.5,1,786.0,0.0,0.0,0.0,0.0,0.0,0
2023-05-11 09:17:13,PK401C9700,PK401C9700,786.0,0.0,0.0,0.0,10,424.5,1190.0,10,786.0,0.0,0.0,0.0,0.0,0.0,0
2023-05-11 09:17:14,PK401C9700,PK401C9700,786.0,0.0,0.0,0.0,1,426.0,1188.5,1,786.0,0.0,0.0,0.0,0.0,0.0,0
2023-05-11 09:18:08,PK401C9700,PK401C9700,786.0,0.0,0.0,0.0,10,426.5,1188.0,10,786.0,0.0,0.0,0.0,0.0,0.0,0
2023-05-11 09:18:09,PK401C9700,PK401C9700,786.0,0.0,0.0,0.0,1,428.0,1186.5,1,786.0,0.0,0.0,0.0,0.0,0.0,0
2023-05-11 09:18:10,PK401C9700,PK401C9700,786.0,0.0,0.0,0.0,10,428.5,1186.0,10,786.0,0.0,0.0,0.0,0.0,0.0,0
2023-05-11 09:18:11,PK401C9700,PK401C9700,786.0,0.0,0.0,0.0,1,430.0,1186.0,10,786.0,0.0,0.0,0.0,0.0,0.0,0
2023-05-11 09:18:11,PK401C9700,PK401C9700,786.0,0.0,0.0,0.0,1,430.0,1184.5,1,786.0,0.0,0.0,0.0,0.0,0.0,0
2023-05-11 09:18:12,PK401C9700,PK401C9700,786.0,0.0,0.0,0.0,10,430.5,1184.0,10,786.0,0.0,0.0,0.0,0.0,0.0,0
2023-05-11 09:18:12,PK401C9700,PK401C9700,786.0,0.0,0.0,0.0,1,432.0,1182.5,1,786.0,0.0,0.0,0.0,0.0,0.0,0
2023-05-11 09:19:03,PK401C9700,PK401C9700,786.0,0.0,0.0,0.0,10,432.5,1182.0,10,786.0,0.0,0.0,0.0,0.0,0.0,0
2023-05-11 09:19:04,PK401C9700,PK401C9700,786.0,0.0,0.0,0.0,1,434.0,1180.5,1,786.0,0.0,0.0,0.0,0.0,0.0,0
2023-05-11 09:19:05,PK401C9700,PK401C9700,786.0,0.0,0.0,0.0,10,434.5,1180.0,10,786.0,0.0,0.0,0.0,0.0,0.0,0
2023-05-11 09:19:05,PK401C9700,PK401C9700,786.0,0.0,0.0,0.0,1,436.0,1178.5,1,786.0,0.0,0.0,0.0,0.0,0.0,0
2023-05-11 09:19:06,PK401C9700,PK401C9700,786.0,0.0,0.0,0.0,10,436.5,1178.0,10,786.0,0.0,0.0,0.0,0.0,0.0,0
2023-05-11 09:19:06,PK401C9700,PK401C9700,786.0,0.0,0.0,0.0,1,438.0,1176.5,1,786.0,0.0,0.0,0.0,0.0,0.0,0
2023-05-11 09:19:07,PK401C9700,PK401C9700,786.0,0.0,0.0,0.0,10,438.5,1176.0,10,786.0,0.0,0.0,0.0,0.0,0.0,0
2023-05-11 09:19:09,PK401C9700,PK401C9700,786.0,0.0,0.0,0.0,1,440.0,1174.5,1,786.0,0.0,0.0,0.0,0.0,0.0,0
2023-05-11 09:19:10,PK401C9700,PK401C9700,786.0,0.0,0.0,0.0,10,440.5,1174.0,10,786.0,0.0,0.0,0.0,0.0,0.0,0
2023-05-11 09:19:12,PK401C9700,PK401C9700,786.0,0.0,0.0,0.0,1,442.0,1172.5,1,786.0,0.0,0.0,0.0,0.0,0.0,0
2023-05-11 09:19:13,PK401C9700,PK401C9700,786.0,0.0,0.0,0.0,10,442.5,1172.0,10,786.0,0.0,0.0,0.0,0.0,0.0,0
2023-05-11 09:19:14,PK401C9700,PK401C9700,786.0,0.0,0.0,0.0,1,444.0,1170.5,1,786.0,0.0,0.0,0.0,0.0,0.0,0
2023-05-11 09:19:14,PK401C9700,PK401C9700,786.0,0.0,0.0,0.0,10,444.5,1170.0,10,786.0,0.0,0.0,0.0,0.0,0.0,0
2023-05-11 09:19:15,PK401C9700,PK401C9700,786.0,0.0,0.0,0.0,1,446.0,1168.5,1,786.0,0.0,0.0,0.0,0.0,0.0,0
2023-05-11 09:19:15,PK401C9700,PK401C9700,786.0,0.0,0.0,0.0,10,446.5,1168.0,10,786.0,0.0,0.0,0.0,0.0,0.0,0
2023-05-11 09:19:16,PK401C9700,PK401C9700,786.0,0.0,0.0,0.0,1,448.0,1166.5,1,786.0,0.0,0.0,0.0,0.0,0.0,0
2023-05-11 09:19:16,PK401C9700,PK401C9700,786.0,0.0,0.0,0.0,10,448.5,1166.0,10,786.0,0.0,0.0,0.0,0.0,0.0,0
2023-05-11 09:19:17,PK401C9700,PK401C9700,786.0,0.0,0.0,0.0,1,450.0,1164.5,1,786.0,0.0,0.0,0.0,0.0,0.0,0
2023-05-11 09:19:17,PK401C9700,PK401C9700,786.0,0.0,0.0,0.0,10,450.5,1164.0,10,786.0,0.0,0.0,0.0,0.0,0.0,0
2023-05-11 09:19:18,PK401C9700,PK401C9700,786.0,0.0,0.0,0.0,1,452.0,1162.5,1,786.0,0.0,0.0,0.0,0.0,0.0,0
2023-05-11 09:19:18,PK401C9700,PK401C9700,786.0,0.0,0.0,0.0,10,452.5,1162.0,10,786.0,0.0,0.0,0.0,0.0,0.0,0
2023-05-11 09:19:19,PK401C9700,PK401C9700,786.0,0.0,0.0,0.0,1,454.0,1160.5,1,786.0,0.0,0.0,0.0,0.0,0.0,0
2023-05-11 09:19:19,PK401C9700,PK401C9700,786.0,0.0,0.0,0.0,10,454.5,1160.0,10,786.0,0.0,0.0,0.0,0.0,0.0,0
2023-05-11 09:19:20,PK401C9700,PK401C9700,786.0,0.0,0.0,0.0,1,456.0,1158.5,1,786.0,0.0,0.0,0.0,0.0,0.0,0
2023-05-11 09:19:21,PK401C9700,PK401C9700,786.0,0.0,0.0,0.0,10,456.5,1158.0,10,786.0,0.0,0.0,0.0,0.0,0.0,0
2023-05-11 09:19:21,PK401C9700,PK401C9700,786.0,0.0,0.0,0.0,1,458.0,1156.5,1,786.0,0.0,0.0,0.0,0.0,0.0,0
2023-05-11 09:19:21,PK401C9700,PK401C9700,786.0,0.0,0.0,0.0,10,458.5,1156.0,10,786.0,0.0,0.0,0.0,0.0,0.0,0
2023-05-11 09:19:22,PK401C9700,PK401C9700,786.0,0.0,0.0,0.0,1,460.0,1154.5,1,786.0,0.0,0.0,0.0,0.0,0.0,0
2023-05-11 09:19:22,PK401C9700,PK401C9700,786.0,0.0,0.0,0.0,10,460.5,1154.0,10,786.0,0.0,0.0,0.0,0.0,0.0,0
2023-05-11 09:19:23,PK401C9700,PK401C9700,786.0,0.0,0.0,0.0,1,462.0,1152.5,1,786.0,0.0,0.0,0.0,0.0,0.0,0
2023-05-11 09:19:23,PK401C9700,PK401C9700,786.0,0.0,0.0,0.0,10,462.5,1152.0,10,786.0,0.0,0.0,0.0,0.0,0.0,0
2023-05-11 09:19:24,PK401C9700,PK401C9700,786.0,0.0,0.0,0.0,1,464.0,1150.5,1,786.0,0.0,0.0,0.0,0.0,0.0,0
2023-05-11 09:19:24,PK401C9700,PK401C9700,786.0,0.0,0.0,0.0,10,464.5,1150.0,10,786.0,0.0,0.0,0.0,0.0,0.0,0
2023-05-11 09:19:25,PK401C9700,PK401C9700,786.0,0.0,0.0,0.0,1,466.0,1148.5,1,786.0,0.0,0.0,0.0,0.0,0.0,0
2023-05-11 09:19:25,PK401C9700,PK401C9700,786.0,0.0,0.0,0.0,10,466.5,1148.0,10,786.0,0.0,0.0,0.0,0.0,0.0,0
2023-05-11 09:19:26,PK401C9700,PK401C9700,786.0,0.0,0.0,0.0,10,466.5,1146.5,1,786.0,0.0,0.0,0.0,0.0,0.0,0
2023-05-11 09:19:26,PK401C9700,PK401C9700,786.0,0.0,0.0,0.0,10,466.5,1146.0,10,786.0,0.0,0.0,0.0,0.0,0.0,0
2023-05-11 09:19:27,PK401C9700,PK401C9700,786.0,0.0,0.0,0.0,10,466.5,1144.5,1,786.0,0.0,0.0,0.0,0.0,0.0,0
2023-05-11 09:20:50,PK401C9700,PK401C9700,786.0,0.0,0.0,0.0,10,466.5,1144.0,10,786.0,0.0,0.0,0.0,0.0,0.0,0
2023-05-11 09:20:50,PK401C9700,PK401C9700,786.0,0.0,0.0,0.0,10,466.5,1142.5,1,786.0,0.0,0.0,0.0,0.0,0.0,0
2023-05-11 09:20:51,PK401C9700,PK401C9700,786.0,0.0,0.0,0.0,10,466.5,1142.0,10,786.0,0.0,0.0,0.0,0.0,0.0,0
2023-05-11 09:20:53,PK401C9700,PK401C9700,786.0,0.0,0.0,0.0,10,466.5,1140.5,1,786.0,0.0,0.0,0.0,0.0,0.0,0
2023-05-11 09:20:54,PK401C9700,PK401C9700,786.0,0.0,0.0,0.0,10,466.5,1140.0,10,786.0,0.0,0.0,0.0,0.0,0.0,0
2023-05-11 09:20:55,PK401C9700,PK401C9700,786.0,0.0,0.0,0.0,10,466.5,1138.5,1,786.0,0.0,0.0,0.0,0.0,0.0,0
2023-05-11 09:20:56,PK401C9700,PK401C9700,786.0,0.0,0.0,0.0,10,466.5,1138.0,10,786.0,0.0,0.0,0.0,0.0,0.0,0
2023-05-11 09:20:56,PK401C9700,PK401C9700,786.0,0.0,0.0,0.0,10,466.5,1136.5,1,786.0,0.0,0.0,0.0,0.0,0.0,0
2023-05-11 09:20:57,PK401C9700,PK401C9700,786.0,0.0,0.0,0.0,10,466.5,1136.0,10,786.0,0.0,0.0,0.0,0.0,0.0,0
2023-05-11 09:20:58,PK401C9700,PK401C9700,786.0,0.0,0.0,0.0,10,466.5,1134.5,1,786.0,0.0,0.0,0.0,0.0,0.0,0
2023-05-11 09:20:58,PK401C9700,PK401C9700,786.0,0.0,0.0,0.0,10,466.5,1134.0,10,786.0,0.0,0.0,0.0,0.0,0.0,0
2023-05-11 09:20:59,PK401C9700,PK401C9700,786.0,0.0,0.0,0.0,10,466.5,1132.5,1,786.0,0.0,0.0,0.0,0.0,0.0,0
2023-05-11 09:20:59,PK401C9700,PK401C9700,786.0,0.0,0.0,0.0,10,466.5,1132.0,10,786.0,0.0,0.0,0.0,0.0,0.0,0
2023-05-11 09:21:01,PK401C9700,PK401C9700,786.0,0.0,0.0,0.0,10,466.5,1130.5,1,786.0,0.0,0.0,0.0,0.0,0.0,0
2023-05-11 09:21:01,PK401C9700,PK401C9700,786.0,0.0,0.0,0.0,10,466.5,1130.0,10,786.0,0.0,0.0,0.0,0.0,0.0,0
2023-05-11 09:21:01,PK401C9700,PK401C9700,786.0,0.0,0.0,0.0,10,466.5,1128.5,1,786.0,0.0,0.0,0.0,0.0,0.0,0
2023-05-11 09:23:54,PK401C9700,PK401C9700,786.0,0.0,0.0,0.0,10,466.5,1128.0,10,786.0,0.0,0.0,0.0,0.0,0.0,0
2023-05-11 09:23:55,PK401C9700,PK401C9700,786.0,0.0,0.0,0.0,1,468.0,1126.5,1,786.0,0.0,0.0,0.0,0.0,0.0,0
2023-05-11 09:23:55,PK401C9700,PK401C9700,786.0,0.0,0.0,0.0,10,468.5,1126.0,10,786.0,0.0,0.0,0.0,0.0,0.0,0
2023-05-11 09:23:56,PK401C9700,PK401C9700,786.0,0.0,0.0,0.0,1,470.0,1124.5,1,786.0,0.0,0.0,0.0,0.0,0.0,0
2023-05-11 09:23:56,PK401C9700,PK401C9700,786.0,0.0,0.0,0.0,10,470.5,1124.0,10,786.0,0.0,0.0,0.0,0.0,0.0,0
2023-05-11 09:23:57,PK401C9700,PK401C9700,786.0,0.0,0.0,0.0,1,472.0,1122.5,1,786.0,0.0,0.0,0.0,0.0,0.0,0
2023-05-11 09:23:57,PK401C9700,PK401C9700,786.0,0.0,0.0,0.0,10,472.5,1122.0,10,786.0,0.0,0.0,0.0,0.0,0.0,0
2023-05-11 09:23:59,PK401C9700,PK401C9700,786.0,0.0,0.0,0.0,10,472.5,1120.5,1,786.0,0.0,0.0,0.0,0.0,0.0,0
2023-05-11 09:23:59,PK401C9700,PK401C9700,786.0,0.0,0.0,0.0,10,472.5,1120.0,10,786.0,0.0,0.0,0.0,0.0,0.0,0
2023-05-11 09:23:59,PK401C9700,PK401C9700,786.0,0.0,0.0,0.0,10,472.5,1118.5,1,786.0,0.0,0.0,0.0,0.0,0.0,0
2023-05-11 09:24:40,PK401C9700,PK401C9700,786.0,0.0,0.0,0.0,10,472.5,1118.0,10,786.0,0.0,0.0,0.0,0.0,0.0,0
2023-05-11 09:24:40,PK401C9700,PK401C9700,786.0,0.0,0.0,0.0,10,472.5,1116.5,1,786.0,0.0,0.0,0.0,0.0,0.0,0
2023-05-11 09:25:37,PK401C9700,PK401C9700,786.0,0.0,0.0,0.0,10,472.5,1116.0,10,786.0,0.0,0.0,0.0,0.0,0.0,0
2023-05-11 09:25:37,PK401C9700,PK401C9700,786.0,0.0,0.0,0.0,1,474.0,1114.5,1,786.0,0.0,0.0,0.0,0.0,0.0,0
2023-05-11 09:25:37,PK401C9700,PK401C9700,786.0,0.0,0.0,0.0,10,474.5,1114.0,10,786.0,0.0,0.0,0.0,0.0,0.0,0
2023-05-11 09:25:38,PK401C9700,PK401C9700,786.0,0.0,0.0,0.0,10,474.5,1112.5,1,786.0,0.0,0.0,0.0,0.0,0.0,0
2023-05-11 09:25:39,PK401C9700,PK401C9700,786.0,0.0,0.0,0.0,1,476.0,1112.0,10,786.0,0.0,0.0,0.0,0.0,0.0,0
2023-05-11 09:25:39,PK401C9700,PK401C9700,786.0,0.0,0.0,0.0,10,476.5,1110.5,1,786.0,0.0,0.0,0.0,0.0,0.0,0
2023-05-11 09:25:40,PK401C9700,PK401C9700,786.0,0.0,0.0,0.0,1,478.0,1110.0,10,786.0,0.0,0.0,0.0,0.0,0.0,0
2023-05-11 09:25:40,PK401C9700,PK401C9700,786.0,0.0,0.0,0.0,10,478.5,1110.0,10,786.0,0.0,0.0,0.0,0.0,0.0,0
2023-05-11 09:27:32,PK401C9700,PK401C9700,786.0,0.0,0.0,0.0,6,697.0,746.0,3,786.0,0.0,0.0,0.0,0.0,0.0,0
2023-05-11 09:27:32,PK401C9700,PK401C9700,786.0,0.0,0.0,0.0,9,697.0,746.0,9,786.0,0.0,0.0,0.0,0.0,0.0,0
2023-05-11 09:27:33,PK401C9700,PK401C9700,786.0,0.0,0.0,0.0,12,697.0,746.0,12,786.0,0.0,0.0,0.0,0.0,0.0,0
2023-05-11 09:27:38,PK401C9700,PK401C9700,786.0,0.0,0.0,0.0,12,697.0,740.5,3,786.0,0.0,0.0,0.0,0.0,0.0,0
2023-05-11 09:27:38,PK401C9700,PK401C9700,786.0,0.0,0.0,0.0,12,697.0,740.5,6,786.0,0.0,0.0,0.0,0.0,0.0,0
2023-05-11 09:27:39,PK401C9700,PK401C9700,786.0,0.0,0.0,0.0,21,697.0,740.5,12,786.0,0.0,0.0,0.0,0.0,0.0,0
2023-05-11 09:27:41,PK401C9700,PK401C9700,786.0,0.0,0.0,0.0,24,697.0,740.5,15,786.0,0.0,0.0,0.0,0.0,0.0,0
2023-05-11 09:27:43,PK401C9700,PK401C9700,786.0,0.0,0.0,0.0,27,697.0,740.5,18,786.0,0.0,0.0,0.0,0.0,0.0,0
2023-05-11 09:27:44,PK401C9700,PK401C9700,786.0,0.0,0.0,0.0,24,697.0,740.5,18,786.0,0.0,0.0,0.0,0.0,0.0,0
2023-05-11 09:27:49,PK401C9700,PK401C9700,786.0,0.0,0.0,0.0,21,697.0,740.5,15,786.0,0.0,0.0,0.0,0.0,0.0,0
2023-05-11 09:27:50,PK401C9700,PK401C9700,786.0,0.0,0.0,0.0,15,697.0,740.5,9,786.0,0.0,0.0,0.0,0.0,0.0,0
2023-05-11 09:27:51,PK401C9700,PK401C9700,786.0,0.0,0.0,0.0,9,697.0,740.5,9,786.0,0.0,0.0,0.0,0.0,0.0,0
2023-05-11 09:27:52,PK401C9700,PK401C9700,786.0,0.0,0.0,0.0,3,697.0,740.5,3,786.0,0.0,0.0,0.0,0.0,0.0,0
2023-05-11 09:27:54,PK401C9700,PK401C9700,786.0,0.0,0.0,0.0,1,98.0,0.0,0,786.0,0.0,0.0,0.0,0.0,0.0,0
2023-05-11 09:27:54,PK401C9700,PK401C9700,786.0,0.0,0.0,0.0,10,98.5,0.0,0,786.0,0.0,0.0,0.0,0.0,0.0,0
2023-05-11 09:35:00,PK401C9700,PK401C9700,786.0,0.0,0.0,0.0,1,99.0,0.0,0,786.0,0.0,0.0,0.0,0.0,0.0,0
2023-05-11 09:35:00,PK401C9700,PK401C9700,786.0,0.0,0.0,0.0,10,99.5,0.0,0,786.0,0.0,0.0,0.0,0.0,0.0,0
2023-05-11 09:44:56,PK401C9700,PK401C9700,786.0,0.0,0.0,0.0,1,101.0,1492.5,1,786.0,0.0,0.0,0.0,0.0,0.0,0
2023-05-11 09:44:56,PK401C9700,PK401C9700,786.0,0.0,0.0,0.0,10,101.5,1492.0,10,786.0,0.0,0.0,0.0,0.0,0.0,0
2023-05-11 09:44:56,PK401C9700,PK401C9700,786.0,0.0,0.0,0.0,1,103.0,1492.0,10,786.0,0.0,0.0,0.0,0.0,0.0,0
2023-05-11 09:44:57,PK401C9700,PK401C9700,786.0,0.0,0.0,0.0,10,103.5,1490.5,1,786.0,0.0,0.0,0.0,0.0,0.0,0
2023-05-11 09:44:57,PK401C9700,PK401C9700,786.0,0.0,0.0,0.0,1,105.0,1490.0,10,786.0,0.0,0.0,0.0,0.0,0.0,0
2023-05-11 09:44:58,PK401C9700,PK401C9700,786.0,0.0,0.0,0.0,10,105.5,1488.5,1,786.0,0.0,0.0,0.0,0.0,0.0,0
2023-05-11 09:44:58,PK401C9700,PK401C9700,786.0,0.0,0.0,0.0,1,107.0,1488.0,10,786.0,0.0,0.0,0.0,0.0,0.0,0
2023-05-11 09:44:59,PK401C9700,PK401C9700,786.0,0.0,0.0,0.0,10,107.5,1486.5,1,786.0,0.0,0.0,0.0,0.0,0.0,0
2023-05-11 09:45:00,PK401C9700,PK401C9700,786.0,0.0,0.0,0.0,1,109.0,1486.0,10,786.0,0.0,0.0,0.0,0.0,0.0,0
2023-05-11 09:45:00,PK401C9700,PK401C9700,786.0,0.0,0.0,0.0,10,109.5,1484.5,1,786.0,0.0,0.0,0.0,0.0,0.0,0
2023-05-11 09:45:01,PK401C9700,PK401C9700,786.0,0.0,0.0,0.0,10,109.5,1484.0,10,786.0,0.0,0.0,0.0,0.0,0.0,0
2023-05-11 10:04:56,PK401C9700,PK401C9700,786.0,0.0,0.0,0.0,1,111.0,1482.5,1,786.0,0.0,0.0,0.0,0.0,0.0,0
2023-05-11 10:04:56,PK401C9700,PK401C9700,786.0,0.0,0.0,0.0,10,111.5,1482.0,10,786.0,0.0,0.0,0.0,0.0,0.0,0
2023-05-11 10:04:57,PK401C9700,PK401C9700,786.0,0.0,0.0,0.0,1,113.0,1480.5,1,786.0,0.0,0.0,0.0,0.0,0.0,0
2023-05-11 10:04:57,PK401C9700,PK401C9700,786.0,0.0,0.0,0.0,10,113.5,1480.0,10,786.0,0.0,0.0,0.0,0.0,0.0,0
2023-05-11 10:04:58,PK401C9700,PK401C9700,786.0,0.0,0.0,0.0,1,115.0,1478.5,1,786.0,0.0,0.0,0.0,0.0,0.0,0
2023-05-11 10:04:58,PK401C9700,PK401C9700,786.0,0.0,0.0,0.0,10,115.5,1478.0,10,786.0,0.0,0.0,0.0,0.0,0.0,0
2023-05-11 10:04:59,PK401C9700,PK401C9700,786.0,0.0,0.0,0.0,1,117.0,1476.5,1,786.0,0.0,0.0,0.0,0.0,0.0,0
2023-05-11 10:04:59,PK401C9700,PK401C9700,786.0,0.0,0.0,0.0,10,117.5,1476.0,10,786.0,0.0,0.0,0.0,0.0,0.0,0
2023-05-11 10:05:00,PK401C9700,PK401C9700,786.0,0.0,0.0,0.0,1,119.0,1474.5,1,786.0,0.0,0.0,0.0,0.0,0.0,0
2023-05-11 10:05:01,PK401C9700,PK401C9700,786.0,0.0,0.0,0.0,10,119.5,1474.0,10,786.0,0.0,0.0,0.0,0.0,0.0,0
2023-05-11 10:06:35,PK401C9700,PK401C9700,786.0,0.0,0.0,0.0,1,120.0,1474.0,10,786.0,0.0,0.0,0.0,0.0,0.0,0
2023-05-11 10:06:36,PK401C9700,PK401C9700,786.0,0.0,0.0,0.0,10,120.5,1474.0,10,786.0,0.0,0.0,0.0,0.0,0.0,0
2023-05-11 10:14:33,PK401C9700,PK401C9700,786.0,0.0,0.0,0.0,1,120.0,0.0,0,786.0,0.0,0.0,0.0,0.0,0.0,0
2023-05-11 10:30:12,PK401C9700,PK401C9700,786.0,0.0,0.0,0.0,1,126.5,0.0,0,786.0,0.0,0.0,0.0,0.0,0.0,0
2023-05-11 10:30:12,PK401C9700,PK401C9700,786.0,0.0,0.0,0.0,10,127.0,0.0,0,786.0,0.0,0.0,0.0,0.0,0.0,0
2023-05-11 10:30:13,PK401C9700,PK401C9700,786.0,0.0,0.0,0.0,1,133.5,0.0,0,786.0,0.0,0.0,0.0,0.0,0.0,0
2023-05-11 10:30:14,PK401C9700,PK401C9700,786.0,0.0,0.0,0.0,10,134.0,0.0,0,786.0,0.0,0.0,0.0,0.0,0.0,0
2023-05-11 10:30:14,PK401C9700,PK401C9700,786.0,0.0,0.0,0.0,1,140.5,0.0,0,786.0,0.0,0.0,0.0,0.0,0.0,0
2023-05-11 10:30:15,PK401C9700,PK401C9700,786.0,0.0,0.0,0.0,10,141.0,0.0,0,786.0,0.0,0.0,0.0,0.0,0.0,0
2023-05-11 10:30:16,PK401C9700,PK401C9700,786.0,0.0,0.0,0.0,1,147.5,0.0,0,786.0,0.0,0.0,0.0,0.0,0.0,0
2023-05-11 10:30:16,PK401C9700,PK401C9700,786.0,0.0,0.0,0.0,10,148.0,0.0,0,786.0,0.0,0.0,0.0,0.0,0.0,0
2023-05-11 10:30:17,PK401C9700,PK401C9700,786.0,0.0,0.0,0.0,1,154.5,0.0,0,786.0,0.0,0.0,0.0,0.0,0.0,0
2023-05-11 10:30:17,PK401C9700,PK401C9700,786.0,0.0,0.0,0.0,10,155.0,0.0,0,786.0,0.0,0.0,0.0,0.0,0.0,0
2023-05-11 10:30:19,PK401C9700,PK401C9700,786.0,0.0,0.0,0.0,1,161.5,0.0,0,786.0,0.0,0.0,0.0,0.0,0.0,0
2023-05-11 10:30:19,PK401C9700,PK401C9700,786.0,0.0,0.0,0.0,10,162.0,0.0,0,786.0,0.0,0.0,0.0,0.0,0.0,0
2023-05-11 10:30:20,PK401C9700,PK401C9700,786.0,0.0,0.0,0.0,1,168.5,0.0,0,786.0,0.0,0.0,0.0,0.0,0.0,0
2023-05-11 10:30:20,PK401C9700,PK401C9700,786.0,0.0,0.0,0.0,10,169.0,0.0,0,786.0,0.0,0.0,0.0,0.0,0.0,0
2023-05-11 10:30:22,PK401C9700,PK401C9700,786.0,0.0,0.0,0.0,1,175.5,0.0,0,786.0,0.0,0.0,0.0,0.0,0.0,0
2023-05-11 10:30:22,PK401C9700,PK401C9700,786.0,0.0,0.0,0.0,10,176.0,0.0,0,786.0,0.0,0.0,0.0,0.0,0.0,0
2023-05-11 10:30:23,PK401C9700,PK401C9700,786.0,0.0,0.0,0.0,1,182.5,0.0,0,786.0,0.0,0.0,0.0,0.0,0.0,0
2023-05-11 10:30:23,PK401C9700,PK401C9700,786.0,0.0,0.0,0.0,10,183.0,0.0,0,786.0,0.0,0.0,0.0,0.0,0.0,0
2023-05-11 10:30:24,PK401C9700,PK401C9700,786.0,0.0,0.0,0.0,1,189.5,0.0,0,786.0,0.0,0.0,0.0,0.0,0.0,0
2023-05-11 10:30:25,PK401C9700,PK401C9700,786.0,0.0,0.0,0.0,10,190.0,0.0,0,786.0,0.0,0.0,0.0,0.0,0.0,0
2023-05-11 10:30:26,PK401C9700,PK401C9700,786.0,0.0,0.0,0.0,1,196.5,0.0,0,786.0,0.0,0.0,0.0,0.0,0.0,0
2023-05-11 10:30:26,PK401C9700,PK401C9700,786.0,0.0,0.0,0.0,10,197.0,0.0,0,786.0,0.0,0.0,0.0,0.0,0.0,0
2023-05-11 10:30:27,PK401C9700,PK401C9700,786.0,0.0,0.0,0.0,1,203.5,0.0,0,786.0,0.0,0.0,0.0,0.0,0.0,0
2023-05-11 10:30:27,PK401C9700,PK401C9700,786.0,0.0,0.0,0.0,10,204.0,0.0,0,786.0,0.0,0.0,0.0,0.0,0.0,0
2023-05-11 10:30:28,PK401C9700,PK401C9700,786.0,0.0,0.0,0.0,1,210.5,0.0,0,786.0,0.0,0.0,0.0,0.0,0.0,0
2023-05-11 10:30:29,PK401C9700,PK401C9700,786.0,0.0,0.0,0.0,10,211.0,0.0,0,786.0,0.0,0.0,0.0,0.0,0.0,0
2023-05-11 10:30:29,PK401C9700,PK401C9700,786.0,0.0,0.0,0.0,1,217.5,0.0,0,786.0,0.0,0.0,0.0,0.0,0.0,0
2023-05-11 10:30:30,PK401C9700,PK401C9700,786.0,0.0,0.0,0.0,10,219.5,1492.0,10,786.0,0.0,0.0,0.0,0.0,0.0,0
2023-05-11 10:30:30,PK401C9700,PK401C9700,786.0,0.0,0.0,0.0,1,226.0,1492.0,10,786.0,0.0,0.0,0.0,0.0,0.0,0
2023-05-11 10:30:31,PK401C9700,PK401C9700,786.0,0.0,0.0,0.0,1,227.5,1490.5,1,786.0,0.0,0.0,0.0,0.0,0.0,0
2023-05-11 10:30:31,PK401C9700,PK401C9700,786.0,0.0,0.0,0.0,1,234.0,1490.0,10,786.0,0.0,0.0,0.0,0.0,0.0,0
2023-05-11 10:30:32,PK401C9700,PK401C9700,786.0,0.0,0.0,0.0,10,236.0,1488.5,1,786.0,0.0,0.0,0.0,0.0,0.0,0
2023-05-11 10:30:32,PK401C9700,PK401C9700,786.0,0.0,0.0,0.0,10,236.0,1488.0,10,786.0,0.0,0.0,0.0,0.0,0.0,0
2023-05-11 10:30:33,PK401C9700,PK401C9700,786.0,0.0,0.0,0.0,1,237.5,1486.5,1,786.0,0.0,0.0,0.0,0.0,0.0,0
2023-05-11 10:30:33,PK401C9700,PK401C9700,786.0,0.0,0.0,0.0,10,243.0,1486.0,10,786.0,0.0,0.0,0.0,0.0,0.0,0
2023-05-11 10:30:34,PK401C9700,PK401C9700,786.0,0.0,0.0,0.0,1,249.5,1486.0,10,786.0,0.0,0.0,0.0,0.0,0.0,0
2023-05-11 10:30:35,PK401C9700,PK401C9700,786.0,0.0,0.0,0.0,10,250.0,1486.0,10,786.0,0.0,0.0,0.0,0.0,0.0,0
2023-05-11 10:30:36,PK401C9700,PK401C9700,786.0,0.0,0.0,0.0,1,256.5,1486.0,10,786.0,0.0,0.0,0.0,0.0,0.0,0
2023-05-11 10:30:36,PK401C9700,PK401C9700,786.0,0.0,0.0,0.0,10,257.0,1486.0,10,786.0,0.0,0.0,0.0,0.0,0.0,0
2023-05-11 10:30:37,PK401C9700,PK401C9700,786.0,0.0,0.0,0.0,1,263.5,1486.0,10,786.0,0.0,0.0,0.0,0.0,0.0,0
2023-05-11 10:30:37,PK401C9700,PK401C9700,786.0,0.0,0.0,0.0,10,264.0,1486.0,10,786.0,0.0,0.0,0.0,0.0,0.0,0
2023-05-11 10:30:38,PK401C9700,PK401C9700,786.0,0.0,0.0,0.0,1,270.5,1486.0,10,786.0,0.0,0.0,0.0,0.0,0.0,0
2023-05-11 10:31:48,PK401C9700,PK401C9700,786.0,0.0,0.0,0.0,10,271.0,1486.0,10,786.0,0.0,0.0,0.0,0.0,0.0,0
2023-05-11 10:31:50,PK401C9700,PK401C9700,786.0,0.0,0.0,0.0,1,277.5,1486.0,10,786.0,0.0,0.0,0.0,0.0,0.0,0
2023-05-11 10:31:50,PK401C9700,PK401C9700,786.0,0.0,0.0,0.0,10,278.0,1486.0,10,786.0,0.0,0.0,0.0,0.0,0.0,0
2023-05-11 10:31:51,PK401C9700,PK401C9700,786.0,0.0,0.0,0.0,1,284.5,1486.0,10,786.0,0.0,0.0,0.0,0.0,0.0,0
2023-05-11 10:31:52,PK401C9700,PK401C9700,786.0,0.0,0.0,0.0,10,285.0,1486.0,10,786.0,0.0,0.0,0.0,0.0,0.0,0
2023-05-11 10:31:53,PK401C9700,PK401C9700,786.0,0.0,0.0,0.0,1,291.5,1486.0,10,786.0,0.0,0.0,0.0,0.0,0.0,0
2023-05-11 10:31:53,PK401C9700,PK401C9700,786.0,0.0,0.0,0.0,10,292.0,1486.0,10,786.0,0.0,0.0,0.0,0.0,0.0,0
2023-05-11 10:31:54,PK401C9700,PK401C9700,786.0,0.0,0.0,0.0,1,298.5,1486.0,10,786.0,0.0,0.0,0.0,0.0,0.0,0
2023-05-11 10:31:54,PK401C9700,PK401C9700,786.0,0.0,0.0,0.0,10,299.0,1486.0,10,786.0,0.0,0.0,0.0,0.0,0.0,0
2023-05-11 10:31:55,PK401C9700,PK401C9700,786.0,0.0,0.0,0.0,1,305.5,1486.0,10,786.0,0.0,0.0,0.0,0.0,0.0,0
2023-05-11 10:31:56,PK401C9700,PK401C9700,786.0,0.0,0.0,0.0,10,306.0,1486.0,10,786.0,0.0,0.0,0.0,0.0,0.0,0
2023-05-11 10:31:57,PK401C9700,PK401C9700,786.0,0.0,0.0,0.0,1,312.5,1486.0,10,786.0,0.0,0.0,0.0,0.0,0.0,0
2023-05-11 10:31:57,PK401C9700,PK401C9700,786.0,0.0,0.0,0.0,10,313.0,1486.0,10,786.0,0.0,0.0,0.0,0.0,0.0,0
2023-05-11 10:31:58,PK401C9700,PK401C9700,786.0,0.0,0.0,0.0,1,319.5,1486.0,10,786.0,0.0,0.0,0.0,0.0,0.0,0
2023-05-11 10:31:58,PK401C9700,PK401C9700,786.0,0.0,0.0,0.0,10,320.0,1486.0,10,786.0,0.0,0.0,0.0,0.0,0.0,0
2023-05-11 10:31:59,PK401C9700,PK401C9700,786.0,0.0,0.0,0.0,1,326.5,1486.0,10,786.0,0.0,0.0,0.0,0.0,0.0,0
2023-05-11 10:32:00,PK401C9700,PK401C9700,786.0,0.0,0.0,0.0,10,327.0,1486.0,10,786.0,0.0,0.0,0.0,0.0,0.0,0
2023-05-11 10:32:01,PK401C9700,PK401C9700,786.0,0.0,0.0,0.0,1,333.5,1486.0,10,786.0,0.0,0.0,0.0,0.0,0.0,0
2023-05-11 10:34:47,PK401C9700,PK401C9700,786.0,0.0,0.0,0.0,10,334.0,1486.0,10,786.0,0.0,0.0,0.0,0.0,0.0,0
2023-05-11 10:34:49,PK401C9700,PK401C9700,786.0,0.0,0.0,0.0,1,340.5,1486.0,10,786.0,0.0,0.0,0.0,0.0,0.0,0
2023-05-11 10:34:49,PK401C9700,PK401C9700,786.0,0.0,0.0,0.0,10,341.0,1486.0,10,786.0,0.0,0.0,0.0,0.0,0.0,0
2023-05-11 10:34:50,PK401C9700,PK401C9700,786.0,0.0,0.0,0.0,1,347.5,1486.0,10,786.0,0.0,0.0,0.0,0.0,0.0,0
2023-05-11 10:34:50,PK401C9700,PK401C9700,786.0,0.0,0.0,0.0,10,348.0,1486.0,10,786.0,0.0,0.0,0.0,0.0,0.0,0
2023-05-11 10:34:51,PK401C9700,PK401C9700,786.0,0.0,0.0,0.0,1,354.5,1486.0,10,786.0,0.0,0.0,0.0,0.0,0.0,0
2023-05-11 10:34:52,PK401C9700,PK401C9700,786.0,0.0,0.0,0.0,10,355.0,1486.0,10,786.0,0.0,0.0,0.0,0.0,0.0,0
2023-05-11 10:34:53,PK401C9700,PK401C9700,786.0,0.0,0.0,0.0,1,361.5,1486.0,10,786.0,0.0,0.0,0.0,0.0,0.0,0
2023-05-11 10:34:53,PK401C9700,PK401C9700,786.0,0.0,0.0,0.0,10,362.0,1486.0,10,786.0,0.0,0.0,0.0,0.0,0.0,0
2023-05-11 10:34:54,PK401C9700,PK401C9700,786.0,0.0,0.0,0.0,1,368.5,1486.0,10,786.0,0.0,0.0,0.0,0.0,0.0,0
2023-05-11 10:34:54,PK401C9700,PK401C9700,786.0,0.0,0.0,0.0,10,369.0,1486.0,10,786.0,0.0,0.0,0.0,0.0,0.0,0
2023-05-11 10:34:55,PK401C9700,PK401C9700,786.0,0.0,0.0,0.0,1,375.5,1486.0,10,786.0,0.0,0.0,0.0,0.0,0.0,0
2023-05-11 10:34:55,PK401C9700,PK401C9700,786.0,0.0,0.0,0.0,10,376.0,1486.0,10,786.0,0.0,0.0,0.0,0.0,0.0,0
2023-05-11 10:34:56,PK401C9700,PK401C9700,786.0,0.0,0.0,0.0,1,382.5,1486.0,10,786.0,0.0,0.0,0.0,0.0,0.0,0
2023-05-11 10:34:57,PK401C9700,PK401C9700,786.0,0.0,0.0,0.0,10,383.0,1486.0,10,786.0,0.0,0.0,0.0,0.0,0.0,0
2023-05-11 10:34:57,PK401C9700,PK401C9700,786.0,0.0,0.0,0.0,1,389.5,1486.0,10,786.0,0.0,0.0,0.0,0.0,0.0,0
2023-05-11 10:36:53,PK401C9700,PK401C9700,786.0,0.0,0.0,0.0,10,390.0,1486.0,10,786.0,0.0,0.0,0.0,0.0,0.0,0
2023-05-11 10:36:54,PK401C9700,PK401C9700,786.0,0.0,0.0,0.0,1,393.5,1486.0,10,786.0,0.0,0.0,0.0,0.0,0.0,0
2023-05-11 10:36:54,PK401C9700,PK401C9700,786.0,0.0,0.0,0.0,10,394.0,1486.0,10,786.0,0.0,0.0,0.0,0.0,0.0,0
2023-05-11 10:36:55,PK401C9700,PK401C9700,786.0,0.0,0.0,0.0,1,397.5,1486.0,10,786.0,0.0,0.0,0.0,0.0,0.0,0
2023-05-11 10:36:55,PK401C9700,PK401C9700,786.0,0.0,0.0,0.0,10,398.0,1486.0,10,786.0,0.0,0.0,0.0,0.0,0.0,0
2023-05-11 10:36:56,PK401C9700,PK401C9700,786.0,0.0,0.0,0.0,1,398.5,1486.0,10,786.0,0.0,0.0,0.0,0.0,0.0,0
2023-05-11 10:36:56,PK401C9700,PK401C9700,786.0,0.0,0.0,0.0,10,399.0,1486.0,10,786.0,0.0,0.0,0.0,0.0,0.0,0
2023-05-11 10:36:57,PK401C9700,PK401C9700,786.0,0.0,0.0,0.0,1,399.5,1486.0,10,786.0,0.0,0.0,0.0,0.0,0.0,0
2023-05-11 10:36:57,PK401C9700,PK401C9700,786.0,0.0,0.0,0.0,10,400.0,1486.0,10,786.0,0.0,0.0,0.0,0.0,0.0,0
2023-05-11 10:36:58,PK401C9700,PK401C9700,786.0,0.0,0.0,0.0,1,400.5,1486.0,10,786.0,0.0,0.0,0.0,0.0,0.0,0
2023-05-11 10:36:58,PK401C9700,PK401C9700,786.0,0.0,0.0,0.0,10,401.0,1486.0,10,786.0,0.0,0.0,0.0,0.0,0.0,0
2023-05-11 10:37:18,PK401C9700,PK401C9700,786.0,0.0,0.0,0.0,1,407.5,1486.0,10,786.0,0.0,0.0,0.0,0.0,0.0,0
2023-05-11 10:37:40,PK401C9700,PK401C9700,786.0,0.0,0.0,0.0,10,120.5,1486.0,10,786.0,0.0,0.0,0.0,0.0,0.0,0
2023-05-11 10:37:41,PK401C9700,PK401C9700,786.0,0.0,0.0,0.0,1,127.0,1486.0,10,786.0,0.0,0.0,0.0,0.0,0.0,0
2023-05-11 10:37:41,PK401C9700,PK401C9700,786.0,0.0,0.0,0.0,10,127.5,1486.0,10,786.0,0.0,0.0,0.0,0.0,0.0,0
2023-05-11 10:37:42,PK401C9700,PK401C9700,786.0,0.0,0.0,0.0,1,134.0,1486.0,10,786.0,0.0,0.0,0.0,0.0,0.0,0
2023-05-11 10:37:42,PK401C9700,PK401C9700,786.0,0.0,0.0,0.0,10,134.5,1486.0,10,786.0,0.0,0.0,0.0,0.0,0.0,0
2023-05-11 10:37:43,PK401C9700,PK401C9700,786.0,0.0,0.0,0.0,1,141.0,1486.0,10,786.0,0.0,0.0,0.0,0.0,0.0,0
2023-05-11 10:37:43,PK401C9700,PK401C9700,786.0,0.0,0.0,0.0,10,141.5,1486.0,10,786.0,0.0,0.0,0.0,0.0,0.0,0
2023-05-11 10:37:44,PK401C9700,PK401C9700,786.0,0.0,0.0,0.0,1,148.0,1486.0,10,786.0,0.0,0.0,0.0,0.0,0.0,0
2023-05-11 10:37:49,PK401C9700,PK401C9700,786.0,0.0,0.0,0.0,10,148.5,1486.0,10,786.0,0.0,0.0,0.0,0.0,0.0,0
2023-05-11 10:37:50,PK401C9700,PK401C9700,786.0,0.0,0.0,0.0,1,155.0,1486.0,10,786.0,0.0,0.0,0.0,0.0,0.0,0
2023-05-11 10:37:50,PK401C9700,PK401C9700,786.0,0.0,0.0,0.0,10,155.5,1486.0,10,786.0,0.0,0.0,0.0,0.0,0.0,0
2023-05-11 10:37:51,PK401C9700,PK401C9700,786.0,0.0,0.0,0.0,1,162.0,1486.0,10,786.0,0.0,0.0,0.0,0.0,0.0,0
2023-05-11 10:37:51,PK401C9700,PK401C9700,786.0,0.0,0.0,0.0,10,162.5,1486.0,10,786.0,0.0,0.0,0.0,0.0,0.0,0
2023-05-11 10:37:52,PK401C9700,PK401C9700,786.0,0.0,0.0,0.0,1,169.0,1486.0,10,786.0,0.0,0.0,0.0,0.0,0.0,0
2023-05-11 10:37:52,PK401C9700,PK401C9700,786.0,0.0,0.0,0.0,10,169.5,1486.0,10,786.0,0.0,0.0,0.0,0.0,0.0,0
2023-05-11 10:37:52,PK401C9700,PK401C9700,786.0,0.0,0.0,0.0,1,169.0,1486.0,10,786.0,0.0,0.0,0.0,0.0,0.0,0
2023-05-11 10:37:53,PK401C9700,PK401C9700,786.0,0.0,0.0,0.0,1,176.0,1486.0,10,786.0,0.0,0.0,0.0,0.0,0.0,0
2023-05-11 10:37:54,PK401C9700,PK401C9700,786.0,0.0,0.0,0.0,10,176.5,1486.0,10,786.0,0.0,0.0,0.0,0.0,0.0,0
2023-05-11 10:37:55,PK401C9700,PK401C9700,786.0,0.0,0.0,0.0,1,183.0,1486.0,10,786.0,0.0,0.0,0.0,0.0,0.0,0
2023-05-11 10:37:55,PK401C9700,PK401C9700,786.0,0.0,0.0,0.0,10,183.5,1486.0,10,786.0,0.0,0.0,0.0,0.0,0.0,0
2023-05-11 10:37:56,PK401C9700,PK401C9700,786.0,0.0,0.0,0.0,1,190.0,1486.0,10,786.0,0.0,0.0,0.0,0.0,0.0,0
2023-05-11 10:37:56,PK401C9700,PK401C9700,786.0,0.0,0.0,0.0,10,190.5,1486.0,10,786.0,0.0,0.0,0.0,0.0,0.0,0
2023-05-11 10:37:57,PK401C9700,PK401C9700,786.0,0.0,0.0,0.0,1,197.0,1486.0,10,786.0,0.0,0.0,0.0,0.0,0.0,0
2023-05-11 10:37:57,PK401C9700,PK401C9700,786.0,0.0,0.0,0.0,10,197.5,1486.0,10,786.0,0.0,0.0,0.0,0.0,0.0,0
2023-05-11 10:37:58,PK401C9700,PK401C9700,786.0,0.0,0.0,0.0,1,204.0,1486.0,10,786.0,0.0,0.0,0.0,0.0,0.0,0
2023-05-11 10:37:58,PK401C9700,PK401C9700,786.0,0.0,0.0,0.0,10,204.5,1486.0,10,786.0,0.0,0.0,0.0,0.0,0.0,0
2023-05-11 10:37:59,PK401C9700,PK401C9700,786.0,0.0,0.0,0.0,1,211.0,1486.0,10,786.0,0.0,0.0,0.0,0.0,0.0,0
2023-05-11 10:37:59,PK401C9700,PK401C9700,786.0,0.0,0.0,0.0,10,211.5,1486.0,10,786.0,0.0,0.0,0.0,0.0,0.0,0
2023-05-11 10:38:00,PK401C9700,PK401C9700,786.0,0.0,0.0,0.0,1,218.0,1486.0,10,786.0,0.0,0.0,0.0,0.0,0.0,0
2023-05-11 10:38:00,PK401C9700,PK401C9700,786.0,0.0,0.0,0.0,10,218.5,1486.0,10,786.0,0.0,0.0,0.0,0.0,0.0,0
2023-05-11 10:38:01,PK401C9700,PK401C9700,786.0,0.0,0.0,0.0,1,225.0,1486.0,10,786.0,0.0,0.0,0.0,0.0,0.0,0
2023-05-11 10:38:01,PK401C9700,PK401C9700,786.0,0.0,0.0,0.0,10,225.5,1486.0,10,786.0,0.0,0.0,0.0,0.0,0.0,0
2023-05-11 10:38:02,PK401C9700,PK401C9700,786.0,0.0,0.0,0.0,1,232.0,1486.0,10,786.0,0.0,0.0,0.0,0.0,0.0,0
2023-05-11 10:38:58,PK401C9700,PK401C9700,786.0,0.0,0.0,0.0,10,232.5,1486.0,10,786.0,0.0,0.0,0.0,0.0,0.0,0
2023-05-11 10:38:58,PK401C9700,PK401C9700,786.0,0.0,0.0,0.0,1,239.0,1486.0,10,786.0,0.0,0.0,0.0,0.0,0.0,0
2023-05-11 10:38:59,PK401C9700,PK401C9700,786.0,0.0,0.0,0.0,10,239.5,1486.0,10,786.0,0.0,0.0,0.0,0.0,0.0,0
2023-05-11 10:39:00,PK401C9700,PK401C9700,786.0,0.0,0.0,0.0,1,246.0,1486.0,10,786.0,0.0,0.0,0.0,0.0,0.0,0
2023-05-11 10:39:02,PK401C9700,PK401C9700,786.0,0.0,0.0,0.0,10,246.5,1486.0,10,786.0,0.0,0.0,0.0,0.0,0.0,0
2023-05-11 10:39:03,PK401C9700,PK401C9700,786.0,0.0,0.0,0.0,1,253.0,1486.0,10,786.0,0.0,0.0,0.0,0.0,0.0,0
2023-05-11 10:39:03,PK401C9700,PK401C9700,786.0,0.0,0.0,0.0,10,253.5,1486.0,10,786.0,0.0,0.0,0.0,0.0,0.0,0
2023-05-11 10:39:04,PK401C9700,PK401C9700,786.0,0.0,0.0,0.0,1,260.0,1486.0,10,786.0,0.0,0.0,0.0,0.0,0.0,0
2023-05-11 10:39:04,PK401C9700,PK401C9700,786.0,0.0,0.0,0.0,10,260.5,1486.0,10,786.0,0.0,0.0,0.0,0.0,0.0,0
2023-05-11 10:39:05,PK401C9700,PK401C9700,786.0,0.0,0.0,0.0,1,267.0,1486.0,10,786.0,0.0,0.0,0.0,0.0,0.0,0
2023-05-11 10:39:05,PK401C9700,PK401C9700,786.0,0.0,0.0,0.0,10,267.5,1486.0,10,786.0,0.0,0.0,0.0,0.0,0.0,0
2023-05-11 10:39:06,PK401C9700,PK401C9700,786.0,0.0,0.0,0.0,1,274.0,1486.0,10,786.0,0.0,0.0,0.0,0.0,0.0,0
2023-05-11 10:39:06,PK401C9700,PK401C9700,786.0,0.0,0.0,0.0,10,274.5,1486.0,10,786.0,0.0,0.0,0.0,0.0,0.0,0
2023-05-11 10:39:07,PK401C9700,PK401C9700,786.0,0.0,0.0,0.0,1,281.0,1486.0,10,786.0,0.0,0.0,0.0,0.0,0.0,0
2023-05-11 10:39:07,PK401C9700,PK401C9700,786.0,0.0,0.0,0.0,10,281.5,1486.0,10,786.0,0.0,0.0,0.0,0.0,0.0,0
2023-05-11 10:39:08,PK401C9700,PK401C9700,786.0,0.0,0.0,0.0,1,288.0,1486.0,10,786.0,0.0,0.0,0.0,0.0,0.0,0
2023-05-11 10:39:25,PK401C9700,PK401C9700,786.0,0.0,0.0,0.0,10,288.5,1486.0,10,786.0,0.0,0.0,0.0,0.0,0.0,0
2023-05-11 10:39:25,PK401C9700,PK401C9700,786.0,0.0,0.0,0.0,1,295.0,1486.0,10,786.0,0.0,0.0,0.0,0.0,0.0,0
2023-05-11 10:40:47,PK401C9700,PK401C9700,786.0,0.0,0.0,0.0,10,295.5,1486.0,10,786.0,0.0,0.0,0.0,0.0,0.0,0
2023-05-11 10:40:48,PK401C9700,PK401C9700,786.0,0.0,0.0,0.0,1,302.0,1484.5,1,786.0,0.0,0.0,0.0,0.0,0.0,0
2023-05-11 10:40:48,PK401C9700,PK401C9700,786.0,0.0,0.0,0.0,10,302.5,1484.0,10,786.0,0.0,0.0,0.0,0.0,0.0,0
2023-05-11 10:40:49,PK401C9700,PK401C9700,786.0,0.0,0.0,0.0,1,309.0,1482.5,1,786.0,0.0,0.0,0.0,0.0,0.0,0
2023-05-11 10:40:49,PK401C9700,PK401C9700,786.0,0.0,0.0,0.0,1,310.5,1482.5,1,786.0,0.0,0.0,0.0,0.0,0.0,0
2023-05-11 10:40:50,PK401C9700,PK401C9700,786.0,0.0,0.0,0.0,1,317.0,1482.5,1,786.0,0.0,0.0,0.0,0.0,0.0,0
2023-05-11 10:40:50,PK401C9700,PK401C9700,786.0,0.0,0.0,0.0,10,319.0,1482.0,10,786.0,0.0,0.0,0.0,0.0,0.0,0
2023-05-11 10:40:51,PK401C9700,PK401C9700,786.0,0.0,0.0,0.0,1,325.5,1480.5,1,786.0,0.0,0.0,0.0,0.0,0.0,0
2023-05-11 10:40:51,PK401C9700,PK401C9700,786.0,0.0,0.0,0.0,10,327.5,1480.0,10,786.0,0.0,0.0,0.0,0.0,0.0,0
2023-05-11 10:40:52,PK401C9700,PK401C9700,786.0,0.0,0.0,0.0,1,334.0,1478.5,1,786.0,0.0,0.0,0.0,0.0,0.0,0
2023-05-11 10:40:52,PK401C9700,PK401C9700,786.0,0.0,0.0,0.0,10,334.5,1478.0,10,786.0,0.0,0.0,0.0,0.0,0.0,0
2023-05-11 10:40:53,PK401C9700,PK401C9700,786.0,0.0,0.0,0.0,1,341.0,1478.0,10,786.0,0.0,0.0,0.0,0.0,0.0,0
2023-05-11 10:40:53,PK401C9700,PK401C9700,786.0,0.0,0.0,0.0,10,341.5,1478.0,10,786.0,0.0,0.0,0.0,0.0,0.0,0
2023-05-11 10:40:54,PK401C9700,PK401C9700,786.0,0.0,0.0,0.0,1,348.0,1478.0,10,786.0,0.0,0.0,0.0,0.0,0.0,0
2023-05-11 10:40:55,PK401C9700,PK401C9700,786.0,0.0,0.0,0.0,10,348.5,1478.0,10,786.0,0.0,0.0,0.0,0.0,0.0,0
2023-05-11 10:40:56,PK401C9700,PK401C9700,786.0,0.0,0.0,0.0,1,355.0,1478.0,10,786.0,0.0,0.0,0.0,0.0,0.0,0
2023-05-11 10:40:57,PK401C9700,PK401C9700,786.0,0.0,0.0,0.0,10,355.5,1478.0,10,786.0,0.0,0.0,0.0,0.0,0.0,0
2023-05-11 10:40:58,PK401C9700,PK401C9700,786.0,0.0,0.0,0.0,1,362.0,1478.0,10,786.0,0.0,0.0,0.0,0.0,0.0,0
2023-05-11 10:40:58,PK401C9700,PK401C9700,786.0,0.0,0.0,0.0,10,362.5,1478.0,10,786.0,0.0,0.0,0.0,0.0,0.0,0
2023-05-11 10:40:59,PK401C9700,PK401C9700,786.0,0.0,0.0,0.0,1,369.0,1478.0,10,786.0,0.0,0.0,0.0,0.0,0.0,0
2023-05-11 10:40:59,PK401C9700,PK401C9700,786.0,0.0,0.0,0.0,10,369.5,1478.0,10,786.0,0.0,0.0,0.0,0.0,0.0,0
2023-05-11 10:41:00,PK401C9700,PK401C9700,786.0,0.0,0.0,0.0,1,376.0,1478.0,10,786.0,0.0,0.0,0.0,0.0,0.0,0
2023-05-11 10:41:00,PK401C9700,PK401C9700,786.0,0.0,0.0,0.0,10,376.5,1478.0,10,786.0,0.0,0.0,0.0,0.0,0.0,0
2023-05-11 10:41:01,PK401C9700,PK401C9700,786.0,0.0,0.0,0.0,1,383.0,1478.0,10,786.0,0.0,0.0,0.0,0.0,0.0,0
2023-05-11 10:41:01,PK401C9700,PK401C9700,786.0,0.0,0.0,0.0,10,383.5,1478.0,10,786.0,0.0,0.0,0.0,0.0,0.0,0
2023-05-11 10:41:02,PK401C9700,PK401C9700,786.0,0.0,0.0,0.0,1,390.0,1478.0,10,786.0,0.0,0.0,0.0,0.0,0.0,0
2023-05-11 10:41:02,PK401C9700,PK401C9700,786.0,0.0,0.0,0.0,10,390.5,1478.0,10,786.0,0.0,0.0,0.0,0.0,0.0,0
2023-05-11 10:41:03,PK401C9700,PK401C9700,786.0,0.0,0.0,0.0,1,394.0,1478.0,10,786.0,0.0,0.0,0.0,0.0,0.0,0
2023-05-11 10:41:04,PK401C9700,PK401C9700,786.0,0.0,0.0,0.0,10,394.5,1478.0,10,786.0,0.0,0.0,0.0,0.0,0.0,0
2023-05-11 10:41:05,PK401C9700,PK401C9700,786.0,0.0,0.0,0.0,1,395.0,1478.0,10,786.0,0.0,0.0,0.0,0.0,0.0,0
2023-05-11 10:41:05,PK401C9700,PK401C9700,786.0,0.0,0.0,0.0,10,395.5,1478.0,10,786.0,0.0,0.0,0.0,0.0,0.0,0
2023-05-11 10:41:06,PK401C9700,PK401C9700,786.0,0.0,0.0,0.0,1,396.0,1478.0,10,786.0,0.0,0.0,0.0,0.0,0.0,0
2023-05-11 10:41:06,PK401C9700,PK401C9700,786.0,0.0,0.0,0.0,10,396.5,1478.0,10,786.0,0.0,0.0,0.0,0.0,0.0,0
2023-05-11 10:41:07,PK401C9700,PK401C9700,786.0,0.0,0.0,0.0,1,397.0,1478.0,10,786.0,0.0,0.0,0.0,0.0,0.0,0
2023-05-11 10:41:08,PK401C9700,PK401C9700,786.0,0.0,0.0,0.0,10,397.5,1478.0,10,786.0,0.0,0.0,0.0,0.0,0.0,0
2023-05-11 10:41:09,PK401C9700,PK401C9700,786.0,0.0,0.0,0.0,1,398.0,1478.0,10,786.0,0.0,0.0,0.0,0.0,0.0,0
2023-05-11 10:41:48,PK401C9700,PK401C9700,786.0,0.0,0.0,0.0,10,398.5,1478.0,10,786.0,0.0,0.0,0.0,0.0,0.0,0
2023-05-11 10:41:49,PK401C9700,PK401C9700,786.0,0.0,0.0,0.0,1,405.0,1478.0,10,786.0,0.0,0.0,0.0,0.0,0.0,0
2023-05-11 10:41:49,PK401C9700,PK401C9700,786.0,0.0,0.0,0.0,10,405.5,1478.0,10,786.0,0.0,0.0,0.0,0.0,0.0,0
2023-05-11 10:41:51,PK401C9700,PK401C9700,786.0,0.0,0.0,0.0,1,412.0,1478.0,10,786.0,0.0,0.0,0.0,0.0,0.0,0
2023-05-11 10:42:19,PK401C9700,PK401C9700,786.0,0.0,0.0,0.0,10,412.5,1478.0,10,786.0,0.0,0.0,0.0,0.0,0.0,0
2023-05-11 10:42:20,PK401C9700,PK401C9700,786.0,0.0,0.0,0.0,1,416.0,1478.0,10,786.0,0.0,0.0,0.0,0.0,0.0,0
2023-05-11 10:42:20,PK401C9700,PK401C9700,786.0,0.0,0.0,0.0,10,416.5,1478.0,10,786.0,0.0,0.0,0.0,0.0,0.0,0
2023-05-11 10:42:21,PK401C9700,PK401C9700,786.0,0.0,0.0,0.0,1,420.0,1478.0,10,786.0,0.0,0.0,0.0,0.0,0.0,0
2023-05-11 10:42:22,PK401C9700,PK401C9700,786.0,0.0,0.0,0.0,10,420.5,1478.0,10,786.0,0.0,0.0,0.0,0.0,0.0,0
2023-05-11 10:42:23,PK401C9700,PK401C9700,786.0,0.0,0.0,0.0,1,421.0,1478.0,10,786.0,0.0,0.0,0.0,0.0,0.0,0
2023-05-11 10:42:23,PK401C9700,PK401C9700,786.0,0.0,0.0,0.0,10,421.5,1478.0,10,786.0,0.0,0.0,0.0,0.0,0.0,0
2023-05-11 10:42:24,PK401C9700,PK401C9700,786.0,0.0,0.0,0.0,1,422.0,1478.0,10,786.0,0.0,0.0,0.0,0.0,0.0,0
2023-05-11 10:43:16,PK401C9700,PK401C9700,786.0,0.0,0.0,0.0,10,422.5,1478.0,10,786.0,0.0,0.0,0.0,0.0,0.0,0
2023-05-11 10:43:17,PK401C9700,PK401C9700,786.0,0.0,0.0,0.0,1,423.0,1478.0,10,786.0,0.0,0.0,0.0,0.0,0.0,0
2023-05-11 10:43:17,PK401C9700,PK401C9700,786.0,0.0,0.0,0.0,10,423.5,1478.0,10,786.0,0.0,0.0,0.0,0.0,0.0,0
2023-05-11 10:43:18,PK401C9700,PK401C9700,786.0,0.0,0.0,0.0,1,424.0,1478.0,10,786.0,0.0,0.0,0.0,0.0,0.0,0
2023-05-11 10:43:18,PK401C9700,PK401C9700,786.0,0.0,0.0,0.0,10,424.5,1478.0,10,786.0,0.0,0.0,0.0,0.0,0.0,0
2023-05-11 10:43:19,PK401C9700,PK401C9700,786.0,0.0,0.0,0.0,1,425.0,1478.0,10,786.0,0.0,0.0,0.0,0.0,0.0,0
2023-05-11 10:43:19,PK401C9700,PK401C9700,786.0,0.0,0.0,0.0,10,425.5,1478.0,10,786.0,0.0,0.0,0.0,0.0,0.0,0
2023-05-11 10:44:44,PK401C9700,PK401C9700,786.0,0.0,0.0,0.0,1,426.0,1478.0,10,786.0,0.0,0.0,0.0,0.0,0.0,0
2023-05-11 10:44:45,PK401C9700,PK401C9700,786.0,0.0,0.0,0.0,10,426.5,1478.0,10,786.0,0.0,0.0,0.0,0.0,0.0,0
2023-05-11 10:44:46,PK401C9700,PK401C9700,786.0,0.0,0.0,0.0,1,427.0,1478.0,10,786.0,0.0,0.0,0.0,0.0,0.0,0
2023-05-11 10:44:47,PK401C9700,PK401C9700,786.0,0.0,0.0,0.0,10,427.5,1478.0,10,786.0,0.0,0.0,0.0,0.0,0.0,0
2023-05-11 10:44:47,PK401C9700,PK401C9700,786.0,0.0,0.0,0.0,1,428.0,1478.0,10,786.0,0.0,0.0,0.0,0.0,0.0,0
2023-05-11 10:44:48,PK401C9700,PK401C9700,786.0,0.0,0.0,0.0,10,428.5,1478.0,10,786.0,0.0,0.0,0.0,0.0,0.0,0
2023-05-11 10:44:49,PK401C9700,PK401C9700,786.0,0.0,0.0,0.0,1,429.0,1478.0,10,786.0,0.0,0.0,0.0,0.0,0.0,0
2023-05-11 10:44:50,PK401C9700,PK401C9700,786.0,0.0,0.0,0.0,10,429.5,1478.0,10,786.0,0.0,0.0,0.0,0.0,0.0,0
2023-05-11 10:44:51,PK401C9700,PK401C9700,786.0,0.0,0.0,0.0,1,430.0,1478.0,10,786.0,0.0,0.0,0.0,0.0,0.0,0
2023-05-11 10:44:51,PK401C9700,PK401C9700,786.0,0.0,0.0,0.0,10,430.5,1478.0,10,786.0,0.0,0.0,0.0,0.0,0.0,0
2023-05-11 11:29:32,PK401C9700,PK401C9700,786.0,0.0,0.0,0.0,1,120.0,0.0,0,786.0,0.0,0.0,0.0,0.0,0.0,0
2023-05-11 13:30:11,PK401C9700,PK401C9700,786.0,0.0,0.0,0.0,10,120.5,0.0,0,786.0,0.0,0.0,0.0,0.0,0.0,0
2023-05-11 13:31:11,PK401C9700,PK401C9700,786.0,0.0,0.0,0.0,1,127.0,0.0,0,786.0,0.0,0.0,0.0,0.0,0.0,0
2023-05-11 13:31:22,PK401C9700,PK401C9700,786.0,0.0,0.0,0.0,10,128.0,0.0,0,786.0,0.0,0.0,0.0,0.0,0.0,0
2023-05-11 13:31:23,PK401C9700,PK401C9700,786.0,0.0,0.0,0.0,1,134.5,0.0,0,786.0,0.0,0.0,0.0,0.0,0.0,0
2023-05-11 13:33:23,PK401C9700,PK401C9700,786.0,0.0,0.0,0.0,10,135.0,0.0,0,786.0,0.0,0.0,0.0,0.0,0.0,0
2023-05-11 13:33:24,PK401C9700,PK401C9700,786.0,0.0,0.0,0.0,1,141.5,0.0,0,786.0,0.0,0.0,0.0,0.0,0.0,0
2023-05-11 13:33:24,PK401C9700,PK401C9700,786.0,0.0,0.0,0.0,10,142.0,0.0,0,786.0,0.0,0.0,0.0,0.0,0.0,0
2023-05-11 13:33:26,PK401C9700,PK401C9700,786.0,0.0,0.0,0.0,1,148.5,0.0,0,786.0,0.0,0.0,0.0,0.0,0.0,0
2023-05-11 13:34:51,PK401C9700,PK401C9700,786.0,0.0,0.0,0.0,10,149.0,0.0,0,786.0,0.0,0.0,0.0,0.0,0.0,0
2023-05-11 13:34:52,PK401C9700,PK401C9700,786.0,0.0,0.0,0.0,1,155.5,0.0,0,786.0,0.0,0.0,0.0,0.0,0.0,0
2023-05-11 13:34:52,PK401C9700,PK401C9700,786.0,0.0,0.0,0.0,10,156.0,0.0,0,786.0,0.0,0.0,0.0,0.0,0.0,0
2023-05-11 13:34:54,PK401C9700,PK401C9700,786.0,0.0,0.0,0.0,1,162.5,0.0,0,786.0,0.0,0.0,0.0,0.0,0.0,0
2023-05-11 13:34:54,PK401C9700,PK401C9700,786.0,0.0,0.0,0.0,10,163.0,0.0,0,786.0,0.0,0.0,0.0,0.0,0.0,0
2023-05-11 13:34:55,PK401C9700,PK401C9700,786.0,0.0,0.0,0.0,1,169.5,0.0,0,786.0,0.0,0.0,0.0,0.0,0.0,0
2023-05-11 13:34:59,PK401C9700,PK401C9700,786.0,0.0,0.0,0.0,10,170.0,0.0,0,786.0,0.0,0.0,0.0,0.0,0.0,0
2023-05-11 13:35:00,PK401C9700,PK401C9700,786.0,0.0,0.0,0.0,1,176.5,0.0,0,786.0,0.0,0.0,0.0,0.0,0.0,0
2023-05-11 13:35:00,PK401C9700,PK401C9700,786.0,0.0,0.0,0.0,10,177.0,0.0,0,786.0,0.0,0.0,0.0,0.0,0.0,0
2023-05-11 13:35:01,PK401C9700,PK401C9700,786.0,0.0,0.0,0.0,1,183.5,0.0,0,786.0,0.0,0.0,0.0,0.0,0.0,0
2023-05-11 13:35:02,PK401C9700,PK401C9700,786.0,0.0,0.0,0.0,10,184.0,0.0,0,786.0,0.0,0.0,0.0,0.0,0.0,0
2023-05-11 13:35:03,PK401C9700,PK401C9700,786.0,0.0,0.0,0.0,1,190.5,0.0,0,786.0,0.0,0.0,0.0,0.0,0.0,0
2023-05-11 13:37:34,PK401C9700,PK401C9700,786.0,0.0,0.0,0.0,10,191.0,0.0,0,786.0,0.0,0.0,0.0,0.0,0.0,0
2023-05-11 13:37:36,PK401C9700,PK401C9700,786.0,0.0,0.0,0.0,1,197.5,0.0,0,786.0,0.0,0.0,0.0,0.0,0.0,0
2023-05-11 13:37:37,PK401C9700,PK401C9700,786.0,0.0,0.0,0.0,10,198.0,0.0,0,786.0,0.0,0.0,0.0,0.0,0.0,0
2023-05-11 13:37:38,PK401C9700,PK401C9700,786.0,0.0,0.0,0.0,1,204.5,0.0,0,786.0,0.0,0.0,0.0,0.0,0.0,0
2023-05-11 13:37:39,PK401C9700,PK401C9700,786.0,0.0,0.0,0.0,10,205.0,0.0,0,786.0,0.0,0.0,0.0,0.0,0.0,0
2023-05-11 13:37:40,PK401C9700,PK401C9700,786.0,0.0,0.0,0.0,1,211.5,0.0,0,786.0,0.0,0.0,0.0,0.0,0.0,0
2023-05-11 13:37:40,PK401C9700,PK401C9700,786.0,0.0,0.0,0.0,10,212.0,0.0,0,786.0,0.0,0.0,0.0,0.0,0.0,0
2023-05-11 13:37:41,PK401C9700,PK401C9700,786.0,0.0,0.0,0.0,1,218.5,0.0,0,786.0,0.0,0.0,0.0,0.0,0.0,0
2023-05-11 13:37:41,PK401C9700,PK401C9700,786.0,0.0,0.0,0.0,10,219.0,0.0,0,786.0,0.0,0.0,0.0,0.0,0.0,0
2023-05-11 13:37:42,PK401C9700,PK401C9700,786.0,0.0,0.0,0.0,1,225.5,0.0,0,786.0,0.0,0.0,0.0,0.0,0.0,0
2023-05-11 13:37:57,PK401C9700,PK401C9700,786.0,0.0,0.0,0.0,10,226.0,0.0,0,786.0,0.0,0.0,0.0,0.0,0.0,0
2023-05-11 13:37:58,PK401C9700,PK401C9700,786.0,0.0,0.0,0.0,1,232.5,0.0,0,786.0,0.0,0.0,0.0,0.0,0.0,0
2023-05-11 13:38:54,PK401C9700,PK401C9700,786.0,0.0,0.0,0.0,10,233.0,0.0,0,786.0,0.0,0.0,0.0,0.0,0.0,0
2023-05-11 13:38:56,PK401C9700,PK401C9700,786.0,0.0,0.0,0.0,1,239.5,0.0,0,786.0,0.0,0.0,0.0,0.0,0.0,0
2023-05-11 13:40:04,PK401C9700,PK401C9700,786.0,0.0,0.0,0.0,10,240.0,0.0,0,786.0,0.0,0.0,0.0,0.0,0.0,0
2023-05-11 13:40:05,PK401C9700,PK401C9700,786.0,0.0,0.0,0.0,1,246.5,0.0,0,786.0,0.0,0.0,0.0,0.0,0.0,0
2023-05-11 13:40:06,PK401C9700,PK401C9700,786.0,0.0,0.0,0.0,10,247.0,0.0,0,786.0,0.0,0.0,0.0,0.0,0.0,0
2023-05-11 13:40:07,PK401C9700,PK401C9700,786.0,0.0,0.0,0.0,1,253.5,0.0,0,786.0,0.0,0.0,0.0,0.0,0.0,0
2023-05-11 13:40:07,PK401C9700,PK401C9700,786.0,0.0,0.0,0.0,10,254.0,0.0,0,786.0,0.0,0.0,0.0,0.0,0.0,0
2023-05-11 13:40:08,PK401C9700,PK401C9700,786.0,0.0,0.0,0.0,1,260.5,0.0,0,786.0,0.0,0.0,0.0,0.0,0.0,0
2023-05-11 13:40:28,PK401C9700,PK401C9700,786.0,0.0,0.0,0.0,10,261.0,0.0,0,786.0,0.0,0.0,0.0,0.0,0.0,0
2023-05-11 13:40:29,PK401C9700,PK401C9700,786.0,0.0,0.0,0.0,1,267.5,0.0,0,786.0,0.0,0.0,0.0,0.0,0.0,0
2023-05-11 13:40:29,PK401C9700,PK401C9700,786.0,0.0,0.0,0.0,10,268.0,0.0,0,786.0,0.0,0.0,0.0,0.0,0.0,0
2023-05-11 13:40:30,PK401C9700,PK401C9700,786.0,0.0,0.0,0.0,1,274.5,0.0,0,786.0,0.0,0.0,0.0,0.0,0.0,0
2023-05-11 13:40:31,PK401C9700,PK401C9700,786.0,0.0,0.0,0.0,10,275.0,0.0,0,786.0,0.0,0.0,0.0,0.0,0.0,0
2023-05-11 13:40:32,PK401C9700,PK401C9700,786.0,0.0,0.0,0.0,1,281.5,0.0,0,786.0,0.0,0.0,0.0,0.0,0.0,0
2023-05-11 13:42:15,PK401C9700,PK401C9700,786.0,0.0,0.0,0.0,10,282.0,0.0,0,786.0,0.0,0.0,0.0,0.0,0.0,0
2023-05-11 13:42:17,PK401C9700,PK401C9700,786.0,0.0,0.0,0.0,1,288.5,0.0,0,786.0,0.0,0.0,0.0,0.0,0.0,0
2023-05-11 13:42:17,PK401C9700,PK401C9700,786.0,0.0,0.0,0.0,10,289.0,0.0,0,786.0,0.0,0.0,0.0,0.0,0.0,0
2023-05-11 13:42:18,PK401C9700,PK401C9700,786.0,0.0,0.0,0.0,1,295.5,0.0,0,786.0,0.0,0.0,0.0,0.0,0.0,0
2023-05-11 13:42:18,PK401C9700,PK401C9700,786.0,0.0,0.0,0.0,10,296.0,0.0,0,786.0,0.0,0.0,0.0,0.0,0.0,0
2023-05-11 13:42:19,PK401C9700,PK401C9700,786.0,0.0,0.0,0.0,1,302.5,0.0,0,786.0,0.0,0.0,0.0,0.0,0.0,0
2023-05-11 13:42:19,PK401C9700,PK401C9700,786.0,0.0,0.0,0.0,10,303.0,0.0,0,786.0,0.0,0.0,0.0,0.0,0.0,0
2023-05-11 13:42:20,PK401C9700,PK401C9700,786.0,0.0,0.0,0.0,1,309.5,0.0,0,786.0,0.0,0.0,0.0,0.0,0.0,0
2023-05-11 13:42:21,PK401C9700,PK401C9700,786.0,0.0,0.0,0.0,10,310.0,0.0,0,786.0,0.0,0.0,0.0,0.0,0.0,0
2023-05-11 13:42:22,PK401C9700,PK401C9700,786.0,0.0,0.0,0.0,1,316.5,0.0,0,786.0,0.0,0.0,0.0,0.0,0.0,0
2023-05-11 13:43:30,PK401C9700,PK401C9700,786.0,0.0,0.0,0.0,10,317.0,0.0,0,786.0,0.0,0.0,0.0,0.0,0.0,0
2023-05-11 13:43:31,PK401C9700,PK401C9700,786.0,0.0,0.0,0.0,1,323.5,0.0,0,786.0,0.0,0.0,0.0,0.0,0.0,0
2023-05-11 13:46:21,PK401C9700,PK401C9700,786.0,0.0,0.0,0.0,10,324.0,0.0,0,786.0,0.0,0.0,0.0,0.0,0.0,0
2023-05-11 13:46:22,PK401C9700,PK401C9700,786.0,0.0,0.0,0.0,1,330.5,0.0,0,786.0,0.0,0.0,0.0,0.0,0.0,0
2023-05-11 13:47:30,PK401C9700,PK401C9700,786.0,0.0,0.0,0.0,10,331.0,0.0,0,786.0,0.0,0.0,0.0,0.0,0.0,0
2023-05-11 13:47:31,PK401C9700,PK401C9700,786.0,0.0,0.0,0.0,1,337.5,0.0,0,786.0,0.0,0.0,0.0,0.0,0.0,0
2023-05-11 13:47:32,PK401C9700,PK401C9700,786.0,0.0,0.0,0.0,10,338.0,0.0,0,786.0,0.0,0.0,0.0,0.0,0.0,0
2023-05-11 13:47:32,PK401C9700,PK401C9700,786.0,0.0,0.0,0.0,1,344.5,0.0,0,786.0,0.0,0.0,0.0,0.0,0.0,0
2023-05-11 13:47:33,PK401C9700,PK401C9700,786.0,0.0,0.0,0.0,10,345.0,0.0,0,786.0,0.0,0.0,0.0,0.0,0.0,0
2023-05-11 13:47:34,PK401C9700,PK401C9700,786.0,0.0,0.0,0.0,1,351.5,0.0,0,786.0,0.0,0.0,0.0,0.0,0.0,0
2023-05-11 13:49:29,PK401C9700,PK401C9700,786.0,0.0,0.0,0.0,1,127.5,0.0,0,786.0,0.0,0.0,0.0,0.0,0.0,0
2023-05-11 13:49:29,PK401C9700,PK401C9700,786.0,0.0,0.0,0.0,10,358.5,0.0,0,786.0,0.0,0.0,0.0,0.0,0.0,0
2023-05-11 13:49:31,PK401C9700,PK401C9700,786.0,0.0,0.0,0.0,1,365.0,0.0,0,786.0,0.0,0.0,0.0,0.0,0.0,0
2023-05-11 13:49:45,PK401C9700,PK401C9700,786.0,0.0,0.0,0.0,10,365.5,0.0,0,786.0,0.0,0.0,0.0,0.0,0.0,0
2023-05-11 13:49:46,PK401C9700,PK401C9700,786.0,0.0,0.0,0.0,1,372.0,0.0,0,786.0,0.0,0.0,0.0,0.0,0.0,0
2023-05-11 13:49:47,PK401C9700,PK401C9700,786.0,0.0,0.0,0.0,10,372.5,0.0,0,786.0,0.0,0.0,0.0,0.0,0.0,0
2023-05-11 13:49:48,PK401C9700,PK401C9700,786.0,0.0,0.0,0.0,1,379.0,0.0,0,786.0,0.0,0.0,0.0,0.0,0.0,0
2023-05-11 13:51:05,PK401C9700,PK401C9700,786.0,0.0,0.0,0.0,1,385.5,0.0,0,786.0,0.0,0.0,0.0,0.0,0.0,0
2023-05-11 13:51:05,PK401C9700,PK401C9700,786.0,0.0,0.0,0.0,10,386.0,0.0,0,786.0,0.0,0.0,0.0,0.0,0.0,0
2023-05-11 13:51:28,PK401C9700,PK401C9700,786.0,0.0,0.0,0.0,1,392.5,0.0,0,786.0,0.0,0.0,0.0,0.0,0.0,0
2023-05-11 13:51:28,PK401C9700,PK401C9700,786.0,0.0,0.0,0.0,10,393.0,0.0,0,786.0,0.0,0.0,0.0,0.0,0.0,0
2023-05-11 13:51:29,PK401C9700,PK401C9700,786.0,0.0,0.0,0.0,1,399.5,0.0,0,786.0,0.0,0.0,0.0,0.0,0.0,0
2023-05-11 13:51:29,PK401C9700,PK401C9700,786.0,0.0,0.0,0.0,10,400.0,0.0,0,786.0,0.0,0.0,0.0,0.0,0.0,0
2023-05-11 13:51:31,PK401C9700,PK401C9700,786.0,0.0,0.0,0.0,1,406.5,0.0,0,786.0,0.0,0.0,0.0,0.0,0.0,0
2023-05-11 13:52:33,PK401C9700,PK401C9700,786.0,0.0,0.0,0.0,10,407.0,0.0,0,786.0,0.0,0.0,0.0,0.0,0.0,0
2023-05-11 13:52:34,PK401C9700,PK401C9700,786.0,0.0,0.0,0.0,1,407.5,0.0,0,786.0,0.0,0.0,0.0,0.0,0.0,0
2023-05-11 13:53:45,PK401C9700,PK401C9700,786.0,0.0,0.0,0.0,10,408.0,0.0,0,786.0,0.0,0.0,0.0,0.0,0.0,0
2023-05-11 13:53:47,PK401C9700,PK401C9700,786.0,0.0,0.0,0.0,1,408.5,0.0,0,786.0,0.0,0.0,0.0,0.0,0.0,0
2023-05-11 13:53:48,PK401C9700,PK401C9700,786.0,0.0,0.0,0.0,10,409.0,0.0,0,786.0,0.0,0.0,0.0,0.0,0.0,0
2023-05-11 13:53:49,PK401C9700,PK401C9700,786.0,0.0,0.0,0.0,1,409.5,0.0,0,786.0,0.0,0.0,0.0,0.0,0.0,0
2023-05-11 13:53:50,PK401C9700,PK401C9700,786.0,0.0,0.0,0.0,10,410.0,0.0,0,786.0,0.0,0.0,0.0,0.0,0.0,0
2023-05-11 13:53:52,PK401C9700,PK401C9700,786.0,0.0,0.0,0.0,1,410.5,0.0,0,786.0,0.0,0.0,0.0,0.0,0.0,0
2023-05-11 13:54:51,PK401C9700,PK401C9700,786.0,0.0,0.0,0.0,10,411.0,0.0,0,786.0,0.0,0.0,0.0,0.0,0.0,0
2023-05-11 13:54:52,PK401C9700,PK401C9700,786.0,0.0,0.0,0.0,1,411.5,0.0,0,786.0,0.0,0.0,0.0,0.0,0.0,0
2023-05-11 13:56:51,PK401C9700,PK401C9700,786.0,0.0,0.0,0.0,10,412.0,0.0,0,786.0,0.0,0.0,0.0,0.0,0.0,0
2023-05-11 14:04:51,PK401C9700,PK401C9700,786.0,0.0,0.0,0.0,1,412.5,0.0,0,786.0,0.0,0.0,0.0,0.0,0.0,0
2023-05-11 14:04:52,PK401C9700,PK401C9700,786.0,0.0,0.0,0.0,10,413.0,0.0,0,786.0,0.0,0.0,0.0,0.0,0.0,0
2023-05-11 14:04:56,PK401C9700,PK401C9700,786.0,0.0,0.0,0.0,1,416.5,0.0,0,786.0,0.0,0.0,0.0,0.0,0.0,0
2023-05-11 14:04:56,PK401C9700,PK401C9700,786.0,0.0,0.0,0.0,10,417.0,0.0,0,786.0,0.0,0.0,0.0,0.0,0.0,0
2023-05-11 14:04:57,PK401C9700,PK401C9700,786.0,0.0,0.0,0.0,1,417.5,0.0,0,786.0,0.0,0.0,0.0,0.0,0.0,0
2023-05-11 14:04:57,PK401C9700,PK401C9700,786.0,0.0,0.0,0.0,10,418.0,0.0,0,786.0,0.0,0.0,0.0,0.0,0.0,0
2023-05-11 14:04:58,PK401C9700,PK401C9700,786.0,0.0,0.0,0.0,1,418.5,0.0,0,786.0,0.0,0.0,0.0,0.0,0.0,0
2023-05-11 14:04:58,PK401C9700,PK401C9700,786.0,0.0,0.0,0.0,10,419.0,0.0,0,786.0,0.0,0.0,0.0,0.0,0.0,0
2023-05-11 14:04:59,PK401C9700,PK401C9700,786.0,0.0,0.0,0.0,1,419.5,0.0,0,786.0,0.0,0.0,0.0,0.0,0.0,0
2023-05-11 14:08:14,PK401C9700,PK401C9700,786.0,0.0,0.0,0.0,10,420.0,0.0,0,786.0,0.0,0.0,0.0,0.0,0.0,0
2023-05-11 14:08:15,PK401C9700,PK401C9700,786.0,0.0,0.0,0.0,1,420.5,0.0,0,786.0,0.0,0.0,0.0,0.0,0.0,0
2023-05-11 14:08:16,PK401C9700,PK401C9700,786.0,0.0,0.0,0.0,10,421.0,0.0,0,786.0,0.0,0.0,0.0,0.0,0.0,0
2023-05-11 14:08:18,PK401C9700,PK401C9700,786.0,0.0,0.0,0.0,1,427.5,0.0,0,786.0,0.0,0.0,0.0,0.0,0.0,0
2023-05-11 14:08:41,PK401C9700,PK401C9700,786.0,0.0,0.0,0.0,1,127.5,0.0,0,786.0,0.0,0.0,0.0,0.0,0.0,0
2023-05-11 14:08:42,PK401C9700,PK401C9700,786.0,0.0,0.0,0.0,1,134.0,0.0,0,786.0,0.0,0.0,0.0,0.0,0.0,0
2023-05-11 14:11:30,PK401C9700,PK401C9700,786.0,0.0,0.0,0.0,10,134.5,0.0,0,786.0,0.0,0.0,0.0,0.0,0.0,0
2023-05-11 14:11:31,PK401C9700,PK401C9700,786.0,0.0,0.0,0.0,1,141.0,0.0,0,786.0,0.0,0.0,0.0,0.0,0.0,0
2023-05-11 14:11:31,PK401C9700,PK401C9700,786.0,0.0,0.0,0.0,10,141.5,0.0,0,786.0,0.0,0.0,0.0,0.0,0.0,0
2023-05-11 14:11:32,PK401C9700,PK401C9700,786.0,0.0,0.0,0.0,1,148.0,0.0,0,786.0,0.0,0.0,0.0,0.0,0.0,0
2023-05-11 14:14:55,PK401C9700,PK401C9700,786.0,0.0,0.0,0.0,10,148.5,0.0,0,786.0,0.0,0.0,0.0,0.0,0.0,0
2023-05-11 14:14:56,PK401C9700,PK401C9700,786.0,0.0,0.0,0.0,1,155.0,0.0,0,786.0,0.0,0.0,0.0,0.0,0.0,0
2023-05-11 14:16:42,PK401C9700,PK401C9700,786.0,0.0,0.0,0.0,10,155.5,0.0,0,786.0,0.0,0.0,0.0,0.0,0.0,0
2023-05-11 14:16:43,PK401C9700,PK401C9700,786.0,0.0,0.0,0.0,1,162.0,0.0,0,786.0,0.0,0.0,0.0,0.0,0.0,0
2023-05-11 14:16:54,PK401C9700,PK401C9700,786.0,0.0,0.0,0.0,10,162.5,0.0,0,786.0,0.0,0.0,0.0,0.0,0.0,0
2023-05-11 14:16:55,PK401C9700,PK401C9700,786.0,0.0,0.0,0.0,1,169.0,0.0,0,786.0,0.0,0.0,0.0,0.0,0.0,0
2023-05-11 14:16:56,PK401C9700,PK401C9700,786.0,0.0,0.0,0.0,10,169.5,0.0,0,786.0,0.0,0.0,0.0,0.0,0.0,0
2023-05-11 14:16:57,PK401C9700,PK401C9700,786.0,0.0,0.0,0.0,1,176.0,0.0,0,786.0,0.0,0.0,0.0,0.0,0.0,0
2023-05-11 14:19:00,PK401C9700,PK401C9700,786.0,0.0,0.0,0.0,10,177.0,0.0,0,786.0,0.0,0.0,0.0,0.0,0.0,0
2023-05-11 14:19:01,PK401C9700,PK401C9700,786.0,0.0,0.0,0.0,1,183.5,0.0,0,786.0,0.0,0.0,0.0,0.0,0.0,0
2023-05-11 14:19:41,PK401C9700,PK401C9700,786.0,0.0,0.0,0.0,10,184.0,0.0,0,786.0,0.0,0.0,0.0,0.0,0.0,0
2023-05-11 14:19:43,PK401C9700,PK401C9700,786.0,0.0,0.0,0.0,1,190.5,0.0,0,786.0,0.0,0.0,0.0,0.0,0.0,0
2023-05-11 14:19:54,PK401C9700,PK401C9700,786.0,0.0,0.0,0.0,10,191.0,0.0,0,786.0,0.0,0.0,0.0,0.0,0.0,0
2023-05-11 14:19:55,PK401C9700,PK401C9700,786.0,0.0,0.0,0.0,1,197.5,0.0,0,786.0,0.0,0.0,0.0,0.0,0.0,0
2023-05-11 14:20:35,PK401C9700,PK401C9700,786.0,0.0,0.0,0.0,10,198.0,0.0,0,786.0,0.0,0.0,0.0,0.0,0.0,0
2023-05-11 14:20:36,PK401C9700,PK401C9700,786.0,0.0,0.0,0.0,1,204.5,0.0,0,786.0,0.0,0.0,0.0,0.0,0.0,0
2023-05-11 14:20:37,PK401C9700,PK401C9700,786.0,0.0,0.0,0.0,10,205.0,0.0,0,786.0,0.0,0.0,0.0,0.0,0.0,0
2023-05-11 14:20:38,PK401C9700,PK401C9700,786.0,0.0,0.0,0.0,1,211.5,0.0,0,786.0,0.0,0.0,0.0,0.0,0.0,0
2023-05-11 14:20:38,PK401C9700,PK401C9700,786.0,0.0,0.0,0.0,10,212.0,0.0,0,786.0,0.0,0.0,0.0,0.0,0.0,0
2023-05-11 14:20:39,PK401C9700,PK401C9700,786.0,0.0,0.0,0.0,1,218.5,0.0,0,786.0,0.0,0.0,0.0,0.0,0.0,0
2023-05-11 14:23:29,PK401C9700,PK401C9700,786.0,0.0,0.0,0.0,10,219.0,0.0,0,786.0,0.0,0.0,0.0,0.0,0.0,0
2023-05-11 14:23:30,PK401C9700,PK401C9700,786.0,0.0,0.0,0.0,1,225.5,0.0,0,786.0,0.0,0.0,0.0,0.0,0.0,0
2023-05-11 14:23:31,PK401C9700,PK401C9700,786.0,0.0,0.0,0.0,10,226.0,0.0,0,786.0,0.0,0.0,0.0,0.0,0.0,0
2023-05-11 14:23:33,PK401C9700,PK401C9700,786.0,0.0,0.0,0.0,1,232.5,0.0,0,786.0,0.0,0.0,0.0,0.0,0.0,0
2023-05-11 14:24:05,PK401C9700,PK401C9700,786.0,0.0,0.0,0.0,10,233.0,0.0,0,786.0,0.0,0.0,0.0,0.0,0.0,0
2023-05-11 14:24:06,PK401C9700,PK401C9700,786.0,0.0,0.0,0.0,1,239.5,0.0,0,786.0,0.0,0.0,0.0,0.0,0.0,0
2023-05-11 14:25:58,PK401C9700,PK401C9700,786.0,0.0,0.0,0.0,10,240.0,0.0,0,786.0,0.0,0.0,0.0,0.0,0.0,0
2023-05-11 14:25:59,PK401C9700,PK401C9700,786.0,0.0,0.0,0.0,1,246.5,0.0,0,786.0,0.0,0.0,0.0,0.0,0.0,0
2023-05-11 14:26:01,PK401C9700,PK401C9700,786.0,0.0,0.0,0.0,10,247.0,0.0,0,786.0,0.0,0.0,0.0,0.0,0.0,0
2023-05-11 14:26:02,PK401C9700,PK401C9700,786.0,0.0,0.0,0.0,1,253.5,0.0,0,786.0,0.0,0.0,0.0,0.0,0.0,0
2023-05-11 14:27:16,PK401C9700,PK401C9700,786.0,0.0,0.0,0.0,10,254.0,0.0,0,786.0,0.0,0.0,0.0,0.0,0.0,0
2023-05-11 14:27:17,PK401C9700,PK401C9700,786.0,0.0,0.0,0.0,1,260.5,0.0,0,786.0,0.0,0.0,0.0,0.0,0.0,0
2023-05-11 14:27:18,PK401C9700,PK401C9700,786.0,0.0,0.0,0.0,10,261.0,0.0,0,786.0,0.0,0.0,0.0,0.0,0.0,0
2023-05-11 14:27:19,PK401C9700,PK401C9700,786.0,0.0,0.0,0.0,1,267.5,0.0,0,786.0,0.0,0.0,0.0,0.0,0.0,0
2023-05-11 14:30:54,PK401C9700,PK401C9700,786.0,0.0,0.0,0.0,10,268.0,0.0,0,786.0,0.0,0.0,0.0,0.0,0.0,0
2023-05-11 14:30:55,PK401C9700,PK401C9700,786.0,0.0,0.0,0.0,1,274.5,0.0,0,786.0,0.0,0.0,0.0,0.0,0.0,0
2023-05-11 14:33:46,PK401C9700,PK401C9700,786.0,0.0,0.0,0.0,10,275.0,0.0,0,786.0,0.0,0.0,0.0,0.0,0.0,0
2023-05-11 14:33:47,PK401C9700,PK401C9700,786.0,0.0,0.0,0.0,1,281.5,0.0,0,786.0,0.0,0.0,0.0,0.0,0.0,0
2023-05-11 14:33:47,PK401C9700,PK401C9700,786.0,0.0,0.0,0.0,10,282.0,0.0,0,786.0,0.0,0.0,0.0,0.0,0.0,0
2023-05-11 14:33:48,PK401C9700,PK401C9700,786.0,0.0,0.0,0.0,1,288.5,0.0,0,786.0,0.0,0.0,0.0,0.0,0.0,0
2023-05-11 14:33:48,PK401C9700,PK401C9700,786.0,0.0,0.0,0.0,10,289.0,0.0,0,786.0,0.0,0.0,0.0,0.0,0.0,0
2023-05-11 14:33:49,PK401C9700,PK401C9700,786.0,0.0,0.0,0.0,1,295.5,0.0,0,786.0,0.0,0.0,0.0,0.0,0.0,0
2023-05-11 14:33:49,PK401C9700,PK401C9700,786.0,0.0,0.0,0.0,10,296.0,0.0,0,786.0,0.0,0.0,0.0,0.0,0.0,0
2023-05-11 14:33:50,PK401C9700,PK401C9700,786.0,0.0,0.0,0.0,1,302.5,0.0,0,786.0,0.0,0.0,0.0,0.0,0.0,0
2023-05-11 14:35:48,PK401C9700,PK401C9700,786.0,0.0,0.0,0.0,10,303.0,0.0,0,786.0,0.0,0.0,0.0,0.0,0.0,0
2023-05-11 14:35:49,PK401C9700,PK401C9700,786.0,0.0,0.0,0.0,1,309.5,0.0,0,786.0,0.0,0.0,0.0,0.0,0.0,0
2023-05-11 14:37:00,PK401C9700,PK401C9700,786.0,0.0,0.0,0.0,10,310.0,0.0,0,786.0,0.0,0.0,0.0,0.0,0.0,0
2023-05-11 14:37:00,PK401C9700,PK401C9700,786.0,0.0,0.0,0.0,1,316.5,0.0,0,786.0,0.0,0.0,0.0,0.0,0.0,0
2023-05-11 14:39:27,PK401C9700,PK401C9700,786.0,0.0,0.0,0.0,10,317.0,0.0,0,786.0,0.0,0.0,0.0,0.0,0.0,0
2023-05-11 14:39:28,PK401C9700,PK401C9700,786.0,0.0,0.0,0.0,1,323.5,0.0,0,786.0,0.0,0.0,0.0,0.0,0.0,0
2023-05-11 14:39:28,PK401C9700,PK401C9700,786.0,0.0,0.0,0.0,10,324.0,0.0,0,786.0,0.0,0.0,0.0,0.0,0.0,0
2023-05-11 14:39:29,PK401C9700,PK401C9700,786.0,0.0,0.0,0.0,1,330.5,0.0,0,786.0,0.0,0.0,0.0,0.0,0.0,0
2023-05-11 14:39:29,PK401C9700,PK401C9700,786.0,0.0,0.0,0.0,10,331.0,0.0,0,786.0,0.0,0.0,0.0,0.0,0.0,0
2023-05-11 14:39:30,PK401C9700,PK401C9700,786.0,0.0,0.0,0.0,1,337.5,0.0,0,786.0,0.0,0.0,0.0,0.0,0.0,0
2023-05-11 14:39:30,PK401C9700,PK401C9700,786.0,0.0,0.0,0.0,10,338.0,0.0,0,786.0,0.0,0.0,0.0,0.0,0.0,0
2023-05-11 14:39:31,PK401C9700,PK401C9700,786.0,0.0,0.0,0.0,1,344.5,0.0,0,786.0,0.0,0.0,0.0,0.0,0.0,0
2023-05-11 14:40:26,PK401C9700,PK401C9700,786.0,0.0,0.0,0.0,10,345.0,0.0,0,786.0,0.0,0.0,0.0,0.0,0.0,0
2023-05-11 14:40:26,PK401C9700,PK401C9700,786.0,0.0,0.0,0.0,1,351.5,0.0,0,786.0,0.0,0.0,0.0,0.0,0.0,0
2023-05-11 14:40:28,PK401C9700,PK401C9700,786.0,0.0,0.0,0.0,10,352.0,0.0,0,786.0,0.0,0.0,0.0,0.0,0.0,0
2023-05-11 14:40:29,PK401C9700,PK401C9700,786.0,0.0,0.0,0.0,1,358.5,0.0,0,786.0,0.0,0.0,0.0,0.0,0.0,0
2023-05-11 14:40:29,PK401C9700,PK401C9700,786.0,0.0,0.0,0.0,10,359.0,0.0,0,786.0,0.0,0.0,0.0,0.0,0.0,0
2023-05-11 14:40:30,PK401C9700,PK401C9700,786.0,0.0,0.0,0.0,1,365.5,0.0,0,786.0,0.0,0.0,0.0,0.0,0.0,0
2023-05-11 14:40:30,PK401C9700,PK401C9700,786.0,0.0,0.0,0.0,10,366.0,0.0,0,786.0,0.0,0.0,0.0,0.0,0.0,0
2023-05-11 14:40:31,PK401C9700,PK401C9700,786.0,0.0,0.0,0.0,1,372.5,0.0,0,786.0,0.0,0.0,0.0,0.0,0.0,0
2023-05-11 14:40:57,PK401C9700,PK401C9700,786.0,0.0,0.0,0.0,10,373.0,0.0,0,786.0,0.0,0.0,0.0,0.0,0.0,0
2023-05-11 14:40:58,PK401C9700,PK401C9700,786.0,0.0,0.0,0.0,1,379.5,0.0,0,786.0,0.0,0.0,0.0,0.0,0.0,0
2023-05-11 14:41:07,PK401C9700,PK401C9700,786.0,0.0,0.0,0.0,10,380.0,0.0,0,786.0,0.0,0.0,0.0,0.0,0.0,0
2023-05-11 14:41:08,PK401C9700,PK401C9700,786.0,0.0,0.0,0.0,1,386.5,0.0,0,786.0,0.0,0.0,0.0,0.0,0.0,0
2023-05-11 14:41:23,PK401C9700,PK401C9700,786.0,0.0,0.0,0.0,6,641.0,691.0,6,786.0,0.0,0.0,0.0,0.0,0.0,0
2023-05-11 14:41:23,PK401C9700,PK401C9700,786.0,0.0,0.0,0.0,3,661.0,691.0,6,786.0,0.0,0.0,0.0,0.0,0.0,0
2023-05-11 14:41:23,PK401C9700,PK401C9700,786.0,0.0,0.0,0.0,3,661.0,691.0,3,786.0,0.0,0.0,0.0,0.0,0.0,0
2023-05-11 14:41:24,PK401C9700,PK401C9700,786.0,0.0,0.0,0.0,9,661.0,691.0,9,786.0,0.0,0.0,0.0,0.0,0.0,0
2023-05-11 14:41:29,PK401C9700,PK401C9700,786.0,0.0,0.0,0.0,12,661.0,691.0,12,786.0,0.0,0.0,0.0,0.0,0.0,0
2023-05-11 14:41:33,PK401C9700,PK401C9700,786.0,0.0,0.0,0.0,15,661.0,691.0,15,786.0,0.0,0.0,0.0,0.0,0.0,0
2023-05-11 14:41:33,PK401C9700,PK401C9700,786.0,0.0,0.0,0.0,15,661.0,691.0,12,786.0,0.0,0.0,0.0,0.0,0.0,0
2023-05-11 14:41:35,PK401C9700,PK401C9700,786.0,0.0,0.0,0.0,12,661.0,691.0,12,786.0,0.0,0.0,0.0,0.0,0.0,0
2023-05-11 14:41:42,PK401C9700,PK401C9700,786.0,0.0,0.0,0.0,9,661.0,691.0,9,786.0,0.0,0.0,0.0,0.0,0.0,0
2023-05-11 14:41:42,PK401C9700,PK401C9700,786.0,0.0,0.0,0.0,6,661.0,691.0,6,786.0,0.0,0.0,0.0,0.0,0.0,0
2023-05-11 14:41:43,PK401C9700,PK401C9700,786.0,0.0,0.0,0.0,3,661.0,691.0,3,786.0,0.0,0.0,0.0,0.0,0.0,0
2023-05-11 14:41:46,PK401C9700,PK401C9700,786.0,0.0,0.0,0.0,1,176.5,0.0,0,786.0,0.0,0.0,0.0,0.0,0.0,0
2023-05-11 14:41:46,PK401C9700,PK401C9700,786.0,0.0,0.0,0.0,10,177.0,0.0,0,786.0,0.0,0.0,0.0,0.0,0.0,0
2023-05-11 14:41:46,PK401C9700,PK401C9700,786.0,0.0,0.0,0.0,1,183.0,0.0,0,786.0,0.0,0.0,0.0,0.0,0.0,0
2023-05-11 14:41:47,PK401C9700,PK401C9700,786.0,0.0,0.0,0.0,10,183.5,0.0,0,786.0,0.0,0.0,0.0,0.0,0.0,0
2023-05-11 14:41:48,PK401C9700,PK401C9700,786.0,0.0,0.0,0.0,1,190.0,0.0,0,786.0,0.0,0.0,0.0,0.0,0.0,0
2023-05-11 14:42:55,PK401C9700,PK401C9700,786.0,0.0,0.0,0.0,10,190.5,0.0,0,786.0,0.0,0.0,0.0,0.0,0.0,0
2023-05-11 14:42:56,PK401C9700,PK401C9700,786.0,0.0,0.0,0.0,1,197.0,0.0,0,786.0,0.0,0.0,0.0,0.0,0.0,0
2023-05-11 14:43:08,PK401C9700,PK401C9700,786.0,0.0,0.0,0.0,10,197.5,0.0,0,786.0,0.0,0.0,0.0,0.0,0.0,0
2023-05-11 14:43:09,PK401C9700,PK401C9700,786.0,0.0,0.0,0.0,1,204.0,0.0,0,786.0,0.0,0.0,0.0,0.0,0.0,0
2023-05-11 14:43:09,PK401C9700,PK401C9700,786.0,0.0,0.0,0.0,10,204.5,0.0,0,786.0,0.0,0.0,0.0,0.0,0.0,0
2023-05-11 14:43:11,PK401C9700,PK401C9700,786.0,0.0,0.0,0.0,1,211.0,0.0,0,786.0,0.0,0.0,0.0,0.0,0.0,0
2023-05-11 14:44:00,PK401C9700,PK401C9700,786.0,0.0,0.0,0.0,10,211.5,0.0,0,786.0,0.0,0.0,0.0,0.0,0.0,0
2023-05-11 14:44:01,PK401C9700,PK401C9700,786.0,0.0,0.0,0.0,1,218.0,0.0,0,786.0,0.0,0.0,0.0,0.0,0.0,0
2023-05-11 14:44:02,PK401C9700,PK401C9700,786.0,0.0,0.0,0.0,10,218.5,0.0,0,786.0,0.0,0.0,0.0,0.0,0.0,0
2023-05-11 14:44:03,PK401C9700,PK401C9700,786.0,0.0,0.0,0.0,1,225.0,0.0,0,786.0,0.0,0.0,0.0,0.0,0.0,0
2023-05-11 14:44:03,PK401C9700,PK401C9700,786.0,0.0,0.0,0.0,10,225.5,0.0,0,786.0,0.0,0.0,0.0,0.0,0.0,0
2023-05-11 14:44:05,PK401C9700,PK401C9700,786.0,0.0,0.0,0.0,1,232.0,0.0,0,786.0,0.0,0.0,0.0,0.0,0.0,0
2023-05-11 14:46:38,PK401C9700,PK401C9700,786.0,0.0,0.0,0.0,10,232.5,0.0,0,786.0,0.0,0.0,0.0,0.0,0.0,0
2023-05-11 14:46:40,PK401C9700,PK401C9700,786.0,0.0,0.0,0.0,1,239.0,0.0,0,786.0,0.0,0.0,0.0,0.0,0.0,0
2023-05-11 14:46:41,PK401C9700,PK401C9700,786.0,0.0,0.0,0.0,10,239.5,0.0,0,786.0,0.0,0.0,0.0,0.0,0.0,0
2023-05-11 14:46:42,PK401C9700,PK401C9700,786.0,0.0,0.0,0.0,1,246.0,0.0,0,786.0,0.0,0.0,0.0,0.0,0.0,0
2023-05-11 14:46:43,PK401C9700,PK401C9700,786.0,0.0,0.0,0.0,10,246.5,0.0,0,786.0,0.0,0.0,0.0,0.0,0.0,0
2023-05-11 14:46:43,PK401C9700,PK401C9700,786.0,0.0,0.0,0.0,1,253.0,0.0,0,786.0,0.0,0.0,0.0,0.0,0.0,0
2023-05-11 14:47:05,PK401C9700,PK401C9700,786.0,0.0,0.0,0.0,10,253.5,0.0,0,786.0,0.0,0.0,0.0,0.0,0.0,0
2023-05-11 14:47:06,PK401C9700,PK401C9700,786.0,0.0,0.0,0.0,1,260.0,0.0,0,786.0,0.0,0.0,0.0,0.0,0.0,0
2023-05-11 14:47:07,PK401C9700,PK401C9700,786.0,0.0,0.0,0.0,10,260.5,0.0,0,786.0,0.0,0.0,0.0,0.0,0.0,0
2023-05-11 14:47:08,PK401C9700,PK401C9700,786.0,0.0,0.0,0.0,1,267.0,0.0,0,786.0,0.0,0.0,0.0,0.0,0.0,0
2023-05-11 14:47:08,PK401C9700,PK401C9700,786.0,0.0,0.0,0.0,10,267.5,0.0,0,786.0,0.0,0.0,0.0,0.0,0.0,0
2023-05-11 14:47:08,PK401C9700,PK401C9700,786.0,0.0,0.0,0.0,1,267.0,0.0,0,786.0,0.0,0.0,0.0,0.0,0.0,0
2023-05-11 14:47:08,PK401C9700,PK401C9700,786.0,0.0,0.0,0.0,10,267.5,0.0,0,786.0,0.0,0.0,0.0,0.0,0.0,0
2023-05-11 14:47:09,PK401C9700,PK401C9700,786.0,0.0,0.0,0.0,1,274.0,0.0,0,786.0,0.0,0.0,0.0,0.0,0.0,0
2023-05-11 14:47:10,PK401C9700,PK401C9700,786.0,0.0,0.0,0.0,10,274.5,0.0,0,786.0,0.0,0.0,0.0,0.0,0.0,0
2023-05-11 14:47:11,PK401C9700,PK401C9700,786.0,0.0,0.0,0.0,1,281.0,0.0,0,786.0,0.0,0.0,0.0,0.0,0.0,0
2023-05-11 14:47:11,PK401C9700,PK401C9700,786.0,0.0,0.0,0.0,10,281.5,0.0,0,786.0,0.0,0.0,0.0,0.0,0.0,0
2023-05-11 14:47:12,PK401C9700,PK401C9700,786.0,0.0,0.0,0.0,1,288.0,0.0,0,786.0,0.0,0.0,0.0,0.0,0.0,0
2023-05-11 14:47:13,PK401C9700,PK401C9700,786.0,0.0,0.0,0.0,10,288.5,0.0,0,786.0,0.0,0.0,0.0,0.0,0.0,0
2023-05-11 14:47:14,PK401C9700,PK401C9700,786.0,0.0,0.0,0.0,1,295.0,0.0,0,786.0,0.0,0.0,0.0,0.0,0.0,0
2023-05-11 14:47:14,PK401C9700,PK401C9700,786.0,0.0,0.0,0.0,10,295.5,0.0,0,786.0,0.0,0.0,0.0,0.0,0.0,0
2023-05-11 14:47:15,PK401C9700,PK401C9700,786.0,0.0,0.0,0.0,1,302.0,0.0,0,786.0,0.0,0.0,0.0,0.0,0.0,0
2023-05-11 14:47:15,PK401C9700,PK401C9700,786.0,0.0,0.0,0.0,10,302.5,0.0,0,786.0,0.0,0.0,0.0,0.0,0.0,0
2023-05-11 14:47:16,PK401C9700,PK401C9700,786.0,0.0,0.0,0.0,1,309.0,0.0,0,786.0,0.0,0.0,0.0,0.0,0.0,0
2023-05-11 14:47:17,PK401C9700,PK401C9700,786.0,0.0,0.0,0.0,10,309.5,0.0,0,786.0,0.0,0.0,0.0,0.0,0.0,0
2023-05-11 14:47:17,PK401C9700,PK401C9700,786.0,0.0,0.0,0.0,1,316.0,0.0,0,786.0,0.0,0.0,0.0,0.0,0.0,0
2023-05-11 14:47:29,PK401C9700,PK401C9700,786.0,0.0,0.0,0.0,10,316.5,0.0,0,786.0,0.0,0.0,0.0,0.0,0.0,0
2023-05-11 14:47:31,PK401C9700,PK401C9700,786.0,0.0,0.0,0.0,1,323.0,0.0,0,786.0,0.0,0.0,0.0,0.0,0.0,0
2023-05-11 14:47:32,PK401C9700,PK401C9700,786.0,0.0,0.0,0.0,10,323.5,0.0,0,786.0,0.0,0.0,0.0,0.0,0.0,0
2023-05-11 14:47:33,PK401C9700,PK401C9700,786.0,0.0,0.0,0.0,1,330.0,0.0,0,786.0,0.0,0.0,0.0,0.0,0.0,0
2023-05-11 14:47:33,PK401C9700,PK401C9700,786.0,0.0,0.0,0.0,10,330.5,0.0,0,786.0,0.0,0.0,0.0,0.0,0.0,0
2023-05-11 14:47:34,PK401C9700,PK401C9700,786.0,0.0,0.0,0.0,1,337.0,0.0,0,786.0,0.0,0.0,0.0,0.0,0.0,0
2023-05-11 14:47:35,PK401C9700,PK401C9700,786.0,0.0,0.0,0.0,10,337.5,0.0,0,786.0,0.0,0.0,0.0,0.0,0.0,0
2023-05-11 14:47:36,PK401C9700,PK401C9700,786.0,0.0,0.0,0.0,1,344.0,0.0,0,786.0,0.0,0.0,0.0,0.0,0.0,0
2023-05-11 14:49:05,PK401C9700,PK401C9700,786.0,0.0,0.0,0.0,10,344.5,0.0,0,786.0,0.0,0.0,0.0,0.0,0.0,0
2023-05-11 14:49:06,PK401C9700,PK401C9700,786.0,0.0,0.0,0.0,1,351.0,0.0,0,786.0,0.0,0.0,0.0,0.0,0.0,0
2023-05-11 14:49:06,PK401C9700,PK401C9700,786.0,0.0,0.0,0.0,10,351.5,0.0,0,786.0,0.0,0.0,0.0,0.0,0.0,0
2023-05-11 14:49:07,PK401C9700,PK401C9700,786.0,0.0,0.0,0.0,1,358.0,0.0,0,786.0,0.0,0.0,0.0,0.0,0.0,0
2023-05-11 14:49:08,PK401C9700,PK401C9700,786.0,0.0,0.0,0.0,10,358.5,0.0,0,786.0,0.0,0.0,0.0,0.0,0.0,0
2023-05-11 14:49:09,PK401C9700,PK401C9700,786.0,0.0,0.0,0.0,1,365.0,0.0,0,786.0,0.0,0.0,0.0,0.0,0.0,0
2023-05-11 14:49:10,PK401C9700,PK401C9700,786.0,0.0,0.0,0.0,10,365.5,0.0,0,786.0,0.0,0.0,0.0,0.0,0.0,0
2023-05-11 14:49:11,PK401C9700,PK401C9700,786.0,0.0,0.0,0.0,1,372.0,0.0,0,786.0,0.0,0.0,0.0,0.0,0.0,0
2023-05-11 14:49:12,PK401C9700,PK401C9700,786.0,0.0,0.0,0.0,10,372.5,0.0,0,786.0,0.0,0.0,0.0,0.0,0.0,0
2023-05-11 14:49:13,PK401C9700,PK401C9700,786.0,0.0,0.0,0.0,1,379.0,0.0,0,786.0,0.0,0.0,0.0,0.0,0.0,0
2023-05-11 14:49:44,PK401C9700,PK401C9700,786.0,0.0,0.0,0.0,10,379.5,0.0,0,786.0,0.0,0.0,0.0,0.0,0.0,0
2023-05-11 14:49:46,PK401C9700,PK401C9700,786.0,0.0,0.0,0.0,1,386.0,0.0,0,786.0,0.0,0.0,0.0,0.0,0.0,0
2023-05-11 14:49:46,PK401C9700,PK401C9700,786.0,0.0,0.0,0.0,10,386.5,0.0,0,786.0,0.0,0.0,0.0,0.0,0.0,0
