time,symbol_id,symbol_name,last,trade_volume,trade_amount,open_interest_change,bv1,bp1,ap1,av1,yesterday_close,today_open,today_high,today_low,volume,amount,open_interest
2023-05-11 09:01:54,PK401C10800,PK401C10800,292.5,0.0,0.0,0.0,10,3.5,0.0,0,292.5,250.0,0.0,0.0,0.0,0.0,135
2023-05-11 09:01:54,PK401C10800,PK401C10800,292.5,0.0,0.0,0.0,1,5.0,1014.0,10,292.5,250.0,0.0,0.0,0.0,0.0,135
2023-05-11 09:01:55,PK401C10800,PK401C10800,292.5,0.0,0.0,0.0,11,5.5,1014.0,10,292.5,250.0,0.0,0.0,0.0,0.0,135
2023-05-11 09:01:56,PK401C10800,PK401C10800,292.5,0.0,0.0,0.0,1,7.0,1012.5,1,292.5,250.0,0.0,0.0,0.0,0.0,135
2023-05-11 09:01:56,PK401C10800,PK401C10800,292.5,0.0,0.0,0.0,10,7.5,1012.0,10,292.5,250.0,0.0,0.0,0.0,0.0,135
2023-05-11 09:01:58,PK401C10800,PK401C10800,292.5,0.0,0.0,0.0,1,9.0,1010.5,1,292.5,250.0,0.0,0.0,0.0,0.0,135
2023-05-11 09:03:43,PK401C10800,PK401C10800,292.5,0.0,0.0,0.0,10,9.5,1010.0,10,292.5,250.0,0.0,0.0,0.0,0.0,135
2023-05-11 09:03:45,PK401C10800,PK401C10800,292.5,0.0,0.0,0.0,1,11.0,1008.5,1,292.5,250.0,0.0,0.0,0.0,0.0,135
2023-05-11 09:03:46,PK401C10800,PK401C10800,292.5,0.0,0.0,0.0,10,11.5,1008.0,10,292.5,250.0,0.0,0.0,0.0,0.0,135
2023-05-11 09:03:47,PK401C10800,PK401C10800,292.5,0.0,0.0,0.0,1,13.0,1006.5,1,292.5,250.0,0.0,0.0,0.0,0.0,135
2023-05-11 09:03:47,PK401C10800,PK401C10800,292.5,0.0,0.0,0.0,10,13.5,1006.0,10,292.5,250.0,0.0,0.0,0.0,0.0,135
2023-05-11 09:03:49,PK401C10800,PK401C10800,292.5,0.0,0.0,0.0,1,15.0,1004.5,1,292.5,250.0,0.0,0.0,0.0,0.0,135
2023-05-11 09:03:49,PK401C10800,PK401C10800,292.5,0.0,0.0,0.0,10,15.5,1004.0,10,292.5,250.0,0.0,0.0,0.0,0.0,135
2023-05-11 09:03:50,PK401C10800,PK401C10800,292.5,0.0,0.0,0.0,1,17.0,1002.5,1,292.5,250.0,0.0,0.0,0.0,0.0,135
2023-05-11 09:03:50,PK401C10800,PK401C10800,292.5,0.0,0.0,0.0,10,17.5,1002.0,10,292.5,250.0,0.0,0.0,0.0,0.0,135
2023-05-11 09:03:54,PK401C10800,PK401C10800,292.5,0.0,0.0,0.0,1,19.0,1000.5,1,292.5,250.0,0.0,0.0,0.0,0.0,135
2023-05-11 09:03:55,PK401C10800,PK401C10800,292.5,0.0,0.0,0.0,10,19.5,1000.0,10,292.5,250.0,0.0,0.0,0.0,0.0,135
2023-05-11 09:03:57,PK401C10800,PK401C10800,292.5,0.0,0.0,0.0,1,21.0,998.5,1,292.5,250.0,0.0,0.0,0.0,0.0,135
2023-05-11 09:03:57,PK401C10800,PK401C10800,292.5,0.0,0.0,0.0,10,21.5,998.0,10,292.5,250.0,0.0,0.0,0.0,0.0,135
2023-05-11 09:03:58,PK401C10800,PK401C10800,292.5,0.0,0.0,0.0,1,23.0,996.5,1,292.5,250.0,0.0,0.0,0.0,0.0,135
2023-05-11 09:03:59,PK401C10800,PK401C10800,292.5,0.0,0.0,0.0,10,23.5,996.0,10,292.5,250.0,0.0,0.0,0.0,0.0,135
2023-05-11 09:04:03,PK401C10800,PK401C10800,292.5,0.0,0.0,0.0,1,25.0,994.5,1,292.5,250.0,0.0,0.0,0.0,0.0,135
2023-05-11 09:04:03,PK401C10800,PK401C10800,292.5,0.0,0.0,0.0,10,25.5,994.0,10,292.5,250.0,0.0,0.0,0.0,0.0,135
2023-05-11 09:04:07,PK401C10800,PK401C10800,292.5,0.0,0.0,0.0,1,27.0,992.5,1,292.5,250.0,0.0,0.0,0.0,0.0,135
2023-05-11 09:04:07,PK401C10800,PK401C10800,292.5,0.0,0.0,0.0,10,27.5,992.0,10,292.5,250.0,0.0,0.0,0.0,0.0,135
2023-05-11 09:04:08,PK401C10800,PK401C10800,292.5,0.0,0.0,0.0,1,29.0,990.5,1,292.5,250.0,0.0,0.0,0.0,0.0,135
2023-05-11 09:04:08,PK401C10800,PK401C10800,292.5,0.0,0.0,0.0,10,29.5,990.0,10,292.5,250.0,0.0,0.0,0.0,0.0,135
2023-05-11 09:04:11,PK401C10800,PK401C10800,292.5,0.0,0.0,0.0,1,31.0,988.5,1,292.5,250.0,0.0,0.0,0.0,0.0,135
2023-05-11 09:04:11,PK401C10800,PK401C10800,292.5,0.0,0.0,0.0,10,31.5,988.0,10,292.5,250.0,0.0,0.0,0.0,0.0,135
2023-05-11 09:04:13,PK401C10800,PK401C10800,292.5,0.0,0.0,0.0,1,33.0,988.0,10,292.5,250.0,0.0,0.0,0.0,0.0,135
2023-05-11 09:04:13,PK401C10800,PK401C10800,292.5,0.0,0.0,0.0,10,33.5,988.0,10,292.5,250.0,0.0,0.0,0.0,0.0,135
2023-05-11 09:04:14,PK401C10800,PK401C10800,292.5,0.0,0.0,0.0,1,35.0,986.5,1,292.5,250.0,0.0,0.0,0.0,0.0,135
2023-05-11 09:04:14,PK401C10800,PK401C10800,292.5,0.0,0.0,0.0,10,35.5,986.0,10,292.5,250.0,0.0,0.0,0.0,0.0,135
2023-05-11 09:04:15,PK401C10800,PK401C10800,292.5,0.0,0.0,0.0,1,37.0,984.5,1,292.5,250.0,0.0,0.0,0.0,0.0,135
2023-05-11 09:04:15,PK401C10800,PK401C10800,292.5,0.0,0.0,0.0,10,37.5,984.0,10,292.5,250.0,0.0,0.0,0.0,0.0,135
2023-05-11 09:04:17,PK401C10800,PK401C10800,292.5,0.0,0.0,0.0,1,39.0,984.0,10,292.5,250.0,0.0,0.0,0.0,0.0,135
2023-05-11 09:04:18,PK401C10800,PK401C10800,292.5,0.0,0.0,0.0,10,39.5,982.5,1,292.5,250.0,0.0,0.0,0.0,0.0,135
2023-05-11 09:04:18,PK401C10800,PK401C10800,292.5,0.0,0.0,0.0,1,41.0,982.0,10,292.5,250.0,0.0,0.0,0.0,0.0,135
2023-05-11 09:04:19,PK401C10800,PK401C10800,292.5,0.0,0.0,0.0,10,41.5,982.0,10,292.5,250.0,0.0,0.0,0.0,0.0,135
2023-05-11 09:04:19,PK401C10800,PK401C10800,292.5,0.0,0.0,0.0,1,43.0,980.5,1,292.5,250.0,0.0,0.0,0.0,0.0,135
2023-05-11 09:04:19,PK401C10800,PK401C10800,292.5,0.0,0.0,0.0,10,43.5,980.0,10,292.5,250.0,0.0,0.0,0.0,0.0,135
2023-05-11 09:04:22,PK401C10800,PK401C10800,292.5,0.0,0.0,0.0,1,45.0,978.5,1,292.5,250.0,0.0,0.0,0.0,0.0,135
2023-05-11 09:04:22,PK401C10800,PK401C10800,292.5,0.0,0.0,0.0,10,45.5,978.0,10,292.5,250.0,0.0,0.0,0.0,0.0,135
2023-05-11 09:04:23,PK401C10800,PK401C10800,292.5,0.0,0.0,0.0,1,47.0,976.5,1,292.5,250.0,0.0,0.0,0.0,0.0,135
2023-05-11 09:04:23,PK401C10800,PK401C10800,292.5,0.0,0.0,0.0,10,47.5,976.0,10,292.5,250.0,0.0,0.0,0.0,0.0,135
2023-05-11 09:04:24,PK401C10800,PK401C10800,292.5,0.0,0.0,0.0,1,49.0,974.5,1,292.5,250.0,0.0,0.0,0.0,0.0,135
2023-05-11 09:04:24,PK401C10800,PK401C10800,292.5,0.0,0.0,0.0,10,49.5,974.0,10,292.5,250.0,0.0,0.0,0.0,0.0,135
2023-05-11 09:04:25,PK401C10800,PK401C10800,292.5,0.0,0.0,0.0,1,51.0,972.5,1,292.5,250.0,0.0,0.0,0.0,0.0,135
2023-05-11 09:04:25,PK401C10800,PK401C10800,292.5,0.0,0.0,0.0,10,51.5,972.0,10,292.5,250.0,0.0,0.0,0.0,0.0,135
2023-05-11 09:04:26,PK401C10800,PK401C10800,292.5,0.0,0.0,0.0,1,53.0,970.5,1,292.5,250.0,0.0,0.0,0.0,0.0,135
2023-05-11 09:04:27,PK401C10800,PK401C10800,292.5,0.0,0.0,0.0,10,53.5,970.0,10,292.5,250.0,0.0,0.0,0.0,0.0,135
2023-05-11 09:04:27,PK401C10800,PK401C10800,292.5,0.0,0.0,0.0,1,55.0,968.5,1,292.5,250.0,0.0,0.0,0.0,0.0,135
2023-05-11 09:04:27,PK401C10800,PK401C10800,292.5,0.0,0.0,0.0,10,55.5,968.0,10,292.5,250.0,0.0,0.0,0.0,0.0,135
2023-05-11 09:04:28,PK401C10800,PK401C10800,292.5,0.0,0.0,0.0,1,57.0,966.5,1,292.5,250.0,0.0,0.0,0.0,0.0,135
2023-05-11 09:04:28,PK401C10800,PK401C10800,292.5,0.0,0.0,0.0,10,57.5,966.0,10,292.5,250.0,0.0,0.0,0.0,0.0,135
2023-05-11 09:04:29,PK401C10800,PK401C10800,292.5,0.0,0.0,0.0,1,59.0,964.5,1,292.5,250.0,0.0,0.0,0.0,0.0,135
2023-05-11 09:05:28,PK401C10800,PK401C10800,292.5,0.0,0.0,0.0,10,59.5,964.0,10,292.5,250.0,0.0,0.0,0.0,0.0,135
2023-05-11 09:05:30,PK401C10800,PK401C10800,292.5,0.0,0.0,0.0,1,61.0,962.5,1,292.5,250.0,0.0,0.0,0.0,0.0,135
2023-05-11 09:05:31,PK401C10800,PK401C10800,292.5,0.0,0.0,0.0,10,61.5,962.0,10,292.5,250.0,0.0,0.0,0.0,0.0,135
2023-05-11 09:05:31,PK401C10800,PK401C10800,292.5,0.0,0.0,0.0,1,63.0,960.5,1,292.5,250.0,0.0,0.0,0.0,0.0,135
2023-05-11 09:05:31,PK401C10800,PK401C10800,292.5,0.0,0.0,0.0,10,63.5,960.0,10,292.5,250.0,0.0,0.0,0.0,0.0,135
2023-05-11 09:05:34,PK401C10800,PK401C10800,292.5,0.0,0.0,0.0,1,65.0,958.5,1,292.5,250.0,0.0,0.0,0.0,0.0,135
2023-05-11 09:05:35,PK401C10800,PK401C10800,292.5,0.0,0.0,0.0,10,65.5,958.0,10,292.5,250.0,0.0,0.0,0.0,0.0,135
2023-05-11 09:05:37,PK401C10800,PK401C10800,292.5,0.0,0.0,0.0,1,67.0,956.5,1,292.5,250.0,0.0,0.0,0.0,0.0,135
2023-05-11 09:05:37,PK401C10800,PK401C10800,292.5,0.0,0.0,0.0,10,67.5,956.0,10,292.5,250.0,0.0,0.0,0.0,0.0,135
2023-05-11 09:05:38,PK401C10800,PK401C10800,292.5,0.0,0.0,0.0,1,69.0,954.5,1,292.5,250.0,0.0,0.0,0.0,0.0,135
2023-05-11 09:05:39,PK401C10800,PK401C10800,292.5,0.0,0.0,0.0,10,69.5,954.0,10,292.5,250.0,0.0,0.0,0.0,0.0,135
2023-05-11 09:05:39,PK401C10800,PK401C10800,292.5,0.0,0.0,0.0,1,71.0,952.5,1,292.5,250.0,0.0,0.0,0.0,0.0,135
2023-05-11 09:05:39,PK401C10800,PK401C10800,292.5,0.0,0.0,0.0,10,71.5,952.0,10,292.5,250.0,0.0,0.0,0.0,0.0,135
2023-05-11 09:05:40,PK401C10800,PK401C10800,292.5,0.0,0.0,0.0,1,73.0,950.5,1,292.5,250.0,0.0,0.0,0.0,0.0,135
2023-05-11 09:05:40,PK401C10800,PK401C10800,292.5,0.0,0.0,0.0,10,73.5,950.0,10,292.5,250.0,0.0,0.0,0.0,0.0,135
2023-05-11 09:05:41,PK401C10800,PK401C10800,292.5,0.0,0.0,0.0,1,75.0,948.5,1,292.5,250.0,0.0,0.0,0.0,0.0,135
2023-05-11 09:05:41,PK401C10800,PK401C10800,292.5,0.0,0.0,0.0,10,75.5,948.0,10,292.5,250.0,0.0,0.0,0.0,0.0,135
2023-05-11 09:05:44,PK401C10800,PK401C10800,292.5,0.0,0.0,0.0,1,77.0,946.5,1,292.5,250.0,0.0,0.0,0.0,0.0,135
2023-05-11 09:05:44,PK401C10800,PK401C10800,292.5,0.0,0.0,0.0,10,77.5,946.0,10,292.5,250.0,0.0,0.0,0.0,0.0,135
2023-05-11 09:05:46,PK401C10800,PK401C10800,292.5,0.0,0.0,0.0,1,79.0,946.0,10,292.5,250.0,0.0,0.0,0.0,0.0,135
2023-05-11 09:05:47,PK401C10800,PK401C10800,292.5,0.0,0.0,0.0,10,79.5,946.0,10,292.5,250.0,0.0,0.0,0.0,0.0,135
2023-05-11 09:05:48,PK401C10800,PK401C10800,292.5,0.0,0.0,0.0,1,81.0,944.5,1,292.5,250.0,0.0,0.0,0.0,0.0,135
2023-05-11 09:05:48,PK401C10800,PK401C10800,292.5,0.0,0.0,0.0,10,81.5,944.0,10,292.5,250.0,0.0,0.0,0.0,0.0,135
2023-05-11 09:05:49,PK401C10800,PK401C10800,292.5,0.0,0.0,0.0,1,83.0,942.5,1,292.5,250.0,0.0,0.0,0.0,0.0,135
2023-05-11 09:05:49,PK401C10800,PK401C10800,292.5,0.0,0.0,0.0,10,83.5,942.0,10,292.5,250.0,0.0,0.0,0.0,0.0,135
2023-05-11 09:05:50,PK401C10800,PK401C10800,292.5,0.0,0.0,0.0,1,85.0,940.5,1,292.5,250.0,0.0,0.0,0.0,0.0,135
2023-05-11 09:05:50,PK401C10800,PK401C10800,292.5,0.0,0.0,0.0,10,85.5,940.0,10,292.5,250.0,0.0,0.0,0.0,0.0,135
2023-05-11 09:05:51,PK401C10800,PK401C10800,292.5,0.0,0.0,0.0,1,87.0,938.5,1,292.5,250.0,0.0,0.0,0.0,0.0,135
2023-05-11 09:05:51,PK401C10800,PK401C10800,292.5,0.0,0.0,0.0,10,87.5,938.0,10,292.5,250.0,0.0,0.0,0.0,0.0,135
2023-05-11 09:05:54,PK401C10800,PK401C10800,292.5,0.0,0.0,0.0,1,89.0,936.5,1,292.5,250.0,0.0,0.0,0.0,0.0,135
2023-05-11 09:05:55,PK401C10800,PK401C10800,292.5,0.0,0.0,0.0,10,89.5,936.0,10,292.5,250.0,0.0,0.0,0.0,0.0,135
2023-05-11 09:05:55,PK401C10800,PK401C10800,292.5,0.0,0.0,0.0,1,91.0,936.0,10,292.5,250.0,0.0,0.0,0.0,0.0,135
2023-05-11 09:05:56,PK401C10800,PK401C10800,292.5,0.0,0.0,0.0,10,91.5,934.5,1,292.5,250.0,0.0,0.0,0.0,0.0,135
2023-05-11 09:05:56,PK401C10800,PK401C10800,292.5,0.0,0.0,0.0,10,91.5,934.0,10,292.5,250.0,0.0,0.0,0.0,0.0,135
2023-05-11 09:05:59,PK401C10800,PK401C10800,292.5,0.0,0.0,0.0,1,93.0,932.5,1,292.5,250.0,0.0,0.0,0.0,0.0,135
2023-05-11 09:05:59,PK401C10800,PK401C10800,292.5,0.0,0.0,0.0,10,93.5,932.0,10,292.5,250.0,0.0,0.0,0.0,0.0,135
2023-05-11 09:06:01,PK401C10800,PK401C10800,292.5,0.0,0.0,0.0,1,95.0,930.5,1,292.5,250.0,0.0,0.0,0.0,0.0,135
2023-05-11 09:06:01,PK401C10800,PK401C10800,292.5,0.0,0.0,0.0,10,95.5,930.0,10,292.5,250.0,0.0,0.0,0.0,0.0,135
2023-05-11 09:06:02,PK401C10800,PK401C10800,292.5,0.0,0.0,0.0,1,97.0,928.5,1,292.5,250.0,0.0,0.0,0.0,0.0,135
2023-05-11 09:06:02,PK401C10800,PK401C10800,292.5,0.0,0.0,0.0,10,97.5,928.0,10,292.5,250.0,0.0,0.0,0.0,0.0,135
2023-05-11 09:06:03,PK401C10800,PK401C10800,292.5,0.0,0.0,0.0,1,99.0,926.5,1,292.5,250.0,0.0,0.0,0.0,0.0,135
2023-05-11 09:06:03,PK401C10800,PK401C10800,292.5,0.0,0.0,0.0,10,99.5,926.0,10,292.5,250.0,0.0,0.0,0.0,0.0,135
2023-05-11 09:06:04,PK401C10800,PK401C10800,292.5,0.0,0.0,0.0,1,101.0,924.5,1,292.5,250.0,0.0,0.0,0.0,0.0,135
2023-05-11 09:06:04,PK401C10800,PK401C10800,292.5,0.0,0.0,0.0,10,101.5,924.0,10,292.5,250.0,0.0,0.0,0.0,0.0,135
2023-05-11 09:06:07,PK401C10800,PK401C10800,292.5,0.0,0.0,0.0,1,103.0,922.5,1,292.5,250.0,0.0,0.0,0.0,0.0,135
2023-05-11 09:06:07,PK401C10800,PK401C10800,292.5,0.0,0.0,0.0,10,103.5,922.0,10,292.5,250.0,0.0,0.0,0.0,0.0,135
2023-05-11 09:06:11,PK401C10800,PK401C10800,292.5,0.0,0.0,0.0,1,105.0,922.0,10,292.5,250.0,0.0,0.0,0.0,0.0,135
2023-05-11 09:06:11,PK401C10800,PK401C10800,292.5,0.0,0.0,0.0,10,105.5,922.0,10,292.5,250.0,0.0,0.0,0.0,0.0,135
2023-05-11 09:06:12,PK401C10800,PK401C10800,292.5,0.0,0.0,0.0,1,107.0,920.5,1,292.5,250.0,0.0,0.0,0.0,0.0,135
2023-05-11 09:06:12,PK401C10800,PK401C10800,292.5,0.0,0.0,0.0,10,107.5,920.0,10,292.5,250.0,0.0,0.0,0.0,0.0,135
2023-05-11 09:06:13,PK401C10800,PK401C10800,292.5,0.0,0.0,0.0,1,109.0,918.5,1,292.5,250.0,0.0,0.0,0.0,0.0,135
2023-05-11 09:06:13,PK401C10800,PK401C10800,292.5,0.0,0.0,0.0,10,109.5,918.0,10,292.5,250.0,0.0,0.0,0.0,0.0,135
2023-05-11 09:06:14,PK401C10800,PK401C10800,292.5,0.0,0.0,0.0,10,109.5,916.5,1,292.5,250.0,0.0,0.0,0.0,0.0,135
2023-05-11 09:06:14,PK401C10800,PK401C10800,292.5,0.0,0.0,0.0,10,109.5,916.0,10,292.5,250.0,0.0,0.0,0.0,0.0,135
2023-05-11 09:06:19,PK401C10800,PK401C10800,292.5,0.0,0.0,0.0,10,109.5,914.5,1,292.5,250.0,0.0,0.0,0.0,0.0,135
2023-05-11 09:06:19,PK401C10800,PK401C10800,292.5,0.0,0.0,0.0,10,109.5,914.0,10,292.5,250.0,0.0,0.0,0.0,0.0,135
2023-05-11 09:06:20,PK401C10800,PK401C10800,292.5,0.0,0.0,0.0,10,109.5,912.5,1,292.5,250.0,0.0,0.0,0.0,0.0,135
2023-05-11 09:06:20,PK401C10800,PK401C10800,292.5,0.0,0.0,0.0,10,109.5,912.0,10,292.5,250.0,0.0,0.0,0.0,0.0,135
2023-05-11 09:06:24,PK401C10800,PK401C10800,292.5,0.0,0.0,0.0,10,109.5,910.5,1,292.5,250.0,0.0,0.0,0.0,0.0,135
2023-05-11 09:06:24,PK401C10800,PK401C10800,292.5,0.0,0.0,0.0,10,109.5,910.0,10,292.5,250.0,0.0,0.0,0.0,0.0,135
2023-05-11 09:06:25,PK401C10800,PK401C10800,292.5,0.0,0.0,0.0,10,109.5,908.5,1,292.5,250.0,0.0,0.0,0.0,0.0,135
2023-05-11 09:06:25,PK401C10800,PK401C10800,292.5,0.0,0.0,0.0,10,109.5,908.0,10,292.5,250.0,0.0,0.0,0.0,0.0,135
2023-05-11 09:06:29,PK401C10800,PK401C10800,292.5,0.0,0.0,0.0,10,109.5,906.5,1,292.5,250.0,0.0,0.0,0.0,0.0,135
2023-05-11 09:06:29,PK401C10800,PK401C10800,292.5,0.0,0.0,0.0,10,109.5,906.0,10,292.5,250.0,0.0,0.0,0.0,0.0,135
2023-05-11 09:06:30,PK401C10800,PK401C10800,292.5,0.0,0.0,0.0,10,109.5,904.5,1,292.5,250.0,0.0,0.0,0.0,0.0,135
2023-05-11 09:06:30,PK401C10800,PK401C10800,292.5,0.0,0.0,0.0,10,109.5,904.0,10,292.5,250.0,0.0,0.0,0.0,0.0,135
2023-05-11 09:06:31,PK401C10800,PK401C10800,292.5,0.0,0.0,0.0,10,109.5,902.5,1,292.5,250.0,0.0,0.0,0.0,0.0,135
2023-05-11 09:06:31,PK401C10800,PK401C10800,292.5,0.0,0.0,0.0,10,109.5,902.0,10,292.5,250.0,0.0,0.0,0.0,0.0,135
2023-05-11 09:06:36,PK401C10800,PK401C10800,292.5,0.0,0.0,0.0,10,109.5,900.5,1,292.5,250.0,0.0,0.0,0.0,0.0,135
2023-05-11 09:06:36,PK401C10800,PK401C10800,292.5,0.0,0.0,0.0,10,109.5,900.0,10,292.5,250.0,0.0,0.0,0.0,0.0,135
2023-05-11 09:06:37,PK401C10800,PK401C10800,292.5,0.0,0.0,0.0,10,109.5,898.5,1,292.5,250.0,0.0,0.0,0.0,0.0,135
2023-05-11 09:06:37,PK401C10800,PK401C10800,292.5,0.0,0.0,0.0,10,109.5,898.0,10,292.5,250.0,0.0,0.0,0.0,0.0,135
2023-05-11 09:06:39,PK401C10800,PK401C10800,292.5,0.0,0.0,0.0,10,109.5,896.5,1,292.5,250.0,0.0,0.0,0.0,0.0,135
2023-05-11 09:06:39,PK401C10800,PK401C10800,292.5,0.0,0.0,0.0,10,109.5,896.0,10,292.5,250.0,0.0,0.0,0.0,0.0,135
2023-05-11 09:06:42,PK401C10800,PK401C10800,292.5,0.0,0.0,0.0,10,109.5,894.5,1,292.5,250.0,0.0,0.0,0.0,0.0,135
2023-05-11 09:06:42,PK401C10800,PK401C10800,292.5,0.0,0.0,0.0,10,109.5,894.0,10,292.5,250.0,0.0,0.0,0.0,0.0,135
2023-05-11 09:06:44,PK401C10800,PK401C10800,292.5,0.0,0.0,0.0,10,109.5,892.5,1,292.5,250.0,0.0,0.0,0.0,0.0,135
2023-05-11 09:06:44,PK401C10800,PK401C10800,292.5,0.0,0.0,0.0,10,109.5,892.0,10,292.5,250.0,0.0,0.0,0.0,0.0,135
2023-05-11 09:06:45,PK401C10800,PK401C10800,292.5,0.0,0.0,0.0,10,109.5,890.5,1,292.5,250.0,0.0,0.0,0.0,0.0,135
2023-05-11 09:06:45,PK401C10800,PK401C10800,292.5,0.0,0.0,0.0,10,109.5,890.0,10,292.5,250.0,0.0,0.0,0.0,0.0,135
2023-05-11 09:06:48,PK401C10800,PK401C10800,292.5,0.0,0.0,0.0,10,109.5,888.5,1,292.5,250.0,0.0,0.0,0.0,0.0,135
2023-05-11 09:06:48,PK401C10800,PK401C10800,292.5,0.0,0.0,0.0,10,109.5,888.0,10,292.5,250.0,0.0,0.0,0.0,0.0,135
2023-05-11 09:06:49,PK401C10800,PK401C10800,292.5,0.0,0.0,0.0,10,109.5,886.5,1,292.5,250.0,0.0,0.0,0.0,0.0,135
2023-05-11 09:06:49,PK401C10800,PK401C10800,292.5,0.0,0.0,0.0,10,109.5,886.0,10,292.5,250.0,0.0,0.0,0.0,0.0,135
2023-05-11 09:06:52,PK401C10800,PK401C10800,292.5,0.0,0.0,0.0,10,109.5,884.5,1,292.5,250.0,0.0,0.0,0.0,0.0,135
2023-05-11 09:06:52,PK401C10800,PK401C10800,292.5,0.0,0.0,0.0,10,109.5,884.0,10,292.5,250.0,0.0,0.0,0.0,0.0,135
2023-05-11 09:06:55,PK401C10800,PK401C10800,292.5,0.0,0.0,0.0,10,109.5,882.5,1,292.5,250.0,0.0,0.0,0.0,0.0,135
2023-05-11 09:06:55,PK401C10800,PK401C10800,292.5,0.0,0.0,0.0,10,109.5,882.0,10,292.5,250.0,0.0,0.0,0.0,0.0,135
2023-05-11 09:06:56,PK401C10800,PK401C10800,292.5,0.0,0.0,0.0,10,109.5,880.5,1,292.5,250.0,0.0,0.0,0.0,0.0,135
2023-05-11 09:06:56,PK401C10800,PK401C10800,292.5,0.0,0.0,0.0,10,109.5,880.0,10,292.5,250.0,0.0,0.0,0.0,0.0,135
2023-05-11 09:06:57,PK401C10800,PK401C10800,292.5,0.0,0.0,0.0,10,109.5,878.5,1,292.5,250.0,0.0,0.0,0.0,0.0,135
2023-05-11 09:06:57,PK401C10800,PK401C10800,292.5,0.0,0.0,0.0,10,109.5,878.0,10,292.5,250.0,0.0,0.0,0.0,0.0,135
2023-05-11 09:06:59,PK401C10800,PK401C10800,292.5,0.0,0.0,0.0,10,109.5,876.5,1,292.5,250.0,0.0,0.0,0.0,0.0,135
2023-05-11 09:06:59,PK401C10800,PK401C10800,292.5,0.0,0.0,0.0,10,109.5,876.0,10,292.5,250.0,0.0,0.0,0.0,0.0,135
2023-05-11 09:07:00,PK401C10800,PK401C10800,292.5,0.0,0.0,0.0,10,109.5,874.5,1,292.5,250.0,0.0,0.0,0.0,0.0,135
2023-05-11 09:07:00,PK401C10800,PK401C10800,292.5,0.0,0.0,0.0,10,109.5,874.0,10,292.5,250.0,0.0,0.0,0.0,0.0,135
2023-05-11 09:07:01,PK401C10800,PK401C10800,292.5,0.0,0.0,0.0,10,109.5,872.5,1,292.5,250.0,0.0,0.0,0.0,0.0,135
2023-05-11 09:07:01,PK401C10800,PK401C10800,292.5,0.0,0.0,0.0,10,109.5,872.0,10,292.5,250.0,0.0,0.0,0.0,0.0,135
2023-05-11 09:07:02,PK401C10800,PK401C10800,292.5,0.0,0.0,0.0,10,109.5,870.5,1,292.5,250.0,0.0,0.0,0.0,0.0,135
2023-05-11 09:07:02,PK401C10800,PK401C10800,292.5,0.0,0.0,0.0,10,109.5,870.0,10,292.5,250.0,0.0,0.0,0.0,0.0,135
2023-05-11 09:07:03,PK401C10800,PK401C10800,292.5,0.0,0.0,0.0,10,109.5,868.5,1,292.5,250.0,0.0,0.0,0.0,0.0,135
2023-05-11 09:07:03,PK401C10800,PK401C10800,292.5,0.0,0.0,0.0,10,109.5,868.0,10,292.5,250.0,0.0,0.0,0.0,0.0,135
2023-05-11 09:07:05,PK401C10800,PK401C10800,292.5,0.0,0.0,0.0,10,109.5,866.5,1,292.5,250.0,0.0,0.0,0.0,0.0,135
2023-05-11 09:07:05,PK401C10800,PK401C10800,292.5,0.0,0.0,0.0,10,109.5,866.0,10,292.5,250.0,0.0,0.0,0.0,0.0,135
2023-05-11 09:07:06,PK401C10800,PK401C10800,292.5,0.0,0.0,0.0,10,109.5,864.5,1,292.5,250.0,0.0,0.0,0.0,0.0,135
2023-05-11 09:07:06,PK401C10800,PK401C10800,292.5,0.0,0.0,0.0,10,109.5,864.0,10,292.5,250.0,0.0,0.0,0.0,0.0,135
2023-05-11 09:07:07,PK401C10800,PK401C10800,292.5,0.0,0.0,0.0,10,109.5,862.5,1,292.5,250.0,0.0,0.0,0.0,0.0,135
2023-05-11 09:07:07,PK401C10800,PK401C10800,292.5,0.0,0.0,0.0,10,109.5,862.0,10,292.5,250.0,0.0,0.0,0.0,0.0,135
2023-05-11 09:07:08,PK401C10800,PK401C10800,292.5,0.0,0.0,0.0,10,109.5,860.5,1,292.5,250.0,0.0,0.0,0.0,0.0,135
2023-05-11 09:07:08,PK401C10800,PK401C10800,292.5,0.0,0.0,0.0,10,109.5,860.0,10,292.5,250.0,0.0,0.0,0.0,0.0,135
2023-05-11 09:07:10,PK401C10800,PK401C10800,292.5,0.0,0.0,0.0,10,109.5,858.5,1,292.5,250.0,0.0,0.0,0.0,0.0,135
2023-05-11 09:07:10,PK401C10800,PK401C10800,292.5,0.0,0.0,0.0,10,109.5,858.0,10,292.5,250.0,0.0,0.0,0.0,0.0,135
2023-05-11 09:07:11,PK401C10800,PK401C10800,292.5,0.0,0.0,0.0,10,109.5,856.5,1,292.5,250.0,0.0,0.0,0.0,0.0,135
2023-05-11 09:07:11,PK401C10800,PK401C10800,292.5,0.0,0.0,0.0,10,109.5,856.0,10,292.5,250.0,0.0,0.0,0.0,0.0,135
2023-05-11 09:07:12,PK401C10800,PK401C10800,292.5,0.0,0.0,0.0,10,109.5,854.5,1,292.5,250.0,0.0,0.0,0.0,0.0,135
2023-05-11 09:07:12,PK401C10800,PK401C10800,292.5,0.0,0.0,0.0,10,109.5,854.0,10,292.5,250.0,0.0,0.0,0.0,0.0,135
2023-05-11 09:07:14,PK401C10800,PK401C10800,292.5,0.0,0.0,0.0,10,109.5,852.5,1,292.5,250.0,0.0,0.0,0.0,0.0,135
2023-05-11 09:07:14,PK401C10800,PK401C10800,292.5,0.0,0.0,0.0,10,109.5,852.0,10,292.5,250.0,0.0,0.0,0.0,0.0,135
2023-05-11 09:07:15,PK401C10800,PK401C10800,292.5,0.0,0.0,0.0,10,109.5,850.5,1,292.5,250.0,0.0,0.0,0.0,0.0,135
2023-05-11 09:07:15,PK401C10800,PK401C10800,292.5,0.0,0.0,0.0,10,109.5,850.0,10,292.5,250.0,0.0,0.0,0.0,0.0,135
2023-05-11 09:07:16,PK401C10800,PK401C10800,292.5,0.0,0.0,0.0,10,109.5,848.5,1,292.5,250.0,0.0,0.0,0.0,0.0,135
2023-05-11 09:07:16,PK401C10800,PK401C10800,292.5,0.0,0.0,0.0,10,109.5,848.0,10,292.5,250.0,0.0,0.0,0.0,0.0,135
2023-05-11 09:07:17,PK401C10800,PK401C10800,292.5,0.0,0.0,0.0,10,109.5,846.5,1,292.5,250.0,0.0,0.0,0.0,0.0,135
2023-05-11 09:07:17,PK401C10800,PK401C10800,292.5,0.0,0.0,0.0,10,109.5,846.0,10,292.5,250.0,0.0,0.0,0.0,0.0,135
2023-05-11 09:07:18,PK401C10800,PK401C10800,292.5,0.0,0.0,0.0,10,109.5,844.5,1,292.5,250.0,0.0,0.0,0.0,0.0,135
2023-05-11 09:07:18,PK401C10800,PK401C10800,292.5,0.0,0.0,0.0,10,109.5,844.0,10,292.5,250.0,0.0,0.0,0.0,0.0,135
2023-05-11 09:07:19,PK401C10800,PK401C10800,292.5,0.0,0.0,0.0,10,109.5,842.5,1,292.5,250.0,0.0,0.0,0.0,0.0,135
2023-05-11 09:07:19,PK401C10800,PK401C10800,292.5,0.0,0.0,0.0,10,109.5,842.0,10,292.5,250.0,0.0,0.0,0.0,0.0,135
2023-05-11 09:07:20,PK401C10800,PK401C10800,292.5,0.0,0.0,0.0,10,109.5,840.5,1,292.5,250.0,0.0,0.0,0.0,0.0,135
2023-05-11 09:07:20,PK401C10800,PK401C10800,292.5,0.0,0.0,0.0,10,109.5,840.0,10,292.5,250.0,0.0,0.0,0.0,0.0,135
2023-05-11 09:07:22,PK401C10800,PK401C10800,292.5,0.0,0.0,0.0,10,109.5,838.5,1,292.5,250.0,0.0,0.0,0.0,0.0,135
2023-05-11 09:07:22,PK401C10800,PK401C10800,292.5,0.0,0.0,0.0,10,109.5,838.0,10,292.5,250.0,0.0,0.0,0.0,0.0,135
2023-05-11 09:07:23,PK401C10800,PK401C10800,292.5,0.0,0.0,0.0,10,109.5,836.5,1,292.5,250.0,0.0,0.0,0.0,0.0,135
2023-05-11 09:07:23,PK401C10800,PK401C10800,292.5,0.0,0.0,0.0,10,109.5,836.0,10,292.5,250.0,0.0,0.0,0.0,0.0,135
2023-05-11 09:07:25,PK401C10800,PK401C10800,292.5,0.0,0.0,0.0,10,109.5,834.5,1,292.5,250.0,0.0,0.0,0.0,0.0,135
2023-05-11 09:07:25,PK401C10800,PK401C10800,292.5,0.0,0.0,0.0,10,109.5,834.0,10,292.5,250.0,0.0,0.0,0.0,0.0,135
2023-05-11 09:07:26,PK401C10800,PK401C10800,292.5,0.0,0.0,0.0,10,109.5,832.5,1,292.5,250.0,0.0,0.0,0.0,0.0,135
2023-05-11 09:07:26,PK401C10800,PK401C10800,292.5,0.0,0.0,0.0,10,109.5,832.0,10,292.5,250.0,0.0,0.0,0.0,0.0,135
2023-05-11 09:07:27,PK401C10800,PK401C10800,292.5,0.0,0.0,0.0,10,109.5,830.5,1,292.5,250.0,0.0,0.0,0.0,0.0,135
2023-05-11 09:07:27,PK401C10800,PK401C10800,292.5,0.0,0.0,0.0,10,109.5,830.0,10,292.5,250.0,0.0,0.0,0.0,0.0,135
2023-05-11 09:07:29,PK401C10800,PK401C10800,292.5,0.0,0.0,0.0,10,109.5,828.5,1,292.5,250.0,0.0,0.0,0.0,0.0,135
2023-05-11 09:07:29,PK401C10800,PK401C10800,292.5,0.0,0.0,0.0,10,109.5,828.0,10,292.5,250.0,0.0,0.0,0.0,0.0,135
2023-05-11 09:07:32,PK401C10800,PK401C10800,292.5,0.0,0.0,0.0,10,109.5,826.5,1,292.5,250.0,0.0,0.0,0.0,0.0,135
2023-05-11 09:07:32,PK401C10800,PK401C10800,292.5,0.0,0.0,0.0,10,109.5,826.0,10,292.5,250.0,0.0,0.0,0.0,0.0,135
2023-05-11 09:07:34,PK401C10800,PK401C10800,292.5,0.0,0.0,0.0,10,109.5,824.5,1,292.5,250.0,0.0,0.0,0.0,0.0,135
2023-05-11 09:07:34,PK401C10800,PK401C10800,292.5,0.0,0.0,0.0,10,109.5,824.0,10,292.5,250.0,0.0,0.0,0.0,0.0,135
2023-05-11 09:07:35,PK401C10800,PK401C10800,292.5,0.0,0.0,0.0,10,109.5,822.5,1,292.5,250.0,0.0,0.0,0.0,0.0,135
2023-05-11 09:07:35,PK401C10800,PK401C10800,292.5,0.0,0.0,0.0,10,109.5,822.0,10,292.5,250.0,0.0,0.0,0.0,0.0,135
2023-05-11 09:07:38,PK401C10800,PK401C10800,292.5,0.0,0.0,0.0,10,109.5,820.5,1,292.5,250.0,0.0,0.0,0.0,0.0,135
2023-05-11 09:07:38,PK401C10800,PK401C10800,292.5,0.0,0.0,0.0,10,109.5,820.0,10,292.5,250.0,0.0,0.0,0.0,0.0,135
2023-05-11 09:07:39,PK401C10800,PK401C10800,292.5,0.0,0.0,0.0,10,109.5,818.5,1,292.5,250.0,0.0,0.0,0.0,0.0,135
2023-05-11 09:07:39,PK401C10800,PK401C10800,292.5,0.0,0.0,0.0,10,109.5,818.0,10,292.5,250.0,0.0,0.0,0.0,0.0,135
2023-05-11 09:07:42,PK401C10800,PK401C10800,292.5,0.0,0.0,0.0,10,109.5,816.5,1,292.5,250.0,0.0,0.0,0.0,0.0,135
2023-05-11 09:07:42,PK401C10800,PK401C10800,292.5,0.0,0.0,0.0,10,109.5,816.0,10,292.5,250.0,0.0,0.0,0.0,0.0,135
2023-05-11 09:07:46,PK401C10800,PK401C10800,292.5,0.0,0.0,0.0,10,109.5,814.5,1,292.5,250.0,0.0,0.0,0.0,0.0,135
2023-05-11 09:07:46,PK401C10800,PK401C10800,292.5,0.0,0.0,0.0,10,109.5,814.0,10,292.5,250.0,0.0,0.0,0.0,0.0,135
2023-05-11 09:07:49,PK401C10800,PK401C10800,292.5,0.0,0.0,0.0,10,109.5,812.5,1,292.5,250.0,0.0,0.0,0.0,0.0,135
2023-05-11 09:07:49,PK401C10800,PK401C10800,292.5,0.0,0.0,0.0,10,109.5,812.0,10,292.5,250.0,0.0,0.0,0.0,0.0,135
2023-05-11 09:07:52,PK401C10800,PK401C10800,292.5,0.0,0.0,0.0,10,109.5,810.5,1,292.5,250.0,0.0,0.0,0.0,0.0,135
2023-05-11 09:07:52,PK401C10800,PK401C10800,292.5,0.0,0.0,0.0,10,109.5,810.0,10,292.5,250.0,0.0,0.0,0.0,0.0,135
2023-05-11 09:07:53,PK401C10800,PK401C10800,292.5,0.0,0.0,0.0,10,109.5,808.5,1,292.5,250.0,0.0,0.0,0.0,0.0,135
2023-05-11 09:07:53,PK401C10800,PK401C10800,292.5,0.0,0.0,0.0,10,109.5,808.0,10,292.5,250.0,0.0,0.0,0.0,0.0,135
2023-05-11 09:07:54,PK401C10800,PK401C10800,292.5,0.0,0.0,0.0,10,109.5,806.5,1,292.5,250.0,0.0,0.0,0.0,0.0,135
2023-05-11 09:07:54,PK401C10800,PK401C10800,292.5,0.0,0.0,0.0,10,109.5,806.0,10,292.5,250.0,0.0,0.0,0.0,0.0,135
2023-05-11 09:07:57,PK401C10800,PK401C10800,292.5,0.0,0.0,0.0,10,109.5,804.5,1,292.5,250.0,0.0,0.0,0.0,0.0,135
2023-05-11 09:07:57,PK401C10800,PK401C10800,292.5,0.0,0.0,0.0,10,109.5,804.0,10,292.5,250.0,0.0,0.0,0.0,0.0,135
2023-05-11 09:07:58,PK401C10800,PK401C10800,292.5,0.0,0.0,0.0,10,109.5,802.5,1,292.5,250.0,0.0,0.0,0.0,0.0,135
2023-05-11 09:07:58,PK401C10800,PK401C10800,292.5,0.0,0.0,0.0,10,109.5,802.0,10,292.5,250.0,0.0,0.0,0.0,0.0,135
2023-05-11 09:08:01,PK401C10800,PK401C10800,292.5,0.0,0.0,0.0,10,109.5,800.5,1,292.5,250.0,0.0,0.0,0.0,0.0,135
2023-05-11 09:08:01,PK401C10800,PK401C10800,292.5,0.0,0.0,0.0,10,109.5,800.0,10,292.5,250.0,0.0,0.0,0.0,0.0,135
2023-05-11 09:08:02,PK401C10800,PK401C10800,292.5,0.0,0.0,0.0,10,109.5,798.5,1,292.5,250.0,0.0,0.0,0.0,0.0,135
2023-05-11 09:08:02,PK401C10800,PK401C10800,292.5,0.0,0.0,0.0,10,109.5,798.0,10,292.5,250.0,0.0,0.0,0.0,0.0,135
2023-05-11 09:08:03,PK401C10800,PK401C10800,292.5,0.0,0.0,0.0,10,109.5,796.5,1,292.5,250.0,0.0,0.0,0.0,0.0,135
2023-05-11 09:08:03,PK401C10800,PK401C10800,292.5,0.0,0.0,0.0,10,109.5,796.0,10,292.5,250.0,0.0,0.0,0.0,0.0,135
2023-05-11 09:08:06,PK401C10800,PK401C10800,292.5,0.0,0.0,0.0,10,109.5,794.5,1,292.5,250.0,0.0,0.0,0.0,0.0,135
2023-05-11 09:08:06,PK401C10800,PK401C10800,292.5,0.0,0.0,0.0,10,109.5,794.0,10,292.5,250.0,0.0,0.0,0.0,0.0,135
2023-05-11 09:08:07,PK401C10800,PK401C10800,292.5,0.0,0.0,0.0,10,109.5,792.5,1,292.5,250.0,0.0,0.0,0.0,0.0,135
2023-05-11 09:08:07,PK401C10800,PK401C10800,292.5,0.0,0.0,0.0,10,109.5,792.0,10,292.5,250.0,0.0,0.0,0.0,0.0,135
2023-05-11 09:08:09,PK401C10800,PK401C10800,292.5,0.0,0.0,0.0,10,109.5,790.5,1,292.5,250.0,0.0,0.0,0.0,0.0,135
2023-05-11 09:08:09,PK401C10800,PK401C10800,292.5,0.0,0.0,0.0,10,109.5,790.0,10,292.5,250.0,0.0,0.0,0.0,0.0,135
2023-05-11 09:08:13,PK401C10800,PK401C10800,292.5,0.0,0.0,0.0,10,109.5,788.5,1,292.5,250.0,0.0,0.0,0.0,0.0,135
2023-05-11 09:09:39,PK401C10800,PK401C10800,292.5,0.0,0.0,0.0,10,109.5,788.0,10,292.5,250.0,0.0,0.0,0.0,0.0,135
2023-05-11 09:09:40,PK401C10800,PK401C10800,292.5,0.0,0.0,0.0,10,109.5,786.5,1,292.5,250.0,0.0,0.0,0.0,0.0,135
2023-05-11 09:09:40,PK401C10800,PK401C10800,292.5,0.0,0.0,0.0,10,109.5,786.0,10,292.5,250.0,0.0,0.0,0.0,0.0,135
2023-05-11 09:09:41,PK401C10800,PK401C10800,292.5,0.0,0.0,0.0,10,109.5,784.5,1,292.5,250.0,0.0,0.0,0.0,0.0,135
2023-05-11 09:09:41,PK401C10800,PK401C10800,292.5,0.0,0.0,0.0,10,109.5,784.0,10,292.5,250.0,0.0,0.0,0.0,0.0,135
2023-05-11 09:09:43,PK401C10800,PK401C10800,292.5,0.0,0.0,0.0,10,109.5,782.5,1,292.5,250.0,0.0,0.0,0.0,0.0,135
2023-05-11 09:09:43,PK401C10800,PK401C10800,292.5,0.0,0.0,0.0,10,109.5,782.0,10,292.5,250.0,0.0,0.0,0.0,0.0,135
2023-05-11 09:09:44,PK401C10800,PK401C10800,292.5,0.0,0.0,0.0,10,109.5,780.5,1,292.5,250.0,0.0,0.0,0.0,0.0,135
2023-05-11 09:12:05,PK401C10800,PK401C10800,292.5,0.0,0.0,0.0,10,109.5,780.0,10,292.5,250.0,0.0,0.0,0.0,0.0,135
2023-05-11 09:12:05,PK401C10800,PK401C10800,292.5,0.0,0.0,0.0,10,109.5,778.5,1,292.5,250.0,0.0,0.0,0.0,0.0,135
2023-05-11 09:12:06,PK401C10800,PK401C10800,292.5,0.0,0.0,0.0,10,109.5,778.0,10,292.5,250.0,0.0,0.0,0.0,0.0,135
2023-05-11 09:12:08,PK401C10800,PK401C10800,292.5,0.0,0.0,0.0,10,109.5,776.5,1,292.5,250.0,0.0,0.0,0.0,0.0,135
2023-05-11 09:12:09,PK401C10800,PK401C10800,292.5,0.0,0.0,0.0,10,109.5,776.0,10,292.5,250.0,0.0,0.0,0.0,0.0,135
2023-05-11 09:12:09,PK401C10800,PK401C10800,292.5,0.0,0.0,0.0,10,109.5,774.5,1,292.5,250.0,0.0,0.0,0.0,0.0,135
2023-05-11 09:12:10,PK401C10800,PK401C10800,292.5,0.0,0.0,0.0,10,109.5,774.0,10,292.5,250.0,0.0,0.0,0.0,0.0,135
2023-05-11 09:12:11,PK401C10800,PK401C10800,292.5,0.0,0.0,0.0,10,109.5,772.5,1,292.5,250.0,0.0,0.0,0.0,0.0,135
2023-05-11 09:12:12,PK401C10800,PK401C10800,292.5,0.0,0.0,0.0,10,109.5,772.0,10,292.5,250.0,0.0,0.0,0.0,0.0,135
2023-05-11 09:12:14,PK401C10800,PK401C10800,292.5,0.0,0.0,0.0,10,109.5,770.5,1,292.5,250.0,0.0,0.0,0.0,0.0,135
2023-05-11 09:12:15,PK401C10800,PK401C10800,292.5,0.0,0.0,0.0,10,109.5,770.0,10,292.5,250.0,0.0,0.0,0.0,0.0,135
2023-05-11 09:12:15,PK401C10800,PK401C10800,292.5,0.0,0.0,0.0,10,109.5,768.5,1,292.5,250.0,0.0,0.0,0.0,0.0,135
2023-05-11 09:12:16,PK401C10800,PK401C10800,292.5,0.0,0.0,0.0,10,109.5,768.0,10,292.5,250.0,0.0,0.0,0.0,0.0,135
2023-05-11 09:12:17,PK401C10800,PK401C10800,292.5,0.0,0.0,0.0,10,109.5,766.5,1,292.5,250.0,0.0,0.0,0.0,0.0,135
2023-05-11 09:13:53,PK401C10800,PK401C10800,292.5,0.0,0.0,0.0,10,109.5,766.0,10,292.5,250.0,0.0,0.0,0.0,0.0,135
2023-05-11 09:13:53,PK401C10800,PK401C10800,292.5,0.0,0.0,0.0,10,109.5,764.5,1,292.5,250.0,0.0,0.0,0.0,0.0,135
2023-05-11 09:13:54,PK401C10800,PK401C10800,292.5,0.0,0.0,0.0,10,109.5,764.0,10,292.5,250.0,0.0,0.0,0.0,0.0,135
2023-05-11 09:13:54,PK401C10800,PK401C10800,292.5,0.0,0.0,0.0,10,109.5,762.5,1,292.5,250.0,0.0,0.0,0.0,0.0,135
2023-05-11 09:13:55,PK401C10800,PK401C10800,292.5,0.0,0.0,0.0,10,109.5,762.0,10,292.5,250.0,0.0,0.0,0.0,0.0,135
2023-05-11 09:13:55,PK401C10800,PK401C10800,292.5,0.0,0.0,0.0,10,109.5,760.5,1,292.5,250.0,0.0,0.0,0.0,0.0,135
2023-05-11 09:13:56,PK401C10800,PK401C10800,292.5,0.0,0.0,0.0,10,109.5,760.0,10,292.5,250.0,0.0,0.0,0.0,0.0,135
2023-05-11 09:13:56,PK401C10800,PK401C10800,292.5,0.0,0.0,0.0,10,109.5,758.5,1,292.5,250.0,0.0,0.0,0.0,0.0,135
2023-05-11 09:13:57,PK401C10800,PK401C10800,292.5,0.0,0.0,0.0,10,109.5,758.0,10,292.5,250.0,0.0,0.0,0.0,0.0,135
2023-05-11 09:13:57,PK401C10800,PK401C10800,292.5,0.0,0.0,0.0,10,109.5,756.5,1,292.5,250.0,0.0,0.0,0.0,0.0,135
2023-05-11 09:14:30,PK401C10800,PK401C10800,292.5,0.0,0.0,0.0,10,109.5,756.0,10,292.5,250.0,0.0,0.0,0.0,0.0,135
2023-05-11 09:14:30,PK401C10800,PK401C10800,292.5,0.0,0.0,0.0,10,109.5,754.5,1,292.5,250.0,0.0,0.0,0.0,0.0,135
2023-05-11 09:14:31,PK401C10800,PK401C10800,292.5,0.0,0.0,0.0,10,109.5,754.0,10,292.5,250.0,0.0,0.0,0.0,0.0,135
2023-05-11 09:14:31,PK401C10800,PK401C10800,292.5,0.0,0.0,0.0,10,109.5,752.5,1,292.5,250.0,0.0,0.0,0.0,0.0,135
2023-05-11 09:14:32,PK401C10800,PK401C10800,292.5,0.0,0.0,0.0,10,109.5,752.0,10,292.5,250.0,0.0,0.0,0.0,0.0,135
2023-05-11 09:14:32,PK401C10800,PK401C10800,292.5,0.0,0.0,0.0,10,109.5,750.5,1,292.5,250.0,0.0,0.0,0.0,0.0,135
2023-05-11 09:14:33,PK401C10800,PK401C10800,292.5,0.0,0.0,0.0,10,109.5,750.0,10,292.5,250.0,0.0,0.0,0.0,0.0,135
2023-05-11 09:14:35,PK401C10800,PK401C10800,292.5,0.0,0.0,0.0,10,109.5,748.5,1,292.5,250.0,0.0,0.0,0.0,0.0,135
2023-05-11 09:14:59,PK401C10800,PK401C10800,292.5,0.0,0.0,0.0,10,109.5,748.0,10,292.5,250.0,0.0,0.0,0.0,0.0,135
2023-05-11 09:14:59,PK401C10800,PK401C10800,292.5,0.0,0.0,0.0,10,109.5,746.5,1,292.5,250.0,0.0,0.0,0.0,0.0,135
2023-05-11 09:15:00,PK401C10800,PK401C10800,292.5,0.0,0.0,0.0,10,109.5,746.0,10,292.5,250.0,0.0,0.0,0.0,0.0,135
2023-05-11 09:15:00,PK401C10800,PK401C10800,292.5,0.0,0.0,0.0,10,109.5,744.5,1,292.5,250.0,0.0,0.0,0.0,0.0,135
2023-05-11 09:15:01,PK401C10800,PK401C10800,292.5,0.0,0.0,0.0,10,109.5,744.0,10,292.5,250.0,0.0,0.0,0.0,0.0,135
2023-05-11 09:15:03,PK401C10800,PK401C10800,292.5,0.0,0.0,0.0,10,109.5,742.5,1,292.5,250.0,0.0,0.0,0.0,0.0,135
2023-05-11 09:15:14,PK401C10800,PK401C10800,292.5,0.0,0.0,0.0,6,262.5,288.5,6,292.5,250.0,0.0,0.0,0.0,0.0,135
2023-05-11 09:15:14,PK401C10800,PK401C10800,292.5,0.0,0.0,0.0,9,262.5,288.5,9,292.5,250.0,0.0,0.0,0.0,0.0,135
2023-05-11 09:15:15,PK401C10800,PK401C10800,292.5,0.0,0.0,0.0,12,262.5,288.5,12,292.5,250.0,0.0,0.0,0.0,0.0,135
2023-05-11 09:15:16,PK401C10800,PK401C10800,292.5,0.0,0.0,0.0,3,263.0,288.5,12,292.5,250.0,0.0,0.0,0.0,0.0,135
2023-05-11 09:15:17,PK401C10800,PK401C10800,292.5,0.0,0.0,0.0,9,263.0,288.5,18,292.5,250.0,0.0,0.0,0.0,0.0,135
2023-05-11 09:15:18,PK401C10800,PK401C10800,292.5,0.0,0.0,0.0,9,263.0,288.5,21,292.5,250.0,0.0,0.0,0.0,0.0,135
2023-05-11 09:15:18,PK401C10800,PK401C10800,292.5,0.0,0.0,0.0,9,263.0,272.0,6,292.5,250.0,0.0,0.0,0.0,0.0,135
2023-05-11 09:15:18,PK401C10800,PK401C10800,292.5,0.0,0.0,0.0,12,263.0,272.0,9,292.5,250.0,0.0,0.0,0.0,0.0,135
2023-05-11 09:15:21,PK401C10800,PK401C10800,292.5,0.0,0.0,0.0,12,263.0,272.0,12,292.5,250.0,0.0,0.0,0.0,0.0,135
2023-05-11 09:15:21,PK401C10800,PK401C10800,292.5,0.0,0.0,0.0,15,263.0,272.0,15,292.5,250.0,0.0,0.0,0.0,0.0,135
2023-05-11 09:15:24,PK401C10800,PK401C10800,292.5,0.0,0.0,0.0,18,263.0,272.0,18,292.5,250.0,0.0,0.0,0.0,0.0,135
2023-05-11 09:15:26,PK401C10800,PK401C10800,292.5,0.0,0.0,0.0,21,263.0,272.0,21,292.5,250.0,0.0,0.0,0.0,0.0,135
2023-05-11 09:15:29,PK401C10800,PK401C10800,292.5,0.0,0.0,0.0,18,263.0,272.0,21,292.5,250.0,0.0,0.0,0.0,0.0,135
2023-05-11 09:15:29,PK401C10800,PK401C10800,292.5,0.0,0.0,0.0,18,263.0,272.0,18,292.5,250.0,0.0,0.0,0.0,0.0,135
2023-05-11 09:15:30,PK401C10800,PK401C10800,292.5,0.0,0.0,0.0,15,263.0,272.0,15,292.5,250.0,0.0,0.0,0.0,0.0,135
2023-05-11 09:15:30,PK401C10800,PK401C10800,292.5,0.0,0.0,0.0,12,263.0,272.0,15,292.5,250.0,0.0,0.0,0.0,0.0,135
2023-05-11 09:15:33,PK401C10800,PK401C10800,292.5,0.0,0.0,0.0,12,263.0,272.0,12,292.5,250.0,0.0,0.0,0.0,0.0,135
2023-05-11 09:15:33,PK401C10800,PK401C10800,292.5,0.0,0.0,0.0,9,263.0,272.0,9,292.5,250.0,0.0,0.0,0.0,0.0,135
2023-05-11 09:15:34,PK401C10800,PK401C10800,292.5,0.0,0.0,0.0,6,263.0,272.0,6,292.5,250.0,0.0,0.0,0.0,0.0,135
2023-05-11 09:15:34,PK401C10800,PK401C10800,292.5,0.0,0.0,0.0,3,263.0,272.0,3,292.5,250.0,0.0,0.0,0.0,0.0,135
2023-05-11 09:15:36,PK401C10800,PK401C10800,292.5,0.0,0.0,0.0,10,3.5,0.0,0,292.5,250.0,0.0,0.0,0.0,0.0,135
2023-05-11 09:15:37,PK401C10800,PK401C10800,292.5,0.0,0.0,0.0,1,5.0,1014.0,10,292.5,250.0,0.0,0.0,0.0,0.0,135
2023-05-11 09:15:37,PK401C10800,PK401C10800,292.5,0.0,0.0,0.0,10,5.5,1012.5,1,292.5,250.0,0.0,0.0,0.0,0.0,135
2023-05-11 09:15:38,PK401C10800,PK401C10800,292.5,0.0,0.0,0.0,1,7.0,1012.0,10,292.5,250.0,0.0,0.0,0.0,0.0,135
2023-05-11 09:15:38,PK401C10800,PK401C10800,292.5,0.0,0.0,0.0,10,7.5,1010.5,1,292.5,250.0,0.0,0.0,0.0,0.0,135
2023-05-11 09:15:39,PK401C10800,PK401C10800,292.5,0.0,0.0,0.0,1,9.0,1010.0,10,292.5,250.0,0.0,0.0,0.0,0.0,135
2023-05-11 09:15:39,PK401C10800,PK401C10800,292.5,0.0,0.0,0.0,10,9.5,1008.5,1,292.5,250.0,0.0,0.0,0.0,0.0,135
2023-05-11 09:15:40,PK401C10800,PK401C10800,292.5,0.0,0.0,0.0,1,11.0,1008.0,10,292.5,250.0,0.0,0.0,0.0,0.0,135
2023-05-11 09:15:40,PK401C10800,PK401C10800,292.5,0.0,0.0,0.0,10,11.5,1006.5,1,292.5,250.0,0.0,0.0,0.0,0.0,135
2023-05-11 09:15:41,PK401C10800,PK401C10800,292.5,0.0,0.0,0.0,1,13.0,1006.0,10,292.5,250.0,0.0,0.0,0.0,0.0,135
2023-05-11 09:15:41,PK401C10800,PK401C10800,292.5,0.0,0.0,0.0,10,13.5,1004.5,1,292.5,250.0,0.0,0.0,0.0,0.0,135
2023-05-11 09:15:42,PK401C10800,PK401C10800,292.5,0.0,0.0,0.0,1,15.0,1004.0,10,292.5,250.0,0.0,0.0,0.0,0.0,135
2023-05-11 09:15:42,PK401C10800,PK401C10800,292.5,0.0,0.0,0.0,10,15.5,1004.0,10,292.5,250.0,0.0,0.0,0.0,0.0,135
2023-05-11 09:15:43,PK401C10800,PK401C10800,292.5,0.0,0.0,0.0,1,17.0,1004.0,10,292.5,250.0,0.0,0.0,0.0,0.0,135
2023-05-11 09:15:43,PK401C10800,PK401C10800,292.5,0.0,0.0,0.0,10,17.5,1004.0,10,292.5,250.0,0.0,0.0,0.0,0.0,135
2023-05-11 09:15:44,PK401C10800,PK401C10800,292.5,0.0,0.0,0.0,1,19.0,1002.5,1,292.5,250.0,0.0,0.0,0.0,0.0,135
2023-05-11 09:15:44,PK401C10800,PK401C10800,292.5,0.0,0.0,0.0,10,19.5,1002.0,10,292.5,250.0,0.0,0.0,0.0,0.0,135
2023-05-11 09:15:45,PK401C10800,PK401C10800,292.5,0.0,0.0,0.0,1,21.0,1000.5,1,292.5,250.0,0.0,0.0,0.0,0.0,135
2023-05-11 09:16:18,PK401C10800,PK401C10800,292.5,0.0,0.0,0.0,10,21.5,1000.0,10,292.5,250.0,0.0,0.0,0.0,0.0,135
2023-05-11 09:16:19,PK401C10800,PK401C10800,292.5,0.0,0.0,0.0,1,23.0,998.5,1,292.5,250.0,0.0,0.0,0.0,0.0,135
2023-05-11 09:16:21,PK401C10800,PK401C10800,292.5,0.0,0.0,0.0,10,23.5,998.0,10,292.5,250.0,0.0,0.0,0.0,0.0,135
2023-05-11 09:16:22,PK401C10800,PK401C10800,292.5,0.0,0.0,0.0,1,25.0,996.5,1,292.5,250.0,0.0,0.0,0.0,0.0,135
2023-05-11 09:16:50,PK401C10800,PK401C10800,292.5,0.0,0.0,0.0,6,252.0,271.0,6,292.5,250.0,0.0,0.0,0.0,0.0,135
2023-05-11 09:16:50,PK401C10800,PK401C10800,292.5,0.0,0.0,0.0,9,252.0,271.0,9,292.5,250.0,0.0,0.0,0.0,0.0,135
2023-05-11 09:16:52,PK401C10800,PK401C10800,292.5,0.0,0.0,0.0,12,252.0,271.0,12,292.5,250.0,0.0,0.0,0.0,0.0,135
2023-05-11 09:16:53,PK401C10800,PK401C10800,292.5,0.0,0.0,0.0,3,264.5,271.0,12,292.5,250.0,0.0,0.0,0.0,0.0,135
2023-05-11 09:16:53,PK401C10800,PK401C10800,292.5,0.0,0.0,0.0,9,264.5,271.0,9,292.5,250.0,0.0,0.0,0.0,0.0,135
2023-05-11 09:16:57,PK401C10800,PK401C10800,292.5,0.0,0.0,0.0,9,264.5,271.0,12,292.5,250.0,0.0,0.0,0.0,0.0,135
2023-05-11 09:16:58,PK401C10800,PK401C10800,292.5,0.0,0.0,0.0,12,264.5,271.0,15,292.5,250.0,0.0,0.0,0.0,0.0,135
2023-05-11 09:17:01,PK401C10800,PK401C10800,292.5,0.0,0.0,0.0,15,264.5,271.0,15,292.5,250.0,0.0,0.0,0.0,0.0,135
2023-05-11 09:17:03,PK401C10800,PK401C10800,292.5,0.0,0.0,0.0,15,264.5,271.0,18,292.5,250.0,0.0,0.0,0.0,0.0,135
2023-05-11 09:17:05,PK401C10800,PK401C10800,292.5,0.0,0.0,0.0,12,264.5,271.0,18,292.5,250.0,0.0,0.0,0.0,0.0,135
2023-05-11 09:17:05,PK401C10800,PK401C10800,292.5,0.0,0.0,0.0,9,264.5,271.0,15,292.5,250.0,0.0,0.0,0.0,0.0,135
2023-05-11 09:17:05,PK401C10800,PK401C10800,292.5,0.0,0.0,0.0,12,264.5,271.0,18,292.5,250.0,0.0,0.0,0.0,0.0,135
2023-05-11 09:17:05,PK401C10800,PK401C10800,292.5,0.0,0.0,0.0,9,264.5,271.0,15,292.5,250.0,0.0,0.0,0.0,0.0,135
2023-05-11 09:17:09,PK401C10800,PK401C10800,292.5,0.0,0.0,0.0,9,264.5,271.0,12,292.5,250.0,0.0,0.0,0.0,0.0,135
2023-05-11 09:17:10,PK401C10800,PK401C10800,292.5,0.0,0.0,0.0,6,264.5,271.0,9,292.5,250.0,0.0,0.0,0.0,0.0,135
2023-05-11 09:17:11,PK401C10800,PK401C10800,292.5,0.0,0.0,0.0,3,258.0,271.0,3,292.5,250.0,0.0,0.0,0.0,0.0,135
2023-05-11 09:17:14,PK401C10800,PK401C10800,292.5,0.0,0.0,0.0,10,213.5,0.0,0,292.5,250.0,0.0,0.0,0.0,0.0,135
2023-05-11 09:17:15,PK401C10800,PK401C10800,292.5,0.0,0.0,0.0,10,213.5,1014.0,10,292.5,250.0,0.0,0.0,0.0,0.0,135
2023-05-11 09:17:15,PK401C10800,PK401C10800,292.5,0.0,0.0,0.0,10,213.5,1012.5,1,292.5,250.0,0.0,0.0,0.0,0.0,135
2023-05-11 09:17:16,PK401C10800,PK401C10800,292.5,0.0,0.0,0.0,10,213.5,1012.0,10,292.5,250.0,0.0,0.0,0.0,0.0,135
2023-05-11 09:17:16,PK401C10800,PK401C10800,292.5,0.0,0.0,0.0,10,213.5,1010.5,1,292.5,250.0,0.0,0.0,0.0,0.0,135
2023-05-11 09:17:17,PK401C10800,PK401C10800,292.5,0.0,0.0,0.0,10,213.5,1010.0,10,292.5,250.0,0.0,0.0,0.0,0.0,135
2023-05-11 09:17:18,PK401C10800,PK401C10800,292.5,0.0,0.0,0.0,10,213.5,1008.5,1,292.5,250.0,0.0,0.0,0.0,0.0,135
2023-05-11 09:17:19,PK401C10800,PK401C10800,292.5,0.0,0.0,0.0,10,213.5,1008.0,10,292.5,250.0,0.0,0.0,0.0,0.0,135
2023-05-11 09:17:19,PK401C10800,PK401C10800,292.5,0.0,0.0,0.0,10,213.5,1006.5,1,292.5,250.0,0.0,0.0,0.0,0.0,135
2023-05-11 09:17:22,PK401C10800,PK401C10800,292.5,0.0,0.0,0.0,1,216.0,1006.5,1,292.5,250.0,0.0,0.0,0.0,0.0,135
2023-05-11 09:17:23,PK401C10800,PK401C10800,292.5,0.0,0.0,0.0,10,216.5,1006.0,10,292.5,250.0,0.0,0.0,0.0,0.0,135
2023-05-11 09:17:23,PK401C10800,PK401C10800,292.5,0.0,0.0,0.0,10,216.5,1004.5,1,292.5,250.0,0.0,0.0,0.0,0.0,135
2023-05-11 09:17:28,PK401C10800,PK401C10800,292.5,0.0,0.0,0.0,1,219.0,1004.5,1,292.5,250.0,0.0,0.0,0.0,0.0,135
2023-05-11 09:17:28,PK401C10800,PK401C10800,292.5,0.0,0.0,0.0,1,219.0,1004.0,10,292.5,250.0,0.0,0.0,0.0,0.0,135
2023-05-11 09:17:29,PK401C10800,PK401C10800,292.5,0.0,0.0,0.0,10,219.5,1002.5,1,292.5,250.0,0.0,0.0,0.0,0.0,135
2023-05-11 09:17:29,PK401C10800,PK401C10800,292.5,0.0,0.0,0.0,10,219.5,1002.0,10,292.5,250.0,0.0,0.0,0.0,0.0,135
2023-05-11 09:17:29,PK401C10800,PK401C10800,292.5,0.0,0.0,0.0,10,219.5,1000.5,1,292.5,250.0,0.0,0.0,0.0,0.0,135
2023-05-11 09:17:30,PK401C10800,PK401C10800,292.5,0.0,0.0,0.0,10,219.5,1000.0,10,292.5,250.0,0.0,0.0,0.0,0.0,135
2023-05-11 09:17:30,PK401C10800,PK401C10800,292.5,0.0,0.0,0.0,10,219.5,998.5,1,292.5,250.0,0.0,0.0,0.0,0.0,135
2023-05-11 09:17:31,PK401C10800,PK401C10800,292.5,0.0,0.0,0.0,10,219.5,998.0,10,292.5,250.0,0.0,0.0,0.0,0.0,135
2023-05-11 09:17:31,PK401C10800,PK401C10800,292.5,0.0,0.0,0.0,10,219.5,996.5,1,292.5,250.0,0.0,0.0,0.0,0.0,135
2023-05-11 09:17:32,PK401C10800,PK401C10800,292.5,0.0,0.0,0.0,10,219.5,996.0,10,292.5,250.0,0.0,0.0,0.0,0.0,135
2023-05-11 09:17:32,PK401C10800,PK401C10800,292.5,0.0,0.0,0.0,10,219.5,994.5,1,292.5,250.0,0.0,0.0,0.0,0.0,135
2023-05-11 09:17:33,PK401C10800,PK401C10800,292.5,0.0,0.0,0.0,10,219.5,994.0,10,292.5,250.0,0.0,0.0,0.0,0.0,135
2023-05-11 09:17:33,PK401C10800,PK401C10800,292.5,0.0,0.0,0.0,10,219.5,992.5,1,292.5,250.0,0.0,0.0,0.0,0.0,135
2023-05-11 09:17:34,PK401C10800,PK401C10800,292.5,0.0,0.0,0.0,10,219.5,992.0,10,292.5,250.0,0.0,0.0,0.0,0.0,135
2023-05-11 09:17:34,PK401C10800,PK401C10800,292.5,0.0,0.0,0.0,10,219.5,990.5,1,292.5,250.0,0.0,0.0,0.0,0.0,135
2023-05-11 09:17:35,PK401C10800,PK401C10800,292.5,0.0,0.0,0.0,1,223.5,990.0,10,292.5,250.0,0.0,0.0,0.0,0.0,135
2023-05-11 09:17:36,PK401C10800,PK401C10800,292.5,0.0,0.0,0.0,10,224.0,988.5,1,292.5,250.0,0.0,0.0,0.0,0.0,135
2023-05-11 09:17:36,PK401C10800,PK401C10800,292.5,0.0,0.0,0.0,10,224.0,988.0,10,292.5,250.0,0.0,0.0,0.0,0.0,135
2023-05-11 09:17:36,PK401C10800,PK401C10800,292.5,0.0,0.0,0.0,10,224.0,986.5,1,292.5,250.0,0.0,0.0,0.0,0.0,135
2023-05-11 09:17:37,PK401C10800,PK401C10800,292.5,0.0,0.0,0.0,10,224.0,986.0,10,292.5,250.0,0.0,0.0,0.0,0.0,135
2023-05-11 09:17:37,PK401C10800,PK401C10800,292.5,0.0,0.0,0.0,10,224.0,984.5,1,292.5,250.0,0.0,0.0,0.0,0.0,135
2023-05-11 09:17:40,PK401C10800,PK401C10800,292.5,0.0,0.0,0.0,10,224.0,984.0,10,292.5,250.0,0.0,0.0,0.0,0.0,135
2023-05-11 09:17:40,PK401C10800,PK401C10800,292.5,0.0,0.0,0.0,10,224.0,982.5,1,292.5,250.0,0.0,0.0,0.0,0.0,135
2023-05-11 09:17:41,PK401C10800,PK401C10800,292.5,0.0,0.0,0.0,1,226.5,982.0,10,292.5,250.0,0.0,0.0,0.0,0.0,135
2023-05-11 09:17:41,PK401C10800,PK401C10800,292.5,0.0,0.0,0.0,1,226.5,980.5,1,292.5,250.0,0.0,0.0,0.0,0.0,135
2023-05-11 09:17:42,PK401C10800,PK401C10800,292.5,0.0,0.0,0.0,10,227.0,980.0,10,292.5,250.0,0.0,0.0,0.0,0.0,135
2023-05-11 09:17:42,PK401C10800,PK401C10800,292.5,0.0,0.0,0.0,10,227.0,978.5,1,292.5,250.0,0.0,0.0,0.0,0.0,135
2023-05-11 09:17:44,PK401C10800,PK401C10800,292.5,0.0,0.0,0.0,1,226.5,978.5,1,292.5,250.0,0.0,0.0,0.0,0.0,135
2023-05-11 09:17:44,PK401C10800,PK401C10800,292.5,0.0,0.0,0.0,11,226.5,978.0,10,292.5,250.0,0.0,0.0,0.0,0.0,135
2023-05-11 09:17:44,PK401C10800,PK401C10800,292.5,0.0,0.0,0.0,11,226.5,976.5,1,292.5,250.0,0.0,0.0,0.0,0.0,135
2023-05-11 09:17:45,PK401C10800,PK401C10800,292.5,0.0,0.0,0.0,11,226.5,976.0,10,292.5,250.0,0.0,0.0,0.0,0.0,135
2023-05-11 09:17:45,PK401C10800,PK401C10800,292.5,0.0,0.0,0.0,10,226.5,974.5,1,292.5,250.0,0.0,0.0,0.0,0.0,135
2023-05-11 09:17:46,PK401C10800,PK401C10800,292.5,0.0,0.0,0.0,10,226.5,974.0,10,292.5,250.0,0.0,0.0,0.0,0.0,135
2023-05-11 09:17:46,PK401C10800,PK401C10800,292.5,0.0,0.0,0.0,10,226.5,972.5,1,292.5,250.0,0.0,0.0,0.0,0.0,135
2023-05-11 09:17:47,PK401C10800,PK401C10800,292.5,0.0,0.0,0.0,10,226.5,972.0,10,292.5,250.0,0.0,0.0,0.0,0.0,135
2023-05-11 09:17:47,PK401C10800,PK401C10800,292.5,0.0,0.0,0.0,10,226.5,970.5,1,292.5,250.0,0.0,0.0,0.0,0.0,135
2023-05-11 09:17:48,PK401C10800,PK401C10800,292.5,0.0,0.0,0.0,1,227.0,970.0,10,292.5,250.0,0.0,0.0,0.0,0.0,135
2023-05-11 09:17:48,PK401C10800,PK401C10800,292.5,0.0,0.0,0.0,11,227.0,968.5,1,292.5,250.0,0.0,0.0,0.0,0.0,135
2023-05-11 09:17:49,PK401C10800,PK401C10800,292.5,0.0,0.0,0.0,11,227.0,968.0,10,292.5,250.0,0.0,0.0,0.0,0.0,135
2023-05-11 09:17:49,PK401C10800,PK401C10800,292.5,0.0,0.0,0.0,11,227.0,966.5,1,292.5,250.0,0.0,0.0,0.0,0.0,135
2023-05-11 09:17:50,PK401C10800,PK401C10800,292.5,0.0,0.0,0.0,11,227.0,966.0,10,292.5,250.0,0.0,0.0,0.0,0.0,135
2023-05-11 09:17:50,PK401C10800,PK401C10800,292.5,0.0,0.0,0.0,11,227.0,964.5,1,292.5,250.0,0.0,0.0,0.0,0.0,135
2023-05-11 09:17:51,PK401C10800,PK401C10800,292.5,0.0,0.0,0.0,11,227.0,964.0,10,292.5,250.0,0.0,0.0,0.0,0.0,135
2023-05-11 09:17:51,PK401C10800,PK401C10800,292.5,0.0,0.0,0.0,11,227.0,962.5,1,292.5,250.0,0.0,0.0,0.0,0.0,135
2023-05-11 09:17:51,PK401C10800,PK401C10800,292.5,0.0,0.0,0.0,11,227.0,964.0,10,292.5,250.0,0.0,0.0,0.0,0.0,135
2023-05-11 09:17:52,PK401C10800,PK401C10800,292.5,0.0,0.0,0.0,11,227.0,962.0,10,292.5,250.0,0.0,0.0,0.0,0.0,135
2023-05-11 09:17:52,PK401C10800,PK401C10800,292.5,0.0,0.0,0.0,11,227.0,960.5,1,292.5,250.0,0.0,0.0,0.0,0.0,135
2023-05-11 09:17:53,PK401C10800,PK401C10800,292.5,0.0,0.0,0.0,11,227.0,960.0,10,292.5,250.0,0.0,0.0,0.0,0.0,135
2023-05-11 09:17:53,PK401C10800,PK401C10800,292.5,0.0,0.0,0.0,11,227.0,958.5,1,292.5,250.0,0.0,0.0,0.0,0.0,135
2023-05-11 09:17:57,PK401C10800,PK401C10800,292.5,0.0,0.0,0.0,1,227.0,250.0,3,292.5,250.0,0.0,0.0,0.0,0.0,135
2023-05-11 09:17:57,PK401C10800,PK401C10800,250.0,3.0,750.0,0.0,1,227.0,0.0,0,292.5,250.0,250.0,250.0,3.0,750.0,135
2023-05-11 09:17:58,PK401C10800,PK401C10800,250.0,0.0,0.0,0.0,1,227.0,1014.5,1,292.5,250.0,250.0,250.0,3.0,750.0,135
2023-05-11 09:17:59,PK401C10800,PK401C10800,250.0,0.0,0.0,0.0,1,227.0,1013.5,10,292.5,250.0,250.0,250.0,3.0,750.0,135
2023-05-11 09:17:59,PK401C10800,PK401C10800,250.0,0.0,0.0,0.0,1,227.0,1012.0,1,292.5,250.0,250.0,250.0,3.0,750.0,135
2023-05-11 09:17:59,PK401C10800,PK401C10800,250.0,0.0,0.0,0.0,1,227.0,1011.5,11,292.5,250.0,250.0,250.0,3.0,750.0,135
2023-05-11 09:18:00,PK401C10800,PK401C10800,250.0,0.0,0.0,0.0,1,227.0,1010.0,1,292.5,250.0,250.0,250.0,3.0,750.0,135
2023-05-11 09:18:01,PK401C10800,PK401C10800,250.0,0.0,0.0,0.0,1,227.0,1009.0,10,292.5,250.0,250.0,250.0,3.0,750.0,135
2023-05-11 09:18:01,PK401C10800,PK401C10800,250.0,0.0,0.0,0.0,1,227.0,1007.5,1,292.5,250.0,250.0,250.0,3.0,750.0,135
2023-05-11 09:18:02,PK401C10800,PK401C10800,250.0,0.0,0.0,0.0,1,227.0,1007.0,11,292.5,250.0,250.0,250.0,3.0,750.0,135
2023-05-11 09:18:02,PK401C10800,PK401C10800,250.0,0.0,0.0,0.0,1,227.0,1005.5,1,292.5,250.0,250.0,250.0,3.0,750.0,135
2023-05-11 09:18:02,PK401C10800,PK401C10800,250.0,0.0,0.0,0.0,1,227.0,1005.0,11,292.5,250.0,250.0,250.0,3.0,750.0,135
2023-05-11 09:18:03,PK401C10800,PK401C10800,250.0,0.0,0.0,0.0,1,227.0,1003.5,1,292.5,250.0,250.0,250.0,3.0,750.0,135
2023-05-11 09:18:04,PK401C10800,PK401C10800,250.0,0.0,0.0,0.0,1,227.0,1002.5,10,292.5,250.0,250.0,250.0,3.0,750.0,135
2023-05-11 09:18:04,PK401C10800,PK401C10800,250.0,0.0,0.0,0.0,1,227.0,1001.0,1,292.5,250.0,250.0,250.0,3.0,750.0,135
2023-05-11 09:18:05,PK401C10800,PK401C10800,250.0,0.0,0.0,0.0,1,227.0,1000.5,10,292.5,250.0,250.0,250.0,3.0,750.0,135
2023-05-11 09:18:05,PK401C10800,PK401C10800,250.0,0.0,0.0,0.0,1,227.0,999.0,1,292.5,250.0,250.0,250.0,3.0,750.0,135
2023-05-11 09:18:05,PK401C10800,PK401C10800,250.0,0.0,0.0,0.0,1,227.0,998.5,10,292.5,250.0,250.0,250.0,3.0,750.0,135
2023-05-11 09:18:06,PK401C10800,PK401C10800,250.0,0.0,0.0,0.0,1,227.0,997.0,1,292.5,250.0,250.0,250.0,3.0,750.0,135
2023-05-11 09:18:06,PK401C10800,PK401C10800,250.0,0.0,0.0,0.0,1,227.0,996.5,10,292.5,250.0,250.0,250.0,3.0,750.0,135
2023-05-11 09:18:07,PK401C10800,PK401C10800,250.0,0.0,0.0,0.0,1,227.0,995.0,1,292.5,250.0,250.0,250.0,3.0,750.0,135
2023-05-11 09:18:07,PK401C10800,PK401C10800,250.0,0.0,0.0,0.0,1,227.0,994.5,10,292.5,250.0,250.0,250.0,3.0,750.0,135
2023-05-11 09:18:08,PK401C10800,PK401C10800,250.0,0.0,0.0,0.0,1,227.0,993.0,1,292.5,250.0,250.0,250.0,3.0,750.0,135
2023-05-11 09:18:08,PK401C10800,PK401C10800,250.0,0.0,0.0,0.0,1,227.0,992.5,10,292.5,250.0,250.0,250.0,3.0,750.0,135
2023-05-11 09:18:09,PK401C10800,PK401C10800,250.0,0.0,0.0,0.0,1,227.0,991.0,1,292.5,250.0,250.0,250.0,3.0,750.0,135
2023-05-11 09:18:09,PK401C10800,PK401C10800,250.0,0.0,0.0,0.0,1,227.0,990.5,10,292.5,250.0,250.0,250.0,3.0,750.0,135
2023-05-11 09:18:10,PK401C10800,PK401C10800,250.0,0.0,0.0,0.0,1,227.0,989.0,1,292.5,250.0,250.0,250.0,3.0,750.0,135
2023-05-11 09:18:11,PK401C10800,PK401C10800,250.0,0.0,0.0,0.0,1,227.0,988.5,10,292.5,250.0,250.0,250.0,3.0,750.0,135
2023-05-11 09:18:12,PK401C10800,PK401C10800,250.0,0.0,0.0,0.0,1,227.0,987.0,1,292.5,250.0,250.0,250.0,3.0,750.0,135
2023-05-11 09:18:12,PK401C10800,PK401C10800,250.0,0.0,0.0,0.0,1,227.0,986.5,10,292.5,250.0,250.0,250.0,3.0,750.0,135
2023-05-11 09:18:13,PK401C10800,PK401C10800,250.0,0.0,0.0,0.0,1,227.0,985.0,1,292.5,250.0,250.0,250.0,3.0,750.0,135
2023-05-11 09:19:03,PK401C10800,PK401C10800,250.0,0.0,0.0,0.0,1,227.0,984.5,10,292.5,250.0,250.0,250.0,3.0,750.0,135
2023-05-11 09:19:04,PK401C10800,PK401C10800,250.0,0.0,0.0,0.0,1,227.0,983.0,1,292.5,250.0,250.0,250.0,3.0,750.0,135
2023-05-11 09:19:04,PK401C10800,PK401C10800,250.0,0.0,0.0,0.0,1,227.0,982.5,10,292.5,250.0,250.0,250.0,3.0,750.0,135
2023-05-11 09:19:05,PK401C10800,PK401C10800,250.0,0.0,0.0,0.0,1,227.0,981.0,1,292.5,250.0,250.0,250.0,3.0,750.0,135
2023-05-11 09:19:05,PK401C10800,PK401C10800,250.0,0.0,0.0,0.0,1,227.0,980.5,10,292.5,250.0,250.0,250.0,3.0,750.0,135
2023-05-11 09:19:06,PK401C10800,PK401C10800,250.0,0.0,0.0,0.0,1,227.0,979.0,1,292.5,250.0,250.0,250.0,3.0,750.0,135
2023-05-11 09:19:06,PK401C10800,PK401C10800,250.0,0.0,0.0,0.0,1,227.0,978.5,10,292.5,250.0,250.0,250.0,3.0,750.0,135
2023-05-11 09:19:08,PK401C10800,PK401C10800,250.0,0.0,0.0,0.0,1,227.0,977.0,1,292.5,250.0,250.0,250.0,3.0,750.0,135
2023-05-11 09:19:08,PK401C10800,PK401C10800,250.0,0.0,0.0,0.0,1,227.0,976.5,10,292.5,250.0,250.0,250.0,3.0,750.0,135
2023-05-11 09:19:09,PK401C10800,PK401C10800,250.0,0.0,0.0,0.0,1,227.0,975.0,1,292.5,250.0,250.0,250.0,3.0,750.0,135
2023-05-11 09:19:09,PK401C10800,PK401C10800,250.0,0.0,0.0,0.0,1,227.0,974.5,10,292.5,250.0,250.0,250.0,3.0,750.0,135
2023-05-11 09:19:11,PK401C10800,PK401C10800,250.0,0.0,0.0,0.0,1,227.0,973.0,1,292.5,250.0,250.0,250.0,3.0,750.0,135
2023-05-11 09:19:11,PK401C10800,PK401C10800,250.0,0.0,0.0,0.0,1,227.0,972.5,10,292.5,250.0,250.0,250.0,3.0,750.0,135
2023-05-11 09:19:12,PK401C10800,PK401C10800,250.0,0.0,0.0,0.0,1,227.0,971.0,1,292.5,250.0,250.0,250.0,3.0,750.0,135
2023-05-11 09:19:12,PK401C10800,PK401C10800,250.0,0.0,0.0,0.0,1,227.0,970.5,10,292.5,250.0,250.0,250.0,3.0,750.0,135
2023-05-11 09:19:13,PK401C10800,PK401C10800,250.0,0.0,0.0,0.0,1,227.0,969.0,1,292.5,250.0,250.0,250.0,3.0,750.0,135
2023-05-11 09:19:13,PK401C10800,PK401C10800,250.0,0.0,0.0,0.0,1,227.0,968.5,10,292.5,250.0,250.0,250.0,3.0,750.0,135
2023-05-11 09:19:14,PK401C10800,PK401C10800,250.0,0.0,0.0,0.0,1,227.0,967.0,1,292.5,250.0,250.0,250.0,3.0,750.0,135
2023-05-11 09:19:14,PK401C10800,PK401C10800,250.0,0.0,0.0,0.0,1,227.0,966.5,10,292.5,250.0,250.0,250.0,3.0,750.0,135
2023-05-11 09:19:15,PK401C10800,PK401C10800,250.0,0.0,0.0,0.0,1,227.0,965.0,1,292.5,250.0,250.0,250.0,3.0,750.0,135
2023-05-11 09:19:15,PK401C10800,PK401C10800,250.0,0.0,0.0,0.0,1,227.0,964.5,10,292.5,250.0,250.0,250.0,3.0,750.0,135
2023-05-11 09:19:16,PK401C10800,PK401C10800,250.0,0.0,0.0,0.0,1,227.0,963.0,1,292.5,250.0,250.0,250.0,3.0,750.0,135
2023-05-11 09:19:16,PK401C10800,PK401C10800,250.0,0.0,0.0,0.0,1,227.0,962.5,10,292.5,250.0,250.0,250.0,3.0,750.0,135
2023-05-11 09:19:17,PK401C10800,PK401C10800,250.0,0.0,0.0,0.0,1,227.0,961.0,1,292.5,250.0,250.0,250.0,3.0,750.0,135
2023-05-11 09:19:17,PK401C10800,PK401C10800,250.0,0.0,0.0,0.0,1,227.0,960.5,10,292.5,250.0,250.0,250.0,3.0,750.0,135
2023-05-11 09:19:18,PK401C10800,PK401C10800,250.0,0.0,0.0,0.0,1,227.0,959.0,1,292.5,250.0,250.0,250.0,3.0,750.0,135
2023-05-11 09:19:18,PK401C10800,PK401C10800,250.0,0.0,0.0,0.0,1,227.0,958.5,10,292.5,250.0,250.0,250.0,3.0,750.0,135
2023-05-11 09:19:19,PK401C10800,PK401C10800,250.0,0.0,0.0,0.0,1,227.0,957.0,1,292.5,250.0,250.0,250.0,3.0,750.0,135
2023-05-11 09:19:19,PK401C10800,PK401C10800,250.0,0.0,0.0,0.0,1,227.0,956.5,10,292.5,250.0,250.0,250.0,3.0,750.0,135
2023-05-11 09:19:20,PK401C10800,PK401C10800,250.0,0.0,0.0,0.0,1,227.0,955.0,1,292.5,250.0,250.0,250.0,3.0,750.0,135
2023-05-11 09:20:50,PK401C10800,PK401C10800,250.0,0.0,0.0,0.0,1,227.0,954.5,10,292.5,250.0,250.0,250.0,3.0,750.0,135
2023-05-11 09:20:50,PK401C10800,PK401C10800,250.0,0.0,0.0,0.0,1,227.0,953.0,1,292.5,250.0,250.0,250.0,3.0,750.0,135
2023-05-11 09:20:51,PK401C10800,PK401C10800,250.0,0.0,0.0,0.0,1,227.0,952.5,10,292.5,250.0,250.0,250.0,3.0,750.0,135
2023-05-11 09:20:52,PK401C10800,PK401C10800,250.0,0.0,0.0,0.0,1,227.0,951.0,1,292.5,250.0,250.0,250.0,3.0,750.0,135
2023-05-11 09:20:53,PK401C10800,PK401C10800,250.0,0.0,0.0,0.0,1,227.0,950.5,10,292.5,250.0,250.0,250.0,3.0,750.0,135
2023-05-11 09:20:53,PK401C10800,PK401C10800,250.0,0.0,0.0,0.0,1,227.0,949.0,1,292.5,250.0,250.0,250.0,3.0,750.0,135
2023-05-11 09:20:54,PK401C10800,PK401C10800,250.0,0.0,0.0,0.0,1,227.0,948.5,10,292.5,250.0,250.0,250.0,3.0,750.0,135
2023-05-11 09:20:55,PK401C10800,PK401C10800,250.0,0.0,0.0,0.0,1,227.0,947.0,1,292.5,250.0,250.0,250.0,3.0,750.0,135
2023-05-11 09:20:56,PK401C10800,PK401C10800,250.0,0.0,0.0,0.0,1,227.0,946.5,10,292.5,250.0,250.0,250.0,3.0,750.0,135
2023-05-11 09:20:56,PK401C10800,PK401C10800,250.0,0.0,0.0,0.0,1,227.0,945.0,1,292.5,250.0,250.0,250.0,3.0,750.0,135
2023-05-11 09:20:57,PK401C10800,PK401C10800,250.0,0.0,0.0,0.0,1,227.0,944.5,10,292.5,250.0,250.0,250.0,3.0,750.0,135
2023-05-11 09:20:57,PK401C10800,PK401C10800,250.0,0.0,0.0,0.0,1,227.0,943.0,1,292.5,250.0,250.0,250.0,3.0,750.0,135
2023-05-11 09:20:58,PK401C10800,PK401C10800,250.0,0.0,0.0,0.0,1,227.0,942.5,10,292.5,250.0,250.0,250.0,3.0,750.0,135
2023-05-11 09:20:59,PK401C10800,PK401C10800,250.0,0.0,0.0,0.0,1,227.0,941.0,1,292.5,250.0,250.0,250.0,3.0,750.0,135
2023-05-11 09:20:59,PK401C10800,PK401C10800,250.0,0.0,0.0,0.0,1,227.0,940.5,10,292.5,250.0,250.0,250.0,3.0,750.0,135
2023-05-11 09:21:00,PK401C10800,PK401C10800,250.0,0.0,0.0,0.0,1,227.0,939.0,1,292.5,250.0,250.0,250.0,3.0,750.0,135
2023-05-11 09:21:01,PK401C10800,PK401C10800,250.0,0.0,0.0,0.0,1,227.0,938.5,10,292.5,250.0,250.0,250.0,3.0,750.0,135
2023-05-11 09:21:01,PK401C10800,PK401C10800,250.0,0.0,0.0,0.0,1,227.0,937.0,1,292.5,250.0,250.0,250.0,3.0,750.0,135
2023-05-11 09:21:01,PK401C10800,PK401C10800,250.0,0.0,0.0,0.0,1,227.0,938.5,10,292.5,250.0,250.0,250.0,3.0,750.0,135
2023-05-11 09:21:01,PK401C10800,PK401C10800,250.0,0.0,0.0,0.0,1,227.0,937.0,1,292.5,250.0,250.0,250.0,3.0,750.0,135
2023-05-11 09:23:54,PK401C10800,PK401C10800,250.0,0.0,0.0,0.0,1,227.0,936.5,10,292.5,250.0,250.0,250.0,3.0,750.0,135
2023-05-11 09:23:55,PK401C10800,PK401C10800,250.0,0.0,0.0,0.0,1,227.0,935.0,1,292.5,250.0,250.0,250.0,3.0,750.0,135
2023-05-11 09:23:55,PK401C10800,PK401C10800,250.0,0.0,0.0,0.0,1,227.0,934.5,10,292.5,250.0,250.0,250.0,3.0,750.0,135
2023-05-11 09:23:56,PK401C10800,PK401C10800,250.0,0.0,0.0,0.0,1,227.0,933.0,1,292.5,250.0,250.0,250.0,3.0,750.0,135
2023-05-11 09:23:56,PK401C10800,PK401C10800,250.0,0.0,0.0,0.0,1,227.0,932.5,10,292.5,250.0,250.0,250.0,3.0,750.0,135
2023-05-11 09:23:57,PK401C10800,PK401C10800,250.0,0.0,0.0,0.0,1,227.0,931.0,1,292.5,250.0,250.0,250.0,3.0,750.0,135
2023-05-11 09:23:57,PK401C10800,PK401C10800,250.0,0.0,0.0,0.0,1,227.0,930.5,10,292.5,250.0,250.0,250.0,3.0,750.0,135
2023-05-11 09:23:59,PK401C10800,PK401C10800,250.0,0.0,0.0,0.0,1,227.0,929.0,1,292.5,250.0,250.0,250.0,3.0,750.0,135
2023-05-11 09:23:59,PK401C10800,PK401C10800,250.0,0.0,0.0,0.0,1,227.0,928.5,10,292.5,250.0,250.0,250.0,3.0,750.0,135
2023-05-11 09:24:01,PK401C10800,PK401C10800,250.0,0.0,0.0,0.0,1,227.0,927.0,1,292.5,250.0,250.0,250.0,3.0,750.0,135
2023-05-11 09:24:01,PK401C10800,PK401C10800,250.0,0.0,0.0,0.0,1,227.0,926.5,10,292.5,250.0,250.0,250.0,3.0,750.0,135
2023-05-11 09:24:02,PK401C10800,PK401C10800,250.0,0.0,0.0,0.0,1,227.0,925.0,1,292.5,250.0,250.0,250.0,3.0,750.0,135
2023-05-11 09:24:02,PK401C10800,PK401C10800,250.0,0.0,0.0,0.0,1,227.0,924.5,10,292.5,250.0,250.0,250.0,3.0,750.0,135
2023-05-11 09:24:03,PK401C10800,PK401C10800,250.0,0.0,0.0,0.0,1,227.0,923.0,1,292.5,250.0,250.0,250.0,3.0,750.0,135
2023-05-11 09:24:03,PK401C10800,PK401C10800,250.0,0.0,0.0,0.0,1,227.0,922.5,10,292.5,250.0,250.0,250.0,3.0,750.0,135
2023-05-11 09:24:04,PK401C10800,PK401C10800,250.0,0.0,0.0,0.0,1,227.0,921.0,1,292.5,250.0,250.0,250.0,3.0,750.0,135
2023-05-11 09:24:04,PK401C10800,PK401C10800,250.0,0.0,0.0,0.0,1,227.0,920.5,10,292.5,250.0,250.0,250.0,3.0,750.0,135
2023-05-11 09:24:05,PK401C10800,PK401C10800,250.0,0.0,0.0,0.0,1,227.0,919.0,1,292.5,250.0,250.0,250.0,3.0,750.0,135
2023-05-11 09:24:05,PK401C10800,PK401C10800,250.0,0.0,0.0,0.0,1,227.0,918.5,10,292.5,250.0,250.0,250.0,3.0,750.0,135
2023-05-11 09:24:06,PK401C10800,PK401C10800,250.0,0.0,0.0,0.0,1,227.0,917.0,1,292.5,250.0,250.0,250.0,3.0,750.0,135
2023-05-11 09:24:06,PK401C10800,PK401C10800,250.0,0.0,0.0,0.0,1,227.0,916.5,10,292.5,250.0,250.0,250.0,3.0,750.0,135
2023-05-11 09:24:07,PK401C10800,PK401C10800,250.0,0.0,0.0,0.0,1,227.0,915.0,1,292.5,250.0,250.0,250.0,3.0,750.0,135
2023-05-11 09:24:07,PK401C10800,PK401C10800,250.0,0.0,0.0,0.0,1,227.0,914.5,10,292.5,250.0,250.0,250.0,3.0,750.0,135
2023-05-11 09:24:08,PK401C10800,PK401C10800,250.0,0.0,0.0,0.0,1,227.0,913.0,1,292.5,250.0,250.0,250.0,3.0,750.0,135
2023-05-11 09:24:08,PK401C10800,PK401C10800,250.0,0.0,0.0,0.0,1,227.0,912.5,10,292.5,250.0,250.0,250.0,3.0,750.0,135
2023-05-11 09:24:09,PK401C10800,PK401C10800,250.0,0.0,0.0,0.0,1,227.0,911.0,1,292.5,250.0,250.0,250.0,3.0,750.0,135
2023-05-11 09:24:09,PK401C10800,PK401C10800,250.0,0.0,0.0,0.0,1,227.0,910.5,10,292.5,250.0,250.0,250.0,3.0,750.0,135
2023-05-11 09:24:10,PK401C10800,PK401C10800,250.0,0.0,0.0,0.0,1,227.0,909.0,1,292.5,250.0,250.0,250.0,3.0,750.0,135
2023-05-11 09:24:10,PK401C10800,PK401C10800,250.0,0.0,0.0,0.0,1,227.0,908.5,10,292.5,250.0,250.0,250.0,3.0,750.0,135
2023-05-11 09:24:11,PK401C10800,PK401C10800,250.0,0.0,0.0,0.0,1,227.0,907.0,1,292.5,250.0,250.0,250.0,3.0,750.0,135
2023-05-11 09:24:11,PK401C10800,PK401C10800,250.0,0.0,0.0,0.0,1,227.0,906.5,10,292.5,250.0,250.0,250.0,3.0,750.0,135
2023-05-11 09:24:12,PK401C10800,PK401C10800,250.0,0.0,0.0,0.0,1,227.0,905.0,1,292.5,250.0,250.0,250.0,3.0,750.0,135
2023-05-11 09:24:40,PK401C10800,PK401C10800,250.0,0.0,0.0,0.0,1,227.0,904.5,10,292.5,250.0,250.0,250.0,3.0,750.0,135
2023-05-11 09:24:40,PK401C10800,PK401C10800,250.0,0.0,0.0,0.0,1,227.0,903.0,1,292.5,250.0,250.0,250.0,3.0,750.0,135
2023-05-11 09:24:40,PK401C10800,PK401C10800,250.0,0.0,0.0,0.0,1,227.0,902.5,10,292.5,250.0,250.0,250.0,3.0,750.0,135
2023-05-11 09:24:42,PK401C10800,PK401C10800,250.0,0.0,0.0,0.0,1,227.0,901.0,1,292.5,250.0,250.0,250.0,3.0,750.0,135
2023-05-11 09:24:42,PK401C10800,PK401C10800,250.0,0.0,0.0,0.0,1,227.0,900.5,10,292.5,250.0,250.0,250.0,3.0,750.0,135
2023-05-11 09:24:43,PK401C10800,PK401C10800,250.0,0.0,0.0,0.0,1,227.0,899.0,1,292.5,250.0,250.0,250.0,3.0,750.0,135
2023-05-11 09:24:43,PK401C10800,PK401C10800,250.0,0.0,0.0,0.0,1,227.0,898.5,10,292.5,250.0,250.0,250.0,3.0,750.0,135
2023-05-11 09:24:44,PK401C10800,PK401C10800,250.0,0.0,0.0,0.0,1,227.0,897.0,1,292.5,250.0,250.0,250.0,3.0,750.0,135
2023-05-11 09:24:44,PK401C10800,PK401C10800,250.0,0.0,0.0,0.0,1,227.0,896.5,10,292.5,250.0,250.0,250.0,3.0,750.0,135
2023-05-11 09:24:45,PK401C10800,PK401C10800,250.0,0.0,0.0,0.0,1,227.0,895.0,1,292.5,250.0,250.0,250.0,3.0,750.0,135
2023-05-11 09:24:45,PK401C10800,PK401C10800,250.0,0.0,0.0,0.0,11,227.0,894.5,10,292.5,250.0,250.0,250.0,3.0,750.0,135
2023-05-11 09:24:46,PK401C10800,PK401C10800,250.0,0.0,0.0,0.0,1,227.0,893.0,1,292.5,250.0,250.0,250.0,3.0,750.0,135
2023-05-11 09:25:37,PK401C10800,PK401C10800,250.0,0.0,0.0,0.0,10,227.5,892.5,10,292.5,250.0,250.0,250.0,3.0,750.0,135
2023-05-11 09:25:37,PK401C10800,PK401C10800,250.0,0.0,0.0,0.0,10,227.5,891.0,1,292.5,250.0,250.0,250.0,3.0,750.0,135
2023-05-11 09:25:37,PK401C10800,PK401C10800,250.0,0.0,0.0,0.0,10,227.5,890.5,10,292.5,250.0,250.0,250.0,3.0,750.0,135
2023-05-11 09:25:39,PK401C10800,PK401C10800,250.0,0.0,0.0,0.0,10,227.5,889.0,1,292.5,250.0,250.0,250.0,3.0,750.0,135
2023-05-11 09:25:39,PK401C10800,PK401C10800,250.0,0.0,0.0,0.0,10,227.5,888.5,10,292.5,250.0,250.0,250.0,3.0,750.0,135
2023-05-11 09:25:40,PK401C10800,PK401C10800,250.0,0.0,0.0,0.0,10,227.5,887.0,1,292.5,250.0,250.0,250.0,3.0,750.0,135
2023-05-11 09:25:40,PK401C10800,PK401C10800,250.0,0.0,0.0,0.0,10,227.5,886.5,10,292.5,250.0,250.0,250.0,3.0,750.0,135
2023-05-11 09:25:42,PK401C10800,PK401C10800,250.0,0.0,0.0,0.0,10,227.5,885.0,1,292.5,250.0,250.0,250.0,3.0,750.0,135
2023-05-11 09:25:42,PK401C10800,PK401C10800,250.0,0.0,0.0,0.0,10,227.5,884.5,10,292.5,250.0,250.0,250.0,3.0,750.0,135
2023-05-11 09:25:43,PK401C10800,PK401C10800,250.0,0.0,0.0,0.0,10,227.5,883.0,1,292.5,250.0,250.0,250.0,3.0,750.0,135
2023-05-11 09:25:43,PK401C10800,PK401C10800,250.0,0.0,0.0,0.0,10,227.5,882.5,10,292.5,250.0,250.0,250.0,3.0,750.0,135
2023-05-11 09:25:45,PK401C10800,PK401C10800,250.0,0.0,0.0,0.0,10,227.5,881.0,1,292.5,250.0,250.0,250.0,3.0,750.0,135
2023-05-11 09:25:45,PK401C10800,PK401C10800,250.0,0.0,0.0,0.0,10,227.5,880.5,10,292.5,250.0,250.0,250.0,3.0,750.0,135
2023-05-11 09:25:46,PK401C10800,PK401C10800,250.0,0.0,0.0,0.0,10,227.5,879.0,1,292.5,250.0,250.0,250.0,3.0,750.0,135
2023-05-11 09:25:46,PK401C10800,PK401C10800,250.0,0.0,0.0,0.0,10,227.5,878.5,10,292.5,250.0,250.0,250.0,3.0,750.0,135
2023-05-11 09:25:48,PK401C10800,PK401C10800,250.0,0.0,0.0,0.0,10,227.5,877.0,1,292.5,250.0,250.0,250.0,3.0,750.0,135
2023-05-11 09:25:48,PK401C10800,PK401C10800,250.0,0.0,0.0,0.0,10,227.5,876.5,10,292.5,250.0,250.0,250.0,3.0,750.0,135
2023-05-11 09:25:50,PK401C10800,PK401C10800,250.0,0.0,0.0,0.0,10,227.5,875.0,1,292.5,250.0,250.0,250.0,3.0,750.0,135
2023-05-11 09:26:36,PK401C10800,PK401C10800,250.0,0.0,0.0,0.0,10,227.5,874.5,10,292.5,250.0,250.0,250.0,3.0,750.0,135
2023-05-11 09:26:37,PK401C10800,PK401C10800,250.0,0.0,0.0,0.0,10,227.5,873.0,1,292.5,250.0,250.0,250.0,3.0,750.0,135
2023-05-11 09:26:37,PK401C10800,PK401C10800,250.0,0.0,0.0,0.0,10,227.5,872.5,10,292.5,250.0,250.0,250.0,3.0,750.0,135
2023-05-11 09:26:38,PK401C10800,PK401C10800,250.0,0.0,0.0,0.0,10,227.5,871.0,1,292.5,250.0,250.0,250.0,3.0,750.0,135
2023-05-11 09:26:38,PK401C10800,PK401C10800,250.0,0.0,0.0,0.0,10,227.5,870.5,10,292.5,250.0,250.0,250.0,3.0,750.0,135
2023-05-11 09:26:39,PK401C10800,PK401C10800,250.0,0.0,0.0,0.0,10,227.5,869.0,1,292.5,250.0,250.0,250.0,3.0,750.0,135
2023-05-11 09:26:39,PK401C10800,PK401C10800,250.0,0.0,0.0,0.0,10,227.5,868.5,10,292.5,250.0,250.0,250.0,3.0,750.0,135
2023-05-11 09:26:40,PK401C10800,PK401C10800,250.0,0.0,0.0,0.0,10,227.5,867.0,1,292.5,250.0,250.0,250.0,3.0,750.0,135
2023-05-11 09:26:40,PK401C10800,PK401C10800,250.0,0.0,0.0,0.0,10,227.5,866.5,10,292.5,250.0,250.0,250.0,3.0,750.0,135
2023-05-11 09:26:41,PK401C10800,PK401C10800,250.0,0.0,0.0,0.0,10,227.5,865.0,1,292.5,250.0,250.0,250.0,3.0,750.0,135
2023-05-11 09:26:41,PK401C10800,PK401C10800,250.0,0.0,0.0,0.0,10,227.5,864.5,10,292.5,250.0,250.0,250.0,3.0,750.0,135
2023-05-11 09:26:42,PK401C10800,PK401C10800,250.0,0.0,0.0,0.0,10,227.5,863.0,1,292.5,250.0,250.0,250.0,3.0,750.0,135
2023-05-11 09:27:23,PK401C10800,PK401C10800,250.0,0.0,0.0,0.0,5,250.0,862.5,10,292.5,250.0,250.0,250.0,3.0,750.0,135
2023-05-11 09:27:23,PK401C10800,PK401C10800,250.0,0.0,0.0,0.0,5,250.0,861.0,1,292.5,250.0,250.0,250.0,3.0,750.0,135
2023-05-11 09:27:23,PK401C10800,PK401C10800,250.0,0.0,0.0,0.0,5,250.0,860.5,10,292.5,250.0,250.0,250.0,3.0,750.0,135
2023-05-11 09:27:24,PK401C10800,PK401C10800,250.0,0.0,0.0,0.0,5,250.0,859.0,1,292.5,250.0,250.0,250.0,3.0,750.0,135
2023-05-11 09:27:25,PK401C10800,PK401C10800,250.0,0.0,0.0,0.0,5,250.0,858.5,10,292.5,250.0,250.0,250.0,3.0,750.0,135
2023-05-11 09:27:26,PK401C10800,PK401C10800,250.0,0.0,0.0,0.0,5,250.0,857.0,1,292.5,250.0,250.0,250.0,3.0,750.0,135
2023-05-11 09:27:26,PK401C10800,PK401C10800,250.0,0.0,0.0,0.0,5,250.0,856.5,10,292.5,250.0,250.0,250.0,3.0,750.0,135
2023-05-11 09:27:27,PK401C10800,PK401C10800,250.0,0.0,0.0,0.0,5,250.0,855.0,1,292.5,250.0,250.0,250.0,3.0,750.0,135
2023-05-11 09:29:08,PK401C10800,PK401C10800,250.0,0.0,0.0,0.0,5,250.0,854.5,10,292.5,250.0,250.0,250.0,3.0,750.0,135
2023-05-11 09:29:08,PK401C10800,PK401C10800,250.0,0.0,0.0,0.0,5,250.0,853.0,1,292.5,250.0,250.0,250.0,3.0,750.0,135
2023-05-11 09:29:09,PK401C10800,PK401C10800,250.0,0.0,0.0,0.0,5,250.0,852.5,10,292.5,250.0,250.0,250.0,3.0,750.0,135
2023-05-11 09:29:09,PK401C10800,PK401C10800,250.0,0.0,0.0,0.0,5,250.0,851.0,1,292.5,250.0,250.0,250.0,3.0,750.0,135
2023-05-11 09:29:10,PK401C10800,PK401C10800,250.0,0.0,0.0,0.0,5,250.0,850.5,10,292.5,250.0,250.0,250.0,3.0,750.0,135
2023-05-11 09:29:10,PK401C10800,PK401C10800,250.0,0.0,0.0,0.0,5,250.0,849.0,1,292.5,250.0,250.0,250.0,3.0,750.0,135
2023-05-11 09:29:11,PK401C10800,PK401C10800,250.0,0.0,0.0,0.0,5,250.0,848.5,10,292.5,250.0,250.0,250.0,3.0,750.0,135
2023-05-11 09:29:11,PK401C10800,PK401C10800,250.0,0.0,0.0,0.0,5,250.0,847.0,1,292.5,250.0,250.0,250.0,3.0,750.0,135
2023-05-11 09:29:12,PK401C10800,PK401C10800,250.0,0.0,0.0,0.0,5,250.0,846.5,10,292.5,250.0,250.0,250.0,3.0,750.0,135
2023-05-11 09:29:12,PK401C10800,PK401C10800,250.0,0.0,0.0,0.0,5,250.0,845.0,1,292.5,250.0,250.0,250.0,3.0,750.0,135
2023-05-11 09:29:13,PK401C10800,PK401C10800,250.0,0.0,0.0,0.0,5,250.0,844.5,10,292.5,250.0,250.0,250.0,3.0,750.0,135
2023-05-11 09:29:13,PK401C10800,PK401C10800,250.0,0.0,0.0,0.0,5,250.0,843.0,1,292.5,250.0,250.0,250.0,3.0,750.0,135
2023-05-11 09:29:14,PK401C10800,PK401C10800,250.0,0.0,0.0,0.0,5,250.0,842.5,10,292.5,250.0,250.0,250.0,3.0,750.0,135
2023-05-11 09:29:14,PK401C10800,PK401C10800,250.0,0.0,0.0,0.0,5,250.0,841.0,1,292.5,250.0,250.0,250.0,3.0,750.0,135
2023-05-11 09:29:15,PK401C10800,PK401C10800,250.0,0.0,0.0,0.0,5,250.0,840.5,10,292.5,250.0,250.0,250.0,3.0,750.0,135
2023-05-11 09:29:15,PK401C10800,PK401C10800,250.0,0.0,0.0,0.0,5,250.0,839.0,1,292.5,250.0,250.0,250.0,3.0,750.0,135
2023-05-11 09:29:16,PK401C10800,PK401C10800,250.0,0.0,0.0,0.0,5,250.0,838.5,10,292.5,250.0,250.0,250.0,3.0,750.0,135
2023-05-11 09:29:16,PK401C10800,PK401C10800,250.0,0.0,0.0,0.0,5,250.0,837.0,1,292.5,250.0,250.0,250.0,3.0,750.0,135
2023-05-11 09:29:17,PK401C10800,PK401C10800,250.0,0.0,0.0,0.0,5,250.0,836.5,10,292.5,250.0,250.0,250.0,3.0,750.0,135
2023-05-11 09:29:17,PK401C10800,PK401C10800,250.0,0.0,0.0,0.0,5,250.0,835.0,1,292.5,250.0,250.0,250.0,3.0,750.0,135
2023-05-11 09:29:59,PK401C10800,PK401C10800,250.0,0.0,0.0,0.0,5,250.0,834.5,10,292.5,250.0,250.0,250.0,3.0,750.0,135
2023-05-11 09:29:59,PK401C10800,PK401C10800,250.0,0.0,0.0,0.0,5,250.0,833.0,1,292.5,250.0,250.0,250.0,3.0,750.0,135
2023-05-11 09:30:00,PK401C10800,PK401C10800,250.0,0.0,0.0,0.0,5,250.0,832.5,10,292.5,250.0,250.0,250.0,3.0,750.0,135
2023-05-11 09:30:00,PK401C10800,PK401C10800,250.0,0.0,0.0,0.0,5,250.0,831.0,1,292.5,250.0,250.0,250.0,3.0,750.0,135
2023-05-11 09:30:01,PK401C10800,PK401C10800,250.0,0.0,0.0,0.0,5,250.0,830.5,10,292.5,250.0,250.0,250.0,3.0,750.0,135
2023-05-11 09:30:01,PK401C10800,PK401C10800,250.0,0.0,0.0,0.0,5,250.0,829.0,1,292.5,250.0,250.0,250.0,3.0,750.0,135
2023-05-11 09:30:02,PK401C10800,PK401C10800,250.0,0.0,0.0,0.0,5,250.0,828.5,10,292.5,250.0,250.0,250.0,3.0,750.0,135
2023-05-11 09:30:02,PK401C10800,PK401C10800,250.0,0.0,0.0,0.0,5,250.0,827.0,1,292.5,250.0,250.0,250.0,3.0,750.0,135
2023-05-11 09:30:02,PK401C10800,PK401C10800,250.0,0.0,0.0,0.0,5,250.0,828.5,10,292.5,250.0,250.0,250.0,3.0,750.0,135
2023-05-11 09:30:02,PK401C10800,PK401C10800,250.0,0.0,0.0,0.0,5,250.0,827.0,1,292.5,250.0,250.0,250.0,3.0,750.0,135
2023-05-11 09:30:03,PK401C10800,PK401C10800,250.0,0.0,0.0,0.0,5,250.0,826.5,10,292.5,250.0,250.0,250.0,3.0,750.0,135
2023-05-11 09:30:03,PK401C10800,PK401C10800,250.0,0.0,0.0,0.0,5,250.0,825.0,1,292.5,250.0,250.0,250.0,3.0,750.0,135
2023-05-11 09:30:04,PK401C10800,PK401C10800,250.0,0.0,0.0,0.0,5,250.0,824.5,10,292.5,250.0,250.0,250.0,3.0,750.0,135
2023-05-11 09:30:04,PK401C10800,PK401C10800,250.0,0.0,0.0,0.0,5,250.0,823.0,1,292.5,250.0,250.0,250.0,3.0,750.0,135
2023-05-11 09:30:05,PK401C10800,PK401C10800,250.0,0.0,0.0,0.0,5,250.0,822.5,10,292.5,250.0,250.0,250.0,3.0,750.0,135
2023-05-11 09:30:05,PK401C10800,PK401C10800,250.0,0.0,0.0,0.0,5,250.0,821.0,1,292.5,250.0,250.0,250.0,3.0,750.0,135
2023-05-11 09:30:06,PK401C10800,PK401C10800,250.0,0.0,0.0,0.0,5,250.0,820.5,10,292.5,250.0,250.0,250.0,3.0,750.0,135
2023-05-11 09:30:06,PK401C10800,PK401C10800,250.0,0.0,0.0,0.0,5,250.0,819.0,1,292.5,250.0,250.0,250.0,3.0,750.0,135
2023-05-11 09:30:07,PK401C10800,PK401C10800,250.0,0.0,0.0,0.0,5,250.0,818.5,10,292.5,250.0,250.0,250.0,3.0,750.0,135
2023-05-11 09:30:07,PK401C10800,PK401C10800,250.0,0.0,0.0,0.0,5,250.0,817.0,1,292.5,250.0,250.0,250.0,3.0,750.0,135
2023-05-11 09:31:05,PK401C10800,PK401C10800,250.0,0.0,0.0,0.0,5,250.0,816.5,10,292.5,250.0,250.0,250.0,3.0,750.0,135
2023-05-11 09:31:06,PK401C10800,PK401C10800,250.0,0.0,0.0,0.0,5,250.0,815.0,1,292.5,250.0,250.0,250.0,3.0,750.0,135
2023-05-11 09:33:44,PK401C10800,PK401C10800,250.0,0.0,0.0,0.0,5,250.0,814.5,10,292.5,250.0,250.0,250.0,3.0,750.0,135
2023-05-11 09:33:45,PK401C10800,PK401C10800,250.0,0.0,0.0,0.0,5,250.0,813.0,1,292.5,250.0,250.0,250.0,3.0,750.0,135
2023-05-11 09:33:45,PK401C10800,PK401C10800,250.0,0.0,0.0,0.0,5,250.0,812.5,10,292.5,250.0,250.0,250.0,3.0,750.0,135
2023-05-11 09:33:46,PK401C10800,PK401C10800,250.0,0.0,0.0,0.0,5,250.0,811.0,1,292.5,250.0,250.0,250.0,3.0,750.0,135
2023-05-11 09:33:47,PK401C10800,PK401C10800,250.0,0.0,0.0,0.0,5,250.0,810.5,10,292.5,250.0,250.0,250.0,3.0,750.0,135
2023-05-11 09:33:47,PK401C10800,PK401C10800,250.0,0.0,0.0,0.0,5,250.0,809.0,1,292.5,250.0,250.0,250.0,3.0,750.0,135
2023-05-11 09:34:30,PK401C10800,PK401C10800,250.0,0.0,0.0,0.0,5,250.0,808.5,10,292.5,250.0,250.0,250.0,3.0,750.0,135
2023-05-11 09:34:30,PK401C10800,PK401C10800,250.0,0.0,0.0,0.0,5,250.0,807.0,1,292.5,250.0,250.0,250.0,3.0,750.0,135
2023-05-11 09:34:31,PK401C10800,PK401C10800,250.0,0.0,0.0,0.0,5,250.0,806.5,10,292.5,250.0,250.0,250.0,3.0,750.0,135
2023-05-11 09:34:31,PK401C10800,PK401C10800,250.0,0.0,0.0,0.0,5,250.0,805.0,1,292.5,250.0,250.0,250.0,3.0,750.0,135
2023-05-11 09:34:32,PK401C10800,PK401C10800,250.0,0.0,0.0,0.0,5,250.0,804.5,10,292.5,250.0,250.0,250.0,3.0,750.0,135
2023-05-11 09:34:32,PK401C10800,PK401C10800,250.0,0.0,0.0,0.0,5,250.0,803.0,1,292.5,250.0,250.0,250.0,3.0,750.0,135
2023-05-11 09:34:33,PK401C10800,PK401C10800,250.0,0.0,0.0,0.0,5,250.0,802.5,10,292.5,250.0,250.0,250.0,3.0,750.0,135
2023-05-11 09:34:33,PK401C10800,PK401C10800,250.0,0.0,0.0,0.0,5,250.0,801.0,1,292.5,250.0,250.0,250.0,3.0,750.0,135
2023-05-11 09:34:34,PK401C10800,PK401C10800,250.0,0.0,0.0,0.0,5,250.0,800.5,10,292.5,250.0,250.0,250.0,3.0,750.0,135
2023-05-11 09:34:34,PK401C10800,PK401C10800,250.0,0.0,0.0,0.0,5,250.0,799.0,1,292.5,250.0,250.0,250.0,3.0,750.0,135
2023-05-11 09:34:35,PK401C10800,PK401C10800,250.0,0.0,0.0,0.0,5,250.0,798.5,10,292.5,250.0,250.0,250.0,3.0,750.0,135
2023-05-11 09:34:35,PK401C10800,PK401C10800,250.0,0.0,0.0,0.0,5,250.0,797.0,1,292.5,250.0,250.0,250.0,3.0,750.0,135
2023-05-11 09:34:36,PK401C10800,PK401C10800,250.0,0.0,0.0,0.0,5,250.0,796.5,10,292.5,250.0,250.0,250.0,3.0,750.0,135
2023-05-11 09:34:36,PK401C10800,PK401C10800,250.0,0.0,0.0,0.0,5,250.0,795.0,1,292.5,250.0,250.0,250.0,3.0,750.0,135
2023-05-11 09:34:37,PK401C10800,PK401C10800,250.0,0.0,0.0,0.0,5,250.0,794.5,10,292.5,250.0,250.0,250.0,3.0,750.0,135
2023-05-11 09:34:37,PK401C10800,PK401C10800,250.0,0.0,0.0,0.0,5,250.0,793.0,1,292.5,250.0,250.0,250.0,3.0,750.0,135
2023-05-11 09:34:38,PK401C10800,PK401C10800,250.0,0.0,0.0,0.0,5,250.0,792.5,10,292.5,250.0,250.0,250.0,3.0,750.0,135
2023-05-11 09:34:38,PK401C10800,PK401C10800,250.0,0.0,0.0,0.0,5,250.0,791.0,1,292.5,250.0,250.0,250.0,3.0,750.0,135
2023-05-11 09:34:39,PK401C10800,PK401C10800,250.0,0.0,0.0,0.0,5,250.0,790.5,10,292.5,250.0,250.0,250.0,3.0,750.0,135
2023-05-11 09:34:39,PK401C10800,PK401C10800,250.0,0.0,0.0,0.0,5,250.0,789.0,1,292.5,250.0,250.0,250.0,3.0,750.0,135
2023-05-11 09:34:48,PK401C10800,PK401C10800,250.0,0.0,0.0,0.0,5,250.0,788.5,10,292.5,250.0,250.0,250.0,3.0,750.0,135
2023-05-11 09:34:48,PK401C10800,PK401C10800,250.0,0.0,0.0,0.0,5,250.0,787.0,1,292.5,250.0,250.0,250.0,3.0,750.0,135
2023-05-11 09:35:49,PK401C10800,PK401C10800,250.0,0.0,0.0,0.0,5,250.0,786.5,10,292.5,250.0,250.0,250.0,3.0,750.0,135
2023-05-11 09:35:49,PK401C10800,PK401C10800,250.0,0.0,0.0,0.0,5,250.0,785.0,1,292.5,250.0,250.0,250.0,3.0,750.0,135
2023-05-11 09:35:50,PK401C10800,PK401C10800,250.0,0.0,0.0,0.0,5,250.0,784.5,10,292.5,250.0,250.0,250.0,3.0,750.0,135
2023-05-11 09:35:55,PK401C10800,PK401C10800,250.0,0.0,0.0,0.0,5,250.0,783.0,1,292.5,250.0,250.0,250.0,3.0,750.0,135
2023-05-11 09:35:55,PK401C10800,PK401C10800,250.0,0.0,0.0,0.0,5,250.0,782.5,10,292.5,250.0,250.0,250.0,3.0,750.0,135
2023-05-11 09:35:57,PK401C10800,PK401C10800,250.0,0.0,0.0,0.0,5,250.0,781.0,1,292.5,250.0,250.0,250.0,3.0,750.0,135
2023-05-11 09:35:57,PK401C10800,PK401C10800,250.0,0.0,0.0,0.0,5,250.0,780.5,10,292.5,250.0,250.0,250.0,3.0,750.0,135
2023-05-11 09:35:58,PK401C10800,PK401C10800,250.0,0.0,0.0,0.0,5,250.0,779.0,1,292.5,250.0,250.0,250.0,3.0,750.0,135
2023-05-11 09:35:59,PK401C10800,PK401C10800,250.0,0.0,0.0,0.0,5,250.0,778.5,10,292.5,250.0,250.0,250.0,3.0,750.0,135
2023-05-11 09:36:00,PK401C10800,PK401C10800,250.0,0.0,0.0,0.0,5,250.0,777.0,1,292.5,250.0,250.0,250.0,3.0,750.0,135
2023-05-11 09:36:33,PK401C10800,PK401C10800,250.0,0.0,0.0,0.0,5,250.0,776.5,10,292.5,250.0,250.0,250.0,3.0,750.0,135
2023-05-11 09:36:33,PK401C10800,PK401C10800,250.0,0.0,0.0,0.0,5,250.0,775.0,1,292.5,250.0,250.0,250.0,3.0,750.0,135
2023-05-11 09:36:34,PK401C10800,PK401C10800,250.0,0.0,0.0,0.0,5,250.0,774.5,10,292.5,250.0,250.0,250.0,3.0,750.0,135
2023-05-11 09:36:36,PK401C10800,PK401C10800,250.0,0.0,0.0,0.0,5,250.0,773.0,1,292.5,250.0,250.0,250.0,3.0,750.0,135
2023-05-11 09:36:37,PK401C10800,PK401C10800,250.0,0.0,0.0,0.0,5,250.0,772.5,10,292.5,250.0,250.0,250.0,3.0,750.0,135
2023-05-11 09:36:37,PK401C10800,PK401C10800,250.0,0.0,0.0,0.0,5,250.0,771.0,1,292.5,250.0,250.0,250.0,3.0,750.0,135
2023-05-11 09:36:38,PK401C10800,PK401C10800,250.0,0.0,0.0,0.0,5,250.0,770.5,10,292.5,250.0,250.0,250.0,3.0,750.0,135
2023-05-11 09:36:38,PK401C10800,PK401C10800,250.0,0.0,0.0,0.0,5,250.0,769.0,1,292.5,250.0,250.0,250.0,3.0,750.0,135
2023-05-11 09:36:39,PK401C10800,PK401C10800,250.0,0.0,0.0,0.0,5,250.0,768.5,10,292.5,250.0,250.0,250.0,3.0,750.0,135
2023-05-11 09:36:41,PK401C10800,PK401C10800,250.0,0.0,0.0,0.0,5,250.0,767.0,1,292.5,250.0,250.0,250.0,3.0,750.0,135
2023-05-11 09:36:42,PK401C10800,PK401C10800,250.0,0.0,0.0,0.0,5,250.0,766.5,10,292.5,250.0,250.0,250.0,3.0,750.0,135
2023-05-11 09:36:42,PK401C10800,PK401C10800,250.0,0.0,0.0,0.0,5,250.0,765.0,1,292.5,250.0,250.0,250.0,3.0,750.0,135
2023-05-11 09:36:43,PK401C10800,PK401C10800,250.0,0.0,0.0,0.0,5,250.0,764.5,10,292.5,250.0,250.0,250.0,3.0,750.0,135
2023-05-11 09:36:45,PK401C10800,PK401C10800,250.0,0.0,0.0,0.0,5,250.0,763.0,1,292.5,250.0,250.0,250.0,3.0,750.0,135
2023-05-11 09:36:46,PK401C10800,PK401C10800,250.0,0.0,0.0,0.0,5,250.0,762.5,10,292.5,250.0,250.0,250.0,3.0,750.0,135
2023-05-11 09:36:46,PK401C10800,PK401C10800,250.0,0.0,0.0,0.0,5,250.0,761.0,1,292.5,250.0,250.0,250.0,3.0,750.0,135
2023-05-11 09:36:47,PK401C10800,PK401C10800,250.0,0.0,0.0,0.0,5,250.0,760.5,10,292.5,250.0,250.0,250.0,3.0,750.0,135
2023-05-11 09:36:47,PK401C10800,PK401C10800,250.0,0.0,0.0,0.0,5,250.0,759.0,1,292.5,250.0,250.0,250.0,3.0,750.0,135
2023-05-11 09:38:22,PK401C10800,PK401C10800,250.0,0.0,0.0,0.0,5,250.0,758.5,10,292.5,250.0,250.0,250.0,3.0,750.0,135
2023-05-11 09:38:22,PK401C10800,PK401C10800,250.0,0.0,0.0,0.0,5,250.0,757.0,1,292.5,250.0,250.0,250.0,3.0,750.0,135
2023-05-11 09:39:31,PK401C10800,PK401C10800,250.0,0.0,0.0,0.0,5,250.0,756.5,10,292.5,250.0,250.0,250.0,3.0,750.0,135
2023-05-11 09:39:31,PK401C10800,PK401C10800,250.0,0.0,0.0,0.0,5,250.0,755.0,1,292.5,250.0,250.0,250.0,3.0,750.0,135
2023-05-11 09:39:31,PK401C10800,PK401C10800,250.0,0.0,0.0,0.0,5,250.0,756.5,10,292.5,250.0,250.0,250.0,3.0,750.0,135
2023-05-11 09:39:31,PK401C10800,PK401C10800,250.0,0.0,0.0,0.0,5,250.0,755.0,1,292.5,250.0,250.0,250.0,3.0,750.0,135
2023-05-11 09:39:36,PK401C10800,PK401C10800,250.0,0.0,0.0,0.0,5,250.0,754.5,10,292.5,250.0,250.0,250.0,3.0,750.0,135
2023-05-11 09:39:36,PK401C10800,PK401C10800,250.0,0.0,0.0,0.0,5,250.0,753.0,1,292.5,250.0,250.0,250.0,3.0,750.0,135
2023-05-11 09:40:25,PK401C10800,PK401C10800,250.0,0.0,0.0,0.0,6,255.5,281.0,6,292.5,250.0,250.0,250.0,3.0,750.0,135
2023-05-11 09:40:25,PK401C10800,PK401C10800,250.0,0.0,0.0,0.0,9,255.5,281.0,9,292.5,250.0,250.0,250.0,3.0,750.0,135
2023-05-11 09:40:25,PK401C10800,PK401C10800,250.0,0.0,0.0,0.0,12,255.5,281.0,12,292.5,250.0,250.0,250.0,3.0,750.0,135
2023-05-11 09:40:27,PK401C10800,PK401C10800,250.0,0.0,0.0,0.0,15,255.5,281.0,15,292.5,250.0,250.0,250.0,3.0,750.0,135
2023-05-11 09:40:27,PK401C10800,PK401C10800,250.0,0.0,0.0,0.0,21,255.5,281.0,21,292.5,250.0,250.0,250.0,3.0,750.0,135
2023-05-11 09:40:28,PK401C10800,PK401C10800,250.0,0.0,0.0,0.0,24,255.5,281.0,24,292.5,250.0,250.0,250.0,3.0,750.0,135
2023-05-11 09:40:31,PK401C10800,PK401C10800,250.0,0.0,0.0,0.0,27,255.5,270.0,3,292.5,250.0,250.0,250.0,3.0,750.0,135
2023-05-11 09:40:31,PK401C10800,PK401C10800,250.0,0.0,0.0,0.0,24,255.5,266.5,3,292.5,250.0,250.0,250.0,3.0,750.0,135
2023-05-11 09:40:32,PK401C10800,PK401C10800,250.0,0.0,0.0,0.0,27,255.5,266.5,12,292.5,250.0,250.0,250.0,3.0,750.0,135
2023-05-11 09:40:34,PK401C10800,PK401C10800,250.0,0.0,0.0,0.0,30,255.5,266.5,15,292.5,250.0,250.0,250.0,3.0,750.0,135
2023-05-11 09:40:36,PK401C10800,PK401C10800,250.0,0.0,0.0,0.0,30,255.5,261.0,3,292.5,250.0,250.0,250.0,3.0,750.0,135
2023-05-11 09:40:36,PK401C10800,PK401C10800,250.0,0.0,0.0,0.0,24,255.5,261.0,6,292.5,250.0,250.0,250.0,3.0,750.0,135
2023-05-11 09:40:36,PK401C10800,PK401C10800,250.0,0.0,0.0,0.0,24,255.5,261.0,9,292.5,250.0,250.0,250.0,3.0,750.0,135
2023-05-11 09:40:39,PK401C10800,PK401C10800,250.0,0.0,0.0,0.0,21,255.5,261.0,9,292.5,250.0,250.0,250.0,3.0,750.0,135
2023-05-11 09:40:39,PK401C10800,PK401C10800,250.0,0.0,0.0,0.0,18,255.5,261.0,9,292.5,250.0,250.0,250.0,3.0,750.0,135
2023-05-11 09:40:40,PK401C10800,PK401C10800,250.0,0.0,0.0,0.0,15,255.5,261.0,9,292.5,250.0,250.0,250.0,3.0,750.0,135
2023-05-11 09:40:41,PK401C10800,PK401C10800,250.0,0.0,0.0,0.0,12,255.5,261.0,9,292.5,250.0,250.0,250.0,3.0,750.0,135
2023-05-11 09:40:43,PK401C10800,PK401C10800,250.0,0.0,0.0,0.0,9,255.5,261.0,6,292.5,250.0,250.0,250.0,3.0,750.0,135
2023-05-11 09:40:45,PK401C10800,PK401C10800,250.0,0.0,0.0,0.0,3,255.5,261.0,6,292.5,250.0,250.0,250.0,3.0,750.0,135
2023-05-11 09:40:47,PK401C10800,PK401C10800,250.0,0.0,0.0,0.0,3,255.5,261.0,3,292.5,250.0,250.0,250.0,3.0,750.0,135
2023-05-11 09:40:48,PK401C10800,PK401C10800,250.0,0.0,0.0,0.0,5,250.0,994.5,1,292.5,250.0,250.0,250.0,3.0,750.0,135
2023-05-11 09:40:48,PK401C10800,PK401C10800,250.0,0.0,0.0,0.0,5,250.0,993.0,1,292.5,250.0,250.0,250.0,3.0,750.0,135
2023-05-11 09:40:49,PK401C10800,PK401C10800,250.0,0.0,0.0,0.0,5,250.0,992.5,10,292.5,250.0,250.0,250.0,3.0,750.0,135
2023-05-11 09:40:49,PK401C10800,PK401C10800,250.0,0.0,0.0,0.0,5,250.0,991.0,1,292.5,250.0,250.0,250.0,3.0,750.0,135
2023-05-11 09:40:50,PK401C10800,PK401C10800,250.0,0.0,0.0,0.0,5,250.0,990.5,10,292.5,250.0,250.0,250.0,3.0,750.0,135
2023-05-11 09:40:51,PK401C10800,PK401C10800,250.0,0.0,0.0,0.0,5,250.0,989.0,1,292.5,250.0,250.0,250.0,3.0,750.0,135
2023-05-11 09:40:51,PK401C10800,PK401C10800,250.0,0.0,0.0,0.0,5,250.0,988.5,10,292.5,250.0,250.0,250.0,3.0,750.0,135
2023-05-11 09:40:52,PK401C10800,PK401C10800,250.0,0.0,0.0,0.0,5,250.0,987.0,1,292.5,250.0,250.0,250.0,3.0,750.0,135
2023-05-11 09:40:52,PK401C10800,PK401C10800,250.0,0.0,0.0,0.0,5,250.0,986.5,10,292.5,250.0,250.0,250.0,3.0,750.0,135
2023-05-11 09:40:53,PK401C10800,PK401C10800,250.0,0.0,0.0,0.0,5,250.0,985.0,1,292.5,250.0,250.0,250.0,3.0,750.0,135
2023-05-11 09:41:18,PK401C10800,PK401C10800,250.0,0.0,0.0,0.0,5,250.0,984.5,10,292.5,250.0,250.0,250.0,3.0,750.0,135
2023-05-11 09:41:18,PK401C10800,PK401C10800,250.0,0.0,0.0,0.0,5,250.0,982.5,10,292.5,250.0,250.0,250.0,3.0,750.0,135
2023-05-11 09:41:21,PK401C10800,PK401C10800,250.0,0.0,0.0,0.0,5,250.0,981.0,1,292.5,250.0,250.0,250.0,3.0,750.0,135
2023-05-11 09:41:21,PK401C10800,PK401C10800,250.0,0.0,0.0,0.0,5,250.0,980.5,10,292.5,250.0,250.0,250.0,3.0,750.0,135
2023-05-11 09:41:21,PK401C10800,PK401C10800,250.0,0.0,0.0,0.0,5,250.0,979.0,1,292.5,250.0,250.0,250.0,3.0,750.0,135
2023-05-11 09:41:22,PK401C10800,PK401C10800,250.0,0.0,0.0,0.0,5,250.0,978.5,10,292.5,250.0,250.0,250.0,3.0,750.0,135
2023-05-11 09:41:23,PK401C10800,PK401C10800,250.0,0.0,0.0,0.0,5,250.0,977.0,1,292.5,250.0,250.0,250.0,3.0,750.0,135
2023-05-11 09:41:44,PK401C10800,PK401C10800,250.0,0.0,0.0,0.0,5,250.0,976.5,10,292.5,250.0,250.0,250.0,3.0,750.0,135
2023-05-11 09:41:44,PK401C10800,PK401C10800,250.0,0.0,0.0,0.0,5,250.0,975.0,1,292.5,250.0,250.0,250.0,3.0,750.0,135
2023-05-11 09:41:44,PK401C10800,PK401C10800,250.0,0.0,0.0,0.0,5,250.0,974.5,10,292.5,250.0,250.0,250.0,3.0,750.0,135
2023-05-11 09:42:22,PK401C10800,PK401C10800,250.0,0.0,0.0,0.0,10,5.5,974.5,10,292.5,250.0,250.0,250.0,3.0,750.0,135
2023-05-11 09:44:31,PK401C10800,PK401C10800,250.0,0.0,0.0,0.0,1,6.0,974.5,10,292.5,250.0,250.0,250.0,3.0,750.0,135
2023-05-11 09:44:32,PK401C10800,PK401C10800,250.0,0.0,0.0,0.0,10,6.5,974.5,10,292.5,250.0,250.0,250.0,3.0,750.0,135
2023-05-11 09:48:53,PK401C10800,PK401C10800,250.0,0.0,0.0,0.0,10,6.5,974.0,1,292.5,250.0,250.0,250.0,3.0,750.0,135
2023-05-11 09:48:54,PK401C10800,PK401C10800,250.0,0.0,0.0,0.0,10,6.5,973.5,10,292.5,250.0,250.0,250.0,3.0,750.0,135
2023-05-11 09:55:51,PK401C10800,PK401C10800,250.0,0.0,0.0,0.0,1,8.0,972.0,1,292.5,250.0,250.0,250.0,3.0,750.0,135
2023-05-11 09:55:52,PK401C10800,PK401C10800,250.0,0.0,0.0,0.0,10,8.5,971.5,10,292.5,250.0,250.0,250.0,3.0,750.0,135
2023-05-11 09:55:52,PK401C10800,PK401C10800,250.0,0.0,0.0,0.0,1,10.0,970.0,1,292.5,250.0,250.0,250.0,3.0,750.0,135
2023-05-11 09:55:53,PK401C10800,PK401C10800,250.0,0.0,0.0,0.0,10,10.5,969.5,10,292.5,250.0,250.0,250.0,3.0,750.0,135
2023-05-11 09:55:53,PK401C10800,PK401C10800,250.0,0.0,0.0,0.0,1,12.0,968.0,1,292.5,250.0,250.0,250.0,3.0,750.0,135
2023-05-11 09:55:54,PK401C10800,PK401C10800,250.0,0.0,0.0,0.0,10,12.5,967.5,10,292.5,250.0,250.0,250.0,3.0,750.0,135
2023-05-11 09:55:54,PK401C10800,PK401C10800,250.0,0.0,0.0,0.0,1,14.0,966.0,1,292.5,250.0,250.0,250.0,3.0,750.0,135
2023-05-11 09:55:55,PK401C10800,PK401C10800,250.0,0.0,0.0,0.0,10,14.5,965.5,10,292.5,250.0,250.0,250.0,3.0,750.0,135
2023-05-11 09:55:55,PK401C10800,PK401C10800,250.0,0.0,0.0,0.0,1,16.0,964.0,1,292.5,250.0,250.0,250.0,3.0,750.0,135
2023-05-11 09:55:56,PK401C10800,PK401C10800,250.0,0.0,0.0,0.0,10,16.5,963.5,10,292.5,250.0,250.0,250.0,3.0,750.0,135
2023-05-11 09:55:56,PK401C10800,PK401C10800,250.0,0.0,0.0,0.0,1,18.0,962.0,1,292.5,250.0,250.0,250.0,3.0,750.0,135
2023-05-11 09:55:57,PK401C10800,PK401C10800,250.0,0.0,0.0,0.0,10,18.5,961.5,10,292.5,250.0,250.0,250.0,3.0,750.0,135
2023-05-11 10:00:46,PK401C10800,PK401C10800,250.0,0.0,0.0,0.0,6,253.0,278.0,6,292.5,250.0,250.0,250.0,3.0,750.0,135
2023-05-11 10:00:46,PK401C10800,PK401C10800,250.0,0.0,0.0,0.0,9,253.0,278.0,9,292.5,250.0,250.0,250.0,3.0,750.0,135
2023-05-11 10:00:46,PK401C10800,PK401C10800,250.0,0.0,0.0,0.0,12,253.0,278.0,12,292.5,250.0,250.0,250.0,3.0,750.0,135
2023-05-11 10:00:48,PK401C10800,PK401C10800,250.0,0.0,0.0,0.0,12,253.0,277.5,3,292.5,250.0,250.0,250.0,3.0,750.0,135
2023-05-11 10:00:48,PK401C10800,PK401C10800,250.0,0.0,0.0,0.0,18,253.0,277.5,6,292.5,250.0,250.0,250.0,3.0,750.0,135
2023-05-11 10:00:49,PK401C10800,PK401C10800,250.0,0.0,0.0,0.0,18,253.0,277.5,12,292.5,250.0,250.0,250.0,3.0,750.0,135
2023-05-11 10:00:52,PK401C10800,PK401C10800,250.0,0.0,0.0,0.0,21,253.0,262.0,3,292.5,250.0,250.0,250.0,3.0,750.0,135
2023-05-11 10:00:52,PK401C10800,PK401C10800,250.0,0.0,0.0,0.0,12,253.0,259.5,3,292.5,250.0,250.0,250.0,3.0,750.0,135
2023-05-11 10:00:53,PK401C10800,PK401C10800,250.0,0.0,0.0,0.0,18,253.0,259.5,9,292.5,250.0,250.0,250.0,3.0,750.0,135
2023-05-11 10:00:53,PK401C10800,PK401C10800,253.0,9.0,2274.0,3.0,9,253.0,259.5,9,292.5,250.0,253.0,250.0,12.0,3024.0,138
2023-05-11 10:00:55,PK401C10800,PK401C10800,253.0,0.0,0.0,0.0,12,253.0,259.5,12,292.5,250.0,253.0,250.0,12.0,3024.0,138
2023-05-11 10:00:57,PK401C10800,PK401C10800,253.0,0.0,0.0,0.0,12,253.0,259.5,15,292.5,250.0,253.0,250.0,12.0,3024.0,138
2023-05-11 10:01:03,PK401C10800,PK401C10800,253.0,0.0,0.0,0.0,12,253.0,259.5,12,292.5,250.0,253.0,250.0,12.0,3024.0,138
2023-05-11 10:01:05,PK401C10800,PK401C10800,253.0,0.0,0.0,0.0,6,253.0,259.5,6,292.5,250.0,253.0,250.0,12.0,3024.0,138
2023-05-11 10:01:05,PK401C10800,PK401C10800,253.0,0.0,0.0,0.0,3,250.5,259.5,3,292.5,250.0,253.0,250.0,12.0,3024.0,138
2023-05-11 10:01:08,PK401C10800,PK401C10800,253.0,0.0,0.0,0.0,5,220.5,974.0,1,292.5,250.0,253.0,250.0,12.0,3024.0,138
2023-05-11 10:01:08,PK401C10800,PK401C10800,253.0,0.0,0.0,0.0,5,220.5,973.5,10,292.5,250.0,253.0,250.0,12.0,3024.0,138
2023-05-11 10:01:55,PK401C10800,PK401C10800,253.0,0.0,0.0,0.0,3,251.5,276.5,3,292.5,250.0,253.0,250.0,12.0,3024.0,138
2023-05-11 10:01:55,PK401C10800,PK401C10800,253.0,0.0,0.0,0.0,9,251.5,276.5,9,292.5,250.0,253.0,250.0,12.0,3024.0,138
2023-05-11 10:01:56,PK401C10800,PK401C10800,253.0,0.0,0.0,0.0,12,251.5,276.5,12,292.5,250.0,253.0,250.0,12.0,3024.0,138
2023-05-11 10:01:57,PK401C10800,PK401C10800,253.0,0.0,0.0,0.0,12,251.5,276.0,3,292.5,250.0,253.0,250.0,12.0,3024.0,138
2023-05-11 10:01:58,PK401C10800,PK401C10800,253.0,0.0,0.0,0.0,18,251.5,276.0,9,292.5,250.0,253.0,250.0,12.0,3024.0,138
2023-05-11 10:02:00,PK401C10800,PK401C10800,251.5,12.0,3012.0,3.0,6,251.5,276.0,9,292.5,250.0,253.0,250.0,24.0,6036.0,141
2023-05-11 10:02:01,PK401C10800,PK401C10800,251.5,0.0,0.0,0.0,9,251.5,259.0,3,292.5,250.0,253.0,250.0,24.0,6036.0,141
2023-05-11 10:02:01,PK401C10800,PK401C10800,251.5,0.0,0.0,0.0,6,251.5,259.0,3,292.5,250.0,253.0,250.0,24.0,6036.0,141
2023-05-11 10:02:02,PK401C10800,PK401C10800,251.5,0.0,0.0,0.0,9,251.5,259.0,6,292.5,250.0,253.0,250.0,24.0,6036.0,141
2023-05-11 10:02:02,PK401C10800,PK401C10800,251.5,0.0,0.0,0.0,9,251.5,259.0,9,292.5,250.0,253.0,250.0,24.0,6036.0,141
2023-05-11 10:02:05,PK401C10800,PK401C10800,251.5,0.0,0.0,0.0,12,251.5,253.0,3,292.5,250.0,253.0,250.0,24.0,6036.0,141
2023-05-11 10:02:07,PK401C10800,PK401C10800,251.5,0.0,0.0,0.0,12,251.5,253.0,6,292.5,250.0,253.0,250.0,24.0,6036.0,141
2023-05-11 10:02:11,PK401C10800,PK401C10800,251.5,0.0,0.0,0.0,9,251.5,253.0,6,292.5,250.0,253.0,250.0,24.0,6036.0,141
2023-05-11 10:02:12,PK401C10800,PK401C10800,251.5,0.0,0.0,0.0,6,251.5,253.0,6,292.5,250.0,253.0,250.0,24.0,6036.0,141
2023-05-11 10:02:13,PK401C10800,PK401C10800,251.5,0.0,0.0,0.0,6,251.5,253.0,3,292.5,250.0,253.0,250.0,24.0,6036.0,141
2023-05-11 10:02:15,PK401C10800,PK401C10800,251.5,0.0,0.0,0.0,3,251.0,253.0,3,292.5,250.0,253.0,250.0,24.0,6036.0,141
2023-05-11 10:02:18,PK401C10800,PK401C10800,251.5,0.0,0.0,0.0,5,220.5,974.0,1,292.5,250.0,253.0,250.0,24.0,6036.0,141
2023-05-11 10:02:18,PK401C10800,PK401C10800,251.5,0.0,0.0,0.0,5,220.5,973.5,10,292.5,250.0,253.0,250.0,24.0,6036.0,141
2023-05-11 10:03:06,PK401C10800,PK401C10800,251.5,0.0,0.0,0.0,3,254.5,279.5,3,292.5,250.0,253.0,250.0,24.0,6036.0,141
2023-05-11 10:03:06,PK401C10800,PK401C10800,251.5,0.0,0.0,0.0,9,254.5,279.5,9,292.5,250.0,253.0,250.0,24.0,6036.0,141
2023-05-11 10:03:08,PK401C10800,PK401C10800,251.5,0.0,0.0,0.0,9,254.5,279.0,3,292.5,250.0,253.0,250.0,24.0,6036.0,141
2023-05-11 10:03:08,PK401C10800,PK401C10800,251.5,0.0,0.0,0.0,12,254.5,279.0,6,292.5,250.0,253.0,250.0,24.0,6036.0,141
2023-05-11 10:03:09,PK401C10800,PK401C10800,254.0,15.0,3811.5,0.0,5,220.5,279.5,3,292.5,250.0,254.5,250.0,39.0,9847.5,141
2023-05-11 10:03:12,PK401C10800,PK401C10800,254.0,0.0,0.0,0.0,3,244.0,265.5,3,292.5,250.0,254.5,250.0,39.0,9847.5,141
2023-05-11 10:03:12,PK401C10800,PK401C10800,254.0,0.0,0.0,0.0,3,244.0,262.5,3,292.5,250.0,254.5,250.0,39.0,9847.5,141
2023-05-11 10:03:13,PK401C10800,PK401C10800,254.0,0.0,0.0,0.0,6,244.0,256.5,3,292.5,250.0,254.5,250.0,39.0,9847.5,141
2023-05-11 10:03:16,PK401C10800,PK401C10800,254.0,0.0,0.0,0.0,9,244.0,256.5,6,292.5,250.0,254.5,250.0,39.0,9847.5,141
2023-05-11 10:03:18,PK401C10800,PK401C10800,254.0,0.0,0.0,0.0,12,244.0,256.5,9,292.5,250.0,254.5,250.0,39.0,9847.5,141
2023-05-11 10:03:23,PK401C10800,PK401C10800,254.0,0.0,0.0,0.0,9,244.0,256.5,9,292.5,250.0,254.5,250.0,39.0,9847.5,141
2023-05-11 10:03:24,PK401C10800,PK401C10800,254.0,0.0,0.0,0.0,9,244.0,256.5,6,292.5,250.0,254.5,250.0,39.0,9847.5,141
2023-05-11 10:03:26,PK401C10800,PK401C10800,254.0,0.0,0.0,0.0,3,244.0,256.5,6,292.5,250.0,254.5,250.0,39.0,9847.5,141
2023-05-11 10:03:28,PK401C10800,PK401C10800,254.0,0.0,0.0,0.0,3,244.0,256.5,3,292.5,250.0,254.5,250.0,39.0,9847.5,141
2023-05-11 10:03:28,PK401C10800,PK401C10800,254.0,0.0,0.0,0.0,5,220.5,974.0,1,292.5,250.0,254.5,250.0,39.0,9847.5,141
2023-05-11 10:03:28,PK401C10800,PK401C10800,254.0,0.0,0.0,0.0,5,220.5,973.5,10,292.5,250.0,254.5,250.0,39.0,9847.5,141
2023-05-11 10:03:30,PK401C10800,PK401C10800,254.0,0.0,0.0,0.0,5,220.5,973.0,1,292.5,250.0,254.5,250.0,39.0,9847.5,141
2023-05-11 10:03:30,PK401C10800,PK401C10800,254.0,0.0,0.0,0.0,5,220.5,972.5,10,292.5,250.0,254.5,250.0,39.0,9847.5,141
2023-05-11 10:03:32,PK401C10800,PK401C10800,254.0,0.0,0.0,0.0,5,220.5,972.0,1,292.5,250.0,254.5,250.0,39.0,9847.5,141
2023-05-11 10:03:32,PK401C10800,PK401C10800,254.0,0.0,0.0,0.0,5,220.5,971.5,10,292.5,250.0,254.5,250.0,39.0,9847.5,141
2023-05-11 10:03:34,PK401C10800,PK401C10800,254.0,0.0,0.0,0.0,5,220.5,971.0,1,292.5,250.0,254.5,250.0,39.0,9847.5,141
2023-05-11 10:03:34,PK401C10800,PK401C10800,254.0,0.0,0.0,0.0,5,220.5,970.5,10,292.5,250.0,254.5,250.0,39.0,9847.5,141
2023-05-11 10:14:33,PK401C10800,PK401C10800,254.0,0.0,0.0,0.0,5,220.5,971.0,1,292.5,250.0,254.5,250.0,39.0,9847.5,141
2023-05-11 10:31:48,PK401C10800,PK401C10800,254.0,0.0,0.0,0.0,5,220.5,970.5,10,292.5,250.0,254.5,250.0,39.0,9847.5,141
2023-05-11 10:31:49,PK401C10800,PK401C10800,254.0,0.0,0.0,0.0,5,220.5,969.0,1,292.5,250.0,254.5,250.0,39.0,9847.5,141
2023-05-11 10:34:47,PK401C10800,PK401C10800,254.0,0.0,0.0,0.0,5,220.5,968.5,10,292.5,250.0,254.5,250.0,39.0,9847.5,141
2023-05-11 10:34:48,PK401C10800,PK401C10800,254.0,0.0,0.0,0.0,5,220.5,967.0,1,292.5,250.0,254.5,250.0,39.0,9847.5,141
2023-05-11 10:34:48,PK401C10800,PK401C10800,254.0,0.0,0.0,0.0,5,220.5,966.5,10,292.5,250.0,254.5,250.0,39.0,9847.5,141
2023-05-11 10:34:51,PK401C10800,PK401C10800,254.0,0.0,0.0,0.0,5,220.5,965.0,1,292.5,250.0,254.5,250.0,39.0,9847.5,141
2023-05-11 10:36:53,PK401C10800,PK401C10800,254.0,0.0,0.0,0.0,5,220.5,964.5,10,292.5,250.0,254.5,250.0,39.0,9847.5,141
2023-05-11 10:36:54,PK401C10800,PK401C10800,254.0,0.0,0.0,0.0,5,220.5,963.0,1,292.5,250.0,254.5,250.0,39.0,9847.5,141
2023-05-11 10:36:54,PK401C10800,PK401C10800,254.0,0.0,0.0,0.0,5,220.5,962.5,10,292.5,250.0,254.5,250.0,39.0,9847.5,141
2023-05-11 10:36:55,PK401C10800,PK401C10800,254.0,0.0,0.0,0.0,5,220.5,961.0,1,292.5,250.0,254.5,250.0,39.0,9847.5,141
2023-05-11 10:36:55,PK401C10800,PK401C10800,254.0,0.0,0.0,0.0,5,220.5,960.5,10,292.5,250.0,254.5,250.0,39.0,9847.5,141
2023-05-11 10:36:56,PK401C10800,PK401C10800,254.0,0.0,0.0,0.0,5,220.5,959.0,1,292.5,250.0,254.5,250.0,39.0,9847.5,141
2023-05-11 10:36:56,PK401C10800,PK401C10800,254.0,0.0,0.0,0.0,5,220.5,958.5,10,292.5,250.0,254.5,250.0,39.0,9847.5,141
2023-05-11 10:36:58,PK401C10800,PK401C10800,254.0,0.0,0.0,0.0,5,220.5,957.0,1,292.5,250.0,254.5,250.0,39.0,9847.5,141
2023-05-11 10:36:58,PK401C10800,PK401C10800,254.0,0.0,0.0,0.0,5,220.5,956.5,10,292.5,250.0,254.5,250.0,39.0,9847.5,141
2023-05-11 10:36:59,PK401C10800,PK401C10800,254.0,0.0,0.0,0.0,5,220.5,955.0,1,292.5,250.0,254.5,250.0,39.0,9847.5,141
2023-05-11 10:36:59,PK401C10800,PK401C10800,254.0,0.0,0.0,0.0,5,220.5,954.5,10,292.5,250.0,254.5,250.0,39.0,9847.5,141
2023-05-11 10:37:00,PK401C10800,PK401C10800,254.0,0.0,0.0,0.0,5,220.5,953.0,1,292.5,250.0,254.5,250.0,39.0,9847.5,141
2023-05-11 10:37:00,PK401C10800,PK401C10800,254.0,0.0,0.0,0.0,5,220.5,952.5,10,292.5,250.0,254.5,250.0,39.0,9847.5,141
2023-05-11 10:39:08,PK401C10800,PK401C10800,254.0,0.0,0.0,0.0,6,255.0,280.0,6,292.5,250.0,254.5,250.0,39.0,9847.5,141
2023-05-11 10:39:08,PK401C10800,PK401C10800,254.0,0.0,0.0,0.0,12,255.0,280.0,12,292.5,250.0,254.5,250.0,39.0,9847.5,141
2023-05-11 10:39:09,PK401C10800,PK401C10800,254.0,0.0,0.0,0.0,12,255.0,279.5,3,292.5,250.0,254.5,250.0,39.0,9847.5,141
2023-05-11 10:39:10,PK401C10800,PK401C10800,254.0,0.0,0.0,0.0,15,255.0,279.5,6,292.5,250.0,254.5,250.0,39.0,9847.5,141
2023-05-11 10:39:10,PK401C10800,PK401C10800,254.0,0.0,0.0,0.0,18,255.0,279.5,6,292.5,250.0,254.5,250.0,39.0,9847.5,141
2023-05-11 10:39:14,PK401C10800,PK401C10800,254.0,0.0,0.0,0.0,21,255.0,279.5,9,292.5,250.0,254.5,250.0,39.0,9847.5,141
2023-05-11 10:39:14,PK401C10800,PK401C10800,254.0,0.0,0.0,0.0,15,255.0,266.5,6,292.5,250.0,254.5,250.0,39.0,9847.5,141
2023-05-11 10:39:14,PK401C10800,PK401C10800,254.0,0.0,0.0,0.0,15,255.0,263.0,6,292.5,250.0,254.5,250.0,39.0,9847.5,141
2023-05-11 10:39:15,PK401C10800,PK401C10800,254.0,0.0,0.0,0.0,18,255.0,263.0,12,292.5,250.0,254.5,250.0,39.0,9847.5,141
2023-05-11 10:39:18,PK401C10800,PK401C10800,255.0,9.0,2296.5,3.0,12,255.0,263.0,15,292.5,250.0,255.0,250.0,48.0,12144.0,144
2023-05-11 10:39:20,PK401C10800,PK401C10800,255.0,0.0,0.0,0.0,12,255.0,263.0,18,292.5,250.0,255.0,250.0,48.0,12144.0,144
2023-05-11 10:39:25,PK401C10800,PK401C10800,255.0,0.0,0.0,0.0,12,255.0,263.0,15,292.5,250.0,255.0,250.0,48.0,12144.0,144
2023-05-11 10:39:26,PK401C10800,PK401C10800,255.0,0.0,0.0,0.0,9,255.0,263.0,12,292.5,250.0,255.0,250.0,48.0,12144.0,144
2023-05-11 10:39:26,PK401C10800,PK401C10800,255.0,0.0,0.0,0.0,6,255.0,263.0,9,292.5,250.0,255.0,250.0,48.0,12144.0,144
2023-05-11 10:39:27,PK401C10800,PK401C10800,255.0,0.0,0.0,0.0,6,255.0,263.0,6,292.5,250.0,255.0,250.0,48.0,12144.0,144
2023-05-11 10:39:27,PK401C10800,PK401C10800,255.0,0.0,0.0,0.0,3,255.0,263.0,6,292.5,250.0,255.0,250.0,48.0,12144.0,144
2023-05-11 10:39:28,PK401C10800,PK401C10800,255.0,0.0,0.0,0.0,3,247.0,263.0,3,292.5,250.0,255.0,250.0,48.0,12144.0,144
2023-05-11 10:39:30,PK401C10800,PK401C10800,255.0,0.0,0.0,0.0,5,220.5,971.0,1,292.5,250.0,255.0,250.0,48.0,12144.0,144
2023-05-11 10:39:30,PK401C10800,PK401C10800,255.0,0.0,0.0,0.0,5,220.5,970.5,10,292.5,250.0,255.0,250.0,48.0,12144.0,144
2023-05-11 10:40:36,PK401C10800,PK401C10800,255.0,0.0,0.0,0.0,6,258.0,283.5,6,292.5,250.0,255.0,250.0,48.0,12144.0,144
2023-05-11 10:40:36,PK401C10800,PK401C10800,255.0,0.0,0.0,0.0,9,258.0,283.5,9,292.5,250.0,255.0,250.0,48.0,12144.0,144
2023-05-11 10:40:37,PK401C10800,PK401C10800,258.0,12.0,3096.0,3.0,3,232.5,283.5,3,292.5,250.0,258.0,250.0,60.0,15240.0,147
2023-05-11 10:40:38,PK401C10800,PK401C10800,258.0,0.0,0.0,0.0,3,259.5,283.5,3,292.5,250.0,258.0,250.0,60.0,15240.0,147
2023-05-11 10:40:42,PK401C10800,PK401C10800,258.0,0.0,0.0,0.0,6,259.5,283.5,6,292.5,250.0,258.0,250.0,60.0,15240.0,147
2023-05-11 10:40:42,PK401C10800,PK401C10800,258.0,0.0,0.0,0.0,6,259.5,267.0,3,292.5,250.0,258.0,250.0,60.0,15240.0,147
2023-05-11 10:40:42,PK401C10800,PK401C10800,258.0,0.0,0.0,0.0,6,259.5,264.0,3,292.5,250.0,258.0,250.0,60.0,15240.0,147
2023-05-11 10:40:43,PK401C10800,PK401C10800,258.0,0.0,0.0,0.0,9,259.5,264.0,3,292.5,250.0,258.0,250.0,60.0,15240.0,147
2023-05-11 10:40:46,PK401C10800,PK401C10800,258.0,0.0,0.0,0.0,12,259.5,264.0,9,292.5,250.0,258.0,250.0,60.0,15240.0,147
2023-05-11 10:40:48,PK401C10800,PK401C10800,258.0,0.0,0.0,0.0,12,259.5,264.0,12,292.5,250.0,258.0,250.0,60.0,15240.0,147
2023-05-11 10:40:50,PK401C10800,PK401C10800,258.0,0.0,0.0,0.0,9,259.5,264.0,12,292.5,250.0,258.0,250.0,60.0,15240.0,147
2023-05-11 10:40:53,PK401C10800,PK401C10800,258.0,0.0,0.0,0.0,6,259.5,264.0,12,292.5,250.0,258.0,250.0,60.0,15240.0,147
2023-05-11 10:40:54,PK401C10800,PK401C10800,259.5,3.0,762.0,0.0,3,259.5,264.0,9,292.5,250.0,259.5,250.0,63.0,16002.0,147
2023-05-11 10:40:56,PK401C10800,PK401C10800,259.5,0.0,0.0,0.0,3,248.5,264.0,6,292.5,250.0,259.5,250.0,63.0,16002.0,147
2023-05-11 10:40:57,PK401C10800,PK401C10800,259.5,0.0,0.0,0.0,3,248.5,264.0,3,292.5,250.0,259.5,250.0,63.0,16002.0,147
2023-05-11 10:40:58,PK401C10800,PK401C10800,259.5,0.0,0.0,0.0,5,220.5,971.0,1,292.5,250.0,259.5,250.0,63.0,16002.0,147
2023-05-11 10:40:58,PK401C10800,PK401C10800,259.5,0.0,0.0,0.0,5,220.5,970.5,10,292.5,250.0,259.5,250.0,63.0,16002.0,147
2023-05-11 10:40:59,PK401C10800,PK401C10800,259.5,0.0,0.0,0.0,5,220.5,970.0,1,292.5,250.0,259.5,250.0,63.0,16002.0,147
2023-05-11 10:40:59,PK401C10800,PK401C10800,259.5,0.0,0.0,0.0,5,220.5,969.5,10,292.5,250.0,259.5,250.0,63.0,16002.0,147
2023-05-11 10:41:00,PK401C10800,PK401C10800,259.5,0.0,0.0,0.0,5,220.5,969.0,1,292.5,250.0,259.5,250.0,63.0,16002.0,147
2023-05-11 10:41:48,PK401C10800,PK401C10800,259.5,0.0,0.0,0.0,5,220.5,968.5,10,292.5,250.0,259.5,250.0,63.0,16002.0,147
2023-05-11 10:45:50,PK401C10800,PK401C10800,259.5,0.0,0.0,0.0,6,256.5,282.0,6,292.5,250.0,259.5,250.0,63.0,16002.0,147
2023-05-11 10:45:50,PK401C10800,PK401C10800,259.5,0.0,0.0,0.0,9,256.5,282.0,9,292.5,250.0,259.5,250.0,63.0,16002.0,147
2023-05-11 10:45:52,PK401C10800,PK401C10800,259.5,0.0,0.0,0.0,3,257.5,282.0,12,292.5,250.0,259.5,250.0,63.0,16002.0,147
2023-05-11 10:45:53,PK401C10800,PK401C10800,259.5,0.0,0.0,0.0,3,257.5,282.0,15,292.5,250.0,259.5,250.0,63.0,16002.0,147
2023-05-11 10:45:56,PK401C10800,PK401C10800,259.5,0.0,0.0,0.0,6,257.5,263.5,3,292.5,250.0,259.5,250.0,63.0,16002.0,147
2023-05-11 10:45:56,PK401C10800,PK401C10800,259.5,0.0,0.0,0.0,9,257.5,263.5,6,292.5,250.0,259.5,250.0,63.0,16002.0,147
2023-05-11 10:45:57,PK401C10800,PK401C10800,257.5,3.0,795.0,3.0,9,257.5,263.5,12,292.5,250.0,259.5,250.0,66.0,16797.0,150
2023-05-11 10:46:00,PK401C10800,PK401C10800,257.5,0.0,0.0,0.0,12,257.5,263.5,15,292.5,250.0,259.5,250.0,66.0,16797.0,150
2023-05-11 10:46:03,PK401C10800,PK401C10800,257.5,0.0,0.0,0.0,15,257.5,263.5,18,292.5,250.0,259.5,250.0,66.0,16797.0,150
2023-05-11 10:46:07,PK401C10800,PK401C10800,257.5,0.0,0.0,0.0,12,257.5,263.5,15,292.5,250.0,259.5,250.0,66.0,16797.0,150
2023-05-11 10:46:08,PK401C10800,PK401C10800,257.5,0.0,0.0,0.0,9,257.5,263.5,12,292.5,250.0,259.5,250.0,66.0,16797.0,150
2023-05-11 10:46:09,PK401C10800,PK401C10800,257.5,0.0,0.0,0.0,9,257.5,263.5,9,292.5,250.0,259.5,250.0,66.0,16797.0,150
2023-05-11 10:46:10,PK401C10800,PK401C10800,257.5,0.0,0.0,0.0,3,257.5,263.5,3,292.5,250.0,259.5,250.0,66.0,16797.0,150
2023-05-11 10:46:14,PK401C10800,PK401C10800,257.5,0.0,0.0,0.0,5,220.5,968.5,10,292.5,250.0,259.5,250.0,66.0,16797.0,150
2023-05-11 10:55:51,PK401C10800,PK401C10800,257.5,0.0,0.0,0.0,5,220.5,967.0,1,292.5,250.0,259.5,250.0,66.0,16797.0,150
2023-05-11 10:55:51,PK401C10800,PK401C10800,257.5,0.0,0.0,0.0,5,220.5,966.5,10,292.5,250.0,259.5,250.0,66.0,16797.0,150
2023-05-11 10:55:52,PK401C10800,PK401C10800,257.5,0.0,0.0,0.0,5,220.5,965.0,1,292.5,250.0,259.5,250.0,66.0,16797.0,150
2023-05-11 10:56:17,PK401C10800,PK401C10800,257.5,0.0,0.0,0.0,5,220.5,964.5,10,292.5,250.0,259.5,250.0,66.0,16797.0,150
2023-05-11 10:56:17,PK401C10800,PK401C10800,257.5,0.0,0.0,0.0,5,220.5,963.0,1,292.5,250.0,259.5,250.0,66.0,16797.0,150
2023-05-11 10:56:18,PK401C10800,PK401C10800,257.5,0.0,0.0,0.0,5,220.5,962.5,10,292.5,250.0,259.5,250.0,66.0,16797.0,150
2023-05-11 10:56:20,PK401C10800,PK401C10800,257.5,0.0,0.0,0.0,5,220.5,961.0,1,292.5,250.0,259.5,250.0,66.0,16797.0,150
2023-05-11 10:56:21,PK401C10800,PK401C10800,257.5,0.0,0.0,0.0,5,220.5,960.5,10,292.5,250.0,259.5,250.0,66.0,16797.0,150
2023-05-11 10:56:21,PK401C10800,PK401C10800,257.5,0.0,0.0,0.0,5,220.5,959.0,1,292.5,250.0,259.5,250.0,66.0,16797.0,150
2023-05-11 10:57:17,PK401C10800,PK401C10800,257.5,0.0,0.0,0.0,5,220.5,958.5,10,292.5,250.0,259.5,250.0,66.0,16797.0,150
2023-05-11 10:57:17,PK401C10800,PK401C10800,257.5,0.0,0.0,0.0,5,220.5,957.0,1,292.5,250.0,259.5,250.0,66.0,16797.0,150
2023-05-11 10:57:17,PK401C10800,PK401C10800,257.5,0.0,0.0,0.0,5,220.5,956.5,10,292.5,250.0,259.5,250.0,66.0,16797.0,150
2023-05-11 10:57:18,PK401C10800,PK401C10800,257.5,0.0,0.0,0.0,5,220.5,955.0,1,292.5,250.0,259.5,250.0,66.0,16797.0,150
