time,symbol_id,symbol_name,last,trade_volume,trade_amount,open_interest_change,bv1,bp1,ap1,av1,yesterday_close,today_open,today_high,today_low,volume,amount,open_interest
2023-05-11 09:31:26,PK401P8900,PK401P8900,171.0,0.0,0.0,0.0,5,1.5,0.0,0,171.0,0.0,0.0,0.0,0.0,0.0,36
2023-05-11 09:31:27,PK401P8900,PK401P8900,171.0,0.0,0.0,0.0,10,3.5,877.0,10,171.0,0.0,0.0,0.0,0.0,0.0,36
2023-05-11 09:31:28,PK401P8900,PK401P8900,171.0,0.0,0.0,0.0,1,5.0,877.0,10,171.0,0.0,0.0,0.0,0.0,0.0,36
2023-05-11 09:31:29,PK401P8900,PK401P8900,171.0,0.0,0.0,0.0,10,5.5,875.5,1,171.0,0.0,0.0,0.0,0.0,0.0,36
2023-05-11 09:31:29,PK401P8900,PK401P8900,171.0,0.0,0.0,0.0,1,7.0,875.0,10,171.0,0.0,0.0,0.0,0.0,0.0,36
2023-05-11 09:31:30,PK401P8900,PK401P8900,171.0,0.0,0.0,0.0,10,7.5,875.0,10,171.0,0.0,0.0,0.0,0.0,0.0,36
2023-05-11 09:31:31,PK401P8900,PK401P8900,171.0,0.0,0.0,0.0,1,9.0,875.0,10,171.0,0.0,0.0,0.0,0.0,0.0,36
2023-05-11 09:31:32,PK401P8900,PK401P8900,171.0,0.0,0.0,0.0,10,9.5,873.5,1,171.0,0.0,0.0,0.0,0.0,0.0,36
2023-05-11 09:31:32,PK401P8900,PK401P8900,171.0,0.0,0.0,0.0,10,9.5,873.0,10,171.0,0.0,0.0,0.0,0.0,0.0,36
2023-05-11 09:31:33,PK401P8900,PK401P8900,171.0,0.0,0.0,0.0,1,11.0,871.5,1,171.0,0.0,0.0,0.0,0.0,0.0,36
2023-05-11 09:31:33,PK401P8900,PK401P8900,171.0,0.0,0.0,0.0,10,11.5,871.0,10,171.0,0.0,0.0,0.0,0.0,0.0,36
2023-05-11 09:31:36,PK401P8900,PK401P8900,171.0,0.0,0.0,0.0,1,13.0,869.5,1,171.0,0.0,0.0,0.0,0.0,0.0,36
2023-05-11 09:31:36,PK401P8900,PK401P8900,171.0,0.0,0.0,0.0,10,13.5,869.0,10,171.0,0.0,0.0,0.0,0.0,0.0,36
2023-05-11 09:31:37,PK401P8900,PK401P8900,171.0,0.0,0.0,0.0,1,15.0,867.5,1,171.0,0.0,0.0,0.0,0.0,0.0,36
2023-05-11 09:31:37,PK401P8900,PK401P8900,171.0,0.0,0.0,0.0,10,15.5,867.0,10,171.0,0.0,0.0,0.0,0.0,0.0,36
2023-05-11 09:31:38,PK401P8900,PK401P8900,171.0,0.0,0.0,0.0,1,17.0,865.5,1,171.0,0.0,0.0,0.0,0.0,0.0,36
2023-05-11 09:31:38,PK401P8900,PK401P8900,171.0,0.0,0.0,0.0,10,17.5,865.0,10,171.0,0.0,0.0,0.0,0.0,0.0,36
2023-05-11 09:31:39,PK401P8900,PK401P8900,171.0,0.0,0.0,0.0,1,19.0,863.5,1,171.0,0.0,0.0,0.0,0.0,0.0,36
2023-05-11 09:31:39,PK401P8900,PK401P8900,171.0,0.0,0.0,0.0,10,19.5,863.0,10,171.0,0.0,0.0,0.0,0.0,0.0,36
2023-05-11 09:31:41,PK401P8900,PK401P8900,171.0,0.0,0.0,0.0,1,21.0,861.5,1,171.0,0.0,0.0,0.0,0.0,0.0,36
2023-05-11 09:31:41,PK401P8900,PK401P8900,171.0,0.0,0.0,0.0,10,21.5,861.0,10,171.0,0.0,0.0,0.0,0.0,0.0,36
2023-05-11 09:31:42,PK401P8900,PK401P8900,171.0,0.0,0.0,0.0,1,23.0,859.5,1,171.0,0.0,0.0,0.0,0.0,0.0,36
2023-05-11 09:31:42,PK401P8900,PK401P8900,171.0,0.0,0.0,0.0,10,23.5,859.0,10,171.0,0.0,0.0,0.0,0.0,0.0,36
2023-05-11 09:31:43,PK401P8900,PK401P8900,171.0,0.0,0.0,0.0,1,25.0,857.5,1,171.0,0.0,0.0,0.0,0.0,0.0,36
2023-05-11 09:31:43,PK401P8900,PK401P8900,171.0,0.0,0.0,0.0,10,25.5,857.0,10,171.0,0.0,0.0,0.0,0.0,0.0,36
2023-05-11 09:31:44,PK401P8900,PK401P8900,171.0,0.0,0.0,0.0,1,27.0,855.5,1,171.0,0.0,0.0,0.0,0.0,0.0,36
2023-05-11 09:31:44,PK401P8900,PK401P8900,171.0,0.0,0.0,0.0,10,27.5,855.0,10,171.0,0.0,0.0,0.0,0.0,0.0,36
2023-05-11 09:31:45,PK401P8900,PK401P8900,171.0,0.0,0.0,0.0,1,29.0,855.0,10,171.0,0.0,0.0,0.0,0.0,0.0,36
2023-05-11 09:31:45,PK401P8900,PK401P8900,171.0,0.0,0.0,0.0,10,29.5,853.5,1,171.0,0.0,0.0,0.0,0.0,0.0,36
2023-05-11 09:31:46,PK401P8900,PK401P8900,171.0,0.0,0.0,0.0,1,31.0,853.0,10,171.0,0.0,0.0,0.0,0.0,0.0,36
2023-05-11 09:31:46,PK401P8900,PK401P8900,171.0,0.0,0.0,0.0,10,31.5,851.5,1,171.0,0.0,0.0,0.0,0.0,0.0,36
2023-05-11 09:31:47,PK401P8900,PK401P8900,171.0,0.0,0.0,0.0,1,33.0,851.5,1,171.0,0.0,0.0,0.0,0.0,0.0,36
2023-05-11 09:31:47,PK401P8900,PK401P8900,171.0,0.0,0.0,0.0,10,33.5,851.0,10,171.0,0.0,0.0,0.0,0.0,0.0,36
2023-05-11 09:31:48,PK401P8900,PK401P8900,171.0,0.0,0.0,0.0,1,35.0,849.5,1,171.0,0.0,0.0,0.0,0.0,0.0,36
2023-05-11 09:31:48,PK401P8900,PK401P8900,171.0,0.0,0.0,0.0,10,35.5,849.0,10,171.0,0.0,0.0,0.0,0.0,0.0,36
2023-05-11 09:31:49,PK401P8900,PK401P8900,171.0,0.0,0.0,0.0,1,37.0,847.5,1,171.0,0.0,0.0,0.0,0.0,0.0,36
2023-05-11 09:31:49,PK401P8900,PK401P8900,171.0,0.0,0.0,0.0,10,37.5,847.0,10,171.0,0.0,0.0,0.0,0.0,0.0,36
2023-05-11 09:31:50,PK401P8900,PK401P8900,171.0,0.0,0.0,0.0,1,39.0,845.5,1,171.0,0.0,0.0,0.0,0.0,0.0,36
2023-05-11 09:31:50,PK401P8900,PK401P8900,171.0,0.0,0.0,0.0,10,39.5,845.0,10,171.0,0.0,0.0,0.0,0.0,0.0,36
2023-05-11 09:31:51,PK401P8900,PK401P8900,171.0,0.0,0.0,0.0,1,41.0,843.5,1,171.0,0.0,0.0,0.0,0.0,0.0,36
2023-05-11 09:32:38,PK401P8900,PK401P8900,171.0,0.0,0.0,0.0,10,41.5,843.0,10,171.0,0.0,0.0,0.0,0.0,0.0,36
2023-05-11 09:32:38,PK401P8900,PK401P8900,171.0,0.0,0.0,0.0,1,43.0,841.5,1,171.0,0.0,0.0,0.0,0.0,0.0,36
2023-05-11 09:32:39,PK401P8900,PK401P8900,171.0,0.0,0.0,0.0,10,43.5,841.0,10,171.0,0.0,0.0,0.0,0.0,0.0,36
2023-05-11 09:32:41,PK401P8900,PK401P8900,171.0,0.0,0.0,0.0,1,45.0,839.5,1,171.0,0.0,0.0,0.0,0.0,0.0,36
2023-05-11 09:32:42,PK401P8900,PK401P8900,171.0,0.0,0.0,0.0,10,45.5,839.0,10,171.0,0.0,0.0,0.0,0.0,0.0,36
2023-05-11 09:32:43,PK401P8900,PK401P8900,171.0,0.0,0.0,0.0,1,47.0,837.5,1,171.0,0.0,0.0,0.0,0.0,0.0,36
2023-05-11 09:32:44,PK401P8900,PK401P8900,171.0,0.0,0.0,0.0,10,47.5,837.0,10,171.0,0.0,0.0,0.0,0.0,0.0,36
2023-05-11 09:32:46,PK401P8900,PK401P8900,171.0,0.0,0.0,0.0,1,49.0,835.5,1,171.0,0.0,0.0,0.0,0.0,0.0,36
2023-05-11 09:32:47,PK401P8900,PK401P8900,171.0,0.0,0.0,0.0,10,49.5,835.0,10,171.0,0.0,0.0,0.0,0.0,0.0,36
2023-05-11 09:32:48,PK401P8900,PK401P8900,171.0,0.0,0.0,0.0,1,51.0,833.5,1,171.0,0.0,0.0,0.0,0.0,0.0,36
2023-05-11 09:34:48,PK401P8900,PK401P8900,171.0,0.0,0.0,0.0,10,51.5,833.0,10,171.0,0.0,0.0,0.0,0.0,0.0,36
2023-05-11 09:34:48,PK401P8900,PK401P8900,171.0,0.0,0.0,0.0,1,53.0,831.5,1,171.0,0.0,0.0,0.0,0.0,0.0,36
2023-05-11 09:34:50,PK401P8900,PK401P8900,171.0,0.0,0.0,0.0,10,53.5,831.0,10,171.0,0.0,0.0,0.0,0.0,0.0,36
2023-05-11 09:34:51,PK401P8900,PK401P8900,171.0,0.0,0.0,0.0,1,55.0,829.5,1,171.0,0.0,0.0,0.0,0.0,0.0,36
2023-05-11 09:34:51,PK401P8900,PK401P8900,171.0,0.0,0.0,0.0,10,55.5,829.0,10,171.0,0.0,0.0,0.0,0.0,0.0,36
2023-05-11 09:34:52,PK401P8900,PK401P8900,171.0,0.0,0.0,0.0,1,57.0,827.5,1,171.0,0.0,0.0,0.0,0.0,0.0,36
2023-05-11 09:34:52,PK401P8900,PK401P8900,171.0,0.0,0.0,0.0,10,57.5,827.0,10,171.0,0.0,0.0,0.0,0.0,0.0,36
2023-05-11 09:34:53,PK401P8900,PK401P8900,171.0,0.0,0.0,0.0,1,59.0,825.5,1,171.0,0.0,0.0,0.0,0.0,0.0,36
2023-05-11 09:34:53,PK401P8900,PK401P8900,171.0,0.0,0.0,0.0,10,59.5,825.0,10,171.0,0.0,0.0,0.0,0.0,0.0,36
2023-05-11 09:34:55,PK401P8900,PK401P8900,171.0,0.0,0.0,0.0,1,61.0,823.5,1,171.0,0.0,0.0,0.0,0.0,0.0,36
2023-05-11 09:34:55,PK401P8900,PK401P8900,171.0,0.0,0.0,0.0,10,61.5,823.0,10,171.0,0.0,0.0,0.0,0.0,0.0,36
2023-05-11 09:34:56,PK401P8900,PK401P8900,171.0,0.0,0.0,0.0,1,63.0,821.5,1,171.0,0.0,0.0,0.0,0.0,0.0,36
2023-05-11 09:34:56,PK401P8900,PK401P8900,171.0,0.0,0.0,0.0,10,63.5,821.0,10,171.0,0.0,0.0,0.0,0.0,0.0,36
2023-05-11 09:34:57,PK401P8900,PK401P8900,171.0,0.0,0.0,0.0,10,63.5,819.5,1,171.0,0.0,0.0,0.0,0.0,0.0,36
2023-05-11 09:34:57,PK401P8900,PK401P8900,171.0,0.0,0.0,0.0,10,63.5,819.0,10,171.0,0.0,0.0,0.0,0.0,0.0,36
2023-05-11 09:34:58,PK401P8900,PK401P8900,171.0,0.0,0.0,0.0,10,63.5,817.5,1,171.0,0.0,0.0,0.0,0.0,0.0,36
2023-05-11 09:34:58,PK401P8900,PK401P8900,171.0,0.0,0.0,0.0,10,63.5,817.0,10,171.0,0.0,0.0,0.0,0.0,0.0,36
2023-05-11 09:34:59,PK401P8900,PK401P8900,171.0,0.0,0.0,0.0,10,63.5,815.5,1,171.0,0.0,0.0,0.0,0.0,0.0,36
2023-05-11 09:34:59,PK401P8900,PK401P8900,171.0,0.0,0.0,0.0,10,63.5,815.0,10,171.0,0.0,0.0,0.0,0.0,0.0,36
2023-05-11 09:35:00,PK401P8900,PK401P8900,171.0,0.0,0.0,0.0,10,63.5,813.5,1,171.0,0.0,0.0,0.0,0.0,0.0,36
2023-05-11 09:35:00,PK401P8900,PK401P8900,171.0,0.0,0.0,0.0,10,63.5,813.0,10,171.0,0.0,0.0,0.0,0.0,0.0,36
2023-05-11 09:35:01,PK401P8900,PK401P8900,171.0,0.0,0.0,0.0,10,63.5,811.5,1,171.0,0.0,0.0,0.0,0.0,0.0,36
2023-05-11 09:35:01,PK401P8900,PK401P8900,171.0,0.0,0.0,0.0,10,63.5,811.0,10,171.0,0.0,0.0,0.0,0.0,0.0,36
2023-05-11 09:35:02,PK401P8900,PK401P8900,171.0,0.0,0.0,0.0,10,63.5,809.5,1,171.0,0.0,0.0,0.0,0.0,0.0,36
2023-05-11 09:35:02,PK401P8900,PK401P8900,171.0,0.0,0.0,0.0,10,63.5,809.0,10,171.0,0.0,0.0,0.0,0.0,0.0,36
2023-05-11 09:35:04,PK401P8900,PK401P8900,171.0,0.0,0.0,0.0,10,63.5,807.5,1,171.0,0.0,0.0,0.0,0.0,0.0,36
2023-05-11 09:35:04,PK401P8900,PK401P8900,171.0,0.0,0.0,0.0,10,63.5,807.0,10,171.0,0.0,0.0,0.0,0.0,0.0,36
2023-05-11 09:35:05,PK401P8900,PK401P8900,171.0,0.0,0.0,0.0,10,63.5,805.5,1,171.0,0.0,0.0,0.0,0.0,0.0,36
2023-05-11 09:35:49,PK401P8900,PK401P8900,171.0,0.0,0.0,0.0,10,63.5,805.0,10,171.0,0.0,0.0,0.0,0.0,0.0,36
2023-05-11 09:35:49,PK401P8900,PK401P8900,171.0,0.0,0.0,0.0,1,65.0,803.5,1,171.0,0.0,0.0,0.0,0.0,0.0,36
2023-05-11 09:35:50,PK401P8900,PK401P8900,171.0,0.0,0.0,0.0,10,65.5,803.0,10,171.0,0.0,0.0,0.0,0.0,0.0,36
2023-05-11 09:35:52,PK401P8900,PK401P8900,171.0,0.0,0.0,0.0,10,65.5,801.5,1,171.0,0.0,0.0,0.0,0.0,0.0,36
2023-05-11 09:35:53,PK401P8900,PK401P8900,171.0,0.0,0.0,0.0,10,65.5,801.0,10,171.0,0.0,0.0,0.0,0.0,0.0,36
2023-05-11 09:35:55,PK401P8900,PK401P8900,171.0,0.0,0.0,0.0,10,65.5,799.5,1,171.0,0.0,0.0,0.0,0.0,0.0,36
2023-05-11 09:35:56,PK401P8900,PK401P8900,171.0,0.0,0.0,0.0,10,65.5,799.0,10,171.0,0.0,0.0,0.0,0.0,0.0,36
2023-05-11 09:35:56,PK401P8900,PK401P8900,171.0,0.0,0.0,0.0,10,65.5,797.5,1,171.0,0.0,0.0,0.0,0.0,0.0,36
2023-05-11 09:36:33,PK401P8900,PK401P8900,171.0,0.0,0.0,0.0,10,65.5,797.0,10,171.0,0.0,0.0,0.0,0.0,0.0,36
2023-05-11 09:36:33,PK401P8900,PK401P8900,171.0,0.0,0.0,0.0,1,67.0,795.5,1,171.0,0.0,0.0,0.0,0.0,0.0,36
2023-05-11 09:36:36,PK401P8900,PK401P8900,171.0,0.0,0.0,0.0,10,67.5,795.0,10,171.0,0.0,0.0,0.0,0.0,0.0,36
2023-05-11 09:36:40,PK401P8900,PK401P8900,171.0,0.0,0.0,0.0,10,67.5,793.5,1,171.0,0.0,0.0,0.0,0.0,0.0,36
2023-05-11 09:36:40,PK401P8900,PK401P8900,171.0,0.0,0.0,0.0,10,67.5,793.0,10,171.0,0.0,0.0,0.0,0.0,0.0,36
2023-05-11 09:36:41,PK401P8900,PK401P8900,171.0,0.0,0.0,0.0,10,67.5,791.5,1,171.0,0.0,0.0,0.0,0.0,0.0,36
2023-05-11 09:36:42,PK401P8900,PK401P8900,171.0,0.0,0.0,0.0,10,67.5,791.0,10,171.0,0.0,0.0,0.0,0.0,0.0,36
2023-05-11 09:36:42,PK401P8900,PK401P8900,171.0,0.0,0.0,0.0,10,67.5,789.5,1,171.0,0.0,0.0,0.0,0.0,0.0,36
2023-05-11 09:36:43,PK401P8900,PK401P8900,171.0,0.0,0.0,0.0,10,67.5,789.0,10,171.0,0.0,0.0,0.0,0.0,0.0,36
2023-05-11 09:36:45,PK401P8900,PK401P8900,171.0,0.0,0.0,0.0,10,67.5,787.5,1,171.0,0.0,0.0,0.0,0.0,0.0,36
2023-05-11 09:36:46,PK401P8900,PK401P8900,171.0,0.0,0.0,0.0,10,67.5,787.0,10,171.0,0.0,0.0,0.0,0.0,0.0,36
2023-05-11 09:36:46,PK401P8900,PK401P8900,171.0,0.0,0.0,0.0,10,67.5,785.5,1,171.0,0.0,0.0,0.0,0.0,0.0,36
2023-05-11 09:36:47,PK401P8900,PK401P8900,171.0,0.0,0.0,0.0,10,67.5,785.0,10,171.0,0.0,0.0,0.0,0.0,0.0,36
2023-05-11 09:36:47,PK401P8900,PK401P8900,171.0,0.0,0.0,0.0,10,67.5,783.5,1,171.0,0.0,0.0,0.0,0.0,0.0,36
2023-05-11 09:38:22,PK401P8900,PK401P8900,171.0,0.0,0.0,0.0,10,67.5,783.0,10,171.0,0.0,0.0,0.0,0.0,0.0,36
2023-05-11 09:38:22,PK401P8900,PK401P8900,171.0,0.0,0.0,0.0,1,69.0,781.5,1,171.0,0.0,0.0,0.0,0.0,0.0,36
2023-05-11 09:38:44,PK401P8900,PK401P8900,171.0,0.0,0.0,0.0,10,69.5,781.0,10,171.0,0.0,0.0,0.0,0.0,0.0,36
2023-05-11 09:38:44,PK401P8900,PK401P8900,171.0,0.0,0.0,0.0,10,69.5,779.5,1,171.0,0.0,0.0,0.0,0.0,0.0,36
2023-05-11 09:38:45,PK401P8900,PK401P8900,171.0,0.0,0.0,0.0,10,69.5,779.0,10,171.0,0.0,0.0,0.0,0.0,0.0,36
2023-05-11 09:38:47,PK401P8900,PK401P8900,171.0,0.0,0.0,0.0,10,69.5,777.5,1,171.0,0.0,0.0,0.0,0.0,0.0,36
2023-05-11 09:38:48,PK401P8900,PK401P8900,171.0,0.0,0.0,0.0,10,69.5,777.0,10,171.0,0.0,0.0,0.0,0.0,0.0,36
2023-05-11 09:38:48,PK401P8900,PK401P8900,171.0,0.0,0.0,0.0,10,69.5,775.5,1,171.0,0.0,0.0,0.0,0.0,0.0,36
2023-05-11 09:39:31,PK401P8900,PK401P8900,171.0,0.0,0.0,0.0,10,69.5,775.0,10,171.0,0.0,0.0,0.0,0.0,0.0,36
2023-05-11 09:39:31,PK401P8900,PK401P8900,171.0,0.0,0.0,0.0,10,69.5,773.5,1,171.0,0.0,0.0,0.0,0.0,0.0,36
2023-05-11 09:39:31,PK401P8900,PK401P8900,171.0,0.0,0.0,0.0,10,69.5,775.0,10,171.0,0.0,0.0,0.0,0.0,0.0,36
2023-05-11 09:39:31,PK401P8900,PK401P8900,171.0,0.0,0.0,0.0,10,69.5,773.5,1,171.0,0.0,0.0,0.0,0.0,0.0,36
2023-05-11 09:39:36,PK401P8900,PK401P8900,171.0,0.0,0.0,0.0,10,69.5,773.0,10,171.0,0.0,0.0,0.0,0.0,0.0,36
2023-05-11 09:39:36,PK401P8900,PK401P8900,171.0,0.0,0.0,0.0,10,69.5,771.5,1,171.0,0.0,0.0,0.0,0.0,0.0,36
2023-05-11 09:40:29,PK401P8900,PK401P8900,171.0,0.0,0.0,0.0,10,69.5,771.0,10,171.0,0.0,0.0,0.0,0.0,0.0,36
2023-05-11 09:40:30,PK401P8900,PK401P8900,171.0,0.0,0.0,0.0,10,69.5,769.5,1,171.0,0.0,0.0,0.0,0.0,0.0,36
2023-05-11 09:40:30,PK401P8900,PK401P8900,171.0,0.0,0.0,0.0,10,69.5,769.0,10,171.0,0.0,0.0,0.0,0.0,0.0,36
2023-05-11 09:40:32,PK401P8900,PK401P8900,171.0,0.0,0.0,0.0,10,69.5,767.5,1,171.0,0.0,0.0,0.0,0.0,0.0,36
2023-05-11 09:40:33,PK401P8900,PK401P8900,171.0,0.0,0.0,0.0,10,69.5,767.0,10,171.0,0.0,0.0,0.0,0.0,0.0,36
2023-05-11 09:40:34,PK401P8900,PK401P8900,171.0,0.0,0.0,0.0,10,69.5,765.5,1,171.0,0.0,0.0,0.0,0.0,0.0,36
2023-05-11 09:40:34,PK401P8900,PK401P8900,171.0,0.0,0.0,0.0,10,69.5,765.0,10,171.0,0.0,0.0,0.0,0.0,0.0,36
2023-05-11 09:40:36,PK401P8900,PK401P8900,171.0,0.0,0.0,0.0,10,69.5,763.5,1,171.0,0.0,0.0,0.0,0.0,0.0,36
2023-05-11 09:41:18,PK401P8900,PK401P8900,171.0,0.0,0.0,0.0,10,69.5,763.0,10,171.0,0.0,0.0,0.0,0.0,0.0,36
2023-05-11 09:41:18,PK401P8900,PK401P8900,171.0,0.0,0.0,0.0,10,71.5,761.0,10,171.0,0.0,0.0,0.0,0.0,0.0,36
2023-05-11 09:41:21,PK401P8900,PK401P8900,171.0,0.0,0.0,0.0,10,71.5,759.5,1,171.0,0.0,0.0,0.0,0.0,0.0,36
2023-05-11 09:41:21,PK401P8900,PK401P8900,171.0,0.0,0.0,0.0,10,71.5,759.0,10,171.0,0.0,0.0,0.0,0.0,0.0,36
2023-05-11 09:41:22,PK401P8900,PK401P8900,171.0,0.0,0.0,0.0,10,71.5,757.5,1,171.0,0.0,0.0,0.0,0.0,0.0,36
2023-05-11 09:41:22,PK401P8900,PK401P8900,171.0,0.0,0.0,0.0,10,71.5,757.0,10,171.0,0.0,0.0,0.0,0.0,0.0,36
2023-05-11 09:41:23,PK401P8900,PK401P8900,171.0,0.0,0.0,0.0,10,71.5,755.5,1,171.0,0.0,0.0,0.0,0.0,0.0,36
2023-05-11 09:41:24,PK401P8900,PK401P8900,171.0,0.0,0.0,0.0,10,71.5,755.0,10,171.0,0.0,0.0,0.0,0.0,0.0,36
2023-05-11 09:41:25,PK401P8900,PK401P8900,171.0,0.0,0.0,0.0,10,71.5,753.5,1,171.0,0.0,0.0,0.0,0.0,0.0,36
2023-05-11 09:41:25,PK401P8900,PK401P8900,171.0,0.0,0.0,0.0,10,71.5,753.0,10,171.0,0.0,0.0,0.0,0.0,0.0,36
2023-05-11 09:41:25,PK401P8900,PK401P8900,171.0,0.0,0.0,0.0,10,71.5,751.5,1,171.0,0.0,0.0,0.0,0.0,0.0,36
2023-05-11 09:41:26,PK401P8900,PK401P8900,171.0,0.0,0.0,0.0,10,71.5,751.0,10,171.0,0.0,0.0,0.0,0.0,0.0,36
2023-05-11 09:41:27,PK401P8900,PK401P8900,171.0,0.0,0.0,0.0,10,71.5,749.5,1,171.0,0.0,0.0,0.0,0.0,0.0,36
2023-05-11 09:41:44,PK401P8900,PK401P8900,171.0,0.0,0.0,0.0,10,71.5,749.0,10,171.0,0.0,0.0,0.0,0.0,0.0,36
2023-05-11 09:41:44,PK401P8900,PK401P8900,171.0,0.0,0.0,0.0,10,71.5,747.5,1,171.0,0.0,0.0,0.0,0.0,0.0,36
2023-05-11 09:41:44,PK401P8900,PK401P8900,171.0,0.0,0.0,0.0,10,71.5,747.0,10,171.0,0.0,0.0,0.0,0.0,0.0,36
2023-05-11 09:41:45,PK401P8900,PK401P8900,171.0,0.0,0.0,0.0,10,71.5,745.5,1,171.0,0.0,0.0,0.0,0.0,0.0,36
2023-05-11 09:41:45,PK401P8900,PK401P8900,171.0,0.0,0.0,0.0,10,71.5,745.0,10,171.0,0.0,0.0,0.0,0.0,0.0,36
2023-05-11 09:41:46,PK401P8900,PK401P8900,171.0,0.0,0.0,0.0,10,71.5,743.5,1,171.0,0.0,0.0,0.0,0.0,0.0,36
2023-05-11 09:41:46,PK401P8900,PK401P8900,171.0,0.0,0.0,0.0,10,71.5,743.0,10,171.0,0.0,0.0,0.0,0.0,0.0,36
2023-05-11 09:41:49,PK401P8900,PK401P8900,171.0,0.0,0.0,0.0,10,71.5,741.5,1,171.0,0.0,0.0,0.0,0.0,0.0,36
2023-05-11 09:41:50,PK401P8900,PK401P8900,171.0,0.0,0.0,0.0,10,71.5,741.0,10,171.0,0.0,0.0,0.0,0.0,0.0,36
2023-05-11 09:41:50,PK401P8900,PK401P8900,171.0,0.0,0.0,0.0,10,71.5,739.5,1,171.0,0.0,0.0,0.0,0.0,0.0,36
2023-05-11 09:41:50,PK401P8900,PK401P8900,171.0,0.0,0.0,0.0,10,71.5,739.0,10,171.0,0.0,0.0,0.0,0.0,0.0,36
2023-05-11 09:41:53,PK401P8900,PK401P8900,171.0,0.0,0.0,0.0,10,71.5,737.5,1,171.0,0.0,0.0,0.0,0.0,0.0,36
2023-05-11 09:41:54,PK401P8900,PK401P8900,171.0,0.0,0.0,0.0,10,71.5,737.0,10,171.0,0.0,0.0,0.0,0.0,0.0,36
2023-05-11 09:41:54,PK401P8900,PK401P8900,171.0,0.0,0.0,0.0,10,71.5,735.5,1,171.0,0.0,0.0,0.0,0.0,0.0,36
2023-05-11 09:41:55,PK401P8900,PK401P8900,171.0,0.0,0.0,0.0,10,71.5,735.0,10,171.0,0.0,0.0,0.0,0.0,0.0,36
2023-05-11 09:41:56,PK401P8900,PK401P8900,171.0,0.0,0.0,0.0,10,71.5,733.5,1,171.0,0.0,0.0,0.0,0.0,0.0,36
2023-05-11 09:41:57,PK401P8900,PK401P8900,171.0,0.0,0.0,0.0,10,71.5,733.0,10,171.0,0.0,0.0,0.0,0.0,0.0,36
2023-05-11 09:41:59,PK401P8900,PK401P8900,171.0,0.0,0.0,0.0,10,71.5,731.5,1,171.0,0.0,0.0,0.0,0.0,0.0,36
2023-05-11 09:41:59,PK401P8900,PK401P8900,171.0,0.0,0.0,0.0,10,71.5,731.0,10,171.0,0.0,0.0,0.0,0.0,0.0,36
2023-05-11 09:42:02,PK401P8900,PK401P8900,171.0,0.0,0.0,0.0,10,71.5,729.5,1,171.0,0.0,0.0,0.0,0.0,0.0,36
2023-05-11 09:43:37,PK401P8900,PK401P8900,171.0,0.0,0.0,0.0,10,71.5,729.0,10,171.0,0.0,0.0,0.0,0.0,0.0,36
2023-05-11 09:43:38,PK401P8900,PK401P8900,171.0,0.0,0.0,0.0,10,71.5,727.5,1,171.0,0.0,0.0,0.0,0.0,0.0,36
2023-05-11 09:43:38,PK401P8900,PK401P8900,171.0,0.0,0.0,0.0,10,71.5,727.0,10,171.0,0.0,0.0,0.0,0.0,0.0,36
2023-05-11 09:43:43,PK401P8900,PK401P8900,171.0,0.0,0.0,0.0,10,71.5,725.5,1,171.0,0.0,0.0,0.0,0.0,0.0,36
2023-05-11 09:43:43,PK401P8900,PK401P8900,171.0,0.0,0.0,0.0,10,71.5,725.0,10,171.0,0.0,0.0,0.0,0.0,0.0,36
2023-05-11 09:43:48,PK401P8900,PK401P8900,171.0,0.0,0.0,0.0,10,71.5,723.5,1,171.0,0.0,0.0,0.0,0.0,0.0,36
2023-05-11 09:43:48,PK401P8900,PK401P8900,171.0,0.0,0.0,0.0,10,71.5,723.0,10,171.0,0.0,0.0,0.0,0.0,0.0,36
2023-05-11 09:43:49,PK401P8900,PK401P8900,171.0,0.0,0.0,0.0,10,71.5,721.5,1,171.0,0.0,0.0,0.0,0.0,0.0,36
2023-05-11 09:43:49,PK401P8900,PK401P8900,171.0,0.0,0.0,0.0,10,71.5,721.0,10,171.0,0.0,0.0,0.0,0.0,0.0,36
2023-05-11 09:43:49,PK401P8900,PK401P8900,171.0,0.0,0.0,0.0,10,71.5,719.5,1,171.0,0.0,0.0,0.0,0.0,0.0,36
2023-05-11 09:43:50,PK401P8900,PK401P8900,171.0,0.0,0.0,0.0,10,71.5,719.0,10,171.0,0.0,0.0,0.0,0.0,0.0,36
2023-05-11 09:43:51,PK401P8900,PK401P8900,171.0,0.0,0.0,0.0,10,71.5,717.5,1,171.0,0.0,0.0,0.0,0.0,0.0,36
2023-05-11 09:43:51,PK401P8900,PK401P8900,171.0,0.0,0.0,0.0,10,71.5,717.0,10,171.0,0.0,0.0,0.0,0.0,0.0,36
2023-05-11 09:43:53,PK401P8900,PK401P8900,171.0,0.0,0.0,0.0,10,71.5,715.5,1,171.0,0.0,0.0,0.0,0.0,0.0,36
2023-05-11 09:43:53,PK401P8900,PK401P8900,171.0,0.0,0.0,0.0,10,71.5,715.0,10,171.0,0.0,0.0,0.0,0.0,0.0,36
2023-05-11 09:43:54,PK401P8900,PK401P8900,171.0,0.0,0.0,0.0,10,71.5,713.5,1,171.0,0.0,0.0,0.0,0.0,0.0,36
2023-05-11 09:43:55,PK401P8900,PK401P8900,171.0,0.0,0.0,0.0,1,73.0,713.0,10,171.0,0.0,0.0,0.0,0.0,0.0,36
2023-05-11 09:43:55,PK401P8900,PK401P8900,171.0,0.0,0.0,0.0,10,73.5,711.5,1,171.0,0.0,0.0,0.0,0.0,0.0,36
2023-05-11 09:43:56,PK401P8900,PK401P8900,171.0,0.0,0.0,0.0,10,73.5,711.0,10,171.0,0.0,0.0,0.0,0.0,0.0,36
2023-05-11 09:43:57,PK401P8900,PK401P8900,171.0,0.0,0.0,0.0,10,73.5,709.5,1,171.0,0.0,0.0,0.0,0.0,0.0,36
2023-05-11 09:43:57,PK401P8900,PK401P8900,171.0,0.0,0.0,0.0,10,73.5,709.0,10,171.0,0.0,0.0,0.0,0.0,0.0,36
2023-05-11 09:43:58,PK401P8900,PK401P8900,171.0,0.0,0.0,0.0,10,73.5,707.5,1,171.0,0.0,0.0,0.0,0.0,0.0,36
2023-05-11 09:43:59,PK401P8900,PK401P8900,171.0,0.0,0.0,0.0,10,73.5,707.0,10,171.0,0.0,0.0,0.0,0.0,0.0,36
2023-05-11 09:44:00,PK401P8900,PK401P8900,171.0,0.0,0.0,0.0,10,73.5,705.5,1,171.0,0.0,0.0,0.0,0.0,0.0,36
2023-05-11 09:44:00,PK401P8900,PK401P8900,171.0,0.0,0.0,0.0,10,73.5,705.0,10,171.0,0.0,0.0,0.0,0.0,0.0,36
2023-05-11 09:44:00,PK401P8900,PK401P8900,171.0,0.0,0.0,0.0,10,73.5,703.5,1,171.0,0.0,0.0,0.0,0.0,0.0,36
2023-05-11 09:44:01,PK401P8900,PK401P8900,171.0,0.0,0.0,0.0,10,73.5,703.0,10,171.0,0.0,0.0,0.0,0.0,0.0,36
2023-05-11 09:44:02,PK401P8900,PK401P8900,171.0,0.0,0.0,0.0,10,73.5,701.5,1,171.0,0.0,0.0,0.0,0.0,0.0,36
2023-05-11 09:44:02,PK401P8900,PK401P8900,171.0,0.0,0.0,0.0,10,73.5,701.0,10,171.0,0.0,0.0,0.0,0.0,0.0,36
2023-05-11 09:44:03,PK401P8900,PK401P8900,171.0,0.0,0.0,0.0,10,73.5,699.5,1,171.0,0.0,0.0,0.0,0.0,0.0,36
2023-05-11 09:44:03,PK401P8900,PK401P8900,171.0,0.0,0.0,0.0,10,73.5,699.0,10,171.0,0.0,0.0,0.0,0.0,0.0,36
2023-05-11 09:44:05,PK401P8900,PK401P8900,171.0,0.0,0.0,0.0,10,73.5,697.5,1,171.0,0.0,0.0,0.0,0.0,0.0,36
2023-05-11 09:44:05,PK401P8900,PK401P8900,171.0,0.0,0.0,0.0,10,73.5,697.0,10,171.0,0.0,0.0,0.0,0.0,0.0,36
2023-05-11 09:44:06,PK401P8900,PK401P8900,171.0,0.0,0.0,0.0,10,73.5,695.5,1,171.0,0.0,0.0,0.0,0.0,0.0,36
2023-05-11 09:44:06,PK401P8900,PK401P8900,171.0,0.0,0.0,0.0,10,73.5,695.0,10,171.0,0.0,0.0,0.0,0.0,0.0,36
2023-05-11 09:44:07,PK401P8900,PK401P8900,171.0,0.0,0.0,0.0,10,73.5,693.5,1,171.0,0.0,0.0,0.0,0.0,0.0,36
2023-05-11 09:44:08,PK401P8900,PK401P8900,171.0,0.0,0.0,0.0,10,73.5,693.0,10,171.0,0.0,0.0,0.0,0.0,0.0,36
2023-05-11 09:44:08,PK401P8900,PK401P8900,171.0,0.0,0.0,0.0,10,73.5,691.5,1,171.0,0.0,0.0,0.0,0.0,0.0,36
2023-05-11 09:44:09,PK401P8900,PK401P8900,171.0,0.0,0.0,0.0,10,73.5,691.0,10,171.0,0.0,0.0,0.0,0.0,0.0,36
2023-05-11 09:44:09,PK401P8900,PK401P8900,171.0,0.0,0.0,0.0,10,73.5,689.5,1,171.0,0.0,0.0,0.0,0.0,0.0,36
2023-05-11 09:44:10,PK401P8900,PK401P8900,171.0,0.0,0.0,0.0,10,73.5,689.0,10,171.0,0.0,0.0,0.0,0.0,0.0,36
2023-05-11 09:44:10,PK401P8900,PK401P8900,171.0,0.0,0.0,0.0,10,73.5,687.5,1,171.0,0.0,0.0,0.0,0.0,0.0,36
2023-05-11 09:44:11,PK401P8900,PK401P8900,171.0,0.0,0.0,0.0,10,73.5,687.0,10,171.0,0.0,0.0,0.0,0.0,0.0,36
2023-05-11 09:44:11,PK401P8900,PK401P8900,171.0,0.0,0.0,0.0,10,73.5,685.5,1,171.0,0.0,0.0,0.0,0.0,0.0,36
2023-05-11 09:44:12,PK401P8900,PK401P8900,171.0,0.0,0.0,0.0,10,73.5,685.0,10,171.0,0.0,0.0,0.0,0.0,0.0,36
2023-05-11 09:44:12,PK401P8900,PK401P8900,171.0,0.0,0.0,0.0,10,73.5,683.5,1,171.0,0.0,0.0,0.0,0.0,0.0,36
2023-05-11 09:44:13,PK401P8900,PK401P8900,171.0,0.0,0.0,0.0,10,73.5,683.0,10,171.0,0.0,0.0,0.0,0.0,0.0,36
2023-05-11 09:44:13,PK401P8900,PK401P8900,171.0,0.0,0.0,0.0,10,73.5,681.5,1,171.0,0.0,0.0,0.0,0.0,0.0,36
2023-05-11 09:44:14,PK401P8900,PK401P8900,171.0,0.0,0.0,0.0,10,73.5,681.0,10,171.0,0.0,0.0,0.0,0.0,0.0,36
2023-05-11 09:44:15,PK401P8900,PK401P8900,171.0,0.0,0.0,0.0,10,73.5,679.5,1,171.0,0.0,0.0,0.0,0.0,0.0,36
2023-05-11 09:44:15,PK401P8900,PK401P8900,171.0,0.0,0.0,0.0,10,73.5,679.0,10,171.0,0.0,0.0,0.0,0.0,0.0,36
2023-05-11 09:44:16,PK401P8900,PK401P8900,171.0,0.0,0.0,0.0,10,73.5,677.5,1,171.0,0.0,0.0,0.0,0.0,0.0,36
2023-05-11 09:44:16,PK401P8900,PK401P8900,171.0,0.0,0.0,0.0,10,73.5,677.0,10,171.0,0.0,0.0,0.0,0.0,0.0,36
2023-05-11 09:44:16,PK401P8900,PK401P8900,171.0,0.0,0.0,0.0,10,73.5,675.5,1,171.0,0.0,0.0,0.0,0.0,0.0,36
2023-05-11 09:44:17,PK401P8900,PK401P8900,171.0,0.0,0.0,0.0,10,73.5,675.0,10,171.0,0.0,0.0,0.0,0.0,0.0,36
2023-05-11 09:44:18,PK401P8900,PK401P8900,171.0,0.0,0.0,0.0,10,73.5,673.5,1,171.0,0.0,0.0,0.0,0.0,0.0,36
2023-05-11 09:44:18,PK401P8900,PK401P8900,171.0,0.0,0.0,0.0,10,73.5,673.0,10,171.0,0.0,0.0,0.0,0.0,0.0,36
2023-05-11 09:44:19,PK401P8900,PK401P8900,171.0,0.0,0.0,0.0,10,73.5,671.5,1,171.0,0.0,0.0,0.0,0.0,0.0,36
2023-05-11 09:44:19,PK401P8900,PK401P8900,171.0,0.0,0.0,0.0,10,73.5,671.0,10,171.0,0.0,0.0,0.0,0.0,0.0,36
2023-05-11 09:44:19,PK401P8900,PK401P8900,171.0,0.0,0.0,0.0,10,73.5,669.5,1,171.0,0.0,0.0,0.0,0.0,0.0,36
2023-05-11 09:44:20,PK401P8900,PK401P8900,171.0,0.0,0.0,0.0,10,73.5,669.0,10,171.0,0.0,0.0,0.0,0.0,0.0,36
2023-05-11 09:44:20,PK401P8900,PK401P8900,171.0,0.0,0.0,0.0,10,73.5,667.5,1,171.0,0.0,0.0,0.0,0.0,0.0,36
2023-05-11 09:44:21,PK401P8900,PK401P8900,171.0,0.0,0.0,0.0,10,73.5,667.0,10,171.0,0.0,0.0,0.0,0.0,0.0,36
2023-05-11 09:44:21,PK401P8900,PK401P8900,171.0,0.0,0.0,0.0,10,73.5,665.5,1,171.0,0.0,0.0,0.0,0.0,0.0,36
2023-05-11 09:44:22,PK401P8900,PK401P8900,171.0,0.0,0.0,0.0,10,73.5,665.0,10,171.0,0.0,0.0,0.0,0.0,0.0,36
2023-05-11 09:44:22,PK401P8900,PK401P8900,171.0,0.0,0.0,0.0,10,73.5,663.5,1,171.0,0.0,0.0,0.0,0.0,0.0,36
2023-05-11 09:44:23,PK401P8900,PK401P8900,171.0,0.0,0.0,0.0,10,73.5,663.0,10,171.0,0.0,0.0,0.0,0.0,0.0,36
2023-05-11 09:44:23,PK401P8900,PK401P8900,171.0,0.0,0.0,0.0,10,73.5,661.5,1,171.0,0.0,0.0,0.0,0.0,0.0,36
2023-05-11 09:44:24,PK401P8900,PK401P8900,171.0,0.0,0.0,0.0,10,73.5,661.0,10,171.0,0.0,0.0,0.0,0.0,0.0,36
2023-05-11 09:44:24,PK401P8900,PK401P8900,171.0,0.0,0.0,0.0,10,73.5,659.5,1,171.0,0.0,0.0,0.0,0.0,0.0,36
2023-05-11 09:44:25,PK401P8900,PK401P8900,171.0,0.0,0.0,0.0,10,73.5,659.0,10,171.0,0.0,0.0,0.0,0.0,0.0,36
2023-05-11 09:44:25,PK401P8900,PK401P8900,171.0,0.0,0.0,0.0,10,73.5,657.5,1,171.0,0.0,0.0,0.0,0.0,0.0,36
2023-05-11 09:44:25,PK401P8900,PK401P8900,171.0,0.0,0.0,0.0,10,73.5,659.0,10,171.0,0.0,0.0,0.0,0.0,0.0,36
2023-05-11 09:44:25,PK401P8900,PK401P8900,171.0,0.0,0.0,0.0,10,73.5,657.5,1,171.0,0.0,0.0,0.0,0.0,0.0,36
2023-05-11 09:44:26,PK401P8900,PK401P8900,171.0,0.0,0.0,0.0,10,73.5,657.0,10,171.0,0.0,0.0,0.0,0.0,0.0,36
2023-05-11 09:44:26,PK401P8900,PK401P8900,171.0,0.0,0.0,0.0,10,73.5,655.5,1,171.0,0.0,0.0,0.0,0.0,0.0,36
2023-05-11 09:44:27,PK401P8900,PK401P8900,171.0,0.0,0.0,0.0,10,73.5,655.0,10,171.0,0.0,0.0,0.0,0.0,0.0,36
2023-05-11 09:44:27,PK401P8900,PK401P8900,171.0,0.0,0.0,0.0,10,73.5,653.5,1,171.0,0.0,0.0,0.0,0.0,0.0,36
2023-05-11 09:44:28,PK401P8900,PK401P8900,171.0,0.0,0.0,0.0,10,73.5,653.0,10,171.0,0.0,0.0,0.0,0.0,0.0,36
2023-05-11 09:44:28,PK401P8900,PK401P8900,171.0,0.0,0.0,0.0,10,73.5,651.5,1,171.0,0.0,0.0,0.0,0.0,0.0,36
2023-05-11 09:44:29,PK401P8900,PK401P8900,171.0,0.0,0.0,0.0,10,73.5,651.0,10,171.0,0.0,0.0,0.0,0.0,0.0,36
2023-05-11 09:44:29,PK401P8900,PK401P8900,171.0,0.0,0.0,0.0,10,73.5,649.5,1,171.0,0.0,0.0,0.0,0.0,0.0,36
2023-05-11 09:44:30,PK401P8900,PK401P8900,171.0,0.0,0.0,0.0,10,73.5,649.0,10,171.0,0.0,0.0,0.0,0.0,0.0,36
2023-05-11 09:44:31,PK401P8900,PK401P8900,171.0,0.0,0.0,0.0,10,73.5,647.5,1,171.0,0.0,0.0,0.0,0.0,0.0,36
2023-05-11 09:44:31,PK401P8900,PK401P8900,171.0,0.0,0.0,0.0,10,73.5,647.0,10,171.0,0.0,0.0,0.0,0.0,0.0,36
2023-05-11 09:44:31,PK401P8900,PK401P8900,171.0,0.0,0.0,0.0,10,73.5,645.5,1,171.0,0.0,0.0,0.0,0.0,0.0,36
2023-05-11 09:44:32,PK401P8900,PK401P8900,171.0,0.0,0.0,0.0,10,73.5,645.0,10,171.0,0.0,0.0,0.0,0.0,0.0,36
2023-05-11 09:44:33,PK401P8900,PK401P8900,171.0,0.0,0.0,0.0,10,73.5,643.5,1,171.0,0.0,0.0,0.0,0.0,0.0,36
2023-05-11 09:44:33,PK401P8900,PK401P8900,171.0,0.0,0.0,0.0,10,73.5,643.0,10,171.0,0.0,0.0,0.0,0.0,0.0,36
2023-05-11 09:44:33,PK401P8900,PK401P8900,171.0,0.0,0.0,0.0,10,73.5,641.5,1,171.0,0.0,0.0,0.0,0.0,0.0,36
2023-05-11 09:44:34,PK401P8900,PK401P8900,171.0,0.0,0.0,0.0,10,73.5,641.0,10,171.0,0.0,0.0,0.0,0.0,0.0,36
2023-05-11 09:44:35,PK401P8900,PK401P8900,171.0,0.0,0.0,0.0,10,73.5,639.5,1,171.0,0.0,0.0,0.0,0.0,0.0,36
2023-05-11 09:44:35,PK401P8900,PK401P8900,171.0,0.0,0.0,0.0,10,73.5,639.0,10,171.0,0.0,0.0,0.0,0.0,0.0,36
2023-05-11 09:44:35,PK401P8900,PK401P8900,171.0,0.0,0.0,0.0,10,73.5,637.5,1,171.0,0.0,0.0,0.0,0.0,0.0,36
2023-05-11 09:44:36,PK401P8900,PK401P8900,171.0,0.0,0.0,0.0,10,73.5,637.0,10,171.0,0.0,0.0,0.0,0.0,0.0,36
2023-05-11 09:44:37,PK401P8900,PK401P8900,171.0,0.0,0.0,0.0,10,73.5,635.5,1,171.0,0.0,0.0,0.0,0.0,0.0,36
2023-05-11 09:44:37,PK401P8900,PK401P8900,171.0,0.0,0.0,0.0,10,73.5,635.0,10,171.0,0.0,0.0,0.0,0.0,0.0,36
2023-05-11 09:44:37,PK401P8900,PK401P8900,171.0,0.0,0.0,0.0,10,73.5,633.5,1,171.0,0.0,0.0,0.0,0.0,0.0,36
2023-05-11 09:44:38,PK401P8900,PK401P8900,171.0,0.0,0.0,0.0,10,73.5,633.0,10,171.0,0.0,0.0,0.0,0.0,0.0,36
2023-05-11 09:44:38,PK401P8900,PK401P8900,171.0,0.0,0.0,0.0,10,73.5,631.5,1,171.0,0.0,0.0,0.0,0.0,0.0,36
2023-05-11 09:44:39,PK401P8900,PK401P8900,171.0,0.0,0.0,0.0,10,73.5,631.0,10,171.0,0.0,0.0,0.0,0.0,0.0,36
2023-05-11 09:44:39,PK401P8900,PK401P8900,171.0,0.0,0.0,0.0,10,73.5,629.5,1,171.0,0.0,0.0,0.0,0.0,0.0,36
2023-05-11 09:44:40,PK401P8900,PK401P8900,171.0,0.0,0.0,0.0,10,73.5,629.0,10,171.0,0.0,0.0,0.0,0.0,0.0,36
2023-05-11 09:44:40,PK401P8900,PK401P8900,171.0,0.0,0.0,0.0,10,73.5,627.5,1,171.0,0.0,0.0,0.0,0.0,0.0,36
2023-05-11 09:44:41,PK401P8900,PK401P8900,171.0,0.0,0.0,0.0,10,73.5,627.0,10,171.0,0.0,0.0,0.0,0.0,0.0,36
2023-05-11 09:44:41,PK401P8900,PK401P8900,171.0,0.0,0.0,0.0,10,73.5,625.5,1,171.0,0.0,0.0,0.0,0.0,0.0,36
2023-05-11 09:44:42,PK401P8900,PK401P8900,171.0,0.0,0.0,0.0,10,73.5,625.0,10,171.0,0.0,0.0,0.0,0.0,0.0,36
2023-05-11 09:44:42,PK401P8900,PK401P8900,171.0,0.0,0.0,0.0,10,73.5,623.5,1,171.0,0.0,0.0,0.0,0.0,0.0,36
2023-05-11 09:44:43,PK401P8900,PK401P8900,171.0,0.0,0.0,0.0,10,73.5,623.0,10,171.0,0.0,0.0,0.0,0.0,0.0,36
2023-05-11 09:44:44,PK401P8900,PK401P8900,171.0,0.0,0.0,0.0,10,73.5,621.5,1,171.0,0.0,0.0,0.0,0.0,0.0,36
2023-05-11 09:44:44,PK401P8900,PK401P8900,171.0,0.0,0.0,0.0,10,73.5,621.0,10,171.0,0.0,0.0,0.0,0.0,0.0,36
2023-05-11 09:44:45,PK401P8900,PK401P8900,171.0,0.0,0.0,0.0,10,73.5,619.5,1,171.0,0.0,0.0,0.0,0.0,0.0,36
2023-05-11 09:44:45,PK401P8900,PK401P8900,171.0,0.0,0.0,0.0,10,73.5,619.0,10,171.0,0.0,0.0,0.0,0.0,0.0,36
2023-05-11 09:44:45,PK401P8900,PK401P8900,171.0,0.0,0.0,0.0,10,73.5,617.5,1,171.0,0.0,0.0,0.0,0.0,0.0,36
2023-05-11 09:44:46,PK401P8900,PK401P8900,171.0,0.0,0.0,0.0,10,73.5,617.0,10,171.0,0.0,0.0,0.0,0.0,0.0,36
2023-05-11 09:44:47,PK401P8900,PK401P8900,171.0,0.0,0.0,0.0,10,73.5,615.5,1,171.0,0.0,0.0,0.0,0.0,0.0,36
2023-05-11 09:44:47,PK401P8900,PK401P8900,171.0,0.0,0.0,0.0,10,73.5,615.0,10,171.0,0.0,0.0,0.0,0.0,0.0,36
2023-05-11 09:44:48,PK401P8900,PK401P8900,171.0,0.0,0.0,0.0,10,73.5,613.5,1,171.0,0.0,0.0,0.0,0.0,0.0,36
2023-05-11 09:44:48,PK401P8900,PK401P8900,171.0,0.0,0.0,0.0,10,73.5,613.0,10,171.0,0.0,0.0,0.0,0.0,0.0,36
2023-05-11 09:44:48,PK401P8900,PK401P8900,171.0,0.0,0.0,0.0,10,73.5,611.5,1,171.0,0.0,0.0,0.0,0.0,0.0,36
2023-05-11 09:44:49,PK401P8900,PK401P8900,171.0,0.0,0.0,0.0,10,73.5,611.0,10,171.0,0.0,0.0,0.0,0.0,0.0,36
2023-05-11 09:44:50,PK401P8900,PK401P8900,171.0,0.0,0.0,0.0,10,73.5,609.5,1,171.0,0.0,0.0,0.0,0.0,0.0,36
2023-05-11 09:44:50,PK401P8900,PK401P8900,171.0,0.0,0.0,0.0,10,73.5,609.0,10,171.0,0.0,0.0,0.0,0.0,0.0,36
2023-05-11 09:44:51,PK401P8900,PK401P8900,171.0,0.0,0.0,0.0,10,73.5,607.5,1,171.0,0.0,0.0,0.0,0.0,0.0,36
2023-05-11 09:44:51,PK401P8900,PK401P8900,171.0,0.0,0.0,0.0,10,73.5,607.0,10,171.0,0.0,0.0,0.0,0.0,0.0,36
2023-05-11 09:44:52,PK401P8900,PK401P8900,171.0,0.0,0.0,0.0,10,73.5,605.5,1,171.0,0.0,0.0,0.0,0.0,0.0,36
2023-05-11 09:44:52,PK401P8900,PK401P8900,171.0,0.0,0.0,0.0,10,73.5,605.0,10,171.0,0.0,0.0,0.0,0.0,0.0,36
2023-05-11 09:44:53,PK401P8900,PK401P8900,171.0,0.0,0.0,0.0,10,73.5,603.5,1,171.0,0.0,0.0,0.0,0.0,0.0,36
2023-05-11 09:44:53,PK401P8900,PK401P8900,171.0,0.0,0.0,0.0,10,73.5,603.0,10,171.0,0.0,0.0,0.0,0.0,0.0,36
2023-05-11 09:44:53,PK401P8900,PK401P8900,171.0,0.0,0.0,0.0,10,73.5,601.5,1,171.0,0.0,0.0,0.0,0.0,0.0,36
2023-05-11 09:44:54,PK401P8900,PK401P8900,171.0,0.0,0.0,0.0,10,73.5,601.0,10,171.0,0.0,0.0,0.0,0.0,0.0,36
2023-05-11 09:44:55,PK401P8900,PK401P8900,171.0,0.0,0.0,0.0,10,73.5,599.5,1,171.0,0.0,0.0,0.0,0.0,0.0,36
2023-05-11 09:44:56,PK401P8900,PK401P8900,171.0,0.0,0.0,0.0,10,73.5,599.0,10,171.0,0.0,0.0,0.0,0.0,0.0,36
2023-05-11 09:44:57,PK401P8900,PK401P8900,171.0,0.0,0.0,0.0,10,73.5,597.5,1,171.0,0.0,0.0,0.0,0.0,0.0,36
2023-05-11 09:44:58,PK401P8900,PK401P8900,171.0,0.0,0.0,0.0,10,73.5,597.0,10,171.0,0.0,0.0,0.0,0.0,0.0,36
2023-05-11 09:44:59,PK401P8900,PK401P8900,171.0,0.0,0.0,0.0,10,73.5,595.5,1,171.0,0.0,0.0,0.0,0.0,0.0,36
2023-05-11 09:44:59,PK401P8900,PK401P8900,171.0,0.0,0.0,0.0,10,73.5,595.0,10,171.0,0.0,0.0,0.0,0.0,0.0,36
2023-05-11 09:45:00,PK401P8900,PK401P8900,171.0,0.0,0.0,0.0,10,73.5,593.5,1,171.0,0.0,0.0,0.0,0.0,0.0,36
2023-05-11 09:45:01,PK401P8900,PK401P8900,171.0,0.0,0.0,0.0,10,73.5,593.0,10,171.0,0.0,0.0,0.0,0.0,0.0,36
2023-05-11 09:45:02,PK401P8900,PK401P8900,171.0,0.0,0.0,0.0,10,73.5,591.5,1,171.0,0.0,0.0,0.0,0.0,0.0,36
2023-05-11 09:45:33,PK401P8900,PK401P8900,171.0,0.0,0.0,0.0,10,73.5,591.0,10,171.0,0.0,0.0,0.0,0.0,0.0,36
2023-05-11 09:45:33,PK401P8900,PK401P8900,171.0,0.0,0.0,0.0,10,73.5,589.5,1,171.0,0.0,0.0,0.0,0.0,0.0,36
2023-05-11 09:45:33,PK401P8900,PK401P8900,171.0,0.0,0.0,0.0,10,73.5,589.0,10,171.0,0.0,0.0,0.0,0.0,0.0,36
2023-05-11 09:45:35,PK401P8900,PK401P8900,171.0,0.0,0.0,0.0,10,73.5,587.5,1,171.0,0.0,0.0,0.0,0.0,0.0,36
2023-05-11 09:45:35,PK401P8900,PK401P8900,171.0,0.0,0.0,0.0,10,73.5,587.0,10,171.0,0.0,0.0,0.0,0.0,0.0,36
2023-05-11 09:45:36,PK401P8900,PK401P8900,171.0,0.0,0.0,0.0,10,73.5,585.5,1,171.0,0.0,0.0,0.0,0.0,0.0,36
2023-05-11 09:45:36,PK401P8900,PK401P8900,171.0,0.0,0.0,0.0,10,73.5,585.0,10,171.0,0.0,0.0,0.0,0.0,0.0,36
2023-05-11 09:45:38,PK401P8900,PK401P8900,171.0,0.0,0.0,0.0,10,73.5,583.5,1,171.0,0.0,0.0,0.0,0.0,0.0,36
2023-05-11 09:45:38,PK401P8900,PK401P8900,171.0,0.0,0.0,0.0,10,73.5,583.0,10,171.0,0.0,0.0,0.0,0.0,0.0,36
2023-05-11 09:45:40,PK401P8900,PK401P8900,171.0,0.0,0.0,0.0,10,73.5,581.5,1,171.0,0.0,0.0,0.0,0.0,0.0,36
2023-05-11 09:45:41,PK401P8900,PK401P8900,171.0,0.0,0.0,0.0,10,73.5,581.0,10,171.0,0.0,0.0,0.0,0.0,0.0,36
2023-05-11 09:45:42,PK401P8900,PK401P8900,171.0,0.0,0.0,0.0,10,73.5,579.5,1,171.0,0.0,0.0,0.0,0.0,0.0,36
2023-05-11 09:45:42,PK401P8900,PK401P8900,171.0,0.0,0.0,0.0,10,73.5,579.0,10,171.0,0.0,0.0,0.0,0.0,0.0,36
2023-05-11 09:45:43,PK401P8900,PK401P8900,171.0,0.0,0.0,0.0,10,73.5,577.5,1,171.0,0.0,0.0,0.0,0.0,0.0,36
2023-05-11 09:45:43,PK401P8900,PK401P8900,171.0,0.0,0.0,0.0,10,73.5,577.0,10,171.0,0.0,0.0,0.0,0.0,0.0,36
2023-05-11 09:45:44,PK401P8900,PK401P8900,171.0,0.0,0.0,0.0,10,73.5,575.5,1,171.0,0.0,0.0,0.0,0.0,0.0,36
2023-05-11 09:45:44,PK401P8900,PK401P8900,171.0,0.0,0.0,0.0,10,73.5,575.0,10,171.0,0.0,0.0,0.0,0.0,0.0,36
2023-05-11 09:45:46,PK401P8900,PK401P8900,171.0,0.0,0.0,0.0,10,73.5,573.5,1,171.0,0.0,0.0,0.0,0.0,0.0,36
2023-05-11 09:45:46,PK401P8900,PK401P8900,171.0,0.0,0.0,0.0,10,73.5,573.0,10,171.0,0.0,0.0,0.0,0.0,0.0,36
2023-05-11 09:45:47,PK401P8900,PK401P8900,171.0,0.0,0.0,0.0,10,73.5,571.5,1,171.0,0.0,0.0,0.0,0.0,0.0,36
2023-05-11 09:45:47,PK401P8900,PK401P8900,171.0,0.0,0.0,0.0,10,73.5,571.0,10,171.0,0.0,0.0,0.0,0.0,0.0,36
2023-05-11 09:45:48,PK401P8900,PK401P8900,171.0,0.0,0.0,0.0,10,73.5,569.5,1,171.0,0.0,0.0,0.0,0.0,0.0,36
2023-05-11 09:45:48,PK401P8900,PK401P8900,171.0,0.0,0.0,0.0,10,73.5,569.0,10,171.0,0.0,0.0,0.0,0.0,0.0,36
2023-05-11 09:45:49,PK401P8900,PK401P8900,171.0,0.0,0.0,0.0,10,73.5,567.5,1,171.0,0.0,0.0,0.0,0.0,0.0,36
2023-05-11 09:45:49,PK401P8900,PK401P8900,171.0,0.0,0.0,0.0,10,73.5,567.0,10,171.0,0.0,0.0,0.0,0.0,0.0,36
2023-05-11 09:45:51,PK401P8900,PK401P8900,171.0,0.0,0.0,0.0,10,73.5,565.5,1,171.0,0.0,0.0,0.0,0.0,0.0,36
2023-05-11 09:45:51,PK401P8900,PK401P8900,171.0,0.0,0.0,0.0,10,73.5,565.0,10,171.0,0.0,0.0,0.0,0.0,0.0,36
2023-05-11 09:45:52,PK401P8900,PK401P8900,171.0,0.0,0.0,0.0,10,73.5,563.5,1,171.0,0.0,0.0,0.0,0.0,0.0,36
2023-05-11 09:45:52,PK401P8900,PK401P8900,171.0,0.0,0.0,0.0,10,73.5,563.0,10,171.0,0.0,0.0,0.0,0.0,0.0,36
2023-05-11 09:45:53,PK401P8900,PK401P8900,171.0,0.0,0.0,0.0,10,73.5,561.5,1,171.0,0.0,0.0,0.0,0.0,0.0,36
2023-05-11 09:45:53,PK401P8900,PK401P8900,171.0,0.0,0.0,0.0,10,73.5,561.0,10,171.0,0.0,0.0,0.0,0.0,0.0,36
2023-05-11 09:45:54,PK401P8900,PK401P8900,171.0,0.0,0.0,0.0,10,73.5,559.5,1,171.0,0.0,0.0,0.0,0.0,0.0,36
2023-05-11 09:45:54,PK401P8900,PK401P8900,171.0,0.0,0.0,0.0,10,73.5,559.0,10,171.0,0.0,0.0,0.0,0.0,0.0,36
2023-05-11 09:45:55,PK401P8900,PK401P8900,171.0,0.0,0.0,0.0,10,73.5,557.5,1,171.0,0.0,0.0,0.0,0.0,0.0,36
2023-05-11 09:46:26,PK401P8900,PK401P8900,171.0,0.0,0.0,0.0,10,73.5,557.0,10,171.0,0.0,0.0,0.0,0.0,0.0,36
2023-05-11 09:46:26,PK401P8900,PK401P8900,171.0,0.0,0.0,0.0,10,73.5,555.5,1,171.0,0.0,0.0,0.0,0.0,0.0,36
2023-05-11 09:46:27,PK401P8900,PK401P8900,171.0,0.0,0.0,0.0,10,73.5,555.0,10,171.0,0.0,0.0,0.0,0.0,0.0,36
2023-05-11 09:46:28,PK401P8900,PK401P8900,171.0,0.0,0.0,0.0,10,73.5,553.5,1,171.0,0.0,0.0,0.0,0.0,0.0,36
2023-05-11 09:46:29,PK401P8900,PK401P8900,171.0,0.0,0.0,0.0,10,73.5,553.0,10,171.0,0.0,0.0,0.0,0.0,0.0,36
2023-05-11 09:46:30,PK401P8900,PK401P8900,171.0,0.0,0.0,0.0,10,73.5,551.5,1,171.0,0.0,0.0,0.0,0.0,0.0,36
2023-05-11 09:46:30,PK401P8900,PK401P8900,171.0,0.0,0.0,0.0,10,73.5,551.0,10,171.0,0.0,0.0,0.0,0.0,0.0,36
2023-05-11 09:46:31,PK401P8900,PK401P8900,171.0,0.0,0.0,0.0,10,73.5,549.5,1,171.0,0.0,0.0,0.0,0.0,0.0,36
2023-05-11 09:46:32,PK401P8900,PK401P8900,171.0,0.0,0.0,0.0,10,73.5,549.0,10,171.0,0.0,0.0,0.0,0.0,0.0,36
2023-05-11 09:46:33,PK401P8900,PK401P8900,171.0,0.0,0.0,0.0,10,73.5,547.5,1,171.0,0.0,0.0,0.0,0.0,0.0,36
2023-05-11 09:46:33,PK401P8900,PK401P8900,171.0,0.0,0.0,0.0,10,73.5,547.0,10,171.0,0.0,0.0,0.0,0.0,0.0,36
2023-05-11 09:46:34,PK401P8900,PK401P8900,171.0,0.0,0.0,0.0,10,73.5,545.5,1,171.0,0.0,0.0,0.0,0.0,0.0,36
2023-05-11 09:46:34,PK401P8900,PK401P8900,171.0,0.0,0.0,0.0,10,73.5,545.0,10,171.0,0.0,0.0,0.0,0.0,0.0,36
2023-05-11 09:46:36,PK401P8900,PK401P8900,171.0,0.0,0.0,0.0,10,73.5,543.5,1,171.0,0.0,0.0,0.0,0.0,0.0,36
2023-05-11 09:46:36,PK401P8900,PK401P8900,171.0,0.0,0.0,0.0,10,73.5,543.0,10,171.0,0.0,0.0,0.0,0.0,0.0,36
2023-05-11 09:46:36,PK401P8900,PK401P8900,171.0,0.0,0.0,0.0,10,73.5,541.5,1,171.0,0.0,0.0,0.0,0.0,0.0,36
2023-05-11 09:46:37,PK401P8900,PK401P8900,171.0,0.0,0.0,0.0,10,73.5,541.0,10,171.0,0.0,0.0,0.0,0.0,0.0,36
2023-05-11 09:46:38,PK401P8900,PK401P8900,171.0,0.0,0.0,0.0,10,73.5,539.5,1,171.0,0.0,0.0,0.0,0.0,0.0,36
2023-05-11 09:46:38,PK401P8900,PK401P8900,171.0,0.0,0.0,0.0,10,73.5,539.0,10,171.0,0.0,0.0,0.0,0.0,0.0,36
2023-05-11 09:46:39,PK401P8900,PK401P8900,171.0,0.0,0.0,0.0,10,73.5,537.5,1,171.0,0.0,0.0,0.0,0.0,0.0,36
2023-05-11 09:46:39,PK401P8900,PK401P8900,171.0,0.0,0.0,0.0,10,73.5,537.0,10,171.0,0.0,0.0,0.0,0.0,0.0,36
2023-05-11 09:46:40,PK401P8900,PK401P8900,171.0,0.0,0.0,0.0,10,73.5,535.5,1,171.0,0.0,0.0,0.0,0.0,0.0,36
2023-05-11 09:46:40,PK401P8900,PK401P8900,171.0,0.0,0.0,0.0,10,73.5,535.0,10,171.0,0.0,0.0,0.0,0.0,0.0,36
2023-05-11 09:46:41,PK401P8900,PK401P8900,171.0,0.0,0.0,0.0,10,73.5,533.5,1,171.0,0.0,0.0,0.0,0.0,0.0,36
2023-05-11 09:46:41,PK401P8900,PK401P8900,171.0,0.0,0.0,0.0,10,73.5,533.0,10,171.0,0.0,0.0,0.0,0.0,0.0,36
2023-05-11 09:46:42,PK401P8900,PK401P8900,171.0,0.0,0.0,0.0,10,73.5,531.5,1,171.0,0.0,0.0,0.0,0.0,0.0,36
2023-05-11 09:46:42,PK401P8900,PK401P8900,171.0,0.0,0.0,0.0,10,73.5,531.0,10,171.0,0.0,0.0,0.0,0.0,0.0,36
2023-05-11 09:46:43,PK401P8900,PK401P8900,171.0,0.0,0.0,0.0,10,73.5,529.5,1,171.0,0.0,0.0,0.0,0.0,0.0,36
2023-05-11 09:46:43,PK401P8900,PK401P8900,171.0,0.0,0.0,0.0,10,73.5,529.0,10,171.0,0.0,0.0,0.0,0.0,0.0,36
2023-05-11 09:46:44,PK401P8900,PK401P8900,171.0,0.0,0.0,0.0,10,73.5,527.5,1,171.0,0.0,0.0,0.0,0.0,0.0,36
2023-05-11 09:46:44,PK401P8900,PK401P8900,171.0,0.0,0.0,0.0,10,73.5,527.0,10,171.0,0.0,0.0,0.0,0.0,0.0,36
2023-05-11 09:46:45,PK401P8900,PK401P8900,171.0,0.0,0.0,0.0,10,73.5,525.5,1,171.0,0.0,0.0,0.0,0.0,0.0,36
2023-05-11 09:46:45,PK401P8900,PK401P8900,171.0,0.0,0.0,0.0,10,73.5,525.0,10,171.0,0.0,0.0,0.0,0.0,0.0,36
2023-05-11 09:46:46,PK401P8900,PK401P8900,171.0,0.0,0.0,0.0,10,73.5,523.5,1,171.0,0.0,0.0,0.0,0.0,0.0,36
2023-05-11 09:46:46,PK401P8900,PK401P8900,171.0,0.0,0.0,0.0,10,73.5,523.0,10,171.0,0.0,0.0,0.0,0.0,0.0,36
2023-05-11 09:46:47,PK401P8900,PK401P8900,171.0,0.0,0.0,0.0,10,73.5,521.5,1,171.0,0.0,0.0,0.0,0.0,0.0,36
2023-05-11 09:46:47,PK401P8900,PK401P8900,171.0,0.0,0.0,0.0,10,73.5,521.0,10,171.0,0.0,0.0,0.0,0.0,0.0,36
2023-05-11 09:46:48,PK401P8900,PK401P8900,171.0,0.0,0.0,0.0,10,73.5,519.5,1,171.0,0.0,0.0,0.0,0.0,0.0,36
2023-05-11 09:46:48,PK401P8900,PK401P8900,171.0,0.0,0.0,0.0,10,73.5,519.0,10,171.0,0.0,0.0,0.0,0.0,0.0,36
2023-05-11 09:46:50,PK401P8900,PK401P8900,171.0,0.0,0.0,0.0,10,73.5,517.5,1,171.0,0.0,0.0,0.0,0.0,0.0,36
2023-05-11 09:46:50,PK401P8900,PK401P8900,171.0,0.0,0.0,0.0,10,73.5,517.0,10,171.0,0.0,0.0,0.0,0.0,0.0,36
2023-05-11 09:46:51,PK401P8900,PK401P8900,171.0,0.0,0.0,0.0,10,73.5,515.5,1,171.0,0.0,0.0,0.0,0.0,0.0,36
2023-05-11 09:46:51,PK401P8900,PK401P8900,171.0,0.0,0.0,0.0,10,73.5,515.0,10,171.0,0.0,0.0,0.0,0.0,0.0,36
2023-05-11 09:46:52,PK401P8900,PK401P8900,171.0,0.0,0.0,0.0,10,73.5,513.5,1,171.0,0.0,0.0,0.0,0.0,0.0,36
2023-05-11 09:46:52,PK401P8900,PK401P8900,171.0,0.0,0.0,0.0,10,73.5,513.0,10,171.0,0.0,0.0,0.0,0.0,0.0,36
2023-05-11 09:46:53,PK401P8900,PK401P8900,171.0,0.0,0.0,0.0,10,73.5,511.5,1,171.0,0.0,0.0,0.0,0.0,0.0,36
2023-05-11 09:48:13,PK401P8900,PK401P8900,171.0,0.0,0.0,0.0,10,73.5,511.0,10,171.0,0.0,0.0,0.0,0.0,0.0,36
2023-05-11 09:48:14,PK401P8900,PK401P8900,171.0,0.0,0.0,0.0,10,73.5,509.5,1,171.0,0.0,0.0,0.0,0.0,0.0,36
2023-05-11 09:48:14,PK401P8900,PK401P8900,171.0,0.0,0.0,0.0,10,73.5,509.0,10,171.0,0.0,0.0,0.0,0.0,0.0,36
2023-05-11 09:48:16,PK401P8900,PK401P8900,171.0,0.0,0.0,0.0,10,73.5,507.5,1,171.0,0.0,0.0,0.0,0.0,0.0,36
2023-05-11 09:51:38,PK401P8900,PK401P8900,171.0,0.0,0.0,0.0,10,73.5,507.0,10,171.0,0.0,0.0,0.0,0.0,0.0,36
2023-05-11 09:51:38,PK401P8900,PK401P8900,171.0,0.0,0.0,0.0,10,73.5,505.5,1,171.0,0.0,0.0,0.0,0.0,0.0,36
2023-05-11 09:51:39,PK401P8900,PK401P8900,171.0,0.0,0.0,0.0,10,73.5,505.0,10,171.0,0.0,0.0,0.0,0.0,0.0,36
2023-05-11 09:51:39,PK401P8900,PK401P8900,171.0,0.0,0.0,0.0,10,73.5,503.5,1,171.0,0.0,0.0,0.0,0.0,0.0,36
2023-05-11 09:51:40,PK401P8900,PK401P8900,171.0,0.0,0.0,0.0,10,73.5,503.0,10,171.0,0.0,0.0,0.0,0.0,0.0,36
2023-05-11 09:51:40,PK401P8900,PK401P8900,171.0,0.0,0.0,0.0,10,73.5,501.5,1,171.0,0.0,0.0,0.0,0.0,0.0,36
2023-05-11 09:51:41,PK401P8900,PK401P8900,171.0,0.0,0.0,0.0,10,73.5,501.0,10,171.0,0.0,0.0,0.0,0.0,0.0,36
2023-05-11 09:51:41,PK401P8900,PK401P8900,171.0,0.0,0.0,0.0,10,73.5,499.5,1,171.0,0.0,0.0,0.0,0.0,0.0,36
2023-05-11 09:52:49,PK401P8900,PK401P8900,171.0,0.0,0.0,0.0,10,73.5,499.0,10,171.0,0.0,0.0,0.0,0.0,0.0,36
2023-05-11 09:52:49,PK401P8900,PK401P8900,171.0,0.0,0.0,0.0,10,73.5,497.5,1,171.0,0.0,0.0,0.0,0.0,0.0,36
2023-05-11 09:52:50,PK401P8900,PK401P8900,171.0,0.0,0.0,0.0,10,73.5,497.0,10,171.0,0.0,0.0,0.0,0.0,0.0,36
2023-05-11 09:52:50,PK401P8900,PK401P8900,171.0,0.0,0.0,0.0,10,73.5,495.5,1,171.0,0.0,0.0,0.0,0.0,0.0,36
2023-05-11 09:53:11,PK401P8900,PK401P8900,171.0,0.0,0.0,0.0,10,73.5,495.0,10,171.0,0.0,0.0,0.0,0.0,0.0,36
2023-05-11 09:53:12,PK401P8900,PK401P8900,171.0,0.0,0.0,0.0,10,73.5,493.5,1,171.0,0.0,0.0,0.0,0.0,0.0,36
2023-05-11 09:53:12,PK401P8900,PK401P8900,171.0,0.0,0.0,0.0,10,73.5,493.0,10,171.0,0.0,0.0,0.0,0.0,0.0,36
2023-05-11 09:53:13,PK401P8900,PK401P8900,171.0,0.0,0.0,0.0,10,73.5,491.5,1,171.0,0.0,0.0,0.0,0.0,0.0,36
2023-05-11 09:53:13,PK401P8900,PK401P8900,171.0,0.0,0.0,0.0,10,73.5,491.0,10,171.0,0.0,0.0,0.0,0.0,0.0,36
2023-05-11 09:53:14,PK401P8900,PK401P8900,171.0,0.0,0.0,0.0,10,73.5,489.5,1,171.0,0.0,0.0,0.0,0.0,0.0,36
2023-05-11 09:53:15,PK401P8900,PK401P8900,171.0,0.0,0.0,0.0,10,73.5,489.0,10,171.0,0.0,0.0,0.0,0.0,0.0,36
2023-05-11 09:53:15,PK401P8900,PK401P8900,171.0,0.0,0.0,0.0,10,73.5,487.5,1,171.0,0.0,0.0,0.0,0.0,0.0,36
2023-05-11 09:54:20,PK401P8900,PK401P8900,171.0,0.0,0.0,0.0,10,73.5,487.0,10,171.0,0.0,0.0,0.0,0.0,0.0,36
2023-05-11 09:54:21,PK401P8900,PK401P8900,171.0,0.0,0.0,0.0,10,73.5,485.5,1,171.0,0.0,0.0,0.0,0.0,0.0,36
2023-05-11 09:54:21,PK401P8900,PK401P8900,171.0,0.0,0.0,0.0,10,73.5,485.0,10,171.0,0.0,0.0,0.0,0.0,0.0,36
2023-05-11 09:54:22,PK401P8900,PK401P8900,171.0,0.0,0.0,0.0,10,73.5,483.5,1,171.0,0.0,0.0,0.0,0.0,0.0,36
2023-05-11 09:54:22,PK401P8900,PK401P8900,171.0,0.0,0.0,0.0,10,73.5,483.0,10,171.0,0.0,0.0,0.0,0.0,0.0,36
2023-05-11 09:54:23,PK401P8900,PK401P8900,171.0,0.0,0.0,0.0,10,73.5,481.5,1,171.0,0.0,0.0,0.0,0.0,0.0,36
2023-05-11 09:54:23,PK401P8900,PK401P8900,171.0,0.0,0.0,0.0,10,73.5,481.0,10,171.0,0.0,0.0,0.0,0.0,0.0,36
2023-05-11 09:54:24,PK401P8900,PK401P8900,171.0,0.0,0.0,0.0,10,73.5,479.5,1,171.0,0.0,0.0,0.0,0.0,0.0,36
2023-05-11 09:54:24,PK401P8900,PK401P8900,171.0,0.0,0.0,0.0,10,73.5,479.0,10,171.0,0.0,0.0,0.0,0.0,0.0,36
2023-05-11 09:54:25,PK401P8900,PK401P8900,171.0,0.0,0.0,0.0,10,73.5,477.5,1,171.0,0.0,0.0,0.0,0.0,0.0,36
2023-05-11 09:54:26,PK401P8900,PK401P8900,171.0,0.0,0.0,0.0,10,73.5,477.0,10,171.0,0.0,0.0,0.0,0.0,0.0,36
2023-05-11 09:54:26,PK401P8900,PK401P8900,171.0,0.0,0.0,0.0,10,73.5,475.5,1,171.0,0.0,0.0,0.0,0.0,0.0,36
2023-05-11 09:54:27,PK401P8900,PK401P8900,171.0,0.0,0.0,0.0,10,73.5,475.0,10,171.0,0.0,0.0,0.0,0.0,0.0,36
2023-05-11 09:54:27,PK401P8900,PK401P8900,171.0,0.0,0.0,0.0,10,73.5,473.5,1,171.0,0.0,0.0,0.0,0.0,0.0,36
2023-05-11 09:54:28,PK401P8900,PK401P8900,171.0,0.0,0.0,0.0,10,73.5,473.0,10,171.0,0.0,0.0,0.0,0.0,0.0,36
2023-05-11 09:54:28,PK401P8900,PK401P8900,171.0,0.0,0.0,0.0,10,73.5,471.5,1,171.0,0.0,0.0,0.0,0.0,0.0,36
2023-05-11 09:54:29,PK401P8900,PK401P8900,171.0,0.0,0.0,0.0,10,73.5,471.0,10,171.0,0.0,0.0,0.0,0.0,0.0,36
2023-05-11 09:54:29,PK401P8900,PK401P8900,171.0,0.0,0.0,0.0,10,73.5,469.5,1,171.0,0.0,0.0,0.0,0.0,0.0,36
2023-05-11 09:57:12,PK401P8900,PK401P8900,171.0,0.0,0.0,0.0,10,73.5,469.0,10,171.0,0.0,0.0,0.0,0.0,0.0,36
2023-05-11 09:57:12,PK401P8900,PK401P8900,171.0,0.0,0.0,0.0,10,73.5,467.5,1,171.0,0.0,0.0,0.0,0.0,0.0,36
2023-05-11 09:57:13,PK401P8900,PK401P8900,171.0,0.0,0.0,0.0,10,73.5,467.0,10,171.0,0.0,0.0,0.0,0.0,0.0,36
2023-05-11 09:57:14,PK401P8900,PK401P8900,171.0,0.0,0.0,0.0,10,73.5,465.5,1,171.0,0.0,0.0,0.0,0.0,0.0,36
2023-05-11 09:57:15,PK401P8900,PK401P8900,171.0,0.0,0.0,0.0,10,73.5,465.0,10,171.0,0.0,0.0,0.0,0.0,0.0,36
2023-05-11 09:57:15,PK401P8900,PK401P8900,171.0,0.0,0.0,0.0,10,73.5,463.5,1,171.0,0.0,0.0,0.0,0.0,0.0,36
2023-05-11 09:57:16,PK401P8900,PK401P8900,171.0,0.0,0.0,0.0,10,73.5,463.0,10,171.0,0.0,0.0,0.0,0.0,0.0,36
2023-05-11 09:57:16,PK401P8900,PK401P8900,171.0,0.0,0.0,0.0,10,73.5,461.5,1,171.0,0.0,0.0,0.0,0.0,0.0,36
2023-05-11 09:57:17,PK401P8900,PK401P8900,171.0,0.0,0.0,0.0,10,73.5,461.0,10,171.0,0.0,0.0,0.0,0.0,0.0,36
2023-05-11 09:57:17,PK401P8900,PK401P8900,171.0,0.0,0.0,0.0,10,73.5,459.5,1,171.0,0.0,0.0,0.0,0.0,0.0,36
2023-05-11 09:57:18,PK401P8900,PK401P8900,171.0,0.0,0.0,0.0,10,73.5,459.0,10,171.0,0.0,0.0,0.0,0.0,0.0,36
2023-05-11 09:57:18,PK401P8900,PK401P8900,171.0,0.0,0.0,0.0,10,73.5,457.5,1,171.0,0.0,0.0,0.0,0.0,0.0,36
2023-05-11 09:57:52,PK401P8900,PK401P8900,171.0,0.0,0.0,0.0,10,73.5,457.0,10,171.0,0.0,0.0,0.0,0.0,0.0,36
2023-05-11 09:57:52,PK401P8900,PK401P8900,171.0,0.0,0.0,0.0,10,73.5,455.5,1,171.0,0.0,0.0,0.0,0.0,0.0,36
2023-05-11 09:59:59,PK401P8900,PK401P8900,171.0,0.0,0.0,0.0,10,73.5,455.0,10,171.0,0.0,0.0,0.0,0.0,0.0,36
2023-05-11 09:59:59,PK401P8900,PK401P8900,171.0,0.0,0.0,0.0,10,73.5,453.5,1,171.0,0.0,0.0,0.0,0.0,0.0,36
2023-05-11 10:00:00,PK401P8900,PK401P8900,171.0,0.0,0.0,0.0,10,73.5,453.0,10,171.0,0.0,0.0,0.0,0.0,0.0,36
2023-05-11 10:00:00,PK401P8900,PK401P8900,171.0,0.0,0.0,0.0,10,73.5,451.5,1,171.0,0.0,0.0,0.0,0.0,0.0,36
2023-05-11 10:00:01,PK401P8900,PK401P8900,171.0,0.0,0.0,0.0,10,73.5,451.0,10,171.0,0.0,0.0,0.0,0.0,0.0,36
2023-05-11 10:00:02,PK401P8900,PK401P8900,171.0,0.0,0.0,0.0,10,73.5,449.0,10,171.0,0.0,0.0,0.0,0.0,0.0,36
2023-05-11 10:00:02,PK401P8900,PK401P8900,171.0,0.0,0.0,0.0,10,73.5,447.5,1,171.0,0.0,0.0,0.0,0.0,0.0,36
2023-05-11 10:00:02,PK401P8900,PK401P8900,171.0,0.0,0.0,0.0,10,73.5,447.0,10,171.0,0.0,0.0,0.0,0.0,0.0,36
2023-05-11 10:00:03,PK401P8900,PK401P8900,171.0,0.0,0.0,0.0,10,73.5,445.5,1,171.0,0.0,0.0,0.0,0.0,0.0,36
2023-05-11 10:00:03,PK401P8900,PK401P8900,171.0,0.0,0.0,0.0,10,73.5,445.0,10,171.0,0.0,0.0,0.0,0.0,0.0,36
2023-05-11 10:00:03,PK401P8900,PK401P8900,171.0,0.0,0.0,0.0,10,73.5,445.5,1,171.0,0.0,0.0,0.0,0.0,0.0,36
2023-05-11 10:00:03,PK401P8900,PK401P8900,171.0,0.0,0.0,0.0,10,73.5,445.0,10,171.0,0.0,0.0,0.0,0.0,0.0,36
2023-05-11 10:00:04,PK401P8900,PK401P8900,171.0,0.0,0.0,0.0,10,73.5,443.5,1,171.0,0.0,0.0,0.0,0.0,0.0,36
2023-05-11 10:00:04,PK401P8900,PK401P8900,171.0,0.0,0.0,0.0,10,73.5,443.0,10,171.0,0.0,0.0,0.0,0.0,0.0,36
2023-05-11 10:00:06,PK401P8900,PK401P8900,171.0,0.0,0.0,0.0,10,73.5,441.5,1,171.0,0.0,0.0,0.0,0.0,0.0,36
2023-05-11 10:00:07,PK401P8900,PK401P8900,171.0,0.0,0.0,0.0,10,73.5,441.0,10,171.0,0.0,0.0,0.0,0.0,0.0,36
2023-05-11 10:00:07,PK401P8900,PK401P8900,171.0,0.0,0.0,0.0,10,73.5,439.5,1,171.0,0.0,0.0,0.0,0.0,0.0,36
2023-05-11 10:00:08,PK401P8900,PK401P8900,171.0,0.0,0.0,0.0,10,73.5,439.0,10,171.0,0.0,0.0,0.0,0.0,0.0,36
2023-05-11 10:00:08,PK401P8900,PK401P8900,171.0,0.0,0.0,0.0,10,73.5,437.5,1,171.0,0.0,0.0,0.0,0.0,0.0,36
2023-05-11 10:00:09,PK401P8900,PK401P8900,171.0,0.0,0.0,0.0,10,73.5,437.0,10,171.0,0.0,0.0,0.0,0.0,0.0,36
2023-05-11 10:00:09,PK401P8900,PK401P8900,171.0,0.0,0.0,0.0,10,73.5,435.5,1,171.0,0.0,0.0,0.0,0.0,0.0,36
2023-05-11 10:00:10,PK401P8900,PK401P8900,171.0,0.0,0.0,0.0,10,73.5,435.0,10,171.0,0.0,0.0,0.0,0.0,0.0,36
2023-05-11 10:00:10,PK401P8900,PK401P8900,171.0,0.0,0.0,0.0,10,73.5,433.5,1,171.0,0.0,0.0,0.0,0.0,0.0,36
2023-05-11 10:00:11,PK401P8900,PK401P8900,171.0,0.0,0.0,0.0,10,73.5,433.0,10,171.0,0.0,0.0,0.0,0.0,0.0,36
2023-05-11 10:00:11,PK401P8900,PK401P8900,171.0,0.0,0.0,0.0,10,73.5,431.5,1,171.0,0.0,0.0,0.0,0.0,0.0,36
2023-05-11 10:00:12,PK401P8900,PK401P8900,171.0,0.0,0.0,0.0,10,73.5,431.0,10,171.0,0.0,0.0,0.0,0.0,0.0,36
2023-05-11 10:00:12,PK401P8900,PK401P8900,171.0,0.0,0.0,0.0,10,73.5,429.5,1,171.0,0.0,0.0,0.0,0.0,0.0,36
2023-05-11 10:00:13,PK401P8900,PK401P8900,171.0,0.0,0.0,0.0,10,73.5,429.0,10,171.0,0.0,0.0,0.0,0.0,0.0,36
2023-05-11 10:00:13,PK401P8900,PK401P8900,171.0,0.0,0.0,0.0,10,73.5,427.5,1,171.0,0.0,0.0,0.0,0.0,0.0,36
2023-05-11 10:00:14,PK401P8900,PK401P8900,171.0,0.0,0.0,0.0,10,73.5,427.0,10,171.0,0.0,0.0,0.0,0.0,0.0,36
2023-05-11 10:00:15,PK401P8900,PK401P8900,171.0,0.0,0.0,0.0,10,73.5,425.5,1,171.0,0.0,0.0,0.0,0.0,0.0,36
2023-05-11 10:00:15,PK401P8900,PK401P8900,171.0,0.0,0.0,0.0,10,73.5,425.0,10,171.0,0.0,0.0,0.0,0.0,0.0,36
2023-05-11 10:00:15,PK401P8900,PK401P8900,171.0,0.0,0.0,0.0,10,73.5,423.5,1,171.0,0.0,0.0,0.0,0.0,0.0,36
2023-05-11 10:00:16,PK401P8900,PK401P8900,171.0,0.0,0.0,0.0,10,73.5,423.0,10,171.0,0.0,0.0,0.0,0.0,0.0,36
2023-05-11 10:00:16,PK401P8900,PK401P8900,171.0,0.0,0.0,0.0,10,73.5,421.5,1,171.0,0.0,0.0,0.0,0.0,0.0,36
2023-05-11 10:00:17,PK401P8900,PK401P8900,171.0,0.0,0.0,0.0,10,73.5,421.0,10,171.0,0.0,0.0,0.0,0.0,0.0,36
2023-05-11 10:00:17,PK401P8900,PK401P8900,171.0,0.0,0.0,0.0,10,73.5,419.5,1,171.0,0.0,0.0,0.0,0.0,0.0,36
2023-05-11 10:00:19,PK401P8900,PK401P8900,171.0,0.0,0.0,0.0,10,73.5,419.0,10,171.0,0.0,0.0,0.0,0.0,0.0,36
2023-05-11 10:00:19,PK401P8900,PK401P8900,171.0,0.0,0.0,0.0,10,73.5,417.5,1,171.0,0.0,0.0,0.0,0.0,0.0,36
2023-05-11 10:00:20,PK401P8900,PK401P8900,171.0,0.0,0.0,0.0,10,73.5,417.0,10,171.0,0.0,0.0,0.0,0.0,0.0,36
2023-05-11 10:00:20,PK401P8900,PK401P8900,171.0,0.0,0.0,0.0,10,73.5,415.5,1,171.0,0.0,0.0,0.0,0.0,0.0,36
2023-05-11 10:00:21,PK401P8900,PK401P8900,171.0,0.0,0.0,0.0,10,73.5,415.0,10,171.0,0.0,0.0,0.0,0.0,0.0,36
2023-05-11 10:00:21,PK401P8900,PK401P8900,171.0,0.0,0.0,0.0,10,73.5,413.5,1,171.0,0.0,0.0,0.0,0.0,0.0,36
2023-05-11 10:00:22,PK401P8900,PK401P8900,171.0,0.0,0.0,0.0,10,73.5,413.0,10,171.0,0.0,0.0,0.0,0.0,0.0,36
2023-05-11 10:00:22,PK401P8900,PK401P8900,171.0,0.0,0.0,0.0,10,73.5,411.5,1,171.0,0.0,0.0,0.0,0.0,0.0,36
2023-05-11 10:00:23,PK401P8900,PK401P8900,171.0,0.0,0.0,0.0,10,73.5,411.0,10,171.0,0.0,0.0,0.0,0.0,0.0,36
2023-05-11 10:00:23,PK401P8900,PK401P8900,171.0,0.0,0.0,0.0,10,73.5,409.5,1,171.0,0.0,0.0,0.0,0.0,0.0,36
2023-05-11 10:00:24,PK401P8900,PK401P8900,171.0,0.0,0.0,0.0,10,73.5,409.0,10,171.0,0.0,0.0,0.0,0.0,0.0,36
2023-05-11 10:00:24,PK401P8900,PK401P8900,171.0,0.0,0.0,0.0,10,73.5,407.5,1,171.0,0.0,0.0,0.0,0.0,0.0,36
2023-05-11 10:00:25,PK401P8900,PK401P8900,171.0,0.0,0.0,0.0,10,73.5,407.0,10,171.0,0.0,0.0,0.0,0.0,0.0,36
2023-05-11 10:00:25,PK401P8900,PK401P8900,171.0,0.0,0.0,0.0,10,73.5,405.5,1,171.0,0.0,0.0,0.0,0.0,0.0,36
2023-05-11 10:00:26,PK401P8900,PK401P8900,171.0,0.0,0.0,0.0,10,73.5,405.0,10,171.0,0.0,0.0,0.0,0.0,0.0,36
2023-05-11 10:00:26,PK401P8900,PK401P8900,171.0,0.0,0.0,0.0,10,73.5,403.5,1,171.0,0.0,0.0,0.0,0.0,0.0,36
2023-05-11 10:00:27,PK401P8900,PK401P8900,171.0,0.0,0.0,0.0,10,73.5,403.0,10,171.0,0.0,0.0,0.0,0.0,0.0,36
2023-05-11 10:00:27,PK401P8900,PK401P8900,171.0,0.0,0.0,0.0,10,73.5,401.5,1,171.0,0.0,0.0,0.0,0.0,0.0,36
2023-05-11 10:00:28,PK401P8900,PK401P8900,171.0,0.0,0.0,0.0,10,73.5,401.0,10,171.0,0.0,0.0,0.0,0.0,0.0,36
2023-05-11 10:00:28,PK401P8900,PK401P8900,171.0,0.0,0.0,0.0,10,73.5,399.5,1,171.0,0.0,0.0,0.0,0.0,0.0,36
2023-05-11 10:00:43,PK401P8900,PK401P8900,171.0,0.0,0.0,0.0,10,73.5,399.0,10,171.0,0.0,0.0,0.0,0.0,0.0,36
2023-05-11 10:00:44,PK401P8900,PK401P8900,171.0,0.0,0.0,0.0,10,73.5,397.5,1,171.0,0.0,0.0,0.0,0.0,0.0,36
2023-05-11 10:00:44,PK401P8900,PK401P8900,171.0,0.0,0.0,0.0,10,73.5,397.0,10,171.0,0.0,0.0,0.0,0.0,0.0,36
2023-05-11 10:00:45,PK401P8900,PK401P8900,171.0,0.0,0.0,0.0,10,73.5,395.5,1,171.0,0.0,0.0,0.0,0.0,0.0,36
2023-05-11 10:00:45,PK401P8900,PK401P8900,171.0,0.0,0.0,0.0,10,73.5,395.0,10,171.0,0.0,0.0,0.0,0.0,0.0,36
2023-05-11 10:00:46,PK401P8900,PK401P8900,171.0,0.0,0.0,0.0,10,73.5,393.5,1,171.0,0.0,0.0,0.0,0.0,0.0,36
2023-05-11 10:00:46,PK401P8900,PK401P8900,171.0,0.0,0.0,0.0,10,73.5,393.0,10,171.0,0.0,0.0,0.0,0.0,0.0,36
2023-05-11 10:00:47,PK401P8900,PK401P8900,171.0,0.0,0.0,0.0,10,73.5,391.5,1,171.0,0.0,0.0,0.0,0.0,0.0,36
2023-05-11 10:00:47,PK401P8900,PK401P8900,171.0,0.0,0.0,0.0,10,73.5,391.0,10,171.0,0.0,0.0,0.0,0.0,0.0,36
2023-05-11 10:00:48,PK401P8900,PK401P8900,171.0,0.0,0.0,0.0,10,73.5,389.5,1,171.0,0.0,0.0,0.0,0.0,0.0,36
2023-05-11 10:00:48,PK401P8900,PK401P8900,171.0,0.0,0.0,0.0,10,73.5,389.0,10,171.0,0.0,0.0,0.0,0.0,0.0,36
2023-05-11 10:00:49,PK401P8900,PK401P8900,171.0,0.0,0.0,0.0,10,73.5,387.5,1,171.0,0.0,0.0,0.0,0.0,0.0,36
2023-05-11 10:00:49,PK401P8900,PK401P8900,171.0,0.0,0.0,0.0,10,73.5,387.0,10,171.0,0.0,0.0,0.0,0.0,0.0,36
2023-05-11 10:00:50,PK401P8900,PK401P8900,171.0,0.0,0.0,0.0,10,73.5,385.5,1,171.0,0.0,0.0,0.0,0.0,0.0,36
2023-05-11 10:00:50,PK401P8900,PK401P8900,171.0,0.0,0.0,0.0,10,73.5,385.0,10,171.0,0.0,0.0,0.0,0.0,0.0,36
2023-05-11 10:00:51,PK401P8900,PK401P8900,171.0,0.0,0.0,0.0,10,73.5,383.5,1,171.0,0.0,0.0,0.0,0.0,0.0,36
2023-05-11 10:00:51,PK401P8900,PK401P8900,171.0,0.0,0.0,0.0,10,73.5,383.0,10,171.0,0.0,0.0,0.0,0.0,0.0,36
2023-05-11 10:00:52,PK401P8900,PK401P8900,171.0,0.0,0.0,0.0,10,73.5,381.5,1,171.0,0.0,0.0,0.0,0.0,0.0,36
2023-05-11 10:00:52,PK401P8900,PK401P8900,171.0,0.0,0.0,0.0,10,73.5,381.0,10,171.0,0.0,0.0,0.0,0.0,0.0,36
2023-05-11 10:00:53,PK401P8900,PK401P8900,171.0,0.0,0.0,0.0,10,73.5,379.5,1,171.0,0.0,0.0,0.0,0.0,0.0,36
2023-05-11 10:02:49,PK401P8900,PK401P8900,171.0,0.0,0.0,0.0,10,73.5,379.0,10,171.0,0.0,0.0,0.0,0.0,0.0,36
2023-05-11 10:02:49,PK401P8900,PK401P8900,171.0,0.0,0.0,0.0,10,73.5,377.5,1,171.0,0.0,0.0,0.0,0.0,0.0,36
2023-05-11 10:02:50,PK401P8900,PK401P8900,171.0,0.0,0.0,0.0,10,73.5,377.0,10,171.0,0.0,0.0,0.0,0.0,0.0,36
2023-05-11 10:02:50,PK401P8900,PK401P8900,171.0,0.0,0.0,0.0,10,73.5,375.5,1,171.0,0.0,0.0,0.0,0.0,0.0,36
2023-05-11 10:02:51,PK401P8900,PK401P8900,171.0,0.0,0.0,0.0,10,73.5,375.0,10,171.0,0.0,0.0,0.0,0.0,0.0,36
2023-05-11 10:02:51,PK401P8900,PK401P8900,171.0,0.0,0.0,0.0,10,73.5,373.5,1,171.0,0.0,0.0,0.0,0.0,0.0,36
2023-05-11 10:02:52,PK401P8900,PK401P8900,171.0,0.0,0.0,0.0,10,73.5,373.0,10,171.0,0.0,0.0,0.0,0.0,0.0,36
2023-05-11 10:02:52,PK401P8900,PK401P8900,171.0,0.0,0.0,0.0,10,73.5,371.5,1,171.0,0.0,0.0,0.0,0.0,0.0,36
2023-05-11 10:02:53,PK401P8900,PK401P8900,171.0,0.0,0.0,0.0,10,73.5,371.0,10,171.0,0.0,0.0,0.0,0.0,0.0,36
2023-05-11 10:14:33,PK401P8900,PK401P8900,171.0,0.0,0.0,0.0,1,7.5,0.0,0,171.0,0.0,0.0,0.0,0.0,0.0,36
2023-05-11 10:30:13,PK401P8900,PK401P8900,171.0,0.0,0.0,0.0,1,8.0,0.0,0,171.0,0.0,0.0,0.0,0.0,0.0,36
2023-05-11 10:30:13,PK401P8900,PK401P8900,171.0,0.0,0.0,0.0,10,8.5,0.0,0,171.0,0.0,0.0,0.0,0.0,0.0,36
2023-05-11 10:30:18,PK401P8900,PK401P8900,171.0,0.0,0.0,0.0,1,9.0,0.0,0,171.0,0.0,0.0,0.0,0.0,0.0,36
2023-05-11 10:30:18,PK401P8900,PK401P8900,171.0,0.0,0.0,0.0,10,9.5,0.0,0,171.0,0.0,0.0,0.0,0.0,0.0,36
2023-05-11 10:30:24,PK401P8900,PK401P8900,171.0,0.0,0.0,0.0,1,10.0,0.0,0,171.0,0.0,0.0,0.0,0.0,0.0,36
2023-05-11 10:30:24,PK401P8900,PK401P8900,171.0,0.0,0.0,0.0,10,10.5,0.0,0,171.0,0.0,0.0,0.0,0.0,0.0,36
2023-05-11 10:30:28,PK401P8900,PK401P8900,171.0,0.0,0.0,0.0,1,11.0,0.0,0,171.0,0.0,0.0,0.0,0.0,0.0,36
2023-05-11 10:30:28,PK401P8900,PK401P8900,171.0,0.0,0.0,0.0,10,11.5,0.0,0,171.0,0.0,0.0,0.0,0.0,0.0,36
2023-05-11 10:30:31,PK401P8900,PK401P8900,171.0,0.0,0.0,0.0,1,19.5,0.0,0,171.0,0.0,0.0,0.0,0.0,0.0,36
2023-05-11 10:30:31,PK401P8900,PK401P8900,171.0,0.0,0.0,0.0,10,20.0,0.0,0,171.0,0.0,0.0,0.0,0.0,0.0,36
2023-05-11 10:30:32,PK401P8900,PK401P8900,171.0,0.0,0.0,0.0,1,21.5,0.0,0,171.0,0.0,0.0,0.0,0.0,0.0,36
2023-05-11 10:30:32,PK401P8900,PK401P8900,171.0,0.0,0.0,0.0,10,22.0,0.0,0,171.0,0.0,0.0,0.0,0.0,0.0,36
2023-05-11 10:30:33,PK401P8900,PK401P8900,171.0,0.0,0.0,0.0,1,30.0,0.0,0,171.0,0.0,0.0,0.0,0.0,0.0,36
2023-05-11 10:30:34,PK401P8900,PK401P8900,171.0,0.0,0.0,0.0,10,30.5,877.0,10,171.0,0.0,0.0,0.0,0.0,0.0,36
2023-05-11 10:30:34,PK401P8900,PK401P8900,171.0,0.0,0.0,0.0,1,32.0,875.5,1,171.0,0.0,0.0,0.0,0.0,0.0,36
2023-05-11 10:30:34,PK401P8900,PK401P8900,171.0,0.0,0.0,0.0,10,32.5,875.0,10,171.0,0.0,0.0,0.0,0.0,0.0,36
2023-05-11 10:30:35,PK401P8900,PK401P8900,171.0,0.0,0.0,0.0,1,34.0,873.5,1,171.0,0.0,0.0,0.0,0.0,0.0,36
2023-05-11 10:30:35,PK401P8900,PK401P8900,171.0,0.0,0.0,0.0,10,34.5,873.0,10,171.0,0.0,0.0,0.0,0.0,0.0,36
2023-05-11 10:30:36,PK401P8900,PK401P8900,171.0,0.0,0.0,0.0,1,42.0,873.0,10,171.0,0.0,0.0,0.0,0.0,0.0,36
2023-05-11 10:30:37,PK401P8900,PK401P8900,171.0,0.0,0.0,0.0,1,43.5,871.5,1,171.0,0.0,0.0,0.0,0.0,0.0,36
2023-05-11 10:30:39,PK401P8900,PK401P8900,171.0,0.0,0.0,0.0,1,51.5,871.5,1,171.0,0.0,0.0,0.0,0.0,0.0,36
2023-05-11 10:30:39,PK401P8900,PK401P8900,171.0,0.0,0.0,0.0,1,53.0,871.5,1,171.0,0.0,0.0,0.0,0.0,0.0,36
2023-05-11 10:30:40,PK401P8900,PK401P8900,171.0,0.0,0.0,0.0,1,61.0,871.5,1,171.0,0.0,0.0,0.0,0.0,0.0,36
2023-05-11 10:30:41,PK401P8900,PK401P8900,171.0,0.0,0.0,0.0,1,62.5,871.0,10,171.0,0.0,0.0,0.0,0.0,0.0,36
2023-05-11 10:30:41,PK401P8900,PK401P8900,171.0,0.0,0.0,0.0,10,63.0,869.5,1,171.0,0.0,0.0,0.0,0.0,0.0,36
2023-05-11 10:30:42,PK401P8900,PK401P8900,171.0,0.0,0.0,0.0,1,70.5,869.0,10,171.0,0.0,0.0,0.0,0.0,0.0,36
2023-05-11 10:30:42,PK401P8900,PK401P8900,171.0,0.0,0.0,0.0,1,72.0,867.5,1,171.0,0.0,0.0,0.0,0.0,0.0,36
2023-05-11 10:30:43,PK401P8900,PK401P8900,171.0,0.0,0.0,0.0,1,80.0,867.0,10,171.0,0.0,0.0,0.0,0.0,0.0,36
2023-05-11 10:30:43,PK401P8900,PK401P8900,171.0,0.0,0.0,0.0,1,80.0,865.5,1,171.0,0.0,0.0,0.0,0.0,0.0,36
2023-05-11 10:30:44,PK401P8900,PK401P8900,171.0,0.0,0.0,0.0,10,80.5,865.0,10,171.0,0.0,0.0,0.0,0.0,0.0,36
2023-05-11 10:30:45,PK401P8900,PK401P8900,171.0,0.0,0.0,0.0,1,88.5,863.5,1,171.0,0.0,0.0,0.0,0.0,0.0,36
2023-05-11 10:30:45,PK401P8900,PK401P8900,171.0,0.0,0.0,0.0,10,89.0,863.0,10,171.0,0.0,0.0,0.0,0.0,0.0,36
2023-05-11 10:30:46,PK401P8900,PK401P8900,171.0,0.0,0.0,0.0,1,97.0,861.5,1,171.0,0.0,0.0,0.0,0.0,0.0,36
2023-05-11 10:30:46,PK401P8900,PK401P8900,171.0,0.0,0.0,0.0,10,97.5,861.0,10,171.0,0.0,0.0,0.0,0.0,0.0,36
2023-05-11 10:30:47,PK401P8900,PK401P8900,171.0,0.0,0.0,0.0,1,105.5,859.5,1,171.0,0.0,0.0,0.0,0.0,0.0,36
2023-05-11 10:30:47,PK401P8900,PK401P8900,171.0,0.0,0.0,0.0,10,106.0,859.0,10,171.0,0.0,0.0,0.0,0.0,0.0,36
2023-05-11 10:30:48,PK401P8900,PK401P8900,171.0,0.0,0.0,0.0,10,106.0,857.5,1,171.0,0.0,0.0,0.0,0.0,0.0,36
2023-05-11 10:30:48,PK401P8900,PK401P8900,171.0,0.0,0.0,0.0,1,114.0,857.0,10,171.0,0.0,0.0,0.0,0.0,0.0,36
2023-05-11 10:30:49,PK401P8900,PK401P8900,171.0,0.0,0.0,0.0,10,114.5,855.5,1,171.0,0.0,0.0,0.0,0.0,0.0,36
2023-05-11 10:30:49,PK401P8900,PK401P8900,171.0,0.0,0.0,0.0,10,114.5,855.0,10,171.0,0.0,0.0,0.0,0.0,0.0,36
2023-05-11 10:30:50,PK401P8900,PK401P8900,171.0,0.0,0.0,0.0,1,118.5,853.5,1,171.0,0.0,0.0,0.0,0.0,0.0,36
2023-05-11 10:30:50,PK401P8900,PK401P8900,171.0,0.0,0.0,0.0,10,119.0,853.0,10,171.0,0.0,0.0,0.0,0.0,0.0,36
2023-05-11 10:30:51,PK401P8900,PK401P8900,171.0,0.0,0.0,0.0,1,119.5,851.5,1,171.0,0.0,0.0,0.0,0.0,0.0,36
2023-05-11 10:30:51,PK401P8900,PK401P8900,171.0,0.0,0.0,0.0,10,120.0,851.0,10,171.0,0.0,0.0,0.0,0.0,0.0,36
2023-05-11 10:30:52,PK401P8900,PK401P8900,171.0,0.0,0.0,0.0,1,120.5,849.5,1,171.0,0.0,0.0,0.0,0.0,0.0,36
2023-05-11 10:30:52,PK401P8900,PK401P8900,171.0,0.0,0.0,0.0,10,121.0,849.0,10,171.0,0.0,0.0,0.0,0.0,0.0,36
2023-05-11 10:30:53,PK401P8900,PK401P8900,171.0,0.0,0.0,0.0,1,121.5,847.5,1,171.0,0.0,0.0,0.0,0.0,0.0,36
2023-05-11 10:30:53,PK401P8900,PK401P8900,171.0,0.0,0.0,0.0,10,122.0,847.0,10,171.0,0.0,0.0,0.0,0.0,0.0,36
2023-05-11 10:30:54,PK401P8900,PK401P8900,171.0,0.0,0.0,0.0,10,122.0,845.5,1,171.0,0.0,0.0,0.0,0.0,0.0,36
2023-05-11 10:30:54,PK401P8900,PK401P8900,171.0,0.0,0.0,0.0,1,122.5,845.0,10,171.0,0.0,0.0,0.0,0.0,0.0,36
2023-05-11 10:30:55,PK401P8900,PK401P8900,171.0,0.0,0.0,0.0,10,123.0,843.5,1,171.0,0.0,0.0,0.0,0.0,0.0,36
2023-05-11 10:30:55,PK401P8900,PK401P8900,171.0,0.0,0.0,0.0,10,123.0,843.0,10,171.0,0.0,0.0,0.0,0.0,0.0,36
2023-05-11 10:30:56,PK401P8900,PK401P8900,171.0,0.0,0.0,0.0,1,123.5,841.5,1,171.0,0.0,0.0,0.0,0.0,0.0,36
2023-05-11 10:30:56,PK401P8900,PK401P8900,171.0,0.0,0.0,0.0,10,124.0,841.0,10,171.0,0.0,0.0,0.0,0.0,0.0,36
2023-05-11 10:30:57,PK401P8900,PK401P8900,171.0,0.0,0.0,0.0,10,124.0,839.5,1,171.0,0.0,0.0,0.0,0.0,0.0,36
2023-05-11 10:31:48,PK401P8900,PK401P8900,171.0,0.0,0.0,0.0,10,124.0,839.0,10,171.0,0.0,0.0,0.0,0.0,0.0,36
2023-05-11 10:31:50,PK401P8900,PK401P8900,171.0,0.0,0.0,0.0,10,124.0,837.5,1,171.0,0.0,0.0,0.0,0.0,0.0,36
2023-05-11 10:31:50,PK401P8900,PK401P8900,171.0,0.0,0.0,0.0,10,124.0,837.0,10,171.0,0.0,0.0,0.0,0.0,0.0,36
2023-05-11 10:31:52,PK401P8900,PK401P8900,171.0,0.0,0.0,0.0,10,124.0,835.5,1,171.0,0.0,0.0,0.0,0.0,0.0,36
2023-05-11 10:31:52,PK401P8900,PK401P8900,171.0,0.0,0.0,0.0,10,124.0,835.0,10,171.0,0.0,0.0,0.0,0.0,0.0,36
2023-05-11 10:31:53,PK401P8900,PK401P8900,171.0,0.0,0.0,0.0,10,124.0,833.5,1,171.0,0.0,0.0,0.0,0.0,0.0,36
2023-05-11 10:31:53,PK401P8900,PK401P8900,171.0,0.0,0.0,0.0,10,124.0,833.0,10,171.0,0.0,0.0,0.0,0.0,0.0,36
2023-05-11 10:31:55,PK401P8900,PK401P8900,171.0,0.0,0.0,0.0,10,124.0,831.5,1,171.0,0.0,0.0,0.0,0.0,0.0,36
2023-05-11 10:34:47,PK401P8900,PK401P8900,171.0,0.0,0.0,0.0,10,124.0,831.0,10,171.0,0.0,0.0,0.0,0.0,0.0,36
2023-05-11 10:34:48,PK401P8900,PK401P8900,171.0,0.0,0.0,0.0,10,124.0,829.5,1,171.0,0.0,0.0,0.0,0.0,0.0,36
2023-05-11 10:34:48,PK401P8900,PK401P8900,171.0,0.0,0.0,0.0,10,124.0,829.0,10,171.0,0.0,0.0,0.0,0.0,0.0,36
2023-05-11 10:34:51,PK401P8900,PK401P8900,171.0,0.0,0.0,0.0,10,124.0,827.5,1,171.0,0.0,0.0,0.0,0.0,0.0,36
2023-05-11 10:35:51,PK401P8900,PK401P8900,171.0,0.0,0.0,0.0,1,124.5,827.5,1,171.0,0.0,0.0,0.0,0.0,0.0,36
2023-05-11 10:35:51,PK401P8900,PK401P8900,171.0,0.0,0.0,0.0,10,125.0,827.0,10,171.0,0.0,0.0,0.0,0.0,0.0,36
2023-05-11 10:35:52,PK401P8900,PK401P8900,171.0,0.0,0.0,0.0,10,125.0,825.5,1,171.0,0.0,0.0,0.0,0.0,0.0,36
2023-05-11 10:35:52,PK401P8900,PK401P8900,171.0,0.0,0.0,0.0,1,125.5,825.0,10,171.0,0.0,0.0,0.0,0.0,0.0,36
2023-05-11 10:35:53,PK401P8900,PK401P8900,171.0,0.0,0.0,0.0,10,126.0,823.5,1,171.0,0.0,0.0,0.0,0.0,0.0,36
2023-05-11 10:35:53,PK401P8900,PK401P8900,171.0,0.0,0.0,0.0,10,126.0,823.0,10,171.0,0.0,0.0,0.0,0.0,0.0,36
2023-05-11 10:35:54,PK401P8900,PK401P8900,171.0,0.0,0.0,0.0,1,126.5,821.5,1,171.0,0.0,0.0,0.0,0.0,0.0,36
2023-05-11 10:35:54,PK401P8900,PK401P8900,171.0,0.0,0.0,0.0,10,127.0,821.0,10,171.0,0.0,0.0,0.0,0.0,0.0,36
2023-05-11 10:35:55,PK401P8900,PK401P8900,171.0,0.0,0.0,0.0,1,127.5,819.5,1,171.0,0.0,0.0,0.0,0.0,0.0,36
2023-05-11 10:35:56,PK401P8900,PK401P8900,171.0,0.0,0.0,0.0,10,128.0,819.0,10,171.0,0.0,0.0,0.0,0.0,0.0,36
2023-05-11 10:35:56,PK401P8900,PK401P8900,171.0,0.0,0.0,0.0,1,128.5,817.5,1,171.0,0.0,0.0,0.0,0.0,0.0,36
2023-05-11 10:35:57,PK401P8900,PK401P8900,171.0,0.0,0.0,0.0,10,129.0,817.0,10,171.0,0.0,0.0,0.0,0.0,0.0,36
2023-05-11 10:35:57,PK401P8900,PK401P8900,171.0,0.0,0.0,0.0,10,129.0,815.5,1,171.0,0.0,0.0,0.0,0.0,0.0,36
2023-05-11 10:35:58,PK401P8900,PK401P8900,171.0,0.0,0.0,0.0,1,129.5,815.0,10,171.0,0.0,0.0,0.0,0.0,0.0,36
2023-05-11 10:35:58,PK401P8900,PK401P8900,171.0,0.0,0.0,0.0,10,130.0,813.5,1,171.0,0.0,0.0,0.0,0.0,0.0,36
2023-05-11 10:35:59,PK401P8900,PK401P8900,171.0,0.0,0.0,0.0,1,134.0,813.0,10,171.0,0.0,0.0,0.0,0.0,0.0,36
2023-05-11 10:35:59,PK401P8900,PK401P8900,171.0,0.0,0.0,0.0,10,134.5,811.5,1,171.0,0.0,0.0,0.0,0.0,0.0,36
2023-05-11 10:36:00,PK401P8900,PK401P8900,171.0,0.0,0.0,0.0,1,138.5,811.0,10,171.0,0.0,0.0,0.0,0.0,0.0,36
2023-05-11 10:36:00,PK401P8900,PK401P8900,171.0,0.0,0.0,0.0,1,138.5,809.5,1,171.0,0.0,0.0,0.0,0.0,0.0,36
2023-05-11 10:36:01,PK401P8900,PK401P8900,171.0,0.0,0.0,0.0,10,139.0,809.0,10,171.0,0.0,0.0,0.0,0.0,0.0,36
2023-05-11 10:36:01,PK401P8900,PK401P8900,171.0,0.0,0.0,0.0,10,139.0,807.5,1,171.0,0.0,0.0,0.0,0.0,0.0,36
2023-05-11 10:36:02,PK401P8900,PK401P8900,171.0,0.0,0.0,0.0,1,139.5,807.0,10,171.0,0.0,0.0,0.0,0.0,0.0,36
2023-05-11 10:36:02,PK401P8900,PK401P8900,171.0,0.0,0.0,0.0,10,140.0,805.5,1,171.0,0.0,0.0,0.0,0.0,0.0,36
2023-05-11 10:36:03,PK401P8900,PK401P8900,171.0,0.0,0.0,0.0,1,140.5,805.5,1,171.0,0.0,0.0,0.0,0.0,0.0,36
2023-05-11 10:36:03,PK401P8900,PK401P8900,171.0,0.0,0.0,0.0,1,140.5,805.0,10,171.0,0.0,0.0,0.0,0.0,0.0,36
2023-05-11 10:36:04,PK401P8900,PK401P8900,171.0,0.0,0.0,0.0,10,141.0,803.5,1,171.0,0.0,0.0,0.0,0.0,0.0,36
2023-05-11 10:36:05,PK401P8900,PK401P8900,171.0,0.0,0.0,0.0,1,141.5,803.0,10,171.0,0.0,0.0,0.0,0.0,0.0,36
2023-05-11 10:36:05,PK401P8900,PK401P8900,171.0,0.0,0.0,0.0,10,142.0,801.5,1,171.0,0.0,0.0,0.0,0.0,0.0,36
2023-05-11 10:36:06,PK401P8900,PK401P8900,171.0,0.0,0.0,0.0,1,142.5,801.0,10,171.0,0.0,0.0,0.0,0.0,0.0,36
2023-05-11 10:36:06,PK401P8900,PK401P8900,171.0,0.0,0.0,0.0,10,143.0,799.5,1,171.0,0.0,0.0,0.0,0.0,0.0,36
2023-05-11 10:36:53,PK401P8900,PK401P8900,171.0,0.0,0.0,0.0,10,143.0,799.0,10,171.0,0.0,0.0,0.0,0.0,0.0,36
2023-05-11 10:36:54,PK401P8900,PK401P8900,171.0,0.0,0.0,0.0,10,143.0,797.5,1,171.0,0.0,0.0,0.0,0.0,0.0,36
2023-05-11 10:36:54,PK401P8900,PK401P8900,171.0,0.0,0.0,0.0,10,143.0,797.0,10,171.0,0.0,0.0,0.0,0.0,0.0,36
2023-05-11 10:36:55,PK401P8900,PK401P8900,171.0,0.0,0.0,0.0,10,143.0,795.5,1,171.0,0.0,0.0,0.0,0.0,0.0,36
2023-05-11 10:36:55,PK401P8900,PK401P8900,171.0,0.0,0.0,0.0,10,143.0,795.0,10,171.0,0.0,0.0,0.0,0.0,0.0,36
2023-05-11 10:36:56,PK401P8900,PK401P8900,171.0,0.0,0.0,0.0,10,143.0,793.5,1,171.0,0.0,0.0,0.0,0.0,0.0,36
2023-05-11 10:36:56,PK401P8900,PK401P8900,171.0,0.0,0.0,0.0,10,143.0,793.0,10,171.0,0.0,0.0,0.0,0.0,0.0,36
2023-05-11 10:36:57,PK401P8900,PK401P8900,171.0,0.0,0.0,0.0,10,143.0,791.5,1,171.0,0.0,0.0,0.0,0.0,0.0,36
2023-05-11 10:36:57,PK401P8900,PK401P8900,171.0,0.0,0.0,0.0,10,143.0,791.0,10,171.0,0.0,0.0,0.0,0.0,0.0,36
2023-05-11 10:36:58,PK401P8900,PK401P8900,171.0,0.0,0.0,0.0,10,143.0,789.5,1,171.0,0.0,0.0,0.0,0.0,0.0,36
2023-05-11 10:36:58,PK401P8900,PK401P8900,171.0,0.0,0.0,0.0,10,143.0,789.0,10,171.0,0.0,0.0,0.0,0.0,0.0,36
2023-05-11 10:36:59,PK401P8900,PK401P8900,171.0,0.0,0.0,0.0,10,143.0,787.5,1,171.0,0.0,0.0,0.0,0.0,0.0,36
2023-05-11 10:36:59,PK401P8900,PK401P8900,171.0,0.0,0.0,0.0,10,143.0,787.0,10,171.0,0.0,0.0,0.0,0.0,0.0,36
2023-05-11 10:37:00,PK401P8900,PK401P8900,171.0,0.0,0.0,0.0,10,143.0,785.5,1,171.0,0.0,0.0,0.0,0.0,0.0,36
2023-05-11 10:37:00,PK401P8900,PK401P8900,171.0,0.0,0.0,0.0,10,143.0,785.0,10,171.0,0.0,0.0,0.0,0.0,0.0,36
2023-05-11 10:37:02,PK401P8900,PK401P8900,171.0,0.0,0.0,0.0,10,143.0,783.5,1,171.0,0.0,0.0,0.0,0.0,0.0,36
2023-05-11 10:37:02,PK401P8900,PK401P8900,171.0,0.0,0.0,0.0,10,143.0,783.0,10,171.0,0.0,0.0,0.0,0.0,0.0,36
2023-05-11 10:37:03,PK401P8900,PK401P8900,171.0,0.0,0.0,0.0,10,143.0,781.5,1,171.0,0.0,0.0,0.0,0.0,0.0,36
2023-05-11 10:37:03,PK401P8900,PK401P8900,171.0,0.0,0.0,0.0,10,143.0,781.0,10,171.0,0.0,0.0,0.0,0.0,0.0,36
2023-05-11 10:37:04,PK401P8900,PK401P8900,171.0,0.0,0.0,0.0,10,143.0,779.5,1,171.0,0.0,0.0,0.0,0.0,0.0,36
2023-05-11 10:37:04,PK401P8900,PK401P8900,171.0,0.0,0.0,0.0,10,143.0,779.0,10,171.0,0.0,0.0,0.0,0.0,0.0,36
2023-05-11 10:37:05,PK401P8900,PK401P8900,171.0,0.0,0.0,0.0,10,143.0,777.5,1,171.0,0.0,0.0,0.0,0.0,0.0,36
2023-05-11 10:37:05,PK401P8900,PK401P8900,171.0,0.0,0.0,0.0,10,143.0,777.0,10,171.0,0.0,0.0,0.0,0.0,0.0,36
2023-05-11 10:37:06,PK401P8900,PK401P8900,171.0,0.0,0.0,0.0,10,143.0,775.5,1,171.0,0.0,0.0,0.0,0.0,0.0,36
2023-05-11 10:37:06,PK401P8900,PK401P8900,171.0,0.0,0.0,0.0,10,143.0,775.0,10,171.0,0.0,0.0,0.0,0.0,0.0,36
2023-05-11 10:37:08,PK401P8900,PK401P8900,171.0,0.0,0.0,0.0,10,143.0,773.5,1,171.0,0.0,0.0,0.0,0.0,0.0,36
2023-05-11 10:37:08,PK401P8900,PK401P8900,171.0,0.0,0.0,0.0,10,143.0,773.0,10,171.0,0.0,0.0,0.0,0.0,0.0,36
2023-05-11 10:37:10,PK401P8900,PK401P8900,171.0,0.0,0.0,0.0,10,143.0,771.5,1,171.0,0.0,0.0,0.0,0.0,0.0,36
2023-05-11 10:37:10,PK401P8900,PK401P8900,171.0,0.0,0.0,0.0,10,143.0,771.0,10,171.0,0.0,0.0,0.0,0.0,0.0,36
2023-05-11 10:37:12,PK401P8900,PK401P8900,171.0,0.0,0.0,0.0,10,143.0,769.5,1,171.0,0.0,0.0,0.0,0.0,0.0,36
2023-05-11 10:37:12,PK401P8900,PK401P8900,171.0,0.0,0.0,0.0,10,143.0,769.0,10,171.0,0.0,0.0,0.0,0.0,0.0,36
2023-05-11 10:37:13,PK401P8900,PK401P8900,171.0,0.0,0.0,0.0,10,143.0,767.5,1,171.0,0.0,0.0,0.0,0.0,0.0,36
2023-05-11 10:37:13,PK401P8900,PK401P8900,171.0,0.0,0.0,0.0,10,143.0,767.0,10,171.0,0.0,0.0,0.0,0.0,0.0,36
2023-05-11 10:37:14,PK401P8900,PK401P8900,171.0,0.0,0.0,0.0,10,143.0,765.5,1,171.0,0.0,0.0,0.0,0.0,0.0,36
2023-05-11 10:37:14,PK401P8900,PK401P8900,171.0,0.0,0.0,0.0,10,143.0,765.0,10,171.0,0.0,0.0,0.0,0.0,0.0,36
2023-05-11 10:37:15,PK401P8900,PK401P8900,171.0,0.0,0.0,0.0,10,143.0,763.5,1,171.0,0.0,0.0,0.0,0.0,0.0,36
2023-05-11 10:37:49,PK401P8900,PK401P8900,171.0,0.0,0.0,0.0,10,143.0,763.0,10,171.0,0.0,0.0,0.0,0.0,0.0,36
2023-05-11 10:37:49,PK401P8900,PK401P8900,171.0,0.0,0.0,0.0,10,143.0,761.5,1,171.0,0.0,0.0,0.0,0.0,0.0,36
2023-05-11 10:37:50,PK401P8900,PK401P8900,171.0,0.0,0.0,0.0,10,143.0,761.0,10,171.0,0.0,0.0,0.0,0.0,0.0,36
2023-05-11 10:37:51,PK401P8900,PK401P8900,171.0,0.0,0.0,0.0,10,143.0,759.5,1,171.0,0.0,0.0,0.0,0.0,0.0,36
2023-05-11 10:37:52,PK401P8900,PK401P8900,171.0,0.0,0.0,0.0,10,143.0,759.0,10,171.0,0.0,0.0,0.0,0.0,0.0,36
2023-05-11 10:37:52,PK401P8900,PK401P8900,171.0,0.0,0.0,0.0,10,143.0,757.5,1,171.0,0.0,0.0,0.0,0.0,0.0,36
2023-05-11 10:37:52,PK401P8900,PK401P8900,171.0,0.0,0.0,0.0,10,143.0,759.0,10,171.0,0.0,0.0,0.0,0.0,0.0,36
2023-05-11 10:37:53,PK401P8900,PK401P8900,171.0,0.0,0.0,0.0,10,143.0,757.0,10,171.0,0.0,0.0,0.0,0.0,0.0,36
2023-05-11 10:37:54,PK401P8900,PK401P8900,171.0,0.0,0.0,0.0,10,143.0,755.5,1,171.0,0.0,0.0,0.0,0.0,0.0,36
2023-05-11 10:37:55,PK401P8900,PK401P8900,171.0,0.0,0.0,0.0,10,143.0,755.0,10,171.0,0.0,0.0,0.0,0.0,0.0,36
2023-05-11 10:37:56,PK401P8900,PK401P8900,171.0,0.0,0.0,0.0,10,143.0,753.5,1,171.0,0.0,0.0,0.0,0.0,0.0,36
2023-05-11 10:38:58,PK401P8900,PK401P8900,171.0,0.0,0.0,0.0,10,143.0,753.0,10,171.0,0.0,0.0,0.0,0.0,0.0,36
2023-05-11 10:38:58,PK401P8900,PK401P8900,171.0,0.0,0.0,0.0,10,143.0,751.5,1,171.0,0.0,0.0,0.0,0.0,0.0,36
2023-05-11 10:38:59,PK401P8900,PK401P8900,171.0,0.0,0.0,0.0,10,143.0,751.0,10,171.0,0.0,0.0,0.0,0.0,0.0,36
2023-05-11 10:39:00,PK401P8900,PK401P8900,171.0,0.0,0.0,0.0,10,143.0,749.5,1,171.0,0.0,0.0,0.0,0.0,0.0,36
2023-05-11 10:39:02,PK401P8900,PK401P8900,171.0,0.0,0.0,0.0,10,143.0,749.0,10,171.0,0.0,0.0,0.0,0.0,0.0,36
2023-05-11 10:39:03,PK401P8900,PK401P8900,171.0,0.0,0.0,0.0,10,143.0,747.5,1,171.0,0.0,0.0,0.0,0.0,0.0,36
2023-05-11 10:39:03,PK401P8900,PK401P8900,171.0,0.0,0.0,0.0,10,143.0,747.0,10,171.0,0.0,0.0,0.0,0.0,0.0,36
2023-05-11 10:39:04,PK401P8900,PK401P8900,171.0,0.0,0.0,0.0,10,143.0,745.5,1,171.0,0.0,0.0,0.0,0.0,0.0,36
2023-05-11 10:39:04,PK401P8900,PK401P8900,171.0,0.0,0.0,0.0,10,143.0,745.0,10,171.0,0.0,0.0,0.0,0.0,0.0,36
2023-05-11 10:39:06,PK401P8900,PK401P8900,171.0,0.0,0.0,0.0,10,143.0,743.5,1,171.0,0.0,0.0,0.0,0.0,0.0,36
2023-05-11 10:39:06,PK401P8900,PK401P8900,171.0,0.0,0.0,0.0,10,143.0,743.0,10,171.0,0.0,0.0,0.0,0.0,0.0,36
2023-05-11 10:39:08,PK401P8900,PK401P8900,171.0,0.0,0.0,0.0,10,143.0,741.5,1,171.0,0.0,0.0,0.0,0.0,0.0,36
2023-05-11 10:39:25,PK401P8900,PK401P8900,171.0,0.0,0.0,0.0,10,143.0,741.0,10,171.0,0.0,0.0,0.0,0.0,0.0,36
2023-05-11 10:39:25,PK401P8900,PK401P8900,171.0,0.0,0.0,0.0,10,143.0,739.5,1,171.0,0.0,0.0,0.0,0.0,0.0,36
2023-05-11 10:39:30,PK401P8900,PK401P8900,171.0,0.0,0.0,0.0,1,147.0,739.5,1,171.0,0.0,0.0,0.0,0.0,0.0,36
2023-05-11 10:39:30,PK401P8900,PK401P8900,171.0,0.0,0.0,0.0,10,147.5,739.0,10,171.0,0.0,0.0,0.0,0.0,0.0,36
2023-05-11 10:39:30,PK401P8900,PK401P8900,171.0,0.0,0.0,0.0,10,147.5,737.5,1,171.0,0.0,0.0,0.0,0.0,0.0,36
2023-05-11 10:39:31,PK401P8900,PK401P8900,171.0,0.0,0.0,0.0,10,147.5,737.0,10,171.0,0.0,0.0,0.0,0.0,0.0,36
2023-05-11 10:39:31,PK401P8900,PK401P8900,171.0,0.0,0.0,0.0,1,151.5,735.5,1,171.0,0.0,0.0,0.0,0.0,0.0,36
2023-05-11 10:39:32,PK401P8900,PK401P8900,171.0,0.0,0.0,0.0,10,152.0,735.0,10,171.0,0.0,0.0,0.0,0.0,0.0,36
2023-05-11 10:39:33,PK401P8900,PK401P8900,171.0,0.0,0.0,0.0,1,152.5,733.5,1,171.0,0.0,0.0,0.0,0.0,0.0,36
2023-05-11 10:39:33,PK401P8900,PK401P8900,171.0,0.0,0.0,0.0,10,153.0,733.0,10,171.0,0.0,0.0,0.0,0.0,0.0,36
2023-05-11 10:39:34,PK401P8900,PK401P8900,171.0,0.0,0.0,0.0,1,153.5,731.5,1,171.0,0.0,0.0,0.0,0.0,0.0,36
2023-05-11 10:39:34,PK401P8900,PK401P8900,171.0,0.0,0.0,0.0,10,154.0,731.0,10,171.0,0.0,0.0,0.0,0.0,0.0,36
2023-05-11 10:39:35,PK401P8900,PK401P8900,171.0,0.0,0.0,0.0,1,154.5,729.5,1,171.0,0.0,0.0,0.0,0.0,0.0,36
2023-05-11 10:39:35,PK401P8900,PK401P8900,171.0,0.0,0.0,0.0,10,155.0,729.0,10,171.0,0.0,0.0,0.0,0.0,0.0,36
2023-05-11 10:39:35,PK401P8900,PK401P8900,171.0,0.0,0.0,0.0,10,155.0,727.5,1,171.0,0.0,0.0,0.0,0.0,0.0,36
2023-05-11 10:39:36,PK401P8900,PK401P8900,171.0,0.0,0.0,0.0,10,155.0,727.0,10,171.0,0.0,0.0,0.0,0.0,0.0,36
2023-05-11 10:39:36,PK401P8900,PK401P8900,171.0,0.0,0.0,0.0,10,155.0,725.5,1,171.0,0.0,0.0,0.0,0.0,0.0,36
2023-05-11 10:40:47,PK401P8900,PK401P8900,171.0,0.0,0.0,0.0,10,155.0,725.0,10,171.0,0.0,0.0,0.0,0.0,0.0,36
2023-05-11 10:40:48,PK401P8900,PK401P8900,171.0,0.0,0.0,0.0,10,155.0,723.5,1,171.0,0.0,0.0,0.0,0.0,0.0,36
2023-05-11 10:41:48,PK401P8900,PK401P8900,171.0,0.0,0.0,0.0,10,155.0,723.0,10,171.0,0.0,0.0,0.0,0.0,0.0,36
2023-05-11 10:41:48,PK401P8900,PK401P8900,171.0,0.0,0.0,0.0,10,155.0,721.5,1,171.0,0.0,0.0,0.0,0.0,0.0,36
2023-05-11 10:41:49,PK401P8900,PK401P8900,171.0,0.0,0.0,0.0,10,155.0,721.0,10,171.0,0.0,0.0,0.0,0.0,0.0,36
2023-05-11 10:41:50,PK401P8900,PK401P8900,171.0,0.0,0.0,0.0,10,155.0,719.5,1,171.0,0.0,0.0,0.0,0.0,0.0,36
2023-05-11 10:42:19,PK401P8900,PK401P8900,171.0,0.0,0.0,0.0,10,155.0,719.0,10,171.0,0.0,0.0,0.0,0.0,0.0,36
2023-05-11 10:42:19,PK401P8900,PK401P8900,171.0,0.0,0.0,0.0,10,155.0,717.5,1,171.0,0.0,0.0,0.0,0.0,0.0,36
2023-05-11 10:42:20,PK401P8900,PK401P8900,171.0,0.0,0.0,0.0,10,155.0,717.0,10,171.0,0.0,0.0,0.0,0.0,0.0,36
2023-05-11 10:42:20,PK401P8900,PK401P8900,171.0,0.0,0.0,0.0,10,155.0,715.5,1,171.0,0.0,0.0,0.0,0.0,0.0,36
2023-05-11 10:42:21,PK401P8900,PK401P8900,171.0,0.0,0.0,0.0,10,155.0,715.0,10,171.0,0.0,0.0,0.0,0.0,0.0,36
2023-05-11 10:50:42,PK401P8900,PK401P8900,171.0,0.0,0.0,0.0,1,159.0,715.0,10,171.0,0.0,0.0,0.0,0.0,0.0,36
2023-05-11 10:51:05,PK401P8900,PK401P8900,171.0,0.0,0.0,0.0,1,7.5,715.0,10,171.0,0.0,0.0,0.0,0.0,0.0,36
2023-05-11 10:51:05,PK401P8900,PK401P8900,171.0,0.0,0.0,0.0,1,15.5,715.0,10,171.0,0.0,0.0,0.0,0.0,0.0,36
2023-05-11 10:51:05,PK401P8900,PK401P8900,171.0,0.0,0.0,0.0,10,16.0,715.0,10,171.0,0.0,0.0,0.0,0.0,0.0,36
2023-05-11 10:51:06,PK401P8900,PK401P8900,171.0,0.0,0.0,0.0,1,24.0,715.0,10,171.0,0.0,0.0,0.0,0.0,0.0,36
2023-05-11 10:51:07,PK401P8900,PK401P8900,171.0,0.0,0.0,0.0,10,24.5,715.0,10,171.0,0.0,0.0,0.0,0.0,0.0,36
2023-05-11 10:51:07,PK401P8900,PK401P8900,171.0,0.0,0.0,0.0,1,32.5,715.0,10,171.0,0.0,0.0,0.0,0.0,0.0,36
2023-05-11 10:51:08,PK401P8900,PK401P8900,171.0,0.0,0.0,0.0,10,33.0,715.0,10,171.0,0.0,0.0,0.0,0.0,0.0,36
2023-05-11 10:51:09,PK401P8900,PK401P8900,171.0,0.0,0.0,0.0,1,37.0,715.0,10,171.0,0.0,0.0,0.0,0.0,0.0,36
2023-05-11 10:51:09,PK401P8900,PK401P8900,171.0,0.0,0.0,0.0,10,37.5,715.0,10,171.0,0.0,0.0,0.0,0.0,0.0,36
2023-05-11 10:51:10,PK401P8900,PK401P8900,171.0,0.0,0.0,0.0,1,45.5,715.0,10,171.0,0.0,0.0,0.0,0.0,0.0,36
2023-05-11 10:51:11,PK401P8900,PK401P8900,171.0,0.0,0.0,0.0,10,46.0,715.0,10,171.0,0.0,0.0,0.0,0.0,0.0,36
2023-05-11 10:51:11,PK401P8900,PK401P8900,171.0,0.0,0.0,0.0,1,54.0,715.0,10,171.0,0.0,0.0,0.0,0.0,0.0,36
2023-05-11 10:51:12,PK401P8900,PK401P8900,171.0,0.0,0.0,0.0,10,54.5,715.0,10,171.0,0.0,0.0,0.0,0.0,0.0,36
2023-05-11 10:51:13,PK401P8900,PK401P8900,171.0,0.0,0.0,0.0,1,62.5,715.0,10,171.0,0.0,0.0,0.0,0.0,0.0,36
2023-05-11 10:52:49,PK401P8900,PK401P8900,171.0,0.0,0.0,0.0,1,64.0,713.5,1,171.0,0.0,0.0,0.0,0.0,0.0,36
2023-05-11 10:52:49,PK401P8900,PK401P8900,171.0,0.0,0.0,0.0,1,72.0,713.5,1,171.0,0.0,0.0,0.0,0.0,0.0,36
2023-05-11 10:52:50,PK401P8900,PK401P8900,171.0,0.0,0.0,0.0,1,72.0,713.0,10,171.0,0.0,0.0,0.0,0.0,0.0,36
2023-05-11 10:52:50,PK401P8900,PK401P8900,171.0,0.0,0.0,0.0,10,72.5,711.5,1,171.0,0.0,0.0,0.0,0.0,0.0,36
2023-05-11 10:52:51,PK401P8900,PK401P8900,171.0,0.0,0.0,0.0,1,80.5,711.5,1,171.0,0.0,0.0,0.0,0.0,0.0,36
2023-05-11 10:52:53,PK401P8900,PK401P8900,171.0,0.0,0.0,0.0,10,81.0,711.0,10,171.0,0.0,0.0,0.0,0.0,0.0,36
2023-05-11 10:52:53,PK401P8900,PK401P8900,171.0,0.0,0.0,0.0,1,89.0,709.5,1,171.0,0.0,0.0,0.0,0.0,0.0,36
2023-05-11 10:52:54,PK401P8900,PK401P8900,171.0,0.0,0.0,0.0,10,89.5,709.0,10,171.0,0.0,0.0,0.0,0.0,0.0,36
2023-05-11 10:52:54,PK401P8900,PK401P8900,171.0,0.0,0.0,0.0,1,97.5,707.5,1,171.0,0.0,0.0,0.0,0.0,0.0,36
2023-05-11 10:53:28,PK401P8900,PK401P8900,171.0,0.0,0.0,0.0,10,98.0,707.0,10,171.0,0.0,0.0,0.0,0.0,0.0,36
2023-05-11 10:53:29,PK401P8900,PK401P8900,171.0,0.0,0.0,0.0,10,98.0,705.5,1,171.0,0.0,0.0,0.0,0.0,0.0,36
2023-05-11 10:53:29,PK401P8900,PK401P8900,171.0,0.0,0.0,0.0,10,98.0,705.0,10,171.0,0.0,0.0,0.0,0.0,0.0,36
2023-05-11 10:53:30,PK401P8900,PK401P8900,171.0,0.0,0.0,0.0,10,98.0,703.5,1,171.0,0.0,0.0,0.0,0.0,0.0,36
2023-05-11 10:53:31,PK401P8900,PK401P8900,171.0,0.0,0.0,0.0,1,106.0,703.0,10,171.0,0.0,0.0,0.0,0.0,0.0,36
2023-05-11 10:53:31,PK401P8900,PK401P8900,171.0,0.0,0.0,0.0,1,106.0,701.5,1,171.0,0.0,0.0,0.0,0.0,0.0,36
2023-05-11 10:56:17,PK401P8900,PK401P8900,171.0,0.0,0.0,0.0,10,106.5,701.0,10,171.0,0.0,0.0,0.0,0.0,0.0,36
2023-05-11 10:56:17,PK401P8900,PK401P8900,171.0,0.0,0.0,0.0,10,106.5,699.5,1,171.0,0.0,0.0,0.0,0.0,0.0,36
2023-05-11 10:56:18,PK401P8900,PK401P8900,171.0,0.0,0.0,0.0,1,114.5,699.0,10,171.0,0.0,0.0,0.0,0.0,0.0,36
2023-05-11 10:56:18,PK401P8900,PK401P8900,171.0,0.0,0.0,0.0,10,115.0,699.0,10,171.0,0.0,0.0,0.0,0.0,0.0,36
2023-05-11 10:56:19,PK401P8900,PK401P8900,171.0,0.0,0.0,0.0,10,115.0,697.0,10,171.0,0.0,0.0,0.0,0.0,0.0,36
2023-05-11 10:56:19,PK401P8900,PK401P8900,171.0,0.0,0.0,0.0,10,115.0,695.5,1,171.0,0.0,0.0,0.0,0.0,0.0,36
2023-05-11 10:56:20,PK401P8900,PK401P8900,171.0,0.0,0.0,0.0,1,123.0,695.5,1,171.0,0.0,0.0,0.0,0.0,0.0,36
2023-05-11 10:56:21,PK401P8900,PK401P8900,171.0,0.0,0.0,0.0,10,123.5,695.0,10,171.0,0.0,0.0,0.0,0.0,0.0,36
2023-05-11 10:56:22,PK401P8900,PK401P8900,171.0,0.0,0.0,0.0,1,127.5,695.0,10,171.0,0.0,0.0,0.0,0.0,0.0,36
2023-05-11 10:56:23,PK401P8900,PK401P8900,171.0,0.0,0.0,0.0,10,128.0,695.0,10,171.0,0.0,0.0,0.0,0.0,0.0,36
2023-05-11 10:56:24,PK401P8900,PK401P8900,171.0,0.0,0.0,0.0,1,128.5,695.0,10,171.0,0.0,0.0,0.0,0.0,0.0,36
2023-05-11 10:56:24,PK401P8900,PK401P8900,171.0,0.0,0.0,0.0,10,129.0,695.0,10,171.0,0.0,0.0,0.0,0.0,0.0,36
2023-05-11 10:56:25,PK401P8900,PK401P8900,171.0,0.0,0.0,0.0,1,129.5,695.0,10,171.0,0.0,0.0,0.0,0.0,0.0,36
2023-05-11 10:56:26,PK401P8900,PK401P8900,171.0,0.0,0.0,0.0,10,130.0,695.0,10,171.0,0.0,0.0,0.0,0.0,0.0,36
2023-05-11 10:56:27,PK401P8900,PK401P8900,171.0,0.0,0.0,0.0,1,130.5,695.0,10,171.0,0.0,0.0,0.0,0.0,0.0,36
2023-05-11 10:57:17,PK401P8900,PK401P8900,171.0,0.0,0.0,0.0,10,131.0,695.0,10,171.0,0.0,0.0,0.0,0.0,0.0,36
2023-05-11 10:57:18,PK401P8900,PK401P8900,171.0,0.0,0.0,0.0,1,131.5,695.0,10,171.0,0.0,0.0,0.0,0.0,0.0,36
2023-05-11 10:57:19,PK401P8900,PK401P8900,171.0,0.0,0.0,0.0,10,132.0,695.0,10,171.0,0.0,0.0,0.0,0.0,0.0,36
2023-05-11 11:12:49,PK401P8900,PK401P8900,171.0,0.0,0.0,0.0,10,132.0,693.5,1,171.0,0.0,0.0,0.0,0.0,0.0,36
2023-05-11 11:12:49,PK401P8900,PK401P8900,171.0,0.0,0.0,0.0,10,132.0,693.0,10,171.0,0.0,0.0,0.0,0.0,0.0,36
2023-05-11 11:12:49,PK401P8900,PK401P8900,171.0,0.0,0.0,0.0,10,132.0,691.5,1,171.0,0.0,0.0,0.0,0.0,0.0,36
2023-05-11 11:12:50,PK401P8900,PK401P8900,171.0,0.0,0.0,0.0,10,132.0,691.0,10,171.0,0.0,0.0,0.0,0.0,0.0,36
2023-05-11 11:12:50,PK401P8900,PK401P8900,171.0,0.0,0.0,0.0,10,132.0,689.5,1,171.0,0.0,0.0,0.0,0.0,0.0,36
2023-05-11 11:12:51,PK401P8900,PK401P8900,171.0,0.0,0.0,0.0,10,132.0,689.0,10,171.0,0.0,0.0,0.0,0.0,0.0,36
2023-05-11 11:12:51,PK401P8900,PK401P8900,171.0,0.0,0.0,0.0,10,132.0,687.5,1,171.0,0.0,0.0,0.0,0.0,0.0,36
2023-05-11 11:12:53,PK401P8900,PK401P8900,171.0,0.0,0.0,0.0,10,132.0,687.0,10,171.0,0.0,0.0,0.0,0.0,0.0,36
2023-05-11 11:12:53,PK401P8900,PK401P8900,171.0,0.0,0.0,0.0,10,132.0,685.5,1,171.0,0.0,0.0,0.0,0.0,0.0,36
2023-05-11 11:12:53,PK401P8900,PK401P8900,171.0,0.0,0.0,0.0,10,132.0,685.0,10,171.0,0.0,0.0,0.0,0.0,0.0,36
2023-05-11 11:12:54,PK401P8900,PK401P8900,171.0,0.0,0.0,0.0,10,132.0,683.5,1,171.0,0.0,0.0,0.0,0.0,0.0,36
2023-05-11 11:12:54,PK401P8900,PK401P8900,171.0,0.0,0.0,0.0,10,132.0,683.0,10,171.0,0.0,0.0,0.0,0.0,0.0,36
2023-05-11 11:12:55,PK401P8900,PK401P8900,171.0,0.0,0.0,0.0,10,132.0,681.5,1,171.0,0.0,0.0,0.0,0.0,0.0,36
2023-05-11 11:12:55,PK401P8900,PK401P8900,171.0,0.0,0.0,0.0,10,132.0,681.0,10,171.0,0.0,0.0,0.0,0.0,0.0,36
2023-05-11 11:12:56,PK401P8900,PK401P8900,171.0,0.0,0.0,0.0,10,132.0,679.5,1,171.0,0.0,0.0,0.0,0.0,0.0,36
2023-05-11 11:13:29,PK401P8900,PK401P8900,171.0,0.0,0.0,0.0,10,132.0,679.0,10,171.0,0.0,0.0,0.0,0.0,0.0,36
2023-05-11 11:13:29,PK401P8900,PK401P8900,171.0,0.0,0.0,0.0,10,132.0,677.5,1,171.0,0.0,0.0,0.0,0.0,0.0,36
2023-05-11 11:13:30,PK401P8900,PK401P8900,171.0,0.0,0.0,0.0,10,132.0,677.0,10,171.0,0.0,0.0,0.0,0.0,0.0,36
2023-05-11 11:13:31,PK401P8900,PK401P8900,171.0,0.0,0.0,0.0,10,132.0,675.5,1,171.0,0.0,0.0,0.0,0.0,0.0,36
2023-05-11 11:13:31,PK401P8900,PK401P8900,171.0,0.0,0.0,0.0,10,132.0,675.0,10,171.0,0.0,0.0,0.0,0.0,0.0,36
2023-05-11 11:29:32,PK401P8900,PK401P8900,171.0,0.0,0.0,0.0,1,7.5,0.0,0,171.0,0.0,0.0,0.0,0.0,0.0,36
2023-05-11 13:30:11,PK401P8900,PK401P8900,171.0,0.0,0.0,0.0,10,8.0,0.0,0,171.0,0.0,0.0,0.0,0.0,0.0,36
2023-05-11 13:31:14,PK401P8900,PK401P8900,171.0,0.0,0.0,0.0,1,16.0,0.0,0,171.0,0.0,0.0,0.0,0.0,0.0,36
2023-05-11 13:31:14,PK401P8900,PK401P8900,171.0,0.0,0.0,0.0,1,17.5,877.0,10,171.0,0.0,0.0,0.0,0.0,0.0,36
2023-05-11 13:31:15,PK401P8900,PK401P8900,171.0,0.0,0.0,0.0,10,18.0,877.0,10,171.0,0.0,0.0,0.0,0.0,0.0,36
2023-05-11 13:31:15,PK401P8900,PK401P8900,171.0,0.0,0.0,0.0,1,19.5,875.5,1,171.0,0.0,0.0,0.0,0.0,0.0,36
2023-05-11 13:31:16,PK401P8900,PK401P8900,171.0,0.0,0.0,0.0,10,20.0,875.0,10,171.0,0.0,0.0,0.0,0.0,0.0,36
2023-05-11 13:31:16,PK401P8900,PK401P8900,171.0,0.0,0.0,0.0,1,21.5,873.5,1,171.0,0.0,0.0,0.0,0.0,0.0,36
2023-05-11 13:31:17,PK401P8900,PK401P8900,171.0,0.0,0.0,0.0,10,22.0,873.0,10,171.0,0.0,0.0,0.0,0.0,0.0,36
2023-05-11 13:31:17,PK401P8900,PK401P8900,171.0,0.0,0.0,0.0,1,23.5,871.5,1,171.0,0.0,0.0,0.0,0.0,0.0,36
2023-05-11 13:31:18,PK401P8900,PK401P8900,171.0,0.0,0.0,0.0,10,24.0,871.0,10,171.0,0.0,0.0,0.0,0.0,0.0,36
2023-05-11 13:31:18,PK401P8900,PK401P8900,171.0,0.0,0.0,0.0,1,25.5,869.5,1,171.0,0.0,0.0,0.0,0.0,0.0,36
2023-05-11 13:31:19,PK401P8900,PK401P8900,171.0,0.0,0.0,0.0,10,26.0,869.0,10,171.0,0.0,0.0,0.0,0.0,0.0,36
2023-05-11 13:31:22,PK401P8900,PK401P8900,171.0,0.0,0.0,0.0,1,34.0,869.0,10,171.0,0.0,0.0,0.0,0.0,0.0,36
2023-05-11 13:33:23,PK401P8900,PK401P8900,171.0,0.0,0.0,0.0,10,34.5,869.0,10,171.0,0.0,0.0,0.0,0.0,0.0,36
2023-05-11 13:33:26,PK401P8900,PK401P8900,171.0,0.0,0.0,0.0,1,42.5,869.0,10,171.0,0.0,0.0,0.0,0.0,0.0,36
2023-05-11 13:34:21,PK401P8900,PK401P8900,171.0,0.0,0.0,0.0,1,42.5,868.5,1,171.0,0.0,0.0,0.0,0.0,0.0,36
2023-05-11 13:34:51,PK401P8900,PK401P8900,171.0,0.0,0.0,0.0,10,43.0,868.0,10,171.0,0.0,0.0,0.0,0.0,0.0,36
2023-05-11 13:34:53,PK401P8900,PK401P8900,171.0,0.0,0.0,0.0,1,51.0,868.0,10,171.0,0.0,0.0,0.0,0.0,0.0,36
2023-05-11 13:34:53,PK401P8900,PK401P8900,171.0,0.0,0.0,0.0,10,51.5,868.0,10,171.0,0.0,0.0,0.0,0.0,0.0,36
2023-05-11 13:34:58,PK401P8900,PK401P8900,171.0,0.0,0.0,0.0,1,59.5,868.0,10,171.0,0.0,0.0,0.0,0.0,0.0,36
2023-05-11 13:34:59,PK401P8900,PK401P8900,171.0,0.0,0.0,0.0,10,60.0,868.0,10,171.0,0.0,0.0,0.0,0.0,0.0,36
2023-05-11 13:35:00,PK401P8900,PK401P8900,171.0,0.0,0.0,0.0,10,60.0,867.5,1,171.0,0.0,0.0,0.0,0.0,0.0,36
2023-05-11 13:35:00,PK401P8900,PK401P8900,171.0,0.0,0.0,0.0,10,60.0,867.0,10,171.0,0.0,0.0,0.0,0.0,0.0,36
2023-05-11 13:35:03,PK401P8900,PK401P8900,171.0,0.0,0.0,0.0,1,68.0,867.0,10,171.0,0.0,0.0,0.0,0.0,0.0,36
2023-05-11 13:35:27,PK401P8900,PK401P8900,171.0,0.0,0.0,0.0,1,68.0,866.5,1,171.0,0.0,0.0,0.0,0.0,0.0,36
2023-05-11 13:37:34,PK401P8900,PK401P8900,171.0,0.0,0.0,0.0,10,68.5,866.0,10,171.0,0.0,0.0,0.0,0.0,0.0,36
2023-05-11 13:37:38,PK401P8900,PK401P8900,171.0,0.0,0.0,0.0,1,76.5,866.0,10,171.0,0.0,0.0,0.0,0.0,0.0,36
2023-05-11 13:37:39,PK401P8900,PK401P8900,171.0,0.0,0.0,0.0,10,77.0,866.0,10,171.0,0.0,0.0,0.0,0.0,0.0,36
2023-05-11 13:37:42,PK401P8900,PK401P8900,171.0,0.0,0.0,0.0,1,85.0,866.0,10,171.0,0.0,0.0,0.0,0.0,0.0,36
2023-05-11 13:37:42,PK401P8900,PK401P8900,171.0,0.0,0.0,0.0,10,85.5,866.0,10,171.0,0.0,0.0,0.0,0.0,0.0,36
2023-05-11 13:37:44,PK401P8900,PK401P8900,171.0,0.0,0.0,0.0,1,93.5,866.0,10,171.0,0.0,0.0,0.0,0.0,0.0,36
2023-05-11 13:37:45,PK401P8900,PK401P8900,171.0,0.0,0.0,0.0,10,94.0,866.0,10,171.0,0.0,0.0,0.0,0.0,0.0,36
2023-05-11 13:37:46,PK401P8900,PK401P8900,171.0,0.0,0.0,0.0,1,102.0,866.0,10,171.0,0.0,0.0,0.0,0.0,0.0,36
2023-05-11 13:37:49,PK401P8900,PK401P8900,171.0,0.0,0.0,0.0,1,102.0,865.5,1,171.0,0.0,0.0,0.0,0.0,0.0,36
2023-05-11 13:37:49,PK401P8900,PK401P8900,171.0,0.0,0.0,0.0,10,102.5,865.5,1,171.0,0.0,0.0,0.0,0.0,0.0,36
2023-05-11 13:37:50,PK401P8900,PK401P8900,171.0,0.0,0.0,0.0,1,110.5,865.5,1,171.0,0.0,0.0,0.0,0.0,0.0,36
2023-05-11 13:37:52,PK401P8900,PK401P8900,171.0,0.0,0.0,0.0,10,111.0,865.0,10,171.0,0.0,0.0,0.0,0.0,0.0,36
2023-05-11 13:37:52,PK401P8900,PK401P8900,171.0,0.0,0.0,0.0,1,119.0,865.0,10,171.0,0.0,0.0,0.0,0.0,0.0,36
2023-05-11 13:37:57,PK401P8900,PK401P8900,171.0,0.0,0.0,0.0,10,119.5,865.0,10,171.0,0.0,0.0,0.0,0.0,0.0,36
2023-05-11 13:38:00,PK401P8900,PK401P8900,171.0,0.0,0.0,0.0,1,123.5,865.0,10,171.0,0.0,0.0,0.0,0.0,0.0,36
2023-05-11 13:38:01,PK401P8900,PK401P8900,171.0,0.0,0.0,0.0,1,123.5,864.5,1,171.0,0.0,0.0,0.0,0.0,0.0,36
2023-05-11 13:38:54,PK401P8900,PK401P8900,171.0,0.0,0.0,0.0,10,124.0,864.0,10,171.0,0.0,0.0,0.0,0.0,0.0,36
2023-05-11 13:38:57,PK401P8900,PK401P8900,171.0,0.0,0.0,0.0,1,128.0,864.0,10,171.0,0.0,0.0,0.0,0.0,0.0,36
2023-05-11 13:39:11,PK401P8900,PK401P8900,171.0,0.0,0.0,0.0,1,128.0,863.5,1,171.0,0.0,0.0,0.0,0.0,0.0,36
2023-05-11 13:39:11,PK401P8900,PK401P8900,171.0,0.0,0.0,0.0,10,128.5,863.0,10,171.0,0.0,0.0,0.0,0.0,0.0,36
2023-05-11 13:39:12,PK401P8900,PK401P8900,171.0,0.0,0.0,0.0,1,129.0,863.0,10,171.0,0.0,0.0,0.0,0.0,0.0,36
2023-05-11 13:39:19,PK401P8900,PK401P8900,171.0,0.0,0.0,0.0,1,129.0,862.5,1,171.0,0.0,0.0,0.0,0.0,0.0,36
2023-05-11 13:40:04,PK401P8900,PK401P8900,171.0,0.0,0.0,0.0,10,129.5,862.0,10,171.0,0.0,0.0,0.0,0.0,0.0,36
2023-05-11 13:40:08,PK401P8900,PK401P8900,171.0,0.0,0.0,0.0,10,129.5,861.5,1,171.0,0.0,0.0,0.0,0.0,0.0,36
2023-05-11 13:40:09,PK401P8900,PK401P8900,171.0,0.0,0.0,0.0,1,130.0,861.5,1,171.0,0.0,0.0,0.0,0.0,0.0,36
2023-05-11 13:40:28,PK401P8900,PK401P8900,171.0,0.0,0.0,0.0,10,130.5,861.0,10,171.0,0.0,0.0,0.0,0.0,0.0,36
2023-05-11 13:40:37,PK401P8900,PK401P8900,171.0,0.0,0.0,0.0,10,130.5,860.5,1,171.0,0.0,0.0,0.0,0.0,0.0,36
2023-05-11 13:42:15,PK401P8900,PK401P8900,171.0,0.0,0.0,0.0,10,130.5,860.0,10,171.0,0.0,0.0,0.0,0.0,0.0,36
2023-05-11 13:42:16,PK401P8900,PK401P8900,171.0,0.0,0.0,0.0,10,130.5,858.5,1,171.0,0.0,0.0,0.0,0.0,0.0,36
2023-05-11 13:42:26,PK401P8900,PK401P8900,171.0,0.0,0.0,0.0,10,130.5,858.0,10,171.0,0.0,0.0,0.0,0.0,0.0,36
2023-05-11 13:42:27,PK401P8900,PK401P8900,171.0,0.0,0.0,0.0,10,130.5,856.5,1,171.0,0.0,0.0,0.0,0.0,0.0,36
2023-05-11 13:42:27,PK401P8900,PK401P8900,171.0,0.0,0.0,0.0,10,130.5,856.0,10,171.0,0.0,0.0,0.0,0.0,0.0,36
2023-05-11 13:42:28,PK401P8900,PK401P8900,171.0,0.0,0.0,0.0,10,130.5,854.5,1,171.0,0.0,0.0,0.0,0.0,0.0,36
2023-05-11 13:42:28,PK401P8900,PK401P8900,171.0,0.0,0.0,0.0,10,130.5,854.0,10,171.0,0.0,0.0,0.0,0.0,0.0,36
2023-05-11 13:42:29,PK401P8900,PK401P8900,171.0,0.0,0.0,0.0,10,130.5,852.5,1,171.0,0.0,0.0,0.0,0.0,0.0,36
2023-05-11 13:42:30,PK401P8900,PK401P8900,171.0,0.0,0.0,0.0,10,130.5,852.0,10,171.0,0.0,0.0,0.0,0.0,0.0,36
2023-05-11 13:42:30,PK401P8900,PK401P8900,171.0,0.0,0.0,0.0,10,130.5,850.5,1,171.0,0.0,0.0,0.0,0.0,0.0,36
2023-05-11 13:42:30,PK401P8900,PK401P8900,171.0,0.0,0.0,0.0,10,130.5,850.0,10,171.0,0.0,0.0,0.0,0.0,0.0,36
2023-05-11 13:42:31,PK401P8900,PK401P8900,171.0,0.0,0.0,0.0,10,130.5,848.5,1,171.0,0.0,0.0,0.0,0.0,0.0,36
2023-05-11 13:42:33,PK401P8900,PK401P8900,171.0,0.0,0.0,0.0,10,130.5,848.0,10,171.0,0.0,0.0,0.0,0.0,0.0,36
2023-05-11 13:42:33,PK401P8900,PK401P8900,171.0,0.0,0.0,0.0,10,130.5,846.5,1,171.0,0.0,0.0,0.0,0.0,0.0,36
2023-05-11 13:42:34,PK401P8900,PK401P8900,171.0,0.0,0.0,0.0,10,130.5,846.0,10,171.0,0.0,0.0,0.0,0.0,0.0,36
2023-05-11 13:42:35,PK401P8900,PK401P8900,171.0,0.0,0.0,0.0,10,130.5,844.5,1,171.0,0.0,0.0,0.0,0.0,0.0,36
2023-05-11 13:42:36,PK401P8900,PK401P8900,171.0,0.0,0.0,0.0,10,130.5,844.0,10,171.0,0.0,0.0,0.0,0.0,0.0,36
2023-05-11 13:42:37,PK401P8900,PK401P8900,171.0,0.0,0.0,0.0,10,130.5,842.5,1,171.0,0.0,0.0,0.0,0.0,0.0,36
2023-05-11 13:42:37,PK401P8900,PK401P8900,171.0,0.0,0.0,0.0,10,130.5,842.0,10,171.0,0.0,0.0,0.0,0.0,0.0,36
2023-05-11 13:42:38,PK401P8900,PK401P8900,171.0,0.0,0.0,0.0,10,130.5,840.5,1,171.0,0.0,0.0,0.0,0.0,0.0,36
2023-05-11 13:42:38,PK401P8900,PK401P8900,171.0,0.0,0.0,0.0,10,130.5,840.0,10,171.0,0.0,0.0,0.0,0.0,0.0,36
2023-05-11 13:42:40,PK401P8900,PK401P8900,171.0,0.0,0.0,0.0,10,130.5,839.5,1,171.0,0.0,0.0,0.0,0.0,0.0,36
2023-05-11 13:42:41,PK401P8900,PK401P8900,171.0,0.0,0.0,0.0,10,130.5,839.0,10,171.0,0.0,0.0,0.0,0.0,0.0,36
2023-05-11 13:42:52,PK401P8900,PK401P8900,171.0,0.0,0.0,0.0,10,130.5,838.5,1,171.0,0.0,0.0,0.0,0.0,0.0,36
2023-05-11 13:42:53,PK401P8900,PK401P8900,171.0,0.0,0.0,0.0,10,130.5,838.0,10,171.0,0.0,0.0,0.0,0.0,0.0,36
2023-05-11 13:43:00,PK401P8900,PK401P8900,171.0,0.0,0.0,0.0,10,130.5,837.5,1,171.0,0.0,0.0,0.0,0.0,0.0,36
2023-05-11 13:43:02,PK401P8900,PK401P8900,171.0,0.0,0.0,0.0,10,130.5,837.0,10,171.0,0.0,0.0,0.0,0.0,0.0,36
2023-05-11 13:43:11,PK401P8900,PK401P8900,171.0,0.0,0.0,0.0,10,130.5,836.5,1,171.0,0.0,0.0,0.0,0.0,0.0,36
2023-05-11 13:43:11,PK401P8900,PK401P8900,171.0,0.0,0.0,0.0,10,130.5,836.0,10,171.0,0.0,0.0,0.0,0.0,0.0,36
2023-05-11 13:43:22,PK401P8900,PK401P8900,171.0,0.0,0.0,0.0,10,130.5,835.5,1,171.0,0.0,0.0,0.0,0.0,0.0,36
2023-05-11 13:43:30,PK401P8900,PK401P8900,171.0,0.0,0.0,0.0,10,130.5,835.0,10,171.0,0.0,0.0,0.0,0.0,0.0,36
2023-05-11 13:43:42,PK401P8900,PK401P8900,171.0,0.0,0.0,0.0,10,130.5,834.5,1,171.0,0.0,0.0,0.0,0.0,0.0,36
2023-05-11 13:43:42,PK401P8900,PK401P8900,171.0,0.0,0.0,0.0,10,130.5,834.0,10,171.0,0.0,0.0,0.0,0.0,0.0,36
2023-05-11 13:43:46,PK401P8900,PK401P8900,171.0,0.0,0.0,0.0,10,130.5,833.5,1,171.0,0.0,0.0,0.0,0.0,0.0,36
2023-05-11 13:46:21,PK401P8900,PK401P8900,171.0,0.0,0.0,0.0,10,130.5,833.0,10,171.0,0.0,0.0,0.0,0.0,0.0,36
2023-05-11 13:46:34,PK401P8900,PK401P8900,171.0,0.0,0.0,0.0,10,130.5,832.5,1,171.0,0.0,0.0,0.0,0.0,0.0,36
2023-05-11 13:47:30,PK401P8900,PK401P8900,171.0,0.0,0.0,0.0,10,130.5,832.0,10,171.0,0.0,0.0,0.0,0.0,0.0,36
2023-05-11 13:47:40,PK401P8900,PK401P8900,171.0,0.0,0.0,0.0,10,130.5,831.5,1,171.0,0.0,0.0,0.0,0.0,0.0,36
2023-05-11 13:47:40,PK401P8900,PK401P8900,171.0,0.0,0.0,0.0,10,130.5,831.0,10,171.0,0.0,0.0,0.0,0.0,0.0,36
2023-05-11 13:47:45,PK401P8900,PK401P8900,171.0,0.0,0.0,0.0,10,130.5,830.5,1,171.0,0.0,0.0,0.0,0.0,0.0,36
2023-05-11 13:49:45,PK401P8900,PK401P8900,171.0,0.0,0.0,0.0,10,130.5,830.0,10,171.0,0.0,0.0,0.0,0.0,0.0,36
2023-05-11 13:50:06,PK401P8900,PK401P8900,171.0,0.0,0.0,0.0,10,130.5,829.5,1,171.0,0.0,0.0,0.0,0.0,0.0,36
2023-05-11 13:50:06,PK401P8900,PK401P8900,171.0,0.0,0.0,0.0,10,130.5,829.0,10,171.0,0.0,0.0,0.0,0.0,0.0,36
2023-05-11 13:50:12,PK401P8900,PK401P8900,171.0,0.0,0.0,0.0,10,130.5,828.5,1,171.0,0.0,0.0,0.0,0.0,0.0,36
2023-05-11 13:50:12,PK401P8900,PK401P8900,171.0,0.0,0.0,0.0,10,130.5,828.0,10,171.0,0.0,0.0,0.0,0.0,0.0,36
2023-05-11 13:50:26,PK401P8900,PK401P8900,171.0,0.0,0.0,0.0,10,130.5,827.5,1,171.0,0.0,0.0,0.0,0.0,0.0,36
2023-05-11 13:50:26,PK401P8900,PK401P8900,171.0,0.0,0.0,0.0,10,130.5,827.0,10,171.0,0.0,0.0,0.0,0.0,0.0,36
2023-05-11 13:50:32,PK401P8900,PK401P8900,171.0,0.0,0.0,0.0,10,130.5,826.5,1,171.0,0.0,0.0,0.0,0.0,0.0,36
2023-05-11 13:50:32,PK401P8900,PK401P8900,171.0,0.0,0.0,0.0,10,130.5,826.0,10,171.0,0.0,0.0,0.0,0.0,0.0,36
2023-05-11 13:50:40,PK401P8900,PK401P8900,171.0,0.0,0.0,0.0,10,130.5,825.5,1,171.0,0.0,0.0,0.0,0.0,0.0,36
2023-05-11 13:50:40,PK401P8900,PK401P8900,171.0,0.0,0.0,0.0,10,130.5,825.0,10,171.0,0.0,0.0,0.0,0.0,0.0,36
2023-05-11 13:50:46,PK401P8900,PK401P8900,171.0,0.0,0.0,0.0,10,130.5,824.5,1,171.0,0.0,0.0,0.0,0.0,0.0,36
2023-05-11 13:50:47,PK401P8900,PK401P8900,171.0,0.0,0.0,0.0,10,130.5,824.0,10,171.0,0.0,0.0,0.0,0.0,0.0,36
2023-05-11 13:50:59,PK401P8900,PK401P8900,171.0,0.0,0.0,0.0,10,130.5,823.5,1,171.0,0.0,0.0,0.0,0.0,0.0,36
2023-05-11 13:51:00,PK401P8900,PK401P8900,171.0,0.0,0.0,0.0,10,130.5,823.0,10,171.0,0.0,0.0,0.0,0.0,0.0,36
2023-05-11 13:51:08,PK401P8900,PK401P8900,171.0,0.0,0.0,0.0,10,130.5,822.5,1,171.0,0.0,0.0,0.0,0.0,0.0,36
2023-05-11 13:51:09,PK401P8900,PK401P8900,171.0,0.0,0.0,0.0,10,130.5,822.0,10,171.0,0.0,0.0,0.0,0.0,0.0,36
2023-05-11 13:51:14,PK401P8900,PK401P8900,171.0,0.0,0.0,0.0,10,130.5,821.5,1,171.0,0.0,0.0,0.0,0.0,0.0,36
2023-05-11 13:51:26,PK401P8900,PK401P8900,171.0,0.0,0.0,0.0,10,130.5,821.0,10,171.0,0.0,0.0,0.0,0.0,0.0,36
2023-05-11 13:51:36,PK401P8900,PK401P8900,171.0,0.0,0.0,0.0,10,130.5,820.5,1,171.0,0.0,0.0,0.0,0.0,0.0,36
2023-05-11 13:52:33,PK401P8900,PK401P8900,171.0,0.0,0.0,0.0,10,130.5,820.0,10,171.0,0.0,0.0,0.0,0.0,0.0,36
2023-05-11 13:52:38,PK401P8900,PK401P8900,171.0,0.0,0.0,0.0,10,130.5,819.5,1,171.0,0.0,0.0,0.0,0.0,0.0,36
2023-05-11 13:52:39,PK401P8900,PK401P8900,171.0,0.0,0.0,0.0,10,130.5,819.0,10,171.0,0.0,0.0,0.0,0.0,0.0,36
2023-05-11 13:52:44,PK401P8900,PK401P8900,171.0,0.0,0.0,0.0,10,130.5,818.5,1,171.0,0.0,0.0,0.0,0.0,0.0,36
2023-05-11 13:52:44,PK401P8900,PK401P8900,171.0,0.0,0.0,0.0,10,130.5,818.0,10,171.0,0.0,0.0,0.0,0.0,0.0,36
2023-05-11 13:52:50,PK401P8900,PK401P8900,171.0,0.0,0.0,0.0,10,130.5,817.5,1,171.0,0.0,0.0,0.0,0.0,0.0,36
2023-05-11 13:53:45,PK401P8900,PK401P8900,171.0,0.0,0.0,0.0,10,130.5,817.0,10,171.0,0.0,0.0,0.0,0.0,0.0,36
2023-05-11 13:53:50,PK401P8900,PK401P8900,171.0,0.0,0.0,0.0,10,130.5,816.5,1,171.0,0.0,0.0,0.0,0.0,0.0,36
2023-05-11 13:53:50,PK401P8900,PK401P8900,171.0,0.0,0.0,0.0,10,130.5,816.0,10,171.0,0.0,0.0,0.0,0.0,0.0,36
2023-05-11 13:53:55,PK401P8900,PK401P8900,171.0,0.0,0.0,0.0,10,130.5,815.5,1,171.0,0.0,0.0,0.0,0.0,0.0,36
2023-05-11 13:53:57,PK401P8900,PK401P8900,171.0,0.0,0.0,0.0,10,130.5,815.0,10,171.0,0.0,0.0,0.0,0.0,0.0,36
2023-05-11 13:54:01,PK401P8900,PK401P8900,171.0,0.0,0.0,0.0,10,130.5,814.5,1,171.0,0.0,0.0,0.0,0.0,0.0,36
2023-05-11 13:54:51,PK401P8900,PK401P8900,171.0,0.0,0.0,0.0,10,130.5,814.0,10,171.0,0.0,0.0,0.0,0.0,0.0,36
2023-05-11 13:54:59,PK401P8900,PK401P8900,171.0,0.0,0.0,0.0,10,130.5,813.5,1,171.0,0.0,0.0,0.0,0.0,0.0,36
2023-05-11 13:55:00,PK401P8900,PK401P8900,171.0,0.0,0.0,0.0,10,130.5,813.0,10,171.0,0.0,0.0,0.0,0.0,0.0,36
2023-05-11 13:55:04,PK401P8900,PK401P8900,171.0,0.0,0.0,0.0,10,130.5,812.5,1,171.0,0.0,0.0,0.0,0.0,0.0,36
2023-05-11 13:56:51,PK401P8900,PK401P8900,171.0,0.0,0.0,0.0,10,130.5,812.0,10,171.0,0.0,0.0,0.0,0.0,0.0,36
2023-05-11 13:56:55,PK401P8900,PK401P8900,171.0,0.0,0.0,0.0,10,130.5,811.5,1,171.0,0.0,0.0,0.0,0.0,0.0,36
2023-05-11 13:56:56,PK401P8900,PK401P8900,171.0,0.0,0.0,0.0,10,130.5,811.0,10,171.0,0.0,0.0,0.0,0.0,0.0,36
2023-05-11 13:57:00,PK401P8900,PK401P8900,171.0,0.0,0.0,0.0,10,130.5,810.5,1,171.0,0.0,0.0,0.0,0.0,0.0,36
2023-05-11 13:58:33,PK401P8900,PK401P8900,171.0,0.0,0.0,0.0,10,130.5,810.0,10,171.0,0.0,0.0,0.0,0.0,0.0,36
2023-05-11 13:58:37,PK401P8900,PK401P8900,171.0,0.0,0.0,0.0,10,130.5,809.5,1,171.0,0.0,0.0,0.0,0.0,0.0,36
2023-05-11 13:59:58,PK401P8900,PK401P8900,171.0,0.0,0.0,0.0,1,134.5,809.5,1,171.0,0.0,0.0,0.0,0.0,0.0,36
2023-05-11 14:00:48,PK401P8900,PK401P8900,171.0,0.0,0.0,0.0,10,135.0,809.0,10,171.0,0.0,0.0,0.0,0.0,0.0,36
2023-05-11 14:00:50,PK401P8900,PK401P8900,171.0,0.0,0.0,0.0,10,135.0,808.5,1,171.0,0.0,0.0,0.0,0.0,0.0,36
2023-05-11 14:00:51,PK401P8900,PK401P8900,171.0,0.0,0.0,0.0,1,135.5,808.5,1,171.0,0.0,0.0,0.0,0.0,0.0,36
2023-05-11 14:00:52,PK401P8900,PK401P8900,171.0,0.0,0.0,0.0,10,136.0,808.0,10,171.0,0.0,0.0,0.0,0.0,0.0,36
2023-05-11 14:00:53,PK401P8900,PK401P8900,171.0,0.0,0.0,0.0,1,136.5,808.0,10,171.0,0.0,0.0,0.0,0.0,0.0,36
2023-05-11 14:00:55,PK401P8900,PK401P8900,171.0,0.0,0.0,0.0,10,137.0,807.5,1,171.0,0.0,0.0,0.0,0.0,0.0,36
2023-05-11 14:00:56,PK401P8900,PK401P8900,171.0,0.0,0.0,0.0,1,137.5,807.5,1,171.0,0.0,0.0,0.0,0.0,0.0,36
2023-05-11 14:00:57,PK401P8900,PK401P8900,171.0,0.0,0.0,0.0,10,138.0,807.0,10,171.0,0.0,0.0,0.0,0.0,0.0,36
2023-05-11 14:00:58,PK401P8900,PK401P8900,171.0,0.0,0.0,0.0,1,138.5,807.0,10,171.0,0.0,0.0,0.0,0.0,0.0,36
2023-05-11 14:01:00,PK401P8900,PK401P8900,171.0,0.0,0.0,0.0,1,138.5,806.5,1,171.0,0.0,0.0,0.0,0.0,0.0,36
2023-05-11 14:01:56,PK401P8900,PK401P8900,171.0,0.0,0.0,0.0,10,139.0,806.0,10,171.0,0.0,0.0,0.0,0.0,0.0,36
2023-05-11 14:02:00,PK401P8900,PK401P8900,171.0,0.0,0.0,0.0,10,139.0,805.5,1,171.0,0.0,0.0,0.0,0.0,0.0,36
2023-05-11 14:02:00,PK401P8900,PK401P8900,171.0,0.0,0.0,0.0,10,139.0,805.0,10,171.0,0.0,0.0,0.0,0.0,0.0,36
2023-05-11 14:02:02,PK401P8900,PK401P8900,171.0,0.0,0.0,0.0,10,139.0,804.5,1,171.0,0.0,0.0,0.0,0.0,0.0,36
2023-05-11 14:02:03,PK401P8900,PK401P8900,171.0,0.0,0.0,0.0,10,139.0,804.0,10,171.0,0.0,0.0,0.0,0.0,0.0,36
2023-05-11 14:02:06,PK401P8900,PK401P8900,171.0,0.0,0.0,0.0,10,139.0,803.5,1,171.0,0.0,0.0,0.0,0.0,0.0,36
2023-05-11 14:02:06,PK401P8900,PK401P8900,171.0,0.0,0.0,0.0,10,139.0,803.0,10,171.0,0.0,0.0,0.0,0.0,0.0,36
2023-05-11 14:02:06,PK401P8900,PK401P8900,171.0,0.0,0.0,0.0,10,139.0,803.5,1,171.0,0.0,0.0,0.0,0.0,0.0,36
2023-05-11 14:02:06,PK401P8900,PK401P8900,171.0,0.0,0.0,0.0,10,139.0,803.0,10,171.0,0.0,0.0,0.0,0.0,0.0,36
2023-05-11 14:41:23,PK401P8900,PK401P8900,171.0,0.0,0.0,0.0,6,187.5,209.5,6,171.0,0.0,0.0,0.0,0.0,0.0,36
2023-05-11 14:41:23,PK401P8900,PK401P8900,171.0,0.0,0.0,0.0,9,187.5,209.5,9,171.0,0.0,0.0,0.0,0.0,0.0,36
2023-05-11 14:41:24,PK401P8900,PK401P8900,171.0,0.0,0.0,0.0,12,187.5,209.5,12,171.0,0.0,0.0,0.0,0.0,0.0,36
2023-05-11 14:41:24,PK401P8900,PK401P8900,171.0,0.0,0.0,0.0,9,187.5,209.5,9,171.0,0.0,0.0,0.0,0.0,0.0,36
2023-05-11 14:41:25,PK401P8900,PK401P8900,171.0,0.0,0.0,0.0,12,187.5,205.0,3,171.0,0.0,0.0,0.0,0.0,0.0,36
2023-05-11 14:41:25,PK401P8900,PK401P8900,171.0,0.0,0.0,0.0,12,187.5,205.0,9,171.0,0.0,0.0,0.0,0.0,0.0,36
2023-05-11 14:41:29,PK401P8900,PK401P8900,171.0,0.0,0.0,0.0,3,190.5,205.0,12,171.0,0.0,0.0,0.0,0.0,0.0,36
2023-05-11 14:41:29,PK401P8900,PK401P8900,171.0,0.0,0.0,0.0,3,190.5,205.0,9,171.0,0.0,0.0,0.0,0.0,0.0,36
2023-05-11 14:41:30,PK401P8900,PK401P8900,171.0,0.0,0.0,0.0,6,190.5,205.0,15,171.0,0.0,0.0,0.0,0.0,0.0,36
2023-05-11 14:41:33,PK401P8900,PK401P8900,171.0,0.0,0.0,0.0,9,190.5,205.0,18,171.0,0.0,0.0,0.0,0.0,0.0,36
2023-05-11 14:41:35,PK401P8900,PK401P8900,171.0,0.0,0.0,0.0,12,190.5,205.0,21,171.0,0.0,0.0,0.0,0.0,0.0,36
2023-05-11 14:41:36,PK401P8900,PK401P8900,171.0,0.0,0.0,0.0,12,190.5,205.0,18,171.0,0.0,0.0,0.0,0.0,0.0,36
2023-05-11 14:41:40,PK401P8900,PK401P8900,171.0,0.0,0.0,0.0,9,190.5,205.0,15,171.0,0.0,0.0,0.0,0.0,0.0,36
2023-05-11 14:41:41,PK401P8900,PK401P8900,171.0,0.0,0.0,0.0,6,190.5,205.0,12,171.0,0.0,0.0,0.0,0.0,0.0,36
2023-05-11 14:41:42,PK401P8900,PK401P8900,171.0,0.0,0.0,0.0,6,190.5,205.0,6,171.0,0.0,0.0,0.0,0.0,0.0,36
2023-05-11 14:41:43,PK401P8900,PK401P8900,171.0,0.0,0.0,0.0,3,190.5,205.0,3,171.0,0.0,0.0,0.0,0.0,0.0,36
2023-05-11 14:41:46,PK401P8900,PK401P8900,171.0,0.0,0.0,0.0,1,7.5,0.0,0,171.0,0.0,0.0,0.0,0.0,0.0,36
2023-05-11 14:41:46,PK401P8900,PK401P8900,171.0,0.0,0.0,0.0,10,8.0,0.0,0,171.0,0.0,0.0,0.0,0.0,0.0,36
2023-05-11 14:41:48,PK401P8900,PK401P8900,171.0,0.0,0.0,0.0,1,16.0,0.0,0,171.0,0.0,0.0,0.0,0.0,0.0,36
2023-05-11 14:41:48,PK401P8900,PK401P8900,171.0,0.0,0.0,0.0,10,16.5,0.0,0,171.0,0.0,0.0,0.0,0.0,0.0,36
