time,symbol_id,symbol_name,last,trade_volume,trade_amount,open_interest_change,bv1,bp1,ap1,av1,yesterday_close,today_open,today_high,today_low,volume,amount,open_interest
2023-05-11 09:01:54,PK401C10000,PK401C10000,611.0,0.0,0.0,-3.0,10,5.5,0.0,0,611.0,0.0,0.0,0.0,0.0,0.0,103
2023-05-11 09:01:54,PK401C10000,PK401C10000,611.0,0.0,0.0,0.0,1,7.0,1325.5,10,611.0,0.0,0.0,0.0,0.0,0.0,103
2023-05-11 09:01:55,PK401C10000,PK401C10000,611.0,0.0,0.0,0.0,11,7.5,1325.5,10,611.0,0.0,0.0,0.0,0.0,0.0,103
2023-05-11 09:01:55,PK401C10000,PK401C10000,611.0,0.0,0.0,0.0,1,9.0,1324.0,1,611.0,0.0,0.0,0.0,0.0,0.0,103
2023-05-11 09:01:55,PK401C10000,PK401C10000,611.0,0.0,0.0,0.0,10,9.5,1323.5,10,611.0,0.0,0.0,0.0,0.0,0.0,103
2023-05-11 09:01:56,PK401C10000,PK401C10000,611.0,0.0,0.0,0.0,1,11.0,1322.0,1,611.0,0.0,0.0,0.0,0.0,0.0,103
2023-05-11 09:01:56,PK401C10000,PK401C10000,611.0,0.0,0.0,0.0,10,11.5,1321.5,10,611.0,0.0,0.0,0.0,0.0,0.0,103
2023-05-11 09:01:58,PK401C10000,PK401C10000,611.0,0.0,0.0,0.0,1,13.0,1320.0,1,611.0,0.0,0.0,0.0,0.0,0.0,103
2023-05-11 09:03:43,PK401C10000,PK401C10000,611.0,0.0,0.0,0.0,10,13.5,1319.5,10,611.0,0.0,0.0,0.0,0.0,0.0,103
2023-05-11 09:03:43,PK401C10000,PK401C10000,611.0,0.0,0.0,0.0,1,15.0,1318.0,1,611.0,0.0,0.0,0.0,0.0,0.0,103
2023-05-11 09:03:44,PK401C10000,PK401C10000,611.0,0.0,0.0,0.0,10,15.5,1317.5,10,611.0,0.0,0.0,0.0,0.0,0.0,103
2023-05-11 09:03:44,PK401C10000,PK401C10000,611.0,0.0,0.0,0.0,1,17.0,1316.0,1,611.0,0.0,0.0,0.0,0.0,0.0,103
2023-05-11 09:03:45,PK401C10000,PK401C10000,611.0,0.0,0.0,0.0,10,17.5,1315.5,10,611.0,0.0,0.0,0.0,0.0,0.0,103
2023-05-11 09:03:50,PK401C10000,PK401C10000,611.0,0.0,0.0,0.0,1,19.0,1314.0,1,611.0,0.0,0.0,0.0,0.0,0.0,103
2023-05-11 09:03:51,PK401C10000,PK401C10000,611.0,0.0,0.0,0.0,10,19.5,1313.5,10,611.0,0.0,0.0,0.0,0.0,0.0,103
2023-05-11 09:03:53,PK401C10000,PK401C10000,611.0,0.0,0.0,0.0,1,21.0,1313.5,10,611.0,0.0,0.0,0.0,0.0,0.0,103
2023-05-11 09:03:53,PK401C10000,PK401C10000,611.0,0.0,0.0,0.0,10,21.5,1313.5,10,611.0,0.0,0.0,0.0,0.0,0.0,103
2023-05-11 09:03:54,PK401C10000,PK401C10000,611.0,0.0,0.0,0.0,1,23.0,1313.5,10,611.0,0.0,0.0,0.0,0.0,0.0,103
2023-05-11 09:03:54,PK401C10000,PK401C10000,611.0,0.0,0.0,0.0,10,23.5,1313.5,10,611.0,0.0,0.0,0.0,0.0,0.0,103
2023-05-11 09:03:55,PK401C10000,PK401C10000,611.0,0.0,0.0,0.0,1,25.0,1313.5,10,611.0,0.0,0.0,0.0,0.0,0.0,103
2023-05-11 09:03:55,PK401C10000,PK401C10000,611.0,0.0,0.0,0.0,10,25.5,1312.0,1,611.0,0.0,0.0,0.0,0.0,0.0,103
2023-05-11 09:03:56,PK401C10000,PK401C10000,611.0,0.0,0.0,0.0,10,25.5,1311.5,10,611.0,0.0,0.0,0.0,0.0,0.0,103
2023-05-11 09:03:56,PK401C10000,PK401C10000,611.0,0.0,0.0,0.0,1,27.0,1311.5,10,611.0,0.0,0.0,0.0,0.0,0.0,103
2023-05-11 09:03:57,PK401C10000,PK401C10000,611.0,0.0,0.0,0.0,10,27.5,1311.5,10,611.0,0.0,0.0,0.0,0.0,0.0,103
2023-05-11 09:04:00,PK401C10000,PK401C10000,611.0,0.0,0.0,0.0,1,29.0,1310.0,1,611.0,0.0,0.0,0.0,0.0,0.0,103
2023-05-11 09:04:00,PK401C10000,PK401C10000,611.0,0.0,0.0,0.0,10,29.5,1309.5,10,611.0,0.0,0.0,0.0,0.0,0.0,103
2023-05-11 09:04:01,PK401C10000,PK401C10000,611.0,0.0,0.0,0.0,1,31.0,1308.0,1,611.0,0.0,0.0,0.0,0.0,0.0,103
2023-05-11 09:04:01,PK401C10000,PK401C10000,611.0,0.0,0.0,0.0,10,31.5,1307.5,10,611.0,0.0,0.0,0.0,0.0,0.0,103
2023-05-11 09:04:02,PK401C10000,PK401C10000,611.0,0.0,0.0,0.0,1,33.0,1306.0,1,611.0,0.0,0.0,0.0,0.0,0.0,103
2023-05-11 09:04:02,PK401C10000,PK401C10000,611.0,0.0,0.0,0.0,10,33.5,1305.5,10,611.0,0.0,0.0,0.0,0.0,0.0,103
2023-05-11 09:04:05,PK401C10000,PK401C10000,611.0,0.0,0.0,0.0,1,35.0,1304.0,1,611.0,0.0,0.0,0.0,0.0,0.0,103
2023-05-11 09:04:05,PK401C10000,PK401C10000,611.0,0.0,0.0,0.0,10,35.5,1303.5,10,611.0,0.0,0.0,0.0,0.0,0.0,103
2023-05-11 09:04:06,PK401C10000,PK401C10000,611.0,0.0,0.0,0.0,1,37.0,1302.0,1,611.0,0.0,0.0,0.0,0.0,0.0,103
2023-05-11 09:04:06,PK401C10000,PK401C10000,611.0,0.0,0.0,0.0,10,37.5,1301.5,10,611.0,0.0,0.0,0.0,0.0,0.0,103
2023-05-11 09:04:10,PK401C10000,PK401C10000,611.0,0.0,0.0,0.0,1,39.0,1300.0,1,611.0,0.0,0.0,0.0,0.0,0.0,103
2023-05-11 09:04:10,PK401C10000,PK401C10000,611.0,0.0,0.0,0.0,10,39.5,1299.5,10,611.0,0.0,0.0,0.0,0.0,0.0,103
2023-05-11 09:04:12,PK401C10000,PK401C10000,611.0,0.0,0.0,0.0,1,41.0,1299.5,10,611.0,0.0,0.0,0.0,0.0,0.0,103
2023-05-11 09:04:12,PK401C10000,PK401C10000,611.0,0.0,0.0,0.0,10,41.5,1299.5,10,611.0,0.0,0.0,0.0,0.0,0.0,103
2023-05-11 09:04:12,PK401C10000,PK401C10000,611.0,0.0,0.0,0.0,1,43.0,1298.0,1,611.0,0.0,0.0,0.0,0.0,0.0,103
2023-05-11 09:04:13,PK401C10000,PK401C10000,611.0,0.0,0.0,0.0,10,43.5,1297.5,10,611.0,0.0,0.0,0.0,0.0,0.0,103
2023-05-11 09:04:14,PK401C10000,PK401C10000,611.0,0.0,0.0,0.0,1,45.0,1296.0,1,611.0,0.0,0.0,0.0,0.0,0.0,103
2023-05-11 09:04:14,PK401C10000,PK401C10000,611.0,0.0,0.0,0.0,10,45.5,1295.5,10,611.0,0.0,0.0,0.0,0.0,0.0,103
2023-05-11 09:04:16,PK401C10000,PK401C10000,611.0,0.0,0.0,0.0,1,47.0,1294.0,1,611.0,0.0,0.0,0.0,0.0,0.0,103
2023-05-11 09:04:16,PK401C10000,PK401C10000,611.0,0.0,0.0,0.0,10,47.5,1293.5,10,611.0,0.0,0.0,0.0,0.0,0.0,103
2023-05-11 09:04:17,PK401C10000,PK401C10000,611.0,0.0,0.0,0.0,1,49.0,1292.0,1,611.0,0.0,0.0,0.0,0.0,0.0,103
2023-05-11 09:04:17,PK401C10000,PK401C10000,611.0,0.0,0.0,0.0,10,49.5,1291.5,10,611.0,0.0,0.0,0.0,0.0,0.0,103
2023-05-11 09:04:18,PK401C10000,PK401C10000,611.0,0.0,0.0,0.0,1,51.0,1290.0,1,611.0,0.0,0.0,0.0,0.0,0.0,103
2023-05-11 09:04:18,PK401C10000,PK401C10000,611.0,0.0,0.0,0.0,10,51.5,1289.5,10,611.0,0.0,0.0,0.0,0.0,0.0,103
2023-05-11 09:04:20,PK401C10000,PK401C10000,611.0,0.0,0.0,0.0,1,53.0,1288.0,1,611.0,0.0,0.0,0.0,0.0,0.0,103
2023-05-11 09:04:20,PK401C10000,PK401C10000,611.0,0.0,0.0,0.0,10,53.5,1287.5,10,611.0,0.0,0.0,0.0,0.0,0.0,103
2023-05-11 09:04:20,PK401C10000,PK401C10000,611.0,0.0,0.0,0.0,1,55.0,1286.0,1,611.0,0.0,0.0,0.0,0.0,0.0,103
2023-05-11 09:04:44,PK401C10000,PK401C10000,611.0,0.0,0.0,0.0,1,55.0,656.0,3,611.0,0.0,0.0,0.0,0.0,0.0,103
2023-05-11 09:04:44,PK401C10000,PK401C10000,611.0,0.0,0.0,0.0,10,55.5,655.5,10,611.0,0.0,0.0,0.0,0.0,0.0,103
2023-05-11 09:04:44,PK401C10000,PK401C10000,611.0,0.0,0.0,0.0,1,57.0,655.5,10,611.0,0.0,0.0,0.0,0.0,0.0,103
2023-05-11 09:04:59,PK401C10000,PK401C10000,611.0,0.0,0.0,0.0,10,256.5,655.5,10,611.0,0.0,0.0,0.0,0.0,0.0,103
2023-05-11 09:04:59,PK401C10000,PK401C10000,611.0,0.0,0.0,0.0,1,258.0,655.5,10,611.0,0.0,0.0,0.0,0.0,0.0,103
2023-05-11 09:04:59,PK401C10000,PK401C10000,611.0,0.0,0.0,0.0,10,258.5,655.5,10,611.0,0.0,0.0,0.0,0.0,0.0,103
2023-05-11 09:05:00,PK401C10000,PK401C10000,611.0,0.0,0.0,0.0,1,260.0,655.5,10,611.0,0.0,0.0,0.0,0.0,0.0,103
2023-05-11 09:05:00,PK401C10000,PK401C10000,611.0,0.0,0.0,0.0,10,260.5,655.5,10,611.0,0.0,0.0,0.0,0.0,0.0,103
2023-05-11 09:05:01,PK401C10000,PK401C10000,611.0,0.0,0.0,0.0,1,262.0,655.5,10,611.0,0.0,0.0,0.0,0.0,0.0,103
2023-05-11 09:05:28,PK401C10000,PK401C10000,611.0,0.0,0.0,0.0,10,262.5,655.5,10,611.0,0.0,0.0,0.0,0.0,0.0,103
2023-05-11 09:05:28,PK401C10000,PK401C10000,611.0,0.0,0.0,0.0,1,264.0,655.5,10,611.0,0.0,0.0,0.0,0.0,0.0,103
2023-05-11 09:05:28,PK401C10000,PK401C10000,611.0,0.0,0.0,0.0,10,264.5,655.5,10,611.0,0.0,0.0,0.0,0.0,0.0,103
2023-05-11 09:05:29,PK401C10000,PK401C10000,611.0,0.0,0.0,0.0,1,266.0,655.5,10,611.0,0.0,0.0,0.0,0.0,0.0,103
2023-05-11 09:05:29,PK401C10000,PK401C10000,611.0,0.0,0.0,0.0,10,266.5,655.5,10,611.0,0.0,0.0,0.0,0.0,0.0,103
2023-05-11 09:05:30,PK401C10000,PK401C10000,611.0,0.0,0.0,0.0,1,268.0,655.5,10,611.0,0.0,0.0,0.0,0.0,0.0,103
2023-05-11 09:05:30,PK401C10000,PK401C10000,611.0,0.0,0.0,0.0,10,268.5,655.5,10,611.0,0.0,0.0,0.0,0.0,0.0,103
2023-05-11 09:05:33,PK401C10000,PK401C10000,611.0,0.0,0.0,0.0,1,270.0,655.5,10,611.0,0.0,0.0,0.0,0.0,0.0,103
2023-05-11 09:05:33,PK401C10000,PK401C10000,611.0,0.0,0.0,0.0,10,270.5,655.5,10,611.0,0.0,0.0,0.0,0.0,0.0,103
2023-05-11 09:05:37,PK401C10000,PK401C10000,611.0,0.0,0.0,0.0,1,272.0,655.5,10,611.0,0.0,0.0,0.0,0.0,0.0,103
2023-05-11 09:05:37,PK401C10000,PK401C10000,611.0,0.0,0.0,0.0,10,272.5,655.5,10,611.0,0.0,0.0,0.0,0.0,0.0,103
2023-05-11 09:05:38,PK401C10000,PK401C10000,611.0,0.0,0.0,0.0,1,274.0,655.5,10,611.0,0.0,0.0,0.0,0.0,0.0,103
2023-05-11 09:05:38,PK401C10000,PK401C10000,611.0,0.0,0.0,0.0,10,274.5,655.5,10,611.0,0.0,0.0,0.0,0.0,0.0,103
2023-05-11 09:05:39,PK401C10000,PK401C10000,611.0,0.0,0.0,0.0,1,276.0,655.5,10,611.0,0.0,0.0,0.0,0.0,0.0,103
2023-05-11 09:05:39,PK401C10000,PK401C10000,611.0,0.0,0.0,0.0,10,276.5,655.5,10,611.0,0.0,0.0,0.0,0.0,0.0,103
2023-05-11 09:05:40,PK401C10000,PK401C10000,611.0,0.0,0.0,0.0,1,278.0,655.5,10,611.0,0.0,0.0,0.0,0.0,0.0,103
2023-05-11 09:05:40,PK401C10000,PK401C10000,611.0,0.0,0.0,0.0,10,278.5,655.5,10,611.0,0.0,0.0,0.0,0.0,0.0,103
2023-05-11 09:05:41,PK401C10000,PK401C10000,611.0,0.0,0.0,0.0,1,280.0,655.5,10,611.0,0.0,0.0,0.0,0.0,0.0,103
2023-05-11 09:05:41,PK401C10000,PK401C10000,611.0,0.0,0.0,0.0,10,280.5,655.5,10,611.0,0.0,0.0,0.0,0.0,0.0,103
2023-05-11 09:05:44,PK401C10000,PK401C10000,611.0,0.0,0.0,0.0,1,282.0,655.5,10,611.0,0.0,0.0,0.0,0.0,0.0,103
2023-05-11 09:05:44,PK401C10000,PK401C10000,611.0,0.0,0.0,0.0,10,282.5,655.5,10,611.0,0.0,0.0,0.0,0.0,0.0,103
2023-05-11 09:05:45,PK401C10000,PK401C10000,611.0,0.0,0.0,0.0,1,284.0,655.5,10,611.0,0.0,0.0,0.0,0.0,0.0,103
2023-05-11 09:05:45,PK401C10000,PK401C10000,611.0,0.0,0.0,0.0,10,284.5,655.5,10,611.0,0.0,0.0,0.0,0.0,0.0,103
2023-05-11 09:05:52,PK401C10000,PK401C10000,611.0,0.0,0.0,0.0,1,286.0,655.5,10,611.0,0.0,0.0,0.0,0.0,0.0,103
2023-05-11 09:05:53,PK401C10000,PK401C10000,611.0,0.0,0.0,0.0,10,286.5,655.5,10,611.0,0.0,0.0,0.0,0.0,0.0,103
2023-05-11 09:05:57,PK401C10000,PK401C10000,611.0,0.0,0.0,0.0,1,288.0,655.5,10,611.0,0.0,0.0,0.0,0.0,0.0,103
2023-05-11 09:05:58,PK401C10000,PK401C10000,611.0,0.0,0.0,0.0,10,288.5,655.5,10,611.0,0.0,0.0,0.0,0.0,0.0,103
2023-05-11 09:05:58,PK401C10000,PK401C10000,611.0,0.0,0.0,0.0,1,290.0,655.5,10,611.0,0.0,0.0,0.0,0.0,0.0,103
2023-05-11 09:05:58,PK401C10000,PK401C10000,611.0,0.0,0.0,0.0,10,290.5,655.5,10,611.0,0.0,0.0,0.0,0.0,0.0,103
2023-05-11 09:06:02,PK401C10000,PK401C10000,611.0,0.0,0.0,0.0,1,292.0,655.5,10,611.0,0.0,0.0,0.0,0.0,0.0,103
2023-05-11 09:06:02,PK401C10000,PK401C10000,611.0,0.0,0.0,0.0,10,292.5,655.5,10,611.0,0.0,0.0,0.0,0.0,0.0,103
2023-05-11 09:06:03,PK401C10000,PK401C10000,611.0,0.0,0.0,0.0,1,294.0,655.5,10,611.0,0.0,0.0,0.0,0.0,0.0,103
2023-05-11 09:06:03,PK401C10000,PK401C10000,611.0,0.0,0.0,0.0,10,294.5,655.5,10,611.0,0.0,0.0,0.0,0.0,0.0,103
2023-05-11 09:06:08,PK401C10000,PK401C10000,611.0,0.0,0.0,0.0,1,296.0,655.5,10,611.0,0.0,0.0,0.0,0.0,0.0,103
2023-05-11 09:06:08,PK401C10000,PK401C10000,611.0,0.0,0.0,0.0,10,296.5,655.5,10,611.0,0.0,0.0,0.0,0.0,0.0,103
2023-05-11 09:06:09,PK401C10000,PK401C10000,611.0,0.0,0.0,0.0,1,298.0,655.5,10,611.0,0.0,0.0,0.0,0.0,0.0,103
2023-05-11 09:06:09,PK401C10000,PK401C10000,611.0,0.0,0.0,0.0,10,298.5,655.5,10,611.0,0.0,0.0,0.0,0.0,0.0,103
2023-05-11 09:06:13,PK401C10000,PK401C10000,611.0,0.0,0.0,0.0,1,300.0,655.5,10,611.0,0.0,0.0,0.0,0.0,0.0,103
2023-05-11 09:06:13,PK401C10000,PK401C10000,611.0,0.0,0.0,0.0,10,300.5,655.5,10,611.0,0.0,0.0,0.0,0.0,0.0,103
2023-05-11 09:06:14,PK401C10000,PK401C10000,611.0,0.0,0.0,0.0,1,302.0,655.5,10,611.0,0.0,0.0,0.0,0.0,0.0,103
2023-05-11 09:06:14,PK401C10000,PK401C10000,611.0,0.0,0.0,0.0,10,302.5,655.5,10,611.0,0.0,0.0,0.0,0.0,0.0,103
2023-05-11 09:06:15,PK401C10000,PK401C10000,611.0,0.0,0.0,0.0,1,304.0,655.5,10,611.0,0.0,0.0,0.0,0.0,0.0,103
2023-05-11 09:06:15,PK401C10000,PK401C10000,611.0,0.0,0.0,0.0,10,304.5,655.5,10,611.0,0.0,0.0,0.0,0.0,0.0,103
2023-05-11 09:06:16,PK401C10000,PK401C10000,611.0,0.0,0.0,0.0,1,306.0,655.5,10,611.0,0.0,0.0,0.0,0.0,0.0,103
2023-05-11 09:06:16,PK401C10000,PK401C10000,611.0,0.0,0.0,0.0,10,306.5,655.5,10,611.0,0.0,0.0,0.0,0.0,0.0,103
2023-05-11 09:06:17,PK401C10000,PK401C10000,611.0,0.0,0.0,0.0,1,308.0,655.5,10,611.0,0.0,0.0,0.0,0.0,0.0,103
2023-05-11 09:06:17,PK401C10000,PK401C10000,611.0,0.0,0.0,0.0,10,308.5,655.5,10,611.0,0.0,0.0,0.0,0.0,0.0,103
2023-05-11 09:06:20,PK401C10000,PK401C10000,611.0,0.0,0.0,0.0,1,310.0,655.5,10,611.0,0.0,0.0,0.0,0.0,0.0,103
2023-05-11 09:06:20,PK401C10000,PK401C10000,611.0,0.0,0.0,0.0,10,310.5,655.5,10,611.0,0.0,0.0,0.0,0.0,0.0,103
2023-05-11 09:06:21,PK401C10000,PK401C10000,611.0,0.0,0.0,0.0,1,312.0,655.5,10,611.0,0.0,0.0,0.0,0.0,0.0,103
2023-05-11 09:06:21,PK401C10000,PK401C10000,611.0,0.0,0.0,0.0,10,312.5,655.5,10,611.0,0.0,0.0,0.0,0.0,0.0,103
2023-05-11 09:06:22,PK401C10000,PK401C10000,611.0,0.0,0.0,0.0,1,314.0,655.5,10,611.0,0.0,0.0,0.0,0.0,0.0,103
2023-05-11 09:06:22,PK401C10000,PK401C10000,611.0,0.0,0.0,0.0,10,314.5,655.5,10,611.0,0.0,0.0,0.0,0.0,0.0,103
2023-05-11 09:06:27,PK401C10000,PK401C10000,611.0,0.0,0.0,0.0,1,316.0,655.5,10,611.0,0.0,0.0,0.0,0.0,0.0,103
2023-05-11 09:06:28,PK401C10000,PK401C10000,611.0,0.0,0.0,0.0,10,316.5,655.5,10,611.0,0.0,0.0,0.0,0.0,0.0,103
2023-05-11 09:06:32,PK401C10000,PK401C10000,611.0,0.0,0.0,0.0,1,318.0,655.5,10,611.0,0.0,0.0,0.0,0.0,0.0,103
2023-05-11 09:06:32,PK401C10000,PK401C10000,611.0,0.0,0.0,0.0,10,318.5,655.5,10,611.0,0.0,0.0,0.0,0.0,0.0,103
2023-05-11 09:06:33,PK401C10000,PK401C10000,611.0,0.0,0.0,0.0,1,320.0,655.5,10,611.0,0.0,0.0,0.0,0.0,0.0,103
2023-05-11 09:06:33,PK401C10000,PK401C10000,611.0,0.0,0.0,0.0,10,320.5,655.5,10,611.0,0.0,0.0,0.0,0.0,0.0,103
2023-05-11 09:06:39,PK401C10000,PK401C10000,611.0,0.0,0.0,0.0,1,322.0,655.5,10,611.0,0.0,0.0,0.0,0.0,0.0,103
2023-05-11 09:06:39,PK401C10000,PK401C10000,611.0,0.0,0.0,0.0,10,322.5,655.5,10,611.0,0.0,0.0,0.0,0.0,0.0,103
2023-05-11 09:06:41,PK401C10000,PK401C10000,611.0,0.0,0.0,0.0,1,324.0,655.5,10,611.0,0.0,0.0,0.0,0.0,0.0,103
2023-05-11 09:06:41,PK401C10000,PK401C10000,611.0,0.0,0.0,0.0,10,324.5,655.5,10,611.0,0.0,0.0,0.0,0.0,0.0,103
2023-05-11 09:06:46,PK401C10000,PK401C10000,611.0,0.0,0.0,0.0,1,326.0,655.5,10,611.0,0.0,0.0,0.0,0.0,0.0,103
2023-05-11 09:06:46,PK401C10000,PK401C10000,611.0,0.0,0.0,0.0,10,326.5,655.5,10,611.0,0.0,0.0,0.0,0.0,0.0,103
2023-05-11 09:06:48,PK401C10000,PK401C10000,611.0,0.0,0.0,0.0,1,328.0,655.5,10,611.0,0.0,0.0,0.0,0.0,0.0,103
2023-05-11 09:06:48,PK401C10000,PK401C10000,611.0,0.0,0.0,0.0,10,328.5,655.5,10,611.0,0.0,0.0,0.0,0.0,0.0,103
2023-05-11 09:15:14,PK401C10000,PK401C10000,611.0,0.0,0.0,0.0,6,538.5,571.0,6,611.0,0.0,0.0,0.0,0.0,0.0,103
2023-05-11 09:15:14,PK401C10000,PK401C10000,611.0,0.0,0.0,0.0,9,538.5,571.0,9,611.0,0.0,0.0,0.0,0.0,0.0,103
2023-05-11 09:15:15,PK401C10000,PK401C10000,611.0,0.0,0.0,0.0,12,538.5,571.0,12,611.0,0.0,0.0,0.0,0.0,0.0,103
2023-05-11 09:15:20,PK401C10000,PK401C10000,611.0,0.0,0.0,0.0,15,538.5,571.0,15,611.0,0.0,0.0,0.0,0.0,0.0,103
2023-05-11 09:15:21,PK401C10000,PK401C10000,611.0,0.0,0.0,0.0,15,538.5,570.5,3,611.0,0.0,0.0,0.0,0.0,0.0,103
2023-05-11 09:15:21,PK401C10000,PK401C10000,611.0,0.0,0.0,0.0,21,538.5,570.5,9,611.0,0.0,0.0,0.0,0.0,0.0,103
2023-05-11 09:15:24,PK401C10000,PK401C10000,611.0,0.0,0.0,0.0,24,538.5,570.5,12,611.0,0.0,0.0,0.0,0.0,0.0,103
2023-05-11 09:15:26,PK401C10000,PK401C10000,611.0,0.0,0.0,0.0,18,538.5,570.5,15,611.0,0.0,0.0,0.0,0.0,0.0,103
2023-05-11 09:15:31,PK401C10000,PK401C10000,611.0,0.0,0.0,0.0,15,538.5,570.5,15,611.0,0.0,0.0,0.0,0.0,0.0,103
2023-05-11 09:15:32,PK401C10000,PK401C10000,611.0,0.0,0.0,0.0,15,538.5,570.5,12,611.0,0.0,0.0,0.0,0.0,0.0,103
2023-05-11 09:15:33,PK401C10000,PK401C10000,611.0,0.0,0.0,0.0,9,538.5,570.5,9,611.0,0.0,0.0,0.0,0.0,0.0,103
2023-05-11 09:15:34,PK401C10000,PK401C10000,611.0,0.0,0.0,0.0,3,538.5,570.5,3,611.0,0.0,0.0,0.0,0.0,0.0,103
2023-05-11 09:15:36,PK401C10000,PK401C10000,611.0,0.0,0.0,0.0,10,256.5,655.5,10,611.0,0.0,0.0,0.0,0.0,0.0,103
2023-05-11 09:15:37,PK401C10000,PK401C10000,611.0,0.0,0.0,0.0,1,258.0,655.5,10,611.0,0.0,0.0,0.0,0.0,0.0,103
2023-05-11 09:15:37,PK401C10000,PK401C10000,611.0,0.0,0.0,0.0,10,258.5,655.5,10,611.0,0.0,0.0,0.0,0.0,0.0,103
2023-05-11 09:15:38,PK401C10000,PK401C10000,611.0,0.0,0.0,0.0,1,260.0,655.5,10,611.0,0.0,0.0,0.0,0.0,0.0,103
2023-05-11 09:15:38,PK401C10000,PK401C10000,611.0,0.0,0.0,0.0,10,260.5,655.5,10,611.0,0.0,0.0,0.0,0.0,0.0,103
2023-05-11 09:15:39,PK401C10000,PK401C10000,611.0,0.0,0.0,0.0,1,262.0,655.5,10,611.0,0.0,0.0,0.0,0.0,0.0,103
2023-05-11 09:15:39,PK401C10000,PK401C10000,611.0,0.0,0.0,0.0,10,262.5,655.5,10,611.0,0.0,0.0,0.0,0.0,0.0,103
2023-05-11 09:15:40,PK401C10000,PK401C10000,611.0,0.0,0.0,0.0,1,264.0,655.5,10,611.0,0.0,0.0,0.0,0.0,0.0,103
2023-05-11 09:15:40,PK401C10000,PK401C10000,611.0,0.0,0.0,0.0,10,264.5,655.5,10,611.0,0.0,0.0,0.0,0.0,0.0,103
2023-05-11 09:15:41,PK401C10000,PK401C10000,611.0,0.0,0.0,0.0,1,266.0,655.5,10,611.0,0.0,0.0,0.0,0.0,0.0,103
2023-05-11 09:15:41,PK401C10000,PK401C10000,611.0,0.0,0.0,0.0,10,266.5,655.5,10,611.0,0.0,0.0,0.0,0.0,0.0,103
2023-05-11 09:15:42,PK401C10000,PK401C10000,611.0,0.0,0.0,0.0,1,268.0,655.5,10,611.0,0.0,0.0,0.0,0.0,0.0,103
2023-05-11 09:15:42,PK401C10000,PK401C10000,611.0,0.0,0.0,0.0,10,268.5,655.5,10,611.0,0.0,0.0,0.0,0.0,0.0,103
2023-05-11 09:15:43,PK401C10000,PK401C10000,611.0,0.0,0.0,0.0,1,270.0,655.5,10,611.0,0.0,0.0,0.0,0.0,0.0,103
2023-05-11 09:15:43,PK401C10000,PK401C10000,611.0,0.0,0.0,0.0,10,270.5,655.5,10,611.0,0.0,0.0,0.0,0.0,0.0,103
2023-05-11 09:15:44,PK401C10000,PK401C10000,611.0,0.0,0.0,0.0,1,272.0,655.5,10,611.0,0.0,0.0,0.0,0.0,0.0,103
2023-05-11 09:15:44,PK401C10000,PK401C10000,611.0,0.0,0.0,0.0,10,272.5,655.5,10,611.0,0.0,0.0,0.0,0.0,0.0,103
2023-05-11 09:15:45,PK401C10000,PK401C10000,611.0,0.0,0.0,0.0,1,274.0,655.5,10,611.0,0.0,0.0,0.0,0.0,0.0,103
2023-05-11 09:16:18,PK401C10000,PK401C10000,611.0,0.0,0.0,0.0,10,274.5,655.5,10,611.0,0.0,0.0,0.0,0.0,0.0,103
2023-05-11 09:16:19,PK401C10000,PK401C10000,611.0,0.0,0.0,0.0,1,276.0,655.5,10,611.0,0.0,0.0,0.0,0.0,0.0,103
2023-05-11 09:16:21,PK401C10000,PK401C10000,611.0,0.0,0.0,0.0,10,276.5,655.5,10,611.0,0.0,0.0,0.0,0.0,0.0,103
2023-05-11 09:16:22,PK401C10000,PK401C10000,611.0,0.0,0.0,0.0,1,278.0,655.5,10,611.0,0.0,0.0,0.0,0.0,0.0,103
2023-05-11 09:16:46,PK401C10000,PK401C10000,611.0,0.0,0.0,0.0,3,541.5,566.5,6,611.0,0.0,0.0,0.0,0.0,0.0,103
2023-05-11 09:16:46,PK401C10000,PK401C10000,611.0,0.0,0.0,0.0,6,541.5,566.5,9,611.0,0.0,0.0,0.0,0.0,0.0,103
2023-05-11 09:16:46,PK401C10000,PK401C10000,611.0,0.0,0.0,0.0,9,541.5,566.5,12,611.0,0.0,0.0,0.0,0.0,0.0,103
2023-05-11 09:16:53,PK401C10000,PK401C10000,611.0,0.0,0.0,0.0,15,541.5,566.5,18,611.0,0.0,0.0,0.0,0.0,0.0,103
2023-05-11 09:16:55,PK401C10000,PK401C10000,611.0,0.0,0.0,0.0,18,541.5,566.5,21,611.0,0.0,0.0,0.0,0.0,0.0,103
2023-05-11 09:16:57,PK401C10000,PK401C10000,611.0,0.0,0.0,0.0,18,541.5,566.5,18,611.0,0.0,0.0,0.0,0.0,0.0,103
2023-05-11 09:16:57,PK401C10000,PK401C10000,611.0,0.0,0.0,0.0,21,541.5,566.5,18,611.0,0.0,0.0,0.0,0.0,0.0,103
2023-05-11 09:16:57,PK401C10000,PK401C10000,611.0,0.0,0.0,0.0,18,541.5,566.5,18,611.0,0.0,0.0,0.0,0.0,0.0,103
2023-05-11 09:16:58,PK401C10000,PK401C10000,611.0,0.0,0.0,0.0,15,541.5,566.5,15,611.0,0.0,0.0,0.0,0.0,0.0,103
2023-05-11 09:17:04,PK401C10000,PK401C10000,611.0,0.0,0.0,0.0,12,541.5,566.5,12,611.0,0.0,0.0,0.0,0.0,0.0,103
2023-05-11 09:17:05,PK401C10000,PK401C10000,611.0,0.0,0.0,0.0,6,541.5,566.5,6,611.0,0.0,0.0,0.0,0.0,0.0,103
2023-05-11 09:17:06,PK401C10000,PK401C10000,611.0,0.0,0.0,0.0,3,541.5,566.5,3,611.0,0.0,0.0,0.0,0.0,0.0,103
2023-05-11 09:17:08,PK401C10000,PK401C10000,611.0,0.0,0.0,0.0,5,256.0,656.0,3,611.0,0.0,0.0,0.0,0.0,0.0,103
2023-05-11 09:17:08,PK401C10000,PK401C10000,611.0,0.0,0.0,0.0,1,257.5,656.0,3,611.0,0.0,0.0,0.0,0.0,0.0,103
2023-05-11 09:17:13,PK401C10000,PK401C10000,611.0,0.0,0.0,0.0,10,258.0,655.5,10,611.0,0.0,0.0,0.0,0.0,0.0,103
2023-05-11 09:17:13,PK401C10000,PK401C10000,611.0,0.0,0.0,0.0,1,259.5,655.5,10,611.0,0.0,0.0,0.0,0.0,0.0,103
2023-05-11 09:17:14,PK401C10000,PK401C10000,611.0,0.0,0.0,0.0,10,260.0,655.5,10,611.0,0.0,0.0,0.0,0.0,0.0,103
2023-05-11 09:17:16,PK401C10000,PK401C10000,611.0,0.0,0.0,0.0,1,261.5,655.5,10,611.0,0.0,0.0,0.0,0.0,0.0,103
2023-05-11 09:17:17,PK401C10000,PK401C10000,611.0,0.0,0.0,0.0,10,262.0,655.5,10,611.0,0.0,0.0,0.0,0.0,0.0,103
2023-05-11 09:17:18,PK401C10000,PK401C10000,611.0,0.0,0.0,0.0,1,263.5,655.5,10,611.0,0.0,0.0,0.0,0.0,0.0,103
2023-05-11 09:17:19,PK401C10000,PK401C10000,611.0,0.0,0.0,0.0,10,264.0,655.5,10,611.0,0.0,0.0,0.0,0.0,0.0,103
2023-05-11 09:17:19,PK401C10000,PK401C10000,611.0,0.0,0.0,0.0,1,265.5,655.5,10,611.0,0.0,0.0,0.0,0.0,0.0,103
2023-05-11 09:18:08,PK401C10000,PK401C10000,611.0,0.0,0.0,0.0,10,266.0,655.5,10,611.0,0.0,0.0,0.0,0.0,0.0,103
2023-05-11 09:18:09,PK401C10000,PK401C10000,611.0,0.0,0.0,0.0,1,267.5,655.5,10,611.0,0.0,0.0,0.0,0.0,0.0,103
2023-05-11 09:18:09,PK401C10000,PK401C10000,611.0,0.0,0.0,0.0,10,268.0,655.5,10,611.0,0.0,0.0,0.0,0.0,0.0,103
2023-05-11 09:18:10,PK401C10000,PK401C10000,611.0,0.0,0.0,0.0,1,269.5,655.5,10,611.0,0.0,0.0,0.0,0.0,0.0,103
2023-05-11 09:18:10,PK401C10000,PK401C10000,611.0,0.0,0.0,0.0,10,270.0,655.5,10,611.0,0.0,0.0,0.0,0.0,0.0,103
2023-05-11 09:18:12,PK401C10000,PK401C10000,611.0,0.0,0.0,0.0,1,271.5,655.5,10,611.0,0.0,0.0,0.0,0.0,0.0,103
2023-05-11 09:18:12,PK401C10000,PK401C10000,611.0,0.0,0.0,0.0,10,272.0,655.5,10,611.0,0.0,0.0,0.0,0.0,0.0,103
2023-05-11 09:18:14,PK401C10000,PK401C10000,611.0,0.0,0.0,0.0,1,273.5,655.5,10,611.0,0.0,0.0,0.0,0.0,0.0,103
2023-05-11 09:18:14,PK401C10000,PK401C10000,611.0,0.0,0.0,0.0,10,274.0,655.5,10,611.0,0.0,0.0,0.0,0.0,0.0,103
2023-05-11 09:18:15,PK401C10000,PK401C10000,611.0,0.0,0.0,0.0,1,275.5,655.5,10,611.0,0.0,0.0,0.0,0.0,0.0,103
2023-05-11 09:18:15,PK401C10000,PK401C10000,611.0,0.0,0.0,0.0,10,276.0,655.5,10,611.0,0.0,0.0,0.0,0.0,0.0,103
2023-05-11 09:18:16,PK401C10000,PK401C10000,611.0,0.0,0.0,0.0,1,277.5,655.5,10,611.0,0.0,0.0,0.0,0.0,0.0,103
2023-05-11 09:18:16,PK401C10000,PK401C10000,611.0,0.0,0.0,0.0,10,278.0,655.5,10,611.0,0.0,0.0,0.0,0.0,0.0,103
2023-05-11 09:18:17,PK401C10000,PK401C10000,611.0,0.0,0.0,0.0,1,279.5,655.5,10,611.0,0.0,0.0,0.0,0.0,0.0,103
2023-05-11 09:18:17,PK401C10000,PK401C10000,611.0,0.0,0.0,0.0,10,280.0,655.5,10,611.0,0.0,0.0,0.0,0.0,0.0,103
2023-05-11 09:18:18,PK401C10000,PK401C10000,611.0,0.0,0.0,0.0,1,281.5,655.5,10,611.0,0.0,0.0,0.0,0.0,0.0,103
2023-05-11 09:18:18,PK401C10000,PK401C10000,611.0,0.0,0.0,0.0,10,282.0,655.5,10,611.0,0.0,0.0,0.0,0.0,0.0,103
2023-05-11 09:18:19,PK401C10000,PK401C10000,611.0,0.0,0.0,0.0,1,283.5,655.5,10,611.0,0.0,0.0,0.0,0.0,0.0,103
2023-05-11 09:18:19,PK401C10000,PK401C10000,611.0,0.0,0.0,0.0,10,284.0,655.5,10,611.0,0.0,0.0,0.0,0.0,0.0,103
2023-05-11 09:18:20,PK401C10000,PK401C10000,611.0,0.0,0.0,0.0,1,285.5,655.5,10,611.0,0.0,0.0,0.0,0.0,0.0,103
2023-05-11 09:18:20,PK401C10000,PK401C10000,611.0,0.0,0.0,0.0,10,286.0,655.5,10,611.0,0.0,0.0,0.0,0.0,0.0,103
2023-05-11 09:18:21,PK401C10000,PK401C10000,611.0,0.0,0.0,0.0,1,287.5,655.5,10,611.0,0.0,0.0,0.0,0.0,0.0,103
2023-05-11 09:18:21,PK401C10000,PK401C10000,611.0,0.0,0.0,0.0,10,288.0,655.5,10,611.0,0.0,0.0,0.0,0.0,0.0,103
2023-05-11 09:18:22,PK401C10000,PK401C10000,611.0,0.0,0.0,0.0,1,289.5,655.5,10,611.0,0.0,0.0,0.0,0.0,0.0,103
2023-05-11 09:19:03,PK401C10000,PK401C10000,611.0,0.0,0.0,0.0,10,290.0,655.5,10,611.0,0.0,0.0,0.0,0.0,0.0,103
2023-05-11 09:19:04,PK401C10000,PK401C10000,611.0,0.0,0.0,0.0,1,291.5,655.5,10,611.0,0.0,0.0,0.0,0.0,0.0,103
2023-05-11 09:19:04,PK401C10000,PK401C10000,611.0,0.0,0.0,0.0,10,292.0,655.5,10,611.0,0.0,0.0,0.0,0.0,0.0,103
2023-05-11 09:19:05,PK401C10000,PK401C10000,611.0,0.0,0.0,0.0,1,293.5,655.5,10,611.0,0.0,0.0,0.0,0.0,0.0,103
2023-05-11 09:19:05,PK401C10000,PK401C10000,611.0,0.0,0.0,0.0,10,294.0,655.5,10,611.0,0.0,0.0,0.0,0.0,0.0,103
2023-05-11 09:19:06,PK401C10000,PK401C10000,611.0,0.0,0.0,0.0,1,295.5,655.5,10,611.0,0.0,0.0,0.0,0.0,0.0,103
2023-05-11 09:19:06,PK401C10000,PK401C10000,611.0,0.0,0.0,0.0,10,296.0,655.5,10,611.0,0.0,0.0,0.0,0.0,0.0,103
2023-05-11 09:19:08,PK401C10000,PK401C10000,611.0,0.0,0.0,0.0,1,297.5,655.5,10,611.0,0.0,0.0,0.0,0.0,0.0,103
2023-05-11 09:19:08,PK401C10000,PK401C10000,611.0,0.0,0.0,0.0,10,298.0,655.5,10,611.0,0.0,0.0,0.0,0.0,0.0,103
2023-05-11 09:19:09,PK401C10000,PK401C10000,611.0,0.0,0.0,0.0,1,299.5,655.5,10,611.0,0.0,0.0,0.0,0.0,0.0,103
2023-05-11 09:19:09,PK401C10000,PK401C10000,611.0,0.0,0.0,0.0,10,300.0,655.5,10,611.0,0.0,0.0,0.0,0.0,0.0,103
2023-05-11 09:19:10,PK401C10000,PK401C10000,611.0,0.0,0.0,0.0,1,301.5,655.5,10,611.0,0.0,0.0,0.0,0.0,0.0,103
2023-05-11 09:20:47,PK401C10000,PK401C10000,611.0,0.0,0.0,0.0,3,525.5,549.0,3,611.0,0.0,0.0,0.0,0.0,0.0,103
2023-05-11 09:20:47,PK401C10000,PK401C10000,611.0,0.0,0.0,0.0,6,525.5,549.0,6,611.0,0.0,0.0,0.0,0.0,0.0,103
2023-05-11 09:20:49,PK401C10000,PK401C10000,611.0,0.0,0.0,0.0,9,525.5,549.0,9,611.0,0.0,0.0,0.0,0.0,0.0,103
2023-05-11 09:20:55,PK401C10000,PK401C10000,611.0,0.0,0.0,0.0,15,525.5,549.0,15,611.0,0.0,0.0,0.0,0.0,0.0,103
2023-05-11 09:20:57,PK401C10000,PK401C10000,611.0,0.0,0.0,0.0,18,525.5,549.0,18,611.0,0.0,0.0,0.0,0.0,0.0,103
2023-05-11 09:20:58,PK401C10000,PK401C10000,611.0,0.0,0.0,0.0,18,525.5,549.0,15,611.0,0.0,0.0,0.0,0.0,0.0,103
2023-05-11 09:20:59,PK401C10000,PK401C10000,611.0,0.0,0.0,0.0,15,525.5,549.0,15,611.0,0.0,0.0,0.0,0.0,0.0,103
2023-05-11 09:21:07,PK401C10000,PK401C10000,611.0,0.0,0.0,0.0,9,525.5,549.0,9,611.0,0.0,0.0,0.0,0.0,0.0,103
2023-05-11 09:21:07,PK401C10000,PK401C10000,611.0,0.0,0.0,0.0,6,525.5,549.0,6,611.0,0.0,0.0,0.0,0.0,0.0,103
2023-05-11 09:21:08,PK401C10000,PK401C10000,611.0,0.0,0.0,0.0,3,525.5,549.0,3,611.0,0.0,0.0,0.0,0.0,0.0,103
2023-05-11 09:21:10,PK401C10000,PK401C10000,611.0,0.0,0.0,0.0,10,256.5,655.5,10,611.0,0.0,0.0,0.0,0.0,0.0,103
2023-05-11 09:21:10,PK401C10000,PK401C10000,611.0,0.0,0.0,0.0,1,258.0,655.5,10,611.0,0.0,0.0,0.0,0.0,0.0,103
2023-05-11 09:21:10,PK401C10000,PK401C10000,611.0,0.0,0.0,0.0,10,258.5,655.5,10,611.0,0.0,0.0,0.0,0.0,0.0,103
2023-05-11 09:21:11,PK401C10000,PK401C10000,611.0,0.0,0.0,0.0,1,260.0,655.5,10,611.0,0.0,0.0,0.0,0.0,0.0,103
2023-05-11 09:21:11,PK401C10000,PK401C10000,611.0,0.0,0.0,0.0,10,260.5,655.5,10,611.0,0.0,0.0,0.0,0.0,0.0,103
2023-05-11 09:21:12,PK401C10000,PK401C10000,611.0,0.0,0.0,0.0,1,262.0,655.5,10,611.0,0.0,0.0,0.0,0.0,0.0,103
2023-05-11 09:21:12,PK401C10000,PK401C10000,611.0,0.0,0.0,0.0,10,262.5,655.5,10,611.0,0.0,0.0,0.0,0.0,0.0,103
2023-05-11 09:21:13,PK401C10000,PK401C10000,611.0,0.0,0.0,0.0,1,264.0,655.5,10,611.0,0.0,0.0,0.0,0.0,0.0,103
2023-05-11 09:21:13,PK401C10000,PK401C10000,611.0,0.0,0.0,0.0,10,264.5,655.5,10,611.0,0.0,0.0,0.0,0.0,0.0,103
2023-05-11 09:21:14,PK401C10000,PK401C10000,611.0,0.0,0.0,0.0,1,266.0,655.5,10,611.0,0.0,0.0,0.0,0.0,0.0,103
2023-05-11 09:21:14,PK401C10000,PK401C10000,611.0,0.0,0.0,0.0,10,266.5,655.5,10,611.0,0.0,0.0,0.0,0.0,0.0,103
2023-05-11 09:21:15,PK401C10000,PK401C10000,611.0,0.0,0.0,0.0,1,268.0,655.5,10,611.0,0.0,0.0,0.0,0.0,0.0,103
2023-05-11 09:23:54,PK401C10000,PK401C10000,611.0,0.0,0.0,0.0,10,268.5,655.5,10,611.0,0.0,0.0,0.0,0.0,0.0,103
2023-05-11 09:23:55,PK401C10000,PK401C10000,611.0,0.0,0.0,0.0,1,270.0,655.5,10,611.0,0.0,0.0,0.0,0.0,0.0,103
2023-05-11 09:23:55,PK401C10000,PK401C10000,611.0,0.0,0.0,0.0,10,270.5,655.5,10,611.0,0.0,0.0,0.0,0.0,0.0,103
2023-05-11 09:23:55,PK401C10000,PK401C10000,611.0,0.0,0.0,0.0,1,272.0,655.5,10,611.0,0.0,0.0,0.0,0.0,0.0,103
2023-05-11 09:23:56,PK401C10000,PK401C10000,611.0,0.0,0.0,0.0,10,272.5,655.5,10,611.0,0.0,0.0,0.0,0.0,0.0,103
2023-05-11 09:23:57,PK401C10000,PK401C10000,611.0,0.0,0.0,0.0,1,274.0,655.5,10,611.0,0.0,0.0,0.0,0.0,0.0,103
2023-05-11 09:23:57,PK401C10000,PK401C10000,611.0,0.0,0.0,0.0,10,274.5,655.5,10,611.0,0.0,0.0,0.0,0.0,0.0,103
2023-05-11 09:23:59,PK401C10000,PK401C10000,611.0,0.0,0.0,0.0,1,276.0,655.5,10,611.0,0.0,0.0,0.0,0.0,0.0,103
2023-05-11 09:23:59,PK401C10000,PK401C10000,611.0,0.0,0.0,0.0,10,276.5,655.5,10,611.0,0.0,0.0,0.0,0.0,0.0,103
2023-05-11 09:23:59,PK401C10000,PK401C10000,611.0,0.0,0.0,0.0,1,278.0,655.5,10,611.0,0.0,0.0,0.0,0.0,0.0,103
2023-05-11 09:24:40,PK401C10000,PK401C10000,611.0,0.0,0.0,0.0,10,278.5,655.5,10,611.0,0.0,0.0,0.0,0.0,0.0,103
2023-05-11 09:24:40,PK401C10000,PK401C10000,611.0,0.0,0.0,0.0,1,280.0,655.5,10,611.0,0.0,0.0,0.0,0.0,0.0,103
2023-05-11 09:24:40,PK401C10000,PK401C10000,611.0,0.0,0.0,0.0,10,280.5,655.5,10,611.0,0.0,0.0,0.0,0.0,0.0,103
2023-05-11 09:24:42,PK401C10000,PK401C10000,611.0,0.0,0.0,0.0,1,282.0,655.5,10,611.0,0.0,0.0,0.0,0.0,0.0,103
2023-05-11 09:24:42,PK401C10000,PK401C10000,611.0,0.0,0.0,0.0,10,282.5,655.5,10,611.0,0.0,0.0,0.0,0.0,0.0,103
2023-05-11 09:24:43,PK401C10000,PK401C10000,611.0,0.0,0.0,0.0,1,284.0,655.5,10,611.0,0.0,0.0,0.0,0.0,0.0,103
2023-05-11 09:24:43,PK401C10000,PK401C10000,611.0,0.0,0.0,0.0,10,284.5,655.5,10,611.0,0.0,0.0,0.0,0.0,0.0,103
2023-05-11 09:24:44,PK401C10000,PK401C10000,611.0,0.0,0.0,0.0,1,286.0,655.5,10,611.0,0.0,0.0,0.0,0.0,0.0,103
2023-05-11 09:24:44,PK401C10000,PK401C10000,611.0,0.0,0.0,0.0,10,286.5,655.5,10,611.0,0.0,0.0,0.0,0.0,0.0,103
2023-05-11 09:24:45,PK401C10000,PK401C10000,611.0,0.0,0.0,0.0,1,288.0,655.5,10,611.0,0.0,0.0,0.0,0.0,0.0,103
2023-05-11 09:24:45,PK401C10000,PK401C10000,611.0,0.0,0.0,0.0,10,288.5,655.5,10,611.0,0.0,0.0,0.0,0.0,0.0,103
2023-05-11 09:24:46,PK401C10000,PK401C10000,611.0,0.0,0.0,0.0,1,290.0,655.5,10,611.0,0.0,0.0,0.0,0.0,0.0,103
2023-05-11 09:25:37,PK401C10000,PK401C10000,611.0,0.0,0.0,0.0,10,290.5,655.5,10,611.0,0.0,0.0,0.0,0.0,0.0,103
2023-05-11 09:25:37,PK401C10000,PK401C10000,611.0,0.0,0.0,0.0,1,292.0,655.5,10,611.0,0.0,0.0,0.0,0.0,0.0,103
2023-05-11 09:25:37,PK401C10000,PK401C10000,611.0,0.0,0.0,0.0,10,292.5,655.5,10,611.0,0.0,0.0,0.0,0.0,0.0,103
2023-05-11 09:25:39,PK401C10000,PK401C10000,611.0,0.0,0.0,0.0,1,294.0,655.5,10,611.0,0.0,0.0,0.0,0.0,0.0,103
2023-05-11 09:25:39,PK401C10000,PK401C10000,611.0,0.0,0.0,0.0,10,294.5,655.5,10,611.0,0.0,0.0,0.0,0.0,0.0,103
2023-05-11 09:25:40,PK401C10000,PK401C10000,611.0,0.0,0.0,0.0,1,296.0,655.5,10,611.0,0.0,0.0,0.0,0.0,0.0,103
2023-05-11 09:25:40,PK401C10000,PK401C10000,611.0,0.0,0.0,0.0,10,296.5,655.5,10,611.0,0.0,0.0,0.0,0.0,0.0,103
2023-05-11 09:25:41,PK401C10000,PK401C10000,611.0,0.0,0.0,0.0,1,298.0,655.5,10,611.0,0.0,0.0,0.0,0.0,0.0,103
2023-05-11 09:25:41,PK401C10000,PK401C10000,611.0,0.0,0.0,0.0,10,298.5,655.5,10,611.0,0.0,0.0,0.0,0.0,0.0,103
2023-05-11 09:25:42,PK401C10000,PK401C10000,611.0,0.0,0.0,0.0,1,300.0,655.5,10,611.0,0.0,0.0,0.0,0.0,0.0,103
2023-05-11 09:25:42,PK401C10000,PK401C10000,611.0,0.0,0.0,0.0,10,300.5,655.5,10,611.0,0.0,0.0,0.0,0.0,0.0,103
2023-05-11 09:25:43,PK401C10000,PK401C10000,611.0,0.0,0.0,0.0,1,302.0,655.5,10,611.0,0.0,0.0,0.0,0.0,0.0,103
2023-05-11 09:25:43,PK401C10000,PK401C10000,611.0,0.0,0.0,0.0,10,302.5,655.5,10,611.0,0.0,0.0,0.0,0.0,0.0,103
2023-05-11 09:25:45,PK401C10000,PK401C10000,611.0,0.0,0.0,0.0,1,304.0,655.5,10,611.0,0.0,0.0,0.0,0.0,0.0,103
2023-05-11 09:25:45,PK401C10000,PK401C10000,611.0,0.0,0.0,0.0,10,304.5,655.5,10,611.0,0.0,0.0,0.0,0.0,0.0,103
2023-05-11 09:25:46,PK401C10000,PK401C10000,611.0,0.0,0.0,0.0,1,306.0,655.5,10,611.0,0.0,0.0,0.0,0.0,0.0,103
2023-05-11 09:25:46,PK401C10000,PK401C10000,611.0,0.0,0.0,0.0,10,306.5,655.5,10,611.0,0.0,0.0,0.0,0.0,0.0,103
2023-05-11 09:25:48,PK401C10000,PK401C10000,611.0,0.0,0.0,0.0,1,308.0,655.5,10,611.0,0.0,0.0,0.0,0.0,0.0,103
2023-05-11 09:25:48,PK401C10000,PK401C10000,611.0,0.0,0.0,0.0,10,308.5,655.5,10,611.0,0.0,0.0,0.0,0.0,0.0,103
2023-05-11 09:25:50,PK401C10000,PK401C10000,611.0,0.0,0.0,0.0,1,310.0,655.5,10,611.0,0.0,0.0,0.0,0.0,0.0,103
2023-05-11 09:26:36,PK401C10000,PK401C10000,611.0,0.0,0.0,0.0,10,310.5,655.5,10,611.0,0.0,0.0,0.0,0.0,0.0,103
2023-05-11 09:26:37,PK401C10000,PK401C10000,611.0,0.0,0.0,0.0,1,312.0,655.5,10,611.0,0.0,0.0,0.0,0.0,0.0,103
2023-05-11 09:26:37,PK401C10000,PK401C10000,611.0,0.0,0.0,0.0,10,312.5,655.5,10,611.0,0.0,0.0,0.0,0.0,0.0,103
2023-05-11 09:26:38,PK401C10000,PK401C10000,611.0,0.0,0.0,0.0,1,314.0,655.5,10,611.0,0.0,0.0,0.0,0.0,0.0,103
2023-05-11 09:26:38,PK401C10000,PK401C10000,611.0,0.0,0.0,0.0,10,314.5,655.5,10,611.0,0.0,0.0,0.0,0.0,0.0,103
2023-05-11 09:26:39,PK401C10000,PK401C10000,611.0,0.0,0.0,0.0,1,316.0,655.5,10,611.0,0.0,0.0,0.0,0.0,0.0,103
2023-05-11 09:26:39,PK401C10000,PK401C10000,611.0,0.0,0.0,0.0,10,316.5,655.5,10,611.0,0.0,0.0,0.0,0.0,0.0,103
2023-05-11 09:26:40,PK401C10000,PK401C10000,611.0,0.0,0.0,0.0,1,318.0,655.5,10,611.0,0.0,0.0,0.0,0.0,0.0,103
2023-05-11 09:26:40,PK401C10000,PK401C10000,611.0,0.0,0.0,0.0,10,318.5,655.5,10,611.0,0.0,0.0,0.0,0.0,0.0,103
2023-05-11 09:26:41,PK401C10000,PK401C10000,611.0,0.0,0.0,0.0,1,320.0,655.5,10,611.0,0.0,0.0,0.0,0.0,0.0,103
2023-05-11 09:26:41,PK401C10000,PK401C10000,611.0,0.0,0.0,0.0,10,320.5,655.5,10,611.0,0.0,0.0,0.0,0.0,0.0,103
2023-05-11 09:26:42,PK401C10000,PK401C10000,611.0,0.0,0.0,0.0,1,322.0,655.5,10,611.0,0.0,0.0,0.0,0.0,0.0,103
2023-05-11 09:27:32,PK401C10000,PK401C10000,611.0,0.0,0.0,0.0,6,549.5,593.0,6,611.0,0.0,0.0,0.0,0.0,0.0,103
2023-05-11 09:27:33,PK401C10000,PK401C10000,611.0,0.0,0.0,0.0,9,549.5,593.0,9,611.0,0.0,0.0,0.0,0.0,0.0,103
2023-05-11 09:27:33,PK401C10000,PK401C10000,611.0,0.0,0.0,0.0,12,549.5,593.0,12,611.0,0.0,0.0,0.0,0.0,0.0,103
2023-05-11 09:27:35,PK401C10000,PK401C10000,611.0,0.0,0.0,0.0,18,549.5,593.0,18,611.0,0.0,0.0,0.0,0.0,0.0,103
2023-05-11 09:27:36,PK401C10000,PK401C10000,611.0,0.0,0.0,0.0,21,549.5,593.0,21,611.0,0.0,0.0,0.0,0.0,0.0,103
2023-05-11 09:27:38,PK401C10000,PK401C10000,611.0,0.0,0.0,0.0,18,549.5,589.0,3,611.0,0.0,0.0,0.0,0.0,0.0,103
2023-05-11 09:27:39,PK401C10000,PK401C10000,611.0,0.0,0.0,0.0,15,549.5,583.0,6,611.0,0.0,0.0,0.0,0.0,0.0,103
2023-05-11 09:27:39,PK401C10000,PK401C10000,611.0,0.0,0.0,0.0,27,549.5,583.0,15,611.0,0.0,0.0,0.0,0.0,0.0,103
2023-05-11 09:27:40,PK401C10000,PK401C10000,611.0,0.0,0.0,0.0,27,549.5,575.5,3,611.0,0.0,0.0,0.0,0.0,0.0,103
2023-05-11 09:27:41,PK401C10000,PK401C10000,611.0,0.0,0.0,0.0,27,549.5,575.5,12,611.0,0.0,0.0,0.0,0.0,0.0,103
2023-05-11 09:27:42,PK401C10000,PK401C10000,611.0,0.0,0.0,0.0,30,549.5,575.5,15,611.0,0.0,0.0,0.0,0.0,0.0,103
2023-05-11 09:27:44,PK401C10000,PK401C10000,611.0,0.0,0.0,0.0,33,549.5,575.5,18,611.0,0.0,0.0,0.0,0.0,0.0,103
2023-05-11 09:27:44,PK401C10000,PK401C10000,611.0,0.0,0.0,0.0,30,549.5,575.5,18,611.0,0.0,0.0,0.0,0.0,0.0,103
2023-05-11 09:27:47,PK401C10000,PK401C10000,611.0,0.0,0.0,0.0,27,549.5,575.5,18,611.0,0.0,0.0,0.0,0.0,0.0,103
2023-05-11 09:27:48,PK401C10000,PK401C10000,611.0,0.0,0.0,0.0,24,549.5,575.5,18,611.0,0.0,0.0,0.0,0.0,0.0,103
2023-05-11 09:27:49,PK401C10000,PK401C10000,611.0,0.0,0.0,0.0,21,549.5,575.5,18,611.0,0.0,0.0,0.0,0.0,0.0,103
2023-05-11 09:27:51,PK401C10000,PK401C10000,611.0,0.0,0.0,0.0,15,549.5,575.5,15,611.0,0.0,0.0,0.0,0.0,0.0,103
2023-05-11 09:27:52,PK401C10000,PK401C10000,611.0,0.0,0.0,0.0,15,549.5,575.5,12,611.0,0.0,0.0,0.0,0.0,0.0,103
2023-05-11 09:27:52,PK401C10000,PK401C10000,611.0,0.0,0.0,0.0,3,549.5,575.5,3,611.0,0.0,0.0,0.0,0.0,0.0,103
2023-05-11 09:27:54,PK401C10000,PK401C10000,611.0,0.0,0.0,0.0,5,256.0,656.0,3,611.0,0.0,0.0,0.0,0.0,0.0,103
2023-05-11 09:27:55,PK401C10000,PK401C10000,611.0,0.0,0.0,0.0,1,257.5,655.5,10,611.0,0.0,0.0,0.0,0.0,0.0,103
2023-05-11 09:27:55,PK401C10000,PK401C10000,611.0,0.0,0.0,0.0,10,258.0,655.5,10,611.0,0.0,0.0,0.0,0.0,0.0,103
2023-05-11 09:27:56,PK401C10000,PK401C10000,611.0,0.0,0.0,0.0,1,259.5,655.5,10,611.0,0.0,0.0,0.0,0.0,0.0,103
2023-05-11 09:27:56,PK401C10000,PK401C10000,611.0,0.0,0.0,0.0,10,260.0,655.5,10,611.0,0.0,0.0,0.0,0.0,0.0,103
2023-05-11 09:27:57,PK401C10000,PK401C10000,611.0,0.0,0.0,0.0,1,261.5,655.5,10,611.0,0.0,0.0,0.0,0.0,0.0,103
2023-05-11 09:27:57,PK401C10000,PK401C10000,611.0,0.0,0.0,0.0,10,262.0,655.5,10,611.0,0.0,0.0,0.0,0.0,0.0,103
2023-05-11 09:27:58,PK401C10000,PK401C10000,611.0,0.0,0.0,0.0,1,263.5,655.5,10,611.0,0.0,0.0,0.0,0.0,0.0,103
2023-05-11 09:27:58,PK401C10000,PK401C10000,611.0,0.0,0.0,0.0,10,264.0,655.5,10,611.0,0.0,0.0,0.0,0.0,0.0,103
2023-05-11 09:27:59,PK401C10000,PK401C10000,611.0,0.0,0.0,0.0,1,265.5,655.5,10,611.0,0.0,0.0,0.0,0.0,0.0,103
2023-05-11 09:27:59,PK401C10000,PK401C10000,611.0,0.0,0.0,0.0,10,266.0,655.5,10,611.0,0.0,0.0,0.0,0.0,0.0,103
2023-05-11 09:28:00,PK401C10000,PK401C10000,611.0,0.0,0.0,0.0,1,267.5,655.5,10,611.0,0.0,0.0,0.0,0.0,0.0,103
2023-05-11 09:28:00,PK401C10000,PK401C10000,611.0,0.0,0.0,0.0,10,268.0,655.5,10,611.0,0.0,0.0,0.0,0.0,0.0,103
2023-05-11 09:28:01,PK401C10000,PK401C10000,611.0,0.0,0.0,0.0,1,269.5,655.5,10,611.0,0.0,0.0,0.0,0.0,0.0,103
2023-05-11 09:28:01,PK401C10000,PK401C10000,611.0,0.0,0.0,0.0,10,270.0,655.5,10,611.0,0.0,0.0,0.0,0.0,0.0,103
2023-05-11 09:28:02,PK401C10000,PK401C10000,611.0,0.0,0.0,0.0,1,271.5,655.5,10,611.0,0.0,0.0,0.0,0.0,0.0,103
2023-05-11 09:28:02,PK401C10000,PK401C10000,611.0,0.0,0.0,0.0,10,272.0,655.5,10,611.0,0.0,0.0,0.0,0.0,0.0,103
2023-05-11 09:28:03,PK401C10000,PK401C10000,611.0,0.0,0.0,0.0,1,273.5,655.5,10,611.0,0.0,0.0,0.0,0.0,0.0,103
2023-05-11 09:28:03,PK401C10000,PK401C10000,611.0,0.0,0.0,0.0,10,274.0,655.5,10,611.0,0.0,0.0,0.0,0.0,0.0,103
2023-05-11 09:28:04,PK401C10000,PK401C10000,611.0,0.0,0.0,0.0,1,275.5,655.5,10,611.0,0.0,0.0,0.0,0.0,0.0,103
2023-05-11 09:29:04,PK401C10000,PK401C10000,611.0,0.0,0.0,0.0,6,550.5,594.5,6,611.0,0.0,0.0,0.0,0.0,0.0,103
2023-05-11 09:29:05,PK401C10000,PK401C10000,611.0,0.0,0.0,0.0,9,550.5,594.5,9,611.0,0.0,0.0,0.0,0.0,0.0,103
2023-05-11 09:29:05,PK401C10000,PK401C10000,611.0,0.0,0.0,0.0,12,550.5,594.5,12,611.0,0.0,0.0,0.0,0.0,0.0,103
2023-05-11 09:29:06,PK401C10000,PK401C10000,611.0,0.0,0.0,0.0,15,550.5,594.5,15,611.0,0.0,0.0,0.0,0.0,0.0,103
2023-05-11 09:29:07,PK401C10000,PK401C10000,611.0,0.0,0.0,0.0,21,550.5,594.5,21,611.0,0.0,0.0,0.0,0.0,0.0,103
2023-05-11 09:29:08,PK401C10000,PK401C10000,611.0,0.0,0.0,0.0,24,550.5,594.5,24,611.0,0.0,0.0,0.0,0.0,0.0,103
2023-05-11 09:29:08,PK401C10000,PK401C10000,611.0,0.0,0.0,0.0,24,550.5,576.5,3,611.0,0.0,0.0,0.0,0.0,0.0,103
2023-05-11 09:29:09,PK401C10000,PK401C10000,611.0,0.0,0.0,0.0,18,550.5,576.5,9,611.0,0.0,0.0,0.0,0.0,0.0,103
2023-05-11 09:29:09,PK401C10000,PK401C10000,611.0,0.0,0.0,0.0,21,550.5,576.5,12,611.0,0.0,0.0,0.0,0.0,0.0,103
2023-05-11 09:29:11,PK401C10000,PK401C10000,611.0,0.0,0.0,0.0,27,550.5,576.5,18,611.0,0.0,0.0,0.0,0.0,0.0,103
2023-05-11 09:29:14,PK401C10000,PK401C10000,611.0,0.0,0.0,0.0,30,550.5,576.5,21,611.0,0.0,0.0,0.0,0.0,0.0,103
2023-05-11 09:29:16,PK401C10000,PK401C10000,611.0,0.0,0.0,0.0,30,550.5,576.5,24,611.0,0.0,0.0,0.0,0.0,0.0,103
2023-05-11 09:29:19,PK401C10000,PK401C10000,611.0,0.0,0.0,0.0,24,550.5,576.5,24,611.0,0.0,0.0,0.0,0.0,0.0,103
2023-05-11 09:29:19,PK401C10000,PK401C10000,611.0,0.0,0.0,0.0,24,550.5,576.5,21,611.0,0.0,0.0,0.0,0.0,0.0,103
2023-05-11 09:29:20,PK401C10000,PK401C10000,611.0,0.0,0.0,0.0,21,550.5,576.5,21,611.0,0.0,0.0,0.0,0.0,0.0,103
2023-05-11 09:29:20,PK401C10000,PK401C10000,611.0,0.0,0.0,0.0,18,550.5,576.5,18,611.0,0.0,0.0,0.0,0.0,0.0,103
2023-05-11 09:29:21,PK401C10000,PK401C10000,611.0,0.0,0.0,0.0,15,550.5,576.5,15,611.0,0.0,0.0,0.0,0.0,0.0,103
2023-05-11 09:29:23,PK401C10000,PK401C10000,611.0,0.0,0.0,0.0,9,550.5,576.5,9,611.0,0.0,0.0,0.0,0.0,0.0,103
2023-05-11 09:29:24,PK401C10000,PK401C10000,611.0,0.0,0.0,0.0,3,550.5,576.5,3,611.0,0.0,0.0,0.0,0.0,0.0,103
2023-05-11 09:29:27,PK401C10000,PK401C10000,611.0,0.0,0.0,0.0,5,256.0,656.0,3,611.0,0.0,0.0,0.0,0.0,0.0,103
2023-05-11 09:29:27,PK401C10000,PK401C10000,611.0,0.0,0.0,0.0,10,258.0,655.5,10,611.0,0.0,0.0,0.0,0.0,0.0,103
2023-05-11 09:29:28,PK401C10000,PK401C10000,611.0,0.0,0.0,0.0,1,259.5,655.5,10,611.0,0.0,0.0,0.0,0.0,0.0,103
2023-05-11 09:31:05,PK401C10000,PK401C10000,611.0,0.0,0.0,0.0,10,260.0,655.5,10,611.0,0.0,0.0,0.0,0.0,0.0,103
2023-05-11 09:31:06,PK401C10000,PK401C10000,611.0,0.0,0.0,0.0,1,261.5,655.5,10,611.0,0.0,0.0,0.0,0.0,0.0,103
2023-05-11 09:33:44,PK401C10000,PK401C10000,611.0,0.0,0.0,0.0,10,262.0,655.5,10,611.0,0.0,0.0,0.0,0.0,0.0,103
2023-05-11 09:33:45,PK401C10000,PK401C10000,611.0,0.0,0.0,0.0,1,263.5,655.5,10,611.0,0.0,0.0,0.0,0.0,0.0,103
2023-05-11 09:33:45,PK401C10000,PK401C10000,611.0,0.0,0.0,0.0,10,264.0,655.5,10,611.0,0.0,0.0,0.0,0.0,0.0,103
2023-05-11 09:33:46,PK401C10000,PK401C10000,611.0,0.0,0.0,0.0,1,265.5,655.5,10,611.0,0.0,0.0,0.0,0.0,0.0,103
2023-05-11 09:33:47,PK401C10000,PK401C10000,611.0,0.0,0.0,0.0,10,266.0,655.5,10,611.0,0.0,0.0,0.0,0.0,0.0,103
2023-05-11 09:33:47,PK401C10000,PK401C10000,611.0,0.0,0.0,0.0,1,267.5,655.5,10,611.0,0.0,0.0,0.0,0.0,0.0,103
2023-05-11 09:34:30,PK401C10000,PK401C10000,611.0,0.0,0.0,0.0,10,268.0,655.5,10,611.0,0.0,0.0,0.0,0.0,0.0,103
2023-05-11 09:34:30,PK401C10000,PK401C10000,611.0,0.0,0.0,0.0,1,269.5,655.5,10,611.0,0.0,0.0,0.0,0.0,0.0,103
2023-05-11 09:34:31,PK401C10000,PK401C10000,611.0,0.0,0.0,0.0,10,270.0,655.5,10,611.0,0.0,0.0,0.0,0.0,0.0,103
2023-05-11 09:34:31,PK401C10000,PK401C10000,611.0,0.0,0.0,0.0,1,271.5,655.5,10,611.0,0.0,0.0,0.0,0.0,0.0,103
2023-05-11 09:34:32,PK401C10000,PK401C10000,611.0,0.0,0.0,0.0,10,272.0,655.5,10,611.0,0.0,0.0,0.0,0.0,0.0,103
2023-05-11 09:34:32,PK401C10000,PK401C10000,611.0,0.0,0.0,0.0,1,273.5,655.5,10,611.0,0.0,0.0,0.0,0.0,0.0,103
2023-05-11 09:34:33,PK401C10000,PK401C10000,611.0,0.0,0.0,0.0,10,274.0,655.5,10,611.0,0.0,0.0,0.0,0.0,0.0,103
2023-05-11 09:34:33,PK401C10000,PK401C10000,611.0,0.0,0.0,0.0,1,275.5,655.5,10,611.0,0.0,0.0,0.0,0.0,0.0,103
2023-05-11 09:34:34,PK401C10000,PK401C10000,611.0,0.0,0.0,0.0,10,276.0,655.5,10,611.0,0.0,0.0,0.0,0.0,0.0,103
2023-05-11 09:34:34,PK401C10000,PK401C10000,611.0,0.0,0.0,0.0,1,277.5,655.5,10,611.0,0.0,0.0,0.0,0.0,0.0,103
2023-05-11 09:34:35,PK401C10000,PK401C10000,611.0,0.0,0.0,0.0,10,278.0,655.5,10,611.0,0.0,0.0,0.0,0.0,0.0,103
2023-05-11 09:34:35,PK401C10000,PK401C10000,611.0,0.0,0.0,0.0,1,279.5,655.5,10,611.0,0.0,0.0,0.0,0.0,0.0,103
2023-05-11 09:34:36,PK401C10000,PK401C10000,611.0,0.0,0.0,0.0,10,280.0,655.5,10,611.0,0.0,0.0,0.0,0.0,0.0,103
2023-05-11 09:34:36,PK401C10000,PK401C10000,611.0,0.0,0.0,0.0,1,281.5,655.5,10,611.0,0.0,0.0,0.0,0.0,0.0,103
2023-05-11 09:34:37,PK401C10000,PK401C10000,611.0,0.0,0.0,0.0,10,282.0,655.5,10,611.0,0.0,0.0,0.0,0.0,0.0,103
2023-05-11 09:34:37,PK401C10000,PK401C10000,611.0,0.0,0.0,0.0,1,283.5,655.5,10,611.0,0.0,0.0,0.0,0.0,0.0,103
2023-05-11 09:34:38,PK401C10000,PK401C10000,611.0,0.0,0.0,0.0,10,284.0,655.5,10,611.0,0.0,0.0,0.0,0.0,0.0,103
2023-05-11 09:34:38,PK401C10000,PK401C10000,611.0,0.0,0.0,0.0,1,285.5,655.5,10,611.0,0.0,0.0,0.0,0.0,0.0,103
2023-05-11 09:34:39,PK401C10000,PK401C10000,611.0,0.0,0.0,0.0,10,286.0,655.5,10,611.0,0.0,0.0,0.0,0.0,0.0,103
2023-05-11 09:34:39,PK401C10000,PK401C10000,611.0,0.0,0.0,0.0,1,287.5,655.5,10,611.0,0.0,0.0,0.0,0.0,0.0,103
2023-05-11 09:34:48,PK401C10000,PK401C10000,611.0,0.0,0.0,0.0,10,288.0,655.5,10,611.0,0.0,0.0,0.0,0.0,0.0,103
2023-05-11 09:34:48,PK401C10000,PK401C10000,611.0,0.0,0.0,0.0,1,289.5,655.5,10,611.0,0.0,0.0,0.0,0.0,0.0,103
2023-05-11 09:35:49,PK401C10000,PK401C10000,611.0,0.0,0.0,0.0,10,290.0,655.5,10,611.0,0.0,0.0,0.0,0.0,0.0,103
2023-05-11 09:35:49,PK401C10000,PK401C10000,611.0,0.0,0.0,0.0,1,291.5,655.5,10,611.0,0.0,0.0,0.0,0.0,0.0,103
2023-05-11 09:35:50,PK401C10000,PK401C10000,611.0,0.0,0.0,0.0,10,292.0,655.5,10,611.0,0.0,0.0,0.0,0.0,0.0,103
2023-05-11 09:35:55,PK401C10000,PK401C10000,611.0,0.0,0.0,0.0,1,293.5,655.5,10,611.0,0.0,0.0,0.0,0.0,0.0,103
2023-05-11 09:35:56,PK401C10000,PK401C10000,611.0,0.0,0.0,0.0,10,294.0,655.5,10,611.0,0.0,0.0,0.0,0.0,0.0,103
2023-05-11 09:35:56,PK401C10000,PK401C10000,611.0,0.0,0.0,0.0,1,295.5,655.5,10,611.0,0.0,0.0,0.0,0.0,0.0,103
2023-05-11 09:36:33,PK401C10000,PK401C10000,611.0,0.0,0.0,0.0,10,296.0,655.5,10,611.0,0.0,0.0,0.0,0.0,0.0,103
2023-05-11 09:36:33,PK401C10000,PK401C10000,611.0,0.0,0.0,0.0,1,297.5,655.5,10,611.0,0.0,0.0,0.0,0.0,0.0,103
2023-05-11 09:36:34,PK401C10000,PK401C10000,611.0,0.0,0.0,0.0,10,298.0,655.5,10,611.0,0.0,0.0,0.0,0.0,0.0,103
2023-05-11 09:36:36,PK401C10000,PK401C10000,611.0,0.0,0.0,0.0,1,299.5,655.5,10,611.0,0.0,0.0,0.0,0.0,0.0,103
2023-05-11 09:36:37,PK401C10000,PK401C10000,611.0,0.0,0.0,0.0,10,300.0,655.5,10,611.0,0.0,0.0,0.0,0.0,0.0,103
2023-05-11 09:36:37,PK401C10000,PK401C10000,611.0,0.0,0.0,0.0,1,301.5,655.5,10,611.0,0.0,0.0,0.0,0.0,0.0,103
2023-05-11 09:36:38,PK401C10000,PK401C10000,611.0,0.0,0.0,0.0,10,302.0,655.5,10,611.0,0.0,0.0,0.0,0.0,0.0,103
2023-05-11 09:36:38,PK401C10000,PK401C10000,611.0,0.0,0.0,0.0,1,303.5,655.5,10,611.0,0.0,0.0,0.0,0.0,0.0,103
2023-05-11 09:36:39,PK401C10000,PK401C10000,611.0,0.0,0.0,0.0,10,304.0,655.5,10,611.0,0.0,0.0,0.0,0.0,0.0,103
2023-05-11 09:36:41,PK401C10000,PK401C10000,611.0,0.0,0.0,0.0,1,305.5,655.5,10,611.0,0.0,0.0,0.0,0.0,0.0,103
2023-05-11 09:36:42,PK401C10000,PK401C10000,611.0,0.0,0.0,0.0,10,306.0,655.5,10,611.0,0.0,0.0,0.0,0.0,0.0,103
2023-05-11 09:36:42,PK401C10000,PK401C10000,611.0,0.0,0.0,0.0,1,307.5,655.5,10,611.0,0.0,0.0,0.0,0.0,0.0,103
2023-05-11 09:36:43,PK401C10000,PK401C10000,611.0,0.0,0.0,0.0,10,308.0,655.5,10,611.0,0.0,0.0,0.0,0.0,0.0,103
2023-05-11 09:36:44,PK401C10000,PK401C10000,611.0,0.0,0.0,0.0,1,309.5,655.5,10,611.0,0.0,0.0,0.0,0.0,0.0,103
2023-05-11 09:38:22,PK401C10000,PK401C10000,611.0,0.0,0.0,0.0,10,310.0,655.5,10,611.0,0.0,0.0,0.0,0.0,0.0,103
2023-05-11 09:38:22,PK401C10000,PK401C10000,611.0,0.0,0.0,0.0,1,311.5,655.5,10,611.0,0.0,0.0,0.0,0.0,0.0,103
2023-05-11 09:39:31,PK401C10000,PK401C10000,611.0,0.0,0.0,0.0,10,312.0,655.5,10,611.0,0.0,0.0,0.0,0.0,0.0,103
2023-05-11 09:39:31,PK401C10000,PK401C10000,611.0,0.0,0.0,0.0,1,313.5,655.5,10,611.0,0.0,0.0,0.0,0.0,0.0,103
2023-05-11 09:39:31,PK401C10000,PK401C10000,611.0,0.0,0.0,0.0,10,312.0,655.5,10,611.0,0.0,0.0,0.0,0.0,0.0,103
2023-05-11 09:39:31,PK401C10000,PK401C10000,611.0,0.0,0.0,0.0,1,313.5,655.5,10,611.0,0.0,0.0,0.0,0.0,0.0,103
2023-05-11 09:39:36,PK401C10000,PK401C10000,611.0,0.0,0.0,0.0,10,314.0,655.5,10,611.0,0.0,0.0,0.0,0.0,0.0,103
2023-05-11 09:39:36,PK401C10000,PK401C10000,611.0,0.0,0.0,0.0,1,315.5,655.5,10,611.0,0.0,0.0,0.0,0.0,0.0,103
2023-05-11 09:40:29,PK401C10000,PK401C10000,611.0,0.0,0.0,0.0,10,316.0,655.5,10,611.0,0.0,0.0,0.0,0.0,0.0,103
2023-05-11 10:14:33,PK401C10000,PK401C10000,611.0,0.0,0.0,0.0,5,256.0,656.0,3,611.0,0.0,0.0,0.0,0.0,0.0,103
2023-05-11 10:30:12,PK401C10000,PK401C10000,611.0,0.0,0.0,0.0,10,263.0,655.5,10,611.0,0.0,0.0,0.0,0.0,0.0,103
2023-05-11 10:30:14,PK401C10000,PK401C10000,611.0,0.0,0.0,0.0,1,269.5,655.5,10,611.0,0.0,0.0,0.0,0.0,0.0,103
2023-05-11 10:30:14,PK401C10000,PK401C10000,611.0,0.0,0.0,0.0,10,270.0,655.5,10,611.0,0.0,0.0,0.0,0.0,0.0,103
2023-05-11 10:30:15,PK401C10000,PK401C10000,611.0,0.0,0.0,0.0,1,276.5,655.5,10,611.0,0.0,0.0,0.0,0.0,0.0,103
2023-05-11 10:30:16,PK401C10000,PK401C10000,611.0,0.0,0.0,0.0,10,277.0,655.5,10,611.0,0.0,0.0,0.0,0.0,0.0,103
2023-05-11 10:30:17,PK401C10000,PK401C10000,611.0,0.0,0.0,0.0,1,283.5,655.5,10,611.0,0.0,0.0,0.0,0.0,0.0,103
2023-05-11 10:30:17,PK401C10000,PK401C10000,611.0,0.0,0.0,0.0,10,284.0,655.5,10,611.0,0.0,0.0,0.0,0.0,0.0,103
2023-05-11 10:30:18,PK401C10000,PK401C10000,611.0,0.0,0.0,0.0,1,290.5,655.5,10,611.0,0.0,0.0,0.0,0.0,0.0,103
2023-05-11 10:30:18,PK401C10000,PK401C10000,611.0,0.0,0.0,0.0,10,291.0,655.5,10,611.0,0.0,0.0,0.0,0.0,0.0,103
2023-05-11 10:30:20,PK401C10000,PK401C10000,611.0,0.0,0.0,0.0,1,297.5,655.5,10,611.0,0.0,0.0,0.0,0.0,0.0,103
2023-05-11 10:30:20,PK401C10000,PK401C10000,611.0,0.0,0.0,0.0,10,298.0,655.5,10,611.0,0.0,0.0,0.0,0.0,0.0,103
2023-05-11 10:30:21,PK401C10000,PK401C10000,611.0,0.0,0.0,0.0,1,304.5,655.5,10,611.0,0.0,0.0,0.0,0.0,0.0,103
2023-05-11 10:30:22,PK401C10000,PK401C10000,611.0,0.0,0.0,0.0,10,305.0,655.5,10,611.0,0.0,0.0,0.0,0.0,0.0,103
2023-05-11 10:30:23,PK401C10000,PK401C10000,611.0,0.0,0.0,0.0,1,311.5,655.5,10,611.0,0.0,0.0,0.0,0.0,0.0,103
2023-05-11 10:30:23,PK401C10000,PK401C10000,611.0,0.0,0.0,0.0,10,312.0,655.5,10,611.0,0.0,0.0,0.0,0.0,0.0,103
2023-05-11 10:30:24,PK401C10000,PK401C10000,611.0,0.0,0.0,0.0,1,318.5,655.5,10,611.0,0.0,0.0,0.0,0.0,0.0,103
2023-05-11 10:30:24,PK401C10000,PK401C10000,611.0,0.0,0.0,0.0,10,319.0,655.5,10,611.0,0.0,0.0,0.0,0.0,0.0,103
2023-05-11 10:30:25,PK401C10000,PK401C10000,611.0,0.0,0.0,0.0,1,325.5,655.5,10,611.0,0.0,0.0,0.0,0.0,0.0,103
2023-05-11 10:30:26,PK401C10000,PK401C10000,611.0,0.0,0.0,0.0,10,326.0,655.5,10,611.0,0.0,0.0,0.0,0.0,0.0,103
2023-05-11 10:30:27,PK401C10000,PK401C10000,611.0,0.0,0.0,0.0,1,332.5,655.5,10,611.0,0.0,0.0,0.0,0.0,0.0,103
2023-05-11 10:30:27,PK401C10000,PK401C10000,611.0,0.0,0.0,0.0,10,333.0,655.5,10,611.0,0.0,0.0,0.0,0.0,0.0,103
2023-05-11 10:30:28,PK401C10000,PK401C10000,611.0,0.0,0.0,0.0,1,339.5,655.5,10,611.0,0.0,0.0,0.0,0.0,0.0,103
2023-05-11 10:30:28,PK401C10000,PK401C10000,611.0,0.0,0.0,0.0,10,340.0,655.5,10,611.0,0.0,0.0,0.0,0.0,0.0,103
2023-05-11 10:30:29,PK401C10000,PK401C10000,611.0,0.0,0.0,0.0,1,346.5,655.5,10,611.0,0.0,0.0,0.0,0.0,0.0,103
2023-05-11 10:30:29,PK401C10000,PK401C10000,611.0,0.0,0.0,0.0,10,347.0,655.5,10,611.0,0.0,0.0,0.0,0.0,0.0,103
2023-05-11 10:30:30,PK401C10000,PK401C10000,611.0,0.0,0.0,0.0,1,353.5,655.5,10,611.0,0.0,0.0,0.0,0.0,0.0,103
2023-05-11 10:30:30,PK401C10000,PK401C10000,611.0,0.0,0.0,0.0,10,354.0,655.5,10,611.0,0.0,0.0,0.0,0.0,0.0,103
2023-05-11 10:30:31,PK401C10000,PK401C10000,611.0,0.0,0.0,0.0,1,360.5,655.5,10,611.0,0.0,0.0,0.0,0.0,0.0,103
2023-05-11 10:30:31,PK401C10000,PK401C10000,611.0,0.0,0.0,0.0,10,361.0,655.5,10,611.0,0.0,0.0,0.0,0.0,0.0,103
2023-05-11 10:30:33,PK401C10000,PK401C10000,611.0,0.0,0.0,0.0,1,367.5,655.5,10,611.0,0.0,0.0,0.0,0.0,0.0,103
2023-05-11 10:30:33,PK401C10000,PK401C10000,611.0,0.0,0.0,0.0,10,368.0,655.5,10,611.0,0.0,0.0,0.0,0.0,0.0,103
2023-05-11 10:30:34,PK401C10000,PK401C10000,611.0,0.0,0.0,0.0,1,374.5,655.5,10,611.0,0.0,0.0,0.0,0.0,0.0,103
2023-05-11 10:30:34,PK401C10000,PK401C10000,611.0,0.0,0.0,0.0,10,375.0,655.5,10,611.0,0.0,0.0,0.0,0.0,0.0,103
2023-05-11 10:30:35,PK401C10000,PK401C10000,611.0,0.0,0.0,0.0,1,381.5,655.5,10,611.0,0.0,0.0,0.0,0.0,0.0,103
2023-05-11 10:30:36,PK401C10000,PK401C10000,611.0,0.0,0.0,0.0,10,382.0,655.5,10,611.0,0.0,0.0,0.0,0.0,0.0,103
2023-05-11 10:30:37,PK401C10000,PK401C10000,611.0,0.0,0.0,0.0,1,388.5,655.5,10,611.0,0.0,0.0,0.0,0.0,0.0,103
2023-05-11 10:31:48,PK401C10000,PK401C10000,611.0,0.0,0.0,0.0,10,389.0,655.5,10,611.0,0.0,0.0,0.0,0.0,0.0,103
2023-05-11 10:31:49,PK401C10000,PK401C10000,611.0,0.0,0.0,0.0,1,395.5,655.5,10,611.0,0.0,0.0,0.0,0.0,0.0,103
2023-05-11 10:31:50,PK401C10000,PK401C10000,611.0,0.0,0.0,0.0,10,396.0,655.5,10,611.0,0.0,0.0,0.0,0.0,0.0,103
2023-05-11 10:31:51,PK401C10000,PK401C10000,611.0,0.0,0.0,0.0,1,396.5,655.5,10,611.0,0.0,0.0,0.0,0.0,0.0,103
2023-05-11 10:34:47,PK401C10000,PK401C10000,611.0,0.0,0.0,0.0,10,397.0,655.5,10,611.0,0.0,0.0,0.0,0.0,0.0,103
2023-05-11 10:34:48,PK401C10000,PK401C10000,611.0,0.0,0.0,0.0,1,397.5,655.5,10,611.0,0.0,0.0,0.0,0.0,0.0,103
2023-05-11 10:34:48,PK401C10000,PK401C10000,611.0,0.0,0.0,0.0,10,398.0,655.5,10,611.0,0.0,0.0,0.0,0.0,0.0,103
2023-05-11 10:34:49,PK401C10000,PK401C10000,611.0,0.0,0.0,0.0,1,398.5,655.5,10,611.0,0.0,0.0,0.0,0.0,0.0,103
2023-05-11 10:34:50,PK401C10000,PK401C10000,611.0,0.0,0.0,0.0,10,399.0,655.5,10,611.0,0.0,0.0,0.0,0.0,0.0,103
2023-05-11 10:34:50,PK401C10000,PK401C10000,611.0,0.0,0.0,0.0,1,399.5,655.5,10,611.0,0.0,0.0,0.0,0.0,0.0,103
2023-05-11 10:34:51,PK401C10000,PK401C10000,611.0,0.0,0.0,0.0,10,400.0,655.5,10,611.0,0.0,0.0,0.0,0.0,0.0,103
2023-05-11 10:34:52,PK401C10000,PK401C10000,611.0,0.0,0.0,0.0,1,400.5,655.5,10,611.0,0.0,0.0,0.0,0.0,0.0,103
2023-05-11 10:34:52,PK401C10000,PK401C10000,611.0,0.0,0.0,0.0,10,401.0,655.5,10,611.0,0.0,0.0,0.0,0.0,0.0,103
2023-05-11 10:34:53,PK401C10000,PK401C10000,611.0,0.0,0.0,0.0,1,401.5,655.5,10,611.0,0.0,0.0,0.0,0.0,0.0,103
2023-05-11 10:34:54,PK401C10000,PK401C10000,611.0,0.0,0.0,0.0,10,402.0,655.5,10,611.0,0.0,0.0,0.0,0.0,0.0,103
2023-05-11 10:37:19,PK401C10000,PK401C10000,611.0,0.0,0.0,0.0,1,408.5,655.5,10,611.0,0.0,0.0,0.0,0.0,0.0,103
2023-05-11 10:37:40,PK401C10000,PK401C10000,611.0,0.0,0.0,0.0,10,256.5,655.5,10,611.0,0.0,0.0,0.0,0.0,0.0,103
2023-05-11 10:37:41,PK401C10000,PK401C10000,611.0,0.0,0.0,0.0,1,263.0,655.5,10,611.0,0.0,0.0,0.0,0.0,0.0,103
2023-05-11 10:37:41,PK401C10000,PK401C10000,611.0,0.0,0.0,0.0,1,264.5,655.5,10,611.0,0.0,0.0,0.0,0.0,0.0,103
2023-05-11 10:37:42,PK401C10000,PK401C10000,611.0,0.0,0.0,0.0,1,271.0,655.5,10,611.0,0.0,0.0,0.0,0.0,0.0,103
2023-05-11 10:37:42,PK401C10000,PK401C10000,611.0,0.0,0.0,0.0,10,273.0,655.5,10,611.0,0.0,0.0,0.0,0.0,0.0,103
2023-05-11 10:37:42,PK401C10000,PK401C10000,611.0,0.0,0.0,0.0,1,274.5,655.5,10,611.0,0.0,0.0,0.0,0.0,0.0,103
2023-05-11 10:37:43,PK401C10000,PK401C10000,611.0,0.0,0.0,0.0,1,281.0,655.5,10,611.0,0.0,0.0,0.0,0.0,0.0,103
2023-05-11 10:37:43,PK401C10000,PK401C10000,611.0,0.0,0.0,0.0,1,282.5,655.5,10,611.0,0.0,0.0,0.0,0.0,0.0,103
2023-05-11 10:37:44,PK401C10000,PK401C10000,611.0,0.0,0.0,0.0,1,289.0,655.5,10,611.0,0.0,0.0,0.0,0.0,0.0,103
2023-05-11 10:37:44,PK401C10000,PK401C10000,611.0,0.0,0.0,0.0,1,290.5,655.5,10,611.0,0.0,0.0,0.0,0.0,0.0,103
2023-05-11 10:37:45,PK401C10000,PK401C10000,611.0,0.0,0.0,0.0,10,291.0,655.5,10,611.0,0.0,0.0,0.0,0.0,0.0,103
2023-05-11 10:37:46,PK401C10000,PK401C10000,611.0,0.0,0.0,0.0,1,297.5,655.5,10,611.0,0.0,0.0,0.0,0.0,0.0,103
2023-05-11 10:37:46,PK401C10000,PK401C10000,611.0,0.0,0.0,0.0,10,298.0,655.5,10,611.0,0.0,0.0,0.0,0.0,0.0,103
2023-05-11 10:37:47,PK401C10000,PK401C10000,611.0,0.0,0.0,0.0,1,304.5,655.5,10,611.0,0.0,0.0,0.0,0.0,0.0,103
2023-05-11 10:37:47,PK401C10000,PK401C10000,611.0,0.0,0.0,0.0,10,305.0,655.5,10,611.0,0.0,0.0,0.0,0.0,0.0,103
2023-05-11 10:37:48,PK401C10000,PK401C10000,611.0,0.0,0.0,0.0,1,311.5,655.5,10,611.0,0.0,0.0,0.0,0.0,0.0,103
2023-05-11 10:37:49,PK401C10000,PK401C10000,611.0,0.0,0.0,0.0,10,312.0,655.5,10,611.0,0.0,0.0,0.0,0.0,0.0,103
2023-05-11 10:37:50,PK401C10000,PK401C10000,611.0,0.0,0.0,0.0,1,318.5,655.5,10,611.0,0.0,0.0,0.0,0.0,0.0,103
2023-05-11 10:38:58,PK401C10000,PK401C10000,611.0,0.0,0.0,0.0,10,319.0,655.5,10,611.0,0.0,0.0,0.0,0.0,0.0,103
2023-05-11 10:38:58,PK401C10000,PK401C10000,611.0,0.0,0.0,0.0,1,325.5,655.5,10,611.0,0.0,0.0,0.0,0.0,0.0,103
2023-05-11 10:38:59,PK401C10000,PK401C10000,611.0,0.0,0.0,0.0,10,326.0,655.5,10,611.0,0.0,0.0,0.0,0.0,0.0,103
2023-05-11 10:39:00,PK401C10000,PK401C10000,611.0,0.0,0.0,0.0,1,332.5,655.5,10,611.0,0.0,0.0,0.0,0.0,0.0,103
2023-05-11 10:39:02,PK401C10000,PK401C10000,611.0,0.0,0.0,0.0,10,333.0,655.5,10,611.0,0.0,0.0,0.0,0.0,0.0,103
2023-05-11 10:39:03,PK401C10000,PK401C10000,611.0,0.0,0.0,0.0,1,339.5,655.5,10,611.0,0.0,0.0,0.0,0.0,0.0,103
2023-05-11 10:39:03,PK401C10000,PK401C10000,611.0,0.0,0.0,0.0,10,340.0,655.5,10,611.0,0.0,0.0,0.0,0.0,0.0,103
2023-05-11 10:39:04,PK401C10000,PK401C10000,611.0,0.0,0.0,0.0,1,346.5,655.5,10,611.0,0.0,0.0,0.0,0.0,0.0,103
2023-05-11 10:39:04,PK401C10000,PK401C10000,611.0,0.0,0.0,0.0,10,347.0,655.5,10,611.0,0.0,0.0,0.0,0.0,0.0,103
2023-05-11 10:39:05,PK401C10000,PK401C10000,611.0,0.0,0.0,0.0,1,353.5,655.5,10,611.0,0.0,0.0,0.0,0.0,0.0,103
2023-05-11 10:39:05,PK401C10000,PK401C10000,611.0,0.0,0.0,0.0,10,354.0,655.5,10,611.0,0.0,0.0,0.0,0.0,0.0,103
2023-05-11 10:39:06,PK401C10000,PK401C10000,611.0,0.0,0.0,0.0,1,360.5,655.5,10,611.0,0.0,0.0,0.0,0.0,0.0,103
2023-05-11 10:39:06,PK401C10000,PK401C10000,611.0,0.0,0.0,0.0,10,361.0,655.5,10,611.0,0.0,0.0,0.0,0.0,0.0,103
2023-05-11 10:39:07,PK401C10000,PK401C10000,611.0,0.0,0.0,0.0,1,367.5,655.5,10,611.0,0.0,0.0,0.0,0.0,0.0,103
2023-05-11 10:39:07,PK401C10000,PK401C10000,611.0,0.0,0.0,0.0,10,368.0,655.5,10,611.0,0.0,0.0,0.0,0.0,0.0,103
2023-05-11 10:39:08,PK401C10000,PK401C10000,611.0,0.0,0.0,0.0,1,374.5,655.5,10,611.0,0.0,0.0,0.0,0.0,0.0,103
2023-05-11 10:39:25,PK401C10000,PK401C10000,611.0,0.0,0.0,0.0,10,375.0,655.5,10,611.0,0.0,0.0,0.0,0.0,0.0,103
2023-05-11 10:39:25,PK401C10000,PK401C10000,611.0,0.0,0.0,0.0,1,381.5,655.5,10,611.0,0.0,0.0,0.0,0.0,0.0,103
2023-05-11 10:40:47,PK401C10000,PK401C10000,611.0,0.0,0.0,0.0,10,382.0,655.5,10,611.0,0.0,0.0,0.0,0.0,0.0,103
2023-05-11 10:40:48,PK401C10000,PK401C10000,611.0,0.0,0.0,0.0,1,388.5,655.5,10,611.0,0.0,0.0,0.0,0.0,0.0,103
2023-05-11 10:40:48,PK401C10000,PK401C10000,611.0,0.0,0.0,0.0,10,389.0,655.5,10,611.0,0.0,0.0,0.0,0.0,0.0,103
2023-05-11 10:40:49,PK401C10000,PK401C10000,611.0,0.0,0.0,0.0,1,395.5,655.5,10,611.0,0.0,0.0,0.0,0.0,0.0,103
2023-05-11 10:41:07,PK401C10000,PK401C10000,611.0,0.0,0.0,0.0,5,256.0,655.5,10,611.0,0.0,0.0,0.0,0.0,0.0,103
2023-05-11 10:41:08,PK401C10000,PK401C10000,611.0,0.0,0.0,0.0,1,262.5,655.5,10,611.0,0.0,0.0,0.0,0.0,0.0,103
2023-05-11 10:41:08,PK401C10000,PK401C10000,611.0,0.0,0.0,0.0,1,264.0,655.5,10,611.0,0.0,0.0,0.0,0.0,0.0,103
2023-05-11 10:41:09,PK401C10000,PK401C10000,611.0,0.0,0.0,0.0,1,270.5,655.5,10,611.0,0.0,0.0,0.0,0.0,0.0,103
2023-05-11 10:41:09,PK401C10000,PK401C10000,611.0,0.0,0.0,0.0,1,272.0,655.5,10,611.0,0.0,0.0,0.0,0.0,0.0,103
2023-05-11 10:41:10,PK401C10000,PK401C10000,611.0,0.0,0.0,0.0,1,278.5,655.5,10,611.0,0.0,0.0,0.0,0.0,0.0,103
2023-05-11 10:41:10,PK401C10000,PK401C10000,611.0,0.0,0.0,0.0,10,280.5,655.5,10,611.0,0.0,0.0,0.0,0.0,0.0,103
2023-05-11 10:41:11,PK401C10000,PK401C10000,611.0,0.0,0.0,0.0,1,287.0,655.5,10,611.0,0.0,0.0,0.0,0.0,0.0,103
2023-05-11 10:41:11,PK401C10000,PK401C10000,611.0,0.0,0.0,0.0,1,288.5,655.5,10,611.0,0.0,0.0,0.0,0.0,0.0,103
2023-05-11 10:41:12,PK401C10000,PK401C10000,611.0,0.0,0.0,0.0,1,295.0,655.5,10,611.0,0.0,0.0,0.0,0.0,0.0,103
2023-05-11 10:41:13,PK401C10000,PK401C10000,611.0,0.0,0.0,0.0,10,295.5,655.5,10,611.0,0.0,0.0,0.0,0.0,0.0,103
2023-05-11 10:41:14,PK401C10000,PK401C10000,611.0,0.0,0.0,0.0,1,302.0,655.5,10,611.0,0.0,0.0,0.0,0.0,0.0,103
2023-05-11 10:41:14,PK401C10000,PK401C10000,611.0,0.0,0.0,0.0,1,303.5,655.5,10,611.0,0.0,0.0,0.0,0.0,0.0,103
2023-05-11 10:41:15,PK401C10000,PK401C10000,611.0,0.0,0.0,0.0,1,310.0,655.5,10,611.0,0.0,0.0,0.0,0.0,0.0,103
2023-05-11 10:41:15,PK401C10000,PK401C10000,611.0,0.0,0.0,0.0,10,310.5,655.5,10,611.0,0.0,0.0,0.0,0.0,0.0,103
2023-05-11 10:41:16,PK401C10000,PK401C10000,611.0,0.0,0.0,0.0,1,317.0,655.5,10,611.0,0.0,0.0,0.0,0.0,0.0,103
2023-05-11 10:41:16,PK401C10000,PK401C10000,611.0,0.0,0.0,0.0,10,317.5,655.5,10,611.0,0.0,0.0,0.0,0.0,0.0,103
2023-05-11 10:41:16,PK401C10000,PK401C10000,611.0,0.0,0.0,0.0,1,317.0,655.5,10,611.0,0.0,0.0,0.0,0.0,0.0,103
2023-05-11 10:41:16,PK401C10000,PK401C10000,611.0,0.0,0.0,0.0,10,317.5,655.5,10,611.0,0.0,0.0,0.0,0.0,0.0,103
2023-05-11 10:41:17,PK401C10000,PK401C10000,611.0,0.0,0.0,0.0,1,321.0,655.5,10,611.0,0.0,0.0,0.0,0.0,0.0,103
2023-05-11 10:41:48,PK401C10000,PK401C10000,611.0,0.0,0.0,0.0,10,321.5,655.5,10,611.0,0.0,0.0,0.0,0.0,0.0,103
2023-05-11 10:41:49,PK401C10000,PK401C10000,611.0,0.0,0.0,0.0,1,325.0,655.5,10,611.0,0.0,0.0,0.0,0.0,0.0,103
2023-05-11 10:41:49,PK401C10000,PK401C10000,611.0,0.0,0.0,0.0,10,325.5,655.5,10,611.0,0.0,0.0,0.0,0.0,0.0,103
2023-05-11 10:41:50,PK401C10000,PK401C10000,611.0,0.0,0.0,0.0,1,326.0,655.5,10,611.0,0.0,0.0,0.0,0.0,0.0,103
2023-05-11 10:41:50,PK401C10000,PK401C10000,611.0,0.0,0.0,0.0,10,326.5,655.5,10,611.0,0.0,0.0,0.0,0.0,0.0,103
2023-05-11 10:41:51,PK401C10000,PK401C10000,611.0,0.0,0.0,0.0,1,327.0,655.5,10,611.0,0.0,0.0,0.0,0.0,0.0,103
2023-05-11 10:41:52,PK401C10000,PK401C10000,611.0,0.0,0.0,0.0,10,327.5,655.5,10,611.0,0.0,0.0,0.0,0.0,0.0,103
2023-05-11 10:41:53,PK401C10000,PK401C10000,611.0,0.0,0.0,0.0,1,328.0,655.5,10,611.0,0.0,0.0,0.0,0.0,0.0,103
2023-05-11 10:42:19,PK401C10000,PK401C10000,611.0,0.0,0.0,0.0,10,328.5,655.5,10,611.0,0.0,0.0,0.0,0.0,0.0,103
2023-05-11 10:42:20,PK401C10000,PK401C10000,611.0,0.0,0.0,0.0,1,329.0,655.5,10,611.0,0.0,0.0,0.0,0.0,0.0,103
2023-05-11 10:42:20,PK401C10000,PK401C10000,611.0,0.0,0.0,0.0,10,329.5,655.5,10,611.0,0.0,0.0,0.0,0.0,0.0,103
2023-05-11 10:42:21,PK401C10000,PK401C10000,611.0,0.0,0.0,0.0,1,330.0,655.5,10,611.0,0.0,0.0,0.0,0.0,0.0,103
2023-05-11 10:42:22,PK401C10000,PK401C10000,611.0,0.0,0.0,0.0,10,330.5,655.5,10,611.0,0.0,0.0,0.0,0.0,0.0,103
2023-05-11 10:42:23,PK401C10000,PK401C10000,611.0,0.0,0.0,0.0,1,331.0,655.5,10,611.0,0.0,0.0,0.0,0.0,0.0,103
2023-05-11 10:42:23,PK401C10000,PK401C10000,611.0,0.0,0.0,0.0,10,331.5,655.5,10,611.0,0.0,0.0,0.0,0.0,0.0,103
2023-05-11 10:42:32,PK401C10000,PK401C10000,611.0,0.0,0.0,0.0,1,338.0,655.5,10,611.0,0.0,0.0,0.0,0.0,0.0,103
2023-05-11 10:42:32,PK401C10000,PK401C10000,611.0,0.0,0.0,0.0,10,338.5,655.5,10,611.0,0.0,0.0,0.0,0.0,0.0,103
2023-05-11 10:42:33,PK401C10000,PK401C10000,611.0,0.0,0.0,0.0,1,345.0,655.5,10,611.0,0.0,0.0,0.0,0.0,0.0,103
2023-05-11 10:42:33,PK401C10000,PK401C10000,611.0,0.0,0.0,0.0,10,345.5,655.5,10,611.0,0.0,0.0,0.0,0.0,0.0,103
2023-05-11 10:42:34,PK401C10000,PK401C10000,611.0,0.0,0.0,0.0,1,352.0,655.5,10,611.0,0.0,0.0,0.0,0.0,0.0,103
2023-05-11 10:42:54,PK401C10000,PK401C10000,611.0,0.0,0.0,0.0,5,256.0,655.5,10,611.0,0.0,0.0,0.0,0.0,0.0,103
2023-05-11 10:42:54,PK401C10000,PK401C10000,611.0,0.0,0.0,0.0,10,263.0,655.5,10,611.0,0.0,0.0,0.0,0.0,0.0,103
2023-05-11 10:42:55,PK401C10000,PK401C10000,611.0,0.0,0.0,0.0,1,269.5,655.5,10,611.0,0.0,0.0,0.0,0.0,0.0,103
2023-05-11 10:42:55,PK401C10000,PK401C10000,611.0,0.0,0.0,0.0,1,271.0,655.5,10,611.0,0.0,0.0,0.0,0.0,0.0,103
2023-05-11 10:42:56,PK401C10000,PK401C10000,611.0,0.0,0.0,0.0,1,277.5,655.5,10,611.0,0.0,0.0,0.0,0.0,0.0,103
2023-05-11 10:42:56,PK401C10000,PK401C10000,611.0,0.0,0.0,0.0,1,279.0,655.5,10,611.0,0.0,0.0,0.0,0.0,0.0,103
2023-05-11 10:42:57,PK401C10000,PK401C10000,611.0,0.0,0.0,0.0,1,285.5,655.5,10,611.0,0.0,0.0,0.0,0.0,0.0,103
2023-05-11 10:42:57,PK401C10000,PK401C10000,611.0,0.0,0.0,0.0,10,287.5,655.5,10,611.0,0.0,0.0,0.0,0.0,0.0,103
2023-05-11 10:42:58,PK401C10000,PK401C10000,611.0,0.0,0.0,0.0,1,289.0,655.5,10,611.0,0.0,0.0,0.0,0.0,0.0,103
2023-05-11 10:42:58,PK401C10000,PK401C10000,611.0,0.0,0.0,0.0,1,294.0,655.5,10,611.0,0.0,0.0,0.0,0.0,0.0,103
2023-05-11 10:42:59,PK401C10000,PK401C10000,611.0,0.0,0.0,0.0,10,294.5,655.5,10,611.0,0.0,0.0,0.0,0.0,0.0,103
2023-05-11 10:43:00,PK401C10000,PK401C10000,611.0,0.0,0.0,0.0,1,301.0,655.5,10,611.0,0.0,0.0,0.0,0.0,0.0,103
2023-05-11 10:43:01,PK401C10000,PK401C10000,611.0,0.0,0.0,0.0,10,301.5,655.5,10,611.0,0.0,0.0,0.0,0.0,0.0,103
2023-05-11 10:43:02,PK401C10000,PK401C10000,611.0,0.0,0.0,0.0,1,308.0,655.5,10,611.0,0.0,0.0,0.0,0.0,0.0,103
2023-05-11 10:43:02,PK401C10000,PK401C10000,611.0,0.0,0.0,0.0,10,308.5,655.5,10,611.0,0.0,0.0,0.0,0.0,0.0,103
2023-05-11 10:43:03,PK401C10000,PK401C10000,611.0,0.0,0.0,0.0,1,315.0,655.5,10,611.0,0.0,0.0,0.0,0.0,0.0,103
2023-05-11 10:43:03,PK401C10000,PK401C10000,611.0,0.0,0.0,0.0,10,315.5,655.5,10,611.0,0.0,0.0,0.0,0.0,0.0,103
2023-05-11 10:43:04,PK401C10000,PK401C10000,611.0,0.0,0.0,0.0,1,322.0,655.5,10,611.0,0.0,0.0,0.0,0.0,0.0,103
2023-05-11 10:43:04,PK401C10000,PK401C10000,611.0,0.0,0.0,0.0,10,322.5,655.5,10,611.0,0.0,0.0,0.0,0.0,0.0,103
2023-05-11 10:43:05,PK401C10000,PK401C10000,611.0,0.0,0.0,0.0,1,329.0,655.5,10,611.0,0.0,0.0,0.0,0.0,0.0,103
2023-05-11 10:43:16,PK401C10000,PK401C10000,611.0,0.0,0.0,0.0,10,329.5,655.5,10,611.0,0.0,0.0,0.0,0.0,0.0,103
2023-05-11 10:43:17,PK401C10000,PK401C10000,611.0,0.0,0.0,0.0,1,336.0,655.5,10,611.0,0.0,0.0,0.0,0.0,0.0,103
2023-05-11 10:43:17,PK401C10000,PK401C10000,611.0,0.0,0.0,0.0,10,336.5,655.5,10,611.0,0.0,0.0,0.0,0.0,0.0,103
2023-05-11 10:43:18,PK401C10000,PK401C10000,611.0,0.0,0.0,0.0,1,343.0,655.5,10,611.0,0.0,0.0,0.0,0.0,0.0,103
2023-05-11 10:43:19,PK401C10000,PK401C10000,611.0,0.0,0.0,0.0,10,343.5,655.5,10,611.0,0.0,0.0,0.0,0.0,0.0,103
2023-05-11 10:43:20,PK401C10000,PK401C10000,611.0,0.0,0.0,0.0,1,350.0,655.5,10,611.0,0.0,0.0,0.0,0.0,0.0,103
2023-05-11 10:44:23,PK401C10000,PK401C10000,611.0,0.0,0.0,0.0,10,350.5,655.5,10,611.0,0.0,0.0,0.0,0.0,0.0,103
2023-05-11 10:44:44,PK401C10000,PK401C10000,611.0,0.0,0.0,0.0,1,357.0,655.5,10,611.0,0.0,0.0,0.0,0.0,0.0,103
2023-05-11 10:44:45,PK401C10000,PK401C10000,611.0,0.0,0.0,0.0,10,357.5,655.5,10,611.0,0.0,0.0,0.0,0.0,0.0,103
2023-05-11 10:44:46,PK401C10000,PK401C10000,611.0,0.0,0.0,0.0,1,364.0,655.5,10,611.0,0.0,0.0,0.0,0.0,0.0,103
2023-05-11 10:45:20,PK401C10000,PK401C10000,611.0,0.0,0.0,0.0,10,364.5,655.5,10,611.0,0.0,0.0,0.0,0.0,0.0,103
2023-05-11 10:45:22,PK401C10000,PK401C10000,611.0,0.0,0.0,0.0,1,371.0,655.5,10,611.0,0.0,0.0,0.0,0.0,0.0,103
2023-05-11 10:45:22,PK401C10000,PK401C10000,611.0,0.0,0.0,0.0,10,371.5,655.5,10,611.0,0.0,0.0,0.0,0.0,0.0,103
2023-05-11 10:45:23,PK401C10000,PK401C10000,611.0,0.0,0.0,0.0,1,378.0,655.5,10,611.0,0.0,0.0,0.0,0.0,0.0,103
2023-05-11 10:45:24,PK401C10000,PK401C10000,611.0,0.0,0.0,0.0,10,378.5,655.5,10,611.0,0.0,0.0,0.0,0.0,0.0,103
2023-05-11 10:45:24,PK401C10000,PK401C10000,611.0,0.0,0.0,0.0,1,385.0,655.5,10,611.0,0.0,0.0,0.0,0.0,0.0,103
2023-05-11 10:45:25,PK401C10000,PK401C10000,611.0,0.0,0.0,0.0,10,385.5,655.5,10,611.0,0.0,0.0,0.0,0.0,0.0,103
2023-05-11 10:45:26,PK401C10000,PK401C10000,611.0,0.0,0.0,0.0,1,392.0,655.5,10,611.0,0.0,0.0,0.0,0.0,0.0,103
2023-05-11 10:45:26,PK401C10000,PK401C10000,611.0,0.0,0.0,0.0,10,392.5,655.5,10,611.0,0.0,0.0,0.0,0.0,0.0,103
2023-05-11 10:45:27,PK401C10000,PK401C10000,611.0,0.0,0.0,0.0,1,396.0,655.5,10,611.0,0.0,0.0,0.0,0.0,0.0,103
2023-05-11 10:45:27,PK401C10000,PK401C10000,611.0,0.0,0.0,0.0,10,396.5,655.5,10,611.0,0.0,0.0,0.0,0.0,0.0,103
2023-05-11 10:45:28,PK401C10000,PK401C10000,611.0,0.0,0.0,0.0,1,397.0,655.5,10,611.0,0.0,0.0,0.0,0.0,0.0,103
2023-05-11 10:45:53,PK401C10000,PK401C10000,611.0,0.0,0.0,0.0,10,397.5,655.5,10,611.0,0.0,0.0,0.0,0.0,0.0,103
2023-05-11 10:45:53,PK401C10000,PK401C10000,611.0,0.0,0.0,0.0,1,398.0,655.5,10,611.0,0.0,0.0,0.0,0.0,0.0,103
2023-05-11 10:46:34,PK401C10000,PK401C10000,611.0,0.0,0.0,0.0,10,398.5,655.5,10,611.0,0.0,0.0,0.0,0.0,0.0,103
2023-05-11 10:46:35,PK401C10000,PK401C10000,611.0,0.0,0.0,0.0,1,399.0,655.5,10,611.0,0.0,0.0,0.0,0.0,0.0,103
2023-05-11 10:47:50,PK401C10000,PK401C10000,611.0,0.0,0.0,0.0,10,399.5,655.5,10,611.0,0.0,0.0,0.0,0.0,0.0,103
2023-05-11 10:47:51,PK401C10000,PK401C10000,611.0,0.0,0.0,0.0,1,403.0,655.5,10,611.0,0.0,0.0,0.0,0.0,0.0,103
2023-05-11 10:48:21,PK401C10000,PK401C10000,611.0,0.0,0.0,0.0,10,403.5,655.5,10,611.0,0.0,0.0,0.0,0.0,0.0,103
2023-05-11 10:48:22,PK401C10000,PK401C10000,611.0,0.0,0.0,0.0,1,404.0,655.5,10,611.0,0.0,0.0,0.0,0.0,0.0,103
2023-05-11 10:49:36,PK401C10000,PK401C10000,611.0,0.0,0.0,0.0,10,404.5,655.5,10,611.0,0.0,0.0,0.0,0.0,0.0,103
2023-05-11 10:49:37,PK401C10000,PK401C10000,611.0,0.0,0.0,0.0,1,405.0,655.5,10,611.0,0.0,0.0,0.0,0.0,0.0,103
2023-05-11 10:53:28,PK401C10000,PK401C10000,611.0,0.0,0.0,0.0,10,405.5,655.5,10,611.0,0.0,0.0,0.0,0.0,0.0,103
2023-05-11 10:53:29,PK401C10000,PK401C10000,611.0,0.0,0.0,0.0,1,406.0,655.5,10,611.0,0.0,0.0,0.0,0.0,0.0,103
2023-05-11 10:53:29,PK401C10000,PK401C10000,611.0,0.0,0.0,0.0,10,406.5,655.5,10,611.0,0.0,0.0,0.0,0.0,0.0,103
2023-05-11 10:53:30,PK401C10000,PK401C10000,611.0,0.0,0.0,0.0,1,407.0,655.5,10,611.0,0.0,0.0,0.0,0.0,0.0,103
2023-05-11 10:53:31,PK401C10000,PK401C10000,611.0,0.0,0.0,0.0,10,407.5,655.5,10,611.0,0.0,0.0,0.0,0.0,0.0,103
2023-05-11 10:53:32,PK401C10000,PK401C10000,611.0,0.0,0.0,0.0,1,408.0,655.5,10,611.0,0.0,0.0,0.0,0.0,0.0,103
2023-05-11 10:56:17,PK401C10000,PK401C10000,611.0,0.0,0.0,0.0,10,408.5,655.5,10,611.0,0.0,0.0,0.0,0.0,0.0,103
2023-05-11 10:56:18,PK401C10000,PK401C10000,611.0,0.0,0.0,0.0,1,409.0,655.5,10,611.0,0.0,0.0,0.0,0.0,0.0,103
2023-05-11 10:56:18,PK401C10000,PK401C10000,611.0,0.0,0.0,0.0,10,409.5,655.5,10,611.0,0.0,0.0,0.0,0.0,0.0,103
2023-05-11 11:29:32,PK401C10000,PK401C10000,611.0,0.0,0.0,0.0,5,256.0,656.0,3,611.0,0.0,0.0,0.0,0.0,0.0,103
2023-05-11 13:30:11,PK401C10000,PK401C10000,611.0,0.0,0.0,0.0,10,256.5,655.5,10,611.0,0.0,0.0,0.0,0.0,0.0,103
2023-05-11 13:31:11,PK401C10000,PK401C10000,611.0,0.0,0.0,0.0,1,263.0,655.5,10,611.0,0.0,0.0,0.0,0.0,0.0,103
2023-05-11 13:31:12,PK401C10000,PK401C10000,611.0,0.0,0.0,0.0,10,265.0,655.5,10,611.0,0.0,0.0,0.0,0.0,0.0,103
2023-05-11 13:31:12,PK401C10000,PK401C10000,611.0,0.0,0.0,0.0,1,266.5,655.5,10,611.0,0.0,0.0,0.0,0.0,0.0,103
2023-05-11 13:31:13,PK401C10000,PK401C10000,611.0,0.0,0.0,0.0,1,273.0,655.5,10,611.0,0.0,0.0,0.0,0.0,0.0,103
2023-05-11 13:31:13,PK401C10000,PK401C10000,611.0,0.0,0.0,0.0,1,274.5,655.5,10,611.0,0.0,0.0,0.0,0.0,0.0,103
2023-05-11 13:31:14,PK401C10000,PK401C10000,611.0,0.0,0.0,0.0,10,275.0,655.5,10,611.0,0.0,0.0,0.0,0.0,0.0,103
2023-05-11 13:31:14,PK401C10000,PK401C10000,611.0,0.0,0.0,0.0,1,281.0,655.5,10,611.0,0.0,0.0,0.0,0.0,0.0,103
2023-05-11 13:31:15,PK401C10000,PK401C10000,611.0,0.0,0.0,0.0,10,281.5,655.5,10,611.0,0.0,0.0,0.0,0.0,0.0,103
2023-05-11 13:31:15,PK401C10000,PK401C10000,611.0,0.0,0.0,0.0,1,283.0,655.5,10,611.0,0.0,0.0,0.0,0.0,0.0,103
2023-05-11 13:31:16,PK401C10000,PK401C10000,611.0,0.0,0.0,0.0,1,288.0,655.5,10,611.0,0.0,0.0,0.0,0.0,0.0,103
2023-05-11 13:31:16,PK401C10000,PK401C10000,611.0,0.0,0.0,0.0,1,289.5,655.5,10,611.0,0.0,0.0,0.0,0.0,0.0,103
2023-05-11 13:31:17,PK401C10000,PK401C10000,611.0,0.0,0.0,0.0,1,296.0,655.5,10,611.0,0.0,0.0,0.0,0.0,0.0,103
2023-05-11 13:31:18,PK401C10000,PK401C10000,611.0,0.0,0.0,0.0,10,296.5,655.5,10,611.0,0.0,0.0,0.0,0.0,0.0,103
2023-05-11 13:31:19,PK401C10000,PK401C10000,611.0,0.0,0.0,0.0,1,303.0,655.5,10,611.0,0.0,0.0,0.0,0.0,0.0,103
2023-05-11 13:31:19,PK401C10000,PK401C10000,611.0,0.0,0.0,0.0,1,304.5,655.5,10,611.0,0.0,0.0,0.0,0.0,0.0,103
2023-05-11 13:31:19,PK401C10000,PK401C10000,611.0,0.0,0.0,0.0,10,305.0,655.5,10,611.0,0.0,0.0,0.0,0.0,0.0,103
2023-05-11 13:31:20,PK401C10000,PK401C10000,611.0,0.0,0.0,0.0,1,311.5,655.5,10,611.0,0.0,0.0,0.0,0.0,0.0,103
2023-05-11 13:31:20,PK401C10000,PK401C10000,611.0,0.0,0.0,0.0,1,313.0,655.5,10,611.0,0.0,0.0,0.0,0.0,0.0,103
2023-05-11 13:31:21,PK401C10000,PK401C10000,611.0,0.0,0.0,0.0,1,319.5,655.5,10,611.0,0.0,0.0,0.0,0.0,0.0,103
2023-05-11 13:31:22,PK401C10000,PK401C10000,611.0,0.0,0.0,0.0,10,320.0,655.5,10,611.0,0.0,0.0,0.0,0.0,0.0,103
2023-05-11 13:31:23,PK401C10000,PK401C10000,611.0,0.0,0.0,0.0,1,326.5,655.5,10,611.0,0.0,0.0,0.0,0.0,0.0,103
2023-05-11 13:33:23,PK401C10000,PK401C10000,611.0,0.0,0.0,0.0,10,327.0,655.5,10,611.0,0.0,0.0,0.0,0.0,0.0,103
2023-05-11 13:33:24,PK401C10000,PK401C10000,611.0,0.0,0.0,0.0,1,333.5,655.5,10,611.0,0.0,0.0,0.0,0.0,0.0,103
2023-05-11 13:33:25,PK401C10000,PK401C10000,611.0,0.0,0.0,0.0,10,334.0,655.5,10,611.0,0.0,0.0,0.0,0.0,0.0,103
2023-05-11 13:33:26,PK401C10000,PK401C10000,611.0,0.0,0.0,0.0,1,340.5,655.5,10,611.0,0.0,0.0,0.0,0.0,0.0,103
2023-05-11 13:34:51,PK401C10000,PK401C10000,611.0,0.0,0.0,0.0,10,341.0,655.5,10,611.0,0.0,0.0,0.0,0.0,0.0,103
2023-05-11 13:34:53,PK401C10000,PK401C10000,611.0,0.0,0.0,0.0,1,347.5,655.5,10,611.0,0.0,0.0,0.0,0.0,0.0,103
2023-05-11 13:34:53,PK401C10000,PK401C10000,611.0,0.0,0.0,0.0,10,348.0,655.5,10,611.0,0.0,0.0,0.0,0.0,0.0,103
2023-05-11 13:34:54,PK401C10000,PK401C10000,611.0,0.0,0.0,0.0,1,354.5,655.5,10,611.0,0.0,0.0,0.0,0.0,0.0,103
2023-05-11 13:34:54,PK401C10000,PK401C10000,611.0,0.0,0.0,0.0,10,355.0,655.5,10,611.0,0.0,0.0,0.0,0.0,0.0,103
2023-05-11 13:34:56,PK401C10000,PK401C10000,611.0,0.0,0.0,0.0,1,361.5,655.5,10,611.0,0.0,0.0,0.0,0.0,0.0,103
2023-05-11 13:34:56,PK401C10000,PK401C10000,611.0,0.0,0.0,0.0,10,362.0,655.5,10,611.0,0.0,0.0,0.0,0.0,0.0,103
2023-05-11 13:34:57,PK401C10000,PK401C10000,611.0,0.0,0.0,0.0,1,368.5,655.5,10,611.0,0.0,0.0,0.0,0.0,0.0,103
2023-05-11 13:34:59,PK401C10000,PK401C10000,611.0,0.0,0.0,0.0,10,369.0,655.5,10,611.0,0.0,0.0,0.0,0.0,0.0,103
2023-05-11 13:35:01,PK401C10000,PK401C10000,611.0,0.0,0.0,0.0,1,375.5,655.5,10,611.0,0.0,0.0,0.0,0.0,0.0,103
2023-05-11 13:37:34,PK401C10000,PK401C10000,611.0,0.0,0.0,0.0,10,376.0,655.5,10,611.0,0.0,0.0,0.0,0.0,0.0,103
2023-05-11 13:37:35,PK401C10000,PK401C10000,611.0,0.0,0.0,0.0,1,382.5,655.5,10,611.0,0.0,0.0,0.0,0.0,0.0,103
2023-05-11 13:37:57,PK401C10000,PK401C10000,611.0,0.0,0.0,0.0,10,383.0,655.5,10,611.0,0.0,0.0,0.0,0.0,0.0,103
2023-05-11 13:37:58,PK401C10000,PK401C10000,611.0,0.0,0.0,0.0,1,389.5,655.5,10,611.0,0.0,0.0,0.0,0.0,0.0,103
2023-05-11 13:38:54,PK401C10000,PK401C10000,611.0,0.0,0.0,0.0,10,390.0,655.5,10,611.0,0.0,0.0,0.0,0.0,0.0,103
2023-05-11 13:38:55,PK401C10000,PK401C10000,611.0,0.0,0.0,0.0,1,396.5,655.5,10,611.0,0.0,0.0,0.0,0.0,0.0,103
2023-05-11 13:38:56,PK401C10000,PK401C10000,611.0,0.0,0.0,0.0,10,397.0,655.5,10,611.0,0.0,0.0,0.0,0.0,0.0,103
2023-05-11 13:38:56,PK401C10000,PK401C10000,611.0,0.0,0.0,0.0,1,400.5,655.5,10,611.0,0.0,0.0,0.0,0.0,0.0,103
2023-05-11 13:40:04,PK401C10000,PK401C10000,611.0,0.0,0.0,0.0,10,401.0,655.5,10,611.0,0.0,0.0,0.0,0.0,0.0,103
2023-05-11 13:40:06,PK401C10000,PK401C10000,611.0,0.0,0.0,0.0,1,404.5,655.5,10,611.0,0.0,0.0,0.0,0.0,0.0,103
2023-05-11 13:40:07,PK401C10000,PK401C10000,611.0,0.0,0.0,0.0,10,405.0,655.5,10,611.0,0.0,0.0,0.0,0.0,0.0,103
2023-05-11 13:40:07,PK401C10000,PK401C10000,611.0,0.0,0.0,0.0,1,405.5,655.5,10,611.0,0.0,0.0,0.0,0.0,0.0,103
2023-05-11 13:40:28,PK401C10000,PK401C10000,611.0,0.0,0.0,0.0,10,406.0,655.5,10,611.0,0.0,0.0,0.0,0.0,0.0,103
2023-05-11 13:40:28,PK401C10000,PK401C10000,611.0,0.0,0.0,0.0,1,406.5,655.5,10,611.0,0.0,0.0,0.0,0.0,0.0,103
2023-05-11 13:42:15,PK401C10000,PK401C10000,611.0,0.0,0.0,0.0,10,407.0,655.5,10,611.0,0.0,0.0,0.0,0.0,0.0,103
2023-05-11 13:42:16,PK401C10000,PK401C10000,611.0,0.0,0.0,0.0,1,407.5,655.5,10,611.0,0.0,0.0,0.0,0.0,0.0,103
2023-05-11 13:43:27,PK401C10000,PK401C10000,611.0,0.0,0.0,0.0,5,256.0,655.5,10,611.0,0.0,0.0,0.0,0.0,0.0,103
2023-05-11 13:43:28,PK401C10000,PK401C10000,611.0,0.0,0.0,0.0,1,257.5,655.5,10,611.0,0.0,0.0,0.0,0.0,0.0,103
2023-05-11 13:43:30,PK401C10000,PK401C10000,611.0,0.0,0.0,0.0,10,258.0,655.5,10,611.0,0.0,0.0,0.0,0.0,0.0,103
2023-05-11 13:43:31,PK401C10000,PK401C10000,611.0,0.0,0.0,0.0,1,259.5,655.5,10,611.0,0.0,0.0,0.0,0.0,0.0,103
2023-05-11 13:46:21,PK401C10000,PK401C10000,611.0,0.0,0.0,0.0,10,260.0,655.5,10,611.0,0.0,0.0,0.0,0.0,0.0,103
2023-05-11 13:46:21,PK401C10000,PK401C10000,611.0,0.0,0.0,0.0,1,261.5,655.5,10,611.0,0.0,0.0,0.0,0.0,0.0,103
2023-05-11 13:46:21,PK401C10000,PK401C10000,611.0,0.0,0.0,0.0,10,262.0,655.5,10,611.0,0.0,0.0,0.0,0.0,0.0,103
2023-05-11 13:46:22,PK401C10000,PK401C10000,611.0,0.0,0.0,0.0,1,263.5,655.5,10,611.0,0.0,0.0,0.0,0.0,0.0,103
2023-05-11 13:47:30,PK401C10000,PK401C10000,611.0,0.0,0.0,0.0,10,264.0,655.5,10,611.0,0.0,0.0,0.0,0.0,0.0,103
2023-05-11 13:47:31,PK401C10000,PK401C10000,611.0,0.0,0.0,0.0,1,265.5,655.5,10,611.0,0.0,0.0,0.0,0.0,0.0,103
2023-05-11 13:49:06,PK401C10000,PK401C10000,611.0,0.0,0.0,0.0,10,272.5,655.5,10,611.0,0.0,0.0,0.0,0.0,0.0,103
2023-05-11 13:49:06,PK401C10000,PK401C10000,611.0,0.0,0.0,0.0,1,274.0,655.5,10,611.0,0.0,0.0,0.0,0.0,0.0,103
2023-05-11 13:49:07,PK401C10000,PK401C10000,611.0,0.0,0.0,0.0,1,279.0,655.5,10,611.0,0.0,0.0,0.0,0.0,0.0,103
2023-05-11 13:49:07,PK401C10000,PK401C10000,611.0,0.0,0.0,0.0,1,280.5,655.5,10,611.0,0.0,0.0,0.0,0.0,0.0,103
2023-05-11 13:49:08,PK401C10000,PK401C10000,611.0,0.0,0.0,0.0,1,287.0,655.5,10,611.0,0.0,0.0,0.0,0.0,0.0,103
2023-05-11 13:49:08,PK401C10000,PK401C10000,611.0,0.0,0.0,0.0,10,289.0,655.5,10,611.0,0.0,0.0,0.0,0.0,0.0,103
2023-05-11 13:49:09,PK401C10000,PK401C10000,611.0,0.0,0.0,0.0,1,295.5,655.5,10,611.0,0.0,0.0,0.0,0.0,0.0,103
2023-05-11 13:49:09,PK401C10000,PK401C10000,611.0,0.0,0.0,0.0,1,297.0,655.5,10,611.0,0.0,0.0,0.0,0.0,0.0,103
2023-05-11 13:49:10,PK401C10000,PK401C10000,611.0,0.0,0.0,0.0,1,303.5,655.5,10,611.0,0.0,0.0,0.0,0.0,0.0,103
2023-05-11 13:49:10,PK401C10000,PK401C10000,611.0,0.0,0.0,0.0,10,305.5,655.5,10,611.0,0.0,0.0,0.0,0.0,0.0,103
2023-05-11 13:49:11,PK401C10000,PK401C10000,611.0,0.0,0.0,0.0,1,312.0,655.5,10,611.0,0.0,0.0,0.0,0.0,0.0,103
2023-05-11 13:49:13,PK401C10000,PK401C10000,611.0,0.0,0.0,0.0,10,314.0,655.5,10,611.0,0.0,0.0,0.0,0.0,0.0,103
2023-05-11 13:49:14,PK401C10000,PK401C10000,611.0,0.0,0.0,0.0,1,320.5,655.5,10,611.0,0.0,0.0,0.0,0.0,0.0,103
2023-05-11 13:49:29,PK401C10000,PK401C10000,611.0,0.0,0.0,0.0,5,256.0,655.5,10,611.0,0.0,0.0,0.0,0.0,0.0,103
2023-05-11 13:49:29,PK401C10000,PK401C10000,611.0,0.0,0.0,0.0,10,258.0,655.5,10,611.0,0.0,0.0,0.0,0.0,0.0,103
2023-05-11 13:49:30,PK401C10000,PK401C10000,611.0,0.0,0.0,0.0,1,259.5,655.5,10,611.0,0.0,0.0,0.0,0.0,0.0,103
2023-05-11 13:49:31,PK401C10000,PK401C10000,611.0,0.0,0.0,0.0,1,266.0,655.5,10,611.0,0.0,0.0,0.0,0.0,0.0,103
2023-05-11 13:49:31,PK401C10000,PK401C10000,611.0,0.0,0.0,0.0,1,267.5,655.5,10,611.0,0.0,0.0,0.0,0.0,0.0,103
2023-05-11 13:49:32,PK401C10000,PK401C10000,611.0,0.0,0.0,0.0,1,274.0,655.5,10,611.0,0.0,0.0,0.0,0.0,0.0,103
2023-05-11 13:49:32,PK401C10000,PK401C10000,611.0,0.0,0.0,0.0,10,276.0,655.5,10,611.0,0.0,0.0,0.0,0.0,0.0,103
2023-05-11 13:49:33,PK401C10000,PK401C10000,611.0,0.0,0.0,0.0,1,282.5,655.5,10,611.0,0.0,0.0,0.0,0.0,0.0,103
2023-05-11 13:49:33,PK401C10000,PK401C10000,611.0,0.0,0.0,0.0,1,284.0,655.5,10,611.0,0.0,0.0,0.0,0.0,0.0,103
2023-05-11 13:49:34,PK401C10000,PK401C10000,611.0,0.0,0.0,0.0,10,284.5,655.5,10,611.0,0.0,0.0,0.0,0.0,0.0,103
2023-05-11 13:49:34,PK401C10000,PK401C10000,611.0,0.0,0.0,0.0,1,290.5,655.5,10,611.0,0.0,0.0,0.0,0.0,0.0,103
2023-05-11 13:49:36,PK401C10000,PK401C10000,611.0,0.0,0.0,0.0,10,292.5,655.5,10,611.0,0.0,0.0,0.0,0.0,0.0,103
2023-05-11 13:49:36,PK401C10000,PK401C10000,611.0,0.0,0.0,0.0,1,299.0,655.5,10,611.0,0.0,0.0,0.0,0.0,0.0,103
2023-05-11 13:49:37,PK401C10000,PK401C10000,611.0,0.0,0.0,0.0,1,300.5,655.5,10,611.0,0.0,0.0,0.0,0.0,0.0,103
2023-05-11 13:49:37,PK401C10000,PK401C10000,611.0,0.0,0.0,0.0,1,307.0,655.5,10,611.0,0.0,0.0,0.0,0.0,0.0,103
2023-05-11 13:49:38,PK401C10000,PK401C10000,611.0,0.0,0.0,0.0,1,308.5,655.5,10,611.0,0.0,0.0,0.0,0.0,0.0,103
2023-05-11 13:49:38,PK401C10000,PK401C10000,611.0,0.0,0.0,0.0,1,315.0,655.5,10,611.0,0.0,0.0,0.0,0.0,0.0,103
2023-05-11 13:49:45,PK401C10000,PK401C10000,611.0,0.0,0.0,0.0,10,315.5,655.5,10,611.0,0.0,0.0,0.0,0.0,0.0,103
2023-05-11 13:49:47,PK401C10000,PK401C10000,611.0,0.0,0.0,0.0,1,322.0,655.5,10,611.0,0.0,0.0,0.0,0.0,0.0,103
2023-05-11 13:49:47,PK401C10000,PK401C10000,611.0,0.0,0.0,0.0,10,322.5,655.5,10,611.0,0.0,0.0,0.0,0.0,0.0,103
2023-05-11 13:49:48,PK401C10000,PK401C10000,611.0,0.0,0.0,0.0,1,329.0,655.5,10,611.0,0.0,0.0,0.0,0.0,0.0,103
2023-05-11 13:51:05,PK401C10000,PK401C10000,611.0,0.0,0.0,0.0,5,256.0,655.5,10,611.0,0.0,0.0,0.0,0.0,0.0,103
2023-05-11 13:51:05,PK401C10000,PK401C10000,611.0,0.0,0.0,0.0,1,257.5,655.5,10,611.0,0.0,0.0,0.0,0.0,0.0,103
2023-05-11 13:51:06,PK401C10000,PK401C10000,611.0,0.0,0.0,0.0,10,258.0,655.5,10,611.0,0.0,0.0,0.0,0.0,0.0,103
2023-05-11 13:51:06,PK401C10000,PK401C10000,611.0,0.0,0.0,0.0,1,259.5,655.5,10,611.0,0.0,0.0,0.0,0.0,0.0,103
2023-05-11 13:51:07,PK401C10000,PK401C10000,611.0,0.0,0.0,0.0,10,260.0,655.5,10,611.0,0.0,0.0,0.0,0.0,0.0,103
2023-05-11 13:51:07,PK401C10000,PK401C10000,611.0,0.0,0.0,0.0,1,261.5,655.5,10,611.0,0.0,0.0,0.0,0.0,0.0,103
2023-05-11 13:51:08,PK401C10000,PK401C10000,611.0,0.0,0.0,0.0,10,262.0,655.5,10,611.0,0.0,0.0,0.0,0.0,0.0,103
2023-05-11 13:51:08,PK401C10000,PK401C10000,611.0,0.0,0.0,0.0,1,263.5,655.5,10,611.0,0.0,0.0,0.0,0.0,0.0,103
2023-05-11 13:51:09,PK401C10000,PK401C10000,611.0,0.0,0.0,0.0,10,264.0,655.5,10,611.0,0.0,0.0,0.0,0.0,0.0,103
2023-05-11 13:51:09,PK401C10000,PK401C10000,611.0,0.0,0.0,0.0,1,265.5,655.5,10,611.0,0.0,0.0,0.0,0.0,0.0,103
2023-05-11 13:51:26,PK401C10000,PK401C10000,611.0,0.0,0.0,0.0,10,266.0,655.5,10,611.0,0.0,0.0,0.0,0.0,0.0,103
2023-05-11 13:51:27,PK401C10000,PK401C10000,611.0,0.0,0.0,0.0,1,267.5,655.5,10,611.0,0.0,0.0,0.0,0.0,0.0,103
2023-05-11 13:51:27,PK401C10000,PK401C10000,611.0,0.0,0.0,0.0,10,268.0,655.5,10,611.0,0.0,0.0,0.0,0.0,0.0,103
2023-05-11 13:51:28,PK401C10000,PK401C10000,611.0,0.0,0.0,0.0,1,274.5,655.5,10,611.0,0.0,0.0,0.0,0.0,0.0,103
2023-05-11 13:51:28,PK401C10000,PK401C10000,611.0,0.0,0.0,0.0,1,276.0,655.5,10,611.0,0.0,0.0,0.0,0.0,0.0,103
2023-05-11 13:51:29,PK401C10000,PK401C10000,611.0,0.0,0.0,0.0,1,282.5,655.5,10,611.0,0.0,0.0,0.0,0.0,0.0,103
2023-05-11 13:51:30,PK401C10000,PK401C10000,611.0,0.0,0.0,0.0,1,284.0,655.5,10,611.0,0.0,0.0,0.0,0.0,0.0,103
2023-05-11 13:51:31,PK401C10000,PK401C10000,611.0,0.0,0.0,0.0,1,290.5,655.5,10,611.0,0.0,0.0,0.0,0.0,0.0,103
2023-05-11 13:51:31,PK401C10000,PK401C10000,611.0,0.0,0.0,0.0,10,292.5,655.5,10,611.0,0.0,0.0,0.0,0.0,0.0,103
2023-05-11 13:51:32,PK401C10000,PK401C10000,611.0,0.0,0.0,0.0,1,299.0,655.5,10,611.0,0.0,0.0,0.0,0.0,0.0,103
2023-05-11 13:51:32,PK401C10000,PK401C10000,611.0,0.0,0.0,0.0,1,300.5,655.5,10,611.0,0.0,0.0,0.0,0.0,0.0,103
2023-05-11 13:51:33,PK401C10000,PK401C10000,611.0,0.0,0.0,0.0,1,307.0,655.5,10,611.0,0.0,0.0,0.0,0.0,0.0,103
2023-05-11 13:52:33,PK401C10000,PK401C10000,611.0,0.0,0.0,0.0,10,307.5,655.5,10,611.0,0.0,0.0,0.0,0.0,0.0,103
2023-05-11 13:52:34,PK401C10000,PK401C10000,611.0,0.0,0.0,0.0,1,314.0,655.5,10,611.0,0.0,0.0,0.0,0.0,0.0,103
2023-05-11 13:52:44,PK401C10000,PK401C10000,611.0,0.0,0.0,0.0,12,500.0,655.5,10,611.0,0.0,0.0,0.0,0.0,0.0,103
2023-05-11 13:53:25,PK401C10000,PK401C10000,611.0,0.0,0.0,0.0,5,256.0,655.5,10,611.0,0.0,0.0,0.0,0.0,0.0,103
2023-05-11 13:53:25,PK401C10000,PK401C10000,611.0,0.0,0.0,0.0,1,262.5,655.5,10,611.0,0.0,0.0,0.0,0.0,0.0,103
2023-05-11 13:53:25,PK401C10000,PK401C10000,611.0,0.0,0.0,0.0,1,264.0,655.5,10,611.0,0.0,0.0,0.0,0.0,0.0,103
2023-05-11 13:53:26,PK401C10000,PK401C10000,611.0,0.0,0.0,0.0,1,270.5,655.5,10,611.0,0.0,0.0,0.0,0.0,0.0,103
2023-05-11 13:53:26,PK401C10000,PK401C10000,611.0,0.0,0.0,0.0,1,272.0,655.5,10,611.0,0.0,0.0,0.0,0.0,0.0,103
2023-05-11 13:53:27,PK401C10000,PK401C10000,611.0,0.0,0.0,0.0,1,278.5,655.5,10,611.0,0.0,0.0,0.0,0.0,0.0,103
2023-05-11 13:53:27,PK401C10000,PK401C10000,611.0,0.0,0.0,0.0,10,280.5,655.5,10,611.0,0.0,0.0,0.0,0.0,0.0,103
2023-05-11 13:53:28,PK401C10000,PK401C10000,611.0,0.0,0.0,0.0,1,287.0,655.5,10,611.0,0.0,0.0,0.0,0.0,0.0,103
2023-05-11 13:53:28,PK401C10000,PK401C10000,611.0,0.0,0.0,0.0,1,288.5,655.5,10,611.0,0.0,0.0,0.0,0.0,0.0,103
2023-05-11 13:53:29,PK401C10000,PK401C10000,611.0,0.0,0.0,0.0,1,295.0,655.5,10,611.0,0.0,0.0,0.0,0.0,0.0,103
2023-05-11 13:53:31,PK401C10000,PK401C10000,611.0,0.0,0.0,0.0,10,297.0,655.5,10,611.0,0.0,0.0,0.0,0.0,0.0,103
2023-05-11 13:53:32,PK401C10000,PK401C10000,611.0,0.0,0.0,0.0,1,303.5,655.5,10,611.0,0.0,0.0,0.0,0.0,0.0,103
2023-05-11 13:53:32,PK401C10000,PK401C10000,611.0,0.0,0.0,0.0,1,305.0,655.5,10,611.0,0.0,0.0,0.0,0.0,0.0,103
2023-05-11 13:53:33,PK401C10000,PK401C10000,611.0,0.0,0.0,0.0,1,311.5,655.5,10,611.0,0.0,0.0,0.0,0.0,0.0,103
2023-05-11 13:53:33,PK401C10000,PK401C10000,611.0,0.0,0.0,0.0,10,312.0,655.5,10,611.0,0.0,0.0,0.0,0.0,0.0,103
2023-05-11 13:53:34,PK401C10000,PK401C10000,611.0,0.0,0.0,0.0,1,318.5,655.5,10,611.0,0.0,0.0,0.0,0.0,0.0,103
2023-05-11 13:53:34,PK401C10000,PK401C10000,611.0,0.0,0.0,0.0,10,319.0,655.5,10,611.0,0.0,0.0,0.0,0.0,0.0,103
2023-05-11 13:53:35,PK401C10000,PK401C10000,611.0,0.0,0.0,0.0,1,325.5,655.5,10,611.0,0.0,0.0,0.0,0.0,0.0,103
2023-05-11 13:53:36,PK401C10000,PK401C10000,611.0,0.0,0.0,0.0,10,326.0,655.5,10,611.0,0.0,0.0,0.0,0.0,0.0,103
2023-05-11 13:53:37,PK401C10000,PK401C10000,611.0,0.0,0.0,0.0,1,332.5,655.5,10,611.0,0.0,0.0,0.0,0.0,0.0,103
2023-05-11 13:53:37,PK401C10000,PK401C10000,611.0,0.0,0.0,0.0,10,333.0,655.5,10,611.0,0.0,0.0,0.0,0.0,0.0,103
2023-05-11 13:53:38,PK401C10000,PK401C10000,611.0,0.0,0.0,0.0,1,339.5,655.5,10,611.0,0.0,0.0,0.0,0.0,0.0,103
2023-05-11 13:53:45,PK401C10000,PK401C10000,611.0,0.0,0.0,0.0,10,340.0,655.5,10,611.0,0.0,0.0,0.0,0.0,0.0,103
2023-05-11 13:53:47,PK401C10000,PK401C10000,611.0,0.0,0.0,0.0,1,346.5,655.5,10,611.0,0.0,0.0,0.0,0.0,0.0,103
2023-05-11 13:53:48,PK401C10000,PK401C10000,611.0,0.0,0.0,0.0,10,347.0,655.5,10,611.0,0.0,0.0,0.0,0.0,0.0,103
2023-05-11 13:53:50,PK401C10000,PK401C10000,611.0,0.0,0.0,0.0,1,353.5,655.5,10,611.0,0.0,0.0,0.0,0.0,0.0,103
2023-05-11 13:53:50,PK401C10000,PK401C10000,611.0,0.0,0.0,0.0,10,354.0,655.5,10,611.0,0.0,0.0,0.0,0.0,0.0,103
2023-05-11 13:53:52,PK401C10000,PK401C10000,611.0,0.0,0.0,0.0,1,360.5,655.5,10,611.0,0.0,0.0,0.0,0.0,0.0,103
2023-05-11 13:54:51,PK401C10000,PK401C10000,611.0,0.0,0.0,0.0,10,361.0,655.5,10,611.0,0.0,0.0,0.0,0.0,0.0,103
2023-05-11 13:54:52,PK401C10000,PK401C10000,611.0,0.0,0.0,0.0,1,367.5,655.5,10,611.0,0.0,0.0,0.0,0.0,0.0,103
2023-05-11 13:54:53,PK401C10000,PK401C10000,611.0,0.0,0.0,0.0,10,368.0,655.5,10,611.0,0.0,0.0,0.0,0.0,0.0,103
2023-05-11 13:54:54,PK401C10000,PK401C10000,611.0,0.0,0.0,0.0,1,374.5,655.5,10,611.0,0.0,0.0,0.0,0.0,0.0,103
2023-05-11 13:54:54,PK401C10000,PK401C10000,611.0,0.0,0.0,0.0,10,375.0,655.5,10,611.0,0.0,0.0,0.0,0.0,0.0,103
2023-05-11 13:54:55,PK401C10000,PK401C10000,611.0,0.0,0.0,0.0,1,381.5,655.5,10,611.0,0.0,0.0,0.0,0.0,0.0,103
2023-05-11 13:54:55,PK401C10000,PK401C10000,611.0,0.0,0.0,0.0,10,382.0,655.5,10,611.0,0.0,0.0,0.0,0.0,0.0,103
2023-05-11 13:54:56,PK401C10000,PK401C10000,611.0,0.0,0.0,0.0,1,388.5,655.5,10,611.0,0.0,0.0,0.0,0.0,0.0,103
2023-05-11 13:54:58,PK401C10000,PK401C10000,611.0,0.0,0.0,0.0,10,389.0,655.5,10,611.0,0.0,0.0,0.0,0.0,0.0,103
2023-05-11 13:54:59,PK401C10000,PK401C10000,611.0,0.0,0.0,0.0,1,395.5,655.5,10,611.0,0.0,0.0,0.0,0.0,0.0,103
2023-05-11 13:54:59,PK401C10000,PK401C10000,611.0,0.0,0.0,0.0,10,396.0,655.5,10,611.0,0.0,0.0,0.0,0.0,0.0,103
2023-05-11 13:55:00,PK401C10000,PK401C10000,611.0,0.0,0.0,0.0,1,402.5,655.5,10,611.0,0.0,0.0,0.0,0.0,0.0,103
2023-05-11 13:55:00,PK401C10000,PK401C10000,611.0,0.0,0.0,0.0,10,403.0,655.5,10,611.0,0.0,0.0,0.0,0.0,0.0,103
2023-05-11 13:55:01,PK401C10000,PK401C10000,611.0,0.0,0.0,0.0,1,406.5,655.5,10,611.0,0.0,0.0,0.0,0.0,0.0,103
2023-05-11 13:55:02,PK401C10000,PK401C10000,611.0,0.0,0.0,0.0,10,407.0,655.5,10,611.0,0.0,0.0,0.0,0.0,0.0,103
2023-05-11 13:55:03,PK401C10000,PK401C10000,611.0,0.0,0.0,0.0,1,407.5,655.5,10,611.0,0.0,0.0,0.0,0.0,0.0,103
2023-05-11 13:56:51,PK401C10000,PK401C10000,611.0,0.0,0.0,0.0,10,408.0,655.5,10,611.0,0.0,0.0,0.0,0.0,0.0,103
2023-05-11 13:56:53,PK401C10000,PK401C10000,611.0,0.0,0.0,0.0,1,408.5,655.5,10,611.0,0.0,0.0,0.0,0.0,0.0,103
2023-05-11 13:58:33,PK401C10000,PK401C10000,611.0,0.0,0.0,0.0,10,409.0,655.5,10,611.0,0.0,0.0,0.0,0.0,0.0,103
2023-05-11 13:58:34,PK401C10000,PK401C10000,611.0,0.0,0.0,0.0,1,409.5,655.5,10,611.0,0.0,0.0,0.0,0.0,0.0,103
2023-05-11 13:58:34,PK401C10000,PK401C10000,611.0,0.0,0.0,0.0,10,410.0,655.5,10,611.0,0.0,0.0,0.0,0.0,0.0,103
2023-05-11 13:58:35,PK401C10000,PK401C10000,611.0,0.0,0.0,0.0,1,410.5,655.5,10,611.0,0.0,0.0,0.0,0.0,0.0,103
2023-05-11 14:00:48,PK401C10000,PK401C10000,611.0,0.0,0.0,0.0,10,411.0,655.5,10,611.0,0.0,0.0,0.0,0.0,0.0,103
2023-05-11 14:00:49,PK401C10000,PK401C10000,611.0,0.0,0.0,0.0,1,411.5,655.5,10,611.0,0.0,0.0,0.0,0.0,0.0,103
2023-05-11 14:01:56,PK401C10000,PK401C10000,611.0,0.0,0.0,0.0,10,412.0,655.5,10,611.0,0.0,0.0,0.0,0.0,0.0,103
2023-05-11 14:04:51,PK401C10000,PK401C10000,611.0,0.0,0.0,0.0,1,412.5,655.5,10,611.0,0.0,0.0,0.0,0.0,0.0,103
2023-05-11 14:04:52,PK401C10000,PK401C10000,611.0,0.0,0.0,0.0,10,413.0,655.5,10,611.0,0.0,0.0,0.0,0.0,0.0,103
2023-05-11 14:04:56,PK401C10000,PK401C10000,611.0,0.0,0.0,0.0,1,416.5,655.5,10,611.0,0.0,0.0,0.0,0.0,0.0,103
2023-05-11 14:04:56,PK401C10000,PK401C10000,611.0,0.0,0.0,0.0,10,417.0,655.5,10,611.0,0.0,0.0,0.0,0.0,0.0,103
2023-05-11 14:04:57,PK401C10000,PK401C10000,611.0,0.0,0.0,0.0,1,417.5,655.5,10,611.0,0.0,0.0,0.0,0.0,0.0,103
2023-05-11 14:04:57,PK401C10000,PK401C10000,611.0,0.0,0.0,0.0,10,418.0,655.5,10,611.0,0.0,0.0,0.0,0.0,0.0,103
2023-05-11 14:04:58,PK401C10000,PK401C10000,611.0,0.0,0.0,0.0,1,418.5,655.5,10,611.0,0.0,0.0,0.0,0.0,0.0,103
2023-05-11 14:04:58,PK401C10000,PK401C10000,611.0,0.0,0.0,0.0,10,419.0,655.5,10,611.0,0.0,0.0,0.0,0.0,0.0,103
2023-05-11 14:04:59,PK401C10000,PK401C10000,611.0,0.0,0.0,0.0,1,419.5,655.5,10,611.0,0.0,0.0,0.0,0.0,0.0,103
2023-05-11 14:05:11,PK401C10000,PK401C10000,611.0,0.0,0.0,0.0,5,256.0,655.5,10,611.0,0.0,0.0,0.0,0.0,0.0,103
2023-05-11 14:05:11,PK401C10000,PK401C10000,611.0,0.0,0.0,0.0,1,257.5,655.5,10,611.0,0.0,0.0,0.0,0.0,0.0,103
2023-05-11 14:05:33,PK401C10000,PK401C10000,611.0,0.0,0.0,0.0,10,264.5,655.5,10,611.0,0.0,0.0,0.0,0.0,0.0,103
2023-05-11 14:05:33,PK401C10000,PK401C10000,611.0,0.0,0.0,0.0,1,271.0,655.5,10,611.0,0.0,0.0,0.0,0.0,0.0,103
2023-05-11 14:05:34,PK401C10000,PK401C10000,611.0,0.0,0.0,0.0,1,272.5,655.5,10,611.0,0.0,0.0,0.0,0.0,0.0,103
2023-05-11 14:05:34,PK401C10000,PK401C10000,611.0,0.0,0.0,0.0,1,279.0,655.5,10,611.0,0.0,0.0,0.0,0.0,0.0,103
2023-05-11 14:05:35,PK401C10000,PK401C10000,611.0,0.0,0.0,0.0,1,280.5,655.5,10,611.0,0.0,0.0,0.0,0.0,0.0,103
2023-05-11 14:05:35,PK401C10000,PK401C10000,611.0,0.0,0.0,0.0,1,287.0,655.5,10,611.0,0.0,0.0,0.0,0.0,0.0,103
2023-05-11 14:05:36,PK401C10000,PK401C10000,611.0,0.0,0.0,0.0,1,288.5,655.5,10,611.0,0.0,0.0,0.0,0.0,0.0,103
2023-05-11 14:05:36,PK401C10000,PK401C10000,611.0,0.0,0.0,0.0,1,295.0,655.5,10,611.0,0.0,0.0,0.0,0.0,0.0,103
2023-05-11 14:05:37,PK401C10000,PK401C10000,611.0,0.0,0.0,0.0,1,296.5,655.5,10,611.0,0.0,0.0,0.0,0.0,0.0,103
2023-05-11 14:05:37,PK401C10000,PK401C10000,611.0,0.0,0.0,0.0,1,303.0,655.5,10,611.0,0.0,0.0,0.0,0.0,0.0,103
2023-05-11 14:05:38,PK401C10000,PK401C10000,611.0,0.0,0.0,0.0,10,305.0,655.5,10,611.0,0.0,0.0,0.0,0.0,0.0,103
2023-05-11 14:05:38,PK401C10000,PK401C10000,611.0,0.0,0.0,0.0,1,311.5,655.5,10,611.0,0.0,0.0,0.0,0.0,0.0,103
2023-05-11 14:05:38,PK401C10000,PK401C10000,611.0,0.0,0.0,0.0,10,305.0,655.5,10,611.0,0.0,0.0,0.0,0.0,0.0,103
2023-05-11 14:05:38,PK401C10000,PK401C10000,611.0,0.0,0.0,0.0,1,311.5,655.5,10,611.0,0.0,0.0,0.0,0.0,0.0,103
2023-05-11 14:08:14,PK401C10000,PK401C10000,611.0,0.0,0.0,0.0,10,312.0,655.5,10,611.0,0.0,0.0,0.0,0.0,0.0,103
2023-05-11 14:08:16,PK401C10000,PK401C10000,611.0,0.0,0.0,0.0,1,318.5,655.5,10,611.0,0.0,0.0,0.0,0.0,0.0,103
2023-05-11 14:08:16,PK401C10000,PK401C10000,611.0,0.0,0.0,0.0,10,319.0,655.5,10,611.0,0.0,0.0,0.0,0.0,0.0,103
2023-05-11 14:08:17,PK401C10000,PK401C10000,611.0,0.0,0.0,0.0,1,325.5,655.5,10,611.0,0.0,0.0,0.0,0.0,0.0,103
2023-05-11 14:08:18,PK401C10000,PK401C10000,611.0,0.0,0.0,0.0,10,326.0,655.5,10,611.0,0.0,0.0,0.0,0.0,0.0,103
2023-05-11 14:08:19,PK401C10000,PK401C10000,611.0,0.0,0.0,0.0,1,332.5,655.5,10,611.0,0.0,0.0,0.0,0.0,0.0,103
2023-05-11 14:08:19,PK401C10000,PK401C10000,611.0,0.0,0.0,0.0,10,333.0,655.5,10,611.0,0.0,0.0,0.0,0.0,0.0,103
2023-05-11 14:08:20,PK401C10000,PK401C10000,611.0,0.0,0.0,0.0,1,339.5,655.5,10,611.0,0.0,0.0,0.0,0.0,0.0,103
2023-05-11 14:08:21,PK401C10000,PK401C10000,611.0,0.0,0.0,0.0,10,340.0,655.5,10,611.0,0.0,0.0,0.0,0.0,0.0,103
2023-05-11 14:08:21,PK401C10000,PK401C10000,611.0,0.0,0.0,0.0,1,346.5,655.5,10,611.0,0.0,0.0,0.0,0.0,0.0,103
2023-05-11 14:08:22,PK401C10000,PK401C10000,611.0,0.0,0.0,0.0,10,347.0,655.5,10,611.0,0.0,0.0,0.0,0.0,0.0,103
2023-05-11 14:08:22,PK401C10000,PK401C10000,611.0,0.0,0.0,0.0,1,353.5,655.5,10,611.0,0.0,0.0,0.0,0.0,0.0,103
2023-05-11 14:08:23,PK401C10000,PK401C10000,611.0,0.0,0.0,0.0,10,354.0,655.5,10,611.0,0.0,0.0,0.0,0.0,0.0,103
2023-05-11 14:08:23,PK401C10000,PK401C10000,611.0,0.0,0.0,0.0,1,360.5,655.5,10,611.0,0.0,0.0,0.0,0.0,0.0,103
2023-05-11 14:08:24,PK401C10000,PK401C10000,611.0,0.0,0.0,0.0,10,361.0,655.5,10,611.0,0.0,0.0,0.0,0.0,0.0,103
2023-05-11 14:08:24,PK401C10000,PK401C10000,611.0,0.0,0.0,0.0,1,367.5,655.5,10,611.0,0.0,0.0,0.0,0.0,0.0,103
2023-05-11 14:08:41,PK401C10000,PK401C10000,611.0,0.0,0.0,0.0,5,256.0,655.5,10,611.0,0.0,0.0,0.0,0.0,0.0,103
2023-05-11 14:08:42,PK401C10000,PK401C10000,611.0,0.0,0.0,0.0,1,257.5,655.5,10,611.0,0.0,0.0,0.0,0.0,0.0,103
2023-05-11 14:08:42,PK401C10000,PK401C10000,611.0,0.0,0.0,0.0,10,258.0,655.5,10,611.0,0.0,0.0,0.0,0.0,0.0,103
2023-05-11 14:08:43,PK401C10000,PK401C10000,611.0,0.0,0.0,0.0,1,259.5,655.5,10,611.0,0.0,0.0,0.0,0.0,0.0,103
2023-05-11 14:08:52,PK401C10000,PK401C10000,611.0,0.0,0.0,0.0,10,266.5,655.5,10,611.0,0.0,0.0,0.0,0.0,0.0,103
2023-05-11 14:08:53,PK401C10000,PK401C10000,611.0,0.0,0.0,0.0,1,273.0,655.5,10,611.0,0.0,0.0,0.0,0.0,0.0,103
2023-05-11 14:08:53,PK401C10000,PK401C10000,611.0,0.0,0.0,0.0,1,274.5,655.5,10,611.0,0.0,0.0,0.0,0.0,0.0,103
2023-05-11 14:08:54,PK401C10000,PK401C10000,611.0,0.0,0.0,0.0,1,281.0,655.5,10,611.0,0.0,0.0,0.0,0.0,0.0,103
2023-05-11 14:08:54,PK401C10000,PK401C10000,611.0,0.0,0.0,0.0,10,283.0,655.5,10,611.0,0.0,0.0,0.0,0.0,0.0,103
2023-05-11 14:08:55,PK401C10000,PK401C10000,611.0,0.0,0.0,0.0,1,284.5,655.5,10,611.0,0.0,0.0,0.0,0.0,0.0,103
2023-05-11 14:08:55,PK401C10000,PK401C10000,611.0,0.0,0.0,0.0,1,291.0,655.5,10,611.0,0.0,0.0,0.0,0.0,0.0,103
2023-05-11 14:08:56,PK401C10000,PK401C10000,611.0,0.0,0.0,0.0,10,293.0,655.5,10,611.0,0.0,0.0,0.0,0.0,0.0,103
2023-05-11 14:08:56,PK401C10000,PK401C10000,611.0,0.0,0.0,0.0,1,294.5,655.5,10,611.0,0.0,0.0,0.0,0.0,0.0,103
2023-05-11 14:08:57,PK401C10000,PK401C10000,611.0,0.0,0.0,0.0,1,299.5,655.5,10,611.0,0.0,0.0,0.0,0.0,0.0,103
2023-05-11 14:08:59,PK401C10000,PK401C10000,611.0,0.0,0.0,0.0,10,301.5,655.5,10,611.0,0.0,0.0,0.0,0.0,0.0,103
2023-05-11 14:08:59,PK401C10000,PK401C10000,611.0,0.0,0.0,0.0,1,308.0,655.5,10,611.0,0.0,0.0,0.0,0.0,0.0,103
2023-05-11 14:09:00,PK401C10000,PK401C10000,611.0,0.0,0.0,0.0,10,308.5,655.5,10,611.0,0.0,0.0,0.0,0.0,0.0,103
2023-05-11 14:09:00,PK401C10000,PK401C10000,611.0,0.0,0.0,0.0,1,315.0,655.5,10,611.0,0.0,0.0,0.0,0.0,0.0,103
2023-05-11 14:09:01,PK401C10000,PK401C10000,611.0,0.0,0.0,0.0,10,315.5,655.5,10,611.0,0.0,0.0,0.0,0.0,0.0,103
2023-05-11 14:09:02,PK401C10000,PK401C10000,611.0,0.0,0.0,0.0,1,322.0,655.5,10,611.0,0.0,0.0,0.0,0.0,0.0,103
2023-05-11 14:09:02,PK401C10000,PK401C10000,611.0,0.0,0.0,0.0,10,322.5,655.5,10,611.0,0.0,0.0,0.0,0.0,0.0,103
2023-05-11 14:09:03,PK401C10000,PK401C10000,611.0,0.0,0.0,0.0,1,329.0,655.5,10,611.0,0.0,0.0,0.0,0.0,0.0,103
2023-05-11 14:09:03,PK401C10000,PK401C10000,611.0,0.0,0.0,0.0,10,329.5,655.5,10,611.0,0.0,0.0,0.0,0.0,0.0,103
2023-05-11 14:09:04,PK401C10000,PK401C10000,611.0,0.0,0.0,0.0,1,336.0,655.5,10,611.0,0.0,0.0,0.0,0.0,0.0,103
2023-05-11 14:11:30,PK401C10000,PK401C10000,611.0,0.0,0.0,0.0,10,336.5,655.5,10,611.0,0.0,0.0,0.0,0.0,0.0,103
2023-05-11 14:11:31,PK401C10000,PK401C10000,611.0,0.0,0.0,0.0,1,343.0,655.5,10,611.0,0.0,0.0,0.0,0.0,0.0,103
2023-05-11 14:11:32,PK401C10000,PK401C10000,611.0,0.0,0.0,0.0,10,343.5,655.5,10,611.0,0.0,0.0,0.0,0.0,0.0,103
2023-05-11 14:11:33,PK401C10000,PK401C10000,611.0,0.0,0.0,0.0,1,350.0,655.5,10,611.0,0.0,0.0,0.0,0.0,0.0,103
2023-05-11 14:11:34,PK401C10000,PK401C10000,611.0,0.0,0.0,0.0,10,350.5,655.5,10,611.0,0.0,0.0,0.0,0.0,0.0,103
2023-05-11 14:11:35,PK401C10000,PK401C10000,611.0,0.0,0.0,0.0,1,357.0,655.5,10,611.0,0.0,0.0,0.0,0.0,0.0,103
2023-05-11 14:11:35,PK401C10000,PK401C10000,611.0,0.0,0.0,0.0,10,357.5,655.5,10,611.0,0.0,0.0,0.0,0.0,0.0,103
2023-05-11 14:11:36,PK401C10000,PK401C10000,611.0,0.0,0.0,0.0,1,364.0,655.5,10,611.0,0.0,0.0,0.0,0.0,0.0,103
2023-05-11 14:11:36,PK401C10000,PK401C10000,611.0,0.0,0.0,0.0,10,364.5,655.5,10,611.0,0.0,0.0,0.0,0.0,0.0,103
2023-05-11 14:11:37,PK401C10000,PK401C10000,611.0,0.0,0.0,0.0,1,371.0,655.5,10,611.0,0.0,0.0,0.0,0.0,0.0,103
2023-05-11 14:14:55,PK401C10000,PK401C10000,611.0,0.0,0.0,0.0,10,371.5,655.5,10,611.0,0.0,0.0,0.0,0.0,0.0,103
2023-05-11 14:14:57,PK401C10000,PK401C10000,611.0,0.0,0.0,0.0,1,378.0,655.5,10,611.0,0.0,0.0,0.0,0.0,0.0,103
2023-05-11 14:16:42,PK401C10000,PK401C10000,611.0,0.0,0.0,0.0,10,378.5,655.5,10,611.0,0.0,0.0,0.0,0.0,0.0,103
2023-05-11 14:16:43,PK401C10000,PK401C10000,611.0,0.0,0.0,0.0,1,385.0,655.5,10,611.0,0.0,0.0,0.0,0.0,0.0,103
2023-05-11 14:16:54,PK401C10000,PK401C10000,611.0,0.0,0.0,0.0,10,385.5,655.5,10,611.0,0.0,0.0,0.0,0.0,0.0,103
2023-05-11 14:16:56,PK401C10000,PK401C10000,611.0,0.0,0.0,0.0,1,392.0,655.5,10,611.0,0.0,0.0,0.0,0.0,0.0,103
2023-05-11 14:19:41,PK401C10000,PK401C10000,611.0,0.0,0.0,0.0,10,392.5,655.5,10,611.0,0.0,0.0,0.0,0.0,0.0,103
2023-05-11 14:19:42,PK401C10000,PK401C10000,611.0,0.0,0.0,0.0,1,399.0,655.5,10,611.0,0.0,0.0,0.0,0.0,0.0,103
2023-05-11 14:19:54,PK401C10000,PK401C10000,611.0,0.0,0.0,0.0,10,399.5,655.5,10,611.0,0.0,0.0,0.0,0.0,0.0,103
2023-05-11 14:19:54,PK401C10000,PK401C10000,611.0,0.0,0.0,0.0,1,403.0,655.5,10,611.0,0.0,0.0,0.0,0.0,0.0,103
2023-05-11 14:19:55,PK401C10000,PK401C10000,611.0,0.0,0.0,0.0,10,403.5,655.5,10,611.0,0.0,0.0,0.0,0.0,0.0,103
2023-05-11 14:19:55,PK401C10000,PK401C10000,611.0,0.0,0.0,0.0,1,407.0,655.5,10,611.0,0.0,0.0,0.0,0.0,0.0,103
2023-05-11 14:19:58,PK401C10000,PK401C10000,611.0,0.0,0.0,0.0,10,407.5,655.5,10,611.0,0.0,0.0,0.0,0.0,0.0,103
2023-05-11 14:19:58,PK401C10000,PK401C10000,611.0,0.0,0.0,0.0,1,408.0,655.5,10,611.0,0.0,0.0,0.0,0.0,0.0,103
2023-05-11 14:19:59,PK401C10000,PK401C10000,611.0,0.0,0.0,0.0,10,408.5,655.5,10,611.0,0.0,0.0,0.0,0.0,0.0,103
2023-05-11 14:20:00,PK401C10000,PK401C10000,611.0,0.0,0.0,0.0,1,409.0,655.5,10,611.0,0.0,0.0,0.0,0.0,0.0,103
2023-05-11 14:20:35,PK401C10000,PK401C10000,611.0,0.0,0.0,0.0,10,409.5,655.5,10,611.0,0.0,0.0,0.0,0.0,0.0,103
2023-05-11 14:20:37,PK401C10000,PK401C10000,611.0,0.0,0.0,0.0,1,410.0,655.5,10,611.0,0.0,0.0,0.0,0.0,0.0,103
2023-05-11 14:20:37,PK401C10000,PK401C10000,611.0,0.0,0.0,0.0,10,410.5,655.5,10,611.0,0.0,0.0,0.0,0.0,0.0,103
2023-05-11 14:41:21,PK401C10000,PK401C10000,611.0,0.0,0.0,0.0,10,410.5,650.0,1,611.0,0.0,0.0,0.0,0.0,0.0,103
2023-05-11 14:41:23,PK401C10000,PK401C10000,611.0,0.0,0.0,0.0,6,520.5,562.0,6,611.0,0.0,0.0,0.0,0.0,0.0,103
2023-05-11 14:41:23,PK401C10000,PK401C10000,611.0,0.0,0.0,0.0,9,520.5,562.0,9,611.0,0.0,0.0,0.0,0.0,0.0,103
2023-05-11 14:41:24,PK401C10000,PK401C10000,611.0,0.0,0.0,0.0,12,520.5,562.0,12,611.0,0.0,0.0,0.0,0.0,0.0,103
2023-05-11 14:41:24,PK401C10000,PK401C10000,611.0,0.0,0.0,0.0,9,520.5,562.0,9,611.0,0.0,0.0,0.0,0.0,0.0,103
2023-05-11 14:41:25,PK401C10000,PK401C10000,611.0,0.0,0.0,0.0,12,520.5,560.5,3,611.0,0.0,0.0,0.0,0.0,0.0,103
2023-05-11 14:41:29,PK401C10000,PK401C10000,611.0,0.0,0.0,0.0,18,520.5,547.5,3,611.0,0.0,0.0,0.0,0.0,0.0,103
2023-05-11 14:41:29,PK401C10000,PK401C10000,611.0,0.0,0.0,0.0,12,520.5,547.5,6,611.0,0.0,0.0,0.0,0.0,0.0,103
2023-05-11 14:41:30,PK401C10000,PK401C10000,611.0,0.0,0.0,0.0,15,520.5,547.5,12,611.0,0.0,0.0,0.0,0.0,0.0,103
2023-05-11 14:41:32,PK401C10000,PK401C10000,611.0,0.0,0.0,0.0,15,520.5,533.5,6,611.0,0.0,0.0,0.0,0.0,0.0,103
2023-05-11 14:41:32,PK401C10000,PK401C10000,611.0,0.0,0.0,0.0,12,520.5,533.5,6,611.0,0.0,0.0,0.0,0.0,0.0,103
2023-05-11 14:41:32,PK401C10000,PK401C10000,611.0,0.0,0.0,0.0,15,520.5,533.5,9,611.0,0.0,0.0,0.0,0.0,0.0,103
2023-05-11 14:41:33,PK401C10000,PK401C10000,611.0,0.0,0.0,0.0,18,520.5,533.5,12,611.0,0.0,0.0,0.0,0.0,0.0,103
2023-05-11 14:41:35,PK401C10000,PK401C10000,611.0,0.0,0.0,0.0,18,520.5,533.5,15,611.0,0.0,0.0,0.0,0.0,0.0,103
2023-05-11 14:41:38,PK401C10000,PK401C10000,611.0,0.0,0.0,0.0,15,520.5,533.5,15,611.0,0.0,0.0,0.0,0.0,0.0,103
2023-05-11 14:41:40,PK401C10000,PK401C10000,611.0,0.0,0.0,0.0,12,520.5,533.5,15,611.0,0.0,0.0,0.0,0.0,0.0,103
2023-05-11 14:41:42,PK401C10000,PK401C10000,611.0,0.0,0.0,0.0,9,520.5,533.5,12,611.0,0.0,0.0,0.0,0.0,0.0,103
2023-05-11 14:41:42,PK401C10000,PK401C10000,611.0,0.0,0.0,0.0,9,520.5,533.5,9,611.0,0.0,0.0,0.0,0.0,0.0,103
2023-05-11 14:41:43,PK401C10000,PK401C10000,611.0,0.0,0.0,0.0,6,520.5,533.5,6,611.0,0.0,0.0,0.0,0.0,0.0,103
2023-05-11 14:41:44,PK401C10000,PK401C10000,611.0,0.0,0.0,0.0,3,520.5,533.5,3,611.0,0.0,0.0,0.0,0.0,0.0,103
2023-05-11 14:41:46,PK401C10000,PK401C10000,611.0,0.0,0.0,0.0,5,256.0,656.0,3,611.0,0.0,0.0,0.0,0.0,0.0,103
2023-05-11 14:41:46,PK401C10000,PK401C10000,611.0,0.0,0.0,0.0,1,257.5,655.5,10,611.0,0.0,0.0,0.0,0.0,0.0,103
2023-05-11 14:41:46,PK401C10000,PK401C10000,611.0,0.0,0.0,0.0,1,264.0,650.5,1,611.0,0.0,0.0,0.0,0.0,0.0,103
2023-05-11 14:41:47,PK401C10000,PK401C10000,611.0,0.0,0.0,0.0,1,264.0,650.0,10,611.0,0.0,0.0,0.0,0.0,0.0,103
2023-05-11 14:41:48,PK401C10000,PK401C10000,611.0,0.0,0.0,0.0,10,266.0,650.0,10,611.0,0.0,0.0,0.0,0.0,0.0,103
2023-05-11 14:41:48,PK401C10000,PK401C10000,611.0,0.0,0.0,0.0,1,272.5,647.0,1,611.0,0.0,0.0,0.0,0.0,0.0,103
2023-05-11 14:41:49,PK401C10000,PK401C10000,611.0,0.0,0.0,0.0,1,274.0,646.5,10,611.0,0.0,0.0,0.0,0.0,0.0,103
2023-05-11 14:41:50,PK401C10000,PK401C10000,611.0,0.0,0.0,0.0,1,280.5,646.5,10,611.0,0.0,0.0,0.0,0.0,0.0,103
2023-05-11 14:41:51,PK401C10000,PK401C10000,611.0,0.0,0.0,0.0,10,282.5,643.5,1,611.0,0.0,0.0,0.0,0.0,0.0,103
2023-05-11 14:41:51,PK401C10000,PK401C10000,611.0,0.0,0.0,0.0,1,284.0,643.0,10,611.0,0.0,0.0,0.0,0.0,0.0,103
2023-05-11 14:41:52,PK401C10000,PK401C10000,611.0,0.0,0.0,0.0,1,289.0,643.0,10,611.0,0.0,0.0,0.0,0.0,0.0,103
2023-05-11 14:41:52,PK401C10000,PK401C10000,611.0,0.0,0.0,0.0,1,290.5,643.0,10,611.0,0.0,0.0,0.0,0.0,0.0,103
2023-05-11 14:41:53,PK401C10000,PK401C10000,611.0,0.0,0.0,0.0,10,291.0,643.0,10,611.0,0.0,0.0,0.0,0.0,0.0,103
2023-05-11 14:41:53,PK401C10000,PK401C10000,611.0,0.0,0.0,0.0,1,297.0,642.5,1,611.0,0.0,0.0,0.0,0.0,0.0,103
