time,symbol_id,symbol_name,last,trade_volume,trade_amount,open_interest_change,bv1,bp1,ap1,av1,yesterday_close,today_open,today_high,today_low,volume,amount,open_interest
2023-05-11 09:31:26,PK401P9100,PK401P9100,216.5,0.0,0.0,0.0,5,1.5,0.0,0,216.5,0.0,0.0,0.0,0.0,0.0,12
2023-05-11 09:31:27,PK401P9100,PK401P9100,216.5,0.0,0.0,0.0,10,3.5,922.5,10,216.5,0.0,0.0,0.0,0.0,0.0,12
2023-05-11 09:31:29,PK401P9100,PK401P9100,216.5,0.0,0.0,0.0,1,5.0,921.0,1,216.5,0.0,0.0,0.0,0.0,0.0,12
2023-05-11 09:31:30,PK401P9100,PK401P9100,216.5,0.0,0.0,0.0,10,5.5,920.5,10,216.5,0.0,0.0,0.0,0.0,0.0,12
2023-05-11 09:31:32,PK401P9100,PK401P9100,216.5,0.0,0.0,0.0,1,7.0,920.5,10,216.5,0.0,0.0,0.0,0.0,0.0,12
2023-05-11 09:31:33,PK401P9100,PK401P9100,216.5,0.0,0.0,0.0,10,7.5,919.0,1,216.5,0.0,0.0,0.0,0.0,0.0,12
2023-05-11 09:31:33,PK401P9100,PK401P9100,216.5,0.0,0.0,0.0,1,9.0,918.5,10,216.5,0.0,0.0,0.0,0.0,0.0,12
2023-05-11 09:31:34,PK401P9100,PK401P9100,216.5,0.0,0.0,0.0,10,9.5,918.5,10,216.5,0.0,0.0,0.0,0.0,0.0,12
2023-05-11 09:31:34,PK401P9100,PK401P9100,216.5,0.0,0.0,0.0,1,11.0,917.0,1,216.5,0.0,0.0,0.0,0.0,0.0,12
2023-05-11 09:32:38,PK401P9100,PK401P9100,216.5,0.0,0.0,0.0,10,11.5,916.5,10,216.5,0.0,0.0,0.0,0.0,0.0,12
2023-05-11 09:32:38,PK401P9100,PK401P9100,216.5,0.0,0.0,0.0,1,13.0,915.0,1,216.5,0.0,0.0,0.0,0.0,0.0,12
2023-05-11 09:32:39,PK401P9100,PK401P9100,216.5,0.0,0.0,0.0,10,13.5,914.5,10,216.5,0.0,0.0,0.0,0.0,0.0,12
2023-05-11 09:32:41,PK401P9100,PK401P9100,216.5,0.0,0.0,0.0,1,15.0,913.0,1,216.5,0.0,0.0,0.0,0.0,0.0,12
2023-05-11 09:32:42,PK401P9100,PK401P9100,216.5,0.0,0.0,0.0,10,15.5,912.5,10,216.5,0.0,0.0,0.0,0.0,0.0,12
2023-05-11 09:32:43,PK401P9100,PK401P9100,216.5,0.0,0.0,0.0,1,17.0,912.5,10,216.5,0.0,0.0,0.0,0.0,0.0,12
2023-05-11 09:32:44,PK401P9100,PK401P9100,216.5,0.0,0.0,0.0,10,17.5,911.0,1,216.5,0.0,0.0,0.0,0.0,0.0,12
2023-05-11 09:32:44,PK401P9100,PK401P9100,216.5,0.0,0.0,0.0,1,19.0,910.5,10,216.5,0.0,0.0,0.0,0.0,0.0,12
2023-05-11 09:32:45,PK401P9100,PK401P9100,216.5,0.0,0.0,0.0,10,19.5,909.0,1,216.5,0.0,0.0,0.0,0.0,0.0,12
2023-05-11 09:32:45,PK401P9100,PK401P9100,216.5,0.0,0.0,0.0,1,21.0,908.5,10,216.5,0.0,0.0,0.0,0.0,0.0,12
2023-05-11 09:32:46,PK401P9100,PK401P9100,216.5,0.0,0.0,0.0,10,21.5,908.5,10,216.5,0.0,0.0,0.0,0.0,0.0,12
2023-05-11 09:32:46,PK401P9100,PK401P9100,216.5,0.0,0.0,0.0,1,23.0,907.0,1,216.5,0.0,0.0,0.0,0.0,0.0,12
2023-05-11 09:32:47,PK401P9100,PK401P9100,216.5,0.0,0.0,0.0,10,23.5,906.5,10,216.5,0.0,0.0,0.0,0.0,0.0,12
2023-05-11 09:32:48,PK401P9100,PK401P9100,216.5,0.0,0.0,0.0,1,25.0,906.5,10,216.5,0.0,0.0,0.0,0.0,0.0,12
2023-05-11 09:32:49,PK401P9100,PK401P9100,216.5,0.0,0.0,0.0,10,25.5,906.5,10,216.5,0.0,0.0,0.0,0.0,0.0,12
2023-05-11 09:32:49,PK401P9100,PK401P9100,216.5,0.0,0.0,0.0,1,27.0,905.0,1,216.5,0.0,0.0,0.0,0.0,0.0,12
2023-05-11 09:32:50,PK401P9100,PK401P9100,216.5,0.0,0.0,0.0,10,27.5,904.5,10,216.5,0.0,0.0,0.0,0.0,0.0,12
2023-05-11 09:32:50,PK401P9100,PK401P9100,216.5,0.0,0.0,0.0,1,29.0,903.0,1,216.5,0.0,0.0,0.0,0.0,0.0,12
2023-05-11 09:34:48,PK401P9100,PK401P9100,216.5,0.0,0.0,0.0,10,29.5,902.5,10,216.5,0.0,0.0,0.0,0.0,0.0,12
2023-05-11 09:34:48,PK401P9100,PK401P9100,216.5,0.0,0.0,0.0,1,31.0,901.0,1,216.5,0.0,0.0,0.0,0.0,0.0,12
2023-05-11 09:34:50,PK401P9100,PK401P9100,216.5,0.0,0.0,0.0,10,31.5,900.5,10,216.5,0.0,0.0,0.0,0.0,0.0,12
2023-05-11 09:34:51,PK401P9100,PK401P9100,216.5,0.0,0.0,0.0,1,33.0,899.0,1,216.5,0.0,0.0,0.0,0.0,0.0,12
2023-05-11 09:34:51,PK401P9100,PK401P9100,216.5,0.0,0.0,0.0,10,33.5,898.5,10,216.5,0.0,0.0,0.0,0.0,0.0,12
2023-05-11 09:34:52,PK401P9100,PK401P9100,216.5,0.0,0.0,0.0,1,35.0,897.0,1,216.5,0.0,0.0,0.0,0.0,0.0,12
2023-05-11 09:34:52,PK401P9100,PK401P9100,216.5,0.0,0.0,0.0,10,35.5,896.5,10,216.5,0.0,0.0,0.0,0.0,0.0,12
2023-05-11 09:34:53,PK401P9100,PK401P9100,216.5,0.0,0.0,0.0,1,37.0,895.0,1,216.5,0.0,0.0,0.0,0.0,0.0,12
2023-05-11 09:34:53,PK401P9100,PK401P9100,216.5,0.0,0.0,0.0,10,37.5,894.5,10,216.5,0.0,0.0,0.0,0.0,0.0,12
2023-05-11 09:34:55,PK401P9100,PK401P9100,216.5,0.0,0.0,0.0,1,39.0,893.0,1,216.5,0.0,0.0,0.0,0.0,0.0,12
2023-05-11 09:34:55,PK401P9100,PK401P9100,216.5,0.0,0.0,0.0,10,39.5,892.5,10,216.5,0.0,0.0,0.0,0.0,0.0,12
2023-05-11 09:34:56,PK401P9100,PK401P9100,216.5,0.0,0.0,0.0,1,41.0,891.0,1,216.5,0.0,0.0,0.0,0.0,0.0,12
2023-05-11 09:34:56,PK401P9100,PK401P9100,216.5,0.0,0.0,0.0,10,41.5,890.5,10,216.5,0.0,0.0,0.0,0.0,0.0,12
2023-05-11 09:34:57,PK401P9100,PK401P9100,216.5,0.0,0.0,0.0,1,43.0,889.0,1,216.5,0.0,0.0,0.0,0.0,0.0,12
2023-05-11 09:34:57,PK401P9100,PK401P9100,216.5,0.0,0.0,0.0,10,43.5,888.5,10,216.5,0.0,0.0,0.0,0.0,0.0,12
2023-05-11 09:34:58,PK401P9100,PK401P9100,216.5,0.0,0.0,0.0,1,45.0,887.0,1,216.5,0.0,0.0,0.0,0.0,0.0,12
2023-05-11 09:34:58,PK401P9100,PK401P9100,216.5,0.0,0.0,0.0,10,45.5,886.5,10,216.5,0.0,0.0,0.0,0.0,0.0,12
2023-05-11 09:34:59,PK401P9100,PK401P9100,216.5,0.0,0.0,0.0,1,47.0,885.0,1,216.5,0.0,0.0,0.0,0.0,0.0,12
2023-05-11 09:34:59,PK401P9100,PK401P9100,216.5,0.0,0.0,0.0,10,47.5,884.5,10,216.5,0.0,0.0,0.0,0.0,0.0,12
2023-05-11 09:35:00,PK401P9100,PK401P9100,216.5,0.0,0.0,0.0,1,49.0,883.0,1,216.5,0.0,0.0,0.0,0.0,0.0,12
2023-05-11 09:35:00,PK401P9100,PK401P9100,216.5,0.0,0.0,0.0,10,49.5,882.5,10,216.5,0.0,0.0,0.0,0.0,0.0,12
2023-05-11 09:35:01,PK401P9100,PK401P9100,216.5,0.0,0.0,0.0,1,51.0,881.0,1,216.5,0.0,0.0,0.0,0.0,0.0,12
2023-05-11 09:35:01,PK401P9100,PK401P9100,216.5,0.0,0.0,0.0,10,51.5,880.5,10,216.5,0.0,0.0,0.0,0.0,0.0,12
2023-05-11 09:35:02,PK401P9100,PK401P9100,216.5,0.0,0.0,0.0,1,53.0,879.0,1,216.5,0.0,0.0,0.0,0.0,0.0,12
2023-05-11 09:35:02,PK401P9100,PK401P9100,216.5,0.0,0.0,0.0,10,53.5,878.5,10,216.5,0.0,0.0,0.0,0.0,0.0,12
2023-05-11 09:35:04,PK401P9100,PK401P9100,216.5,0.0,0.0,0.0,1,55.0,877.0,1,216.5,0.0,0.0,0.0,0.0,0.0,12
2023-05-11 09:35:04,PK401P9100,PK401P9100,216.5,0.0,0.0,0.0,10,55.5,876.5,10,216.5,0.0,0.0,0.0,0.0,0.0,12
2023-05-11 09:35:05,PK401P9100,PK401P9100,216.5,0.0,0.0,0.0,1,57.0,875.0,1,216.5,0.0,0.0,0.0,0.0,0.0,12
2023-05-11 09:35:49,PK401P9100,PK401P9100,216.5,0.0,0.0,0.0,10,57.5,874.5,10,216.5,0.0,0.0,0.0,0.0,0.0,12
2023-05-11 09:35:49,PK401P9100,PK401P9100,216.5,0.0,0.0,0.0,1,59.0,874.5,10,216.5,0.0,0.0,0.0,0.0,0.0,12
2023-05-11 09:35:50,PK401P9100,PK401P9100,216.5,0.0,0.0,0.0,10,59.5,874.5,10,216.5,0.0,0.0,0.0,0.0,0.0,12
2023-05-11 09:35:54,PK401P9100,PK401P9100,216.5,0.0,0.0,0.0,1,61.0,874.5,10,216.5,0.0,0.0,0.0,0.0,0.0,12
2023-05-11 09:35:55,PK401P9100,PK401P9100,216.5,0.0,0.0,0.0,10,61.5,874.5,10,216.5,0.0,0.0,0.0,0.0,0.0,12
2023-05-11 09:35:56,PK401P9100,PK401P9100,216.5,0.0,0.0,0.0,1,63.0,873.0,1,216.5,0.0,0.0,0.0,0.0,0.0,12
2023-05-11 09:35:57,PK401P9100,PK401P9100,216.5,0.0,0.0,0.0,10,63.5,872.5,10,216.5,0.0,0.0,0.0,0.0,0.0,12
2023-05-11 09:35:58,PK401P9100,PK401P9100,216.5,0.0,0.0,0.0,1,65.0,871.0,1,216.5,0.0,0.0,0.0,0.0,0.0,12
2023-05-11 09:35:59,PK401P9100,PK401P9100,216.5,0.0,0.0,0.0,10,65.5,870.5,10,216.5,0.0,0.0,0.0,0.0,0.0,12
2023-05-11 09:36:00,PK401P9100,PK401P9100,216.5,0.0,0.0,0.0,1,67.0,869.0,1,216.5,0.0,0.0,0.0,0.0,0.0,12
2023-05-11 09:36:33,PK401P9100,PK401P9100,216.5,0.0,0.0,0.0,10,67.5,868.5,10,216.5,0.0,0.0,0.0,0.0,0.0,12
2023-05-11 09:36:34,PK401P9100,PK401P9100,216.5,0.0,0.0,0.0,1,69.0,867.0,1,216.5,0.0,0.0,0.0,0.0,0.0,12
2023-05-11 09:36:36,PK401P9100,PK401P9100,216.5,0.0,0.0,0.0,10,69.5,866.5,10,216.5,0.0,0.0,0.0,0.0,0.0,12
2023-05-11 09:36:40,PK401P9100,PK401P9100,216.5,0.0,0.0,0.0,1,71.0,865.0,1,216.5,0.0,0.0,0.0,0.0,0.0,12
2023-05-11 09:36:40,PK401P9100,PK401P9100,216.5,0.0,0.0,0.0,10,71.5,864.5,10,216.5,0.0,0.0,0.0,0.0,0.0,12
2023-05-11 09:36:41,PK401P9100,PK401P9100,216.5,0.0,0.0,0.0,1,73.0,863.0,1,216.5,0.0,0.0,0.0,0.0,0.0,12
2023-05-11 09:36:42,PK401P9100,PK401P9100,216.5,0.0,0.0,0.0,10,73.5,862.5,10,216.5,0.0,0.0,0.0,0.0,0.0,12
2023-05-11 09:36:42,PK401P9100,PK401P9100,216.5,0.0,0.0,0.0,1,75.0,861.0,1,216.5,0.0,0.0,0.0,0.0,0.0,12
2023-05-11 09:36:43,PK401P9100,PK401P9100,216.5,0.0,0.0,0.0,10,75.5,860.5,10,216.5,0.0,0.0,0.0,0.0,0.0,12
2023-05-11 09:36:45,PK401P9100,PK401P9100,216.5,0.0,0.0,0.0,1,77.0,859.0,1,216.5,0.0,0.0,0.0,0.0,0.0,12
2023-05-11 09:36:46,PK401P9100,PK401P9100,216.5,0.0,0.0,0.0,10,77.5,858.5,10,216.5,0.0,0.0,0.0,0.0,0.0,12
2023-05-11 09:36:46,PK401P9100,PK401P9100,216.5,0.0,0.0,0.0,1,79.0,857.0,1,216.5,0.0,0.0,0.0,0.0,0.0,12
2023-05-11 09:36:47,PK401P9100,PK401P9100,216.5,0.0,0.0,0.0,10,79.5,856.5,10,216.5,0.0,0.0,0.0,0.0,0.0,12
2023-05-11 09:36:47,PK401P9100,PK401P9100,216.5,0.0,0.0,0.0,1,81.0,855.0,1,216.5,0.0,0.0,0.0,0.0,0.0,12
2023-05-11 09:38:22,PK401P9100,PK401P9100,216.5,0.0,0.0,0.0,10,81.5,854.5,10,216.5,0.0,0.0,0.0,0.0,0.0,12
2023-05-11 09:38:22,PK401P9100,PK401P9100,216.5,0.0,0.0,0.0,1,83.0,853.0,1,216.5,0.0,0.0,0.0,0.0,0.0,12
2023-05-11 09:38:44,PK401P9100,PK401P9100,216.5,0.0,0.0,0.0,10,83.5,852.5,10,216.5,0.0,0.0,0.0,0.0,0.0,12
2023-05-11 09:38:44,PK401P9100,PK401P9100,216.5,0.0,0.0,0.0,1,85.0,851.0,1,216.5,0.0,0.0,0.0,0.0,0.0,12
2023-05-11 09:38:45,PK401P9100,PK401P9100,216.5,0.0,0.0,0.0,10,85.5,850.5,10,216.5,0.0,0.0,0.0,0.0,0.0,12
2023-05-11 09:38:47,PK401P9100,PK401P9100,216.5,0.0,0.0,0.0,1,87.0,849.0,1,216.5,0.0,0.0,0.0,0.0,0.0,12
2023-05-11 09:38:48,PK401P9100,PK401P9100,216.5,0.0,0.0,0.0,10,87.5,848.5,10,216.5,0.0,0.0,0.0,0.0,0.0,12
2023-05-11 09:38:48,PK401P9100,PK401P9100,216.5,0.0,0.0,0.0,1,89.0,848.5,10,216.5,0.0,0.0,0.0,0.0,0.0,12
2023-05-11 09:38:50,PK401P9100,PK401P9100,216.5,0.0,0.0,0.0,1,89.0,847.0,1,216.5,0.0,0.0,0.0,0.0,0.0,12
2023-05-11 09:38:51,PK401P9100,PK401P9100,216.5,0.0,0.0,0.0,10,89.5,846.5,10,216.5,0.0,0.0,0.0,0.0,0.0,12
2023-05-11 09:38:51,PK401P9100,PK401P9100,216.5,0.0,0.0,0.0,1,91.0,845.0,1,216.5,0.0,0.0,0.0,0.0,0.0,12
2023-05-11 09:39:31,PK401P9100,PK401P9100,216.5,0.0,0.0,0.0,10,91.5,844.5,10,216.5,0.0,0.0,0.0,0.0,0.0,12
2023-05-11 09:39:32,PK401P9100,PK401P9100,216.5,0.0,0.0,0.0,1,93.0,843.0,1,216.5,0.0,0.0,0.0,0.0,0.0,12
2023-05-11 09:39:36,PK401P9100,PK401P9100,216.5,0.0,0.0,0.0,10,93.5,842.5,10,216.5,0.0,0.0,0.0,0.0,0.0,12
2023-05-11 09:39:37,PK401P9100,PK401P9100,216.5,0.0,0.0,0.0,1,95.0,841.0,1,216.5,0.0,0.0,0.0,0.0,0.0,12
2023-05-11 09:39:38,PK401P9100,PK401P9100,216.5,0.0,0.0,0.0,10,95.5,840.5,10,216.5,0.0,0.0,0.0,0.0,0.0,12
2023-05-11 09:39:38,PK401P9100,PK401P9100,216.5,0.0,0.0,0.0,1,97.0,839.0,1,216.5,0.0,0.0,0.0,0.0,0.0,12
2023-05-11 09:40:29,PK401P9100,PK401P9100,216.5,0.0,0.0,0.0,10,97.5,838.5,10,216.5,0.0,0.0,0.0,0.0,0.0,12
2023-05-11 09:40:30,PK401P9100,PK401P9100,216.5,0.0,0.0,0.0,10,97.5,837.0,1,216.5,0.0,0.0,0.0,0.0,0.0,12
2023-05-11 09:40:30,PK401P9100,PK401P9100,216.5,0.0,0.0,0.0,10,97.5,836.5,10,216.5,0.0,0.0,0.0,0.0,0.0,12
2023-05-11 09:40:33,PK401P9100,PK401P9100,216.5,0.0,0.0,0.0,10,97.5,835.0,1,216.5,0.0,0.0,0.0,0.0,0.0,12
2023-05-11 09:40:33,PK401P9100,PK401P9100,216.5,0.0,0.0,0.0,10,97.5,834.5,10,216.5,0.0,0.0,0.0,0.0,0.0,12
2023-05-11 09:40:34,PK401P9100,PK401P9100,216.5,0.0,0.0,0.0,10,97.5,833.0,1,216.5,0.0,0.0,0.0,0.0,0.0,12
2023-05-11 09:40:34,PK401P9100,PK401P9100,216.5,0.0,0.0,0.0,10,97.5,832.5,10,216.5,0.0,0.0,0.0,0.0,0.0,12
2023-05-11 09:40:36,PK401P9100,PK401P9100,216.5,0.0,0.0,0.0,10,97.5,831.0,1,216.5,0.0,0.0,0.0,0.0,0.0,12
2023-05-11 09:41:18,PK401P9100,PK401P9100,216.5,0.0,0.0,0.0,10,97.5,830.5,10,216.5,0.0,0.0,0.0,0.0,0.0,12
2023-05-11 09:41:18,PK401P9100,PK401P9100,216.5,0.0,0.0,0.0,1,99.0,829.0,1,216.5,0.0,0.0,0.0,0.0,0.0,12
2023-05-11 09:41:19,PK401P9100,PK401P9100,216.5,0.0,0.0,0.0,10,99.5,828.5,10,216.5,0.0,0.0,0.0,0.0,0.0,12
2023-05-11 09:41:20,PK401P9100,PK401P9100,216.5,0.0,0.0,0.0,10,99.5,827.0,1,216.5,0.0,0.0,0.0,0.0,0.0,12
2023-05-11 09:41:21,PK401P9100,PK401P9100,216.5,0.0,0.0,0.0,10,99.5,826.5,10,216.5,0.0,0.0,0.0,0.0,0.0,12
2023-05-11 09:41:22,PK401P9100,PK401P9100,216.5,0.0,0.0,0.0,10,99.5,825.0,1,216.5,0.0,0.0,0.0,0.0,0.0,12
2023-05-11 09:41:44,PK401P9100,PK401P9100,216.5,0.0,0.0,0.0,10,99.5,824.5,10,216.5,0.0,0.0,0.0,0.0,0.0,12
2023-05-11 09:41:44,PK401P9100,PK401P9100,216.5,0.0,0.0,0.0,10,99.5,823.0,1,216.5,0.0,0.0,0.0,0.0,0.0,12
2023-05-11 09:41:44,PK401P9100,PK401P9100,216.5,0.0,0.0,0.0,10,99.5,822.5,10,216.5,0.0,0.0,0.0,0.0,0.0,12
2023-05-11 09:41:47,PK401P9100,PK401P9100,216.5,0.0,0.0,0.0,10,99.5,821.0,1,216.5,0.0,0.0,0.0,0.0,0.0,12
2023-05-11 09:41:48,PK401P9100,PK401P9100,216.5,0.0,0.0,0.0,10,99.5,820.5,10,216.5,0.0,0.0,0.0,0.0,0.0,12
2023-05-11 09:41:48,PK401P9100,PK401P9100,216.5,0.0,0.0,0.0,10,99.5,819.0,1,216.5,0.0,0.0,0.0,0.0,0.0,12
2023-05-11 09:41:48,PK401P9100,PK401P9100,216.5,0.0,0.0,0.0,10,99.5,818.5,10,216.5,0.0,0.0,0.0,0.0,0.0,12
2023-05-11 09:41:51,PK401P9100,PK401P9100,216.5,0.0,0.0,0.0,10,99.5,817.0,1,216.5,0.0,0.0,0.0,0.0,0.0,12
2023-05-11 09:41:51,PK401P9100,PK401P9100,216.5,0.0,0.0,0.0,10,99.5,816.5,10,216.5,0.0,0.0,0.0,0.0,0.0,12
2023-05-11 09:41:52,PK401P9100,PK401P9100,216.5,0.0,0.0,0.0,10,99.5,815.0,1,216.5,0.0,0.0,0.0,0.0,0.0,12
2023-05-11 09:41:52,PK401P9100,PK401P9100,216.5,0.0,0.0,0.0,10,99.5,814.5,10,216.5,0.0,0.0,0.0,0.0,0.0,12
2023-05-11 09:41:54,PK401P9100,PK401P9100,216.5,0.0,0.0,0.0,10,99.5,813.0,1,216.5,0.0,0.0,0.0,0.0,0.0,12
2023-05-11 09:41:54,PK401P9100,PK401P9100,216.5,0.0,0.0,0.0,10,99.5,812.5,10,216.5,0.0,0.0,0.0,0.0,0.0,12
2023-05-11 09:41:56,PK401P9100,PK401P9100,216.5,0.0,0.0,0.0,10,99.5,811.0,1,216.5,0.0,0.0,0.0,0.0,0.0,12
2023-05-11 09:41:57,PK401P9100,PK401P9100,216.5,0.0,0.0,0.0,10,99.5,810.5,10,216.5,0.0,0.0,0.0,0.0,0.0,12
2023-05-11 09:41:57,PK401P9100,PK401P9100,216.5,0.0,0.0,0.0,10,99.5,809.0,1,216.5,0.0,0.0,0.0,0.0,0.0,12
2023-05-11 09:41:57,PK401P9100,PK401P9100,216.5,0.0,0.0,0.0,10,99.5,808.5,10,216.5,0.0,0.0,0.0,0.0,0.0,12
2023-05-11 09:41:58,PK401P9100,PK401P9100,216.5,0.0,0.0,0.0,10,99.5,807.0,1,216.5,0.0,0.0,0.0,0.0,0.0,12
2023-05-11 09:41:58,PK401P9100,PK401P9100,216.5,0.0,0.0,0.0,10,99.5,806.5,10,216.5,0.0,0.0,0.0,0.0,0.0,12
2023-05-11 09:41:59,PK401P9100,PK401P9100,216.5,0.0,0.0,0.0,10,99.5,805.0,1,216.5,0.0,0.0,0.0,0.0,0.0,12
2023-05-11 09:41:59,PK401P9100,PK401P9100,216.5,0.0,0.0,0.0,10,99.5,804.5,10,216.5,0.0,0.0,0.0,0.0,0.0,12
2023-05-11 09:42:00,PK401P9100,PK401P9100,216.5,0.0,0.0,0.0,10,99.5,803.0,1,216.5,0.0,0.0,0.0,0.0,0.0,12
2023-05-11 09:42:00,PK401P9100,PK401P9100,216.5,0.0,0.0,0.0,10,99.5,802.5,10,216.5,0.0,0.0,0.0,0.0,0.0,12
2023-05-11 09:42:01,PK401P9100,PK401P9100,216.5,0.0,0.0,0.0,10,99.5,801.0,1,216.5,0.0,0.0,0.0,0.0,0.0,12
2023-05-11 09:42:01,PK401P9100,PK401P9100,216.5,0.0,0.0,0.0,10,99.5,800.5,10,216.5,0.0,0.0,0.0,0.0,0.0,12
2023-05-11 09:42:04,PK401P9100,PK401P9100,216.5,0.0,0.0,0.0,10,99.5,799.0,1,216.5,0.0,0.0,0.0,0.0,0.0,12
2023-05-11 09:42:04,PK401P9100,PK401P9100,216.5,0.0,0.0,0.0,10,99.5,798.5,10,216.5,0.0,0.0,0.0,0.0,0.0,12
2023-05-11 09:42:05,PK401P9100,PK401P9100,216.5,0.0,0.0,0.0,10,99.5,797.0,1,216.5,0.0,0.0,0.0,0.0,0.0,12
2023-05-11 09:42:05,PK401P9100,PK401P9100,216.5,0.0,0.0,0.0,10,99.5,796.5,10,216.5,0.0,0.0,0.0,0.0,0.0,12
2023-05-11 09:42:06,PK401P9100,PK401P9100,216.5,0.0,0.0,0.0,10,99.5,795.0,1,216.5,0.0,0.0,0.0,0.0,0.0,12
2023-05-11 09:42:07,PK401P9100,PK401P9100,216.5,0.0,0.0,0.0,10,99.5,794.5,10,216.5,0.0,0.0,0.0,0.0,0.0,12
2023-05-11 09:42:07,PK401P9100,PK401P9100,216.5,0.0,0.0,0.0,10,99.5,793.0,1,216.5,0.0,0.0,0.0,0.0,0.0,12
2023-05-11 09:42:07,PK401P9100,PK401P9100,216.5,0.0,0.0,0.0,10,99.5,792.5,10,216.5,0.0,0.0,0.0,0.0,0.0,12
2023-05-11 09:42:08,PK401P9100,PK401P9100,216.5,0.0,0.0,0.0,10,99.5,791.0,1,216.5,0.0,0.0,0.0,0.0,0.0,12
2023-05-11 09:42:08,PK401P9100,PK401P9100,216.5,0.0,0.0,0.0,10,99.5,790.5,10,216.5,0.0,0.0,0.0,0.0,0.0,12
2023-05-11 09:42:09,PK401P9100,PK401P9100,216.5,0.0,0.0,0.0,10,99.5,789.0,1,216.5,0.0,0.0,0.0,0.0,0.0,12
2023-05-11 09:42:10,PK401P9100,PK401P9100,216.5,0.0,0.0,0.0,10,99.5,788.5,10,216.5,0.0,0.0,0.0,0.0,0.0,12
2023-05-11 09:42:10,PK401P9100,PK401P9100,216.5,0.0,0.0,0.0,10,99.5,787.0,1,216.5,0.0,0.0,0.0,0.0,0.0,12
2023-05-11 09:42:11,PK401P9100,PK401P9100,216.5,0.0,0.0,0.0,10,99.5,786.5,10,216.5,0.0,0.0,0.0,0.0,0.0,12
2023-05-11 09:42:12,PK401P9100,PK401P9100,216.5,0.0,0.0,0.0,10,99.5,785.0,1,216.5,0.0,0.0,0.0,0.0,0.0,12
2023-05-11 09:42:12,PK401P9100,PK401P9100,216.5,0.0,0.0,0.0,10,99.5,784.5,10,216.5,0.0,0.0,0.0,0.0,0.0,12
2023-05-11 09:42:13,PK401P9100,PK401P9100,216.5,0.0,0.0,0.0,10,99.5,783.0,1,216.5,0.0,0.0,0.0,0.0,0.0,12
2023-05-11 09:42:13,PK401P9100,PK401P9100,216.5,0.0,0.0,0.0,10,99.5,782.5,10,216.5,0.0,0.0,0.0,0.0,0.0,12
2023-05-11 09:42:14,PK401P9100,PK401P9100,216.5,0.0,0.0,0.0,10,99.5,781.0,1,216.5,0.0,0.0,0.0,0.0,0.0,12
2023-05-11 09:42:14,PK401P9100,PK401P9100,216.5,0.0,0.0,0.0,10,99.5,780.5,10,216.5,0.0,0.0,0.0,0.0,0.0,12
2023-05-11 09:42:15,PK401P9100,PK401P9100,216.5,0.0,0.0,0.0,10,99.5,779.0,1,216.5,0.0,0.0,0.0,0.0,0.0,12
2023-05-11 09:42:15,PK401P9100,PK401P9100,216.5,0.0,0.0,0.0,10,99.5,778.5,10,216.5,0.0,0.0,0.0,0.0,0.0,12
2023-05-11 09:42:16,PK401P9100,PK401P9100,216.5,0.0,0.0,0.0,10,99.5,777.0,1,216.5,0.0,0.0,0.0,0.0,0.0,12
2023-05-11 09:42:17,PK401P9100,PK401P9100,216.5,0.0,0.0,0.0,10,99.5,776.5,10,216.5,0.0,0.0,0.0,0.0,0.0,12
2023-05-11 09:42:17,PK401P9100,PK401P9100,216.5,0.0,0.0,0.0,10,99.5,775.0,1,216.5,0.0,0.0,0.0,0.0,0.0,12
2023-05-11 09:42:18,PK401P9100,PK401P9100,216.5,0.0,0.0,0.0,10,99.5,774.5,10,216.5,0.0,0.0,0.0,0.0,0.0,12
2023-05-11 09:42:18,PK401P9100,PK401P9100,216.5,0.0,0.0,0.0,10,99.5,773.0,1,216.5,0.0,0.0,0.0,0.0,0.0,12
2023-05-11 09:42:19,PK401P9100,PK401P9100,216.5,0.0,0.0,0.0,10,99.5,772.5,10,216.5,0.0,0.0,0.0,0.0,0.0,12
2023-05-11 09:42:19,PK401P9100,PK401P9100,216.5,0.0,0.0,0.0,10,99.5,771.0,1,216.5,0.0,0.0,0.0,0.0,0.0,12
2023-05-11 09:42:20,PK401P9100,PK401P9100,216.5,0.0,0.0,0.0,10,99.5,770.5,10,216.5,0.0,0.0,0.0,0.0,0.0,12
2023-05-11 09:42:20,PK401P9100,PK401P9100,216.5,0.0,0.0,0.0,10,99.5,769.0,1,216.5,0.0,0.0,0.0,0.0,0.0,12
2023-05-11 09:43:37,PK401P9100,PK401P9100,216.5,0.0,0.0,0.0,10,99.5,768.5,10,216.5,0.0,0.0,0.0,0.0,0.0,12
2023-05-11 09:43:38,PK401P9100,PK401P9100,216.5,0.0,0.0,0.0,1,101.0,767.0,1,216.5,0.0,0.0,0.0,0.0,0.0,12
2023-05-11 09:43:38,PK401P9100,PK401P9100,216.5,0.0,0.0,0.0,10,101.5,766.5,10,216.5,0.0,0.0,0.0,0.0,0.0,12
2023-05-11 09:43:43,PK401P9100,PK401P9100,216.5,0.0,0.0,0.0,10,101.5,765.0,1,216.5,0.0,0.0,0.0,0.0,0.0,12
2023-05-11 09:43:43,PK401P9100,PK401P9100,216.5,0.0,0.0,0.0,10,101.5,764.5,10,216.5,0.0,0.0,0.0,0.0,0.0,12
2023-05-11 09:43:49,PK401P9100,PK401P9100,216.5,0.0,0.0,0.0,10,101.5,763.0,1,216.5,0.0,0.0,0.0,0.0,0.0,12
2023-05-11 09:43:49,PK401P9100,PK401P9100,216.5,0.0,0.0,0.0,10,101.5,762.5,10,216.5,0.0,0.0,0.0,0.0,0.0,12
2023-05-11 09:43:50,PK401P9100,PK401P9100,216.5,0.0,0.0,0.0,10,101.5,761.0,1,216.5,0.0,0.0,0.0,0.0,0.0,12
2023-05-11 09:43:50,PK401P9100,PK401P9100,216.5,0.0,0.0,0.0,10,101.5,760.5,10,216.5,0.0,0.0,0.0,0.0,0.0,12
2023-05-11 09:43:51,PK401P9100,PK401P9100,216.5,0.0,0.0,0.0,10,101.5,759.0,1,216.5,0.0,0.0,0.0,0.0,0.0,12
2023-05-11 09:43:51,PK401P9100,PK401P9100,216.5,0.0,0.0,0.0,10,101.5,758.5,10,216.5,0.0,0.0,0.0,0.0,0.0,12
2023-05-11 09:43:53,PK401P9100,PK401P9100,216.5,0.0,0.0,0.0,10,101.5,757.0,1,216.5,0.0,0.0,0.0,0.0,0.0,12
2023-05-11 09:43:53,PK401P9100,PK401P9100,216.5,0.0,0.0,0.0,10,101.5,756.5,10,216.5,0.0,0.0,0.0,0.0,0.0,12
2023-05-11 09:43:55,PK401P9100,PK401P9100,216.5,0.0,0.0,0.0,10,101.5,755.0,1,216.5,0.0,0.0,0.0,0.0,0.0,12
2023-05-11 09:43:55,PK401P9100,PK401P9100,216.5,0.0,0.0,0.0,10,101.5,754.5,10,216.5,0.0,0.0,0.0,0.0,0.0,12
2023-05-11 09:43:56,PK401P9100,PK401P9100,216.5,0.0,0.0,0.0,1,103.0,753.0,1,216.5,0.0,0.0,0.0,0.0,0.0,12
2023-05-11 09:43:56,PK401P9100,PK401P9100,216.5,0.0,0.0,0.0,10,103.5,752.5,10,216.5,0.0,0.0,0.0,0.0,0.0,12
2023-05-11 09:43:57,PK401P9100,PK401P9100,216.5,0.0,0.0,0.0,1,105.0,751.0,1,216.5,0.0,0.0,0.0,0.0,0.0,12
2023-05-11 09:43:57,PK401P9100,PK401P9100,216.5,0.0,0.0,0.0,10,105.5,750.5,10,216.5,0.0,0.0,0.0,0.0,0.0,12
2023-05-11 09:43:58,PK401P9100,PK401P9100,216.5,0.0,0.0,0.0,10,105.5,749.0,1,216.5,0.0,0.0,0.0,0.0,0.0,12
2023-05-11 09:43:59,PK401P9100,PK401P9100,216.5,0.0,0.0,0.0,10,105.5,748.5,10,216.5,0.0,0.0,0.0,0.0,0.0,12
2023-05-11 09:44:01,PK401P9100,PK401P9100,216.5,0.0,0.0,0.0,10,105.5,747.0,1,216.5,0.0,0.0,0.0,0.0,0.0,12
2023-05-11 09:44:01,PK401P9100,PK401P9100,216.5,0.0,0.0,0.0,10,105.5,746.5,10,216.5,0.0,0.0,0.0,0.0,0.0,12
2023-05-11 09:44:02,PK401P9100,PK401P9100,216.5,0.0,0.0,0.0,10,105.5,745.0,1,216.5,0.0,0.0,0.0,0.0,0.0,12
2023-05-11 09:44:02,PK401P9100,PK401P9100,216.5,0.0,0.0,0.0,10,105.5,744.5,10,216.5,0.0,0.0,0.0,0.0,0.0,12
2023-05-11 09:44:03,PK401P9100,PK401P9100,216.5,0.0,0.0,0.0,10,105.5,743.0,1,216.5,0.0,0.0,0.0,0.0,0.0,12
2023-05-11 09:44:03,PK401P9100,PK401P9100,216.5,0.0,0.0,0.0,10,105.5,742.5,10,216.5,0.0,0.0,0.0,0.0,0.0,12
2023-05-11 09:44:05,PK401P9100,PK401P9100,216.5,0.0,0.0,0.0,10,105.5,741.0,1,216.5,0.0,0.0,0.0,0.0,0.0,12
2023-05-11 09:44:05,PK401P9100,PK401P9100,216.5,0.0,0.0,0.0,10,105.5,740.5,10,216.5,0.0,0.0,0.0,0.0,0.0,12
2023-05-11 09:44:06,PK401P9100,PK401P9100,216.5,0.0,0.0,0.0,10,105.5,739.0,1,216.5,0.0,0.0,0.0,0.0,0.0,12
2023-05-11 09:44:06,PK401P9100,PK401P9100,216.5,0.0,0.0,0.0,10,105.5,738.5,10,216.5,0.0,0.0,0.0,0.0,0.0,12
2023-05-11 09:44:08,PK401P9100,PK401P9100,216.5,0.0,0.0,0.0,10,105.5,737.0,1,216.5,0.0,0.0,0.0,0.0,0.0,12
2023-05-11 09:44:08,PK401P9100,PK401P9100,216.5,0.0,0.0,0.0,10,105.5,736.5,10,216.5,0.0,0.0,0.0,0.0,0.0,12
2023-05-11 09:44:09,PK401P9100,PK401P9100,216.5,0.0,0.0,0.0,10,105.5,735.0,1,216.5,0.0,0.0,0.0,0.0,0.0,12
2023-05-11 09:44:09,PK401P9100,PK401P9100,216.5,0.0,0.0,0.0,10,105.5,734.5,10,216.5,0.0,0.0,0.0,0.0,0.0,12
2023-05-11 09:44:10,PK401P9100,PK401P9100,216.5,0.0,0.0,0.0,10,105.5,733.0,1,216.5,0.0,0.0,0.0,0.0,0.0,12
2023-05-11 09:44:10,PK401P9100,PK401P9100,216.5,0.0,0.0,0.0,10,105.5,732.5,10,216.5,0.0,0.0,0.0,0.0,0.0,12
2023-05-11 09:44:10,PK401P9100,PK401P9100,216.5,0.0,0.0,0.0,10,105.5,731.0,1,216.5,0.0,0.0,0.0,0.0,0.0,12
2023-05-11 09:44:11,PK401P9100,PK401P9100,216.5,0.0,0.0,0.0,10,105.5,730.5,10,216.5,0.0,0.0,0.0,0.0,0.0,12
2023-05-11 09:44:12,PK401P9100,PK401P9100,216.5,0.0,0.0,0.0,10,105.5,729.0,1,216.5,0.0,0.0,0.0,0.0,0.0,12
2023-05-11 09:44:12,PK401P9100,PK401P9100,216.5,0.0,0.0,0.0,10,105.5,728.5,10,216.5,0.0,0.0,0.0,0.0,0.0,12
2023-05-11 09:44:12,PK401P9100,PK401P9100,216.5,0.0,0.0,0.0,10,105.5,727.0,1,216.5,0.0,0.0,0.0,0.0,0.0,12
2023-05-11 09:44:13,PK401P9100,PK401P9100,216.5,0.0,0.0,0.0,10,105.5,726.5,10,216.5,0.0,0.0,0.0,0.0,0.0,12
2023-05-11 09:44:14,PK401P9100,PK401P9100,216.5,0.0,0.0,0.0,10,105.5,725.0,1,216.5,0.0,0.0,0.0,0.0,0.0,12
2023-05-11 09:44:14,PK401P9100,PK401P9100,216.5,0.0,0.0,0.0,10,105.5,724.5,10,216.5,0.0,0.0,0.0,0.0,0.0,12
2023-05-11 09:44:15,PK401P9100,PK401P9100,216.5,0.0,0.0,0.0,10,105.5,723.0,1,216.5,0.0,0.0,0.0,0.0,0.0,12
2023-05-11 09:44:15,PK401P9100,PK401P9100,216.5,0.0,0.0,0.0,10,105.5,722.5,10,216.5,0.0,0.0,0.0,0.0,0.0,12
2023-05-11 09:44:16,PK401P9100,PK401P9100,216.5,0.0,0.0,0.0,10,105.5,721.0,1,216.5,0.0,0.0,0.0,0.0,0.0,12
2023-05-11 09:44:16,PK401P9100,PK401P9100,216.5,0.0,0.0,0.0,10,105.5,720.5,10,216.5,0.0,0.0,0.0,0.0,0.0,12
2023-05-11 09:44:18,PK401P9100,PK401P9100,216.5,0.0,0.0,0.0,10,105.5,719.0,1,216.5,0.0,0.0,0.0,0.0,0.0,12
2023-05-11 09:44:18,PK401P9100,PK401P9100,216.5,0.0,0.0,0.0,10,105.5,718.5,10,216.5,0.0,0.0,0.0,0.0,0.0,12
2023-05-11 09:44:20,PK401P9100,PK401P9100,216.5,0.0,0.0,0.0,10,105.5,717.0,1,216.5,0.0,0.0,0.0,0.0,0.0,12
2023-05-11 09:44:20,PK401P9100,PK401P9100,216.5,0.0,0.0,0.0,10,105.5,716.5,10,216.5,0.0,0.0,0.0,0.0,0.0,12
2023-05-11 09:44:20,PK401P9100,PK401P9100,216.5,0.0,0.0,0.0,10,105.5,715.0,1,216.5,0.0,0.0,0.0,0.0,0.0,12
2023-05-11 09:44:21,PK401P9100,PK401P9100,216.5,0.0,0.0,0.0,10,105.5,714.5,10,216.5,0.0,0.0,0.0,0.0,0.0,12
2023-05-11 09:44:22,PK401P9100,PK401P9100,216.5,0.0,0.0,0.0,10,105.5,713.0,1,216.5,0.0,0.0,0.0,0.0,0.0,12
2023-05-11 09:44:22,PK401P9100,PK401P9100,216.5,0.0,0.0,0.0,10,105.5,712.5,10,216.5,0.0,0.0,0.0,0.0,0.0,12
2023-05-11 09:44:23,PK401P9100,PK401P9100,216.5,0.0,0.0,0.0,10,105.5,711.0,1,216.5,0.0,0.0,0.0,0.0,0.0,12
2023-05-11 09:44:23,PK401P9100,PK401P9100,216.5,0.0,0.0,0.0,10,105.5,710.5,10,216.5,0.0,0.0,0.0,0.0,0.0,12
2023-05-11 09:44:23,PK401P9100,PK401P9100,216.5,0.0,0.0,0.0,10,105.5,709.0,1,216.5,0.0,0.0,0.0,0.0,0.0,12
2023-05-11 09:44:24,PK401P9100,PK401P9100,216.5,0.0,0.0,0.0,10,105.5,708.5,10,216.5,0.0,0.0,0.0,0.0,0.0,12
2023-05-11 09:44:24,PK401P9100,PK401P9100,216.5,0.0,0.0,0.0,10,105.5,707.0,1,216.5,0.0,0.0,0.0,0.0,0.0,12
2023-05-11 09:44:24,PK401P9100,PK401P9100,216.5,0.0,0.0,0.0,10,105.5,708.5,10,216.5,0.0,0.0,0.0,0.0,0.0,12
2023-05-11 09:44:25,PK401P9100,PK401P9100,216.5,0.0,0.0,0.0,10,105.5,706.5,10,216.5,0.0,0.0,0.0,0.0,0.0,12
2023-05-11 09:44:25,PK401P9100,PK401P9100,216.5,0.0,0.0,0.0,10,105.5,705.0,1,216.5,0.0,0.0,0.0,0.0,0.0,12
2023-05-11 09:44:25,PK401P9100,PK401P9100,216.5,0.0,0.0,0.0,10,105.5,706.5,10,216.5,0.0,0.0,0.0,0.0,0.0,12
2023-05-11 09:44:25,PK401P9100,PK401P9100,216.5,0.0,0.0,0.0,10,105.5,705.0,1,216.5,0.0,0.0,0.0,0.0,0.0,12
2023-05-11 09:44:26,PK401P9100,PK401P9100,216.5,0.0,0.0,0.0,10,105.5,704.5,10,216.5,0.0,0.0,0.0,0.0,0.0,12
2023-05-11 09:44:26,PK401P9100,PK401P9100,216.5,0.0,0.0,0.0,10,105.5,703.0,1,216.5,0.0,0.0,0.0,0.0,0.0,12
2023-05-11 09:44:27,PK401P9100,PK401P9100,216.5,0.0,0.0,0.0,10,105.5,702.5,10,216.5,0.0,0.0,0.0,0.0,0.0,12
2023-05-11 09:44:27,PK401P9100,PK401P9100,216.5,0.0,0.0,0.0,10,105.5,701.0,1,216.5,0.0,0.0,0.0,0.0,0.0,12
2023-05-11 09:44:28,PK401P9100,PK401P9100,216.5,0.0,0.0,0.0,10,105.5,700.5,10,216.5,0.0,0.0,0.0,0.0,0.0,12
2023-05-11 09:44:29,PK401P9100,PK401P9100,216.5,0.0,0.0,0.0,10,105.5,699.0,1,216.5,0.0,0.0,0.0,0.0,0.0,12
2023-05-11 09:44:29,PK401P9100,PK401P9100,216.5,0.0,0.0,0.0,10,105.5,698.5,10,216.5,0.0,0.0,0.0,0.0,0.0,12
2023-05-11 09:44:30,PK401P9100,PK401P9100,216.5,0.0,0.0,0.0,10,105.5,697.0,1,216.5,0.0,0.0,0.0,0.0,0.0,12
2023-05-11 09:44:30,PK401P9100,PK401P9100,216.5,0.0,0.0,0.0,10,105.5,696.5,10,216.5,0.0,0.0,0.0,0.0,0.0,12
2023-05-11 09:44:31,PK401P9100,PK401P9100,216.5,0.0,0.0,0.0,10,105.5,695.0,1,216.5,0.0,0.0,0.0,0.0,0.0,12
2023-05-11 09:44:31,PK401P9100,PK401P9100,216.5,0.0,0.0,0.0,10,105.5,694.5,10,216.5,0.0,0.0,0.0,0.0,0.0,12
2023-05-11 09:44:33,PK401P9100,PK401P9100,216.5,0.0,0.0,0.0,10,105.5,693.0,1,216.5,0.0,0.0,0.0,0.0,0.0,12
2023-05-11 09:44:33,PK401P9100,PK401P9100,216.5,0.0,0.0,0.0,10,105.5,692.5,10,216.5,0.0,0.0,0.0,0.0,0.0,12
2023-05-11 09:44:34,PK401P9100,PK401P9100,216.5,0.0,0.0,0.0,10,105.5,691.0,1,216.5,0.0,0.0,0.0,0.0,0.0,12
2023-05-11 09:44:34,PK401P9100,PK401P9100,216.5,0.0,0.0,0.0,10,105.5,690.5,10,216.5,0.0,0.0,0.0,0.0,0.0,12
2023-05-11 09:44:35,PK401P9100,PK401P9100,216.5,0.0,0.0,0.0,10,105.5,689.0,1,216.5,0.0,0.0,0.0,0.0,0.0,12
2023-05-11 09:44:35,PK401P9100,PK401P9100,216.5,0.0,0.0,0.0,10,105.5,688.5,10,216.5,0.0,0.0,0.0,0.0,0.0,12
2023-05-11 09:44:36,PK401P9100,PK401P9100,216.5,0.0,0.0,0.0,10,105.5,687.0,1,216.5,0.0,0.0,0.0,0.0,0.0,12
2023-05-11 09:44:36,PK401P9100,PK401P9100,216.5,0.0,0.0,0.0,10,105.5,686.5,10,216.5,0.0,0.0,0.0,0.0,0.0,12
2023-05-11 09:44:37,PK401P9100,PK401P9100,216.5,0.0,0.0,0.0,10,105.5,685.0,1,216.5,0.0,0.0,0.0,0.0,0.0,12
2023-05-11 09:44:37,PK401P9100,PK401P9100,216.5,0.0,0.0,0.0,10,105.5,684.5,10,216.5,0.0,0.0,0.0,0.0,0.0,12
2023-05-11 09:44:38,PK401P9100,PK401P9100,216.5,0.0,0.0,0.0,10,105.5,683.0,1,216.5,0.0,0.0,0.0,0.0,0.0,12
2023-05-11 09:44:38,PK401P9100,PK401P9100,216.5,0.0,0.0,0.0,10,105.5,682.5,10,216.5,0.0,0.0,0.0,0.0,0.0,12
2023-05-11 09:44:38,PK401P9100,PK401P9100,216.5,0.0,0.0,0.0,10,105.5,681.0,1,216.5,0.0,0.0,0.0,0.0,0.0,12
2023-05-11 09:44:39,PK401P9100,PK401P9100,216.5,0.0,0.0,0.0,10,105.5,680.5,10,216.5,0.0,0.0,0.0,0.0,0.0,12
2023-05-11 09:44:39,PK401P9100,PK401P9100,216.5,0.0,0.0,0.0,10,105.5,679.0,1,216.5,0.0,0.0,0.0,0.0,0.0,12
2023-05-11 09:44:40,PK401P9100,PK401P9100,216.5,0.0,0.0,0.0,10,105.5,678.5,10,216.5,0.0,0.0,0.0,0.0,0.0,12
2023-05-11 09:44:41,PK401P9100,PK401P9100,216.5,0.0,0.0,0.0,10,105.5,677.0,1,216.5,0.0,0.0,0.0,0.0,0.0,12
2023-05-11 09:44:41,PK401P9100,PK401P9100,216.5,0.0,0.0,0.0,10,105.5,676.5,10,216.5,0.0,0.0,0.0,0.0,0.0,12
2023-05-11 09:44:42,PK401P9100,PK401P9100,216.5,0.0,0.0,0.0,10,105.5,675.0,1,216.5,0.0,0.0,0.0,0.0,0.0,12
2023-05-11 09:44:42,PK401P9100,PK401P9100,216.5,0.0,0.0,0.0,10,105.5,674.5,10,216.5,0.0,0.0,0.0,0.0,0.0,12
2023-05-11 09:44:42,PK401P9100,PK401P9100,216.5,0.0,0.0,0.0,10,105.5,673.0,1,216.5,0.0,0.0,0.0,0.0,0.0,12
2023-05-11 09:44:43,PK401P9100,PK401P9100,216.5,0.0,0.0,0.0,10,105.5,672.5,10,216.5,0.0,0.0,0.0,0.0,0.0,12
2023-05-11 09:44:44,PK401P9100,PK401P9100,216.5,0.0,0.0,0.0,10,105.5,671.0,1,216.5,0.0,0.0,0.0,0.0,0.0,12
2023-05-11 09:44:44,PK401P9100,PK401P9100,216.5,0.0,0.0,0.0,10,105.5,670.5,10,216.5,0.0,0.0,0.0,0.0,0.0,12
2023-05-11 09:44:46,PK401P9100,PK401P9100,216.5,0.0,0.0,0.0,10,105.5,669.0,1,216.5,0.0,0.0,0.0,0.0,0.0,12
2023-05-11 09:44:46,PK401P9100,PK401P9100,216.5,0.0,0.0,0.0,10,105.5,668.5,10,216.5,0.0,0.0,0.0,0.0,0.0,12
2023-05-11 09:44:47,PK401P9100,PK401P9100,216.5,0.0,0.0,0.0,10,105.5,667.0,1,216.5,0.0,0.0,0.0,0.0,0.0,12
2023-05-11 09:44:47,PK401P9100,PK401P9100,216.5,0.0,0.0,0.0,10,105.5,666.5,10,216.5,0.0,0.0,0.0,0.0,0.0,12
2023-05-11 09:44:48,PK401P9100,PK401P9100,216.5,0.0,0.0,0.0,10,105.5,665.0,1,216.5,0.0,0.0,0.0,0.0,0.0,12
2023-05-11 09:44:48,PK401P9100,PK401P9100,216.5,0.0,0.0,0.0,10,105.5,664.5,10,216.5,0.0,0.0,0.0,0.0,0.0,12
2023-05-11 09:44:49,PK401P9100,PK401P9100,216.5,0.0,0.0,0.0,10,105.5,663.0,1,216.5,0.0,0.0,0.0,0.0,0.0,12
2023-05-11 09:44:49,PK401P9100,PK401P9100,216.5,0.0,0.0,0.0,10,105.5,662.5,10,216.5,0.0,0.0,0.0,0.0,0.0,12
2023-05-11 09:44:50,PK401P9100,PK401P9100,216.5,0.0,0.0,0.0,10,105.5,661.0,1,216.5,0.0,0.0,0.0,0.0,0.0,12
2023-05-11 09:44:50,PK401P9100,PK401P9100,216.5,0.0,0.0,0.0,10,105.5,660.5,10,216.5,0.0,0.0,0.0,0.0,0.0,12
2023-05-11 09:44:51,PK401P9100,PK401P9100,216.5,0.0,0.0,0.0,10,105.5,659.0,1,216.5,0.0,0.0,0.0,0.0,0.0,12
2023-05-11 09:44:51,PK401P9100,PK401P9100,216.5,0.0,0.0,0.0,10,105.5,658.5,10,216.5,0.0,0.0,0.0,0.0,0.0,12
2023-05-11 09:44:52,PK401P9100,PK401P9100,216.5,0.0,0.0,0.0,10,105.5,657.0,1,216.5,0.0,0.0,0.0,0.0,0.0,12
2023-05-11 09:44:52,PK401P9100,PK401P9100,216.5,0.0,0.0,0.0,10,105.5,656.5,10,216.5,0.0,0.0,0.0,0.0,0.0,12
2023-05-11 09:44:53,PK401P9100,PK401P9100,216.5,0.0,0.0,0.0,10,105.5,655.0,1,216.5,0.0,0.0,0.0,0.0,0.0,12
2023-05-11 09:44:53,PK401P9100,PK401P9100,216.5,0.0,0.0,0.0,10,105.5,654.5,10,216.5,0.0,0.0,0.0,0.0,0.0,12
2023-05-11 09:44:54,PK401P9100,PK401P9100,216.5,0.0,0.0,0.0,10,105.5,653.0,1,216.5,0.0,0.0,0.0,0.0,0.0,12
2023-05-11 09:44:54,PK401P9100,PK401P9100,216.5,0.0,0.0,0.0,10,105.5,652.5,10,216.5,0.0,0.0,0.0,0.0,0.0,12
2023-05-11 09:44:56,PK401P9100,PK401P9100,216.5,0.0,0.0,0.0,10,105.5,651.0,1,216.5,0.0,0.0,0.0,0.0,0.0,12
2023-05-11 09:44:56,PK401P9100,PK401P9100,216.5,0.0,0.0,0.0,10,105.5,650.5,10,216.5,0.0,0.0,0.0,0.0,0.0,12
2023-05-11 09:44:57,PK401P9100,PK401P9100,216.5,0.0,0.0,0.0,10,105.5,649.0,1,216.5,0.0,0.0,0.0,0.0,0.0,12
2023-05-11 09:44:58,PK401P9100,PK401P9100,216.5,0.0,0.0,0.0,10,105.5,648.5,10,216.5,0.0,0.0,0.0,0.0,0.0,12
2023-05-11 09:44:59,PK401P9100,PK401P9100,216.5,0.0,0.0,0.0,10,105.5,647.0,1,216.5,0.0,0.0,0.0,0.0,0.0,12
2023-05-11 09:44:59,PK401P9100,PK401P9100,216.5,0.0,0.0,0.0,10,105.5,646.5,10,216.5,0.0,0.0,0.0,0.0,0.0,12
2023-05-11 09:45:00,PK401P9100,PK401P9100,216.5,0.0,0.0,0.0,10,105.5,645.0,1,216.5,0.0,0.0,0.0,0.0,0.0,12
2023-05-11 09:45:01,PK401P9100,PK401P9100,216.5,0.0,0.0,0.0,10,105.5,644.5,10,216.5,0.0,0.0,0.0,0.0,0.0,12
2023-05-11 09:45:02,PK401P9100,PK401P9100,216.5,0.0,0.0,0.0,10,105.5,643.0,1,216.5,0.0,0.0,0.0,0.0,0.0,12
2023-05-11 09:45:33,PK401P9100,PK401P9100,216.5,0.0,0.0,0.0,10,105.5,642.5,10,216.5,0.0,0.0,0.0,0.0,0.0,12
2023-05-11 09:45:33,PK401P9100,PK401P9100,216.5,0.0,0.0,0.0,10,105.5,641.0,1,216.5,0.0,0.0,0.0,0.0,0.0,12
2023-05-11 09:45:33,PK401P9100,PK401P9100,216.5,0.0,0.0,0.0,10,105.5,640.5,10,216.5,0.0,0.0,0.0,0.0,0.0,12
2023-05-11 09:45:35,PK401P9100,PK401P9100,216.5,0.0,0.0,0.0,10,105.5,639.0,1,216.5,0.0,0.0,0.0,0.0,0.0,12
2023-05-11 09:45:35,PK401P9100,PK401P9100,216.5,0.0,0.0,0.0,10,105.5,638.5,10,216.5,0.0,0.0,0.0,0.0,0.0,12
2023-05-11 09:45:36,PK401P9100,PK401P9100,216.5,0.0,0.0,0.0,10,105.5,637.0,1,216.5,0.0,0.0,0.0,0.0,0.0,12
2023-05-11 09:45:36,PK401P9100,PK401P9100,216.5,0.0,0.0,0.0,10,105.5,636.5,10,216.5,0.0,0.0,0.0,0.0,0.0,12
2023-05-11 09:45:38,PK401P9100,PK401P9100,216.5,0.0,0.0,0.0,10,105.5,635.0,1,216.5,0.0,0.0,0.0,0.0,0.0,12
2023-05-11 09:45:38,PK401P9100,PK401P9100,216.5,0.0,0.0,0.0,10,105.5,634.5,10,216.5,0.0,0.0,0.0,0.0,0.0,12
2023-05-11 09:45:40,PK401P9100,PK401P9100,216.5,0.0,0.0,0.0,10,105.5,633.0,1,216.5,0.0,0.0,0.0,0.0,0.0,12
2023-05-11 09:45:41,PK401P9100,PK401P9100,216.5,0.0,0.0,0.0,10,105.5,632.5,10,216.5,0.0,0.0,0.0,0.0,0.0,12
2023-05-11 09:45:42,PK401P9100,PK401P9100,216.5,0.0,0.0,0.0,10,105.5,631.0,1,216.5,0.0,0.0,0.0,0.0,0.0,12
2023-05-11 09:45:42,PK401P9100,PK401P9100,216.5,0.0,0.0,0.0,10,105.5,630.5,10,216.5,0.0,0.0,0.0,0.0,0.0,12
2023-05-11 09:45:43,PK401P9100,PK401P9100,216.5,0.0,0.0,0.0,10,105.5,629.0,1,216.5,0.0,0.0,0.0,0.0,0.0,12
2023-05-11 09:45:43,PK401P9100,PK401P9100,216.5,0.0,0.0,0.0,10,105.5,628.5,10,216.5,0.0,0.0,0.0,0.0,0.0,12
2023-05-11 09:45:44,PK401P9100,PK401P9100,216.5,0.0,0.0,0.0,10,105.5,627.0,1,216.5,0.0,0.0,0.0,0.0,0.0,12
2023-05-11 09:45:44,PK401P9100,PK401P9100,216.5,0.0,0.0,0.0,10,105.5,626.5,10,216.5,0.0,0.0,0.0,0.0,0.0,12
2023-05-11 09:45:46,PK401P9100,PK401P9100,216.5,0.0,0.0,0.0,10,105.5,625.0,1,216.5,0.0,0.0,0.0,0.0,0.0,12
2023-05-11 09:45:46,PK401P9100,PK401P9100,216.5,0.0,0.0,0.0,10,105.5,624.5,10,216.5,0.0,0.0,0.0,0.0,0.0,12
2023-05-11 09:45:47,PK401P9100,PK401P9100,216.5,0.0,0.0,0.0,10,105.5,623.0,1,216.5,0.0,0.0,0.0,0.0,0.0,12
2023-05-11 09:45:47,PK401P9100,PK401P9100,216.5,0.0,0.0,0.0,10,105.5,622.5,10,216.5,0.0,0.0,0.0,0.0,0.0,12
2023-05-11 09:45:49,PK401P9100,PK401P9100,216.5,0.0,0.0,0.0,10,105.5,621.0,1,216.5,0.0,0.0,0.0,0.0,0.0,12
2023-05-11 09:45:49,PK401P9100,PK401P9100,216.5,0.0,0.0,0.0,10,105.5,620.5,10,216.5,0.0,0.0,0.0,0.0,0.0,12
2023-05-11 09:45:50,PK401P9100,PK401P9100,216.5,0.0,0.0,0.0,10,105.5,619.0,1,216.5,0.0,0.0,0.0,0.0,0.0,12
2023-05-11 09:45:50,PK401P9100,PK401P9100,216.5,0.0,0.0,0.0,10,105.5,618.5,10,216.5,0.0,0.0,0.0,0.0,0.0,12
2023-05-11 09:45:51,PK401P9100,PK401P9100,216.5,0.0,0.0,0.0,10,105.5,617.0,1,216.5,0.0,0.0,0.0,0.0,0.0,12
2023-05-11 09:45:51,PK401P9100,PK401P9100,216.5,0.0,0.0,0.0,10,105.5,616.5,10,216.5,0.0,0.0,0.0,0.0,0.0,12
2023-05-11 09:45:52,PK401P9100,PK401P9100,216.5,0.0,0.0,0.0,10,105.5,615.0,1,216.5,0.0,0.0,0.0,0.0,0.0,12
2023-05-11 09:45:52,PK401P9100,PK401P9100,216.5,0.0,0.0,0.0,10,105.5,614.5,10,216.5,0.0,0.0,0.0,0.0,0.0,12
2023-05-11 09:45:53,PK401P9100,PK401P9100,216.5,0.0,0.0,0.0,10,105.5,613.0,1,216.5,0.0,0.0,0.0,0.0,0.0,12
2023-05-11 09:45:53,PK401P9100,PK401P9100,216.5,0.0,0.0,0.0,10,105.5,612.5,10,216.5,0.0,0.0,0.0,0.0,0.0,12
2023-05-11 09:45:54,PK401P9100,PK401P9100,216.5,0.0,0.0,0.0,10,105.5,611.0,1,216.5,0.0,0.0,0.0,0.0,0.0,12
2023-05-11 09:45:54,PK401P9100,PK401P9100,216.5,0.0,0.0,0.0,10,105.5,610.5,10,216.5,0.0,0.0,0.0,0.0,0.0,12
2023-05-11 09:45:55,PK401P9100,PK401P9100,216.5,0.0,0.0,0.0,10,105.5,609.0,1,216.5,0.0,0.0,0.0,0.0,0.0,12
2023-05-11 09:46:26,PK401P9100,PK401P9100,216.5,0.0,0.0,0.0,10,105.5,608.5,10,216.5,0.0,0.0,0.0,0.0,0.0,12
2023-05-11 09:46:27,PK401P9100,PK401P9100,216.5,0.0,0.0,0.0,10,105.5,607.0,1,216.5,0.0,0.0,0.0,0.0,0.0,12
2023-05-11 09:46:27,PK401P9100,PK401P9100,216.5,0.0,0.0,0.0,10,105.5,606.5,10,216.5,0.0,0.0,0.0,0.0,0.0,12
2023-05-11 09:46:29,PK401P9100,PK401P9100,216.5,0.0,0.0,0.0,10,105.5,605.0,1,216.5,0.0,0.0,0.0,0.0,0.0,12
2023-05-11 09:46:29,PK401P9100,PK401P9100,216.5,0.0,0.0,0.0,10,105.5,604.5,10,216.5,0.0,0.0,0.0,0.0,0.0,12
2023-05-11 09:46:30,PK401P9100,PK401P9100,216.5,0.0,0.0,0.0,10,105.5,603.0,1,216.5,0.0,0.0,0.0,0.0,0.0,12
2023-05-11 09:46:30,PK401P9100,PK401P9100,216.5,0.0,0.0,0.0,10,105.5,602.5,10,216.5,0.0,0.0,0.0,0.0,0.0,12
2023-05-11 09:46:32,PK401P9100,PK401P9100,216.5,0.0,0.0,0.0,10,105.5,601.0,1,216.5,0.0,0.0,0.0,0.0,0.0,12
2023-05-11 09:46:32,PK401P9100,PK401P9100,216.5,0.0,0.0,0.0,10,105.5,600.5,10,216.5,0.0,0.0,0.0,0.0,0.0,12
2023-05-11 09:46:33,PK401P9100,PK401P9100,216.5,0.0,0.0,0.0,10,105.5,599.0,1,216.5,0.0,0.0,0.0,0.0,0.0,12
2023-05-11 09:46:33,PK401P9100,PK401P9100,216.5,0.0,0.0,0.0,10,105.5,598.5,10,216.5,0.0,0.0,0.0,0.0,0.0,12
2023-05-11 09:46:34,PK401P9100,PK401P9100,216.5,0.0,0.0,0.0,10,105.5,597.0,1,216.5,0.0,0.0,0.0,0.0,0.0,12
2023-05-11 09:46:34,PK401P9100,PK401P9100,216.5,0.0,0.0,0.0,10,105.5,596.5,10,216.5,0.0,0.0,0.0,0.0,0.0,12
2023-05-11 09:46:36,PK401P9100,PK401P9100,216.5,0.0,0.0,0.0,10,105.5,595.0,1,216.5,0.0,0.0,0.0,0.0,0.0,12
2023-05-11 09:46:36,PK401P9100,PK401P9100,216.5,0.0,0.0,0.0,10,105.5,594.5,10,216.5,0.0,0.0,0.0,0.0,0.0,12
2023-05-11 09:46:37,PK401P9100,PK401P9100,216.5,0.0,0.0,0.0,10,105.5,593.0,1,216.5,0.0,0.0,0.0,0.0,0.0,12
2023-05-11 09:46:37,PK401P9100,PK401P9100,216.5,0.0,0.0,0.0,10,105.5,592.5,10,216.5,0.0,0.0,0.0,0.0,0.0,12
2023-05-11 09:46:38,PK401P9100,PK401P9100,216.5,0.0,0.0,0.0,10,105.5,591.0,1,216.5,0.0,0.0,0.0,0.0,0.0,12
2023-05-11 09:46:38,PK401P9100,PK401P9100,216.5,0.0,0.0,0.0,10,105.5,590.5,10,216.5,0.0,0.0,0.0,0.0,0.0,12
2023-05-11 09:46:39,PK401P9100,PK401P9100,216.5,0.0,0.0,0.0,10,105.5,589.0,1,216.5,0.0,0.0,0.0,0.0,0.0,12
2023-05-11 09:46:39,PK401P9100,PK401P9100,216.5,0.0,0.0,0.0,10,105.5,588.5,10,216.5,0.0,0.0,0.0,0.0,0.0,12
2023-05-11 09:46:40,PK401P9100,PK401P9100,216.5,0.0,0.0,0.0,10,105.5,587.0,1,216.5,0.0,0.0,0.0,0.0,0.0,12
2023-05-11 09:46:40,PK401P9100,PK401P9100,216.5,0.0,0.0,0.0,10,105.5,586.5,10,216.5,0.0,0.0,0.0,0.0,0.0,12
2023-05-11 09:46:41,PK401P9100,PK401P9100,216.5,0.0,0.0,0.0,10,105.5,585.0,1,216.5,0.0,0.0,0.0,0.0,0.0,12
2023-05-11 09:46:41,PK401P9100,PK401P9100,216.5,0.0,0.0,0.0,10,105.5,584.5,10,216.5,0.0,0.0,0.0,0.0,0.0,12
2023-05-11 09:46:42,PK401P9100,PK401P9100,216.5,0.0,0.0,0.0,10,105.5,583.0,1,216.5,0.0,0.0,0.0,0.0,0.0,12
2023-05-11 09:46:42,PK401P9100,PK401P9100,216.5,0.0,0.0,0.0,10,105.5,582.5,10,216.5,0.0,0.0,0.0,0.0,0.0,12
2023-05-11 09:46:43,PK401P9100,PK401P9100,216.5,0.0,0.0,0.0,10,105.5,581.0,1,216.5,0.0,0.0,0.0,0.0,0.0,12
2023-05-11 09:46:43,PK401P9100,PK401P9100,216.5,0.0,0.0,0.0,10,105.5,580.5,10,216.5,0.0,0.0,0.0,0.0,0.0,12
2023-05-11 09:46:44,PK401P9100,PK401P9100,216.5,0.0,0.0,0.0,10,105.5,579.0,1,216.5,0.0,0.0,0.0,0.0,0.0,12
2023-05-11 09:46:44,PK401P9100,PK401P9100,216.5,0.0,0.0,0.0,10,105.5,578.5,10,216.5,0.0,0.0,0.0,0.0,0.0,12
2023-05-11 09:46:45,PK401P9100,PK401P9100,216.5,0.0,0.0,0.0,10,105.5,577.0,1,216.5,0.0,0.0,0.0,0.0,0.0,12
2023-05-11 09:46:45,PK401P9100,PK401P9100,216.5,0.0,0.0,0.0,10,105.5,576.5,10,216.5,0.0,0.0,0.0,0.0,0.0,12
2023-05-11 09:46:46,PK401P9100,PK401P9100,216.5,0.0,0.0,0.0,10,105.5,575.0,1,216.5,0.0,0.0,0.0,0.0,0.0,12
2023-05-11 09:46:46,PK401P9100,PK401P9100,216.5,0.0,0.0,0.0,10,105.5,574.5,10,216.5,0.0,0.0,0.0,0.0,0.0,12
2023-05-11 09:46:47,PK401P9100,PK401P9100,216.5,0.0,0.0,0.0,10,105.5,573.0,1,216.5,0.0,0.0,0.0,0.0,0.0,12
2023-05-11 09:46:47,PK401P9100,PK401P9100,216.5,0.0,0.0,0.0,10,105.5,572.5,10,216.5,0.0,0.0,0.0,0.0,0.0,12
2023-05-11 09:46:48,PK401P9100,PK401P9100,216.5,0.0,0.0,0.0,10,105.5,571.0,1,216.5,0.0,0.0,0.0,0.0,0.0,12
2023-05-11 09:46:48,PK401P9100,PK401P9100,216.5,0.0,0.0,0.0,10,105.5,570.5,10,216.5,0.0,0.0,0.0,0.0,0.0,12
2023-05-11 09:46:50,PK401P9100,PK401P9100,216.5,0.0,0.0,0.0,10,105.5,569.0,1,216.5,0.0,0.0,0.0,0.0,0.0,12
2023-05-11 09:46:50,PK401P9100,PK401P9100,216.5,0.0,0.0,0.0,10,105.5,568.5,10,216.5,0.0,0.0,0.0,0.0,0.0,12
2023-05-11 09:46:51,PK401P9100,PK401P9100,216.5,0.0,0.0,0.0,10,105.5,567.0,1,216.5,0.0,0.0,0.0,0.0,0.0,12
2023-05-11 09:46:51,PK401P9100,PK401P9100,216.5,0.0,0.0,0.0,10,105.5,566.5,10,216.5,0.0,0.0,0.0,0.0,0.0,12
2023-05-11 09:46:52,PK401P9100,PK401P9100,216.5,0.0,0.0,0.0,10,105.5,565.0,1,216.5,0.0,0.0,0.0,0.0,0.0,12
2023-05-11 09:46:52,PK401P9100,PK401P9100,216.5,0.0,0.0,0.0,10,105.5,564.5,10,216.5,0.0,0.0,0.0,0.0,0.0,12
2023-05-11 09:46:53,PK401P9100,PK401P9100,216.5,0.0,0.0,0.0,10,105.5,563.0,1,216.5,0.0,0.0,0.0,0.0,0.0,12
2023-05-11 09:48:13,PK401P9100,PK401P9100,216.5,0.0,0.0,0.0,10,105.5,562.5,10,216.5,0.0,0.0,0.0,0.0,0.0,12
2023-05-11 09:48:14,PK401P9100,PK401P9100,216.5,0.0,0.0,0.0,10,105.5,561.0,1,216.5,0.0,0.0,0.0,0.0,0.0,12
2023-05-11 09:48:14,PK401P9100,PK401P9100,216.5,0.0,0.0,0.0,10,105.5,560.5,10,216.5,0.0,0.0,0.0,0.0,0.0,12
2023-05-11 09:48:16,PK401P9100,PK401P9100,216.5,0.0,0.0,0.0,10,105.5,559.0,1,216.5,0.0,0.0,0.0,0.0,0.0,12
2023-05-11 09:51:38,PK401P9100,PK401P9100,216.5,0.0,0.0,0.0,10,105.5,558.5,10,216.5,0.0,0.0,0.0,0.0,0.0,12
2023-05-11 09:51:38,PK401P9100,PK401P9100,216.5,0.0,0.0,0.0,10,105.5,557.0,1,216.5,0.0,0.0,0.0,0.0,0.0,12
2023-05-11 09:51:39,PK401P9100,PK401P9100,216.5,0.0,0.0,0.0,10,105.5,556.5,10,216.5,0.0,0.0,0.0,0.0,0.0,12
2023-05-11 09:51:39,PK401P9100,PK401P9100,216.5,0.0,0.0,0.0,10,105.5,555.0,1,216.5,0.0,0.0,0.0,0.0,0.0,12
2023-05-11 09:51:40,PK401P9100,PK401P9100,216.5,0.0,0.0,0.0,10,105.5,554.5,10,216.5,0.0,0.0,0.0,0.0,0.0,12
2023-05-11 09:51:40,PK401P9100,PK401P9100,216.5,0.0,0.0,0.0,10,105.5,553.0,1,216.5,0.0,0.0,0.0,0.0,0.0,12
2023-05-11 09:51:41,PK401P9100,PK401P9100,216.5,0.0,0.0,0.0,10,105.5,552.5,10,216.5,0.0,0.0,0.0,0.0,0.0,12
2023-05-11 09:51:41,PK401P9100,PK401P9100,216.5,0.0,0.0,0.0,10,105.5,551.0,1,216.5,0.0,0.0,0.0,0.0,0.0,12
2023-05-11 09:52:49,PK401P9100,PK401P9100,216.5,0.0,0.0,0.0,10,105.5,550.5,10,216.5,0.0,0.0,0.0,0.0,0.0,12
2023-05-11 09:52:49,PK401P9100,PK401P9100,216.5,0.0,0.0,0.0,10,105.5,549.0,1,216.5,0.0,0.0,0.0,0.0,0.0,12
2023-05-11 09:52:50,PK401P9100,PK401P9100,216.5,0.0,0.0,0.0,10,105.5,548.5,10,216.5,0.0,0.0,0.0,0.0,0.0,12
2023-05-11 09:52:50,PK401P9100,PK401P9100,216.5,0.0,0.0,0.0,10,105.5,547.0,1,216.5,0.0,0.0,0.0,0.0,0.0,12
2023-05-11 09:53:11,PK401P9100,PK401P9100,216.5,0.0,0.0,0.0,10,105.5,546.5,10,216.5,0.0,0.0,0.0,0.0,0.0,12
2023-05-11 09:53:12,PK401P9100,PK401P9100,216.5,0.0,0.0,0.0,10,105.5,545.0,1,216.5,0.0,0.0,0.0,0.0,0.0,12
2023-05-11 09:53:12,PK401P9100,PK401P9100,216.5,0.0,0.0,0.0,10,105.5,544.5,10,216.5,0.0,0.0,0.0,0.0,0.0,12
2023-05-11 09:53:13,PK401P9100,PK401P9100,216.5,0.0,0.0,0.0,10,105.5,543.0,1,216.5,0.0,0.0,0.0,0.0,0.0,12
2023-05-11 09:53:13,PK401P9100,PK401P9100,216.5,0.0,0.0,0.0,10,105.5,542.5,10,216.5,0.0,0.0,0.0,0.0,0.0,12
2023-05-11 09:53:14,PK401P9100,PK401P9100,216.5,0.0,0.0,0.0,10,105.5,541.0,1,216.5,0.0,0.0,0.0,0.0,0.0,12
2023-05-11 09:53:15,PK401P9100,PK401P9100,216.5,0.0,0.0,0.0,10,105.5,540.5,10,216.5,0.0,0.0,0.0,0.0,0.0,12
2023-05-11 09:53:15,PK401P9100,PK401P9100,216.5,0.0,0.0,0.0,10,105.5,539.0,1,216.5,0.0,0.0,0.0,0.0,0.0,12
2023-05-11 09:54:20,PK401P9100,PK401P9100,216.5,0.0,0.0,0.0,10,105.5,538.5,10,216.5,0.0,0.0,0.0,0.0,0.0,12
2023-05-11 09:54:21,PK401P9100,PK401P9100,216.5,0.0,0.0,0.0,10,105.5,537.0,1,216.5,0.0,0.0,0.0,0.0,0.0,12
2023-05-11 09:54:21,PK401P9100,PK401P9100,216.5,0.0,0.0,0.0,10,105.5,536.5,10,216.5,0.0,0.0,0.0,0.0,0.0,12
2023-05-11 09:54:22,PK401P9100,PK401P9100,216.5,0.0,0.0,0.0,10,105.5,535.0,1,216.5,0.0,0.0,0.0,0.0,0.0,12
2023-05-11 09:54:22,PK401P9100,PK401P9100,216.5,0.0,0.0,0.0,10,105.5,534.5,10,216.5,0.0,0.0,0.0,0.0,0.0,12
2023-05-11 09:54:23,PK401P9100,PK401P9100,216.5,0.0,0.0,0.0,10,105.5,533.0,1,216.5,0.0,0.0,0.0,0.0,0.0,12
2023-05-11 09:54:23,PK401P9100,PK401P9100,216.5,0.0,0.0,0.0,10,105.5,532.5,10,216.5,0.0,0.0,0.0,0.0,0.0,12
2023-05-11 09:54:24,PK401P9100,PK401P9100,216.5,0.0,0.0,0.0,10,105.5,531.0,1,216.5,0.0,0.0,0.0,0.0,0.0,12
2023-05-11 09:54:24,PK401P9100,PK401P9100,216.5,0.0,0.0,0.0,10,105.5,530.5,10,216.5,0.0,0.0,0.0,0.0,0.0,12
2023-05-11 09:54:25,PK401P9100,PK401P9100,216.5,0.0,0.0,0.0,10,105.5,529.0,1,216.5,0.0,0.0,0.0,0.0,0.0,12
2023-05-11 09:54:26,PK401P9100,PK401P9100,216.5,0.0,0.0,0.0,10,105.5,528.5,10,216.5,0.0,0.0,0.0,0.0,0.0,12
2023-05-11 09:54:26,PK401P9100,PK401P9100,216.5,0.0,0.0,0.0,10,105.5,527.0,1,216.5,0.0,0.0,0.0,0.0,0.0,12
2023-05-11 09:54:27,PK401P9100,PK401P9100,216.5,0.0,0.0,0.0,10,105.5,526.5,10,216.5,0.0,0.0,0.0,0.0,0.0,12
2023-05-11 09:54:27,PK401P9100,PK401P9100,216.5,0.0,0.0,0.0,10,105.5,525.0,1,216.5,0.0,0.0,0.0,0.0,0.0,12
2023-05-11 09:54:28,PK401P9100,PK401P9100,216.5,0.0,0.0,0.0,10,105.5,524.5,10,216.5,0.0,0.0,0.0,0.0,0.0,12
2023-05-11 09:54:28,PK401P9100,PK401P9100,216.5,0.0,0.0,0.0,10,105.5,523.0,1,216.5,0.0,0.0,0.0,0.0,0.0,12
2023-05-11 09:54:29,PK401P9100,PK401P9100,216.5,0.0,0.0,0.0,10,105.5,522.5,10,216.5,0.0,0.0,0.0,0.0,0.0,12
2023-05-11 09:54:29,PK401P9100,PK401P9100,216.5,0.0,0.0,0.0,10,105.5,521.0,1,216.5,0.0,0.0,0.0,0.0,0.0,12
2023-05-11 09:57:12,PK401P9100,PK401P9100,216.5,0.0,0.0,0.0,10,105.5,520.5,10,216.5,0.0,0.0,0.0,0.0,0.0,12
2023-05-11 09:57:12,PK401P9100,PK401P9100,216.5,0.0,0.0,0.0,10,105.5,519.0,1,216.5,0.0,0.0,0.0,0.0,0.0,12
2023-05-11 09:57:13,PK401P9100,PK401P9100,216.5,0.0,0.0,0.0,10,105.5,518.5,10,216.5,0.0,0.0,0.0,0.0,0.0,12
2023-05-11 09:57:14,PK401P9100,PK401P9100,216.5,0.0,0.0,0.0,10,105.5,517.0,1,216.5,0.0,0.0,0.0,0.0,0.0,12
2023-05-11 09:57:15,PK401P9100,PK401P9100,216.5,0.0,0.0,0.0,10,105.5,516.5,10,216.5,0.0,0.0,0.0,0.0,0.0,12
2023-05-11 09:57:15,PK401P9100,PK401P9100,216.5,0.0,0.0,0.0,10,105.5,515.0,1,216.5,0.0,0.0,0.0,0.0,0.0,12
2023-05-11 09:57:16,PK401P9100,PK401P9100,216.5,0.0,0.0,0.0,10,105.5,514.5,10,216.5,0.0,0.0,0.0,0.0,0.0,12
2023-05-11 09:57:16,PK401P9100,PK401P9100,216.5,0.0,0.0,0.0,10,105.5,513.0,1,216.5,0.0,0.0,0.0,0.0,0.0,12
2023-05-11 09:57:17,PK401P9100,PK401P9100,216.5,0.0,0.0,0.0,10,105.5,512.5,10,216.5,0.0,0.0,0.0,0.0,0.0,12
2023-05-11 09:57:17,PK401P9100,PK401P9100,216.5,0.0,0.0,0.0,10,105.5,511.0,1,216.5,0.0,0.0,0.0,0.0,0.0,12
2023-05-11 09:57:18,PK401P9100,PK401P9100,216.5,0.0,0.0,0.0,10,105.5,510.5,10,216.5,0.0,0.0,0.0,0.0,0.0,12
2023-05-11 09:57:18,PK401P9100,PK401P9100,216.5,0.0,0.0,0.0,10,105.5,509.0,1,216.5,0.0,0.0,0.0,0.0,0.0,12
2023-05-11 09:57:52,PK401P9100,PK401P9100,216.5,0.0,0.0,0.0,10,105.5,508.5,10,216.5,0.0,0.0,0.0,0.0,0.0,12
2023-05-11 09:57:52,PK401P9100,PK401P9100,216.5,0.0,0.0,0.0,10,105.5,507.0,1,216.5,0.0,0.0,0.0,0.0,0.0,12
2023-05-11 09:59:59,PK401P9100,PK401P9100,216.5,0.0,0.0,0.0,10,105.5,506.5,10,216.5,0.0,0.0,0.0,0.0,0.0,12
2023-05-11 09:59:59,PK401P9100,PK401P9100,216.5,0.0,0.0,0.0,10,105.5,505.0,1,216.5,0.0,0.0,0.0,0.0,0.0,12
2023-05-11 10:00:00,PK401P9100,PK401P9100,216.5,0.0,0.0,0.0,10,105.5,504.5,10,216.5,0.0,0.0,0.0,0.0,0.0,12
2023-05-11 10:00:00,PK401P9100,PK401P9100,216.5,0.0,0.0,0.0,10,105.5,503.0,1,216.5,0.0,0.0,0.0,0.0,0.0,12
2023-05-11 10:00:01,PK401P9100,PK401P9100,216.5,0.0,0.0,0.0,10,105.5,502.5,10,216.5,0.0,0.0,0.0,0.0,0.0,12
2023-05-11 10:00:02,PK401P9100,PK401P9100,216.5,0.0,0.0,0.0,10,105.5,500.5,10,216.5,0.0,0.0,0.0,0.0,0.0,12
2023-05-11 10:00:02,PK401P9100,PK401P9100,216.5,0.0,0.0,0.0,10,105.5,499.0,1,216.5,0.0,0.0,0.0,0.0,0.0,12
2023-05-11 10:00:02,PK401P9100,PK401P9100,216.5,0.0,0.0,0.0,10,105.5,498.5,10,216.5,0.0,0.0,0.0,0.0,0.0,12
2023-05-11 10:00:03,PK401P9100,PK401P9100,216.5,0.0,0.0,0.0,10,105.5,497.0,1,216.5,0.0,0.0,0.0,0.0,0.0,12
2023-05-11 10:00:03,PK401P9100,PK401P9100,216.5,0.0,0.0,0.0,10,105.5,496.5,10,216.5,0.0,0.0,0.0,0.0,0.0,12
2023-05-11 10:00:03,PK401P9100,PK401P9100,216.5,0.0,0.0,0.0,10,105.5,497.0,1,216.5,0.0,0.0,0.0,0.0,0.0,12
2023-05-11 10:00:03,PK401P9100,PK401P9100,216.5,0.0,0.0,0.0,10,105.5,496.5,10,216.5,0.0,0.0,0.0,0.0,0.0,12
2023-05-11 10:00:04,PK401P9100,PK401P9100,216.5,0.0,0.0,0.0,10,105.5,495.0,1,216.5,0.0,0.0,0.0,0.0,0.0,12
2023-05-11 10:00:04,PK401P9100,PK401P9100,216.5,0.0,0.0,0.0,10,105.5,494.5,10,216.5,0.0,0.0,0.0,0.0,0.0,12
2023-05-11 10:00:06,PK401P9100,PK401P9100,216.5,0.0,0.0,0.0,10,105.5,493.0,1,216.5,0.0,0.0,0.0,0.0,0.0,12
2023-05-11 10:00:07,PK401P9100,PK401P9100,216.5,0.0,0.0,0.0,10,105.5,492.5,10,216.5,0.0,0.0,0.0,0.0,0.0,12
2023-05-11 10:00:07,PK401P9100,PK401P9100,216.5,0.0,0.0,0.0,10,105.5,491.0,1,216.5,0.0,0.0,0.0,0.0,0.0,12
2023-05-11 10:00:08,PK401P9100,PK401P9100,216.5,0.0,0.0,0.0,10,105.5,490.5,10,216.5,0.0,0.0,0.0,0.0,0.0,12
2023-05-11 10:00:08,PK401P9100,PK401P9100,216.5,0.0,0.0,0.0,10,105.5,489.0,1,216.5,0.0,0.0,0.0,0.0,0.0,12
2023-05-11 10:00:09,PK401P9100,PK401P9100,216.5,0.0,0.0,0.0,10,105.5,488.5,10,216.5,0.0,0.0,0.0,0.0,0.0,12
2023-05-11 10:00:09,PK401P9100,PK401P9100,216.5,0.0,0.0,0.0,10,105.5,487.0,1,216.5,0.0,0.0,0.0,0.0,0.0,12
2023-05-11 10:00:10,PK401P9100,PK401P9100,216.5,0.0,0.0,0.0,10,105.5,486.5,10,216.5,0.0,0.0,0.0,0.0,0.0,12
2023-05-11 10:00:10,PK401P9100,PK401P9100,216.5,0.0,0.0,0.0,10,105.5,485.0,1,216.5,0.0,0.0,0.0,0.0,0.0,12
2023-05-11 10:00:11,PK401P9100,PK401P9100,216.5,0.0,0.0,0.0,10,105.5,484.5,10,216.5,0.0,0.0,0.0,0.0,0.0,12
2023-05-11 10:00:11,PK401P9100,PK401P9100,216.5,0.0,0.0,0.0,10,105.5,483.0,1,216.5,0.0,0.0,0.0,0.0,0.0,12
2023-05-11 10:00:12,PK401P9100,PK401P9100,216.5,0.0,0.0,0.0,10,105.5,482.5,10,216.5,0.0,0.0,0.0,0.0,0.0,12
2023-05-11 10:00:12,PK401P9100,PK401P9100,216.5,0.0,0.0,0.0,10,105.5,481.0,1,216.5,0.0,0.0,0.0,0.0,0.0,12
2023-05-11 10:00:13,PK401P9100,PK401P9100,216.5,0.0,0.0,0.0,10,105.5,480.5,10,216.5,0.0,0.0,0.0,0.0,0.0,12
2023-05-11 10:00:13,PK401P9100,PK401P9100,216.5,0.0,0.0,0.0,10,105.5,479.0,1,216.5,0.0,0.0,0.0,0.0,0.0,12
2023-05-11 10:00:14,PK401P9100,PK401P9100,216.5,0.0,0.0,0.0,10,105.5,478.5,10,216.5,0.0,0.0,0.0,0.0,0.0,12
2023-05-11 10:00:15,PK401P9100,PK401P9100,216.5,0.0,0.0,0.0,10,105.5,477.0,1,216.5,0.0,0.0,0.0,0.0,0.0,12
2023-05-11 10:00:15,PK401P9100,PK401P9100,216.5,0.0,0.0,0.0,10,105.5,476.5,10,216.5,0.0,0.0,0.0,0.0,0.0,12
2023-05-11 10:00:15,PK401P9100,PK401P9100,216.5,0.0,0.0,0.0,10,105.5,475.0,1,216.5,0.0,0.0,0.0,0.0,0.0,12
2023-05-11 10:00:16,PK401P9100,PK401P9100,216.5,0.0,0.0,0.0,10,105.5,474.5,10,216.5,0.0,0.0,0.0,0.0,0.0,12
2023-05-11 10:00:16,PK401P9100,PK401P9100,216.5,0.0,0.0,0.0,10,105.5,473.0,1,216.5,0.0,0.0,0.0,0.0,0.0,12
2023-05-11 10:00:17,PK401P9100,PK401P9100,216.5,0.0,0.0,0.0,10,105.5,472.5,10,216.5,0.0,0.0,0.0,0.0,0.0,12
2023-05-11 10:00:17,PK401P9100,PK401P9100,216.5,0.0,0.0,0.0,10,105.5,471.0,1,216.5,0.0,0.0,0.0,0.0,0.0,12
2023-05-11 10:00:19,PK401P9100,PK401P9100,216.5,0.0,0.0,0.0,10,105.5,470.5,10,216.5,0.0,0.0,0.0,0.0,0.0,12
2023-05-11 10:00:19,PK401P9100,PK401P9100,216.5,0.0,0.0,0.0,10,105.5,469.0,1,216.5,0.0,0.0,0.0,0.0,0.0,12
2023-05-11 10:00:20,PK401P9100,PK401P9100,216.5,0.0,0.0,0.0,10,105.5,468.5,10,216.5,0.0,0.0,0.0,0.0,0.0,12
2023-05-11 10:00:20,PK401P9100,PK401P9100,216.5,0.0,0.0,0.0,10,105.5,467.0,1,216.5,0.0,0.0,0.0,0.0,0.0,12
2023-05-11 10:00:21,PK401P9100,PK401P9100,216.5,0.0,0.0,0.0,10,105.5,466.5,10,216.5,0.0,0.0,0.0,0.0,0.0,12
2023-05-11 10:00:21,PK401P9100,PK401P9100,216.5,0.0,0.0,0.0,10,105.5,465.0,1,216.5,0.0,0.0,0.0,0.0,0.0,12
2023-05-11 10:00:22,PK401P9100,PK401P9100,216.5,0.0,0.0,0.0,10,105.5,464.5,10,216.5,0.0,0.0,0.0,0.0,0.0,12
2023-05-11 10:00:22,PK401P9100,PK401P9100,216.5,0.0,0.0,0.0,10,105.5,463.0,1,216.5,0.0,0.0,0.0,0.0,0.0,12
2023-05-11 10:00:23,PK401P9100,PK401P9100,216.5,0.0,0.0,0.0,10,105.5,462.5,10,216.5,0.0,0.0,0.0,0.0,0.0,12
2023-05-11 10:00:23,PK401P9100,PK401P9100,216.5,0.0,0.0,0.0,10,105.5,461.0,1,216.5,0.0,0.0,0.0,0.0,0.0,12
2023-05-11 10:00:24,PK401P9100,PK401P9100,216.5,0.0,0.0,0.0,10,105.5,460.5,10,216.5,0.0,0.0,0.0,0.0,0.0,12
2023-05-11 10:00:24,PK401P9100,PK401P9100,216.5,0.0,0.0,0.0,10,105.5,459.0,1,216.5,0.0,0.0,0.0,0.0,0.0,12
2023-05-11 10:00:25,PK401P9100,PK401P9100,216.5,0.0,0.0,0.0,10,105.5,458.5,10,216.5,0.0,0.0,0.0,0.0,0.0,12
2023-05-11 10:00:25,PK401P9100,PK401P9100,216.5,0.0,0.0,0.0,10,105.5,457.0,1,216.5,0.0,0.0,0.0,0.0,0.0,12
2023-05-11 10:00:26,PK401P9100,PK401P9100,216.5,0.0,0.0,0.0,10,105.5,456.5,10,216.5,0.0,0.0,0.0,0.0,0.0,12
2023-05-11 10:00:26,PK401P9100,PK401P9100,216.5,0.0,0.0,0.0,10,105.5,455.0,1,216.5,0.0,0.0,0.0,0.0,0.0,12
2023-05-11 10:00:27,PK401P9100,PK401P9100,216.5,0.0,0.0,0.0,10,105.5,454.5,10,216.5,0.0,0.0,0.0,0.0,0.0,12
2023-05-11 10:00:27,PK401P9100,PK401P9100,216.5,0.0,0.0,0.0,10,105.5,453.0,1,216.5,0.0,0.0,0.0,0.0,0.0,12
2023-05-11 10:00:28,PK401P9100,PK401P9100,216.5,0.0,0.0,0.0,10,105.5,452.5,10,216.5,0.0,0.0,0.0,0.0,0.0,12
2023-05-11 10:00:28,PK401P9100,PK401P9100,216.5,0.0,0.0,0.0,10,105.5,451.0,1,216.5,0.0,0.0,0.0,0.0,0.0,12
2023-05-11 10:00:43,PK401P9100,PK401P9100,216.5,0.0,0.0,0.0,10,105.5,450.5,10,216.5,0.0,0.0,0.0,0.0,0.0,12
2023-05-11 10:00:44,PK401P9100,PK401P9100,216.5,0.0,0.0,0.0,10,105.5,449.0,1,216.5,0.0,0.0,0.0,0.0,0.0,12
2023-05-11 10:00:44,PK401P9100,PK401P9100,216.5,0.0,0.0,0.0,10,105.5,448.5,10,216.5,0.0,0.0,0.0,0.0,0.0,12
2023-05-11 10:00:45,PK401P9100,PK401P9100,216.5,0.0,0.0,0.0,10,105.5,447.0,1,216.5,0.0,0.0,0.0,0.0,0.0,12
2023-05-11 10:00:45,PK401P9100,PK401P9100,216.5,0.0,0.0,0.0,10,105.5,446.5,10,216.5,0.0,0.0,0.0,0.0,0.0,12
2023-05-11 10:00:46,PK401P9100,PK401P9100,216.5,0.0,0.0,0.0,10,105.5,445.0,1,216.5,0.0,0.0,0.0,0.0,0.0,12
2023-05-11 10:00:46,PK401P9100,PK401P9100,216.5,0.0,0.0,0.0,10,105.5,444.5,10,216.5,0.0,0.0,0.0,0.0,0.0,12
2023-05-11 10:00:47,PK401P9100,PK401P9100,216.5,0.0,0.0,0.0,10,105.5,443.0,1,216.5,0.0,0.0,0.0,0.0,0.0,12
2023-05-11 10:00:47,PK401P9100,PK401P9100,216.5,0.0,0.0,0.0,10,105.5,442.5,10,216.5,0.0,0.0,0.0,0.0,0.0,12
2023-05-11 10:00:48,PK401P9100,PK401P9100,216.5,0.0,0.0,0.0,10,105.5,441.0,1,216.5,0.0,0.0,0.0,0.0,0.0,12
2023-05-11 10:00:48,PK401P9100,PK401P9100,216.5,0.0,0.0,0.0,10,105.5,440.5,10,216.5,0.0,0.0,0.0,0.0,0.0,12
2023-05-11 10:00:49,PK401P9100,PK401P9100,216.5,0.0,0.0,0.0,10,105.5,439.0,1,216.5,0.0,0.0,0.0,0.0,0.0,12
2023-05-11 10:00:49,PK401P9100,PK401P9100,216.5,0.0,0.0,0.0,10,105.5,438.5,10,216.5,0.0,0.0,0.0,0.0,0.0,12
2023-05-11 10:00:50,PK401P9100,PK401P9100,216.5,0.0,0.0,0.0,10,105.5,437.0,1,216.5,0.0,0.0,0.0,0.0,0.0,12
2023-05-11 10:00:50,PK401P9100,PK401P9100,216.5,0.0,0.0,0.0,10,105.5,436.5,10,216.5,0.0,0.0,0.0,0.0,0.0,12
2023-05-11 10:00:51,PK401P9100,PK401P9100,216.5,0.0,0.0,0.0,10,105.5,435.0,1,216.5,0.0,0.0,0.0,0.0,0.0,12
2023-05-11 10:00:51,PK401P9100,PK401P9100,216.5,0.0,0.0,0.0,10,105.5,434.5,10,216.5,0.0,0.0,0.0,0.0,0.0,12
2023-05-11 10:00:52,PK401P9100,PK401P9100,216.5,0.0,0.0,0.0,10,105.5,433.0,1,216.5,0.0,0.0,0.0,0.0,0.0,12
2023-05-11 10:00:52,PK401P9100,PK401P9100,216.5,0.0,0.0,0.0,10,105.5,432.5,10,216.5,0.0,0.0,0.0,0.0,0.0,12
2023-05-11 10:00:53,PK401P9100,PK401P9100,216.5,0.0,0.0,0.0,10,105.5,431.0,1,216.5,0.0,0.0,0.0,0.0,0.0,12
2023-05-11 10:01:03,PK401P9100,PK401P9100,216.5,0.0,0.0,0.0,10,105.5,0.0,0,216.5,0.0,0.0,0.0,0.0,0.0,12
2023-05-11 10:01:04,PK401P9100,PK401P9100,216.5,0.0,0.0,0.0,10,105.5,922.5,10,216.5,0.0,0.0,0.0,0.0,0.0,12
2023-05-11 10:01:04,PK401P9100,PK401P9100,216.5,0.0,0.0,0.0,10,105.5,921.0,1,216.5,0.0,0.0,0.0,0.0,0.0,12
2023-05-11 10:01:05,PK401P9100,PK401P9100,216.5,0.0,0.0,0.0,10,105.5,920.5,10,216.5,0.0,0.0,0.0,0.0,0.0,12
2023-05-11 10:01:05,PK401P9100,PK401P9100,216.5,0.0,0.0,0.0,10,105.5,919.0,1,216.5,0.0,0.0,0.0,0.0,0.0,12
2023-05-11 10:01:06,PK401P9100,PK401P9100,216.5,0.0,0.0,0.0,10,105.5,918.5,10,216.5,0.0,0.0,0.0,0.0,0.0,12
2023-05-11 10:01:06,PK401P9100,PK401P9100,216.5,0.0,0.0,0.0,10,105.5,917.0,1,216.5,0.0,0.0,0.0,0.0,0.0,12
2023-05-11 10:01:07,PK401P9100,PK401P9100,216.5,0.0,0.0,0.0,10,105.5,916.5,10,216.5,0.0,0.0,0.0,0.0,0.0,12
2023-05-11 10:01:07,PK401P9100,PK401P9100,216.5,0.0,0.0,0.0,10,105.5,915.0,1,216.5,0.0,0.0,0.0,0.0,0.0,12
2023-05-11 10:01:08,PK401P9100,PK401P9100,216.5,0.0,0.0,0.0,10,105.5,914.5,10,216.5,0.0,0.0,0.0,0.0,0.0,12
2023-05-11 10:01:08,PK401P9100,PK401P9100,216.5,0.0,0.0,0.0,10,105.5,913.0,1,216.5,0.0,0.0,0.0,0.0,0.0,12
2023-05-11 10:01:09,PK401P9100,PK401P9100,216.5,0.0,0.0,0.0,10,105.5,912.5,10,216.5,0.0,0.0,0.0,0.0,0.0,12
2023-05-11 10:01:09,PK401P9100,PK401P9100,216.5,0.0,0.0,0.0,10,105.5,911.0,1,216.5,0.0,0.0,0.0,0.0,0.0,12
2023-05-11 10:01:10,PK401P9100,PK401P9100,216.5,0.0,0.0,0.0,10,105.5,910.5,10,216.5,0.0,0.0,0.0,0.0,0.0,12
2023-05-11 10:01:10,PK401P9100,PK401P9100,216.5,0.0,0.0,0.0,10,105.5,909.0,1,216.5,0.0,0.0,0.0,0.0,0.0,12
2023-05-11 10:01:11,PK401P9100,PK401P9100,216.5,0.0,0.0,0.0,10,105.5,908.5,10,216.5,0.0,0.0,0.0,0.0,0.0,12
2023-05-11 10:01:11,PK401P9100,PK401P9100,216.5,0.0,0.0,0.0,10,105.5,907.0,1,216.5,0.0,0.0,0.0,0.0,0.0,12
2023-05-11 10:01:12,PK401P9100,PK401P9100,216.5,0.0,0.0,0.0,10,105.5,906.5,10,216.5,0.0,0.0,0.0,0.0,0.0,12
2023-05-11 10:01:12,PK401P9100,PK401P9100,216.5,0.0,0.0,0.0,10,105.5,905.0,1,216.5,0.0,0.0,0.0,0.0,0.0,12
2023-05-11 10:01:13,PK401P9100,PK401P9100,216.5,0.0,0.0,0.0,10,105.5,904.5,10,216.5,0.0,0.0,0.0,0.0,0.0,12
2023-05-11 10:01:13,PK401P9100,PK401P9100,216.5,0.0,0.0,0.0,10,105.5,903.0,1,216.5,0.0,0.0,0.0,0.0,0.0,12
2023-05-11 10:01:14,PK401P9100,PK401P9100,216.5,0.0,0.0,0.0,10,105.5,902.5,10,216.5,0.0,0.0,0.0,0.0,0.0,12
2023-05-11 10:01:14,PK401P9100,PK401P9100,216.5,0.0,0.0,0.0,10,105.5,901.0,1,216.5,0.0,0.0,0.0,0.0,0.0,12
2023-05-11 10:01:15,PK401P9100,PK401P9100,216.5,0.0,0.0,0.0,10,105.5,900.5,10,216.5,0.0,0.0,0.0,0.0,0.0,12
2023-05-11 10:01:15,PK401P9100,PK401P9100,216.5,0.0,0.0,0.0,10,105.5,899.0,1,216.5,0.0,0.0,0.0,0.0,0.0,12
2023-05-11 10:01:16,PK401P9100,PK401P9100,216.5,0.0,0.0,0.0,10,105.5,898.5,10,216.5,0.0,0.0,0.0,0.0,0.0,12
2023-05-11 10:01:16,PK401P9100,PK401P9100,216.5,0.0,0.0,0.0,10,105.5,897.0,1,216.5,0.0,0.0,0.0,0.0,0.0,12
2023-05-11 10:01:17,PK401P9100,PK401P9100,216.5,0.0,0.0,0.0,10,105.5,896.5,10,216.5,0.0,0.0,0.0,0.0,0.0,12
2023-05-11 10:01:17,PK401P9100,PK401P9100,216.5,0.0,0.0,0.0,10,105.5,895.0,1,216.5,0.0,0.0,0.0,0.0,0.0,12
2023-05-11 10:01:18,PK401P9100,PK401P9100,216.5,0.0,0.0,0.0,10,105.5,894.5,10,216.5,0.0,0.0,0.0,0.0,0.0,12
2023-05-11 10:01:18,PK401P9100,PK401P9100,216.5,0.0,0.0,0.0,10,105.5,893.0,1,216.5,0.0,0.0,0.0,0.0,0.0,12
2023-05-11 10:01:19,PK401P9100,PK401P9100,216.5,0.0,0.0,0.0,10,105.5,892.5,10,216.5,0.0,0.0,0.0,0.0,0.0,12
2023-05-11 10:01:19,PK401P9100,PK401P9100,216.5,0.0,0.0,0.0,10,105.5,891.0,1,216.5,0.0,0.0,0.0,0.0,0.0,12
2023-05-11 10:01:20,PK401P9100,PK401P9100,216.5,0.0,0.0,0.0,10,105.5,890.5,10,216.5,0.0,0.0,0.0,0.0,0.0,12
2023-05-11 10:01:20,PK401P9100,PK401P9100,216.5,0.0,0.0,0.0,10,105.5,889.0,1,216.5,0.0,0.0,0.0,0.0,0.0,12
2023-05-11 10:01:21,PK401P9100,PK401P9100,216.5,0.0,0.0,0.0,10,105.5,888.5,10,216.5,0.0,0.0,0.0,0.0,0.0,12
2023-05-11 10:01:22,PK401P9100,PK401P9100,216.5,0.0,0.0,0.0,10,105.5,887.0,1,216.5,0.0,0.0,0.0,0.0,0.0,12
2023-05-11 10:01:22,PK401P9100,PK401P9100,216.5,0.0,0.0,0.0,10,105.5,886.5,10,216.5,0.0,0.0,0.0,0.0,0.0,12
2023-05-11 10:01:23,PK401P9100,PK401P9100,216.5,0.0,0.0,0.0,10,105.5,885.0,1,216.5,0.0,0.0,0.0,0.0,0.0,12
2023-05-11 10:01:23,PK401P9100,PK401P9100,216.5,0.0,0.0,0.0,10,105.5,884.5,10,216.5,0.0,0.0,0.0,0.0,0.0,12
2023-05-11 10:01:24,PK401P9100,PK401P9100,216.5,0.0,0.0,0.0,10,105.5,883.0,1,216.5,0.0,0.0,0.0,0.0,0.0,12
2023-05-11 10:01:24,PK401P9100,PK401P9100,216.5,0.0,0.0,0.0,10,105.5,882.5,10,216.5,0.0,0.0,0.0,0.0,0.0,12
2023-05-11 10:01:25,PK401P9100,PK401P9100,216.5,0.0,0.0,0.0,10,105.5,881.0,1,216.5,0.0,0.0,0.0,0.0,0.0,12
2023-05-11 10:01:25,PK401P9100,PK401P9100,216.5,0.0,0.0,0.0,10,105.5,880.5,10,216.5,0.0,0.0,0.0,0.0,0.0,12
2023-05-11 10:01:26,PK401P9100,PK401P9100,216.5,0.0,0.0,0.0,10,105.5,879.0,1,216.5,0.0,0.0,0.0,0.0,0.0,12
2023-05-11 10:02:49,PK401P9100,PK401P9100,216.5,0.0,0.0,0.0,10,105.5,878.5,10,216.5,0.0,0.0,0.0,0.0,0.0,12
2023-05-11 10:02:49,PK401P9100,PK401P9100,216.5,0.0,0.0,0.0,10,105.5,877.0,1,216.5,0.0,0.0,0.0,0.0,0.0,12
2023-05-11 10:02:50,PK401P9100,PK401P9100,216.5,0.0,0.0,0.0,10,105.5,876.5,10,216.5,0.0,0.0,0.0,0.0,0.0,12
2023-05-11 10:02:50,PK401P9100,PK401P9100,216.5,0.0,0.0,0.0,10,105.5,875.0,1,216.5,0.0,0.0,0.0,0.0,0.0,12
2023-05-11 10:02:51,PK401P9100,PK401P9100,216.5,0.0,0.0,0.0,10,105.5,874.5,10,216.5,0.0,0.0,0.0,0.0,0.0,12
2023-05-11 10:02:51,PK401P9100,PK401P9100,216.5,0.0,0.0,0.0,10,105.5,873.0,1,216.5,0.0,0.0,0.0,0.0,0.0,12
2023-05-11 10:02:52,PK401P9100,PK401P9100,216.5,0.0,0.0,0.0,10,105.5,872.5,10,216.5,0.0,0.0,0.0,0.0,0.0,12
2023-05-11 10:02:52,PK401P9100,PK401P9100,216.5,0.0,0.0,0.0,10,105.5,871.0,1,216.5,0.0,0.0,0.0,0.0,0.0,12
2023-05-11 10:02:53,PK401P9100,PK401P9100,216.5,0.0,0.0,0.0,10,105.5,870.5,10,216.5,0.0,0.0,0.0,0.0,0.0,12
2023-05-11 10:02:53,PK401P9100,PK401P9100,216.5,0.0,0.0,0.0,10,105.5,869.0,1,216.5,0.0,0.0,0.0,0.0,0.0,12
2023-05-11 10:02:54,PK401P9100,PK401P9100,216.5,0.0,0.0,0.0,10,105.5,868.5,10,216.5,0.0,0.0,0.0,0.0,0.0,12
2023-05-11 10:02:54,PK401P9100,PK401P9100,216.5,0.0,0.0,0.0,10,105.5,867.0,1,216.5,0.0,0.0,0.0,0.0,0.0,12
2023-05-11 10:02:55,PK401P9100,PK401P9100,216.5,0.0,0.0,0.0,10,105.5,866.5,10,216.5,0.0,0.0,0.0,0.0,0.0,12
2023-05-11 10:02:55,PK401P9100,PK401P9100,216.5,0.0,0.0,0.0,10,105.5,865.0,1,216.5,0.0,0.0,0.0,0.0,0.0,12
2023-05-11 10:02:56,PK401P9100,PK401P9100,216.5,0.0,0.0,0.0,10,105.5,864.5,10,216.5,0.0,0.0,0.0,0.0,0.0,12
2023-05-11 10:02:56,PK401P9100,PK401P9100,216.5,0.0,0.0,0.0,10,105.5,863.0,1,216.5,0.0,0.0,0.0,0.0,0.0,12
2023-05-11 10:02:57,PK401P9100,PK401P9100,216.5,0.0,0.0,0.0,10,105.5,862.5,10,216.5,0.0,0.0,0.0,0.0,0.0,12
2023-05-11 10:02:57,PK401P9100,PK401P9100,216.5,0.0,0.0,0.0,10,105.5,861.0,1,216.5,0.0,0.0,0.0,0.0,0.0,12
2023-05-11 10:02:58,PK401P9100,PK401P9100,216.5,0.0,0.0,0.0,10,105.5,860.5,10,216.5,0.0,0.0,0.0,0.0,0.0,12
2023-05-11 10:02:58,PK401P9100,PK401P9100,216.5,0.0,0.0,0.0,10,105.5,859.0,1,216.5,0.0,0.0,0.0,0.0,0.0,12
2023-05-11 10:02:59,PK401P9100,PK401P9100,216.5,0.0,0.0,0.0,10,105.5,858.5,10,216.5,0.0,0.0,0.0,0.0,0.0,12
2023-05-11 10:02:59,PK401P9100,PK401P9100,216.5,0.0,0.0,0.0,10,105.5,857.0,1,216.5,0.0,0.0,0.0,0.0,0.0,12
2023-05-11 10:03:00,PK401P9100,PK401P9100,216.5,0.0,0.0,0.0,10,105.5,856.5,10,216.5,0.0,0.0,0.0,0.0,0.0,12
2023-05-11 10:03:00,PK401P9100,PK401P9100,216.5,0.0,0.0,0.0,10,105.5,855.0,1,216.5,0.0,0.0,0.0,0.0,0.0,12
2023-05-11 10:03:01,PK401P9100,PK401P9100,216.5,0.0,0.0,0.0,10,105.5,854.5,10,216.5,0.0,0.0,0.0,0.0,0.0,12
2023-05-11 10:03:02,PK401P9100,PK401P9100,216.5,0.0,0.0,0.0,10,105.5,853.0,1,216.5,0.0,0.0,0.0,0.0,0.0,12
2023-05-11 10:03:02,PK401P9100,PK401P9100,216.5,0.0,0.0,0.0,10,105.5,852.5,10,216.5,0.0,0.0,0.0,0.0,0.0,12
2023-05-11 10:03:02,PK401P9100,PK401P9100,216.5,0.0,0.0,0.0,10,105.5,851.0,1,216.5,0.0,0.0,0.0,0.0,0.0,12
2023-05-11 10:03:03,PK401P9100,PK401P9100,216.5,0.0,0.0,0.0,10,105.5,850.5,10,216.5,0.0,0.0,0.0,0.0,0.0,12
2023-05-11 10:03:03,PK401P9100,PK401P9100,216.5,0.0,0.0,0.0,10,105.5,849.0,1,216.5,0.0,0.0,0.0,0.0,0.0,12
2023-05-11 10:03:04,PK401P9100,PK401P9100,216.5,0.0,0.0,0.0,10,105.5,848.5,10,216.5,0.0,0.0,0.0,0.0,0.0,12
2023-05-11 10:03:04,PK401P9100,PK401P9100,216.5,0.0,0.0,0.0,10,105.5,847.0,1,216.5,0.0,0.0,0.0,0.0,0.0,12
2023-05-11 10:03:04,PK401P9100,PK401P9100,216.5,0.0,0.0,0.0,10,105.5,848.5,10,216.5,0.0,0.0,0.0,0.0,0.0,12
2023-05-11 10:03:05,PK401P9100,PK401P9100,216.5,0.0,0.0,0.0,10,105.5,846.5,10,216.5,0.0,0.0,0.0,0.0,0.0,12
2023-05-11 10:03:05,PK401P9100,PK401P9100,216.5,0.0,0.0,0.0,10,105.5,845.0,1,216.5,0.0,0.0,0.0,0.0,0.0,12
2023-05-11 10:03:06,PK401P9100,PK401P9100,216.5,0.0,0.0,0.0,10,105.5,844.5,10,216.5,0.0,0.0,0.0,0.0,0.0,12
2023-05-11 10:03:06,PK401P9100,PK401P9100,216.5,0.0,0.0,0.0,10,105.5,843.0,1,216.5,0.0,0.0,0.0,0.0,0.0,12
2023-05-11 10:03:37,PK401P9100,PK401P9100,216.5,0.0,0.0,0.0,10,105.5,842.5,10,216.5,0.0,0.0,0.0,0.0,0.0,12
2023-05-11 10:03:37,PK401P9100,PK401P9100,216.5,0.0,0.0,0.0,10,105.5,841.0,1,216.5,0.0,0.0,0.0,0.0,0.0,12
2023-05-11 10:03:37,PK401P9100,PK401P9100,216.5,0.0,0.0,0.0,10,105.5,840.5,10,216.5,0.0,0.0,0.0,0.0,0.0,12
2023-05-11 10:03:38,PK401P9100,PK401P9100,216.5,0.0,0.0,0.0,10,105.5,839.0,1,216.5,0.0,0.0,0.0,0.0,0.0,12
2023-05-11 10:03:40,PK401P9100,PK401P9100,216.5,0.0,0.0,0.0,10,105.5,838.5,10,216.5,0.0,0.0,0.0,0.0,0.0,12
2023-05-11 10:03:40,PK401P9100,PK401P9100,216.5,0.0,0.0,0.0,10,105.5,837.0,1,216.5,0.0,0.0,0.0,0.0,0.0,12
2023-05-11 10:03:41,PK401P9100,PK401P9100,216.5,0.0,0.0,0.0,10,105.5,836.5,10,216.5,0.0,0.0,0.0,0.0,0.0,12
2023-05-11 10:03:41,PK401P9100,PK401P9100,216.5,0.0,0.0,0.0,10,105.5,835.0,1,216.5,0.0,0.0,0.0,0.0,0.0,12
2023-05-11 10:03:42,PK401P9100,PK401P9100,216.5,0.0,0.0,0.0,10,105.5,834.5,10,216.5,0.0,0.0,0.0,0.0,0.0,12
2023-05-11 10:03:42,PK401P9100,PK401P9100,216.5,0.0,0.0,0.0,10,105.5,833.0,1,216.5,0.0,0.0,0.0,0.0,0.0,12
2023-05-11 10:03:43,PK401P9100,PK401P9100,216.5,0.0,0.0,0.0,10,105.5,832.5,10,216.5,0.0,0.0,0.0,0.0,0.0,12
2023-05-11 10:03:43,PK401P9100,PK401P9100,216.5,0.0,0.0,0.0,10,105.5,831.0,1,216.5,0.0,0.0,0.0,0.0,0.0,12
2023-05-11 10:03:44,PK401P9100,PK401P9100,216.5,0.0,0.0,0.0,10,105.5,830.5,10,216.5,0.0,0.0,0.0,0.0,0.0,12
2023-05-11 10:03:44,PK401P9100,PK401P9100,216.5,0.0,0.0,0.0,10,105.5,829.0,1,216.5,0.0,0.0,0.0,0.0,0.0,12
2023-05-11 10:03:45,PK401P9100,PK401P9100,216.5,0.0,0.0,0.0,10,105.5,828.5,10,216.5,0.0,0.0,0.0,0.0,0.0,12
2023-05-11 10:03:45,PK401P9100,PK401P9100,216.5,0.0,0.0,0.0,10,105.5,827.0,1,216.5,0.0,0.0,0.0,0.0,0.0,12
2023-05-11 10:03:46,PK401P9100,PK401P9100,216.5,0.0,0.0,0.0,10,105.5,826.5,10,216.5,0.0,0.0,0.0,0.0,0.0,12
2023-05-11 10:03:46,PK401P9100,PK401P9100,216.5,0.0,0.0,0.0,10,105.5,825.0,1,216.5,0.0,0.0,0.0,0.0,0.0,12
2023-05-11 10:03:47,PK401P9100,PK401P9100,216.5,0.0,0.0,0.0,10,105.5,824.5,10,216.5,0.0,0.0,0.0,0.0,0.0,12
2023-05-11 10:03:47,PK401P9100,PK401P9100,216.5,0.0,0.0,0.0,10,105.5,823.0,1,216.5,0.0,0.0,0.0,0.0,0.0,12
2023-05-11 10:03:48,PK401P9100,PK401P9100,216.5,0.0,0.0,0.0,10,105.5,822.5,10,216.5,0.0,0.0,0.0,0.0,0.0,12
2023-05-11 10:03:48,PK401P9100,PK401P9100,216.5,0.0,0.0,0.0,10,105.5,821.0,1,216.5,0.0,0.0,0.0,0.0,0.0,12
2023-05-11 10:03:49,PK401P9100,PK401P9100,216.5,0.0,0.0,0.0,10,105.5,820.5,10,216.5,0.0,0.0,0.0,0.0,0.0,12
2023-05-11 10:03:49,PK401P9100,PK401P9100,216.5,0.0,0.0,0.0,10,105.5,819.0,1,216.5,0.0,0.0,0.0,0.0,0.0,12
2023-05-11 10:03:50,PK401P9100,PK401P9100,216.5,0.0,0.0,0.0,10,105.5,818.5,10,216.5,0.0,0.0,0.0,0.0,0.0,12
2023-05-11 10:03:50,PK401P9100,PK401P9100,216.5,0.0,0.0,0.0,10,105.5,817.0,1,216.5,0.0,0.0,0.0,0.0,0.0,12
2023-05-11 10:03:51,PK401P9100,PK401P9100,216.5,0.0,0.0,0.0,10,105.5,816.5,10,216.5,0.0,0.0,0.0,0.0,0.0,12
2023-05-11 10:03:51,PK401P9100,PK401P9100,216.5,0.0,0.0,0.0,10,105.5,815.0,1,216.5,0.0,0.0,0.0,0.0,0.0,12
2023-05-11 10:03:52,PK401P9100,PK401P9100,216.5,0.0,0.0,0.0,10,105.5,814.5,10,216.5,0.0,0.0,0.0,0.0,0.0,12
2023-05-11 10:03:52,PK401P9100,PK401P9100,216.5,0.0,0.0,0.0,10,105.5,813.0,1,216.5,0.0,0.0,0.0,0.0,0.0,12
2023-05-11 10:03:53,PK401P9100,PK401P9100,216.5,0.0,0.0,0.0,10,105.5,812.5,10,216.5,0.0,0.0,0.0,0.0,0.0,12
2023-05-11 10:03:53,PK401P9100,PK401P9100,216.5,0.0,0.0,0.0,10,105.5,811.0,1,216.5,0.0,0.0,0.0,0.0,0.0,12
2023-05-11 10:03:54,PK401P9100,PK401P9100,216.5,0.0,0.0,0.0,10,105.5,810.5,10,216.5,0.0,0.0,0.0,0.0,0.0,12
2023-05-11 10:03:54,PK401P9100,PK401P9100,216.5,0.0,0.0,0.0,10,105.5,809.0,1,216.5,0.0,0.0,0.0,0.0,0.0,12
2023-05-11 10:03:55,PK401P9100,PK401P9100,216.5,0.0,0.0,0.0,10,105.5,808.5,10,216.5,0.0,0.0,0.0,0.0,0.0,12
2023-05-11 10:03:55,PK401P9100,PK401P9100,216.5,0.0,0.0,0.0,10,105.5,807.0,1,216.5,0.0,0.0,0.0,0.0,0.0,12
2023-05-11 10:03:56,PK401P9100,PK401P9100,216.5,0.0,0.0,0.0,10,105.5,806.5,10,216.5,0.0,0.0,0.0,0.0,0.0,12
2023-05-11 10:03:56,PK401P9100,PK401P9100,216.5,0.0,0.0,0.0,10,105.5,805.0,1,216.5,0.0,0.0,0.0,0.0,0.0,12
2023-05-11 10:03:57,PK401P9100,PK401P9100,216.5,0.0,0.0,0.0,10,105.5,804.5,10,216.5,0.0,0.0,0.0,0.0,0.0,12
2023-05-11 10:03:57,PK401P9100,PK401P9100,216.5,0.0,0.0,0.0,10,105.5,803.0,1,216.5,0.0,0.0,0.0,0.0,0.0,12
2023-05-11 10:03:58,PK401P9100,PK401P9100,216.5,0.0,0.0,0.0,10,105.5,802.5,10,216.5,0.0,0.0,0.0,0.0,0.0,12
2023-05-11 10:03:58,PK401P9100,PK401P9100,216.5,0.0,0.0,0.0,10,105.5,801.0,1,216.5,0.0,0.0,0.0,0.0,0.0,12
2023-05-11 10:03:59,PK401P9100,PK401P9100,216.5,0.0,0.0,0.0,10,105.5,800.5,10,216.5,0.0,0.0,0.0,0.0,0.0,12
2023-05-11 10:03:59,PK401P9100,PK401P9100,216.5,0.0,0.0,0.0,10,105.5,799.0,1,216.5,0.0,0.0,0.0,0.0,0.0,12
2023-05-11 10:04:00,PK401P9100,PK401P9100,216.5,0.0,0.0,0.0,10,105.5,798.5,10,216.5,0.0,0.0,0.0,0.0,0.0,12
2023-05-11 10:04:00,PK401P9100,PK401P9100,216.5,0.0,0.0,0.0,10,105.5,797.0,1,216.5,0.0,0.0,0.0,0.0,0.0,12
2023-05-11 10:06:12,PK401P9100,PK401P9100,216.5,0.0,0.0,0.0,10,105.5,796.5,10,216.5,0.0,0.0,0.0,0.0,0.0,12
2023-05-11 10:06:12,PK401P9100,PK401P9100,216.5,0.0,0.0,0.0,10,105.5,795.0,1,216.5,0.0,0.0,0.0,0.0,0.0,12
2023-05-11 10:06:12,PK401P9100,PK401P9100,216.5,0.0,0.0,0.0,10,105.5,794.5,10,216.5,0.0,0.0,0.0,0.0,0.0,12
2023-05-11 10:06:13,PK401P9100,PK401P9100,216.5,0.0,0.0,0.0,10,105.5,793.0,1,216.5,0.0,0.0,0.0,0.0,0.0,12
2023-05-11 10:06:13,PK401P9100,PK401P9100,216.5,0.0,0.0,0.0,10,105.5,792.5,10,216.5,0.0,0.0,0.0,0.0,0.0,12
2023-05-11 10:06:14,PK401P9100,PK401P9100,216.5,0.0,0.0,0.0,10,105.5,791.0,1,216.5,0.0,0.0,0.0,0.0,0.0,12
2023-05-11 10:06:14,PK401P9100,PK401P9100,216.5,0.0,0.0,0.0,10,105.5,790.5,10,216.5,0.0,0.0,0.0,0.0,0.0,12
2023-05-11 10:06:15,PK401P9100,PK401P9100,216.5,0.0,0.0,0.0,10,105.5,789.0,1,216.5,0.0,0.0,0.0,0.0,0.0,12
2023-05-11 10:06:15,PK401P9100,PK401P9100,216.5,0.0,0.0,0.0,10,105.5,788.5,10,216.5,0.0,0.0,0.0,0.0,0.0,12
2023-05-11 10:06:16,PK401P9100,PK401P9100,216.5,0.0,0.0,0.0,10,105.5,787.0,1,216.5,0.0,0.0,0.0,0.0,0.0,12
2023-05-11 10:09:31,PK401P9100,PK401P9100,216.5,0.0,0.0,0.0,10,105.5,786.5,10,216.5,0.0,0.0,0.0,0.0,0.0,12
2023-05-11 10:09:31,PK401P9100,PK401P9100,216.5,0.0,0.0,0.0,10,105.5,785.0,1,216.5,0.0,0.0,0.0,0.0,0.0,12
2023-05-11 10:09:31,PK401P9100,PK401P9100,216.5,0.0,0.0,0.0,10,105.5,784.5,10,216.5,0.0,0.0,0.0,0.0,0.0,12
2023-05-11 10:09:32,PK401P9100,PK401P9100,216.5,0.0,0.0,0.0,10,105.5,783.0,1,216.5,0.0,0.0,0.0,0.0,0.0,12
2023-05-11 10:09:32,PK401P9100,PK401P9100,216.5,0.0,0.0,0.0,10,105.5,782.5,10,216.5,0.0,0.0,0.0,0.0,0.0,12
2023-05-11 10:09:33,PK401P9100,PK401P9100,216.5,0.0,0.0,0.0,10,105.5,781.0,1,216.5,0.0,0.0,0.0,0.0,0.0,12
2023-05-11 10:10:49,PK401P9100,PK401P9100,216.5,0.0,0.0,0.0,10,105.5,780.5,10,216.5,0.0,0.0,0.0,0.0,0.0,12
2023-05-11 10:10:50,PK401P9100,PK401P9100,216.5,0.0,0.0,0.0,10,105.5,779.0,1,216.5,0.0,0.0,0.0,0.0,0.0,12
2023-05-11 10:11:47,PK401P9100,PK401P9100,216.5,0.0,0.0,0.0,10,105.5,778.5,10,216.5,0.0,0.0,0.0,0.0,0.0,12
2023-05-11 10:11:47,PK401P9100,PK401P9100,216.5,0.0,0.0,0.0,10,105.5,777.0,1,216.5,0.0,0.0,0.0,0.0,0.0,12
2023-05-11 10:13:26,PK401P9100,PK401P9100,216.5,0.0,0.0,0.0,10,105.5,776.5,10,216.5,0.0,0.0,0.0,0.0,0.0,12
2023-05-11 10:13:26,PK401P9100,PK401P9100,216.5,0.0,0.0,0.0,10,105.5,775.0,1,216.5,0.0,0.0,0.0,0.0,0.0,12
2023-05-11 10:13:27,PK401P9100,PK401P9100,216.5,0.0,0.0,0.0,10,105.5,774.5,10,216.5,0.0,0.0,0.0,0.0,0.0,12
2023-05-11 10:13:27,PK401P9100,PK401P9100,216.5,0.0,0.0,0.0,10,105.5,773.0,1,216.5,0.0,0.0,0.0,0.0,0.0,12
2023-05-11 10:13:28,PK401P9100,PK401P9100,216.5,0.0,0.0,0.0,10,105.5,772.5,10,216.5,0.0,0.0,0.0,0.0,0.0,12
2023-05-11 10:13:29,PK401P9100,PK401P9100,216.5,0.0,0.0,0.0,10,105.5,771.0,1,216.5,0.0,0.0,0.0,0.0,0.0,12
2023-05-11 10:13:29,PK401P9100,PK401P9100,216.5,0.0,0.0,0.0,10,105.5,770.5,10,216.5,0.0,0.0,0.0,0.0,0.0,12
2023-05-11 10:13:30,PK401P9100,PK401P9100,216.5,0.0,0.0,0.0,10,105.5,769.0,1,216.5,0.0,0.0,0.0,0.0,0.0,12
2023-05-11 10:13:30,PK401P9100,PK401P9100,216.5,0.0,0.0,0.0,10,105.5,768.5,10,216.5,0.0,0.0,0.0,0.0,0.0,12
2023-05-11 10:13:31,PK401P9100,PK401P9100,216.5,0.0,0.0,0.0,10,105.5,767.0,1,216.5,0.0,0.0,0.0,0.0,0.0,12
2023-05-11 10:13:31,PK401P9100,PK401P9100,216.5,0.0,0.0,0.0,10,105.5,766.5,10,216.5,0.0,0.0,0.0,0.0,0.0,12
2023-05-11 10:13:32,PK401P9100,PK401P9100,216.5,0.0,0.0,0.0,10,105.5,765.0,1,216.5,0.0,0.0,0.0,0.0,0.0,12
2023-05-11 10:13:32,PK401P9100,PK401P9100,216.5,0.0,0.0,0.0,10,105.5,764.5,10,216.5,0.0,0.0,0.0,0.0,0.0,12
2023-05-11 10:13:33,PK401P9100,PK401P9100,216.5,0.0,0.0,0.0,10,105.5,763.0,1,216.5,0.0,0.0,0.0,0.0,0.0,12
2023-05-11 10:13:33,PK401P9100,PK401P9100,216.5,0.0,0.0,0.0,10,105.5,762.5,10,216.5,0.0,0.0,0.0,0.0,0.0,12
2023-05-11 10:13:34,PK401P9100,PK401P9100,216.5,0.0,0.0,0.0,10,105.5,761.0,1,216.5,0.0,0.0,0.0,0.0,0.0,12
2023-05-11 10:13:35,PK401P9100,PK401P9100,216.5,0.0,0.0,0.0,10,105.5,760.5,10,216.5,0.0,0.0,0.0,0.0,0.0,12
2023-05-11 10:13:35,PK401P9100,PK401P9100,216.5,0.0,0.0,0.0,10,105.5,759.0,1,216.5,0.0,0.0,0.0,0.0,0.0,12
2023-05-11 10:14:33,PK401P9100,PK401P9100,216.5,0.0,0.0,0.0,1,47.5,759.0,1,216.5,0.0,0.0,0.0,0.0,0.0,12
2023-05-11 10:14:59,PK401P9100,PK401P9100,216.5,0.0,0.0,0.0,1,47.5,0.0,0,216.5,0.0,0.0,0.0,0.0,0.0,12
2023-05-11 10:30:13,PK401P9100,PK401P9100,216.5,0.0,0.0,0.0,1,48.0,0.0,0,216.5,0.0,0.0,0.0,0.0,0.0,12
2023-05-11 10:30:13,PK401P9100,PK401P9100,216.5,0.0,0.0,0.0,10,48.5,0.0,0,216.5,0.0,0.0,0.0,0.0,0.0,12
2023-05-11 10:30:18,PK401P9100,PK401P9100,216.5,0.0,0.0,0.0,1,49.0,0.0,0,216.5,0.0,0.0,0.0,0.0,0.0,12
2023-05-11 10:30:18,PK401P9100,PK401P9100,216.5,0.0,0.0,0.0,10,49.5,0.0,0,216.5,0.0,0.0,0.0,0.0,0.0,12
2023-05-11 10:30:23,PK401P9100,PK401P9100,216.5,0.0,0.0,0.0,1,50.0,0.0,0,216.5,0.0,0.0,0.0,0.0,0.0,12
2023-05-11 10:30:24,PK401P9100,PK401P9100,216.5,0.0,0.0,0.0,10,50.5,0.0,0,216.5,0.0,0.0,0.0,0.0,0.0,12
2023-05-11 10:30:27,PK401P9100,PK401P9100,216.5,0.0,0.0,0.0,1,51.0,0.0,0,216.5,0.0,0.0,0.0,0.0,0.0,12
2023-05-11 10:30:27,PK401P9100,PK401P9100,216.5,0.0,0.0,0.0,10,51.5,0.0,0,216.5,0.0,0.0,0.0,0.0,0.0,12
2023-05-11 10:30:30,PK401P9100,PK401P9100,216.5,0.0,0.0,0.0,1,59.5,0.0,0,216.5,0.0,0.0,0.0,0.0,0.0,12
2023-05-11 10:30:30,PK401P9100,PK401P9100,216.5,0.0,0.0,0.0,10,60.0,0.0,0,216.5,0.0,0.0,0.0,0.0,0.0,12
2023-05-11 10:30:31,PK401P9100,PK401P9100,216.5,0.0,0.0,0.0,1,61.5,922.5,10,216.5,0.0,0.0,0.0,0.0,0.0,12
2023-05-11 10:30:31,PK401P9100,PK401P9100,216.5,0.0,0.0,0.0,10,62.0,922.5,10,216.5,0.0,0.0,0.0,0.0,0.0,12
2023-05-11 10:30:33,PK401P9100,PK401P9100,216.5,0.0,0.0,0.0,1,63.5,921.0,1,216.5,0.0,0.0,0.0,0.0,0.0,12
2023-05-11 10:30:33,PK401P9100,PK401P9100,216.5,0.0,0.0,0.0,1,70.0,920.5,10,216.5,0.0,0.0,0.0,0.0,0.0,12
2023-05-11 10:30:34,PK401P9100,PK401P9100,216.5,0.0,0.0,0.0,10,70.5,920.5,10,216.5,0.0,0.0,0.0,0.0,0.0,12
2023-05-11 10:30:34,PK401P9100,PK401P9100,216.5,0.0,0.0,0.0,1,72.0,920.5,10,216.5,0.0,0.0,0.0,0.0,0.0,12
2023-05-11 10:30:34,PK401P9100,PK401P9100,216.5,0.0,0.0,0.0,10,72.5,920.5,10,216.5,0.0,0.0,0.0,0.0,0.0,12
2023-05-11 10:30:36,PK401P9100,PK401P9100,216.5,0.0,0.0,0.0,1,80.5,920.5,10,216.5,0.0,0.0,0.0,0.0,0.0,12
2023-05-11 10:30:36,PK401P9100,PK401P9100,216.5,0.0,0.0,0.0,10,81.0,919.0,1,216.5,0.0,0.0,0.0,0.0,0.0,12
2023-05-11 10:30:37,PK401P9100,PK401P9100,216.5,0.0,0.0,0.0,1,82.5,918.5,10,216.5,0.0,0.0,0.0,0.0,0.0,12
2023-05-11 10:30:37,PK401P9100,PK401P9100,216.5,0.0,0.0,0.0,10,83.0,918.5,10,216.5,0.0,0.0,0.0,0.0,0.0,12
2023-05-11 10:30:38,PK401P9100,PK401P9100,216.5,0.0,0.0,0.0,1,84.5,917.0,1,216.5,0.0,0.0,0.0,0.0,0.0,12
2023-05-11 10:30:38,PK401P9100,PK401P9100,216.5,0.0,0.0,0.0,1,92.5,916.5,10,216.5,0.0,0.0,0.0,0.0,0.0,12
2023-05-11 10:30:39,PK401P9100,PK401P9100,216.5,0.0,0.0,0.0,1,94.0,915.0,1,216.5,0.0,0.0,0.0,0.0,0.0,12
2023-05-11 10:30:40,PK401P9100,PK401P9100,216.5,0.0,0.0,0.0,1,102.0,914.5,10,216.5,0.0,0.0,0.0,0.0,0.0,12
2023-05-11 10:30:41,PK401P9100,PK401P9100,216.5,0.0,0.0,0.0,10,102.5,914.5,10,216.5,0.0,0.0,0.0,0.0,0.0,12
2023-05-11 10:30:41,PK401P9100,PK401P9100,216.5,0.0,0.0,0.0,1,110.5,914.5,10,216.5,0.0,0.0,0.0,0.0,0.0,12
2023-05-11 10:30:42,PK401P9100,PK401P9100,216.5,0.0,0.0,0.0,10,111.0,914.5,10,216.5,0.0,0.0,0.0,0.0,0.0,12
2023-05-11 10:30:43,PK401P9100,PK401P9100,216.5,0.0,0.0,0.0,1,115.0,914.5,10,216.5,0.0,0.0,0.0,0.0,0.0,12
2023-05-11 10:31:48,PK401P9100,PK401P9100,216.5,0.0,0.0,0.0,10,115.5,914.5,10,216.5,0.0,0.0,0.0,0.0,0.0,12
2023-05-11 10:31:52,PK401P9100,PK401P9100,216.5,0.0,0.0,0.0,1,119.5,914.5,10,216.5,0.0,0.0,0.0,0.0,0.0,12
2023-05-11 10:31:52,PK401P9100,PK401P9100,216.5,0.0,0.0,0.0,10,120.0,914.5,10,216.5,0.0,0.0,0.0,0.0,0.0,12
2023-05-11 10:31:54,PK401P9100,PK401P9100,216.5,0.0,0.0,0.0,1,120.5,914.5,10,216.5,0.0,0.0,0.0,0.0,0.0,12
2023-05-11 10:31:54,PK401P9100,PK401P9100,216.5,0.0,0.0,0.0,10,121.0,914.5,10,216.5,0.0,0.0,0.0,0.0,0.0,12
2023-05-11 10:31:56,PK401P9100,PK401P9100,216.5,0.0,0.0,0.0,1,121.5,914.5,10,216.5,0.0,0.0,0.0,0.0,0.0,12
2023-05-11 10:31:56,PK401P9100,PK401P9100,216.5,0.0,0.0,0.0,10,122.0,914.5,10,216.5,0.0,0.0,0.0,0.0,0.0,12
2023-05-11 10:31:58,PK401P9100,PK401P9100,216.5,0.0,0.0,0.0,1,122.5,914.5,10,216.5,0.0,0.0,0.0,0.0,0.0,12
2023-05-11 10:31:58,PK401P9100,PK401P9100,216.5,0.0,0.0,0.0,10,123.0,914.5,10,216.5,0.0,0.0,0.0,0.0,0.0,12
2023-05-11 10:32:00,PK401P9100,PK401P9100,216.5,0.0,0.0,0.0,1,123.5,914.5,10,216.5,0.0,0.0,0.0,0.0,0.0,12
2023-05-11 10:32:00,PK401P9100,PK401P9100,216.5,0.0,0.0,0.0,10,124.0,914.5,10,216.5,0.0,0.0,0.0,0.0,0.0,12
2023-05-11 10:35:51,PK401P9100,PK401P9100,216.5,0.0,0.0,0.0,1,124.5,914.5,10,216.5,0.0,0.0,0.0,0.0,0.0,12
2023-05-11 10:35:51,PK401P9100,PK401P9100,216.5,0.0,0.0,0.0,10,125.0,914.5,10,216.5,0.0,0.0,0.0,0.0,0.0,12
2023-05-11 10:35:52,PK401P9100,PK401P9100,216.5,0.0,0.0,0.0,1,125.5,914.5,10,216.5,0.0,0.0,0.0,0.0,0.0,12
2023-05-11 10:35:52,PK401P9100,PK401P9100,216.5,0.0,0.0,0.0,10,126.0,914.5,10,216.5,0.0,0.0,0.0,0.0,0.0,12
2023-05-11 10:35:53,PK401P9100,PK401P9100,216.5,0.0,0.0,0.0,1,126.5,914.5,10,216.5,0.0,0.0,0.0,0.0,0.0,12
2023-05-11 10:36:53,PK401P9100,PK401P9100,216.5,0.0,0.0,0.0,10,127.0,914.5,10,216.5,0.0,0.0,0.0,0.0,0.0,12
2023-05-11 10:36:56,PK401P9100,PK401P9100,216.5,0.0,0.0,0.0,1,135.0,914.5,10,216.5,0.0,0.0,0.0,0.0,0.0,12
2023-05-11 10:36:56,PK401P9100,PK401P9100,216.5,0.0,0.0,0.0,10,135.5,914.5,10,216.5,0.0,0.0,0.0,0.0,0.0,12
2023-05-11 10:36:58,PK401P9100,PK401P9100,216.5,0.0,0.0,0.0,1,136.0,914.5,10,216.5,0.0,0.0,0.0,0.0,0.0,12
2023-05-11 10:36:59,PK401P9100,PK401P9100,216.5,0.0,0.0,0.0,10,136.5,914.5,10,216.5,0.0,0.0,0.0,0.0,0.0,12
2023-05-11 10:37:01,PK401P9100,PK401P9100,216.5,0.0,0.0,0.0,1,137.0,914.5,10,216.5,0.0,0.0,0.0,0.0,0.0,12
2023-05-11 10:37:01,PK401P9100,PK401P9100,216.5,0.0,0.0,0.0,10,137.5,914.5,10,216.5,0.0,0.0,0.0,0.0,0.0,12
2023-05-11 10:37:03,PK401P9100,PK401P9100,216.5,0.0,0.0,0.0,1,138.0,914.5,10,216.5,0.0,0.0,0.0,0.0,0.0,12
2023-05-11 10:37:03,PK401P9100,PK401P9100,216.5,0.0,0.0,0.0,10,138.5,914.5,10,216.5,0.0,0.0,0.0,0.0,0.0,12
2023-05-11 10:37:05,PK401P9100,PK401P9100,216.5,0.0,0.0,0.0,1,139.0,914.5,10,216.5,0.0,0.0,0.0,0.0,0.0,12
2023-05-11 10:37:49,PK401P9100,PK401P9100,216.5,0.0,0.0,0.0,10,139.5,914.5,10,216.5,0.0,0.0,0.0,0.0,0.0,12
2023-05-11 10:37:51,PK401P9100,PK401P9100,216.5,0.0,0.0,0.0,1,140.0,914.5,10,216.5,0.0,0.0,0.0,0.0,0.0,12
2023-05-11 10:37:51,PK401P9100,PK401P9100,216.5,0.0,0.0,0.0,10,140.5,914.5,10,216.5,0.0,0.0,0.0,0.0,0.0,12
2023-05-11 10:39:29,PK401P9100,PK401P9100,216.5,0.0,0.0,0.0,1,141.0,914.5,10,216.5,0.0,0.0,0.0,0.0,0.0,12
2023-05-11 10:39:30,PK401P9100,PK401P9100,216.5,0.0,0.0,0.0,10,141.5,914.5,10,216.5,0.0,0.0,0.0,0.0,0.0,12
2023-05-11 10:39:31,PK401P9100,PK401P9100,216.5,0.0,0.0,0.0,1,142.0,914.5,10,216.5,0.0,0.0,0.0,0.0,0.0,12
2023-05-11 10:40:47,PK401P9100,PK401P9100,216.5,0.0,0.0,0.0,10,142.5,914.5,10,216.5,0.0,0.0,0.0,0.0,0.0,12
2023-05-11 10:40:49,PK401P9100,PK401P9100,216.5,0.0,0.0,0.0,10,142.5,913.0,1,216.5,0.0,0.0,0.0,0.0,0.0,12
2023-05-11 10:40:49,PK401P9100,PK401P9100,216.5,0.0,0.0,0.0,1,146.5,913.0,1,216.5,0.0,0.0,0.0,0.0,0.0,12
2023-05-11 10:41:48,PK401P9100,PK401P9100,216.5,0.0,0.0,0.0,10,147.0,912.5,10,216.5,0.0,0.0,0.0,0.0,0.0,12
2023-05-11 10:41:48,PK401P9100,PK401P9100,216.5,0.0,0.0,0.0,10,147.0,911.0,1,216.5,0.0,0.0,0.0,0.0,0.0,12
2023-05-11 10:41:49,PK401P9100,PK401P9100,216.5,0.0,0.0,0.0,10,147.0,910.5,10,216.5,0.0,0.0,0.0,0.0,0.0,12
2023-05-11 10:41:49,PK401P9100,PK401P9100,216.5,0.0,0.0,0.0,1,151.0,910.5,10,216.5,0.0,0.0,0.0,0.0,0.0,12
2023-05-11 10:41:50,PK401P9100,PK401P9100,216.5,0.0,0.0,0.0,10,151.5,909.0,1,216.5,0.0,0.0,0.0,0.0,0.0,12
2023-05-11 10:41:50,PK401P9100,PK401P9100,216.5,0.0,0.0,0.0,10,151.5,908.5,10,216.5,0.0,0.0,0.0,0.0,0.0,12
2023-05-11 10:41:51,PK401P9100,PK401P9100,216.5,0.0,0.0,0.0,10,151.5,907.0,1,216.5,0.0,0.0,0.0,0.0,0.0,12
2023-05-11 10:41:51,PK401P9100,PK401P9100,216.5,0.0,0.0,0.0,1,152.0,906.5,10,216.5,0.0,0.0,0.0,0.0,0.0,12
2023-05-11 10:41:52,PK401P9100,PK401P9100,216.5,0.0,0.0,0.0,10,152.5,905.0,1,216.5,0.0,0.0,0.0,0.0,0.0,12
2023-05-11 10:41:52,PK401P9100,PK401P9100,216.5,0.0,0.0,0.0,10,152.5,904.5,10,216.5,0.0,0.0,0.0,0.0,0.0,12
2023-05-11 10:41:53,PK401P9100,PK401P9100,216.5,0.0,0.0,0.0,10,152.5,903.0,1,216.5,0.0,0.0,0.0,0.0,0.0,12
2023-05-11 10:42:19,PK401P9100,PK401P9100,216.5,0.0,0.0,0.0,10,152.5,902.5,10,216.5,0.0,0.0,0.0,0.0,0.0,12
2023-05-11 10:42:20,PK401P9100,PK401P9100,216.5,0.0,0.0,0.0,10,152.5,901.0,1,216.5,0.0,0.0,0.0,0.0,0.0,12
2023-05-11 10:42:21,PK401P9100,PK401P9100,216.5,0.0,0.0,0.0,10,152.5,900.5,10,216.5,0.0,0.0,0.0,0.0,0.0,12
2023-05-11 10:42:21,PK401P9100,PK401P9100,216.5,0.0,0.0,0.0,10,152.5,899.0,1,216.5,0.0,0.0,0.0,0.0,0.0,12
2023-05-11 10:42:22,PK401P9100,PK401P9100,216.5,0.0,0.0,0.0,10,152.5,898.5,10,216.5,0.0,0.0,0.0,0.0,0.0,12
2023-05-11 10:50:42,PK401P9100,PK401P9100,216.5,0.0,0.0,0.0,1,153.0,898.5,10,216.5,0.0,0.0,0.0,0.0,0.0,12
2023-05-11 10:51:05,PK401P9100,PK401P9100,216.5,0.0,0.0,0.0,1,161.0,898.5,10,216.5,0.0,0.0,0.0,0.0,0.0,12
2023-05-11 10:52:03,PK401P9100,PK401P9100,216.5,0.0,0.0,0.0,1,47.5,898.5,10,216.5,0.0,0.0,0.0,0.0,0.0,12
2023-05-11 10:52:04,PK401P9100,PK401P9100,216.5,0.0,0.0,0.0,1,55.5,898.5,10,216.5,0.0,0.0,0.0,0.0,0.0,12
2023-05-11 10:52:04,PK401P9100,PK401P9100,216.5,0.0,0.0,0.0,10,56.0,898.5,10,216.5,0.0,0.0,0.0,0.0,0.0,12
2023-05-11 10:52:05,PK401P9100,PK401P9100,216.5,0.0,0.0,0.0,1,64.0,898.5,10,216.5,0.0,0.0,0.0,0.0,0.0,12
2023-05-11 10:53:28,PK401P9100,PK401P9100,216.5,0.0,0.0,0.0,10,64.5,898.5,10,216.5,0.0,0.0,0.0,0.0,0.0,12
2023-05-11 10:53:29,PK401P9100,PK401P9100,216.5,0.0,0.0,0.0,1,66.0,897.0,1,216.5,0.0,0.0,0.0,0.0,0.0,12
2023-05-11 10:53:29,PK401P9100,PK401P9100,216.5,0.0,0.0,0.0,10,66.5,896.5,10,216.5,0.0,0.0,0.0,0.0,0.0,12
2023-05-11 10:53:30,PK401P9100,PK401P9100,216.5,0.0,0.0,0.0,1,68.0,895.0,1,216.5,0.0,0.0,0.0,0.0,0.0,12
2023-05-11 10:53:30,PK401P9100,PK401P9100,216.5,0.0,0.0,0.0,1,76.0,895.0,1,216.5,0.0,0.0,0.0,0.0,0.0,12
2023-05-11 10:53:31,PK401P9100,PK401P9100,216.5,0.0,0.0,0.0,10,76.5,894.5,10,216.5,0.0,0.0,0.0,0.0,0.0,12
2023-05-11 10:53:31,PK401P9100,PK401P9100,216.5,0.0,0.0,0.0,1,78.0,893.0,1,216.5,0.0,0.0,0.0,0.0,0.0,12
2023-05-11 10:53:32,PK401P9100,PK401P9100,216.5,0.0,0.0,0.0,1,86.0,893.0,1,216.5,0.0,0.0,0.0,0.0,0.0,12
2023-05-11 10:53:33,PK401P9100,PK401P9100,216.5,0.0,0.0,0.0,1,87.5,893.0,1,216.5,0.0,0.0,0.0,0.0,0.0,12
2023-05-11 10:53:33,PK401P9100,PK401P9100,216.5,0.0,0.0,0.0,1,95.5,893.0,1,216.5,0.0,0.0,0.0,0.0,0.0,12
2023-05-11 10:53:34,PK401P9100,PK401P9100,216.5,0.0,0.0,0.0,10,97.5,892.5,10,216.5,0.0,0.0,0.0,0.0,0.0,12
2023-05-11 10:53:34,PK401P9100,PK401P9100,216.5,0.0,0.0,0.0,1,105.5,891.0,1,216.5,0.0,0.0,0.0,0.0,0.0,12
2023-05-11 10:56:17,PK401P9100,PK401P9100,216.5,0.0,0.0,0.0,10,106.0,890.5,10,216.5,0.0,0.0,0.0,0.0,0.0,12
2023-05-11 10:56:19,PK401P9100,PK401P9100,216.5,0.0,0.0,0.0,10,114.5,890.5,10,216.5,0.0,0.0,0.0,0.0,0.0,12
2023-05-11 10:56:21,PK401P9100,PK401P9100,216.5,0.0,0.0,0.0,1,122.5,890.5,10,216.5,0.0,0.0,0.0,0.0,0.0,12
2023-05-11 10:57:17,PK401P9100,PK401P9100,216.5,0.0,0.0,0.0,10,123.0,890.5,10,216.5,0.0,0.0,0.0,0.0,0.0,12
2023-05-11 10:57:17,PK401P9100,PK401P9100,216.5,0.0,0.0,0.0,1,127.0,890.5,10,216.5,0.0,0.0,0.0,0.0,0.0,12
2023-05-11 10:57:18,PK401P9100,PK401P9100,216.5,0.0,0.0,0.0,10,127.5,890.5,10,216.5,0.0,0.0,0.0,0.0,0.0,12
2023-05-11 10:57:20,PK401P9100,PK401P9100,216.5,0.0,0.0,0.0,1,128.0,890.5,10,216.5,0.0,0.0,0.0,0.0,0.0,12
2023-05-11 10:57:20,PK401P9100,PK401P9100,216.5,0.0,0.0,0.0,10,128.5,890.5,10,216.5,0.0,0.0,0.0,0.0,0.0,12
2023-05-11 10:57:21,PK401P9100,PK401P9100,216.5,0.0,0.0,0.0,1,129.0,890.5,10,216.5,0.0,0.0,0.0,0.0,0.0,12
2023-05-11 10:58:13,PK401P9100,PK401P9100,216.5,0.0,0.0,0.0,10,129.5,890.5,10,216.5,0.0,0.0,0.0,0.0,0.0,12
2023-05-11 10:58:14,PK401P9100,PK401P9100,216.5,0.0,0.0,0.0,1,130.0,890.5,10,216.5,0.0,0.0,0.0,0.0,0.0,12
2023-05-11 10:58:14,PK401P9100,PK401P9100,216.5,0.0,0.0,0.0,10,130.5,890.5,10,216.5,0.0,0.0,0.0,0.0,0.0,12
2023-05-11 11:03:55,PK401P9100,PK401P9100,216.5,0.0,0.0,0.0,10,130.5,889.0,1,216.5,0.0,0.0,0.0,0.0,0.0,12
2023-05-11 11:03:55,PK401P9100,PK401P9100,216.5,0.0,0.0,0.0,10,130.5,888.5,10,216.5,0.0,0.0,0.0,0.0,0.0,12
2023-05-11 11:03:56,PK401P9100,PK401P9100,216.5,0.0,0.0,0.0,10,130.5,887.0,1,216.5,0.0,0.0,0.0,0.0,0.0,12
2023-05-11 11:03:56,PK401P9100,PK401P9100,216.5,0.0,0.0,0.0,10,130.5,886.5,10,216.5,0.0,0.0,0.0,0.0,0.0,12
2023-05-11 11:03:57,PK401P9100,PK401P9100,216.5,0.0,0.0,0.0,10,130.5,885.0,1,216.5,0.0,0.0,0.0,0.0,0.0,12
2023-05-11 11:04:25,PK401P9100,PK401P9100,216.5,0.0,0.0,0.0,10,130.5,884.5,10,216.5,0.0,0.0,0.0,0.0,0.0,12
2023-05-11 11:04:25,PK401P9100,PK401P9100,216.5,0.0,0.0,0.0,10,130.5,883.0,1,216.5,0.0,0.0,0.0,0.0,0.0,12
2023-05-11 11:04:25,PK401P9100,PK401P9100,216.5,0.0,0.0,0.0,10,130.5,882.5,10,216.5,0.0,0.0,0.0,0.0,0.0,12
2023-05-11 11:04:27,PK401P9100,PK401P9100,216.5,0.0,0.0,0.0,10,130.5,881.0,1,216.5,0.0,0.0,0.0,0.0,0.0,12
2023-05-11 11:04:27,PK401P9100,PK401P9100,216.5,0.0,0.0,0.0,10,130.5,880.5,10,216.5,0.0,0.0,0.0,0.0,0.0,12
2023-05-11 11:04:28,PK401P9100,PK401P9100,216.5,0.0,0.0,0.0,10,130.5,879.0,1,216.5,0.0,0.0,0.0,0.0,0.0,12
2023-05-11 11:04:28,PK401P9100,PK401P9100,216.5,0.0,0.0,0.0,10,130.5,878.5,10,216.5,0.0,0.0,0.0,0.0,0.0,12
2023-05-11 11:04:29,PK401P9100,PK401P9100,216.5,0.0,0.0,0.0,10,130.5,877.0,1,216.5,0.0,0.0,0.0,0.0,0.0,12
2023-05-11 11:04:29,PK401P9100,PK401P9100,216.5,0.0,0.0,0.0,10,130.5,876.5,10,216.5,0.0,0.0,0.0,0.0,0.0,12
2023-05-11 11:04:31,PK401P9100,PK401P9100,216.5,0.0,0.0,0.0,10,130.5,875.0,1,216.5,0.0,0.0,0.0,0.0,0.0,12
2023-05-11 11:04:31,PK401P9100,PK401P9100,216.5,0.0,0.0,0.0,10,130.5,874.5,10,216.5,0.0,0.0,0.0,0.0,0.0,12
2023-05-11 11:04:32,PK401P9100,PK401P9100,216.5,0.0,0.0,0.0,10,130.5,873.0,1,216.5,0.0,0.0,0.0,0.0,0.0,12
2023-05-11 11:04:33,PK401P9100,PK401P9100,216.5,0.0,0.0,0.0,10,130.5,872.5,10,216.5,0.0,0.0,0.0,0.0,0.0,12
2023-05-11 11:04:34,PK401P9100,PK401P9100,216.5,0.0,0.0,0.0,10,130.5,871.0,1,216.5,0.0,0.0,0.0,0.0,0.0,12
2023-05-11 11:04:34,PK401P9100,PK401P9100,216.5,0.0,0.0,0.0,10,130.5,870.5,10,216.5,0.0,0.0,0.0,0.0,0.0,12
2023-05-11 11:29:32,PK401P9100,PK401P9100,216.5,0.0,0.0,0.0,1,47.5,0.0,0,216.5,0.0,0.0,0.0,0.0,0.0,12
2023-05-11 11:29:34,PK401P9100,PK401P9100,216.5,0.0,0.0,0.0,1,8.5,0.0,0,216.5,0.0,0.0,0.0,0.0,0.0,12
2023-05-11 13:30:11,PK401P9100,PK401P9100,216.5,0.0,0.0,0.0,10,9.0,0.0,0,216.5,0.0,0.0,0.0,0.0,0.0,12
2023-05-11 13:31:13,PK401P9100,PK401P9100,216.5,0.0,0.0,0.0,1,17.0,0.0,0,216.5,0.0,0.0,0.0,0.0,0.0,12
2023-05-11 13:31:14,PK401P9100,PK401P9100,216.5,0.0,0.0,0.0,10,17.5,0.0,0,216.5,0.0,0.0,0.0,0.0,0.0,12
2023-05-11 13:31:22,PK401P9100,PK401P9100,216.5,0.0,0.0,0.0,1,25.5,0.0,0,216.5,0.0,0.0,0.0,0.0,0.0,12
2023-05-11 13:33:23,PK401P9100,PK401P9100,216.5,0.0,0.0,0.0,10,26.0,0.0,0,216.5,0.0,0.0,0.0,0.0,0.0,12
2023-05-11 13:33:25,PK401P9100,PK401P9100,216.5,0.0,0.0,0.0,1,34.0,0.0,0,216.5,0.0,0.0,0.0,0.0,0.0,12
2023-05-11 13:34:51,PK401P9100,PK401P9100,216.5,0.0,0.0,0.0,10,34.5,0.0,0,216.5,0.0,0.0,0.0,0.0,0.0,12
2023-05-11 13:34:53,PK401P9100,PK401P9100,216.5,0.0,0.0,0.0,1,38.5,0.0,0,216.5,0.0,0.0,0.0,0.0,0.0,12
2023-05-11 13:34:53,PK401P9100,PK401P9100,216.5,0.0,0.0,0.0,10,39.0,0.0,0,216.5,0.0,0.0,0.0,0.0,0.0,12
2023-05-11 13:34:58,PK401P9100,PK401P9100,216.5,0.0,0.0,0.0,1,47.0,0.0,0,216.5,0.0,0.0,0.0,0.0,0.0,12
2023-05-11 13:34:59,PK401P9100,PK401P9100,216.5,0.0,0.0,0.0,10,47.5,0.0,0,216.5,0.0,0.0,0.0,0.0,0.0,12
2023-05-11 13:35:03,PK401P9100,PK401P9100,216.5,0.0,0.0,0.0,1,55.5,0.0,0,216.5,0.0,0.0,0.0,0.0,0.0,12
2023-05-11 13:37:34,PK401P9100,PK401P9100,216.5,0.0,0.0,0.0,10,56.0,0.0,0,216.5,0.0,0.0,0.0,0.0,0.0,12
2023-05-11 13:37:37,PK401P9100,PK401P9100,216.5,0.0,0.0,0.0,1,64.0,0.0,0,216.5,0.0,0.0,0.0,0.0,0.0,12
2023-05-11 13:37:38,PK401P9100,PK401P9100,216.5,0.0,0.0,0.0,10,64.5,0.0,0,216.5,0.0,0.0,0.0,0.0,0.0,12
2023-05-11 13:37:41,PK401P9100,PK401P9100,216.5,0.0,0.0,0.0,1,72.5,0.0,0,216.5,0.0,0.0,0.0,0.0,0.0,12
2023-05-11 13:37:42,PK401P9100,PK401P9100,216.5,0.0,0.0,0.0,10,73.0,0.0,0,216.5,0.0,0.0,0.0,0.0,0.0,12
2023-05-11 13:37:44,PK401P9100,PK401P9100,216.5,0.0,0.0,0.0,1,81.0,0.0,0,216.5,0.0,0.0,0.0,0.0,0.0,12
2023-05-11 13:37:45,PK401P9100,PK401P9100,216.5,0.0,0.0,0.0,10,81.5,0.0,0,216.5,0.0,0.0,0.0,0.0,0.0,12
2023-05-11 13:37:46,PK401P9100,PK401P9100,216.5,0.0,0.0,0.0,1,89.5,0.0,0,216.5,0.0,0.0,0.0,0.0,0.0,12
2023-05-11 13:37:57,PK401P9100,PK401P9100,216.5,0.0,0.0,0.0,10,90.0,0.0,0,216.5,0.0,0.0,0.0,0.0,0.0,12
2023-05-11 13:38:00,PK401P9100,PK401P9100,216.5,0.0,0.0,0.0,1,98.0,0.0,0,216.5,0.0,0.0,0.0,0.0,0.0,12
2023-05-11 13:38:54,PK401P9100,PK401P9100,216.5,0.0,0.0,0.0,10,98.5,0.0,0,216.5,0.0,0.0,0.0,0.0,0.0,12
2023-05-11 13:38:57,PK401P9100,PK401P9100,216.5,0.0,0.0,0.0,1,106.5,0.0,0,216.5,0.0,0.0,0.0,0.0,0.0,12
2023-05-11 13:40:04,PK401P9100,PK401P9100,216.5,0.0,0.0,0.0,10,107.0,0.0,0,216.5,0.0,0.0,0.0,0.0,0.0,12
2023-05-11 13:40:07,PK401P9100,PK401P9100,216.5,0.0,0.0,0.0,1,115.0,0.0,0,216.5,0.0,0.0,0.0,0.0,0.0,12
2023-05-11 13:40:28,PK401P9100,PK401P9100,216.5,0.0,0.0,0.0,10,115.5,0.0,0,216.5,0.0,0.0,0.0,0.0,0.0,12
2023-05-11 13:40:29,PK401P9100,PK401P9100,216.5,0.0,0.0,0.0,1,123.5,0.0,0,216.5,0.0,0.0,0.0,0.0,0.0,12
2023-05-11 13:42:15,PK401P9100,PK401P9100,216.5,0.0,0.0,0.0,10,124.0,0.0,0,216.5,0.0,0.0,0.0,0.0,0.0,12
2023-05-11 13:42:17,PK401P9100,PK401P9100,216.5,0.0,0.0,0.0,1,128.0,0.0,0,216.5,0.0,0.0,0.0,0.0,0.0,12
2023-05-11 13:42:17,PK401P9100,PK401P9100,216.5,0.0,0.0,0.0,10,128.5,0.0,0,216.5,0.0,0.0,0.0,0.0,0.0,12
2023-05-11 13:42:18,PK401P9100,PK401P9100,216.5,0.0,0.0,0.0,1,129.0,0.0,0,216.5,0.0,0.0,0.0,0.0,0.0,12
2023-05-11 13:43:30,PK401P9100,PK401P9100,216.5,0.0,0.0,0.0,10,129.5,0.0,0,216.5,0.0,0.0,0.0,0.0,0.0,12
2023-05-11 13:43:32,PK401P9100,PK401P9100,216.5,0.0,0.0,0.0,1,130.0,0.0,0,216.5,0.0,0.0,0.0,0.0,0.0,12
2023-05-11 13:46:21,PK401P9100,PK401P9100,216.5,0.0,0.0,0.0,10,130.5,0.0,0,216.5,0.0,0.0,0.0,0.0,0.0,12
2023-05-11 13:59:23,PK401P9100,PK401P9100,216.5,0.0,0.0,0.0,10,130.5,924.0,1,216.5,0.0,0.0,0.0,0.0,0.0,12
2023-05-11 13:59:58,PK401P9100,PK401P9100,216.5,0.0,0.0,0.0,1,134.5,924.0,1,216.5,0.0,0.0,0.0,0.0,0.0,12
2023-05-11 14:00:48,PK401P9100,PK401P9100,216.5,0.0,0.0,0.0,10,135.0,923.5,10,216.5,0.0,0.0,0.0,0.0,0.0,12
2023-05-11 14:00:51,PK401P9100,PK401P9100,216.5,0.0,0.0,0.0,10,135.0,923.0,1,216.5,0.0,0.0,0.0,0.0,0.0,12
2023-05-11 14:00:51,PK401P9100,PK401P9100,216.5,0.0,0.0,0.0,1,135.5,923.0,1,216.5,0.0,0.0,0.0,0.0,0.0,12
2023-05-11 14:00:52,PK401P9100,PK401P9100,216.5,0.0,0.0,0.0,10,136.0,922.5,10,216.5,0.0,0.0,0.0,0.0,0.0,12
2023-05-11 14:00:53,PK401P9100,PK401P9100,216.5,0.0,0.0,0.0,1,136.5,922.5,10,216.5,0.0,0.0,0.0,0.0,0.0,12
2023-05-11 14:00:56,PK401P9100,PK401P9100,216.5,0.0,0.0,0.0,1,136.5,922.0,1,216.5,0.0,0.0,0.0,0.0,0.0,12
2023-05-11 14:01:56,PK401P9100,PK401P9100,216.5,0.0,0.0,0.0,10,137.0,921.5,10,216.5,0.0,0.0,0.0,0.0,0.0,12
2023-05-11 14:01:59,PK401P9100,PK401P9100,216.5,0.0,0.0,0.0,10,137.0,921.0,1,216.5,0.0,0.0,0.0,0.0,0.0,12
2023-05-11 14:01:59,PK401P9100,PK401P9100,216.5,0.0,0.0,0.0,1,137.5,920.5,10,216.5,0.0,0.0,0.0,0.0,0.0,12
2023-05-11 14:02:00,PK401P9100,PK401P9100,216.5,0.0,0.0,0.0,10,138.0,920.0,1,216.5,0.0,0.0,0.0,0.0,0.0,12
2023-05-11 14:02:01,PK401P9100,PK401P9100,216.5,0.0,0.0,0.0,10,138.0,919.5,10,216.5,0.0,0.0,0.0,0.0,0.0,12
2023-05-11 14:02:01,PK401P9100,PK401P9100,216.5,0.0,0.0,0.0,1,138.5,919.5,10,216.5,0.0,0.0,0.0,0.0,0.0,12
2023-05-11 14:02:03,PK401P9100,PK401P9100,216.5,0.0,0.0,0.0,10,139.0,919.0,1,216.5,0.0,0.0,0.0,0.0,0.0,12
2023-05-11 14:02:03,PK401P9100,PK401P9100,216.5,0.0,0.0,0.0,10,139.0,918.5,10,216.5,0.0,0.0,0.0,0.0,0.0,12
2023-05-11 14:02:06,PK401P9100,PK401P9100,216.5,0.0,0.0,0.0,10,139.0,918.0,1,216.5,0.0,0.0,0.0,0.0,0.0,12
2023-05-11 14:02:06,PK401P9100,PK401P9100,216.5,0.0,0.0,0.0,10,139.0,917.5,10,216.5,0.0,0.0,0.0,0.0,0.0,12
2023-05-11 14:02:09,PK401P9100,PK401P9100,216.5,0.0,0.0,0.0,10,139.0,917.0,1,216.5,0.0,0.0,0.0,0.0,0.0,12
2023-05-11 14:02:17,PK401P9100,PK401P9100,216.5,0.0,0.0,0.0,10,139.0,916.5,10,216.5,0.0,0.0,0.0,0.0,0.0,12
2023-05-11 14:02:19,PK401P9100,PK401P9100,216.5,0.0,0.0,0.0,10,139.0,916.0,1,216.5,0.0,0.0,0.0,0.0,0.0,12
2023-05-11 14:02:20,PK401P9100,PK401P9100,216.5,0.0,0.0,0.0,10,139.0,915.5,10,216.5,0.0,0.0,0.0,0.0,0.0,12
2023-05-11 14:02:22,PK401P9100,PK401P9100,216.5,0.0,0.0,0.0,10,139.0,915.0,1,216.5,0.0,0.0,0.0,0.0,0.0,12
2023-05-11 14:03:38,PK401P9100,PK401P9100,216.5,0.0,0.0,0.0,10,139.0,914.5,10,216.5,0.0,0.0,0.0,0.0,0.0,12
2023-05-11 14:03:39,PK401P9100,PK401P9100,216.5,0.0,0.0,0.0,10,139.0,909.0,1,216.5,0.0,0.0,0.0,0.0,0.0,12
2023-05-11 14:03:40,PK401P9100,PK401P9100,216.5,0.0,0.0,0.0,10,139.0,908.5,10,216.5,0.0,0.0,0.0,0.0,0.0,12
2023-05-11 14:03:42,PK401P9100,PK401P9100,216.5,0.0,0.0,0.0,10,139.0,903.0,1,216.5,0.0,0.0,0.0,0.0,0.0,12
2023-05-11 14:03:42,PK401P9100,PK401P9100,216.5,0.0,0.0,0.0,10,139.0,902.5,10,216.5,0.0,0.0,0.0,0.0,0.0,12
2023-05-11 14:03:44,PK401P9100,PK401P9100,216.5,0.0,0.0,0.0,10,139.0,897.0,1,216.5,0.0,0.0,0.0,0.0,0.0,12
2023-05-11 14:03:45,PK401P9100,PK401P9100,216.5,0.0,0.0,0.0,10,139.0,896.5,10,216.5,0.0,0.0,0.0,0.0,0.0,12
2023-05-11 14:03:46,PK401P9100,PK401P9100,216.5,0.0,0.0,0.0,10,139.0,891.0,1,216.5,0.0,0.0,0.0,0.0,0.0,12
2023-05-11 14:03:47,PK401P9100,PK401P9100,216.5,0.0,0.0,0.0,10,139.0,890.5,10,216.5,0.0,0.0,0.0,0.0,0.0,12
2023-05-11 14:03:49,PK401P9100,PK401P9100,216.5,0.0,0.0,0.0,10,139.0,885.0,1,216.5,0.0,0.0,0.0,0.0,0.0,12
2023-05-11 14:03:49,PK401P9100,PK401P9100,216.5,0.0,0.0,0.0,10,139.0,884.5,10,216.5,0.0,0.0,0.0,0.0,0.0,12
2023-05-11 14:03:50,PK401P9100,PK401P9100,216.5,0.0,0.0,0.0,10,139.0,879.0,1,216.5,0.0,0.0,0.0,0.0,0.0,12
2023-05-11 14:03:51,PK401P9100,PK401P9100,216.5,0.0,0.0,0.0,10,139.0,878.5,10,216.5,0.0,0.0,0.0,0.0,0.0,12
2023-05-11 14:03:51,PK401P9100,PK401P9100,216.5,0.0,0.0,0.0,10,139.0,873.0,1,216.5,0.0,0.0,0.0,0.0,0.0,12
2023-05-11 14:03:52,PK401P9100,PK401P9100,216.5,0.0,0.0,0.0,10,139.0,872.5,10,216.5,0.0,0.0,0.0,0.0,0.0,12
2023-05-11 14:03:54,PK401P9100,PK401P9100,216.5,0.0,0.0,0.0,10,139.0,867.0,1,216.5,0.0,0.0,0.0,0.0,0.0,12
2023-05-11 14:08:14,PK401P9100,PK401P9100,216.5,0.0,0.0,0.0,10,139.0,866.5,10,216.5,0.0,0.0,0.0,0.0,0.0,12
2023-05-11 14:08:16,PK401P9100,PK401P9100,216.5,0.0,0.0,0.0,10,139.0,861.0,1,216.5,0.0,0.0,0.0,0.0,0.0,12
2023-05-11 14:08:17,PK401P9100,PK401P9100,216.5,0.0,0.0,0.0,10,139.0,860.5,10,216.5,0.0,0.0,0.0,0.0,0.0,12
2023-05-11 14:08:19,PK401P9100,PK401P9100,216.5,0.0,0.0,0.0,10,139.0,855.0,1,216.5,0.0,0.0,0.0,0.0,0.0,12
2023-05-11 14:08:19,PK401P9100,PK401P9100,216.5,0.0,0.0,0.0,10,139.0,854.5,10,216.5,0.0,0.0,0.0,0.0,0.0,12
2023-05-11 14:08:20,PK401P9100,PK401P9100,216.5,0.0,0.0,0.0,10,139.0,849.0,1,216.5,0.0,0.0,0.0,0.0,0.0,12
2023-05-11 14:08:21,PK401P9100,PK401P9100,216.5,0.0,0.0,0.0,10,139.0,848.5,10,216.5,0.0,0.0,0.0,0.0,0.0,12
2023-05-11 14:08:22,PK401P9100,PK401P9100,216.5,0.0,0.0,0.0,10,139.0,843.0,1,216.5,0.0,0.0,0.0,0.0,0.0,12
2023-05-11 14:08:22,PK401P9100,PK401P9100,216.5,0.0,0.0,0.0,10,139.0,842.5,10,216.5,0.0,0.0,0.0,0.0,0.0,12
2023-05-11 14:08:24,PK401P9100,PK401P9100,216.5,0.0,0.0,0.0,10,139.0,837.0,1,216.5,0.0,0.0,0.0,0.0,0.0,12
2023-05-11 14:08:24,PK401P9100,PK401P9100,216.5,0.0,0.0,0.0,10,139.0,836.5,10,216.5,0.0,0.0,0.0,0.0,0.0,12
2023-05-11 14:08:25,PK401P9100,PK401P9100,216.5,0.0,0.0,0.0,10,139.0,831.0,1,216.5,0.0,0.0,0.0,0.0,0.0,12
2023-05-11 14:08:26,PK401P9100,PK401P9100,216.5,0.0,0.0,0.0,10,139.0,830.5,10,216.5,0.0,0.0,0.0,0.0,0.0,12
2023-05-11 14:08:27,PK401P9100,PK401P9100,216.5,0.0,0.0,0.0,10,139.0,825.0,1,216.5,0.0,0.0,0.0,0.0,0.0,12
2023-05-11 14:08:27,PK401P9100,PK401P9100,216.5,0.0,0.0,0.0,10,139.0,824.5,10,216.5,0.0,0.0,0.0,0.0,0.0,12
2023-05-11 14:08:28,PK401P9100,PK401P9100,216.5,0.0,0.0,0.0,10,139.0,819.0,1,216.5,0.0,0.0,0.0,0.0,0.0,12
2023-05-11 14:08:29,PK401P9100,PK401P9100,216.5,0.0,0.0,0.0,10,139.0,818.5,10,216.5,0.0,0.0,0.0,0.0,0.0,12
2023-05-11 14:08:29,PK401P9100,PK401P9100,216.5,0.0,0.0,0.0,10,139.0,813.0,1,216.5,0.0,0.0,0.0,0.0,0.0,12
2023-05-11 14:08:30,PK401P9100,PK401P9100,216.5,0.0,0.0,0.0,10,139.0,812.5,10,216.5,0.0,0.0,0.0,0.0,0.0,12
2023-05-11 14:08:31,PK401P9100,PK401P9100,216.5,0.0,0.0,0.0,10,139.0,807.0,1,216.5,0.0,0.0,0.0,0.0,0.0,12
2023-05-11 14:11:30,PK401P9100,PK401P9100,216.5,0.0,0.0,0.0,10,139.0,806.5,10,216.5,0.0,0.0,0.0,0.0,0.0,12
2023-05-11 14:11:32,PK401P9100,PK401P9100,216.5,0.0,0.0,0.0,10,139.0,801.0,1,216.5,0.0,0.0,0.0,0.0,0.0,12
2023-05-11 14:11:32,PK401P9100,PK401P9100,216.5,0.0,0.0,0.0,10,139.0,800.5,10,216.5,0.0,0.0,0.0,0.0,0.0,12
2023-05-11 14:11:33,PK401P9100,PK401P9100,216.5,0.0,0.0,0.0,10,139.0,795.0,1,216.5,0.0,0.0,0.0,0.0,0.0,12
2023-05-11 14:11:34,PK401P9100,PK401P9100,216.5,0.0,0.0,0.0,10,139.0,794.5,10,216.5,0.0,0.0,0.0,0.0,0.0,12
2023-05-11 14:11:35,PK401P9100,PK401P9100,216.5,0.0,0.0,0.0,10,139.0,789.0,1,216.5,0.0,0.0,0.0,0.0,0.0,12
2023-05-11 14:14:55,PK401P9100,PK401P9100,216.5,0.0,0.0,0.0,10,139.0,788.5,10,216.5,0.0,0.0,0.0,0.0,0.0,12
2023-05-11 14:14:57,PK401P9100,PK401P9100,216.5,0.0,0.0,0.0,10,139.0,783.0,1,216.5,0.0,0.0,0.0,0.0,0.0,12
2023-05-11 14:14:58,PK401P9100,PK401P9100,216.5,0.0,0.0,0.0,10,139.0,782.5,10,216.5,0.0,0.0,0.0,0.0,0.0,12
2023-05-11 14:15:00,PK401P9100,PK401P9100,216.5,0.0,0.0,0.0,10,139.0,777.0,1,216.5,0.0,0.0,0.0,0.0,0.0,12
2023-05-11 14:15:00,PK401P9100,PK401P9100,216.5,0.0,0.0,0.0,10,139.0,776.5,10,216.5,0.0,0.0,0.0,0.0,0.0,12
2023-05-11 14:15:02,PK401P9100,PK401P9100,216.5,0.0,0.0,0.0,10,139.0,771.0,1,216.5,0.0,0.0,0.0,0.0,0.0,12
2023-05-11 14:15:02,PK401P9100,PK401P9100,216.5,0.0,0.0,0.0,10,139.0,770.5,10,216.5,0.0,0.0,0.0,0.0,0.0,12
2023-05-11 14:15:03,PK401P9100,PK401P9100,216.5,0.0,0.0,0.0,10,139.0,765.0,1,216.5,0.0,0.0,0.0,0.0,0.0,12
2023-05-11 14:16:42,PK401P9100,PK401P9100,216.5,0.0,0.0,0.0,10,139.0,764.5,10,216.5,0.0,0.0,0.0,0.0,0.0,12
2023-05-11 14:16:43,PK401P9100,PK401P9100,216.5,0.0,0.0,0.0,10,139.0,759.0,1,216.5,0.0,0.0,0.0,0.0,0.0,12
2023-05-11 14:16:54,PK401P9100,PK401P9100,216.5,0.0,0.0,0.0,10,139.0,758.5,10,216.5,0.0,0.0,0.0,0.0,0.0,12
2023-05-11 14:16:55,PK401P9100,PK401P9100,216.5,0.0,0.0,0.0,10,139.0,753.0,1,216.5,0.0,0.0,0.0,0.0,0.0,12
2023-05-11 14:16:56,PK401P9100,PK401P9100,216.5,0.0,0.0,0.0,10,139.0,752.5,10,216.5,0.0,0.0,0.0,0.0,0.0,12
2023-05-11 14:16:57,PK401P9100,PK401P9100,216.5,0.0,0.0,0.0,10,139.0,747.0,1,216.5,0.0,0.0,0.0,0.0,0.0,12
2023-05-11 14:16:58,PK401P9100,PK401P9100,216.5,0.0,0.0,0.0,10,139.0,746.5,10,216.5,0.0,0.0,0.0,0.0,0.0,12
2023-05-11 14:17:00,PK401P9100,PK401P9100,216.5,0.0,0.0,0.0,10,139.0,741.0,1,216.5,0.0,0.0,0.0,0.0,0.0,12
2023-05-11 14:19:41,PK401P9100,PK401P9100,216.5,0.0,0.0,0.0,10,139.0,740.5,10,216.5,0.0,0.0,0.0,0.0,0.0,12
2023-05-11 14:19:43,PK401P9100,PK401P9100,216.5,0.0,0.0,0.0,10,139.0,735.0,1,216.5,0.0,0.0,0.0,0.0,0.0,12
2023-05-11 14:19:54,PK401P9100,PK401P9100,216.5,0.0,0.0,0.0,10,139.0,734.5,10,216.5,0.0,0.0,0.0,0.0,0.0,12
2023-05-11 14:19:55,PK401P9100,PK401P9100,216.5,0.0,0.0,0.0,10,139.0,729.0,1,216.5,0.0,0.0,0.0,0.0,0.0,12
2023-05-11 14:20:35,PK401P9100,PK401P9100,216.5,0.0,0.0,0.0,10,139.0,728.5,10,216.5,0.0,0.0,0.0,0.0,0.0,12
2023-05-11 14:20:37,PK401P9100,PK401P9100,216.5,0.0,0.0,0.0,10,139.0,723.0,1,216.5,0.0,0.0,0.0,0.0,0.0,12
2023-05-11 14:20:38,PK401P9100,PK401P9100,216.5,0.0,0.0,0.0,10,139.0,722.5,10,216.5,0.0,0.0,0.0,0.0,0.0,12
2023-05-11 14:20:39,PK401P9100,PK401P9100,216.5,0.0,0.0,0.0,10,139.0,717.0,1,216.5,0.0,0.0,0.0,0.0,0.0,12
2023-05-11 14:20:40,PK401P9100,PK401P9100,216.5,0.0,0.0,0.0,10,139.0,716.5,10,216.5,0.0,0.0,0.0,0.0,0.0,12
2023-05-11 14:20:40,PK401P9100,PK401P9100,216.5,0.0,0.0,0.0,10,139.0,711.0,1,216.5,0.0,0.0,0.0,0.0,0.0,12
2023-05-11 14:20:41,PK401P9100,PK401P9100,216.5,0.0,0.0,0.0,10,139.0,710.5,10,216.5,0.0,0.0,0.0,0.0,0.0,12
2023-05-11 14:20:43,PK401P9100,PK401P9100,216.5,0.0,0.0,0.0,10,139.0,705.0,1,216.5,0.0,0.0,0.0,0.0,0.0,12
2023-05-11 14:20:44,PK401P9100,PK401P9100,216.5,0.0,0.0,0.0,10,139.0,704.5,10,216.5,0.0,0.0,0.0,0.0,0.0,12
2023-05-11 14:20:45,PK401P9100,PK401P9100,216.5,0.0,0.0,0.0,10,139.0,699.0,1,216.5,0.0,0.0,0.0,0.0,0.0,12
2023-05-11 14:20:45,PK401P9100,PK401P9100,216.5,0.0,0.0,0.0,10,139.0,698.5,10,216.5,0.0,0.0,0.0,0.0,0.0,12
2023-05-11 14:20:47,PK401P9100,PK401P9100,216.5,0.0,0.0,0.0,10,139.0,693.0,1,216.5,0.0,0.0,0.0,0.0,0.0,12
2023-05-11 14:20:48,PK401P9100,PK401P9100,216.5,0.0,0.0,0.0,10,139.0,692.5,10,216.5,0.0,0.0,0.0,0.0,0.0,12
