time,symbol_id,symbol_name,last,trade_volume,trade_amount,open_interest_change,bv1,bp1,ap1,av1,yesterday_close,today_open,today_high,today_low,volume,amount,open_interest
2023-05-11 14:41:23,PK401C9100,PK401C9100,1192.5,0.0,0.0,0.0,6,1023.0,1087.0,6,1192.5,0.0,0.0,0.0,0.0,0.0,0
2023-05-11 14:41:23,PK401C9100,PK401C9100,1192.5,0.0,0.0,0.0,9,1023.0,1087.0,9,1192.5,0.0,0.0,0.0,0.0,0.0,0
2023-05-11 14:41:24,PK401C9100,PK401C9100,1192.5,0.0,0.0,0.0,12,1023.0,1087.0,12,1192.5,0.0,0.0,0.0,0.0,0.0,0
2023-05-11 14:41:24,PK401C9100,PK401C9100,1192.5,0.0,0.0,0.0,9,1023.0,1087.0,9,1192.5,0.0,0.0,0.0,0.0,0.0,0
2023-05-11 14:41:25,PK401C9100,PK401C9100,1192.5,0.0,0.0,0.0,12,1023.0,1084.5,3,1192.5,0.0,0.0,0.0,0.0,0.0,0
2023-05-11 14:41:26,PK401C9100,PK401C9100,1192.5,0.0,0.0,0.0,3,1024.5,1084.5,3,1192.5,0.0,0.0,0.0,0.0,0.0,0
2023-05-11 14:41:29,PK401C9100,PK401C9100,1192.5,0.0,0.0,0.0,6,1024.5,1078.0,3,1192.5,0.0,0.0,0.0,0.0,0.0,0
2023-05-11 14:41:29,PK401C9100,PK401C9100,1192.5,0.0,0.0,0.0,9,1024.5,1078.0,6,1192.5,0.0,0.0,0.0,0.0,0.0,0
2023-05-11 14:41:30,PK401C9100,PK401C9100,1192.5,0.0,0.0,0.0,12,1024.5,1078.0,9,1192.5,0.0,0.0,0.0,0.0,0.0,0
2023-05-11 14:41:33,PK401C9100,PK401C9100,1192.5,0.0,0.0,0.0,15,1024.5,1078.0,12,1192.5,0.0,0.0,0.0,0.0,0.0,0
2023-05-11 14:41:35,PK401C9100,PK401C9100,1192.5,0.0,0.0,0.0,18,1024.5,1078.0,15,1192.5,0.0,0.0,0.0,0.0,0.0,0
2023-05-11 14:41:37,PK401C9100,PK401C9100,1192.5,0.0,0.0,0.0,15,1024.5,1078.0,15,1192.5,0.0,0.0,0.0,0.0,0.0,0
2023-05-11 14:41:40,PK401C9100,PK401C9100,1192.5,0.0,0.0,0.0,12,1024.5,1078.0,12,1192.5,0.0,0.0,0.0,0.0,0.0,0
2023-05-11 14:41:41,PK401C9100,PK401C9100,1192.5,0.0,0.0,0.0,9,1024.5,1078.0,9,1192.5,0.0,0.0,0.0,0.0,0.0,0
2023-05-11 14:41:42,PK401C9100,PK401C9100,1192.5,0.0,0.0,0.0,6,1024.5,1078.0,6,1192.5,0.0,0.0,0.0,0.0,0.0,0
2023-05-11 14:41:43,PK401C9100,PK401C9100,1192.5,0.0,0.0,0.0,3,1024.5,1078.0,3,1192.5,0.0,0.0,0.0,0.0,0.0,0
2023-05-11 14:41:46,PK401C9100,PK401C9100,1192.5,0.0,0.0,0.0,0,0.0,0.0,0,1192.5,0.0,0.0,0.0,0.0,0.0,0
2023-05-11 14:41:46,PK401C9100,PK401C9100,1192.5,0.0,0.0,0.0,10,486.5,1898.5,10,1192.5,0.0,0.0,0.0,0.0,0.0,0
2023-05-11 14:41:47,PK401C9100,PK401C9100,1192.5,0.0,0.0,0.0,1,488.0,1897.0,1,1192.5,0.0,0.0,0.0,0.0,0.0,0
2023-05-11 14:41:48,PK401C9100,PK401C9100,1192.5,0.0,0.0,0.0,10,488.5,1896.5,10,1192.5,0.0,0.0,0.0,0.0,0.0,0
2023-05-11 14:41:48,PK401C9100,PK401C9100,1192.5,0.0,0.0,0.0,1,490.0,1895.0,1,1192.5,0.0,0.0,0.0,0.0,0.0,0
2023-05-11 14:41:49,PK401C9100,PK401C9100,1192.5,0.0,0.0,0.0,10,490.5,1894.5,10,1192.5,0.0,0.0,0.0,0.0,0.0,0
2023-05-11 14:41:49,PK401C9100,PK401C9100,1192.5,0.0,0.0,0.0,1,492.0,1893.0,1,1192.5,0.0,0.0,0.0,0.0,0.0,0
2023-05-11 14:42:55,PK401C9100,PK401C9100,1192.5,0.0,0.0,0.0,10,492.5,1892.5,10,1192.5,0.0,0.0,0.0,0.0,0.0,0
2023-05-11 14:42:55,PK401C9100,PK401C9100,1192.5,0.0,0.0,0.0,1,494.0,1891.0,1,1192.5,0.0,0.0,0.0,0.0,0.0,0
2023-05-11 14:42:56,PK401C9100,PK401C9100,1192.5,0.0,0.0,0.0,10,494.5,1890.5,10,1192.5,0.0,0.0,0.0,0.0,0.0,0
2023-05-11 14:42:56,PK401C9100,PK401C9100,1192.5,0.0,0.0,0.0,1,496.0,1889.0,1,1192.5,0.0,0.0,0.0,0.0,0.0,0
2023-05-11 14:42:57,PK401C9100,PK401C9100,1192.5,0.0,0.0,0.0,10,496.5,1888.5,10,1192.5,0.0,0.0,0.0,0.0,0.0,0
2023-05-11 14:42:57,PK401C9100,PK401C9100,1192.5,0.0,0.0,0.0,1,498.0,1887.0,1,1192.5,0.0,0.0,0.0,0.0,0.0,0
2023-05-11 14:42:58,PK401C9100,PK401C9100,1192.5,0.0,0.0,0.0,10,498.5,1886.5,10,1192.5,0.0,0.0,0.0,0.0,0.0,0
2023-05-11 14:42:59,PK401C9100,PK401C9100,1192.5,0.0,0.0,0.0,1,500.0,1885.0,1,1192.5,0.0,0.0,0.0,0.0,0.0,0
2023-05-11 14:42:59,PK401C9100,PK401C9100,1192.5,0.0,0.0,0.0,10,500.5,1884.5,10,1192.5,0.0,0.0,0.0,0.0,0.0,0
2023-05-11 14:42:59,PK401C9100,PK401C9100,1192.5,0.0,0.0,0.0,1,502.0,1883.0,1,1192.5,0.0,0.0,0.0,0.0,0.0,0
2023-05-11 14:43:00,PK401C9100,PK401C9100,1192.5,0.0,0.0,0.0,10,502.5,1882.5,10,1192.5,0.0,0.0,0.0,0.0,0.0,0
2023-05-11 14:43:00,PK401C9100,PK401C9100,1192.5,0.0,0.0,0.0,1,504.0,1881.0,1,1192.5,0.0,0.0,0.0,0.0,0.0,0
2023-05-11 14:43:08,PK401C9100,PK401C9100,1192.5,0.0,0.0,0.0,10,504.5,1880.5,10,1192.5,0.0,0.0,0.0,0.0,0.0,0
2023-05-11 14:43:08,PK401C9100,PK401C9100,1192.5,0.0,0.0,0.0,1,506.0,1879.0,1,1192.5,0.0,0.0,0.0,0.0,0.0,0
2023-05-11 14:43:09,PK401C9100,PK401C9100,1192.5,0.0,0.0,0.0,10,506.5,1878.5,10,1192.5,0.0,0.0,0.0,0.0,0.0,0
2023-05-11 14:43:10,PK401C9100,PK401C9100,1192.5,0.0,0.0,0.0,1,508.0,1877.0,1,1192.5,0.0,0.0,0.0,0.0,0.0,0
2023-05-11 14:43:10,PK401C9100,PK401C9100,1192.5,0.0,0.0,0.0,10,508.5,1876.5,10,1192.5,0.0,0.0,0.0,0.0,0.0,0
2023-05-11 14:43:11,PK401C9100,PK401C9100,1192.5,0.0,0.0,0.0,1,510.0,1875.0,1,1192.5,0.0,0.0,0.0,0.0,0.0,0
2023-05-11 14:44:00,PK401C9100,PK401C9100,1192.5,0.0,0.0,0.0,10,510.5,1874.5,10,1192.5,0.0,0.0,0.0,0.0,0.0,0
2023-05-11 14:44:00,PK401C9100,PK401C9100,1192.5,0.0,0.0,0.0,1,512.0,1873.0,1,1192.5,0.0,0.0,0.0,0.0,0.0,0
2023-05-11 14:44:01,PK401C9100,PK401C9100,1192.5,0.0,0.0,0.0,10,512.5,1872.5,10,1192.5,0.0,0.0,0.0,0.0,0.0,0
2023-05-11 14:44:01,PK401C9100,PK401C9100,1192.5,0.0,0.0,0.0,1,514.0,1871.0,1,1192.5,0.0,0.0,0.0,0.0,0.0,0
2023-05-11 14:44:02,PK401C9100,PK401C9100,1192.5,0.0,0.0,0.0,10,514.5,1870.5,10,1192.5,0.0,0.0,0.0,0.0,0.0,0
2023-05-11 14:44:02,PK401C9100,PK401C9100,1192.5,0.0,0.0,0.0,1,516.0,1869.0,1,1192.5,0.0,0.0,0.0,0.0,0.0,0
2023-05-11 14:44:03,PK401C9100,PK401C9100,1192.5,0.0,0.0,0.0,10,516.5,1868.5,10,1192.5,0.0,0.0,0.0,0.0,0.0,0
2023-05-11 14:44:04,PK401C9100,PK401C9100,1192.5,0.0,0.0,0.0,1,518.0,1867.0,1,1192.5,0.0,0.0,0.0,0.0,0.0,0
2023-05-11 14:46:38,PK401C9100,PK401C9100,1192.5,0.0,0.0,0.0,10,518.5,1866.5,10,1192.5,0.0,0.0,0.0,0.0,0.0,0
2023-05-11 14:46:39,PK401C9100,PK401C9100,1192.5,0.0,0.0,0.0,1,520.0,1865.0,1,1192.5,0.0,0.0,0.0,0.0,0.0,0
2023-05-11 14:46:39,PK401C9100,PK401C9100,1192.5,0.0,0.0,0.0,10,520.5,1864.5,10,1192.5,0.0,0.0,0.0,0.0,0.0,0
2023-05-11 14:46:40,PK401C9100,PK401C9100,1192.5,0.0,0.0,0.0,1,522.0,1863.0,1,1192.5,0.0,0.0,0.0,0.0,0.0,0
2023-05-11 14:46:40,PK401C9100,PK401C9100,1192.5,0.0,0.0,0.0,10,522.5,1862.5,10,1192.5,0.0,0.0,0.0,0.0,0.0,0
2023-05-11 14:46:41,PK401C9100,PK401C9100,1192.5,0.0,0.0,0.0,1,524.0,1861.0,1,1192.5,0.0,0.0,0.0,0.0,0.0,0
2023-05-11 14:46:42,PK401C9100,PK401C9100,1192.5,0.0,0.0,0.0,10,524.5,1860.5,10,1192.5,0.0,0.0,0.0,0.0,0.0,0
2023-05-11 14:46:42,PK401C9100,PK401C9100,1192.5,0.0,0.0,0.0,1,526.0,1859.0,1,1192.5,0.0,0.0,0.0,0.0,0.0,0
2023-05-11 14:46:42,PK401C9100,PK401C9100,1192.5,0.0,0.0,0.0,10,526.5,1858.5,10,1192.5,0.0,0.0,0.0,0.0,0.0,0
2023-05-11 14:46:43,PK401C9100,PK401C9100,1192.5,0.0,0.0,0.0,1,528.0,1857.0,1,1192.5,0.0,0.0,0.0,0.0,0.0,0
2023-05-11 14:46:43,PK401C9100,PK401C9100,1192.5,0.0,0.0,0.0,10,528.5,1856.5,10,1192.5,0.0,0.0,0.0,0.0,0.0,0
2023-05-11 14:46:44,PK401C9100,PK401C9100,1192.5,0.0,0.0,0.0,1,530.0,1855.0,1,1192.5,0.0,0.0,0.0,0.0,0.0,0
2023-05-11 14:46:45,PK401C9100,PK401C9100,1192.5,0.0,0.0,0.0,10,530.5,1854.5,10,1192.5,0.0,0.0,0.0,0.0,0.0,0
2023-05-11 14:46:45,PK401C9100,PK401C9100,1192.5,0.0,0.0,0.0,1,532.0,1853.0,1,1192.5,0.0,0.0,0.0,0.0,0.0,0
2023-05-11 14:47:05,PK401C9100,PK401C9100,1192.5,0.0,0.0,0.0,10,532.5,1852.5,10,1192.5,0.0,0.0,0.0,0.0,0.0,0
2023-05-11 14:47:06,PK401C9100,PK401C9100,1192.5,0.0,0.0,0.0,1,534.0,1851.0,1,1192.5,0.0,0.0,0.0,0.0,0.0,0
2023-05-11 14:47:06,PK401C9100,PK401C9100,1192.5,0.0,0.0,0.0,10,534.5,1850.5,10,1192.5,0.0,0.0,0.0,0.0,0.0,0
2023-05-11 14:47:07,PK401C9100,PK401C9100,1192.5,0.0,0.0,0.0,1,536.0,1849.0,1,1192.5,0.0,0.0,0.0,0.0,0.0,0
2023-05-11 14:47:07,PK401C9100,PK401C9100,1192.5,0.0,0.0,0.0,10,536.5,1848.5,10,1192.5,0.0,0.0,0.0,0.0,0.0,0
2023-05-11 14:47:08,PK401C9100,PK401C9100,1192.5,0.0,0.0,0.0,1,538.0,1847.0,1,1192.5,0.0,0.0,0.0,0.0,0.0,0
2023-05-11 14:47:08,PK401C9100,PK401C9100,1192.5,0.0,0.0,0.0,10,538.5,1846.5,10,1192.5,0.0,0.0,0.0,0.0,0.0,0
2023-05-11 14:47:08,PK401C9100,PK401C9100,1192.5,0.0,0.0,0.0,1,538.0,1847.0,1,1192.5,0.0,0.0,0.0,0.0,0.0,0
2023-05-11 14:47:08,PK401C9100,PK401C9100,1192.5,0.0,0.0,0.0,10,538.5,1846.5,10,1192.5,0.0,0.0,0.0,0.0,0.0,0
2023-05-11 14:47:09,PK401C9100,PK401C9100,1192.5,0.0,0.0,0.0,10,540.5,1844.5,10,1192.5,0.0,0.0,0.0,0.0,0.0,0
2023-05-11 14:47:09,PK401C9100,PK401C9100,1192.5,0.0,0.0,0.0,1,542.0,1843.0,1,1192.5,0.0,0.0,0.0,0.0,0.0,0
2023-05-11 14:47:09,PK401C9100,PK401C9100,1192.5,0.0,0.0,0.0,10,542.5,1842.5,10,1192.5,0.0,0.0,0.0,0.0,0.0,0
2023-05-11 14:47:10,PK401C9100,PK401C9100,1192.5,0.0,0.0,0.0,1,544.0,1841.0,1,1192.5,0.0,0.0,0.0,0.0,0.0,0
2023-05-11 14:47:10,PK401C9100,PK401C9100,1192.5,0.0,0.0,0.0,10,544.5,1840.5,10,1192.5,0.0,0.0,0.0,0.0,0.0,0
2023-05-11 14:47:11,PK401C9100,PK401C9100,1192.5,0.0,0.0,0.0,1,546.0,1839.0,1,1192.5,0.0,0.0,0.0,0.0,0.0,0
2023-05-11 14:47:11,PK401C9100,PK401C9100,1192.5,0.0,0.0,0.0,10,546.5,1838.5,10,1192.5,0.0,0.0,0.0,0.0,0.0,0
2023-05-11 14:47:12,PK401C9100,PK401C9100,1192.5,0.0,0.0,0.0,1,548.0,1837.0,1,1192.5,0.0,0.0,0.0,0.0,0.0,0
2023-05-11 14:47:13,PK401C9100,PK401C9100,1192.5,0.0,0.0,0.0,10,548.5,1836.5,10,1192.5,0.0,0.0,0.0,0.0,0.0,0
2023-05-11 14:47:15,PK401C9100,PK401C9100,1192.5,0.0,0.0,0.0,1,550.0,1835.0,1,1192.5,0.0,0.0,0.0,0.0,0.0,0
2023-05-11 14:47:29,PK401C9100,PK401C9100,1192.5,0.0,0.0,0.0,10,550.5,1834.5,10,1192.5,0.0,0.0,0.0,0.0,0.0,0
2023-05-11 14:47:30,PK401C9100,PK401C9100,1192.5,0.0,0.0,0.0,1,552.0,1833.0,1,1192.5,0.0,0.0,0.0,0.0,0.0,0
2023-05-11 14:47:31,PK401C9100,PK401C9100,1192.5,0.0,0.0,0.0,10,552.5,1832.5,10,1192.5,0.0,0.0,0.0,0.0,0.0,0
2023-05-11 14:47:31,PK401C9100,PK401C9100,1192.5,0.0,0.0,0.0,1,554.0,1831.0,1,1192.5,0.0,0.0,0.0,0.0,0.0,0
2023-05-11 14:47:31,PK401C9100,PK401C9100,1192.5,0.0,0.0,0.0,10,554.5,1830.5,10,1192.5,0.0,0.0,0.0,0.0,0.0,0
2023-05-11 14:47:32,PK401C9100,PK401C9100,1192.5,0.0,0.0,0.0,1,556.0,1829.0,1,1192.5,0.0,0.0,0.0,0.0,0.0,0
2023-05-11 14:47:33,PK401C9100,PK401C9100,1192.5,0.0,0.0,0.0,10,556.5,1828.5,10,1192.5,0.0,0.0,0.0,0.0,0.0,0
2023-05-11 14:47:34,PK401C9100,PK401C9100,1192.5,0.0,0.0,0.0,1,558.0,1827.0,1,1192.5,0.0,0.0,0.0,0.0,0.0,0
2023-05-11 14:47:35,PK401C9100,PK401C9100,1192.5,0.0,0.0,0.0,10,558.5,1826.5,10,1192.5,0.0,0.0,0.0,0.0,0.0,0
2023-05-11 14:47:35,PK401C9100,PK401C9100,1192.5,0.0,0.0,0.0,1,560.0,1825.0,1,1192.5,0.0,0.0,0.0,0.0,0.0,0
2023-05-11 14:49:05,PK401C9100,PK401C9100,1192.5,0.0,0.0,0.0,10,560.5,1824.5,10,1192.5,0.0,0.0,0.0,0.0,0.0,0
2023-05-11 14:49:05,PK401C9100,PK401C9100,1192.5,0.0,0.0,0.0,1,562.0,1823.0,1,1192.5,0.0,0.0,0.0,0.0,0.0,0
2023-05-11 14:49:44,PK401C9100,PK401C9100,1192.5,0.0,0.0,0.0,10,562.5,1822.5,10,1192.5,0.0,0.0,0.0,0.0,0.0,0
2023-05-11 14:49:45,PK401C9100,PK401C9100,1192.5,0.0,0.0,0.0,10,564.5,1820.5,10,1192.5,0.0,0.0,0.0,0.0,0.0,0
2023-05-11 14:49:45,PK401C9100,PK401C9100,1192.5,0.0,0.0,0.0,1,566.0,1819.0,1,1192.5,0.0,0.0,0.0,0.0,0.0,0
2023-05-11 14:49:46,PK401C9100,PK401C9100,1192.5,0.0,0.0,0.0,10,566.5,1818.5,10,1192.5,0.0,0.0,0.0,0.0,0.0,0
2023-05-11 14:49:46,PK401C9100,PK401C9100,1192.5,0.0,0.0,0.0,1,568.0,1817.0,1,1192.5,0.0,0.0,0.0,0.0,0.0,0
2023-05-11 14:49:46,PK401C9100,PK401C9100,1192.5,0.0,0.0,0.0,10,568.5,1816.5,10,1192.5,0.0,0.0,0.0,0.0,0.0,0
2023-05-11 14:49:47,PK401C9100,PK401C9100,1192.5,0.0,0.0,0.0,1,570.0,1815.0,1,1192.5,0.0,0.0,0.0,0.0,0.0,0
2023-05-11 14:50:15,PK401C9100,PK401C9100,1192.5,0.0,0.0,0.0,10,570.5,1814.5,10,1192.5,0.0,0.0,0.0,0.0,0.0,0
2023-05-11 14:50:15,PK401C9100,PK401C9100,1192.5,0.0,0.0,0.0,1,572.0,1813.0,1,1192.5,0.0,0.0,0.0,0.0,0.0,0
2023-05-11 14:50:17,PK401C9100,PK401C9100,1192.5,0.0,0.0,0.0,10,572.5,1812.5,10,1192.5,0.0,0.0,0.0,0.0,0.0,0
2023-05-11 14:50:18,PK401C9100,PK401C9100,1192.5,0.0,0.0,0.0,10,574.5,1810.5,10,1192.5,0.0,0.0,0.0,0.0,0.0,0
2023-05-11 14:50:18,PK401C9100,PK401C9100,1192.5,0.0,0.0,0.0,1,576.0,1809.0,1,1192.5,0.0,0.0,0.0,0.0,0.0,0
2023-05-11 14:50:19,PK401C9100,PK401C9100,1192.5,0.0,0.0,0.0,10,576.5,1808.5,10,1192.5,0.0,0.0,0.0,0.0,0.0,0
2023-05-11 14:50:19,PK401C9100,PK401C9100,1192.5,0.0,0.0,0.0,1,578.0,1807.0,1,1192.5,0.0,0.0,0.0,0.0,0.0,0
2023-05-11 14:50:19,PK401C9100,PK401C9100,1192.5,0.0,0.0,0.0,10,578.5,1806.5,10,1192.5,0.0,0.0,0.0,0.0,0.0,0
2023-05-11 14:50:20,PK401C9100,PK401C9100,1192.5,0.0,0.0,0.0,1,580.0,1805.0,1,1192.5,0.0,0.0,0.0,0.0,0.0,0
2023-05-11 14:50:21,PK401C9100,PK401C9100,1192.5,0.0,0.0,0.0,10,580.5,1804.5,10,1192.5,0.0,0.0,0.0,0.0,0.0,0
2023-05-11 14:50:21,PK401C9100,PK401C9100,1192.5,0.0,0.0,0.0,1,582.0,1803.0,1,1192.5,0.0,0.0,0.0,0.0,0.0,0
2023-05-11 14:51:47,PK401C9100,PK401C9100,1192.5,0.0,0.0,0.0,10,582.5,1802.5,10,1192.5,0.0,0.0,0.0,0.0,0.0,0
2023-05-11 14:51:48,PK401C9100,PK401C9100,1192.5,0.0,0.0,0.0,1,584.0,1801.0,1,1192.5,0.0,0.0,0.0,0.0,0.0,0
2023-05-11 14:51:48,PK401C9100,PK401C9100,1192.5,0.0,0.0,0.0,10,584.5,1800.5,10,1192.5,0.0,0.0,0.0,0.0,0.0,0
2023-05-11 14:51:49,PK401C9100,PK401C9100,1192.5,0.0,0.0,0.0,1,586.0,1799.0,1,1192.5,0.0,0.0,0.0,0.0,0.0,0
2023-05-11 14:51:49,PK401C9100,PK401C9100,1192.5,0.0,0.0,0.0,10,586.5,1798.5,10,1192.5,0.0,0.0,0.0,0.0,0.0,0
2023-05-11 14:51:50,PK401C9100,PK401C9100,1192.5,0.0,0.0,0.0,1,588.0,1797.0,1,1192.5,0.0,0.0,0.0,0.0,0.0,0
2023-05-11 14:51:50,PK401C9100,PK401C9100,1192.5,0.0,0.0,0.0,10,588.5,1796.5,10,1192.5,0.0,0.0,0.0,0.0,0.0,0
2023-05-11 14:51:51,PK401C9100,PK401C9100,1192.5,0.0,0.0,0.0,1,590.0,1795.0,1,1192.5,0.0,0.0,0.0,0.0,0.0,0
2023-05-11 14:51:52,PK401C9100,PK401C9100,1192.5,0.0,0.0,0.0,10,590.5,1794.5,10,1192.5,0.0,0.0,0.0,0.0,0.0,0
2023-05-11 14:51:52,PK401C9100,PK401C9100,1192.5,0.0,0.0,0.0,1,592.0,1793.0,1,1192.5,0.0,0.0,0.0,0.0,0.0,0
2023-05-11 14:51:53,PK401C9100,PK401C9100,1192.5,0.0,0.0,0.0,10,592.5,1792.5,10,1192.5,0.0,0.0,0.0,0.0,0.0,0
2023-05-11 14:51:53,PK401C9100,PK401C9100,1192.5,0.0,0.0,0.0,1,594.0,1791.0,1,1192.5,0.0,0.0,0.0,0.0,0.0,0
2023-05-11 14:51:54,PK401C9100,PK401C9100,1192.5,0.0,0.0,0.0,10,594.5,1790.5,10,1192.5,0.0,0.0,0.0,0.0,0.0,0
2023-05-11 14:51:54,PK401C9100,PK401C9100,1192.5,0.0,0.0,0.0,1,596.0,1789.0,1,1192.5,0.0,0.0,0.0,0.0,0.0,0
2023-05-11 14:51:55,PK401C9100,PK401C9100,1192.5,0.0,0.0,0.0,10,596.5,1788.5,10,1192.5,0.0,0.0,0.0,0.0,0.0,0
2023-05-11 14:51:55,PK401C9100,PK401C9100,1192.5,0.0,0.0,0.0,1,598.0,1787.0,1,1192.5,0.0,0.0,0.0,0.0,0.0,0
2023-05-11 14:53:49,PK401C9100,PK401C9100,1192.5,0.0,0.0,0.0,10,598.5,1786.5,10,1192.5,0.0,0.0,0.0,0.0,0.0,0
2023-05-11 14:53:49,PK401C9100,PK401C9100,1192.5,0.0,0.0,0.0,1,600.0,1785.0,1,1192.5,0.0,0.0,0.0,0.0,0.0,0
2023-05-11 14:53:50,PK401C9100,PK401C9100,1192.5,0.0,0.0,0.0,10,600.5,1784.5,10,1192.5,0.0,0.0,0.0,0.0,0.0,0
2023-05-11 14:53:50,PK401C9100,PK401C9100,1192.5,0.0,0.0,0.0,1,602.0,1783.0,1,1192.5,0.0,0.0,0.0,0.0,0.0,0
2023-05-11 14:53:51,PK401C9100,PK401C9100,1192.5,0.0,0.0,0.0,10,602.5,1782.5,10,1192.5,0.0,0.0,0.0,0.0,0.0,0
2023-05-11 14:53:51,PK401C9100,PK401C9100,1192.5,0.0,0.0,0.0,1,604.0,1781.0,1,1192.5,0.0,0.0,0.0,0.0,0.0,0
2023-05-11 14:54:08,PK401C9100,PK401C9100,1192.5,0.0,0.0,0.0,10,604.5,1780.5,10,1192.5,0.0,0.0,0.0,0.0,0.0,0
2023-05-11 14:54:09,PK401C9100,PK401C9100,1192.5,0.0,0.0,0.0,1,606.0,1779.0,1,1192.5,0.0,0.0,0.0,0.0,0.0,0
2023-05-11 14:54:10,PK401C9100,PK401C9100,1192.5,0.0,0.0,0.0,10,606.5,1778.5,10,1192.5,0.0,0.0,0.0,0.0,0.0,0
2023-05-11 14:54:10,PK401C9100,PK401C9100,1192.5,0.0,0.0,0.0,1,608.0,1777.0,1,1192.5,0.0,0.0,0.0,0.0,0.0,0
2023-05-11 14:54:29,PK401C9100,PK401C9100,1192.5,0.0,0.0,0.0,10,608.5,1776.5,10,1192.5,0.0,0.0,0.0,0.0,0.0,0
2023-05-11 14:54:29,PK401C9100,PK401C9100,1192.5,0.0,0.0,0.0,1,610.0,1775.0,1,1192.5,0.0,0.0,0.0,0.0,0.0,0
2023-05-11 14:54:36,PK401C9100,PK401C9100,1192.5,0.0,0.0,0.0,10,610.5,1774.5,10,1192.5,0.0,0.0,0.0,0.0,0.0,0
2023-05-11 14:54:36,PK401C9100,PK401C9100,1192.5,0.0,0.0,0.0,1,612.0,1773.0,1,1192.5,0.0,0.0,0.0,0.0,0.0,0
2023-05-11 14:55:06,PK401C9100,PK401C9100,1192.5,0.0,0.0,0.0,10,612.5,1772.5,10,1192.5,0.0,0.0,0.0,0.0,0.0,0
2023-05-11 14:55:06,PK401C9100,PK401C9100,1192.5,0.0,0.0,0.0,1,614.0,1771.0,1,1192.5,0.0,0.0,0.0,0.0,0.0,0
2023-05-11 14:55:08,PK401C9100,PK401C9100,1192.5,0.0,0.0,0.0,10,614.5,1770.5,10,1192.5,0.0,0.0,0.0,0.0,0.0,0
2023-05-11 14:55:08,PK401C9100,PK401C9100,1192.5,0.0,0.0,0.0,1,616.0,1769.0,1,1192.5,0.0,0.0,0.0,0.0,0.0,0
2023-05-11 14:55:42,PK401C9100,PK401C9100,1192.5,0.0,0.0,0.0,10,616.5,1768.5,10,1192.5,0.0,0.0,0.0,0.0,0.0,0
2023-05-11 14:55:42,PK401C9100,PK401C9100,1192.5,0.0,0.0,0.0,1,618.0,1767.0,1,1192.5,0.0,0.0,0.0,0.0,0.0,0
2023-05-11 14:55:42,PK401C9100,PK401C9100,1192.5,0.0,0.0,0.0,10,618.5,1766.5,10,1192.5,0.0,0.0,0.0,0.0,0.0,0
2023-05-11 14:55:43,PK401C9100,PK401C9100,1192.5,0.0,0.0,0.0,1,620.0,1765.0,1,1192.5,0.0,0.0,0.0,0.0,0.0,0
2023-05-11 14:55:43,PK401C9100,PK401C9100,1192.5,0.0,0.0,0.0,10,620.5,1764.5,10,1192.5,0.0,0.0,0.0,0.0,0.0,0
2023-05-11 14:55:44,PK401C9100,PK401C9100,1192.5,0.0,0.0,0.0,1,622.0,1763.0,1,1192.5,0.0,0.0,0.0,0.0,0.0,0
2023-05-11 14:55:44,PK401C9100,PK401C9100,1192.5,0.0,0.0,0.0,10,622.5,1762.5,10,1192.5,0.0,0.0,0.0,0.0,0.0,0
2023-05-11 14:55:45,PK401C9100,PK401C9100,1192.5,0.0,0.0,0.0,1,624.0,1761.0,1,1192.5,0.0,0.0,0.0,0.0,0.0,0
2023-05-11 14:55:45,PK401C9100,PK401C9100,1192.5,0.0,0.0,0.0,10,624.5,1760.5,10,1192.5,0.0,0.0,0.0,0.0,0.0,0
2023-05-11 14:55:46,PK401C9100,PK401C9100,1192.5,0.0,0.0,0.0,1,626.0,1759.0,1,1192.5,0.0,0.0,0.0,0.0,0.0,0
2023-05-11 14:56:08,PK401C9100,PK401C9100,1192.5,0.0,0.0,0.0,10,626.5,1758.5,10,1192.5,0.0,0.0,0.0,0.0,0.0,0
2023-05-11 14:56:08,PK401C9100,PK401C9100,1192.5,0.0,0.0,0.0,1,628.0,1757.0,1,1192.5,0.0,0.0,0.0,0.0,0.0,0
2023-05-11 14:56:33,PK401C9100,PK401C9100,1192.5,0.0,0.0,0.0,10,628.5,1756.5,10,1192.5,0.0,0.0,0.0,0.0,0.0,0
2023-05-11 14:56:33,PK401C9100,PK401C9100,1192.5,0.0,0.0,0.0,1,630.0,1755.0,1,1192.5,0.0,0.0,0.0,0.0,0.0,0
2023-05-11 14:59:45,PK401C9100,PK401C9100,1192.5,0.0,0.0,0.0,10,630.5,1754.5,10,1192.5,0.0,0.0,0.0,0.0,0.0,0
2023-05-11 14:59:54,PK401C9100,PK401C9100,1192.5,0.0,0.0,0.0,0,0.0,0.0,0,1192.5,0.0,0.0,0.0,0.0,0.0,0
