time,symbol_id,symbol_name,last,trade_volume,trade_amount,open_interest_change,bv1,bp1,ap1,av1,yesterday_close,today_open,today_high,today_low,volume,amount,open_interest
2023-05-11 09:00:02,PK401P8600,PK401P8600,130.0,0.0,0.0,0.0,9,110.0,0.0,0,130.0,134.0,0.0,0.0,0.0,0.0,249
2023-05-11 09:00:13,PK401P8600,PK401P8600,130.0,0.0,0.0,0.0,0,0.0,0.0,0,130.0,134.0,0.0,0.0,0.0,0.0,249
2023-05-11 09:00:13,PK401P8600,PK401P8600,130.0,0.0,0.0,0.0,9,120.0,0.0,0,130.0,134.0,0.0,0.0,0.0,0.0,249
2023-05-11 09:00:19,PK401P8600,PK401P8600,130.0,0.0,0.0,0.0,0,0.0,0.0,0,130.0,134.0,0.0,0.0,0.0,0.0,249
2023-05-11 09:00:19,PK401P8600,PK401P8600,130.0,0.0,0.0,0.0,9,125.0,0.0,0,130.0,134.0,0.0,0.0,0.0,0.0,249
2023-05-11 09:00:24,PK401P8600,PK401P8600,130.0,0.0,0.0,0.0,9,130.0,0.0,0,130.0,134.0,0.0,0.0,0.0,0.0,249
2023-05-11 09:01:09,PK401P8600,PK401P8600,130.0,0.0,0.0,0.0,1,130.0,0.0,0,130.0,134.0,0.0,0.0,0.0,0.0,249
2023-05-11 09:01:10,PK401P8600,PK401P8600,130.0,0.0,0.0,0.0,1,130.0,825.0,10,130.0,134.0,0.0,0.0,0.0,0.0,249
2023-05-11 09:01:12,PK401P8600,PK401P8600,130.0,0.0,0.0,0.0,1,130.0,823.5,1,130.0,134.0,0.0,0.0,0.0,0.0,249
2023-05-11 09:01:12,PK401P8600,PK401P8600,130.0,0.0,0.0,0.0,1,130.0,823.0,10,130.0,134.0,0.0,0.0,0.0,0.0,249
2023-05-11 09:01:14,PK401P8600,PK401P8600,130.0,0.0,0.0,0.0,1,130.0,821.5,1,130.0,134.0,0.0,0.0,0.0,0.0,249
2023-05-11 09:01:14,PK401P8600,PK401P8600,130.0,0.0,0.0,0.0,1,130.0,821.0,10,130.0,134.0,0.0,0.0,0.0,0.0,249
2023-05-11 09:01:15,PK401P8600,PK401P8600,130.0,0.0,0.0,0.0,1,130.0,819.5,1,130.0,134.0,0.0,0.0,0.0,0.0,249
2023-05-11 09:01:15,PK401P8600,PK401P8600,130.0,0.0,0.0,0.0,1,130.0,819.0,10,130.0,134.0,0.0,0.0,0.0,0.0,249
2023-05-11 09:01:16,PK401P8600,PK401P8600,130.0,0.0,0.0,0.0,1,130.0,817.5,1,130.0,134.0,0.0,0.0,0.0,0.0,249
2023-05-11 09:01:16,PK401P8600,PK401P8600,130.0,0.0,0.0,0.0,1,130.0,817.0,10,130.0,134.0,0.0,0.0,0.0,0.0,249
2023-05-11 09:01:17,PK401P8600,PK401P8600,130.0,0.0,0.0,0.0,1,130.0,815.5,1,130.0,134.0,0.0,0.0,0.0,0.0,249
2023-05-11 09:01:17,PK401P8600,PK401P8600,130.0,0.0,0.0,0.0,1,130.0,815.0,10,130.0,134.0,0.0,0.0,0.0,0.0,249
2023-05-11 09:01:19,PK401P8600,PK401P8600,130.0,0.0,0.0,0.0,1,130.0,813.5,1,130.0,134.0,0.0,0.0,0.0,0.0,249
2023-05-11 09:01:19,PK401P8600,PK401P8600,130.0,0.0,0.0,0.0,1,130.0,813.0,10,130.0,134.0,0.0,0.0,0.0,0.0,249
2023-05-11 09:01:20,PK401P8600,PK401P8600,130.0,0.0,0.0,0.0,1,130.0,811.5,1,130.0,134.0,0.0,0.0,0.0,0.0,249
2023-05-11 09:01:20,PK401P8600,PK401P8600,130.0,0.0,0.0,0.0,1,130.0,811.0,10,130.0,134.0,0.0,0.0,0.0,0.0,249
2023-05-11 09:01:21,PK401P8600,PK401P8600,130.0,0.0,0.0,0.0,1,130.0,809.5,1,130.0,134.0,0.0,0.0,0.0,0.0,249
2023-05-11 09:01:21,PK401P8600,PK401P8600,130.0,0.0,0.0,0.0,1,130.0,809.0,10,130.0,134.0,0.0,0.0,0.0,0.0,249
2023-05-11 09:01:22,PK401P8600,PK401P8600,130.0,0.0,0.0,0.0,1,130.0,807.5,1,130.0,134.0,0.0,0.0,0.0,0.0,249
2023-05-11 09:01:22,PK401P8600,PK401P8600,130.0,0.0,0.0,0.0,1,130.0,807.0,10,130.0,134.0,0.0,0.0,0.0,0.0,249
2023-05-11 09:01:24,PK401P8600,PK401P8600,130.0,0.0,0.0,0.0,1,130.0,805.5,1,130.0,134.0,0.0,0.0,0.0,0.0,249
2023-05-11 09:01:24,PK401P8600,PK401P8600,130.0,0.0,0.0,0.0,1,130.0,805.0,10,130.0,134.0,0.0,0.0,0.0,0.0,249
2023-05-11 09:01:25,PK401P8600,PK401P8600,130.0,0.0,0.0,0.0,1,130.0,803.5,1,130.0,134.0,0.0,0.0,0.0,0.0,249
2023-05-11 09:01:25,PK401P8600,PK401P8600,130.0,0.0,0.0,0.0,1,130.0,803.0,10,130.0,134.0,0.0,0.0,0.0,0.0,249
2023-05-11 09:01:26,PK401P8600,PK401P8600,130.0,0.0,0.0,0.0,1,130.0,801.5,1,130.0,134.0,0.0,0.0,0.0,0.0,249
2023-05-11 09:01:26,PK401P8600,PK401P8600,130.0,0.0,0.0,0.0,1,130.0,801.0,10,130.0,134.0,0.0,0.0,0.0,0.0,249
2023-05-11 09:01:27,PK401P8600,PK401P8600,130.0,0.0,0.0,0.0,1,130.0,799.5,1,130.0,134.0,0.0,0.0,0.0,0.0,249
2023-05-11 09:01:27,PK401P8600,PK401P8600,130.0,0.0,0.0,0.0,1,130.0,799.0,10,130.0,134.0,0.0,0.0,0.0,0.0,249
2023-05-11 09:01:28,PK401P8600,PK401P8600,130.0,0.0,0.0,0.0,1,130.0,797.5,1,130.0,134.0,0.0,0.0,0.0,0.0,249
2023-05-11 09:01:28,PK401P8600,PK401P8600,130.0,0.0,0.0,0.0,1,130.0,797.0,10,130.0,134.0,0.0,0.0,0.0,0.0,249
2023-05-11 09:01:29,PK401P8600,PK401P8600,130.0,0.0,0.0,0.0,1,130.0,795.5,1,130.0,134.0,0.0,0.0,0.0,0.0,249
2023-05-11 09:01:29,PK401P8600,PK401P8600,130.0,0.0,0.0,0.0,1,130.0,795.0,10,130.0,134.0,0.0,0.0,0.0,0.0,249
2023-05-11 09:01:30,PK401P8600,PK401P8600,130.0,0.0,0.0,0.0,1,130.0,793.5,1,130.0,134.0,0.0,0.0,0.0,0.0,249
2023-05-11 09:01:30,PK401P8600,PK401P8600,130.0,0.0,0.0,0.0,1,130.0,793.0,10,130.0,134.0,0.0,0.0,0.0,0.0,249
2023-05-11 09:01:31,PK401P8600,PK401P8600,130.0,0.0,0.0,0.0,1,130.0,791.5,1,130.0,134.0,0.0,0.0,0.0,0.0,249
2023-05-11 09:01:31,PK401P8600,PK401P8600,130.0,0.0,0.0,0.0,1,130.0,791.0,10,130.0,134.0,0.0,0.0,0.0,0.0,249
2023-05-11 09:01:32,PK401P8600,PK401P8600,130.0,0.0,0.0,0.0,1,130.0,789.5,1,130.0,134.0,0.0,0.0,0.0,0.0,249
2023-05-11 09:01:32,PK401P8600,PK401P8600,130.0,0.0,0.0,0.0,1,130.0,789.0,10,130.0,134.0,0.0,0.0,0.0,0.0,249
2023-05-11 09:01:33,PK401P8600,PK401P8600,130.0,0.0,0.0,0.0,1,130.0,787.5,1,130.0,134.0,0.0,0.0,0.0,0.0,249
2023-05-11 09:01:33,PK401P8600,PK401P8600,130.0,0.0,0.0,0.0,1,130.0,787.0,10,130.0,134.0,0.0,0.0,0.0,0.0,249
2023-05-11 09:01:34,PK401P8600,PK401P8600,130.0,0.0,0.0,0.0,1,130.0,785.5,1,130.0,134.0,0.0,0.0,0.0,0.0,249
2023-05-11 09:01:34,PK401P8600,PK401P8600,130.0,0.0,0.0,0.0,1,130.0,785.0,10,130.0,134.0,0.0,0.0,0.0,0.0,249
2023-05-11 09:01:36,PK401P8600,PK401P8600,130.0,0.0,0.0,0.0,0,0.0,783.5,1,130.0,134.0,0.0,0.0,0.0,0.0,249
2023-05-11 09:01:36,PK401P8600,PK401P8600,130.0,0.0,0.0,0.0,9,130.0,783.0,10,130.0,134.0,0.0,0.0,0.0,0.0,249
2023-05-11 09:01:37,PK401P8600,PK401P8600,130.0,0.0,0.0,0.0,9,130.0,781.5,1,130.0,134.0,0.0,0.0,0.0,0.0,249
2023-05-11 09:01:37,PK401P8600,PK401P8600,130.0,0.0,0.0,0.0,9,130.0,781.0,10,130.0,134.0,0.0,0.0,0.0,0.0,249
2023-05-11 09:01:38,PK401P8600,PK401P8600,130.0,0.0,0.0,0.0,9,130.0,779.5,1,130.0,134.0,0.0,0.0,0.0,0.0,249
2023-05-11 09:01:38,PK401P8600,PK401P8600,130.0,0.0,0.0,0.0,9,130.0,779.0,10,130.0,134.0,0.0,0.0,0.0,0.0,249
2023-05-11 09:01:39,PK401P8600,PK401P8600,130.0,0.0,0.0,0.0,9,130.0,777.5,1,130.0,134.0,0.0,0.0,0.0,0.0,249
2023-05-11 09:01:39,PK401P8600,PK401P8600,130.0,0.0,0.0,0.0,9,130.0,777.0,10,130.0,134.0,0.0,0.0,0.0,0.0,249
2023-05-11 09:01:40,PK401P8600,PK401P8600,130.0,0.0,0.0,0.0,9,130.0,775.5,1,130.0,134.0,0.0,0.0,0.0,0.0,249
2023-05-11 09:01:40,PK401P8600,PK401P8600,130.0,0.0,0.0,0.0,9,130.0,775.0,10,130.0,134.0,0.0,0.0,0.0,0.0,249
2023-05-11 09:01:41,PK401P8600,PK401P8600,130.0,0.0,0.0,0.0,9,130.0,773.5,1,130.0,134.0,0.0,0.0,0.0,0.0,249
2023-05-11 09:01:41,PK401P8600,PK401P8600,130.0,0.0,0.0,0.0,9,130.0,773.0,10,130.0,134.0,0.0,0.0,0.0,0.0,249
2023-05-11 09:01:42,PK401P8600,PK401P8600,130.0,0.0,0.0,0.0,9,130.0,771.5,1,130.0,134.0,0.0,0.0,0.0,0.0,249
2023-05-11 09:01:42,PK401P8600,PK401P8600,130.0,0.0,0.0,0.0,9,130.0,771.0,10,130.0,134.0,0.0,0.0,0.0,0.0,249
2023-05-11 09:01:43,PK401P8600,PK401P8600,130.0,0.0,0.0,0.0,9,130.0,769.5,1,130.0,134.0,0.0,0.0,0.0,0.0,249
2023-05-11 09:01:43,PK401P8600,PK401P8600,130.0,0.0,0.0,0.0,9,130.0,769.0,10,130.0,134.0,0.0,0.0,0.0,0.0,249
2023-05-11 09:01:44,PK401P8600,PK401P8600,130.0,0.0,0.0,0.0,9,130.0,767.5,1,130.0,134.0,0.0,0.0,0.0,0.0,249
2023-05-11 09:01:44,PK401P8600,PK401P8600,130.0,0.0,0.0,0.0,9,130.0,767.0,10,130.0,134.0,0.0,0.0,0.0,0.0,249
2023-05-11 09:01:45,PK401P8600,PK401P8600,130.0,0.0,0.0,0.0,9,130.0,765.5,1,130.0,134.0,0.0,0.0,0.0,0.0,249
2023-05-11 09:01:45,PK401P8600,PK401P8600,130.0,0.0,0.0,0.0,9,130.0,765.0,10,130.0,134.0,0.0,0.0,0.0,0.0,249
2023-05-11 09:01:46,PK401P8600,PK401P8600,130.0,0.0,0.0,0.0,9,130.0,763.5,1,130.0,134.0,0.0,0.0,0.0,0.0,249
2023-05-11 09:01:46,PK401P8600,PK401P8600,130.0,0.0,0.0,0.0,9,130.0,763.0,10,130.0,134.0,0.0,0.0,0.0,0.0,249
2023-05-11 09:01:47,PK401P8600,PK401P8600,130.0,0.0,0.0,0.0,9,130.0,761.5,1,130.0,134.0,0.0,0.0,0.0,0.0,249
2023-05-11 09:01:48,PK401P8600,PK401P8600,130.0,0.0,0.0,0.0,3,133.0,148.0,3,130.0,134.0,0.0,0.0,0.0,0.0,249
2023-05-11 09:01:48,PK401P8600,PK401P8600,130.0,0.0,0.0,0.0,6,133.0,148.0,6,130.0,134.0,0.0,0.0,0.0,0.0,249
2023-05-11 09:01:49,PK401P8600,PK401P8600,130.0,0.0,0.0,0.0,9,133.0,148.0,9,130.0,134.0,0.0,0.0,0.0,0.0,249
2023-05-11 09:01:51,PK401P8600,PK401P8600,130.0,0.0,0.0,0.0,3,133.5,148.0,9,130.0,134.0,0.0,0.0,0.0,0.0,249
2023-05-11 09:01:54,PK401P8600,PK401P8600,130.0,0.0,0.0,0.0,6,133.5,148.0,12,130.0,134.0,0.0,0.0,0.0,0.0,249
2023-05-11 09:01:55,PK401P8600,PK401P8600,130.0,0.0,0.0,0.0,6,133.5,134.0,3,130.0,134.0,0.0,0.0,0.0,0.0,249
2023-05-11 09:01:55,PK401P8600,PK401P8600,130.0,0.0,0.0,0.0,12,133.5,134.0,9,130.0,134.0,0.0,0.0,0.0,0.0,249
2023-05-11 09:01:56,PK401P8600,PK401P8600,130.0,0.0,0.0,0.0,15,133.5,134.0,12,130.0,134.0,0.0,0.0,0.0,0.0,249
2023-05-11 09:02:03,PK401P8600,PK401P8600,130.0,0.0,0.0,0.0,12,133.5,134.0,12,130.0,134.0,0.0,0.0,0.0,0.0,249
2023-05-11 09:02:05,PK401P8600,PK401P8600,130.0,0.0,0.0,0.0,9,133.5,134.0,12,130.0,134.0,0.0,0.0,0.0,0.0,249
2023-05-11 09:02:06,PK401P8600,PK401P8600,130.0,0.0,0.0,0.0,9,133.5,134.0,9,130.0,134.0,0.0,0.0,0.0,0.0,249
2023-05-11 09:02:06,PK401P8600,PK401P8600,134.0,9.0,1206.0,3.0,3,134.0,148.0,3,130.0,134.0,134.0,134.0,9.0,1206.0,252
2023-05-11 09:02:07,PK401P8600,PK401P8600,134.0,0.0,0.0,0.0,3,134.0,0.0,0,130.0,134.0,134.0,134.0,9.0,1206.0,252
2023-05-11 09:02:07,PK401P8600,PK401P8600,134.0,0.0,0.0,0.0,3,134.0,825.0,10,130.0,134.0,134.0,134.0,9.0,1206.0,252
2023-05-11 09:02:07,PK401P8600,PK401P8600,134.0,0.0,0.0,0.0,3,134.0,823.5,1,130.0,134.0,134.0,134.0,9.0,1206.0,252
2023-05-11 09:02:08,PK401P8600,PK401P8600,134.0,0.0,0.0,0.0,3,134.0,823.0,10,130.0,134.0,134.0,134.0,9.0,1206.0,252
2023-05-11 09:02:08,PK401P8600,PK401P8600,134.0,0.0,0.0,0.0,3,134.0,821.5,1,130.0,134.0,134.0,134.0,9.0,1206.0,252
2023-05-11 09:02:09,PK401P8600,PK401P8600,134.0,0.0,0.0,0.0,3,134.0,821.0,10,130.0,134.0,134.0,134.0,9.0,1206.0,252
2023-05-11 09:02:09,PK401P8600,PK401P8600,134.0,0.0,0.0,0.0,3,134.0,819.5,1,130.0,134.0,134.0,134.0,9.0,1206.0,252
2023-05-11 09:02:10,PK401P8600,PK401P8600,134.0,0.0,0.0,0.0,3,134.0,819.0,10,130.0,134.0,134.0,134.0,9.0,1206.0,252
2023-05-11 09:02:11,PK401P8600,PK401P8600,134.0,0.0,0.0,0.0,3,134.0,817.5,1,130.0,134.0,134.0,134.0,9.0,1206.0,252
2023-05-11 09:02:11,PK401P8600,PK401P8600,134.0,0.0,0.0,0.0,3,134.0,817.0,10,130.0,134.0,134.0,134.0,9.0,1206.0,252
2023-05-11 09:02:12,PK401P8600,PK401P8600,134.0,0.0,0.0,0.0,3,134.0,815.5,1,130.0,134.0,134.0,134.0,9.0,1206.0,252
2023-05-11 09:02:12,PK401P8600,PK401P8600,134.0,0.0,0.0,0.0,3,134.0,815.0,10,130.0,134.0,134.0,134.0,9.0,1206.0,252
2023-05-11 09:02:12,PK401P8600,PK401P8600,134.0,0.0,0.0,0.0,3,134.0,813.5,1,130.0,134.0,134.0,134.0,9.0,1206.0,252
2023-05-11 09:02:13,PK401P8600,PK401P8600,134.0,0.0,0.0,0.0,3,134.0,813.0,10,130.0,134.0,134.0,134.0,9.0,1206.0,252
2023-05-11 09:02:13,PK401P8600,PK401P8600,134.0,0.0,0.0,0.0,3,134.0,811.5,1,130.0,134.0,134.0,134.0,9.0,1206.0,252
2023-05-11 09:02:14,PK401P8600,PK401P8600,134.0,0.0,0.0,0.0,3,134.0,811.0,10,130.0,134.0,134.0,134.0,9.0,1206.0,252
2023-05-11 09:02:14,PK401P8600,PK401P8600,134.0,0.0,0.0,0.0,3,134.0,809.5,1,130.0,134.0,134.0,134.0,9.0,1206.0,252
2023-05-11 09:02:15,PK401P8600,PK401P8600,134.0,0.0,0.0,0.0,3,134.0,809.0,10,130.0,134.0,134.0,134.0,9.0,1206.0,252
2023-05-11 09:02:16,PK401P8600,PK401P8600,134.0,0.0,0.0,0.0,3,134.0,807.5,1,130.0,134.0,134.0,134.0,9.0,1206.0,252
2023-05-11 09:02:27,PK401P8600,PK401P8600,134.0,0.0,0.0,0.0,3,134.0,806.5,10,130.0,134.0,134.0,134.0,9.0,1206.0,252
2023-05-11 09:02:27,PK401P8600,PK401P8600,134.0,0.0,0.0,0.0,3,134.0,805.0,1,130.0,134.0,134.0,134.0,9.0,1206.0,252
2023-05-11 09:02:27,PK401P8600,PK401P8600,134.0,0.0,0.0,0.0,3,134.0,804.5,11,130.0,134.0,134.0,134.0,9.0,1206.0,252
2023-05-11 09:02:28,PK401P8600,PK401P8600,134.0,0.0,0.0,0.0,3,134.0,803.0,1,130.0,134.0,134.0,134.0,9.0,1206.0,252
2023-05-11 09:02:29,PK401P8600,PK401P8600,134.0,0.0,0.0,0.0,3,134.0,802.5,11,130.0,134.0,134.0,134.0,9.0,1206.0,252
2023-05-11 09:02:29,PK401P8600,PK401P8600,134.0,0.0,0.0,0.0,3,134.0,801.0,1,130.0,134.0,134.0,134.0,9.0,1206.0,252
2023-05-11 09:02:29,PK401P8600,PK401P8600,134.0,0.0,0.0,0.0,3,134.0,800.5,11,130.0,134.0,134.0,134.0,9.0,1206.0,252
2023-05-11 09:02:30,PK401P8600,PK401P8600,134.0,0.0,0.0,0.0,3,134.0,799.0,1,130.0,134.0,134.0,134.0,9.0,1206.0,252
2023-05-11 09:02:31,PK401P8600,PK401P8600,134.0,0.0,0.0,0.0,3,134.0,798.5,11,130.0,134.0,134.0,134.0,9.0,1206.0,252
2023-05-11 09:02:31,PK401P8600,PK401P8600,134.0,0.0,0.0,0.0,3,134.0,797.0,1,130.0,134.0,134.0,134.0,9.0,1206.0,252
2023-05-11 09:02:32,PK401P8600,PK401P8600,134.0,0.0,0.0,0.0,3,134.0,796.0,10,130.0,134.0,134.0,134.0,9.0,1206.0,252
2023-05-11 09:02:32,PK401P8600,PK401P8600,134.0,0.0,0.0,0.0,3,134.0,794.5,1,130.0,134.0,134.0,134.0,9.0,1206.0,252
2023-05-11 09:02:33,PK401P8600,PK401P8600,134.0,0.0,0.0,0.0,3,134.0,793.5,10,130.0,134.0,134.0,134.0,9.0,1206.0,252
2023-05-11 09:02:33,PK401P8600,PK401P8600,134.0,0.0,0.0,0.0,3,134.0,792.0,1,130.0,134.0,134.0,134.0,9.0,1206.0,252
2023-05-11 09:02:34,PK401P8600,PK401P8600,134.0,0.0,0.0,0.0,3,134.0,791.5,11,130.0,134.0,134.0,134.0,9.0,1206.0,252
2023-05-11 09:02:34,PK401P8600,PK401P8600,134.0,0.0,0.0,0.0,3,134.0,790.0,1,130.0,134.0,134.0,134.0,9.0,1206.0,252
2023-05-11 09:02:35,PK401P8600,PK401P8600,134.0,0.0,0.0,0.0,3,134.0,789.5,11,130.0,134.0,134.0,134.0,9.0,1206.0,252
2023-05-11 09:02:35,PK401P8600,PK401P8600,134.0,0.0,0.0,0.0,3,134.0,788.0,1,130.0,134.0,134.0,134.0,9.0,1206.0,252
2023-05-11 09:02:35,PK401P8600,PK401P8600,134.0,0.0,0.0,0.0,3,134.0,787.5,10,130.0,134.0,134.0,134.0,9.0,1206.0,252
2023-05-11 09:02:36,PK401P8600,PK401P8600,134.0,0.0,0.0,0.0,3,134.0,786.0,1,130.0,134.0,134.0,134.0,9.0,1206.0,252
2023-05-11 09:02:36,PK401P8600,PK401P8600,134.0,0.0,0.0,0.0,3,134.0,785.5,10,130.0,134.0,134.0,134.0,9.0,1206.0,252
2023-05-11 09:02:37,PK401P8600,PK401P8600,134.0,0.0,0.0,0.0,3,134.0,784.0,1,130.0,134.0,134.0,134.0,9.0,1206.0,252
2023-05-11 09:02:37,PK401P8600,PK401P8600,134.0,0.0,0.0,0.0,3,134.0,783.5,10,130.0,134.0,134.0,134.0,9.0,1206.0,252
2023-05-11 09:02:38,PK401P8600,PK401P8600,134.0,0.0,0.0,0.0,3,134.0,782.0,1,130.0,134.0,134.0,134.0,9.0,1206.0,252
2023-05-11 09:02:38,PK401P8600,PK401P8600,134.0,0.0,0.0,0.0,3,134.0,781.5,10,130.0,134.0,134.0,134.0,9.0,1206.0,252
2023-05-11 09:02:39,PK401P8600,PK401P8600,134.0,0.0,0.0,0.0,3,134.0,780.0,1,130.0,134.0,134.0,134.0,9.0,1206.0,252
2023-05-11 09:02:39,PK401P8600,PK401P8600,134.0,0.0,0.0,0.0,3,134.0,779.5,10,130.0,134.0,134.0,134.0,9.0,1206.0,252
2023-05-11 09:02:40,PK401P8600,PK401P8600,134.0,0.0,0.0,0.0,3,134.0,778.0,1,130.0,134.0,134.0,134.0,9.0,1206.0,252
2023-05-11 09:02:40,PK401P8600,PK401P8600,134.0,0.0,0.0,0.0,3,134.0,777.5,10,130.0,134.0,134.0,134.0,9.0,1206.0,252
2023-05-11 09:02:41,PK401P8600,PK401P8600,134.0,0.0,0.0,0.0,3,134.0,776.0,1,130.0,134.0,134.0,134.0,9.0,1206.0,252
2023-05-11 09:02:41,PK401P8600,PK401P8600,134.0,0.0,0.0,0.0,3,134.0,775.5,10,130.0,134.0,134.0,134.0,9.0,1206.0,252
2023-05-11 09:02:42,PK401P8600,PK401P8600,134.0,0.0,0.0,0.0,3,134.0,774.0,1,130.0,134.0,134.0,134.0,9.0,1206.0,252
2023-05-11 09:02:42,PK401P8600,PK401P8600,134.0,0.0,0.0,0.0,3,134.0,773.5,10,130.0,134.0,134.0,134.0,9.0,1206.0,252
2023-05-11 09:02:43,PK401P8600,PK401P8600,134.0,0.0,0.0,0.0,3,134.0,772.0,1,130.0,134.0,134.0,134.0,9.0,1206.0,252
2023-05-11 09:02:43,PK401P8600,PK401P8600,134.0,0.0,0.0,0.0,3,134.0,771.5,10,130.0,134.0,134.0,134.0,9.0,1206.0,252
2023-05-11 09:02:44,PK401P8600,PK401P8600,134.0,0.0,0.0,0.0,3,134.0,770.0,1,130.0,134.0,134.0,134.0,9.0,1206.0,252
2023-05-11 09:02:44,PK401P8600,PK401P8600,134.0,0.0,0.0,0.0,3,134.0,769.5,10,130.0,134.0,134.0,134.0,9.0,1206.0,252
2023-05-11 09:02:45,PK401P8600,PK401P8600,134.0,0.0,0.0,0.0,3,134.0,768.0,1,130.0,134.0,134.0,134.0,9.0,1206.0,252
2023-05-11 09:02:45,PK401P8600,PK401P8600,134.0,0.0,0.0,0.0,3,134.0,767.5,10,130.0,134.0,134.0,134.0,9.0,1206.0,252
2023-05-11 09:02:46,PK401P8600,PK401P8600,134.0,0.0,0.0,0.0,3,134.0,766.0,1,130.0,134.0,134.0,134.0,9.0,1206.0,252
2023-05-11 09:02:46,PK401P8600,PK401P8600,134.0,0.0,0.0,0.0,3,134.0,765.5,10,130.0,134.0,134.0,134.0,9.0,1206.0,252
2023-05-11 09:02:47,PK401P8600,PK401P8600,134.0,0.0,0.0,0.0,3,134.0,764.0,1,130.0,134.0,134.0,134.0,9.0,1206.0,252
2023-05-11 09:02:47,PK401P8600,PK401P8600,134.0,0.0,0.0,0.0,3,134.0,763.5,10,130.0,134.0,134.0,134.0,9.0,1206.0,252
2023-05-11 09:02:48,PK401P8600,PK401P8600,134.0,0.0,0.0,0.0,3,134.0,762.0,1,130.0,134.0,134.0,134.0,9.0,1206.0,252
2023-05-11 09:02:48,PK401P8600,PK401P8600,134.0,0.0,0.0,0.0,3,134.0,761.5,10,130.0,134.0,134.0,134.0,9.0,1206.0,252
2023-05-11 09:02:49,PK401P8600,PK401P8600,134.0,0.0,0.0,0.0,3,134.0,760.0,1,130.0,134.0,134.0,134.0,9.0,1206.0,252
2023-05-11 09:02:49,PK401P8600,PK401P8600,134.0,0.0,0.0,0.0,3,134.0,759.5,10,130.0,134.0,134.0,134.0,9.0,1206.0,252
2023-05-11 09:02:50,PK401P8600,PK401P8600,134.0,0.0,0.0,0.0,3,134.0,758.0,1,130.0,134.0,134.0,134.0,9.0,1206.0,252
2023-05-11 09:02:50,PK401P8600,PK401P8600,134.0,0.0,0.0,0.0,3,134.0,757.5,10,130.0,134.0,134.0,134.0,9.0,1206.0,252
2023-05-11 09:02:51,PK401P8600,PK401P8600,134.0,0.0,0.0,0.0,3,134.0,756.0,1,130.0,134.0,134.0,134.0,9.0,1206.0,252
2023-05-11 09:02:51,PK401P8600,PK401P8600,134.0,0.0,0.0,0.0,3,134.0,755.5,10,130.0,134.0,134.0,134.0,9.0,1206.0,252
2023-05-11 09:02:52,PK401P8600,PK401P8600,134.0,0.0,0.0,0.0,3,134.0,754.0,1,130.0,134.0,134.0,134.0,9.0,1206.0,252
2023-05-11 09:02:52,PK401P8600,PK401P8600,134.0,0.0,0.0,0.0,3,134.0,753.5,10,130.0,134.0,134.0,134.0,9.0,1206.0,252
2023-05-11 09:02:53,PK401P8600,PK401P8600,134.0,0.0,0.0,0.0,3,134.0,752.0,1,130.0,134.0,134.0,134.0,9.0,1206.0,252
2023-05-11 09:02:53,PK401P8600,PK401P8600,134.0,0.0,0.0,0.0,3,134.0,751.5,10,130.0,134.0,134.0,134.0,9.0,1206.0,252
2023-05-11 09:02:54,PK401P8600,PK401P8600,134.0,0.0,0.0,0.0,3,134.0,750.0,1,130.0,134.0,134.0,134.0,9.0,1206.0,252
2023-05-11 09:02:54,PK401P8600,PK401P8600,134.0,0.0,0.0,0.0,3,134.0,749.5,10,130.0,134.0,134.0,134.0,9.0,1206.0,252
2023-05-11 09:02:55,PK401P8600,PK401P8600,134.0,0.0,0.0,0.0,3,134.0,748.0,1,130.0,134.0,134.0,134.0,9.0,1206.0,252
2023-05-11 09:02:55,PK401P8600,PK401P8600,134.0,0.0,0.0,0.0,3,134.0,747.5,10,130.0,134.0,134.0,134.0,9.0,1206.0,252
2023-05-11 09:02:56,PK401P8600,PK401P8600,134.0,0.0,0.0,0.0,3,134.0,746.0,1,130.0,134.0,134.0,134.0,9.0,1206.0,252
2023-05-11 09:03:43,PK401P8600,PK401P8600,134.0,0.0,0.0,0.0,3,134.0,745.5,10,130.0,134.0,134.0,134.0,9.0,1206.0,252
2023-05-11 09:03:46,PK401P8600,PK401P8600,134.0,0.0,0.0,0.0,3,134.0,744.0,1,130.0,134.0,134.0,134.0,9.0,1206.0,252
2023-05-11 09:03:47,PK401P8600,PK401P8600,134.0,0.0,0.0,0.0,3,134.0,743.5,10,130.0,134.0,134.0,134.0,9.0,1206.0,252
2023-05-11 09:03:48,PK401P8600,PK401P8600,134.0,0.0,0.0,0.0,3,134.0,742.0,1,130.0,134.0,134.0,134.0,9.0,1206.0,252
2023-05-11 09:03:48,PK401P8600,PK401P8600,134.0,0.0,0.0,0.0,3,134.0,741.5,10,130.0,134.0,134.0,134.0,9.0,1206.0,252
2023-05-11 09:03:49,PK401P8600,PK401P8600,134.0,0.0,0.0,0.0,3,134.0,740.0,1,130.0,134.0,134.0,134.0,9.0,1206.0,252
2023-05-11 09:03:49,PK401P8600,PK401P8600,134.0,0.0,0.0,0.0,3,134.0,739.5,10,130.0,134.0,134.0,134.0,9.0,1206.0,252
2023-05-11 09:03:50,PK401P8600,PK401P8600,134.0,0.0,0.0,0.0,3,134.0,738.0,1,130.0,134.0,134.0,134.0,9.0,1206.0,252
2023-05-11 09:03:50,PK401P8600,PK401P8600,134.0,0.0,0.0,0.0,3,134.0,737.5,10,130.0,134.0,134.0,134.0,9.0,1206.0,252
2023-05-11 09:03:53,PK401P8600,PK401P8600,134.0,0.0,0.0,0.0,3,134.0,736.0,1,130.0,134.0,134.0,134.0,9.0,1206.0,252
2023-05-11 09:03:53,PK401P8600,PK401P8600,134.0,0.0,0.0,0.0,3,134.0,735.5,10,130.0,134.0,134.0,134.0,9.0,1206.0,252
2023-05-11 09:03:57,PK401P8600,PK401P8600,134.0,0.0,0.0,0.0,3,134.0,734.0,1,130.0,134.0,134.0,134.0,9.0,1206.0,252
2023-05-11 09:03:57,PK401P8600,PK401P8600,134.0,0.0,0.0,0.0,3,134.0,733.5,10,130.0,134.0,134.0,134.0,9.0,1206.0,252
2023-05-11 09:04:00,PK401P8600,PK401P8600,134.0,0.0,0.0,0.0,3,134.0,732.0,1,130.0,134.0,134.0,134.0,9.0,1206.0,252
2023-05-11 09:04:00,PK401P8600,PK401P8600,134.0,0.0,0.0,0.0,3,134.0,731.5,10,130.0,134.0,134.0,134.0,9.0,1206.0,252
2023-05-11 09:04:01,PK401P8600,PK401P8600,134.0,0.0,0.0,0.0,3,134.0,730.0,1,130.0,134.0,134.0,134.0,9.0,1206.0,252
2023-05-11 09:04:01,PK401P8600,PK401P8600,134.0,0.0,0.0,0.0,3,134.0,729.5,10,130.0,134.0,134.0,134.0,9.0,1206.0,252
2023-05-11 09:04:02,PK401P8600,PK401P8600,134.0,0.0,0.0,0.0,3,134.0,728.0,1,130.0,134.0,134.0,134.0,9.0,1206.0,252
2023-05-11 09:04:02,PK401P8600,PK401P8600,134.0,0.0,0.0,0.0,3,134.0,727.5,10,130.0,134.0,134.0,134.0,9.0,1206.0,252
2023-05-11 09:04:05,PK401P8600,PK401P8600,134.0,0.0,0.0,0.0,3,134.0,726.0,1,130.0,134.0,134.0,134.0,9.0,1206.0,252
2023-05-11 09:04:05,PK401P8600,PK401P8600,134.0,0.0,0.0,0.0,3,134.0,725.5,10,130.0,134.0,134.0,134.0,9.0,1206.0,252
2023-05-11 09:04:07,PK401P8600,PK401P8600,134.0,0.0,0.0,0.0,3,134.0,724.0,1,130.0,134.0,134.0,134.0,9.0,1206.0,252
2023-05-11 09:04:07,PK401P8600,PK401P8600,134.0,0.0,0.0,0.0,3,134.0,723.5,10,130.0,134.0,134.0,134.0,9.0,1206.0,252
2023-05-11 09:04:10,PK401P8600,PK401P8600,134.0,0.0,0.0,0.0,3,134.0,722.0,1,130.0,134.0,134.0,134.0,9.0,1206.0,252
2023-05-11 09:04:10,PK401P8600,PK401P8600,134.0,0.0,0.0,0.0,3,134.0,721.5,10,130.0,134.0,134.0,134.0,9.0,1206.0,252
2023-05-11 09:04:13,PK401P8600,PK401P8600,134.0,0.0,0.0,0.0,3,134.0,720.0,1,130.0,134.0,134.0,134.0,9.0,1206.0,252
2023-05-11 09:04:13,PK401P8600,PK401P8600,134.0,0.0,0.0,0.0,3,134.0,719.5,10,130.0,134.0,134.0,134.0,9.0,1206.0,252
2023-05-11 09:04:16,PK401P8600,PK401P8600,134.0,0.0,0.0,0.0,3,134.0,718.0,1,130.0,134.0,134.0,134.0,9.0,1206.0,252
2023-05-11 09:04:16,PK401P8600,PK401P8600,134.0,0.0,0.0,0.0,3,134.0,717.5,10,130.0,134.0,134.0,134.0,9.0,1206.0,252
2023-05-11 09:04:19,PK401P8600,PK401P8600,134.0,0.0,0.0,0.0,3,134.0,716.0,1,130.0,134.0,134.0,134.0,9.0,1206.0,252
2023-05-11 09:04:19,PK401P8600,PK401P8600,134.0,0.0,0.0,0.0,3,134.0,715.5,10,130.0,134.0,134.0,134.0,9.0,1206.0,252
2023-05-11 09:04:21,PK401P8600,PK401P8600,134.0,0.0,0.0,0.0,3,134.0,714.0,1,130.0,134.0,134.0,134.0,9.0,1206.0,252
2023-05-11 09:05:28,PK401P8600,PK401P8600,134.0,0.0,0.0,0.0,3,134.0,713.5,10,130.0,134.0,134.0,134.0,9.0,1206.0,252
2023-05-11 09:05:32,PK401P8600,PK401P8600,134.0,0.0,0.0,0.0,3,134.0,712.0,1,130.0,134.0,134.0,134.0,9.0,1206.0,252
2023-05-11 09:05:33,PK401P8600,PK401P8600,134.0,0.0,0.0,0.0,3,134.0,711.5,10,130.0,134.0,134.0,134.0,9.0,1206.0,252
2023-05-11 09:05:35,PK401P8600,PK401P8600,134.0,0.0,0.0,0.0,3,134.0,710.0,1,130.0,134.0,134.0,134.0,9.0,1206.0,252
2023-05-11 09:05:36,PK401P8600,PK401P8600,134.0,0.0,0.0,0.0,3,134.0,709.5,10,130.0,134.0,134.0,134.0,9.0,1206.0,252
2023-05-11 09:05:42,PK401P8600,PK401P8600,134.0,0.0,0.0,0.0,3,134.0,708.0,1,130.0,134.0,134.0,134.0,9.0,1206.0,252
2023-05-11 09:05:43,PK401P8600,PK401P8600,134.0,0.0,0.0,0.0,3,134.0,707.5,10,130.0,134.0,134.0,134.0,9.0,1206.0,252
2023-05-11 09:05:46,PK401P8600,PK401P8600,134.0,0.0,0.0,0.0,3,134.0,706.0,1,130.0,134.0,134.0,134.0,9.0,1206.0,252
2023-05-11 09:05:47,PK401P8600,PK401P8600,134.0,0.0,0.0,0.0,3,134.0,705.5,10,130.0,134.0,134.0,134.0,9.0,1206.0,252
2023-05-11 09:05:49,PK401P8600,PK401P8600,134.0,0.0,0.0,0.0,3,134.0,704.0,1,130.0,134.0,134.0,134.0,9.0,1206.0,252
2023-05-11 09:05:50,PK401P8600,PK401P8600,134.0,0.0,0.0,0.0,3,134.0,703.5,10,130.0,134.0,134.0,134.0,9.0,1206.0,252
2023-05-11 09:05:50,PK401P8600,PK401P8600,134.0,0.0,0.0,0.0,3,134.0,702.0,1,130.0,134.0,134.0,134.0,9.0,1206.0,252
2023-05-11 09:05:51,PK401P8600,PK401P8600,134.0,0.0,0.0,0.0,3,134.0,701.5,10,130.0,134.0,134.0,134.0,9.0,1206.0,252
2023-05-11 09:05:52,PK401P8600,PK401P8600,134.0,0.0,0.0,0.0,3,134.0,700.0,1,130.0,134.0,134.0,134.0,9.0,1206.0,252
2023-05-11 09:05:53,PK401P8600,PK401P8600,134.0,0.0,0.0,0.0,3,134.0,699.5,10,130.0,134.0,134.0,134.0,9.0,1206.0,252
2023-05-11 09:05:54,PK401P8600,PK401P8600,134.0,0.0,0.0,0.0,3,134.0,698.0,1,130.0,134.0,134.0,134.0,9.0,1206.0,252
2023-05-11 09:05:54,PK401P8600,PK401P8600,134.0,0.0,0.0,0.0,3,134.0,697.5,10,130.0,134.0,134.0,134.0,9.0,1206.0,252
2023-05-11 09:05:55,PK401P8600,PK401P8600,134.0,0.0,0.0,0.0,3,134.0,696.0,1,130.0,134.0,134.0,134.0,9.0,1206.0,252
2023-05-11 09:05:55,PK401P8600,PK401P8600,134.0,0.0,0.0,0.0,3,134.0,695.5,10,130.0,134.0,134.0,134.0,9.0,1206.0,252
2023-05-11 09:05:57,PK401P8600,PK401P8600,134.0,0.0,0.0,0.0,3,134.0,694.0,1,130.0,134.0,134.0,134.0,9.0,1206.0,252
2023-05-11 09:05:57,PK401P8600,PK401P8600,134.0,0.0,0.0,0.0,3,134.0,693.5,10,130.0,134.0,134.0,134.0,9.0,1206.0,252
2023-05-11 09:06:00,PK401P8600,PK401P8600,134.0,0.0,0.0,0.0,3,134.0,692.0,1,130.0,134.0,134.0,134.0,9.0,1206.0,252
2023-05-11 09:06:00,PK401P8600,PK401P8600,134.0,0.0,0.0,0.0,3,134.0,691.5,10,130.0,134.0,134.0,134.0,9.0,1206.0,252
2023-05-11 09:06:01,PK401P8600,PK401P8600,134.0,0.0,0.0,0.0,3,134.0,690.0,1,130.0,134.0,134.0,134.0,9.0,1206.0,252
2023-05-11 09:06:01,PK401P8600,PK401P8600,134.0,0.0,0.0,0.0,3,134.0,689.5,10,130.0,134.0,134.0,134.0,9.0,1206.0,252
2023-05-11 09:06:02,PK401P8600,PK401P8600,134.0,0.0,0.0,0.0,3,134.0,688.0,1,130.0,134.0,134.0,134.0,9.0,1206.0,252
2023-05-11 09:06:02,PK401P8600,PK401P8600,134.0,0.0,0.0,0.0,3,134.0,687.5,10,130.0,134.0,134.0,134.0,9.0,1206.0,252
2023-05-11 09:06:05,PK401P8600,PK401P8600,134.0,0.0,0.0,0.0,3,134.0,686.0,1,130.0,134.0,134.0,134.0,9.0,1206.0,252
2023-05-11 09:06:05,PK401P8600,PK401P8600,134.0,0.0,0.0,0.0,3,134.0,685.5,10,130.0,134.0,134.0,134.0,9.0,1206.0,252
2023-05-11 09:06:07,PK401P8600,PK401P8600,134.0,0.0,0.0,0.0,3,134.0,684.0,1,130.0,134.0,134.0,134.0,9.0,1206.0,252
2023-05-11 09:06:07,PK401P8600,PK401P8600,134.0,0.0,0.0,0.0,3,134.0,683.5,10,130.0,134.0,134.0,134.0,9.0,1206.0,252
2023-05-11 09:06:12,PK401P8600,PK401P8600,134.0,0.0,0.0,0.0,3,134.0,682.0,1,130.0,134.0,134.0,134.0,9.0,1206.0,252
2023-05-11 09:06:12,PK401P8600,PK401P8600,134.0,0.0,0.0,0.0,3,134.0,681.5,10,130.0,134.0,134.0,134.0,9.0,1206.0,252
2023-05-11 09:06:14,PK401P8600,PK401P8600,134.0,0.0,0.0,0.0,3,134.0,680.0,1,130.0,134.0,134.0,134.0,9.0,1206.0,252
2023-05-11 09:06:14,PK401P8600,PK401P8600,134.0,0.0,0.0,0.0,3,134.0,679.5,10,130.0,134.0,134.0,134.0,9.0,1206.0,252
2023-05-11 09:06:19,PK401P8600,PK401P8600,134.0,0.0,0.0,0.0,3,134.0,678.0,1,130.0,134.0,134.0,134.0,9.0,1206.0,252
2023-05-11 09:06:19,PK401P8600,PK401P8600,134.0,0.0,0.0,0.0,3,134.0,677.5,10,130.0,134.0,134.0,134.0,9.0,1206.0,252
2023-05-11 09:06:20,PK401P8600,PK401P8600,134.0,0.0,0.0,0.0,3,134.0,676.0,1,130.0,134.0,134.0,134.0,9.0,1206.0,252
2023-05-11 09:06:20,PK401P8600,PK401P8600,134.0,0.0,0.0,0.0,3,134.0,675.5,10,130.0,134.0,134.0,134.0,9.0,1206.0,252
2023-05-11 09:06:24,PK401P8600,PK401P8600,134.0,0.0,0.0,0.0,3,134.0,674.0,1,130.0,134.0,134.0,134.0,9.0,1206.0,252
2023-05-11 09:06:24,PK401P8600,PK401P8600,134.0,0.0,0.0,0.0,3,134.0,673.5,10,130.0,134.0,134.0,134.0,9.0,1206.0,252
2023-05-11 09:06:25,PK401P8600,PK401P8600,134.0,0.0,0.0,0.0,3,134.0,672.0,1,130.0,134.0,134.0,134.0,9.0,1206.0,252
2023-05-11 09:06:25,PK401P8600,PK401P8600,134.0,0.0,0.0,0.0,3,134.0,671.5,10,130.0,134.0,134.0,134.0,9.0,1206.0,252
2023-05-11 09:06:30,PK401P8600,PK401P8600,134.0,0.0,0.0,0.0,3,134.0,670.0,1,130.0,134.0,134.0,134.0,9.0,1206.0,252
2023-05-11 09:06:30,PK401P8600,PK401P8600,134.0,0.0,0.0,0.0,3,134.0,669.5,10,130.0,134.0,134.0,134.0,9.0,1206.0,252
2023-05-11 09:06:31,PK401P8600,PK401P8600,134.0,0.0,0.0,0.0,3,134.0,668.0,1,130.0,134.0,134.0,134.0,9.0,1206.0,252
2023-05-11 09:06:31,PK401P8600,PK401P8600,134.0,0.0,0.0,0.0,3,134.0,667.5,10,130.0,134.0,134.0,134.0,9.0,1206.0,252
2023-05-11 09:06:32,PK401P8600,PK401P8600,134.0,0.0,0.0,0.0,3,134.0,666.0,1,130.0,134.0,134.0,134.0,9.0,1206.0,252
2023-05-11 09:06:32,PK401P8600,PK401P8600,134.0,0.0,0.0,0.0,3,134.0,665.5,10,130.0,134.0,134.0,134.0,9.0,1206.0,252
2023-05-11 09:06:36,PK401P8600,PK401P8600,134.0,0.0,0.0,0.0,3,134.0,664.0,1,130.0,134.0,134.0,134.0,9.0,1206.0,252
2023-05-11 09:06:36,PK401P8600,PK401P8600,134.0,0.0,0.0,0.0,3,134.0,663.5,10,130.0,134.0,134.0,134.0,9.0,1206.0,252
2023-05-11 09:06:37,PK401P8600,PK401P8600,134.0,0.0,0.0,0.0,3,134.0,662.0,1,130.0,134.0,134.0,134.0,9.0,1206.0,252
2023-05-11 09:06:37,PK401P8600,PK401P8600,134.0,0.0,0.0,0.0,3,134.0,661.5,10,130.0,134.0,134.0,134.0,9.0,1206.0,252
2023-05-11 09:06:40,PK401P8600,PK401P8600,134.0,0.0,0.0,0.0,3,134.0,660.0,1,130.0,134.0,134.0,134.0,9.0,1206.0,252
2023-05-11 09:06:40,PK401P8600,PK401P8600,134.0,0.0,0.0,0.0,3,134.0,659.5,10,130.0,134.0,134.0,134.0,9.0,1206.0,252
2023-05-11 09:06:43,PK401P8600,PK401P8600,134.0,0.0,0.0,0.0,3,134.0,658.0,1,130.0,134.0,134.0,134.0,9.0,1206.0,252
2023-05-11 09:06:43,PK401P8600,PK401P8600,134.0,0.0,0.0,0.0,3,134.0,657.5,10,130.0,134.0,134.0,134.0,9.0,1206.0,252
2023-05-11 09:06:45,PK401P8600,PK401P8600,134.0,0.0,0.0,0.0,3,134.0,656.0,1,130.0,134.0,134.0,134.0,9.0,1206.0,252
2023-05-11 09:06:45,PK401P8600,PK401P8600,134.0,0.0,0.0,0.0,3,134.0,655.5,10,130.0,134.0,134.0,134.0,9.0,1206.0,252
2023-05-11 09:06:49,PK401P8600,PK401P8600,134.0,0.0,0.0,0.0,3,134.0,654.0,1,130.0,134.0,134.0,134.0,9.0,1206.0,252
2023-05-11 09:06:49,PK401P8600,PK401P8600,134.0,0.0,0.0,0.0,3,134.0,653.5,10,130.0,134.0,134.0,134.0,9.0,1206.0,252
2023-05-11 09:06:53,PK401P8600,PK401P8600,134.0,0.0,0.0,0.0,3,134.0,652.0,1,130.0,134.0,134.0,134.0,9.0,1206.0,252
2023-05-11 09:06:53,PK401P8600,PK401P8600,134.0,0.0,0.0,0.0,3,134.0,651.5,10,130.0,134.0,134.0,134.0,9.0,1206.0,252
2023-05-11 09:06:56,PK401P8600,PK401P8600,134.0,0.0,0.0,0.0,3,134.0,650.0,1,130.0,134.0,134.0,134.0,9.0,1206.0,252
2023-05-11 09:06:56,PK401P8600,PK401P8600,134.0,0.0,0.0,0.0,3,134.0,649.5,10,130.0,134.0,134.0,134.0,9.0,1206.0,252
2023-05-11 09:06:58,PK401P8600,PK401P8600,134.0,0.0,0.0,0.0,3,134.0,648.0,1,130.0,134.0,134.0,134.0,9.0,1206.0,252
2023-05-11 09:06:58,PK401P8600,PK401P8600,134.0,0.0,0.0,0.0,3,134.0,647.5,10,130.0,134.0,134.0,134.0,9.0,1206.0,252
2023-05-11 09:06:59,PK401P8600,PK401P8600,134.0,0.0,0.0,0.0,3,134.0,646.0,1,130.0,134.0,134.0,134.0,9.0,1206.0,252
2023-05-11 09:06:59,PK401P8600,PK401P8600,134.0,0.0,0.0,0.0,3,134.0,645.5,10,130.0,134.0,134.0,134.0,9.0,1206.0,252
2023-05-11 09:07:01,PK401P8600,PK401P8600,134.0,0.0,0.0,0.0,3,134.0,644.0,1,130.0,134.0,134.0,134.0,9.0,1206.0,252
2023-05-11 09:07:01,PK401P8600,PK401P8600,134.0,0.0,0.0,0.0,3,134.0,643.5,10,130.0,134.0,134.0,134.0,9.0,1206.0,252
2023-05-11 09:07:03,PK401P8600,PK401P8600,134.0,0.0,0.0,0.0,3,134.0,642.0,1,130.0,134.0,134.0,134.0,9.0,1206.0,252
2023-05-11 09:07:03,PK401P8600,PK401P8600,134.0,0.0,0.0,0.0,3,134.0,641.5,10,130.0,134.0,134.0,134.0,9.0,1206.0,252
2023-05-11 09:07:05,PK401P8600,PK401P8600,134.0,0.0,0.0,0.0,3,134.0,640.0,1,130.0,134.0,134.0,134.0,9.0,1206.0,252
2023-05-11 09:07:05,PK401P8600,PK401P8600,134.0,0.0,0.0,0.0,3,134.0,639.5,10,130.0,134.0,134.0,134.0,9.0,1206.0,252
2023-05-11 09:07:06,PK401P8600,PK401P8600,134.0,0.0,0.0,0.0,3,134.0,638.0,1,130.0,134.0,134.0,134.0,9.0,1206.0,252
2023-05-11 09:07:06,PK401P8600,PK401P8600,134.0,0.0,0.0,0.0,3,134.0,637.5,10,130.0,134.0,134.0,134.0,9.0,1206.0,252
2023-05-11 09:07:08,PK401P8600,PK401P8600,134.0,0.0,0.0,0.0,3,134.0,636.0,1,130.0,134.0,134.0,134.0,9.0,1206.0,252
2023-05-11 09:07:08,PK401P8600,PK401P8600,134.0,0.0,0.0,0.0,3,134.0,635.5,10,130.0,134.0,134.0,134.0,9.0,1206.0,252
2023-05-11 09:07:10,PK401P8600,PK401P8600,134.0,0.0,0.0,0.0,3,134.0,634.0,1,130.0,134.0,134.0,134.0,9.0,1206.0,252
2023-05-11 09:07:10,PK401P8600,PK401P8600,134.0,0.0,0.0,0.0,3,134.0,633.5,10,130.0,134.0,134.0,134.0,9.0,1206.0,252
2023-05-11 09:07:11,PK401P8600,PK401P8600,134.0,0.0,0.0,0.0,3,134.0,632.0,1,130.0,134.0,134.0,134.0,9.0,1206.0,252
2023-05-11 09:07:11,PK401P8600,PK401P8600,134.0,0.0,0.0,0.0,3,134.0,631.5,10,130.0,134.0,134.0,134.0,9.0,1206.0,252
2023-05-11 09:07:12,PK401P8600,PK401P8600,134.0,0.0,0.0,0.0,3,134.0,630.0,1,130.0,134.0,134.0,134.0,9.0,1206.0,252
2023-05-11 09:07:12,PK401P8600,PK401P8600,134.0,0.0,0.0,0.0,3,134.0,629.5,10,130.0,134.0,134.0,134.0,9.0,1206.0,252
2023-05-11 09:07:14,PK401P8600,PK401P8600,134.0,0.0,0.0,0.0,3,134.0,628.0,1,130.0,134.0,134.0,134.0,9.0,1206.0,252
2023-05-11 09:07:14,PK401P8600,PK401P8600,134.0,0.0,0.0,0.0,3,134.0,627.5,10,130.0,134.0,134.0,134.0,9.0,1206.0,252
2023-05-11 09:07:15,PK401P8600,PK401P8600,134.0,0.0,0.0,0.0,3,134.0,626.0,1,130.0,134.0,134.0,134.0,9.0,1206.0,252
2023-05-11 09:07:15,PK401P8600,PK401P8600,134.0,0.0,0.0,0.0,3,134.0,625.5,10,130.0,134.0,134.0,134.0,9.0,1206.0,252
2023-05-11 09:07:16,PK401P8600,PK401P8600,134.0,0.0,0.0,0.0,3,134.0,624.0,1,130.0,134.0,134.0,134.0,9.0,1206.0,252
2023-05-11 09:07:16,PK401P8600,PK401P8600,134.0,0.0,0.0,0.0,3,134.0,623.5,10,130.0,134.0,134.0,134.0,9.0,1206.0,252
2023-05-11 09:07:17,PK401P8600,PK401P8600,134.0,0.0,0.0,0.0,3,134.0,622.0,1,130.0,134.0,134.0,134.0,9.0,1206.0,252
2023-05-11 09:07:17,PK401P8600,PK401P8600,134.0,0.0,0.0,0.0,3,134.0,621.5,10,130.0,134.0,134.0,134.0,9.0,1206.0,252
2023-05-11 09:07:18,PK401P8600,PK401P8600,134.0,0.0,0.0,0.0,3,134.0,620.0,1,130.0,134.0,134.0,134.0,9.0,1206.0,252
2023-05-11 09:07:18,PK401P8600,PK401P8600,134.0,0.0,0.0,0.0,3,134.0,619.5,10,130.0,134.0,134.0,134.0,9.0,1206.0,252
2023-05-11 09:07:19,PK401P8600,PK401P8600,134.0,0.0,0.0,0.0,3,134.0,618.0,1,130.0,134.0,134.0,134.0,9.0,1206.0,252
2023-05-11 09:07:19,PK401P8600,PK401P8600,134.0,0.0,0.0,0.0,3,134.0,617.5,10,130.0,134.0,134.0,134.0,9.0,1206.0,252
2023-05-11 09:07:20,PK401P8600,PK401P8600,134.0,0.0,0.0,0.0,3,134.0,616.0,1,130.0,134.0,134.0,134.0,9.0,1206.0,252
2023-05-11 09:07:20,PK401P8600,PK401P8600,134.0,0.0,0.0,0.0,3,134.0,615.5,10,130.0,134.0,134.0,134.0,9.0,1206.0,252
2023-05-11 09:07:23,PK401P8600,PK401P8600,134.0,0.0,0.0,0.0,3,134.0,614.0,1,130.0,134.0,134.0,134.0,9.0,1206.0,252
2023-05-11 09:07:23,PK401P8600,PK401P8600,134.0,0.0,0.0,0.0,3,134.0,613.5,10,130.0,134.0,134.0,134.0,9.0,1206.0,252
2023-05-11 09:07:25,PK401P8600,PK401P8600,134.0,0.0,0.0,0.0,3,134.0,612.0,1,130.0,134.0,134.0,134.0,9.0,1206.0,252
2023-05-11 09:07:25,PK401P8600,PK401P8600,134.0,0.0,0.0,0.0,3,134.0,611.5,10,130.0,134.0,134.0,134.0,9.0,1206.0,252
2023-05-11 09:07:29,PK401P8600,PK401P8600,134.0,0.0,0.0,0.0,3,134.0,610.0,1,130.0,134.0,134.0,134.0,9.0,1206.0,252
2023-05-11 09:07:29,PK401P8600,PK401P8600,134.0,0.0,0.0,0.0,3,134.0,609.5,10,130.0,134.0,134.0,134.0,9.0,1206.0,252
2023-05-11 09:07:32,PK401P8600,PK401P8600,134.0,0.0,0.0,0.0,3,134.0,608.0,1,130.0,134.0,134.0,134.0,9.0,1206.0,252
2023-05-11 09:07:32,PK401P8600,PK401P8600,134.0,0.0,0.0,0.0,3,134.0,607.5,10,130.0,134.0,134.0,134.0,9.0,1206.0,252
2023-05-11 09:07:34,PK401P8600,PK401P8600,134.0,0.0,0.0,0.0,3,134.0,606.0,1,130.0,134.0,134.0,134.0,9.0,1206.0,252
2023-05-11 09:07:34,PK401P8600,PK401P8600,134.0,0.0,0.0,0.0,3,134.0,605.5,10,130.0,134.0,134.0,134.0,9.0,1206.0,252
2023-05-11 09:07:37,PK401P8600,PK401P8600,134.0,0.0,0.0,0.0,3,134.0,604.0,1,130.0,134.0,134.0,134.0,9.0,1206.0,252
2023-05-11 09:07:37,PK401P8600,PK401P8600,134.0,0.0,0.0,0.0,3,134.0,603.5,10,130.0,134.0,134.0,134.0,9.0,1206.0,252
2023-05-11 09:07:38,PK401P8600,PK401P8600,134.0,0.0,0.0,0.0,3,134.0,138.5,3,130.0,134.0,134.0,134.0,9.0,1206.0,252
2023-05-11 09:07:39,PK401P8600,PK401P8600,134.0,0.0,0.0,0.0,6,134.0,138.5,6,130.0,134.0,134.0,134.0,9.0,1206.0,252
2023-05-11 09:07:42,PK401P8600,PK401P8600,138.5,6.0,834.0,3.0,3,138.5,143.5,3,130.0,134.0,138.5,134.0,15.0,2040.0,255
2023-05-11 09:07:42,PK401P8600,PK401P8600,138.5,0.0,0.0,0.0,3,138.5,145.5,3,130.0,134.0,138.5,134.0,15.0,2040.0,255
2023-05-11 09:07:45,PK401P8600,PK401P8600,138.5,0.0,0.0,0.0,3,138.5,141.5,3,130.0,134.0,138.5,134.0,15.0,2040.0,255
2023-05-11 09:07:45,PK401P8600,PK401P8600,138.5,0.0,0.0,0.0,6,138.5,141.0,3,130.0,134.0,138.5,134.0,15.0,2040.0,255
2023-05-11 09:07:46,PK401P8600,PK401P8600,138.5,0.0,0.0,0.0,6,138.5,141.0,6,130.0,134.0,138.5,134.0,15.0,2040.0,255
2023-05-11 09:07:48,PK401P8600,PK401P8600,138.5,0.0,0.0,0.0,9,138.5,141.0,9,130.0,134.0,138.5,134.0,15.0,2040.0,255
2023-05-11 09:07:51,PK401P8600,PK401P8600,138.5,0.0,0.0,0.0,9,138.5,141.0,12,130.0,134.0,138.5,134.0,15.0,2040.0,255
2023-05-11 09:07:56,PK401P8600,PK401P8600,138.5,0.0,0.0,0.0,9,138.5,141.0,9,130.0,134.0,138.5,134.0,15.0,2040.0,255
2023-05-11 09:07:58,PK401P8600,PK401P8600,138.5,0.0,0.0,0.0,9,138.5,141.0,6,130.0,134.0,138.5,134.0,15.0,2040.0,255
2023-05-11 09:07:58,PK401P8600,PK401P8600,138.5,0.0,0.0,0.0,6,138.5,141.0,3,130.0,134.0,138.5,134.0,15.0,2040.0,255
2023-05-11 09:07:59,PK401P8600,PK401P8600,138.5,0.0,0.0,0.0,3,138.5,141.0,3,130.0,134.0,138.5,134.0,15.0,2040.0,255
2023-05-11 09:08:01,PK401P8600,PK401P8600,138.5,0.0,0.0,0.0,3,138.5,789.0,10,130.0,134.0,138.5,134.0,15.0,2040.0,255
2023-05-11 09:08:02,PK401P8600,PK401P8600,138.5,0.0,0.0,0.0,3,138.5,787.5,1,130.0,134.0,138.5,134.0,15.0,2040.0,255
2023-05-11 09:08:02,PK401P8600,PK401P8600,138.5,0.0,0.0,0.0,3,138.5,787.0,10,130.0,134.0,138.5,134.0,15.0,2040.0,255
2023-05-11 09:08:04,PK401P8600,PK401P8600,138.5,0.0,0.0,0.0,3,138.5,785.5,1,130.0,134.0,138.5,134.0,15.0,2040.0,255
2023-05-11 09:08:04,PK401P8600,PK401P8600,138.5,0.0,0.0,0.0,3,138.5,785.0,10,130.0,134.0,138.5,134.0,15.0,2040.0,255
2023-05-11 09:08:08,PK401P8600,PK401P8600,138.5,0.0,0.0,0.0,3,138.5,783.5,1,130.0,134.0,138.5,134.0,15.0,2040.0,255
2023-05-11 09:08:08,PK401P8600,PK401P8600,138.5,0.0,0.0,0.0,3,138.5,783.0,10,130.0,134.0,138.5,134.0,15.0,2040.0,255
2023-05-11 09:08:12,PK401P8600,PK401P8600,138.5,0.0,0.0,0.0,3,138.5,781.5,1,130.0,134.0,138.5,134.0,15.0,2040.0,255
2023-05-11 09:08:12,PK401P8600,PK401P8600,138.5,0.0,0.0,0.0,3,138.5,781.0,10,130.0,134.0,138.5,134.0,15.0,2040.0,255
2023-05-11 09:08:15,PK401P8600,PK401P8600,138.5,0.0,0.0,0.0,3,138.5,779.5,1,130.0,134.0,138.5,134.0,15.0,2040.0,255
2023-05-11 09:08:15,PK401P8600,PK401P8600,138.5,0.0,0.0,0.0,3,138.5,779.0,10,130.0,134.0,138.5,134.0,15.0,2040.0,255
2023-05-11 09:08:18,PK401P8600,PK401P8600,138.5,0.0,0.0,0.0,3,138.5,777.5,1,130.0,134.0,138.5,134.0,15.0,2040.0,255
2023-05-11 09:08:18,PK401P8600,PK401P8600,138.5,0.0,0.0,0.0,3,138.5,777.0,10,130.0,134.0,138.5,134.0,15.0,2040.0,255
2023-05-11 09:08:19,PK401P8600,PK401P8600,138.5,0.0,0.0,0.0,3,138.5,775.5,1,130.0,134.0,138.5,134.0,15.0,2040.0,255
2023-05-11 09:08:19,PK401P8600,PK401P8600,138.5,0.0,0.0,0.0,3,138.5,775.0,10,130.0,134.0,138.5,134.0,15.0,2040.0,255
2023-05-11 09:08:20,PK401P8600,PK401P8600,138.5,0.0,0.0,0.0,3,138.5,773.5,1,130.0,134.0,138.5,134.0,15.0,2040.0,255
2023-05-11 09:08:20,PK401P8600,PK401P8600,138.5,0.0,0.0,0.0,3,138.5,773.0,10,130.0,134.0,138.5,134.0,15.0,2040.0,255
2023-05-11 09:08:24,PK401P8600,PK401P8600,138.5,0.0,0.0,0.0,3,138.5,771.5,1,130.0,134.0,138.5,134.0,15.0,2040.0,255
2023-05-11 09:08:24,PK401P8600,PK401P8600,138.5,0.0,0.0,0.0,3,138.5,771.0,10,130.0,134.0,138.5,134.0,15.0,2040.0,255
2023-05-11 09:08:26,PK401P8600,PK401P8600,138.5,0.0,0.0,0.0,3,138.5,769.5,1,130.0,134.0,138.5,134.0,15.0,2040.0,255
2023-05-11 09:08:26,PK401P8600,PK401P8600,138.5,0.0,0.0,0.0,3,138.5,769.0,10,130.0,134.0,138.5,134.0,15.0,2040.0,255
2023-05-11 09:08:27,PK401P8600,PK401P8600,138.5,0.0,0.0,0.0,3,138.5,767.5,1,130.0,134.0,138.5,134.0,15.0,2040.0,255
2023-05-11 09:08:27,PK401P8600,PK401P8600,138.5,0.0,0.0,0.0,3,138.5,767.0,10,130.0,134.0,138.5,134.0,15.0,2040.0,255
2023-05-11 09:08:28,PK401P8600,PK401P8600,138.5,0.0,0.0,0.0,3,138.5,765.5,1,130.0,134.0,138.5,134.0,15.0,2040.0,255
2023-05-11 09:08:28,PK401P8600,PK401P8600,138.5,0.0,0.0,0.0,3,138.5,765.0,10,130.0,134.0,138.5,134.0,15.0,2040.0,255
2023-05-11 09:08:29,PK401P8600,PK401P8600,138.5,0.0,0.0,0.0,3,138.5,763.5,1,130.0,134.0,138.5,134.0,15.0,2040.0,255
2023-05-11 09:08:29,PK401P8600,PK401P8600,138.5,0.0,0.0,0.0,3,138.5,763.0,10,130.0,134.0,138.5,134.0,15.0,2040.0,255
2023-05-11 09:08:32,PK401P8600,PK401P8600,138.5,0.0,0.0,0.0,3,138.5,761.5,1,130.0,134.0,138.5,134.0,15.0,2040.0,255
2023-05-11 09:08:32,PK401P8600,PK401P8600,138.5,0.0,0.0,0.0,3,138.5,761.0,10,130.0,134.0,138.5,134.0,15.0,2040.0,255
2023-05-11 09:08:34,PK401P8600,PK401P8600,138.5,0.0,0.0,0.0,3,138.5,759.5,1,130.0,134.0,138.5,134.0,15.0,2040.0,255
2023-05-11 09:08:34,PK401P8600,PK401P8600,138.5,0.0,0.0,0.0,3,138.5,759.0,10,130.0,134.0,138.5,134.0,15.0,2040.0,255
2023-05-11 09:08:36,PK401P8600,PK401P8600,138.5,0.0,0.0,0.0,3,138.5,757.5,1,130.0,134.0,138.5,134.0,15.0,2040.0,255
2023-05-11 09:08:36,PK401P8600,PK401P8600,138.5,0.0,0.0,0.0,3,138.5,757.0,10,130.0,134.0,138.5,134.0,15.0,2040.0,255
2023-05-11 09:08:39,PK401P8600,PK401P8600,138.5,0.0,0.0,0.0,3,138.5,755.5,1,130.0,134.0,138.5,134.0,15.0,2040.0,255
2023-05-11 09:08:39,PK401P8600,PK401P8600,138.5,0.0,0.0,0.0,3,138.5,755.0,10,130.0,134.0,138.5,134.0,15.0,2040.0,255
2023-05-11 09:08:42,PK401P8600,PK401P8600,138.5,0.0,0.0,0.0,3,138.5,753.5,1,130.0,134.0,138.5,134.0,15.0,2040.0,255
2023-05-11 09:08:42,PK401P8600,PK401P8600,138.5,0.0,0.0,0.0,3,138.5,753.0,10,130.0,134.0,138.5,134.0,15.0,2040.0,255
2023-05-11 09:08:46,PK401P8600,PK401P8600,138.5,0.0,0.0,0.0,3,138.5,751.5,1,130.0,134.0,138.5,134.0,15.0,2040.0,255
2023-05-11 09:08:46,PK401P8600,PK401P8600,138.5,0.0,0.0,0.0,3,138.5,751.0,10,130.0,134.0,138.5,134.0,15.0,2040.0,255
2023-05-11 09:08:49,PK401P8600,PK401P8600,138.5,0.0,0.0,0.0,3,138.5,749.5,1,130.0,134.0,138.5,134.0,15.0,2040.0,255
2023-05-11 09:08:49,PK401P8600,PK401P8600,138.5,0.0,0.0,0.0,3,138.5,749.0,10,130.0,134.0,138.5,134.0,15.0,2040.0,255
2023-05-11 09:08:51,PK401P8600,PK401P8600,138.5,0.0,0.0,0.0,3,138.5,747.5,1,130.0,134.0,138.5,134.0,15.0,2040.0,255
2023-05-11 09:08:51,PK401P8600,PK401P8600,138.5,0.0,0.0,0.0,3,138.5,747.0,10,130.0,134.0,138.5,134.0,15.0,2040.0,255
2023-05-11 09:08:52,PK401P8600,PK401P8600,138.5,0.0,0.0,0.0,3,138.5,745.5,1,130.0,134.0,138.5,134.0,15.0,2040.0,255
2023-05-11 09:08:52,PK401P8600,PK401P8600,138.5,0.0,0.0,0.0,3,138.5,745.0,10,130.0,134.0,138.5,134.0,15.0,2040.0,255
2023-05-11 09:08:53,PK401P8600,PK401P8600,138.5,0.0,0.0,0.0,3,138.5,743.5,1,130.0,134.0,138.5,134.0,15.0,2040.0,255
2023-05-11 09:08:53,PK401P8600,PK401P8600,138.5,0.0,0.0,0.0,3,138.5,743.0,10,130.0,134.0,138.5,134.0,15.0,2040.0,255
2023-05-11 09:08:54,PK401P8600,PK401P8600,138.5,0.0,0.0,0.0,3,138.5,741.5,1,130.0,134.0,138.5,134.0,15.0,2040.0,255
2023-05-11 09:09:39,PK401P8600,PK401P8600,138.5,0.0,0.0,0.0,3,138.5,741.0,10,130.0,134.0,138.5,134.0,15.0,2040.0,255
2023-05-11 09:09:42,PK401P8600,PK401P8600,138.5,0.0,0.0,0.0,3,138.5,739.5,1,130.0,134.0,138.5,134.0,15.0,2040.0,255
2023-05-11 09:12:05,PK401P8600,PK401P8600,138.5,0.0,0.0,0.0,3,138.5,739.0,10,130.0,134.0,138.5,134.0,15.0,2040.0,255
2023-05-11 09:12:07,PK401P8600,PK401P8600,138.5,0.0,0.0,0.0,3,138.5,737.5,1,130.0,134.0,138.5,134.0,15.0,2040.0,255
2023-05-11 09:12:07,PK401P8600,PK401P8600,138.5,0.0,0.0,0.0,3,138.5,737.0,10,130.0,134.0,138.5,134.0,15.0,2040.0,255
2023-05-11 09:12:11,PK401P8600,PK401P8600,138.5,0.0,0.0,0.0,3,138.5,735.5,1,130.0,134.0,138.5,134.0,15.0,2040.0,255
2023-05-11 09:12:11,PK401P8600,PK401P8600,138.5,0.0,0.0,0.0,3,138.5,735.0,10,130.0,134.0,138.5,134.0,15.0,2040.0,255
2023-05-11 09:12:13,PK401P8600,PK401P8600,138.5,0.0,0.0,0.0,3,138.5,733.5,1,130.0,134.0,138.5,134.0,15.0,2040.0,255
2023-05-11 09:12:13,PK401P8600,PK401P8600,138.5,0.0,0.0,0.0,3,138.5,733.0,10,130.0,134.0,138.5,134.0,15.0,2040.0,255
2023-05-11 09:12:16,PK401P8600,PK401P8600,138.5,0.0,0.0,0.0,3,138.5,731.5,1,130.0,134.0,138.5,134.0,15.0,2040.0,255
2023-05-11 09:12:17,PK401P8600,PK401P8600,138.5,0.0,0.0,0.0,3,138.5,731.0,10,130.0,134.0,138.5,134.0,15.0,2040.0,255
2023-05-11 09:12:18,PK401P8600,PK401P8600,138.5,0.0,0.0,0.0,3,138.5,729.5,1,130.0,134.0,138.5,134.0,15.0,2040.0,255
2023-05-11 09:12:19,PK401P8600,PK401P8600,138.5,0.0,0.0,0.0,3,138.5,729.0,10,130.0,134.0,138.5,134.0,15.0,2040.0,255
2023-05-11 09:12:19,PK401P8600,PK401P8600,138.5,0.0,0.0,0.0,3,138.5,727.5,1,130.0,134.0,138.5,134.0,15.0,2040.0,255
2023-05-11 09:13:53,PK401P8600,PK401P8600,138.5,0.0,0.0,0.0,3,138.5,727.0,10,130.0,134.0,138.5,134.0,15.0,2040.0,255
2023-05-11 09:13:53,PK401P8600,PK401P8600,138.5,0.0,0.0,0.0,3,138.5,725.5,1,130.0,134.0,138.5,134.0,15.0,2040.0,255
2023-05-11 09:13:54,PK401P8600,PK401P8600,138.5,0.0,0.0,0.0,3,138.5,725.0,10,130.0,134.0,138.5,134.0,15.0,2040.0,255
2023-05-11 09:13:54,PK401P8600,PK401P8600,138.5,0.0,0.0,0.0,3,138.5,723.5,1,130.0,134.0,138.5,134.0,15.0,2040.0,255
2023-05-11 09:13:55,PK401P8600,PK401P8600,138.5,0.0,0.0,0.0,3,138.5,723.0,10,130.0,134.0,138.5,134.0,15.0,2040.0,255
2023-05-11 09:13:55,PK401P8600,PK401P8600,138.5,0.0,0.0,0.0,3,138.5,721.5,1,130.0,134.0,138.5,134.0,15.0,2040.0,255
2023-05-11 09:13:56,PK401P8600,PK401P8600,138.5,0.0,0.0,0.0,3,138.5,721.0,10,130.0,134.0,138.5,134.0,15.0,2040.0,255
2023-05-11 09:13:57,PK401P8600,PK401P8600,138.5,0.0,0.0,0.0,3,138.5,719.5,1,130.0,134.0,138.5,134.0,15.0,2040.0,255
2023-05-11 09:14:30,PK401P8600,PK401P8600,138.5,0.0,0.0,0.0,3,138.5,719.0,10,130.0,134.0,138.5,134.0,15.0,2040.0,255
2023-05-11 09:14:33,PK401P8600,PK401P8600,138.5,0.0,0.0,0.0,3,138.5,717.5,1,130.0,134.0,138.5,134.0,15.0,2040.0,255
2023-05-11 09:14:59,PK401P8600,PK401P8600,138.5,0.0,0.0,0.0,3,138.5,717.0,10,130.0,134.0,138.5,134.0,15.0,2040.0,255
2023-05-11 09:15:02,PK401P8600,PK401P8600,138.5,0.0,0.0,0.0,3,138.5,715.5,1,130.0,134.0,138.5,134.0,15.0,2040.0,255
2023-05-11 09:16:18,PK401P8600,PK401P8600,138.5,0.0,0.0,0.0,3,138.5,715.0,10,130.0,134.0,138.5,134.0,15.0,2040.0,255
2023-05-11 09:16:20,PK401P8600,PK401P8600,138.5,0.0,0.0,0.0,3,138.5,713.5,1,130.0,134.0,138.5,134.0,15.0,2040.0,255
2023-05-11 09:16:20,PK401P8600,PK401P8600,138.5,0.0,0.0,0.0,3,138.5,713.0,10,130.0,134.0,138.5,134.0,15.0,2040.0,255
2023-05-11 09:16:23,PK401P8600,PK401P8600,138.5,0.0,0.0,0.0,3,138.5,711.5,1,130.0,134.0,138.5,134.0,15.0,2040.0,255
2023-05-11 09:16:23,PK401P8600,PK401P8600,138.5,0.0,0.0,0.0,3,138.5,711.0,10,130.0,134.0,138.5,134.0,15.0,2040.0,255
2023-05-11 09:16:26,PK401P8600,PK401P8600,138.5,0.0,0.0,0.0,3,138.5,709.5,1,130.0,134.0,138.5,134.0,15.0,2040.0,255
2023-05-11 09:16:26,PK401P8600,PK401P8600,138.5,0.0,0.0,0.0,3,138.5,709.0,10,130.0,134.0,138.5,134.0,15.0,2040.0,255
2023-05-11 09:16:28,PK401P8600,PK401P8600,138.5,0.0,0.0,0.0,3,138.5,707.5,1,130.0,134.0,138.5,134.0,15.0,2040.0,255
2023-05-11 09:16:28,PK401P8600,PK401P8600,138.5,0.0,0.0,0.0,3,138.5,707.0,10,130.0,134.0,138.5,134.0,15.0,2040.0,255
2023-05-11 09:16:29,PK401P8600,PK401P8600,138.5,0.0,0.0,0.0,3,138.5,705.5,1,130.0,134.0,138.5,134.0,15.0,2040.0,255
2023-05-11 09:16:29,PK401P8600,PK401P8600,138.5,0.0,0.0,0.0,3,138.5,705.0,10,130.0,134.0,138.5,134.0,15.0,2040.0,255
2023-05-11 09:16:30,PK401P8600,PK401P8600,138.5,0.0,0.0,0.0,3,138.5,703.5,1,130.0,134.0,138.5,134.0,15.0,2040.0,255
2023-05-11 09:16:30,PK401P8600,PK401P8600,138.5,0.0,0.0,0.0,3,138.5,703.0,10,130.0,134.0,138.5,134.0,15.0,2040.0,255
2023-05-11 09:16:33,PK401P8600,PK401P8600,138.5,0.0,0.0,0.0,3,138.5,701.5,1,130.0,134.0,138.5,134.0,15.0,2040.0,255
2023-05-11 09:16:33,PK401P8600,PK401P8600,138.5,0.0,0.0,0.0,3,138.5,701.0,10,130.0,134.0,138.5,134.0,15.0,2040.0,255
2023-05-11 09:16:34,PK401P8600,PK401P8600,138.5,0.0,0.0,0.0,3,138.5,699.5,1,130.0,134.0,138.5,134.0,15.0,2040.0,255
2023-05-11 09:16:34,PK401P8600,PK401P8600,138.5,0.0,0.0,0.0,3,138.5,699.0,10,130.0,134.0,138.5,134.0,15.0,2040.0,255
2023-05-11 09:16:35,PK401P8600,PK401P8600,138.5,0.0,0.0,0.0,3,138.5,697.5,1,130.0,134.0,138.5,134.0,15.0,2040.0,255
2023-05-11 09:16:35,PK401P8600,PK401P8600,138.5,0.0,0.0,0.0,3,138.5,697.0,10,130.0,134.0,138.5,134.0,15.0,2040.0,255
2023-05-11 09:16:36,PK401P8600,PK401P8600,138.5,0.0,0.0,0.0,3,138.5,695.5,1,130.0,134.0,138.5,134.0,15.0,2040.0,255
2023-05-11 09:16:36,PK401P8600,PK401P8600,138.5,0.0,0.0,0.0,3,138.5,695.0,10,130.0,134.0,138.5,134.0,15.0,2040.0,255
2023-05-11 09:16:38,PK401P8600,PK401P8600,138.5,0.0,0.0,0.0,3,138.5,693.5,1,130.0,134.0,138.5,134.0,15.0,2040.0,255
2023-05-11 09:16:38,PK401P8600,PK401P8600,138.5,0.0,0.0,0.0,3,138.5,693.0,10,130.0,134.0,138.5,134.0,15.0,2040.0,255
2023-05-11 09:16:39,PK401P8600,PK401P8600,138.5,0.0,0.0,0.0,3,138.5,691.5,1,130.0,134.0,138.5,134.0,15.0,2040.0,255
2023-05-11 09:16:39,PK401P8600,PK401P8600,138.5,0.0,0.0,0.0,3,138.5,691.0,10,130.0,134.0,138.5,134.0,15.0,2040.0,255
2023-05-11 09:16:40,PK401P8600,PK401P8600,138.5,0.0,0.0,0.0,3,138.5,689.5,1,130.0,134.0,138.5,134.0,15.0,2040.0,255
2023-05-11 09:16:40,PK401P8600,PK401P8600,138.5,0.0,0.0,0.0,3,138.5,689.0,10,130.0,134.0,138.5,134.0,15.0,2040.0,255
2023-05-11 09:16:42,PK401P8600,PK401P8600,138.5,0.0,0.0,0.0,3,138.5,687.5,1,130.0,134.0,138.5,134.0,15.0,2040.0,255
2023-05-11 09:16:42,PK401P8600,PK401P8600,138.5,0.0,0.0,0.0,3,138.5,687.0,10,130.0,134.0,138.5,134.0,15.0,2040.0,255
2023-05-11 09:16:43,PK401P8600,PK401P8600,138.5,0.0,0.0,0.0,3,138.5,685.5,1,130.0,134.0,138.5,134.0,15.0,2040.0,255
2023-05-11 09:16:43,PK401P8600,PK401P8600,138.5,0.0,0.0,0.0,3,138.5,685.0,10,130.0,134.0,138.5,134.0,15.0,2040.0,255
2023-05-11 09:16:44,PK401P8600,PK401P8600,138.5,0.0,0.0,0.0,3,138.5,683.5,1,130.0,134.0,138.5,134.0,15.0,2040.0,255
2023-05-11 09:16:44,PK401P8600,PK401P8600,138.5,0.0,0.0,0.0,3,138.5,683.0,10,130.0,134.0,138.5,134.0,15.0,2040.0,255
2023-05-11 09:16:45,PK401P8600,PK401P8600,138.5,0.0,0.0,0.0,3,138.5,681.5,1,130.0,134.0,138.5,134.0,15.0,2040.0,255
2023-05-11 09:17:13,PK401P8600,PK401P8600,138.5,0.0,0.0,0.0,3,138.5,681.0,10,130.0,134.0,138.5,134.0,15.0,2040.0,255
2023-05-11 09:17:15,PK401P8600,PK401P8600,138.5,0.0,0.0,0.0,3,138.5,679.5,1,130.0,134.0,138.5,134.0,15.0,2040.0,255
2023-05-11 09:17:15,PK401P8600,PK401P8600,138.5,0.0,0.0,0.0,3,138.5,679.0,10,130.0,134.0,138.5,134.0,15.0,2040.0,255
2023-05-11 09:17:18,PK401P8600,PK401P8600,138.5,0.0,0.0,0.0,3,138.5,677.5,1,130.0,134.0,138.5,134.0,15.0,2040.0,255
2023-05-11 09:17:18,PK401P8600,PK401P8600,138.5,0.0,0.0,0.0,3,138.5,677.0,10,130.0,134.0,138.5,134.0,15.0,2040.0,255
2023-05-11 09:17:19,PK401P8600,PK401P8600,138.5,0.0,0.0,0.0,3,138.5,675.5,1,130.0,134.0,138.5,134.0,15.0,2040.0,255
2023-05-11 09:17:36,PK401P8600,PK401P8600,138.5,0.0,0.0,0.0,5,138.5,675.5,1,130.0,134.0,138.5,134.0,15.0,2040.0,255
2023-05-11 09:18:08,PK401P8600,PK401P8600,138.5,0.0,0.0,0.0,5,138.5,675.0,10,130.0,134.0,138.5,134.0,15.0,2040.0,255
2023-05-11 09:18:10,PK401P8600,PK401P8600,138.5,0.0,0.0,0.0,5,138.5,673.5,1,130.0,134.0,138.5,134.0,15.0,2040.0,255
2023-05-11 09:18:11,PK401P8600,PK401P8600,138.5,0.0,0.0,0.0,5,138.5,673.0,10,130.0,134.0,138.5,134.0,15.0,2040.0,255
2023-05-11 09:18:14,PK401P8600,PK401P8600,138.5,0.0,0.0,0.0,5,138.5,671.5,1,130.0,134.0,138.5,134.0,15.0,2040.0,255
2023-05-11 09:18:14,PK401P8600,PK401P8600,138.5,0.0,0.0,0.0,5,138.5,671.0,10,130.0,134.0,138.5,134.0,15.0,2040.0,255
2023-05-11 09:18:15,PK401P8600,PK401P8600,138.5,0.0,0.0,0.0,5,138.5,669.5,1,130.0,134.0,138.5,134.0,15.0,2040.0,255
2023-05-11 09:18:15,PK401P8600,PK401P8600,138.5,0.0,0.0,0.0,5,138.5,669.0,10,130.0,134.0,138.5,134.0,15.0,2040.0,255
2023-05-11 09:18:16,PK401P8600,PK401P8600,138.5,0.0,0.0,0.0,5,138.5,667.5,1,130.0,134.0,138.5,134.0,15.0,2040.0,255
2023-05-11 09:18:16,PK401P8600,PK401P8600,138.5,0.0,0.0,0.0,5,138.5,667.0,10,130.0,134.0,138.5,134.0,15.0,2040.0,255
2023-05-11 09:18:17,PK401P8600,PK401P8600,138.5,0.0,0.0,0.0,5,138.5,665.5,1,130.0,134.0,138.5,134.0,15.0,2040.0,255
2023-05-11 09:18:17,PK401P8600,PK401P8600,138.5,0.0,0.0,0.0,5,138.5,665.0,10,130.0,134.0,138.5,134.0,15.0,2040.0,255
2023-05-11 09:18:18,PK401P8600,PK401P8600,138.5,0.0,0.0,0.0,5,138.5,663.5,1,130.0,134.0,138.5,134.0,15.0,2040.0,255
2023-05-11 09:18:18,PK401P8600,PK401P8600,138.5,0.0,0.0,0.0,5,138.5,663.0,10,130.0,134.0,138.5,134.0,15.0,2040.0,255
2023-05-11 09:18:19,PK401P8600,PK401P8600,138.5,0.0,0.0,0.0,5,138.5,661.5,1,130.0,134.0,138.5,134.0,15.0,2040.0,255
2023-05-11 09:18:19,PK401P8600,PK401P8600,138.5,0.0,0.0,0.0,5,138.5,661.0,10,130.0,134.0,138.5,134.0,15.0,2040.0,255
2023-05-11 09:18:20,PK401P8600,PK401P8600,138.5,0.0,0.0,0.0,5,138.5,659.5,1,130.0,134.0,138.5,134.0,15.0,2040.0,255
2023-05-11 09:18:20,PK401P8600,PK401P8600,138.5,0.0,0.0,0.0,5,138.5,659.0,10,130.0,134.0,138.5,134.0,15.0,2040.0,255
2023-05-11 09:18:21,PK401P8600,PK401P8600,138.5,0.0,0.0,0.0,5,138.5,657.5,1,130.0,134.0,138.5,134.0,15.0,2040.0,255
2023-05-11 09:18:21,PK401P8600,PK401P8600,138.5,0.0,0.0,0.0,5,138.5,657.0,10,130.0,134.0,138.5,134.0,15.0,2040.0,255
2023-05-11 09:18:22,PK401P8600,PK401P8600,138.5,0.0,0.0,0.0,5,138.5,655.5,1,130.0,134.0,138.5,134.0,15.0,2040.0,255
2023-05-11 09:19:03,PK401P8600,PK401P8600,138.5,0.0,0.0,0.0,5,138.5,655.0,10,130.0,134.0,138.5,134.0,15.0,2040.0,255
2023-05-11 09:19:07,PK401P8600,PK401P8600,138.5,0.0,0.0,0.0,5,138.5,653.5,1,130.0,134.0,138.5,134.0,15.0,2040.0,255
2023-05-11 09:19:08,PK401P8600,PK401P8600,138.5,0.0,0.0,0.0,5,138.5,653.0,10,130.0,134.0,138.5,134.0,15.0,2040.0,255
2023-05-11 09:19:10,PK401P8600,PK401P8600,138.5,0.0,0.0,0.0,8,138.5,150.5,6,130.0,134.0,138.5,134.0,15.0,2040.0,255
2023-05-11 09:19:10,PK401P8600,PK401P8600,138.5,0.0,0.0,0.0,11,138.5,150.5,9,130.0,134.0,138.5,134.0,15.0,2040.0,255
2023-05-11 09:19:13,PK401P8600,PK401P8600,138.5,0.0,0.0,0.0,14,138.5,144.0,3,130.0,134.0,138.5,134.0,15.0,2040.0,255
2023-05-11 09:19:13,PK401P8600,PK401P8600,138.5,0.0,0.0,0.0,8,138.5,144.0,3,130.0,134.0,138.5,134.0,15.0,2040.0,255
2023-05-11 09:19:14,PK401P8600,PK401P8600,138.5,0.0,0.0,0.0,14,138.5,144.0,9,130.0,134.0,138.5,134.0,15.0,2040.0,255
2023-05-11 09:19:17,PK401P8600,PK401P8600,138.5,0.0,0.0,0.0,14,138.5,144.0,12,130.0,134.0,138.5,134.0,15.0,2040.0,255
2023-05-11 09:19:17,PK401P8600,PK401P8600,138.5,0.0,0.0,0.0,17,138.5,144.0,15,130.0,134.0,138.5,134.0,15.0,2040.0,255
2023-05-11 09:19:18,PK401P8600,PK401P8600,138.5,0.0,0.0,0.0,3,142.0,144.0,15,130.0,134.0,138.5,134.0,15.0,2040.0,255
2023-05-11 09:19:18,PK401P8600,PK401P8600,138.5,0.0,0.0,0.0,3,142.0,144.0,12,130.0,134.0,138.5,134.0,15.0,2040.0,255
2023-05-11 09:19:19,PK401P8600,PK401P8600,138.5,0.0,0.0,0.0,9,142.0,144.0,18,130.0,134.0,138.5,134.0,15.0,2040.0,255
2023-05-11 09:19:24,PK401P8600,PK401P8600,138.5,0.0,0.0,0.0,9,142.0,144.0,15,130.0,134.0,138.5,134.0,15.0,2040.0,255
2023-05-11 09:19:27,PK401P8600,PK401P8600,138.5,0.0,0.0,0.0,9,142.0,144.0,9,130.0,134.0,138.5,134.0,15.0,2040.0,255
2023-05-11 09:19:29,PK401P8600,PK401P8600,138.5,0.0,0.0,0.0,9,142.0,144.0,6,130.0,134.0,138.5,134.0,15.0,2040.0,255
2023-05-11 09:19:29,PK401P8600,PK401P8600,138.5,0.0,0.0,0.0,6,142.0,144.0,6,130.0,134.0,138.5,134.0,15.0,2040.0,255
2023-05-11 09:19:30,PK401P8600,PK401P8600,138.5,0.0,0.0,0.0,3,142.0,144.0,3,130.0,134.0,138.5,134.0,15.0,2040.0,255
2023-05-11 09:19:31,PK401P8600,PK401P8600,138.5,0.0,0.0,0.0,5,138.5,0.0,0,130.0,134.0,138.5,134.0,15.0,2040.0,255
2023-05-11 09:19:32,PK401P8600,PK401P8600,138.5,0.0,0.0,0.0,5,138.5,825.0,10,130.0,134.0,138.5,134.0,15.0,2040.0,255
2023-05-11 09:19:32,PK401P8600,PK401P8600,138.5,0.0,0.0,0.0,5,138.5,823.5,1,130.0,134.0,138.5,134.0,15.0,2040.0,255
2023-05-11 09:19:32,PK401P8600,PK401P8600,138.5,0.0,0.0,0.0,5,138.5,823.0,10,130.0,134.0,138.5,134.0,15.0,2040.0,255
2023-05-11 09:19:33,PK401P8600,PK401P8600,138.5,0.0,0.0,0.0,5,138.5,821.5,1,130.0,134.0,138.5,134.0,15.0,2040.0,255
2023-05-11 09:19:33,PK401P8600,PK401P8600,138.5,0.0,0.0,0.0,5,138.5,821.0,10,130.0,134.0,138.5,134.0,15.0,2040.0,255
2023-05-11 09:19:34,PK401P8600,PK401P8600,138.5,0.0,0.0,0.0,5,138.5,819.5,1,130.0,134.0,138.5,134.0,15.0,2040.0,255
2023-05-11 09:19:34,PK401P8600,PK401P8600,138.5,0.0,0.0,0.0,5,138.5,819.0,10,130.0,134.0,138.5,134.0,15.0,2040.0,255
2023-05-11 09:19:35,PK401P8600,PK401P8600,138.5,0.0,0.0,0.0,5,138.5,817.5,1,130.0,134.0,138.5,134.0,15.0,2040.0,255
2023-05-11 09:19:35,PK401P8600,PK401P8600,138.5,0.0,0.0,0.0,5,138.5,817.0,10,130.0,134.0,138.5,134.0,15.0,2040.0,255
2023-05-11 09:19:36,PK401P8600,PK401P8600,138.5,0.0,0.0,0.0,5,138.5,815.5,1,130.0,134.0,138.5,134.0,15.0,2040.0,255
2023-05-11 09:19:36,PK401P8600,PK401P8600,138.5,0.0,0.0,0.0,5,138.5,815.0,10,130.0,134.0,138.5,134.0,15.0,2040.0,255
2023-05-11 09:19:37,PK401P8600,PK401P8600,138.5,0.0,0.0,0.0,5,138.5,813.5,1,130.0,134.0,138.5,134.0,15.0,2040.0,255
2023-05-11 09:19:37,PK401P8600,PK401P8600,138.5,0.0,0.0,0.0,5,138.5,813.0,10,130.0,134.0,138.5,134.0,15.0,2040.0,255
2023-05-11 09:19:38,PK401P8600,PK401P8600,138.5,0.0,0.0,0.0,5,138.5,811.5,1,130.0,134.0,138.5,134.0,15.0,2040.0,255
2023-05-11 09:19:38,PK401P8600,PK401P8600,138.5,0.0,0.0,0.0,5,138.5,811.0,10,130.0,134.0,138.5,134.0,15.0,2040.0,255
2023-05-11 09:19:39,PK401P8600,PK401P8600,138.5,0.0,0.0,0.0,5,138.5,809.5,1,130.0,134.0,138.5,134.0,15.0,2040.0,255
2023-05-11 09:19:39,PK401P8600,PK401P8600,138.5,0.0,0.0,0.0,5,138.5,809.0,10,130.0,134.0,138.5,134.0,15.0,2040.0,255
2023-05-11 09:19:40,PK401P8600,PK401P8600,138.5,0.0,0.0,0.0,5,138.5,807.5,1,130.0,134.0,138.5,134.0,15.0,2040.0,255
2023-05-11 09:19:40,PK401P8600,PK401P8600,138.5,0.0,0.0,0.0,5,138.5,807.0,10,130.0,134.0,138.5,134.0,15.0,2040.0,255
2023-05-11 09:19:41,PK401P8600,PK401P8600,138.5,0.0,0.0,0.0,5,138.5,805.5,1,130.0,134.0,138.5,134.0,15.0,2040.0,255
2023-05-11 09:19:41,PK401P8600,PK401P8600,138.5,0.0,0.0,0.0,5,138.5,805.0,10,130.0,134.0,138.5,134.0,15.0,2040.0,255
2023-05-11 09:19:42,PK401P8600,PK401P8600,138.5,0.0,0.0,0.0,5,138.5,803.5,1,130.0,134.0,138.5,134.0,15.0,2040.0,255
2023-05-11 09:19:42,PK401P8600,PK401P8600,138.5,0.0,0.0,0.0,5,138.5,803.0,10,130.0,134.0,138.5,134.0,15.0,2040.0,255
2023-05-11 09:19:43,PK401P8600,PK401P8600,138.5,0.0,0.0,0.0,5,138.5,801.5,1,130.0,134.0,138.5,134.0,15.0,2040.0,255
2023-05-11 09:19:43,PK401P8600,PK401P8600,138.5,0.0,0.0,0.0,5,138.5,801.0,10,130.0,134.0,138.5,134.0,15.0,2040.0,255
2023-05-11 09:19:44,PK401P8600,PK401P8600,138.5,0.0,0.0,0.0,5,138.5,799.5,1,130.0,134.0,138.5,134.0,15.0,2040.0,255
2023-05-11 09:19:44,PK401P8600,PK401P8600,138.5,0.0,0.0,0.0,5,138.5,799.0,10,130.0,134.0,138.5,134.0,15.0,2040.0,255
2023-05-11 09:19:45,PK401P8600,PK401P8600,138.5,0.0,0.0,0.0,5,138.5,797.5,1,130.0,134.0,138.5,134.0,15.0,2040.0,255
2023-05-11 09:19:45,PK401P8600,PK401P8600,138.5,0.0,0.0,0.0,5,138.5,797.0,10,130.0,134.0,138.5,134.0,15.0,2040.0,255
2023-05-11 09:19:46,PK401P8600,PK401P8600,138.5,0.0,0.0,0.0,5,138.5,795.5,1,130.0,134.0,138.5,134.0,15.0,2040.0,255
2023-05-11 09:20:50,PK401P8600,PK401P8600,138.5,0.0,0.0,0.0,5,138.5,795.0,10,130.0,134.0,138.5,134.0,15.0,2040.0,255
2023-05-11 09:20:52,PK401P8600,PK401P8600,138.5,0.0,0.0,0.0,5,138.5,793.5,1,130.0,134.0,138.5,134.0,15.0,2040.0,255
2023-05-11 09:20:52,PK401P8600,PK401P8600,138.5,0.0,0.0,0.0,5,138.5,793.0,10,130.0,134.0,138.5,134.0,15.0,2040.0,255
2023-05-11 09:20:53,PK401P8600,PK401P8600,138.5,0.0,0.0,0.0,5,138.5,791.5,1,130.0,134.0,138.5,134.0,15.0,2040.0,255
2023-05-11 09:20:54,PK401P8600,PK401P8600,138.5,0.0,0.0,0.0,5,138.5,791.0,10,130.0,134.0,138.5,134.0,15.0,2040.0,255
2023-05-11 09:20:54,PK401P8600,PK401P8600,138.5,0.0,0.0,0.0,5,138.5,789.5,1,130.0,134.0,138.5,134.0,15.0,2040.0,255
2023-05-11 09:20:55,PK401P8600,PK401P8600,138.5,0.0,0.0,0.0,5,138.5,789.0,10,130.0,134.0,138.5,134.0,15.0,2040.0,255
2023-05-11 09:20:57,PK401P8600,PK401P8600,138.5,0.0,0.0,0.0,5,138.5,787.5,1,130.0,134.0,138.5,134.0,15.0,2040.0,255
2023-05-11 09:20:58,PK401P8600,PK401P8600,138.5,0.0,0.0,0.0,5,138.5,787.0,10,130.0,134.0,138.5,134.0,15.0,2040.0,255
2023-05-11 09:21:00,PK401P8600,PK401P8600,138.5,0.0,0.0,0.0,5,138.5,785.5,1,130.0,134.0,138.5,134.0,15.0,2040.0,255
2023-05-11 09:21:00,PK401P8600,PK401P8600,138.5,0.0,0.0,0.0,5,138.5,785.0,10,130.0,134.0,138.5,134.0,15.0,2040.0,255
2023-05-11 09:21:03,PK401P8600,PK401P8600,138.5,0.0,0.0,0.0,5,138.5,783.5,1,130.0,134.0,138.5,134.0,15.0,2040.0,255
2023-05-11 09:21:03,PK401P8600,PK401P8600,138.5,0.0,0.0,0.0,5,138.5,783.0,10,130.0,134.0,138.5,134.0,15.0,2040.0,255
2023-05-11 09:21:03,PK401P8600,PK401P8600,138.5,0.0,0.0,0.0,5,138.5,781.5,1,130.0,134.0,138.5,134.0,15.0,2040.0,255
2023-05-11 09:21:04,PK401P8600,PK401P8600,138.5,0.0,0.0,0.0,5,138.5,781.0,10,130.0,134.0,138.5,134.0,15.0,2040.0,255
2023-05-11 09:21:04,PK401P8600,PK401P8600,138.5,0.0,0.0,0.0,5,138.5,779.5,1,130.0,134.0,138.5,134.0,15.0,2040.0,255
2023-05-11 09:21:05,PK401P8600,PK401P8600,138.5,0.0,0.0,0.0,5,138.5,779.0,10,130.0,134.0,138.5,134.0,15.0,2040.0,255
2023-05-11 09:21:05,PK401P8600,PK401P8600,138.5,0.0,0.0,0.0,5,138.5,777.5,1,130.0,134.0,138.5,134.0,15.0,2040.0,255
2023-05-11 09:21:06,PK401P8600,PK401P8600,138.5,0.0,0.0,0.0,5,138.5,777.0,10,130.0,134.0,138.5,134.0,15.0,2040.0,255
2023-05-11 09:21:07,PK401P8600,PK401P8600,138.5,0.0,0.0,0.0,5,138.5,775.5,1,130.0,134.0,138.5,134.0,15.0,2040.0,255
2023-05-11 09:21:07,PK401P8600,PK401P8600,138.5,0.0,0.0,0.0,5,138.5,775.0,10,130.0,134.0,138.5,134.0,15.0,2040.0,255
2023-05-11 09:21:07,PK401P8600,PK401P8600,138.5,0.0,0.0,0.0,5,138.5,773.5,1,130.0,134.0,138.5,134.0,15.0,2040.0,255
2023-05-11 09:21:08,PK401P8600,PK401P8600,138.5,0.0,0.0,0.0,5,138.5,773.0,10,130.0,134.0,138.5,134.0,15.0,2040.0,255
2023-05-11 09:21:08,PK401P8600,PK401P8600,138.5,0.0,0.0,0.0,5,138.5,771.5,1,130.0,134.0,138.5,134.0,15.0,2040.0,255
2023-05-11 09:21:09,PK401P8600,PK401P8600,138.5,0.0,0.0,0.0,5,138.5,771.0,10,130.0,134.0,138.5,134.0,15.0,2040.0,255
2023-05-11 09:21:09,PK401P8600,PK401P8600,138.5,0.0,0.0,0.0,5,138.5,769.5,1,130.0,134.0,138.5,134.0,15.0,2040.0,255
2023-05-11 09:21:10,PK401P8600,PK401P8600,138.5,0.0,0.0,0.0,5,138.5,769.0,10,130.0,134.0,138.5,134.0,15.0,2040.0,255
2023-05-11 09:21:10,PK401P8600,PK401P8600,138.5,0.0,0.0,0.0,5,138.5,767.5,1,130.0,134.0,138.5,134.0,15.0,2040.0,255
2023-05-11 09:21:11,PK401P8600,PK401P8600,138.5,0.0,0.0,0.0,5,138.5,767.0,10,130.0,134.0,138.5,134.0,15.0,2040.0,255
2023-05-11 09:21:11,PK401P8600,PK401P8600,138.5,0.0,0.0,0.0,5,138.5,765.5,1,130.0,134.0,138.5,134.0,15.0,2040.0,255
2023-05-11 09:21:12,PK401P8600,PK401P8600,138.5,0.0,0.0,0.0,5,138.5,765.0,10,130.0,134.0,138.5,134.0,15.0,2040.0,255
2023-05-11 09:21:12,PK401P8600,PK401P8600,138.5,0.0,0.0,0.0,5,138.5,763.5,1,130.0,134.0,138.5,134.0,15.0,2040.0,255
2023-05-11 09:21:13,PK401P8600,PK401P8600,138.5,0.0,0.0,0.0,5,138.5,763.0,10,130.0,134.0,138.5,134.0,15.0,2040.0,255
2023-05-11 09:21:13,PK401P8600,PK401P8600,138.5,0.0,0.0,0.0,5,138.5,761.5,1,130.0,134.0,138.5,134.0,15.0,2040.0,255
2023-05-11 09:21:14,PK401P8600,PK401P8600,138.5,0.0,0.0,0.0,5,138.5,761.0,10,130.0,134.0,138.5,134.0,15.0,2040.0,255
2023-05-11 09:21:14,PK401P8600,PK401P8600,138.5,0.0,0.0,0.0,5,138.5,759.5,1,130.0,134.0,138.5,134.0,15.0,2040.0,255
2023-05-11 09:21:15,PK401P8600,PK401P8600,138.5,0.0,0.0,0.0,5,138.5,759.0,10,130.0,134.0,138.5,134.0,15.0,2040.0,255
2023-05-11 09:21:15,PK401P8600,PK401P8600,138.5,0.0,0.0,0.0,5,138.5,757.5,1,130.0,134.0,138.5,134.0,15.0,2040.0,255
2023-05-11 09:21:16,PK401P8600,PK401P8600,138.5,0.0,0.0,0.0,5,138.5,757.0,10,130.0,134.0,138.5,134.0,15.0,2040.0,255
2023-05-11 09:21:16,PK401P8600,PK401P8600,138.5,0.0,0.0,0.0,5,138.5,755.5,1,130.0,134.0,138.5,134.0,15.0,2040.0,255
2023-05-11 09:21:17,PK401P8600,PK401P8600,138.5,0.0,0.0,0.0,5,138.5,755.0,10,130.0,134.0,138.5,134.0,15.0,2040.0,255
2023-05-11 09:21:17,PK401P8600,PK401P8600,138.5,0.0,0.0,0.0,5,138.5,753.5,1,130.0,134.0,138.5,134.0,15.0,2040.0,255
2023-05-11 09:21:18,PK401P8600,PK401P8600,138.5,0.0,0.0,0.0,5,138.5,753.0,10,130.0,134.0,138.5,134.0,15.0,2040.0,255
2023-05-11 09:21:18,PK401P8600,PK401P8600,138.5,0.0,0.0,0.0,5,138.5,751.5,1,130.0,134.0,138.5,134.0,15.0,2040.0,255
2023-05-11 09:22:44,PK401P8600,PK401P8600,138.5,0.0,0.0,0.0,6,142.0,151.5,6,130.0,134.0,138.5,134.0,15.0,2040.0,255
2023-05-11 09:22:44,PK401P8600,PK401P8600,138.5,0.0,0.0,0.0,9,142.0,151.5,9,130.0,134.0,138.5,134.0,15.0,2040.0,255
2023-05-11 09:22:47,PK401P8600,PK401P8600,138.5,0.0,0.0,0.0,6,142.0,143.5,3,130.0,134.0,138.5,134.0,15.0,2040.0,255
2023-05-11 09:22:47,PK401P8600,PK401P8600,138.5,0.0,0.0,0.0,3,142.0,143.5,3,130.0,134.0,138.5,134.0,15.0,2040.0,255
2023-05-11 09:22:48,PK401P8600,PK401P8600,138.5,0.0,0.0,0.0,9,142.0,143.5,9,130.0,134.0,138.5,134.0,15.0,2040.0,255
2023-05-11 09:22:51,PK401P8600,PK401P8600,138.5,0.0,0.0,0.0,12,142.0,143.5,15,130.0,134.0,138.5,134.0,15.0,2040.0,255
2023-05-11 09:22:53,PK401P8600,PK401P8600,138.5,0.0,0.0,0.0,12,142.0,143.5,18,130.0,134.0,138.5,134.0,15.0,2040.0,255
2023-05-11 09:22:55,PK401P8600,PK401P8600,138.5,0.0,0.0,0.0,9,142.0,143.5,18,130.0,134.0,138.5,134.0,15.0,2040.0,255
2023-05-11 09:22:58,PK401P8600,PK401P8600,138.5,0.0,0.0,0.0,9,142.0,143.5,15,130.0,134.0,138.5,134.0,15.0,2040.0,255
2023-05-11 09:23:00,PK401P8600,PK401P8600,138.5,0.0,0.0,0.0,6,142.0,143.5,12,130.0,134.0,138.5,134.0,15.0,2040.0,255
2023-05-11 09:23:01,PK401P8600,PK401P8600,138.5,0.0,0.0,0.0,3,142.0,143.5,9,130.0,134.0,138.5,134.0,15.0,2040.0,255
2023-05-11 09:23:01,PK401P8600,PK401P8600,138.5,0.0,0.0,0.0,3,141.5,143.5,6,130.0,134.0,138.5,134.0,15.0,2040.0,255
2023-05-11 09:23:01,PK401P8600,PK401P8600,138.5,0.0,0.0,0.0,3,141.0,143.5,3,130.0,134.0,138.5,134.0,15.0,2040.0,255
2023-05-11 09:23:03,PK401P8600,PK401P8600,138.5,0.0,0.0,0.0,5,138.5,0.0,0,130.0,134.0,138.5,134.0,15.0,2040.0,255
2023-05-11 09:23:03,PK401P8600,PK401P8600,138.5,0.0,0.0,0.0,5,138.5,825.5,1,130.0,134.0,138.5,134.0,15.0,2040.0,255
2023-05-11 09:23:54,PK401P8600,PK401P8600,138.5,0.0,0.0,0.0,5,138.5,825.0,10,130.0,134.0,138.5,134.0,15.0,2040.0,255
2023-05-11 09:23:57,PK401P8600,PK401P8600,138.5,0.0,0.0,0.0,5,138.5,823.5,1,130.0,134.0,138.5,134.0,15.0,2040.0,255
2023-05-11 09:23:57,PK401P8600,PK401P8600,138.5,0.0,0.0,0.0,5,138.5,823.0,10,130.0,134.0,138.5,134.0,15.0,2040.0,255
2023-05-11 09:23:59,PK401P8600,PK401P8600,138.5,0.0,0.0,0.0,5,138.5,821.5,1,130.0,134.0,138.5,134.0,15.0,2040.0,255
2023-05-11 09:23:59,PK401P8600,PK401P8600,138.5,0.0,0.0,0.0,5,138.5,821.0,10,130.0,134.0,138.5,134.0,15.0,2040.0,255
2023-05-11 09:24:00,PK401P8600,PK401P8600,138.5,0.0,0.0,0.0,5,138.5,819.5,1,130.0,134.0,138.5,134.0,15.0,2040.0,255
2023-05-11 09:24:40,PK401P8600,PK401P8600,138.5,0.0,0.0,0.0,5,138.5,819.0,10,130.0,134.0,138.5,134.0,15.0,2040.0,255
2023-05-11 09:24:41,PK401P8600,PK401P8600,138.5,0.0,0.0,0.0,5,138.5,817.5,1,130.0,134.0,138.5,134.0,15.0,2040.0,255
2023-05-11 09:24:42,PK401P8600,PK401P8600,138.5,0.0,0.0,0.0,5,138.5,817.0,10,130.0,134.0,138.5,134.0,15.0,2040.0,255
2023-05-11 09:24:42,PK401P8600,PK401P8600,138.5,0.0,0.0,0.0,5,138.5,815.5,1,130.0,134.0,138.5,134.0,15.0,2040.0,255
2023-05-11 09:24:42,PK401P8600,PK401P8600,138.5,0.0,0.0,0.0,5,138.5,815.0,10,130.0,134.0,138.5,134.0,15.0,2040.0,255
2023-05-11 09:24:43,PK401P8600,PK401P8600,138.5,0.0,0.0,0.0,5,138.5,813.5,1,130.0,134.0,138.5,134.0,15.0,2040.0,255
2023-05-11 09:24:43,PK401P8600,PK401P8600,138.5,0.0,0.0,0.0,5,138.5,813.0,10,130.0,134.0,138.5,134.0,15.0,2040.0,255
2023-05-11 09:24:45,PK401P8600,PK401P8600,138.5,0.0,0.0,0.0,5,138.5,811.5,1,130.0,134.0,138.5,134.0,15.0,2040.0,255
2023-05-11 09:24:45,PK401P8600,PK401P8600,138.5,0.0,0.0,0.0,5,138.5,811.0,10,130.0,134.0,138.5,134.0,15.0,2040.0,255
2023-05-11 09:24:47,PK401P8600,PK401P8600,138.5,0.0,0.0,0.0,5,138.5,809.5,1,130.0,134.0,138.5,134.0,15.0,2040.0,255
2023-05-11 09:24:47,PK401P8600,PK401P8600,138.5,0.0,0.0,0.0,5,138.5,809.0,10,130.0,134.0,138.5,134.0,15.0,2040.0,255
2023-05-11 09:24:48,PK401P8600,PK401P8600,138.5,0.0,0.0,0.0,5,138.5,807.5,1,130.0,134.0,138.5,134.0,15.0,2040.0,255
2023-05-11 09:25:37,PK401P8600,PK401P8600,138.5,0.0,0.0,0.0,5,138.5,807.0,10,130.0,134.0,138.5,134.0,15.0,2040.0,255
2023-05-11 09:25:38,PK401P8600,PK401P8600,138.5,0.0,0.0,0.0,5,138.5,805.5,1,130.0,134.0,138.5,134.0,15.0,2040.0,255
2023-05-11 09:25:39,PK401P8600,PK401P8600,138.5,0.0,0.0,0.0,5,138.5,805.0,10,130.0,134.0,138.5,134.0,15.0,2040.0,255
2023-05-11 09:25:41,PK401P8600,PK401P8600,138.5,0.0,0.0,0.0,5,138.5,803.5,1,130.0,134.0,138.5,134.0,15.0,2040.0,255
2023-05-11 09:25:42,PK401P8600,PK401P8600,138.5,0.0,0.0,0.0,5,138.5,803.0,10,130.0,134.0,138.5,134.0,15.0,2040.0,255
2023-05-11 09:25:43,PK401P8600,PK401P8600,138.5,0.0,0.0,0.0,5,138.5,801.5,1,130.0,134.0,138.5,134.0,15.0,2040.0,255
2023-05-11 09:25:44,PK401P8600,PK401P8600,138.5,0.0,0.0,0.0,5,138.5,801.0,10,130.0,134.0,138.5,134.0,15.0,2040.0,255
2023-05-11 09:25:45,PK401P8600,PK401P8600,138.5,0.0,0.0,0.0,5,138.5,799.5,1,130.0,134.0,138.5,134.0,15.0,2040.0,255
2023-05-11 09:25:46,PK401P8600,PK401P8600,138.5,0.0,0.0,0.0,5,138.5,799.0,10,130.0,134.0,138.5,134.0,15.0,2040.0,255
2023-05-11 09:25:46,PK401P8600,PK401P8600,138.5,0.0,0.0,0.0,5,138.5,797.5,1,130.0,134.0,138.5,134.0,15.0,2040.0,255
2023-05-11 09:25:47,PK401P8600,PK401P8600,138.5,0.0,0.0,0.0,5,138.5,797.0,10,130.0,134.0,138.5,134.0,15.0,2040.0,255
2023-05-11 09:25:48,PK401P8600,PK401P8600,138.5,0.0,0.0,0.0,5,138.5,795.5,1,130.0,134.0,138.5,134.0,15.0,2040.0,255
2023-05-11 09:25:49,PK401P8600,PK401P8600,138.5,0.0,0.0,0.0,5,138.5,795.0,10,130.0,134.0,138.5,134.0,15.0,2040.0,255
2023-05-11 09:25:50,PK401P8600,PK401P8600,138.5,0.0,0.0,0.0,5,138.5,793.5,1,130.0,134.0,138.5,134.0,15.0,2040.0,255
2023-05-11 09:26:36,PK401P8600,PK401P8600,138.5,0.0,0.0,0.0,5,138.5,793.0,10,130.0,134.0,138.5,134.0,15.0,2040.0,255
2023-05-11 09:26:37,PK401P8600,PK401P8600,138.5,0.0,0.0,0.0,5,138.5,791.5,1,130.0,134.0,138.5,134.0,15.0,2040.0,255
2023-05-11 09:26:37,PK401P8600,PK401P8600,138.5,0.0,0.0,0.0,5,138.5,791.0,10,130.0,134.0,138.5,134.0,15.0,2040.0,255
2023-05-11 09:26:38,PK401P8600,PK401P8600,138.5,0.0,0.0,0.0,5,138.5,789.5,1,130.0,134.0,138.5,134.0,15.0,2040.0,255
2023-05-11 09:26:38,PK401P8600,PK401P8600,138.5,0.0,0.0,0.0,5,138.5,789.0,10,130.0,134.0,138.5,134.0,15.0,2040.0,255
2023-05-11 09:26:39,PK401P8600,PK401P8600,138.5,0.0,0.0,0.0,5,138.5,787.5,1,130.0,134.0,138.5,134.0,15.0,2040.0,255
2023-05-11 09:26:39,PK401P8600,PK401P8600,138.5,0.0,0.0,0.0,5,138.5,787.0,10,130.0,134.0,138.5,134.0,15.0,2040.0,255
2023-05-11 09:26:40,PK401P8600,PK401P8600,138.5,0.0,0.0,0.0,5,138.5,785.5,1,130.0,134.0,138.5,134.0,15.0,2040.0,255
2023-05-11 09:26:40,PK401P8600,PK401P8600,138.5,0.0,0.0,0.0,5,138.5,785.0,10,130.0,134.0,138.5,134.0,15.0,2040.0,255
2023-05-11 09:26:41,PK401P8600,PK401P8600,138.5,0.0,0.0,0.0,5,138.5,783.5,1,130.0,134.0,138.5,134.0,15.0,2040.0,255
2023-05-11 09:26:41,PK401P8600,PK401P8600,138.5,0.0,0.0,0.0,5,138.5,783.0,10,130.0,134.0,138.5,134.0,15.0,2040.0,255
2023-05-11 09:26:42,PK401P8600,PK401P8600,138.5,0.0,0.0,0.0,5,138.5,781.5,1,130.0,134.0,138.5,134.0,15.0,2040.0,255
2023-05-11 09:26:42,PK401P8600,PK401P8600,138.5,0.0,0.0,0.0,5,138.5,781.0,10,130.0,134.0,138.5,134.0,15.0,2040.0,255
2023-05-11 09:26:43,PK401P8600,PK401P8600,138.5,0.0,0.0,0.0,5,138.5,779.5,1,130.0,134.0,138.5,134.0,15.0,2040.0,255
2023-05-11 09:26:43,PK401P8600,PK401P8600,138.5,0.0,0.0,0.0,5,138.5,779.0,10,130.0,134.0,138.5,134.0,15.0,2040.0,255
2023-05-11 09:26:44,PK401P8600,PK401P8600,138.5,0.0,0.0,0.0,5,138.5,777.5,1,130.0,134.0,138.5,134.0,15.0,2040.0,255
2023-05-11 09:26:44,PK401P8600,PK401P8600,138.5,0.0,0.0,0.0,5,138.5,777.0,10,130.0,134.0,138.5,134.0,15.0,2040.0,255
2023-05-11 09:26:45,PK401P8600,PK401P8600,138.5,0.0,0.0,0.0,5,138.5,775.5,1,130.0,134.0,138.5,134.0,15.0,2040.0,255
2023-05-11 09:26:45,PK401P8600,PK401P8600,138.5,0.0,0.0,0.0,5,138.5,775.0,10,130.0,134.0,138.5,134.0,15.0,2040.0,255
2023-05-11 09:26:46,PK401P8600,PK401P8600,138.5,0.0,0.0,0.0,5,138.5,773.5,1,130.0,134.0,138.5,134.0,15.0,2040.0,255
2023-05-11 09:26:46,PK401P8600,PK401P8600,138.5,0.0,0.0,0.0,5,138.5,773.0,10,130.0,134.0,138.5,134.0,15.0,2040.0,255
2023-05-11 09:26:47,PK401P8600,PK401P8600,138.5,0.0,0.0,0.0,5,138.5,771.5,1,130.0,134.0,138.5,134.0,15.0,2040.0,255
2023-05-11 09:26:47,PK401P8600,PK401P8600,138.5,0.0,0.0,0.0,5,138.5,771.0,10,130.0,134.0,138.5,134.0,15.0,2040.0,255
2023-05-11 09:26:48,PK401P8600,PK401P8600,138.5,0.0,0.0,0.0,5,138.5,769.5,1,130.0,134.0,138.5,134.0,15.0,2040.0,255
2023-05-11 09:28:13,PK401P8600,PK401P8600,138.5,0.0,0.0,0.0,8,138.5,147.5,3,130.0,134.0,138.5,134.0,15.0,2040.0,255
2023-05-11 09:28:13,PK401P8600,PK401P8600,138.5,0.0,0.0,0.0,11,138.5,147.5,6,130.0,134.0,138.5,134.0,15.0,2040.0,255
2023-05-11 09:28:16,PK401P8600,PK401P8600,138.5,3.0,417.0,0.0,8,138.5,147.5,6,130.0,134.0,138.5,134.0,18.0,2457.0,255
2023-05-11 09:28:17,PK401P8600,PK401P8600,138.5,0.0,0.0,0.0,5,138.5,139.0,3,130.0,134.0,138.5,134.0,18.0,2457.0,255
2023-05-11 09:28:17,PK401P8600,PK401P8600,138.5,0.0,0.0,0.0,5,138.5,139.0,6,130.0,134.0,138.5,134.0,18.0,2457.0,255
2023-05-11 09:28:18,PK401P8600,PK401P8600,138.5,0.0,0.0,0.0,8,138.5,139.0,9,130.0,134.0,138.5,134.0,18.0,2457.0,255
2023-05-11 09:28:20,PK401P8600,PK401P8600,138.5,0.0,0.0,0.0,11,138.5,139.0,12,130.0,134.0,138.5,134.0,18.0,2457.0,255
2023-05-11 09:28:20,PK401P8600,PK401P8600,138.5,0.0,0.0,0.0,14,138.5,139.0,15,130.0,134.0,138.5,134.0,18.0,2457.0,255
2023-05-11 09:28:22,PK401P8600,PK401P8600,138.5,0.0,0.0,0.0,14,138.5,139.0,18,130.0,134.0,138.5,134.0,18.0,2457.0,255
2023-05-11 09:28:26,PK401P8600,PK401P8600,138.5,0.0,0.0,0.0,11,138.5,139.0,15,130.0,134.0,138.5,134.0,18.0,2457.0,255
2023-05-11 09:28:28,PK401P8600,PK401P8600,138.5,0.0,0.0,0.0,11,138.5,139.0,12,130.0,134.0,138.5,134.0,18.0,2457.0,255
2023-05-11 09:28:30,PK401P8600,PK401P8600,138.5,0.0,0.0,0.0,8,138.5,139.0,9,130.0,134.0,138.5,134.0,18.0,2457.0,255
2023-05-11 09:28:30,PK401P8600,PK401P8600,138.5,0.0,0.0,0.0,2,138.5,139.0,3,130.0,134.0,138.5,134.0,18.0,2457.0,255
2023-05-11 09:28:33,PK401P8600,PK401P8600,138.5,0.0,0.0,0.0,2,138.5,0.0,0,130.0,134.0,138.5,134.0,18.0,2457.0,255
2023-05-11 09:28:33,PK401P8600,PK401P8600,138.5,0.0,0.0,0.0,2,138.5,825.0,10,130.0,134.0,138.5,134.0,18.0,2457.0,255
2023-05-11 09:28:34,PK401P8600,PK401P8600,138.5,0.0,0.0,0.0,2,138.5,823.5,1,130.0,134.0,138.5,134.0,18.0,2457.0,255
2023-05-11 09:28:34,PK401P8600,PK401P8600,138.5,0.0,0.0,0.0,2,138.5,823.0,10,130.0,134.0,138.5,134.0,18.0,2457.0,255
2023-05-11 09:28:35,PK401P8600,PK401P8600,138.5,0.0,0.0,0.0,2,138.5,821.5,1,130.0,134.0,138.5,134.0,18.0,2457.0,255
2023-05-11 09:28:35,PK401P8600,PK401P8600,138.5,0.0,0.0,0.0,2,138.5,821.0,10,130.0,134.0,138.5,134.0,18.0,2457.0,255
2023-05-11 09:28:36,PK401P8600,PK401P8600,138.5,0.0,0.0,0.0,2,138.5,819.5,1,130.0,134.0,138.5,134.0,18.0,2457.0,255
2023-05-11 09:29:08,PK401P8600,PK401P8600,138.5,0.0,0.0,0.0,2,138.5,819.0,10,130.0,134.0,138.5,134.0,18.0,2457.0,255
2023-05-11 09:29:08,PK401P8600,PK401P8600,138.5,0.0,0.0,0.0,2,138.5,817.5,1,130.0,134.0,138.5,134.0,18.0,2457.0,255
2023-05-11 09:29:09,PK401P8600,PK401P8600,138.5,0.0,0.0,0.0,2,138.5,817.0,10,130.0,134.0,138.5,134.0,18.0,2457.0,255
2023-05-11 09:29:09,PK401P8600,PK401P8600,138.5,0.0,0.0,0.0,2,138.5,815.5,1,130.0,134.0,138.5,134.0,18.0,2457.0,255
2023-05-11 09:29:10,PK401P8600,PK401P8600,138.5,0.0,0.0,0.0,2,138.5,815.0,10,130.0,134.0,138.5,134.0,18.0,2457.0,255
2023-05-11 09:29:10,PK401P8600,PK401P8600,138.5,0.0,0.0,0.0,2,138.5,813.5,1,130.0,134.0,138.5,134.0,18.0,2457.0,255
2023-05-11 09:29:11,PK401P8600,PK401P8600,138.5,0.0,0.0,0.0,2,138.5,813.0,10,130.0,134.0,138.5,134.0,18.0,2457.0,255
2023-05-11 09:29:11,PK401P8600,PK401P8600,138.5,0.0,0.0,0.0,2,138.5,811.5,1,130.0,134.0,138.5,134.0,18.0,2457.0,255
2023-05-11 09:29:12,PK401P8600,PK401P8600,138.5,0.0,0.0,0.0,2,138.5,811.0,10,130.0,134.0,138.5,134.0,18.0,2457.0,255
2023-05-11 09:29:12,PK401P8600,PK401P8600,138.5,0.0,0.0,0.0,2,138.5,809.5,1,130.0,134.0,138.5,134.0,18.0,2457.0,255
2023-05-11 09:29:13,PK401P8600,PK401P8600,138.5,0.0,0.0,0.0,2,138.5,809.0,10,130.0,134.0,138.5,134.0,18.0,2457.0,255
2023-05-11 09:29:13,PK401P8600,PK401P8600,138.5,0.0,0.0,0.0,2,138.5,807.5,1,130.0,134.0,138.5,134.0,18.0,2457.0,255
2023-05-11 09:29:14,PK401P8600,PK401P8600,138.5,0.0,0.0,0.0,2,138.5,807.0,10,130.0,134.0,138.5,134.0,18.0,2457.0,255
2023-05-11 09:29:14,PK401P8600,PK401P8600,138.5,0.0,0.0,0.0,2,138.5,805.5,1,130.0,134.0,138.5,134.0,18.0,2457.0,255
2023-05-11 09:29:15,PK401P8600,PK401P8600,138.5,0.0,0.0,0.0,2,138.5,805.0,10,130.0,134.0,138.5,134.0,18.0,2457.0,255
2023-05-11 09:29:15,PK401P8600,PK401P8600,138.5,0.0,0.0,0.0,2,138.5,803.5,1,130.0,134.0,138.5,134.0,18.0,2457.0,255
2023-05-11 09:29:16,PK401P8600,PK401P8600,138.5,0.0,0.0,0.0,2,138.5,803.0,10,130.0,134.0,138.5,134.0,18.0,2457.0,255
2023-05-11 09:29:16,PK401P8600,PK401P8600,138.5,0.0,0.0,0.0,2,138.5,801.5,1,130.0,134.0,138.5,134.0,18.0,2457.0,255
2023-05-11 09:29:17,PK401P8600,PK401P8600,138.5,0.0,0.0,0.0,2,138.5,801.0,10,130.0,134.0,138.5,134.0,18.0,2457.0,255
2023-05-11 09:29:18,PK401P8600,PK401P8600,138.5,0.0,0.0,0.0,2,138.5,799.5,1,130.0,134.0,138.5,134.0,18.0,2457.0,255
2023-05-11 09:29:45,PK401P8600,PK401P8600,138.5,2.0,273.0,2.0,3,134.0,138.5,1,130.0,134.0,138.5,134.0,20.0,2730.0,257
2023-05-11 09:35:53,PK401P8600,PK401P8600,138.5,0.0,0.0,0.0,3,134.0,138.0,1,130.0,134.0,138.5,134.0,20.0,2730.0,257
2023-05-11 09:35:55,PK401P8600,PK401P8600,138.5,0.0,0.0,0.0,3,134.0,0.0,0,130.0,134.0,138.5,134.0,20.0,2730.0,257
2023-05-11 09:35:55,PK401P8600,PK401P8600,138.5,0.0,0.0,0.0,3,134.0,825.0,10,130.0,134.0,138.5,134.0,20.0,2730.0,257
2023-05-11 09:35:57,PK401P8600,PK401P8600,138.5,0.0,0.0,0.0,3,134.0,823.5,1,130.0,134.0,138.5,134.0,20.0,2730.0,257
2023-05-11 09:35:57,PK401P8600,PK401P8600,138.5,0.0,0.0,0.0,3,134.0,823.0,10,130.0,134.0,138.5,134.0,20.0,2730.0,257
2023-05-11 09:35:58,PK401P8600,PK401P8600,138.5,0.0,0.0,0.0,3,134.0,821.5,1,130.0,134.0,138.5,134.0,20.0,2730.0,257
2023-05-11 09:35:59,PK401P8600,PK401P8600,138.5,0.0,0.0,0.0,3,134.0,821.0,10,130.0,134.0,138.5,134.0,20.0,2730.0,257
2023-05-11 09:36:00,PK401P8600,PK401P8600,138.5,0.0,0.0,0.0,3,134.0,819.5,1,130.0,134.0,138.5,134.0,20.0,2730.0,257
2023-05-11 09:36:33,PK401P8600,PK401P8600,138.5,0.0,0.0,0.0,3,134.0,819.0,10,130.0,134.0,138.5,134.0,20.0,2730.0,257
2023-05-11 09:36:33,PK401P8600,PK401P8600,138.5,0.0,0.0,0.0,3,134.0,817.5,1,130.0,134.0,138.5,134.0,20.0,2730.0,257
2023-05-11 09:36:34,PK401P8600,PK401P8600,138.5,0.0,0.0,0.0,3,134.0,817.0,10,130.0,134.0,138.5,134.0,20.0,2730.0,257
2023-05-11 09:36:36,PK401P8600,PK401P8600,138.5,0.0,0.0,0.0,3,134.0,815.5,1,130.0,134.0,138.5,134.0,20.0,2730.0,257
2023-05-11 09:36:37,PK401P8600,PK401P8600,138.5,0.0,0.0,0.0,3,134.0,815.0,10,130.0,134.0,138.5,134.0,20.0,2730.0,257
2023-05-11 09:36:37,PK401P8600,PK401P8600,138.5,0.0,0.0,0.0,3,134.0,813.5,1,130.0,134.0,138.5,134.0,20.0,2730.0,257
2023-05-11 09:36:38,PK401P8600,PK401P8600,138.5,0.0,0.0,0.0,3,134.0,813.0,10,130.0,134.0,138.5,134.0,20.0,2730.0,257
2023-05-11 09:36:38,PK401P8600,PK401P8600,138.5,0.0,0.0,0.0,3,134.0,811.5,1,130.0,134.0,138.5,134.0,20.0,2730.0,257
2023-05-11 09:36:39,PK401P8600,PK401P8600,138.5,0.0,0.0,0.0,3,134.0,811.0,10,130.0,134.0,138.5,134.0,20.0,2730.0,257
2023-05-11 09:36:40,PK401P8600,PK401P8600,138.5,0.0,0.0,0.0,3,134.0,809.5,1,130.0,134.0,138.5,134.0,20.0,2730.0,257
2023-05-11 09:36:41,PK401P8600,PK401P8600,138.5,0.0,0.0,0.0,3,134.0,809.0,10,130.0,134.0,138.5,134.0,20.0,2730.0,257
2023-05-11 09:36:44,PK401P8600,PK401P8600,138.5,0.0,0.0,0.0,3,134.0,807.5,1,130.0,134.0,138.5,134.0,20.0,2730.0,257
2023-05-11 09:38:22,PK401P8600,PK401P8600,138.5,0.0,0.0,0.0,3,134.0,807.0,10,130.0,134.0,138.5,134.0,20.0,2730.0,257
2023-05-11 09:38:22,PK401P8600,PK401P8600,138.5,0.0,0.0,0.0,3,134.0,805.5,1,130.0,134.0,138.5,134.0,20.0,2730.0,257
2023-05-11 09:38:44,PK401P8600,PK401P8600,138.5,0.0,0.0,0.0,3,134.0,805.0,10,130.0,134.0,138.5,134.0,20.0,2730.0,257
2023-05-11 09:38:44,PK401P8600,PK401P8600,138.5,0.0,0.0,0.0,3,134.0,803.5,1,130.0,134.0,138.5,134.0,20.0,2730.0,257
2023-05-11 09:38:45,PK401P8600,PK401P8600,138.5,0.0,0.0,0.0,3,134.0,803.0,10,130.0,134.0,138.5,134.0,20.0,2730.0,257
2023-05-11 09:38:46,PK401P8600,PK401P8600,138.5,0.0,0.0,0.0,3,134.0,802.5,1,130.0,134.0,138.5,134.0,20.0,2730.0,257
2023-05-11 09:38:47,PK401P8600,PK401P8600,138.5,0.0,0.0,0.0,3,134.0,801.0,1,130.0,134.0,138.5,134.0,20.0,2730.0,257
2023-05-11 09:38:47,PK401P8600,PK401P8600,138.5,0.0,0.0,0.0,3,134.0,800.5,10,130.0,134.0,138.5,134.0,20.0,2730.0,257
2023-05-11 09:38:48,PK401P8600,PK401P8600,138.5,0.0,0.0,0.0,3,134.0,799.0,1,130.0,134.0,138.5,134.0,20.0,2730.0,257
2023-05-11 09:38:48,PK401P8600,PK401P8600,138.5,0.0,0.0,0.0,3,134.0,798.5,10,130.0,134.0,138.5,134.0,20.0,2730.0,257
2023-05-11 09:38:50,PK401P8600,PK401P8600,138.5,0.0,0.0,0.0,3,134.0,797.0,1,130.0,134.0,138.5,134.0,20.0,2730.0,257
2023-05-11 09:38:51,PK401P8600,PK401P8600,138.5,0.0,0.0,0.0,3,134.0,796.5,10,130.0,134.0,138.5,134.0,20.0,2730.0,257
2023-05-11 09:38:51,PK401P8600,PK401P8600,138.5,0.0,0.0,0.0,3,134.0,795.0,1,130.0,134.0,138.5,134.0,20.0,2730.0,257
2023-05-11 09:39:31,PK401P8600,PK401P8600,138.5,0.0,0.0,0.0,3,134.0,794.5,10,130.0,134.0,138.5,134.0,20.0,2730.0,257
2023-05-11 09:39:31,PK401P8600,PK401P8600,138.5,0.0,0.0,0.0,3,134.0,793.0,1,130.0,134.0,138.5,134.0,20.0,2730.0,257
2023-05-11 09:39:31,PK401P8600,PK401P8600,138.5,0.0,0.0,0.0,3,134.0,794.5,10,130.0,134.0,138.5,134.0,20.0,2730.0,257
2023-05-11 09:39:31,PK401P8600,PK401P8600,138.5,0.0,0.0,0.0,3,134.0,793.0,1,130.0,134.0,138.5,134.0,20.0,2730.0,257
2023-05-11 09:39:36,PK401P8600,PK401P8600,138.5,0.0,0.0,0.0,3,134.0,792.5,10,130.0,134.0,138.5,134.0,20.0,2730.0,257
2023-05-11 09:39:36,PK401P8600,PK401P8600,138.5,0.0,0.0,0.0,3,134.0,791.0,1,130.0,134.0,138.5,134.0,20.0,2730.0,257
2023-05-11 09:40:29,PK401P8600,PK401P8600,138.5,0.0,0.0,0.0,3,134.0,790.5,10,130.0,134.0,138.5,134.0,20.0,2730.0,257
2023-05-11 09:40:29,PK401P8600,PK401P8600,138.5,0.0,0.0,0.0,3,134.0,789.0,1,130.0,134.0,138.5,134.0,20.0,2730.0,257
2023-05-11 09:40:30,PK401P8600,PK401P8600,138.5,0.0,0.0,0.0,3,134.0,788.5,10,130.0,134.0,138.5,134.0,20.0,2730.0,257
2023-05-11 09:40:31,PK401P8600,PK401P8600,138.5,0.0,0.0,0.0,3,134.0,787.0,1,130.0,134.0,138.5,134.0,20.0,2730.0,257
2023-05-11 09:40:32,PK401P8600,PK401P8600,138.5,0.0,0.0,0.0,3,134.0,786.5,10,130.0,134.0,138.5,134.0,20.0,2730.0,257
2023-05-11 09:40:34,PK401P8600,PK401P8600,138.5,0.0,0.0,0.0,3,134.0,785.0,1,130.0,134.0,138.5,134.0,20.0,2730.0,257
2023-05-11 09:40:34,PK401P8600,PK401P8600,138.5,0.0,0.0,0.0,3,134.0,784.5,10,130.0,134.0,138.5,134.0,20.0,2730.0,257
2023-05-11 09:40:34,PK401P8600,PK401P8600,138.5,0.0,0.0,0.0,3,134.0,783.0,1,130.0,134.0,138.5,134.0,20.0,2730.0,257
2023-05-11 09:40:35,PK401P8600,PK401P8600,138.5,0.0,0.0,0.0,3,134.0,782.5,10,130.0,134.0,138.5,134.0,20.0,2730.0,257
2023-05-11 09:40:36,PK401P8600,PK401P8600,138.5,0.0,0.0,0.0,3,134.0,780.5,10,130.0,134.0,138.5,134.0,20.0,2730.0,257
2023-05-11 09:40:37,PK401P8600,PK401P8600,138.5,0.0,0.0,0.0,3,134.0,779.0,1,130.0,134.0,138.5,134.0,20.0,2730.0,257
2023-05-11 09:40:37,PK401P8600,PK401P8600,138.5,0.0,0.0,0.0,3,134.0,778.5,10,130.0,134.0,138.5,134.0,20.0,2730.0,257
2023-05-11 09:40:38,PK401P8600,PK401P8600,138.5,0.0,0.0,0.0,3,134.0,777.0,1,130.0,134.0,138.5,134.0,20.0,2730.0,257
2023-05-11 09:40:38,PK401P8600,PK401P8600,138.5,0.0,0.0,0.0,3,134.0,776.5,10,130.0,134.0,138.5,134.0,20.0,2730.0,257
2023-05-11 09:40:40,PK401P8600,PK401P8600,138.5,0.0,0.0,0.0,3,134.0,775.0,1,130.0,134.0,138.5,134.0,20.0,2730.0,257
2023-05-11 09:41:18,PK401P8600,PK401P8600,138.5,0.0,0.0,0.0,3,134.0,774.5,10,130.0,134.0,138.5,134.0,20.0,2730.0,257
2023-05-11 09:41:18,PK401P8600,PK401P8600,138.5,0.0,0.0,0.0,3,134.0,772.5,10,130.0,134.0,138.5,134.0,20.0,2730.0,257
2023-05-11 09:41:21,PK401P8600,PK401P8600,138.5,0.0,0.0,0.0,3,134.0,771.0,1,130.0,134.0,138.5,134.0,20.0,2730.0,257
2023-05-11 09:41:21,PK401P8600,PK401P8600,138.5,0.0,0.0,0.0,3,134.0,770.5,10,130.0,134.0,138.5,134.0,20.0,2730.0,257
2023-05-11 09:41:22,PK401P8600,PK401P8600,138.5,0.0,0.0,0.0,3,134.0,769.0,1,130.0,134.0,138.5,134.0,20.0,2730.0,257
2023-05-11 09:41:22,PK401P8600,PK401P8600,138.5,0.0,0.0,0.0,3,134.0,768.5,10,130.0,134.0,138.5,134.0,20.0,2730.0,257
2023-05-11 09:41:23,PK401P8600,PK401P8600,138.5,0.0,0.0,0.0,3,134.0,767.0,1,130.0,134.0,138.5,134.0,20.0,2730.0,257
2023-05-11 09:41:24,PK401P8600,PK401P8600,138.5,0.0,0.0,0.0,3,134.0,766.5,10,130.0,134.0,138.5,134.0,20.0,2730.0,257
2023-05-11 09:41:24,PK401P8600,PK401P8600,138.5,0.0,0.0,0.0,3,134.0,765.0,1,130.0,134.0,138.5,134.0,20.0,2730.0,257
2023-05-11 09:41:25,PK401P8600,PK401P8600,138.5,0.0,0.0,0.0,3,134.0,764.5,10,130.0,134.0,138.5,134.0,20.0,2730.0,257
2023-05-11 09:41:25,PK401P8600,PK401P8600,138.5,0.0,0.0,0.0,3,134.0,763.0,1,130.0,134.0,138.5,134.0,20.0,2730.0,257
2023-05-11 09:41:26,PK401P8600,PK401P8600,138.5,0.0,0.0,0.0,3,134.0,762.5,10,130.0,134.0,138.5,134.0,20.0,2730.0,257
2023-05-11 09:41:26,PK401P8600,PK401P8600,138.5,0.0,0.0,0.0,3,134.0,761.0,1,130.0,134.0,138.5,134.0,20.0,2730.0,257
2023-05-11 09:41:30,PK401P8600,PK401P8600,138.5,0.0,0.0,0.0,3,134.0,760.5,10,130.0,134.0,138.5,134.0,20.0,2730.0,257
2023-05-11 09:41:30,PK401P8600,PK401P8600,138.5,0.0,0.0,0.0,3,134.0,759.0,1,130.0,134.0,138.5,134.0,20.0,2730.0,257
2023-05-11 09:41:44,PK401P8600,PK401P8600,138.5,0.0,0.0,0.0,3,134.0,758.5,10,130.0,134.0,138.5,134.0,20.0,2730.0,257
2023-05-11 09:41:44,PK401P8600,PK401P8600,138.5,0.0,0.0,0.0,3,134.0,757.0,1,130.0,134.0,138.5,134.0,20.0,2730.0,257
2023-05-11 09:41:44,PK401P8600,PK401P8600,138.5,0.0,0.0,0.0,3,134.0,756.5,10,130.0,134.0,138.5,134.0,20.0,2730.0,257
2023-05-11 09:41:47,PK401P8600,PK401P8600,138.5,0.0,0.0,0.0,3,134.0,755.0,1,130.0,134.0,138.5,134.0,20.0,2730.0,257
2023-05-11 09:41:48,PK401P8600,PK401P8600,138.5,0.0,0.0,0.0,3,134.0,754.5,10,130.0,134.0,138.5,134.0,20.0,2730.0,257
2023-05-11 09:41:48,PK401P8600,PK401P8600,138.5,0.0,0.0,0.0,3,134.0,753.0,1,130.0,134.0,138.5,134.0,20.0,2730.0,257
2023-05-11 09:41:48,PK401P8600,PK401P8600,138.5,0.0,0.0,0.0,3,134.0,752.5,10,130.0,134.0,138.5,134.0,20.0,2730.0,257
2023-05-11 09:41:51,PK401P8600,PK401P8600,138.5,0.0,0.0,0.0,3,134.0,751.0,1,130.0,134.0,138.5,134.0,20.0,2730.0,257
2023-05-11 09:41:51,PK401P8600,PK401P8600,138.5,0.0,0.0,0.0,3,134.0,750.5,10,130.0,134.0,138.5,134.0,20.0,2730.0,257
2023-05-11 09:41:52,PK401P8600,PK401P8600,138.5,0.0,0.0,0.0,3,134.0,749.0,1,130.0,134.0,138.5,134.0,20.0,2730.0,257
2023-05-11 09:41:52,PK401P8600,PK401P8600,138.5,0.0,0.0,0.0,3,134.0,748.5,10,130.0,134.0,138.5,134.0,20.0,2730.0,257
2023-05-11 09:41:54,PK401P8600,PK401P8600,138.5,0.0,0.0,0.0,3,134.0,747.0,1,130.0,134.0,138.5,134.0,20.0,2730.0,257
2023-05-11 09:41:54,PK401P8600,PK401P8600,138.5,0.0,0.0,0.0,3,134.0,746.5,10,130.0,134.0,138.5,134.0,20.0,2730.0,257
2023-05-11 09:41:55,PK401P8600,PK401P8600,138.5,0.0,0.0,0.0,3,134.0,745.0,1,130.0,134.0,138.5,134.0,20.0,2730.0,257
2023-05-11 09:41:55,PK401P8600,PK401P8600,138.5,0.0,0.0,0.0,3,134.0,744.5,10,130.0,134.0,138.5,134.0,20.0,2730.0,257
2023-05-11 09:41:56,PK401P8600,PK401P8600,138.5,0.0,0.0,0.0,3,134.0,743.0,1,130.0,134.0,138.5,134.0,20.0,2730.0,257
2023-05-11 09:41:56,PK401P8600,PK401P8600,138.5,0.0,0.0,0.0,3,134.0,742.5,10,130.0,134.0,138.5,134.0,20.0,2730.0,257
2023-05-11 09:41:57,PK401P8600,PK401P8600,138.5,0.0,0.0,0.0,3,134.0,741.0,1,130.0,134.0,138.5,134.0,20.0,2730.0,257
2023-05-11 09:41:57,PK401P8600,PK401P8600,138.5,0.0,0.0,0.0,3,134.0,740.5,10,130.0,134.0,138.5,134.0,20.0,2730.0,257
2023-05-11 09:41:58,PK401P8600,PK401P8600,138.5,0.0,0.0,0.0,3,134.0,739.0,1,130.0,134.0,138.5,134.0,20.0,2730.0,257
2023-05-11 09:41:58,PK401P8600,PK401P8600,138.5,0.0,0.0,0.0,3,134.0,738.5,10,130.0,134.0,138.5,134.0,20.0,2730.0,257
2023-05-11 09:41:59,PK401P8600,PK401P8600,138.5,0.0,0.0,0.0,3,134.0,737.0,1,130.0,134.0,138.5,134.0,20.0,2730.0,257
2023-05-11 09:41:59,PK401P8600,PK401P8600,138.5,0.0,0.0,0.0,3,134.0,736.5,10,130.0,134.0,138.5,134.0,20.0,2730.0,257
2023-05-11 09:42:00,PK401P8600,PK401P8600,138.5,0.0,0.0,0.0,3,134.0,735.0,1,130.0,134.0,138.5,134.0,20.0,2730.0,257
2023-05-11 09:42:00,PK401P8600,PK401P8600,138.5,0.0,0.0,0.0,3,134.0,734.5,10,130.0,134.0,138.5,134.0,20.0,2730.0,257
2023-05-11 09:42:01,PK401P8600,PK401P8600,138.5,0.0,0.0,0.0,3,134.0,733.0,1,130.0,134.0,138.5,134.0,20.0,2730.0,257
2023-05-11 09:42:01,PK401P8600,PK401P8600,138.5,0.0,0.0,0.0,3,134.0,732.5,10,130.0,134.0,138.5,134.0,20.0,2730.0,257
2023-05-11 09:42:04,PK401P8600,PK401P8600,138.5,0.0,0.0,0.0,3,134.0,731.0,1,130.0,134.0,138.5,134.0,20.0,2730.0,257
2023-05-11 09:42:04,PK401P8600,PK401P8600,138.5,0.0,0.0,0.0,3,134.0,730.5,10,130.0,134.0,138.5,134.0,20.0,2730.0,257
2023-05-11 09:42:05,PK401P8600,PK401P8600,138.5,0.0,0.0,0.0,3,134.0,729.0,1,130.0,134.0,138.5,134.0,20.0,2730.0,257
2023-05-11 09:42:05,PK401P8600,PK401P8600,138.5,0.0,0.0,0.0,3,134.0,728.5,10,130.0,134.0,138.5,134.0,20.0,2730.0,257
2023-05-11 09:42:06,PK401P8600,PK401P8600,138.5,0.0,0.0,0.0,3,134.0,727.0,1,130.0,134.0,138.5,134.0,20.0,2730.0,257
2023-05-11 09:42:07,PK401P8600,PK401P8600,138.5,0.0,0.0,0.0,3,134.0,726.5,10,130.0,134.0,138.5,134.0,20.0,2730.0,257
2023-05-11 09:42:07,PK401P8600,PK401P8600,138.5,0.0,0.0,0.0,3,134.0,725.0,1,130.0,134.0,138.5,134.0,20.0,2730.0,257
2023-05-11 09:42:07,PK401P8600,PK401P8600,138.5,0.0,0.0,0.0,3,134.0,724.5,10,130.0,134.0,138.5,134.0,20.0,2730.0,257
2023-05-11 09:42:08,PK401P8600,PK401P8600,138.5,0.0,0.0,0.0,3,134.0,723.0,1,130.0,134.0,138.5,134.0,20.0,2730.0,257
2023-05-11 09:42:08,PK401P8600,PK401P8600,138.5,0.0,0.0,0.0,3,134.0,722.5,10,130.0,134.0,138.5,134.0,20.0,2730.0,257
2023-05-11 09:42:09,PK401P8600,PK401P8600,138.5,0.0,0.0,0.0,3,134.0,721.0,1,130.0,134.0,138.5,134.0,20.0,2730.0,257
2023-05-11 09:42:10,PK401P8600,PK401P8600,138.5,0.0,0.0,0.0,3,134.0,720.5,10,130.0,134.0,138.5,134.0,20.0,2730.0,257
2023-05-11 09:42:10,PK401P8600,PK401P8600,138.5,0.0,0.0,0.0,3,134.0,719.0,1,130.0,134.0,138.5,134.0,20.0,2730.0,257
2023-05-11 09:42:11,PK401P8600,PK401P8600,138.5,0.0,0.0,0.0,3,134.0,718.5,10,130.0,134.0,138.5,134.0,20.0,2730.0,257
2023-05-11 09:42:12,PK401P8600,PK401P8600,138.5,0.0,0.0,0.0,3,134.0,717.0,1,130.0,134.0,138.5,134.0,20.0,2730.0,257
2023-05-11 09:42:12,PK401P8600,PK401P8600,138.5,0.0,0.0,0.0,3,134.0,716.5,11,130.0,134.0,138.5,134.0,20.0,2730.0,257
2023-05-11 09:42:13,PK401P8600,PK401P8600,138.5,0.0,0.0,0.0,3,134.0,715.0,1,130.0,134.0,138.5,134.0,20.0,2730.0,257
2023-05-11 09:42:13,PK401P8600,PK401P8600,138.5,0.0,0.0,0.0,3,134.0,714.5,10,130.0,134.0,138.5,134.0,20.0,2730.0,257
2023-05-11 09:42:14,PK401P8600,PK401P8600,138.5,0.0,0.0,0.0,3,134.0,713.0,1,130.0,134.0,138.5,134.0,20.0,2730.0,257
2023-05-11 09:42:14,PK401P8600,PK401P8600,138.5,0.0,0.0,0.0,3,134.0,712.5,10,130.0,134.0,138.5,134.0,20.0,2730.0,257
2023-05-11 09:42:15,PK401P8600,PK401P8600,138.5,0.0,0.0,0.0,3,134.0,711.0,1,130.0,134.0,138.5,134.0,20.0,2730.0,257
2023-05-11 09:42:15,PK401P8600,PK401P8600,138.5,0.0,0.0,0.0,3,134.0,710.5,11,130.0,134.0,138.5,134.0,20.0,2730.0,257
2023-05-11 09:42:16,PK401P8600,PK401P8600,138.5,0.0,0.0,0.0,3,134.0,709.0,1,130.0,134.0,138.5,134.0,20.0,2730.0,257
2023-05-11 09:42:17,PK401P8600,PK401P8600,138.5,0.0,0.0,0.0,3,134.0,708.5,10,130.0,134.0,138.5,134.0,20.0,2730.0,257
2023-05-11 09:42:17,PK401P8600,PK401P8600,138.5,0.0,0.0,0.0,3,134.0,707.0,1,130.0,134.0,138.5,134.0,20.0,2730.0,257
2023-05-11 09:42:18,PK401P8600,PK401P8600,138.5,0.0,0.0,0.0,3,134.0,706.5,10,130.0,134.0,138.5,134.0,20.0,2730.0,257
2023-05-11 09:42:18,PK401P8600,PK401P8600,138.5,0.0,0.0,0.0,3,134.0,705.0,1,130.0,134.0,138.5,134.0,20.0,2730.0,257
2023-05-11 09:42:19,PK401P8600,PK401P8600,138.5,0.0,0.0,0.0,3,134.0,704.5,10,130.0,134.0,138.5,134.0,20.0,2730.0,257
2023-05-11 09:42:19,PK401P8600,PK401P8600,138.5,0.0,0.0,0.0,3,134.0,703.0,1,130.0,134.0,138.5,134.0,20.0,2730.0,257
2023-05-11 09:42:20,PK401P8600,PK401P8600,138.5,0.0,0.0,0.0,3,134.0,702.5,10,130.0,134.0,138.5,134.0,20.0,2730.0,257
2023-05-11 09:42:20,PK401P8600,PK401P8600,138.5,0.0,0.0,0.0,3,134.0,701.0,1,130.0,134.0,138.5,134.0,20.0,2730.0,257
2023-05-11 09:43:37,PK401P8600,PK401P8600,138.5,0.0,0.0,0.0,3,134.0,700.5,10,130.0,134.0,138.5,134.0,20.0,2730.0,257
2023-05-11 09:43:38,PK401P8600,PK401P8600,138.5,0.0,0.0,0.0,3,134.0,699.0,1,130.0,134.0,138.5,134.0,20.0,2730.0,257
2023-05-11 09:43:38,PK401P8600,PK401P8600,138.5,0.0,0.0,0.0,3,134.0,698.5,10,130.0,134.0,138.5,134.0,20.0,2730.0,257
2023-05-11 09:43:41,PK401P8600,PK401P8600,138.5,0.0,0.0,0.0,3,134.0,697.0,1,130.0,134.0,138.5,134.0,20.0,2730.0,257
2023-05-11 09:43:41,PK401P8600,PK401P8600,138.5,0.0,0.0,0.0,3,134.0,696.5,10,130.0,134.0,138.5,134.0,20.0,2730.0,257
2023-05-11 09:43:41,PK401P8600,PK401P8600,138.5,0.0,0.0,0.0,3,134.0,695.0,1,130.0,134.0,138.5,134.0,20.0,2730.0,257
2023-05-11 09:43:42,PK401P8600,PK401P8600,138.5,0.0,0.0,0.0,3,134.0,694.5,10,130.0,134.0,138.5,134.0,20.0,2730.0,257
2023-05-11 09:43:47,PK401P8600,PK401P8600,138.5,0.0,0.0,0.0,3,134.0,693.0,1,130.0,134.0,138.5,134.0,20.0,2730.0,257
2023-05-11 09:43:47,PK401P8600,PK401P8600,138.5,0.0,0.0,0.0,3,134.0,692.5,10,130.0,134.0,138.5,134.0,20.0,2730.0,257
2023-05-11 09:43:48,PK401P8600,PK401P8600,138.5,0.0,0.0,0.0,3,134.0,691.0,1,130.0,134.0,138.5,134.0,20.0,2730.0,257
2023-05-11 09:43:48,PK401P8600,PK401P8600,138.5,0.0,0.0,0.0,3,134.0,690.5,10,130.0,134.0,138.5,134.0,20.0,2730.0,257
2023-05-11 09:43:48,PK401P8600,PK401P8600,138.5,0.0,0.0,0.0,3,134.0,689.0,1,130.0,134.0,138.5,134.0,20.0,2730.0,257
2023-05-11 09:43:49,PK401P8600,PK401P8600,138.5,0.0,0.0,0.0,3,134.0,688.5,10,130.0,134.0,138.5,134.0,20.0,2730.0,257
2023-05-11 09:43:50,PK401P8600,PK401P8600,138.5,0.0,0.0,0.0,3,134.0,687.0,1,130.0,134.0,138.5,134.0,20.0,2730.0,257
2023-05-11 09:43:51,PK401P8600,PK401P8600,138.5,0.0,0.0,0.0,3,134.0,686.5,10,130.0,134.0,138.5,134.0,20.0,2730.0,257
2023-05-11 09:43:52,PK401P8600,PK401P8600,138.5,0.0,0.0,0.0,3,134.0,685.0,1,130.0,134.0,138.5,134.0,20.0,2730.0,257
2023-05-11 09:43:53,PK401P8600,PK401P8600,138.5,0.0,0.0,0.0,3,134.0,684.5,10,130.0,134.0,138.5,134.0,20.0,2730.0,257
2023-05-11 09:43:53,PK401P8600,PK401P8600,138.5,0.0,0.0,0.0,3,134.0,683.0,1,130.0,134.0,138.5,134.0,20.0,2730.0,257
2023-05-11 09:43:54,PK401P8600,PK401P8600,138.5,0.0,0.0,0.0,3,134.0,682.5,10,130.0,134.0,138.5,134.0,20.0,2730.0,257
2023-05-11 09:43:54,PK401P8600,PK401P8600,138.5,0.0,0.0,0.0,3,134.0,681.0,1,130.0,134.0,138.5,134.0,20.0,2730.0,257
2023-05-11 09:43:55,PK401P8600,PK401P8600,138.5,0.0,0.0,0.0,3,134.0,680.5,10,130.0,134.0,138.5,134.0,20.0,2730.0,257
2023-05-11 09:43:55,PK401P8600,PK401P8600,138.5,0.0,0.0,0.0,3,134.0,679.0,1,130.0,134.0,138.5,134.0,20.0,2730.0,257
2023-05-11 09:43:56,PK401P8600,PK401P8600,138.5,0.0,0.0,0.0,3,134.0,678.5,10,130.0,134.0,138.5,134.0,20.0,2730.0,257
2023-05-11 09:43:57,PK401P8600,PK401P8600,138.5,0.0,0.0,0.0,3,134.0,677.0,1,130.0,134.0,138.5,134.0,20.0,2730.0,257
2023-05-11 09:43:57,PK401P8600,PK401P8600,138.5,0.0,0.0,0.0,3,134.0,676.5,10,130.0,134.0,138.5,134.0,20.0,2730.0,257
2023-05-11 09:43:58,PK401P8600,PK401P8600,138.5,0.0,0.0,0.0,3,134.0,675.0,1,130.0,134.0,138.5,134.0,20.0,2730.0,257
2023-05-11 09:43:59,PK401P8600,PK401P8600,138.5,0.0,0.0,0.0,3,134.0,674.5,10,130.0,134.0,138.5,134.0,20.0,2730.0,257
2023-05-11 09:43:59,PK401P8600,PK401P8600,138.5,0.0,0.0,0.0,3,134.0,673.0,1,130.0,134.0,138.5,134.0,20.0,2730.0,257
2023-05-11 09:44:00,PK401P8600,PK401P8600,138.5,0.0,0.0,0.0,3,134.0,672.5,10,130.0,134.0,138.5,134.0,20.0,2730.0,257
2023-05-11 09:44:00,PK401P8600,PK401P8600,138.5,0.0,0.0,0.0,3,134.0,671.0,1,130.0,134.0,138.5,134.0,20.0,2730.0,257
2023-05-11 09:44:01,PK401P8600,PK401P8600,138.5,0.0,0.0,0.0,3,134.0,670.5,10,130.0,134.0,138.5,134.0,20.0,2730.0,257
2023-05-11 09:44:01,PK401P8600,PK401P8600,138.5,0.0,0.0,0.0,3,134.0,669.0,1,130.0,134.0,138.5,134.0,20.0,2730.0,257
2023-05-11 09:44:02,PK401P8600,PK401P8600,138.5,0.0,0.0,0.0,3,134.0,668.5,10,130.0,134.0,138.5,134.0,20.0,2730.0,257
2023-05-11 09:44:03,PK401P8600,PK401P8600,138.5,0.0,0.0,0.0,3,134.0,667.0,1,130.0,134.0,138.5,134.0,20.0,2730.0,257
2023-05-11 09:44:03,PK401P8600,PK401P8600,138.5,0.0,0.0,0.0,3,134.0,666.5,10,130.0,134.0,138.5,134.0,20.0,2730.0,257
2023-05-11 09:44:05,PK401P8600,PK401P8600,138.5,0.0,0.0,0.0,3,134.0,665.0,1,130.0,134.0,138.5,134.0,20.0,2730.0,257
2023-05-11 09:44:05,PK401P8600,PK401P8600,138.5,0.0,0.0,0.0,3,134.0,664.5,10,130.0,134.0,138.5,134.0,20.0,2730.0,257
2023-05-11 09:44:05,PK401P8600,PK401P8600,138.5,0.0,0.0,0.0,3,134.0,663.0,1,130.0,134.0,138.5,134.0,20.0,2730.0,257
2023-05-11 09:44:06,PK401P8600,PK401P8600,138.5,0.0,0.0,0.0,3,134.0,662.5,10,130.0,134.0,138.5,134.0,20.0,2730.0,257
2023-05-11 09:44:06,PK401P8600,PK401P8600,138.5,0.0,0.0,0.0,3,134.0,661.0,1,130.0,134.0,138.5,134.0,20.0,2730.0,257
2023-05-11 09:44:27,PK401P8600,PK401P8600,138.5,0.0,0.0,0.0,3,134.0,660.5,10,130.0,134.0,138.5,134.0,20.0,2730.0,257
2023-05-11 09:44:27,PK401P8600,PK401P8600,138.5,0.0,0.0,0.0,3,134.0,659.0,1,130.0,134.0,138.5,134.0,20.0,2730.0,257
2023-05-11 09:44:27,PK401P8600,PK401P8600,138.5,0.0,0.0,0.0,3,134.0,658.5,10,130.0,134.0,138.5,134.0,20.0,2730.0,257
2023-05-11 09:44:28,PK401P8600,PK401P8600,138.5,0.0,0.0,0.0,3,134.0,657.0,1,130.0,134.0,138.5,134.0,20.0,2730.0,257
2023-05-11 09:44:28,PK401P8600,PK401P8600,138.5,0.0,0.0,0.0,3,134.0,656.5,10,130.0,134.0,138.5,134.0,20.0,2730.0,257
2023-05-11 09:44:29,PK401P8600,PK401P8600,138.5,0.0,0.0,0.0,3,134.0,655.0,1,130.0,134.0,138.5,134.0,20.0,2730.0,257
2023-05-11 09:44:29,PK401P8600,PK401P8600,138.5,0.0,0.0,0.0,3,134.0,654.5,10,130.0,134.0,138.5,134.0,20.0,2730.0,257
2023-05-11 09:44:30,PK401P8600,PK401P8600,138.5,0.0,0.0,0.0,3,134.0,653.0,1,130.0,134.0,138.5,134.0,20.0,2730.0,257
2023-05-11 09:44:30,PK401P8600,PK401P8600,138.5,0.0,0.0,0.0,3,134.0,652.5,10,130.0,134.0,138.5,134.0,20.0,2730.0,257
2023-05-11 09:44:31,PK401P8600,PK401P8600,138.5,0.0,0.0,0.0,3,134.0,651.0,1,130.0,134.0,138.5,134.0,20.0,2730.0,257
2023-05-11 09:44:31,PK401P8600,PK401P8600,138.5,0.0,0.0,0.0,3,134.0,650.5,10,130.0,134.0,138.5,134.0,20.0,2730.0,257
2023-05-11 09:49:38,PK401P8600,PK401P8600,138.5,0.0,0.0,0.0,3,134.0,500.0,9,130.0,134.0,138.5,134.0,20.0,2730.0,257
2023-05-11 09:49:39,PK401P8600,PK401P8600,138.5,0.0,0.0,0.0,3,134.0,499.5,10,130.0,134.0,138.5,134.0,20.0,2730.0,257
2023-05-11 09:50:17,PK401P8600,PK401P8600,138.5,0.0,0.0,0.0,6,134.0,143.0,6,130.0,134.0,138.5,134.0,20.0,2730.0,257
2023-05-11 09:50:18,PK401P8600,PK401P8600,138.5,0.0,0.0,0.0,9,134.0,143.0,9,130.0,134.0,138.5,134.0,20.0,2730.0,257
2023-05-11 09:50:23,PK401P8600,PK401P8600,138.5,0.0,0.0,0.0,9,134.0,143.0,12,130.0,134.0,138.5,134.0,20.0,2730.0,257
2023-05-11 09:50:24,PK401P8600,PK401P8600,138.5,0.0,0.0,0.0,12,134.0,143.0,12,130.0,134.0,138.5,134.0,20.0,2730.0,257
2023-05-11 09:50:24,PK401P8600,PK401P8600,138.5,0.0,0.0,0.0,15,134.0,143.0,18,130.0,134.0,138.5,134.0,20.0,2730.0,257
2023-05-11 09:50:27,PK401P8600,PK401P8600,143.0,12.0,1718.0,3.0,9,134.0,143.0,6,130.0,134.0,143.0,134.0,32.0,4448.0,260
2023-05-11 09:50:27,PK401P8600,PK401P8600,143.0,0.0,0.0,0.0,12,134.0,143.0,9,130.0,134.0,143.0,134.0,32.0,4448.0,260
2023-05-11 09:50:35,PK401P8600,PK401P8600,143.0,0.0,0.0,0.0,9,134.0,143.0,9,130.0,134.0,143.0,134.0,32.0,4448.0,260
2023-05-11 09:50:37,PK401P8600,PK401P8600,143.0,0.0,0.0,0.0,9,134.0,143.0,6,130.0,134.0,143.0,134.0,32.0,4448.0,260
2023-05-11 09:50:37,PK401P8600,PK401P8600,143.0,0.0,0.0,0.0,3,134.0,156.5,3,130.0,134.0,143.0,134.0,32.0,4448.0,260
2023-05-11 09:50:38,PK401P8600,PK401P8600,143.0,0.0,0.0,0.0,3,134.0,499.5,10,130.0,134.0,143.0,134.0,32.0,4448.0,260
2023-05-11 09:55:16,PK401P8600,PK401P8600,143.0,0.0,0.0,0.0,6,134.0,146.5,6,130.0,134.0,143.0,134.0,32.0,4448.0,260
2023-05-11 09:55:16,PK401P8600,PK401P8600,143.0,0.0,0.0,0.0,9,134.0,146.5,9,130.0,134.0,143.0,134.0,32.0,4448.0,260
2023-05-11 09:55:18,PK401P8600,PK401P8600,143.0,0.0,0.0,0.0,3,134.5,146.5,9,130.0,134.0,143.0,134.0,32.0,4448.0,260
2023-05-11 09:55:19,PK401P8600,PK401P8600,146.5,9.0,1312.5,3.0,3,146.5,148.0,3,130.0,134.0,146.5,134.0,41.0,5760.5,263
2023-05-11 09:55:19,PK401P8600,PK401P8600,146.5,0.0,0.0,0.0,3,146.5,151.0,3,130.0,134.0,146.5,134.0,41.0,5760.5,263
2023-05-11 09:55:22,PK401P8600,PK401P8600,146.5,0.0,0.0,0.0,6,146.5,151.0,6,130.0,134.0,146.5,134.0,41.0,5760.5,263
2023-05-11 09:55:23,PK401P8600,PK401P8600,146.5,0.0,0.0,0.0,6,146.5,151.0,9,130.0,134.0,146.5,134.0,41.0,5760.5,263
2023-05-11 09:55:26,PK401P8600,PK401P8600,146.5,0.0,0.0,0.0,9,146.5,151.0,12,130.0,134.0,146.5,134.0,41.0,5760.5,263
2023-05-11 09:55:27,PK401P8600,PK401P8600,146.5,0.0,0.0,0.0,12,146.5,151.0,12,130.0,134.0,146.5,134.0,41.0,5760.5,263
2023-05-11 09:55:30,PK401P8600,PK401P8600,146.5,0.0,0.0,0.0,12,146.5,151.0,9,130.0,134.0,146.5,134.0,41.0,5760.5,263
2023-05-11 09:55:35,PK401P8600,PK401P8600,146.5,0.0,0.0,0.0,12,146.5,151.0,6,130.0,134.0,146.5,134.0,41.0,5760.5,263
2023-05-11 09:55:36,PK401P8600,PK401P8600,146.5,0.0,0.0,0.0,6,146.5,158.5,3,130.0,134.0,146.5,134.0,41.0,5760.5,263
2023-05-11 09:55:38,PK401P8600,PK401P8600,146.5,0.0,0.0,0.0,3,146.5,710.5,1,130.0,134.0,146.5,134.0,41.0,5760.5,263
2023-05-11 09:55:38,PK401P8600,PK401P8600,146.5,0.0,0.0,0.0,3,146.5,709.0,1,130.0,134.0,146.5,134.0,41.0,5760.5,263
2023-05-11 09:55:39,PK401P8600,PK401P8600,146.5,0.0,0.0,0.0,3,146.5,708.5,10,130.0,134.0,146.5,134.0,41.0,5760.5,263
