time,symbol_id,symbol_name,last,trade_volume,trade_amount,open_interest_change,bv1,bp1,ap1,av1,yesterday_close,today_open,today_high,today_low,volume,amount,open_interest
2023-05-11 09:00:00,PK401C9500,PK401C9500,909.5,0.0,0.0,0.0,1,202.0,0.0,0,909.5,0.0,0.0,0.0,0.0,0.0,0
2023-05-11 09:00:32,PK401C9500,PK401C9500,909.5,0.0,0.0,0.0,10,202.5,0.0,0,909.5,0.0,0.0,0.0,0.0,0.0,0
2023-05-11 09:00:34,PK401C9500,PK401C9500,909.5,0.0,0.0,0.0,1,203.0,0.0,0,909.5,0.0,0.0,0.0,0.0,0.0,0
2023-05-11 09:00:35,PK401C9500,PK401C9500,909.5,0.0,0.0,0.0,10,203.5,0.0,0,909.5,0.0,0.0,0.0,0.0,0.0,0
2023-05-11 09:00:36,PK401C9500,PK401C9500,909.5,0.0,0.0,0.0,1,204.0,0.0,0,909.5,0.0,0.0,0.0,0.0,0.0,0
2023-05-11 09:00:37,PK401C9500,PK401C9500,909.5,0.0,0.0,0.0,10,204.5,0.0,0,909.5,0.0,0.0,0.0,0.0,0.0,0
2023-05-11 09:00:38,PK401C9500,PK401C9500,909.5,0.0,0.0,0.0,1,205.0,0.0,0,909.5,0.0,0.0,0.0,0.0,0.0,0
2023-05-11 09:00:39,PK401C9500,PK401C9500,909.5,0.0,0.0,0.0,10,205.5,0.0,0,909.5,0.0,0.0,0.0,0.0,0.0,0
2023-05-11 09:00:41,PK401C9500,PK401C9500,909.5,0.0,0.0,0.0,1,206.0,0.0,0,909.5,0.0,0.0,0.0,0.0,0.0,0
2023-05-11 09:00:42,PK401C9500,PK401C9500,909.5,0.0,0.0,0.0,10,206.5,0.0,0,909.5,0.0,0.0,0.0,0.0,0.0,0
2023-05-11 09:00:44,PK401C9500,PK401C9500,909.5,0.0,0.0,0.0,1,207.0,0.0,0,909.5,0.0,0.0,0.0,0.0,0.0,0
2023-05-11 09:00:44,PK401C9500,PK401C9500,909.5,0.0,0.0,0.0,10,207.5,0.0,0,909.5,0.0,0.0,0.0,0.0,0.0,0
2023-05-11 09:00:45,PK401C9500,PK401C9500,909.5,0.0,0.0,0.0,1,208.0,0.0,0,909.5,0.0,0.0,0.0,0.0,0.0,0
2023-05-11 09:00:46,PK401C9500,PK401C9500,909.5,0.0,0.0,0.0,10,208.5,0.0,0,909.5,0.0,0.0,0.0,0.0,0.0,0
2023-05-11 09:00:47,PK401C9500,PK401C9500,909.5,0.0,0.0,0.0,1,209.0,0.0,0,909.5,0.0,0.0,0.0,0.0,0.0,0
2023-05-11 09:00:47,PK401C9500,PK401C9500,909.5,0.0,0.0,0.0,10,209.5,0.0,0,909.5,0.0,0.0,0.0,0.0,0.0,0
2023-05-11 09:00:48,PK401C9500,PK401C9500,909.5,0.0,0.0,0.0,1,210.0,0.0,0,909.5,0.0,0.0,0.0,0.0,0.0,0
2023-05-11 09:00:49,PK401C9500,PK401C9500,909.5,0.0,0.0,0.0,10,210.5,0.0,0,909.5,0.0,0.0,0.0,0.0,0.0,0
2023-05-11 09:00:50,PK401C9500,PK401C9500,909.5,0.0,0.0,0.0,1,211.0,0.0,0,909.5,0.0,0.0,0.0,0.0,0.0,0
2023-05-11 09:00:51,PK401C9500,PK401C9500,909.5,0.0,0.0,0.0,10,211.5,0.0,0,909.5,0.0,0.0,0.0,0.0,0.0,0
2023-05-11 09:00:52,PK401C9500,PK401C9500,909.5,0.0,0.0,0.0,1,212.0,0.0,0,909.5,0.0,0.0,0.0,0.0,0.0,0
2023-05-11 09:00:53,PK401C9500,PK401C9500,909.5,0.0,0.0,0.0,10,212.5,0.0,0,909.5,0.0,0.0,0.0,0.0,0.0,0
2023-05-11 09:00:54,PK401C9500,PK401C9500,909.5,0.0,0.0,0.0,1,213.0,0.0,0,909.5,0.0,0.0,0.0,0.0,0.0,0
2023-05-11 09:00:54,PK401C9500,PK401C9500,909.5,0.0,0.0,0.0,10,213.5,0.0,0,909.5,0.0,0.0,0.0,0.0,0.0,0
2023-05-11 09:00:55,PK401C9500,PK401C9500,909.5,0.0,0.0,0.0,1,214.0,0.0,0,909.5,0.0,0.0,0.0,0.0,0.0,0
2023-05-11 09:00:55,PK401C9500,PK401C9500,909.5,0.0,0.0,0.0,10,214.5,0.0,0,909.5,0.0,0.0,0.0,0.0,0.0,0
2023-05-11 09:00:56,PK401C9500,PK401C9500,909.5,0.0,0.0,0.0,1,215.0,0.0,0,909.5,0.0,0.0,0.0,0.0,0.0,0
2023-05-11 09:00:56,PK401C9500,PK401C9500,909.5,0.0,0.0,0.0,10,215.5,0.0,0,909.5,0.0,0.0,0.0,0.0,0.0,0
2023-05-11 09:00:57,PK401C9500,PK401C9500,909.5,0.0,0.0,0.0,1,216.0,0.0,0,909.5,0.0,0.0,0.0,0.0,0.0,0
2023-05-11 09:00:57,PK401C9500,PK401C9500,909.5,0.0,0.0,0.0,10,216.5,0.0,0,909.5,0.0,0.0,0.0,0.0,0.0,0
2023-05-11 09:00:58,PK401C9500,PK401C9500,909.5,0.0,0.0,0.0,1,217.0,0.0,0,909.5,0.0,0.0,0.0,0.0,0.0,0
2023-05-11 09:00:58,PK401C9500,PK401C9500,909.5,0.0,0.0,0.0,10,217.5,0.0,0,909.5,0.0,0.0,0.0,0.0,0.0,0
2023-05-11 09:00:59,PK401C9500,PK401C9500,909.5,0.0,0.0,0.0,1,218.0,0.0,0,909.5,0.0,0.0,0.0,0.0,0.0,0
2023-05-11 09:02:03,PK401C9500,PK401C9500,909.5,0.0,0.0,0.0,1,219.5,1616.0,1,909.5,0.0,0.0,0.0,0.0,0.0,0
2023-05-11 09:02:04,PK401C9500,PK401C9500,909.5,0.0,0.0,0.0,11,220.0,1615.5,10,909.5,0.0,0.0,0.0,0.0,0.0,0
2023-05-11 09:02:04,PK401C9500,PK401C9500,909.5,0.0,0.0,0.0,1,221.5,1614.0,1,909.5,0.0,0.0,0.0,0.0,0.0,0
2023-05-11 09:02:04,PK401C9500,PK401C9500,909.5,0.0,0.0,0.0,10,222.0,1613.5,10,909.5,0.0,0.0,0.0,0.0,0.0,0
2023-05-11 09:02:05,PK401C9500,PK401C9500,909.5,0.0,0.0,0.0,1,223.5,1612.0,1,909.5,0.0,0.0,0.0,0.0,0.0,0
2023-05-11 09:02:05,PK401C9500,PK401C9500,909.5,0.0,0.0,0.0,10,224.0,1611.5,10,909.5,0.0,0.0,0.0,0.0,0.0,0
2023-05-11 09:02:06,PK401C9500,PK401C9500,909.5,0.0,0.0,0.0,1,225.5,1610.0,1,909.5,0.0,0.0,0.0,0.0,0.0,0
2023-05-11 09:02:06,PK401C9500,PK401C9500,909.5,0.0,0.0,0.0,10,226.0,1609.5,10,909.5,0.0,0.0,0.0,0.0,0.0,0
2023-05-11 09:02:07,PK401C9500,PK401C9500,909.5,0.0,0.0,0.0,1,227.5,1608.0,1,909.5,0.0,0.0,0.0,0.0,0.0,0
2023-05-11 09:02:07,PK401C9500,PK401C9500,909.5,0.0,0.0,0.0,10,228.0,1607.5,10,909.5,0.0,0.0,0.0,0.0,0.0,0
2023-05-11 09:02:08,PK401C9500,PK401C9500,909.5,0.0,0.0,0.0,1,229.5,1606.0,1,909.5,0.0,0.0,0.0,0.0,0.0,0
2023-05-11 09:02:08,PK401C9500,PK401C9500,909.5,0.0,0.0,0.0,10,230.0,1605.5,10,909.5,0.0,0.0,0.0,0.0,0.0,0
2023-05-11 09:02:09,PK401C9500,PK401C9500,909.5,0.0,0.0,0.0,1,231.5,1604.0,1,909.5,0.0,0.0,0.0,0.0,0.0,0
2023-05-11 09:02:09,PK401C9500,PK401C9500,909.5,0.0,0.0,0.0,10,232.0,1603.5,10,909.5,0.0,0.0,0.0,0.0,0.0,0
2023-05-11 09:02:10,PK401C9500,PK401C9500,909.5,0.0,0.0,0.0,1,233.5,1602.0,1,909.5,0.0,0.0,0.0,0.0,0.0,0
2023-05-11 09:02:11,PK401C9500,PK401C9500,909.5,0.0,0.0,0.0,10,234.0,1601.5,10,909.5,0.0,0.0,0.0,0.0,0.0,0
2023-05-11 09:02:11,PK401C9500,PK401C9500,909.5,0.0,0.0,0.0,1,235.5,1600.0,1,909.5,0.0,0.0,0.0,0.0,0.0,0
2023-05-11 09:02:11,PK401C9500,PK401C9500,909.5,0.0,0.0,0.0,10,236.0,1599.5,10,909.5,0.0,0.0,0.0,0.0,0.0,0
2023-05-11 09:02:12,PK401C9500,PK401C9500,909.5,0.0,0.0,0.0,1,237.5,1598.0,1,909.5,0.0,0.0,0.0,0.0,0.0,0
2023-05-11 09:02:12,PK401C9500,PK401C9500,909.5,0.0,0.0,0.0,10,238.0,1597.5,10,909.5,0.0,0.0,0.0,0.0,0.0,0
2023-05-11 09:02:13,PK401C9500,PK401C9500,909.5,0.0,0.0,0.0,1,239.5,1596.0,1,909.5,0.0,0.0,0.0,0.0,0.0,0
2023-05-11 09:02:13,PK401C9500,PK401C9500,909.5,0.0,0.0,0.0,10,240.0,1595.5,10,909.5,0.0,0.0,0.0,0.0,0.0,0
2023-05-11 09:02:14,PK401C9500,PK401C9500,909.5,0.0,0.0,0.0,1,241.5,1594.0,1,909.5,0.0,0.0,0.0,0.0,0.0,0
2023-05-11 09:02:14,PK401C9500,PK401C9500,909.5,0.0,0.0,0.0,10,242.0,1593.5,10,909.5,0.0,0.0,0.0,0.0,0.0,0
2023-05-11 09:02:15,PK401C9500,PK401C9500,909.5,0.0,0.0,0.0,1,243.5,1592.0,1,909.5,0.0,0.0,0.0,0.0,0.0,0
2023-05-11 09:02:15,PK401C9500,PK401C9500,909.5,0.0,0.0,0.0,10,244.0,1591.5,10,909.5,0.0,0.0,0.0,0.0,0.0,0
2023-05-11 09:02:16,PK401C9500,PK401C9500,909.5,0.0,0.0,0.0,1,245.5,1590.0,1,909.5,0.0,0.0,0.0,0.0,0.0,0
2023-05-11 09:02:16,PK401C9500,PK401C9500,909.5,0.0,0.0,0.0,10,246.0,1589.5,10,909.5,0.0,0.0,0.0,0.0,0.0,0
2023-05-11 09:02:17,PK401C9500,PK401C9500,909.5,0.0,0.0,0.0,1,247.5,1588.0,1,909.5,0.0,0.0,0.0,0.0,0.0,0
2023-05-11 09:02:17,PK401C9500,PK401C9500,909.5,0.0,0.0,0.0,10,248.0,1587.5,10,909.5,0.0,0.0,0.0,0.0,0.0,0
2023-05-11 09:02:18,PK401C9500,PK401C9500,909.5,0.0,0.0,0.0,1,249.5,1586.0,1,909.5,0.0,0.0,0.0,0.0,0.0,0
2023-05-11 09:02:18,PK401C9500,PK401C9500,909.5,0.0,0.0,0.0,10,250.0,1585.5,10,909.5,0.0,0.0,0.0,0.0,0.0,0
2023-05-11 09:02:19,PK401C9500,PK401C9500,909.5,0.0,0.0,0.0,1,251.5,1584.0,1,909.5,0.0,0.0,0.0,0.0,0.0,0
2023-05-11 09:02:19,PK401C9500,PK401C9500,909.5,0.0,0.0,0.0,10,252.0,1583.5,10,909.5,0.0,0.0,0.0,0.0,0.0,0
2023-05-11 09:02:20,PK401C9500,PK401C9500,909.5,0.0,0.0,0.0,1,253.5,1582.0,1,909.5,0.0,0.0,0.0,0.0,0.0,0
2023-05-11 09:02:20,PK401C9500,PK401C9500,909.5,0.0,0.0,0.0,10,254.0,1581.5,10,909.5,0.0,0.0,0.0,0.0,0.0,0
2023-05-11 09:02:21,PK401C9500,PK401C9500,909.5,0.0,0.0,0.0,1,255.5,1580.0,1,909.5,0.0,0.0,0.0,0.0,0.0,0
2023-05-11 09:02:21,PK401C9500,PK401C9500,909.5,0.0,0.0,0.0,10,256.0,1579.5,10,909.5,0.0,0.0,0.0,0.0,0.0,0
2023-05-11 09:02:22,PK401C9500,PK401C9500,909.5,0.0,0.0,0.0,1,257.5,1578.0,1,909.5,0.0,0.0,0.0,0.0,0.0,0
2023-05-11 09:02:22,PK401C9500,PK401C9500,909.5,0.0,0.0,0.0,10,258.0,1577.5,10,909.5,0.0,0.0,0.0,0.0,0.0,0
2023-05-11 09:02:23,PK401C9500,PK401C9500,909.5,0.0,0.0,0.0,1,259.5,1576.0,1,909.5,0.0,0.0,0.0,0.0,0.0,0
2023-05-11 09:02:23,PK401C9500,PK401C9500,909.5,0.0,0.0,0.0,10,260.0,1575.5,10,909.5,0.0,0.0,0.0,0.0,0.0,0
2023-05-11 09:02:24,PK401C9500,PK401C9500,909.5,0.0,0.0,0.0,1,261.5,1574.0,1,909.5,0.0,0.0,0.0,0.0,0.0,0
2023-05-11 09:02:24,PK401C9500,PK401C9500,909.5,0.0,0.0,0.0,10,262.0,1573.5,10,909.5,0.0,0.0,0.0,0.0,0.0,0
2023-05-11 09:02:25,PK401C9500,PK401C9500,909.5,0.0,0.0,0.0,1,263.5,1572.0,1,909.5,0.0,0.0,0.0,0.0,0.0,0
2023-05-11 09:03:43,PK401C9500,PK401C9500,909.5,0.0,0.0,0.0,10,264.0,1571.5,10,909.5,0.0,0.0,0.0,0.0,0.0,0
2023-05-11 09:03:45,PK401C9500,PK401C9500,909.5,0.0,0.0,0.0,1,265.5,1570.0,1,909.5,0.0,0.0,0.0,0.0,0.0,0
2023-05-11 09:03:46,PK401C9500,PK401C9500,909.5,0.0,0.0,0.0,10,266.0,1569.5,10,909.5,0.0,0.0,0.0,0.0,0.0,0
2023-05-11 09:03:47,PK401C9500,PK401C9500,909.5,0.0,0.0,0.0,1,267.5,1568.0,1,909.5,0.0,0.0,0.0,0.0,0.0,0
2023-05-11 09:03:47,PK401C9500,PK401C9500,909.5,0.0,0.0,0.0,10,268.0,1567.5,10,909.5,0.0,0.0,0.0,0.0,0.0,0
2023-05-11 09:03:50,PK401C9500,PK401C9500,909.5,0.0,0.0,0.0,1,269.5,1566.0,1,909.5,0.0,0.0,0.0,0.0,0.0,0
2023-05-11 09:03:50,PK401C9500,PK401C9500,909.5,0.0,0.0,0.0,10,270.0,1565.5,10,909.5,0.0,0.0,0.0,0.0,0.0,0
2023-05-11 09:03:54,PK401C9500,PK401C9500,909.5,0.0,0.0,0.0,1,271.5,1565.5,10,909.5,0.0,0.0,0.0,0.0,0.0,0
2023-05-11 09:03:55,PK401C9500,PK401C9500,909.5,0.0,0.0,0.0,10,272.0,1565.5,10,909.5,0.0,0.0,0.0,0.0,0.0,0
2023-05-11 09:03:57,PK401C9500,PK401C9500,909.5,0.0,0.0,0.0,1,273.5,1565.5,10,909.5,0.0,0.0,0.0,0.0,0.0,0
2023-05-11 09:03:57,PK401C9500,PK401C9500,909.5,0.0,0.0,0.0,10,274.0,1565.5,10,909.5,0.0,0.0,0.0,0.0,0.0,0
2023-05-11 09:03:59,PK401C9500,PK401C9500,909.5,0.0,0.0,0.0,1,275.5,1564.0,1,909.5,0.0,0.0,0.0,0.0,0.0,0
2023-05-11 09:04:00,PK401C9500,PK401C9500,909.5,0.0,0.0,0.0,10,276.0,1563.5,10,909.5,0.0,0.0,0.0,0.0,0.0,0
2023-05-11 09:04:02,PK401C9500,PK401C9500,909.5,0.0,0.0,0.0,1,277.5,1563.5,10,909.5,0.0,0.0,0.0,0.0,0.0,0
2023-05-11 09:04:02,PK401C9500,PK401C9500,909.5,0.0,0.0,0.0,10,278.0,1563.5,10,909.5,0.0,0.0,0.0,0.0,0.0,0
2023-05-11 09:04:03,PK401C9500,PK401C9500,909.5,0.0,0.0,0.0,1,279.5,1562.0,1,909.5,0.0,0.0,0.0,0.0,0.0,0
2023-05-11 09:04:03,PK401C9500,PK401C9500,909.5,0.0,0.0,0.0,10,280.0,1561.5,10,909.5,0.0,0.0,0.0,0.0,0.0,0
2023-05-11 09:04:07,PK401C9500,PK401C9500,909.5,0.0,0.0,0.0,1,281.5,1560.0,1,909.5,0.0,0.0,0.0,0.0,0.0,0
2023-05-11 09:04:07,PK401C9500,PK401C9500,909.5,0.0,0.0,0.0,10,282.0,1559.5,10,909.5,0.0,0.0,0.0,0.0,0.0,0
2023-05-11 09:04:08,PK401C9500,PK401C9500,909.5,0.0,0.0,0.0,1,283.5,1558.0,1,909.5,0.0,0.0,0.0,0.0,0.0,0
2023-05-11 09:04:08,PK401C9500,PK401C9500,909.5,0.0,0.0,0.0,10,284.0,1557.5,10,909.5,0.0,0.0,0.0,0.0,0.0,0
2023-05-11 09:04:11,PK401C9500,PK401C9500,909.5,0.0,0.0,0.0,1,285.5,1556.0,1,909.5,0.0,0.0,0.0,0.0,0.0,0
2023-05-11 09:04:11,PK401C9500,PK401C9500,909.5,0.0,0.0,0.0,10,286.0,1555.5,10,909.5,0.0,0.0,0.0,0.0,0.0,0
2023-05-11 09:04:14,PK401C9500,PK401C9500,909.5,0.0,0.0,0.0,1,287.5,1554.0,1,909.5,0.0,0.0,0.0,0.0,0.0,0
2023-05-11 09:04:14,PK401C9500,PK401C9500,909.5,0.0,0.0,0.0,10,288.0,1553.5,10,909.5,0.0,0.0,0.0,0.0,0.0,0
2023-05-11 09:04:17,PK401C9500,PK401C9500,909.5,0.0,0.0,0.0,1,289.5,1552.0,1,909.5,0.0,0.0,0.0,0.0,0.0,0
2023-05-11 09:04:17,PK401C9500,PK401C9500,909.5,0.0,0.0,0.0,10,290.0,1551.5,10,909.5,0.0,0.0,0.0,0.0,0.0,0
2023-05-11 09:04:18,PK401C9500,PK401C9500,909.5,0.0,0.0,0.0,1,291.5,1550.0,1,909.5,0.0,0.0,0.0,0.0,0.0,0
2023-05-11 09:04:18,PK401C9500,PK401C9500,909.5,0.0,0.0,0.0,10,292.0,1549.5,10,909.5,0.0,0.0,0.0,0.0,0.0,0
2023-05-11 09:04:19,PK401C9500,PK401C9500,909.5,0.0,0.0,0.0,1,293.5,1548.0,1,909.5,0.0,0.0,0.0,0.0,0.0,0
2023-05-11 09:04:19,PK401C9500,PK401C9500,909.5,0.0,0.0,0.0,10,294.0,1547.5,10,909.5,0.0,0.0,0.0,0.0,0.0,0
2023-05-11 09:04:22,PK401C9500,PK401C9500,909.5,0.0,0.0,0.0,1,295.5,1546.0,1,909.5,0.0,0.0,0.0,0.0,0.0,0
2023-05-11 09:04:22,PK401C9500,PK401C9500,909.5,0.0,0.0,0.0,10,296.0,1545.5,10,909.5,0.0,0.0,0.0,0.0,0.0,0
2023-05-11 09:04:23,PK401C9500,PK401C9500,909.5,0.0,0.0,0.0,1,297.5,1545.5,10,909.5,0.0,0.0,0.0,0.0,0.0,0
2023-05-11 09:04:23,PK401C9500,PK401C9500,909.5,0.0,0.0,0.0,10,298.0,1544.0,1,909.5,0.0,0.0,0.0,0.0,0.0,0
2023-05-11 09:04:24,PK401C9500,PK401C9500,909.5,0.0,0.0,0.0,1,299.5,1543.5,10,909.5,0.0,0.0,0.0,0.0,0.0,0
2023-05-11 09:04:25,PK401C9500,PK401C9500,909.5,0.0,0.0,0.0,10,300.0,1542.0,1,909.5,0.0,0.0,0.0,0.0,0.0,0
2023-05-11 09:04:25,PK401C9500,PK401C9500,909.5,0.0,0.0,0.0,1,301.5,1541.5,10,909.5,0.0,0.0,0.0,0.0,0.0,0
2023-05-11 09:04:26,PK401C9500,PK401C9500,909.5,0.0,0.0,0.0,10,302.0,1540.0,1,909.5,0.0,0.0,0.0,0.0,0.0,0
2023-05-11 09:04:26,PK401C9500,PK401C9500,909.5,0.0,0.0,0.0,1,303.5,1539.5,10,909.5,0.0,0.0,0.0,0.0,0.0,0
2023-05-11 09:04:27,PK401C9500,PK401C9500,909.5,0.0,0.0,0.0,10,304.0,1538.0,1,909.5,0.0,0.0,0.0,0.0,0.0,0
2023-05-11 09:04:27,PK401C9500,PK401C9500,909.5,0.0,0.0,0.0,1,305.5,1537.5,10,909.5,0.0,0.0,0.0,0.0,0.0,0
2023-05-11 09:04:28,PK401C9500,PK401C9500,909.5,0.0,0.0,0.0,10,306.0,1536.0,1,909.5,0.0,0.0,0.0,0.0,0.0,0
2023-05-11 09:04:28,PK401C9500,PK401C9500,909.5,0.0,0.0,0.0,1,307.5,1535.5,10,909.5,0.0,0.0,0.0,0.0,0.0,0
2023-05-11 09:04:29,PK401C9500,PK401C9500,909.5,0.0,0.0,0.0,10,308.0,1534.0,1,909.5,0.0,0.0,0.0,0.0,0.0,0
2023-05-11 09:04:29,PK401C9500,PK401C9500,909.5,0.0,0.0,0.0,1,309.5,1533.5,10,909.5,0.0,0.0,0.0,0.0,0.0,0
2023-05-11 09:04:30,PK401C9500,PK401C9500,909.5,0.0,0.0,0.0,1,309.5,1532.0,1,909.5,0.0,0.0,0.0,0.0,0.0,0
2023-05-11 09:04:30,PK401C9500,PK401C9500,909.5,0.0,0.0,0.0,10,310.0,1531.5,10,909.5,0.0,0.0,0.0,0.0,0.0,0
2023-05-11 09:04:31,PK401C9500,PK401C9500,909.5,0.0,0.0,0.0,1,311.5,1530.0,1,909.5,0.0,0.0,0.0,0.0,0.0,0
2023-05-11 09:04:31,PK401C9500,PK401C9500,909.5,0.0,0.0,0.0,10,312.0,1529.5,10,909.5,0.0,0.0,0.0,0.0,0.0,0
2023-05-11 09:04:31,PK401C9500,PK401C9500,909.5,0.0,0.0,0.0,1,313.5,1528.0,1,909.5,0.0,0.0,0.0,0.0,0.0,0
2023-05-11 09:04:32,PK401C9500,PK401C9500,909.5,0.0,0.0,0.0,10,314.0,1527.5,10,909.5,0.0,0.0,0.0,0.0,0.0,0
2023-05-11 09:04:33,PK401C9500,PK401C9500,909.5,0.0,0.0,0.0,1,315.5,1526.0,1,909.5,0.0,0.0,0.0,0.0,0.0,0
2023-05-11 09:04:33,PK401C9500,PK401C9500,909.5,0.0,0.0,0.0,10,316.0,1525.5,10,909.5,0.0,0.0,0.0,0.0,0.0,0
2023-05-11 09:04:34,PK401C9500,PK401C9500,909.5,0.0,0.0,0.0,1,317.5,1524.0,1,909.5,0.0,0.0,0.0,0.0,0.0,0
2023-05-11 09:04:34,PK401C9500,PK401C9500,909.5,0.0,0.0,0.0,10,318.0,1523.5,10,909.5,0.0,0.0,0.0,0.0,0.0,0
2023-05-11 09:04:35,PK401C9500,PK401C9500,909.5,0.0,0.0,0.0,1,319.5,1522.0,1,909.5,0.0,0.0,0.0,0.0,0.0,0
2023-05-11 09:04:35,PK401C9500,PK401C9500,909.5,0.0,0.0,0.0,10,320.0,1521.5,10,909.5,0.0,0.0,0.0,0.0,0.0,0
2023-05-11 09:04:36,PK401C9500,PK401C9500,909.5,0.0,0.0,0.0,1,321.5,1520.0,1,909.5,0.0,0.0,0.0,0.0,0.0,0
2023-05-11 09:04:36,PK401C9500,PK401C9500,909.5,0.0,0.0,0.0,10,322.0,1519.5,10,909.5,0.0,0.0,0.0,0.0,0.0,0
2023-05-11 09:04:37,PK401C9500,PK401C9500,909.5,0.0,0.0,0.0,1,323.5,1518.0,1,909.5,0.0,0.0,0.0,0.0,0.0,0
2023-05-11 09:04:37,PK401C9500,PK401C9500,909.5,0.0,0.0,0.0,10,324.0,1517.5,10,909.5,0.0,0.0,0.0,0.0,0.0,0
2023-05-11 09:04:38,PK401C9500,PK401C9500,909.5,0.0,0.0,0.0,1,325.5,1516.0,1,909.5,0.0,0.0,0.0,0.0,0.0,0
2023-05-11 09:04:38,PK401C9500,PK401C9500,909.5,0.0,0.0,0.0,10,326.0,1515.5,10,909.5,0.0,0.0,0.0,0.0,0.0,0
2023-05-11 09:04:39,PK401C9500,PK401C9500,909.5,0.0,0.0,0.0,1,327.5,1514.0,1,909.5,0.0,0.0,0.0,0.0,0.0,0
2023-05-11 09:04:39,PK401C9500,PK401C9500,909.5,0.0,0.0,0.0,10,328.0,1513.5,10,909.5,0.0,0.0,0.0,0.0,0.0,0
2023-05-11 09:04:40,PK401C9500,PK401C9500,909.5,0.0,0.0,0.0,1,329.5,1512.0,1,909.5,0.0,0.0,0.0,0.0,0.0,0
2023-05-11 09:04:40,PK401C9500,PK401C9500,909.5,0.0,0.0,0.0,10,330.0,1511.5,10,909.5,0.0,0.0,0.0,0.0,0.0,0
2023-05-11 09:04:41,PK401C9500,PK401C9500,909.5,0.0,0.0,0.0,1,331.5,1510.0,1,909.5,0.0,0.0,0.0,0.0,0.0,0
2023-05-11 09:04:41,PK401C9500,PK401C9500,909.5,0.0,0.0,0.0,10,332.0,1509.5,10,909.5,0.0,0.0,0.0,0.0,0.0,0
2023-05-11 09:04:41,PK401C9500,PK401C9500,909.5,0.0,0.0,0.0,1,333.5,1508.0,1,909.5,0.0,0.0,0.0,0.0,0.0,0
2023-05-11 09:04:42,PK401C9500,PK401C9500,909.5,0.0,0.0,0.0,10,334.0,1507.5,10,909.5,0.0,0.0,0.0,0.0,0.0,0
2023-05-11 09:04:43,PK401C9500,PK401C9500,909.5,0.0,0.0,0.0,1,335.5,1506.0,1,909.5,0.0,0.0,0.0,0.0,0.0,0
2023-05-11 09:04:43,PK401C9500,PK401C9500,909.5,0.0,0.0,0.0,10,336.0,1505.5,10,909.5,0.0,0.0,0.0,0.0,0.0,0
2023-05-11 09:04:44,PK401C9500,PK401C9500,909.5,0.0,0.0,0.0,1,337.5,1504.0,1,909.5,0.0,0.0,0.0,0.0,0.0,0
2023-05-11 09:04:44,PK401C9500,PK401C9500,909.5,0.0,0.0,0.0,10,338.0,1503.5,10,909.5,0.0,0.0,0.0,0.0,0.0,0
2023-05-11 09:04:45,PK401C9500,PK401C9500,909.5,0.0,0.0,0.0,1,339.5,1502.0,1,909.5,0.0,0.0,0.0,0.0,0.0,0
2023-05-11 09:05:28,PK401C9500,PK401C9500,909.5,0.0,0.0,0.0,10,340.0,1501.5,10,909.5,0.0,0.0,0.0,0.0,0.0,0
2023-05-11 09:05:30,PK401C9500,PK401C9500,909.5,0.0,0.0,0.0,1,341.5,1501.5,10,909.5,0.0,0.0,0.0,0.0,0.0,0
2023-05-11 09:05:31,PK401C9500,PK401C9500,909.5,0.0,0.0,0.0,10,342.0,1501.5,10,909.5,0.0,0.0,0.0,0.0,0.0,0
2023-05-11 09:05:31,PK401C9500,PK401C9500,909.5,0.0,0.0,0.0,1,343.5,1500.0,1,909.5,0.0,0.0,0.0,0.0,0.0,0
2023-05-11 09:05:31,PK401C9500,PK401C9500,909.5,0.0,0.0,0.0,10,344.0,1499.5,10,909.5,0.0,0.0,0.0,0.0,0.0,0
2023-05-11 09:05:34,PK401C9500,PK401C9500,909.5,0.0,0.0,0.0,1,345.5,1498.0,1,909.5,0.0,0.0,0.0,0.0,0.0,0
2023-05-11 09:05:35,PK401C9500,PK401C9500,909.5,0.0,0.0,0.0,10,346.0,1497.5,10,909.5,0.0,0.0,0.0,0.0,0.0,0
2023-05-11 09:05:38,PK401C9500,PK401C9500,909.5,0.0,0.0,0.0,1,347.5,1497.5,10,909.5,0.0,0.0,0.0,0.0,0.0,0
2023-05-11 09:05:39,PK401C9500,PK401C9500,909.5,0.0,0.0,0.0,10,348.0,1497.5,10,909.5,0.0,0.0,0.0,0.0,0.0,0
2023-05-11 09:05:39,PK401C9500,PK401C9500,909.5,0.0,0.0,0.0,1,349.5,1496.0,1,909.5,0.0,0.0,0.0,0.0,0.0,0
2023-05-11 09:05:40,PK401C9500,PK401C9500,909.5,0.0,0.0,0.0,10,350.0,1495.5,10,909.5,0.0,0.0,0.0,0.0,0.0,0
2023-05-11 09:05:40,PK401C9500,PK401C9500,909.5,0.0,0.0,0.0,1,351.5,1494.0,1,909.5,0.0,0.0,0.0,0.0,0.0,0
2023-05-11 09:05:41,PK401C9500,PK401C9500,909.5,0.0,0.0,0.0,10,352.0,1493.5,10,909.5,0.0,0.0,0.0,0.0,0.0,0
2023-05-11 09:05:41,PK401C9500,PK401C9500,909.5,0.0,0.0,0.0,1,353.5,1492.0,1,909.5,0.0,0.0,0.0,0.0,0.0,0
2023-05-11 09:05:42,PK401C9500,PK401C9500,909.5,0.0,0.0,0.0,10,354.0,1491.5,10,909.5,0.0,0.0,0.0,0.0,0.0,0
2023-05-11 09:05:44,PK401C9500,PK401C9500,909.5,0.0,0.0,0.0,1,355.5,1491.5,10,909.5,0.0,0.0,0.0,0.0,0.0,0
2023-05-11 09:05:45,PK401C9500,PK401C9500,909.5,0.0,0.0,0.0,10,356.0,1490.0,1,909.5,0.0,0.0,0.0,0.0,0.0,0
2023-05-11 09:05:45,PK401C9500,PK401C9500,909.5,0.0,0.0,0.0,10,356.0,1489.5,10,909.5,0.0,0.0,0.0,0.0,0.0,0
2023-05-11 09:05:46,PK401C9500,PK401C9500,909.5,0.0,0.0,0.0,1,357.5,1489.5,10,909.5,0.0,0.0,0.0,0.0,0.0,0
2023-05-11 09:05:46,PK401C9500,PK401C9500,909.5,0.0,0.0,0.0,10,358.0,1489.5,10,909.5,0.0,0.0,0.0,0.0,0.0,0
2023-05-11 09:05:48,PK401C9500,PK401C9500,909.5,0.0,0.0,0.0,1,359.5,1488.0,1,909.5,0.0,0.0,0.0,0.0,0.0,0
2023-05-11 09:05:48,PK401C9500,PK401C9500,909.5,0.0,0.0,0.0,10,360.0,1487.5,10,909.5,0.0,0.0,0.0,0.0,0.0,0
2023-05-11 09:05:54,PK401C9500,PK401C9500,909.5,0.0,0.0,0.0,1,361.5,1486.0,1,909.5,0.0,0.0,0.0,0.0,0.0,0
2023-05-11 09:05:54,PK401C9500,PK401C9500,909.5,0.0,0.0,0.0,10,362.0,1485.5,10,909.5,0.0,0.0,0.0,0.0,0.0,0
2023-05-11 09:05:55,PK401C9500,PK401C9500,909.5,0.0,0.0,0.0,1,363.5,1484.0,1,909.5,0.0,0.0,0.0,0.0,0.0,0
2023-05-11 09:05:55,PK401C9500,PK401C9500,909.5,0.0,0.0,0.0,10,364.0,1483.5,10,909.5,0.0,0.0,0.0,0.0,0.0,0
2023-05-11 09:05:56,PK401C9500,PK401C9500,909.5,0.0,0.0,0.0,1,365.5,1482.0,1,909.5,0.0,0.0,0.0,0.0,0.0,0
2023-05-11 09:05:56,PK401C9500,PK401C9500,909.5,0.0,0.0,0.0,10,366.0,1481.5,10,909.5,0.0,0.0,0.0,0.0,0.0,0
2023-05-11 09:05:57,PK401C9500,PK401C9500,909.5,0.0,0.0,0.0,1,367.5,1481.5,10,909.5,0.0,0.0,0.0,0.0,0.0,0
2023-05-11 09:05:57,PK401C9500,PK401C9500,909.5,0.0,0.0,0.0,10,368.0,1481.5,10,909.5,0.0,0.0,0.0,0.0,0.0,0
2023-05-11 09:06:00,PK401C9500,PK401C9500,909.5,0.0,0.0,0.0,1,369.5,1480.0,1,909.5,0.0,0.0,0.0,0.0,0.0,0
2023-05-11 09:06:00,PK401C9500,PK401C9500,909.5,0.0,0.0,0.0,10,370.0,1479.5,10,909.5,0.0,0.0,0.0,0.0,0.0,0
2023-05-11 09:06:01,PK401C9500,PK401C9500,909.5,0.0,0.0,0.0,1,371.5,1478.0,1,909.5,0.0,0.0,0.0,0.0,0.0,0
2023-05-11 09:06:01,PK401C9500,PK401C9500,909.5,0.0,0.0,0.0,10,372.0,1477.5,10,909.5,0.0,0.0,0.0,0.0,0.0,0
2023-05-11 09:06:02,PK401C9500,PK401C9500,909.5,0.0,0.0,0.0,1,373.5,1476.0,1,909.5,0.0,0.0,0.0,0.0,0.0,0
2023-05-11 09:06:02,PK401C9500,PK401C9500,909.5,0.0,0.0,0.0,10,374.0,1475.5,10,909.5,0.0,0.0,0.0,0.0,0.0,0
2023-05-11 09:06:03,PK401C9500,PK401C9500,909.5,0.0,0.0,0.0,1,375.5,1475.5,10,909.5,0.0,0.0,0.0,0.0,0.0,0
2023-05-11 09:06:03,PK401C9500,PK401C9500,909.5,0.0,0.0,0.0,10,376.0,1475.5,10,909.5,0.0,0.0,0.0,0.0,0.0,0
2023-05-11 09:06:04,PK401C9500,PK401C9500,909.5,0.0,0.0,0.0,1,377.5,1474.0,1,909.5,0.0,0.0,0.0,0.0,0.0,0
2023-05-11 09:06:04,PK401C9500,PK401C9500,909.5,0.0,0.0,0.0,10,378.0,1473.5,10,909.5,0.0,0.0,0.0,0.0,0.0,0
2023-05-11 09:06:07,PK401C9500,PK401C9500,909.5,0.0,0.0,0.0,1,379.5,1472.0,1,909.5,0.0,0.0,0.0,0.0,0.0,0
2023-05-11 09:06:07,PK401C9500,PK401C9500,909.5,0.0,0.0,0.0,10,380.0,1471.5,10,909.5,0.0,0.0,0.0,0.0,0.0,0
2023-05-11 09:06:12,PK401C9500,PK401C9500,909.5,0.0,0.0,0.0,1,381.5,1470.0,1,909.5,0.0,0.0,0.0,0.0,0.0,0
2023-05-11 09:06:12,PK401C9500,PK401C9500,909.5,0.0,0.0,0.0,10,382.0,1469.5,10,909.5,0.0,0.0,0.0,0.0,0.0,0
2023-05-11 09:06:13,PK401C9500,PK401C9500,909.5,0.0,0.0,0.0,1,383.5,1468.0,1,909.5,0.0,0.0,0.0,0.0,0.0,0
2023-05-11 09:06:13,PK401C9500,PK401C9500,909.5,0.0,0.0,0.0,10,384.0,1467.5,10,909.5,0.0,0.0,0.0,0.0,0.0,0
2023-05-11 09:06:14,PK401C9500,PK401C9500,909.5,0.0,0.0,0.0,1,385.5,1467.5,10,909.5,0.0,0.0,0.0,0.0,0.0,0
2023-05-11 09:06:14,PK401C9500,PK401C9500,909.5,0.0,0.0,0.0,10,386.0,1466.0,1,909.5,0.0,0.0,0.0,0.0,0.0,0
2023-05-11 09:06:15,PK401C9500,PK401C9500,909.5,0.0,0.0,0.0,10,386.0,1465.5,10,909.5,0.0,0.0,0.0,0.0,0.0,0
2023-05-11 09:06:15,PK401C9500,PK401C9500,909.5,0.0,0.0,0.0,1,387.5,1464.0,1,909.5,0.0,0.0,0.0,0.0,0.0,0
2023-05-11 09:06:15,PK401C9500,PK401C9500,909.5,0.0,0.0,0.0,10,388.0,1463.5,10,909.5,0.0,0.0,0.0,0.0,0.0,0
2023-05-11 09:06:16,PK401C9500,PK401C9500,909.5,0.0,0.0,0.0,1,389.5,1462.0,1,909.5,0.0,0.0,0.0,0.0,0.0,0
2023-05-11 09:06:16,PK401C9500,PK401C9500,909.5,0.0,0.0,0.0,10,390.0,1461.5,10,909.5,0.0,0.0,0.0,0.0,0.0,0
2023-05-11 09:06:17,PK401C9500,PK401C9500,909.5,0.0,0.0,0.0,1,391.5,1460.0,1,909.5,0.0,0.0,0.0,0.0,0.0,0
2023-05-11 09:06:18,PK401C9500,PK401C9500,909.5,0.0,0.0,0.0,10,392.0,1459.5,10,909.5,0.0,0.0,0.0,0.0,0.0,0
2023-05-11 09:06:21,PK401C9500,PK401C9500,909.5,0.0,0.0,0.0,1,393.5,1458.0,1,909.5,0.0,0.0,0.0,0.0,0.0,0
2023-05-11 09:06:21,PK401C9500,PK401C9500,909.5,0.0,0.0,0.0,10,394.0,1457.5,10,909.5,0.0,0.0,0.0,0.0,0.0,0
2023-05-11 09:06:22,PK401C9500,PK401C9500,909.5,0.0,0.0,0.0,1,395.5,1456.0,1,909.5,0.0,0.0,0.0,0.0,0.0,0
2023-05-11 09:06:22,PK401C9500,PK401C9500,909.5,0.0,0.0,0.0,10,396.0,1455.5,10,909.5,0.0,0.0,0.0,0.0,0.0,0
2023-05-11 09:06:28,PK401C9500,PK401C9500,909.5,0.0,0.0,0.0,1,397.5,1454.0,1,909.5,0.0,0.0,0.0,0.0,0.0,0
2023-05-11 09:06:29,PK401C9500,PK401C9500,909.5,0.0,0.0,0.0,10,398.0,1453.5,10,909.5,0.0,0.0,0.0,0.0,0.0,0
2023-05-11 09:06:31,PK401C9500,PK401C9500,909.5,0.0,0.0,0.0,1,399.5,1453.5,10,909.5,0.0,0.0,0.0,0.0,0.0,0
2023-05-11 09:06:32,PK401C9500,PK401C9500,909.5,0.0,0.0,0.0,10,400.0,1452.0,1,909.5,0.0,0.0,0.0,0.0,0.0,0
2023-05-11 09:06:32,PK401C9500,PK401C9500,909.5,0.0,0.0,0.0,1,401.5,1451.5,10,909.5,0.0,0.0,0.0,0.0,0.0,0
2023-05-11 09:06:33,PK401C9500,PK401C9500,909.5,0.0,0.0,0.0,10,402.0,1451.5,10,909.5,0.0,0.0,0.0,0.0,0.0,0
2023-05-11 09:06:33,PK401C9500,PK401C9500,909.5,0.0,0.0,0.0,1,403.5,1450.0,1,909.5,0.0,0.0,0.0,0.0,0.0,0
2023-05-11 09:06:33,PK401C9500,PK401C9500,909.5,0.0,0.0,0.0,10,404.0,1449.5,10,909.5,0.0,0.0,0.0,0.0,0.0,0
2023-05-11 09:06:40,PK401C9500,PK401C9500,909.5,0.0,0.0,0.0,1,405.5,1448.0,1,909.5,0.0,0.0,0.0,0.0,0.0,0
2023-05-11 09:06:41,PK401C9500,PK401C9500,909.5,0.0,0.0,0.0,10,406.0,1447.5,10,909.5,0.0,0.0,0.0,0.0,0.0,0
2023-05-11 09:06:41,PK401C9500,PK401C9500,909.5,0.0,0.0,0.0,1,407.5,1446.0,1,909.5,0.0,0.0,0.0,0.0,0.0,0
2023-05-11 09:06:41,PK401C9500,PK401C9500,909.5,0.0,0.0,0.0,10,408.0,1445.5,10,909.5,0.0,0.0,0.0,0.0,0.0,0
2023-05-11 09:06:46,PK401C9500,PK401C9500,909.5,0.0,0.0,0.0,1,409.5,1444.0,1,909.5,0.0,0.0,0.0,0.0,0.0,0
2023-05-11 09:06:46,PK401C9500,PK401C9500,909.5,0.0,0.0,0.0,10,410.0,1443.5,10,909.5,0.0,0.0,0.0,0.0,0.0,0
2023-05-11 09:06:50,PK401C9500,PK401C9500,909.5,0.0,0.0,0.0,1,411.5,1442.0,1,909.5,0.0,0.0,0.0,0.0,0.0,0
2023-05-11 09:06:50,PK401C9500,PK401C9500,909.5,0.0,0.0,0.0,10,412.0,1441.5,10,909.5,0.0,0.0,0.0,0.0,0.0,0
2023-05-11 09:06:53,PK401C9500,PK401C9500,909.5,0.0,0.0,0.0,1,413.5,1440.0,1,909.5,0.0,0.0,0.0,0.0,0.0,0
2023-05-11 09:07:24,PK401C9500,PK401C9500,909.5,0.0,0.0,0.0,10,414.0,1439.5,10,909.5,0.0,0.0,0.0,0.0,0.0,0
2023-05-11 09:07:28,PK401C9500,PK401C9500,909.5,0.0,0.0,0.0,1,415.5,1439.5,10,909.5,0.0,0.0,0.0,0.0,0.0,0
2023-05-11 09:07:28,PK401C9500,PK401C9500,909.5,0.0,0.0,0.0,10,416.0,1439.5,10,909.5,0.0,0.0,0.0,0.0,0.0,0
2023-05-11 09:07:31,PK401C9500,PK401C9500,909.5,0.0,0.0,0.0,1,417.5,1439.5,10,909.5,0.0,0.0,0.0,0.0,0.0,0
2023-05-11 09:07:31,PK401C9500,PK401C9500,909.5,0.0,0.0,0.0,10,418.0,1438.0,1,909.5,0.0,0.0,0.0,0.0,0.0,0
2023-05-11 09:07:32,PK401C9500,PK401C9500,909.5,0.0,0.0,0.0,10,418.0,1437.5,10,909.5,0.0,0.0,0.0,0.0,0.0,0
2023-05-11 09:07:33,PK401C9500,PK401C9500,909.5,0.0,0.0,0.0,1,419.5,1436.0,1,909.5,0.0,0.0,0.0,0.0,0.0,0
2023-05-11 09:07:34,PK401C9500,PK401C9500,909.5,0.0,0.0,0.0,10,420.0,1435.5,10,909.5,0.0,0.0,0.0,0.0,0.0,0
2023-05-11 09:07:34,PK401C9500,PK401C9500,909.5,0.0,0.0,0.0,1,421.5,1434.0,1,909.5,0.0,0.0,0.0,0.0,0.0,0
2023-05-11 09:07:35,PK401C9500,PK401C9500,909.5,0.0,0.0,0.0,10,422.0,1433.5,10,909.5,0.0,0.0,0.0,0.0,0.0,0
2023-05-11 09:07:37,PK401C9500,PK401C9500,909.5,0.0,0.0,0.0,1,423.5,1432.0,1,909.5,0.0,0.0,0.0,0.0,0.0,0
2023-05-11 09:07:38,PK401C9500,PK401C9500,909.5,0.0,0.0,0.0,10,424.0,1431.5,10,909.5,0.0,0.0,0.0,0.0,0.0,0
2023-05-11 09:07:38,PK401C9500,PK401C9500,909.5,0.0,0.0,0.0,1,425.5,1430.0,1,909.5,0.0,0.0,0.0,0.0,0.0,0
2023-05-11 09:07:39,PK401C9500,PK401C9500,909.5,0.0,0.0,0.0,10,426.0,1429.5,10,909.5,0.0,0.0,0.0,0.0,0.0,0
2023-05-11 09:07:40,PK401C9500,PK401C9500,909.5,0.0,0.0,0.0,1,427.5,1429.5,10,909.5,0.0,0.0,0.0,0.0,0.0,0
2023-05-11 09:07:41,PK401C9500,PK401C9500,909.5,0.0,0.0,0.0,10,428.0,1429.5,10,909.5,0.0,0.0,0.0,0.0,0.0,0
2023-05-11 09:07:41,PK401C9500,PK401C9500,909.5,0.0,0.0,0.0,1,429.5,1428.0,1,909.5,0.0,0.0,0.0,0.0,0.0,0
2023-05-11 09:07:42,PK401C9500,PK401C9500,909.5,0.0,0.0,0.0,10,430.0,1427.5,10,909.5,0.0,0.0,0.0,0.0,0.0,0
2023-05-11 09:07:42,PK401C9500,PK401C9500,909.5,0.0,0.0,0.0,1,431.5,1426.0,1,909.5,0.0,0.0,0.0,0.0,0.0,0
2023-05-11 09:07:43,PK401C9500,PK401C9500,909.5,0.0,0.0,0.0,10,432.0,1425.5,10,909.5,0.0,0.0,0.0,0.0,0.0,0
2023-05-11 09:07:46,PK401C9500,PK401C9500,909.5,0.0,0.0,0.0,1,433.5,1424.0,1,909.5,0.0,0.0,0.0,0.0,0.0,0
2023-05-11 09:09:39,PK401C9500,PK401C9500,909.5,0.0,0.0,0.0,10,434.0,1423.5,10,909.5,0.0,0.0,0.0,0.0,0.0,0
2023-05-11 09:09:40,PK401C9500,PK401C9500,909.5,0.0,0.0,0.0,1,435.5,1422.0,1,909.5,0.0,0.0,0.0,0.0,0.0,0
2023-05-11 09:09:40,PK401C9500,PK401C9500,909.5,0.0,0.0,0.0,10,436.0,1421.5,10,909.5,0.0,0.0,0.0,0.0,0.0,0
2023-05-11 09:09:41,PK401C9500,PK401C9500,909.5,0.0,0.0,0.0,1,437.5,1420.0,1,909.5,0.0,0.0,0.0,0.0,0.0,0
2023-05-11 09:09:41,PK401C9500,PK401C9500,909.5,0.0,0.0,0.0,10,438.0,1419.5,10,909.5,0.0,0.0,0.0,0.0,0.0,0
2023-05-11 09:09:43,PK401C9500,PK401C9500,909.5,0.0,0.0,0.0,1,439.5,1418.0,1,909.5,0.0,0.0,0.0,0.0,0.0,0
2023-05-11 09:09:43,PK401C9500,PK401C9500,909.5,0.0,0.0,0.0,10,440.0,1417.5,10,909.5,0.0,0.0,0.0,0.0,0.0,0
2023-05-11 09:09:44,PK401C9500,PK401C9500,909.5,0.0,0.0,0.0,1,441.5,1416.0,1,909.5,0.0,0.0,0.0,0.0,0.0,0
2023-05-11 09:12:05,PK401C9500,PK401C9500,909.5,0.0,0.0,0.0,10,442.0,1415.5,10,909.5,0.0,0.0,0.0,0.0,0.0,0
2023-05-11 09:12:05,PK401C9500,PK401C9500,909.5,0.0,0.0,0.0,1,443.5,1414.0,1,909.5,0.0,0.0,0.0,0.0,0.0,0
2023-05-11 09:12:06,PK401C9500,PK401C9500,909.5,0.0,0.0,0.0,10,444.0,1413.5,10,909.5,0.0,0.0,0.0,0.0,0.0,0
2023-05-11 09:12:08,PK401C9500,PK401C9500,909.5,0.0,0.0,0.0,1,445.5,1413.5,10,909.5,0.0,0.0,0.0,0.0,0.0,0
2023-05-11 09:12:11,PK401C9500,PK401C9500,909.5,0.0,0.0,0.0,10,446.0,1412.0,1,909.5,0.0,0.0,0.0,0.0,0.0,0
2023-05-11 09:12:11,PK401C9500,PK401C9500,909.5,0.0,0.0,0.0,10,446.0,1411.5,10,909.5,0.0,0.0,0.0,0.0,0.0,0
2023-05-11 09:12:12,PK401C9500,PK401C9500,909.5,0.0,0.0,0.0,1,447.5,1410.0,1,909.5,0.0,0.0,0.0,0.0,0.0,0
2023-05-11 09:12:12,PK401C9500,PK401C9500,909.5,0.0,0.0,0.0,10,448.0,1409.5,10,909.5,0.0,0.0,0.0,0.0,0.0,0
2023-05-11 09:12:13,PK401C9500,PK401C9500,909.5,0.0,0.0,0.0,1,449.5,1408.0,1,909.5,0.0,0.0,0.0,0.0,0.0,0
2023-05-11 09:12:13,PK401C9500,PK401C9500,909.5,0.0,0.0,0.0,10,450.0,1407.5,10,909.5,0.0,0.0,0.0,0.0,0.0,0
2023-05-11 09:12:14,PK401C9500,PK401C9500,909.5,0.0,0.0,0.0,1,451.5,1406.0,1,909.5,0.0,0.0,0.0,0.0,0.0,0
2023-05-11 09:14:30,PK401C9500,PK401C9500,909.5,0.0,0.0,0.0,10,452.0,1405.5,10,909.5,0.0,0.0,0.0,0.0,0.0,0
2023-05-11 09:14:30,PK401C9500,PK401C9500,909.5,0.0,0.0,0.0,1,453.5,1404.0,1,909.5,0.0,0.0,0.0,0.0,0.0,0
2023-05-11 09:14:31,PK401C9500,PK401C9500,909.5,0.0,0.0,0.0,10,454.0,1403.5,10,909.5,0.0,0.0,0.0,0.0,0.0,0
2023-05-11 09:14:33,PK401C9500,PK401C9500,909.5,0.0,0.0,0.0,1,455.5,1402.0,1,909.5,0.0,0.0,0.0,0.0,0.0,0
2023-05-11 09:14:34,PK401C9500,PK401C9500,909.5,0.0,0.0,0.0,10,456.0,1401.5,10,909.5,0.0,0.0,0.0,0.0,0.0,0
2023-05-11 09:14:35,PK401C9500,PK401C9500,909.5,0.0,0.0,0.0,1,457.5,1400.0,1,909.5,0.0,0.0,0.0,0.0,0.0,0
2023-05-11 09:14:59,PK401C9500,PK401C9500,909.5,0.0,0.0,0.0,10,458.0,1399.5,10,909.5,0.0,0.0,0.0,0.0,0.0,0
2023-05-11 09:14:59,PK401C9500,PK401C9500,909.5,0.0,0.0,0.0,1,459.5,1398.0,1,909.5,0.0,0.0,0.0,0.0,0.0,0
2023-05-11 09:15:00,PK401C9500,PK401C9500,909.5,0.0,0.0,0.0,10,460.0,1397.5,10,909.5,0.0,0.0,0.0,0.0,0.0,0
2023-05-11 09:15:00,PK401C9500,PK401C9500,909.5,0.0,0.0,0.0,1,461.5,1396.0,1,909.5,0.0,0.0,0.0,0.0,0.0,0
2023-05-11 09:15:01,PK401C9500,PK401C9500,909.5,0.0,0.0,0.0,10,462.0,1395.5,10,909.5,0.0,0.0,0.0,0.0,0.0,0
2023-05-11 09:15:03,PK401C9500,PK401C9500,909.5,0.0,0.0,0.0,1,463.5,1394.0,1,909.5,0.0,0.0,0.0,0.0,0.0,0
2023-05-11 09:15:04,PK401C9500,PK401C9500,909.5,0.0,0.0,0.0,10,464.0,1393.5,10,909.5,0.0,0.0,0.0,0.0,0.0,0
2023-05-11 09:15:05,PK401C9500,PK401C9500,909.5,0.0,0.0,0.0,1,465.5,1392.0,1,909.5,0.0,0.0,0.0,0.0,0.0,0
2023-05-11 09:15:05,PK401C9500,PK401C9500,909.5,0.0,0.0,0.0,10,466.0,1391.5,10,909.5,0.0,0.0,0.0,0.0,0.0,0
2023-05-11 09:15:06,PK401C9500,PK401C9500,909.5,0.0,0.0,0.0,1,467.5,1390.0,1,909.5,0.0,0.0,0.0,0.0,0.0,0
2023-05-11 09:15:06,PK401C9500,PK401C9500,909.5,0.0,0.0,0.0,10,468.0,1389.5,10,909.5,0.0,0.0,0.0,0.0,0.0,0
2023-05-11 09:15:07,PK401C9500,PK401C9500,909.5,0.0,0.0,0.0,1,469.5,1388.0,1,909.5,0.0,0.0,0.0,0.0,0.0,0
2023-05-11 09:15:08,PK401C9500,PK401C9500,909.5,0.0,0.0,0.0,10,470.0,1387.5,10,909.5,0.0,0.0,0.0,0.0,0.0,0
2023-05-11 09:15:08,PK401C9500,PK401C9500,909.5,0.0,0.0,0.0,1,471.5,1386.0,1,909.5,0.0,0.0,0.0,0.0,0.0,0
2023-05-11 09:15:09,PK401C9500,PK401C9500,909.5,0.0,0.0,0.0,10,472.0,1385.5,10,909.5,0.0,0.0,0.0,0.0,0.0,0
2023-05-11 09:15:09,PK401C9500,PK401C9500,909.5,0.0,0.0,0.0,1,473.5,1384.0,1,909.5,0.0,0.0,0.0,0.0,0.0,0
2023-05-11 09:15:10,PK401C9500,PK401C9500,909.5,0.0,0.0,0.0,10,474.0,1383.5,10,909.5,0.0,0.0,0.0,0.0,0.0,0
2023-05-11 09:15:11,PK401C9500,PK401C9500,909.5,0.0,0.0,0.0,1,475.5,1382.0,1,909.5,0.0,0.0,0.0,0.0,0.0,0
2023-05-11 09:15:11,PK401C9500,PK401C9500,909.5,0.0,0.0,0.0,10,476.0,1381.5,10,909.5,0.0,0.0,0.0,0.0,0.0,0
2023-05-11 09:15:12,PK401C9500,PK401C9500,909.5,0.0,0.0,0.0,1,477.5,1380.0,1,909.5,0.0,0.0,0.0,0.0,0.0,0
2023-05-11 09:15:12,PK401C9500,PK401C9500,909.5,0.0,0.0,0.0,10,478.0,1379.5,10,909.5,0.0,0.0,0.0,0.0,0.0,0
2023-05-11 09:15:13,PK401C9500,PK401C9500,909.5,0.0,0.0,0.0,1,479.5,1378.0,1,909.5,0.0,0.0,0.0,0.0,0.0,0
2023-05-11 09:15:13,PK401C9500,PK401C9500,909.5,0.0,0.0,0.0,10,480.0,1377.5,10,909.5,0.0,0.0,0.0,0.0,0.0,0
2023-05-11 09:15:14,PK401C9500,PK401C9500,909.5,0.0,0.0,0.0,1,481.5,1376.0,1,909.5,0.0,0.0,0.0,0.0,0.0,0
2023-05-11 09:15:14,PK401C9500,PK401C9500,909.5,0.0,0.0,0.0,10,482.0,1375.5,10,909.5,0.0,0.0,0.0,0.0,0.0,0
2023-05-11 09:15:15,PK401C9500,PK401C9500,909.5,0.0,0.0,0.0,1,483.5,1374.0,1,909.5,0.0,0.0,0.0,0.0,0.0,0
2023-05-11 09:15:15,PK401C9500,PK401C9500,909.5,0.0,0.0,0.0,10,484.0,1373.5,10,909.5,0.0,0.0,0.0,0.0,0.0,0
2023-05-11 09:15:16,PK401C9500,PK401C9500,909.5,0.0,0.0,0.0,1,485.5,1372.0,1,909.5,0.0,0.0,0.0,0.0,0.0,0
2023-05-11 09:15:16,PK401C9500,PK401C9500,909.5,0.0,0.0,0.0,10,486.0,1371.5,10,909.5,0.0,0.0,0.0,0.0,0.0,0
2023-05-11 09:15:17,PK401C9500,PK401C9500,909.5,0.0,0.0,0.0,1,487.5,1370.0,1,909.5,0.0,0.0,0.0,0.0,0.0,0
2023-05-11 09:15:17,PK401C9500,PK401C9500,909.5,0.0,0.0,0.0,10,488.0,1369.5,10,909.5,0.0,0.0,0.0,0.0,0.0,0
2023-05-11 09:15:18,PK401C9500,PK401C9500,909.5,0.0,0.0,0.0,1,489.5,1368.0,1,909.5,0.0,0.0,0.0,0.0,0.0,0
2023-05-11 09:15:18,PK401C9500,PK401C9500,909.5,0.0,0.0,0.0,10,490.0,1367.5,10,909.5,0.0,0.0,0.0,0.0,0.0,0
2023-05-11 09:15:19,PK401C9500,PK401C9500,909.5,0.0,0.0,0.0,1,491.5,1366.0,1,909.5,0.0,0.0,0.0,0.0,0.0,0
2023-05-11 09:16:18,PK401C9500,PK401C9500,909.5,0.0,0.0,0.0,10,492.0,1365.5,10,909.5,0.0,0.0,0.0,0.0,0.0,0
2023-05-11 09:16:19,PK401C9500,PK401C9500,909.5,0.0,0.0,0.0,1,493.5,1365.5,10,909.5,0.0,0.0,0.0,0.0,0.0,0
2023-05-11 09:16:21,PK401C9500,PK401C9500,909.5,0.0,0.0,0.0,10,494.0,1363.5,10,909.5,0.0,0.0,0.0,0.0,0.0,0
2023-05-11 09:16:22,PK401C9500,PK401C9500,909.5,0.0,0.0,0.0,1,495.5,1363.5,10,909.5,0.0,0.0,0.0,0.0,0.0,0
2023-05-11 09:16:23,PK401C9500,PK401C9500,909.5,0.0,0.0,0.0,10,496.0,1362.0,1,909.5,0.0,0.0,0.0,0.0,0.0,0
2023-05-11 09:16:24,PK401C9500,PK401C9500,909.5,0.0,0.0,0.0,10,496.0,1361.5,10,909.5,0.0,0.0,0.0,0.0,0.0,0
2023-05-11 09:16:24,PK401C9500,PK401C9500,909.5,0.0,0.0,0.0,1,497.5,1360.0,1,909.5,0.0,0.0,0.0,0.0,0.0,0
2023-05-11 09:16:25,PK401C9500,PK401C9500,909.5,0.0,0.0,0.0,10,498.0,1359.5,10,909.5,0.0,0.0,0.0,0.0,0.0,0
2023-05-11 09:16:27,PK401C9500,PK401C9500,909.5,0.0,0.0,0.0,1,499.5,1358.0,1,909.5,0.0,0.0,0.0,0.0,0.0,0
2023-05-11 09:16:28,PK401C9500,PK401C9500,909.5,0.0,0.0,0.0,10,500.0,1357.5,10,909.5,0.0,0.0,0.0,0.0,0.0,0
2023-05-11 09:16:29,PK401C9500,PK401C9500,909.5,0.0,0.0,0.0,1,501.5,1356.0,1,909.5,0.0,0.0,0.0,0.0,0.0,0
2023-05-11 09:16:29,PK401C9500,PK401C9500,909.5,0.0,0.0,0.0,10,502.0,1355.5,10,909.5,0.0,0.0,0.0,0.0,0.0,0
2023-05-11 09:16:30,PK401C9500,PK401C9500,909.5,0.0,0.0,0.0,1,503.5,1354.0,1,909.5,0.0,0.0,0.0,0.0,0.0,0
2023-05-11 09:16:31,PK401C9500,PK401C9500,909.5,0.0,0.0,0.0,10,504.0,1353.5,10,909.5,0.0,0.0,0.0,0.0,0.0,0
2023-05-11 09:16:31,PK401C9500,PK401C9500,909.5,0.0,0.0,0.0,1,505.5,1352.0,1,909.5,0.0,0.0,0.0,0.0,0.0,0
2023-05-11 09:16:32,PK401C9500,PK401C9500,909.5,0.0,0.0,0.0,10,506.0,1351.5,10,909.5,0.0,0.0,0.0,0.0,0.0,0
2023-05-11 09:16:32,PK401C9500,PK401C9500,909.5,0.0,0.0,0.0,1,507.5,1350.0,1,909.5,0.0,0.0,0.0,0.0,0.0,0
2023-05-11 09:16:33,PK401C9500,PK401C9500,909.5,0.0,0.0,0.0,10,508.0,1349.5,10,909.5,0.0,0.0,0.0,0.0,0.0,0
2023-05-11 09:16:33,PK401C9500,PK401C9500,909.5,0.0,0.0,0.0,1,509.5,1349.5,10,909.5,0.0,0.0,0.0,0.0,0.0,0
2023-05-11 09:16:34,PK401C9500,PK401C9500,909.5,0.0,0.0,0.0,10,510.0,1348.0,1,909.5,0.0,0.0,0.0,0.0,0.0,0
2023-05-11 09:16:34,PK401C9500,PK401C9500,909.5,0.0,0.0,0.0,1,511.5,1347.5,10,909.5,0.0,0.0,0.0,0.0,0.0,0
2023-05-11 09:16:35,PK401C9500,PK401C9500,909.5,0.0,0.0,0.0,10,512.0,1346.0,1,909.5,0.0,0.0,0.0,0.0,0.0,0
2023-05-11 09:16:35,PK401C9500,PK401C9500,909.5,0.0,0.0,0.0,10,512.0,1345.5,10,909.5,0.0,0.0,0.0,0.0,0.0,0
2023-05-11 09:16:36,PK401C9500,PK401C9500,909.5,0.0,0.0,0.0,1,513.5,1344.0,1,909.5,0.0,0.0,0.0,0.0,0.0,0
2023-05-11 09:16:36,PK401C9500,PK401C9500,909.5,0.0,0.0,0.0,10,514.0,1343.5,10,909.5,0.0,0.0,0.0,0.0,0.0,0
2023-05-11 09:16:38,PK401C9500,PK401C9500,909.5,0.0,0.0,0.0,1,515.5,1342.0,1,909.5,0.0,0.0,0.0,0.0,0.0,0
2023-05-11 09:16:38,PK401C9500,PK401C9500,909.5,0.0,0.0,0.0,10,516.0,1341.5,10,909.5,0.0,0.0,0.0,0.0,0.0,0
2023-05-11 09:16:39,PK401C9500,PK401C9500,909.5,0.0,0.0,0.0,1,517.5,1340.0,1,909.5,0.0,0.0,0.0,0.0,0.0,0
2023-05-11 09:16:39,PK401C9500,PK401C9500,909.5,0.0,0.0,0.0,10,518.0,1339.5,10,909.5,0.0,0.0,0.0,0.0,0.0,0
2023-05-11 09:16:40,PK401C9500,PK401C9500,909.5,0.0,0.0,0.0,1,519.5,1338.0,1,909.5,0.0,0.0,0.0,0.0,0.0,0
2023-05-11 09:16:40,PK401C9500,PK401C9500,909.5,0.0,0.0,0.0,10,520.0,1337.5,10,909.5,0.0,0.0,0.0,0.0,0.0,0
2023-05-11 09:16:41,PK401C9500,PK401C9500,909.5,0.0,0.0,0.0,1,521.5,1336.0,1,909.5,0.0,0.0,0.0,0.0,0.0,0
2023-05-11 09:16:41,PK401C9500,PK401C9500,909.5,0.0,0.0,0.0,10,522.0,1335.5,10,909.5,0.0,0.0,0.0,0.0,0.0,0
2023-05-11 09:16:42,PK401C9500,PK401C9500,909.5,0.0,0.0,0.0,1,523.5,1334.0,1,909.5,0.0,0.0,0.0,0.0,0.0,0
2023-05-11 09:16:42,PK401C9500,PK401C9500,909.5,0.0,0.0,0.0,10,524.0,1333.5,10,909.5,0.0,0.0,0.0,0.0,0.0,0
2023-05-11 09:16:43,PK401C9500,PK401C9500,909.5,0.0,0.0,0.0,1,525.5,1332.0,1,909.5,0.0,0.0,0.0,0.0,0.0,0
2023-05-11 09:16:43,PK401C9500,PK401C9500,909.5,0.0,0.0,0.0,10,526.0,1331.5,10,909.5,0.0,0.0,0.0,0.0,0.0,0
2023-05-11 09:16:44,PK401C9500,PK401C9500,909.5,0.0,0.0,0.0,1,527.5,1330.0,1,909.5,0.0,0.0,0.0,0.0,0.0,0
2023-05-11 09:16:44,PK401C9500,PK401C9500,909.5,0.0,0.0,0.0,10,528.0,1329.5,10,909.5,0.0,0.0,0.0,0.0,0.0,0
2023-05-11 09:16:45,PK401C9500,PK401C9500,909.5,0.0,0.0,0.0,1,529.5,1328.0,1,909.5,0.0,0.0,0.0,0.0,0.0,0
2023-05-11 09:17:13,PK401C9500,PK401C9500,909.5,0.0,0.0,0.0,10,530.0,1327.5,10,909.5,0.0,0.0,0.0,0.0,0.0,0
2023-05-11 09:17:13,PK401C9500,PK401C9500,909.5,0.0,0.0,0.0,1,531.5,1326.0,1,909.5,0.0,0.0,0.0,0.0,0.0,0
2023-05-11 09:17:14,PK401C9500,PK401C9500,909.5,0.0,0.0,0.0,10,532.0,1325.5,10,909.5,0.0,0.0,0.0,0.0,0.0,0
2023-05-11 09:17:17,PK401C9500,PK401C9500,909.5,0.0,0.0,0.0,1,533.5,1324.0,1,909.5,0.0,0.0,0.0,0.0,0.0,0
2023-05-11 09:17:17,PK401C9500,PK401C9500,909.5,0.0,0.0,0.0,10,534.0,1323.5,10,909.5,0.0,0.0,0.0,0.0,0.0,0
2023-05-11 09:17:18,PK401C9500,PK401C9500,909.5,0.0,0.0,0.0,1,535.5,1322.0,1,909.5,0.0,0.0,0.0,0.0,0.0,0
2023-05-11 09:17:19,PK401C9500,PK401C9500,909.5,0.0,0.0,0.0,10,536.0,1321.5,10,909.5,0.0,0.0,0.0,0.0,0.0,0
2023-05-11 09:17:19,PK401C9500,PK401C9500,909.5,0.0,0.0,0.0,1,537.5,1320.0,1,909.5,0.0,0.0,0.0,0.0,0.0,0
2023-05-11 09:18:08,PK401C9500,PK401C9500,909.5,0.0,0.0,0.0,10,538.0,1319.5,10,909.5,0.0,0.0,0.0,0.0,0.0,0
2023-05-11 09:18:09,PK401C9500,PK401C9500,909.5,0.0,0.0,0.0,1,539.5,1318.0,1,909.5,0.0,0.0,0.0,0.0,0.0,0
2023-05-11 09:18:09,PK401C9500,PK401C9500,909.5,0.0,0.0,0.0,10,540.0,1317.5,10,909.5,0.0,0.0,0.0,0.0,0.0,0
2023-05-11 09:18:11,PK401C9500,PK401C9500,909.5,0.0,0.0,0.0,1,541.5,1316.0,1,909.5,0.0,0.0,0.0,0.0,0.0,0
2023-05-11 09:18:12,PK401C9500,PK401C9500,909.5,0.0,0.0,0.0,10,542.0,1315.5,10,909.5,0.0,0.0,0.0,0.0,0.0,0
2023-05-11 09:18:12,PK401C9500,PK401C9500,909.5,0.0,0.0,0.0,1,543.5,1314.0,1,909.5,0.0,0.0,0.0,0.0,0.0,0
2023-05-11 09:18:12,PK401C9500,PK401C9500,909.5,0.0,0.0,0.0,10,542.0,1315.5,10,909.5,0.0,0.0,0.0,0.0,0.0,0
2023-05-11 09:18:12,PK401C9500,PK401C9500,909.5,0.0,0.0,0.0,1,543.5,1314.0,1,909.5,0.0,0.0,0.0,0.0,0.0,0
2023-05-11 09:19:03,PK401C9500,PK401C9500,909.5,0.0,0.0,0.0,10,544.0,1313.5,10,909.5,0.0,0.0,0.0,0.0,0.0,0
2023-05-11 09:19:04,PK401C9500,PK401C9500,909.5,0.0,0.0,0.0,1,545.5,1312.0,1,909.5,0.0,0.0,0.0,0.0,0.0,0
2023-05-11 09:19:04,PK401C9500,PK401C9500,909.5,0.0,0.0,0.0,10,546.0,1311.5,10,909.5,0.0,0.0,0.0,0.0,0.0,0
2023-05-11 09:19:05,PK401C9500,PK401C9500,909.5,0.0,0.0,0.0,1,547.5,1310.0,1,909.5,0.0,0.0,0.0,0.0,0.0,0
2023-05-11 09:19:05,PK401C9500,PK401C9500,909.5,0.0,0.0,0.0,10,548.0,1309.5,10,909.5,0.0,0.0,0.0,0.0,0.0,0
2023-05-11 09:19:06,PK401C9500,PK401C9500,909.5,0.0,0.0,0.0,1,549.5,1308.0,1,909.5,0.0,0.0,0.0,0.0,0.0,0
2023-05-11 09:19:07,PK401C9500,PK401C9500,909.5,0.0,0.0,0.0,10,550.0,1307.5,10,909.5,0.0,0.0,0.0,0.0,0.0,0
2023-05-11 09:19:09,PK401C9500,PK401C9500,909.5,0.0,0.0,0.0,1,551.5,1306.0,1,909.5,0.0,0.0,0.0,0.0,0.0,0
2023-05-11 09:19:09,PK401C9500,PK401C9500,909.5,0.0,0.0,0.0,10,552.0,1305.5,10,909.5,0.0,0.0,0.0,0.0,0.0,0
2023-05-11 09:19:11,PK401C9500,PK401C9500,909.5,0.0,0.0,0.0,1,553.5,1304.0,1,909.5,0.0,0.0,0.0,0.0,0.0,0
2023-05-11 09:19:11,PK401C9500,PK401C9500,909.5,0.0,0.0,0.0,10,554.0,1303.5,10,909.5,0.0,0.0,0.0,0.0,0.0,0
2023-05-11 09:19:12,PK401C9500,PK401C9500,909.5,0.0,0.0,0.0,1,555.5,1302.0,1,909.5,0.0,0.0,0.0,0.0,0.0,0
2023-05-11 09:19:12,PK401C9500,PK401C9500,909.5,0.0,0.0,0.0,10,556.0,1301.5,10,909.5,0.0,0.0,0.0,0.0,0.0,0
2023-05-11 09:19:14,PK401C9500,PK401C9500,909.5,0.0,0.0,0.0,1,557.5,1300.0,1,909.5,0.0,0.0,0.0,0.0,0.0,0
2023-05-11 09:19:14,PK401C9500,PK401C9500,909.5,0.0,0.0,0.0,10,558.0,1299.5,10,909.5,0.0,0.0,0.0,0.0,0.0,0
2023-05-11 09:19:15,PK401C9500,PK401C9500,909.5,0.0,0.0,0.0,1,559.5,1298.0,1,909.5,0.0,0.0,0.0,0.0,0.0,0
2023-05-11 09:19:15,PK401C9500,PK401C9500,909.5,0.0,0.0,0.0,10,560.0,1297.5,10,909.5,0.0,0.0,0.0,0.0,0.0,0
2023-05-11 09:19:16,PK401C9500,PK401C9500,909.5,0.0,0.0,0.0,1,561.5,1296.0,1,909.5,0.0,0.0,0.0,0.0,0.0,0
2023-05-11 09:19:16,PK401C9500,PK401C9500,909.5,0.0,0.0,0.0,10,562.0,1295.5,10,909.5,0.0,0.0,0.0,0.0,0.0,0
2023-05-11 09:19:17,PK401C9500,PK401C9500,909.5,0.0,0.0,0.0,1,563.5,1294.0,1,909.5,0.0,0.0,0.0,0.0,0.0,0
2023-05-11 09:19:17,PK401C9500,PK401C9500,909.5,0.0,0.0,0.0,10,564.0,1293.5,10,909.5,0.0,0.0,0.0,0.0,0.0,0
2023-05-11 09:19:18,PK401C9500,PK401C9500,909.5,0.0,0.0,0.0,1,565.5,1292.0,1,909.5,0.0,0.0,0.0,0.0,0.0,0
2023-05-11 09:19:18,PK401C9500,PK401C9500,909.5,0.0,0.0,0.0,10,566.0,1291.5,10,909.5,0.0,0.0,0.0,0.0,0.0,0
2023-05-11 09:19:19,PK401C9500,PK401C9500,909.5,0.0,0.0,0.0,1,567.5,1290.0,1,909.5,0.0,0.0,0.0,0.0,0.0,0
2023-05-11 09:19:19,PK401C9500,PK401C9500,909.5,0.0,0.0,0.0,10,568.0,1289.5,10,909.5,0.0,0.0,0.0,0.0,0.0,0
2023-05-11 09:19:20,PK401C9500,PK401C9500,909.5,0.0,0.0,0.0,1,569.5,1288.0,1,909.5,0.0,0.0,0.0,0.0,0.0,0
2023-05-11 09:20:50,PK401C9500,PK401C9500,909.5,0.0,0.0,0.0,10,570.0,1287.5,10,909.5,0.0,0.0,0.0,0.0,0.0,0
2023-05-11 09:20:50,PK401C9500,PK401C9500,909.5,0.0,0.0,0.0,1,571.5,1286.0,1,909.5,0.0,0.0,0.0,0.0,0.0,0
2023-05-11 09:20:51,PK401C9500,PK401C9500,909.5,0.0,0.0,0.0,10,572.0,1285.5,10,909.5,0.0,0.0,0.0,0.0,0.0,0
2023-05-11 09:20:52,PK401C9500,PK401C9500,909.5,0.0,0.0,0.0,1,573.5,1284.0,1,909.5,0.0,0.0,0.0,0.0,0.0,0
2023-05-11 09:20:53,PK401C9500,PK401C9500,909.5,0.0,0.0,0.0,10,574.0,1283.5,10,909.5,0.0,0.0,0.0,0.0,0.0,0
2023-05-11 09:20:53,PK401C9500,PK401C9500,909.5,0.0,0.0,0.0,1,575.5,1282.0,1,909.5,0.0,0.0,0.0,0.0,0.0,0
2023-05-11 09:20:54,PK401C9500,PK401C9500,909.5,0.0,0.0,0.0,10,576.0,1281.5,10,909.5,0.0,0.0,0.0,0.0,0.0,0
2023-05-11 09:20:55,PK401C9500,PK401C9500,909.5,0.0,0.0,0.0,1,577.5,1280.0,1,909.5,0.0,0.0,0.0,0.0,0.0,0
2023-05-11 09:20:56,PK401C9500,PK401C9500,909.5,0.0,0.0,0.0,10,578.0,1279.5,10,909.5,0.0,0.0,0.0,0.0,0.0,0
2023-05-11 09:20:56,PK401C9500,PK401C9500,909.5,0.0,0.0,0.0,1,579.5,1278.0,1,909.5,0.0,0.0,0.0,0.0,0.0,0
2023-05-11 09:20:57,PK401C9500,PK401C9500,909.5,0.0,0.0,0.0,10,580.0,1277.5,10,909.5,0.0,0.0,0.0,0.0,0.0,0
2023-05-11 09:20:57,PK401C9500,PK401C9500,909.5,0.0,0.0,0.0,1,581.5,1276.0,1,909.5,0.0,0.0,0.0,0.0,0.0,0
2023-05-11 09:20:58,PK401C9500,PK401C9500,909.5,0.0,0.0,0.0,10,582.0,1275.5,10,909.5,0.0,0.0,0.0,0.0,0.0,0
2023-05-11 09:20:59,PK401C9500,PK401C9500,909.5,0.0,0.0,0.0,1,583.5,1274.0,1,909.5,0.0,0.0,0.0,0.0,0.0,0
2023-05-11 09:20:59,PK401C9500,PK401C9500,909.5,0.0,0.0,0.0,10,584.0,1273.5,10,909.5,0.0,0.0,0.0,0.0,0.0,0
2023-05-11 09:21:01,PK401C9500,PK401C9500,909.5,0.0,0.0,0.0,1,585.5,1272.0,1,909.5,0.0,0.0,0.0,0.0,0.0,0
2023-05-11 09:21:01,PK401C9500,PK401C9500,909.5,0.0,0.0,0.0,10,586.0,1271.5,10,909.5,0.0,0.0,0.0,0.0,0.0,0
2023-05-11 09:21:01,PK401C9500,PK401C9500,909.5,0.0,0.0,0.0,10,586.0,1270.0,1,909.5,0.0,0.0,0.0,0.0,0.0,0
2023-05-11 09:23:54,PK401C9500,PK401C9500,909.5,0.0,0.0,0.0,10,586.0,1269.5,10,909.5,0.0,0.0,0.0,0.0,0.0,0
2023-05-11 09:23:55,PK401C9500,PK401C9500,909.5,0.0,0.0,0.0,1,587.5,1268.0,1,909.5,0.0,0.0,0.0,0.0,0.0,0
2023-05-11 09:23:55,PK401C9500,PK401C9500,909.5,0.0,0.0,0.0,10,588.0,1267.5,10,909.5,0.0,0.0,0.0,0.0,0.0,0
2023-05-11 09:23:56,PK401C9500,PK401C9500,909.5,0.0,0.0,0.0,1,589.5,1266.0,1,909.5,0.0,0.0,0.0,0.0,0.0,0
2023-05-11 09:23:56,PK401C9500,PK401C9500,909.5,0.0,0.0,0.0,10,590.0,1265.5,10,909.5,0.0,0.0,0.0,0.0,0.0,0
2023-05-11 09:23:57,PK401C9500,PK401C9500,909.5,0.0,0.0,0.0,1,591.5,1264.0,1,909.5,0.0,0.0,0.0,0.0,0.0,0
2023-05-11 09:23:57,PK401C9500,PK401C9500,909.5,0.0,0.0,0.0,10,592.0,1263.5,10,909.5,0.0,0.0,0.0,0.0,0.0,0
2023-05-11 09:23:59,PK401C9500,PK401C9500,909.5,0.0,0.0,0.0,10,592.0,1262.0,1,909.5,0.0,0.0,0.0,0.0,0.0,0
2023-05-11 09:23:59,PK401C9500,PK401C9500,909.5,0.0,0.0,0.0,10,592.0,1261.5,10,909.5,0.0,0.0,0.0,0.0,0.0,0
2023-05-11 09:24:01,PK401C9500,PK401C9500,909.5,0.0,0.0,0.0,10,592.0,1260.0,1,909.5,0.0,0.0,0.0,0.0,0.0,0
2023-05-11 09:24:01,PK401C9500,PK401C9500,909.5,0.0,0.0,0.0,10,592.0,1259.5,10,909.5,0.0,0.0,0.0,0.0,0.0,0
2023-05-11 09:24:02,PK401C9500,PK401C9500,909.5,0.0,0.0,0.0,10,592.0,1258.0,1,909.5,0.0,0.0,0.0,0.0,0.0,0
2023-05-11 09:24:02,PK401C9500,PK401C9500,909.5,0.0,0.0,0.0,10,592.0,1257.5,10,909.5,0.0,0.0,0.0,0.0,0.0,0
2023-05-11 09:24:03,PK401C9500,PK401C9500,909.5,0.0,0.0,0.0,10,592.0,1256.0,1,909.5,0.0,0.0,0.0,0.0,0.0,0
2023-05-11 09:24:03,PK401C9500,PK401C9500,909.5,0.0,0.0,0.0,10,592.0,1255.5,10,909.5,0.0,0.0,0.0,0.0,0.0,0
2023-05-11 09:24:04,PK401C9500,PK401C9500,909.5,0.0,0.0,0.0,10,592.0,1254.0,1,909.5,0.0,0.0,0.0,0.0,0.0,0
2023-05-11 09:24:04,PK401C9500,PK401C9500,909.5,0.0,0.0,0.0,10,592.0,1253.5,10,909.5,0.0,0.0,0.0,0.0,0.0,0
2023-05-11 09:24:05,PK401C9500,PK401C9500,909.5,0.0,0.0,0.0,10,592.0,1252.0,1,909.5,0.0,0.0,0.0,0.0,0.0,0
2023-05-11 09:24:05,PK401C9500,PK401C9500,909.5,0.0,0.0,0.0,10,592.0,1251.5,10,909.5,0.0,0.0,0.0,0.0,0.0,0
2023-05-11 09:24:06,PK401C9500,PK401C9500,909.5,0.0,0.0,0.0,10,592.0,1250.0,1,909.5,0.0,0.0,0.0,0.0,0.0,0
2023-05-11 09:24:06,PK401C9500,PK401C9500,909.5,0.0,0.0,0.0,10,592.0,1249.5,10,909.5,0.0,0.0,0.0,0.0,0.0,0
2023-05-11 09:24:07,PK401C9500,PK401C9500,909.5,0.0,0.0,0.0,10,592.0,1248.0,1,909.5,0.0,0.0,0.0,0.0,0.0,0
2023-05-11 09:24:07,PK401C9500,PK401C9500,909.5,0.0,0.0,0.0,10,592.0,1247.5,10,909.5,0.0,0.0,0.0,0.0,0.0,0
2023-05-11 09:24:08,PK401C9500,PK401C9500,909.5,0.0,0.0,0.0,10,592.0,1246.0,1,909.5,0.0,0.0,0.0,0.0,0.0,0
2023-05-11 09:24:08,PK401C9500,PK401C9500,909.5,0.0,0.0,0.0,10,592.0,1245.5,10,909.5,0.0,0.0,0.0,0.0,0.0,0
2023-05-11 09:24:09,PK401C9500,PK401C9500,909.5,0.0,0.0,0.0,10,592.0,1244.0,1,909.5,0.0,0.0,0.0,0.0,0.0,0
2023-05-11 09:24:09,PK401C9500,PK401C9500,909.5,0.0,0.0,0.0,10,592.0,1243.5,10,909.5,0.0,0.0,0.0,0.0,0.0,0
2023-05-11 09:24:10,PK401C9500,PK401C9500,909.5,0.0,0.0,0.0,10,592.0,1242.0,1,909.5,0.0,0.0,0.0,0.0,0.0,0
2023-05-11 09:24:10,PK401C9500,PK401C9500,909.5,0.0,0.0,0.0,10,592.0,1241.5,10,909.5,0.0,0.0,0.0,0.0,0.0,0
2023-05-11 09:24:11,PK401C9500,PK401C9500,909.5,0.0,0.0,0.0,10,592.0,1240.0,1,909.5,0.0,0.0,0.0,0.0,0.0,0
2023-05-11 09:24:11,PK401C9500,PK401C9500,909.5,0.0,0.0,0.0,10,592.0,1239.5,10,909.5,0.0,0.0,0.0,0.0,0.0,0
2023-05-11 09:24:12,PK401C9500,PK401C9500,909.5,0.0,0.0,0.0,10,592.0,1238.0,1,909.5,0.0,0.0,0.0,0.0,0.0,0
2023-05-11 09:24:40,PK401C9500,PK401C9500,909.5,0.0,0.0,0.0,10,592.0,1237.5,10,909.5,0.0,0.0,0.0,0.0,0.0,0
2023-05-11 09:24:40,PK401C9500,PK401C9500,909.5,0.0,0.0,0.0,10,592.0,1236.0,1,909.5,0.0,0.0,0.0,0.0,0.0,0
2023-05-11 09:24:40,PK401C9500,PK401C9500,909.5,0.0,0.0,0.0,10,592.0,1235.5,10,909.5,0.0,0.0,0.0,0.0,0.0,0
2023-05-11 09:24:42,PK401C9500,PK401C9500,909.5,0.0,0.0,0.0,10,592.0,1234.0,1,909.5,0.0,0.0,0.0,0.0,0.0,0
2023-05-11 09:24:42,PK401C9500,PK401C9500,909.5,0.0,0.0,0.0,10,592.0,1233.5,10,909.5,0.0,0.0,0.0,0.0,0.0,0
2023-05-11 09:24:43,PK401C9500,PK401C9500,909.5,0.0,0.0,0.0,10,592.0,1232.0,1,909.5,0.0,0.0,0.0,0.0,0.0,0
2023-05-11 09:24:43,PK401C9500,PK401C9500,909.5,0.0,0.0,0.0,10,592.0,1231.5,10,909.5,0.0,0.0,0.0,0.0,0.0,0
2023-05-11 09:24:44,PK401C9500,PK401C9500,909.5,0.0,0.0,0.0,10,592.0,1230.0,1,909.5,0.0,0.0,0.0,0.0,0.0,0
2023-05-11 09:24:44,PK401C9500,PK401C9500,909.5,0.0,0.0,0.0,10,592.0,1229.5,10,909.5,0.0,0.0,0.0,0.0,0.0,0
2023-05-11 09:24:45,PK401C9500,PK401C9500,909.5,0.0,0.0,0.0,10,592.0,1228.0,1,909.5,0.0,0.0,0.0,0.0,0.0,0
2023-05-11 09:24:45,PK401C9500,PK401C9500,909.5,0.0,0.0,0.0,10,592.0,1227.5,10,909.5,0.0,0.0,0.0,0.0,0.0,0
2023-05-11 09:35:07,PK401C9500,PK401C9500,909.5,0.0,0.0,0.0,1,593.5,1226.0,1,909.5,0.0,0.0,0.0,0.0,0.0,0
2023-05-11 09:35:07,PK401C9500,PK401C9500,909.5,0.0,0.0,0.0,10,594.0,1225.5,10,909.5,0.0,0.0,0.0,0.0,0.0,0
2023-05-11 09:35:08,PK401C9500,PK401C9500,909.5,0.0,0.0,0.0,1,595.5,1224.0,1,909.5,0.0,0.0,0.0,0.0,0.0,0
2023-05-11 09:35:08,PK401C9500,PK401C9500,909.5,0.0,0.0,0.0,10,596.0,1223.5,10,909.5,0.0,0.0,0.0,0.0,0.0,0
2023-05-11 09:35:09,PK401C9500,PK401C9500,909.5,0.0,0.0,0.0,10,596.0,1222.0,1,909.5,0.0,0.0,0.0,0.0,0.0,0
2023-05-11 09:35:09,PK401C9500,PK401C9500,909.5,0.0,0.0,0.0,10,596.0,1221.5,10,909.5,0.0,0.0,0.0,0.0,0.0,0
2023-05-11 09:35:10,PK401C9500,PK401C9500,909.5,0.0,0.0,0.0,10,596.0,1220.0,1,909.5,0.0,0.0,0.0,0.0,0.0,0
2023-05-11 09:35:10,PK401C9500,PK401C9500,909.5,0.0,0.0,0.0,10,596.0,1219.5,10,909.5,0.0,0.0,0.0,0.0,0.0,0
2023-05-11 09:35:11,PK401C9500,PK401C9500,909.5,0.0,0.0,0.0,10,596.0,1218.0,1,909.5,0.0,0.0,0.0,0.0,0.0,0
2023-05-11 09:35:49,PK401C9500,PK401C9500,909.5,0.0,0.0,0.0,10,596.0,1217.5,10,909.5,0.0,0.0,0.0,0.0,0.0,0
2023-05-11 09:35:49,PK401C9500,PK401C9500,909.5,0.0,0.0,0.0,10,596.0,1216.0,1,909.5,0.0,0.0,0.0,0.0,0.0,0
2023-05-11 09:35:50,PK401C9500,PK401C9500,909.5,0.0,0.0,0.0,10,596.0,1215.5,10,909.5,0.0,0.0,0.0,0.0,0.0,0
2023-05-11 09:35:55,PK401C9500,PK401C9500,909.5,0.0,0.0,0.0,10,596.0,1214.0,1,909.5,0.0,0.0,0.0,0.0,0.0,0
2023-05-11 09:35:56,PK401C9500,PK401C9500,909.5,0.0,0.0,0.0,10,596.0,1213.5,10,909.5,0.0,0.0,0.0,0.0,0.0,0
2023-05-11 09:35:56,PK401C9500,PK401C9500,909.5,0.0,0.0,0.0,10,596.0,1212.0,1,909.5,0.0,0.0,0.0,0.0,0.0,0
2023-05-11 09:36:33,PK401C9500,PK401C9500,909.5,0.0,0.0,0.0,10,596.0,1211.5,10,909.5,0.0,0.0,0.0,0.0,0.0,0
2023-05-11 09:55:07,PK401C9500,PK401C9500,909.5,0.0,0.0,0.0,10,596.0,1210.0,1,909.5,0.0,0.0,0.0,0.0,0.0,0
2023-05-11 09:55:07,PK401C9500,PK401C9500,909.5,0.0,0.0,0.0,10,596.0,1209.5,10,909.5,0.0,0.0,0.0,0.0,0.0,0
2023-05-11 09:55:08,PK401C9500,PK401C9500,909.5,0.0,0.0,0.0,10,596.0,1208.0,1,909.5,0.0,0.0,0.0,0.0,0.0,0
2023-05-11 09:55:08,PK401C9500,PK401C9500,909.5,0.0,0.0,0.0,10,596.0,1207.5,10,909.5,0.0,0.0,0.0,0.0,0.0,0
2023-05-11 09:55:09,PK401C9500,PK401C9500,909.5,0.0,0.0,0.0,10,596.0,1206.0,1,909.5,0.0,0.0,0.0,0.0,0.0,0
2023-05-11 09:55:09,PK401C9500,PK401C9500,909.5,0.0,0.0,0.0,10,596.0,1205.5,10,909.5,0.0,0.0,0.0,0.0,0.0,0
2023-05-11 09:55:10,PK401C9500,PK401C9500,909.5,0.0,0.0,0.0,10,596.0,1204.0,1,909.5,0.0,0.0,0.0,0.0,0.0,0
2023-05-11 09:55:10,PK401C9500,PK401C9500,909.5,0.0,0.0,0.0,10,596.0,1203.5,10,909.5,0.0,0.0,0.0,0.0,0.0,0
2023-05-11 09:55:11,PK401C9500,PK401C9500,909.5,0.0,0.0,0.0,10,596.0,1202.0,1,909.5,0.0,0.0,0.0,0.0,0.0,0
2023-05-11 09:55:11,PK401C9500,PK401C9500,909.5,0.0,0.0,0.0,10,596.0,1201.5,10,909.5,0.0,0.0,0.0,0.0,0.0,0
2023-05-11 09:55:12,PK401C9500,PK401C9500,909.5,0.0,0.0,0.0,10,596.0,1200.0,1,909.5,0.0,0.0,0.0,0.0,0.0,0
2023-05-11 09:55:12,PK401C9500,PK401C9500,909.5,0.0,0.0,0.0,10,596.0,1199.5,10,909.5,0.0,0.0,0.0,0.0,0.0,0
2023-05-11 09:55:13,PK401C9500,PK401C9500,909.5,0.0,0.0,0.0,10,596.0,1198.0,1,909.5,0.0,0.0,0.0,0.0,0.0,0
2023-05-11 09:57:12,PK401C9500,PK401C9500,909.5,0.0,0.0,0.0,10,596.0,1197.5,10,909.5,0.0,0.0,0.0,0.0,0.0,0
2023-05-11 09:57:12,PK401C9500,PK401C9500,909.5,0.0,0.0,0.0,10,596.0,1196.0,1,909.5,0.0,0.0,0.0,0.0,0.0,0
2023-05-11 09:57:13,PK401C9500,PK401C9500,909.5,0.0,0.0,0.0,10,596.0,1195.5,10,909.5,0.0,0.0,0.0,0.0,0.0,0
2023-05-11 09:57:14,PK401C9500,PK401C9500,909.5,0.0,0.0,0.0,10,596.0,1194.0,1,909.5,0.0,0.0,0.0,0.0,0.0,0
2023-05-11 09:57:15,PK401C9500,PK401C9500,909.5,0.0,0.0,0.0,10,596.0,1193.5,10,909.5,0.0,0.0,0.0,0.0,0.0,0
2023-05-11 09:57:15,PK401C9500,PK401C9500,909.5,0.0,0.0,0.0,10,596.0,1192.0,1,909.5,0.0,0.0,0.0,0.0,0.0,0
2023-05-11 09:57:16,PK401C9500,PK401C9500,909.5,0.0,0.0,0.0,10,596.0,1191.5,10,909.5,0.0,0.0,0.0,0.0,0.0,0
2023-05-11 10:14:33,PK401C9500,PK401C9500,909.5,0.0,0.0,0.0,1,220.0,0.0,0,909.5,0.0,0.0,0.0,0.0,0.0,0
2023-05-11 10:30:15,PK401C9500,PK401C9500,909.5,0.0,0.0,0.0,10,227.0,0.0,0,909.5,0.0,0.0,0.0,0.0,0.0,0
2023-05-11 10:30:16,PK401C9500,PK401C9500,909.5,0.0,0.0,0.0,1,233.5,0.0,0,909.5,0.0,0.0,0.0,0.0,0.0,0
2023-05-11 10:30:16,PK401C9500,PK401C9500,909.5,0.0,0.0,0.0,10,234.0,0.0,0,909.5,0.0,0.0,0.0,0.0,0.0,0
2023-05-11 10:30:17,PK401C9500,PK401C9500,909.5,0.0,0.0,0.0,1,240.5,0.0,0,909.5,0.0,0.0,0.0,0.0,0.0,0
2023-05-11 10:30:18,PK401C9500,PK401C9500,909.5,0.0,0.0,0.0,10,241.0,0.0,0,909.5,0.0,0.0,0.0,0.0,0.0,0
2023-05-11 10:30:18,PK401C9500,PK401C9500,909.5,0.0,0.0,0.0,1,247.5,0.0,0,909.5,0.0,0.0,0.0,0.0,0.0,0
2023-05-11 10:30:19,PK401C9500,PK401C9500,909.5,0.0,0.0,0.0,10,248.0,0.0,0,909.5,0.0,0.0,0.0,0.0,0.0,0
2023-05-11 10:30:20,PK401C9500,PK401C9500,909.5,0.0,0.0,0.0,1,254.5,0.0,0,909.5,0.0,0.0,0.0,0.0,0.0,0
2023-05-11 10:30:20,PK401C9500,PK401C9500,909.5,0.0,0.0,0.0,10,255.0,0.0,0,909.5,0.0,0.0,0.0,0.0,0.0,0
2023-05-11 10:30:21,PK401C9500,PK401C9500,909.5,0.0,0.0,0.0,1,261.5,0.0,0,909.5,0.0,0.0,0.0,0.0,0.0,0
2023-05-11 10:30:21,PK401C9500,PK401C9500,909.5,0.0,0.0,0.0,10,262.0,0.0,0,909.5,0.0,0.0,0.0,0.0,0.0,0
2023-05-11 10:30:23,PK401C9500,PK401C9500,909.5,0.0,0.0,0.0,1,268.5,0.0,0,909.5,0.0,0.0,0.0,0.0,0.0,0
2023-05-11 10:30:23,PK401C9500,PK401C9500,909.5,0.0,0.0,0.0,10,269.0,0.0,0,909.5,0.0,0.0,0.0,0.0,0.0,0
2023-05-11 10:30:24,PK401C9500,PK401C9500,909.5,0.0,0.0,0.0,1,275.5,0.0,0,909.5,0.0,0.0,0.0,0.0,0.0,0
2023-05-11 10:30:24,PK401C9500,PK401C9500,909.5,0.0,0.0,0.0,10,276.0,0.0,0,909.5,0.0,0.0,0.0,0.0,0.0,0
2023-05-11 10:30:25,PK401C9500,PK401C9500,909.5,0.0,0.0,0.0,1,282.5,0.0,0,909.5,0.0,0.0,0.0,0.0,0.0,0
2023-05-11 10:30:26,PK401C9500,PK401C9500,909.5,0.0,0.0,0.0,10,283.0,0.0,0,909.5,0.0,0.0,0.0,0.0,0.0,0
2023-05-11 10:30:27,PK401C9500,PK401C9500,909.5,0.0,0.0,0.0,1,289.5,0.0,0,909.5,0.0,0.0,0.0,0.0,0.0,0
2023-05-11 10:30:27,PK401C9500,PK401C9500,909.5,0.0,0.0,0.0,10,290.0,0.0,0,909.5,0.0,0.0,0.0,0.0,0.0,0
2023-05-11 10:30:28,PK401C9500,PK401C9500,909.5,0.0,0.0,0.0,1,296.5,0.0,0,909.5,0.0,0.0,0.0,0.0,0.0,0
2023-05-11 10:30:28,PK401C9500,PK401C9500,909.5,0.0,0.0,0.0,10,297.0,0.0,0,909.5,0.0,0.0,0.0,0.0,0.0,0
2023-05-11 10:30:29,PK401C9500,PK401C9500,909.5,0.0,0.0,0.0,1,303.5,0.0,0,909.5,0.0,0.0,0.0,0.0,0.0,0
2023-05-11 10:30:29,PK401C9500,PK401C9500,909.5,0.0,0.0,0.0,10,304.0,0.0,0,909.5,0.0,0.0,0.0,0.0,0.0,0
2023-05-11 10:30:30,PK401C9500,PK401C9500,909.5,0.0,0.0,0.0,1,305.5,1615.5,10,909.5,0.0,0.0,0.0,0.0,0.0,0
2023-05-11 10:30:30,PK401C9500,PK401C9500,909.5,0.0,0.0,0.0,1,310.5,1614.0,1,909.5,0.0,0.0,0.0,0.0,0.0,0
2023-05-11 10:30:31,PK401C9500,PK401C9500,909.5,0.0,0.0,0.0,1,312.0,1613.5,10,909.5,0.0,0.0,0.0,0.0,0.0,0
2023-05-11 10:30:31,PK401C9500,PK401C9500,909.5,0.0,0.0,0.0,1,318.5,1612.0,1,909.5,0.0,0.0,0.0,0.0,0.0,0
2023-05-11 10:30:32,PK401C9500,PK401C9500,909.5,0.0,0.0,0.0,10,320.5,1611.5,10,909.5,0.0,0.0,0.0,0.0,0.0,0
2023-05-11 10:30:33,PK401C9500,PK401C9500,909.5,0.0,0.0,0.0,1,327.0,1611.5,10,909.5,0.0,0.0,0.0,0.0,0.0,0
2023-05-11 10:30:33,PK401C9500,PK401C9500,909.5,0.0,0.0,0.0,1,328.5,1610.0,1,909.5,0.0,0.0,0.0,0.0,0.0,0
2023-05-11 10:30:33,PK401C9500,PK401C9500,909.5,0.0,0.0,0.0,10,329.0,1609.5,10,909.5,0.0,0.0,0.0,0.0,0.0,0
2023-05-11 10:30:34,PK401C9500,PK401C9500,909.5,0.0,0.0,0.0,1,335.0,1608.0,1,909.5,0.0,0.0,0.0,0.0,0.0,0
2023-05-11 10:30:35,PK401C9500,PK401C9500,909.5,0.0,0.0,0.0,10,335.5,1607.5,10,909.5,0.0,0.0,0.0,0.0,0.0,0
2023-05-11 10:30:35,PK401C9500,PK401C9500,909.5,0.0,0.0,0.0,1,342.0,1607.5,10,909.5,0.0,0.0,0.0,0.0,0.0,0
2023-05-11 10:30:36,PK401C9500,PK401C9500,909.5,0.0,0.0,0.0,10,342.5,1607.5,10,909.5,0.0,0.0,0.0,0.0,0.0,0
2023-05-11 10:30:37,PK401C9500,PK401C9500,909.5,0.0,0.0,0.0,1,349.0,1607.5,10,909.5,0.0,0.0,0.0,0.0,0.0,0
2023-05-11 10:31:48,PK401C9500,PK401C9500,909.5,0.0,0.0,0.0,10,349.5,1607.5,10,909.5,0.0,0.0,0.0,0.0,0.0,0
2023-05-11 10:31:49,PK401C9500,PK401C9500,909.5,0.0,0.0,0.0,1,356.0,1607.5,10,909.5,0.0,0.0,0.0,0.0,0.0,0
2023-05-11 10:31:50,PK401C9500,PK401C9500,909.5,0.0,0.0,0.0,10,356.5,1607.5,10,909.5,0.0,0.0,0.0,0.0,0.0,0
2023-05-11 10:31:51,PK401C9500,PK401C9500,909.5,0.0,0.0,0.0,1,363.0,1607.5,10,909.5,0.0,0.0,0.0,0.0,0.0,0
2023-05-11 10:34:47,PK401C9500,PK401C9500,909.5,0.0,0.0,0.0,10,363.5,1607.5,10,909.5,0.0,0.0,0.0,0.0,0.0,0
2023-05-11 10:34:48,PK401C9500,PK401C9500,909.5,0.0,0.0,0.0,1,370.0,1607.5,10,909.5,0.0,0.0,0.0,0.0,0.0,0
2023-05-11 10:34:48,PK401C9500,PK401C9500,909.5,0.0,0.0,0.0,10,370.5,1607.5,10,909.5,0.0,0.0,0.0,0.0,0.0,0
2023-05-11 10:34:49,PK401C9500,PK401C9500,909.5,0.0,0.0,0.0,1,377.0,1607.5,10,909.5,0.0,0.0,0.0,0.0,0.0,0
2023-05-11 10:34:50,PK401C9500,PK401C9500,909.5,0.0,0.0,0.0,10,377.5,1607.5,10,909.5,0.0,0.0,0.0,0.0,0.0,0
2023-05-11 10:34:50,PK401C9500,PK401C9500,909.5,0.0,0.0,0.0,1,384.0,1607.5,10,909.5,0.0,0.0,0.0,0.0,0.0,0
2023-05-11 10:34:51,PK401C9500,PK401C9500,909.5,0.0,0.0,0.0,10,384.5,1607.5,10,909.5,0.0,0.0,0.0,0.0,0.0,0
2023-05-11 10:34:52,PK401C9500,PK401C9500,909.5,0.0,0.0,0.0,1,391.0,1607.5,10,909.5,0.0,0.0,0.0,0.0,0.0,0
2023-05-11 10:34:52,PK401C9500,PK401C9500,909.5,0.0,0.0,0.0,10,391.5,1607.5,10,909.5,0.0,0.0,0.0,0.0,0.0,0
2023-05-11 10:34:53,PK401C9500,PK401C9500,909.5,0.0,0.0,0.0,1,395.0,1607.5,10,909.5,0.0,0.0,0.0,0.0,0.0,0
2023-05-11 10:34:54,PK401C9500,PK401C9500,909.5,0.0,0.0,0.0,10,395.5,1607.5,10,909.5,0.0,0.0,0.0,0.0,0.0,0
2023-05-11 10:34:55,PK401C9500,PK401C9500,909.5,0.0,0.0,0.0,1,396.0,1607.5,10,909.5,0.0,0.0,0.0,0.0,0.0,0
2023-05-11 10:34:55,PK401C9500,PK401C9500,909.5,0.0,0.0,0.0,10,396.5,1607.5,10,909.5,0.0,0.0,0.0,0.0,0.0,0
2023-05-11 10:34:56,PK401C9500,PK401C9500,909.5,0.0,0.0,0.0,1,397.0,1607.5,10,909.5,0.0,0.0,0.0,0.0,0.0,0
2023-05-11 10:34:56,PK401C9500,PK401C9500,909.5,0.0,0.0,0.0,10,397.5,1607.5,10,909.5,0.0,0.0,0.0,0.0,0.0,0
2023-05-11 10:34:57,PK401C9500,PK401C9500,909.5,0.0,0.0,0.0,1,398.0,1607.5,10,909.5,0.0,0.0,0.0,0.0,0.0,0
2023-05-11 10:34:58,PK401C9500,PK401C9500,909.5,0.0,0.0,0.0,10,398.5,1607.5,10,909.5,0.0,0.0,0.0,0.0,0.0,0
2023-05-11 10:34:58,PK401C9500,PK401C9500,909.5,0.0,0.0,0.0,1,399.0,1607.5,10,909.5,0.0,0.0,0.0,0.0,0.0,0
2023-05-11 10:34:59,PK401C9500,PK401C9500,909.5,0.0,0.0,0.0,10,399.5,1607.5,10,909.5,0.0,0.0,0.0,0.0,0.0,0
2023-05-11 10:34:59,PK401C9500,PK401C9500,909.5,0.0,0.0,0.0,1,400.0,1607.5,10,909.5,0.0,0.0,0.0,0.0,0.0,0
2023-05-11 10:35:00,PK401C9500,PK401C9500,909.5,0.0,0.0,0.0,10,400.5,1607.5,10,909.5,0.0,0.0,0.0,0.0,0.0,0
2023-05-11 10:41:30,PK401C9500,PK401C9500,909.5,0.0,0.0,0.0,1,407.0,1607.5,10,909.5,0.0,0.0,0.0,0.0,0.0,0
2023-05-11 10:41:30,PK401C9500,PK401C9500,909.5,0.0,0.0,0.0,1,408.5,1606.0,1,909.5,0.0,0.0,0.0,0.0,0.0,0
2023-05-11 10:41:31,PK401C9500,PK401C9500,909.5,0.0,0.0,0.0,1,415.0,1605.5,10,909.5,0.0,0.0,0.0,0.0,0.0,0
2023-05-11 10:41:31,PK401C9500,PK401C9500,909.5,0.0,0.0,0.0,1,416.5,1604.0,1,909.5,0.0,0.0,0.0,0.0,0.0,0
2023-05-11 10:41:32,PK401C9500,PK401C9500,909.5,0.0,0.0,0.0,1,420.0,1604.0,1,909.5,0.0,0.0,0.0,0.0,0.0,0
2023-05-11 10:41:32,PK401C9500,PK401C9500,909.5,0.0,0.0,0.0,1,421.5,1603.5,10,909.5,0.0,0.0,0.0,0.0,0.0,0
2023-05-11 10:41:33,PK401C9500,PK401C9500,909.5,0.0,0.0,0.0,1,425.0,1602.0,1,909.5,0.0,0.0,0.0,0.0,0.0,0
2023-05-11 10:41:33,PK401C9500,PK401C9500,909.5,0.0,0.0,0.0,1,426.5,1602.0,1,909.5,0.0,0.0,0.0,0.0,0.0,0
2023-05-11 10:41:34,PK401C9500,PK401C9500,909.5,0.0,0.0,0.0,11,427.0,1601.5,10,909.5,0.0,0.0,0.0,0.0,0.0,0
2023-05-11 10:41:34,PK401C9500,PK401C9500,909.5,0.0,0.0,0.0,1,428.5,1600.0,1,909.5,0.0,0.0,0.0,0.0,0.0,0
2023-05-11 10:41:35,PK401C9500,PK401C9500,909.5,0.0,0.0,0.0,1,429.0,1600.0,1,909.5,0.0,0.0,0.0,0.0,0.0,0
2023-05-11 10:41:35,PK401C9500,PK401C9500,909.5,0.0,0.0,0.0,1,430.5,1599.5,10,909.5,0.0,0.0,0.0,0.0,0.0,0
2023-05-11 10:41:36,PK401C9500,PK401C9500,909.5,0.0,0.0,0.0,10,431.0,1598.0,1,909.5,0.0,0.0,0.0,0.0,0.0,0
2023-05-11 10:41:36,PK401C9500,PK401C9500,909.5,0.0,0.0,0.0,10,431.0,1597.5,10,909.5,0.0,0.0,0.0,0.0,0.0,0
2023-05-11 11:29:32,PK401C9500,PK401C9500,909.5,0.0,0.0,0.0,1,220.0,0.0,0,909.5,0.0,0.0,0.0,0.0,0.0,0
2023-05-11 13:30:11,PK401C9500,PK401C9500,909.5,0.0,0.0,0.0,10,220.5,0.0,0,909.5,0.0,0.0,0.0,0.0,0.0,0
2023-05-11 13:30:12,PK401C9500,PK401C9500,909.5,0.0,0.0,0.0,1,221.0,0.0,0,909.5,0.0,0.0,0.0,0.0,0.0,0
2023-05-11 13:30:12,PK401C9500,PK401C9500,909.5,0.0,0.0,0.0,10,221.5,0.0,0,909.5,0.0,0.0,0.0,0.0,0.0,0
2023-05-11 13:30:12,PK401C9500,PK401C9500,909.5,0.0,0.0,0.0,1,221.0,0.0,0,909.5,0.0,0.0,0.0,0.0,0.0,0
2023-05-11 13:30:12,PK401C9500,PK401C9500,909.5,0.0,0.0,0.0,10,221.5,0.0,0,909.5,0.0,0.0,0.0,0.0,0.0,0
2023-05-11 13:31:11,PK401C9500,PK401C9500,909.5,0.0,0.0,0.0,1,228.0,0.0,0,909.5,0.0,0.0,0.0,0.0,0.0,0
2023-05-11 13:31:11,PK401C9500,PK401C9500,909.5,0.0,0.0,0.0,10,228.5,0.0,0,909.5,0.0,0.0,0.0,0.0,0.0,0
2023-05-11 13:31:12,PK401C9500,PK401C9500,909.5,0.0,0.0,0.0,1,235.0,0.0,0,909.5,0.0,0.0,0.0,0.0,0.0,0
2023-05-11 13:31:13,PK401C9500,PK401C9500,909.5,0.0,0.0,0.0,10,235.5,0.0,0,909.5,0.0,0.0,0.0,0.0,0.0,0
2023-05-11 13:31:14,PK401C9500,PK401C9500,909.5,0.0,0.0,0.0,1,242.0,0.0,0,909.5,0.0,0.0,0.0,0.0,0.0,0
2023-05-11 13:31:14,PK401C9500,PK401C9500,909.5,0.0,0.0,0.0,10,242.5,0.0,0,909.5,0.0,0.0,0.0,0.0,0.0,0
2023-05-11 13:31:15,PK401C9500,PK401C9500,909.5,0.0,0.0,0.0,1,249.0,0.0,0,909.5,0.0,0.0,0.0,0.0,0.0,0
2023-05-11 13:31:15,PK401C9500,PK401C9500,909.5,0.0,0.0,0.0,10,249.5,0.0,0,909.5,0.0,0.0,0.0,0.0,0.0,0
2023-05-11 13:31:16,PK401C9500,PK401C9500,909.5,0.0,0.0,0.0,1,256.0,0.0,0,909.5,0.0,0.0,0.0,0.0,0.0,0
2023-05-11 13:31:17,PK401C9500,PK401C9500,909.5,0.0,0.0,0.0,10,256.5,0.0,0,909.5,0.0,0.0,0.0,0.0,0.0,0
2023-05-11 13:31:18,PK401C9500,PK401C9500,909.5,0.0,0.0,0.0,1,263.0,0.0,0,909.5,0.0,0.0,0.0,0.0,0.0,0
2023-05-11 13:31:19,PK401C9500,PK401C9500,909.5,0.0,0.0,0.0,10,263.5,0.0,0,909.5,0.0,0.0,0.0,0.0,0.0,0
2023-05-11 13:31:20,PK401C9500,PK401C9500,909.5,0.0,0.0,0.0,1,270.0,0.0,0,909.5,0.0,0.0,0.0,0.0,0.0,0
2023-05-11 13:31:20,PK401C9500,PK401C9500,909.5,0.0,0.0,0.0,10,270.5,0.0,0,909.5,0.0,0.0,0.0,0.0,0.0,0
2023-05-11 13:31:21,PK401C9500,PK401C9500,909.5,0.0,0.0,0.0,1,277.0,0.0,0,909.5,0.0,0.0,0.0,0.0,0.0,0
2023-05-11 13:33:23,PK401C9500,PK401C9500,909.5,0.0,0.0,0.0,10,277.5,0.0,0,909.5,0.0,0.0,0.0,0.0,0.0,0
2023-05-11 13:33:24,PK401C9500,PK401C9500,909.5,0.0,0.0,0.0,1,284.0,0.0,0,909.5,0.0,0.0,0.0,0.0,0.0,0
2023-05-11 13:33:24,PK401C9500,PK401C9500,909.5,0.0,0.0,0.0,10,284.5,0.0,0,909.5,0.0,0.0,0.0,0.0,0.0,0
2023-05-11 13:33:25,PK401C9500,PK401C9500,909.5,0.0,0.0,0.0,1,291.0,0.0,0,909.5,0.0,0.0,0.0,0.0,0.0,0
2023-05-11 13:34:51,PK401C9500,PK401C9500,909.5,0.0,0.0,0.0,10,291.5,0.0,0,909.5,0.0,0.0,0.0,0.0,0.0,0
2023-05-11 13:34:52,PK401C9500,PK401C9500,909.5,0.0,0.0,0.0,1,298.0,0.0,0,909.5,0.0,0.0,0.0,0.0,0.0,0
2023-05-11 13:34:52,PK401C9500,PK401C9500,909.5,0.0,0.0,0.0,10,298.5,0.0,0,909.5,0.0,0.0,0.0,0.0,0.0,0
2023-05-11 13:34:54,PK401C9500,PK401C9500,909.5,0.0,0.0,0.0,1,305.0,0.0,0,909.5,0.0,0.0,0.0,0.0,0.0,0
2023-05-11 13:34:54,PK401C9500,PK401C9500,909.5,0.0,0.0,0.0,10,305.5,0.0,0,909.5,0.0,0.0,0.0,0.0,0.0,0
2023-05-11 13:34:55,PK401C9500,PK401C9500,909.5,0.0,0.0,0.0,1,312.0,0.0,0,909.5,0.0,0.0,0.0,0.0,0.0,0
2023-05-11 13:34:59,PK401C9500,PK401C9500,909.5,0.0,0.0,0.0,10,312.5,0.0,0,909.5,0.0,0.0,0.0,0.0,0.0,0
2023-05-11 13:35:00,PK401C9500,PK401C9500,909.5,0.0,0.0,0.0,1,319.0,0.0,0,909.5,0.0,0.0,0.0,0.0,0.0,0
2023-05-11 13:35:00,PK401C9500,PK401C9500,909.5,0.0,0.0,0.0,10,319.5,0.0,0,909.5,0.0,0.0,0.0,0.0,0.0,0
2023-05-11 13:35:01,PK401C9500,PK401C9500,909.5,0.0,0.0,0.0,1,326.0,0.0,0,909.5,0.0,0.0,0.0,0.0,0.0,0
2023-05-11 13:35:02,PK401C9500,PK401C9500,909.5,0.0,0.0,0.0,10,326.5,0.0,0,909.5,0.0,0.0,0.0,0.0,0.0,0
2023-05-11 13:35:03,PK401C9500,PK401C9500,909.5,0.0,0.0,0.0,1,333.0,0.0,0,909.5,0.0,0.0,0.0,0.0,0.0,0
2023-05-11 13:37:34,PK401C9500,PK401C9500,909.5,0.0,0.0,0.0,10,333.5,0.0,0,909.5,0.0,0.0,0.0,0.0,0.0,0
2023-05-11 13:37:36,PK401C9500,PK401C9500,909.5,0.0,0.0,0.0,1,340.0,0.0,0,909.5,0.0,0.0,0.0,0.0,0.0,0
2023-05-11 13:37:37,PK401C9500,PK401C9500,909.5,0.0,0.0,0.0,10,340.5,0.0,0,909.5,0.0,0.0,0.0,0.0,0.0,0
2023-05-11 13:37:38,PK401C9500,PK401C9500,909.5,0.0,0.0,0.0,1,347.0,0.0,0,909.5,0.0,0.0,0.0,0.0,0.0,0
2023-05-11 13:37:39,PK401C9500,PK401C9500,909.5,0.0,0.0,0.0,10,347.5,0.0,0,909.5,0.0,0.0,0.0,0.0,0.0,0
2023-05-11 13:37:40,PK401C9500,PK401C9500,909.5,0.0,0.0,0.0,1,354.0,0.0,0,909.5,0.0,0.0,0.0,0.0,0.0,0
2023-05-11 13:37:40,PK401C9500,PK401C9500,909.5,0.0,0.0,0.0,10,354.5,0.0,0,909.5,0.0,0.0,0.0,0.0,0.0,0
2023-05-11 13:37:41,PK401C9500,PK401C9500,909.5,0.0,0.0,0.0,1,361.0,0.0,0,909.5,0.0,0.0,0.0,0.0,0.0,0
2023-05-11 13:37:41,PK401C9500,PK401C9500,909.5,0.0,0.0,0.0,10,361.5,0.0,0,909.5,0.0,0.0,0.0,0.0,0.0,0
2023-05-11 13:37:42,PK401C9500,PK401C9500,909.5,0.0,0.0,0.0,1,368.0,0.0,0,909.5,0.0,0.0,0.0,0.0,0.0,0
2023-05-11 13:37:42,PK401C9500,PK401C9500,909.5,0.0,0.0,0.0,10,368.5,0.0,0,909.5,0.0,0.0,0.0,0.0,0.0,0
2023-05-11 13:37:43,PK401C9500,PK401C9500,909.5,0.0,0.0,0.0,1,375.0,0.0,0,909.5,0.0,0.0,0.0,0.0,0.0,0
2023-05-11 13:37:57,PK401C9500,PK401C9500,909.5,0.0,0.0,0.0,10,375.5,0.0,0,909.5,0.0,0.0,0.0,0.0,0.0,0
2023-05-11 13:37:58,PK401C9500,PK401C9500,909.5,0.0,0.0,0.0,1,382.0,0.0,0,909.5,0.0,0.0,0.0,0.0,0.0,0
2023-05-11 13:38:54,PK401C9500,PK401C9500,909.5,0.0,0.0,0.0,10,382.5,0.0,0,909.5,0.0,0.0,0.0,0.0,0.0,0
2023-05-11 13:38:56,PK401C9500,PK401C9500,909.5,0.0,0.0,0.0,1,389.0,0.0,0,909.5,0.0,0.0,0.0,0.0,0.0,0
2023-05-11 13:40:04,PK401C9500,PK401C9500,909.5,0.0,0.0,0.0,10,389.5,0.0,0,909.5,0.0,0.0,0.0,0.0,0.0,0
2023-05-11 13:40:05,PK401C9500,PK401C9500,909.5,0.0,0.0,0.0,1,396.0,0.0,0,909.5,0.0,0.0,0.0,0.0,0.0,0
2023-05-11 13:40:06,PK401C9500,PK401C9500,909.5,0.0,0.0,0.0,10,396.5,0.0,0,909.5,0.0,0.0,0.0,0.0,0.0,0
2023-05-11 13:40:06,PK401C9500,PK401C9500,909.5,0.0,0.0,0.0,1,400.0,0.0,0,909.5,0.0,0.0,0.0,0.0,0.0,0
2023-05-11 13:40:07,PK401C9500,PK401C9500,909.5,0.0,0.0,0.0,10,400.5,0.0,0,909.5,0.0,0.0,0.0,0.0,0.0,0
2023-05-11 13:40:07,PK401C9500,PK401C9500,909.5,0.0,0.0,0.0,1,404.0,0.0,0,909.5,0.0,0.0,0.0,0.0,0.0,0
2023-05-11 13:40:28,PK401C9500,PK401C9500,909.5,0.0,0.0,0.0,10,404.5,0.0,0,909.5,0.0,0.0,0.0,0.0,0.0,0
2023-05-11 13:40:28,PK401C9500,PK401C9500,909.5,0.0,0.0,0.0,1,405.0,0.0,0,909.5,0.0,0.0,0.0,0.0,0.0,0
2023-05-11 13:42:15,PK401C9500,PK401C9500,909.5,0.0,0.0,0.0,10,405.5,0.0,0,909.5,0.0,0.0,0.0,0.0,0.0,0
2023-05-11 13:42:16,PK401C9500,PK401C9500,909.5,0.0,0.0,0.0,1,406.0,0.0,0,909.5,0.0,0.0,0.0,0.0,0.0,0
2023-05-11 13:43:30,PK401C9500,PK401C9500,909.5,0.0,0.0,0.0,10,406.5,0.0,0,909.5,0.0,0.0,0.0,0.0,0.0,0
2023-05-11 13:43:31,PK401C9500,PK401C9500,909.5,0.0,0.0,0.0,1,407.0,0.0,0,909.5,0.0,0.0,0.0,0.0,0.0,0
2023-05-11 13:46:21,PK401C9500,PK401C9500,909.5,0.0,0.0,0.0,10,407.5,0.0,0,909.5,0.0,0.0,0.0,0.0,0.0,0
2023-05-11 13:46:21,PK401C9500,PK401C9500,909.5,0.0,0.0,0.0,1,408.0,0.0,0,909.5,0.0,0.0,0.0,0.0,0.0,0
2023-05-11 13:46:22,PK401C9500,PK401C9500,909.5,0.0,0.0,0.0,10,408.5,0.0,0,909.5,0.0,0.0,0.0,0.0,0.0,0
2023-05-11 13:49:06,PK401C9500,PK401C9500,909.5,0.0,0.0,0.0,1,415.0,0.0,0,909.5,0.0,0.0,0.0,0.0,0.0,0
2023-05-11 13:49:06,PK401C9500,PK401C9500,909.5,0.0,0.0,0.0,10,415.5,0.0,0,909.5,0.0,0.0,0.0,0.0,0.0,0
2023-05-11 13:49:07,PK401C9500,PK401C9500,909.5,0.0,0.0,0.0,1,422.0,0.0,0,909.5,0.0,0.0,0.0,0.0,0.0,0
2023-05-11 13:49:29,PK401C9500,PK401C9500,909.5,0.0,0.0,0.0,1,221.0,0.0,0,909.5,0.0,0.0,0.0,0.0,0.0,0
2023-05-11 13:49:29,PK401C9500,PK401C9500,909.5,0.0,0.0,0.0,10,228.0,0.0,0,909.5,0.0,0.0,0.0,0.0,0.0,0
2023-05-11 13:49:30,PK401C9500,PK401C9500,909.5,0.0,0.0,0.0,1,234.5,0.0,0,909.5,0.0,0.0,0.0,0.0,0.0,0
2023-05-11 13:49:45,PK401C9500,PK401C9500,909.5,0.0,0.0,0.0,10,235.0,0.0,0,909.5,0.0,0.0,0.0,0.0,0.0,0
2023-05-11 13:49:46,PK401C9500,PK401C9500,909.5,0.0,0.0,0.0,1,241.5,0.0,0,909.5,0.0,0.0,0.0,0.0,0.0,0
2023-05-11 13:51:26,PK401C9500,PK401C9500,909.5,0.0,0.0,0.0,10,242.0,0.0,0,909.5,0.0,0.0,0.0,0.0,0.0,0
2023-05-11 13:51:27,PK401C9500,PK401C9500,909.5,0.0,0.0,0.0,1,248.5,0.0,0,909.5,0.0,0.0,0.0,0.0,0.0,0
2023-05-11 13:52:33,PK401C9500,PK401C9500,909.5,0.0,0.0,0.0,10,249.0,0.0,0,909.5,0.0,0.0,0.0,0.0,0.0,0
2023-05-11 13:52:34,PK401C9500,PK401C9500,909.5,0.0,0.0,0.0,1,255.5,0.0,0,909.5,0.0,0.0,0.0,0.0,0.0,0
2023-05-11 13:53:45,PK401C9500,PK401C9500,909.5,0.0,0.0,0.0,10,256.0,0.0,0,909.5,0.0,0.0,0.0,0.0,0.0,0
2023-05-11 13:53:46,PK401C9500,PK401C9500,909.5,0.0,0.0,0.0,1,262.5,0.0,0,909.5,0.0,0.0,0.0,0.0,0.0,0
2023-05-11 13:53:48,PK401C9500,PK401C9500,909.5,0.0,0.0,0.0,10,263.0,0.0,0,909.5,0.0,0.0,0.0,0.0,0.0,0
2023-05-11 13:53:49,PK401C9500,PK401C9500,909.5,0.0,0.0,0.0,1,269.5,0.0,0,909.5,0.0,0.0,0.0,0.0,0.0,0
2023-05-11 13:53:50,PK401C9500,PK401C9500,909.5,0.0,0.0,0.0,10,270.0,0.0,0,909.5,0.0,0.0,0.0,0.0,0.0,0
2023-05-11 13:53:51,PK401C9500,PK401C9500,909.5,0.0,0.0,0.0,1,276.5,0.0,0,909.5,0.0,0.0,0.0,0.0,0.0,0
2023-05-11 13:53:52,PK401C9500,PK401C9500,909.5,0.0,0.0,0.0,10,277.0,0.0,0,909.5,0.0,0.0,0.0,0.0,0.0,0
2023-05-11 13:53:53,PK401C9500,PK401C9500,909.5,0.0,0.0,0.0,1,283.5,0.0,0,909.5,0.0,0.0,0.0,0.0,0.0,0
2023-05-11 13:54:51,PK401C9500,PK401C9500,909.5,0.0,0.0,0.0,10,284.0,0.0,0,909.5,0.0,0.0,0.0,0.0,0.0,0
2023-05-11 13:54:52,PK401C9500,PK401C9500,909.5,0.0,0.0,0.0,1,290.5,0.0,0,909.5,0.0,0.0,0.0,0.0,0.0,0
2023-05-11 13:54:53,PK401C9500,PK401C9500,909.5,0.0,0.0,0.0,10,291.0,0.0,0,909.5,0.0,0.0,0.0,0.0,0.0,0
2023-05-11 13:54:54,PK401C9500,PK401C9500,909.5,0.0,0.0,0.0,1,297.5,0.0,0,909.5,0.0,0.0,0.0,0.0,0.0,0
2023-05-11 13:54:54,PK401C9500,PK401C9500,909.5,0.0,0.0,0.0,10,298.0,0.0,0,909.5,0.0,0.0,0.0,0.0,0.0,0
2023-05-11 13:54:55,PK401C9500,PK401C9500,909.5,0.0,0.0,0.0,1,304.5,0.0,0,909.5,0.0,0.0,0.0,0.0,0.0,0
2023-05-11 13:54:55,PK401C9500,PK401C9500,909.5,0.0,0.0,0.0,10,305.0,0.0,0,909.5,0.0,0.0,0.0,0.0,0.0,0
2023-05-11 13:54:56,PK401C9500,PK401C9500,909.5,0.0,0.0,0.0,1,311.5,0.0,0,909.5,0.0,0.0,0.0,0.0,0.0,0
2023-05-11 13:54:58,PK401C9500,PK401C9500,909.5,0.0,0.0,0.0,10,312.0,0.0,0,909.5,0.0,0.0,0.0,0.0,0.0,0
2023-05-11 13:54:59,PK401C9500,PK401C9500,909.5,0.0,0.0,0.0,1,318.5,0.0,0,909.5,0.0,0.0,0.0,0.0,0.0,0
2023-05-11 13:54:59,PK401C9500,PK401C9500,909.5,0.0,0.0,0.0,10,319.0,0.0,0,909.5,0.0,0.0,0.0,0.0,0.0,0
2023-05-11 13:55:00,PK401C9500,PK401C9500,909.5,0.0,0.0,0.0,1,325.5,0.0,0,909.5,0.0,0.0,0.0,0.0,0.0,0
2023-05-11 13:55:00,PK401C9500,PK401C9500,909.5,0.0,0.0,0.0,10,326.0,0.0,0,909.5,0.0,0.0,0.0,0.0,0.0,0
2023-05-11 13:55:01,PK401C9500,PK401C9500,909.5,0.0,0.0,0.0,1,332.5,0.0,0,909.5,0.0,0.0,0.0,0.0,0.0,0
2023-05-11 13:55:02,PK401C9500,PK401C9500,909.5,0.0,0.0,0.0,10,333.0,0.0,0,909.5,0.0,0.0,0.0,0.0,0.0,0
2023-05-11 13:55:03,PK401C9500,PK401C9500,909.5,0.0,0.0,0.0,1,339.5,0.0,0,909.5,0.0,0.0,0.0,0.0,0.0,0
2023-05-11 13:56:51,PK401C9500,PK401C9500,909.5,0.0,0.0,0.0,10,340.0,0.0,0,909.5,0.0,0.0,0.0,0.0,0.0,0
2023-05-11 13:56:53,PK401C9500,PK401C9500,909.5,0.0,0.0,0.0,1,346.5,0.0,0,909.5,0.0,0.0,0.0,0.0,0.0,0
2023-05-11 13:58:33,PK401C9500,PK401C9500,909.5,0.0,0.0,0.0,10,347.0,0.0,0,909.5,0.0,0.0,0.0,0.0,0.0,0
2023-05-11 13:58:35,PK401C9500,PK401C9500,909.5,0.0,0.0,0.0,1,353.5,0.0,0,909.5,0.0,0.0,0.0,0.0,0.0,0
2023-05-11 14:00:48,PK401C9500,PK401C9500,909.5,0.0,0.0,0.0,10,354.0,0.0,0,909.5,0.0,0.0,0.0,0.0,0.0,0
2023-05-11 14:00:48,PK401C9500,PK401C9500,909.5,0.0,0.0,0.0,1,360.5,0.0,0,909.5,0.0,0.0,0.0,0.0,0.0,0
2023-05-11 14:00:49,PK401C9500,PK401C9500,909.5,0.0,0.0,0.0,10,361.0,0.0,0,909.5,0.0,0.0,0.0,0.0,0.0,0
2023-05-11 14:00:50,PK401C9500,PK401C9500,909.5,0.0,0.0,0.0,1,367.5,0.0,0,909.5,0.0,0.0,0.0,0.0,0.0,0
2023-05-11 14:01:56,PK401C9500,PK401C9500,909.5,0.0,0.0,0.0,10,368.0,0.0,0,909.5,0.0,0.0,0.0,0.0,0.0,0
2023-05-11 14:01:57,PK401C9500,PK401C9500,909.5,0.0,0.0,0.0,1,374.5,0.0,0,909.5,0.0,0.0,0.0,0.0,0.0,0
2023-05-11 14:02:17,PK401C9500,PK401C9500,909.5,0.0,0.0,0.0,10,375.0,0.0,0,909.5,0.0,0.0,0.0,0.0,0.0,0
2023-05-11 14:02:18,PK401C9500,PK401C9500,909.5,0.0,0.0,0.0,1,381.5,0.0,0,909.5,0.0,0.0,0.0,0.0,0.0,0
2023-05-11 14:03:38,PK401C9500,PK401C9500,909.5,0.0,0.0,0.0,10,382.0,0.0,0,909.5,0.0,0.0,0.0,0.0,0.0,0
2023-05-11 14:03:39,PK401C9500,PK401C9500,909.5,0.0,0.0,0.0,1,388.5,0.0,0,909.5,0.0,0.0,0.0,0.0,0.0,0
2023-05-11 14:03:39,PK401C9500,PK401C9500,909.5,0.0,0.0,0.0,10,389.0,0.0,0,909.5,0.0,0.0,0.0,0.0,0.0,0
2023-05-11 14:03:40,PK401C9500,PK401C9500,909.5,0.0,0.0,0.0,1,395.5,0.0,0,909.5,0.0,0.0,0.0,0.0,0.0,0
2023-05-11 14:03:40,PK401C9500,PK401C9500,909.5,0.0,0.0,0.0,10,396.0,0.0,0,909.5,0.0,0.0,0.0,0.0,0.0,0
2023-05-11 14:03:41,PK401C9500,PK401C9500,909.5,0.0,0.0,0.0,1,402.5,0.0,0,909.5,0.0,0.0,0.0,0.0,0.0,0
2023-05-11 14:03:41,PK401C9500,PK401C9500,909.5,0.0,0.0,0.0,10,403.0,0.0,0,909.5,0.0,0.0,0.0,0.0,0.0,0
2023-05-11 14:03:42,PK401C9500,PK401C9500,909.5,0.0,0.0,0.0,1,406.5,0.0,0,909.5,0.0,0.0,0.0,0.0,0.0,0
2023-05-11 14:03:42,PK401C9500,PK401C9500,909.5,0.0,0.0,0.0,10,407.0,0.0,0,909.5,0.0,0.0,0.0,0.0,0.0,0
2023-05-11 14:03:43,PK401C9500,PK401C9500,909.5,0.0,0.0,0.0,1,407.5,0.0,0,909.5,0.0,0.0,0.0,0.0,0.0,0
2023-05-11 14:03:43,PK401C9500,PK401C9500,909.5,0.0,0.0,0.0,10,408.0,0.0,0,909.5,0.0,0.0,0.0,0.0,0.0,0
2023-05-11 14:03:44,PK401C9500,PK401C9500,909.5,0.0,0.0,0.0,1,408.5,0.0,0,909.5,0.0,0.0,0.0,0.0,0.0,0
2023-05-11 14:03:45,PK401C9500,PK401C9500,909.5,0.0,0.0,0.0,10,409.0,0.0,0,909.5,0.0,0.0,0.0,0.0,0.0,0
2023-05-11 14:03:45,PK401C9500,PK401C9500,909.5,0.0,0.0,0.0,1,409.5,0.0,0,909.5,0.0,0.0,0.0,0.0,0.0,0
2023-05-11 14:08:14,PK401C9500,PK401C9500,909.5,0.0,0.0,0.0,10,410.0,0.0,0,909.5,0.0,0.0,0.0,0.0,0.0,0
2023-05-11 14:08:15,PK401C9500,PK401C9500,909.5,0.0,0.0,0.0,1,413.5,0.0,0,909.5,0.0,0.0,0.0,0.0,0.0,0
2023-05-11 14:08:41,PK401C9500,PK401C9500,909.5,0.0,0.0,0.0,1,221.0,0.0,0,909.5,0.0,0.0,0.0,0.0,0.0,0
2023-05-11 14:08:42,PK401C9500,PK401C9500,909.5,0.0,0.0,0.0,1,417.0,0.0,0,909.5,0.0,0.0,0.0,0.0,0.0,0
2023-05-11 14:08:42,PK401C9500,PK401C9500,909.5,0.0,0.0,0.0,10,417.5,0.0,0,909.5,0.0,0.0,0.0,0.0,0.0,0
2023-05-11 14:41:21,PK401C9500,PK401C9500,909.5,0.0,0.0,0.0,1,424.0,0.0,0,909.5,0.0,0.0,0.0,0.0,0.0,0
2023-05-11 14:41:23,PK401C9500,PK401C9500,909.5,0.0,0.0,0.0,6,768.5,829.5,6,909.5,0.0,0.0,0.0,0.0,0.0,0
2023-05-11 14:41:23,PK401C9500,PK401C9500,909.5,0.0,0.0,0.0,9,768.5,829.5,9,909.5,0.0,0.0,0.0,0.0,0.0,0
2023-05-11 14:41:24,PK401C9500,PK401C9500,909.5,0.0,0.0,0.0,12,768.5,829.5,12,909.5,0.0,0.0,0.0,0.0,0.0,0
2023-05-11 14:41:24,PK401C9500,PK401C9500,909.5,0.0,0.0,0.0,9,768.5,829.5,9,909.5,0.0,0.0,0.0,0.0,0.0,0
2023-05-11 14:41:25,PK401C9500,PK401C9500,909.5,0.0,0.0,0.0,12,768.5,828.0,3,909.5,0.0,0.0,0.0,0.0,0.0,0
2023-05-11 14:41:29,PK401C9500,PK401C9500,909.5,0.0,0.0,0.0,15,768.5,817.0,3,909.5,0.0,0.0,0.0,0.0,0.0,0
2023-05-11 14:41:29,PK401C9500,PK401C9500,909.5,0.0,0.0,0.0,12,768.5,817.0,6,909.5,0.0,0.0,0.0,0.0,0.0,0
2023-05-11 14:41:30,PK401C9500,PK401C9500,909.5,0.0,0.0,0.0,18,768.5,817.0,12,909.5,0.0,0.0,0.0,0.0,0.0,0
2023-05-11 14:41:33,PK401C9500,PK401C9500,909.5,0.0,0.0,0.0,21,768.5,817.0,15,909.5,0.0,0.0,0.0,0.0,0.0,0
2023-05-11 14:41:34,PK401C9500,PK401C9500,909.5,0.0,0.0,0.0,21,768.5,814.5,3,909.5,0.0,0.0,0.0,0.0,0.0,0
2023-05-11 14:41:38,PK401C9500,PK401C9500,909.5,0.0,0.0,0.0,18,768.5,814.5,3,909.5,0.0,0.0,0.0,0.0,0.0,0
2023-05-11 14:41:40,PK401C9500,PK401C9500,909.5,0.0,0.0,0.0,15,768.5,814.5,3,909.5,0.0,0.0,0.0,0.0,0.0,0
2023-05-11 14:41:41,PK401C9500,PK401C9500,909.5,0.0,0.0,0.0,12,768.5,814.5,3,909.5,0.0,0.0,0.0,0.0,0.0,0
2023-05-11 14:41:42,PK401C9500,PK401C9500,909.5,0.0,0.0,0.0,6,768.5,814.5,3,909.5,0.0,0.0,0.0,0.0,0.0,0
2023-05-11 14:41:43,PK401C9500,PK401C9500,909.5,0.0,0.0,0.0,3,768.5,814.5,3,909.5,0.0,0.0,0.0,0.0,0.0,0
2023-05-11 14:41:45,PK401C9500,PK401C9500,909.5,0.0,0.0,0.0,3,768.5,817.0,3,909.5,0.0,0.0,0.0,0.0,0.0,0
2023-05-11 14:41:46,PK401C9500,PK401C9500,909.5,0.0,0.0,0.0,1,221.0,0.0,0,909.5,0.0,0.0,0.0,0.0,0.0,0
2023-05-11 14:41:46,PK401C9500,PK401C9500,909.5,0.0,0.0,0.0,1,227.5,0.0,0,909.5,0.0,0.0,0.0,0.0,0.0,0
2023-05-11 14:42:55,PK401C9500,PK401C9500,909.5,0.0,0.0,0.0,10,228.0,0.0,0,909.5,0.0,0.0,0.0,0.0,0.0,0
2023-05-11 14:42:56,PK401C9500,PK401C9500,909.5,0.0,0.0,0.0,1,234.5,0.0,0,909.5,0.0,0.0,0.0,0.0,0.0,0
2023-05-11 14:43:08,PK401C9500,PK401C9500,909.5,0.0,0.0,0.0,10,235.0,0.0,0,909.5,0.0,0.0,0.0,0.0,0.0,0
2023-05-11 14:43:08,PK401C9500,PK401C9500,909.5,0.0,0.0,0.0,1,241.5,0.0,0,909.5,0.0,0.0,0.0,0.0,0.0,0
2023-05-11 14:43:09,PK401C9500,PK401C9500,909.5,0.0,0.0,0.0,10,242.0,0.0,0,909.5,0.0,0.0,0.0,0.0,0.0,0
2023-05-11 14:43:10,PK401C9500,PK401C9500,909.5,0.0,0.0,0.0,1,248.5,0.0,0,909.5,0.0,0.0,0.0,0.0,0.0,0
2023-05-11 14:43:11,PK401C9500,PK401C9500,909.5,0.0,0.0,0.0,10,249.0,0.0,0,909.5,0.0,0.0,0.0,0.0,0.0,0
2023-05-11 14:43:12,PK401C9500,PK401C9500,909.5,0.0,0.0,0.0,1,255.5,0.0,0,909.5,0.0,0.0,0.0,0.0,0.0,0
2023-05-11 14:44:00,PK401C9500,PK401C9500,909.5,0.0,0.0,0.0,10,256.0,0.0,0,909.5,0.0,0.0,0.0,0.0,0.0,0
2023-05-11 14:44:01,PK401C9500,PK401C9500,909.5,0.0,0.0,0.0,1,262.5,0.0,0,909.5,0.0,0.0,0.0,0.0,0.0,0
2023-05-11 14:44:02,PK401C9500,PK401C9500,909.5,0.0,0.0,0.0,10,263.0,0.0,0,909.5,0.0,0.0,0.0,0.0,0.0,0
2023-05-11 14:44:03,PK401C9500,PK401C9500,909.5,0.0,0.0,0.0,1,269.5,0.0,0,909.5,0.0,0.0,0.0,0.0,0.0,0
2023-05-11 14:44:03,PK401C9500,PK401C9500,909.5,0.0,0.0,0.0,10,270.0,0.0,0,909.5,0.0,0.0,0.0,0.0,0.0,0
2023-05-11 14:44:04,PK401C9500,PK401C9500,909.5,0.0,0.0,0.0,1,276.5,0.0,0,909.5,0.0,0.0,0.0,0.0,0.0,0
2023-05-11 14:46:38,PK401C9500,PK401C9500,909.5,0.0,0.0,0.0,10,277.0,0.0,0,909.5,0.0,0.0,0.0,0.0,0.0,0
2023-05-11 14:46:40,PK401C9500,PK401C9500,909.5,0.0,0.0,0.0,1,283.5,0.0,0,909.5,0.0,0.0,0.0,0.0,0.0,0
2023-05-11 14:46:40,PK401C9500,PK401C9500,909.5,0.0,0.0,0.0,10,284.0,0.0,0,909.5,0.0,0.0,0.0,0.0,0.0,0
2023-05-11 14:46:41,PK401C9500,PK401C9500,909.5,0.0,0.0,0.0,1,290.5,0.0,0,909.5,0.0,0.0,0.0,0.0,0.0,0
2023-05-11 14:46:42,PK401C9500,PK401C9500,909.5,0.0,0.0,0.0,10,291.0,0.0,0,909.5,0.0,0.0,0.0,0.0,0.0,0
2023-05-11 14:46:43,PK401C9500,PK401C9500,909.5,0.0,0.0,0.0,1,297.5,0.0,0,909.5,0.0,0.0,0.0,0.0,0.0,0
2023-05-11 14:46:43,PK401C9500,PK401C9500,909.5,0.0,0.0,0.0,10,298.0,0.0,0,909.5,0.0,0.0,0.0,0.0,0.0,0
2023-05-11 14:46:44,PK401C9500,PK401C9500,909.5,0.0,0.0,0.0,1,304.5,0.0,0,909.5,0.0,0.0,0.0,0.0,0.0,0
2023-05-11 14:46:45,PK401C9500,PK401C9500,909.5,0.0,0.0,0.0,10,305.0,0.0,0,909.5,0.0,0.0,0.0,0.0,0.0,0
2023-05-11 14:46:45,PK401C9500,PK401C9500,909.5,0.0,0.0,0.0,1,311.5,0.0,0,909.5,0.0,0.0,0.0,0.0,0.0,0
2023-05-11 14:46:46,PK401C9500,PK401C9500,909.5,0.0,0.0,0.0,10,312.0,0.0,0,909.5,0.0,0.0,0.0,0.0,0.0,0
2023-05-11 14:46:47,PK401C9500,PK401C9500,909.5,0.0,0.0,0.0,1,318.5,0.0,0,909.5,0.0,0.0,0.0,0.0,0.0,0
2023-05-11 14:46:47,PK401C9500,PK401C9500,909.5,0.0,0.0,0.0,10,319.0,0.0,0,909.5,0.0,0.0,0.0,0.0,0.0,0
2023-05-11 14:46:48,PK401C9500,PK401C9500,909.5,0.0,0.0,0.0,1,325.5,0.0,0,909.5,0.0,0.0,0.0,0.0,0.0,0
2023-05-11 14:46:48,PK401C9500,PK401C9500,909.5,0.0,0.0,0.0,10,326.0,0.0,0,909.5,0.0,0.0,0.0,0.0,0.0,0
2023-05-11 14:46:49,PK401C9500,PK401C9500,909.5,0.0,0.0,0.0,1,332.5,0.0,0,909.5,0.0,0.0,0.0,0.0,0.0,0
2023-05-11 14:46:49,PK401C9500,PK401C9500,909.5,0.0,0.0,0.0,10,333.0,0.0,0,909.5,0.0,0.0,0.0,0.0,0.0,0
2023-05-11 14:46:50,PK401C9500,PK401C9500,909.5,0.0,0.0,0.0,1,339.5,0.0,0,909.5,0.0,0.0,0.0,0.0,0.0,0
2023-05-11 14:46:50,PK401C9500,PK401C9500,909.5,0.0,0.0,0.0,10,340.0,0.0,0,909.5,0.0,0.0,0.0,0.0,0.0,0
2023-05-11 14:46:51,PK401C9500,PK401C9500,909.5,0.0,0.0,0.0,1,346.5,0.0,0,909.5,0.0,0.0,0.0,0.0,0.0,0
2023-05-11 14:47:05,PK401C9500,PK401C9500,909.5,0.0,0.0,0.0,10,347.0,0.0,0,909.5,0.0,0.0,0.0,0.0,0.0,0
2023-05-11 14:47:07,PK401C9500,PK401C9500,909.5,0.0,0.0,0.0,1,353.5,0.0,0,909.5,0.0,0.0,0.0,0.0,0.0,0
2023-05-11 14:47:07,PK401C9500,PK401C9500,909.5,0.0,0.0,0.0,10,354.0,0.0,0,909.5,0.0,0.0,0.0,0.0,0.0,0
2023-05-11 14:47:09,PK401C9500,PK401C9500,909.5,0.0,0.0,0.0,10,361.0,0.0,0,909.5,0.0,0.0,0.0,0.0,0.0,0
2023-05-11 14:47:10,PK401C9500,PK401C9500,909.5,0.0,0.0,0.0,1,367.5,0.0,0,909.5,0.0,0.0,0.0,0.0,0.0,0
2023-05-11 14:47:10,PK401C9500,PK401C9500,909.5,0.0,0.0,0.0,10,368.0,0.0,0,909.5,0.0,0.0,0.0,0.0,0.0,0
2023-05-11 14:47:11,PK401C9500,PK401C9500,909.5,0.0,0.0,0.0,1,374.5,0.0,0,909.5,0.0,0.0,0.0,0.0,0.0,0
2023-05-11 14:47:11,PK401C9500,PK401C9500,909.5,0.0,0.0,0.0,10,375.0,0.0,0,909.5,0.0,0.0,0.0,0.0,0.0,0
2023-05-11 14:47:13,PK401C9500,PK401C9500,909.5,0.0,0.0,0.0,1,381.5,0.0,0,909.5,0.0,0.0,0.0,0.0,0.0,0
2023-05-11 14:47:13,PK401C9500,PK401C9500,909.5,0.0,0.0,0.0,10,382.0,0.0,0,909.5,0.0,0.0,0.0,0.0,0.0,0
2023-05-11 14:47:14,PK401C9500,PK401C9500,909.5,0.0,0.0,0.0,1,388.5,0.0,0,909.5,0.0,0.0,0.0,0.0,0.0,0
2023-05-11 14:47:29,PK401C9500,PK401C9500,909.5,0.0,0.0,0.0,10,389.0,0.0,0,909.5,0.0,0.0,0.0,0.0,0.0,0
2023-05-11 14:47:31,PK401C9500,PK401C9500,909.5,0.0,0.0,0.0,1,395.5,0.0,0,909.5,0.0,0.0,0.0,0.0,0.0,0
2023-05-11 14:47:31,PK401C9500,PK401C9500,909.5,0.0,0.0,0.0,10,396.0,0.0,0,909.5,0.0,0.0,0.0,0.0,0.0,0
2023-05-11 14:47:32,PK401C9500,PK401C9500,909.5,0.0,0.0,0.0,1,402.5,0.0,0,909.5,0.0,0.0,0.0,0.0,0.0,0
2023-05-11 14:47:33,PK401C9500,PK401C9500,909.5,0.0,0.0,0.0,10,403.0,0.0,0,909.5,0.0,0.0,0.0,0.0,0.0,0
2023-05-11 14:47:34,PK401C9500,PK401C9500,909.5,0.0,0.0,0.0,1,406.5,0.0,0,909.5,0.0,0.0,0.0,0.0,0.0,0
2023-05-11 14:47:35,PK401C9500,PK401C9500,909.5,0.0,0.0,0.0,10,407.0,0.0,0,909.5,0.0,0.0,0.0,0.0,0.0,0
2023-05-11 14:47:35,PK401C9500,PK401C9500,909.5,0.0,0.0,0.0,1,410.5,0.0,0,909.5,0.0,0.0,0.0,0.0,0.0,0
2023-05-11 14:47:36,PK401C9500,PK401C9500,909.5,0.0,0.0,0.0,10,411.0,0.0,0,909.5,0.0,0.0,0.0,0.0,0.0,0
2023-05-11 14:47:37,PK401C9500,PK401C9500,909.5,0.0,0.0,0.0,1,411.5,0.0,0,909.5,0.0,0.0,0.0,0.0,0.0,0
2023-05-11 14:49:05,PK401C9500,PK401C9500,909.5,0.0,0.0,0.0,10,412.0,0.0,0,909.5,0.0,0.0,0.0,0.0,0.0,0
2023-05-11 14:49:06,PK401C9500,PK401C9500,909.5,0.0,0.0,0.0,1,412.5,0.0,0,909.5,0.0,0.0,0.0,0.0,0.0,0
2023-05-11 14:49:06,PK401C9500,PK401C9500,909.5,0.0,0.0,0.0,10,413.0,0.0,0,909.5,0.0,0.0,0.0,0.0,0.0,0
2023-05-11 14:49:07,PK401C9500,PK401C9500,909.5,0.0,0.0,0.0,1,413.5,0.0,0,909.5,0.0,0.0,0.0,0.0,0.0,0
2023-05-11 14:49:44,PK401C9500,PK401C9500,909.5,0.0,0.0,0.0,10,414.0,0.0,0,909.5,0.0,0.0,0.0,0.0,0.0,0
2023-05-11 14:49:45,PK401C9500,PK401C9500,909.5,0.0,0.0,0.0,1,414.5,0.0,0,909.5,0.0,0.0,0.0,0.0,0.0,0
2023-05-11 14:50:15,PK401C9500,PK401C9500,909.5,0.0,0.0,0.0,10,415.0,0.0,0,909.5,0.0,0.0,0.0,0.0,0.0,0
2023-05-11 14:59:03,PK401C9500,PK401C9500,909.5,0.0,0.0,0.0,1,221.0,0.0,0,909.5,0.0,0.0,0.0,0.0,0.0,0
2023-05-11 14:59:06,PK401C9500,PK401C9500,909.5,0.0,0.0,0.0,1,227.5,0.0,0,909.5,0.0,0.0,0.0,0.0,0.0,0
2023-05-11 14:59:45,PK401C9500,PK401C9500,909.5,0.0,0.0,0.0,10,228.0,0.0,0,909.5,0.0,0.0,0.0,0.0,0.0,0
2023-05-11 14:59:54,PK401C9500,PK401C9500,909.5,0.0,0.0,0.0,1,227.5,0.0,0,909.5,0.0,0.0,0.0,0.0,0.0,0
