time,symbol_id,symbol_name,last,trade_volume,trade_amount,open_interest_change,bv1,bp1,ap1,av1,yesterday_close,today_open,today_high,today_low,volume,amount,open_interest
2023-05-11 14:41:23,PK401C9200,PK401C9200,1117.0,0.0,0.0,0.0,6,955.0,1019.0,6,1117.0,0.0,0.0,0.0,0.0,0.0,0
2023-05-11 14:41:23,PK401C9200,PK401C9200,1117.0,0.0,0.0,0.0,9,955.0,1019.0,9,1117.0,0.0,0.0,0.0,0.0,0.0,0
2023-05-11 14:41:24,PK401C9200,PK401C9200,1117.0,0.0,0.0,0.0,12,955.0,1019.0,12,1117.0,0.0,0.0,0.0,0.0,0.0,0
2023-05-11 14:41:24,PK401C9200,PK401C9200,1117.0,0.0,0.0,0.0,9,955.0,1019.0,9,1117.0,0.0,0.0,0.0,0.0,0.0,0
2023-05-11 14:41:25,PK401C9200,PK401C9200,1117.0,0.0,0.0,0.0,12,955.0,1014.0,3,1117.0,0.0,0.0,0.0,0.0,0.0,0
2023-05-11 14:41:25,PK401C9200,PK401C9200,1117.0,0.0,0.0,0.0,12,955.0,1014.0,6,1117.0,0.0,0.0,0.0,0.0,0.0,0
2023-05-11 14:41:29,PK401C9200,PK401C9200,1117.0,0.0,0.0,0.0,15,955.0,1009.0,3,1117.0,0.0,0.0,0.0,0.0,0.0,0
2023-05-11 14:41:29,PK401C9200,PK401C9200,1117.0,0.0,0.0,0.0,12,955.0,1009.0,3,1117.0,0.0,0.0,0.0,0.0,0.0,0
2023-05-11 14:41:30,PK401C9200,PK401C9200,1117.0,0.0,0.0,0.0,18,955.0,1009.0,9,1117.0,0.0,0.0,0.0,0.0,0.0,0
2023-05-11 14:41:33,PK401C9200,PK401C9200,1117.0,0.0,0.0,0.0,21,955.0,1009.0,12,1117.0,0.0,0.0,0.0,0.0,0.0,0
2023-05-11 14:41:35,PK401C9200,PK401C9200,1117.0,0.0,0.0,0.0,21,955.0,1009.0,15,1117.0,0.0,0.0,0.0,0.0,0.0,0
2023-05-11 14:41:38,PK401C9200,PK401C9200,1117.0,0.0,0.0,0.0,18,955.0,1009.0,15,1117.0,0.0,0.0,0.0,0.0,0.0,0
2023-05-11 14:41:40,PK401C9200,PK401C9200,1117.0,0.0,0.0,0.0,15,955.0,1009.0,12,1117.0,0.0,0.0,0.0,0.0,0.0,0
2023-05-11 14:41:41,PK401C9200,PK401C9200,1117.0,0.0,0.0,0.0,12,955.0,1009.0,9,1117.0,0.0,0.0,0.0,0.0,0.0,0
2023-05-11 14:41:42,PK401C9200,PK401C9200,1117.0,0.0,0.0,0.0,6,955.0,1009.0,6,1117.0,0.0,0.0,0.0,0.0,0.0,0
2023-05-11 14:41:43,PK401C9200,PK401C9200,1117.0,0.0,0.0,0.0,3,955.0,1009.0,3,1117.0,0.0,0.0,0.0,0.0,0.0,0
2023-05-11 14:41:46,PK401C9200,PK401C9200,1117.0,0.0,0.0,0.0,0,0.0,0.0,0,1117.0,0.0,0.0,0.0,0.0,0.0,0
2023-05-11 14:41:46,PK401C9200,PK401C9200,1117.0,0.0,0.0,0.0,10,411.0,1823.0,10,1117.0,0.0,0.0,0.0,0.0,0.0,0
2023-05-11 14:41:47,PK401C9200,PK401C9200,1117.0,0.0,0.0,0.0,1,412.5,1821.5,1,1117.0,0.0,0.0,0.0,0.0,0.0,0
2023-05-11 14:41:48,PK401C9200,PK401C9200,1117.0,0.0,0.0,0.0,10,413.0,1821.0,10,1117.0,0.0,0.0,0.0,0.0,0.0,0
2023-05-11 14:41:48,PK401C9200,PK401C9200,1117.0,0.0,0.0,0.0,1,414.5,1819.5,1,1117.0,0.0,0.0,0.0,0.0,0.0,0
2023-05-11 14:41:49,PK401C9200,PK401C9200,1117.0,0.0,0.0,0.0,10,415.0,1819.0,10,1117.0,0.0,0.0,0.0,0.0,0.0,0
2023-05-11 14:41:49,PK401C9200,PK401C9200,1117.0,0.0,0.0,0.0,1,416.5,1817.5,1,1117.0,0.0,0.0,0.0,0.0,0.0,0
2023-05-11 14:42:55,PK401C9200,PK401C9200,1117.0,0.0,0.0,0.0,10,417.0,1817.0,10,1117.0,0.0,0.0,0.0,0.0,0.0,0
2023-05-11 14:42:55,PK401C9200,PK401C9200,1117.0,0.0,0.0,0.0,1,418.5,1815.5,1,1117.0,0.0,0.0,0.0,0.0,0.0,0
2023-05-11 14:42:56,PK401C9200,PK401C9200,1117.0,0.0,0.0,0.0,10,419.0,1815.0,10,1117.0,0.0,0.0,0.0,0.0,0.0,0
2023-05-11 14:42:56,PK401C9200,PK401C9200,1117.0,0.0,0.0,0.0,1,420.5,1813.5,1,1117.0,0.0,0.0,0.0,0.0,0.0,0
2023-05-11 14:42:57,PK401C9200,PK401C9200,1117.0,0.0,0.0,0.0,10,421.0,1813.0,10,1117.0,0.0,0.0,0.0,0.0,0.0,0
2023-05-11 14:42:57,PK401C9200,PK401C9200,1117.0,0.0,0.0,0.0,1,422.5,1811.5,1,1117.0,0.0,0.0,0.0,0.0,0.0,0
2023-05-11 14:42:58,PK401C9200,PK401C9200,1117.0,0.0,0.0,0.0,10,423.0,1811.0,10,1117.0,0.0,0.0,0.0,0.0,0.0,0
2023-05-11 14:42:59,PK401C9200,PK401C9200,1117.0,0.0,0.0,0.0,1,424.5,1809.5,1,1117.0,0.0,0.0,0.0,0.0,0.0,0
2023-05-11 14:42:59,PK401C9200,PK401C9200,1117.0,0.0,0.0,0.0,10,425.0,1809.0,10,1117.0,0.0,0.0,0.0,0.0,0.0,0
2023-05-11 14:42:59,PK401C9200,PK401C9200,1117.0,0.0,0.0,0.0,1,426.5,1807.5,1,1117.0,0.0,0.0,0.0,0.0,0.0,0
2023-05-11 14:43:00,PK401C9200,PK401C9200,1117.0,0.0,0.0,0.0,10,427.0,1807.0,10,1117.0,0.0,0.0,0.0,0.0,0.0,0
2023-05-11 14:43:00,PK401C9200,PK401C9200,1117.0,0.0,0.0,0.0,1,428.5,1805.5,1,1117.0,0.0,0.0,0.0,0.0,0.0,0
2023-05-11 14:43:08,PK401C9200,PK401C9200,1117.0,0.0,0.0,0.0,10,429.0,1805.0,10,1117.0,0.0,0.0,0.0,0.0,0.0,0
2023-05-11 14:43:08,PK401C9200,PK401C9200,1117.0,0.0,0.0,0.0,1,430.5,1803.5,1,1117.0,0.0,0.0,0.0,0.0,0.0,0
2023-05-11 14:43:09,PK401C9200,PK401C9200,1117.0,0.0,0.0,0.0,10,431.0,1803.0,10,1117.0,0.0,0.0,0.0,0.0,0.0,0
2023-05-11 14:43:10,PK401C9200,PK401C9200,1117.0,0.0,0.0,0.0,1,432.5,1801.5,1,1117.0,0.0,0.0,0.0,0.0,0.0,0
2023-05-11 14:43:10,PK401C9200,PK401C9200,1117.0,0.0,0.0,0.0,10,433.0,1801.0,10,1117.0,0.0,0.0,0.0,0.0,0.0,0
2023-05-11 14:43:11,PK401C9200,PK401C9200,1117.0,0.0,0.0,0.0,1,434.5,1799.5,1,1117.0,0.0,0.0,0.0,0.0,0.0,0
2023-05-11 14:44:00,PK401C9200,PK401C9200,1117.0,0.0,0.0,0.0,10,435.0,1799.0,10,1117.0,0.0,0.0,0.0,0.0,0.0,0
2023-05-11 14:44:00,PK401C9200,PK401C9200,1117.0,0.0,0.0,0.0,1,436.5,1797.5,1,1117.0,0.0,0.0,0.0,0.0,0.0,0
2023-05-11 14:44:01,PK401C9200,PK401C9200,1117.0,0.0,0.0,0.0,10,437.0,1797.0,10,1117.0,0.0,0.0,0.0,0.0,0.0,0
2023-05-11 14:44:01,PK401C9200,PK401C9200,1117.0,0.0,0.0,0.0,1,438.5,1795.5,1,1117.0,0.0,0.0,0.0,0.0,0.0,0
2023-05-11 14:44:02,PK401C9200,PK401C9200,1117.0,0.0,0.0,0.0,10,439.0,1795.0,10,1117.0,0.0,0.0,0.0,0.0,0.0,0
2023-05-11 14:44:02,PK401C9200,PK401C9200,1117.0,0.0,0.0,0.0,1,440.5,1793.5,1,1117.0,0.0,0.0,0.0,0.0,0.0,0
2023-05-11 14:44:03,PK401C9200,PK401C9200,1117.0,0.0,0.0,0.0,10,441.0,1793.0,10,1117.0,0.0,0.0,0.0,0.0,0.0,0
2023-05-11 14:44:04,PK401C9200,PK401C9200,1117.0,0.0,0.0,0.0,1,442.5,1791.5,1,1117.0,0.0,0.0,0.0,0.0,0.0,0
2023-05-11 14:46:38,PK401C9200,PK401C9200,1117.0,0.0,0.0,0.0,10,443.0,1791.0,10,1117.0,0.0,0.0,0.0,0.0,0.0,0
2023-05-11 14:46:39,PK401C9200,PK401C9200,1117.0,0.0,0.0,0.0,1,444.5,1789.5,1,1117.0,0.0,0.0,0.0,0.0,0.0,0
2023-05-11 14:46:39,PK401C9200,PK401C9200,1117.0,0.0,0.0,0.0,10,445.0,1789.0,10,1117.0,0.0,0.0,0.0,0.0,0.0,0
2023-05-11 14:46:40,PK401C9200,PK401C9200,1117.0,0.0,0.0,0.0,1,446.5,1787.5,1,1117.0,0.0,0.0,0.0,0.0,0.0,0
2023-05-11 14:46:40,PK401C9200,PK401C9200,1117.0,0.0,0.0,0.0,10,447.0,1787.0,10,1117.0,0.0,0.0,0.0,0.0,0.0,0
2023-05-11 14:46:41,PK401C9200,PK401C9200,1117.0,0.0,0.0,0.0,1,448.5,1785.5,1,1117.0,0.0,0.0,0.0,0.0,0.0,0
2023-05-11 14:46:42,PK401C9200,PK401C9200,1117.0,0.0,0.0,0.0,10,449.0,1785.0,10,1117.0,0.0,0.0,0.0,0.0,0.0,0
2023-05-11 14:46:42,PK401C9200,PK401C9200,1117.0,0.0,0.0,0.0,1,450.5,1783.5,1,1117.0,0.0,0.0,0.0,0.0,0.0,0
2023-05-11 14:46:42,PK401C9200,PK401C9200,1117.0,0.0,0.0,0.0,10,451.0,1783.0,10,1117.0,0.0,0.0,0.0,0.0,0.0,0
2023-05-11 14:46:43,PK401C9200,PK401C9200,1117.0,0.0,0.0,0.0,1,452.5,1781.5,1,1117.0,0.0,0.0,0.0,0.0,0.0,0
2023-05-11 14:46:43,PK401C9200,PK401C9200,1117.0,0.0,0.0,0.0,10,453.0,1781.0,10,1117.0,0.0,0.0,0.0,0.0,0.0,0
2023-05-11 14:46:44,PK401C9200,PK401C9200,1117.0,0.0,0.0,0.0,1,454.5,1779.5,1,1117.0,0.0,0.0,0.0,0.0,0.0,0
2023-05-11 14:46:45,PK401C9200,PK401C9200,1117.0,0.0,0.0,0.0,10,455.0,1779.0,10,1117.0,0.0,0.0,0.0,0.0,0.0,0
2023-05-11 14:46:45,PK401C9200,PK401C9200,1117.0,0.0,0.0,0.0,1,456.5,1777.5,1,1117.0,0.0,0.0,0.0,0.0,0.0,0
2023-05-11 14:47:05,PK401C9200,PK401C9200,1117.0,0.0,0.0,0.0,10,457.0,1777.0,10,1117.0,0.0,0.0,0.0,0.0,0.0,0
2023-05-11 14:47:06,PK401C9200,PK401C9200,1117.0,0.0,0.0,0.0,1,458.5,1775.5,1,1117.0,0.0,0.0,0.0,0.0,0.0,0
2023-05-11 14:47:06,PK401C9200,PK401C9200,1117.0,0.0,0.0,0.0,10,459.0,1775.0,10,1117.0,0.0,0.0,0.0,0.0,0.0,0
2023-05-11 14:47:07,PK401C9200,PK401C9200,1117.0,0.0,0.0,0.0,1,460.5,1773.5,1,1117.0,0.0,0.0,0.0,0.0,0.0,0
2023-05-11 14:47:07,PK401C9200,PK401C9200,1117.0,0.0,0.0,0.0,10,461.0,1773.0,10,1117.0,0.0,0.0,0.0,0.0,0.0,0
2023-05-11 14:47:08,PK401C9200,PK401C9200,1117.0,0.0,0.0,0.0,1,462.5,1771.5,1,1117.0,0.0,0.0,0.0,0.0,0.0,0
2023-05-11 14:47:08,PK401C9200,PK401C9200,1117.0,0.0,0.0,0.0,10,463.0,1771.0,10,1117.0,0.0,0.0,0.0,0.0,0.0,0
2023-05-11 14:47:08,PK401C9200,PK401C9200,1117.0,0.0,0.0,0.0,1,462.5,1771.5,1,1117.0,0.0,0.0,0.0,0.0,0.0,0
2023-05-11 14:47:08,PK401C9200,PK401C9200,1117.0,0.0,0.0,0.0,10,463.0,1771.0,10,1117.0,0.0,0.0,0.0,0.0,0.0,0
2023-05-11 14:47:09,PK401C9200,PK401C9200,1117.0,0.0,0.0,0.0,10,465.0,1769.0,10,1117.0,0.0,0.0,0.0,0.0,0.0,0
2023-05-11 14:47:09,PK401C9200,PK401C9200,1117.0,0.0,0.0,0.0,1,466.5,1767.5,1,1117.0,0.0,0.0,0.0,0.0,0.0,0
2023-05-11 14:47:09,PK401C9200,PK401C9200,1117.0,0.0,0.0,0.0,10,467.0,1767.0,10,1117.0,0.0,0.0,0.0,0.0,0.0,0
2023-05-11 14:47:10,PK401C9200,PK401C9200,1117.0,0.0,0.0,0.0,1,468.5,1765.5,1,1117.0,0.0,0.0,0.0,0.0,0.0,0
2023-05-11 14:47:10,PK401C9200,PK401C9200,1117.0,0.0,0.0,0.0,10,469.0,1765.0,10,1117.0,0.0,0.0,0.0,0.0,0.0,0
2023-05-11 14:47:11,PK401C9200,PK401C9200,1117.0,0.0,0.0,0.0,1,470.5,1765.0,10,1117.0,0.0,0.0,0.0,0.0,0.0,0
2023-05-11 14:47:11,PK401C9200,PK401C9200,1117.0,0.0,0.0,0.0,10,471.0,1765.0,10,1117.0,0.0,0.0,0.0,0.0,0.0,0
2023-05-11 14:47:12,PK401C9200,PK401C9200,1117.0,0.0,0.0,0.0,1,472.5,1765.0,10,1117.0,0.0,0.0,0.0,0.0,0.0,0
2023-05-11 14:47:13,PK401C9200,PK401C9200,1117.0,0.0,0.0,0.0,10,473.0,1763.5,1,1117.0,0.0,0.0,0.0,0.0,0.0,0
2023-05-11 14:47:13,PK401C9200,PK401C9200,1117.0,0.0,0.0,0.0,10,473.0,1763.0,10,1117.0,0.0,0.0,0.0,0.0,0.0,0
2023-05-11 14:47:14,PK401C9200,PK401C9200,1117.0,0.0,0.0,0.0,10,473.0,1761.5,1,1117.0,0.0,0.0,0.0,0.0,0.0,0
2023-05-11 14:47:14,PK401C9200,PK401C9200,1117.0,0.0,0.0,0.0,10,473.0,1761.0,10,1117.0,0.0,0.0,0.0,0.0,0.0,0
2023-05-11 14:47:15,PK401C9200,PK401C9200,1117.0,0.0,0.0,0.0,1,474.5,1759.5,1,1117.0,0.0,0.0,0.0,0.0,0.0,0
2023-05-11 14:47:29,PK401C9200,PK401C9200,1117.0,0.0,0.0,0.0,10,475.0,1759.0,10,1117.0,0.0,0.0,0.0,0.0,0.0,0
2023-05-11 14:47:30,PK401C9200,PK401C9200,1117.0,0.0,0.0,0.0,1,476.5,1757.5,1,1117.0,0.0,0.0,0.0,0.0,0.0,0
2023-05-11 14:47:31,PK401C9200,PK401C9200,1117.0,0.0,0.0,0.0,10,477.0,1757.0,10,1117.0,0.0,0.0,0.0,0.0,0.0,0
2023-05-11 14:47:31,PK401C9200,PK401C9200,1117.0,0.0,0.0,0.0,1,478.5,1755.5,1,1117.0,0.0,0.0,0.0,0.0,0.0,0
2023-05-11 14:47:31,PK401C9200,PK401C9200,1117.0,0.0,0.0,0.0,10,479.0,1755.0,10,1117.0,0.0,0.0,0.0,0.0,0.0,0
2023-05-11 14:47:32,PK401C9200,PK401C9200,1117.0,0.0,0.0,0.0,1,480.5,1753.5,1,1117.0,0.0,0.0,0.0,0.0,0.0,0
2023-05-11 14:47:33,PK401C9200,PK401C9200,1117.0,0.0,0.0,0.0,10,481.0,1753.0,10,1117.0,0.0,0.0,0.0,0.0,0.0,0
2023-05-11 14:47:34,PK401C9200,PK401C9200,1117.0,0.0,0.0,0.0,1,482.5,1751.5,1,1117.0,0.0,0.0,0.0,0.0,0.0,0
2023-05-11 14:47:35,PK401C9200,PK401C9200,1117.0,0.0,0.0,0.0,10,483.0,1751.0,10,1117.0,0.0,0.0,0.0,0.0,0.0,0
2023-05-11 14:47:35,PK401C9200,PK401C9200,1117.0,0.0,0.0,0.0,1,484.5,1749.5,1,1117.0,0.0,0.0,0.0,0.0,0.0,0
2023-05-11 14:49:05,PK401C9200,PK401C9200,1117.0,0.0,0.0,0.0,10,485.0,1749.0,10,1117.0,0.0,0.0,0.0,0.0,0.0,0
2023-05-11 14:49:05,PK401C9200,PK401C9200,1117.0,0.0,0.0,0.0,1,486.5,1747.5,1,1117.0,0.0,0.0,0.0,0.0,0.0,0
2023-05-11 14:49:44,PK401C9200,PK401C9200,1117.0,0.0,0.0,0.0,10,487.0,1747.0,10,1117.0,0.0,0.0,0.0,0.0,0.0,0
2023-05-11 14:49:45,PK401C9200,PK401C9200,1117.0,0.0,0.0,0.0,10,489.0,1745.0,10,1117.0,0.0,0.0,0.0,0.0,0.0,0
2023-05-11 14:49:45,PK401C9200,PK401C9200,1117.0,0.0,0.0,0.0,1,490.5,1743.5,1,1117.0,0.0,0.0,0.0,0.0,0.0,0
2023-05-11 14:49:46,PK401C9200,PK401C9200,1117.0,0.0,0.0,0.0,10,491.0,1743.0,10,1117.0,0.0,0.0,0.0,0.0,0.0,0
2023-05-11 14:49:46,PK401C9200,PK401C9200,1117.0,0.0,0.0,0.0,1,492.5,1741.5,1,1117.0,0.0,0.0,0.0,0.0,0.0,0
2023-05-11 14:49:46,PK401C9200,PK401C9200,1117.0,0.0,0.0,0.0,10,493.0,1741.0,10,1117.0,0.0,0.0,0.0,0.0,0.0,0
2023-05-11 14:49:47,PK401C9200,PK401C9200,1117.0,0.0,0.0,0.0,1,494.5,1739.5,1,1117.0,0.0,0.0,0.0,0.0,0.0,0
2023-05-11 14:50:15,PK401C9200,PK401C9200,1117.0,0.0,0.0,0.0,10,495.0,1739.0,10,1117.0,0.0,0.0,0.0,0.0,0.0,0
2023-05-11 14:50:15,PK401C9200,PK401C9200,1117.0,0.0,0.0,0.0,1,496.5,1737.5,1,1117.0,0.0,0.0,0.0,0.0,0.0,0
2023-05-11 14:50:17,PK401C9200,PK401C9200,1117.0,0.0,0.0,0.0,10,497.0,1737.0,10,1117.0,0.0,0.0,0.0,0.0,0.0,0
2023-05-11 14:50:18,PK401C9200,PK401C9200,1117.0,0.0,0.0,0.0,10,499.0,1735.0,10,1117.0,0.0,0.0,0.0,0.0,0.0,0
2023-05-11 14:50:18,PK401C9200,PK401C9200,1117.0,0.0,0.0,0.0,1,500.5,1733.5,1,1117.0,0.0,0.0,0.0,0.0,0.0,0
2023-05-11 14:50:19,PK401C9200,PK401C9200,1117.0,0.0,0.0,0.0,10,501.0,1733.0,10,1117.0,0.0,0.0,0.0,0.0,0.0,0
2023-05-11 14:50:19,PK401C9200,PK401C9200,1117.0,0.0,0.0,0.0,1,502.5,1731.5,1,1117.0,0.0,0.0,0.0,0.0,0.0,0
2023-05-11 14:50:19,PK401C9200,PK401C9200,1117.0,0.0,0.0,0.0,10,503.0,1731.0,10,1117.0,0.0,0.0,0.0,0.0,0.0,0
2023-05-11 14:50:20,PK401C9200,PK401C9200,1117.0,0.0,0.0,0.0,1,504.5,1729.5,1,1117.0,0.0,0.0,0.0,0.0,0.0,0
2023-05-11 14:50:21,PK401C9200,PK401C9200,1117.0,0.0,0.0,0.0,10,505.0,1729.0,10,1117.0,0.0,0.0,0.0,0.0,0.0,0
2023-05-11 14:50:21,PK401C9200,PK401C9200,1117.0,0.0,0.0,0.0,1,506.5,1727.5,1,1117.0,0.0,0.0,0.0,0.0,0.0,0
2023-05-11 14:51:47,PK401C9200,PK401C9200,1117.0,0.0,0.0,0.0,10,507.0,1727.0,10,1117.0,0.0,0.0,0.0,0.0,0.0,0
2023-05-11 14:51:48,PK401C9200,PK401C9200,1117.0,0.0,0.0,0.0,1,508.5,1725.5,1,1117.0,0.0,0.0,0.0,0.0,0.0,0
2023-05-11 14:51:48,PK401C9200,PK401C9200,1117.0,0.0,0.0,0.0,10,509.0,1725.0,10,1117.0,0.0,0.0,0.0,0.0,0.0,0
2023-05-11 14:51:49,PK401C9200,PK401C9200,1117.0,0.0,0.0,0.0,1,510.5,1723.5,1,1117.0,0.0,0.0,0.0,0.0,0.0,0
2023-05-11 14:51:49,PK401C9200,PK401C9200,1117.0,0.0,0.0,0.0,10,511.0,1723.0,10,1117.0,0.0,0.0,0.0,0.0,0.0,0
2023-05-11 14:51:50,PK401C9200,PK401C9200,1117.0,0.0,0.0,0.0,1,512.5,1721.5,1,1117.0,0.0,0.0,0.0,0.0,0.0,0
2023-05-11 14:51:50,PK401C9200,PK401C9200,1117.0,0.0,0.0,0.0,10,513.0,1721.0,10,1117.0,0.0,0.0,0.0,0.0,0.0,0
2023-05-11 14:51:51,PK401C9200,PK401C9200,1117.0,0.0,0.0,0.0,1,514.5,1719.5,1,1117.0,0.0,0.0,0.0,0.0,0.0,0
2023-05-11 14:51:52,PK401C9200,PK401C9200,1117.0,0.0,0.0,0.0,10,515.0,1719.0,10,1117.0,0.0,0.0,0.0,0.0,0.0,0
2023-05-11 14:51:52,PK401C9200,PK401C9200,1117.0,0.0,0.0,0.0,1,516.5,1717.5,1,1117.0,0.0,0.0,0.0,0.0,0.0,0
2023-05-11 14:51:53,PK401C9200,PK401C9200,1117.0,0.0,0.0,0.0,10,517.0,1717.0,10,1117.0,0.0,0.0,0.0,0.0,0.0,0
2023-05-11 14:51:53,PK401C9200,PK401C9200,1117.0,0.0,0.0,0.0,1,518.5,1715.5,1,1117.0,0.0,0.0,0.0,0.0,0.0,0
2023-05-11 14:51:54,PK401C9200,PK401C9200,1117.0,0.0,0.0,0.0,10,519.0,1715.0,10,1117.0,0.0,0.0,0.0,0.0,0.0,0
2023-05-11 14:51:54,PK401C9200,PK401C9200,1117.0,0.0,0.0,0.0,1,520.5,1713.5,1,1117.0,0.0,0.0,0.0,0.0,0.0,0
2023-05-11 14:51:55,PK401C9200,PK401C9200,1117.0,0.0,0.0,0.0,10,521.0,1713.0,10,1117.0,0.0,0.0,0.0,0.0,0.0,0
2023-05-11 14:51:55,PK401C9200,PK401C9200,1117.0,0.0,0.0,0.0,1,522.5,1711.5,1,1117.0,0.0,0.0,0.0,0.0,0.0,0
2023-05-11 14:53:49,PK401C9200,PK401C9200,1117.0,0.0,0.0,0.0,10,523.0,1711.0,10,1117.0,0.0,0.0,0.0,0.0,0.0,0
2023-05-11 14:53:49,PK401C9200,PK401C9200,1117.0,0.0,0.0,0.0,1,524.5,1709.5,1,1117.0,0.0,0.0,0.0,0.0,0.0,0
2023-05-11 14:53:50,PK401C9200,PK401C9200,1117.0,0.0,0.0,0.0,10,525.0,1709.0,10,1117.0,0.0,0.0,0.0,0.0,0.0,0
2023-05-11 14:53:50,PK401C9200,PK401C9200,1117.0,0.0,0.0,0.0,1,526.5,1707.5,1,1117.0,0.0,0.0,0.0,0.0,0.0,0
2023-05-11 14:53:51,PK401C9200,PK401C9200,1117.0,0.0,0.0,0.0,10,527.0,1707.0,10,1117.0,0.0,0.0,0.0,0.0,0.0,0
2023-05-11 14:53:51,PK401C9200,PK401C9200,1117.0,0.0,0.0,0.0,1,528.5,1705.5,1,1117.0,0.0,0.0,0.0,0.0,0.0,0
2023-05-11 14:54:08,PK401C9200,PK401C9200,1117.0,0.0,0.0,0.0,10,529.0,1705.0,10,1117.0,0.0,0.0,0.0,0.0,0.0,0
2023-05-11 14:54:09,PK401C9200,PK401C9200,1117.0,0.0,0.0,0.0,1,530.5,1703.5,1,1117.0,0.0,0.0,0.0,0.0,0.0,0
2023-05-11 14:54:10,PK401C9200,PK401C9200,1117.0,0.0,0.0,0.0,10,531.0,1703.0,10,1117.0,0.0,0.0,0.0,0.0,0.0,0
2023-05-11 14:54:10,PK401C9200,PK401C9200,1117.0,0.0,0.0,0.0,1,532.5,1701.5,1,1117.0,0.0,0.0,0.0,0.0,0.0,0
2023-05-11 14:54:29,PK401C9200,PK401C9200,1117.0,0.0,0.0,0.0,10,533.0,1701.0,10,1117.0,0.0,0.0,0.0,0.0,0.0,0
2023-05-11 14:54:29,PK401C9200,PK401C9200,1117.0,0.0,0.0,0.0,1,534.5,1699.5,1,1117.0,0.0,0.0,0.0,0.0,0.0,0
2023-05-11 14:54:36,PK401C9200,PK401C9200,1117.0,0.0,0.0,0.0,10,535.0,1699.0,10,1117.0,0.0,0.0,0.0,0.0,0.0,0
2023-05-11 14:54:36,PK401C9200,PK401C9200,1117.0,0.0,0.0,0.0,1,536.5,1697.5,1,1117.0,0.0,0.0,0.0,0.0,0.0,0
2023-05-11 14:55:06,PK401C9200,PK401C9200,1117.0,0.0,0.0,0.0,10,537.0,1697.0,10,1117.0,0.0,0.0,0.0,0.0,0.0,0
2023-05-11 14:55:06,PK401C9200,PK401C9200,1117.0,0.0,0.0,0.0,1,538.5,1695.5,1,1117.0,0.0,0.0,0.0,0.0,0.0,0
2023-05-11 14:55:08,PK401C9200,PK401C9200,1117.0,0.0,0.0,0.0,10,539.0,1695.0,10,1117.0,0.0,0.0,0.0,0.0,0.0,0
2023-05-11 14:55:08,PK401C9200,PK401C9200,1117.0,0.0,0.0,0.0,1,540.5,1693.5,1,1117.0,0.0,0.0,0.0,0.0,0.0,0
2023-05-11 14:55:42,PK401C9200,PK401C9200,1117.0,0.0,0.0,0.0,10,541.0,1693.0,10,1117.0,0.0,0.0,0.0,0.0,0.0,0
2023-05-11 14:55:42,PK401C9200,PK401C9200,1117.0,0.0,0.0,0.0,1,542.5,1691.5,1,1117.0,0.0,0.0,0.0,0.0,0.0,0
2023-05-11 14:55:42,PK401C9200,PK401C9200,1117.0,0.0,0.0,0.0,10,543.0,1691.0,10,1117.0,0.0,0.0,0.0,0.0,0.0,0
2023-05-11 14:55:43,PK401C9200,PK401C9200,1117.0,0.0,0.0,0.0,1,544.5,1689.5,1,1117.0,0.0,0.0,0.0,0.0,0.0,0
2023-05-11 14:55:43,PK401C9200,PK401C9200,1117.0,0.0,0.0,0.0,10,545.0,1689.0,10,1117.0,0.0,0.0,0.0,0.0,0.0,0
2023-05-11 14:55:44,PK401C9200,PK401C9200,1117.0,0.0,0.0,0.0,1,546.5,1687.5,1,1117.0,0.0,0.0,0.0,0.0,0.0,0
2023-05-11 14:55:44,PK401C9200,PK401C9200,1117.0,0.0,0.0,0.0,10,547.0,1687.0,10,1117.0,0.0,0.0,0.0,0.0,0.0,0
2023-05-11 14:55:45,PK401C9200,PK401C9200,1117.0,0.0,0.0,0.0,1,548.5,1685.5,1,1117.0,0.0,0.0,0.0,0.0,0.0,0
2023-05-11 14:55:45,PK401C9200,PK401C9200,1117.0,0.0,0.0,0.0,10,549.0,1685.0,10,1117.0,0.0,0.0,0.0,0.0,0.0,0
2023-05-11 14:55:46,PK401C9200,PK401C9200,1117.0,0.0,0.0,0.0,1,550.5,1683.5,1,1117.0,0.0,0.0,0.0,0.0,0.0,0
2023-05-11 14:56:08,PK401C9200,PK401C9200,1117.0,0.0,0.0,0.0,10,551.0,1683.0,10,1117.0,0.0,0.0,0.0,0.0,0.0,0
2023-05-11 14:56:08,PK401C9200,PK401C9200,1117.0,0.0,0.0,0.0,1,552.5,1681.5,1,1117.0,0.0,0.0,0.0,0.0,0.0,0
2023-05-11 14:56:33,PK401C9200,PK401C9200,1117.0,0.0,0.0,0.0,10,553.0,1681.0,10,1117.0,0.0,0.0,0.0,0.0,0.0,0
2023-05-11 14:56:33,PK401C9200,PK401C9200,1117.0,0.0,0.0,0.0,1,554.5,1679.5,1,1117.0,0.0,0.0,0.0,0.0,0.0,0
2023-05-11 14:59:45,PK401C9200,PK401C9200,1117.0,0.0,0.0,0.0,10,555.0,1679.0,10,1117.0,0.0,0.0,0.0,0.0,0.0,0
2023-05-11 14:59:54,PK401C9200,PK401C9200,1117.0,0.0,0.0,0.0,0,0.0,0.0,0,1117.0,0.0,0.0,0.0,0.0,0.0,0
