time,symbol_id,symbol_name,last,trade_volume,trade_amount,open_interest_change,bv1,bp1,ap1,av1,yesterday_close,today_open,today_high,today_low,volume,amount,open_interest
2023-05-09 19:10:58,FG2403,FG403,1527.0,0.0,0.0,0.0,0,0.0,0.0,0,1527.0,1528.0,0.0,0.0,0.0,0.0,3268
2023-05-09 20:59:00,FG2403,FG403,1527.0,0.0,0.0,0.0,1,1528.0,1531.0,5,1527.0,1528.0,0.0,0.0,0.0,0.0,3268
2023-05-09 21:00:01,FG2403,FG403,1528.0,1.0,1528.0,1.0,1,1527.0,1531.0,5,1527.0,1528.0,1528.0,1528.0,1.0,1528.0,3269
2023-05-09 21:00:02,FG2403,FG403,1528.0,0.0,0.0,0.0,1,1529.0,1531.0,5,1527.0,1528.0,1528.0,1528.0,1.0,1528.0,3269
2023-05-09 21:00:03,FG2403,FG403,1531.0,1.0,1532.0,0.0,1,1529.0,1531.0,4,1527.0,1528.0,1531.0,1528.0,2.0,3060.0,3269
2023-05-09 21:00:05,FG2403,FG403,1531.0,1.0,1530.0,0.0,2,1528.0,1531.0,3,1527.0,1528.0,1531.0,1528.0,3.0,4590.0,3269
2023-05-09 21:00:05,FG2403,FG403,1531.0,0.0,0.0,0.0,1,1529.0,1531.0,3,1527.0,1528.0,1531.0,1528.0,3.0,4590.0,3269
2023-05-09 21:00:05,FG2403,FG403,1531.0,0.0,0.0,0.0,1,1529.0,1531.0,9,1527.0,1528.0,1531.0,1528.0,3.0,4590.0,3269
2023-05-09 21:00:06,FG2403,FG403,1531.0,0.0,0.0,0.0,1,1530.0,1531.0,9,1527.0,1528.0,1531.0,1528.0,3.0,4590.0,3269
2023-05-09 21:00:06,FG2403,FG403,1531.0,1.0,1530.0,-1.0,1,1530.0,1531.0,8,1527.0,1528.0,1531.0,1528.0,4.0,6120.0,3268
2023-05-09 21:00:07,FG2403,FG403,1531.0,0.0,0.0,0.0,2,1530.0,1531.0,8,1527.0,1528.0,1531.0,1528.0,4.0,6120.0,3268
2023-05-09 21:00:08,FG2403,FG403,1530.0,10.0,15314.0,-7.0,1,1529.0,1530.0,1,1527.0,1528.0,1531.0,1528.0,14.0,21434.0,3261
2023-05-09 21:00:08,FG2403,FG403,1530.0,1.0,1531.0,-1.0,2,1530.0,1531.0,1,1527.0,1528.0,1531.0,1528.0,15.0,22965.0,3260
2023-05-09 21:00:08,FG2403,FG403,1531.0,1.0,1531.0,-1.0,3,1530.0,1535.0,1,1527.0,1528.0,1531.0,1528.0,16.0,24496.0,3259
2023-05-09 21:00:09,FG2403,FG403,1531.0,0.0,0.0,0.0,3,1530.0,1536.0,1,1527.0,1528.0,1531.0,1528.0,16.0,24496.0,3259
2023-05-09 21:00:09,FG2403,FG403,1531.0,0.0,0.0,0.0,1,1531.0,1536.0,1,1527.0,1528.0,1531.0,1528.0,16.0,24496.0,3259
2023-05-09 21:00:10,FG2403,FG403,1531.0,0.0,0.0,0.0,2,1532.0,1537.0,2,1527.0,1528.0,1531.0,1528.0,16.0,24496.0,3259
2023-05-09 21:00:10,FG2403,FG403,1531.0,0.0,0.0,0.0,2,1532.0,1536.0,1,1527.0,1528.0,1531.0,1528.0,16.0,24496.0,3259
2023-05-09 21:00:11,FG2403,FG403,1531.0,0.0,0.0,0.0,2,1532.0,1534.0,1,1527.0,1528.0,1531.0,1528.0,16.0,24496.0,3259
2023-05-09 21:00:12,FG2403,FG403,1531.0,0.0,0.0,0.0,2,1532.0,1533.0,1,1527.0,1528.0,1531.0,1528.0,16.0,24496.0,3259
2023-05-09 21:00:20,FG2403,FG403,1531.0,0.0,0.0,0.0,1,1529.0,1533.0,2,1527.0,1528.0,1531.0,1528.0,16.0,24496.0,3259
2023-05-09 21:00:20,FG2403,FG403,1531.0,0.0,0.0,0.0,2,1530.0,1533.0,1,1527.0,1528.0,1531.0,1528.0,16.0,24496.0,3259
2023-05-09 21:00:21,FG2403,FG403,1531.0,0.0,0.0,0.0,3,1530.0,1533.0,1,1527.0,1528.0,1531.0,1528.0,16.0,24496.0,3259
2023-05-09 21:00:23,FG2403,FG403,1531.0,0.0,0.0,0.0,2,1530.0,1533.0,2,1527.0,1528.0,1531.0,1528.0,16.0,24496.0,3259
2023-05-09 21:00:24,FG2403,FG403,1531.0,0.0,0.0,0.0,2,1530.0,1533.0,1,1527.0,1528.0,1531.0,1528.0,16.0,24496.0,3259
2023-05-09 21:00:25,FG2403,FG403,1531.0,0.0,0.0,0.0,3,1530.0,1533.0,2,1527.0,1528.0,1531.0,1528.0,16.0,24496.0,3259
2023-05-09 21:00:25,FG2403,FG403,1531.0,0.0,0.0,0.0,2,1530.0,1533.0,2,1527.0,1528.0,1531.0,1528.0,16.0,24496.0,3259
2023-05-09 21:00:25,FG2403,FG403,1531.0,0.0,0.0,0.0,2,1530.0,1533.0,3,1527.0,1528.0,1531.0,1528.0,16.0,24496.0,3259
2023-05-09 21:00:30,FG2403,FG403,1531.0,0.0,0.0,0.0,3,1530.0,1533.0,3,1527.0,1528.0,1531.0,1528.0,16.0,24496.0,3259
2023-05-09 21:00:32,FG2403,FG403,1531.0,0.0,0.0,0.0,2,1530.0,1533.0,3,1527.0,1528.0,1531.0,1528.0,16.0,24496.0,3259
2023-05-09 21:00:34,FG2403,FG403,1531.0,0.0,0.0,0.0,2,1530.0,1532.0,1,1527.0,1528.0,1531.0,1528.0,16.0,24496.0,3259
2023-05-09 21:00:34,FG2403,FG403,1531.0,0.0,0.0,0.0,2,1530.0,1533.0,3,1527.0,1528.0,1531.0,1528.0,16.0,24496.0,3259
2023-05-09 21:00:35,FG2403,FG403,1531.0,0.0,0.0,0.0,2,1530.0,1532.0,1,1527.0,1528.0,1531.0,1528.0,16.0,24496.0,3259
2023-05-09 21:00:38,FG2403,FG403,1531.0,0.0,0.0,0.0,2,1530.0,1531.0,1,1527.0,1528.0,1531.0,1528.0,16.0,24496.0,3259
2023-05-09 21:00:38,FG2403,FG403,1531.0,0.0,0.0,0.0,2,1529.0,1532.0,1,1527.0,1528.0,1531.0,1528.0,16.0,24496.0,3259
2023-05-09 21:00:39,FG2403,FG403,1531.0,0.0,0.0,0.0,3,1529.0,1532.0,1,1527.0,1528.0,1531.0,1528.0,16.0,24496.0,3259
2023-05-09 21:00:44,FG2403,FG403,1531.0,0.0,0.0,0.0,3,1529.0,1531.0,1,1527.0,1528.0,1531.0,1528.0,16.0,24496.0,3259
2023-05-09 21:00:46,FG2403,FG403,1531.0,1.0,1531.0,0.0,1,1531.0,1532.0,2,1527.0,1528.0,1531.0,1528.0,17.0,26027.0,3259
2023-05-09 21:00:47,FG2403,FG403,1531.0,1.0,1531.0,1.0,3,1529.0,1532.0,2,1527.0,1528.0,1531.0,1528.0,18.0,27558.0,3260
2023-05-09 21:00:50,FG2403,FG403,1531.0,0.0,0.0,0.0,3,1529.0,1532.0,1,1527.0,1528.0,1531.0,1528.0,18.0,27558.0,3260
2023-05-09 21:00:51,FG2403,FG403,1531.0,0.0,0.0,0.0,3,1529.0,1532.0,2,1527.0,1528.0,1531.0,1528.0,18.0,27558.0,3260
2023-05-09 21:00:52,FG2403,FG403,1531.0,0.0,0.0,0.0,3,1529.0,1532.0,1,1527.0,1528.0,1531.0,1528.0,18.0,27558.0,3260
2023-05-09 21:00:55,FG2403,FG403,1531.0,0.0,0.0,0.0,3,1529.0,1532.0,2,1527.0,1528.0,1531.0,1528.0,18.0,27558.0,3260
2023-05-09 21:00:55,FG2403,FG403,1531.0,0.0,0.0,0.0,1,1530.0,1532.0,1,1527.0,1528.0,1531.0,1528.0,18.0,27558.0,3260
2023-05-09 21:00:56,FG2403,FG403,1531.0,1.0,1531.0,0.0,1,1531.0,1532.0,1,1527.0,1528.0,1531.0,1528.0,19.0,29089.0,3260
2023-05-09 21:00:59,FG2403,FG403,1532.0,1.0,1531.0,0.0,1,1531.0,1533.0,2,1527.0,1528.0,1532.0,1528.0,20.0,30620.0,3260
2023-05-09 21:01:00,FG2403,FG403,1532.0,0.0,0.0,0.0,2,1531.0,1533.0,1,1527.0,1528.0,1532.0,1528.0,20.0,30620.0,3260
2023-05-09 21:01:00,FG2403,FG403,1532.0,0.0,0.0,0.0,1,1531.0,1533.0,1,1527.0,1528.0,1532.0,1528.0,20.0,30620.0,3260
2023-05-09 21:01:01,FG2403,FG403,1532.0,0.0,0.0,0.0,1,1532.0,1533.0,1,1527.0,1528.0,1532.0,1528.0,20.0,30620.0,3260
2023-05-09 21:01:02,FG2403,FG403,1533.0,1.0,1531.0,-1.0,1,1532.0,1535.0,1,1527.0,1528.0,1533.0,1528.0,21.0,32151.0,3259
2023-05-09 21:01:02,FG2403,FG403,1533.0,0.0,0.0,0.0,1,1532.0,1536.0,53,1527.0,1528.0,1533.0,1528.0,21.0,32151.0,3259
2023-05-09 21:01:04,FG2403,FG403,1536.0,1.0,1531.0,0.0,1,1533.0,1536.0,53,1527.0,1528.0,1536.0,1528.0,22.0,33682.0,3259
2023-05-09 21:01:05,FG2403,FG403,1536.0,0.0,0.0,0.0,1,1533.0,1536.0,54,1527.0,1528.0,1536.0,1528.0,22.0,33682.0,3259
2023-05-09 21:01:05,FG2403,FG403,1536.0,0.0,0.0,0.0,1,1532.0,1536.0,54,1527.0,1528.0,1536.0,1528.0,22.0,33682.0,3259
2023-05-09 21:01:07,FG2403,FG403,1536.0,0.0,0.0,0.0,1,1532.0,1535.0,1,1527.0,1528.0,1536.0,1528.0,22.0,33682.0,3259
2023-05-09 21:01:07,FG2403,FG403,1536.0,0.0,0.0,0.0,1,1532.0,1535.0,2,1527.0,1528.0,1536.0,1528.0,22.0,33682.0,3259
2023-05-09 21:01:08,FG2403,FG403,1536.0,0.0,0.0,0.0,1,1531.0,1535.0,2,1527.0,1528.0,1536.0,1528.0,22.0,33682.0,3259
2023-05-09 21:01:08,FG2403,FG403,1536.0,0.0,0.0,0.0,1,1532.0,1535.0,2,1527.0,1528.0,1536.0,1528.0,22.0,33682.0,3259
2023-05-09 21:01:10,FG2403,FG403,1536.0,0.0,0.0,0.0,1,1534.0,1535.0,2,1527.0,1528.0,1536.0,1528.0,22.0,33682.0,3259
2023-05-09 21:01:12,FG2403,FG403,1534.0,1.0,1531.0,1.0,1,1531.0,1535.0,1,1527.0,1528.0,1536.0,1528.0,23.0,35213.0,3260
2023-05-09 21:01:13,FG2403,FG403,1534.0,0.0,0.0,0.0,1,1531.0,1535.0,2,1527.0,1528.0,1536.0,1528.0,23.0,35213.0,3260
2023-05-09 21:01:13,FG2403,FG403,1534.0,0.0,0.0,0.0,1,1531.0,1534.0,1,1527.0,1528.0,1536.0,1528.0,23.0,35213.0,3260
2023-05-09 21:01:14,FG2403,FG403,1534.0,0.0,0.0,0.0,3,1531.0,1534.0,1,1527.0,1528.0,1536.0,1528.0,23.0,35213.0,3260
2023-05-09 21:01:15,FG2403,FG403,1534.0,0.0,0.0,0.0,2,1531.0,1534.0,1,1527.0,1528.0,1536.0,1528.0,23.0,35213.0,3260
2023-05-09 21:01:16,FG2403,FG403,1534.0,0.0,0.0,0.0,3,1531.0,1534.0,1,1527.0,1528.0,1536.0,1528.0,23.0,35213.0,3260
2023-05-09 21:01:17,FG2403,FG403,1534.0,0.0,0.0,0.0,53,1531.0,1534.0,1,1527.0,1528.0,1536.0,1528.0,23.0,35213.0,3260
2023-05-09 21:01:18,FG2403,FG403,1534.0,0.0,0.0,0.0,53,1531.0,1535.0,1,1527.0,1528.0,1536.0,1528.0,23.0,35213.0,3260
2023-05-09 21:01:19,FG2403,FG403,1534.0,0.0,0.0,0.0,53,1531.0,1535.0,2,1527.0,1528.0,1536.0,1528.0,23.0,35213.0,3260
2023-05-09 21:01:19,FG2403,FG403,1534.0,0.0,0.0,0.0,53,1531.0,1534.0,1,1527.0,1528.0,1536.0,1528.0,23.0,35213.0,3260
2023-05-09 21:01:20,FG2403,FG403,1534.0,0.0,0.0,0.0,52,1531.0,1534.0,1,1527.0,1528.0,1536.0,1528.0,23.0,35213.0,3260
2023-05-09 21:01:20,FG2403,FG403,1534.0,0.0,0.0,0.0,52,1531.0,1534.0,2,1527.0,1528.0,1536.0,1528.0,23.0,35213.0,3260
2023-05-09 21:01:21,FG2403,FG403,1534.0,0.0,0.0,0.0,52,1531.0,1533.0,1,1527.0,1528.0,1536.0,1528.0,23.0,35213.0,3260
2023-05-09 21:01:23,FG2403,FG403,1534.0,0.0,0.0,0.0,1,1532.0,1533.0,1,1527.0,1528.0,1536.0,1528.0,23.0,35213.0,3260
2023-05-09 21:01:23,FG2403,FG403,1532.0,1.0,1531.0,1.0,52,1531.0,1533.0,1,1527.0,1528.0,1536.0,1528.0,24.0,36744.0,3261
2023-05-09 21:01:24,FG2403,FG403,1532.0,0.0,0.0,0.0,52,1531.0,1533.0,2,1527.0,1528.0,1536.0,1528.0,24.0,36744.0,3261
2023-05-09 21:01:25,FG2403,FG403,1532.0,0.0,0.0,0.0,50,1531.0,1532.0,1,1527.0,1528.0,1536.0,1528.0,24.0,36744.0,3261
2023-05-09 21:01:25,FG2403,FG403,1532.0,0.0,0.0,0.0,50,1531.0,1532.0,2,1527.0,1528.0,1536.0,1528.0,24.0,36744.0,3261
2023-05-09 21:01:26,FG2403,FG403,1531.0,2.0,3062.0,2.0,48,1531.0,1532.0,1,1527.0,1528.0,1536.0,1528.0,26.0,39806.0,3263
2023-05-09 21:01:27,FG2403,FG403,1531.0,1.0,1531.0,1.0,47,1531.0,1532.0,2,1527.0,1528.0,1536.0,1528.0,27.0,41337.0,3264
2023-05-09 21:01:27,FG2403,FG403,1531.0,1.0,1531.0,1.0,46,1531.0,1532.0,2,1527.0,1528.0,1536.0,1528.0,28.0,42868.0,3265
2023-05-09 21:01:29,FG2403,FG403,1532.0,1.0,1531.0,1.0,46,1531.0,1532.0,1,1527.0,1528.0,1536.0,1528.0,29.0,44399.0,3266
2023-05-09 21:01:29,FG2403,FG403,1532.0,0.0,0.0,0.0,1,1532.0,1533.0,1,1527.0,1528.0,1536.0,1528.0,29.0,44399.0,3266
2023-05-09 21:01:32,FG2403,FG403,1532.0,1.0,1531.0,0.0,46,1531.0,1533.0,1,1527.0,1528.0,1536.0,1528.0,30.0,45930.0,3266
2023-05-09 21:01:33,FG2403,FG403,1532.0,0.0,0.0,0.0,47,1531.0,1533.0,1,1527.0,1528.0,1536.0,1528.0,30.0,45930.0,3266
2023-05-09 21:01:34,FG2403,FG403,1532.0,0.0,0.0,0.0,46,1531.0,1533.0,1,1527.0,1528.0,1536.0,1528.0,30.0,45930.0,3266
2023-05-09 21:01:34,FG2403,FG403,1532.0,0.0,0.0,0.0,47,1531.0,1533.0,1,1527.0,1528.0,1536.0,1528.0,30.0,45930.0,3266
2023-05-09 21:01:40,FG2403,FG403,1532.0,0.0,0.0,0.0,1,1532.0,1535.0,2,1527.0,1528.0,1536.0,1528.0,30.0,45930.0,3266
2023-05-09 21:01:40,FG2403,FG403,1532.0,0.0,0.0,0.0,1,1532.0,1534.0,1,1527.0,1528.0,1536.0,1528.0,30.0,45930.0,3266
2023-05-09 21:01:41,FG2403,FG403,1532.0,0.0,0.0,0.0,47,1531.0,1534.0,2,1527.0,1528.0,1536.0,1528.0,30.0,45930.0,3266
2023-05-09 21:01:42,FG2403,FG403,1532.0,0.0,0.0,0.0,47,1531.0,1534.0,1,1527.0,1528.0,1536.0,1528.0,30.0,45930.0,3266
2023-05-09 21:01:43,FG2403,FG403,1532.0,0.0,0.0,0.0,47,1531.0,1534.0,2,1527.0,1528.0,1536.0,1528.0,30.0,45930.0,3266
2023-05-09 21:01:43,FG2403,FG403,1532.0,0.0,0.0,0.0,47,1531.0,1534.0,1,1527.0,1528.0,1536.0,1528.0,30.0,45930.0,3266
2023-05-09 21:01:44,FG2403,FG403,1532.0,0.0,0.0,0.0,47,1531.0,1534.0,2,1527.0,1528.0,1536.0,1528.0,30.0,45930.0,3266
2023-05-09 21:01:45,FG2403,FG403,1532.0,0.0,0.0,0.0,47,1531.0,1534.0,1,1527.0,1528.0,1536.0,1528.0,30.0,45930.0,3266
2023-05-09 21:01:48,FG2403,FG403,1532.0,0.0,0.0,0.0,47,1531.0,1534.0,2,1527.0,1528.0,1536.0,1528.0,30.0,45930.0,3266
2023-05-09 21:01:48,FG2403,FG403,1532.0,0.0,0.0,0.0,47,1531.0,1534.0,1,1527.0,1528.0,1536.0,1528.0,30.0,45930.0,3266
2023-05-09 21:01:49,FG2403,FG403,1532.0,0.0,0.0,0.0,1,1532.0,1534.0,1,1527.0,1528.0,1536.0,1528.0,30.0,45930.0,3266
2023-05-09 21:01:51,FG2403,FG403,1532.0,0.0,0.0,0.0,2,1532.0,1534.0,1,1527.0,1528.0,1536.0,1528.0,30.0,45930.0,3266
2023-05-09 21:01:51,FG2403,FG403,1532.0,0.0,0.0,0.0,2,1532.0,1535.0,3,1527.0,1528.0,1536.0,1528.0,30.0,45930.0,3266
2023-05-09 21:01:52,FG2403,FG403,1532.0,0.0,0.0,0.0,2,1532.0,1534.0,1,1527.0,1528.0,1536.0,1528.0,30.0,45930.0,3266
2023-05-09 21:01:55,FG2403,FG403,1532.0,0.0,0.0,0.0,1,1533.0,1534.0,1,1527.0,1528.0,1536.0,1528.0,30.0,45930.0,3266
2023-05-09 21:01:55,FG2403,FG403,1532.0,0.0,0.0,0.0,1,1533.0,1535.0,2,1527.0,1528.0,1536.0,1528.0,30.0,45930.0,3266
2023-05-09 21:01:56,FG2403,FG403,1532.0,0.0,0.0,0.0,2,1532.0,1535.0,2,1527.0,1528.0,1536.0,1528.0,30.0,45930.0,3266
2023-05-09 21:01:56,FG2403,FG403,1532.0,0.0,0.0,0.0,1,1533.0,1534.0,1,1527.0,1528.0,1536.0,1528.0,30.0,45930.0,3266
2023-05-09 21:01:56,FG2403,FG403,1534.0,1.0,1531.0,-1.0,2,1532.0,1535.0,2,1527.0,1528.0,1536.0,1528.0,31.0,47461.0,3265
2023-05-09 21:01:57,FG2403,FG403,1534.0,0.0,0.0,0.0,1,1533.0,1535.0,1,1527.0,1528.0,1536.0,1528.0,31.0,47461.0,3265
2023-05-09 21:01:58,FG2403,FG403,1534.0,0.0,0.0,0.0,2,1532.0,1535.0,1,1527.0,1528.0,1536.0,1528.0,31.0,47461.0,3265
2023-05-09 21:02:03,FG2403,FG403,1534.0,0.0,0.0,0.0,2,1532.0,1534.0,1,1527.0,1528.0,1536.0,1528.0,31.0,47461.0,3265
2023-05-09 21:02:12,FG2403,FG403,1534.0,0.0,0.0,0.0,1,1532.0,1534.0,1,1527.0,1528.0,1536.0,1528.0,31.0,47461.0,3265
2023-05-09 21:02:16,FG2403,FG403,1534.0,0.0,0.0,0.0,1,1532.0,1533.0,1,1527.0,1528.0,1536.0,1528.0,31.0,47461.0,3265
2023-05-09 21:02:24,FG2403,FG403,1532.0,1.0,1531.0,0.0,46,1531.0,1534.0,3,1527.0,1528.0,1536.0,1528.0,32.0,48992.0,3265
2023-05-09 21:02:24,FG2403,FG403,1532.0,0.0,0.0,0.0,46,1531.0,1533.0,1,1527.0,1528.0,1536.0,1528.0,32.0,48992.0,3265
2023-05-09 21:02:25,FG2403,FG403,1532.0,0.0,0.0,0.0,46,1531.0,1533.0,2,1527.0,1528.0,1536.0,1528.0,32.0,48992.0,3265
2023-05-09 21:02:25,FG2403,FG403,1532.0,0.0,0.0,0.0,46,1531.0,1533.0,1,1527.0,1528.0,1536.0,1528.0,32.0,48992.0,3265
2023-05-09 21:02:34,FG2403,FG403,1532.0,0.0,0.0,0.0,46,1531.0,1533.0,2,1527.0,1528.0,1536.0,1528.0,32.0,48992.0,3265
2023-05-09 21:02:35,FG2403,FG403,1532.0,0.0,0.0,0.0,46,1531.0,1533.0,1,1527.0,1528.0,1536.0,1528.0,32.0,48992.0,3265
2023-05-09 21:02:36,FG2403,FG403,1532.0,0.0,0.0,0.0,46,1531.0,1533.0,2,1527.0,1528.0,1536.0,1528.0,32.0,48992.0,3265
2023-05-09 21:02:36,FG2403,FG403,1532.0,0.0,0.0,0.0,46,1531.0,1533.0,1,1527.0,1528.0,1536.0,1528.0,32.0,48992.0,3265
2023-05-09 21:02:38,FG2403,FG403,1532.0,0.0,0.0,0.0,1,1532.0,1533.0,1,1527.0,1528.0,1536.0,1528.0,32.0,48992.0,3265
2023-05-09 21:02:38,FG2403,FG403,1532.0,0.0,0.0,0.0,1,1532.0,1533.0,2,1527.0,1528.0,1536.0,1528.0,32.0,48992.0,3265
2023-05-09 21:02:39,FG2403,FG403,1532.0,0.0,0.0,0.0,1,1532.0,1533.0,1,1527.0,1528.0,1536.0,1528.0,32.0,48992.0,3265
2023-05-09 21:02:43,FG2403,FG403,1532.0,0.0,0.0,0.0,1,1532.0,1533.0,2,1527.0,1528.0,1536.0,1528.0,32.0,48992.0,3265
2023-05-09 21:02:43,FG2403,FG403,1532.0,0.0,0.0,0.0,1,1532.0,1533.0,3,1527.0,1528.0,1536.0,1528.0,32.0,48992.0,3265
2023-05-09 21:02:44,FG2403,FG403,1532.0,1.0,1531.0,0.0,46,1531.0,1533.0,52,1527.0,1528.0,1536.0,1528.0,33.0,50523.0,3265
2023-05-09 21:02:44,FG2403,FG403,1532.0,0.0,0.0,0.0,46,1531.0,1532.0,1,1527.0,1528.0,1536.0,1528.0,33.0,50523.0,3265
2023-05-09 21:02:45,FG2403,FG403,1532.0,0.0,0.0,0.0,46,1531.0,1532.0,2,1527.0,1528.0,1536.0,1528.0,33.0,50523.0,3265
2023-05-09 21:02:54,FG2403,FG403,1532.0,0.0,0.0,0.0,46,1531.0,1532.0,3,1527.0,1528.0,1536.0,1528.0,33.0,50523.0,3265
2023-05-09 21:02:55,FG2403,FG403,1531.0,1.0,1531.0,0.0,45,1531.0,1532.0,3,1527.0,1528.0,1536.0,1528.0,34.0,52054.0,3265
2023-05-09 21:02:56,FG2403,FG403,1531.0,0.0,0.0,0.0,45,1531.0,1532.0,2,1527.0,1528.0,1536.0,1528.0,34.0,52054.0,3265
2023-05-09 21:03:01,FG2403,FG403,1531.0,0.0,0.0,0.0,45,1531.0,1532.0,3,1527.0,1528.0,1536.0,1528.0,34.0,52054.0,3265
2023-05-09 21:03:01,FG2403,FG403,1531.0,0.0,0.0,0.0,45,1531.0,1532.0,2,1527.0,1528.0,1536.0,1528.0,34.0,52054.0,3265
2023-05-09 21:03:02,FG2403,FG403,1531.0,0.0,0.0,0.0,45,1531.0,1532.0,1,1527.0,1528.0,1536.0,1528.0,34.0,52054.0,3265
2023-05-09 21:03:03,FG2403,FG403,1532.0,1.0,1531.0,0.0,45,1531.0,1533.0,51,1527.0,1528.0,1536.0,1528.0,35.0,53585.0,3265
2023-05-09 21:03:04,FG2403,FG403,1532.0,0.0,0.0,0.0,45,1531.0,1533.0,50,1527.0,1528.0,1536.0,1528.0,35.0,53585.0,3265
2023-05-09 21:03:06,FG2403,FG403,1532.0,0.0,0.0,0.0,45,1531.0,1533.0,51,1527.0,1528.0,1536.0,1528.0,35.0,53585.0,3265
2023-05-09 21:03:07,FG2403,FG403,1532.0,0.0,0.0,0.0,45,1531.0,1533.0,50,1527.0,1528.0,1536.0,1528.0,35.0,53585.0,3265
2023-05-09 21:03:08,FG2403,FG403,1532.0,0.0,0.0,0.0,46,1531.0,1533.0,50,1527.0,1528.0,1536.0,1528.0,35.0,53585.0,3265
2023-05-09 21:03:09,FG2403,FG403,1532.0,0.0,0.0,0.0,45,1531.0,1533.0,50,1527.0,1528.0,1536.0,1528.0,35.0,53585.0,3265
2023-05-09 21:03:11,FG2403,FG403,1532.0,0.0,0.0,0.0,46,1531.0,1533.0,50,1527.0,1528.0,1536.0,1528.0,35.0,53585.0,3265
2023-05-09 21:03:14,FG2403,FG403,1532.0,0.0,0.0,0.0,46,1531.0,1532.0,4,1527.0,1528.0,1536.0,1528.0,35.0,53585.0,3265
2023-05-09 21:03:17,FG2403,FG403,1532.0,0.0,0.0,0.0,45,1531.0,1532.0,4,1527.0,1528.0,1536.0,1528.0,35.0,53585.0,3265
2023-05-09 21:03:18,FG2403,FG403,1532.0,0.0,0.0,0.0,46,1531.0,1532.0,4,1527.0,1528.0,1536.0,1528.0,35.0,53585.0,3265
2023-05-09 21:03:19,FG2403,FG403,1532.0,0.0,0.0,0.0,45,1531.0,1532.0,4,1527.0,1528.0,1536.0,1528.0,35.0,53585.0,3265
2023-05-09 21:03:19,FG2403,FG403,1532.0,0.0,0.0,0.0,46,1531.0,1532.0,4,1527.0,1528.0,1536.0,1528.0,35.0,53585.0,3265
2023-05-09 21:03:20,FG2403,FG403,1532.0,0.0,0.0,0.0,45,1531.0,1532.0,4,1527.0,1528.0,1536.0,1528.0,35.0,53585.0,3265
2023-05-09 21:03:22,FG2403,FG403,1532.0,0.0,0.0,0.0,46,1531.0,1532.0,4,1527.0,1528.0,1536.0,1528.0,35.0,53585.0,3265
2023-05-09 21:03:23,FG2403,FG403,1532.0,0.0,0.0,0.0,45,1531.0,1532.0,4,1527.0,1528.0,1536.0,1528.0,35.0,53585.0,3265
2023-05-09 21:03:29,FG2403,FG403,1532.0,1.0,1531.0,0.0,45,1531.0,1532.0,3,1527.0,1528.0,1536.0,1528.0,36.0,55116.0,3265
2023-05-09 21:03:29,FG2403,FG403,1532.0,0.0,0.0,0.0,46,1531.0,1532.0,3,1527.0,1528.0,1536.0,1528.0,36.0,55116.0,3265
2023-05-09 21:03:30,FG2403,FG403,1532.0,0.0,0.0,0.0,45,1531.0,1532.0,3,1527.0,1528.0,1536.0,1528.0,36.0,55116.0,3265
2023-05-09 21:03:30,FG2403,FG403,1532.0,1.0,1531.0,-1.0,45,1531.0,1532.0,2,1527.0,1528.0,1536.0,1528.0,37.0,56647.0,3264
2023-05-09 21:03:32,FG2403,FG403,1530.0,49.0,75019.0,47.0,2,1529.0,1530.0,1,1527.0,1528.0,1536.0,1528.0,86.0,131666.0,3311
2023-05-09 21:03:32,FG2403,FG403,1530.0,1.0,1531.0,1.0,2,1529.0,1532.0,2,1527.0,1528.0,1536.0,1528.0,87.0,133197.0,3312
2023-05-09 21:03:33,FG2403,FG403,1530.0,0.0,0.0,0.0,1,1529.0,1532.0,2,1527.0,1528.0,1536.0,1528.0,87.0,133197.0,3312
2023-05-09 21:03:35,FG2403,FG403,1530.0,0.0,0.0,0.0,2,1529.0,1532.0,2,1527.0,1528.0,1536.0,1528.0,87.0,133197.0,3312
2023-05-09 21:03:37,FG2403,FG403,1530.0,0.0,0.0,0.0,2,1529.0,1530.0,50,1527.0,1528.0,1536.0,1528.0,87.0,133197.0,3312
2023-05-09 21:03:37,FG2403,FG403,1530.0,1.0,1531.0,1.0,2,1529.0,1530.0,49,1527.0,1528.0,1536.0,1528.0,88.0,134728.0,3313
2023-05-09 21:03:42,FG2403,FG403,1530.0,3.0,4593.0,1.0,1,1529.0,1530.0,46,1527.0,1528.0,1536.0,1528.0,91.0,139321.0,3314
2023-05-09 21:04:01,FG2403,FG403,1530.0,1.0,1531.0,1.0,1,1529.0,1530.0,45,1527.0,1528.0,1536.0,1528.0,92.0,140852.0,3315
2023-05-09 21:04:05,FG2403,FG403,1530.0,0.0,0.0,0.0,3,1529.0,1530.0,45,1527.0,1528.0,1536.0,1528.0,92.0,140852.0,3315
2023-05-09 21:04:09,FG2403,FG403,1530.0,0.0,0.0,0.0,2,1529.0,1530.0,45,1527.0,1528.0,1536.0,1528.0,92.0,140852.0,3315
2023-05-09 21:04:11,FG2403,FG403,1530.0,0.0,0.0,0.0,1,1528.0,1530.0,45,1527.0,1528.0,1536.0,1528.0,92.0,140852.0,3315
2023-05-09 21:04:11,FG2403,FG403,1530.0,0.0,0.0,0.0,1,1528.0,1530.0,46,1527.0,1528.0,1536.0,1528.0,92.0,140852.0,3315
2023-05-09 21:04:13,FG2403,FG403,1530.0,0.0,0.0,0.0,1,1528.0,1530.0,45,1527.0,1528.0,1536.0,1528.0,92.0,140852.0,3315
2023-05-09 21:04:13,FG2403,FG403,1530.0,0.0,0.0,0.0,1,1528.0,1530.0,46,1527.0,1528.0,1536.0,1528.0,92.0,140852.0,3315
2023-05-09 21:04:15,FG2403,FG403,1530.0,0.0,0.0,0.0,1,1528.0,1530.0,45,1527.0,1528.0,1536.0,1528.0,92.0,140852.0,3315
2023-05-09 21:04:15,FG2403,FG403,1530.0,0.0,0.0,0.0,1,1528.0,1530.0,46,1527.0,1528.0,1536.0,1528.0,92.0,140852.0,3315
2023-05-09 21:04:16,FG2403,FG403,1530.0,0.0,0.0,0.0,1,1528.0,1530.0,45,1527.0,1528.0,1536.0,1528.0,92.0,140852.0,3315
2023-05-09 21:04:17,FG2403,FG403,1530.0,0.0,0.0,0.0,2,1528.0,1530.0,45,1527.0,1528.0,1536.0,1528.0,92.0,140852.0,3315
2023-05-09 21:04:22,FG2403,FG403,1530.0,0.0,0.0,0.0,3,1528.0,1530.0,45,1527.0,1528.0,1536.0,1528.0,92.0,140852.0,3315
2023-05-09 21:04:22,FG2403,FG403,1530.0,0.0,0.0,0.0,3,1528.0,1530.0,46,1527.0,1528.0,1536.0,1528.0,92.0,140852.0,3315
2023-05-09 21:04:22,FG2403,FG403,1530.0,0.0,0.0,0.0,3,1528.0,1530.0,45,1527.0,1528.0,1536.0,1528.0,92.0,140852.0,3315
2023-05-09 21:04:27,FG2403,FG403,1530.0,0.0,0.0,0.0,3,1528.0,1530.0,46,1527.0,1528.0,1536.0,1528.0,92.0,140852.0,3315
2023-05-09 21:04:35,FG2403,FG403,1530.0,0.0,0.0,0.0,3,1528.0,1529.0,1,1527.0,1528.0,1536.0,1528.0,92.0,140852.0,3315
2023-05-09 21:04:35,FG2403,FG403,1530.0,0.0,0.0,0.0,3,1528.0,1530.0,46,1527.0,1528.0,1536.0,1528.0,92.0,140852.0,3315
2023-05-09 21:04:36,FG2403,FG403,1530.0,1.0,1531.0,1.0,3,1528.0,1530.0,45,1527.0,1528.0,1536.0,1528.0,93.0,142383.0,3316
2023-05-09 21:04:40,FG2403,FG403,1530.0,0.0,0.0,0.0,3,1528.0,1529.0,1,1527.0,1528.0,1536.0,1528.0,93.0,142383.0,3316
2023-05-09 21:04:40,FG2403,FG403,1530.0,0.0,0.0,0.0,3,1528.0,1530.0,45,1527.0,1528.0,1536.0,1528.0,93.0,142383.0,3316
2023-05-09 21:04:41,FG2403,FG403,1530.0,1.0,1531.0,1.0,3,1528.0,1530.0,44,1527.0,1528.0,1536.0,1528.0,94.0,143914.0,3317
2023-05-09 21:04:42,FG2403,FG403,1530.0,0.0,0.0,0.0,1,1529.0,1530.0,44,1527.0,1528.0,1536.0,1528.0,94.0,143914.0,3317
2023-05-09 21:04:46,FG2403,FG403,1529.0,1.0,1531.0,0.0,3,1528.0,1529.0,2,1527.0,1528.0,1536.0,1528.0,95.0,145445.0,3317
2023-05-09 21:04:50,FG2403,FG403,1529.0,1.0,1531.0,0.0,3,1528.0,1529.0,1,1527.0,1528.0,1536.0,1528.0,96.0,146976.0,3317
2023-05-09 21:05:02,FG2403,FG403,1529.0,0.0,0.0,0.0,3,1528.0,1529.0,2,1527.0,1528.0,1536.0,1528.0,96.0,146976.0,3317
2023-05-09 21:05:02,FG2403,FG403,1528.0,2.0,3062.0,1.0,1,1528.0,1529.0,1,1527.0,1528.0,1536.0,1528.0,98.0,150038.0,3318
2023-05-09 21:05:03,FG2403,FG403,1528.0,0.0,0.0,0.0,1,1528.0,1529.0,2,1527.0,1528.0,1536.0,1528.0,98.0,150038.0,3318
2023-05-09 21:05:04,FG2403,FG403,1528.0,1.0,1531.0,-1.0,1,1526.0,1529.0,2,1527.0,1528.0,1536.0,1528.0,99.0,151569.0,3317
2023-05-09 21:05:04,FG2403,FG403,1528.0,0.0,0.0,0.0,4,1525.0,1529.0,2,1527.0,1528.0,1536.0,1528.0,99.0,151569.0,3317
2023-05-09 21:05:04,FG2403,FG403,1528.0,0.0,0.0,0.0,2,1525.0,1529.0,2,1527.0,1528.0,1536.0,1528.0,99.0,151569.0,3317
2023-05-09 21:05:07,FG2403,FG403,1528.0,0.0,0.0,0.0,2,1525.0,1528.0,1,1527.0,1528.0,1536.0,1528.0,99.0,151569.0,3317
2023-05-09 21:05:09,FG2403,FG403,1528.0,0.0,0.0,0.0,2,1525.0,1529.0,2,1527.0,1528.0,1536.0,1528.0,99.0,151569.0,3317
2023-05-09 21:05:09,FG2403,FG403,1528.0,0.0,0.0,0.0,2,1525.0,1528.0,1,1527.0,1528.0,1536.0,1528.0,99.0,151569.0,3317
2023-05-09 21:05:12,FG2403,FG403,1528.0,2.0,3062.0,1.0,2,1525.0,1528.0,1,1527.0,1528.0,1536.0,1528.0,101.0,154631.0,3318
2023-05-09 21:05:14,FG2403,FG403,1528.0,1.0,1531.0,1.0,2,1525.0,1528.0,1,1527.0,1528.0,1536.0,1528.0,102.0,156162.0,3319
2023-05-09 21:05:15,FG2403,FG403,1528.0,0.0,0.0,0.0,1,1526.0,1528.0,1,1527.0,1528.0,1536.0,1528.0,102.0,156162.0,3319
2023-05-09 21:05:22,FG2403,FG403,1528.0,0.0,0.0,0.0,2,1526.0,1529.0,4,1527.0,1528.0,1536.0,1528.0,102.0,156162.0,3319
2023-05-09 21:05:23,FG2403,FG403,1528.0,0.0,0.0,0.0,2,1526.0,1529.0,3,1527.0,1528.0,1536.0,1528.0,102.0,156162.0,3319
2023-05-09 21:05:23,FG2403,FG403,1528.0,0.0,0.0,0.0,1,1527.0,1529.0,3,1527.0,1528.0,1536.0,1528.0,102.0,156162.0,3319
2023-05-09 21:05:24,FG2403,FG403,1528.0,0.0,0.0,0.0,4,1526.0,1529.0,3,1527.0,1528.0,1536.0,1528.0,102.0,156162.0,3319
2023-05-09 21:05:24,FG2403,FG403,1528.0,0.0,0.0,0.0,2,1526.0,1529.0,3,1527.0,1528.0,1536.0,1528.0,102.0,156162.0,3319
2023-05-09 21:05:27,FG2403,FG403,1528.0,0.0,0.0,0.0,2,1526.0,1529.0,4,1527.0,1528.0,1536.0,1528.0,102.0,156162.0,3319
2023-05-09 21:05:28,FG2403,FG403,1526.0,1.0,1531.0,0.0,1,1526.0,1529.0,4,1527.0,1528.0,1536.0,1526.0,103.0,157693.0,3319
2023-05-09 21:05:29,FG2403,FG403,1529.0,1.0,1531.0,0.0,4,1525.0,1529.0,3,1527.0,1528.0,1536.0,1526.0,104.0,159224.0,3319
2023-05-09 21:05:29,FG2403,FG403,1529.0,0.0,0.0,0.0,2,1525.0,1528.0,1,1527.0,1528.0,1536.0,1526.0,104.0,159224.0,3319
2023-05-09 21:05:32,FG2403,FG403,1529.0,0.0,0.0,0.0,2,1525.0,1529.0,4,1527.0,1528.0,1536.0,1526.0,104.0,159224.0,3319
2023-05-09 21:05:33,FG2403,FG403,1529.0,0.0,0.0,0.0,2,1525.0,1529.0,3,1527.0,1528.0,1536.0,1526.0,104.0,159224.0,3319
2023-05-09 21:05:33,FG2403,FG403,1529.0,0.0,0.0,0.0,2,1525.0,1528.0,1,1527.0,1528.0,1536.0,1526.0,104.0,159224.0,3319
2023-05-09 21:05:34,FG2403,FG403,1529.0,0.0,0.0,0.0,2,1525.0,1529.0,4,1527.0,1528.0,1536.0,1526.0,104.0,159224.0,3319
2023-05-09 21:05:36,FG2403,FG403,1529.0,0.0,0.0,0.0,2,1525.0,1528.0,1,1527.0,1528.0,1536.0,1526.0,104.0,159224.0,3319
2023-05-09 21:05:38,FG2403,FG403,1529.0,0.0,0.0,0.0,2,1525.0,1529.0,4,1527.0,1528.0,1536.0,1526.0,104.0,159224.0,3319
2023-05-09 21:05:38,FG2403,FG403,1529.0,0.0,0.0,0.0,1,1526.0,1529.0,4,1527.0,1528.0,1536.0,1526.0,104.0,159224.0,3319
2023-05-09 21:05:38,FG2403,FG403,1529.0,0.0,0.0,0.0,4,1525.0,1529.0,4,1527.0,1528.0,1536.0,1526.0,104.0,159224.0,3319
2023-05-09 21:05:39,FG2403,FG403,1529.0,0.0,0.0,0.0,2,1525.0,1529.0,4,1527.0,1528.0,1536.0,1526.0,104.0,159224.0,3319
2023-05-09 21:05:40,FG2403,FG403,1529.0,0.0,0.0,0.0,2,1525.0,1529.0,5,1527.0,1528.0,1536.0,1526.0,104.0,159224.0,3319
2023-05-09 21:05:41,FG2403,FG403,1529.0,0.0,0.0,0.0,4,1525.0,1528.0,2,1527.0,1528.0,1536.0,1526.0,104.0,159224.0,3319
2023-05-09 21:05:41,FG2403,FG403,1529.0,0.0,0.0,0.0,4,1525.0,1528.0,1,1527.0,1528.0,1536.0,1526.0,104.0,159224.0,3319
2023-05-09 21:05:42,FG2403,FG403,1529.0,0.0,0.0,0.0,1,1526.0,1529.0,5,1527.0,1528.0,1536.0,1526.0,104.0,159224.0,3319
2023-05-09 21:05:42,FG2403,FG403,1529.0,0.0,0.0,0.0,1,1526.0,1529.0,4,1527.0,1528.0,1536.0,1526.0,104.0,159224.0,3319
2023-05-09 21:05:43,FG2403,FG403,1529.0,0.0,0.0,0.0,6,1525.0,1529.0,4,1527.0,1528.0,1536.0,1526.0,104.0,159224.0,3319
2023-05-09 21:05:43,FG2403,FG403,1529.0,0.0,0.0,0.0,4,1525.0,1529.0,4,1527.0,1528.0,1536.0,1526.0,104.0,159224.0,3319
2023-05-09 21:05:45,FG2403,FG403,1529.0,0.0,0.0,0.0,1,1526.0,1529.0,4,1527.0,1528.0,1536.0,1526.0,104.0,159224.0,3319
2023-05-09 21:05:48,FG2403,FG403,1529.0,0.0,0.0,0.0,1,1526.0,1528.0,1,1527.0,1528.0,1536.0,1526.0,104.0,159224.0,3319
2023-05-09 21:05:49,FG2403,FG403,1529.0,0.0,0.0,0.0,1,1526.0,1528.0,2,1527.0,1528.0,1536.0,1526.0,104.0,159224.0,3319
2023-05-09 21:05:55,FG2403,FG403,1529.0,0.0,0.0,0.0,1,1526.0,1528.0,1,1527.0,1528.0,1536.0,1526.0,104.0,159224.0,3319
2023-05-09 21:06:09,FG2403,FG403,1529.0,0.0,0.0,0.0,1,1526.0,1529.0,4,1527.0,1528.0,1536.0,1526.0,104.0,159224.0,3319
2023-05-09 21:06:10,FG2403,FG403,1529.0,0.0,0.0,0.0,1,1526.0,1528.0,1,1527.0,1528.0,1536.0,1526.0,104.0,159224.0,3319
2023-05-09 21:06:13,FG2403,FG403,1529.0,0.0,0.0,0.0,2,1526.0,1528.0,1,1527.0,1528.0,1536.0,1526.0,104.0,159224.0,3319
2023-05-09 21:06:13,FG2403,FG403,1529.0,0.0,0.0,0.0,3,1526.0,1528.0,1,1527.0,1528.0,1536.0,1526.0,104.0,159224.0,3319
2023-05-09 21:06:14,FG2403,FG403,1529.0,0.0,0.0,0.0,3,1526.0,1529.0,3,1527.0,1528.0,1536.0,1526.0,104.0,159224.0,3319
2023-05-09 21:06:15,FG2403,FG403,1529.0,0.0,0.0,0.0,3,1526.0,1528.0,1,1527.0,1528.0,1536.0,1526.0,104.0,159224.0,3319
2023-05-09 21:06:17,FG2403,FG403,1529.0,0.0,0.0,0.0,2,1526.0,1528.0,1,1527.0,1528.0,1536.0,1526.0,104.0,159224.0,3319
2023-05-09 21:06:19,FG2403,FG403,1529.0,0.0,0.0,0.0,2,1526.0,1529.0,4,1527.0,1528.0,1536.0,1526.0,104.0,159224.0,3319
2023-05-09 21:06:21,FG2403,FG403,1529.0,0.0,0.0,0.0,2,1526.0,1528.0,1,1527.0,1528.0,1536.0,1526.0,104.0,159224.0,3319
2023-05-09 21:06:22,FG2403,FG403,1529.0,0.0,0.0,0.0,2,1526.0,1529.0,3,1527.0,1528.0,1536.0,1526.0,104.0,159224.0,3319
2023-05-09 21:06:23,FG2403,FG403,1529.0,0.0,0.0,0.0,2,1526.0,1528.0,1,1527.0,1528.0,1536.0,1526.0,104.0,159224.0,3319
2023-05-09 21:06:28,FG2403,FG403,1529.0,0.0,0.0,0.0,3,1526.0,1528.0,1,1527.0,1528.0,1536.0,1526.0,104.0,159224.0,3319
2023-05-09 21:06:28,FG2403,FG403,1529.0,0.0,0.0,0.0,2,1526.0,1528.0,1,1527.0,1528.0,1536.0,1526.0,104.0,159224.0,3319
2023-05-09 21:06:28,FG2403,FG403,1529.0,0.0,0.0,0.0,3,1526.0,1528.0,1,1527.0,1528.0,1536.0,1526.0,104.0,159224.0,3319
2023-05-09 21:06:28,FG2403,FG403,1529.0,0.0,0.0,0.0,2,1526.0,1528.0,1,1527.0,1528.0,1536.0,1526.0,104.0,159224.0,3319
2023-05-09 21:06:31,FG2403,FG403,1529.0,0.0,0.0,0.0,2,1526.0,1528.0,2,1527.0,1528.0,1536.0,1526.0,104.0,159224.0,3319
2023-05-09 21:06:32,FG2403,FG403,1529.0,0.0,0.0,0.0,2,1526.0,1528.0,1,1527.0,1528.0,1536.0,1526.0,104.0,159224.0,3319
2023-05-09 21:06:32,FG2403,FG403,1529.0,0.0,0.0,0.0,2,1526.0,1527.0,1,1527.0,1528.0,1536.0,1526.0,104.0,159224.0,3319
2023-05-09 21:06:35,FG2403,FG403,1529.0,0.0,0.0,0.0,2,1526.0,1528.0,1,1527.0,1528.0,1536.0,1526.0,104.0,159224.0,3319
2023-05-09 21:06:40,FG2403,FG403,1529.0,0.0,0.0,0.0,1,1526.0,1528.0,1,1527.0,1528.0,1536.0,1526.0,104.0,159224.0,3319
2023-05-09 21:06:44,FG2403,FG403,1529.0,0.0,0.0,0.0,1,1526.0,1529.0,5,1527.0,1528.0,1536.0,1526.0,104.0,159224.0,3319
2023-05-09 21:06:47,FG2403,FG403,1529.0,0.0,0.0,0.0,2,1526.0,1529.0,5,1527.0,1528.0,1536.0,1526.0,104.0,159224.0,3319
2023-05-09 21:06:56,FG2403,FG403,1529.0,0.0,0.0,0.0,2,1526.0,1528.0,1,1527.0,1528.0,1536.0,1526.0,104.0,159224.0,3319
2023-05-09 21:06:56,FG2403,FG403,1529.0,1.0,1531.0,1.0,2,1526.0,1528.0,1,1527.0,1528.0,1536.0,1526.0,105.0,160755.0,3320
2023-05-09 21:06:58,FG2403,FG403,1526.0,1.0,1531.0,0.0,1,1526.0,1528.0,1,1527.0,1528.0,1536.0,1526.0,106.0,162286.0,3320
2023-05-09 21:06:58,FG2403,FG403,1526.0,0.0,0.0,0.0,1,1526.0,1528.0,2,1527.0,1528.0,1536.0,1526.0,106.0,162286.0,3320
2023-05-09 21:06:59,FG2403,FG403,1526.0,0.0,0.0,0.0,1,1526.0,1528.0,3,1527.0,1528.0,1536.0,1526.0,106.0,162286.0,3320
2023-05-09 21:07:03,FG2403,FG403,1526.0,0.0,0.0,0.0,1,1526.0,1527.0,1,1527.0,1528.0,1536.0,1526.0,106.0,162286.0,3320
2023-05-09 21:07:04,FG2403,FG403,1526.0,1.0,1531.0,0.0,1,1525.0,1527.0,1,1527.0,1528.0,1536.0,1526.0,107.0,163817.0,3320
2023-05-09 21:07:10,FG2403,FG403,1526.0,0.0,0.0,0.0,1,1525.0,1526.0,1,1527.0,1528.0,1536.0,1526.0,107.0,163817.0,3320
2023-05-09 21:07:13,FG2403,FG403,1526.0,2.0,3062.0,1.0,1,1525.0,1526.0,1,1527.0,1528.0,1536.0,1526.0,109.0,166879.0,3321
2023-05-09 21:07:14,FG2403,FG403,1526.0,0.0,0.0,0.0,1,1525.0,1527.0,1,1527.0,1528.0,1536.0,1526.0,109.0,166879.0,3321
2023-05-09 21:07:17,FG2403,FG403,1526.0,0.0,0.0,0.0,1,1525.0,1527.0,2,1527.0,1528.0,1536.0,1526.0,109.0,166879.0,3321
2023-05-09 21:07:18,FG2403,FG403,1526.0,0.0,0.0,0.0,1,1525.0,1527.0,3,1527.0,1528.0,1536.0,1526.0,109.0,166879.0,3321
2023-05-09 21:07:20,FG2403,FG403,1526.0,0.0,0.0,0.0,1,1525.0,1526.0,1,1527.0,1528.0,1536.0,1526.0,109.0,166879.0,3321
2023-05-09 21:07:21,FG2403,FG403,1527.0,1.0,1531.0,1.0,1,1525.0,1527.0,2,1527.0,1528.0,1536.0,1526.0,110.0,168410.0,3322
2023-05-09 21:07:21,FG2403,FG403,1527.0,0.0,0.0,0.0,1,1525.0,1526.0,1,1527.0,1528.0,1536.0,1526.0,110.0,168410.0,3322
2023-05-09 21:07:23,FG2403,FG403,1525.0,1.0,1420.0,1.0,1,1523.0,1526.0,1,1527.0,1528.0,1536.0,1525.0,111.0,169830.0,3323
2023-05-09 21:07:24,FG2403,FG403,1525.0,0.0,0.0,0.0,2,1523.0,1525.0,1,1527.0,1528.0,1536.0,1525.0,111.0,169830.0,3323
2023-05-09 21:07:24,FG2403,FG403,1525.0,0.0,0.0,0.0,4,1522.0,1525.0,1,1527.0,1528.0,1536.0,1525.0,111.0,169830.0,3323
2023-05-09 21:07:26,FG2403,FG403,1525.0,0.0,0.0,0.0,4,1522.0,1524.0,1,1527.0,1528.0,1536.0,1525.0,111.0,169830.0,3323
2023-05-09 21:07:32,FG2403,FG403,1525.0,2.0,3060.0,2.0,4,1522.0,1524.0,1,1527.0,1528.0,1536.0,1525.0,113.0,172890.0,3325
2023-05-09 21:07:32,FG2403,FG403,1525.0,0.0,0.0,0.0,1,1523.0,1524.0,1,1527.0,1528.0,1536.0,1525.0,113.0,172890.0,3325
2023-05-09 21:07:34,FG2403,FG403,1524.0,1.0,1530.0,1.0,1,1523.0,1527.0,1,1527.0,1528.0,1536.0,1524.0,114.0,174420.0,3326
2023-05-09 21:07:34,FG2403,FG403,1527.0,1.0,1530.0,1.0,1,1523.0,1527.0,1,1527.0,1528.0,1536.0,1524.0,115.0,175950.0,3327
2023-05-09 21:07:35,FG2403,FG403,1527.0,1.0,1530.0,1.0,1,1523.0,1527.0,1,1527.0,1528.0,1536.0,1524.0,116.0,177480.0,3328
2023-05-09 21:07:38,FG2403,FG403,1527.0,0.0,0.0,0.0,1,1523.0,1528.0,2,1527.0,1528.0,1536.0,1524.0,116.0,177480.0,3328
2023-05-09 21:07:41,FG2403,FG403,1527.0,0.0,0.0,0.0,1,1523.0,1527.0,1,1527.0,1528.0,1536.0,1524.0,116.0,177480.0,3328
2023-05-09 21:07:45,FG2403,FG403,1527.0,0.0,0.0,0.0,1,1524.0,1527.0,1,1527.0,1528.0,1536.0,1524.0,116.0,177480.0,3328
2023-05-09 21:07:48,FG2403,FG403,1527.0,0.0,0.0,0.0,1,1524.0,1528.0,2,1527.0,1528.0,1536.0,1524.0,116.0,177480.0,3328
2023-05-09 21:07:52,FG2403,FG403,1527.0,0.0,0.0,0.0,1,1524.0,1528.0,1,1527.0,1528.0,1536.0,1524.0,116.0,177480.0,3328
2023-05-09 21:07:53,FG2403,FG403,1527.0,0.0,0.0,0.0,1,1525.0,1528.0,1,1527.0,1528.0,1536.0,1524.0,116.0,177480.0,3328
2023-05-09 21:07:59,FG2403,FG403,1527.0,0.0,0.0,0.0,1,1525.0,1529.0,4,1527.0,1528.0,1536.0,1524.0,116.0,177480.0,3328
2023-05-09 21:08:00,FG2403,FG403,1527.0,0.0,0.0,0.0,1,1525.0,1528.0,1,1527.0,1528.0,1536.0,1524.0,116.0,177480.0,3328
2023-05-09 21:08:02,FG2403,FG403,1527.0,0.0,0.0,0.0,1,1525.0,1529.0,3,1527.0,1528.0,1536.0,1524.0,116.0,177480.0,3328
2023-05-09 21:08:04,FG2403,FG403,1527.0,0.0,0.0,0.0,1,1526.0,1529.0,3,1527.0,1528.0,1536.0,1524.0,116.0,177480.0,3328
2023-05-09 21:08:06,FG2403,FG403,1527.0,0.0,0.0,0.0,1,1526.0,1529.0,2,1527.0,1528.0,1536.0,1524.0,116.0,177480.0,3328
2023-05-09 21:08:08,FG2403,FG403,1526.0,2.0,3060.0,-2.0,1,1525.0,1526.0,1,1527.0,1528.0,1536.0,1524.0,118.0,180540.0,3326
2023-05-09 21:08:10,FG2403,FG403,1526.0,1.0,1530.0,0.0,1,1526.0,1529.0,3,1527.0,1528.0,1536.0,1524.0,119.0,182070.0,3326
2023-05-09 21:08:11,FG2403,FG403,1526.0,0.0,0.0,0.0,1,1527.0,1529.0,2,1527.0,1528.0,1536.0,1524.0,119.0,182070.0,3326
2023-05-09 21:08:15,FG2403,FG403,1526.0,0.0,0.0,0.0,3,1526.0,1529.0,2,1527.0,1528.0,1536.0,1524.0,119.0,182070.0,3326
2023-05-09 21:08:15,FG2403,FG403,1526.0,0.0,0.0,0.0,1,1526.0,1529.0,2,1527.0,1528.0,1536.0,1524.0,119.0,182070.0,3326
2023-05-09 21:08:16,FG2403,FG403,1526.0,0.0,0.0,0.0,1,1526.0,1529.0,1,1527.0,1528.0,1536.0,1524.0,119.0,182070.0,3326
2023-05-09 21:08:18,FG2403,FG403,1526.0,0.0,0.0,0.0,1,1527.0,1529.0,1,1527.0,1528.0,1536.0,1524.0,119.0,182070.0,3326
2023-05-09 21:08:18,FG2403,FG403,1526.0,0.0,0.0,0.0,3,1526.0,1529.0,1,1527.0,1528.0,1536.0,1524.0,119.0,182070.0,3326
2023-05-09 21:08:19,FG2403,FG403,1526.0,0.0,0.0,0.0,1,1526.0,1529.0,2,1527.0,1528.0,1536.0,1524.0,119.0,182070.0,3326
2023-05-09 21:08:19,FG2403,FG403,1526.0,0.0,0.0,0.0,1,1527.0,1529.0,1,1527.0,1528.0,1536.0,1524.0,119.0,182070.0,3326
2023-05-09 21:08:27,FG2403,FG403,1526.0,0.0,0.0,0.0,1,1528.0,1529.0,1,1527.0,1528.0,1536.0,1524.0,119.0,182070.0,3326
2023-05-09 21:08:33,FG2403,FG403,1529.0,1.0,1530.0,0.0,1,1528.0,1530.0,43,1527.0,1528.0,1536.0,1524.0,120.0,183600.0,3326
2023-05-09 21:08:35,FG2403,FG403,1528.0,1.0,1530.0,-1.0,1,1528.0,1530.0,43,1527.0,1528.0,1536.0,1524.0,121.0,185130.0,3325
2023-05-09 21:08:37,FG2403,FG403,1528.0,0.0,0.0,0.0,1,1528.0,1529.0,1,1527.0,1528.0,1536.0,1524.0,121.0,185130.0,3325
2023-05-09 21:08:43,FG2403,FG403,1529.0,1.0,1530.0,0.0,3,1527.0,1530.0,43,1527.0,1528.0,1536.0,1524.0,122.0,186660.0,3325
2023-05-09 21:08:45,FG2403,FG403,1529.0,0.0,0.0,0.0,1,1528.0,1530.0,43,1527.0,1528.0,1536.0,1524.0,122.0,186660.0,3325
2023-05-09 21:08:45,FG2403,FG403,1529.0,0.0,0.0,0.0,3,1528.0,1530.0,43,1527.0,1528.0,1536.0,1524.0,122.0,186660.0,3325
2023-05-09 21:08:46,FG2403,FG403,1528.0,2.0,3060.0,0.0,1,1528.0,1530.0,43,1527.0,1528.0,1536.0,1524.0,124.0,189720.0,3325
2023-05-09 21:08:46,FG2403,FG403,1528.0,0.0,0.0,0.0,3,1528.0,1530.0,43,1527.0,1528.0,1536.0,1524.0,124.0,189720.0,3325
2023-05-09 21:08:47,FG2403,FG403,1528.0,5.0,7650.0,-2.0,1,1527.0,1528.0,1,1527.0,1528.0,1536.0,1524.0,129.0,197370.0,3323
2023-05-09 21:08:47,FG2403,FG403,1528.0,1.0,1530.0,-1.0,1,1527.0,1529.0,2,1527.0,1528.0,1536.0,1524.0,130.0,198900.0,3322
2023-05-09 21:08:49,FG2403,FG403,1528.0,0.0,0.0,0.0,2,1527.0,1529.0,2,1527.0,1528.0,1536.0,1524.0,130.0,198900.0,3322
2023-05-09 21:08:50,FG2403,FG403,1528.0,0.0,0.0,0.0,2,1527.0,1528.0,1,1527.0,1528.0,1536.0,1524.0,130.0,198900.0,3322
2023-05-09 21:08:53,FG2403,FG403,1527.0,1.0,1530.0,0.0,1,1527.0,1528.0,1,1527.0,1528.0,1536.0,1524.0,131.0,200430.0,3322
2023-05-09 21:08:53,FG2403,FG403,1527.0,0.0,0.0,0.0,1,1526.0,1528.0,1,1527.0,1528.0,1536.0,1524.0,131.0,200430.0,3322
2023-05-09 21:08:53,FG2403,FG403,1527.0,0.0,0.0,0.0,1,1526.0,1527.0,1,1527.0,1528.0,1536.0,1524.0,131.0,200430.0,3322
2023-05-09 21:08:54,FG2403,FG403,1527.0,1.0,1530.0,-1.0,1,1526.0,1528.0,1,1527.0,1528.0,1536.0,1524.0,132.0,201960.0,3321
2023-05-09 21:08:55,FG2403,FG403,1527.0,0.0,0.0,0.0,1,1527.0,1528.0,1,1527.0,1528.0,1536.0,1524.0,132.0,201960.0,3321
2023-05-09 21:08:55,FG2403,FG403,1527.0,0.0,0.0,0.0,1,1526.0,1528.0,1,1527.0,1528.0,1536.0,1524.0,132.0,201960.0,3321
2023-05-09 21:08:56,FG2403,FG403,1527.0,0.0,0.0,0.0,1,1527.0,1528.0,1,1527.0,1528.0,1536.0,1524.0,132.0,201960.0,3321
2023-05-09 21:08:57,FG2403,FG403,1527.0,0.0,0.0,0.0,1,1526.0,1528.0,1,1527.0,1528.0,1536.0,1524.0,132.0,201960.0,3321
2023-05-09 21:08:57,FG2403,FG403,1527.0,0.0,0.0,0.0,1,1526.0,1527.0,1,1527.0,1528.0,1536.0,1524.0,132.0,201960.0,3321
2023-05-09 21:08:58,FG2403,FG403,1526.0,1.0,1530.0,0.0,1,1526.0,1527.0,1,1527.0,1528.0,1536.0,1524.0,133.0,203490.0,3321
2023-05-09 21:08:58,FG2403,FG403,1526.0,0.0,0.0,0.0,1,1526.0,1528.0,1,1527.0,1528.0,1536.0,1524.0,133.0,203490.0,3321
2023-05-09 21:08:59,FG2403,FG403,1526.0,0.0,0.0,0.0,1,1527.0,1528.0,1,1527.0,1528.0,1536.0,1524.0,133.0,203490.0,3321
2023-05-09 21:08:59,FG2403,FG403,1527.0,1.0,1530.0,-1.0,1,1527.0,1528.0,1,1527.0,1528.0,1536.0,1524.0,134.0,205020.0,3320
2023-05-09 21:09:00,FG2403,FG403,1527.0,0.0,0.0,0.0,1,1527.0,1529.0,2,1527.0,1528.0,1536.0,1524.0,134.0,205020.0,3320
2023-05-09 21:09:01,FG2403,FG403,1527.0,0.0,0.0,0.0,3,1527.0,1529.0,2,1527.0,1528.0,1536.0,1524.0,134.0,205020.0,3320
2023-05-09 21:09:02,FG2403,FG403,1529.0,1.0,1530.0,0.0,3,1527.0,1529.0,1,1527.0,1528.0,1536.0,1524.0,135.0,206550.0,3320
2023-05-09 21:09:04,FG2403,FG403,1527.0,1.0,1530.0,-1.0,2,1527.0,1529.0,1,1527.0,1528.0,1536.0,1524.0,136.0,208080.0,3319
2023-05-09 21:09:06,FG2403,FG403,1527.0,0.0,0.0,0.0,2,1527.0,1528.0,1,1527.0,1528.0,1536.0,1524.0,136.0,208080.0,3319
2023-05-09 21:09:06,FG2403,FG403,1528.0,1.0,1530.0,-1.0,1,1527.0,1529.0,1,1527.0,1528.0,1536.0,1524.0,137.0,209610.0,3318
2023-05-09 21:09:06,FG2403,FG403,1528.0,0.0,0.0,0.0,1,1528.0,1529.0,1,1527.0,1528.0,1536.0,1524.0,137.0,209610.0,3318
2023-05-09 21:09:07,FG2403,FG403,1529.0,2.0,3060.0,1.0,1,1528.0,1529.0,2,1527.0,1528.0,1536.0,1524.0,139.0,212670.0,3319
2023-05-09 21:09:14,FG2403,FG403,1529.0,0.0,0.0,0.0,2,1527.0,1529.0,2,1527.0,1528.0,1536.0,1524.0,139.0,212670.0,3319
2023-05-09 21:09:14,FG2403,FG403,1529.0,0.0,0.0,0.0,1,1528.0,1529.0,2,1527.0,1528.0,1536.0,1524.0,139.0,212670.0,3319
2023-05-09 21:09:16,FG2403,FG403,1529.0,0.0,0.0,0.0,2,1528.0,1529.0,2,1527.0,1528.0,1536.0,1524.0,139.0,212670.0,3319
2023-05-09 21:09:18,FG2403,FG403,1529.0,6.0,9180.0,-3.0,1,1528.0,1530.0,43,1527.0,1528.0,1536.0,1524.0,145.0,221850.0,3316
2023-05-09 21:09:19,FG2403,FG403,1529.0,0.0,0.0,0.0,2,1528.0,1530.0,43,1527.0,1528.0,1536.0,1524.0,145.0,221850.0,3316
2023-05-09 21:09:19,FG2403,FG403,1529.0,0.0,0.0,0.0,1,1528.0,1530.0,43,1527.0,1528.0,1536.0,1524.0,145.0,221850.0,3316
2023-05-09 21:09:21,FG2403,FG403,1529.0,0.0,0.0,0.0,1,1528.0,1530.0,44,1527.0,1528.0,1536.0,1524.0,145.0,221850.0,3316
2023-05-09 21:09:22,FG2403,FG403,1529.0,0.0,0.0,0.0,1,1528.0,1529.0,1,1527.0,1528.0,1536.0,1524.0,145.0,221850.0,3316
2023-05-09 21:09:24,FG2403,FG403,1529.0,0.0,0.0,0.0,1,1528.0,1530.0,44,1527.0,1528.0,1536.0,1524.0,145.0,221850.0,3316
2023-05-09 21:09:25,FG2403,FG403,1528.0,1.0,1530.0,0.0,1,1527.0,1530.0,44,1527.0,1528.0,1536.0,1524.0,146.0,223380.0,3316
2023-05-09 21:09:26,FG2403,FG403,1528.0,0.0,0.0,0.0,1,1527.0,1529.0,1,1527.0,1528.0,1536.0,1524.0,146.0,223380.0,3316
2023-05-09 21:09:26,FG2403,FG403,1529.0,1.0,1530.0,0.0,1,1527.0,1530.0,44,1527.0,1528.0,1536.0,1524.0,147.0,224910.0,3316
2023-05-09 21:09:28,FG2403,FG403,1529.0,0.0,0.0,0.0,1,1526.0,1530.0,44,1527.0,1528.0,1536.0,1524.0,147.0,224910.0,3316
2023-05-09 21:09:28,FG2403,FG403,1529.0,0.0,0.0,0.0,1,1526.0,1529.0,1,1527.0,1528.0,1536.0,1524.0,147.0,224910.0,3316
2023-05-09 21:09:29,FG2403,FG403,1529.0,0.0,0.0,0.0,1,1526.0,1528.0,1,1527.0,1528.0,1536.0,1524.0,147.0,224910.0,3316
2023-05-09 21:09:30,FG2403,FG403,1529.0,0.0,0.0,0.0,1,1526.0,1529.0,2,1527.0,1528.0,1536.0,1524.0,147.0,224910.0,3316
2023-05-09 21:09:32,FG2403,FG403,1529.0,0.0,0.0,0.0,1,1527.0,1529.0,2,1527.0,1528.0,1536.0,1524.0,147.0,224910.0,3316
2023-05-09 21:09:34,FG2403,FG403,1529.0,0.0,0.0,0.0,1,1527.0,1528.0,1,1527.0,1528.0,1536.0,1524.0,147.0,224910.0,3316
2023-05-09 21:09:35,FG2403,FG403,1529.0,0.0,0.0,0.0,1,1527.0,1529.0,2,1527.0,1528.0,1536.0,1524.0,147.0,224910.0,3316
2023-05-09 21:09:39,FG2403,FG403,1527.0,1.0,1530.0,0.0,2,1526.0,1529.0,2,1527.0,1528.0,1536.0,1524.0,148.0,226440.0,3316
2023-05-09 21:09:41,FG2403,FG403,1527.0,0.0,0.0,0.0,2,1526.0,1528.0,1,1527.0,1528.0,1536.0,1524.0,148.0,226440.0,3316
2023-05-09 21:09:50,FG2403,FG403,1527.0,1.0,1530.0,-1.0,1,1527.0,1528.0,1,1527.0,1528.0,1536.0,1524.0,149.0,227970.0,3315
2023-05-09 21:09:50,FG2403,FG403,1527.0,0.0,0.0,0.0,2,1526.0,1528.0,1,1527.0,1528.0,1536.0,1524.0,149.0,227970.0,3315
2023-05-09 21:09:50,FG2403,FG403,1527.0,0.0,0.0,0.0,1,1527.0,1528.0,1,1527.0,1528.0,1536.0,1524.0,149.0,227970.0,3315
2023-05-09 21:09:52,FG2403,FG403,1527.0,0.0,0.0,0.0,2,1526.0,1529.0,2,1527.0,1528.0,1536.0,1524.0,149.0,227970.0,3315
2023-05-09 21:09:54,FG2403,FG403,1527.0,0.0,0.0,0.0,2,1526.0,1529.0,3,1527.0,1528.0,1536.0,1524.0,149.0,227970.0,3315
2023-05-09 21:09:54,FG2403,FG403,1527.0,0.0,0.0,0.0,2,1526.0,1528.0,1,1527.0,1528.0,1536.0,1524.0,149.0,227970.0,3315
2023-05-09 21:09:54,FG2403,FG403,1528.0,1.0,1530.0,-1.0,2,1526.0,1529.0,3,1527.0,1528.0,1536.0,1524.0,150.0,229500.0,3314
2023-05-09 21:09:56,FG2403,FG403,1528.0,0.0,0.0,0.0,2,1526.0,1529.0,4,1527.0,1528.0,1536.0,1524.0,150.0,229500.0,3314
2023-05-09 21:09:56,FG2403,FG403,1528.0,0.0,0.0,0.0,2,1526.0,1527.0,1,1527.0,1528.0,1536.0,1524.0,150.0,229500.0,3314
2023-05-09 21:09:57,FG2403,FG403,1528.0,0.0,0.0,0.0,2,1526.0,1528.0,1,1527.0,1528.0,1536.0,1524.0,150.0,229500.0,3314
2023-05-09 21:10:01,FG2403,FG403,1528.0,0.0,0.0,0.0,1,1527.0,1528.0,1,1527.0,1528.0,1536.0,1524.0,150.0,229500.0,3314
2023-05-09 21:10:04,FG2403,FG403,1528.0,0.0,0.0,0.0,1,1527.0,1529.0,3,1527.0,1528.0,1536.0,1524.0,150.0,229500.0,3314
2023-05-09 21:10:05,FG2403,FG403,1529.0,2.0,3060.0,0.0,1,1528.0,1529.0,1,1527.0,1528.0,1536.0,1524.0,152.0,232560.0,3314
2023-05-09 21:10:06,FG2403,FG403,1530.0,1.0,1530.0,1.0,1,1528.0,1529.0,1,1527.0,1528.0,1536.0,1524.0,153.0,234090.0,3315
2023-05-09 21:10:10,FG2403,FG403,1530.0,0.0,0.0,0.0,1,1527.0,1529.0,1,1527.0,1528.0,1536.0,1524.0,153.0,234090.0,3315
2023-05-09 21:10:10,FG2403,FG403,1530.0,0.0,0.0,0.0,1,1528.0,1529.0,1,1527.0,1528.0,1536.0,1524.0,153.0,234090.0,3315
2023-05-09 21:10:14,FG2403,FG403,1530.0,0.0,0.0,0.0,2,1528.0,1529.0,1,1527.0,1528.0,1536.0,1524.0,153.0,234090.0,3315
2023-05-09 21:10:15,FG2403,FG403,1530.0,0.0,0.0,0.0,1,1528.0,1529.0,1,1527.0,1528.0,1536.0,1524.0,153.0,234090.0,3315
2023-05-09 21:10:15,FG2403,FG403,1528.0,1.0,1530.0,0.0,2,1527.0,1530.0,41,1527.0,1528.0,1536.0,1524.0,154.0,235620.0,3315
2023-05-09 21:10:18,FG2403,FG403,1528.0,0.0,0.0,0.0,1,1528.0,1530.0,41,1527.0,1528.0,1536.0,1524.0,154.0,235620.0,3315
2023-05-09 21:10:18,FG2403,FG403,1528.0,0.0,0.0,0.0,1,1528.0,1530.0,40,1527.0,1528.0,1536.0,1524.0,154.0,235620.0,3315
2023-05-09 21:10:19,FG2403,FG403,1528.0,0.0,0.0,0.0,2,1528.0,1530.0,41,1527.0,1528.0,1536.0,1524.0,154.0,235620.0,3315
2023-05-09 21:10:22,FG2403,FG403,1528.0,0.0,0.0,0.0,4,1528.0,1530.0,41,1527.0,1528.0,1536.0,1524.0,154.0,235620.0,3315
2023-05-09 21:10:23,FG2403,FG403,1530.0,3.0,4590.0,0.0,1,1529.0,1530.0,37,1527.0,1528.0,1536.0,1524.0,157.0,240210.0,3315
2023-05-09 21:10:23,FG2403,FG403,1530.0,0.0,0.0,0.0,4,1528.0,1530.0,37,1527.0,1528.0,1536.0,1524.0,157.0,240210.0,3315
2023-05-09 21:10:24,FG2403,FG403,1530.0,0.0,0.0,0.0,1,1529.0,1530.0,37,1527.0,1528.0,1536.0,1524.0,157.0,240210.0,3315
2023-05-09 21:10:26,FG2403,FG403,1530.0,0.0,0.0,0.0,4,1528.0,1530.0,37,1527.0,1528.0,1536.0,1524.0,157.0,240210.0,3315
2023-05-09 21:10:27,FG2403,FG403,1530.0,0.0,0.0,0.0,1,1529.0,1530.0,37,1527.0,1528.0,1536.0,1524.0,157.0,240210.0,3315
2023-05-09 21:10:28,FG2403,FG403,1530.0,1.0,1530.0,0.0,1,1529.0,1530.0,36,1527.0,1528.0,1536.0,1524.0,158.0,241740.0,3315
2023-05-09 21:10:29,FG2403,FG403,1530.0,1.0,1530.0,0.0,1,1529.0,1530.0,35,1527.0,1528.0,1536.0,1524.0,159.0,243270.0,3315
2023-05-09 21:10:33,FG2403,FG403,1530.0,3.0,4590.0,1.0,1,1529.0,1530.0,32,1527.0,1528.0,1536.0,1524.0,162.0,247860.0,3316
2023-05-09 21:10:33,FG2403,FG403,1530.0,0.0,0.0,0.0,4,1528.0,1530.0,32,1527.0,1528.0,1536.0,1524.0,162.0,247860.0,3316
2023-05-09 21:10:34,FG2403,FG403,1530.0,0.0,0.0,0.0,1,1529.0,1530.0,32,1527.0,1528.0,1536.0,1524.0,162.0,247860.0,3316
2023-05-09 21:10:34,FG2403,FG403,1530.0,0.0,0.0,0.0,4,1528.0,1530.0,32,1527.0,1528.0,1536.0,1524.0,162.0,247860.0,3316
2023-05-09 21:10:37,FG2403,FG403,1530.0,0.0,0.0,0.0,1,1529.0,1530.0,32,1527.0,1528.0,1536.0,1524.0,162.0,247860.0,3316
2023-05-09 21:10:40,FG2403,FG403,1530.0,0.0,0.0,0.0,1,1529.0,1530.0,33,1527.0,1528.0,1536.0,1524.0,162.0,247860.0,3316
2023-05-09 21:10:41,FG2403,FG403,1530.0,1.0,1530.0,0.0,1,1529.0,1530.0,32,1527.0,1528.0,1536.0,1524.0,163.0,249390.0,3316
2023-05-09 21:10:42,FG2403,FG403,1530.0,2.0,3060.0,2.0,1,1529.0,1530.0,30,1527.0,1528.0,1536.0,1524.0,165.0,252450.0,3318
2023-05-09 21:10:43,FG2403,FG403,1530.0,0.0,0.0,0.0,2,1529.0,1530.0,30,1527.0,1528.0,1536.0,1524.0,165.0,252450.0,3318
2023-05-09 21:10:44,FG2403,FG403,1530.0,1.0,1530.0,0.0,2,1529.0,1530.0,29,1527.0,1528.0,1536.0,1524.0,166.0,253980.0,3318
2023-05-09 21:10:47,FG2403,FG403,1530.0,0.0,0.0,0.0,1,1529.0,1530.0,29,1527.0,1528.0,1536.0,1524.0,166.0,253980.0,3318
2023-05-09 21:10:47,FG2403,FG403,1530.0,0.0,0.0,0.0,2,1529.0,1530.0,29,1527.0,1528.0,1536.0,1524.0,166.0,253980.0,3318
2023-05-09 21:10:48,FG2403,FG403,1530.0,1.0,1530.0,0.0,2,1529.0,1530.0,28,1527.0,1528.0,1536.0,1524.0,167.0,255510.0,3318
2023-05-09 21:10:49,FG2403,FG403,1530.0,1.0,1530.0,1.0,1,1529.0,1530.0,27,1527.0,1528.0,1536.0,1524.0,168.0,257040.0,3319
2023-05-09 21:10:58,FG2403,FG403,1530.0,0.0,0.0,0.0,2,1529.0,1530.0,27,1527.0,1528.0,1536.0,1524.0,168.0,257040.0,3319
2023-05-09 21:11:00,FG2403,FG403,1530.0,0.0,0.0,0.0,1,1529.0,1530.0,27,1527.0,1528.0,1536.0,1524.0,168.0,257040.0,3319
2023-05-09 21:11:01,FG2403,FG403,1529.0,1.0,1530.0,0.0,3,1528.0,1530.0,28,1527.0,1528.0,1536.0,1524.0,169.0,258570.0,3319
2023-05-09 21:11:04,FG2403,FG403,1529.0,0.0,0.0,0.0,3,1528.0,1530.0,27,1527.0,1528.0,1536.0,1524.0,169.0,258570.0,3319
2023-05-09 21:11:05,FG2403,FG403,1529.0,0.0,0.0,0.0,3,1528.0,1530.0,28,1527.0,1528.0,1536.0,1524.0,169.0,258570.0,3319
2023-05-09 21:11:05,FG2403,FG403,1529.0,0.0,0.0,0.0,3,1528.0,1530.0,27,1527.0,1528.0,1536.0,1524.0,169.0,258570.0,3319
2023-05-09 21:11:06,FG2403,FG403,1529.0,0.0,0.0,0.0,4,1528.0,1530.0,27,1527.0,1528.0,1536.0,1524.0,169.0,258570.0,3319
2023-05-09 21:11:06,FG2403,FG403,1529.0,0.0,0.0,0.0,5,1528.0,1530.0,27,1527.0,1528.0,1536.0,1524.0,169.0,258570.0,3319
2023-05-09 21:11:07,FG2403,FG403,1529.0,0.0,0.0,0.0,4,1528.0,1530.0,27,1527.0,1528.0,1536.0,1524.0,169.0,258570.0,3319
2023-05-09 21:11:08,FG2403,FG403,1529.0,0.0,0.0,0.0,3,1528.0,1530.0,27,1527.0,1528.0,1536.0,1524.0,169.0,258570.0,3319
2023-05-09 21:11:08,FG2403,FG403,1529.0,0.0,0.0,0.0,2,1528.0,1530.0,27,1527.0,1528.0,1536.0,1524.0,169.0,258570.0,3319
2023-05-09 21:11:09,FG2403,FG403,1529.0,0.0,0.0,0.0,2,1528.0,1530.0,28,1527.0,1528.0,1536.0,1524.0,169.0,258570.0,3319
2023-05-09 21:11:16,FG2403,FG403,1529.0,0.0,0.0,0.0,2,1528.0,1529.0,1,1527.0,1528.0,1536.0,1524.0,169.0,258570.0,3319
2023-05-09 21:11:16,FG2403,FG403,1529.0,0.0,0.0,0.0,2,1528.0,1530.0,28,1527.0,1528.0,1536.0,1524.0,169.0,258570.0,3319
2023-05-09 21:11:18,FG2403,FG403,1529.0,0.0,0.0,0.0,3,1528.0,1530.0,28,1527.0,1528.0,1536.0,1524.0,169.0,258570.0,3319
2023-05-09 21:11:26,FG2403,FG403,1529.0,0.0,0.0,0.0,3,1528.0,1529.0,1,1527.0,1528.0,1536.0,1524.0,169.0,258570.0,3319
2023-05-09 21:11:28,FG2403,FG403,1529.0,0.0,0.0,0.0,3,1528.0,1530.0,28,1527.0,1528.0,1536.0,1524.0,169.0,258570.0,3319
2023-05-09 21:11:28,FG2403,FG403,1529.0,0.0,0.0,0.0,3,1528.0,1529.0,1,1527.0,1528.0,1536.0,1524.0,169.0,258570.0,3319
2023-05-09 21:11:37,FG2403,FG403,1529.0,0.0,0.0,0.0,3,1528.0,1530.0,28,1527.0,1528.0,1536.0,1524.0,169.0,258570.0,3319
2023-05-09 21:11:37,FG2403,FG403,1528.0,3.0,4590.0,3.0,3,1527.0,1528.0,3,1527.0,1528.0,1536.0,1524.0,172.0,263160.0,3322
2023-05-09 21:11:37,FG2403,FG403,1528.0,0.0,0.0,0.0,4,1527.0,1528.0,3,1527.0,1528.0,1536.0,1524.0,172.0,263160.0,3322
2023-05-09 21:11:39,FG2403,FG403,1528.0,1.0,1530.0,1.0,4,1527.0,1528.0,2,1527.0,1528.0,1536.0,1524.0,173.0,264690.0,3323
2023-05-09 21:11:40,FG2403,FG403,1528.0,1.0,1530.0,1.0,3,1527.0,1528.0,1,1527.0,1528.0,1536.0,1524.0,174.0,266220.0,3324
2023-05-09 21:11:40,FG2403,FG403,1528.0,0.0,0.0,0.0,2,1527.0,1528.0,1,1527.0,1528.0,1536.0,1524.0,174.0,266220.0,3324
2023-05-09 21:11:42,FG2403,FG403,1528.0,1.0,1530.0,1.0,2,1527.0,1529.0,1,1527.0,1528.0,1536.0,1524.0,175.0,267750.0,3325
2023-05-09 21:11:43,FG2403,FG403,1528.0,0.0,0.0,0.0,51,1528.0,1529.0,1,1527.0,1528.0,1536.0,1524.0,175.0,267750.0,3325
2023-05-09 21:11:54,FG2403,FG403,1529.0,1.0,1530.0,0.0,51,1528.0,1529.0,1,1527.0,1528.0,1536.0,1524.0,176.0,269280.0,3325
2023-05-09 21:11:55,FG2403,FG403,1528.0,1.0,1530.0,0.0,50,1528.0,1530.0,28,1527.0,1528.0,1536.0,1524.0,177.0,270810.0,3325
2023-05-09 21:12:00,FG2403,FG403,1528.0,0.0,0.0,0.0,50,1528.0,1529.0,1,1527.0,1528.0,1536.0,1524.0,177.0,270810.0,3325
2023-05-09 21:12:06,FG2403,FG403,1529.0,1.0,1530.0,1.0,50,1528.0,1529.0,1,1527.0,1528.0,1536.0,1524.0,178.0,272340.0,3326
2023-05-09 21:12:18,FG2403,FG403,1529.0,0.0,0.0,0.0,50,1528.0,1530.0,29,1527.0,1528.0,1536.0,1524.0,178.0,272340.0,3326
2023-05-09 21:12:18,FG2403,FG403,1529.0,0.0,0.0,0.0,50,1528.0,1530.0,28,1527.0,1528.0,1536.0,1524.0,178.0,272340.0,3326
2023-05-09 21:12:23,FG2403,FG403,1529.0,0.0,0.0,0.0,50,1528.0,1530.0,29,1527.0,1528.0,1536.0,1524.0,178.0,272340.0,3326
2023-05-09 21:12:26,FG2403,FG403,1529.0,0.0,0.0,0.0,50,1528.0,1530.0,28,1527.0,1528.0,1536.0,1524.0,178.0,272340.0,3326
2023-05-09 21:12:34,FG2403,FG403,1529.0,0.0,0.0,0.0,50,1528.0,1530.0,27,1527.0,1528.0,1536.0,1524.0,178.0,272340.0,3326
2023-05-09 21:12:39,FG2403,FG403,1529.0,0.0,0.0,0.0,50,1528.0,1530.0,28,1527.0,1528.0,1536.0,1524.0,178.0,272340.0,3326
2023-05-09 21:12:39,FG2403,FG403,1529.0,0.0,0.0,0.0,50,1528.0,1530.0,27,1527.0,1528.0,1536.0,1524.0,178.0,272340.0,3326
2023-05-09 21:12:41,FG2403,FG403,1529.0,0.0,0.0,0.0,50,1528.0,1530.0,28,1527.0,1528.0,1536.0,1524.0,178.0,272340.0,3326
2023-05-09 21:12:45,FG2403,FG403,1529.0,0.0,0.0,0.0,50,1528.0,1530.0,27,1527.0,1528.0,1536.0,1524.0,178.0,272340.0,3326
2023-05-09 21:12:49,FG2403,FG403,1529.0,0.0,0.0,0.0,50,1528.0,1530.0,28,1527.0,1528.0,1536.0,1524.0,178.0,272340.0,3326
2023-05-09 21:13:02,FG2403,FG403,1529.0,0.0,0.0,0.0,50,1528.0,1530.0,29,1527.0,1528.0,1536.0,1524.0,178.0,272340.0,3326
2023-05-09 21:13:02,FG2403,FG403,1529.0,0.0,0.0,0.0,50,1528.0,1530.0,28,1527.0,1528.0,1536.0,1524.0,178.0,272340.0,3326
2023-05-09 21:13:04,FG2403,FG403,1529.0,0.0,0.0,0.0,50,1528.0,1529.0,1,1527.0,1528.0,1536.0,1524.0,178.0,272340.0,3326
2023-05-09 21:13:04,FG2403,FG403,1528.0,4.0,6120.0,-1.0,46,1528.0,1530.0,28,1527.0,1528.0,1536.0,1524.0,182.0,278460.0,3325
2023-05-09 21:13:05,FG2403,FG403,1528.0,0.0,0.0,0.0,46,1528.0,1530.0,29,1527.0,1528.0,1536.0,1524.0,182.0,278460.0,3325
2023-05-09 21:13:05,FG2403,FG403,1528.0,0.0,0.0,0.0,46,1528.0,1530.0,28,1527.0,1528.0,1536.0,1524.0,182.0,278460.0,3325
2023-05-09 21:13:11,FG2403,FG403,1528.0,0.0,0.0,0.0,47,1528.0,1530.0,28,1527.0,1528.0,1536.0,1524.0,182.0,278460.0,3325
2023-05-09 21:13:11,FG2403,FG403,1528.0,0.0,0.0,0.0,46,1528.0,1530.0,28,1527.0,1528.0,1536.0,1524.0,182.0,278460.0,3325
2023-05-09 21:13:11,FG2403,FG403,1528.0,0.0,0.0,0.0,47,1528.0,1530.0,28,1527.0,1528.0,1536.0,1524.0,182.0,278460.0,3325
2023-05-09 21:13:12,FG2403,FG403,1528.0,0.0,0.0,0.0,46,1528.0,1530.0,28,1527.0,1528.0,1536.0,1524.0,182.0,278460.0,3325
2023-05-09 21:13:13,FG2403,FG403,1528.0,0.0,0.0,0.0,46,1528.0,1530.0,27,1527.0,1528.0,1536.0,1524.0,182.0,278460.0,3325
2023-05-09 21:13:14,FG2403,FG403,1528.0,0.0,0.0,0.0,47,1528.0,1530.0,27,1527.0,1528.0,1536.0,1524.0,182.0,278460.0,3325
2023-05-09 21:13:21,FG2403,FG403,1528.0,0.0,0.0,0.0,1,1529.0,1530.0,27,1527.0,1528.0,1536.0,1524.0,182.0,278460.0,3325
2023-05-09 21:13:31,FG2403,FG403,1530.0,22.0,33660.0,0.0,1,1529.0,1530.0,5,1527.0,1528.0,1536.0,1524.0,204.0,312120.0,3325
2023-05-09 21:13:46,FG2403,FG403,1530.0,0.0,0.0,0.0,47,1528.0,1530.0,5,1527.0,1528.0,1536.0,1524.0,204.0,312120.0,3325
2023-05-09 21:14:00,FG2403,FG403,1530.0,0.0,0.0,0.0,46,1528.0,1530.0,5,1527.0,1528.0,1536.0,1524.0,204.0,312120.0,3325
2023-05-09 21:14:00,FG2403,FG403,1530.0,0.0,0.0,0.0,46,1528.0,1530.0,6,1527.0,1528.0,1536.0,1524.0,204.0,312120.0,3325
2023-05-09 21:14:01,FG2403,FG403,1530.0,0.0,0.0,0.0,46,1528.0,1530.0,7,1527.0,1528.0,1536.0,1524.0,204.0,312120.0,3325
2023-05-09 21:14:10,FG2403,FG403,1530.0,0.0,0.0,0.0,46,1528.0,1530.0,6,1527.0,1528.0,1536.0,1524.0,204.0,312120.0,3325
2023-05-09 21:14:12,FG2403,FG403,1530.0,0.0,0.0,0.0,46,1528.0,1530.0,7,1527.0,1528.0,1536.0,1524.0,204.0,312120.0,3325
2023-05-09 21:14:13,FG2403,FG403,1530.0,0.0,0.0,0.0,46,1528.0,1530.0,6,1527.0,1528.0,1536.0,1524.0,204.0,312120.0,3325
2023-05-09 21:14:13,FG2403,FG403,1530.0,0.0,0.0,0.0,46,1528.0,1530.0,7,1527.0,1528.0,1536.0,1524.0,204.0,312120.0,3325
2023-05-09 21:14:14,FG2403,FG403,1530.0,0.0,0.0,0.0,46,1528.0,1530.0,6,1527.0,1528.0,1536.0,1524.0,204.0,312120.0,3325
2023-05-09 21:14:14,FG2403,FG403,1530.0,0.0,0.0,0.0,47,1528.0,1530.0,5,1527.0,1528.0,1536.0,1524.0,204.0,312120.0,3325
2023-05-09 21:14:15,FG2403,FG403,1530.0,0.0,0.0,0.0,47,1528.0,1530.0,6,1527.0,1528.0,1536.0,1524.0,204.0,312120.0,3325
2023-05-09 21:14:15,FG2403,FG403,1530.0,0.0,0.0,0.0,46,1528.0,1530.0,7,1527.0,1528.0,1536.0,1524.0,204.0,312120.0,3325
2023-05-09 21:14:16,FG2403,FG403,1530.0,0.0,0.0,0.0,46,1528.0,1530.0,6,1527.0,1528.0,1536.0,1524.0,204.0,312120.0,3325
2023-05-09 21:14:19,FG2403,FG403,1530.0,0.0,0.0,0.0,46,1528.0,1530.0,7,1527.0,1528.0,1536.0,1524.0,204.0,312120.0,3325
2023-05-09 21:14:21,FG2403,FG403,1530.0,0.0,0.0,0.0,46,1528.0,1530.0,6,1527.0,1528.0,1536.0,1524.0,204.0,312120.0,3325
2023-05-09 21:14:23,FG2403,FG403,1530.0,0.0,0.0,0.0,47,1528.0,1530.0,6,1527.0,1528.0,1536.0,1524.0,204.0,312120.0,3325
2023-05-09 21:14:24,FG2403,FG403,1530.0,0.0,0.0,0.0,47,1528.0,1530.0,5,1527.0,1528.0,1536.0,1524.0,204.0,312120.0,3325
2023-05-09 21:14:25,FG2403,FG403,1530.0,0.0,0.0,0.0,46,1528.0,1530.0,5,1527.0,1528.0,1536.0,1524.0,204.0,312120.0,3325
2023-05-09 21:14:26,FG2403,FG403,1530.0,0.0,0.0,0.0,46,1528.0,1530.0,6,1527.0,1528.0,1536.0,1524.0,204.0,312120.0,3325
2023-05-09 21:14:27,FG2403,FG403,1530.0,0.0,0.0,0.0,46,1528.0,1530.0,5,1527.0,1528.0,1536.0,1524.0,204.0,312120.0,3325
2023-05-09 21:14:28,FG2403,FG403,1530.0,0.0,0.0,0.0,47,1528.0,1530.0,5,1527.0,1528.0,1536.0,1524.0,204.0,312120.0,3325
2023-05-09 21:14:29,FG2403,FG403,1530.0,0.0,0.0,0.0,47,1528.0,1530.0,6,1527.0,1528.0,1536.0,1524.0,204.0,312120.0,3325
2023-05-09 21:14:30,FG2403,FG403,1530.0,0.0,0.0,0.0,46,1528.0,1530.0,5,1527.0,1528.0,1536.0,1524.0,204.0,312120.0,3325
2023-05-09 21:14:34,FG2403,FG403,1530.0,0.0,0.0,0.0,46,1528.0,1530.0,6,1527.0,1528.0,1536.0,1524.0,204.0,312120.0,3325
2023-05-09 21:14:35,FG2403,FG403,1530.0,0.0,0.0,0.0,46,1528.0,1530.0,5,1527.0,1528.0,1536.0,1524.0,204.0,312120.0,3325
2023-05-09 21:14:36,FG2403,FG403,1530.0,0.0,0.0,0.0,46,1528.0,1530.0,6,1527.0,1528.0,1536.0,1524.0,204.0,312120.0,3325
2023-05-09 21:14:40,FG2403,FG403,1530.0,0.0,0.0,0.0,46,1528.0,1530.0,7,1527.0,1528.0,1536.0,1524.0,204.0,312120.0,3325
2023-05-09 21:14:44,FG2403,FG403,1530.0,0.0,0.0,0.0,46,1528.0,1530.0,6,1527.0,1528.0,1536.0,1524.0,204.0,312120.0,3325
2023-05-09 21:14:45,FG2403,FG403,1530.0,0.0,0.0,0.0,46,1528.0,1530.0,7,1527.0,1528.0,1536.0,1524.0,204.0,312120.0,3325
2023-05-09 21:14:48,FG2403,FG403,1530.0,0.0,0.0,0.0,46,1528.0,1529.0,1,1527.0,1528.0,1536.0,1524.0,204.0,312120.0,3325
2023-05-09 21:14:52,FG2403,FG403,1530.0,0.0,0.0,0.0,46,1528.0,1530.0,7,1527.0,1528.0,1536.0,1524.0,204.0,312120.0,3325
2023-05-09 21:14:54,FG2403,FG403,1530.0,0.0,0.0,0.0,46,1528.0,1529.0,1,1527.0,1528.0,1536.0,1524.0,204.0,312120.0,3325
2023-05-09 21:14:54,FG2403,FG403,1530.0,1.0,1530.0,-1.0,46,1528.0,1530.0,7,1527.0,1528.0,1536.0,1524.0,205.0,313650.0,3324
2023-05-09 21:15:04,FG2403,FG403,1530.0,0.0,0.0,0.0,46,1528.0,1530.0,6,1527.0,1528.0,1536.0,1524.0,205.0,313650.0,3324
2023-05-09 21:15:05,FG2403,FG403,1530.0,0.0,0.0,0.0,46,1528.0,1530.0,5,1527.0,1528.0,1536.0,1524.0,205.0,313650.0,3324
2023-05-09 21:15:08,FG2403,FG403,1530.0,0.0,0.0,0.0,47,1528.0,1530.0,5,1527.0,1528.0,1536.0,1524.0,205.0,313650.0,3324
2023-05-09 21:15:11,FG2403,FG403,1530.0,0.0,0.0,0.0,46,1528.0,1530.0,5,1527.0,1528.0,1536.0,1524.0,205.0,313650.0,3324
2023-05-09 21:15:14,FG2403,FG403,1530.0,0.0,0.0,0.0,47,1528.0,1530.0,5,1527.0,1528.0,1536.0,1524.0,205.0,313650.0,3324
2023-05-09 21:15:17,FG2403,FG403,1530.0,0.0,0.0,0.0,48,1528.0,1530.0,5,1527.0,1528.0,1536.0,1524.0,205.0,313650.0,3324
2023-05-09 21:15:18,FG2403,FG403,1530.0,0.0,0.0,0.0,47,1528.0,1530.0,5,1527.0,1528.0,1536.0,1524.0,205.0,313650.0,3324
2023-05-09 21:15:18,FG2403,FG403,1530.0,0.0,0.0,0.0,48,1528.0,1530.0,5,1527.0,1528.0,1536.0,1524.0,205.0,313650.0,3324
2023-05-09 21:15:22,FG2403,FG403,1530.0,0.0,0.0,0.0,47,1528.0,1530.0,5,1527.0,1528.0,1536.0,1524.0,205.0,313650.0,3324
2023-05-09 21:15:23,FG2403,FG403,1530.0,0.0,0.0,0.0,48,1528.0,1530.0,5,1527.0,1528.0,1536.0,1524.0,205.0,313650.0,3324
2023-05-09 21:15:26,FG2403,FG403,1530.0,4.0,6120.0,4.0,1,1529.0,1530.0,1,1527.0,1528.0,1536.0,1524.0,209.0,319770.0,3328
2023-05-09 21:15:27,FG2403,FG403,1530.0,1.0,1530.0,-1.0,1,1529.0,1532.0,1,1527.0,1528.0,1536.0,1524.0,210.0,321300.0,3327
2023-05-09 21:15:31,FG2403,FG403,1530.0,0.0,0.0,0.0,1,1529.0,1533.0,51,1527.0,1528.0,1536.0,1524.0,210.0,321300.0,3327
2023-05-09 21:15:31,FG2403,FG403,1530.0,0.0,0.0,0.0,1,1529.0,1532.0,1,1527.0,1528.0,1536.0,1524.0,210.0,321300.0,3327
2023-05-09 21:15:32,FG2403,FG403,1530.0,0.0,0.0,0.0,1,1529.0,1533.0,51,1527.0,1528.0,1536.0,1524.0,210.0,321300.0,3327
2023-05-09 21:15:37,FG2403,FG403,1530.0,0.0,0.0,0.0,1,1529.0,1532.0,1,1527.0,1528.0,1536.0,1524.0,210.0,321300.0,3327
2023-05-09 21:15:38,FG2403,FG403,1530.0,0.0,0.0,0.0,2,1529.0,1533.0,51,1527.0,1528.0,1536.0,1524.0,210.0,321300.0,3327
2023-05-09 21:15:41,FG2403,FG403,1530.0,0.0,0.0,0.0,2,1529.0,1532.0,1,1527.0,1528.0,1536.0,1524.0,210.0,321300.0,3327
2023-05-09 21:15:43,FG2403,FG403,1530.0,0.0,0.0,0.0,2,1529.0,1533.0,51,1527.0,1528.0,1536.0,1524.0,210.0,321300.0,3327
2023-05-09 21:15:45,FG2403,FG403,1530.0,0.0,0.0,0.0,2,1529.0,1532.0,1,1527.0,1528.0,1536.0,1524.0,210.0,321300.0,3327
2023-05-09 21:15:52,FG2403,FG403,1530.0,0.0,0.0,0.0,2,1529.0,1533.0,51,1527.0,1528.0,1536.0,1524.0,210.0,321300.0,3327
2023-05-09 21:15:53,FG2403,FG403,1530.0,0.0,0.0,0.0,2,1529.0,1532.0,1,1527.0,1528.0,1536.0,1524.0,210.0,321300.0,3327
2023-05-09 21:15:54,FG2403,FG403,1530.0,0.0,0.0,0.0,2,1529.0,1533.0,51,1527.0,1528.0,1536.0,1524.0,210.0,321300.0,3327
2023-05-09 21:15:55,FG2403,FG403,1530.0,0.0,0.0,0.0,2,1529.0,1532.0,1,1527.0,1528.0,1536.0,1524.0,210.0,321300.0,3327
2023-05-09 21:16:03,FG2403,FG403,1530.0,0.0,0.0,0.0,1,1529.0,1531.0,1,1527.0,1528.0,1536.0,1524.0,210.0,321300.0,3327
2023-05-09 21:16:04,FG2403,FG403,1530.0,0.0,0.0,0.0,1,1529.0,1532.0,1,1527.0,1528.0,1536.0,1524.0,210.0,321300.0,3327
2023-05-09 21:16:06,FG2403,FG403,1530.0,0.0,0.0,0.0,2,1529.0,1532.0,1,1527.0,1528.0,1536.0,1524.0,210.0,321300.0,3327
2023-05-09 21:16:14,FG2403,FG403,1530.0,0.0,0.0,0.0,2,1529.0,1533.0,51,1527.0,1528.0,1536.0,1524.0,210.0,321300.0,3327
2023-05-09 21:16:16,FG2403,FG403,1530.0,0.0,0.0,0.0,1,1530.0,1533.0,51,1527.0,1528.0,1536.0,1524.0,210.0,321300.0,3327
2023-05-09 21:16:17,FG2403,FG403,1530.0,0.0,0.0,0.0,2,1529.0,1533.0,51,1527.0,1528.0,1536.0,1524.0,210.0,321300.0,3327
2023-05-09 21:16:18,FG2403,FG403,1530.0,0.0,0.0,0.0,1,1530.0,1533.0,51,1527.0,1528.0,1536.0,1524.0,210.0,321300.0,3327
2023-05-09 21:16:20,FG2403,FG403,1530.0,0.0,0.0,0.0,2,1529.0,1532.0,1,1527.0,1528.0,1536.0,1524.0,210.0,321300.0,3327
2023-05-09 21:16:23,FG2403,FG403,1530.0,0.0,0.0,0.0,2,1529.0,1533.0,51,1527.0,1528.0,1536.0,1524.0,210.0,321300.0,3327
2023-05-09 21:16:28,FG2403,FG403,1530.0,0.0,0.0,0.0,3,1529.0,1532.0,1,1527.0,1528.0,1536.0,1524.0,210.0,321300.0,3327
2023-05-09 21:16:28,FG2403,FG403,1530.0,0.0,0.0,0.0,3,1529.0,1533.0,51,1527.0,1528.0,1536.0,1524.0,210.0,321300.0,3327
2023-05-09 21:16:33,FG2403,FG403,1530.0,0.0,0.0,0.0,3,1529.0,1532.0,1,1527.0,1528.0,1536.0,1524.0,210.0,321300.0,3327
2023-05-09 21:16:34,FG2403,FG403,1530.0,0.0,0.0,0.0,4,1529.0,1533.0,52,1527.0,1528.0,1536.0,1524.0,210.0,321300.0,3327
2023-05-09 21:16:34,FG2403,FG403,1530.0,0.0,0.0,0.0,4,1529.0,1533.0,51,1527.0,1528.0,1536.0,1524.0,210.0,321300.0,3327
2023-05-09 21:16:36,FG2403,FG403,1530.0,0.0,0.0,0.0,4,1529.0,1532.0,1,1527.0,1528.0,1536.0,1524.0,210.0,321300.0,3327
2023-05-09 21:16:43,FG2403,FG403,1530.0,0.0,0.0,0.0,4,1529.0,1532.0,2,1527.0,1528.0,1536.0,1524.0,210.0,321300.0,3327
2023-05-09 21:16:44,FG2403,FG403,1530.0,0.0,0.0,0.0,4,1529.0,1532.0,1,1527.0,1528.0,1536.0,1524.0,210.0,321300.0,3327
2023-05-09 21:16:46,FG2403,FG403,1530.0,0.0,0.0,0.0,4,1529.0,1531.0,1,1527.0,1528.0,1536.0,1524.0,210.0,321300.0,3327
2023-05-09 21:17:07,FG2403,FG403,1530.0,0.0,0.0,0.0,3,1529.0,1531.0,1,1527.0,1528.0,1536.0,1524.0,210.0,321300.0,3327
2023-05-09 21:17:24,FG2403,FG403,1530.0,0.0,0.0,0.0,2,1529.0,1531.0,1,1527.0,1528.0,1536.0,1524.0,210.0,321300.0,3327
2023-05-09 21:17:30,FG2403,FG403,1530.0,0.0,0.0,0.0,3,1529.0,1531.0,1,1527.0,1528.0,1536.0,1524.0,210.0,321300.0,3327
2023-05-09 21:17:30,FG2403,FG403,1530.0,0.0,0.0,0.0,2,1529.0,1531.0,1,1527.0,1528.0,1536.0,1524.0,210.0,321300.0,3327
2023-05-09 21:17:32,FG2403,FG403,1530.0,0.0,0.0,0.0,3,1529.0,1531.0,1,1527.0,1528.0,1536.0,1524.0,210.0,321300.0,3327
2023-05-09 21:17:34,FG2403,FG403,1530.0,0.0,0.0,0.0,2,1529.0,1531.0,1,1527.0,1528.0,1536.0,1524.0,210.0,321300.0,3327
2023-05-09 21:17:39,FG2403,FG403,1530.0,0.0,0.0,0.0,2,1529.0,1531.0,2,1527.0,1528.0,1536.0,1524.0,210.0,321300.0,3327
2023-05-09 21:17:39,FG2403,FG403,1530.0,0.0,0.0,0.0,2,1529.0,1531.0,1,1527.0,1528.0,1536.0,1524.0,210.0,321300.0,3327
2023-05-09 21:17:39,FG2403,FG403,1530.0,0.0,0.0,0.0,2,1529.0,1531.0,2,1527.0,1528.0,1536.0,1524.0,210.0,321300.0,3327
2023-05-09 21:17:39,FG2403,FG403,1530.0,0.0,0.0,0.0,2,1529.0,1531.0,1,1527.0,1528.0,1536.0,1524.0,210.0,321300.0,3327
2023-05-09 21:17:40,FG2403,FG403,1530.0,0.0,0.0,0.0,2,1529.0,1531.0,2,1527.0,1528.0,1536.0,1524.0,210.0,321300.0,3327
2023-05-09 21:17:49,FG2403,FG403,1530.0,0.0,0.0,0.0,2,1529.0,1531.0,3,1527.0,1528.0,1536.0,1524.0,210.0,321300.0,3327
2023-05-09 21:17:49,FG2403,FG403,1530.0,0.0,0.0,0.0,2,1529.0,1531.0,2,1527.0,1528.0,1536.0,1524.0,210.0,321300.0,3327
2023-05-09 21:17:53,FG2403,FG403,1530.0,0.0,0.0,0.0,2,1529.0,1530.0,1,1527.0,1528.0,1536.0,1524.0,210.0,321300.0,3327
2023-05-09 21:17:54,FG2403,FG403,1530.0,0.0,0.0,0.0,2,1529.0,1530.0,2,1527.0,1528.0,1536.0,1524.0,210.0,321300.0,3327
2023-05-09 21:17:57,FG2403,FG403,1530.0,0.0,0.0,0.0,2,1529.0,1530.0,1,1527.0,1528.0,1536.0,1524.0,210.0,321300.0,3327
2023-05-09 21:18:02,FG2403,FG403,1530.0,0.0,0.0,0.0,2,1529.0,1531.0,3,1527.0,1528.0,1536.0,1524.0,210.0,321300.0,3327
2023-05-09 21:18:06,FG2403,FG403,1530.0,0.0,0.0,0.0,2,1529.0,1531.0,2,1527.0,1528.0,1536.0,1524.0,210.0,321300.0,3327
2023-05-09 21:18:06,FG2403,FG403,1530.0,0.0,0.0,0.0,2,1529.0,1531.0,1,1527.0,1528.0,1536.0,1524.0,210.0,321300.0,3327
2023-05-09 21:18:07,FG2403,FG403,1530.0,0.0,0.0,0.0,2,1529.0,1531.0,2,1527.0,1528.0,1536.0,1524.0,210.0,321300.0,3327
2023-05-09 21:18:53,FG2403,FG403,1530.0,0.0,0.0,0.0,2,1529.0,1530.0,1,1527.0,1528.0,1536.0,1524.0,210.0,321300.0,3327
2023-05-09 21:18:53,FG2403,FG403,1530.0,1.0,1530.0,-1.0,2,1529.0,1531.0,2,1527.0,1528.0,1536.0,1524.0,211.0,322830.0,3326
2023-05-09 21:18:54,FG2403,FG403,1530.0,0.0,0.0,0.0,2,1529.0,1530.0,1,1527.0,1528.0,1536.0,1524.0,211.0,322830.0,3326
2023-05-09 21:19:02,FG2403,FG403,1530.0,0.0,0.0,0.0,3,1529.0,1530.0,1,1527.0,1528.0,1536.0,1524.0,211.0,322830.0,3326
2023-05-09 21:19:21,FG2403,FG403,1529.0,1.0,1530.0,1.0,2,1529.0,1531.0,2,1527.0,1528.0,1536.0,1524.0,212.0,324360.0,3327
2023-05-09 21:19:21,FG2403,FG403,1529.0,0.0,0.0,0.0,2,1529.0,1530.0,1,1527.0,1528.0,1536.0,1524.0,212.0,324360.0,3327
2023-05-09 21:19:25,FG2403,FG403,1529.0,0.0,0.0,0.0,2,1529.0,1530.0,2,1527.0,1528.0,1536.0,1524.0,212.0,324360.0,3327
2023-05-09 21:19:27,FG2403,FG403,1529.0,1.0,1530.0,0.0,1,1529.0,1530.0,1,1527.0,1528.0,1536.0,1524.0,213.0,325890.0,3327
2023-05-09 21:19:28,FG2403,FG403,1529.0,1.0,1530.0,0.0,46,1528.0,1530.0,1,1527.0,1528.0,1536.0,1524.0,214.0,327420.0,3327
2023-05-09 21:19:40,FG2403,FG403,1529.0,0.0,0.0,0.0,46,1528.0,1531.0,2,1527.0,1528.0,1536.0,1524.0,214.0,327420.0,3327
2023-05-09 21:20:08,FG2403,FG403,1529.0,0.0,0.0,0.0,47,1528.0,1531.0,1,1527.0,1528.0,1536.0,1524.0,214.0,327420.0,3327
2023-05-09 21:20:08,FG2403,FG403,1529.0,0.0,0.0,0.0,48,1528.0,1531.0,1,1527.0,1528.0,1536.0,1524.0,214.0,327420.0,3327
2023-05-09 21:21:04,FG2403,FG403,1529.0,0.0,0.0,0.0,47,1528.0,1531.0,1,1527.0,1528.0,1536.0,1524.0,214.0,327420.0,3327
2023-05-09 21:21:05,FG2403,FG403,1529.0,0.0,0.0,0.0,46,1528.0,1531.0,2,1527.0,1528.0,1536.0,1524.0,214.0,327420.0,3327
2023-05-09 21:21:11,FG2403,FG403,1529.0,0.0,0.0,0.0,47,1528.0,1531.0,1,1527.0,1528.0,1536.0,1524.0,214.0,327420.0,3327
2023-05-09 21:21:12,FG2403,FG403,1529.0,0.0,0.0,0.0,46,1528.0,1531.0,1,1527.0,1528.0,1536.0,1524.0,214.0,327420.0,3327
2023-05-09 21:21:13,FG2403,FG403,1529.0,0.0,0.0,0.0,46,1528.0,1531.0,2,1527.0,1528.0,1536.0,1524.0,214.0,327420.0,3327
2023-05-09 21:21:19,FG2403,FG403,1529.0,0.0,0.0,0.0,46,1528.0,1531.0,1,1527.0,1528.0,1536.0,1524.0,214.0,327420.0,3327
2023-05-09 21:21:20,FG2403,FG403,1529.0,0.0,0.0,0.0,47,1528.0,1531.0,1,1527.0,1528.0,1536.0,1524.0,214.0,327420.0,3327
2023-05-09 21:21:38,FG2403,FG403,1529.0,0.0,0.0,0.0,1,1529.0,1531.0,1,1527.0,1528.0,1536.0,1524.0,214.0,327420.0,3327
2023-05-09 21:21:52,FG2403,FG403,1529.0,0.0,0.0,0.0,1,1529.0,1531.0,2,1527.0,1528.0,1536.0,1524.0,214.0,327420.0,3327
2023-05-09 21:21:53,FG2403,FG403,1529.0,0.0,0.0,0.0,46,1528.0,1531.0,2,1527.0,1528.0,1536.0,1524.0,214.0,327420.0,3327
2023-05-09 21:21:54,FG2403,FG403,1529.0,0.0,0.0,0.0,46,1528.0,1531.0,1,1527.0,1528.0,1536.0,1524.0,214.0,327420.0,3327
2023-05-09 21:21:59,FG2403,FG403,1529.0,0.0,0.0,0.0,46,1528.0,1531.0,2,1527.0,1528.0,1536.0,1524.0,214.0,327420.0,3327
2023-05-09 21:22:15,FG2403,FG403,1529.0,0.0,0.0,0.0,46,1528.0,1530.0,1,1527.0,1528.0,1536.0,1524.0,214.0,327420.0,3327
2023-05-09 21:22:21,FG2403,FG403,1529.0,0.0,0.0,0.0,46,1528.0,1531.0,3,1527.0,1528.0,1536.0,1524.0,214.0,327420.0,3327
2023-05-09 21:22:35,FG2403,FG403,1529.0,0.0,0.0,0.0,46,1528.0,1530.0,1,1527.0,1528.0,1536.0,1524.0,214.0,327420.0,3327
2023-05-09 21:22:42,FG2403,FG403,1529.0,0.0,0.0,0.0,46,1528.0,1531.0,3,1527.0,1528.0,1536.0,1524.0,214.0,327420.0,3327
2023-05-09 21:23:24,FG2403,FG403,1529.0,0.0,0.0,0.0,46,1528.0,1530.0,1,1527.0,1528.0,1536.0,1524.0,214.0,327420.0,3327
2023-05-09 21:23:30,FG2403,FG403,1529.0,0.0,0.0,0.0,46,1528.0,1531.0,3,1527.0,1528.0,1536.0,1524.0,214.0,327420.0,3327
2023-05-09 21:23:37,FG2403,FG403,1529.0,0.0,0.0,0.0,46,1528.0,1530.0,1,1527.0,1528.0,1536.0,1524.0,214.0,327420.0,3327
2023-05-09 21:23:38,FG2403,FG403,1529.0,0.0,0.0,0.0,46,1528.0,1531.0,3,1527.0,1528.0,1536.0,1524.0,214.0,327420.0,3327
2023-05-09 21:23:38,FG2403,FG403,1529.0,0.0,0.0,0.0,46,1528.0,1530.0,1,1527.0,1528.0,1536.0,1524.0,214.0,327420.0,3327
2023-05-09 21:23:39,FG2403,FG403,1529.0,0.0,0.0,0.0,46,1528.0,1531.0,3,1527.0,1528.0,1536.0,1524.0,214.0,327420.0,3327
2023-05-09 21:23:40,FG2403,FG403,1529.0,0.0,0.0,0.0,2,1530.0,1531.0,3,1527.0,1528.0,1536.0,1524.0,214.0,327420.0,3327
2023-05-09 21:23:40,FG2403,FG403,1530.0,1.0,1530.0,0.0,1,1530.0,1531.0,3,1527.0,1528.0,1536.0,1524.0,215.0,328950.0,3327
2023-05-09 21:23:41,FG2403,FG403,1530.0,1.0,1530.0,0.0,46,1528.0,1531.0,2,1527.0,1528.0,1536.0,1524.0,216.0,330480.0,3327
2023-05-09 21:23:44,FG2403,FG403,1530.0,0.0,0.0,0.0,46,1528.0,1531.0,3,1527.0,1528.0,1536.0,1524.0,216.0,330480.0,3327
2023-05-09 21:23:48,FG2403,FG403,1530.0,0.0,0.0,0.0,46,1528.0,1531.0,2,1527.0,1528.0,1536.0,1524.0,216.0,330480.0,3327
2023-05-09 21:23:48,FG2403,FG403,1530.0,0.0,0.0,0.0,48,1528.0,1531.0,2,1527.0,1528.0,1536.0,1524.0,216.0,330480.0,3327
2023-05-09 21:23:53,FG2403,FG403,1530.0,0.0,0.0,0.0,46,1528.0,1531.0,3,1527.0,1528.0,1536.0,1524.0,216.0,330480.0,3327
2023-05-09 21:23:53,FG2403,FG403,1530.0,0.0,0.0,0.0,1,1529.0,1531.0,3,1527.0,1528.0,1536.0,1524.0,216.0,330480.0,3327
2023-05-09 21:23:55,FG2403,FG403,1530.0,0.0,0.0,0.0,1,1529.0,1531.0,2,1527.0,1528.0,1536.0,1524.0,216.0,330480.0,3327
2023-05-09 21:24:13,FG2403,FG403,1530.0,0.0,0.0,0.0,1,1529.0,1531.0,3,1527.0,1528.0,1536.0,1524.0,216.0,330480.0,3327
2023-05-09 21:24:16,FG2403,FG403,1530.0,0.0,0.0,0.0,1,1529.0,1531.0,2,1527.0,1528.0,1536.0,1524.0,216.0,330480.0,3327
2023-05-09 21:24:16,FG2403,FG403,1530.0,0.0,0.0,0.0,1,1529.0,1531.0,3,1527.0,1528.0,1536.0,1524.0,216.0,330480.0,3327
2023-05-09 21:24:35,FG2403,FG403,1529.0,1.0,1530.0,1.0,46,1528.0,1531.0,3,1527.0,1528.0,1536.0,1524.0,217.0,332010.0,3328
2023-05-09 21:24:37,FG2403,FG403,1529.0,0.0,0.0,0.0,46,1528.0,1530.0,1,1527.0,1528.0,1536.0,1524.0,217.0,332010.0,3328
2023-05-09 21:24:46,FG2403,FG403,1529.0,0.0,0.0,0.0,46,1528.0,1530.0,2,1527.0,1528.0,1536.0,1524.0,217.0,332010.0,3328
2023-05-09 21:24:52,FG2403,FG403,1529.0,0.0,0.0,0.0,46,1528.0,1530.0,1,1527.0,1528.0,1536.0,1524.0,217.0,332010.0,3328
2023-05-09 21:24:53,FG2403,FG403,1529.0,0.0,0.0,0.0,46,1528.0,1530.0,2,1527.0,1528.0,1536.0,1524.0,217.0,332010.0,3328
2023-05-09 21:25:05,FG2403,FG403,1530.0,2.0,3060.0,-2.0,46,1528.0,1531.0,2,1527.0,1528.0,1536.0,1524.0,219.0,335070.0,3326
2023-05-09 21:25:09,FG2403,FG403,1530.0,0.0,0.0,0.0,1,1529.0,1531.0,2,1527.0,1528.0,1536.0,1524.0,219.0,335070.0,3326
2023-05-09 21:25:39,FG2403,FG403,1530.0,0.0,0.0,0.0,1,1529.0,1531.0,3,1527.0,1528.0,1536.0,1524.0,219.0,335070.0,3326
2023-05-09 21:25:43,FG2403,FG403,1530.0,0.0,0.0,0.0,2,1529.0,1531.0,3,1527.0,1528.0,1536.0,1524.0,219.0,335070.0,3326
2023-05-09 21:25:52,FG2403,FG403,1530.0,0.0,0.0,0.0,2,1529.0,1531.0,2,1527.0,1528.0,1536.0,1524.0,219.0,335070.0,3326
2023-05-09 21:26:07,FG2403,FG403,1530.0,0.0,0.0,0.0,2,1529.0,1531.0,1,1527.0,1528.0,1536.0,1524.0,219.0,335070.0,3326
2023-05-09 21:26:42,FG2403,FG403,1530.0,0.0,0.0,0.0,4,1529.0,1531.0,1,1527.0,1528.0,1536.0,1524.0,219.0,335070.0,3326
2023-05-09 21:26:43,FG2403,FG403,1530.0,0.0,0.0,0.0,5,1529.0,1531.0,1,1527.0,1528.0,1536.0,1524.0,219.0,335070.0,3326
2023-05-09 21:26:45,FG2403,FG403,1530.0,0.0,0.0,0.0,2,1530.0,1531.0,1,1527.0,1528.0,1536.0,1524.0,219.0,335070.0,3326
2023-05-09 21:26:49,FG2403,FG403,1530.0,0.0,0.0,0.0,4,1529.0,1531.0,1,1527.0,1528.0,1536.0,1524.0,219.0,335070.0,3326
2023-05-09 21:26:50,FG2403,FG403,1530.0,0.0,0.0,0.0,2,1530.0,1531.0,1,1527.0,1528.0,1536.0,1524.0,219.0,335070.0,3326
2023-05-09 21:26:56,FG2403,FG403,1531.0,2.0,3060.0,0.0,1,1531.0,1532.0,1,1527.0,1528.0,1536.0,1524.0,221.0,338130.0,3326
2023-05-09 21:26:56,FG2403,FG403,1532.0,1.0,1530.0,-1.0,1,1531.0,1533.0,51,1527.0,1528.0,1536.0,1524.0,222.0,339660.0,3325
2023-05-09 21:27:00,FG2403,FG403,1532.0,0.0,0.0,0.0,1,1530.0,1533.0,52,1527.0,1528.0,1536.0,1524.0,222.0,339660.0,3325
2023-05-09 21:27:03,FG2403,FG403,1532.0,0.0,0.0,0.0,3,1532.0,1533.0,52,1527.0,1528.0,1536.0,1524.0,222.0,339660.0,3325
2023-05-09 21:27:08,FG2403,FG403,1532.0,0.0,0.0,0.0,3,1532.0,1533.0,51,1527.0,1528.0,1536.0,1524.0,222.0,339660.0,3325
2023-05-09 21:27:15,FG2403,FG403,1533.0,3.0,4590.0,3.0,1,1531.0,1533.0,48,1527.0,1528.0,1536.0,1524.0,225.0,344250.0,3328
2023-05-09 21:27:16,FG2403,FG403,1533.0,0.0,0.0,0.0,1,1530.0,1533.0,48,1527.0,1528.0,1536.0,1524.0,225.0,344250.0,3328
2023-05-09 21:27:17,FG2403,FG403,1533.0,0.0,0.0,0.0,1,1530.0,1533.0,49,1527.0,1528.0,1536.0,1524.0,225.0,344250.0,3328
2023-05-09 21:27:17,FG2403,FG403,1533.0,0.0,0.0,0.0,1,1531.0,1533.0,48,1527.0,1528.0,1536.0,1524.0,225.0,344250.0,3328
2023-05-09 21:27:17,FG2403,FG403,1533.0,0.0,0.0,0.0,1,1530.0,1533.0,48,1527.0,1528.0,1536.0,1524.0,225.0,344250.0,3328
2023-05-09 21:27:19,FG2403,FG403,1533.0,0.0,0.0,0.0,1,1531.0,1533.0,48,1527.0,1528.0,1536.0,1524.0,225.0,344250.0,3328
2023-05-09 21:27:21,FG2403,FG403,1533.0,0.0,0.0,0.0,1,1530.0,1533.0,48,1527.0,1528.0,1536.0,1524.0,225.0,344250.0,3328
2023-05-09 21:27:21,FG2403,FG403,1533.0,0.0,0.0,0.0,1,1530.0,1533.0,49,1527.0,1528.0,1536.0,1524.0,225.0,344250.0,3328
2023-05-09 21:27:43,FG2403,FG403,1533.0,0.0,0.0,0.0,1,1530.0,1532.0,1,1527.0,1528.0,1536.0,1524.0,225.0,344250.0,3328
2023-05-09 21:27:47,FG2403,FG403,1533.0,0.0,0.0,0.0,3,1529.0,1532.0,1,1527.0,1528.0,1536.0,1524.0,225.0,344250.0,3328
2023-05-09 21:27:48,FG2403,FG403,1533.0,0.0,0.0,0.0,3,1529.0,1532.0,2,1527.0,1528.0,1536.0,1524.0,225.0,344250.0,3328
2023-05-09 21:27:49,FG2403,FG403,1533.0,0.0,0.0,0.0,3,1529.0,1532.0,1,1527.0,1528.0,1536.0,1524.0,225.0,344250.0,3328
2023-05-09 21:27:49,FG2403,FG403,1533.0,0.0,0.0,0.0,1,1530.0,1532.0,1,1527.0,1528.0,1536.0,1524.0,225.0,344250.0,3328
2023-05-09 21:28:11,FG2403,FG403,1533.0,0.0,0.0,0.0,1,1530.0,1532.0,2,1527.0,1528.0,1536.0,1524.0,225.0,344250.0,3328
2023-05-09 21:28:18,FG2403,FG403,1533.0,0.0,0.0,0.0,1,1530.0,1531.0,1,1527.0,1528.0,1536.0,1524.0,225.0,344250.0,3328
2023-05-09 21:28:23,FG2403,FG403,1530.0,1.0,1530.0,0.0,2,1529.0,1531.0,1,1527.0,1528.0,1536.0,1524.0,226.0,345780.0,3328
2023-05-09 21:28:25,FG2403,FG403,1530.0,0.0,0.0,0.0,3,1529.0,1532.0,2,1527.0,1528.0,1536.0,1524.0,226.0,345780.0,3328
2023-05-09 21:28:30,FG2403,FG403,1530.0,0.0,0.0,0.0,3,1529.0,1532.0,1,1527.0,1528.0,1536.0,1524.0,226.0,345780.0,3328
2023-05-09 21:28:35,FG2403,FG403,1530.0,0.0,0.0,0.0,1,1531.0,1532.0,1,1527.0,1528.0,1536.0,1524.0,226.0,345780.0,3328
2023-05-09 21:28:58,FG2403,FG403,1532.0,1.0,1530.0,0.0,1,1530.0,1533.0,48,1527.0,1528.0,1536.0,1524.0,227.0,347310.0,3328
2023-05-09 21:29:05,FG2403,FG403,1532.0,0.0,0.0,0.0,1,1530.0,1532.0,1,1527.0,1528.0,1536.0,1524.0,227.0,347310.0,3328
2023-05-09 21:29:05,FG2403,FG403,1532.0,0.0,0.0,0.0,4,1529.0,1532.0,1,1527.0,1528.0,1536.0,1524.0,227.0,347310.0,3328
2023-05-09 21:29:07,FG2403,FG403,1532.0,0.0,0.0,0.0,1,1530.0,1532.0,1,1527.0,1528.0,1536.0,1524.0,227.0,347310.0,3328
2023-05-09 21:29:11,FG2403,FG403,1532.0,0.0,0.0,0.0,4,1529.0,1532.0,1,1527.0,1528.0,1536.0,1524.0,227.0,347310.0,3328
2023-05-09 21:29:11,FG2403,FG403,1532.0,0.0,0.0,0.0,4,1529.0,1532.0,2,1527.0,1528.0,1536.0,1524.0,227.0,347310.0,3328
2023-05-09 21:29:16,FG2403,FG403,1532.0,0.0,0.0,0.0,1,1530.0,1532.0,2,1527.0,1528.0,1536.0,1524.0,227.0,347310.0,3328
2023-05-09 21:29:21,FG2403,FG403,1532.0,0.0,0.0,0.0,2,1530.0,1532.0,2,1527.0,1528.0,1536.0,1524.0,227.0,347310.0,3328
2023-05-09 21:29:22,FG2403,FG403,1532.0,2.0,3060.0,-2.0,1,1532.0,1533.0,48,1527.0,1528.0,1536.0,1524.0,229.0,350370.0,3326
2023-05-09 21:29:23,FG2403,FG403,1533.0,5.0,7650.0,2.0,1,1532.0,1533.0,44,1527.0,1528.0,1536.0,1524.0,234.0,358020.0,3328
2023-05-09 21:29:32,FG2403,FG403,1533.0,0.0,0.0,0.0,1,1531.0,1533.0,44,1527.0,1528.0,1536.0,1524.0,234.0,358020.0,3328
2023-05-09 21:29:33,FG2403,FG403,1533.0,0.0,0.0,0.0,1,1532.0,1533.0,43,1527.0,1528.0,1536.0,1524.0,234.0,358020.0,3328
2023-05-09 21:29:36,FG2403,FG403,1533.0,0.0,0.0,0.0,6,1531.0,1533.0,43,1527.0,1528.0,1536.0,1524.0,234.0,358020.0,3328
2023-05-09 21:29:46,FG2403,FG403,1533.0,0.0,0.0,0.0,5,1531.0,1533.0,43,1527.0,1528.0,1536.0,1524.0,234.0,358020.0,3328
2023-05-09 21:29:48,FG2403,FG403,1533.0,0.0,0.0,0.0,5,1531.0,1532.0,1,1527.0,1528.0,1536.0,1524.0,234.0,358020.0,3328
2023-05-09 21:29:57,FG2403,FG403,1533.0,0.0,0.0,0.0,6,1531.0,1532.0,1,1527.0,1528.0,1536.0,1524.0,234.0,358020.0,3328
2023-05-09 21:29:57,FG2403,FG403,1533.0,0.0,0.0,0.0,5,1531.0,1532.0,1,1527.0,1528.0,1536.0,1524.0,234.0,358020.0,3328
2023-05-09 21:29:58,FG2403,FG403,1533.0,0.0,0.0,0.0,6,1531.0,1532.0,1,1527.0,1528.0,1536.0,1524.0,234.0,358020.0,3328
2023-05-09 21:30:01,FG2403,FG403,1533.0,0.0,0.0,0.0,5,1531.0,1532.0,1,1527.0,1528.0,1536.0,1524.0,234.0,358020.0,3328
2023-05-09 21:30:04,FG2403,FG403,1532.0,1.0,1530.0,-1.0,5,1532.0,1533.0,43,1527.0,1528.0,1536.0,1524.0,235.0,359550.0,3327
2023-05-09 21:30:09,FG2403,FG403,1532.0,0.0,0.0,0.0,5,1531.0,1533.0,43,1527.0,1528.0,1536.0,1524.0,235.0,359550.0,3327
2023-05-09 21:30:10,FG2403,FG403,1533.0,5.0,7650.0,0.0,5,1531.0,1533.0,38,1527.0,1528.0,1536.0,1524.0,240.0,367200.0,3327
2023-05-09 21:30:10,FG2403,FG403,1533.0,0.0,0.0,0.0,1,1532.0,1533.0,38,1527.0,1528.0,1536.0,1524.0,240.0,367200.0,3327
2023-05-09 21:30:18,FG2403,FG403,1532.0,1.0,1530.0,1.0,5,1531.0,1533.0,39,1527.0,1528.0,1536.0,1524.0,241.0,368730.0,3328
2023-05-09 21:30:18,FG2403,FG403,1532.0,0.0,0.0,0.0,5,1531.0,1532.0,1,1527.0,1528.0,1536.0,1524.0,241.0,368730.0,3328
2023-05-09 21:30:19,FG2403,FG403,1532.0,0.0,0.0,0.0,5,1531.0,1533.0,39,1527.0,1528.0,1536.0,1524.0,241.0,368730.0,3328
2023-05-09 21:30:22,FG2403,FG403,1532.0,0.0,0.0,0.0,5,1531.0,1532.0,1,1527.0,1528.0,1536.0,1524.0,241.0,368730.0,3328
2023-05-09 21:30:27,FG2403,FG403,1532.0,0.0,0.0,0.0,5,1531.0,1532.0,2,1527.0,1528.0,1536.0,1524.0,241.0,368730.0,3328
2023-05-09 21:30:42,FG2403,FG403,1532.0,0.0,0.0,0.0,5,1531.0,1532.0,1,1527.0,1528.0,1536.0,1524.0,241.0,368730.0,3328
2023-05-09 21:30:44,FG2403,FG403,1532.0,0.0,0.0,0.0,5,1531.0,1532.0,2,1527.0,1528.0,1536.0,1524.0,241.0,368730.0,3328
2023-05-09 21:30:52,FG2403,FG403,1531.0,3.0,4590.0,2.0,2,1531.0,1532.0,3,1527.0,1528.0,1536.0,1524.0,244.0,373320.0,3330
2023-05-09 21:30:53,FG2403,FG403,1531.0,0.0,0.0,0.0,4,1529.0,1532.0,2,1527.0,1528.0,1536.0,1524.0,244.0,373320.0,3330
2023-05-09 21:30:53,FG2403,FG403,1531.0,0.0,0.0,0.0,4,1529.0,1532.0,1,1527.0,1528.0,1536.0,1524.0,244.0,373320.0,3330
2023-05-09 21:30:54,FG2403,FG403,1531.0,0.0,0.0,0.0,5,1529.0,1532.0,12,1527.0,1528.0,1536.0,1524.0,244.0,373320.0,3330
2023-05-09 21:30:55,FG2403,FG403,1531.0,0.0,0.0,0.0,5,1529.0,1532.0,14,1527.0,1528.0,1536.0,1524.0,244.0,373320.0,3330
2023-05-09 21:31:01,FG2403,FG403,1531.0,0.0,0.0,0.0,4,1529.0,1532.0,14,1527.0,1528.0,1536.0,1524.0,244.0,373320.0,3330
2023-05-09 21:31:05,FG2403,FG403,1531.0,0.0,0.0,0.0,5,1529.0,1532.0,14,1527.0,1528.0,1536.0,1524.0,244.0,373320.0,3330
2023-05-09 21:31:09,FG2403,FG403,1531.0,0.0,0.0,0.0,5,1529.0,1531.0,1,1527.0,1528.0,1536.0,1524.0,244.0,373320.0,3330
2023-05-09 21:31:14,FG2403,FG403,1531.0,0.0,0.0,0.0,4,1529.0,1531.0,1,1527.0,1528.0,1536.0,1524.0,244.0,373320.0,3330
2023-05-09 21:31:28,FG2403,FG403,1531.0,0.0,0.0,0.0,5,1529.0,1531.0,1,1527.0,1528.0,1536.0,1524.0,244.0,373320.0,3330
2023-05-09 21:31:53,FG2403,FG403,1531.0,0.0,0.0,0.0,5,1529.0,1531.0,3,1527.0,1528.0,1536.0,1524.0,244.0,373320.0,3330
2023-05-09 21:31:54,FG2403,FG403,1531.0,0.0,0.0,0.0,4,1529.0,1531.0,3,1527.0,1528.0,1536.0,1524.0,244.0,373320.0,3330
2023-05-09 21:31:55,FG2403,FG403,1531.0,0.0,0.0,0.0,4,1529.0,1531.0,1,1527.0,1528.0,1536.0,1524.0,244.0,373320.0,3330
2023-05-09 21:32:22,FG2403,FG403,1531.0,0.0,0.0,0.0,4,1529.0,1531.0,3,1527.0,1528.0,1536.0,1524.0,244.0,373320.0,3330
2023-05-09 21:32:31,FG2403,FG403,1531.0,0.0,0.0,0.0,4,1529.0,1530.0,2,1527.0,1528.0,1536.0,1524.0,244.0,373320.0,3330
2023-05-09 21:32:43,FG2403,FG403,1531.0,0.0,0.0,0.0,4,1529.0,1531.0,3,1527.0,1528.0,1536.0,1524.0,244.0,373320.0,3330
2023-05-09 21:32:43,FG2403,FG403,1529.0,1.0,1530.0,0.0,4,1529.0,1531.0,3,1527.0,1528.0,1536.0,1524.0,245.0,374850.0,3330
2023-05-09 21:32:45,FG2403,FG403,1529.0,0.0,0.0,0.0,3,1529.0,1531.0,3,1527.0,1528.0,1536.0,1524.0,245.0,374850.0,3330
2023-05-09 21:32:48,FG2403,FG403,1529.0,0.0,0.0,0.0,3,1529.0,1531.0,1,1527.0,1528.0,1536.0,1524.0,245.0,374850.0,3330
2023-05-09 21:32:51,FG2403,FG403,1529.0,0.0,0.0,0.0,2,1529.0,1531.0,1,1527.0,1528.0,1536.0,1524.0,245.0,374850.0,3330
2023-05-09 21:32:51,FG2403,FG403,1529.0,0.0,0.0,0.0,2,1529.0,1531.0,3,1527.0,1528.0,1536.0,1524.0,245.0,374850.0,3330
2023-05-09 21:32:57,FG2403,FG403,1529.0,0.0,0.0,0.0,2,1529.0,1531.0,2,1527.0,1528.0,1536.0,1524.0,245.0,374850.0,3330
2023-05-09 21:32:57,FG2403,FG403,1529.0,0.0,0.0,0.0,2,1529.0,1531.0,1,1527.0,1528.0,1536.0,1524.0,245.0,374850.0,3330
2023-05-09 21:33:01,FG2403,FG403,1529.0,0.0,0.0,0.0,3,1529.0,1531.0,1,1527.0,1528.0,1536.0,1524.0,245.0,374850.0,3330
2023-05-09 21:33:06,FG2403,FG403,1531.0,1.0,1530.0,0.0,1,1530.0,1532.0,1,1527.0,1528.0,1536.0,1524.0,246.0,376380.0,3330
2023-05-09 21:33:07,FG2403,FG403,1531.0,0.0,0.0,0.0,2,1530.0,1532.0,1,1527.0,1528.0,1536.0,1524.0,246.0,376380.0,3330
2023-05-09 21:33:41,FG2403,FG403,1531.0,0.0,0.0,0.0,1,1530.0,1532.0,1,1527.0,1528.0,1536.0,1524.0,246.0,376380.0,3330
2023-05-09 21:33:41,FG2403,FG403,1531.0,0.0,0.0,0.0,6,1529.0,1532.0,1,1527.0,1528.0,1536.0,1524.0,246.0,376380.0,3330
2023-05-09 21:33:51,FG2403,FG403,1531.0,0.0,0.0,0.0,1,1530.0,1532.0,1,1527.0,1528.0,1536.0,1524.0,246.0,376380.0,3330
2023-05-09 21:33:51,FG2403,FG403,1531.0,0.0,0.0,0.0,2,1530.0,1532.0,1,1527.0,1528.0,1536.0,1524.0,246.0,376380.0,3330
2023-05-09 21:34:17,FG2403,FG403,1532.0,1.0,1530.0,0.0,3,1530.0,1533.0,38,1527.0,1528.0,1536.0,1524.0,247.0,377910.0,3330
2023-05-09 21:34:17,FG2403,FG403,1532.0,0.0,0.0,0.0,1,1530.0,1533.0,38,1527.0,1528.0,1536.0,1524.0,247.0,377910.0,3330
2023-05-09 21:34:24,FG2403,FG403,1532.0,0.0,0.0,0.0,1,1530.0,1533.0,39,1527.0,1528.0,1536.0,1524.0,247.0,377910.0,3330
2023-05-09 21:34:24,FG2403,FG403,1532.0,0.0,0.0,0.0,1,1530.0,1533.0,38,1527.0,1528.0,1536.0,1524.0,247.0,377910.0,3330
2023-05-09 21:34:25,FG2403,FG403,1532.0,0.0,0.0,0.0,2,1530.0,1533.0,38,1527.0,1528.0,1536.0,1524.0,247.0,377910.0,3330
2023-05-09 21:34:26,FG2403,FG403,1532.0,0.0,0.0,0.0,2,1530.0,1533.0,39,1527.0,1528.0,1536.0,1524.0,247.0,377910.0,3330
2023-05-09 21:34:28,FG2403,FG403,1532.0,0.0,0.0,0.0,2,1530.0,1533.0,38,1527.0,1528.0,1536.0,1524.0,247.0,377910.0,3330
2023-05-09 21:34:29,FG2403,FG403,1532.0,0.0,0.0,0.0,2,1530.0,1533.0,39,1527.0,1528.0,1536.0,1524.0,247.0,377910.0,3330
2023-05-09 21:34:29,FG2403,FG403,1532.0,0.0,0.0,0.0,2,1530.0,1533.0,38,1527.0,1528.0,1536.0,1524.0,247.0,377910.0,3330
2023-05-09 21:34:30,FG2403,FG403,1532.0,0.0,0.0,0.0,1,1531.0,1533.0,38,1527.0,1528.0,1536.0,1524.0,247.0,377910.0,3330
2023-05-09 21:34:30,FG2403,FG403,1532.0,0.0,0.0,0.0,2,1530.0,1533.0,38,1527.0,1528.0,1536.0,1524.0,247.0,377910.0,3330
2023-05-09 21:34:32,FG2403,FG403,1532.0,0.0,0.0,0.0,2,1530.0,1533.0,39,1527.0,1528.0,1536.0,1524.0,247.0,377910.0,3330
2023-05-09 21:34:36,FG2403,FG403,1532.0,0.0,0.0,0.0,1,1530.0,1532.0,1,1527.0,1528.0,1536.0,1524.0,247.0,377910.0,3330
2023-05-09 21:34:45,FG2403,FG403,1530.0,1.0,1530.0,0.0,6,1529.0,1532.0,1,1527.0,1528.0,1536.0,1524.0,248.0,379440.0,3330
2023-05-09 21:34:54,FG2403,FG403,1530.0,0.0,0.0,0.0,1,1530.0,1533.0,39,1527.0,1528.0,1536.0,1524.0,248.0,379440.0,3330
2023-05-09 21:34:58,FG2403,FG403,1530.0,0.0,0.0,0.0,1,1530.0,1533.0,43,1527.0,1528.0,1536.0,1524.0,248.0,379440.0,3330
2023-05-09 21:35:04,FG2403,FG403,1530.0,0.0,0.0,0.0,1,1531.0,1533.0,42,1527.0,1528.0,1536.0,1524.0,248.0,379440.0,3330
2023-05-09 21:35:16,FG2403,FG403,1530.0,0.0,0.0,0.0,1,1531.0,1532.0,1,1527.0,1528.0,1536.0,1524.0,248.0,379440.0,3330
2023-05-09 21:35:20,FG2403,FG403,1530.0,0.0,0.0,0.0,2,1530.0,1532.0,1,1527.0,1528.0,1536.0,1524.0,248.0,379440.0,3330
2023-05-09 21:35:40,FG2403,FG403,1532.0,1.0,1530.0,-1.0,1,1531.0,1533.0,42,1527.0,1528.0,1536.0,1524.0,249.0,380970.0,3329
2023-05-09 21:35:47,FG2403,FG403,1531.0,2.0,3060.0,-2.0,1,1531.0,1533.0,42,1527.0,1528.0,1536.0,1524.0,251.0,384030.0,3327
2023-05-09 21:35:55,FG2403,FG403,1531.0,0.0,0.0,0.0,1,1531.0,1532.0,5,1527.0,1528.0,1536.0,1524.0,251.0,384030.0,3327
2023-05-09 21:35:57,FG2403,FG403,1532.0,1.0,1530.0,-1.0,1,1531.0,1532.0,5,1527.0,1528.0,1536.0,1524.0,252.0,385560.0,3326
2023-05-09 21:36:00,FG2403,FG403,1532.0,0.0,0.0,0.0,3,1530.0,1532.0,5,1527.0,1528.0,1536.0,1524.0,252.0,385560.0,3326
2023-05-09 21:36:01,FG2403,FG403,1532.0,0.0,0.0,0.0,5,1530.0,1532.0,5,1527.0,1528.0,1536.0,1524.0,252.0,385560.0,3326
2023-05-09 21:36:02,FG2403,FG403,1532.0,0.0,0.0,0.0,3,1530.0,1532.0,5,1527.0,1528.0,1536.0,1524.0,252.0,385560.0,3326
2023-05-09 21:36:18,FG2403,FG403,1532.0,0.0,0.0,0.0,3,1530.0,1533.0,42,1527.0,1528.0,1536.0,1524.0,252.0,385560.0,3326
2023-05-09 21:36:19,FG2403,FG403,1532.0,0.0,0.0,0.0,1,1531.0,1533.0,42,1527.0,1528.0,1536.0,1524.0,252.0,385560.0,3326
2023-05-09 21:36:21,FG2403,FG403,1532.0,0.0,0.0,0.0,1,1531.0,1533.0,38,1527.0,1528.0,1536.0,1524.0,252.0,385560.0,3326
2023-05-09 21:36:24,FG2403,FG403,1532.0,0.0,0.0,0.0,3,1530.0,1533.0,39,1527.0,1528.0,1536.0,1524.0,252.0,385560.0,3326
2023-05-09 21:36:24,FG2403,FG403,1532.0,0.0,0.0,0.0,1,1531.0,1533.0,38,1527.0,1528.0,1536.0,1524.0,252.0,385560.0,3326
2023-05-09 21:36:28,FG2403,FG403,1531.0,5.0,7650.0,-4.0,3,1530.0,1533.0,38,1527.0,1528.0,1536.0,1524.0,257.0,393210.0,3322
2023-05-09 21:36:32,FG2403,FG403,1531.0,0.0,0.0,0.0,4,1530.0,1533.0,38,1527.0,1528.0,1536.0,1524.0,257.0,393210.0,3322
2023-05-09 21:36:39,FG2403,FG403,1531.0,0.0,0.0,0.0,1,1531.0,1533.0,38,1527.0,1528.0,1536.0,1524.0,257.0,393210.0,3322
2023-05-09 21:36:41,FG2403,FG403,1531.0,0.0,0.0,0.0,3,1530.0,1533.0,38,1527.0,1528.0,1536.0,1524.0,257.0,393210.0,3322
2023-05-09 21:36:48,FG2403,FG403,1531.0,0.0,0.0,0.0,4,1530.0,1533.0,38,1527.0,1528.0,1536.0,1524.0,257.0,393210.0,3322
2023-05-09 21:37:01,FG2403,FG403,1531.0,0.0,0.0,0.0,3,1530.0,1533.0,39,1527.0,1528.0,1536.0,1524.0,257.0,393210.0,3322
2023-05-09 21:37:02,FG2403,FG403,1531.0,0.0,0.0,0.0,2,1530.0,1533.0,39,1527.0,1528.0,1536.0,1524.0,257.0,393210.0,3322
2023-05-09 21:37:03,FG2403,FG403,1531.0,0.0,0.0,0.0,2,1530.0,1533.0,38,1527.0,1528.0,1536.0,1524.0,257.0,393210.0,3322
2023-05-09 21:37:03,FG2403,FG403,1531.0,0.0,0.0,0.0,3,1530.0,1533.0,38,1527.0,1528.0,1536.0,1524.0,257.0,393210.0,3322
2023-05-09 21:37:04,FG2403,FG403,1531.0,0.0,0.0,0.0,2,1530.0,1533.0,39,1527.0,1528.0,1536.0,1524.0,257.0,393210.0,3322
2023-05-09 21:37:21,FG2403,FG403,1531.0,0.0,0.0,0.0,2,1530.0,1532.0,1,1527.0,1528.0,1536.0,1524.0,257.0,393210.0,3322
2023-05-09 21:37:50,FG2403,FG403,1531.0,0.0,0.0,0.0,3,1530.0,1532.0,1,1527.0,1528.0,1536.0,1524.0,257.0,393210.0,3322
2023-05-09 21:37:58,FG2403,FG403,1531.0,0.0,0.0,0.0,3,1530.0,1533.0,39,1527.0,1528.0,1536.0,1524.0,257.0,393210.0,3322
2023-05-09 21:38:01,FG2403,FG403,1531.0,0.0,0.0,0.0,4,1530.0,1533.0,39,1527.0,1528.0,1536.0,1524.0,257.0,393210.0,3322
2023-05-09 21:38:10,FG2403,FG403,1531.0,0.0,0.0,0.0,4,1530.0,1532.0,1,1527.0,1528.0,1536.0,1524.0,257.0,393210.0,3322
2023-05-09 21:38:50,FG2403,FG403,1531.0,0.0,0.0,0.0,4,1530.0,1531.0,1,1527.0,1528.0,1536.0,1524.0,257.0,393210.0,3322
2023-05-09 21:39:10,FG2403,FG403,1531.0,1.0,1530.0,1.0,4,1530.0,1531.0,1,1527.0,1528.0,1536.0,1524.0,258.0,394740.0,3323
2023-05-09 21:39:35,FG2403,FG403,1531.0,0.0,0.0,0.0,3,1530.0,1531.0,1,1527.0,1528.0,1536.0,1524.0,258.0,394740.0,3323
2023-05-09 21:40:01,FG2403,FG403,1531.0,0.0,0.0,0.0,2,1530.0,1531.0,1,1527.0,1528.0,1536.0,1524.0,258.0,394740.0,3323
2023-05-09 21:40:02,FG2403,FG403,1529.0,5.0,7650.0,5.0,2,1529.0,1531.0,1,1527.0,1528.0,1536.0,1524.0,263.0,402390.0,3328
2023-05-09 21:40:08,FG2403,FG403,1529.0,0.0,0.0,0.0,2,1529.0,1531.0,2,1527.0,1528.0,1536.0,1524.0,263.0,402390.0,3328
2023-05-09 21:40:19,FG2403,FG403,1529.0,0.0,0.0,0.0,3,1529.0,1531.0,2,1527.0,1528.0,1536.0,1524.0,263.0,402390.0,3328
2023-05-09 21:40:32,FG2403,FG403,1529.0,0.0,0.0,0.0,3,1529.0,1531.0,1,1527.0,1528.0,1536.0,1524.0,263.0,402390.0,3328
2023-05-09 21:40:32,FG2403,FG403,1529.0,0.0,0.0,0.0,4,1529.0,1531.0,1,1527.0,1528.0,1536.0,1524.0,263.0,402390.0,3328
2023-05-09 21:40:33,FG2403,FG403,1529.0,0.0,0.0,0.0,6,1529.0,1531.0,1,1527.0,1528.0,1536.0,1524.0,263.0,402390.0,3328
2023-05-09 21:40:36,FG2403,FG403,1529.0,0.0,0.0,0.0,5,1529.0,1531.0,1,1527.0,1528.0,1536.0,1524.0,263.0,402390.0,3328
2023-05-09 21:40:37,FG2403,FG403,1529.0,0.0,0.0,0.0,3,1529.0,1531.0,1,1527.0,1528.0,1536.0,1524.0,263.0,402390.0,3328
2023-05-09 21:40:41,FG2403,FG403,1529.0,0.0,0.0,0.0,4,1529.0,1531.0,1,1527.0,1528.0,1536.0,1524.0,263.0,402390.0,3328
2023-05-09 21:40:48,FG2403,FG403,1529.0,0.0,0.0,0.0,4,1529.0,1531.0,2,1527.0,1528.0,1536.0,1524.0,263.0,402390.0,3328
2023-05-09 21:41:12,FG2403,FG403,1529.0,0.0,0.0,0.0,4,1529.0,1531.0,1,1527.0,1528.0,1536.0,1524.0,263.0,402390.0,3328
2023-05-09 21:41:12,FG2403,FG403,1529.0,0.0,0.0,0.0,4,1529.0,1530.0,1,1527.0,1528.0,1536.0,1524.0,263.0,402390.0,3328
2023-05-09 21:41:14,FG2403,FG403,1529.0,0.0,0.0,0.0,4,1529.0,1530.0,2,1527.0,1528.0,1536.0,1524.0,263.0,402390.0,3328
2023-05-09 21:41:29,FG2403,FG403,1529.0,0.0,0.0,0.0,5,1529.0,1530.0,2,1527.0,1528.0,1536.0,1524.0,263.0,402390.0,3328
2023-05-09 21:41:40,FG2403,FG403,1529.0,4.0,6120.0,3.0,1,1529.0,1530.0,3,1527.0,1528.0,1536.0,1524.0,267.0,408510.0,3331
2023-05-09 21:41:40,FG2403,FG403,1529.0,0.0,0.0,0.0,1,1529.0,1530.0,1,1527.0,1528.0,1536.0,1524.0,267.0,408510.0,3331
2023-05-09 21:41:46,FG2403,FG403,1529.0,0.0,0.0,0.0,1,1529.0,1530.0,2,1527.0,1528.0,1536.0,1524.0,267.0,408510.0,3331
2023-05-09 21:41:46,FG2403,FG403,1529.0,0.0,0.0,0.0,1,1529.0,1530.0,3,1527.0,1528.0,1536.0,1524.0,267.0,408510.0,3331
2023-05-09 21:41:48,FG2403,FG403,1529.0,0.0,0.0,0.0,1,1529.0,1530.0,1,1527.0,1528.0,1536.0,1524.0,267.0,408510.0,3331
2023-05-09 21:41:56,FG2403,FG403,1529.0,0.0,0.0,0.0,1,1529.0,1530.0,2,1527.0,1528.0,1536.0,1524.0,267.0,408510.0,3331
2023-05-09 21:41:56,FG2403,FG403,1529.0,0.0,0.0,0.0,1,1529.0,1530.0,3,1527.0,1528.0,1536.0,1524.0,267.0,408510.0,3331
2023-05-09 21:42:00,FG2403,FG403,1529.0,0.0,0.0,0.0,1,1529.0,1530.0,2,1527.0,1528.0,1536.0,1524.0,267.0,408510.0,3331
2023-05-09 21:42:02,FG2403,FG403,1529.0,0.0,0.0,0.0,1,1529.0,1530.0,1,1527.0,1528.0,1536.0,1524.0,267.0,408510.0,3331
2023-05-09 21:42:32,FG2403,FG403,1529.0,0.0,0.0,0.0,13,1529.0,1530.0,1,1527.0,1528.0,1536.0,1524.0,267.0,408510.0,3331
2023-05-09 21:42:53,FG2403,FG403,1529.0,0.0,0.0,0.0,13,1529.0,1532.0,2,1527.0,1528.0,1536.0,1524.0,267.0,408510.0,3331
2023-05-09 21:42:55,FG2403,FG403,1529.0,0.0,0.0,0.0,13,1529.0,1531.0,1,1527.0,1528.0,1536.0,1524.0,267.0,408510.0,3331
2023-05-09 21:42:58,FG2403,FG403,1529.0,0.0,0.0,0.0,14,1529.0,1531.0,1,1527.0,1528.0,1536.0,1524.0,267.0,408510.0,3331
2023-05-09 21:42:58,FG2403,FG403,1529.0,0.0,0.0,0.0,2,1530.0,1531.0,1,1527.0,1528.0,1536.0,1524.0,267.0,408510.0,3331
2023-05-09 21:43:22,FG2403,FG403,1529.0,0.0,0.0,0.0,13,1529.0,1531.0,1,1527.0,1528.0,1536.0,1524.0,267.0,408510.0,3331
2023-05-09 21:43:29,FG2403,FG403,1529.0,0.0,0.0,0.0,13,1529.0,1531.0,2,1527.0,1528.0,1536.0,1524.0,267.0,408510.0,3331
2023-05-09 21:43:30,FG2403,FG403,1529.0,0.0,0.0,0.0,13,1529.0,1531.0,3,1527.0,1528.0,1536.0,1524.0,267.0,408510.0,3331
2023-05-09 21:43:31,FG2403,FG403,1529.0,0.0,0.0,0.0,13,1529.0,1531.0,1,1527.0,1528.0,1536.0,1524.0,267.0,408510.0,3331
2023-05-09 21:44:41,FG2403,FG403,1529.0,0.0,0.0,0.0,1,1529.0,1531.0,1,1527.0,1528.0,1536.0,1524.0,267.0,408510.0,3331
2023-05-09 21:44:41,FG2403,FG403,1529.0,0.0,0.0,0.0,1,1529.0,1531.0,2,1527.0,1528.0,1536.0,1524.0,267.0,408510.0,3331
2023-05-09 21:44:57,FG2403,FG403,1529.0,0.0,0.0,0.0,1,1529.0,1530.0,1,1527.0,1528.0,1536.0,1524.0,267.0,408510.0,3331
2023-05-09 21:44:59,FG2403,FG403,1529.0,0.0,0.0,0.0,1,1529.0,1531.0,2,1527.0,1528.0,1536.0,1524.0,267.0,408510.0,3331
2023-05-09 21:45:08,FG2403,FG403,1529.0,0.0,0.0,0.0,1,1529.0,1530.0,1,1527.0,1528.0,1536.0,1524.0,267.0,408510.0,3331
2023-05-09 21:45:08,FG2403,FG403,1529.0,0.0,0.0,0.0,1,1529.0,1531.0,2,1527.0,1528.0,1536.0,1524.0,267.0,408510.0,3331
2023-05-09 21:45:17,FG2403,FG403,1529.0,1.0,1530.0,-1.0,49,1528.0,1529.0,1,1527.0,1528.0,1536.0,1524.0,268.0,410040.0,3330
2023-05-09 21:45:18,FG2403,FG403,1529.0,0.0,0.0,0.0,49,1528.0,1530.0,1,1527.0,1528.0,1536.0,1524.0,268.0,410040.0,3330
2023-05-09 21:45:22,FG2403,FG403,1529.0,0.0,0.0,0.0,49,1528.0,1529.0,1,1527.0,1528.0,1536.0,1524.0,268.0,410040.0,3330
2023-05-09 21:45:25,FG2403,FG403,1528.0,1.0,1530.0,-1.0,48,1528.0,1530.0,2,1527.0,1528.0,1536.0,1524.0,269.0,411570.0,3329
2023-05-09 21:45:26,FG2403,FG403,1528.0,0.0,0.0,0.0,48,1528.0,1529.0,2,1527.0,1528.0,1536.0,1524.0,269.0,411570.0,3329
2023-05-09 21:45:26,FG2403,FG403,1528.0,0.0,0.0,0.0,48,1528.0,1530.0,3,1527.0,1528.0,1536.0,1524.0,269.0,411570.0,3329
2023-05-09 21:45:32,FG2403,FG403,1528.0,0.0,0.0,0.0,48,1528.0,1530.0,1,1527.0,1528.0,1536.0,1524.0,269.0,411570.0,3329
2023-05-09 21:45:35,FG2403,FG403,1528.0,0.0,0.0,0.0,48,1528.0,1530.0,2,1527.0,1528.0,1536.0,1524.0,269.0,411570.0,3329
2023-05-09 21:45:37,FG2403,FG403,1528.0,0.0,0.0,0.0,48,1528.0,1530.0,3,1527.0,1528.0,1536.0,1524.0,269.0,411570.0,3329
2023-05-09 21:45:38,FG2403,FG403,1528.0,0.0,0.0,0.0,48,1528.0,1530.0,1,1527.0,1528.0,1536.0,1524.0,269.0,411570.0,3329
2023-05-09 21:45:49,FG2403,FG403,1528.0,0.0,0.0,0.0,48,1528.0,1530.0,3,1527.0,1528.0,1536.0,1524.0,269.0,411570.0,3329
2023-05-09 21:46:14,FG2403,FG403,1528.0,0.0,0.0,0.0,48,1528.0,1530.0,1,1527.0,1528.0,1536.0,1524.0,269.0,411570.0,3329
2023-05-09 21:46:15,FG2403,FG403,1528.0,0.0,0.0,0.0,51,1528.0,1530.0,1,1527.0,1528.0,1536.0,1524.0,269.0,411570.0,3329
2023-05-09 21:46:22,FG2403,FG403,1528.0,0.0,0.0,0.0,51,1528.0,1531.0,3,1527.0,1528.0,1536.0,1524.0,269.0,411570.0,3329
2023-05-09 21:46:24,FG2403,FG403,1528.0,0.0,0.0,0.0,50,1528.0,1530.0,2,1527.0,1528.0,1536.0,1524.0,269.0,411570.0,3329
2023-05-09 21:46:24,FG2403,FG403,1528.0,0.0,0.0,0.0,48,1528.0,1531.0,3,1527.0,1528.0,1536.0,1524.0,269.0,411570.0,3329
2023-05-09 21:46:34,FG2403,FG403,1528.0,0.0,0.0,0.0,48,1528.0,1530.0,1,1527.0,1528.0,1536.0,1524.0,269.0,411570.0,3329
2023-05-09 21:46:37,FG2403,FG403,1528.0,0.0,0.0,0.0,1,1529.0,1530.0,1,1527.0,1528.0,1536.0,1524.0,269.0,411570.0,3329
2023-05-09 21:46:41,FG2403,FG403,1528.0,0.0,0.0,0.0,2,1529.0,1530.0,1,1527.0,1528.0,1536.0,1524.0,269.0,411570.0,3329
2023-05-09 21:46:44,FG2403,FG403,1528.0,0.0,0.0,0.0,14,1529.0,1530.0,1,1527.0,1528.0,1536.0,1524.0,269.0,411570.0,3329
2023-05-09 21:46:47,FG2403,FG403,1528.0,0.0,0.0,0.0,13,1529.0,1530.0,1,1527.0,1528.0,1536.0,1524.0,269.0,411570.0,3329
2023-05-09 21:46:47,FG2403,FG403,1528.0,0.0,0.0,0.0,13,1529.0,1531.0,2,1527.0,1528.0,1536.0,1524.0,269.0,411570.0,3329
2023-05-09 21:47:24,FG2403,FG403,1528.0,0.0,0.0,0.0,13,1529.0,1531.0,1,1527.0,1528.0,1536.0,1524.0,269.0,411570.0,3329
2023-05-09 21:47:25,FG2403,FG403,1528.0,0.0,0.0,0.0,13,1529.0,1531.0,2,1527.0,1528.0,1536.0,1524.0,269.0,411570.0,3329
2023-05-09 21:47:38,FG2403,FG403,1528.0,0.0,0.0,0.0,13,1529.0,1532.0,3,1527.0,1528.0,1536.0,1524.0,269.0,411570.0,3329
2023-05-09 21:47:46,FG2403,FG403,1528.0,0.0,0.0,0.0,13,1529.0,1531.0,1,1527.0,1528.0,1536.0,1524.0,269.0,411570.0,3329
2023-05-09 21:48:01,FG2403,FG403,1528.0,0.0,0.0,0.0,13,1529.0,1531.0,3,1527.0,1528.0,1536.0,1524.0,269.0,411570.0,3329
2023-05-09 21:48:02,FG2403,FG403,1528.0,0.0,0.0,0.0,13,1529.0,1531.0,1,1527.0,1528.0,1536.0,1524.0,269.0,411570.0,3329
2023-05-09 21:48:03,FG2403,FG403,1528.0,0.0,0.0,0.0,13,1529.0,1531.0,3,1527.0,1528.0,1536.0,1524.0,269.0,411570.0,3329
2023-05-09 21:48:07,FG2403,FG403,1528.0,0.0,0.0,0.0,1,1529.0,1531.0,3,1527.0,1528.0,1536.0,1524.0,269.0,411570.0,3329
2023-05-09 21:48:15,FG2403,FG403,1528.0,0.0,0.0,0.0,1,1530.0,1531.0,3,1527.0,1528.0,1536.0,1524.0,269.0,411570.0,3329
2023-05-09 21:48:42,FG2403,FG403,1528.0,0.0,0.0,0.0,1,1530.0,1531.0,2,1527.0,1528.0,1536.0,1524.0,269.0,411570.0,3329
2023-05-09 21:48:42,FG2403,FG403,1530.0,1.0,1530.0,0.0,2,1529.0,1531.0,2,1527.0,1528.0,1536.0,1524.0,270.0,413100.0,3329
2023-05-09 21:48:48,FG2403,FG403,1530.0,0.0,0.0,0.0,1,1529.0,1531.0,2,1527.0,1528.0,1536.0,1524.0,270.0,413100.0,3329
2023-05-09 21:48:54,FG2403,FG403,1530.0,0.0,0.0,0.0,2,1529.0,1531.0,2,1527.0,1528.0,1536.0,1524.0,270.0,413100.0,3329
2023-05-09 21:49:30,FG2403,FG403,1530.0,0.0,0.0,0.0,2,1529.0,1532.0,3,1527.0,1528.0,1536.0,1524.0,270.0,413100.0,3329
2023-05-09 21:49:33,FG2403,FG403,1530.0,0.0,0.0,0.0,2,1529.0,1531.0,2,1527.0,1528.0,1536.0,1524.0,270.0,413100.0,3329
2023-05-09 21:50:02,FG2403,FG403,1530.0,0.0,0.0,0.0,2,1529.0,1532.0,3,1527.0,1528.0,1536.0,1524.0,270.0,413100.0,3329
2023-05-09 21:50:08,FG2403,FG403,1530.0,0.0,0.0,0.0,2,1529.0,1531.0,2,1527.0,1528.0,1536.0,1524.0,270.0,413100.0,3329
2023-05-09 21:50:10,FG2403,FG403,1530.0,0.0,0.0,0.0,2,1529.0,1532.0,3,1527.0,1528.0,1536.0,1524.0,270.0,413100.0,3329
2023-05-09 21:50:18,FG2403,FG403,1530.0,0.0,0.0,0.0,3,1529.0,1532.0,1,1527.0,1528.0,1536.0,1524.0,270.0,413100.0,3329
2023-05-09 21:50:19,FG2403,FG403,1530.0,0.0,0.0,0.0,5,1529.0,1532.0,1,1527.0,1528.0,1536.0,1524.0,270.0,413100.0,3329
2023-05-09 21:50:24,FG2403,FG403,1530.0,0.0,0.0,0.0,4,1529.0,1532.0,1,1527.0,1528.0,1536.0,1524.0,270.0,413100.0,3329
2023-05-09 21:50:25,FG2403,FG403,1530.0,0.0,0.0,0.0,3,1529.0,1532.0,1,1527.0,1528.0,1536.0,1524.0,270.0,413100.0,3329
2023-05-09 21:50:25,FG2403,FG403,1530.0,0.0,0.0,0.0,5,1529.0,1532.0,1,1527.0,1528.0,1536.0,1524.0,270.0,413100.0,3329
2023-05-09 21:50:28,FG2403,FG403,1530.0,0.0,0.0,0.0,6,1529.0,1532.0,1,1527.0,1528.0,1536.0,1524.0,270.0,413100.0,3329
2023-05-09 21:50:36,FG2403,FG403,1530.0,0.0,0.0,0.0,1,1530.0,1532.0,1,1527.0,1528.0,1536.0,1524.0,270.0,413100.0,3329
2023-05-09 21:50:36,FG2403,FG403,1530.0,0.0,0.0,0.0,2,1530.0,1532.0,1,1527.0,1528.0,1536.0,1524.0,270.0,413100.0,3329
2023-05-09 21:50:37,FG2403,FG403,1530.0,0.0,0.0,0.0,5,1529.0,1532.0,1,1527.0,1528.0,1536.0,1524.0,270.0,413100.0,3329
2023-05-09 21:50:53,FG2403,FG403,1530.0,0.0,0.0,0.0,4,1529.0,1532.0,1,1527.0,1528.0,1536.0,1524.0,270.0,413100.0,3329
2023-05-09 21:50:53,FG2403,FG403,1530.0,0.0,0.0,0.0,5,1529.0,1532.0,1,1527.0,1528.0,1536.0,1524.0,270.0,413100.0,3329
2023-05-09 21:50:53,FG2403,FG403,1530.0,0.0,0.0,0.0,4,1529.0,1532.0,1,1527.0,1528.0,1536.0,1524.0,270.0,413100.0,3329
2023-05-09 21:50:54,FG2403,FG403,1530.0,0.0,0.0,0.0,2,1529.0,1532.0,2,1527.0,1528.0,1536.0,1524.0,270.0,413100.0,3329
2023-05-09 21:50:54,FG2403,FG403,1530.0,0.0,0.0,0.0,3,1529.0,1532.0,1,1527.0,1528.0,1536.0,1524.0,270.0,413100.0,3329
2023-05-09 21:50:56,FG2403,FG403,1530.0,0.0,0.0,0.0,3,1529.0,1532.0,3,1527.0,1528.0,1536.0,1524.0,270.0,413100.0,3329
2023-05-09 21:50:56,FG2403,FG403,1530.0,0.0,0.0,0.0,3,1529.0,1532.0,1,1527.0,1528.0,1536.0,1524.0,270.0,413100.0,3329
2023-05-09 21:50:57,FG2403,FG403,1530.0,0.0,0.0,0.0,4,1529.0,1532.0,1,1527.0,1528.0,1536.0,1524.0,270.0,413100.0,3329
2023-05-09 21:50:58,FG2403,FG403,1530.0,0.0,0.0,0.0,5,1529.0,1532.0,1,1527.0,1528.0,1536.0,1524.0,270.0,413100.0,3329
2023-05-09 21:50:58,FG2403,FG403,1530.0,0.0,0.0,0.0,7,1529.0,1532.0,1,1527.0,1528.0,1536.0,1524.0,270.0,413100.0,3329
2023-05-09 21:51:04,FG2403,FG403,1530.0,0.0,0.0,0.0,1,1530.0,1532.0,1,1527.0,1528.0,1536.0,1524.0,270.0,413100.0,3329
2023-05-09 21:51:04,FG2403,FG403,1530.0,0.0,0.0,0.0,3,1530.0,1532.0,1,1527.0,1528.0,1536.0,1524.0,270.0,413100.0,3329
2023-05-09 21:51:05,FG2403,FG403,1530.0,0.0,0.0,0.0,2,1530.0,1532.0,1,1527.0,1528.0,1536.0,1524.0,270.0,413100.0,3329
2023-05-09 21:51:05,FG2403,FG403,1530.0,0.0,0.0,0.0,7,1529.0,1532.0,1,1527.0,1528.0,1536.0,1524.0,270.0,413100.0,3329
2023-05-09 21:51:10,FG2403,FG403,1530.0,0.0,0.0,0.0,1,1530.0,1532.0,1,1527.0,1528.0,1536.0,1524.0,270.0,413100.0,3329
2023-05-09 21:51:10,FG2403,FG403,1530.0,0.0,0.0,0.0,2,1530.0,1532.0,1,1527.0,1528.0,1536.0,1524.0,270.0,413100.0,3329
2023-05-09 21:51:11,FG2403,FG403,1530.0,0.0,0.0,0.0,7,1529.0,1532.0,1,1527.0,1528.0,1536.0,1524.0,270.0,413100.0,3329
2023-05-09 21:51:14,FG2403,FG403,1530.0,0.0,0.0,0.0,6,1529.0,1532.0,2,1527.0,1528.0,1536.0,1524.0,270.0,413100.0,3329
2023-05-09 21:51:15,FG2403,FG403,1530.0,0.0,0.0,0.0,4,1529.0,1532.0,2,1527.0,1528.0,1536.0,1524.0,270.0,413100.0,3329
2023-05-09 21:51:15,FG2403,FG403,1530.0,0.0,0.0,0.0,5,1529.0,1532.0,1,1527.0,1528.0,1536.0,1524.0,270.0,413100.0,3329
2023-05-09 21:51:16,FG2403,FG403,1530.0,0.0,0.0,0.0,6,1529.0,1532.0,1,1527.0,1528.0,1536.0,1524.0,270.0,413100.0,3329
