time,symbol_id,symbol_name,last,trade_volume,trade_amount,open_interest_change,bv1,bp1,ap1,av1,yesterday_close,today_open,today_high,today_low,volume,amount,open_interest
2023-05-10 19:12:58,RM311C2750,菜籽粕2311购2750,203.5,0.0,0.0,0.0,0,0.0,0.0,0,203.5,0.0,0.0,0.0,0.0,0.0,3
2023-05-10 20:59:00,RM311C2750,菜籽粕2311购2750,203.5,0.0,0.0,0.0,1,0.5,0.0,0,203.5,0.0,0.0,0.0,0.0,0.0,3
2023-05-10 21:00:10,RM311C2750,菜籽粕2311购2750,203.5,0.0,0.0,0.0,1,52.5,0.0,0,203.5,0.0,0.0,0.0,0.0,0.0,3
2023-05-10 21:00:12,RM311C2750,菜籽粕2311购2750,203.5,0.0,0.0,0.0,2,52.5,0.0,0,203.5,0.0,0.0,0.0,0.0,0.0,3
2023-05-10 21:00:59,RM311C2750,菜籽粕2311购2750,203.5,0.0,0.0,0.0,1,53.0,0.0,0,203.5,0.0,0.0,0.0,0.0,0.0,3
2023-05-10 21:01:10,RM311C2750,菜籽粕2311购2750,203.5,0.0,0.0,0.0,2,53.5,0.0,0,203.5,0.0,0.0,0.0,0.0,0.0,3
2023-05-10 21:30:59,RM311C2750,菜籽粕2311购2750,203.5,0.0,0.0,0.0,1,54.0,0.0,0,203.5,0.0,0.0,0.0,0.0,0.0,3
2023-05-10 21:31:00,RM311C2750,菜籽粕2311购2750,203.5,0.0,0.0,0.0,2,54.5,0.0,0,203.5,0.0,0.0,0.0,0.0,0.0,3
2023-05-10 22:00:59,RM311C2750,菜籽粕2311购2750,203.5,0.0,0.0,0.0,1,55.0,0.0,0,203.5,0.0,0.0,0.0,0.0,0.0,3
2023-05-10 22:01:00,RM311C2750,菜籽粕2311购2750,203.5,0.0,0.0,0.0,2,55.5,0.0,0,203.5,0.0,0.0,0.0,0.0,0.0,3
2023-05-10 22:45:01,RM311C2750,菜籽粕2311购2750,203.5,0.0,0.0,0.0,1,56.0,0.0,0,203.5,0.0,0.0,0.0,0.0,0.0,3
2023-05-10 22:45:03,RM311C2750,菜籽粕2311购2750,203.5,0.0,0.0,0.0,2,56.5,0.0,0,203.5,0.0,0.0,0.0,0.0,0.0,3
2023-05-10 22:57:08,RM311C2750,菜籽粕2311购2750,203.5,0.0,0.0,0.0,1,56.0,0.0,0,203.5,0.0,0.0,0.0,0.0,0.0,3
2023-05-11 09:01:12,RM311C2750,菜籽粕2311购2750,203.5,0.0,0.0,0.0,2,56.5,0.0,0,203.5,0.0,0.0,0.0,0.0,0.0,3
2023-05-11 09:01:12,RM311C2750,菜籽粕2311购2750,203.5,0.0,0.0,0.0,1,57.0,0.0,0,203.5,0.0,0.0,0.0,0.0,0.0,3
2023-05-11 09:01:14,RM311C2750,菜籽粕2311购2750,203.5,0.0,0.0,0.0,2,57.5,0.0,0,203.5,0.0,0.0,0.0,0.0,0.0,3
2023-05-11 09:33:22,RM311C2750,菜籽粕2311购2750,203.5,0.0,0.0,0.0,1,58.0,0.0,0,203.5,0.0,0.0,0.0,0.0,0.0,3
2023-05-11 09:33:23,RM311C2750,菜籽粕2311购2750,203.5,0.0,0.0,0.0,2,58.5,0.0,0,203.5,0.0,0.0,0.0,0.0,0.0,3
2023-05-11 10:03:29,RM311C2750,菜籽粕2311购2750,203.5,0.0,0.0,0.0,1,59.0,0.0,0,203.5,0.0,0.0,0.0,0.0,0.0,3
2023-05-11 10:03:30,RM311C2750,菜籽粕2311购2750,203.5,0.0,0.0,0.0,2,59.5,0.0,0,203.5,0.0,0.0,0.0,0.0,0.0,3
2023-05-11 10:12:11,RM311C2750,菜籽粕2311购2750,203.5,0.0,0.0,0.0,1,59.0,0.0,0,203.5,0.0,0.0,0.0,0.0,0.0,3
2023-05-11 10:30:12,RM311C2750,菜籽粕2311购2750,203.5,0.0,0.0,0.0,2,59.5,0.0,0,203.5,0.0,0.0,0.0,0.0,0.0,3
2023-05-11 10:47:05,RM311C2750,菜籽粕2311购2750,203.5,0.0,0.0,0.0,1,60.0,0.0,0,203.5,0.0,0.0,0.0,0.0,0.0,3
2023-05-11 10:47:07,RM311C2750,菜籽粕2311购2750,203.5,0.0,0.0,0.0,2,60.5,0.0,0,203.5,0.0,0.0,0.0,0.0,0.0,3
2023-05-11 11:27:04,RM311C2750,菜籽粕2311购2750,203.5,0.0,0.0,0.0,1,61.0,0.0,0,203.5,0.0,0.0,0.0,0.0,0.0,3
2023-05-11 13:31:13,RM311C2750,菜籽粕2311购2750,203.5,0.0,0.0,0.0,2,61.5,0.0,0,203.5,0.0,0.0,0.0,0.0,0.0,3
2023-05-11 13:46:06,RM311C2750,菜籽粕2311购2750,203.5,0.0,0.0,0.0,1,62.0,0.0,0,203.5,0.0,0.0,0.0,0.0,0.0,3
2023-05-11 13:46:06,RM311C2750,菜籽粕2311购2750,203.5,0.0,0.0,0.0,2,62.5,0.0,0,203.5,0.0,0.0,0.0,0.0,0.0,3
2023-05-11 13:46:06,RM311C2750,菜籽粕2311购2750,203.5,0.0,0.0,0.0,1,62.0,0.0,0,203.5,0.0,0.0,0.0,0.0,0.0,3
2023-05-11 13:46:06,RM311C2750,菜籽粕2311购2750,203.5,0.0,0.0,0.0,2,62.5,0.0,0,203.5,0.0,0.0,0.0,0.0,0.0,3
2023-05-11 14:15:52,RM311C2750,菜籽粕2311购2750,203.5,0.0,0.0,0.0,3,192.0,211.0,3,203.5,0.0,0.0,0.0,0.0,0.0,3
2023-05-11 14:15:53,RM311C2750,菜籽粕2311购2750,203.5,0.0,0.0,0.0,12,192.0,211.0,12,203.5,0.0,0.0,0.0,0.0,0.0,3
2023-05-11 14:15:55,RM311C2750,菜籽粕2311购2750,203.5,0.0,0.0,0.0,12,192.0,208.5,3,203.5,0.0,0.0,0.0,0.0,0.0,3
2023-05-11 14:15:55,RM311C2750,菜籽粕2311购2750,203.5,0.0,0.0,0.0,12,192.0,208.5,6,203.5,0.0,0.0,0.0,0.0,0.0,3
2023-05-11 14:15:57,RM311C2750,菜籽粕2311购2750,203.5,0.0,0.0,0.0,12,192.0,208.5,9,203.5,0.0,0.0,0.0,0.0,0.0,3
2023-05-11 14:15:58,RM311C2750,菜籽粕2311购2750,203.5,0.0,0.0,0.0,15,192.0,208.5,12,203.5,0.0,0.0,0.0,0.0,0.0,3
2023-05-11 14:15:59,RM311C2750,菜籽粕2311购2750,203.5,0.0,0.0,0.0,12,192.0,208.0,3,203.5,0.0,0.0,0.0,0.0,0.0,3
2023-05-11 14:16:00,RM311C2750,菜籽粕2311购2750,203.5,0.0,0.0,0.0,6,193.5,207.0,6,203.5,0.0,0.0,0.0,0.0,0.0,3
2023-05-11 14:16:00,RM311C2750,菜籽粕2311购2750,203.5,0.0,0.0,0.0,12,193.5,207.0,12,203.5,0.0,0.0,0.0,0.0,0.0,3
2023-05-11 14:16:02,RM311C2750,菜籽粕2311购2750,203.5,0.0,0.0,0.0,15,193.5,207.0,15,203.5,0.0,0.0,0.0,0.0,0.0,3
2023-05-11 14:16:04,RM311C2750,菜籽粕2311购2750,203.5,0.0,0.0,0.0,18,193.5,207.0,18,203.5,0.0,0.0,0.0,0.0,0.0,3
2023-05-11 14:16:10,RM311C2750,菜籽粕2311购2750,203.5,0.0,0.0,0.0,15,193.5,207.0,15,203.5,0.0,0.0,0.0,0.0,0.0,3
2023-05-11 14:16:12,RM311C2750,菜籽粕2311购2750,203.5,0.0,0.0,0.0,9,193.5,207.0,9,203.5,0.0,0.0,0.0,0.0,0.0,3
2023-05-11 14:16:13,RM311C2750,菜籽粕2311购2750,203.5,0.0,0.0,0.0,6,193.5,207.0,6,203.5,0.0,0.0,0.0,0.0,0.0,3
2023-05-11 14:16:13,RM311C2750,菜籽粕2311购2750,203.5,0.0,0.0,0.0,3,193.5,207.0,3,203.5,0.0,0.0,0.0,0.0,0.0,3
2023-05-11 14:16:15,RM311C2750,菜籽粕2311购2750,203.5,0.0,0.0,0.0,1,62.0,0.0,0,203.5,0.0,0.0,0.0,0.0,0.0,3
2023-05-11 14:16:16,RM311C2750,菜籽粕2311购2750,203.5,0.0,0.0,0.0,2,62.5,0.0,0,203.5,0.0,0.0,0.0,0.0,0.0,3
2023-05-11 14:19:00,RM311C2750,菜籽粕2311购2750,203.5,0.0,0.0,0.0,1,63.0,0.0,0,203.5,0.0,0.0,0.0,0.0,0.0,3
2023-05-11 14:19:01,RM311C2750,菜籽粕2311购2750,203.5,0.0,0.0,0.0,2,63.5,0.0,0,203.5,0.0,0.0,0.0,0.0,0.0,3
