time,symbol_id,symbol_name,last,trade_volume,trade_amount,open_interest_change,bv1,bp1,ap1,av1,yesterday_close,today_open,today_high,today_low,volume,amount,open_interest
2023-05-10 19:12:58,RM311P3100,RM311P3100,313.0,0.0,0.0,0.0,0,0.0,0.0,0,313.0,316.0,0.0,0.0,0.0,0.0,20
2023-05-10 21:00:23,RM311P3100,RM311P3100,313.0,0.0,0.0,0.0,1,146.5,0.0,0,313.0,316.0,0.0,0.0,0.0,0.0,20
2023-05-10 21:01:01,RM311P3100,RM311P3100,313.0,0.0,0.0,0.0,1,147.0,0.0,0,313.0,316.0,0.0,0.0,0.0,0.0,20
2023-05-10 21:56:19,RM311P3100,RM311P3100,313.0,0.0,0.0,0.0,3,312.0,336.5,3,313.0,316.0,0.0,0.0,0.0,0.0,20
2023-05-10 21:56:19,RM311P3100,RM311P3100,313.0,0.0,0.0,0.0,9,312.0,336.5,6,313.0,316.0,0.0,0.0,0.0,0.0,20
2023-05-10 21:56:21,RM311P3100,RM311P3100,313.0,0.0,0.0,0.0,3,312.5,336.5,6,313.0,316.0,0.0,0.0,0.0,0.0,20
2023-05-10 21:56:21,RM311P3100,RM311P3100,313.0,0.0,0.0,0.0,6,312.5,336.5,6,313.0,316.0,0.0,0.0,0.0,0.0,20
2023-05-10 21:56:24,RM311P3100,RM311P3100,313.0,0.0,0.0,0.0,1,317.0,336.5,6,313.0,316.0,0.0,0.0,0.0,0.0,20
2023-05-10 21:56:25,RM311P3100,RM311P3100,313.0,0.0,0.0,0.0,7,317.0,330.5,6,313.0,316.0,0.0,0.0,0.0,0.0,20
2023-05-10 21:56:25,RM311P3100,RM311P3100,313.0,0.0,0.0,0.0,10,317.0,330.5,9,313.0,316.0,0.0,0.0,0.0,0.0,20
2023-05-10 21:56:25,RM311P3100,RM311P3100,313.0,0.0,0.0,0.0,13,317.0,330.5,12,313.0,316.0,0.0,0.0,0.0,0.0,20
2023-05-10 21:56:26,RM311P3100,RM311P3100,313.0,0.0,0.0,0.0,16,317.0,330.5,15,313.0,316.0,0.0,0.0,0.0,0.0,20
2023-05-10 21:56:28,RM311P3100,RM311P3100,313.0,0.0,0.0,0.0,19,317.0,330.5,18,313.0,316.0,0.0,0.0,0.0,0.0,20
2023-05-10 21:56:36,RM311P3100,RM311P3100,313.0,0.0,0.0,0.0,16,317.0,330.5,15,313.0,316.0,0.0,0.0,0.0,0.0,20
2023-05-10 21:56:36,RM311P3100,RM311P3100,313.0,0.0,0.0,0.0,13,317.0,330.5,12,313.0,316.0,0.0,0.0,0.0,0.0,20
2023-05-10 21:56:37,RM311P3100,RM311P3100,313.0,0.0,0.0,0.0,10,317.0,330.5,9,313.0,316.0,0.0,0.0,0.0,0.0,20
2023-05-10 21:56:38,RM311P3100,RM311P3100,313.0,0.0,0.0,0.0,7,317.0,330.5,6,313.0,316.0,0.0,0.0,0.0,0.0,20
2023-05-10 21:56:38,RM311P3100,RM311P3100,313.0,0.0,0.0,0.0,4,317.0,330.5,3,313.0,316.0,0.0,0.0,0.0,0.0,20
2023-05-10 21:56:40,RM311P3100,RM311P3100,313.0,0.0,0.0,0.0,6,316.5,331.0,6,313.0,316.0,0.0,0.0,0.0,0.0,20
2023-05-10 21:56:41,RM311P3100,RM311P3100,313.0,0.0,0.0,0.0,3,316.5,331.0,3,313.0,316.0,0.0,0.0,0.0,0.0,20
2023-05-10 21:56:41,RM311P3100,RM311P3100,313.0,0.0,0.0,0.0,1,147.0,0.0,0,313.0,316.0,0.0,0.0,0.0,0.0,20
2023-05-10 21:56:44,RM311P3100,RM311P3100,313.0,0.0,0.0,0.0,1,316.5,0.0,0,313.0,316.0,0.0,0.0,0.0,0.0,20
2023-05-10 21:56:45,RM311P3100,RM311P3100,313.0,0.0,0.0,0.0,1,147.0,0.0,0,313.0,316.0,0.0,0.0,0.0,0.0,20
2023-05-10 21:56:47,RM311P3100,RM311P3100,313.0,0.0,0.0,0.0,1,316.5,0.0,0,313.0,316.0,0.0,0.0,0.0,0.0,20
2023-05-10 21:56:49,RM311P3100,RM311P3100,313.0,0.0,0.0,0.0,1,147.0,0.0,0,313.0,316.0,0.0,0.0,0.0,0.0,20
2023-05-10 21:57:40,RM311P3100,RM311P3100,313.0,0.0,0.0,0.0,1,315.5,0.0,0,313.0,316.0,0.0,0.0,0.0,0.0,20
2023-05-10 21:57:42,RM311P3100,RM311P3100,313.0,0.0,0.0,0.0,1,147.0,0.0,0,313.0,316.0,0.0,0.0,0.0,0.0,20
2023-05-10 21:57:43,RM311P3100,RM311P3100,313.0,0.0,0.0,0.0,1,315.5,0.0,0,313.0,316.0,0.0,0.0,0.0,0.0,20
2023-05-10 21:57:44,RM311P3100,RM311P3100,313.0,0.0,0.0,0.0,1,147.0,0.0,0,313.0,316.0,0.0,0.0,0.0,0.0,20
2023-05-10 21:58:04,RM311P3100,RM311P3100,313.0,0.0,0.0,0.0,1,317.0,0.0,0,313.0,316.0,0.0,0.0,0.0,0.0,20
2023-05-10 21:58:07,RM311P3100,RM311P3100,313.0,0.0,0.0,0.0,1,147.0,0.0,0,313.0,316.0,0.0,0.0,0.0,0.0,20
2023-05-10 21:58:08,RM311P3100,RM311P3100,313.0,0.0,0.0,0.0,1,316.0,0.0,0,313.0,316.0,0.0,0.0,0.0,0.0,20
2023-05-10 21:58:09,RM311P3100,RM311P3100,313.0,0.0,0.0,0.0,1,147.0,0.0,0,313.0,316.0,0.0,0.0,0.0,0.0,20
2023-05-10 21:59:21,RM311P3100,RM311P3100,313.0,0.0,0.0,0.0,1,147.0,316.0,1,313.0,316.0,0.0,0.0,0.0,0.0,20
2023-05-10 21:59:24,RM311P3100,RM311P3100,313.0,0.0,0.0,0.0,3,312.0,316.0,1,313.0,316.0,0.0,0.0,0.0,0.0,20
2023-05-10 21:59:29,RM311P3100,RM311P3100,313.0,0.0,0.0,0.0,6,312.0,316.0,4,313.0,316.0,0.0,0.0,0.0,0.0,20
2023-05-10 21:59:32,RM311P3100,RM311P3100,313.0,0.0,0.0,0.0,9,312.0,316.0,7,313.0,316.0,0.0,0.0,0.0,0.0,20
2023-05-10 21:59:33,RM311P3100,RM311P3100,313.0,0.0,0.0,0.0,12,312.0,316.0,10,313.0,316.0,0.0,0.0,0.0,0.0,20
2023-05-10 21:59:36,RM311P3100,RM311P3100,313.0,0.0,0.0,0.0,9,312.0,316.0,10,313.0,316.0,0.0,0.0,0.0,0.0,20
2023-05-10 21:59:37,RM311P3100,RM311P3100,313.0,0.0,0.0,0.0,9,312.0,316.0,9,313.0,316.0,0.0,0.0,0.0,0.0,20
2023-05-10 21:59:38,RM311P3100,RM311P3100,316.5,15.0,4740.0,6.0,3,316.5,319.0,3,313.0,316.0,316.5,316.0,15.0,4740.0,26
2023-05-10 21:59:38,RM311P3100,RM311P3100,316.5,0.0,0.0,0.0,3,316.5,321.0,3,313.0,316.0,316.5,316.0,15.0,4740.0,26
2023-05-10 21:59:44,RM311P3100,RM311P3100,316.5,0.0,0.0,0.0,3,316.5,325.0,3,313.0,316.0,316.5,316.0,15.0,4740.0,26
2023-05-10 21:59:45,RM311P3100,RM311P3100,316.5,0.0,0.0,0.0,3,316.5,0.0,0,313.0,316.0,316.5,316.0,15.0,4740.0,26
2023-05-10 22:00:02,RM311P3100,RM311P3100,316.5,0.0,0.0,0.0,3,316.5,319.0,1,313.0,316.0,316.5,316.0,15.0,4740.0,26
2023-05-10 22:00:03,RM311P3100,RM311P3100,316.5,0.0,0.0,0.0,3,316.5,0.0,0,313.0,316.0,316.5,316.0,15.0,4740.0,26
2023-05-10 22:00:23,RM311P3100,RM311P3100,316.5,0.0,0.0,0.0,1,319.5,0.0,0,313.0,316.0,316.5,316.0,15.0,4740.0,26
2023-05-10 22:00:26,RM311P3100,RM311P3100,316.5,0.0,0.0,0.0,1,319.5,336.5,3,313.0,316.0,316.5,316.0,15.0,4740.0,26
2023-05-10 22:00:27,RM311P3100,RM311P3100,316.5,0.0,0.0,0.0,1,319.5,324.5,3,313.0,316.0,316.5,316.0,15.0,4740.0,26
2023-05-10 22:00:28,RM311P3100,RM311P3100,316.5,0.0,0.0,0.0,1,320.5,324.5,3,313.0,316.0,316.5,316.0,15.0,4740.0,26
2023-05-10 22:00:29,RM311P3100,RM311P3100,320.5,1.0,324.0,1.0,1,319.5,324.5,3,313.0,316.0,320.5,316.0,16.0,5064.0,27
2023-05-10 22:00:30,RM311P3100,RM311P3100,319.5,1.0,316.5,1.0,3,317.0,324.5,3,313.0,316.0,320.5,316.0,17.0,5380.5,28
2023-05-10 22:00:34,RM311P3100,RM311P3100,319.5,0.0,0.0,0.0,6,317.0,324.5,9,313.0,316.0,320.5,316.0,17.0,5380.5,28
2023-05-10 22:00:35,RM311P3100,RM311P3100,319.5,0.0,0.0,0.0,9,317.0,324.5,12,313.0,316.0,320.5,316.0,17.0,5380.5,28
2023-05-10 22:00:36,RM311P3100,RM311P3100,319.5,0.0,0.0,0.0,12,317.0,324.5,15,313.0,316.0,320.5,316.0,17.0,5380.5,28
2023-05-10 22:00:38,RM311P3100,RM311P3100,319.5,0.0,0.0,0.0,12,317.0,324.5,12,313.0,316.0,320.5,316.0,17.0,5380.5,28
2023-05-10 22:00:39,RM311P3100,RM311P3100,319.5,0.0,0.0,0.0,9,317.0,324.5,12,313.0,316.0,320.5,316.0,17.0,5380.5,28
2023-05-10 22:00:46,RM311P3100,RM311P3100,319.5,0.0,0.0,0.0,6,317.0,324.5,6,313.0,316.0,320.5,316.0,17.0,5380.5,28
2023-05-10 22:00:47,RM311P3100,RM311P3100,319.5,0.0,0.0,0.0,3,317.0,324.5,3,313.0,316.0,320.5,316.0,17.0,5380.5,28
2023-05-10 22:00:47,RM311P3100,RM311P3100,319.5,0.0,0.0,0.0,3,316.5,325.0,3,313.0,316.0,320.5,316.0,17.0,5380.5,28
2023-05-10 22:00:48,RM311P3100,RM311P3100,319.5,0.0,0.0,0.0,3,313.5,328.0,3,313.0,316.0,320.5,316.0,17.0,5380.5,28
2023-05-10 22:00:49,RM311P3100,RM311P3100,319.5,0.0,0.0,0.0,3,308.5,333.5,3,313.0,316.0,320.5,316.0,17.0,5380.5,28
2023-05-10 22:00:52,RM311P3100,RM311P3100,319.5,0.0,0.0,0.0,1,147.0,0.0,0,313.0,316.0,320.5,316.0,17.0,5380.5,28
2023-05-10 22:00:54,RM311P3100,RM311P3100,319.5,0.0,0.0,0.0,1,147.0,318.5,1,313.0,316.0,320.5,316.0,17.0,5380.5,28
2023-05-10 22:00:56,RM311P3100,RM311P3100,319.5,0.0,0.0,0.0,1,147.0,0.0,0,313.0,316.0,320.5,316.0,17.0,5380.5,28
2023-05-10 22:01:25,RM311P3100,RM311P3100,319.5,0.0,0.0,0.0,1,319.0,0.0,0,313.0,316.0,320.5,316.0,17.0,5380.5,28
2023-05-10 22:01:28,RM311P3100,RM311P3100,319.5,0.0,0.0,0.0,1,319.5,336.5,3,313.0,316.0,320.5,316.0,17.0,5380.5,28
2023-05-10 22:01:33,RM311P3100,RM311P3100,319.5,0.0,0.0,0.0,4,319.5,336.5,6,313.0,316.0,320.5,316.0,17.0,5380.5,28
2023-05-10 22:01:33,RM311P3100,RM311P3100,319.5,0.0,0.0,0.0,4,319.5,336.5,9,313.0,316.0,320.5,316.0,17.0,5380.5,28
2023-05-10 22:01:35,RM311P3100,RM311P3100,319.5,0.0,0.0,0.0,4,319.5,328.5,3,313.0,316.0,320.5,316.0,17.0,5380.5,28
2023-05-10 22:01:35,RM311P3100,RM311P3100,319.5,0.0,0.0,0.0,7,319.5,328.5,9,313.0,316.0,320.5,316.0,17.0,5380.5,28
2023-05-10 22:01:36,RM311P3100,RM311P3100,319.5,0.0,0.0,0.0,10,319.5,328.5,12,313.0,316.0,320.5,316.0,17.0,5380.5,28
2023-05-10 22:01:38,RM311P3100,RM311P3100,319.5,0.0,0.0,0.0,9,319.5,328.5,12,313.0,316.0,320.5,316.0,17.0,5380.5,28
2023-05-10 22:01:40,RM311P3100,RM311P3100,319.5,0.0,0.0,0.0,9,319.5,325.0,3,313.0,316.0,320.5,316.0,17.0,5380.5,28
2023-05-10 22:01:40,RM311P3100,RM311P3100,319.5,2.0,642.5,-2.0,7,319.5,325.0,3,313.0,316.0,320.5,316.0,19.0,6023.0,26
2023-05-10 22:01:44,RM311P3100,RM311P3100,319.5,0.0,0.0,0.0,6,319.5,325.0,3,313.0,316.0,320.5,316.0,19.0,6023.0,26
2023-05-10 22:01:47,RM311P3100,RM311P3100,319.0,9.0,2867.0,0.0,3,317.0,318.0,3,313.0,316.0,320.5,316.0,28.0,8890.0,26
2023-05-10 22:01:47,RM311P3100,RM311P3100,319.0,0.0,0.0,0.0,3,315.5,318.0,3,313.0,316.0,320.5,316.0,28.0,8890.0,26
2023-05-10 22:01:48,RM311P3100,RM311P3100,319.0,0.0,0.0,0.0,3,306.0,318.0,3,313.0,316.0,320.5,316.0,28.0,8890.0,26
2023-05-10 22:01:51,RM311P3100,RM311P3100,319.0,0.0,0.0,0.0,1,147.0,317.0,2,313.0,316.0,320.5,316.0,28.0,8890.0,26
2023-05-10 22:01:52,RM311P3100,RM311P3100,319.0,0.0,0.0,0.0,1,147.0,318.0,3,313.0,316.0,320.5,316.0,28.0,8890.0,26
2023-05-10 22:02:00,RM311P3100,RM311P3100,319.0,0.0,0.0,0.0,1,147.0,317.0,1,313.0,316.0,320.5,316.0,28.0,8890.0,26
2023-05-10 22:02:00,RM311P3100,RM311P3100,319.0,0.0,0.0,0.0,1,147.0,318.0,3,313.0,316.0,320.5,316.0,28.0,8890.0,26
2023-05-10 22:02:01,RM311P3100,RM311P3100,319.0,0.0,0.0,0.0,1,147.0,316.5,1,313.0,316.0,320.5,316.0,28.0,8890.0,26
2023-05-10 22:02:02,RM311P3100,RM311P3100,319.0,0.0,0.0,0.0,1,147.0,318.0,3,313.0,316.0,320.5,316.0,28.0,8890.0,26
2023-05-10 22:02:03,RM311P3100,RM311P3100,319.0,0.0,0.0,0.0,1,147.0,316.5,1,313.0,316.0,320.5,316.0,28.0,8890.0,26
2023-05-10 22:02:04,RM311P3100,RM311P3100,319.0,0.0,0.0,0.0,1,147.0,318.0,3,313.0,316.0,320.5,316.0,28.0,8890.0,26
2023-05-10 22:02:04,RM311P3100,RM311P3100,319.0,0.0,0.0,0.0,1,147.0,316.5,1,313.0,316.0,320.5,316.0,28.0,8890.0,26
2023-05-10 22:02:05,RM311P3100,RM311P3100,319.0,0.0,0.0,0.0,1,147.0,318.0,3,313.0,316.0,320.5,316.0,28.0,8890.0,26
2023-05-10 22:02:11,RM311P3100,RM311P3100,318.0,3.0,952.5,0.0,1,147.0,0.0,0,313.0,316.0,320.5,316.0,31.0,9842.5,26
2023-05-10 22:02:27,RM311P3100,RM311P3100,318.0,0.0,0.0,0.0,1,319.0,0.0,0,313.0,316.0,320.5,316.0,31.0,9842.5,26
2023-05-10 22:02:29,RM311P3100,RM311P3100,318.0,0.0,0.0,0.0,1,319.5,0.0,0,313.0,316.0,320.5,316.0,31.0,9842.5,26
2023-05-10 22:02:30,RM311P3100,RM311P3100,318.0,0.0,0.0,0.0,1,319.5,336.5,3,313.0,316.0,320.5,316.0,31.0,9842.5,26
2023-05-10 22:02:35,RM311P3100,RM311P3100,318.0,0.0,0.0,0.0,4,319.5,336.5,6,313.0,316.0,320.5,316.0,31.0,9842.5,26
2023-05-10 22:02:36,RM311P3100,RM311P3100,318.0,0.0,0.0,0.0,4,319.5,330.5,3,313.0,316.0,320.5,316.0,31.0,9842.5,26
2023-05-10 22:02:37,RM311P3100,RM311P3100,318.0,0.0,0.0,0.0,7,319.5,328.5,3,313.0,316.0,320.5,316.0,31.0,9842.5,26
2023-05-10 22:02:37,RM311P3100,RM311P3100,319.5,3.0,969.5,-2.0,4,319.5,328.5,3,313.0,316.0,320.5,316.0,34.0,10812.0,24
2023-05-10 22:02:39,RM311P3100,RM311P3100,319.5,0.0,0.0,0.0,7,319.5,328.5,6,313.0,316.0,320.5,316.0,34.0,10812.0,24
2023-05-10 22:02:41,RM311P3100,RM311P3100,319.5,0.0,0.0,0.0,7,319.5,326.0,3,313.0,316.0,320.5,316.0,34.0,10812.0,24
2023-05-10 22:02:42,RM311P3100,RM311P3100,319.5,4.0,1272.0,-1.0,3,319.5,326.0,3,313.0,316.0,320.5,316.0,38.0,12084.0,23
2023-05-10 22:02:52,RM311P3100,RM311P3100,319.5,0.0,0.0,0.0,3,317.0,328.5,3,313.0,316.0,320.5,316.0,38.0,12084.0,23
2023-05-10 22:02:53,RM311P3100,RM311P3100,319.5,0.0,0.0,0.0,1,147.0,0.0,0,313.0,316.0,320.5,316.0,38.0,12084.0,23
2023-05-11 09:00:28,RM311P3100,RM311P3100,319.5,0.0,0.0,0.0,1,152.0,0.0,0,313.0,316.0,320.5,316.0,38.0,12084.0,23
2023-05-11 09:00:36,RM311P3100,RM311P3100,319.5,0.0,0.0,0.0,1,152.5,0.0,0,313.0,316.0,320.5,316.0,38.0,12084.0,23
2023-05-11 09:17:26,RM311P3100,RM311P3100,319.5,0.0,0.0,0.0,3,302.5,327.5,3,313.0,316.0,320.5,316.0,38.0,12084.0,23
2023-05-11 09:17:26,RM311P3100,RM311P3100,319.5,0.0,0.0,0.0,12,302.5,327.5,12,313.0,316.0,320.5,316.0,38.0,12084.0,23
2023-05-11 09:17:28,RM311P3100,RM311P3100,319.5,0.0,0.0,0.0,15,302.5,327.5,15,313.0,316.0,320.5,316.0,38.0,12084.0,23
2023-05-11 09:17:29,RM311P3100,RM311P3100,319.5,0.0,0.0,0.0,12,302.5,323.0,3,313.0,316.0,320.5,316.0,38.0,12084.0,23
2023-05-11 09:17:29,RM311P3100,RM311P3100,319.5,0.0,0.0,0.0,12,302.5,323.0,6,313.0,316.0,320.5,316.0,38.0,12084.0,23
2023-05-11 09:17:32,RM311P3100,RM311P3100,319.5,0.0,0.0,0.0,15,302.5,323.0,9,313.0,316.0,320.5,316.0,38.0,12084.0,23
2023-05-11 09:17:33,RM311P3100,RM311P3100,319.5,0.0,0.0,0.0,3,303.5,320.5,3,313.0,316.0,320.5,316.0,38.0,12084.0,23
2023-05-11 09:17:33,RM311P3100,RM311P3100,319.5,0.0,0.0,0.0,6,303.5,320.5,9,313.0,316.0,320.5,316.0,38.0,12084.0,23
2023-05-11 09:17:35,RM311P3100,RM311P3100,319.5,0.0,0.0,0.0,9,303.5,320.5,12,313.0,316.0,320.5,316.0,38.0,12084.0,23
2023-05-11 09:17:44,RM311P3100,RM311P3100,319.5,0.0,0.0,0.0,6,303.5,320.5,9,313.0,316.0,320.5,316.0,38.0,12084.0,23
2023-05-11 09:17:45,RM311P3100,RM311P3100,319.5,0.0,0.0,0.0,3,303.5,320.5,3,313.0,316.0,320.5,316.0,38.0,12084.0,23
2023-05-11 09:17:47,RM311P3100,RM311P3100,319.5,0.0,0.0,0.0,3,303.0,321.0,3,313.0,316.0,320.5,316.0,38.0,12084.0,23
2023-05-11 09:17:48,RM311P3100,RM311P3100,319.5,0.0,0.0,0.0,1,152.5,0.0,0,313.0,316.0,320.5,316.0,38.0,12084.0,23
2023-05-11 09:17:48,RM311P3100,RM311P3100,319.5,0.0,0.0,0.0,6,153.5,0.0,0,313.0,316.0,320.5,316.0,38.0,12084.0,23
2023-05-11 09:33:22,RM311P3100,RM311P3100,319.5,0.0,0.0,0.0,1,154.0,0.0,0,313.0,316.0,320.5,316.0,38.0,12084.0,23
2023-05-11 09:33:22,RM311P3100,RM311P3100,319.5,0.0,0.0,0.0,6,155.0,0.0,0,313.0,316.0,320.5,316.0,38.0,12084.0,23
2023-05-11 10:03:29,RM311P3100,RM311P3100,319.5,0.0,0.0,0.0,1,155.5,0.0,0,313.0,316.0,320.5,316.0,38.0,12084.0,23
2023-05-11 10:03:29,RM311P3100,RM311P3100,319.5,0.0,0.0,0.0,6,156.5,0.0,0,313.0,316.0,320.5,316.0,38.0,12084.0,23
2023-05-11 10:45:25,RM311P3100,RM311P3100,319.5,0.0,0.0,0.0,1,157.0,0.0,0,313.0,316.0,320.5,316.0,38.0,12084.0,23
2023-05-11 10:45:26,RM311P3100,RM311P3100,319.5,0.0,0.0,0.0,6,158.0,0.0,0,313.0,316.0,320.5,316.0,38.0,12084.0,23
2023-05-11 11:27:04,RM311P3100,RM311P3100,319.5,0.0,0.0,0.0,1,158.5,0.0,0,313.0,316.0,320.5,316.0,38.0,12084.0,23
2023-05-11 11:27:05,RM311P3100,RM311P3100,319.5,0.0,0.0,0.0,6,159.5,0.0,0,313.0,316.0,320.5,316.0,38.0,12084.0,23
2023-05-11 11:29:53,RM311P3100,RM311P3100,319.5,0.0,0.0,0.0,1,158.5,0.0,0,313.0,316.0,320.5,316.0,38.0,12084.0,23
2023-05-11 14:15:52,RM311P3100,RM311P3100,319.5,0.0,0.0,0.0,3,296.5,320.5,3,313.0,316.0,320.5,316.0,38.0,12084.0,23
2023-05-11 14:15:53,RM311P3100,RM311P3100,319.5,0.0,0.0,0.0,3,301.5,320.5,3,313.0,316.0,320.5,316.0,38.0,12084.0,23
2023-05-11 14:15:55,RM311P3100,RM311P3100,319.5,0.0,0.0,0.0,6,301.5,320.5,6,313.0,316.0,320.5,316.0,38.0,12084.0,23
2023-05-11 14:15:55,RM311P3100,RM311P3100,319.5,0.0,0.0,0.0,9,301.5,320.5,9,313.0,316.0,320.5,316.0,38.0,12084.0,23
2023-05-11 14:15:59,RM311P3100,RM311P3100,319.5,0.0,0.0,0.0,15,301.5,320.5,15,313.0,316.0,320.5,316.0,38.0,12084.0,23
2023-05-11 14:15:59,RM311P3100,RM311P3100,319.5,0.0,0.0,0.0,3,303.0,320.5,15,313.0,316.0,320.5,316.0,38.0,12084.0,23
2023-05-11 14:16:00,RM311P3100,RM311P3100,319.5,0.0,0.0,0.0,9,303.0,320.5,21,313.0,316.0,320.5,316.0,38.0,12084.0,23
2023-05-11 14:16:02,RM311P3100,RM311P3100,319.5,0.0,0.0,0.0,12,303.0,320.5,24,313.0,316.0,320.5,316.0,38.0,12084.0,23
2023-05-11 14:16:03,RM311P3100,RM311P3100,319.5,0.0,0.0,0.0,12,303.0,320.5,21,313.0,316.0,320.5,316.0,38.0,12084.0,23
2023-05-11 14:16:05,RM311P3100,RM311P3100,319.5,0.0,0.0,0.0,12,303.0,320.5,18,313.0,316.0,320.5,316.0,38.0,12084.0,23
2023-05-11 14:16:10,RM311P3100,RM311P3100,319.5,0.0,0.0,0.0,12,303.0,320.5,15,313.0,316.0,320.5,316.0,38.0,12084.0,23
2023-05-11 14:16:10,RM311P3100,RM311P3100,319.5,0.0,0.0,0.0,9,303.0,320.5,12,313.0,316.0,320.5,316.0,38.0,12084.0,23
2023-05-11 14:16:11,RM311P3100,RM311P3100,319.5,0.0,0.0,0.0,9,303.0,320.5,9,313.0,316.0,320.5,316.0,38.0,12084.0,23
2023-05-11 14:16:12,RM311P3100,RM311P3100,319.5,0.0,0.0,0.0,6,303.0,320.5,6,313.0,316.0,320.5,316.0,38.0,12084.0,23
2023-05-11 14:16:13,RM311P3100,RM311P3100,319.5,0.0,0.0,0.0,3,303.0,320.5,3,313.0,316.0,320.5,316.0,38.0,12084.0,23
2023-05-11 14:16:13,RM311P3100,RM311P3100,319.5,0.0,0.0,0.0,3,302.5,321.0,3,313.0,316.0,320.5,316.0,38.0,12084.0,23
2023-05-11 14:16:15,RM311P3100,RM311P3100,319.5,0.0,0.0,0.0,3,299.5,324.5,3,313.0,316.0,320.5,316.0,38.0,12084.0,23
2023-05-11 14:16:17,RM311P3100,RM311P3100,319.5,0.0,0.0,0.0,1,158.5,0.0,0,313.0,316.0,320.5,316.0,38.0,12084.0,23
2023-05-11 14:16:18,RM311P3100,RM311P3100,319.5,0.0,0.0,0.0,6,159.5,0.0,0,313.0,316.0,320.5,316.0,38.0,12084.0,23
2023-05-11 14:19:00,RM311P3100,RM311P3100,319.5,0.0,0.0,0.0,1,160.0,0.0,0,313.0,316.0,320.5,316.0,38.0,12084.0,23
2023-05-11 14:19:00,RM311P3100,RM311P3100,319.5,0.0,0.0,0.0,6,161.0,0.0,0,313.0,316.0,320.5,316.0,38.0,12084.0,23
2023-05-11 14:54:27,RM311P3100,RM311P3100,319.5,0.0,0.0,0.0,1,161.5,0.0,0,313.0,316.0,320.5,316.0,38.0,12084.0,23
2023-05-11 14:54:27,RM311P3100,RM311P3100,319.5,0.0,0.0,0.0,6,162.5,0.0,0,313.0,316.0,320.5,316.0,38.0,12084.0,23
2023-05-11 14:59:58,RM311P3100,RM311P3100,319.5,0.0,0.0,0.0,1,161.5,0.0,0,313.0,316.0,320.5,316.0,38.0,12084.0,23
