time,symbol_id,symbol_name,last,trade_volume,trade_amount,open_interest_change,bv1,bp1,ap1,av1,yesterday_close,today_open,today_high,today_low,volume,amount,open_interest
2023-05-10 19:12:58,RM311P2850,菜籽粕2311沽2850,152.5,0.0,0.0,0.0,0,0.0,0.0,0,152.5,0.0,0.0,0.0,0.0,0.0,16
2023-05-10 20:59:00,RM311P2850,菜籽粕2311沽2850,152.5,0.0,0.0,0.0,4,50.0,0.0,0,152.5,0.0,0.0,0.0,0.0,0.0,16
2023-05-10 21:01:00,RM311P2850,菜籽粕2311沽2850,152.5,0.0,0.0,0.0,1,50.5,0.0,0,152.5,0.0,0.0,0.0,0.0,0.0,16
2023-05-10 21:01:12,RM311P2850,菜籽粕2311沽2850,152.5,0.0,0.0,0.0,2,51.0,0.0,0,152.5,0.0,0.0,0.0,0.0,0.0,16
2023-05-10 21:31:00,RM311P2850,菜籽粕2311沽2850,152.5,0.0,0.0,0.0,1,51.5,0.0,0,152.5,0.0,0.0,0.0,0.0,0.0,16
2023-05-10 21:31:02,RM311P2850,菜籽粕2311沽2850,152.5,0.0,0.0,0.0,2,52.0,0.0,0,152.5,0.0,0.0,0.0,0.0,0.0,16
2023-05-10 22:01:00,RM311P2850,菜籽粕2311沽2850,152.5,0.0,0.0,0.0,1,52.5,0.0,0,152.5,0.0,0.0,0.0,0.0,0.0,16
2023-05-10 22:01:02,RM311P2850,菜籽粕2311沽2850,152.5,0.0,0.0,0.0,2,53.0,0.0,0,152.5,0.0,0.0,0.0,0.0,0.0,16
2023-05-10 22:45:02,RM311P2850,菜籽粕2311沽2850,152.5,0.0,0.0,0.0,1,53.5,0.0,0,152.5,0.0,0.0,0.0,0.0,0.0,16
2023-05-10 22:45:04,RM311P2850,菜籽粕2311沽2850,152.5,0.0,0.0,0.0,2,54.0,0.0,0,152.5,0.0,0.0,0.0,0.0,0.0,16
2023-05-10 22:57:08,RM311P2850,菜籽粕2311沽2850,152.5,0.0,0.0,0.0,1,53.5,0.0,0,152.5,0.0,0.0,0.0,0.0,0.0,16
2023-05-11 09:01:14,RM311P2850,菜籽粕2311沽2850,152.5,0.0,0.0,0.0,2,54.0,0.0,0,152.5,0.0,0.0,0.0,0.0,0.0,16
2023-05-11 09:01:26,RM311P2850,菜籽粕2311沽2850,152.5,0.0,0.0,0.0,1,54.5,0.0,0,152.5,0.0,0.0,0.0,0.0,0.0,16
2023-05-11 09:01:28,RM311P2850,菜籽粕2311沽2850,152.5,0.0,0.0,0.0,2,55.0,0.0,0,152.5,0.0,0.0,0.0,0.0,0.0,16
2023-05-11 09:35:01,RM311P2850,菜籽粕2311沽2850,152.5,0.0,0.0,0.0,1,55.5,0.0,0,152.5,0.0,0.0,0.0,0.0,0.0,16
2023-05-11 09:35:02,RM311P2850,菜籽粕2311沽2850,152.5,0.0,0.0,0.0,2,56.0,0.0,0,152.5,0.0,0.0,0.0,0.0,0.0,16
2023-05-11 10:06:34,RM311P2850,菜籽粕2311沽2850,152.5,0.0,0.0,0.0,1,56.5,0.0,0,152.5,0.0,0.0,0.0,0.0,0.0,16
2023-05-11 10:06:36,RM311P2850,菜籽粕2311沽2850,152.5,0.0,0.0,0.0,2,57.0,0.0,0,152.5,0.0,0.0,0.0,0.0,0.0,16
2023-05-11 10:12:11,RM311P2850,菜籽粕2311沽2850,152.5,0.0,0.0,0.0,1,56.5,0.0,0,152.5,0.0,0.0,0.0,0.0,0.0,16
2023-05-11 10:30:14,RM311P2850,菜籽粕2311沽2850,152.5,0.0,0.0,0.0,2,57.0,0.0,0,152.5,0.0,0.0,0.0,0.0,0.0,16
2023-05-11 10:48:57,RM311P2850,菜籽粕2311沽2850,152.5,0.0,0.0,0.0,1,57.5,0.0,0,152.5,0.0,0.0,0.0,0.0,0.0,16
2023-05-11 10:49:01,RM311P2850,菜籽粕2311沽2850,152.5,0.0,0.0,0.0,2,58.0,0.0,0,152.5,0.0,0.0,0.0,0.0,0.0,16
2023-05-11 11:27:06,RM311P2850,菜籽粕2311沽2850,152.5,0.0,0.0,0.0,1,57.5,0.0,0,152.5,0.0,0.0,0.0,0.0,0.0,16
2023-05-11 11:29:57,RM311P2850,菜籽粕2311沽2850,152.5,0.0,0.0,0.0,4,50.0,0.0,0,152.5,0.0,0.0,0.0,0.0,0.0,16
2023-05-11 13:31:20,RM311P2850,菜籽粕2311沽2850,152.5,0.0,0.0,0.0,2,50.5,0.0,0,152.5,0.0,0.0,0.0,0.0,0.0,16
2023-05-11 13:47:28,RM311P2850,菜籽粕2311沽2850,152.5,0.0,0.0,0.0,1,51.0,0.0,0,152.5,0.0,0.0,0.0,0.0,0.0,16
2023-05-11 13:47:28,RM311P2850,菜籽粕2311沽2850,152.5,0.0,0.0,0.0,2,51.5,0.0,0,152.5,0.0,0.0,0.0,0.0,0.0,16
2023-05-11 14:01:30,RM311P2850,菜籽粕2311沽2850,152.5,0.0,0.0,0.0,3,143.5,160.5,3,152.5,0.0,0.0,0.0,0.0,0.0,16
2023-05-11 14:01:31,RM311P2850,菜籽粕2311沽2850,152.5,0.0,0.0,0.0,12,143.5,160.5,12,152.5,0.0,0.0,0.0,0.0,0.0,16
2023-05-11 14:01:32,RM311P2850,菜籽粕2311沽2850,152.5,0.0,0.0,0.0,9,143.5,155.5,3,152.5,0.0,0.0,0.0,0.0,0.0,16
2023-05-11 14:01:32,RM311P2850,菜籽粕2311沽2850,152.5,0.0,0.0,0.0,3,143.5,155.5,3,152.5,0.0,0.0,0.0,0.0,0.0,16
2023-05-11 14:01:36,RM311P2850,菜籽粕2311沽2850,152.5,0.0,0.0,0.0,3,143.5,155.5,6,152.5,0.0,0.0,0.0,0.0,0.0,16
2023-05-11 14:01:37,RM311P2850,菜籽粕2311沽2850,152.5,0.0,0.0,0.0,3,144.0,155.5,6,152.5,0.0,0.0,0.0,0.0,0.0,16
2023-05-11 14:01:38,RM311P2850,菜籽粕2311沽2850,152.5,0.0,0.0,0.0,9,144.0,155.5,12,152.5,0.0,0.0,0.0,0.0,0.0,16
2023-05-11 14:01:40,RM311P2850,菜籽粕2311沽2850,152.5,0.0,0.0,0.0,12,144.0,155.5,15,152.5,0.0,0.0,0.0,0.0,0.0,16
2023-05-11 14:01:42,RM311P2850,菜籽粕2311沽2850,152.5,0.0,0.0,0.0,15,144.0,155.5,18,152.5,0.0,0.0,0.0,0.0,0.0,16
2023-05-11 14:01:43,RM311P2850,菜籽粕2311沽2850,152.5,0.0,0.0,0.0,15,144.0,155.5,15,152.5,0.0,0.0,0.0,0.0,0.0,16
2023-05-11 14:01:47,RM311P2850,菜籽粕2311沽2850,152.5,0.0,0.0,0.0,15,144.0,155.5,12,152.5,0.0,0.0,0.0,0.0,0.0,16
2023-05-11 14:01:48,RM311P2850,菜籽粕2311沽2850,152.5,0.0,0.0,0.0,12,144.0,155.5,12,152.5,0.0,0.0,0.0,0.0,0.0,16
2023-05-11 14:01:49,RM311P2850,菜籽粕2311沽2850,152.5,0.0,0.0,0.0,9,144.0,155.5,9,152.5,0.0,0.0,0.0,0.0,0.0,16
2023-05-11 14:01:51,RM311P2850,菜籽粕2311沽2850,152.5,0.0,0.0,0.0,6,144.0,155.5,6,152.5,0.0,0.0,0.0,0.0,0.0,16
2023-05-11 14:01:52,RM311P2850,菜籽粕2311沽2850,152.5,0.0,0.0,0.0,3,144.0,155.5,3,152.5,0.0,0.0,0.0,0.0,0.0,16
2023-05-11 14:01:53,RM311P2850,菜籽粕2311沽2850,152.5,0.0,0.0,0.0,3,141.5,158.0,3,152.5,0.0,0.0,0.0,0.0,0.0,16
2023-05-11 14:01:56,RM311P2850,菜籽粕2311沽2850,152.5,0.0,0.0,0.0,1,51.0,0.0,0,152.5,0.0,0.0,0.0,0.0,0.0,16
2023-05-11 14:01:57,RM311P2850,菜籽粕2311沽2850,152.5,0.0,0.0,0.0,2,51.5,0.0,0,152.5,0.0,0.0,0.0,0.0,0.0,16
2023-05-11 14:15:51,RM311P2850,菜籽粕2311沽2850,152.5,0.0,0.0,0.0,3,140.5,153.5,3,152.5,0.0,0.0,0.0,0.0,0.0,16
2023-05-11 14:15:53,RM311P2850,菜籽粕2311沽2850,152.5,0.0,0.0,0.0,3,143.0,153.5,3,152.5,0.0,0.0,0.0,0.0,0.0,16
2023-05-11 14:15:55,RM311P2850,菜籽粕2311沽2850,152.5,0.0,0.0,0.0,6,143.0,153.5,6,152.5,0.0,0.0,0.0,0.0,0.0,16
2023-05-11 14:15:58,RM311P2850,菜籽粕2311沽2850,152.5,0.0,0.0,0.0,9,143.0,153.5,9,152.5,0.0,0.0,0.0,0.0,0.0,16
2023-05-11 14:15:59,RM311P2850,菜籽粕2311沽2850,152.5,0.0,0.0,0.0,3,144.0,153.5,9,152.5,0.0,0.0,0.0,0.0,0.0,16
2023-05-11 14:16:00,RM311P2850,菜籽粕2311沽2850,152.5,0.0,0.0,0.0,6,144.0,153.5,12,152.5,0.0,0.0,0.0,0.0,0.0,16
2023-05-11 14:16:02,RM311P2850,菜籽粕2311沽2850,152.5,0.0,0.0,0.0,9,144.0,153.5,15,152.5,0.0,0.0,0.0,0.0,0.0,16
2023-05-11 14:16:02,RM311P2850,菜籽粕2311沽2850,152.5,0.0,0.0,0.0,9,144.0,153.5,12,152.5,0.0,0.0,0.0,0.0,0.0,16
2023-05-11 14:16:05,RM311P2850,菜籽粕2311沽2850,152.5,0.0,0.0,0.0,9,144.0,153.5,9,152.5,0.0,0.0,0.0,0.0,0.0,16
2023-05-11 14:16:10,RM311P2850,菜籽粕2311沽2850,152.5,0.0,0.0,0.0,6,144.0,153.5,6,152.5,0.0,0.0,0.0,0.0,0.0,16
2023-05-11 14:16:13,RM311P2850,菜籽粕2311沽2850,152.5,0.0,0.0,0.0,3,144.0,153.5,3,152.5,0.0,0.0,0.0,0.0,0.0,16
2023-05-11 14:16:13,RM311P2850,菜籽粕2311沽2850,152.5,0.0,0.0,0.0,3,143.5,154.0,3,152.5,0.0,0.0,0.0,0.0,0.0,16
2023-05-11 14:16:15,RM311P2850,菜籽粕2311沽2850,152.5,0.0,0.0,0.0,3,140.5,157.0,3,152.5,0.0,0.0,0.0,0.0,0.0,16
2023-05-11 14:16:15,RM311P2850,菜籽粕2311沽2850,152.5,0.0,0.0,0.0,1,51.0,0.0,0,152.5,0.0,0.0,0.0,0.0,0.0,16
2023-05-11 14:16:16,RM311P2850,菜籽粕2311沽2850,152.5,0.0,0.0,0.0,2,59.0,0.0,0,152.5,0.0,0.0,0.0,0.0,0.0,16
2023-05-11 14:19:01,RM311P2850,菜籽粕2311沽2850,152.5,0.0,0.0,0.0,1,59.5,0.0,0,152.5,0.0,0.0,0.0,0.0,0.0,16
2023-05-11 14:19:04,RM311P2850,菜籽粕2311沽2850,152.5,0.0,0.0,0.0,2,60.0,0.0,0,152.5,0.0,0.0,0.0,0.0,0.0,16
