time,symbol_id,symbol_name,last,trade_volume,trade_amount,open_interest_change,bv1,bp1,ap1,av1,yesterday_close,today_open,today_high,today_low,volume,amount,open_interest
2023-05-10 19:12:58,RM401P3000,RM401P3000,366.5,0.0,0.0,-7.0,0,0.0,0.0,0,366.5,357.0,0.0,0.0,0.0,0.0,11
2023-05-10 21:00:23,RM401P3000,RM401P3000,366.5,0.0,0.0,0.0,10,171.0,0.0,0,366.5,357.0,0.0,0.0,0.0,0.0,11
2023-05-10 21:01:03,RM401P3000,RM401P3000,366.5,0.0,0.0,0.0,1,171.5,0.0,0,366.5,357.0,0.0,0.0,0.0,0.0,11
2023-05-10 21:01:03,RM401P3000,RM401P3000,366.5,0.0,0.0,0.0,10,172.0,0.0,0,366.5,357.0,0.0,0.0,0.0,0.0,11
2023-05-10 21:01:03,RM401P3000,RM401P3000,366.5,0.0,0.0,0.0,1,171.5,0.0,0,366.5,357.0,0.0,0.0,0.0,0.0,11
2023-05-10 21:01:03,RM401P3000,RM401P3000,366.5,0.0,0.0,0.0,10,172.0,0.0,0,366.5,357.0,0.0,0.0,0.0,0.0,11
2023-05-10 21:31:03,RM401P3000,RM401P3000,366.5,0.0,0.0,0.0,1,172.5,0.0,0,366.5,357.0,0.0,0.0,0.0,0.0,11
2023-05-10 21:31:03,RM401P3000,RM401P3000,366.5,0.0,0.0,0.0,10,173.0,0.0,0,366.5,357.0,0.0,0.0,0.0,0.0,11
2023-05-10 22:01:03,RM401P3000,RM401P3000,366.5,0.0,0.0,0.0,1,173.5,0.0,0,366.5,357.0,0.0,0.0,0.0,0.0,11
2023-05-10 22:01:03,RM401P3000,RM401P3000,366.5,0.0,0.0,0.0,10,174.0,0.0,0,366.5,357.0,0.0,0.0,0.0,0.0,11
2023-05-10 22:01:03,RM401P3000,RM401P3000,366.5,0.0,0.0,0.0,1,173.5,0.0,0,366.5,357.0,0.0,0.0,0.0,0.0,11
2023-05-10 22:01:03,RM401P3000,RM401P3000,366.5,0.0,0.0,0.0,10,174.0,0.0,0,366.5,357.0,0.0,0.0,0.0,0.0,11
2023-05-10 22:11:15,RM401P3000,RM401P3000,366.5,0.0,0.0,0.0,3,352.5,380.5,3,366.5,357.0,0.0,0.0,0.0,0.0,11
2023-05-10 22:11:15,RM401P3000,RM401P3000,366.5,0.0,0.0,0.0,9,352.5,380.0,13,366.5,357.0,0.0,0.0,0.0,0.0,11
2023-05-10 22:11:17,RM401P3000,RM401P3000,366.5,0.0,0.0,0.0,9,352.5,373.5,3,366.5,357.0,0.0,0.0,0.0,0.0,11
2023-05-10 22:11:18,RM401P3000,RM401P3000,366.5,0.0,0.0,0.0,3,352.5,373.5,3,366.5,357.0,0.0,0.0,0.0,0.0,11
2023-05-10 22:11:21,RM401P3000,RM401P3000,366.5,0.0,0.0,0.0,6,352.5,373.0,3,366.5,357.0,0.0,0.0,0.0,0.0,11
2023-05-10 22:11:21,RM401P3000,RM401P3000,366.5,0.0,0.0,0.0,3,353.0,372.5,3,366.5,357.0,0.0,0.0,0.0,0.0,11
2023-05-10 22:11:21,RM401P3000,RM401P3000,366.5,0.0,0.0,0.0,3,353.0,372.0,3,366.5,357.0,0.0,0.0,0.0,0.0,11
2023-05-10 22:11:22,RM401P3000,RM401P3000,366.5,0.0,0.0,0.0,9,353.0,372.0,9,366.5,357.0,0.0,0.0,0.0,0.0,11
2023-05-10 22:11:23,RM401P3000,RM401P3000,366.5,0.0,0.0,0.0,1,357.0,372.0,9,366.5,357.0,0.0,0.0,0.0,0.0,11
2023-05-10 22:11:24,RM401P3000,RM401P3000,366.5,0.0,0.0,0.0,4,357.0,372.0,12,366.5,357.0,0.0,0.0,0.0,0.0,11
2023-05-10 22:11:25,RM401P3000,RM401P3000,366.5,0.0,0.0,0.0,3,357.0,372.0,12,366.5,357.0,0.0,0.0,0.0,0.0,11
2023-05-10 22:11:32,RM401P3000,RM401P3000,366.5,0.0,0.0,0.0,3,357.0,372.0,9,366.5,357.0,0.0,0.0,0.0,0.0,11
2023-05-10 22:11:34,RM401P3000,RM401P3000,366.5,0.0,0.0,0.0,3,357.0,372.0,6,366.5,357.0,0.0,0.0,0.0,0.0,11
2023-05-10 22:11:35,RM401P3000,RM401P3000,366.5,0.0,0.0,0.0,3,357.0,372.0,3,366.5,357.0,0.0,0.0,0.0,0.0,11
2023-05-10 22:11:36,RM401P3000,RM401P3000,366.5,0.0,0.0,0.0,3,356.5,372.5,3,366.5,357.0,0.0,0.0,0.0,0.0,11
2023-05-10 22:11:36,RM401P3000,RM401P3000,366.5,0.0,0.0,0.0,3,353.5,376.0,3,366.5,357.0,0.0,0.0,0.0,0.0,11
2023-05-10 22:11:37,RM401P3000,RM401P3000,366.5,0.0,0.0,0.0,1,173.5,0.0,0,366.5,357.0,0.0,0.0,0.0,0.0,11
2023-05-10 22:11:37,RM401P3000,RM401P3000,366.5,0.0,0.0,0.0,6,174.5,0.0,0,366.5,357.0,0.0,0.0,0.0,0.0,11
2023-05-10 22:11:38,RM401P3000,RM401P3000,366.5,0.0,0.0,0.0,10,175.0,0.0,0,366.5,357.0,0.0,0.0,0.0,0.0,11
2023-05-10 22:11:38,RM401P3000,RM401P3000,366.5,0.0,0.0,0.0,6,176.0,0.0,0,366.5,357.0,0.0,0.0,0.0,0.0,11
2023-05-10 22:11:39,RM401P3000,RM401P3000,366.5,0.0,0.0,0.0,10,176.5,0.0,0,366.5,357.0,0.0,0.0,0.0,0.0,11
2023-05-10 22:11:39,RM401P3000,RM401P3000,366.5,0.0,0.0,0.0,6,177.5,0.0,0,366.5,357.0,0.0,0.0,0.0,0.0,11
2023-05-10 22:11:40,RM401P3000,RM401P3000,366.5,0.0,0.0,0.0,10,178.0,0.0,0,366.5,357.0,0.0,0.0,0.0,0.0,11
2023-05-10 22:11:40,RM401P3000,RM401P3000,366.5,0.0,0.0,0.0,6,179.0,0.0,0,366.5,357.0,0.0,0.0,0.0,0.0,11
2023-05-10 22:11:41,RM401P3000,RM401P3000,366.5,0.0,0.0,0.0,10,179.5,0.0,0,366.5,357.0,0.0,0.0,0.0,0.0,11
2023-05-10 22:11:41,RM401P3000,RM401P3000,366.5,0.0,0.0,0.0,6,180.5,0.0,0,366.5,357.0,0.0,0.0,0.0,0.0,11
2023-05-10 22:11:42,RM401P3000,RM401P3000,366.5,0.0,0.0,0.0,10,181.0,0.0,0,366.5,357.0,0.0,0.0,0.0,0.0,11
2023-05-10 22:11:42,RM401P3000,RM401P3000,366.5,0.0,0.0,0.0,6,182.0,0.0,0,366.5,357.0,0.0,0.0,0.0,0.0,11
2023-05-10 22:11:43,RM401P3000,RM401P3000,366.5,0.0,0.0,0.0,10,182.5,0.0,0,366.5,357.0,0.0,0.0,0.0,0.0,11
2023-05-10 22:11:43,RM401P3000,RM401P3000,366.5,0.0,0.0,0.0,6,183.5,0.0,0,366.5,357.0,0.0,0.0,0.0,0.0,11
2023-05-10 22:11:44,RM401P3000,RM401P3000,366.5,0.0,0.0,0.0,10,184.0,0.0,0,366.5,357.0,0.0,0.0,0.0,0.0,11
2023-05-10 22:11:44,RM401P3000,RM401P3000,366.5,0.0,0.0,0.0,6,185.0,0.0,0,366.5,357.0,0.0,0.0,0.0,0.0,11
2023-05-10 22:11:45,RM401P3000,RM401P3000,366.5,0.0,0.0,0.0,10,185.5,0.0,0,366.5,357.0,0.0,0.0,0.0,0.0,11
2023-05-10 22:11:45,RM401P3000,RM401P3000,366.5,0.0,0.0,0.0,6,186.5,0.0,0,366.5,357.0,0.0,0.0,0.0,0.0,11
2023-05-10 22:11:46,RM401P3000,RM401P3000,366.5,0.0,0.0,0.0,10,187.0,0.0,0,366.5,357.0,0.0,0.0,0.0,0.0,11
2023-05-10 22:11:46,RM401P3000,RM401P3000,366.5,0.0,0.0,0.0,6,188.0,0.0,0,366.5,357.0,0.0,0.0,0.0,0.0,11
2023-05-10 22:11:47,RM401P3000,RM401P3000,366.5,0.0,0.0,0.0,10,188.5,0.0,0,366.5,357.0,0.0,0.0,0.0,0.0,11
2023-05-10 22:11:47,RM401P3000,RM401P3000,366.5,0.0,0.0,0.0,6,189.5,0.0,0,366.5,357.0,0.0,0.0,0.0,0.0,11
2023-05-10 22:11:48,RM401P3000,RM401P3000,366.5,0.0,0.0,0.0,10,190.0,0.0,0,366.5,357.0,0.0,0.0,0.0,0.0,11
2023-05-10 22:11:48,RM401P3000,RM401P3000,366.5,0.0,0.0,0.0,6,191.0,0.0,0,366.5,357.0,0.0,0.0,0.0,0.0,11
2023-05-10 22:11:49,RM401P3000,RM401P3000,366.5,0.0,0.0,0.0,10,191.5,0.0,0,366.5,357.0,0.0,0.0,0.0,0.0,11
2023-05-10 22:11:49,RM401P3000,RM401P3000,366.5,0.0,0.0,0.0,6,192.5,0.0,0,366.5,357.0,0.0,0.0,0.0,0.0,11
2023-05-10 22:11:50,RM401P3000,RM401P3000,366.5,0.0,0.0,0.0,10,193.0,0.0,0,366.5,357.0,0.0,0.0,0.0,0.0,11
2023-05-10 22:11:50,RM401P3000,RM401P3000,366.5,0.0,0.0,0.0,6,194.0,0.0,0,366.5,357.0,0.0,0.0,0.0,0.0,11
2023-05-10 22:11:51,RM401P3000,RM401P3000,366.5,0.0,0.0,0.0,10,194.5,0.0,0,366.5,357.0,0.0,0.0,0.0,0.0,11
2023-05-10 22:11:51,RM401P3000,RM401P3000,366.5,0.0,0.0,0.0,6,195.5,0.0,0,366.5,357.0,0.0,0.0,0.0,0.0,11
2023-05-10 22:11:52,RM401P3000,RM401P3000,366.5,0.0,0.0,0.0,10,196.0,0.0,0,366.5,357.0,0.0,0.0,0.0,0.0,11
2023-05-10 22:11:52,RM401P3000,RM401P3000,366.5,0.0,0.0,0.0,6,197.0,0.0,0,366.5,357.0,0.0,0.0,0.0,0.0,11
2023-05-10 22:11:53,RM401P3000,RM401P3000,366.5,0.0,0.0,0.0,10,197.5,0.0,0,366.5,357.0,0.0,0.0,0.0,0.0,11
2023-05-10 22:11:53,RM401P3000,RM401P3000,366.5,0.0,0.0,0.0,6,198.5,0.0,0,366.5,357.0,0.0,0.0,0.0,0.0,11
2023-05-10 22:11:54,RM401P3000,RM401P3000,366.5,0.0,0.0,0.0,10,199.0,0.0,0,366.5,357.0,0.0,0.0,0.0,0.0,11
2023-05-10 22:11:54,RM401P3000,RM401P3000,366.5,0.0,0.0,0.0,6,200.0,0.0,0,366.5,357.0,0.0,0.0,0.0,0.0,11
2023-05-10 22:11:55,RM401P3000,RM401P3000,366.5,0.0,0.0,0.0,10,200.5,0.0,0,366.5,357.0,0.0,0.0,0.0,0.0,11
2023-05-10 22:11:55,RM401P3000,RM401P3000,366.5,0.0,0.0,0.0,6,201.5,0.0,0,366.5,357.0,0.0,0.0,0.0,0.0,11
2023-05-10 22:11:56,RM401P3000,RM401P3000,366.5,0.0,0.0,0.0,10,202.0,0.0,0,366.5,357.0,0.0,0.0,0.0,0.0,11
2023-05-10 22:11:56,RM401P3000,RM401P3000,366.5,0.0,0.0,0.0,6,203.0,0.0,0,366.5,357.0,0.0,0.0,0.0,0.0,11
2023-05-10 22:11:57,RM401P3000,RM401P3000,366.5,0.0,0.0,0.0,10,203.5,0.0,0,366.5,357.0,0.0,0.0,0.0,0.0,11
2023-05-10 22:11:57,RM401P3000,RM401P3000,366.5,0.0,0.0,0.0,6,204.5,0.0,0,366.5,357.0,0.0,0.0,0.0,0.0,11
2023-05-10 22:11:58,RM401P3000,RM401P3000,366.5,0.0,0.0,0.0,10,205.0,0.0,0,366.5,357.0,0.0,0.0,0.0,0.0,11
2023-05-10 22:11:58,RM401P3000,RM401P3000,366.5,0.0,0.0,0.0,6,206.0,0.0,0,366.5,357.0,0.0,0.0,0.0,0.0,11
2023-05-10 22:11:59,RM401P3000,RM401P3000,366.5,0.0,0.0,0.0,10,206.5,0.0,0,366.5,357.0,0.0,0.0,0.0,0.0,11
2023-05-10 22:11:59,RM401P3000,RM401P3000,366.5,0.0,0.0,0.0,6,207.5,0.0,0,366.5,357.0,0.0,0.0,0.0,0.0,11
2023-05-10 22:12:00,RM401P3000,RM401P3000,366.5,0.0,0.0,0.0,10,208.0,0.0,0,366.5,357.0,0.0,0.0,0.0,0.0,11
2023-05-10 22:12:00,RM401P3000,RM401P3000,366.5,0.0,0.0,0.0,6,209.0,0.0,0,366.5,357.0,0.0,0.0,0.0,0.0,11
2023-05-10 22:12:01,RM401P3000,RM401P3000,366.5,0.0,0.0,0.0,10,209.5,0.0,0,366.5,357.0,0.0,0.0,0.0,0.0,11
2023-05-10 22:12:01,RM401P3000,RM401P3000,366.5,0.0,0.0,0.0,6,210.5,0.0,0,366.5,357.0,0.0,0.0,0.0,0.0,11
2023-05-10 22:12:02,RM401P3000,RM401P3000,366.5,0.0,0.0,0.0,10,211.0,0.0,0,366.5,357.0,0.0,0.0,0.0,0.0,11
2023-05-10 22:12:02,RM401P3000,RM401P3000,366.5,0.0,0.0,0.0,6,212.0,0.0,0,366.5,357.0,0.0,0.0,0.0,0.0,11
2023-05-10 22:12:03,RM401P3000,RM401P3000,366.5,0.0,0.0,0.0,10,212.5,0.0,0,366.5,357.0,0.0,0.0,0.0,0.0,11
2023-05-10 22:12:03,RM401P3000,RM401P3000,366.5,0.0,0.0,0.0,6,213.5,0.0,0,366.5,357.0,0.0,0.0,0.0,0.0,11
2023-05-10 22:12:04,RM401P3000,RM401P3000,366.5,0.0,0.0,0.0,10,214.0,0.0,0,366.5,357.0,0.0,0.0,0.0,0.0,11
2023-05-10 22:12:04,RM401P3000,RM401P3000,366.5,0.0,0.0,0.0,6,215.0,0.0,0,366.5,357.0,0.0,0.0,0.0,0.0,11
2023-05-10 22:12:05,RM401P3000,RM401P3000,366.5,0.0,0.0,0.0,10,215.5,0.0,0,366.5,357.0,0.0,0.0,0.0,0.0,11
2023-05-10 22:12:05,RM401P3000,RM401P3000,366.5,0.0,0.0,0.0,6,216.5,0.0,0,366.5,357.0,0.0,0.0,0.0,0.0,11
2023-05-10 22:12:06,RM401P3000,RM401P3000,366.5,0.0,0.0,0.0,10,217.0,0.0,0,366.5,357.0,0.0,0.0,0.0,0.0,11
2023-05-10 22:12:06,RM401P3000,RM401P3000,366.5,0.0,0.0,0.0,6,218.0,0.0,0,366.5,357.0,0.0,0.0,0.0,0.0,11
2023-05-10 22:12:07,RM401P3000,RM401P3000,366.5,0.0,0.0,0.0,10,218.5,0.0,0,366.5,357.0,0.0,0.0,0.0,0.0,11
2023-05-10 22:12:07,RM401P3000,RM401P3000,366.5,0.0,0.0,0.0,6,219.5,0.0,0,366.5,357.0,0.0,0.0,0.0,0.0,11
2023-05-10 22:12:08,RM401P3000,RM401P3000,366.5,0.0,0.0,0.0,10,220.0,0.0,0,366.5,357.0,0.0,0.0,0.0,0.0,11
2023-05-10 22:12:08,RM401P3000,RM401P3000,366.5,0.0,0.0,0.0,6,221.0,0.0,0,366.5,357.0,0.0,0.0,0.0,0.0,11
2023-05-10 22:12:09,RM401P3000,RM401P3000,366.5,0.0,0.0,0.0,10,221.5,0.0,0,366.5,357.0,0.0,0.0,0.0,0.0,11
2023-05-10 22:12:09,RM401P3000,RM401P3000,366.5,0.0,0.0,0.0,6,222.5,0.0,0,366.5,357.0,0.0,0.0,0.0,0.0,11
2023-05-10 22:12:10,RM401P3000,RM401P3000,366.5,0.0,0.0,0.0,10,223.0,0.0,0,366.5,357.0,0.0,0.0,0.0,0.0,11
2023-05-10 22:12:10,RM401P3000,RM401P3000,366.5,0.0,0.0,0.0,6,224.0,0.0,0,366.5,357.0,0.0,0.0,0.0,0.0,11
2023-05-10 22:12:11,RM401P3000,RM401P3000,366.5,0.0,0.0,0.0,10,224.5,0.0,0,366.5,357.0,0.0,0.0,0.0,0.0,11
2023-05-10 22:12:11,RM401P3000,RM401P3000,366.5,0.0,0.0,0.0,6,225.5,0.0,0,366.5,357.0,0.0,0.0,0.0,0.0,11
2023-05-10 22:12:12,RM401P3000,RM401P3000,366.5,0.0,0.0,0.0,10,226.0,0.0,0,366.5,357.0,0.0,0.0,0.0,0.0,11
2023-05-10 22:12:12,RM401P3000,RM401P3000,366.5,0.0,0.0,0.0,6,227.0,0.0,0,366.5,357.0,0.0,0.0,0.0,0.0,11
2023-05-10 22:12:13,RM401P3000,RM401P3000,366.5,0.0,0.0,0.0,10,227.5,0.0,0,366.5,357.0,0.0,0.0,0.0,0.0,11
2023-05-10 22:12:13,RM401P3000,RM401P3000,366.5,0.0,0.0,0.0,6,228.5,0.0,0,366.5,357.0,0.0,0.0,0.0,0.0,11
2023-05-10 22:12:14,RM401P3000,RM401P3000,366.5,0.0,0.0,0.0,10,229.0,0.0,0,366.5,357.0,0.0,0.0,0.0,0.0,11
2023-05-10 22:12:14,RM401P3000,RM401P3000,366.5,0.0,0.0,0.0,6,230.0,0.0,0,366.5,357.0,0.0,0.0,0.0,0.0,11
2023-05-10 22:12:15,RM401P3000,RM401P3000,366.5,0.0,0.0,0.0,10,230.5,0.0,0,366.5,357.0,0.0,0.0,0.0,0.0,11
2023-05-10 22:12:15,RM401P3000,RM401P3000,366.5,0.0,0.0,0.0,6,231.5,0.0,0,366.5,357.0,0.0,0.0,0.0,0.0,11
2023-05-10 22:12:16,RM401P3000,RM401P3000,366.5,0.0,0.0,0.0,10,232.0,0.0,0,366.5,357.0,0.0,0.0,0.0,0.0,11
2023-05-10 22:12:16,RM401P3000,RM401P3000,366.5,0.0,0.0,0.0,6,233.0,0.0,0,366.5,357.0,0.0,0.0,0.0,0.0,11
2023-05-10 22:12:17,RM401P3000,RM401P3000,366.5,0.0,0.0,0.0,10,233.5,0.0,0,366.5,357.0,0.0,0.0,0.0,0.0,11
2023-05-10 22:12:17,RM401P3000,RM401P3000,366.5,0.0,0.0,0.0,6,234.5,0.0,0,366.5,357.0,0.0,0.0,0.0,0.0,11
2023-05-10 22:12:18,RM401P3000,RM401P3000,366.5,0.0,0.0,0.0,10,235.0,0.0,0,366.5,357.0,0.0,0.0,0.0,0.0,11
2023-05-10 22:12:18,RM401P3000,RM401P3000,366.5,0.0,0.0,0.0,6,236.0,0.0,0,366.5,357.0,0.0,0.0,0.0,0.0,11
2023-05-10 22:12:19,RM401P3000,RM401P3000,366.5,0.0,0.0,0.0,10,236.5,0.0,0,366.5,357.0,0.0,0.0,0.0,0.0,11
2023-05-10 22:12:19,RM401P3000,RM401P3000,366.5,0.0,0.0,0.0,6,237.5,0.0,0,366.5,357.0,0.0,0.0,0.0,0.0,11
2023-05-10 22:12:20,RM401P3000,RM401P3000,366.5,0.0,0.0,0.0,10,238.0,0.0,0,366.5,357.0,0.0,0.0,0.0,0.0,11
2023-05-10 22:12:20,RM401P3000,RM401P3000,366.5,0.0,0.0,0.0,6,239.0,0.0,0,366.5,357.0,0.0,0.0,0.0,0.0,11
2023-05-10 22:12:21,RM401P3000,RM401P3000,366.5,0.0,0.0,0.0,10,239.5,0.0,0,366.5,357.0,0.0,0.0,0.0,0.0,11
2023-05-10 22:12:21,RM401P3000,RM401P3000,366.5,0.0,0.0,0.0,6,240.5,0.0,0,366.5,357.0,0.0,0.0,0.0,0.0,11
2023-05-10 22:12:22,RM401P3000,RM401P3000,366.5,0.0,0.0,0.0,10,241.0,0.0,0,366.5,357.0,0.0,0.0,0.0,0.0,11
2023-05-10 22:12:22,RM401P3000,RM401P3000,366.5,0.0,0.0,0.0,6,242.0,0.0,0,366.5,357.0,0.0,0.0,0.0,0.0,11
2023-05-10 22:12:23,RM401P3000,RM401P3000,366.5,0.0,0.0,0.0,10,242.5,0.0,0,366.5,357.0,0.0,0.0,0.0,0.0,11
2023-05-10 22:12:23,RM401P3000,RM401P3000,366.5,0.0,0.0,0.0,6,243.5,0.0,0,366.5,357.0,0.0,0.0,0.0,0.0,11
2023-05-10 22:12:24,RM401P3000,RM401P3000,366.5,0.0,0.0,0.0,10,244.0,0.0,0,366.5,357.0,0.0,0.0,0.0,0.0,11
2023-05-10 22:12:24,RM401P3000,RM401P3000,366.5,0.0,0.0,0.0,6,245.0,0.0,0,366.5,357.0,0.0,0.0,0.0,0.0,11
2023-05-10 22:12:25,RM401P3000,RM401P3000,366.5,0.0,0.0,0.0,10,245.5,0.0,0,366.5,357.0,0.0,0.0,0.0,0.0,11
2023-05-10 22:12:25,RM401P3000,RM401P3000,366.5,0.0,0.0,0.0,6,246.5,0.0,0,366.5,357.0,0.0,0.0,0.0,0.0,11
2023-05-10 22:12:26,RM401P3000,RM401P3000,366.5,0.0,0.0,0.0,10,247.0,0.0,0,366.5,357.0,0.0,0.0,0.0,0.0,11
2023-05-10 22:12:26,RM401P3000,RM401P3000,366.5,0.0,0.0,0.0,6,248.0,0.0,0,366.5,357.0,0.0,0.0,0.0,0.0,11
2023-05-10 22:12:27,RM401P3000,RM401P3000,366.5,0.0,0.0,0.0,10,248.5,0.0,0,366.5,357.0,0.0,0.0,0.0,0.0,11
2023-05-10 22:12:27,RM401P3000,RM401P3000,366.5,0.0,0.0,0.0,6,249.5,0.0,0,366.5,357.0,0.0,0.0,0.0,0.0,11
2023-05-10 22:12:28,RM401P3000,RM401P3000,366.5,0.0,0.0,0.0,10,250.0,0.0,0,366.5,357.0,0.0,0.0,0.0,0.0,11
2023-05-10 22:12:28,RM401P3000,RM401P3000,366.5,0.0,0.0,0.0,6,251.0,0.0,0,366.5,357.0,0.0,0.0,0.0,0.0,11
2023-05-10 22:12:29,RM401P3000,RM401P3000,366.5,0.0,0.0,0.0,10,251.5,0.0,0,366.5,357.0,0.0,0.0,0.0,0.0,11
2023-05-10 22:12:29,RM401P3000,RM401P3000,366.5,0.0,0.0,0.0,6,252.5,0.0,0,366.5,357.0,0.0,0.0,0.0,0.0,11
2023-05-10 22:12:30,RM401P3000,RM401P3000,366.5,0.0,0.0,0.0,10,253.0,0.0,0,366.5,357.0,0.0,0.0,0.0,0.0,11
2023-05-10 22:13:43,RM401P3000,RM401P3000,366.5,0.0,0.0,0.0,3,350.0,357.5,1,366.5,357.0,0.0,0.0,0.0,0.0,11
2023-05-10 22:13:50,RM401P3000,RM401P3000,366.5,0.0,0.0,0.0,3,350.0,357.0,3,366.5,357.0,0.0,0.0,0.0,0.0,11
2023-05-10 22:13:50,RM401P3000,RM401P3000,366.5,0.0,0.0,0.0,6,350.0,357.0,3,366.5,357.0,0.0,0.0,0.0,0.0,11
2023-05-10 22:13:51,RM401P3000,RM401P3000,366.5,0.0,0.0,0.0,3,352.5,357.0,6,366.5,357.0,0.0,0.0,0.0,0.0,11
2023-05-10 22:13:53,RM401P3000,RM401P3000,366.5,0.0,0.0,0.0,6,352.5,357.0,9,366.5,357.0,0.0,0.0,0.0,0.0,11
2023-05-10 22:14:01,RM401P3000,RM401P3000,366.5,0.0,0.0,0.0,6,352.5,357.0,6,366.5,357.0,0.0,0.0,0.0,0.0,11
2023-05-10 22:14:02,RM401P3000,RM401P3000,357.5,9.0,3213.0,3.0,3,357.5,362.5,3,366.5,357.0,357.5,357.0,9.0,3213.0,14
2023-05-10 22:14:04,RM401P3000,RM401P3000,357.5,0.0,0.0,0.0,3,357.5,0.0,0,366.5,357.0,357.5,357.0,9.0,3213.0,14
2023-05-10 22:14:08,RM401P3000,RM401P3000,357.5,0.0,0.0,0.0,1,359.0,0.0,0,366.5,357.0,357.5,357.0,9.0,3213.0,14
2023-05-10 22:14:09,RM401P3000,RM401P3000,357.5,0.0,0.0,0.0,1,173.5,0.0,0,366.5,357.0,357.5,357.0,9.0,3213.0,14
2023-05-10 22:14:10,RM401P3000,RM401P3000,357.5,0.0,0.0,0.0,6,174.5,0.0,0,366.5,357.0,357.5,357.0,9.0,3213.0,14
2023-05-10 22:14:10,RM401P3000,RM401P3000,357.5,0.0,0.0,0.0,11,175.0,0.0,0,366.5,357.0,357.5,357.0,9.0,3213.0,14
2023-05-10 22:14:11,RM401P3000,RM401P3000,357.5,0.0,0.0,0.0,6,176.0,0.0,0,366.5,357.0,357.5,357.0,9.0,3213.0,14
2023-05-10 22:14:11,RM401P3000,RM401P3000,357.5,0.0,0.0,0.0,11,176.5,0.0,0,366.5,357.0,357.5,357.0,9.0,3213.0,14
2023-05-10 22:14:12,RM401P3000,RM401P3000,357.5,0.0,0.0,0.0,6,177.5,0.0,0,366.5,357.0,357.5,357.0,9.0,3213.0,14
2023-05-10 22:14:12,RM401P3000,RM401P3000,357.5,0.0,0.0,0.0,11,178.0,0.0,0,366.5,357.0,357.5,357.0,9.0,3213.0,14
2023-05-10 22:14:13,RM401P3000,RM401P3000,357.5,0.0,0.0,0.0,6,179.0,0.0,0,366.5,357.0,357.5,357.0,9.0,3213.0,14
2023-05-10 22:14:13,RM401P3000,RM401P3000,357.5,0.0,0.0,0.0,11,179.5,0.0,0,366.5,357.0,357.5,357.0,9.0,3213.0,14
2023-05-10 22:14:14,RM401P3000,RM401P3000,357.5,0.0,0.0,0.0,6,180.5,0.0,0,366.5,357.0,357.5,357.0,9.0,3213.0,14
2023-05-10 22:14:14,RM401P3000,RM401P3000,357.5,0.0,0.0,0.0,11,181.0,0.0,0,366.5,357.0,357.5,357.0,9.0,3213.0,14
2023-05-10 22:14:15,RM401P3000,RM401P3000,357.5,0.0,0.0,0.0,6,182.0,0.0,0,366.5,357.0,357.5,357.0,9.0,3213.0,14
2023-05-10 22:14:15,RM401P3000,RM401P3000,357.5,0.0,0.0,0.0,11,182.5,0.0,0,366.5,357.0,357.5,357.0,9.0,3213.0,14
2023-05-10 22:14:16,RM401P3000,RM401P3000,357.5,0.0,0.0,0.0,6,183.5,0.0,0,366.5,357.0,357.5,357.0,9.0,3213.0,14
2023-05-10 22:14:16,RM401P3000,RM401P3000,357.5,0.0,0.0,0.0,11,184.0,0.0,0,366.5,357.0,357.5,357.0,9.0,3213.0,14
2023-05-10 22:14:17,RM401P3000,RM401P3000,357.5,0.0,0.0,0.0,6,185.0,0.0,0,366.5,357.0,357.5,357.0,9.0,3213.0,14
2023-05-10 22:14:17,RM401P3000,RM401P3000,357.5,0.0,0.0,0.0,11,185.5,0.0,0,366.5,357.0,357.5,357.0,9.0,3213.0,14
2023-05-10 22:14:18,RM401P3000,RM401P3000,357.5,0.0,0.0,0.0,6,186.5,0.0,0,366.5,357.0,357.5,357.0,9.0,3213.0,14
2023-05-10 22:14:18,RM401P3000,RM401P3000,357.5,0.0,0.0,0.0,11,187.0,0.0,0,366.5,357.0,357.5,357.0,9.0,3213.0,14
2023-05-10 22:14:19,RM401P3000,RM401P3000,357.5,0.0,0.0,0.0,6,188.0,0.0,0,366.5,357.0,357.5,357.0,9.0,3213.0,14
2023-05-10 22:14:19,RM401P3000,RM401P3000,357.5,0.0,0.0,0.0,11,188.5,0.0,0,366.5,357.0,357.5,357.0,9.0,3213.0,14
2023-05-10 22:14:20,RM401P3000,RM401P3000,357.5,0.0,0.0,0.0,6,189.5,0.0,0,366.5,357.0,357.5,357.0,9.0,3213.0,14
2023-05-10 22:14:20,RM401P3000,RM401P3000,357.5,0.0,0.0,0.0,11,190.0,0.0,0,366.5,357.0,357.5,357.0,9.0,3213.0,14
2023-05-10 22:14:21,RM401P3000,RM401P3000,357.5,0.0,0.0,0.0,6,191.0,0.0,0,366.5,357.0,357.5,357.0,9.0,3213.0,14
2023-05-10 22:14:21,RM401P3000,RM401P3000,357.5,0.0,0.0,0.0,11,191.5,0.0,0,366.5,357.0,357.5,357.0,9.0,3213.0,14
2023-05-10 22:14:22,RM401P3000,RM401P3000,357.5,0.0,0.0,0.0,10,193.0,0.0,0,366.5,357.0,357.5,357.0,9.0,3213.0,14
2023-05-10 22:14:22,RM401P3000,RM401P3000,357.5,0.0,0.0,0.0,6,194.0,0.0,0,366.5,357.0,357.5,357.0,9.0,3213.0,14
2023-05-10 22:14:23,RM401P3000,RM401P3000,357.5,0.0,0.0,0.0,11,194.5,0.0,0,366.5,357.0,357.5,357.0,9.0,3213.0,14
2023-05-10 22:14:23,RM401P3000,RM401P3000,357.5,0.0,0.0,0.0,6,195.5,0.0,0,366.5,357.0,357.5,357.0,9.0,3213.0,14
2023-05-10 22:14:24,RM401P3000,RM401P3000,357.5,0.0,0.0,0.0,11,196.0,0.0,0,366.5,357.0,357.5,357.0,9.0,3213.0,14
2023-05-10 22:14:24,RM401P3000,RM401P3000,357.5,0.0,0.0,0.0,6,197.0,0.0,0,366.5,357.0,357.5,357.0,9.0,3213.0,14
2023-05-10 22:14:25,RM401P3000,RM401P3000,357.5,0.0,0.0,0.0,11,197.5,0.0,0,366.5,357.0,357.5,357.0,9.0,3213.0,14
2023-05-10 22:14:25,RM401P3000,RM401P3000,357.5,0.0,0.0,0.0,6,198.5,0.0,0,366.5,357.0,357.5,357.0,9.0,3213.0,14
2023-05-10 22:14:26,RM401P3000,RM401P3000,357.5,0.0,0.0,0.0,11,199.0,0.0,0,366.5,357.0,357.5,357.0,9.0,3213.0,14
2023-05-10 22:14:26,RM401P3000,RM401P3000,357.5,0.0,0.0,0.0,6,200.0,0.0,0,366.5,357.0,357.5,357.0,9.0,3213.0,14
2023-05-10 22:14:27,RM401P3000,RM401P3000,357.5,0.0,0.0,0.0,11,200.5,0.0,0,366.5,357.0,357.5,357.0,9.0,3213.0,14
2023-05-10 22:14:27,RM401P3000,RM401P3000,357.5,0.0,0.0,0.0,6,201.5,0.0,0,366.5,357.0,357.5,357.0,9.0,3213.0,14
2023-05-10 22:14:28,RM401P3000,RM401P3000,357.5,0.0,0.0,0.0,11,202.0,0.0,0,366.5,357.0,357.5,357.0,9.0,3213.0,14
2023-05-10 22:14:28,RM401P3000,RM401P3000,357.5,0.0,0.0,0.0,6,203.0,0.0,0,366.5,357.0,357.5,357.0,9.0,3213.0,14
2023-05-10 22:14:29,RM401P3000,RM401P3000,357.5,0.0,0.0,0.0,11,203.5,0.0,0,366.5,357.0,357.5,357.0,9.0,3213.0,14
2023-05-10 22:14:29,RM401P3000,RM401P3000,357.5,0.0,0.0,0.0,6,204.5,0.0,0,366.5,357.0,357.5,357.0,9.0,3213.0,14
2023-05-10 22:14:30,RM401P3000,RM401P3000,357.5,0.0,0.0,0.0,11,205.0,0.0,0,366.5,357.0,357.5,357.0,9.0,3213.0,14
2023-05-10 22:14:30,RM401P3000,RM401P3000,357.5,0.0,0.0,0.0,6,206.0,0.0,0,366.5,357.0,357.5,357.0,9.0,3213.0,14
2023-05-10 22:14:31,RM401P3000,RM401P3000,357.5,0.0,0.0,0.0,11,206.5,0.0,0,366.5,357.0,357.5,357.0,9.0,3213.0,14
2023-05-10 22:14:31,RM401P3000,RM401P3000,357.5,0.0,0.0,0.0,6,207.5,0.0,0,366.5,357.0,357.5,357.0,9.0,3213.0,14
2023-05-10 22:14:32,RM401P3000,RM401P3000,357.5,0.0,0.0,0.0,11,208.0,0.0,0,366.5,357.0,357.5,357.0,9.0,3213.0,14
2023-05-10 22:14:32,RM401P3000,RM401P3000,357.5,0.0,0.0,0.0,6,209.0,0.0,0,366.5,357.0,357.5,357.0,9.0,3213.0,14
2023-05-10 22:14:33,RM401P3000,RM401P3000,357.5,0.0,0.0,0.0,10,209.5,0.0,0,366.5,357.0,357.5,357.0,9.0,3213.0,14
2023-05-10 22:14:33,RM401P3000,RM401P3000,357.5,0.0,0.0,0.0,6,210.5,0.0,0,366.5,357.0,357.5,357.0,9.0,3213.0,14
2023-05-10 22:14:34,RM401P3000,RM401P3000,357.5,0.0,0.0,0.0,10,211.0,0.0,0,366.5,357.0,357.5,357.0,9.0,3213.0,14
2023-05-10 22:14:34,RM401P3000,RM401P3000,357.5,0.0,0.0,0.0,6,212.0,0.0,0,366.5,357.0,357.5,357.0,9.0,3213.0,14
2023-05-10 22:14:35,RM401P3000,RM401P3000,357.5,0.0,0.0,0.0,10,212.5,0.0,0,366.5,357.0,357.5,357.0,9.0,3213.0,14
2023-05-10 22:14:35,RM401P3000,RM401P3000,357.5,0.0,0.0,0.0,6,213.5,0.0,0,366.5,357.0,357.5,357.0,9.0,3213.0,14
2023-05-10 22:14:36,RM401P3000,RM401P3000,357.5,0.0,0.0,0.0,10,214.0,0.0,0,366.5,357.0,357.5,357.0,9.0,3213.0,14
2023-05-10 22:14:36,RM401P3000,RM401P3000,357.5,0.0,0.0,0.0,6,215.0,0.0,0,366.5,357.0,357.5,357.0,9.0,3213.0,14
2023-05-10 22:14:37,RM401P3000,RM401P3000,357.5,0.0,0.0,0.0,10,215.5,0.0,0,366.5,357.0,357.5,357.0,9.0,3213.0,14
2023-05-10 22:14:37,RM401P3000,RM401P3000,357.5,0.0,0.0,0.0,6,216.5,0.0,0,366.5,357.0,357.5,357.0,9.0,3213.0,14
2023-05-10 22:14:38,RM401P3000,RM401P3000,357.5,0.0,0.0,0.0,10,217.0,0.0,0,366.5,357.0,357.5,357.0,9.0,3213.0,14
2023-05-10 22:14:38,RM401P3000,RM401P3000,357.5,0.0,0.0,0.0,6,218.0,0.0,0,366.5,357.0,357.5,357.0,9.0,3213.0,14
2023-05-10 22:14:39,RM401P3000,RM401P3000,357.5,0.0,0.0,0.0,10,218.5,0.0,0,366.5,357.0,357.5,357.0,9.0,3213.0,14
2023-05-10 22:14:39,RM401P3000,RM401P3000,357.5,0.0,0.0,0.0,6,219.5,0.0,0,366.5,357.0,357.5,357.0,9.0,3213.0,14
2023-05-10 22:14:40,RM401P3000,RM401P3000,357.5,0.0,0.0,0.0,10,220.0,0.0,0,366.5,357.0,357.5,357.0,9.0,3213.0,14
2023-05-10 22:14:40,RM401P3000,RM401P3000,357.5,0.0,0.0,0.0,6,221.0,0.0,0,366.5,357.0,357.5,357.0,9.0,3213.0,14
2023-05-10 22:14:41,RM401P3000,RM401P3000,357.5,0.0,0.0,0.0,10,221.5,0.0,0,366.5,357.0,357.5,357.0,9.0,3213.0,14
2023-05-10 22:14:41,RM401P3000,RM401P3000,357.5,0.0,0.0,0.0,6,222.5,0.0,0,366.5,357.0,357.5,357.0,9.0,3213.0,14
2023-05-10 22:14:42,RM401P3000,RM401P3000,357.5,0.0,0.0,0.0,10,223.0,0.0,0,366.5,357.0,357.5,357.0,9.0,3213.0,14
2023-05-10 22:14:42,RM401P3000,RM401P3000,357.5,0.0,0.0,0.0,6,224.0,0.0,0,366.5,357.0,357.5,357.0,9.0,3213.0,14
2023-05-10 22:14:43,RM401P3000,RM401P3000,357.5,0.0,0.0,0.0,10,224.5,357.5,1,366.5,357.0,357.5,357.0,9.0,3213.0,14
2023-05-10 22:14:43,RM401P3000,RM401P3000,357.5,0.0,0.0,0.0,6,225.5,357.5,1,366.5,357.0,357.5,357.0,9.0,3213.0,14
2023-05-10 22:14:44,RM401P3000,RM401P3000,357.5,0.0,0.0,0.0,10,226.0,357.5,1,366.5,357.0,357.5,357.0,9.0,3213.0,14
2023-05-10 22:14:44,RM401P3000,RM401P3000,357.5,0.0,0.0,0.0,6,227.0,357.5,1,366.5,357.0,357.5,357.0,9.0,3213.0,14
2023-05-10 22:14:45,RM401P3000,RM401P3000,357.5,0.0,0.0,0.0,10,227.5,357.5,1,366.5,357.0,357.5,357.0,9.0,3213.0,14
2023-05-10 22:14:45,RM401P3000,RM401P3000,357.5,0.0,0.0,0.0,3,353.0,357.5,1,366.5,357.0,357.5,357.0,9.0,3213.0,14
2023-05-10 22:14:48,RM401P3000,RM401P3000,357.5,0.0,0.0,0.0,3,353.0,357.0,3,366.5,357.0,357.5,357.0,9.0,3213.0,14
2023-05-10 22:14:52,RM401P3000,RM401P3000,357.5,0.0,0.0,0.0,6,353.0,357.0,3,366.5,357.0,357.5,357.0,9.0,3213.0,14
2023-05-10 22:14:52,RM401P3000,RM401P3000,357.5,0.0,0.0,0.0,9,353.0,357.0,3,366.5,357.0,357.5,357.0,9.0,3213.0,14
2023-05-10 22:14:54,RM401P3000,RM401P3000,357.5,0.0,0.0,0.0,12,353.0,357.0,6,366.5,357.0,357.5,357.0,9.0,3213.0,14
2023-05-10 22:14:57,RM401P3000,RM401P3000,357.5,9.0,3213.0,6.0,6,357.0,357.5,3,366.5,357.0,357.5,357.0,18.0,6426.0,20
2023-05-10 22:15:02,RM401P3000,RM401P3000,357.5,3.0,1071.0,3.0,3,357.5,360.0,6,366.5,357.0,357.5,357.0,21.0,7497.0,23
2023-05-10 22:15:02,RM401P3000,RM401P3000,357.5,0.0,0.0,0.0,3,357.5,362.5,3,366.5,357.0,357.5,357.0,21.0,7497.0,23
2023-05-10 22:15:05,RM401P3000,RM401P3000,357.5,0.0,0.0,0.0,3,357.5,370.0,3,366.5,357.0,357.5,357.0,21.0,7497.0,23
2023-05-10 22:15:08,RM401P3000,RM401P3000,357.5,0.0,0.0,0.0,3,357.5,373.0,3,366.5,357.0,357.5,357.0,21.0,7497.0,23
2023-05-10 22:15:08,RM401P3000,RM401P3000,357.5,0.0,0.0,0.0,3,357.5,0.0,0,366.5,357.0,357.5,357.0,21.0,7497.0,23
2023-05-10 22:15:25,RM401P3000,RM401P3000,357.5,0.0,0.0,0.0,1,362.0,0.0,0,366.5,357.0,357.5,357.0,21.0,7497.0,23
2023-05-10 22:15:29,RM401P3000,RM401P3000,357.5,0.0,0.0,0.0,1,222.0,0.0,0,366.5,357.0,357.5,357.0,21.0,7497.0,23
2023-05-10 22:15:29,RM401P3000,RM401P3000,357.5,0.0,0.0,0.0,6,223.0,0.0,0,366.5,357.0,357.5,357.0,21.0,7497.0,23
2023-05-10 22:15:30,RM401P3000,RM401P3000,357.5,0.0,0.0,0.0,11,223.5,0.0,0,366.5,357.0,357.5,357.0,21.0,7497.0,23
2023-05-10 22:15:30,RM401P3000,RM401P3000,357.5,0.0,0.0,0.0,6,224.5,0.0,0,366.5,357.0,357.5,357.0,21.0,7497.0,23
2023-05-10 22:15:31,RM401P3000,RM401P3000,357.5,0.0,0.0,0.0,11,225.0,0.0,0,366.5,357.0,357.5,357.0,21.0,7497.0,23
2023-05-10 22:15:31,RM401P3000,RM401P3000,357.5,0.0,0.0,0.0,6,226.0,0.0,0,366.5,357.0,357.5,357.0,21.0,7497.0,23
2023-05-10 22:15:32,RM401P3000,RM401P3000,357.5,0.0,0.0,0.0,11,226.5,365.5,1,366.5,357.0,357.5,357.0,21.0,7497.0,23
2023-05-10 22:15:32,RM401P3000,RM401P3000,357.5,0.0,0.0,0.0,6,227.5,365.5,1,366.5,357.0,357.5,357.0,21.0,7497.0,23
2023-05-10 22:15:33,RM401P3000,RM401P3000,357.5,0.0,0.0,0.0,10,228.0,0.0,0,366.5,357.0,357.5,357.0,21.0,7497.0,23
2023-05-10 22:15:33,RM401P3000,RM401P3000,357.5,0.0,0.0,0.0,6,229.0,0.0,0,366.5,357.0,357.5,357.0,21.0,7497.0,23
2023-05-10 22:15:34,RM401P3000,RM401P3000,357.5,0.0,0.0,0.0,10,229.5,0.0,0,366.5,357.0,357.5,357.0,21.0,7497.0,23
2023-05-10 22:15:34,RM401P3000,RM401P3000,357.5,0.0,0.0,0.0,6,230.5,0.0,0,366.5,357.0,357.5,357.0,21.0,7497.0,23
2023-05-10 22:15:35,RM401P3000,RM401P3000,357.5,0.0,0.0,0.0,10,231.0,0.0,0,366.5,357.0,357.5,357.0,21.0,7497.0,23
2023-05-10 22:15:35,RM401P3000,RM401P3000,357.5,0.0,0.0,0.0,6,232.0,0.0,0,366.5,357.0,357.5,357.0,21.0,7497.0,23
2023-05-10 22:15:36,RM401P3000,RM401P3000,357.5,0.0,0.0,0.0,10,232.5,0.0,0,366.5,357.0,357.5,357.0,21.0,7497.0,23
2023-05-10 22:15:36,RM401P3000,RM401P3000,357.5,0.0,0.0,0.0,6,233.5,0.0,0,366.5,357.0,357.5,357.0,21.0,7497.0,23
2023-05-10 22:15:37,RM401P3000,RM401P3000,357.5,0.0,0.0,0.0,10,234.0,0.0,0,366.5,357.0,357.5,357.0,21.0,7497.0,23
2023-05-10 22:15:37,RM401P3000,RM401P3000,357.5,0.0,0.0,0.0,6,235.0,0.0,0,366.5,357.0,357.5,357.0,21.0,7497.0,23
2023-05-10 22:15:38,RM401P3000,RM401P3000,357.5,0.0,0.0,0.0,10,235.5,0.0,0,366.5,357.0,357.5,357.0,21.0,7497.0,23
2023-05-10 22:15:38,RM401P3000,RM401P3000,357.5,0.0,0.0,0.0,6,236.5,0.0,0,366.5,357.0,357.5,357.0,21.0,7497.0,23
2023-05-10 22:15:39,RM401P3000,RM401P3000,357.5,0.0,0.0,0.0,10,237.0,0.0,0,366.5,357.0,357.5,357.0,21.0,7497.0,23
2023-05-10 22:15:39,RM401P3000,RM401P3000,357.5,0.0,0.0,0.0,6,238.0,0.0,0,366.5,357.0,357.5,357.0,21.0,7497.0,23
2023-05-10 22:15:40,RM401P3000,RM401P3000,357.5,0.0,0.0,0.0,10,238.5,0.0,0,366.5,357.0,357.5,357.0,21.0,7497.0,23
2023-05-10 22:15:40,RM401P3000,RM401P3000,357.5,0.0,0.0,0.0,6,239.5,0.0,0,366.5,357.0,357.5,357.0,21.0,7497.0,23
2023-05-10 22:15:41,RM401P3000,RM401P3000,357.5,0.0,0.0,0.0,10,240.0,0.0,0,366.5,357.0,357.5,357.0,21.0,7497.0,23
2023-05-10 22:15:41,RM401P3000,RM401P3000,357.5,0.0,0.0,0.0,6,241.0,0.0,0,366.5,357.0,357.5,357.0,21.0,7497.0,23
2023-05-10 22:15:42,RM401P3000,RM401P3000,357.5,0.0,0.0,0.0,10,241.5,0.0,0,366.5,357.0,357.5,357.0,21.0,7497.0,23
2023-05-10 22:15:42,RM401P3000,RM401P3000,357.5,0.0,0.0,0.0,6,242.5,0.0,0,366.5,357.0,357.5,357.0,21.0,7497.0,23
2023-05-10 22:15:43,RM401P3000,RM401P3000,357.5,0.0,0.0,0.0,10,243.0,0.0,0,366.5,357.0,357.5,357.0,21.0,7497.0,23
2023-05-10 22:15:43,RM401P3000,RM401P3000,357.5,0.0,0.0,0.0,6,244.0,0.0,0,366.5,357.0,357.5,357.0,21.0,7497.0,23
2023-05-10 22:15:44,RM401P3000,RM401P3000,357.5,0.0,0.0,0.0,10,244.5,0.0,0,366.5,357.0,357.5,357.0,21.0,7497.0,23
2023-05-10 22:15:44,RM401P3000,RM401P3000,357.5,0.0,0.0,0.0,6,245.5,0.0,0,366.5,357.0,357.5,357.0,21.0,7497.0,23
2023-05-10 22:15:45,RM401P3000,RM401P3000,357.5,0.0,0.0,0.0,10,246.0,0.0,0,366.5,357.0,357.5,357.0,21.0,7497.0,23
2023-05-10 22:15:45,RM401P3000,RM401P3000,357.5,0.0,0.0,0.0,6,247.0,0.0,0,366.5,357.0,357.5,357.0,21.0,7497.0,23
2023-05-10 22:15:46,RM401P3000,RM401P3000,357.5,0.0,0.0,0.0,10,247.5,0.0,0,366.5,357.0,357.5,357.0,21.0,7497.0,23
2023-05-10 22:15:52,RM401P3000,RM401P3000,357.5,0.0,0.0,0.0,1,248.0,0.0,0,366.5,357.0,357.5,357.0,21.0,7497.0,23
2023-05-10 22:15:52,RM401P3000,RM401P3000,357.5,0.0,0.0,0.0,10,248.5,0.0,0,366.5,357.0,357.5,357.0,21.0,7497.0,23
2023-05-10 22:15:54,RM401P3000,RM401P3000,357.5,0.0,0.0,0.0,1,365.0,0.0,0,366.5,357.0,357.5,357.0,21.0,7497.0,23
2023-05-10 22:15:56,RM401P3000,RM401P3000,357.5,0.0,0.0,0.0,1,365.0,381.5,10,366.5,357.0,357.5,357.0,21.0,7497.0,23
2023-05-10 22:15:57,RM401P3000,RM401P3000,357.5,0.0,0.0,0.0,1,365.0,371.5,3,366.5,357.0,357.5,357.0,21.0,7497.0,23
2023-05-10 22:16:00,RM401P3000,RM401P3000,357.5,0.0,0.0,0.0,4,365.0,371.5,6,366.5,357.0,357.5,357.0,21.0,7497.0,23
2023-05-10 22:16:02,RM401P3000,RM401P3000,357.5,0.0,0.0,0.0,4,365.0,371.5,9,366.5,357.0,357.5,357.0,21.0,7497.0,23
2023-05-10 22:16:03,RM401P3000,RM401P3000,357.5,0.0,0.0,0.0,7,365.0,371.5,12,366.5,357.0,357.5,357.0,21.0,7497.0,23
2023-05-10 22:16:05,RM401P3000,RM401P3000,357.5,0.0,0.0,0.0,10,365.0,371.5,15,366.5,357.0,357.5,357.0,21.0,7497.0,23
2023-05-10 22:16:07,RM401P3000,RM401P3000,357.5,0.0,0.0,0.0,9,365.0,371.5,15,366.5,357.0,357.5,357.0,21.0,7497.0,23
2023-05-10 22:16:08,RM401P3000,RM401P3000,357.5,0.0,0.0,0.0,9,365.0,371.5,12,366.5,357.0,357.5,357.0,21.0,7497.0,23
2023-05-10 22:16:11,RM401P3000,RM401P3000,357.5,0.0,0.0,0.0,6,365.0,371.5,9,366.5,357.0,357.5,357.0,21.0,7497.0,23
2023-05-10 22:16:15,RM401P3000,RM401P3000,357.5,0.0,0.0,0.0,6,365.0,371.5,6,366.5,357.0,357.5,357.0,21.0,7497.0,23
2023-05-10 22:16:16,RM401P3000,RM401P3000,357.5,0.0,0.0,0.0,3,365.0,371.5,3,366.5,357.0,357.5,357.0,21.0,7497.0,23
2023-05-10 22:16:17,RM401P3000,RM401P3000,357.5,0.0,0.0,0.0,3,364.5,372.0,3,366.5,357.0,357.5,357.0,21.0,7497.0,23
2023-05-10 22:16:17,RM401P3000,RM401P3000,357.5,0.0,0.0,0.0,3,354.0,381.5,10,366.5,357.0,357.5,357.0,21.0,7497.0,23
2023-05-10 22:16:18,RM401P3000,RM401P3000,357.5,0.0,0.0,0.0,10,248.5,381.5,10,366.5,357.0,357.5,357.0,21.0,7497.0,23
2023-05-10 22:16:18,RM401P3000,RM401P3000,357.5,0.0,0.0,0.0,6,249.5,381.5,10,366.5,357.0,357.5,357.0,21.0,7497.0,23
2023-05-10 22:16:19,RM401P3000,RM401P3000,357.5,0.0,0.0,0.0,10,250.0,381.5,10,366.5,357.0,357.5,357.0,21.0,7497.0,23
2023-05-10 22:16:19,RM401P3000,RM401P3000,357.5,0.0,0.0,0.0,6,251.0,381.5,10,366.5,357.0,357.5,357.0,21.0,7497.0,23
2023-05-10 22:16:20,RM401P3000,RM401P3000,357.5,0.0,0.0,0.0,10,251.5,381.5,10,366.5,357.0,357.5,357.0,21.0,7497.0,23
2023-05-10 22:16:20,RM401P3000,RM401P3000,357.5,0.0,0.0,0.0,6,252.5,381.5,10,366.5,357.0,357.5,357.0,21.0,7497.0,23
2023-05-10 22:16:21,RM401P3000,RM401P3000,357.5,0.0,0.0,0.0,10,253.0,381.5,10,366.5,357.0,357.5,357.0,21.0,7497.0,23
2023-05-10 22:16:21,RM401P3000,RM401P3000,357.5,0.0,0.0,0.0,6,254.0,381.5,10,366.5,357.0,357.5,357.0,21.0,7497.0,23
2023-05-10 22:16:22,RM401P3000,RM401P3000,357.5,0.0,0.0,0.0,10,254.5,381.5,10,366.5,357.0,357.5,357.0,21.0,7497.0,23
2023-05-10 22:16:22,RM401P3000,RM401P3000,357.5,0.0,0.0,0.0,6,255.5,381.5,10,366.5,357.0,357.5,357.0,21.0,7497.0,23
2023-05-10 22:16:23,RM401P3000,RM401P3000,357.5,0.0,0.0,0.0,10,256.0,381.5,10,366.5,357.0,357.5,357.0,21.0,7497.0,23
2023-05-10 22:16:39,RM401P3000,RM401P3000,357.5,0.0,0.0,0.0,1,366.0,381.5,10,366.5,357.0,357.5,357.0,21.0,7497.0,23
2023-05-10 22:16:42,RM401P3000,RM401P3000,357.5,0.0,0.0,0.0,10,248.5,381.5,10,366.5,357.0,357.5,357.0,21.0,7497.0,23
2023-05-10 22:16:42,RM401P3000,RM401P3000,357.5,0.0,0.0,0.0,6,249.5,381.5,10,366.5,357.0,357.5,357.0,21.0,7497.0,23
2023-05-10 22:16:43,RM401P3000,RM401P3000,357.5,0.0,0.0,0.0,10,250.0,381.5,10,366.5,357.0,357.5,357.0,21.0,7497.0,23
2023-05-10 22:16:43,RM401P3000,RM401P3000,357.5,0.0,0.0,0.0,6,251.0,381.5,10,366.5,357.0,357.5,357.0,21.0,7497.0,23
2023-05-10 22:16:44,RM401P3000,RM401P3000,357.5,0.0,0.0,0.0,10,251.5,381.5,10,366.5,357.0,357.5,357.0,21.0,7497.0,23
2023-05-10 22:16:44,RM401P3000,RM401P3000,357.5,0.0,0.0,0.0,6,252.5,381.5,10,366.5,357.0,357.5,357.0,21.0,7497.0,23
2023-05-10 22:16:45,RM401P3000,RM401P3000,357.5,0.0,0.0,0.0,10,253.0,381.5,10,366.5,357.0,357.5,357.0,21.0,7497.0,23
2023-05-10 22:16:45,RM401P3000,RM401P3000,357.5,0.0,0.0,0.0,6,254.0,381.5,10,366.5,357.0,357.5,357.0,21.0,7497.0,23
2023-05-10 22:16:46,RM401P3000,RM401P3000,357.5,0.0,0.0,0.0,10,254.5,381.5,10,366.5,357.0,357.5,357.0,21.0,7497.0,23
2023-05-10 22:16:46,RM401P3000,RM401P3000,357.5,0.0,0.0,0.0,6,255.5,381.5,10,366.5,357.0,357.5,357.0,21.0,7497.0,23
2023-05-10 22:16:47,RM401P3000,RM401P3000,357.5,0.0,0.0,0.0,10,256.0,381.5,10,366.5,357.0,357.5,357.0,21.0,7497.0,23
2023-05-10 22:16:54,RM401P3000,RM401P3000,357.5,0.0,0.0,0.0,1,366.0,381.5,10,366.5,357.0,357.5,357.0,21.0,7497.0,23
2023-05-10 22:16:57,RM401P3000,RM401P3000,366.0,1.0,368.0,0.0,3,364.0,381.5,10,366.5,357.0,366.0,357.0,22.0,7865.0,23
2023-05-10 22:17:00,RM401P3000,RM401P3000,366.0,0.0,0.0,0.0,3,364.0,370.5,3,366.5,357.0,366.0,357.0,22.0,7865.0,23
2023-05-10 22:17:00,RM401P3000,RM401P3000,366.0,0.0,0.0,0.0,3,363.5,370.5,3,366.5,357.0,366.0,357.0,22.0,7865.0,23
2023-05-10 22:17:01,RM401P3000,RM401P3000,366.0,0.0,0.0,0.0,3,363.5,370.5,6,366.5,357.0,366.0,357.0,22.0,7865.0,23
2023-05-10 22:17:03,RM401P3000,RM401P3000,366.0,0.0,0.0,0.0,6,363.5,370.5,9,366.5,357.0,366.0,357.0,22.0,7865.0,23
2023-05-10 22:17:04,RM401P3000,RM401P3000,366.0,0.0,0.0,0.0,9,363.5,370.5,12,366.5,357.0,366.0,357.0,22.0,7865.0,23
2023-05-10 22:17:06,RM401P3000,RM401P3000,366.0,0.0,0.0,0.0,12,363.5,370.5,15,366.5,357.0,366.0,357.0,22.0,7865.0,23
2023-05-10 22:17:11,RM401P3000,RM401P3000,366.0,0.0,0.0,0.0,9,363.5,370.5,12,366.5,357.0,366.0,357.0,22.0,7865.0,23
2023-05-10 22:17:13,RM401P3000,RM401P3000,366.0,0.0,0.0,0.0,9,363.5,370.5,9,366.5,357.0,366.0,357.0,22.0,7865.0,23
2023-05-10 22:17:15,RM401P3000,RM401P3000,366.0,0.0,0.0,0.0,6,363.5,370.5,6,366.5,357.0,366.0,357.0,22.0,7865.0,23
2023-05-10 22:17:17,RM401P3000,RM401P3000,366.0,0.0,0.0,0.0,3,363.5,370.5,3,366.5,357.0,366.0,357.0,22.0,7865.0,23
2023-05-10 22:17:19,RM401P3000,RM401P3000,366.0,0.0,0.0,0.0,3,356.0,379.0,3,366.5,357.0,366.0,357.0,22.0,7865.0,23
2023-05-10 22:17:19,RM401P3000,RM401P3000,366.0,0.0,0.0,0.0,10,248.5,0.0,0,366.5,357.0,366.0,357.0,22.0,7865.0,23
2023-05-10 22:17:19,RM401P3000,RM401P3000,366.0,0.0,0.0,0.0,6,249.5,0.0,0,366.5,357.0,366.0,357.0,22.0,7865.0,23
2023-05-10 22:17:20,RM401P3000,RM401P3000,366.0,0.0,0.0,0.0,11,250.0,0.0,0,366.5,357.0,366.0,357.0,22.0,7865.0,23
2023-05-10 22:17:20,RM401P3000,RM401P3000,366.0,0.0,0.0,0.0,6,251.0,0.0,0,366.5,357.0,366.0,357.0,22.0,7865.0,23
2023-05-10 22:17:21,RM401P3000,RM401P3000,366.0,0.0,0.0,0.0,11,251.5,0.0,0,366.5,357.0,366.0,357.0,22.0,7865.0,23
2023-05-10 22:17:21,RM401P3000,RM401P3000,366.0,0.0,0.0,0.0,6,252.5,0.0,0,366.5,357.0,366.0,357.0,22.0,7865.0,23
2023-05-10 22:17:22,RM401P3000,RM401P3000,366.0,0.0,0.0,0.0,11,253.0,0.0,0,366.5,357.0,366.0,357.0,22.0,7865.0,23
2023-05-10 22:17:22,RM401P3000,RM401P3000,366.0,0.0,0.0,0.0,6,254.0,0.0,0,366.5,357.0,366.0,357.0,22.0,7865.0,23
2023-05-10 22:17:23,RM401P3000,RM401P3000,366.0,0.0,0.0,0.0,11,254.5,0.0,0,366.5,357.0,366.0,357.0,22.0,7865.0,23
2023-05-10 22:17:35,RM401P3000,RM401P3000,366.0,0.0,0.0,0.0,11,254.5,365.0,1,366.5,357.0,366.0,357.0,22.0,7865.0,23
2023-05-10 22:17:36,RM401P3000,RM401P3000,366.0,0.0,0.0,0.0,11,254.5,0.0,0,366.5,357.0,366.0,357.0,22.0,7865.0,23
2023-05-10 22:17:59,RM401P3000,RM401P3000,366.0,0.0,0.0,0.0,1,365.0,0.0,0,366.5,357.0,366.0,357.0,22.0,7865.0,23
2023-05-10 22:18:01,RM401P3000,RM401P3000,366.0,0.0,0.0,0.0,1,364.5,0.0,0,366.5,357.0,366.0,357.0,22.0,7865.0,23
2023-05-10 22:18:02,RM401P3000,RM401P3000,366.0,0.0,0.0,0.0,1,364.5,381.0,3,366.5,357.0,366.0,357.0,22.0,7865.0,23
2023-05-10 22:18:02,RM401P3000,RM401P3000,366.0,0.0,0.0,0.0,1,364.5,380.5,10,366.5,357.0,366.0,357.0,22.0,7865.0,23
2023-05-10 22:18:07,RM401P3000,RM401P3000,366.0,0.0,0.0,0.0,4,364.5,380.5,13,366.5,357.0,366.0,357.0,22.0,7865.0,23
2023-05-10 22:18:09,RM401P3000,RM401P3000,366.0,0.0,0.0,0.0,4,364.5,373.5,3,366.5,357.0,366.0,357.0,22.0,7865.0,23
2023-05-10 22:18:09,RM401P3000,RM401P3000,366.0,0.0,0.0,0.0,4,364.5,370.5,3,366.5,357.0,366.0,357.0,22.0,7865.0,23
2023-05-10 22:18:09,RM401P3000,RM401P3000,366.0,0.0,0.0,0.0,7,364.5,370.5,6,366.5,357.0,366.0,357.0,22.0,7865.0,23
2023-05-10 22:18:11,RM401P3000,RM401P3000,366.0,0.0,0.0,0.0,10,364.5,370.5,9,366.5,357.0,366.0,357.0,22.0,7865.0,23
2023-05-10 22:18:16,RM401P3000,RM401P3000,366.0,0.0,0.0,0.0,9,364.5,370.5,9,366.5,357.0,366.0,357.0,22.0,7865.0,23
2023-05-10 22:18:18,RM401P3000,RM401P3000,366.0,0.0,0.0,0.0,6,364.5,370.5,9,366.5,357.0,366.0,357.0,22.0,7865.0,23
2023-05-10 22:18:20,RM401P3000,RM401P3000,366.0,0.0,0.0,0.0,6,364.5,370.5,6,366.5,357.0,366.0,357.0,22.0,7865.0,23
2023-05-10 22:18:21,RM401P3000,RM401P3000,364.0,9.0,3279.5,-6.0,3,362.0,363.0,3,366.5,357.0,366.0,357.0,31.0,11144.5,17
2023-05-10 22:18:21,RM401P3000,RM401P3000,364.0,0.0,0.0,0.0,3,359.0,363.0,3,366.5,357.0,366.0,357.0,31.0,11144.5,17
2023-05-10 22:18:22,RM401P3000,RM401P3000,364.0,0.0,0.0,0.0,3,356.0,363.0,3,366.5,357.0,366.0,357.0,31.0,11144.5,17
2023-05-10 22:18:25,RM401P3000,RM401P3000,364.0,0.0,0.0,0.0,1,254.5,363.0,3,366.5,357.0,366.0,357.0,31.0,11144.5,17
2023-05-10 22:18:25,RM401P3000,RM401P3000,364.0,0.0,0.0,0.0,10,255.0,363.0,3,366.5,357.0,366.0,357.0,31.0,11144.5,17
2023-05-10 22:18:25,RM401P3000,RM401P3000,364.0,0.0,0.0,0.0,1,255.5,363.0,3,366.5,357.0,366.0,357.0,31.0,11144.5,17
2023-05-10 22:18:26,RM401P3000,RM401P3000,364.0,0.0,0.0,0.0,10,256.0,363.0,3,366.5,357.0,366.0,357.0,31.0,11144.5,17
2023-05-10 22:18:26,RM401P3000,RM401P3000,364.0,0.0,0.0,0.0,1,256.5,363.0,3,366.5,357.0,366.0,357.0,31.0,11144.5,17
2023-05-10 22:18:27,RM401P3000,RM401P3000,364.0,0.0,0.0,0.0,10,257.0,363.0,3,366.5,357.0,366.0,357.0,31.0,11144.5,17
2023-05-10 22:18:27,RM401P3000,RM401P3000,364.0,0.0,0.0,0.0,1,257.5,363.0,3,366.5,357.0,366.0,357.0,31.0,11144.5,17
2023-05-10 22:18:28,RM401P3000,RM401P3000,364.0,0.0,0.0,0.0,10,258.0,363.0,3,366.5,357.0,366.0,357.0,31.0,11144.5,17
2023-05-10 22:18:28,RM401P3000,RM401P3000,364.0,0.0,0.0,0.0,1,258.5,363.0,3,366.5,357.0,366.0,357.0,31.0,11144.5,17
2023-05-10 22:18:29,RM401P3000,RM401P3000,364.0,0.0,0.0,0.0,10,259.0,363.0,3,366.5,357.0,366.0,357.0,31.0,11144.5,17
2023-05-10 22:18:30,RM401P3000,RM401P3000,364.0,0.0,0.0,0.0,1,259.5,361.0,1,366.5,357.0,366.0,357.0,31.0,11144.5,17
2023-05-10 22:18:30,RM401P3000,RM401P3000,364.0,0.0,0.0,0.0,10,260.0,361.0,1,366.5,357.0,366.0,357.0,31.0,11144.5,17
2023-05-10 22:18:30,RM401P3000,RM401P3000,364.0,0.0,0.0,0.0,1,260.5,363.0,3,366.5,357.0,366.0,357.0,31.0,11144.5,17
2023-05-10 22:18:31,RM401P3000,RM401P3000,364.0,0.0,0.0,0.0,10,261.0,363.0,3,366.5,357.0,366.0,357.0,31.0,11144.5,17
2023-05-10 22:18:31,RM401P3000,RM401P3000,364.0,0.0,0.0,0.0,1,261.5,361.0,1,366.5,357.0,366.0,357.0,31.0,11144.5,17
2023-05-10 22:18:32,RM401P3000,RM401P3000,364.0,0.0,0.0,0.0,10,262.0,363.0,3,366.5,357.0,366.0,357.0,31.0,11144.5,17
2023-05-10 22:18:32,RM401P3000,RM401P3000,364.0,0.0,0.0,0.0,1,262.5,363.0,3,366.5,357.0,366.0,357.0,31.0,11144.5,17
2023-05-10 22:18:33,RM401P3000,RM401P3000,364.0,0.0,0.0,0.0,10,263.0,360.0,1,366.5,357.0,366.0,357.0,31.0,11144.5,17
2023-05-10 22:18:33,RM401P3000,RM401P3000,364.0,0.0,0.0,0.0,1,263.5,363.0,3,366.5,357.0,366.0,357.0,31.0,11144.5,17
2023-05-10 22:18:34,RM401P3000,RM401P3000,364.0,0.0,0.0,0.0,10,264.0,360.0,1,366.5,357.0,366.0,357.0,31.0,11144.5,17
2023-05-10 22:18:35,RM401P3000,RM401P3000,364.0,0.0,0.0,0.0,1,264.5,363.0,3,366.5,357.0,366.0,357.0,31.0,11144.5,17
2023-05-10 22:18:35,RM401P3000,RM401P3000,364.0,0.0,0.0,0.0,10,265.0,363.0,3,366.5,357.0,366.0,357.0,31.0,11144.5,17
2023-05-10 22:18:35,RM401P3000,RM401P3000,364.0,0.0,0.0,0.0,1,265.5,360.0,1,366.5,357.0,366.0,357.0,31.0,11144.5,17
2023-05-10 22:18:36,RM401P3000,RM401P3000,364.0,0.0,0.0,0.0,10,266.0,363.0,3,366.5,357.0,366.0,357.0,31.0,11144.5,17
2023-05-10 22:18:36,RM401P3000,RM401P3000,364.0,0.0,0.0,0.0,1,266.5,363.0,3,366.5,357.0,366.0,357.0,31.0,11144.5,17
2023-05-10 22:18:37,RM401P3000,RM401P3000,364.0,0.0,0.0,0.0,10,267.0,363.0,3,366.5,357.0,366.0,357.0,31.0,11144.5,17
2023-05-10 22:18:37,RM401P3000,RM401P3000,364.0,0.0,0.0,0.0,1,267.5,363.0,3,366.5,357.0,366.0,357.0,31.0,11144.5,17
2023-05-10 22:18:38,RM401P3000,RM401P3000,364.0,0.0,0.0,0.0,10,268.0,363.0,3,366.5,357.0,366.0,357.0,31.0,11144.5,17
2023-05-10 22:18:38,RM401P3000,RM401P3000,364.0,0.0,0.0,0.0,1,268.5,363.0,3,366.5,357.0,366.0,357.0,31.0,11144.5,17
2023-05-10 22:18:39,RM401P3000,RM401P3000,364.0,0.0,0.0,0.0,10,269.0,363.0,3,366.5,357.0,366.0,357.0,31.0,11144.5,17
2023-05-10 22:18:39,RM401P3000,RM401P3000,364.0,0.0,0.0,0.0,1,269.5,363.0,3,366.5,357.0,366.0,357.0,31.0,11144.5,17
2023-05-10 22:18:40,RM401P3000,RM401P3000,364.0,0.0,0.0,0.0,10,270.0,363.0,3,366.5,357.0,366.0,357.0,31.0,11144.5,17
2023-05-10 22:18:40,RM401P3000,RM401P3000,363.0,3.0,1095.5,0.0,1,270.5,0.0,0,366.5,357.0,366.0,357.0,34.0,12240.0,17
2023-05-10 22:18:41,RM401P3000,RM401P3000,363.0,0.0,0.0,0.0,10,271.0,0.0,0,366.5,357.0,366.0,357.0,34.0,12240.0,17
2023-05-10 22:18:41,RM401P3000,RM401P3000,363.0,0.0,0.0,0.0,1,271.5,0.0,0,366.5,357.0,366.0,357.0,34.0,12240.0,17
2023-05-10 22:18:42,RM401P3000,RM401P3000,363.0,0.0,0.0,0.0,10,272.0,0.0,0,366.5,357.0,366.0,357.0,34.0,12240.0,17
2023-05-10 22:18:42,RM401P3000,RM401P3000,363.0,0.0,0.0,0.0,1,272.5,0.0,0,366.5,357.0,366.0,357.0,34.0,12240.0,17
2023-05-10 22:18:43,RM401P3000,RM401P3000,363.0,0.0,0.0,0.0,10,273.0,0.0,0,366.5,357.0,366.0,357.0,34.0,12240.0,17
2023-05-10 22:18:43,RM401P3000,RM401P3000,363.0,0.0,0.0,0.0,1,273.5,0.0,0,366.5,357.0,366.0,357.0,34.0,12240.0,17
2023-05-10 22:18:44,RM401P3000,RM401P3000,363.0,0.0,0.0,0.0,10,274.0,0.0,0,366.5,357.0,366.0,357.0,34.0,12240.0,17
2023-05-10 22:18:44,RM401P3000,RM401P3000,363.0,0.0,0.0,0.0,1,274.5,0.0,0,366.5,357.0,366.0,357.0,34.0,12240.0,17
2023-05-10 22:18:45,RM401P3000,RM401P3000,363.0,0.0,0.0,0.0,10,275.0,0.0,0,366.5,357.0,366.0,357.0,34.0,12240.0,17
2023-05-10 22:18:45,RM401P3000,RM401P3000,363.0,0.0,0.0,0.0,1,275.5,0.0,0,366.5,357.0,366.0,357.0,34.0,12240.0,17
2023-05-10 22:18:46,RM401P3000,RM401P3000,363.0,0.0,0.0,0.0,10,276.0,0.0,0,366.5,357.0,366.0,357.0,34.0,12240.0,17
2023-05-10 22:18:46,RM401P3000,RM401P3000,363.0,0.0,0.0,0.0,1,276.5,0.0,0,366.5,357.0,366.0,357.0,34.0,12240.0,17
2023-05-10 22:18:47,RM401P3000,RM401P3000,363.0,0.0,0.0,0.0,10,277.0,0.0,0,366.5,357.0,366.0,357.0,34.0,12240.0,17
2023-05-10 22:18:47,RM401P3000,RM401P3000,363.0,0.0,0.0,0.0,1,277.5,0.0,0,366.5,357.0,366.0,357.0,34.0,12240.0,17
2023-05-10 22:18:48,RM401P3000,RM401P3000,363.0,0.0,0.0,0.0,10,278.0,0.0,0,366.5,357.0,366.0,357.0,34.0,12240.0,17
2023-05-10 22:18:48,RM401P3000,RM401P3000,363.0,0.0,0.0,0.0,1,278.5,0.0,0,366.5,357.0,366.0,357.0,34.0,12240.0,17
2023-05-10 22:18:49,RM401P3000,RM401P3000,363.0,0.0,0.0,0.0,10,279.0,0.0,0,366.5,357.0,366.0,357.0,34.0,12240.0,17
2023-05-10 22:18:49,RM401P3000,RM401P3000,363.0,0.0,0.0,0.0,1,279.5,0.0,0,366.5,357.0,366.0,357.0,34.0,12240.0,17
2023-05-10 22:18:50,RM401P3000,RM401P3000,363.0,0.0,0.0,0.0,10,280.0,0.0,0,366.5,357.0,366.0,357.0,34.0,12240.0,17
2023-05-10 22:18:50,RM401P3000,RM401P3000,363.0,0.0,0.0,0.0,1,280.5,0.0,0,366.5,357.0,366.0,357.0,34.0,12240.0,17
2023-05-10 22:18:51,RM401P3000,RM401P3000,363.0,0.0,0.0,0.0,10,281.0,0.0,0,366.5,357.0,366.0,357.0,34.0,12240.0,17
2023-05-10 22:18:51,RM401P3000,RM401P3000,363.0,0.0,0.0,0.0,1,281.5,0.0,0,366.5,357.0,366.0,357.0,34.0,12240.0,17
2023-05-10 22:18:52,RM401P3000,RM401P3000,363.0,0.0,0.0,0.0,10,282.0,0.0,0,366.5,357.0,366.0,357.0,34.0,12240.0,17
2023-05-10 22:18:52,RM401P3000,RM401P3000,363.0,0.0,0.0,0.0,1,282.5,0.0,0,366.5,357.0,366.0,357.0,34.0,12240.0,17
2023-05-10 22:18:53,RM401P3000,RM401P3000,363.0,0.0,0.0,0.0,10,283.0,0.0,0,366.5,357.0,366.0,357.0,34.0,12240.0,17
2023-05-10 22:18:53,RM401P3000,RM401P3000,363.0,0.0,0.0,0.0,1,283.5,0.0,0,366.5,357.0,366.0,357.0,34.0,12240.0,17
2023-05-10 22:18:54,RM401P3000,RM401P3000,363.0,0.0,0.0,0.0,10,284.0,0.0,0,366.5,357.0,366.0,357.0,34.0,12240.0,17
2023-05-10 22:18:54,RM401P3000,RM401P3000,363.0,0.0,0.0,0.0,1,284.5,0.0,0,366.5,357.0,366.0,357.0,34.0,12240.0,17
2023-05-10 22:18:55,RM401P3000,RM401P3000,363.0,0.0,0.0,0.0,10,285.0,0.0,0,366.5,357.0,366.0,357.0,34.0,12240.0,17
2023-05-10 22:18:55,RM401P3000,RM401P3000,363.0,0.0,0.0,0.0,1,285.5,0.0,0,366.5,357.0,366.0,357.0,34.0,12240.0,17
2023-05-10 22:18:56,RM401P3000,RM401P3000,363.0,0.0,0.0,0.0,10,286.0,0.0,0,366.5,357.0,366.0,357.0,34.0,12240.0,17
2023-05-10 22:18:56,RM401P3000,RM401P3000,363.0,0.0,0.0,0.0,1,286.5,0.0,0,366.5,357.0,366.0,357.0,34.0,12240.0,17
2023-05-10 22:18:57,RM401P3000,RM401P3000,363.0,0.0,0.0,0.0,10,287.0,0.0,0,366.5,357.0,366.0,357.0,34.0,12240.0,17
2023-05-10 22:18:57,RM401P3000,RM401P3000,363.0,0.0,0.0,0.0,1,287.5,0.0,0,366.5,357.0,366.0,357.0,34.0,12240.0,17
2023-05-10 22:18:58,RM401P3000,RM401P3000,363.0,0.0,0.0,0.0,10,288.0,0.0,0,366.5,357.0,366.0,357.0,34.0,12240.0,17
2023-05-10 22:18:59,RM401P3000,RM401P3000,363.0,0.0,0.0,0.0,1,288.5,0.0,0,366.5,357.0,366.0,357.0,34.0,12240.0,17
2023-05-10 22:18:59,RM401P3000,RM401P3000,363.0,0.0,0.0,0.0,10,289.0,0.0,0,366.5,357.0,366.0,357.0,34.0,12240.0,17
2023-05-10 22:18:59,RM401P3000,RM401P3000,363.0,0.0,0.0,0.0,1,289.5,0.0,0,366.5,357.0,366.0,357.0,34.0,12240.0,17
2023-05-10 22:19:00,RM401P3000,RM401P3000,363.0,0.0,0.0,0.0,10,290.0,0.0,0,366.5,357.0,366.0,357.0,34.0,12240.0,17
2023-05-10 22:19:00,RM401P3000,RM401P3000,363.0,0.0,0.0,0.0,1,290.5,0.0,0,366.5,357.0,366.0,357.0,34.0,12240.0,17
2023-05-10 22:19:01,RM401P3000,RM401P3000,363.0,0.0,0.0,0.0,10,291.0,0.0,0,366.5,357.0,366.0,357.0,34.0,12240.0,17
2023-05-10 22:19:02,RM401P3000,RM401P3000,363.0,0.0,0.0,0.0,1,364.0,0.0,0,366.5,357.0,366.0,357.0,34.0,12240.0,17
2023-05-10 22:19:04,RM401P3000,RM401P3000,363.0,0.0,0.0,0.0,1,365.0,382.0,10,366.5,357.0,366.0,357.0,34.0,12240.0,17
2023-05-10 22:19:07,RM401P3000,RM401P3000,363.0,0.0,0.0,0.0,4,365.0,382.0,13,366.5,357.0,366.0,357.0,34.0,12240.0,17
2023-05-10 22:19:07,RM401P3000,RM401P3000,363.0,0.0,0.0,0.0,4,365.0,372.0,3,366.5,357.0,366.0,357.0,34.0,12240.0,17
2023-05-10 22:19:11,RM401P3000,RM401P3000,363.0,0.0,0.0,0.0,7,365.0,372.0,6,366.5,357.0,366.0,357.0,34.0,12240.0,17
2023-05-10 22:19:11,RM401P3000,RM401P3000,363.0,0.0,0.0,0.0,7,365.0,372.0,9,366.5,357.0,366.0,357.0,34.0,12240.0,17
2023-05-10 22:19:12,RM401P3000,RM401P3000,365.0,6.0,2180.0,-5.0,1,365.0,372.0,9,366.5,357.0,366.0,357.0,40.0,14420.0,12
2023-05-10 22:19:12,RM401P3000,RM401P3000,365.0,0.0,0.0,0.0,4,365.0,372.0,12,366.5,357.0,366.0,357.0,40.0,14420.0,12
2023-05-10 22:19:15,RM401P3000,RM401P3000,364.5,7.0,2570.5,-1.0,1,364.0,364.5,3,366.5,357.0,366.0,357.0,47.0,16990.5,11
2023-05-10 22:19:16,RM401P3000,RM401P3000,364.5,0.0,0.0,0.0,9,362.0,364.5,3,366.5,357.0,366.0,357.0,47.0,16990.5,11
2023-05-10 22:19:16,RM401P3000,RM401P3000,364.5,0.0,0.0,0.0,6,362.0,364.5,3,366.5,357.0,366.0,357.0,47.0,16990.5,11
2023-05-10 22:19:17,RM401P3000,RM401P3000,364.5,0.0,0.0,0.0,3,362.0,364.5,3,366.5,357.0,366.0,357.0,47.0,16990.5,11
2023-05-10 22:19:28,RM401P3000,RM401P3000,364.5,0.0,0.0,0.0,1,291.5,364.5,3,366.5,357.0,366.0,357.0,47.0,16990.5,11
2023-05-10 22:19:28,RM401P3000,RM401P3000,364.5,0.0,0.0,0.0,10,292.0,364.5,3,366.5,357.0,366.0,357.0,47.0,16990.5,11
2023-05-10 22:19:28,RM401P3000,RM401P3000,364.5,0.0,0.0,0.0,1,292.5,364.5,3,366.5,357.0,366.0,357.0,47.0,16990.5,11
2023-05-10 22:19:29,RM401P3000,RM401P3000,364.5,0.0,0.0,0.0,10,293.0,364.5,3,366.5,357.0,366.0,357.0,47.0,16990.5,11
2023-05-10 22:19:29,RM401P3000,RM401P3000,364.5,0.0,0.0,0.0,1,293.5,364.5,3,366.5,357.0,366.0,357.0,47.0,16990.5,11
2023-05-10 22:19:30,RM401P3000,RM401P3000,364.5,0.0,0.0,0.0,10,294.0,364.5,3,366.5,357.0,366.0,357.0,47.0,16990.5,11
2023-05-10 22:19:30,RM401P3000,RM401P3000,364.5,0.0,0.0,0.0,1,294.5,364.5,3,366.5,357.0,366.0,357.0,47.0,16990.5,11
2023-05-10 22:19:31,RM401P3000,RM401P3000,364.5,0.0,0.0,0.0,10,295.0,364.5,3,366.5,357.0,366.0,357.0,47.0,16990.5,11
2023-05-10 22:19:31,RM401P3000,RM401P3000,364.5,0.0,0.0,0.0,1,295.5,364.5,3,366.5,357.0,366.0,357.0,47.0,16990.5,11
2023-05-10 22:19:32,RM401P3000,RM401P3000,364.5,0.0,0.0,0.0,10,296.0,364.5,3,366.5,357.0,366.0,357.0,47.0,16990.5,11
2023-05-10 22:19:32,RM401P3000,RM401P3000,364.5,0.0,0.0,0.0,1,296.5,364.5,3,366.5,357.0,366.0,357.0,47.0,16990.5,11
2023-05-10 22:19:33,RM401P3000,RM401P3000,364.5,0.0,0.0,0.0,10,297.0,364.5,3,366.5,357.0,366.0,357.0,47.0,16990.5,11
2023-05-10 22:19:33,RM401P3000,RM401P3000,364.5,0.0,0.0,0.0,1,297.5,364.5,3,366.5,357.0,366.0,357.0,47.0,16990.5,11
2023-05-10 22:19:34,RM401P3000,RM401P3000,364.5,0.0,0.0,0.0,10,298.0,364.5,3,366.5,357.0,366.0,357.0,47.0,16990.5,11
2023-05-10 22:19:34,RM401P3000,RM401P3000,364.5,0.0,0.0,0.0,1,298.5,364.5,3,366.5,357.0,366.0,357.0,47.0,16990.5,11
2023-05-10 22:19:35,RM401P3000,RM401P3000,364.5,0.0,0.0,0.0,10,299.0,364.5,3,366.5,357.0,366.0,357.0,47.0,16990.5,11
2023-05-10 22:19:35,RM401P3000,RM401P3000,364.5,0.0,0.0,0.0,1,299.5,364.5,3,366.5,357.0,366.0,357.0,47.0,16990.5,11
2023-05-10 22:19:36,RM401P3000,RM401P3000,364.5,0.0,0.0,0.0,10,300.0,364.5,3,366.5,357.0,366.0,357.0,47.0,16990.5,11
2023-05-10 22:19:36,RM401P3000,RM401P3000,364.5,0.0,0.0,0.0,1,300.5,364.5,3,366.5,357.0,366.0,357.0,47.0,16990.5,11
2023-05-10 22:19:37,RM401P3000,RM401P3000,364.5,0.0,0.0,0.0,10,301.0,364.5,3,366.5,357.0,366.0,357.0,47.0,16990.5,11
2023-05-10 22:19:37,RM401P3000,RM401P3000,364.5,0.0,0.0,0.0,1,301.5,364.5,3,366.5,357.0,366.0,357.0,47.0,16990.5,11
2023-05-10 22:19:38,RM401P3000,RM401P3000,364.5,0.0,0.0,0.0,10,302.0,364.5,3,366.5,357.0,366.0,357.0,47.0,16990.5,11
2023-05-10 22:19:38,RM401P3000,RM401P3000,364.5,0.0,0.0,0.0,1,302.5,364.5,3,366.5,357.0,366.0,357.0,47.0,16990.5,11
2023-05-10 22:19:39,RM401P3000,RM401P3000,364.5,0.0,0.0,0.0,10,303.0,364.5,3,366.5,357.0,366.0,357.0,47.0,16990.5,11
2023-05-10 22:19:39,RM401P3000,RM401P3000,364.5,0.0,0.0,0.0,1,303.5,364.5,3,366.5,357.0,366.0,357.0,47.0,16990.5,11
2023-05-10 22:19:40,RM401P3000,RM401P3000,364.5,0.0,0.0,0.0,10,304.0,364.5,3,366.5,357.0,366.0,357.0,47.0,16990.5,11
2023-05-10 22:19:40,RM401P3000,RM401P3000,364.5,0.0,0.0,0.0,1,304.5,364.5,3,366.5,357.0,366.0,357.0,47.0,16990.5,11
2023-05-10 22:19:41,RM401P3000,RM401P3000,364.5,0.0,0.0,0.0,10,305.0,364.5,3,366.5,357.0,366.0,357.0,47.0,16990.5,11
2023-05-10 22:19:41,RM401P3000,RM401P3000,364.5,0.0,0.0,0.0,1,305.5,364.5,3,366.5,357.0,366.0,357.0,47.0,16990.5,11
2023-05-10 22:19:42,RM401P3000,RM401P3000,364.5,0.0,0.0,0.0,10,306.0,364.5,3,366.5,357.0,366.0,357.0,47.0,16990.5,11
2023-05-10 22:19:42,RM401P3000,RM401P3000,364.5,0.0,0.0,0.0,1,306.5,364.5,3,366.5,357.0,366.0,357.0,47.0,16990.5,11
2023-05-10 22:19:43,RM401P3000,RM401P3000,364.5,0.0,0.0,0.0,10,307.0,364.5,3,366.5,357.0,366.0,357.0,47.0,16990.5,11
2023-05-10 22:19:43,RM401P3000,RM401P3000,364.5,0.0,0.0,0.0,1,307.5,364.5,3,366.5,357.0,366.0,357.0,47.0,16990.5,11
2023-05-10 22:19:44,RM401P3000,RM401P3000,364.5,0.0,0.0,0.0,10,308.0,364.5,3,366.5,357.0,366.0,357.0,47.0,16990.5,11
2023-05-10 22:19:44,RM401P3000,RM401P3000,364.5,0.0,0.0,0.0,1,308.5,364.5,3,366.5,357.0,366.0,357.0,47.0,16990.5,11
2023-05-10 22:19:45,RM401P3000,RM401P3000,364.5,0.0,0.0,0.0,10,309.0,364.5,3,366.5,357.0,366.0,357.0,47.0,16990.5,11
2023-05-10 22:19:45,RM401P3000,RM401P3000,364.5,0.0,0.0,0.0,1,309.5,364.5,3,366.5,357.0,366.0,357.0,47.0,16990.5,11
2023-05-10 22:19:46,RM401P3000,RM401P3000,364.5,0.0,0.0,0.0,10,310.0,364.5,3,366.5,357.0,366.0,357.0,47.0,16990.5,11
2023-05-10 22:19:56,RM401P3000,RM401P3000,364.5,0.0,0.0,0.0,1,310.5,364.5,3,366.5,357.0,366.0,357.0,47.0,16990.5,11
2023-05-10 22:19:56,RM401P3000,RM401P3000,364.5,0.0,0.0,0.0,10,311.0,364.5,3,366.5,357.0,366.0,357.0,47.0,16990.5,11
2023-05-10 22:20:06,RM401P3000,RM401P3000,364.5,0.0,0.0,0.0,1,311.5,364.5,3,366.5,357.0,366.0,357.0,47.0,16990.5,11
2023-05-10 22:20:06,RM401P3000,RM401P3000,364.5,0.0,0.0,0.0,10,312.0,364.5,3,366.5,357.0,366.0,357.0,47.0,16990.5,11
2023-05-10 22:20:16,RM401P3000,RM401P3000,364.5,0.0,0.0,0.0,1,312.5,364.5,3,366.5,357.0,366.0,357.0,47.0,16990.5,11
2023-05-10 22:20:16,RM401P3000,RM401P3000,364.5,0.0,0.0,0.0,10,313.0,364.5,3,366.5,357.0,366.0,357.0,47.0,16990.5,11
2023-05-10 22:23:46,RM401P3000,RM401P3000,364.5,0.0,0.0,0.0,3,350.5,364.5,3,366.5,357.0,366.0,357.0,47.0,16990.5,11
2023-05-10 22:23:53,RM401P3000,RM401P3000,364.5,0.0,0.0,0.0,3,353.0,364.0,6,366.5,357.0,366.0,357.0,47.0,16990.5,11
2023-05-10 22:23:54,RM401P3000,RM401P3000,364.5,0.0,0.0,0.0,6,353.0,364.0,9,366.5,357.0,366.0,357.0,47.0,16990.5,11
2023-05-10 22:23:56,RM401P3000,RM401P3000,364.5,0.0,0.0,0.0,9,353.0,364.0,12,366.5,357.0,366.0,357.0,47.0,16990.5,11
2023-05-10 22:24:04,RM401P3000,RM401P3000,364.5,0.0,0.0,0.0,6,353.0,364.0,9,366.5,357.0,366.0,357.0,47.0,16990.5,11
2023-05-10 22:24:05,RM401P3000,RM401P3000,364.5,0.0,0.0,0.0,6,353.0,364.0,6,366.5,357.0,366.0,357.0,47.0,16990.5,11
2023-05-10 22:24:07,RM401P3000,RM401P3000,364.5,0.0,0.0,0.0,3,353.0,364.0,3,366.5,357.0,366.0,357.0,47.0,16990.5,11
2023-05-10 22:24:08,RM401P3000,RM401P3000,364.5,0.0,0.0,0.0,3,352.5,364.5,6,366.5,357.0,366.0,357.0,47.0,16990.5,11
2023-05-10 22:24:09,RM401P3000,RM401P3000,364.5,0.0,0.0,0.0,3,344.5,364.5,3,366.5,357.0,366.0,357.0,47.0,16990.5,11
2023-05-10 22:24:09,RM401P3000,RM401P3000,364.5,0.0,0.0,0.0,10,313.0,364.5,3,366.5,357.0,366.0,357.0,47.0,16990.5,11
2023-05-10 22:57:35,RM401P3000,RM401P3000,364.5,0.0,0.0,0.0,1,312.5,364.5,3,366.5,357.0,366.0,357.0,47.0,16990.5,11
2023-05-10 22:57:43,RM401P3000,RM401P3000,364.5,0.0,0.0,0.0,1,170.5,364.5,3,366.5,357.0,366.0,357.0,47.0,16990.5,11
2023-05-10 22:57:44,RM401P3000,RM401P3000,364.5,0.0,0.0,0.0,6,171.5,364.5,3,366.5,357.0,366.0,357.0,47.0,16990.5,11
2023-05-11 09:00:09,RM401P3000,RM401P3000,364.5,0.0,0.0,0.0,10,172.0,364.5,3,366.5,357.0,366.0,357.0,47.0,16990.5,11
2023-05-11 09:00:29,RM401P3000,RM401P3000,364.5,0.0,0.0,0.0,1,175.0,364.5,3,366.5,357.0,366.0,357.0,47.0,16990.5,11
2023-05-11 09:00:29,RM401P3000,RM401P3000,364.5,0.0,0.0,0.0,10,175.5,364.5,3,366.5,357.0,366.0,357.0,47.0,16990.5,11
2023-05-11 09:00:36,RM401P3000,RM401P3000,364.5,0.0,0.0,0.0,11,175.5,364.5,3,366.5,357.0,366.0,357.0,47.0,16990.5,11
2023-05-11 10:14:33,RM401P3000,RM401P3000,364.5,0.0,0.0,0.0,1,175.5,364.5,3,366.5,357.0,366.0,357.0,47.0,16990.5,11
2023-05-11 10:30:05,RM401P3000,RM401P3000,364.5,0.0,0.0,0.0,10,176.0,364.5,3,366.5,357.0,366.0,357.0,47.0,16990.5,11
2023-05-11 10:32:35,RM401P3000,RM401P3000,364.5,0.0,0.0,0.0,1,176.5,364.5,3,366.5,357.0,366.0,357.0,47.0,16990.5,11
2023-05-11 10:32:36,RM401P3000,RM401P3000,364.5,0.0,0.0,0.0,10,177.0,364.5,3,366.5,357.0,366.0,357.0,47.0,16990.5,11
2023-05-11 11:04:16,RM401P3000,RM401P3000,364.5,0.0,0.0,0.0,1,177.5,364.5,3,366.5,357.0,366.0,357.0,47.0,16990.5,11
2023-05-11 11:04:16,RM401P3000,RM401P3000,364.5,0.0,0.0,0.0,10,178.0,364.5,3,366.5,357.0,366.0,357.0,47.0,16990.5,11
2023-05-11 11:29:33,RM401P3000,RM401P3000,364.5,0.0,0.0,0.0,1,177.5,364.5,3,366.5,357.0,366.0,357.0,47.0,16990.5,11
2023-05-11 11:29:36,RM401P3000,RM401P3000,364.5,0.0,0.0,0.0,10,178.0,364.5,3,366.5,357.0,366.0,357.0,47.0,16990.5,11
2023-05-11 11:29:38,RM401P3000,RM401P3000,364.5,0.0,0.0,0.0,1,177.5,364.5,3,366.5,357.0,366.0,357.0,47.0,16990.5,11
2023-05-11 13:30:09,RM401P3000,RM401P3000,364.5,0.0,0.0,0.0,10,178.0,364.5,3,366.5,357.0,366.0,357.0,47.0,16990.5,11
2023-05-11 13:30:09,RM401P3000,RM401P3000,364.5,0.0,0.0,0.0,1,178.5,364.5,3,366.5,357.0,366.0,357.0,47.0,16990.5,11
2023-05-11 13:30:10,RM401P3000,RM401P3000,364.5,0.0,0.0,0.0,10,179.0,364.5,3,366.5,357.0,366.0,357.0,47.0,16990.5,11
2023-05-11 14:00:09,RM401P3000,RM401P3000,364.5,0.0,0.0,0.0,1,179.5,364.5,3,366.5,357.0,366.0,357.0,47.0,16990.5,11
2023-05-11 14:00:10,RM401P3000,RM401P3000,364.5,0.0,0.0,0.0,10,180.0,364.5,3,366.5,357.0,366.0,357.0,47.0,16990.5,11
2023-05-11 14:16:23,RM401P3000,RM401P3000,364.5,0.0,0.0,0.0,3,349.0,364.5,3,366.5,357.0,366.0,357.0,47.0,16990.5,11
2023-05-11 14:16:26,RM401P3000,RM401P3000,364.5,0.0,0.0,0.0,6,349.0,364.5,6,366.5,357.0,366.0,357.0,47.0,16990.5,11
2023-05-11 14:16:29,RM401P3000,RM401P3000,364.5,0.0,0.0,0.0,9,349.0,364.5,6,366.5,357.0,366.0,357.0,47.0,16990.5,11
2023-05-11 14:16:30,RM401P3000,RM401P3000,364.5,0.0,0.0,0.0,15,349.0,364.5,12,366.5,357.0,366.0,357.0,47.0,16990.5,11
2023-05-11 14:16:32,RM401P3000,RM401P3000,364.5,0.0,0.0,0.0,18,349.0,364.5,15,366.5,357.0,366.0,357.0,47.0,16990.5,11
2023-05-11 14:16:35,RM401P3000,RM401P3000,364.5,0.0,0.0,0.0,15,349.0,364.5,15,366.5,357.0,366.0,357.0,47.0,16990.5,11
2023-05-11 14:16:38,RM401P3000,RM401P3000,364.5,0.0,0.0,0.0,12,349.0,364.5,12,366.5,357.0,366.0,357.0,47.0,16990.5,11
2023-05-11 14:16:40,RM401P3000,RM401P3000,364.5,0.0,0.0,0.0,9,349.0,364.5,12,366.5,357.0,366.0,357.0,47.0,16990.5,11
2023-05-11 14:16:42,RM401P3000,RM401P3000,364.5,0.0,0.0,0.0,6,349.0,364.5,9,366.5,357.0,366.0,357.0,47.0,16990.5,11
2023-05-11 14:16:43,RM401P3000,RM401P3000,364.5,0.0,0.0,0.0,3,349.0,364.5,6,366.5,357.0,366.0,357.0,47.0,16990.5,11
2023-05-11 14:16:43,RM401P3000,RM401P3000,364.5,0.0,0.0,0.0,3,348.5,364.5,3,366.5,357.0,366.0,357.0,47.0,16990.5,11
2023-05-11 14:16:45,RM401P3000,RM401P3000,364.5,0.0,0.0,0.0,3,343.0,364.5,3,366.5,357.0,366.0,357.0,47.0,16990.5,11
2023-05-11 14:16:45,RM401P3000,RM401P3000,364.5,0.0,0.0,0.0,10,180.0,364.5,3,366.5,357.0,366.0,357.0,47.0,16990.5,11
2023-05-11 14:41:04,RM401P3000,RM401P3000,364.5,0.0,0.0,0.0,1,180.5,364.5,3,366.5,357.0,366.0,357.0,47.0,16990.5,11
2023-05-11 14:41:05,RM401P3000,RM401P3000,364.5,0.0,0.0,0.0,10,181.0,364.5,3,366.5,357.0,366.0,357.0,47.0,16990.5,11
2023-05-11 14:59:03,RM401P3000,RM401P3000,364.5,0.0,0.0,0.0,1,180.5,364.5,3,366.5,357.0,366.0,357.0,47.0,16990.5,11
