time,symbol_id,symbol_name,last,trade_volume,trade_amount,open_interest_change,bv1,bp1,ap1,av1,yesterday_close,today_open,today_high,today_low,volume,amount,open_interest
2023-05-10 19:12:58,RM401C2700,RM401C2700,171.0,0.0,0.0,0.0,0,0.0,0.0,0,171.0,0.0,0.0,0.0,0.0,0.0,3
2023-05-10 20:59:00,RM401C2700,RM401C2700,171.0,0.0,0.0,0.0,1,50.0,222.0,1,171.0,0.0,0.0,0.0,0.0,0.0,3
2023-05-10 21:01:01,RM401C2700,RM401C2700,171.0,0.0,0.0,0.0,1,50.5,222.0,1,171.0,0.0,0.0,0.0,0.0,0.0,3
2023-05-10 21:01:21,RM401C2700,RM401C2700,171.0,0.0,0.0,0.0,2,51.0,222.0,1,171.0,0.0,0.0,0.0,0.0,0.0,3
2023-05-10 21:31:01,RM401C2700,RM401C2700,171.0,0.0,0.0,0.0,1,51.5,222.0,1,171.0,0.0,0.0,0.0,0.0,0.0,3
2023-05-10 21:31:02,RM401C2700,RM401C2700,171.0,0.0,0.0,0.0,2,52.0,222.0,1,171.0,0.0,0.0,0.0,0.0,0.0,3
2023-05-10 22:01:01,RM401C2700,RM401C2700,171.0,0.0,0.0,0.0,1,52.5,222.0,1,171.0,0.0,0.0,0.0,0.0,0.0,3
2023-05-10 22:01:03,RM401C2700,RM401C2700,171.0,0.0,0.0,0.0,2,53.0,222.0,1,171.0,0.0,0.0,0.0,0.0,0.0,3
2023-05-10 22:45:02,RM401C2700,RM401C2700,171.0,0.0,0.0,0.0,1,53.5,222.0,1,171.0,0.0,0.0,0.0,0.0,0.0,3
2023-05-10 22:45:05,RM401C2700,RM401C2700,171.0,0.0,0.0,0.0,2,54.0,222.0,1,171.0,0.0,0.0,0.0,0.0,0.0,3
2023-05-10 22:57:09,RM401C2700,RM401C2700,171.0,0.0,0.0,0.0,1,53.5,222.0,1,171.0,0.0,0.0,0.0,0.0,0.0,3
2023-05-11 09:01:12,RM401C2700,RM401C2700,171.0,0.0,0.0,0.0,2,54.0,222.0,1,171.0,0.0,0.0,0.0,0.0,0.0,3
2023-05-11 09:01:12,RM401C2700,RM401C2700,171.0,0.0,0.0,0.0,1,54.5,222.0,1,171.0,0.0,0.0,0.0,0.0,0.0,3
2023-05-11 09:01:27,RM401C2700,RM401C2700,171.0,0.0,0.0,0.0,2,55.0,222.0,1,171.0,0.0,0.0,0.0,0.0,0.0,3
2023-05-11 09:35:01,RM401C2700,RM401C2700,171.0,0.0,0.0,0.0,1,55.5,222.0,1,171.0,0.0,0.0,0.0,0.0,0.0,3
2023-05-11 09:35:02,RM401C2700,RM401C2700,171.0,0.0,0.0,0.0,2,56.0,222.0,1,171.0,0.0,0.0,0.0,0.0,0.0,3
2023-05-11 10:06:34,RM401C2700,RM401C2700,171.0,0.0,0.0,0.0,1,56.5,222.0,1,171.0,0.0,0.0,0.0,0.0,0.0,3
2023-05-11 10:06:35,RM401C2700,RM401C2700,171.0,0.0,0.0,0.0,2,57.0,222.0,1,171.0,0.0,0.0,0.0,0.0,0.0,3
2023-05-11 10:12:11,RM401C2700,RM401C2700,171.0,0.0,0.0,0.0,1,56.5,222.0,1,171.0,0.0,0.0,0.0,0.0,0.0,3
2023-05-11 10:30:12,RM401C2700,RM401C2700,171.0,0.0,0.0,0.0,2,57.0,222.0,1,171.0,0.0,0.0,0.0,0.0,0.0,3
2023-05-11 10:48:57,RM401C2700,RM401C2700,171.0,0.0,0.0,0.0,1,57.5,222.0,1,171.0,0.0,0.0,0.0,0.0,0.0,3
2023-05-11 10:48:59,RM401C2700,RM401C2700,171.0,0.0,0.0,0.0,2,58.0,222.0,1,171.0,0.0,0.0,0.0,0.0,0.0,3
2023-05-11 11:27:07,RM401C2700,RM401C2700,171.0,0.0,0.0,0.0,1,57.5,222.0,1,171.0,0.0,0.0,0.0,0.0,0.0,3
2023-05-11 11:29:56,RM401C2700,RM401C2700,171.0,0.0,0.0,0.0,1,50.0,222.0,1,171.0,0.0,0.0,0.0,0.0,0.0,3
2023-05-11 13:31:13,RM401C2700,RM401C2700,171.0,0.0,0.0,0.0,2,50.5,222.0,1,171.0,0.0,0.0,0.0,0.0,0.0,3
2023-05-11 13:47:35,RM401C2700,RM401C2700,171.0,0.0,0.0,0.0,1,51.0,222.0,1,171.0,0.0,0.0,0.0,0.0,0.0,3
2023-05-11 13:47:36,RM401C2700,RM401C2700,171.0,0.0,0.0,0.0,2,51.5,222.0,1,171.0,0.0,0.0,0.0,0.0,0.0,3
2023-05-11 14:16:23,RM401C2700,RM401C2700,171.0,0.0,0.0,0.0,6,166.0,184.0,6,171.0,0.0,0.0,0.0,0.0,0.0,3
2023-05-11 14:16:23,RM401C2700,RM401C2700,171.0,0.0,0.0,0.0,12,166.0,184.0,12,171.0,0.0,0.0,0.0,0.0,0.0,3
2023-05-11 14:16:25,RM401C2700,RM401C2700,171.0,0.0,0.0,0.0,12,166.0,181.5,3,171.0,0.0,0.0,0.0,0.0,0.0,3
2023-05-11 14:16:26,RM401C2700,RM401C2700,171.0,0.0,0.0,0.0,12,166.0,181.5,6,171.0,0.0,0.0,0.0,0.0,0.0,3
2023-05-11 14:16:29,RM401C2700,RM401C2700,171.0,0.0,0.0,0.0,15,166.0,181.5,9,171.0,0.0,0.0,0.0,0.0,0.0,3
2023-05-11 14:16:29,RM401C2700,RM401C2700,171.0,0.0,0.0,0.0,12,166.0,179.0,3,171.0,0.0,0.0,0.0,0.0,0.0,3
2023-05-11 14:16:30,RM401C2700,RM401C2700,171.0,0.0,0.0,0.0,3,167.0,179.0,3,171.0,0.0,0.0,0.0,0.0,0.0,3
2023-05-11 14:16:30,RM401C2700,RM401C2700,171.0,0.0,0.0,0.0,12,167.0,179.0,12,171.0,0.0,0.0,0.0,0.0,0.0,3
2023-05-11 14:16:30,RM401C2700,RM401C2700,171.0,0.0,0.0,0.0,3,167.0,179.0,3,171.0,0.0,0.0,0.0,0.0,0.0,3
2023-05-11 14:16:32,RM401C2700,RM401C2700,171.0,0.0,0.0,0.0,15,167.0,179.0,15,171.0,0.0,0.0,0.0,0.0,0.0,3
2023-05-11 14:16:40,RM401C2700,RM401C2700,171.0,0.0,0.0,0.0,15,167.0,179.0,12,171.0,0.0,0.0,0.0,0.0,0.0,3
2023-05-11 14:16:40,RM401C2700,RM401C2700,171.0,0.0,0.0,0.0,12,167.0,179.0,12,171.0,0.0,0.0,0.0,0.0,0.0,3
2023-05-11 14:16:42,RM401C2700,RM401C2700,171.0,0.0,0.0,0.0,9,167.0,179.0,9,171.0,0.0,0.0,0.0,0.0,0.0,3
2023-05-11 14:16:42,RM401C2700,RM401C2700,171.0,0.0,0.0,0.0,6,167.0,179.0,6,171.0,0.0,0.0,0.0,0.0,0.0,3
2023-05-11 14:16:43,RM401C2700,RM401C2700,171.0,0.0,0.0,0.0,3,167.0,179.0,3,171.0,0.0,0.0,0.0,0.0,0.0,3
2023-05-11 14:16:43,RM401C2700,RM401C2700,171.0,0.0,0.0,0.0,6,166.5,179.5,6,171.0,0.0,0.0,0.0,0.0,0.0,3
2023-05-11 14:16:45,RM401C2700,RM401C2700,171.0,0.0,0.0,0.0,3,166.5,179.5,3,171.0,0.0,0.0,0.0,0.0,0.0,3
2023-05-11 14:16:45,RM401C2700,RM401C2700,171.0,0.0,0.0,0.0,1,51.0,222.0,1,171.0,0.0,0.0,0.0,0.0,0.0,3
2023-05-11 14:16:46,RM401C2700,RM401C2700,171.0,0.0,0.0,0.0,2,57.5,222.0,1,171.0,0.0,0.0,0.0,0.0,0.0,3
2023-05-11 14:19:01,RM401C2700,RM401C2700,171.0,0.0,0.0,0.0,1,58.0,222.0,1,171.0,0.0,0.0,0.0,0.0,0.0,3
2023-05-11 14:19:03,RM401C2700,RM401C2700,171.0,0.0,0.0,0.0,2,58.5,222.0,1,171.0,0.0,0.0,0.0,0.0,0.0,3
