time,symbol_id,symbol_name,last,trade_volume,trade_amount,open_interest_change,bv1,bp1,ap1,av1,yesterday_close,today_open,today_high,today_low,volume,amount,open_interest
2023-05-10 19:12:58,RM401P3100,RM401P3100,442.0,0.0,0.0,0.0,0,0.0,0.0,0,442.0,440.0,0.0,0.0,0.0,0.0,28
2023-05-10 21:00:23,RM401P3100,RM401P3100,442.0,0.0,0.0,0.0,10,231.5,0.0,0,442.0,440.0,0.0,0.0,0.0,0.0,28
2023-05-10 21:48:09,RM401P3100,RM401P3100,442.0,0.0,0.0,0.0,3,429.5,461.5,3,442.0,440.0,0.0,0.0,0.0,0.0,28
2023-05-10 21:48:10,RM401P3100,RM401P3100,442.0,0.0,0.0,0.0,9,429.5,461.0,13,442.0,440.0,0.0,0.0,0.0,0.0,28
2023-05-10 21:48:12,RM401P3100,RM401P3100,442.0,0.0,0.0,0.0,12,429.5,454.0,3,442.0,440.0,0.0,0.0,0.0,0.0,28
2023-05-10 21:48:13,RM401P3100,RM401P3100,442.0,0.0,0.0,0.0,6,429.5,454.0,6,442.0,440.0,0.0,0.0,0.0,0.0,28
2023-05-10 21:48:14,RM401P3100,RM401P3100,442.0,0.0,0.0,0.0,1,435.5,454.0,3,442.0,440.0,0.0,0.0,0.0,0.0,28
2023-05-10 21:48:14,RM401P3100,RM401P3100,442.0,0.0,0.0,0.0,4,435.5,454.0,6,442.0,440.0,0.0,0.0,0.0,0.0,28
2023-05-10 21:48:16,RM401P3100,RM401P3100,442.0,0.0,0.0,0.0,4,435.5,453.0,6,442.0,440.0,0.0,0.0,0.0,0.0,28
2023-05-10 21:48:16,RM401P3100,RM401P3100,442.0,0.0,0.0,0.0,7,435.5,453.0,9,442.0,440.0,0.0,0.0,0.0,0.0,28
2023-05-10 21:48:17,RM401P3100,RM401P3100,442.0,0.0,0.0,0.0,13,435.5,453.0,15,442.0,440.0,0.0,0.0,0.0,0.0,28
2023-05-10 21:48:19,RM401P3100,RM401P3100,442.0,0.0,0.0,0.0,16,435.5,453.0,18,442.0,440.0,0.0,0.0,0.0,0.0,28
2023-05-10 21:48:27,RM401P3100,RM401P3100,442.0,0.0,0.0,0.0,13,435.5,453.0,12,442.0,440.0,0.0,0.0,0.0,0.0,28
2023-05-10 21:48:28,RM401P3100,RM401P3100,442.0,0.0,0.0,0.0,10,435.5,453.0,9,442.0,440.0,0.0,0.0,0.0,0.0,28
2023-05-10 21:48:29,RM401P3100,RM401P3100,442.0,0.0,0.0,0.0,7,435.5,453.0,6,442.0,440.0,0.0,0.0,0.0,0.0,28
2023-05-10 21:48:30,RM401P3100,RM401P3100,442.0,0.0,0.0,0.0,4,435.5,453.0,3,442.0,440.0,0.0,0.0,0.0,0.0,28
2023-05-10 21:48:31,RM401P3100,RM401P3100,442.0,0.0,0.0,0.0,1,435.5,453.5,3,442.0,440.0,0.0,0.0,0.0,0.0,28
2023-05-10 21:48:31,RM401P3100,RM401P3100,442.0,0.0,0.0,0.0,1,435.5,457.5,3,442.0,440.0,0.0,0.0,0.0,0.0,28
2023-05-10 21:48:32,RM401P3100,RM401P3100,442.0,0.0,0.0,0.0,1,435.5,0.0,0,442.0,440.0,0.0,0.0,0.0,0.0,28
2023-05-10 21:48:34,RM401P3100,RM401P3100,442.0,0.0,0.0,0.0,1,439.5,0.0,0,442.0,440.0,0.0,0.0,0.0,0.0,28
2023-05-10 21:48:38,RM401P3100,RM401P3100,442.0,0.0,0.0,0.0,2,231.0,0.0,0,442.0,440.0,0.0,0.0,0.0,0.0,28
2023-05-10 21:48:38,RM401P3100,RM401P3100,442.0,0.0,0.0,0.0,1,439.0,0.0,0,442.0,440.0,0.0,0.0,0.0,0.0,28
2023-05-10 21:48:40,RM401P3100,RM401P3100,442.0,0.0,0.0,0.0,2,231.0,0.0,0,442.0,440.0,0.0,0.0,0.0,0.0,28
2023-05-10 21:48:40,RM401P3100,RM401P3100,442.0,0.0,0.0,0.0,10,231.5,0.0,0,442.0,440.0,0.0,0.0,0.0,0.0,28
2023-05-10 21:48:41,RM401P3100,RM401P3100,442.0,0.0,0.0,0.0,1,439.0,0.0,0,442.0,440.0,0.0,0.0,0.0,0.0,28
2023-05-10 21:48:42,RM401P3100,RM401P3100,442.0,0.0,0.0,0.0,2,231.0,0.0,0,442.0,440.0,0.0,0.0,0.0,0.0,28
2023-05-10 21:48:43,RM401P3100,RM401P3100,442.0,0.0,0.0,0.0,10,231.5,0.0,0,442.0,440.0,0.0,0.0,0.0,0.0,28
2023-05-10 21:49:12,RM401P3100,RM401P3100,442.0,0.0,0.0,0.0,10,231.5,439.5,1,442.0,440.0,0.0,0.0,0.0,0.0,28
2023-05-10 21:49:16,RM401P3100,RM401P3100,442.0,0.0,0.0,0.0,3,431.0,439.5,1,442.0,440.0,0.0,0.0,0.0,0.0,28
2023-05-10 21:49:20,RM401P3100,RM401P3100,442.0,0.0,0.0,0.0,6,431.0,439.5,4,442.0,440.0,0.0,0.0,0.0,0.0,28
2023-05-10 21:49:22,RM401P3100,RM401P3100,442.0,0.0,0.0,0.0,3,432.0,439.5,4,442.0,440.0,0.0,0.0,0.0,0.0,28
2023-05-10 21:49:23,RM401P3100,RM401P3100,442.0,0.0,0.0,0.0,9,432.0,439.5,7,442.0,440.0,0.0,0.0,0.0,0.0,28
2023-05-10 21:49:25,RM401P3100,RM401P3100,442.0,0.0,0.0,0.0,12,432.0,439.5,10,442.0,440.0,0.0,0.0,0.0,0.0,28
2023-05-10 21:49:32,RM401P3100,RM401P3100,442.0,0.0,0.0,0.0,12,432.0,439.5,7,442.0,440.0,0.0,0.0,0.0,0.0,28
2023-05-10 21:49:32,RM401P3100,RM401P3100,442.0,0.0,0.0,0.0,12,432.0,439.5,6,442.0,440.0,0.0,0.0,0.0,0.0,28
2023-05-10 21:49:32,RM401P3100,RM401P3100,440.5,12.0,5280.0,6.0,4,440.0,445.5,3,442.0,440.0,440.5,440.0,12.0,5280.0,34
2023-05-10 21:49:36,RM401P3100,RM401P3100,440.5,0.0,0.0,0.0,4,440.0,0.0,0,442.0,440.0,440.5,440.0,12.0,5280.0,34
2023-05-10 21:49:38,RM401P3100,RM401P3100,440.5,0.0,0.0,0.0,3,440.0,0.0,0,442.0,440.0,440.5,440.0,12.0,5280.0,34
2023-05-10 21:49:50,RM401P3100,RM401P3100,440.5,0.0,0.0,0.0,3,440.0,446.5,1,442.0,440.0,440.5,440.0,12.0,5280.0,34
2023-05-10 21:49:52,RM401P3100,RM401P3100,440.5,0.0,0.0,0.0,3,440.0,0.0,0,442.0,440.0,440.5,440.0,12.0,5280.0,34
2023-05-10 21:50:47,RM401P3100,RM401P3100,440.5,0.0,0.0,0.0,1,446.0,451.5,3,442.0,440.0,440.5,440.0,12.0,5280.0,34
2023-05-10 21:50:54,RM401P3100,RM401P3100,440.5,0.0,0.0,0.0,1,446.0,451.5,6,442.0,440.0,440.5,440.0,12.0,5280.0,34
2023-05-10 21:50:54,RM401P3100,RM401P3100,440.5,0.0,0.0,0.0,4,446.0,451.5,9,442.0,440.0,440.5,440.0,12.0,5280.0,34
2023-05-10 21:50:57,RM401P3100,RM401P3100,440.5,0.0,0.0,0.0,7,446.0,451.5,12,442.0,440.0,440.5,440.0,12.0,5280.0,34
2023-05-10 21:50:58,RM401P3100,RM401P3100,440.5,0.0,0.0,0.0,7,446.0,451.5,9,442.0,440.0,440.5,440.0,12.0,5280.0,34
2023-05-10 21:51:06,RM401P3100,RM401P3100,440.5,0.0,0.0,0.0,3,446.0,451.5,6,442.0,440.0,440.5,440.0,12.0,5280.0,34
2023-05-10 21:51:06,RM401P3100,RM401P3100,445.5,4.0,1784.0,-3.0,3,439.5,445.5,1,442.0,440.0,446.0,440.0,16.0,7064.0,31
2023-05-10 21:51:09,RM401P3100,RM401P3100,445.5,0.0,0.0,0.0,3,435.5,445.5,1,442.0,440.0,446.0,440.0,16.0,7064.0,31
2023-05-10 21:51:12,RM401P3100,RM401P3100,445.5,0.0,0.0,0.0,3,435.5,444.0,1,442.0,440.0,446.0,440.0,16.0,7064.0,31
2023-05-10 21:51:13,RM401P3100,RM401P3100,445.5,0.0,0.0,0.0,10,231.5,444.0,1,442.0,440.0,446.0,440.0,16.0,7064.0,31
2023-05-10 21:51:13,RM401P3100,RM401P3100,445.5,0.0,0.0,0.0,1,232.0,444.0,1,442.0,440.0,446.0,440.0,16.0,7064.0,31
2023-05-10 21:51:13,RM401P3100,RM401P3100,445.5,0.0,0.0,0.0,10,232.5,0.0,0,442.0,440.0,446.0,440.0,16.0,7064.0,31
2023-05-10 21:51:14,RM401P3100,RM401P3100,445.5,0.0,0.0,0.0,1,233.0,0.0,0,442.0,440.0,446.0,440.0,16.0,7064.0,31
2023-05-10 21:51:14,RM401P3100,RM401P3100,445.5,0.0,0.0,0.0,10,233.5,0.0,0,442.0,440.0,446.0,440.0,16.0,7064.0,31
2023-05-10 21:51:15,RM401P3100,RM401P3100,445.5,0.0,0.0,0.0,1,234.0,0.0,0,442.0,440.0,446.0,440.0,16.0,7064.0,31
2023-05-10 21:51:15,RM401P3100,RM401P3100,445.5,0.0,0.0,0.0,10,234.5,0.0,0,442.0,440.0,446.0,440.0,16.0,7064.0,31
2023-05-10 21:51:16,RM401P3100,RM401P3100,445.5,0.0,0.0,0.0,1,235.0,0.0,0,442.0,440.0,446.0,440.0,16.0,7064.0,31
2023-05-10 21:51:16,RM401P3100,RM401P3100,445.5,0.0,0.0,0.0,10,235.5,0.0,0,442.0,440.0,446.0,440.0,16.0,7064.0,31
2023-05-10 21:51:17,RM401P3100,RM401P3100,445.5,0.0,0.0,0.0,1,236.0,0.0,0,442.0,440.0,446.0,440.0,16.0,7064.0,31
2023-05-10 21:51:17,RM401P3100,RM401P3100,445.5,0.0,0.0,0.0,10,236.5,0.0,0,442.0,440.0,446.0,440.0,16.0,7064.0,31
2023-05-10 21:51:18,RM401P3100,RM401P3100,445.5,0.0,0.0,0.0,1,237.0,0.0,0,442.0,440.0,446.0,440.0,16.0,7064.0,31
2023-05-10 21:51:18,RM401P3100,RM401P3100,445.5,0.0,0.0,0.0,10,237.5,0.0,0,442.0,440.0,446.0,440.0,16.0,7064.0,31
2023-05-10 21:51:19,RM401P3100,RM401P3100,445.5,0.0,0.0,0.0,1,238.0,0.0,0,442.0,440.0,446.0,440.0,16.0,7064.0,31
2023-05-10 21:51:19,RM401P3100,RM401P3100,445.5,0.0,0.0,0.0,10,238.5,0.0,0,442.0,440.0,446.0,440.0,16.0,7064.0,31
2023-05-10 21:51:20,RM401P3100,RM401P3100,445.5,0.0,0.0,0.0,1,239.0,0.0,0,442.0,440.0,446.0,440.0,16.0,7064.0,31
2023-05-10 21:51:20,RM401P3100,RM401P3100,445.5,0.0,0.0,0.0,10,239.5,0.0,0,442.0,440.0,446.0,440.0,16.0,7064.0,31
2023-05-10 21:51:21,RM401P3100,RM401P3100,445.5,0.0,0.0,0.0,1,240.0,0.0,0,442.0,440.0,446.0,440.0,16.0,7064.0,31
2023-05-10 21:51:21,RM401P3100,RM401P3100,445.5,0.0,0.0,0.0,10,240.5,0.0,0,442.0,440.0,446.0,440.0,16.0,7064.0,31
2023-05-10 21:51:22,RM401P3100,RM401P3100,445.5,0.0,0.0,0.0,10,241.5,0.0,0,442.0,440.0,446.0,440.0,16.0,7064.0,31
2023-05-10 21:51:22,RM401P3100,RM401P3100,445.5,0.0,0.0,0.0,1,242.0,0.0,0,442.0,440.0,446.0,440.0,16.0,7064.0,31
2023-05-10 21:51:23,RM401P3100,RM401P3100,445.5,0.0,0.0,0.0,10,242.5,0.0,0,442.0,440.0,446.0,440.0,16.0,7064.0,31
2023-05-10 21:51:23,RM401P3100,RM401P3100,445.5,0.0,0.0,0.0,1,243.0,0.0,0,442.0,440.0,446.0,440.0,16.0,7064.0,31
2023-05-10 21:51:24,RM401P3100,RM401P3100,445.5,0.0,0.0,0.0,10,243.5,0.0,0,442.0,440.0,446.0,440.0,16.0,7064.0,31
2023-05-10 21:51:24,RM401P3100,RM401P3100,445.5,0.0,0.0,0.0,1,244.0,0.0,0,442.0,440.0,446.0,440.0,16.0,7064.0,31
2023-05-10 21:51:25,RM401P3100,RM401P3100,445.5,0.0,0.0,0.0,10,244.5,0.0,0,442.0,440.0,446.0,440.0,16.0,7064.0,31
2023-05-10 21:51:25,RM401P3100,RM401P3100,445.5,0.0,0.0,0.0,1,245.0,0.0,0,442.0,440.0,446.0,440.0,16.0,7064.0,31
2023-05-10 21:51:26,RM401P3100,RM401P3100,445.5,0.0,0.0,0.0,10,245.5,0.0,0,442.0,440.0,446.0,440.0,16.0,7064.0,31
2023-05-10 21:51:26,RM401P3100,RM401P3100,445.5,0.0,0.0,0.0,1,246.0,0.0,0,442.0,440.0,446.0,440.0,16.0,7064.0,31
2023-05-10 21:51:27,RM401P3100,RM401P3100,445.5,0.0,0.0,0.0,10,246.5,0.0,0,442.0,440.0,446.0,440.0,16.0,7064.0,31
2023-05-10 21:51:27,RM401P3100,RM401P3100,445.5,0.0,0.0,0.0,1,247.0,0.0,0,442.0,440.0,446.0,440.0,16.0,7064.0,31
2023-05-10 21:51:28,RM401P3100,RM401P3100,445.5,0.0,0.0,0.0,10,247.5,0.0,0,442.0,440.0,446.0,440.0,16.0,7064.0,31
2023-05-10 21:51:28,RM401P3100,RM401P3100,445.5,0.0,0.0,0.0,1,248.0,0.0,0,442.0,440.0,446.0,440.0,16.0,7064.0,31
2023-05-10 21:51:29,RM401P3100,RM401P3100,445.5,0.0,0.0,0.0,10,248.5,0.0,0,442.0,440.0,446.0,440.0,16.0,7064.0,31
2023-05-10 21:51:29,RM401P3100,RM401P3100,445.5,0.0,0.0,0.0,1,249.0,0.0,0,442.0,440.0,446.0,440.0,16.0,7064.0,31
2023-05-10 21:51:30,RM401P3100,RM401P3100,445.5,0.0,0.0,0.0,10,249.5,0.0,0,442.0,440.0,446.0,440.0,16.0,7064.0,31
2023-05-10 21:51:30,RM401P3100,RM401P3100,445.5,0.0,0.0,0.0,1,250.0,0.0,0,442.0,440.0,446.0,440.0,16.0,7064.0,31
2023-05-10 21:51:31,RM401P3100,RM401P3100,445.5,0.0,0.0,0.0,10,250.5,0.0,0,442.0,440.0,446.0,440.0,16.0,7064.0,31
2023-05-10 21:51:31,RM401P3100,RM401P3100,445.5,0.0,0.0,0.0,1,251.0,0.0,0,442.0,440.0,446.0,440.0,16.0,7064.0,31
2023-05-10 21:51:32,RM401P3100,RM401P3100,445.5,0.0,0.0,0.0,10,251.5,0.0,0,442.0,440.0,446.0,440.0,16.0,7064.0,31
2023-05-10 21:51:32,RM401P3100,RM401P3100,445.5,0.0,0.0,0.0,1,252.0,0.0,0,442.0,440.0,446.0,440.0,16.0,7064.0,31
2023-05-10 21:51:33,RM401P3100,RM401P3100,445.5,0.0,0.0,0.0,10,252.5,0.0,0,442.0,440.0,446.0,440.0,16.0,7064.0,31
2023-05-10 21:51:33,RM401P3100,RM401P3100,445.5,0.0,0.0,0.0,1,253.0,0.0,0,442.0,440.0,446.0,440.0,16.0,7064.0,31
2023-05-10 21:51:34,RM401P3100,RM401P3100,445.5,0.0,0.0,0.0,10,253.5,0.0,0,442.0,440.0,446.0,440.0,16.0,7064.0,31
2023-05-10 21:51:34,RM401P3100,RM401P3100,445.5,0.0,0.0,0.0,1,254.0,0.0,0,442.0,440.0,446.0,440.0,16.0,7064.0,31
2023-05-10 21:51:35,RM401P3100,RM401P3100,445.5,0.0,0.0,0.0,10,254.5,0.0,0,442.0,440.0,446.0,440.0,16.0,7064.0,31
2023-05-10 21:51:35,RM401P3100,RM401P3100,445.5,0.0,0.0,0.0,1,255.0,0.0,0,442.0,440.0,446.0,440.0,16.0,7064.0,31
2023-05-10 21:51:36,RM401P3100,RM401P3100,445.5,0.0,0.0,0.0,10,255.5,0.0,0,442.0,440.0,446.0,440.0,16.0,7064.0,31
2023-05-10 21:51:36,RM401P3100,RM401P3100,445.5,0.0,0.0,0.0,1,256.0,0.0,0,442.0,440.0,446.0,440.0,16.0,7064.0,31
2023-05-10 21:51:37,RM401P3100,RM401P3100,445.5,0.0,0.0,0.0,10,256.5,0.0,0,442.0,440.0,446.0,440.0,16.0,7064.0,31
2023-05-10 21:51:46,RM401P3100,RM401P3100,445.5,0.0,0.0,0.0,1,257.0,0.0,0,442.0,440.0,446.0,440.0,16.0,7064.0,31
2023-05-10 21:51:46,RM401P3100,RM401P3100,445.5,0.0,0.0,0.0,10,257.5,0.0,0,442.0,440.0,446.0,440.0,16.0,7064.0,31
2023-05-10 21:51:48,RM401P3100,RM401P3100,445.5,0.0,0.0,0.0,1,446.0,0.0,0,442.0,440.0,446.0,440.0,16.0,7064.0,31
2023-05-10 21:51:52,RM401P3100,RM401P3100,445.5,0.0,0.0,0.0,1,446.0,463.5,3,442.0,440.0,446.0,440.0,16.0,7064.0,31
2023-05-10 21:51:52,RM401P3100,RM401P3100,445.5,0.0,0.0,0.0,1,446.0,463.0,10,442.0,440.0,446.0,440.0,16.0,7064.0,31
2023-05-10 21:51:54,RM401P3100,RM401P3100,445.5,0.0,0.0,0.0,4,446.0,463.0,13,442.0,440.0,446.0,440.0,16.0,7064.0,31
2023-05-10 21:51:55,RM401P3100,RM401P3100,445.5,0.0,0.0,0.0,4,446.0,453.5,3,442.0,440.0,446.0,440.0,16.0,7064.0,31
2023-05-10 21:51:59,RM401P3100,RM401P3100,446.0,2.0,892.0,2.0,2,446.0,453.5,6,442.0,440.0,446.0,440.0,18.0,7956.0,33
2023-05-10 21:52:00,RM401P3100,RM401P3100,446.0,0.0,0.0,0.0,5,446.0,453.5,9,442.0,440.0,446.0,440.0,18.0,7956.0,33
2023-05-10 21:52:05,RM401P3100,RM401P3100,445.5,6.0,2676.0,-4.0,3,444.0,444.5,1,442.0,440.0,446.0,440.0,24.0,10632.0,29
2023-05-10 21:52:05,RM401P3100,RM401P3100,445.5,0.0,0.0,0.0,3,441.0,444.5,1,442.0,440.0,446.0,440.0,24.0,10632.0,29
2023-05-10 21:52:05,RM401P3100,RM401P3100,445.5,0.0,0.0,0.0,3,442.0,444.5,1,442.0,440.0,446.0,440.0,24.0,10632.0,29
2023-05-10 21:52:17,RM401P3100,RM401P3100,445.5,0.0,0.0,0.0,10,257.5,444.5,1,442.0,440.0,446.0,440.0,24.0,10632.0,29
2023-05-10 21:52:18,RM401P3100,RM401P3100,445.5,0.0,0.0,0.0,1,258.0,444.5,1,442.0,440.0,446.0,440.0,24.0,10632.0,29
2023-05-10 21:52:18,RM401P3100,RM401P3100,445.5,0.0,0.0,0.0,10,258.5,443.5,1,442.0,440.0,446.0,440.0,24.0,10632.0,29
2023-05-10 21:52:19,RM401P3100,RM401P3100,445.5,0.0,0.0,0.0,1,259.0,444.5,1,442.0,440.0,446.0,440.0,24.0,10632.0,29
2023-05-10 21:52:20,RM401P3100,RM401P3100,445.5,0.0,0.0,0.0,10,259.5,443.5,1,442.0,440.0,446.0,440.0,24.0,10632.0,29
2023-05-10 21:52:20,RM401P3100,RM401P3100,445.5,0.0,0.0,0.0,1,260.0,444.5,1,442.0,440.0,446.0,440.0,24.0,10632.0,29
2023-05-10 21:52:21,RM401P3100,RM401P3100,445.5,0.0,0.0,0.0,10,260.5,442.5,1,442.0,440.0,446.0,440.0,24.0,10632.0,29
2023-05-10 21:52:21,RM401P3100,RM401P3100,445.5,0.0,0.0,0.0,1,261.0,442.5,1,442.0,440.0,446.0,440.0,24.0,10632.0,29
2023-05-10 21:52:21,RM401P3100,RM401P3100,445.5,0.0,0.0,0.0,10,261.5,444.5,1,442.0,440.0,446.0,440.0,24.0,10632.0,29
2023-05-10 21:52:22,RM401P3100,RM401P3100,445.5,0.0,0.0,0.0,1,262.0,444.5,1,442.0,440.0,446.0,440.0,24.0,10632.0,29
2023-05-10 21:52:22,RM401P3100,RM401P3100,445.5,0.0,0.0,0.0,10,262.5,442.5,1,442.0,440.0,446.0,440.0,24.0,10632.0,29
2023-05-10 21:52:23,RM401P3100,RM401P3100,445.5,0.0,0.0,0.0,1,263.0,444.5,1,442.0,440.0,446.0,440.0,24.0,10632.0,29
2023-05-10 21:52:23,RM401P3100,RM401P3100,445.5,0.0,0.0,0.0,10,263.5,444.5,1,442.0,440.0,446.0,440.0,24.0,10632.0,29
2023-05-10 21:52:24,RM401P3100,RM401P3100,445.5,0.0,0.0,0.0,1,264.0,442.5,1,442.0,440.0,446.0,440.0,24.0,10632.0,29
2023-05-10 21:52:24,RM401P3100,RM401P3100,445.5,0.0,0.0,0.0,10,264.5,444.5,1,442.0,440.0,446.0,440.0,24.0,10632.0,29
2023-05-10 21:52:25,RM401P3100,RM401P3100,445.5,0.0,0.0,0.0,1,265.0,442.5,1,442.0,440.0,446.0,440.0,24.0,10632.0,29
2023-05-10 21:52:25,RM401P3100,RM401P3100,445.5,0.0,0.0,0.0,10,265.5,444.5,1,442.0,440.0,446.0,440.0,24.0,10632.0,29
2023-05-10 21:52:26,RM401P3100,RM401P3100,444.5,1.0,443.0,1.0,1,266.0,0.0,0,442.0,440.0,446.0,440.0,25.0,11075.0,30
2023-05-10 21:52:26,RM401P3100,RM401P3100,444.5,0.0,0.0,0.0,10,266.5,0.0,0,442.0,440.0,446.0,440.0,25.0,11075.0,30
2023-05-10 21:52:27,RM401P3100,RM401P3100,444.5,0.0,0.0,0.0,1,267.0,0.0,0,442.0,440.0,446.0,440.0,25.0,11075.0,30
2023-05-10 21:52:27,RM401P3100,RM401P3100,444.5,0.0,0.0,0.0,10,267.5,0.0,0,442.0,440.0,446.0,440.0,25.0,11075.0,30
2023-05-10 21:52:28,RM401P3100,RM401P3100,444.5,0.0,0.0,0.0,1,268.0,0.0,0,442.0,440.0,446.0,440.0,25.0,11075.0,30
2023-05-10 21:52:28,RM401P3100,RM401P3100,444.5,0.0,0.0,0.0,10,268.5,0.0,0,442.0,440.0,446.0,440.0,25.0,11075.0,30
2023-05-10 21:52:29,RM401P3100,RM401P3100,444.5,0.0,0.0,0.0,1,269.0,0.0,0,442.0,440.0,446.0,440.0,25.0,11075.0,30
2023-05-10 21:52:29,RM401P3100,RM401P3100,444.5,0.0,0.0,0.0,10,269.5,0.0,0,442.0,440.0,446.0,440.0,25.0,11075.0,30
2023-05-10 21:52:30,RM401P3100,RM401P3100,444.5,0.0,0.0,0.0,1,270.0,0.0,0,442.0,440.0,446.0,440.0,25.0,11075.0,30
2023-05-10 21:52:30,RM401P3100,RM401P3100,444.5,0.0,0.0,0.0,10,270.5,0.0,0,442.0,440.0,446.0,440.0,25.0,11075.0,30
2023-05-10 21:52:31,RM401P3100,RM401P3100,444.5,0.0,0.0,0.0,1,271.0,0.0,0,442.0,440.0,446.0,440.0,25.0,11075.0,30
2023-05-10 21:52:31,RM401P3100,RM401P3100,444.5,0.0,0.0,0.0,10,271.5,0.0,0,442.0,440.0,446.0,440.0,25.0,11075.0,30
2023-05-10 21:52:32,RM401P3100,RM401P3100,444.5,0.0,0.0,0.0,1,272.0,0.0,0,442.0,440.0,446.0,440.0,25.0,11075.0,30
2023-05-10 21:52:32,RM401P3100,RM401P3100,444.5,0.0,0.0,0.0,10,272.5,0.0,0,442.0,440.0,446.0,440.0,25.0,11075.0,30
2023-05-10 21:52:33,RM401P3100,RM401P3100,444.5,0.0,0.0,0.0,1,273.0,0.0,0,442.0,440.0,446.0,440.0,25.0,11075.0,30
2023-05-10 21:52:33,RM401P3100,RM401P3100,444.5,0.0,0.0,0.0,10,273.5,0.0,0,442.0,440.0,446.0,440.0,25.0,11075.0,30
2023-05-10 21:52:34,RM401P3100,RM401P3100,444.5,0.0,0.0,0.0,1,274.0,0.0,0,442.0,440.0,446.0,440.0,25.0,11075.0,30
2023-05-10 21:52:34,RM401P3100,RM401P3100,444.5,0.0,0.0,0.0,10,274.5,0.0,0,442.0,440.0,446.0,440.0,25.0,11075.0,30
2023-05-10 21:52:35,RM401P3100,RM401P3100,444.5,0.0,0.0,0.0,1,275.0,0.0,0,442.0,440.0,446.0,440.0,25.0,11075.0,30
2023-05-10 21:52:35,RM401P3100,RM401P3100,444.5,0.0,0.0,0.0,10,275.5,0.0,0,442.0,440.0,446.0,440.0,25.0,11075.0,30
2023-05-10 21:52:36,RM401P3100,RM401P3100,444.5,0.0,0.0,0.0,1,276.0,0.0,0,442.0,440.0,446.0,440.0,25.0,11075.0,30
2023-05-10 21:52:36,RM401P3100,RM401P3100,444.5,0.0,0.0,0.0,10,276.5,0.0,0,442.0,440.0,446.0,440.0,25.0,11075.0,30
2023-05-10 21:52:37,RM401P3100,RM401P3100,444.5,0.0,0.0,0.0,1,277.0,0.0,0,442.0,440.0,446.0,440.0,25.0,11075.0,30
2023-05-10 21:52:37,RM401P3100,RM401P3100,444.5,0.0,0.0,0.0,10,277.5,0.0,0,442.0,440.0,446.0,440.0,25.0,11075.0,30
2023-05-10 21:52:38,RM401P3100,RM401P3100,444.5,0.0,0.0,0.0,1,278.0,0.0,0,442.0,440.0,446.0,440.0,25.0,11075.0,30
2023-05-10 21:52:38,RM401P3100,RM401P3100,444.5,0.0,0.0,0.0,10,278.5,0.0,0,442.0,440.0,446.0,440.0,25.0,11075.0,30
2023-05-10 21:52:39,RM401P3100,RM401P3100,444.5,0.0,0.0,0.0,1,279.0,0.0,0,442.0,440.0,446.0,440.0,25.0,11075.0,30
2023-05-10 21:52:39,RM401P3100,RM401P3100,444.5,0.0,0.0,0.0,10,279.5,0.0,0,442.0,440.0,446.0,440.0,25.0,11075.0,30
2023-05-10 21:52:40,RM401P3100,RM401P3100,444.5,0.0,0.0,0.0,1,280.0,0.0,0,442.0,440.0,446.0,440.0,25.0,11075.0,30
2023-05-10 21:52:40,RM401P3100,RM401P3100,444.5,0.0,0.0,0.0,10,280.5,0.0,0,442.0,440.0,446.0,440.0,25.0,11075.0,30
2023-05-10 21:52:41,RM401P3100,RM401P3100,444.5,0.0,0.0,0.0,1,281.0,0.0,0,442.0,440.0,446.0,440.0,25.0,11075.0,30
2023-05-10 21:52:41,RM401P3100,RM401P3100,444.5,0.0,0.0,0.0,10,281.5,0.0,0,442.0,440.0,446.0,440.0,25.0,11075.0,30
2023-05-10 21:52:42,RM401P3100,RM401P3100,444.5,0.0,0.0,0.0,1,282.0,0.0,0,442.0,440.0,446.0,440.0,25.0,11075.0,30
2023-05-10 21:52:42,RM401P3100,RM401P3100,444.5,0.0,0.0,0.0,10,282.5,0.0,0,442.0,440.0,446.0,440.0,25.0,11075.0,30
2023-05-10 21:52:43,RM401P3100,RM401P3100,444.5,0.0,0.0,0.0,1,283.0,0.0,0,442.0,440.0,446.0,440.0,25.0,11075.0,30
2023-05-10 21:52:43,RM401P3100,RM401P3100,444.5,0.0,0.0,0.0,10,283.5,0.0,0,442.0,440.0,446.0,440.0,25.0,11075.0,30
2023-05-10 21:52:44,RM401P3100,RM401P3100,444.5,0.0,0.0,0.0,1,284.0,0.0,0,442.0,440.0,446.0,440.0,25.0,11075.0,30
2023-05-10 21:52:44,RM401P3100,RM401P3100,444.5,0.0,0.0,0.0,10,284.5,0.0,0,442.0,440.0,446.0,440.0,25.0,11075.0,30
2023-05-10 21:52:45,RM401P3100,RM401P3100,444.5,0.0,0.0,0.0,1,285.0,0.0,0,442.0,440.0,446.0,440.0,25.0,11075.0,30
2023-05-10 21:52:45,RM401P3100,RM401P3100,444.5,0.0,0.0,0.0,10,285.5,0.0,0,442.0,440.0,446.0,440.0,25.0,11075.0,30
2023-05-10 21:52:46,RM401P3100,RM401P3100,444.5,0.0,0.0,0.0,1,286.0,0.0,0,442.0,440.0,446.0,440.0,25.0,11075.0,30
2023-05-10 21:52:46,RM401P3100,RM401P3100,444.5,0.0,0.0,0.0,10,286.5,0.0,0,442.0,440.0,446.0,440.0,25.0,11075.0,30
2023-05-10 21:52:47,RM401P3100,RM401P3100,444.5,0.0,0.0,0.0,1,287.0,0.0,0,442.0,440.0,446.0,440.0,25.0,11075.0,30
2023-05-10 21:52:47,RM401P3100,RM401P3100,444.5,0.0,0.0,0.0,10,287.5,0.0,0,442.0,440.0,446.0,440.0,25.0,11075.0,30
2023-05-10 21:52:48,RM401P3100,RM401P3100,444.5,0.0,0.0,0.0,1,288.0,0.0,0,442.0,440.0,446.0,440.0,25.0,11075.0,30
2023-05-10 21:52:48,RM401P3100,RM401P3100,444.5,0.0,0.0,0.0,10,288.5,0.0,0,442.0,440.0,446.0,440.0,25.0,11075.0,30
2023-05-10 21:52:49,RM401P3100,RM401P3100,444.5,0.0,0.0,0.0,1,289.0,0.0,0,442.0,440.0,446.0,440.0,25.0,11075.0,30
2023-05-10 21:52:49,RM401P3100,RM401P3100,444.5,0.0,0.0,0.0,10,289.5,0.0,0,442.0,440.0,446.0,440.0,25.0,11075.0,30
2023-05-10 21:52:50,RM401P3100,RM401P3100,444.5,0.0,0.0,0.0,1,290.0,0.0,0,442.0,440.0,446.0,440.0,25.0,11075.0,30
2023-05-10 21:52:50,RM401P3100,RM401P3100,444.5,0.0,0.0,0.0,10,290.5,0.0,0,442.0,440.0,446.0,440.0,25.0,11075.0,30
2023-05-10 21:52:51,RM401P3100,RM401P3100,444.5,0.0,0.0,0.0,1,291.0,0.0,0,442.0,440.0,446.0,440.0,25.0,11075.0,30
2023-05-10 21:52:51,RM401P3100,RM401P3100,444.5,0.0,0.0,0.0,10,291.5,0.0,0,442.0,440.0,446.0,440.0,25.0,11075.0,30
2023-05-10 21:52:52,RM401P3100,RM401P3100,444.5,0.0,0.0,0.0,1,292.0,0.0,0,442.0,440.0,446.0,440.0,25.0,11075.0,30
2023-05-10 21:52:52,RM401P3100,RM401P3100,444.5,0.0,0.0,0.0,10,292.5,0.0,0,442.0,440.0,446.0,440.0,25.0,11075.0,30
2023-05-10 21:52:53,RM401P3100,RM401P3100,444.5,0.0,0.0,0.0,1,293.0,0.0,0,442.0,440.0,446.0,440.0,25.0,11075.0,30
2023-05-10 21:52:53,RM401P3100,RM401P3100,444.5,0.0,0.0,0.0,10,293.5,0.0,0,442.0,440.0,446.0,440.0,25.0,11075.0,30
2023-05-10 21:52:54,RM401P3100,RM401P3100,444.5,0.0,0.0,0.0,1,294.0,0.0,0,442.0,440.0,446.0,440.0,25.0,11075.0,30
2023-05-10 21:52:54,RM401P3100,RM401P3100,444.5,0.0,0.0,0.0,10,294.5,0.0,0,442.0,440.0,446.0,440.0,25.0,11075.0,30
2023-05-10 21:52:55,RM401P3100,RM401P3100,444.5,0.0,0.0,0.0,1,295.0,0.0,0,442.0,440.0,446.0,440.0,25.0,11075.0,30
2023-05-10 21:52:55,RM401P3100,RM401P3100,444.5,0.0,0.0,0.0,10,295.5,0.0,0,442.0,440.0,446.0,440.0,25.0,11075.0,30
2023-05-10 21:52:56,RM401P3100,RM401P3100,444.5,0.0,0.0,0.0,1,296.0,0.0,0,442.0,440.0,446.0,440.0,25.0,11075.0,30
2023-05-10 21:52:56,RM401P3100,RM401P3100,444.5,0.0,0.0,0.0,10,296.5,0.0,0,442.0,440.0,446.0,440.0,25.0,11075.0,30
2023-05-10 21:53:01,RM401P3100,RM401P3100,444.5,0.0,0.0,0.0,1,445.5,466.5,3,442.0,440.0,446.0,440.0,25.0,11075.0,30
2023-05-10 21:53:01,RM401P3100,RM401P3100,444.5,0.0,0.0,0.0,1,445.5,466.0,10,442.0,440.0,446.0,440.0,25.0,11075.0,30
2023-05-10 21:53:04,RM401P3100,RM401P3100,444.5,0.0,0.0,0.0,1,445.5,465.5,3,442.0,440.0,446.0,440.0,25.0,11075.0,30
2023-05-10 21:53:04,RM401P3100,RM401P3100,444.5,0.0,0.0,0.0,1,445.5,465.0,10,442.0,440.0,446.0,440.0,25.0,11075.0,30
2023-05-10 21:53:05,RM401P3100,RM401P3100,444.5,0.0,0.0,0.0,1,445.5,457.0,3,442.0,440.0,446.0,440.0,25.0,11075.0,30
2023-05-10 21:53:09,RM401P3100,RM401P3100,444.5,0.0,0.0,0.0,4,445.5,457.0,6,442.0,440.0,446.0,440.0,25.0,11075.0,30
2023-05-10 21:53:11,RM401P3100,RM401P3100,445.5,2.0,899.5,0.0,1,445.5,457.0,6,442.0,440.0,446.0,440.0,27.0,11974.5,30
2023-05-10 21:53:16,RM401P3100,RM401P3100,445.5,0.0,0.0,0.0,1,445.5,457.0,3,442.0,440.0,446.0,440.0,27.0,11974.5,30
2023-05-10 21:53:22,RM401P3100,RM401P3100,445.5,0.0,0.0,0.0,3,445.0,457.5,3,442.0,440.0,446.0,440.0,27.0,11974.5,30
2023-05-10 21:53:22,RM401P3100,RM401P3100,445.5,0.0,0.0,0.0,1,296.0,0.0,0,442.0,440.0,446.0,440.0,27.0,11974.5,30
2023-05-10 21:53:23,RM401P3100,RM401P3100,445.5,0.0,0.0,0.0,10,296.5,0.0,0,442.0,440.0,446.0,440.0,27.0,11974.5,30
2023-05-10 21:53:23,RM401P3100,RM401P3100,445.5,0.0,0.0,0.0,1,297.0,0.0,0,442.0,440.0,446.0,440.0,27.0,11974.5,30
2023-05-10 21:53:24,RM401P3100,RM401P3100,445.5,0.0,0.0,0.0,10,297.5,0.0,0,442.0,440.0,446.0,440.0,27.0,11974.5,30
2023-05-10 21:53:24,RM401P3100,RM401P3100,445.5,0.0,0.0,0.0,1,298.0,0.0,0,442.0,440.0,446.0,440.0,27.0,11974.5,30
2023-05-10 21:53:25,RM401P3100,RM401P3100,445.5,0.0,0.0,0.0,10,298.5,0.0,0,442.0,440.0,446.0,440.0,27.0,11974.5,30
2023-05-10 21:53:25,RM401P3100,RM401P3100,445.5,0.0,0.0,0.0,1,299.0,0.0,0,442.0,440.0,446.0,440.0,27.0,11974.5,30
2023-05-10 21:53:26,RM401P3100,RM401P3100,445.5,0.0,0.0,0.0,10,299.5,0.0,0,442.0,440.0,446.0,440.0,27.0,11974.5,30
2023-05-10 21:53:26,RM401P3100,RM401P3100,445.5,0.0,0.0,0.0,1,300.0,0.0,0,442.0,440.0,446.0,440.0,27.0,11974.5,30
2023-05-10 21:53:27,RM401P3100,RM401P3100,445.5,0.0,0.0,0.0,10,300.5,0.0,0,442.0,440.0,446.0,440.0,27.0,11974.5,30
2023-05-10 21:53:27,RM401P3100,RM401P3100,445.5,0.0,0.0,0.0,1,301.0,0.0,0,442.0,440.0,446.0,440.0,27.0,11974.5,30
2023-05-10 21:53:28,RM401P3100,RM401P3100,445.5,0.0,0.0,0.0,10,301.5,0.0,0,442.0,440.0,446.0,440.0,27.0,11974.5,30
2023-05-10 21:53:28,RM401P3100,RM401P3100,445.5,0.0,0.0,0.0,1,302.0,0.0,0,442.0,440.0,446.0,440.0,27.0,11974.5,30
2023-05-10 21:53:29,RM401P3100,RM401P3100,445.5,0.0,0.0,0.0,10,302.5,0.0,0,442.0,440.0,446.0,440.0,27.0,11974.5,30
2023-05-10 21:53:29,RM401P3100,RM401P3100,445.5,0.0,0.0,0.0,1,303.0,0.0,0,442.0,440.0,446.0,440.0,27.0,11974.5,30
2023-05-10 21:53:30,RM401P3100,RM401P3100,445.5,0.0,0.0,0.0,10,303.5,0.0,0,442.0,440.0,446.0,440.0,27.0,11974.5,30
2023-05-10 21:53:30,RM401P3100,RM401P3100,445.5,0.0,0.0,0.0,1,304.0,0.0,0,442.0,440.0,446.0,440.0,27.0,11974.5,30
2023-05-10 21:53:31,RM401P3100,RM401P3100,445.5,0.0,0.0,0.0,10,304.5,0.0,0,442.0,440.0,446.0,440.0,27.0,11974.5,30
2023-05-10 21:53:31,RM401P3100,RM401P3100,445.5,0.0,0.0,0.0,1,305.0,0.0,0,442.0,440.0,446.0,440.0,27.0,11974.5,30
2023-05-10 21:53:32,RM401P3100,RM401P3100,445.5,0.0,0.0,0.0,10,305.5,0.0,0,442.0,440.0,446.0,440.0,27.0,11974.5,30
2023-05-10 21:53:32,RM401P3100,RM401P3100,445.5,0.0,0.0,0.0,1,306.0,0.0,0,442.0,440.0,446.0,440.0,27.0,11974.5,30
2023-05-10 21:53:33,RM401P3100,RM401P3100,445.5,0.0,0.0,0.0,10,306.5,0.0,0,442.0,440.0,446.0,440.0,27.0,11974.5,30
2023-05-10 21:53:33,RM401P3100,RM401P3100,445.5,0.0,0.0,0.0,1,307.0,0.0,0,442.0,440.0,446.0,440.0,27.0,11974.5,30
2023-05-10 21:53:34,RM401P3100,RM401P3100,445.5,0.0,0.0,0.0,10,307.5,0.0,0,442.0,440.0,446.0,440.0,27.0,11974.5,30
2023-05-10 21:53:34,RM401P3100,RM401P3100,445.5,0.0,0.0,0.0,1,308.0,0.0,0,442.0,440.0,446.0,440.0,27.0,11974.5,30
2023-05-10 21:53:35,RM401P3100,RM401P3100,445.5,0.0,0.0,0.0,10,308.5,0.0,0,442.0,440.0,446.0,440.0,27.0,11974.5,30
2023-05-10 21:53:35,RM401P3100,RM401P3100,445.5,0.0,0.0,0.0,1,309.0,0.0,0,442.0,440.0,446.0,440.0,27.0,11974.5,30
2023-05-10 21:53:36,RM401P3100,RM401P3100,445.5,0.0,0.0,0.0,10,309.5,0.0,0,442.0,440.0,446.0,440.0,27.0,11974.5,30
2023-05-10 21:53:36,RM401P3100,RM401P3100,445.5,0.0,0.0,0.0,1,310.0,0.0,0,442.0,440.0,446.0,440.0,27.0,11974.5,30
2023-05-10 21:53:37,RM401P3100,RM401P3100,445.5,0.0,0.0,0.0,10,310.5,0.0,0,442.0,440.0,446.0,440.0,27.0,11974.5,30
2023-05-10 21:53:37,RM401P3100,RM401P3100,445.5,0.0,0.0,0.0,1,311.0,0.0,0,442.0,440.0,446.0,440.0,27.0,11974.5,30
2023-05-10 21:53:38,RM401P3100,RM401P3100,445.5,0.0,0.0,0.0,10,311.5,0.0,0,442.0,440.0,446.0,440.0,27.0,11974.5,30
2023-05-10 21:53:38,RM401P3100,RM401P3100,445.5,0.0,0.0,0.0,1,312.0,0.0,0,442.0,440.0,446.0,440.0,27.0,11974.5,30
2023-05-10 21:53:39,RM401P3100,RM401P3100,445.5,0.0,0.0,0.0,10,312.5,0.0,0,442.0,440.0,446.0,440.0,27.0,11974.5,30
2023-05-10 21:53:39,RM401P3100,RM401P3100,445.5,0.0,0.0,0.0,1,313.0,0.0,0,442.0,440.0,446.0,440.0,27.0,11974.5,30
2023-05-10 21:53:40,RM401P3100,RM401P3100,445.5,0.0,0.0,0.0,10,313.5,0.0,0,442.0,440.0,446.0,440.0,27.0,11974.5,30
2023-05-10 21:53:40,RM401P3100,RM401P3100,445.5,0.0,0.0,0.0,1,314.0,0.0,0,442.0,440.0,446.0,440.0,27.0,11974.5,30
2023-05-10 21:53:41,RM401P3100,RM401P3100,445.5,0.0,0.0,0.0,10,314.5,0.0,0,442.0,440.0,446.0,440.0,27.0,11974.5,30
2023-05-10 21:53:41,RM401P3100,RM401P3100,445.5,0.0,0.0,0.0,1,315.0,0.0,0,442.0,440.0,446.0,440.0,27.0,11974.5,30
2023-05-10 21:53:42,RM401P3100,RM401P3100,445.5,0.0,0.0,0.0,10,315.5,0.0,0,442.0,440.0,446.0,440.0,27.0,11974.5,30
2023-05-10 21:53:51,RM401P3100,RM401P3100,445.5,0.0,0.0,0.0,1,316.0,0.0,0,442.0,440.0,446.0,440.0,27.0,11974.5,30
2023-05-10 21:53:51,RM401P3100,RM401P3100,445.5,0.0,0.0,0.0,10,316.5,0.0,0,442.0,440.0,446.0,440.0,27.0,11974.5,30
2023-05-10 21:54:01,RM401P3100,RM401P3100,445.5,0.0,0.0,0.0,1,317.0,0.0,0,442.0,440.0,446.0,440.0,27.0,11974.5,30
2023-05-10 21:54:01,RM401P3100,RM401P3100,445.5,0.0,0.0,0.0,10,317.5,0.0,0,442.0,440.0,446.0,440.0,27.0,11974.5,30
2023-05-10 21:54:11,RM401P3100,RM401P3100,445.5,0.0,0.0,0.0,1,318.0,0.0,0,442.0,440.0,446.0,440.0,27.0,11974.5,30
2023-05-10 21:54:11,RM401P3100,RM401P3100,445.5,0.0,0.0,0.0,10,318.5,0.0,0,442.0,440.0,446.0,440.0,27.0,11974.5,30
2023-05-10 21:54:23,RM401P3100,RM401P3100,445.5,0.0,0.0,0.0,6,433.0,464.5,10,442.0,440.0,446.0,440.0,27.0,11974.5,30
2023-05-10 21:54:23,RM401P3100,RM401P3100,445.5,0.0,0.0,0.0,6,433.0,464.5,16,442.0,440.0,446.0,440.0,27.0,11974.5,30
2023-05-10 21:54:25,RM401P3100,RM401P3100,445.5,0.0,0.0,0.0,9,433.0,457.5,3,442.0,440.0,446.0,440.0,27.0,11974.5,30
2023-05-10 21:54:25,RM401P3100,RM401P3100,445.5,0.0,0.0,0.0,6,433.0,457.5,3,442.0,440.0,446.0,440.0,27.0,11974.5,30
2023-05-10 21:54:29,RM401P3100,RM401P3100,445.5,0.0,0.0,0.0,9,433.0,457.5,6,442.0,440.0,446.0,440.0,27.0,11974.5,30
2023-05-10 21:54:30,RM401P3100,RM401P3100,445.5,0.0,0.0,0.0,3,433.5,455.5,3,442.0,440.0,446.0,440.0,27.0,11974.5,30
2023-05-10 21:54:30,RM401P3100,RM401P3100,445.5,0.0,0.0,0.0,9,433.5,453.0,6,442.0,440.0,446.0,440.0,27.0,11974.5,30
2023-05-10 21:54:32,RM401P3100,RM401P3100,445.5,0.0,0.0,0.0,12,433.5,453.0,9,442.0,440.0,446.0,440.0,27.0,11974.5,30
2023-05-10 21:54:39,RM401P3100,RM401P3100,445.5,0.0,0.0,0.0,12,433.5,445.5,4,442.0,440.0,446.0,440.0,27.0,11974.5,30
2023-05-10 21:54:40,RM401P3100,RM401P3100,445.5,0.0,0.0,0.0,9,433.5,445.5,4,442.0,440.0,446.0,440.0,27.0,11974.5,30
2023-05-10 21:54:41,RM401P3100,RM401P3100,445.5,0.0,0.0,0.0,6,433.5,445.5,4,442.0,440.0,446.0,440.0,27.0,11974.5,30
2023-05-10 21:54:42,RM401P3100,RM401P3100,445.5,0.0,0.0,0.0,3,433.5,445.5,4,442.0,440.0,446.0,440.0,27.0,11974.5,30
2023-05-10 21:54:45,RM401P3100,RM401P3100,445.5,0.0,0.0,0.0,10,318.5,445.5,4,442.0,440.0,446.0,440.0,27.0,11974.5,30
2023-05-10 22:24:11,RM401P3100,RM401P3100,445.5,0.0,0.0,0.0,1,319.0,445.5,4,442.0,440.0,446.0,440.0,27.0,11974.5,30
2023-05-10 22:24:12,RM401P3100,RM401P3100,445.5,0.0,0.0,0.0,10,319.5,445.5,4,442.0,440.0,446.0,440.0,27.0,11974.5,30
2023-05-10 22:57:35,RM401P3100,RM401P3100,445.5,0.0,0.0,0.0,1,319.0,445.5,4,442.0,440.0,446.0,440.0,27.0,11974.5,30
2023-05-10 22:58:01,RM401P3100,RM401P3100,445.5,0.0,0.0,0.0,1,318.0,445.5,4,442.0,440.0,446.0,440.0,27.0,11974.5,30
2023-05-11 09:00:09,RM401P3100,RM401P3100,445.5,0.0,0.0,0.0,10,318.5,445.5,4,442.0,440.0,446.0,440.0,27.0,11974.5,30
2023-05-11 09:01:08,RM401P3100,RM401P3100,445.5,0.0,0.0,0.0,1,319.0,445.5,4,442.0,440.0,446.0,440.0,27.0,11974.5,30
2023-05-11 09:01:08,RM401P3100,RM401P3100,445.5,0.0,0.0,0.0,10,319.5,445.5,4,442.0,440.0,446.0,440.0,27.0,11974.5,30
2023-05-11 09:01:08,RM401P3100,RM401P3100,445.5,0.0,0.0,0.0,1,319.0,445.5,4,442.0,440.0,446.0,440.0,27.0,11974.5,30
2023-05-11 09:01:08,RM401P3100,RM401P3100,445.5,0.0,0.0,0.0,10,319.5,445.5,4,442.0,440.0,446.0,440.0,27.0,11974.5,30
2023-05-11 09:16:32,RM401P3100,RM401P3100,445.5,0.0,0.0,0.0,3,431.5,445.5,4,442.0,440.0,446.0,440.0,27.0,11974.5,30
2023-05-11 09:16:39,RM401P3100,RM401P3100,445.5,0.0,0.0,0.0,3,432.0,445.5,4,442.0,440.0,446.0,440.0,27.0,11974.5,30
2023-05-11 09:16:42,RM401P3100,RM401P3100,445.5,0.0,0.0,0.0,3,439.0,442.5,3,442.0,440.0,446.0,440.0,27.0,11974.5,30
2023-05-11 09:16:42,RM401P3100,RM401P3100,445.5,0.0,0.0,0.0,6,439.0,442.5,6,442.0,440.0,446.0,440.0,27.0,11974.5,30
2023-05-11 09:16:54,RM401P3100,RM401P3100,445.5,0.0,0.0,0.0,3,439.0,442.5,3,442.0,440.0,446.0,440.0,27.0,11974.5,30
2023-05-11 09:16:55,RM401P3100,RM401P3100,445.5,0.0,0.0,0.0,10,319.5,445.5,4,442.0,440.0,446.0,440.0,27.0,11974.5,30
2023-05-11 09:34:43,RM401P3100,RM401P3100,445.5,0.0,0.0,0.0,10,319.5,0.0,0,442.0,440.0,446.0,440.0,27.0,11974.5,30
2023-05-11 09:34:46,RM401P3100,RM401P3100,445.5,0.0,0.0,0.0,6,423.0,454.5,10,442.0,440.0,446.0,440.0,27.0,11974.5,30
2023-05-11 09:34:46,RM401P3100,RM401P3100,445.5,0.0,0.0,0.0,6,423.0,454.5,16,442.0,440.0,446.0,440.0,27.0,11974.5,30
2023-05-11 09:34:49,RM401P3100,RM401P3100,445.5,0.0,0.0,0.0,9,423.0,445.5,3,442.0,440.0,446.0,440.0,27.0,11974.5,30
2023-05-11 09:34:49,RM401P3100,RM401P3100,445.5,0.0,0.0,0.0,3,423.0,445.5,3,442.0,440.0,446.0,440.0,27.0,11974.5,30
2023-05-11 09:34:51,RM401P3100,RM401P3100,423.0,3.0,1255.5,3.0,3,422.5,423.0,1,442.0,440.0,446.0,423.0,30.0,13230.0,33
2023-05-11 09:34:51,RM401P3100,RM401P3100,423.0,1.0,425.5,1.0,3,421.5,425.0,3,442.0,440.0,446.0,423.0,31.0,13655.5,34
2023-05-11 09:34:52,RM401P3100,RM401P3100,425.0,3.0,1287.5,3.0,3,425.0,435.5,3,442.0,440.0,446.0,423.0,34.0,14943.0,37
2023-05-11 09:34:53,RM401P3100,RM401P3100,425.0,3.0,1263.0,-3.0,3,423.5,435.5,3,442.0,440.0,446.0,423.0,37.0,16206.0,34
2023-05-11 09:34:53,RM401P3100,RM401P3100,425.0,0.0,0.0,0.0,6,423.5,435.5,6,442.0,440.0,446.0,423.0,37.0,16206.0,34
2023-05-11 09:34:55,RM401P3100,RM401P3100,425.0,0.0,0.0,0.0,9,423.5,435.5,9,442.0,440.0,446.0,423.0,37.0,16206.0,34
2023-05-11 09:35:03,RM401P3100,RM401P3100,425.0,0.0,0.0,0.0,9,423.5,435.5,6,442.0,440.0,446.0,423.0,37.0,16206.0,34
2023-05-11 09:35:04,RM401P3100,RM401P3100,425.0,0.0,0.0,0.0,6,423.5,435.5,6,442.0,440.0,446.0,423.0,37.0,16206.0,34
2023-05-11 09:35:05,RM401P3100,RM401P3100,425.0,0.0,0.0,0.0,3,423.5,435.5,3,442.0,440.0,446.0,423.0,37.0,16206.0,34
2023-05-11 09:35:06,RM401P3100,RM401P3100,425.0,0.0,0.0,0.0,3,423.0,436.0,3,442.0,440.0,446.0,423.0,37.0,16206.0,34
2023-05-11 09:35:08,RM401P3100,RM401P3100,425.0,0.0,0.0,0.0,3,416.0,443.0,3,442.0,440.0,446.0,423.0,37.0,16206.0,34
2023-05-11 09:35:08,RM401P3100,RM401P3100,425.0,0.0,0.0,0.0,10,319.5,0.0,0,442.0,440.0,446.0,423.0,37.0,16206.0,34
2023-05-11 09:46:16,RM401P3100,RM401P3100,425.0,0.0,0.0,0.0,1,320.0,0.0,0,442.0,440.0,446.0,423.0,37.0,16206.0,34
2023-05-11 09:46:17,RM401P3100,RM401P3100,425.0,0.0,0.0,0.0,10,320.5,0.0,0,442.0,440.0,446.0,423.0,37.0,16206.0,34
2023-05-11 10:14:33,RM401P3100,RM401P3100,425.0,0.0,0.0,0.0,1,320.0,0.0,0,442.0,440.0,446.0,423.0,37.0,16206.0,34
2023-05-11 10:30:05,RM401P3100,RM401P3100,425.0,0.0,0.0,0.0,10,320.5,0.0,0,442.0,440.0,446.0,423.0,37.0,16206.0,34
2023-05-11 10:32:35,RM401P3100,RM401P3100,425.0,0.0,0.0,0.0,1,321.0,0.0,0,442.0,440.0,446.0,423.0,37.0,16206.0,34
2023-05-11 10:32:36,RM401P3100,RM401P3100,425.0,0.0,0.0,0.0,10,321.5,0.0,0,442.0,440.0,446.0,423.0,37.0,16206.0,34
2023-05-11 11:29:33,RM401P3100,RM401P3100,425.0,0.0,0.0,0.0,1,321.0,0.0,0,442.0,440.0,446.0,423.0,37.0,16206.0,34
2023-05-11 11:29:36,RM401P3100,RM401P3100,425.0,0.0,0.0,0.0,10,321.5,0.0,0,442.0,440.0,446.0,423.0,37.0,16206.0,34
2023-05-11 11:29:38,RM401P3100,RM401P3100,425.0,0.0,0.0,0.0,1,321.0,0.0,0,442.0,440.0,446.0,423.0,37.0,16206.0,34
2023-05-11 11:29:56,RM401P3100,RM401P3100,425.0,0.0,0.0,0.0,1,236.5,0.0,0,442.0,440.0,446.0,423.0,37.0,16206.0,34
2023-05-11 13:30:09,RM401P3100,RM401P3100,425.0,0.0,0.0,0.0,10,237.0,0.0,0,442.0,440.0,446.0,423.0,37.0,16206.0,34
2023-05-11 13:30:10,RM401P3100,RM401P3100,425.0,0.0,0.0,0.0,1,237.5,0.0,0,442.0,440.0,446.0,423.0,37.0,16206.0,34
2023-05-11 13:30:10,RM401P3100,RM401P3100,425.0,0.0,0.0,0.0,10,238.0,0.0,0,442.0,440.0,446.0,423.0,37.0,16206.0,34
2023-05-11 13:30:10,RM401P3100,RM401P3100,425.0,0.0,0.0,0.0,1,237.5,0.0,0,442.0,440.0,446.0,423.0,37.0,16206.0,34
2023-05-11 13:30:10,RM401P3100,RM401P3100,425.0,0.0,0.0,0.0,10,238.0,0.0,0,442.0,440.0,446.0,423.0,37.0,16206.0,34
2023-05-11 14:00:09,RM401P3100,RM401P3100,425.0,0.0,0.0,0.0,1,238.5,0.0,0,442.0,440.0,446.0,423.0,37.0,16206.0,34
2023-05-11 14:00:10,RM401P3100,RM401P3100,425.0,0.0,0.0,0.0,10,239.0,0.0,0,442.0,440.0,446.0,423.0,37.0,16206.0,34
2023-05-11 14:39:26,RM401P3100,RM401P3100,425.0,0.0,0.0,0.0,3,419.0,450.0,3,442.0,440.0,446.0,423.0,37.0,16206.0,34
2023-05-11 14:39:29,RM401P3100,RM401P3100,425.0,0.0,0.0,0.0,3,424.5,450.0,3,442.0,440.0,446.0,423.0,37.0,16206.0,34
2023-05-11 14:39:33,RM401P3100,RM401P3100,425.0,0.0,0.0,0.0,6,424.5,450.0,6,442.0,440.0,446.0,423.0,37.0,16206.0,34
2023-05-11 14:39:34,RM401P3100,RM401P3100,425.0,0.0,0.0,0.0,1,429.0,449.0,3,442.0,440.0,446.0,423.0,37.0,16206.0,34
2023-05-11 14:39:35,RM401P3100,RM401P3100,425.0,0.0,0.0,0.0,4,429.0,449.0,6,442.0,440.0,446.0,423.0,37.0,16206.0,34
2023-05-11 14:39:38,RM401P3100,RM401P3100,425.0,0.0,0.0,0.0,6,429.0,449.0,9,442.0,440.0,446.0,423.0,37.0,16206.0,34
2023-05-11 14:39:39,RM401P3100,RM401P3100,425.0,0.0,0.0,0.0,1,431.5,449.0,9,442.0,440.0,446.0,423.0,37.0,16206.0,34
2023-05-11 14:39:45,RM401P3100,RM401P3100,425.0,0.0,0.0,0.0,1,431.5,449.0,6,442.0,440.0,446.0,423.0,37.0,16206.0,34
2023-05-11 14:39:46,RM401P3100,RM401P3100,425.0,0.0,0.0,0.0,3,429.5,449.0,6,442.0,440.0,446.0,423.0,37.0,16206.0,34
2023-05-11 14:39:47,RM401P3100,RM401P3100,425.0,0.0,0.0,0.0,1,434.0,449.0,6,442.0,440.0,446.0,423.0,37.0,16206.0,34
2023-05-11 14:39:47,RM401P3100,RM401P3100,425.0,0.0,0.0,0.0,1,434.0,449.0,3,442.0,440.0,446.0,423.0,37.0,16206.0,34
2023-05-11 14:39:48,RM401P3100,RM401P3100,425.0,0.0,0.0,0.0,1,434.0,449.5,3,442.0,440.0,446.0,423.0,37.0,16206.0,34
2023-05-11 14:39:49,RM401P3100,RM401P3100,425.0,0.0,0.0,0.0,3,429.5,449.5,3,442.0,440.0,446.0,423.0,37.0,16206.0,34
2023-05-11 14:39:51,RM401P3100,RM401P3100,425.0,0.0,0.0,0.0,3,429.5,451.0,3,442.0,440.0,446.0,423.0,37.0,16206.0,34
2023-05-11 14:39:51,RM401P3100,RM401P3100,425.0,0.0,0.0,0.0,10,239.0,0.0,0,442.0,440.0,446.0,423.0,37.0,16206.0,34
2023-05-11 14:39:57,RM401P3100,RM401P3100,425.0,0.0,0.0,0.0,1,427.5,0.0,0,442.0,440.0,446.0,423.0,37.0,16206.0,34
2023-05-11 14:39:59,RM401P3100,RM401P3100,425.0,0.0,0.0,0.0,1,238.5,0.0,0,442.0,440.0,446.0,423.0,37.0,16206.0,34
2023-05-11 14:39:59,RM401P3100,RM401P3100,425.0,0.0,0.0,0.0,6,239.5,0.0,0,442.0,440.0,446.0,423.0,37.0,16206.0,34
2023-05-11 14:40:00,RM401P3100,RM401P3100,425.0,0.0,0.0,0.0,10,240.0,0.0,0,442.0,440.0,446.0,423.0,37.0,16206.0,34
2023-05-11 14:40:01,RM401P3100,RM401P3100,425.0,0.0,0.0,0.0,1,432.5,0.0,0,442.0,440.0,446.0,423.0,37.0,16206.0,34
2023-05-11 14:40:03,RM401P3100,RM401P3100,425.0,0.0,0.0,0.0,10,239.0,0.0,0,442.0,440.0,446.0,423.0,37.0,16206.0,34
2023-05-11 14:40:04,RM401P3100,RM401P3100,425.0,0.0,0.0,0.0,1,434.0,0.0,0,442.0,440.0,446.0,423.0,37.0,16206.0,34
2023-05-11 14:40:06,RM401P3100,RM401P3100,425.0,0.0,0.0,0.0,10,239.0,0.0,0,442.0,440.0,446.0,423.0,37.0,16206.0,34
2023-05-11 14:41:04,RM401P3100,RM401P3100,425.0,0.0,0.0,0.0,1,239.5,0.0,0,442.0,440.0,446.0,423.0,37.0,16206.0,34
2023-05-11 14:41:05,RM401P3100,RM401P3100,425.0,0.0,0.0,0.0,10,240.0,0.0,0,442.0,440.0,446.0,423.0,37.0,16206.0,34
2023-05-11 14:44:53,RM401P3100,RM401P3100,425.0,0.0,0.0,0.0,6,432.0,463.5,10,442.0,440.0,446.0,423.0,37.0,16206.0,34
2023-05-11 14:44:53,RM401P3100,RM401P3100,425.0,0.0,0.0,0.0,6,432.0,463.5,16,442.0,440.0,446.0,423.0,37.0,16206.0,34
2023-05-11 14:44:55,RM401P3100,RM401P3100,425.0,0.0,0.0,0.0,9,432.0,455.5,3,442.0,440.0,446.0,423.0,37.0,16206.0,34
2023-05-11 14:44:55,RM401P3100,RM401P3100,425.0,0.0,0.0,0.0,3,432.0,455.5,3,442.0,440.0,446.0,423.0,37.0,16206.0,34
2023-05-11 14:44:58,RM401P3100,RM401P3100,425.0,0.0,0.0,0.0,3,432.0,453.5,3,442.0,440.0,446.0,423.0,37.0,16206.0,34
2023-05-11 14:44:58,RM401P3100,RM401P3100,425.0,0.0,0.0,0.0,6,432.0,453.5,3,442.0,440.0,446.0,423.0,37.0,16206.0,34
2023-05-11 14:45:00,RM401P3100,RM401P3100,425.0,0.0,0.0,0.0,6,433.0,453.5,9,442.0,440.0,446.0,423.0,37.0,16206.0,34
2023-05-11 14:45:02,RM401P3100,RM401P3100,425.0,0.0,0.0,0.0,9,433.0,453.5,12,442.0,440.0,446.0,423.0,37.0,16206.0,34
2023-05-11 14:45:02,RM401P3100,RM401P3100,425.0,0.0,0.0,0.0,1,437.5,453.5,12,442.0,440.0,446.0,423.0,37.0,16206.0,34
2023-05-11 14:45:08,RM401P3100,RM401P3100,425.0,0.0,0.0,0.0,9,433.0,453.5,12,442.0,440.0,446.0,423.0,37.0,16206.0,34
2023-05-11 14:45:09,RM401P3100,RM401P3100,425.0,0.0,0.0,0.0,9,433.0,453.5,9,442.0,440.0,446.0,423.0,37.0,16206.0,34
2023-05-11 14:45:10,RM401P3100,RM401P3100,425.0,0.0,0.0,0.0,6,433.0,453.5,9,442.0,440.0,446.0,423.0,37.0,16206.0,34
2023-05-11 14:45:12,RM401P3100,RM401P3100,425.0,0.0,0.0,0.0,3,433.0,453.5,6,442.0,440.0,446.0,423.0,37.0,16206.0,34
2023-05-11 14:45:13,RM401P3100,RM401P3100,425.0,0.0,0.0,0.0,3,433.0,453.5,3,442.0,440.0,446.0,423.0,37.0,16206.0,34
2023-05-11 14:45:14,RM401P3100,RM401P3100,425.0,0.0,0.0,0.0,3,432.5,454.0,3,442.0,440.0,446.0,423.0,37.0,16206.0,34
2023-05-11 14:45:15,RM401P3100,RM401P3100,425.0,0.0,0.0,0.0,10,240.0,0.0,0,442.0,440.0,446.0,423.0,37.0,16206.0,34
2023-05-11 14:45:15,RM401P3100,RM401P3100,425.0,0.0,0.0,0.0,6,241.0,0.0,0,442.0,440.0,446.0,423.0,37.0,16206.0,34
2023-05-11 14:45:15,RM401P3100,RM401P3100,425.0,0.0,0.0,0.0,10,241.5,0.0,0,442.0,440.0,446.0,423.0,37.0,16206.0,34
2023-05-11 14:45:42,RM401P3100,RM401P3100,425.0,0.0,0.0,0.0,1,436.5,0.0,0,442.0,440.0,446.0,423.0,37.0,16206.0,34
2023-05-11 14:45:44,RM401P3100,RM401P3100,425.0,0.0,0.0,0.0,10,240.0,0.0,0,442.0,440.0,446.0,423.0,37.0,16206.0,34
2023-05-11 14:45:45,RM401P3100,RM401P3100,425.0,0.0,0.0,0.0,6,241.0,0.0,0,442.0,440.0,446.0,423.0,37.0,16206.0,34
2023-05-11 14:45:45,RM401P3100,RM401P3100,425.0,0.0,0.0,0.0,10,241.5,0.0,0,442.0,440.0,446.0,423.0,37.0,16206.0,34
2023-05-11 14:45:56,RM401P3100,RM401P3100,425.0,0.0,0.0,0.0,10,241.5,437.0,1,442.0,440.0,446.0,423.0,37.0,16206.0,34
2023-05-11 14:45:57,RM401P3100,RM401P3100,425.0,0.0,0.0,0.0,3,430.5,437.0,1,442.0,440.0,446.0,423.0,37.0,16206.0,34
2023-05-11 14:46:03,RM401P3100,RM401P3100,425.0,0.0,0.0,0.0,3,432.0,437.0,1,442.0,440.0,446.0,423.0,37.0,16206.0,34
2023-05-11 14:46:04,RM401P3100,RM401P3100,425.0,0.0,0.0,0.0,6,432.0,437.0,1,442.0,440.0,446.0,423.0,37.0,16206.0,34
2023-05-11 14:46:05,RM401P3100,RM401P3100,425.0,0.0,0.0,0.0,9,432.0,437.0,4,442.0,440.0,446.0,423.0,37.0,16206.0,34
2023-05-11 14:46:06,RM401P3100,RM401P3100,425.0,0.0,0.0,0.0,12,432.0,437.0,7,442.0,440.0,446.0,423.0,37.0,16206.0,34
2023-05-11 14:46:11,RM401P3100,RM401P3100,437.5,10.0,4380.0,10.0,3,438.5,441.5,3,442.0,440.0,446.0,423.0,47.0,20586.0,44
2023-05-11 14:46:11,RM401P3100,RM401P3100,437.5,0.0,0.0,0.0,3,438.5,443.5,3,442.0,440.0,446.0,423.0,47.0,20586.0,44
2023-05-11 14:46:17,RM401P3100,RM401P3100,437.5,0.0,0.0,0.0,3,438.5,456.0,3,442.0,440.0,446.0,423.0,47.0,20586.0,44
2023-05-11 14:46:17,RM401P3100,RM401P3100,437.5,0.0,0.0,0.0,3,438.5,0.0,0,442.0,440.0,446.0,423.0,47.0,20586.0,44
2023-05-11 14:46:24,RM401P3100,RM401P3100,437.5,0.0,0.0,0.0,3,438.5,444.0,1,442.0,440.0,446.0,423.0,47.0,20586.0,44
2023-05-11 14:46:27,RM401P3100,RM401P3100,437.5,0.0,0.0,0.0,3,438.5,0.0,0,442.0,440.0,446.0,423.0,47.0,20586.0,44
2023-05-11 14:46:28,RM401P3100,RM401P3100,437.5,0.0,0.0,0.0,3,438.5,444.0,1,442.0,440.0,446.0,423.0,47.0,20586.0,44
2023-05-11 14:46:32,RM401P3100,RM401P3100,437.5,0.0,0.0,0.0,3,438.5,0.0,0,442.0,440.0,446.0,423.0,47.0,20586.0,44
2023-05-11 14:46:56,RM401P3100,RM401P3100,437.5,0.0,0.0,0.0,1,444.0,0.0,0,442.0,440.0,446.0,423.0,47.0,20586.0,44
2023-05-11 14:46:59,RM401P3100,RM401P3100,437.5,0.0,0.0,0.0,1,444.0,462.5,10,442.0,440.0,446.0,423.0,47.0,20586.0,44
2023-05-11 14:46:59,RM401P3100,RM401P3100,437.5,0.0,0.0,0.0,1,444.0,452.5,3,442.0,440.0,446.0,423.0,47.0,20586.0,44
2023-05-11 14:47:06,RM401P3100,RM401P3100,437.5,0.0,0.0,0.0,4,444.0,452.5,9,442.0,440.0,446.0,423.0,47.0,20586.0,44
2023-05-11 14:47:08,RM401P3100,RM401P3100,437.5,0.0,0.0,0.0,7,444.0,452.5,12,442.0,440.0,446.0,423.0,47.0,20586.0,44
2023-05-11 14:47:09,RM401P3100,RM401P3100,443.5,9.0,3998.0,-9.0,6,442.0,443.5,2,442.0,440.0,446.0,423.0,56.0,24584.0,35
2023-05-11 14:47:10,RM401P3100,RM401P3100,443.5,0.0,0.0,0.0,6,438.5,443.5,2,442.0,440.0,446.0,423.0,56.0,24584.0,35
2023-05-11 14:47:14,RM401P3100,RM401P3100,443.5,0.0,0.0,0.0,6,438.5,442.5,1,442.0,440.0,446.0,423.0,56.0,24584.0,35
2023-05-11 14:47:15,RM401P3100,RM401P3100,443.5,0.0,0.0,0.0,6,438.5,445.5,3,442.0,440.0,446.0,423.0,56.0,24584.0,35
2023-05-11 14:47:19,RM401P3100,RM401P3100,443.5,0.0,0.0,0.0,3,438.5,445.5,3,442.0,440.0,446.0,423.0,56.0,24584.0,35
2023-05-11 14:47:21,RM401P3100,RM401P3100,443.5,0.0,0.0,0.0,3,438.5,0.0,0,442.0,440.0,446.0,423.0,56.0,24584.0,35
2023-05-11 14:47:29,RM401P3100,RM401P3100,443.5,0.0,0.0,0.0,3,438.5,443.5,1,442.0,440.0,446.0,423.0,56.0,24584.0,35
2023-05-11 14:47:32,RM401P3100,RM401P3100,443.5,0.0,0.0,0.0,3,438.5,0.0,0,442.0,440.0,446.0,423.0,56.0,24584.0,35
2023-05-11 14:47:58,RM401P3100,RM401P3100,443.5,0.0,0.0,0.0,1,444.0,0.0,0,442.0,440.0,446.0,423.0,56.0,24584.0,35
2023-05-11 14:48:01,RM401P3100,RM401P3100,443.5,0.0,0.0,0.0,1,444.0,464.5,3,442.0,440.0,446.0,423.0,56.0,24584.0,35
2023-05-11 14:48:02,RM401P3100,RM401P3100,443.5,0.0,0.0,0.0,1,444.0,464.0,10,442.0,440.0,446.0,423.0,56.0,24584.0,35
2023-05-11 14:48:05,RM401P3100,RM401P3100,443.5,0.0,0.0,0.0,1,444.0,453.5,3,442.0,440.0,446.0,423.0,56.0,24584.0,35
2023-05-11 14:48:08,RM401P3100,RM401P3100,443.5,0.0,0.0,0.0,4,444.0,453.5,6,442.0,440.0,446.0,423.0,56.0,24584.0,35
2023-05-11 14:48:08,RM401P3100,RM401P3100,443.5,0.0,0.0,0.0,4,444.0,453.5,9,442.0,440.0,446.0,423.0,56.0,24584.0,35
2023-05-11 14:48:09,RM401P3100,RM401P3100,443.5,0.0,0.0,0.0,6,444.0,453.5,12,442.0,440.0,446.0,423.0,56.0,24584.0,35
2023-05-11 14:48:10,RM401P3100,RM401P3100,444.0,3.0,1317.0,0.0,3,444.0,453.5,12,442.0,440.0,446.0,423.0,59.0,25901.0,35
2023-05-11 14:48:16,RM401P3100,RM401P3100,444.0,0.0,0.0,0.0,3,444.0,453.5,9,442.0,440.0,446.0,423.0,59.0,25901.0,35
2023-05-11 14:48:20,RM401P3100,RM401P3100,444.0,0.0,0.0,0.0,3,444.0,453.5,6,442.0,440.0,446.0,423.0,59.0,25901.0,35
2023-05-11 14:48:21,RM401P3100,RM401P3100,444.0,0.0,0.0,0.0,3,444.0,453.5,3,442.0,440.0,446.0,423.0,59.0,25901.0,35
2023-05-11 14:48:21,RM401P3100,RM401P3100,444.0,0.0,0.0,0.0,3,443.5,454.0,3,442.0,440.0,446.0,423.0,59.0,25901.0,35
2023-05-11 14:48:23,RM401P3100,RM401P3100,444.0,0.0,0.0,0.0,3,438.5,0.0,0,442.0,440.0,446.0,423.0,59.0,25901.0,35
2023-05-11 14:59:51,RM401P3100,RM401P3100,444.0,0.0,0.0,0.0,1,239.5,0.0,0,442.0,440.0,446.0,423.0,59.0,25901.0,35
2023-05-11 14:59:53,RM401P3100,RM401P3100,444.0,0.0,0.0,0.0,6,240.5,0.0,0,442.0,440.0,446.0,423.0,59.0,25901.0,35
2023-05-11 14:59:58,RM401P3100,RM401P3100,444.0,0.0,0.0,0.0,1,239.5,0.0,0,442.0,440.0,446.0,423.0,59.0,25901.0,35
2023-05-11 14:59:58,RM401P3100,RM401P3100,444.0,0.0,0.0,0.0,1,239.5,0.0,0,442.0,440.0,446.0,423.0,59.0,25901.0,35
