time,symbol_id,symbol_name,last,trade_volume,trade_amount,open_interest_change,bv1,bp1,ap1,av1,yesterday_close,today_open,today_high,today_low,volume,amount,open_interest
2023-05-10 19:12:58,RM401P3050,RM401P3050,413.0,0.0,0.0,-1.0,0,0.0,0.0,0,413.0,397.5,0.0,0.0,0.0,0.0,31
2023-05-10 21:00:23,RM401P3050,RM401P3050,413.0,0.0,0.0,0.0,10,200.0,0.0,0,413.0,397.5,0.0,0.0,0.0,0.0,31
2023-05-10 21:19:07,RM401P3050,RM401P3050,413.0,0.0,0.0,0.0,6,391.0,421.5,10,413.0,397.5,0.0,0.0,0.0,0.0,31
2023-05-10 21:19:07,RM401P3050,RM401P3050,413.0,0.0,0.0,0.0,3,391.0,421.5,19,413.0,397.5,0.0,0.0,0.0,0.0,31
2023-05-10 21:19:09,RM401P3050,RM401P3050,413.0,0.0,0.0,0.0,6,391.0,415.0,3,413.0,397.5,0.0,0.0,0.0,0.0,31
2023-05-10 21:19:10,RM401P3050,RM401P3050,413.0,0.0,0.0,0.0,9,391.0,415.0,6,413.0,397.5,0.0,0.0,0.0,0.0,31
2023-05-10 21:19:13,RM401P3050,RM401P3050,413.0,0.0,0.0,0.0,6,392.0,413.5,6,413.0,397.5,0.0,0.0,0.0,0.0,31
2023-05-10 21:19:13,RM401P3050,RM401P3050,413.0,0.0,0.0,0.0,6,392.0,413.0,3,413.0,397.5,0.0,0.0,0.0,0.0,31
2023-05-10 21:19:14,RM401P3050,RM401P3050,413.0,0.0,0.0,0.0,12,392.0,413.0,12,413.0,397.5,0.0,0.0,0.0,0.0,31
2023-05-10 21:19:16,RM401P3050,RM401P3050,413.0,0.0,0.0,0.0,1,396.5,413.0,15,413.0,397.5,0.0,0.0,0.0,0.0,31
2023-05-10 21:19:16,RM401P3050,RM401P3050,413.0,0.0,0.0,0.0,4,396.5,413.0,15,413.0,397.5,0.0,0.0,0.0,0.0,31
2023-05-10 21:19:24,RM401P3050,RM401P3050,413.0,0.0,0.0,0.0,4,396.5,413.0,12,413.0,397.5,0.0,0.0,0.0,0.0,31
2023-05-10 21:19:26,RM401P3050,RM401P3050,413.0,0.0,0.0,0.0,4,396.5,413.0,9,413.0,397.5,0.0,0.0,0.0,0.0,31
2023-05-10 21:19:27,RM401P3050,RM401P3050,413.0,0.0,0.0,0.0,4,396.5,413.0,6,413.0,397.5,0.0,0.0,0.0,0.0,31
2023-05-10 21:19:28,RM401P3050,RM401P3050,413.0,0.0,0.0,0.0,1,396.5,413.0,3,413.0,397.5,0.0,0.0,0.0,0.0,31
2023-05-10 21:19:28,RM401P3050,RM401P3050,413.0,0.0,0.0,0.0,1,396.5,0.0,0,413.0,397.5,0.0,0.0,0.0,0.0,31
2023-05-10 21:19:33,RM401P3050,RM401P3050,413.0,0.0,0.0,0.0,10,200.0,0.0,0,413.0,397.5,0.0,0.0,0.0,0.0,31
2023-05-10 21:22:15,RM401P3050,RM401P3050,413.0,0.0,0.0,0.0,10,200.0,397.5,1,413.0,397.5,0.0,0.0,0.0,0.0,31
2023-05-10 21:22:17,RM401P3050,RM401P3050,413.0,0.0,0.0,0.0,3,391.5,397.5,1,413.0,397.5,0.0,0.0,0.0,0.0,31
2023-05-10 21:22:19,RM401P3050,RM401P3050,397.5,1.0,397.5,0.0,3,391.5,399.5,3,413.0,397.5,397.5,397.5,1.0,397.5,31
2023-05-10 21:22:21,RM401P3050,RM401P3050,397.5,0.0,0.0,0.0,3,391.5,398.5,1,413.0,397.5,397.5,397.5,1.0,397.5,31
2023-05-10 21:22:23,RM401P3050,RM401P3050,397.5,0.0,0.0,0.0,3,392.5,398.5,1,413.0,397.5,397.5,397.5,1.0,397.5,31
2023-05-10 21:22:24,RM401P3050,RM401P3050,397.5,0.0,0.0,0.0,6,392.5,398.5,4,413.0,397.5,397.5,397.5,1.0,397.5,31
2023-05-10 21:22:24,RM401P3050,RM401P3050,397.5,0.0,0.0,0.0,9,392.5,398.5,4,413.0,397.5,397.5,397.5,1.0,397.5,31
2023-05-10 21:22:25,RM401P3050,RM401P3050,397.5,0.0,0.0,0.0,9,392.5,398.0,3,413.0,397.5,397.5,397.5,1.0,397.5,31
2023-05-10 21:22:26,RM401P3050,RM401P3050,397.5,0.0,0.0,0.0,12,392.5,398.0,6,413.0,397.5,397.5,397.5,1.0,397.5,31
2023-05-10 21:22:31,RM401P3050,RM401P3050,398.5,9.0,3582.5,0.0,6,392.5,404.0,3,413.0,397.5,398.5,397.5,10.0,3980.0,31
2023-05-10 21:22:34,RM401P3050,RM401P3050,398.5,0.0,0.0,0.0,3,392.5,404.0,3,413.0,397.5,398.5,397.5,10.0,3980.0,31
2023-05-10 21:22:37,RM401P3050,RM401P3050,398.5,0.0,0.0,0.0,3,386.5,412.0,3,413.0,397.5,398.5,397.5,10.0,3980.0,31
2023-05-10 21:22:39,RM401P3050,RM401P3050,398.5,0.0,0.0,0.0,2,199.5,0.0,0,413.0,397.5,398.5,397.5,10.0,3980.0,31
2023-05-10 21:22:40,RM401P3050,RM401P3050,398.5,0.0,0.0,0.0,11,200.0,0.0,0,413.0,397.5,398.5,397.5,10.0,3980.0,31
2023-05-10 21:24:10,RM401P3050,RM401P3050,398.5,0.0,0.0,0.0,3,389.5,412.0,3,413.0,397.5,398.5,397.5,10.0,3980.0,31
2023-05-10 21:24:11,RM401P3050,RM401P3050,398.5,0.0,0.0,0.0,3,389.5,398.5,1,413.0,397.5,398.5,397.5,10.0,3980.0,31
2023-05-10 21:24:17,RM401P3050,RM401P3050,398.5,0.0,0.0,0.0,6,389.5,398.5,1,413.0,397.5,398.5,397.5,10.0,3980.0,31
2023-05-10 21:24:18,RM401P3050,RM401P3050,398.5,0.0,0.0,0.0,6,389.5,398.0,3,413.0,397.5,398.5,397.5,10.0,3980.0,31
2023-05-10 21:24:20,RM401P3050,RM401P3050,398.5,0.0,0.0,0.0,3,393.0,398.0,6,413.0,397.5,398.5,397.5,10.0,3980.0,31
2023-05-10 21:24:22,RM401P3050,RM401P3050,398.0,6.0,2388.0,-6.0,6,393.0,398.0,3,413.0,397.5,398.5,397.5,16.0,6368.0,25
2023-05-10 21:24:31,RM401P3050,RM401P3050,398.0,0.0,0.0,0.0,3,393.0,398.0,3,413.0,397.5,398.5,397.5,16.0,6368.0,25
2023-05-10 21:24:32,RM401P3050,RM401P3050,398.0,3.0,1194.0,3.0,9,398.5,406.0,3,413.0,397.5,398.5,397.5,19.0,7562.0,28
2023-05-10 21:24:32,RM401P3050,RM401P3050,398.0,0.0,0.0,0.0,3,399.5,406.0,3,413.0,397.5,398.5,397.5,19.0,7562.0,28
2023-05-10 21:24:33,RM401P3050,RM401P3050,398.0,0.0,0.0,0.0,3,399.5,0.0,0,413.0,397.5,398.5,397.5,19.0,7562.0,28
2023-05-10 21:26:43,RM401P3050,RM401P3050,398.0,0.0,0.0,0.0,1,405.0,432.0,3,413.0,397.5,398.5,397.5,19.0,7562.0,28
2023-05-10 21:26:43,RM401P3050,RM401P3050,398.0,0.0,0.0,0.0,1,405.0,413.5,3,413.0,397.5,398.5,397.5,19.0,7562.0,28
2023-05-10 21:26:45,RM401P3050,RM401P3050,398.0,0.0,0.0,0.0,1,407.0,413.5,3,413.0,397.5,398.5,397.5,19.0,7562.0,28
2023-05-10 21:26:50,RM401P3050,RM401P3050,398.0,0.0,0.0,0.0,1,407.0,413.0,3,413.0,397.5,398.5,397.5,19.0,7562.0,28
2023-05-10 21:26:50,RM401P3050,RM401P3050,398.0,0.0,0.0,0.0,4,407.0,413.0,9,413.0,397.5,398.5,397.5,19.0,7562.0,28
2023-05-10 21:26:52,RM401P3050,RM401P3050,398.0,0.0,0.0,0.0,7,407.0,413.0,12,413.0,397.5,398.5,397.5,19.0,7562.0,28
2023-05-10 21:26:58,RM401P3050,RM401P3050,398.0,0.0,0.0,0.0,6,407.0,413.0,12,413.0,397.5,398.5,397.5,19.0,7562.0,28
2023-05-10 21:27:01,RM401P3050,RM401P3050,398.0,0.0,0.0,0.0,6,407.0,413.0,9,413.0,397.5,398.5,397.5,19.0,7562.0,28
2023-05-10 21:27:02,RM401P3050,RM401P3050,398.0,0.0,0.0,0.0,6,407.0,413.0,6,413.0,397.5,398.5,397.5,19.0,7562.0,28
2023-05-10 21:27:03,RM401P3050,RM401P3050,398.0,0.0,0.0,0.0,3,407.0,413.0,3,413.0,397.5,398.5,397.5,19.0,7562.0,28
2023-05-10 21:27:04,RM401P3050,RM401P3050,398.0,0.0,0.0,0.0,1,408.5,422.5,10,413.0,397.5,398.5,397.5,19.0,7562.0,28
2023-05-10 21:27:05,RM401P3050,RM401P3050,398.0,0.0,0.0,0.0,3,399.5,422.5,10,413.0,397.5,398.5,397.5,19.0,7562.0,28
2023-05-10 21:28:10,RM401P3050,RM401P3050,398.0,0.0,0.0,0.0,1,401.0,422.5,10,413.0,397.5,398.5,397.5,19.0,7562.0,28
2023-05-10 21:28:11,RM401P3050,RM401P3050,398.0,0.0,0.0,0.0,3,399.5,422.5,10,413.0,397.5,398.5,397.5,19.0,7562.0,28
2023-05-10 21:28:12,RM401P3050,RM401P3050,398.0,0.0,0.0,0.0,1,400.5,422.5,10,413.0,397.5,398.5,397.5,19.0,7562.0,28
2023-05-10 21:28:12,RM401P3050,RM401P3050,398.0,0.0,0.0,0.0,3,399.5,422.5,10,413.0,397.5,398.5,397.5,19.0,7562.0,28
2023-05-10 21:28:22,RM401P3050,RM401P3050,398.0,0.0,0.0,0.0,3,399.5,421.5,1,413.0,397.5,398.5,397.5,19.0,7562.0,28
2023-05-10 21:28:22,RM401P3050,RM401P3050,398.0,0.0,0.0,0.0,3,399.5,421.0,10,413.0,397.5,398.5,397.5,19.0,7562.0,28
2023-05-10 21:28:23,RM401P3050,RM401P3050,398.0,0.0,0.0,0.0,3,399.5,0.0,0,413.0,397.5,398.5,397.5,19.0,7562.0,28
2023-05-10 21:28:31,RM401P3050,RM401P3050,398.0,0.0,0.0,0.0,1,408.5,0.0,0,413.0,397.5,398.5,397.5,19.0,7562.0,28
2023-05-10 21:28:33,RM401P3050,RM401P3050,398.0,0.0,0.0,0.0,1,408.5,432.0,3,413.0,397.5,398.5,397.5,19.0,7562.0,28
2023-05-10 21:28:34,RM401P3050,RM401P3050,398.0,0.0,0.0,0.0,1,408.5,431.5,10,413.0,397.5,398.5,397.5,19.0,7562.0,28
2023-05-10 21:28:39,RM401P3050,RM401P3050,398.0,0.0,0.0,0.0,1,408.5,431.0,3,413.0,397.5,398.5,397.5,19.0,7562.0,28
2023-05-10 21:28:40,RM401P3050,RM401P3050,398.0,0.0,0.0,0.0,1,408.5,413.0,3,413.0,397.5,398.5,397.5,19.0,7562.0,28
2023-05-10 21:28:41,RM401P3050,RM401P3050,398.0,0.0,0.0,0.0,4,408.5,413.0,6,413.0,397.5,398.5,397.5,19.0,7562.0,28
2023-05-10 21:28:43,RM401P3050,RM401P3050,398.0,0.0,0.0,0.0,7,408.5,413.0,9,413.0,397.5,398.5,397.5,19.0,7562.0,28
2023-05-10 21:28:44,RM401P3050,RM401P3050,398.0,0.0,0.0,0.0,6,408.5,413.0,9,413.0,397.5,398.5,397.5,19.0,7562.0,28
2023-05-10 21:28:44,RM401P3050,RM401P3050,408.0,9.0,3680.0,0.0,3,408.0,408.5,3,413.0,397.5,408.5,397.5,28.0,11242.0,28
2023-05-10 21:28:48,RM401P3050,RM401P3050,408.0,0.0,0.0,0.0,3,408.0,410.5,3,413.0,397.5,408.5,397.5,28.0,11242.0,28
2023-05-10 21:28:50,RM401P3050,RM401P3050,408.0,3.0,1220.0,0.0,3,406.0,410.5,3,413.0,397.5,408.5,397.5,31.0,12462.0,28
2023-05-10 21:28:57,RM401P3050,RM401P3050,408.0,0.0,0.0,0.0,3,399.5,0.0,0,413.0,397.5,408.5,397.5,31.0,12462.0,28
2023-05-10 21:29:45,RM401P3050,RM401P3050,408.0,0.0,0.0,0.0,3,399.5,413.0,3,413.0,397.5,408.5,397.5,31.0,12462.0,28
2023-05-10 21:29:45,RM401P3050,RM401P3050,408.0,0.0,0.0,0.0,1,407.5,413.0,3,413.0,397.5,408.5,397.5,31.0,12462.0,28
2023-05-10 21:29:52,RM401P3050,RM401P3050,408.0,0.0,0.0,0.0,1,407.5,413.0,6,413.0,397.5,408.5,397.5,31.0,12462.0,28
2023-05-10 21:29:53,RM401P3050,RM401P3050,408.0,0.0,0.0,0.0,1,407.5,412.5,3,413.0,397.5,408.5,397.5,31.0,12462.0,28
2023-05-10 21:29:54,RM401P3050,RM401P3050,408.0,0.0,0.0,0.0,4,407.5,412.5,6,413.0,397.5,408.5,397.5,31.0,12462.0,28
2023-05-10 21:29:56,RM401P3050,RM401P3050,408.0,0.0,0.0,0.0,7,407.5,412.5,9,413.0,397.5,408.5,397.5,31.0,12462.0,28
2023-05-10 21:30:04,RM401P3050,RM401P3050,408.0,0.0,0.0,0.0,7,407.5,412.5,6,413.0,397.5,408.5,397.5,31.0,12462.0,28
2023-05-10 21:30:05,RM401P3050,RM401P3050,407.5,7.0,2852.0,6.0,3,401.0,406.0,3,413.0,397.5,408.5,397.5,38.0,15314.0,34
2023-05-10 21:30:07,RM401P3050,RM401P3050,407.5,0.0,0.0,0.0,3,399.5,406.0,3,413.0,397.5,408.5,397.5,38.0,15314.0,34
2023-05-11 09:25:46,RM401P3050,RM401P3050,399.5,3.0,1209.0,0.0,10,205.0,406.0,3,413.0,397.5,408.5,397.5,41.0,16523.0,34
2023-05-11 09:25:48,RM401P3050,RM401P3050,399.5,0.0,0.0,0.0,1,205.5,406.0,3,413.0,397.5,408.5,397.5,41.0,16523.0,34
2023-05-11 09:25:49,RM401P3050,RM401P3050,399.5,0.0,0.0,0.0,10,206.0,406.0,3,413.0,397.5,408.5,397.5,41.0,16523.0,34
2023-05-11 09:25:50,RM401P3050,RM401P3050,399.5,0.0,0.0,0.0,1,206.5,406.0,3,413.0,397.5,408.5,397.5,41.0,16523.0,34
2023-05-11 09:25:50,RM401P3050,RM401P3050,399.5,0.0,0.0,0.0,10,207.0,406.0,3,413.0,397.5,408.5,397.5,41.0,16523.0,34
2023-05-11 09:25:51,RM401P3050,RM401P3050,399.5,0.0,0.0,0.0,1,207.5,406.0,3,413.0,397.5,408.5,397.5,41.0,16523.0,34
2023-05-11 09:25:51,RM401P3050,RM401P3050,399.5,0.0,0.0,0.0,10,208.0,406.0,3,413.0,397.5,408.5,397.5,41.0,16523.0,34
2023-05-11 09:25:52,RM401P3050,RM401P3050,399.5,0.0,0.0,0.0,1,208.5,406.0,3,413.0,397.5,408.5,397.5,41.0,16523.0,34
2023-05-11 09:25:52,RM401P3050,RM401P3050,399.5,0.0,0.0,0.0,10,209.0,406.0,3,413.0,397.5,408.5,397.5,41.0,16523.0,34
2023-05-11 09:25:53,RM401P3050,RM401P3050,399.5,0.0,0.0,0.0,1,209.5,406.0,3,413.0,397.5,408.5,397.5,41.0,16523.0,34
2023-05-11 09:25:53,RM401P3050,RM401P3050,399.5,0.0,0.0,0.0,10,210.0,406.0,3,413.0,397.5,408.5,397.5,41.0,16523.0,34
2023-05-11 09:25:54,RM401P3050,RM401P3050,399.5,0.0,0.0,0.0,1,210.5,406.0,3,413.0,397.5,408.5,397.5,41.0,16523.0,34
2023-05-11 09:25:54,RM401P3050,RM401P3050,399.5,0.0,0.0,0.0,10,211.0,406.0,3,413.0,397.5,408.5,397.5,41.0,16523.0,34
2023-05-11 09:25:55,RM401P3050,RM401P3050,399.5,0.0,0.0,0.0,1,211.5,406.0,3,413.0,397.5,408.5,397.5,41.0,16523.0,34
2023-05-11 09:25:55,RM401P3050,RM401P3050,399.5,0.0,0.0,0.0,10,212.0,406.0,3,413.0,397.5,408.5,397.5,41.0,16523.0,34
2023-05-11 09:25:56,RM401P3050,RM401P3050,399.5,0.0,0.0,0.0,1,212.5,406.0,3,413.0,397.5,408.5,397.5,41.0,16523.0,34
2023-05-11 09:25:56,RM401P3050,RM401P3050,399.5,0.0,0.0,0.0,10,213.0,406.0,3,413.0,397.5,408.5,397.5,41.0,16523.0,34
2023-05-11 09:25:57,RM401P3050,RM401P3050,399.5,0.0,0.0,0.0,1,213.5,406.0,3,413.0,397.5,408.5,397.5,41.0,16523.0,34
2023-05-11 09:25:57,RM401P3050,RM401P3050,399.5,0.0,0.0,0.0,10,214.0,406.0,3,413.0,397.5,408.5,397.5,41.0,16523.0,34
2023-05-11 09:25:58,RM401P3050,RM401P3050,399.5,0.0,0.0,0.0,1,214.5,406.0,3,413.0,397.5,408.5,397.5,41.0,16523.0,34
2023-05-11 09:25:58,RM401P3050,RM401P3050,399.5,0.0,0.0,0.0,10,215.0,406.0,3,413.0,397.5,408.5,397.5,41.0,16523.0,34
2023-05-11 09:34:03,RM401P3050,RM401P3050,399.5,0.0,0.0,0.0,3,377.0,406.0,6,413.0,397.5,408.5,397.5,41.0,16523.0,34
2023-05-11 09:34:04,RM401P3050,RM401P3050,399.5,0.0,0.0,0.0,3,384.5,406.0,6,413.0,397.5,408.5,397.5,41.0,16523.0,34
2023-05-11 09:34:06,RM401P3050,RM401P3050,399.5,0.0,0.0,0.0,3,384.5,406.0,9,413.0,397.5,408.5,397.5,41.0,16523.0,34
2023-05-11 09:34:07,RM401P3050,RM401P3050,399.5,0.0,0.0,0.0,6,384.5,406.0,12,413.0,397.5,408.5,397.5,41.0,16523.0,34
2023-05-11 09:34:10,RM401P3050,RM401P3050,384.5,6.0,2300.5,3.0,3,384.5,385.0,3,413.0,397.5,408.5,384.5,47.0,18823.5,37
2023-05-11 09:34:10,RM401P3050,RM401P3050,385.0,3.0,1151.5,-3.0,3,384.5,387.0,3,413.0,397.5,408.5,384.5,50.0,19975.0,34
2023-05-11 09:34:11,RM401P3050,RM401P3050,387.0,3.0,1172.0,3.0,3,387.0,396.0,3,413.0,397.5,408.5,384.5,53.0,21147.0,37
2023-05-11 09:34:11,RM401P3050,RM401P3050,387.0,0.0,0.0,0.0,3,387.0,387.5,3,413.0,397.5,408.5,384.5,53.0,21147.0,37
2023-05-11 09:34:13,RM401P3050,RM401P3050,387.0,0.0,0.0,0.0,6,387.0,387.5,6,413.0,397.5,408.5,384.5,53.0,21147.0,37
2023-05-11 09:34:24,RM401P3050,RM401P3050,387.0,0.0,0.0,0.0,6,387.0,387.5,3,413.0,397.5,408.5,384.5,53.0,21147.0,37
2023-05-11 09:34:25,RM401P3050,RM401P3050,387.0,0.0,0.0,0.0,3,387.0,388.0,3,413.0,397.5,408.5,384.5,53.0,21147.0,37
2023-05-11 09:34:26,RM401P3050,RM401P3050,387.0,0.0,0.0,0.0,3,387.0,0.0,0,413.0,397.5,408.5,384.5,53.0,21147.0,37
2023-05-11 09:37:20,RM401P3050,RM401P3050,387.0,0.0,0.0,0.0,3,387.0,414.0,3,413.0,397.5,408.5,384.5,53.0,21147.0,37
2023-05-11 09:37:20,RM401P3050,RM401P3050,387.0,0.0,0.0,0.0,3,387.0,413.5,10,413.0,397.5,408.5,384.5,53.0,21147.0,37
2023-05-11 09:37:22,RM401P3050,RM401P3050,387.0,0.0,0.0,0.0,6,387.0,413.5,13,413.0,397.5,408.5,384.5,53.0,21147.0,37
2023-05-11 09:37:22,RM401P3050,RM401P3050,387.0,0.0,0.0,0.0,9,387.0,413.5,16,413.0,397.5,408.5,384.5,53.0,21147.0,37
2023-05-11 09:37:26,RM401P3050,RM401P3050,387.0,0.0,0.0,0.0,12,387.0,413.5,19,413.0,397.5,408.5,384.5,53.0,21147.0,37
2023-05-11 09:37:27,RM401P3050,RM401P3050,387.0,0.0,0.0,0.0,12,387.0,402.0,3,413.0,397.5,408.5,384.5,53.0,21147.0,37
2023-05-11 09:37:27,RM401P3050,RM401P3050,387.0,0.0,0.0,0.0,12,387.0,402.0,6,413.0,397.5,408.5,384.5,53.0,21147.0,37
2023-05-11 09:37:27,RM401P3050,RM401P3050,387.0,0.0,0.0,0.0,15,387.0,402.0,9,413.0,397.5,408.5,384.5,53.0,21147.0,37
2023-05-11 09:37:29,RM401P3050,RM401P3050,387.0,0.0,0.0,0.0,18,387.0,402.0,12,413.0,397.5,408.5,384.5,53.0,21147.0,37
2023-05-11 09:37:33,RM401P3050,RM401P3050,387.0,0.0,0.0,0.0,15,387.0,402.0,12,413.0,397.5,408.5,384.5,53.0,21147.0,37
2023-05-11 09:37:37,RM401P3050,RM401P3050,387.0,0.0,0.0,0.0,12,387.0,402.0,12,413.0,397.5,408.5,384.5,53.0,21147.0,37
2023-05-11 09:37:38,RM401P3050,RM401P3050,387.0,0.0,0.0,0.0,12,387.0,402.0,9,413.0,397.5,408.5,384.5,53.0,21147.0,37
2023-05-11 09:37:39,RM401P3050,RM401P3050,387.0,0.0,0.0,0.0,9,387.0,402.0,6,413.0,397.5,408.5,384.5,53.0,21147.0,37
2023-05-11 09:37:39,RM401P3050,RM401P3050,387.0,0.0,0.0,0.0,6,387.0,402.0,3,413.0,397.5,408.5,384.5,53.0,21147.0,37
2023-05-11 09:37:41,RM401P3050,RM401P3050,387.0,0.0,0.0,0.0,3,387.0,402.5,3,413.0,397.5,408.5,384.5,53.0,21147.0,37
2023-05-11 09:37:42,RM401P3050,RM401P3050,387.0,0.0,0.0,0.0,3,387.0,0.0,0,413.0,397.5,408.5,384.5,53.0,21147.0,37
2023-05-11 09:47:49,RM401P3050,RM401P3050,387.0,0.0,0.0,0.0,3,392.0,423.0,3,413.0,397.5,408.5,384.5,53.0,21147.0,37
2023-05-11 09:47:50,RM401P3050,RM401P3050,387.0,0.0,0.0,0.0,6,392.0,422.5,13,413.0,397.5,408.5,384.5,53.0,21147.0,37
2023-05-11 09:47:52,RM401P3050,RM401P3050,387.0,0.0,0.0,0.0,6,392.0,414.5,3,413.0,397.5,408.5,384.5,53.0,21147.0,37
2023-05-11 09:47:52,RM401P3050,RM401P3050,387.0,0.0,0.0,0.0,3,392.0,414.5,3,413.0,397.5,408.5,384.5,53.0,21147.0,37
2023-05-11 09:47:53,RM401P3050,RM401P3050,387.0,0.0,0.0,0.0,6,392.0,414.5,6,413.0,397.5,408.5,384.5,53.0,21147.0,37
2023-05-11 09:47:55,RM401P3050,RM401P3050,387.0,0.0,0.0,0.0,6,392.0,411.0,3,413.0,397.5,408.5,384.5,53.0,21147.0,37
2023-05-11 09:47:55,RM401P3050,RM401P3050,387.0,0.0,0.0,0.0,6,392.0,411.0,6,413.0,397.5,408.5,384.5,53.0,21147.0,37
2023-05-11 09:47:57,RM401P3050,RM401P3050,387.0,0.0,0.0,0.0,3,392.5,411.0,6,413.0,397.5,408.5,384.5,53.0,21147.0,37
2023-05-11 09:47:57,RM401P3050,RM401P3050,387.0,0.0,0.0,0.0,6,392.5,411.0,9,413.0,397.5,408.5,384.5,53.0,21147.0,37
2023-05-11 09:47:59,RM401P3050,RM401P3050,387.0,0.0,0.0,0.0,9,392.5,411.0,12,413.0,397.5,408.5,384.5,53.0,21147.0,37
2023-05-11 09:48:00,RM401P3050,RM401P3050,387.0,0.0,0.0,0.0,6,392.5,400.5,3,413.0,397.5,408.5,384.5,53.0,21147.0,37
2023-05-11 09:48:01,RM401P3050,RM401P3050,387.0,0.0,0.0,0.0,6,392.5,400.5,6,413.0,397.5,408.5,384.5,53.0,21147.0,37
2023-05-11 09:48:01,RM401P3050,RM401P3050,387.0,0.0,0.0,0.0,9,392.5,400.5,9,413.0,397.5,408.5,384.5,53.0,21147.0,37
2023-05-11 09:48:03,RM401P3050,RM401P3050,387.0,0.0,0.0,0.0,9,392.5,400.5,6,413.0,397.5,408.5,384.5,53.0,21147.0,37
2023-05-11 09:48:08,RM401P3050,RM401P3050,387.0,0.0,0.0,0.0,6,392.5,400.5,6,413.0,397.5,408.5,384.5,53.0,21147.0,37
2023-05-11 09:48:13,RM401P3050,RM401P3050,387.0,0.0,0.0,0.0,3,387.0,0.0,0,413.0,397.5,408.5,384.5,53.0,21147.0,37
2023-05-11 09:50:22,RM401P3050,RM401P3050,387.0,0.0,0.0,0.0,6,400.0,431.5,10,413.0,397.5,408.5,384.5,53.0,21147.0,37
2023-05-11 09:50:22,RM401P3050,RM401P3050,387.0,0.0,0.0,0.0,9,400.0,431.5,16,413.0,397.5,408.5,384.5,53.0,21147.0,37
2023-05-11 09:50:23,RM401P3050,RM401P3050,387.0,0.0,0.0,0.0,12,400.0,431.5,19,413.0,397.5,408.5,384.5,53.0,21147.0,37
2023-05-11 09:50:24,RM401P3050,RM401P3050,387.0,0.0,0.0,0.0,9,400.0,416.0,3,413.0,397.5,408.5,384.5,53.0,21147.0,37
2023-05-11 09:50:25,RM401P3050,RM401P3050,387.0,0.0,0.0,0.0,9,400.0,416.0,6,413.0,397.5,408.5,384.5,53.0,21147.0,37
2023-05-11 09:50:27,RM401P3050,RM401P3050,387.0,0.0,0.0,0.0,6,400.0,405.0,3,413.0,397.5,408.5,384.5,53.0,21147.0,37
2023-05-11 09:50:27,RM401P3050,RM401P3050,387.0,0.0,0.0,0.0,9,400.0,405.0,6,413.0,397.5,408.5,384.5,53.0,21147.0,37
2023-05-11 09:50:29,RM401P3050,RM401P3050,387.0,0.0,0.0,0.0,12,400.0,405.0,9,413.0,397.5,408.5,384.5,53.0,21147.0,37
2023-05-11 09:50:31,RM401P3050,RM401P3050,387.0,0.0,0.0,0.0,12,400.0,405.0,6,413.0,397.5,408.5,384.5,53.0,21147.0,37
2023-05-11 09:50:31,RM401P3050,RM401P3050,387.0,0.0,0.0,0.0,15,400.0,405.0,9,413.0,397.5,408.5,384.5,53.0,21147.0,37
2023-05-11 09:50:34,RM401P3050,RM401P3050,400.0,9.0,3591.0,0.0,6,400.0,405.0,9,413.0,397.5,408.5,384.5,62.0,24738.0,37
2023-05-11 09:50:34,RM401P3050,RM401P3050,400.0,0.0,0.0,0.0,6,400.0,400.5,3,413.0,397.5,408.5,384.5,62.0,24738.0,37
2023-05-11 09:50:41,RM401P3050,RM401P3050,400.0,0.0,0.0,0.0,3,400.0,400.5,3,413.0,397.5,408.5,384.5,62.0,24738.0,37
2023-05-11 09:50:43,RM401P3050,RM401P3050,400.0,0.0,0.0,0.0,3,399.5,400.5,3,413.0,397.5,408.5,384.5,62.0,24738.0,37
2023-05-11 09:50:44,RM401P3050,RM401P3050,400.0,0.0,0.0,0.0,3,387.0,400.5,3,413.0,397.5,408.5,384.5,62.0,24738.0,37
2023-05-11 10:14:47,RM401P3050,RM401P3050,400.0,0.0,0.0,0.0,3,387.0,0.0,0,413.0,397.5,408.5,384.5,62.0,24738.0,37
2023-05-11 10:14:52,RM401P3050,RM401P3050,400.0,0.0,0.0,0.0,1,214.5,0.0,0,413.0,397.5,408.5,384.5,62.0,24738.0,37
2023-05-11 10:30:05,RM401P3050,RM401P3050,400.0,0.0,0.0,0.0,10,215.0,0.0,0,413.0,397.5,408.5,384.5,62.0,24738.0,37
2023-05-11 10:30:06,RM401P3050,RM401P3050,400.0,0.0,0.0,0.0,6,216.0,0.0,0,413.0,397.5,408.5,384.5,62.0,24738.0,37
2023-05-11 10:30:06,RM401P3050,RM401P3050,400.0,0.0,0.0,0.0,10,216.5,0.0,0,413.0,397.5,408.5,384.5,62.0,24738.0,37
2023-05-11 10:30:08,RM401P3050,RM401P3050,400.0,0.0,0.0,0.0,6,217.5,0.0,0,413.0,397.5,408.5,384.5,62.0,24738.0,37
2023-05-11 10:30:08,RM401P3050,RM401P3050,400.0,0.0,0.0,0.0,10,218.0,0.0,0,413.0,397.5,408.5,384.5,62.0,24738.0,37
2023-05-11 10:30:08,RM401P3050,RM401P3050,400.0,0.0,0.0,0.0,6,217.5,0.0,0,413.0,397.5,408.5,384.5,62.0,24738.0,37
2023-05-11 10:30:08,RM401P3050,RM401P3050,400.0,0.0,0.0,0.0,10,218.0,0.0,0,413.0,397.5,408.5,384.5,62.0,24738.0,37
2023-05-11 10:30:11,RM401P3050,RM401P3050,400.0,0.0,0.0,0.0,6,219.0,0.0,0,413.0,397.5,408.5,384.5,62.0,24738.0,37
2023-05-11 10:30:11,RM401P3050,RM401P3050,400.0,0.0,0.0,0.0,10,219.5,0.0,0,413.0,397.5,408.5,384.5,62.0,24738.0,37
2023-05-11 10:30:12,RM401P3050,RM401P3050,400.0,0.0,0.0,0.0,6,220.5,0.0,0,413.0,397.5,408.5,384.5,62.0,24738.0,37
2023-05-11 10:30:12,RM401P3050,RM401P3050,400.0,0.0,0.0,0.0,10,221.0,0.0,0,413.0,397.5,408.5,384.5,62.0,24738.0,37
2023-05-11 10:32:03,RM401P3050,RM401P3050,400.0,0.0,0.0,0.0,3,400.0,432.0,3,413.0,397.5,408.5,384.5,62.0,24738.0,37
2023-05-11 10:32:03,RM401P3050,RM401P3050,400.0,0.0,0.0,0.0,9,400.0,431.5,13,413.0,397.5,408.5,384.5,62.0,24738.0,37
2023-05-11 10:32:05,RM401P3050,RM401P3050,400.0,0.0,0.0,0.0,6,400.0,414.0,3,413.0,397.5,408.5,384.5,62.0,24738.0,37
2023-05-11 10:32:05,RM401P3050,RM401P3050,400.0,0.0,0.0,0.0,3,400.0,414.0,3,413.0,397.5,408.5,384.5,62.0,24738.0,37
2023-05-11 10:32:10,RM401P3050,RM401P3050,400.0,0.0,0.0,0.0,6,400.0,414.0,6,413.0,397.5,408.5,384.5,62.0,24738.0,37
2023-05-11 10:32:12,RM401P3050,RM401P3050,400.0,0.0,0.0,0.0,9,400.0,414.0,9,413.0,397.5,408.5,384.5,62.0,24738.0,37
2023-05-11 10:32:15,RM401P3050,RM401P3050,400.0,0.0,0.0,0.0,6,400.0,414.0,9,413.0,397.5,408.5,384.5,62.0,24738.0,37
2023-05-11 10:32:16,RM401P3050,RM401P3050,400.0,0.0,0.0,0.0,6,400.0,414.0,6,413.0,397.5,408.5,384.5,62.0,24738.0,37
2023-05-11 10:32:17,RM401P3050,RM401P3050,400.0,0.0,0.0,0.0,6,400.0,406.5,1,413.0,397.5,408.5,384.5,62.0,24738.0,37
2023-05-11 10:32:18,RM401P3050,RM401P3050,400.0,0.0,0.0,0.0,3,400.0,406.5,1,413.0,397.5,408.5,384.5,62.0,24738.0,37
2023-05-11 10:32:19,RM401P3050,RM401P3050,400.0,0.0,0.0,0.0,3,400.0,414.0,3,413.0,397.5,408.5,384.5,62.0,24738.0,37
2023-05-11 10:32:19,RM401P3050,RM401P3050,400.0,0.0,0.0,0.0,3,400.0,405.0,1,413.0,397.5,408.5,384.5,62.0,24738.0,37
2023-05-11 10:32:21,RM401P3050,RM401P3050,400.0,0.0,0.0,0.0,3,400.0,414.0,3,413.0,397.5,408.5,384.5,62.0,24738.0,37
2023-05-11 10:32:22,RM401P3050,RM401P3050,400.0,0.0,0.0,0.0,3,400.0,406.5,1,413.0,397.5,408.5,384.5,62.0,24738.0,37
2023-05-11 10:32:22,RM401P3050,RM401P3050,400.0,0.0,0.0,0.0,6,399.5,406.5,1,413.0,397.5,408.5,384.5,62.0,24738.0,37
2023-05-11 10:32:23,RM401P3050,RM401P3050,400.0,0.0,0.0,0.0,3,399.5,406.5,1,413.0,397.5,408.5,384.5,62.0,24738.0,37
2023-05-11 10:32:23,RM401P3050,RM401P3050,400.0,0.0,0.0,0.0,3,399.5,414.5,3,413.0,397.5,408.5,384.5,62.0,24738.0,37
2023-05-11 10:32:25,RM401P3050,RM401P3050,400.0,0.0,0.0,0.0,3,394.0,420.5,3,413.0,397.5,408.5,384.5,62.0,24738.0,37
2023-05-11 10:32:26,RM401P3050,RM401P3050,400.0,0.0,0.0,0.0,1,214.5,0.0,0,413.0,397.5,408.5,384.5,62.0,24738.0,37
2023-05-11 10:32:26,RM401P3050,RM401P3050,400.0,0.0,0.0,0.0,6,215.5,0.0,0,413.0,397.5,408.5,384.5,62.0,24738.0,37
2023-05-11 10:32:26,RM401P3050,RM401P3050,400.0,0.0,0.0,0.0,10,216.0,0.0,0,413.0,397.5,408.5,384.5,62.0,24738.0,37
2023-05-11 10:32:27,RM401P3050,RM401P3050,400.0,0.0,0.0,0.0,6,217.0,0.0,0,413.0,397.5,408.5,384.5,62.0,24738.0,37
2023-05-11 10:32:27,RM401P3050,RM401P3050,400.0,0.0,0.0,0.0,10,217.5,0.0,0,413.0,397.5,408.5,384.5,62.0,24738.0,37
2023-05-11 10:32:28,RM401P3050,RM401P3050,400.0,0.0,0.0,0.0,6,218.5,0.0,0,413.0,397.5,408.5,384.5,62.0,24738.0,37
2023-05-11 10:32:28,RM401P3050,RM401P3050,400.0,0.0,0.0,0.0,10,219.0,0.0,0,413.0,397.5,408.5,384.5,62.0,24738.0,37
2023-05-11 10:32:29,RM401P3050,RM401P3050,400.0,0.0,0.0,0.0,6,220.0,0.0,0,413.0,397.5,408.5,384.5,62.0,24738.0,37
2023-05-11 10:32:29,RM401P3050,RM401P3050,400.0,0.0,0.0,0.0,10,220.5,0.0,0,413.0,397.5,408.5,384.5,62.0,24738.0,37
2023-05-11 10:32:30,RM401P3050,RM401P3050,400.0,0.0,0.0,0.0,6,221.5,0.0,0,413.0,397.5,408.5,384.5,62.0,24738.0,37
2023-05-11 10:32:30,RM401P3050,RM401P3050,400.0,0.0,0.0,0.0,10,222.0,0.0,0,413.0,397.5,408.5,384.5,62.0,24738.0,37
2023-05-11 10:32:31,RM401P3050,RM401P3050,400.0,0.0,0.0,0.0,6,223.0,0.0,0,413.0,397.5,408.5,384.5,62.0,24738.0,37
2023-05-11 10:32:31,RM401P3050,RM401P3050,400.0,0.0,0.0,0.0,10,223.5,0.0,0,413.0,397.5,408.5,384.5,62.0,24738.0,37
2023-05-11 10:32:32,RM401P3050,RM401P3050,400.0,0.0,0.0,0.0,6,224.5,0.0,0,413.0,397.5,408.5,384.5,62.0,24738.0,37
2023-05-11 10:32:32,RM401P3050,RM401P3050,400.0,0.0,0.0,0.0,10,225.0,0.0,0,413.0,397.5,408.5,384.5,62.0,24738.0,37
2023-05-11 10:32:33,RM401P3050,RM401P3050,400.0,0.0,0.0,0.0,6,226.0,0.0,0,413.0,397.5,408.5,384.5,62.0,24738.0,37
2023-05-11 10:32:33,RM401P3050,RM401P3050,400.0,0.0,0.0,0.0,10,226.5,0.0,0,413.0,397.5,408.5,384.5,62.0,24738.0,37
2023-05-11 10:32:34,RM401P3050,RM401P3050,400.0,0.0,0.0,0.0,6,227.5,0.0,0,413.0,397.5,408.5,384.5,62.0,24738.0,37
2023-05-11 10:32:34,RM401P3050,RM401P3050,400.0,0.0,0.0,0.0,10,228.0,0.0,0,413.0,397.5,408.5,384.5,62.0,24738.0,37
2023-05-11 10:32:35,RM401P3050,RM401P3050,400.0,0.0,0.0,0.0,6,229.0,0.0,0,413.0,397.5,408.5,384.5,62.0,24738.0,37
2023-05-11 10:32:36,RM401P3050,RM401P3050,400.0,0.0,0.0,0.0,10,229.5,0.0,0,413.0,397.5,408.5,384.5,62.0,24738.0,37
2023-05-11 10:32:36,RM401P3050,RM401P3050,400.0,0.0,0.0,0.0,6,230.5,0.0,0,413.0,397.5,408.5,384.5,62.0,24738.0,37
2023-05-11 10:32:36,RM401P3050,RM401P3050,400.0,0.0,0.0,0.0,10,231.0,0.0,0,413.0,397.5,408.5,384.5,62.0,24738.0,37
2023-05-11 10:32:37,RM401P3050,RM401P3050,400.0,0.0,0.0,0.0,6,232.0,0.0,0,413.0,397.5,408.5,384.5,62.0,24738.0,37
2023-05-11 10:32:37,RM401P3050,RM401P3050,400.0,0.0,0.0,0.0,10,232.5,0.0,0,413.0,397.5,408.5,384.5,62.0,24738.0,37
2023-05-11 10:32:38,RM401P3050,RM401P3050,400.0,0.0,0.0,0.0,6,233.5,0.0,0,413.0,397.5,408.5,384.5,62.0,24738.0,37
2023-05-11 10:32:38,RM401P3050,RM401P3050,400.0,0.0,0.0,0.0,10,234.0,0.0,0,413.0,397.5,408.5,384.5,62.0,24738.0,37
2023-05-11 10:32:39,RM401P3050,RM401P3050,400.0,0.0,0.0,0.0,6,235.0,0.0,0,413.0,397.5,408.5,384.5,62.0,24738.0,37
2023-05-11 10:32:39,RM401P3050,RM401P3050,400.0,0.0,0.0,0.0,10,235.5,0.0,0,413.0,397.5,408.5,384.5,62.0,24738.0,37
2023-05-11 10:32:40,RM401P3050,RM401P3050,400.0,0.0,0.0,0.0,6,236.5,0.0,0,413.0,397.5,408.5,384.5,62.0,24738.0,37
2023-05-11 10:32:40,RM401P3050,RM401P3050,400.0,0.0,0.0,0.0,10,237.0,0.0,0,413.0,397.5,408.5,384.5,62.0,24738.0,37
2023-05-11 10:32:41,RM401P3050,RM401P3050,400.0,0.0,0.0,0.0,6,238.0,0.0,0,413.0,397.5,408.5,384.5,62.0,24738.0,37
2023-05-11 10:32:41,RM401P3050,RM401P3050,400.0,0.0,0.0,0.0,10,238.5,0.0,0,413.0,397.5,408.5,384.5,62.0,24738.0,37
2023-05-11 10:32:42,RM401P3050,RM401P3050,400.0,0.0,0.0,0.0,6,239.5,0.0,0,413.0,397.5,408.5,384.5,62.0,24738.0,37
2023-05-11 10:32:42,RM401P3050,RM401P3050,400.0,0.0,0.0,0.0,10,240.0,0.0,0,413.0,397.5,408.5,384.5,62.0,24738.0,37
2023-05-11 10:32:43,RM401P3050,RM401P3050,400.0,0.0,0.0,0.0,6,241.0,0.0,0,413.0,397.5,408.5,384.5,62.0,24738.0,37
2023-05-11 10:32:43,RM401P3050,RM401P3050,400.0,0.0,0.0,0.0,10,241.5,0.0,0,413.0,397.5,408.5,384.5,62.0,24738.0,37
2023-05-11 10:32:44,RM401P3050,RM401P3050,400.0,0.0,0.0,0.0,6,242.5,0.0,0,413.0,397.5,408.5,384.5,62.0,24738.0,37
2023-05-11 10:32:44,RM401P3050,RM401P3050,400.0,0.0,0.0,0.0,10,243.0,0.0,0,413.0,397.5,408.5,384.5,62.0,24738.0,37
2023-05-11 10:32:45,RM401P3050,RM401P3050,400.0,0.0,0.0,0.0,6,244.0,0.0,0,413.0,397.5,408.5,384.5,62.0,24738.0,37
2023-05-11 10:32:45,RM401P3050,RM401P3050,400.0,0.0,0.0,0.0,10,244.5,0.0,0,413.0,397.5,408.5,384.5,62.0,24738.0,37
2023-05-11 10:32:46,RM401P3050,RM401P3050,400.0,0.0,0.0,0.0,6,245.5,0.0,0,413.0,397.5,408.5,384.5,62.0,24738.0,37
2023-05-11 10:32:46,RM401P3050,RM401P3050,400.0,0.0,0.0,0.0,10,246.0,0.0,0,413.0,397.5,408.5,384.5,62.0,24738.0,37
2023-05-11 10:32:47,RM401P3050,RM401P3050,400.0,0.0,0.0,0.0,6,247.0,0.0,0,413.0,397.5,408.5,384.5,62.0,24738.0,37
2023-05-11 10:32:47,RM401P3050,RM401P3050,400.0,0.0,0.0,0.0,10,247.5,0.0,0,413.0,397.5,408.5,384.5,62.0,24738.0,37
2023-05-11 10:32:48,RM401P3050,RM401P3050,400.0,0.0,0.0,0.0,6,248.5,0.0,0,413.0,397.5,408.5,384.5,62.0,24738.0,37
2023-05-11 10:32:48,RM401P3050,RM401P3050,400.0,0.0,0.0,0.0,10,249.0,0.0,0,413.0,397.5,408.5,384.5,62.0,24738.0,37
2023-05-11 10:32:49,RM401P3050,RM401P3050,400.0,0.0,0.0,0.0,6,250.0,0.0,0,413.0,397.5,408.5,384.5,62.0,24738.0,37
2023-05-11 10:32:49,RM401P3050,RM401P3050,400.0,0.0,0.0,0.0,10,250.5,0.0,0,413.0,397.5,408.5,384.5,62.0,24738.0,37
2023-05-11 10:32:50,RM401P3050,RM401P3050,400.0,0.0,0.0,0.0,6,251.5,0.0,0,413.0,397.5,408.5,384.5,62.0,24738.0,37
2023-05-11 10:32:50,RM401P3050,RM401P3050,400.0,0.0,0.0,0.0,10,252.0,0.0,0,413.0,397.5,408.5,384.5,62.0,24738.0,37
2023-05-11 10:32:51,RM401P3050,RM401P3050,400.0,0.0,0.0,0.0,6,253.0,0.0,0,413.0,397.5,408.5,384.5,62.0,24738.0,37
2023-05-11 10:32:51,RM401P3050,RM401P3050,400.0,0.0,0.0,0.0,10,253.5,0.0,0,413.0,397.5,408.5,384.5,62.0,24738.0,37
2023-05-11 10:32:52,RM401P3050,RM401P3050,400.0,0.0,0.0,0.0,6,254.5,0.0,0,413.0,397.5,408.5,384.5,62.0,24738.0,37
2023-05-11 10:32:52,RM401P3050,RM401P3050,400.0,0.0,0.0,0.0,10,255.0,0.0,0,413.0,397.5,408.5,384.5,62.0,24738.0,37
2023-05-11 10:32:53,RM401P3050,RM401P3050,400.0,0.0,0.0,0.0,6,256.0,0.0,0,413.0,397.5,408.5,384.5,62.0,24738.0,37
2023-05-11 10:32:53,RM401P3050,RM401P3050,400.0,0.0,0.0,0.0,10,256.5,0.0,0,413.0,397.5,408.5,384.5,62.0,24738.0,37
2023-05-11 10:32:54,RM401P3050,RM401P3050,400.0,0.0,0.0,0.0,6,257.5,0.0,0,413.0,397.5,408.5,384.5,62.0,24738.0,37
2023-05-11 10:32:55,RM401P3050,RM401P3050,400.0,0.0,0.0,0.0,10,258.0,0.0,0,413.0,397.5,408.5,384.5,62.0,24738.0,37
2023-05-11 10:32:55,RM401P3050,RM401P3050,400.0,0.0,0.0,0.0,6,259.0,0.0,0,413.0,397.5,408.5,384.5,62.0,24738.0,37
2023-05-11 10:32:56,RM401P3050,RM401P3050,400.0,0.0,0.0,0.0,10,259.5,0.0,0,413.0,397.5,408.5,384.5,62.0,24738.0,37
2023-05-11 10:32:56,RM401P3050,RM401P3050,400.0,0.0,0.0,0.0,6,260.5,0.0,0,413.0,397.5,408.5,384.5,62.0,24738.0,37
2023-05-11 10:32:56,RM401P3050,RM401P3050,400.0,0.0,0.0,0.0,10,261.0,0.0,0,413.0,397.5,408.5,384.5,62.0,24738.0,37
2023-05-11 10:32:57,RM401P3050,RM401P3050,400.0,0.0,0.0,0.0,6,262.0,0.0,0,413.0,397.5,408.5,384.5,62.0,24738.0,37
2023-05-11 10:32:57,RM401P3050,RM401P3050,400.0,0.0,0.0,0.0,10,262.5,0.0,0,413.0,397.5,408.5,384.5,62.0,24738.0,37
2023-05-11 10:32:58,RM401P3050,RM401P3050,400.0,0.0,0.0,0.0,6,263.5,0.0,0,413.0,397.5,408.5,384.5,62.0,24738.0,37
2023-05-11 10:32:58,RM401P3050,RM401P3050,400.0,0.0,0.0,0.0,10,264.0,0.0,0,413.0,397.5,408.5,384.5,62.0,24738.0,37
2023-05-11 10:32:59,RM401P3050,RM401P3050,400.0,0.0,0.0,0.0,6,265.0,0.0,0,413.0,397.5,408.5,384.5,62.0,24738.0,37
2023-05-11 10:32:59,RM401P3050,RM401P3050,400.0,0.0,0.0,0.0,10,265.5,0.0,0,413.0,397.5,408.5,384.5,62.0,24738.0,37
2023-05-11 10:33:00,RM401P3050,RM401P3050,400.0,0.0,0.0,0.0,6,266.5,0.0,0,413.0,397.5,408.5,384.5,62.0,24738.0,37
2023-05-11 10:33:00,RM401P3050,RM401P3050,400.0,0.0,0.0,0.0,10,267.0,0.0,0,413.0,397.5,408.5,384.5,62.0,24738.0,37
2023-05-11 10:33:01,RM401P3050,RM401P3050,400.0,0.0,0.0,0.0,6,268.0,0.0,0,413.0,397.5,408.5,384.5,62.0,24738.0,37
2023-05-11 10:33:01,RM401P3050,RM401P3050,400.0,0.0,0.0,0.0,10,268.5,0.0,0,413.0,397.5,408.5,384.5,62.0,24738.0,37
2023-05-11 10:33:02,RM401P3050,RM401P3050,400.0,0.0,0.0,0.0,6,269.5,0.0,0,413.0,397.5,408.5,384.5,62.0,24738.0,37
2023-05-11 10:33:03,RM401P3050,RM401P3050,400.0,0.0,0.0,0.0,10,270.0,0.0,0,413.0,397.5,408.5,384.5,62.0,24738.0,37
2023-05-11 10:33:03,RM401P3050,RM401P3050,400.0,0.0,0.0,0.0,6,271.0,0.0,0,413.0,397.5,408.5,384.5,62.0,24738.0,37
2023-05-11 10:33:04,RM401P3050,RM401P3050,400.0,0.0,0.0,0.0,10,271.5,0.0,0,413.0,397.5,408.5,384.5,62.0,24738.0,37
2023-05-11 10:33:04,RM401P3050,RM401P3050,400.0,0.0,0.0,0.0,1,406.0,0.0,0,413.0,397.5,408.5,384.5,62.0,24738.0,37
2023-05-11 10:33:07,RM401P3050,RM401P3050,400.0,0.0,0.0,0.0,1,406.0,431.5,10,413.0,397.5,408.5,384.5,62.0,24738.0,37
2023-05-11 10:33:13,RM401P3050,RM401P3050,400.0,0.0,0.0,0.0,4,406.0,416.5,3,413.0,397.5,408.5,384.5,62.0,24738.0,37
2023-05-11 10:33:13,RM401P3050,RM401P3050,406.0,3.0,1229.5,0.0,3,402.5,416.5,6,413.0,397.5,408.5,384.5,65.0,25967.5,37
2023-05-11 10:33:14,RM401P3050,RM401P3050,406.0,0.0,0.0,0.0,3,402.5,416.5,9,413.0,397.5,408.5,384.5,65.0,25967.5,37
2023-05-11 10:33:16,RM401P3050,RM401P3050,406.0,0.0,0.0,0.0,6,402.5,416.5,12,413.0,397.5,408.5,384.5,65.0,25967.5,37
2023-05-11 10:33:18,RM401P3050,RM401P3050,406.0,0.0,0.0,0.0,6,402.5,413.5,3,413.0,397.5,408.5,384.5,65.0,25967.5,37
2023-05-11 10:33:26,RM401P3050,RM401P3050,406.0,0.0,0.0,0.0,3,402.5,413.5,3,413.0,397.5,408.5,384.5,65.0,25967.5,37
2023-05-11 10:33:28,RM401P3050,RM401P3050,406.0,0.0,0.0,0.0,3,402.0,413.5,3,413.0,397.5,408.5,384.5,65.0,25967.5,37
2023-05-11 10:33:29,RM401P3050,RM401P3050,406.0,0.0,0.0,0.0,3,392.5,413.5,3,413.0,397.5,408.5,384.5,65.0,25967.5,37
2023-05-11 10:33:29,RM401P3050,RM401P3050,406.0,0.0,0.0,0.0,1,228.0,0.0,0,413.0,397.5,408.5,384.5,65.0,25967.5,37
2023-05-11 10:33:30,RM401P3050,RM401P3050,406.0,0.0,0.0,0.0,6,229.0,0.0,0,413.0,397.5,408.5,384.5,65.0,25967.5,37
2023-05-11 10:33:30,RM401P3050,RM401P3050,406.0,0.0,0.0,0.0,10,229.5,0.0,0,413.0,397.5,408.5,384.5,65.0,25967.5,37
2023-05-11 10:33:31,RM401P3050,RM401P3050,406.0,0.0,0.0,0.0,6,230.5,0.0,0,413.0,397.5,408.5,384.5,65.0,25967.5,37
2023-05-11 10:33:31,RM401P3050,RM401P3050,406.0,0.0,0.0,0.0,10,231.0,0.0,0,413.0,397.5,408.5,384.5,65.0,25967.5,37
2023-05-11 10:33:32,RM401P3050,RM401P3050,406.0,0.0,0.0,0.0,6,232.0,0.0,0,413.0,397.5,408.5,384.5,65.0,25967.5,37
2023-05-11 10:33:32,RM401P3050,RM401P3050,406.0,0.0,0.0,0.0,10,232.5,0.0,0,413.0,397.5,408.5,384.5,65.0,25967.5,37
2023-05-11 10:33:33,RM401P3050,RM401P3050,406.0,0.0,0.0,0.0,6,233.5,0.0,0,413.0,397.5,408.5,384.5,65.0,25967.5,37
2023-05-11 10:33:33,RM401P3050,RM401P3050,406.0,0.0,0.0,0.0,10,234.0,0.0,0,413.0,397.5,408.5,384.5,65.0,25967.5,37
2023-05-11 10:33:34,RM401P3050,RM401P3050,406.0,0.0,0.0,0.0,6,235.0,0.0,0,413.0,397.5,408.5,384.5,65.0,25967.5,37
2023-05-11 10:33:34,RM401P3050,RM401P3050,406.0,0.0,0.0,0.0,10,235.5,0.0,0,413.0,397.5,408.5,384.5,65.0,25967.5,37
2023-05-11 10:33:35,RM401P3050,RM401P3050,406.0,0.0,0.0,0.0,6,236.5,0.0,0,413.0,397.5,408.5,384.5,65.0,25967.5,37
2023-05-11 10:33:35,RM401P3050,RM401P3050,406.0,0.0,0.0,0.0,10,237.0,0.0,0,413.0,397.5,408.5,384.5,65.0,25967.5,37
2023-05-11 10:33:36,RM401P3050,RM401P3050,406.0,0.0,0.0,0.0,6,238.0,0.0,0,413.0,397.5,408.5,384.5,65.0,25967.5,37
2023-05-11 10:33:36,RM401P3050,RM401P3050,406.0,0.0,0.0,0.0,10,238.5,0.0,0,413.0,397.5,408.5,384.5,65.0,25967.5,37
2023-05-11 10:33:37,RM401P3050,RM401P3050,406.0,0.0,0.0,0.0,6,239.5,0.0,0,413.0,397.5,408.5,384.5,65.0,25967.5,37
2023-05-11 10:33:37,RM401P3050,RM401P3050,406.0,0.0,0.0,0.0,10,240.0,0.0,0,413.0,397.5,408.5,384.5,65.0,25967.5,37
2023-05-11 10:33:38,RM401P3050,RM401P3050,406.0,0.0,0.0,0.0,6,241.0,0.0,0,413.0,397.5,408.5,384.5,65.0,25967.5,37
2023-05-11 10:33:38,RM401P3050,RM401P3050,406.0,0.0,0.0,0.0,10,241.5,0.0,0,413.0,397.5,408.5,384.5,65.0,25967.5,37
2023-05-11 10:33:39,RM401P3050,RM401P3050,406.0,0.0,0.0,0.0,6,242.5,0.0,0,413.0,397.5,408.5,384.5,65.0,25967.5,37
2023-05-11 10:33:39,RM401P3050,RM401P3050,406.0,0.0,0.0,0.0,10,243.0,0.0,0,413.0,397.5,408.5,384.5,65.0,25967.5,37
2023-05-11 10:33:40,RM401P3050,RM401P3050,406.0,0.0,0.0,0.0,6,244.0,0.0,0,413.0,397.5,408.5,384.5,65.0,25967.5,37
2023-05-11 10:33:40,RM401P3050,RM401P3050,406.0,0.0,0.0,0.0,10,244.5,0.0,0,413.0,397.5,408.5,384.5,65.0,25967.5,37
2023-05-11 10:33:41,RM401P3050,RM401P3050,406.0,0.0,0.0,0.0,6,245.5,0.0,0,413.0,397.5,408.5,384.5,65.0,25967.5,37
2023-05-11 10:33:41,RM401P3050,RM401P3050,406.0,0.0,0.0,0.0,10,246.0,0.0,0,413.0,397.5,408.5,384.5,65.0,25967.5,37
2023-05-11 10:33:42,RM401P3050,RM401P3050,406.0,0.0,0.0,0.0,6,247.0,0.0,0,413.0,397.5,408.5,384.5,65.0,25967.5,37
2023-05-11 10:33:42,RM401P3050,RM401P3050,406.0,0.0,0.0,0.0,10,247.5,0.0,0,413.0,397.5,408.5,384.5,65.0,25967.5,37
2023-05-11 10:33:43,RM401P3050,RM401P3050,406.0,0.0,0.0,0.0,6,248.5,0.0,0,413.0,397.5,408.5,384.5,65.0,25967.5,37
2023-05-11 10:33:43,RM401P3050,RM401P3050,406.0,0.0,0.0,0.0,10,249.0,0.0,0,413.0,397.5,408.5,384.5,65.0,25967.5,37
2023-05-11 10:33:44,RM401P3050,RM401P3050,406.0,0.0,0.0,0.0,6,250.0,0.0,0,413.0,397.5,408.5,384.5,65.0,25967.5,37
2023-05-11 10:33:44,RM401P3050,RM401P3050,406.0,0.0,0.0,0.0,10,250.5,0.0,0,413.0,397.5,408.5,384.5,65.0,25967.5,37
2023-05-11 10:33:45,RM401P3050,RM401P3050,406.0,0.0,0.0,0.0,6,251.5,0.0,0,413.0,397.5,408.5,384.5,65.0,25967.5,37
2023-05-11 10:33:45,RM401P3050,RM401P3050,406.0,0.0,0.0,0.0,10,252.0,0.0,0,413.0,397.5,408.5,384.5,65.0,25967.5,37
2023-05-11 10:33:46,RM401P3050,RM401P3050,406.0,0.0,0.0,0.0,6,253.0,0.0,0,413.0,397.5,408.5,384.5,65.0,25967.5,37
2023-05-11 10:33:46,RM401P3050,RM401P3050,406.0,0.0,0.0,0.0,10,253.5,0.0,0,413.0,397.5,408.5,384.5,65.0,25967.5,37
2023-05-11 10:33:47,RM401P3050,RM401P3050,406.0,0.0,0.0,0.0,6,254.5,0.0,0,413.0,397.5,408.5,384.5,65.0,25967.5,37
2023-05-11 10:33:47,RM401P3050,RM401P3050,406.0,0.0,0.0,0.0,10,255.0,0.0,0,413.0,397.5,408.5,384.5,65.0,25967.5,37
2023-05-11 10:33:48,RM401P3050,RM401P3050,406.0,0.0,0.0,0.0,6,256.0,0.0,0,413.0,397.5,408.5,384.5,65.0,25967.5,37
2023-05-11 10:33:48,RM401P3050,RM401P3050,406.0,0.0,0.0,0.0,10,256.5,0.0,0,413.0,397.5,408.5,384.5,65.0,25967.5,37
2023-05-11 10:33:49,RM401P3050,RM401P3050,406.0,0.0,0.0,0.0,6,257.5,0.0,0,413.0,397.5,408.5,384.5,65.0,25967.5,37
2023-05-11 10:33:49,RM401P3050,RM401P3050,406.0,0.0,0.0,0.0,10,258.0,0.0,0,413.0,397.5,408.5,384.5,65.0,25967.5,37
2023-05-11 10:33:50,RM401P3050,RM401P3050,406.0,0.0,0.0,0.0,6,259.0,0.0,0,413.0,397.5,408.5,384.5,65.0,25967.5,37
2023-05-11 10:33:50,RM401P3050,RM401P3050,406.0,0.0,0.0,0.0,10,259.5,0.0,0,413.0,397.5,408.5,384.5,65.0,25967.5,37
2023-05-11 10:33:51,RM401P3050,RM401P3050,406.0,0.0,0.0,0.0,6,260.5,0.0,0,413.0,397.5,408.5,384.5,65.0,25967.5,37
2023-05-11 10:33:51,RM401P3050,RM401P3050,406.0,0.0,0.0,0.0,10,261.0,0.0,0,413.0,397.5,408.5,384.5,65.0,25967.5,37
2023-05-11 10:33:52,RM401P3050,RM401P3050,406.0,0.0,0.0,0.0,6,262.0,0.0,0,413.0,397.5,408.5,384.5,65.0,25967.5,37
2023-05-11 10:33:52,RM401P3050,RM401P3050,406.0,0.0,0.0,0.0,10,262.5,0.0,0,413.0,397.5,408.5,384.5,65.0,25967.5,37
2023-05-11 10:33:53,RM401P3050,RM401P3050,406.0,0.0,0.0,0.0,6,263.5,0.0,0,413.0,397.5,408.5,384.5,65.0,25967.5,37
2023-05-11 10:33:53,RM401P3050,RM401P3050,406.0,0.0,0.0,0.0,10,264.0,0.0,0,413.0,397.5,408.5,384.5,65.0,25967.5,37
2023-05-11 10:33:54,RM401P3050,RM401P3050,406.0,0.0,0.0,0.0,6,265.0,0.0,0,413.0,397.5,408.5,384.5,65.0,25967.5,37
2023-05-11 10:33:54,RM401P3050,RM401P3050,406.0,0.0,0.0,0.0,10,265.5,0.0,0,413.0,397.5,408.5,384.5,65.0,25967.5,37
2023-05-11 10:33:55,RM401P3050,RM401P3050,406.0,0.0,0.0,0.0,6,266.5,0.0,0,413.0,397.5,408.5,384.5,65.0,25967.5,37
2023-05-11 10:33:55,RM401P3050,RM401P3050,406.0,0.0,0.0,0.0,10,267.0,0.0,0,413.0,397.5,408.5,384.5,65.0,25967.5,37
2023-05-11 10:33:56,RM401P3050,RM401P3050,406.0,0.0,0.0,0.0,6,268.0,0.0,0,413.0,397.5,408.5,384.5,65.0,25967.5,37
2023-05-11 10:33:56,RM401P3050,RM401P3050,406.0,0.0,0.0,0.0,10,268.5,0.0,0,413.0,397.5,408.5,384.5,65.0,25967.5,37
2023-05-11 10:33:57,RM401P3050,RM401P3050,406.0,0.0,0.0,0.0,6,269.5,0.0,0,413.0,397.5,408.5,384.5,65.0,25967.5,37
2023-05-11 10:33:57,RM401P3050,RM401P3050,406.0,0.0,0.0,0.0,10,270.0,0.0,0,413.0,397.5,408.5,384.5,65.0,25967.5,37
2023-05-11 10:33:58,RM401P3050,RM401P3050,406.0,0.0,0.0,0.0,6,271.0,0.0,0,413.0,397.5,408.5,384.5,65.0,25967.5,37
2023-05-11 10:33:58,RM401P3050,RM401P3050,406.0,0.0,0.0,0.0,10,271.5,0.0,0,413.0,397.5,408.5,384.5,65.0,25967.5,37
2023-05-11 10:33:59,RM401P3050,RM401P3050,406.0,0.0,0.0,0.0,6,272.5,0.0,0,413.0,397.5,408.5,384.5,65.0,25967.5,37
2023-05-11 10:33:59,RM401P3050,RM401P3050,406.0,0.0,0.0,0.0,10,273.0,0.0,0,413.0,397.5,408.5,384.5,65.0,25967.5,37
2023-05-11 10:34:00,RM401P3050,RM401P3050,406.0,0.0,0.0,0.0,6,274.0,0.0,0,413.0,397.5,408.5,384.5,65.0,25967.5,37
2023-05-11 10:34:00,RM401P3050,RM401P3050,406.0,0.0,0.0,0.0,10,274.5,0.0,0,413.0,397.5,408.5,384.5,65.0,25967.5,37
2023-05-11 10:34:01,RM401P3050,RM401P3050,406.0,0.0,0.0,0.0,6,275.5,0.0,0,413.0,397.5,408.5,384.5,65.0,25967.5,37
2023-05-11 10:34:01,RM401P3050,RM401P3050,406.0,0.0,0.0,0.0,10,276.0,0.0,0,413.0,397.5,408.5,384.5,65.0,25967.5,37
2023-05-11 10:34:02,RM401P3050,RM401P3050,406.0,0.0,0.0,0.0,6,277.0,0.0,0,413.0,397.5,408.5,384.5,65.0,25967.5,37
2023-05-11 10:34:02,RM401P3050,RM401P3050,406.0,0.0,0.0,0.0,10,277.5,0.0,0,413.0,397.5,408.5,384.5,65.0,25967.5,37
2023-05-11 10:34:03,RM401P3050,RM401P3050,406.0,0.0,0.0,0.0,6,278.5,0.0,0,413.0,397.5,408.5,384.5,65.0,25967.5,37
2023-05-11 10:34:03,RM401P3050,RM401P3050,406.0,0.0,0.0,0.0,10,279.0,0.0,0,413.0,397.5,408.5,384.5,65.0,25967.5,37
2023-05-11 10:34:04,RM401P3050,RM401P3050,406.0,0.0,0.0,0.0,6,280.0,0.0,0,413.0,397.5,408.5,384.5,65.0,25967.5,37
2023-05-11 10:34:04,RM401P3050,RM401P3050,406.0,0.0,0.0,0.0,10,280.5,0.0,0,413.0,397.5,408.5,384.5,65.0,25967.5,37
2023-05-11 10:34:05,RM401P3050,RM401P3050,406.0,0.0,0.0,0.0,6,281.5,0.0,0,413.0,397.5,408.5,384.5,65.0,25967.5,37
2023-05-11 10:34:05,RM401P3050,RM401P3050,406.0,0.0,0.0,0.0,10,282.0,0.0,0,413.0,397.5,408.5,384.5,65.0,25967.5,37
2023-05-11 10:34:06,RM401P3050,RM401P3050,406.0,0.0,0.0,0.0,6,283.0,0.0,0,413.0,397.5,408.5,384.5,65.0,25967.5,37
2023-05-11 10:34:06,RM401P3050,RM401P3050,406.0,0.0,0.0,0.0,10,283.5,0.0,0,413.0,397.5,408.5,384.5,65.0,25967.5,37
2023-05-11 10:34:07,RM401P3050,RM401P3050,406.0,0.0,0.0,0.0,6,284.5,0.0,0,413.0,397.5,408.5,384.5,65.0,25967.5,37
2023-05-11 10:34:07,RM401P3050,RM401P3050,406.0,0.0,0.0,0.0,10,285.0,0.0,0,413.0,397.5,408.5,384.5,65.0,25967.5,37
2023-05-11 10:34:08,RM401P3050,RM401P3050,406.0,0.0,0.0,0.0,6,286.0,0.0,0,413.0,397.5,408.5,384.5,65.0,25967.5,37
2023-05-11 10:34:08,RM401P3050,RM401P3050,406.0,0.0,0.0,0.0,10,286.5,0.0,0,413.0,397.5,408.5,384.5,65.0,25967.5,37
2023-05-11 10:34:09,RM401P3050,RM401P3050,406.0,0.0,0.0,0.0,6,287.5,0.0,0,413.0,397.5,408.5,384.5,65.0,25967.5,37
2023-05-11 10:34:09,RM401P3050,RM401P3050,406.0,0.0,0.0,0.0,10,288.0,0.0,0,413.0,397.5,408.5,384.5,65.0,25967.5,37
2023-05-11 10:34:10,RM401P3050,RM401P3050,406.0,0.0,0.0,0.0,6,289.0,0.0,0,413.0,397.5,408.5,384.5,65.0,25967.5,37
2023-05-11 10:34:10,RM401P3050,RM401P3050,406.0,0.0,0.0,0.0,10,289.5,0.0,0,413.0,397.5,408.5,384.5,65.0,25967.5,37
2023-05-11 10:34:11,RM401P3050,RM401P3050,406.0,0.0,0.0,0.0,6,290.5,0.0,0,413.0,397.5,408.5,384.5,65.0,25967.5,37
2023-05-11 10:34:11,RM401P3050,RM401P3050,406.0,0.0,0.0,0.0,10,291.0,0.0,0,413.0,397.5,408.5,384.5,65.0,25967.5,37
2023-05-11 10:34:33,RM401P3050,RM401P3050,406.0,0.0,0.0,0.0,3,400.0,432.0,3,413.0,397.5,408.5,384.5,65.0,25967.5,37
2023-05-11 10:34:33,RM401P3050,RM401P3050,406.0,0.0,0.0,0.0,9,400.0,431.5,13,413.0,397.5,408.5,384.5,65.0,25967.5,37
2023-05-11 10:34:35,RM401P3050,RM401P3050,406.0,0.0,0.0,0.0,9,400.0,417.0,3,413.0,397.5,408.5,384.5,65.0,25967.5,37
2023-05-11 10:34:36,RM401P3050,RM401P3050,406.0,0.0,0.0,0.0,6,400.0,417.0,6,413.0,397.5,408.5,384.5,65.0,25967.5,37
2023-05-11 10:34:39,RM401P3050,RM401P3050,406.0,0.0,0.0,0.0,6,400.0,417.0,9,413.0,397.5,408.5,384.5,65.0,25967.5,37
2023-05-11 10:34:40,RM401P3050,RM401P3050,406.0,0.0,0.0,0.0,6,400.0,417.0,12,413.0,397.5,408.5,384.5,65.0,25967.5,37
2023-05-11 10:34:40,RM401P3050,RM401P3050,406.0,0.0,0.0,0.0,9,400.0,417.0,15,413.0,397.5,408.5,384.5,65.0,25967.5,37
2023-05-11 10:34:41,RM401P3050,RM401P3050,406.0,0.0,0.0,0.0,6,400.0,413.5,3,413.0,397.5,408.5,384.5,65.0,25967.5,37
2023-05-11 10:34:41,RM401P3050,RM401P3050,406.0,0.0,0.0,0.0,12,400.0,413.5,9,413.0,397.5,408.5,384.5,65.0,25967.5,37
2023-05-11 10:34:43,RM401P3050,RM401P3050,406.0,0.0,0.0,0.0,9,400.0,406.0,3,413.0,397.5,408.5,384.5,65.0,25967.5,37
2023-05-11 10:34:44,RM401P3050,RM401P3050,406.0,0.0,0.0,0.0,9,400.0,406.0,6,413.0,397.5,408.5,384.5,65.0,25967.5,37
2023-05-11 10:34:44,RM401P3050,RM401P3050,406.0,0.0,0.0,0.0,12,400.0,406.0,9,413.0,397.5,408.5,384.5,65.0,25967.5,37
2023-05-11 10:34:45,RM401P3050,RM401P3050,406.0,0.0,0.0,0.0,9,400.0,406.0,9,413.0,397.5,408.5,384.5,65.0,25967.5,37
2023-05-11 10:34:52,RM401P3050,RM401P3050,406.0,0.0,0.0,0.0,6,400.0,406.0,9,413.0,397.5,408.5,384.5,65.0,25967.5,37
2023-05-11 10:34:56,RM401P3050,RM401P3050,406.0,0.0,0.0,0.0,3,400.0,406.0,6,413.0,397.5,408.5,384.5,65.0,25967.5,37
2023-05-11 10:34:56,RM401P3050,RM401P3050,406.0,0.0,0.0,0.0,10,228.5,406.0,3,413.0,397.5,408.5,384.5,65.0,25967.5,37
2023-05-11 10:34:56,RM401P3050,RM401P3050,406.0,0.0,0.0,0.0,6,229.5,406.0,3,413.0,397.5,408.5,384.5,65.0,25967.5,37
2023-05-11 10:34:57,RM401P3050,RM401P3050,406.0,0.0,0.0,0.0,10,230.0,406.0,3,413.0,397.5,408.5,384.5,65.0,25967.5,37
2023-05-11 10:34:57,RM401P3050,RM401P3050,406.0,0.0,0.0,0.0,6,231.0,406.0,3,413.0,397.5,408.5,384.5,65.0,25967.5,37
2023-05-11 10:34:58,RM401P3050,RM401P3050,406.0,0.0,0.0,0.0,10,231.5,0.0,0,413.0,397.5,408.5,384.5,65.0,25967.5,37
2023-05-11 10:34:58,RM401P3050,RM401P3050,406.0,0.0,0.0,0.0,6,232.5,0.0,0,413.0,397.5,408.5,384.5,65.0,25967.5,37
2023-05-11 10:34:59,RM401P3050,RM401P3050,406.0,0.0,0.0,0.0,10,233.0,0.0,0,413.0,397.5,408.5,384.5,65.0,25967.5,37
2023-05-11 10:34:59,RM401P3050,RM401P3050,406.0,0.0,0.0,0.0,6,234.0,0.0,0,413.0,397.5,408.5,384.5,65.0,25967.5,37
2023-05-11 10:35:00,RM401P3050,RM401P3050,406.0,0.0,0.0,0.0,10,234.5,0.0,0,413.0,397.5,408.5,384.5,65.0,25967.5,37
2023-05-11 10:35:00,RM401P3050,RM401P3050,406.0,0.0,0.0,0.0,6,235.5,0.0,0,413.0,397.5,408.5,384.5,65.0,25967.5,37
2023-05-11 10:35:01,RM401P3050,RM401P3050,406.0,0.0,0.0,0.0,10,236.0,0.0,0,413.0,397.5,408.5,384.5,65.0,25967.5,37
2023-05-11 10:35:01,RM401P3050,RM401P3050,406.0,0.0,0.0,0.0,6,237.0,0.0,0,413.0,397.5,408.5,384.5,65.0,25967.5,37
2023-05-11 10:35:02,RM401P3050,RM401P3050,406.0,0.0,0.0,0.0,10,237.5,0.0,0,413.0,397.5,408.5,384.5,65.0,25967.5,37
2023-05-11 10:35:02,RM401P3050,RM401P3050,406.0,0.0,0.0,0.0,6,238.5,0.0,0,413.0,397.5,408.5,384.5,65.0,25967.5,37
2023-05-11 10:35:03,RM401P3050,RM401P3050,406.0,0.0,0.0,0.0,10,239.0,0.0,0,413.0,397.5,408.5,384.5,65.0,25967.5,37
2023-05-11 10:35:03,RM401P3050,RM401P3050,406.0,0.0,0.0,0.0,6,240.0,0.0,0,413.0,397.5,408.5,384.5,65.0,25967.5,37
2023-05-11 10:35:04,RM401P3050,RM401P3050,406.0,0.0,0.0,0.0,10,240.5,0.0,0,413.0,397.5,408.5,384.5,65.0,25967.5,37
2023-05-11 10:35:04,RM401P3050,RM401P3050,406.0,0.0,0.0,0.0,6,241.5,0.0,0,413.0,397.5,408.5,384.5,65.0,25967.5,37
2023-05-11 10:35:05,RM401P3050,RM401P3050,406.0,0.0,0.0,0.0,10,242.0,0.0,0,413.0,397.5,408.5,384.5,65.0,25967.5,37
2023-05-11 10:35:05,RM401P3050,RM401P3050,406.0,0.0,0.0,0.0,6,243.0,0.0,0,413.0,397.5,408.5,384.5,65.0,25967.5,37
2023-05-11 10:35:06,RM401P3050,RM401P3050,406.0,0.0,0.0,0.0,10,243.5,0.0,0,413.0,397.5,408.5,384.5,65.0,25967.5,37
2023-05-11 10:35:06,RM401P3050,RM401P3050,406.0,0.0,0.0,0.0,6,244.5,0.0,0,413.0,397.5,408.5,384.5,65.0,25967.5,37
2023-05-11 10:35:07,RM401P3050,RM401P3050,406.0,0.0,0.0,0.0,10,245.0,0.0,0,413.0,397.5,408.5,384.5,65.0,25967.5,37
2023-05-11 10:35:07,RM401P3050,RM401P3050,406.0,0.0,0.0,0.0,6,246.0,0.0,0,413.0,397.5,408.5,384.5,65.0,25967.5,37
2023-05-11 10:35:08,RM401P3050,RM401P3050,406.0,0.0,0.0,0.0,10,246.5,0.0,0,413.0,397.5,408.5,384.5,65.0,25967.5,37
2023-05-11 10:35:08,RM401P3050,RM401P3050,406.0,0.0,0.0,0.0,6,247.5,0.0,0,413.0,397.5,408.5,384.5,65.0,25967.5,37
2023-05-11 10:35:09,RM401P3050,RM401P3050,406.0,0.0,0.0,0.0,10,248.0,0.0,0,413.0,397.5,408.5,384.5,65.0,25967.5,37
2023-05-11 10:35:09,RM401P3050,RM401P3050,406.0,0.0,0.0,0.0,6,249.0,0.0,0,413.0,397.5,408.5,384.5,65.0,25967.5,37
2023-05-11 10:35:10,RM401P3050,RM401P3050,406.0,0.0,0.0,0.0,10,249.5,0.0,0,413.0,397.5,408.5,384.5,65.0,25967.5,37
2023-05-11 10:35:10,RM401P3050,RM401P3050,406.0,0.0,0.0,0.0,6,250.5,0.0,0,413.0,397.5,408.5,384.5,65.0,25967.5,37
2023-05-11 10:35:11,RM401P3050,RM401P3050,406.0,0.0,0.0,0.0,10,251.0,0.0,0,413.0,397.5,408.5,384.5,65.0,25967.5,37
2023-05-11 10:35:11,RM401P3050,RM401P3050,406.0,0.0,0.0,0.0,6,252.0,0.0,0,413.0,397.5,408.5,384.5,65.0,25967.5,37
2023-05-11 10:35:12,RM401P3050,RM401P3050,406.0,0.0,0.0,0.0,10,252.5,0.0,0,413.0,397.5,408.5,384.5,65.0,25967.5,37
2023-05-11 10:35:12,RM401P3050,RM401P3050,406.0,0.0,0.0,0.0,6,253.5,0.0,0,413.0,397.5,408.5,384.5,65.0,25967.5,37
2023-05-11 10:35:13,RM401P3050,RM401P3050,406.0,0.0,0.0,0.0,10,254.0,0.0,0,413.0,397.5,408.5,384.5,65.0,25967.5,37
2023-05-11 10:35:13,RM401P3050,RM401P3050,406.0,0.0,0.0,0.0,6,255.0,0.0,0,413.0,397.5,408.5,384.5,65.0,25967.5,37
2023-05-11 10:35:14,RM401P3050,RM401P3050,406.0,0.0,0.0,0.0,10,255.5,0.0,0,413.0,397.5,408.5,384.5,65.0,25967.5,37
2023-05-11 10:35:14,RM401P3050,RM401P3050,406.0,0.0,0.0,0.0,6,256.5,0.0,0,413.0,397.5,408.5,384.5,65.0,25967.5,37
2023-05-11 10:35:15,RM401P3050,RM401P3050,406.0,0.0,0.0,0.0,10,257.0,0.0,0,413.0,397.5,408.5,384.5,65.0,25967.5,37
2023-05-11 10:35:15,RM401P3050,RM401P3050,406.0,0.0,0.0,0.0,6,258.0,0.0,0,413.0,397.5,408.5,384.5,65.0,25967.5,37
2023-05-11 10:35:16,RM401P3050,RM401P3050,406.0,0.0,0.0,0.0,10,258.5,0.0,0,413.0,397.5,408.5,384.5,65.0,25967.5,37
2023-05-11 10:35:16,RM401P3050,RM401P3050,406.0,0.0,0.0,0.0,6,259.5,0.0,0,413.0,397.5,408.5,384.5,65.0,25967.5,37
2023-05-11 10:35:17,RM401P3050,RM401P3050,406.0,0.0,0.0,0.0,10,260.0,0.0,0,413.0,397.5,408.5,384.5,65.0,25967.5,37
2023-05-11 10:35:17,RM401P3050,RM401P3050,406.0,0.0,0.0,0.0,6,261.0,0.0,0,413.0,397.5,408.5,384.5,65.0,25967.5,37
2023-05-11 10:35:18,RM401P3050,RM401P3050,406.0,0.0,0.0,0.0,10,261.5,0.0,0,413.0,397.5,408.5,384.5,65.0,25967.5,37
2023-05-11 10:35:18,RM401P3050,RM401P3050,406.0,0.0,0.0,0.0,6,262.5,0.0,0,413.0,397.5,408.5,384.5,65.0,25967.5,37
2023-05-11 10:35:19,RM401P3050,RM401P3050,406.0,0.0,0.0,0.0,10,263.0,0.0,0,413.0,397.5,408.5,384.5,65.0,25967.5,37
2023-05-11 10:35:19,RM401P3050,RM401P3050,406.0,0.0,0.0,0.0,6,264.0,0.0,0,413.0,397.5,408.5,384.5,65.0,25967.5,37
2023-05-11 10:35:20,RM401P3050,RM401P3050,406.0,0.0,0.0,0.0,10,264.5,0.0,0,413.0,397.5,408.5,384.5,65.0,25967.5,37
2023-05-11 10:35:20,RM401P3050,RM401P3050,406.0,0.0,0.0,0.0,6,265.5,0.0,0,413.0,397.5,408.5,384.5,65.0,25967.5,37
2023-05-11 10:35:21,RM401P3050,RM401P3050,406.0,0.0,0.0,0.0,10,266.0,0.0,0,413.0,397.5,408.5,384.5,65.0,25967.5,37
2023-05-11 10:35:21,RM401P3050,RM401P3050,406.0,0.0,0.0,0.0,6,267.0,0.0,0,413.0,397.5,408.5,384.5,65.0,25967.5,37
2023-05-11 10:35:22,RM401P3050,RM401P3050,406.0,0.0,0.0,0.0,10,267.5,0.0,0,413.0,397.5,408.5,384.5,65.0,25967.5,37
2023-05-11 10:35:22,RM401P3050,RM401P3050,406.0,0.0,0.0,0.0,6,268.5,0.0,0,413.0,397.5,408.5,384.5,65.0,25967.5,37
2023-05-11 10:35:23,RM401P3050,RM401P3050,406.0,0.0,0.0,0.0,10,269.0,0.0,0,413.0,397.5,408.5,384.5,65.0,25967.5,37
2023-05-11 10:35:23,RM401P3050,RM401P3050,406.0,0.0,0.0,0.0,6,270.0,0.0,0,413.0,397.5,408.5,384.5,65.0,25967.5,37
2023-05-11 10:35:24,RM401P3050,RM401P3050,406.0,0.0,0.0,0.0,10,270.5,0.0,0,413.0,397.5,408.5,384.5,65.0,25967.5,37
2023-05-11 10:35:24,RM401P3050,RM401P3050,406.0,0.0,0.0,0.0,6,271.5,0.0,0,413.0,397.5,408.5,384.5,65.0,25967.5,37
2023-05-11 10:35:25,RM401P3050,RM401P3050,406.0,0.0,0.0,0.0,10,272.0,0.0,0,413.0,397.5,408.5,384.5,65.0,25967.5,37
2023-05-11 10:35:25,RM401P3050,RM401P3050,406.0,0.0,0.0,0.0,6,273.0,0.0,0,413.0,397.5,408.5,384.5,65.0,25967.5,37
2023-05-11 10:35:26,RM401P3050,RM401P3050,406.0,0.0,0.0,0.0,10,273.5,0.0,0,413.0,397.5,408.5,384.5,65.0,25967.5,37
2023-05-11 10:35:26,RM401P3050,RM401P3050,406.0,0.0,0.0,0.0,6,274.5,0.0,0,413.0,397.5,408.5,384.5,65.0,25967.5,37
2023-05-11 10:35:27,RM401P3050,RM401P3050,406.0,0.0,0.0,0.0,10,275.0,0.0,0,413.0,397.5,408.5,384.5,65.0,25967.5,37
2023-05-11 10:35:27,RM401P3050,RM401P3050,406.0,0.0,0.0,0.0,6,276.0,0.0,0,413.0,397.5,408.5,384.5,65.0,25967.5,37
2023-05-11 10:35:28,RM401P3050,RM401P3050,406.0,0.0,0.0,0.0,10,276.5,0.0,0,413.0,397.5,408.5,384.5,65.0,25967.5,37
2023-05-11 10:35:28,RM401P3050,RM401P3050,406.0,0.0,0.0,0.0,6,277.5,0.0,0,413.0,397.5,408.5,384.5,65.0,25967.5,37
2023-05-11 10:35:29,RM401P3050,RM401P3050,406.0,0.0,0.0,0.0,10,278.0,0.0,0,413.0,397.5,408.5,384.5,65.0,25967.5,37
2023-05-11 10:35:29,RM401P3050,RM401P3050,406.0,0.0,0.0,0.0,6,279.0,0.0,0,413.0,397.5,408.5,384.5,65.0,25967.5,37
2023-05-11 10:35:30,RM401P3050,RM401P3050,406.0,0.0,0.0,0.0,10,279.5,0.0,0,413.0,397.5,408.5,384.5,65.0,25967.5,37
2023-05-11 10:35:30,RM401P3050,RM401P3050,406.0,0.0,0.0,0.0,6,280.5,0.0,0,413.0,397.5,408.5,384.5,65.0,25967.5,37
2023-05-11 10:35:31,RM401P3050,RM401P3050,406.0,0.0,0.0,0.0,10,281.0,0.0,0,413.0,397.5,408.5,384.5,65.0,25967.5,37
2023-05-11 10:35:31,RM401P3050,RM401P3050,406.0,0.0,0.0,0.0,6,282.0,0.0,0,413.0,397.5,408.5,384.5,65.0,25967.5,37
2023-05-11 10:35:32,RM401P3050,RM401P3050,406.0,0.0,0.0,0.0,10,282.5,0.0,0,413.0,397.5,408.5,384.5,65.0,25967.5,37
2023-05-11 10:35:32,RM401P3050,RM401P3050,406.0,0.0,0.0,0.0,6,283.5,0.0,0,413.0,397.5,408.5,384.5,65.0,25967.5,37
2023-05-11 10:35:33,RM401P3050,RM401P3050,406.0,0.0,0.0,0.0,10,284.0,0.0,0,413.0,397.5,408.5,384.5,65.0,25967.5,37
2023-05-11 10:35:33,RM401P3050,RM401P3050,406.0,0.0,0.0,0.0,6,285.0,0.0,0,413.0,397.5,408.5,384.5,65.0,25967.5,37
2023-05-11 10:35:34,RM401P3050,RM401P3050,406.0,0.0,0.0,0.0,10,285.5,0.0,0,413.0,397.5,408.5,384.5,65.0,25967.5,37
2023-05-11 10:35:34,RM401P3050,RM401P3050,406.0,0.0,0.0,0.0,6,286.5,0.0,0,413.0,397.5,408.5,384.5,65.0,25967.5,37
2023-05-11 10:35:35,RM401P3050,RM401P3050,406.0,0.0,0.0,0.0,10,287.0,0.0,0,413.0,397.5,408.5,384.5,65.0,25967.5,37
2023-05-11 10:35:35,RM401P3050,RM401P3050,406.0,0.0,0.0,0.0,6,288.0,0.0,0,413.0,397.5,408.5,384.5,65.0,25967.5,37
2023-05-11 10:35:36,RM401P3050,RM401P3050,406.0,0.0,0.0,0.0,10,288.5,0.0,0,413.0,397.5,408.5,384.5,65.0,25967.5,37
2023-05-11 10:36:36,RM401P3050,RM401P3050,406.0,0.0,0.0,0.0,3,392.0,423.0,3,413.0,397.5,408.5,384.5,65.0,25967.5,37
2023-05-11 10:36:37,RM401P3050,RM401P3050,406.0,0.0,0.0,0.0,6,392.0,422.5,13,413.0,397.5,408.5,384.5,65.0,25967.5,37
2023-05-11 10:36:38,RM401P3050,RM401P3050,406.0,0.0,0.0,0.0,9,392.0,422.5,16,413.0,397.5,408.5,384.5,65.0,25967.5,37
2023-05-11 10:36:39,RM401P3050,RM401P3050,406.0,0.0,0.0,0.0,12,392.0,415.5,3,413.0,397.5,408.5,384.5,65.0,25967.5,37
2023-05-11 10:36:39,RM401P3050,RM401P3050,406.0,0.0,0.0,0.0,9,392.0,415.5,6,413.0,397.5,408.5,384.5,65.0,25967.5,37
2023-05-11 10:36:41,RM401P3050,RM401P3050,406.0,0.0,0.0,0.0,9,392.0,406.0,3,413.0,397.5,408.5,384.5,65.0,25967.5,37
2023-05-11 10:36:41,RM401P3050,RM401P3050,406.0,0.0,0.0,0.0,9,392.0,406.0,6,413.0,397.5,408.5,384.5,65.0,25967.5,37
2023-05-11 10:36:43,RM401P3050,RM401P3050,406.0,0.0,0.0,0.0,3,393.0,406.0,3,413.0,397.5,408.5,384.5,65.0,25967.5,37
2023-05-11 10:36:43,RM401P3050,RM401P3050,406.0,0.0,0.0,0.0,6,393.0,406.0,6,413.0,397.5,408.5,384.5,65.0,25967.5,37
2023-05-11 10:36:44,RM401P3050,RM401P3050,406.0,0.0,0.0,0.0,9,393.0,406.0,9,413.0,397.5,408.5,384.5,65.0,25967.5,37
2023-05-11 10:36:46,RM401P3050,RM401P3050,406.0,0.0,0.0,0.0,12,393.0,406.0,12,413.0,397.5,408.5,384.5,65.0,25967.5,37
2023-05-11 10:36:54,RM401P3050,RM401P3050,406.0,0.0,0.0,0.0,9,393.0,406.0,12,413.0,397.5,408.5,384.5,65.0,25967.5,37
2023-05-11 10:36:55,RM401P3050,RM401P3050,406.0,0.0,0.0,0.0,6,393.0,406.0,9,413.0,397.5,408.5,384.5,65.0,25967.5,37
2023-05-11 10:36:56,RM401P3050,RM401P3050,406.0,0.0,0.0,0.0,3,393.0,406.0,6,413.0,397.5,408.5,384.5,65.0,25967.5,37
2023-05-11 10:36:58,RM401P3050,RM401P3050,406.0,0.0,0.0,0.0,3,392.5,406.0,3,413.0,397.5,408.5,384.5,65.0,25967.5,37
2023-05-11 10:36:58,RM401P3050,RM401P3050,406.0,0.0,0.0,0.0,1,228.0,406.0,3,413.0,397.5,408.5,384.5,65.0,25967.5,37
2023-05-11 10:36:59,RM401P3050,RM401P3050,406.0,0.0,0.0,0.0,6,229.0,406.0,3,413.0,397.5,408.5,384.5,65.0,25967.5,37
2023-05-11 10:36:59,RM401P3050,RM401P3050,406.0,0.0,0.0,0.0,10,229.5,406.0,3,413.0,397.5,408.5,384.5,65.0,25967.5,37
2023-05-11 10:37:00,RM401P3050,RM401P3050,406.0,0.0,0.0,0.0,6,230.5,406.0,3,413.0,397.5,408.5,384.5,65.0,25967.5,37
2023-05-11 10:37:00,RM401P3050,RM401P3050,406.0,0.0,0.0,0.0,10,231.0,406.0,3,413.0,397.5,408.5,384.5,65.0,25967.5,37
2023-05-11 10:37:01,RM401P3050,RM401P3050,406.0,0.0,0.0,0.0,6,232.0,406.0,3,413.0,397.5,408.5,384.5,65.0,25967.5,37
2023-05-11 10:37:01,RM401P3050,RM401P3050,406.0,0.0,0.0,0.0,10,232.5,0.0,0,413.0,397.5,408.5,384.5,65.0,25967.5,37
2023-05-11 10:37:02,RM401P3050,RM401P3050,406.0,0.0,0.0,0.0,6,233.5,0.0,0,413.0,397.5,408.5,384.5,65.0,25967.5,37
2023-05-11 10:37:02,RM401P3050,RM401P3050,406.0,0.0,0.0,0.0,10,234.0,0.0,0,413.0,397.5,408.5,384.5,65.0,25967.5,37
2023-05-11 10:37:03,RM401P3050,RM401P3050,406.0,0.0,0.0,0.0,6,235.0,0.0,0,413.0,397.5,408.5,384.5,65.0,25967.5,37
2023-05-11 10:37:03,RM401P3050,RM401P3050,406.0,0.0,0.0,0.0,10,235.5,0.0,0,413.0,397.5,408.5,384.5,65.0,25967.5,37
2023-05-11 10:37:04,RM401P3050,RM401P3050,406.0,0.0,0.0,0.0,6,236.5,0.0,0,413.0,397.5,408.5,384.5,65.0,25967.5,37
2023-05-11 10:37:04,RM401P3050,RM401P3050,406.0,0.0,0.0,0.0,10,237.0,0.0,0,413.0,397.5,408.5,384.5,65.0,25967.5,37
2023-05-11 10:37:05,RM401P3050,RM401P3050,406.0,0.0,0.0,0.0,6,238.0,0.0,0,413.0,397.5,408.5,384.5,65.0,25967.5,37
2023-05-11 10:37:05,RM401P3050,RM401P3050,406.0,0.0,0.0,0.0,10,238.5,0.0,0,413.0,397.5,408.5,384.5,65.0,25967.5,37
2023-05-11 10:37:06,RM401P3050,RM401P3050,406.0,0.0,0.0,0.0,6,239.5,0.0,0,413.0,397.5,408.5,384.5,65.0,25967.5,37
2023-05-11 10:37:06,RM401P3050,RM401P3050,406.0,0.0,0.0,0.0,10,240.0,0.0,0,413.0,397.5,408.5,384.5,65.0,25967.5,37
2023-05-11 10:37:07,RM401P3050,RM401P3050,406.0,0.0,0.0,0.0,6,241.0,0.0,0,413.0,397.5,408.5,384.5,65.0,25967.5,37
2023-05-11 10:37:07,RM401P3050,RM401P3050,406.0,0.0,0.0,0.0,10,241.5,0.0,0,413.0,397.5,408.5,384.5,65.0,25967.5,37
2023-05-11 10:37:08,RM401P3050,RM401P3050,406.0,0.0,0.0,0.0,6,242.5,0.0,0,413.0,397.5,408.5,384.5,65.0,25967.5,37
2023-05-11 10:37:08,RM401P3050,RM401P3050,406.0,0.0,0.0,0.0,10,243.0,0.0,0,413.0,397.5,408.5,384.5,65.0,25967.5,37
2023-05-11 10:37:09,RM401P3050,RM401P3050,406.0,0.0,0.0,0.0,6,244.0,0.0,0,413.0,397.5,408.5,384.5,65.0,25967.5,37
2023-05-11 10:37:09,RM401P3050,RM401P3050,406.0,0.0,0.0,0.0,10,244.5,0.0,0,413.0,397.5,408.5,384.5,65.0,25967.5,37
2023-05-11 10:37:10,RM401P3050,RM401P3050,406.0,0.0,0.0,0.0,6,245.5,0.0,0,413.0,397.5,408.5,384.5,65.0,25967.5,37
2023-05-11 10:37:10,RM401P3050,RM401P3050,406.0,0.0,0.0,0.0,10,246.0,0.0,0,413.0,397.5,408.5,384.5,65.0,25967.5,37
2023-05-11 10:37:11,RM401P3050,RM401P3050,406.0,0.0,0.0,0.0,6,247.0,0.0,0,413.0,397.5,408.5,384.5,65.0,25967.5,37
2023-05-11 10:37:11,RM401P3050,RM401P3050,406.0,0.0,0.0,0.0,10,247.5,0.0,0,413.0,397.5,408.5,384.5,65.0,25967.5,37
2023-05-11 10:37:12,RM401P3050,RM401P3050,406.0,0.0,0.0,0.0,6,248.5,0.0,0,413.0,397.5,408.5,384.5,65.0,25967.5,37
2023-05-11 10:37:12,RM401P3050,RM401P3050,406.0,0.0,0.0,0.0,10,249.0,0.0,0,413.0,397.5,408.5,384.5,65.0,25967.5,37
2023-05-11 10:37:13,RM401P3050,RM401P3050,406.0,0.0,0.0,0.0,6,250.0,0.0,0,413.0,397.5,408.5,384.5,65.0,25967.5,37
2023-05-11 10:37:13,RM401P3050,RM401P3050,406.0,0.0,0.0,0.0,10,250.5,0.0,0,413.0,397.5,408.5,384.5,65.0,25967.5,37
2023-05-11 10:37:14,RM401P3050,RM401P3050,406.0,0.0,0.0,0.0,6,251.5,0.0,0,413.0,397.5,408.5,384.5,65.0,25967.5,37
2023-05-11 10:37:14,RM401P3050,RM401P3050,406.0,0.0,0.0,0.0,10,252.0,0.0,0,413.0,397.5,408.5,384.5,65.0,25967.5,37
2023-05-11 10:37:15,RM401P3050,RM401P3050,406.0,0.0,0.0,0.0,6,253.0,0.0,0,413.0,397.5,408.5,384.5,65.0,25967.5,37
2023-05-11 10:37:15,RM401P3050,RM401P3050,406.0,0.0,0.0,0.0,10,253.5,0.0,0,413.0,397.5,408.5,384.5,65.0,25967.5,37
2023-05-11 10:37:16,RM401P3050,RM401P3050,406.0,0.0,0.0,0.0,6,254.5,0.0,0,413.0,397.5,408.5,384.5,65.0,25967.5,37
2023-05-11 10:37:16,RM401P3050,RM401P3050,406.0,0.0,0.0,0.0,10,255.0,0.0,0,413.0,397.5,408.5,384.5,65.0,25967.5,37
2023-05-11 10:37:17,RM401P3050,RM401P3050,406.0,0.0,0.0,0.0,6,256.0,0.0,0,413.0,397.5,408.5,384.5,65.0,25967.5,37
2023-05-11 10:37:17,RM401P3050,RM401P3050,406.0,0.0,0.0,0.0,10,256.5,0.0,0,413.0,397.5,408.5,384.5,65.0,25967.5,37
2023-05-11 10:37:18,RM401P3050,RM401P3050,406.0,0.0,0.0,0.0,6,257.5,0.0,0,413.0,397.5,408.5,384.5,65.0,25967.5,37
2023-05-11 10:37:18,RM401P3050,RM401P3050,406.0,0.0,0.0,0.0,10,258.0,0.0,0,413.0,397.5,408.5,384.5,65.0,25967.5,37
2023-05-11 10:37:19,RM401P3050,RM401P3050,406.0,0.0,0.0,0.0,6,259.0,0.0,0,413.0,397.5,408.5,384.5,65.0,25967.5,37
2023-05-11 10:37:19,RM401P3050,RM401P3050,406.0,0.0,0.0,0.0,10,259.5,0.0,0,413.0,397.5,408.5,384.5,65.0,25967.5,37
2023-05-11 10:37:20,RM401P3050,RM401P3050,406.0,0.0,0.0,0.0,6,260.5,0.0,0,413.0,397.5,408.5,384.5,65.0,25967.5,37
2023-05-11 10:37:20,RM401P3050,RM401P3050,406.0,0.0,0.0,0.0,10,261.0,0.0,0,413.0,397.5,408.5,384.5,65.0,25967.5,37
2023-05-11 10:37:21,RM401P3050,RM401P3050,406.0,0.0,0.0,0.0,6,262.0,0.0,0,413.0,397.5,408.5,384.5,65.0,25967.5,37
2023-05-11 10:37:21,RM401P3050,RM401P3050,406.0,0.0,0.0,0.0,10,262.5,0.0,0,413.0,397.5,408.5,384.5,65.0,25967.5,37
2023-05-11 10:37:22,RM401P3050,RM401P3050,406.0,0.0,0.0,0.0,6,263.5,0.0,0,413.0,397.5,408.5,384.5,65.0,25967.5,37
2023-05-11 10:37:22,RM401P3050,RM401P3050,406.0,0.0,0.0,0.0,10,264.0,0.0,0,413.0,397.5,408.5,384.5,65.0,25967.5,37
2023-05-11 10:37:23,RM401P3050,RM401P3050,406.0,0.0,0.0,0.0,6,265.0,0.0,0,413.0,397.5,408.5,384.5,65.0,25967.5,37
2023-05-11 10:37:23,RM401P3050,RM401P3050,406.0,0.0,0.0,0.0,10,265.5,0.0,0,413.0,397.5,408.5,384.5,65.0,25967.5,37
2023-05-11 10:37:24,RM401P3050,RM401P3050,406.0,0.0,0.0,0.0,6,266.5,0.0,0,413.0,397.5,408.5,384.5,65.0,25967.5,37
2023-05-11 10:37:24,RM401P3050,RM401P3050,406.0,0.0,0.0,0.0,10,267.0,0.0,0,413.0,397.5,408.5,384.5,65.0,25967.5,37
2023-05-11 10:37:25,RM401P3050,RM401P3050,406.0,0.0,0.0,0.0,6,268.0,0.0,0,413.0,397.5,408.5,384.5,65.0,25967.5,37
2023-05-11 10:37:25,RM401P3050,RM401P3050,406.0,0.0,0.0,0.0,10,268.5,0.0,0,413.0,397.5,408.5,384.5,65.0,25967.5,37
2023-05-11 10:37:26,RM401P3050,RM401P3050,406.0,0.0,0.0,0.0,6,269.5,0.0,0,413.0,397.5,408.5,384.5,65.0,25967.5,37
2023-05-11 10:37:26,RM401P3050,RM401P3050,406.0,0.0,0.0,0.0,10,270.0,0.0,0,413.0,397.5,408.5,384.5,65.0,25967.5,37
2023-05-11 10:37:27,RM401P3050,RM401P3050,406.0,0.0,0.0,0.0,6,271.0,0.0,0,413.0,397.5,408.5,384.5,65.0,25967.5,37
2023-05-11 10:37:27,RM401P3050,RM401P3050,406.0,0.0,0.0,0.0,10,271.5,0.0,0,413.0,397.5,408.5,384.5,65.0,25967.5,37
2023-05-11 10:37:28,RM401P3050,RM401P3050,406.0,0.0,0.0,0.0,6,272.5,0.0,0,413.0,397.5,408.5,384.5,65.0,25967.5,37
2023-05-11 10:37:28,RM401P3050,RM401P3050,406.0,0.0,0.0,0.0,10,273.0,0.0,0,413.0,397.5,408.5,384.5,65.0,25967.5,37
2023-05-11 10:37:29,RM401P3050,RM401P3050,406.0,0.0,0.0,0.0,6,274.0,0.0,0,413.0,397.5,408.5,384.5,65.0,25967.5,37
2023-05-11 10:37:29,RM401P3050,RM401P3050,406.0,0.0,0.0,0.0,10,274.5,0.0,0,413.0,397.5,408.5,384.5,65.0,25967.5,37
2023-05-11 10:37:30,RM401P3050,RM401P3050,406.0,0.0,0.0,0.0,6,275.5,0.0,0,413.0,397.5,408.5,384.5,65.0,25967.5,37
2023-05-11 10:37:30,RM401P3050,RM401P3050,406.0,0.0,0.0,0.0,10,276.0,0.0,0,413.0,397.5,408.5,384.5,65.0,25967.5,37
2023-05-11 10:37:31,RM401P3050,RM401P3050,406.0,0.0,0.0,0.0,6,277.0,0.0,0,413.0,397.5,408.5,384.5,65.0,25967.5,37
2023-05-11 10:37:31,RM401P3050,RM401P3050,406.0,0.0,0.0,0.0,10,277.5,0.0,0,413.0,397.5,408.5,384.5,65.0,25967.5,37
2023-05-11 10:37:32,RM401P3050,RM401P3050,406.0,0.0,0.0,0.0,6,278.5,0.0,0,413.0,397.5,408.5,384.5,65.0,25967.5,37
2023-05-11 10:37:32,RM401P3050,RM401P3050,406.0,0.0,0.0,0.0,10,279.0,0.0,0,413.0,397.5,408.5,384.5,65.0,25967.5,37
2023-05-11 10:37:33,RM401P3050,RM401P3050,406.0,0.0,0.0,0.0,6,280.0,0.0,0,413.0,397.5,408.5,384.5,65.0,25967.5,37
2023-05-11 10:37:33,RM401P3050,RM401P3050,406.0,0.0,0.0,0.0,10,280.5,0.0,0,413.0,397.5,408.5,384.5,65.0,25967.5,37
2023-05-11 10:37:34,RM401P3050,RM401P3050,406.0,0.0,0.0,0.0,6,281.5,0.0,0,413.0,397.5,408.5,384.5,65.0,25967.5,37
2023-05-11 10:37:34,RM401P3050,RM401P3050,406.0,0.0,0.0,0.0,10,282.0,0.0,0,413.0,397.5,408.5,384.5,65.0,25967.5,37
2023-05-11 10:37:35,RM401P3050,RM401P3050,406.0,0.0,0.0,0.0,6,283.0,0.0,0,413.0,397.5,408.5,384.5,65.0,25967.5,37
2023-05-11 10:37:35,RM401P3050,RM401P3050,406.0,0.0,0.0,0.0,10,283.5,0.0,0,413.0,397.5,408.5,384.5,65.0,25967.5,37
2023-05-11 10:40:01,RM401P3050,RM401P3050,406.0,0.0,0.0,0.0,3,391.5,413.5,3,413.0,397.5,408.5,384.5,65.0,25967.5,37
2023-05-11 10:40:03,RM401P3050,RM401P3050,406.0,0.0,0.0,0.0,3,400.0,413.5,3,413.0,397.5,408.5,384.5,65.0,25967.5,37
2023-05-11 10:40:05,RM401P3050,RM401P3050,406.0,0.0,0.0,0.0,6,400.0,413.5,6,413.0,397.5,408.5,384.5,65.0,25967.5,37
2023-05-11 10:40:08,RM401P3050,RM401P3050,406.0,0.0,0.0,0.0,9,400.0,413.5,9,413.0,397.5,408.5,384.5,65.0,25967.5,37
2023-05-11 10:40:10,RM401P3050,RM401P3050,406.0,0.0,0.0,0.0,6,400.0,406.0,3,413.0,397.5,408.5,384.5,65.0,25967.5,37
2023-05-11 10:40:10,RM401P3050,RM401P3050,406.0,0.0,0.0,0.0,9,400.0,406.0,6,413.0,397.5,408.5,384.5,65.0,25967.5,37
2023-05-11 10:40:11,RM401P3050,RM401P3050,406.0,0.0,0.0,0.0,12,400.0,406.0,9,413.0,397.5,408.5,384.5,65.0,25967.5,37
2023-05-11 10:40:15,RM401P3050,RM401P3050,406.0,0.0,0.0,0.0,9,400.0,406.0,9,413.0,397.5,408.5,384.5,65.0,25967.5,37
2023-05-11 10:40:20,RM401P3050,RM401P3050,406.0,0.0,0.0,0.0,6,400.0,406.0,9,413.0,397.5,408.5,384.5,65.0,25967.5,37
2023-05-11 10:40:21,RM401P3050,RM401P3050,406.0,0.0,0.0,0.0,3,400.0,406.0,6,413.0,397.5,408.5,384.5,65.0,25967.5,37
2023-05-11 10:40:23,RM401P3050,RM401P3050,406.0,0.0,0.0,0.0,3,399.5,406.0,3,413.0,397.5,408.5,384.5,65.0,25967.5,37
2023-05-11 10:40:25,RM401P3050,RM401P3050,406.0,0.0,0.0,0.0,3,390.5,406.0,3,413.0,397.5,408.5,384.5,65.0,25967.5,37
2023-05-11 10:40:25,RM401P3050,RM401P3050,406.0,0.0,0.0,0.0,1,228.0,406.0,3,413.0,397.5,408.5,384.5,65.0,25967.5,37
2023-05-11 10:40:25,RM401P3050,RM401P3050,406.0,0.0,0.0,0.0,6,229.0,406.0,3,413.0,397.5,408.5,384.5,65.0,25967.5,37
2023-05-11 10:40:26,RM401P3050,RM401P3050,406.0,0.0,0.0,0.0,10,229.5,406.0,3,413.0,397.5,408.5,384.5,65.0,25967.5,37
2023-05-11 10:40:26,RM401P3050,RM401P3050,406.0,0.0,0.0,0.0,6,230.5,406.0,3,413.0,397.5,408.5,384.5,65.0,25967.5,37
2023-05-11 10:40:27,RM401P3050,RM401P3050,406.0,0.0,0.0,0.0,10,231.0,406.0,3,413.0,397.5,408.5,384.5,65.0,25967.5,37
2023-05-11 10:40:27,RM401P3050,RM401P3050,406.0,0.0,0.0,0.0,6,232.0,406.0,3,413.0,397.5,408.5,384.5,65.0,25967.5,37
2023-05-11 10:40:28,RM401P3050,RM401P3050,406.0,0.0,0.0,0.0,10,232.5,406.0,3,413.0,397.5,408.5,384.5,65.0,25967.5,37
2023-05-11 10:40:28,RM401P3050,RM401P3050,406.0,0.0,0.0,0.0,6,233.5,406.0,3,413.0,397.5,408.5,384.5,65.0,25967.5,37
2023-05-11 10:40:29,RM401P3050,RM401P3050,406.0,0.0,0.0,0.0,10,234.0,406.0,3,413.0,397.5,408.5,384.5,65.0,25967.5,37
2023-05-11 10:40:29,RM401P3050,RM401P3050,406.0,0.0,0.0,0.0,6,235.0,406.0,3,413.0,397.5,408.5,384.5,65.0,25967.5,37
2023-05-11 10:40:30,RM401P3050,RM401P3050,406.0,0.0,0.0,0.0,10,235.5,406.0,3,413.0,397.5,408.5,384.5,65.0,25967.5,37
2023-05-11 10:40:30,RM401P3050,RM401P3050,406.0,0.0,0.0,0.0,6,236.5,406.0,3,413.0,397.5,408.5,384.5,65.0,25967.5,37
2023-05-11 10:40:31,RM401P3050,RM401P3050,406.0,0.0,0.0,0.0,10,237.0,406.0,3,413.0,397.5,408.5,384.5,65.0,25967.5,37
2023-05-11 10:40:31,RM401P3050,RM401P3050,406.0,0.0,0.0,0.0,6,238.0,406.0,3,413.0,397.5,408.5,384.5,65.0,25967.5,37
2023-05-11 10:40:32,RM401P3050,RM401P3050,406.0,0.0,0.0,0.0,10,238.5,406.0,3,413.0,397.5,408.5,384.5,65.0,25967.5,37
2023-05-11 10:40:32,RM401P3050,RM401P3050,406.0,0.0,0.0,0.0,6,239.5,406.0,3,413.0,397.5,408.5,384.5,65.0,25967.5,37
2023-05-11 10:40:33,RM401P3050,RM401P3050,406.0,0.0,0.0,0.0,10,240.0,406.0,3,413.0,397.5,408.5,384.5,65.0,25967.5,37
2023-05-11 10:40:33,RM401P3050,RM401P3050,406.0,0.0,0.0,0.0,6,241.0,406.0,3,413.0,397.5,408.5,384.5,65.0,25967.5,37
2023-05-11 10:40:34,RM401P3050,RM401P3050,406.0,0.0,0.0,0.0,10,241.5,406.0,3,413.0,397.5,408.5,384.5,65.0,25967.5,37
2023-05-11 10:40:34,RM401P3050,RM401P3050,406.0,0.0,0.0,0.0,6,242.5,406.0,3,413.0,397.5,408.5,384.5,65.0,25967.5,37
2023-05-11 10:40:35,RM401P3050,RM401P3050,406.0,0.0,0.0,0.0,10,243.0,406.0,3,413.0,397.5,408.5,384.5,65.0,25967.5,37
2023-05-11 10:40:35,RM401P3050,RM401P3050,406.0,0.0,0.0,0.0,6,244.0,406.0,3,413.0,397.5,408.5,384.5,65.0,25967.5,37
2023-05-11 10:40:36,RM401P3050,RM401P3050,406.0,0.0,0.0,0.0,10,244.5,406.0,3,413.0,397.5,408.5,384.5,65.0,25967.5,37
2023-05-11 10:40:36,RM401P3050,RM401P3050,406.0,0.0,0.0,0.0,6,245.5,406.0,3,413.0,397.5,408.5,384.5,65.0,25967.5,37
2023-05-11 10:40:37,RM401P3050,RM401P3050,406.0,0.0,0.0,0.0,10,246.0,406.0,3,413.0,397.5,408.5,384.5,65.0,25967.5,37
2023-05-11 10:40:38,RM401P3050,RM401P3050,406.0,0.0,0.0,0.0,6,247.0,406.0,3,413.0,397.5,408.5,384.5,65.0,25967.5,37
2023-05-11 10:40:38,RM401P3050,RM401P3050,406.0,0.0,0.0,0.0,10,247.5,406.0,3,413.0,397.5,408.5,384.5,65.0,25967.5,37
2023-05-11 10:40:39,RM401P3050,RM401P3050,406.0,0.0,0.0,0.0,6,248.5,406.0,3,413.0,397.5,408.5,384.5,65.0,25967.5,37
2023-05-11 10:40:39,RM401P3050,RM401P3050,406.0,0.0,0.0,0.0,10,249.0,406.0,3,413.0,397.5,408.5,384.5,65.0,25967.5,37
2023-05-11 10:40:40,RM401P3050,RM401P3050,406.0,0.0,0.0,0.0,6,250.0,406.0,3,413.0,397.5,408.5,384.5,65.0,25967.5,37
2023-05-11 10:40:40,RM401P3050,RM401P3050,406.0,0.0,0.0,0.0,10,250.5,406.0,3,413.0,397.5,408.5,384.5,65.0,25967.5,37
2023-05-11 10:40:41,RM401P3050,RM401P3050,406.0,0.0,0.0,0.0,6,251.5,406.0,3,413.0,397.5,408.5,384.5,65.0,25967.5,37
2023-05-11 10:40:41,RM401P3050,RM401P3050,406.0,0.0,0.0,0.0,10,252.0,406.0,3,413.0,397.5,408.5,384.5,65.0,25967.5,37
2023-05-11 10:40:42,RM401P3050,RM401P3050,406.0,0.0,0.0,0.0,6,253.0,406.0,3,413.0,397.5,408.5,384.5,65.0,25967.5,37
2023-05-11 10:40:42,RM401P3050,RM401P3050,406.0,0.0,0.0,0.0,10,253.5,406.0,3,413.0,397.5,408.5,384.5,65.0,25967.5,37
2023-05-11 10:40:43,RM401P3050,RM401P3050,406.0,0.0,0.0,0.0,6,254.5,406.0,3,413.0,397.5,408.5,384.5,65.0,25967.5,37
2023-05-11 10:40:43,RM401P3050,RM401P3050,406.0,0.0,0.0,0.0,10,255.0,406.0,3,413.0,397.5,408.5,384.5,65.0,25967.5,37
2023-05-11 10:40:44,RM401P3050,RM401P3050,406.0,0.0,0.0,0.0,6,256.0,406.0,3,413.0,397.5,408.5,384.5,65.0,25967.5,37
2023-05-11 10:40:44,RM401P3050,RM401P3050,406.0,0.0,0.0,0.0,10,256.5,406.0,3,413.0,397.5,408.5,384.5,65.0,25967.5,37
2023-05-11 10:40:45,RM401P3050,RM401P3050,406.0,0.0,0.0,0.0,6,257.5,406.0,3,413.0,397.5,408.5,384.5,65.0,25967.5,37
2023-05-11 10:40:45,RM401P3050,RM401P3050,406.0,0.0,0.0,0.0,10,258.0,406.0,3,413.0,397.5,408.5,384.5,65.0,25967.5,37
2023-05-11 10:40:46,RM401P3050,RM401P3050,406.0,0.0,0.0,0.0,6,259.0,406.0,3,413.0,397.5,408.5,384.5,65.0,25967.5,37
2023-05-11 10:40:46,RM401P3050,RM401P3050,406.0,0.0,0.0,0.0,10,259.5,406.0,3,413.0,397.5,408.5,384.5,65.0,25967.5,37
2023-05-11 10:40:47,RM401P3050,RM401P3050,406.0,0.0,0.0,0.0,6,260.5,406.0,3,413.0,397.5,408.5,384.5,65.0,25967.5,37
2023-05-11 10:40:47,RM401P3050,RM401P3050,406.0,0.0,0.0,0.0,10,261.0,406.0,3,413.0,397.5,408.5,384.5,65.0,25967.5,37
2023-05-11 10:40:48,RM401P3050,RM401P3050,406.0,0.0,0.0,0.0,6,262.0,406.0,3,413.0,397.5,408.5,384.5,65.0,25967.5,37
2023-05-11 10:40:48,RM401P3050,RM401P3050,406.0,0.0,0.0,0.0,10,262.5,406.0,3,413.0,397.5,408.5,384.5,65.0,25967.5,37
2023-05-11 10:40:49,RM401P3050,RM401P3050,406.0,0.0,0.0,0.0,6,263.5,406.0,3,413.0,397.5,408.5,384.5,65.0,25967.5,37
2023-05-11 10:40:49,RM401P3050,RM401P3050,406.0,0.0,0.0,0.0,10,264.0,406.0,3,413.0,397.5,408.5,384.5,65.0,25967.5,37
2023-05-11 10:40:50,RM401P3050,RM401P3050,406.0,0.0,0.0,0.0,6,265.0,406.0,3,413.0,397.5,408.5,384.5,65.0,25967.5,37
2023-05-11 10:40:50,RM401P3050,RM401P3050,406.0,0.0,0.0,0.0,10,265.5,406.0,3,413.0,397.5,408.5,384.5,65.0,25967.5,37
2023-05-11 10:40:51,RM401P3050,RM401P3050,406.0,0.0,0.0,0.0,6,266.5,406.0,3,413.0,397.5,408.5,384.5,65.0,25967.5,37
2023-05-11 10:40:51,RM401P3050,RM401P3050,406.0,0.0,0.0,0.0,10,267.0,406.0,3,413.0,397.5,408.5,384.5,65.0,25967.5,37
2023-05-11 10:40:52,RM401P3050,RM401P3050,406.0,0.0,0.0,0.0,6,268.0,406.0,3,413.0,397.5,408.5,384.5,65.0,25967.5,37
2023-05-11 10:40:52,RM401P3050,RM401P3050,406.0,0.0,0.0,0.0,10,268.5,406.0,3,413.0,397.5,408.5,384.5,65.0,25967.5,37
2023-05-11 10:40:53,RM401P3050,RM401P3050,406.0,0.0,0.0,0.0,6,269.5,406.0,3,413.0,397.5,408.5,384.5,65.0,25967.5,37
2023-05-11 10:40:53,RM401P3050,RM401P3050,406.0,0.0,0.0,0.0,10,270.0,406.0,3,413.0,397.5,408.5,384.5,65.0,25967.5,37
2023-05-11 10:40:54,RM401P3050,RM401P3050,406.0,0.0,0.0,0.0,6,271.0,406.0,3,413.0,397.5,408.5,384.5,65.0,25967.5,37
2023-05-11 10:40:54,RM401P3050,RM401P3050,406.0,0.0,0.0,0.0,10,271.5,406.0,3,413.0,397.5,408.5,384.5,65.0,25967.5,37
2023-05-11 10:40:55,RM401P3050,RM401P3050,406.0,0.0,0.0,0.0,6,272.5,406.0,3,413.0,397.5,408.5,384.5,65.0,25967.5,37
2023-05-11 10:40:55,RM401P3050,RM401P3050,406.0,0.0,0.0,0.0,10,273.0,406.0,3,413.0,397.5,408.5,384.5,65.0,25967.5,37
2023-05-11 10:40:56,RM401P3050,RM401P3050,406.0,0.0,0.0,0.0,6,274.0,406.0,3,413.0,397.5,408.5,384.5,65.0,25967.5,37
2023-05-11 10:40:56,RM401P3050,RM401P3050,406.0,0.0,0.0,0.0,10,274.5,406.0,3,413.0,397.5,408.5,384.5,65.0,25967.5,37
2023-05-11 10:40:57,RM401P3050,RM401P3050,406.0,0.0,0.0,0.0,6,275.5,406.0,3,413.0,397.5,408.5,384.5,65.0,25967.5,37
2023-05-11 10:40:57,RM401P3050,RM401P3050,406.0,0.0,0.0,0.0,10,276.0,406.0,3,413.0,397.5,408.5,384.5,65.0,25967.5,37
2023-05-11 10:40:58,RM401P3050,RM401P3050,406.0,0.0,0.0,0.0,6,277.0,406.0,3,413.0,397.5,408.5,384.5,65.0,25967.5,37
2023-05-11 10:40:58,RM401P3050,RM401P3050,406.0,0.0,0.0,0.0,10,277.5,406.0,3,413.0,397.5,408.5,384.5,65.0,25967.5,37
2023-05-11 10:40:59,RM401P3050,RM401P3050,406.0,0.0,0.0,0.0,6,278.5,406.0,3,413.0,397.5,408.5,384.5,65.0,25967.5,37
2023-05-11 10:40:59,RM401P3050,RM401P3050,406.0,0.0,0.0,0.0,10,279.0,406.0,3,413.0,397.5,408.5,384.5,65.0,25967.5,37
2023-05-11 10:41:00,RM401P3050,RM401P3050,406.0,0.0,0.0,0.0,6,280.0,406.0,3,413.0,397.5,408.5,384.5,65.0,25967.5,37
2023-05-11 10:41:00,RM401P3050,RM401P3050,406.0,0.0,0.0,0.0,10,280.5,406.0,3,413.0,397.5,408.5,384.5,65.0,25967.5,37
2023-05-11 10:41:01,RM401P3050,RM401P3050,406.0,0.0,0.0,0.0,6,281.5,406.0,3,413.0,397.5,408.5,384.5,65.0,25967.5,37
2023-05-11 10:41:01,RM401P3050,RM401P3050,406.0,0.0,0.0,0.0,10,282.0,406.0,3,413.0,397.5,408.5,384.5,65.0,25967.5,37
2023-05-11 10:41:02,RM401P3050,RM401P3050,406.0,0.0,0.0,0.0,10,283.5,406.0,3,413.0,397.5,408.5,384.5,65.0,25967.5,37
2023-05-11 10:41:02,RM401P3050,RM401P3050,406.0,0.0,0.0,0.0,6,284.5,406.0,3,413.0,397.5,408.5,384.5,65.0,25967.5,37
2023-05-11 10:41:03,RM401P3050,RM401P3050,406.0,0.0,0.0,0.0,10,285.0,406.0,3,413.0,397.5,408.5,384.5,65.0,25967.5,37
2023-05-11 10:41:03,RM401P3050,RM401P3050,406.0,0.0,0.0,0.0,6,286.0,406.0,3,413.0,397.5,408.5,384.5,65.0,25967.5,37
2023-05-11 10:41:04,RM401P3050,RM401P3050,406.0,0.0,0.0,0.0,10,286.5,406.0,3,413.0,397.5,408.5,384.5,65.0,25967.5,37
2023-05-11 10:41:11,RM401P3050,RM401P3050,406.0,0.0,0.0,0.0,10,286.5,0.0,0,413.0,397.5,408.5,384.5,65.0,25967.5,37
2023-05-11 10:41:38,RM401P3050,RM401P3050,406.0,0.0,0.0,0.0,3,387.5,0.0,0,413.0,397.5,408.5,384.5,65.0,25967.5,37
2023-05-11 10:47:09,RM401P3050,RM401P3050,406.0,0.0,0.0,0.0,6,391.5,422.0,10,413.0,397.5,408.5,384.5,65.0,25967.5,37
2023-05-11 10:47:09,RM401P3050,RM401P3050,406.0,0.0,0.0,0.0,3,391.5,422.0,16,413.0,397.5,408.5,384.5,65.0,25967.5,37
2023-05-11 10:47:11,RM401P3050,RM401P3050,406.0,0.0,0.0,0.0,9,391.5,422.0,22,413.0,397.5,408.5,384.5,65.0,25967.5,37
2023-05-11 10:47:11,RM401P3050,RM401P3050,406.0,0.0,0.0,0.0,9,391.5,414.5,3,413.0,397.5,408.5,384.5,65.0,25967.5,37
2023-05-11 10:47:12,RM401P3050,RM401P3050,406.0,0.0,0.0,0.0,9,391.5,414.5,6,413.0,397.5,408.5,384.5,65.0,25967.5,37
2023-05-11 10:47:14,RM401P3050,RM401P3050,406.0,0.0,0.0,0.0,9,391.5,410.0,3,413.0,397.5,408.5,384.5,65.0,25967.5,37
2023-05-11 10:47:14,RM401P3050,RM401P3050,406.0,0.0,0.0,0.0,9,391.5,410.0,6,413.0,397.5,408.5,384.5,65.0,25967.5,37
2023-05-11 10:47:16,RM401P3050,RM401P3050,406.0,0.0,0.0,0.0,15,391.5,410.0,9,413.0,397.5,408.5,384.5,65.0,25967.5,37
2023-05-11 10:47:18,RM401P3050,RM401P3050,406.0,0.0,0.0,0.0,18,391.5,410.0,12,413.0,397.5,408.5,384.5,65.0,25967.5,37
2023-05-11 10:47:20,RM401P3050,RM401P3050,406.0,0.0,0.0,0.0,15,391.5,406.0,3,413.0,397.5,408.5,384.5,65.0,25967.5,37
2023-05-11 10:47:20,RM401P3050,RM401P3050,406.0,0.0,0.0,0.0,18,391.5,406.0,6,413.0,397.5,408.5,384.5,65.0,25967.5,37
2023-05-11 10:47:20,RM401P3050,RM401P3050,406.0,0.0,0.0,0.0,15,391.5,406.0,6,413.0,397.5,408.5,384.5,65.0,25967.5,37
2023-05-11 10:47:21,RM401P3050,RM401P3050,406.0,0.0,0.0,0.0,12,391.5,406.0,6,413.0,397.5,408.5,384.5,65.0,25967.5,37
2023-05-11 10:47:27,RM401P3050,RM401P3050,406.0,0.0,0.0,0.0,9,391.5,406.0,6,413.0,397.5,408.5,384.5,65.0,25967.5,37
2023-05-11 10:47:28,RM401P3050,RM401P3050,406.0,0.0,0.0,0.0,6,391.5,406.0,6,413.0,397.5,408.5,384.5,65.0,25967.5,37
2023-05-11 10:47:30,RM401P3050,RM401P3050,406.0,0.0,0.0,0.0,3,391.5,406.0,6,413.0,397.5,408.5,384.5,65.0,25967.5,37
2023-05-11 10:47:32,RM401P3050,RM401P3050,406.0,0.0,0.0,0.0,3,387.5,406.0,3,413.0,397.5,408.5,384.5,65.0,25967.5,37
2023-05-11 11:24:05,RM401P3050,RM401P3050,406.0,0.0,0.0,0.0,6,387.5,406.0,6,413.0,397.5,408.5,384.5,65.0,25967.5,37
2023-05-11 11:24:12,RM401P3050,RM401P3050,406.0,0.0,0.0,0.0,9,387.5,406.0,9,413.0,397.5,408.5,384.5,65.0,25967.5,37
2023-05-11 11:24:16,RM401P3050,RM401P3050,406.0,0.0,0.0,0.0,3,388.0,406.0,6,413.0,397.5,408.5,384.5,65.0,25967.5,37
2023-05-11 11:24:16,RM401P3050,RM401P3050,406.0,0.0,0.0,0.0,6,388.0,406.0,9,413.0,397.5,408.5,384.5,65.0,25967.5,37
2023-05-11 11:24:18,RM401P3050,RM401P3050,406.0,0.0,0.0,0.0,9,388.0,406.0,9,413.0,397.5,408.5,384.5,65.0,25967.5,37
2023-05-11 11:24:27,RM401P3050,RM401P3050,406.0,0.0,0.0,0.0,6,388.0,406.0,9,413.0,397.5,408.5,384.5,65.0,25967.5,37
2023-05-11 11:24:27,RM401P3050,RM401P3050,406.0,0.0,0.0,0.0,3,388.0,406.0,6,413.0,397.5,408.5,384.5,65.0,25967.5,37
2023-05-11 11:24:30,RM401P3050,RM401P3050,406.0,0.0,0.0,0.0,6,387.5,406.0,3,413.0,397.5,408.5,384.5,65.0,25967.5,37
2023-05-11 11:24:31,RM401P3050,RM401P3050,406.0,0.0,0.0,0.0,3,387.5,406.0,3,413.0,397.5,408.5,384.5,65.0,25967.5,37
2023-05-11 13:38:36,RM401P3050,RM401P3050,406.0,0.0,0.0,0.0,3,387.5,0.0,0,413.0,397.5,408.5,384.5,65.0,25967.5,37
2023-05-11 13:38:54,RM401P3050,RM401P3050,406.0,0.0,0.0,0.0,3,387.5,414.0,3,413.0,397.5,408.5,384.5,65.0,25967.5,37
2023-05-11 13:38:56,RM401P3050,RM401P3050,406.0,0.0,0.0,0.0,3,390.0,414.0,3,413.0,397.5,408.5,384.5,65.0,25967.5,37
2023-05-11 13:38:59,RM401P3050,RM401P3050,406.0,0.0,0.0,0.0,6,390.0,414.0,6,413.0,397.5,408.5,384.5,65.0,25967.5,37
2023-05-11 13:39:00,RM401P3050,RM401P3050,406.0,0.0,0.0,0.0,6,390.0,406.0,3,413.0,397.5,408.5,384.5,65.0,25967.5,37
2023-05-11 13:39:00,RM401P3050,RM401P3050,406.0,0.0,0.0,0.0,6,390.0,406.0,6,413.0,397.5,408.5,384.5,65.0,25967.5,37
2023-05-11 13:39:01,RM401P3050,RM401P3050,406.0,0.0,0.0,0.0,9,390.0,406.0,9,413.0,397.5,408.5,384.5,65.0,25967.5,37
2023-05-11 13:39:03,RM401P3050,RM401P3050,406.0,0.0,0.0,0.0,3,391.0,406.0,12,413.0,397.5,408.5,384.5,65.0,25967.5,37
2023-05-11 13:39:04,RM401P3050,RM401P3050,406.0,0.0,0.0,0.0,6,391.0,406.0,12,413.0,397.5,408.5,384.5,65.0,25967.5,37
2023-05-11 13:39:05,RM401P3050,RM401P3050,406.0,0.0,0.0,0.0,9,391.0,406.0,15,413.0,397.5,408.5,384.5,65.0,25967.5,37
2023-05-11 13:39:13,RM401P3050,RM401P3050,406.0,0.0,0.0,0.0,9,391.0,406.0,12,413.0,397.5,408.5,384.5,65.0,25967.5,37
2023-05-11 13:39:14,RM401P3050,RM401P3050,406.0,0.0,0.0,0.0,6,391.0,406.0,12,413.0,397.5,408.5,384.5,65.0,25967.5,37
2023-05-11 13:39:15,RM401P3050,RM401P3050,406.0,0.0,0.0,0.0,3,391.0,406.0,9,413.0,397.5,408.5,384.5,65.0,25967.5,37
2023-05-11 13:39:16,RM401P3050,RM401P3050,406.0,0.0,0.0,0.0,3,391.0,406.0,6,413.0,397.5,408.5,384.5,65.0,25967.5,37
2023-05-11 13:39:16,RM401P3050,RM401P3050,406.0,0.0,0.0,0.0,3,390.5,406.0,3,413.0,397.5,408.5,384.5,65.0,25967.5,37
2023-05-11 13:39:18,RM401P3050,RM401P3050,406.0,0.0,0.0,0.0,3,387.5,406.0,3,413.0,397.5,408.5,384.5,65.0,25967.5,37
2023-05-11 13:39:19,RM401P3050,RM401P3050,406.0,0.0,0.0,0.0,3,387.5,0.0,0,413.0,397.5,408.5,384.5,65.0,25967.5,37
2023-05-11 13:40:55,RM401P3050,RM401P3050,406.0,0.0,0.0,0.0,3,388.5,410.5,3,413.0,397.5,408.5,384.5,65.0,25967.5,37
2023-05-11 13:40:56,RM401P3050,RM401P3050,406.0,0.0,0.0,0.0,3,390.5,410.5,3,413.0,397.5,408.5,384.5,65.0,25967.5,37
2023-05-11 13:40:59,RM401P3050,RM401P3050,406.0,0.0,0.0,0.0,6,390.5,410.5,6,413.0,397.5,408.5,384.5,65.0,25967.5,37
2023-05-11 13:41:02,RM401P3050,RM401P3050,406.0,0.0,0.0,0.0,9,390.5,410.5,9,413.0,397.5,408.5,384.5,65.0,25967.5,37
2023-05-11 13:41:03,RM401P3050,RM401P3050,406.0,0.0,0.0,0.0,3,392.5,410.5,12,413.0,397.5,408.5,384.5,65.0,25967.5,37
2023-05-11 13:41:04,RM401P3050,RM401P3050,406.0,0.0,0.0,0.0,6,392.5,405.0,3,413.0,397.5,408.5,384.5,65.0,25967.5,37
2023-05-11 13:41:04,RM401P3050,RM401P3050,406.0,0.0,0.0,0.0,6,392.5,405.0,6,413.0,397.5,408.5,384.5,65.0,25967.5,37
2023-05-11 13:41:04,RM401P3050,RM401P3050,406.0,0.0,0.0,0.0,9,392.5,405.0,9,413.0,397.5,408.5,384.5,65.0,25967.5,37
2023-05-11 13:41:14,RM401P3050,RM401P3050,406.0,0.0,0.0,0.0,6,392.5,405.0,9,413.0,397.5,408.5,384.5,65.0,25967.5,37
2023-05-11 13:41:15,RM401P3050,RM401P3050,406.0,0.0,0.0,0.0,3,392.5,405.0,6,413.0,397.5,408.5,384.5,65.0,25967.5,37
2023-05-11 13:41:17,RM401P3050,RM401P3050,406.0,0.0,0.0,0.0,3,392.0,405.0,3,413.0,397.5,408.5,384.5,65.0,25967.5,37
2023-05-11 13:41:18,RM401P3050,RM401P3050,406.0,0.0,0.0,0.0,3,387.5,405.0,3,413.0,397.5,408.5,384.5,65.0,25967.5,37
2023-05-11 13:41:18,RM401P3050,RM401P3050,406.0,0.0,0.0,0.0,3,387.5,0.0,0,413.0,397.5,408.5,384.5,65.0,25967.5,37
2023-05-11 13:42:50,RM401P3050,RM401P3050,406.0,0.0,0.0,0.0,3,387.5,406.5,3,413.0,397.5,408.5,384.5,65.0,25967.5,37
2023-05-11 13:42:57,RM401P3050,RM401P3050,406.0,0.0,0.0,0.0,3,387.5,0.0,0,413.0,397.5,408.5,384.5,65.0,25967.5,37
2023-05-11 13:45:47,RM401P3050,RM401P3050,406.0,0.0,0.0,0.0,3,388.5,419.5,3,413.0,397.5,408.5,384.5,65.0,25967.5,37
2023-05-11 13:45:48,RM401P3050,RM401P3050,406.0,0.0,0.0,0.0,6,388.5,419.0,13,413.0,397.5,408.5,384.5,65.0,25967.5,37
2023-05-11 13:45:49,RM401P3050,RM401P3050,406.0,0.0,0.0,0.0,9,388.5,419.0,16,413.0,397.5,408.5,384.5,65.0,25967.5,37
2023-05-11 13:45:50,RM401P3050,RM401P3050,406.0,0.0,0.0,0.0,15,388.5,411.0,3,413.0,397.5,408.5,384.5,65.0,25967.5,37
2023-05-11 13:45:50,RM401P3050,RM401P3050,406.0,0.0,0.0,0.0,9,388.5,411.0,6,413.0,397.5,408.5,384.5,65.0,25967.5,37
2023-05-11 13:45:53,RM401P3050,RM401P3050,406.0,0.0,0.0,0.0,3,389.5,411.0,9,413.0,397.5,408.5,384.5,65.0,25967.5,37
2023-05-11 13:45:54,RM401P3050,RM401P3050,406.0,0.0,0.0,0.0,6,389.5,410.5,6,413.0,397.5,408.5,384.5,65.0,25967.5,37
2023-05-11 13:45:54,RM401P3050,RM401P3050,406.0,0.0,0.0,0.0,6,389.5,408.0,3,413.0,397.5,408.5,384.5,65.0,25967.5,37
2023-05-11 13:45:55,RM401P3050,RM401P3050,406.0,0.0,0.0,0.0,9,389.5,408.0,6,413.0,397.5,408.5,384.5,65.0,25967.5,37
2023-05-11 13:45:55,RM401P3050,RM401P3050,406.0,0.0,0.0,0.0,12,389.5,408.0,9,413.0,397.5,408.5,384.5,65.0,25967.5,37
2023-05-11 13:45:57,RM401P3050,RM401P3050,406.0,0.0,0.0,0.0,15,389.5,408.0,12,413.0,397.5,408.5,384.5,65.0,25967.5,37
2023-05-11 13:46:04,RM401P3050,RM401P3050,406.0,0.0,0.0,0.0,12,389.5,408.0,12,413.0,397.5,408.5,384.5,65.0,25967.5,37
2023-05-11 13:46:05,RM401P3050,RM401P3050,406.0,0.0,0.0,0.0,12,389.5,408.0,9,413.0,397.5,408.5,384.5,65.0,25967.5,37
2023-05-11 13:46:07,RM401P3050,RM401P3050,406.0,0.0,0.0,0.0,6,389.5,408.0,6,413.0,397.5,408.5,384.5,65.0,25967.5,37
2023-05-11 13:46:08,RM401P3050,RM401P3050,406.0,0.0,0.0,0.0,3,389.5,408.0,3,413.0,397.5,408.5,384.5,65.0,25967.5,37
2023-05-11 13:46:09,RM401P3050,RM401P3050,406.0,0.0,0.0,0.0,3,387.5,0.0,0,413.0,397.5,408.5,384.5,65.0,25967.5,37
2023-05-11 13:54:03,RM401P3050,RM401P3050,406.0,0.0,0.0,0.0,3,387.5,416.0,3,413.0,397.5,408.5,384.5,65.0,25967.5,37
2023-05-11 13:54:03,RM401P3050,RM401P3050,406.0,0.0,0.0,0.0,3,387.5,415.5,10,413.0,397.5,408.5,384.5,65.0,25967.5,37
2023-05-11 13:54:05,RM401P3050,RM401P3050,406.0,0.0,0.0,0.0,6,387.5,415.5,13,413.0,397.5,408.5,384.5,65.0,25967.5,37
2023-05-11 13:54:06,RM401P3050,RM401P3050,406.0,0.0,0.0,0.0,9,387.5,415.5,16,413.0,397.5,408.5,384.5,65.0,25967.5,37
2023-05-11 13:54:07,RM401P3050,RM401P3050,406.0,0.0,0.0,0.0,9,387.5,405.5,3,413.0,397.5,408.5,384.5,65.0,25967.5,37
2023-05-11 13:54:08,RM401P3050,RM401P3050,406.0,0.0,0.0,0.0,9,387.5,405.5,6,413.0,397.5,408.5,384.5,65.0,25967.5,37
2023-05-11 13:54:10,RM401P3050,RM401P3050,406.0,0.0,0.0,0.0,15,387.5,405.5,12,413.0,397.5,408.5,384.5,65.0,25967.5,37
2023-05-11 13:54:12,RM401P3050,RM401P3050,406.0,0.0,0.0,0.0,18,387.5,405.5,15,413.0,397.5,408.5,384.5,65.0,25967.5,37
2023-05-11 13:54:15,RM401P3050,RM401P3050,406.0,0.0,0.0,0.0,15,387.5,405.5,15,413.0,397.5,408.5,384.5,65.0,25967.5,37
2023-05-11 13:54:19,RM401P3050,RM401P3050,406.0,0.0,0.0,0.0,15,387.5,405.5,12,413.0,397.5,408.5,384.5,65.0,25967.5,37
2023-05-11 13:54:20,RM401P3050,RM401P3050,406.0,0.0,0.0,0.0,12,387.5,405.5,9,413.0,397.5,408.5,384.5,65.0,25967.5,37
2023-05-11 13:54:22,RM401P3050,RM401P3050,406.0,0.0,0.0,0.0,9,387.5,405.5,6,413.0,397.5,408.5,384.5,65.0,25967.5,37
2023-05-11 13:54:23,RM401P3050,RM401P3050,406.0,0.0,0.0,0.0,6,387.5,405.5,3,413.0,397.5,408.5,384.5,65.0,25967.5,37
2023-05-11 13:54:24,RM401P3050,RM401P3050,406.0,0.0,0.0,0.0,3,387.5,406.0,3,413.0,397.5,408.5,384.5,65.0,25967.5,37
2023-05-11 13:54:25,RM401P3050,RM401P3050,406.0,0.0,0.0,0.0,3,387.5,0.0,0,413.0,397.5,408.5,384.5,65.0,25967.5,37
2023-05-11 14:00:20,RM401P3050,RM401P3050,406.0,0.0,0.0,0.0,3,387.5,406.0,3,413.0,397.5,408.5,384.5,65.0,25967.5,37
2023-05-11 14:00:23,RM401P3050,RM401P3050,406.0,0.0,0.0,0.0,6,387.5,406.0,6,413.0,397.5,408.5,384.5,65.0,25967.5,37
2023-05-11 14:00:23,RM401P3050,RM401P3050,406.0,0.0,0.0,0.0,3,389.5,406.0,3,413.0,397.5,408.5,384.5,65.0,25967.5,37
2023-05-11 14:00:23,RM401P3050,RM401P3050,406.0,0.0,0.0,0.0,6,389.5,406.0,6,413.0,397.5,408.5,384.5,65.0,25967.5,37
2023-05-11 14:00:25,RM401P3050,RM401P3050,406.0,0.0,0.0,0.0,3,389.5,406.0,6,413.0,397.5,408.5,384.5,65.0,25967.5,37
2023-05-11 14:00:27,RM401P3050,RM401P3050,406.0,0.0,0.0,0.0,9,389.5,406.0,12,413.0,397.5,408.5,384.5,65.0,25967.5,37
2023-05-11 14:00:28,RM401P3050,RM401P3050,406.0,0.0,0.0,0.0,12,389.5,406.0,15,413.0,397.5,408.5,384.5,65.0,25967.5,37
2023-05-11 14:00:30,RM401P3050,RM401P3050,406.0,0.0,0.0,0.0,15,389.5,406.0,15,413.0,397.5,408.5,384.5,65.0,25967.5,37
2023-05-11 14:00:31,RM401P3050,RM401P3050,406.0,0.0,0.0,0.0,15,389.5,401.5,3,413.0,397.5,408.5,384.5,65.0,25967.5,37
2023-05-11 14:00:32,RM401P3050,RM401P3050,406.0,0.0,0.0,0.0,15,389.5,401.5,6,413.0,397.5,408.5,384.5,65.0,25967.5,37
2023-05-11 14:00:39,RM401P3050,RM401P3050,406.0,0.0,0.0,0.0,12,389.5,401.5,6,413.0,397.5,408.5,384.5,65.0,25967.5,37
2023-05-11 14:00:40,RM401P3050,RM401P3050,406.0,0.0,0.0,0.0,9,389.5,401.5,6,413.0,397.5,408.5,384.5,65.0,25967.5,37
2023-05-11 14:00:41,RM401P3050,RM401P3050,406.0,0.0,0.0,0.0,6,389.5,401.5,3,413.0,397.5,408.5,384.5,65.0,25967.5,37
2023-05-11 14:00:44,RM401P3050,RM401P3050,406.0,0.0,0.0,0.0,3,389.5,0.0,0,413.0,397.5,408.5,384.5,65.0,25967.5,37
2023-05-11 14:01:11,RM401P3050,RM401P3050,406.0,0.0,0.0,0.0,3,387.5,0.0,0,413.0,397.5,408.5,384.5,65.0,25967.5,37
2023-05-11 14:02:29,RM401P3050,RM401P3050,406.0,0.0,0.0,0.0,3,389.0,420.0,3,413.0,397.5,408.5,384.5,65.0,25967.5,37
2023-05-11 14:02:29,RM401P3050,RM401P3050,406.0,0.0,0.0,0.0,6,389.0,419.5,13,413.0,397.5,408.5,384.5,65.0,25967.5,37
2023-05-11 14:02:31,RM401P3050,RM401P3050,406.0,0.0,0.0,0.0,6,389.0,412.0,3,413.0,397.5,408.5,384.5,65.0,25967.5,37
2023-05-11 14:02:32,RM401P3050,RM401P3050,406.0,0.0,0.0,0.0,6,389.0,412.0,6,413.0,397.5,408.5,384.5,65.0,25967.5,37
2023-05-11 14:02:35,RM401P3050,RM401P3050,406.0,0.0,0.0,0.0,9,389.0,412.0,9,413.0,397.5,408.5,384.5,65.0,25967.5,37
2023-05-11 14:02:35,RM401P3050,RM401P3050,406.0,0.0,0.0,0.0,3,390.5,412.0,12,413.0,397.5,408.5,384.5,65.0,25967.5,37
2023-05-11 14:02:36,RM401P3050,RM401P3050,406.0,0.0,0.0,0.0,6,390.5,412.0,15,413.0,397.5,408.5,384.5,65.0,25967.5,37
2023-05-11 14:02:36,RM401P3050,RM401P3050,406.0,0.0,0.0,0.0,12,390.5,412.0,21,413.0,397.5,408.5,384.5,65.0,25967.5,37
2023-05-11 14:02:37,RM401P3050,RM401P3050,406.0,0.0,0.0,0.0,15,390.5,412.0,24,413.0,397.5,408.5,384.5,65.0,25967.5,37
2023-05-11 14:02:39,RM401P3050,RM401P3050,406.0,0.0,0.0,0.0,15,390.5,409.5,3,413.0,397.5,408.5,384.5,65.0,25967.5,37
2023-05-11 14:02:39,RM401P3050,RM401P3050,406.0,0.0,0.0,0.0,15,390.5,409.5,6,413.0,397.5,408.5,384.5,65.0,25967.5,37
2023-05-11 14:02:40,RM401P3050,RM401P3050,406.0,0.0,0.0,0.0,15,390.5,400.0,3,413.0,397.5,408.5,384.5,65.0,25967.5,37
2023-05-11 14:02:41,RM401P3050,RM401P3050,406.0,0.0,0.0,0.0,12,390.5,400.0,6,413.0,397.5,408.5,384.5,65.0,25967.5,37
2023-05-11 14:02:41,RM401P3050,RM401P3050,406.0,0.0,0.0,0.0,15,390.5,400.0,9,413.0,397.5,408.5,384.5,65.0,25967.5,37
2023-05-11 14:02:46,RM401P3050,RM401P3050,406.0,0.0,0.0,0.0,12,390.5,400.0,9,413.0,397.5,408.5,384.5,65.0,25967.5,37
2023-05-11 14:02:48,RM401P3050,RM401P3050,406.0,0.0,0.0,0.0,9,390.5,400.0,9,413.0,397.5,408.5,384.5,65.0,25967.5,37
2023-05-11 14:02:49,RM401P3050,RM401P3050,406.0,0.0,0.0,0.0,6,390.5,400.0,6,413.0,397.5,408.5,384.5,65.0,25967.5,37
2023-05-11 14:02:53,RM401P3050,RM401P3050,406.0,0.0,0.0,0.0,3,390.5,400.0,3,413.0,397.5,408.5,384.5,65.0,25967.5,37
2023-05-11 14:02:53,RM401P3050,RM401P3050,406.0,0.0,0.0,0.0,3,387.5,0.0,0,413.0,397.5,408.5,384.5,65.0,25967.5,37
2023-05-11 14:04:10,RM401P3050,RM401P3050,406.0,0.0,0.0,0.0,3,390.0,421.0,3,413.0,397.5,408.5,384.5,65.0,25967.5,37
2023-05-11 14:04:11,RM401P3050,RM401P3050,406.0,0.0,0.0,0.0,6,390.0,420.5,13,413.0,397.5,408.5,384.5,65.0,25967.5,37
2023-05-11 14:04:13,RM401P3050,RM401P3050,406.0,0.0,0.0,0.0,9,390.0,413.5,3,413.0,397.5,408.5,384.5,65.0,25967.5,37
2023-05-11 14:04:13,RM401P3050,RM401P3050,406.0,0.0,0.0,0.0,6,390.0,413.5,6,413.0,397.5,408.5,384.5,65.0,25967.5,37
2023-05-11 14:04:16,RM401P3050,RM401P3050,406.0,0.0,0.0,0.0,3,391.5,401.0,3,413.0,397.5,408.5,384.5,65.0,25967.5,37
2023-05-11 14:04:17,RM401P3050,RM401P3050,406.0,0.0,0.0,0.0,6,391.5,401.0,6,413.0,397.5,408.5,384.5,65.0,25967.5,37
2023-05-11 14:04:18,RM401P3050,RM401P3050,406.0,0.0,0.0,0.0,12,391.5,401.0,12,413.0,397.5,408.5,384.5,65.0,25967.5,37
2023-05-11 14:04:19,RM401P3050,RM401P3050,406.0,0.0,0.0,0.0,15,391.5,401.0,15,413.0,397.5,408.5,384.5,65.0,25967.5,37
2023-05-11 14:04:25,RM401P3050,RM401P3050,406.0,0.0,0.0,0.0,15,391.5,401.0,12,413.0,397.5,408.5,384.5,65.0,25967.5,37
2023-05-11 14:04:27,RM401P3050,RM401P3050,406.0,0.0,0.0,0.0,9,391.5,398.5,3,413.0,397.5,408.5,384.5,65.0,25967.5,37
2023-05-11 14:04:29,RM401P3050,RM401P3050,406.0,0.0,0.0,0.0,6,391.5,398.5,3,413.0,397.5,408.5,384.5,65.0,25967.5,37
2023-05-11 14:04:31,RM401P3050,RM401P3050,406.0,0.0,0.0,0.0,3,391.5,398.5,3,413.0,397.5,408.5,384.5,65.0,25967.5,37
2023-05-11 14:04:31,RM401P3050,RM401P3050,406.0,0.0,0.0,0.0,3,391.0,398.5,3,413.0,397.5,408.5,384.5,65.0,25967.5,37
2023-05-11 14:04:32,RM401P3050,RM401P3050,406.0,0.0,0.0,0.0,3,387.5,398.5,3,413.0,397.5,408.5,384.5,65.0,25967.5,37
2023-05-11 14:04:33,RM401P3050,RM401P3050,406.0,0.0,0.0,0.0,3,387.5,0.0,0,413.0,397.5,408.5,384.5,65.0,25967.5,37
2023-05-11 14:05:58,RM401P3050,RM401P3050,406.0,0.0,0.0,0.0,1,392.5,0.0,0,413.0,397.5,408.5,384.5,65.0,25967.5,37
2023-05-11 14:06:00,RM401P3050,RM401P3050,406.0,0.0,0.0,0.0,1,392.5,420.0,3,413.0,397.5,408.5,384.5,65.0,25967.5,37
2023-05-11 14:06:00,RM401P3050,RM401P3050,406.0,0.0,0.0,0.0,1,392.5,419.5,10,413.0,397.5,408.5,384.5,65.0,25967.5,37
2023-05-11 14:06:02,RM401P3050,RM401P3050,406.0,0.0,0.0,0.0,4,392.5,419.5,13,413.0,397.5,408.5,384.5,65.0,25967.5,37
2023-05-11 14:06:02,RM401P3050,RM401P3050,406.0,0.0,0.0,0.0,4,392.5,419.5,16,413.0,397.5,408.5,384.5,65.0,25967.5,37
2023-05-11 14:06:06,RM401P3050,RM401P3050,406.0,0.0,0.0,0.0,7,392.5,412.0,3,413.0,397.5,408.5,384.5,65.0,25967.5,37
2023-05-11 14:06:06,RM401P3050,RM401P3050,406.0,0.0,0.0,0.0,7,392.5,411.5,3,413.0,397.5,408.5,384.5,65.0,25967.5,37
2023-05-11 14:06:07,RM401P3050,RM401P3050,406.0,0.0,0.0,0.0,6,392.5,411.5,3,413.0,397.5,408.5,384.5,65.0,25967.5,37
2023-05-11 14:06:07,RM401P3050,RM401P3050,406.0,0.0,0.0,0.0,12,392.5,411.5,9,413.0,397.5,408.5,384.5,65.0,25967.5,37
2023-05-11 14:06:08,RM401P3050,RM401P3050,406.0,0.0,0.0,0.0,12,392.5,409.0,3,413.0,397.5,408.5,384.5,65.0,25967.5,37
2023-05-11 14:06:08,RM401P3050,RM401P3050,406.0,0.0,0.0,0.0,12,392.5,409.0,6,413.0,397.5,408.5,384.5,65.0,25967.5,37
2023-05-11 14:06:09,RM401P3050,RM401P3050,406.0,0.0,0.0,0.0,15,392.5,409.0,9,413.0,397.5,408.5,384.5,65.0,25967.5,37
2023-05-11 14:06:14,RM401P3050,RM401P3050,406.0,0.0,0.0,0.0,12,392.5,402.0,3,413.0,397.5,408.5,384.5,65.0,25967.5,37
2023-05-11 14:06:14,RM401P3050,RM401P3050,406.0,0.0,0.0,0.0,12,392.5,402.0,6,413.0,397.5,408.5,384.5,65.0,25967.5,37
2023-05-11 14:06:17,RM401P3050,RM401P3050,406.0,0.0,0.0,0.0,9,392.5,402.0,6,413.0,397.5,408.5,384.5,65.0,25967.5,37
2023-05-11 14:06:19,RM401P3050,RM401P3050,406.0,0.0,0.0,0.0,6,392.5,402.0,6,413.0,397.5,408.5,384.5,65.0,25967.5,37
2023-05-11 14:06:20,RM401P3050,RM401P3050,406.0,0.0,0.0,0.0,3,392.5,402.0,6,413.0,397.5,408.5,384.5,65.0,25967.5,37
2023-05-11 14:06:25,RM401P3050,RM401P3050,406.0,0.0,0.0,0.0,3,392.5,402.0,3,413.0,397.5,408.5,384.5,65.0,25967.5,37
2023-05-11 14:06:25,RM401P3050,RM401P3050,406.0,0.0,0.0,0.0,3,387.5,0.0,0,413.0,397.5,408.5,384.5,65.0,25967.5,37
2023-05-11 14:09:44,RM401P3050,RM401P3050,406.0,0.0,0.0,0.0,3,389.0,420.0,3,413.0,397.5,408.5,384.5,65.0,25967.5,37
2023-05-11 14:09:44,RM401P3050,RM401P3050,406.0,0.0,0.0,0.0,6,389.0,419.5,13,413.0,397.5,408.5,384.5,65.0,25967.5,37
2023-05-11 14:09:47,RM401P3050,RM401P3050,406.0,0.0,0.0,0.0,6,389.0,412.0,3,413.0,397.5,408.5,384.5,65.0,25967.5,37
2023-05-11 14:09:47,RM401P3050,RM401P3050,406.0,0.0,0.0,0.0,6,389.0,412.0,6,413.0,397.5,408.5,384.5,65.0,25967.5,37
2023-05-11 14:09:50,RM401P3050,RM401P3050,406.0,0.0,0.0,0.0,9,389.0,412.0,12,413.0,397.5,408.5,384.5,65.0,25967.5,37
2023-05-11 14:09:50,RM401P3050,RM401P3050,406.0,0.0,0.0,0.0,6,390.0,411.5,6,413.0,397.5,408.5,384.5,65.0,25967.5,37
2023-05-11 14:09:51,RM401P3050,RM401P3050,406.0,0.0,0.0,0.0,12,390.0,409.0,3,413.0,397.5,408.5,384.5,65.0,25967.5,37
2023-05-11 14:09:52,RM401P3050,RM401P3050,406.0,0.0,0.0,0.0,12,390.0,409.0,6,413.0,397.5,408.5,384.5,65.0,25967.5,37
2023-05-11 14:09:53,RM401P3050,RM401P3050,406.0,0.0,0.0,0.0,15,390.0,409.0,9,413.0,397.5,408.5,384.5,65.0,25967.5,37
2023-05-11 14:10:01,RM401P3050,RM401P3050,406.0,0.0,0.0,0.0,12,390.0,409.0,9,413.0,397.5,408.5,384.5,65.0,25967.5,37
2023-05-11 14:10:02,RM401P3050,RM401P3050,406.0,0.0,0.0,0.0,12,390.0,409.0,6,413.0,397.5,408.5,384.5,65.0,25967.5,37
2023-05-11 14:10:03,RM401P3050,RM401P3050,406.0,0.0,0.0,0.0,6,390.0,409.0,3,413.0,397.5,408.5,384.5,65.0,25967.5,37
2023-05-11 14:10:04,RM401P3050,RM401P3050,406.0,0.0,0.0,0.0,3,390.0,409.0,3,413.0,397.5,408.5,384.5,65.0,25967.5,37
2023-05-11 14:10:05,RM401P3050,RM401P3050,406.0,0.0,0.0,0.0,3,389.5,409.5,3,413.0,397.5,408.5,384.5,65.0,25967.5,37
2023-05-11 14:10:06,RM401P3050,RM401P3050,406.0,0.0,0.0,0.0,3,387.5,412.5,3,413.0,397.5,408.5,384.5,65.0,25967.5,37
2023-05-11 14:10:06,RM401P3050,RM401P3050,406.0,0.0,0.0,0.0,3,387.5,0.0,0,413.0,397.5,408.5,384.5,65.0,25967.5,37
2023-05-11 14:16:23,RM401P3050,RM401P3050,406.0,0.0,0.0,0.0,3,387.5,416.5,10,413.0,397.5,408.5,384.5,65.0,25967.5,37
2023-05-11 14:16:26,RM401P3050,RM401P3050,406.0,0.0,0.0,0.0,9,387.5,416.5,13,413.0,397.5,408.5,384.5,65.0,25967.5,37
2023-05-11 14:16:29,RM401P3050,RM401P3050,406.0,0.0,0.0,0.0,12,387.5,416.5,16,413.0,397.5,408.5,384.5,65.0,25967.5,37
2023-05-11 14:16:29,RM401P3050,RM401P3050,406.0,0.0,0.0,0.0,9,387.5,408.0,3,413.0,397.5,408.5,384.5,65.0,25967.5,37
2023-05-11 14:16:29,RM401P3050,RM401P3050,406.0,0.0,0.0,0.0,12,387.5,408.0,6,413.0,397.5,408.5,384.5,65.0,25967.5,37
2023-05-11 14:16:30,RM401P3050,RM401P3050,406.0,0.0,0.0,0.0,18,387.5,408.0,12,413.0,397.5,408.5,384.5,65.0,25967.5,37
2023-05-11 14:16:31,RM401P3050,RM401P3050,406.0,0.0,0.0,0.0,18,387.5,406.5,3,413.0,397.5,408.5,384.5,65.0,25967.5,37
2023-05-11 14:16:31,RM401P3050,RM401P3050,406.0,0.0,0.0,0.0,18,387.5,406.5,6,413.0,397.5,408.5,384.5,65.0,25967.5,37
2023-05-11 14:16:31,RM401P3050,RM401P3050,406.0,0.0,0.0,0.0,21,387.5,406.5,9,413.0,397.5,408.5,384.5,65.0,25967.5,37
2023-05-11 14:16:31,RM401P3050,RM401P3050,406.0,0.0,0.0,0.0,18,387.5,406.5,6,413.0,397.5,408.5,384.5,65.0,25967.5,37
2023-05-11 14:16:31,RM401P3050,RM401P3050,406.0,0.0,0.0,0.0,21,387.5,406.5,9,413.0,397.5,408.5,384.5,65.0,25967.5,37
2023-05-11 14:16:31,RM401P3050,RM401P3050,406.0,0.0,0.0,0.0,18,387.5,406.5,3,413.0,397.5,408.5,384.5,65.0,25967.5,37
2023-05-11 14:16:31,RM401P3050,RM401P3050,406.0,0.0,0.0,0.0,18,387.5,406.5,6,413.0,397.5,408.5,384.5,65.0,25967.5,37
2023-05-11 14:16:31,RM401P3050,RM401P3050,406.0,0.0,0.0,0.0,21,387.5,406.5,9,413.0,397.5,408.5,384.5,65.0,25967.5,37
2023-05-11 14:16:37,RM401P3050,RM401P3050,406.0,0.0,0.0,0.0,18,387.5,406.5,9,413.0,397.5,408.5,384.5,65.0,25967.5,37
2023-05-11 14:16:38,RM401P3050,RM401P3050,406.0,0.0,0.0,0.0,15,387.5,395.5,3,413.0,397.5,408.5,384.5,65.0,25967.5,37
2023-05-11 14:16:39,RM401P3050,RM401P3050,406.0,0.0,0.0,0.0,12,387.5,395.5,3,413.0,397.5,408.5,384.5,65.0,25967.5,37
2023-05-11 14:16:40,RM401P3050,RM401P3050,406.0,0.0,0.0,0.0,9,387.5,395.5,3,413.0,397.5,408.5,384.5,65.0,25967.5,37
2023-05-11 14:16:42,RM401P3050,RM401P3050,406.0,0.0,0.0,0.0,6,387.5,395.5,3,413.0,397.5,408.5,384.5,65.0,25967.5,37
2023-05-11 14:16:43,RM401P3050,RM401P3050,406.0,0.0,0.0,0.0,3,387.5,395.5,3,413.0,397.5,408.5,384.5,65.0,25967.5,37
2023-05-11 14:16:44,RM401P3050,RM401P3050,406.0,0.0,0.0,0.0,3,387.5,407.0,3,413.0,397.5,408.5,384.5,65.0,25967.5,37
2023-05-11 14:16:45,RM401P3050,RM401P3050,406.0,0.0,0.0,0.0,3,387.5,410.0,3,413.0,397.5,408.5,384.5,65.0,25967.5,37
2023-05-11 14:16:45,RM401P3050,RM401P3050,406.0,0.0,0.0,0.0,3,387.5,0.0,0,413.0,397.5,408.5,384.5,65.0,25967.5,37
2023-05-11 14:24:25,RM401P3050,RM401P3050,406.0,0.0,0.0,0.0,3,387.5,412.0,10,413.0,397.5,408.5,384.5,65.0,25967.5,37
2023-05-11 14:24:28,RM401P3050,RM401P3050,406.0,0.0,0.0,0.0,6,387.5,412.0,13,413.0,397.5,408.5,384.5,65.0,25967.5,37
2023-05-11 14:24:31,RM401P3050,RM401P3050,406.0,0.0,0.0,0.0,9,387.5,404.0,3,413.0,397.5,408.5,384.5,65.0,25967.5,37
2023-05-11 14:24:32,RM401P3050,RM401P3050,406.0,0.0,0.0,0.0,9,387.5,404.0,6,413.0,397.5,408.5,384.5,65.0,25967.5,37
2023-05-11 14:24:32,RM401P3050,RM401P3050,406.0,0.0,0.0,0.0,15,387.5,404.0,15,413.0,397.5,408.5,384.5,65.0,25967.5,37
2023-05-11 14:24:33,RM401P3050,RM401P3050,406.0,0.0,0.0,0.0,12,387.5,402.0,3,413.0,397.5,408.5,384.5,65.0,25967.5,37
2023-05-11 14:24:33,RM401P3050,RM401P3050,406.0,0.0,0.0,0.0,15,387.5,402.0,6,413.0,397.5,408.5,384.5,65.0,25967.5,37
2023-05-11 14:24:33,RM401P3050,RM401P3050,406.0,0.0,0.0,0.0,18,387.5,402.0,9,413.0,397.5,408.5,384.5,65.0,25967.5,37
2023-05-11 14:24:38,RM401P3050,RM401P3050,406.0,0.0,0.0,0.0,1,394.5,402.0,6,413.0,397.5,408.5,384.5,65.0,25967.5,37
2023-05-11 14:24:38,RM401P3050,RM401P3050,406.0,0.0,0.0,0.0,4,394.5,402.0,6,413.0,397.5,408.5,384.5,65.0,25967.5,37
2023-05-11 14:24:39,RM401P3050,RM401P3050,406.0,0.0,0.0,0.0,7,394.5,402.0,9,413.0,397.5,408.5,384.5,65.0,25967.5,37
2023-05-11 14:24:40,RM401P3050,RM401P3050,406.0,0.0,0.0,0.0,6,394.5,402.0,9,413.0,397.5,408.5,384.5,65.0,25967.5,37
2023-05-11 14:24:44,RM401P3050,RM401P3050,406.0,0.0,0.0,0.0,6,394.5,402.0,6,413.0,397.5,408.5,384.5,65.0,25967.5,37
2023-05-11 14:24:45,RM401P3050,RM401P3050,394.5,3.0,1164.5,0.0,3,394.5,395.0,3,413.0,397.5,408.5,384.5,68.0,27132.0,37
2023-05-11 14:24:46,RM401P3050,RM401P3050,394.5,0.0,0.0,0.0,3,387.5,395.0,3,413.0,397.5,408.5,384.5,68.0,27132.0,37
2023-05-11 14:35:17,RM401P3050,RM401P3050,394.5,0.0,0.0,0.0,3,387.5,0.0,0,413.0,397.5,408.5,384.5,68.0,27132.0,37
2023-05-11 14:35:35,RM401P3050,RM401P3050,394.5,0.0,0.0,0.0,1,397.5,0.0,0,413.0,397.5,408.5,384.5,68.0,27132.0,37
2023-05-11 14:35:36,RM401P3050,RM401P3050,394.5,0.0,0.0,0.0,1,397.5,415.5,10,413.0,397.5,408.5,384.5,68.0,27132.0,37
2023-05-11 14:35:42,RM401P3050,RM401P3050,394.5,0.0,0.0,0.0,1,397.5,408.5,3,413.0,397.5,408.5,384.5,68.0,27132.0,37
2023-05-11 14:35:42,RM401P3050,RM401P3050,394.5,0.0,0.0,0.0,1,397.5,408.5,6,413.0,397.5,408.5,384.5,68.0,27132.0,37
2023-05-11 14:35:43,RM401P3050,RM401P3050,394.5,0.0,0.0,0.0,4,397.5,405.5,6,413.0,397.5,408.5,384.5,68.0,27132.0,37
2023-05-11 14:35:44,RM401P3050,RM401P3050,394.5,0.0,0.0,0.0,3,397.5,405.5,6,413.0,397.5,408.5,384.5,68.0,27132.0,37
2023-05-11 14:35:44,RM401P3050,RM401P3050,397.5,3.0,1197.0,0.0,3,395.0,405.5,3,413.0,397.5,408.5,384.5,71.0,28329.0,37
2023-05-11 14:35:45,RM401P3050,RM401P3050,397.5,0.0,0.0,0.0,3,397.5,405.5,6,413.0,397.5,408.5,384.5,71.0,28329.0,37
2023-05-11 14:35:54,RM401P3050,RM401P3050,397.5,0.0,0.0,0.0,3,397.5,405.5,3,413.0,397.5,408.5,384.5,71.0,28329.0,37
2023-05-11 14:35:57,RM401P3050,RM401P3050,397.5,0.0,0.0,0.0,3,397.0,406.0,3,413.0,397.5,408.5,384.5,71.0,28329.0,37
