time,symbol_id,symbol_name,last,trade_volume,trade_amount,open_interest_change,bv1,bp1,ap1,av1,yesterday_close,today_open,today_high,today_low,volume,amount,open_interest
2023-05-10 19:12:58,RM401C3150,RM401C3150,40.0,0.0,0.0,0.0,0,0.0,0.0,0,40.0,43.0,0.0,0.0,0.0,0.0,238
2023-05-10 20:59:00,RM401C3150,RM401C3150,40.0,0.0,0.0,0.0,1,1.5,0.0,0,40.0,43.0,0.0,0.0,0.0,0.0,238
2023-05-10 21:00:00,RM401C3150,RM401C3150,40.0,0.0,0.0,0.0,10,4.5,0.0,0,40.0,43.0,0.0,0.0,0.0,0.0,238
2023-05-10 21:01:23,RM401C3150,RM401C3150,40.0,0.0,0.0,0.0,2,5.0,0.0,0,40.0,43.0,0.0,0.0,0.0,0.0,238
2023-05-10 21:01:24,RM401C3150,RM401C3150,40.0,0.0,0.0,0.0,10,8.0,0.0,0,40.0,43.0,0.0,0.0,0.0,0.0,238
2023-05-10 21:01:28,RM401C3150,RM401C3150,40.0,0.0,0.0,0.0,2,8.5,0.0,0,40.0,43.0,0.0,0.0,0.0,0.0,238
2023-05-10 21:01:29,RM401C3150,RM401C3150,40.0,0.0,0.0,0.0,10,11.5,0.0,0,40.0,43.0,0.0,0.0,0.0,0.0,238
2023-05-10 21:22:17,RM401C3150,RM401C3150,40.0,0.0,0.0,0.0,10,15.0,0.0,0,40.0,43.0,0.0,0.0,0.0,0.0,238
2023-05-10 22:16:41,RM401C3150,RM401C3150,40.0,0.0,0.0,0.0,3,43.0,49.0,3,40.0,43.0,0.0,0.0,0.0,0.0,238
2023-05-10 22:16:42,RM401C3150,RM401C3150,40.0,0.0,0.0,0.0,6,43.0,49.0,6,40.0,43.0,0.0,0.0,0.0,0.0,238
2023-05-10 22:16:43,RM401C3150,RM401C3150,40.0,0.0,0.0,0.0,6,43.0,43.5,3,40.0,43.0,0.0,0.0,0.0,0.0,238
2023-05-10 22:16:44,RM401C3150,RM401C3150,40.0,0.0,0.0,0.0,3,43.0,43.5,3,40.0,43.0,0.0,0.0,0.0,0.0,238
2023-05-10 22:16:48,RM401C3150,RM401C3150,40.0,0.0,0.0,0.0,3,43.0,43.5,6,40.0,43.0,0.0,0.0,0.0,0.0,238
2023-05-10 22:16:48,RM401C3150,RM401C3150,40.0,0.0,0.0,0.0,6,43.0,43.5,9,40.0,43.0,0.0,0.0,0.0,0.0,238
2023-05-10 22:16:49,RM401C3150,RM401C3150,40.0,0.0,0.0,0.0,6,43.0,43.5,12,40.0,43.0,0.0,0.0,0.0,0.0,238
2023-05-10 22:16:51,RM401C3150,RM401C3150,40.0,0.0,0.0,0.0,9,43.0,43.5,15,40.0,43.0,0.0,0.0,0.0,0.0,238
2023-05-10 22:16:53,RM401C3150,RM401C3150,40.0,0.0,0.0,0.0,12,43.0,43.5,15,40.0,43.0,0.0,0.0,0.0,0.0,238
2023-05-10 22:16:53,RM401C3150,RM401C3150,40.0,0.0,0.0,0.0,9,43.0,43.5,15,40.0,43.0,0.0,0.0,0.0,0.0,238
2023-05-10 22:16:54,RM401C3150,RM401C3150,40.0,0.0,0.0,0.0,9,43.0,43.5,12,40.0,43.0,0.0,0.0,0.0,0.0,238
2023-05-10 22:16:59,RM401C3150,RM401C3150,40.0,0.0,0.0,0.0,9,43.0,43.5,9,40.0,43.0,0.0,0.0,0.0,0.0,238
2023-05-10 22:16:59,RM401C3150,RM401C3150,40.0,0.0,0.0,0.0,6,43.0,43.5,6,40.0,43.0,0.0,0.0,0.0,0.0,238
2023-05-10 22:17:01,RM401C3150,RM401C3150,40.0,0.0,0.0,0.0,6,43.0,43.5,3,40.0,43.0,0.0,0.0,0.0,0.0,238
2023-05-10 22:17:02,RM401C3150,RM401C3150,42.5,9.0,387.0,0.0,1,3.5,41.5,3,40.0,43.0,43.0,42.5,9.0,387.0,238
2023-05-10 22:17:02,RM401C3150,RM401C3150,42.5,0.0,0.0,0.0,2,10.0,41.5,3,40.0,43.0,43.0,42.5,9.0,387.0,238
2023-05-10 22:17:03,RM401C3150,RM401C3150,42.5,0.0,0.0,0.0,10,16.0,41.5,3,40.0,43.0,43.0,42.5,9.0,387.0,238
2023-05-10 22:17:03,RM401C3150,RM401C3150,42.5,0.0,0.0,0.0,2,22.5,41.5,3,40.0,43.0,43.0,42.5,9.0,387.0,238
2023-05-10 22:17:03,RM401C3150,RM401C3150,42.5,0.0,0.0,0.0,10,23.0,41.5,3,40.0,43.0,43.0,42.5,9.0,387.0,238
2023-05-10 22:17:05,RM401C3150,RM401C3150,42.5,0.0,0.0,0.0,10,19.5,41.5,3,40.0,43.0,43.0,42.5,9.0,387.0,238
2023-05-10 22:17:06,RM401C3150,RM401C3150,42.5,0.0,0.0,0.0,10,23.0,41.5,3,40.0,43.0,43.0,42.5,9.0,387.0,238
2023-05-10 22:18:39,RM401C3150,RM401C3150,42.5,0.0,0.0,0.0,10,22.5,41.5,3,40.0,43.0,43.0,42.5,9.0,387.0,238
2023-05-10 22:22:04,RM401C3150,RM401C3150,42.5,0.0,0.0,0.0,2,26.0,41.5,3,40.0,43.0,43.0,42.5,9.0,387.0,238
2023-05-10 22:22:11,RM401C3150,RM401C3150,42.5,0.0,0.0,0.0,1,35.0,41.5,3,40.0,43.0,43.0,42.5,9.0,387.0,238
2023-05-10 22:22:36,RM401C3150,RM401C3150,41.5,3.0,123.0,0.0,1,35.0,0.0,0,40.0,43.0,43.0,41.5,12.0,510.0,238
2023-05-10 22:22:56,RM401C3150,RM401C3150,41.5,0.0,0.0,0.0,3,40.0,44.0,3,40.0,43.0,43.0,41.5,12.0,510.0,238
2023-05-10 22:23:00,RM401C3150,RM401C3150,41.5,0.0,0.0,0.0,6,40.0,44.0,3,40.0,43.0,43.0,41.5,12.0,510.0,238
2023-05-10 22:23:03,RM401C3150,RM401C3150,41.5,0.0,0.0,0.0,9,40.0,44.0,6,40.0,43.0,43.0,41.5,12.0,510.0,238
2023-05-10 22:23:04,RM401C3150,RM401C3150,41.5,0.0,0.0,0.0,3,42.0,44.0,15,40.0,43.0,43.0,41.5,12.0,510.0,238
2023-05-10 22:23:05,RM401C3150,RM401C3150,41.5,0.0,0.0,0.0,6,42.0,44.0,18,40.0,43.0,43.0,41.5,12.0,510.0,238
2023-05-10 22:23:07,RM401C3150,RM401C3150,41.5,0.0,0.0,0.0,9,42.0,44.0,21,40.0,43.0,43.0,41.5,12.0,510.0,238
2023-05-10 22:23:07,RM401C3150,RM401C3150,41.5,0.0,0.0,0.0,9,42.0,44.0,18,40.0,43.0,43.0,41.5,12.0,510.0,238
2023-05-10 22:23:09,RM401C3150,RM401C3150,41.5,0.0,0.0,0.0,12,42.0,44.0,21,40.0,43.0,43.0,41.5,12.0,510.0,238
2023-05-10 22:23:14,RM401C3150,RM401C3150,41.5,0.0,0.0,0.0,12,42.0,44.0,18,40.0,43.0,43.0,41.5,12.0,510.0,238
2023-05-10 22:23:15,RM401C3150,RM401C3150,41.5,0.0,0.0,0.0,9,42.0,44.0,12,40.0,43.0,43.0,41.5,12.0,510.0,238
2023-05-10 22:23:15,RM401C3150,RM401C3150,41.5,0.0,0.0,0.0,9,42.0,44.0,9,40.0,43.0,43.0,41.5,12.0,510.0,238
2023-05-10 22:23:16,RM401C3150,RM401C3150,42.0,2.0,85.0,0.0,7,42.0,44.0,9,40.0,43.0,43.0,41.5,14.0,595.0,238
2023-05-10 22:23:18,RM401C3150,RM401C3150,42.0,0.0,0.0,0.0,6,42.0,44.0,6,40.0,43.0,43.0,41.5,14.0,595.0,238
2023-05-10 22:23:18,RM401C3150,RM401C3150,42.0,0.0,0.0,0.0,3,42.0,44.0,3,40.0,43.0,43.0,41.5,14.0,595.0,238
2023-05-10 22:23:20,RM401C3150,RM401C3150,42.0,0.0,0.0,0.0,3,40.5,45.5,3,40.0,43.0,43.0,41.5,14.0,595.0,238
2023-05-10 22:23:21,RM401C3150,RM401C3150,42.0,0.0,0.0,0.0,3,40.5,42.0,1,40.0,43.0,43.0,41.5,14.0,595.0,238
2023-05-10 22:23:22,RM401C3150,RM401C3150,42.0,0.0,0.0,0.0,1,35.0,0.0,0,40.0,43.0,43.0,41.5,14.0,595.0,238
2023-05-10 22:24:15,RM401C3150,RM401C3150,42.0,0.0,0.0,0.0,1,40.0,0.0,0,40.0,43.0,43.0,41.5,14.0,595.0,238
2023-05-10 22:24:27,RM401C3150,RM401C3150,42.0,0.0,0.0,0.0,3,43.5,49.5,3,40.0,43.0,43.0,41.5,14.0,595.0,238
2023-05-10 22:24:27,RM401C3150,RM401C3150,42.0,0.0,0.0,0.0,6,43.5,49.5,6,40.0,43.0,43.0,41.5,14.0,595.0,238
2023-05-10 22:24:29,RM401C3150,RM401C3150,42.0,0.0,0.0,0.0,6,43.5,44.5,3,40.0,43.0,43.0,41.5,14.0,595.0,238
2023-05-10 22:24:30,RM401C3150,RM401C3150,42.0,0.0,0.0,0.0,3,43.5,44.5,3,40.0,43.0,43.0,41.5,14.0,595.0,238
2023-05-10 22:24:30,RM401C3150,RM401C3150,43.5,1.0,42.5,0.0,2,43.5,44.5,3,40.0,43.0,43.5,41.5,15.0,637.5,238
2023-05-10 22:24:31,RM401C3150,RM401C3150,43.5,2.0,85.0,2.0,3,42.5,43.5,1,40.0,43.0,43.5,41.5,17.0,722.5,240
2023-05-10 22:24:34,RM401C3150,RM401C3150,43.5,0.0,0.0,0.0,3,42.5,43.5,4,40.0,43.0,43.5,41.5,17.0,722.5,240
2023-05-10 22:24:34,RM401C3150,RM401C3150,43.5,0.0,0.0,0.0,6,42.5,43.5,7,40.0,43.0,43.5,41.5,17.0,722.5,240
2023-05-10 22:24:35,RM401C3150,RM401C3150,43.5,0.0,0.0,0.0,9,42.5,43.5,10,40.0,43.0,43.5,41.5,17.0,722.5,240
2023-05-10 22:24:36,RM401C3150,RM401C3150,43.5,0.0,0.0,0.0,12,42.5,43.5,13,40.0,43.0,43.5,41.5,17.0,722.5,240
2023-05-10 22:24:39,RM401C3150,RM401C3150,43.5,0.0,0.0,0.0,15,42.5,43.5,16,40.0,43.0,43.5,41.5,17.0,722.5,240
2023-05-10 22:24:42,RM401C3150,RM401C3150,43.5,0.0,0.0,0.0,12,42.5,43.5,16,40.0,43.0,43.5,41.5,17.0,722.5,240
2023-05-10 22:24:42,RM401C3150,RM401C3150,43.5,0.0,0.0,0.0,12,42.5,43.5,15,40.0,43.0,43.5,41.5,17.0,722.5,240
2023-05-10 22:24:45,RM401C3150,RM401C3150,43.5,0.0,0.0,0.0,12,42.5,43.5,12,40.0,43.0,43.5,41.5,17.0,722.5,240
2023-05-10 22:24:46,RM401C3150,RM401C3150,43.5,0.0,0.0,0.0,12,42.5,43.5,9,40.0,43.0,43.5,41.5,17.0,722.5,240
2023-05-10 22:24:46,RM401C3150,RM401C3150,43.5,0.0,0.0,0.0,9,42.5,43.5,6,40.0,43.0,43.5,41.5,17.0,722.5,240
2023-05-10 22:24:47,RM401C3150,RM401C3150,43.5,0.0,0.0,0.0,6,42.5,43.5,6,40.0,43.0,43.5,41.5,17.0,722.5,240
2023-05-10 22:24:48,RM401C3150,RM401C3150,43.5,0.0,0.0,0.0,3,42.5,43.5,3,40.0,43.0,43.5,41.5,17.0,722.5,240
2023-05-10 22:24:49,RM401C3150,RM401C3150,43.5,0.0,0.0,0.0,1,40.0,0.0,0,40.0,43.0,43.5,41.5,17.0,722.5,240
2023-05-10 22:26:52,RM401C3150,RM401C3150,43.5,0.0,0.0,0.0,3,43.0,49.0,3,40.0,43.0,43.5,41.5,17.0,722.5,240
2023-05-10 22:26:52,RM401C3150,RM401C3150,43.5,0.0,0.0,0.0,6,43.0,49.0,6,40.0,43.0,43.5,41.5,17.0,722.5,240
2023-05-10 22:26:54,RM401C3150,RM401C3150,43.5,0.0,0.0,0.0,6,43.0,44.0,3,40.0,43.0,43.5,41.5,17.0,722.5,240
2023-05-10 22:26:55,RM401C3150,RM401C3150,43.5,0.0,0.0,0.0,3,43.0,44.0,3,40.0,43.0,43.5,41.5,17.0,722.5,240
2023-05-10 22:26:59,RM401C3150,RM401C3150,43.5,0.0,0.0,0.0,6,43.0,43.5,6,40.0,43.0,43.5,41.5,17.0,722.5,240
2023-05-10 22:26:59,RM401C3150,RM401C3150,43.5,0.0,0.0,0.0,9,43.0,43.5,6,40.0,43.0,43.5,41.5,17.0,722.5,240
2023-05-10 22:27:00,RM401C3150,RM401C3150,43.5,0.0,0.0,0.0,9,43.0,43.5,12,40.0,43.0,43.5,41.5,17.0,722.5,240
2023-05-10 22:27:01,RM401C3150,RM401C3150,43.5,0.0,0.0,0.0,12,43.0,43.5,15,40.0,43.0,43.5,41.5,17.0,722.5,240
2023-05-10 22:27:04,RM401C3150,RM401C3150,43.5,0.0,0.0,0.0,9,43.0,43.5,18,40.0,43.0,43.5,41.5,17.0,722.5,240
2023-05-10 22:27:10,RM401C3150,RM401C3150,43.5,0.0,0.0,0.0,6,43.0,43.5,12,40.0,43.0,43.5,41.5,17.0,722.5,240
2023-05-10 22:27:11,RM401C3150,RM401C3150,43.5,0.0,0.0,0.0,6,43.0,43.5,9,40.0,43.0,43.5,41.5,17.0,722.5,240
2023-05-10 22:27:11,RM401C3150,RM401C3150,43.5,0.0,0.0,0.0,6,43.0,43.5,6,40.0,43.0,43.5,41.5,17.0,722.5,240
2023-05-10 22:27:12,RM401C3150,RM401C3150,43.5,0.0,0.0,0.0,3,43.0,43.5,6,40.0,43.0,43.5,41.5,17.0,722.5,240
2023-05-10 22:27:13,RM401C3150,RM401C3150,43.5,0.0,0.0,0.0,6,42.5,43.5,3,40.0,43.0,43.5,41.5,17.0,722.5,240
2023-05-10 22:27:14,RM401C3150,RM401C3150,43.5,0.0,0.0,0.0,3,42.5,43.5,3,40.0,43.0,43.5,41.5,17.0,722.5,240
2023-05-10 22:27:15,RM401C3150,RM401C3150,43.5,0.0,0.0,0.0,3,40.5,45.5,3,40.0,43.0,43.5,41.5,17.0,722.5,240
2023-05-10 22:27:19,RM401C3150,RM401C3150,43.5,0.0,0.0,0.0,1,40.0,0.0,0,40.0,43.0,43.5,41.5,17.0,722.5,240
2023-05-11 09:02:15,RM401C3150,RM401C3150,43.5,0.0,0.0,0.0,1,42.0,0.0,0,40.0,43.0,43.5,41.5,17.0,722.5,240
2023-05-11 09:02:37,RM401C3150,RM401C3150,43.5,0.0,0.0,0.0,1,43.0,0.0,0,40.0,43.0,43.5,41.5,17.0,722.5,240
2023-05-11 09:08:50,RM401C3150,RM401C3150,43.5,0.0,0.0,0.0,1,44.0,0.0,0,40.0,43.0,43.5,41.5,17.0,722.5,240
2023-05-11 11:22:04,RM401C3150,RM401C3150,43.5,0.0,0.0,0.0,1,45.0,0.0,0,40.0,43.0,43.5,41.5,17.0,722.5,240
2023-05-11 11:23:48,RM401C3150,RM401C3150,43.5,0.0,0.0,0.0,1,45.0,50.0,3,40.0,43.0,43.5,41.5,17.0,722.5,240
2023-05-11 11:23:48,RM401C3150,RM401C3150,43.5,0.0,0.0,0.0,1,45.0,50.0,6,40.0,43.0,43.5,41.5,17.0,722.5,240
2023-05-11 11:23:50,RM401C3150,RM401C3150,43.5,0.0,0.0,0.0,1,45.0,47.0,3,40.0,43.0,43.5,41.5,17.0,722.5,240
2023-05-11 11:23:51,RM401C3150,RM401C3150,45.0,1.0,51.5,1.0,6,44.5,45.0,2,40.0,43.0,45.0,41.5,18.0,774.0,241
2023-05-11 11:23:51,RM401C3150,RM401C3150,45.0,0.0,0.0,0.0,4,44.0,45.0,2,40.0,43.0,45.0,41.5,18.0,774.0,241
2023-05-11 11:23:53,RM401C3150,RM401C3150,44.0,1.0,43.0,0.0,3,44.0,45.0,2,40.0,43.0,45.0,41.5,19.0,817.0,241
2023-05-11 11:23:54,RM401C3150,RM401C3150,44.0,3.0,129.0,3.0,3,43.5,45.0,2,40.0,43.0,45.0,41.5,22.0,946.0,244
2023-05-11 11:23:55,RM401C3150,RM401C3150,44.0,0.0,0.0,0.0,3,43.5,45.0,5,40.0,43.0,45.0,41.5,22.0,946.0,244
2023-05-11 11:23:55,RM401C3150,RM401C3150,44.0,0.0,0.0,0.0,3,43.5,45.0,8,40.0,43.0,45.0,41.5,22.0,946.0,244
2023-05-11 11:23:56,RM401C3150,RM401C3150,44.0,0.0,0.0,0.0,6,43.5,45.0,11,40.0,43.0,45.0,41.5,22.0,946.0,244
2023-05-11 11:24:02,RM401C3150,RM401C3150,44.0,0.0,0.0,0.0,6,43.5,45.0,9,40.0,43.0,45.0,41.5,22.0,946.0,244
2023-05-11 11:24:03,RM401C3150,RM401C3150,44.0,0.0,0.0,0.0,3,43.5,45.0,9,40.0,43.0,45.0,41.5,22.0,946.0,244
2023-05-11 11:24:06,RM401C3150,RM401C3150,44.0,0.0,0.0,0.0,3,43.5,45.0,6,40.0,43.0,45.0,41.5,22.0,946.0,244
2023-05-11 11:24:07,RM401C3150,RM401C3150,44.0,0.0,0.0,0.0,3,43.5,45.0,3,40.0,43.0,45.0,41.5,22.0,946.0,244
2023-05-11 11:24:09,RM401C3150,RM401C3150,44.0,0.0,0.0,0.0,4,43.0,45.5,3,40.0,43.0,45.0,41.5,22.0,946.0,244
2023-05-11 11:24:10,RM401C3150,RM401C3150,44.0,0.0,0.0,0.0,1,43.0,0.0,0,40.0,43.0,45.0,41.5,22.0,946.0,244
2023-05-11 14:15:48,RM401C3150,RM401C3150,43.0,1.0,43.0,0.0,1,42.0,0.0,0,40.0,43.0,45.0,41.5,23.0,989.0,244
2023-05-11 14:15:50,RM401C3150,RM401C3150,42.0,1.0,43.0,0.0,1,40.0,0.0,0,40.0,43.0,45.0,41.5,24.0,1032.0,244
2023-05-11 14:15:52,RM401C3150,RM401C3150,40.0,1.0,43.0,0.0,1,38.0,0.0,0,40.0,43.0,45.0,40.0,25.0,1075.0,244
2023-05-11 14:16:23,RM401C3150,RM401C3150,40.0,0.0,0.0,0.0,3,44.5,50.5,3,40.0,43.0,45.0,40.0,25.0,1075.0,244
2023-05-11 14:16:23,RM401C3150,RM401C3150,40.0,0.0,0.0,0.0,6,44.5,50.5,6,40.0,43.0,45.0,40.0,25.0,1075.0,244
2023-05-11 14:16:25,RM401C3150,RM401C3150,40.0,0.0,0.0,0.0,9,44.5,50.5,9,40.0,43.0,45.0,40.0,25.0,1075.0,244
2023-05-11 14:16:25,RM401C3150,RM401C3150,44.5,9.0,404.0,3.0,1,38.0,50.5,3,40.0,43.0,45.0,40.0,34.0,1479.0,247
2023-05-11 14:16:29,RM401C3150,RM401C3150,44.5,0.0,0.0,0.0,3,39.0,44.0,3,40.0,43.0,45.0,40.0,34.0,1479.0,247
2023-05-11 14:16:29,RM401C3150,RM401C3150,44.5,0.0,0.0,0.0,3,43.0,44.0,3,40.0,43.0,45.0,40.0,34.0,1479.0,247
2023-05-11 14:16:30,RM401C3150,RM401C3150,44.5,0.0,0.0,0.0,6,43.0,44.0,6,40.0,43.0,45.0,40.0,34.0,1479.0,247
2023-05-11 14:16:32,RM401C3150,RM401C3150,44.5,0.0,0.0,0.0,9,43.0,44.0,9,40.0,43.0,45.0,40.0,34.0,1479.0,247
2023-05-11 14:16:33,RM401C3150,RM401C3150,44.5,0.0,0.0,0.0,9,43.0,44.0,12,40.0,43.0,45.0,40.0,34.0,1479.0,247
2023-05-11 14:16:40,RM401C3150,RM401C3150,44.5,0.0,0.0,0.0,9,43.0,44.0,9,40.0,43.0,45.0,40.0,34.0,1479.0,247
2023-05-11 14:16:40,RM401C3150,RM401C3150,44.5,0.0,0.0,0.0,6,43.0,44.0,9,40.0,43.0,45.0,40.0,34.0,1479.0,247
2023-05-11 14:16:41,RM401C3150,RM401C3150,44.5,0.0,0.0,0.0,6,43.0,44.0,6,40.0,43.0,45.0,40.0,34.0,1479.0,247
2023-05-11 14:16:43,RM401C3150,RM401C3150,44.5,0.0,0.0,0.0,3,43.0,44.0,6,40.0,43.0,45.0,40.0,34.0,1479.0,247
2023-05-11 14:16:43,RM401C3150,RM401C3150,44.5,0.0,0.0,0.0,3,42.5,44.0,3,40.0,43.0,45.0,40.0,34.0,1479.0,247
2023-05-11 14:16:45,RM401C3150,RM401C3150,44.5,0.0,0.0,0.0,3,40.5,45.0,3,40.0,43.0,45.0,40.0,34.0,1479.0,247
2023-05-11 14:16:45,RM401C3150,RM401C3150,44.5,0.0,0.0,0.0,1,38.0,0.0,0,40.0,43.0,45.0,40.0,34.0,1479.0,247
2023-05-11 14:16:49,RM401C3150,RM401C3150,44.5,0.0,0.0,0.0,1,40.0,0.0,0,40.0,43.0,45.0,40.0,34.0,1479.0,247
2023-05-11 14:28:46,RM401C3150,RM401C3150,44.5,0.0,0.0,0.0,3,45.0,45.5,3,40.0,43.0,45.0,40.0,34.0,1479.0,247
2023-05-11 14:28:53,RM401C3150,RM401C3150,45.0,3.0,130.5,3.0,3,44.0,45.5,3,40.0,43.0,45.0,40.0,37.0,1609.5,250
2023-05-11 14:28:53,RM401C3150,RM401C3150,45.0,0.0,0.0,0.0,6,44.0,45.5,9,40.0,43.0,45.0,40.0,37.0,1609.5,250
2023-05-11 14:28:55,RM401C3150,RM401C3150,45.0,0.0,0.0,0.0,9,44.0,45.5,12,40.0,43.0,45.0,40.0,37.0,1609.5,250
2023-05-11 14:28:57,RM401C3150,RM401C3150,45.0,0.0,0.0,0.0,9,44.0,45.5,9,40.0,43.0,45.0,40.0,37.0,1609.5,250
2023-05-11 14:28:58,RM401C3150,RM401C3150,45.0,0.0,0.0,0.0,9,44.0,45.5,12,40.0,43.0,45.0,40.0,37.0,1609.5,250
2023-05-11 14:28:59,RM401C3150,RM401C3150,45.0,0.0,0.0,0.0,6,44.0,45.5,12,40.0,43.0,45.0,40.0,37.0,1609.5,250
2023-05-11 14:29:05,RM401C3150,RM401C3150,45.0,0.0,0.0,0.0,6,44.0,45.5,9,40.0,43.0,45.0,40.0,37.0,1609.5,250
2023-05-11 14:29:06,RM401C3150,RM401C3150,45.0,0.0,0.0,0.0,3,44.0,45.5,6,40.0,43.0,45.0,40.0,37.0,1609.5,250
2023-05-11 14:29:07,RM401C3150,RM401C3150,45.0,0.0,0.0,0.0,6,43.5,45.5,3,40.0,43.0,45.0,40.0,37.0,1609.5,250
2023-05-11 14:29:08,RM401C3150,RM401C3150,45.0,0.0,0.0,0.0,3,43.5,45.5,3,40.0,43.0,45.0,40.0,37.0,1609.5,250
2023-05-11 14:29:08,RM401C3150,RM401C3150,45.0,0.0,0.0,0.0,3,42.0,47.5,3,40.0,43.0,45.0,40.0,37.0,1609.5,250
2023-05-11 14:29:10,RM401C3150,RM401C3150,45.0,0.0,0.0,0.0,1,40.0,0.0,0,40.0,43.0,45.0,40.0,37.0,1609.5,250
2023-05-11 14:59:01,RM401C3150,RM401C3150,45.0,0.0,0.0,0.0,1,40.0,0.0,0,40.0,43.0,45.0,40.0,37.0,1609.5,250
