time,symbol_id,symbol_name,last,trade_volume,trade_amount,open_interest_change,bv1,bp1,ap1,av1,yesterday_close,today_open,today_high,today_low,volume,amount,open_interest
2023-05-11 09:29:00,IM2306,IM2306,6610.4,17.0,22475360.0,4.0,5,6610.4,6619.4,7,6603.6,6610.4,6610.4,6610.4,17.0,22475360.0,69429
2023-05-11 09:30:00,IM2306,IM2306,6614.8,6.0,7937360.0,-6.0,1,6611.0,6613.6,1,6603.6,6610.4,6614.8,6610.4,23.0,30412720.0,69423
2023-05-11 09:30:00,IM2306,IM2306,6614.8,16.0,21163320.0,-12.0,2,6614.8,6615.8,1,6603.6,6610.4,6615.2,6610.4,39.0,51576040.0,69411
2023-05-11 09:30:01,IM2306,IM2306,6613.2,5.0,6613800.0,-3.0,1,6613.0,6614.4,1,6603.6,6610.4,6615.2,6610.4,44.0,58189840.0,69408
2023-05-11 09:30:01,IM2306,IM2306,6613.4,7.0,9259560.0,-6.0,2,6613.4,6614.2,1,6603.6,6610.4,6615.2,6610.4,51.0,67449400.0,69402
2023-05-11 09:30:02,IM2306,IM2306,6613.4,5.0,6613320.0,0.0,3,6611.4,6613.4,7,6603.6,6610.4,6615.2,6610.4,56.0,74062720.0,69402
2023-05-11 09:30:02,IM2306,IM2306,6614.6,13.0,17195320.0,-3.0,1,6613.0,6615.8,1,6603.6,6610.4,6615.2,6610.4,69.0,91258040.0,69399
2023-05-11 09:30:03,IM2306,IM2306,6615.6,4.0,5292160.0,0.0,1,6614.4,6615.6,2,6603.6,6610.4,6615.6,6610.4,73.0,96550200.0,69399
2023-05-11 09:30:03,IM2306,IM2306,6614.6,6.0,7937720.0,-1.0,5,6614.2,6614.4,7,6603.6,6610.4,6615.6,6610.4,79.0,104487920.0,69398
2023-05-11 09:30:04,IM2306,IM2306,6614.2,14.0,18521200.0,-2.0,2,6615.2,6618.8,1,6603.6,6610.4,6617.0,6610.4,93.0,123009120.0,69396
2023-05-11 09:30:04,IM2306,IM2306,6617.4,2.0,2646880.0,0.0,2,6616.4,6617.4,1,6603.6,6610.4,6617.4,6610.4,95.0,125656000.0,69396
2023-05-11 09:30:05,IM2306,IM2306,6616.6,12.0,15881320.0,-2.0,1,6616.0,6616.4,4,6603.6,6610.4,6618.6,6610.4,107.0,141537320.0,69394
2023-05-11 09:30:05,IM2306,IM2306,6619.8,11.0,14558840.0,1.0,1,6617.4,6621.0,2,6603.6,6610.4,6619.8,6610.4,118.0,156096160.0,69395
2023-05-11 09:30:06,IM2306,IM2306,6617.4,5.0,6617600.0,1.0,3,6616.6,6617.4,5,6603.6,6610.4,6619.8,6610.4,123.0,162713760.0,69396
2023-05-11 09:30:06,IM2306,IM2306,6617.2,6.0,7940840.0,-1.0,1,6617.2,6619.6,1,6603.6,6610.4,6619.8,6610.4,129.0,170654600.0,69395
2023-05-11 09:30:07,IM2306,IM2306,6620.2,3.0,3971840.0,-3.0,1,6617.4,6620.4,2,6603.6,6610.4,6620.2,6610.4,132.0,174626440.0,69392
2023-05-11 09:30:07,IM2306,IM2306,6617.6,14.0,18529680.0,-2.0,2,6617.6,6620.2,2,6603.6,6610.4,6620.2,6610.4,146.0,193156120.0,69390
2023-05-11 09:30:08,IM2306,IM2306,6617.6,6.0,7942120.0,-3.0,2,6617.6,6620.0,2,6603.6,6610.4,6620.2,6610.4,152.0,201098240.0,69387
2023-05-11 09:30:08,IM2306,IM2306,6617.6,0.0,0.0,0.0,3,6618.6,6619.8,1,6603.6,6610.4,6620.2,6610.4,152.0,201098240.0,69387
2023-05-11 09:30:09,IM2306,IM2306,6617.6,0.0,0.0,0.0,1,6618.8,6620.6,1,6603.6,6610.4,6620.2,6610.4,152.0,201098240.0,69387
2023-05-11 09:30:09,IM2306,IM2306,6618.8,6.0,7942520.0,-1.0,1,6618.4,6618.8,6,6603.6,6610.4,6620.2,6610.4,158.0,209040760.0,69386
2023-05-11 09:30:10,IM2306,IM2306,6619.0,11.0,14561400.0,-6.0,2,6618.0,6620.6,1,6603.6,6610.4,6620.2,6610.4,169.0,223602160.0,69380
2023-05-11 09:30:10,IM2306,IM2306,6620.4,2.0,2648160.0,2.0,2,6620.4,6620.6,1,6603.6,6610.4,6620.4,6610.4,171.0,226250320.0,69382
2023-05-11 09:30:11,IM2306,IM2306,6618.2,4.0,5295560.0,-1.0,7,6618.2,6620.0,1,6603.6,6610.4,6620.4,6610.4,175.0,231545880.0,69381
2023-05-11 09:30:11,IM2306,IM2306,6620.4,14.0,18535360.0,2.0,6,6619.2,6621.0,2,6603.6,6610.4,6620.6,6610.4,189.0,250081240.0,69383
2023-05-11 09:30:12,IM2306,IM2306,6620.4,0.0,0.0,0.0,1,6620.6,6621.0,2,6603.6,6610.4,6620.6,6610.4,189.0,250081240.0,69383
2023-05-11 09:30:12,IM2306,IM2306,6621.0,2.0,2648400.0,-1.0,1,6620.6,6622.6,1,6603.6,6610.4,6621.0,6610.4,191.0,252729640.0,69382
2023-05-11 09:30:13,IM2306,IM2306,6620.6,3.0,3972440.0,1.0,1,6620.6,6621.8,1,6603.6,6610.4,6621.0,6610.4,194.0,256702080.0,69383
2023-05-11 09:30:13,IM2306,IM2306,6620.6,3.0,3972360.0,0.0,2,6620.0,6620.6,1,6603.6,6610.4,6621.0,6610.4,197.0,260674440.0,69383
2023-05-11 09:30:14,IM2306,IM2306,6619.4,6.0,7943800.0,0.0,1,6619.4,6620.0,6,6603.6,6610.4,6621.0,6610.4,203.0,268618240.0,69383
2023-05-11 09:30:14,IM2306,IM2306,6620.0,8.0,10591760.0,2.0,6,6620.0,6621.6,1,6603.6,6610.4,6621.0,6610.4,211.0,279210000.0,69385
2023-05-11 09:30:15,IM2306,IM2306,6621.4,3.0,3972800.0,0.0,6,6620.0,6621.6,2,6603.6,6610.4,6621.4,6610.4,214.0,283182800.0,69385
2023-05-11 09:30:15,IM2306,IM2306,6621.8,2.0,2648680.0,-2.0,10,6621.6,6622.6,1,6603.6,6610.4,6621.8,6610.4,216.0,285831480.0,69383
2023-05-11 09:30:16,IM2306,IM2306,6621.6,4.0,5297680.0,0.0,1,6622.6,6624.6,2,6603.6,6610.4,6622.6,6610.4,220.0,291129160.0,69383
2023-05-11 09:30:16,IM2306,IM2306,6621.6,0.0,0.0,0.0,1,6622.8,6624.0,2,6603.6,6610.4,6622.6,6610.4,220.0,291129160.0,69383
2023-05-11 09:30:17,IM2306,IM2306,6621.6,0.0,0.0,0.0,10,6624.0,6624.4,4,6603.6,6610.4,6622.6,6610.4,220.0,291129160.0,69383
2023-05-11 09:30:17,IM2306,IM2306,6624.0,3.0,3974400.0,0.0,7,6624.0,6624.4,1,6603.6,6610.4,6624.0,6610.4,223.0,295103560.0,69383
2023-05-11 09:30:18,IM2306,IM2306,6624.0,7.0,9273600.0,1.0,3,6622.6,6624.4,1,6603.6,6610.4,6624.0,6610.4,230.0,304377160.0,69384
2023-05-11 09:30:18,IM2306,IM2306,6624.4,1.0,1324880.0,0.0,1,6624.4,6624.6,2,6603.6,6610.4,6624.4,6610.4,231.0,305702040.0,69384
2023-05-11 09:30:19,IM2306,IM2306,6624.6,2.0,2649840.0,-2.0,1,6623.2,6623.4,1,6603.6,6610.4,6624.6,6610.4,233.0,308351880.0,69382
2023-05-11 09:30:19,IM2306,IM2306,6624.0,3.0,3974160.0,-2.0,1,6623.2,6624.4,1,6603.6,6610.4,6624.6,6610.4,236.0,312326040.0,69380
2023-05-11 09:30:20,IM2306,IM2306,6624.6,4.0,5299520.0,0.0,7,6624.6,6625.4,1,6603.6,6610.4,6624.6,6610.4,240.0,317625560.0,69380
2023-05-11 09:30:20,IM2306,IM2306,6624.4,9.0,11924200.0,-5.0,10,6624.4,6624.8,1,6603.6,6610.4,6624.6,6610.4,249.0,329549760.0,69375
2023-05-11 09:30:21,IM2306,IM2306,6624.8,7.0,9274240.0,1.0,4,6624.8,6625.4,4,6603.6,6610.4,6624.8,6610.4,256.0,338824000.0,69376
2023-05-11 09:30:21,IM2306,IM2306,6625.8,2.0,2650240.0,0.0,1,6625.4,6627.0,1,6603.6,6610.4,6625.8,6610.4,258.0,341474240.0,69376
2023-05-11 09:30:22,IM2306,IM2306,6627.0,4.0,5301320.0,-2.0,1,6625.6,6627.0,2,6603.6,6610.4,6627.0,6610.4,262.0,346775560.0,69374
2023-05-11 09:30:22,IM2306,IM2306,6627.0,0.0,0.0,0.0,2,6625.8,6626.6,2,6603.6,6610.4,6627.0,6610.4,262.0,346775560.0,69374
2023-05-11 09:30:23,IM2306,IM2306,6625.4,1.0,1325080.0,-1.0,3,6624.8,6625.0,1,6603.6,6610.4,6627.0,6610.4,263.0,348100640.0,69373
2023-05-11 09:30:23,IM2306,IM2306,6625.0,4.0,5300000.0,0.0,3,6624.8,6626.4,1,6603.6,6610.4,6627.0,6610.4,267.0,353400640.0,69373
2023-05-11 09:30:24,IM2306,IM2306,6625.0,0.0,0.0,0.0,3,6624.8,6625.6,3,6603.6,6610.4,6627.0,6610.4,267.0,353400640.0,69373
2023-05-11 09:30:24,IM2306,IM2306,6624.8,1.0,1324960.0,0.0,3,6624.8,6625.6,3,6603.6,6610.4,6627.0,6610.4,268.0,354725600.0,69373
2023-05-11 09:30:25,IM2306,IM2306,6625.6,1.0,1325120.0,1.0,3,6624.8,6625.6,2,6603.6,6610.4,6627.0,6610.4,269.0,356050720.0,69374
2023-05-11 09:30:25,IM2306,IM2306,6624.8,1.0,1324960.0,1.0,2,6624.8,6625.6,2,6603.6,6610.4,6627.0,6610.4,270.0,357375680.0,69375
2023-05-11 09:30:26,IM2306,IM2306,6625.6,1.0,1325120.0,1.0,2,6624.8,6625.6,1,6603.6,6610.4,6627.0,6610.4,271.0,358700800.0,69376
2023-05-11 09:30:26,IM2306,IM2306,6625.6,1.0,1325120.0,1.0,2,6625.6,6626.4,1,6603.6,6610.4,6627.0,6610.4,272.0,360025920.0,69377
2023-05-11 09:30:27,IM2306,IM2306,6626.4,1.0,1325280.0,1.0,2,6625.6,6626.6,1,6603.6,6610.4,6627.0,6610.4,273.0,361351200.0,69378
2023-05-11 09:30:27,IM2306,IM2306,6626.4,0.0,0.0,0.0,2,6625.6,6627.0,1,6603.6,6610.4,6627.0,6610.4,273.0,361351200.0,69378
2023-05-11 09:30:28,IM2306,IM2306,6627.0,1.0,1325400.0,0.0,1,6626.6,6627.6,3,6603.6,6610.4,6627.0,6610.4,274.0,362676600.0,69378
2023-05-11 09:30:28,IM2306,IM2306,6627.0,2.0,2650720.0,-1.0,4,6625.6,6627.2,2,6603.6,6610.4,6627.0,6610.4,276.0,365327320.0,69377
2023-05-11 09:30:29,IM2306,IM2306,6625.6,4.0,5301000.0,-1.0,3,6625.6,6627.6,3,6603.6,6610.4,6627.0,6610.4,280.0,370628320.0,69376
2023-05-11 09:30:29,IM2306,IM2306,6625.8,2.0,2650640.0,1.0,2,6626.4,6627.6,3,6603.6,6610.4,6627.4,6610.4,282.0,373278960.0,69377
2023-05-11 09:30:30,IM2306,IM2306,6626.8,1.0,1325360.0,-1.0,2,6626.4,6627.6,3,6603.6,6610.4,6627.4,6610.4,283.0,374604320.0,69376
2023-05-11 09:30:30,IM2306,IM2306,6626.8,0.0,0.0,0.0,2,6626.4,6627.4,1,6603.6,6610.4,6627.4,6610.4,283.0,374604320.0,69376
2023-05-11 09:30:31,IM2306,IM2306,6627.4,1.0,1325480.0,0.0,2,6626.4,6627.4,1,6603.6,6610.4,6627.4,6610.4,284.0,375929800.0,69376
2023-05-11 09:30:31,IM2306,IM2306,6627.4,1.0,1325480.0,0.0,3,6626.8,6627.6,4,6603.6,6610.4,6627.4,6610.4,285.0,377255280.0,69376
2023-05-11 09:30:32,IM2306,IM2306,6627.6,8.0,10604200.0,-7.0,1,6627.6,6628.0,2,6603.6,6610.4,6627.8,6610.4,293.0,387859480.0,69369
2023-05-11 09:30:32,IM2306,IM2306,6627.6,2.0,2651120.0,-1.0,2,6627.4,6628.0,1,6603.6,6610.4,6628.0,6610.4,295.0,390510600.0,69368
2023-05-11 09:30:34,IM2306,IM2306,6627.4,2.0,2651080.0,-1.0,1,6627.4,6628.4,1,6603.6,6610.4,6628.0,6610.4,297.0,393161680.0,69367
2023-05-11 09:30:34,IM2306,IM2306,6628.4,1.0,1325680.0,-1.0,1,6628.8,6629.0,1,6603.6,6610.4,6628.4,6610.4,298.0,394487360.0,69366
2023-05-11 09:30:35,IM2306,IM2306,6628.8,1.0,1325760.0,0.0,1,6627.4,6629.0,1,6603.6,6610.4,6628.8,6610.4,299.0,395813120.0,69366
2023-05-11 09:30:35,IM2306,IM2306,6628.8,2.0,2651360.0,-1.0,1,6628.4,6628.8,1,6603.6,6610.4,6628.8,6610.4,301.0,398464480.0,69365
2023-05-11 09:30:36,IM2306,IM2306,6629.2,3.0,3977400.0,-3.0,1,6629.2,6629.6,1,6603.6,6610.4,6629.2,6610.4,304.0,402441880.0,69362
2023-05-11 09:30:36,IM2306,IM2306,6629.8,3.0,3977720.0,-1.0,1,6628.4,6629.8,1,6603.6,6610.4,6629.8,6610.4,307.0,406419600.0,69361
2023-05-11 09:30:37,IM2306,IM2306,6629.8,1.0,1325960.0,0.0,3,6629.6,6630.0,7,6603.6,6610.4,6629.8,6610.4,308.0,407745560.0,69361
2023-05-11 09:30:37,IM2306,IM2306,6629.6,3.0,3977760.0,-1.0,1,6628.6,6630.0,7,6603.6,6610.4,6629.8,6610.4,311.0,411723320.0,69360
2023-05-11 09:30:38,IM2306,IM2306,6629.6,0.0,0.0,0.0,1,6629.2,6630.0,7,6603.6,6610.4,6629.8,6610.4,311.0,411723320.0,69360
2023-05-11 09:30:39,IM2306,IM2306,6629.4,9.0,11933760.0,-7.0,1,6629.4,6630.0,1,6603.6,6610.4,6630.0,6610.4,320.0,423657080.0,69353
2023-05-11 09:30:40,IM2306,IM2306,6630.2,2.0,2652040.0,-2.0,1,6630.8,6631.8,1,6603.6,6610.4,6630.2,6610.4,322.0,426309120.0,69351
2023-05-11 09:30:40,IM2306,IM2306,6632.2,7.0,9285480.0,1.0,2,6630.0,6635.0,1,6603.6,6610.4,6635.0,6610.4,329.0,435594600.0,69352
2023-05-11 09:30:41,IM2306,IM2306,6632.2,0.0,0.0,0.0,1,6630.8,6632.0,2,6603.6,6610.4,6635.0,6610.4,329.0,435594600.0,69352
2023-05-11 09:30:41,IM2306,IM2306,6632.2,0.0,0.0,0.0,1,6632.0,6632.6,1,6603.6,6610.4,6635.0,6610.4,329.0,435594600.0,69352
2023-05-11 09:30:42,IM2306,IM2306,6632.6,2.0,2652920.0,-1.0,2,6631.8,6632.8,1,6603.6,6610.4,6635.0,6610.4,331.0,438247520.0,69351
2023-05-11 09:30:42,IM2306,IM2306,6631.8,1.0,1326360.0,0.0,1,6631.8,6632.8,1,6603.6,6610.4,6635.0,6610.4,332.0,439573880.0,69351
2023-05-11 09:30:43,IM2306,IM2306,6631.8,0.0,0.0,0.0,1,6632.0,6632.8,1,6603.6,6610.4,6635.0,6610.4,332.0,439573880.0,69351
2023-05-11 09:30:43,IM2306,IM2306,6632.0,4.0,5306080.0,1.0,2,6631.2,6632.0,7,6603.6,6610.4,6635.0,6610.4,336.0,444879960.0,69352
2023-05-11 09:30:44,IM2306,IM2306,6632.0,7.0,9284800.0,1.0,2,6632.0,6634.8,1,6603.6,6610.4,6635.0,6610.4,343.0,454164760.0,69353
2023-05-11 09:30:44,IM2306,IM2306,6632.0,0.0,0.0,0.0,3,6632.0,6633.4,2,6603.6,6610.4,6635.0,6610.4,343.0,454164760.0,69353
2023-05-11 09:30:45,IM2306,IM2306,6632.0,2.0,2652800.0,1.0,4,6632.0,6633.4,2,6603.6,6610.4,6635.0,6610.4,345.0,456817560.0,69354
2023-05-11 09:30:45,IM2306,IM2306,6633.2,7.0,9285520.0,2.0,1,6632.0,6633.2,1,6603.6,6610.4,6635.0,6610.4,352.0,466103080.0,69356
2023-05-11 09:30:46,IM2306,IM2306,6632.0,2.0,2652800.0,-1.0,1,6633.2,6634.4,2,6603.6,6610.4,6635.0,6610.4,354.0,468755880.0,69355
2023-05-11 09:30:46,IM2306,IM2306,6633.2,1.0,1326640.0,0.0,3,6630.2,6632.8,1,6603.6,6610.4,6635.0,6610.4,355.0,470082520.0,69355
2023-05-11 09:30:47,IM2306,IM2306,6630.4,1.0,1326080.0,0.0,2,6630.0,6630.2,9,6603.6,6610.4,6635.0,6610.4,356.0,471408600.0,69355
2023-05-11 09:30:47,IM2306,IM2306,6630.2,3.0,3978040.0,-2.0,2,6627.8,6630.2,8,6603.6,6610.4,6635.0,6610.4,359.0,475386640.0,69353
2023-05-11 09:30:48,IM2306,IM2306,6630.2,2.0,2652080.0,1.0,1,6629.8,6630.2,6,6603.6,6610.4,6635.0,6610.4,361.0,478038720.0,69354
2023-05-11 09:30:48,IM2306,IM2306,6628.0,3.0,3977440.0,-3.0,2,6628.0,6630.2,6,6603.6,6610.4,6635.0,6610.4,364.0,482016160.0,69351
2023-05-11 09:30:49,IM2306,IM2306,6630.0,4.0,5303520.0,0.0,2,6628.2,6630.0,2,6603.6,6610.4,6635.0,6610.4,368.0,487319680.0,69351
2023-05-11 09:30:49,IM2306,IM2306,6630.2,3.0,3978040.0,-1.0,1,6627.4,6630.2,5,6603.6,6610.4,6635.0,6610.4,371.0,491297720.0,69350
2023-05-11 09:30:50,IM2306,IM2306,6630.2,0.0,0.0,0.0,1,6627.8,6630.0,1,6603.6,6610.4,6635.0,6610.4,371.0,491297720.0,69350
2023-05-11 09:30:50,IM2306,IM2306,6630.0,1.0,1326000.0,0.0,1,6628.0,6630.2,5,6603.6,6610.4,6635.0,6610.4,372.0,492623720.0,69350
2023-05-11 09:30:51,IM2306,IM2306,6630.0,0.0,0.0,0.0,2,6628.2,6630.0,1,6603.6,6610.4,6635.0,6610.4,372.0,492623720.0,69350
2023-05-11 09:30:52,IM2306,IM2306,6628.4,1.0,1325680.0,0.0,2,6628.4,6630.0,1,6603.6,6610.4,6635.0,6610.4,373.0,493949400.0,69350
2023-05-11 09:30:52,IM2306,IM2306,6630.0,2.0,2652000.0,0.0,1,6629.4,6630.0,1,6603.6,6610.4,6635.0,6610.4,375.0,496601400.0,69350
2023-05-11 09:30:53,IM2306,IM2306,6630.0,1.0,1326000.0,1.0,1,6630.0,6630.2,5,6603.6,6610.4,6635.0,6610.4,376.0,497927400.0,69351
2023-05-11 09:30:53,IM2306,IM2306,6630.2,4.0,5304120.0,1.0,1,6630.0,6630.2,2,6603.6,6610.4,6635.0,6610.4,380.0,503231520.0,69352
2023-05-11 09:30:54,IM2306,IM2306,6630.2,3.0,3977920.0,-2.0,1,6628.6,6630.2,1,6603.6,6610.4,6635.0,6610.4,383.0,507209440.0,69350
2023-05-11 09:30:54,IM2306,IM2306,6628.6,1.0,1325720.0,-1.0,1,6628.4,6629.8,2,6603.6,6610.4,6635.0,6610.4,384.0,508535160.0,69349
2023-05-11 09:30:55,IM2306,IM2306,6628.6,1.0,1325720.0,1.0,1,6627.4,6629.6,1,6603.6,6610.4,6635.0,6610.4,385.0,509860880.0,69350
2023-05-11 09:30:55,IM2306,IM2306,6629.2,1.0,1325840.0,0.0,6,6629.0,6629.4,1,6603.6,6610.4,6635.0,6610.4,386.0,511186720.0,69350
2023-05-11 09:30:56,IM2306,IM2306,6628.2,7.0,9280440.0,-1.0,1,6627.6,6630.2,2,6603.6,6610.4,6635.0,6610.4,393.0,520467160.0,69349
2023-05-11 09:30:56,IM2306,IM2306,6627.6,3.0,3976680.0,-3.0,1,6627.4,6629.2,2,6603.6,6610.4,6635.0,6610.4,396.0,524443840.0,69346
2023-05-11 09:30:57,IM2306,IM2306,6627.4,1.0,1325480.0,-1.0,3,6625.8,6627.4,1,6603.6,6610.4,6635.0,6610.4,397.0,525769320.0,69345
2023-05-11 09:30:57,IM2306,IM2306,6626.0,1.0,1325200.0,-1.0,2,6626.0,6629.0,3,6603.6,6610.4,6635.0,6610.4,398.0,527094520.0,69344
2023-05-11 09:30:58,IM2306,IM2306,6625.6,2.0,2650320.0,-1.0,2,6625.0,6626.2,1,6603.6,6610.4,6635.0,6610.4,400.0,529744840.0,69343
2023-05-11 09:30:58,IM2306,IM2306,6625.8,1.0,1325160.0,0.0,2,6625.2,6626.6,1,6603.6,6610.4,6635.0,6610.4,401.0,531070000.0,69343
2023-05-11 09:30:59,IM2306,IM2306,6624.8,3.0,3975040.0,0.0,1,6624.8,6628.4,3,6603.6,6610.4,6635.0,6610.4,404.0,535045040.0,69343
2023-05-11 09:30:59,IM2306,IM2306,6624.8,1.0,1324960.0,-1.0,4,6624.4,6625.0,1,6603.6,6610.4,6635.0,6610.4,405.0,536370000.0,69342
2023-05-11 09:31:00,IM2306,IM2306,6625.0,1.0,1325000.0,-1.0,4,6624.4,6627.4,2,6603.6,6610.4,6635.0,6610.4,406.0,537695000.0,69341
2023-05-11 09:31:00,IM2306,IM2306,6624.4,1.0,1324880.0,1.0,3,6624.4,6626.8,1,6603.6,6610.4,6635.0,6610.4,407.0,539019880.0,69342
2023-05-11 09:31:01,IM2306,IM2306,6624.4,1.0,1324880.0,0.0,2,6624.4,6624.6,1,6603.6,6610.4,6635.0,6610.4,408.0,540344760.0,69342
2023-05-11 09:31:01,IM2306,IM2306,6624.6,2.0,2649840.0,-2.0,2,6624.6,6626.6,3,6603.6,6610.4,6635.0,6610.4,410.0,542994600.0,69340
2023-05-11 09:31:02,IM2306,IM2306,6624.6,0.0,0.0,0.0,1,6625.6,6626.6,3,6603.6,6610.4,6635.0,6610.4,410.0,542994600.0,69340
2023-05-11 09:31:02,IM2306,IM2306,6625.6,5.0,6626560.0,-2.0,1,6625.2,6627.4,2,6603.6,6610.4,6635.0,6610.4,415.0,549621160.0,69338
2023-05-11 09:31:03,IM2306,IM2306,6627.4,3.0,3976440.0,0.0,1,6626.8,6628.2,1,6603.6,6610.4,6635.0,6610.4,418.0,553597600.0,69338
2023-05-11 09:31:03,IM2306,IM2306,6628.0,3.0,3976680.0,-3.0,1,6628.2,6629.0,1,6603.6,6610.4,6635.0,6610.4,421.0,557574280.0,69335
2023-05-11 09:31:04,IM2306,IM2306,6628.0,0.0,0.0,0.0,5,6628.2,6629.0,1,6603.6,6610.4,6635.0,6610.4,421.0,557574280.0,69335
2023-05-11 09:31:04,IM2306,IM2306,6629.0,1.0,1325800.0,-1.0,1,6629.0,6630.2,1,6603.6,6610.4,6635.0,6610.4,422.0,558900080.0,69334
2023-05-11 09:31:05,IM2306,IM2306,6628.4,2.0,2651720.0,0.0,5,6628.2,6631.0,1,6603.6,6610.4,6635.0,6610.4,424.0,561551800.0,69334
2023-05-11 09:31:05,IM2306,IM2306,6628.4,1.0,1325680.0,-1.0,1,6628.8,6630.2,3,6603.6,6610.4,6635.0,6610.4,425.0,562877480.0,69333
2023-05-11 09:31:06,IM2306,IM2306,6629.0,3.0,3977640.0,-1.0,1,6628.4,6630.0,2,6603.6,6610.4,6635.0,6610.4,428.0,566855120.0,69332
2023-05-11 09:31:06,IM2306,IM2306,6629.0,0.0,0.0,0.0,2,6628.6,6630.0,2,6603.6,6610.4,6635.0,6610.4,428.0,566855120.0,69332
2023-05-11 09:31:07,IM2306,IM2306,6630.0,1.0,1326000.0,1.0,1,6629.2,6630.0,1,6603.6,6610.4,6635.0,6610.4,429.0,568181120.0,69333
2023-05-11 09:31:07,IM2306,IM2306,6630.0,0.0,0.0,0.0,1,6629.2,6630.0,2,6603.6,6610.4,6635.0,6610.4,429.0,568181120.0,69333
2023-05-11 09:31:08,IM2306,IM2306,6629.6,1.0,1325920.0,0.0,1,6629.2,6630.0,2,6603.6,6610.4,6635.0,6610.4,430.0,569507040.0,69333
2023-05-11 09:31:08,IM2306,IM2306,6630.0,2.0,2652000.0,0.0,2,6630.0,6631.0,1,6603.6,6610.4,6635.0,6610.4,432.0,572159040.0,69333
2023-05-11 09:31:09,IM2306,IM2306,6630.0,2.0,2652000.0,2.0,1,6629.4,6630.0,3,6603.6,6610.4,6635.0,6610.4,434.0,574811040.0,69335
2023-05-11 09:31:09,IM2306,IM2306,6630.0,3.0,3977880.0,-1.0,1,6630.6,6631.0,1,6603.6,6610.4,6635.0,6610.4,437.0,578788920.0,69334
2023-05-11 09:31:10,IM2306,IM2306,6631.0,3.0,3978440.0,-1.0,1,6631.6,6632.0,1,6603.6,6610.4,6635.0,6610.4,440.0,582767360.0,69333
2023-05-11 09:31:10,IM2306,IM2306,6631.6,2.0,2652640.0,0.0,4,6629.0,6630.4,1,6603.6,6610.4,6635.0,6610.4,442.0,585420000.0,69333
2023-05-11 09:31:11,IM2306,IM2306,6630.6,2.0,2652200.0,1.0,1,6630.4,6632.0,1,6603.6,6610.4,6635.0,6610.4,444.0,588072200.0,69334
2023-05-11 09:31:11,IM2306,IM2306,6632.0,1.0,1326400.0,1.0,1,6631.2,6633.6,2,6603.6,6610.4,6635.0,6610.4,445.0,589398600.0,69335
2023-05-11 09:31:12,IM2306,IM2306,6630.0,5.0,6631160.0,-1.0,2,6629.8,6633.2,3,6603.6,6610.4,6635.0,6610.4,450.0,596029760.0,69334
2023-05-11 09:31:12,IM2306,IM2306,6630.0,0.0,0.0,0.0,1,6631.0,6632.2,1,6603.6,6610.4,6635.0,6610.4,450.0,596029760.0,69334
2023-05-11 09:31:13,IM2306,IM2306,6630.0,0.0,0.0,0.0,2,6631.2,6632.0,1,6603.6,6610.4,6635.0,6610.4,450.0,596029760.0,69334
2023-05-11 09:31:13,IM2306,IM2306,6630.0,0.0,0.0,0.0,1,6632.0,6633.0,3,6603.6,6610.4,6635.0,6610.4,450.0,596029760.0,69334
2023-05-11 09:31:14,IM2306,IM2306,6630.0,0.0,0.0,0.0,2,6632.2,6632.8,1,6603.6,6610.4,6635.0,6610.4,450.0,596029760.0,69334
2023-05-11 09:31:14,IM2306,IM2306,6633.0,3.0,3979400.0,-2.0,2,6632.2,6633.0,1,6603.6,6610.4,6635.0,6610.4,453.0,600009160.0,69332
2023-05-11 09:31:15,IM2306,IM2306,6635.4,4.0,5306560.0,1.0,1,6632.4,6635.4,2,6603.6,6610.4,6635.4,6610.4,457.0,605315720.0,69333
2023-05-11 09:31:15,IM2306,IM2306,6632.4,2.0,2652960.0,0.0,1,6632.0,6632.4,4,6603.6,6610.4,6635.4,6610.4,459.0,607968680.0,69333
2023-05-11 09:31:16,IM2306,IM2306,6632.0,1.0,1326400.0,-1.0,1,6630.4,6632.4,4,6603.6,6610.4,6635.4,6610.4,460.0,609295080.0,69332
2023-05-11 09:31:16,IM2306,IM2306,6632.0,0.0,0.0,0.0,1,6631.0,6632.2,1,6603.6,6610.4,6635.4,6610.4,460.0,609295080.0,69332
2023-05-11 09:31:17,IM2306,IM2306,6632.0,0.0,0.0,0.0,1,6631.2,6632.4,5,6603.6,6610.4,6635.4,6610.4,460.0,609295080.0,69332
2023-05-11 09:31:17,IM2306,IM2306,6632.4,1.0,1326480.0,0.0,3,6630.6,6632.4,4,6603.6,6610.4,6635.4,6610.4,461.0,610621560.0,69332
2023-05-11 09:31:18,IM2306,IM2306,6632.4,0.0,0.0,0.0,1,6630.8,6632.0,2,6603.6,6610.4,6635.4,6610.4,461.0,610621560.0,69332
2023-05-11 09:31:18,IM2306,IM2306,6632.4,0.0,0.0,0.0,1,6630.8,6632.4,3,6603.6,6610.4,6635.4,6610.4,461.0,610621560.0,69332
2023-05-11 09:31:19,IM2306,IM2306,6632.4,0.0,0.0,0.0,2,6630.8,6632.0,3,6603.6,6610.4,6635.4,6610.4,461.0,610621560.0,69332
2023-05-11 09:31:19,IM2306,IM2306,6632.0,1.0,1326400.0,1.0,1,6630.8,6632.0,2,6603.6,6610.4,6635.4,6610.4,462.0,611947960.0,69333
2023-05-11 09:31:20,IM2306,IM2306,6632.0,0.0,0.0,0.0,1,6630.4,6632.0,2,6603.6,6610.4,6635.4,6610.4,462.0,611947960.0,69333
2023-05-11 09:31:20,IM2306,IM2306,6630.4,1.0,1326080.0,0.0,2,6630.2,6632.0,2,6603.6,6610.4,6635.4,6610.4,463.0,613274040.0,69333
2023-05-11 09:31:21,IM2306,IM2306,6630.4,0.0,0.0,0.0,1,6630.8,6631.8,1,6603.6,6610.4,6635.4,6610.4,463.0,613274040.0,69333
2023-05-11 09:31:21,IM2306,IM2306,6630.2,1.0,1326040.0,0.0,1,6630.0,6631.4,1,6603.6,6610.4,6635.4,6610.4,464.0,614600080.0,69333
2023-05-11 09:31:22,IM2306,IM2306,6630.2,0.0,0.0,0.0,2,6630.2,6630.6,1,6603.6,6610.4,6635.4,6610.4,464.0,614600080.0,69333
2023-05-11 09:31:22,IM2306,IM2306,6630.6,1.0,1326120.0,0.0,1,6630.2,6631.4,1,6603.6,6610.4,6635.4,6610.4,465.0,615926200.0,69333
2023-05-11 09:31:23,IM2306,IM2306,6630.6,0.0,0.0,0.0,2,6630.4,6630.8,2,6603.6,6610.4,6635.4,6610.4,465.0,615926200.0,69333
2023-05-11 09:31:23,IM2306,IM2306,6630.4,3.0,3978400.0,-1.0,2,6630.6,6631.4,1,6603.6,6610.4,6635.4,6610.4,468.0,619904600.0,69332
2023-05-11 09:31:24,IM2306,IM2306,6630.4,1.0,1326080.0,-1.0,2,6630.6,6631.4,1,6603.6,6610.4,6635.4,6610.4,469.0,621230680.0,69331
2023-05-11 09:31:24,IM2306,IM2306,6630.6,2.0,2652240.0,-2.0,1,6630.6,6631.8,3,6603.6,6610.4,6635.4,6610.4,471.0,623882920.0,69329
2023-05-11 09:31:25,IM2306,IM2306,6630.6,0.0,0.0,0.0,1,6630.6,6631.8,4,6603.6,6610.4,6635.4,6610.4,471.0,623882920.0,69329
2023-05-11 09:31:25,IM2306,IM2306,6630.6,1.0,1326120.0,-1.0,1,6629.6,6631.6,1,6603.6,6610.4,6635.4,6610.4,472.0,625209040.0,69328
2023-05-11 09:31:26,IM2306,IM2306,6631.6,1.0,1326320.0,0.0,1,6630.2,6631.8,4,6603.6,6610.4,6635.4,6610.4,473.0,626535360.0,69328
2023-05-11 09:31:26,IM2306,IM2306,6631.6,0.0,0.0,0.0,1,6631.6,6631.8,4,6603.6,6610.4,6635.4,6610.4,473.0,626535360.0,69328
2023-05-11 09:31:27,IM2306,IM2306,6631.6,0.0,0.0,0.0,1,6631.6,6631.8,3,6603.6,6610.4,6635.4,6610.4,473.0,626535360.0,69328
2023-05-11 09:31:27,IM2306,IM2306,6631.8,3.0,3979040.0,-2.0,1,6630.4,6631.6,1,6603.6,6610.4,6635.4,6610.4,476.0,630514400.0,69326
2023-05-11 09:31:28,IM2306,IM2306,6631.6,1.0,1326320.0,0.0,1,6630.4,6631.8,1,6603.6,6610.4,6635.4,6610.4,477.0,631840720.0,69326
2023-05-11 09:31:28,IM2306,IM2306,6631.6,0.0,0.0,0.0,1,6630.8,6631.8,1,6603.6,6610.4,6635.4,6610.4,477.0,631840720.0,69326
2023-05-11 09:31:29,IM2306,IM2306,6630.6,1.0,1326120.0,-1.0,1,6630.2,6630.4,1,6603.6,6610.4,6635.4,6610.4,478.0,633166840.0,69325
2023-05-11 09:31:30,IM2306,IM2306,6630.4,1.0,1326080.0,-1.0,1,6630.2,6630.8,1,6603.6,6610.4,6635.4,6610.4,479.0,634492920.0,69324
2023-05-11 09:31:31,IM2306,IM2306,6630.2,1.0,1326040.0,-1.0,1,6630.0,6630.2,1,6603.6,6610.4,6635.4,6610.4,480.0,635818960.0,69323
2023-05-11 09:31:31,IM2306,IM2306,6629.6,2.0,2651920.0,-1.0,7,6629.0,6630.0,1,6603.6,6610.4,6635.4,6610.4,482.0,638470880.0,69322
2023-05-11 09:31:32,IM2306,IM2306,6629.8,8.0,10606560.0,0.0,4,6628.2,6629.8,1,6603.6,6610.4,6635.4,6610.4,490.0,649077440.0,69322
2023-05-11 09:31:32,IM2306,IM2306,6628.2,4.0,5302560.0,1.0,2,6627.4,6629.4,1,6603.6,6610.4,6635.4,6610.4,494.0,654380000.0,69323
2023-05-11 09:31:33,IM2306,IM2306,6628.2,0.0,0.0,0.0,1,6627.8,6628.0,2,6603.6,6610.4,6635.4,6610.4,494.0,654380000.0,69323
2023-05-11 09:31:33,IM2306,IM2306,6627.8,3.0,3976680.0,-1.0,2,6627.8,6628.2,1,6603.6,6610.4,6635.4,6610.4,497.0,658356680.0,69322
2023-05-11 09:31:34,IM2306,IM2306,6627.8,3.0,3976680.0,-3.0,1,6625.6,6628.2,1,6603.6,6610.4,6635.4,6610.4,500.0,662333360.0,69319
2023-05-11 09:31:35,IM2306,IM2306,6627.8,0.0,0.0,0.0,1,6626.6,6627.8,1,6603.6,6610.4,6635.4,6610.4,500.0,662333360.0,69319
2023-05-11 09:31:35,IM2306,IM2306,6627.8,0.0,0.0,0.0,2,6626.6,6627.8,1,6603.6,6610.4,6635.4,6610.4,500.0,662333360.0,69319
2023-05-11 09:31:36,IM2306,IM2306,6627.8,0.0,0.0,0.0,1,6626.6,6627.8,1,6603.6,6610.4,6635.4,6610.4,500.0,662333360.0,69319
2023-05-11 09:31:36,IM2306,IM2306,6627.8,0.0,0.0,0.0,1,6626.8,6627.8,1,6603.6,6610.4,6635.4,6610.4,500.0,662333360.0,69319
2023-05-11 09:31:37,IM2306,IM2306,6627.8,0.0,0.0,0.0,2,6626.8,6627.8,1,6603.6,6610.4,6635.4,6610.4,500.0,662333360.0,69319
2023-05-11 09:31:37,IM2306,IM2306,6627.8,0.0,0.0,0.0,2,6627.0,6627.8,2,6603.6,6610.4,6635.4,6610.4,500.0,662333360.0,69319
2023-05-11 09:31:38,IM2306,IM2306,6627.8,0.0,0.0,0.0,1,6627.0,6627.8,2,6603.6,6610.4,6635.4,6610.4,500.0,662333360.0,69319
2023-05-11 09:31:38,IM2306,IM2306,6629.0,4.0,5302320.0,0.0,1,6626.8,6629.2,2,6603.6,6610.4,6635.4,6610.4,504.0,667635680.0,69319
2023-05-11 09:31:39,IM2306,IM2306,6629.0,0.0,0.0,0.0,1,6627.8,6629.0,2,6603.6,6610.4,6635.4,6610.4,504.0,667635680.0,69319
2023-05-11 09:31:39,IM2306,IM2306,6629.0,2.0,2651600.0,0.0,2,6627.8,6628.2,1,6603.6,6610.4,6635.4,6610.4,506.0,670287280.0,69319
2023-05-11 09:31:40,IM2306,IM2306,6629.2,2.0,2651480.0,1.0,2,6627.8,6629.8,1,6603.6,6610.4,6635.4,6610.4,508.0,672938760.0,69320
2023-05-11 09:31:40,IM2306,IM2306,6629.2,0.0,0.0,0.0,1,6628.2,6629.6,2,6603.6,6610.4,6635.4,6610.4,508.0,672938760.0,69320
2023-05-11 09:31:41,IM2306,IM2306,6628.2,1.0,1325640.0,0.0,1,6629.2,6629.6,2,6603.6,6610.4,6635.4,6610.4,509.0,674264400.0,69320
2023-05-11 09:31:41,IM2306,IM2306,6628.2,3.0,3977320.0,-1.0,2,6627.8,6629.6,1,6603.6,6610.4,6635.4,6610.4,512.0,678241720.0,69319
2023-05-11 09:31:42,IM2306,IM2306,6629.2,2.0,2651400.0,1.0,1,6628.4,6629.4,2,6603.6,6610.4,6635.4,6610.4,514.0,680893120.0,69320
2023-05-11 09:31:42,IM2306,IM2306,6627.8,2.0,2651240.0,-1.0,1,6627.0,6628.2,1,6603.6,6610.4,6635.4,6610.4,516.0,683544360.0,69319
2023-05-11 09:31:43,IM2306,IM2306,6627.8,0.0,0.0,0.0,4,6627.2,6628.2,1,6603.6,6610.4,6635.4,6610.4,516.0,683544360.0,69319
2023-05-11 09:31:45,IM2306,IM2306,6627.2,2.0,2650880.0,-1.0,2,6627.2,6628.2,1,6603.6,6610.4,6635.4,6610.4,518.0,686195240.0,69318
2023-05-11 09:31:45,IM2306,IM2306,6626.8,3.0,3976240.0,-2.0,2,6626.0,6628.2,2,6603.6,6610.4,6635.4,6610.4,521.0,690171480.0,69316
2023-05-11 09:31:46,IM2306,IM2306,6626.8,0.0,0.0,0.0,1,6625.8,6627.8,1,6603.6,6610.4,6635.4,6610.4,521.0,690171480.0,69316
2023-05-11 09:31:46,IM2306,IM2306,6626.8,0.0,0.0,0.0,1,6625.8,6626.6,1,6603.6,6610.4,6635.4,6610.4,521.0,690171480.0,69316
2023-05-11 09:31:47,IM2306,IM2306,6626.8,0.0,0.0,0.0,1,6625.6,6626.6,1,6603.6,6610.4,6635.4,6610.4,521.0,690171480.0,69316
2023-05-11 09:31:48,IM2306,IM2306,6626.8,0.0,0.0,0.0,1,6625.6,6626.4,3,6603.6,6610.4,6635.4,6610.4,521.0,690171480.0,69316
2023-05-11 09:31:48,IM2306,IM2306,6626.0,2.0,2650320.0,-2.0,2,6624.4,6626.4,3,6603.6,6610.4,6635.4,6610.4,523.0,692821800.0,69314
2023-05-11 09:31:49,IM2306,IM2306,6626.0,0.0,0.0,0.0,1,6624.6,6626.4,4,6603.6,6610.4,6635.4,6610.4,523.0,692821800.0,69314
2023-05-11 09:31:49,IM2306,IM2306,6626.0,0.0,0.0,0.0,3,6624.4,6626.2,2,6603.6,6610.4,6635.4,6610.4,523.0,692821800.0,69314
2023-05-11 09:31:50,IM2306,IM2306,6626.0,0.0,0.0,0.0,2,6624.6,6626.2,2,6603.6,6610.4,6635.4,6610.4,523.0,692821800.0,69314
2023-05-11 09:31:50,IM2306,IM2306,6626.0,0.0,0.0,0.0,2,6624.6,6625.6,1,6603.6,6610.4,6635.4,6610.4,523.0,692821800.0,69314
2023-05-11 09:31:51,IM2306,IM2306,6625.6,1.0,1325120.0,0.0,1,6625.6,6626.4,1,6603.6,6610.4,6635.4,6610.4,524.0,694146920.0,69314
2023-05-11 09:31:51,IM2306,IM2306,6625.6,0.0,0.0,0.0,1,6625.2,6626.6,1,6603.6,6610.4,6635.4,6610.4,524.0,694146920.0,69314
2023-05-11 09:31:52,IM2306,IM2306,6625.6,0.0,0.0,0.0,1,6625.4,6626.6,1,6603.6,6610.4,6635.4,6610.4,524.0,694146920.0,69314
2023-05-11 09:31:52,IM2306,IM2306,6625.6,0.0,0.0,0.0,3,6624.6,6625.2,1,6603.6,6610.4,6635.4,6610.4,524.0,694146920.0,69314
2023-05-11 09:31:53,IM2306,IM2306,6625.2,1.0,1325040.0,0.0,1,6626.6,6627.8,2,6603.6,6610.4,6635.4,6610.4,525.0,695471960.0,69314
2023-05-11 09:31:53,IM2306,IM2306,6626.8,4.0,5301400.0,-2.0,2,6626.8,6627.4,5,6603.6,6610.4,6635.4,6610.4,529.0,700773360.0,69312
2023-05-11 09:31:54,IM2306,IM2306,6626.8,3.0,3976080.0,-3.0,1,6624.8,6627.0,1,6603.6,6610.4,6635.4,6610.4,532.0,704749440.0,69309
2023-05-11 09:31:54,IM2306,IM2306,6626.8,0.0,0.0,0.0,1,6625.0,6626.8,2,6603.6,6610.4,6635.4,6610.4,532.0,704749440.0,69309
2023-05-11 09:31:55,IM2306,IM2306,6626.8,1.0,1325360.0,0.0,1,6625.0,6626.8,1,6603.6,6610.4,6635.4,6610.4,533.0,706074800.0,69309
2023-05-11 09:31:55,IM2306,IM2306,6626.8,0.0,0.0,0.0,1,6625.0,6626.0,1,6603.6,6610.4,6635.4,6610.4,533.0,706074800.0,69309
2023-05-11 09:31:56,IM2306,IM2306,6626.8,0.0,0.0,0.0,2,6624.6,6626.6,1,6603.6,6610.4,6635.4,6610.4,533.0,706074800.0,69309
2023-05-11 09:31:56,IM2306,IM2306,6626.8,0.0,0.0,0.0,2,6625.4,6626.8,1,6603.6,6610.4,6635.4,6610.4,533.0,706074800.0,69309
2023-05-11 09:31:57,IM2306,IM2306,6626.8,0.0,0.0,0.0,1,6625.8,6627.2,1,6603.6,6610.4,6635.4,6610.4,533.0,706074800.0,69309
2023-05-11 09:31:57,IM2306,IM2306,6626.8,0.0,0.0,0.0,1,6625.6,6627.0,2,6603.6,6610.4,6635.4,6610.4,533.0,706074800.0,69309
2023-05-11 09:31:58,IM2306,IM2306,6626.8,0.0,0.0,0.0,4,6624.8,6626.8,2,6603.6,6610.4,6635.4,6610.4,533.0,706074800.0,69309
2023-05-11 09:31:58,IM2306,IM2306,6626.8,0.0,0.0,0.0,5,6625.0,6625.4,2,6603.6,6610.4,6635.4,6610.4,533.0,706074800.0,69309
2023-05-11 09:31:59,IM2306,IM2306,6625.4,2.0,2650160.0,1.0,2,6625.4,6626.8,1,6603.6,6610.4,6635.4,6610.4,535.0,708724960.0,69310
2023-05-11 09:31:59,IM2306,IM2306,6625.4,0.0,0.0,0.0,1,6625.2,6627.2,1,6603.6,6610.4,6635.4,6610.4,535.0,708724960.0,69310
2023-05-11 09:32:00,IM2306,IM2306,6625.4,0.0,0.0,0.0,1,6625.6,6627.2,1,6603.6,6610.4,6635.4,6610.4,535.0,708724960.0,69310
2023-05-11 09:32:00,IM2306,IM2306,6626.2,2.0,2650680.0,0.0,1,6626.2,6627.6,1,6603.6,6610.4,6635.4,6610.4,537.0,711375640.0,69310
2023-05-11 09:32:01,IM2306,IM2306,6626.2,0.0,0.0,0.0,2,6626.4,6627.8,1,6603.6,6610.4,6635.4,6610.4,537.0,711375640.0,69310
2023-05-11 09:32:02,IM2306,IM2306,6626.2,0.0,0.0,0.0,1,6626.6,6627.8,1,6603.6,6610.4,6635.4,6610.4,537.0,711375640.0,69310
2023-05-11 09:32:02,IM2306,IM2306,6626.2,0.0,0.0,0.0,1,6625.6,6627.8,1,6603.6,6610.4,6635.4,6610.4,537.0,711375640.0,69310
2023-05-11 09:32:03,IM2306,IM2306,6626.2,0.0,0.0,0.0,1,6626.2,6627.6,3,6603.6,6610.4,6635.4,6610.4,537.0,711375640.0,69310
2023-05-11 09:32:03,IM2306,IM2306,6626.2,0.0,0.0,0.0,2,6626.4,6627.6,2,6603.6,6610.4,6635.4,6610.4,537.0,711375640.0,69310
2023-05-11 09:32:04,IM2306,IM2306,6626.2,0.0,0.0,0.0,3,6626.4,6627.6,1,6603.6,6610.4,6635.4,6610.4,537.0,711375640.0,69310
2023-05-11 09:32:04,IM2306,IM2306,6626.2,0.0,0.0,0.0,1,6626.6,6627.6,1,6603.6,6610.4,6635.4,6610.4,537.0,711375640.0,69310
2023-05-11 09:32:05,IM2306,IM2306,6626.2,0.0,0.0,0.0,2,6626.8,6627.6,1,6603.6,6610.4,6635.4,6610.4,537.0,711375640.0,69310
2023-05-11 09:32:05,IM2306,IM2306,6626.8,1.0,1325360.0,0.0,1,6627.0,6627.6,1,6603.6,6610.4,6635.4,6610.4,538.0,712701000.0,69310
2023-05-11 09:32:06,IM2306,IM2306,6626.8,0.0,0.0,0.0,1,6627.2,6627.6,2,6603.6,6610.4,6635.4,6610.4,538.0,712701000.0,69310
2023-05-11 09:32:06,IM2306,IM2306,6626.6,6.0,7952520.0,-5.0,1,6626.4,6627.2,5,6603.6,6610.4,6635.4,6610.4,544.0,720653520.0,69305
2023-05-11 09:32:07,IM2306,IM2306,6627.2,3.0,3976280.0,-3.0,1,6626.4,6627.2,3,6603.6,6610.4,6635.4,6610.4,547.0,724629800.0,69302
2023-05-11 09:32:07,IM2306,IM2306,6627.0,4.0,5301720.0,-4.0,2,6626.6,6627.8,3,6603.6,6610.4,6635.4,6610.4,551.0,729931520.0,69298
2023-05-11 09:32:08,IM2306,IM2306,6627.8,1.0,1325560.0,-1.0,1,6626.8,6627.8,2,6603.6,6610.4,6635.4,6610.4,552.0,731257080.0,69297
2023-05-11 09:32:08,IM2306,IM2306,6627.8,1.0,1325560.0,-1.0,2,6627.0,6627.8,1,6603.6,6610.4,6635.4,6610.4,553.0,732582640.0,69296
2023-05-11 09:32:09,IM2306,IM2306,6627.8,0.0,0.0,0.0,1,6627.0,6627.8,1,6603.6,6610.4,6635.4,6610.4,553.0,732582640.0,69296
2023-05-11 09:32:09,IM2306,IM2306,6627.0,1.0,1325400.0,-1.0,1,6626.8,6627.0,9,6603.6,6610.4,6635.4,6610.4,554.0,733908040.0,69295
2023-05-11 09:32:10,IM2306,IM2306,6627.0,0.0,0.0,0.0,1,6626.6,6627.0,9,6603.6,6610.4,6635.4,6610.4,554.0,733908040.0,69295
2023-05-11 09:32:11,IM2306,IM2306,6626.6,1.0,1325320.0,-1.0,1,6625.8,6627.0,9,6603.6,6610.4,6635.4,6610.4,555.0,735233360.0,69294
2023-05-11 09:32:11,IM2306,IM2306,6625.8,5.0,6626200.0,-4.0,1,6625.4,6625.8,6,6603.6,6610.4,6635.4,6610.4,560.0,741859560.0,69290
2023-05-11 09:32:12,IM2306,IM2306,6625.8,6.0,7950960.0,-6.0,4,6625.6,6626.6,1,6603.6,6610.4,6635.4,6610.4,566.0,749810520.0,69284
2023-05-11 09:32:12,IM2306,IM2306,6625.8,0.0,0.0,0.0,3,6625.6,6626.6,1,6603.6,6610.4,6635.4,6610.4,566.0,749810520.0,69284
2023-05-11 09:32:13,IM2306,IM2306,6625.8,0.0,0.0,0.0,2,6625.8,6626.6,1,6603.6,6610.4,6635.4,6610.4,566.0,749810520.0,69284
2023-05-11 09:32:14,IM2306,IM2306,6625.8,6.0,7950960.0,-4.0,4,6624.8,6625.8,4,6603.6,6610.4,6635.4,6610.4,572.0,757761480.0,69280
2023-05-11 09:32:14,IM2306,IM2306,6626.6,5.0,6625960.0,-4.0,2,6625.6,6627.0,9,6603.6,6610.4,6635.4,6610.4,577.0,764387440.0,69276
2023-05-11 09:32:15,IM2306,IM2306,6626.6,0.0,0.0,0.0,1,6625.6,6627.0,9,6603.6,6610.4,6635.4,6610.4,577.0,764387440.0,69276
2023-05-11 09:32:15,IM2306,IM2306,6626.6,1.0,1325320.0,1.0,2,6625.6,6626.6,2,6603.6,6610.4,6635.4,6610.4,578.0,765712760.0,69277
2023-05-11 09:32:16,IM2306,IM2306,6625.6,2.0,2650240.0,-2.0,1,6625.2,6626.0,10,6603.6,6610.4,6635.4,6610.4,580.0,768363000.0,69275
2023-05-11 09:32:16,IM2306,IM2306,6625.2,6.0,7950280.0,-4.0,2,6624.8,6625.2,4,6603.6,6610.4,6635.4,6610.4,586.0,776313280.0,69271
2023-05-11 09:32:17,IM2306,IM2306,6624.2,5.0,6624520.0,-4.0,4,6624.2,6624.8,1,6603.6,6610.4,6635.4,6610.4,591.0,782937800.0,69267
2023-05-11 09:32:17,IM2306,IM2306,6624.2,4.0,5299360.0,-4.0,1,6624.0,6624.2,1,6603.6,6610.4,6635.4,6610.4,595.0,788237160.0,69263
2023-05-11 09:32:18,IM2306,IM2306,6624.0,1.0,1324800.0,-1.0,2,6622.6,6624.0,10,6603.6,6610.4,6635.4,6610.4,596.0,789561960.0,69262
2023-05-11 09:32:18,IM2306,IM2306,6624.0,0.0,0.0,0.0,2,6622.6,6623.8,1,6603.6,6610.4,6635.4,6610.4,596.0,789561960.0,69262
2023-05-11 09:32:19,IM2306,IM2306,6624.0,0.0,0.0,0.0,2,6622.6,6623.8,2,6603.6,6610.4,6635.4,6610.4,596.0,789561960.0,69262
2023-05-11 09:32:20,IM2306,IM2306,6624.0,0.0,0.0,0.0,2,6622.6,6623.6,1,6603.6,6610.4,6635.4,6610.4,596.0,789561960.0,69262
2023-05-11 09:32:20,IM2306,IM2306,6624.0,0.0,0.0,0.0,2,6622.6,6623.8,1,6603.6,6610.4,6635.4,6610.4,596.0,789561960.0,69262
2023-05-11 09:32:21,IM2306,IM2306,6624.0,0.0,0.0,0.0,2,6622.6,6623.6,1,6603.6,6610.4,6635.4,6610.4,596.0,789561960.0,69262
2023-05-11 09:32:21,IM2306,IM2306,6622.6,1.0,1324520.0,1.0,1,6622.6,6623.4,1,6603.6,6610.4,6635.4,6610.4,597.0,790886480.0,69263
2023-05-11 09:32:22,IM2306,IM2306,6622.6,1.0,1324520.0,0.0,8,6621.6,6622.6,10,6603.6,6610.4,6635.4,6610.4,598.0,792211000.0,69263
2023-05-11 09:32:23,IM2306,IM2306,6621.6,1.0,1324320.0,0.0,7,6621.6,6622.6,11,6603.6,6610.4,6635.4,6610.4,599.0,793535320.0,69263
2023-05-11 09:32:23,IM2306,IM2306,6621.8,1.0,1324360.0,-1.0,2,6621.8,6622.6,11,6603.6,6610.4,6635.4,6610.4,600.0,794859680.0,69262
2023-05-11 09:32:25,IM2306,IM2306,6621.8,1.0,1324360.0,0.0,1,6622.0,6622.6,11,6603.6,6610.4,6635.4,6610.4,601.0,796184040.0,69262
2023-05-11 09:32:25,IM2306,IM2306,6622.0,1.0,1324400.0,-1.0,1,6622.2,6622.6,18,6603.6,6610.4,6635.4,6610.4,602.0,797508440.0,69261
2023-05-11 09:32:26,IM2306,IM2306,6622.2,1.0,1324440.0,-1.0,7,6621.6,6622.2,10,6603.6,6610.4,6635.4,6610.4,603.0,798832880.0,69260
2023-05-11 09:32:26,IM2306,IM2306,6621.6,4.0,5297280.0,0.0,3,6621.6,6622.2,10,6603.6,6610.4,6635.4,6610.4,607.0,804130160.0,69260
2023-05-11 09:32:27,IM2306,IM2306,6621.6,3.0,3972960.0,0.0,1,6620.2,6622.2,10,6603.6,6610.4,6635.4,6610.4,610.0,808103120.0,69260
2023-05-11 09:32:27,IM2306,IM2306,6621.6,0.0,0.0,0.0,1,6620.2,6621.8,2,6603.6,6610.4,6635.4,6610.4,610.0,808103120.0,69260
2023-05-11 09:32:28,IM2306,IM2306,6620.2,1.0,1324040.0,-1.0,6,6620.0,6621.6,1,6603.6,6610.4,6635.4,6610.4,611.0,809427160.0,69259
2023-05-11 09:32:28,IM2306,IM2306,6620.2,4.0,5296040.0,-1.0,3,6620.0,6621.4,1,6603.6,6610.4,6635.4,6610.4,615.0,814723200.0,69258
2023-05-11 09:32:29,IM2306,IM2306,6620.2,0.0,0.0,0.0,3,6620.0,6621.2,1,6603.6,6610.4,6635.4,6610.4,615.0,814723200.0,69258
2023-05-11 09:32:29,IM2306,IM2306,6620.0,3.0,3972000.0,0.0,2,6618.2,6620.0,7,6603.6,6610.4,6635.4,6610.4,618.0,818695200.0,69258
2023-05-11 09:32:30,IM2306,IM2306,6620.0,4.0,5296000.0,-4.0,8,6618.6,6620.0,3,6603.6,6610.4,6635.4,6610.4,622.0,823991200.0,69254
2023-05-11 09:32:30,IM2306,IM2306,6620.0,3.0,3972000.0,-1.0,1,6619.2,6621.2,1,6603.6,6610.4,6635.4,6610.4,625.0,827963200.0,69253
2023-05-11 09:32:31,IM2306,IM2306,6620.0,0.0,0.0,0.0,1,6619.4,6621.0,2,6603.6,6610.4,6635.4,6610.4,625.0,827963200.0,69253
2023-05-11 09:32:31,IM2306,IM2306,6619.4,1.0,1323880.0,-1.0,1,6619.2,6619.4,11,6603.6,6610.4,6635.4,6610.4,626.0,829287080.0,69252
2023-05-11 09:32:32,IM2306,IM2306,6619.4,4.0,5295520.0,-4.0,1,6619.2,6619.4,7,6603.6,6610.4,6635.4,6610.4,630.0,834582600.0,69248
2023-05-11 09:32:32,IM2306,IM2306,6619.2,2.0,2647720.0,-2.0,1,6618.8,6619.4,6,6603.6,6610.4,6635.4,6610.4,632.0,837230320.0,69246
2023-05-11 09:32:33,IM2306,IM2306,6618.8,1.0,1323760.0,-1.0,3,6618.6,6618.8,10,6603.6,6610.4,6635.4,6610.4,633.0,838554080.0,69245
2023-05-11 09:32:33,IM2306,IM2306,6618.6,3.0,3971160.0,-2.0,6,6618.0,6618.6,2,6603.6,6610.4,6635.4,6610.4,636.0,842525240.0,69243
2023-05-11 09:32:34,IM2306,IM2306,6617.8,8.0,10588800.0,-2.0,1,6616.0,6618.0,3,6603.6,6610.4,6635.4,6610.4,644.0,853114040.0,69241
2023-05-11 09:32:34,IM2306,IM2306,6617.8,0.0,0.0,0.0,1,6616.4,6617.0,2,6603.6,6610.4,6635.4,6610.4,644.0,853114040.0,69241
2023-05-11 09:32:35,IM2306,IM2306,6616.8,5.0,6617280.0,-3.0,1,6616.2,6616.4,5,6603.6,6610.4,6635.4,6610.4,649.0,859731320.0,69238
2023-05-11 09:32:35,IM2306,IM2306,6616.4,5.0,6616400.0,-5.0,1,6616.2,6617.8,1,6603.6,6610.4,6635.4,6610.4,654.0,866347720.0,69233
2023-05-11 09:32:36,IM2306,IM2306,6616.2,1.0,1323240.0,0.0,1,6616.0,6617.2,2,6603.6,6610.4,6635.4,6610.4,655.0,867670960.0,69233
2023-05-11 09:32:36,IM2306,IM2306,6616.0,1.0,1323200.0,0.0,1,6615.2,6616.0,9,6603.6,6610.4,6635.4,6610.4,656.0,868994160.0,69233
2023-05-11 09:32:38,IM2306,IM2306,6615.2,2.0,2646240.0,-1.0,3,6611.8,6615.2,9,6603.6,6610.4,6635.4,6610.4,658.0,871640400.0,69232
2023-05-11 09:32:38,IM2306,IM2306,6616.0,12.0,15876640.0,-9.0,2,6614.8,6616.0,7,6603.6,6610.4,6635.4,6610.4,670.0,887517040.0,69223
2023-05-11 09:32:39,IM2306,IM2306,6614.8,13.0,17201160.0,-12.0,2,6614.6,6614.8,5,6603.6,6610.4,6635.4,6610.4,683.0,904718200.0,69211
2023-05-11 09:32:39,IM2306,IM2306,6614.8,5.0,6614800.0,-4.0,4,6614.8,6616.2,2,6603.6,6610.4,6635.4,6610.4,688.0,911333000.0,69207
2023-05-11 09:32:40,IM2306,IM2306,6614.8,0.0,0.0,0.0,2,6615.2,6616.2,2,6603.6,6610.4,6635.4,6610.4,688.0,911333000.0,69207
2023-05-11 09:32:40,IM2306,IM2306,6615.2,3.0,3969320.0,0.0,1,6615.0,6615.2,8,6603.6,6610.4,6635.4,6610.4,691.0,915302320.0,69207
2023-05-11 09:32:41,IM2306,IM2306,6614.8,13.0,17199320.0,-10.0,1,6614.2,6614.8,5,6603.6,6610.4,6635.4,6610.4,704.0,932501640.0,69197
2023-05-11 09:32:41,IM2306,IM2306,6614.8,5.0,6614800.0,-5.0,2,6614.8,6615.2,3,6603.6,6610.4,6635.4,6610.4,709.0,939116440.0,69192
2023-05-11 09:32:42,IM2306,IM2306,6614.8,2.0,2645920.0,1.0,1,6614.6,6614.8,2,6603.6,6610.4,6635.4,6610.4,711.0,941762360.0,69193
2023-05-11 09:32:42,IM2306,IM2306,6614.6,3.0,3968760.0,0.0,1,6614.2,6615.2,3,6603.6,6610.4,6635.4,6610.4,714.0,945731120.0,69193
2023-05-11 09:32:43,IM2306,IM2306,6614.6,0.0,0.0,0.0,1,6614.2,6615.0,2,6603.6,6610.4,6635.4,6610.4,714.0,945731120.0,69193
2023-05-11 09:32:43,IM2306,IM2306,6614.6,0.0,0.0,0.0,1,6615.0,6615.2,3,6603.6,6610.4,6635.4,6610.4,714.0,945731120.0,69193
2023-05-11 09:32:44,IM2306,IM2306,6615.0,1.0,1323000.0,0.0,1,6614.2,6614.8,1,6603.6,6610.4,6635.4,6610.4,715.0,947054120.0,69193
2023-05-11 09:32:44,IM2306,IM2306,6614.8,2.0,2645920.0,0.0,1,6614.2,6615.2,3,6603.6,6610.4,6635.4,6610.4,717.0,949700040.0,69193
2023-05-11 09:32:45,IM2306,IM2306,6615.0,4.0,5291760.0,-4.0,1,6614.4,6615.2,3,6603.6,6610.4,6635.4,6610.4,721.0,954991800.0,69189
2023-05-11 09:32:45,IM2306,IM2306,6615.2,3.0,3969120.0,3.0,7,6615.2,6616.0,10,6603.6,6610.4,6635.4,6610.4,724.0,958960920.0,69192
2023-05-11 09:32:46,IM2306,IM2306,6614.6,10.0,13230160.0,-3.0,1,6614.2,6616.0,10,6603.6,6610.4,6635.4,6610.4,734.0,972191080.0,69189
2023-05-11 09:32:46,IM2306,IM2306,6616.0,8.0,10585600.0,0.0,2,6614.4,6615.2,3,6603.6,6610.4,6635.4,6610.4,742.0,982776680.0,69189
2023-05-11 09:32:47,IM2306,IM2306,6615.2,3.0,3969120.0,-3.0,1,6615.2,6616.0,2,6603.6,6610.4,6635.4,6610.4,745.0,986745800.0,69186
2023-05-11 09:32:47,IM2306,IM2306,6616.0,2.0,2646400.0,0.0,1,6615.2,6617.0,1,6603.6,6610.4,6635.4,6610.4,747.0,989392200.0,69186
2023-05-11 09:32:48,IM2306,IM2306,6616.0,0.0,0.0,0.0,1,6615.2,6616.8,1,6603.6,6610.4,6635.4,6610.4,747.0,989392200.0,69186
2023-05-11 09:32:48,IM2306,IM2306,6617.2,2.0,2646840.0,-2.0,1,6617.2,6618.2,3,6603.6,6610.4,6635.4,6610.4,749.0,992039040.0,69184
2023-05-11 09:32:49,IM2306,IM2306,6615.2,5.0,6615600.0,-4.0,1,6615.0,6615.2,6,6603.6,6610.4,6635.4,6610.4,754.0,998654640.0,69180
2023-05-11 09:32:49,IM2306,IM2306,6617.2,7.0,9261680.0,-6.0,2,6616.0,6617.2,1,6603.6,6610.4,6635.4,6610.4,761.0,1007916320.0,69174
2023-05-11 09:32:50,IM2306,IM2306,6617.2,1.0,1323440.0,0.0,4,6617.4,6618.2,1,6603.6,6610.4,6635.4,6610.4,762.0,1009239760.0,69174
2023-05-11 09:32:50,IM2306,IM2306,6618.4,3.0,3971000.0,-3.0,1,6618.4,6618.8,10,6603.6,6610.4,6635.4,6610.4,765.0,1013210760.0,69171
2023-05-11 09:32:51,IM2306,IM2306,6618.8,1.0,1323760.0,-1.0,3,6618.6,6618.8,9,6603.6,6610.4,6635.4,6610.4,766.0,1014534520.0,69170
2023-05-11 09:32:51,IM2306,IM2306,6618.6,3.0,3971160.0,-3.0,2,6617.6,6618.8,9,6603.6,6610.4,6635.4,6610.4,769.0,1018505680.0,69167
2023-05-11 09:32:53,IM2306,IM2306,6618.6,0.0,0.0,0.0,3,6617.2,6618.8,9,6603.6,6610.4,6635.4,6610.4,769.0,1018505680.0,69167
2023-05-11 09:32:53,IM2306,IM2306,6618.8,10.0,13237560.0,0.0,3,6617.2,6619.4,6,6603.6,6610.4,6635.4,6610.4,779.0,1031743240.0,69167
2023-05-11 09:32:54,IM2306,IM2306,6619.4,6.0,7942920.0,-3.0,3,6617.2,6619.4,4,6603.6,6610.4,6635.4,6610.4,785.0,1039686160.0,69164
2023-05-11 09:32:54,IM2306,IM2306,6617.2,1.0,1323440.0,0.0,2,6617.2,6618.8,1,6603.6,6610.4,6635.4,6610.4,786.0,1041009600.0,69164
2023-05-11 09:32:55,IM2306,IM2306,6617.2,13.0,17207920.0,1.0,1,6616.0,6619.0,2,6603.6,6610.4,6635.4,6610.4,799.0,1058217520.0,69165
2023-05-11 09:32:55,IM2306,IM2306,6617.2,4.0,5293760.0,-2.0,1,6617.0,6617.2,3,6603.6,6610.4,6635.4,6610.4,803.0,1063511280.0,69163
2023-05-11 09:32:56,IM2306,IM2306,6617.2,8.0,10587520.0,-3.0,7,6616.2,6617.0,1,6603.6,6610.4,6635.4,6610.4,811.0,1074098800.0,69160
2023-05-11 09:32:56,IM2306,IM2306,6617.0,1.0,1323400.0,0.0,10,6617.0,6619.0,2,6603.6,6610.4,6635.4,6610.4,812.0,1075422200.0,69160
2023-05-11 09:32:57,IM2306,IM2306,6617.0,0.0,0.0,0.0,10,6617.0,6618.8,4,6603.6,6610.4,6635.4,6610.4,812.0,1075422200.0,69160
2023-05-11 09:32:58,IM2306,IM2306,6617.0,1.0,1323400.0,0.0,10,6617.0,6618.8,4,6603.6,6610.4,6635.4,6610.4,813.0,1076745600.0,69160
2023-05-11 09:32:58,IM2306,IM2306,6617.0,0.0,0.0,0.0,10,6617.0,6618.8,3,6603.6,6610.4,6635.4,6610.4,813.0,1076745600.0,69160
2023-05-11 09:32:59,IM2306,IM2306,6617.0,0.0,0.0,0.0,2,6617.6,6619.4,3,6603.6,6610.4,6635.4,6610.4,813.0,1076745600.0,69160
2023-05-11 09:33:00,IM2306,IM2306,6619.4,5.0,6619400.0,0.0,5,6619.4,6620.6,2,6603.6,6610.4,6635.4,6610.4,818.0,1083365000.0,69160
2023-05-11 09:33:00,IM2306,IM2306,6619.4,2.0,2647760.0,0.0,3,6619.4,6620.0,1,6603.6,6610.4,6635.4,6610.4,820.0,1086012760.0,69160
2023-05-11 09:33:01,IM2306,IM2306,6617.0,13.0,17205880.0,-2.0,1,6617.0,6619.4,2,6603.6,6610.4,6635.4,6610.4,833.0,1103218640.0,69158
2023-05-11 09:33:01,IM2306,IM2306,6617.0,5.0,6617000.0,-3.0,1,6617.2,6619.2,1,6603.6,6610.4,6635.4,6610.4,838.0,1109835640.0,69155
2023-05-11 09:33:02,IM2306,IM2306,6617.2,1.0,1323440.0,0.0,1,6617.2,6619.0,1,6603.6,6610.4,6635.4,6610.4,839.0,1111159080.0,69155
2023-05-11 09:33:02,IM2306,IM2306,6617.2,0.0,0.0,0.0,1,6617.0,6617.2,2,6603.6,6610.4,6635.4,6610.4,839.0,1111159080.0,69155
2023-05-11 09:33:03,IM2306,IM2306,6617.0,1.0,1323400.0,1.0,5,6616.2,6617.0,1,6603.6,6610.4,6635.4,6610.4,840.0,1112482480.0,69156
2023-05-11 09:33:03,IM2306,IM2306,6616.6,1.0,1323320.0,-1.0,2,6616.0,6617.2,2,6603.6,6610.4,6635.4,6610.4,841.0,1113805800.0,69155
2023-05-11 09:33:04,IM2306,IM2306,6617.2,7.0,9263360.0,0.0,7,6617.2,6617.4,2,6603.6,6610.4,6635.4,6610.4,848.0,1123069160.0,69155
2023-05-11 09:33:04,IM2306,IM2306,6617.2,7.0,9264080.0,-1.0,1,6615.8,6617.2,1,6603.6,6610.4,6635.4,6610.4,855.0,1132333240.0,69154
2023-05-11 09:33:05,IM2306,IM2306,6617.2,0.0,0.0,0.0,3,6616.0,6618.8,1,6603.6,6610.4,6635.4,6610.4,855.0,1132333240.0,69154
2023-05-11 09:33:05,IM2306,IM2306,6617.2,0.0,0.0,0.0,1,6617.4,6617.6,1,6603.6,6610.4,6635.4,6610.4,855.0,1132333240.0,69154
2023-05-11 09:33:06,IM2306,IM2306,6617.4,1.0,1323480.0,-1.0,1,6616.2,6617.6,1,6603.6,6610.4,6635.4,6610.4,856.0,1133656720.0,69153
2023-05-11 09:33:07,IM2306,IM2306,6616.2,1.0,1323240.0,-1.0,3,6616.0,6617.6,1,6603.6,6610.4,6635.4,6610.4,857.0,1134979960.0,69152
2023-05-11 09:33:08,IM2306,IM2306,6617.4,1.0,1323480.0,1.0,5,6616.2,6617.6,1,6603.6,6610.4,6635.4,6610.4,858.0,1136303440.0,69153
2023-05-11 09:33:08,IM2306,IM2306,6617.4,0.0,0.0,0.0,1,6616.4,6618.2,2,6603.6,6610.4,6635.4,6610.4,858.0,1136303440.0,69153
2023-05-11 09:33:09,IM2306,IM2306,6616.6,1.0,1323320.0,0.0,3,6616.2,6616.4,42,6603.6,6610.4,6635.4,6610.4,859.0,1137626760.0,69153
2023-05-11 09:33:09,IM2306,IM2306,6616.2,3.0,3969720.0,0.0,1,6615.8,6616.4,42,6603.6,6610.4,6635.4,6610.4,862.0,1141596480.0,69153
2023-05-11 09:33:10,IM2306,IM2306,6615.8,1.0,1323160.0,-1.0,2,6614.8,6616.2,1,6603.6,6610.4,6635.4,6610.4,863.0,1142919640.0,69152
2023-05-11 09:33:10,IM2306,IM2306,6616.0,2.0,2646400.0,2.0,3,6615.0,6616.2,1,6603.6,6610.4,6635.4,6610.4,865.0,1145566040.0,69154
2023-05-11 09:33:11,IM2306,IM2306,6616.0,0.0,0.0,0.0,1,6616.0,6616.2,1,6603.6,6610.4,6635.4,6610.4,865.0,1145566040.0,69154
2023-05-11 09:33:11,IM2306,IM2306,6616.0,2.0,2646400.0,1.0,2,6615.0,6616.0,1,6603.6,6610.4,6635.4,6610.4,867.0,1148212440.0,69155
2023-05-11 09:33:12,IM2306,IM2306,6615.0,1.0,1323000.0,-1.0,1,6614.6,6616.0,1,6603.6,6610.4,6635.4,6610.4,868.0,1149535440.0,69154
2023-05-11 09:33:12,IM2306,IM2306,6615.0,0.0,0.0,0.0,1,6614.2,6615.8,2,6603.6,6610.4,6635.4,6610.4,868.0,1149535440.0,69154
2023-05-11 09:33:13,IM2306,IM2306,6615.0,0.0,0.0,0.0,1,6614.4,6615.6,3,6603.6,6610.4,6635.4,6610.4,868.0,1149535440.0,69154
2023-05-11 09:33:13,IM2306,IM2306,6615.0,0.0,0.0,0.0,1,6614.4,6615.6,2,6603.6,6610.4,6635.4,6610.4,868.0,1149535440.0,69154
2023-05-11 09:33:14,IM2306,IM2306,6615.0,0.0,0.0,0.0,1,6614.4,6615.4,1,6603.6,6610.4,6635.4,6610.4,868.0,1149535440.0,69154
2023-05-11 09:33:14,IM2306,IM2306,6615.6,2.0,2646200.0,-2.0,1,6614.4,6615.6,1,6603.6,6610.4,6635.4,6610.4,870.0,1152181640.0,69152
2023-05-11 09:33:15,IM2306,IM2306,6615.6,0.0,0.0,0.0,2,6614.4,6616.4,22,6603.6,6610.4,6635.4,6610.4,870.0,1152181640.0,69152
2023-05-11 09:33:15,IM2306,IM2306,6615.4,1.0,1323080.0,-1.0,6,6614.6,6616.2,2,6603.6,6610.4,6635.4,6610.4,871.0,1153504720.0,69151
2023-05-11 09:33:16,IM2306,IM2306,6614.8,1.0,1322960.0,0.0,1,6614.8,6616.2,1,6603.6,6610.4,6635.4,6610.4,872.0,1154827680.0,69151
2023-05-11 09:33:16,IM2306,IM2306,6614.8,0.0,0.0,0.0,1,6614.8,6616.4,22,6603.6,6610.4,6635.4,6610.4,872.0,1154827680.0,69151
2023-05-11 09:33:18,IM2306,IM2306,6615.0,2.0,2646280.0,-1.0,1,6615.0,6616.4,21,6603.6,6610.4,6635.4,6610.4,874.0,1157473960.0,69150
2023-05-11 09:33:18,IM2306,IM2306,6616.4,21.0,27788880.0,-21.0,2,6617.2,6617.6,2,6603.6,6610.4,6635.4,6610.4,895.0,1185262840.0,69129
2023-05-11 09:33:19,IM2306,IM2306,6617.2,9.0,11911560.0,-1.0,2,6615.0,6617.2,2,6603.6,6610.4,6635.4,6610.4,904.0,1197174400.0,69128
2023-05-11 09:33:19,IM2306,IM2306,6617.2,2.0,2646880.0,-2.0,2,6618.0,6618.6,1,6603.6,6610.4,6635.4,6610.4,906.0,1199821280.0,69126
2023-05-11 09:33:20,IM2306,IM2306,6618.0,5.0,6618000.0,-5.0,1,6618.0,6622.2,3,6603.6,6610.4,6635.4,6610.4,911.0,1206439280.0,69121
2023-05-11 09:33:20,IM2306,IM2306,6618.0,0.0,0.0,0.0,1,6618.2,6619.6,2,6603.6,6610.4,6635.4,6610.4,911.0,1206439280.0,69121
2023-05-11 09:33:21,IM2306,IM2306,6618.2,2.0,2647280.0,-2.0,1,6617.0,6618.2,4,6603.6,6610.4,6635.4,6610.4,913.0,1209086560.0,69119
2023-05-11 09:33:21,IM2306,IM2306,6618.2,0.0,0.0,0.0,4,6618.0,6618.2,4,6603.6,6610.4,6635.4,6610.4,913.0,1209086560.0,69119
2023-05-11 09:33:22,IM2306,IM2306,6618.2,4.0,5294560.0,-2.0,4,6618.0,6618.2,5,6603.6,6610.4,6635.4,6610.4,917.0,1214381120.0,69117
2023-05-11 09:33:22,IM2306,IM2306,6618.0,5.0,6618040.0,-4.0,3,6617.6,6618.0,1,6603.6,6610.4,6635.4,6610.4,922.0,1220999160.0,69113
2023-05-11 09:33:23,IM2306,IM2306,6618.0,4.0,5294160.0,-2.0,1,6617.2,6618.2,4,6603.6,6610.4,6635.4,6610.4,926.0,1226293320.0,69111
2023-05-11 09:33:23,IM2306,IM2306,6617.4,5.0,6617680.0,-1.0,2,6616.4,6618.0,1,6603.6,6610.4,6635.4,6610.4,931.0,1232911000.0,69110
2023-05-11 09:33:24,IM2306,IM2306,6617.4,0.0,0.0,0.0,1,6616.6,6618.0,1,6603.6,6610.4,6635.4,6610.4,931.0,1232911000.0,69110
2023-05-11 09:33:24,IM2306,IM2306,6617.4,0.0,0.0,0.0,1,6616.0,6617.6,1,6603.6,6610.4,6635.4,6610.4,931.0,1232911000.0,69110
2023-05-11 09:33:25,IM2306,IM2306,6618.0,5.0,6617840.0,2.0,15,6618.0,6618.2,4,6603.6,6610.4,6635.4,6610.4,936.0,1239528840.0,69112
2023-05-11 09:33:25,IM2306,IM2306,6618.0,1.0,1323600.0,0.0,14,6618.0,6618.2,4,6603.6,6610.4,6635.4,6610.4,937.0,1240852440.0,69112
2023-05-11 09:33:26,IM2306,IM2306,6618.2,4.0,5294560.0,4.0,14,6618.0,6619.8,2,6603.6,6610.4,6635.4,6610.4,941.0,1246147000.0,69116
2023-05-11 09:33:26,IM2306,IM2306,6618.2,0.0,0.0,0.0,1,6618.2,6618.6,1,6603.6,6610.4,6635.4,6610.4,941.0,1246147000.0,69116
2023-05-11 09:33:27,IM2306,IM2306,6618.6,1.0,1323720.0,-1.0,2,6618.4,6619.8,2,6603.6,6610.4,6635.4,6610.4,942.0,1247470720.0,69115
2023-05-11 09:33:27,IM2306,IM2306,6618.6,0.0,0.0,0.0,2,6618.4,6620.4,1,6603.6,6610.4,6635.4,6610.4,942.0,1247470720.0,69115
2023-05-11 09:33:28,IM2306,IM2306,6618.6,0.0,0.0,0.0,1,6618.8,6620.4,2,6603.6,6610.4,6635.4,6610.4,942.0,1247470720.0,69115
2023-05-11 09:33:28,IM2306,IM2306,6618.6,0.0,0.0,0.0,2,6618.8,6620.4,1,6603.6,6610.4,6635.4,6610.4,942.0,1247470720.0,69115
2023-05-11 09:33:29,IM2306,IM2306,6618.6,0.0,0.0,0.0,1,6619.2,6622.0,2,6603.6,6610.4,6635.4,6610.4,942.0,1247470720.0,69115
2023-05-11 09:33:29,IM2306,IM2306,6618.6,0.0,0.0,0.0,1,6619.4,6620.8,1,6603.6,6610.4,6635.4,6610.4,942.0,1247470720.0,69115
2023-05-11 09:33:31,IM2306,IM2306,6618.6,0.0,0.0,0.0,2,6619.6,6620.8,1,6603.6,6610.4,6635.4,6610.4,942.0,1247470720.0,69115
2023-05-11 09:33:32,IM2306,IM2306,6620.8,1.0,1324160.0,1.0,2,6619.6,6621.4,1,6603.6,6610.4,6635.4,6610.4,943.0,1248794880.0,69116
2023-05-11 09:33:33,IM2306,IM2306,6620.8,0.0,0.0,0.0,1,6619.8,6621.4,1,6603.6,6610.4,6635.4,6610.4,943.0,1248794880.0,69116
2023-05-11 09:33:34,IM2306,IM2306,6620.8,0.0,0.0,0.0,2,6620.0,6621.4,1,6603.6,6610.4,6635.4,6610.4,943.0,1248794880.0,69116
2023-05-11 09:33:34,IM2306,IM2306,6620.8,0.0,0.0,0.0,3,6620.0,6621.4,1,6603.6,6610.4,6635.4,6610.4,943.0,1248794880.0,69116
2023-05-11 09:33:35,IM2306,IM2306,6620.8,0.0,0.0,0.0,9,6620.2,6621.4,1,6603.6,6610.4,6635.4,6610.4,943.0,1248794880.0,69116
2023-05-11 09:33:35,IM2306,IM2306,6620.8,0.0,0.0,0.0,3,6621.0,6622.6,1,6603.6,6610.4,6635.4,6610.4,943.0,1248794880.0,69116
2023-05-11 09:33:36,IM2306,IM2306,6620.8,0.0,0.0,0.0,1,6621.2,6622.6,1,6603.6,6610.4,6635.4,6610.4,943.0,1248794880.0,69116
2023-05-11 09:33:36,IM2306,IM2306,6620.8,0.0,0.0,0.0,2,6621.2,6622.6,1,6603.6,6610.4,6635.4,6610.4,943.0,1248794880.0,69116
2023-05-11 09:33:37,IM2306,IM2306,6620.8,0.0,0.0,0.0,2,6622.0,6622.6,1,6603.6,6610.4,6635.4,6610.4,943.0,1248794880.0,69116
2023-05-11 09:33:38,IM2306,IM2306,6622.6,1.0,1324520.0,0.0,19,6622.6,6624.0,2,6603.6,6610.4,6635.4,6610.4,944.0,1250119400.0,69116
2023-05-11 09:33:38,IM2306,IM2306,6622.6,0.0,0.0,0.0,19,6622.6,6623.4,1,6603.6,6610.4,6635.4,6610.4,944.0,1250119400.0,69116
2023-05-11 09:33:39,IM2306,IM2306,6622.6,4.0,5298080.0,0.0,15,6622.6,6624.0,3,6603.6,6610.4,6635.4,6610.4,948.0,1255417480.0,69116
2023-05-11 09:33:39,IM2306,IM2306,6622.6,0.0,0.0,0.0,15,6622.6,6623.4,1,6603.6,6610.4,6635.4,6610.4,948.0,1255417480.0,69116
2023-05-11 09:33:40,IM2306,IM2306,6622.6,0.0,0.0,0.0,15,6622.6,6623.8,1,6603.6,6610.4,6635.4,6610.4,948.0,1255417480.0,69116
2023-05-11 09:33:40,IM2306,IM2306,6622.6,0.0,0.0,0.0,15,6622.6,6623.4,1,6603.6,6610.4,6635.4,6610.4,948.0,1255417480.0,69116
2023-05-11 09:33:41,IM2306,IM2306,6622.6,0.0,0.0,0.0,15,6622.6,6622.8,1,6603.6,6610.4,6635.4,6610.4,948.0,1255417480.0,69116
2023-05-11 09:33:41,IM2306,IM2306,6622.8,1.0,1324560.0,-1.0,15,6622.6,6623.8,1,6603.6,6610.4,6635.4,6610.4,949.0,1256742040.0,69115
2023-05-11 09:33:42,IM2306,IM2306,6622.6,1.0,1324520.0,0.0,16,6622.6,6622.8,1,6603.6,6610.4,6635.4,6610.4,950.0,1258066560.0,69115
2023-05-11 09:33:42,IM2306,IM2306,6622.8,3.0,3973680.0,-1.0,16,6622.6,6623.8,1,6603.6,6610.4,6635.4,6610.4,953.0,1262040240.0,69114
2023-05-11 09:33:43,IM2306,IM2306,6622.8,0.0,0.0,0.0,16,6622.6,6623.4,1,6603.6,6610.4,6635.4,6610.4,953.0,1262040240.0,69114
2023-05-11 09:33:44,IM2306,IM2306,6622.8,0.0,0.0,0.0,2,6622.8,6623.8,1,6603.6,6610.4,6635.4,6610.4,953.0,1262040240.0,69114
2023-05-11 09:33:44,IM2306,IM2306,6622.8,0.0,0.0,0.0,16,6622.6,6623.4,1,6603.6,6610.4,6635.4,6610.4,953.0,1262040240.0,69114
2023-05-11 09:33:45,IM2306,IM2306,6622.8,0.0,0.0,0.0,4,6622.8,6623.8,1,6603.6,6610.4,6635.4,6610.4,953.0,1262040240.0,69114
2023-05-11 09:33:45,IM2306,IM2306,6622.8,0.0,0.0,0.0,4,6622.8,6624.0,2,6603.6,6610.4,6635.4,6610.4,953.0,1262040240.0,69114
2023-05-11 09:33:46,IM2306,IM2306,6624.0,2.0,2649600.0,-2.0,1,6623.0,6624.8,1,6603.6,6610.4,6635.4,6610.4,955.0,1264689840.0,69112
2023-05-11 09:33:46,IM2306,IM2306,6624.0,0.0,0.0,0.0,1,6623.8,6624.4,1,6603.6,6610.4,6635.4,6610.4,955.0,1264689840.0,69112
2023-05-11 09:33:47,IM2306,IM2306,6623.8,1.0,1324760.0,1.0,3,6622.8,6624.4,1,6603.6,6610.4,6635.4,6610.4,956.0,1266014600.0,69113
2023-05-11 09:33:47,IM2306,IM2306,6623.8,0.0,0.0,0.0,2,6623.0,6624.4,1,6603.6,6610.4,6635.4,6610.4,956.0,1266014600.0,69113
2023-05-11 09:33:48,IM2306,IM2306,6622.8,4.0,5298280.0,-4.0,16,6622.6,6624.4,1,6603.6,6610.4,6635.4,6610.4,960.0,1271312880.0,69109
2023-05-11 09:33:48,IM2306,IM2306,6622.8,0.0,0.0,0.0,1,6622.8,6624.2,6,6603.6,6610.4,6635.4,6610.4,960.0,1271312880.0,69109
2023-05-11 09:33:49,IM2306,IM2306,6622.8,0.0,0.0,0.0,16,6622.6,6624.0,1,6603.6,6610.4,6635.4,6610.4,960.0,1271312880.0,69109
2023-05-11 09:33:49,IM2306,IM2306,6622.6,16.0,21192360.0,-1.0,1,6622.6,6623.8,3,6603.6,6610.4,6635.4,6610.4,976.0,1292505240.0,69108
2023-05-11 09:33:50,IM2306,IM2306,6621.4,2.0,2648800.0,-1.0,1,6621.2,6622.2,1,6603.6,6610.4,6635.4,6610.4,978.0,1295154040.0,69107
2023-05-11 09:33:50,IM2306,IM2306,6621.4,0.0,0.0,0.0,11,6621.0,6621.2,2,6603.6,6610.4,6635.4,6610.4,978.0,1295154040.0,69107
2023-05-11 09:33:51,IM2306,IM2306,6621.2,2.0,2648480.0,-2.0,11,6621.0,6622.0,1,6603.6,6610.4,6635.4,6610.4,980.0,1297802520.0,69105
2023-05-11 09:33:51,IM2306,IM2306,6621.2,0.0,0.0,0.0,11,6621.0,6622.2,1,6603.6,6610.4,6635.4,6610.4,980.0,1297802520.0,69105
2023-05-11 09:33:52,IM2306,IM2306,6621.2,0.0,0.0,0.0,1,6621.2,6622.2,1,6603.6,6610.4,6635.4,6610.4,980.0,1297802520.0,69105
2023-05-11 09:33:52,IM2306,IM2306,6621.2,0.0,0.0,0.0,11,6621.0,6622.2,1,6603.6,6610.4,6635.4,6610.4,980.0,1297802520.0,69105
2023-05-11 09:33:53,IM2306,IM2306,6621.2,0.0,0.0,0.0,11,6621.0,6622.0,1,6603.6,6610.4,6635.4,6610.4,980.0,1297802520.0,69105
2023-05-11 09:33:55,IM2306,IM2306,6621.2,0.0,0.0,0.0,2,6621.2,6622.0,1,6603.6,6610.4,6635.4,6610.4,980.0,1297802520.0,69105
2023-05-11 09:33:55,IM2306,IM2306,6621.2,2.0,2648480.0,-2.0,11,6621.0,6622.0,1,6603.6,6610.4,6635.4,6610.4,982.0,1300451000.0,69103
2023-05-11 09:33:56,IM2306,IM2306,6621.0,3.0,3972600.0,0.0,8,6621.0,6622.0,1,6603.6,6610.4,6635.4,6610.4,985.0,1304423600.0,69103
2023-05-11 09:33:56,IM2306,IM2306,6621.0,7.0,9269400.0,0.0,1,6621.0,6621.8,4,6603.6,6610.4,6635.4,6610.4,992.0,1313693000.0,69103
2023-05-11 09:33:57,IM2306,IM2306,6621.0,1.0,1324200.0,-1.0,1,6619.8,6621.0,1,6603.6,6610.4,6635.4,6610.4,993.0,1315017200.0,69102
2023-05-11 09:33:57,IM2306,IM2306,6619.8,1.0,1323960.0,0.0,1,6618.8,6620.6,3,6603.6,6610.4,6635.4,6610.4,994.0,1316341160.0,69102
2023-05-11 09:33:58,IM2306,IM2306,6619.8,0.0,0.0,0.0,1,6619.0,6620.4,2,6603.6,6610.4,6635.4,6610.4,994.0,1316341160.0,69102
2023-05-11 09:33:58,IM2306,IM2306,6619.8,0.0,0.0,0.0,1,6618.8,6620.4,1,6603.6,6610.4,6635.4,6610.4,994.0,1316341160.0,69102
2023-05-11 09:33:59,IM2306,IM2306,6620.4,1.0,1324080.0,0.0,1,6619.2,6621.0,1,6603.6,6610.4,6635.4,6610.4,995.0,1317665240.0,69102
2023-05-11 09:33:59,IM2306,IM2306,6620.4,0.0,0.0,0.0,7,6619.4,6621.0,1,6603.6,6610.4,6635.4,6610.4,995.0,1317665240.0,69102
2023-05-11 09:34:00,IM2306,IM2306,6621.0,1.0,1324200.0,-1.0,5,6619.6,6623.6,1,6603.6,6610.4,6635.4,6610.4,996.0,1318989440.0,69101
2023-05-11 09:34:00,IM2306,IM2306,6621.0,0.0,0.0,0.0,4,6619.8,6622.4,3,6603.6,6610.4,6635.4,6610.4,996.0,1318989440.0,69101
2023-05-11 09:34:01,IM2306,IM2306,6621.0,0.0,0.0,0.0,2,6620.2,6622.6,2,6603.6,6610.4,6635.4,6610.4,996.0,1318989440.0,69101
2023-05-11 09:34:01,IM2306,IM2306,6621.0,0.0,0.0,0.0,1,6621.0,6623.4,4,6603.6,6610.4,6635.4,6610.4,996.0,1318989440.0,69101
2023-05-11 09:34:02,IM2306,IM2306,6621.0,0.0,0.0,0.0,1,6621.2,6622.8,2,6603.6,6610.4,6635.4,6610.4,996.0,1318989440.0,69101
2023-05-11 09:34:02,IM2306,IM2306,6621.0,0.0,0.0,0.0,1,6621.2,6622.4,1,6603.6,6610.4,6635.4,6610.4,996.0,1318989440.0,69101
2023-05-11 09:34:03,IM2306,IM2306,6621.0,0.0,0.0,0.0,1,6621.0,6622.8,2,6603.6,6610.4,6635.4,6610.4,996.0,1318989440.0,69101
2023-05-11 09:34:03,IM2306,IM2306,6621.0,0.0,0.0,0.0,1,6621.2,6623.2,1,6603.6,6610.4,6635.4,6610.4,996.0,1318989440.0,69101
2023-05-11 09:34:04,IM2306,IM2306,6621.0,0.0,0.0,0.0,2,6621.4,6623.6,1,6603.6,6610.4,6635.4,6610.4,996.0,1318989440.0,69101
2023-05-11 09:34:04,IM2306,IM2306,6621.0,0.0,0.0,0.0,2,6621.4,6623.8,1,6603.6,6610.4,6635.4,6610.4,996.0,1318989440.0,69101
2023-05-11 09:34:05,IM2306,IM2306,6621.2,3.0,3972720.0,-2.0,1,6621.2,6623.6,4,6603.6,6610.4,6635.4,6610.4,999.0,1322962160.0,69099
2023-05-11 09:34:05,IM2306,IM2306,6621.2,0.0,0.0,0.0,1,6621.4,6623.4,5,6603.6,6610.4,6635.4,6610.4,999.0,1322962160.0,69099
2023-05-11 09:34:06,IM2306,IM2306,6621.2,0.0,0.0,0.0,1,6621.2,6623.2,1,6603.6,6610.4,6635.4,6610.4,999.0,1322962160.0,69099
2023-05-11 09:34:07,IM2306,IM2306,6621.2,0.0,0.0,0.0,1,6621.0,6622.4,2,6603.6,6610.4,6635.4,6610.4,999.0,1322962160.0,69099
2023-05-11 09:34:08,IM2306,IM2306,6621.2,0.0,0.0,0.0,1,6620.4,6622.2,1,6603.6,6610.4,6635.4,6610.4,999.0,1322962160.0,69099
2023-05-11 09:34:08,IM2306,IM2306,6622.4,2.0,2648920.0,-1.0,3,6620.6,6622.4,1,6603.6,6610.4,6635.4,6610.4,1001.0,1325611080.0,69098
2023-05-11 09:34:09,IM2306,IM2306,6622.4,1.0,1324480.0,-1.0,1,6620.8,6623.0,4,6603.6,6610.4,6635.4,6610.4,1002.0,1326935560.0,69097
2023-05-11 09:34:09,IM2306,IM2306,6622.4,0.0,0.0,0.0,1,6620.2,6622.6,1,6603.6,6610.4,6635.4,6610.4,1002.0,1326935560.0,69097
2023-05-11 09:34:10,IM2306,IM2306,6622.4,0.0,0.0,0.0,2,6620.6,6622.2,1,6603.6,6610.4,6635.4,6610.4,1002.0,1326935560.0,69097
2023-05-11 09:34:10,IM2306,IM2306,6622.4,0.0,0.0,0.0,1,6620.8,6622.4,1,6603.6,6610.4,6635.4,6610.4,1002.0,1326935560.0,69097
2023-05-11 09:34:12,IM2306,IM2306,6622.4,0.0,0.0,0.0,1,6621.0,6622.8,1,6603.6,6610.4,6635.4,6610.4,1002.0,1326935560.0,69097
2023-05-11 09:34:13,IM2306,IM2306,6622.4,0.0,0.0,0.0,2,6621.6,6622.8,1,6603.6,6610.4,6635.4,6610.4,1002.0,1326935560.0,69097
2023-05-11 09:34:13,IM2306,IM2306,6622.4,0.0,0.0,0.0,1,6621.0,6623.2,1,6603.6,6610.4,6635.4,6610.4,1002.0,1326935560.0,69097
2023-05-11 09:34:14,IM2306,IM2306,6622.4,0.0,0.0,0.0,3,6621.2,6623.2,1,6603.6,6610.4,6635.4,6610.4,1002.0,1326935560.0,69097
2023-05-11 09:34:14,IM2306,IM2306,6622.4,0.0,0.0,0.0,3,6621.2,6623.0,2,6603.6,6610.4,6635.4,6610.4,1002.0,1326935560.0,69097
2023-05-11 09:34:15,IM2306,IM2306,6622.4,0.0,0.0,0.0,1,6621.2,6623.0,2,6603.6,6610.4,6635.4,6610.4,1002.0,1326935560.0,69097
2023-05-11 09:34:15,IM2306,IM2306,6622.4,0.0,0.0,0.0,1,6621.2,6622.8,1,6603.6,6610.4,6635.4,6610.4,1002.0,1326935560.0,69097
2023-05-11 09:34:16,IM2306,IM2306,6621.2,1.0,1324240.0,0.0,1,6621.0,6622.8,1,6603.6,6610.4,6635.4,6610.4,1003.0,1328259800.0,69097
2023-05-11 09:34:16,IM2306,IM2306,6621.2,0.0,0.0,0.0,1,6620.8,6622.8,2,6603.6,6610.4,6635.4,6610.4,1003.0,1328259800.0,69097
2023-05-11 09:34:17,IM2306,IM2306,6621.2,0.0,0.0,0.0,1,6620.2,6622.4,1,6603.6,6610.4,6635.4,6610.4,1003.0,1328259800.0,69097
2023-05-11 09:34:17,IM2306,IM2306,6621.2,0.0,0.0,0.0,1,6620.2,6622.2,1,6603.6,6610.4,6635.4,6610.4,1003.0,1328259800.0,69097
2023-05-11 09:34:18,IM2306,IM2306,6621.2,2.0,2648280.0,-2.0,4,6619.8,6622.2,1,6603.6,6610.4,6635.4,6610.4,1005.0,1330908080.0,69095
2023-05-11 09:34:18,IM2306,IM2306,6621.2,0.0,0.0,0.0,2,6619.8,6621.8,1,6603.6,6610.4,6635.4,6610.4,1005.0,1330908080.0,69095
2023-05-11 09:34:19,IM2306,IM2306,6621.2,0.0,0.0,0.0,2,6619.8,6621.6,1,6603.6,6610.4,6635.4,6610.4,1005.0,1330908080.0,69095
2023-05-11 09:34:19,IM2306,IM2306,6621.2,0.0,0.0,0.0,1,6619.8,6621.6,1,6603.6,6610.4,6635.4,6610.4,1005.0,1330908080.0,69095
2023-05-11 09:34:20,IM2306,IM2306,6621.2,0.0,0.0,0.0,2,6620.0,6621.6,1,6603.6,6610.4,6635.4,6610.4,1005.0,1330908080.0,69095
2023-05-11 09:34:20,IM2306,IM2306,6621.2,0.0,0.0,0.0,1,6620.0,6621.6,1,6603.6,6610.4,6635.4,6610.4,1005.0,1330908080.0,69095
2023-05-11 09:34:21,IM2306,IM2306,6621.2,0.0,0.0,0.0,2,6620.4,6622.0,1,6603.6,6610.4,6635.4,6610.4,1005.0,1330908080.0,69095
2023-05-11 09:34:21,IM2306,IM2306,6621.2,0.0,0.0,0.0,2,6620.6,6622.0,1,6603.6,6610.4,6635.4,6610.4,1005.0,1330908080.0,69095
2023-05-11 09:34:22,IM2306,IM2306,6621.2,0.0,0.0,0.0,1,6620.8,6622.8,3,6603.6,6610.4,6635.4,6610.4,1005.0,1330908080.0,69095
2023-05-11 09:34:22,IM2306,IM2306,6621.2,0.0,0.0,0.0,2,6620.4,6622.4,2,6603.6,6610.4,6635.4,6610.4,1005.0,1330908080.0,69095
2023-05-11 09:34:23,IM2306,IM2306,6621.2,0.0,0.0,0.0,1,6620.2,6622.2,2,6603.6,6610.4,6635.4,6610.4,1005.0,1330908080.0,69095
2023-05-11 09:34:23,IM2306,IM2306,6621.2,0.0,0.0,0.0,4,6620.6,6622.2,1,6603.6,6610.4,6635.4,6610.4,1005.0,1330908080.0,69095
2023-05-11 09:34:24,IM2306,IM2306,6621.2,0.0,0.0,0.0,1,6621.0,6622.8,3,6603.6,6610.4,6635.4,6610.4,1005.0,1330908080.0,69095
2023-05-11 09:34:24,IM2306,IM2306,6621.2,0.0,0.0,0.0,2,6620.6,6622.8,3,6603.6,6610.4,6635.4,6610.4,1005.0,1330908080.0,69095
2023-05-11 09:34:25,IM2306,IM2306,6621.2,0.0,0.0,0.0,2,6620.4,6622.4,3,6603.6,6610.4,6635.4,6610.4,1005.0,1330908080.0,69095
2023-05-11 09:34:25,IM2306,IM2306,6621.2,0.0,0.0,0.0,2,6620.4,6622.2,1,6603.6,6610.4,6635.4,6610.4,1005.0,1330908080.0,69095
2023-05-11 09:34:26,IM2306,IM2306,6621.2,0.0,0.0,0.0,2,6620.4,6622.4,1,6603.6,6610.4,6635.4,6610.4,1005.0,1330908080.0,69095
2023-05-11 09:34:27,IM2306,IM2306,6621.2,0.0,0.0,0.0,2,6620.4,6622.2,2,6603.6,6610.4,6635.4,6610.4,1005.0,1330908080.0,69095
2023-05-11 09:34:28,IM2306,IM2306,6621.2,0.0,0.0,0.0,1,6620.0,6622.0,1,6603.6,6610.4,6635.4,6610.4,1005.0,1330908080.0,69095
2023-05-11 09:34:28,IM2306,IM2306,6621.2,0.0,0.0,0.0,5,6620.2,6622.4,1,6603.6,6610.4,6635.4,6610.4,1005.0,1330908080.0,69095
2023-05-11 09:34:30,IM2306,IM2306,6621.2,0.0,0.0,0.0,4,6620.4,6622.4,1,6603.6,6610.4,6635.4,6610.4,1005.0,1330908080.0,69095
2023-05-11 09:34:30,IM2306,IM2306,6621.2,0.0,0.0,0.0,4,6620.4,6622.6,1,6603.6,6610.4,6635.4,6610.4,1005.0,1330908080.0,69095
2023-05-11 09:34:31,IM2306,IM2306,6621.2,0.0,0.0,0.0,1,6620.8,6622.6,1,6603.6,6610.4,6635.4,6610.4,1005.0,1330908080.0,69095
2023-05-11 09:34:31,IM2306,IM2306,6621.2,0.0,0.0,0.0,1,6620.8,6622.8,3,6603.6,6610.4,6635.4,6610.4,1005.0,1330908080.0,69095
2023-05-11 09:34:32,IM2306,IM2306,6621.2,0.0,0.0,0.0,1,6620.8,6622.6,3,6603.6,6610.4,6635.4,6610.4,1005.0,1330908080.0,69095
2023-05-11 09:34:32,IM2306,IM2306,6621.2,0.0,0.0,0.0,1,6620.8,6622.4,1,6603.6,6610.4,6635.4,6610.4,1005.0,1330908080.0,69095
2023-05-11 09:34:33,IM2306,IM2306,6621.2,0.0,0.0,0.0,5,6620.2,6622.2,1,6603.6,6610.4,6635.4,6610.4,1005.0,1330908080.0,69095
2023-05-11 09:34:34,IM2306,IM2306,6621.2,0.0,0.0,0.0,2,6620.2,6621.8,1,6603.6,6610.4,6635.4,6610.4,1005.0,1330908080.0,69095
2023-05-11 09:34:35,IM2306,IM2306,6620.2,2.0,2648080.0,-2.0,1,6619.8,6621.8,1,6603.6,6610.4,6635.4,6610.4,1007.0,1333556160.0,69093
2023-05-11 09:34:36,IM2306,IM2306,6620.2,0.0,0.0,0.0,1,6619.8,6621.4,2,6603.6,6610.4,6635.4,6610.4,1007.0,1333556160.0,69093
2023-05-11 09:34:37,IM2306,IM2306,6620.2,0.0,0.0,0.0,3,6620.0,6621.6,2,6603.6,6610.4,6635.4,6610.4,1007.0,1333556160.0,69093
2023-05-11 09:34:37,IM2306,IM2306,6620.2,0.0,0.0,0.0,2,6620.2,6622.4,1,6603.6,6610.4,6635.4,6610.4,1007.0,1333556160.0,69093
2023-05-11 09:34:38,IM2306,IM2306,6622.8,4.0,5298080.0,-4.0,1,6620.6,6622.8,2,6603.6,6610.4,6635.4,6610.4,1011.0,1338854240.0,69089
2023-05-11 09:34:38,IM2306,IM2306,6622.8,4.0,5298240.0,-3.0,2,6621.6,6623.2,1,6603.6,6610.4,6635.4,6610.4,1015.0,1344152480.0,69086
2023-05-11 09:34:39,IM2306,IM2306,6622.8,0.0,0.0,0.0,1,6622.0,6624.6,2,6603.6,6610.4,6635.4,6610.4,1015.0,1344152480.0,69086
2023-05-11 09:34:39,IM2306,IM2306,6622.8,0.0,0.0,0.0,2,6623.0,6624.4,2,6603.6,6610.4,6635.4,6610.4,1015.0,1344152480.0,69086
2023-05-11 09:34:40,IM2306,IM2306,6622.8,1.0,1324560.0,-1.0,2,6623.0,6625.0,12,6603.6,6610.4,6635.4,6610.4,1016.0,1345477040.0,69085
2023-05-11 09:34:40,IM2306,IM2306,6622.8,0.0,0.0,0.0,1,6623.2,6624.8,3,6603.6,6610.4,6635.4,6610.4,1016.0,1345477040.0,69085
2023-05-11 09:34:41,IM2306,IM2306,6622.8,0.0,0.0,0.0,1,6623.4,6624.8,2,6603.6,6610.4,6635.4,6610.4,1016.0,1345477040.0,69085
2023-05-11 09:34:41,IM2306,IM2306,6622.8,0.0,0.0,0.0,1,6623.2,6624.4,2,6603.6,6610.4,6635.4,6610.4,1016.0,1345477040.0,69085
2023-05-11 09:34:42,IM2306,IM2306,6623.2,1.0,1324640.0,-1.0,2,6622.2,6624.4,2,6603.6,6610.4,6635.4,6610.4,1017.0,1346801680.0,69084
2023-05-11 09:34:42,IM2306,IM2306,6623.2,0.0,0.0,0.0,4,6622.4,6623.8,1,6603.6,6610.4,6635.4,6610.4,1017.0,1346801680.0,69084
2023-05-11 09:34:43,IM2306,IM2306,6623.2,0.0,0.0,0.0,1,6622.4,6623.8,1,6603.6,6610.4,6635.4,6610.4,1017.0,1346801680.0,69084
2023-05-11 09:34:43,IM2306,IM2306,6623.2,0.0,0.0,0.0,1,6621.8,6623.4,1,6603.6,6610.4,6635.4,6610.4,1017.0,1346801680.0,69084
2023-05-11 09:34:44,IM2306,IM2306,6623.2,0.0,0.0,0.0,1,6622.2,6623.4,1,6603.6,6610.4,6635.4,6610.4,1017.0,1346801680.0,69084
2023-05-11 09:34:44,IM2306,IM2306,6623.2,0.0,0.0,0.0,2,6621.8,6623.4,1,6603.6,6610.4,6635.4,6610.4,1017.0,1346801680.0,69084
2023-05-11 09:34:45,IM2306,IM2306,6622.0,1.0,1324400.0,-1.0,1,6622.0,6623.4,1,6603.6,6610.4,6635.4,6610.4,1018.0,1348126080.0,69083
2023-05-11 09:34:45,IM2306,IM2306,6623.4,1.0,1324680.0,0.0,1,6621.8,6623.8,1,6603.6,6610.4,6635.4,6610.4,1019.0,1349450760.0,69083
2023-05-11 09:34:46,IM2306,IM2306,6623.4,0.0,0.0,0.0,1,6622.0,6623.2,2,6603.6,6610.4,6635.4,6610.4,1019.0,1349450760.0,69083
2023-05-11 09:34:46,IM2306,IM2306,6623.4,0.0,0.0,0.0,2,6620.8,6623.0,1,6603.6,6610.4,6635.4,6610.4,1019.0,1349450760.0,69083
2023-05-11 09:34:47,IM2306,IM2306,6623.4,0.0,0.0,0.0,1,6621.2,6623.0,1,6603.6,6610.4,6635.4,6610.4,1019.0,1349450760.0,69083
2023-05-11 09:34:47,IM2306,IM2306,6623.4,0.0,0.0,0.0,1,6621.2,6622.6,1,6603.6,6610.4,6635.4,6610.4,1019.0,1349450760.0,69083
2023-05-11 09:34:48,IM2306,IM2306,6623.4,0.0,0.0,0.0,2,6620.8,6622.6,2,6603.6,6610.4,6635.4,6610.4,1019.0,1349450760.0,69083
2023-05-11 09:34:49,IM2306,IM2306,6623.4,0.0,0.0,0.0,2,6621.0,6622.6,2,6603.6,6610.4,6635.4,6610.4,1019.0,1349450760.0,69083
2023-05-11 09:34:49,IM2306,IM2306,6623.4,0.0,0.0,0.0,3,6621.0,6622.6,2,6603.6,6610.4,6635.4,6610.4,1019.0,1349450760.0,69083
2023-05-11 09:34:50,IM2306,IM2306,6623.4,0.0,0.0,0.0,1,6621.2,6622.0,1,6603.6,6610.4,6635.4,6610.4,1019.0,1349450760.0,69083
2023-05-11 09:34:50,IM2306,IM2306,6623.4,0.0,0.0,0.0,2,6621.0,6622.0,1,6603.6,6610.4,6635.4,6610.4,1019.0,1349450760.0,69083
2023-05-11 09:34:51,IM2306,IM2306,6622.0,1.0,1324400.0,-1.0,1,6621.2,6622.6,2,6603.6,6610.4,6635.4,6610.4,1020.0,1350775160.0,69082
2023-05-11 09:34:51,IM2306,IM2306,6622.0,0.0,0.0,0.0,1,6621.0,6622.6,2,6603.6,6610.4,6635.4,6610.4,1020.0,1350775160.0,69082
2023-05-11 09:34:52,IM2306,IM2306,6622.4,1.0,1324480.0,0.0,1,6621.0,6622.6,2,6603.6,6610.4,6635.4,6610.4,1021.0,1352099640.0,69082
2023-05-11 09:34:52,IM2306,IM2306,6622.4,0.0,0.0,0.0,5,6620.0,6622.4,3,6603.6,6610.4,6635.4,6610.4,1021.0,1352099640.0,69082
2023-05-11 09:34:53,IM2306,IM2306,6622.4,0.0,0.0,0.0,2,6620.4,6622.2,1,6603.6,6610.4,6635.4,6610.4,1021.0,1352099640.0,69082
2023-05-11 09:34:53,IM2306,IM2306,6622.4,0.0,0.0,0.0,3,6620.6,6622.4,1,6603.6,6610.4,6635.4,6610.4,1021.0,1352099640.0,69082
2023-05-11 09:34:54,IM2306,IM2306,6622.4,1.0,1324480.0,-1.0,1,6620.8,6622.6,1,6603.6,6610.4,6635.4,6610.4,1022.0,1353424120.0,69081
2023-05-11 09:34:54,IM2306,IM2306,6622.4,0.0,0.0,0.0,4,6620.6,6622.0,1,6603.6,6610.4,6635.4,6610.4,1022.0,1353424120.0,69081
2023-05-11 09:34:55,IM2306,IM2306,6622.4,0.0,0.0,0.0,3,6620.8,6622.6,1,6603.6,6610.4,6635.4,6610.4,1022.0,1353424120.0,69081
2023-05-11 09:34:55,IM2306,IM2306,6622.4,0.0,0.0,0.0,2,6621.0,6622.6,1,6603.6,6610.4,6635.4,6610.4,1022.0,1353424120.0,69081
2023-05-11 09:34:56,IM2306,IM2306,6622.4,0.0,0.0,0.0,1,6621.0,6622.2,1,6603.6,6610.4,6635.4,6610.4,1022.0,1353424120.0,69081
2023-05-11 09:34:57,IM2306,IM2306,6622.4,0.0,0.0,0.0,1,6621.0,6622.6,1,6603.6,6610.4,6635.4,6610.4,1022.0,1353424120.0,69081
2023-05-11 09:34:57,IM2306,IM2306,6622.4,0.0,0.0,0.0,1,6621.0,6622.4,1,6603.6,6610.4,6635.4,6610.4,1022.0,1353424120.0,69081
2023-05-11 09:34:58,IM2306,IM2306,6622.4,1.0,1324480.0,0.0,1,6621.0,6622.4,1,6603.6,6610.4,6635.4,6610.4,1023.0,1354748600.0,69081
2023-05-11 09:34:58,IM2306,IM2306,6621.2,1.0,1324240.0,0.0,1,6621.0,6622.4,1,6603.6,6610.4,6635.4,6610.4,1024.0,1356072840.0,69081
2023-05-11 09:34:59,IM2306,IM2306,6621.2,0.0,0.0,0.0,1,6621.0,6622.2,1,6603.6,6610.4,6635.4,6610.4,1024.0,1356072840.0,69081
2023-05-11 09:34:59,IM2306,IM2306,6621.2,0.0,0.0,0.0,2,6620.8,6622.2,1,6603.6,6610.4,6635.4,6610.4,1024.0,1356072840.0,69081
2023-05-11 09:35:00,IM2306,IM2306,6621.2,0.0,0.0,0.0,2,6620.6,6622.4,1,6603.6,6610.4,6635.4,6610.4,1024.0,1356072840.0,69081
2023-05-11 09:35:00,IM2306,IM2306,6621.2,0.0,0.0,0.0,10,6621.0,6622.2,1,6603.6,6610.4,6635.4,6610.4,1024.0,1356072840.0,69081
2023-05-11 09:35:01,IM2306,IM2306,6621.0,10.0,13242000.0,-10.0,1,6620.6,6622.0,2,6603.6,6610.4,6635.4,6610.4,1034.0,1369314840.0,69071
2023-05-11 09:35:01,IM2306,IM2306,6621.0,0.0,0.0,0.0,5,6620.0,6621.6,3,6603.6,6610.4,6635.4,6610.4,1034.0,1369314840.0,69071
2023-05-11 09:35:02,IM2306,IM2306,6620.0,5.0,6620000.0,-5.0,3,6619.8,6621.2,2,6603.6,6610.4,6635.4,6610.4,1039.0,1375934840.0,69066
2023-05-11 09:35:02,IM2306,IM2306,6619.8,3.0,3971880.0,-1.0,1,6618.8,6620.4,1,6603.6,6610.4,6635.4,6610.4,1042.0,1379906720.0,69065
2023-05-11 09:35:03,IM2306,IM2306,6618.8,1.0,1323760.0,-1.0,2,6617.2,6620.0,4,6603.6,6610.4,6635.4,6610.4,1043.0,1381230480.0,69064
2023-05-11 09:35:03,IM2306,IM2306,6618.8,0.0,0.0,0.0,1,6617.4,6619.6,3,6603.6,6610.4,6635.4,6610.4,1043.0,1381230480.0,69064
2023-05-11 09:35:04,IM2306,IM2306,6618.8,0.0,0.0,0.0,1,6617.4,6619.2,1,6603.6,6610.4,6635.4,6610.4,1043.0,1381230480.0,69064
2023-05-11 09:35:04,IM2306,IM2306,6617.4,1.0,1323480.0,0.0,3,6615.0,6619.0,1,6603.6,6610.4,6635.4,6610.4,1044.0,1382553960.0,69064
2023-05-11 09:35:05,IM2306,IM2306,6617.4,0.0,0.0,0.0,1,6617.0,6618.8,1,6603.6,6610.4,6635.4,6610.4,1044.0,1382553960.0,69064
2023-05-11 09:35:05,IM2306,IM2306,6617.4,0.0,0.0,0.0,6,6616.6,6618.8,1,6603.6,6610.4,6635.4,6610.4,1044.0,1382553960.0,69064
2023-05-11 09:35:06,IM2306,IM2306,6617.4,0.0,0.0,0.0,1,6616.8,6618.4,1,6603.6,6610.4,6635.4,6610.4,1044.0,1382553960.0,69064
2023-05-11 09:35:06,IM2306,IM2306,6617.4,0.0,0.0,0.0,3,6615.6,6617.6,1,6603.6,6610.4,6635.4,6610.4,1044.0,1382553960.0,69064
2023-05-11 09:35:07,IM2306,IM2306,6617.4,0.0,0.0,0.0,1,6615.8,6617.4,1,6603.6,6610.4,6635.4,6610.4,1044.0,1382553960.0,69064
2023-05-11 09:35:07,IM2306,IM2306,6617.4,2.0,2646960.0,-1.0,2,6615.2,6617.2,2,6603.6,6610.4,6635.4,6610.4,1046.0,1385200920.0,69063
2023-05-11 09:35:08,IM2306,IM2306,6617.2,2.0,2646880.0,0.0,2,6615.8,6617.6,1,6603.6,6610.4,6635.4,6610.4,1048.0,1387847800.0,69063
2023-05-11 09:35:08,IM2306,IM2306,6617.2,0.0,0.0,0.0,1,6616.2,6618.0,2,6603.6,6610.4,6635.4,6610.4,1048.0,1387847800.0,69063
2023-05-11 09:35:09,IM2306,IM2306,6617.2,0.0,0.0,0.0,3,6616.6,6617.8,1,6603.6,6610.4,6635.4,6610.4,1048.0,1387847800.0,69063
2023-05-11 09:35:09,IM2306,IM2306,6618.0,2.0,2647200.0,-2.0,1,6616.8,6618.2,1,6603.6,6610.4,6635.4,6610.4,1050.0,1390495000.0,69061
2023-05-11 09:35:10,IM2306,IM2306,6618.0,1.0,1323600.0,-1.0,9,6618.8,6620.0,4,6603.6,6610.4,6635.4,6610.4,1051.0,1391818600.0,69060
2023-05-11 09:35:10,IM2306,IM2306,6618.8,5.0,6618800.0,-4.0,4,6618.8,6619.4,1,6603.6,6610.4,6635.4,6610.4,1056.0,1398437400.0,69056
2023-05-11 09:35:11,IM2306,IM2306,6619.4,1.0,1323880.0,0.0,1,6619.0,6619.6,1,6603.6,6610.4,6635.4,6610.4,1057.0,1399761280.0,69056
2023-05-11 09:35:11,IM2306,IM2306,6619.4,0.0,0.0,0.0,1,6619.0,6620.2,2,6603.6,6610.4,6635.4,6610.4,1057.0,1399761280.0,69056
2023-05-11 09:35:12,IM2306,IM2306,6619.0,2.0,2647640.0,-1.0,1,6619.2,6620.0,3,6603.6,6610.4,6635.4,6610.4,1059.0,1402408920.0,69055
2023-05-11 09:35:12,IM2306,IM2306,6618.8,1.0,1323760.0,-1.0,3,6618.8,6620.0,1,6603.6,6610.4,6635.4,6610.4,1060.0,1403732680.0,69054
2023-05-11 09:35:13,IM2306,IM2306,6618.8,0.0,0.0,0.0,7,6619.0,6621.8,1,6603.6,6610.4,6635.4,6610.4,1060.0,1403732680.0,69054
2023-05-11 09:35:14,IM2306,IM2306,6618.8,0.0,0.0,0.0,1,6619.2,6621.4,1,6603.6,6610.4,6635.4,6610.4,1060.0,1403732680.0,69054
2023-05-11 09:35:14,IM2306,IM2306,6618.8,0.0,0.0,0.0,2,6620.0,6621.2,2,6603.6,6610.4,6635.4,6610.4,1060.0,1403732680.0,69054
2023-05-11 09:35:15,IM2306,IM2306,6621.2,1.0,1324240.0,0.0,1,6620.4,6621.6,2,6603.6,6610.4,6635.4,6610.4,1061.0,1405056920.0,69054
2023-05-11 09:35:15,IM2306,IM2306,6621.2,0.0,0.0,0.0,2,6619.4,6621.4,1,6603.6,6610.4,6635.4,6610.4,1061.0,1405056920.0,69054
2023-05-11 09:35:16,IM2306,IM2306,6621.2,0.0,0.0,0.0,1,6619.8,6621.4,1,6603.6,6610.4,6635.4,6610.4,1061.0,1405056920.0,69054
2023-05-11 09:35:16,IM2306,IM2306,6621.2,0.0,0.0,0.0,1,6620.0,6620.2,1,6603.6,6610.4,6635.4,6610.4,1061.0,1405056920.0,69054
2023-05-11 09:35:17,IM2306,IM2306,6620.2,1.0,1324040.0,-1.0,13,6620.2,6622.0,1,6603.6,6610.4,6635.4,6610.4,1062.0,1406380960.0,69053
2023-05-11 09:35:17,IM2306,IM2306,6620.2,0.0,0.0,0.0,2,6620.4,6621.8,5,6603.6,6610.4,6635.4,6610.4,1062.0,1406380960.0,69053
2023-05-11 09:35:18,IM2306,IM2306,6620.2,10.0,13240480.0,2.0,4,6620.2,6621.0,1,6603.6,6610.4,6635.4,6610.4,1072.0,1419621440.0,69055
2023-05-11 09:35:18,IM2306,IM2306,6620.2,4.0,5296160.0,0.0,1,6619.8,6620.4,3,6603.6,6610.4,6635.4,6610.4,1076.0,1424917600.0,69055
2023-05-11 09:35:19,IM2306,IM2306,6619.8,2.0,2647920.0,-2.0,3,6618.8,6619.6,2,6603.6,6610.4,6635.4,6610.4,1078.0,1427565520.0,69053
2023-05-11 09:35:19,IM2306,IM2306,6620.8,9.0,11915520.0,-1.0,4,6621.0,6621.6,4,6603.6,6610.4,6635.4,6610.4,1087.0,1439481040.0,69052
2023-05-11 09:35:20,IM2306,IM2306,6621.0,4.0,5296800.0,1.0,1,6617.2,6620.4,3,6603.6,6610.4,6635.4,6610.4,1091.0,1444777840.0,69053
2023-05-11 09:35:20,IM2306,IM2306,6618.0,1.0,1323600.0,0.0,1,6618.0,6619.8,1,6603.6,6610.4,6635.4,6610.4,1092.0,1446101440.0,69053
2023-05-11 09:35:21,IM2306,IM2306,6618.0,0.0,0.0,0.0,2,6617.4,6617.8,1,6603.6,6610.4,6635.4,6610.4,1092.0,1446101440.0,69053
2023-05-11 09:35:21,IM2306,IM2306,6617.6,3.0,3970600.0,-1.0,1,6615.2,6619.6,7,6603.6,6610.4,6635.4,6610.4,1095.0,1450072040.0,69052
2023-05-11 09:35:22,IM2306,IM2306,6617.6,0.0,0.0,0.0,1,6616.6,6619.4,1,6603.6,6610.4,6635.4,6610.4,1095.0,1450072040.0,69052
2023-05-11 09:35:22,IM2306,IM2306,6617.6,0.0,0.0,0.0,5,6616.8,6619.2,5,6603.6,6610.4,6635.4,6610.4,1095.0,1450072040.0,69052
2023-05-11 09:35:23,IM2306,IM2306,6617.6,0.0,0.0,0.0,1,6617.0,6619.0,5,6603.6,6610.4,6635.4,6610.4,1095.0,1450072040.0,69052
2023-05-11 09:35:23,IM2306,IM2306,6619.2,10.0,13237600.0,5.0,1,6616.8,6618.8,1,6603.6,6610.4,6635.4,6610.4,1105.0,1463309640.0,69057
2023-05-11 09:35:24,IM2306,IM2306,6619.2,0.0,0.0,0.0,2,6617.2,6618.6,3,6603.6,6610.4,6635.4,6610.4,1105.0,1463309640.0,69057
2023-05-11 09:35:24,IM2306,IM2306,6619.2,0.0,0.0,0.0,2,6617.0,6618.6,3,6603.6,6610.4,6635.4,6610.4,1105.0,1463309640.0,69057
2023-05-11 09:35:25,IM2306,IM2306,6616.8,1.0,1323360.0,-1.0,1,6616.2,6618.2,2,6603.6,6610.4,6635.4,6610.4,1106.0,1464633000.0,69056
2023-05-11 09:35:25,IM2306,IM2306,6616.8,0.0,0.0,0.0,1,6616.4,6618.0,6,6603.6,6610.4,6635.4,6610.4,1106.0,1464633000.0,69056
2023-05-11 09:35:26,IM2306,IM2306,6616.4,1.0,1323280.0,-1.0,4,6615.4,6617.0,1,6603.6,6610.4,6635.4,6610.4,1107.0,1465956280.0,69055
2023-05-11 09:35:26,IM2306,IM2306,6616.4,0.0,0.0,0.0,2,6615.4,6617.6,1,6603.6,6610.4,6635.4,6610.4,1107.0,1465956280.0,69055
2023-05-11 09:35:27,IM2306,IM2306,6616.4,0.0,0.0,0.0,4,6615.6,6617.4,3,6603.6,6610.4,6635.4,6610.4,1107.0,1465956280.0,69055
2023-05-11 09:35:27,IM2306,IM2306,6617.4,1.0,1323480.0,0.0,1,6616.2,6617.4,2,6603.6,6610.4,6635.4,6610.4,1108.0,1467279760.0,69055
2023-05-11 09:35:28,IM2306,IM2306,6617.4,1.0,1323480.0,-1.0,2,6616.4,6618.0,2,6603.6,6610.4,6635.4,6610.4,1109.0,1468603240.0,69054
2023-05-11 09:35:28,IM2306,IM2306,6617.4,0.0,0.0,0.0,4,6617.4,6618.0,3,6603.6,6610.4,6635.4,6610.4,1109.0,1468603240.0,69054
2023-05-11 09:35:29,IM2306,IM2306,6617.4,0.0,0.0,0.0,4,6617.4,6618.0,1,6603.6,6610.4,6635.4,6610.4,1109.0,1468603240.0,69054
2023-05-11 09:35:29,IM2306,IM2306,6617.4,0.0,0.0,0.0,4,6617.4,6618.0,2,6603.6,6610.4,6635.4,6610.4,1109.0,1468603240.0,69054
2023-05-11 09:35:30,IM2306,IM2306,6617.4,0.0,0.0,0.0,4,6617.4,6618.0,3,6603.6,6610.4,6635.4,6610.4,1109.0,1468603240.0,69054
2023-05-11 09:35:30,IM2306,IM2306,6617.4,4.0,5293920.0,0.0,1,6616.6,6617.8,5,6603.6,6610.4,6635.4,6610.4,1113.0,1473897160.0,69054
2023-05-11 09:35:31,IM2306,IM2306,6617.4,0.0,0.0,0.0,1,6615.8,6617.6,5,6603.6,6610.4,6635.4,6610.4,1113.0,1473897160.0,69054
2023-05-11 09:35:31,IM2306,IM2306,6617.4,0.0,0.0,0.0,1,6615.8,6617.6,4,6603.6,6610.4,6635.4,6610.4,1113.0,1473897160.0,69054
2023-05-11 09:35:32,IM2306,IM2306,6616.0,1.0,1323200.0,0.0,3,6616.0,6617.4,1,6603.6,6610.4,6635.4,6610.4,1114.0,1475220360.0,69054
2023-05-11 09:35:33,IM2306,IM2306,6616.0,0.0,0.0,0.0,1,6616.0,6617.4,1,6603.6,6610.4,6635.4,6610.4,1114.0,1475220360.0,69054
2023-05-11 09:35:34,IM2306,IM2306,6616.0,0.0,0.0,0.0,1,6615.8,6617.2,1,6603.6,6610.4,6635.4,6610.4,1114.0,1475220360.0,69054
2023-05-11 09:35:35,IM2306,IM2306,6616.0,0.0,0.0,0.0,3,6616.0,6617.2,2,6603.6,6610.4,6635.4,6610.4,1114.0,1475220360.0,69054
2023-05-11 09:35:35,IM2306,IM2306,6616.0,0.0,0.0,0.0,3,6616.0,6617.0,2,6603.6,6610.4,6635.4,6610.4,1114.0,1475220360.0,69054
2023-05-11 09:35:36,IM2306,IM2306,6616.0,0.0,0.0,0.0,3,6616.0,6617.0,4,6603.6,6610.4,6635.4,6610.4,1114.0,1475220360.0,69054
2023-05-11 09:35:36,IM2306,IM2306,6616.0,1.0,1323200.0,-1.0,2,6616.0,6617.0,4,6603.6,6610.4,6635.4,6610.4,1115.0,1476543560.0,69053
2023-05-11 09:35:37,IM2306,IM2306,6615.2,4.0,5292520.0,-4.0,3,6615.0,6617.0,3,6603.6,6610.4,6635.4,6610.4,1119.0,1481836080.0,69049
2023-05-11 09:35:37,IM2306,IM2306,6615.2,0.0,0.0,0.0,1,6615.2,6616.6,1,6603.6,6610.4,6635.4,6610.4,1119.0,1481836080.0,69049
2023-05-11 09:35:38,IM2306,IM2306,6614.6,8.0,10583760.0,-4.0,1,6614.2,6616.2,4,6603.6,6610.4,6635.4,6610.4,1127.0,1492419840.0,69045
2023-05-11 09:35:38,IM2306,IM2306,6614.2,1.0,1322840.0,-1.0,1,6613.6,6615.0,1,6603.6,6610.4,6635.4,6610.4,1128.0,1493742680.0,69044
2023-05-11 09:35:39,IM2306,IM2306,6614.2,0.0,0.0,0.0,1,6613.6,6614.6,2,6603.6,6610.4,6635.4,6610.4,1128.0,1493742680.0,69044
2023-05-11 09:35:39,IM2306,IM2306,6614.2,0.0,0.0,0.0,1,6613.6,6614.4,1,6603.6,6610.4,6635.4,6610.4,1128.0,1493742680.0,69044
2023-05-11 09:35:40,IM2306,IM2306,6613.6,2.0,2645600.0,-1.0,1,6613.4,6613.8,1,6603.6,6610.4,6635.4,6610.4,1130.0,1496388280.0,69043
2023-05-11 09:35:40,IM2306,IM2306,6613.4,1.0,1322680.0,-1.0,1,6612.8,6613.0,1,6603.6,6610.4,6635.4,6610.4,1131.0,1497710960.0,69042
2023-05-11 09:35:41,IM2306,IM2306,6612.8,2.0,2645160.0,-2.0,1,6612.0,6614.4,1,6603.6,6610.4,6635.4,6610.4,1133.0,1500356120.0,69040
2023-05-11 09:35:41,IM2306,IM2306,6614.0,2.0,2645560.0,-1.0,5,6612.2,6614.0,3,6603.6,6610.4,6635.4,6610.4,1135.0,1503001680.0,69039
2023-05-11 09:35:42,IM2306,IM2306,6614.0,0.0,0.0,0.0,1,6612.8,6614.2,1,6603.6,6610.4,6635.4,6610.4,1135.0,1503001680.0,69039
2023-05-11 09:35:42,IM2306,IM2306,6614.0,0.0,0.0,0.0,1,6612.8,6614.6,2,6603.6,6610.4,6635.4,6610.4,1135.0,1503001680.0,69039
2023-05-11 09:35:43,IM2306,IM2306,6614.0,0.0,0.0,0.0,1,6612.8,6614.4,1,6603.6,6610.4,6635.4,6610.4,1135.0,1503001680.0,69039
2023-05-11 09:35:43,IM2306,IM2306,6614.0,0.0,0.0,0.0,1,6614.2,6614.4,3,6603.6,6610.4,6635.4,6610.4,1135.0,1503001680.0,69039
2023-05-11 09:35:44,IM2306,IM2306,6614.2,1.0,1322840.0,1.0,11,6613.0,6614.0,1,6603.6,6610.4,6635.4,6610.4,1136.0,1504324520.0,69040
2023-05-11 09:35:44,IM2306,IM2306,6613.0,1.0,1322600.0,0.0,10,6613.0,6613.2,1,6603.6,6610.4,6635.4,6610.4,1137.0,1505647120.0,69040
2023-05-11 09:35:45,IM2306,IM2306,6613.2,1.0,1322640.0,-1.0,10,6613.0,6614.2,1,6603.6,6610.4,6635.4,6610.4,1138.0,1506969760.0,69039
2023-05-11 09:35:45,IM2306,IM2306,6613.0,1.0,1322600.0,-1.0,2,6613.2,6614.0,2,6603.6,6610.4,6635.4,6610.4,1139.0,1508292360.0,69038
2023-05-11 09:35:46,IM2306,IM2306,6613.0,0.0,0.0,0.0,9,6613.0,6614.0,2,6603.6,6610.4,6635.4,6610.4,1139.0,1508292360.0,69038
2023-05-11 09:35:46,IM2306,IM2306,6613.0,0.0,0.0,0.0,9,6613.0,6614.0,3,6603.6,6610.4,6635.4,6610.4,1139.0,1508292360.0,69038
2023-05-11 09:35:47,IM2306,IM2306,6614.0,3.0,3968400.0,-1.0,2,6613.2,6614.2,1,6603.6,6610.4,6635.4,6610.4,1142.0,1512260760.0,69037
2023-05-11 09:35:47,IM2306,IM2306,6614.2,1.0,1322840.0,-1.0,1,6614.2,6616.0,3,6603.6,6610.4,6635.4,6610.4,1143.0,1513583600.0,69036
2023-05-11 09:35:48,IM2306,IM2306,6614.2,0.0,0.0,0.0,1,6614.8,6615.4,1,6603.6,6610.4,6635.4,6610.4,1143.0,1513583600.0,69036
2023-05-11 09:35:48,IM2306,IM2306,6614.2,0.0,0.0,0.0,1,6614.4,6615.2,1,6603.6,6610.4,6635.4,6610.4,1143.0,1513583600.0,69036
2023-05-11 09:35:49,IM2306,IM2306,6615.2,1.0,1323040.0,-1.0,1,6614.2,6616.0,1,6603.6,6610.4,6635.4,6610.4,1144.0,1514906640.0,69035
2023-05-11 09:35:49,IM2306,IM2306,6615.2,0.0,0.0,0.0,3,6614.4,6615.4,1,6603.6,6610.4,6635.4,6610.4,1144.0,1514906640.0,69035
2023-05-11 09:35:50,IM2306,IM2306,6615.0,4.0,5291840.0,0.0,1,6614.2,6616.0,2,6603.6,6610.4,6635.4,6610.4,1148.0,1520198480.0,69035
2023-05-11 09:35:50,IM2306,IM2306,6615.0,0.0,0.0,0.0,1,6614.6,6615.6,1,6603.6,6610.4,6635.4,6610.4,1148.0,1520198480.0,69035
2023-05-11 09:35:51,IM2306,IM2306,6615.6,1.0,1323120.0,-1.0,1,6614.6,6616.2,1,6603.6,6610.4,6635.4,6610.4,1149.0,1521521600.0,69034
2023-05-11 09:35:51,IM2306,IM2306,6616.8,4.0,5293200.0,-3.0,1,6616.6,6617.2,1,6603.6,6610.4,6635.4,6610.4,1153.0,1526814800.0,69031
2023-05-11 09:35:52,IM2306,IM2306,6616.4,2.0,2646600.0,1.0,4,6614.8,6616.6,1,6603.6,6610.4,6635.4,6610.4,1155.0,1529461400.0,69032
2023-05-11 09:35:52,IM2306,IM2306,6616.4,0.0,0.0,0.0,1,6616.2,6616.6,1,6603.6,6610.4,6635.4,6610.4,1155.0,1529461400.0,69032
2023-05-11 09:35:53,IM2306,IM2306,6616.2,1.0,1323240.0,0.0,2,6615.6,6616.0,1,6603.6,6610.4,6635.4,6610.4,1156.0,1530784640.0,69032
2023-05-11 09:35:53,IM2306,IM2306,6614.8,1.0,1322960.0,-1.0,10,6614.0,6615.6,1,6603.6,6610.4,6635.4,6610.4,1157.0,1532107600.0,69031
2023-05-11 09:35:54,IM2306,IM2306,6614.8,0.0,0.0,0.0,1,6614.4,6617.2,2,6603.6,6610.4,6635.4,6610.4,1157.0,1532107600.0,69031
2023-05-11 09:35:54,IM2306,IM2306,6616.2,1.0,1323240.0,-1.0,3,6614.6,6616.4,6,6603.6,6610.4,6635.4,6610.4,1158.0,1533430840.0,69030
2023-05-11 09:35:55,IM2306,IM2306,6616.2,0.0,0.0,0.0,5,6614.2,6616.2,4,6603.6,6610.4,6635.4,6610.4,1158.0,1533430840.0,69030
2023-05-11 09:35:55,IM2306,IM2306,6616.2,0.0,0.0,0.0,3,6614.2,6616.0,4,6603.6,6610.4,6635.4,6610.4,1158.0,1533430840.0,69030
2023-05-11 09:35:56,IM2306,IM2306,6616.2,0.0,0.0,0.0,1,6614.4,6615.8,1,6603.6,6610.4,6635.4,6610.4,1158.0,1533430840.0,69030
2023-05-11 09:35:56,IM2306,IM2306,6614.4,1.0,1322880.0,-1.0,2,6614.2,6615.8,1,6603.6,6610.4,6635.4,6610.4,1159.0,1534753720.0,69029
2023-05-11 09:35:57,IM2306,IM2306,6614.2,1.0,1322840.0,0.0,10,6614.0,6615.6,2,6603.6,6610.4,6635.4,6610.4,1160.0,1536076560.0,69029
2023-05-11 09:35:57,IM2306,IM2306,6614.2,0.0,0.0,0.0,10,6614.0,6614.8,2,6603.6,6610.4,6635.4,6610.4,1160.0,1536076560.0,69029
2023-05-11 09:35:58,IM2306,IM2306,6614.2,0.0,0.0,0.0,10,6614.0,6614.8,3,6603.6,6610.4,6635.4,6610.4,1160.0,1536076560.0,69029
2023-05-11 09:35:59,IM2306,IM2306,6614.8,9.0,11905840.0,-8.0,2,6615.0,6615.4,1,6603.6,6610.4,6635.4,6610.4,1169.0,1547982400.0,69021
2023-05-11 09:35:59,IM2306,IM2306,6614.0,8.0,10582800.0,-8.0,9,6613.0,6613.2,1,6603.6,6610.4,6635.4,6610.4,1177.0,1558565200.0,69013
2023-05-11 09:36:00,IM2306,IM2306,6613.2,2.0,2645280.0,-1.0,2,6613.2,6614.4,1,6603.6,6610.4,6635.4,6610.4,1179.0,1561210480.0,69012
2023-05-11 09:36:00,IM2306,IM2306,6613.2,0.0,0.0,0.0,9,6613.0,6614.0,2,6603.6,6610.4,6635.4,6610.4,1179.0,1561210480.0,69012
2023-05-11 09:36:01,IM2306,IM2306,6613.2,0.0,0.0,0.0,9,6613.0,6614.4,1,6603.6,6610.4,6635.4,6610.4,1179.0,1561210480.0,69012
2023-05-11 09:36:01,IM2306,IM2306,6613.2,0.0,0.0,0.0,9,6613.0,6614.4,3,6603.6,6610.4,6635.4,6610.4,1179.0,1561210480.0,69012
2023-05-11 09:36:02,IM2306,IM2306,6613.2,0.0,0.0,0.0,9,6613.0,6614.2,1,6603.6,6610.4,6635.4,6610.4,1179.0,1561210480.0,69012
2023-05-11 09:36:02,IM2306,IM2306,6613.2,0.0,0.0,0.0,10,6613.0,6614.2,1,6603.6,6610.4,6635.4,6610.4,1179.0,1561210480.0,69012
2023-05-11 09:36:03,IM2306,IM2306,6613.2,1.0,1322640.0,-1.0,1,6613.2,6613.8,1,6603.6,6610.4,6635.4,6610.4,1180.0,1562533120.0,69011
2023-05-11 09:36:04,IM2306,IM2306,6613.2,0.0,0.0,0.0,2,6613.6,6613.8,1,6603.6,6610.4,6635.4,6610.4,1180.0,1562533120.0,69011
2023-05-11 09:36:04,IM2306,IM2306,6613.8,3.0,3968200.0,0.0,1,6613.2,6614.0,2,6603.6,6610.4,6635.4,6610.4,1183.0,1566501320.0,69011
2023-05-11 09:36:05,IM2306,IM2306,6613.4,2.0,2645360.0,-2.0,1,6613.2,6614.0,2,6603.6,6610.4,6635.4,6610.4,1185.0,1569146680.0,69009
2023-05-11 09:36:05,IM2306,IM2306,6613.4,0.0,0.0,0.0,1,6613.4,6614.0,2,6603.6,6610.4,6635.4,6610.4,1185.0,1569146680.0,69009
2023-05-11 09:36:06,IM2306,IM2306,6614.0,2.0,2645600.0,-2.0,2,6613.6,6614.4,1,6603.6,6610.4,6635.4,6610.4,1187.0,1571792280.0,69007
2023-05-11 09:36:06,IM2306,IM2306,6614.0,0.0,0.0,0.0,1,6613.8,6614.6,1,6603.6,6610.4,6635.4,6610.4,1187.0,1571792280.0,69007
2023-05-11 09:36:07,IM2306,IM2306,6614.0,0.0,0.0,0.0,1,6614.0,6614.6,1,6603.6,6610.4,6635.4,6610.4,1187.0,1571792280.0,69007
2023-05-11 09:36:07,IM2306,IM2306,6614.0,1.0,1322800.0,-1.0,2,6614.0,6615.4,1,6603.6,6610.4,6635.4,6610.4,1188.0,1573115080.0,69006
2023-05-11 09:36:09,IM2306,IM2306,6614.0,1.0,1322800.0,-1.0,1,6614.0,6615.4,1,6603.6,6610.4,6635.4,6610.4,1189.0,1574437880.0,69005
2023-05-11 09:36:10,IM2306,IM2306,6614.0,0.0,0.0,0.0,1,6614.0,6615.2,5,6603.6,6610.4,6635.4,6610.4,1189.0,1574437880.0,69005
2023-05-11 09:36:10,IM2306,IM2306,6614.0,0.0,0.0,0.0,1,6614.0,6615.0,1,6603.6,6610.4,6635.4,6610.4,1189.0,1574437880.0,69005
2023-05-11 09:36:11,IM2306,IM2306,6614.0,0.0,0.0,0.0,1,6614.0,6615.4,1,6603.6,6610.4,6635.4,6610.4,1189.0,1574437880.0,69005
2023-05-11 09:36:11,IM2306,IM2306,6615.0,3.0,3968760.0,0.0,3,6613.2,6615.0,4,6603.6,6610.4,6635.4,6610.4,1192.0,1578406640.0,69005
2023-05-11 09:36:12,IM2306,IM2306,6615.0,0.0,0.0,0.0,2,6613.4,6615.0,3,6603.6,6610.4,6635.4,6610.4,1192.0,1578406640.0,69005
2023-05-11 09:36:12,IM2306,IM2306,6615.0,0.0,0.0,0.0,3,6613.2,6615.0,3,6603.6,6610.4,6635.4,6610.4,1192.0,1578406640.0,69005
2023-05-11 09:36:13,IM2306,IM2306,6615.0,0.0,0.0,0.0,3,6613.4,6615.0,3,6603.6,6610.4,6635.4,6610.4,1192.0,1578406640.0,69005
2023-05-11 09:36:13,IM2306,IM2306,6615.0,0.0,0.0,0.0,1,6613.6,6615.0,3,6603.6,6610.4,6635.4,6610.4,1192.0,1578406640.0,69005
2023-05-11 09:36:14,IM2306,IM2306,6615.0,0.0,0.0,0.0,1,6613.6,6614.8,1,6603.6,6610.4,6635.4,6610.4,1192.0,1578406640.0,69005
2023-05-11 09:36:14,IM2306,IM2306,6615.0,0.0,0.0,0.0,1,6613.6,6615.0,3,6603.6,6610.4,6635.4,6610.4,1192.0,1578406640.0,69005
2023-05-11 09:36:15,IM2306,IM2306,6615.0,0.0,0.0,0.0,2,6613.4,6615.0,3,6603.6,6610.4,6635.4,6610.4,1192.0,1578406640.0,69005
2023-05-11 09:36:16,IM2306,IM2306,6615.0,0.0,0.0,0.0,3,6613.2,6614.8,1,6603.6,6610.4,6635.4,6610.4,1192.0,1578406640.0,69005
2023-05-11 09:36:17,IM2306,IM2306,6615.0,0.0,0.0,0.0,2,6613.2,6614.6,1,6603.6,6610.4,6635.4,6610.4,1192.0,1578406640.0,69005
2023-05-11 09:36:17,IM2306,IM2306,6615.0,0.0,0.0,0.0,1,6613.4,6615.0,2,6603.6,6610.4,6635.4,6610.4,1192.0,1578406640.0,69005
2023-05-11 09:36:18,IM2306,IM2306,6615.0,0.0,0.0,0.0,3,6613.6,6614.6,1,6603.6,6610.4,6635.4,6610.4,1192.0,1578406640.0,69005
2023-05-11 09:36:18,IM2306,IM2306,6613.2,3.0,3967960.0,-3.0,11,6613.0,6614.4,2,6603.6,6610.4,6635.4,6610.4,1195.0,1582374600.0,69002
2023-05-11 09:36:19,IM2306,IM2306,6613.2,0.0,0.0,0.0,1,6613.2,6613.6,1,6603.6,6610.4,6635.4,6610.4,1195.0,1582374600.0,69002
2023-05-11 09:36:19,IM2306,IM2306,6613.6,2.0,2645440.0,-2.0,1,6613.8,6615.0,1,6603.6,6610.4,6635.4,6610.4,1197.0,1585020040.0,69000
2023-05-11 09:36:20,IM2306,IM2306,6613.6,0.0,0.0,0.0,1,6613.6,6614.4,1,6603.6,6610.4,6635.4,6610.4,1197.0,1585020040.0,69000
2023-05-11 09:36:20,IM2306,IM2306,6613.6,1.0,1322720.0,0.0,12,6613.0,6614.4,1,6603.6,6610.4,6635.4,6610.4,1198.0,1586342760.0,69000
2023-05-11 09:36:21,IM2306,IM2306,6613.6,0.0,0.0,0.0,3,6613.2,6614.4,1,6603.6,6610.4,6635.4,6610.4,1198.0,1586342760.0,69000
2023-05-11 09:36:22,IM2306,IM2306,6613.6,0.0,0.0,0.0,2,6613.2,6614.4,1,6603.6,6610.4,6635.4,6610.4,1198.0,1586342760.0,69000
2023-05-11 09:36:24,IM2306,IM2306,6613.6,0.0,0.0,0.0,1,6613.4,6614.4,1,6603.6,6610.4,6635.4,6610.4,1198.0,1586342760.0,69000
2023-05-11 09:36:24,IM2306,IM2306,6613.6,0.0,0.0,0.0,2,6613.2,6614.4,1,6603.6,6610.4,6635.4,6610.4,1198.0,1586342760.0,69000
2023-05-11 09:36:25,IM2306,IM2306,6613.6,0.0,0.0,0.0,1,6613.4,6614.4,1,6603.6,6610.4,6635.4,6610.4,1198.0,1586342760.0,69000
2023-05-11 09:36:25,IM2306,IM2306,6613.6,0.0,0.0,0.0,3,6613.2,6614.4,2,6603.6,6610.4,6635.4,6610.4,1198.0,1586342760.0,69000
2023-05-11 09:36:26,IM2306,IM2306,6613.6,0.0,0.0,0.0,1,6613.4,6614.4,2,6603.6,6610.4,6635.4,6610.4,1198.0,1586342760.0,69000
2023-05-11 09:36:26,IM2306,IM2306,6613.6,0.0,0.0,0.0,3,6613.2,6614.4,3,6603.6,6610.4,6635.4,6610.4,1198.0,1586342760.0,69000
2023-05-11 09:36:27,IM2306,IM2306,6613.6,0.0,0.0,0.0,1,6613.2,6614.2,2,6603.6,6610.4,6635.4,6610.4,1198.0,1586342760.0,69000
2023-05-11 09:36:27,IM2306,IM2306,6613.2,1.0,1322640.0,-1.0,1,6613.2,6614.0,1,6603.6,6610.4,6635.4,6610.4,1199.0,1587665400.0,68999
2023-05-11 09:36:28,IM2306,IM2306,6613.2,0.0,0.0,0.0,1,6613.2,6614.0,3,6603.6,6610.4,6635.4,6610.4,1199.0,1587665400.0,68999
2023-05-11 09:36:28,IM2306,IM2306,6613.2,1.0,1322640.0,0.0,12,6613.0,6614.2,2,6603.6,6610.4,6635.4,6610.4,1200.0,1588988040.0,68999
2023-05-11 09:36:29,IM2306,IM2306,6613.2,0.0,0.0,0.0,12,6613.0,6614.0,1,6603.6,6610.4,6635.4,6610.4,1200.0,1588988040.0,68999
2023-05-11 09:36:29,IM2306,IM2306,6613.2,0.0,0.0,0.0,12,6613.0,6613.6,2,6603.6,6610.4,6635.4,6610.4,1200.0,1588988040.0,68999
2023-05-11 09:36:30,IM2306,IM2306,6613.0,8.0,10580800.0,-7.0,4,6613.0,6613.4,2,6603.6,6610.4,6635.4,6610.4,1208.0,1599568840.0,68992
2023-05-11 09:36:30,IM2306,IM2306,6613.0,5.0,6613000.0,-4.0,3,6612.0,6612.8,1,6603.6,6610.4,6635.4,6610.4,1213.0,1606181840.0,68988
2023-05-11 09:36:31,IM2306,IM2306,6613.0,0.0,0.0,0.0,3,6612.0,6612.6,2,6603.6,6610.4,6635.4,6610.4,1213.0,1606181840.0,68988
2023-05-11 09:36:32,IM2306,IM2306,6613.0,0.0,0.0,0.0,3,6612.0,6613.0,1,6603.6,6610.4,6635.4,6610.4,1213.0,1606181840.0,68988
2023-05-11 09:36:33,IM2306,IM2306,6613.0,1.0,1322600.0,0.0,3,6612.2,6614.0,1,6603.6,6610.4,6635.4,6610.4,1214.0,1607504440.0,68988
2023-05-11 09:36:33,IM2306,IM2306,6613.0,0.0,0.0,0.0,1,6612.4,6614.0,1,6603.6,6610.4,6635.4,6610.4,1214.0,1607504440.0,68988
2023-05-11 09:36:34,IM2306,IM2306,6613.0,0.0,0.0,0.0,1,6612.6,6614.0,1,6603.6,6610.4,6635.4,6610.4,1214.0,1607504440.0,68988
2023-05-11 09:36:34,IM2306,IM2306,6612.2,2.0,2644960.0,-2.0,3,6612.0,6613.8,1,6603.6,6610.4,6635.4,6610.4,1216.0,1610149400.0,68986
2023-05-11 09:36:35,IM2306,IM2306,6612.0,2.0,2644840.0,0.0,2,6612.0,6613.8,2,6603.6,6610.4,6635.4,6610.4,1218.0,1612794240.0,68986
2023-05-11 09:36:35,IM2306,IM2306,6612.0,0.0,0.0,0.0,2,6613.0,6613.6,2,6603.6,6610.4,6635.4,6610.4,1218.0,1612794240.0,68986
2023-05-11 09:36:36,IM2306,IM2306,6613.0,1.0,1322600.0,0.0,1,6613.0,6613.6,2,6603.6,6610.4,6635.4,6610.4,1219.0,1614116840.0,68986
2023-05-11 09:36:36,IM2306,IM2306,6613.0,1.0,1322600.0,-1.0,2,6612.0,6613.4,4,6603.6,6610.4,6635.4,6610.4,1220.0,1615439440.0,68985
2023-05-11 09:36:37,IM2306,IM2306,6613.0,0.0,0.0,0.0,2,6612.0,6613.8,1,6603.6,6610.4,6635.4,6610.4,1220.0,1615439440.0,68985
2023-05-11 09:36:37,IM2306,IM2306,6613.0,0.0,0.0,0.0,1,6612.2,6613.6,3,6603.6,6610.4,6635.4,6610.4,1220.0,1615439440.0,68985
2023-05-11 09:36:38,IM2306,IM2306,6613.0,0.0,0.0,0.0,2,6612.0,6613.2,1,6603.6,6610.4,6635.4,6610.4,1220.0,1615439440.0,68985
2023-05-11 09:36:38,IM2306,IM2306,6613.0,0.0,0.0,0.0,2,6612.0,6613.2,3,6603.6,6610.4,6635.4,6610.4,1220.0,1615439440.0,68985
2023-05-11 09:36:39,IM2306,IM2306,6612.0,1.0,1322400.0,0.0,1,6612.0,6613.0,4,6603.6,6610.4,6635.4,6610.4,1221.0,1616761840.0,68985
2023-05-11 09:36:39,IM2306,IM2306,6612.0,0.0,0.0,0.0,1,6612.0,6612.8,2,6603.6,6610.4,6635.4,6610.4,1221.0,1616761840.0,68985
2023-05-11 09:36:40,IM2306,IM2306,6612.0,1.0,1322400.0,0.0,1,6611.6,6612.0,1,6603.6,6610.4,6635.4,6610.4,1222.0,1618084240.0,68985
2023-05-11 09:36:40,IM2306,IM2306,6611.6,1.0,1322320.0,-1.0,1,6611.4,6612.0,1,6603.6,6610.4,6635.4,6610.4,1223.0,1619406560.0,68984
2023-05-11 09:36:41,IM2306,IM2306,6611.4,1.0,1322280.0,-1.0,1,6610.2,6612.0,1,6603.6,6610.4,6635.4,6610.4,1224.0,1620728840.0,68983
2023-05-11 09:36:42,IM2306,IM2306,6610.6,1.0,1322120.0,-1.0,5,6610.4,6611.6,1,6603.6,6610.4,6635.4,6610.4,1225.0,1622050960.0,68982
2023-05-11 09:36:42,IM2306,IM2306,6610.6,0.0,0.0,0.0,1,6610.6,6611.4,1,6603.6,6610.4,6635.4,6610.4,1225.0,1622050960.0,68982
2023-05-11 09:36:43,IM2306,IM2306,6610.6,0.0,0.0,0.0,1,6610.8,6611.4,1,6603.6,6610.4,6635.4,6610.4,1225.0,1622050960.0,68982
2023-05-11 09:36:43,IM2306,IM2306,6610.6,2.0,2644240.0,-1.0,2,6610.4,6610.6,2,6603.6,6610.4,6635.4,6610.4,1227.0,1624695200.0,68981
2023-05-11 09:36:44,IM2306,IM2306,6610.6,1.0,1322120.0,-1.0,3,6610.4,6610.6,1,6603.6,6610.4,6635.4,6610.4,1228.0,1626017320.0,68980
2023-05-11 09:36:44,IM2306,IM2306,6610.6,1.0,1322120.0,-1.0,1,6610.4,6610.6,1,6603.6,6610.4,6635.4,6610.4,1229.0,1627339440.0,68979
2023-05-11 09:36:45,IM2306,IM2306,6610.2,2.0,2644120.0,0.0,1,6610.0,6610.4,1,6603.6,6610.4,6635.4,6610.2,1231.0,1629983560.0,68979
2023-05-11 09:36:45,IM2306,IM2306,6610.0,2.0,2644000.0,2.0,1,6608.0,6610.2,3,6603.6,6610.4,6635.4,6610.0,1233.0,1632627560.0,68981
2023-05-11 09:36:46,IM2306,IM2306,6610.0,1.0,1322000.0,-1.0,3,6608.0,6610.0,1,6603.6,6610.4,6635.4,6610.0,1234.0,1633949560.0,68980
2023-05-11 09:36:46,IM2306,IM2306,6610.0,0.0,0.0,0.0,1,6608.0,6609.8,4,6603.6,6610.4,6635.4,6610.0,1234.0,1633949560.0,68980
2023-05-11 09:36:47,IM2306,IM2306,6610.0,0.0,0.0,0.0,1,6609.0,6609.4,2,6603.6,6610.4,6635.4,6610.0,1234.0,1633949560.0,68980
2023-05-11 09:36:47,IM2306,IM2306,6609.4,3.0,3965520.0,0.0,1,6608.0,6609.6,2,6603.6,6610.4,6635.4,6609.0,1237.0,1637915080.0,68980
2023-05-11 09:36:48,IM2306,IM2306,6609.4,1.0,1321880.0,0.0,1,6608.4,6609.8,3,6603.6,6610.4,6635.4,6609.0,1238.0,1639236960.0,68980
2023-05-11 09:36:48,IM2306,IM2306,6608.6,1.0,1321720.0,-1.0,1,6608.4,6609.8,1,6603.6,6610.4,6635.4,6608.6,1239.0,1640558680.0,68979
2023-05-11 09:36:49,IM2306,IM2306,6608.6,0.0,0.0,0.0,1,6608.6,6609.8,2,6603.6,6610.4,6635.4,6608.6,1239.0,1640558680.0,68979
2023-05-11 09:36:49,IM2306,IM2306,6608.6,1.0,1321720.0,0.0,1,6608.4,6609.8,2,6603.6,6610.4,6635.4,6608.6,1240.0,1641880400.0,68979
2023-05-11 09:36:50,IM2306,IM2306,6608.6,1.0,1321720.0,0.0,1,6608.4,6610.4,1,6603.6,6610.4,6635.4,6608.6,1241.0,1643202120.0,68979
2023-05-11 09:36:50,IM2306,IM2306,6608.6,1.0,1321720.0,-1.0,1,6608.8,6610.6,1,6603.6,6610.4,6635.4,6608.6,1242.0,1644523840.0,68978
2023-05-11 09:36:51,IM2306,IM2306,6608.4,3.0,3965120.0,-1.0,1,6608.2,6610.2,1,6603.6,6610.4,6635.4,6608.4,1245.0,1648488960.0,68977
2023-05-11 09:36:51,IM2306,IM2306,6608.4,0.0,0.0,0.0,1,6608.2,6609.8,2,6603.6,6610.4,6635.4,6608.4,1245.0,1648488960.0,68977
2023-05-11 09:36:52,IM2306,IM2306,6608.4,0.0,0.0,0.0,2,6608.0,6609.8,2,6603.6,6610.4,6635.4,6608.4,1245.0,1648488960.0,68977
2023-05-11 09:36:52,IM2306,IM2306,6608.4,0.0,0.0,0.0,2,6608.0,6609.6,2,6603.6,6610.4,6635.4,6608.4,1245.0,1648488960.0,68977
2023-05-11 09:36:53,IM2306,IM2306,6608.4,0.0,0.0,0.0,2,6608.0,6609.2,1,6603.6,6610.4,6635.4,6608.4,1245.0,1648488960.0,68977
2023-05-11 09:36:53,IM2306,IM2306,6608.4,0.0,0.0,0.0,1,6608.8,6609.6,1,6603.6,6610.4,6635.4,6608.4,1245.0,1648488960.0,68977
2023-05-11 09:36:54,IM2306,IM2306,6608.4,1.0,1321680.0,0.0,1,6608.4,6609.6,1,6603.6,6610.4,6635.4,6608.4,1246.0,1649810640.0,68977
2023-05-11 09:36:55,IM2306,IM2306,6608.4,0.0,0.0,0.0,2,6608.0,6608.4,2,6603.6,6610.4,6635.4,6608.4,1246.0,1649810640.0,68977
2023-05-11 09:36:55,IM2306,IM2306,6608.4,2.0,2643360.0,-2.0,1,6608.4,6608.8,1,6603.6,6610.4,6635.4,6608.4,1248.0,1652454000.0,68975
2023-05-11 09:36:56,IM2306,IM2306,6608.8,1.0,1321760.0,0.0,1,6608.4,6609.6,1,6603.6,6610.4,6635.4,6608.4,1249.0,1653775760.0,68975
2023-05-11 09:36:57,IM2306,IM2306,6608.8,0.0,0.0,0.0,1,6608.8,6609.4,1,6603.6,6610.4,6635.4,6608.4,1249.0,1653775760.0,68975
2023-05-11 09:36:58,IM2306,IM2306,6608.8,1.0,1321760.0,1.0,1,6608.4,6609.4,1,6603.6,6610.4,6635.4,6608.4,1250.0,1655097520.0,68976
2023-05-11 09:36:58,IM2306,IM2306,6608.8,0.0,0.0,0.0,1,6608.4,6609.0,2,6603.6,6610.4,6635.4,6608.4,1250.0,1655097520.0,68976
2023-05-11 09:36:59,IM2306,IM2306,6608.4,1.0,1321680.0,1.0,1,6608.2,6609.0,2,6603.6,6610.4,6635.4,6608.4,1251.0,1656419200.0,68977
2023-05-11 09:36:59,IM2306,IM2306,6608.2,1.0,1321640.0,1.0,2,6608.0,6609.0,2,6603.6,6610.4,6635.4,6608.2,1252.0,1657740840.0,68978
2023-05-11 09:37:00,IM2306,IM2306,6608.2,0.0,0.0,0.0,4,6608.0,6609.6,1,6603.6,6610.4,6635.4,6608.2,1252.0,1657740840.0,68978
2023-05-11 09:37:00,IM2306,IM2306,6608.2,0.0,0.0,0.0,1,6608.2,6609.6,1,6603.6,6610.4,6635.4,6608.2,1252.0,1657740840.0,68978
2023-05-11 09:37:01,IM2306,IM2306,6608.2,0.0,0.0,0.0,2,6608.0,6609.4,1,6603.6,6610.4,6635.4,6608.2,1252.0,1657740840.0,68978
2023-05-11 09:37:01,IM2306,IM2306,6608.2,0.0,0.0,0.0,1,6608.4,6609.2,4,6603.6,6610.4,6635.4,6608.2,1252.0,1657740840.0,68978
2023-05-11 09:37:02,IM2306,IM2306,6608.4,1.0,1321680.0,-1.0,2,6608.0,6608.2,1,6603.6,6610.4,6635.4,6608.2,1253.0,1659062520.0,68977
2023-05-11 09:37:02,IM2306,IM2306,6608.0,2.0,2643200.0,-1.0,2,6607.4,6607.8,1,6603.6,6610.4,6635.4,6608.0,1255.0,1661705720.0,68976
2023-05-11 09:37:03,IM2306,IM2306,6608.0,0.0,0.0,0.0,2,6607.4,6608.2,1,6603.6,6610.4,6635.4,6608.0,1255.0,1661705720.0,68976
2023-05-11 09:37:04,IM2306,IM2306,6607.4,1.0,1321480.0,0.0,1,6607.4,6607.8,1,6603.6,6610.4,6635.4,6607.4,1256.0,1663027200.0,68976
2023-05-11 09:37:04,IM2306,IM2306,6607.4,4.0,5286160.0,-1.0,1,6607.0,6609.2,2,6603.6,6610.4,6635.4,6607.4,1260.0,1668313360.0,68975
2023-05-11 09:37:05,IM2306,IM2306,6607.4,0.0,0.0,0.0,1,6608.0,6609.0,1,6603.6,6610.4,6635.4,6607.4,1260.0,1668313360.0,68975
2023-05-11 09:37:05,IM2306,IM2306,6607.4,1.0,1321480.0,-1.0,1,6608.0,6609.6,1,6603.6,6610.4,6635.4,6607.4,1261.0,1669634840.0,68974
2023-05-11 09:37:06,IM2306,IM2306,6608.0,1.0,1321600.0,0.0,2,6607.2,6609.4,5,6603.6,6610.4,6635.4,6607.4,1262.0,1670956440.0,68974
2023-05-11 09:37:06,IM2306,IM2306,6608.0,0.0,0.0,0.0,2,6607.2,6609.4,6,6603.6,6610.4,6635.4,6607.4,1262.0,1670956440.0,68974
2023-05-11 09:37:07,IM2306,IM2306,6608.0,0.0,0.0,0.0,1,6607.0,6608.8,1,6603.6,6610.4,6635.4,6607.4,1262.0,1670956440.0,68974
2023-05-11 09:37:07,IM2306,IM2306,6606.8,1.0,1321360.0,-1.0,1,6606.6,6606.8,1,6603.6,6610.4,6635.4,6606.8,1263.0,1672277800.0,68973
2023-05-11 09:37:08,IM2306,IM2306,6606.8,2.0,2642680.0,0.0,1,6606.0,6607.0,3,6603.6,6610.4,6635.4,6606.6,1265.0,1674920480.0,68973
