time,symbol_id,symbol_name,last,trade_volume,trade_amount,open_interest_change,bv1,bp1,ap1,av1,yesterday_close,today_open,today_high,today_low,volume,amount,open_interest
2023-05-10 20:55:39,y2311-C-8200,y2311-C-8200,171.5,0.0,0.0,0.0,1,0.5,0.0,0,171.5,0.0,0.0,0.0,0.0,0.0,10
2023-05-10 21:00:09,y2311-C-8200,y2311-C-8200,171.5,0.0,0.0,0.0,10,1.0,0.0,0,171.5,0.0,0.0,0.0,0.0,0.0,10
2023-05-10 21:02:41,y2311-C-8200,y2311-C-8200,171.5,0.0,0.0,0.0,1,1.5,0.0,0,171.5,0.0,0.0,0.0,0.0,0.0,10
2023-05-10 21:02:41,y2311-C-8200,y2311-C-8200,171.5,0.0,0.0,0.0,10,2.0,0.0,0,171.5,0.0,0.0,0.0,0.0,0.0,10
2023-05-10 21:04:12,y2311-C-8200,y2311-C-8200,171.5,0.0,0.0,0.0,2,2.5,0.0,0,171.5,0.0,0.0,0.0,0.0,0.0,10
2023-05-10 21:04:12,y2311-C-8200,y2311-C-8200,171.5,0.0,0.0,0.0,10,3.0,0.0,0,171.5,0.0,0.0,0.0,0.0,0.0,10
2023-05-10 21:06:15,y2311-C-8200,y2311-C-8200,171.5,0.0,0.0,0.0,2,3.5,0.0,0,171.5,0.0,0.0,0.0,0.0,0.0,10
2023-05-10 21:06:15,y2311-C-8200,y2311-C-8200,171.5,0.0,0.0,0.0,10,4.0,0.0,0,171.5,0.0,0.0,0.0,0.0,0.0,10
2023-05-10 21:08:20,y2311-C-8200,y2311-C-8200,171.5,0.0,0.0,0.0,2,4.5,0.0,0,171.5,0.0,0.0,0.0,0.0,0.0,10
2023-05-10 21:08:20,y2311-C-8200,y2311-C-8200,171.5,0.0,0.0,0.0,10,5.0,0.0,0,171.5,0.0,0.0,0.0,0.0,0.0,10
2023-05-10 21:08:22,y2311-C-8200,y2311-C-8200,171.5,0.0,0.0,0.0,2,5.5,0.0,0,171.5,0.0,0.0,0.0,0.0,0.0,10
2023-05-10 21:08:22,y2311-C-8200,y2311-C-8200,171.5,0.0,0.0,0.0,10,6.0,0.0,0,171.5,0.0,0.0,0.0,0.0,0.0,10
2023-05-10 21:08:25,y2311-C-8200,y2311-C-8200,171.5,0.0,0.0,0.0,2,6.5,0.0,0,171.5,0.0,0.0,0.0,0.0,0.0,10
2023-05-10 21:08:25,y2311-C-8200,y2311-C-8200,171.5,0.0,0.0,0.0,10,7.0,0.0,0,171.5,0.0,0.0,0.0,0.0,0.0,10
2023-05-10 21:08:27,y2311-C-8200,y2311-C-8200,171.5,0.0,0.0,0.0,2,7.5,0.0,0,171.5,0.0,0.0,0.0,0.0,0.0,10
2023-05-10 21:08:27,y2311-C-8200,y2311-C-8200,171.5,0.0,0.0,0.0,10,8.0,0.0,0,171.5,0.0,0.0,0.0,0.0,0.0,10
2023-05-10 21:08:30,y2311-C-8200,y2311-C-8200,171.5,0.0,0.0,0.0,2,8.5,0.0,0,171.5,0.0,0.0,0.0,0.0,0.0,10
2023-05-10 21:08:30,y2311-C-8200,y2311-C-8200,171.5,0.0,0.0,0.0,10,9.0,0.0,0,171.5,0.0,0.0,0.0,0.0,0.0,10
2023-05-10 21:08:32,y2311-C-8200,y2311-C-8200,171.5,0.0,0.0,0.0,2,9.5,0.0,0,171.5,0.0,0.0,0.0,0.0,0.0,10
2023-05-10 21:08:32,y2311-C-8200,y2311-C-8200,171.5,0.0,0.0,0.0,10,10.0,0.0,0,171.5,0.0,0.0,0.0,0.0,0.0,10
2023-05-10 21:08:35,y2311-C-8200,y2311-C-8200,171.5,0.0,0.0,0.0,2,10.5,0.0,0,171.5,0.0,0.0,0.0,0.0,0.0,10
2023-05-10 21:08:35,y2311-C-8200,y2311-C-8200,171.5,0.0,0.0,0.0,10,11.0,0.0,0,171.5,0.0,0.0,0.0,0.0,0.0,10
2023-05-10 21:09:37,y2311-C-8200,y2311-C-8200,171.5,0.0,0.0,0.0,2,11.5,0.0,0,171.5,0.0,0.0,0.0,0.0,0.0,10
2023-05-10 21:09:37,y2311-C-8200,y2311-C-8200,171.5,0.0,0.0,0.0,10,12.0,0.0,0,171.5,0.0,0.0,0.0,0.0,0.0,10
2023-05-10 21:09:47,y2311-C-8200,y2311-C-8200,171.5,0.0,0.0,0.0,2,12.5,0.0,0,171.5,0.0,0.0,0.0,0.0,0.0,10
2023-05-10 21:09:47,y2311-C-8200,y2311-C-8200,171.5,0.0,0.0,0.0,10,13.0,0.0,0,171.5,0.0,0.0,0.0,0.0,0.0,10
2023-05-10 21:09:50,y2311-C-8200,y2311-C-8200,171.5,0.0,0.0,0.0,2,13.5,0.0,0,171.5,0.0,0.0,0.0,0.0,0.0,10
2023-05-10 21:09:50,y2311-C-8200,y2311-C-8200,171.5,0.0,0.0,0.0,10,14.0,0.0,0,171.5,0.0,0.0,0.0,0.0,0.0,10
2023-05-10 21:09:52,y2311-C-8200,y2311-C-8200,171.5,0.0,0.0,0.0,2,14.5,0.0,0,171.5,0.0,0.0,0.0,0.0,0.0,10
2023-05-10 21:09:52,y2311-C-8200,y2311-C-8200,171.5,0.0,0.0,0.0,10,15.0,0.0,0,171.5,0.0,0.0,0.0,0.0,0.0,10
2023-05-10 21:09:56,y2311-C-8200,y2311-C-8200,171.5,0.0,0.0,0.0,2,15.5,0.0,0,171.5,0.0,0.0,0.0,0.0,0.0,10
2023-05-10 21:09:56,y2311-C-8200,y2311-C-8200,171.5,0.0,0.0,0.0,10,16.0,0.0,0,171.5,0.0,0.0,0.0,0.0,0.0,10
2023-05-10 21:10:08,y2311-C-8200,y2311-C-8200,171.5,0.0,0.0,0.0,2,16.5,0.0,0,171.5,0.0,0.0,0.0,0.0,0.0,10
2023-05-10 21:10:08,y2311-C-8200,y2311-C-8200,171.5,0.0,0.0,0.0,10,17.0,0.0,0,171.5,0.0,0.0,0.0,0.0,0.0,10
2023-05-10 21:10:12,y2311-C-8200,y2311-C-8200,171.5,0.0,0.0,0.0,2,17.5,0.0,0,171.5,0.0,0.0,0.0,0.0,0.0,10
2023-05-10 21:10:12,y2311-C-8200,y2311-C-8200,171.5,0.0,0.0,0.0,10,18.0,0.0,0,171.5,0.0,0.0,0.0,0.0,0.0,10
2023-05-10 21:11:00,y2311-C-8200,y2311-C-8200,171.5,0.0,0.0,0.0,2,18.5,0.0,0,171.5,0.0,0.0,0.0,0.0,0.0,10
2023-05-10 21:11:00,y2311-C-8200,y2311-C-8200,171.5,0.0,0.0,0.0,10,19.0,0.0,0,171.5,0.0,0.0,0.0,0.0,0.0,10
2023-05-10 21:11:59,y2311-C-8200,y2311-C-8200,171.5,0.0,0.0,0.0,2,19.5,0.0,0,171.5,0.0,0.0,0.0,0.0,0.0,10
2023-05-10 21:11:59,y2311-C-8200,y2311-C-8200,171.5,0.0,0.0,0.0,10,20.0,0.0,0,171.5,0.0,0.0,0.0,0.0,0.0,10
2023-05-10 21:12:03,y2311-C-8200,y2311-C-8200,171.5,0.0,0.0,0.0,2,20.5,0.0,0,171.5,0.0,0.0,0.0,0.0,0.0,10
2023-05-10 21:12:03,y2311-C-8200,y2311-C-8200,171.5,0.0,0.0,0.0,10,21.0,0.0,0,171.5,0.0,0.0,0.0,0.0,0.0,10
2023-05-10 21:12:22,y2311-C-8200,y2311-C-8200,171.5,0.0,0.0,0.0,2,21.5,0.0,0,171.5,0.0,0.0,0.0,0.0,0.0,10
2023-05-10 21:12:22,y2311-C-8200,y2311-C-8200,171.5,0.0,0.0,0.0,10,22.0,0.0,0,171.5,0.0,0.0,0.0,0.0,0.0,10
2023-05-10 21:12:28,y2311-C-8200,y2311-C-8200,171.5,0.0,0.0,0.0,2,22.5,0.0,0,171.5,0.0,0.0,0.0,0.0,0.0,10
2023-05-10 21:12:28,y2311-C-8200,y2311-C-8200,171.5,0.0,0.0,0.0,10,23.0,0.0,0,171.5,0.0,0.0,0.0,0.0,0.0,10
2023-05-10 21:12:35,y2311-C-8200,y2311-C-8200,171.5,0.0,0.0,0.0,2,23.5,0.0,0,171.5,0.0,0.0,0.0,0.0,0.0,10
2023-05-10 21:12:35,y2311-C-8200,y2311-C-8200,171.5,0.0,0.0,0.0,10,24.0,0.0,0,171.5,0.0,0.0,0.0,0.0,0.0,10
2023-05-10 21:12:39,y2311-C-8200,y2311-C-8200,171.5,0.0,0.0,0.0,2,24.5,0.0,0,171.5,0.0,0.0,0.0,0.0,0.0,10
2023-05-10 21:12:39,y2311-C-8200,y2311-C-8200,171.5,0.0,0.0,0.0,10,25.0,0.0,0,171.5,0.0,0.0,0.0,0.0,0.0,10
2023-05-10 21:12:41,y2311-C-8200,y2311-C-8200,171.5,0.0,0.0,0.0,2,25.5,0.0,0,171.5,0.0,0.0,0.0,0.0,0.0,10
2023-05-10 21:12:41,y2311-C-8200,y2311-C-8200,171.5,0.0,0.0,0.0,10,26.0,0.0,0,171.5,0.0,0.0,0.0,0.0,0.0,10
2023-05-10 21:12:43,y2311-C-8200,y2311-C-8200,171.5,0.0,0.0,0.0,2,26.5,0.0,0,171.5,0.0,0.0,0.0,0.0,0.0,10
2023-05-10 21:12:43,y2311-C-8200,y2311-C-8200,171.5,0.0,0.0,0.0,10,27.0,0.0,0,171.5,0.0,0.0,0.0,0.0,0.0,10
2023-05-10 21:12:45,y2311-C-8200,y2311-C-8200,171.5,0.0,0.0,0.0,2,27.5,0.0,0,171.5,0.0,0.0,0.0,0.0,0.0,10
2023-05-10 21:12:45,y2311-C-8200,y2311-C-8200,171.5,0.0,0.0,0.0,10,28.0,0.0,0,171.5,0.0,0.0,0.0,0.0,0.0,10
2023-05-10 21:12:47,y2311-C-8200,y2311-C-8200,171.5,0.0,0.0,0.0,2,28.5,0.0,0,171.5,0.0,0.0,0.0,0.0,0.0,10
2023-05-10 21:12:47,y2311-C-8200,y2311-C-8200,171.5,0.0,0.0,0.0,10,29.0,0.0,0,171.5,0.0,0.0,0.0,0.0,0.0,10
2023-05-10 21:12:49,y2311-C-8200,y2311-C-8200,171.5,0.0,0.0,0.0,2,29.5,0.0,0,171.5,0.0,0.0,0.0,0.0,0.0,10
2023-05-10 21:12:49,y2311-C-8200,y2311-C-8200,171.5,0.0,0.0,0.0,10,30.0,0.0,0,171.5,0.0,0.0,0.0,0.0,0.0,10
2023-05-10 21:12:51,y2311-C-8200,y2311-C-8200,171.5,0.0,0.0,0.0,2,30.5,0.0,0,171.5,0.0,0.0,0.0,0.0,0.0,10
2023-05-10 21:12:51,y2311-C-8200,y2311-C-8200,171.5,0.0,0.0,0.0,10,31.0,0.0,0,171.5,0.0,0.0,0.0,0.0,0.0,10
2023-05-10 21:12:54,y2311-C-8200,y2311-C-8200,171.5,0.0,0.0,0.0,2,31.5,0.0,0,171.5,0.0,0.0,0.0,0.0,0.0,10
2023-05-10 21:12:54,y2311-C-8200,y2311-C-8200,171.5,0.0,0.0,0.0,10,32.0,0.0,0,171.5,0.0,0.0,0.0,0.0,0.0,10
2023-05-10 21:12:59,y2311-C-8200,y2311-C-8200,171.5,0.0,0.0,0.0,2,32.5,0.0,0,171.5,0.0,0.0,0.0,0.0,0.0,10
2023-05-10 21:12:59,y2311-C-8200,y2311-C-8200,171.5,0.0,0.0,0.0,10,33.0,0.0,0,171.5,0.0,0.0,0.0,0.0,0.0,10
2023-05-10 21:13:04,y2311-C-8200,y2311-C-8200,171.5,0.0,0.0,0.0,2,33.5,0.0,0,171.5,0.0,0.0,0.0,0.0,0.0,10
2023-05-10 21:13:04,y2311-C-8200,y2311-C-8200,171.5,0.0,0.0,0.0,10,34.0,0.0,0,171.5,0.0,0.0,0.0,0.0,0.0,10
2023-05-10 21:13:05,y2311-C-8200,y2311-C-8200,171.5,0.0,0.0,0.0,2,34.5,0.0,0,171.5,0.0,0.0,0.0,0.0,0.0,10
2023-05-10 21:13:05,y2311-C-8200,y2311-C-8200,171.5,0.0,0.0,0.0,10,35.0,0.0,0,171.5,0.0,0.0,0.0,0.0,0.0,10
2023-05-10 21:13:07,y2311-C-8200,y2311-C-8200,171.5,0.0,0.0,0.0,2,35.5,0.0,0,171.5,0.0,0.0,0.0,0.0,0.0,10
2023-05-10 21:13:07,y2311-C-8200,y2311-C-8200,171.5,0.0,0.0,0.0,10,36.0,0.0,0,171.5,0.0,0.0,0.0,0.0,0.0,10
2023-05-10 21:13:08,y2311-C-8200,y2311-C-8200,171.5,0.0,0.0,0.0,2,36.5,0.0,0,171.5,0.0,0.0,0.0,0.0,0.0,10
2023-05-10 21:13:08,y2311-C-8200,y2311-C-8200,171.5,0.0,0.0,0.0,10,37.0,0.0,0,171.5,0.0,0.0,0.0,0.0,0.0,10
2023-05-10 21:13:09,y2311-C-8200,y2311-C-8200,171.5,0.0,0.0,0.0,2,37.5,0.0,0,171.5,0.0,0.0,0.0,0.0,0.0,10
2023-05-10 21:13:09,y2311-C-8200,y2311-C-8200,171.5,0.0,0.0,0.0,10,38.0,0.0,0,171.5,0.0,0.0,0.0,0.0,0.0,10
2023-05-10 21:13:11,y2311-C-8200,y2311-C-8200,171.5,0.0,0.0,0.0,2,38.5,0.0,0,171.5,0.0,0.0,0.0,0.0,0.0,10
2023-05-10 21:13:11,y2311-C-8200,y2311-C-8200,171.5,0.0,0.0,0.0,10,39.0,0.0,0,171.5,0.0,0.0,0.0,0.0,0.0,10
2023-05-10 21:13:12,y2311-C-8200,y2311-C-8200,171.5,0.0,0.0,0.0,2,39.5,0.0,0,171.5,0.0,0.0,0.0,0.0,0.0,10
2023-05-10 21:13:12,y2311-C-8200,y2311-C-8200,171.5,0.0,0.0,0.0,10,40.0,0.0,0,171.5,0.0,0.0,0.0,0.0,0.0,10
2023-05-10 21:13:14,y2311-C-8200,y2311-C-8200,171.5,0.0,0.0,0.0,2,40.5,0.0,0,171.5,0.0,0.0,0.0,0.0,0.0,10
2023-05-10 21:13:14,y2311-C-8200,y2311-C-8200,171.5,0.0,0.0,0.0,10,41.0,0.0,0,171.5,0.0,0.0,0.0,0.0,0.0,10
2023-05-10 21:13:16,y2311-C-8200,y2311-C-8200,171.5,0.0,0.0,0.0,2,41.5,0.0,0,171.5,0.0,0.0,0.0,0.0,0.0,10
2023-05-10 21:13:16,y2311-C-8200,y2311-C-8200,171.5,0.0,0.0,0.0,10,42.0,0.0,0,171.5,0.0,0.0,0.0,0.0,0.0,10
2023-05-10 21:13:17,y2311-C-8200,y2311-C-8200,171.5,0.0,0.0,0.0,2,42.5,0.0,0,171.5,0.0,0.0,0.0,0.0,0.0,10
2023-05-10 21:13:17,y2311-C-8200,y2311-C-8200,171.5,0.0,0.0,0.0,10,43.0,0.0,0,171.5,0.0,0.0,0.0,0.0,0.0,10
2023-05-10 21:13:19,y2311-C-8200,y2311-C-8200,171.5,0.0,0.0,0.0,2,43.5,0.0,0,171.5,0.0,0.0,0.0,0.0,0.0,10
2023-05-10 21:13:19,y2311-C-8200,y2311-C-8200,171.5,0.0,0.0,0.0,10,44.0,0.0,0,171.5,0.0,0.0,0.0,0.0,0.0,10
2023-05-10 21:13:21,y2311-C-8200,y2311-C-8200,171.5,0.0,0.0,0.0,2,44.5,0.0,0,171.5,0.0,0.0,0.0,0.0,0.0,10
2023-05-10 21:13:21,y2311-C-8200,y2311-C-8200,171.5,0.0,0.0,0.0,10,45.0,0.0,0,171.5,0.0,0.0,0.0,0.0,0.0,10
2023-05-10 21:13:23,y2311-C-8200,y2311-C-8200,171.5,0.0,0.0,0.0,2,45.5,0.0,0,171.5,0.0,0.0,0.0,0.0,0.0,10
2023-05-10 21:13:23,y2311-C-8200,y2311-C-8200,171.5,0.0,0.0,0.0,10,46.0,0.0,0,171.5,0.0,0.0,0.0,0.0,0.0,10
2023-05-10 21:13:24,y2311-C-8200,y2311-C-8200,171.5,0.0,0.0,0.0,2,46.5,0.0,0,171.5,0.0,0.0,0.0,0.0,0.0,10
2023-05-10 21:13:24,y2311-C-8200,y2311-C-8200,171.5,0.0,0.0,0.0,10,47.0,0.0,0,171.5,0.0,0.0,0.0,0.0,0.0,10
2023-05-10 21:13:26,y2311-C-8200,y2311-C-8200,171.5,0.0,0.0,0.0,2,47.5,0.0,0,171.5,0.0,0.0,0.0,0.0,0.0,10
2023-05-10 21:13:26,y2311-C-8200,y2311-C-8200,171.5,0.0,0.0,0.0,10,48.0,0.0,0,171.5,0.0,0.0,0.0,0.0,0.0,10
2023-05-10 21:13:27,y2311-C-8200,y2311-C-8200,171.5,0.0,0.0,0.0,2,48.5,0.0,0,171.5,0.0,0.0,0.0,0.0,0.0,10
2023-05-10 21:13:27,y2311-C-8200,y2311-C-8200,171.5,0.0,0.0,0.0,10,49.0,0.0,0,171.5,0.0,0.0,0.0,0.0,0.0,10
2023-05-10 21:13:28,y2311-C-8200,y2311-C-8200,171.5,0.0,0.0,0.0,2,49.5,0.0,0,171.5,0.0,0.0,0.0,0.0,0.0,10
2023-05-10 21:13:28,y2311-C-8200,y2311-C-8200,171.5,0.0,0.0,0.0,10,50.0,0.0,0,171.5,0.0,0.0,0.0,0.0,0.0,10
2023-05-10 21:13:29,y2311-C-8200,y2311-C-8200,171.5,0.0,0.0,0.0,2,50.5,0.0,0,171.5,0.0,0.0,0.0,0.0,0.0,10
2023-05-10 21:13:29,y2311-C-8200,y2311-C-8200,171.5,0.0,0.0,0.0,10,51.0,0.0,0,171.5,0.0,0.0,0.0,0.0,0.0,10
2023-05-10 21:13:31,y2311-C-8200,y2311-C-8200,171.5,0.0,0.0,0.0,2,51.5,0.0,0,171.5,0.0,0.0,0.0,0.0,0.0,10
2023-05-10 21:13:31,y2311-C-8200,y2311-C-8200,171.5,0.0,0.0,0.0,10,52.0,0.0,0,171.5,0.0,0.0,0.0,0.0,0.0,10
2023-05-10 21:13:32,y2311-C-8200,y2311-C-8200,171.5,0.0,0.0,0.0,2,52.5,0.0,0,171.5,0.0,0.0,0.0,0.0,0.0,10
2023-05-10 21:13:32,y2311-C-8200,y2311-C-8200,171.5,0.0,0.0,0.0,10,53.0,0.0,0,171.5,0.0,0.0,0.0,0.0,0.0,10
2023-05-10 21:13:34,y2311-C-8200,y2311-C-8200,171.5,0.0,0.0,0.0,2,53.5,0.0,0,171.5,0.0,0.0,0.0,0.0,0.0,10
2023-05-10 21:13:34,y2311-C-8200,y2311-C-8200,171.5,0.0,0.0,0.0,10,54.0,0.0,0,171.5,0.0,0.0,0.0,0.0,0.0,10
2023-05-10 21:13:35,y2311-C-8200,y2311-C-8200,171.5,0.0,0.0,0.0,2,54.5,0.0,0,171.5,0.0,0.0,0.0,0.0,0.0,10
2023-05-10 21:13:35,y2311-C-8200,y2311-C-8200,171.5,0.0,0.0,0.0,10,55.0,0.0,0,171.5,0.0,0.0,0.0,0.0,0.0,10
2023-05-10 21:13:36,y2311-C-8200,y2311-C-8200,171.5,0.0,0.0,0.0,2,55.5,0.0,0,171.5,0.0,0.0,0.0,0.0,0.0,10
2023-05-10 21:13:36,y2311-C-8200,y2311-C-8200,171.5,0.0,0.0,0.0,10,56.0,0.0,0,171.5,0.0,0.0,0.0,0.0,0.0,10
2023-05-10 21:13:37,y2311-C-8200,y2311-C-8200,171.5,0.0,0.0,0.0,2,56.5,0.0,0,171.5,0.0,0.0,0.0,0.0,0.0,10
2023-05-10 21:13:37,y2311-C-8200,y2311-C-8200,171.5,0.0,0.0,0.0,10,57.0,0.0,0,171.5,0.0,0.0,0.0,0.0,0.0,10
2023-05-10 21:13:38,y2311-C-8200,y2311-C-8200,171.5,0.0,0.0,0.0,2,57.5,0.0,0,171.5,0.0,0.0,0.0,0.0,0.0,10
2023-05-10 21:13:38,y2311-C-8200,y2311-C-8200,171.5,0.0,0.0,0.0,10,58.0,0.0,0,171.5,0.0,0.0,0.0,0.0,0.0,10
2023-05-10 21:13:40,y2311-C-8200,y2311-C-8200,171.5,0.0,0.0,0.0,2,58.5,0.0,0,171.5,0.0,0.0,0.0,0.0,0.0,10
2023-05-10 21:13:40,y2311-C-8200,y2311-C-8200,171.5,0.0,0.0,0.0,10,59.0,0.0,0,171.5,0.0,0.0,0.0,0.0,0.0,10
2023-05-10 21:13:41,y2311-C-8200,y2311-C-8200,171.5,0.0,0.0,0.0,2,59.5,0.0,0,171.5,0.0,0.0,0.0,0.0,0.0,10
2023-05-10 21:13:41,y2311-C-8200,y2311-C-8200,171.5,0.0,0.0,0.0,10,60.0,0.0,0,171.5,0.0,0.0,0.0,0.0,0.0,10
2023-05-10 21:13:43,y2311-C-8200,y2311-C-8200,171.5,0.0,0.0,0.0,2,60.5,0.0,0,171.5,0.0,0.0,0.0,0.0,0.0,10
2023-05-10 21:13:43,y2311-C-8200,y2311-C-8200,171.5,0.0,0.0,0.0,10,61.0,0.0,0,171.5,0.0,0.0,0.0,0.0,0.0,10
2023-05-10 21:13:44,y2311-C-8200,y2311-C-8200,171.5,0.0,0.0,0.0,2,61.5,0.0,0,171.5,0.0,0.0,0.0,0.0,0.0,10
2023-05-10 21:13:44,y2311-C-8200,y2311-C-8200,171.5,0.0,0.0,0.0,10,62.0,0.0,0,171.5,0.0,0.0,0.0,0.0,0.0,10
2023-05-10 21:13:46,y2311-C-8200,y2311-C-8200,171.5,0.0,0.0,0.0,2,62.5,0.0,0,171.5,0.0,0.0,0.0,0.0,0.0,10
2023-05-10 21:20:54,y2311-C-8200,y2311-C-8200,171.5,0.0,0.0,0.0,12,62.5,0.0,0,171.5,0.0,0.0,0.0,0.0,0.0,10
2023-05-10 21:21:01,y2311-C-8200,y2311-C-8200,171.5,0.0,0.0,0.0,2,62.5,0.0,0,171.5,0.0,0.0,0.0,0.0,0.0,10
2023-05-10 21:21:03,y2311-C-8200,y2311-C-8200,171.5,0.0,0.0,0.0,12,62.5,0.0,0,171.5,0.0,0.0,0.0,0.0,0.0,10
2023-05-10 21:21:14,y2311-C-8200,y2311-C-8200,171.5,0.0,0.0,0.0,2,62.5,0.0,0,171.5,0.0,0.0,0.0,0.0,0.0,10
2023-05-10 21:31:18,y2311-C-8200,y2311-C-8200,171.5,0.0,0.0,0.0,10,63.0,0.0,0,171.5,0.0,0.0,0.0,0.0,0.0,10
2023-05-10 21:31:19,y2311-C-8200,y2311-C-8200,171.5,0.0,0.0,0.0,2,63.5,0.0,0,171.5,0.0,0.0,0.0,0.0,0.0,10
2023-05-10 21:31:19,y2311-C-8200,y2311-C-8200,171.5,0.0,0.0,0.0,10,64.0,0.0,0,171.5,0.0,0.0,0.0,0.0,0.0,10
2023-05-10 21:31:21,y2311-C-8200,y2311-C-8200,171.5,0.0,0.0,0.0,2,64.5,0.0,0,171.5,0.0,0.0,0.0,0.0,0.0,10
2023-05-10 21:36:57,y2311-C-8200,y2311-C-8200,171.5,0.0,0.0,0.0,10,65.0,0.0,0,171.5,0.0,0.0,0.0,0.0,0.0,10
2023-05-10 21:36:58,y2311-C-8200,y2311-C-8200,171.5,0.0,0.0,0.0,2,65.5,0.0,0,171.5,0.0,0.0,0.0,0.0,0.0,10
2023-05-10 21:36:58,y2311-C-8200,y2311-C-8200,171.5,0.0,0.0,0.0,10,66.0,0.0,0,171.5,0.0,0.0,0.0,0.0,0.0,10
2023-05-10 21:36:59,y2311-C-8200,y2311-C-8200,171.5,0.0,0.0,0.0,2,66.5,0.0,0,171.5,0.0,0.0,0.0,0.0,0.0,10
2023-05-10 21:36:59,y2311-C-8200,y2311-C-8200,171.5,0.0,0.0,0.0,10,67.0,0.0,0,171.5,0.0,0.0,0.0,0.0,0.0,10
2023-05-10 21:37:01,y2311-C-8200,y2311-C-8200,171.5,0.0,0.0,0.0,2,67.5,0.0,0,171.5,0.0,0.0,0.0,0.0,0.0,10
2023-05-10 22:57:16,y2311-C-8200,y2311-C-8200,171.5,0.0,0.0,0.0,10,3.0,0.0,0,171.5,0.0,0.0,0.0,0.0,0.0,10
2023-05-10 22:57:33,y2311-C-8200,y2311-C-8200,171.5,0.0,0.0,0.0,1,2.5,0.0,0,171.5,0.0,0.0,0.0,0.0,0.0,10
2023-05-11 09:00:26,y2311-C-8200,y2311-C-8200,171.5,0.0,0.0,0.0,10,3.0,0.0,0,171.5,0.0,0.0,0.0,0.0,0.0,10
2023-05-11 09:01:17,y2311-C-8200,y2311-C-8200,171.5,0.0,0.0,0.0,1,3.5,0.0,0,171.5,0.0,0.0,0.0,0.0,0.0,10
2023-05-11 09:01:17,y2311-C-8200,y2311-C-8200,171.5,0.0,0.0,0.0,10,4.0,0.0,0,171.5,0.0,0.0,0.0,0.0,0.0,10
2023-05-11 09:02:05,y2311-C-8200,y2311-C-8200,171.5,0.0,0.0,0.0,2,4.5,0.0,0,171.5,0.0,0.0,0.0,0.0,0.0,10
2023-05-11 09:02:05,y2311-C-8200,y2311-C-8200,171.5,0.0,0.0,0.0,10,5.0,0.0,0,171.5,0.0,0.0,0.0,0.0,0.0,10
2023-05-11 09:03:41,y2311-C-8200,y2311-C-8200,171.5,0.0,0.0,0.0,2,5.5,0.0,0,171.5,0.0,0.0,0.0,0.0,0.0,10
2023-05-11 09:03:41,y2311-C-8200,y2311-C-8200,171.5,0.0,0.0,0.0,10,6.0,0.0,0,171.5,0.0,0.0,0.0,0.0,0.0,10
2023-05-11 09:03:50,y2311-C-8200,y2311-C-8200,171.5,0.0,0.0,0.0,2,6.5,0.0,0,171.5,0.0,0.0,0.0,0.0,0.0,10
2023-05-11 09:03:50,y2311-C-8200,y2311-C-8200,171.5,0.0,0.0,0.0,10,7.0,0.0,0,171.5,0.0,0.0,0.0,0.0,0.0,10
2023-05-11 09:03:55,y2311-C-8200,y2311-C-8200,171.5,0.0,0.0,0.0,2,7.5,0.0,0,171.5,0.0,0.0,0.0,0.0,0.0,10
2023-05-11 09:03:55,y2311-C-8200,y2311-C-8200,171.5,0.0,0.0,0.0,10,8.0,0.0,0,171.5,0.0,0.0,0.0,0.0,0.0,10
2023-05-11 09:04:31,y2311-C-8200,y2311-C-8200,171.5,0.0,0.0,0.0,2,8.5,0.0,0,171.5,0.0,0.0,0.0,0.0,0.0,10
2023-05-11 09:04:31,y2311-C-8200,y2311-C-8200,171.5,0.0,0.0,0.0,10,9.0,0.0,0,171.5,0.0,0.0,0.0,0.0,0.0,10
2023-05-11 09:04:35,y2311-C-8200,y2311-C-8200,171.5,0.0,0.0,0.0,2,9.5,0.0,0,171.5,0.0,0.0,0.0,0.0,0.0,10
2023-05-11 09:04:35,y2311-C-8200,y2311-C-8200,171.5,0.0,0.0,0.0,10,10.0,0.0,0,171.5,0.0,0.0,0.0,0.0,0.0,10
2023-05-11 09:04:38,y2311-C-8200,y2311-C-8200,171.5,0.0,0.0,0.0,2,10.5,0.0,0,171.5,0.0,0.0,0.0,0.0,0.0,10
2023-05-11 09:04:38,y2311-C-8200,y2311-C-8200,171.5,0.0,0.0,0.0,10,11.0,0.0,0,171.5,0.0,0.0,0.0,0.0,0.0,10
2023-05-11 09:04:39,y2311-C-8200,y2311-C-8200,171.5,0.0,0.0,0.0,2,11.5,0.0,0,171.5,0.0,0.0,0.0,0.0,0.0,10
2023-05-11 09:04:39,y2311-C-8200,y2311-C-8200,171.5,0.0,0.0,0.0,10,12.0,0.0,0,171.5,0.0,0.0,0.0,0.0,0.0,10
2023-05-11 09:04:42,y2311-C-8200,y2311-C-8200,171.5,0.0,0.0,0.0,2,12.5,0.0,0,171.5,0.0,0.0,0.0,0.0,0.0,10
2023-05-11 09:04:42,y2311-C-8200,y2311-C-8200,171.5,0.0,0.0,0.0,10,13.0,0.0,0,171.5,0.0,0.0,0.0,0.0,0.0,10
2023-05-11 09:04:45,y2311-C-8200,y2311-C-8200,171.5,0.0,0.0,0.0,2,13.5,0.0,0,171.5,0.0,0.0,0.0,0.0,0.0,10
2023-05-11 09:04:45,y2311-C-8200,y2311-C-8200,171.5,0.0,0.0,0.0,10,14.0,0.0,0,171.5,0.0,0.0,0.0,0.0,0.0,10
2023-05-11 09:04:48,y2311-C-8200,y2311-C-8200,171.5,0.0,0.0,0.0,2,14.5,0.0,0,171.5,0.0,0.0,0.0,0.0,0.0,10
2023-05-11 09:04:48,y2311-C-8200,y2311-C-8200,171.5,0.0,0.0,0.0,10,15.0,0.0,0,171.5,0.0,0.0,0.0,0.0,0.0,10
2023-05-11 09:04:51,y2311-C-8200,y2311-C-8200,171.5,0.0,0.0,0.0,2,15.5,0.0,0,171.5,0.0,0.0,0.0,0.0,0.0,10
2023-05-11 09:04:51,y2311-C-8200,y2311-C-8200,171.5,0.0,0.0,0.0,10,16.0,0.0,0,171.5,0.0,0.0,0.0,0.0,0.0,10
2023-05-11 09:04:54,y2311-C-8200,y2311-C-8200,171.5,0.0,0.0,0.0,2,16.5,0.0,0,171.5,0.0,0.0,0.0,0.0,0.0,10
2023-05-11 09:04:54,y2311-C-8200,y2311-C-8200,171.5,0.0,0.0,0.0,10,17.0,0.0,0,171.5,0.0,0.0,0.0,0.0,0.0,10
2023-05-11 09:04:57,y2311-C-8200,y2311-C-8200,171.5,0.0,0.0,0.0,2,17.5,0.0,0,171.5,0.0,0.0,0.0,0.0,0.0,10
2023-05-11 09:04:57,y2311-C-8200,y2311-C-8200,171.5,0.0,0.0,0.0,10,18.0,0.0,0,171.5,0.0,0.0,0.0,0.0,0.0,10
2023-05-11 09:05:01,y2311-C-8200,y2311-C-8200,171.5,0.0,0.0,0.0,2,18.5,0.0,0,171.5,0.0,0.0,0.0,0.0,0.0,10
2023-05-11 09:05:01,y2311-C-8200,y2311-C-8200,171.5,0.0,0.0,0.0,10,19.0,0.0,0,171.5,0.0,0.0,0.0,0.0,0.0,10
2023-05-11 09:05:04,y2311-C-8200,y2311-C-8200,171.5,0.0,0.0,0.0,2,19.5,0.0,0,171.5,0.0,0.0,0.0,0.0,0.0,10
2023-05-11 09:05:04,y2311-C-8200,y2311-C-8200,171.5,0.0,0.0,0.0,10,20.0,0.0,0,171.5,0.0,0.0,0.0,0.0,0.0,10
2023-05-11 09:07:13,y2311-C-8200,y2311-C-8200,171.5,0.0,0.0,0.0,2,20.5,0.0,0,171.5,0.0,0.0,0.0,0.0,0.0,10
2023-05-11 09:07:13,y2311-C-8200,y2311-C-8200,171.5,0.0,0.0,0.0,10,21.0,0.0,0,171.5,0.0,0.0,0.0,0.0,0.0,10
2023-05-11 09:09:11,y2311-C-8200,y2311-C-8200,171.5,0.0,0.0,0.0,2,21.5,0.0,0,171.5,0.0,0.0,0.0,0.0,0.0,10
2023-05-11 09:09:11,y2311-C-8200,y2311-C-8200,171.5,0.0,0.0,0.0,10,22.0,0.0,0,171.5,0.0,0.0,0.0,0.0,0.0,10
2023-05-11 09:09:19,y2311-C-8200,y2311-C-8200,171.5,0.0,0.0,0.0,2,22.5,0.0,0,171.5,0.0,0.0,0.0,0.0,0.0,10
2023-05-11 09:09:19,y2311-C-8200,y2311-C-8200,171.5,0.0,0.0,0.0,10,23.0,0.0,0,171.5,0.0,0.0,0.0,0.0,0.0,10
2023-05-11 09:09:24,y2311-C-8200,y2311-C-8200,171.5,0.0,0.0,0.0,2,23.5,0.0,0,171.5,0.0,0.0,0.0,0.0,0.0,10
2023-05-11 09:09:24,y2311-C-8200,y2311-C-8200,171.5,0.0,0.0,0.0,10,24.0,0.0,0,171.5,0.0,0.0,0.0,0.0,0.0,10
2023-05-11 09:09:27,y2311-C-8200,y2311-C-8200,171.5,0.0,0.0,0.0,2,24.5,0.0,0,171.5,0.0,0.0,0.0,0.0,0.0,10
2023-05-11 09:09:27,y2311-C-8200,y2311-C-8200,171.5,0.0,0.0,0.0,10,25.0,0.0,0,171.5,0.0,0.0,0.0,0.0,0.0,10
2023-05-11 09:09:30,y2311-C-8200,y2311-C-8200,171.5,0.0,0.0,0.0,2,25.5,0.0,0,171.5,0.0,0.0,0.0,0.0,0.0,10
2023-05-11 09:09:30,y2311-C-8200,y2311-C-8200,171.5,0.0,0.0,0.0,10,26.0,0.0,0,171.5,0.0,0.0,0.0,0.0,0.0,10
2023-05-11 09:09:35,y2311-C-8200,y2311-C-8200,171.5,0.0,0.0,0.0,2,26.5,0.0,0,171.5,0.0,0.0,0.0,0.0,0.0,10
2023-05-11 09:09:35,y2311-C-8200,y2311-C-8200,171.5,0.0,0.0,0.0,10,27.0,0.0,0,171.5,0.0,0.0,0.0,0.0,0.0,10
2023-05-11 09:09:37,y2311-C-8200,y2311-C-8200,171.5,0.0,0.0,0.0,2,27.5,0.0,0,171.5,0.0,0.0,0.0,0.0,0.0,10
2023-05-11 09:09:37,y2311-C-8200,y2311-C-8200,171.5,0.0,0.0,0.0,10,28.0,0.0,0,171.5,0.0,0.0,0.0,0.0,0.0,10
2023-05-11 09:09:38,y2311-C-8200,y2311-C-8200,171.5,0.0,0.0,0.0,2,28.5,0.0,0,171.5,0.0,0.0,0.0,0.0,0.0,10
2023-05-11 09:09:38,y2311-C-8200,y2311-C-8200,171.5,0.0,0.0,0.0,10,29.0,0.0,0,171.5,0.0,0.0,0.0,0.0,0.0,10
2023-05-11 09:09:40,y2311-C-8200,y2311-C-8200,171.5,0.0,0.0,0.0,2,29.5,0.0,0,171.5,0.0,0.0,0.0,0.0,0.0,10
2023-05-11 09:09:40,y2311-C-8200,y2311-C-8200,171.5,0.0,0.0,0.0,10,30.0,0.0,0,171.5,0.0,0.0,0.0,0.0,0.0,10
2023-05-11 09:09:41,y2311-C-8200,y2311-C-8200,171.5,0.0,0.0,0.0,2,30.5,0.0,0,171.5,0.0,0.0,0.0,0.0,0.0,10
2023-05-11 09:09:41,y2311-C-8200,y2311-C-8200,171.5,0.0,0.0,0.0,10,31.0,0.0,0,171.5,0.0,0.0,0.0,0.0,0.0,10
2023-05-11 09:09:42,y2311-C-8200,y2311-C-8200,171.5,0.0,0.0,0.0,2,31.5,0.0,0,171.5,0.0,0.0,0.0,0.0,0.0,10
2023-05-11 09:09:42,y2311-C-8200,y2311-C-8200,171.5,0.0,0.0,0.0,10,32.0,0.0,0,171.5,0.0,0.0,0.0,0.0,0.0,10
2023-05-11 09:09:44,y2311-C-8200,y2311-C-8200,171.5,0.0,0.0,0.0,2,32.5,0.0,0,171.5,0.0,0.0,0.0,0.0,0.0,10
2023-05-11 09:09:44,y2311-C-8200,y2311-C-8200,171.5,0.0,0.0,0.0,10,33.0,0.0,0,171.5,0.0,0.0,0.0,0.0,0.0,10
2023-05-11 09:09:47,y2311-C-8200,y2311-C-8200,171.5,0.0,0.0,0.0,2,33.5,0.0,0,171.5,0.0,0.0,0.0,0.0,0.0,10
2023-05-11 09:09:47,y2311-C-8200,y2311-C-8200,171.5,0.0,0.0,0.0,10,34.0,0.0,0,171.5,0.0,0.0,0.0,0.0,0.0,10
2023-05-11 09:09:56,y2311-C-8200,y2311-C-8200,171.5,0.0,0.0,0.0,2,34.5,0.0,0,171.5,0.0,0.0,0.0,0.0,0.0,10
2023-05-11 09:09:56,y2311-C-8200,y2311-C-8200,171.5,0.0,0.0,0.0,10,35.0,0.0,0,171.5,0.0,0.0,0.0,0.0,0.0,10
2023-05-11 09:09:57,y2311-C-8200,y2311-C-8200,171.5,0.0,0.0,0.0,2,35.5,0.0,0,171.5,0.0,0.0,0.0,0.0,0.0,10
2023-05-11 09:09:57,y2311-C-8200,y2311-C-8200,171.5,0.0,0.0,0.0,10,36.0,0.0,0,171.5,0.0,0.0,0.0,0.0,0.0,10
2023-05-11 09:09:59,y2311-C-8200,y2311-C-8200,171.5,0.0,0.0,0.0,2,36.5,0.0,0,171.5,0.0,0.0,0.0,0.0,0.0,10
2023-05-11 09:09:59,y2311-C-8200,y2311-C-8200,171.5,0.0,0.0,0.0,10,37.0,0.0,0,171.5,0.0,0.0,0.0,0.0,0.0,10
2023-05-11 09:10:00,y2311-C-8200,y2311-C-8200,171.5,0.0,0.0,0.0,2,37.5,0.0,0,171.5,0.0,0.0,0.0,0.0,0.0,10
2023-05-11 09:10:00,y2311-C-8200,y2311-C-8200,171.5,0.0,0.0,0.0,10,38.0,0.0,0,171.5,0.0,0.0,0.0,0.0,0.0,10
2023-05-11 09:10:02,y2311-C-8200,y2311-C-8200,171.5,0.0,0.0,0.0,2,38.5,0.0,0,171.5,0.0,0.0,0.0,0.0,0.0,10
2023-05-11 09:10:02,y2311-C-8200,y2311-C-8200,171.5,0.0,0.0,0.0,10,39.0,0.0,0,171.5,0.0,0.0,0.0,0.0,0.0,10
2023-05-11 09:10:03,y2311-C-8200,y2311-C-8200,171.5,0.0,0.0,0.0,2,39.5,0.0,0,171.5,0.0,0.0,0.0,0.0,0.0,10
2023-05-11 09:10:03,y2311-C-8200,y2311-C-8200,171.5,0.0,0.0,0.0,10,40.0,0.0,0,171.5,0.0,0.0,0.0,0.0,0.0,10
2023-05-11 09:10:05,y2311-C-8200,y2311-C-8200,171.5,0.0,0.0,0.0,2,40.5,0.0,0,171.5,0.0,0.0,0.0,0.0,0.0,10
2023-05-11 09:10:05,y2311-C-8200,y2311-C-8200,171.5,0.0,0.0,0.0,10,41.0,0.0,0,171.5,0.0,0.0,0.0,0.0,0.0,10
2023-05-11 09:10:06,y2311-C-8200,y2311-C-8200,171.5,0.0,0.0,0.0,2,41.5,0.0,0,171.5,0.0,0.0,0.0,0.0,0.0,10
2023-05-11 09:10:06,y2311-C-8200,y2311-C-8200,171.5,0.0,0.0,0.0,10,42.0,0.0,0,171.5,0.0,0.0,0.0,0.0,0.0,10
2023-05-11 09:10:08,y2311-C-8200,y2311-C-8200,171.5,0.0,0.0,0.0,2,42.5,0.0,0,171.5,0.0,0.0,0.0,0.0,0.0,10
2023-05-11 09:10:08,y2311-C-8200,y2311-C-8200,171.5,0.0,0.0,0.0,10,43.0,0.0,0,171.5,0.0,0.0,0.0,0.0,0.0,10
2023-05-11 09:10:09,y2311-C-8200,y2311-C-8200,171.5,0.0,0.0,0.0,2,43.5,0.0,0,171.5,0.0,0.0,0.0,0.0,0.0,10
2023-05-11 09:10:09,y2311-C-8200,y2311-C-8200,171.5,0.0,0.0,0.0,10,44.0,0.0,0,171.5,0.0,0.0,0.0,0.0,0.0,10
2023-05-11 09:10:10,y2311-C-8200,y2311-C-8200,171.5,0.0,0.0,0.0,2,44.5,0.0,0,171.5,0.0,0.0,0.0,0.0,0.0,10
2023-05-11 09:10:10,y2311-C-8200,y2311-C-8200,171.5,0.0,0.0,0.0,10,45.0,0.0,0,171.5,0.0,0.0,0.0,0.0,0.0,10
2023-05-11 09:10:12,y2311-C-8200,y2311-C-8200,171.5,0.0,0.0,0.0,2,45.5,0.0,0,171.5,0.0,0.0,0.0,0.0,0.0,10
2023-05-11 09:10:12,y2311-C-8200,y2311-C-8200,171.5,0.0,0.0,0.0,10,46.0,0.0,0,171.5,0.0,0.0,0.0,0.0,0.0,10
2023-05-11 09:10:13,y2311-C-8200,y2311-C-8200,171.5,0.0,0.0,0.0,2,46.5,0.0,0,171.5,0.0,0.0,0.0,0.0,0.0,10
2023-05-11 09:10:13,y2311-C-8200,y2311-C-8200,171.5,0.0,0.0,0.0,10,47.0,0.0,0,171.5,0.0,0.0,0.0,0.0,0.0,10
2023-05-11 09:10:14,y2311-C-8200,y2311-C-8200,171.5,0.0,0.0,0.0,2,47.5,0.0,0,171.5,0.0,0.0,0.0,0.0,0.0,10
2023-05-11 09:10:14,y2311-C-8200,y2311-C-8200,171.5,0.0,0.0,0.0,10,48.0,0.0,0,171.5,0.0,0.0,0.0,0.0,0.0,10
2023-05-11 09:10:15,y2311-C-8200,y2311-C-8200,171.5,0.0,0.0,0.0,2,48.5,0.0,0,171.5,0.0,0.0,0.0,0.0,0.0,10
2023-05-11 09:10:15,y2311-C-8200,y2311-C-8200,171.5,0.0,0.0,0.0,10,49.0,0.0,0,171.5,0.0,0.0,0.0,0.0,0.0,10
2023-05-11 09:10:17,y2311-C-8200,y2311-C-8200,171.5,0.0,0.0,0.0,2,49.5,0.0,0,171.5,0.0,0.0,0.0,0.0,0.0,10
2023-05-11 09:10:17,y2311-C-8200,y2311-C-8200,171.5,0.0,0.0,0.0,10,50.0,0.0,0,171.5,0.0,0.0,0.0,0.0,0.0,10
2023-05-11 09:10:18,y2311-C-8200,y2311-C-8200,171.5,0.0,0.0,0.0,2,50.5,0.0,0,171.5,0.0,0.0,0.0,0.0,0.0,10
2023-05-11 09:10:18,y2311-C-8200,y2311-C-8200,171.5,0.0,0.0,0.0,10,51.0,0.0,0,171.5,0.0,0.0,0.0,0.0,0.0,10
2023-05-11 09:10:19,y2311-C-8200,y2311-C-8200,171.5,0.0,0.0,0.0,2,51.5,0.0,0,171.5,0.0,0.0,0.0,0.0,0.0,10
2023-05-11 09:10:19,y2311-C-8200,y2311-C-8200,171.5,0.0,0.0,0.0,10,52.0,0.0,0,171.5,0.0,0.0,0.0,0.0,0.0,10
2023-05-11 09:10:20,y2311-C-8200,y2311-C-8200,171.5,0.0,0.0,0.0,2,52.5,0.0,0,171.5,0.0,0.0,0.0,0.0,0.0,10
2023-05-11 09:10:20,y2311-C-8200,y2311-C-8200,171.5,0.0,0.0,0.0,10,53.0,0.0,0,171.5,0.0,0.0,0.0,0.0,0.0,10
2023-05-11 09:10:21,y2311-C-8200,y2311-C-8200,171.5,0.0,0.0,0.0,2,53.5,0.0,0,171.5,0.0,0.0,0.0,0.0,0.0,10
2023-05-11 09:10:21,y2311-C-8200,y2311-C-8200,171.5,0.0,0.0,0.0,10,54.0,0.0,0,171.5,0.0,0.0,0.0,0.0,0.0,10
2023-05-11 09:10:22,y2311-C-8200,y2311-C-8200,171.5,0.0,0.0,0.0,2,54.5,0.0,0,171.5,0.0,0.0,0.0,0.0,0.0,10
2023-05-11 09:10:22,y2311-C-8200,y2311-C-8200,171.5,0.0,0.0,0.0,10,55.0,0.0,0,171.5,0.0,0.0,0.0,0.0,0.0,10
2023-05-11 09:10:23,y2311-C-8200,y2311-C-8200,171.5,0.0,0.0,0.0,2,55.5,0.0,0,171.5,0.0,0.0,0.0,0.0,0.0,10
2023-05-11 09:10:23,y2311-C-8200,y2311-C-8200,171.5,0.0,0.0,0.0,10,56.0,0.0,0,171.5,0.0,0.0,0.0,0.0,0.0,10
2023-05-11 09:10:24,y2311-C-8200,y2311-C-8200,171.5,0.0,0.0,0.0,2,56.5,0.0,0,171.5,0.0,0.0,0.0,0.0,0.0,10
2023-05-11 09:10:24,y2311-C-8200,y2311-C-8200,171.5,0.0,0.0,0.0,10,57.0,0.0,0,171.5,0.0,0.0,0.0,0.0,0.0,10
2023-05-11 09:10:26,y2311-C-8200,y2311-C-8200,171.5,0.0,0.0,0.0,2,57.5,0.0,0,171.5,0.0,0.0,0.0,0.0,0.0,10
2023-05-11 09:10:26,y2311-C-8200,y2311-C-8200,171.5,0.0,0.0,0.0,10,58.0,0.0,0,171.5,0.0,0.0,0.0,0.0,0.0,10
2023-05-11 09:10:27,y2311-C-8200,y2311-C-8200,171.5,0.0,0.0,0.0,2,58.5,0.0,0,171.5,0.0,0.0,0.0,0.0,0.0,10
2023-05-11 09:10:27,y2311-C-8200,y2311-C-8200,171.5,0.0,0.0,0.0,12,58.5,0.0,0,171.5,0.0,0.0,0.0,0.0,0.0,10
2023-05-11 09:10:32,y2311-C-8200,y2311-C-8200,171.5,0.0,0.0,0.0,2,58.5,0.0,0,171.5,0.0,0.0,0.0,0.0,0.0,10
2023-05-11 10:12:17,y2311-C-8200,y2311-C-8200,171.5,0.0,0.0,0.0,10,10.5,0.0,0,171.5,0.0,0.0,0.0,0.0,0.0,10
2023-05-11 10:13:17,y2311-C-8200,y2311-C-8200,171.5,0.0,0.0,0.0,1,11.0,0.0,0,171.5,0.0,0.0,0.0,0.0,0.0,10
2023-05-11 10:13:17,y2311-C-8200,y2311-C-8200,171.5,0.0,0.0,0.0,10,11.5,0.0,0,171.5,0.0,0.0,0.0,0.0,0.0,10
2023-05-11 10:14:32,y2311-C-8200,y2311-C-8200,171.5,0.0,0.0,0.0,1,11.0,0.0,0,171.5,0.0,0.0,0.0,0.0,0.0,10
2023-05-11 10:30:07,y2311-C-8200,y2311-C-8200,171.5,0.0,0.0,0.0,10,11.5,0.0,0,171.5,0.0,0.0,0.0,0.0,0.0,10
2023-05-11 10:30:30,y2311-C-8200,y2311-C-8200,171.5,0.0,0.0,0.0,2,12.0,0.0,0,171.5,0.0,0.0,0.0,0.0,0.0,10
2023-05-11 10:30:31,y2311-C-8200,y2311-C-8200,171.5,0.0,0.0,0.0,10,12.5,0.0,0,171.5,0.0,0.0,0.0,0.0,0.0,10
2023-05-11 10:31:17,y2311-C-8200,y2311-C-8200,171.5,0.0,0.0,0.0,2,13.0,0.0,0,171.5,0.0,0.0,0.0,0.0,0.0,10
2023-05-11 10:31:17,y2311-C-8200,y2311-C-8200,171.5,0.0,0.0,0.0,10,13.5,0.0,0,171.5,0.0,0.0,0.0,0.0,0.0,10
2023-05-11 10:31:19,y2311-C-8200,y2311-C-8200,171.5,0.0,0.0,0.0,2,14.0,0.0,0,171.5,0.0,0.0,0.0,0.0,0.0,10
2023-05-11 10:31:19,y2311-C-8200,y2311-C-8200,171.5,0.0,0.0,0.0,10,14.5,0.0,0,171.5,0.0,0.0,0.0,0.0,0.0,10
2023-05-11 10:31:50,y2311-C-8200,y2311-C-8200,171.5,0.0,0.0,0.0,2,15.0,0.0,0,171.5,0.0,0.0,0.0,0.0,0.0,10
2023-05-11 10:31:50,y2311-C-8200,y2311-C-8200,171.5,0.0,0.0,0.0,10,15.5,0.0,0,171.5,0.0,0.0,0.0,0.0,0.0,10
2023-05-11 10:31:55,y2311-C-8200,y2311-C-8200,171.5,0.0,0.0,0.0,2,16.0,0.0,0,171.5,0.0,0.0,0.0,0.0,0.0,10
2023-05-11 10:31:55,y2311-C-8200,y2311-C-8200,171.5,0.0,0.0,0.0,10,16.5,0.0,0,171.5,0.0,0.0,0.0,0.0,0.0,10
2023-05-11 10:32:06,y2311-C-8200,y2311-C-8200,171.5,0.0,0.0,0.0,2,17.0,0.0,0,171.5,0.0,0.0,0.0,0.0,0.0,10
2023-05-11 10:32:06,y2311-C-8200,y2311-C-8200,171.5,0.0,0.0,0.0,10,17.5,0.0,0,171.5,0.0,0.0,0.0,0.0,0.0,10
2023-05-11 10:32:11,y2311-C-8200,y2311-C-8200,171.5,0.0,0.0,0.0,2,18.0,0.0,0,171.5,0.0,0.0,0.0,0.0,0.0,10
2023-05-11 10:32:11,y2311-C-8200,y2311-C-8200,171.5,0.0,0.0,0.0,10,18.5,0.0,0,171.5,0.0,0.0,0.0,0.0,0.0,10
2023-05-11 10:32:15,y2311-C-8200,y2311-C-8200,171.5,0.0,0.0,0.0,2,19.0,0.0,0,171.5,0.0,0.0,0.0,0.0,0.0,10
2023-05-11 10:32:16,y2311-C-8200,y2311-C-8200,171.5,0.0,0.0,0.0,10,19.5,0.0,0,171.5,0.0,0.0,0.0,0.0,0.0,10
2023-05-11 10:32:17,y2311-C-8200,y2311-C-8200,171.5,0.0,0.0,0.0,2,20.0,0.0,0,171.5,0.0,0.0,0.0,0.0,0.0,10
2023-05-11 10:32:17,y2311-C-8200,y2311-C-8200,171.5,0.0,0.0,0.0,10,20.5,0.0,0,171.5,0.0,0.0,0.0,0.0,0.0,10
2023-05-11 10:32:18,y2311-C-8200,y2311-C-8200,171.5,0.0,0.0,0.0,2,21.0,0.0,0,171.5,0.0,0.0,0.0,0.0,0.0,10
2023-05-11 10:32:19,y2311-C-8200,y2311-C-8200,171.5,0.0,0.0,0.0,10,21.5,0.0,0,171.5,0.0,0.0,0.0,0.0,0.0,10
2023-05-11 10:32:20,y2311-C-8200,y2311-C-8200,171.5,0.0,0.0,0.0,2,22.0,0.0,0,171.5,0.0,0.0,0.0,0.0,0.0,10
2023-05-11 10:32:21,y2311-C-8200,y2311-C-8200,171.5,0.0,0.0,0.0,10,22.5,0.0,0,171.5,0.0,0.0,0.0,0.0,0.0,10
2023-05-11 10:32:23,y2311-C-8200,y2311-C-8200,171.5,0.0,0.0,0.0,2,23.0,0.0,0,171.5,0.0,0.0,0.0,0.0,0.0,10
2023-05-11 10:32:23,y2311-C-8200,y2311-C-8200,171.5,0.0,0.0,0.0,10,23.5,0.0,0,171.5,0.0,0.0,0.0,0.0,0.0,10
2023-05-11 10:32:25,y2311-C-8200,y2311-C-8200,171.5,0.0,0.0,0.0,2,24.0,0.0,0,171.5,0.0,0.0,0.0,0.0,0.0,10
2023-05-11 10:32:25,y2311-C-8200,y2311-C-8200,171.5,0.0,0.0,0.0,10,24.5,0.0,0,171.5,0.0,0.0,0.0,0.0,0.0,10
2023-05-11 10:32:27,y2311-C-8200,y2311-C-8200,171.5,0.0,0.0,0.0,2,25.0,0.0,0,171.5,0.0,0.0,0.0,0.0,0.0,10
2023-05-11 10:32:28,y2311-C-8200,y2311-C-8200,171.5,0.0,0.0,0.0,10,25.5,0.0,0,171.5,0.0,0.0,0.0,0.0,0.0,10
2023-05-11 10:32:29,y2311-C-8200,y2311-C-8200,171.5,0.0,0.0,0.0,2,26.0,0.0,0,171.5,0.0,0.0,0.0,0.0,0.0,10
2023-05-11 10:32:29,y2311-C-8200,y2311-C-8200,171.5,0.0,0.0,0.0,10,26.5,0.0,0,171.5,0.0,0.0,0.0,0.0,0.0,10
2023-05-11 10:32:31,y2311-C-8200,y2311-C-8200,171.5,0.0,0.0,0.0,2,27.0,0.0,0,171.5,0.0,0.0,0.0,0.0,0.0,10
2023-05-11 10:32:31,y2311-C-8200,y2311-C-8200,171.5,0.0,0.0,0.0,10,27.5,0.0,0,171.5,0.0,0.0,0.0,0.0,0.0,10
2023-05-11 10:32:33,y2311-C-8200,y2311-C-8200,171.5,0.0,0.0,0.0,2,28.0,0.0,0,171.5,0.0,0.0,0.0,0.0,0.0,10
2023-05-11 10:32:34,y2311-C-8200,y2311-C-8200,171.5,0.0,0.0,0.0,10,28.5,0.0,0,171.5,0.0,0.0,0.0,0.0,0.0,10
2023-05-11 10:32:35,y2311-C-8200,y2311-C-8200,171.5,0.0,0.0,0.0,2,29.0,0.0,0,171.5,0.0,0.0,0.0,0.0,0.0,10
2023-05-11 10:32:35,y2311-C-8200,y2311-C-8200,171.5,0.0,0.0,0.0,10,29.5,0.0,0,171.5,0.0,0.0,0.0,0.0,0.0,10
2023-05-11 10:32:37,y2311-C-8200,y2311-C-8200,171.5,0.0,0.0,0.0,2,30.0,0.0,0,171.5,0.0,0.0,0.0,0.0,0.0,10
2023-05-11 10:32:37,y2311-C-8200,y2311-C-8200,171.5,0.0,0.0,0.0,10,30.5,0.0,0,171.5,0.0,0.0,0.0,0.0,0.0,10
2023-05-11 10:32:39,y2311-C-8200,y2311-C-8200,171.5,0.0,0.0,0.0,2,31.0,0.0,0,171.5,0.0,0.0,0.0,0.0,0.0,10
2023-05-11 10:32:39,y2311-C-8200,y2311-C-8200,171.5,0.0,0.0,0.0,10,31.5,0.0,0,171.5,0.0,0.0,0.0,0.0,0.0,10
2023-05-11 10:32:40,y2311-C-8200,y2311-C-8200,171.5,0.0,0.0,0.0,2,32.0,0.0,0,171.5,0.0,0.0,0.0,0.0,0.0,10
2023-05-11 10:32:40,y2311-C-8200,y2311-C-8200,171.5,0.0,0.0,0.0,10,32.5,0.0,0,171.5,0.0,0.0,0.0,0.0,0.0,10
2023-05-11 10:32:42,y2311-C-8200,y2311-C-8200,171.5,0.0,0.0,0.0,2,33.0,0.0,0,171.5,0.0,0.0,0.0,0.0,0.0,10
2023-05-11 10:32:42,y2311-C-8200,y2311-C-8200,171.5,0.0,0.0,0.0,10,33.5,0.0,0,171.5,0.0,0.0,0.0,0.0,0.0,10
2023-05-11 10:32:43,y2311-C-8200,y2311-C-8200,171.5,0.0,0.0,0.0,2,34.0,0.0,0,171.5,0.0,0.0,0.0,0.0,0.0,10
2023-05-11 10:32:43,y2311-C-8200,y2311-C-8200,171.5,0.0,0.0,0.0,10,34.5,0.0,0,171.5,0.0,0.0,0.0,0.0,0.0,10
2023-05-11 10:32:45,y2311-C-8200,y2311-C-8200,171.5,0.0,0.0,0.0,2,35.0,0.0,0,171.5,0.0,0.0,0.0,0.0,0.0,10
2023-05-11 10:32:45,y2311-C-8200,y2311-C-8200,171.5,0.0,0.0,0.0,10,35.5,0.0,0,171.5,0.0,0.0,0.0,0.0,0.0,10
2023-05-11 10:32:47,y2311-C-8200,y2311-C-8200,171.5,0.0,0.0,0.0,2,36.0,0.0,0,171.5,0.0,0.0,0.0,0.0,0.0,10
2023-05-11 10:32:47,y2311-C-8200,y2311-C-8200,171.5,0.0,0.0,0.0,10,36.5,0.0,0,171.5,0.0,0.0,0.0,0.0,0.0,10
2023-05-11 10:32:48,y2311-C-8200,y2311-C-8200,171.5,0.0,0.0,0.0,2,37.0,0.0,0,171.5,0.0,0.0,0.0,0.0,0.0,10
2023-05-11 10:32:48,y2311-C-8200,y2311-C-8200,171.5,0.0,0.0,0.0,10,37.5,0.0,0,171.5,0.0,0.0,0.0,0.0,0.0,10
2023-05-11 10:32:50,y2311-C-8200,y2311-C-8200,171.5,0.0,0.0,0.0,2,38.0,0.0,0,171.5,0.0,0.0,0.0,0.0,0.0,10
2023-05-11 10:32:51,y2311-C-8200,y2311-C-8200,171.5,0.0,0.0,0.0,12,38.0,0.0,0,171.5,0.0,0.0,0.0,0.0,0.0,10
2023-05-11 10:33:20,y2311-C-8200,y2311-C-8200,171.5,0.0,0.0,0.0,2,38.0,0.0,0,171.5,0.0,0.0,0.0,0.0,0.0,10
2023-05-11 11:04:24,y2311-C-8200,y2311-C-8200,171.5,0.0,0.0,0.0,12,38.0,0.0,0,171.5,0.0,0.0,0.0,0.0,0.0,10
2023-05-11 11:08:25,y2311-C-8200,y2311-C-8200,171.5,0.0,0.0,0.0,2,38.0,0.0,0,171.5,0.0,0.0,0.0,0.0,0.0,10
2023-05-11 11:12:58,y2311-C-8200,y2311-C-8200,171.5,0.0,0.0,0.0,10,38.5,0.0,0,171.5,0.0,0.0,0.0,0.0,0.0,10
2023-05-11 11:12:58,y2311-C-8200,y2311-C-8200,171.5,0.0,0.0,0.0,2,39.0,0.0,0,171.5,0.0,0.0,0.0,0.0,0.0,10
2023-05-11 11:13:27,y2311-C-8200,y2311-C-8200,171.5,0.0,0.0,0.0,10,39.5,0.0,0,171.5,0.0,0.0,0.0,0.0,0.0,10
2023-05-11 11:13:28,y2311-C-8200,y2311-C-8200,171.5,0.0,0.0,0.0,2,40.0,0.0,0,171.5,0.0,0.0,0.0,0.0,0.0,10
2023-05-11 11:13:39,y2311-C-8200,y2311-C-8200,171.5,0.0,0.0,0.0,12,40.0,0.0,0,171.5,0.0,0.0,0.0,0.0,0.0,10
2023-05-11 11:13:50,y2311-C-8200,y2311-C-8200,171.5,0.0,0.0,0.0,2,40.0,0.0,0,171.5,0.0,0.0,0.0,0.0,0.0,10
2023-05-11 11:18:56,y2311-C-8200,y2311-C-8200,171.5,0.0,0.0,0.0,10,40.5,0.0,0,171.5,0.0,0.0,0.0,0.0,0.0,10
2023-05-11 11:18:57,y2311-C-8200,y2311-C-8200,171.5,0.0,0.0,0.0,2,41.0,0.0,0,171.5,0.0,0.0,0.0,0.0,0.0,10
2023-05-11 11:18:57,y2311-C-8200,y2311-C-8200,171.5,0.0,0.0,0.0,12,41.0,0.0,0,171.5,0.0,0.0,0.0,0.0,0.0,10
2023-05-11 11:18:57,y2311-C-8200,y2311-C-8200,171.5,0.0,0.0,0.0,2,41.0,0.0,0,171.5,0.0,0.0,0.0,0.0,0.0,10
2023-05-11 11:26:17,y2311-C-8200,y2311-C-8200,171.5,0.0,0.0,0.0,12,41.0,0.0,0,171.5,0.0,0.0,0.0,0.0,0.0,10
2023-05-11 11:26:19,y2311-C-8200,y2311-C-8200,171.5,0.0,0.0,0.0,2,41.0,0.0,0,171.5,0.0,0.0,0.0,0.0,0.0,10
2023-05-11 11:27:13,y2311-C-8200,y2311-C-8200,171.5,0.0,0.0,0.0,1,11.0,0.0,0,171.5,0.0,0.0,0.0,0.0,0.0,10
2023-05-11 11:27:13,y2311-C-8200,y2311-C-8200,171.5,0.0,0.0,0.0,10,11.5,0.0,0,171.5,0.0,0.0,0.0,0.0,0.0,10
2023-05-11 11:27:35,y2311-C-8200,y2311-C-8200,171.5,0.0,0.0,0.0,1,12.0,0.0,0,171.5,0.0,0.0,0.0,0.0,0.0,10
2023-05-11 11:27:35,y2311-C-8200,y2311-C-8200,171.5,0.0,0.0,0.0,10,12.5,0.0,0,171.5,0.0,0.0,0.0,0.0,0.0,10
2023-05-11 11:29:33,y2311-C-8200,y2311-C-8200,171.5,0.0,0.0,0.0,1,12.0,0.0,0,171.5,0.0,0.0,0.0,0.0,0.0,10
2023-05-11 11:29:40,y2311-C-8200,y2311-C-8200,171.5,0.0,0.0,0.0,1,10.0,0.0,0,171.5,0.0,0.0,0.0,0.0,0.0,10
2023-05-11 13:30:02,y2311-C-8200,y2311-C-8200,171.5,0.0,0.0,0.0,10,10.5,0.0,0,171.5,0.0,0.0,0.0,0.0,0.0,10
2023-05-11 13:31:27,y2311-C-8200,y2311-C-8200,171.5,0.0,0.0,0.0,2,11.0,0.0,0,171.5,0.0,0.0,0.0,0.0,0.0,10
2023-05-11 13:31:27,y2311-C-8200,y2311-C-8200,171.5,0.0,0.0,0.0,10,11.5,0.0,0,171.5,0.0,0.0,0.0,0.0,0.0,10
2023-05-11 13:31:39,y2311-C-8200,y2311-C-8200,171.5,0.0,0.0,0.0,2,12.0,0.0,0,171.5,0.0,0.0,0.0,0.0,0.0,10
2023-05-11 13:31:39,y2311-C-8200,y2311-C-8200,171.5,0.0,0.0,0.0,10,12.5,0.0,0,171.5,0.0,0.0,0.0,0.0,0.0,10
2023-05-11 13:31:47,y2311-C-8200,y2311-C-8200,171.5,0.0,0.0,0.0,2,13.0,0.0,0,171.5,0.0,0.0,0.0,0.0,0.0,10
2023-05-11 13:31:47,y2311-C-8200,y2311-C-8200,171.5,0.0,0.0,0.0,10,13.5,0.0,0,171.5,0.0,0.0,0.0,0.0,0.0,10
2023-05-11 13:31:50,y2311-C-8200,y2311-C-8200,171.5,0.0,0.0,0.0,2,14.0,0.0,0,171.5,0.0,0.0,0.0,0.0,0.0,10
2023-05-11 13:31:50,y2311-C-8200,y2311-C-8200,171.5,0.0,0.0,0.0,10,14.5,0.0,0,171.5,0.0,0.0,0.0,0.0,0.0,10
2023-05-11 13:32:43,y2311-C-8200,y2311-C-8200,171.5,0.0,0.0,0.0,2,15.0,0.0,0,171.5,0.0,0.0,0.0,0.0,0.0,10
2023-05-11 13:32:43,y2311-C-8200,y2311-C-8200,171.5,0.0,0.0,0.0,10,15.5,0.0,0,171.5,0.0,0.0,0.0,0.0,0.0,10
2023-05-11 13:36:23,y2311-C-8200,y2311-C-8200,171.5,0.0,0.0,0.0,2,16.0,0.0,0,171.5,0.0,0.0,0.0,0.0,0.0,10
2023-05-11 13:36:23,y2311-C-8200,y2311-C-8200,171.5,0.0,0.0,0.0,10,16.5,0.0,0,171.5,0.0,0.0,0.0,0.0,0.0,10
2023-05-11 13:36:53,y2311-C-8200,y2311-C-8200,171.5,0.0,0.0,0.0,2,17.0,0.0,0,171.5,0.0,0.0,0.0,0.0,0.0,10
2023-05-11 13:36:53,y2311-C-8200,y2311-C-8200,171.5,0.0,0.0,0.0,10,17.5,0.0,0,171.5,0.0,0.0,0.0,0.0,0.0,10
2023-05-11 13:37:07,y2311-C-8200,y2311-C-8200,171.5,0.0,0.0,0.0,2,18.0,0.0,0,171.5,0.0,0.0,0.0,0.0,0.0,10
2023-05-11 13:37:08,y2311-C-8200,y2311-C-8200,171.5,0.0,0.0,0.0,10,18.5,0.0,0,171.5,0.0,0.0,0.0,0.0,0.0,10
2023-05-11 13:37:22,y2311-C-8200,y2311-C-8200,171.5,0.0,0.0,0.0,2,19.0,0.0,0,171.5,0.0,0.0,0.0,0.0,0.0,10
2023-05-11 13:37:22,y2311-C-8200,y2311-C-8200,171.5,0.0,0.0,0.0,10,19.5,0.0,0,171.5,0.0,0.0,0.0,0.0,0.0,10
2023-05-11 13:38:31,y2311-C-8200,y2311-C-8200,171.5,0.0,0.0,0.0,2,20.0,0.0,0,171.5,0.0,0.0,0.0,0.0,0.0,10
2023-05-11 13:38:31,y2311-C-8200,y2311-C-8200,171.5,0.0,0.0,0.0,10,20.5,0.0,0,171.5,0.0,0.0,0.0,0.0,0.0,10
2023-05-11 13:38:34,y2311-C-8200,y2311-C-8200,171.5,0.0,0.0,0.0,2,21.0,0.0,0,171.5,0.0,0.0,0.0,0.0,0.0,10
2023-05-11 13:38:34,y2311-C-8200,y2311-C-8200,171.5,0.0,0.0,0.0,10,21.5,0.0,0,171.5,0.0,0.0,0.0,0.0,0.0,10
2023-05-11 13:38:36,y2311-C-8200,y2311-C-8200,171.5,0.0,0.0,0.0,2,22.0,0.0,0,171.5,0.0,0.0,0.0,0.0,0.0,10
2023-05-11 13:38:36,y2311-C-8200,y2311-C-8200,171.5,0.0,0.0,0.0,10,22.5,0.0,0,171.5,0.0,0.0,0.0,0.0,0.0,10
2023-05-11 13:38:39,y2311-C-8200,y2311-C-8200,171.5,0.0,0.0,0.0,2,23.0,0.0,0,171.5,0.0,0.0,0.0,0.0,0.0,10
2023-05-11 13:38:39,y2311-C-8200,y2311-C-8200,171.5,0.0,0.0,0.0,10,23.5,0.0,0,171.5,0.0,0.0,0.0,0.0,0.0,10
2023-05-11 13:38:42,y2311-C-8200,y2311-C-8200,171.5,0.0,0.0,0.0,2,24.0,0.0,0,171.5,0.0,0.0,0.0,0.0,0.0,10
2023-05-11 13:38:42,y2311-C-8200,y2311-C-8200,171.5,0.0,0.0,0.0,10,24.5,0.0,0,171.5,0.0,0.0,0.0,0.0,0.0,10
2023-05-11 13:38:45,y2311-C-8200,y2311-C-8200,171.5,0.0,0.0,0.0,2,25.0,0.0,0,171.5,0.0,0.0,0.0,0.0,0.0,10
2023-05-11 13:38:45,y2311-C-8200,y2311-C-8200,171.5,0.0,0.0,0.0,10,25.5,0.0,0,171.5,0.0,0.0,0.0,0.0,0.0,10
2023-05-11 13:38:47,y2311-C-8200,y2311-C-8200,171.5,0.0,0.0,0.0,2,26.0,0.0,0,171.5,0.0,0.0,0.0,0.0,0.0,10
2023-05-11 13:38:47,y2311-C-8200,y2311-C-8200,171.5,0.0,0.0,0.0,10,26.5,0.0,0,171.5,0.0,0.0,0.0,0.0,0.0,10
2023-05-11 13:38:50,y2311-C-8200,y2311-C-8200,171.5,0.0,0.0,0.0,2,27.0,0.0,0,171.5,0.0,0.0,0.0,0.0,0.0,10
2023-05-11 13:38:50,y2311-C-8200,y2311-C-8200,171.5,0.0,0.0,0.0,10,27.5,0.0,0,171.5,0.0,0.0,0.0,0.0,0.0,10
2023-05-11 13:38:52,y2311-C-8200,y2311-C-8200,171.5,0.0,0.0,0.0,2,28.0,0.0,0,171.5,0.0,0.0,0.0,0.0,0.0,10
2023-05-11 13:38:52,y2311-C-8200,y2311-C-8200,171.5,0.0,0.0,0.0,10,28.5,0.0,0,171.5,0.0,0.0,0.0,0.0,0.0,10
2023-05-11 13:38:54,y2311-C-8200,y2311-C-8200,171.5,0.0,0.0,0.0,2,29.0,0.0,0,171.5,0.0,0.0,0.0,0.0,0.0,10
2023-05-11 13:38:54,y2311-C-8200,y2311-C-8200,171.5,0.0,0.0,0.0,10,29.5,0.0,0,171.5,0.0,0.0,0.0,0.0,0.0,10
2023-05-11 13:38:55,y2311-C-8200,y2311-C-8200,171.5,0.0,0.0,0.0,2,30.0,0.0,0,171.5,0.0,0.0,0.0,0.0,0.0,10
2023-05-11 13:38:55,y2311-C-8200,y2311-C-8200,171.5,0.0,0.0,0.0,10,30.5,0.0,0,171.5,0.0,0.0,0.0,0.0,0.0,10
2023-05-11 13:38:57,y2311-C-8200,y2311-C-8200,171.5,0.0,0.0,0.0,2,31.0,0.0,0,171.5,0.0,0.0,0.0,0.0,0.0,10
2023-05-11 13:38:57,y2311-C-8200,y2311-C-8200,171.5,0.0,0.0,0.0,10,31.5,0.0,0,171.5,0.0,0.0,0.0,0.0,0.0,10
2023-05-11 13:38:58,y2311-C-8200,y2311-C-8200,171.5,0.0,0.0,0.0,2,32.0,0.0,0,171.5,0.0,0.0,0.0,0.0,0.0,10
2023-05-11 13:38:59,y2311-C-8200,y2311-C-8200,171.5,0.0,0.0,0.0,10,32.5,0.0,0,171.5,0.0,0.0,0.0,0.0,0.0,10
2023-05-11 13:39:00,y2311-C-8200,y2311-C-8200,171.5,0.0,0.0,0.0,2,33.0,0.0,0,171.5,0.0,0.0,0.0,0.0,0.0,10
2023-05-11 13:39:00,y2311-C-8200,y2311-C-8200,171.5,0.0,0.0,0.0,10,33.5,0.0,0,171.5,0.0,0.0,0.0,0.0,0.0,10
2023-05-11 13:39:01,y2311-C-8200,y2311-C-8200,171.5,0.0,0.0,0.0,2,34.0,0.0,0,171.5,0.0,0.0,0.0,0.0,0.0,10
2023-05-11 13:39:02,y2311-C-8200,y2311-C-8200,171.5,0.0,0.0,0.0,10,34.5,0.0,0,171.5,0.0,0.0,0.0,0.0,0.0,10
2023-05-11 13:39:02,y2311-C-8200,y2311-C-8200,171.5,0.0,0.0,0.0,2,35.0,0.0,0,171.5,0.0,0.0,0.0,0.0,0.0,10
2023-05-11 13:39:03,y2311-C-8200,y2311-C-8200,171.5,0.0,0.0,0.0,10,35.5,0.0,0,171.5,0.0,0.0,0.0,0.0,0.0,10
2023-05-11 13:39:04,y2311-C-8200,y2311-C-8200,171.5,0.0,0.0,0.0,2,36.0,0.0,0,171.5,0.0,0.0,0.0,0.0,0.0,10
2023-05-11 13:39:05,y2311-C-8200,y2311-C-8200,171.5,0.0,0.0,0.0,10,36.5,0.0,0,171.5,0.0,0.0,0.0,0.0,0.0,10
2023-05-11 13:39:06,y2311-C-8200,y2311-C-8200,171.5,0.0,0.0,0.0,2,37.0,0.0,0,171.5,0.0,0.0,0.0,0.0,0.0,10
2023-05-11 13:39:06,y2311-C-8200,y2311-C-8200,171.5,0.0,0.0,0.0,10,37.5,0.0,0,171.5,0.0,0.0,0.0,0.0,0.0,10
2023-05-11 13:39:07,y2311-C-8200,y2311-C-8200,171.5,0.0,0.0,0.0,2,38.0,0.0,0,171.5,0.0,0.0,0.0,0.0,0.0,10
2023-05-11 13:39:08,y2311-C-8200,y2311-C-8200,171.5,0.0,0.0,0.0,12,38.0,0.0,0,171.5,0.0,0.0,0.0,0.0,0.0,10
2023-05-11 13:52:17,y2311-C-8200,y2311-C-8200,171.5,0.0,0.0,0.0,1,104.0,134.0,1,171.5,0.0,0.0,0.0,0.0,0.0,10
2023-05-11 13:52:18,y2311-C-8200,y2311-C-8200,171.5,0.0,0.0,0.0,2,104.0,134.0,2,171.5,0.0,0.0,0.0,0.0,0.0,10
2023-05-11 13:52:19,y2311-C-8200,y2311-C-8200,171.5,0.0,0.0,0.0,2,104.0,125.0,1,171.5,0.0,0.0,0.0,0.0,0.0,10
2023-05-11 13:52:25,y2311-C-8200,y2311-C-8200,171.5,0.0,0.0,0.0,1,104.5,125.0,1,171.5,0.0,0.0,0.0,0.0,0.0,10
2023-05-11 13:52:31,y2311-C-8200,y2311-C-8200,171.5,0.0,0.0,0.0,1,104.5,129.5,1,171.5,0.0,0.0,0.0,0.0,0.0,10
2023-05-11 13:52:35,y2311-C-8200,y2311-C-8200,171.5,0.0,0.0,0.0,1,104.5,132.0,1,171.5,0.0,0.0,0.0,0.0,0.0,10
2023-05-11 13:52:36,y2311-C-8200,y2311-C-8200,171.5,0.0,0.0,0.0,1,103.5,132.0,1,171.5,0.0,0.0,0.0,0.0,0.0,10
2023-05-11 13:52:37,y2311-C-8200,y2311-C-8200,171.5,0.0,0.0,0.0,10,10.5,0.0,0,171.5,0.0,0.0,0.0,0.0,0.0,10
2023-05-11 13:52:38,y2311-C-8200,y2311-C-8200,171.5,0.0,0.0,0.0,2,17.0,0.0,0,171.5,0.0,0.0,0.0,0.0,0.0,10
2023-05-11 13:52:39,y2311-C-8200,y2311-C-8200,171.5,0.0,0.0,0.0,10,17.5,0.0,0,171.5,0.0,0.0,0.0,0.0,0.0,10
2023-05-11 13:52:40,y2311-C-8200,y2311-C-8200,171.5,0.0,0.0,0.0,2,24.0,0.0,0,171.5,0.0,0.0,0.0,0.0,0.0,10
2023-05-11 13:52:40,y2311-C-8200,y2311-C-8200,171.5,0.0,0.0,0.0,10,24.5,0.0,0,171.5,0.0,0.0,0.0,0.0,0.0,10
2023-05-11 13:52:41,y2311-C-8200,y2311-C-8200,171.5,0.0,0.0,0.0,2,31.0,0.0,0,171.5,0.0,0.0,0.0,0.0,0.0,10
2023-05-11 13:52:41,y2311-C-8200,y2311-C-8200,171.5,0.0,0.0,0.0,10,31.5,0.0,0,171.5,0.0,0.0,0.0,0.0,0.0,10
2023-05-11 13:52:43,y2311-C-8200,y2311-C-8200,171.5,0.0,0.0,0.0,2,32.0,0.0,0,171.5,0.0,0.0,0.0,0.0,0.0,10
2023-05-11 13:52:43,y2311-C-8200,y2311-C-8200,171.5,0.0,0.0,0.0,10,32.5,0.0,0,171.5,0.0,0.0,0.0,0.0,0.0,10
2023-05-11 13:52:44,y2311-C-8200,y2311-C-8200,171.5,0.0,0.0,0.0,2,33.0,0.0,0,171.5,0.0,0.0,0.0,0.0,0.0,10
2023-05-11 13:52:44,y2311-C-8200,y2311-C-8200,171.5,0.0,0.0,0.0,10,33.5,0.0,0,171.5,0.0,0.0,0.0,0.0,0.0,10
2023-05-11 13:52:45,y2311-C-8200,y2311-C-8200,171.5,0.0,0.0,0.0,2,34.0,0.0,0,171.5,0.0,0.0,0.0,0.0,0.0,10
2023-05-11 13:52:46,y2311-C-8200,y2311-C-8200,171.5,0.0,0.0,0.0,10,34.5,0.0,0,171.5,0.0,0.0,0.0,0.0,0.0,10
2023-05-11 13:52:47,y2311-C-8200,y2311-C-8200,171.5,0.0,0.0,0.0,2,35.0,0.0,0,171.5,0.0,0.0,0.0,0.0,0.0,10
2023-05-11 13:52:47,y2311-C-8200,y2311-C-8200,171.5,0.0,0.0,0.0,10,35.5,0.0,0,171.5,0.0,0.0,0.0,0.0,0.0,10
2023-05-11 13:52:48,y2311-C-8200,y2311-C-8200,171.5,0.0,0.0,0.0,2,36.0,0.0,0,171.5,0.0,0.0,0.0,0.0,0.0,10
2023-05-11 13:52:49,y2311-C-8200,y2311-C-8200,171.5,0.0,0.0,0.0,10,36.5,0.0,0,171.5,0.0,0.0,0.0,0.0,0.0,10
2023-05-11 13:52:50,y2311-C-8200,y2311-C-8200,171.5,0.0,0.0,0.0,2,37.0,0.0,0,171.5,0.0,0.0,0.0,0.0,0.0,10
2023-05-11 13:52:50,y2311-C-8200,y2311-C-8200,171.5,0.0,0.0,0.0,10,37.5,0.0,0,171.5,0.0,0.0,0.0,0.0,0.0,10
2023-05-11 13:52:51,y2311-C-8200,y2311-C-8200,171.5,0.0,0.0,0.0,2,38.0,0.0,0,171.5,0.0,0.0,0.0,0.0,0.0,10
2023-05-11 13:52:51,y2311-C-8200,y2311-C-8200,171.5,0.0,0.0,0.0,10,38.5,0.0,0,171.5,0.0,0.0,0.0,0.0,0.0,10
2023-05-11 13:52:52,y2311-C-8200,y2311-C-8200,171.5,0.0,0.0,0.0,2,39.0,0.0,0,171.5,0.0,0.0,0.0,0.0,0.0,10
2023-05-11 13:52:52,y2311-C-8200,y2311-C-8200,171.5,0.0,0.0,0.0,10,39.5,0.0,0,171.5,0.0,0.0,0.0,0.0,0.0,10
2023-05-11 13:52:54,y2311-C-8200,y2311-C-8200,171.5,0.0,0.0,0.0,2,40.0,0.0,0,171.5,0.0,0.0,0.0,0.0,0.0,10
2023-05-11 13:52:54,y2311-C-8200,y2311-C-8200,171.5,0.0,0.0,0.0,10,40.5,0.0,0,171.5,0.0,0.0,0.0,0.0,0.0,10
2023-05-11 13:52:55,y2311-C-8200,y2311-C-8200,171.5,0.0,0.0,0.0,2,41.0,0.0,0,171.5,0.0,0.0,0.0,0.0,0.0,10
2023-05-11 13:52:55,y2311-C-8200,y2311-C-8200,171.5,0.0,0.0,0.0,10,41.5,0.0,0,171.5,0.0,0.0,0.0,0.0,0.0,10
2023-05-11 13:52:56,y2311-C-8200,y2311-C-8200,171.5,0.0,0.0,0.0,2,42.0,0.0,0,171.5,0.0,0.0,0.0,0.0,0.0,10
2023-05-11 13:55:50,y2311-C-8200,y2311-C-8200,171.5,0.0,0.0,0.0,12,42.0,0.0,0,171.5,0.0,0.0,0.0,0.0,0.0,10
2023-05-11 13:55:58,y2311-C-8200,y2311-C-8200,171.5,0.0,0.0,0.0,2,42.0,0.0,0,171.5,0.0,0.0,0.0,0.0,0.0,10
2023-05-11 13:56:07,y2311-C-8200,y2311-C-8200,171.5,0.0,0.0,0.0,12,42.0,0.0,0,171.5,0.0,0.0,0.0,0.0,0.0,10
2023-05-11 13:56:10,y2311-C-8200,y2311-C-8200,171.5,0.0,0.0,0.0,2,42.0,0.0,0,171.5,0.0,0.0,0.0,0.0,0.0,10
2023-05-11 13:56:33,y2311-C-8200,y2311-C-8200,171.5,0.0,0.0,0.0,12,42.0,0.0,0,171.5,0.0,0.0,0.0,0.0,0.0,10
2023-05-11 13:56:38,y2311-C-8200,y2311-C-8200,171.5,0.0,0.0,0.0,2,42.0,0.0,0,171.5,0.0,0.0,0.0,0.0,0.0,10
2023-05-11 13:59:02,y2311-C-8200,y2311-C-8200,171.5,0.0,0.0,0.0,12,42.0,0.0,0,171.5,0.0,0.0,0.0,0.0,0.0,10
2023-05-11 13:59:07,y2311-C-8200,y2311-C-8200,171.5,0.0,0.0,0.0,2,42.0,0.0,0,171.5,0.0,0.0,0.0,0.0,0.0,10
2023-05-11 13:59:36,y2311-C-8200,y2311-C-8200,171.5,0.0,0.0,0.0,12,42.0,0.0,0,171.5,0.0,0.0,0.0,0.0,0.0,10
2023-05-11 13:59:45,y2311-C-8200,y2311-C-8200,171.5,0.0,0.0,0.0,2,42.0,0.0,0,171.5,0.0,0.0,0.0,0.0,0.0,10
2023-05-11 13:59:45,y2311-C-8200,y2311-C-8200,171.5,0.0,0.0,0.0,12,42.0,0.0,0,171.5,0.0,0.0,0.0,0.0,0.0,10
2023-05-11 13:59:46,y2311-C-8200,y2311-C-8200,171.5,0.0,0.0,0.0,2,42.0,0.0,0,171.5,0.0,0.0,0.0,0.0,0.0,10
2023-05-11 13:59:52,y2311-C-8200,y2311-C-8200,171.5,0.0,0.0,0.0,12,42.0,0.0,0,171.5,0.0,0.0,0.0,0.0,0.0,10
2023-05-11 14:00:53,y2311-C-8200,y2311-C-8200,171.5,0.0,0.0,0.0,2,42.0,0.0,0,171.5,0.0,0.0,0.0,0.0,0.0,10
2023-05-11 14:07:55,y2311-C-8200,y2311-C-8200,171.5,0.0,0.0,0.0,12,42.0,0.0,0,171.5,0.0,0.0,0.0,0.0,0.0,10
2023-05-11 14:08:53,y2311-C-8200,y2311-C-8200,171.5,0.0,0.0,0.0,2,42.0,0.0,0,171.5,0.0,0.0,0.0,0.0,0.0,10
2023-05-11 14:08:53,y2311-C-8200,y2311-C-8200,171.5,0.0,0.0,0.0,12,42.0,0.0,0,171.5,0.0,0.0,0.0,0.0,0.0,10
2023-05-11 14:09:07,y2311-C-8200,y2311-C-8200,171.5,0.0,0.0,0.0,2,42.0,0.0,0,171.5,0.0,0.0,0.0,0.0,0.0,10
2023-05-11 14:09:18,y2311-C-8200,y2311-C-8200,171.5,0.0,0.0,0.0,12,42.0,0.0,0,171.5,0.0,0.0,0.0,0.0,0.0,10
2023-05-11 14:11:07,y2311-C-8200,y2311-C-8200,171.5,0.0,0.0,0.0,2,42.0,0.0,0,171.5,0.0,0.0,0.0,0.0,0.0,10
2023-05-11 15:01:10,y2311-C-8200,y2311-C-8200,171.5,0.0,0.0,0.0,2,42.0,0.0,0,171.5,0.0,0.0,0.0,0.0,0.0,10
