time,symbol_id,symbol_name,last,trade_volume,trade_amount,open_interest_change,bv1,bp1,ap1,av1,yesterday_close,today_open,today_high,today_low,volume,amount,open_interest
2023-05-10 21:00:44,y2311-P-7800,y2311-P-7800,518.5,0.0,0.0,0.0,10,194.0,0.0,0,518.5,0.0,0.0,0.0,0.0,0.0,10
2023-05-10 21:01:04,y2311-P-7800,y2311-P-7800,518.5,0.0,0.0,0.0,1,197.5,0.0,0,518.5,0.0,0.0,0.0,0.0,0.0,10
2023-05-10 21:01:04,y2311-P-7800,y2311-P-7800,518.5,0.0,0.0,0.0,10,198.0,0.0,0,518.5,0.0,0.0,0.0,0.0,0.0,10
2023-05-10 21:02:42,y2311-P-7800,y2311-P-7800,518.5,0.0,0.0,0.0,1,198.5,0.0,0,518.5,0.0,0.0,0.0,0.0,0.0,10
2023-05-10 21:02:42,y2311-P-7800,y2311-P-7800,518.5,0.0,0.0,0.0,10,199.0,0.0,0,518.5,0.0,0.0,0.0,0.0,0.0,10
2023-05-10 21:04:52,y2311-P-7800,y2311-P-7800,518.5,0.0,0.0,0.0,2,199.5,0.0,0,518.5,0.0,0.0,0.0,0.0,0.0,10
2023-05-10 21:04:52,y2311-P-7800,y2311-P-7800,518.5,0.0,0.0,0.0,10,200.0,0.0,0,518.5,0.0,0.0,0.0,0.0,0.0,10
2023-05-10 21:13:04,y2311-P-7800,y2311-P-7800,518.5,0.0,0.0,0.0,2,200.5,0.0,0,518.5,0.0,0.0,0.0,0.0,0.0,10
2023-05-10 21:13:04,y2311-P-7800,y2311-P-7800,518.5,0.0,0.0,0.0,10,201.0,0.0,0,518.5,0.0,0.0,0.0,0.0,0.0,10
2023-05-10 21:13:10,y2311-P-7800,y2311-P-7800,518.5,0.0,0.0,0.0,2,201.5,0.0,0,518.5,0.0,0.0,0.0,0.0,0.0,10
2023-05-10 21:13:10,y2311-P-7800,y2311-P-7800,518.5,0.0,0.0,0.0,10,202.0,0.0,0,518.5,0.0,0.0,0.0,0.0,0.0,10
2023-05-10 21:13:27,y2311-P-7800,y2311-P-7800,518.5,0.0,0.0,0.0,2,202.5,0.0,0,518.5,0.0,0.0,0.0,0.0,0.0,10
2023-05-10 21:13:27,y2311-P-7800,y2311-P-7800,518.5,0.0,0.0,0.0,10,203.0,0.0,0,518.5,0.0,0.0,0.0,0.0,0.0,10
2023-05-10 21:13:32,y2311-P-7800,y2311-P-7800,518.5,0.0,0.0,0.0,2,203.5,0.0,0,518.5,0.0,0.0,0.0,0.0,0.0,10
2023-05-10 21:13:32,y2311-P-7800,y2311-P-7800,518.5,0.0,0.0,0.0,10,204.0,0.0,0,518.5,0.0,0.0,0.0,0.0,0.0,10
2023-05-10 21:13:33,y2311-P-7800,y2311-P-7800,518.5,0.0,0.0,0.0,2,204.5,0.0,0,518.5,0.0,0.0,0.0,0.0,0.0,10
2023-05-10 21:13:33,y2311-P-7800,y2311-P-7800,518.5,0.0,0.0,0.0,10,205.0,0.0,0,518.5,0.0,0.0,0.0,0.0,0.0,10
2023-05-10 21:13:35,y2311-P-7800,y2311-P-7800,518.5,0.0,0.0,0.0,2,205.5,0.0,0,518.5,0.0,0.0,0.0,0.0,0.0,10
2023-05-10 21:13:35,y2311-P-7800,y2311-P-7800,518.5,0.0,0.0,0.0,10,206.0,0.0,0,518.5,0.0,0.0,0.0,0.0,0.0,10
2023-05-10 21:13:38,y2311-P-7800,y2311-P-7800,518.5,0.0,0.0,0.0,2,206.5,0.0,0,518.5,0.0,0.0,0.0,0.0,0.0,10
2023-05-10 21:13:38,y2311-P-7800,y2311-P-7800,518.5,0.0,0.0,0.0,10,207.0,0.0,0,518.5,0.0,0.0,0.0,0.0,0.0,10
2023-05-10 21:13:40,y2311-P-7800,y2311-P-7800,518.5,0.0,0.0,0.0,2,207.5,0.0,0,518.5,0.0,0.0,0.0,0.0,0.0,10
2023-05-10 21:13:40,y2311-P-7800,y2311-P-7800,518.5,0.0,0.0,0.0,10,208.0,0.0,0,518.5,0.0,0.0,0.0,0.0,0.0,10
2023-05-10 21:13:42,y2311-P-7800,y2311-P-7800,518.5,0.0,0.0,0.0,2,208.5,0.0,0,518.5,0.0,0.0,0.0,0.0,0.0,10
2023-05-10 21:13:42,y2311-P-7800,y2311-P-7800,518.5,0.0,0.0,0.0,10,209.0,0.0,0,518.5,0.0,0.0,0.0,0.0,0.0,10
2023-05-10 21:13:49,y2311-P-7800,y2311-P-7800,518.5,0.0,0.0,0.0,2,209.5,0.0,0,518.5,0.0,0.0,0.0,0.0,0.0,10
2023-05-10 21:13:49,y2311-P-7800,y2311-P-7800,518.5,0.0,0.0,0.0,10,210.0,0.0,0,518.5,0.0,0.0,0.0,0.0,0.0,10
2023-05-10 21:17:06,y2311-P-7800,y2311-P-7800,518.5,0.0,0.0,0.0,2,210.5,0.0,0,518.5,0.0,0.0,0.0,0.0,0.0,10
2023-05-10 21:17:06,y2311-P-7800,y2311-P-7800,518.5,0.0,0.0,0.0,10,211.0,0.0,0,518.5,0.0,0.0,0.0,0.0,0.0,10
2023-05-10 21:17:13,y2311-P-7800,y2311-P-7800,518.5,0.0,0.0,0.0,2,211.5,0.0,0,518.5,0.0,0.0,0.0,0.0,0.0,10
2023-05-10 21:17:13,y2311-P-7800,y2311-P-7800,518.5,0.0,0.0,0.0,10,212.0,0.0,0,518.5,0.0,0.0,0.0,0.0,0.0,10
2023-05-10 21:17:15,y2311-P-7800,y2311-P-7800,518.5,0.0,0.0,0.0,2,212.5,0.0,0,518.5,0.0,0.0,0.0,0.0,0.0,10
2023-05-10 21:17:15,y2311-P-7800,y2311-P-7800,518.5,0.0,0.0,0.0,10,213.0,0.0,0,518.5,0.0,0.0,0.0,0.0,0.0,10
2023-05-10 21:17:18,y2311-P-7800,y2311-P-7800,518.5,0.0,0.0,0.0,2,213.5,0.0,0,518.5,0.0,0.0,0.0,0.0,0.0,10
2023-05-10 21:17:18,y2311-P-7800,y2311-P-7800,518.5,0.0,0.0,0.0,10,214.0,0.0,0,518.5,0.0,0.0,0.0,0.0,0.0,10
2023-05-10 21:17:21,y2311-P-7800,y2311-P-7800,518.5,0.0,0.0,0.0,2,214.5,0.0,0,518.5,0.0,0.0,0.0,0.0,0.0,10
2023-05-10 21:17:21,y2311-P-7800,y2311-P-7800,518.5,0.0,0.0,0.0,10,215.0,0.0,0,518.5,0.0,0.0,0.0,0.0,0.0,10
2023-05-10 21:17:24,y2311-P-7800,y2311-P-7800,518.5,0.0,0.0,0.0,2,215.5,0.0,0,518.5,0.0,0.0,0.0,0.0,0.0,10
2023-05-10 21:17:24,y2311-P-7800,y2311-P-7800,518.5,0.0,0.0,0.0,10,216.0,0.0,0,518.5,0.0,0.0,0.0,0.0,0.0,10
2023-05-10 21:17:30,y2311-P-7800,y2311-P-7800,518.5,0.0,0.0,0.0,2,216.5,0.0,0,518.5,0.0,0.0,0.0,0.0,0.0,10
2023-05-10 21:17:30,y2311-P-7800,y2311-P-7800,518.5,0.0,0.0,0.0,10,217.0,0.0,0,518.5,0.0,0.0,0.0,0.0,0.0,10
2023-05-10 21:17:33,y2311-P-7800,y2311-P-7800,518.5,0.0,0.0,0.0,2,217.5,0.0,0,518.5,0.0,0.0,0.0,0.0,0.0,10
2023-05-10 21:17:33,y2311-P-7800,y2311-P-7800,518.5,0.0,0.0,0.0,10,218.0,0.0,0,518.5,0.0,0.0,0.0,0.0,0.0,10
2023-05-10 21:17:35,y2311-P-7800,y2311-P-7800,518.5,0.0,0.0,0.0,2,218.5,0.0,0,518.5,0.0,0.0,0.0,0.0,0.0,10
2023-05-10 21:17:35,y2311-P-7800,y2311-P-7800,518.5,0.0,0.0,0.0,10,219.0,0.0,0,518.5,0.0,0.0,0.0,0.0,0.0,10
2023-05-10 21:17:37,y2311-P-7800,y2311-P-7800,518.5,0.0,0.0,0.0,2,219.5,0.0,0,518.5,0.0,0.0,0.0,0.0,0.0,10
2023-05-10 21:17:37,y2311-P-7800,y2311-P-7800,518.5,0.0,0.0,0.0,10,220.0,0.0,0,518.5,0.0,0.0,0.0,0.0,0.0,10
2023-05-10 21:17:38,y2311-P-7800,y2311-P-7800,518.5,0.0,0.0,0.0,2,220.5,0.0,0,518.5,0.0,0.0,0.0,0.0,0.0,10
2023-05-10 21:17:38,y2311-P-7800,y2311-P-7800,518.5,0.0,0.0,0.0,10,221.0,0.0,0,518.5,0.0,0.0,0.0,0.0,0.0,10
2023-05-10 21:17:40,y2311-P-7800,y2311-P-7800,518.5,0.0,0.0,0.0,2,221.5,0.0,0,518.5,0.0,0.0,0.0,0.0,0.0,10
2023-05-10 21:17:40,y2311-P-7800,y2311-P-7800,518.5,0.0,0.0,0.0,10,222.0,0.0,0,518.5,0.0,0.0,0.0,0.0,0.0,10
2023-05-10 21:17:41,y2311-P-7800,y2311-P-7800,518.5,0.0,0.0,0.0,2,222.5,0.0,0,518.5,0.0,0.0,0.0,0.0,0.0,10
2023-05-10 21:17:41,y2311-P-7800,y2311-P-7800,518.5,0.0,0.0,0.0,10,223.0,0.0,0,518.5,0.0,0.0,0.0,0.0,0.0,10
2023-05-10 21:17:44,y2311-P-7800,y2311-P-7800,518.5,0.0,0.0,0.0,2,223.5,0.0,0,518.5,0.0,0.0,0.0,0.0,0.0,10
2023-05-10 21:17:44,y2311-P-7800,y2311-P-7800,518.5,0.0,0.0,0.0,10,224.0,0.0,0,518.5,0.0,0.0,0.0,0.0,0.0,10
2023-05-10 21:17:45,y2311-P-7800,y2311-P-7800,518.5,0.0,0.0,0.0,2,224.5,0.0,0,518.5,0.0,0.0,0.0,0.0,0.0,10
2023-05-10 21:17:45,y2311-P-7800,y2311-P-7800,518.5,0.0,0.0,0.0,10,225.0,0.0,0,518.5,0.0,0.0,0.0,0.0,0.0,10
2023-05-10 22:57:33,y2311-P-7800,y2311-P-7800,518.5,0.0,0.0,0.0,1,198.5,0.0,0,518.5,0.0,0.0,0.0,0.0,0.0,10
2023-05-11 09:00:26,y2311-P-7800,y2311-P-7800,518.5,0.0,0.0,0.0,10,199.0,0.0,0,518.5,0.0,0.0,0.0,0.0,0.0,10
2023-05-11 09:00:41,y2311-P-7800,y2311-P-7800,518.5,0.0,0.0,0.0,1,202.5,0.0,0,518.5,0.0,0.0,0.0,0.0,0.0,10
2023-05-11 09:00:41,y2311-P-7800,y2311-P-7800,518.5,0.0,0.0,0.0,10,203.0,0.0,0,518.5,0.0,0.0,0.0,0.0,0.0,10
2023-05-11 09:02:38,y2311-P-7800,y2311-P-7800,518.5,0.0,0.0,0.0,2,203.5,0.0,0,518.5,0.0,0.0,0.0,0.0,0.0,10
2023-05-11 09:02:38,y2311-P-7800,y2311-P-7800,518.5,0.0,0.0,0.0,10,204.0,0.0,0,518.5,0.0,0.0,0.0,0.0,0.0,10
2023-05-11 09:04:40,y2311-P-7800,y2311-P-7800,518.5,0.0,0.0,0.0,2,204.5,0.0,0,518.5,0.0,0.0,0.0,0.0,0.0,10
2023-05-11 09:04:40,y2311-P-7800,y2311-P-7800,518.5,0.0,0.0,0.0,10,205.0,0.0,0,518.5,0.0,0.0,0.0,0.0,0.0,10
2023-05-11 09:09:41,y2311-P-7800,y2311-P-7800,518.5,0.0,0.0,0.0,2,205.5,0.0,0,518.5,0.0,0.0,0.0,0.0,0.0,10
2023-05-11 09:09:41,y2311-P-7800,y2311-P-7800,518.5,0.0,0.0,0.0,10,206.0,0.0,0,518.5,0.0,0.0,0.0,0.0,0.0,10
2023-05-11 09:09:59,y2311-P-7800,y2311-P-7800,518.5,0.0,0.0,0.0,2,206.5,0.0,0,518.5,0.0,0.0,0.0,0.0,0.0,10
2023-05-11 09:10:00,y2311-P-7800,y2311-P-7800,518.5,0.0,0.0,0.0,10,207.0,0.0,0,518.5,0.0,0.0,0.0,0.0,0.0,10
2023-05-11 09:10:03,y2311-P-7800,y2311-P-7800,518.5,0.0,0.0,0.0,2,207.5,0.0,0,518.5,0.0,0.0,0.0,0.0,0.0,10
2023-05-11 09:10:03,y2311-P-7800,y2311-P-7800,518.5,0.0,0.0,0.0,10,208.0,0.0,0,518.5,0.0,0.0,0.0,0.0,0.0,10
2023-05-11 09:10:04,y2311-P-7800,y2311-P-7800,518.5,0.0,0.0,0.0,2,208.5,0.0,0,518.5,0.0,0.0,0.0,0.0,0.0,10
2023-05-11 09:10:05,y2311-P-7800,y2311-P-7800,518.5,0.0,0.0,0.0,10,209.0,0.0,0,518.5,0.0,0.0,0.0,0.0,0.0,10
2023-05-11 09:10:07,y2311-P-7800,y2311-P-7800,518.5,0.0,0.0,0.0,2,209.5,0.0,0,518.5,0.0,0.0,0.0,0.0,0.0,10
2023-05-11 09:10:07,y2311-P-7800,y2311-P-7800,518.5,0.0,0.0,0.0,10,210.0,0.0,0,518.5,0.0,0.0,0.0,0.0,0.0,10
2023-05-11 09:10:10,y2311-P-7800,y2311-P-7800,518.5,0.0,0.0,0.0,2,210.5,0.0,0,518.5,0.0,0.0,0.0,0.0,0.0,10
2023-05-11 09:10:10,y2311-P-7800,y2311-P-7800,518.5,0.0,0.0,0.0,10,211.0,0.0,0,518.5,0.0,0.0,0.0,0.0,0.0,10
2023-05-11 09:10:11,y2311-P-7800,y2311-P-7800,518.5,0.0,0.0,0.0,2,211.5,0.0,0,518.5,0.0,0.0,0.0,0.0,0.0,10
2023-05-11 09:10:12,y2311-P-7800,y2311-P-7800,518.5,0.0,0.0,0.0,10,212.0,0.0,0,518.5,0.0,0.0,0.0,0.0,0.0,10
2023-05-11 09:10:13,y2311-P-7800,y2311-P-7800,518.5,0.0,0.0,0.0,2,212.5,0.0,0,518.5,0.0,0.0,0.0,0.0,0.0,10
2023-05-11 09:10:13,y2311-P-7800,y2311-P-7800,518.5,0.0,0.0,0.0,10,213.0,0.0,0,518.5,0.0,0.0,0.0,0.0,0.0,10
2023-05-11 09:10:14,y2311-P-7800,y2311-P-7800,518.5,0.0,0.0,0.0,2,213.5,0.0,0,518.5,0.0,0.0,0.0,0.0,0.0,10
2023-05-11 09:10:14,y2311-P-7800,y2311-P-7800,518.5,0.0,0.0,0.0,10,214.0,0.0,0,518.5,0.0,0.0,0.0,0.0,0.0,10
2023-05-11 09:10:17,y2311-P-7800,y2311-P-7800,518.5,0.0,0.0,0.0,2,214.5,0.0,0,518.5,0.0,0.0,0.0,0.0,0.0,10
2023-05-11 09:10:17,y2311-P-7800,y2311-P-7800,518.5,0.0,0.0,0.0,10,215.0,0.0,0,518.5,0.0,0.0,0.0,0.0,0.0,10
2023-05-11 09:10:19,y2311-P-7800,y2311-P-7800,518.5,0.0,0.0,0.0,2,215.5,0.0,0,518.5,0.0,0.0,0.0,0.0,0.0,10
2023-05-11 09:10:19,y2311-P-7800,y2311-P-7800,518.5,0.0,0.0,0.0,10,216.0,0.0,0,518.5,0.0,0.0,0.0,0.0,0.0,10
2023-05-11 09:10:20,y2311-P-7800,y2311-P-7800,518.5,0.0,0.0,0.0,2,216.5,0.0,0,518.5,0.0,0.0,0.0,0.0,0.0,10
2023-05-11 09:10:21,y2311-P-7800,y2311-P-7800,518.5,0.0,0.0,0.0,10,217.0,0.0,0,518.5,0.0,0.0,0.0,0.0,0.0,10
2023-05-11 09:10:22,y2311-P-7800,y2311-P-7800,518.5,0.0,0.0,0.0,2,217.5,0.0,0,518.5,0.0,0.0,0.0,0.0,0.0,10
2023-05-11 09:10:22,y2311-P-7800,y2311-P-7800,518.5,0.0,0.0,0.0,10,218.0,0.0,0,518.5,0.0,0.0,0.0,0.0,0.0,10
2023-05-11 09:10:23,y2311-P-7800,y2311-P-7800,518.5,0.0,0.0,0.0,2,218.5,0.0,0,518.5,0.0,0.0,0.0,0.0,0.0,10
2023-05-11 09:10:23,y2311-P-7800,y2311-P-7800,518.5,0.0,0.0,0.0,10,219.0,0.0,0,518.5,0.0,0.0,0.0,0.0,0.0,10
2023-05-11 09:10:25,y2311-P-7800,y2311-P-7800,518.5,0.0,0.0,0.0,2,219.5,0.0,0,518.5,0.0,0.0,0.0,0.0,0.0,10
2023-05-11 09:10:25,y2311-P-7800,y2311-P-7800,518.5,0.0,0.0,0.0,10,220.0,0.0,0,518.5,0.0,0.0,0.0,0.0,0.0,10
2023-05-11 09:10:27,y2311-P-7800,y2311-P-7800,518.5,0.0,0.0,0.0,2,220.5,0.0,0,518.5,0.0,0.0,0.0,0.0,0.0,10
2023-05-11 09:10:27,y2311-P-7800,y2311-P-7800,518.5,0.0,0.0,0.0,10,221.0,0.0,0,518.5,0.0,0.0,0.0,0.0,0.0,10
2023-05-11 09:10:28,y2311-P-7800,y2311-P-7800,518.5,0.0,0.0,0.0,2,221.5,0.0,0,518.5,0.0,0.0,0.0,0.0,0.0,10
2023-05-11 09:10:28,y2311-P-7800,y2311-P-7800,518.5,0.0,0.0,0.0,10,222.0,0.0,0,518.5,0.0,0.0,0.0,0.0,0.0,10
2023-05-11 09:10:30,y2311-P-7800,y2311-P-7800,518.5,0.0,0.0,0.0,2,222.5,0.0,0,518.5,0.0,0.0,0.0,0.0,0.0,10
2023-05-11 09:10:30,y2311-P-7800,y2311-P-7800,518.5,0.0,0.0,0.0,10,223.0,0.0,0,518.5,0.0,0.0,0.0,0.0,0.0,10
2023-05-11 09:10:32,y2311-P-7800,y2311-P-7800,518.5,0.0,0.0,0.0,2,223.5,0.0,0,518.5,0.0,0.0,0.0,0.0,0.0,10
2023-05-11 09:10:32,y2311-P-7800,y2311-P-7800,518.5,0.0,0.0,0.0,10,224.0,0.0,0,518.5,0.0,0.0,0.0,0.0,0.0,10
2023-05-11 09:10:34,y2311-P-7800,y2311-P-7800,518.5,0.0,0.0,0.0,2,224.5,0.0,0,518.5,0.0,0.0,0.0,0.0,0.0,10
2023-05-11 09:10:34,y2311-P-7800,y2311-P-7800,518.5,0.0,0.0,0.0,10,225.0,0.0,0,518.5,0.0,0.0,0.0,0.0,0.0,10
2023-05-11 10:14:32,y2311-P-7800,y2311-P-7800,518.5,0.0,0.0,0.0,1,202.5,0.0,0,518.5,0.0,0.0,0.0,0.0,0.0,10
2023-05-11 10:30:07,y2311-P-7800,y2311-P-7800,518.5,0.0,0.0,0.0,10,203.0,0.0,0,518.5,0.0,0.0,0.0,0.0,0.0,10
2023-05-11 10:30:46,y2311-P-7800,y2311-P-7800,518.5,0.0,0.0,0.0,1,203.5,0.0,0,518.5,0.0,0.0,0.0,0.0,0.0,10
2023-05-11 10:30:46,y2311-P-7800,y2311-P-7800,518.5,0.0,0.0,0.0,10,204.0,0.0,0,518.5,0.0,0.0,0.0,0.0,0.0,10
2023-05-11 10:32:17,y2311-P-7800,y2311-P-7800,518.5,0.0,0.0,0.0,1,204.5,0.0,0,518.5,0.0,0.0,0.0,0.0,0.0,10
2023-05-11 10:32:17,y2311-P-7800,y2311-P-7800,518.5,0.0,0.0,0.0,10,205.0,0.0,0,518.5,0.0,0.0,0.0,0.0,0.0,10
2023-05-11 10:32:39,y2311-P-7800,y2311-P-7800,518.5,0.0,0.0,0.0,1,205.5,0.0,0,518.5,0.0,0.0,0.0,0.0,0.0,10
2023-05-11 10:32:39,y2311-P-7800,y2311-P-7800,518.5,0.0,0.0,0.0,10,206.0,0.0,0,518.5,0.0,0.0,0.0,0.0,0.0,10
2023-05-11 10:32:41,y2311-P-7800,y2311-P-7800,518.5,0.0,0.0,0.0,1,206.5,0.0,0,518.5,0.0,0.0,0.0,0.0,0.0,10
2023-05-11 10:32:41,y2311-P-7800,y2311-P-7800,518.5,0.0,0.0,0.0,10,207.0,0.0,0,518.5,0.0,0.0,0.0,0.0,0.0,10
2023-05-11 10:32:43,y2311-P-7800,y2311-P-7800,518.5,0.0,0.0,0.0,1,207.5,0.0,0,518.5,0.0,0.0,0.0,0.0,0.0,10
2023-05-11 10:32:43,y2311-P-7800,y2311-P-7800,518.5,0.0,0.0,0.0,10,208.0,0.0,0,518.5,0.0,0.0,0.0,0.0,0.0,10
2023-05-11 11:29:33,y2311-P-7800,y2311-P-7800,518.5,0.0,0.0,0.0,1,202.5,0.0,0,518.5,0.0,0.0,0.0,0.0,0.0,10
2023-05-11 13:30:02,y2311-P-7800,y2311-P-7800,518.5,0.0,0.0,0.0,10,203.0,0.0,0,518.5,0.0,0.0,0.0,0.0,0.0,10
2023-05-11 13:31:30,y2311-P-7800,y2311-P-7800,518.5,0.0,0.0,0.0,2,203.5,0.0,0,518.5,0.0,0.0,0.0,0.0,0.0,10
2023-05-11 13:31:30,y2311-P-7800,y2311-P-7800,518.5,0.0,0.0,0.0,10,204.0,0.0,0,518.5,0.0,0.0,0.0,0.0,0.0,10
2023-05-11 13:38:53,y2311-P-7800,y2311-P-7800,518.5,0.0,0.0,0.0,2,204.5,0.0,0,518.5,0.0,0.0,0.0,0.0,0.0,10
2023-05-11 13:38:54,y2311-P-7800,y2311-P-7800,518.5,0.0,0.0,0.0,10,205.0,0.0,0,518.5,0.0,0.0,0.0,0.0,0.0,10
2023-05-11 13:38:57,y2311-P-7800,y2311-P-7800,518.5,0.0,0.0,0.0,2,205.5,0.0,0,518.5,0.0,0.0,0.0,0.0,0.0,10
2023-05-11 13:38:57,y2311-P-7800,y2311-P-7800,518.5,0.0,0.0,0.0,10,206.0,0.0,0,518.5,0.0,0.0,0.0,0.0,0.0,10
2023-05-11 13:39:00,y2311-P-7800,y2311-P-7800,518.5,0.0,0.0,0.0,2,206.5,0.0,0,518.5,0.0,0.0,0.0,0.0,0.0,10
2023-05-11 13:39:00,y2311-P-7800,y2311-P-7800,518.5,0.0,0.0,0.0,10,207.0,0.0,0,518.5,0.0,0.0,0.0,0.0,0.0,10
2023-05-11 13:39:03,y2311-P-7800,y2311-P-7800,518.5,0.0,0.0,0.0,2,207.5,0.0,0,518.5,0.0,0.0,0.0,0.0,0.0,10
2023-05-11 13:39:03,y2311-P-7800,y2311-P-7800,518.5,0.0,0.0,0.0,10,208.0,0.0,0,518.5,0.0,0.0,0.0,0.0,0.0,10
2023-05-11 13:39:06,y2311-P-7800,y2311-P-7800,518.5,0.0,0.0,0.0,2,208.5,0.0,0,518.5,0.0,0.0,0.0,0.0,0.0,10
2023-05-11 13:39:07,y2311-P-7800,y2311-P-7800,518.5,0.0,0.0,0.0,10,209.0,0.0,0,518.5,0.0,0.0,0.0,0.0,0.0,10
2023-05-11 13:39:08,y2311-P-7800,y2311-P-7800,518.5,0.0,0.0,0.0,2,209.5,0.0,0,518.5,0.0,0.0,0.0,0.0,0.0,10
2023-05-11 13:39:09,y2311-P-7800,y2311-P-7800,518.5,0.0,0.0,0.0,10,210.0,0.0,0,518.5,0.0,0.0,0.0,0.0,0.0,10
2023-05-11 13:40:03,y2311-P-7800,y2311-P-7800,518.5,0.0,0.0,0.0,2,210.5,0.0,0,518.5,0.0,0.0,0.0,0.0,0.0,10
2023-05-11 13:40:03,y2311-P-7800,y2311-P-7800,518.5,0.0,0.0,0.0,10,211.0,0.0,0,518.5,0.0,0.0,0.0,0.0,0.0,10
2023-05-11 13:40:28,y2311-P-7800,y2311-P-7800,518.5,0.0,0.0,0.0,2,211.5,0.0,0,518.5,0.0,0.0,0.0,0.0,0.0,10
2023-05-11 13:40:29,y2311-P-7800,y2311-P-7800,518.5,0.0,0.0,0.0,10,212.0,0.0,0,518.5,0.0,0.0,0.0,0.0,0.0,10
2023-05-11 13:40:31,y2311-P-7800,y2311-P-7800,518.5,0.0,0.0,0.0,2,212.5,0.0,0,518.5,0.0,0.0,0.0,0.0,0.0,10
2023-05-11 13:40:31,y2311-P-7800,y2311-P-7800,518.5,0.0,0.0,0.0,10,213.0,0.0,0,518.5,0.0,0.0,0.0,0.0,0.0,10
2023-05-11 13:40:33,y2311-P-7800,y2311-P-7800,518.5,0.0,0.0,0.0,2,213.5,0.0,0,518.5,0.0,0.0,0.0,0.0,0.0,10
2023-05-11 13:40:33,y2311-P-7800,y2311-P-7800,518.5,0.0,0.0,0.0,10,214.0,0.0,0,518.5,0.0,0.0,0.0,0.0,0.0,10
2023-05-11 13:40:35,y2311-P-7800,y2311-P-7800,518.5,0.0,0.0,0.0,2,214.5,0.0,0,518.5,0.0,0.0,0.0,0.0,0.0,10
2023-05-11 13:40:35,y2311-P-7800,y2311-P-7800,518.5,0.0,0.0,0.0,10,215.0,0.0,0,518.5,0.0,0.0,0.0,0.0,0.0,10
2023-05-11 13:40:40,y2311-P-7800,y2311-P-7800,518.5,0.0,0.0,0.0,2,215.5,0.0,0,518.5,0.0,0.0,0.0,0.0,0.0,10
2023-05-11 13:40:40,y2311-P-7800,y2311-P-7800,518.5,0.0,0.0,0.0,10,216.0,0.0,0,518.5,0.0,0.0,0.0,0.0,0.0,10
2023-05-11 13:40:42,y2311-P-7800,y2311-P-7800,518.5,0.0,0.0,0.0,2,216.5,0.0,0,518.5,0.0,0.0,0.0,0.0,0.0,10
2023-05-11 13:40:43,y2311-P-7800,y2311-P-7800,518.5,0.0,0.0,0.0,10,217.0,0.0,0,518.5,0.0,0.0,0.0,0.0,0.0,10
2023-05-11 13:40:45,y2311-P-7800,y2311-P-7800,518.5,0.0,0.0,0.0,2,217.5,0.0,0,518.5,0.0,0.0,0.0,0.0,0.0,10
2023-05-11 13:40:45,y2311-P-7800,y2311-P-7800,518.5,0.0,0.0,0.0,10,218.0,0.0,0,518.5,0.0,0.0,0.0,0.0,0.0,10
2023-05-11 13:42:21,y2311-P-7800,y2311-P-7800,518.5,0.0,0.0,0.0,2,218.5,0.0,0,518.5,0.0,0.0,0.0,0.0,0.0,10
2023-05-11 13:42:21,y2311-P-7800,y2311-P-7800,518.5,0.0,0.0,0.0,10,219.0,0.0,0,518.5,0.0,0.0,0.0,0.0,0.0,10
2023-05-11 13:42:40,y2311-P-7800,y2311-P-7800,518.5,0.0,0.0,0.0,2,219.5,0.0,0,518.5,0.0,0.0,0.0,0.0,0.0,10
2023-05-11 13:42:40,y2311-P-7800,y2311-P-7800,518.5,0.0,0.0,0.0,10,220.0,0.0,0,518.5,0.0,0.0,0.0,0.0,0.0,10
2023-05-11 13:42:47,y2311-P-7800,y2311-P-7800,518.5,0.0,0.0,0.0,2,220.5,0.0,0,518.5,0.0,0.0,0.0,0.0,0.0,10
2023-05-11 13:42:47,y2311-P-7800,y2311-P-7800,518.5,0.0,0.0,0.0,10,221.0,0.0,0,518.5,0.0,0.0,0.0,0.0,0.0,10
2023-05-11 13:42:50,y2311-P-7800,y2311-P-7800,518.5,0.0,0.0,0.0,2,221.5,0.0,0,518.5,0.0,0.0,0.0,0.0,0.0,10
2023-05-11 13:42:50,y2311-P-7800,y2311-P-7800,518.5,0.0,0.0,0.0,10,222.0,0.0,0,518.5,0.0,0.0,0.0,0.0,0.0,10
2023-05-11 13:42:52,y2311-P-7800,y2311-P-7800,518.5,0.0,0.0,0.0,2,222.5,0.0,0,518.5,0.0,0.0,0.0,0.0,0.0,10
2023-05-11 13:42:52,y2311-P-7800,y2311-P-7800,518.5,0.0,0.0,0.0,10,223.0,0.0,0,518.5,0.0,0.0,0.0,0.0,0.0,10
2023-05-11 13:42:54,y2311-P-7800,y2311-P-7800,518.5,0.0,0.0,0.0,2,223.5,0.0,0,518.5,0.0,0.0,0.0,0.0,0.0,10
2023-05-11 13:42:54,y2311-P-7800,y2311-P-7800,518.5,0.0,0.0,0.0,10,224.0,0.0,0,518.5,0.0,0.0,0.0,0.0,0.0,10
2023-05-11 13:42:55,y2311-P-7800,y2311-P-7800,518.5,0.0,0.0,0.0,2,224.5,0.0,0,518.5,0.0,0.0,0.0,0.0,0.0,10
2023-05-11 13:42:56,y2311-P-7800,y2311-P-7800,518.5,0.0,0.0,0.0,10,225.0,0.0,0,518.5,0.0,0.0,0.0,0.0,0.0,10
2023-05-11 13:52:17,y2311-P-7800,y2311-P-7800,518.5,0.0,0.0,0.0,1,571.0,616.5,1,518.5,0.0,0.0,0.0,0.0,0.0,10
2023-05-11 13:52:18,y2311-P-7800,y2311-P-7800,518.5,0.0,0.0,0.0,2,571.0,616.5,2,518.5,0.0,0.0,0.0,0.0,0.0,10
2023-05-11 13:52:20,y2311-P-7800,y2311-P-7800,518.5,0.0,0.0,0.0,2,571.0,613.0,1,518.5,0.0,0.0,0.0,0.0,0.0,10
2023-05-11 13:52:29,y2311-P-7800,y2311-P-7800,518.5,0.0,0.0,0.0,1,571.0,613.0,1,518.5,0.0,0.0,0.0,0.0,0.0,10
2023-05-11 13:52:30,y2311-P-7800,y2311-P-7800,518.5,0.0,0.0,0.0,2,570.5,613.0,1,518.5,0.0,0.0,0.0,0.0,0.0,10
2023-05-11 13:52:31,y2311-P-7800,y2311-P-7800,518.5,0.0,0.0,0.0,2,570.5,614.5,1,518.5,0.0,0.0,0.0,0.0,0.0,10
2023-05-11 13:52:33,y2311-P-7800,y2311-P-7800,518.5,0.0,0.0,0.0,2,570.5,614.0,1,518.5,0.0,0.0,0.0,0.0,0.0,10
2023-05-11 13:52:36,y2311-P-7800,y2311-P-7800,518.5,0.0,0.0,0.0,1,570.5,614.0,1,518.5,0.0,0.0,0.0,0.0,0.0,10
2023-05-11 13:52:37,y2311-P-7800,y2311-P-7800,518.5,0.0,0.0,0.0,1,569.5,614.0,1,518.5,0.0,0.0,0.0,0.0,0.0,10
2023-05-11 13:52:44,y2311-P-7800,y2311-P-7800,518.5,0.0,0.0,0.0,1,202.5,0.0,0,518.5,0.0,0.0,0.0,0.0,0.0,10
2023-05-11 13:52:44,y2311-P-7800,y2311-P-7800,518.5,0.0,0.0,0.0,10,203.0,0.0,0,518.5,0.0,0.0,0.0,0.0,0.0,10
2023-05-11 13:52:45,y2311-P-7800,y2311-P-7800,518.5,0.0,0.0,0.0,2,210.5,0.0,0,518.5,0.0,0.0,0.0,0.0,0.0,10
2023-05-11 13:52:45,y2311-P-7800,y2311-P-7800,518.5,0.0,0.0,0.0,10,211.0,0.0,0,518.5,0.0,0.0,0.0,0.0,0.0,10
2023-05-11 13:52:47,y2311-P-7800,y2311-P-7800,518.5,0.0,0.0,0.0,2,215.0,0.0,0,518.5,0.0,0.0,0.0,0.0,0.0,10
2023-05-11 13:52:48,y2311-P-7800,y2311-P-7800,518.5,0.0,0.0,0.0,10,215.5,0.0,0,518.5,0.0,0.0,0.0,0.0,0.0,10
2023-05-11 13:52:51,y2311-P-7800,y2311-P-7800,518.5,0.0,0.0,0.0,2,219.5,0.0,0,518.5,0.0,0.0,0.0,0.0,0.0,10
2023-05-11 13:52:51,y2311-P-7800,y2311-P-7800,518.5,0.0,0.0,0.0,10,220.0,0.0,0,518.5,0.0,0.0,0.0,0.0,0.0,10
2023-05-11 13:52:53,y2311-P-7800,y2311-P-7800,518.5,0.0,0.0,0.0,2,220.5,0.0,0,518.5,0.0,0.0,0.0,0.0,0.0,10
2023-05-11 13:52:53,y2311-P-7800,y2311-P-7800,518.5,0.0,0.0,0.0,10,221.0,0.0,0,518.5,0.0,0.0,0.0,0.0,0.0,10
2023-05-11 13:52:55,y2311-P-7800,y2311-P-7800,518.5,0.0,0.0,0.0,2,221.5,0.0,0,518.5,0.0,0.0,0.0,0.0,0.0,10
2023-05-11 13:52:56,y2311-P-7800,y2311-P-7800,518.5,0.0,0.0,0.0,10,222.0,0.0,0,518.5,0.0,0.0,0.0,0.0,0.0,10
2023-05-11 13:52:57,y2311-P-7800,y2311-P-7800,518.5,0.0,0.0,0.0,2,222.5,0.0,0,518.5,0.0,0.0,0.0,0.0,0.0,10
2023-05-11 13:52:57,y2311-P-7800,y2311-P-7800,518.5,0.0,0.0,0.0,10,223.0,0.0,0,518.5,0.0,0.0,0.0,0.0,0.0,10
2023-05-11 13:52:59,y2311-P-7800,y2311-P-7800,518.5,0.0,0.0,0.0,2,223.5,0.0,0,518.5,0.0,0.0,0.0,0.0,0.0,10
2023-05-11 13:52:59,y2311-P-7800,y2311-P-7800,518.5,0.0,0.0,0.0,10,224.0,0.0,0,518.5,0.0,0.0,0.0,0.0,0.0,10
2023-05-11 13:53:00,y2311-P-7800,y2311-P-7800,518.5,0.0,0.0,0.0,2,224.5,0.0,0,518.5,0.0,0.0,0.0,0.0,0.0,10
2023-05-11 13:53:00,y2311-P-7800,y2311-P-7800,518.5,0.0,0.0,0.0,10,225.0,0.0,0,518.5,0.0,0.0,0.0,0.0,0.0,10
2023-05-11 14:56:36,y2311-P-7800,y2311-P-7800,518.5,0.0,0.0,0.0,1,202.5,0.0,0,518.5,0.0,0.0,0.0,0.0,0.0,10
2023-05-11 14:56:36,y2311-P-7800,y2311-P-7800,518.5,0.0,0.0,0.0,2,203.0,0.0,0,518.5,0.0,0.0,0.0,0.0,0.0,10
2023-05-11 14:59:12,y2311-P-7800,y2311-P-7800,518.5,0.0,0.0,0.0,10,203.5,0.0,0,518.5,0.0,0.0,0.0,0.0,0.0,10
2023-05-11 14:59:14,y2311-P-7800,y2311-P-7800,518.5,0.0,0.0,0.0,2,204.0,0.0,0,518.5,0.0,0.0,0.0,0.0,0.0,10
2023-05-11 14:59:14,y2311-P-7800,y2311-P-7800,518.5,0.0,0.0,0.0,10,204.5,0.0,0,518.5,0.0,0.0,0.0,0.0,0.0,10
2023-05-11 14:59:28,y2311-P-7800,y2311-P-7800,518.5,0.0,0.0,0.0,2,205.0,0.0,0,518.5,0.0,0.0,0.0,0.0,0.0,10
2023-05-11 14:59:29,y2311-P-7800,y2311-P-7800,518.5,0.0,0.0,0.0,10,205.5,0.0,0,518.5,0.0,0.0,0.0,0.0,0.0,10
2023-05-11 14:59:56,y2311-P-7800,y2311-P-7800,518.5,0.0,0.0,0.0,2,205.0,0.0,0,518.5,0.0,0.0,0.0,0.0,0.0,10
2023-05-11 15:01:10,y2311-P-7800,y2311-P-7800,518.5,0.0,0.0,0.0,2,205.0,0.0,0,518.5,0.0,0.0,0.0,0.0,0.0,10
