time,symbol_id,symbol_name,last,trade_volume,trade_amount,open_interest_change,bv1,bp1,ap1,av1,yesterday_close,today_open,today_high,today_low,volume,amount,open_interest
2023-05-10 20:56:12,y2311-P-7600,y2311-P-7600,404.0,0.0,0.0,0.0,1,0.5,0.0,0,404.0,0.0,0.0,0.0,0.0,0.0,11
2023-05-10 21:00:09,y2311-P-7600,y2311-P-7600,404.0,0.0,0.0,0.0,10,1.0,0.0,0,404.0,0.0,0.0,0.0,0.0,0.0,11
2023-05-10 21:00:44,y2311-P-7600,y2311-P-7600,404.0,0.0,0.0,0.0,1,115.5,0.0,0,404.0,0.0,0.0,0.0,0.0,0.0,11
2023-05-10 21:00:44,y2311-P-7600,y2311-P-7600,404.0,0.0,0.0,0.0,10,116.0,0.0,0,404.0,0.0,0.0,0.0,0.0,0.0,11
2023-05-10 21:01:04,y2311-P-7600,y2311-P-7600,404.0,0.0,0.0,0.0,1,119.0,0.0,0,404.0,0.0,0.0,0.0,0.0,0.0,11
2023-05-10 21:01:04,y2311-P-7600,y2311-P-7600,404.0,0.0,0.0,0.0,10,119.5,0.0,0,404.0,0.0,0.0,0.0,0.0,0.0,11
2023-05-10 21:02:41,y2311-P-7600,y2311-P-7600,404.0,0.0,0.0,0.0,1,120.0,0.0,0,404.0,0.0,0.0,0.0,0.0,0.0,11
2023-05-10 21:02:41,y2311-P-7600,y2311-P-7600,404.0,0.0,0.0,0.0,10,120.5,0.0,0,404.0,0.0,0.0,0.0,0.0,0.0,11
2023-05-10 21:04:53,y2311-P-7600,y2311-P-7600,404.0,0.0,0.0,0.0,2,121.0,0.0,0,404.0,0.0,0.0,0.0,0.0,0.0,11
2023-05-10 21:04:53,y2311-P-7600,y2311-P-7600,404.0,0.0,0.0,0.0,10,121.5,0.0,0,404.0,0.0,0.0,0.0,0.0,0.0,11
2023-05-10 21:13:06,y2311-P-7600,y2311-P-7600,404.0,0.0,0.0,0.0,2,122.0,0.0,0,404.0,0.0,0.0,0.0,0.0,0.0,11
2023-05-10 21:13:06,y2311-P-7600,y2311-P-7600,404.0,0.0,0.0,0.0,10,122.5,0.0,0,404.0,0.0,0.0,0.0,0.0,0.0,11
2023-05-10 21:13:12,y2311-P-7600,y2311-P-7600,404.0,0.0,0.0,0.0,2,123.0,0.0,0,404.0,0.0,0.0,0.0,0.0,0.0,11
2023-05-10 21:13:12,y2311-P-7600,y2311-P-7600,404.0,0.0,0.0,0.0,10,123.5,0.0,0,404.0,0.0,0.0,0.0,0.0,0.0,11
2023-05-10 21:13:29,y2311-P-7600,y2311-P-7600,404.0,0.0,0.0,0.0,2,124.0,0.0,0,404.0,0.0,0.0,0.0,0.0,0.0,11
2023-05-10 21:13:29,y2311-P-7600,y2311-P-7600,404.0,0.0,0.0,0.0,10,124.5,0.0,0,404.0,0.0,0.0,0.0,0.0,0.0,11
2023-05-10 21:13:33,y2311-P-7600,y2311-P-7600,404.0,0.0,0.0,0.0,2,125.0,0.0,0,404.0,0.0,0.0,0.0,0.0,0.0,11
2023-05-10 21:13:33,y2311-P-7600,y2311-P-7600,404.0,0.0,0.0,0.0,10,125.5,0.0,0,404.0,0.0,0.0,0.0,0.0,0.0,11
2023-05-10 21:13:34,y2311-P-7600,y2311-P-7600,404.0,0.0,0.0,0.0,2,126.0,0.0,0,404.0,0.0,0.0,0.0,0.0,0.0,11
2023-05-10 21:13:34,y2311-P-7600,y2311-P-7600,404.0,0.0,0.0,0.0,10,126.5,0.0,0,404.0,0.0,0.0,0.0,0.0,0.0,11
2023-05-10 21:13:37,y2311-P-7600,y2311-P-7600,404.0,0.0,0.0,0.0,2,127.0,0.0,0,404.0,0.0,0.0,0.0,0.0,0.0,11
2023-05-10 21:13:37,y2311-P-7600,y2311-P-7600,404.0,0.0,0.0,0.0,10,127.5,0.0,0,404.0,0.0,0.0,0.0,0.0,0.0,11
2023-05-10 21:13:39,y2311-P-7600,y2311-P-7600,404.0,0.0,0.0,0.0,2,128.0,0.0,0,404.0,0.0,0.0,0.0,0.0,0.0,11
2023-05-10 21:13:39,y2311-P-7600,y2311-P-7600,404.0,0.0,0.0,0.0,10,128.5,0.0,0,404.0,0.0,0.0,0.0,0.0,0.0,11
2023-05-10 21:13:41,y2311-P-7600,y2311-P-7600,404.0,0.0,0.0,0.0,2,129.0,0.0,0,404.0,0.0,0.0,0.0,0.0,0.0,11
2023-05-10 21:13:41,y2311-P-7600,y2311-P-7600,404.0,0.0,0.0,0.0,10,129.5,0.0,0,404.0,0.0,0.0,0.0,0.0,0.0,11
2023-05-10 21:13:44,y2311-P-7600,y2311-P-7600,404.0,0.0,0.0,0.0,2,130.0,0.0,0,404.0,0.0,0.0,0.0,0.0,0.0,11
2023-05-10 21:13:44,y2311-P-7600,y2311-P-7600,404.0,0.0,0.0,0.0,10,130.5,0.0,0,404.0,0.0,0.0,0.0,0.0,0.0,11
2023-05-10 21:17:00,y2311-P-7600,y2311-P-7600,404.0,0.0,0.0,0.0,2,131.0,0.0,0,404.0,0.0,0.0,0.0,0.0,0.0,11
2023-05-10 21:17:00,y2311-P-7600,y2311-P-7600,404.0,0.0,0.0,0.0,10,131.5,0.0,0,404.0,0.0,0.0,0.0,0.0,0.0,11
2023-05-10 21:17:08,y2311-P-7600,y2311-P-7600,404.0,0.0,0.0,0.0,2,132.0,0.0,0,404.0,0.0,0.0,0.0,0.0,0.0,11
2023-05-10 21:17:08,y2311-P-7600,y2311-P-7600,404.0,0.0,0.0,0.0,10,132.5,0.0,0,404.0,0.0,0.0,0.0,0.0,0.0,11
2023-05-10 21:17:14,y2311-P-7600,y2311-P-7600,404.0,0.0,0.0,0.0,2,133.0,0.0,0,404.0,0.0,0.0,0.0,0.0,0.0,11
2023-05-10 21:17:14,y2311-P-7600,y2311-P-7600,404.0,0.0,0.0,0.0,10,133.5,0.0,0,404.0,0.0,0.0,0.0,0.0,0.0,11
2023-05-10 21:17:17,y2311-P-7600,y2311-P-7600,404.0,0.0,0.0,0.0,2,134.0,0.0,0,404.0,0.0,0.0,0.0,0.0,0.0,11
2023-05-10 21:17:17,y2311-P-7600,y2311-P-7600,404.0,0.0,0.0,0.0,10,134.5,0.0,0,404.0,0.0,0.0,0.0,0.0,0.0,11
2023-05-10 21:17:20,y2311-P-7600,y2311-P-7600,404.0,0.0,0.0,0.0,2,135.0,0.0,0,404.0,0.0,0.0,0.0,0.0,0.0,11
2023-05-10 21:17:20,y2311-P-7600,y2311-P-7600,404.0,0.0,0.0,0.0,10,135.5,0.0,0,404.0,0.0,0.0,0.0,0.0,0.0,11
2023-05-10 21:17:22,y2311-P-7600,y2311-P-7600,404.0,0.0,0.0,0.0,2,136.0,0.0,0,404.0,0.0,0.0,0.0,0.0,0.0,11
2023-05-10 21:17:22,y2311-P-7600,y2311-P-7600,404.0,0.0,0.0,0.0,10,136.5,0.0,0,404.0,0.0,0.0,0.0,0.0,0.0,11
2023-05-10 21:17:29,y2311-P-7600,y2311-P-7600,404.0,0.0,0.0,0.0,2,137.0,0.0,0,404.0,0.0,0.0,0.0,0.0,0.0,11
2023-05-10 21:17:29,y2311-P-7600,y2311-P-7600,404.0,0.0,0.0,0.0,10,137.5,0.0,0,404.0,0.0,0.0,0.0,0.0,0.0,11
2023-05-10 21:17:32,y2311-P-7600,y2311-P-7600,404.0,0.0,0.0,0.0,2,138.0,0.0,0,404.0,0.0,0.0,0.0,0.0,0.0,11
2023-05-10 21:17:32,y2311-P-7600,y2311-P-7600,404.0,0.0,0.0,0.0,10,138.5,0.0,0,404.0,0.0,0.0,0.0,0.0,0.0,11
2023-05-10 21:17:34,y2311-P-7600,y2311-P-7600,404.0,0.0,0.0,0.0,2,139.0,0.0,0,404.0,0.0,0.0,0.0,0.0,0.0,11
2023-05-10 21:17:34,y2311-P-7600,y2311-P-7600,404.0,0.0,0.0,0.0,10,139.5,0.0,0,404.0,0.0,0.0,0.0,0.0,0.0,11
2023-05-10 21:17:36,y2311-P-7600,y2311-P-7600,404.0,0.0,0.0,0.0,2,140.0,0.0,0,404.0,0.0,0.0,0.0,0.0,0.0,11
2023-05-10 21:17:36,y2311-P-7600,y2311-P-7600,404.0,0.0,0.0,0.0,10,140.5,0.0,0,404.0,0.0,0.0,0.0,0.0,0.0,11
2023-05-10 21:17:38,y2311-P-7600,y2311-P-7600,404.0,0.0,0.0,0.0,2,141.0,0.0,0,404.0,0.0,0.0,0.0,0.0,0.0,11
2023-05-10 21:17:38,y2311-P-7600,y2311-P-7600,404.0,0.0,0.0,0.0,10,141.5,0.0,0,404.0,0.0,0.0,0.0,0.0,0.0,11
2023-05-10 21:17:39,y2311-P-7600,y2311-P-7600,404.0,0.0,0.0,0.0,2,142.0,0.0,0,404.0,0.0,0.0,0.0,0.0,0.0,11
2023-05-10 21:17:39,y2311-P-7600,y2311-P-7600,404.0,0.0,0.0,0.0,10,142.5,0.0,0,404.0,0.0,0.0,0.0,0.0,0.0,11
2023-05-10 21:17:41,y2311-P-7600,y2311-P-7600,404.0,0.0,0.0,0.0,2,143.0,0.0,0,404.0,0.0,0.0,0.0,0.0,0.0,11
2023-05-10 21:17:41,y2311-P-7600,y2311-P-7600,404.0,0.0,0.0,0.0,10,143.5,0.0,0,404.0,0.0,0.0,0.0,0.0,0.0,11
2023-05-10 21:17:43,y2311-P-7600,y2311-P-7600,404.0,0.0,0.0,0.0,2,144.0,0.0,0,404.0,0.0,0.0,0.0,0.0,0.0,11
2023-05-10 21:17:43,y2311-P-7600,y2311-P-7600,404.0,0.0,0.0,0.0,10,144.5,0.0,0,404.0,0.0,0.0,0.0,0.0,0.0,11
2023-05-10 21:17:45,y2311-P-7600,y2311-P-7600,404.0,0.0,0.0,0.0,2,145.0,0.0,0,404.0,0.0,0.0,0.0,0.0,0.0,11
2023-05-10 21:17:45,y2311-P-7600,y2311-P-7600,404.0,0.0,0.0,0.0,10,145.5,0.0,0,404.0,0.0,0.0,0.0,0.0,0.0,11
2023-05-10 21:17:46,y2311-P-7600,y2311-P-7600,404.0,0.0,0.0,0.0,2,146.0,0.0,0,404.0,0.0,0.0,0.0,0.0,0.0,11
2023-05-10 21:17:46,y2311-P-7600,y2311-P-7600,404.0,0.0,0.0,0.0,10,146.5,0.0,0,404.0,0.0,0.0,0.0,0.0,0.0,11
2023-05-10 21:17:47,y2311-P-7600,y2311-P-7600,404.0,0.0,0.0,0.0,2,147.0,0.0,0,404.0,0.0,0.0,0.0,0.0,0.0,11
2023-05-10 21:17:47,y2311-P-7600,y2311-P-7600,404.0,0.0,0.0,0.0,10,147.5,0.0,0,404.0,0.0,0.0,0.0,0.0,0.0,11
2023-05-10 21:17:49,y2311-P-7600,y2311-P-7600,404.0,0.0,0.0,0.0,2,148.0,0.0,0,404.0,0.0,0.0,0.0,0.0,0.0,11
2023-05-10 21:17:49,y2311-P-7600,y2311-P-7600,404.0,0.0,0.0,0.0,10,148.5,0.0,0,404.0,0.0,0.0,0.0,0.0,0.0,11
2023-05-10 21:17:50,y2311-P-7600,y2311-P-7600,404.0,0.0,0.0,0.0,2,149.0,0.0,0,404.0,0.0,0.0,0.0,0.0,0.0,11
2023-05-10 21:17:50,y2311-P-7600,y2311-P-7600,404.0,0.0,0.0,0.0,10,149.5,0.0,0,404.0,0.0,0.0,0.0,0.0,0.0,11
2023-05-10 21:17:52,y2311-P-7600,y2311-P-7600,404.0,0.0,0.0,0.0,2,150.0,0.0,0,404.0,0.0,0.0,0.0,0.0,0.0,11
2023-05-10 21:17:52,y2311-P-7600,y2311-P-7600,404.0,0.0,0.0,0.0,10,150.5,0.0,0,404.0,0.0,0.0,0.0,0.0,0.0,11
2023-05-10 21:17:53,y2311-P-7600,y2311-P-7600,404.0,0.0,0.0,0.0,2,151.0,0.0,0,404.0,0.0,0.0,0.0,0.0,0.0,11
2023-05-10 21:17:53,y2311-P-7600,y2311-P-7600,404.0,0.0,0.0,0.0,10,151.5,0.0,0,404.0,0.0,0.0,0.0,0.0,0.0,11
2023-05-10 21:17:54,y2311-P-7600,y2311-P-7600,404.0,0.0,0.0,0.0,2,152.0,0.0,0,404.0,0.0,0.0,0.0,0.0,0.0,11
2023-05-10 21:17:54,y2311-P-7600,y2311-P-7600,404.0,0.0,0.0,0.0,10,152.5,0.0,0,404.0,0.0,0.0,0.0,0.0,0.0,11
2023-05-10 21:17:56,y2311-P-7600,y2311-P-7600,404.0,0.0,0.0,0.0,2,153.0,0.0,0,404.0,0.0,0.0,0.0,0.0,0.0,11
2023-05-10 21:17:56,y2311-P-7600,y2311-P-7600,404.0,0.0,0.0,0.0,10,153.5,0.0,0,404.0,0.0,0.0,0.0,0.0,0.0,11
2023-05-10 21:17:58,y2311-P-7600,y2311-P-7600,404.0,0.0,0.0,0.0,2,154.0,0.0,0,404.0,0.0,0.0,0.0,0.0,0.0,11
2023-05-10 21:17:58,y2311-P-7600,y2311-P-7600,404.0,0.0,0.0,0.0,10,154.5,0.0,0,404.0,0.0,0.0,0.0,0.0,0.0,11
2023-05-10 21:17:59,y2311-P-7600,y2311-P-7600,404.0,0.0,0.0,0.0,2,155.0,0.0,0,404.0,0.0,0.0,0.0,0.0,0.0,11
2023-05-10 21:17:59,y2311-P-7600,y2311-P-7600,404.0,0.0,0.0,0.0,10,155.5,0.0,0,404.0,0.0,0.0,0.0,0.0,0.0,11
2023-05-10 21:18:01,y2311-P-7600,y2311-P-7600,404.0,0.0,0.0,0.0,2,156.0,0.0,0,404.0,0.0,0.0,0.0,0.0,0.0,11
2023-05-10 21:18:01,y2311-P-7600,y2311-P-7600,404.0,0.0,0.0,0.0,10,156.5,0.0,0,404.0,0.0,0.0,0.0,0.0,0.0,11
2023-05-10 21:18:02,y2311-P-7600,y2311-P-7600,404.0,0.0,0.0,0.0,2,157.0,0.0,0,404.0,0.0,0.0,0.0,0.0,0.0,11
2023-05-10 21:18:02,y2311-P-7600,y2311-P-7600,404.0,0.0,0.0,0.0,10,157.5,0.0,0,404.0,0.0,0.0,0.0,0.0,0.0,11
2023-05-10 21:18:03,y2311-P-7600,y2311-P-7600,404.0,0.0,0.0,0.0,2,158.0,0.0,0,404.0,0.0,0.0,0.0,0.0,0.0,11
2023-05-10 21:18:03,y2311-P-7600,y2311-P-7600,404.0,0.0,0.0,0.0,10,158.5,0.0,0,404.0,0.0,0.0,0.0,0.0,0.0,11
2023-05-10 21:18:04,y2311-P-7600,y2311-P-7600,404.0,0.0,0.0,0.0,2,159.0,0.0,0,404.0,0.0,0.0,0.0,0.0,0.0,11
2023-05-10 21:18:04,y2311-P-7600,y2311-P-7600,404.0,0.0,0.0,0.0,10,159.5,0.0,0,404.0,0.0,0.0,0.0,0.0,0.0,11
2023-05-10 21:18:05,y2311-P-7600,y2311-P-7600,404.0,0.0,0.0,0.0,2,160.0,0.0,0,404.0,0.0,0.0,0.0,0.0,0.0,11
2023-05-10 21:18:05,y2311-P-7600,y2311-P-7600,404.0,0.0,0.0,0.0,10,160.5,0.0,0,404.0,0.0,0.0,0.0,0.0,0.0,11
2023-05-10 21:18:06,y2311-P-7600,y2311-P-7600,404.0,0.0,0.0,0.0,2,161.0,0.0,0,404.0,0.0,0.0,0.0,0.0,0.0,11
2023-05-10 21:18:07,y2311-P-7600,y2311-P-7600,404.0,0.0,0.0,0.0,10,161.5,0.0,0,404.0,0.0,0.0,0.0,0.0,0.0,11
2023-05-10 21:18:08,y2311-P-7600,y2311-P-7600,404.0,0.0,0.0,0.0,2,162.0,0.0,0,404.0,0.0,0.0,0.0,0.0,0.0,11
2023-05-10 21:18:08,y2311-P-7600,y2311-P-7600,404.0,0.0,0.0,0.0,10,162.5,0.0,0,404.0,0.0,0.0,0.0,0.0,0.0,11
2023-05-10 21:18:09,y2311-P-7600,y2311-P-7600,404.0,0.0,0.0,0.0,2,163.0,0.0,0,404.0,0.0,0.0,0.0,0.0,0.0,11
2023-05-10 21:18:09,y2311-P-7600,y2311-P-7600,404.0,0.0,0.0,0.0,10,163.5,0.0,0,404.0,0.0,0.0,0.0,0.0,0.0,11
2023-05-10 21:18:10,y2311-P-7600,y2311-P-7600,404.0,0.0,0.0,0.0,2,164.0,0.0,0,404.0,0.0,0.0,0.0,0.0,0.0,11
2023-05-10 21:18:10,y2311-P-7600,y2311-P-7600,404.0,0.0,0.0,0.0,10,164.5,0.0,0,404.0,0.0,0.0,0.0,0.0,0.0,11
2023-05-10 21:18:12,y2311-P-7600,y2311-P-7600,404.0,0.0,0.0,0.0,2,165.0,0.0,0,404.0,0.0,0.0,0.0,0.0,0.0,11
2023-05-10 21:18:12,y2311-P-7600,y2311-P-7600,404.0,0.0,0.0,0.0,10,165.5,0.0,0,404.0,0.0,0.0,0.0,0.0,0.0,11
2023-05-10 21:18:13,y2311-P-7600,y2311-P-7600,404.0,0.0,0.0,0.0,2,166.0,0.0,0,404.0,0.0,0.0,0.0,0.0,0.0,11
2023-05-10 21:18:13,y2311-P-7600,y2311-P-7600,404.0,0.0,0.0,0.0,10,166.5,0.0,0,404.0,0.0,0.0,0.0,0.0,0.0,11
2023-05-10 21:18:15,y2311-P-7600,y2311-P-7600,404.0,0.0,0.0,0.0,2,167.0,0.0,0,404.0,0.0,0.0,0.0,0.0,0.0,11
2023-05-10 21:18:15,y2311-P-7600,y2311-P-7600,404.0,0.0,0.0,0.0,10,167.5,0.0,0,404.0,0.0,0.0,0.0,0.0,0.0,11
2023-05-10 21:18:16,y2311-P-7600,y2311-P-7600,404.0,0.0,0.0,0.0,2,168.0,0.0,0,404.0,0.0,0.0,0.0,0.0,0.0,11
2023-05-10 21:18:16,y2311-P-7600,y2311-P-7600,404.0,0.0,0.0,0.0,10,168.5,0.0,0,404.0,0.0,0.0,0.0,0.0,0.0,11
2023-05-10 21:18:18,y2311-P-7600,y2311-P-7600,404.0,0.0,0.0,0.0,2,169.0,0.0,0,404.0,0.0,0.0,0.0,0.0,0.0,11
2023-05-10 21:18:18,y2311-P-7600,y2311-P-7600,404.0,0.0,0.0,0.0,10,169.5,0.0,0,404.0,0.0,0.0,0.0,0.0,0.0,11
2023-05-10 21:18:19,y2311-P-7600,y2311-P-7600,404.0,0.0,0.0,0.0,2,170.0,0.0,0,404.0,0.0,0.0,0.0,0.0,0.0,11
2023-05-10 21:18:19,y2311-P-7600,y2311-P-7600,404.0,0.0,0.0,0.0,10,170.5,0.0,0,404.0,0.0,0.0,0.0,0.0,0.0,11
2023-05-10 21:18:20,y2311-P-7600,y2311-P-7600,404.0,0.0,0.0,0.0,2,171.0,0.0,0,404.0,0.0,0.0,0.0,0.0,0.0,11
2023-05-10 21:18:20,y2311-P-7600,y2311-P-7600,404.0,0.0,0.0,0.0,10,171.5,0.0,0,404.0,0.0,0.0,0.0,0.0,0.0,11
2023-05-10 21:18:22,y2311-P-7600,y2311-P-7600,404.0,0.0,0.0,0.0,2,172.0,0.0,0,404.0,0.0,0.0,0.0,0.0,0.0,11
2023-05-10 21:18:22,y2311-P-7600,y2311-P-7600,404.0,0.0,0.0,0.0,10,172.5,0.0,0,404.0,0.0,0.0,0.0,0.0,0.0,11
2023-05-10 21:18:23,y2311-P-7600,y2311-P-7600,404.0,0.0,0.0,0.0,2,173.0,0.0,0,404.0,0.0,0.0,0.0,0.0,0.0,11
2023-05-10 21:18:23,y2311-P-7600,y2311-P-7600,404.0,0.0,0.0,0.0,10,173.5,0.0,0,404.0,0.0,0.0,0.0,0.0,0.0,11
2023-05-10 21:18:25,y2311-P-7600,y2311-P-7600,404.0,0.0,0.0,0.0,2,174.0,0.0,0,404.0,0.0,0.0,0.0,0.0,0.0,11
2023-05-10 21:18:25,y2311-P-7600,y2311-P-7600,404.0,0.0,0.0,0.0,10,174.5,0.0,0,404.0,0.0,0.0,0.0,0.0,0.0,11
2023-05-10 21:18:26,y2311-P-7600,y2311-P-7600,404.0,0.0,0.0,0.0,2,175.0,0.0,0,404.0,0.0,0.0,0.0,0.0,0.0,11
2023-05-10 21:18:26,y2311-P-7600,y2311-P-7600,404.0,0.0,0.0,0.0,10,175.5,0.0,0,404.0,0.0,0.0,0.0,0.0,0.0,11
2023-05-10 21:18:27,y2311-P-7600,y2311-P-7600,404.0,0.0,0.0,0.0,2,176.0,0.0,0,404.0,0.0,0.0,0.0,0.0,0.0,11
2023-05-10 21:18:27,y2311-P-7600,y2311-P-7600,404.0,0.0,0.0,0.0,10,176.5,0.0,0,404.0,0.0,0.0,0.0,0.0,0.0,11
2023-05-10 21:18:28,y2311-P-7600,y2311-P-7600,404.0,0.0,0.0,0.0,2,177.0,0.0,0,404.0,0.0,0.0,0.0,0.0,0.0,11
2023-05-10 21:18:28,y2311-P-7600,y2311-P-7600,404.0,0.0,0.0,0.0,10,177.5,0.0,0,404.0,0.0,0.0,0.0,0.0,0.0,11
2023-05-10 21:18:29,y2311-P-7600,y2311-P-7600,404.0,0.0,0.0,0.0,2,178.0,0.0,0,404.0,0.0,0.0,0.0,0.0,0.0,11
2023-05-10 21:18:29,y2311-P-7600,y2311-P-7600,404.0,0.0,0.0,0.0,10,178.5,0.0,0,404.0,0.0,0.0,0.0,0.0,0.0,11
2023-05-10 21:18:30,y2311-P-7600,y2311-P-7600,404.0,0.0,0.0,0.0,2,179.0,0.0,0,404.0,0.0,0.0,0.0,0.0,0.0,11
2023-05-10 21:18:30,y2311-P-7600,y2311-P-7600,404.0,0.0,0.0,0.0,10,179.5,0.0,0,404.0,0.0,0.0,0.0,0.0,0.0,11
2023-05-10 21:18:32,y2311-P-7600,y2311-P-7600,404.0,0.0,0.0,0.0,2,180.0,0.0,0,404.0,0.0,0.0,0.0,0.0,0.0,11
2023-05-10 21:18:32,y2311-P-7600,y2311-P-7600,404.0,0.0,0.0,0.0,10,180.5,0.0,0,404.0,0.0,0.0,0.0,0.0,0.0,11
2023-05-10 21:18:33,y2311-P-7600,y2311-P-7600,404.0,0.0,0.0,0.0,2,181.0,0.0,0,404.0,0.0,0.0,0.0,0.0,0.0,11
2023-05-10 21:18:33,y2311-P-7600,y2311-P-7600,404.0,0.0,0.0,0.0,10,181.5,0.0,0,404.0,0.0,0.0,0.0,0.0,0.0,11
2023-05-10 21:18:34,y2311-P-7600,y2311-P-7600,404.0,0.0,0.0,0.0,2,182.0,0.0,0,404.0,0.0,0.0,0.0,0.0,0.0,11
2023-05-10 21:18:34,y2311-P-7600,y2311-P-7600,404.0,0.0,0.0,0.0,10,182.5,0.0,0,404.0,0.0,0.0,0.0,0.0,0.0,11
2023-05-10 21:18:35,y2311-P-7600,y2311-P-7600,404.0,0.0,0.0,0.0,2,183.0,0.0,0,404.0,0.0,0.0,0.0,0.0,0.0,11
2023-05-10 21:18:35,y2311-P-7600,y2311-P-7600,404.0,0.0,0.0,0.0,10,183.5,0.0,0,404.0,0.0,0.0,0.0,0.0,0.0,11
2023-05-10 21:18:36,y2311-P-7600,y2311-P-7600,404.0,0.0,0.0,0.0,2,184.0,0.0,0,404.0,0.0,0.0,0.0,0.0,0.0,11
2023-05-10 21:18:36,y2311-P-7600,y2311-P-7600,404.0,0.0,0.0,0.0,10,184.5,0.0,0,404.0,0.0,0.0,0.0,0.0,0.0,11
2023-05-10 21:18:37,y2311-P-7600,y2311-P-7600,404.0,0.0,0.0,0.0,2,185.0,0.0,0,404.0,0.0,0.0,0.0,0.0,0.0,11
2023-05-10 21:18:37,y2311-P-7600,y2311-P-7600,404.0,0.0,0.0,0.0,10,185.5,0.0,0,404.0,0.0,0.0,0.0,0.0,0.0,11
2023-05-10 21:32:41,y2311-P-7600,y2311-P-7600,404.0,0.0,0.0,0.0,1,186.0,0.0,0,404.0,0.0,0.0,0.0,0.0,0.0,11
2023-05-10 21:32:41,y2311-P-7600,y2311-P-7600,404.0,0.0,0.0,0.0,10,186.5,0.0,0,404.0,0.0,0.0,0.0,0.0,0.0,11
2023-05-10 22:08:11,y2311-P-7600,y2311-P-7600,404.0,0.0,0.0,0.0,1,187.0,0.0,0,404.0,0.0,0.0,0.0,0.0,0.0,11
2023-05-10 22:08:11,y2311-P-7600,y2311-P-7600,404.0,0.0,0.0,0.0,10,187.5,0.0,0,404.0,0.0,0.0,0.0,0.0,0.0,11
2023-05-10 22:57:33,y2311-P-7600,y2311-P-7600,404.0,0.0,0.0,0.0,1,187.0,0.0,0,404.0,0.0,0.0,0.0,0.0,0.0,11
2023-05-11 09:00:26,y2311-P-7600,y2311-P-7600,404.0,0.0,0.0,0.0,10,187.5,0.0,0,404.0,0.0,0.0,0.0,0.0,0.0,11
2023-05-11 09:01:17,y2311-P-7600,y2311-P-7600,404.0,0.0,0.0,0.0,1,188.0,0.0,0,404.0,0.0,0.0,0.0,0.0,0.0,11
2023-05-11 09:01:17,y2311-P-7600,y2311-P-7600,404.0,0.0,0.0,0.0,10,188.5,0.0,0,404.0,0.0,0.0,0.0,0.0,0.0,11
2023-05-11 09:02:38,y2311-P-7600,y2311-P-7600,404.0,0.0,0.0,0.0,2,189.0,0.0,0,404.0,0.0,0.0,0.0,0.0,0.0,11
2023-05-11 09:02:39,y2311-P-7600,y2311-P-7600,404.0,0.0,0.0,0.0,10,189.5,0.0,0,404.0,0.0,0.0,0.0,0.0,0.0,11
2023-05-11 09:09:36,y2311-P-7600,y2311-P-7600,404.0,0.0,0.0,0.0,2,190.0,0.0,0,404.0,0.0,0.0,0.0,0.0,0.0,11
2023-05-11 09:09:36,y2311-P-7600,y2311-P-7600,404.0,0.0,0.0,0.0,10,190.5,0.0,0,404.0,0.0,0.0,0.0,0.0,0.0,11
2023-05-11 09:09:57,y2311-P-7600,y2311-P-7600,404.0,0.0,0.0,0.0,2,191.0,0.0,0,404.0,0.0,0.0,0.0,0.0,0.0,11
2023-05-11 09:09:57,y2311-P-7600,y2311-P-7600,404.0,0.0,0.0,0.0,10,191.5,0.0,0,404.0,0.0,0.0,0.0,0.0,0.0,11
2023-05-11 09:10:00,y2311-P-7600,y2311-P-7600,404.0,0.0,0.0,0.0,2,192.0,0.0,0,404.0,0.0,0.0,0.0,0.0,0.0,11
2023-05-11 09:10:00,y2311-P-7600,y2311-P-7600,404.0,0.0,0.0,0.0,10,192.5,0.0,0,404.0,0.0,0.0,0.0,0.0,0.0,11
2023-05-11 09:10:04,y2311-P-7600,y2311-P-7600,404.0,0.0,0.0,0.0,2,193.0,0.0,0,404.0,0.0,0.0,0.0,0.0,0.0,11
2023-05-11 09:10:04,y2311-P-7600,y2311-P-7600,404.0,0.0,0.0,0.0,10,193.5,0.0,0,404.0,0.0,0.0,0.0,0.0,0.0,11
2023-05-11 09:10:06,y2311-P-7600,y2311-P-7600,404.0,0.0,0.0,0.0,2,194.0,0.0,0,404.0,0.0,0.0,0.0,0.0,0.0,11
2023-05-11 09:10:06,y2311-P-7600,y2311-P-7600,404.0,0.0,0.0,0.0,10,194.5,0.0,0,404.0,0.0,0.0,0.0,0.0,0.0,11
2023-05-11 09:10:09,y2311-P-7600,y2311-P-7600,404.0,0.0,0.0,0.0,2,195.0,0.0,0,404.0,0.0,0.0,0.0,0.0,0.0,11
2023-05-11 09:10:09,y2311-P-7600,y2311-P-7600,404.0,0.0,0.0,0.0,10,195.5,0.0,0,404.0,0.0,0.0,0.0,0.0,0.0,11
2023-05-11 09:43:19,y2311-P-7600,y2311-P-7600,404.0,0.0,0.0,0.0,1,196.0,0.0,0,404.0,0.0,0.0,0.0,0.0,0.0,11
2023-05-11 09:43:19,y2311-P-7600,y2311-P-7600,404.0,0.0,0.0,0.0,10,196.5,0.0,0,404.0,0.0,0.0,0.0,0.0,0.0,11
2023-05-11 10:13:19,y2311-P-7600,y2311-P-7600,404.0,0.0,0.0,0.0,1,197.0,0.0,0,404.0,0.0,0.0,0.0,0.0,0.0,11
2023-05-11 10:13:19,y2311-P-7600,y2311-P-7600,404.0,0.0,0.0,0.0,10,197.5,0.0,0,404.0,0.0,0.0,0.0,0.0,0.0,11
2023-05-11 10:14:32,y2311-P-7600,y2311-P-7600,404.0,0.0,0.0,0.0,1,197.0,0.0,0,404.0,0.0,0.0,0.0,0.0,0.0,11
2023-05-11 10:30:07,y2311-P-7600,y2311-P-7600,404.0,0.0,0.0,0.0,10,197.5,0.0,0,404.0,0.0,0.0,0.0,0.0,0.0,11
2023-05-11 10:43:51,y2311-P-7600,y2311-P-7600,404.0,0.0,0.0,0.0,1,198.0,0.0,0,404.0,0.0,0.0,0.0,0.0,0.0,11
2023-05-11 10:43:51,y2311-P-7600,y2311-P-7600,404.0,0.0,0.0,0.0,10,198.5,0.0,0,404.0,0.0,0.0,0.0,0.0,0.0,11
2023-05-11 11:14:54,y2311-P-7600,y2311-P-7600,404.0,0.0,0.0,0.0,1,199.0,0.0,0,404.0,0.0,0.0,0.0,0.0,0.0,11
2023-05-11 11:14:54,y2311-P-7600,y2311-P-7600,404.0,0.0,0.0,0.0,10,199.5,0.0,0,404.0,0.0,0.0,0.0,0.0,0.0,11
2023-05-11 11:29:33,y2311-P-7600,y2311-P-7600,404.0,0.0,0.0,0.0,1,199.0,0.0,0,404.0,0.0,0.0,0.0,0.0,0.0,11
2023-05-11 13:30:02,y2311-P-7600,y2311-P-7600,404.0,0.0,0.0,0.0,10,199.5,0.0,0,404.0,0.0,0.0,0.0,0.0,0.0,11
2023-05-11 13:52:17,y2311-P-7600,y2311-P-7600,404.0,0.0,0.0,0.0,1,449.0,485.0,1,404.0,0.0,0.0,0.0,0.0,0.0,11
2023-05-11 13:52:18,y2311-P-7600,y2311-P-7600,404.0,0.0,0.0,0.0,2,449.0,485.0,2,404.0,0.0,0.0,0.0,0.0,0.0,11
2023-05-11 13:52:20,y2311-P-7600,y2311-P-7600,404.0,0.0,0.0,0.0,2,449.0,482.5,2,404.0,0.0,0.0,0.0,0.0,0.0,11
2023-05-11 13:52:25,y2311-P-7600,y2311-P-7600,404.0,0.0,0.0,0.0,2,449.0,482.5,3,404.0,0.0,0.0,0.0,0.0,0.0,11
2023-05-11 13:52:29,y2311-P-7600,y2311-P-7600,404.0,0.0,0.0,0.0,1,449.0,482.5,3,404.0,0.0,0.0,0.0,0.0,0.0,11
2023-05-11 13:52:30,y2311-P-7600,y2311-P-7600,404.0,0.0,0.0,0.0,1,448.5,482.5,3,404.0,0.0,0.0,0.0,0.0,0.0,11
2023-05-11 13:52:31,y2311-P-7600,y2311-P-7600,404.0,0.0,0.0,0.0,1,448.5,482.5,1,404.0,0.0,0.0,0.0,0.0,0.0,11
2023-05-11 13:52:36,y2311-P-7600,y2311-P-7600,404.0,0.0,0.0,0.0,1,448.5,483.0,1,404.0,0.0,0.0,0.0,0.0,0.0,11
2023-05-11 13:52:37,y2311-P-7600,y2311-P-7600,404.0,0.0,0.0,0.0,10,199.5,0.0,0,404.0,0.0,0.0,0.0,0.0,0.0,11
2023-05-11 13:52:39,y2311-P-7600,y2311-P-7600,404.0,0.0,0.0,0.0,2,207.5,0.0,0,404.0,0.0,0.0,0.0,0.0,0.0,11
2023-05-11 13:52:39,y2311-P-7600,y2311-P-7600,404.0,0.0,0.0,0.0,10,208.0,0.0,0,404.0,0.0,0.0,0.0,0.0,0.0,11
2023-05-11 13:52:40,y2311-P-7600,y2311-P-7600,404.0,0.0,0.0,0.0,2,216.0,0.0,0,404.0,0.0,0.0,0.0,0.0,0.0,11
2023-05-11 13:52:41,y2311-P-7600,y2311-P-7600,404.0,0.0,0.0,0.0,10,216.5,0.0,0,404.0,0.0,0.0,0.0,0.0,0.0,11
2023-05-11 13:52:42,y2311-P-7600,y2311-P-7600,404.0,0.0,0.0,0.0,2,224.5,0.0,0,404.0,0.0,0.0,0.0,0.0,0.0,11
2023-05-11 13:52:42,y2311-P-7600,y2311-P-7600,404.0,0.0,0.0,0.0,10,225.0,0.0,0,404.0,0.0,0.0,0.0,0.0,0.0,11
2023-05-11 14:56:36,y2311-P-7600,y2311-P-7600,404.0,0.0,0.0,0.0,1,199.0,0.0,0,404.0,0.0,0.0,0.0,0.0,0.0,11
2023-05-11 14:59:12,y2311-P-7600,y2311-P-7600,404.0,0.0,0.0,0.0,10,199.5,0.0,0,404.0,0.0,0.0,0.0,0.0,0.0,11
2023-05-11 14:59:54,y2311-P-7600,y2311-P-7600,404.0,0.0,0.0,0.0,1,200.0,0.0,0,404.0,0.0,0.0,0.0,0.0,0.0,11
2023-05-11 14:59:54,y2311-P-7600,y2311-P-7600,404.0,0.0,0.0,0.0,10,200.5,0.0,0,404.0,0.0,0.0,0.0,0.0,0.0,11
2023-05-11 14:59:56,y2311-P-7600,y2311-P-7600,404.0,0.0,0.0,0.0,1,200.0,0.0,0,404.0,0.0,0.0,0.0,0.0,0.0,11
2023-05-11 15:01:10,y2311-P-7600,y2311-P-7600,404.0,0.0,0.0,0.0,1,200.0,0.0,0,404.0,0.0,0.0,0.0,0.0,0.0,11
