time,symbol_id,symbol_name,last,trade_volume,trade_amount,open_interest_change,bv1,bp1,ap1,av1,yesterday_close,today_open,today_high,today_low,volume,amount,open_interest
2023-05-10 08:30:01,OP90002161,中证500ETF购12月5750,0.0,0.0,0.0,-28.0,0,0.0,0.0,0,0.6505,0.6594,0.0,0.0,0.0,0.0,97
2023-05-10 09:25:00,OP90002161,中证500ETF购12月5750,0.0,0.0,0.0,0.0,1,0.6288,0.6598,1,0.6505,0.6594,0.0,0.0,0.0,0.0,97
2023-05-10 09:30:00,OP90002161,中证500ETF购12月5750,0.0,0.0,0.0,0.0,1,0.6288,0.6712,1,0.6505,0.6594,0.0,0.0,0.0,0.0,97
2023-05-10 09:30:00,OP90002161,中证500ETF购12月5750,0.0,0.0,0.0,0.0,1,0.6103,0.6712,1,0.6505,0.6594,0.0,0.0,0.0,0.0,97
2023-05-10 09:30:01,OP90002161,中证500ETF购12月5750,0.0,0.0,0.0,0.0,1,0.5855,0.6943,1,0.6505,0.6594,0.0,0.0,0.0,0.0,97
2023-05-10 09:30:02,OP90002161,中证500ETF购12月5750,0.0,0.0,0.0,0.0,1,0.5855,0.6967,1,0.6505,0.6594,0.0,0.0,0.0,0.0,97
2023-05-10 09:30:09,OP90002161,中证500ETF购12月5750,0.0,0.0,0.0,0.0,3,0.2447,0.0,0,0.6505,0.6594,0.0,0.0,0.0,0.0,97
2023-05-10 09:30:25,OP90002161,中证500ETF购12月5750,0.0,0.0,0.0,0.0,20,0.6275,0.6538,20,0.6505,0.6594,0.0,0.0,0.0,0.0,97
2023-05-10 09:30:25,OP90002161,中证500ETF购12月5750,0.0,0.0,0.0,0.0,20,0.63,0.6464,20,0.6505,0.6594,0.0,0.0,0.0,0.0,97
2023-05-10 09:30:27,OP90002161,中证500ETF购12月5750,0.0,0.0,0.0,0.0,20,0.63,0.6464,20,0.6505,0.6594,0.0,0.0,0.0,0.0,97
2023-05-10 09:30:29,OP90002161,中证500ETF购12月5750,0.0,0.0,0.0,0.0,20,0.63,0.6464,20,0.6505,0.6594,0.0,0.0,0.0,0.0,97
2023-05-10 09:30:31,OP90002161,中证500ETF购12月5750,0.0,0.0,0.0,0.0,20,0.63,0.6464,20,0.6505,0.6594,0.0,0.0,0.0,0.0,97
2023-05-10 09:30:33,OP90002161,中证500ETF购12月5750,0.0,0.0,0.0,0.0,20,0.629,0.6454,20,0.6505,0.6594,0.0,0.0,0.0,0.0,97
2023-05-10 09:30:34,OP90002161,中证500ETF购12月5750,0.0,0.0,0.0,0.0,20,0.629,0.6454,20,0.6505,0.6594,0.0,0.0,0.0,0.0,97
2023-05-10 09:30:35,OP90002161,中证500ETF购12月5750,0.0,0.0,0.0,0.0,20,0.6305,0.6469,20,0.6505,0.6594,0.0,0.0,0.0,0.0,97
2023-05-10 09:30:36,OP90002161,中证500ETF购12月5750,0.0,0.0,0.0,0.0,20,0.6305,0.6469,20,0.6505,0.6594,0.0,0.0,0.0,0.0,97
2023-05-10 09:30:37,OP90002161,中证500ETF购12月5750,0.0,0.0,0.0,0.0,20,0.6305,0.6469,20,0.6505,0.6594,0.0,0.0,0.0,0.0,97
2023-05-10 09:30:38,OP90002161,中证500ETF购12月5750,0.0,0.0,0.0,0.0,20,0.6305,0.6469,20,0.6505,0.6594,0.0,0.0,0.0,0.0,97
2023-05-10 09:30:38,OP90002161,中证500ETF购12月5750,0.0,0.0,0.0,0.0,20,0.6305,0.6469,20,0.6505,0.6594,0.0,0.0,0.0,0.0,97
2023-05-10 09:30:39,OP90002161,中证500ETF购12月5750,0.0,0.0,0.0,0.0,20,0.6289,0.6453,20,0.6505,0.6594,0.0,0.0,0.0,0.0,97
2023-05-10 09:30:40,OP90002161,中证500ETF购12月5750,0.0,0.0,0.0,0.0,20,0.628,0.6444,20,0.6505,0.6594,0.0,0.0,0.0,0.0,97
2023-05-10 09:30:41,OP90002161,中证500ETF购12月5750,0.0,0.0,0.0,0.0,20,0.628,0.6444,20,0.6505,0.6594,0.0,0.0,0.0,0.0,97
2023-05-10 09:30:41,OP90002161,中证500ETF购12月5750,0.0,0.0,0.0,0.0,20,0.628,0.6444,20,0.6505,0.6594,0.0,0.0,0.0,0.0,97
2023-05-10 09:30:42,OP90002161,中证500ETF购12月5750,0.0,0.0,0.0,0.0,40,0.6275,0.6434,20,0.6505,0.6594,0.0,0.0,0.0,0.0,97
2023-05-10 09:30:43,OP90002161,中证500ETF购12月5750,0.0,0.0,0.0,0.0,20,0.6281,0.6445,20,0.6505,0.6594,0.0,0.0,0.0,0.0,97
2023-05-10 09:30:47,OP90002161,中证500ETF购12月5750,0.0,0.0,0.0,0.0,20,0.6292,0.6456,20,0.6505,0.6594,0.0,0.0,0.0,0.0,97
2023-05-10 09:30:49,OP90002161,中证500ETF购12月5750,0.0,0.0,0.0,0.0,20,0.6292,0.6456,20,0.6505,0.6594,0.0,0.0,0.0,0.0,97
2023-05-10 09:30:49,OP90002161,中证500ETF购12月5750,0.0,0.0,0.0,0.0,20,0.6292,0.6456,20,0.6505,0.6594,0.0,0.0,0.0,0.0,97
2023-05-10 09:30:50,OP90002161,中证500ETF购12月5750,0.0,0.0,0.0,0.0,20,0.6292,0.6456,20,0.6505,0.6594,0.0,0.0,0.0,0.0,97
2023-05-10 09:30:53,OP90002161,中证500ETF购12月5750,0.0,0.0,0.0,0.0,20,0.6281,0.6445,20,0.6505,0.6594,0.0,0.0,0.0,0.0,97
2023-05-10 09:30:54,OP90002161,中证500ETF购12月5750,0.0,0.0,0.0,0.0,20,0.6291,0.6456,20,0.6505,0.6594,0.0,0.0,0.0,0.0,97
2023-05-10 09:30:56,OP90002161,中证500ETF购12月5750,0.0,0.0,0.0,0.0,20,0.6283,0.6447,20,0.6505,0.6594,0.0,0.0,0.0,0.0,97
2023-05-10 09:31:01,OP90002161,中证500ETF购12月5750,0.0,0.0,0.0,0.0,40,0.6275,0.6438,20,0.6505,0.6594,0.0,0.0,0.0,0.0,97
2023-05-10 09:31:02,OP90002161,中证500ETF购12月5750,0.0,0.0,0.0,0.0,40,0.6275,0.6438,20,0.6505,0.6594,0.0,0.0,0.0,0.0,97
2023-05-10 09:31:03,OP90002161,中证500ETF购12月5750,0.0,0.0,0.0,0.0,40,0.6275,0.6438,20,0.6505,0.6594,0.0,0.0,0.0,0.0,97
2023-05-10 09:31:03,OP90002161,中证500ETF购12月5750,0.0,0.0,0.0,0.0,40,0.6275,0.6438,20,0.6505,0.6594,0.0,0.0,0.0,0.0,97
2023-05-10 09:31:04,OP90002161,中证500ETF购12月5750,0.0,0.0,0.0,0.0,40,0.6275,0.6438,20,0.6505,0.6594,0.0,0.0,0.0,0.0,97
2023-05-10 09:31:05,OP90002161,中证500ETF购12月5750,0.0,0.0,0.0,0.0,40,0.6275,0.6438,20,0.6505,0.6594,0.0,0.0,0.0,0.0,97
2023-05-10 09:31:05,OP90002161,中证500ETF购12月5750,0.0,0.0,0.0,0.0,40,0.6275,0.6429,20,0.6505,0.6594,0.0,0.0,0.0,0.0,97
2023-05-10 09:31:07,OP90002161,中证500ETF购12月5750,0.0,0.0,0.0,0.0,20,0.6275,0.6429,20,0.6505,0.6594,0.0,0.0,0.0,0.0,97
2023-05-10 09:31:07,OP90002161,中证500ETF购12月5750,0.0,0.0,0.0,0.0,20,0.6261,0.6425,20,0.6505,0.6594,0.0,0.0,0.0,0.0,97
2023-05-10 09:31:08,OP90002161,中证500ETF购12月5750,0.0,0.0,0.0,0.0,20,0.625,0.6414,20,0.6505,0.6594,0.0,0.0,0.0,0.0,97
2023-05-10 09:31:10,OP90002161,中证500ETF购12月5750,0.0,0.0,0.0,0.0,40,0.6238,0.6402,20,0.6505,0.6594,0.0,0.0,0.0,0.0,97
2023-05-10 09:31:10,OP90002161,中证500ETF购12月5750,0.0,0.0,0.0,0.0,40,0.6238,0.6392,20,0.6505,0.6594,0.0,0.0,0.0,0.0,97
2023-05-10 09:31:12,OP90002161,中证500ETF购12月5750,0.0,0.0,0.0,0.0,20,0.6238,0.6392,20,0.6505,0.6594,0.0,0.0,0.0,0.0,97
2023-05-10 09:31:12,OP90002161,中证500ETF购12月5750,0.0,0.0,0.0,0.0,20,0.6225,0.6389,20,0.6505,0.6594,0.0,0.0,0.0,0.0,97
2023-05-10 09:31:13,OP90002161,中证500ETF购12月5750,0.0,0.0,0.0,0.0,20,0.6225,0.6389,20,0.6505,0.6594,0.0,0.0,0.0,0.0,97
2023-05-10 09:31:13,OP90002161,中证500ETF购12月5750,0.0,0.0,0.0,0.0,20,0.6225,0.6389,20,0.6505,0.6594,0.0,0.0,0.0,0.0,97
2023-05-10 09:31:15,OP90002161,中证500ETF购12月5750,0.0,0.0,0.0,0.0,20,0.6234,0.6398,20,0.6505,0.6594,0.0,0.0,0.0,0.0,97
2023-05-10 09:31:18,OP90002161,中证500ETF购12月5750,0.0,0.0,0.0,0.0,20,0.6234,0.6398,20,0.6505,0.6594,0.0,0.0,0.0,0.0,97
2023-05-10 09:31:22,OP90002161,中证500ETF购12月5750,0.0,0.0,0.0,0.0,20,0.6243,0.6407,20,0.6505,0.6594,0.0,0.0,0.0,0.0,97
2023-05-10 09:31:28,OP90002161,中证500ETF购12月5750,0.0,0.0,0.0,0.0,20,0.6252,0.6416,20,0.6505,0.6594,0.0,0.0,0.0,0.0,97
2023-05-10 09:31:30,OP90002161,中证500ETF购12月5750,0.0,0.0,0.0,0.0,20,0.624,0.6404,20,0.6505,0.6594,0.0,0.0,0.0,0.0,97
2023-05-10 09:31:30,OP90002161,中证500ETF购12月5750,0.0,0.0,0.0,0.0,20,0.624,0.6404,20,0.6505,0.6594,0.0,0.0,0.0,0.0,97
2023-05-10 09:31:31,OP90002161,中证500ETF购12月5750,0.0,0.0,0.0,0.0,20,0.6253,0.6417,20,0.6505,0.6594,0.0,0.0,0.0,0.0,97
2023-05-10 09:31:32,OP90002161,中证500ETF购12月5750,0.0,0.0,0.0,0.0,20,0.6253,0.6417,20,0.6505,0.6594,0.0,0.0,0.0,0.0,97
2023-05-10 09:31:35,OP90002161,中证500ETF购12月5750,0.0,0.0,0.0,0.0,20,0.6253,0.6417,20,0.6505,0.6594,0.0,0.0,0.0,0.0,97
2023-05-10 09:31:36,OP90002161,中证500ETF购12月5750,0.0,0.0,0.0,0.0,20,0.6264,0.6428,20,0.6505,0.6594,0.0,0.0,0.0,0.0,97
2023-05-10 09:31:40,OP90002161,中证500ETF购12月5750,0.0,0.0,0.0,0.0,20,0.6255,0.6419,20,0.6505,0.6594,0.0,0.0,0.0,0.0,97
2023-05-10 09:31:42,OP90002161,中证500ETF购12月5750,0.0,0.0,0.0,0.0,20,0.627,0.6434,20,0.6505,0.6594,0.0,0.0,0.0,0.0,97
2023-05-10 09:31:45,OP90002161,中证500ETF购12月5750,0.0,0.0,0.0,0.0,20,0.627,0.6434,20,0.6505,0.6594,0.0,0.0,0.0,0.0,97
2023-05-10 09:31:46,OP90002161,中证500ETF购12月5750,0.0,0.0,0.0,0.0,20,0.6259,0.6423,20,0.6505,0.6594,0.0,0.0,0.0,0.0,97
2023-05-10 09:31:50,OP90002161,中证500ETF购12月5750,0.0,0.0,0.0,0.0,20,0.6269,0.6433,20,0.6505,0.6594,0.0,0.0,0.0,0.0,97
2023-05-10 09:31:51,OP90002161,中证500ETF购12月5750,0.0,0.0,0.0,0.0,20,0.6269,0.6433,20,0.6505,0.6594,0.0,0.0,0.0,0.0,97
2023-05-10 09:31:51,OP90002161,中证500ETF购12月5750,0.0,0.0,0.0,0.0,20,0.6269,0.6433,20,0.6505,0.6594,0.0,0.0,0.0,0.0,97
2023-05-10 09:31:53,OP90002161,中证500ETF购12月5750,0.0,0.0,0.0,0.0,20,0.626,0.6424,20,0.6505,0.6594,0.0,0.0,0.0,0.0,97
2023-05-10 09:31:53,OP90002161,中证500ETF购12月5750,0.0,0.0,0.0,0.0,20,0.626,0.6424,20,0.6505,0.6594,0.0,0.0,0.0,0.0,97
2023-05-10 09:31:56,OP90002161,中证500ETF购12月5750,0.0,0.0,0.0,0.0,20,0.6269,0.6433,20,0.6505,0.6594,0.0,0.0,0.0,0.0,97
2023-05-10 09:31:59,OP90002161,中证500ETF购12月5750,0.0,0.0,0.0,0.0,20,0.6269,0.6433,20,0.6505,0.6594,0.0,0.0,0.0,0.0,97
2023-05-10 09:32:00,OP90002161,中证500ETF购12月5750,0.0,0.0,0.0,0.0,20,0.6269,0.6433,20,0.6505,0.6594,0.0,0.0,0.0,0.0,97
2023-05-10 09:32:00,OP90002161,中证500ETF购12月5750,0.0,0.0,0.0,0.0,20,0.6269,0.6433,20,0.6505,0.6594,0.0,0.0,0.0,0.0,97
2023-05-10 09:32:01,OP90002161,中证500ETF购12月5750,0.0,0.0,0.0,0.0,20,0.628,0.6444,20,0.6505,0.6594,0.0,0.0,0.0,0.0,97
2023-05-10 09:32:02,OP90002161,中证500ETF购12月5750,0.0,0.0,0.0,0.0,20,0.6291,0.6454,20,0.6505,0.6594,0.0,0.0,0.0,0.0,97
2023-05-10 09:32:02,OP90002161,中证500ETF购12月5750,0.0,0.0,0.0,0.0,20,0.6291,0.6454,30,0.6505,0.6594,0.0,0.0,0.0,0.0,97
2023-05-10 09:32:03,OP90002161,中证500ETF购12月5750,0.0,0.0,0.0,0.0,30,0.6291,0.6454,30,0.6505,0.6594,0.0,0.0,0.0,0.0,97
2023-05-10 09:32:04,OP90002161,中证500ETF购12月5750,0.0,0.0,0.0,0.0,30,0.6291,0.6454,30,0.6505,0.6594,0.0,0.0,0.0,0.0,97
2023-05-10 09:32:05,OP90002161,中证500ETF购12月5750,0.0,0.0,0.0,0.0,30,0.6291,0.6454,30,0.6505,0.6594,0.0,0.0,0.0,0.0,97
2023-05-10 09:32:06,OP90002161,中证500ETF购12月5750,0.0,0.0,0.0,0.0,20,0.63,0.6454,30,0.6505,0.6594,0.0,0.0,0.0,0.0,97
2023-05-10 09:32:06,OP90002161,中证500ETF购12月5750,0.0,0.0,0.0,0.0,30,0.63,0.6454,30,0.6505,0.6594,0.0,0.0,0.0,0.0,97
2023-05-10 09:32:08,OP90002161,中证500ETF购12月5750,0.0,0.0,0.0,0.0,30,0.63,0.6443,20,0.6505,0.6594,0.0,0.0,0.0,0.0,97
2023-05-10 09:32:08,OP90002161,中证500ETF购12月5750,0.0,0.0,0.0,0.0,30,0.63,0.6443,20,0.6505,0.6594,0.0,0.0,0.0,0.0,97
2023-05-10 09:32:09,OP90002161,中证500ETF购12月5750,0.0,0.0,0.0,0.0,30,0.63,0.6443,20,0.6505,0.6594,0.0,0.0,0.0,0.0,97
2023-05-10 09:32:14,OP90002161,中证500ETF购12月5750,0.0,0.0,0.0,0.0,30,0.63,0.6443,20,0.6505,0.6594,0.0,0.0,0.0,0.0,97
2023-05-10 09:32:15,OP90002161,中证500ETF购12月5750,0.0,0.0,0.0,0.0,20,0.6319,0.6443,20,0.6505,0.6594,0.0,0.0,0.0,0.0,97
2023-05-10 09:32:15,OP90002161,中证500ETF购12月5750,0.0,0.0,0.0,0.0,40,0.6319,0.645,30,0.6505,0.6594,0.0,0.0,0.0,0.0,97
2023-05-10 09:32:16,OP90002161,中证500ETF购12月5750,0.0,0.0,0.0,0.0,40,0.6319,0.645,30,0.6505,0.6594,0.0,0.0,0.0,0.0,97
2023-05-10 09:32:16,OP90002161,中证500ETF购12月5750,0.0,0.0,0.0,0.0,40,0.6319,0.645,30,0.6505,0.6594,0.0,0.0,0.0,0.0,97
2023-05-10 09:32:21,OP90002161,中证500ETF购12月5750,0.0,0.0,0.0,0.0,40,0.6319,0.645,30,0.6505,0.6594,0.0,0.0,0.0,0.0,97
2023-05-10 09:32:24,OP90002161,中证500ETF购12月5750,0.0,0.0,0.0,0.0,20,0.6343,0.645,30,0.6505,0.6594,0.0,0.0,0.0,0.0,97
2023-05-10 09:32:24,OP90002161,中证500ETF购12月5750,0.0,0.0,0.0,0.0,20,0.6343,0.645,30,0.6505,0.6594,0.0,0.0,0.0,0.0,97
2023-05-10 09:32:25,OP90002161,中证500ETF购12月5750,0.0,0.0,0.0,0.0,20,0.6343,0.645,20,0.6505,0.6594,0.0,0.0,0.0,0.0,97
2023-05-10 09:32:25,OP90002161,中证500ETF购12月5750,0.0,0.0,0.0,0.0,20,0.6343,0.645,20,0.6505,0.6594,0.0,0.0,0.0,0.0,97
2023-05-10 09:32:30,OP90002161,中证500ETF购12月5750,0.0,0.0,0.0,0.0,20,0.6343,0.645,30,0.6505,0.6594,0.0,0.0,0.0,0.0,97
2023-05-10 09:32:37,OP90002161,中证500ETF购12月5750,0.0,0.0,0.0,0.0,20,0.6343,0.645,30,0.6505,0.6594,0.0,0.0,0.0,0.0,97
2023-05-10 09:32:39,OP90002161,中证500ETF购12月5750,0.0,0.0,0.0,0.0,20,0.6343,0.645,20,0.6505,0.6594,0.0,0.0,0.0,0.0,97
2023-05-10 09:32:41,OP90002161,中证500ETF购12月5750,0.0,0.0,0.0,0.0,20,0.6343,0.645,20,0.6505,0.6594,0.0,0.0,0.0,0.0,97
2023-05-10 09:32:42,OP90002161,中证500ETF购12月5750,0.0,0.0,0.0,0.0,20,0.6343,0.6454,30,0.6505,0.6594,0.0,0.0,0.0,0.0,97
2023-05-10 09:32:43,OP90002161,中证500ETF购12月5750,0.0,0.0,0.0,0.0,20,0.6343,0.6454,20,0.6505,0.6594,0.0,0.0,0.0,0.0,97
2023-05-10 09:32:45,OP90002161,中证500ETF购12月5750,0.0,0.0,0.0,0.0,20,0.6343,0.6454,20,0.6505,0.6594,0.0,0.0,0.0,0.0,97
2023-05-10 09:32:45,OP90002161,中证500ETF购12月5750,0.0,0.0,0.0,0.0,20,0.6343,0.6455,40,0.6505,0.6594,0.0,0.0,0.0,0.0,97
2023-05-10 09:32:46,OP90002161,中证500ETF购12月5750,0.0,0.0,0.0,0.0,20,0.6343,0.6455,50,0.6505,0.6594,0.0,0.0,0.0,0.0,97
2023-05-10 09:32:46,OP90002161,中证500ETF购12月5750,0.0,0.0,0.0,0.0,20,0.6343,0.6455,50,0.6505,0.6594,0.0,0.0,0.0,0.0,97
2023-05-10 09:32:47,OP90002161,中证500ETF购12月5750,0.0,0.0,0.0,0.0,20,0.6343,0.6455,50,0.6505,0.6594,0.0,0.0,0.0,0.0,97
2023-05-10 09:32:47,OP90002161,中证500ETF购12月5750,0.0,0.0,0.0,0.0,10,0.6327,0.6455,50,0.6505,0.6594,0.0,0.0,0.0,0.0,97
2023-05-10 09:32:48,OP90002161,中证500ETF购12月5750,0.0,0.0,0.0,0.0,20,0.6324,0.6455,50,0.6505,0.6594,0.0,0.0,0.0,0.0,97
2023-05-10 09:32:48,OP90002161,中证500ETF购12月5750,0.0,0.0,0.0,0.0,20,0.6324,0.6455,50,0.6505,0.6594,0.0,0.0,0.0,0.0,97
2023-05-10 09:32:49,OP90002161,中证500ETF购12月5750,0.0,0.0,0.0,0.0,20,0.6324,0.6455,50,0.6505,0.6594,0.0,0.0,0.0,0.0,97
2023-05-10 09:32:54,OP90002161,中证500ETF购12月5750,0.0,0.0,0.0,0.0,20,0.6342,0.6455,50,0.6505,0.6594,0.0,0.0,0.0,0.0,97
2023-05-10 09:32:55,OP90002161,中证500ETF购12月5750,0.0,0.0,0.0,0.0,20,0.6342,0.6455,50,0.6505,0.6594,0.0,0.0,0.0,0.0,97
2023-05-10 09:32:55,OP90002161,中证500ETF购12月5750,0.0,0.0,0.0,0.0,20,0.6342,0.6455,50,0.6505,0.6594,0.0,0.0,0.0,0.0,97
2023-05-10 09:32:59,OP90002161,中证500ETF购12月5750,0.0,0.0,0.0,0.0,20,0.6342,0.6455,70,0.6505,0.6594,0.0,0.0,0.0,0.0,97
2023-05-10 09:32:59,OP90002161,中证500ETF购12月5750,0.0,0.0,0.0,0.0,20,0.6342,0.6455,70,0.6505,0.6594,0.0,0.0,0.0,0.0,97
2023-05-10 09:33:01,OP90002161,中证500ETF购12月5750,0.0,0.0,0.0,0.0,20,0.6342,0.6455,60,0.6505,0.6594,0.0,0.0,0.0,0.0,97
2023-05-10 09:33:02,OP90002161,中证500ETF购12月5750,0.0,0.0,0.0,0.0,20,0.6342,0.6455,60,0.6505,0.6594,0.0,0.0,0.0,0.0,97
2023-05-10 09:33:03,OP90002161,中证500ETF购12月5750,0.0,0.0,0.0,0.0,20,0.6342,0.6454,15,0.6505,0.6594,0.0,0.0,0.0,0.0,97
2023-05-10 09:33:03,OP90002161,中证500ETF购12月5750,0.0,0.0,0.0,0.0,20,0.6342,0.6454,15,0.6505,0.6594,0.0,0.0,0.0,0.0,97
2023-05-10 09:33:05,OP90002161,中证500ETF购12月5750,0.0,0.0,0.0,0.0,20,0.6342,0.6454,15,0.6505,0.6594,0.0,0.0,0.0,0.0,97
2023-05-10 09:33:07,OP90002161,中证500ETF购12月5750,0.0,0.0,0.0,0.0,20,0.6342,0.6454,15,0.6505,0.6594,0.0,0.0,0.0,0.0,97
2023-05-10 09:33:08,OP90002161,中证500ETF购12月5750,0.0,0.0,0.0,0.0,20,0.6359,0.6421,20,0.6505,0.6594,0.0,0.0,0.0,0.0,97
2023-05-10 09:33:08,OP90002161,中证500ETF购12月5750,0.0,0.0,0.0,0.0,20,0.6359,0.6421,20,0.6505,0.6594,0.0,0.0,0.0,0.0,97
2023-05-10 09:33:09,OP90002161,中证500ETF购12月5750,0.0,0.0,0.0,0.0,20,0.6359,0.6421,20,0.6505,0.6594,0.0,0.0,0.0,0.0,97
2023-05-10 09:33:13,OP90002161,中证500ETF购12月5750,0.0,0.0,0.0,0.0,20,0.6372,0.6429,20,0.6505,0.6594,0.0,0.0,0.0,0.0,97
2023-05-10 09:33:14,OP90002161,中证500ETF购12月5750,0.0,0.0,0.0,0.0,20,0.6372,0.6429,20,0.6505,0.6594,0.0,0.0,0.0,0.0,97
2023-05-10 09:33:15,OP90002161,中证500ETF购12月5750,0.0,0.0,0.0,0.0,20,0.6372,0.6429,20,0.6505,0.6594,0.0,0.0,0.0,0.0,97
2023-05-10 09:33:22,OP90002161,中证500ETF购12月5750,0.0,0.0,0.0,0.0,20,0.6372,0.6429,20,0.6505,0.6594,0.0,0.0,0.0,0.0,97
2023-05-10 09:33:22,OP90002161,中证500ETF购12月5750,0.0,0.0,0.0,0.0,20,0.6372,0.6429,20,0.6505,0.6594,0.0,0.0,0.0,0.0,97
2023-05-10 09:33:30,OP90002161,中证500ETF购12月5750,0.0,0.0,0.0,0.0,20,0.6372,0.6429,20,0.6505,0.6594,0.0,0.0,0.0,0.0,97
2023-05-10 09:33:34,OP90002161,中证500ETF购12月5750,0.0,0.0,0.0,0.0,20,0.6364,0.6417,20,0.6505,0.6594,0.0,0.0,0.0,0.0,97
2023-05-10 09:33:34,OP90002161,中证500ETF购12月5750,0.0,0.0,0.0,0.0,20,0.6364,0.6417,20,0.6505,0.6594,0.0,0.0,0.0,0.0,97
2023-05-10 09:33:36,OP90002161,中证500ETF购12月5750,0.0,0.0,0.0,0.0,20,0.6364,0.6417,20,0.6505,0.6594,0.0,0.0,0.0,0.0,97
2023-05-10 09:33:41,OP90002161,中证500ETF购12月5750,0.0,0.0,0.0,0.0,20,0.6364,0.6417,20,0.6505,0.6594,0.0,0.0,0.0,0.0,97
2023-05-10 09:33:46,OP90002161,中证500ETF购12月5750,0.0,0.0,0.0,0.0,20,0.6364,0.6417,20,0.6505,0.6594,0.0,0.0,0.0,0.0,97
2023-05-10 09:33:49,OP90002161,中证500ETF购12月5750,0.0,0.0,0.0,0.0,10,0.6348,0.6418,20,0.6505,0.6594,0.0,0.0,0.0,0.0,97
2023-05-10 09:33:50,OP90002161,中证500ETF购12月5750,0.0,0.0,0.0,0.0,10,0.6342,0.6433,50,0.6505,0.6594,0.0,0.0,0.0,0.0,97
2023-05-10 09:33:50,OP90002161,中证500ETF购12月5750,0.0,0.0,0.0,0.0,10,0.6326,0.6432,15,0.6505,0.6594,0.0,0.0,0.0,0.0,97
2023-05-10 09:33:51,OP90002161,中证500ETF购12月5750,0.0,0.0,0.0,0.0,10,0.6324,0.6432,15,0.6505,0.6594,0.0,0.0,0.0,0.0,97
2023-05-10 09:33:51,OP90002161,中证500ETF购12月5750,0.0,0.0,0.0,0.0,20,0.6321,0.6432,15,0.6505,0.6594,0.0,0.0,0.0,0.0,97
2023-05-10 09:33:52,OP90002161,中证500ETF购12月5750,0.0,0.0,0.0,0.0,20,0.6321,0.6432,15,0.6505,0.6594,0.0,0.0,0.0,0.0,97
2023-05-10 09:33:52,OP90002161,中证500ETF购12月5750,0.0,0.0,0.0,0.0,20,0.6321,0.6432,15,0.6505,0.6594,0.0,0.0,0.0,0.0,97
2023-05-10 09:33:54,OP90002161,中证500ETF购12月5750,0.0,0.0,0.0,0.0,20,0.6321,0.6432,15,0.6505,0.6594,0.0,0.0,0.0,0.0,97
2023-05-10 09:33:56,OP90002161,中证500ETF购12月5750,0.0,0.0,0.0,0.0,20,0.6321,0.6432,15,0.6505,0.6594,0.0,0.0,0.0,0.0,97
2023-05-10 09:33:57,OP90002161,中证500ETF购12月5750,0.0,0.0,0.0,0.0,20,0.6321,0.6432,15,0.6505,0.6594,0.0,0.0,0.0,0.0,97
2023-05-10 09:33:58,OP90002161,中证500ETF购12月5750,0.0,0.0,0.0,0.0,20,0.6321,0.6432,15,0.6505,0.6594,0.0,0.0,0.0,0.0,97
2023-05-10 09:33:58,OP90002161,中证500ETF购12月5750,0.0,0.0,0.0,0.0,20,0.6321,0.6432,15,0.6505,0.6594,0.0,0.0,0.0,0.0,97
2023-05-10 09:33:59,OP90002161,中证500ETF购12月5750,0.0,0.0,0.0,0.0,20,0.6321,0.6432,15,0.6505,0.6594,0.0,0.0,0.0,0.0,97
2023-05-10 09:34:00,OP90002161,中证500ETF购12月5750,0.0,0.0,0.0,0.0,20,0.6321,0.6432,15,0.6505,0.6594,0.0,0.0,0.0,0.0,97
2023-05-10 09:34:01,OP90002161,中证500ETF购12月5750,0.0,0.0,0.0,0.0,20,0.6321,0.6432,15,0.6505,0.6594,0.0,0.0,0.0,0.0,97
2023-05-10 09:34:01,OP90002161,中证500ETF购12月5750,0.0,0.0,0.0,0.0,20,0.6321,0.6432,15,0.6505,0.6594,0.0,0.0,0.0,0.0,97
2023-05-10 09:34:02,OP90002161,中证500ETF购12月5750,0.0,0.0,0.0,0.0,20,0.6321,0.6432,15,0.6505,0.6594,0.0,0.0,0.0,0.0,97
2023-05-10 09:34:02,OP90002161,中证500ETF购12月5750,0.0,0.0,0.0,0.0,20,0.6321,0.6432,15,0.6505,0.6594,0.0,0.0,0.0,0.0,97
2023-05-10 09:34:03,OP90002161,中证500ETF购12月5750,0.0,0.0,0.0,0.0,20,0.6321,0.6432,15,0.6505,0.6594,0.0,0.0,0.0,0.0,97
2023-05-10 09:34:03,OP90002161,中证500ETF购12月5750,0.0,0.0,0.0,0.0,20,0.6321,0.6432,15,0.6505,0.6594,0.0,0.0,0.0,0.0,97
2023-05-10 09:34:04,OP90002161,中证500ETF购12月5750,0.0,0.0,0.0,0.0,20,0.6321,0.6432,15,0.6505,0.6594,0.0,0.0,0.0,0.0,97
2023-05-10 09:34:06,OP90002161,中证500ETF购12月5750,0.0,0.0,0.0,0.0,20,0.6321,0.6432,15,0.6505,0.6594,0.0,0.0,0.0,0.0,97
2023-05-10 09:34:08,OP90002161,中证500ETF购12月5750,0.0,0.0,0.0,0.0,20,0.6321,0.6432,15,0.6505,0.6594,0.0,0.0,0.0,0.0,97
2023-05-10 09:34:10,OP90002161,中证500ETF购12月5750,0.0,0.0,0.0,0.0,20,0.6321,0.6432,15,0.6505,0.6594,0.0,0.0,0.0,0.0,97
2023-05-10 09:34:12,OP90002161,中证500ETF购12月5750,0.0,0.0,0.0,0.0,20,0.6321,0.6432,15,0.6505,0.6594,0.0,0.0,0.0,0.0,97
2023-05-10 09:34:14,OP90002161,中证500ETF购12月5750,0.0,0.0,0.0,0.0,20,0.6321,0.6432,15,0.6505,0.6594,0.0,0.0,0.0,0.0,97
2023-05-10 09:34:20,OP90002161,中证500ETF购12月5750,0.0,0.0,0.0,0.0,20,0.6321,0.6432,25,0.6505,0.6594,0.0,0.0,0.0,0.0,97
2023-05-10 09:34:26,OP90002161,中证500ETF购12月5750,0.0,0.0,0.0,0.0,20,0.6321,0.6432,25,0.6505,0.6594,0.0,0.0,0.0,0.0,97
2023-05-10 09:34:27,OP90002161,中证500ETF购12月5750,0.0,0.0,0.0,0.0,20,0.6321,0.6432,15,0.6505,0.6594,0.0,0.0,0.0,0.0,97
2023-05-10 09:34:27,OP90002161,中证500ETF购12月5750,0.0,0.0,0.0,0.0,20,0.6321,0.6432,15,0.6505,0.6594,0.0,0.0,0.0,0.0,97
2023-05-10 09:34:28,OP90002161,中证500ETF购12月5750,0.0,0.0,0.0,0.0,20,0.6321,0.6432,15,0.6505,0.6594,0.0,0.0,0.0,0.0,97
2023-05-10 09:34:28,OP90002161,中证500ETF购12月5750,0.0,0.0,0.0,0.0,20,0.6347,0.6432,15,0.6505,0.6594,0.0,0.0,0.0,0.0,97
2023-05-10 09:34:29,OP90002161,中证500ETF购12月5750,0.0,0.0,0.0,0.0,20,0.6347,0.6432,15,0.6505,0.6594,0.0,0.0,0.0,0.0,97
2023-05-10 09:34:29,OP90002161,中证500ETF购12月5750,0.0,0.0,0.0,0.0,20,0.6347,0.6438,10,0.6505,0.6594,0.0,0.0,0.0,0.0,97
2023-05-10 09:34:30,OP90002161,中证500ETF购12月5750,0.0,0.0,0.0,0.0,20,0.6347,0.6437,15,0.6505,0.6594,0.0,0.0,0.0,0.0,97
2023-05-10 09:34:30,OP90002161,中证500ETF购12月5750,0.0,0.0,0.0,0.0,20,0.6347,0.6437,15,0.6505,0.6594,0.0,0.0,0.0,0.0,97
2023-05-10 09:34:32,OP90002161,中证500ETF购12月5750,0.0,0.0,0.0,0.0,20,0.6347,0.6437,15,0.6505,0.6594,0.0,0.0,0.0,0.0,97
2023-05-10 09:34:33,OP90002161,中证500ETF购12月5750,0.0,0.0,0.0,0.0,20,0.6347,0.6437,35,0.6505,0.6594,0.0,0.0,0.0,0.0,97
2023-05-10 09:34:33,OP90002161,中证500ETF购12月5750,0.0,0.0,0.0,0.0,20,0.6347,0.6437,35,0.6505,0.6594,0.0,0.0,0.0,0.0,97
2023-05-10 09:34:34,OP90002161,中证500ETF购12月5750,0.0,0.0,0.0,0.0,20,0.6347,0.6437,35,0.6505,0.6594,0.0,0.0,0.0,0.0,97
2023-05-10 09:34:35,OP90002161,中证500ETF购12月5750,0.0,0.0,0.0,0.0,20,0.6354,0.6431,20,0.6505,0.6594,0.0,0.0,0.0,0.0,97
2023-05-10 09:34:35,OP90002161,中证500ETF购12月5750,0.0,0.0,0.0,0.0,20,0.6354,0.6431,20,0.6505,0.6594,0.0,0.0,0.0,0.0,97
2023-05-10 09:34:36,OP90002161,中证500ETF购12月5750,0.0,0.0,0.0,0.0,20,0.6354,0.6431,20,0.6505,0.6594,0.0,0.0,0.0,0.0,97
2023-05-10 09:34:37,OP90002161,中证500ETF购12月5750,0.0,0.0,0.0,0.0,20,0.6354,0.6431,20,0.6505,0.6594,0.0,0.0,0.0,0.0,97
2023-05-10 09:34:38,OP90002161,中证500ETF购12月5750,0.0,0.0,0.0,0.0,20,0.6354,0.6431,20,0.6505,0.6594,0.0,0.0,0.0,0.0,97
2023-05-10 09:34:41,OP90002161,中证500ETF购12月5750,0.0,0.0,0.0,0.0,20,0.6354,0.6431,40,0.6505,0.6594,0.0,0.0,0.0,0.0,97
2023-05-10 09:34:42,OP90002161,中证500ETF购12月5750,0.0,0.0,0.0,0.0,20,0.6354,0.643,15,0.6505,0.6594,0.0,0.0,0.0,0.0,97
2023-05-10 09:34:44,OP90002161,中证500ETF购12月5750,0.0,0.0,0.0,0.0,20,0.6354,0.643,15,0.6505,0.6594,0.0,0.0,0.0,0.0,97
2023-05-10 09:34:46,OP90002161,中证500ETF购12月5750,0.0,0.0,0.0,0.0,10,0.6338,0.643,15,0.6505,0.6594,0.0,0.0,0.0,0.0,97
2023-05-10 09:34:46,OP90002161,中证500ETF购12月5750,0.0,0.0,0.0,0.0,20,0.6342,0.6419,20,0.6505,0.6594,0.0,0.0,0.0,0.0,97
2023-05-10 09:34:47,OP90002161,中证500ETF购12月5750,0.0,0.0,0.0,0.0,20,0.6342,0.6418,15,0.6505,0.6594,0.0,0.0,0.0,0.0,97
2023-05-10 09:34:47,OP90002161,中证500ETF购12月5750,0.0,0.0,0.0,0.0,20,0.6342,0.6418,15,0.6505,0.6594,0.0,0.0,0.0,0.0,97
2023-05-10 09:34:48,OP90002161,中证500ETF购12月5750,0.0,0.0,0.0,0.0,20,0.6342,0.6419,20,0.6505,0.6594,0.0,0.0,0.0,0.0,97
2023-05-10 09:34:48,OP90002161,中证500ETF购12月5750,0.0,0.0,0.0,0.0,20,0.6342,0.6419,20,0.6505,0.6594,0.0,0.0,0.0,0.0,97
2023-05-10 09:34:51,OP90002161,中证500ETF购12月5750,0.0,0.0,0.0,0.0,20,0.6327,0.6432,20,0.6505,0.6594,0.0,0.0,0.0,0.0,97
2023-05-10 09:34:51,OP90002161,中证500ETF购12月5750,0.0,0.0,0.0,0.0,20,0.6355,0.6432,20,0.6505,0.6594,0.0,0.0,0.0,0.0,97
2023-05-10 09:34:52,OP90002161,中证500ETF购12月5750,0.0,0.0,0.0,0.0,20,0.6355,0.6432,20,0.6505,0.6594,0.0,0.0,0.0,0.0,97
2023-05-10 09:34:52,OP90002161,中证500ETF购12月5750,0.0,0.0,0.0,0.0,20,0.6355,0.6432,20,0.6505,0.6594,0.0,0.0,0.0,0.0,97
2023-05-10 09:34:53,OP90002161,中证500ETF购12月5750,0.0,0.0,0.0,0.0,20,0.6355,0.6432,20,0.6505,0.6594,0.0,0.0,0.0,0.0,97
2023-05-10 09:34:54,OP90002161,中证500ETF购12月5750,0.0,0.0,0.0,0.0,20,0.6355,0.6432,20,0.6505,0.6594,0.0,0.0,0.0,0.0,97
2023-05-10 09:34:54,OP90002161,中证500ETF购12月5750,0.0,0.0,0.0,0.0,20,0.6355,0.6432,20,0.6505,0.6594,0.0,0.0,0.0,0.0,97
2023-05-10 09:34:55,OP90002161,中证500ETF购12月5750,0.0,0.0,0.0,0.0,20,0.6355,0.6432,20,0.6505,0.6594,0.0,0.0,0.0,0.0,97
2023-05-10 09:34:56,OP90002161,中证500ETF购12月5750,0.0,0.0,0.0,0.0,20,0.6348,0.6443,30,0.6505,0.6594,0.0,0.0,0.0,0.0,97
2023-05-10 09:34:56,OP90002161,中证500ETF购12月5750,0.0,0.0,0.0,0.0,20,0.6339,0.6443,10,0.6505,0.6594,0.0,0.0,0.0,0.0,97
2023-05-10 09:34:57,OP90002161,中证500ETF购12月5750,0.0,0.0,0.0,0.0,20,0.637,0.6447,20,0.6505,0.6594,0.0,0.0,0.0,0.0,97
2023-05-10 09:34:57,OP90002161,中证500ETF购12月5750,0.0,0.0,0.0,0.0,20,0.637,0.6446,15,0.6505,0.6594,0.0,0.0,0.0,0.0,97
2023-05-10 09:34:58,OP90002161,中证500ETF购12月5750,0.0,0.0,0.0,0.0,20,0.637,0.6446,15,0.6505,0.6594,0.0,0.0,0.0,0.0,97
2023-05-10 09:34:59,OP90002161,中证500ETF购12月5750,0.0,0.0,0.0,0.0,20,0.637,0.6446,15,0.6505,0.6594,0.0,0.0,0.0,0.0,97
2023-05-10 09:35:00,OP90002161,中证500ETF购12月5750,0.0,0.0,0.0,0.0,20,0.637,0.6447,20,0.6505,0.6594,0.0,0.0,0.0,0.0,97
2023-05-10 09:35:01,OP90002161,中证500ETF购12月5750,0.0,0.0,0.0,0.0,20,0.637,0.6447,20,0.6505,0.6594,0.0,0.0,0.0,0.0,97
2023-05-10 09:35:01,OP90002161,中证500ETF购12月5750,0.0,0.0,0.0,0.0,20,0.637,0.6447,20,0.6505,0.6594,0.0,0.0,0.0,0.0,97
2023-05-10 09:35:02,OP90002161,中证500ETF购12月5750,0.0,0.0,0.0,0.0,20,0.637,0.6447,20,0.6505,0.6594,0.0,0.0,0.0,0.0,97
2023-05-10 09:35:02,OP90002161,中证500ETF购12月5750,0.0,0.0,0.0,0.0,20,0.637,0.6447,20,0.6505,0.6594,0.0,0.0,0.0,0.0,97
2023-05-10 09:35:03,OP90002161,中证500ETF购12月5750,0.0,0.0,0.0,0.0,20,0.637,0.6446,15,0.6505,0.6594,0.0,0.0,0.0,0.0,97
2023-05-10 09:35:03,OP90002161,中证500ETF购12月5750,0.0,0.0,0.0,0.0,20,0.637,0.6446,15,0.6505,0.6594,0.0,0.0,0.0,0.0,97
2023-05-10 09:35:04,OP90002161,中证500ETF购12月5750,0.0,0.0,0.0,0.0,20,0.636,0.6437,20,0.6505,0.6594,0.0,0.0,0.0,0.0,97
2023-05-10 09:35:04,OP90002161,中证500ETF购12月5750,0.0,0.0,0.0,0.0,20,0.636,0.6437,20,0.6505,0.6594,0.0,0.0,0.0,0.0,97
2023-05-10 09:35:05,OP90002161,中证500ETF购12月5750,0.0,0.0,0.0,0.0,20,0.636,0.6437,20,0.6505,0.6594,0.0,0.0,0.0,0.0,97
2023-05-10 09:35:07,OP90002161,中证500ETF购12月5750,0.0,0.0,0.0,0.0,20,0.636,0.6437,20,0.6505,0.6594,0.0,0.0,0.0,0.0,97
2023-05-10 09:35:09,OP90002161,中证500ETF购12月5750,0.0,0.0,0.0,0.0,40,0.636,0.6437,40,0.6505,0.6594,0.0,0.0,0.0,0.0,97
2023-05-10 09:35:11,OP90002161,中证500ETF购12月5750,0.0,0.0,0.0,0.0,20,0.636,0.6437,20,0.6505,0.6594,0.0,0.0,0.0,0.0,97
2023-05-10 09:35:11,OP90002161,中证500ETF购12月5750,0.0,0.0,0.0,0.0,20,0.6371,0.6448,20,0.6505,0.6594,0.0,0.0,0.0,0.0,97
2023-05-10 09:35:12,OP90002161,中证500ETF购12月5750,0.0,0.0,0.0,0.0,20,0.6371,0.6447,15,0.6505,0.6594,0.0,0.0,0.0,0.0,97
2023-05-10 09:35:13,OP90002161,中证500ETF购12月5750,0.0,0.0,0.0,0.0,20,0.6375,0.6447,15,0.6505,0.6594,0.0,0.0,0.0,0.0,97
2023-05-10 09:35:13,OP90002161,中证500ETF购12月5750,0.0,0.0,0.0,0.0,20,0.6375,0.6447,15,0.6505,0.6594,0.0,0.0,0.0,0.0,97
2023-05-10 09:35:15,OP90002161,中证500ETF购12月5750,0.0,0.0,0.0,0.0,20,0.6375,0.6448,40,0.6505,0.6594,0.0,0.0,0.0,0.0,97
2023-05-10 09:35:17,OP90002161,中证500ETF购12月5750,0.0,0.0,0.0,0.0,20,0.6375,0.6448,40,0.6505,0.6594,0.0,0.0,0.0,0.0,97
2023-05-10 09:35:17,OP90002161,中证500ETF购12月5750,0.0,0.0,0.0,0.0,20,0.6375,0.6447,15,0.6505,0.6594,0.0,0.0,0.0,0.0,97
2023-05-10 09:35:19,OP90002161,中证500ETF购12月5750,0.0,0.0,0.0,0.0,20,0.6375,0.6448,40,0.6505,0.6594,0.0,0.0,0.0,0.0,97
2023-05-10 09:35:20,OP90002161,中证500ETF购12月5750,0.0,0.0,0.0,0.0,20,0.6375,0.6448,40,0.6505,0.6594,0.0,0.0,0.0,0.0,97
2023-05-10 09:35:20,OP90002161,中证500ETF购12月5750,0.0,0.0,0.0,0.0,20,0.6375,0.6447,15,0.6505,0.6594,0.0,0.0,0.0,0.0,97
2023-05-10 09:35:22,OP90002161,中证500ETF购12月5750,0.0,0.0,0.0,0.0,20,0.6375,0.6447,15,0.6505,0.6594,0.0,0.0,0.0,0.0,97
2023-05-10 09:35:31,OP90002161,中证500ETF购12月5750,0.0,0.0,0.0,0.0,20,0.6375,0.6447,15,0.6505,0.6594,0.0,0.0,0.0,0.0,97
2023-05-10 09:35:32,OP90002161,中证500ETF购12月5750,0.0,0.0,0.0,0.0,20,0.6375,0.6447,15,0.6505,0.6594,0.0,0.0,0.0,0.0,97
2023-05-10 09:35:33,OP90002161,中证500ETF购12月5750,0.0,0.0,0.0,0.0,20,0.6375,0.6447,15,0.6505,0.6594,0.0,0.0,0.0,0.0,97
2023-05-10 09:35:35,OP90002161,中证500ETF购12月5750,0.0,0.0,0.0,0.0,20,0.6375,0.6448,40,0.6505,0.6594,0.0,0.0,0.0,0.0,97
2023-05-10 09:35:35,OP90002161,中证500ETF购12月5750,0.0,0.0,0.0,0.0,20,0.6375,0.6448,40,0.6505,0.6594,0.0,0.0,0.0,0.0,97
2023-05-10 09:35:36,OP90002161,中证500ETF购12月5750,0.0,0.0,0.0,0.0,20,0.6375,0.6448,40,0.6505,0.6594,0.0,0.0,0.0,0.0,97
2023-05-10 09:35:37,OP90002161,中证500ETF购12月5750,0.0,0.0,0.0,0.0,20,0.6375,0.6448,40,0.6505,0.6594,0.0,0.0,0.0,0.0,97
2023-05-10 09:35:37,OP90002161,中证500ETF购12月5750,0.0,0.0,0.0,0.0,20,0.6375,0.6447,15,0.6505,0.6594,0.0,0.0,0.0,0.0,97
2023-05-10 09:35:38,OP90002161,中证500ETF购12月5750,0.0,0.0,0.0,0.0,20,0.6375,0.6447,25,0.6505,0.6594,0.0,0.0,0.0,0.0,97
2023-05-10 09:35:40,OP90002161,中证500ETF购12月5750,0.0,0.0,0.0,0.0,20,0.6375,0.6447,10,0.6505,0.6594,0.0,0.0,0.0,0.0,97
2023-05-10 09:35:49,OP90002161,中证500ETF购12月5750,0.0,0.0,0.0,0.0,20,0.6394,0.6447,10,0.6505,0.6594,0.0,0.0,0.0,0.0,97
2023-05-10 09:35:50,OP90002161,中证500ETF购12月5750,0.0,0.0,0.0,0.0,20,0.6394,0.6447,30,0.6505,0.6594,0.0,0.0,0.0,0.0,97
2023-05-10 09:35:50,OP90002161,中证500ETF购12月5750,0.0,0.0,0.0,0.0,20,0.6394,0.6447,30,0.6505,0.6594,0.0,0.0,0.0,0.0,97
2023-05-10 09:35:51,OP90002161,中证500ETF购12月5750,0.0,0.0,0.0,0.0,20,0.6394,0.6447,20,0.6505,0.6594,0.0,0.0,0.0,0.0,97
2023-05-10 09:35:56,OP90002161,中证500ETF购12月5750,0.0,0.0,0.0,0.0,20,0.6394,0.6447,30,0.6505,0.6594,0.0,0.0,0.0,0.0,97
2023-05-10 09:35:57,OP90002161,中证500ETF购12月5750,0.0,0.0,0.0,0.0,20,0.6394,0.6447,30,0.6505,0.6594,0.0,0.0,0.0,0.0,97
2023-05-10 09:35:59,OP90002161,中证500ETF购12月5750,0.0,0.0,0.0,0.0,20,0.6401,0.6447,30,0.6505,0.6594,0.0,0.0,0.0,0.0,97
2023-05-10 09:36:00,OP90002161,中证500ETF购12月5750,0.0,0.0,0.0,0.0,20,0.6401,0.6447,30,0.6505,0.6594,0.0,0.0,0.0,0.0,97
2023-05-10 09:36:01,OP90002161,中证500ETF购12月5750,0.0,0.0,0.0,0.0,20,0.6401,0.6447,20,0.6505,0.6594,0.0,0.0,0.0,0.0,97
2023-05-10 09:36:01,OP90002161,中证500ETF购12月5750,0.0,0.0,0.0,0.0,20,0.6401,0.6447,20,0.6505,0.6594,0.0,0.0,0.0,0.0,97
2023-05-10 09:36:02,OP90002161,中证500ETF购12月5750,0.0,0.0,0.0,0.0,20,0.6401,0.6447,20,0.6505,0.6594,0.0,0.0,0.0,0.0,97
2023-05-10 09:36:03,OP90002161,中证500ETF购12月5750,0.0,0.0,0.0,0.0,20,0.6401,0.6447,20,0.6505,0.6594,0.0,0.0,0.0,0.0,97
2023-05-10 09:36:07,OP90002161,中证500ETF购12月5750,0.0,0.0,0.0,0.0,20,0.6401,0.6453,20,0.6505,0.6594,0.0,0.0,0.0,0.0,97
2023-05-10 09:36:08,OP90002161,中证500ETF购12月5750,0.0,0.0,0.0,0.0,20,0.6401,0.6453,20,0.6505,0.6594,0.0,0.0,0.0,0.0,97
2023-05-10 09:36:08,OP90002161,中证500ETF购12月5750,0.0,0.0,0.0,0.0,20,0.6415,0.6453,20,0.6505,0.6594,0.0,0.0,0.0,0.0,97
2023-05-10 09:36:09,OP90002161,中证500ETF购12月5750,0.0,0.0,0.0,0.0,20,0.6415,0.6453,20,0.6505,0.6594,0.0,0.0,0.0,0.0,97
2023-05-10 09:36:09,OP90002161,中证500ETF购12月5750,0.0,0.0,0.0,0.0,20,0.6415,0.6463,30,0.6505,0.6594,0.0,0.0,0.0,0.0,97
2023-05-10 09:36:10,OP90002161,中证500ETF购12月5750,0.0,0.0,0.0,0.0,20,0.6415,0.6463,20,0.6505,0.6594,0.0,0.0,0.0,0.0,97
2023-05-10 09:36:11,OP90002161,中证500ETF购12月5750,0.0,0.0,0.0,0.0,20,0.6415,0.6463,20,0.6505,0.6594,0.0,0.0,0.0,0.0,97
2023-05-10 09:36:11,OP90002161,中证500ETF购12月5750,0.0,0.0,0.0,0.0,20,0.6415,0.6463,20,0.6505,0.6594,0.0,0.0,0.0,0.0,97
2023-05-10 09:36:12,OP90002161,中证500ETF购12月5750,0.0,0.0,0.0,0.0,20,0.6415,0.6463,20,0.6505,0.6594,0.0,0.0,0.0,0.0,97
2023-05-10 09:36:14,OP90002161,中证500ETF购12月5750,0.0,0.0,0.0,0.0,20,0.6415,0.6469,40,0.6505,0.6594,0.0,0.0,0.0,0.0,97
2023-05-10 09:36:15,OP90002161,中证500ETF购12月5750,0.0,0.0,0.0,0.0,20,0.6415,0.6468,15,0.6505,0.6594,0.0,0.0,0.0,0.0,97
2023-05-10 09:36:15,OP90002161,中证500ETF购12月5750,0.0,0.0,0.0,0.0,20,0.6415,0.6468,15,0.6505,0.6594,0.0,0.0,0.0,0.0,97
2023-05-10 09:36:17,OP90002161,中证500ETF购12月5750,0.0,0.0,0.0,0.0,20,0.6415,0.6468,10,0.6505,0.6594,0.0,0.0,0.0,0.0,97
2023-05-10 09:36:19,OP90002161,中证500ETF购12月5750,0.0,0.0,0.0,0.0,20,0.6415,0.6469,50,0.6505,0.6594,0.0,0.0,0.0,0.0,97
2023-05-10 09:36:20,OP90002161,中证500ETF购12月5750,0.0,0.0,0.0,0.0,20,0.6415,0.6469,40,0.6505,0.6594,0.0,0.0,0.0,0.0,97
2023-05-10 09:36:20,OP90002161,中证500ETF购12月5750,0.0,0.0,0.0,0.0,20,0.6415,0.6469,40,0.6505,0.6594,0.0,0.0,0.0,0.0,97
2023-05-10 09:36:21,OP90002161,中证500ETF购12月5750,0.0,0.0,0.0,0.0,20,0.6415,0.6469,40,0.6505,0.6594,0.0,0.0,0.0,0.0,97
2023-05-10 09:36:22,OP90002161,中证500ETF购12月5750,0.0,0.0,0.0,0.0,20,0.6432,0.6469,20,0.6505,0.6594,0.0,0.0,0.0,0.0,97
2023-05-10 09:36:22,OP90002161,中证500ETF购12月5750,0.0,0.0,0.0,0.0,20,0.6432,0.6469,20,0.6505,0.6594,0.0,0.0,0.0,0.0,97
2023-05-10 09:36:23,OP90002161,中证500ETF购12月5750,0.0,0.0,0.0,0.0,20,0.6432,0.6469,20,0.6505,0.6594,0.0,0.0,0.0,0.0,97
2023-05-10 09:36:23,OP90002161,中证500ETF购12月5750,0.0,0.0,0.0,0.0,20,0.6432,0.6469,20,0.6505,0.6594,0.0,0.0,0.0,0.0,97
2023-05-10 09:36:24,OP90002161,中证500ETF购12月5750,0.0,0.0,0.0,0.0,20,0.6432,0.6469,20,0.6505,0.6594,0.0,0.0,0.0,0.0,97
2023-05-10 09:36:24,OP90002161,中证500ETF购12月5750,0.0,0.0,0.0,0.0,20,0.6432,0.6476,10,0.6505,0.6594,0.0,0.0,0.0,0.0,97
2023-05-10 09:36:25,OP90002161,中证500ETF购12月5750,0.0,0.0,0.0,0.0,20,0.6432,0.6481,40,0.6505,0.6594,0.0,0.0,0.0,0.0,97
2023-05-10 09:36:25,OP90002161,中证500ETF购12月5750,0.0,0.0,0.0,0.0,20,0.6432,0.6481,30,0.6505,0.6594,0.0,0.0,0.0,0.0,97
2023-05-10 09:36:26,OP90002161,中证500ETF购12月5750,0.0,0.0,0.0,0.0,20,0.6432,0.6481,20,0.6505,0.6594,0.0,0.0,0.0,0.0,97
2023-05-10 09:36:26,OP90002161,中证500ETF购12月5750,0.0,0.0,0.0,0.0,20,0.6432,0.6485,30,0.6505,0.6594,0.0,0.0,0.0,0.0,97
2023-05-10 09:36:27,OP90002161,中证500ETF购12月5750,0.0,0.0,0.0,0.0,20,0.6432,0.6485,30,0.6505,0.6594,0.0,0.0,0.0,0.0,97
2023-05-10 09:36:27,OP90002161,中证500ETF购12月5750,0.0,0.0,0.0,0.0,20,0.6432,0.6485,30,0.6505,0.6594,0.0,0.0,0.0,0.0,97
2023-05-10 09:36:28,OP90002161,中证500ETF购12月5750,0.0,0.0,0.0,0.0,20,0.6432,0.6485,30,0.6505,0.6594,0.0,0.0,0.0,0.0,97
2023-05-10 09:36:29,OP90002161,中证500ETF购12月5750,0.0,0.0,0.0,0.0,20,0.6432,0.6485,30,0.6505,0.6594,0.0,0.0,0.0,0.0,97
2023-05-10 09:36:30,OP90002161,中证500ETF购12月5750,0.0,0.0,0.0,0.0,20,0.6432,0.6485,30,0.6505,0.6594,0.0,0.0,0.0,0.0,97
2023-05-10 09:36:31,OP90002161,中证500ETF购12月5750,0.0,0.0,0.0,0.0,20,0.6432,0.6485,45,0.6505,0.6594,0.0,0.0,0.0,0.0,97
2023-05-10 09:36:32,OP90002161,中证500ETF购12月5750,0.0,0.0,0.0,0.0,20,0.6432,0.6485,45,0.6505,0.6594,0.0,0.0,0.0,0.0,97
2023-05-10 09:36:33,OP90002161,中证500ETF购12月5750,0.0,0.0,0.0,0.0,20,0.6432,0.6485,45,0.6505,0.6594,0.0,0.0,0.0,0.0,97
2023-05-10 09:36:33,OP90002161,中证500ETF购12月5750,0.0,0.0,0.0,0.0,20,0.6432,0.6485,45,0.6505,0.6594,0.0,0.0,0.0,0.0,97
2023-05-10 09:36:37,OP90002161,中证500ETF购12月5750,0.0,0.0,0.0,0.0,10,0.6416,0.6485,45,0.6505,0.6594,0.0,0.0,0.0,0.0,97
2023-05-10 09:36:38,OP90002161,中证500ETF购12月5750,0.0,0.0,0.0,0.0,20,0.6415,0.6485,45,0.6505,0.6594,0.0,0.0,0.0,0.0,97
2023-05-10 09:36:38,OP90002161,中证500ETF购12月5750,0.0,0.0,0.0,0.0,20,0.6415,0.6485,45,0.6505,0.6594,0.0,0.0,0.0,0.0,97
2023-05-10 09:36:40,OP90002161,中证500ETF购12月5750,0.0,0.0,0.0,0.0,20,0.643,0.6485,45,0.6505,0.6594,0.0,0.0,0.0,0.0,97
2023-05-10 09:36:40,OP90002161,中证500ETF购12月5750,0.0,0.0,0.0,0.0,20,0.643,0.6485,45,0.6505,0.6594,0.0,0.0,0.0,0.0,97
2023-05-10 09:36:44,OP90002161,中证500ETF购12月5750,0.0,0.0,0.0,0.0,20,0.643,0.6485,30,0.6505,0.6594,0.0,0.0,0.0,0.0,97
2023-05-10 09:36:53,OP90002161,中证500ETF购12月5750,0.0,0.0,0.0,0.0,20,0.643,0.6485,30,0.6505,0.6594,0.0,0.0,0.0,0.0,97
2023-05-10 09:36:54,OP90002161,中证500ETF购12月5750,0.0,0.0,0.0,0.0,20,0.643,0.6485,30,0.6505,0.6594,0.0,0.0,0.0,0.0,97
2023-05-10 09:36:54,OP90002161,中证500ETF购12月5750,0.0,0.0,0.0,0.0,20,0.6444,0.6485,30,0.6505,0.6594,0.0,0.0,0.0,0.0,97
2023-05-10 09:36:55,OP90002161,中证500ETF购12月5750,0.0,0.0,0.0,0.0,20,0.6444,0.6485,20,0.6505,0.6594,0.0,0.0,0.0,0.0,97
2023-05-10 09:36:56,OP90002161,中证500ETF购12月5750,0.0,0.0,0.0,0.0,20,0.6444,0.6487,20,0.6505,0.6594,0.0,0.0,0.0,0.0,97
2023-05-10 09:36:56,OP90002161,中证500ETF购12月5750,0.0,0.0,0.0,0.0,20,0.6444,0.6487,20,0.6505,0.6594,0.0,0.0,0.0,0.0,97
2023-05-10 09:36:57,OP90002161,中证500ETF购12月5750,0.0,0.0,0.0,0.0,20,0.6444,0.6487,20,0.6505,0.6594,0.0,0.0,0.0,0.0,97
2023-05-10 09:36:58,OP90002161,中证500ETF购12月5750,0.0,0.0,0.0,0.0,20,0.6444,0.6487,20,0.6505,0.6594,0.0,0.0,0.0,0.0,97
2023-05-10 09:36:58,OP90002161,中证500ETF购12月5750,0.0,0.0,0.0,0.0,20,0.6444,0.6498,30,0.6505,0.6594,0.0,0.0,0.0,0.0,97
2023-05-10 09:37:00,OP90002161,中证500ETF购12月5750,0.0,0.0,0.0,0.0,20,0.6444,0.6498,20,0.6505,0.6594,0.0,0.0,0.0,0.0,97
2023-05-10 09:37:00,OP90002161,中证500ETF购12月5750,0.0,0.0,0.0,0.0,20,0.6444,0.6498,20,0.6505,0.6594,0.0,0.0,0.0,0.0,97
2023-05-10 09:37:01,OP90002161,中证500ETF购12月5750,0.0,0.0,0.0,0.0,20,0.6429,0.6497,35,0.6505,0.6594,0.0,0.0,0.0,0.0,97
2023-05-10 09:37:01,OP90002161,中证500ETF购12月5750,0.0,0.0,0.0,0.0,20,0.6429,0.6497,45,0.6505,0.6594,0.0,0.0,0.0,0.0,97
2023-05-10 09:37:02,OP90002161,中证500ETF购12月5750,0.0,0.0,0.0,0.0,20,0.6429,0.6486,20,0.6505,0.6594,0.0,0.0,0.0,0.0,97
2023-05-10 09:37:02,OP90002161,中证500ETF购12月5750,0.0,0.0,0.0,0.0,20,0.6429,0.6485,15,0.6505,0.6594,0.0,0.0,0.0,0.0,97
2023-05-10 09:37:03,OP90002161,中证500ETF购12月5750,0.0,0.0,0.0,0.0,20,0.6429,0.6485,15,0.6505,0.6594,0.0,0.0,0.0,0.0,97
2023-05-10 09:37:03,OP90002161,中证500ETF购12月5750,0.0,0.0,0.0,0.0,20,0.6429,0.6485,15,0.6505,0.6594,0.0,0.0,0.0,0.0,97
2023-05-10 09:37:04,OP90002161,中证500ETF购12月5750,0.0,0.0,0.0,0.0,20,0.6429,0.6485,25,0.6505,0.6594,0.0,0.0,0.0,0.0,97
2023-05-10 09:37:04,OP90002161,中证500ETF购12月5750,0.0,0.0,0.0,0.0,20,0.6429,0.6485,25,0.6505,0.6594,0.0,0.0,0.0,0.0,97
2023-05-10 09:37:06,OP90002161,中证500ETF购12月5750,0.0,0.0,0.0,0.0,20,0.6429,0.6476,20,0.6505,0.6594,0.0,0.0,0.0,0.0,97
2023-05-10 09:37:06,OP90002161,中证500ETF购12月5750,0.0,0.0,0.0,0.0,20,0.6429,0.6475,15,0.6505,0.6594,0.0,0.0,0.0,0.0,97
2023-05-10 09:37:07,OP90002161,中证500ETF购12月5750,0.0,0.0,0.0,0.0,20,0.6411,0.6475,25,0.6505,0.6594,0.0,0.0,0.0,0.0,97
2023-05-10 09:37:07,OP90002161,中证500ETF购12月5750,0.0,0.0,0.0,0.0,20,0.6411,0.6475,25,0.6505,0.6594,0.0,0.0,0.0,0.0,97
2023-05-10 09:37:08,OP90002161,中证500ETF购12月5750,0.0,0.0,0.0,0.0,20,0.6411,0.6475,10,0.6505,0.6594,0.0,0.0,0.0,0.0,97
2023-05-10 09:37:09,OP90002161,中证500ETF购12月5750,0.0,0.0,0.0,0.0,40,0.6411,0.6475,30,0.6505,0.6594,0.0,0.0,0.0,0.0,97
2023-05-10 09:37:09,OP90002161,中证500ETF购12月5750,0.0,0.0,0.0,0.0,20,0.6426,0.6475,30,0.6505,0.6594,0.0,0.0,0.0,0.0,97
2023-05-10 09:37:10,OP90002161,中证500ETF购12月5750,0.0,0.0,0.0,0.0,20,0.6426,0.6475,30,0.6505,0.6594,0.0,0.0,0.0,0.0,97
2023-05-10 09:37:10,OP90002161,中证500ETF购12月5750,0.0,0.0,0.0,0.0,20,0.6426,0.6475,30,0.6505,0.6594,0.0,0.0,0.0,0.0,97
2023-05-10 09:37:11,OP90002161,中证500ETF购12月5750,0.0,0.0,0.0,0.0,20,0.6426,0.6475,30,0.6505,0.6594,0.0,0.0,0.0,0.0,97
2023-05-10 09:37:12,OP90002161,中证500ETF购12月5750,0.0,0.0,0.0,0.0,20,0.6427,0.6475,30,0.6505,0.6594,0.0,0.0,0.0,0.0,97
2023-05-10 09:37:12,OP90002161,中证500ETF购12月5750,0.0,0.0,0.0,0.0,20,0.6427,0.6474,15,0.6505,0.6594,0.0,0.0,0.0,0.0,97
2023-05-10 09:37:13,OP90002161,中证500ETF购12月5750,0.0,0.0,0.0,0.0,20,0.6427,0.6474,15,0.6505,0.6594,0.0,0.0,0.0,0.0,97
2023-05-10 09:37:13,OP90002161,中证500ETF购12月5750,0.0,0.0,0.0,0.0,20,0.6427,0.6474,15,0.6505,0.6594,0.0,0.0,0.0,0.0,97
2023-05-10 09:37:15,OP90002161,中证500ETF购12月5750,0.0,0.0,0.0,0.0,20,0.6427,0.6474,15,0.6505,0.6594,0.0,0.0,0.0,0.0,97
2023-05-10 09:37:17,OP90002161,中证500ETF购12月5750,0.0,0.0,0.0,0.0,20,0.6426,0.6468,20,0.6505,0.6594,0.0,0.0,0.0,0.0,97
2023-05-10 09:37:18,OP90002161,中证500ETF购12月5750,0.0,0.0,0.0,0.0,20,0.6426,0.6468,40,0.6505,0.6594,0.0,0.0,0.0,0.0,97
2023-05-10 09:37:19,OP90002161,中证500ETF购12月5750,0.0,0.0,0.0,0.0,20,0.6426,0.6468,40,0.6505,0.6594,0.0,0.0,0.0,0.0,97
2023-05-10 09:37:20,OP90002161,中证500ETF购12月5750,0.0,0.0,0.0,0.0,20,0.6426,0.6468,40,0.6505,0.6594,0.0,0.0,0.0,0.0,97
2023-05-10 09:37:23,OP90002161,中证500ETF购12月5750,0.0,0.0,0.0,0.0,20,0.6426,0.6468,40,0.6505,0.6594,0.0,0.0,0.0,0.0,97
2023-05-10 09:37:24,OP90002161,中证500ETF购12月5750,0.0,0.0,0.0,0.0,20,0.6417,0.6468,40,0.6505,0.6594,0.0,0.0,0.0,0.0,97
2023-05-10 09:37:25,OP90002161,中证500ETF购12月5750,0.0,0.0,0.0,0.0,20,0.6417,0.6468,40,0.6505,0.6594,0.0,0.0,0.0,0.0,97
2023-05-10 09:37:26,OP90002161,中证500ETF购12月5750,0.0,0.0,0.0,0.0,20,0.6417,0.6468,50,0.6505,0.6594,0.0,0.0,0.0,0.0,97
2023-05-10 09:37:30,OP90002161,中证500ETF购12月5750,0.0,0.0,0.0,0.0,20,0.6417,0.6468,50,0.6505,0.6594,0.0,0.0,0.0,0.0,97
2023-05-10 09:37:33,OP90002161,中证500ETF购12月5750,0.0,0.0,0.0,0.0,20,0.6412,0.6458,20,0.6505,0.6594,0.0,0.0,0.0,0.0,97
2023-05-10 09:37:33,OP90002161,中证500ETF购12月5750,0.0,0.0,0.0,0.0,20,0.6412,0.6458,40,0.6505,0.6594,0.0,0.0,0.0,0.0,97
2023-05-10 09:37:34,OP90002161,中证500ETF购12月5750,0.0,0.0,0.0,0.0,20,0.6412,0.6458,40,0.6505,0.6594,0.0,0.0,0.0,0.0,97
2023-05-10 09:37:34,OP90002161,中证500ETF购12月5750,0.0,0.0,0.0,0.0,20,0.6412,0.6458,40,0.6505,0.6594,0.0,0.0,0.0,0.0,97
2023-05-10 09:37:35,OP90002161,中证500ETF购12月5750,0.0,0.0,0.0,0.0,20,0.6412,0.6458,40,0.6505,0.6594,0.0,0.0,0.0,0.0,97
2023-05-10 09:37:36,OP90002161,中证500ETF购12月5750,0.0,0.0,0.0,0.0,20,0.6412,0.6458,40,0.6505,0.6594,0.0,0.0,0.0,0.0,97
2023-05-10 09:37:37,OP90002161,中证500ETF购12月5750,0.0,0.0,0.0,0.0,20,0.6412,0.6458,40,0.6505,0.6594,0.0,0.0,0.0,0.0,97
2023-05-10 09:37:39,OP90002161,中证500ETF购12月5750,0.0,0.0,0.0,0.0,20,0.6412,0.6458,40,0.6505,0.6594,0.0,0.0,0.0,0.0,97
2023-05-10 09:37:40,OP90002161,中证500ETF购12月5750,0.0,0.0,0.0,0.0,20,0.6412,0.6458,50,0.6505,0.6594,0.0,0.0,0.0,0.0,97
2023-05-10 09:37:40,OP90002161,中证500ETF购12月5750,0.0,0.0,0.0,0.0,20,0.6412,0.6458,50,0.6505,0.6594,0.0,0.0,0.0,0.0,97
2023-05-10 09:37:42,OP90002161,中证500ETF购12月5750,0.0,0.0,0.0,0.0,20,0.6412,0.6458,40,0.6505,0.6594,0.0,0.0,0.0,0.0,97
2023-05-10 09:37:47,OP90002161,中证500ETF购12月5750,0.0,0.0,0.0,0.0,20,0.6412,0.6458,40,0.6505,0.6594,0.0,0.0,0.0,0.0,97
2023-05-10 09:37:48,OP90002161,中证500ETF购12月5750,0.0,0.0,0.0,0.0,20,0.6412,0.6458,40,0.6505,0.6594,0.0,0.0,0.0,0.0,97
2023-05-10 09:37:53,OP90002161,中证500ETF购12月5750,0.0,0.0,0.0,0.0,20,0.6412,0.6458,40,0.6505,0.6594,0.0,0.0,0.0,0.0,97
2023-05-10 09:37:55,OP90002161,中证500ETF购12月5750,0.0,0.0,0.0,0.0,20,0.6412,0.6458,50,0.6505,0.6594,0.0,0.0,0.0,0.0,97
2023-05-10 09:37:58,OP90002161,中证500ETF购12月5750,0.0,0.0,0.0,0.0,20,0.6417,0.6458,20,0.6505,0.6594,0.0,0.0,0.0,0.0,97
2023-05-10 09:37:58,OP90002161,中证500ETF购12月5750,0.0,0.0,0.0,0.0,20,0.6417,0.6457,15,0.6505,0.6594,0.0,0.0,0.0,0.0,97
2023-05-10 09:37:59,OP90002161,中证500ETF购12月5750,0.0,0.0,0.0,0.0,20,0.6417,0.6457,15,0.6505,0.6594,0.0,0.0,0.0,0.0,97
2023-05-10 09:38:00,OP90002161,中证500ETF购12月5750,0.0,0.0,0.0,0.0,20,0.6412,0.6457,15,0.6505,0.6594,0.0,0.0,0.0,0.0,97
2023-05-10 09:38:00,OP90002161,中证500ETF购12月5750,0.0,0.0,0.0,0.0,20,0.6412,0.6457,15,0.6505,0.6594,0.0,0.0,0.0,0.0,97
2023-05-10 09:38:05,OP90002161,中证500ETF购12月5750,0.0,0.0,0.0,0.0,20,0.6417,0.6457,15,0.6505,0.6594,0.0,0.0,0.0,0.0,97
2023-05-10 09:38:06,OP90002161,中证500ETF购12月5750,0.0,0.0,0.0,0.0,20,0.6417,0.6457,15,0.6505,0.6594,0.0,0.0,0.0,0.0,97
2023-05-10 09:38:08,OP90002161,中证500ETF购12月5750,0.0,0.0,0.0,0.0,20,0.6417,0.6457,15,0.6505,0.6594,0.0,0.0,0.0,0.0,97
2023-05-10 09:38:12,OP90002161,中证500ETF购12月5750,0.0,0.0,0.0,0.0,20,0.6417,0.6458,20,0.6505,0.6594,0.0,0.0,0.0,0.0,97
2023-05-10 09:38:13,OP90002161,中证500ETF购12月5750,0.0,0.0,0.0,0.0,40,0.6417,0.6467,30,0.6505,0.6594,0.0,0.0,0.0,0.0,97
2023-05-10 09:38:13,OP90002161,中证500ETF购12月5750,0.0,0.0,0.0,0.0,40,0.6417,0.6466,15,0.6505,0.6594,0.0,0.0,0.0,0.0,97
2023-05-10 09:38:14,OP90002161,中证500ETF购12月5750,0.0,0.0,0.0,0.0,20,0.6427,0.6466,15,0.6505,0.6594,0.0,0.0,0.0,0.0,97
2023-05-10 09:38:14,OP90002161,中证500ETF购12月5750,0.0,0.0,0.0,0.0,20,0.6427,0.6466,15,0.6505,0.6594,0.0,0.0,0.0,0.0,97
2023-05-10 09:38:15,OP90002161,中证500ETF购12月5750,0.0,0.0,0.0,0.0,20,0.6427,0.6466,15,0.6505,0.6594,0.0,0.0,0.0,0.0,97
2023-05-10 09:38:16,OP90002161,中证500ETF购12月5750,0.0,0.0,0.0,0.0,20,0.6427,0.6466,15,0.6505,0.6594,0.0,0.0,0.0,0.0,97
2023-05-10 09:38:19,OP90002161,中证500ETF购12月5750,0.0,0.0,0.0,0.0,20,0.6417,0.6466,20,0.6505,0.6594,0.0,0.0,0.0,0.0,97
2023-05-10 09:38:19,OP90002161,中证500ETF购12月5750,0.0,0.0,0.0,0.0,20,0.6417,0.6466,20,0.6505,0.6594,0.0,0.0,0.0,0.0,97
2023-05-10 09:38:20,OP90002161,中证500ETF购12月5750,0.0,0.0,0.0,0.0,20,0.6417,0.6466,20,0.6505,0.6594,0.0,0.0,0.0,0.0,97
2023-05-10 09:38:21,OP90002161,中证500ETF购12月5750,0.0,0.0,0.0,0.0,20,0.6417,0.6466,20,0.6505,0.6594,0.0,0.0,0.0,0.0,97
2023-05-10 09:38:21,OP90002161,中证500ETF购12月5750,0.0,0.0,0.0,0.0,20,0.6415,0.6466,40,0.6505,0.6594,0.0,0.0,0.0,0.0,97
2023-05-10 09:38:22,OP90002161,中证500ETF购12月5750,0.0,0.0,0.0,0.0,20,0.6415,0.6466,40,0.6505,0.6594,0.0,0.0,0.0,0.0,97
2023-05-10 09:38:23,OP90002161,中证500ETF购12月5750,0.0,0.0,0.0,0.0,20,0.6415,0.6466,40,0.6505,0.6594,0.0,0.0,0.0,0.0,97
2023-05-10 09:38:26,OP90002161,中证500ETF购12月5750,0.0,0.0,0.0,0.0,20,0.6415,0.6466,40,0.6505,0.6594,0.0,0.0,0.0,0.0,97
2023-05-10 09:38:27,OP90002161,中证500ETF购12月5750,0.0,0.0,0.0,0.0,20,0.6415,0.6466,40,0.6505,0.6594,0.0,0.0,0.0,0.0,97
2023-05-10 09:38:28,OP90002161,中证500ETF购12月5750,0.0,0.0,0.0,0.0,20,0.643,0.6466,20,0.6505,0.6594,0.0,0.0,0.0,0.0,97
2023-05-10 09:38:28,OP90002161,中证500ETF购12月5750,0.0,0.0,0.0,0.0,20,0.643,0.6465,15,0.6505,0.6594,0.0,0.0,0.0,0.0,97
2023-05-10 09:38:29,OP90002161,中证500ETF购12月5750,0.0,0.0,0.0,0.0,20,0.643,0.6465,15,0.6505,0.6594,0.0,0.0,0.0,0.0,97
2023-05-10 09:38:30,OP90002161,中证500ETF购12月5750,0.0,0.0,0.0,0.0,20,0.643,0.6465,15,0.6505,0.6594,0.0,0.0,0.0,0.0,97
2023-05-10 09:38:30,OP90002161,中证500ETF购12月5750,0.0,0.0,0.0,0.0,20,0.643,0.6465,15,0.6505,0.6594,0.0,0.0,0.0,0.0,97
2023-05-10 09:38:31,OP90002161,中证500ETF购12月5750,0.0,0.0,0.0,0.0,20,0.6416,0.6465,15,0.6505,0.6594,0.0,0.0,0.0,0.0,97
2023-05-10 09:38:32,OP90002161,中证500ETF购12月5750,0.0,0.0,0.0,0.0,20,0.6416,0.6465,15,0.6505,0.6594,0.0,0.0,0.0,0.0,97
2023-05-10 09:38:33,OP90002161,中证500ETF购12月5750,0.0,0.0,0.0,0.0,20,0.6416,0.6465,15,0.6505,0.6594,0.0,0.0,0.0,0.0,97
2023-05-10 09:38:34,OP90002161,中证500ETF购12月5750,0.0,0.0,0.0,0.0,20,0.6416,0.6465,15,0.6505,0.6594,0.0,0.0,0.0,0.0,97
2023-05-10 09:38:34,OP90002161,中证500ETF购12月5750,0.0,0.0,0.0,0.0,20,0.6416,0.6465,15,0.6505,0.6594,0.0,0.0,0.0,0.0,97
2023-05-10 09:38:35,OP90002161,中证500ETF购12月5750,0.0,0.0,0.0,0.0,20,0.6416,0.6465,15,0.6505,0.6594,0.0,0.0,0.0,0.0,97
2023-05-10 09:38:38,OP90002161,中证500ETF购12月5750,0.0,0.0,0.0,0.0,20,0.6416,0.6465,15,0.6505,0.6594,0.0,0.0,0.0,0.0,97
2023-05-10 09:38:40,OP90002161,中证500ETF购12月5750,0.0,0.0,0.0,0.0,20,0.6416,0.6465,25,0.6505,0.6594,0.0,0.0,0.0,0.0,97
2023-05-10 09:38:40,OP90002161,中证500ETF购12月5750,0.0,0.0,0.0,0.0,20,0.6416,0.6465,45,0.6505,0.6594,0.0,0.0,0.0,0.0,97
2023-05-10 09:38:53,OP90002161,中证500ETF购12月5750,0.0,0.0,0.0,0.0,20,0.6416,0.6465,35,0.6505,0.6594,0.0,0.0,0.0,0.0,97
2023-05-10 09:39:03,OP90002161,中证500ETF购12月5750,0.0,0.0,0.0,0.0,20,0.6416,0.6465,35,0.6505,0.6594,0.0,0.0,0.0,0.0,97
2023-05-10 09:39:05,OP90002161,中证500ETF购12月5750,0.0,0.0,0.0,0.0,20,0.6416,0.6465,35,0.6505,0.6594,0.0,0.0,0.0,0.0,97
2023-05-10 09:39:05,OP90002161,中证500ETF购12月5750,0.0,0.0,0.0,0.0,20,0.6416,0.6465,35,0.6505,0.6594,0.0,0.0,0.0,0.0,97
2023-05-10 09:39:07,OP90002161,中证500ETF购12月5750,0.0,0.0,0.0,0.0,20,0.6415,0.6457,20,0.6505,0.6594,0.0,0.0,0.0,0.0,97
2023-05-10 09:39:07,OP90002161,中证500ETF购12月5750,0.0,0.0,0.0,0.0,20,0.6415,0.6457,20,0.6505,0.6594,0.0,0.0,0.0,0.0,97
2023-05-10 09:39:08,OP90002161,中证500ETF购12月5750,0.0,0.0,0.0,0.0,20,0.6415,0.6457,20,0.6505,0.6594,0.0,0.0,0.0,0.0,97
2023-05-10 09:39:08,OP90002161,中证500ETF购12月5750,0.0,0.0,0.0,0.0,20,0.6415,0.6457,20,0.6505,0.6594,0.0,0.0,0.0,0.0,97
2023-05-10 09:39:09,OP90002161,中证500ETF购12月5750,0.0,0.0,0.0,0.0,20,0.6417,0.6465,30,0.6505,0.6594,0.0,0.0,0.0,0.0,97
2023-05-10 09:39:09,OP90002161,中证500ETF购12月5750,0.0,0.0,0.0,0.0,20,0.6417,0.6464,15,0.6505,0.6594,0.0,0.0,0.0,0.0,97
2023-05-10 09:39:10,OP90002161,中证500ETF购12月5750,0.0,0.0,0.0,0.0,20,0.643,0.6464,35,0.6505,0.6594,0.0,0.0,0.0,0.0,97
2023-05-10 09:39:10,OP90002161,中证500ETF购12月5750,0.0,0.0,0.0,0.0,20,0.643,0.6464,35,0.6505,0.6594,0.0,0.0,0.0,0.0,97
2023-05-10 09:39:11,OP90002161,中证500ETF购12月5750,0.0,0.0,0.0,0.0,20,0.643,0.6464,35,0.6505,0.6594,0.0,0.0,0.0,0.0,97
2023-05-10 09:39:12,OP90002161,中证500ETF购12月5750,0.0,0.0,0.0,0.0,20,0.643,0.6464,35,0.6505,0.6594,0.0,0.0,0.0,0.0,97
2023-05-10 09:39:12,OP90002161,中证500ETF购12月5750,0.0,0.0,0.0,0.0,20,0.643,0.6464,35,0.6505,0.6594,0.0,0.0,0.0,0.0,97
2023-05-10 09:39:13,OP90002161,中证500ETF购12月5750,0.0,0.0,0.0,0.0,20,0.643,0.6464,35,0.6505,0.6594,0.0,0.0,0.0,0.0,97
2023-05-10 09:39:13,OP90002161,中证500ETF购12月5750,0.0,0.0,0.0,0.0,20,0.643,0.6464,20,0.6505,0.6594,0.0,0.0,0.0,0.0,97
2023-05-10 09:39:14,OP90002161,中证500ETF购12月5750,0.0,0.0,0.0,0.0,20,0.643,0.6464,20,0.6505,0.6594,0.0,0.0,0.0,0.0,97
2023-05-10 09:39:14,OP90002161,中证500ETF购12月5750,0.0,0.0,0.0,0.0,20,0.643,0.6464,20,0.6505,0.6594,0.0,0.0,0.0,0.0,97
2023-05-10 09:39:15,OP90002161,中证500ETF购12月5750,0.0,0.0,0.0,0.0,20,0.6438,0.6478,30,0.6505,0.6594,0.0,0.0,0.0,0.0,97
2023-05-10 09:39:15,OP90002161,中证500ETF购12月5750,0.0,0.0,0.0,0.0,20,0.6438,0.6477,15,0.6505,0.6594,0.0,0.0,0.0,0.0,97
2023-05-10 09:39:16,OP90002161,中证500ETF购12月5750,0.0,0.0,0.0,0.0,20,0.6438,0.6477,15,0.6505,0.6594,0.0,0.0,0.0,0.0,97
2023-05-10 09:39:16,OP90002161,中证500ETF购12月5750,0.0,0.0,0.0,0.0,40,0.643,0.6477,15,0.6505,0.6594,0.0,0.0,0.0,0.0,97
2023-05-10 09:39:17,OP90002161,中证500ETF购12月5750,0.0,0.0,0.0,0.0,40,0.643,0.6477,15,0.6505,0.6594,0.0,0.0,0.0,0.0,97
2023-05-10 09:39:18,OP90002161,中证500ETF购12月5750,0.0,0.0,0.0,0.0,40,0.643,0.6477,15,0.6505,0.6594,0.0,0.0,0.0,0.0,97
2023-05-10 09:39:19,OP90002161,中证500ETF购12月5750,0.0,0.0,0.0,0.0,20,0.6432,0.6477,15,0.6505,0.6594,0.0,0.0,0.0,0.0,97
2023-05-10 09:39:20,OP90002161,中证500ETF购12月5750,0.0,0.0,0.0,0.0,20,0.6436,0.6477,15,0.6505,0.6594,0.0,0.0,0.0,0.0,97
2023-05-10 09:39:20,OP90002161,中证500ETF购12月5750,0.0,0.0,0.0,0.0,20,0.6436,0.6477,15,0.6505,0.6594,0.0,0.0,0.0,0.0,97
2023-05-10 09:39:24,OP90002161,中证500ETF购12月5750,0.0,0.0,0.0,0.0,20,0.6442,0.6478,20,0.6505,0.6594,0.0,0.0,0.0,0.0,97
2023-05-10 09:39:24,OP90002161,中证500ETF购12月5750,0.0,0.0,0.0,0.0,20,0.6442,0.6488,20,0.6505,0.6594,0.0,0.0,0.0,0.0,97
2023-05-10 09:39:25,OP90002161,中证500ETF购12月5750,0.0,0.0,0.0,0.0,20,0.6442,0.6487,15,0.6505,0.6594,0.0,0.0,0.0,0.0,97
2023-05-10 09:39:25,OP90002161,中证500ETF购12月5750,0.0,0.0,0.0,0.0,20,0.6454,0.6487,15,0.6505,0.6594,0.0,0.0,0.0,0.0,97
2023-05-10 09:39:26,OP90002161,中证500ETF购12月5750,0.0,0.0,0.0,0.0,20,0.6454,0.6487,15,0.6505,0.6594,0.0,0.0,0.0,0.0,97
2023-05-10 09:39:27,OP90002161,中证500ETF购12月5750,0.0,0.0,0.0,0.0,20,0.6454,0.6487,15,0.6505,0.6594,0.0,0.0,0.0,0.0,97
2023-05-10 09:39:28,OP90002161,中证500ETF购12月5750,0.0,0.0,0.0,0.0,20,0.6454,0.6487,15,0.6505,0.6594,0.0,0.0,0.0,0.0,97
2023-05-10 09:39:30,OP90002161,中证500ETF购12月5750,0.0,0.0,0.0,0.0,20,0.6455,0.6489,10,0.6505,0.6594,0.0,0.0,0.0,0.0,97
2023-05-10 09:39:30,OP90002161,中证500ETF购12月5750,0.0,0.0,0.0,0.0,20,0.6455,0.6498,40,0.6505,0.6594,0.0,0.0,0.0,0.0,97
2023-05-10 09:39:31,OP90002161,中证500ETF购12月5750,0.0,0.0,0.0,0.0,20,0.6455,0.6497,15,0.6505,0.6594,0.0,0.0,0.0,0.0,97
2023-05-10 09:39:34,OP90002161,中证500ETF购12月5750,0.0,0.0,0.0,0.0,20,0.6454,0.6495,20,0.6505,0.6594,0.0,0.0,0.0,0.0,97
2023-05-10 09:39:34,OP90002161,中证500ETF购12月5750,0.0,0.0,0.0,0.0,20,0.6454,0.6495,40,0.6505,0.6594,0.0,0.0,0.0,0.0,97
2023-05-10 09:39:35,OP90002161,中证500ETF购12月5750,0.0,0.0,0.0,0.0,20,0.6454,0.6495,40,0.6505,0.6594,0.0,0.0,0.0,0.0,97
2023-05-10 09:39:35,OP90002161,中证500ETF购12月5750,0.0,0.0,0.0,0.0,20,0.6454,0.6495,40,0.6505,0.6594,0.0,0.0,0.0,0.0,97
2023-05-10 09:39:36,OP90002161,中证500ETF购12月5750,0.0,0.0,0.0,0.0,20,0.6444,0.6495,40,0.6505,0.6594,0.0,0.0,0.0,0.0,97
2023-05-10 09:39:36,OP90002161,中证500ETF购12月5750,0.0,0.0,0.0,0.0,20,0.6445,0.6495,40,0.6505,0.6594,0.0,0.0,0.0,0.0,97
2023-05-10 09:39:37,OP90002161,中证500ETF购12月5750,0.0,0.0,0.0,0.0,20,0.6445,0.6495,40,0.6505,0.6594,0.0,0.0,0.0,0.0,97
2023-05-10 09:39:38,OP90002161,中证500ETF购12月5750,0.0,0.0,0.0,0.0,20,0.6445,0.6495,60,0.6505,0.6594,0.0,0.0,0.0,0.0,97
2023-05-10 09:39:39,OP90002161,中证500ETF购12月5750,0.0,0.0,0.0,0.0,20,0.6445,0.6495,40,0.6505,0.6594,0.0,0.0,0.0,0.0,97
2023-05-10 09:39:40,OP90002161,中证500ETF购12月5750,0.0,0.0,0.0,0.0,20,0.6445,0.6495,40,0.6505,0.6594,0.0,0.0,0.0,0.0,97
2023-05-10 09:39:41,OP90002161,中证500ETF购12月5750,0.0,0.0,0.0,0.0,20,0.6445,0.6495,40,0.6505,0.6594,0.0,0.0,0.0,0.0,97
2023-05-10 09:39:42,OP90002161,中证500ETF购12月5750,0.0,0.0,0.0,0.0,20,0.6445,0.6495,40,0.6505,0.6594,0.0,0.0,0.0,0.0,97
2023-05-10 09:39:45,OP90002161,中证500ETF购12月5750,0.0,0.0,0.0,0.0,20,0.6445,0.6495,40,0.6505,0.6594,0.0,0.0,0.0,0.0,97
2023-05-10 09:39:46,OP90002161,中证500ETF购12月5750,0.0,0.0,0.0,0.0,20,0.6445,0.6495,40,0.6505,0.6594,0.0,0.0,0.0,0.0,97
2023-05-10 09:39:47,OP90002161,中证500ETF购12月5750,0.0,0.0,0.0,0.0,20,0.6445,0.6495,40,0.6505,0.6594,0.0,0.0,0.0,0.0,97
2023-05-10 09:39:50,OP90002161,中证500ETF购12月5750,0.0,0.0,0.0,0.0,20,0.6445,0.6495,40,0.6505,0.6594,0.0,0.0,0.0,0.0,97
2023-05-10 09:39:53,OP90002161,中证500ETF购12月5750,0.0,0.0,0.0,0.0,20,0.6445,0.6485,20,0.6505,0.6594,0.0,0.0,0.0,0.0,97
2023-05-10 09:39:53,OP90002161,中证500ETF购12月5750,0.0,0.0,0.0,0.0,20,0.6445,0.6485,40,0.6505,0.6594,0.0,0.0,0.0,0.0,97
2023-05-10 09:39:54,OP90002161,中证500ETF购12月5750,0.0,0.0,0.0,0.0,20,0.6445,0.6485,40,0.6505,0.6594,0.0,0.0,0.0,0.0,97
2023-05-10 09:39:55,OP90002161,中证500ETF购12月5750,0.0,0.0,0.0,0.0,20,0.6445,0.6485,40,0.6505,0.6594,0.0,0.0,0.0,0.0,97
2023-05-10 09:39:55,OP90002161,中证500ETF购12月5750,0.0,0.0,0.0,0.0,20,0.6447,0.6486,20,0.6505,0.6594,0.0,0.0,0.0,0.0,97
2023-05-10 09:39:56,OP90002161,中证500ETF购12月5750,0.0,0.0,0.0,0.0,20,0.6447,0.6485,15,0.6505,0.6594,0.0,0.0,0.0,0.0,97
2023-05-10 09:39:56,OP90002161,中证500ETF购12月5750,0.0,0.0,0.0,0.0,20,0.6447,0.6485,35,0.6505,0.6594,0.0,0.0,0.0,0.0,97
2023-05-10 09:39:57,OP90002161,中证500ETF购12月5750,0.0,0.0,0.0,0.0,20,0.6447,0.6485,35,0.6505,0.6594,0.0,0.0,0.0,0.0,97
2023-05-10 09:39:57,OP90002161,中证500ETF购12月5750,0.0,0.0,0.0,0.0,20,0.6445,0.6485,35,0.6505,0.6594,0.0,0.0,0.0,0.0,97
2023-05-10 09:39:59,OP90002161,中证500ETF购12月5750,0.0,0.0,0.0,0.0,20,0.6445,0.6485,35,0.6505,0.6594,0.0,0.0,0.0,0.0,97
2023-05-10 09:40:04,OP90002161,中证500ETF购12月5750,0.0,0.0,0.0,0.0,20,0.6445,0.6485,35,0.6505,0.6594,0.0,0.0,0.0,0.0,97
2023-05-10 09:40:04,OP90002161,中证500ETF购12月5750,0.0,0.0,0.0,0.0,20,0.6445,0.6485,35,0.6505,0.6594,0.0,0.0,0.0,0.0,97
2023-05-10 09:40:05,OP90002161,中证500ETF购12月5750,0.0,0.0,0.0,0.0,20,0.6445,0.6475,20,0.6505,0.6594,0.0,0.0,0.0,0.0,97
2023-05-10 09:40:06,OP90002161,中证500ETF购12月5750,0.0,0.0,0.0,0.0,10,0.6433,0.6475,40,0.6505,0.6594,0.0,0.0,0.0,0.0,97
2023-05-10 09:40:06,OP90002161,中证500ETF购12月5750,0.0,0.0,0.0,0.0,10,0.6433,0.6475,40,0.6505,0.6594,0.0,0.0,0.0,0.0,97
2023-05-10 09:40:07,OP90002161,中证500ETF购12月5750,0.0,0.0,0.0,0.0,20,0.6431,0.6475,40,0.6505,0.6594,0.0,0.0,0.0,0.0,97
2023-05-10 09:40:07,OP90002161,中证500ETF购12月5750,0.0,0.0,0.0,0.0,20,0.6431,0.6475,40,0.6505,0.6594,0.0,0.0,0.0,0.0,97
2023-05-10 09:40:08,OP90002161,中证500ETF购12月5750,0.0,0.0,0.0,0.0,20,0.6431,0.6475,40,0.6505,0.6594,0.0,0.0,0.0,0.0,97
2023-05-10 09:40:10,OP90002161,中证500ETF购12月5750,0.0,0.0,0.0,0.0,20,0.6431,0.6475,40,0.6505,0.6594,0.0,0.0,0.0,0.0,97
2023-05-10 09:40:11,OP90002161,中证500ETF购12月5750,0.0,0.0,0.0,0.0,20,0.6434,0.6475,20,0.6505,0.6594,0.0,0.0,0.0,0.0,97
2023-05-10 09:40:11,OP90002161,中证500ETF购12月5750,0.0,0.0,0.0,0.0,20,0.6434,0.6474,15,0.6505,0.6594,0.0,0.0,0.0,0.0,97
2023-05-10 09:40:12,OP90002161,中证500ETF购12月5750,0.0,0.0,0.0,0.0,20,0.6434,0.6474,15,0.6505,0.6594,0.0,0.0,0.0,0.0,97
2023-05-10 09:40:13,OP90002161,中证500ETF购12月5750,0.0,0.0,0.0,0.0,20,0.6434,0.6474,15,0.6505,0.6594,0.0,0.0,0.0,0.0,97
2023-05-10 09:40:14,OP90002161,中证500ETF购12月5750,0.0,0.0,0.0,0.0,20,0.6434,0.6474,15,0.6505,0.6594,0.0,0.0,0.0,0.0,97
2023-05-10 09:40:14,OP90002161,中证500ETF购12月5750,0.0,0.0,0.0,0.0,20,0.6434,0.6474,15,0.6505,0.6594,0.0,0.0,0.0,0.0,97
2023-05-10 09:40:15,OP90002161,中证500ETF购12月5750,0.0,0.0,0.0,0.0,20,0.6434,0.6474,15,0.6505,0.6594,0.0,0.0,0.0,0.0,97
2023-05-10 09:40:17,OP90002161,中证500ETF购12月5750,0.0,0.0,0.0,0.0,20,0.6434,0.6474,15,0.6505,0.6594,0.0,0.0,0.0,0.0,97
2023-05-10 09:40:29,OP90002161,中证500ETF购12月5750,0.0,0.0,0.0,0.0,20,0.6434,0.6482,20,0.6505,0.6594,0.0,0.0,0.0,0.0,97
2023-05-10 09:40:29,OP90002161,中证500ETF购12月5750,0.0,0.0,0.0,0.0,20,0.6434,0.6481,15,0.6505,0.6594,0.0,0.0,0.0,0.0,97
2023-05-10 09:40:30,OP90002161,中证500ETF购12月5750,0.0,0.0,0.0,0.0,20,0.6434,0.6481,15,0.6505,0.6594,0.0,0.0,0.0,0.0,97
2023-05-10 09:40:32,OP90002161,中证500ETF购12月5750,0.0,0.0,0.0,0.0,20,0.6431,0.6474,20,0.6505,0.6594,0.0,0.0,0.0,0.0,97
2023-05-10 09:40:32,OP90002161,中证500ETF购12月5750,0.0,0.0,0.0,0.0,20,0.6431,0.6474,40,0.6505,0.6594,0.0,0.0,0.0,0.0,97
2023-05-10 09:40:33,OP90002161,中证500ETF购12月5750,0.0,0.0,0.0,0.0,20,0.6431,0.6474,40,0.6505,0.6594,0.0,0.0,0.0,0.0,97
2023-05-10 09:40:33,OP90002161,中证500ETF购12月5750,0.0,0.0,0.0,0.0,20,0.6431,0.6474,40,0.6505,0.6594,0.0,0.0,0.0,0.0,97
2023-05-10 09:40:34,OP90002161,中证500ETF购12月5750,0.0,0.0,0.0,0.0,20,0.6431,0.6474,40,0.6505,0.6594,0.0,0.0,0.0,0.0,97
2023-05-10 09:40:36,OP90002161,中证500ETF购12月5750,0.0,0.0,0.0,0.0,20,0.6431,0.6474,40,0.6505,0.6594,0.0,0.0,0.0,0.0,97
2023-05-10 09:40:37,OP90002161,中证500ETF购12月5750,0.0,0.0,0.0,0.0,20,0.6431,0.6474,40,0.6505,0.6594,0.0,0.0,0.0,0.0,97
2023-05-10 09:40:38,OP90002161,中证500ETF购12月5750,0.0,0.0,0.0,0.0,20,0.6431,0.6474,40,0.6505,0.6594,0.0,0.0,0.0,0.0,97
2023-05-10 09:40:39,OP90002161,中证500ETF购12月5750,0.0,0.0,0.0,0.0,20,0.6434,0.6474,20,0.6505,0.6594,0.0,0.0,0.0,0.0,97
2023-05-10 09:40:40,OP90002161,中证500ETF购12月5750,0.0,0.0,0.0,0.0,20,0.6434,0.6485,40,0.6505,0.6594,0.0,0.0,0.0,0.0,97
2023-05-10 09:40:40,OP90002161,中证500ETF购12月5750,0.0,0.0,0.0,0.0,20,0.6445,0.6485,40,0.6505,0.6594,0.0,0.0,0.0,0.0,97
2023-05-10 09:40:41,OP90002161,中证500ETF购12月5750,0.0,0.0,0.0,0.0,20,0.6445,0.6485,20,0.6505,0.6594,0.0,0.0,0.0,0.0,97
2023-05-10 09:40:41,OP90002161,中证500ETF购12月5750,0.0,0.0,0.0,0.0,20,0.6445,0.6485,20,0.6505,0.6594,0.0,0.0,0.0,0.0,97
2023-05-10 09:40:42,OP90002161,中证500ETF购12月5750,0.0,0.0,0.0,0.0,20,0.6445,0.6485,20,0.6505,0.6594,0.0,0.0,0.0,0.0,97
2023-05-10 09:40:43,OP90002161,中证500ETF购12月5750,0.0,0.0,0.0,0.0,20,0.6445,0.6485,20,0.6505,0.6594,0.0,0.0,0.0,0.0,97
2023-05-10 09:40:47,OP90002161,中证500ETF购12月5750,0.0,0.0,0.0,0.0,20,0.644,0.6485,20,0.6505,0.6594,0.0,0.0,0.0,0.0,97
2023-05-10 09:40:47,OP90002161,中证500ETF购12月5750,0.0,0.0,0.0,0.0,20,0.6434,0.6485,40,0.6505,0.6594,0.0,0.0,0.0,0.0,97
2023-05-10 09:40:48,OP90002161,中证500ETF购12月5750,0.0,0.0,0.0,0.0,20,0.6434,0.648,20,0.6505,0.6594,0.0,0.0,0.0,0.0,97
2023-05-10 09:40:48,OP90002161,中证500ETF购12月5750,0.0,0.0,0.0,0.0,20,0.6434,0.6479,15,0.6505,0.6594,0.0,0.0,0.0,0.0,97
2023-05-10 09:40:49,OP90002161,中证500ETF购12月5750,0.0,0.0,0.0,0.0,20,0.6434,0.6479,15,0.6505,0.6594,0.0,0.0,0.0,0.0,97
2023-05-10 09:40:51,OP90002161,中证500ETF购12月5750,0.0,0.0,0.0,0.0,20,0.6434,0.6479,15,0.6505,0.6594,0.0,0.0,0.0,0.0,97
2023-05-10 09:40:51,OP90002161,中证500ETF购12月5750,0.0,0.0,0.0,0.0,40,0.6427,0.6469,20,0.6505,0.6594,0.0,0.0,0.0,0.0,97
2023-05-10 09:40:52,OP90002161,中证500ETF购12月5750,0.0,0.0,0.0,0.0,20,0.6427,0.6469,40,0.6505,0.6594,0.0,0.0,0.0,0.0,97
2023-05-10 09:40:52,OP90002161,中证500ETF购12月5750,0.0,0.0,0.0,0.0,20,0.6427,0.6469,40,0.6505,0.6594,0.0,0.0,0.0,0.0,97
2023-05-10 09:40:53,OP90002161,中证500ETF购12月5750,0.0,0.0,0.0,0.0,20,0.6427,0.6469,40,0.6505,0.6594,0.0,0.0,0.0,0.0,97
2023-05-10 09:40:54,OP90002161,中证500ETF购12月5750,0.0,0.0,0.0,0.0,20,0.6427,0.6469,40,0.6505,0.6594,0.0,0.0,0.0,0.0,97
2023-05-10 09:40:55,OP90002161,中证500ETF购12月5750,0.0,0.0,0.0,0.0,20,0.6427,0.6469,40,0.6505,0.6594,0.0,0.0,0.0,0.0,97
2023-05-10 09:40:56,OP90002161,中证500ETF购12月5750,0.0,0.0,0.0,0.0,20,0.6427,0.6469,40,0.6505,0.6594,0.0,0.0,0.0,0.0,97
2023-05-10 09:40:56,OP90002161,中证500ETF购12月5750,0.0,0.0,0.0,0.0,20,0.6427,0.6469,40,0.6505,0.6594,0.0,0.0,0.0,0.0,97
2023-05-10 09:40:57,OP90002161,中证500ETF购12月5750,0.0,0.0,0.0,0.0,20,0.6427,0.6469,40,0.6505,0.6594,0.0,0.0,0.0,0.0,97
2023-05-10 09:40:59,OP90002161,中证500ETF购12月5750,0.0,0.0,0.0,0.0,20,0.6427,0.6469,40,0.6505,0.6594,0.0,0.0,0.0,0.0,97
2023-05-10 09:40:59,OP90002161,中证500ETF购12月5750,0.0,0.0,0.0,0.0,20,0.6427,0.6469,40,0.6505,0.6594,0.0,0.0,0.0,0.0,97
2023-05-10 09:41:01,OP90002161,中证500ETF购12月5750,0.0,0.0,0.0,0.0,40,0.6427,0.6469,20,0.6505,0.6594,0.0,0.0,0.0,0.0,97
2023-05-10 09:41:02,OP90002161,中证500ETF购12月5750,0.0,0.0,0.0,0.0,40,0.6427,0.6468,15,0.6505,0.6594,0.0,0.0,0.0,0.0,97
2023-05-10 09:41:03,OP90002161,中证500ETF购12月5750,0.0,0.0,0.0,0.0,40,0.6427,0.6468,15,0.6505,0.6594,0.0,0.0,0.0,0.0,97
2023-05-10 09:41:04,OP90002161,中证500ETF购12月5750,0.0,0.0,0.0,0.0,40,0.6427,0.6479,40,0.6505,0.6594,0.0,0.0,0.0,0.0,97
2023-05-10 09:41:04,OP90002161,中证500ETF购12月5750,0.0,0.0,0.0,0.0,40,0.6427,0.6479,40,0.6505,0.6594,0.0,0.0,0.0,0.0,97
2023-05-10 09:41:05,OP90002161,中证500ETF购12月5750,0.0,0.0,0.0,0.0,40,0.6427,0.6479,40,0.6505,0.6594,0.0,0.0,0.0,0.0,97
2023-05-10 09:41:05,OP90002161,中证500ETF购12月5750,0.0,0.0,0.0,0.0,40,0.6427,0.6479,40,0.6505,0.6594,0.0,0.0,0.0,0.0,97
2023-05-10 09:41:06,OP90002161,中证500ETF购12月5750,0.0,0.0,0.0,0.0,40,0.6427,0.6479,40,0.6505,0.6594,0.0,0.0,0.0,0.0,97
2023-05-10 09:41:15,OP90002161,中证500ETF购12月5750,0.0,0.0,0.0,0.0,40,0.6427,0.6479,40,0.6505,0.6594,0.0,0.0,0.0,0.0,97
2023-05-10 09:41:17,OP90002161,中证500ETF购12月5750,0.0,0.0,0.0,0.0,40,0.6427,0.6479,40,0.6505,0.6594,0.0,0.0,0.0,0.0,97
2023-05-10 09:41:22,OP90002161,中证500ETF购12月5750,0.0,0.0,0.0,0.0,40,0.6427,0.6479,40,0.6505,0.6594,0.0,0.0,0.0,0.0,97
2023-05-10 09:41:23,OP90002161,中证500ETF购12月5750,0.0,0.0,0.0,0.0,20,0.6438,0.6479,20,0.6505,0.6594,0.0,0.0,0.0,0.0,97
2023-05-10 09:41:23,OP90002161,中证500ETF购12月5750,0.0,0.0,0.0,0.0,20,0.6441,0.6478,15,0.6505,0.6594,0.0,0.0,0.0,0.0,97
2023-05-10 09:41:24,OP90002161,中证500ETF购12月5750,0.0,0.0,0.0,0.0,20,0.6441,0.6478,15,0.6505,0.6594,0.0,0.0,0.0,0.0,97
2023-05-10 09:41:25,OP90002161,中证500ETF购12月5750,0.0,0.0,0.0,0.0,20,0.6438,0.6478,35,0.6505,0.6594,0.0,0.0,0.0,0.0,97
2023-05-10 09:41:26,OP90002161,中证500ETF购12月5750,0.0,0.0,0.0,0.0,20,0.6428,0.6478,35,0.6505,0.6594,0.0,0.0,0.0,0.0,97
2023-05-10 09:41:26,OP90002161,中证500ETF购12月5750,0.0,0.0,0.0,0.0,20,0.6428,0.6474,20,0.6505,0.6594,0.0,0.0,0.0,0.0,97
2023-05-10 09:41:27,OP90002161,中证500ETF购12月5750,0.0,0.0,0.0,0.0,20,0.6428,0.6473,15,0.6505,0.6594,0.0,0.0,0.0,0.0,97
2023-05-10 09:41:27,OP90002161,中证500ETF购12月5750,0.0,0.0,0.0,0.0,20,0.6428,0.6473,15,0.6505,0.6594,0.0,0.0,0.0,0.0,97
2023-05-10 09:41:28,OP90002161,中证500ETF购12月5750,0.0,0.0,0.0,0.0,20,0.6428,0.6473,35,0.6505,0.6594,0.0,0.0,0.0,0.0,97
2023-05-10 09:41:28,OP90002161,中证500ETF购12月5750,0.0,0.0,0.0,0.0,20,0.6428,0.6473,35,0.6505,0.6594,0.0,0.0,0.0,0.0,97
2023-05-10 09:41:30,OP90002161,中证500ETF购12月5750,0.0,0.0,0.0,0.0,20,0.6428,0.6473,35,0.6505,0.6594,0.0,0.0,0.0,0.0,97
2023-05-10 09:41:31,OP90002161,中证500ETF购12月5750,0.0,0.0,0.0,0.0,20,0.6428,0.6473,35,0.6505,0.6594,0.0,0.0,0.0,0.0,97
2023-05-10 09:41:32,OP90002161,中证500ETF购12月5750,0.0,0.0,0.0,0.0,20,0.6422,0.6469,20,0.6505,0.6594,0.0,0.0,0.0,0.0,97
2023-05-10 09:41:32,OP90002161,中证500ETF购12月5750,0.0,0.0,0.0,0.0,20,0.6422,0.6469,20,0.6505,0.6594,0.0,0.0,0.0,0.0,97
2023-05-10 09:41:35,OP90002161,中证500ETF购12月5750,0.0,0.0,0.0,0.0,20,0.6422,0.6469,20,0.6505,0.6594,0.0,0.0,0.0,0.0,97
2023-05-10 09:41:36,OP90002161,中证500ETF购12月5750,0.0,0.0,0.0,0.0,20,0.6422,0.6469,20,0.6505,0.6594,0.0,0.0,0.0,0.0,97
2023-05-10 09:41:37,OP90002161,中证500ETF购12月5750,0.0,0.0,0.0,0.0,20,0.6422,0.6469,20,0.6505,0.6594,0.0,0.0,0.0,0.0,97
2023-05-10 09:41:40,OP90002161,中证500ETF购12月5750,0.0,0.0,0.0,0.0,20,0.6422,0.6469,20,0.6505,0.6594,0.0,0.0,0.0,0.0,97
2023-05-10 09:41:42,OP90002161,中证500ETF购12月5750,0.0,0.0,0.0,0.0,20,0.6422,0.6469,20,0.6505,0.6594,0.0,0.0,0.0,0.0,97
2023-05-10 09:41:44,OP90002161,中证500ETF购12月5750,0.0,0.0,0.0,0.0,20,0.6429,0.6473,20,0.6505,0.6594,0.0,0.0,0.0,0.0,97
2023-05-10 09:41:44,OP90002161,中证500ETF购12月5750,0.0,0.0,0.0,0.0,20,0.6429,0.6472,15,0.6505,0.6594,0.0,0.0,0.0,0.0,97
2023-05-10 09:41:45,OP90002161,中证500ETF购12月5750,0.0,0.0,0.0,0.0,20,0.6429,0.6472,35,0.6505,0.6594,0.0,0.0,0.0,0.0,97
2023-05-10 09:41:45,OP90002161,中证500ETF购12月5750,0.0,0.0,0.0,0.0,20,0.6429,0.6472,35,0.6505,0.6594,0.0,0.0,0.0,0.0,97
2023-05-10 09:41:46,OP90002161,中证500ETF购12月5750,0.0,0.0,0.0,0.0,20,0.6429,0.6472,35,0.6505,0.6594,0.0,0.0,0.0,0.0,97
2023-05-10 09:41:46,OP90002161,中证500ETF购12月5750,0.0,0.0,0.0,0.0,20,0.6429,0.6472,35,0.6505,0.6594,0.0,0.0,0.0,0.0,97
2023-05-10 09:41:47,OP90002161,中证500ETF购12月5750,0.0,0.0,0.0,0.0,20,0.6429,0.6472,35,0.6505,0.6594,0.0,0.0,0.0,0.0,97
2023-05-10 09:41:50,OP90002161,中证500ETF购12月5750,0.0,0.0,0.0,0.0,20,0.6436,0.6472,35,0.6505,0.6594,0.0,0.0,0.0,0.0,97
2023-05-10 09:41:51,OP90002161,中证500ETF购12月5750,0.0,0.0,0.0,0.0,20,0.6436,0.6472,35,0.6505,0.6594,0.0,0.0,0.0,0.0,97
2023-05-10 09:41:54,OP90002161,中证500ETF购12月5750,0.0,0.0,0.0,0.0,20,0.6436,0.6472,35,0.6505,0.6594,0.0,0.0,0.0,0.0,97
2023-05-10 09:41:54,OP90002161,中证500ETF购12月5750,0.0,0.0,0.0,0.0,20,0.6436,0.6472,35,0.6505,0.6594,0.0,0.0,0.0,0.0,97
2023-05-10 09:41:55,OP90002161,中证500ETF购12月5750,0.0,0.0,0.0,0.0,20,0.6436,0.647,20,0.6505,0.6594,0.0,0.0,0.0,0.0,97
2023-05-10 09:41:56,OP90002161,中证500ETF购12月5750,0.0,0.0,0.0,0.0,20,0.6436,0.647,20,0.6505,0.6594,0.0,0.0,0.0,0.0,97
2023-05-10 09:41:57,OP90002161,中证500ETF购12月5750,0.0,0.0,0.0,0.0,20,0.6423,0.647,20,0.6505,0.6594,0.0,0.0,0.0,0.0,97
2023-05-10 09:41:57,OP90002161,中证500ETF购12月5750,0.0,0.0,0.0,0.0,20,0.6423,0.6466,20,0.6505,0.6594,0.0,0.0,0.0,0.0,97
2023-05-10 09:41:58,OP90002161,中证500ETF购12月5750,0.0,0.0,0.0,0.0,20,0.6423,0.6465,15,0.6505,0.6594,0.0,0.0,0.0,0.0,97
2023-05-10 09:41:58,OP90002161,中证500ETF购12月5750,0.0,0.0,0.0,0.0,20,0.6423,0.6465,15,0.6505,0.6594,0.0,0.0,0.0,0.0,97
2023-05-10 09:41:59,OP90002161,中证500ETF购12月5750,0.0,0.0,0.0,0.0,20,0.6423,0.6465,15,0.6505,0.6594,0.0,0.0,0.0,0.0,97
2023-05-10 09:42:00,OP90002161,中证500ETF购12月5750,0.0,0.0,0.0,0.0,20,0.6423,0.6465,35,0.6505,0.6594,0.0,0.0,0.0,0.0,97
2023-05-10 09:42:01,OP90002161,中证500ETF购12月5750,0.0,0.0,0.0,0.0,20,0.6423,0.6465,35,0.6505,0.6594,0.0,0.0,0.0,0.0,97
2023-05-10 09:42:05,OP90002161,中证500ETF购12月5750,0.0,0.0,0.0,0.0,20,0.6423,0.6465,35,0.6505,0.6594,0.0,0.0,0.0,0.0,97
2023-05-10 09:42:06,OP90002161,中证500ETF购12月5750,0.0,0.0,0.0,0.0,20,0.6423,0.6465,35,0.6505,0.6594,0.0,0.0,0.0,0.0,97
2023-05-10 09:42:08,OP90002161,中证500ETF购12月5750,0.0,0.0,0.0,0.0,20,0.6423,0.6465,35,0.6505,0.6594,0.0,0.0,0.0,0.0,97
2023-05-10 09:42:14,OP90002161,中证500ETF购12月5750,0.0,0.0,0.0,0.0,20,0.6431,0.6465,20,0.6505,0.6594,0.0,0.0,0.0,0.0,97
2023-05-10 09:42:15,OP90002161,中证500ETF购12月5750,0.0,0.0,0.0,0.0,20,0.6431,0.6465,20,0.6505,0.6594,0.0,0.0,0.0,0.0,97
2023-05-10 09:42:15,OP90002161,中证500ETF购12月5750,0.0,0.0,0.0,0.0,20,0.6431,0.6464,15,0.6505,0.6594,0.0,0.0,0.0,0.0,97
2023-05-10 09:42:16,OP90002161,中证500ETF购12月5750,0.0,0.0,0.0,0.0,20,0.6431,0.6475,20,0.6505,0.6594,0.0,0.0,0.0,0.0,97
2023-05-10 09:42:16,OP90002161,中证500ETF购12月5750,0.0,0.0,0.0,0.0,20,0.6431,0.6474,15,0.6505,0.6594,0.0,0.0,0.0,0.0,97
2023-05-10 09:42:17,OP90002161,中证500ETF购12月5750,0.0,0.0,0.0,0.0,20,0.6431,0.6474,15,0.6505,0.6594,0.0,0.0,0.0,0.0,97
2023-05-10 09:42:17,OP90002161,中证500ETF购12月5750,0.0,0.0,0.0,0.0,20,0.6431,0.6474,15,0.6505,0.6594,0.0,0.0,0.0,0.0,97
2023-05-10 09:42:21,OP90002161,中证500ETF购12月5750,0.0,0.0,0.0,0.0,20,0.6423,0.6469,20,0.6505,0.6594,0.0,0.0,0.0,0.0,97
2023-05-10 09:42:22,OP90002161,中证500ETF购12月5750,0.0,0.0,0.0,0.0,20,0.6423,0.6469,20,0.6505,0.6594,0.0,0.0,0.0,0.0,97
2023-05-10 09:42:22,OP90002161,中证500ETF购12月5750,0.0,0.0,0.0,0.0,20,0.6423,0.6469,20,0.6505,0.6594,0.0,0.0,0.0,0.0,97
2023-05-10 09:42:41,OP90002161,中证500ETF购12月5750,0.0,0.0,0.0,0.0,20,0.6428,0.647,20,0.6505,0.6594,0.0,0.0,0.0,0.0,97
2023-05-10 09:42:41,OP90002161,中证500ETF购12月5750,0.0,0.0,0.0,0.0,20,0.6428,0.6469,15,0.6505,0.6594,0.0,0.0,0.0,0.0,97
2023-05-10 09:42:42,OP90002161,中证500ETF购12月5750,0.0,0.0,0.0,0.0,20,0.6428,0.6469,15,0.6505,0.6594,0.0,0.0,0.0,0.0,97
2023-05-10 09:42:43,OP90002161,中证500ETF购12月5750,0.0,0.0,0.0,0.0,20,0.6428,0.6469,15,0.6505,0.6594,0.0,0.0,0.0,0.0,97
2023-05-10 09:42:45,OP90002161,中证500ETF购12月5750,0.0,0.0,0.0,0.0,20,0.6428,0.6469,15,0.6505,0.6594,0.0,0.0,0.0,0.0,97
2023-05-10 09:42:46,OP90002161,中证500ETF购12月5750,0.0,0.0,0.0,0.0,20,0.6428,0.647,20,0.6505,0.6594,0.0,0.0,0.0,0.0,97
2023-05-10 09:42:46,OP90002161,中证500ETF购12月5750,0.0,0.0,0.0,0.0,20,0.6428,0.647,20,0.6505,0.6594,0.0,0.0,0.0,0.0,97
2023-05-10 09:42:47,OP90002161,中证500ETF购12月5750,0.0,0.0,0.0,0.0,40,0.6428,0.6479,50,0.6505,0.6594,0.0,0.0,0.0,0.0,97
2023-05-10 09:42:47,OP90002161,中证500ETF购12月5750,0.0,0.0,0.0,0.0,20,0.6438,0.6479,40,0.6505,0.6594,0.0,0.0,0.0,0.0,97
2023-05-10 09:42:48,OP90002161,中证500ETF购12月5750,0.0,0.0,0.0,0.0,20,0.6438,0.6479,40,0.6505,0.6594,0.0,0.0,0.0,0.0,97
2023-05-10 09:42:48,OP90002161,中证500ETF购12月5750,0.0,0.0,0.0,0.0,20,0.6438,0.6479,40,0.6505,0.6594,0.0,0.0,0.0,0.0,97
2023-05-10 09:42:49,OP90002161,中证500ETF购12月5750,0.0,0.0,0.0,0.0,20,0.6438,0.6479,40,0.6505,0.6594,0.0,0.0,0.0,0.0,97
2023-05-10 09:42:50,OP90002161,中证500ETF购12月5750,0.0,0.0,0.0,0.0,20,0.6438,0.6479,40,0.6505,0.6594,0.0,0.0,0.0,0.0,97
2023-05-10 09:42:50,OP90002161,中证500ETF购12月5750,0.0,0.0,0.0,0.0,20,0.6438,0.6479,60,0.6505,0.6594,0.0,0.0,0.0,0.0,97
2023-05-10 09:42:53,OP90002161,中证500ETF购12月5750,0.0,0.0,0.0,0.0,20,0.6438,0.6479,60,0.6505,0.6594,0.0,0.0,0.0,0.0,97
2023-05-10 09:42:54,OP90002161,中证500ETF购12月5750,0.0,0.0,0.0,0.0,40,0.6438,0.6479,40,0.6505,0.6594,0.0,0.0,0.0,0.0,97
2023-05-10 09:42:55,OP90002161,中证500ETF购12月5750,0.0,0.0,0.0,0.0,40,0.6438,0.6478,15,0.6505,0.6594,0.0,0.0,0.0,0.0,97
2023-05-10 09:43:01,OP90002161,中证500ETF购12月5750,0.0,0.0,0.0,0.0,20,0.6438,0.6477,20,0.6505,0.6594,0.0,0.0,0.0,0.0,97
2023-05-10 09:43:01,OP90002161,中证500ETF购12月5750,0.0,0.0,0.0,0.0,20,0.6438,0.6477,20,0.6505,0.6594,0.0,0.0,0.0,0.0,97
2023-05-10 09:43:03,OP90002161,中证500ETF购12月5750,0.0,0.0,0.0,0.0,20,0.6438,0.6477,20,0.6505,0.6594,0.0,0.0,0.0,0.0,97
2023-05-10 09:43:03,OP90002161,中证500ETF购12月5750,0.0,0.0,0.0,0.0,20,0.6438,0.6479,20,0.6505,0.6594,0.0,0.0,0.0,0.0,97
2023-05-10 09:43:04,OP90002161,中证500ETF购12月5750,0.0,0.0,0.0,0.0,20,0.6438,0.6478,15,0.6505,0.6594,0.0,0.0,0.0,0.0,97
2023-05-10 09:43:04,OP90002161,中证500ETF购12月5750,0.0,0.0,0.0,0.0,20,0.6438,0.6478,35,0.6505,0.6594,0.0,0.0,0.0,0.0,97
2023-05-10 09:43:05,OP90002161,中证500ETF购12月5750,0.0,0.0,0.0,0.0,20,0.6438,0.6476,20,0.6505,0.6594,0.0,0.0,0.0,0.0,97
2023-05-10 09:43:06,OP90002161,中证500ETF购12月5750,0.0,0.0,0.0,0.0,40,0.6425,0.6476,40,0.6505,0.6594,0.0,0.0,0.0,0.0,97
2023-05-10 09:43:06,OP90002161,中证500ETF购12月5750,0.0,0.0,0.0,0.0,20,0.6425,0.6476,40,0.6505,0.6594,0.0,0.0,0.0,0.0,97
2023-05-10 09:43:09,OP90002161,中证500ETF购12月5750,0.0,0.0,0.0,0.0,20,0.6425,0.6476,40,0.6505,0.6594,0.0,0.0,0.0,0.0,97
2023-05-10 09:43:11,OP90002161,中证500ETF购12月5750,0.0,0.0,0.0,0.0,20,0.6438,0.6476,20,0.6505,0.6594,0.0,0.0,0.0,0.0,97
2023-05-10 09:43:12,OP90002161,中证500ETF购12月5750,0.0,0.0,0.0,0.0,40,0.6438,0.6475,15,0.6505,0.6594,0.0,0.0,0.0,0.0,97
2023-05-10 09:43:12,OP90002161,中证500ETF购12月5750,0.0,0.0,0.0,0.0,40,0.6438,0.6475,15,0.6505,0.6594,0.0,0.0,0.0,0.0,97
2023-05-10 09:43:16,OP90002161,中证500ETF购12月5750,0.0,0.0,0.0,0.0,20,0.6438,0.6475,15,0.6505,0.6594,0.0,0.0,0.0,0.0,97
2023-05-10 09:43:17,OP90002161,中证500ETF购12月5750,0.0,0.0,0.0,0.0,20,0.6426,0.6475,35,0.6505,0.6594,0.0,0.0,0.0,0.0,97
2023-05-10 09:43:17,OP90002161,中证500ETF购12月5750,0.0,0.0,0.0,0.0,20,0.6426,0.6475,35,0.6505,0.6594,0.0,0.0,0.0,0.0,97
2023-05-10 09:43:18,OP90002161,中证500ETF购12月5750,0.0,0.0,0.0,0.0,20,0.6421,0.6466,20,0.6505,0.6594,0.0,0.0,0.0,0.0,97
2023-05-10 09:43:18,OP90002161,中证500ETF购12月5750,0.0,0.0,0.0,0.0,20,0.6421,0.6466,40,0.6505,0.6594,0.0,0.0,0.0,0.0,97
2023-05-10 09:43:19,OP90002161,中证500ETF购12月5750,0.0,0.0,0.0,0.0,20,0.6421,0.6466,40,0.6505,0.6594,0.0,0.0,0.0,0.0,97
2023-05-10 09:43:20,OP90002161,中证500ETF购12月5750,0.0,0.0,0.0,0.0,20,0.6421,0.6466,40,0.6505,0.6594,0.0,0.0,0.0,0.0,97
2023-05-10 09:43:21,OP90002161,中证500ETF购12月5750,0.0,0.0,0.0,0.0,20,0.6421,0.6466,40,0.6505,0.6594,0.0,0.0,0.0,0.0,97
2023-05-10 09:43:22,OP90002161,中证500ETF购12月5750,0.0,0.0,0.0,0.0,20,0.6424,0.6466,20,0.6505,0.6594,0.0,0.0,0.0,0.0,97
2023-05-10 09:43:23,OP90002161,中证500ETF购12月5750,0.0,0.0,0.0,0.0,20,0.6424,0.6465,15,0.6505,0.6594,0.0,0.0,0.0,0.0,97
2023-05-10 09:43:29,OP90002161,中证500ETF购12月5750,0.0,0.0,0.0,0.0,20,0.6424,0.6465,15,0.6505,0.6594,0.0,0.0,0.0,0.0,97
2023-05-10 09:43:30,OP90002161,中证500ETF购12月5750,0.0,0.0,0.0,0.0,20,0.6424,0.6465,15,0.6505,0.6594,0.0,0.0,0.0,0.0,97
2023-05-10 09:43:31,OP90002161,中证500ETF购12月5750,0.0,0.0,0.0,0.0,20,0.6424,0.6465,15,0.6505,0.6594,0.0,0.0,0.0,0.0,97
2023-05-10 09:43:31,OP90002161,中证500ETF购12月5750,0.0,0.0,0.0,0.0,20,0.6424,0.6466,20,0.6505,0.6594,0.0,0.0,0.0,0.0,97
2023-05-10 09:43:32,OP90002161,中证500ETF购12月5750,0.0,0.0,0.0,0.0,20,0.6424,0.6466,20,0.6505,0.6594,0.0,0.0,0.0,0.0,97
2023-05-10 09:43:32,OP90002161,中证500ETF购12月5750,0.0,0.0,0.0,0.0,20,0.6424,0.6466,35,0.6505,0.6594,0.0,0.0,0.0,0.0,97
2023-05-10 09:43:33,OP90002161,中证500ETF购12月5750,0.0,0.0,0.0,0.0,20,0.6424,0.6466,35,0.6505,0.6594,0.0,0.0,0.0,0.0,97
2023-05-10 09:43:34,OP90002161,中证500ETF购12月5750,0.0,0.0,0.0,0.0,40,0.6424,0.6476,50,0.6505,0.6594,0.0,0.0,0.0,0.0,97
2023-05-10 09:43:34,OP90002161,中证500ETF购12月5750,0.0,0.0,0.0,0.0,40,0.6424,0.6476,40,0.6505,0.6594,0.0,0.0,0.0,0.0,97
2023-05-10 09:43:35,OP90002161,中证500ETF购12月5750,0.0,0.0,0.0,0.0,20,0.6437,0.6476,20,0.6505,0.6594,0.0,0.0,0.0,0.0,97
2023-05-10 09:43:35,OP90002161,中证500ETF购12月5750,0.0,0.0,0.0,0.0,40,0.6437,0.6482,20,0.6505,0.6594,0.0,0.0,0.0,0.0,97
2023-05-10 09:43:36,OP90002161,中证500ETF购12月5750,0.0,0.0,0.0,0.0,40,0.6437,0.6481,15,0.6505,0.6594,0.0,0.0,0.0,0.0,97
2023-05-10 09:43:37,OP90002161,中证500ETF购12月5750,0.0,0.0,0.0,0.0,40,0.6437,0.6481,15,0.6505,0.6594,0.0,0.0,0.0,0.0,97
2023-05-10 09:43:39,OP90002161,中证500ETF购12月5750,0.0,0.0,0.0,0.0,40,0.6437,0.6481,35,0.6505,0.6594,0.0,0.0,0.0,0.0,97
2023-05-10 09:43:39,OP90002161,中证500ETF购12月5750,0.0,0.0,0.0,0.0,40,0.6437,0.6481,35,0.6505,0.6594,0.0,0.0,0.0,0.0,97
2023-05-10 09:43:41,OP90002161,中证500ETF购12月5750,0.0,0.0,0.0,0.0,40,0.6437,0.6481,35,0.6505,0.6594,0.0,0.0,0.0,0.0,97
2023-05-10 09:43:43,OP90002161,中证500ETF购12月5750,0.0,0.0,0.0,0.0,20,0.6437,0.6475,20,0.6505,0.6594,0.0,0.0,0.0,0.0,97
2023-05-10 09:43:43,OP90002161,中证500ETF购12月5750,0.0,0.0,0.0,0.0,20,0.6437,0.6475,20,0.6505,0.6594,0.0,0.0,0.0,0.0,97
2023-05-10 09:44:00,OP90002161,中证500ETF购12月5750,0.0,0.0,0.0,0.0,20,0.6437,0.6475,20,0.6505,0.6594,0.0,0.0,0.0,0.0,97
2023-05-10 09:44:06,OP90002161,中证500ETF购12月5750,0.0,0.0,0.0,0.0,20,0.6424,0.6475,40,0.6505,0.6594,0.0,0.0,0.0,0.0,97
2023-05-10 09:44:07,OP90002161,中证500ETF购12月5750,0.0,0.0,0.0,0.0,20,0.6424,0.6475,40,0.6505,0.6594,0.0,0.0,0.0,0.0,97
2023-05-10 09:44:08,OP90002161,中证500ETF购12月5750,0.0,0.0,0.0,0.0,20,0.6424,0.6475,40,0.6505,0.6594,0.0,0.0,0.0,0.0,97
2023-05-10 09:44:12,OP90002161,中证500ETF购12月5750,0.0,0.0,0.0,0.0,20,0.6424,0.6475,40,0.6505,0.6594,0.0,0.0,0.0,0.0,97
2023-05-10 09:44:15,OP90002161,中证500ETF购12月5750,0.0,0.0,0.0,0.0,20,0.6424,0.6475,40,0.6505,0.6594,0.0,0.0,0.0,0.0,97
2023-05-10 09:44:18,OP90002161,中证500ETF购12月5750,0.0,0.0,0.0,0.0,20,0.6435,0.6475,20,0.6505,0.6594,0.0,0.0,0.0,0.0,97
2023-05-10 09:44:18,OP90002161,中证500ETF购12月5750,0.0,0.0,0.0,0.0,20,0.6435,0.6474,15,0.6505,0.6594,0.0,0.0,0.0,0.0,97
2023-05-10 09:44:19,OP90002161,中证500ETF购12月5750,0.0,0.0,0.0,0.0,20,0.6435,0.6474,15,0.6505,0.6594,0.0,0.0,0.0,0.0,97
2023-05-10 09:44:27,OP90002161,中证500ETF购12月5750,0.0,0.0,0.0,0.0,20,0.6424,0.6474,35,0.6505,0.6594,0.0,0.0,0.0,0.0,97
2023-05-10 09:44:27,OP90002161,中证500ETF购12月5750,0.0,0.0,0.0,0.0,20,0.6424,0.6473,20,0.6505,0.6594,0.0,0.0,0.0,0.0,97
2023-05-10 09:44:28,OP90002161,中证500ETF购12月5750,0.0,0.0,0.0,0.0,20,0.6424,0.6472,15,0.6505,0.6594,0.0,0.0,0.0,0.0,97
2023-05-10 09:44:28,OP90002161,中证500ETF购12月5750,0.0,0.0,0.0,0.0,20,0.6424,0.6472,15,0.6505,0.6594,0.0,0.0,0.0,0.0,97
2023-05-10 09:44:29,OP90002161,中证500ETF购12月5750,0.0,0.0,0.0,0.0,20,0.6424,0.6472,15,0.6505,0.6594,0.0,0.0,0.0,0.0,97
2023-05-10 09:44:30,OP90002161,中证500ETF购12月5750,0.0,0.0,0.0,0.0,20,0.6424,0.6472,15,0.6505,0.6594,0.0,0.0,0.0,0.0,97
2023-05-10 09:44:30,OP90002161,中证500ETF购12月5750,0.0,0.0,0.0,0.0,20,0.6424,0.647,20,0.6505,0.6594,0.0,0.0,0.0,0.0,97
2023-05-10 09:44:31,OP90002161,中证500ETF购12月5750,0.0,0.0,0.0,0.0,20,0.6424,0.6469,15,0.6505,0.6594,0.0,0.0,0.0,0.0,97
2023-05-10 09:44:39,OP90002161,中证500ETF购12月5750,0.0,0.0,0.0,0.0,20,0.6424,0.6469,15,0.6505,0.6594,0.0,0.0,0.0,0.0,97
2023-05-10 09:44:40,OP90002161,中证500ETF购12月5750,0.0,0.0,0.0,0.0,20,0.6424,0.6469,15,0.6505,0.6594,0.0,0.0,0.0,0.0,97
2023-05-10 09:44:45,OP90002161,中证500ETF购12月5750,0.0,0.0,0.0,0.0,20,0.6422,0.6464,20,0.6505,0.6594,0.0,0.0,0.0,0.0,97
2023-05-10 09:44:46,OP90002161,中证500ETF购12月5750,0.0,0.0,0.0,0.0,20,0.6422,0.6464,40,0.6505,0.6594,0.0,0.0,0.0,0.0,97
2023-05-10 09:44:47,OP90002161,中证500ETF购12月5750,0.0,0.0,0.0,0.0,20,0.6422,0.6464,40,0.6505,0.6594,0.0,0.0,0.0,0.0,97
2023-05-10 09:44:47,OP90002161,中证500ETF购12月5750,0.0,0.0,0.0,0.0,20,0.6422,0.6461,20,0.6505,0.6594,0.0,0.0,0.0,0.0,97
2023-05-10 09:44:48,OP90002161,中证500ETF购12月5750,0.0,0.0,0.0,0.0,20,0.6422,0.646,15,0.6505,0.6594,0.0,0.0,0.0,0.0,97
2023-05-10 09:44:48,OP90002161,中证500ETF购12月5750,0.0,0.0,0.0,0.0,20,0.6422,0.646,15,0.6505,0.6594,0.0,0.0,0.0,0.0,97
2023-05-10 09:44:53,OP90002161,中证500ETF购12月5750,0.0,0.0,0.0,0.0,20,0.6422,0.646,15,0.6505,0.6594,0.0,0.0,0.0,0.0,97
2023-05-10 09:44:57,OP90002161,中证500ETF购12月5750,0.0,0.0,0.0,0.0,20,0.6422,0.646,15,0.6505,0.6594,0.0,0.0,0.0,0.0,97
2023-05-10 09:45:00,OP90002161,中证500ETF购12月5750,0.0,0.0,0.0,0.0,20,0.6422,0.646,15,0.6505,0.6594,0.0,0.0,0.0,0.0,97
2023-05-10 09:45:01,OP90002161,中证500ETF购12月5750,0.0,0.0,0.0,0.0,20,0.6422,0.646,15,0.6505,0.6594,0.0,0.0,0.0,0.0,97
2023-05-10 09:45:02,OP90002161,中证500ETF购12月5750,0.0,0.0,0.0,0.0,20,0.6422,0.646,15,0.6505,0.6594,0.0,0.0,0.0,0.0,97
2023-05-10 09:45:03,OP90002161,中证500ETF购12月5750,0.0,0.0,0.0,0.0,20,0.6423,0.646,15,0.6505,0.6594,0.0,0.0,0.0,0.0,97
2023-05-10 09:45:04,OP90002161,中证500ETF购12月5750,0.0,0.0,0.0,0.0,20,0.6423,0.646,15,0.6505,0.6594,0.0,0.0,0.0,0.0,97
2023-05-10 09:45:07,OP90002161,中证500ETF购12月5750,0.0,0.0,0.0,0.0,20,0.6423,0.646,15,0.6505,0.6594,0.0,0.0,0.0,0.0,97
2023-05-10 09:45:08,OP90002161,中证500ETF购12月5750,0.0,0.0,0.0,0.0,20,0.6422,0.646,15,0.6505,0.6594,0.0,0.0,0.0,0.0,97
2023-05-10 09:45:08,OP90002161,中证500ETF购12月5750,0.0,0.0,0.0,0.0,20,0.6422,0.646,15,0.6505,0.6594,0.0,0.0,0.0,0.0,97
2023-05-10 09:45:09,OP90002161,中证500ETF购12月5750,0.0,0.0,0.0,0.0,20,0.6422,0.646,15,0.6505,0.6594,0.0,0.0,0.0,0.0,97
2023-05-10 09:45:12,OP90002161,中证500ETF购12月5750,0.0,0.0,0.0,0.0,20,0.6422,0.646,15,0.6505,0.6594,0.0,0.0,0.0,0.0,97
2023-05-10 09:45:17,OP90002161,中证500ETF购12月5750,0.0,0.0,0.0,0.0,20,0.6422,0.646,15,0.6505,0.6594,0.0,0.0,0.0,0.0,97
2023-05-10 09:45:17,OP90002161,中证500ETF购12月5750,0.0,0.0,0.0,0.0,20,0.6424,0.6464,20,0.6505,0.6594,0.0,0.0,0.0,0.0,97
2023-05-10 09:45:18,OP90002161,中证500ETF购12月5750,0.0,0.0,0.0,0.0,20,0.6424,0.6463,35,0.6505,0.6594,0.0,0.0,0.0,0.0,97
2023-05-10 09:45:18,OP90002161,中证500ETF购12月5750,0.0,0.0,0.0,0.0,20,0.6424,0.6463,35,0.6505,0.6594,0.0,0.0,0.0,0.0,97
2023-05-10 09:45:19,OP90002161,中证500ETF购12月5750,0.0,0.0,0.0,0.0,20,0.6422,0.6463,35,0.6505,0.6594,0.0,0.0,0.0,0.0,97
2023-05-10 09:45:19,OP90002161,中证500ETF购12月5750,0.0,0.0,0.0,0.0,20,0.6422,0.6463,35,0.6505,0.6594,0.0,0.0,0.0,0.0,97
2023-05-10 09:45:23,OP90002161,中证500ETF购12月5750,0.0,0.0,0.0,0.0,20,0.641,0.6451,20,0.6505,0.6594,0.0,0.0,0.0,0.0,97
2023-05-10 09:45:23,OP90002161,中证500ETF购12月5750,0.0,0.0,0.0,0.0,10,0.641,0.6451,20,0.6505,0.6594,0.0,0.0,0.0,0.0,97
2023-05-10 09:45:24,OP90002161,中证500ETF购12月5750,0.0,0.0,0.0,0.0,10,0.641,0.6448,20,0.6505,0.6594,0.0,0.0,0.0,0.0,97
2023-05-10 09:45:24,OP90002161,中证500ETF购12月5750,0.0,0.0,0.0,0.0,10,0.641,0.6447,15,0.6505,0.6594,0.0,0.0,0.0,0.0,97
2023-05-10 09:45:25,OP90002161,中证500ETF购12月5750,0.0,0.0,0.0,0.0,20,0.6405,0.6447,15,0.6505,0.6594,0.0,0.0,0.0,0.0,97
2023-05-10 09:45:25,OP90002161,中证500ETF购12月5750,0.0,0.0,0.0,0.0,20,0.6405,0.6447,15,0.6505,0.6594,0.0,0.0,0.0,0.0,97
2023-05-10 09:45:26,OP90002161,中证500ETF购12月5750,0.0,0.0,0.0,0.0,20,0.6405,0.6447,15,0.6505,0.6594,0.0,0.0,0.0,0.0,97
2023-05-10 09:45:32,OP90002161,中证500ETF购12月5750,0.0,0.0,0.0,0.0,20,0.6405,0.6447,35,0.6505,0.6594,0.0,0.0,0.0,0.0,97
2023-05-10 09:45:33,OP90002161,中证500ETF购12月5750,0.0,0.0,0.0,0.0,20,0.6405,0.6447,35,0.6505,0.6594,0.0,0.0,0.0,0.0,97
2023-05-10 09:45:37,OP90002161,中证500ETF购12月5750,0.0,0.0,0.0,0.0,20,0.6405,0.6447,35,0.6505,0.6594,0.0,0.0,0.0,0.0,97
2023-05-10 09:45:40,OP90002161,中证500ETF购12月5750,0.0,0.0,0.0,0.0,20,0.6405,0.6447,35,0.6505,0.6594,0.0,0.0,0.0,0.0,97
2023-05-10 09:45:40,OP90002161,中证500ETF购12月5750,0.0,0.0,0.0,0.0,20,0.6405,0.6447,55,0.6505,0.6594,0.0,0.0,0.0,0.0,97
2023-05-10 09:45:42,OP90002161,中证500ETF购12月5750,0.0,0.0,0.0,0.0,20,0.6405,0.6447,55,0.6505,0.6594,0.0,0.0,0.0,0.0,97
2023-05-10 09:45:44,OP90002161,中证500ETF购12月5750,0.0,0.0,0.0,0.0,20,0.6405,0.6447,55,0.6505,0.6594,0.0,0.0,0.0,0.0,97
2023-05-10 09:45:45,OP90002161,中证500ETF购12月5750,0.0,0.0,0.0,0.0,20,0.6405,0.6447,55,0.6505,0.6594,0.0,0.0,0.0,0.0,97
2023-05-10 09:45:50,OP90002161,中证500ETF购12月5750,0.0,0.0,0.0,0.0,20,0.6405,0.6447,55,0.6505,0.6594,0.0,0.0,0.0,0.0,97
2023-05-10 09:45:52,OP90002161,中证500ETF购12月5750,0.0,0.0,0.0,0.0,20,0.6405,0.6447,55,0.6505,0.6594,0.0,0.0,0.0,0.0,97
2023-05-10 09:45:55,OP90002161,中证500ETF购12月5750,0.0,0.0,0.0,0.0,20,0.6405,0.6447,55,0.6505,0.6594,0.0,0.0,0.0,0.0,97
2023-05-10 09:45:55,OP90002161,中证500ETF购12月5750,0.0,0.0,0.0,0.0,20,0.6405,0.6447,35,0.6505,0.6594,0.0,0.0,0.0,0.0,97
2023-05-10 09:45:56,OP90002161,中证500ETF购12月5750,0.0,0.0,0.0,0.0,20,0.6405,0.6447,35,0.6505,0.6594,0.0,0.0,0.0,0.0,97
2023-05-10 09:45:56,OP90002161,中证500ETF购12月5750,0.0,0.0,0.0,0.0,20,0.6409,0.6447,15,0.6505,0.6594,0.0,0.0,0.0,0.0,97
2023-05-10 09:45:59,OP90002161,中证500ETF购12月5750,0.0,0.0,0.0,0.0,20,0.6405,0.6447,15,0.6505,0.6594,0.0,0.0,0.0,0.0,97
2023-05-10 09:45:59,OP90002161,中证500ETF购12月5750,0.0,0.0,0.0,0.0,20,0.6405,0.6447,15,0.6505,0.6594,0.0,0.0,0.0,0.0,97
2023-05-10 09:46:00,OP90002161,中证500ETF购12月5750,0.0,0.0,0.0,0.0,20,0.641,0.6447,15,0.6505,0.6594,0.0,0.0,0.0,0.0,97
2023-05-10 09:46:00,OP90002161,中证500ETF购12月5750,0.0,0.0,0.0,0.0,20,0.641,0.6448,20,0.6505,0.6594,0.0,0.0,0.0,0.0,97
2023-05-10 09:46:01,OP90002161,中证500ETF购12月5750,0.0,0.0,0.0,0.0,40,0.641,0.6457,30,0.6505,0.6594,0.0,0.0,0.0,0.0,97
2023-05-10 09:46:02,OP90002161,中证500ETF购12月5750,0.0,0.0,0.0,0.0,20,0.6421,0.6456,15,0.6505,0.6594,0.0,0.0,0.0,0.0,97
2023-05-10 09:46:02,OP90002161,中证500ETF购12月5750,0.0,0.0,0.0,0.0,20,0.6421,0.6456,15,0.6505,0.6594,0.0,0.0,0.0,0.0,97
2023-05-10 09:46:03,OP90002161,中证500ETF购12月5750,0.0,0.0,0.0,0.0,20,0.6421,0.6456,15,0.6505,0.6594,0.0,0.0,0.0,0.0,97
2023-05-10 09:46:06,OP90002161,中证500ETF购12月5750,0.0,0.0,0.0,0.0,40,0.641,0.6456,15,0.6505,0.6594,0.0,0.0,0.0,0.0,97
2023-05-10 09:46:06,OP90002161,中证500ETF购12月5750,0.0,0.0,0.0,0.0,40,0.641,0.6456,15,0.6505,0.6594,0.0,0.0,0.0,0.0,97
2023-05-10 09:46:09,OP90002161,中证500ETF购12月5750,0.0,0.0,0.0,0.0,20,0.6406,0.6448,20,0.6505,0.6594,0.0,0.0,0.0,0.0,97
2023-05-10 09:46:10,OP90002161,中证500ETF购12月5750,0.0,0.0,0.0,0.0,20,0.6406,0.6448,20,0.6505,0.6594,0.0,0.0,0.0,0.0,97
2023-05-10 09:46:10,OP90002161,中证500ETF购12月5750,0.0,0.0,0.0,0.0,20,0.6406,0.6448,20,0.6505,0.6594,0.0,0.0,0.0,0.0,97
2023-05-10 09:46:11,OP90002161,中证500ETF购12月5750,0.0,0.0,0.0,0.0,20,0.6406,0.6448,20,0.6505,0.6594,0.0,0.0,0.0,0.0,97
2023-05-10 09:46:13,OP90002161,中证500ETF购12月5750,0.0,0.0,0.0,0.0,20,0.6407,0.6455,20,0.6505,0.6594,0.0,0.0,0.0,0.0,97
2023-05-10 09:46:13,OP90002161,中证500ETF购12月5750,0.0,0.0,0.0,0.0,20,0.6407,0.6454,15,0.6505,0.6594,0.0,0.0,0.0,0.0,97
2023-05-10 09:46:14,OP90002161,中证500ETF购12月5750,0.0,0.0,0.0,0.0,20,0.6407,0.6454,35,0.6505,0.6594,0.0,0.0,0.0,0.0,97
2023-05-10 09:46:15,OP90002161,中证500ETF购12月5750,0.0,0.0,0.0,0.0,20,0.6407,0.6454,35,0.6505,0.6594,0.0,0.0,0.0,0.0,97
2023-05-10 09:46:16,OP90002161,中证500ETF购12月5750,0.0,0.0,0.0,0.0,20,0.6407,0.6454,35,0.6505,0.6594,0.0,0.0,0.0,0.0,97
2023-05-10 09:46:18,OP90002161,中证500ETF购12月5750,0.0,0.0,0.0,0.0,20,0.6407,0.6454,35,0.6505,0.6594,0.0,0.0,0.0,0.0,97
2023-05-10 09:46:18,OP90002161,中证500ETF购12月5750,0.0,0.0,0.0,0.0,20,0.6407,0.6454,35,0.6505,0.6594,0.0,0.0,0.0,0.0,97
2023-05-10 09:46:20,OP90002161,中证500ETF购12月5750,0.0,0.0,0.0,0.0,20,0.6422,0.6458,10,0.6505,0.6594,0.0,0.0,0.0,0.0,97
2023-05-10 09:46:20,OP90002161,中证500ETF购12月5750,0.0,0.0,0.0,0.0,20,0.6422,0.6457,15,0.6505,0.6594,0.0,0.0,0.0,0.0,97
2023-05-10 09:46:21,OP90002161,中证500ETF购12月5750,0.0,0.0,0.0,0.0,20,0.6422,0.6463,20,0.6505,0.6594,0.0,0.0,0.0,0.0,97
2023-05-10 09:46:21,OP90002161,中证500ETF购12月5750,0.0,0.0,0.0,0.0,20,0.643,0.6467,20,0.6505,0.6594,0.0,0.0,0.0,0.0,97
2023-05-10 09:46:22,OP90002161,中证500ETF购12月5750,0.0,0.0,0.0,0.0,20,0.643,0.6466,15,0.6505,0.6594,0.0,0.0,0.0,0.0,97
2023-05-10 09:46:22,OP90002161,中证500ETF购12月5750,0.0,0.0,0.0,0.0,20,0.643,0.6467,20,0.6505,0.6594,0.0,0.0,0.0,0.0,97
2023-05-10 09:46:23,OP90002161,中证500ETF购12月5750,0.0,0.0,0.0,0.0,20,0.643,0.6467,20,0.6505,0.6594,0.0,0.0,0.0,0.0,97
2023-05-10 09:46:23,OP90002161,中证500ETF购12月5750,0.0,0.0,0.0,0.0,20,0.643,0.6467,20,0.6505,0.6594,0.0,0.0,0.0,0.0,97
2023-05-10 09:46:24,OP90002161,中证500ETF购12月5750,0.0,0.0,0.0,0.0,20,0.643,0.6467,15,0.6505,0.6594,0.0,0.0,0.0,0.0,97
2023-05-10 09:46:25,OP90002161,中证500ETF购12月5750,0.0,0.0,0.0,0.0,20,0.643,0.6467,35,0.6505,0.6594,0.0,0.0,0.0,0.0,97
2023-05-10 09:46:29,OP90002161,中证500ETF购12月5750,0.0,0.0,0.0,0.0,20,0.6422,0.6464,20,0.6505,0.6594,0.0,0.0,0.0,0.0,97
2023-05-10 09:46:29,OP90002161,中证500ETF购12月5750,0.0,0.0,0.0,0.0,20,0.6422,0.6464,40,0.6505,0.6594,0.0,0.0,0.0,0.0,97
2023-05-10 09:46:30,OP90002161,中证500ETF购12月5750,0.0,0.0,0.0,0.0,20,0.6422,0.6461,20,0.6505,0.6594,0.0,0.0,0.0,0.0,97
2023-05-10 09:46:30,OP90002161,中证500ETF购12月5750,0.0,0.0,0.0,0.0,20,0.6422,0.646,15,0.6505,0.6594,0.0,0.0,0.0,0.0,97
2023-05-10 09:46:31,OP90002161,中证500ETF购12月5750,0.0,0.0,0.0,0.0,20,0.6422,0.646,15,0.6505,0.6594,0.0,0.0,0.0,0.0,97
2023-05-10 09:46:33,OP90002161,中证500ETF购12月5750,0.0,0.0,0.0,0.0,20,0.6413,0.646,15,0.6505,0.6594,0.0,0.0,0.0,0.0,97
2023-05-10 09:46:33,OP90002161,中证500ETF购12月5750,0.0,0.0,0.0,0.0,20,0.6413,0.646,15,0.6505,0.6594,0.0,0.0,0.0,0.0,97
2023-05-10 09:46:37,OP90002161,中证500ETF购12月5750,0.0,0.0,0.0,0.0,20,0.6413,0.646,15,0.6505,0.6594,0.0,0.0,0.0,0.0,97
2023-05-10 09:46:44,OP90002161,中证500ETF购12月5750,0.0,0.0,0.0,0.0,20,0.6413,0.646,15,0.6505,0.6594,0.0,0.0,0.0,0.0,97
2023-05-10 09:46:48,OP90002161,中证500ETF购12月5750,0.0,0.0,0.0,0.0,20,0.6423,0.646,15,0.6505,0.6594,0.0,0.0,0.0,0.0,97
2023-05-10 09:46:49,OP90002161,中证500ETF购12月5750,0.0,0.0,0.0,0.0,40,0.6423,0.6467,10,0.6505,0.6594,0.0,0.0,0.0,0.0,97
2023-05-10 09:46:49,OP90002161,中证500ETF购12月5750,0.0,0.0,0.0,0.0,40,0.6423,0.6466,15,0.6505,0.6594,0.0,0.0,0.0,0.0,97
2023-05-10 09:46:50,OP90002161,中证500ETF购12月5750,0.0,0.0,0.0,0.0,40,0.6423,0.6466,15,0.6505,0.6594,0.0,0.0,0.0,0.0,97
2023-05-10 09:46:50,OP90002161,中证500ETF购12月5750,0.0,0.0,0.0,0.0,40,0.6423,0.6466,15,0.6505,0.6594,0.0,0.0,0.0,0.0,97
2023-05-10 09:46:52,OP90002161,中证500ETF购12月5750,0.0,0.0,0.0,0.0,20,0.6423,0.6466,35,0.6505,0.6594,0.0,0.0,0.0,0.0,97
2023-05-10 09:46:53,OP90002161,中证500ETF购12月5750,0.0,0.0,0.0,0.0,20,0.6423,0.6466,35,0.6505,0.6594,0.0,0.0,0.0,0.0,97
2023-05-10 09:46:55,OP90002161,中证500ETF购12月5750,0.0,0.0,0.0,0.0,20,0.6422,0.6463,20,0.6505,0.6594,0.0,0.0,0.0,0.0,97
2023-05-10 09:46:56,OP90002161,中证500ETF购12月5750,0.0,0.0,0.0,0.0,20,0.6422,0.6463,40,0.6505,0.6594,0.0,0.0,0.0,0.0,97
2023-05-10 09:46:56,OP90002161,中证500ETF购12月5750,0.0,0.0,0.0,0.0,20,0.6422,0.6463,40,0.6505,0.6594,0.0,0.0,0.0,0.0,97
2023-05-10 09:47:02,OP90002161,中证500ETF购12月5750,0.0,0.0,0.0,0.0,20,0.6422,0.6463,40,0.6505,0.6594,0.0,0.0,0.0,0.0,97
2023-05-10 09:47:03,OP90002161,中证500ETF购12月5750,0.0,0.0,0.0,0.0,20,0.6422,0.6463,40,0.6505,0.6594,0.0,0.0,0.0,0.0,97
2023-05-10 09:47:06,OP90002161,中证500ETF购12月5750,0.0,0.0,0.0,0.0,20,0.6424,0.6463,20,0.6505,0.6594,0.0,0.0,0.0,0.0,97
2023-05-10 09:47:07,OP90002161,中证500ETF购12月5750,0.0,0.0,0.0,0.0,20,0.6424,0.6463,20,0.6505,0.6594,0.0,0.0,0.0,0.0,97
2023-05-10 09:47:07,OP90002161,中证500ETF购12月5750,0.0,0.0,0.0,0.0,20,0.6424,0.6473,20,0.6505,0.6594,0.0,0.0,0.0,0.0,97
2023-05-10 09:47:08,OP90002161,中证500ETF购12月5750,0.0,0.0,0.0,0.0,20,0.6424,0.6472,15,0.6505,0.6594,0.0,0.0,0.0,0.0,97
2023-05-10 09:47:08,OP90002161,中证500ETF购12月5750,0.0,0.0,0.0,0.0,20,0.6424,0.6472,15,0.6505,0.6594,0.0,0.0,0.0,0.0,97
2023-05-10 09:47:35,OP90002161,中证500ETF购12月5750,0.0,0.0,0.0,0.0,20,0.6437,0.6473,20,0.6505,0.6594,0.0,0.0,0.0,0.0,97
2023-05-10 09:47:36,OP90002161,中证500ETF购12月5750,0.0,0.0,0.0,0.0,20,0.6437,0.6473,20,0.6505,0.6594,0.0,0.0,0.0,0.0,97
2023-05-10 09:47:36,OP90002161,中证500ETF购12月5750,0.0,0.0,0.0,0.0,20,0.6426,0.6472,15,0.6505,0.6594,0.0,0.0,0.0,0.0,97
2023-05-10 09:47:37,OP90002161,中证500ETF购12月5750,0.0,0.0,0.0,0.0,20,0.6426,0.6472,15,0.6505,0.6594,0.0,0.0,0.0,0.0,97
2023-05-10 09:47:57,OP90002161,中证500ETF购12月5750,0.0,0.0,0.0,0.0,20,0.6426,0.6472,15,0.6505,0.6594,0.0,0.0,0.0,0.0,97
2023-05-10 09:47:58,OP90002161,中证500ETF购12月5750,0.0,0.0,0.0,0.0,20,0.6426,0.6472,15,0.6505,0.6594,0.0,0.0,0.0,0.0,97
2023-05-10 09:48:02,OP90002161,中证500ETF购12月5750,0.0,0.0,0.0,0.0,20,0.6426,0.6472,35,0.6505,0.6594,0.0,0.0,0.0,0.0,97
2023-05-10 09:48:02,OP90002161,中证500ETF购12月5750,0.0,0.0,0.0,0.0,20,0.6426,0.6468,20,0.6505,0.6594,0.0,0.0,0.0,0.0,97
2023-05-10 09:48:03,OP90002161,中证500ETF购12月5750,0.0,0.0,0.0,0.0,10,0.6425,0.6466,20,0.6505,0.6594,0.0,0.0,0.0,0.0,97
2023-05-10 09:48:03,OP90002161,中证500ETF购12月5750,0.0,0.0,0.0,0.0,10,0.6425,0.6466,20,0.6505,0.6594,0.0,0.0,0.0,0.0,97
2023-05-10 09:48:04,OP90002161,中证500ETF购12月5750,0.0,0.0,0.0,0.0,10,0.6425,0.6466,20,0.6505,0.6594,0.0,0.0,0.0,0.0,97
2023-05-10 09:48:04,OP90002161,中证500ETF购12月5750,0.0,0.0,0.0,0.0,10,0.6425,0.6466,20,0.6505,0.6594,0.0,0.0,0.0,0.0,97
2023-05-10 09:48:09,OP90002161,中证500ETF购12月5750,0.0,0.0,0.0,0.0,20,0.6428,0.6472,20,0.6505,0.6594,0.0,0.0,0.0,0.0,97
2023-05-10 09:48:10,OP90002161,中证500ETF购12月5750,0.0,0.0,0.0,0.0,20,0.6428,0.6471,15,0.6505,0.6594,0.0,0.0,0.0,0.0,97
2023-05-10 09:48:10,OP90002161,中证500ETF购12月5750,0.0,0.0,0.0,0.0,20,0.6428,0.6471,15,0.6505,0.6594,0.0,0.0,0.0,0.0,97
2023-05-10 09:48:11,OP90002161,中证500ETF购12月5750,0.0,0.0,0.0,0.0,20,0.6428,0.6471,15,0.6505,0.6594,0.0,0.0,0.0,0.0,97
2023-05-10 09:48:11,OP90002161,中证500ETF购12月5750,0.0,0.0,0.0,0.0,20,0.6428,0.6476,20,0.6505,0.6594,0.0,0.0,0.0,0.0,97
2023-05-10 09:48:12,OP90002161,中证500ETF购12月5750,0.0,0.0,0.0,0.0,20,0.6428,0.6475,15,0.6505,0.6594,0.0,0.0,0.0,0.0,97
2023-05-10 09:48:14,OP90002161,中证500ETF购12月5750,0.0,0.0,0.0,0.0,20,0.6428,0.6475,15,0.6505,0.6594,0.0,0.0,0.0,0.0,97
2023-05-10 09:48:16,OP90002161,中证500ETF购12月5750,0.0,0.0,0.0,0.0,20,0.6428,0.6475,35,0.6505,0.6594,0.0,0.0,0.0,0.0,97
2023-05-10 09:48:20,OP90002161,中证500ETF购12月5750,0.0,0.0,0.0,0.0,10,0.6425,0.6469,20,0.6505,0.6594,0.0,0.0,0.0,0.0,97
2023-05-10 09:48:20,OP90002161,中证500ETF购12月5750,0.0,0.0,0.0,0.0,10,0.6425,0.6469,20,0.6505,0.6594,0.0,0.0,0.0,0.0,97
2023-05-10 09:48:21,OP90002161,中证500ETF购12月5750,0.0,0.0,0.0,0.0,10,0.6425,0.6469,20,0.6505,0.6594,0.0,0.0,0.0,0.0,97
2023-05-10 09:48:22,OP90002161,中证500ETF购12月5750,0.0,0.0,0.0,0.0,10,0.6425,0.6466,20,0.6505,0.6594,0.0,0.0,0.0,0.0,97
2023-05-10 09:48:22,OP90002161,中证500ETF购12月5750,0.0,0.0,0.0,0.0,10,0.6425,0.6465,15,0.6505,0.6594,0.0,0.0,0.0,0.0,97
2023-05-10 09:48:23,OP90002161,中证500ETF购12月5750,0.0,0.0,0.0,0.0,10,0.6425,0.6465,35,0.6505,0.6594,0.0,0.0,0.0,0.0,97
2023-05-10 09:48:29,OP90002161,中证500ETF购12月5750,0.0,0.0,0.0,0.0,10,0.6425,0.6465,35,0.6505,0.6594,0.0,0.0,0.0,0.0,97
2023-05-10 09:48:30,OP90002161,中证500ETF购12月5750,0.0,0.0,0.0,0.0,10,0.6425,0.6465,35,0.6505,0.6594,0.0,0.0,0.0,0.0,97
2023-05-10 09:48:30,OP90002161,中证500ETF购12月5750,0.0,0.0,0.0,0.0,10,0.6425,0.6465,35,0.6505,0.6594,0.0,0.0,0.0,0.0,97
2023-05-10 09:48:39,OP90002161,中证500ETF购12月5750,0.0,0.0,0.0,0.0,10,0.6425,0.6465,35,0.6505,0.6594,0.0,0.0,0.0,0.0,97
2023-05-10 09:48:43,OP90002161,中证500ETF购12月5750,0.0,0.0,0.0,0.0,10,0.6425,0.6465,35,0.6505,0.6594,0.0,0.0,0.0,0.0,97
2023-05-10 09:48:57,OP90002161,中证500ETF购12月5750,0.0,0.0,0.0,0.0,10,0.6425,0.6465,35,0.6505,0.6594,0.0,0.0,0.0,0.0,97
2023-05-10 09:48:57,OP90002161,中证500ETF购12月5750,0.0,0.0,0.0,0.0,10,0.6425,0.6464,20,0.6505,0.6594,0.0,0.0,0.0,0.0,97
2023-05-10 09:48:58,OP90002161,中证500ETF购12月5750,0.0,0.0,0.0,0.0,10,0.6425,0.6463,15,0.6505,0.6594,0.0,0.0,0.0,0.0,97
2023-05-10 09:48:58,OP90002161,中证500ETF购12月5750,0.0,0.0,0.0,0.0,10,0.6425,0.6463,15,0.6505,0.6594,0.0,0.0,0.0,0.0,97
2023-05-10 09:48:59,OP90002161,中证500ETF购12月5750,0.0,0.0,0.0,0.0,10,0.6425,0.6459,20,0.6505,0.6594,0.0,0.0,0.0,0.0,97
2023-05-10 09:48:59,OP90002161,中证500ETF购12月5750,0.0,0.0,0.0,0.0,10,0.6425,0.6459,20,0.6505,0.6594,0.0,0.0,0.0,0.0,97
2023-05-10 09:49:00,OP90002161,中证500ETF购12月5750,0.0,0.0,0.0,0.0,10,0.6425,0.6459,40,0.6505,0.6594,0.0,0.0,0.0,0.0,97
2023-05-10 09:49:01,OP90002161,中证500ETF购12月5750,0.0,0.0,0.0,0.0,10,0.6425,0.6459,40,0.6505,0.6594,0.0,0.0,0.0,0.0,97
2023-05-10 09:49:02,OP90002161,中证500ETF购12月5750,0.0,0.0,0.0,0.0,10,0.6425,0.646,20,0.6505,0.6594,0.0,0.0,0.0,0.0,97
2023-05-10 09:49:02,OP90002161,中证500ETF购12月5750,0.0,0.0,0.0,0.0,10,0.6425,0.6459,15,0.6505,0.6594,0.0,0.0,0.0,0.0,97
2023-05-10 09:49:03,OP90002161,中证500ETF购12月5750,0.0,0.0,0.0,0.0,10,0.6425,0.6459,35,0.6505,0.6594,0.0,0.0,0.0,0.0,97
2023-05-10 09:49:03,OP90002161,中证500ETF购12月5750,0.0,0.0,0.0,0.0,10,0.6425,0.6459,20,0.6505,0.6594,0.0,0.0,0.0,0.0,97
2023-05-10 09:49:04,OP90002161,中证500ETF购12月5750,0.0,0.0,0.0,0.0,10,0.6425,0.6475,50,0.6505,0.6594,0.0,0.0,0.0,0.0,97
2023-05-10 09:49:04,OP90002161,中证500ETF购12月5750,0.0,0.0,0.0,0.0,10,0.6425,0.6475,40,0.6505,0.6594,0.0,0.0,0.0,0.0,97
2023-05-10 09:49:05,OP90002161,中证500ETF购12月5750,0.0,0.0,0.0,0.0,10,0.6425,0.6475,40,0.6505,0.6594,0.0,0.0,0.0,0.0,97
2023-05-10 09:49:05,OP90002161,中证500ETF购12月5750,0.0,0.0,0.0,0.0,10,0.6425,0.6475,40,0.6505,0.6594,0.0,0.0,0.0,0.0,97
2023-05-10 09:49:06,OP90002161,中证500ETF购12月5750,0.0,0.0,0.0,0.0,10,0.6425,0.6475,40,0.6505,0.6594,0.0,0.0,0.0,0.0,97
2023-05-10 09:49:08,OP90002161,中证500ETF购12月5750,0.0,0.0,0.0,0.0,10,0.6425,0.6475,40,0.6505,0.6594,0.0,0.0,0.0,0.0,97
2023-05-10 09:49:09,OP90002161,中证500ETF购12月5750,0.0,0.0,0.0,0.0,10,0.6425,0.6475,40,0.6505,0.6594,0.0,0.0,0.0,0.0,97
2023-05-10 09:49:09,OP90002161,中证500ETF购12月5750,0.0,0.0,0.0,0.0,10,0.6425,0.6464,20,0.6505,0.6594,0.0,0.0,0.0,0.0,97
2023-05-10 09:49:10,OP90002161,中证500ETF购12月5750,0.0,0.0,0.0,0.0,10,0.6425,0.6464,60,0.6505,0.6594,0.0,0.0,0.0,0.0,97
2023-05-10 09:49:10,OP90002161,中证500ETF购12月5750,0.0,0.0,0.0,0.0,10,0.6425,0.6464,40,0.6505,0.6594,0.0,0.0,0.0,0.0,97
2023-05-10 09:49:11,OP90002161,中证500ETF购12月5750,0.0,0.0,0.0,0.0,10,0.6425,0.6464,40,0.6505,0.6594,0.0,0.0,0.0,0.0,97
2023-05-10 09:49:15,OP90002161,中证500ETF购12月5750,0.0,0.0,0.0,0.0,20,0.6426,0.6464,20,0.6505,0.6594,0.0,0.0,0.0,0.0,97
2023-05-10 09:49:16,OP90002161,中证500ETF购12月5750,0.0,0.0,0.0,0.0,20,0.6426,0.6463,15,0.6505,0.6594,0.0,0.0,0.0,0.0,97
2023-05-10 09:49:16,OP90002161,中证500ETF购12月5750,0.0,0.0,0.0,0.0,20,0.6426,0.6463,35,0.6505,0.6594,0.0,0.0,0.0,0.0,97
2023-05-10 09:49:24,OP90002161,中证500ETF购12月5750,0.0,0.0,0.0,0.0,10,0.6425,0.6463,35,0.6505,0.6594,0.0,0.0,0.0,0.0,97
2023-05-10 09:49:24,OP90002161,中证500ETF购12月5750,0.0,0.0,0.0,0.0,10,0.6425,0.6463,35,0.6505,0.6594,0.0,0.0,0.0,0.0,97
2023-05-10 09:49:25,OP90002161,中证500ETF购12月5750,0.0,0.0,0.0,0.0,10,0.6425,0.6463,35,0.6505,0.6594,0.0,0.0,0.0,0.0,97
2023-05-10 09:49:27,OP90002161,中证500ETF购12月5750,0.0,0.0,0.0,0.0,10,0.6425,0.6463,35,0.6505,0.6594,0.0,0.0,0.0,0.0,97
2023-05-10 09:49:30,OP90002161,中证500ETF购12月5750,0.0,0.0,0.0,0.0,10,0.6425,0.6463,35,0.6505,0.6594,0.0,0.0,0.0,0.0,97
2023-05-10 09:49:30,OP90002161,中证500ETF购12月5750,0.0,0.0,0.0,0.0,10,0.6425,0.6463,35,0.6505,0.6594,0.0,0.0,0.0,0.0,97
2023-05-10 09:49:31,OP90002161,中证500ETF购12月5750,0.0,0.0,0.0,0.0,10,0.6425,0.6463,35,0.6505,0.6594,0.0,0.0,0.0,0.0,97
2023-05-10 09:49:34,OP90002161,中证500ETF购12月5750,0.0,0.0,0.0,0.0,20,0.6426,0.6463,35,0.6505,0.6594,0.0,0.0,0.0,0.0,97
2023-05-10 09:49:34,OP90002161,中证500ETF购12月5750,0.0,0.0,0.0,0.0,20,0.6426,0.6463,20,0.6505,0.6594,0.0,0.0,0.0,0.0,97
2023-05-10 09:49:35,OP90002161,中证500ETF购12月5750,0.0,0.0,0.0,0.0,20,0.6426,0.6475,40,0.6505,0.6594,0.0,0.0,0.0,0.0,97
2023-05-10 09:49:35,OP90002161,中证500ETF购12月5750,0.0,0.0,0.0,0.0,20,0.6426,0.6474,15,0.6505,0.6594,0.0,0.0,0.0,0.0,97
2023-05-10 09:49:37,OP90002161,中证500ETF购12月5750,0.0,0.0,0.0,0.0,10,0.6425,0.6466,20,0.6505,0.6594,0.0,0.0,0.0,0.0,97
2023-05-10 09:49:38,OP90002161,中证500ETF购12月5750,0.0,0.0,0.0,0.0,10,0.6425,0.6466,20,0.6505,0.6594,0.0,0.0,0.0,0.0,97
2023-05-10 09:49:38,OP90002161,中证500ETF购12月5750,0.0,0.0,0.0,0.0,10,0.6425,0.6466,20,0.6505,0.6594,0.0,0.0,0.0,0.0,97
2023-05-10 09:49:40,OP90002161,中证500ETF购12月5750,0.0,0.0,0.0,0.0,20,0.6427,0.6474,20,0.6505,0.6594,0.0,0.0,0.0,0.0,97
2023-05-10 09:49:41,OP90002161,中证500ETF购12月5750,0.0,0.0,0.0,0.0,20,0.6427,0.6473,15,0.6505,0.6594,0.0,0.0,0.0,0.0,97
2023-05-10 09:49:41,OP90002161,中证500ETF购12月5750,0.0,0.0,0.0,0.0,20,0.6427,0.6473,15,0.6505,0.6594,0.0,0.0,0.0,0.0,97
2023-05-10 09:49:47,OP90002161,中证500ETF购12月5750,0.0,0.0,0.0,0.0,20,0.6427,0.6473,15,0.6505,0.6594,0.0,0.0,0.0,0.0,97
2023-05-10 09:49:51,OP90002161,中证500ETF购12月5750,0.0,0.0,0.0,0.0,20,0.6439,0.6475,20,0.6505,0.6594,0.0,0.0,0.0,0.0,97
2023-05-10 09:49:52,OP90002161,中证500ETF购12月5750,0.0,0.0,0.0,0.0,30,0.6439,0.6475,15,0.6505,0.6594,0.0,0.0,0.0,0.0,97
2023-05-10 09:49:52,OP90002161,中证500ETF购12月5750,0.0,0.0,0.0,0.0,30,0.6439,0.6475,15,0.6505,0.6594,0.0,0.0,0.0,0.0,97
2023-05-10 09:49:53,OP90002161,中证500ETF购12月5750,0.0,0.0,0.0,0.0,30,0.6439,0.6475,35,0.6505,0.6594,0.0,0.0,0.0,0.0,97
2023-05-10 09:50:02,OP90002161,中证500ETF购12月5750,0.0,0.0,0.0,0.0,30,0.6439,0.6475,20,0.6505,0.6594,0.0,0.0,0.0,0.0,97
2023-05-10 09:50:03,OP90002161,中证500ETF购12月5750,0.0,0.0,0.0,0.0,30,0.6439,0.6484,20,0.6505,0.6594,0.0,0.0,0.0,0.0,97
2023-05-10 09:50:03,OP90002161,中证500ETF购12月5750,0.0,0.0,0.0,0.0,30,0.6439,0.6483,15,0.6505,0.6594,0.0,0.0,0.0,0.0,97
2023-05-10 09:50:05,OP90002161,中证500ETF购12月5750,0.0,0.0,0.0,0.0,10,0.6439,0.6478,20,0.6505,0.6594,0.0,0.0,0.0,0.0,97
2023-05-10 09:50:06,OP90002161,中证500ETF购12月5750,0.0,0.0,0.0,0.0,10,0.6439,0.6478,20,0.6505,0.6594,0.0,0.0,0.0,0.0,97
2023-05-10 09:50:08,OP90002161,中证500ETF购12月5750,0.0,0.0,0.0,0.0,10,0.6439,0.6483,20,0.6505,0.6594,0.0,0.0,0.0,0.0,97
2023-05-10 09:50:09,OP90002161,中证500ETF购12月5750,0.0,0.0,0.0,0.0,10,0.6439,0.6482,15,0.6505,0.6594,0.0,0.0,0.0,0.0,97
2023-05-10 09:50:09,OP90002161,中证500ETF购12月5750,0.0,0.0,0.0,0.0,10,0.6439,0.6482,35,0.6505,0.6594,0.0,0.0,0.0,0.0,97
2023-05-10 09:50:10,OP90002161,中证500ETF购12月5750,0.0,0.0,0.0,0.0,10,0.6439,0.6482,35,0.6505,0.6594,0.0,0.0,0.0,0.0,97
2023-05-10 09:50:11,OP90002161,中证500ETF购12月5750,0.0,0.0,0.0,0.0,10,0.6439,0.6482,35,0.6505,0.6594,0.0,0.0,0.0,0.0,97
2023-05-10 09:50:12,OP90002161,中证500ETF购12月5750,0.0,0.0,0.0,0.0,20,0.6447,0.6482,20,0.6505,0.6594,0.0,0.0,0.0,0.0,97
2023-05-10 09:50:13,OP90002161,中证500ETF购12月5750,0.0,0.0,0.0,0.0,20,0.6447,0.6491,10,0.6505,0.6594,0.0,0.0,0.0,0.0,97
2023-05-10 09:50:13,OP90002161,中证500ETF购12月5750,0.0,0.0,0.0,0.0,20,0.6447,0.649,15,0.6505,0.6594,0.0,0.0,0.0,0.0,97
2023-05-10 09:50:14,OP90002161,中证500ETF购12月5750,0.0,0.0,0.0,0.0,20,0.6447,0.649,15,0.6505,0.6594,0.0,0.0,0.0,0.0,97
2023-05-10 09:50:14,OP90002161,中证500ETF购12月5750,0.0,0.0,0.0,0.0,40,0.6447,0.6493,20,0.6505,0.6594,0.0,0.0,0.0,0.0,97
2023-05-10 09:50:15,OP90002161,中证500ETF购12月5750,0.0,0.0,0.0,0.0,40,0.6447,0.6492,15,0.6505,0.6594,0.0,0.0,0.0,0.0,97
2023-05-10 09:50:17,OP90002161,中证500ETF购12月5750,0.0,0.0,0.0,0.0,20,0.6447,0.6492,15,0.6505,0.6594,0.0,0.0,0.0,0.0,97
2023-05-10 09:50:18,OP90002161,中证500ETF购12月5750,0.0,0.0,0.0,0.0,20,0.6447,0.6492,15,0.6505,0.6594,0.0,0.0,0.0,0.0,97
2023-05-10 09:50:21,OP90002161,中证500ETF购12月5750,0.0,0.0,0.0,0.0,20,0.6447,0.6492,35,0.6505,0.6594,0.0,0.0,0.0,0.0,97
2023-05-10 09:50:22,OP90002161,中证500ETF购12月5750,0.0,0.0,0.0,0.0,20,0.6447,0.6492,35,0.6505,0.6594,0.0,0.0,0.0,0.0,97
2023-05-10 09:50:29,OP90002161,中证500ETF购12月5750,0.0,0.0,0.0,0.0,10,0.6454,0.6492,35,0.6505,0.6594,0.0,0.0,0.0,0.0,97
2023-05-10 09:50:30,OP90002161,中证500ETF购12月5750,0.0,0.0,0.0,0.0,10,0.6454,0.6492,35,0.6505,0.6594,0.0,0.0,0.0,0.0,97
2023-05-10 09:50:30,OP90002161,中证500ETF购12月5750,0.0,0.0,0.0,0.0,10,0.6454,0.6492,15,0.6505,0.6594,0.0,0.0,0.0,0.0,97
2023-05-10 09:50:33,OP90002161,中证500ETF购12月5750,0.0,0.0,0.0,0.0,20,0.6458,0.6493,20,0.6505,0.6594,0.0,0.0,0.0,0.0,97
2023-05-10 09:50:34,OP90002161,中证500ETF购12月5750,0.0,0.0,0.0,0.0,20,0.6458,0.6493,20,0.6505,0.6594,0.0,0.0,0.0,0.0,97
2023-05-10 09:50:34,OP90002161,中证500ETF购12月5750,0.0,0.0,0.0,0.0,20,0.6458,0.6492,15,0.6505,0.6594,0.0,0.0,0.0,0.0,97
2023-05-10 09:50:35,OP90002161,中证500ETF购12月5750,0.0,0.0,0.0,0.0,20,0.6458,0.6492,15,0.6505,0.6594,0.0,0.0,0.0,0.0,97
2023-05-10 09:50:35,OP90002161,中证500ETF购12月5750,0.0,0.0,0.0,0.0,20,0.6458,0.6504,20,0.6505,0.6594,0.0,0.0,0.0,0.0,97
2023-05-10 09:50:36,OP90002161,中证500ETF购12月5750,0.0,0.0,0.0,0.0,20,0.6458,0.6503,15,0.6505,0.6594,0.0,0.0,0.0,0.0,97
2023-05-10 09:50:41,OP90002161,中证500ETF购12月5750,0.0,0.0,0.0,0.0,20,0.6458,0.6503,15,0.6505,0.6594,0.0,0.0,0.0,0.0,97
2023-05-10 09:50:43,OP90002161,中证500ETF购12月5750,0.0,0.0,0.0,0.0,20,0.6458,0.6503,15,0.6505,0.6594,0.0,0.0,0.0,0.0,97
2023-05-10 09:50:43,OP90002161,中证500ETF购12月5750,0.0,0.0,0.0,0.0,20,0.6458,0.6503,15,0.6505,0.6594,0.0,0.0,0.0,0.0,97
2023-05-10 09:50:52,OP90002161,中证500ETF购12月5750,0.0,0.0,0.0,0.0,10,0.6469,0.6504,20,0.6505,0.6594,0.0,0.0,0.0,0.0,97
