time,symbol_id,symbol_name,last,trade_volume,trade_amount,open_interest_change,bv1,bp1,ap1,av1,yesterday_close,today_open,today_high,today_low,volume,amount,open_interest
2023-05-10 08:30:05,OP90002169,中证500ETF沽12月5500,0.0,0.0,0.0,-84.0,0,0.0,0.0,0,0.0594,0.0604,0.0,0.0,0.0,0.0,458
2023-05-10 09:25:00,OP90002169,中证500ETF沽12月5500,0.0,0.0,0.0,0.0,1,0.0578,0.0605,1,0.0594,0.0604,0.0,0.0,0.0,0.0,458
2023-05-10 09:30:00,OP90002169,中证500ETF沽12月5500,0.0,0.0,0.0,0.0,1,0.0578,0.0605,1,0.0594,0.0604,0.0,0.0,0.0,0.0,458
2023-05-10 09:30:00,OP90002169,中证500ETF沽12月5500,0.0,0.0,0.0,0.0,1,0.0578,0.0635,1,0.0594,0.0604,0.0,0.0,0.0,0.0,458
2023-05-10 09:30:01,OP90002169,中证500ETF沽12月5500,0.0,0.0,0.0,0.0,1,0.055,0.0646,1,0.0594,0.0604,0.0,0.0,0.0,0.0,458
2023-05-10 09:30:02,OP90002169,中证500ETF沽12月5500,0.0,0.0,0.0,0.0,1,0.055,0.0654,1,0.0594,0.0604,0.0,0.0,0.0,0.0,458
2023-05-10 09:30:09,OP90002169,中证500ETF沽12月5500,0.0,0.0,0.0,0.0,7,0.0339,0.0,0,0.0594,0.0604,0.0,0.0,0.0,0.0,458
2023-05-10 09:30:25,OP90002169,中证500ETF沽12月5500,0.0,0.0,0.0,0.0,20,0.0559,0.0641,20,0.0594,0.0604,0.0,0.0,0.0,0.0,458
2023-05-10 09:30:25,OP90002169,中证500ETF沽12月5500,0.0,0.0,0.0,0.0,20,0.058,0.0641,50,0.0594,0.0604,0.0,0.0,0.0,0.0,458
2023-05-10 09:30:26,OP90002169,中证500ETF沽12月5500,0.0,0.0,0.0,0.0,20,0.058,0.0641,40,0.0594,0.0604,0.0,0.0,0.0,0.0,458
2023-05-10 09:30:31,OP90002169,中证500ETF沽12月5500,0.0,0.0,0.0,0.0,20,0.058,0.0641,60,0.0594,0.0604,0.0,0.0,0.0,0.0,458
2023-05-10 09:30:33,OP90002169,中证500ETF沽12月5500,0.0,0.0,0.0,0.0,20,0.0582,0.0641,60,0.0594,0.0604,0.0,0.0,0.0,0.0,458
2023-05-10 09:30:34,OP90002169,中证500ETF沽12月5500,0.0,0.0,0.0,0.0,20,0.0582,0.0641,60,0.0594,0.0604,0.0,0.0,0.0,0.0,458
2023-05-10 09:30:35,OP90002169,中证500ETF沽12月5500,0.0,0.0,0.0,0.0,20,0.058,0.0641,60,0.0594,0.0604,0.0,0.0,0.0,0.0,458
2023-05-10 09:30:36,OP90002169,中证500ETF沽12月5500,0.0,0.0,0.0,0.0,20,0.0578,0.0641,60,0.0594,0.0604,0.0,0.0,0.0,0.0,458
2023-05-10 09:30:36,OP90002169,中证500ETF沽12月5500,0.0,0.0,0.0,0.0,20,0.0578,0.0641,40,0.0594,0.0604,0.0,0.0,0.0,0.0,458
2023-05-10 09:30:37,OP90002169,中证500ETF沽12月5500,0.0,0.0,0.0,0.0,20,0.058,0.0641,30,0.0594,0.0604,0.0,0.0,0.0,0.0,458
2023-05-10 09:30:38,OP90002169,中证500ETF沽12月5500,0.0,0.0,0.0,0.0,20,0.0578,0.0641,20,0.0594,0.0604,0.0,0.0,0.0,0.0,458
2023-05-10 09:30:38,OP90002169,中证500ETF沽12月5500,0.0,0.0,0.0,0.0,20,0.058,0.0643,10,0.0594,0.0604,0.0,0.0,0.0,0.0,458
2023-05-10 09:30:39,OP90002169,中证500ETF沽12月5500,0.0,0.0,0.0,0.0,20,0.0582,0.0643,20,0.0594,0.0604,0.0,0.0,0.0,0.0,458
2023-05-10 09:30:39,OP90002169,中证500ETF沽12月5500,0.0,0.0,0.0,0.0,20,0.0582,0.0646,10,0.0594,0.0604,0.0,0.0,0.0,0.0,458
2023-05-10 09:30:40,OP90002169,中证500ETF沽12月5500,0.0,0.0,0.0,0.0,20,0.0582,0.0647,30,0.0594,0.0604,0.0,0.0,0.0,0.0,458
2023-05-10 09:30:40,OP90002169,中证500ETF沽12月5500,0.0,0.0,0.0,0.0,20,0.0584,0.0647,20,0.0594,0.0604,0.0,0.0,0.0,0.0,458
2023-05-10 09:30:41,OP90002169,中证500ETF沽12月5500,0.0,0.0,0.0,0.0,20,0.0584,0.0649,30,0.0594,0.0604,0.0,0.0,0.0,0.0,458
2023-05-10 09:30:41,OP90002169,中证500ETF沽12月5500,0.0,0.0,0.0,0.0,20,0.0584,0.0649,30,0.0594,0.0604,0.0,0.0,0.0,0.0,458
2023-05-10 09:30:42,OP90002169,中证500ETF沽12月5500,0.0,0.0,0.0,0.0,20,0.0586,0.0649,30,0.0594,0.0604,0.0,0.0,0.0,0.0,458
2023-05-10 09:30:42,OP90002169,中证500ETF沽12月5500,0.0,0.0,0.0,0.0,20,0.0584,0.0649,30,0.0594,0.0604,0.0,0.0,0.0,0.0,458
2023-05-10 09:30:43,OP90002169,中证500ETF沽12月5500,0.0,0.0,0.0,0.0,20,0.0584,0.0649,30,0.0594,0.0604,0.0,0.0,0.0,0.0,458
2023-05-10 09:30:44,OP90002169,中证500ETF沽12月5500,0.0,0.0,0.0,0.0,20,0.0584,0.0649,30,0.0594,0.0604,0.0,0.0,0.0,0.0,458
2023-05-10 09:30:44,OP90002169,中证500ETF沽12月5500,0.0,0.0,0.0,0.0,20,0.0584,0.0649,30,0.0594,0.0604,0.0,0.0,0.0,0.0,458
2023-05-10 09:30:45,OP90002169,中证500ETF沽12月5500,0.0,0.0,0.0,0.0,20,0.0584,0.0649,30,0.0594,0.0604,0.0,0.0,0.0,0.0,458
2023-05-10 09:30:46,OP90002169,中证500ETF沽12月5500,0.0,0.0,0.0,0.0,20,0.0584,0.0649,30,0.0594,0.0604,0.0,0.0,0.0,0.0,458
2023-05-10 09:30:46,OP90002169,中证500ETF沽12月5500,0.0,0.0,0.0,0.0,20,0.0584,0.0649,30,0.0594,0.0604,0.0,0.0,0.0,0.0,458
2023-05-10 09:30:47,OP90002169,中证500ETF沽12月5500,0.0,0.0,0.0,0.0,30,0.0582,0.0647,20,0.0594,0.0604,0.0,0.0,0.0,0.0,458
2023-05-10 09:30:47,OP90002169,中证500ETF沽12月5500,0.0,0.0,0.0,0.0,20,0.0582,0.0647,20,0.0594,0.0604,0.0,0.0,0.0,0.0,458
2023-05-10 09:30:48,OP90002169,中证500ETF沽12月5500,0.0,0.0,0.0,0.0,20,0.0582,0.0647,20,0.0594,0.0604,0.0,0.0,0.0,0.0,458
2023-05-10 09:30:48,OP90002169,中证500ETF沽12月5500,0.0,0.0,0.0,0.0,20,0.0582,0.0647,20,0.0594,0.0604,0.0,0.0,0.0,0.0,458
2023-05-10 09:30:49,OP90002169,中证500ETF沽12月5500,0.0,0.0,0.0,0.0,20,0.0582,0.0647,30,0.0594,0.0604,0.0,0.0,0.0,0.0,458
2023-05-10 09:30:49,OP90002169,中证500ETF沽12月5500,0.0,0.0,0.0,0.0,20,0.0582,0.0647,20,0.0594,0.0604,0.0,0.0,0.0,0.0,458
2023-05-10 09:30:50,OP90002169,中证500ETF沽12月5500,0.0,0.0,0.0,0.0,20,0.0582,0.0647,20,0.0594,0.0604,0.0,0.0,0.0,0.0,458
2023-05-10 09:30:50,OP90002169,中证500ETF沽12月5500,0.0,0.0,0.0,0.0,30,0.0581,0.0645,20,0.0594,0.0604,0.0,0.0,0.0,0.0,458
2023-05-10 09:30:51,OP90002169,中证500ETF沽12月5500,0.0,0.0,0.0,0.0,30,0.0581,0.0645,20,0.0594,0.0604,0.0,0.0,0.0,0.0,458
2023-05-10 09:30:51,OP90002169,中证500ETF沽12月5500,0.0,0.0,0.0,0.0,30,0.0581,0.0645,20,0.0594,0.0604,0.0,0.0,0.0,0.0,458
2023-05-10 09:30:52,OP90002169,中证500ETF沽12月5500,0.0,0.0,0.0,0.0,20,0.0582,0.0647,20,0.0594,0.0604,0.0,0.0,0.0,0.0,458
2023-05-10 09:30:53,OP90002169,中证500ETF沽12月5500,0.0,0.0,0.0,0.0,20,0.0582,0.0647,20,0.0594,0.0604,0.0,0.0,0.0,0.0,458
2023-05-10 09:30:53,OP90002169,中证500ETF沽12月5500,0.0,0.0,0.0,0.0,20,0.0584,0.0648,30,0.0594,0.0604,0.0,0.0,0.0,0.0,458
2023-05-10 09:30:54,OP90002169,中证500ETF沽12月5500,0.0,0.0,0.0,0.0,20,0.0582,0.0647,20,0.0594,0.0604,0.0,0.0,0.0,0.0,458
2023-05-10 09:30:55,OP90002169,中证500ETF沽12月5500,0.0,0.0,0.0,0.0,20,0.0582,0.0647,20,0.0594,0.0604,0.0,0.0,0.0,0.0,458
2023-05-10 09:30:56,OP90002169,中证500ETF沽12月5500,0.0,0.0,0.0,0.0,20,0.0584,0.0648,30,0.0594,0.0604,0.0,0.0,0.0,0.0,458
2023-05-10 09:30:57,OP90002169,中证500ETF沽12月5500,0.0,0.0,0.0,0.0,20,0.0584,0.0648,30,0.0594,0.0604,0.0,0.0,0.0,0.0,458
2023-05-10 09:30:57,OP90002169,中证500ETF沽12月5500,0.0,0.0,0.0,0.0,20,0.0584,0.0648,30,0.0594,0.0604,0.0,0.0,0.0,0.0,458
2023-05-10 09:30:58,OP90002169,中证500ETF沽12月5500,0.0,0.0,0.0,0.0,20,0.0584,0.0648,30,0.0594,0.0604,0.0,0.0,0.0,0.0,458
2023-05-10 09:30:58,OP90002169,中证500ETF沽12月5500,0.0,0.0,0.0,0.0,20,0.0584,0.0648,20,0.0594,0.0604,0.0,0.0,0.0,0.0,458
2023-05-10 09:30:59,OP90002169,中证500ETF沽12月5500,0.0,0.0,0.0,0.0,20,0.0584,0.0648,20,0.0594,0.0604,0.0,0.0,0.0,0.0,458
2023-05-10 09:30:59,OP90002169,中证500ETF沽12月5500,0.0,0.0,0.0,0.0,20,0.0584,0.0648,20,0.0594,0.0604,0.0,0.0,0.0,0.0,458
2023-05-10 09:31:00,OP90002169,中证500ETF沽12月5500,0.0,0.0,0.0,0.0,20,0.0584,0.0648,20,0.0594,0.0604,0.0,0.0,0.0,0.0,458
2023-05-10 09:31:00,OP90002169,中证500ETF沽12月5500,0.0,0.0,0.0,0.0,20,0.0584,0.0648,20,0.0594,0.0604,0.0,0.0,0.0,0.0,458
2023-05-10 09:31:01,OP90002169,中证500ETF沽12月5500,0.0,0.0,0.0,0.0,20,0.0584,0.0648,20,0.0594,0.0604,0.0,0.0,0.0,0.0,458
2023-05-10 09:31:02,OP90002169,中证500ETF沽12月5500,0.0,0.0,0.0,0.0,20,0.0584,0.0648,20,0.0594,0.0604,0.0,0.0,0.0,0.0,458
2023-05-10 09:31:02,OP90002169,中证500ETF沽12月5500,0.0,0.0,0.0,0.0,20,0.0586,0.0651,40,0.0594,0.0604,0.0,0.0,0.0,0.0,458
2023-05-10 09:31:03,OP90002169,中证500ETF沽12月5500,0.0,0.0,0.0,0.0,20,0.0586,0.0651,40,0.0594,0.0604,0.0,0.0,0.0,0.0,458
2023-05-10 09:31:03,OP90002169,中证500ETF沽12月5500,0.0,0.0,0.0,0.0,20,0.0586,0.0651,40,0.0594,0.0604,0.0,0.0,0.0,0.0,458
2023-05-10 09:31:04,OP90002169,中证500ETF沽12月5500,0.0,0.0,0.0,0.0,30,0.0584,0.065,20,0.0594,0.0604,0.0,0.0,0.0,0.0,458
2023-05-10 09:31:04,OP90002169,中证500ETF沽12月5500,0.0,0.0,0.0,0.0,20,0.0586,0.0651,40,0.0594,0.0604,0.0,0.0,0.0,0.0,458
2023-05-10 09:31:05,OP90002169,中证500ETF沽12月5500,0.0,0.0,0.0,0.0,20,0.0586,0.0651,40,0.0594,0.0604,0.0,0.0,0.0,0.0,458
2023-05-10 09:31:05,OP90002169,中证500ETF沽12月5500,0.0,0.0,0.0,0.0,20,0.0586,0.0651,40,0.0594,0.0604,0.0,0.0,0.0,0.0,458
2023-05-10 09:31:06,OP90002169,中证500ETF沽12月5500,0.0,0.0,0.0,0.0,20,0.0586,0.0651,40,0.0594,0.0604,0.0,0.0,0.0,0.0,458
2023-05-10 09:31:06,OP90002169,中证500ETF沽12月5500,0.0,0.0,0.0,0.0,20,0.0586,0.0651,40,0.0594,0.0604,0.0,0.0,0.0,0.0,458
2023-05-10 09:31:07,OP90002169,中证500ETF沽12月5500,0.0,0.0,0.0,0.0,20,0.0586,0.0651,40,0.0594,0.0604,0.0,0.0,0.0,0.0,458
2023-05-10 09:31:07,OP90002169,中证500ETF沽12月5500,0.0,0.0,0.0,0.0,20,0.0588,0.0651,40,0.0594,0.0604,0.0,0.0,0.0,0.0,458
2023-05-10 09:31:08,OP90002169,中证500ETF沽12月5500,0.0,0.0,0.0,0.0,20,0.0588,0.0651,40,0.0594,0.0604,0.0,0.0,0.0,0.0,458
2023-05-10 09:31:09,OP90002169,中证500ETF沽12月5500,0.0,0.0,0.0,0.0,20,0.0591,0.0651,40,0.0594,0.0604,0.0,0.0,0.0,0.0,458
2023-05-10 09:31:09,OP90002169,中证500ETF沽12月5500,0.0,0.0,0.0,0.0,20,0.0591,0.0651,60,0.0594,0.0604,0.0,0.0,0.0,0.0,458
2023-05-10 09:31:10,OP90002169,中证500ETF沽12月5500,0.0,0.0,0.0,0.0,20,0.0591,0.0651,60,0.0594,0.0604,0.0,0.0,0.0,0.0,458
2023-05-10 09:31:10,OP90002169,中证500ETF沽12月5500,0.0,0.0,0.0,0.0,20,0.0593,0.0651,40,0.0594,0.0604,0.0,0.0,0.0,0.0,458
2023-05-10 09:31:11,OP90002169,中证500ETF沽12月5500,0.0,0.0,0.0,0.0,20,0.0593,0.0651,40,0.0594,0.0604,0.0,0.0,0.0,0.0,458
2023-05-10 09:31:11,OP90002169,中证500ETF沽12月5500,0.0,0.0,0.0,0.0,20,0.0593,0.0651,40,0.0594,0.0604,0.0,0.0,0.0,0.0,458
2023-05-10 09:31:12,OP90002169,中证500ETF沽12月5500,0.0,0.0,0.0,0.0,20,0.0593,0.0651,40,0.0594,0.0604,0.0,0.0,0.0,0.0,458
2023-05-10 09:31:13,OP90002169,中证500ETF沽12月5500,0.0,0.0,0.0,0.0,10,0.0594,0.0641,10,0.0594,0.0604,0.0,0.0,0.0,0.0,458
2023-05-10 09:31:13,OP90002169,中证500ETF沽12月5500,0.0,0.0,0.0,0.0,30,0.0594,0.0641,10,0.0594,0.0604,0.0,0.0,0.0,0.0,458
2023-05-10 09:31:14,OP90002169,中证500ETF沽12月5500,0.0,0.0,0.0,0.0,30,0.0594,0.0641,10,0.0594,0.0604,0.0,0.0,0.0,0.0,458
2023-05-10 09:31:14,OP90002169,中证500ETF沽12月5500,0.0,0.0,0.0,0.0,30,0.0594,0.0641,10,0.0594,0.0604,0.0,0.0,0.0,0.0,458
2023-05-10 09:31:15,OP90002169,中证500ETF沽12月5500,0.0,0.0,0.0,0.0,30,0.0594,0.0641,10,0.0594,0.0604,0.0,0.0,0.0,0.0,458
2023-05-10 09:31:16,OP90002169,中证500ETF沽12月5500,0.0,0.0,0.0,0.0,30,0.0594,0.0641,10,0.0594,0.0604,0.0,0.0,0.0,0.0,458
2023-05-10 09:31:17,OP90002169,中证500ETF沽12月5500,0.0,0.0,0.0,0.0,30,0.0594,0.0641,10,0.0594,0.0604,0.0,0.0,0.0,0.0,458
2023-05-10 09:31:17,OP90002169,中证500ETF沽12月5500,0.0,0.0,0.0,0.0,30,0.0594,0.0641,10,0.0594,0.0604,0.0,0.0,0.0,0.0,458
2023-05-10 09:31:18,OP90002169,中证500ETF沽12月5500,0.0,0.0,0.0,0.0,30,0.0594,0.0641,10,0.0594,0.0604,0.0,0.0,0.0,0.0,458
2023-05-10 09:31:18,OP90002169,中证500ETF沽12月5500,0.0,0.0,0.0,0.0,30,0.0594,0.0641,10,0.0594,0.0604,0.0,0.0,0.0,0.0,458
2023-05-10 09:31:19,OP90002169,中证500ETF沽12月5500,0.0,0.0,0.0,0.0,30,0.0594,0.0641,10,0.0594,0.0604,0.0,0.0,0.0,0.0,458
2023-05-10 09:31:20,OP90002169,中证500ETF沽12月5500,0.0,0.0,0.0,0.0,30,0.0594,0.0641,10,0.0594,0.0604,0.0,0.0,0.0,0.0,458
2023-05-10 09:31:21,OP90002169,中证500ETF沽12月5500,0.0,0.0,0.0,0.0,30,0.0594,0.0641,10,0.0594,0.0604,0.0,0.0,0.0,0.0,458
2023-05-10 09:31:22,OP90002169,中证500ETF沽12月5500,0.0,0.0,0.0,0.0,30,0.0594,0.0641,10,0.0594,0.0604,0.0,0.0,0.0,0.0,458
2023-05-10 09:31:23,OP90002169,中证500ETF沽12月5500,0.0,0.0,0.0,0.0,30,0.0594,0.0641,10,0.0594,0.0604,0.0,0.0,0.0,0.0,458
2023-05-10 09:31:23,OP90002169,中证500ETF沽12月5500,0.0,0.0,0.0,0.0,30,0.0594,0.0641,10,0.0594,0.0604,0.0,0.0,0.0,0.0,458
2023-05-10 09:31:24,OP90002169,中证500ETF沽12月5500,0.0,0.0,0.0,0.0,30,0.0594,0.0641,10,0.0594,0.0604,0.0,0.0,0.0,0.0,458
2023-05-10 09:31:25,OP90002169,中证500ETF沽12月5500,0.0,0.0,0.0,0.0,30,0.0594,0.0641,10,0.0594,0.0604,0.0,0.0,0.0,0.0,458
2023-05-10 09:31:26,OP90002169,中证500ETF沽12月5500,0.0,0.0,0.0,0.0,30,0.0594,0.0641,30,0.0594,0.0604,0.0,0.0,0.0,0.0,458
2023-05-10 09:31:26,OP90002169,中证500ETF沽12月5500,0.0,0.0,0.0,0.0,30,0.0594,0.0641,30,0.0594,0.0604,0.0,0.0,0.0,0.0,458
2023-05-10 09:31:27,OP90002169,中证500ETF沽12月5500,0.0,0.0,0.0,0.0,30,0.0594,0.0641,30,0.0594,0.0604,0.0,0.0,0.0,0.0,458
2023-05-10 09:31:27,OP90002169,中证500ETF沽12月5500,0.0,0.0,0.0,0.0,30,0.0594,0.0641,30,0.0594,0.0604,0.0,0.0,0.0,0.0,458
2023-05-10 09:31:28,OP90002169,中证500ETF沽12月5500,0.0,0.0,0.0,0.0,30,0.0594,0.0641,30,0.0594,0.0604,0.0,0.0,0.0,0.0,458
2023-05-10 09:31:29,OP90002169,中证500ETF沽12月5500,0.0,0.0,0.0,0.0,30,0.0594,0.0641,30,0.0594,0.0604,0.0,0.0,0.0,0.0,458
2023-05-10 09:31:30,OP90002169,中证500ETF沽12月5500,0.0,0.0,0.0,0.0,30,0.0594,0.0641,30,0.0594,0.0604,0.0,0.0,0.0,0.0,458
2023-05-10 09:31:30,OP90002169,中证500ETF沽12月5500,0.0,0.0,0.0,0.0,30,0.0594,0.0641,30,0.0594,0.0604,0.0,0.0,0.0,0.0,458
2023-05-10 09:31:31,OP90002169,中证500ETF沽12月5500,0.0,0.0,0.0,0.0,30,0.0594,0.0641,30,0.0594,0.0604,0.0,0.0,0.0,0.0,458
2023-05-10 09:31:31,OP90002169,中证500ETF沽12月5500,0.0,0.0,0.0,0.0,30,0.0594,0.0641,30,0.0594,0.0604,0.0,0.0,0.0,0.0,458
2023-05-10 09:31:32,OP90002169,中证500ETF沽12月5500,0.0,0.0,0.0,0.0,30,0.0594,0.0641,30,0.0594,0.0604,0.0,0.0,0.0,0.0,458
2023-05-10 09:31:32,OP90002169,中证500ETF沽12月5500,0.0,0.0,0.0,0.0,30,0.0594,0.0641,30,0.0594,0.0604,0.0,0.0,0.0,0.0,458
2023-05-10 09:31:33,OP90002169,中证500ETF沽12月5500,0.0,0.0,0.0,0.0,30,0.0594,0.0641,30,0.0594,0.0604,0.0,0.0,0.0,0.0,458
2023-05-10 09:31:33,OP90002169,中证500ETF沽12月5500,0.0,0.0,0.0,0.0,30,0.0594,0.0641,30,0.0594,0.0604,0.0,0.0,0.0,0.0,458
2023-05-10 09:31:34,OP90002169,中证500ETF沽12月5500,0.0,0.0,0.0,0.0,30,0.0594,0.0641,30,0.0594,0.0604,0.0,0.0,0.0,0.0,458
2023-05-10 09:31:35,OP90002169,中证500ETF沽12月5500,0.0,0.0,0.0,0.0,30,0.0594,0.0641,30,0.0594,0.0604,0.0,0.0,0.0,0.0,458
2023-05-10 09:31:35,OP90002169,中证500ETF沽12月5500,0.0,0.0,0.0,0.0,30,0.0594,0.0641,30,0.0594,0.0604,0.0,0.0,0.0,0.0,458
2023-05-10 09:31:36,OP90002169,中证500ETF沽12月5500,0.0,0.0,0.0,0.0,30,0.0594,0.0641,30,0.0594,0.0604,0.0,0.0,0.0,0.0,458
2023-05-10 09:31:36,OP90002169,中证500ETF沽12月5500,0.0,0.0,0.0,0.0,30,0.0594,0.0641,30,0.0594,0.0604,0.0,0.0,0.0,0.0,458
2023-05-10 09:31:37,OP90002169,中证500ETF沽12月5500,0.0,0.0,0.0,0.0,30,0.0594,0.0641,30,0.0594,0.0604,0.0,0.0,0.0,0.0,458
2023-05-10 09:31:37,OP90002169,中证500ETF沽12月5500,0.0,0.0,0.0,0.0,30,0.0594,0.0641,30,0.0594,0.0604,0.0,0.0,0.0,0.0,458
2023-05-10 09:31:38,OP90002169,中证500ETF沽12月5500,0.0,0.0,0.0,0.0,30,0.0594,0.0641,30,0.0594,0.0604,0.0,0.0,0.0,0.0,458
2023-05-10 09:31:39,OP90002169,中证500ETF沽12月5500,0.0,0.0,0.0,0.0,30,0.0594,0.0641,30,0.0594,0.0604,0.0,0.0,0.0,0.0,458
2023-05-10 09:31:40,OP90002169,中证500ETF沽12月5500,0.0,0.0,0.0,0.0,30,0.0594,0.0641,30,0.0594,0.0604,0.0,0.0,0.0,0.0,458
2023-05-10 09:31:41,OP90002169,中证500ETF沽12月5500,0.0,0.0,0.0,0.0,30,0.0594,0.0641,30,0.0594,0.0604,0.0,0.0,0.0,0.0,458
2023-05-10 09:31:41,OP90002169,中证500ETF沽12月5500,0.0,0.0,0.0,0.0,30,0.0594,0.0641,30,0.0594,0.0604,0.0,0.0,0.0,0.0,458
2023-05-10 09:31:42,OP90002169,中证500ETF沽12月5500,0.0,0.0,0.0,0.0,30,0.0594,0.0641,30,0.0594,0.0604,0.0,0.0,0.0,0.0,458
2023-05-10 09:31:42,OP90002169,中证500ETF沽12月5500,0.0,0.0,0.0,0.0,30,0.0594,0.0641,30,0.0594,0.0604,0.0,0.0,0.0,0.0,458
2023-05-10 09:31:43,OP90002169,中证500ETF沽12月5500,0.0,0.0,0.0,0.0,30,0.0594,0.0641,30,0.0594,0.0604,0.0,0.0,0.0,0.0,458
2023-05-10 09:31:44,OP90002169,中证500ETF沽12月5500,0.0,0.0,0.0,0.0,30,0.0594,0.0641,30,0.0594,0.0604,0.0,0.0,0.0,0.0,458
2023-05-10 09:31:44,OP90002169,中证500ETF沽12月5500,0.0,0.0,0.0,0.0,30,0.0594,0.0641,30,0.0594,0.0604,0.0,0.0,0.0,0.0,458
2023-05-10 09:31:45,OP90002169,中证500ETF沽12月5500,0.0,0.0,0.0,0.0,30,0.0594,0.0641,30,0.0594,0.0604,0.0,0.0,0.0,0.0,458
2023-05-10 09:31:46,OP90002169,中证500ETF沽12月5500,0.0,0.0,0.0,0.0,30,0.0594,0.0641,30,0.0594,0.0604,0.0,0.0,0.0,0.0,458
2023-05-10 09:31:47,OP90002169,中证500ETF沽12月5500,0.0,0.0,0.0,0.0,30,0.0594,0.0641,30,0.0594,0.0604,0.0,0.0,0.0,0.0,458
2023-05-10 09:31:48,OP90002169,中证500ETF沽12月5500,0.0,0.0,0.0,0.0,30,0.0594,0.0641,30,0.0594,0.0604,0.0,0.0,0.0,0.0,458
2023-05-10 09:31:49,OP90002169,中证500ETF沽12月5500,0.0,0.0,0.0,0.0,30,0.0594,0.0641,30,0.0594,0.0604,0.0,0.0,0.0,0.0,458
2023-05-10 09:31:50,OP90002169,中证500ETF沽12月5500,0.0,0.0,0.0,0.0,30,0.0594,0.0641,30,0.0594,0.0604,0.0,0.0,0.0,0.0,458
2023-05-10 09:31:50,OP90002169,中证500ETF沽12月5500,0.0,0.0,0.0,0.0,30,0.0594,0.0641,30,0.0594,0.0604,0.0,0.0,0.0,0.0,458
2023-05-10 09:31:51,OP90002169,中证500ETF沽12月5500,0.0,0.0,0.0,0.0,30,0.0594,0.0641,30,0.0594,0.0604,0.0,0.0,0.0,0.0,458
2023-05-10 09:31:51,OP90002169,中证500ETF沽12月5500,0.0,0.0,0.0,0.0,30,0.0594,0.0641,30,0.0594,0.0604,0.0,0.0,0.0,0.0,458
2023-05-10 09:31:52,OP90002169,中证500ETF沽12月5500,0.0,0.0,0.0,0.0,30,0.0594,0.0641,30,0.0594,0.0604,0.0,0.0,0.0,0.0,458
2023-05-10 09:31:53,OP90002169,中证500ETF沽12月5500,0.0,0.0,0.0,0.0,30,0.0594,0.0641,30,0.0594,0.0604,0.0,0.0,0.0,0.0,458
2023-05-10 09:31:54,OP90002169,中证500ETF沽12月5500,0.0,0.0,0.0,0.0,30,0.0594,0.0641,30,0.0594,0.0604,0.0,0.0,0.0,0.0,458
2023-05-10 09:31:54,OP90002169,中证500ETF沽12月5500,0.0,0.0,0.0,0.0,30,0.0594,0.0641,30,0.0594,0.0604,0.0,0.0,0.0,0.0,458
2023-05-10 09:31:55,OP90002169,中证500ETF沽12月5500,0.0,0.0,0.0,0.0,30,0.0594,0.0641,30,0.0594,0.0604,0.0,0.0,0.0,0.0,458
2023-05-10 09:31:55,OP90002169,中证500ETF沽12月5500,0.0,0.0,0.0,0.0,30,0.0594,0.0641,30,0.0594,0.0604,0.0,0.0,0.0,0.0,458
2023-05-10 09:31:56,OP90002169,中证500ETF沽12月5500,0.0,0.0,0.0,0.0,30,0.0594,0.0641,30,0.0594,0.0604,0.0,0.0,0.0,0.0,458
2023-05-10 09:31:56,OP90002169,中证500ETF沽12月5500,0.0,0.0,0.0,0.0,30,0.0594,0.0641,30,0.0594,0.0604,0.0,0.0,0.0,0.0,458
2023-05-10 09:31:57,OP90002169,中证500ETF沽12月5500,0.0,0.0,0.0,0.0,30,0.0594,0.0641,30,0.0594,0.0604,0.0,0.0,0.0,0.0,458
2023-05-10 09:31:59,OP90002169,中证500ETF沽12月5500,0.0,0.0,0.0,0.0,30,0.0594,0.0641,30,0.0594,0.0604,0.0,0.0,0.0,0.0,458
2023-05-10 09:32:00,OP90002169,中证500ETF沽12月5500,0.0,0.0,0.0,0.0,30,0.0594,0.0641,30,0.0594,0.0604,0.0,0.0,0.0,0.0,458
2023-05-10 09:32:00,OP90002169,中证500ETF沽12月5500,0.0,0.0,0.0,0.0,30,0.0594,0.0641,30,0.0594,0.0604,0.0,0.0,0.0,0.0,458
2023-05-10 09:32:01,OP90002169,中证500ETF沽12月5500,0.0,0.0,0.0,0.0,30,0.0594,0.0641,30,0.0594,0.0604,0.0,0.0,0.0,0.0,458
2023-05-10 09:32:01,OP90002169,中证500ETF沽12月5500,0.0,0.0,0.0,0.0,30,0.0594,0.0641,40,0.0594,0.0604,0.0,0.0,0.0,0.0,458
2023-05-10 09:32:02,OP90002169,中证500ETF沽12月5500,0.0,0.0,0.0,0.0,30,0.0594,0.0641,40,0.0594,0.0604,0.0,0.0,0.0,0.0,458
2023-05-10 09:32:02,OP90002169,中证500ETF沽12月5500,0.0,0.0,0.0,0.0,30,0.0594,0.0641,40,0.0594,0.0604,0.0,0.0,0.0,0.0,458
2023-05-10 09:32:03,OP90002169,中证500ETF沽12月5500,0.0,0.0,0.0,0.0,30,0.0594,0.0641,40,0.0594,0.0604,0.0,0.0,0.0,0.0,458
2023-05-10 09:32:04,OP90002169,中证500ETF沽12月5500,0.0,0.0,0.0,0.0,50,0.0594,0.064,20,0.0594,0.0604,0.0,0.0,0.0,0.0,458
2023-05-10 09:32:04,OP90002169,中证500ETF沽12月5500,0.0,0.0,0.0,0.0,50,0.0594,0.064,30,0.0594,0.0604,0.0,0.0,0.0,0.0,458
2023-05-10 09:32:05,OP90002169,中证500ETF沽12月5500,0.0,0.0,0.0,0.0,70,0.0594,0.0639,20,0.0594,0.0604,0.0,0.0,0.0,0.0,458
2023-05-10 09:32:05,OP90002169,中证500ETF沽12月5500,0.0,0.0,0.0,0.0,70,0.0594,0.0639,30,0.0594,0.0604,0.0,0.0,0.0,0.0,458
2023-05-10 09:32:06,OP90002169,中证500ETF沽12月5500,0.0,0.0,0.0,0.0,70,0.0594,0.0638,20,0.0594,0.0604,0.0,0.0,0.0,0.0,458
2023-05-10 09:32:06,OP90002169,中证500ETF沽12月5500,0.0,0.0,0.0,0.0,70,0.0594,0.0638,50,0.0594,0.0604,0.0,0.0,0.0,0.0,458
2023-05-10 09:32:07,OP90002169,中证500ETF沽12月5500,0.0,0.0,0.0,0.0,70,0.0594,0.0637,20,0.0594,0.0604,0.0,0.0,0.0,0.0,458
2023-05-10 09:32:07,OP90002169,中证500ETF沽12月5500,0.0,0.0,0.0,0.0,70,0.0594,0.0637,30,0.0594,0.0604,0.0,0.0,0.0,0.0,458
2023-05-10 09:32:08,OP90002169,中证500ETF沽12月5500,0.0,0.0,0.0,0.0,70,0.0594,0.0636,20,0.0594,0.0604,0.0,0.0,0.0,0.0,458
2023-05-10 09:32:08,OP90002169,中证500ETF沽12月5500,0.0,0.0,0.0,0.0,70,0.0594,0.0636,30,0.0594,0.0604,0.0,0.0,0.0,0.0,458
2023-05-10 09:32:09,OP90002169,中证500ETF沽12月5500,0.0,0.0,0.0,0.0,50,0.0594,0.0635,20,0.0594,0.0604,0.0,0.0,0.0,0.0,458
2023-05-10 09:32:09,OP90002169,中证500ETF沽12月5500,0.0,0.0,0.0,0.0,30,0.0594,0.0635,30,0.0594,0.0604,0.0,0.0,0.0,0.0,458
2023-05-10 09:32:10,OP90002169,中证500ETF沽12月5500,0.0,0.0,0.0,0.0,30,0.0594,0.0634,20,0.0594,0.0604,0.0,0.0,0.0,0.0,458
2023-05-10 09:32:10,OP90002169,中证500ETF沽12月5500,0.0,0.0,0.0,0.0,30,0.0594,0.0634,30,0.0594,0.0604,0.0,0.0,0.0,0.0,458
2023-05-10 09:32:11,OP90002169,中证500ETF沽12月5500,0.0,0.0,0.0,0.0,30,0.0594,0.0633,20,0.0594,0.0604,0.0,0.0,0.0,0.0,458
2023-05-10 09:32:11,OP90002169,中证500ETF沽12月5500,0.0,0.0,0.0,0.0,30,0.0594,0.0633,30,0.0594,0.0604,0.0,0.0,0.0,0.0,458
2023-05-10 09:32:12,OP90002169,中证500ETF沽12月5500,0.0,0.0,0.0,0.0,30,0.0594,0.0632,20,0.0594,0.0604,0.0,0.0,0.0,0.0,458
2023-05-10 09:32:12,OP90002169,中证500ETF沽12月5500,0.0,0.0,0.0,0.0,30,0.0594,0.0632,30,0.0594,0.0604,0.0,0.0,0.0,0.0,458
2023-05-10 09:32:13,OP90002169,中证500ETF沽12月5500,0.0,0.0,0.0,0.0,30,0.0594,0.0631,20,0.0594,0.0604,0.0,0.0,0.0,0.0,458
2023-05-10 09:32:13,OP90002169,中证500ETF沽12月5500,0.0,0.0,0.0,0.0,30,0.0594,0.0631,20,0.0594,0.0604,0.0,0.0,0.0,0.0,458
2023-05-10 09:32:15,OP90002169,中证500ETF沽12月5500,0.0,0.0,0.0,0.0,30,0.0594,0.0631,20,0.0594,0.0604,0.0,0.0,0.0,0.0,458
2023-05-10 09:32:15,OP90002169,中证500ETF沽12月5500,0.0,0.0,0.0,0.0,30,0.0594,0.0631,20,0.0594,0.0604,0.0,0.0,0.0,0.0,458
2023-05-10 09:32:16,OP90002169,中证500ETF沽12月5500,0.0,0.0,0.0,0.0,30,0.0594,0.0631,20,0.0594,0.0604,0.0,0.0,0.0,0.0,458
2023-05-10 09:32:18,OP90002169,中证500ETF沽12月5500,0.0,0.0,0.0,0.0,30,0.0594,0.0631,20,0.0594,0.0604,0.0,0.0,0.0,0.0,458
2023-05-10 09:32:19,OP90002169,中证500ETF沽12月5500,0.0,0.0,0.0,0.0,30,0.0594,0.0631,20,0.0594,0.0604,0.0,0.0,0.0,0.0,458
2023-05-10 09:32:27,OP90002169,中证500ETF沽12月5500,0.0,0.0,0.0,0.0,30,0.0594,0.0631,20,0.0594,0.0604,0.0,0.0,0.0,0.0,458
2023-05-10 09:32:28,OP90002169,中证500ETF沽12月5500,0.0,0.0,0.0,0.0,30,0.0594,0.0631,20,0.0594,0.0604,0.0,0.0,0.0,0.0,458
2023-05-10 09:32:39,OP90002169,中证500ETF沽12月5500,0.0,0.0,0.0,0.0,30,0.0594,0.0631,20,0.0594,0.0604,0.0,0.0,0.0,0.0,458
2023-05-10 09:32:39,OP90002169,中证500ETF沽12月5500,0.0,0.0,0.0,0.0,50,0.0594,0.0636,20,0.0594,0.0604,0.0,0.0,0.0,0.0,458
2023-05-10 09:32:41,OP90002169,中证500ETF沽12月5500,0.0,0.0,0.0,0.0,50,0.0594,0.0636,30,0.0594,0.0604,0.0,0.0,0.0,0.0,458
2023-05-10 09:32:41,OP90002169,中证500ETF沽12月5500,0.0,0.0,0.0,0.0,30,0.0594,0.0635,20,0.0594,0.0604,0.0,0.0,0.0,0.0,458
2023-05-10 09:32:43,OP90002169,中证500ETF沽12月5500,0.0,0.0,0.0,0.0,30,0.0594,0.0635,40,0.0594,0.0604,0.0,0.0,0.0,0.0,458
2023-05-10 09:32:43,OP90002169,中证500ETF沽12月5500,0.0,0.0,0.0,0.0,30,0.0594,0.0634,20,0.0594,0.0604,0.0,0.0,0.0,0.0,458
2023-05-10 09:32:47,OP90002169,中证500ETF沽12月5500,0.0,0.0,0.0,0.0,10,0.0598,0.0633,10,0.0594,0.0604,0.0,0.0,0.0,0.0,458
2023-05-10 09:32:47,OP90002169,中证500ETF沽12月5500,0.0,0.0,0.0,0.0,20,0.0598,0.0632,30,0.0594,0.0604,0.0,0.0,0.0,0.0,458
2023-05-10 09:32:48,OP90002169,中证500ETF沽12月5500,0.0,0.0,0.0,0.0,10,0.0598,0.0631,20,0.0594,0.0604,0.0,0.0,0.0,0.0,458
2023-05-10 09:32:48,OP90002169,中证500ETF沽12月5500,0.0,0.0,0.0,0.0,20,0.0598,0.063,10,0.0594,0.0604,0.0,0.0,0.0,0.0,458
2023-05-10 09:32:49,OP90002169,中证500ETF沽12月5500,0.0,0.0,0.0,0.0,10,0.0599,0.0629,20,0.0594,0.0604,0.0,0.0,0.0,0.0,458
2023-05-10 09:32:49,OP90002169,中证500ETF沽12月5500,0.0,0.0,0.0,0.0,30,0.0599,0.0634,20,0.0594,0.0604,0.0,0.0,0.0,0.0,458
2023-05-10 09:32:50,OP90002169,中证500ETF沽12月5500,0.0,0.0,0.0,0.0,20,0.0599,0.0634,20,0.0594,0.0604,0.0,0.0,0.0,0.0,458
2023-05-10 09:32:50,OP90002169,中证500ETF沽12月5500,0.0,0.0,0.0,0.0,20,0.0599,0.0633,10,0.0594,0.0604,0.0,0.0,0.0,0.0,458
2023-05-10 09:32:51,OP90002169,中证500ETF沽12月5500,0.0,0.0,0.0,0.0,20,0.0599,0.0632,20,0.0594,0.0604,0.0,0.0,0.0,0.0,458
2023-05-10 09:32:54,OP90002169,中证500ETF沽12月5500,0.0,0.0,0.0,0.0,30,0.0598,0.0632,20,0.0594,0.0604,0.0,0.0,0.0,0.0,458
2023-05-10 09:32:55,OP90002169,中证500ETF沽12月5500,0.0,0.0,0.0,0.0,20,0.0598,0.0631,10,0.0594,0.0604,0.0,0.0,0.0,0.0,458
2023-05-10 09:32:55,OP90002169,中证500ETF沽12月5500,0.0,0.0,0.0,0.0,10,0.0597,0.063,20,0.0594,0.0604,0.0,0.0,0.0,0.0,458
2023-05-10 09:32:56,OP90002169,中证500ETF沽12月5500,0.0,0.0,0.0,0.0,20,0.0597,0.0629,10,0.0594,0.0604,0.0,0.0,0.0,0.0,458
2023-05-10 09:32:56,OP90002169,中证500ETF沽12月5500,0.0,0.0,0.0,0.0,10,0.0598,0.0628,20,0.0594,0.0604,0.0,0.0,0.0,0.0,458
2023-05-10 09:32:57,OP90002169,中证500ETF沽12月5500,0.0,0.0,0.0,0.0,20,0.0598,0.0627,10,0.0594,0.0604,0.0,0.0,0.0,0.0,458
2023-05-10 09:32:57,OP90002169,中证500ETF沽12月5500,0.0,0.0,0.0,0.0,10,0.0596,0.0626,20,0.0594,0.0604,0.0,0.0,0.0,0.0,458
2023-05-10 09:32:58,OP90002169,中证500ETF沽12月5500,0.0,0.0,0.0,0.0,20,0.0596,0.0625,10,0.0594,0.0604,0.0,0.0,0.0,0.0,458
2023-05-10 09:32:58,OP90002169,中证500ETF沽12月5500,0.0,0.0,0.0,0.0,10,0.0596,0.0624,20,0.0594,0.0604,0.0,0.0,0.0,0.0,458
2023-05-10 09:32:59,OP90002169,中证500ETF沽12月5500,0.0,0.0,0.0,0.0,30,0.0596,0.0624,20,0.0594,0.0604,0.0,0.0,0.0,0.0,458
2023-05-10 09:33:00,OP90002169,中证500ETF沽12月5500,0.0,0.0,0.0,0.0,20,0.0596,0.0623,10,0.0594,0.0604,0.0,0.0,0.0,0.0,458
2023-05-10 09:33:00,OP90002169,中证500ETF沽12月5500,0.0,0.0,0.0,0.0,10,0.0596,0.0622,20,0.0594,0.0604,0.0,0.0,0.0,0.0,458
2023-05-10 09:33:01,OP90002169,中证500ETF沽12月5500,0.0,0.0,0.0,0.0,30,0.0596,0.0622,20,0.0594,0.0604,0.0,0.0,0.0,0.0,458
2023-05-10 09:33:01,OP90002169,中证500ETF沽12月5500,0.0,0.0,0.0,0.0,30,0.0596,0.0622,20,0.0594,0.0604,0.0,0.0,0.0,0.0,458
2023-05-10 09:33:02,OP90002169,中证500ETF沽12月5500,0.0,0.0,0.0,0.0,20,0.0596,0.0621,10,0.0594,0.0604,0.0,0.0,0.0,0.0,458
2023-05-10 09:33:02,OP90002169,中证500ETF沽12月5500,0.0,0.0,0.0,0.0,10,0.0596,0.062,20,0.0594,0.0604,0.0,0.0,0.0,0.0,458
2023-05-10 09:33:03,OP90002169,中证500ETF沽12月5500,0.0,0.0,0.0,0.0,15,0.0597,0.0619,10,0.0594,0.0604,0.0,0.0,0.0,0.0,458
2023-05-10 09:33:03,OP90002169,中证500ETF沽12月5500,0.0,0.0,0.0,0.0,15,0.0597,0.0618,20,0.0594,0.0604,0.0,0.0,0.0,0.0,458
2023-05-10 09:33:04,OP90002169,中证500ETF沽12月5500,0.0,0.0,0.0,0.0,15,0.0597,0.0618,20,0.0594,0.0604,0.0,0.0,0.0,0.0,458
2023-05-10 09:33:04,OP90002169,中证500ETF沽12月5500,0.0,0.0,0.0,0.0,15,0.0597,0.0618,20,0.0594,0.0604,0.0,0.0,0.0,0.0,458
2023-05-10 09:33:05,OP90002169,中证500ETF沽12月5500,0.0,0.0,0.0,0.0,15,0.0597,0.0618,20,0.0594,0.0604,0.0,0.0,0.0,0.0,458
2023-05-10 09:33:07,OP90002169,中证500ETF沽12月5500,0.0,0.0,0.0,0.0,15,0.0597,0.0618,20,0.0594,0.0604,0.0,0.0,0.0,0.0,458
2023-05-10 09:33:08,OP90002169,中证500ETF沽12月5500,0.0,0.0,0.0,0.0,15,0.0597,0.0618,20,0.0594,0.0604,0.0,0.0,0.0,0.0,458
2023-05-10 09:33:08,OP90002169,中证500ETF沽12月5500,0.0,0.0,0.0,0.0,15,0.0597,0.0618,20,0.0594,0.0604,0.0,0.0,0.0,0.0,458
2023-05-10 09:33:09,OP90002169,中证500ETF沽12月5500,0.0,0.0,0.0,0.0,15,0.0597,0.0618,20,0.0594,0.0604,0.0,0.0,0.0,0.0,458
2023-05-10 09:33:09,OP90002169,中证500ETF沽12月5500,0.0,0.0,0.0,0.0,15,0.0597,0.0618,20,0.0594,0.0604,0.0,0.0,0.0,0.0,458
2023-05-10 09:33:10,OP90002169,中证500ETF沽12月5500,0.0,0.0,0.0,0.0,15,0.0597,0.0618,20,0.0594,0.0604,0.0,0.0,0.0,0.0,458
2023-05-10 09:33:10,OP90002169,中证500ETF沽12月5500,0.0,0.0,0.0,0.0,15,0.0597,0.0618,20,0.0594,0.0604,0.0,0.0,0.0,0.0,458
2023-05-10 09:33:11,OP90002169,中证500ETF沽12月5500,0.0,0.0,0.0,0.0,15,0.0597,0.0618,20,0.0594,0.0604,0.0,0.0,0.0,0.0,458
2023-05-10 09:33:11,OP90002169,中证500ETF沽12月5500,0.0,0.0,0.0,0.0,15,0.0597,0.0618,20,0.0594,0.0604,0.0,0.0,0.0,0.0,458
2023-05-10 09:33:12,OP90002169,中证500ETF沽12月5500,0.0,0.0,0.0,0.0,15,0.0597,0.0618,20,0.0594,0.0604,0.0,0.0,0.0,0.0,458
2023-05-10 09:33:12,OP90002169,中证500ETF沽12月5500,0.0,0.0,0.0,0.0,15,0.0597,0.0618,20,0.0594,0.0604,0.0,0.0,0.0,0.0,458
2023-05-10 09:33:13,OP90002169,中证500ETF沽12月5500,0.0,0.0,0.0,0.0,15,0.0597,0.0618,20,0.0594,0.0604,0.0,0.0,0.0,0.0,458
2023-05-10 09:33:13,OP90002169,中证500ETF沽12月5500,0.0,0.0,0.0,0.0,15,0.0597,0.0618,35,0.0594,0.0604,0.0,0.0,0.0,0.0,458
2023-05-10 09:33:14,OP90002169,中证500ETF沽12月5500,0.0,0.0,0.0,0.0,15,0.0597,0.0617,20,0.0594,0.0604,0.0,0.0,0.0,0.0,458
2023-05-10 09:33:14,OP90002169,中证500ETF沽12月5500,0.0,0.0,0.0,0.0,15,0.0597,0.0616,20,0.0594,0.0604,0.0,0.0,0.0,0.0,458
2023-05-10 09:33:15,OP90002169,中证500ETF沽12月5500,0.0,0.0,0.0,0.0,15,0.0597,0.0615,10,0.0594,0.0604,0.0,0.0,0.0,0.0,458
2023-05-10 09:33:15,OP90002169,中证500ETF沽12月5500,0.0,0.0,0.0,0.0,15,0.0597,0.0614,20,0.0594,0.0604,0.0,0.0,0.0,0.0,458
2023-05-10 09:33:16,OP90002169,中证500ETF沽12月5500,0.0,0.0,0.0,0.0,15,0.0597,0.0613,10,0.0594,0.0604,0.0,0.0,0.0,0.0,458
2023-05-10 09:33:16,OP90002169,中证500ETF沽12月5500,0.0,0.0,0.0,0.0,20,0.0598,0.0614,20,0.0594,0.0604,0.0,0.0,0.0,0.0,458
2023-05-10 09:33:17,OP90002169,中证500ETF沽12月5500,0.0,0.0,0.0,0.0,15,0.0599,0.0613,10,0.0594,0.0604,0.0,0.0,0.0,0.0,458
2023-05-10 09:33:17,OP90002169,中证500ETF沽12月5500,0.0,0.0,0.0,0.0,20,0.06,0.0612,20,0.0594,0.0604,0.0,0.0,0.0,0.0,458
2023-05-10 09:33:18,OP90002169,中证500ETF沽12月5500,0.0,0.0,0.0,0.0,35,0.0601,0.0611,10,0.0594,0.0604,0.0,0.0,0.0,0.0,458
2023-05-10 09:33:18,OP90002169,中证500ETF沽12月5500,0.0,0.0,0.0,0.0,20,0.0602,0.0612,20,0.0594,0.0604,0.0,0.0,0.0,0.0,458
2023-05-10 09:33:19,OP90002169,中证500ETF沽12月5500,0.0,0.0,0.0,0.0,15,0.0603,0.0611,30,0.0594,0.0604,0.0,0.0,0.0,0.0,458
2023-05-10 09:33:19,OP90002169,中证500ETF沽12月5500,0.0,0.0,0.0,0.0,15,0.0603,0.0611,20,0.0594,0.0604,0.0,0.0,0.0,0.0,458
2023-05-10 09:33:20,OP90002169,中证500ETF沽12月5500,0.0,0.0,0.0,0.0,15,0.0603,0.061,10,0.0594,0.0604,0.0,0.0,0.0,0.0,458
2023-05-10 09:33:20,OP90002169,中证500ETF沽12月5500,0.0,0.0,0.0,0.0,20,0.0601,0.0611,20,0.0594,0.0604,0.0,0.0,0.0,0.0,458
2023-05-10 09:33:21,OP90002169,中证500ETF沽12月5500,0.0,0.0,0.0,0.0,15,0.0602,0.061,10,0.0594,0.0604,0.0,0.0,0.0,0.0,458
2023-05-10 09:33:21,OP90002169,中证500ETF沽12月5500,0.0,0.0,0.0,0.0,15,0.0602,0.0611,20,0.0594,0.0604,0.0,0.0,0.0,0.0,458
2023-05-10 09:33:22,OP90002169,中证500ETF沽12月5500,0.0,0.0,0.0,0.0,35,0.0602,0.0612,20,0.0594,0.0604,0.0,0.0,0.0,0.0,458
2023-05-10 09:33:22,OP90002169,中证500ETF沽12月5500,0.0,0.0,0.0,0.0,15,0.0602,0.0613,20,0.0594,0.0604,0.0,0.0,0.0,0.0,458
2023-05-10 09:33:23,OP90002169,中证500ETF沽12月5500,0.0,0.0,0.0,0.0,15,0.0602,0.0613,20,0.0594,0.0604,0.0,0.0,0.0,0.0,458
2023-05-10 09:33:23,OP90002169,中证500ETF沽12月5500,0.0,0.0,0.0,0.0,15,0.0602,0.0613,20,0.0594,0.0604,0.0,0.0,0.0,0.0,458
2023-05-10 09:33:24,OP90002169,中证500ETF沽12月5500,0.0,0.0,0.0,0.0,15,0.0602,0.0613,20,0.0594,0.0604,0.0,0.0,0.0,0.0,458
2023-05-10 09:33:24,OP90002169,中证500ETF沽12月5500,0.0,0.0,0.0,0.0,15,0.0602,0.0613,20,0.0594,0.0604,0.0,0.0,0.0,0.0,458
2023-05-10 09:33:25,OP90002169,中证500ETF沽12月5500,0.0,0.0,0.0,0.0,15,0.0602,0.0613,20,0.0594,0.0604,0.0,0.0,0.0,0.0,458
2023-05-10 09:33:25,OP90002169,中证500ETF沽12月5500,0.0,0.0,0.0,0.0,15,0.0602,0.0613,20,0.0594,0.0604,0.0,0.0,0.0,0.0,458
2023-05-10 09:33:26,OP90002169,中证500ETF沽12月5500,0.0,0.0,0.0,0.0,15,0.0602,0.0613,20,0.0594,0.0604,0.0,0.0,0.0,0.0,458
2023-05-10 09:33:26,OP90002169,中证500ETF沽12月5500,0.0,0.0,0.0,0.0,20,0.0603,0.0613,20,0.0594,0.0604,0.0,0.0,0.0,0.0,458
2023-05-10 09:33:27,OP90002169,中证500ETF沽12月5500,0.0,0.0,0.0,0.0,15,0.0604,0.0613,20,0.0594,0.0604,0.0,0.0,0.0,0.0,458
2023-05-10 09:33:27,OP90002169,中证500ETF沽12月5500,0.0,0.0,0.0,0.0,15,0.0604,0.0613,20,0.0594,0.0604,0.0,0.0,0.0,0.0,458
2023-05-10 09:33:28,OP90002169,中证500ETF沽12月5500,0.0604,1.0,604.0,0.0,14,0.0604,0.0613,20,0.0594,0.0604,0.0604,0.0604,1.0,604.0,458
2023-05-10 09:33:28,OP90002169,中证500ETF沽12月5500,0.0604,0.0,0.0,0.0,14,0.0604,0.0613,20,0.0594,0.0604,0.0604,0.0604,1.0,604.0,458
2023-05-10 09:33:29,OP90002169,中证500ETF沽12月5500,0.0604,0.0,0.0,0.0,14,0.0604,0.0613,20,0.0594,0.0604,0.0604,0.0604,1.0,604.0,458
2023-05-10 09:33:29,OP90002169,中证500ETF沽12月5500,0.0604,0.0,0.0,0.0,20,0.0599,0.0613,20,0.0594,0.0604,0.0604,0.0604,1.0,604.0,458
2023-05-10 09:33:30,OP90002169,中证500ETF沽12月5500,0.0604,0.0,0.0,0.0,15,0.06,0.0613,20,0.0594,0.0604,0.0604,0.0604,1.0,604.0,458
2023-05-10 09:33:30,OP90002169,中证500ETF沽12月5500,0.0604,0.0,0.0,0.0,15,0.06,0.0613,20,0.0594,0.0604,0.0604,0.0604,1.0,604.0,458
2023-05-10 09:33:31,OP90002169,中证500ETF沽12月5500,0.0604,0.0,0.0,0.0,15,0.06,0.0613,20,0.0594,0.0604,0.0604,0.0604,1.0,604.0,458
2023-05-10 09:33:31,OP90002169,中证500ETF沽12月5500,0.0604,0.0,0.0,0.0,20,0.0601,0.0614,10,0.0594,0.0604,0.0604,0.0604,1.0,604.0,458
2023-05-10 09:33:32,OP90002169,中证500ETF沽12月5500,0.0604,0.0,0.0,0.0,15,0.0602,0.0614,10,0.0594,0.0604,0.0604,0.0604,1.0,604.0,458
2023-05-10 09:33:32,OP90002169,中证500ETF沽12月5500,0.0604,0.0,0.0,0.0,15,0.0602,0.0613,20,0.0594,0.0604,0.0604,0.0604,1.0,604.0,458
2023-05-10 09:33:33,OP90002169,中证500ETF沽12月5500,0.0604,0.0,0.0,0.0,15,0.0602,0.0613,20,0.0594,0.0604,0.0604,0.0604,1.0,604.0,458
2023-05-10 09:33:34,OP90002169,中证500ETF沽12月5500,0.0604,0.0,0.0,0.0,20,0.0603,0.0613,20,0.0594,0.0604,0.0604,0.0604,1.0,604.0,458
2023-05-10 09:33:34,OP90002169,中证500ETF沽12月5500,0.0604,0.0,0.0,0.0,15,0.0604,0.0614,10,0.0594,0.0604,0.0604,0.0604,1.0,604.0,458
2023-05-10 09:33:35,OP90002169,中证500ETF沽12月5500,0.0604,0.0,0.0,0.0,35,0.0604,0.0614,30,0.0594,0.0604,0.0604,0.0604,1.0,604.0,458
2023-05-10 09:33:35,OP90002169,中证500ETF沽12月5500,0.0604,0.0,0.0,0.0,35,0.0604,0.0614,20,0.0594,0.0604,0.0604,0.0604,1.0,604.0,458
2023-05-10 09:33:36,OP90002169,中证500ETF沽12月5500,0.0604,0.0,0.0,0.0,15,0.0604,0.0613,10,0.0594,0.0604,0.0604,0.0604,1.0,604.0,458
2023-05-10 09:33:36,OP90002169,中证500ETF沽12月5500,0.0604,0.0,0.0,0.0,35,0.0604,0.0616,20,0.0594,0.0604,0.0604,0.0604,1.0,604.0,458
2023-05-10 09:33:37,OP90002169,中证500ETF沽12月5500,0.0604,0.0,0.0,0.0,35,0.0604,0.0615,10,0.0594,0.0604,0.0604,0.0604,1.0,604.0,458
2023-05-10 09:33:37,OP90002169,中证500ETF沽12月5500,0.0604,0.0,0.0,0.0,20,0.0605,0.0615,30,0.0594,0.0604,0.0604,0.0604,1.0,604.0,458
2023-05-10 09:33:38,OP90002169,中证500ETF沽12月5500,0.0604,0.0,0.0,0.0,15,0.0606,0.0615,20,0.0594,0.0604,0.0604,0.0604,1.0,604.0,458
2023-05-10 09:33:38,OP90002169,中证500ETF沽12月5500,0.0604,0.0,0.0,0.0,15,0.0606,0.0614,10,0.0594,0.0604,0.0604,0.0604,1.0,604.0,458
2023-05-10 09:33:39,OP90002169,中证500ETF沽12月5500,0.0604,0.0,0.0,0.0,35,0.0606,0.0616,20,0.0594,0.0604,0.0604,0.0604,1.0,604.0,458
2023-05-10 09:33:39,OP90002169,中证500ETF沽12月5500,0.0604,0.0,0.0,0.0,35,0.0606,0.0615,10,0.0594,0.0604,0.0604,0.0604,1.0,604.0,458
2023-05-10 09:33:40,OP90002169,中证500ETF沽12月5500,0.0604,0.0,0.0,0.0,35,0.0606,0.0615,10,0.0594,0.0604,0.0604,0.0604,1.0,604.0,458
2023-05-10 09:33:40,OP90002169,中证500ETF沽12月5500,0.0604,0.0,0.0,0.0,35,0.0606,0.0615,10,0.0594,0.0604,0.0604,0.0604,1.0,604.0,458
2023-05-10 09:33:41,OP90002169,中证500ETF沽12月5500,0.0604,0.0,0.0,0.0,35,0.0606,0.0615,10,0.0594,0.0604,0.0604,0.0604,1.0,604.0,458
2023-05-10 09:33:41,OP90002169,中证500ETF沽12月5500,0.0604,0.0,0.0,0.0,15,0.0606,0.0615,30,0.0594,0.0604,0.0604,0.0604,1.0,604.0,458
2023-05-10 09:33:42,OP90002169,中证500ETF沽12月5500,0.0604,0.0,0.0,0.0,15,0.0606,0.0615,20,0.0594,0.0604,0.0604,0.0604,1.0,604.0,458
2023-05-10 09:33:42,OP90002169,中证500ETF沽12月5500,0.0604,0.0,0.0,0.0,15,0.0606,0.0614,20,0.0594,0.0604,0.0604,0.0604,1.0,604.0,458
2023-05-10 09:33:43,OP90002169,中证500ETF沽12月5500,0.0604,0.0,0.0,0.0,15,0.0606,0.0617,30,0.0594,0.0604,0.0604,0.0604,1.0,604.0,458
2023-05-10 09:33:43,OP90002169,中证500ETF沽12月5500,0.0604,0.0,0.0,0.0,15,0.0606,0.0616,20,0.0594,0.0604,0.0604,0.0604,1.0,604.0,458
2023-05-10 09:33:44,OP90002169,中证500ETF沽12月5500,0.0604,0.0,0.0,0.0,40,0.0602,0.0615,10,0.0594,0.0604,0.0604,0.0604,1.0,604.0,458
2023-05-10 09:33:44,OP90002169,中证500ETF沽12月5500,0.0604,0.0,0.0,0.0,35,0.0603,0.0615,20,0.0594,0.0604,0.0604,0.0604,1.0,604.0,458
2023-05-10 09:33:45,OP90002169,中证500ETF沽12月5500,0.0604,0.0,0.0,0.0,20,0.0604,0.0614,30,0.0594,0.0604,0.0604,0.0604,1.0,604.0,458
2023-05-10 09:33:45,OP90002169,中证500ETF沽12月5500,0.0604,0.0,0.0,0.0,15,0.0605,0.0614,20,0.0594,0.0604,0.0604,0.0604,1.0,604.0,458
2023-05-10 09:33:46,OP90002169,中证500ETF沽12月5500,0.0604,0.0,0.0,0.0,15,0.0605,0.0617,20,0.0594,0.0604,0.0604,0.0604,1.0,604.0,458
2023-05-10 09:33:46,OP90002169,中证500ETF沽12月5500,0.0604,0.0,0.0,0.0,15,0.0605,0.0617,20,0.0594,0.0604,0.0604,0.0604,1.0,604.0,458
2023-05-10 09:33:47,OP90002169,中证500ETF沽12月5500,0.0604,0.0,0.0,0.0,15,0.0605,0.0617,20,0.0594,0.0604,0.0604,0.0604,1.0,604.0,458
2023-05-10 09:33:47,OP90002169,中证500ETF沽12月5500,0.0604,0.0,0.0,0.0,15,0.0605,0.0617,20,0.0594,0.0604,0.0604,0.0604,1.0,604.0,458
2023-05-10 09:33:48,OP90002169,中证500ETF沽12月5500,0.0604,0.0,0.0,0.0,15,0.0605,0.0617,20,0.0594,0.0604,0.0604,0.0604,1.0,604.0,458
2023-05-10 09:33:48,OP90002169,中证500ETF沽12月5500,0.0604,0.0,0.0,0.0,15,0.0605,0.0617,20,0.0594,0.0604,0.0604,0.0604,1.0,604.0,458
2023-05-10 09:33:49,OP90002169,中证500ETF沽12月5500,0.0604,0.0,0.0,0.0,15,0.0605,0.061,1,0.0594,0.0604,0.0604,0.0604,1.0,604.0,458
2023-05-10 09:33:49,OP90002169,中证500ETF沽12月5500,0.0604,0.0,0.0,0.0,20,0.0605,0.061,1,0.0594,0.0604,0.0604,0.0604,1.0,604.0,458
2023-05-10 09:33:50,OP90002169,中证500ETF沽12月5500,0.0604,0.0,0.0,0.0,20,0.0606,0.061,1,0.0594,0.0604,0.0604,0.0604,1.0,604.0,458
2023-05-10 09:33:50,OP90002169,中证500ETF沽12月5500,0.0604,0.0,0.0,0.0,20,0.0602,0.061,1,0.0594,0.0604,0.0604,0.0604,1.0,604.0,458
2023-05-10 09:33:51,OP90002169,中证500ETF沽12月5500,0.0604,0.0,0.0,0.0,20,0.0601,0.061,1,0.0594,0.0604,0.0604,0.0604,1.0,604.0,458
2023-05-10 09:33:51,OP90002169,中证500ETF沽12月5500,0.0604,0.0,0.0,0.0,35,0.0601,0.061,1,0.0594,0.0604,0.0604,0.0604,1.0,604.0,458
2023-05-10 09:33:52,OP90002169,中证500ETF沽12月5500,0.0604,0.0,0.0,0.0,20,0.0602,0.061,1,0.0594,0.0604,0.0604,0.0604,1.0,604.0,458
2023-05-10 09:33:52,OP90002169,中证500ETF沽12月5500,0.0604,0.0,0.0,0.0,35,0.0602,0.061,1,0.0594,0.0604,0.0604,0.0604,1.0,604.0,458
2023-05-10 09:33:53,OP90002169,中证500ETF沽12月5500,0.0604,0.0,0.0,0.0,20,0.0603,0.061,1,0.0594,0.0604,0.0604,0.0604,1.0,604.0,458
2023-05-10 09:33:53,OP90002169,中证500ETF沽12月5500,0.0604,0.0,0.0,0.0,20,0.0603,0.061,1,0.0594,0.0604,0.0604,0.0604,1.0,604.0,458
2023-05-10 09:33:54,OP90002169,中证500ETF沽12月5500,0.0604,0.0,0.0,0.0,20,0.0603,0.061,1,0.0594,0.0604,0.0604,0.0604,1.0,604.0,458
2023-05-10 09:33:54,OP90002169,中证500ETF沽12月5500,0.0604,0.0,0.0,0.0,20,0.06,0.061,1,0.0594,0.0604,0.0604,0.0604,1.0,604.0,458
2023-05-10 09:33:55,OP90002169,中证500ETF沽12月5500,0.0604,0.0,0.0,0.0,20,0.06,0.061,1,0.0594,0.0604,0.0604,0.0604,1.0,604.0,458
2023-05-10 09:33:55,OP90002169,中证500ETF沽12月5500,0.0604,0.0,0.0,0.0,20,0.06,0.061,1,0.0594,0.0604,0.0604,0.0604,1.0,604.0,458
2023-05-10 09:33:56,OP90002169,中证500ETF沽12月5500,0.0604,0.0,0.0,0.0,20,0.06,0.061,1,0.0594,0.0604,0.0604,0.0604,1.0,604.0,458
2023-05-10 09:33:56,OP90002169,中证500ETF沽12月5500,0.0604,0.0,0.0,0.0,20,0.06,0.061,1,0.0594,0.0604,0.0604,0.0604,1.0,604.0,458
2023-05-10 09:33:57,OP90002169,中证500ETF沽12月5500,0.0604,0.0,0.0,0.0,20,0.06,0.061,1,0.0594,0.0604,0.0604,0.0604,1.0,604.0,458
2023-05-10 09:33:57,OP90002169,中证500ETF沽12月5500,0.0604,0.0,0.0,0.0,20,0.06,0.061,1,0.0594,0.0604,0.0604,0.0604,1.0,604.0,458
2023-05-10 09:33:58,OP90002169,中证500ETF沽12月5500,0.0604,0.0,0.0,0.0,20,0.06,0.061,1,0.0594,0.0604,0.0604,0.0604,1.0,604.0,458
2023-05-10 09:33:58,OP90002169,中证500ETF沽12月5500,0.0604,0.0,0.0,0.0,20,0.06,0.061,1,0.0594,0.0604,0.0604,0.0604,1.0,604.0,458
2023-05-10 09:33:59,OP90002169,中证500ETF沽12月5500,0.0604,0.0,0.0,0.0,35,0.06,0.061,1,0.0594,0.0604,0.0604,0.0604,1.0,604.0,458
2023-05-10 09:33:59,OP90002169,中证500ETF沽12月5500,0.0604,0.0,0.0,0.0,20,0.0601,0.061,1,0.0594,0.0604,0.0604,0.0604,1.0,604.0,458
2023-05-10 09:34:00,OP90002169,中证500ETF沽12月5500,0.0604,0.0,0.0,0.0,20,0.0601,0.061,1,0.0594,0.0604,0.0604,0.0604,1.0,604.0,458
2023-05-10 09:34:00,OP90002169,中证500ETF沽12月5500,0.0604,0.0,0.0,0.0,35,0.0601,0.061,1,0.0594,0.0604,0.0604,0.0604,1.0,604.0,458
2023-05-10 09:34:01,OP90002169,中证500ETF沽12月5500,0.0604,0.0,0.0,0.0,20,0.0602,0.061,1,0.0594,0.0604,0.0604,0.0604,1.0,604.0,458
2023-05-10 09:34:01,OP90002169,中证500ETF沽12月5500,0.0604,0.0,0.0,0.0,20,0.0602,0.061,1,0.0594,0.0604,0.0604,0.0604,1.0,604.0,458
2023-05-10 09:34:02,OP90002169,中证500ETF沽12月5500,0.0604,0.0,0.0,0.0,20,0.0602,0.061,1,0.0594,0.0604,0.0604,0.0604,1.0,604.0,458
2023-05-10 09:34:02,OP90002169,中证500ETF沽12月5500,0.0604,0.0,0.0,0.0,20,0.0599,0.061,1,0.0594,0.0604,0.0604,0.0604,1.0,604.0,458
2023-05-10 09:34:03,OP90002169,中证500ETF沽12月5500,0.0604,0.0,0.0,0.0,15,0.06,0.061,1,0.0594,0.0604,0.0604,0.0604,1.0,604.0,458
2023-05-10 09:34:03,OP90002169,中证500ETF沽12月5500,0.0604,0.0,0.0,0.0,20,0.0601,0.061,1,0.0594,0.0604,0.0604,0.0604,1.0,604.0,458
2023-05-10 09:34:04,OP90002169,中证500ETF沽12月5500,0.0604,0.0,0.0,0.0,15,0.0602,0.061,1,0.0594,0.0604,0.0604,0.0604,1.0,604.0,458
2023-05-10 09:34:04,OP90002169,中证500ETF沽12月5500,0.0604,0.0,0.0,0.0,20,0.0603,0.061,1,0.0594,0.0604,0.0604,0.0604,1.0,604.0,458
2023-05-10 09:34:05,OP90002169,中证500ETF沽12月5500,0.0604,0.0,0.0,0.0,20,0.0603,0.061,1,0.0594,0.0604,0.0604,0.0604,1.0,604.0,458
2023-05-10 09:34:05,OP90002169,中证500ETF沽12月5500,0.0604,0.0,0.0,0.0,20,0.0604,0.061,1,0.0594,0.0604,0.0604,0.0604,1.0,604.0,458
2023-05-10 09:34:06,OP90002169,中证500ETF沽12月5500,0.0604,0.0,0.0,0.0,20,0.0599,0.061,1,0.0594,0.0604,0.0604,0.0604,1.0,604.0,458
2023-05-10 09:34:06,OP90002169,中证500ETF沽12月5500,0.0604,0.0,0.0,0.0,15,0.06,0.061,1,0.0594,0.0604,0.0604,0.0604,1.0,604.0,458
2023-05-10 09:34:07,OP90002169,中证500ETF沽12月5500,0.0604,0.0,0.0,0.0,20,0.0601,0.061,1,0.0594,0.0604,0.0604,0.0604,1.0,604.0,458
2023-05-10 09:34:07,OP90002169,中证500ETF沽12月5500,0.0604,0.0,0.0,0.0,20,0.0601,0.061,1,0.0594,0.0604,0.0604,0.0604,1.0,604.0,458
2023-05-10 09:34:08,OP90002169,中证500ETF沽12月5500,0.0604,0.0,0.0,0.0,20,0.0601,0.061,1,0.0594,0.0604,0.0604,0.0604,1.0,604.0,458
2023-05-10 09:34:08,OP90002169,中证500ETF沽12月5500,0.0604,0.0,0.0,0.0,20,0.0601,0.061,1,0.0594,0.0604,0.0604,0.0604,1.0,604.0,458
2023-05-10 09:34:09,OP90002169,中证500ETF沽12月5500,0.0604,0.0,0.0,0.0,20,0.0601,0.061,1,0.0594,0.0604,0.0604,0.0604,1.0,604.0,458
2023-05-10 09:34:09,OP90002169,中证500ETF沽12月5500,0.0604,0.0,0.0,0.0,20,0.0601,0.061,1,0.0594,0.0604,0.0604,0.0604,1.0,604.0,458
2023-05-10 09:34:10,OP90002169,中证500ETF沽12月5500,0.0604,0.0,0.0,0.0,35,0.0601,0.061,1,0.0594,0.0604,0.0604,0.0604,1.0,604.0,458
2023-05-10 09:34:10,OP90002169,中证500ETF沽12月5500,0.0604,0.0,0.0,0.0,20,0.0602,0.061,1,0.0594,0.0604,0.0604,0.0604,1.0,604.0,458
2023-05-10 09:34:11,OP90002169,中证500ETF沽12月5500,0.0604,0.0,0.0,0.0,20,0.0602,0.061,1,0.0594,0.0604,0.0604,0.0604,1.0,604.0,458
2023-05-10 09:34:11,OP90002169,中证500ETF沽12月5500,0.0604,0.0,0.0,0.0,20,0.0603,0.061,1,0.0594,0.0604,0.0604,0.0604,1.0,604.0,458
2023-05-10 09:34:12,OP90002169,中证500ETF沽12月5500,0.0604,0.0,0.0,0.0,30,0.0598,0.061,1,0.0594,0.0604,0.0604,0.0604,1.0,604.0,458
2023-05-10 09:34:12,OP90002169,中证500ETF沽12月5500,0.0604,0.0,0.0,0.0,35,0.0599,0.061,1,0.0594,0.0604,0.0604,0.0604,1.0,604.0,458
2023-05-10 09:34:13,OP90002169,中证500ETF沽12月5500,0.0604,0.0,0.0,0.0,20,0.06,0.061,1,0.0594,0.0604,0.0604,0.0604,1.0,604.0,458
2023-05-10 09:34:13,OP90002169,中证500ETF沽12月5500,0.0604,0.0,0.0,0.0,15,0.0601,0.061,1,0.0594,0.0604,0.0604,0.0604,1.0,604.0,458
2023-05-10 09:34:14,OP90002169,中证500ETF沽12月5500,0.0604,0.0,0.0,0.0,20,0.0602,0.061,1,0.0594,0.0604,0.0604,0.0604,1.0,604.0,458
2023-05-10 09:34:14,OP90002169,中证500ETF沽12月5500,0.0604,0.0,0.0,0.0,20,0.0602,0.061,1,0.0594,0.0604,0.0604,0.0604,1.0,604.0,458
2023-05-10 09:34:15,OP90002169,中证500ETF沽12月5500,0.0604,0.0,0.0,0.0,20,0.0602,0.061,1,0.0594,0.0604,0.0604,0.0604,1.0,604.0,458
2023-05-10 09:34:15,OP90002169,中证500ETF沽12月5500,0.0604,0.0,0.0,0.0,20,0.0602,0.061,1,0.0594,0.0604,0.0604,0.0604,1.0,604.0,458
2023-05-10 09:34:16,OP90002169,中证500ETF沽12月5500,0.0604,0.0,0.0,0.0,20,0.0602,0.061,1,0.0594,0.0604,0.0604,0.0604,1.0,604.0,458
2023-05-10 09:34:16,OP90002169,中证500ETF沽12月5500,0.0604,0.0,0.0,0.0,35,0.0602,0.061,1,0.0594,0.0604,0.0604,0.0604,1.0,604.0,458
2023-05-10 09:34:17,OP90002169,中证500ETF沽12月5500,0.0604,0.0,0.0,0.0,20,0.0603,0.061,1,0.0594,0.0604,0.0604,0.0604,1.0,604.0,458
2023-05-10 09:34:17,OP90002169,中证500ETF沽12月5500,0.0604,0.0,0.0,0.0,20,0.0599,0.061,1,0.0594,0.0604,0.0604,0.0604,1.0,604.0,458
2023-05-10 09:34:18,OP90002169,中证500ETF沽12月5500,0.0604,0.0,0.0,0.0,15,0.06,0.061,1,0.0594,0.0604,0.0604,0.0604,1.0,604.0,458
2023-05-10 09:34:18,OP90002169,中证500ETF沽12月5500,0.0604,0.0,0.0,0.0,20,0.0601,0.061,1,0.0594,0.0604,0.0604,0.0604,1.0,604.0,458
2023-05-10 09:34:19,OP90002169,中证500ETF沽12月5500,0.0604,0.0,0.0,0.0,35,0.0601,0.061,1,0.0594,0.0604,0.0604,0.0604,1.0,604.0,458
2023-05-10 09:34:20,OP90002169,中证500ETF沽12月5500,0.0604,0.0,0.0,0.0,35,0.0602,0.061,1,0.0594,0.0604,0.0604,0.0604,1.0,604.0,458
2023-05-10 09:34:20,OP90002169,中证500ETF沽12月5500,0.0604,0.0,0.0,0.0,20,0.0603,0.061,1,0.0594,0.0604,0.0604,0.0604,1.0,604.0,458
2023-05-10 09:34:21,OP90002169,中证500ETF沽12月5500,0.0604,0.0,0.0,0.0,20,0.0603,0.061,1,0.0594,0.0604,0.0604,0.0604,1.0,604.0,458
2023-05-10 09:34:21,OP90002169,中证500ETF沽12月5500,0.0604,0.0,0.0,0.0,20,0.0599,0.061,1,0.0594,0.0604,0.0604,0.0604,1.0,604.0,458
2023-05-10 09:34:22,OP90002169,中证500ETF沽12月5500,0.0604,0.0,0.0,0.0,15,0.06,0.061,1,0.0594,0.0604,0.0604,0.0604,1.0,604.0,458
2023-05-10 09:34:22,OP90002169,中证500ETF沽12月5500,0.0604,0.0,0.0,0.0,20,0.0601,0.061,1,0.0594,0.0604,0.0604,0.0604,1.0,604.0,458
2023-05-10 09:34:23,OP90002169,中证500ETF沽12月5500,0.0604,0.0,0.0,0.0,15,0.0602,0.061,1,0.0594,0.0604,0.0604,0.0604,1.0,604.0,458
2023-05-10 09:34:23,OP90002169,中证500ETF沽12月5500,0.0604,0.0,0.0,0.0,20,0.0603,0.061,1,0.0594,0.0604,0.0604,0.0604,1.0,604.0,458
2023-05-10 09:34:24,OP90002169,中证500ETF沽12月5500,0.0604,0.0,0.0,0.0,20,0.0604,0.061,1,0.0594,0.0604,0.0604,0.0604,1.0,604.0,458
2023-05-10 09:34:24,OP90002169,中证500ETF沽12月5500,0.0604,0.0,0.0,0.0,20,0.0599,0.061,1,0.0594,0.0604,0.0604,0.0604,1.0,604.0,458
2023-05-10 09:34:25,OP90002169,中证500ETF沽12月5500,0.0604,0.0,0.0,0.0,15,0.06,0.061,1,0.0594,0.0604,0.0604,0.0604,1.0,604.0,458
2023-05-10 09:34:25,OP90002169,中证500ETF沽12月5500,0.0604,0.0,0.0,0.0,20,0.0601,0.061,1,0.0594,0.0604,0.0604,0.0604,1.0,604.0,458
2023-05-10 09:34:26,OP90002169,中证500ETF沽12月5500,0.0604,0.0,0.0,0.0,35,0.0601,0.061,1,0.0594,0.0604,0.0604,0.0604,1.0,604.0,458
2023-05-10 09:34:26,OP90002169,中证500ETF沽12月5500,0.0604,0.0,0.0,0.0,20,0.0602,0.061,1,0.0594,0.0604,0.0604,0.0604,1.0,604.0,458
2023-05-10 09:34:27,OP90002169,中证500ETF沽12月5500,0.0604,0.0,0.0,0.0,30,0.0597,0.061,1,0.0594,0.0604,0.0604,0.0604,1.0,604.0,458
2023-05-10 09:34:27,OP90002169,中证500ETF沽12月5500,0.0604,0.0,0.0,0.0,20,0.0598,0.061,1,0.0594,0.0604,0.0604,0.0604,1.0,604.0,458
2023-05-10 09:34:28,OP90002169,中证500ETF沽12月5500,0.0604,0.0,0.0,0.0,20,0.0597,0.061,1,0.0594,0.0604,0.0604,0.0604,1.0,604.0,458
2023-05-10 09:34:28,OP90002169,中证500ETF沽12月5500,0.0604,0.0,0.0,0.0,35,0.0597,0.061,1,0.0594,0.0604,0.0604,0.0604,1.0,604.0,458
2023-05-10 09:34:29,OP90002169,中证500ETF沽12月5500,0.0604,0.0,0.0,0.0,20,0.0598,0.061,1,0.0594,0.0604,0.0604,0.0604,1.0,604.0,458
2023-05-10 09:34:29,OP90002169,中证500ETF沽12月5500,0.0604,0.0,0.0,0.0,35,0.0598,0.061,1,0.0594,0.0604,0.0604,0.0604,1.0,604.0,458
2023-05-10 09:34:30,OP90002169,中证500ETF沽12月5500,0.0604,0.0,0.0,0.0,20,0.0599,0.061,1,0.0594,0.0604,0.0604,0.0604,1.0,604.0,458
2023-05-10 09:34:30,OP90002169,中证500ETF沽12月5500,0.0604,0.0,0.0,0.0,35,0.0599,0.061,1,0.0594,0.0604,0.0604,0.0604,1.0,604.0,458
2023-05-10 09:34:31,OP90002169,中证500ETF沽12月5500,0.0604,0.0,0.0,0.0,20,0.06,0.061,1,0.0594,0.0604,0.0604,0.0604,1.0,604.0,458
2023-05-10 09:34:31,OP90002169,中证500ETF沽12月5500,0.0604,0.0,0.0,0.0,20,0.06,0.061,1,0.0594,0.0604,0.0604,0.0604,1.0,604.0,458
2023-05-10 09:34:32,OP90002169,中证500ETF沽12月5500,0.0604,0.0,0.0,0.0,35,0.06,0.061,1,0.0594,0.0604,0.0604,0.0604,1.0,604.0,458
2023-05-10 09:34:32,OP90002169,中证500ETF沽12月5500,0.0604,0.0,0.0,0.0,20,0.0601,0.061,1,0.0594,0.0604,0.0604,0.0604,1.0,604.0,458
2023-05-10 09:34:33,OP90002169,中证500ETF沽12月5500,0.0604,0.0,0.0,0.0,20,0.0601,0.061,1,0.0594,0.0604,0.0604,0.0604,1.0,604.0,458
2023-05-10 09:34:33,OP90002169,中证500ETF沽12月5500,0.0604,0.0,0.0,0.0,20,0.0598,0.061,1,0.0594,0.0604,0.0604,0.0604,1.0,604.0,458
2023-05-10 09:34:34,OP90002169,中证500ETF沽12月5500,0.0604,0.0,0.0,0.0,15,0.0599,0.061,1,0.0594,0.0604,0.0604,0.0604,1.0,604.0,458
2023-05-10 09:34:34,OP90002169,中证500ETF沽12月5500,0.0604,0.0,0.0,0.0,20,0.06,0.061,1,0.0594,0.0604,0.0604,0.0604,1.0,604.0,458
2023-05-10 09:34:35,OP90002169,中证500ETF沽12月5500,0.0604,0.0,0.0,0.0,20,0.06,0.061,1,0.0594,0.0604,0.0604,0.0604,1.0,604.0,458
2023-05-10 09:34:35,OP90002169,中证500ETF沽12月5500,0.0604,0.0,0.0,0.0,20,0.0601,0.061,1,0.0594,0.0604,0.0604,0.0604,1.0,604.0,458
2023-05-10 09:34:36,OP90002169,中证500ETF沽12月5500,0.0604,0.0,0.0,0.0,20,0.0601,0.061,1,0.0594,0.0604,0.0604,0.0604,1.0,604.0,458
2023-05-10 09:34:36,OP90002169,中证500ETF沽12月5500,0.0604,0.0,0.0,0.0,20,0.0601,0.061,1,0.0594,0.0604,0.0604,0.0604,1.0,604.0,458
2023-05-10 09:34:37,OP90002169,中证500ETF沽12月5500,0.0604,0.0,0.0,0.0,20,0.0601,0.061,1,0.0594,0.0604,0.0604,0.0604,1.0,604.0,458
2023-05-10 09:34:37,OP90002169,中证500ETF沽12月5500,0.0604,0.0,0.0,0.0,20,0.0601,0.061,1,0.0594,0.0604,0.0604,0.0604,1.0,604.0,458
2023-05-10 09:34:38,OP90002169,中证500ETF沽12月5500,0.0604,0.0,0.0,0.0,35,0.0601,0.061,1,0.0594,0.0604,0.0604,0.0604,1.0,604.0,458
2023-05-10 09:34:38,OP90002169,中证500ETF沽12月5500,0.0604,0.0,0.0,0.0,20,0.0602,0.061,1,0.0594,0.0604,0.0604,0.0604,1.0,604.0,458
2023-05-10 09:34:39,OP90002169,中证500ETF沽12月5500,0.0604,0.0,0.0,0.0,20,0.0603,0.061,1,0.0594,0.0604,0.0604,0.0604,1.0,604.0,458
2023-05-10 09:34:39,OP90002169,中证500ETF沽12月5500,0.0604,0.0,0.0,0.0,20,0.0604,0.061,1,0.0594,0.0604,0.0604,0.0604,1.0,604.0,458
2023-05-10 09:34:40,OP90002169,中证500ETF沽12月5500,0.0604,0.0,0.0,0.0,20,0.0598,0.061,1,0.0594,0.0604,0.0604,0.0604,1.0,604.0,458
2023-05-10 09:34:40,OP90002169,中证500ETF沽12月5500,0.0604,0.0,0.0,0.0,35,0.0599,0.061,1,0.0594,0.0604,0.0604,0.0604,1.0,604.0,458
2023-05-10 09:34:41,OP90002169,中证500ETF沽12月5500,0.0604,0.0,0.0,0.0,20,0.06,0.061,1,0.0594,0.0604,0.0604,0.0604,1.0,604.0,458
2023-05-10 09:34:41,OP90002169,中证500ETF沽12月5500,0.0604,0.0,0.0,0.0,15,0.0601,0.061,1,0.0594,0.0604,0.0604,0.0604,1.0,604.0,458
2023-05-10 09:34:42,OP90002169,中证500ETF沽12月5500,0.0604,0.0,0.0,0.0,20,0.0602,0.061,1,0.0594,0.0604,0.0604,0.0604,1.0,604.0,458
2023-05-10 09:34:42,OP90002169,中证500ETF沽12月5500,0.0604,0.0,0.0,0.0,20,0.0603,0.061,1,0.0594,0.0604,0.0604,0.0604,1.0,604.0,458
2023-05-10 09:34:43,OP90002169,中证500ETF沽12月5500,0.0604,0.0,0.0,0.0,10,0.0598,0.061,1,0.0594,0.0604,0.0604,0.0604,1.0,604.0,458
2023-05-10 09:34:43,OP90002169,中证500ETF沽12月5500,0.0604,0.0,0.0,0.0,35,0.0599,0.061,1,0.0594,0.0604,0.0604,0.0604,1.0,604.0,458
2023-05-10 09:34:44,OP90002169,中证500ETF沽12月5500,0.0604,0.0,0.0,0.0,20,0.06,0.061,1,0.0594,0.0604,0.0604,0.0604,1.0,604.0,458
2023-05-10 09:34:44,OP90002169,中证500ETF沽12月5500,0.0604,0.0,0.0,0.0,15,0.0601,0.061,1,0.0594,0.0604,0.0604,0.0604,1.0,604.0,458
2023-05-10 09:34:45,OP90002169,中证500ETF沽12月5500,0.0604,0.0,0.0,0.0,20,0.0602,0.061,1,0.0594,0.0604,0.0604,0.0604,1.0,604.0,458
2023-05-10 09:34:45,OP90002169,中证500ETF沽12月5500,0.0604,0.0,0.0,0.0,35,0.0602,0.061,1,0.0594,0.0604,0.0604,0.0604,1.0,604.0,458
2023-05-10 09:34:46,OP90002169,中证500ETF沽12月5500,0.0604,0.0,0.0,0.0,20,0.0603,0.061,1,0.0594,0.0604,0.0604,0.0604,1.0,604.0,458
2023-05-10 09:34:46,OP90002169,中证500ETF沽12月5500,0.0604,0.0,0.0,0.0,35,0.0603,0.061,1,0.0594,0.0604,0.0604,0.0604,1.0,604.0,458
2023-05-10 09:34:47,OP90002169,中证500ETF沽12月5500,0.0604,0.0,0.0,0.0,20,0.0604,0.061,1,0.0594,0.0604,0.0604,0.0604,1.0,604.0,458
2023-05-10 09:34:47,OP90002169,中证500ETF沽12月5500,0.0604,0.0,0.0,0.0,20,0.0604,0.061,1,0.0594,0.0604,0.0604,0.0604,1.0,604.0,458
2023-05-10 09:34:48,OP90002169,中证500ETF沽12月5500,0.0604,0.0,0.0,0.0,20,0.0604,0.061,1,0.0594,0.0604,0.0604,0.0604,1.0,604.0,458
2023-05-10 09:34:48,OP90002169,中证500ETF沽12月5500,0.0604,0.0,0.0,0.0,20,0.0605,0.061,1,0.0594,0.0604,0.0604,0.0604,1.0,604.0,458
2023-05-10 09:34:49,OP90002169,中证500ETF沽12月5500,0.0604,0.0,0.0,0.0,20,0.0606,0.061,1,0.0594,0.0604,0.0604,0.0604,1.0,604.0,458
2023-05-10 09:34:49,OP90002169,中证500ETF沽12月5500,0.0604,0.0,0.0,0.0,20,0.0607,0.061,1,0.0594,0.0604,0.0604,0.0604,1.0,604.0,458
2023-05-10 09:34:50,OP90002169,中证500ETF沽12月5500,0.0604,0.0,0.0,0.0,10,0.06,0.061,1,0.0594,0.0604,0.0604,0.0604,1.0,604.0,458
2023-05-10 09:34:50,OP90002169,中证500ETF沽12月5500,0.0604,0.0,0.0,0.0,35,0.0601,0.061,1,0.0594,0.0604,0.0604,0.0604,1.0,604.0,458
2023-05-10 09:34:51,OP90002169,中证500ETF沽12月5500,0.0604,0.0,0.0,0.0,20,0.0602,0.061,1,0.0594,0.0604,0.0604,0.0604,1.0,604.0,458
2023-05-10 09:34:51,OP90002169,中证500ETF沽12月5500,0.0604,0.0,0.0,0.0,35,0.0602,0.061,1,0.0594,0.0604,0.0604,0.0604,1.0,604.0,458
2023-05-10 09:34:52,OP90002169,中证500ETF沽12月5500,0.0604,0.0,0.0,0.0,20,0.0603,0.061,1,0.0594,0.0604,0.0604,0.0604,1.0,604.0,458
2023-05-10 09:34:52,OP90002169,中证500ETF沽12月5500,0.0604,0.0,0.0,0.0,20,0.0603,0.061,1,0.0594,0.0604,0.0604,0.0604,1.0,604.0,458
2023-05-10 09:34:53,OP90002169,中证500ETF沽12月5500,0.0604,0.0,0.0,0.0,35,0.0603,0.061,1,0.0594,0.0604,0.0604,0.0604,1.0,604.0,458
2023-05-10 09:34:53,OP90002169,中证500ETF沽12月5500,0.0604,0.0,0.0,0.0,20,0.0604,0.061,1,0.0594,0.0604,0.0604,0.0604,1.0,604.0,458
2023-05-10 09:34:54,OP90002169,中证500ETF沽12月5500,0.0604,0.0,0.0,0.0,20,0.0604,0.061,1,0.0594,0.0604,0.0604,0.0604,1.0,604.0,458
2023-05-10 09:34:54,OP90002169,中证500ETF沽12月5500,0.0604,0.0,0.0,0.0,20,0.0599,0.061,1,0.0594,0.0604,0.0604,0.0604,1.0,604.0,458
2023-05-10 09:34:55,OP90002169,中证500ETF沽12月5500,0.0604,0.0,0.0,0.0,15,0.06,0.061,1,0.0594,0.0604,0.0604,0.0604,1.0,604.0,458
2023-05-10 09:34:55,OP90002169,中证500ETF沽12月5500,0.0604,0.0,0.0,0.0,20,0.0601,0.061,1,0.0594,0.0604,0.0604,0.0604,1.0,604.0,458
2023-05-10 09:34:56,OP90002169,中证500ETF沽12月5500,0.0604,0.0,0.0,0.0,15,0.0602,0.061,1,0.0594,0.0604,0.0604,0.0604,1.0,604.0,458
2023-05-10 09:34:56,OP90002169,中证500ETF沽12月5500,0.0604,0.0,0.0,0.0,20,0.0603,0.061,1,0.0594,0.0604,0.0604,0.0604,1.0,604.0,458
2023-05-10 09:34:57,OP90002169,中证500ETF沽12月5500,0.0604,0.0,0.0,0.0,20,0.0603,0.061,1,0.0594,0.0604,0.0604,0.0604,1.0,604.0,458
2023-05-10 09:34:57,OP90002169,中证500ETF沽12月5500,0.0604,0.0,0.0,0.0,20,0.0603,0.061,1,0.0594,0.0604,0.0604,0.0604,1.0,604.0,458
2023-05-10 09:34:58,OP90002169,中证500ETF沽12月5500,0.0604,0.0,0.0,0.0,35,0.0603,0.061,1,0.0594,0.0604,0.0604,0.0604,1.0,604.0,458
2023-05-10 09:34:58,OP90002169,中证500ETF沽12月5500,0.0604,0.0,0.0,0.0,20,0.0604,0.061,1,0.0594,0.0604,0.0604,0.0604,1.0,604.0,458
2023-05-10 09:34:59,OP90002169,中证500ETF沽12月5500,0.0604,0.0,0.0,0.0,20,0.0604,0.061,1,0.0594,0.0604,0.0604,0.0604,1.0,604.0,458
2023-05-10 09:34:59,OP90002169,中证500ETF沽12月5500,0.0604,0.0,0.0,0.0,20,0.0604,0.061,1,0.0594,0.0604,0.0604,0.0604,1.0,604.0,458
2023-05-10 09:35:00,OP90002169,中证500ETF沽12月5500,0.0604,0.0,0.0,0.0,20,0.0604,0.061,1,0.0594,0.0604,0.0604,0.0604,1.0,604.0,458
2023-05-10 09:35:00,OP90002169,中证500ETF沽12月5500,0.0604,0.0,0.0,0.0,20,0.0605,0.061,1,0.0594,0.0604,0.0604,0.0604,1.0,604.0,458
2023-05-10 09:35:01,OP90002169,中证500ETF沽12月5500,0.0604,0.0,0.0,0.0,20,0.0606,0.061,1,0.0594,0.0604,0.0604,0.0604,1.0,604.0,458
2023-05-10 09:35:01,OP90002169,中证500ETF沽12月5500,0.0604,0.0,0.0,0.0,20,0.06,0.061,1,0.0594,0.0604,0.0604,0.0604,1.0,604.0,458
2023-05-10 09:35:02,OP90002169,中证500ETF沽12月5500,0.0604,0.0,0.0,0.0,35,0.0601,0.061,1,0.0594,0.0604,0.0604,0.0604,1.0,604.0,458
2023-05-10 09:35:02,OP90002169,中证500ETF沽12月5500,0.0604,0.0,0.0,0.0,20,0.0602,0.061,1,0.0594,0.0604,0.0604,0.0604,1.0,604.0,458
2023-05-10 09:35:03,OP90002169,中证500ETF沽12月5500,0.0604,0.0,0.0,0.0,15,0.0603,0.061,1,0.0594,0.0604,0.0604,0.0604,1.0,604.0,458
2023-05-10 09:35:03,OP90002169,中证500ETF沽12月5500,0.0604,0.0,0.0,0.0,20,0.0604,0.061,1,0.0594,0.0604,0.0604,0.0604,1.0,604.0,458
2023-05-10 09:35:04,OP90002169,中证500ETF沽12月5500,0.0604,0.0,0.0,0.0,20,0.0604,0.061,1,0.0594,0.0604,0.0604,0.0604,1.0,604.0,458
2023-05-10 09:35:04,OP90002169,中证500ETF沽12月5500,0.0604,0.0,0.0,0.0,15,0.0604,0.061,1,0.0594,0.0604,0.0604,0.0604,1.0,604.0,458
2023-05-10 09:35:05,OP90002169,中证500ETF沽12月5500,0.0604,0.0,0.0,0.0,20,0.0605,0.061,1,0.0594,0.0604,0.0604,0.0604,1.0,604.0,458
2023-05-10 09:35:05,OP90002169,中证500ETF沽12月5500,0.0604,0.0,0.0,0.0,20,0.0605,0.061,1,0.0594,0.0604,0.0604,0.0604,1.0,604.0,458
2023-05-10 09:35:06,OP90002169,中证500ETF沽12月5500,0.0604,0.0,0.0,0.0,35,0.0605,0.061,1,0.0594,0.0604,0.0604,0.0604,1.0,604.0,458
2023-05-10 09:35:06,OP90002169,中证500ETF沽12月5500,0.0604,0.0,0.0,0.0,20,0.0606,0.061,1,0.0594,0.0604,0.0604,0.0604,1.0,604.0,458
2023-05-10 09:35:07,OP90002169,中证500ETF沽12月5500,0.0604,0.0,0.0,0.0,20,0.0606,0.061,1,0.0594,0.0604,0.0604,0.0604,1.0,604.0,458
2023-05-10 09:35:07,OP90002169,中证500ETF沽12月5500,0.0604,0.0,0.0,0.0,20,0.06,0.061,1,0.0594,0.0604,0.0604,0.0604,1.0,604.0,458
2023-05-10 09:35:08,OP90002169,中证500ETF沽12月5500,0.0604,0.0,0.0,0.0,15,0.0601,0.061,1,0.0594,0.0604,0.0604,0.0604,1.0,604.0,458
2023-05-10 09:35:08,OP90002169,中证500ETF沽12月5500,0.0604,0.0,0.0,0.0,20,0.0602,0.061,1,0.0594,0.0604,0.0604,0.0604,1.0,604.0,458
2023-05-10 09:35:09,OP90002169,中证500ETF沽12月5500,0.0604,0.0,0.0,0.0,15,0.0603,0.061,1,0.0594,0.0604,0.0604,0.0604,1.0,604.0,458
2023-05-10 09:35:09,OP90002169,中证500ETF沽12月5500,0.0604,0.0,0.0,0.0,20,0.0604,0.061,1,0.0594,0.0604,0.0604,0.0604,1.0,604.0,458
2023-05-10 09:35:10,OP90002169,中证500ETF沽12月5500,0.0604,0.0,0.0,0.0,40,0.0604,0.061,1,0.0594,0.0604,0.0604,0.0604,1.0,604.0,458
2023-05-10 09:35:10,OP90002169,中证500ETF沽12月5500,0.0604,0.0,0.0,0.0,20,0.0605,0.061,1,0.0594,0.0604,0.0604,0.0604,1.0,604.0,458
2023-05-10 09:35:11,OP90002169,中证500ETF沽12月5500,0.0604,0.0,0.0,0.0,20,0.0605,0.061,1,0.0594,0.0604,0.0604,0.0604,1.0,604.0,458
2023-05-10 09:35:11,OP90002169,中证500ETF沽12月5500,0.0604,0.0,0.0,0.0,20,0.0605,0.061,1,0.0594,0.0604,0.0604,0.0604,1.0,604.0,458
2023-05-10 09:35:12,OP90002169,中证500ETF沽12月5500,0.0604,0.0,0.0,0.0,20,0.0605,0.061,1,0.0594,0.0604,0.0604,0.0604,1.0,604.0,458
2023-05-10 09:35:12,OP90002169,中证500ETF沽12月5500,0.0604,0.0,0.0,0.0,20,0.0605,0.061,1,0.0594,0.0604,0.0604,0.0604,1.0,604.0,458
2023-05-10 09:35:13,OP90002169,中证500ETF沽12月5500,0.0604,0.0,0.0,0.0,20,0.0608,0.061,1,0.0594,0.0604,0.0604,0.0604,1.0,604.0,458
2023-05-10 09:35:13,OP90002169,中证500ETF沽12月5500,0.0604,0.0,0.0,0.0,20,0.0609,0.061,1,0.0594,0.0604,0.0604,0.0604,1.0,604.0,458
2023-05-10 09:35:14,OP90002169,中证500ETF沽12月5500,0.0604,0.0,0.0,0.0,20,0.0609,0.061,1,0.0594,0.0604,0.0604,0.0604,1.0,604.0,458
2023-05-10 09:35:14,OP90002169,中证500ETF沽12月5500,0.0604,0.0,0.0,0.0,20,0.0609,0.061,1,0.0594,0.0604,0.0604,0.0604,1.0,604.0,458
2023-05-10 09:35:15,OP90002169,中证500ETF沽12月5500,0.0604,0.0,0.0,0.0,40,0.0608,0.061,1,0.0594,0.0604,0.0604,0.0604,1.0,604.0,458
2023-05-10 09:35:15,OP90002169,中证500ETF沽12月5500,0.0604,0.0,0.0,0.0,20,0.0609,0.061,1,0.0594,0.0604,0.0604,0.0604,1.0,604.0,458
2023-05-10 09:35:25,OP90002169,中证500ETF沽12月5500,0.0604,0.0,0.0,0.0,20,0.0609,0.061,1,0.0594,0.0604,0.0604,0.0604,1.0,604.0,458
2023-05-10 09:35:28,OP90002169,中证500ETF沽12月5500,0.0604,0.0,0.0,0.0,40,0.0609,0.061,1,0.0594,0.0604,0.0604,0.0604,1.0,604.0,458
2023-05-10 09:35:28,OP90002169,中证500ETF沽12月5500,0.061,1.0,610.0,1.0,20,0.061,0.0613,10,0.0594,0.0604,0.061,0.0604,2.0,1214.0,459
2023-05-10 09:35:29,OP90002169,中证500ETF沽12月5500,0.061,0.0,0.0,0.0,20,0.061,0.0615,10,0.0594,0.0604,0.061,0.0604,2.0,1214.0,459
2023-05-10 09:35:29,OP90002169,中证500ETF沽12月5500,0.061,0.0,0.0,0.0,40,0.0609,0.0614,10,0.0594,0.0604,0.061,0.0604,2.0,1214.0,459
2023-05-10 09:35:30,OP90002169,中证500ETF沽12月5500,0.061,0.0,0.0,0.0,40,0.0609,0.0618,40,0.0594,0.0604,0.061,0.0604,2.0,1214.0,459
2023-05-10 09:35:30,OP90002169,中证500ETF沽12月5500,0.061,0.0,0.0,0.0,60,0.0609,0.0617,10,0.0594,0.0604,0.061,0.0604,2.0,1214.0,459
2023-05-10 09:35:31,OP90002169,中证500ETF沽12月5500,0.061,0.0,0.0,0.0,20,0.061,0.0617,10,0.0594,0.0604,0.061,0.0604,2.0,1214.0,459
2023-05-10 09:35:32,OP90002169,中证500ETF沽12月5500,0.061,0.0,0.0,0.0,20,0.061,0.0619,10,0.0594,0.0604,0.061,0.0604,2.0,1214.0,459
2023-05-10 09:35:32,OP90002169,中证500ETF沽12月5500,0.061,0.0,0.0,0.0,20,0.061,0.0618,10,0.0594,0.0604,0.061,0.0604,2.0,1214.0,459
2023-05-10 09:35:33,OP90002169,中证500ETF沽12月5500,0.061,0.0,0.0,0.0,20,0.061,0.062,1,0.0594,0.0604,0.061,0.0604,2.0,1214.0,459
2023-05-10 09:35:33,OP90002169,中证500ETF沽12月5500,0.061,0.0,0.0,0.0,70,0.0609,0.0619,20,0.0594,0.0604,0.061,0.0604,2.0,1214.0,459
2023-05-10 09:35:34,OP90002169,中证500ETF沽12月5500,0.061,0.0,0.0,0.0,20,0.061,0.062,21,0.0594,0.0604,0.061,0.0604,2.0,1214.0,459
2023-05-10 09:35:34,OP90002169,中证500ETF沽12月5500,0.061,0.0,0.0,0.0,20,0.061,0.062,21,0.0594,0.0604,0.061,0.0604,2.0,1214.0,459
2023-05-10 09:35:35,OP90002169,中证500ETF沽12月5500,0.061,0.0,0.0,0.0,70,0.0609,0.0619,20,0.0594,0.0604,0.061,0.0604,2.0,1214.0,459
2023-05-10 09:35:36,OP90002169,中证500ETF沽12月5500,0.061,0.0,0.0,0.0,70,0.0609,0.0619,20,0.0594,0.0604,0.061,0.0604,2.0,1214.0,459
2023-05-10 09:35:37,OP90002169,中证500ETF沽12月5500,0.061,0.0,0.0,0.0,20,0.061,0.062,21,0.0594,0.0604,0.061,0.0604,2.0,1214.0,459
2023-05-10 09:35:38,OP90002169,中证500ETF沽12月5500,0.061,0.0,0.0,0.0,20,0.061,0.062,21,0.0594,0.0604,0.061,0.0604,2.0,1214.0,459
2023-05-10 09:35:40,OP90002169,中证500ETF沽12月5500,0.061,0.0,0.0,0.0,70,0.0609,0.0619,20,0.0594,0.0604,0.061,0.0604,2.0,1214.0,459
2023-05-10 09:35:41,OP90002169,中证500ETF沽12月5500,0.061,0.0,0.0,0.0,70,0.0609,0.0619,20,0.0594,0.0604,0.061,0.0604,2.0,1214.0,459
2023-05-10 09:35:42,OP90002169,中证500ETF沽12月5500,0.061,0.0,0.0,0.0,70,0.0609,0.0619,30,0.0594,0.0604,0.061,0.0604,2.0,1214.0,459
2023-05-10 09:35:47,OP90002169,中证500ETF沽12月5500,0.061,0.0,0.0,0.0,20,0.061,0.0619,10,0.0594,0.0604,0.061,0.0604,2.0,1214.0,459
2023-05-10 09:35:47,OP90002169,中证500ETF沽12月5500,0.061,0.0,0.0,0.0,70,0.0609,0.0619,30,0.0594,0.0604,0.061,0.0604,2.0,1214.0,459
2023-05-10 09:35:48,OP90002169,中证500ETF沽12月5500,0.061,0.0,0.0,0.0,50,0.0609,0.0618,20,0.0594,0.0604,0.061,0.0604,2.0,1214.0,459
2023-05-10 09:35:48,OP90002169,中证500ETF沽12月5500,0.061,0.0,0.0,0.0,20,0.0609,0.0617,10,0.0594,0.0604,0.061,0.0604,2.0,1214.0,459
2023-05-10 09:35:49,OP90002169,中证500ETF沽12月5500,0.061,0.0,0.0,0.0,20,0.0609,0.0617,20,0.0594,0.0604,0.061,0.0604,2.0,1214.0,459
2023-05-10 09:35:49,OP90002169,中证500ETF沽12月5500,0.061,0.0,0.0,0.0,60,0.0608,0.0617,10,0.0594,0.0604,0.061,0.0604,2.0,1214.0,459
2023-05-10 09:35:50,OP90002169,中证500ETF沽12月5500,0.061,0.0,0.0,0.0,60,0.0608,0.0616,10,0.0594,0.0604,0.061,0.0604,2.0,1214.0,459
2023-05-10 09:35:54,OP90002169,中证500ETF沽12月5500,0.061,0.0,0.0,0.0,20,0.0609,0.0616,10,0.0594,0.0604,0.061,0.0604,2.0,1214.0,459
2023-05-10 09:35:54,OP90002169,中证500ETF沽12月5500,0.061,0.0,0.0,0.0,20,0.0609,0.0616,10,0.0594,0.0604,0.061,0.0604,2.0,1214.0,459
2023-05-10 09:35:59,OP90002169,中证500ETF沽12月5500,0.061,0.0,0.0,0.0,20,0.0609,0.0616,10,0.0594,0.0604,0.061,0.0604,2.0,1214.0,459
2023-05-10 09:36:00,OP90002169,中证500ETF沽12月5500,0.061,0.0,0.0,0.0,60,0.0608,0.0616,10,0.0594,0.0604,0.061,0.0604,2.0,1214.0,459
2023-05-10 09:36:00,OP90002169,中证500ETF沽12月5500,0.061,0.0,0.0,0.0,40,0.0608,0.0616,10,0.0594,0.0604,0.061,0.0604,2.0,1214.0,459
2023-05-10 09:36:01,OP90002169,中证500ETF沽12月5500,0.061,0.0,0.0,0.0,20,0.0608,0.0616,10,0.0594,0.0604,0.061,0.0604,2.0,1214.0,459
2023-05-10 09:36:01,OP90002169,中证500ETF沽12月5500,0.061,0.0,0.0,0.0,20,0.0608,0.0616,10,0.0594,0.0604,0.061,0.0604,2.0,1214.0,459
2023-05-10 09:36:02,OP90002169,中证500ETF沽12月5500,0.061,0.0,0.0,0.0,20,0.0608,0.0616,10,0.0594,0.0604,0.061,0.0604,2.0,1214.0,459
2023-05-10 09:36:02,OP90002169,中证500ETF沽12月5500,0.061,0.0,0.0,0.0,20,0.0608,0.0616,10,0.0594,0.0604,0.061,0.0604,2.0,1214.0,459
2023-05-10 09:36:03,OP90002169,中证500ETF沽12月5500,0.061,0.0,0.0,0.0,20,0.0608,0.0616,10,0.0594,0.0604,0.061,0.0604,2.0,1214.0,459
2023-05-10 09:36:03,OP90002169,中证500ETF沽12月5500,0.061,0.0,0.0,0.0,40,0.0608,0.0616,20,0.0594,0.0604,0.061,0.0604,2.0,1214.0,459
2023-05-10 09:36:04,OP90002169,中证500ETF沽12月5500,0.061,0.0,0.0,0.0,40,0.0608,0.0616,10,0.0594,0.0604,0.061,0.0604,2.0,1214.0,459
2023-05-10 09:36:04,OP90002169,中证500ETF沽12月5500,0.061,0.0,0.0,0.0,40,0.0608,0.0615,10,0.0594,0.0604,0.061,0.0604,2.0,1214.0,459
2023-05-10 09:36:05,OP90002169,中证500ETF沽12月5500,0.061,0.0,0.0,0.0,20,0.0608,0.0615,10,0.0594,0.0604,0.061,0.0604,2.0,1214.0,459
2023-05-10 09:36:06,OP90002169,中证500ETF沽12月5500,0.061,0.0,0.0,0.0,20,0.0608,0.0615,30,0.0594,0.0604,0.061,0.0604,2.0,1214.0,459
2023-05-10 09:36:07,OP90002169,中证500ETF沽12月5500,0.061,0.0,0.0,0.0,40,0.0607,0.0615,20,0.0594,0.0604,0.061,0.0604,2.0,1214.0,459
2023-05-10 09:36:07,OP90002169,中证500ETF沽12月5500,0.061,0.0,0.0,0.0,20,0.0607,0.0614,10,0.0594,0.0604,0.061,0.0604,2.0,1214.0,459
2023-05-10 09:36:08,OP90002169,中证500ETF沽12月5500,0.061,0.0,0.0,0.0,20,0.0607,0.0614,30,0.0594,0.0604,0.061,0.0604,2.0,1214.0,459
2023-05-10 09:36:08,OP90002169,中证500ETF沽12月5500,0.061,0.0,0.0,0.0,20,0.0607,0.0614,20,0.0594,0.0604,0.061,0.0604,2.0,1214.0,459
2023-05-10 09:36:09,OP90002169,中证500ETF沽12月5500,0.061,0.0,0.0,0.0,30,0.0606,0.0613,10,0.0594,0.0604,0.061,0.0604,2.0,1214.0,459
2023-05-10 09:36:09,OP90002169,中证500ETF沽12月5500,0.061,0.0,0.0,0.0,20,0.0605,0.0613,10,0.0594,0.0604,0.061,0.0604,2.0,1214.0,459
2023-05-10 09:36:10,OP90002169,中证500ETF沽12月5500,0.061,0.0,0.0,0.0,20,0.0605,0.0613,10,0.0594,0.0604,0.061,0.0604,2.0,1214.0,459
2023-05-10 09:36:10,OP90002169,中证500ETF沽12月5500,0.061,0.0,0.0,0.0,20,0.0605,0.0613,30,0.0594,0.0604,0.061,0.0604,2.0,1214.0,459
2023-05-10 09:36:11,OP90002169,中证500ETF沽12月5500,0.061,0.0,0.0,0.0,20,0.0605,0.0613,20,0.0594,0.0604,0.061,0.0604,2.0,1214.0,459
2023-05-10 09:36:11,OP90002169,中证500ETF沽12月5500,0.061,0.0,0.0,0.0,20,0.0605,0.0612,10,0.0594,0.0604,0.061,0.0604,2.0,1214.0,459
2023-05-10 09:36:12,OP90002169,中证500ETF沽12月5500,0.061,0.0,0.0,0.0,60,0.0603,0.0613,20,0.0594,0.0604,0.061,0.0604,2.0,1214.0,459
2023-05-10 09:36:12,OP90002169,中证500ETF沽12月5500,0.061,0.0,0.0,0.0,20,0.0605,0.0612,10,0.0594,0.0604,0.061,0.0604,2.0,1214.0,459
2023-05-10 09:36:13,OP90002169,中证500ETF沽12月5500,0.061,0.0,0.0,0.0,40,0.0605,0.0614,30,0.0594,0.0604,0.061,0.0604,2.0,1214.0,459
2023-05-10 09:36:14,OP90002169,中证500ETF沽12月5500,0.061,0.0,0.0,0.0,40,0.0605,0.0614,30,0.0594,0.0604,0.061,0.0604,2.0,1214.0,459
2023-05-10 09:36:19,OP90002169,中证500ETF沽12月5500,0.061,0.0,0.0,0.0,40,0.0605,0.0614,20,0.0594,0.0604,0.061,0.0604,2.0,1214.0,459
2023-05-10 09:36:19,OP90002169,中证500ETF沽12月5500,0.061,0.0,0.0,0.0,40,0.0605,0.0614,20,0.0594,0.0604,0.061,0.0604,2.0,1214.0,459
2023-05-10 09:36:20,OP90002169,中证500ETF沽12月5500,0.061,0.0,0.0,0.0,40,0.0605,0.0614,30,0.0594,0.0604,0.061,0.0604,2.0,1214.0,459
2023-05-10 09:36:20,OP90002169,中证500ETF沽12月5500,0.061,0.0,0.0,0.0,40,0.0605,0.0614,30,0.0594,0.0604,0.061,0.0604,2.0,1214.0,459
2023-05-10 09:36:21,OP90002169,中证500ETF沽12月5500,0.061,0.0,0.0,0.0,40,0.0605,0.0613,20,0.0594,0.0604,0.061,0.0604,2.0,1214.0,459
2023-05-10 09:36:21,OP90002169,中证500ETF沽12月5500,0.061,0.0,0.0,0.0,40,0.0605,0.0613,20,0.0594,0.0604,0.061,0.0604,2.0,1214.0,459
2023-05-10 09:36:22,OP90002169,中证500ETF沽12月5500,0.061,0.0,0.0,0.0,50,0.0603,0.0613,30,0.0594,0.0604,0.061,0.0604,2.0,1214.0,459
2023-05-10 09:36:22,OP90002169,中证500ETF沽12月5500,0.061,0.0,0.0,0.0,20,0.0603,0.0612,20,0.0594,0.0604,0.061,0.0604,2.0,1214.0,459
2023-05-10 09:36:23,OP90002169,中证500ETF沽12月5500,0.061,0.0,0.0,0.0,20,0.0603,0.0612,30,0.0594,0.0604,0.061,0.0604,2.0,1214.0,459
2023-05-10 09:36:23,OP90002169,中证500ETF沽12月5500,0.061,0.0,0.0,0.0,70,0.0601,0.0611,20,0.0594,0.0604,0.061,0.0604,2.0,1214.0,459
2023-05-10 09:36:24,OP90002169,中证500ETF沽12月5500,0.061,0.0,0.0,0.0,60,0.0601,0.0611,30,0.0594,0.0604,0.061,0.0604,2.0,1214.0,459
2023-05-10 09:36:24,OP90002169,中证500ETF沽12月5500,0.061,0.0,0.0,0.0,40,0.0601,0.061,20,0.0594,0.0604,0.061,0.0604,2.0,1214.0,459
2023-05-10 09:36:25,OP90002169,中证500ETF沽12月5500,0.061,0.0,0.0,0.0,20,0.0601,0.061,30,0.0594,0.0604,0.061,0.0604,2.0,1214.0,459
2023-05-10 09:36:25,OP90002169,中证500ETF沽12月5500,0.061,0.0,0.0,0.0,20,0.0601,0.0609,30,0.0594,0.0604,0.061,0.0604,2.0,1214.0,459
2023-05-10 09:36:26,OP90002169,中证500ETF沽12月5500,0.061,0.0,0.0,0.0,20,0.0601,0.0608,20,0.0594,0.0604,0.061,0.0604,2.0,1214.0,459
2023-05-10 09:36:26,OP90002169,中证500ETF沽12月5500,0.061,0.0,0.0,0.0,20,0.0601,0.0607,10,0.0594,0.0604,0.061,0.0604,2.0,1214.0,459
2023-05-10 09:36:27,OP90002169,中证500ETF沽12月5500,0.061,0.0,0.0,0.0,20,0.0601,0.0606,20,0.0594,0.0604,0.061,0.0604,2.0,1214.0,459
2023-05-10 09:36:27,OP90002169,中证500ETF沽12月5500,0.061,0.0,0.0,0.0,20,0.0601,0.0606,30,0.0594,0.0604,0.061,0.0604,2.0,1214.0,459
2023-05-10 09:36:28,OP90002169,中证500ETF沽12月5500,0.061,0.0,0.0,0.0,20,0.0601,0.0605,20,0.0594,0.0604,0.061,0.0604,2.0,1214.0,459
2023-05-10 09:36:28,OP90002169,中证500ETF沽12月5500,0.061,0.0,0.0,0.0,20,0.0601,0.0605,30,0.0594,0.0604,0.061,0.0604,2.0,1214.0,459
2023-05-10 09:36:29,OP90002169,中证500ETF沽12月5500,0.061,0.0,0.0,0.0,50,0.0598,0.0604,20,0.0594,0.0604,0.061,0.0604,2.0,1214.0,459
2023-05-10 09:36:29,OP90002169,中证500ETF沽12月5500,0.061,0.0,0.0,0.0,20,0.0598,0.0603,10,0.0594,0.0604,0.061,0.0604,2.0,1214.0,459
2023-05-10 09:36:30,OP90002169,中证500ETF沽12月5500,0.061,0.0,0.0,0.0,20,0.0598,0.0603,30,0.0594,0.0604,0.061,0.0604,2.0,1214.0,459
2023-05-10 09:36:30,OP90002169,中证500ETF沽12月5500,0.061,0.0,0.0,0.0,20,0.0598,0.0603,20,0.0594,0.0604,0.061,0.0604,2.0,1214.0,459
2023-05-10 09:36:31,OP90002169,中证500ETF沽12月5500,0.061,0.0,0.0,0.0,20,0.0598,0.0602,10,0.0594,0.0604,0.061,0.0604,2.0,1214.0,459
2023-05-10 09:36:31,OP90002169,中证500ETF沽12月5500,0.061,0.0,0.0,0.0,20,0.0598,0.0602,10,0.0594,0.0604,0.061,0.0604,2.0,1214.0,459
2023-05-10 09:36:32,OP90002169,中证500ETF沽12月5500,0.061,0.0,0.0,0.0,20,0.0598,0.0604,20,0.0594,0.0604,0.061,0.0604,2.0,1214.0,459
2023-05-10 09:36:32,OP90002169,中证500ETF沽12月5500,0.061,0.0,0.0,0.0,20,0.0598,0.0603,10,0.0594,0.0604,0.061,0.0604,2.0,1214.0,459
2023-05-10 09:36:33,OP90002169,中证500ETF沽12月5500,0.061,0.0,0.0,0.0,20,0.0598,0.0603,10,0.0594,0.0604,0.061,0.0604,2.0,1214.0,459
2023-05-10 09:36:33,OP90002169,中证500ETF沽12月5500,0.061,0.0,0.0,0.0,20,0.0598,0.0603,30,0.0594,0.0604,0.061,0.0604,2.0,1214.0,459
2023-05-10 09:36:34,OP90002169,中证500ETF沽12月5500,0.061,0.0,0.0,0.0,20,0.0598,0.0602,20,0.0594,0.0604,0.061,0.0604,2.0,1214.0,459
2023-05-10 09:36:34,OP90002169,中证500ETF沽12月5500,0.061,0.0,0.0,0.0,20,0.0598,0.0602,10,0.0594,0.0604,0.061,0.0604,2.0,1214.0,459
2023-05-10 09:36:35,OP90002169,中证500ETF沽12月5500,0.061,0.0,0.0,0.0,20,0.0598,0.0601,20,0.0594,0.0604,0.061,0.0604,2.0,1214.0,459
2023-05-10 09:36:35,OP90002169,中证500ETF沽12月5500,0.061,0.0,0.0,0.0,20,0.0598,0.0601,20,0.0594,0.0604,0.061,0.0604,2.0,1214.0,459
2023-05-10 09:36:36,OP90002169,中证500ETF沽12月5500,0.061,0.0,0.0,0.0,20,0.0598,0.0604,20,0.0594,0.0604,0.061,0.0604,2.0,1214.0,459
2023-05-10 09:36:36,OP90002169,中证500ETF沽12月5500,0.061,0.0,0.0,0.0,20,0.0598,0.0604,20,0.0594,0.0604,0.061,0.0604,2.0,1214.0,459
2023-05-10 09:36:37,OP90002169,中证500ETF沽12月5500,0.061,0.0,0.0,0.0,20,0.0598,0.0604,20,0.0594,0.0604,0.061,0.0604,2.0,1214.0,459
2023-05-10 09:36:38,OP90002169,中证500ETF沽12月5500,0.061,0.0,0.0,0.0,20,0.0598,0.0604,20,0.0594,0.0604,0.061,0.0604,2.0,1214.0,459
2023-05-10 09:36:39,OP90002169,中证500ETF沽12月5500,0.061,0.0,0.0,0.0,20,0.0598,0.0604,20,0.0594,0.0604,0.061,0.0604,2.0,1214.0,459
2023-05-10 09:36:44,OP90002169,中证500ETF沽12月5500,0.061,0.0,0.0,0.0,40,0.0597,0.0604,20,0.0594,0.0604,0.061,0.0604,2.0,1214.0,459
2023-05-10 09:36:44,OP90002169,中证500ETF沽12月5500,0.061,0.0,0.0,0.0,40,0.0597,0.0604,20,0.0594,0.0604,0.061,0.0604,2.0,1214.0,459
2023-05-10 09:36:45,OP90002169,中证500ETF沽12月5500,0.061,0.0,0.0,0.0,20,0.0597,0.0604,20,0.0594,0.0604,0.061,0.0604,2.0,1214.0,459
2023-05-10 09:36:45,OP90002169,中证500ETF沽12月5500,0.061,0.0,0.0,0.0,20,0.0595,0.0604,20,0.0594,0.0604,0.061,0.0604,2.0,1214.0,459
2023-05-10 09:36:46,OP90002169,中证500ETF沽12月5500,0.061,0.0,0.0,0.0,20,0.0595,0.0604,20,0.0594,0.0604,0.061,0.0604,2.0,1214.0,459
2023-05-10 09:36:46,OP90002169,中证500ETF沽12月5500,0.061,0.0,0.0,0.0,20,0.0595,0.0604,20,0.0594,0.0604,0.061,0.0604,2.0,1214.0,459
2023-05-10 09:36:47,OP90002169,中证500ETF沽12月5500,0.061,0.0,0.0,0.0,20,0.0595,0.0604,20,0.0594,0.0604,0.061,0.0604,2.0,1214.0,459
2023-05-10 09:36:52,OP90002169,中证500ETF沽12月5500,0.061,0.0,0.0,0.0,20,0.0595,0.0604,20,0.0594,0.0604,0.061,0.0604,2.0,1214.0,459
2023-05-10 09:36:53,OP90002169,中证500ETF沽12月5500,0.061,0.0,0.0,0.0,20,0.0595,0.0604,20,0.0594,0.0604,0.061,0.0604,2.0,1214.0,459
2023-05-10 09:36:54,OP90002169,中证500ETF沽12月5500,0.061,0.0,0.0,0.0,70,0.0594,0.0604,30,0.0594,0.0604,0.061,0.0604,2.0,1214.0,459
2023-05-10 09:36:54,OP90002169,中证500ETF沽12月5500,0.061,0.0,0.0,0.0,50,0.0594,0.0603,20,0.0594,0.0604,0.061,0.0604,2.0,1214.0,459
2023-05-10 09:36:55,OP90002169,中证500ETF沽12月5500,0.061,0.0,0.0,0.0,20,0.0594,0.0603,30,0.0594,0.0604,0.061,0.0604,2.0,1214.0,459
2023-05-10 09:36:55,OP90002169,中证500ETF沽12月5500,0.061,0.0,0.0,0.0,50,0.0592,0.0602,20,0.0594,0.0604,0.061,0.0604,2.0,1214.0,459
2023-05-10 09:36:56,OP90002169,中证500ETF沽12月5500,0.061,0.0,0.0,0.0,20,0.0592,0.0601,10,0.0594,0.0604,0.061,0.0604,2.0,1214.0,459
2023-05-10 09:36:56,OP90002169,中证500ETF沽12月5500,0.061,0.0,0.0,0.0,20,0.0592,0.06,20,0.0594,0.0604,0.061,0.0604,2.0,1214.0,459
2023-05-10 09:36:57,OP90002169,中证500ETF沽12月5500,0.061,0.0,0.0,0.0,60,0.0591,0.06,30,0.0594,0.0604,0.061,0.0604,2.0,1214.0,459
2023-05-10 09:36:57,OP90002169,中证500ETF沽12月5500,0.061,0.0,0.0,0.0,60,0.0591,0.0599,20,0.0594,0.0604,0.061,0.0604,2.0,1214.0,459
2023-05-10 09:37:00,OP90002169,中证500ETF沽12月5500,0.061,0.0,0.0,0.0,60,0.0591,0.0599,30,0.0594,0.0604,0.061,0.0604,2.0,1214.0,459
2023-05-10 09:37:00,OP90002169,中证500ETF沽12月5500,0.061,0.0,0.0,0.0,60,0.0591,0.0598,20,0.0594,0.0604,0.061,0.0604,2.0,1214.0,459
2023-05-10 09:37:01,OP90002169,中证500ETF沽12月5500,0.061,0.0,0.0,0.0,60,0.0591,0.0598,20,0.0594,0.0604,0.061,0.0604,2.0,1214.0,459
2023-05-10 09:37:01,OP90002169,中证500ETF沽12月5500,0.0598,15.0,8970.0,0.0,30,0.0592,0.0599,10,0.0594,0.0604,0.061,0.0598,17.0,10184.0,459
2023-05-10 09:37:02,OP90002169,中证500ETF沽12月5500,0.0598,0.0,0.0,0.0,20,0.0592,0.0599,10,0.0594,0.0604,0.061,0.0598,17.0,10184.0,459
2023-05-10 09:37:03,OP90002169,中证500ETF沽12月5500,0.0598,0.0,0.0,0.0,10,0.0593,0.06,10,0.0594,0.0604,0.061,0.0598,17.0,10184.0,459
2023-05-10 09:37:03,OP90002169,中证500ETF沽12月5500,0.0598,0.0,0.0,0.0,20,0.0592,0.06,10,0.0594,0.0604,0.061,0.0598,17.0,10184.0,459
2023-05-10 09:37:04,OP90002169,中证500ETF沽12月5500,0.0598,0.0,0.0,0.0,10,0.0594,0.0601,10,0.0594,0.0604,0.061,0.0598,17.0,10184.0,459
2023-05-10 09:37:04,OP90002169,中证500ETF沽12月5500,0.0598,0.0,0.0,0.0,10,0.0594,0.0601,10,0.0594,0.0604,0.061,0.0598,17.0,10184.0,459
2023-05-10 09:37:05,OP90002169,中证500ETF沽12月5500,0.0598,0.0,0.0,0.0,30,0.0594,0.0601,10,0.0594,0.0604,0.061,0.0598,17.0,10184.0,459
2023-05-10 09:37:05,OP90002169,中证500ETF沽12月5500,0.0598,0.0,0.0,0.0,40,0.0594,0.0601,10,0.0594,0.0604,0.061,0.0598,17.0,10184.0,459
2023-05-10 09:37:06,OP90002169,中证500ETF沽12月5500,0.0598,0.0,0.0,0.0,60,0.0594,0.0602,10,0.0594,0.0604,0.061,0.0598,17.0,10184.0,459
2023-05-10 09:37:06,OP90002169,中证500ETF沽12月5500,0.0598,0.0,0.0,0.0,20,0.0595,0.0602,10,0.0594,0.0604,0.061,0.0598,17.0,10184.0,459
2023-05-10 09:37:07,OP90002169,中证500ETF沽12月5500,0.0598,0.0,0.0,0.0,20,0.0595,0.0602,10,0.0594,0.0604,0.061,0.0598,17.0,10184.0,459
2023-05-10 09:37:07,OP90002169,中证500ETF沽12月5500,0.0598,0.0,0.0,0.0,10,0.0596,0.0602,10,0.0594,0.0604,0.061,0.0598,17.0,10184.0,459
2023-05-10 09:37:08,OP90002169,中证500ETF沽12月5500,0.0598,0.0,0.0,0.0,40,0.0596,0.0603,10,0.0594,0.0604,0.061,0.0598,17.0,10184.0,459
2023-05-10 09:37:08,OP90002169,中证500ETF沽12月5500,0.0598,0.0,0.0,0.0,20,0.0596,0.0603,10,0.0594,0.0604,0.061,0.0598,17.0,10184.0,459
2023-05-10 09:37:09,OP90002169,中证500ETF沽12月5500,0.0598,0.0,0.0,0.0,20,0.0596,0.0603,10,0.0594,0.0604,0.061,0.0598,17.0,10184.0,459
2023-05-10 09:37:09,OP90002169,中证500ETF沽12月5500,0.0598,0.0,0.0,0.0,20,0.0596,0.0603,30,0.0594,0.0604,0.061,0.0598,17.0,10184.0,459
2023-05-10 09:37:10,OP90002169,中证500ETF沽12月5500,0.0598,0.0,0.0,0.0,30,0.0595,0.0603,30,0.0594,0.0604,0.061,0.0598,17.0,10184.0,459
2023-05-10 09:37:10,OP90002169,中证500ETF沽12月5500,0.0598,0.0,0.0,0.0,20,0.0595,0.0602,20,0.0594,0.0604,0.061,0.0598,17.0,10184.0,459
2023-05-10 09:37:11,OP90002169,中证500ETF沽12月5500,0.0598,0.0,0.0,0.0,20,0.0595,0.0602,20,0.0594,0.0604,0.061,0.0598,17.0,10184.0,459
2023-05-10 09:37:11,OP90002169,中证500ETF沽12月5500,0.0598,0.0,0.0,0.0,20,0.0595,0.0601,20,0.0594,0.0604,0.061,0.0598,17.0,10184.0,459
2023-05-10 09:37:12,OP90002169,中证500ETF沽12月5500,0.0598,0.0,0.0,0.0,20,0.0595,0.0603,30,0.0594,0.0604,0.061,0.0598,17.0,10184.0,459
2023-05-10 09:37:12,OP90002169,中证500ETF沽12月5500,0.0598,0.0,0.0,0.0,20,0.0595,0.0602,20,0.0594,0.0604,0.061,0.0598,17.0,10184.0,459
2023-05-10 09:37:13,OP90002169,中证500ETF沽12月5500,0.0598,0.0,0.0,0.0,20,0.0595,0.0602,30,0.0594,0.0604,0.061,0.0598,17.0,10184.0,459
2023-05-10 09:37:13,OP90002169,中证500ETF沽12月5500,0.0598,0.0,0.0,0.0,20,0.0595,0.0601,20,0.0594,0.0604,0.061,0.0598,17.0,10184.0,459
2023-05-10 09:37:14,OP90002169,中证500ETF沽12月5500,0.0598,0.0,0.0,0.0,20,0.0595,0.0601,20,0.0594,0.0604,0.061,0.0598,17.0,10184.0,459
2023-05-10 09:37:15,OP90002169,中证500ETF沽12月5500,0.0598,0.0,0.0,0.0,20,0.0595,0.0601,20,0.0594,0.0604,0.061,0.0598,17.0,10184.0,459
2023-05-10 09:37:16,OP90002169,中证500ETF沽12月5500,0.0598,0.0,0.0,0.0,20,0.0595,0.0601,30,0.0594,0.0604,0.061,0.0598,17.0,10184.0,459
2023-05-10 09:37:16,OP90002169,中证500ETF沽12月5500,0.0598,0.0,0.0,0.0,20,0.0595,0.06,20,0.0594,0.0604,0.061,0.0598,17.0,10184.0,459
2023-05-10 09:37:17,OP90002169,中证500ETF沽12月5500,0.0598,0.0,0.0,0.0,20,0.0595,0.06,20,0.0594,0.0604,0.061,0.0598,17.0,10184.0,459
2023-05-10 09:37:17,OP90002169,中证500ETF沽12月5500,0.0598,0.0,0.0,0.0,20,0.0595,0.0601,20,0.0594,0.0604,0.061,0.0598,17.0,10184.0,459
2023-05-10 09:37:18,OP90002169,中证500ETF沽12月5500,0.0598,0.0,0.0,0.0,30,0.0595,0.0601,20,0.0594,0.0604,0.061,0.0598,17.0,10184.0,459
2023-05-10 09:37:18,OP90002169,中证500ETF沽12月5500,0.0598,0.0,0.0,0.0,20,0.0595,0.0601,20,0.0594,0.0604,0.061,0.0598,17.0,10184.0,459
2023-05-10 09:37:19,OP90002169,中证500ETF沽12月5500,0.0598,0.0,0.0,0.0,20,0.0595,0.0601,20,0.0594,0.0604,0.061,0.0598,17.0,10184.0,459
2023-05-10 09:37:20,OP90002169,中证500ETF沽12月5500,0.0598,0.0,0.0,0.0,20,0.0595,0.0601,20,0.0594,0.0604,0.061,0.0598,17.0,10184.0,459
2023-05-10 09:37:20,OP90002169,中证500ETF沽12月5500,0.0598,0.0,0.0,0.0,20,0.0595,0.0602,20,0.0594,0.0604,0.061,0.0598,17.0,10184.0,459
2023-05-10 09:37:21,OP90002169,中证500ETF沽12月5500,0.0598,0.0,0.0,0.0,20,0.0595,0.0602,20,0.0594,0.0604,0.061,0.0598,17.0,10184.0,459
2023-05-10 09:37:22,OP90002169,中证500ETF沽12月5500,0.0598,0.0,0.0,0.0,20,0.0595,0.0602,20,0.0594,0.0604,0.061,0.0598,17.0,10184.0,459
2023-05-10 09:37:23,OP90002169,中证500ETF沽12月5500,0.0598,0.0,0.0,0.0,70,0.0594,0.0602,20,0.0594,0.0604,0.061,0.0598,17.0,10184.0,459
2023-05-10 09:37:24,OP90002169,中证500ETF沽12月5500,0.0598,0.0,0.0,0.0,60,0.0594,0.0603,30,0.0594,0.0604,0.061,0.0598,17.0,10184.0,459
2023-05-10 09:37:24,OP90002169,中证500ETF沽12月5500,0.0598,0.0,0.0,0.0,10,0.0595,0.0603,30,0.0594,0.0604,0.061,0.0598,17.0,10184.0,459
2023-05-10 09:37:25,OP90002169,中证500ETF沽12月5500,0.0598,0.0,0.0,0.0,60,0.0594,0.0603,30,0.0594,0.0604,0.061,0.0598,17.0,10184.0,459
2023-05-10 09:37:26,OP90002169,中证500ETF沽12月5500,0.0598,0.0,0.0,0.0,10,0.0595,0.0603,20,0.0594,0.0604,0.061,0.0598,17.0,10184.0,459
2023-05-10 09:37:26,OP90002169,中证500ETF沽12月5500,0.0598,0.0,0.0,0.0,60,0.0594,0.0603,20,0.0594,0.0604,0.061,0.0598,17.0,10184.0,459
2023-05-10 09:37:27,OP90002169,中证500ETF沽12月5500,0.0598,0.0,0.0,0.0,70,0.0594,0.0603,20,0.0594,0.0604,0.061,0.0598,17.0,10184.0,459
2023-05-10 09:37:28,OP90002169,中证500ETF沽12月5500,0.0598,0.0,0.0,0.0,60,0.0594,0.0603,20,0.0594,0.0604,0.061,0.0598,17.0,10184.0,459
2023-05-10 09:37:28,OP90002169,中证500ETF沽12月5500,0.0598,0.0,0.0,0.0,10,0.0595,0.0603,20,0.0594,0.0604,0.061,0.0598,17.0,10184.0,459
2023-05-10 09:37:29,OP90002169,中证500ETF沽12月5500,0.0598,0.0,0.0,0.0,60,0.0594,0.0603,30,0.0594,0.0604,0.061,0.0598,17.0,10184.0,459
2023-05-10 09:37:29,OP90002169,中证500ETF沽12月5500,0.0598,0.0,0.0,0.0,10,0.0595,0.0602,20,0.0594,0.0604,0.061,0.0598,17.0,10184.0,459
2023-05-10 09:37:32,OP90002169,中证500ETF沽12月5500,0.0598,0.0,0.0,0.0,60,0.0594,0.0603,30,0.0594,0.0604,0.061,0.0598,17.0,10184.0,459
2023-05-10 09:37:32,OP90002169,中证500ETF沽12月5500,0.0598,0.0,0.0,0.0,10,0.0596,0.0603,10,0.0594,0.0604,0.061,0.0598,17.0,10184.0,459
2023-05-10 09:37:33,OP90002169,中证500ETF沽12月5500,0.0598,0.0,0.0,0.0,10,0.0596,0.0603,10,0.0594,0.0604,0.061,0.0598,17.0,10184.0,459
2023-05-10 09:37:34,OP90002169,中证500ETF沽12月5500,0.0598,0.0,0.0,0.0,10,0.0596,0.0603,20,0.0594,0.0604,0.061,0.0598,17.0,10184.0,459
2023-05-10 09:37:34,OP90002169,中证500ETF沽12月5500,0.0598,0.0,0.0,0.0,20,0.0596,0.0603,20,0.0594,0.0604,0.061,0.0598,17.0,10184.0,459
2023-05-10 09:37:35,OP90002169,中证500ETF沽12月5500,0.0598,0.0,0.0,0.0,10,0.0597,0.0603,20,0.0594,0.0604,0.061,0.0598,17.0,10184.0,459
2023-05-10 09:37:35,OP90002169,中证500ETF沽12月5500,0.0598,0.0,0.0,0.0,20,0.0597,0.0603,20,0.0594,0.0604,0.061,0.0598,17.0,10184.0,459
2023-05-10 09:37:36,OP90002169,中证500ETF沽12月5500,0.0598,0.0,0.0,0.0,10,0.0596,0.0603,20,0.0594,0.0604,0.061,0.0598,17.0,10184.0,459
2023-05-10 09:37:36,OP90002169,中证500ETF沽12月5500,0.0598,0.0,0.0,0.0,30,0.0596,0.0603,20,0.0594,0.0604,0.061,0.0598,17.0,10184.0,459
2023-05-10 09:37:37,OP90002169,中证500ETF沽12月5500,0.0598,0.0,0.0,0.0,20,0.0596,0.0603,20,0.0594,0.0604,0.061,0.0598,17.0,10184.0,459
2023-05-10 09:37:37,OP90002169,中证500ETF沽12月5500,0.0598,0.0,0.0,0.0,10,0.0597,0.0603,20,0.0594,0.0604,0.061,0.0598,17.0,10184.0,459
2023-05-10 09:37:38,OP90002169,中证500ETF沽12月5500,0.0598,0.0,0.0,0.0,30,0.0597,0.0603,20,0.0594,0.0604,0.061,0.0598,17.0,10184.0,459
2023-05-10 09:37:39,OP90002169,中证500ETF沽12月5500,0.0598,0.0,0.0,0.0,30,0.0597,0.0603,20,0.0594,0.0604,0.061,0.0598,17.0,10184.0,459
2023-05-10 09:37:39,OP90002169,中证500ETF沽12月5500,0.0598,0.0,0.0,0.0,30,0.0597,0.0604,20,0.0594,0.0604,0.061,0.0598,17.0,10184.0,459
2023-05-10 09:37:40,OP90002169,中证500ETF沽12月5500,0.0598,0.0,0.0,0.0,20,0.0597,0.0604,20,0.0594,0.0604,0.061,0.0598,17.0,10184.0,459
2023-05-10 09:37:40,OP90002169,中证500ETF沽12月5500,0.0598,0.0,0.0,0.0,10,0.0597,0.0604,20,0.0594,0.0604,0.061,0.0598,17.0,10184.0,459
2023-05-10 09:37:41,OP90002169,中证500ETF沽12月5500,0.0598,0.0,0.0,0.0,20,0.0597,0.0604,20,0.0594,0.0604,0.061,0.0598,17.0,10184.0,459
2023-05-10 09:37:41,OP90002169,中证500ETF沽12月5500,0.0598,0.0,0.0,0.0,10,0.0596,0.0604,20,0.0594,0.0604,0.061,0.0598,17.0,10184.0,459
2023-05-10 09:37:42,OP90002169,中证500ETF沽12月5500,0.0598,0.0,0.0,0.0,20,0.0596,0.0604,30,0.0594,0.0604,0.061,0.0598,17.0,10184.0,459
2023-05-10 09:37:42,OP90002169,中证500ETF沽12月5500,0.0598,0.0,0.0,0.0,10,0.0597,0.0603,20,0.0594,0.0604,0.061,0.0598,17.0,10184.0,459
2023-05-10 09:37:43,OP90002169,中证500ETF沽12月5500,0.0598,0.0,0.0,0.0,20,0.0597,0.0603,20,0.0594,0.0604,0.061,0.0598,17.0,10184.0,459
2023-05-10 09:37:43,OP90002169,中证500ETF沽12月5500,0.0598,0.0,0.0,0.0,10,0.0597,0.0603,20,0.0594,0.0604,0.061,0.0598,17.0,10184.0,459
2023-05-10 09:37:44,OP90002169,中证500ETF沽12月5500,0.0598,0.0,0.0,0.0,30,0.0597,0.0603,20,0.0594,0.0604,0.061,0.0598,17.0,10184.0,459
2023-05-10 09:37:44,OP90002169,中证500ETF沽12月5500,0.0598,0.0,0.0,0.0,30,0.0597,0.0604,20,0.0594,0.0604,0.061,0.0598,17.0,10184.0,459
2023-05-10 09:37:45,OP90002169,中证500ETF沽12月5500,0.0598,0.0,0.0,0.0,30,0.0597,0.0604,20,0.0594,0.0604,0.061,0.0598,17.0,10184.0,459
2023-05-10 09:37:45,OP90002169,中证500ETF沽12月5500,0.0598,0.0,0.0,0.0,20,0.0597,0.0604,20,0.0594,0.0604,0.061,0.0598,17.0,10184.0,459
2023-05-10 09:37:46,OP90002169,中证500ETF沽12月5500,0.0598,0.0,0.0,0.0,10,0.0596,0.0604,20,0.0594,0.0604,0.061,0.0598,17.0,10184.0,459
2023-05-10 09:37:46,OP90002169,中证500ETF沽12月5500,0.0598,0.0,0.0,0.0,30,0.0596,0.0604,20,0.0594,0.0604,0.061,0.0598,17.0,10184.0,459
2023-05-10 09:37:47,OP90002169,中证500ETF沽12月5500,0.0598,0.0,0.0,0.0,20,0.0596,0.0604,30,0.0594,0.0604,0.061,0.0598,17.0,10184.0,459
2023-05-10 09:37:47,OP90002169,中证500ETF沽12月5500,0.0598,0.0,0.0,0.0,10,0.0596,0.0603,20,0.0594,0.0604,0.061,0.0598,17.0,10184.0,459
2023-05-10 09:37:48,OP90002169,中证500ETF沽12月5500,0.0598,0.0,0.0,0.0,30,0.0596,0.0603,20,0.0594,0.0604,0.061,0.0598,17.0,10184.0,459
2023-05-10 09:37:50,OP90002169,中证500ETF沽12月5500,0.0598,0.0,0.0,0.0,20,0.0596,0.0603,20,0.0594,0.0604,0.061,0.0598,17.0,10184.0,459
2023-05-10 09:37:50,OP90002169,中证500ETF沽12月5500,0.0598,0.0,0.0,0.0,10,0.0597,0.0603,20,0.0594,0.0604,0.061,0.0598,17.0,10184.0,459
2023-05-10 09:37:51,OP90002169,中证500ETF沽12月5500,0.0598,0.0,0.0,0.0,30,0.0597,0.0603,20,0.0594,0.0604,0.061,0.0598,17.0,10184.0,459
2023-05-10 09:37:52,OP90002169,中证500ETF沽12月5500,0.0598,0.0,0.0,0.0,20,0.0597,0.0603,20,0.0594,0.0604,0.061,0.0598,17.0,10184.0,459
2023-05-10 09:37:52,OP90002169,中证500ETF沽12月5500,0.0598,0.0,0.0,0.0,10,0.0597,0.0603,20,0.0594,0.0604,0.061,0.0598,17.0,10184.0,459
2023-05-10 09:37:53,OP90002169,中证500ETF沽12月5500,0.0598,0.0,0.0,0.0,30,0.0597,0.0603,20,0.0594,0.0604,0.061,0.0598,17.0,10184.0,459
2023-05-10 09:37:54,OP90002169,中证500ETF沽12月5500,0.0598,0.0,0.0,0.0,20,0.0597,0.0603,20,0.0594,0.0604,0.061,0.0598,17.0,10184.0,459
2023-05-10 09:37:54,OP90002169,中证500ETF沽12月5500,0.0598,0.0,0.0,0.0,10,0.0598,0.0603,20,0.0594,0.0604,0.061,0.0598,17.0,10184.0,459
2023-05-10 09:37:55,OP90002169,中证500ETF沽12月5500,0.0598,0.0,0.0,0.0,20,0.0598,0.0603,20,0.0594,0.0604,0.061,0.0598,17.0,10184.0,459
2023-05-10 09:37:55,OP90002169,中证500ETF沽12月5500,0.0598,0.0,0.0,0.0,20,0.0598,0.0604,20,0.0594,0.0604,0.061,0.0598,17.0,10184.0,459
2023-05-10 09:37:57,OP90002169,中证500ETF沽12月5500,0.0598,0.0,0.0,0.0,20,0.0598,0.0604,20,0.0594,0.0604,0.061,0.0598,17.0,10184.0,459
2023-05-10 09:37:58,OP90002169,中证500ETF沽12月5500,0.0598,0.0,0.0,0.0,20,0.0598,0.0604,30,0.0594,0.0604,0.061,0.0598,17.0,10184.0,459
2023-05-10 09:37:58,OP90002169,中证500ETF沽12月5500,0.0598,0.0,0.0,0.0,20,0.0598,0.0603,20,0.0594,0.0604,0.061,0.0598,17.0,10184.0,459
2023-05-10 09:38:00,OP90002169,中证500ETF沽12月5500,0.0598,0.0,0.0,0.0,20,0.0598,0.0603,20,0.0594,0.0604,0.061,0.0598,17.0,10184.0,459
2023-05-10 09:38:03,OP90002169,中证500ETF沽12月5500,0.0598,0.0,0.0,0.0,20,0.0598,0.0603,20,0.0594,0.0604,0.061,0.0598,17.0,10184.0,459
2023-05-10 09:38:04,OP90002169,中证500ETF沽12月5500,0.0598,0.0,0.0,0.0,20,0.0598,0.0603,20,0.0594,0.0604,0.061,0.0598,17.0,10184.0,459
2023-05-10 09:38:05,OP90002169,中证500ETF沽12月5500,0.0598,0.0,0.0,0.0,20,0.0598,0.0603,20,0.0594,0.0604,0.061,0.0598,17.0,10184.0,459
2023-05-10 09:38:06,OP90002169,中证500ETF沽12月5500,0.0598,0.0,0.0,0.0,30,0.0597,0.0603,20,0.0594,0.0604,0.061,0.0598,17.0,10184.0,459
2023-05-10 09:38:07,OP90002169,中证500ETF沽12月5500,0.0598,0.0,0.0,0.0,20,0.0597,0.0603,20,0.0594,0.0604,0.061,0.0598,17.0,10184.0,459
2023-05-10 09:38:07,OP90002169,中证500ETF沽12月5500,0.0598,0.0,0.0,0.0,10,0.0595,0.0603,20,0.0594,0.0604,0.061,0.0598,17.0,10184.0,459
2023-05-10 09:38:08,OP90002169,中证500ETF沽12月5500,0.0598,0.0,0.0,0.0,60,0.0594,0.0603,20,0.0594,0.0604,0.061,0.0598,17.0,10184.0,459
2023-05-10 09:38:09,OP90002169,中证500ETF沽12月5500,0.0598,0.0,0.0,0.0,85,0.0594,0.0603,20,0.0594,0.0604,0.061,0.0598,17.0,10184.0,459
2023-05-10 09:38:09,OP90002169,中证500ETF沽12月5500,0.0598,0.0,0.0,0.0,75,0.0594,0.0603,20,0.0594,0.0604,0.061,0.0598,17.0,10184.0,459
2023-05-10 09:38:10,OP90002169,中证500ETF沽12月5500,0.0598,0.0,0.0,0.0,10,0.0597,0.0603,30,0.0594,0.0604,0.061,0.0598,17.0,10184.0,459
2023-05-10 09:38:10,OP90002169,中证500ETF沽12月5500,0.0598,0.0,0.0,0.0,20,0.0597,0.0603,30,0.0594,0.0604,0.061,0.0598,17.0,10184.0,459
2023-05-10 09:38:11,OP90002169,中证500ETF沽12月5500,0.0598,0.0,0.0,0.0,10,0.0596,0.0603,30,0.0594,0.0604,0.061,0.0598,17.0,10184.0,459
2023-05-10 09:38:12,OP90002169,中证500ETF沽12月5500,0.0598,0.0,0.0,0.0,60,0.0594,0.0602,20,0.0594,0.0604,0.061,0.0598,17.0,10184.0,459
2023-05-10 09:38:13,OP90002169,中证500ETF沽12月5500,0.0598,0.0,0.0,0.0,70,0.0594,0.0602,20,0.0594,0.0604,0.061,0.0598,17.0,10184.0,459
2023-05-10 09:38:13,OP90002169,中证500ETF沽12月5500,0.0598,0.0,0.0,0.0,60,0.0594,0.0602,20,0.0594,0.0604,0.061,0.0598,17.0,10184.0,459
2023-05-10 09:38:14,OP90002169,中证500ETF沽12月5500,0.0598,0.0,0.0,0.0,60,0.0594,0.0602,20,0.0594,0.0604,0.061,0.0598,17.0,10184.0,459
2023-05-10 09:38:15,OP90002169,中证500ETF沽12月5500,0.0598,0.0,0.0,0.0,60,0.0594,0.0602,30,0.0594,0.0604,0.061,0.0598,17.0,10184.0,459
2023-05-10 09:38:15,OP90002169,中证500ETF沽12月5500,0.0598,0.0,0.0,0.0,60,0.0594,0.0601,20,0.0594,0.0604,0.061,0.0598,17.0,10184.0,459
2023-05-10 09:38:16,OP90002169,中证500ETF沽12月5500,0.0598,0.0,0.0,0.0,60,0.0594,0.0601,30,0.0594,0.0604,0.061,0.0598,17.0,10184.0,459
2023-05-10 09:38:16,OP90002169,中证500ETF沽12月5500,0.0598,0.0,0.0,0.0,60,0.0594,0.06,20,0.0594,0.0604,0.061,0.0598,17.0,10184.0,459
2023-05-10 09:38:17,OP90002169,中证500ETF沽12月5500,0.0598,0.0,0.0,0.0,60,0.0594,0.06,20,0.0594,0.0604,0.061,0.0598,17.0,10184.0,459
2023-05-10 09:38:17,OP90002169,中证500ETF沽12月5500,0.0598,0.0,0.0,0.0,60,0.0594,0.0601,20,0.0594,0.0604,0.061,0.0598,17.0,10184.0,459
2023-05-10 09:38:18,OP90002169,中证500ETF沽12月5500,0.0598,0.0,0.0,0.0,60,0.0594,0.0601,20,0.0594,0.0604,0.061,0.0598,17.0,10184.0,459
2023-05-10 09:38:19,OP90002169,中证500ETF沽12月5500,0.0598,0.0,0.0,0.0,60,0.0594,0.0602,30,0.0594,0.0604,0.061,0.0598,17.0,10184.0,459
2023-05-10 09:38:21,OP90002169,中证500ETF沽12月5500,0.0598,0.0,0.0,0.0,60,0.0594,0.0602,20,0.0594,0.0604,0.061,0.0598,17.0,10184.0,459
2023-05-10 09:38:21,OP90002169,中证500ETF沽12月5500,0.0598,0.0,0.0,0.0,75,0.0594,0.0603,30,0.0594,0.0604,0.061,0.0598,17.0,10184.0,459
2023-05-10 09:38:22,OP90002169,中证500ETF沽12月5500,0.0598,0.0,0.0,0.0,10,0.0596,0.0603,30,0.0594,0.0604,0.061,0.0598,17.0,10184.0,459
2023-05-10 09:38:22,OP90002169,中证500ETF沽12月5500,0.0598,0.0,0.0,0.0,10,0.0596,0.0603,30,0.0594,0.0604,0.061,0.0598,17.0,10184.0,459
2023-05-10 09:38:23,OP90002169,中证500ETF沽12月5500,0.0598,0.0,0.0,0.0,10,0.0596,0.0602,20,0.0594,0.0604,0.061,0.0598,17.0,10184.0,459
2023-05-10 09:38:25,OP90002169,中证500ETF沽12月5500,0.0598,0.0,0.0,0.0,60,0.0594,0.0602,20,0.0594,0.0604,0.061,0.0598,17.0,10184.0,459
2023-05-10 09:38:25,OP90002169,中证500ETF沽12月5500,0.0598,0.0,0.0,0.0,10,0.0595,0.0602,20,0.0594,0.0604,0.061,0.0598,17.0,10184.0,459
2023-05-10 09:38:26,OP90002169,中证500ETF沽12月5500,0.0598,0.0,0.0,0.0,60,0.0594,0.0602,20,0.0594,0.0604,0.061,0.0598,17.0,10184.0,459
2023-05-10 09:38:27,OP90002169,中证500ETF沽12月5500,0.0598,0.0,0.0,0.0,70,0.0594,0.0602,20,0.0594,0.0604,0.061,0.0598,17.0,10184.0,459
2023-05-10 09:38:28,OP90002169,中证500ETF沽12月5500,0.0598,0.0,0.0,0.0,40,0.0594,0.0602,20,0.0594,0.0604,0.061,0.0598,17.0,10184.0,459
2023-05-10 09:38:28,OP90002169,中证500ETF沽12月5500,0.0598,0.0,0.0,0.0,20,0.0594,0.0602,20,0.0594,0.0604,0.061,0.0598,17.0,10184.0,459
2023-05-10 09:38:29,OP90002169,中证500ETF沽12月5500,0.0598,0.0,0.0,0.0,20,0.0594,0.0602,30,0.0594,0.0604,0.061,0.0598,17.0,10184.0,459
2023-05-10 09:38:29,OP90002169,中证500ETF沽12月5500,0.0598,0.0,0.0,0.0,20,0.0594,0.0601,20,0.0594,0.0604,0.061,0.0598,17.0,10184.0,459
2023-05-10 09:38:30,OP90002169,中证500ETF沽12月5500,0.0598,0.0,0.0,0.0,20,0.0594,0.0601,20,0.0594,0.0604,0.061,0.0598,17.0,10184.0,459
2023-05-10 09:38:31,OP90002169,中证500ETF沽12月5500,0.0598,0.0,0.0,0.0,20,0.0594,0.0601,20,0.0594,0.0604,0.061,0.0598,17.0,10184.0,459
2023-05-10 09:38:33,OP90002169,中证500ETF沽12月5500,0.0598,0.0,0.0,0.0,20,0.0594,0.0601,20,0.0594,0.0604,0.061,0.0598,17.0,10184.0,459
2023-05-10 09:38:33,OP90002169,中证500ETF沽12月5500,0.0598,0.0,0.0,0.0,20,0.0594,0.0602,20,0.0594,0.0604,0.061,0.0598,17.0,10184.0,459
2023-05-10 09:38:34,OP90002169,中证500ETF沽12月5500,0.0598,0.0,0.0,0.0,20,0.0594,0.0602,30,0.0594,0.0604,0.061,0.0598,17.0,10184.0,459
2023-05-10 09:38:34,OP90002169,中证500ETF沽12月5500,0.0598,0.0,0.0,0.0,20,0.0594,0.0601,20,0.0594,0.0604,0.061,0.0598,17.0,10184.0,459
2023-05-10 09:38:35,OP90002169,中证500ETF沽12月5500,0.0598,0.0,0.0,0.0,20,0.0594,0.0601,30,0.0594,0.0604,0.061,0.0598,17.0,10184.0,459
2023-05-10 09:38:36,OP90002169,中证500ETF沽12月5500,0.0598,0.0,0.0,0.0,20,0.0594,0.0601,10,0.0594,0.0604,0.061,0.0598,17.0,10184.0,459
2023-05-10 09:38:36,OP90002169,中证500ETF沽12月5500,0.0598,0.0,0.0,0.0,20,0.0594,0.0601,10,0.0594,0.0604,0.061,0.0598,17.0,10184.0,459
2023-05-10 09:38:38,OP90002169,中证500ETF沽12月5500,0.0598,0.0,0.0,0.0,20,0.0594,0.0601,10,0.0594,0.0604,0.061,0.0598,17.0,10184.0,459
2023-05-10 09:38:39,OP90002169,中证500ETF沽12月5500,0.0598,0.0,0.0,0.0,20,0.0594,0.0601,10,0.0594,0.0604,0.061,0.0598,17.0,10184.0,459
2023-05-10 09:38:40,OP90002169,中证500ETF沽12月5500,0.0598,0.0,0.0,0.0,10,0.0596,0.0601,10,0.0594,0.0604,0.061,0.0598,17.0,10184.0,459
2023-05-10 09:38:40,OP90002169,中证500ETF沽12月5500,0.0598,0.0,0.0,0.0,20,0.0596,0.0601,10,0.0594,0.0604,0.061,0.0598,17.0,10184.0,459
2023-05-10 09:38:41,OP90002169,中证500ETF沽12月5500,0.0598,0.0,0.0,0.0,10,0.0597,0.0601,10,0.0594,0.0604,0.061,0.0598,17.0,10184.0,459
2023-05-10 09:38:42,OP90002169,中证500ETF沽12月5500,0.0598,0.0,0.0,0.0,20,0.0597,0.0601,10,0.0594,0.0604,0.061,0.0598,17.0,10184.0,459
2023-05-10 09:38:42,OP90002169,中证500ETF沽12月5500,0.0598,0.0,0.0,0.0,10,0.0597,0.0601,10,0.0594,0.0604,0.061,0.0598,17.0,10184.0,459
2023-05-10 09:38:43,OP90002169,中证500ETF沽12月5500,0.0598,0.0,0.0,0.0,20,0.0597,0.0601,10,0.0594,0.0604,0.061,0.0598,17.0,10184.0,459
2023-05-10 09:38:43,OP90002169,中证500ETF沽12月5500,0.0598,0.0,0.0,0.0,30,0.0597,0.0601,10,0.0594,0.0604,0.061,0.0598,17.0,10184.0,459
2023-05-10 09:38:45,OP90002169,中证500ETF沽12月5500,0.0598,0.0,0.0,0.0,20,0.0597,0.0601,10,0.0594,0.0604,0.061,0.0598,17.0,10184.0,459
2023-05-10 09:38:45,OP90002169,中证500ETF沽12月5500,0.0598,0.0,0.0,0.0,10,0.0596,0.0601,10,0.0594,0.0604,0.061,0.0598,17.0,10184.0,459
2023-05-10 09:38:50,OP90002169,中证500ETF沽12月5500,0.0598,0.0,0.0,0.0,20,0.0595,0.0601,10,0.0594,0.0604,0.061,0.0598,17.0,10184.0,459
2023-05-10 09:38:50,OP90002169,中证500ETF沽12月5500,0.0598,0.0,0.0,0.0,10,0.0596,0.0601,10,0.0594,0.0604,0.061,0.0598,17.0,10184.0,459
2023-05-10 09:38:52,OP90002169,中证500ETF沽12月5500,0.0598,0.0,0.0,0.0,20,0.0595,0.0601,10,0.0594,0.0604,0.061,0.0598,17.0,10184.0,459
2023-05-10 09:38:53,OP90002169,中证500ETF沽12月5500,0.0598,0.0,0.0,0.0,30,0.0595,0.0601,10,0.0594,0.0604,0.061,0.0598,17.0,10184.0,459
2023-05-10 09:38:53,OP90002169,中证500ETF沽12月5500,0.0598,0.0,0.0,0.0,20,0.0595,0.0601,10,0.0594,0.0604,0.061,0.0598,17.0,10184.0,459
2023-05-10 09:38:54,OP90002169,中证500ETF沽12月5500,0.0598,0.0,0.0,0.0,50,0.0595,0.0601,10,0.0594,0.0604,0.061,0.0598,17.0,10184.0,459
2023-05-10 09:38:54,OP90002169,中证500ETF沽12月5500,0.0598,0.0,0.0,0.0,50,0.0595,0.0601,10,0.0594,0.0604,0.061,0.0598,17.0,10184.0,459
2023-05-10 09:38:55,OP90002169,中证500ETF沽12月5500,0.0598,0.0,0.0,0.0,40,0.0595,0.0601,10,0.0594,0.0604,0.061,0.0598,17.0,10184.0,459
2023-05-10 09:38:55,OP90002169,中证500ETF沽12月5500,0.0598,0.0,0.0,0.0,10,0.0596,0.0601,10,0.0594,0.0604,0.061,0.0598,17.0,10184.0,459
2023-05-10 09:38:56,OP90002169,中证500ETF沽12月5500,0.0598,0.0,0.0,0.0,20,0.0595,0.0601,10,0.0594,0.0604,0.061,0.0598,17.0,10184.0,459
2023-05-10 09:38:56,OP90002169,中证500ETF沽12月5500,0.0598,0.0,0.0,0.0,10,0.0596,0.0601,10,0.0594,0.0604,0.061,0.0598,17.0,10184.0,459
2023-05-10 09:38:57,OP90002169,中证500ETF沽12月5500,0.0598,0.0,0.0,0.0,20,0.0595,0.0601,10,0.0594,0.0604,0.061,0.0598,17.0,10184.0,459
2023-05-10 09:38:57,OP90002169,中证500ETF沽12月5500,0.0598,0.0,0.0,0.0,30,0.0595,0.0601,10,0.0594,0.0604,0.061,0.0598,17.0,10184.0,459
2023-05-10 09:38:58,OP90002169,中证500ETF沽12月5500,0.0598,0.0,0.0,0.0,20,0.0595,0.0601,10,0.0594,0.0604,0.061,0.0598,17.0,10184.0,459
2023-05-10 09:38:58,OP90002169,中证500ETF沽12月5500,0.0598,0.0,0.0,0.0,30,0.0595,0.0601,10,0.0594,0.0604,0.061,0.0598,17.0,10184.0,459
2023-05-10 09:39:03,OP90002169,中证500ETF沽12月5500,0.0598,0.0,0.0,0.0,20,0.0595,0.0601,10,0.0594,0.0604,0.061,0.0598,17.0,10184.0,459
2023-05-10 09:39:04,OP90002169,中证500ETF沽12月5500,0.0598,0.0,0.0,0.0,30,0.0595,0.0601,10,0.0594,0.0604,0.061,0.0598,17.0,10184.0,459
2023-05-10 09:39:05,OP90002169,中证500ETF沽12月5500,0.0598,0.0,0.0,0.0,40,0.0595,0.0601,10,0.0594,0.0604,0.061,0.0598,17.0,10184.0,459
2023-05-10 09:39:06,OP90002169,中证500ETF沽12月5500,0.0598,0.0,0.0,0.0,10,0.0597,0.0601,10,0.0594,0.0604,0.061,0.0598,17.0,10184.0,459
2023-05-10 09:39:06,OP90002169,中证500ETF沽12月5500,0.0598,0.0,0.0,0.0,20,0.0597,0.0601,10,0.0594,0.0604,0.061,0.0598,17.0,10184.0,459
2023-05-10 09:39:07,OP90002169,中证500ETF沽12月5500,0.0601,10.0,6010.0,0.0,10,0.0597,0.0605,40,0.0594,0.0604,0.061,0.0598,27.0,16194.0,459
2023-05-10 09:39:07,OP90002169,中证500ETF沽12月5500,0.0601,0.0,0.0,0.0,30,0.0597,0.0605,40,0.0594,0.0604,0.061,0.0598,27.0,16194.0,459
2023-05-10 09:39:08,OP90002169,中证500ETF沽12月5500,0.0601,0.0,0.0,0.0,30,0.0597,0.0605,20,0.0594,0.0604,0.061,0.0598,27.0,16194.0,459
2023-05-10 09:39:08,OP90002169,中证500ETF沽12月5500,0.0601,0.0,0.0,0.0,30,0.0597,0.0605,20,0.0594,0.0604,0.061,0.0598,27.0,16194.0,459
2023-05-10 09:39:09,OP90002169,中证500ETF沽12月5500,0.0601,0.0,0.0,0.0,30,0.0597,0.0605,40,0.0594,0.0604,0.061,0.0598,27.0,16194.0,459
2023-05-10 09:39:09,OP90002169,中证500ETF沽12月5500,0.0601,0.0,0.0,0.0,30,0.0597,0.0605,40,0.0594,0.0604,0.061,0.0598,27.0,16194.0,459
2023-05-10 09:39:10,OP90002169,中证500ETF沽12月5500,0.0601,0.0,0.0,0.0,20,0.0597,0.0605,40,0.0594,0.0604,0.061,0.0598,27.0,16194.0,459
2023-05-10 09:39:10,OP90002169,中证500ETF沽12月5500,0.0601,0.0,0.0,0.0,40,0.0595,0.0605,40,0.0594,0.0604,0.061,0.0598,27.0,16194.0,459
2023-05-10 09:39:11,OP90002169,中证500ETF沽12月5500,0.0601,0.0,0.0,0.0,40,0.0595,0.0605,40,0.0594,0.0604,0.061,0.0598,27.0,16194.0,459
2023-05-10 09:39:11,OP90002169,中证500ETF沽12月5500,0.0601,0.0,0.0,0.0,60,0.0595,0.0605,60,0.0594,0.0604,0.061,0.0598,27.0,16194.0,459
2023-05-10 09:39:12,OP90002169,中证500ETF沽12月5500,0.0601,0.0,0.0,0.0,40,0.0595,0.0604,20,0.0594,0.0604,0.061,0.0598,27.0,16194.0,459
2023-05-10 09:39:13,OP90002169,中证500ETF沽12月5500,0.0601,0.0,0.0,0.0,20,0.0595,0.0604,20,0.0594,0.0604,0.061,0.0598,27.0,16194.0,459
2023-05-10 09:39:13,OP90002169,中证500ETF沽12月5500,0.0601,0.0,0.0,0.0,20,0.0595,0.0604,20,0.0594,0.0604,0.061,0.0598,27.0,16194.0,459
2023-05-10 09:39:15,OP90002169,中证500ETF沽12月5500,0.0601,0.0,0.0,0.0,50,0.0594,0.0604,20,0.0594,0.0604,0.061,0.0598,27.0,16194.0,459
2023-05-10 09:39:15,OP90002169,中证500ETF沽12月5500,0.0601,0.0,0.0,0.0,20,0.0594,0.0604,20,0.0594,0.0604,0.061,0.0598,27.0,16194.0,459
2023-05-10 09:39:16,OP90002169,中证500ETF沽12月5500,0.0601,0.0,0.0,0.0,20,0.0592,0.0604,20,0.0594,0.0604,0.061,0.0598,27.0,16194.0,459
2023-05-10 09:39:16,OP90002169,中证500ETF沽12月5500,0.0601,0.0,0.0,0.0,55,0.0592,0.0604,20,0.0594,0.0604,0.061,0.0598,27.0,16194.0,459
2023-05-10 09:39:18,OP90002169,中证500ETF沽12月5500,0.0601,0.0,0.0,0.0,35,0.0592,0.0604,20,0.0594,0.0604,0.061,0.0598,27.0,16194.0,459
2023-05-10 09:39:19,OP90002169,中证500ETF沽12月5500,0.0601,0.0,0.0,0.0,20,0.0592,0.0604,20,0.0594,0.0604,0.061,0.0598,27.0,16194.0,459
2023-05-10 09:39:19,OP90002169,中证500ETF沽12月5500,0.0601,0.0,0.0,0.0,55,0.0592,0.0604,20,0.0594,0.0604,0.061,0.0598,27.0,16194.0,459
2023-05-10 09:39:20,OP90002169,中证500ETF沽12月5500,0.0601,0.0,0.0,0.0,40,0.0592,0.0604,20,0.0594,0.0604,0.061,0.0598,27.0,16194.0,459
2023-05-10 09:39:23,OP90002169,中证500ETF沽12月5500,0.0601,0.0,0.0,0.0,20,0.0592,0.0604,20,0.0594,0.0604,0.061,0.0598,27.0,16194.0,459
2023-05-10 09:39:25,OP90002169,中证500ETF沽12月5500,0.0601,0.0,0.0,0.0,20,0.0592,0.0604,20,0.0594,0.0604,0.061,0.0598,27.0,16194.0,459
2023-05-10 09:39:25,OP90002169,中证500ETF沽12月5500,0.0601,0.0,0.0,0.0,20,0.0592,0.0604,35,0.0594,0.0604,0.061,0.0598,27.0,16194.0,459
2023-05-10 09:39:26,OP90002169,中证500ETF沽12月5500,0.0601,0.0,0.0,0.0,20,0.0592,0.0603,20,0.0594,0.0604,0.061,0.0598,27.0,16194.0,459
2023-05-10 09:39:26,OP90002169,中证500ETF沽12月5500,0.0601,0.0,0.0,0.0,20,0.0592,0.0603,20,0.0594,0.0604,0.061,0.0598,27.0,16194.0,459
2023-05-10 09:39:28,OP90002169,中证500ETF沽12月5500,0.0601,0.0,0.0,0.0,20,0.0592,0.0603,20,0.0594,0.0604,0.061,0.0598,27.0,16194.0,459
2023-05-10 09:39:29,OP90002169,中证500ETF沽12月5500,0.0601,0.0,0.0,0.0,20,0.0592,0.0603,20,0.0594,0.0604,0.061,0.0598,27.0,16194.0,459
2023-05-10 09:39:29,OP90002169,中证500ETF沽12月5500,0.0601,0.0,0.0,0.0,20,0.0592,0.0603,20,0.0594,0.0604,0.061,0.0598,27.0,16194.0,459
2023-05-10 09:39:30,OP90002169,中证500ETF沽12月5500,0.0601,0.0,0.0,0.0,20,0.0592,0.0603,35,0.0594,0.0604,0.061,0.0598,27.0,16194.0,459
2023-05-10 09:39:30,OP90002169,中证500ETF沽12月5500,0.0601,0.0,0.0,0.0,20,0.0592,0.0602,20,0.0594,0.0604,0.061,0.0598,27.0,16194.0,459
2023-05-10 09:39:31,OP90002169,中证500ETF沽12月5500,0.0601,0.0,0.0,0.0,20,0.0592,0.0604,20,0.0594,0.0604,0.061,0.0598,27.0,16194.0,459
2023-05-10 09:39:31,OP90002169,中证500ETF沽12月5500,0.0601,0.0,0.0,0.0,20,0.0592,0.0604,35,0.0594,0.0604,0.061,0.0598,27.0,16194.0,459
2023-05-10 09:39:32,OP90002169,中证500ETF沽12月5500,0.0601,0.0,0.0,0.0,20,0.0592,0.0603,20,0.0594,0.0604,0.061,0.0598,27.0,16194.0,459
2023-05-10 09:39:34,OP90002169,中证500ETF沽12月5500,0.0601,0.0,0.0,0.0,20,0.0592,0.0603,20,0.0594,0.0604,0.061,0.0598,27.0,16194.0,459
2023-05-10 09:39:34,OP90002169,中证500ETF沽12月5500,0.0601,0.0,0.0,0.0,20,0.0592,0.0602,20,0.0594,0.0604,0.061,0.0598,27.0,16194.0,459
2023-05-10 09:39:35,OP90002169,中证500ETF沽12月5500,0.0601,0.0,0.0,0.0,55,0.0592,0.0602,20,0.0594,0.0604,0.061,0.0598,27.0,16194.0,459
2023-05-10 09:39:35,OP90002169,中证500ETF沽12月5500,0.0601,0.0,0.0,0.0,35,0.0592,0.0604,20,0.0594,0.0604,0.061,0.0598,27.0,16194.0,459
2023-05-10 09:39:36,OP90002169,中证500ETF沽12月5500,0.0601,0.0,0.0,0.0,35,0.0592,0.0604,20,0.0594,0.0604,0.061,0.0598,27.0,16194.0,459
2023-05-10 09:39:36,OP90002169,中证500ETF沽12月5500,0.0601,0.0,0.0,0.0,35,0.0592,0.0604,20,0.0594,0.0604,0.061,0.0598,27.0,16194.0,459
