time,symbol_id,symbol_name,last,trade_volume,trade_amount,open_interest_change,bv1,bp1,ap1,av1,yesterday_close,today_open,today_high,today_low,volume,amount,open_interest
2023-05-10 08:30:00,OP90002159,中证500ETF购12月5250,0.0,0.0,0.0,-178.0,0,0.0,0.0,0,1.0748,1.0568,0.0,0.0,0.0,0.0,488
2023-05-10 09:25:00,OP90002159,中证500ETF购12月5250,0.0,0.0,0.0,0.0,1,1.0777,1.084,1,1.0748,1.0568,0.0,0.0,0.0,0.0,488
2023-05-10 09:30:00,OP90002159,中证500ETF购12月5250,0.0,0.0,0.0,0.0,1,1.0777,1.1133,1,1.0748,1.0568,0.0,0.0,0.0,0.0,488
2023-05-10 09:30:00,OP90002159,中证500ETF购12月5250,0.0,0.0,0.0,0.0,3,1.046,1.1133,1,1.0748,1.0568,0.0,0.0,0.0,0.0,488
2023-05-10 09:30:01,OP90002159,中证500ETF购12月5250,0.0,0.0,0.0,0.0,3,1.046,1.1512,1,1.0748,1.0568,0.0,0.0,0.0,0.0,488
2023-05-10 09:30:02,OP90002159,中证500ETF购12月5250,0.0,0.0,0.0,0.0,3,1.046,1.1547,1,1.0748,1.0568,0.0,0.0,0.0,0.0,488
2023-05-10 09:30:09,OP90002159,中证500ETF购12月5250,0.0,0.0,0.0,0.0,3,1.046,0.0,0,1.0748,1.0568,0.0,0.0,0.0,0.0,488
2023-05-10 09:30:25,OP90002159,中证500ETF购12月5250,0.0,0.0,0.0,0.0,20,1.0517,1.0736,20,1.0748,1.0568,0.0,0.0,0.0,0.0,488
2023-05-10 09:30:25,OP90002159,中证500ETF购12月5250,0.0,0.0,0.0,0.0,20,1.0521,1.0707,20,1.0748,1.0568,0.0,0.0,0.0,0.0,488
2023-05-10 09:30:31,OP90002159,中证500ETF购12月5250,0.0,0.0,0.0,0.0,20,1.0521,1.0707,20,1.0748,1.0568,0.0,0.0,0.0,0.0,488
2023-05-10 09:30:34,OP90002159,中证500ETF购12月5250,0.0,0.0,0.0,0.0,60,1.0517,1.0694,20,1.0748,1.0568,0.0,0.0,0.0,0.0,488
2023-05-10 09:30:34,OP90002159,中证500ETF购12月5250,0.0,0.0,0.0,0.0,60,1.0517,1.0694,20,1.0748,1.0568,0.0,0.0,0.0,0.0,488
2023-05-10 09:30:35,OP90002159,中证500ETF购12月5250,0.0,0.0,0.0,0.0,20,1.0527,1.0712,20,1.0748,1.0568,0.0,0.0,0.0,0.0,488
2023-05-10 09:30:36,OP90002159,中证500ETF购12月5250,0.0,0.0,0.0,0.0,20,1.0527,1.0712,20,1.0748,1.0568,0.0,0.0,0.0,0.0,488
2023-05-10 09:30:37,OP90002159,中证500ETF购12月5250,0.0,0.0,0.0,0.0,20,1.0527,1.0712,20,1.0748,1.0568,0.0,0.0,0.0,0.0,488
2023-05-10 09:30:38,OP90002159,中证500ETF购12月5250,0.0,0.0,0.0,0.0,20,1.0527,1.0712,20,1.0748,1.0568,0.0,0.0,0.0,0.0,488
2023-05-10 09:30:38,OP90002159,中证500ETF购12月5250,0.0,0.0,0.0,0.0,20,1.0527,1.0711,15,1.0748,1.0568,0.0,0.0,0.0,0.0,488
2023-05-10 09:30:39,OP90002159,中证500ETF购12月5250,0.0,0.0,0.0,0.0,40,1.0517,1.0694,20,1.0748,1.0568,0.0,0.0,0.0,0.0,488
2023-05-10 09:30:39,OP90002159,中证500ETF购12月5250,0.0,0.0,0.0,0.0,40,1.0517,1.0693,15,1.0748,1.0568,0.0,0.0,0.0,0.0,488
2023-05-10 09:30:40,OP90002159,中证500ETF购12月5250,0.0,0.0,0.0,0.0,40,1.0517,1.0693,15,1.0748,1.0568,0.0,0.0,0.0,0.0,488
2023-05-10 09:30:41,OP90002159,中证500ETF购12月5250,0.0,0.0,0.0,0.0,40,1.0517,1.068,20,1.0748,1.0568,0.0,0.0,0.0,0.0,488
2023-05-10 09:30:41,OP90002159,中证500ETF购12月5250,0.0,0.0,0.0,0.0,40,1.0517,1.0679,15,1.0748,1.0568,0.0,0.0,0.0,0.0,488
2023-05-10 09:30:42,OP90002159,中证500ETF购12月5250,0.0,0.0,0.0,0.0,40,1.0517,1.0679,15,1.0748,1.0568,0.0,0.0,0.0,0.0,488
2023-05-10 09:30:49,OP90002159,中证500ETF购12月5250,0.0,0.0,0.0,0.0,40,1.0517,1.0679,15,1.0748,1.0568,0.0,0.0,0.0,0.0,488
2023-05-10 09:30:49,OP90002159,中证500ETF购12月5250,0.0,0.0,0.0,0.0,40,1.0517,1.0679,15,1.0748,1.0568,0.0,0.0,0.0,0.0,488
2023-05-10 09:30:50,OP90002159,中证500ETF购12月5250,0.0,0.0,0.0,0.0,40,1.0517,1.0679,15,1.0748,1.0568,0.0,0.0,0.0,0.0,488
2023-05-10 09:30:50,OP90002159,中证500ETF购12月5250,0.0,0.0,0.0,0.0,40,1.0517,1.068,20,1.0748,1.0568,0.0,0.0,0.0,0.0,488
2023-05-10 09:30:51,OP90002159,中证500ETF购12月5250,0.0,0.0,0.0,0.0,20,1.0521,1.0707,20,1.0748,1.0568,0.0,0.0,0.0,0.0,488
2023-05-10 09:30:51,OP90002159,中证500ETF购12月5250,0.0,0.0,0.0,0.0,20,1.0521,1.0706,15,1.0748,1.0568,0.0,0.0,0.0,0.0,488
2023-05-10 09:30:52,OP90002159,中证500ETF购12月5250,0.0,0.0,0.0,0.0,20,1.0521,1.0706,15,1.0748,1.0568,0.0,0.0,0.0,0.0,488
2023-05-10 09:30:53,OP90002159,中证500ETF购12月5250,0.0,0.0,0.0,0.0,40,1.0517,1.0692,20,1.0748,1.0568,0.0,0.0,0.0,0.0,488
2023-05-10 09:30:53,OP90002159,中证500ETF购12月5250,0.0,0.0,0.0,0.0,40,1.0517,1.0691,15,1.0748,1.0568,0.0,0.0,0.0,0.0,488
2023-05-10 09:31:00,OP90002159,中证500ETF购12月5250,0.0,0.0,0.0,0.0,40,1.0517,1.0677,20,1.0748,1.0568,0.0,0.0,0.0,0.0,488
2023-05-10 09:31:01,OP90002159,中证500ETF购12月5250,0.0,0.0,0.0,0.0,40,1.0517,1.0676,15,1.0748,1.0568,0.0,0.0,0.0,0.0,488
2023-05-10 09:31:02,OP90002159,中证500ETF购12月5250,0.0,0.0,0.0,0.0,20,1.0517,1.0676,15,1.0748,1.0568,0.0,0.0,0.0,0.0,488
2023-05-10 09:31:03,OP90002159,中证500ETF购12月5250,0.0,0.0,0.0,0.0,20,1.0517,1.0676,15,1.0748,1.0568,0.0,0.0,0.0,0.0,488
2023-05-10 09:31:03,OP90002159,中证500ETF购12月5250,0.0,0.0,0.0,0.0,20,1.0489,1.0675,20,1.0748,1.0568,0.0,0.0,0.0,0.0,488
2023-05-10 09:31:04,OP90002159,中证500ETF购12月5250,0.0,0.0,0.0,0.0,20,1.0489,1.0674,15,1.0748,1.0568,0.0,0.0,0.0,0.0,488
2023-05-10 09:31:04,OP90002159,中证500ETF购12月5250,0.0,0.0,0.0,0.0,20,1.0489,1.0674,15,1.0748,1.0568,0.0,0.0,0.0,0.0,488
2023-05-10 09:31:05,OP90002159,中证500ETF购12月5250,0.0,0.0,0.0,0.0,20,1.0489,1.0674,15,1.0748,1.0568,0.0,0.0,0.0,0.0,488
2023-05-10 09:31:07,OP90002159,中证500ETF购12月5250,0.0,0.0,0.0,0.0,40,1.048,1.066,20,1.0748,1.0568,0.0,0.0,0.0,0.0,488
2023-05-10 09:31:07,OP90002159,中证500ETF购12月5250,0.0,0.0,0.0,0.0,40,1.048,1.0659,15,1.0748,1.0568,0.0,0.0,0.0,0.0,488
2023-05-10 09:31:08,OP90002159,中证500ETF购12月5250,0.0,0.0,0.0,0.0,40,1.048,1.0659,15,1.0748,1.0568,0.0,0.0,0.0,0.0,488
2023-05-10 09:31:09,OP90002159,中证500ETF购12月5250,0.0,0.0,0.0,0.0,40,1.048,1.064,20,1.0748,1.0568,0.0,0.0,0.0,0.0,488
2023-05-10 09:31:09,OP90002159,中证500ETF购12月5250,0.0,0.0,0.0,0.0,40,1.048,1.0639,15,1.0748,1.0568,0.0,0.0,0.0,0.0,488
2023-05-10 09:31:10,OP90002159,中证500ETF购12月5250,0.0,0.0,0.0,0.0,20,1.048,1.0639,15,1.0748,1.0568,0.0,0.0,0.0,0.0,488
2023-05-10 09:31:10,OP90002159,中证500ETF购12月5250,0.0,0.0,0.0,0.0,23,1.046,1.0622,20,1.0748,1.0568,0.0,0.0,0.0,0.0,488
2023-05-10 09:31:11,OP90002159,中证500ETF购12月5250,0.0,0.0,0.0,0.0,23,1.046,1.0621,15,1.0748,1.0568,0.0,0.0,0.0,0.0,488
2023-05-10 09:31:11,OP90002159,中证500ETF购12月5250,0.0,0.0,0.0,0.0,24,1.046,1.0621,15,1.0748,1.0568,0.0,0.0,0.0,0.0,488
2023-05-10 09:31:13,OP90002159,中证500ETF购12月5250,0.0,0.0,0.0,0.0,24,1.046,1.0621,15,1.0748,1.0568,0.0,0.0,0.0,0.0,488
2023-05-10 09:31:13,OP90002159,中证500ETF购12月5250,0.0,0.0,0.0,0.0,24,1.046,1.0621,15,1.0748,1.0568,0.0,0.0,0.0,0.0,488
2023-05-10 09:31:15,OP90002159,中证500ETF购12月5250,0.0,0.0,0.0,0.0,24,1.046,1.0621,15,1.0748,1.0568,0.0,0.0,0.0,0.0,488
2023-05-10 09:31:18,OP90002159,中证500ETF购12月5250,0.0,0.0,0.0,0.0,24,1.046,1.0621,15,1.0748,1.0568,0.0,0.0,0.0,0.0,488
2023-05-10 09:31:21,OP90002159,中证500ETF购12月5250,0.0,0.0,0.0,0.0,1,1.0461,1.0621,15,1.0748,1.0568,0.0,0.0,0.0,0.0,488
2023-05-10 09:31:22,OP90002159,中证500ETF购12月5250,0.0,0.0,0.0,0.0,1,1.0461,1.0621,15,1.0748,1.0568,0.0,0.0,0.0,0.0,488
2023-05-10 09:31:26,OP90002159,中证500ETF购12月5250,0.0,0.0,0.0,0.0,1,1.0461,1.0622,20,1.0748,1.0568,0.0,0.0,0.0,0.0,488
2023-05-10 09:31:26,OP90002159,中证500ETF购12月5250,0.0,0.0,0.0,0.0,20,1.0462,1.0622,15,1.0748,1.0568,0.0,0.0,0.0,0.0,488
2023-05-10 09:31:27,OP90002159,中证500ETF购12月5250,0.0,0.0,0.0,0.0,21,1.0462,1.0622,20,1.0748,1.0568,0.0,0.0,0.0,0.0,488
2023-05-10 09:31:27,OP90002159,中证500ETF购12月5250,0.0,0.0,0.0,0.0,20,1.0463,1.0648,20,1.0748,1.0568,0.0,0.0,0.0,0.0,488
2023-05-10 09:31:28,OP90002159,中证500ETF购12月5250,0.0,0.0,0.0,0.0,20,1.0463,1.0647,15,1.0748,1.0568,0.0,0.0,0.0,0.0,488
2023-05-10 09:31:35,OP90002159,中证500ETF购12月5250,0.0,0.0,0.0,0.0,20,1.0476,1.0647,35,1.0748,1.0568,0.0,0.0,0.0,0.0,488
2023-05-10 09:31:36,OP90002159,中证500ETF购12月5250,0.0,0.0,0.0,0.0,20,1.0476,1.0647,35,1.0748,1.0568,0.0,0.0,0.0,0.0,488
2023-05-10 09:31:36,OP90002159,中证500ETF购12月5250,0.0,0.0,0.0,0.0,20,1.048,1.0647,35,1.0748,1.0568,0.0,0.0,0.0,0.0,488
2023-05-10 09:31:37,OP90002159,中证500ETF购12月5250,0.0,0.0,0.0,0.0,21,1.048,1.0647,20,1.0748,1.0568,0.0,0.0,0.0,0.0,488
2023-05-10 09:31:37,OP90002159,中证500ETF购12月5250,0.0,0.0,0.0,0.0,41,1.048,1.0664,20,1.0748,1.0568,0.0,0.0,0.0,0.0,488
2023-05-10 09:31:38,OP90002159,中证500ETF购12月5250,0.0,0.0,0.0,0.0,41,1.048,1.0663,15,1.0748,1.0568,0.0,0.0,0.0,0.0,488
2023-05-10 09:31:38,OP90002159,中证500ETF购12月5250,0.0,0.0,0.0,0.0,41,1.048,1.0663,15,1.0748,1.0568,0.0,0.0,0.0,0.0,488
2023-05-10 09:31:42,OP90002159,中证500ETF购12月5250,0.0,0.0,0.0,0.0,41,1.048,1.0663,15,1.0748,1.0568,0.0,0.0,0.0,0.0,488
2023-05-10 09:31:45,OP90002159,中证500ETF购12月5250,0.0,0.0,0.0,0.0,61,1.048,1.0663,15,1.0748,1.0568,0.0,0.0,0.0,0.0,488
2023-05-10 09:31:47,OP90002159,中证500ETF购12月5250,0.0,0.0,0.0,0.0,1,1.0481,1.0663,15,1.0748,1.0568,0.0,0.0,0.0,0.0,488
2023-05-10 09:31:50,OP90002159,中证500ETF购12月5250,0.0,0.0,0.0,0.0,20,1.0498,1.0663,35,1.0748,1.0568,0.0,0.0,0.0,0.0,488
2023-05-10 09:31:51,OP90002159,中证500ETF购12月5250,0.0,0.0,0.0,0.0,20,1.0498,1.0663,35,1.0748,1.0568,0.0,0.0,0.0,0.0,488
2023-05-10 09:31:51,OP90002159,中证500ETF购12月5250,0.0,0.0,0.0,0.0,20,1.0498,1.0663,35,1.0748,1.0568,0.0,0.0,0.0,0.0,488
2023-05-10 09:31:53,OP90002159,中证500ETF购12月5250,0.0,0.0,0.0,0.0,21,1.0481,1.0663,35,1.0748,1.0568,0.0,0.0,0.0,0.0,488
2023-05-10 09:31:54,OP90002159,中证500ETF购12月5250,0.0,0.0,0.0,0.0,21,1.0481,1.0663,35,1.0748,1.0568,0.0,0.0,0.0,0.0,488
2023-05-10 09:31:57,OP90002159,中证500ETF购12月5250,0.0,0.0,0.0,0.0,1,1.0482,1.0663,35,1.0748,1.0568,0.0,0.0,0.0,0.0,488
2023-05-10 09:31:58,OP90002159,中证500ETF购12月5250,0.0,0.0,0.0,0.0,20,1.0494,1.0663,35,1.0748,1.0568,0.0,0.0,0.0,0.0,488
2023-05-10 09:32:01,OP90002159,中证500ETF购12月5250,0.0,0.0,0.0,0.0,20,1.0494,1.0663,20,1.0748,1.0568,0.0,0.0,0.0,0.0,488
2023-05-10 09:32:01,OP90002159,中证500ETF购12月5250,0.0,0.0,0.0,0.0,20,1.051,1.0691,20,1.0748,1.0568,0.0,0.0,0.0,0.0,488
2023-05-10 09:32:02,OP90002159,中证500ETF购12月5250,0.0,0.0,0.0,0.0,20,1.051,1.069,15,1.0748,1.0568,0.0,0.0,0.0,0.0,488
2023-05-10 09:32:02,OP90002159,中证500ETF购12月5250,0.0,0.0,0.0,0.0,20,1.051,1.069,25,1.0748,1.0568,0.0,0.0,0.0,0.0,488
2023-05-10 09:32:04,OP90002159,中证500ETF购12月5250,0.0,0.0,0.0,0.0,20,1.051,1.069,25,1.0748,1.0568,0.0,0.0,0.0,0.0,488
2023-05-10 09:32:04,OP90002159,中证500ETF购12月5250,0.0,0.0,0.0,0.0,20,1.051,1.069,25,1.0748,1.0568,0.0,0.0,0.0,0.0,488
2023-05-10 09:32:05,OP90002159,中证500ETF购12月5250,0.0,0.0,0.0,0.0,20,1.0523,1.069,45,1.0748,1.0568,0.0,0.0,0.0,0.0,488
2023-05-10 09:32:05,OP90002159,中证500ETF购12月5250,0.0,0.0,0.0,0.0,20,1.0523,1.069,65,1.0748,1.0568,0.0,0.0,0.0,0.0,488
2023-05-10 09:32:07,OP90002159,中证500ETF购12月5250,0.0,0.0,0.0,0.0,60,1.051,1.069,65,1.0748,1.0568,0.0,0.0,0.0,0.0,488
2023-05-10 09:32:08,OP90002159,中证500ETF购12月5250,0.0,0.0,0.0,0.0,60,1.051,1.069,65,1.0748,1.0568,0.0,0.0,0.0,0.0,488
2023-05-10 09:32:12,OP90002159,中证500ETF购12月5250,0.0,0.0,0.0,0.0,61,1.051,1.069,65,1.0748,1.0568,0.0,0.0,0.0,0.0,488
2023-05-10 09:32:14,OP90002159,中证500ETF购12月5250,0.0,0.0,0.0,0.0,61,1.051,1.069,65,1.0748,1.0568,0.0,0.0,0.0,0.0,488
2023-05-10 09:32:15,OP90002159,中证500ETF购12月5250,0.0,0.0,0.0,0.0,20,1.0544,1.069,65,1.0748,1.0568,0.0,0.0,0.0,0.0,488
2023-05-10 09:32:15,OP90002159,中证500ETF购12月5250,0.0,0.0,0.0,0.0,40,1.0544,1.069,65,1.0748,1.0568,0.0,0.0,0.0,0.0,488
2023-05-10 09:32:22,OP90002159,中证500ETF购12月5250,0.0,0.0,0.0,0.0,40,1.0544,1.069,65,1.0748,1.0568,0.0,0.0,0.0,0.0,488
2023-05-10 09:32:22,OP90002159,中证500ETF购12月5250,0.0,0.0,0.0,0.0,40,1.0544,1.069,65,1.0748,1.0568,0.0,0.0,0.0,0.0,488
2023-05-10 09:32:23,OP90002159,中证500ETF购12月5250,0.0,0.0,0.0,0.0,40,1.0544,1.069,65,1.0748,1.0568,0.0,0.0,0.0,0.0,488
2023-05-10 09:32:24,OP90002159,中证500ETF购12月5250,0.0,0.0,0.0,0.0,20,1.0573,1.069,65,1.0748,1.0568,0.0,0.0,0.0,0.0,488
2023-05-10 09:32:24,OP90002159,中证500ETF购12月5250,0.0,0.0,0.0,0.0,20,1.0573,1.069,65,1.0748,1.0568,0.0,0.0,0.0,0.0,488
2023-05-10 09:32:25,OP90002159,中证500ETF购12月5250,0.0,0.0,0.0,0.0,20,1.0573,1.069,65,1.0748,1.0568,0.0,0.0,0.0,0.0,488
2023-05-10 09:32:38,OP90002159,中证500ETF购12月5250,0.0,0.0,0.0,0.0,20,1.0573,1.069,65,1.0748,1.0568,0.0,0.0,0.0,0.0,488
2023-05-10 09:32:41,OP90002159,中证500ETF购12月5250,0.0,0.0,0.0,0.0,20,1.0573,1.069,65,1.0748,1.0568,0.0,0.0,0.0,0.0,488
2023-05-10 09:32:42,OP90002159,中证500ETF购12月5250,0.0,0.0,0.0,0.0,20,1.0573,1.069,50,1.0748,1.0568,0.0,0.0,0.0,0.0,488
2023-05-10 09:32:43,OP90002159,中证500ETF购12月5250,0.0,0.0,0.0,0.0,20,1.0573,1.069,30,1.0748,1.0568,0.0,0.0,0.0,0.0,488
2023-05-10 09:32:43,OP90002159,中证500ETF购12月5250,0.0,0.0,0.0,0.0,20,1.0573,1.069,30,1.0748,1.0568,0.0,0.0,0.0,0.0,488
2023-05-10 09:32:47,OP90002159,中证500ETF购12月5250,0.0,0.0,0.0,0.0,10,1.0574,1.069,30,1.0748,1.0568,0.0,0.0,0.0,0.0,488
2023-05-10 09:32:47,OP90002159,中证500ETF购12月5250,0.0,0.0,0.0,0.0,10,1.0561,1.0682,20,1.0748,1.0568,0.0,0.0,0.0,0.0,488
2023-05-10 09:32:48,OP90002159,中证500ETF购12月5250,0.0,0.0,0.0,0.0,10,1.0562,1.0681,15,1.0748,1.0568,0.0,0.0,0.0,0.0,488
2023-05-10 09:32:48,OP90002159,中证500ETF购12月5250,0.0,0.0,0.0,0.0,10,1.0562,1.0681,25,1.0748,1.0568,0.0,0.0,0.0,0.0,488
2023-05-10 09:32:49,OP90002159,中证500ETF购12月5250,0.0,0.0,0.0,0.0,1,1.0561,1.0681,25,1.0748,1.0568,0.0,0.0,0.0,0.0,488
2023-05-10 09:32:49,OP90002159,中证500ETF购12月5250,0.0,0.0,0.0,0.0,1,1.0561,1.0681,10,1.0748,1.0568,0.0,0.0,0.0,0.0,488
2023-05-10 09:32:50,OP90002159,中证500ETF购12月5250,0.0,0.0,0.0,0.0,1,1.0561,1.0681,10,1.0748,1.0568,0.0,0.0,0.0,0.0,488
2023-05-10 09:32:50,OP90002159,中证500ETF购12月5250,0.0,0.0,0.0,0.0,1,1.0561,1.0681,10,1.0748,1.0568,0.0,0.0,0.0,0.0,488
2023-05-10 09:32:55,OP90002159,中证500ETF购12月5250,0.0,0.0,0.0,0.0,20,1.0573,1.0681,10,1.0748,1.0568,0.0,0.0,0.0,0.0,488
2023-05-10 09:32:55,OP90002159,中证500ETF购12月5250,0.0,0.0,0.0,0.0,21,1.0573,1.0681,10,1.0748,1.0568,0.0,0.0,0.0,0.0,488
2023-05-10 09:32:56,OP90002159,中证500ETF购12月5250,0.0,0.0,0.0,0.0,21,1.0573,1.0681,10,1.0748,1.0568,0.0,0.0,0.0,0.0,488
2023-05-10 09:32:57,OP90002159,中证500ETF购12月5250,0.0,0.0,0.0,0.0,21,1.0573,1.0682,10,1.0748,1.0568,0.0,0.0,0.0,0.0,488
2023-05-10 09:32:58,OP90002159,中证500ETF购12月5250,0.0,0.0,0.0,0.0,21,1.0573,1.0685,10,1.0748,1.0568,0.0,0.0,0.0,0.0,488
2023-05-10 09:32:59,OP90002159,中证500ETF购12月5250,0.0,0.0,0.0,0.0,21,1.0573,1.0685,10,1.0748,1.0568,0.0,0.0,0.0,0.0,488
2023-05-10 09:33:01,OP90002159,中证500ETF购12月5250,0.0,0.0,0.0,0.0,21,1.0573,1.0687,10,1.0748,1.0568,0.0,0.0,0.0,0.0,488
2023-05-10 09:33:03,OP90002159,中证500ETF购12月5250,0.0,0.0,0.0,0.0,21,1.0573,1.0688,20,1.0748,1.0568,0.0,0.0,0.0,0.0,488
2023-05-10 09:33:03,OP90002159,中证500ETF购12月5250,0.0,0.0,0.0,0.0,21,1.0573,1.0687,15,1.0748,1.0568,0.0,0.0,0.0,0.0,488
2023-05-10 09:33:04,OP90002159,中证500ETF购12月5250,0.0,0.0,0.0,0.0,21,1.0573,1.0687,15,1.0748,1.0568,0.0,0.0,0.0,0.0,488
2023-05-10 09:33:05,OP90002159,中证500ETF购12月5250,0.0,0.0,0.0,0.0,21,1.0573,1.0687,15,1.0748,1.0568,0.0,0.0,0.0,0.0,488
2023-05-10 09:33:05,OP90002159,中证500ETF购12月5250,0.0,0.0,0.0,0.0,1,1.0574,1.0687,15,1.0748,1.0568,0.0,0.0,0.0,0.0,488
2023-05-10 09:33:06,OP90002159,中证500ETF购12月5250,0.0,0.0,0.0,0.0,1,1.0574,1.0687,15,1.0748,1.0568,0.0,0.0,0.0,0.0,488
2023-05-10 09:33:06,OP90002159,中证500ETF购12月5250,0.0,0.0,0.0,0.0,1,1.0574,1.0687,15,1.0748,1.0568,0.0,0.0,0.0,0.0,488
2023-05-10 09:33:08,OP90002159,中证500ETF购12月5250,0.0,0.0,0.0,0.0,1,1.0574,1.0657,20,1.0748,1.0568,0.0,0.0,0.0,0.0,488
2023-05-10 09:33:08,OP90002159,中证500ETF购12月5250,0.0,0.0,0.0,0.0,1,1.0574,1.0657,20,1.0748,1.0568,0.0,0.0,0.0,0.0,488
2023-05-10 09:33:09,OP90002159,中证500ETF购12月5250,0.0,0.0,0.0,0.0,1,1.0574,1.0657,20,1.0748,1.0568,0.0,0.0,0.0,0.0,488
2023-05-10 09:33:09,OP90002159,中证500ETF购12月5250,0.0,0.0,0.0,0.0,1,1.0574,1.0657,20,1.0748,1.0568,0.0,0.0,0.0,0.0,488
2023-05-10 09:33:11,OP90002159,中证500ETF购12月5250,0.0,0.0,0.0,0.0,20,1.057,1.0657,20,1.0748,1.0568,0.0,0.0,0.0,0.0,488
2023-05-10 09:33:12,OP90002159,中证500ETF购12月5250,0.0,0.0,0.0,0.0,20,1.057,1.0657,20,1.0748,1.0568,0.0,0.0,0.0,0.0,488
2023-05-10 09:33:12,OP90002159,中证500ETF购12月5250,0.0,0.0,0.0,0.0,20,1.057,1.0657,20,1.0748,1.0568,0.0,0.0,0.0,0.0,488
2023-05-10 09:33:14,OP90002159,中证500ETF购12月5250,0.0,0.0,0.0,0.0,20,1.0586,1.067,20,1.0748,1.0568,0.0,0.0,0.0,0.0,488
2023-05-10 09:33:14,OP90002159,中证500ETF购12月5250,0.0,0.0,0.0,0.0,20,1.0586,1.067,20,1.0748,1.0568,0.0,0.0,0.0,0.0,488
2023-05-10 09:33:15,OP90002159,中证500ETF购12月5250,0.0,0.0,0.0,0.0,20,1.0586,1.067,20,1.0748,1.0568,0.0,0.0,0.0,0.0,488
2023-05-10 09:33:15,OP90002159,中证500ETF购12月5250,0.0,0.0,0.0,0.0,20,1.0586,1.067,20,1.0748,1.0568,0.0,0.0,0.0,0.0,488
2023-05-10 09:33:23,OP90002159,中证500ETF购12月5250,0.0,0.0,0.0,0.0,20,1.0586,1.067,20,1.0748,1.0568,0.0,0.0,0.0,0.0,488
2023-05-10 09:33:31,OP90002159,中证500ETF购12月5250,0.0,0.0,0.0,0.0,20,1.0586,1.067,20,1.0748,1.0568,0.0,0.0,0.0,0.0,488
2023-05-10 09:33:32,OP90002159,中证500ETF购12月5250,0.0,0.0,0.0,0.0,20,1.0586,1.067,20,1.0748,1.0568,0.0,0.0,0.0,0.0,488
2023-05-10 09:33:34,OP90002159,中证500ETF购12月5250,0.0,0.0,0.0,0.0,20,1.0574,1.0653,20,1.0748,1.0568,0.0,0.0,0.0,0.0,488
2023-05-10 09:33:34,OP90002159,中证500ETF购12月5250,0.0,0.0,0.0,0.0,20,1.0574,1.0653,20,1.0748,1.0568,0.0,0.0,0.0,0.0,488
2023-05-10 09:33:35,OP90002159,中证500ETF购12月5250,0.0,0.0,0.0,0.0,20,1.0574,1.0653,20,1.0748,1.0568,0.0,0.0,0.0,0.0,488
2023-05-10 09:33:35,OP90002159,中证500ETF购12月5250,0.0,0.0,0.0,0.0,20,1.0574,1.0653,20,1.0748,1.0568,0.0,0.0,0.0,0.0,488
2023-05-10 09:33:36,OP90002159,中证500ETF购12月5250,0.0,0.0,0.0,0.0,20,1.0574,1.0653,20,1.0748,1.0568,0.0,0.0,0.0,0.0,488
2023-05-10 09:33:37,OP90002159,中证500ETF购12月5250,0.0,0.0,0.0,0.0,20,1.0574,1.0653,20,1.0748,1.0568,0.0,0.0,0.0,0.0,488
2023-05-10 09:33:38,OP90002159,中证500ETF购12月5250,0.0,0.0,0.0,0.0,20,1.0574,1.0653,20,1.0748,1.0568,0.0,0.0,0.0,0.0,488
2023-05-10 09:33:42,OP90002159,中证500ETF购12月5250,0.0,0.0,0.0,0.0,20,1.0574,1.0653,20,1.0748,1.0568,0.0,0.0,0.0,0.0,488
2023-05-10 09:33:43,OP90002159,中证500ETF购12月5250,0.0,0.0,0.0,0.0,10,1.0575,1.0653,20,1.0748,1.0568,0.0,0.0,0.0,0.0,488
2023-05-10 09:33:43,OP90002159,中证500ETF购12月5250,0.0,0.0,0.0,0.0,10,1.0575,1.0653,20,1.0748,1.0568,0.0,0.0,0.0,0.0,488
2023-05-10 09:33:45,OP90002159,中证500ETF购12月5250,0.0,0.0,0.0,0.0,10,1.0575,1.0653,20,1.0748,1.0568,0.0,0.0,0.0,0.0,488
2023-05-10 09:33:45,OP90002159,中证500ETF购12月5250,0.0,0.0,0.0,0.0,20,1.0574,1.0653,20,1.0748,1.0568,0.0,0.0,0.0,0.0,488
2023-05-10 09:33:46,OP90002159,中证500ETF购12月5250,0.0,0.0,0.0,0.0,20,1.0574,1.0653,20,1.0748,1.0568,0.0,0.0,0.0,0.0,488
2023-05-10 09:33:47,OP90002159,中证500ETF购12月5250,0.0,0.0,0.0,0.0,20,1.0574,1.0653,20,1.0748,1.0568,0.0,0.0,0.0,0.0,488
2023-05-10 09:33:47,OP90002159,中证500ETF购12月5250,0.0,0.0,0.0,0.0,20,1.0574,1.0653,20,1.0748,1.0568,0.0,0.0,0.0,0.0,488
2023-05-10 09:33:48,OP90002159,中证500ETF购12月5250,0.0,0.0,0.0,0.0,10,1.0575,1.0653,20,1.0748,1.0568,0.0,0.0,0.0,0.0,488
2023-05-10 09:33:48,OP90002159,中证500ETF购12月5250,0.0,0.0,0.0,0.0,10,1.0575,1.0653,20,1.0748,1.0568,0.0,0.0,0.0,0.0,488
2023-05-10 09:33:49,OP90002159,中证500ETF购12月5250,0.0,0.0,0.0,0.0,20,1.0574,1.0653,20,1.0748,1.0568,0.0,0.0,0.0,0.0,488
2023-05-10 09:33:49,OP90002159,中证500ETF购12月5250,0.0,0.0,0.0,0.0,10,1.0556,1.0664,30,1.0748,1.0568,0.0,0.0,0.0,0.0,488
2023-05-10 09:33:50,OP90002159,中证500ETF购12月5250,0.0,0.0,0.0,0.0,10,1.0557,1.0663,15,1.0748,1.0568,0.0,0.0,0.0,0.0,488
2023-05-10 09:33:50,OP90002159,中证500ETF购12月5250,0.0,0.0,0.0,0.0,20,1.0551,1.0663,15,1.0748,1.0568,0.0,0.0,0.0,0.0,488
2023-05-10 09:33:51,OP90002159,中证500ETF购12月5250,0.0,0.0,0.0,0.0,10,1.0552,1.0663,15,1.0748,1.0568,0.0,0.0,0.0,0.0,488
2023-05-10 09:33:52,OP90002159,中证500ETF购12月5250,0.0,0.0,0.0,0.0,10,1.0552,1.0663,35,1.0748,1.0568,0.0,0.0,0.0,0.0,488
2023-05-10 09:33:53,OP90002159,中证500ETF购12月5250,0.0,0.0,0.0,0.0,10,1.0545,1.0663,35,1.0748,1.0568,0.0,0.0,0.0,0.0,488
2023-05-10 09:33:53,OP90002159,中证500ETF购12月5250,0.0,0.0,0.0,0.0,10,1.0546,1.0663,35,1.0748,1.0568,0.0,0.0,0.0,0.0,488
2023-05-10 09:33:54,OP90002159,中证500ETF购12月5250,0.0,0.0,0.0,0.0,1,1.0544,1.0663,45,1.0748,1.0568,0.0,0.0,0.0,0.0,488
2023-05-10 09:33:54,OP90002159,中证500ETF购12月5250,0.0,0.0,0.0,0.0,1,1.0544,1.0663,45,1.0748,1.0568,0.0,0.0,0.0,0.0,488
2023-05-10 09:33:56,OP90002159,中证500ETF购12月5250,0.0,0.0,0.0,0.0,1,1.0544,1.0663,35,1.0748,1.0568,0.0,0.0,0.0,0.0,488
2023-05-10 09:33:57,OP90002159,中证500ETF购12月5250,0.0,0.0,0.0,0.0,1,1.0542,1.0663,35,1.0748,1.0568,0.0,0.0,0.0,0.0,488
2023-05-10 09:33:57,OP90002159,中证500ETF购12月5250,0.0,0.0,0.0,0.0,21,1.0542,1.0663,15,1.0748,1.0568,0.0,0.0,0.0,0.0,488
2023-05-10 09:33:58,OP90002159,中证500ETF购12月5250,0.0,0.0,0.0,0.0,21,1.0542,1.0663,15,1.0748,1.0568,0.0,0.0,0.0,0.0,488
2023-05-10 09:33:59,OP90002159,中证500ETF购12月5250,0.0,0.0,0.0,0.0,21,1.0542,1.0663,15,1.0748,1.0568,0.0,0.0,0.0,0.0,488
2023-05-10 09:34:04,OP90002159,中证500ETF购12月5250,0.0,0.0,0.0,0.0,21,1.0542,1.0663,15,1.0748,1.0568,0.0,0.0,0.0,0.0,488
2023-05-10 09:34:06,OP90002159,中证500ETF购12月5250,0.0,0.0,0.0,0.0,21,1.0542,1.0663,15,1.0748,1.0568,0.0,0.0,0.0,0.0,488
2023-05-10 09:34:08,OP90002159,中证500ETF购12月5250,0.0,0.0,0.0,0.0,1,1.0543,1.0663,15,1.0748,1.0568,0.0,0.0,0.0,0.0,488
2023-05-10 09:34:08,OP90002159,中证500ETF购12月5250,0.0,0.0,0.0,0.0,1,1.0543,1.0663,15,1.0748,1.0568,0.0,0.0,0.0,0.0,488
2023-05-10 09:34:10,OP90002159,中证500ETF购12月5250,0.0,0.0,0.0,0.0,1,1.0543,1.0663,15,1.0748,1.0568,0.0,0.0,0.0,0.0,488
2023-05-10 09:34:13,OP90002159,中证500ETF购12月5250,0.0,0.0,0.0,0.0,1,1.0543,1.0663,15,1.0748,1.0568,0.0,0.0,0.0,0.0,488
2023-05-10 09:34:14,OP90002159,中证500ETF购12月5250,0.0,0.0,0.0,0.0,1,1.0543,1.0663,15,1.0748,1.0568,0.0,0.0,0.0,0.0,488
2023-05-10 09:34:14,OP90002159,中证500ETF购12月5250,0.0,0.0,0.0,0.0,20,1.0542,1.0663,15,1.0748,1.0568,0.0,0.0,0.0,0.0,488
2023-05-10 09:34:15,OP90002159,中证500ETF购12月5250,0.0,0.0,0.0,0.0,20,1.0542,1.0663,15,1.0748,1.0568,0.0,0.0,0.0,0.0,488
2023-05-10 09:34:15,OP90002159,中证500ETF购12月5250,0.0,0.0,0.0,0.0,20,1.0542,1.0663,15,1.0748,1.0568,0.0,0.0,0.0,0.0,488
2023-05-10 09:34:17,OP90002159,中证500ETF购12月5250,0.0,0.0,0.0,0.0,20,1.0542,1.0663,15,1.0748,1.0568,0.0,0.0,0.0,0.0,488
2023-05-10 09:34:20,OP90002159,中证500ETF购12月5250,0.0,0.0,0.0,0.0,20,1.0542,1.0663,25,1.0748,1.0568,0.0,0.0,0.0,0.0,488
2023-05-10 09:34:20,OP90002159,中证500ETF购12月5250,0.0,0.0,0.0,0.0,10,1.054,1.0663,45,1.0748,1.0568,0.0,0.0,0.0,0.0,488
2023-05-10 09:34:21,OP90002159,中证500ETF购12月5250,0.0,0.0,0.0,0.0,10,1.054,1.0663,45,1.0748,1.0568,0.0,0.0,0.0,0.0,488
2023-05-10 09:34:21,OP90002159,中证500ETF购12月5250,0.0,0.0,0.0,0.0,10,1.054,1.0663,45,1.0748,1.0568,0.0,0.0,0.0,0.0,488
2023-05-10 09:34:23,OP90002159,中证500ETF购12月5250,0.0,0.0,0.0,0.0,10,1.054,1.0663,45,1.0748,1.0568,0.0,0.0,0.0,0.0,488
2023-05-10 09:34:26,OP90002159,中证500ETF购12月5250,0.0,0.0,0.0,0.0,10,1.054,1.0663,45,1.0748,1.0568,0.0,0.0,0.0,0.0,488
2023-05-10 09:34:27,OP90002159,中证500ETF购12月5250,0.0,0.0,0.0,0.0,30,1.054,1.0663,25,1.0748,1.0568,0.0,0.0,0.0,0.0,488
2023-05-10 09:34:27,OP90002159,中证500ETF购12月5250,0.0,0.0,0.0,0.0,20,1.054,1.0663,25,1.0748,1.0568,0.0,0.0,0.0,0.0,488
2023-05-10 09:34:28,OP90002159,中证500ETF购12月5250,0.0,0.0,0.0,0.0,20,1.0558,1.0663,15,1.0748,1.0568,0.0,0.0,0.0,0.0,488
2023-05-10 09:34:28,OP90002159,中证500ETF购12月5250,0.0,0.0,0.0,0.0,20,1.0564,1.0663,15,1.0748,1.0568,0.0,0.0,0.0,0.0,488
2023-05-10 09:34:29,OP90002159,中证500ETF购12月5250,0.0,0.0,0.0,0.0,20,1.0564,1.0663,15,1.0748,1.0568,0.0,0.0,0.0,0.0,488
2023-05-10 09:34:29,OP90002159,中证500ETF购12月5250,0.0,0.0,0.0,0.0,20,1.0564,1.0663,15,1.0748,1.0568,0.0,0.0,0.0,0.0,488
2023-05-10 09:34:30,OP90002159,中证500ETF购12月5250,0.0,0.0,0.0,0.0,20,1.0564,1.0663,15,1.0748,1.0568,0.0,0.0,0.0,0.0,488
2023-05-10 09:34:34,OP90002159,中证500ETF购12月5250,0.0,0.0,0.0,0.0,20,1.0564,1.0663,15,1.0748,1.0568,0.0,0.0,0.0,0.0,488
2023-05-10 09:34:35,OP90002159,中证500ETF购12月5250,0.0,0.0,0.0,0.0,20,1.0572,1.0653,20,1.0748,1.0568,0.0,0.0,0.0,0.0,488
2023-05-10 09:34:35,OP90002159,中证500ETF购12月5250,0.0,0.0,0.0,0.0,20,1.0572,1.0653,20,1.0748,1.0568,0.0,0.0,0.0,0.0,488
2023-05-10 09:34:37,OP90002159,中证500ETF购12月5250,0.0,0.0,0.0,0.0,20,1.0583,1.0663,20,1.0748,1.0568,0.0,0.0,0.0,0.0,488
2023-05-10 09:34:37,OP90002159,中证500ETF购12月5250,0.0,0.0,0.0,0.0,20,1.0583,1.0662,15,1.0748,1.0568,0.0,0.0,0.0,0.0,488
2023-05-10 09:34:38,OP90002159,中证500ETF购12月5250,0.0,0.0,0.0,0.0,10,1.0565,1.0662,15,1.0748,1.0568,0.0,0.0,0.0,0.0,488
2023-05-10 09:34:38,OP90002159,中证500ETF购12月5250,0.0,0.0,0.0,0.0,20,1.0567,1.0647,20,1.0748,1.0568,0.0,0.0,0.0,0.0,488
2023-05-10 09:34:39,OP90002159,中证500ETF购12月5250,0.0,0.0,0.0,0.0,20,1.0567,1.0647,20,1.0748,1.0568,0.0,0.0,0.0,0.0,488
2023-05-10 09:34:39,OP90002159,中证500ETF购12月5250,0.0,0.0,0.0,0.0,20,1.0567,1.0646,15,1.0748,1.0568,0.0,0.0,0.0,0.0,488
2023-05-10 09:34:40,OP90002159,中证500ETF购12月5250,0.0,0.0,0.0,0.0,20,1.0567,1.0646,15,1.0748,1.0568,0.0,0.0,0.0,0.0,488
2023-05-10 09:34:42,OP90002159,中证500ETF购12月5250,0.0,0.0,0.0,0.0,20,1.0567,1.0647,20,1.0748,1.0568,0.0,0.0,0.0,0.0,488
2023-05-10 09:34:42,OP90002159,中证500ETF购12月5250,0.0,0.0,0.0,0.0,20,1.0567,1.0647,20,1.0748,1.0568,0.0,0.0,0.0,0.0,488
2023-05-10 09:34:44,OP90002159,中证500ETF购12月5250,0.0,0.0,0.0,0.0,20,1.0567,1.0647,20,1.0748,1.0568,0.0,0.0,0.0,0.0,488
2023-05-10 09:34:45,OP90002159,中证500ETF购12月5250,0.0,0.0,0.0,0.0,20,1.0567,1.0646,15,1.0748,1.0568,0.0,0.0,0.0,0.0,488
2023-05-10 09:34:45,OP90002159,中证500ETF购12月5250,0.0,0.0,0.0,0.0,20,1.0567,1.0646,15,1.0748,1.0568,0.0,0.0,0.0,0.0,488
2023-05-10 09:34:46,OP90002159,中证500ETF购12月5250,0.0,0.0,0.0,0.0,20,1.0567,1.0646,15,1.0748,1.0568,0.0,0.0,0.0,0.0,488
2023-05-10 09:34:47,OP90002159,中证500ETF购12月5250,0.0,0.0,0.0,0.0,10,1.0554,1.0646,15,1.0748,1.0568,0.0,0.0,0.0,0.0,488
2023-05-10 09:34:47,OP90002159,中证500ETF购12月5250,0.0,0.0,0.0,0.0,20,1.0556,1.0636,20,1.0748,1.0568,0.0,0.0,0.0,0.0,488
2023-05-10 09:34:48,OP90002159,中证500ETF购12月5250,0.0,0.0,0.0,0.0,20,1.0556,1.0636,20,1.0748,1.0568,0.0,0.0,0.0,0.0,488
2023-05-10 09:34:49,OP90002159,中证500ETF购12月5250,0.0,0.0,0.0,0.0,1,1.0554,1.0654,10,1.0748,1.0568,0.0,0.0,0.0,0.0,488
2023-05-10 09:34:49,OP90002159,中证500ETF购12月5250,0.0,0.0,0.0,0.0,20,1.0567,1.0647,20,1.0748,1.0568,0.0,0.0,0.0,0.0,488
2023-05-10 09:34:50,OP90002159,中证500ETF购12月5250,0.0,0.0,0.0,0.0,20,1.0567,1.0646,15,1.0748,1.0568,0.0,0.0,0.0,0.0,488
2023-05-10 09:34:50,OP90002159,中证500ETF购12月5250,0.0,0.0,0.0,0.0,20,1.0567,1.0646,15,1.0748,1.0568,0.0,0.0,0.0,0.0,488
2023-05-10 09:34:51,OP90002159,中证500ETF购12月5250,0.0,0.0,0.0,0.0,20,1.0567,1.0647,20,1.0748,1.0568,0.0,0.0,0.0,0.0,488
2023-05-10 09:34:51,OP90002159,中证500ETF购12月5250,0.0,0.0,0.0,0.0,20,1.0567,1.0647,20,1.0748,1.0568,0.0,0.0,0.0,0.0,488
2023-05-10 09:34:52,OP90002159,中证500ETF购12月5250,0.0,0.0,0.0,0.0,20,1.0559,1.0665,10,1.0748,1.0568,0.0,0.0,0.0,0.0,488
2023-05-10 09:34:52,OP90002159,中证500ETF购12月5250,0.0,0.0,0.0,0.0,20,1.0579,1.0659,20,1.0748,1.0568,0.0,0.0,0.0,0.0,488
2023-05-10 09:34:53,OP90002159,中证500ETF购12月5250,0.0,0.0,0.0,0.0,20,1.0579,1.0658,15,1.0748,1.0568,0.0,0.0,0.0,0.0,488
2023-05-10 09:34:53,OP90002159,中证500ETF购12月5250,0.0,0.0,0.0,0.0,20,1.0579,1.0658,15,1.0748,1.0568,0.0,0.0,0.0,0.0,488
2023-05-10 09:34:56,OP90002159,中证500ETF购12月5250,0.0,0.0,0.0,0.0,20,1.0579,1.0659,20,1.0748,1.0568,0.0,0.0,0.0,0.0,488
2023-05-10 09:34:56,OP90002159,中证500ETF购12月5250,0.0,0.0,0.0,0.0,20,1.0579,1.0659,20,1.0748,1.0568,0.0,0.0,0.0,0.0,488
2023-05-10 09:34:57,OP90002159,中证500ETF购12月5250,0.0,0.0,0.0,0.0,20,1.0579,1.0659,20,1.0748,1.0568,0.0,0.0,0.0,0.0,488
2023-05-10 09:34:57,OP90002159,中证500ETF购12月5250,0.0,0.0,0.0,0.0,20,1.0579,1.0659,20,1.0748,1.0568,0.0,0.0,0.0,0.0,488
2023-05-10 09:34:58,OP90002159,中证500ETF购12月5250,0.0,0.0,0.0,0.0,20,1.0579,1.0659,20,1.0748,1.0568,0.0,0.0,0.0,0.0,488
2023-05-10 09:34:59,OP90002159,中证500ETF购12月5250,0.0,0.0,0.0,0.0,20,1.0579,1.0659,20,1.0748,1.0568,0.0,0.0,0.0,0.0,488
2023-05-10 09:35:00,OP90002159,中证500ETF购12月5250,0.0,0.0,0.0,0.0,1,1.0578,1.0677,10,1.0748,1.0568,0.0,0.0,0.0,0.0,488
2023-05-10 09:35:01,OP90002159,中证500ETF购12月5250,0.0,0.0,0.0,0.0,20,1.059,1.0671,20,1.0748,1.0568,0.0,0.0,0.0,0.0,488
2023-05-10 09:35:01,OP90002159,中证500ETF购12月5250,0.0,0.0,0.0,0.0,20,1.059,1.0671,20,1.0748,1.0568,0.0,0.0,0.0,0.0,488
2023-05-10 09:35:02,OP90002159,中证500ETF购12月5250,0.0,0.0,0.0,0.0,20,1.059,1.067,15,1.0748,1.0568,0.0,0.0,0.0,0.0,488
2023-05-10 09:35:03,OP90002159,中证500ETF购12月5250,0.0,0.0,0.0,0.0,20,1.059,1.067,15,1.0748,1.0568,0.0,0.0,0.0,0.0,488
2023-05-10 09:35:03,OP90002159,中证500ETF购12月5250,0.0,0.0,0.0,0.0,1,1.0578,1.067,15,1.0748,1.0568,0.0,0.0,0.0,0.0,488
2023-05-10 09:35:04,OP90002159,中证500ETF购12月5250,0.0,0.0,0.0,0.0,1,1.0578,1.0656,20,1.0748,1.0568,0.0,0.0,0.0,0.0,488
2023-05-10 09:35:04,OP90002159,中证500ETF购12月5250,0.0,0.0,0.0,0.0,1,1.0578,1.0656,20,1.0748,1.0568,0.0,0.0,0.0,0.0,488
2023-05-10 09:35:05,OP90002159,中证500ETF购12月5250,0.0,0.0,0.0,0.0,20,1.0576,1.0656,20,1.0748,1.0568,0.0,0.0,0.0,0.0,488
2023-05-10 09:35:05,OP90002159,中证500ETF购12月5250,0.0,0.0,0.0,0.0,20,1.0576,1.0656,20,1.0748,1.0568,0.0,0.0,0.0,0.0,488
2023-05-10 09:35:07,OP90002159,中证500ETF购12月5250,0.0,0.0,0.0,0.0,20,1.0576,1.0656,20,1.0748,1.0568,0.0,0.0,0.0,0.0,488
2023-05-10 09:35:08,OP90002159,中证500ETF购12月5250,0.0,0.0,0.0,0.0,20,1.0576,1.0656,20,1.0748,1.0568,0.0,0.0,0.0,0.0,488
2023-05-10 09:35:09,OP90002159,中证500ETF购12月5250,0.0,0.0,0.0,0.0,40,1.0576,1.0656,20,1.0748,1.0568,0.0,0.0,0.0,0.0,488
2023-05-10 09:35:09,OP90002159,中证500ETF购12月5250,0.0,0.0,0.0,0.0,40,1.0576,1.0656,20,1.0748,1.0568,0.0,0.0,0.0,0.0,488
2023-05-10 09:35:11,OP90002159,中证500ETF购12月5250,0.0,0.0,0.0,0.0,20,1.0576,1.066,20,1.0748,1.0568,0.0,0.0,0.0,0.0,488
2023-05-10 09:35:11,OP90002159,中证500ETF购12月5250,0.0,0.0,0.0,0.0,20,1.0588,1.0668,40,1.0748,1.0568,0.0,0.0,0.0,0.0,488
2023-05-10 09:35:12,OP90002159,中证500ETF购12月5250,0.0,0.0,0.0,0.0,40,1.0588,1.0667,15,1.0748,1.0568,0.0,0.0,0.0,0.0,488
2023-05-10 09:35:12,OP90002159,中证500ETF购12月5250,0.0,0.0,0.0,0.0,40,1.0588,1.0667,15,1.0748,1.0568,0.0,0.0,0.0,0.0,488
2023-05-10 09:35:13,OP90002159,中证500ETF购12月5250,0.0,0.0,0.0,0.0,40,1.0588,1.0667,15,1.0748,1.0568,0.0,0.0,0.0,0.0,488
2023-05-10 09:35:13,OP90002159,中证500ETF购12月5250,0.0,0.0,0.0,0.0,40,1.0588,1.0667,15,1.0748,1.0568,0.0,0.0,0.0,0.0,488
2023-05-10 09:35:15,OP90002159,中证500ETF购12月5250,0.0,0.0,0.0,0.0,40,1.0588,1.0668,40,1.0748,1.0568,0.0,0.0,0.0,0.0,488
2023-05-10 09:35:15,OP90002159,中证500ETF购12月5250,0.0,0.0,0.0,0.0,40,1.0588,1.0668,40,1.0748,1.0568,0.0,0.0,0.0,0.0,488
2023-05-10 09:35:16,OP90002159,中证500ETF购12月5250,0.0,0.0,0.0,0.0,40,1.0588,1.0667,15,1.0748,1.0568,0.0,0.0,0.0,0.0,488
2023-05-10 09:35:16,OP90002159,中证500ETF购12月5250,0.0,0.0,0.0,0.0,40,1.0588,1.0667,15,1.0748,1.0568,0.0,0.0,0.0,0.0,488
2023-05-10 09:35:19,OP90002159,中证500ETF购12月5250,0.0,0.0,0.0,0.0,40,1.0588,1.0668,40,1.0748,1.0568,0.0,0.0,0.0,0.0,488
2023-05-10 09:35:20,OP90002159,中证500ETF购12月5250,0.0,0.0,0.0,0.0,40,1.0588,1.0668,40,1.0748,1.0568,0.0,0.0,0.0,0.0,488
2023-05-10 09:35:20,OP90002159,中证500ETF购12月5250,0.0,0.0,0.0,0.0,40,1.0588,1.0667,15,1.0748,1.0568,0.0,0.0,0.0,0.0,488
2023-05-10 09:35:21,OP90002159,中证500ETF购12月5250,0.0,0.0,0.0,0.0,40,1.0588,1.0667,15,1.0748,1.0568,0.0,0.0,0.0,0.0,488
2023-05-10 09:35:33,OP90002159,中证500ETF购12月5250,0.0,0.0,0.0,0.0,40,1.0588,1.0667,15,1.0748,1.0568,0.0,0.0,0.0,0.0,488
2023-05-10 09:35:35,OP90002159,中证500ETF购12月5250,0.0,0.0,0.0,0.0,40,1.0588,1.0668,40,1.0748,1.0568,0.0,0.0,0.0,0.0,488
2023-05-10 09:35:36,OP90002159,中证500ETF购12月5250,0.0,0.0,0.0,0.0,40,1.0588,1.0668,40,1.0748,1.0568,0.0,0.0,0.0,0.0,488
2023-05-10 09:35:36,OP90002159,中证500ETF购12月5250,0.0,0.0,0.0,0.0,40,1.0588,1.0668,55,1.0748,1.0568,0.0,0.0,0.0,0.0,488
2023-05-10 09:35:37,OP90002159,中证500ETF购12月5250,0.0,0.0,0.0,0.0,40,1.0588,1.0668,55,1.0748,1.0568,0.0,0.0,0.0,0.0,488
2023-05-10 09:35:38,OP90002159,中证500ETF购12月5250,0.0,0.0,0.0,0.0,40,1.0588,1.0668,55,1.0748,1.0568,0.0,0.0,0.0,0.0,488
2023-05-10 09:35:39,OP90002159,中证500ETF购12月5250,0.0,0.0,0.0,0.0,40,1.0588,1.0668,55,1.0748,1.0568,0.0,0.0,0.0,0.0,488
2023-05-10 09:35:40,OP90002159,中证500ETF购12月5250,0.0,0.0,0.0,0.0,40,1.0588,1.0668,40,1.0748,1.0568,0.0,0.0,0.0,0.0,488
2023-05-10 09:35:43,OP90002159,中证500ETF购12月5250,0.0,0.0,0.0,0.0,40,1.0588,1.0668,40,1.0748,1.0568,0.0,0.0,0.0,0.0,488
2023-05-10 09:35:46,OP90002159,中证500ETF购12月5250,0.0,0.0,0.0,0.0,40,1.0588,1.0668,40,1.0748,1.0568,0.0,0.0,0.0,0.0,488
2023-05-10 09:35:49,OP90002159,中证500ETF购12月5250,0.0,0.0,0.0,0.0,20,1.0606,1.0674,10,1.0748,1.0568,0.0,0.0,0.0,0.0,488
2023-05-10 09:35:50,OP90002159,中证500ETF购12月5250,0.0,0.0,0.0,0.0,10,1.0607,1.0677,10,1.0748,1.0568,0.0,0.0,0.0,0.0,488
2023-05-10 09:35:50,OP90002159,中证500ETF购12月5250,0.0,0.0,0.0,0.0,10,1.0607,1.0676,15,1.0748,1.0568,0.0,0.0,0.0,0.0,488
2023-05-10 09:35:51,OP90002159,中证500ETF购12月5250,0.0,0.0,0.0,0.0,40,1.0606,1.0676,15,1.0748,1.0568,0.0,0.0,0.0,0.0,488
2023-05-10 09:35:52,OP90002159,中证500ETF购12月5250,0.0,0.0,0.0,0.0,40,1.0606,1.0676,15,1.0748,1.0568,0.0,0.0,0.0,0.0,488
2023-05-10 09:35:53,OP90002159,中证500ETF购12月5250,0.0,0.0,0.0,0.0,10,1.0607,1.0676,15,1.0748,1.0568,0.0,0.0,0.0,0.0,488
2023-05-10 09:35:53,OP90002159,中证500ETF购12月5250,0.0,0.0,0.0,0.0,40,1.0606,1.0676,15,1.0748,1.0568,0.0,0.0,0.0,0.0,488
2023-05-10 09:35:54,OP90002159,中证500ETF购12月5250,0.0,0.0,0.0,0.0,40,1.0606,1.0676,15,1.0748,1.0568,0.0,0.0,0.0,0.0,488
2023-05-10 09:35:55,OP90002159,中证500ETF购12月5250,0.0,0.0,0.0,0.0,40,1.0606,1.0676,15,1.0748,1.0568,0.0,0.0,0.0,0.0,488
2023-05-10 09:35:56,OP90002159,中证500ETF购12月5250,0.0,0.0,0.0,0.0,40,1.0606,1.0669,20,1.0748,1.0568,0.0,0.0,0.0,0.0,488
2023-05-10 09:35:56,OP90002159,中证500ETF购12月5250,0.0,0.0,0.0,0.0,40,1.0606,1.0669,20,1.0748,1.0568,0.0,0.0,0.0,0.0,488
2023-05-10 09:35:57,OP90002159,中证500ETF购12月5250,0.0,0.0,0.0,0.0,40,1.0606,1.0669,20,1.0748,1.0568,0.0,0.0,0.0,0.0,488
2023-05-10 09:35:58,OP90002159,中证500ETF购12月5250,0.0,0.0,0.0,0.0,10,1.0607,1.0669,20,1.0748,1.0568,0.0,0.0,0.0,0.0,488
2023-05-10 09:35:59,OP90002159,中证500ETF购12月5250,0.0,0.0,0.0,0.0,40,1.0606,1.0669,20,1.0748,1.0568,0.0,0.0,0.0,0.0,488
2023-05-10 09:35:59,OP90002159,中证500ETF购12月5250,0.0,0.0,0.0,0.0,20,1.0618,1.0669,20,1.0748,1.0568,0.0,0.0,0.0,0.0,488
2023-05-10 09:36:00,OP90002159,中证500ETF购12月5250,0.0,0.0,0.0,0.0,20,1.0618,1.0669,20,1.0748,1.0568,0.0,0.0,0.0,0.0,488
2023-05-10 09:36:01,OP90002159,中证500ETF购12月5250,0.0,0.0,0.0,0.0,20,1.0618,1.0679,10,1.0748,1.0568,0.0,0.0,0.0,0.0,488
2023-05-10 09:36:01,OP90002159,中证500ETF购12月5250,0.0,0.0,0.0,0.0,20,1.0618,1.0679,10,1.0748,1.0568,0.0,0.0,0.0,0.0,488
2023-05-10 09:36:02,OP90002159,中证500ETF购12月5250,0.0,0.0,0.0,0.0,20,1.0618,1.068,20,1.0748,1.0568,0.0,0.0,0.0,0.0,488
2023-05-10 09:36:02,OP90002159,中证500ETF购12月5250,0.0,0.0,0.0,0.0,20,1.0618,1.0679,15,1.0748,1.0568,0.0,0.0,0.0,0.0,488
2023-05-10 09:36:03,OP90002159,中证500ETF购12月5250,0.0,0.0,0.0,0.0,20,1.0618,1.0679,15,1.0748,1.0568,0.0,0.0,0.0,0.0,488
2023-05-10 09:36:05,OP90002159,中证500ETF购12月5250,0.0,0.0,0.0,0.0,20,1.0618,1.068,20,1.0748,1.0568,0.0,0.0,0.0,0.0,488
2023-05-10 09:36:06,OP90002159,中证500ETF购12月5250,0.0,0.0,0.0,0.0,10,1.0619,1.068,20,1.0748,1.0568,0.0,0.0,0.0,0.0,488
2023-05-10 09:36:07,OP90002159,中证500ETF购12月5250,0.0,0.0,0.0,0.0,10,1.0619,1.068,20,1.0748,1.0568,0.0,0.0,0.0,0.0,488
2023-05-10 09:36:07,OP90002159,中证500ETF购12月5250,0.0,0.0,0.0,0.0,10,1.0619,1.068,20,1.0748,1.0568,0.0,0.0,0.0,0.0,488
2023-05-10 09:36:08,OP90002159,中证500ETF购12月5250,0.0,0.0,0.0,0.0,10,1.0619,1.0681,20,1.0748,1.0568,0.0,0.0,0.0,0.0,488
2023-05-10 09:36:08,OP90002159,中证500ETF购12月5250,0.0,0.0,0.0,0.0,20,1.0634,1.0689,10,1.0748,1.0568,0.0,0.0,0.0,0.0,488
2023-05-10 09:36:09,OP90002159,中证500ETF购12月5250,0.0,0.0,0.0,0.0,20,1.0634,1.0692,20,1.0748,1.0568,0.0,0.0,0.0,0.0,488
2023-05-10 09:36:09,OP90002159,中证500ETF购12月5250,0.0,0.0,0.0,0.0,20,1.0634,1.0692,20,1.0748,1.0568,0.0,0.0,0.0,0.0,488
2023-05-10 09:36:10,OP90002159,中证500ETF购12月5250,0.0,0.0,0.0,0.0,20,1.0634,1.0692,20,1.0748,1.0568,0.0,0.0,0.0,0.0,488
2023-05-10 09:36:10,OP90002159,中证500ETF购12月5250,0.0,0.0,0.0,0.0,20,1.0634,1.0692,20,1.0748,1.0568,0.0,0.0,0.0,0.0,488
2023-05-10 09:36:11,OP90002159,中证500ETF购12月5250,0.0,0.0,0.0,0.0,10,1.0635,1.0692,20,1.0748,1.0568,0.0,0.0,0.0,0.0,488
2023-05-10 09:36:11,OP90002159,中证500ETF购12月5250,0.0,0.0,0.0,0.0,10,1.0635,1.0692,20,1.0748,1.0568,0.0,0.0,0.0,0.0,488
2023-05-10 09:36:12,OP90002159,中证500ETF购12月5250,0.0,0.0,0.0,0.0,10,1.0635,1.0692,20,1.0748,1.0568,0.0,0.0,0.0,0.0,488
2023-05-10 09:36:12,OP90002159,中证500ETF购12月5250,0.0,0.0,0.0,0.0,20,1.0634,1.0692,20,1.0748,1.0568,0.0,0.0,0.0,0.0,488
2023-05-10 09:36:13,OP90002159,中证500ETF购12月5250,0.0,0.0,0.0,0.0,20,1.0634,1.0691,15,1.0748,1.0568,0.0,0.0,0.0,0.0,488
2023-05-10 09:36:13,OP90002159,中证500ETF购12月5250,0.0,0.0,0.0,0.0,20,1.0634,1.0692,20,1.0748,1.0568,0.0,0.0,0.0,0.0,488
2023-05-10 09:36:15,OP90002159,中证500ETF购12月5250,0.0,0.0,0.0,0.0,20,1.0634,1.0692,40,1.0748,1.0568,0.0,0.0,0.0,0.0,488
2023-05-10 09:36:15,OP90002159,中证500ETF购12月5250,0.0,0.0,0.0,0.0,20,1.0634,1.0691,15,1.0748,1.0568,0.0,0.0,0.0,0.0,488
2023-05-10 09:36:16,OP90002159,中证500ETF购12月5250,0.0,0.0,0.0,0.0,20,1.0634,1.0692,40,1.0748,1.0568,0.0,0.0,0.0,0.0,488
2023-05-10 09:36:17,OP90002159,中证500ETF购12月5250,0.0,0.0,0.0,0.0,20,1.0634,1.0692,40,1.0748,1.0568,0.0,0.0,0.0,0.0,488
2023-05-10 09:36:19,OP90002159,中证500ETF购12月5250,0.0,0.0,0.0,0.0,20,1.0634,1.0692,40,1.0748,1.0568,0.0,0.0,0.0,0.0,488
2023-05-10 09:36:20,OP90002159,中证500ETF购12月5250,0.0,0.0,0.0,0.0,40,1.0634,1.0692,20,1.0748,1.0568,0.0,0.0,0.0,0.0,488
2023-05-10 09:36:20,OP90002159,中证500ETF购12月5250,0.0,0.0,0.0,0.0,40,1.0634,1.0698,20,1.0748,1.0568,0.0,0.0,0.0,0.0,488
2023-05-10 09:36:21,OP90002159,中证500ETF购12月5250,0.0,0.0,0.0,0.0,40,1.0634,1.0698,20,1.0748,1.0568,0.0,0.0,0.0,0.0,488
2023-05-10 09:36:22,OP90002159,中证500ETF购12月5250,0.0,0.0,0.0,0.0,20,1.0655,1.0698,20,1.0748,1.0568,0.0,0.0,0.0,0.0,488
2023-05-10 09:36:22,OP90002159,中证500ETF购12月5250,0.0,0.0,0.0,0.0,20,1.0655,1.0704,10,1.0748,1.0568,0.0,0.0,0.0,0.0,488
2023-05-10 09:36:23,OP90002159,中证500ETF购12月5250,0.0,0.0,0.0,0.0,20,1.0655,1.071,10,1.0748,1.0568,0.0,0.0,0.0,0.0,488
2023-05-10 09:36:23,OP90002159,中证500ETF购12月5250,0.0,0.0,0.0,0.0,20,1.0655,1.071,10,1.0748,1.0568,0.0,0.0,0.0,0.0,488
2023-05-10 09:36:24,OP90002159,中证500ETF购12月5250,0.0,0.0,0.0,0.0,20,1.0655,1.0711,20,1.0748,1.0568,0.0,0.0,0.0,0.0,488
2023-05-10 09:36:24,OP90002159,中证500ETF购12月5250,0.0,0.0,0.0,0.0,40,1.0655,1.0714,10,1.0748,1.0568,0.0,0.0,0.0,0.0,488
2023-05-10 09:36:25,OP90002159,中证500ETF购12月5250,0.0,0.0,0.0,0.0,40,1.0655,1.072,10,1.0748,1.0568,0.0,0.0,0.0,0.0,488
2023-05-10 09:36:25,OP90002159,中证500ETF购12月5250,0.0,0.0,0.0,0.0,10,1.0656,1.072,10,1.0748,1.0568,0.0,0.0,0.0,0.0,488
2023-05-10 09:36:26,OP90002159,中证500ETF购12月5250,0.0,0.0,0.0,0.0,10,1.0656,1.0719,15,1.0748,1.0568,0.0,0.0,0.0,0.0,488
2023-05-10 09:36:26,OP90002159,中证500ETF购12月5250,0.0,0.0,0.0,0.0,10,1.0656,1.0719,15,1.0748,1.0568,0.0,0.0,0.0,0.0,488
2023-05-10 09:36:27,OP90002159,中证500ETF购12月5250,0.0,0.0,0.0,0.0,10,1.0656,1.0714,20,1.0748,1.0568,0.0,0.0,0.0,0.0,488
2023-05-10 09:36:29,OP90002159,中证500ETF购12月5250,0.0,0.0,0.0,0.0,40,1.0655,1.0713,15,1.0748,1.0568,0.0,0.0,0.0,0.0,488
2023-05-10 09:36:29,OP90002159,中证500ETF购12月5250,0.0,0.0,0.0,0.0,40,1.0655,1.0713,15,1.0748,1.0568,0.0,0.0,0.0,0.0,488
2023-05-10 09:36:30,OP90002159,中证500ETF购12月5250,0.0,0.0,0.0,0.0,10,1.0656,1.0714,20,1.0748,1.0568,0.0,0.0,0.0,0.0,488
2023-05-10 09:36:30,OP90002159,中证500ETF购12月5250,0.0,0.0,0.0,0.0,40,1.0655,1.0714,20,1.0748,1.0568,0.0,0.0,0.0,0.0,488
2023-05-10 09:36:31,OP90002159,中证500ETF购12月5250,0.0,0.0,0.0,0.0,10,1.0656,1.0714,20,1.0748,1.0568,0.0,0.0,0.0,0.0,488
2023-05-10 09:36:31,OP90002159,中证500ETF购12月5250,0.0,0.0,0.0,0.0,10,1.0656,1.0713,15,1.0748,1.0568,0.0,0.0,0.0,0.0,488
2023-05-10 09:36:32,OP90002159,中证500ETF购12月5250,0.0,0.0,0.0,0.0,10,1.0656,1.0713,35,1.0748,1.0568,0.0,0.0,0.0,0.0,488
2023-05-10 09:36:33,OP90002159,中证500ETF购12月5250,0.0,0.0,0.0,0.0,10,1.0656,1.0713,35,1.0748,1.0568,0.0,0.0,0.0,0.0,488
2023-05-10 09:36:34,OP90002159,中证500ETF购12月5250,0.0,0.0,0.0,0.0,10,1.0656,1.0713,20,1.0748,1.0568,0.0,0.0,0.0,0.0,488
2023-05-10 09:36:35,OP90002159,中证500ETF购12月5250,0.0,0.0,0.0,0.0,20,1.0655,1.0713,20,1.0748,1.0568,0.0,0.0,0.0,0.0,488
2023-05-10 09:36:36,OP90002159,中证500ETF购12月5250,0.0,0.0,0.0,0.0,20,1.0655,1.0713,20,1.0748,1.0568,0.0,0.0,0.0,0.0,488
2023-05-10 09:36:38,OP90002159,中证500ETF购12月5250,0.0,0.0,0.0,0.0,20,1.0655,1.0713,20,1.0748,1.0568,0.0,0.0,0.0,0.0,488
2023-05-10 09:36:38,OP90002159,中证500ETF购12月5250,0.0,0.0,0.0,0.0,20,1.0655,1.0712,15,1.0748,1.0568,0.0,0.0,0.0,0.0,488
2023-05-10 09:36:40,OP90002159,中证500ETF购12月5250,0.0,0.0,0.0,0.0,20,1.0655,1.0713,20,1.0748,1.0568,0.0,0.0,0.0,0.0,488
2023-05-10 09:36:42,OP90002159,中证500ETF购12月5250,0.0,0.0,0.0,0.0,20,1.0655,1.0713,20,1.0748,1.0568,0.0,0.0,0.0,0.0,488
2023-05-10 09:36:44,OP90002159,中证500ETF购12月5250,0.0,0.0,0.0,0.0,20,1.0655,1.0713,20,1.0748,1.0568,0.0,0.0,0.0,0.0,488
2023-05-10 09:36:44,OP90002159,中证500ETF购12月5250,0.0,0.0,0.0,0.0,20,1.0655,1.0713,20,1.0748,1.0568,0.0,0.0,0.0,0.0,488
2023-05-10 09:36:46,OP90002159,中证500ETF购12月5250,0.0,0.0,0.0,0.0,20,1.0655,1.0713,20,1.0748,1.0568,0.0,0.0,0.0,0.0,488
2023-05-10 09:36:48,OP90002159,中证500ETF购12月5250,0.0,0.0,0.0,0.0,20,1.0655,1.0713,20,1.0748,1.0568,0.0,0.0,0.0,0.0,488
2023-05-10 09:36:48,OP90002159,中证500ETF购12月5250,0.0,0.0,0.0,0.0,20,1.0655,1.0713,35,1.0748,1.0568,0.0,0.0,0.0,0.0,488
2023-05-10 09:36:50,OP90002159,中证500ETF购12月5250,0.0,0.0,0.0,0.0,20,1.0655,1.0713,20,1.0748,1.0568,0.0,0.0,0.0,0.0,488
2023-05-10 09:36:53,OP90002159,中证500ETF购12月5250,0.0,0.0,0.0,0.0,10,1.0656,1.0713,20,1.0748,1.0568,0.0,0.0,0.0,0.0,488
2023-05-10 09:36:53,OP90002159,中证500ETF购12月5250,0.0,0.0,0.0,0.0,10,1.0656,1.0713,20,1.0748,1.0568,0.0,0.0,0.0,0.0,488
2023-05-10 09:36:54,OP90002159,中证500ETF购12月5250,0.0,0.0,0.0,0.0,20,1.0672,1.0724,20,1.0748,1.0568,0.0,0.0,0.0,0.0,488
2023-05-10 09:36:55,OP90002159,中证500ETF购12月5250,0.0,0.0,0.0,0.0,20,1.0672,1.0724,20,1.0748,1.0568,0.0,0.0,0.0,0.0,488
2023-05-10 09:36:56,OP90002159,中证500ETF购12月5250,0.0,0.0,0.0,0.0,10,1.0673,1.0724,20,1.0748,1.0568,0.0,0.0,0.0,0.0,488
2023-05-10 09:36:56,OP90002159,中证500ETF购12月5250,0.0,0.0,0.0,0.0,10,1.0673,1.0724,20,1.0748,1.0568,0.0,0.0,0.0,0.0,488
2023-05-10 09:36:57,OP90002159,中证500ETF购12月5250,0.0,0.0,0.0,0.0,20,1.0672,1.0724,20,1.0748,1.0568,0.0,0.0,0.0,0.0,488
2023-05-10 09:36:57,OP90002159,中证500ETF购12月5250,0.0,0.0,0.0,0.0,10,1.0673,1.0724,20,1.0748,1.0568,0.0,0.0,0.0,0.0,488
2023-05-10 09:36:58,OP90002159,中证500ETF购12月5250,0.0,0.0,0.0,0.0,10,1.0673,1.0724,20,1.0748,1.0568,0.0,0.0,0.0,0.0,488
2023-05-10 09:36:58,OP90002159,中证500ETF购12月5250,0.0,0.0,0.0,0.0,20,1.0672,1.0724,20,1.0748,1.0568,0.0,0.0,0.0,0.0,488
2023-05-10 09:36:59,OP90002159,中证500ETF购12月5250,0.0,0.0,0.0,0.0,10,1.0673,1.0724,20,1.0748,1.0568,0.0,0.0,0.0,0.0,488
2023-05-10 09:36:59,OP90002159,中证500ETF购12月5250,0.0,0.0,0.0,0.0,20,1.0672,1.0724,20,1.0748,1.0568,0.0,0.0,0.0,0.0,488
2023-05-10 09:37:00,OP90002159,中证500ETF购12月5250,0.0,0.0,0.0,0.0,20,1.0672,1.0724,20,1.0748,1.0568,0.0,0.0,0.0,0.0,488
2023-05-10 09:37:01,OP90002159,中证500ETF购12月5250,0.0,0.0,0.0,0.0,20,1.0657,1.0724,20,1.0748,1.0568,0.0,0.0,0.0,0.0,488
2023-05-10 09:37:01,OP90002159,中证500ETF购12月5250,0.0,0.0,0.0,0.0,10,1.0658,1.0723,35,1.0748,1.0568,0.0,0.0,0.0,0.0,488
2023-05-10 09:37:02,OP90002159,中证500ETF购12月5250,0.0,0.0,0.0,0.0,20,1.0657,1.0723,55,1.0748,1.0568,0.0,0.0,0.0,0.0,488
2023-05-10 09:37:02,OP90002159,中证500ETF购12月5250,0.0,0.0,0.0,0.0,20,1.0657,1.0723,35,1.0748,1.0568,0.0,0.0,0.0,0.0,488
2023-05-10 09:37:03,OP90002159,中证500ETF购12月5250,0.0,0.0,0.0,0.0,20,1.0657,1.0712,20,1.0748,1.0568,0.0,0.0,0.0,0.0,488
2023-05-10 09:37:03,OP90002159,中证500ETF购12月5250,0.0,0.0,0.0,0.0,20,1.0657,1.0711,15,1.0748,1.0568,0.0,0.0,0.0,0.0,488
2023-05-10 09:37:04,OP90002159,中证500ETF购12月5250,0.0,0.0,0.0,0.0,20,1.0657,1.0711,15,1.0748,1.0568,0.0,0.0,0.0,0.0,488
2023-05-10 09:37:05,OP90002159,中证500ETF购12月5250,0.0,0.0,0.0,0.0,20,1.0657,1.0711,15,1.0748,1.0568,0.0,0.0,0.0,0.0,488
2023-05-10 09:37:06,OP90002159,中证500ETF购12月5250,0.0,0.0,0.0,0.0,20,1.0657,1.0711,35,1.0748,1.0568,0.0,0.0,0.0,0.0,488
2023-05-10 09:37:06,OP90002159,中证500ETF购12月5250,0.0,0.0,0.0,0.0,20,1.0657,1.0711,35,1.0748,1.0568,0.0,0.0,0.0,0.0,488
2023-05-10 09:37:07,OP90002159,中证500ETF购12月5250,0.0,0.0,0.0,0.0,10,1.0639,1.0701,20,1.0748,1.0568,0.0,0.0,0.0,0.0,488
2023-05-10 09:37:07,OP90002159,中证500ETF购12月5250,0.0,0.0,0.0,0.0,20,1.0638,1.07,15,1.0748,1.0568,0.0,0.0,0.0,0.0,488
2023-05-10 09:37:08,OP90002159,中证500ETF购12月5250,0.0,0.0,0.0,0.0,20,1.0638,1.07,15,1.0748,1.0568,0.0,0.0,0.0,0.0,488
2023-05-10 09:37:08,OP90002159,中证500ETF购12月5250,0.0,0.0,0.0,0.0,20,1.0638,1.0701,20,1.0748,1.0568,0.0,0.0,0.0,0.0,488
2023-05-10 09:37:09,OP90002159,中证500ETF购12月5250,0.0,0.0,0.0,0.0,40,1.0638,1.0705,20,1.0748,1.0568,0.0,0.0,0.0,0.0,488
2023-05-10 09:37:09,OP90002159,中证500ETF购12月5250,0.0,0.0,0.0,0.0,20,1.0655,1.0705,20,1.0748,1.0568,0.0,0.0,0.0,0.0,488
2023-05-10 09:37:10,OP90002159,中证500ETF购12月5250,0.0,0.0,0.0,0.0,20,1.0655,1.0705,20,1.0748,1.0568,0.0,0.0,0.0,0.0,488
2023-05-10 09:37:10,OP90002159,中证500ETF购12月5250,0.0,0.0,0.0,0.0,10,1.0656,1.0707,10,1.0748,1.0568,0.0,0.0,0.0,0.0,488
2023-05-10 09:37:11,OP90002159,中证500ETF购12月5250,0.0,0.0,0.0,0.0,20,1.0655,1.071,10,1.0748,1.0568,0.0,0.0,0.0,0.0,488
2023-05-10 09:37:12,OP90002159,中证500ETF购12月5250,0.0,0.0,0.0,0.0,10,1.0656,1.0714,10,1.0748,1.0568,0.0,0.0,0.0,0.0,488
2023-05-10 09:37:12,OP90002159,中证500ETF购12月5250,0.0,0.0,0.0,0.0,10,1.0656,1.0713,15,1.0748,1.0568,0.0,0.0,0.0,0.0,488
2023-05-10 09:37:13,OP90002159,中证500ETF购12月5250,0.0,0.0,0.0,0.0,20,1.0655,1.0713,15,1.0748,1.0568,0.0,0.0,0.0,0.0,488
2023-05-10 09:37:13,OP90002159,中证500ETF购12月5250,0.0,0.0,0.0,0.0,10,1.0656,1.0713,15,1.0748,1.0568,0.0,0.0,0.0,0.0,488
2023-05-10 09:37:15,OP90002159,中证500ETF购12月5250,0.0,0.0,0.0,0.0,10,1.0656,1.0713,15,1.0748,1.0568,0.0,0.0,0.0,0.0,488
2023-05-10 09:37:15,OP90002159,中证500ETF购12月5250,0.0,0.0,0.0,0.0,20,1.0655,1.0713,15,1.0748,1.0568,0.0,0.0,0.0,0.0,488
2023-05-10 09:37:16,OP90002159,中证500ETF购12月5250,0.0,0.0,0.0,0.0,20,1.0655,1.0713,15,1.0748,1.0568,0.0,0.0,0.0,0.0,488
2023-05-10 09:37:18,OP90002159,中证500ETF购12月5250,0.0,0.0,0.0,0.0,20,1.0655,1.0713,15,1.0748,1.0568,0.0,0.0,0.0,0.0,488
2023-05-10 09:37:18,OP90002159,中证500ETF购12月5250,0.0,0.0,0.0,0.0,20,1.0655,1.0711,20,1.0748,1.0568,0.0,0.0,0.0,0.0,488
2023-05-10 09:37:19,OP90002159,中证500ETF购12月5250,0.0,0.0,0.0,0.0,20,1.0655,1.071,15,1.0748,1.0568,0.0,0.0,0.0,0.0,488
2023-05-10 09:37:19,OP90002159,中证500ETF购12月5250,0.0,0.0,0.0,0.0,20,1.0655,1.071,15,1.0748,1.0568,0.0,0.0,0.0,0.0,488
2023-05-10 09:37:20,OP90002159,中证500ETF购12月5250,0.0,0.0,0.0,0.0,20,1.0655,1.071,15,1.0748,1.0568,0.0,0.0,0.0,0.0,488
2023-05-10 09:37:23,OP90002159,中证500ETF购12月5250,0.0,0.0,0.0,0.0,20,1.064,1.0703,20,1.0748,1.0568,0.0,0.0,0.0,0.0,488
2023-05-10 09:37:23,OP90002159,中证500ETF购12月5250,0.0,0.0,0.0,0.0,20,1.064,1.0703,20,1.0748,1.0568,0.0,0.0,0.0,0.0,488
2023-05-10 09:37:25,OP90002159,中证500ETF购12月5250,0.0,0.0,0.0,0.0,20,1.064,1.0703,20,1.0748,1.0568,0.0,0.0,0.0,0.0,488
2023-05-10 09:37:26,OP90002159,中证500ETF购12月5250,0.0,0.0,0.0,0.0,20,1.064,1.0703,20,1.0748,1.0568,0.0,0.0,0.0,0.0,488
2023-05-10 09:37:27,OP90002159,中证500ETF购12月5250,0.0,0.0,0.0,0.0,10,1.0641,1.0703,20,1.0748,1.0568,0.0,0.0,0.0,0.0,488
2023-05-10 09:37:30,OP90002159,中证500ETF购12月5250,0.0,0.0,0.0,0.0,10,1.0641,1.0703,20,1.0748,1.0568,0.0,0.0,0.0,0.0,488
2023-05-10 09:37:31,OP90002159,中证500ETF购12月5250,0.0,0.0,0.0,0.0,20,1.064,1.0703,20,1.0748,1.0568,0.0,0.0,0.0,0.0,488
2023-05-10 09:37:33,OP90002159,中证500ETF购12月5250,0.0,0.0,0.0,0.0,20,1.064,1.0703,20,1.0748,1.0568,0.0,0.0,0.0,0.0,488
2023-05-10 09:37:34,OP90002159,中证500ETF购12月5250,0.0,0.0,0.0,0.0,20,1.064,1.0696,20,1.0748,1.0568,0.0,0.0,0.0,0.0,488
2023-05-10 09:37:34,OP90002159,中证500ETF购12月5250,0.0,0.0,0.0,0.0,20,1.064,1.0695,15,1.0748,1.0568,0.0,0.0,0.0,0.0,488
2023-05-10 09:37:35,OP90002159,中证500ETF购12月5250,0.0,0.0,0.0,0.0,20,1.064,1.0695,15,1.0748,1.0568,0.0,0.0,0.0,0.0,488
2023-05-10 09:37:36,OP90002159,中证500ETF购12月5250,0.0,0.0,0.0,0.0,20,1.064,1.0695,15,1.0748,1.0568,0.0,0.0,0.0,0.0,488
2023-05-10 09:37:39,OP90002159,中证500ETF购12月5250,0.0,0.0,0.0,0.0,20,1.064,1.0695,15,1.0748,1.0568,0.0,0.0,0.0,0.0,488
2023-05-10 09:37:40,OP90002159,中证500ETF购12月5250,0.0,0.0,0.0,0.0,20,1.064,1.0695,15,1.0748,1.0568,0.0,0.0,0.0,0.0,488
2023-05-10 09:37:42,OP90002159,中证500ETF购12月5250,0.0,0.0,0.0,0.0,20,1.064,1.0695,15,1.0748,1.0568,0.0,0.0,0.0,0.0,488
2023-05-10 09:37:47,OP90002159,中证500ETF购12月5250,0.0,0.0,0.0,0.0,20,1.064,1.0695,15,1.0748,1.0568,0.0,0.0,0.0,0.0,488
2023-05-10 09:37:47,OP90002159,中证500ETF购12月5250,0.0,0.0,0.0,0.0,20,1.064,1.0695,15,1.0748,1.0568,0.0,0.0,0.0,0.0,488
2023-05-10 09:37:48,OP90002159,中证500ETF购12月5250,0.0,0.0,0.0,0.0,20,1.064,1.0695,15,1.0748,1.0568,0.0,0.0,0.0,0.0,488
2023-05-10 09:37:50,OP90002159,中证500ETF购12月5250,0.0,0.0,0.0,0.0,20,1.064,1.0695,15,1.0748,1.0568,0.0,0.0,0.0,0.0,488
2023-05-10 09:37:53,OP90002159,中证500ETF购12月5250,0.0,0.0,0.0,0.0,20,1.064,1.0695,15,1.0748,1.0568,0.0,0.0,0.0,0.0,488
2023-05-10 09:37:55,OP90002159,中证500ETF购12月5250,0.0,0.0,0.0,0.0,20,1.064,1.0695,15,1.0748,1.0568,0.0,0.0,0.0,0.0,488
2023-05-10 09:37:58,OP90002159,中证500ETF购12月5250,0.0,0.0,0.0,0.0,20,1.064,1.0695,15,1.0748,1.0568,0.0,0.0,0.0,0.0,488
2023-05-10 09:37:59,OP90002159,中证500ETF购12月5250,0.0,0.0,0.0,0.0,20,1.064,1.0695,15,1.0748,1.0568,0.0,0.0,0.0,0.0,488
2023-05-10 09:38:00,OP90002159,中证500ETF购12月5250,0.0,0.0,0.0,0.0,20,1.064,1.0695,15,1.0748,1.0568,0.0,0.0,0.0,0.0,488
2023-05-10 09:38:06,OP90002159,中证500ETF购12月5250,0.0,0.0,0.0,0.0,20,1.064,1.0695,15,1.0748,1.0568,0.0,0.0,0.0,0.0,488
2023-05-10 09:38:07,OP90002159,中证500ETF购12月5250,0.0,0.0,0.0,0.0,20,1.064,1.0695,15,1.0748,1.0568,0.0,0.0,0.0,0.0,488
2023-05-10 09:38:08,OP90002159,中证500ETF购12月5250,0.0,0.0,0.0,0.0,20,1.064,1.0695,15,1.0748,1.0568,0.0,0.0,0.0,0.0,488
2023-05-10 09:38:08,OP90002159,中证500ETF购12月5250,0.0,0.0,0.0,0.0,10,1.0641,1.0695,15,1.0748,1.0568,0.0,0.0,0.0,0.0,488
2023-05-10 09:38:09,OP90002159,中证500ETF购12月5250,0.0,0.0,0.0,0.0,10,1.0641,1.0695,15,1.0748,1.0568,0.0,0.0,0.0,0.0,488
2023-05-10 09:38:09,OP90002159,中证500ETF购12月5250,0.0,0.0,0.0,0.0,20,1.064,1.0695,15,1.0748,1.0568,0.0,0.0,0.0,0.0,488
2023-05-10 09:38:10,OP90002159,中证500ETF购12月5250,0.0,0.0,0.0,0.0,20,1.064,1.0695,15,1.0748,1.0568,0.0,0.0,0.0,0.0,488
2023-05-10 09:38:12,OP90002159,中证500ETF购12月5250,0.0,0.0,0.0,0.0,20,1.0644,1.0695,15,1.0748,1.0568,0.0,0.0,0.0,0.0,488
2023-05-10 09:38:13,OP90002159,中证500ETF购12月5250,0.0,0.0,0.0,0.0,20,1.0644,1.0695,15,1.0748,1.0568,0.0,0.0,0.0,0.0,488
2023-05-10 09:38:13,OP90002159,中证500ETF购12月5250,0.0,0.0,0.0,0.0,10,1.0645,1.0695,15,1.0748,1.0568,0.0,0.0,0.0,0.0,488
2023-05-10 09:38:14,OP90002159,中证500ETF购12月5250,0.0,0.0,0.0,0.0,10,1.0645,1.0695,15,1.0748,1.0568,0.0,0.0,0.0,0.0,488
2023-05-10 09:38:14,OP90002159,中证500ETF购12月5250,0.0,0.0,0.0,0.0,10,1.0645,1.0695,15,1.0748,1.0568,0.0,0.0,0.0,0.0,488
2023-05-10 09:38:15,OP90002159,中证500ETF购12月5250,0.0,0.0,0.0,0.0,10,1.0645,1.0695,15,1.0748,1.0568,0.0,0.0,0.0,0.0,488
2023-05-10 09:38:18,OP90002159,中证500ETF购12月5250,0.0,0.0,0.0,0.0,20,1.0644,1.0695,15,1.0748,1.0568,0.0,0.0,0.0,0.0,488
2023-05-10 09:38:19,OP90002159,中证500ETF购12月5250,0.0,0.0,0.0,0.0,20,1.0644,1.0695,15,1.0748,1.0568,0.0,0.0,0.0,0.0,488
2023-05-10 09:38:21,OP90002159,中证500ETF购12月5250,0.0,0.0,0.0,0.0,40,1.064,1.0695,15,1.0748,1.0568,0.0,0.0,0.0,0.0,488
2023-05-10 09:38:21,OP90002159,中证500ETF购12月5250,0.0,0.0,0.0,0.0,20,1.064,1.0695,35,1.0748,1.0568,0.0,0.0,0.0,0.0,488
2023-05-10 09:38:22,OP90002159,中证500ETF购12月5250,0.0,0.0,0.0,0.0,20,1.064,1.0695,35,1.0748,1.0568,0.0,0.0,0.0,0.0,488
2023-05-10 09:38:23,OP90002159,中证500ETF购12月5250,0.0,0.0,0.0,0.0,20,1.064,1.0695,35,1.0748,1.0568,0.0,0.0,0.0,0.0,488
2023-05-10 09:38:26,OP90002159,中证500ETF购12月5250,0.0,0.0,0.0,0.0,10,1.0641,1.0695,35,1.0748,1.0568,0.0,0.0,0.0,0.0,488
2023-05-10 09:38:27,OP90002159,中证500ETF购12月5250,0.0,0.0,0.0,0.0,10,1.0641,1.0695,35,1.0748,1.0568,0.0,0.0,0.0,0.0,488
2023-05-10 09:38:27,OP90002159,中证500ETF购12月5250,0.0,0.0,0.0,0.0,30,1.0641,1.0695,15,1.0748,1.0568,0.0,0.0,0.0,0.0,488
2023-05-10 09:38:28,OP90002159,中证500ETF购12月5250,0.0,0.0,0.0,0.0,20,1.0656,1.0695,15,1.0748,1.0568,0.0,0.0,0.0,0.0,488
2023-05-10 09:38:28,OP90002159,中证500ETF购12月5250,0.0,0.0,0.0,0.0,40,1.0656,1.0695,15,1.0748,1.0568,0.0,0.0,0.0,0.0,488
2023-05-10 09:38:31,OP90002159,中证500ETF购12月5250,0.0,0.0,0.0,0.0,20,1.0656,1.0695,15,1.0748,1.0568,0.0,0.0,0.0,0.0,488
2023-05-10 09:38:32,OP90002159,中证500ETF购12月5250,0.0,0.0,0.0,0.0,20,1.0656,1.0695,15,1.0748,1.0568,0.0,0.0,0.0,0.0,488
2023-05-10 09:38:35,OP90002159,中证500ETF购12月5250,0.0,0.0,0.0,0.0,20,1.0656,1.0695,15,1.0748,1.0568,0.0,0.0,0.0,0.0,488
2023-05-10 09:38:40,OP90002159,中证500ETF购12月5250,0.0,0.0,0.0,0.0,20,1.0656,1.0695,15,1.0748,1.0568,0.0,0.0,0.0,0.0,488
2023-05-10 09:38:40,OP90002159,中证500ETF购12月5250,0.0,0.0,0.0,0.0,20,1.0656,1.0695,15,1.0748,1.0568,0.0,0.0,0.0,0.0,488
2023-05-10 09:38:41,OP90002159,中证500ETF购12月5250,0.0,0.0,0.0,0.0,20,1.0643,1.0695,15,1.0748,1.0568,0.0,0.0,0.0,0.0,488
2023-05-10 09:38:41,OP90002159,中证500ETF购12月5250,0.0,0.0,0.0,0.0,20,1.0643,1.0695,15,1.0748,1.0568,0.0,0.0,0.0,0.0,488
2023-05-10 09:38:42,OP90002159,中证500ETF购12月5250,0.0,0.0,0.0,0.0,20,1.0643,1.0695,15,1.0748,1.0568,0.0,0.0,0.0,0.0,488
2023-05-10 09:38:44,OP90002159,中证500ETF购12月5250,0.0,0.0,0.0,0.0,20,1.0643,1.0695,15,1.0748,1.0568,0.0,0.0,0.0,0.0,488
2023-05-10 09:38:50,OP90002159,中证500ETF购12月5250,0.0,0.0,0.0,0.0,20,1.0643,1.0695,15,1.0748,1.0568,0.0,0.0,0.0,0.0,488
2023-05-10 09:38:53,OP90002159,中证500ETF购12月5250,0.0,0.0,0.0,0.0,20,1.0643,1.0695,15,1.0748,1.0568,0.0,0.0,0.0,0.0,488
2023-05-10 09:39:03,OP90002159,中证500ETF购12月5250,0.0,0.0,0.0,0.0,20,1.0654,1.0695,15,1.0748,1.0568,0.0,0.0,0.0,0.0,488
2023-05-10 09:39:04,OP90002159,中证500ETF购12月5250,0.0,0.0,0.0,0.0,20,1.0654,1.0695,15,1.0748,1.0568,0.0,0.0,0.0,0.0,488
2023-05-10 09:39:05,OP90002159,中证500ETF购12月5250,0.0,0.0,0.0,0.0,20,1.0654,1.0695,15,1.0748,1.0568,0.0,0.0,0.0,0.0,488
2023-05-10 09:39:07,OP90002159,中证500ETF购12月5250,0.0,0.0,0.0,0.0,20,1.0643,1.0695,15,1.0748,1.0568,0.0,0.0,0.0,0.0,488
2023-05-10 09:39:07,OP90002159,中证500ETF购12月5250,0.0,0.0,0.0,0.0,20,1.0643,1.0695,15,1.0748,1.0568,0.0,0.0,0.0,0.0,488
2023-05-10 09:39:08,OP90002159,中证500ETF购12月5250,0.0,0.0,0.0,0.0,20,1.0643,1.0695,15,1.0748,1.0568,0.0,0.0,0.0,0.0,488
2023-05-10 09:39:09,OP90002159,中证500ETF购12月5250,0.0,0.0,0.0,0.0,20,1.0643,1.0695,15,1.0748,1.0568,0.0,0.0,0.0,0.0,488
2023-05-10 09:39:10,OP90002159,中证500ETF购12月5250,0.0,0.0,0.0,0.0,20,1.0659,1.0695,15,1.0748,1.0568,0.0,0.0,0.0,0.0,488
2023-05-10 09:39:10,OP90002159,中证500ETF购12月5250,0.0,0.0,0.0,0.0,20,1.0659,1.0695,15,1.0748,1.0568,0.0,0.0,0.0,0.0,488
2023-05-10 09:39:11,OP90002159,中证500ETF购12月5250,0.0,0.0,0.0,0.0,20,1.0659,1.0695,15,1.0748,1.0568,0.0,0.0,0.0,0.0,488
2023-05-10 09:39:12,OP90002159,中证500ETF购12月5250,0.0,0.0,0.0,0.0,20,1.0659,1.0695,15,1.0748,1.0568,0.0,0.0,0.0,0.0,488
2023-05-10 09:39:13,OP90002159,中证500ETF购12月5250,0.0,0.0,0.0,0.0,20,1.0659,1.0695,15,1.0748,1.0568,0.0,0.0,0.0,0.0,488
2023-05-10 09:39:13,OP90002159,中证500ETF购12月5250,0.0,0.0,0.0,0.0,20,1.0659,1.0713,30,1.0748,1.0568,0.0,0.0,0.0,0.0,488
2023-05-10 09:39:14,OP90002159,中证500ETF购12月5250,0.0,0.0,0.0,0.0,20,1.0659,1.0712,15,1.0748,1.0568,0.0,0.0,0.0,0.0,488
2023-05-10 09:39:14,OP90002159,中证500ETF购12月5250,0.0,0.0,0.0,0.0,20,1.0659,1.0712,15,1.0748,1.0568,0.0,0.0,0.0,0.0,488
2023-05-10 09:39:15,OP90002159,中证500ETF购12月5250,0.0,0.0,0.0,0.0,10,1.066,1.0712,15,1.0748,1.0568,0.0,0.0,0.0,0.0,488
2023-05-10 09:39:15,OP90002159,中证500ETF购12月5250,0.0,0.0,0.0,0.0,10,1.066,1.0712,15,1.0748,1.0568,0.0,0.0,0.0,0.0,488
2023-05-10 09:39:16,OP90002159,中证500ETF购12月5250,0.0,0.0,0.0,0.0,10,1.066,1.0712,15,1.0748,1.0568,0.0,0.0,0.0,0.0,488
2023-05-10 09:39:17,OP90002159,中证500ETF购12月5250,0.0,0.0,0.0,0.0,40,1.0659,1.0712,15,1.0748,1.0568,0.0,0.0,0.0,0.0,488
2023-05-10 09:39:17,OP90002159,中证500ETF购12月5250,0.0,0.0,0.0,0.0,10,1.066,1.0712,15,1.0748,1.0568,0.0,0.0,0.0,0.0,488
2023-05-10 09:39:18,OP90002159,中证500ETF购12月5250,0.0,0.0,0.0,0.0,10,1.066,1.0712,15,1.0748,1.0568,0.0,0.0,0.0,0.0,488
2023-05-10 09:39:18,OP90002159,中证500ETF购12月5250,0.0,0.0,0.0,0.0,40,1.0659,1.0712,15,1.0748,1.0568,0.0,0.0,0.0,0.0,488
2023-05-10 09:39:19,OP90002159,中证500ETF购12月5250,0.0,0.0,0.0,0.0,20,1.0662,1.0712,15,1.0748,1.0568,0.0,0.0,0.0,0.0,488
2023-05-10 09:39:19,OP90002159,中证500ETF购12月5250,0.0,0.0,0.0,0.0,20,1.0662,1.0712,15,1.0748,1.0568,0.0,0.0,0.0,0.0,488
2023-05-10 09:39:20,OP90002159,中证500ETF购12月5250,0.0,0.0,0.0,0.0,20,1.0662,1.0712,15,1.0748,1.0568,0.0,0.0,0.0,0.0,488
2023-05-10 09:39:22,OP90002159,中证500ETF购12月5250,0.0,0.0,0.0,0.0,10,1.0663,1.0712,15,1.0748,1.0568,0.0,0.0,0.0,0.0,488
2023-05-10 09:39:22,OP90002159,中证500ETF购12月5250,0.0,0.0,0.0,0.0,20,1.0662,1.0712,15,1.0748,1.0568,0.0,0.0,0.0,0.0,488
2023-05-10 09:39:23,OP90002159,中证500ETF购12月5250,0.0,0.0,0.0,0.0,10,1.0663,1.0712,15,1.0748,1.0568,0.0,0.0,0.0,0.0,488
2023-05-10 09:39:24,OP90002159,中证500ETF购12月5250,0.0,0.0,0.0,0.0,20,1.0679,1.0712,15,1.0748,1.0568,0.0,0.0,0.0,0.0,488
2023-05-10 09:39:24,OP90002159,中证500ETF购12月5250,0.0,0.0,0.0,0.0,20,1.0679,1.0729,10,1.0748,1.0568,0.0,0.0,0.0,0.0,488
2023-05-10 09:39:25,OP90002159,中证500ETF购12月5250,0.0,0.0,0.0,0.0,20,1.0679,1.0728,15,1.0748,1.0568,0.0,0.0,0.0,0.0,488
2023-05-10 09:39:25,OP90002159,中证500ETF购12月5250,0.0,0.0,0.0,0.0,10,1.068,1.0728,15,1.0748,1.0568,0.0,0.0,0.0,0.0,488
2023-05-10 09:39:26,OP90002159,中证500ETF购12月5250,0.0,0.0,0.0,0.0,10,1.068,1.0728,15,1.0748,1.0568,0.0,0.0,0.0,0.0,488
2023-05-10 09:39:26,OP90002159,中证500ETF购12月5250,0.0,0.0,0.0,0.0,20,1.0679,1.0728,15,1.0748,1.0568,0.0,0.0,0.0,0.0,488
2023-05-10 09:39:27,OP90002159,中证500ETF购12月5250,0.0,0.0,0.0,0.0,20,1.0679,1.0728,15,1.0748,1.0568,0.0,0.0,0.0,0.0,488
2023-05-10 09:39:29,OP90002159,中证500ETF购12月5250,0.0,0.0,0.0,0.0,10,1.068,1.0728,15,1.0748,1.0568,0.0,0.0,0.0,0.0,488
2023-05-10 09:39:29,OP90002159,中证500ETF购12月5250,0.0,0.0,0.0,0.0,10,1.068,1.0728,15,1.0748,1.0568,0.0,0.0,0.0,0.0,488
2023-05-10 09:39:30,OP90002159,中证500ETF购12月5250,0.0,0.0,0.0,0.0,50,1.068,1.0728,15,1.0748,1.0568,0.0,0.0,0.0,0.0,488
2023-05-10 09:39:30,OP90002159,中证500ETF购12月5250,0.0,0.0,0.0,0.0,40,1.068,1.0728,15,1.0748,1.0568,0.0,0.0,0.0,0.0,488
2023-05-10 09:39:31,OP90002159,中证500ETF购12月5250,0.0,0.0,0.0,0.0,10,1.0681,1.0728,15,1.0748,1.0568,0.0,0.0,0.0,0.0,488
2023-05-10 09:39:32,OP90002159,中证500ETF购12月5250,0.0,0.0,0.0,0.0,10,1.0681,1.0728,15,1.0748,1.0568,0.0,0.0,0.0,0.0,488
2023-05-10 09:39:32,OP90002159,中证500ETF购12月5250,0.0,0.0,0.0,0.0,10,1.0681,1.0728,15,1.0748,1.0568,0.0,0.0,0.0,0.0,488
2023-05-10 09:39:33,OP90002159,中证500ETF购12月5250,0.0,0.0,0.0,0.0,40,1.068,1.0728,15,1.0748,1.0568,0.0,0.0,0.0,0.0,488
2023-05-10 09:39:33,OP90002159,中证500ETF购12月5250,0.0,0.0,0.0,0.0,10,1.0681,1.0728,15,1.0748,1.0568,0.0,0.0,0.0,0.0,488
2023-05-10 09:39:34,OP90002159,中证500ETF购12月5250,0.0,0.0,0.0,0.0,40,1.068,1.0728,15,1.0748,1.0568,0.0,0.0,0.0,0.0,488
2023-05-10 09:39:34,OP90002159,中证500ETF购12月5250,0.0,0.0,0.0,0.0,20,1.0679,1.0728,15,1.0748,1.0568,0.0,0.0,0.0,0.0,488
2023-05-10 09:39:35,OP90002159,中证500ETF购12月5250,0.0,0.0,0.0,0.0,20,1.0679,1.0728,15,1.0748,1.0568,0.0,0.0,0.0,0.0,488
2023-05-10 09:39:38,OP90002159,中证500ETF购12月5250,0.0,0.0,0.0,0.0,20,1.0679,1.0728,15,1.0748,1.0568,0.0,0.0,0.0,0.0,488
2023-05-10 09:39:40,OP90002159,中证500ETF购12月5250,0.0,0.0,0.0,0.0,20,1.0679,1.0728,15,1.0748,1.0568,0.0,0.0,0.0,0.0,488
2023-05-10 09:39:41,OP90002159,中证500ETF购12月5250,0.0,0.0,0.0,0.0,20,1.0679,1.0728,15,1.0748,1.0568,0.0,0.0,0.0,0.0,488
2023-05-10 09:39:44,OP90002159,中证500ETF购12月5250,0.0,0.0,0.0,0.0,20,1.0679,1.0728,15,1.0748,1.0568,0.0,0.0,0.0,0.0,488
2023-05-10 09:39:45,OP90002159,中证500ETF购12月5250,0.0,0.0,0.0,0.0,20,1.0679,1.0728,15,1.0748,1.0568,0.0,0.0,0.0,0.0,488
2023-05-10 09:39:47,OP90002159,中证500ETF购12月5250,0.0,0.0,0.0,0.0,10,1.068,1.0728,15,1.0748,1.0568,0.0,0.0,0.0,0.0,488
2023-05-10 09:39:48,OP90002159,中证500ETF购12月5250,0.0,0.0,0.0,0.0,20,1.0679,1.0728,15,1.0748,1.0568,0.0,0.0,0.0,0.0,488
2023-05-10 09:39:48,OP90002159,中证500ETF购12月5250,0.0,0.0,0.0,0.0,20,1.0679,1.0728,15,1.0748,1.0568,0.0,0.0,0.0,0.0,488
2023-05-10 09:39:52,OP90002159,中证500ETF购12月5250,0.0,0.0,0.0,0.0,20,1.0679,1.0728,15,1.0748,1.0568,0.0,0.0,0.0,0.0,488
2023-05-10 09:39:53,OP90002159,中证500ETF购12月5250,0.0,0.0,0.0,0.0,20,1.0679,1.0728,15,1.0748,1.0568,0.0,0.0,0.0,0.0,488
2023-05-10 09:39:54,OP90002159,中证500ETF购12月5250,0.0,0.0,0.0,0.0,20,1.0679,1.0728,35,1.0748,1.0568,0.0,0.0,0.0,0.0,488
2023-05-10 09:39:54,OP90002159,中证500ETF购12月5250,0.0,0.0,0.0,0.0,20,1.0679,1.0722,20,1.0748,1.0568,0.0,0.0,0.0,0.0,488
2023-05-10 09:39:55,OP90002159,中证500ETF购12月5250,0.0,0.0,0.0,0.0,20,1.0679,1.0721,15,1.0748,1.0568,0.0,0.0,0.0,0.0,488
2023-05-10 09:39:55,OP90002159,中证500ETF购12月5250,0.0,0.0,0.0,0.0,40,1.0679,1.0721,15,1.0748,1.0568,0.0,0.0,0.0,0.0,488
2023-05-10 09:39:56,OP90002159,中证500ETF购12月5250,0.0,0.0,0.0,0.0,40,1.0679,1.0721,15,1.0748,1.0568,0.0,0.0,0.0,0.0,488
2023-05-10 09:40:04,OP90002159,中证500ETF购12月5250,0.0,0.0,0.0,0.0,20,1.0679,1.0721,15,1.0748,1.0568,0.0,0.0,0.0,0.0,488
2023-05-10 09:40:05,OP90002159,中证500ETF购12月5250,0.0,0.0,0.0,0.0,20,1.0679,1.0721,15,1.0748,1.0568,0.0,0.0,0.0,0.0,488
2023-05-10 09:40:05,OP90002159,中证500ETF购12月5250,0.0,0.0,0.0,0.0,20,1.0666,1.0716,20,1.0748,1.0568,0.0,0.0,0.0,0.0,488
2023-05-10 09:40:06,OP90002159,中证500ETF购12月5250,0.0,0.0,0.0,0.0,20,1.0666,1.0716,20,1.0748,1.0568,0.0,0.0,0.0,0.0,488
2023-05-10 09:40:06,OP90002159,中证500ETF购12月5250,0.0,0.0,0.0,0.0,20,1.0666,1.0712,20,1.0748,1.0568,0.0,0.0,0.0,0.0,488
2023-05-10 09:40:07,OP90002159,中证500ETF购12月5250,0.0,0.0,0.0,0.0,20,1.0658,1.0711,15,1.0748,1.0568,0.0,0.0,0.0,0.0,488
2023-05-10 09:40:07,OP90002159,中证500ETF购12月5250,0.0,0.0,0.0,0.0,20,1.0658,1.0711,15,1.0748,1.0568,0.0,0.0,0.0,0.0,488
2023-05-10 09:40:08,OP90002159,中证500ETF购12月5250,0.0,0.0,0.0,0.0,20,1.0658,1.0711,15,1.0748,1.0568,0.0,0.0,0.0,0.0,488
2023-05-10 09:40:10,OP90002159,中证500ETF购12月5250,0.0,0.0,0.0,0.0,10,1.0659,1.0711,15,1.0748,1.0568,0.0,0.0,0.0,0.0,488
2023-05-10 09:40:11,OP90002159,中证500ETF购12月5250,0.0,0.0,0.0,0.0,10,1.0659,1.0711,15,1.0748,1.0568,0.0,0.0,0.0,0.0,488
2023-05-10 09:40:11,OP90002159,中证500ETF购12月5250,0.0,0.0,0.0,0.0,10,1.0659,1.0711,15,1.0748,1.0568,0.0,0.0,0.0,0.0,488
2023-05-10 09:40:12,OP90002159,中证500ETF购12月5250,0.0,0.0,0.0,0.0,10,1.0659,1.0711,15,1.0748,1.0568,0.0,0.0,0.0,0.0,488
2023-05-10 09:40:13,OP90002159,中证500ETF购12月5250,0.0,0.0,0.0,0.0,10,1.0659,1.0711,15,1.0748,1.0568,0.0,0.0,0.0,0.0,488
2023-05-10 09:40:13,OP90002159,中证500ETF购12月5250,0.0,0.0,0.0,0.0,10,1.0659,1.0711,15,1.0748,1.0568,0.0,0.0,0.0,0.0,488
2023-05-10 09:40:14,OP90002159,中证500ETF购12月5250,0.0,0.0,0.0,0.0,30,1.0659,1.0711,15,1.0748,1.0568,0.0,0.0,0.0,0.0,488
2023-05-10 09:40:14,OP90002159,中证500ETF购12月5250,0.0,0.0,0.0,0.0,20,1.0659,1.0711,15,1.0748,1.0568,0.0,0.0,0.0,0.0,488
2023-05-10 09:40:15,OP90002159,中证500ETF购12月5250,0.0,0.0,0.0,0.0,10,1.066,1.0711,15,1.0748,1.0568,0.0,0.0,0.0,0.0,488
2023-05-10 09:40:18,OP90002159,中证500ETF购12月5250,0.0,0.0,0.0,0.0,20,1.0658,1.0711,15,1.0748,1.0568,0.0,0.0,0.0,0.0,488
2023-05-10 09:40:19,OP90002159,中证500ETF购12月5250,0.0,0.0,0.0,0.0,10,1.0659,1.0711,15,1.0748,1.0568,0.0,0.0,0.0,0.0,488
2023-05-10 09:40:20,OP90002159,中证500ETF购12月5250,0.0,0.0,0.0,0.0,20,1.0658,1.0711,15,1.0748,1.0568,0.0,0.0,0.0,0.0,488
2023-05-10 09:40:22,OP90002159,中证500ETF购12月5250,0.0,0.0,0.0,0.0,10,1.0659,1.0711,15,1.0748,1.0568,0.0,0.0,0.0,0.0,488
2023-05-10 09:40:24,OP90002159,中证500ETF购12月5250,0.0,0.0,0.0,0.0,10,1.0659,1.0711,15,1.0748,1.0568,0.0,0.0,0.0,0.0,488
2023-05-10 09:40:29,OP90002159,中证500ETF购12月5250,0.0,0.0,0.0,0.0,20,1.0674,1.0711,15,1.0748,1.0568,0.0,0.0,0.0,0.0,488
2023-05-10 09:40:29,OP90002159,中证500ETF购12月5250,0.0,0.0,0.0,0.0,20,1.0674,1.0711,15,1.0748,1.0568,0.0,0.0,0.0,0.0,488
2023-05-10 09:40:32,OP90002159,中证500ETF购12月5250,0.0,0.0,0.0,0.0,20,1.0674,1.0711,15,1.0748,1.0568,0.0,0.0,0.0,0.0,488
2023-05-10 09:40:32,OP90002159,中证500ETF购12月5250,0.0,0.0,0.0,0.0,10,1.0656,1.0711,35,1.0748,1.0568,0.0,0.0,0.0,0.0,488
2023-05-10 09:40:33,OP90002159,中证500ETF购12月5250,0.0,0.0,0.0,0.0,20,1.0655,1.0711,35,1.0748,1.0568,0.0,0.0,0.0,0.0,488
2023-05-10 09:40:33,OP90002159,中证500ETF购12月5250,0.0,0.0,0.0,0.0,20,1.0655,1.0711,35,1.0748,1.0568,0.0,0.0,0.0,0.0,488
2023-05-10 09:40:34,OP90002159,中证500ETF购12月5250,0.0,0.0,0.0,0.0,10,1.0656,1.0711,35,1.0748,1.0568,0.0,0.0,0.0,0.0,488
2023-05-10 09:40:35,OP90002159,中证500ETF购12月5250,0.0,0.0,0.0,0.0,20,1.0655,1.0711,35,1.0748,1.0568,0.0,0.0,0.0,0.0,488
2023-05-10 09:40:35,OP90002159,中证500ETF购12月5250,0.0,0.0,0.0,0.0,10,1.0656,1.0711,35,1.0748,1.0568,0.0,0.0,0.0,0.0,488
2023-05-10 09:40:36,OP90002159,中证500ETF购12月5250,0.0,0.0,0.0,0.0,20,1.0655,1.0711,35,1.0748,1.0568,0.0,0.0,0.0,0.0,488
2023-05-10 09:40:36,OP90002159,中证500ETF购12月5250,0.0,0.0,0.0,0.0,20,1.0655,1.0711,35,1.0748,1.0568,0.0,0.0,0.0,0.0,488
2023-05-10 09:40:37,OP90002159,中证500ETF购12月5250,0.0,0.0,0.0,0.0,10,1.0656,1.0711,35,1.0748,1.0568,0.0,0.0,0.0,0.0,488
2023-05-10 09:40:37,OP90002159,中证500ETF购12月5250,0.0,0.0,0.0,0.0,10,1.0656,1.0711,35,1.0748,1.0568,0.0,0.0,0.0,0.0,488
2023-05-10 09:40:38,OP90002159,中证500ETF购12月5250,0.0,0.0,0.0,0.0,10,1.0656,1.0711,35,1.0748,1.0568,0.0,0.0,0.0,0.0,488
2023-05-10 09:40:40,OP90002159,中证500ETF购12月5250,0.0,0.0,0.0,0.0,20,1.0658,1.0711,35,1.0748,1.0568,0.0,0.0,0.0,0.0,488
2023-05-10 09:40:40,OP90002159,中证500ETF购12月5250,0.0,0.0,0.0,0.0,20,1.0676,1.0711,15,1.0748,1.0568,0.0,0.0,0.0,0.0,488
2023-05-10 09:40:41,OP90002159,中证500ETF购12月5250,0.0,0.0,0.0,0.0,40,1.0676,1.0711,15,1.0748,1.0568,0.0,0.0,0.0,0.0,488
2023-05-10 09:40:41,OP90002159,中证500ETF购12月5250,0.0,0.0,0.0,0.0,40,1.0676,1.0711,15,1.0748,1.0568,0.0,0.0,0.0,0.0,488
2023-05-10 09:40:42,OP90002159,中证500ETF购12月5250,0.0,0.0,0.0,0.0,40,1.0676,1.0711,15,1.0748,1.0568,0.0,0.0,0.0,0.0,488
2023-05-10 09:40:43,OP90002159,中证500ETF购12月5250,0.0,0.0,0.0,0.0,10,1.0677,1.0711,15,1.0748,1.0568,0.0,0.0,0.0,0.0,488
2023-05-10 09:40:43,OP90002159,中证500ETF购12月5250,0.0,0.0,0.0,0.0,40,1.0676,1.0711,15,1.0748,1.0568,0.0,0.0,0.0,0.0,488
2023-05-10 09:40:44,OP90002159,中证500ETF购12月5250,0.0,0.0,0.0,0.0,40,1.0676,1.0711,15,1.0748,1.0568,0.0,0.0,0.0,0.0,488
2023-05-10 09:40:44,OP90002159,中证500ETF购12月5250,0.0,0.0,0.0,0.0,10,1.0677,1.0711,15,1.0748,1.0568,0.0,0.0,0.0,0.0,488
2023-05-10 09:40:45,OP90002159,中证500ETF购12月5250,0.0,0.0,0.0,0.0,40,1.0676,1.0711,15,1.0748,1.0568,0.0,0.0,0.0,0.0,488
2023-05-10 09:40:45,OP90002159,中证500ETF购12月5250,0.0,0.0,0.0,0.0,40,1.0676,1.0711,15,1.0748,1.0568,0.0,0.0,0.0,0.0,488
2023-05-10 09:40:46,OP90002159,中证500ETF购12月5250,0.0,0.0,0.0,0.0,20,1.0676,1.0711,15,1.0748,1.0568,0.0,0.0,0.0,0.0,488
2023-05-10 09:40:47,OP90002159,中证500ETF购12月5250,0.0,0.0,0.0,0.0,20,1.0676,1.0711,15,1.0748,1.0568,0.0,0.0,0.0,0.0,488
2023-05-10 09:40:47,OP90002159,中证500ETF购12月5250,0.0,0.0,0.0,0.0,40,1.0661,1.0711,15,1.0748,1.0568,0.0,0.0,0.0,0.0,488
2023-05-10 09:40:48,OP90002159,中证500ETF购12月5250,0.0,0.0,0.0,0.0,10,1.0662,1.0711,35,1.0748,1.0568,0.0,0.0,0.0,0.0,488
2023-05-10 09:40:48,OP90002159,中证500ETF购12月5250,0.0,0.0,0.0,0.0,40,1.0661,1.0711,35,1.0748,1.0568,0.0,0.0,0.0,0.0,488
2023-05-10 09:40:49,OP90002159,中证500ETF购12月5250,0.0,0.0,0.0,0.0,40,1.0661,1.0711,35,1.0748,1.0568,0.0,0.0,0.0,0.0,488
2023-05-10 09:40:52,OP90002159,中证500ETF购12月5250,0.0,0.0,0.0,0.0,10,1.0655,1.0702,20,1.0748,1.0568,0.0,0.0,0.0,0.0,488
2023-05-10 09:40:52,OP90002159,中证500ETF购12月5250,0.0,0.0,0.0,0.0,20,1.0648,1.0702,20,1.0748,1.0568,0.0,0.0,0.0,0.0,488
2023-05-10 09:40:53,OP90002159,中证500ETF购12月5250,0.0,0.0,0.0,0.0,20,1.0648,1.0701,20,1.0748,1.0568,0.0,0.0,0.0,0.0,488
2023-05-10 09:40:53,OP90002159,中证500ETF购12月5250,0.0,0.0,0.0,0.0,20,1.0648,1.07,15,1.0748,1.0568,0.0,0.0,0.0,0.0,488
2023-05-10 09:40:54,OP90002159,中证500ETF购12月5250,0.0,0.0,0.0,0.0,20,1.0648,1.07,15,1.0748,1.0568,0.0,0.0,0.0,0.0,488
2023-05-10 09:40:55,OP90002159,中证500ETF购12月5250,0.0,0.0,0.0,0.0,20,1.0648,1.07,15,1.0748,1.0568,0.0,0.0,0.0,0.0,488
2023-05-10 09:40:56,OP90002159,中证500ETF购12月5250,0.0,0.0,0.0,0.0,20,1.0651,1.07,15,1.0748,1.0568,0.0,0.0,0.0,0.0,488
2023-05-10 09:40:56,OP90002159,中证500ETF购12月5250,0.0,0.0,0.0,0.0,20,1.0651,1.07,15,1.0748,1.0568,0.0,0.0,0.0,0.0,488
2023-05-10 09:40:57,OP90002159,中证500ETF购12月5250,0.0,0.0,0.0,0.0,20,1.0654,1.07,15,1.0748,1.0568,0.0,0.0,0.0,0.0,488
2023-05-10 09:40:57,OP90002159,中证500ETF购12月5250,0.0,0.0,0.0,0.0,20,1.0654,1.07,15,1.0748,1.0568,0.0,0.0,0.0,0.0,488
2023-05-10 09:40:59,OP90002159,中证500ETF购12月5250,0.0,0.0,0.0,0.0,20,1.0654,1.07,15,1.0748,1.0568,0.0,0.0,0.0,0.0,488
2023-05-10 09:40:59,OP90002159,中证500ETF购12月5250,0.0,0.0,0.0,0.0,20,1.0654,1.07,15,1.0748,1.0568,0.0,0.0,0.0,0.0,488
2023-05-10 09:41:01,OP90002159,中证500ETF购12月5250,0.0,0.0,0.0,0.0,20,1.0654,1.07,15,1.0748,1.0568,0.0,0.0,0.0,0.0,488
2023-05-10 09:41:01,OP90002159,中证500ETF购12月5250,0.0,0.0,0.0,0.0,20,1.0654,1.07,15,1.0748,1.0568,0.0,0.0,0.0,0.0,488
2023-05-10 09:41:02,OP90002159,中证500ETF购12月5250,0.0,0.0,0.0,0.0,10,1.0655,1.07,15,1.0748,1.0568,0.0,0.0,0.0,0.0,488
2023-05-10 09:41:02,OP90002159,中证500ETF购12月5250,0.0,0.0,0.0,0.0,10,1.0655,1.07,15,1.0748,1.0568,0.0,0.0,0.0,0.0,488
2023-05-10 09:41:03,OP90002159,中证500ETF购12月5250,0.0,0.0,0.0,0.0,10,1.0655,1.07,15,1.0748,1.0568,0.0,0.0,0.0,0.0,488
2023-05-10 09:41:14,OP90002159,中证500ETF购12月5250,0.0,0.0,0.0,0.0,20,1.0654,1.07,15,1.0748,1.0568,0.0,0.0,0.0,0.0,488
2023-05-10 09:41:15,OP90002159,中证500ETF购12月5250,0.0,0.0,0.0,0.0,10,1.0655,1.07,15,1.0748,1.0568,0.0,0.0,0.0,0.0,488
2023-05-10 09:41:22,OP90002159,中证500ETF购12月5250,0.0,0.0,0.0,0.0,30,1.0655,1.07,15,1.0748,1.0568,0.0,0.0,0.0,0.0,488
2023-05-10 09:41:22,OP90002159,中证500ETF购12月5250,0.0,0.0,0.0,0.0,20,1.0655,1.07,15,1.0748,1.0568,0.0,0.0,0.0,0.0,488
2023-05-10 09:41:23,OP90002159,中证500ETF购12月5250,0.0,0.0,0.0,0.0,10,1.0656,1.0717,20,1.0748,1.0568,0.0,0.0,0.0,0.0,488
2023-05-10 09:41:23,OP90002159,中证500ETF购12月5250,0.0,0.0,0.0,0.0,20,1.0658,1.072,10,1.0748,1.0568,0.0,0.0,0.0,0.0,488
2023-05-10 09:41:24,OP90002159,中证500ETF购12月5250,0.0,0.0,0.0,0.0,20,1.0669,1.0719,15,1.0748,1.0568,0.0,0.0,0.0,0.0,488
2023-05-10 09:41:24,OP90002159,中证500ETF购12月5250,0.0,0.0,0.0,0.0,40,1.0669,1.0719,15,1.0748,1.0568,0.0,0.0,0.0,0.0,488
2023-05-10 09:41:25,OP90002159,中证500ETF购12月5250,0.0,0.0,0.0,0.0,20,1.0669,1.0719,15,1.0748,1.0568,0.0,0.0,0.0,0.0,488
2023-05-10 09:41:26,OP90002159,中证500ETF购12月5250,0.0,0.0,0.0,0.0,20,1.0669,1.0713,20,1.0748,1.0568,0.0,0.0,0.0,0.0,488
2023-05-10 09:41:26,OP90002159,中证500ETF购12月5250,0.0,0.0,0.0,0.0,10,1.0651,1.0702,20,1.0748,1.0568,0.0,0.0,0.0,0.0,488
2023-05-10 09:41:27,OP90002159,中证500ETF购12月5250,0.0,0.0,0.0,0.0,40,1.0646,1.0701,15,1.0748,1.0568,0.0,0.0,0.0,0.0,488
2023-05-10 09:41:27,OP90002159,中证500ETF购12月5250,0.0,0.0,0.0,0.0,10,1.0647,1.0701,15,1.0748,1.0568,0.0,0.0,0.0,0.0,488
2023-05-10 09:41:28,OP90002159,中证500ETF购12月5250,0.0,0.0,0.0,0.0,10,1.0647,1.0701,15,1.0748,1.0568,0.0,0.0,0.0,0.0,488
2023-05-10 09:41:28,OP90002159,中证500ETF购12月5250,0.0,0.0,0.0,0.0,10,1.0647,1.0701,15,1.0748,1.0568,0.0,0.0,0.0,0.0,488
2023-05-10 09:41:31,OP90002159,中证500ETF购12月5250,0.0,0.0,0.0,0.0,40,1.0646,1.0701,15,1.0748,1.0568,0.0,0.0,0.0,0.0,488
2023-05-10 09:41:32,OP90002159,中证500ETF购12月5250,0.0,0.0,0.0,0.0,40,1.0646,1.07,20,1.0748,1.0568,0.0,0.0,0.0,0.0,488
2023-05-10 09:41:32,OP90002159,中证500ETF购12月5250,0.0,0.0,0.0,0.0,40,1.0646,1.0699,15,1.0748,1.0568,0.0,0.0,0.0,0.0,488
2023-05-10 09:41:33,OP90002159,中证500ETF购12月5250,0.0,0.0,0.0,0.0,20,1.0646,1.0699,35,1.0748,1.0568,0.0,0.0,0.0,0.0,488
2023-05-10 09:41:33,OP90002159,中证500ETF购12月5250,0.0,0.0,0.0,0.0,20,1.0646,1.0699,35,1.0748,1.0568,0.0,0.0,0.0,0.0,488
2023-05-10 09:41:35,OP90002159,中证500ETF购12月5250,0.0,0.0,0.0,0.0,20,1.0648,1.0699,35,1.0748,1.0568,0.0,0.0,0.0,0.0,488
2023-05-10 09:41:35,OP90002159,中证500ETF购12月5250,0.0,0.0,0.0,0.0,10,1.0649,1.0699,15,1.0748,1.0568,0.0,0.0,0.0,0.0,488
2023-05-10 09:41:36,OP90002159,中证500ETF购12月5250,0.0,0.0,0.0,0.0,20,1.0653,1.0699,15,1.0748,1.0568,0.0,0.0,0.0,0.0,488
2023-05-10 09:41:36,OP90002159,中证500ETF购12月5250,0.0,0.0,0.0,0.0,20,1.0653,1.0699,15,1.0748,1.0568,0.0,0.0,0.0,0.0,488
2023-05-10 09:41:37,OP90002159,中证500ETF购12月5250,0.0,0.0,0.0,0.0,20,1.0653,1.0699,15,1.0748,1.0568,0.0,0.0,0.0,0.0,488
2023-05-10 09:41:39,OP90002159,中证500ETF购12月5250,0.0,0.0,0.0,0.0,20,1.0653,1.0699,35,1.0748,1.0568,0.0,0.0,0.0,0.0,488
2023-05-10 09:41:40,OP90002159,中证500ETF购12月5250,0.0,0.0,0.0,0.0,20,1.0653,1.0699,35,1.0748,1.0568,0.0,0.0,0.0,0.0,488
2023-05-10 09:41:40,OP90002159,中证500ETF购12月5250,0.0,0.0,0.0,0.0,20,1.0653,1.0699,35,1.0748,1.0568,0.0,0.0,0.0,0.0,488
2023-05-10 09:41:41,OP90002159,中证500ETF购12月5250,0.0,0.0,0.0,0.0,20,1.0653,1.0699,35,1.0748,1.0568,0.0,0.0,0.0,0.0,488
2023-05-10 09:41:42,OP90002159,中证500ETF购12月5250,0.0,0.0,0.0,0.0,20,1.0653,1.0699,35,1.0748,1.0568,0.0,0.0,0.0,0.0,488
2023-05-10 09:41:44,OP90002159,中证500ETF购12月5250,0.0,0.0,0.0,0.0,40,1.0653,1.0699,15,1.0748,1.0568,0.0,0.0,0.0,0.0,488
2023-05-10 09:41:45,OP90002159,中证500ETF购12月5250,0.0,0.0,0.0,0.0,10,1.0654,1.0699,15,1.0748,1.0568,0.0,0.0,0.0,0.0,488
2023-05-10 09:41:45,OP90002159,中证500ETF购12月5250,0.0,0.0,0.0,0.0,10,1.0654,1.0699,15,1.0748,1.0568,0.0,0.0,0.0,0.0,488
2023-05-10 09:41:46,OP90002159,中证500ETF购12月5250,0.0,0.0,0.0,0.0,10,1.0654,1.0699,15,1.0748,1.0568,0.0,0.0,0.0,0.0,488
2023-05-10 09:41:52,OP90002159,中证500ETF购12月5250,0.0,0.0,0.0,0.0,40,1.0653,1.0699,15,1.0748,1.0568,0.0,0.0,0.0,0.0,488
2023-05-10 09:41:53,OP90002159,中证500ETF购12月5250,0.0,0.0,0.0,0.0,40,1.0653,1.0699,15,1.0748,1.0568,0.0,0.0,0.0,0.0,488
2023-05-10 09:41:53,OP90002159,中证500ETF购12月5250,0.0,0.0,0.0,0.0,40,1.0653,1.0699,15,1.0748,1.0568,0.0,0.0,0.0,0.0,488
2023-05-10 09:41:54,OP90002159,中证500ETF购12月5250,0.0,0.0,0.0,0.0,40,1.0653,1.0699,15,1.0748,1.0568,0.0,0.0,0.0,0.0,488
2023-05-10 09:41:54,OP90002159,中证500ETF购12月5250,0.0,0.0,0.0,0.0,40,1.0653,1.0699,15,1.0748,1.0568,0.0,0.0,0.0,0.0,488
2023-05-10 09:41:57,OP90002159,中证500ETF购12月5250,0.0,0.0,0.0,0.0,20,1.0653,1.0699,35,1.0748,1.0568,0.0,0.0,0.0,0.0,488
2023-05-10 09:41:57,OP90002159,中证500ETF购12月5250,0.0,0.0,0.0,0.0,20,1.0653,1.0691,20,1.0748,1.0568,0.0,0.0,0.0,0.0,488
2023-05-10 09:41:58,OP90002159,中证500ETF购12月5250,0.0,0.0,0.0,0.0,20,1.0653,1.069,15,1.0748,1.0568,0.0,0.0,0.0,0.0,488
2023-05-10 09:41:58,OP90002159,中证500ETF购12月5250,0.0,0.0,0.0,0.0,20,1.0653,1.069,15,1.0748,1.0568,0.0,0.0,0.0,0.0,488
2023-05-10 09:42:00,OP90002159,中证500ETF购12月5250,0.0,0.0,0.0,0.0,20,1.0639,1.069,15,1.0748,1.0568,0.0,0.0,0.0,0.0,488
2023-05-10 09:42:01,OP90002159,中证500ETF购12月5250,0.0,0.0,0.0,0.0,20,1.0639,1.069,15,1.0748,1.0568,0.0,0.0,0.0,0.0,488
2023-05-10 09:42:04,OP90002159,中证500ETF购12月5250,0.0,0.0,0.0,0.0,10,1.064,1.069,15,1.0748,1.0568,0.0,0.0,0.0,0.0,488
2023-05-10 09:42:04,OP90002159,中证500ETF购12月5250,0.0,0.0,0.0,0.0,10,1.064,1.069,15,1.0748,1.0568,0.0,0.0,0.0,0.0,488
2023-05-10 09:42:08,OP90002159,中证500ETF购12月5250,0.0,0.0,0.0,0.0,10,1.064,1.069,15,1.0748,1.0568,0.0,0.0,0.0,0.0,488
2023-05-10 09:42:13,OP90002159,中证500ETF购12月5250,0.0,0.0,0.0,0.0,10,1.064,1.069,15,1.0748,1.0568,0.0,0.0,0.0,0.0,488
2023-05-10 09:42:14,OP90002159,中证500ETF购12月5250,0.0,0.0,0.0,0.0,20,1.0655,1.069,15,1.0748,1.0568,0.0,0.0,0.0,0.0,488
2023-05-10 09:42:15,OP90002159,中证500ETF购12月5250,0.0,0.0,0.0,0.0,10,1.0656,1.069,15,1.0748,1.0568,0.0,0.0,0.0,0.0,488
2023-05-10 09:42:15,OP90002159,中证500ETF购12月5250,0.0,0.0,0.0,0.0,40,1.0655,1.069,15,1.0748,1.0568,0.0,0.0,0.0,0.0,488
2023-05-10 09:42:16,OP90002159,中证500ETF购12月5250,0.0,0.0,0.0,0.0,10,1.0656,1.069,15,1.0748,1.0568,0.0,0.0,0.0,0.0,488
2023-05-10 09:42:16,OP90002159,中证500ETF购12月5250,0.0,0.0,0.0,0.0,10,1.0656,1.0701,20,1.0748,1.0568,0.0,0.0,0.0,0.0,488
2023-05-10 09:42:17,OP90002159,中证500ETF购12月5250,0.0,0.0,0.0,0.0,10,1.0656,1.07,15,1.0748,1.0568,0.0,0.0,0.0,0.0,488
2023-05-10 09:42:17,OP90002159,中证500ETF购12月5250,0.0,0.0,0.0,0.0,10,1.0656,1.07,15,1.0748,1.0568,0.0,0.0,0.0,0.0,488
2023-05-10 09:42:18,OP90002159,中证500ETF购12月5250,0.0,0.0,0.0,0.0,10,1.0656,1.07,15,1.0748,1.0568,0.0,0.0,0.0,0.0,488
2023-05-10 09:42:18,OP90002159,中证500ETF购12月5250,0.0,0.0,0.0,0.0,40,1.0655,1.07,15,1.0748,1.0568,0.0,0.0,0.0,0.0,488
2023-05-10 09:42:19,OP90002159,中证500ETF购12月5250,0.0,0.0,0.0,0.0,40,1.0655,1.07,15,1.0748,1.0568,0.0,0.0,0.0,0.0,488
2023-05-10 09:42:20,OP90002159,中证500ETF购12月5250,0.0,0.0,0.0,0.0,40,1.0655,1.07,15,1.0748,1.0568,0.0,0.0,0.0,0.0,488
2023-05-10 09:42:20,OP90002159,中证500ETF购12月5250,0.0,0.0,0.0,0.0,40,1.0655,1.07,15,1.0748,1.0568,0.0,0.0,0.0,0.0,488
2023-05-10 09:42:21,OP90002159,中证500ETF购12月5250,0.0,0.0,0.0,0.0,40,1.0655,1.07,15,1.0748,1.0568,0.0,0.0,0.0,0.0,488
2023-05-10 09:42:22,OP90002159,中证500ETF购12月5250,0.0,0.0,0.0,0.0,40,1.0655,1.07,15,1.0748,1.0568,0.0,0.0,0.0,0.0,488
2023-05-10 09:42:23,OP90002159,中证500ETF购12月5250,0.0,0.0,0.0,0.0,20,1.0655,1.07,35,1.0748,1.0568,0.0,0.0,0.0,0.0,488
2023-05-10 09:42:34,OP90002159,中证500ETF购12月5250,0.0,0.0,0.0,0.0,20,1.0655,1.07,35,1.0748,1.0568,0.0,0.0,0.0,0.0,488
2023-05-10 09:42:45,OP90002159,中证500ETF购12月5250,0.0,0.0,0.0,0.0,10,1.0656,1.07,15,1.0748,1.0568,0.0,0.0,0.0,0.0,488
2023-05-10 09:42:46,OP90002159,中证500ETF购12月5250,0.0,0.0,0.0,0.0,10,1.0656,1.07,15,1.0748,1.0568,0.0,0.0,0.0,0.0,488
2023-05-10 09:42:46,OP90002159,中证500ETF购12月5250,0.0,0.0,0.0,0.0,10,1.0656,1.07,15,1.0748,1.0568,0.0,0.0,0.0,0.0,488
2023-05-10 09:42:52,OP90002159,中证500ETF购12月5250,0.0,0.0,0.0,0.0,40,1.0655,1.07,15,1.0748,1.0568,0.0,0.0,0.0,0.0,488
2023-05-10 09:42:52,OP90002159,中证500ETF购12月5250,0.0,0.0,0.0,0.0,10,1.0656,1.07,15,1.0748,1.0568,0.0,0.0,0.0,0.0,488
2023-05-10 09:42:53,OP90002159,中证500ETF购12月5250,0.0,0.0,0.0,0.0,10,1.0656,1.07,15,1.0748,1.0568,0.0,0.0,0.0,0.0,488
2023-05-10 09:42:54,OP90002159,中证500ETF购12月5250,0.0,0.0,0.0,0.0,10,1.0656,1.07,15,1.0748,1.0568,0.0,0.0,0.0,0.0,488
2023-05-10 09:42:55,OP90002159,中证500ETF购12月5250,0.0,0.0,0.0,0.0,10,1.0656,1.07,15,1.0748,1.0568,0.0,0.0,0.0,0.0,488
2023-05-10 09:43:01,OP90002159,中证500ETF购12月5250,0.0,0.0,0.0,0.0,40,1.0655,1.07,15,1.0748,1.0568,0.0,0.0,0.0,0.0,488
2023-05-10 09:43:01,OP90002159,中证500ETF购12月5250,0.0,0.0,0.0,0.0,10,1.0656,1.07,15,1.0748,1.0568,0.0,0.0,0.0,0.0,488
2023-05-10 09:43:02,OP90002159,中证500ETF购12月5250,0.0,0.0,0.0,0.0,40,1.0655,1.07,15,1.0748,1.0568,0.0,0.0,0.0,0.0,488
2023-05-10 09:43:02,OP90002159,中证500ETF购12月5250,0.0,0.0,0.0,0.0,10,1.0656,1.07,15,1.0748,1.0568,0.0,0.0,0.0,0.0,488
2023-05-10 09:43:03,OP90002159,中证500ETF购12月5250,0.0,0.0,0.0,0.0,10,1.0656,1.07,15,1.0748,1.0568,0.0,0.0,0.0,0.0,488
2023-05-10 09:43:03,OP90002159,中证500ETF购12月5250,0.0,0.0,0.0,0.0,10,1.0656,1.07,15,1.0748,1.0568,0.0,0.0,0.0,0.0,488
2023-05-10 09:43:05,OP90002159,中证500ETF购12月5250,0.0,0.0,0.0,0.0,10,1.0656,1.07,15,1.0748,1.0568,0.0,0.0,0.0,0.0,488
2023-05-10 09:43:06,OP90002159,中证500ETF购12月5250,0.0,0.0,0.0,0.0,40,1.0655,1.07,15,1.0748,1.0568,0.0,0.0,0.0,0.0,488
2023-05-10 09:43:06,OP90002159,中证500ETF购12月5250,0.0,0.0,0.0,0.0,20,1.0655,1.07,15,1.0748,1.0568,0.0,0.0,0.0,0.0,488
2023-05-10 09:43:07,OP90002159,中证500ETF购12月5250,0.0,0.0,0.0,0.0,20,1.0655,1.07,15,1.0748,1.0568,0.0,0.0,0.0,0.0,488
2023-05-10 09:43:07,OP90002159,中证500ETF购12月5250,0.0,0.0,0.0,0.0,40,1.0641,1.07,15,1.0748,1.0568,0.0,0.0,0.0,0.0,488
2023-05-10 09:43:08,OP90002159,中证500ETF购12月5250,0.0,0.0,0.0,0.0,10,1.0642,1.07,15,1.0748,1.0568,0.0,0.0,0.0,0.0,488
2023-05-10 09:43:11,OP90002159,中证500ETF购12月5250,0.0,0.0,0.0,0.0,20,1.0657,1.07,15,1.0748,1.0568,0.0,0.0,0.0,0.0,488
2023-05-10 09:43:11,OP90002159,中证500ETF购12月5250,0.0,0.0,0.0,0.0,40,1.0657,1.07,15,1.0748,1.0568,0.0,0.0,0.0,0.0,488
2023-05-10 09:43:12,OP90002159,中证500ETF购12月5250,0.0,0.0,0.0,0.0,40,1.0657,1.07,15,1.0748,1.0568,0.0,0.0,0.0,0.0,488
2023-05-10 09:43:12,OP90002159,中证500ETF购12月5250,0.0,0.0,0.0,0.0,40,1.0657,1.07,15,1.0748,1.0568,0.0,0.0,0.0,0.0,488
2023-05-10 09:43:16,OP90002159,中证500ETF购12月5250,0.0,0.0,0.0,0.0,40,1.0657,1.07,15,1.0748,1.0568,0.0,0.0,0.0,0.0,488
2023-05-10 09:43:17,OP90002159,中证500ETF购12月5250,0.0,0.0,0.0,0.0,20,1.0644,1.07,15,1.0748,1.0568,0.0,0.0,0.0,0.0,488
2023-05-10 09:43:17,OP90002159,中证500ETF购12月5250,0.0,0.0,0.0,0.0,10,1.0645,1.07,15,1.0748,1.0568,0.0,0.0,0.0,0.0,488
2023-05-10 09:43:18,OP90002159,中证500ETF购12月5250,0.0,0.0,0.0,0.0,20,1.0644,1.07,15,1.0748,1.0568,0.0,0.0,0.0,0.0,488
2023-05-10 09:43:18,OP90002159,中证500ETF购12月5250,0.0,0.0,0.0,0.0,20,1.0644,1.0692,20,1.0748,1.0568,0.0,0.0,0.0,0.0,488
2023-05-10 09:43:19,OP90002159,中证500ETF购12月5250,0.0,0.0,0.0,0.0,20,1.0644,1.0691,15,1.0748,1.0568,0.0,0.0,0.0,0.0,488
2023-05-10 09:43:19,OP90002159,中证500ETF购12月5250,0.0,0.0,0.0,0.0,20,1.0644,1.0691,15,1.0748,1.0568,0.0,0.0,0.0,0.0,488
2023-05-10 09:43:21,OP90002159,中证500ETF购12月5250,0.0,0.0,0.0,0.0,10,1.0645,1.0691,15,1.0748,1.0568,0.0,0.0,0.0,0.0,488
2023-05-10 09:43:21,OP90002159,中证500ETF购12月5250,0.0,0.0,0.0,0.0,20,1.0644,1.0691,15,1.0748,1.0568,0.0,0.0,0.0,0.0,488
2023-05-10 09:43:22,OP90002159,中证500ETF购12月5250,0.0,0.0,0.0,0.0,20,1.0644,1.0691,15,1.0748,1.0568,0.0,0.0,0.0,0.0,488
2023-05-10 09:43:24,OP90002159,中证500ETF购12月5250,0.0,0.0,0.0,0.0,10,1.0645,1.0691,15,1.0748,1.0568,0.0,0.0,0.0,0.0,488
2023-05-10 09:43:24,OP90002159,中证500ETF购12月5250,0.0,0.0,0.0,0.0,10,1.0645,1.0691,15,1.0748,1.0568,0.0,0.0,0.0,0.0,488
2023-05-10 09:43:26,OP90002159,中证500ETF购12月5250,0.0,0.0,0.0,0.0,20,1.0644,1.0691,15,1.0748,1.0568,0.0,0.0,0.0,0.0,488
2023-05-10 09:43:27,OP90002159,中证500ETF购12月5250,0.0,0.0,0.0,0.0,20,1.0644,1.0691,15,1.0748,1.0568,0.0,0.0,0.0,0.0,488
2023-05-10 09:43:28,OP90002159,中证500ETF购12月5250,0.0,0.0,0.0,0.0,10,1.0645,1.0691,15,1.0748,1.0568,0.0,0.0,0.0,0.0,488
2023-05-10 09:43:28,OP90002159,中证500ETF购12月5250,0.0,0.0,0.0,0.0,10,1.0645,1.0691,15,1.0748,1.0568,0.0,0.0,0.0,0.0,488
2023-05-10 09:43:30,OP90002159,中证500ETF购12月5250,0.0,0.0,0.0,0.0,10,1.0645,1.0691,15,1.0748,1.0568,0.0,0.0,0.0,0.0,488
2023-05-10 09:43:30,OP90002159,中证500ETF购12月5250,0.0,0.0,0.0,0.0,10,1.0645,1.0691,15,1.0748,1.0568,0.0,0.0,0.0,0.0,488
2023-05-10 09:43:34,OP90002159,中证500ETF购12月5250,0.0,0.0,0.0,0.0,30,1.0645,1.0691,15,1.0748,1.0568,0.0,0.0,0.0,0.0,488
2023-05-10 09:43:34,OP90002159,中证500ETF购12月5250,0.0,0.0,0.0,0.0,20,1.0645,1.0691,15,1.0748,1.0568,0.0,0.0,0.0,0.0,488
2023-05-10 09:43:35,OP90002159,中证500ETF购12月5250,0.0,0.0,0.0,0.0,20,1.0656,1.0709,10,1.0748,1.0568,0.0,0.0,0.0,0.0,488
2023-05-10 09:43:35,OP90002159,中证500ETF购12月5250,0.0,0.0,0.0,0.0,20,1.0656,1.0708,15,1.0748,1.0568,0.0,0.0,0.0,0.0,488
2023-05-10 09:43:36,OP90002159,中证500ETF购12月5250,0.0,0.0,0.0,0.0,20,1.0656,1.0708,15,1.0748,1.0568,0.0,0.0,0.0,0.0,488
2023-05-10 09:43:41,OP90002159,中证500ETF购12月5250,0.0,0.0,0.0,0.0,20,1.0656,1.0708,15,1.0748,1.0568,0.0,0.0,0.0,0.0,488
2023-05-10 09:43:41,OP90002159,中证500ETF购12月5250,0.0,0.0,0.0,0.0,10,1.0657,1.0708,15,1.0748,1.0568,0.0,0.0,0.0,0.0,488
2023-05-10 09:43:43,OP90002159,中证500ETF购12月5250,0.0,0.0,0.0,0.0,20,1.0656,1.0707,20,1.0748,1.0568,0.0,0.0,0.0,0.0,488
2023-05-10 09:43:43,OP90002159,中证500ETF购12月5250,0.0,0.0,0.0,0.0,20,1.0656,1.07,20,1.0748,1.0568,0.0,0.0,0.0,0.0,488
2023-05-10 09:43:44,OP90002159,中证500ETF购12月5250,0.0,0.0,0.0,0.0,20,1.0656,1.0699,15,1.0748,1.0568,0.0,0.0,0.0,0.0,488
2023-05-10 09:43:44,OP90002159,中证500ETF购12月5250,0.0,0.0,0.0,0.0,20,1.0656,1.0699,15,1.0748,1.0568,0.0,0.0,0.0,0.0,488
2023-05-10 09:43:45,OP90002159,中证500ETF购12月5250,0.0,0.0,0.0,0.0,10,1.0657,1.0699,15,1.0748,1.0568,0.0,0.0,0.0,0.0,488
2023-05-10 09:43:45,OP90002159,中证500ETF购12月5250,0.0,0.0,0.0,0.0,20,1.0656,1.0699,15,1.0748,1.0568,0.0,0.0,0.0,0.0,488
2023-05-10 09:43:46,OP90002159,中证500ETF购12月5250,0.0,0.0,0.0,0.0,20,1.0656,1.0699,15,1.0748,1.0568,0.0,0.0,0.0,0.0,488
2023-05-10 09:43:48,OP90002159,中证500ETF购12月5250,0.0,0.0,0.0,0.0,10,1.0657,1.0699,15,1.0748,1.0568,0.0,0.0,0.0,0.0,488
2023-05-10 09:43:48,OP90002159,中证500ETF购12月5250,0.0,0.0,0.0,0.0,10,1.0657,1.0699,15,1.0748,1.0568,0.0,0.0,0.0,0.0,488
2023-05-10 09:43:50,OP90002159,中证500ETF购12月5250,0.0,0.0,0.0,0.0,20,1.0656,1.0699,15,1.0748,1.0568,0.0,0.0,0.0,0.0,488
2023-05-10 09:43:50,OP90002159,中证500ETF购12月5250,0.0,0.0,0.0,0.0,10,1.0657,1.0699,15,1.0748,1.0568,0.0,0.0,0.0,0.0,488
2023-05-10 09:43:51,OP90002159,中证500ETF购12月5250,0.0,0.0,0.0,0.0,10,1.0657,1.0699,15,1.0748,1.0568,0.0,0.0,0.0,0.0,488
2023-05-10 09:43:51,OP90002159,中证500ETF购12月5250,0.0,0.0,0.0,0.0,20,1.0656,1.0699,15,1.0748,1.0568,0.0,0.0,0.0,0.0,488
2023-05-10 09:43:52,OP90002159,中证500ETF购12月5250,0.0,0.0,0.0,0.0,20,1.0656,1.0699,15,1.0748,1.0568,0.0,0.0,0.0,0.0,488
2023-05-10 09:43:53,OP90002159,中证500ETF购12月5250,0.0,0.0,0.0,0.0,10,1.0657,1.0699,15,1.0748,1.0568,0.0,0.0,0.0,0.0,488
2023-05-10 09:43:54,OP90002159,中证500ETF购12月5250,0.0,0.0,0.0,0.0,20,1.0656,1.0699,15,1.0748,1.0568,0.0,0.0,0.0,0.0,488
2023-05-10 09:43:54,OP90002159,中证500ETF购12月5250,0.0,0.0,0.0,0.0,20,1.0656,1.0699,15,1.0748,1.0568,0.0,0.0,0.0,0.0,488
2023-05-10 09:43:56,OP90002159,中证500ETF购12月5250,0.0,0.0,0.0,0.0,20,1.0656,1.0699,15,1.0748,1.0568,0.0,0.0,0.0,0.0,488
2023-05-10 09:44:00,OP90002159,中证500ETF购12月5250,0.0,0.0,0.0,0.0,10,1.0657,1.0699,15,1.0748,1.0568,0.0,0.0,0.0,0.0,488
2023-05-10 09:44:00,OP90002159,中证500ETF购12月5250,0.0,0.0,0.0,0.0,10,1.0657,1.0699,15,1.0748,1.0568,0.0,0.0,0.0,0.0,488
2023-05-10 09:44:02,OP90002159,中证500ETF购12月5250,0.0,0.0,0.0,0.0,20,1.0656,1.0699,15,1.0748,1.0568,0.0,0.0,0.0,0.0,488
2023-05-10 09:44:02,OP90002159,中证500ETF购12月5250,0.0,0.0,0.0,0.0,20,1.0656,1.0699,15,1.0748,1.0568,0.0,0.0,0.0,0.0,488
2023-05-10 09:44:05,OP90002159,中证500ETF购12月5250,0.0,0.0,0.0,0.0,10,1.0657,1.0699,15,1.0748,1.0568,0.0,0.0,0.0,0.0,488
2023-05-10 09:44:06,OP90002159,中证500ETF购12月5250,0.0,0.0,0.0,0.0,20,1.0656,1.0699,15,1.0748,1.0568,0.0,0.0,0.0,0.0,488
2023-05-10 09:44:06,OP90002159,中证500ETF购12月5250,0.0,0.0,0.0,0.0,20,1.0645,1.0699,15,1.0748,1.0568,0.0,0.0,0.0,0.0,488
2023-05-10 09:44:07,OP90002159,中证500ETF购12月5250,0.0,0.0,0.0,0.0,10,1.0646,1.0699,15,1.0748,1.0568,0.0,0.0,0.0,0.0,488
2023-05-10 09:44:11,OP90002159,中证500ETF购12月5250,0.0,0.0,0.0,0.0,20,1.0645,1.0699,15,1.0748,1.0568,0.0,0.0,0.0,0.0,488
2023-05-10 09:44:12,OP90002159,中证500ETF购12月5250,0.0,0.0,0.0,0.0,20,1.0645,1.0699,15,1.0748,1.0568,0.0,0.0,0.0,0.0,488
2023-05-10 09:44:13,OP90002159,中证500ETF购12月5250,0.0,0.0,0.0,0.0,10,1.0646,1.0699,15,1.0748,1.0568,0.0,0.0,0.0,0.0,488
2023-05-10 09:44:18,OP90002159,中证500ETF购12月5250,0.0,0.0,0.0,0.0,10,1.0646,1.0699,15,1.0748,1.0568,0.0,0.0,0.0,0.0,488
2023-05-10 09:44:18,OP90002159,中证500ETF购12月5250,0.0,0.0,0.0,0.0,10,1.0646,1.0699,15,1.0748,1.0568,0.0,0.0,0.0,0.0,488
2023-05-10 09:44:19,OP90002159,中证500ETF购12月5250,0.0,0.0,0.0,0.0,30,1.0646,1.0699,15,1.0748,1.0568,0.0,0.0,0.0,0.0,488
2023-05-10 09:44:19,OP90002159,中证500ETF购12月5250,0.0,0.0,0.0,0.0,20,1.0646,1.0699,15,1.0748,1.0568,0.0,0.0,0.0,0.0,488
2023-05-10 09:44:20,OP90002159,中证500ETF购12月5250,0.0,0.0,0.0,0.0,10,1.0647,1.0699,15,1.0748,1.0568,0.0,0.0,0.0,0.0,488
2023-05-10 09:44:26,OP90002159,中证500ETF购12月5250,0.0,0.0,0.0,0.0,10,1.0647,1.0699,15,1.0748,1.0568,0.0,0.0,0.0,0.0,488
2023-05-10 09:44:27,OP90002159,中证500ETF购12月5250,0.0,0.0,0.0,0.0,10,1.0647,1.0699,35,1.0748,1.0568,0.0,0.0,0.0,0.0,488
2023-05-10 09:44:27,OP90002159,中证500ETF购12月5250,0.0,0.0,0.0,0.0,20,1.0642,1.0699,35,1.0748,1.0568,0.0,0.0,0.0,0.0,488
2023-05-10 09:44:28,OP90002159,中证500ETF购12月5250,0.0,0.0,0.0,0.0,20,1.0642,1.0699,35,1.0748,1.0568,0.0,0.0,0.0,0.0,488
2023-05-10 09:44:28,OP90002159,中证500ETF购12月5250,0.0,0.0,0.0,0.0,10,1.0643,1.0699,35,1.0748,1.0568,0.0,0.0,0.0,0.0,488
2023-05-10 09:44:36,OP90002159,中证500ETF购12月5250,0.0,0.0,0.0,0.0,10,1.0643,1.0699,35,1.0748,1.0568,0.0,0.0,0.0,0.0,488
2023-05-10 09:44:39,OP90002159,中证500ETF购12月5250,0.0,0.0,0.0,0.0,20,1.0642,1.0699,35,1.0748,1.0568,0.0,0.0,0.0,0.0,488
2023-05-10 09:44:39,OP90002159,中证500ETF购12月5250,0.0,0.0,0.0,0.0,20,1.0642,1.0691,20,1.0748,1.0568,0.0,0.0,0.0,0.0,488
2023-05-10 09:44:40,OP90002159,中证500ETF购12月5250,0.0,0.0,0.0,0.0,10,1.0643,1.069,15,1.0748,1.0568,0.0,0.0,0.0,0.0,488
2023-05-10 09:44:40,OP90002159,中证500ETF购12月5250,0.0,0.0,0.0,0.0,10,1.0643,1.069,15,1.0748,1.0568,0.0,0.0,0.0,0.0,488
2023-05-10 09:44:45,OP90002159,中证500ETF购12月5250,0.0,0.0,0.0,0.0,20,1.0642,1.069,15,1.0748,1.0568,0.0,0.0,0.0,0.0,488
2023-05-10 09:44:45,OP90002159,中证500ETF购12月5250,0.0,0.0,0.0,0.0,20,1.0642,1.069,15,1.0748,1.0568,0.0,0.0,0.0,0.0,488
2023-05-10 09:44:46,OP90002159,中证500ETF购12月5250,0.0,0.0,0.0,0.0,20,1.064,1.069,35,1.0748,1.0568,0.0,0.0,0.0,0.0,488
2023-05-10 09:44:46,OP90002159,中证500ETF购12月5250,0.0,0.0,0.0,0.0,20,1.064,1.069,35,1.0748,1.0568,0.0,0.0,0.0,0.0,488
2023-05-10 09:44:47,OP90002159,中证500ETF购12月5250,0.0,0.0,0.0,0.0,20,1.064,1.069,35,1.0748,1.0568,0.0,0.0,0.0,0.0,488
2023-05-10 09:44:47,OP90002159,中证500ETF购12月5250,0.0,0.0,0.0,0.0,20,1.064,1.0681,20,1.0748,1.0568,0.0,0.0,0.0,0.0,488
2023-05-10 09:44:48,OP90002159,中证500ETF购12月5250,0.0,0.0,0.0,0.0,20,1.064,1.068,15,1.0748,1.0568,0.0,0.0,0.0,0.0,488
2023-05-10 09:44:48,OP90002159,中证500ETF购12月5250,0.0,0.0,0.0,0.0,20,1.064,1.068,15,1.0748,1.0568,0.0,0.0,0.0,0.0,488
2023-05-10 09:44:57,OP90002159,中证500ETF购12月5250,0.0,0.0,0.0,0.0,20,1.064,1.068,15,1.0748,1.0568,0.0,0.0,0.0,0.0,488
2023-05-10 09:45:01,OP90002159,中证500ETF购12月5250,0.0,0.0,0.0,0.0,20,1.064,1.068,15,1.0748,1.0568,0.0,0.0,0.0,0.0,488
2023-05-10 09:45:02,OP90002159,中证500ETF购12月5250,0.0,0.0,0.0,0.0,20,1.064,1.068,15,1.0748,1.0568,0.0,0.0,0.0,0.0,488
2023-05-10 09:45:03,OP90002159,中证500ETF购12月5250,0.0,0.0,0.0,0.0,10,1.0641,1.068,15,1.0748,1.0568,0.0,0.0,0.0,0.0,488
2023-05-10 09:45:04,OP90002159,中证500ETF购12月5250,0.0,0.0,0.0,0.0,10,1.0641,1.068,15,1.0748,1.0568,0.0,0.0,0.0,0.0,488
2023-05-10 09:45:05,OP90002159,中证500ETF购12月5250,0.0,0.0,0.0,0.0,30,1.0641,1.068,15,1.0748,1.0568,0.0,0.0,0.0,0.0,488
2023-05-10 09:45:05,OP90002159,中证500ETF购12月5250,0.0,0.0,0.0,0.0,20,1.0641,1.068,15,1.0748,1.0568,0.0,0.0,0.0,0.0,488
2023-05-10 09:45:06,OP90002159,中证500ETF购12月5250,0.0,0.0,0.0,0.0,10,1.0642,1.068,15,1.0748,1.0568,0.0,0.0,0.0,0.0,488
2023-05-10 09:45:06,OP90002159,中证500ETF购12月5250,0.0,0.0,0.0,0.0,10,1.0642,1.068,15,1.0748,1.0568,0.0,0.0,0.0,0.0,488
2023-05-10 09:45:07,OP90002159,中证500ETF购12月5250,0.0,0.0,0.0,0.0,20,1.0641,1.068,15,1.0748,1.0568,0.0,0.0,0.0,0.0,488
2023-05-10 09:45:07,OP90002159,中证500ETF购12月5250,0.0,0.0,0.0,0.0,20,1.0641,1.068,15,1.0748,1.0568,0.0,0.0,0.0,0.0,488
2023-05-10 09:45:08,OP90002159,中证500ETF购12月5250,0.0,0.0,0.0,0.0,20,1.064,1.068,15,1.0748,1.0568,0.0,0.0,0.0,0.0,488
2023-05-10 09:45:09,OP90002159,中证500ETF购12月5250,0.0,0.0,0.0,0.0,20,1.064,1.068,15,1.0748,1.0568,0.0,0.0,0.0,0.0,488
2023-05-10 09:45:10,OP90002159,中证500ETF购12月5250,0.0,0.0,0.0,0.0,20,1.0627,1.068,15,1.0748,1.0568,0.0,0.0,0.0,0.0,488
2023-05-10 09:45:10,OP90002159,中证500ETF购12月5250,0.0,0.0,0.0,0.0,20,1.0627,1.068,15,1.0748,1.0568,0.0,0.0,0.0,0.0,488
2023-05-10 09:45:11,OP90002159,中证500ETF购12月5250,0.0,0.0,0.0,0.0,10,1.0628,1.068,15,1.0748,1.0568,0.0,0.0,0.0,0.0,488
2023-05-10 09:45:12,OP90002159,中证500ETF购12月5250,0.0,0.0,0.0,0.0,20,1.0627,1.068,15,1.0748,1.0568,0.0,0.0,0.0,0.0,488
2023-05-10 09:45:12,OP90002159,中证500ETF购12月5250,0.0,0.0,0.0,0.0,20,1.0627,1.068,15,1.0748,1.0568,0.0,0.0,0.0,0.0,488
2023-05-10 09:45:13,OP90002159,中证500ETF购12月5250,0.0,0.0,0.0,0.0,10,1.0628,1.068,15,1.0748,1.0568,0.0,0.0,0.0,0.0,488
2023-05-10 09:45:17,OP90002159,中证500ETF购12月5250,0.0,0.0,0.0,0.0,20,1.0634,1.068,15,1.0748,1.0568,0.0,0.0,0.0,0.0,488
2023-05-10 09:45:17,OP90002159,中证500ETF购12月5250,0.0,0.0,0.0,0.0,20,1.0634,1.068,15,1.0748,1.0568,0.0,0.0,0.0,0.0,488
2023-05-10 09:45:18,OP90002159,中证500ETF购12月5250,0.0,0.0,0.0,0.0,20,1.0635,1.068,15,1.0748,1.0568,0.0,0.0,0.0,0.0,488
2023-05-10 09:45:18,OP90002159,中证500ETF购12月5250,0.0,0.0,0.0,0.0,20,1.0635,1.068,15,1.0748,1.0568,0.0,0.0,0.0,0.0,488
2023-05-10 09:45:20,OP90002159,中证500ETF购12月5250,0.0,0.0,0.0,0.0,20,1.0635,1.068,15,1.0748,1.0568,0.0,0.0,0.0,0.0,488
2023-05-10 09:45:20,OP90002159,中证500ETF购12月5250,0.0,0.0,0.0,0.0,20,1.0635,1.068,15,1.0748,1.0568,0.0,0.0,0.0,0.0,488
2023-05-10 09:45:22,OP90002159,中证500ETF购12月5250,0.0,0.0,0.0,0.0,20,1.0635,1.068,15,1.0748,1.0568,0.0,0.0,0.0,0.0,488
2023-05-10 09:45:23,OP90002159,中证500ETF购12月5250,0.0,0.0,0.0,0.0,20,1.0627,1.0677,20,1.0748,1.0568,0.0,0.0,0.0,0.0,488
2023-05-10 09:45:23,OP90002159,中证500ETF购12月5250,0.0,0.0,0.0,0.0,20,1.0627,1.0678,20,1.0748,1.0568,0.0,0.0,0.0,0.0,488
2023-05-10 09:45:24,OP90002159,中证500ETF购12月5250,0.0,0.0,0.0,0.0,20,1.062,1.0667,20,1.0748,1.0568,0.0,0.0,0.0,0.0,488
2023-05-10 09:45:24,OP90002159,中证500ETF购12月5250,0.0,0.0,0.0,0.0,20,1.062,1.0666,15,1.0748,1.0568,0.0,0.0,0.0,0.0,488
2023-05-10 09:45:25,OP90002159,中证500ETF购12月5250,0.0,0.0,0.0,0.0,20,1.062,1.0666,15,1.0748,1.0568,0.0,0.0,0.0,0.0,488
2023-05-10 09:45:32,OP90002159,中证500ETF购12月5250,0.0,0.0,0.0,0.0,10,1.0621,1.0666,15,1.0748,1.0568,0.0,0.0,0.0,0.0,488
2023-05-10 09:45:33,OP90002159,中证500ETF购12月5250,0.0,0.0,0.0,0.0,20,1.062,1.0666,15,1.0748,1.0568,0.0,0.0,0.0,0.0,488
2023-05-10 09:45:33,OP90002159,中证500ETF购12月5250,0.0,0.0,0.0,0.0,20,1.062,1.0666,15,1.0748,1.0568,0.0,0.0,0.0,0.0,488
2023-05-10 09:45:35,OP90002159,中证500ETF购12月5250,0.0,0.0,0.0,0.0,20,1.062,1.0666,15,1.0748,1.0568,0.0,0.0,0.0,0.0,488
2023-05-10 09:45:35,OP90002159,中证500ETF购12月5250,0.0,0.0,0.0,0.0,10,1.0621,1.0666,15,1.0748,1.0568,0.0,0.0,0.0,0.0,488
2023-05-10 09:45:36,OP90002159,中证500ETF购12月5250,0.0,0.0,0.0,0.0,20,1.062,1.0666,15,1.0748,1.0568,0.0,0.0,0.0,0.0,488
2023-05-10 09:45:36,OP90002159,中证500ETF购12月5250,0.0,0.0,0.0,0.0,20,1.062,1.0666,15,1.0748,1.0568,0.0,0.0,0.0,0.0,488
2023-05-10 09:45:39,OP90002159,中证500ETF购12月5250,0.0,0.0,0.0,0.0,20,1.062,1.0666,15,1.0748,1.0568,0.0,0.0,0.0,0.0,488
2023-05-10 09:45:44,OP90002159,中证500ETF购12月5250,0.0,0.0,0.0,0.0,20,1.062,1.0666,15,1.0748,1.0568,0.0,0.0,0.0,0.0,488
2023-05-10 09:45:48,OP90002159,中证500ETF购12月5250,0.0,0.0,0.0,0.0,10,1.0621,1.0666,15,1.0748,1.0568,0.0,0.0,0.0,0.0,488
2023-05-10 09:45:49,OP90002159,中证500ETF购12月5250,0.0,0.0,0.0,0.0,10,1.0621,1.0666,15,1.0748,1.0568,0.0,0.0,0.0,0.0,488
2023-05-10 09:45:49,OP90002159,中证500ETF购12月5250,0.0,0.0,0.0,0.0,20,1.062,1.0666,15,1.0748,1.0568,0.0,0.0,0.0,0.0,488
2023-05-10 09:45:50,OP90002159,中证500ETF购12月5250,0.0,0.0,0.0,0.0,20,1.062,1.0666,15,1.0748,1.0568,0.0,0.0,0.0,0.0,488
2023-05-10 09:45:55,OP90002159,中证500ETF购12月5250,0.0,0.0,0.0,0.0,10,1.0621,1.0666,15,1.0748,1.0568,0.0,0.0,0.0,0.0,488
2023-05-10 09:45:55,OP90002159,中证500ETF购12月5250,0.0,0.0,0.0,0.0,10,1.0621,1.0666,15,1.0748,1.0568,0.0,0.0,0.0,0.0,488
2023-05-10 09:45:56,OP90002159,中证500ETF购12月5250,0.0,0.0,0.0,0.0,20,1.062,1.0666,15,1.0748,1.0568,0.0,0.0,0.0,0.0,488
2023-05-10 09:45:56,OP90002159,中证500ETF购12月5250,0.0,0.0,0.0,0.0,20,1.062,1.0666,15,1.0748,1.0568,0.0,0.0,0.0,0.0,488
2023-05-10 09:45:59,OP90002159,中证500ETF购12月5250,0.0,0.0,0.0,0.0,20,1.062,1.0666,15,1.0748,1.0568,0.0,0.0,0.0,0.0,488
2023-05-10 09:45:59,OP90002159,中证500ETF购12月5250,0.0,0.0,0.0,0.0,20,1.062,1.0666,15,1.0748,1.0568,0.0,0.0,0.0,0.0,488
2023-05-10 09:46:00,OP90002159,中证500ETF购12月5250,0.0,0.0,0.0,0.0,20,1.062,1.0666,15,1.0748,1.0568,0.0,0.0,0.0,0.0,488
2023-05-10 09:46:00,OP90002159,中证500ETF购12月5250,0.0,0.0,0.0,0.0,20,1.0623,1.0677,20,1.0748,1.0568,0.0,0.0,0.0,0.0,488
2023-05-10 09:46:01,OP90002159,中证500ETF购12月5250,0.0,0.0,0.0,0.0,40,1.0623,1.0676,15,1.0748,1.0568,0.0,0.0,0.0,0.0,488
2023-05-10 09:46:02,OP90002159,中证500ETF购12月5250,0.0,0.0,0.0,0.0,20,1.0635,1.0676,15,1.0748,1.0568,0.0,0.0,0.0,0.0,488
2023-05-10 09:46:05,OP90002159,中证500ETF购12月5250,0.0,0.0,0.0,0.0,20,1.0635,1.0676,15,1.0748,1.0568,0.0,0.0,0.0,0.0,488
2023-05-10 09:46:09,OP90002159,中证500ETF购12月5250,0.0,0.0,0.0,0.0,20,1.0635,1.0676,15,1.0748,1.0568,0.0,0.0,0.0,0.0,488
2023-05-10 09:46:09,OP90002159,中证500ETF购12月5250,0.0,0.0,0.0,0.0,20,1.0635,1.0676,35,1.0748,1.0568,0.0,0.0,0.0,0.0,488
2023-05-10 09:46:10,OP90002159,中证500ETF购12月5250,0.0,0.0,0.0,0.0,30,1.0617,1.0675,20,1.0748,1.0568,0.0,0.0,0.0,0.0,488
2023-05-10 09:46:10,OP90002159,中证500ETF购12月5250,0.0,0.0,0.0,0.0,20,1.0617,1.0674,15,1.0748,1.0568,0.0,0.0,0.0,0.0,488
2023-05-10 09:46:11,OP90002159,中证500ETF购12月5250,0.0,0.0,0.0,0.0,20,1.0617,1.0674,15,1.0748,1.0568,0.0,0.0,0.0,0.0,488
2023-05-10 09:46:18,OP90002159,中证500ETF购12月5250,0.0,0.0,0.0,0.0,40,1.0609,1.0674,15,1.0748,1.0568,0.0,0.0,0.0,0.0,488
2023-05-10 09:46:18,OP90002159,中证500ETF购12月5250,0.0,0.0,0.0,0.0,20,1.0616,1.0674,15,1.0748,1.0568,0.0,0.0,0.0,0.0,488
2023-05-10 09:46:19,OP90002159,中证500ETF购12月5250,0.0,0.0,0.0,0.0,20,1.0616,1.0674,15,1.0748,1.0568,0.0,0.0,0.0,0.0,488
2023-05-10 09:46:19,OP90002159,中证500ETF购12月5250,0.0,0.0,0.0,0.0,20,1.0624,1.0674,15,1.0748,1.0568,0.0,0.0,0.0,0.0,488
2023-05-10 09:46:20,OP90002159,中证500ETF购12月5250,0.0,0.0,0.0,0.0,40,1.0624,1.0674,15,1.0748,1.0568,0.0,0.0,0.0,0.0,488
2023-05-10 09:46:20,OP90002159,中证500ETF购12月5250,0.0,0.0,0.0,0.0,40,1.0624,1.0674,15,1.0748,1.0568,0.0,0.0,0.0,0.0,488
2023-05-10 09:46:21,OP90002159,中证500ETF购12月5250,0.0,0.0,0.0,0.0,40,1.0624,1.0687,20,1.0748,1.0568,0.0,0.0,0.0,0.0,488
2023-05-10 09:46:21,OP90002159,中证500ETF购12月5250,0.0,0.0,0.0,0.0,20,1.064,1.0686,15,1.0748,1.0568,0.0,0.0,0.0,0.0,488
2023-05-10 09:46:22,OP90002159,中证500ETF购12月5250,0.0,0.0,0.0,0.0,40,1.064,1.0686,15,1.0748,1.0568,0.0,0.0,0.0,0.0,488
2023-05-10 09:46:22,OP90002159,中证500ETF购12月5250,0.0,0.0,0.0,0.0,40,1.064,1.0701,20,1.0748,1.0568,0.0,0.0,0.0,0.0,488
2023-05-10 09:46:23,OP90002159,中证500ETF购12月5250,0.0,0.0,0.0,0.0,40,1.064,1.0698,20,1.0748,1.0568,0.0,0.0,0.0,0.0,488
2023-05-10 09:46:23,OP90002159,中证500ETF购12月5250,0.0,0.0,0.0,0.0,40,1.064,1.0697,15,1.0748,1.0568,0.0,0.0,0.0,0.0,488
2023-05-10 09:46:29,OP90002159,中证500ETF购12月5250,0.0,0.0,0.0,0.0,20,1.064,1.0694,20,1.0748,1.0568,0.0,0.0,0.0,0.0,488
2023-05-10 09:46:29,OP90002159,中证500ETF购12月5250,0.0,0.0,0.0,0.0,20,1.0627,1.0694,40,1.0748,1.0568,0.0,0.0,0.0,0.0,488
2023-05-10 09:46:30,OP90002159,中证500ETF购12月5250,0.0,0.0,0.0,0.0,20,1.0627,1.0681,20,1.0748,1.0568,0.0,0.0,0.0,0.0,488
2023-05-10 09:46:30,OP90002159,中证500ETF购12月5250,0.0,0.0,0.0,0.0,20,1.0627,1.068,15,1.0748,1.0568,0.0,0.0,0.0,0.0,488
2023-05-10 09:46:31,OP90002159,中证500ETF购12月5250,0.0,0.0,0.0,0.0,20,1.0627,1.068,15,1.0748,1.0568,0.0,0.0,0.0,0.0,488
2023-05-10 09:46:33,OP90002159,中证500ETF购12月5250,0.0,0.0,0.0,0.0,20,1.0623,1.068,35,1.0748,1.0568,0.0,0.0,0.0,0.0,488
2023-05-10 09:46:33,OP90002159,中证500ETF购12月5250,0.0,0.0,0.0,0.0,10,1.0624,1.068,35,1.0748,1.0568,0.0,0.0,0.0,0.0,488
2023-05-10 09:46:41,OP90002159,中证500ETF购12月5250,0.0,0.0,0.0,0.0,20,1.0626,1.068,35,1.0748,1.0568,0.0,0.0,0.0,0.0,488
2023-05-10 09:46:43,OP90002159,中证500ETF购12月5250,0.0,0.0,0.0,0.0,20,1.0626,1.068,35,1.0748,1.0568,0.0,0.0,0.0,0.0,488
2023-05-10 09:46:44,OP90002159,中证500ETF购12月5250,0.0,0.0,0.0,0.0,40,1.0626,1.068,15,1.0748,1.0568,0.0,0.0,0.0,0.0,488
2023-05-10 09:46:49,OP90002159,中证500ETF购12月5250,0.0,0.0,0.0,0.0,20,1.0647,1.0694,20,1.0748,1.0568,0.0,0.0,0.0,0.0,488
2023-05-10 09:46:49,OP90002159,中证500ETF购12月5250,0.0,0.0,0.0,0.0,20,1.0647,1.0693,15,1.0748,1.0568,0.0,0.0,0.0,0.0,488
2023-05-10 09:46:50,OP90002159,中证500ETF购12月5250,0.0,0.0,0.0,0.0,20,1.0647,1.0693,15,1.0748,1.0568,0.0,0.0,0.0,0.0,488
2023-05-10 09:46:52,OP90002159,中证500ETF购12月5250,0.0,0.0,0.0,0.0,20,1.0647,1.0693,15,1.0748,1.0568,0.0,0.0,0.0,0.0,488
2023-05-10 09:46:53,OP90002159,中证500ETF购12月5250,0.0,0.0,0.0,0.0,20,1.0647,1.0692,20,1.0748,1.0568,0.0,0.0,0.0,0.0,488
2023-05-10 09:46:53,OP90002159,中证500ETF购12月5250,0.0,0.0,0.0,0.0,20,1.0647,1.0691,15,1.0748,1.0568,0.0,0.0,0.0,0.0,488
2023-05-10 09:46:54,OP90002159,中证500ETF购12月5250,0.0,0.0,0.0,0.0,20,1.0647,1.0691,15,1.0748,1.0568,0.0,0.0,0.0,0.0,488
2023-05-10 09:46:55,OP90002159,中证500ETF购12月5250,0.0,0.0,0.0,0.0,10,1.0633,1.0691,35,1.0748,1.0568,0.0,0.0,0.0,0.0,488
2023-05-10 09:46:56,OP90002159,中证500ETF购12月5250,0.0,0.0,0.0,0.0,10,1.0634,1.0691,35,1.0748,1.0568,0.0,0.0,0.0,0.0,488
2023-05-10 09:46:56,OP90002159,中证500ETF购12月5250,0.0,0.0,0.0,0.0,20,1.063,1.0691,35,1.0748,1.0568,0.0,0.0,0.0,0.0,488
2023-05-10 09:46:57,OP90002159,中证500ETF购12月5250,0.0,0.0,0.0,0.0,10,1.0631,1.0691,35,1.0748,1.0568,0.0,0.0,0.0,0.0,488
2023-05-10 09:47:02,OP90002159,中证500ETF购12月5250,0.0,0.0,0.0,0.0,20,1.0647,1.0691,35,1.0748,1.0568,0.0,0.0,0.0,0.0,488
2023-05-10 09:47:03,OP90002159,中证500ETF购12月5250,0.0,0.0,0.0,0.0,20,1.0647,1.0691,35,1.0748,1.0568,0.0,0.0,0.0,0.0,488
2023-05-10 09:47:03,OP90002159,中证500ETF购12月5250,0.0,0.0,0.0,0.0,20,1.0647,1.0691,35,1.0748,1.0568,0.0,0.0,0.0,0.0,488
2023-05-10 09:47:04,OP90002159,中证500ETF购12月5250,0.0,0.0,0.0,0.0,10,1.0648,1.0691,35,1.0748,1.0568,0.0,0.0,0.0,0.0,488
2023-05-10 09:47:05,OP90002159,中证500ETF购12月5250,0.0,0.0,0.0,0.0,10,1.0648,1.0691,35,1.0748,1.0568,0.0,0.0,0.0,0.0,488
2023-05-10 09:47:05,OP90002159,中证500ETF购12月5250,0.0,0.0,0.0,0.0,10,1.0648,1.0691,35,1.0748,1.0568,0.0,0.0,0.0,0.0,488
2023-05-10 09:47:07,OP90002159,中证500ETF购12月5250,0.0,0.0,0.0,0.0,10,1.0648,1.0691,15,1.0748,1.0568,0.0,0.0,0.0,0.0,488
2023-05-10 09:47:07,OP90002159,中证500ETF购12月5250,0.0,0.0,0.0,0.0,10,1.0648,1.0691,15,1.0748,1.0568,0.0,0.0,0.0,0.0,488
2023-05-10 09:47:35,OP90002159,中证500ETF购12月5250,0.0,0.0,0.0,0.0,10,1.0648,1.0703,20,1.0748,1.0568,0.0,0.0,0.0,0.0,488
2023-05-10 09:47:36,OP90002159,中证500ETF购12月5250,0.0,0.0,0.0,0.0,20,1.0646,1.0702,15,1.0748,1.0568,0.0,0.0,0.0,0.0,488
2023-05-10 09:47:36,OP90002159,中证500ETF购12月5250,0.0,0.0,0.0,0.0,10,1.0647,1.0702,15,1.0748,1.0568,0.0,0.0,0.0,0.0,488
