time,symbol_id,symbol_name,last,trade_volume,trade_amount,open_interest_change,bv1,bp1,ap1,av1,yesterday_close,today_open,today_high,today_low,volume,amount,open_interest
2023-05-10 08:30:04,OP90002167,中证500ETF购12月7250,0.0,0.0,0.0,-85.0,0,0.0,0.0,0,0.0439,0.0427,0.0,0.0,0.0,0.0,943
2023-05-10 09:24:48,OP90002167,中证500ETF购12月7250,0.0,0.0,0.0,0.0,1,0.0424,0.0424,1,0.0439,0.0427,0.0,0.0,0.0,0.0,943
2023-05-10 09:24:57,OP90002167,中证500ETF购12月7250,0.0,0.0,0.0,0.0,1,0.0427,0.0427,1,0.0439,0.0427,0.0,0.0,0.0,0.0,943
2023-05-10 09:25:00,OP90002167,中证500ETF购12月7250,0.0427,1.0,427.0,1.0,1,0.0424,0.0428,1,0.0439,0.0427,0.0427,0.0427,1.0,427.0,944
2023-05-10 09:30:00,OP90002167,中证500ETF购12月7250,0.0427,0.0,0.0,0.0,1,0.0424,0.047,1,0.0439,0.0427,0.0427,0.0427,1.0,427.0,944
2023-05-10 09:30:01,OP90002167,中证500ETF购12月7250,0.0427,0.0,0.0,0.0,1,0.0419,0.0494,1,0.0439,0.0427,0.0427,0.0427,1.0,427.0,944
2023-05-10 09:30:02,OP90002167,中证500ETF购12月7250,0.0427,0.0,0.0,0.0,1,0.0419,0.0498,1,0.0439,0.0427,0.0427,0.0427,1.0,427.0,944
2023-05-10 09:30:09,OP90002167,中证500ETF购12月7250,0.0427,0.0,0.0,0.0,1,0.0214,0.064,1,0.0439,0.0427,0.0427,0.0427,1.0,427.0,944
2023-05-10 09:30:18,OP90002167,中证500ETF购12月7250,0.0427,0.0,0.0,0.0,1,0.0214,0.064,1,0.0439,0.0427,0.0427,0.0427,1.0,427.0,944
2023-05-10 09:30:18,OP90002167,中证500ETF购12月7250,0.0427,0.0,0.0,0.0,1,0.0214,0.064,1,0.0439,0.0427,0.0427,0.0427,1.0,427.0,944
2023-05-10 09:30:20,OP90002167,中证500ETF购12月7250,0.0427,0.0,0.0,0.0,1,0.0214,0.064,1,0.0439,0.0427,0.0427,0.0427,1.0,427.0,944
2023-05-10 09:30:37,OP90002167,中证500ETF购12月7250,0.0427,0.0,0.0,0.0,20,0.0414,0.0496,20,0.0439,0.0427,0.0427,0.0427,1.0,427.0,944
2023-05-10 09:30:38,OP90002167,中证500ETF购12月7250,0.0427,0.0,0.0,0.0,20,0.043,0.0492,20,0.0439,0.0427,0.0427,0.0427,1.0,427.0,944
2023-05-10 09:30:38,OP90002167,中证500ETF购12月7250,0.0427,0.0,0.0,0.0,30,0.043,0.0492,30,0.0439,0.0427,0.0427,0.0427,1.0,427.0,944
2023-05-10 09:30:39,OP90002167,中证500ETF购12月7250,0.0427,0.0,0.0,0.0,20,0.043,0.0489,20,0.0439,0.0427,0.0427,0.0427,1.0,427.0,944
2023-05-10 09:30:39,OP90002167,中证500ETF购12月7250,0.0427,0.0,0.0,0.0,20,0.0427,0.0489,20,0.0439,0.0427,0.0427,0.0427,1.0,427.0,944
2023-05-10 09:30:40,OP90002167,中证500ETF购12月7250,0.0427,0.0,0.0,0.0,20,0.0427,0.0489,30,0.0439,0.0427,0.0427,0.0427,1.0,427.0,944
2023-05-10 09:30:40,OP90002167,中证500ETF购12月7250,0.0427,0.0,0.0,0.0,20,0.0425,0.0487,20,0.0439,0.0427,0.0427,0.0427,1.0,427.0,944
2023-05-10 09:30:41,OP90002167,中证500ETF购12月7250,0.0427,0.0,0.0,0.0,20,0.0425,0.0487,30,0.0439,0.0427,0.0427,0.0427,1.0,427.0,944
2023-05-10 09:30:41,OP90002167,中证500ETF购12月7250,0.0427,0.0,0.0,0.0,20,0.0425,0.0487,30,0.0439,0.0427,0.0427,0.0427,1.0,427.0,944
2023-05-10 09:30:42,OP90002167,中证500ETF购12月7250,0.0427,0.0,0.0,0.0,20,0.0423,0.0485,20,0.0439,0.0427,0.0427,0.0427,1.0,427.0,944
2023-05-10 09:30:42,OP90002167,中证500ETF购12月7250,0.0427,0.0,0.0,0.0,20,0.0424,0.0485,10,0.0439,0.0427,0.0427,0.0427,1.0,427.0,944
2023-05-10 09:30:43,OP90002167,中证500ETF购12月7250,0.0427,0.0,0.0,0.0,30,0.0424,0.0485,20,0.0439,0.0427,0.0427,0.0427,1.0,427.0,944
2023-05-10 09:30:43,OP90002167,中证500ETF购12月7250,0.0427,0.0,0.0,0.0,20,0.0425,0.0487,30,0.0439,0.0427,0.0427,0.0427,1.0,427.0,944
2023-05-10 09:30:44,OP90002167,中证500ETF购12月7250,0.0427,0.0,0.0,0.0,20,0.0425,0.0487,30,0.0439,0.0427,0.0427,0.0427,1.0,427.0,944
2023-05-10 09:30:45,OP90002167,中证500ETF购12月7250,0.0427,0.0,0.0,0.0,20,0.0425,0.0487,30,0.0439,0.0427,0.0427,0.0427,1.0,427.0,944
2023-05-10 09:30:45,OP90002167,中证500ETF购12月7250,0.0427,0.0,0.0,0.0,20,0.0425,0.0487,30,0.0439,0.0427,0.0427,0.0427,1.0,427.0,944
2023-05-10 09:30:46,OP90002167,中证500ETF购12月7250,0.0427,0.0,0.0,0.0,20,0.0425,0.0487,30,0.0439,0.0427,0.0427,0.0427,1.0,427.0,944
2023-05-10 09:30:46,OP90002167,中证500ETF购12月7250,0.0427,0.0,0.0,0.0,20,0.0425,0.0487,30,0.0439,0.0427,0.0427,0.0427,1.0,427.0,944
2023-05-10 09:30:47,OP90002167,中证500ETF购12月7250,0.0427,0.0,0.0,0.0,20,0.0425,0.0487,30,0.0439,0.0427,0.0427,0.0427,1.0,427.0,944
2023-05-10 09:30:47,OP90002167,中证500ETF购12月7250,0.0427,0.0,0.0,0.0,20,0.0427,0.0487,30,0.0439,0.0427,0.0427,0.0427,1.0,427.0,944
2023-05-10 09:30:48,OP90002167,中证500ETF购12月7250,0.0427,0.0,0.0,0.0,30,0.0427,0.0487,30,0.0439,0.0427,0.0427,0.0427,1.0,427.0,944
2023-05-10 09:30:48,OP90002167,中证500ETF购12月7250,0.0427,0.0,0.0,0.0,30,0.0427,0.0487,30,0.0439,0.0427,0.0427,0.0427,1.0,427.0,944
2023-05-10 09:30:49,OP90002167,中证500ETF购12月7250,0.0427,0.0,0.0,0.0,30,0.0427,0.0487,20,0.0439,0.0427,0.0427,0.0427,1.0,427.0,944
2023-05-10 09:30:49,OP90002167,中证500ETF购12月7250,0.0427,0.0,0.0,0.0,20,0.0428,0.049,20,0.0439,0.0427,0.0427,0.0427,1.0,427.0,944
2023-05-10 09:30:50,OP90002167,中证500ETF购12月7250,0.0427,0.0,0.0,0.0,30,0.0428,0.049,30,0.0439,0.0427,0.0427,0.0427,1.0,427.0,944
2023-05-10 09:30:50,OP90002167,中证500ETF购12月7250,0.0427,0.0,0.0,0.0,30,0.0428,0.049,30,0.0439,0.0427,0.0427,0.0427,1.0,427.0,944
2023-05-10 09:30:51,OP90002167,中证500ETF购12月7250,0.0427,0.0,0.0,0.0,30,0.0428,0.049,30,0.0439,0.0427,0.0427,0.0427,1.0,427.0,944
2023-05-10 09:30:51,OP90002167,中证500ETF购12月7250,0.0427,0.0,0.0,0.0,30,0.0428,0.049,30,0.0439,0.0427,0.0427,0.0427,1.0,427.0,944
2023-05-10 09:30:53,OP90002167,中证500ETF购12月7250,0.0427,0.0,0.0,0.0,30,0.0428,0.0488,20,0.0439,0.0427,0.0427,0.0427,1.0,427.0,944
2023-05-10 09:30:53,OP90002167,中证500ETF购12月7250,0.0427,0.0,0.0,0.0,30,0.0428,0.0488,20,0.0439,0.0427,0.0427,0.0427,1.0,427.0,944
2023-05-10 09:30:54,OP90002167,中证500ETF购12月7250,0.0427,0.0,0.0,0.0,30,0.0428,0.0488,20,0.0439,0.0427,0.0427,0.0427,1.0,427.0,944
2023-05-10 09:30:54,OP90002167,中证500ETF购12月7250,0.0427,0.0,0.0,0.0,30,0.0428,0.0488,20,0.0439,0.0427,0.0427,0.0427,1.0,427.0,944
2023-05-10 09:30:55,OP90002167,中证500ETF购12月7250,0.0427,0.0,0.0,0.0,30,0.0428,0.0488,20,0.0439,0.0427,0.0427,0.0427,1.0,427.0,944
2023-05-10 09:30:55,OP90002167,中证500ETF购12月7250,0.0427,0.0,0.0,0.0,30,0.0428,0.0488,20,0.0439,0.0427,0.0427,0.0427,1.0,427.0,944
2023-05-10 09:30:56,OP90002167,中证500ETF购12月7250,0.0427,0.0,0.0,0.0,30,0.0428,0.0488,20,0.0439,0.0427,0.0427,0.0427,1.0,427.0,944
2023-05-10 09:30:56,OP90002167,中证500ETF购12月7250,0.0427,0.0,0.0,0.0,30,0.0428,0.0488,20,0.0439,0.0427,0.0427,0.0427,1.0,427.0,944
2023-05-10 09:30:57,OP90002167,中证500ETF购12月7250,0.0427,0.0,0.0,0.0,30,0.0428,0.0488,20,0.0439,0.0427,0.0427,0.0427,1.0,427.0,944
2023-05-10 09:30:57,OP90002167,中证500ETF购12月7250,0.0427,0.0,0.0,0.0,30,0.0428,0.0488,20,0.0439,0.0427,0.0427,0.0427,1.0,427.0,944
2023-05-10 09:30:58,OP90002167,中证500ETF购12月7250,0.0427,0.0,0.0,0.0,20,0.0428,0.0488,30,0.0439,0.0427,0.0427,0.0427,1.0,427.0,944
2023-05-10 09:30:59,OP90002167,中证500ETF购12月7250,0.0427,0.0,0.0,0.0,10,0.0428,0.0488,30,0.0439,0.0427,0.0427,0.0427,1.0,427.0,944
2023-05-10 09:30:59,OP90002167,中证500ETF购12月7250,0.0427,0.0,0.0,0.0,20,0.0428,0.0487,20,0.0439,0.0427,0.0427,0.0427,1.0,427.0,944
2023-05-10 09:31:00,OP90002167,中证500ETF购12月7250,0.0427,0.0,0.0,0.0,30,0.0426,0.0487,20,0.0439,0.0427,0.0427,0.0427,1.0,427.0,944
2023-05-10 09:31:00,OP90002167,中证500ETF购12月7250,0.0427,0.0,0.0,0.0,30,0.0426,0.0487,20,0.0439,0.0427,0.0427,0.0427,1.0,427.0,944
2023-05-10 09:31:01,OP90002167,中证500ETF购12月7250,0.0427,0.0,0.0,0.0,30,0.0426,0.0487,20,0.0439,0.0427,0.0427,0.0427,1.0,427.0,944
2023-05-10 09:31:01,OP90002167,中证500ETF购12月7250,0.0427,0.0,0.0,0.0,30,0.0426,0.0487,30,0.0439,0.0427,0.0427,0.0427,1.0,427.0,944
2023-05-10 09:31:02,OP90002167,中证500ETF购12月7250,0.0427,0.0,0.0,0.0,20,0.0426,0.0487,30,0.0439,0.0427,0.0427,0.0427,1.0,427.0,944
2023-05-10 09:31:02,OP90002167,中证500ETF购12月7250,0.0427,0.0,0.0,0.0,20,0.0423,0.0485,20,0.0439,0.0427,0.0427,0.0427,1.0,427.0,944
2023-05-10 09:31:03,OP90002167,中证500ETF购12月7250,0.0427,0.0,0.0,0.0,20,0.0423,0.0485,20,0.0439,0.0427,0.0427,0.0427,1.0,427.0,944
2023-05-10 09:31:03,OP90002167,中证500ETF购12月7250,0.0427,0.0,0.0,0.0,20,0.0423,0.0485,20,0.0439,0.0427,0.0427,0.0427,1.0,427.0,944
2023-05-10 09:31:04,OP90002167,中证500ETF购12月7250,0.0427,0.0,0.0,0.0,20,0.0425,0.0486,20,0.0439,0.0427,0.0427,0.0427,1.0,427.0,944
2023-05-10 09:31:04,OP90002167,中证500ETF购12月7250,0.0427,0.0,0.0,0.0,20,0.0423,0.0485,20,0.0439,0.0427,0.0427,0.0427,1.0,427.0,944
2023-05-10 09:31:05,OP90002167,中证500ETF购12月7250,0.0427,0.0,0.0,0.0,30,0.0423,0.0485,30,0.0439,0.0427,0.0427,0.0427,1.0,427.0,944
2023-05-10 09:31:05,OP90002167,中证500ETF购12月7250,0.0427,0.0,0.0,0.0,30,0.0423,0.0485,30,0.0439,0.0427,0.0427,0.0427,1.0,427.0,944
2023-05-10 09:31:06,OP90002167,中证500ETF购12月7250,0.0427,0.0,0.0,0.0,30,0.0423,0.0485,30,0.0439,0.0427,0.0427,0.0427,1.0,427.0,944
2023-05-10 09:31:06,OP90002167,中证500ETF购12月7250,0.0427,0.0,0.0,0.0,20,0.0423,0.0485,20,0.0439,0.0427,0.0427,0.0427,1.0,427.0,944
2023-05-10 09:31:07,OP90002167,中证500ETF购12月7250,0.0427,0.0,0.0,0.0,30,0.0423,0.0485,30,0.0439,0.0427,0.0427,0.0427,1.0,427.0,944
2023-05-10 09:31:07,OP90002167,中证500ETF购12月7250,0.0427,0.0,0.0,0.0,30,0.0423,0.0485,30,0.0439,0.0427,0.0427,0.0427,1.0,427.0,944
2023-05-10 09:31:08,OP90002167,中证500ETF购12月7250,0.0427,0.0,0.0,0.0,20,0.0423,0.0485,20,0.0439,0.0427,0.0427,0.0427,1.0,427.0,944
2023-05-10 09:31:08,OP90002167,中证500ETF购12月7250,0.0427,0.0,0.0,0.0,20,0.0421,0.0483,20,0.0439,0.0427,0.0427,0.0427,1.0,427.0,944
2023-05-10 09:31:09,OP90002167,中证500ETF购12月7250,0.0427,0.0,0.0,0.0,20,0.0421,0.0483,20,0.0439,0.0427,0.0427,0.0427,1.0,427.0,944
2023-05-10 09:31:09,OP90002167,中证500ETF购12月7250,0.0427,0.0,0.0,0.0,20,0.0421,0.0483,20,0.0439,0.0427,0.0427,0.0427,1.0,427.0,944
2023-05-10 09:31:10,OP90002167,中证500ETF购12月7250,0.0427,0.0,0.0,0.0,20,0.0419,0.0481,20,0.0439,0.0427,0.0427,0.0427,1.0,427.0,944
2023-05-10 09:31:10,OP90002167,中证500ETF购12月7250,0.0427,0.0,0.0,0.0,10,0.0419,0.0479,20,0.0439,0.0427,0.0427,0.0427,1.0,427.0,944
2023-05-10 09:31:11,OP90002167,中证500ETF购12月7250,0.0427,0.0,0.0,0.0,30,0.0418,0.0479,30,0.0439,0.0427,0.0427,0.0427,1.0,427.0,944
2023-05-10 09:31:11,OP90002167,中证500ETF购12月7250,0.0427,0.0,0.0,0.0,30,0.0418,0.0479,31,0.0439,0.0427,0.0427,0.0427,1.0,427.0,944
2023-05-10 09:31:12,OP90002167,中证500ETF购12月7250,0.0427,0.0,0.0,0.0,20,0.0418,0.0479,21,0.0439,0.0427,0.0427,0.0427,1.0,427.0,944
2023-05-10 09:31:13,OP90002167,中证500ETF购12月7250,0.0427,0.0,0.0,0.0,10,0.0434,0.0468,10,0.0439,0.0427,0.0427,0.0427,1.0,427.0,944
2023-05-10 09:31:13,OP90002167,中证500ETF购12月7250,0.0427,0.0,0.0,0.0,10,0.0434,0.0467,1,0.0439,0.0427,0.0427,0.0427,1.0,427.0,944
2023-05-10 09:31:14,OP90002167,中证500ETF购12月7250,0.0427,0.0,0.0,0.0,10,0.0434,0.0467,1,0.0439,0.0427,0.0427,0.0427,1.0,427.0,944
2023-05-10 09:31:14,OP90002167,中证500ETF购12月7250,0.0427,0.0,0.0,0.0,10,0.0434,0.0467,1,0.0439,0.0427,0.0427,0.0427,1.0,427.0,944
2023-05-10 09:31:15,OP90002167,中证500ETF购12月7250,0.0427,0.0,0.0,0.0,10,0.0434,0.0467,1,0.0439,0.0427,0.0427,0.0427,1.0,427.0,944
2023-05-10 09:31:15,OP90002167,中证500ETF购12月7250,0.0427,0.0,0.0,0.0,10,0.0434,0.0467,1,0.0439,0.0427,0.0427,0.0427,1.0,427.0,944
2023-05-10 09:31:16,OP90002167,中证500ETF购12月7250,0.0427,0.0,0.0,0.0,10,0.0434,0.0467,1,0.0439,0.0427,0.0427,0.0427,1.0,427.0,944
2023-05-10 09:31:16,OP90002167,中证500ETF购12月7250,0.0427,0.0,0.0,0.0,10,0.0434,0.0467,1,0.0439,0.0427,0.0427,0.0427,1.0,427.0,944
2023-05-10 09:31:17,OP90002167,中证500ETF购12月7250,0.0427,0.0,0.0,0.0,10,0.0434,0.0467,1,0.0439,0.0427,0.0427,0.0427,1.0,427.0,944
2023-05-10 09:31:18,OP90002167,中证500ETF购12月7250,0.0427,0.0,0.0,0.0,10,0.0434,0.0467,1,0.0439,0.0427,0.0427,0.0427,1.0,427.0,944
2023-05-10 09:31:18,OP90002167,中证500ETF购12月7250,0.0427,0.0,0.0,0.0,10,0.0434,0.0467,1,0.0439,0.0427,0.0427,0.0427,1.0,427.0,944
2023-05-10 09:31:19,OP90002167,中证500ETF购12月7250,0.0427,0.0,0.0,0.0,10,0.0434,0.0467,1,0.0439,0.0427,0.0427,0.0427,1.0,427.0,944
2023-05-10 09:31:19,OP90002167,中证500ETF购12月7250,0.0427,0.0,0.0,0.0,10,0.0434,0.0467,1,0.0439,0.0427,0.0427,0.0427,1.0,427.0,944
2023-05-10 09:31:20,OP90002167,中证500ETF购12月7250,0.0427,0.0,0.0,0.0,10,0.0434,0.0467,1,0.0439,0.0427,0.0427,0.0427,1.0,427.0,944
2023-05-10 09:31:24,OP90002167,中证500ETF购12月7250,0.0427,0.0,0.0,0.0,10,0.0439,0.0467,1,0.0439,0.0427,0.0427,0.0427,1.0,427.0,944
2023-05-10 09:31:24,OP90002167,中证500ETF购12月7250,0.0427,0.0,0.0,0.0,10,0.0439,0.0467,1,0.0439,0.0427,0.0427,0.0427,1.0,427.0,944
2023-05-10 09:31:25,OP90002167,中证500ETF购12月7250,0.0427,0.0,0.0,0.0,10,0.0439,0.0467,1,0.0439,0.0427,0.0427,0.0427,1.0,427.0,944
2023-05-10 09:31:25,OP90002167,中证500ETF购12月7250,0.0427,0.0,0.0,0.0,10,0.0439,0.0467,1,0.0439,0.0427,0.0427,0.0427,1.0,427.0,944
2023-05-10 09:31:26,OP90002167,中证500ETF购12月7250,0.0427,0.0,0.0,0.0,10,0.0439,0.0467,1,0.0439,0.0427,0.0427,0.0427,1.0,427.0,944
2023-05-10 09:31:27,OP90002167,中证500ETF购12月7250,0.0427,0.0,0.0,0.0,10,0.0439,0.0467,1,0.0439,0.0427,0.0427,0.0427,1.0,427.0,944
2023-05-10 09:31:28,OP90002167,中证500ETF购12月7250,0.0427,0.0,0.0,0.0,10,0.0439,0.0467,1,0.0439,0.0427,0.0427,0.0427,1.0,427.0,944
2023-05-10 09:31:30,OP90002167,中证500ETF购12月7250,0.0427,0.0,0.0,0.0,10,0.0439,0.0467,1,0.0439,0.0427,0.0427,0.0427,1.0,427.0,944
2023-05-10 09:31:31,OP90002167,中证500ETF购12月7250,0.0427,0.0,0.0,0.0,30,0.0439,0.0467,1,0.0439,0.0427,0.0427,0.0427,1.0,427.0,944
2023-05-10 09:31:32,OP90002167,中证500ETF购12月7250,0.0427,0.0,0.0,0.0,30,0.0439,0.0473,10,0.0439,0.0427,0.0427,0.0427,1.0,427.0,944
2023-05-10 09:31:32,OP90002167,中证500ETF购12月7250,0.0427,0.0,0.0,0.0,30,0.0439,0.0474,10,0.0439,0.0427,0.0427,0.0427,1.0,427.0,944
2023-05-10 09:31:33,OP90002167,中证500ETF购12月7250,0.0427,0.0,0.0,0.0,30,0.0439,0.0474,10,0.0439,0.0427,0.0427,0.0427,1.0,427.0,944
2023-05-10 09:31:33,OP90002167,中证500ETF购12月7250,0.0427,0.0,0.0,0.0,30,0.0439,0.0474,10,0.0439,0.0427,0.0427,0.0427,1.0,427.0,944
2023-05-10 09:31:34,OP90002167,中证500ETF购12月7250,0.0427,0.0,0.0,0.0,30,0.0439,0.0474,10,0.0439,0.0427,0.0427,0.0427,1.0,427.0,944
2023-05-10 09:31:34,OP90002167,中证500ETF购12月7250,0.0427,0.0,0.0,0.0,30,0.0439,0.0474,10,0.0439,0.0427,0.0427,0.0427,1.0,427.0,944
2023-05-10 09:31:35,OP90002167,中证500ETF购12月7250,0.0427,0.0,0.0,0.0,30,0.0439,0.0474,10,0.0439,0.0427,0.0427,0.0427,1.0,427.0,944
2023-05-10 09:31:35,OP90002167,中证500ETF购12月7250,0.0427,0.0,0.0,0.0,30,0.0439,0.0474,10,0.0439,0.0427,0.0427,0.0427,1.0,427.0,944
2023-05-10 09:31:36,OP90002167,中证500ETF购12月7250,0.0427,0.0,0.0,0.0,10,0.0445,0.0477,40,0.0439,0.0427,0.0427,0.0427,1.0,427.0,944
2023-05-10 09:31:36,OP90002167,中证500ETF购12月7250,0.0427,0.0,0.0,0.0,10,0.0445,0.0478,1,0.0439,0.0427,0.0427,0.0427,1.0,427.0,944
2023-05-10 09:31:37,OP90002167,中证500ETF购12月7250,0.0427,0.0,0.0,0.0,10,0.0445,0.0478,1,0.0439,0.0427,0.0427,0.0427,1.0,427.0,944
2023-05-10 09:31:37,OP90002167,中证500ETF购12月7250,0.0427,0.0,0.0,0.0,10,0.0445,0.0478,1,0.0439,0.0427,0.0427,0.0427,1.0,427.0,944
2023-05-10 09:31:38,OP90002167,中证500ETF购12月7250,0.0427,0.0,0.0,0.0,10,0.0445,0.0478,1,0.0439,0.0427,0.0427,0.0427,1.0,427.0,944
2023-05-10 09:31:38,OP90002167,中证500ETF购12月7250,0.0427,0.0,0.0,0.0,10,0.0445,0.0478,1,0.0439,0.0427,0.0427,0.0427,1.0,427.0,944
2023-05-10 09:31:39,OP90002167,中证500ETF购12月7250,0.0427,0.0,0.0,0.0,10,0.0445,0.0478,1,0.0439,0.0427,0.0427,0.0427,1.0,427.0,944
2023-05-10 09:31:39,OP90002167,中证500ETF购12月7250,0.0427,0.0,0.0,0.0,10,0.0445,0.0478,1,0.0439,0.0427,0.0427,0.0427,1.0,427.0,944
2023-05-10 09:31:40,OP90002167,中证500ETF购12月7250,0.0427,0.0,0.0,0.0,10,0.0445,0.0478,1,0.0439,0.0427,0.0427,0.0427,1.0,427.0,944
2023-05-10 09:31:40,OP90002167,中证500ETF购12月7250,0.0427,0.0,0.0,0.0,10,0.0445,0.0478,1,0.0439,0.0427,0.0427,0.0427,1.0,427.0,944
2023-05-10 09:31:42,OP90002167,中证500ETF购12月7250,0.0427,0.0,0.0,0.0,10,0.0445,0.0478,1,0.0439,0.0427,0.0427,0.0427,1.0,427.0,944
2023-05-10 09:31:42,OP90002167,中证500ETF购12月7250,0.0427,0.0,0.0,0.0,10,0.0445,0.0478,1,0.0439,0.0427,0.0427,0.0427,1.0,427.0,944
2023-05-10 09:31:44,OP90002167,中证500ETF购12月7250,0.0427,0.0,0.0,0.0,10,0.0445,0.0478,1,0.0439,0.0427,0.0427,0.0427,1.0,427.0,944
2023-05-10 09:31:45,OP90002167,中证500ETF购12月7250,0.0427,0.0,0.0,0.0,10,0.0445,0.0478,1,0.0439,0.0427,0.0427,0.0427,1.0,427.0,944
2023-05-10 09:31:46,OP90002167,中证500ETF购12月7250,0.0427,0.0,0.0,0.0,10,0.0445,0.0478,1,0.0439,0.0427,0.0427,0.0427,1.0,427.0,944
2023-05-10 09:31:46,OP90002167,中证500ETF购12月7250,0.0427,0.0,0.0,0.0,10,0.0445,0.0478,1,0.0439,0.0427,0.0427,0.0427,1.0,427.0,944
2023-05-10 09:31:48,OP90002167,中证500ETF购12月7250,0.0427,0.0,0.0,0.0,10,0.0445,0.0478,1,0.0439,0.0427,0.0427,0.0427,1.0,427.0,944
2023-05-10 09:31:48,OP90002167,中证500ETF购12月7250,0.0427,0.0,0.0,0.0,10,0.0445,0.0478,1,0.0439,0.0427,0.0427,0.0427,1.0,427.0,944
2023-05-10 09:31:49,OP90002167,中证500ETF购12月7250,0.0427,0.0,0.0,0.0,10,0.0445,0.0478,1,0.0439,0.0427,0.0427,0.0427,1.0,427.0,944
2023-05-10 09:31:50,OP90002167,中证500ETF购12月7250,0.0427,0.0,0.0,0.0,10,0.0445,0.0478,1,0.0439,0.0427,0.0427,0.0427,1.0,427.0,944
2023-05-10 09:31:50,OP90002167,中证500ETF购12月7250,0.0427,0.0,0.0,0.0,30,0.0445,0.0478,1,0.0439,0.0427,0.0427,0.0427,1.0,427.0,944
2023-05-10 09:31:51,OP90002167,中证500ETF购12月7250,0.0427,0.0,0.0,0.0,30,0.0445,0.0478,1,0.0439,0.0427,0.0427,0.0427,1.0,427.0,944
2023-05-10 09:31:51,OP90002167,中证500ETF购12月7250,0.0427,0.0,0.0,0.0,30,0.0445,0.0478,1,0.0439,0.0427,0.0427,0.0427,1.0,427.0,944
2023-05-10 09:31:52,OP90002167,中证500ETF购12月7250,0.0427,0.0,0.0,0.0,30,0.0445,0.0478,1,0.0439,0.0427,0.0427,0.0427,1.0,427.0,944
2023-05-10 09:31:53,OP90002167,中证500ETF购12月7250,0.0427,0.0,0.0,0.0,10,0.045,0.0478,1,0.0439,0.0427,0.0427,0.0427,1.0,427.0,944
2023-05-10 09:31:53,OP90002167,中证500ETF购12月7250,0.0427,0.0,0.0,0.0,10,0.045,0.0478,1,0.0439,0.0427,0.0427,0.0427,1.0,427.0,944
2023-05-10 09:31:54,OP90002167,中证500ETF购12月7250,0.0427,0.0,0.0,0.0,10,0.045,0.0478,1,0.0439,0.0427,0.0427,0.0427,1.0,427.0,944
2023-05-10 09:31:55,OP90002167,中证500ETF购12月7250,0.0427,0.0,0.0,0.0,10,0.045,0.0478,1,0.0439,0.0427,0.0427,0.0427,1.0,427.0,944
2023-05-10 09:31:56,OP90002167,中证500ETF购12月7250,0.0427,0.0,0.0,0.0,10,0.045,0.0478,1,0.0439,0.0427,0.0427,0.0427,1.0,427.0,944
2023-05-10 09:31:57,OP90002167,中证500ETF购12月7250,0.0427,0.0,0.0,0.0,10,0.045,0.0478,1,0.0439,0.0427,0.0427,0.0427,1.0,427.0,944
2023-05-10 09:31:57,OP90002167,中证500ETF购12月7250,0.0427,0.0,0.0,0.0,10,0.045,0.0478,1,0.0439,0.0427,0.0427,0.0427,1.0,427.0,944
2023-05-10 09:31:58,OP90002167,中证500ETF购12月7250,0.0427,0.0,0.0,0.0,10,0.045,0.0478,1,0.0439,0.0427,0.0427,0.0427,1.0,427.0,944
2023-05-10 09:31:59,OP90002167,中证500ETF购12月7250,0.0427,0.0,0.0,0.0,10,0.045,0.0478,1,0.0439,0.0427,0.0427,0.0427,1.0,427.0,944
2023-05-10 09:32:00,OP90002167,中证500ETF购12月7250,0.0427,0.0,0.0,0.0,10,0.045,0.0478,1,0.0439,0.0427,0.0427,0.0427,1.0,427.0,944
2023-05-10 09:32:00,OP90002167,中证500ETF购12月7250,0.0427,0.0,0.0,0.0,10,0.045,0.0478,1,0.0439,0.0427,0.0427,0.0427,1.0,427.0,944
2023-05-10 09:32:01,OP90002167,中证500ETF购12月7250,0.0427,0.0,0.0,0.0,10,0.045,0.0478,1,0.0439,0.0427,0.0427,0.0427,1.0,427.0,944
2023-05-10 09:32:01,OP90002167,中证500ETF购12月7250,0.0427,0.0,0.0,0.0,10,0.045,0.0485,20,0.0439,0.0427,0.0427,0.0427,1.0,427.0,944
2023-05-10 09:32:02,OP90002167,中证500ETF购12月7250,0.0427,0.0,0.0,0.0,30,0.045,0.0486,20,0.0439,0.0427,0.0427,0.0427,1.0,427.0,944
2023-05-10 09:32:02,OP90002167,中证500ETF购12月7250,0.0427,0.0,0.0,0.0,30,0.045,0.0486,20,0.0439,0.0427,0.0427,0.0427,1.0,427.0,944
2023-05-10 09:32:03,OP90002167,中证500ETF购12月7250,0.0427,0.0,0.0,0.0,30,0.045,0.0486,20,0.0439,0.0427,0.0427,0.0427,1.0,427.0,944
2023-05-10 09:32:03,OP90002167,中证500ETF购12月7250,0.0427,0.0,0.0,0.0,30,0.045,0.0486,20,0.0439,0.0427,0.0427,0.0427,1.0,427.0,944
2023-05-10 09:32:04,OP90002167,中证500ETF购12月7250,0.0427,0.0,0.0,0.0,30,0.045,0.0485,20,0.0439,0.0427,0.0427,0.0427,1.0,427.0,944
2023-05-10 09:32:05,OP90002167,中证500ETF购12月7250,0.0427,0.0,0.0,0.0,30,0.045,0.0485,20,0.0439,0.0427,0.0427,0.0427,1.0,427.0,944
2023-05-10 09:32:05,OP90002167,中证500ETF购12月7250,0.0427,0.0,0.0,0.0,10,0.0456,0.0485,20,0.0439,0.0427,0.0427,0.0427,1.0,427.0,944
2023-05-10 09:32:06,OP90002167,中证500ETF购12月7250,0.0427,0.0,0.0,0.0,10,0.0456,0.0485,20,0.0439,0.0427,0.0427,0.0427,1.0,427.0,944
2023-05-10 09:32:06,OP90002167,中证500ETF购12月7250,0.0427,0.0,0.0,0.0,10,0.0456,0.0486,20,0.0439,0.0427,0.0427,0.0427,1.0,427.0,944
2023-05-10 09:32:07,OP90002167,中证500ETF购12月7250,0.0427,0.0,0.0,0.0,10,0.0456,0.0486,20,0.0439,0.0427,0.0427,0.0427,1.0,427.0,944
2023-05-10 09:32:07,OP90002167,中证500ETF购12月7250,0.0427,0.0,0.0,0.0,10,0.0456,0.0486,20,0.0439,0.0427,0.0427,0.0427,1.0,427.0,944
2023-05-10 09:32:08,OP90002167,中证500ETF购12月7250,0.0427,0.0,0.0,0.0,10,0.0456,0.0486,20,0.0439,0.0427,0.0427,0.0427,1.0,427.0,944
2023-05-10 09:32:08,OP90002167,中证500ETF购12月7250,0.0427,0.0,0.0,0.0,10,0.0456,0.0486,20,0.0439,0.0427,0.0427,0.0427,1.0,427.0,944
2023-05-10 09:32:09,OP90002167,中证500ETF购12月7250,0.0427,0.0,0.0,0.0,10,0.0456,0.0486,20,0.0439,0.0427,0.0427,0.0427,1.0,427.0,944
2023-05-10 09:32:10,OP90002167,中证500ETF购12月7250,0.0427,0.0,0.0,0.0,10,0.0456,0.0486,20,0.0439,0.0427,0.0427,0.0427,1.0,427.0,944
2023-05-10 09:32:12,OP90002167,中证500ETF购12月7250,0.0427,0.0,0.0,0.0,10,0.0456,0.0486,21,0.0439,0.0427,0.0427,0.0427,1.0,427.0,944
2023-05-10 09:32:12,OP90002167,中证500ETF购12月7250,0.0427,0.0,0.0,0.0,10,0.0456,0.0485,20,0.0439,0.0427,0.0427,0.0427,1.0,427.0,944
2023-05-10 09:32:15,OP90002167,中证500ETF购12月7250,0.0427,0.0,0.0,0.0,10,0.0456,0.0485,20,0.0439,0.0427,0.0427,0.0427,1.0,427.0,944
2023-05-10 09:32:15,OP90002167,中证500ETF购12月7250,0.0427,0.0,0.0,0.0,10,0.0456,0.0485,20,0.0439,0.0427,0.0427,0.0427,1.0,427.0,944
2023-05-10 09:32:21,OP90002167,中证500ETF购12月7250,0.0427,0.0,0.0,0.0,10,0.0456,0.0485,20,0.0439,0.0427,0.0427,0.0427,1.0,427.0,944
2023-05-10 09:32:23,OP90002167,中证500ETF购12月7250,0.0427,0.0,0.0,0.0,10,0.0456,0.0485,21,0.0439,0.0427,0.0427,0.0427,1.0,427.0,944
2023-05-10 09:32:24,OP90002167,中证500ETF购12月7250,0.0427,0.0,0.0,0.0,10,0.0456,0.0484,20,0.0439,0.0427,0.0427,0.0427,1.0,427.0,944
2023-05-10 09:32:24,OP90002167,中证500ETF购12月7250,0.0427,0.0,0.0,0.0,10,0.0456,0.0484,20,0.0439,0.0427,0.0427,0.0427,1.0,427.0,944
2023-05-10 09:32:25,OP90002167,中证500ETF购12月7250,0.0427,0.0,0.0,0.0,10,0.0456,0.0484,20,0.0439,0.0427,0.0427,0.0427,1.0,427.0,944
2023-05-10 09:32:25,OP90002167,中证500ETF购12月7250,0.0427,0.0,0.0,0.0,10,0.0456,0.0484,20,0.0439,0.0427,0.0427,0.0427,1.0,427.0,944
2023-05-10 09:32:28,OP90002167,中证500ETF购12月7250,0.0427,0.0,0.0,0.0,10,0.0456,0.0484,20,0.0439,0.0427,0.0427,0.0427,1.0,427.0,944
2023-05-10 09:32:28,OP90002167,中证500ETF购12月7250,0.0427,0.0,0.0,0.0,10,0.0456,0.0484,20,0.0439,0.0427,0.0427,0.0427,1.0,427.0,944
2023-05-10 09:32:29,OP90002167,中证500ETF购12月7250,0.0427,0.0,0.0,0.0,10,0.0456,0.0484,20,0.0439,0.0427,0.0427,0.0427,1.0,427.0,944
2023-05-10 09:32:30,OP90002167,中证500ETF购12月7250,0.0427,0.0,0.0,0.0,10,0.0456,0.0484,20,0.0439,0.0427,0.0427,0.0427,1.0,427.0,944
2023-05-10 09:32:31,OP90002167,中证500ETF购12月7250,0.0427,0.0,0.0,0.0,10,0.0456,0.0484,20,0.0439,0.0427,0.0427,0.0427,1.0,427.0,944
2023-05-10 09:32:32,OP90002167,中证500ETF购12月7250,0.0427,0.0,0.0,0.0,10,0.0456,0.0484,20,0.0439,0.0427,0.0427,0.0427,1.0,427.0,944
2023-05-10 09:32:33,OP90002167,中证500ETF购12月7250,0.0427,0.0,0.0,0.0,10,0.0456,0.0484,20,0.0439,0.0427,0.0427,0.0427,1.0,427.0,944
2023-05-10 09:32:33,OP90002167,中证500ETF购12月7250,0.0427,0.0,0.0,0.0,10,0.0456,0.0484,20,0.0439,0.0427,0.0427,0.0427,1.0,427.0,944
2023-05-10 09:32:34,OP90002167,中证500ETF购12月7250,0.0427,0.0,0.0,0.0,10,0.0456,0.0484,20,0.0439,0.0427,0.0427,0.0427,1.0,427.0,944
2023-05-10 09:32:35,OP90002167,中证500ETF购12月7250,0.0427,0.0,0.0,0.0,10,0.0456,0.0484,20,0.0439,0.0427,0.0427,0.0427,1.0,427.0,944
2023-05-10 09:32:37,OP90002167,中证500ETF购12月7250,0.0427,0.0,0.0,0.0,10,0.0456,0.0484,20,0.0439,0.0427,0.0427,0.0427,1.0,427.0,944
2023-05-10 09:32:38,OP90002167,中证500ETF购12月7250,0.0427,0.0,0.0,0.0,10,0.0456,0.0484,20,0.0439,0.0427,0.0427,0.0427,1.0,427.0,944
2023-05-10 09:32:38,OP90002167,中证500ETF购12月7250,0.0427,0.0,0.0,0.0,10,0.0456,0.0484,21,0.0439,0.0427,0.0427,0.0427,1.0,427.0,944
2023-05-10 09:32:39,OP90002167,中证500ETF购12月7250,0.0427,0.0,0.0,0.0,10,0.0456,0.0483,20,0.0439,0.0427,0.0427,0.0427,1.0,427.0,944
2023-05-10 09:32:42,OP90002167,中证500ETF购12月7250,0.0427,0.0,0.0,0.0,10,0.0456,0.0483,20,0.0439,0.0427,0.0427,0.0427,1.0,427.0,944
2023-05-10 09:32:45,OP90002167,中证500ETF购12月7250,0.0427,0.0,0.0,0.0,10,0.0456,0.0483,20,0.0439,0.0427,0.0427,0.0427,1.0,427.0,944
2023-05-10 09:32:45,OP90002167,中证500ETF购12月7250,0.0427,0.0,0.0,0.0,10,0.0456,0.0483,20,0.0439,0.0427,0.0427,0.0427,1.0,427.0,944
2023-05-10 09:32:46,OP90002167,中证500ETF购12月7250,0.0427,0.0,0.0,0.0,10,0.0456,0.0483,20,0.0439,0.0427,0.0427,0.0427,1.0,427.0,944
2023-05-10 09:32:47,OP90002167,中证500ETF购12月7250,0.0427,0.0,0.0,0.0,10,0.0456,0.0482,10,0.0439,0.0427,0.0427,0.0427,1.0,427.0,944
2023-05-10 09:32:47,OP90002167,中证500ETF购12月7250,0.0427,0.0,0.0,0.0,30,0.0448,0.0481,20,0.0439,0.0427,0.0427,0.0427,1.0,427.0,944
2023-05-10 09:32:48,OP90002167,中证500ETF购12月7250,0.0427,0.0,0.0,0.0,30,0.0448,0.0481,20,0.0439,0.0427,0.0427,0.0427,1.0,427.0,944
2023-05-10 09:32:48,OP90002167,中证500ETF购12月7250,0.0427,0.0,0.0,0.0,30,0.0448,0.0481,20,0.0439,0.0427,0.0427,0.0427,1.0,427.0,944
2023-05-10 09:32:49,OP90002167,中证500ETF购12月7250,0.0427,0.0,0.0,0.0,30,0.0448,0.0481,20,0.0439,0.0427,0.0427,0.0427,1.0,427.0,944
2023-05-10 09:32:52,OP90002167,中证500ETF购12月7250,0.0427,0.0,0.0,0.0,30,0.0448,0.0481,20,0.0439,0.0427,0.0427,0.0427,1.0,427.0,944
2023-05-10 09:32:53,OP90002167,中证500ETF购12月7250,0.0427,0.0,0.0,0.0,30,0.0448,0.0481,20,0.0439,0.0427,0.0427,0.0427,1.0,427.0,944
2023-05-10 09:32:54,OP90002167,中证500ETF购12月7250,0.0427,0.0,0.0,0.0,30,0.0448,0.0481,20,0.0439,0.0427,0.0427,0.0427,1.0,427.0,944
2023-05-10 09:32:55,OP90002167,中证500ETF购12月7250,0.0427,0.0,0.0,0.0,30,0.0448,0.0481,20,0.0439,0.0427,0.0427,0.0427,1.0,427.0,944
2023-05-10 09:32:56,OP90002167,中证500ETF购12月7250,0.0427,0.0,0.0,0.0,30,0.0448,0.0481,20,0.0439,0.0427,0.0427,0.0427,1.0,427.0,944
2023-05-10 09:32:56,OP90002167,中证500ETF购12月7250,0.0427,0.0,0.0,0.0,30,0.0448,0.0481,20,0.0439,0.0427,0.0427,0.0427,1.0,427.0,944
2023-05-10 09:32:57,OP90002167,中证500ETF购12月7250,0.0427,0.0,0.0,0.0,30,0.0448,0.0481,20,0.0439,0.0427,0.0427,0.0427,1.0,427.0,944
2023-05-10 09:32:59,OP90002167,中证500ETF购12月7250,0.0427,0.0,0.0,0.0,30,0.0448,0.0481,20,0.0439,0.0427,0.0427,0.0427,1.0,427.0,944
2023-05-10 09:32:59,OP90002167,中证500ETF购12月7250,0.0427,0.0,0.0,0.0,30,0.0448,0.0481,20,0.0439,0.0427,0.0427,0.0427,1.0,427.0,944
2023-05-10 09:33:00,OP90002167,中证500ETF购12月7250,0.0427,0.0,0.0,0.0,30,0.0448,0.0481,20,0.0439,0.0427,0.0427,0.0427,1.0,427.0,944
2023-05-10 09:33:01,OP90002167,中证500ETF购12月7250,0.0427,0.0,0.0,0.0,30,0.0448,0.0481,20,0.0439,0.0427,0.0427,0.0427,1.0,427.0,944
2023-05-10 09:33:01,OP90002167,中证500ETF购12月7250,0.0427,0.0,0.0,0.0,40,0.0448,0.0481,20,0.0439,0.0427,0.0427,0.0427,1.0,427.0,944
2023-05-10 09:33:02,OP90002167,中证500ETF购12月7250,0.0427,0.0,0.0,0.0,30,0.0448,0.0481,20,0.0439,0.0427,0.0427,0.0427,1.0,427.0,944
2023-05-10 09:33:02,OP90002167,中证500ETF购12月7250,0.0427,0.0,0.0,0.0,30,0.0448,0.0481,20,0.0439,0.0427,0.0427,0.0427,1.0,427.0,944
2023-05-10 09:33:03,OP90002167,中证500ETF购12月7250,0.0427,0.0,0.0,0.0,15,0.0449,0.048,15,0.0439,0.0427,0.0427,0.0427,1.0,427.0,944
2023-05-10 09:33:03,OP90002167,中证500ETF购12月7250,0.0427,0.0,0.0,0.0,15,0.0449,0.0479,30,0.0439,0.0427,0.0427,0.0427,1.0,427.0,944
2023-05-10 09:33:04,OP90002167,中证500ETF购12月7250,0.0427,0.0,0.0,0.0,15,0.0449,0.0478,20,0.0439,0.0427,0.0427,0.0427,1.0,427.0,944
2023-05-10 09:33:04,OP90002167,中证500ETF购12月7250,0.0427,0.0,0.0,0.0,15,0.0449,0.0477,10,0.0439,0.0427,0.0427,0.0427,1.0,427.0,944
2023-05-10 09:33:05,OP90002167,中证500ETF购12月7250,0.0427,0.0,0.0,0.0,15,0.0449,0.0476,20,0.0439,0.0427,0.0427,0.0427,1.0,427.0,944
2023-05-10 09:33:05,OP90002167,中证500ETF购12月7250,0.0427,0.0,0.0,0.0,15,0.0449,0.0475,10,0.0439,0.0427,0.0427,0.0427,1.0,427.0,944
2023-05-10 09:33:06,OP90002167,中证500ETF购12月7250,0.0427,0.0,0.0,0.0,15,0.0449,0.0474,20,0.0439,0.0427,0.0427,0.0427,1.0,427.0,944
2023-05-10 09:33:06,OP90002167,中证500ETF购12月7250,0.0427,0.0,0.0,0.0,15,0.0449,0.0473,10,0.0439,0.0427,0.0427,0.0427,1.0,427.0,944
2023-05-10 09:33:07,OP90002167,中证500ETF购12月7250,0.0427,0.0,0.0,0.0,15,0.0449,0.0472,20,0.0439,0.0427,0.0427,0.0427,1.0,427.0,944
2023-05-10 09:33:07,OP90002167,中证500ETF购12月7250,0.0427,0.0,0.0,0.0,15,0.0449,0.0471,20,0.0439,0.0427,0.0427,0.0427,1.0,427.0,944
2023-05-10 09:33:08,OP90002167,中证500ETF购12月7250,0.0427,0.0,0.0,0.0,15,0.0449,0.047,30,0.0439,0.0427,0.0427,0.0427,1.0,427.0,944
2023-05-10 09:33:08,OP90002167,中证500ETF购12月7250,0.0427,0.0,0.0,0.0,15,0.0449,0.0469,20,0.0439,0.0427,0.0427,0.0427,1.0,427.0,944
2023-05-10 09:33:09,OP90002167,中证500ETF购12月7250,0.0427,0.0,0.0,0.0,15,0.0449,0.0468,30,0.0439,0.0427,0.0427,0.0427,1.0,427.0,944
2023-05-10 09:33:09,OP90002167,中证500ETF购12月7250,0.0427,0.0,0.0,0.0,15,0.0449,0.0467,20,0.0439,0.0427,0.0427,0.0427,1.0,427.0,944
2023-05-10 09:33:10,OP90002167,中证500ETF购12月7250,0.0427,0.0,0.0,0.0,15,0.0449,0.0466,10,0.0439,0.0427,0.0427,0.0427,1.0,427.0,944
2023-05-10 09:33:10,OP90002167,中证500ETF购12月7250,0.0427,0.0,0.0,0.0,15,0.0449,0.0465,20,0.0439,0.0427,0.0427,0.0427,1.0,427.0,944
2023-05-10 09:33:11,OP90002167,中证500ETF购12月7250,0.0427,0.0,0.0,0.0,15,0.0449,0.0464,10,0.0439,0.0427,0.0427,0.0427,1.0,427.0,944
2023-05-10 09:33:11,OP90002167,中证500ETF购12月7250,0.0427,0.0,0.0,0.0,15,0.0449,0.0463,20,0.0439,0.0427,0.0427,0.0427,1.0,427.0,944
2023-05-10 09:33:12,OP90002167,中证500ETF购12月7250,0.0427,0.0,0.0,0.0,15,0.0449,0.0462,10,0.0439,0.0427,0.0427,0.0427,1.0,427.0,944
2023-05-10 09:33:12,OP90002167,中证500ETF购12月7250,0.0427,0.0,0.0,0.0,15,0.0449,0.0461,20,0.0439,0.0427,0.0427,0.0427,1.0,427.0,944
2023-05-10 09:33:13,OP90002167,中证500ETF购12月7250,0.0427,0.0,0.0,0.0,65,0.0449,0.046,30,0.0439,0.0427,0.0427,0.0427,1.0,427.0,944
2023-05-10 09:33:13,OP90002167,中证500ETF购12月7250,0.0427,0.0,0.0,0.0,55,0.0449,0.0459,20,0.0439,0.0427,0.0427,0.0427,1.0,427.0,944
2023-05-10 09:33:14,OP90002167,中证500ETF购12月7250,0.0427,0.0,0.0,0.0,45,0.0449,0.0458,10,0.0439,0.0427,0.0427,0.0427,1.0,427.0,944
2023-05-10 09:33:14,OP90002167,中证500ETF购12月7250,0.0427,0.0,0.0,0.0,75,0.0449,0.0459,20,0.0439,0.0427,0.0427,0.0427,1.0,427.0,944
2023-05-10 09:33:15,OP90002167,中证500ETF购12月7250,0.0427,0.0,0.0,0.0,45,0.0449,0.0458,10,0.0439,0.0427,0.0427,0.0427,1.0,427.0,944
2023-05-10 09:33:15,OP90002167,中证500ETF购12月7250,0.0427,0.0,0.0,0.0,65,0.0449,0.0459,20,0.0439,0.0427,0.0427,0.0427,1.0,427.0,944
2023-05-10 09:33:16,OP90002167,中证500ETF购12月7250,0.0427,0.0,0.0,0.0,35,0.0449,0.0458,10,0.0439,0.0427,0.0427,0.0427,1.0,427.0,944
2023-05-10 09:33:16,OP90002167,中证500ETF购12月7250,0.0427,0.0,0.0,0.0,55,0.0449,0.0459,20,0.0439,0.0427,0.0427,0.0427,1.0,427.0,944
2023-05-10 09:33:17,OP90002167,中证500ETF购12月7250,0.0427,0.0,0.0,0.0,15,0.0449,0.0458,10,0.0439,0.0427,0.0427,0.0427,1.0,427.0,944
2023-05-10 09:33:17,OP90002167,中证500ETF购12月7250,0.0427,0.0,0.0,0.0,35,0.0449,0.0459,20,0.0439,0.0427,0.0427,0.0427,1.0,427.0,944
2023-05-10 09:33:18,OP90002167,中证500ETF购12月7250,0.0427,0.0,0.0,0.0,35,0.0449,0.0458,10,0.0439,0.0427,0.0427,0.0427,1.0,427.0,944
2023-05-10 09:33:18,OP90002167,中证500ETF购12月7250,0.0427,0.0,0.0,0.0,35,0.0449,0.0458,10,0.0439,0.0427,0.0427,0.0427,1.0,427.0,944
2023-05-10 09:33:19,OP90002167,中证500ETF购12月7250,0.0427,0.0,0.0,0.0,15,0.0449,0.0458,30,0.0439,0.0427,0.0427,0.0427,1.0,427.0,944
2023-05-10 09:33:19,OP90002167,中证500ETF购12月7250,0.0427,0.0,0.0,0.0,15,0.0449,0.0458,20,0.0439,0.0427,0.0427,0.0427,1.0,427.0,944
2023-05-10 09:33:20,OP90002167,中证500ETF购12月7250,0.0427,0.0,0.0,0.0,15,0.0449,0.0457,10,0.0439,0.0427,0.0427,0.0427,1.0,427.0,944
2023-05-10 09:33:20,OP90002167,中证500ETF购12月7250,0.0427,0.0,0.0,0.0,15,0.0449,0.0458,20,0.0439,0.0427,0.0427,0.0427,1.0,427.0,944
2023-05-10 09:33:21,OP90002167,中证500ETF购12月7250,0.0427,0.0,0.0,0.0,15,0.0449,0.0457,10,0.0439,0.0427,0.0427,0.0427,1.0,427.0,944
2023-05-10 09:33:21,OP90002167,中证500ETF购12月7250,0.0427,0.0,0.0,0.0,35,0.0449,0.0459,20,0.0439,0.0427,0.0427,0.0427,1.0,427.0,944
2023-05-10 09:33:22,OP90002167,中证500ETF购12月7250,0.0427,0.0,0.0,0.0,80,0.0447,0.0458,10,0.0439,0.0427,0.0427,0.0427,1.0,427.0,944
2023-05-10 09:33:22,OP90002167,中证500ETF购12月7250,0.0427,0.0,0.0,0.0,35,0.0448,0.0459,20,0.0439,0.0427,0.0427,0.0427,1.0,427.0,944
2023-05-10 09:33:23,OP90002167,中证500ETF购12月7250,0.0427,0.0,0.0,0.0,15,0.0448,0.0458,30,0.0439,0.0427,0.0427,0.0427,1.0,427.0,944
2023-05-10 09:33:23,OP90002167,中证500ETF购12月7250,0.0427,0.0,0.0,0.0,35,0.0448,0.0458,20,0.0439,0.0427,0.0427,0.0427,1.0,427.0,944
2023-05-10 09:33:24,OP90002167,中证500ETF购12月7250,0.0427,0.0,0.0,0.0,35,0.0448,0.0457,10,0.0439,0.0427,0.0427,0.0427,1.0,427.0,944
2023-05-10 09:33:24,OP90002167,中证500ETF购12月7250,0.0427,0.0,0.0,0.0,35,0.0448,0.0457,10,0.0439,0.0427,0.0427,0.0427,1.0,427.0,944
2023-05-10 09:33:25,OP90002167,中证500ETF购12月7250,0.0427,0.0,0.0,0.0,20,0.0449,0.0457,10,0.0439,0.0427,0.0427,0.0427,1.0,427.0,944
2023-05-10 09:33:26,OP90002167,中证500ETF购12月7250,0.0427,0.0,0.0,0.0,20,0.0449,0.0459,20,0.0439,0.0427,0.0427,0.0427,1.0,427.0,944
2023-05-10 09:33:26,OP90002167,中证500ETF购12月7250,0.0427,0.0,0.0,0.0,20,0.0449,0.0458,10,0.0439,0.0427,0.0427,0.0427,1.0,427.0,944
2023-05-10 09:33:27,OP90002167,中证500ETF购12月7250,0.0427,0.0,0.0,0.0,20,0.0446,0.0458,10,0.0439,0.0427,0.0427,0.0427,1.0,427.0,944
2023-05-10 09:33:27,OP90002167,中证500ETF购12月7250,0.0427,0.0,0.0,0.0,15,0.0447,0.046,40,0.0439,0.0427,0.0427,0.0427,1.0,427.0,944
2023-05-10 09:33:28,OP90002167,中证500ETF购12月7250,0.0427,0.0,0.0,0.0,20,0.0448,0.0459,10,0.0439,0.0427,0.0427,0.0427,1.0,427.0,944
2023-05-10 09:33:28,OP90002167,中证500ETF购12月7250,0.0427,0.0,0.0,0.0,15,0.0449,0.0459,10,0.0439,0.0427,0.0427,0.0427,1.0,427.0,944
2023-05-10 09:33:29,OP90002167,中证500ETF购12月7250,0.0427,0.0,0.0,0.0,20,0.0448,0.0458,20,0.0439,0.0427,0.0427,0.0427,1.0,427.0,944
2023-05-10 09:33:29,OP90002167,中证500ETF购12月7250,0.0427,0.0,0.0,0.0,15,0.0448,0.0459,30,0.0439,0.0427,0.0427,0.0427,1.0,427.0,944
2023-05-10 09:33:30,OP90002167,中证500ETF购12月7250,0.0427,0.0,0.0,0.0,20,0.0449,0.0459,20,0.0439,0.0427,0.0427,0.0427,1.0,427.0,944
2023-05-10 09:33:30,OP90002167,中证500ETF购12月7250,0.0427,0.0,0.0,0.0,15,0.0449,0.0458,10,0.0439,0.0427,0.0427,0.0427,1.0,427.0,944
2023-05-10 09:33:31,OP90002167,中证500ETF购12月7250,0.0427,0.0,0.0,0.0,20,0.0449,0.046,20,0.0439,0.0427,0.0427,0.0427,1.0,427.0,944
2023-05-10 09:33:31,OP90002167,中证500ETF购12月7250,0.0427,0.0,0.0,0.0,20,0.0449,0.0459,20,0.0439,0.0427,0.0427,0.0427,1.0,427.0,944
2023-05-10 09:33:32,OP90002167,中证500ETF购12月7250,0.0427,0.0,0.0,0.0,20,0.0447,0.0458,10,0.0439,0.0427,0.0427,0.0427,1.0,427.0,944
2023-05-10 09:33:32,OP90002167,中证500ETF购12月7250,0.0427,0.0,0.0,0.0,15,0.0448,0.0457,20,0.0439,0.0427,0.0427,0.0427,1.0,427.0,944
2023-05-10 09:33:33,OP90002167,中证500ETF购12月7250,0.0427,0.0,0.0,0.0,15,0.0448,0.0456,10,0.0439,0.0427,0.0427,0.0427,1.0,427.0,944
2023-05-10 09:33:33,OP90002167,中证500ETF购12月7250,0.0427,0.0,0.0,0.0,35,0.0448,0.0458,20,0.0439,0.0427,0.0427,0.0427,1.0,427.0,944
2023-05-10 09:33:34,OP90002167,中证500ETF购12月7250,0.0427,0.0,0.0,0.0,20,0.0447,0.0457,30,0.0439,0.0427,0.0427,0.0427,1.0,427.0,944
2023-05-10 09:33:34,OP90002167,中证500ETF购12月7250,0.0427,0.0,0.0,0.0,20,0.0447,0.0459,20,0.0439,0.0427,0.0427,0.0427,1.0,427.0,944
2023-05-10 09:33:35,OP90002167,中证500ETF购12月7250,0.0427,0.0,0.0,0.0,15,0.0447,0.0458,10,0.0439,0.0427,0.0427,0.0427,1.0,427.0,944
2023-05-10 09:33:35,OP90002167,中证500ETF购12月7250,0.0427,0.0,0.0,0.0,20,0.0448,0.0458,30,0.0439,0.0427,0.0427,0.0427,1.0,427.0,944
2023-05-10 09:33:36,OP90002167,中证500ETF购12月7250,0.0427,0.0,0.0,0.0,35,0.0448,0.0458,20,0.0439,0.0427,0.0427,0.0427,1.0,427.0,944
2023-05-10 09:33:36,OP90002167,中证500ETF购12月7250,0.0427,0.0,0.0,0.0,35,0.0448,0.0457,10,0.0439,0.0427,0.0427,0.0427,1.0,427.0,944
2023-05-10 09:33:37,OP90002167,中证500ETF购12月7250,0.0427,0.0,0.0,0.0,20,0.0448,0.0457,10,0.0439,0.0427,0.0427,0.0427,1.0,427.0,944
2023-05-10 09:33:37,OP90002167,中证500ETF购12月7250,0.0427,0.0,0.0,0.0,20,0.0446,0.0457,10,0.0439,0.0427,0.0427,0.0427,1.0,427.0,944
2023-05-10 09:33:38,OP90002167,中证500ETF购12月7250,0.0427,0.0,0.0,0.0,15,0.0447,0.0459,10,0.0439,0.0427,0.0427,0.0427,1.0,427.0,944
2023-05-10 09:33:38,OP90002167,中证500ETF购12月7250,0.0427,0.0,0.0,0.0,20,0.0448,0.0458,10,0.0439,0.0427,0.0427,0.0427,1.0,427.0,944
2023-05-10 09:33:39,OP90002167,中证500ETF购12月7250,0.0427,0.0,0.0,0.0,20,0.0448,0.0458,10,0.0439,0.0427,0.0427,0.0427,1.0,427.0,944
2023-05-10 09:33:39,OP90002167,中证500ETF购12月7250,0.0427,0.0,0.0,0.0,20,0.0447,0.0458,10,0.0439,0.0427,0.0427,0.0427,1.0,427.0,944
2023-05-10 09:33:40,OP90002167,中证500ETF购12月7250,0.0427,0.0,0.0,0.0,35,0.0447,0.046,20,0.0439,0.0427,0.0427,0.0427,1.0,427.0,944
2023-05-10 09:33:40,OP90002167,中证500ETF购12月7250,0.0427,0.0,0.0,0.0,20,0.0448,0.0459,10,0.0439,0.0427,0.0427,0.0427,1.0,427.0,944
2023-05-10 09:33:41,OP90002167,中证500ETF购12月7250,0.0427,0.0,0.0,0.0,20,0.0448,0.0459,10,0.0439,0.0427,0.0427,0.0427,1.0,427.0,944
2023-05-10 09:33:41,OP90002167,中证500ETF购12月7250,0.0427,0.0,0.0,0.0,10,0.0446,0.0458,20,0.0439,0.0427,0.0427,0.0427,1.0,427.0,944
2023-05-10 09:33:42,OP90002167,中证500ETF购12月7250,0.0427,0.0,0.0,0.0,15,0.0447,0.0458,20,0.0439,0.0427,0.0427,0.0427,1.0,427.0,944
2023-05-10 09:33:42,OP90002167,中证500ETF购12月7250,0.0427,0.0,0.0,0.0,15,0.0447,0.0458,20,0.0439,0.0427,0.0427,0.0427,1.0,427.0,944
2023-05-10 09:33:43,OP90002167,中证500ETF购12月7250,0.0427,0.0,0.0,0.0,15,0.0447,0.0458,20,0.0439,0.0427,0.0427,0.0427,1.0,427.0,944
2023-05-10 09:33:43,OP90002167,中证500ETF购12月7250,0.0427,0.0,0.0,0.0,15,0.0447,0.0458,20,0.0439,0.0427,0.0427,0.0427,1.0,427.0,944
2023-05-10 09:33:45,OP90002167,中证500ETF购12月7250,0.0427,0.0,0.0,0.0,20,0.0445,0.0458,20,0.0439,0.0427,0.0427,0.0427,1.0,427.0,944
2023-05-10 09:33:45,OP90002167,中证500ETF购12月7250,0.0427,0.0,0.0,0.0,15,0.0446,0.0458,20,0.0439,0.0427,0.0427,0.0427,1.0,427.0,944
2023-05-10 09:33:47,OP90002167,中证500ETF购12月7250,0.0427,0.0,0.0,0.0,15,0.0446,0.0458,20,0.0439,0.0427,0.0427,0.0427,1.0,427.0,944
2023-05-10 09:33:47,OP90002167,中证500ETF购12月7250,0.0427,0.0,0.0,0.0,15,0.0446,0.0458,20,0.0439,0.0427,0.0427,0.0427,1.0,427.0,944
2023-05-10 09:33:48,OP90002167,中证500ETF购12月7250,0.0427,0.0,0.0,0.0,15,0.0446,0.0458,20,0.0439,0.0427,0.0427,0.0427,1.0,427.0,944
2023-05-10 09:33:49,OP90002167,中证500ETF购12月7250,0.0427,0.0,0.0,0.0,20,0.0445,0.0458,20,0.0439,0.0427,0.0427,0.0427,1.0,427.0,944
2023-05-10 09:33:50,OP90002167,中证500ETF购12月7250,0.0427,0.0,0.0,0.0,20,0.0445,0.0459,40,0.0439,0.0427,0.0427,0.0427,1.0,427.0,944
2023-05-10 09:33:50,OP90002167,中证500ETF购12月7250,0.0427,0.0,0.0,0.0,20,0.0445,0.046,60,0.0439,0.0427,0.0427,0.0427,1.0,427.0,944
2023-05-10 09:33:51,OP90002167,中证500ETF购12月7250,0.0427,0.0,0.0,0.0,20,0.0445,0.0459,10,0.0439,0.0427,0.0427,0.0427,1.0,427.0,944
2023-05-10 09:33:51,OP90002167,中证500ETF购12月7250,0.0427,0.0,0.0,0.0,20,0.0444,0.0459,10,0.0439,0.0427,0.0427,0.0427,1.0,427.0,944
2023-05-10 09:33:52,OP90002167,中证500ETF购12月7250,0.0427,0.0,0.0,0.0,20,0.0444,0.0459,10,0.0439,0.0427,0.0427,0.0427,1.0,427.0,944
2023-05-10 09:33:52,OP90002167,中证500ETF购12月7250,0.0427,0.0,0.0,0.0,20,0.0444,0.0458,20,0.0439,0.0427,0.0427,0.0427,1.0,427.0,944
2023-05-10 09:33:53,OP90002167,中证500ETF购12月7250,0.0427,0.0,0.0,0.0,20,0.0443,0.0459,30,0.0439,0.0427,0.0427,0.0427,1.0,427.0,944
2023-05-10 09:33:53,OP90002167,中证500ETF购12月7250,0.0427,0.0,0.0,0.0,35,0.0443,0.0459,20,0.0439,0.0427,0.0427,0.0427,1.0,427.0,944
2023-05-10 09:33:54,OP90002167,中证500ETF购12月7250,0.0427,0.0,0.0,0.0,20,0.0444,0.0458,10,0.0439,0.0427,0.0427,0.0427,1.0,427.0,944
2023-05-10 09:33:54,OP90002167,中证500ETF购12月7250,0.0427,0.0,0.0,0.0,20,0.0444,0.0458,10,0.0439,0.0427,0.0427,0.0427,1.0,427.0,944
2023-05-10 09:33:55,OP90002167,中证500ETF购12月7250,0.0427,0.0,0.0,0.0,20,0.0445,0.0458,10,0.0439,0.0427,0.0427,0.0427,1.0,427.0,944
2023-05-10 09:33:55,OP90002167,中证500ETF购12月7250,0.0427,0.0,0.0,0.0,20,0.0443,0.0458,10,0.0439,0.0427,0.0427,0.0427,1.0,427.0,944
2023-05-10 09:33:56,OP90002167,中证500ETF购12月7250,0.0427,0.0,0.0,0.0,30,0.0443,0.046,20,0.0439,0.0427,0.0427,0.0427,1.0,427.0,944
2023-05-10 09:33:56,OP90002167,中证500ETF购12月7250,0.0427,0.0,0.0,0.0,40,0.0441,0.0459,10,0.0439,0.0427,0.0427,0.0427,1.0,427.0,944
2023-05-10 09:33:57,OP90002167,中证500ETF购12月7250,0.0427,0.0,0.0,0.0,35,0.0442,0.0461,20,0.0439,0.0427,0.0427,0.0427,1.0,427.0,944
2023-05-10 09:33:57,OP90002167,中证500ETF购12月7250,0.0427,0.0,0.0,0.0,20,0.0443,0.046,10,0.0439,0.0427,0.0427,0.0427,1.0,427.0,944
2023-05-10 09:33:58,OP90002167,中证500ETF购12月7250,0.0427,0.0,0.0,0.0,20,0.0443,0.0461,20,0.0439,0.0427,0.0427,0.0427,1.0,427.0,944
2023-05-10 09:33:58,OP90002167,中证500ETF购12月7250,0.0427,0.0,0.0,0.0,60,0.0441,0.046,10,0.0439,0.0427,0.0427,0.0427,1.0,427.0,944
2023-05-10 09:33:59,OP90002167,中证500ETF购12月7250,0.0427,0.0,0.0,0.0,35,0.0442,0.0463,20,0.0439,0.0427,0.0427,0.0427,1.0,427.0,944
2023-05-10 09:33:59,OP90002167,中证500ETF购12月7250,0.0427,0.0,0.0,0.0,35,0.0442,0.0462,30,0.0439,0.0427,0.0427,0.0427,1.0,427.0,944
2023-05-10 09:34:00,OP90002167,中证500ETF购12月7250,0.0427,0.0,0.0,0.0,20,0.0443,0.0461,20,0.0439,0.0427,0.0427,0.0427,1.0,427.0,944
2023-05-10 09:34:00,OP90002167,中证500ETF购12月7250,0.0427,0.0,0.0,0.0,50,0.0441,0.046,10,0.0439,0.0427,0.0427,0.0427,1.0,427.0,944
2023-05-10 09:34:01,OP90002167,中证500ETF购12月7250,0.0427,0.0,0.0,0.0,35,0.0442,0.0461,20,0.0439,0.0427,0.0427,0.0427,1.0,427.0,944
2023-05-10 09:34:01,OP90002167,中证500ETF购12月7250,0.0427,0.0,0.0,0.0,25,0.0442,0.046,10,0.0439,0.0427,0.0427,0.0427,1.0,427.0,944
2023-05-10 09:34:02,OP90002167,中证500ETF购12月7250,0.0427,0.0,0.0,0.0,20,0.0443,0.046,20,0.0439,0.0427,0.0427,0.0427,1.0,427.0,944
2023-05-10 09:34:02,OP90002167,中证500ETF购12月7250,0.0427,0.0,0.0,0.0,60,0.0441,0.0459,10,0.0439,0.0427,0.0427,0.0427,1.0,427.0,944
2023-05-10 09:34:03,OP90002167,中证500ETF购12月7250,0.0427,0.0,0.0,0.0,20,0.0442,0.0461,20,0.0439,0.0427,0.0427,0.0427,1.0,427.0,944
2023-05-10 09:34:03,OP90002167,中证500ETF购12月7250,0.0427,0.0,0.0,0.0,20,0.0443,0.046,30,0.0439,0.0427,0.0427,0.0427,1.0,427.0,944
2023-05-10 09:34:04,OP90002167,中证500ETF购12月7250,0.0427,0.0,0.0,0.0,20,0.0442,0.0461,20,0.0439,0.0427,0.0427,0.0427,1.0,427.0,944
2023-05-10 09:34:04,OP90002167,中证500ETF购12月7250,0.0427,0.0,0.0,0.0,70,0.0441,0.046,20,0.0439,0.0427,0.0427,0.0427,1.0,427.0,944
2023-05-10 09:34:05,OP90002167,中证500ETF购12月7250,0.0427,0.0,0.0,0.0,65,0.0441,0.0459,10,0.0439,0.0427,0.0427,0.0427,1.0,427.0,944
2023-05-10 09:34:05,OP90002167,中证500ETF购12月7250,0.0427,0.0,0.0,0.0,75,0.0441,0.0462,20,0.0439,0.0427,0.0427,0.0427,1.0,427.0,944
2023-05-10 09:34:06,OP90002167,中证500ETF购12月7250,0.0427,0.0,0.0,0.0,65,0.0441,0.0461,10,0.0439,0.0427,0.0427,0.0427,1.0,427.0,944
2023-05-10 09:34:06,OP90002167,中证500ETF购12月7250,0.0427,0.0,0.0,0.0,20,0.0442,0.046,20,0.0439,0.0427,0.0427,0.0427,1.0,427.0,944
2023-05-10 09:34:07,OP90002167,中证500ETF购12月7250,0.0427,0.0,0.0,0.0,35,0.0442,0.046,20,0.0439,0.0427,0.0427,0.0427,1.0,427.0,944
2023-05-10 09:34:20,OP90002167,中证500ETF购12月7250,0.0427,0.0,0.0,0.0,60,0.0441,0.046,20,0.0439,0.0427,0.0427,0.0427,1.0,427.0,944
2023-05-10 09:34:20,OP90002167,中证500ETF购12月7250,0.0427,0.0,0.0,0.0,75,0.0441,0.046,20,0.0439,0.0427,0.0427,0.0427,1.0,427.0,944
2023-05-10 09:34:21,OP90002167,中证500ETF购12月7250,0.0427,0.0,0.0,0.0,55,0.0441,0.046,20,0.0439,0.0427,0.0427,0.0427,1.0,427.0,944
2023-05-10 09:34:21,OP90002167,中证500ETF购12月7250,0.0427,0.0,0.0,0.0,55,0.0441,0.046,20,0.0439,0.0427,0.0427,0.0427,1.0,427.0,944
2023-05-10 09:34:23,OP90002167,中证500ETF购12月7250,0.0427,0.0,0.0,0.0,20,0.0442,0.0461,30,0.0439,0.0427,0.0427,0.0427,1.0,427.0,944
2023-05-10 09:34:23,OP90002167,中证500ETF购12月7250,0.0427,0.0,0.0,0.0,35,0.0442,0.0461,20,0.0439,0.0427,0.0427,0.0427,1.0,427.0,944
2023-05-10 09:34:24,OP90002167,中证500ETF购12月7250,0.0427,0.0,0.0,0.0,15,0.0442,0.046,30,0.0439,0.0427,0.0427,0.0427,1.0,427.0,944
2023-05-10 09:34:24,OP90002167,中证500ETF购12月7250,0.0427,0.0,0.0,0.0,15,0.0442,0.0459,20,0.0439,0.0427,0.0427,0.0427,1.0,427.0,944
2023-05-10 09:34:25,OP90002167,中证500ETF购12月7250,0.0427,0.0,0.0,0.0,15,0.0442,0.0458,10,0.0439,0.0427,0.0427,0.0427,1.0,427.0,944
2023-05-10 09:34:25,OP90002167,中证500ETF购12月7250,0.0427,0.0,0.0,0.0,20,0.0443,0.0457,20,0.0439,0.0427,0.0427,0.0427,1.0,427.0,944
2023-05-10 09:34:26,OP90002167,中证500ETF购12月7250,0.0427,0.0,0.0,0.0,40,0.0441,0.0456,10,0.0439,0.0427,0.0427,0.0427,1.0,427.0,944
2023-05-10 09:34:26,OP90002167,中证500ETF购12月7250,0.0427,0.0,0.0,0.0,20,0.0442,0.0461,10,0.0439,0.0427,0.0427,0.0427,1.0,427.0,944
2023-05-10 09:34:27,OP90002167,中证500ETF购12月7250,0.0427,0.0,0.0,0.0,15,0.0443,0.046,10,0.0439,0.0427,0.0427,0.0427,1.0,427.0,944
2023-05-10 09:34:27,OP90002167,中证500ETF购12月7250,0.0427,0.0,0.0,0.0,20,0.0444,0.0463,30,0.0439,0.0427,0.0427,0.0427,1.0,427.0,944
2023-05-10 09:34:28,OP90002167,中证500ETF购12月7250,0.0427,0.0,0.0,0.0,20,0.0443,0.0462,10,0.0439,0.0427,0.0427,0.0427,1.0,427.0,944
2023-05-10 09:34:28,OP90002167,中证500ETF购12月7250,0.0427,0.0,0.0,0.0,30,0.0443,0.0462,10,0.0439,0.0427,0.0427,0.0427,1.0,427.0,944
2023-05-10 09:34:29,OP90002167,中证500ETF购12月7250,0.0427,0.0,0.0,0.0,20,0.0444,0.0464,10,0.0439,0.0427,0.0427,0.0427,1.0,427.0,944
2023-05-10 09:34:29,OP90002167,中证500ETF购12月7250,0.0427,0.0,0.0,0.0,20,0.0444,0.0463,10,0.0439,0.0427,0.0427,0.0427,1.0,427.0,944
2023-05-10 09:34:30,OP90002167,中证500ETF购12月7250,0.0427,0.0,0.0,0.0,20,0.0444,0.0467,60,0.0439,0.0427,0.0427,0.0427,1.0,427.0,944
2023-05-10 09:34:30,OP90002167,中证500ETF购12月7250,0.0427,0.0,0.0,0.0,20,0.0442,0.0466,25,0.0439,0.0427,0.0427,0.0427,1.0,427.0,944
2023-05-10 09:34:31,OP90002167,中证500ETF购12月7250,0.0427,0.0,0.0,0.0,20,0.0442,0.0466,15,0.0439,0.0427,0.0427,0.0427,1.0,427.0,944
2023-05-10 09:34:31,OP90002167,中证500ETF购12月7250,0.0427,0.0,0.0,0.0,20,0.0442,0.0465,10,0.0439,0.0427,0.0427,0.0427,1.0,427.0,944
2023-05-10 09:34:32,OP90002167,中证500ETF购12月7250,0.0427,0.0,0.0,0.0,20,0.0442,0.0464,15,0.0439,0.0427,0.0427,0.0427,1.0,427.0,944
2023-05-10 09:34:32,OP90002167,中证500ETF购12月7250,0.0427,0.0,0.0,0.0,20,0.0442,0.0464,15,0.0439,0.0427,0.0427,0.0427,1.0,427.0,944
2023-05-10 09:34:34,OP90002167,中证500ETF购12月7250,0.0427,0.0,0.0,0.0,20,0.0442,0.0464,15,0.0439,0.0427,0.0427,0.0427,1.0,427.0,944
2023-05-10 09:34:35,OP90002167,中证500ETF购12月7250,0.0427,0.0,0.0,0.0,20,0.0442,0.0465,10,0.0439,0.0427,0.0427,0.0427,1.0,427.0,944
2023-05-10 09:34:35,OP90002167,中证500ETF购12月7250,0.0427,0.0,0.0,0.0,35,0.0442,0.0465,15,0.0439,0.0427,0.0427,0.0427,1.0,427.0,944
2023-05-10 09:34:36,OP90002167,中证500ETF购12月7250,0.0427,0.0,0.0,0.0,20,0.0443,0.0464,10,0.0439,0.0427,0.0427,0.0427,1.0,427.0,944
2023-05-10 09:34:36,OP90002167,中证500ETF购12月7250,0.0427,0.0,0.0,0.0,35,0.0443,0.0469,40,0.0439,0.0427,0.0427,0.0427,1.0,427.0,944
2023-05-10 09:34:37,OP90002167,中证500ETF购12月7250,0.0427,0.0,0.0,0.0,20,0.0444,0.0468,10,0.0439,0.0427,0.0427,0.0427,1.0,427.0,944
2023-05-10 09:34:37,OP90002167,中证500ETF购12月7250,0.0427,0.0,0.0,0.0,20,0.0444,0.0467,15,0.0439,0.0427,0.0427,0.0427,1.0,427.0,944
2023-05-10 09:34:38,OP90002167,中证500ETF购12月7250,0.0427,0.0,0.0,0.0,20,0.0444,0.0466,10,0.0439,0.0427,0.0427,0.0427,1.0,427.0,944
2023-05-10 09:34:38,OP90002167,中证500ETF购12月7250,0.0427,0.0,0.0,0.0,20,0.0443,0.0465,15,0.0439,0.0427,0.0427,0.0427,1.0,427.0,944
2023-05-10 09:34:39,OP90002167,中证500ETF购12月7250,0.0427,0.0,0.0,0.0,20,0.0443,0.0465,15,0.0439,0.0427,0.0427,0.0427,1.0,427.0,944
2023-05-10 09:34:39,OP90002167,中证500ETF购12月7250,0.0427,0.0,0.0,0.0,20,0.0444,0.0465,15,0.0439,0.0427,0.0427,0.0427,1.0,427.0,944
2023-05-10 09:34:40,OP90002167,中证500ETF购12月7250,0.0427,0.0,0.0,0.0,20,0.0442,0.0465,15,0.0439,0.0427,0.0427,0.0427,1.0,427.0,944
2023-05-10 09:34:40,OP90002167,中证500ETF购12月7250,0.0427,0.0,0.0,0.0,20,0.0442,0.0465,15,0.0439,0.0427,0.0427,0.0427,1.0,427.0,944
2023-05-10 09:34:41,OP90002167,中证500ETF购12月7250,0.0427,0.0,0.0,0.0,20,0.0442,0.0465,15,0.0439,0.0427,0.0427,0.0427,1.0,427.0,944
2023-05-10 09:34:41,OP90002167,中证500ETF购12月7250,0.0427,0.0,0.0,0.0,20,0.0442,0.0465,15,0.0439,0.0427,0.0427,0.0427,1.0,427.0,944
2023-05-10 09:34:42,OP90002167,中证500ETF购12月7250,0.0427,0.0,0.0,0.0,20,0.0442,0.0465,15,0.0439,0.0427,0.0427,0.0427,1.0,427.0,944
2023-05-10 09:34:42,OP90002167,中证500ETF购12月7250,0.0427,0.0,0.0,0.0,20,0.0442,0.0465,15,0.0439,0.0427,0.0427,0.0427,1.0,427.0,944
2023-05-10 09:34:43,OP90002167,中证500ETF购12月7250,0.0427,0.0,0.0,0.0,20,0.0442,0.0465,15,0.0439,0.0427,0.0427,0.0427,1.0,427.0,944
2023-05-10 09:34:43,OP90002167,中证500ETF购12月7250,0.0427,0.0,0.0,0.0,20,0.0442,0.0465,15,0.0439,0.0427,0.0427,0.0427,1.0,427.0,944
2023-05-10 09:34:44,OP90002167,中证500ETF购12月7250,0.0427,0.0,0.0,0.0,20,0.0442,0.0465,15,0.0439,0.0427,0.0427,0.0427,1.0,427.0,944
2023-05-10 09:34:44,OP90002167,中证500ETF购12月7250,0.0427,0.0,0.0,0.0,20,0.0442,0.0465,15,0.0439,0.0427,0.0427,0.0427,1.0,427.0,944
2023-05-10 09:34:45,OP90002167,中证500ETF购12月7250,0.0427,0.0,0.0,0.0,20,0.0442,0.0465,15,0.0439,0.0427,0.0427,0.0427,1.0,427.0,944
2023-05-10 09:34:45,OP90002167,中证500ETF购12月7250,0.0427,0.0,0.0,0.0,20,0.0442,0.0465,15,0.0439,0.0427,0.0427,0.0427,1.0,427.0,944
2023-05-10 09:34:46,OP90002167,中证500ETF购12月7250,0.0427,0.0,0.0,0.0,20,0.0442,0.0465,15,0.0439,0.0427,0.0427,0.0427,1.0,427.0,944
2023-05-10 09:34:46,OP90002167,中证500ETF购12月7250,0.0427,0.0,0.0,0.0,20,0.0442,0.0465,15,0.0439,0.0427,0.0427,0.0427,1.0,427.0,944
2023-05-10 09:34:47,OP90002167,中证500ETF购12月7250,0.0427,0.0,0.0,0.0,20,0.0442,0.0465,15,0.0439,0.0427,0.0427,0.0427,1.0,427.0,944
2023-05-10 09:34:47,OP90002167,中证500ETF购12月7250,0.0427,0.0,0.0,0.0,20,0.0442,0.0465,15,0.0439,0.0427,0.0427,0.0427,1.0,427.0,944
2023-05-10 09:34:48,OP90002167,中证500ETF购12月7250,0.0427,0.0,0.0,0.0,20,0.0442,0.0465,15,0.0439,0.0427,0.0427,0.0427,1.0,427.0,944
2023-05-10 09:34:49,OP90002167,中证500ETF购12月7250,0.0427,0.0,0.0,0.0,20,0.0442,0.0465,15,0.0439,0.0427,0.0427,0.0427,1.0,427.0,944
2023-05-10 09:34:49,OP90002167,中证500ETF购12月7250,0.0427,0.0,0.0,0.0,20,0.0442,0.0465,15,0.0439,0.0427,0.0427,0.0427,1.0,427.0,944
2023-05-10 09:34:50,OP90002167,中证500ETF购12月7250,0.0427,0.0,0.0,0.0,20,0.0442,0.0465,15,0.0439,0.0427,0.0427,0.0427,1.0,427.0,944
2023-05-10 09:34:50,OP90002167,中证500ETF购12月7250,0.0427,0.0,0.0,0.0,20,0.0442,0.0465,15,0.0439,0.0427,0.0427,0.0427,1.0,427.0,944
2023-05-10 09:34:51,OP90002167,中证500ETF购12月7250,0.0427,0.0,0.0,0.0,40,0.0442,0.0465,15,0.0439,0.0427,0.0427,0.0427,1.0,427.0,944
2023-05-10 09:34:51,OP90002167,中证500ETF购12月7250,0.0427,0.0,0.0,0.0,20,0.0443,0.0465,15,0.0439,0.0427,0.0427,0.0427,1.0,427.0,944
2023-05-10 09:34:52,OP90002167,中证500ETF购12月7250,0.0427,0.0,0.0,0.0,30,0.0443,0.0465,15,0.0439,0.0427,0.0427,0.0427,1.0,427.0,944
2023-05-10 09:34:52,OP90002167,中证500ETF购12月7250,0.0427,0.0,0.0,0.0,20,0.0444,0.0466,10,0.0439,0.0427,0.0427,0.0427,1.0,427.0,944
2023-05-10 09:34:53,OP90002167,中证500ETF购12月7250,0.0427,0.0,0.0,0.0,20,0.0443,0.0466,15,0.0439,0.0427,0.0427,0.0427,1.0,427.0,944
2023-05-10 09:34:53,OP90002167,中证500ETF购12月7250,0.0427,0.0,0.0,0.0,20,0.0443,0.0465,10,0.0439,0.0427,0.0427,0.0427,1.0,427.0,944
2023-05-10 09:34:54,OP90002167,中证500ETF购12月7250,0.0427,0.0,0.0,0.0,20,0.0443,0.0465,25,0.0439,0.0427,0.0427,0.0427,1.0,427.0,944
2023-05-10 09:34:54,OP90002167,中证500ETF购12月7250,0.0427,0.0,0.0,0.0,20,0.0443,0.0465,15,0.0439,0.0427,0.0427,0.0427,1.0,427.0,944
2023-05-10 09:34:55,OP90002167,中证500ETF购12月7250,0.0427,0.0,0.0,0.0,20,0.0443,0.0464,10,0.0439,0.0427,0.0427,0.0427,1.0,427.0,944
2023-05-10 09:34:55,OP90002167,中证500ETF购12月7250,0.0427,0.0,0.0,0.0,20,0.0443,0.0464,25,0.0439,0.0427,0.0427,0.0427,1.0,427.0,944
2023-05-10 09:34:56,OP90002167,中证500ETF购12月7250,0.0427,0.0,0.0,0.0,20,0.0443,0.0468,1,0.0439,0.0427,0.0427,0.0427,1.0,427.0,944
2023-05-10 09:34:56,OP90002167,中证500ETF购12月7250,0.0427,0.0,0.0,0.0,40,0.0443,0.0467,15,0.0439,0.0427,0.0427,0.0427,1.0,427.0,944
2023-05-10 09:34:57,OP90002167,中证500ETF购12月7250,0.0427,0.0,0.0,0.0,20,0.0444,0.0466,10,0.0439,0.0427,0.0427,0.0427,1.0,427.0,944
2023-05-10 09:34:57,OP90002167,中证500ETF购12月7250,0.0427,0.0,0.0,0.0,20,0.0444,0.0465,15,0.0439,0.0427,0.0427,0.0427,1.0,427.0,944
2023-05-10 09:34:58,OP90002167,中证500ETF购12月7250,0.0427,0.0,0.0,0.0,20,0.0444,0.0465,15,0.0439,0.0427,0.0427,0.0427,1.0,427.0,944
2023-05-10 09:34:58,OP90002167,中证500ETF购12月7250,0.0427,0.0,0.0,0.0,20,0.0444,0.0466,10,0.0439,0.0427,0.0427,0.0427,1.0,427.0,944
2023-05-10 09:34:59,OP90002167,中证500ETF购12月7250,0.0427,0.0,0.0,0.0,20,0.0444,0.0466,15,0.0439,0.0427,0.0427,0.0427,1.0,427.0,944
2023-05-10 09:34:59,OP90002167,中证500ETF购12月7250,0.0427,0.0,0.0,0.0,20,0.0444,0.0465,10,0.0439,0.0427,0.0427,0.0427,1.0,427.0,944
2023-05-10 09:35:00,OP90002167,中证500ETF购12月7250,0.0427,0.0,0.0,0.0,20,0.0444,0.0465,25,0.0439,0.0427,0.0427,0.0427,1.0,427.0,944
2023-05-10 09:35:00,OP90002167,中证500ETF购12月7250,0.0427,0.0,0.0,0.0,20,0.0444,0.0465,15,0.0439,0.0427,0.0427,0.0427,1.0,427.0,944
2023-05-10 09:35:01,OP90002167,中证500ETF购12月7250,0.0427,0.0,0.0,0.0,20,0.0444,0.0464,10,0.0439,0.0427,0.0427,0.0427,1.0,427.0,944
2023-05-10 09:35:01,OP90002167,中证500ETF购12月7250,0.0427,0.0,0.0,0.0,20,0.0444,0.0468,11,0.0439,0.0427,0.0427,0.0427,1.0,427.0,944
2023-05-10 09:35:02,OP90002167,中证500ETF购12月7250,0.0427,0.0,0.0,0.0,20,0.0444,0.0467,15,0.0439,0.0427,0.0427,0.0427,1.0,427.0,944
2023-05-10 09:35:02,OP90002167,中证500ETF购12月7250,0.0427,0.0,0.0,0.0,20,0.0444,0.0466,10,0.0439,0.0427,0.0427,0.0427,1.0,427.0,944
2023-05-10 09:35:03,OP90002167,中证500ETF购12月7250,0.0427,0.0,0.0,0.0,20,0.0444,0.0465,15,0.0439,0.0427,0.0427,0.0427,1.0,427.0,944
2023-05-10 09:35:03,OP90002167,中证500ETF购12月7250,0.0427,0.0,0.0,0.0,20,0.0444,0.0465,15,0.0439,0.0427,0.0427,0.0427,1.0,427.0,944
2023-05-10 09:35:04,OP90002167,中证500ETF购12月7250,0.0427,0.0,0.0,0.0,20,0.0444,0.0465,15,0.0439,0.0427,0.0427,0.0427,1.0,427.0,944
2023-05-10 09:35:04,OP90002167,中证500ETF购12月7250,0.0427,0.0,0.0,0.0,20,0.0443,0.0465,15,0.0439,0.0427,0.0427,0.0427,1.0,427.0,944
2023-05-10 09:35:05,OP90002167,中证500ETF购12月7250,0.0427,0.0,0.0,0.0,20,0.0443,0.0465,15,0.0439,0.0427,0.0427,0.0427,1.0,427.0,944
2023-05-10 09:35:05,OP90002167,中证500ETF购12月7250,0.0427,0.0,0.0,0.0,20,0.0443,0.0466,10,0.0439,0.0427,0.0427,0.0427,1.0,427.0,944
2023-05-10 09:35:06,OP90002167,中证500ETF购12月7250,0.0427,0.0,0.0,0.0,20,0.0443,0.0466,15,0.0439,0.0427,0.0427,0.0427,1.0,427.0,944
2023-05-10 09:35:06,OP90002167,中证500ETF购12月7250,0.0427,0.0,0.0,0.0,20,0.0442,0.0465,10,0.0439,0.0427,0.0427,0.0427,1.0,427.0,944
2023-05-10 09:35:07,OP90002167,中证500ETF购12月7250,0.0427,0.0,0.0,0.0,35,0.0442,0.0465,25,0.0439,0.0427,0.0427,0.0427,1.0,427.0,944
2023-05-10 09:35:07,OP90002167,中证500ETF购12月7250,0.0427,0.0,0.0,0.0,20,0.0443,0.0467,10,0.0439,0.0427,0.0427,0.0427,1.0,427.0,944
2023-05-10 09:35:08,OP90002167,中证500ETF购12月7250,0.0427,0.0,0.0,0.0,35,0.0443,0.0466,25,0.0439,0.0427,0.0427,0.0427,1.0,427.0,944
2023-05-10 09:35:08,OP90002167,中证500ETF购12月7250,0.0427,0.0,0.0,0.0,20,0.0444,0.0466,15,0.0439,0.0427,0.0427,0.0427,1.0,427.0,944
2023-05-10 09:35:09,OP90002167,中证500ETF购12月7250,0.0427,0.0,0.0,0.0,20,0.0444,0.0465,10,0.0439,0.0427,0.0427,0.0427,1.0,427.0,944
2023-05-10 09:35:09,OP90002167,中证500ETF购12月7250,0.0427,0.0,0.0,0.0,20,0.0445,0.0465,10,0.0439,0.0427,0.0427,0.0427,1.0,427.0,944
2023-05-10 09:35:10,OP90002167,中证500ETF购12月7250,0.0427,0.0,0.0,0.0,20,0.0445,0.0465,10,0.0439,0.0427,0.0427,0.0427,1.0,427.0,944
2023-05-10 09:35:10,OP90002167,中证500ETF购12月7250,0.0427,0.0,0.0,0.0,20,0.0446,0.0465,10,0.0439,0.0427,0.0427,0.0427,1.0,427.0,944
2023-05-10 09:35:11,OP90002167,中证500ETF购12月7250,0.0427,0.0,0.0,0.0,20,0.0447,0.0465,10,0.0439,0.0427,0.0427,0.0427,1.0,427.0,944
2023-05-10 09:35:11,OP90002167,中证500ETF购12月7250,0.0427,0.0,0.0,0.0,20,0.0447,0.0467,1,0.0439,0.0427,0.0427,0.0427,1.0,427.0,944
2023-05-10 09:35:12,OP90002167,中证500ETF购12月7250,0.0427,0.0,0.0,0.0,20,0.0447,0.0466,15,0.0439,0.0427,0.0427,0.0427,1.0,427.0,944
2023-05-10 09:35:12,OP90002167,中证500ETF购12月7250,0.0427,0.0,0.0,0.0,20,0.0447,0.0465,10,0.0439,0.0427,0.0427,0.0427,1.0,427.0,944
2023-05-10 09:35:13,OP90002167,中证500ETF购12月7250,0.0427,0.0,0.0,0.0,20,0.0447,0.0464,20,0.0439,0.0427,0.0427,0.0427,1.0,427.0,944
2023-05-10 09:35:13,OP90002167,中证500ETF购12月7250,0.0427,0.0,0.0,0.0,20,0.0447,0.0464,20,0.0439,0.0427,0.0427,0.0427,1.0,427.0,944
2023-05-10 09:35:14,OP90002167,中证500ETF购12月7250,0.0427,0.0,0.0,0.0,20,0.0447,0.0464,20,0.0439,0.0427,0.0427,0.0427,1.0,427.0,944
2023-05-10 09:35:14,OP90002167,中证500ETF购12月7250,0.0427,0.0,0.0,0.0,20,0.0447,0.0464,20,0.0439,0.0427,0.0427,0.0427,1.0,427.0,944
2023-05-10 09:35:15,OP90002167,中证500ETF购12月7250,0.0427,0.0,0.0,0.0,20,0.0447,0.0464,20,0.0439,0.0427,0.0427,0.0427,1.0,427.0,944
2023-05-10 09:35:27,OP90002167,中证500ETF购12月7250,0.0427,0.0,0.0,0.0,20,0.0447,0.0464,20,0.0439,0.0427,0.0427,0.0427,1.0,427.0,944
2023-05-10 09:35:28,OP90002167,中证500ETF购12月7250,0.0427,0.0,0.0,0.0,20,0.0447,0.0464,35,0.0439,0.0427,0.0427,0.0427,1.0,427.0,944
2023-05-10 09:35:30,OP90002167,中证500ETF购12月7250,0.0427,0.0,0.0,0.0,20,0.0447,0.0464,20,0.0439,0.0427,0.0427,0.0427,1.0,427.0,944
2023-05-10 09:35:36,OP90002167,中证500ETF购12月7250,0.0427,0.0,0.0,0.0,20,0.0447,0.0464,20,0.0439,0.0427,0.0427,0.0427,1.0,427.0,944
2023-05-10 09:35:38,OP90002167,中证500ETF购12月7250,0.0427,0.0,0.0,0.0,20,0.0447,0.0464,20,0.0439,0.0427,0.0427,0.0427,1.0,427.0,944
2023-05-10 09:35:38,OP90002167,中证500ETF购12月7250,0.0427,0.0,0.0,0.0,20,0.0447,0.0464,35,0.0439,0.0427,0.0427,0.0427,1.0,427.0,944
2023-05-10 09:35:39,OP90002167,中证500ETF购12月7250,0.0427,0.0,0.0,0.0,20,0.0447,0.0464,35,0.0439,0.0427,0.0427,0.0427,1.0,427.0,944
2023-05-10 09:35:48,OP90002167,中证500ETF购12月7250,0.0427,0.0,0.0,0.0,20,0.0447,0.0464,20,0.0439,0.0427,0.0427,0.0427,1.0,427.0,944
2023-05-10 09:35:48,OP90002167,中证500ETF购12月7250,0.0427,0.0,0.0,0.0,20,0.0447,0.0464,20,0.0439,0.0427,0.0427,0.0427,1.0,427.0,944
2023-05-10 09:35:50,OP90002167,中证500ETF购12月7250,0.0427,0.0,0.0,0.0,20,0.0447,0.0464,20,0.0439,0.0427,0.0427,0.0427,1.0,427.0,944
2023-05-10 09:35:51,OP90002167,中证500ETF购12月7250,0.0427,0.0,0.0,0.0,20,0.0447,0.0464,20,0.0439,0.0427,0.0427,0.0427,1.0,427.0,944
2023-05-10 09:35:52,OP90002167,中证500ETF购12月7250,0.0427,0.0,0.0,0.0,20,0.0447,0.0463,15,0.0439,0.0427,0.0427,0.0427,1.0,427.0,944
2023-05-10 09:35:53,OP90002167,中证500ETF购12月7250,0.0427,0.0,0.0,0.0,20,0.0447,0.0464,20,0.0439,0.0427,0.0427,0.0427,1.0,427.0,944
2023-05-10 09:35:53,OP90002167,中证500ETF购12月7250,0.0427,0.0,0.0,0.0,20,0.0447,0.0463,10,0.0439,0.0427,0.0427,0.0427,1.0,427.0,944
2023-05-10 09:35:58,OP90002167,中证500ETF购12月7250,0.0427,0.0,0.0,0.0,20,0.0447,0.0463,10,0.0439,0.0427,0.0427,0.0427,1.0,427.0,944
2023-05-10 09:35:59,OP90002167,中证500ETF购12月7250,0.0427,0.0,0.0,0.0,20,0.0448,0.0463,30,0.0439,0.0427,0.0427,0.0427,1.0,427.0,944
2023-05-10 09:36:00,OP90002167,中证500ETF购12月7250,0.0427,0.0,0.0,0.0,20,0.0449,0.0463,20,0.0439,0.0427,0.0427,0.0427,1.0,427.0,944
2023-05-10 09:36:00,OP90002167,中证500ETF购12月7250,0.0427,0.0,0.0,0.0,20,0.0449,0.0462,10,0.0439,0.0427,0.0427,0.0427,1.0,427.0,944
2023-05-10 09:36:01,OP90002167,中证500ETF购12月7250,0.0427,0.0,0.0,0.0,20,0.0451,0.0462,10,0.0439,0.0427,0.0427,0.0427,1.0,427.0,944
2023-05-10 09:36:01,OP90002167,中证500ETF购12月7250,0.0427,0.0,0.0,0.0,20,0.0452,0.0462,10,0.0439,0.0427,0.0427,0.0427,1.0,427.0,944
2023-05-10 09:36:02,OP90002167,中证500ETF购12月7250,0.0427,0.0,0.0,0.0,20,0.0452,0.0462,10,0.0439,0.0427,0.0427,0.0427,1.0,427.0,944
2023-05-10 09:36:03,OP90002167,中证500ETF购12月7250,0.0427,0.0,0.0,0.0,20,0.0452,0.0464,10,0.0439,0.0427,0.0427,0.0427,1.0,427.0,944
2023-05-10 09:36:03,OP90002167,中证500ETF购12月7250,0.0427,0.0,0.0,0.0,20,0.0452,0.0463,10,0.0439,0.0427,0.0427,0.0427,1.0,427.0,944
2023-05-10 09:36:04,OP90002167,中证500ETF购12月7250,0.0427,0.0,0.0,0.0,20,0.0452,0.0466,50,0.0439,0.0427,0.0427,0.0427,1.0,427.0,944
2023-05-10 09:36:04,OP90002167,中证500ETF购12月7250,0.0427,0.0,0.0,0.0,20,0.0452,0.0465,25,0.0439,0.0427,0.0427,0.0427,1.0,427.0,944
2023-05-10 09:36:05,OP90002167,中证500ETF购12月7250,0.0427,0.0,0.0,0.0,20,0.0452,0.0466,20,0.0439,0.0427,0.0427,0.0427,1.0,427.0,944
2023-05-10 09:36:05,OP90002167,中证500ETF购12月7250,0.0427,0.0,0.0,0.0,20,0.0452,0.0465,10,0.0439,0.0427,0.0427,0.0427,1.0,427.0,944
2023-05-10 09:36:06,OP90002167,中证500ETF购12月7250,0.0427,0.0,0.0,0.0,20,0.0452,0.0465,10,0.0439,0.0427,0.0427,0.0427,1.0,427.0,944
2023-05-10 09:36:07,OP90002167,中证500ETF购12月7250,0.0427,0.0,0.0,0.0,40,0.0452,0.0465,10,0.0439,0.0427,0.0427,0.0427,1.0,427.0,944
2023-05-10 09:36:07,OP90002167,中证500ETF购12月7250,0.0427,0.0,0.0,0.0,20,0.0453,0.0465,10,0.0439,0.0427,0.0427,0.0427,1.0,427.0,944
2023-05-10 09:36:08,OP90002167,中证500ETF购12月7250,0.0427,0.0,0.0,0.0,20,0.0453,0.0465,10,0.0439,0.0427,0.0427,0.0427,1.0,427.0,944
2023-05-10 09:36:09,OP90002167,中证500ETF购12月7250,0.0427,0.0,0.0,0.0,20,0.0453,0.0465,10,0.0439,0.0427,0.0427,0.0427,1.0,427.0,944
2023-05-10 09:36:11,OP90002167,中证500ETF购12月7250,0.0427,0.0,0.0,0.0,20,0.0453,0.0465,10,0.0439,0.0427,0.0427,0.0427,1.0,427.0,944
2023-05-10 09:36:11,OP90002167,中证500ETF购12月7250,0.0427,0.0,0.0,0.0,20,0.0453,0.0465,10,0.0439,0.0427,0.0427,0.0427,1.0,427.0,944
2023-05-10 09:36:12,OP90002167,中证500ETF购12月7250,0.0427,0.0,0.0,0.0,20,0.0453,0.0465,10,0.0439,0.0427,0.0427,0.0427,1.0,427.0,944
2023-05-10 09:36:12,OP90002167,中证500ETF购12月7250,0.0427,0.0,0.0,0.0,20,0.0453,0.0465,10,0.0439,0.0427,0.0427,0.0427,1.0,427.0,944
2023-05-10 09:36:13,OP90002167,中证500ETF购12月7250,0.0427,0.0,0.0,0.0,20,0.0453,0.0466,30,0.0439,0.0427,0.0427,0.0427,1.0,427.0,944
2023-05-10 09:36:14,OP90002167,中证500ETF购12月7250,0.0427,0.0,0.0,0.0,20,0.0453,0.0466,20,0.0439,0.0427,0.0427,0.0427,1.0,427.0,944
2023-05-10 09:36:15,OP90002167,中证500ETF购12月7250,0.0427,0.0,0.0,0.0,20,0.0453,0.0466,20,0.0439,0.0427,0.0427,0.0427,1.0,427.0,944
2023-05-10 09:36:17,OP90002167,中证500ETF购12月7250,0.0427,0.0,0.0,0.0,20,0.0454,0.0467,40,0.0439,0.0427,0.0427,0.0427,1.0,427.0,944
2023-05-10 09:36:18,OP90002167,中证500ETF购12月7250,0.0427,0.0,0.0,0.0,20,0.0455,0.0467,10,0.0439,0.0427,0.0427,0.0427,1.0,427.0,944
2023-05-10 09:36:18,OP90002167,中证500ETF购12月7250,0.0427,0.0,0.0,0.0,20,0.0455,0.0469,100,0.0439,0.0427,0.0427,0.0427,1.0,427.0,944
2023-05-10 09:36:19,OP90002167,中证500ETF购12月7250,0.0427,0.0,0.0,0.0,20,0.0455,0.0468,15,0.0439,0.0427,0.0427,0.0427,1.0,427.0,944
2023-05-10 09:36:19,OP90002167,中证500ETF购12月7250,0.0427,0.0,0.0,0.0,20,0.0455,0.0468,15,0.0439,0.0427,0.0427,0.0427,1.0,427.0,944
2023-05-10 09:36:20,OP90002167,中证500ETF购12月7250,0.0427,0.0,0.0,0.0,20,0.0455,0.0469,70,0.0439,0.0427,0.0427,0.0427,1.0,427.0,944
2023-05-10 09:36:20,OP90002167,中证500ETF购12月7250,0.0427,0.0,0.0,0.0,20,0.0455,0.0469,70,0.0439,0.0427,0.0427,0.0427,1.0,427.0,944
2023-05-10 09:36:21,OP90002167,中证500ETF购12月7250,0.0427,0.0,0.0,0.0,20,0.0455,0.0469,60,0.0439,0.0427,0.0427,0.0427,1.0,427.0,944
2023-05-10 09:36:21,OP90002167,中证500ETF购12月7250,0.0427,0.0,0.0,0.0,20,0.0455,0.0469,50,0.0439,0.0427,0.0427,0.0427,1.0,427.0,944
2023-05-10 09:36:22,OP90002167,中证500ETF购12月7250,0.0427,0.0,0.0,0.0,40,0.0455,0.0469,20,0.0439,0.0427,0.0427,0.0427,1.0,427.0,944
2023-05-10 09:36:22,OP90002167,中证500ETF购12月7250,0.0427,0.0,0.0,0.0,20,0.0456,0.0469,20,0.0439,0.0427,0.0427,0.0427,1.0,427.0,944
2023-05-10 09:36:23,OP90002167,中证500ETF购12月7250,0.0427,0.0,0.0,0.0,20,0.0456,0.0469,30,0.0439,0.0427,0.0427,0.0427,1.0,427.0,944
2023-05-10 09:36:23,OP90002167,中证500ETF购12月7250,0.0427,0.0,0.0,0.0,20,0.0456,0.0469,30,0.0439,0.0427,0.0427,0.0427,1.0,427.0,944
2023-05-10 09:36:24,OP90002167,中证500ETF购12月7250,0.0427,0.0,0.0,0.0,20,0.0456,0.0469,10,0.0439,0.0427,0.0427,0.0427,1.0,427.0,944
2023-05-10 09:36:24,OP90002167,中证500ETF购12月7250,0.0427,0.0,0.0,0.0,20,0.0456,0.0469,10,0.0439,0.0427,0.0427,0.0427,1.0,427.0,944
2023-05-10 09:36:25,OP90002167,中证500ETF购12月7250,0.0427,0.0,0.0,0.0,20,0.0456,0.0469,30,0.0439,0.0427,0.0427,0.0427,1.0,427.0,944
2023-05-10 09:36:25,OP90002167,中证500ETF购12月7250,0.0427,0.0,0.0,0.0,20,0.0456,0.0468,30,0.0439,0.0427,0.0427,0.0427,1.0,427.0,944
2023-05-10 09:36:26,OP90002167,中证500ETF购12月7250,0.0427,0.0,0.0,0.0,20,0.0456,0.0468,30,0.0439,0.0427,0.0427,0.0427,1.0,427.0,944
2023-05-10 09:36:26,OP90002167,中证500ETF购12月7250,0.0427,0.0,0.0,0.0,20,0.0456,0.0467,10,0.0439,0.0427,0.0427,0.0427,1.0,427.0,944
2023-05-10 09:36:27,OP90002167,中证500ETF购12月7250,0.0427,0.0,0.0,0.0,20,0.0456,0.0467,40,0.0439,0.0427,0.0427,0.0427,1.0,427.0,944
2023-05-10 09:36:27,OP90002167,中证500ETF购12月7250,0.0427,0.0,0.0,0.0,20,0.0456,0.0467,30,0.0439,0.0427,0.0427,0.0427,1.0,427.0,944
2023-05-10 09:36:28,OP90002167,中证500ETF购12月7250,0.0427,0.0,0.0,0.0,20,0.0456,0.0466,10,0.0439,0.0427,0.0427,0.0427,1.0,427.0,944
2023-05-10 09:36:29,OP90002167,中证500ETF购12月7250,0.0427,0.0,0.0,0.0,20,0.0456,0.0466,10,0.0439,0.0427,0.0427,0.0427,1.0,427.0,944
2023-05-10 09:36:29,OP90002167,中证500ETF购12月7250,0.0427,0.0,0.0,0.0,20,0.0456,0.0466,10,0.0439,0.0427,0.0427,0.0427,1.0,427.0,944
2023-05-10 09:36:30,OP90002167,中证500ETF购12月7250,0.0427,0.0,0.0,0.0,20,0.0456,0.0466,10,0.0439,0.0427,0.0427,0.0427,1.0,427.0,944
2023-05-10 09:36:31,OP90002167,中证500ETF购12月7250,0.0427,0.0,0.0,0.0,60,0.0455,0.0465,20,0.0439,0.0427,0.0427,0.0427,1.0,427.0,944
2023-05-10 09:36:32,OP90002167,中证500ETF购12月7250,0.0427,0.0,0.0,0.0,60,0.0455,0.0465,20,0.0439,0.0427,0.0427,0.0427,1.0,427.0,944
2023-05-10 09:36:32,OP90002167,中证500ETF购12月7250,0.0427,0.0,0.0,0.0,60,0.0455,0.0465,20,0.0439,0.0427,0.0427,0.0427,1.0,427.0,944
2023-05-10 09:36:33,OP90002167,中证500ETF购12月7250,0.0427,0.0,0.0,0.0,40,0.0455,0.0465,20,0.0439,0.0427,0.0427,0.0427,1.0,427.0,944
2023-05-10 09:36:34,OP90002167,中证500ETF购12月7250,0.0427,0.0,0.0,0.0,20,0.0455,0.0465,20,0.0439,0.0427,0.0427,0.0427,1.0,427.0,944
2023-05-10 09:36:36,OP90002167,中证500ETF购12月7250,0.0427,0.0,0.0,0.0,80,0.0454,0.0465,20,0.0439,0.0427,0.0427,0.0427,1.0,427.0,944
2023-05-10 09:36:37,OP90002167,中证500ETF购12月7250,0.0427,0.0,0.0,0.0,60,0.0454,0.0465,20,0.0439,0.0427,0.0427,0.0427,1.0,427.0,944
2023-05-10 09:36:37,OP90002167,中证500ETF购12月7250,0.0427,0.0,0.0,0.0,60,0.0454,0.0465,20,0.0439,0.0427,0.0427,0.0427,1.0,427.0,944
2023-05-10 09:36:38,OP90002167,中证500ETF购12月7250,0.0427,0.0,0.0,0.0,50,0.0454,0.0465,20,0.0439,0.0427,0.0427,0.0427,1.0,427.0,944
2023-05-10 09:36:38,OP90002167,中证500ETF购12月7250,0.0427,0.0,0.0,0.0,20,0.0454,0.0465,20,0.0439,0.0427,0.0427,0.0427,1.0,427.0,944
2023-05-10 09:36:39,OP90002167,中证500ETF购12月7250,0.0427,0.0,0.0,0.0,20,0.0454,0.0465,20,0.0439,0.0427,0.0427,0.0427,1.0,427.0,944
2023-05-10 09:36:39,OP90002167,中证500ETF购12月7250,0.0427,0.0,0.0,0.0,60,0.0452,0.0465,20,0.0439,0.0427,0.0427,0.0427,1.0,427.0,944
2023-05-10 09:36:40,OP90002167,中证500ETF购12月7250,0.0427,0.0,0.0,0.0,60,0.0452,0.0465,20,0.0439,0.0427,0.0427,0.0427,1.0,427.0,944
2023-05-10 09:36:40,OP90002167,中证500ETF购12月7250,0.0427,0.0,0.0,0.0,60,0.0452,0.0465,20,0.0439,0.0427,0.0427,0.0427,1.0,427.0,944
2023-05-10 09:36:41,OP90002167,中证500ETF购12月7250,0.0427,0.0,0.0,0.0,50,0.0452,0.0465,20,0.0439,0.0427,0.0427,0.0427,1.0,427.0,944
2023-05-10 09:36:41,OP90002167,中证500ETF购12月7250,0.0427,0.0,0.0,0.0,20,0.0452,0.0465,20,0.0439,0.0427,0.0427,0.0427,1.0,427.0,944
2023-05-10 09:36:42,OP90002167,中证500ETF购12月7250,0.0427,0.0,0.0,0.0,20,0.0452,0.0465,20,0.0439,0.0427,0.0427,0.0427,1.0,427.0,944
2023-05-10 09:36:44,OP90002167,中证500ETF购12月7250,0.0427,0.0,0.0,0.0,20,0.0452,0.0465,20,0.0439,0.0427,0.0427,0.0427,1.0,427.0,944
2023-05-10 09:36:52,OP90002167,中证500ETF购12月7250,0.0427,0.0,0.0,0.0,20,0.0452,0.0465,20,0.0439,0.0427,0.0427,0.0427,1.0,427.0,944
2023-05-10 09:36:53,OP90002167,中证500ETF购12月7250,0.0427,0.0,0.0,0.0,20,0.0452,0.0465,20,0.0439,0.0427,0.0427,0.0427,1.0,427.0,944
2023-05-10 09:36:54,OP90002167,中证500ETF购12月7250,0.0427,0.0,0.0,0.0,20,0.0452,0.0465,30,0.0439,0.0427,0.0427,0.0427,1.0,427.0,944
2023-05-10 09:36:54,OP90002167,中证500ETF购12月7250,0.0427,0.0,0.0,0.0,20,0.0452,0.0464,20,0.0439,0.0427,0.0427,0.0427,1.0,427.0,944
2023-05-10 09:36:55,OP90002167,中证500ETF购12月7250,0.0427,0.0,0.0,0.0,20,0.0452,0.0463,10,0.0439,0.0427,0.0427,0.0427,1.0,427.0,944
2023-05-10 09:36:55,OP90002167,中证500ETF购12月7250,0.0427,0.0,0.0,0.0,20,0.0452,0.0462,20,0.0439,0.0427,0.0427,0.0427,1.0,427.0,944
2023-05-10 09:36:56,OP90002167,中证500ETF购12月7250,0.0427,0.0,0.0,0.0,70,0.0451,0.0462,20,0.0439,0.0427,0.0427,0.0427,1.0,427.0,944
2023-05-10 09:36:56,OP90002167,中证500ETF购12月7250,0.0427,0.0,0.0,0.0,60,0.0451,0.0462,20,0.0439,0.0427,0.0427,0.0427,1.0,427.0,944
2023-05-10 09:36:57,OP90002167,中证500ETF购12月7250,0.0427,0.0,0.0,0.0,60,0.0451,0.0462,20,0.0439,0.0427,0.0427,0.0427,1.0,427.0,944
2023-05-10 09:36:58,OP90002167,中证500ETF购12月7250,0.0427,0.0,0.0,0.0,60,0.0451,0.0462,20,0.0439,0.0427,0.0427,0.0427,1.0,427.0,944
2023-05-10 09:36:59,OP90002167,中证500ETF购12月7250,0.0427,0.0,0.0,0.0,60,0.0451,0.0462,20,0.0439,0.0427,0.0427,0.0427,1.0,427.0,944
2023-05-10 09:37:01,OP90002167,中证500ETF购12月7250,0.0427,0.0,0.0,0.0,40,0.0451,0.0462,20,0.0439,0.0427,0.0427,0.0427,1.0,427.0,944
2023-05-10 09:37:01,OP90002167,中证500ETF购12月7250,0.0427,0.0,0.0,0.0,20,0.0451,0.0462,20,0.0439,0.0427,0.0427,0.0427,1.0,427.0,944
2023-05-10 09:37:02,OP90002167,中证500ETF购12月7250,0.0427,0.0,0.0,0.0,20,0.0451,0.0462,20,0.0439,0.0427,0.0427,0.0427,1.0,427.0,944
2023-05-10 09:37:02,OP90002167,中证500ETF购12月7250,0.0427,0.0,0.0,0.0,20,0.0451,0.0462,20,0.0439,0.0427,0.0427,0.0427,1.0,427.0,944
2023-05-10 09:37:04,OP90002167,中证500ETF购12月7250,0.0427,0.0,0.0,0.0,20,0.0451,0.0462,20,0.0439,0.0427,0.0427,0.0427,1.0,427.0,944
2023-05-10 09:37:06,OP90002167,中证500ETF购12月7250,0.0427,0.0,0.0,0.0,60,0.045,0.0462,20,0.0439,0.0427,0.0427,0.0427,1.0,427.0,944
2023-05-10 09:37:06,OP90002167,中证500ETF购12月7250,0.0427,0.0,0.0,0.0,60,0.045,0.0462,20,0.0439,0.0427,0.0427,0.0427,1.0,427.0,944
2023-05-10 09:37:07,OP90002167,中证500ETF购12月7250,0.0427,0.0,0.0,0.0,60,0.045,0.0462,30,0.0439,0.0427,0.0427,0.0427,1.0,427.0,944
2023-05-10 09:37:07,OP90002167,中证500ETF购12月7250,0.0427,0.0,0.0,0.0,50,0.045,0.0461,20,0.0439,0.0427,0.0427,0.0427,1.0,427.0,944
2023-05-10 09:37:08,OP90002167,中证500ETF购12月7250,0.0427,0.0,0.0,0.0,20,0.045,0.0461,30,0.0439,0.0427,0.0427,0.0427,1.0,427.0,944
2023-05-10 09:37:08,OP90002167,中证500ETF购12月7250,0.0427,0.0,0.0,0.0,20,0.045,0.046,20,0.0439,0.0427,0.0427,0.0427,1.0,427.0,944
2023-05-10 09:37:09,OP90002167,中证500ETF购12月7250,0.0427,0.0,0.0,0.0,20,0.045,0.046,20,0.0439,0.0427,0.0427,0.0427,1.0,427.0,944
2023-05-10 09:37:09,OP90002167,中证500ETF购12月7250,0.0427,0.0,0.0,0.0,40,0.045,0.046,20,0.0439,0.0427,0.0427,0.0427,1.0,427.0,944
2023-05-10 09:37:10,OP90002167,中证500ETF购12月7250,0.0427,0.0,0.0,0.0,20,0.045,0.046,20,0.0439,0.0427,0.0427,0.0427,1.0,427.0,944
2023-05-10 09:37:11,OP90002167,中证500ETF购12月7250,0.0427,0.0,0.0,0.0,50,0.0449,0.046,20,0.0439,0.0427,0.0427,0.0427,1.0,427.0,944
2023-05-10 09:37:11,OP90002167,中证500ETF购12月7250,0.0427,0.0,0.0,0.0,20,0.045,0.046,20,0.0439,0.0427,0.0427,0.0427,1.0,427.0,944
2023-05-10 09:37:12,OP90002167,中证500ETF购12月7250,0.0427,0.0,0.0,0.0,20,0.045,0.046,20,0.0439,0.0427,0.0427,0.0427,1.0,427.0,944
2023-05-10 09:37:12,OP90002167,中证500ETF购12月7250,0.0427,0.0,0.0,0.0,50,0.0449,0.0461,20,0.0439,0.0427,0.0427,0.0427,1.0,427.0,944
2023-05-10 09:37:13,OP90002167,中证500ETF购12月7250,0.0427,0.0,0.0,0.0,65,0.0449,0.0461,20,0.0439,0.0427,0.0427,0.0427,1.0,427.0,944
2023-05-10 09:37:13,OP90002167,中证500ETF购12月7250,0.0427,0.0,0.0,0.0,55,0.0449,0.0461,20,0.0439,0.0427,0.0427,0.0427,1.0,427.0,944
2023-05-10 09:37:14,OP90002167,中证500ETF购12月7250,0.0427,0.0,0.0,0.0,65,0.0449,0.0461,20,0.0439,0.0427,0.0427,0.0427,1.0,427.0,944
2023-05-10 09:37:15,OP90002167,中证500ETF购12月7250,0.0427,0.0,0.0,0.0,35,0.0449,0.0461,20,0.0439,0.0427,0.0427,0.0427,1.0,427.0,944
2023-05-10 09:37:15,OP90002167,中证500ETF购12月7250,0.0427,0.0,0.0,0.0,35,0.0449,0.0461,20,0.0439,0.0427,0.0427,0.0427,1.0,427.0,944
2023-05-10 09:37:16,OP90002167,中证500ETF购12月7250,0.0427,0.0,0.0,0.0,20,0.0449,0.0461,20,0.0439,0.0427,0.0427,0.0427,1.0,427.0,944
2023-05-10 09:37:16,OP90002167,中证500ETF购12月7250,0.0427,0.0,0.0,0.0,20,0.0449,0.0461,20,0.0439,0.0427,0.0427,0.0427,1.0,427.0,944
2023-05-10 09:37:17,OP90002167,中证500ETF购12月7250,0.0427,0.0,0.0,0.0,20,0.0449,0.0461,20,0.0439,0.0427,0.0427,0.0427,1.0,427.0,944
2023-05-10 09:37:18,OP90002167,中证500ETF购12月7250,0.0427,0.0,0.0,0.0,20,0.0449,0.0461,20,0.0439,0.0427,0.0427,0.0427,1.0,427.0,944
2023-05-10 09:37:18,OP90002167,中证500ETF购12月7250,0.0427,0.0,0.0,0.0,20,0.0449,0.0461,35,0.0439,0.0427,0.0427,0.0427,1.0,427.0,944
2023-05-10 09:37:19,OP90002167,中证500ETF购12月7250,0.0427,0.0,0.0,0.0,20,0.0449,0.046,20,0.0439,0.0427,0.0427,0.0427,1.0,427.0,944
2023-05-10 09:37:20,OP90002167,中证500ETF购12月7250,0.0427,0.0,0.0,0.0,20,0.0449,0.046,20,0.0439,0.0427,0.0427,0.0427,1.0,427.0,944
2023-05-10 09:37:21,OP90002167,中证500ETF购12月7250,0.0427,0.0,0.0,0.0,20,0.0449,0.0459,20,0.0439,0.0427,0.0427,0.0427,1.0,427.0,944
2023-05-10 09:37:21,OP90002167,中证500ETF购12月7250,0.0427,0.0,0.0,0.0,20,0.0449,0.0461,20,0.0439,0.0427,0.0427,0.0427,1.0,427.0,944
2023-05-10 09:37:22,OP90002167,中证500ETF购12月7250,0.0427,0.0,0.0,0.0,20,0.0449,0.0461,35,0.0439,0.0427,0.0427,0.0427,1.0,427.0,944
2023-05-10 09:37:22,OP90002167,中证500ETF购12月7250,0.0427,0.0,0.0,0.0,20,0.0449,0.046,20,0.0439,0.0427,0.0427,0.0427,1.0,427.0,944
2023-05-10 09:37:23,OP90002167,中证500ETF购12月7250,0.0427,0.0,0.0,0.0,20,0.0449,0.046,35,0.0439,0.0427,0.0427,0.0427,1.0,427.0,944
2023-05-10 09:37:23,OP90002167,中证500ETF购12月7250,0.0427,0.0,0.0,0.0,20,0.0449,0.0459,20,0.0439,0.0427,0.0427,0.0427,1.0,427.0,944
2023-05-10 09:37:24,OP90002167,中证500ETF购12月7250,0.0427,0.0,0.0,0.0,20,0.0449,0.0461,20,0.0439,0.0427,0.0427,0.0427,1.0,427.0,944
2023-05-10 09:37:24,OP90002167,中证500ETF购12月7250,0.0427,0.0,0.0,0.0,20,0.0449,0.046,15,0.0439,0.0427,0.0427,0.0427,1.0,427.0,944
2023-05-10 09:37:25,OP90002167,中证500ETF购12月7250,0.0427,0.0,0.0,0.0,20,0.0449,0.0459,20,0.0439,0.0427,0.0427,0.0427,1.0,427.0,944
2023-05-10 09:37:25,OP90002167,中证500ETF购12月7250,0.0427,0.0,0.0,0.0,20,0.0449,0.0459,20,0.0439,0.0427,0.0427,0.0427,1.0,427.0,944
2023-05-10 09:37:26,OP90002167,中证500ETF购12月7250,0.0427,0.0,0.0,0.0,20,0.0449,0.0461,30,0.0439,0.0427,0.0427,0.0427,1.0,427.0,944
2023-05-10 09:37:26,OP90002167,中证500ETF购12月7250,0.0427,0.0,0.0,0.0,20,0.0449,0.046,20,0.0439,0.0427,0.0427,0.0427,1.0,427.0,944
2023-05-10 09:37:28,OP90002167,中证500ETF购12月7250,0.0427,0.0,0.0,0.0,20,0.0449,0.046,20,0.0439,0.0427,0.0427,0.0427,1.0,427.0,944
2023-05-10 09:37:29,OP90002167,中证500ETF购12月7250,0.0427,0.0,0.0,0.0,20,0.0449,0.046,30,0.0439,0.0427,0.0427,0.0427,1.0,427.0,944
2023-05-10 09:37:29,OP90002167,中证500ETF购12月7250,0.0427,0.0,0.0,0.0,20,0.0449,0.0459,20,0.0439,0.0427,0.0427,0.0427,1.0,427.0,944
2023-05-10 09:37:30,OP90002167,中证500ETF购12月7250,0.0427,0.0,0.0,0.0,20,0.0449,0.0459,20,0.0439,0.0427,0.0427,0.0427,1.0,427.0,944
2023-05-10 09:37:31,OP90002167,中证500ETF购12月7250,0.0427,0.0,0.0,0.0,20,0.0449,0.046,35,0.0439,0.0427,0.0427,0.0427,1.0,427.0,944
2023-05-10 09:37:31,OP90002167,中证500ETF购12月7250,0.0427,0.0,0.0,0.0,20,0.0449,0.0459,20,0.0439,0.0427,0.0427,0.0427,1.0,427.0,944
2023-05-10 09:37:32,OP90002167,中证500ETF购12月7250,0.0427,0.0,0.0,0.0,20,0.0449,0.0459,20,0.0439,0.0427,0.0427,0.0427,1.0,427.0,944
2023-05-10 09:37:32,OP90002167,中证500ETF购12月7250,0.0427,0.0,0.0,0.0,20,0.0449,0.0459,35,0.0439,0.0427,0.0427,0.0427,1.0,427.0,944
2023-05-10 09:37:33,OP90002167,中证500ETF购12月7250,0.0427,0.0,0.0,0.0,20,0.0449,0.0458,20,0.0439,0.0427,0.0427,0.0427,1.0,427.0,944
2023-05-10 09:37:33,OP90002167,中证500ETF购12月7250,0.0427,0.0,0.0,0.0,20,0.0449,0.0458,20,0.0439,0.0427,0.0427,0.0427,1.0,427.0,944
2023-05-10 09:37:34,OP90002167,中证500ETF购12月7250,0.0427,0.0,0.0,0.0,20,0.0449,0.0458,20,0.0439,0.0427,0.0427,0.0427,1.0,427.0,944
2023-05-10 09:37:35,OP90002167,中证500ETF购12月7250,0.0427,0.0,0.0,0.0,20,0.0449,0.0458,20,0.0439,0.0427,0.0427,0.0427,1.0,427.0,944
2023-05-10 09:37:35,OP90002167,中证500ETF购12月7250,0.0427,0.0,0.0,0.0,20,0.0449,0.046,20,0.0439,0.0427,0.0427,0.0427,1.0,427.0,944
2023-05-10 09:37:36,OP90002167,中证500ETF购12月7250,0.0427,0.0,0.0,0.0,20,0.0449,0.046,35,0.0439,0.0427,0.0427,0.0427,1.0,427.0,944
2023-05-10 09:37:36,OP90002167,中证500ETF购12月7250,0.0427,0.0,0.0,0.0,20,0.0449,0.0459,20,0.0439,0.0427,0.0427,0.0427,1.0,427.0,944
2023-05-10 09:37:37,OP90002167,中证500ETF购12月7250,0.0427,0.0,0.0,0.0,20,0.0449,0.0459,35,0.0439,0.0427,0.0427,0.0427,1.0,427.0,944
2023-05-10 09:37:37,OP90002167,中证500ETF购12月7250,0.0427,0.0,0.0,0.0,70,0.0448,0.0458,20,0.0439,0.0427,0.0427,0.0427,1.0,427.0,944
2023-05-10 09:37:38,OP90002167,中证500ETF购12月7250,0.0427,0.0,0.0,0.0,70,0.0448,0.0458,20,0.0439,0.0427,0.0427,0.0427,1.0,427.0,944
2023-05-10 09:37:38,OP90002167,中证500ETF购12月7250,0.0427,0.0,0.0,0.0,70,0.0448,0.046,20,0.0439,0.0427,0.0427,0.0427,1.0,427.0,944
2023-05-10 09:37:39,OP90002167,中证500ETF购12月7250,0.0427,0.0,0.0,0.0,70,0.0448,0.0459,15,0.0439,0.0427,0.0427,0.0427,1.0,427.0,944
2023-05-10 09:37:39,OP90002167,中证500ETF购12月7250,0.0427,0.0,0.0,0.0,70,0.0448,0.0458,20,0.0439,0.0427,0.0427,0.0427,1.0,427.0,944
2023-05-10 09:37:40,OP90002167,中证500ETF购12月7250,0.0427,0.0,0.0,0.0,70,0.0448,0.0459,20,0.0439,0.0427,0.0427,0.0427,1.0,427.0,944
2023-05-10 09:37:41,OP90002167,中证500ETF购12月7250,0.0427,0.0,0.0,0.0,70,0.0448,0.0459,20,0.0439,0.0427,0.0427,0.0427,1.0,427.0,944
2023-05-10 09:37:42,OP90002167,中证500ETF购12月7250,0.0427,0.0,0.0,0.0,70,0.0448,0.0459,20,0.0439,0.0427,0.0427,0.0427,1.0,427.0,944
2023-05-10 09:37:45,OP90002167,中证500ETF购12月7250,0.0427,0.0,0.0,0.0,70,0.0448,0.0459,20,0.0439,0.0427,0.0427,0.0427,1.0,427.0,944
2023-05-10 09:37:45,OP90002167,中证500ETF购12月7250,0.0427,0.0,0.0,0.0,70,0.0448,0.0459,20,0.0439,0.0427,0.0427,0.0427,1.0,427.0,944
2023-05-10 09:37:48,OP90002167,中证500ETF购12月7250,0.0427,0.0,0.0,0.0,70,0.0448,0.0459,20,0.0439,0.0427,0.0427,0.0427,1.0,427.0,944
2023-05-10 09:37:50,OP90002167,中证500ETF购12月7250,0.0427,0.0,0.0,0.0,70,0.0448,0.0459,20,0.0439,0.0427,0.0427,0.0427,1.0,427.0,944
2023-05-10 09:37:50,OP90002167,中证500ETF购12月7250,0.0427,0.0,0.0,0.0,70,0.0448,0.046,20,0.0439,0.0427,0.0427,0.0427,1.0,427.0,944
2023-05-10 09:37:51,OP90002167,中证500ETF购12月7250,0.0427,0.0,0.0,0.0,70,0.0448,0.046,35,0.0439,0.0427,0.0427,0.0427,1.0,427.0,944
2023-05-10 09:37:51,OP90002167,中证500ETF购12月7250,0.0427,0.0,0.0,0.0,70,0.0448,0.0459,20,0.0439,0.0427,0.0427,0.0427,1.0,427.0,944
2023-05-10 09:37:52,OP90002167,中证500ETF购12月7250,0.0427,0.0,0.0,0.0,70,0.0448,0.0459,35,0.0439,0.0427,0.0427,0.0427,1.0,427.0,944
2023-05-10 09:37:52,OP90002167,中证500ETF购12月7250,0.0427,0.0,0.0,0.0,70,0.0448,0.0458,20,0.0439,0.0427,0.0427,0.0427,1.0,427.0,944
2023-05-10 09:37:53,OP90002167,中证500ETF购12月7250,0.0427,0.0,0.0,0.0,70,0.0448,0.0458,20,0.0439,0.0427,0.0427,0.0427,1.0,427.0,944
2023-05-10 09:37:53,OP90002167,中证500ETF购12月7250,0.0427,0.0,0.0,0.0,70,0.0448,0.0458,20,0.0439,0.0427,0.0427,0.0427,1.0,427.0,944
2023-05-10 09:37:54,OP90002167,中证500ETF购12月7250,0.0427,0.0,0.0,0.0,70,0.0448,0.0459,20,0.0439,0.0427,0.0427,0.0427,1.0,427.0,944
2023-05-10 09:37:54,OP90002167,中证500ETF购12月7250,0.0427,0.0,0.0,0.0,70,0.0448,0.0459,20,0.0439,0.0427,0.0427,0.0427,1.0,427.0,944
2023-05-10 09:37:55,OP90002167,中证500ETF购12月7250,0.0427,0.0,0.0,0.0,70,0.0448,0.0459,20,0.0439,0.0427,0.0427,0.0427,1.0,427.0,944
2023-05-10 09:37:57,OP90002167,中证500ETF购12月7250,0.0427,0.0,0.0,0.0,70,0.0448,0.0459,30,0.0439,0.0427,0.0427,0.0427,1.0,427.0,944
2023-05-10 09:37:58,OP90002167,中证500ETF购12月7250,0.0427,0.0,0.0,0.0,90,0.0448,0.0458,20,0.0439,0.0427,0.0427,0.0427,1.0,427.0,944
2023-05-10 09:37:58,OP90002167,中证500ETF购12月7250,0.0427,0.0,0.0,0.0,90,0.0448,0.0458,20,0.0439,0.0427,0.0427,0.0427,1.0,427.0,944
2023-05-10 09:37:59,OP90002167,中证500ETF购12月7250,0.0427,0.0,0.0,0.0,70,0.0448,0.0457,20,0.0439,0.0427,0.0427,0.0427,1.0,427.0,944
2023-05-10 09:37:59,OP90002167,中证500ETF购12月7250,0.0427,0.0,0.0,0.0,70,0.0448,0.0459,20,0.0439,0.0427,0.0427,0.0427,1.0,427.0,944
2023-05-10 09:38:00,OP90002167,中证500ETF购12月7250,0.0427,0.0,0.0,0.0,70,0.0448,0.0459,20,0.0439,0.0427,0.0427,0.0427,1.0,427.0,944
2023-05-10 09:38:00,OP90002167,中证500ETF购12月7250,0.0427,0.0,0.0,0.0,70,0.0448,0.046,20,0.0439,0.0427,0.0427,0.0427,1.0,427.0,944
2023-05-10 09:38:01,OP90002167,中证500ETF购12月7250,0.0427,0.0,0.0,0.0,70,0.0448,0.046,20,0.0439,0.0427,0.0427,0.0427,1.0,427.0,944
2023-05-10 09:38:04,OP90002167,中证500ETF购12月7250,0.0427,0.0,0.0,0.0,70,0.0448,0.046,20,0.0439,0.0427,0.0427,0.0427,1.0,427.0,944
2023-05-10 09:38:07,OP90002167,中证500ETF购12月7250,0.0427,0.0,0.0,0.0,70,0.0448,0.046,20,0.0439,0.0427,0.0427,0.0427,1.0,427.0,944
2023-05-10 09:38:10,OP90002167,中证500ETF购12月7250,0.0427,0.0,0.0,0.0,70,0.0448,0.046,20,0.0439,0.0427,0.0427,0.0427,1.0,427.0,944
2023-05-10 09:38:11,OP90002167,中证500ETF购12月7250,0.0427,0.0,0.0,0.0,70,0.0448,0.046,20,0.0439,0.0427,0.0427,0.0427,1.0,427.0,944
2023-05-10 09:38:13,OP90002167,中证500ETF购12月7250,0.0427,0.0,0.0,0.0,20,0.0449,0.046,20,0.0439,0.0427,0.0427,0.0427,1.0,427.0,944
2023-05-10 09:38:16,OP90002167,中证500ETF购12月7250,0.0427,0.0,0.0,0.0,20,0.0449,0.046,20,0.0439,0.0427,0.0427,0.0427,1.0,427.0,944
2023-05-10 09:38:18,OP90002167,中证500ETF购12月7250,0.0427,0.0,0.0,0.0,70,0.0448,0.046,20,0.0439,0.0427,0.0427,0.0427,1.0,427.0,944
2023-05-10 09:38:19,OP90002167,中证500ETF购12月7250,0.0427,0.0,0.0,0.0,70,0.0448,0.046,20,0.0439,0.0427,0.0427,0.0427,1.0,427.0,944
2023-05-10 09:38:20,OP90002167,中证500ETF购12月7250,0.0427,0.0,0.0,0.0,70,0.0448,0.046,20,0.0439,0.0427,0.0427,0.0427,1.0,427.0,944
2023-05-10 09:38:21,OP90002167,中证500ETF购12月7250,0.0427,0.0,0.0,0.0,70,0.0448,0.046,20,0.0439,0.0427,0.0427,0.0427,1.0,427.0,944
2023-05-10 09:38:22,OP90002167,中证500ETF购12月7250,0.0427,0.0,0.0,0.0,70,0.0448,0.046,20,0.0439,0.0427,0.0427,0.0427,1.0,427.0,944
2023-05-10 09:38:23,OP90002167,中证500ETF购12月7250,0.0427,0.0,0.0,0.0,70,0.0448,0.046,20,0.0439,0.0427,0.0427,0.0427,1.0,427.0,944
2023-05-10 09:38:26,OP90002167,中证500ETF购12月7250,0.0427,0.0,0.0,0.0,90,0.0448,0.046,20,0.0439,0.0427,0.0427,0.0427,1.0,427.0,944
2023-05-10 09:38:27,OP90002167,中证500ETF购12月7250,0.0427,0.0,0.0,0.0,105,0.0448,0.046,20,0.0439,0.0427,0.0427,0.0427,1.0,427.0,944
2023-05-10 09:38:28,OP90002167,中证500ETF购12月7250,0.0427,0.0,0.0,0.0,105,0.0448,0.046,20,0.0439,0.0427,0.0427,0.0427,1.0,427.0,944
2023-05-10 09:38:28,OP90002167,中证500ETF购12月7250,0.0427,0.0,0.0,0.0,95,0.0448,0.046,20,0.0439,0.0427,0.0427,0.0427,1.0,427.0,944
2023-05-10 09:38:29,OP90002167,中证500ETF购12月7250,0.0427,0.0,0.0,0.0,85,0.0448,0.046,20,0.0439,0.0427,0.0427,0.0427,1.0,427.0,944
2023-05-10 09:38:29,OP90002167,中证500ETF购12月7250,0.0427,0.0,0.0,0.0,85,0.0448,0.046,20,0.0439,0.0427,0.0427,0.0427,1.0,427.0,944
2023-05-10 09:38:30,OP90002167,中证500ETF购12月7250,0.0427,0.0,0.0,0.0,85,0.0448,0.046,20,0.0439,0.0427,0.0427,0.0427,1.0,427.0,944
2023-05-10 09:38:30,OP90002167,中证500ETF购12月7250,0.0427,0.0,0.0,0.0,70,0.0448,0.046,20,0.0439,0.0427,0.0427,0.0427,1.0,427.0,944
2023-05-10 09:38:31,OP90002167,中证500ETF购12月7250,0.0427,0.0,0.0,0.0,70,0.0448,0.046,20,0.0439,0.0427,0.0427,0.0427,1.0,427.0,944
2023-05-10 09:38:33,OP90002167,中证500ETF购12月7250,0.0427,0.0,0.0,0.0,70,0.0448,0.046,20,0.0439,0.0427,0.0427,0.0427,1.0,427.0,944
2023-05-10 09:38:33,OP90002167,中证500ETF购12月7250,0.0427,0.0,0.0,0.0,85,0.0448,0.046,20,0.0439,0.0427,0.0427,0.0427,1.0,427.0,944
2023-05-10 09:38:34,OP90002167,中证500ETF购12月7250,0.0427,0.0,0.0,0.0,70,0.0448,0.046,30,0.0439,0.0427,0.0427,0.0427,1.0,427.0,944
2023-05-10 09:38:34,OP90002167,中证500ETF购12月7250,0.0427,0.0,0.0,0.0,70,0.0448,0.0459,20,0.0439,0.0427,0.0427,0.0427,1.0,427.0,944
2023-05-10 09:38:35,OP90002167,中证500ETF购12月7250,0.0427,0.0,0.0,0.0,70,0.0448,0.0459,30,0.0439,0.0427,0.0427,0.0427,1.0,427.0,944
2023-05-10 09:38:35,OP90002167,中证500ETF购12月7250,0.0427,0.0,0.0,0.0,70,0.0448,0.0458,20,0.0439,0.0427,0.0427,0.0427,1.0,427.0,944
2023-05-10 09:38:36,OP90002167,中证500ETF购12月7250,0.0458,15.0,6870.0,0.0,20,0.0449,0.0458,10,0.0439,0.0427,0.0458,0.0427,16.0,7297.0,944
2023-05-10 09:38:36,OP90002167,中证500ETF购12月7250,0.0458,0.0,0.0,0.0,20,0.0449,0.0458,10,0.0439,0.0427,0.0458,0.0427,16.0,7297.0,944
2023-05-10 09:38:39,OP90002167,中证500ETF购12月7250,0.0458,0.0,0.0,0.0,40,0.0449,0.0458,10,0.0439,0.0427,0.0458,0.0427,16.0,7297.0,944
2023-05-10 09:38:39,OP90002167,中证500ETF购12月7250,0.0458,0.0,0.0,0.0,20,0.045,0.0458,10,0.0439,0.0427,0.0458,0.0427,16.0,7297.0,944
2023-05-10 09:38:40,OP90002167,中证500ETF购12月7250,0.0458,0.0,0.0,0.0,20,0.045,0.0458,10,0.0439,0.0427,0.0458,0.0427,16.0,7297.0,944
2023-05-10 09:38:41,OP90002167,中证500ETF购12月7250,0.0458,0.0,0.0,0.0,20,0.045,0.0458,10,0.0439,0.0427,0.0458,0.0427,16.0,7297.0,944
2023-05-10 09:38:41,OP90002167,中证500ETF购12月7250,0.0458,0.0,0.0,0.0,20,0.045,0.0458,10,0.0439,0.0427,0.0458,0.0427,16.0,7297.0,944
2023-05-10 09:38:42,OP90002167,中证500ETF购12月7250,0.0458,0.0,0.0,0.0,20,0.045,0.0458,10,0.0439,0.0427,0.0458,0.0427,16.0,7297.0,944
2023-05-10 09:38:42,OP90002167,中证500ETF购12月7250,0.0458,0.0,0.0,0.0,20,0.045,0.0458,10,0.0439,0.0427,0.0458,0.0427,16.0,7297.0,944
2023-05-10 09:38:43,OP90002167,中证500ETF购12月7250,0.0458,0.0,0.0,0.0,20,0.045,0.0458,10,0.0439,0.0427,0.0458,0.0427,16.0,7297.0,944
2023-05-10 09:38:49,OP90002167,中证500ETF购12月7250,0.0458,10.0,4580.0,0.0,20,0.045,0.0461,10,0.0439,0.0427,0.0458,0.0427,26.0,11877.0,944
2023-05-10 09:38:49,OP90002167,中证500ETF购12月7250,0.0458,0.0,0.0,0.0,30,0.0449,0.0461,10,0.0439,0.0427,0.0458,0.0427,26.0,11877.0,944
2023-05-10 09:38:50,OP90002167,中证500ETF购12月7250,0.0458,0.0,0.0,0.0,20,0.045,0.0462,10,0.0439,0.0427,0.0458,0.0427,26.0,11877.0,944
2023-05-10 09:38:50,OP90002167,中证500ETF购12月7250,0.0458,0.0,0.0,0.0,20,0.045,0.0462,35,0.0439,0.0427,0.0458,0.0427,26.0,11877.0,944
2023-05-10 09:38:51,OP90002167,中证500ETF购12月7250,0.0458,0.0,0.0,0.0,20,0.0449,0.0462,35,0.0439,0.0427,0.0458,0.0427,26.0,11877.0,944
2023-05-10 09:38:51,OP90002167,中证500ETF购12月7250,0.0458,0.0,0.0,0.0,20,0.0449,0.0462,25,0.0439,0.0427,0.0458,0.0427,26.0,11877.0,944
2023-05-10 09:38:52,OP90002167,中证500ETF购12月7250,0.0458,0.0,0.0,0.0,20,0.0449,0.0462,10,0.0439,0.0427,0.0458,0.0427,26.0,11877.0,944
2023-05-10 09:38:52,OP90002167,中证500ETF购12月7250,0.0458,0.0,0.0,0.0,55,0.0449,0.0462,10,0.0439,0.0427,0.0458,0.0427,26.0,11877.0,944
2023-05-10 09:38:53,OP90002167,中证500ETF购12月7250,0.0458,0.0,0.0,0.0,20,0.045,0.0462,10,0.0439,0.0427,0.0458,0.0427,26.0,11877.0,944
2023-05-10 09:38:53,OP90002167,中证500ETF购12月7250,0.0458,0.0,0.0,0.0,20,0.045,0.0462,25,0.0439,0.0427,0.0458,0.0427,26.0,11877.0,944
2023-05-10 09:38:54,OP90002167,中证500ETF购12月7250,0.0458,0.0,0.0,0.0,20,0.045,0.0462,25,0.0439,0.0427,0.0458,0.0427,26.0,11877.0,944
2023-05-10 09:38:54,OP90002167,中证500ETF购12月7250,0.0458,0.0,0.0,0.0,20,0.045,0.0462,25,0.0439,0.0427,0.0458,0.0427,26.0,11877.0,944
2023-05-10 09:38:55,OP90002167,中证500ETF购12月7250,0.0458,0.0,0.0,0.0,20,0.045,0.0462,10,0.0439,0.0427,0.0458,0.0427,26.0,11877.0,944
2023-05-10 09:38:57,OP90002167,中证500ETF购12月7250,0.0458,0.0,0.0,0.0,20,0.045,0.0462,10,0.0439,0.0427,0.0458,0.0427,26.0,11877.0,944
2023-05-10 09:38:57,OP90002167,中证500ETF购12月7250,0.0458,0.0,0.0,0.0,20,0.045,0.0462,25,0.0439,0.0427,0.0458,0.0427,26.0,11877.0,944
2023-05-10 09:38:59,OP90002167,中证500ETF购12月7250,0.0458,0.0,0.0,0.0,20,0.045,0.0462,10,0.0439,0.0427,0.0458,0.0427,26.0,11877.0,944
2023-05-10 09:39:05,OP90002167,中证500ETF购12月7250,0.0458,0.0,0.0,0.0,20,0.045,0.0463,70,0.0439,0.0427,0.0458,0.0427,26.0,11877.0,944
2023-05-10 09:39:05,OP90002167,中证500ETF购12月7250,0.0458,0.0,0.0,0.0,20,0.045,0.0462,15,0.0439,0.0427,0.0458,0.0427,26.0,11877.0,944
2023-05-10 09:39:06,OP90002167,中证500ETF购12月7250,0.0458,0.0,0.0,0.0,20,0.045,0.0463,70,0.0439,0.0427,0.0458,0.0427,26.0,11877.0,944
2023-05-10 09:39:07,OP90002167,中证500ETF购12月7250,0.0458,0.0,0.0,0.0,20,0.045,0.0463,85,0.0439,0.0427,0.0458,0.0427,26.0,11877.0,944
2023-05-10 09:39:07,OP90002167,中证500ETF购12月7250,0.0458,0.0,0.0,0.0,20,0.045,0.0463,95,0.0439,0.0427,0.0458,0.0427,26.0,11877.0,944
2023-05-10 09:39:08,OP90002167,中证500ETF购12月7250,0.0458,0.0,0.0,0.0,20,0.045,0.0463,70,0.0439,0.0427,0.0458,0.0427,26.0,11877.0,944
2023-05-10 09:39:08,OP90002167,中证500ETF购12月7250,0.0458,0.0,0.0,0.0,35,0.045,0.0463,30,0.0439,0.0427,0.0458,0.0427,26.0,11877.0,944
2023-05-10 09:39:09,OP90002167,中证500ETF购12月7250,0.0458,0.0,0.0,0.0,40,0.0451,0.0464,20,0.0439,0.0427,0.0458,0.0427,26.0,11877.0,944
2023-05-10 09:39:09,OP90002167,中证500ETF购12月7250,0.0458,0.0,0.0,0.0,20,0.0452,0.0464,30,0.0439,0.0427,0.0458,0.0427,26.0,11877.0,944
2023-05-10 09:39:10,OP90002167,中证500ETF购12月7250,0.0458,0.0,0.0,0.0,35,0.0452,0.0464,10,0.0439,0.0427,0.0458,0.0427,26.0,11877.0,944
2023-05-10 09:39:10,OP90002167,中证500ETF购12月7250,0.0458,0.0,0.0,0.0,20,0.0453,0.0465,20,0.0439,0.0427,0.0458,0.0427,26.0,11877.0,944
2023-05-10 09:39:11,OP90002167,中证500ETF购12月7250,0.0458,0.0,0.0,0.0,20,0.0453,0.0465,35,0.0439,0.0427,0.0458,0.0427,26.0,11877.0,944
2023-05-10 09:39:11,OP90002167,中证500ETF购12月7250,0.0458,0.0,0.0,0.0,20,0.0454,0.0465,45,0.0439,0.0427,0.0458,0.0427,26.0,11877.0,944
2023-05-10 09:39:12,OP90002167,中证500ETF购12月7250,0.0458,0.0,0.0,0.0,20,0.0454,0.0465,55,0.0439,0.0427,0.0458,0.0427,26.0,11877.0,944
2023-05-10 09:39:12,OP90002167,中证500ETF购12月7250,0.0458,0.0,0.0,0.0,20,0.0454,0.0465,35,0.0439,0.0427,0.0458,0.0427,26.0,11877.0,944
2023-05-10 09:39:13,OP90002167,中证500ETF购12月7250,0.0458,0.0,0.0,0.0,20,0.0454,0.0465,20,0.0439,0.0427,0.0458,0.0427,26.0,11877.0,944
2023-05-10 09:39:13,OP90002167,中证500ETF购12月7250,0.0458,0.0,0.0,0.0,20,0.0454,0.0466,70,0.0439,0.0427,0.0458,0.0427,26.0,11877.0,944
2023-05-10 09:39:14,OP90002167,中证500ETF购12月7250,0.0458,0.0,0.0,0.0,60,0.0454,0.0466,40,0.0439,0.0427,0.0458,0.0427,26.0,11877.0,944
2023-05-10 09:39:14,OP90002167,中证500ETF购12月7250,0.0458,0.0,0.0,0.0,20,0.0455,0.0466,15,0.0439,0.0427,0.0458,0.0427,26.0,11877.0,944
2023-05-10 09:39:15,OP90002167,中证500ETF购12月7250,0.0458,0.0,0.0,0.0,20,0.0455,0.0467,40,0.0439,0.0427,0.0458,0.0427,26.0,11877.0,944
2023-05-10 09:39:15,OP90002167,中证500ETF购12月7250,0.0458,0.0,0.0,0.0,20,0.0455,0.0467,25,0.0439,0.0427,0.0458,0.0427,26.0,11877.0,944
2023-05-10 09:39:16,OP90002167,中证500ETF购12月7250,0.0458,0.0,0.0,0.0,20,0.0455,0.0467,25,0.0439,0.0427,0.0458,0.0427,26.0,11877.0,944
2023-05-10 09:39:16,OP90002167,中证500ETF购12月7250,0.0458,0.0,0.0,0.0,20,0.0455,0.0467,25,0.0439,0.0427,0.0458,0.0427,26.0,11877.0,944
2023-05-10 09:39:17,OP90002167,中证500ETF购12月7250,0.0458,0.0,0.0,0.0,20,0.0455,0.0467,15,0.0439,0.0427,0.0458,0.0427,26.0,11877.0,944
2023-05-10 09:39:18,OP90002167,中证500ETF购12月7250,0.0458,0.0,0.0,0.0,20,0.0455,0.0467,35,0.0439,0.0427,0.0458,0.0427,26.0,11877.0,944
2023-05-10 09:39:18,OP90002167,中证500ETF购12月7250,0.0458,0.0,0.0,0.0,20,0.0455,0.0467,15,0.0439,0.0427,0.0458,0.0427,26.0,11877.0,944
2023-05-10 09:39:19,OP90002167,中证500ETF购12月7250,0.0458,0.0,0.0,0.0,20,0.0455,0.0467,15,0.0439,0.0427,0.0458,0.0427,26.0,11877.0,944
2023-05-10 09:39:19,OP90002167,中证500ETF购12月7250,0.0458,0.0,0.0,0.0,20,0.0455,0.0467,15,0.0439,0.0427,0.0458,0.0427,26.0,11877.0,944
2023-05-10 09:39:20,OP90002167,中证500ETF购12月7250,0.0458,0.0,0.0,0.0,20,0.0455,0.0467,15,0.0439,0.0427,0.0458,0.0427,26.0,11877.0,944
2023-05-10 09:39:21,OP90002167,中证500ETF购12月7250,0.0458,0.0,0.0,0.0,20,0.0455,0.0467,15,0.0439,0.0427,0.0458,0.0427,26.0,11877.0,944
2023-05-10 09:39:22,OP90002167,中证500ETF购12月7250,0.0458,0.0,0.0,0.0,20,0.0455,0.0467,15,0.0439,0.0427,0.0458,0.0427,26.0,11877.0,944
2023-05-10 09:39:23,OP90002167,中证500ETF购12月7250,0.0458,0.0,0.0,0.0,20,0.0455,0.0467,15,0.0439,0.0427,0.0458,0.0427,26.0,11877.0,944
2023-05-10 09:39:24,OP90002167,中证500ETF购12月7250,0.0458,0.0,0.0,0.0,20,0.0455,0.0468,10,0.0439,0.0427,0.0458,0.0427,26.0,11877.0,944
2023-05-10 09:39:24,OP90002167,中证500ETF购12月7250,0.0458,0.0,0.0,0.0,40,0.0455,0.0468,25,0.0439,0.0427,0.0458,0.0427,26.0,11877.0,944
2023-05-10 09:39:25,OP90002167,中证500ETF购12月7250,0.0458,0.0,0.0,0.0,20,0.0456,0.0468,15,0.0439,0.0427,0.0458,0.0427,26.0,11877.0,944
2023-05-10 09:39:25,OP90002167,中证500ETF购12月7250,0.0458,0.0,0.0,0.0,20,0.0456,0.0469,70,0.0439,0.0427,0.0458,0.0427,26.0,11877.0,944
2023-05-10 09:39:26,OP90002167,中证500ETF购12月7250,0.0458,0.0,0.0,0.0,20,0.0456,0.0468,15,0.0439,0.0427,0.0458,0.0427,26.0,11877.0,944
2023-05-10 09:39:26,OP90002167,中证500ETF购12月7250,0.0458,0.0,0.0,0.0,20,0.0456,0.0468,15,0.0439,0.0427,0.0458,0.0427,26.0,11877.0,944
2023-05-10 09:39:27,OP90002167,中证500ETF购12月7250,0.0458,0.0,0.0,0.0,20,0.0456,0.0469,50,0.0439,0.0427,0.0458,0.0427,26.0,11877.0,944
2023-05-10 09:39:28,OP90002167,中证500ETF购12月7250,0.0458,0.0,0.0,0.0,20,0.0456,0.0469,35,0.0439,0.0427,0.0458,0.0427,26.0,11877.0,944
2023-05-10 09:39:28,OP90002167,中证500ETF购12月7250,0.0458,0.0,0.0,0.0,20,0.0456,0.0469,35,0.0439,0.0427,0.0458,0.0427,26.0,11877.0,944
2023-05-10 09:39:30,OP90002167,中证500ETF购12月7250,0.0458,0.0,0.0,0.0,20,0.0456,0.0469,35,0.0439,0.0427,0.0458,0.0427,26.0,11877.0,944
2023-05-10 09:39:30,OP90002167,中证500ETF购12月7250,0.0458,0.0,0.0,0.0,20,0.0456,0.0469,35,0.0439,0.0427,0.0458,0.0427,26.0,11877.0,944
2023-05-10 09:39:34,OP90002167,中证500ETF购12月7250,0.0458,0.0,0.0,0.0,20,0.0456,0.0469,35,0.0439,0.0427,0.0458,0.0427,26.0,11877.0,944
2023-05-10 09:39:34,OP90002167,中证500ETF购12月7250,0.0458,0.0,0.0,0.0,20,0.0456,0.0469,35,0.0439,0.0427,0.0458,0.0427,26.0,11877.0,944
2023-05-10 09:39:35,OP90002167,中证500ETF购12月7250,0.0458,0.0,0.0,0.0,20,0.0456,0.0469,55,0.0439,0.0427,0.0458,0.0427,26.0,11877.0,944
2023-05-10 09:39:38,OP90002167,中证500ETF购12月7250,0.0458,0.0,0.0,0.0,20,0.0456,0.0469,55,0.0439,0.0427,0.0458,0.0427,26.0,11877.0,944
2023-05-10 09:39:38,OP90002167,中证500ETF购12月7250,0.0458,0.0,0.0,0.0,20,0.0456,0.0469,35,0.0439,0.0427,0.0458,0.0427,26.0,11877.0,944
2023-05-10 09:39:39,OP90002167,中证500ETF购12月7250,0.0458,0.0,0.0,0.0,20,0.0456,0.0469,20,0.0439,0.0427,0.0458,0.0427,26.0,11877.0,944
2023-05-10 09:39:39,OP90002167,中证500ETF购12月7250,0.0458,0.0,0.0,0.0,35,0.0456,0.0469,20,0.0439,0.0427,0.0458,0.0427,26.0,11877.0,944
2023-05-10 09:39:40,OP90002167,中证500ETF购12月7250,0.0458,0.0,0.0,0.0,20,0.0457,0.0469,20,0.0439,0.0427,0.0458,0.0427,26.0,11877.0,944
2023-05-10 09:39:40,OP90002167,中证500ETF购12月7250,0.0458,0.0,0.0,0.0,20,0.0457,0.0469,20,0.0439,0.0427,0.0458,0.0427,26.0,11877.0,944
2023-05-10 09:39:41,OP90002167,中证500ETF购12月7250,0.0458,0.0,0.0,0.0,20,0.0458,0.0469,40,0.0439,0.0427,0.0458,0.0427,26.0,11877.0,944
2023-05-10 09:39:41,OP90002167,中证500ETF购12月7250,0.0458,0.0,0.0,0.0,40,0.0457,0.0468,20,0.0439,0.0427,0.0458,0.0427,26.0,11877.0,944
2023-05-10 09:39:43,OP90002167,中证500ETF购12月7250,0.0458,0.0,0.0,0.0,20,0.0458,0.047,60,0.0439,0.0427,0.0458,0.0427,26.0,11877.0,944
2023-05-10 09:39:44,OP90002167,中证500ETF购12月7250,0.0458,0.0,0.0,0.0,20,0.0458,0.047,55,0.0439,0.0427,0.0458,0.0427,26.0,11877.0,944
2023-05-10 09:39:44,OP90002167,中证500ETF购12月7250,0.0458,0.0,0.0,0.0,20,0.0458,0.047,10,0.0439,0.0427,0.0458,0.0427,26.0,11877.0,944
2023-05-10 09:39:45,OP90002167,中证500ETF购12月7250,0.0458,0.0,0.0,0.0,20,0.0458,0.0471,60,0.0439,0.0427,0.0458,0.0427,26.0,11877.0,944
2023-05-10 09:39:45,OP90002167,中证500ETF购12月7250,0.0458,0.0,0.0,0.0,20,0.0458,0.0471,85,0.0439,0.0427,0.0458,0.0427,26.0,11877.0,944
2023-05-10 09:39:46,OP90002167,中证500ETF购12月7250,0.0458,0.0,0.0,0.0,20,0.0458,0.0471,75,0.0439,0.0427,0.0458,0.0427,26.0,11877.0,944
2023-05-10 09:39:47,OP90002167,中证500ETF购12月7250,0.0458,0.0,0.0,0.0,20,0.0458,0.0471,65,0.0439,0.0427,0.0458,0.0427,26.0,11877.0,944
2023-05-10 09:39:51,OP90002167,中证500ETF购12月7250,0.0458,0.0,0.0,0.0,20,0.0458,0.0471,75,0.0439,0.0427,0.0458,0.0427,26.0,11877.0,944
2023-05-10 09:39:52,OP90002167,中证500ETF购12月7250,0.0458,0.0,0.0,0.0,20,0.0458,0.047,20,0.0439,0.0427,0.0458,0.0427,26.0,11877.0,944
2023-05-10 09:39:53,OP90002167,中证500ETF购12月7250,0.0458,0.0,0.0,0.0,90,0.0457,0.0469,15,0.0439,0.0427,0.0458,0.0427,26.0,11877.0,944
2023-05-10 09:39:53,OP90002167,中证500ETF购12月7250,0.0458,0.0,0.0,0.0,70,0.0457,0.0469,35,0.0439,0.0427,0.0458,0.0427,26.0,11877.0,944
2023-05-10 09:39:54,OP90002167,中证500ETF购12月7250,0.0458,0.0,0.0,0.0,70,0.0457,0.0468,20,0.0439,0.0427,0.0458,0.0427,26.0,11877.0,944
2023-05-10 09:39:54,OP90002167,中证500ETF购12月7250,0.0458,0.0,0.0,0.0,70,0.0457,0.0468,20,0.0439,0.0427,0.0458,0.0427,26.0,11877.0,944
2023-05-10 09:39:55,OP90002167,中证500ETF购12月7250,0.0458,0.0,0.0,0.0,20,0.0458,0.0469,20,0.0439,0.0427,0.0458,0.0427,26.0,11877.0,944
2023-05-10 09:39:55,OP90002167,中证500ETF购12月7250,0.0458,0.0,0.0,0.0,20,0.0458,0.047,20,0.0439,0.0427,0.0458,0.0427,26.0,11877.0,944
2023-05-10 09:39:56,OP90002167,中证500ETF购12月7250,0.0458,0.0,0.0,0.0,35,0.0458,0.047,20,0.0439,0.0427,0.0458,0.0427,26.0,11877.0,944
2023-05-10 09:39:56,OP90002167,中证500ETF购12月7250,0.0458,0.0,0.0,0.0,20,0.0459,0.047,20,0.0439,0.0427,0.0458,0.0427,26.0,11877.0,944
2023-05-10 09:39:57,OP90002167,中证500ETF购12月7250,0.0458,0.0,0.0,0.0,20,0.046,0.047,30,0.0439,0.0427,0.0458,0.0427,26.0,11877.0,944
2023-05-10 09:39:57,OP90002167,中证500ETF购12月7250,0.0458,0.0,0.0,0.0,20,0.0459,0.0469,20,0.0439,0.0427,0.0458,0.0427,26.0,11877.0,944
2023-05-10 09:39:58,OP90002167,中证500ETF购12月7250,0.0458,0.0,0.0,0.0,20,0.0459,0.0469,20,0.0439,0.0427,0.0458,0.0427,26.0,11877.0,944
2023-05-10 09:39:58,OP90002167,中证500ETF购12月7250,0.0458,0.0,0.0,0.0,20,0.046,0.047,30,0.0439,0.0427,0.0458,0.0427,26.0,11877.0,944
2023-05-10 09:39:59,OP90002167,中证500ETF购12月7250,0.0458,0.0,0.0,0.0,20,0.046,0.047,30,0.0439,0.0427,0.0458,0.0427,26.0,11877.0,944
2023-05-10 09:40:00,OP90002167,中证500ETF购12月7250,0.0458,0.0,0.0,0.0,20,0.046,0.047,20,0.0439,0.0427,0.0458,0.0427,26.0,11877.0,944
2023-05-10 09:40:00,OP90002167,中证500ETF购12月7250,0.0458,0.0,0.0,0.0,40,0.0459,0.047,20,0.0439,0.0427,0.0458,0.0427,26.0,11877.0,944
2023-05-10 09:40:01,OP90002167,中证500ETF购12月7250,0.0458,0.0,0.0,0.0,20,0.0459,0.047,20,0.0439,0.0427,0.0458,0.0427,26.0,11877.0,944
2023-05-10 09:40:02,OP90002167,中证500ETF购12月7250,0.0458,0.0,0.0,0.0,20,0.046,0.0471,30,0.0439,0.0427,0.0458,0.0427,26.0,11877.0,944
2023-05-10 09:40:04,OP90002167,中证500ETF购12月7250,0.0458,0.0,0.0,0.0,40,0.0459,0.047,20,0.0439,0.0427,0.0458,0.0427,26.0,11877.0,944
2023-05-10 09:40:05,OP90002167,中证500ETF购12月7250,0.0458,0.0,0.0,0.0,20,0.0459,0.047,20,0.0439,0.0427,0.0458,0.0427,26.0,11877.0,944
2023-05-10 09:40:05,OP90002167,中证500ETF购12月7250,0.0458,0.0,0.0,0.0,80,0.0457,0.0469,10,0.0439,0.0427,0.0458,0.0427,26.0,11877.0,944
2023-05-10 09:40:06,OP90002167,中证500ETF购12月7250,0.0458,0.0,0.0,0.0,100,0.0457,0.0468,20,0.0439,0.0427,0.0458,0.0427,26.0,11877.0,944
2023-05-10 09:40:06,OP90002167,中证500ETF购12月7250,0.0458,0.0,0.0,0.0,100,0.0457,0.0468,20,0.0439,0.0427,0.0458,0.0427,26.0,11877.0,944
2023-05-10 09:40:07,OP90002167,中证500ETF购12月7250,0.0458,0.0,0.0,0.0,90,0.0457,0.0468,20,0.0439,0.0427,0.0458,0.0427,26.0,11877.0,944
2023-05-10 09:40:08,OP90002167,中证500ETF购12月7250,0.0458,0.0,0.0,0.0,90,0.0457,0.0468,30,0.0439,0.0427,0.0458,0.0427,26.0,11877.0,944
2023-05-10 09:40:08,OP90002167,中证500ETF购12月7250,0.0458,0.0,0.0,0.0,105,0.0457,0.0467,20,0.0439,0.0427,0.0458,0.0427,26.0,11877.0,944
2023-05-10 09:40:09,OP90002167,中证500ETF购12月7250,0.0458,0.0,0.0,0.0,105,0.0457,0.0467,20,0.0439,0.0427,0.0458,0.0427,26.0,11877.0,944
2023-05-10 09:40:12,OP90002167,中证500ETF购12月7250,0.0458,0.0,0.0,0.0,20,0.0458,0.0468,10,0.0439,0.0427,0.0458,0.0427,26.0,11877.0,944
2023-05-10 09:40:12,OP90002167,中证500ETF购12月7250,0.0458,0.0,0.0,0.0,20,0.0458,0.0468,10,0.0439,0.0427,0.0458,0.0427,26.0,11877.0,944
2023-05-10 09:40:13,OP90002167,中证500ETF购12月7250,0.0458,0.0,0.0,0.0,35,0.0458,0.0468,20,0.0439,0.0427,0.0458,0.0427,26.0,11877.0,944
2023-05-10 09:40:13,OP90002167,中证500ETF购12月7250,0.0458,0.0,0.0,0.0,20,0.0458,0.0468,20,0.0439,0.0427,0.0458,0.0427,26.0,11877.0,944
2023-05-10 09:40:14,OP90002167,中证500ETF购12月7250,0.0458,0.0,0.0,0.0,20,0.0459,0.047,40,0.0439,0.0427,0.0458,0.0427,26.0,11877.0,944
2023-05-10 09:40:14,OP90002167,中证500ETF购12月7250,0.0458,0.0,0.0,0.0,55,0.0458,0.0469,20,0.0439,0.0427,0.0458,0.0427,26.0,11877.0,944
2023-05-10 09:40:15,OP90002167,中证500ETF购12月7250,0.0458,0.0,0.0,0.0,40,0.0458,0.0469,20,0.0439,0.0427,0.0458,0.0427,26.0,11877.0,944
2023-05-10 09:40:15,OP90002167,中证500ETF购12月7250,0.0458,0.0,0.0,0.0,40,0.0458,0.0469,20,0.0439,0.0427,0.0458,0.0427,26.0,11877.0,944
2023-05-10 09:40:16,OP90002167,中证500ETF购12月7250,0.0458,0.0,0.0,0.0,20,0.0458,0.0469,20,0.0439,0.0427,0.0458,0.0427,26.0,11877.0,944
2023-05-10 09:40:22,OP90002167,中证500ETF购12月7250,0.0458,0.0,0.0,0.0,20,0.0458,0.0469,20,0.0439,0.0427,0.0458,0.0427,26.0,11877.0,944
2023-05-10 09:40:25,OP90002167,中证500ETF购12月7250,0.0458,0.0,0.0,0.0,20,0.0458,0.0469,20,0.0439,0.0427,0.0458,0.0427,26.0,11877.0,944
2023-05-10 09:40:27,OP90002167,中证500ETF购12月7250,0.0458,0.0,0.0,0.0,20,0.0459,0.047,30,0.0439,0.0427,0.0458,0.0427,26.0,11877.0,944
2023-05-10 09:40:28,OP90002167,中证500ETF购12月7250,0.0458,0.0,0.0,0.0,20,0.0459,0.047,20,0.0439,0.0427,0.0458,0.0427,26.0,11877.0,944
2023-05-10 09:40:28,OP90002167,中证500ETF购12月7250,0.0458,0.0,0.0,0.0,20,0.0459,0.047,20,0.0439,0.0427,0.0458,0.0427,26.0,11877.0,944
2023-05-10 09:40:29,OP90002167,中证500ETF购12月7250,0.0458,0.0,0.0,0.0,20,0.046,0.047,20,0.0439,0.0427,0.0458,0.0427,26.0,11877.0,944
