time,symbol_id,symbol_name,last,trade_volume,trade_amount,open_interest_change,bv1,bp1,ap1,av1,yesterday_close,today_open,today_high,today_low,volume,amount,open_interest
2023-05-10 21:00:00,m2311-C-3350,m2311-C-3350,240.0,0.0,0.0,0.0,1,31.5,0.0,0,240.0,0.0,0.0,0.0,0.0,0.0,0
2023-05-10 21:00:07,m2311-C-3350,m2311-C-3350,240.0,0.0,0.0,0.0,10,32.0,0.0,0,240.0,0.0,0.0,0.0,0.0,0.0,0
2023-05-10 21:00:09,m2311-C-3350,m2311-C-3350,240.0,0.0,0.0,0.0,1,32.5,0.0,0,240.0,0.0,0.0,0.0,0.0,0.0,0
2023-05-10 21:00:09,m2311-C-3350,m2311-C-3350,240.0,0.0,0.0,0.0,10,33.0,0.0,0,240.0,0.0,0.0,0.0,0.0,0.0,0
2023-05-10 21:00:40,m2311-C-3350,m2311-C-3350,240.0,0.0,0.0,0.0,1,69.0,0.0,0,240.0,0.0,0.0,0.0,0.0,0.0,0
2023-05-10 21:00:40,m2311-C-3350,m2311-C-3350,240.0,0.0,0.0,0.0,10,69.5,0.0,0,240.0,0.0,0.0,0.0,0.0,0.0,0
2023-05-10 21:01:44,m2311-C-3350,m2311-C-3350,240.0,0.0,0.0,0.0,1,70.0,0.0,0,240.0,0.0,0.0,0.0,0.0,0.0,0
2023-05-10 21:01:44,m2311-C-3350,m2311-C-3350,240.0,0.0,0.0,0.0,10,70.5,0.0,0,240.0,0.0,0.0,0.0,0.0,0.0,0
2023-05-10 21:05:03,m2311-C-3350,m2311-C-3350,240.0,0.0,0.0,0.0,2,71.0,0.0,0,240.0,0.0,0.0,0.0,0.0,0.0,0
2023-05-10 21:05:04,m2311-C-3350,m2311-C-3350,240.0,0.0,0.0,0.0,10,71.5,0.0,0,240.0,0.0,0.0,0.0,0.0,0.0,0
2023-05-10 21:05:05,m2311-C-3350,m2311-C-3350,240.0,0.0,0.0,0.0,2,72.0,0.0,0,240.0,0.0,0.0,0.0,0.0,0.0,0
2023-05-10 21:05:05,m2311-C-3350,m2311-C-3350,240.0,0.0,0.0,0.0,10,72.5,0.0,0,240.0,0.0,0.0,0.0,0.0,0.0,0
2023-05-10 21:05:06,m2311-C-3350,m2311-C-3350,240.0,0.0,0.0,0.0,2,73.0,0.0,0,240.0,0.0,0.0,0.0,0.0,0.0,0
2023-05-10 21:05:07,m2311-C-3350,m2311-C-3350,240.0,0.0,0.0,0.0,10,73.5,0.0,0,240.0,0.0,0.0,0.0,0.0,0.0,0
2023-05-10 21:05:08,m2311-C-3350,m2311-C-3350,240.0,0.0,0.0,0.0,1,70.0,0.0,0,240.0,0.0,0.0,0.0,0.0,0.0,0
2023-05-10 21:05:08,m2311-C-3350,m2311-C-3350,240.0,0.0,0.0,0.0,10,70.5,0.0,0,240.0,0.0,0.0,0.0,0.0,0.0,0
2023-05-10 21:05:09,m2311-C-3350,m2311-C-3350,240.0,0.0,0.0,0.0,2,71.0,0.0,0,240.0,0.0,0.0,0.0,0.0,0.0,0
2023-05-10 21:05:10,m2311-C-3350,m2311-C-3350,240.0,0.0,0.0,0.0,10,71.5,0.0,0,240.0,0.0,0.0,0.0,0.0,0.0,0
2023-05-10 21:05:11,m2311-C-3350,m2311-C-3350,240.0,0.0,0.0,0.0,2,72.0,0.0,0,240.0,0.0,0.0,0.0,0.0,0.0,0
2023-05-10 21:05:11,m2311-C-3350,m2311-C-3350,240.0,0.0,0.0,0.0,10,72.5,0.0,0,240.0,0.0,0.0,0.0,0.0,0.0,0
2023-05-10 21:05:12,m2311-C-3350,m2311-C-3350,240.0,0.0,0.0,0.0,1,70.0,0.0,0,240.0,0.0,0.0,0.0,0.0,0.0,0
2023-05-10 21:05:12,m2311-C-3350,m2311-C-3350,240.0,0.0,0.0,0.0,10,70.5,0.0,0,240.0,0.0,0.0,0.0,0.0,0.0,0
2023-05-10 21:05:13,m2311-C-3350,m2311-C-3350,240.0,0.0,0.0,0.0,2,74.0,0.0,0,240.0,0.0,0.0,0.0,0.0,0.0,0
2023-05-10 21:05:14,m2311-C-3350,m2311-C-3350,240.0,0.0,0.0,0.0,10,74.5,0.0,0,240.0,0.0,0.0,0.0,0.0,0.0,0
2023-05-10 21:05:15,m2311-C-3350,m2311-C-3350,240.0,0.0,0.0,0.0,2,75.0,0.0,0,240.0,0.0,0.0,0.0,0.0,0.0,0
2023-05-10 21:05:15,m2311-C-3350,m2311-C-3350,240.0,0.0,0.0,0.0,10,75.5,0.0,0,240.0,0.0,0.0,0.0,0.0,0.0,0
2023-05-10 21:05:17,m2311-C-3350,m2311-C-3350,240.0,0.0,0.0,0.0,2,76.0,0.0,0,240.0,0.0,0.0,0.0,0.0,0.0,0
2023-05-10 21:05:17,m2311-C-3350,m2311-C-3350,240.0,0.0,0.0,0.0,10,76.5,0.0,0,240.0,0.0,0.0,0.0,0.0,0.0,0
2023-05-10 21:05:18,m2311-C-3350,m2311-C-3350,240.0,0.0,0.0,0.0,1,70.0,0.0,0,240.0,0.0,0.0,0.0,0.0,0.0,0
2023-05-10 21:05:18,m2311-C-3350,m2311-C-3350,240.0,0.0,0.0,0.0,10,70.5,0.0,0,240.0,0.0,0.0,0.0,0.0,0.0,0
2023-05-10 21:05:19,m2311-C-3350,m2311-C-3350,240.0,0.0,0.0,0.0,2,74.0,0.0,0,240.0,0.0,0.0,0.0,0.0,0.0,0
2023-05-10 21:05:20,m2311-C-3350,m2311-C-3350,240.0,0.0,0.0,0.0,10,74.5,0.0,0,240.0,0.0,0.0,0.0,0.0,0.0,0
2023-05-10 21:05:21,m2311-C-3350,m2311-C-3350,240.0,0.0,0.0,0.0,1,70.0,0.0,0,240.0,0.0,0.0,0.0,0.0,0.0,0
2023-05-10 21:05:21,m2311-C-3350,m2311-C-3350,240.0,0.0,0.0,0.0,10,70.5,0.0,0,240.0,0.0,0.0,0.0,0.0,0.0,0
2023-05-10 21:05:22,m2311-C-3350,m2311-C-3350,240.0,0.0,0.0,0.0,2,77.0,0.0,0,240.0,0.0,0.0,0.0,0.0,0.0,0
2023-05-10 21:05:22,m2311-C-3350,m2311-C-3350,240.0,0.0,0.0,0.0,10,77.5,0.0,0,240.0,0.0,0.0,0.0,0.0,0.0,0
2023-05-10 21:05:23,m2311-C-3350,m2311-C-3350,240.0,0.0,0.0,0.0,2,81.0,0.0,0,240.0,0.0,0.0,0.0,0.0,0.0,0
2023-05-10 21:05:23,m2311-C-3350,m2311-C-3350,240.0,0.0,0.0,0.0,10,81.5,0.0,0,240.0,0.0,0.0,0.0,0.0,0.0,0
2023-05-10 21:05:24,m2311-C-3350,m2311-C-3350,240.0,0.0,0.0,0.0,2,82.0,0.0,0,240.0,0.0,0.0,0.0,0.0,0.0,0
2023-05-10 21:05:25,m2311-C-3350,m2311-C-3350,240.0,0.0,0.0,0.0,10,82.5,0.0,0,240.0,0.0,0.0,0.0,0.0,0.0,0
2023-05-10 21:05:25,m2311-C-3350,m2311-C-3350,240.0,0.0,0.0,0.0,2,83.0,0.0,0,240.0,0.0,0.0,0.0,0.0,0.0,0
2023-05-10 21:05:26,m2311-C-3350,m2311-C-3350,240.0,0.0,0.0,0.0,10,83.5,0.0,0,240.0,0.0,0.0,0.0,0.0,0.0,0
2023-05-10 21:05:27,m2311-C-3350,m2311-C-3350,240.0,0.0,0.0,0.0,2,84.0,0.0,0,240.0,0.0,0.0,0.0,0.0,0.0,0
2023-05-10 21:05:27,m2311-C-3350,m2311-C-3350,240.0,0.0,0.0,0.0,10,84.5,0.0,0,240.0,0.0,0.0,0.0,0.0,0.0,0
2023-05-10 21:05:28,m2311-C-3350,m2311-C-3350,240.0,0.0,0.0,0.0,1,70.0,0.0,0,240.0,0.0,0.0,0.0,0.0,0.0,0
2023-05-10 21:05:28,m2311-C-3350,m2311-C-3350,240.0,0.0,0.0,0.0,10,70.5,0.0,0,240.0,0.0,0.0,0.0,0.0,0.0,0
2023-05-10 21:05:29,m2311-C-3350,m2311-C-3350,240.0,0.0,0.0,0.0,2,77.0,0.0,0,240.0,0.0,0.0,0.0,0.0,0.0,0
2023-05-10 21:05:30,m2311-C-3350,m2311-C-3350,240.0,0.0,0.0,0.0,10,77.5,0.0,0,240.0,0.0,0.0,0.0,0.0,0.0,0
2023-05-10 21:05:31,m2311-C-3350,m2311-C-3350,240.0,0.0,0.0,0.0,2,84.0,0.0,0,240.0,0.0,0.0,0.0,0.0,0.0,0
2023-05-10 21:05:31,m2311-C-3350,m2311-C-3350,240.0,0.0,0.0,0.0,10,84.5,0.0,0,240.0,0.0,0.0,0.0,0.0,0.0,0
2023-05-10 21:05:33,m2311-C-3350,m2311-C-3350,240.0,0.0,0.0,0.0,2,88.0,0.0,0,240.0,0.0,0.0,0.0,0.0,0.0,0
2023-05-10 21:05:33,m2311-C-3350,m2311-C-3350,240.0,0.0,0.0,0.0,10,88.5,0.0,0,240.0,0.0,0.0,0.0,0.0,0.0,0
2023-05-10 21:05:34,m2311-C-3350,m2311-C-3350,240.0,0.0,0.0,0.0,2,89.0,0.0,0,240.0,0.0,0.0,0.0,0.0,0.0,0
2023-05-10 21:05:34,m2311-C-3350,m2311-C-3350,240.0,0.0,0.0,0.0,10,89.5,0.0,0,240.0,0.0,0.0,0.0,0.0,0.0,0
2023-05-10 21:05:35,m2311-C-3350,m2311-C-3350,240.0,0.0,0.0,0.0,2,90.0,0.0,0,240.0,0.0,0.0,0.0,0.0,0.0,0
2023-05-10 21:05:35,m2311-C-3350,m2311-C-3350,240.0,0.0,0.0,0.0,10,90.5,0.0,0,240.0,0.0,0.0,0.0,0.0,0.0,0
2023-05-10 21:05:36,m2311-C-3350,m2311-C-3350,240.0,0.0,0.0,0.0,2,91.0,0.0,0,240.0,0.0,0.0,0.0,0.0,0.0,0
2023-05-10 21:05:36,m2311-C-3350,m2311-C-3350,240.0,0.0,0.0,0.0,10,91.5,0.0,0,240.0,0.0,0.0,0.0,0.0,0.0,0
2023-05-10 21:05:37,m2311-C-3350,m2311-C-3350,240.0,0.0,0.0,0.0,2,92.0,0.0,0,240.0,0.0,0.0,0.0,0.0,0.0,0
2023-05-10 21:05:37,m2311-C-3350,m2311-C-3350,240.0,0.0,0.0,0.0,10,92.5,0.0,0,240.0,0.0,0.0,0.0,0.0,0.0,0
2023-05-10 21:05:40,m2311-C-3350,m2311-C-3350,240.0,0.0,0.0,0.0,2,93.0,0.0,0,240.0,0.0,0.0,0.0,0.0,0.0,0
2023-05-10 21:05:40,m2311-C-3350,m2311-C-3350,240.0,0.0,0.0,0.0,10,93.5,0.0,0,240.0,0.0,0.0,0.0,0.0,0.0,0
2023-05-10 21:05:41,m2311-C-3350,m2311-C-3350,240.0,0.0,0.0,0.0,2,94.0,0.0,0,240.0,0.0,0.0,0.0,0.0,0.0,0
2023-05-10 21:05:41,m2311-C-3350,m2311-C-3350,240.0,0.0,0.0,0.0,10,94.5,0.0,0,240.0,0.0,0.0,0.0,0.0,0.0,0
2023-05-10 21:05:42,m2311-C-3350,m2311-C-3350,240.0,0.0,0.0,0.0,2,95.0,0.0,0,240.0,0.0,0.0,0.0,0.0,0.0,0
2023-05-10 21:05:42,m2311-C-3350,m2311-C-3350,240.0,0.0,0.0,0.0,10,95.5,0.0,0,240.0,0.0,0.0,0.0,0.0,0.0,0
2023-05-10 21:05:43,m2311-C-3350,m2311-C-3350,240.0,0.0,0.0,0.0,1,70.0,0.0,0,240.0,0.0,0.0,0.0,0.0,0.0,0
2023-05-10 21:05:43,m2311-C-3350,m2311-C-3350,240.0,0.0,0.0,0.0,10,70.5,0.0,0,240.0,0.0,0.0,0.0,0.0,0.0,0
2023-05-10 21:05:46,m2311-C-3350,m2311-C-3350,240.0,0.0,0.0,0.0,2,77.0,0.0,0,240.0,0.0,0.0,0.0,0.0,0.0,0
2023-05-10 21:05:46,m2311-C-3350,m2311-C-3350,240.0,0.0,0.0,0.0,10,77.5,0.0,0,240.0,0.0,0.0,0.0,0.0,0.0,0
2023-05-10 21:05:47,m2311-C-3350,m2311-C-3350,240.0,0.0,0.0,0.0,2,84.0,0.0,0,240.0,0.0,0.0,0.0,0.0,0.0,0
2023-05-10 21:05:47,m2311-C-3350,m2311-C-3350,240.0,0.0,0.0,0.0,10,84.5,0.0,0,240.0,0.0,0.0,0.0,0.0,0.0,0
2023-05-10 21:05:48,m2311-C-3350,m2311-C-3350,240.0,0.0,0.0,0.0,2,91.0,0.0,0,240.0,0.0,0.0,0.0,0.0,0.0,0
2023-05-10 21:05:48,m2311-C-3350,m2311-C-3350,240.0,0.0,0.0,0.0,10,91.5,0.0,0,240.0,0.0,0.0,0.0,0.0,0.0,0
2023-05-10 21:05:49,m2311-C-3350,m2311-C-3350,240.0,0.0,0.0,0.0,2,95.0,0.0,0,240.0,0.0,0.0,0.0,0.0,0.0,0
2023-05-10 21:05:49,m2311-C-3350,m2311-C-3350,240.0,0.0,0.0,0.0,10,95.5,0.0,0,240.0,0.0,0.0,0.0,0.0,0.0,0
2023-05-10 21:05:50,m2311-C-3350,m2311-C-3350,240.0,0.0,0.0,0.0,2,99.0,0.0,0,240.0,0.0,0.0,0.0,0.0,0.0,0
2023-05-10 21:05:50,m2311-C-3350,m2311-C-3350,240.0,0.0,0.0,0.0,10,99.5,0.0,0,240.0,0.0,0.0,0.0,0.0,0.0,0
2023-05-10 21:05:51,m2311-C-3350,m2311-C-3350,240.0,0.0,0.0,0.0,2,100.0,0.0,0,240.0,0.0,0.0,0.0,0.0,0.0,0
2023-05-10 21:05:51,m2311-C-3350,m2311-C-3350,240.0,0.0,0.0,0.0,10,100.5,0.0,0,240.0,0.0,0.0,0.0,0.0,0.0,0
2023-05-10 21:05:52,m2311-C-3350,m2311-C-3350,240.0,0.0,0.0,0.0,2,101.0,0.0,0,240.0,0.0,0.0,0.0,0.0,0.0,0
2023-05-10 21:05:52,m2311-C-3350,m2311-C-3350,240.0,0.0,0.0,0.0,10,101.5,0.0,0,240.0,0.0,0.0,0.0,0.0,0.0,0
2023-05-10 21:05:53,m2311-C-3350,m2311-C-3350,240.0,0.0,0.0,0.0,2,102.0,0.0,0,240.0,0.0,0.0,0.0,0.0,0.0,0
2023-05-10 21:05:53,m2311-C-3350,m2311-C-3350,240.0,0.0,0.0,0.0,10,102.5,0.0,0,240.0,0.0,0.0,0.0,0.0,0.0,0
2023-05-10 21:05:54,m2311-C-3350,m2311-C-3350,240.0,0.0,0.0,0.0,2,103.0,0.0,0,240.0,0.0,0.0,0.0,0.0,0.0,0
2023-05-10 21:05:54,m2311-C-3350,m2311-C-3350,240.0,0.0,0.0,0.0,10,103.5,0.0,0,240.0,0.0,0.0,0.0,0.0,0.0,0
2023-05-10 21:31:44,m2311-C-3350,m2311-C-3350,240.0,0.0,0.0,0.0,1,104.0,0.0,0,240.0,0.0,0.0,0.0,0.0,0.0,0
2023-05-10 21:31:44,m2311-C-3350,m2311-C-3350,240.0,0.0,0.0,0.0,10,104.5,0.0,0,240.0,0.0,0.0,0.0,0.0,0.0,0
2023-05-10 22:01:44,m2311-C-3350,m2311-C-3350,240.0,0.0,0.0,0.0,1,105.0,0.0,0,240.0,0.0,0.0,0.0,0.0,0.0,0
2023-05-10 22:01:44,m2311-C-3350,m2311-C-3350,240.0,0.0,0.0,0.0,10,105.5,0.0,0,240.0,0.0,0.0,0.0,0.0,0.0,0
2023-05-10 22:49:54,m2311-C-3350,m2311-C-3350,240.0,0.0,0.0,0.0,1,106.0,0.0,0,240.0,0.0,0.0,0.0,0.0,0.0,0
2023-05-10 22:49:54,m2311-C-3350,m2311-C-3350,240.0,0.0,0.0,0.0,10,106.5,0.0,0,240.0,0.0,0.0,0.0,0.0,0.0,0
2023-05-10 22:57:33,m2311-C-3350,m2311-C-3350,240.0,0.0,0.0,0.0,1,106.0,0.0,0,240.0,0.0,0.0,0.0,0.0,0.0,0
2023-05-10 22:57:47,m2311-C-3350,m2311-C-3350,240.0,0.0,0.0,0.0,1,69.0,0.0,0,240.0,0.0,0.0,0.0,0.0,0.0,0
2023-05-10 22:59:16,m2311-C-3350,m2311-C-3350,240.0,0.0,0.0,0.0,10,69.5,0.0,0,240.0,0.0,0.0,0.0,0.0,0.0,0
2023-05-10 22:59:56,m2311-C-3350,m2311-C-3350,240.0,0.0,0.0,0.0,0,0.0,0.0,0,240.0,0.0,0.0,0.0,0.0,0.0,0
2023-05-11 09:00:32,m2311-C-3350,m2311-C-3350,240.0,0.0,0.0,0.0,1,31.5,0.0,0,240.0,0.0,0.0,0.0,0.0,0.0,0
2023-05-11 09:00:32,m2311-C-3350,m2311-C-3350,240.0,0.0,0.0,0.0,10,32.0,0.0,0,240.0,0.0,0.0,0.0,0.0,0.0,0
2023-05-11 09:00:34,m2311-C-3350,m2311-C-3350,240.0,0.0,0.0,0.0,1,61.0,0.0,0,240.0,0.0,0.0,0.0,0.0,0.0,0
2023-05-11 09:00:34,m2311-C-3350,m2311-C-3350,240.0,0.0,0.0,0.0,10,61.5,0.0,0,240.0,0.0,0.0,0.0,0.0,0.0,0
2023-05-11 09:00:37,m2311-C-3350,m2311-C-3350,240.0,0.0,0.0,0.0,1,62.0,0.0,0,240.0,0.0,0.0,0.0,0.0,0.0,0
2023-05-11 09:00:37,m2311-C-3350,m2311-C-3350,240.0,0.0,0.0,0.0,10,62.5,0.0,0,240.0,0.0,0.0,0.0,0.0,0.0,0
2023-05-11 09:04:40,m2311-C-3350,m2311-C-3350,240.0,0.0,0.0,0.0,2,63.0,0.0,0,240.0,0.0,0.0,0.0,0.0,0.0,0
2023-05-11 09:04:41,m2311-C-3350,m2311-C-3350,240.0,0.0,0.0,0.0,10,63.5,0.0,0,240.0,0.0,0.0,0.0,0.0,0.0,0
2023-05-11 09:04:42,m2311-C-3350,m2311-C-3350,240.0,0.0,0.0,0.0,2,64.0,0.0,0,240.0,0.0,0.0,0.0,0.0,0.0,0
2023-05-11 09:04:42,m2311-C-3350,m2311-C-3350,240.0,0.0,0.0,0.0,10,64.5,0.0,0,240.0,0.0,0.0,0.0,0.0,0.0,0
2023-05-11 09:04:43,m2311-C-3350,m2311-C-3350,240.0,0.0,0.0,0.0,2,65.0,0.0,0,240.0,0.0,0.0,0.0,0.0,0.0,0
2023-05-11 09:04:44,m2311-C-3350,m2311-C-3350,240.0,0.0,0.0,0.0,10,65.5,0.0,0,240.0,0.0,0.0,0.0,0.0,0.0,0
2023-05-11 09:04:45,m2311-C-3350,m2311-C-3350,240.0,0.0,0.0,0.0,2,66.0,0.0,0,240.0,0.0,0.0,0.0,0.0,0.0,0
2023-05-11 09:04:45,m2311-C-3350,m2311-C-3350,240.0,0.0,0.0,0.0,10,66.5,0.0,0,240.0,0.0,0.0,0.0,0.0,0.0,0
2023-05-11 09:04:46,m2311-C-3350,m2311-C-3350,240.0,0.0,0.0,0.0,2,67.0,0.0,0,240.0,0.0,0.0,0.0,0.0,0.0,0
2023-05-11 09:04:47,m2311-C-3350,m2311-C-3350,240.0,0.0,0.0,0.0,10,67.5,0.0,0,240.0,0.0,0.0,0.0,0.0,0.0,0
2023-05-11 09:04:47,m2311-C-3350,m2311-C-3350,240.0,0.0,0.0,0.0,2,68.0,0.0,0,240.0,0.0,0.0,0.0,0.0,0.0,0
2023-05-11 09:04:48,m2311-C-3350,m2311-C-3350,240.0,0.0,0.0,0.0,10,68.5,0.0,0,240.0,0.0,0.0,0.0,0.0,0.0,0
2023-05-11 09:04:49,m2311-C-3350,m2311-C-3350,240.0,0.0,0.0,0.0,2,69.0,0.0,0,240.0,0.0,0.0,0.0,0.0,0.0,0
2023-05-11 09:04:49,m2311-C-3350,m2311-C-3350,240.0,0.0,0.0,0.0,10,69.5,0.0,0,240.0,0.0,0.0,0.0,0.0,0.0,0
2023-05-11 09:04:50,m2311-C-3350,m2311-C-3350,240.0,0.0,0.0,0.0,2,70.0,0.0,0,240.0,0.0,0.0,0.0,0.0,0.0,0
2023-05-11 09:04:51,m2311-C-3350,m2311-C-3350,240.0,0.0,0.0,0.0,10,70.5,0.0,0,240.0,0.0,0.0,0.0,0.0,0.0,0
2023-05-11 09:04:52,m2311-C-3350,m2311-C-3350,240.0,0.0,0.0,0.0,2,71.0,0.0,0,240.0,0.0,0.0,0.0,0.0,0.0,0
2023-05-11 09:04:52,m2311-C-3350,m2311-C-3350,240.0,0.0,0.0,0.0,10,71.5,0.0,0,240.0,0.0,0.0,0.0,0.0,0.0,0
2023-05-11 09:04:53,m2311-C-3350,m2311-C-3350,240.0,0.0,0.0,0.0,2,72.0,0.0,0,240.0,0.0,0.0,0.0,0.0,0.0,0
2023-05-11 09:04:54,m2311-C-3350,m2311-C-3350,240.0,0.0,0.0,0.0,10,72.5,0.0,0,240.0,0.0,0.0,0.0,0.0,0.0,0
2023-05-11 09:04:55,m2311-C-3350,m2311-C-3350,240.0,0.0,0.0,0.0,2,73.0,0.0,0,240.0,0.0,0.0,0.0,0.0,0.0,0
2023-05-11 09:04:55,m2311-C-3350,m2311-C-3350,240.0,0.0,0.0,0.0,10,73.5,0.0,0,240.0,0.0,0.0,0.0,0.0,0.0,0
2023-05-11 09:04:56,m2311-C-3350,m2311-C-3350,240.0,0.0,0.0,0.0,2,74.0,0.0,0,240.0,0.0,0.0,0.0,0.0,0.0,0
2023-05-11 09:04:57,m2311-C-3350,m2311-C-3350,240.0,0.0,0.0,0.0,10,74.5,0.0,0,240.0,0.0,0.0,0.0,0.0,0.0,0
2023-05-11 09:04:57,m2311-C-3350,m2311-C-3350,240.0,0.0,0.0,0.0,2,75.0,0.0,0,240.0,0.0,0.0,0.0,0.0,0.0,0
2023-05-11 09:04:58,m2311-C-3350,m2311-C-3350,240.0,0.0,0.0,0.0,10,75.5,0.0,0,240.0,0.0,0.0,0.0,0.0,0.0,0
2023-05-11 09:04:59,m2311-C-3350,m2311-C-3350,240.0,0.0,0.0,0.0,2,76.0,0.0,0,240.0,0.0,0.0,0.0,0.0,0.0,0
2023-05-11 09:04:59,m2311-C-3350,m2311-C-3350,240.0,0.0,0.0,0.0,10,76.5,0.0,0,240.0,0.0,0.0,0.0,0.0,0.0,0
2023-05-11 09:05:00,m2311-C-3350,m2311-C-3350,240.0,0.0,0.0,0.0,1,62.0,0.0,0,240.0,0.0,0.0,0.0,0.0,0.0,0
2023-05-11 09:05:00,m2311-C-3350,m2311-C-3350,240.0,0.0,0.0,0.0,10,62.5,0.0,0,240.0,0.0,0.0,0.0,0.0,0.0,0
2023-05-11 09:05:02,m2311-C-3350,m2311-C-3350,240.0,0.0,0.0,0.0,1,62.0,0.0,0,240.0,0.0,0.0,0.0,0.0,0.0,0
2023-05-11 09:05:02,m2311-C-3350,m2311-C-3350,240.0,0.0,0.0,0.0,10,62.5,0.0,0,240.0,0.0,0.0,0.0,0.0,0.0,0
2023-05-11 09:05:03,m2311-C-3350,m2311-C-3350,240.0,0.0,0.0,0.0,2,69.0,0.0,0,240.0,0.0,0.0,0.0,0.0,0.0,0
2023-05-11 09:05:03,m2311-C-3350,m2311-C-3350,240.0,0.0,0.0,0.0,10,69.5,0.0,0,240.0,0.0,0.0,0.0,0.0,0.0,0
2023-05-11 09:05:04,m2311-C-3350,m2311-C-3350,240.0,0.0,0.0,0.0,2,73.0,0.0,0,240.0,0.0,0.0,0.0,0.0,0.0,0
2023-05-11 09:05:05,m2311-C-3350,m2311-C-3350,240.0,0.0,0.0,0.0,10,73.5,0.0,0,240.0,0.0,0.0,0.0,0.0,0.0,0
2023-05-11 09:05:06,m2311-C-3350,m2311-C-3350,240.0,0.0,0.0,0.0,1,62.0,0.0,0,240.0,0.0,0.0,0.0,0.0,0.0,0
2023-05-11 09:05:06,m2311-C-3350,m2311-C-3350,240.0,0.0,0.0,0.0,10,62.5,0.0,0,240.0,0.0,0.0,0.0,0.0,0.0,0
2023-05-11 09:05:07,m2311-C-3350,m2311-C-3350,240.0,0.0,0.0,0.0,2,69.0,0.0,0,240.0,0.0,0.0,0.0,0.0,0.0,0
2023-05-11 09:05:07,m2311-C-3350,m2311-C-3350,240.0,0.0,0.0,0.0,10,69.5,0.0,0,240.0,0.0,0.0,0.0,0.0,0.0,0
2023-05-11 09:05:08,m2311-C-3350,m2311-C-3350,240.0,0.0,0.0,0.0,2,76.0,0.0,0,240.0,0.0,0.0,0.0,0.0,0.0,0
2023-05-11 09:05:08,m2311-C-3350,m2311-C-3350,240.0,0.0,0.0,0.0,10,76.5,0.0,0,240.0,0.0,0.0,0.0,0.0,0.0,0
2023-05-11 09:05:09,m2311-C-3350,m2311-C-3350,240.0,0.0,0.0,0.0,1,62.0,0.0,0,240.0,0.0,0.0,0.0,0.0,0.0,0
2023-05-11 09:05:09,m2311-C-3350,m2311-C-3350,240.0,0.0,0.0,0.0,10,62.5,0.0,0,240.0,0.0,0.0,0.0,0.0,0.0,0
2023-05-11 09:05:12,m2311-C-3350,m2311-C-3350,240.0,0.0,0.0,0.0,2,69.0,0.0,0,240.0,0.0,0.0,0.0,0.0,0.0,0
2023-05-11 09:05:12,m2311-C-3350,m2311-C-3350,240.0,0.0,0.0,0.0,10,69.5,0.0,0,240.0,0.0,0.0,0.0,0.0,0.0,0
2023-05-11 09:05:14,m2311-C-3350,m2311-C-3350,240.0,0.0,0.0,0.0,1,62.0,0.0,0,240.0,0.0,0.0,0.0,0.0,0.0,0
2023-05-11 09:05:14,m2311-C-3350,m2311-C-3350,240.0,0.0,0.0,0.0,10,62.5,0.0,0,240.0,0.0,0.0,0.0,0.0,0.0,0
2023-05-11 09:05:15,m2311-C-3350,m2311-C-3350,240.0,0.0,0.0,0.0,2,69.0,0.0,0,240.0,0.0,0.0,0.0,0.0,0.0,0
2023-05-11 09:05:15,m2311-C-3350,m2311-C-3350,240.0,0.0,0.0,0.0,10,69.5,0.0,0,240.0,0.0,0.0,0.0,0.0,0.0,0
2023-05-11 09:05:16,m2311-C-3350,m2311-C-3350,240.0,0.0,0.0,0.0,2,76.0,0.0,0,240.0,0.0,0.0,0.0,0.0,0.0,0
2023-05-11 09:05:16,m2311-C-3350,m2311-C-3350,240.0,0.0,0.0,0.0,10,76.5,0.0,0,240.0,0.0,0.0,0.0,0.0,0.0,0
2023-05-11 09:05:17,m2311-C-3350,m2311-C-3350,240.0,0.0,0.0,0.0,2,83.0,0.0,0,240.0,0.0,0.0,0.0,0.0,0.0,0
2023-05-11 09:05:17,m2311-C-3350,m2311-C-3350,240.0,0.0,0.0,0.0,10,83.5,0.0,0,240.0,0.0,0.0,0.0,0.0,0.0,0
2023-05-11 09:05:18,m2311-C-3350,m2311-C-3350,240.0,0.0,0.0,0.0,2,87.0,0.0,0,240.0,0.0,0.0,0.0,0.0,0.0,0
2023-05-11 09:05:19,m2311-C-3350,m2311-C-3350,240.0,0.0,0.0,0.0,10,87.5,0.0,0,240.0,0.0,0.0,0.0,0.0,0.0,0
2023-05-11 09:05:19,m2311-C-3350,m2311-C-3350,240.0,0.0,0.0,0.0,2,88.0,0.0,0,240.0,0.0,0.0,0.0,0.0,0.0,0
2023-05-11 09:05:20,m2311-C-3350,m2311-C-3350,240.0,0.0,0.0,0.0,10,88.5,0.0,0,240.0,0.0,0.0,0.0,0.0,0.0,0
2023-05-11 09:05:20,m2311-C-3350,m2311-C-3350,240.0,0.0,0.0,0.0,2,89.0,0.0,0,240.0,0.0,0.0,0.0,0.0,0.0,0
2023-05-11 09:05:21,m2311-C-3350,m2311-C-3350,240.0,0.0,0.0,0.0,10,89.5,0.0,0,240.0,0.0,0.0,0.0,0.0,0.0,0
2023-05-11 09:05:22,m2311-C-3350,m2311-C-3350,240.0,0.0,0.0,0.0,1,62.0,0.0,0,240.0,0.0,0.0,0.0,0.0,0.0,0
2023-05-11 09:05:22,m2311-C-3350,m2311-C-3350,240.0,0.0,0.0,0.0,10,62.5,0.0,0,240.0,0.0,0.0,0.0,0.0,0.0,0
2023-05-11 09:05:23,m2311-C-3350,m2311-C-3350,240.0,0.0,0.0,0.0,2,69.0,0.0,0,240.0,0.0,0.0,0.0,0.0,0.0,0
2023-05-11 09:05:23,m2311-C-3350,m2311-C-3350,240.0,0.0,0.0,0.0,10,69.5,0.0,0,240.0,0.0,0.0,0.0,0.0,0.0,0
2023-05-11 09:05:25,m2311-C-3350,m2311-C-3350,240.0,0.0,0.0,0.0,1,62.0,0.0,0,240.0,0.0,0.0,0.0,0.0,0.0,0
2023-05-11 09:05:25,m2311-C-3350,m2311-C-3350,240.0,0.0,0.0,0.0,10,62.5,0.0,0,240.0,0.0,0.0,0.0,0.0,0.0,0
2023-05-11 09:05:26,m2311-C-3350,m2311-C-3350,240.0,0.0,0.0,0.0,2,69.0,0.0,0,240.0,0.0,0.0,0.0,0.0,0.0,0
2023-05-11 09:05:26,m2311-C-3350,m2311-C-3350,240.0,0.0,0.0,0.0,10,69.5,0.0,0,240.0,0.0,0.0,0.0,0.0,0.0,0
2023-05-11 09:05:27,m2311-C-3350,m2311-C-3350,240.0,0.0,0.0,0.0,2,76.0,0.0,0,240.0,0.0,0.0,0.0,0.0,0.0,0
2023-05-11 09:05:28,m2311-C-3350,m2311-C-3350,240.0,0.0,0.0,0.0,10,76.5,0.0,0,240.0,0.0,0.0,0.0,0.0,0.0,0
2023-05-11 09:05:28,m2311-C-3350,m2311-C-3350,240.0,0.0,0.0,0.0,2,83.0,0.0,0,240.0,0.0,0.0,0.0,0.0,0.0,0
2023-05-11 09:05:29,m2311-C-3350,m2311-C-3350,240.0,0.0,0.0,0.0,10,83.5,0.0,0,240.0,0.0,0.0,0.0,0.0,0.0,0
2023-05-11 09:05:29,m2311-C-3350,m2311-C-3350,240.0,0.0,0.0,0.0,2,90.0,0.0,0,240.0,0.0,0.0,0.0,0.0,0.0,0
2023-05-11 09:05:30,m2311-C-3350,m2311-C-3350,240.0,0.0,0.0,0.0,10,90.5,0.0,0,240.0,0.0,0.0,0.0,0.0,0.0,0
2023-05-11 09:05:30,m2311-C-3350,m2311-C-3350,240.0,0.0,0.0,0.0,2,94.0,0.0,0,240.0,0.0,0.0,0.0,0.0,0.0,0
2023-05-11 09:05:31,m2311-C-3350,m2311-C-3350,240.0,0.0,0.0,0.0,10,94.5,0.0,0,240.0,0.0,0.0,0.0,0.0,0.0,0
2023-05-11 09:05:31,m2311-C-3350,m2311-C-3350,240.0,0.0,0.0,0.0,2,98.0,0.0,0,240.0,0.0,0.0,0.0,0.0,0.0,0
2023-05-11 09:05:32,m2311-C-3350,m2311-C-3350,240.0,0.0,0.0,0.0,10,98.5,0.0,0,240.0,0.0,0.0,0.0,0.0,0.0,0
2023-05-11 09:05:32,m2311-C-3350,m2311-C-3350,240.0,0.0,0.0,0.0,2,99.0,0.0,0,240.0,0.0,0.0,0.0,0.0,0.0,0
2023-05-11 09:05:33,m2311-C-3350,m2311-C-3350,240.0,0.0,0.0,0.0,10,99.5,0.0,0,240.0,0.0,0.0,0.0,0.0,0.0,0
2023-05-11 09:05:33,m2311-C-3350,m2311-C-3350,240.0,0.0,0.0,0.0,2,100.0,0.0,0,240.0,0.0,0.0,0.0,0.0,0.0,0
2023-05-11 09:05:34,m2311-C-3350,m2311-C-3350,240.0,0.0,0.0,0.0,10,100.5,0.0,0,240.0,0.0,0.0,0.0,0.0,0.0,0
2023-05-11 09:05:34,m2311-C-3350,m2311-C-3350,240.0,0.0,0.0,0.0,2,101.0,0.0,0,240.0,0.0,0.0,0.0,0.0,0.0,0
2023-05-11 09:05:35,m2311-C-3350,m2311-C-3350,240.0,0.0,0.0,0.0,10,101.5,0.0,0,240.0,0.0,0.0,0.0,0.0,0.0,0
2023-05-11 09:05:35,m2311-C-3350,m2311-C-3350,240.0,0.0,0.0,0.0,2,102.0,0.0,0,240.0,0.0,0.0,0.0,0.0,0.0,0
2023-05-11 09:05:36,m2311-C-3350,m2311-C-3350,240.0,0.0,0.0,0.0,10,102.5,0.0,0,240.0,0.0,0.0,0.0,0.0,0.0,0
2023-05-11 09:05:36,m2311-C-3350,m2311-C-3350,240.0,0.0,0.0,0.0,2,103.0,0.0,0,240.0,0.0,0.0,0.0,0.0,0.0,0
2023-05-11 09:05:36,m2311-C-3350,m2311-C-3350,240.0,0.0,0.0,0.0,10,103.5,0.0,0,240.0,0.0,0.0,0.0,0.0,0.0,0
2023-05-11 09:05:37,m2311-C-3350,m2311-C-3350,240.0,0.0,0.0,0.0,2,104.0,0.0,0,240.0,0.0,0.0,0.0,0.0,0.0,0
2023-05-11 09:05:37,m2311-C-3350,m2311-C-3350,240.0,0.0,0.0,0.0,10,104.5,0.0,0,240.0,0.0,0.0,0.0,0.0,0.0,0
2023-05-11 09:05:38,m2311-C-3350,m2311-C-3350,240.0,0.0,0.0,0.0,2,105.0,0.0,0,240.0,0.0,0.0,0.0,0.0,0.0,0
2023-05-11 09:05:38,m2311-C-3350,m2311-C-3350,240.0,0.0,0.0,0.0,10,105.5,0.0,0,240.0,0.0,0.0,0.0,0.0,0.0,0
2023-05-11 09:05:39,m2311-C-3350,m2311-C-3350,240.0,0.0,0.0,0.0,2,106.0,0.0,0,240.0,0.0,0.0,0.0,0.0,0.0,0
2023-05-11 09:05:39,m2311-C-3350,m2311-C-3350,240.0,0.0,0.0,0.0,10,106.5,0.0,0,240.0,0.0,0.0,0.0,0.0,0.0,0
2023-05-11 09:08:11,m2311-C-3350,m2311-C-3350,240.0,0.0,0.0,0.0,2,107.0,0.0,0,240.0,0.0,0.0,0.0,0.0,0.0,0
2023-05-11 09:08:12,m2311-C-3350,m2311-C-3350,240.0,0.0,0.0,0.0,10,107.5,0.0,0,240.0,0.0,0.0,0.0,0.0,0.0,0
2023-05-11 09:27:12,m2311-C-3350,m2311-C-3350,240.0,0.0,0.0,0.0,2,108.0,0.0,0,240.0,0.0,0.0,0.0,0.0,0.0,0
2023-05-11 09:27:12,m2311-C-3350,m2311-C-3350,240.0,0.0,0.0,0.0,10,108.5,0.0,0,240.0,0.0,0.0,0.0,0.0,0.0,0
2023-05-11 09:40:32,m2311-C-3350,m2311-C-3350,240.0,0.0,0.0,0.0,1,109.0,0.0,0,240.0,0.0,0.0,0.0,0.0,0.0,0
2023-05-11 09:40:32,m2311-C-3350,m2311-C-3350,240.0,0.0,0.0,0.0,10,109.5,0.0,0,240.0,0.0,0.0,0.0,0.0,0.0,0
2023-05-11 10:10:45,m2311-C-3350,m2311-C-3350,240.0,0.0,0.0,0.0,1,110.0,0.0,0,240.0,0.0,0.0,0.0,0.0,0.0,0
2023-05-11 10:10:45,m2311-C-3350,m2311-C-3350,240.0,0.0,0.0,0.0,10,110.5,0.0,0,240.0,0.0,0.0,0.0,0.0,0.0,0
2023-05-11 10:14:32,m2311-C-3350,m2311-C-3350,240.0,0.0,0.0,0.0,1,110.0,0.0,0,240.0,0.0,0.0,0.0,0.0,0.0,0
2023-05-11 10:30:07,m2311-C-3350,m2311-C-3350,240.0,0.0,0.0,0.0,10,110.5,0.0,0,240.0,0.0,0.0,0.0,0.0,0.0,0
2023-05-11 10:40:50,m2311-C-3350,m2311-C-3350,240.0,0.0,0.0,0.0,1,111.0,0.0,0,240.0,0.0,0.0,0.0,0.0,0.0,0
2023-05-11 10:40:50,m2311-C-3350,m2311-C-3350,240.0,0.0,0.0,0.0,10,111.5,0.0,0,240.0,0.0,0.0,0.0,0.0,0.0,0
2023-05-11 11:12:09,m2311-C-3350,m2311-C-3350,240.0,0.0,0.0,0.0,1,112.0,0.0,0,240.0,0.0,0.0,0.0,0.0,0.0,0
2023-05-11 11:12:09,m2311-C-3350,m2311-C-3350,240.0,0.0,0.0,0.0,10,112.5,0.0,0,240.0,0.0,0.0,0.0,0.0,0.0,0
2023-05-11 11:29:33,m2311-C-3350,m2311-C-3350,240.0,0.0,0.0,0.0,1,112.0,0.0,0,240.0,0.0,0.0,0.0,0.0,0.0,0
2023-05-11 13:30:02,m2311-C-3350,m2311-C-3350,240.0,0.0,0.0,0.0,10,112.5,0.0,0,240.0,0.0,0.0,0.0,0.0,0.0,0
2023-05-11 13:31:02,m2311-C-3350,m2311-C-3350,240.0,0.0,0.0,0.0,1,113.0,0.0,0,240.0,0.0,0.0,0.0,0.0,0.0,0
2023-05-11 13:31:02,m2311-C-3350,m2311-C-3350,240.0,0.0,0.0,0.0,10,113.5,0.0,0,240.0,0.0,0.0,0.0,0.0,0.0,0
2023-05-11 14:12:56,m2311-C-3350,m2311-C-3350,240.0,0.0,0.0,0.0,1,114.0,0.0,0,240.0,0.0,0.0,0.0,0.0,0.0,0
2023-05-11 14:12:56,m2311-C-3350,m2311-C-3350,240.0,0.0,0.0,0.0,10,114.5,0.0,0,240.0,0.0,0.0,0.0,0.0,0.0,0
2023-05-11 14:38:16,m2311-C-3350,m2311-C-3350,240.0,0.0,0.0,0.0,5,215.0,240.5,5,240.0,0.0,0.0,0.0,0.0,0.0,0
2023-05-11 14:38:17,m2311-C-3350,m2311-C-3350,240.0,0.0,0.0,0.0,10,215.0,240.5,10,240.0,0.0,0.0,0.0,0.0,0.0,0
2023-05-11 14:38:22,m2311-C-3350,m2311-C-3350,240.0,0.0,0.0,0.0,5,218.0,240.5,10,240.0,0.0,0.0,0.0,0.0,0.0,0
2023-05-11 14:38:25,m2311-C-3350,m2311-C-3350,240.0,0.0,0.0,0.0,5,218.0,240.0,5,240.0,0.0,0.0,0.0,0.0,0.0,0
2023-05-11 14:38:28,m2311-C-3350,m2311-C-3350,240.0,0.0,0.0,0.0,5,218.0,238.0,5,240.0,0.0,0.0,0.0,0.0,0.0,0
2023-05-11 14:38:31,m2311-C-3350,m2311-C-3350,240.0,0.0,0.0,0.0,5,218.0,236.0,5,240.0,0.0,0.0,0.0,0.0,0.0,0
2023-05-11 14:38:33,m2311-C-3350,m2311-C-3350,240.0,0.0,0.0,0.0,5,217.5,236.0,5,240.0,0.0,0.0,0.0,0.0,0.0,0
2023-05-11 14:38:37,m2311-C-3350,m2311-C-3350,240.0,0.0,0.0,0.0,5,216.5,236.0,5,240.0,0.0,0.0,0.0,0.0,0.0,0
2023-05-11 14:38:43,m2311-C-3350,m2311-C-3350,240.0,0.0,0.0,0.0,5,216.5,237.0,5,240.0,0.0,0.0,0.0,0.0,0.0,0
2023-05-11 14:38:44,m2311-C-3350,m2311-C-3350,240.0,0.0,0.0,0.0,10,114.5,0.0,0,240.0,0.0,0.0,0.0,0.0,0.0,0
2023-05-11 14:43:23,m2311-C-3350,m2311-C-3350,240.0,0.0,0.0,0.0,1,115.0,0.0,0,240.0,0.0,0.0,0.0,0.0,0.0,0
2023-05-11 14:43:24,m2311-C-3350,m2311-C-3350,240.0,0.0,0.0,0.0,10,115.5,0.0,0,240.0,0.0,0.0,0.0,0.0,0.0,0
2023-05-11 14:59:02,m2311-C-3350,m2311-C-3350,240.0,0.0,0.0,0.0,1,115.0,0.0,0,240.0,0.0,0.0,0.0,0.0,0.0,0
2023-05-11 14:59:05,m2311-C-3350,m2311-C-3350,240.0,0.0,0.0,0.0,10,115.5,0.0,0,240.0,0.0,0.0,0.0,0.0,0.0,0
2023-05-11 14:59:10,m2311-C-3350,m2311-C-3350,240.0,0.0,0.0,0.0,1,115.0,0.0,0,240.0,0.0,0.0,0.0,0.0,0.0,0
2023-05-11 15:01:10,m2311-C-3350,m2311-C-3350,240.0,0.0,0.0,0.0,1,115.0,0.0,0,240.0,0.0,0.0,0.0,0.0,0.0,0
