time,symbol_id,symbol_name,last,trade_volume,trade_amount,open_interest_change,bv1,bp1,ap1,av1,yesterday_close,today_open,today_high,today_low,volume,amount,open_interest
2023-05-10 20:55:44,m2312-C-4150,m2312-C-4150,12.5,0.0,0.0,0.0,1,0.5,0.0,0,12.5,0.0,0.0,0.0,0.0,0.0,37
2023-05-10 21:05:01,m2312-C-4150,m2312-C-4150,12.5,0.0,0.0,0.0,1,1.5,0.0,0,12.5,0.0,0.0,0.0,0.0,0.0,37
2023-05-10 21:21:01,m2312-C-4150,m2312-C-4150,12.5,0.0,0.0,0.0,1,1.5,218.0,1,12.5,0.0,0.0,0.0,0.0,0.0,37
2023-05-10 21:21:01,m2312-C-4150,m2312-C-4150,12.5,0.0,0.0,0.0,1,1.5,217.5,10,12.5,0.0,0.0,0.0,0.0,0.0,37
2023-05-10 21:21:23,m2312-C-4150,m2312-C-4150,12.5,0.0,0.0,0.0,1,1.5,217.0,1,12.5,0.0,0.0,0.0,0.0,0.0,37
2023-05-10 21:21:24,m2312-C-4150,m2312-C-4150,12.5,0.0,0.0,0.0,1,1.5,216.5,10,12.5,0.0,0.0,0.0,0.0,0.0,37
2023-05-10 21:21:43,m2312-C-4150,m2312-C-4150,12.5,0.0,0.0,0.0,1,1.5,216.0,1,12.5,0.0,0.0,0.0,0.0,0.0,37
2023-05-10 21:21:43,m2312-C-4150,m2312-C-4150,12.5,0.0,0.0,0.0,1,1.5,215.5,10,12.5,0.0,0.0,0.0,0.0,0.0,37
2023-05-10 21:22:22,m2312-C-4150,m2312-C-4150,12.5,0.0,0.0,0.0,1,1.5,215.0,1,12.5,0.0,0.0,0.0,0.0,0.0,37
2023-05-10 21:22:22,m2312-C-4150,m2312-C-4150,12.5,0.0,0.0,0.0,1,1.5,214.5,10,12.5,0.0,0.0,0.0,0.0,0.0,37
2023-05-10 21:22:46,m2312-C-4150,m2312-C-4150,12.5,0.0,0.0,0.0,1,1.5,214.0,1,12.5,0.0,0.0,0.0,0.0,0.0,37
2023-05-10 21:22:46,m2312-C-4150,m2312-C-4150,12.5,0.0,0.0,0.0,1,1.5,213.5,10,12.5,0.0,0.0,0.0,0.0,0.0,37
2023-05-10 21:22:55,m2312-C-4150,m2312-C-4150,12.5,0.0,0.0,0.0,1,1.5,213.0,1,12.5,0.0,0.0,0.0,0.0,0.0,37
2023-05-10 21:22:55,m2312-C-4150,m2312-C-4150,12.5,0.0,0.0,0.0,1,1.5,212.5,10,12.5,0.0,0.0,0.0,0.0,0.0,37
2023-05-10 21:23:08,m2312-C-4150,m2312-C-4150,12.5,0.0,0.0,0.0,1,1.5,212.0,1,12.5,0.0,0.0,0.0,0.0,0.0,37
2023-05-10 21:23:08,m2312-C-4150,m2312-C-4150,12.5,0.0,0.0,0.0,1,1.5,211.5,10,12.5,0.0,0.0,0.0,0.0,0.0,37
2023-05-10 21:23:16,m2312-C-4150,m2312-C-4150,12.5,0.0,0.0,0.0,1,1.5,211.0,1,12.5,0.0,0.0,0.0,0.0,0.0,37
2023-05-10 21:23:16,m2312-C-4150,m2312-C-4150,12.5,0.0,0.0,0.0,1,1.5,210.5,10,12.5,0.0,0.0,0.0,0.0,0.0,37
2023-05-10 21:23:21,m2312-C-4150,m2312-C-4150,12.5,0.0,0.0,0.0,1,1.5,210.0,1,12.5,0.0,0.0,0.0,0.0,0.0,37
2023-05-10 21:23:21,m2312-C-4150,m2312-C-4150,12.5,0.0,0.0,0.0,1,1.5,209.5,10,12.5,0.0,0.0,0.0,0.0,0.0,37
2023-05-10 21:23:33,m2312-C-4150,m2312-C-4150,12.5,0.0,0.0,0.0,1,1.5,209.0,1,12.5,0.0,0.0,0.0,0.0,0.0,37
2023-05-10 21:23:33,m2312-C-4150,m2312-C-4150,12.5,0.0,0.0,0.0,1,1.5,208.5,10,12.5,0.0,0.0,0.0,0.0,0.0,37
2023-05-10 21:23:40,m2312-C-4150,m2312-C-4150,12.5,0.0,0.0,0.0,1,1.5,208.0,1,12.5,0.0,0.0,0.0,0.0,0.0,37
2023-05-10 21:23:40,m2312-C-4150,m2312-C-4150,12.5,0.0,0.0,0.0,1,1.5,207.5,10,12.5,0.0,0.0,0.0,0.0,0.0,37
2023-05-10 21:24:19,m2312-C-4150,m2312-C-4150,12.5,0.0,0.0,0.0,1,1.5,207.0,1,12.5,0.0,0.0,0.0,0.0,0.0,37
2023-05-10 21:24:19,m2312-C-4150,m2312-C-4150,12.5,0.0,0.0,0.0,1,1.5,206.5,10,12.5,0.0,0.0,0.0,0.0,0.0,37
2023-05-10 21:25:02,m2312-C-4150,m2312-C-4150,12.5,0.0,0.0,0.0,1,1.5,206.0,1,12.5,0.0,0.0,0.0,0.0,0.0,37
2023-05-10 21:25:03,m2312-C-4150,m2312-C-4150,12.5,0.0,0.0,0.0,1,1.5,205.5,10,12.5,0.0,0.0,0.0,0.0,0.0,37
2023-05-10 21:25:26,m2312-C-4150,m2312-C-4150,12.5,0.0,0.0,0.0,1,1.5,205.0,1,12.5,0.0,0.0,0.0,0.0,0.0,37
2023-05-10 21:25:27,m2312-C-4150,m2312-C-4150,12.5,0.0,0.0,0.0,1,1.5,204.5,10,12.5,0.0,0.0,0.0,0.0,0.0,37
2023-05-10 21:25:37,m2312-C-4150,m2312-C-4150,12.5,0.0,0.0,0.0,1,1.5,204.0,1,12.5,0.0,0.0,0.0,0.0,0.0,37
2023-05-10 21:25:38,m2312-C-4150,m2312-C-4150,12.5,0.0,0.0,0.0,1,1.5,203.5,10,12.5,0.0,0.0,0.0,0.0,0.0,37
2023-05-10 21:25:58,m2312-C-4150,m2312-C-4150,12.5,0.0,0.0,0.0,1,1.5,203.0,1,12.5,0.0,0.0,0.0,0.0,0.0,37
2023-05-10 21:25:58,m2312-C-4150,m2312-C-4150,12.5,0.0,0.0,0.0,1,1.5,202.5,10,12.5,0.0,0.0,0.0,0.0,0.0,37
2023-05-10 21:26:05,m2312-C-4150,m2312-C-4150,12.5,0.0,0.0,0.0,1,1.5,202.0,1,12.5,0.0,0.0,0.0,0.0,0.0,37
2023-05-10 21:26:05,m2312-C-4150,m2312-C-4150,12.5,0.0,0.0,0.0,1,1.5,201.5,10,12.5,0.0,0.0,0.0,0.0,0.0,37
2023-05-10 21:26:32,m2312-C-4150,m2312-C-4150,12.5,0.0,0.0,0.0,1,1.5,201.0,1,12.5,0.0,0.0,0.0,0.0,0.0,37
2023-05-10 21:26:33,m2312-C-4150,m2312-C-4150,12.5,0.0,0.0,0.0,1,1.5,200.5,10,12.5,0.0,0.0,0.0,0.0,0.0,37
2023-05-10 21:26:39,m2312-C-4150,m2312-C-4150,12.5,0.0,0.0,0.0,1,1.5,200.0,1,12.5,0.0,0.0,0.0,0.0,0.0,37
2023-05-10 21:26:40,m2312-C-4150,m2312-C-4150,12.5,0.0,0.0,0.0,1,1.5,199.5,10,12.5,0.0,0.0,0.0,0.0,0.0,37
2023-05-10 21:27:05,m2312-C-4150,m2312-C-4150,12.5,0.0,0.0,0.0,1,1.5,199.0,1,12.5,0.0,0.0,0.0,0.0,0.0,37
2023-05-10 21:27:05,m2312-C-4150,m2312-C-4150,12.5,0.0,0.0,0.0,1,1.5,198.5,10,12.5,0.0,0.0,0.0,0.0,0.0,37
2023-05-10 21:27:15,m2312-C-4150,m2312-C-4150,12.5,0.0,0.0,0.0,1,1.5,198.0,1,12.5,0.0,0.0,0.0,0.0,0.0,37
2023-05-10 21:27:16,m2312-C-4150,m2312-C-4150,12.5,0.0,0.0,0.0,1,1.5,197.5,10,12.5,0.0,0.0,0.0,0.0,0.0,37
2023-05-10 21:27:22,m2312-C-4150,m2312-C-4150,12.5,0.0,0.0,0.0,1,1.5,197.0,1,12.5,0.0,0.0,0.0,0.0,0.0,37
2023-05-10 21:27:23,m2312-C-4150,m2312-C-4150,12.5,0.0,0.0,0.0,1,1.5,196.5,10,12.5,0.0,0.0,0.0,0.0,0.0,37
2023-05-10 21:27:30,m2312-C-4150,m2312-C-4150,12.5,0.0,0.0,0.0,1,1.5,196.0,1,12.5,0.0,0.0,0.0,0.0,0.0,37
2023-05-10 21:27:31,m2312-C-4150,m2312-C-4150,12.5,0.0,0.0,0.0,1,1.5,195.5,10,12.5,0.0,0.0,0.0,0.0,0.0,37
2023-05-10 21:27:34,m2312-C-4150,m2312-C-4150,12.5,0.0,0.0,0.0,1,1.5,195.0,1,12.5,0.0,0.0,0.0,0.0,0.0,37
2023-05-10 21:27:35,m2312-C-4150,m2312-C-4150,12.5,0.0,0.0,0.0,1,1.5,194.5,10,12.5,0.0,0.0,0.0,0.0,0.0,37
2023-05-10 21:27:39,m2312-C-4150,m2312-C-4150,12.5,0.0,0.0,0.0,1,1.5,194.0,1,12.5,0.0,0.0,0.0,0.0,0.0,37
2023-05-10 21:27:39,m2312-C-4150,m2312-C-4150,12.5,0.0,0.0,0.0,1,1.5,193.5,10,12.5,0.0,0.0,0.0,0.0,0.0,37
2023-05-10 21:27:44,m2312-C-4150,m2312-C-4150,12.5,0.0,0.0,0.0,1,1.5,193.0,1,12.5,0.0,0.0,0.0,0.0,0.0,37
2023-05-10 21:27:44,m2312-C-4150,m2312-C-4150,12.5,0.0,0.0,0.0,1,1.5,192.5,10,12.5,0.0,0.0,0.0,0.0,0.0,37
2023-05-10 21:27:49,m2312-C-4150,m2312-C-4150,12.5,0.0,0.0,0.0,1,1.5,192.0,1,12.5,0.0,0.0,0.0,0.0,0.0,37
2023-05-10 21:27:49,m2312-C-4150,m2312-C-4150,12.5,0.0,0.0,0.0,1,1.5,191.5,10,12.5,0.0,0.0,0.0,0.0,0.0,37
2023-05-10 21:27:52,m2312-C-4150,m2312-C-4150,12.5,0.0,0.0,0.0,1,1.5,191.0,1,12.5,0.0,0.0,0.0,0.0,0.0,37
2023-05-10 21:27:52,m2312-C-4150,m2312-C-4150,12.5,0.0,0.0,0.0,1,1.5,190.5,10,12.5,0.0,0.0,0.0,0.0,0.0,37
2023-05-10 21:27:57,m2312-C-4150,m2312-C-4150,12.5,0.0,0.0,0.0,1,1.5,190.0,1,12.5,0.0,0.0,0.0,0.0,0.0,37
2023-05-10 21:27:57,m2312-C-4150,m2312-C-4150,12.5,0.0,0.0,0.0,1,1.5,189.5,10,12.5,0.0,0.0,0.0,0.0,0.0,37
2023-05-10 21:28:03,m2312-C-4150,m2312-C-4150,12.5,0.0,0.0,0.0,1,1.5,189.0,1,12.5,0.0,0.0,0.0,0.0,0.0,37
2023-05-10 21:28:03,m2312-C-4150,m2312-C-4150,12.5,0.0,0.0,0.0,1,1.5,188.5,10,12.5,0.0,0.0,0.0,0.0,0.0,37
2023-05-10 21:28:06,m2312-C-4150,m2312-C-4150,12.5,0.0,0.0,0.0,1,1.5,188.0,1,12.5,0.0,0.0,0.0,0.0,0.0,37
2023-05-10 21:28:07,m2312-C-4150,m2312-C-4150,12.5,0.0,0.0,0.0,1,1.5,187.5,10,12.5,0.0,0.0,0.0,0.0,0.0,37
2023-05-10 21:28:11,m2312-C-4150,m2312-C-4150,12.5,0.0,0.0,0.0,1,1.5,187.0,1,12.5,0.0,0.0,0.0,0.0,0.0,37
2023-05-10 21:28:11,m2312-C-4150,m2312-C-4150,12.5,0.0,0.0,0.0,1,1.5,186.5,10,12.5,0.0,0.0,0.0,0.0,0.0,37
2023-05-10 21:28:17,m2312-C-4150,m2312-C-4150,12.5,0.0,0.0,0.0,1,1.5,186.0,1,12.5,0.0,0.0,0.0,0.0,0.0,37
2023-05-10 21:28:17,m2312-C-4150,m2312-C-4150,12.5,0.0,0.0,0.0,1,1.5,185.5,10,12.5,0.0,0.0,0.0,0.0,0.0,37
2023-05-10 21:28:20,m2312-C-4150,m2312-C-4150,12.5,0.0,0.0,0.0,1,1.5,185.0,1,12.5,0.0,0.0,0.0,0.0,0.0,37
2023-05-10 21:28:21,m2312-C-4150,m2312-C-4150,12.5,0.0,0.0,0.0,1,1.5,184.5,10,12.5,0.0,0.0,0.0,0.0,0.0,37
2023-05-10 21:28:26,m2312-C-4150,m2312-C-4150,12.5,0.0,0.0,0.0,1,1.5,184.0,1,12.5,0.0,0.0,0.0,0.0,0.0,37
2023-05-10 21:28:26,m2312-C-4150,m2312-C-4150,12.5,0.0,0.0,0.0,1,1.5,183.5,10,12.5,0.0,0.0,0.0,0.0,0.0,37
2023-05-10 21:28:31,m2312-C-4150,m2312-C-4150,12.5,0.0,0.0,0.0,1,1.5,183.0,1,12.5,0.0,0.0,0.0,0.0,0.0,37
2023-05-10 21:28:31,m2312-C-4150,m2312-C-4150,12.5,0.0,0.0,0.0,1,1.5,182.5,10,12.5,0.0,0.0,0.0,0.0,0.0,37
2023-05-10 21:28:36,m2312-C-4150,m2312-C-4150,12.5,0.0,0.0,0.0,1,1.5,182.0,1,12.5,0.0,0.0,0.0,0.0,0.0,37
2023-05-10 21:28:37,m2312-C-4150,m2312-C-4150,12.5,0.0,0.0,0.0,1,1.5,181.5,10,12.5,0.0,0.0,0.0,0.0,0.0,37
2023-05-10 21:28:40,m2312-C-4150,m2312-C-4150,12.5,0.0,0.0,0.0,1,1.5,181.0,1,12.5,0.0,0.0,0.0,0.0,0.0,37
2023-05-10 21:28:40,m2312-C-4150,m2312-C-4150,12.5,0.0,0.0,0.0,1,1.5,180.5,10,12.5,0.0,0.0,0.0,0.0,0.0,37
2023-05-10 21:28:45,m2312-C-4150,m2312-C-4150,12.5,0.0,0.0,0.0,1,1.5,180.0,1,12.5,0.0,0.0,0.0,0.0,0.0,37
2023-05-10 21:28:45,m2312-C-4150,m2312-C-4150,12.5,0.0,0.0,0.0,1,1.5,179.5,10,12.5,0.0,0.0,0.0,0.0,0.0,37
2023-05-10 21:28:48,m2312-C-4150,m2312-C-4150,12.5,0.0,0.0,0.0,1,1.5,179.0,1,12.5,0.0,0.0,0.0,0.0,0.0,37
2023-05-10 21:28:48,m2312-C-4150,m2312-C-4150,12.5,0.0,0.0,0.0,1,1.5,178.5,10,12.5,0.0,0.0,0.0,0.0,0.0,37
2023-05-10 21:28:54,m2312-C-4150,m2312-C-4150,12.5,0.0,0.0,0.0,1,1.5,178.0,1,12.5,0.0,0.0,0.0,0.0,0.0,37
2023-05-10 21:28:54,m2312-C-4150,m2312-C-4150,12.5,0.0,0.0,0.0,1,1.5,177.5,10,12.5,0.0,0.0,0.0,0.0,0.0,37
2023-05-10 21:28:59,m2312-C-4150,m2312-C-4150,12.5,0.0,0.0,0.0,1,1.5,177.0,1,12.5,0.0,0.0,0.0,0.0,0.0,37
2023-05-10 21:28:59,m2312-C-4150,m2312-C-4150,12.5,0.0,0.0,0.0,1,1.5,176.5,10,12.5,0.0,0.0,0.0,0.0,0.0,37
2023-05-10 21:29:05,m2312-C-4150,m2312-C-4150,12.5,0.0,0.0,0.0,1,1.5,176.0,1,12.5,0.0,0.0,0.0,0.0,0.0,37
2023-05-10 21:29:05,m2312-C-4150,m2312-C-4150,12.5,0.0,0.0,0.0,1,1.5,175.5,10,12.5,0.0,0.0,0.0,0.0,0.0,37
2023-05-10 21:29:11,m2312-C-4150,m2312-C-4150,12.5,0.0,0.0,0.0,1,1.5,175.0,1,12.5,0.0,0.0,0.0,0.0,0.0,37
2023-05-10 21:29:12,m2312-C-4150,m2312-C-4150,12.5,0.0,0.0,0.0,1,1.5,174.5,10,12.5,0.0,0.0,0.0,0.0,0.0,37
2023-05-10 21:29:15,m2312-C-4150,m2312-C-4150,12.5,0.0,0.0,0.0,1,1.5,174.0,1,12.5,0.0,0.0,0.0,0.0,0.0,37
2023-05-10 21:29:15,m2312-C-4150,m2312-C-4150,12.5,0.0,0.0,0.0,1,1.5,173.5,10,12.5,0.0,0.0,0.0,0.0,0.0,37
2023-05-10 21:29:19,m2312-C-4150,m2312-C-4150,12.5,0.0,0.0,0.0,1,1.5,173.0,1,12.5,0.0,0.0,0.0,0.0,0.0,37
2023-05-10 21:29:19,m2312-C-4150,m2312-C-4150,12.5,0.0,0.0,0.0,1,1.5,172.5,10,12.5,0.0,0.0,0.0,0.0,0.0,37
2023-05-10 21:29:26,m2312-C-4150,m2312-C-4150,12.5,0.0,0.0,0.0,1,1.5,172.0,1,12.5,0.0,0.0,0.0,0.0,0.0,37
2023-05-10 21:29:26,m2312-C-4150,m2312-C-4150,12.5,0.0,0.0,0.0,1,1.5,171.5,10,12.5,0.0,0.0,0.0,0.0,0.0,37
2023-05-10 21:29:33,m2312-C-4150,m2312-C-4150,12.5,0.0,0.0,0.0,1,1.5,171.0,1,12.5,0.0,0.0,0.0,0.0,0.0,37
2023-05-10 21:29:34,m2312-C-4150,m2312-C-4150,12.5,0.0,0.0,0.0,1,1.5,170.5,10,12.5,0.0,0.0,0.0,0.0,0.0,37
2023-05-10 21:29:39,m2312-C-4150,m2312-C-4150,12.5,0.0,0.0,0.0,1,1.5,170.0,1,12.5,0.0,0.0,0.0,0.0,0.0,37
2023-05-10 21:29:39,m2312-C-4150,m2312-C-4150,12.5,0.0,0.0,0.0,1,1.5,169.5,10,12.5,0.0,0.0,0.0,0.0,0.0,37
2023-05-10 22:57:33,m2312-C-4150,m2312-C-4150,12.5,0.0,0.0,0.0,1,1.5,0.0,0,12.5,0.0,0.0,0.0,0.0,0.0,37
2023-05-11 09:19:40,m2312-C-4150,m2312-C-4150,12.5,0.0,0.0,0.0,1,1.5,217.5,10,12.5,0.0,0.0,0.0,0.0,0.0,37
2023-05-11 09:19:43,m2312-C-4150,m2312-C-4150,12.5,0.0,0.0,0.0,1,1.5,217.0,1,12.5,0.0,0.0,0.0,0.0,0.0,37
2023-05-11 09:19:43,m2312-C-4150,m2312-C-4150,12.5,0.0,0.0,0.0,1,1.5,216.5,10,12.5,0.0,0.0,0.0,0.0,0.0,37
2023-05-11 09:19:48,m2312-C-4150,m2312-C-4150,12.5,0.0,0.0,0.0,1,1.5,216.0,1,12.5,0.0,0.0,0.0,0.0,0.0,37
2023-05-11 09:19:48,m2312-C-4150,m2312-C-4150,12.5,0.0,0.0,0.0,1,1.5,215.5,10,12.5,0.0,0.0,0.0,0.0,0.0,37
2023-05-11 09:19:51,m2312-C-4150,m2312-C-4150,12.5,0.0,0.0,0.0,1,1.5,215.0,1,12.5,0.0,0.0,0.0,0.0,0.0,37
2023-05-11 09:19:51,m2312-C-4150,m2312-C-4150,12.5,0.0,0.0,0.0,1,1.5,214.5,10,12.5,0.0,0.0,0.0,0.0,0.0,37
2023-05-11 09:19:55,m2312-C-4150,m2312-C-4150,12.5,0.0,0.0,0.0,1,1.5,214.0,1,12.5,0.0,0.0,0.0,0.0,0.0,37
2023-05-11 09:19:55,m2312-C-4150,m2312-C-4150,12.5,0.0,0.0,0.0,1,1.5,213.5,10,12.5,0.0,0.0,0.0,0.0,0.0,37
2023-05-11 09:20:02,m2312-C-4150,m2312-C-4150,12.5,0.0,0.0,0.0,1,1.5,213.0,1,12.5,0.0,0.0,0.0,0.0,0.0,37
2023-05-11 09:20:03,m2312-C-4150,m2312-C-4150,12.5,0.0,0.0,0.0,1,1.5,212.5,10,12.5,0.0,0.0,0.0,0.0,0.0,37
2023-05-11 09:20:15,m2312-C-4150,m2312-C-4150,12.5,0.0,0.0,0.0,1,1.5,212.0,1,12.5,0.0,0.0,0.0,0.0,0.0,37
2023-05-11 09:20:15,m2312-C-4150,m2312-C-4150,12.5,0.0,0.0,0.0,1,1.5,211.5,10,12.5,0.0,0.0,0.0,0.0,0.0,37
2023-05-11 09:20:30,m2312-C-4150,m2312-C-4150,12.5,0.0,0.0,0.0,1,1.5,211.0,1,12.5,0.0,0.0,0.0,0.0,0.0,37
2023-05-11 09:20:30,m2312-C-4150,m2312-C-4150,12.5,0.0,0.0,0.0,1,1.5,210.5,10,12.5,0.0,0.0,0.0,0.0,0.0,37
2023-05-11 09:20:38,m2312-C-4150,m2312-C-4150,12.5,0.0,0.0,0.0,1,1.5,210.0,1,12.5,0.0,0.0,0.0,0.0,0.0,37
2023-05-11 09:20:38,m2312-C-4150,m2312-C-4150,12.5,0.0,0.0,0.0,1,1.5,209.5,10,12.5,0.0,0.0,0.0,0.0,0.0,37
2023-05-11 09:20:43,m2312-C-4150,m2312-C-4150,12.5,0.0,0.0,0.0,1,1.5,209.0,1,12.5,0.0,0.0,0.0,0.0,0.0,37
2023-05-11 09:20:43,m2312-C-4150,m2312-C-4150,12.5,0.0,0.0,0.0,1,1.5,208.5,10,12.5,0.0,0.0,0.0,0.0,0.0,37
2023-05-11 09:20:49,m2312-C-4150,m2312-C-4150,12.5,0.0,0.0,0.0,1,1.5,208.0,1,12.5,0.0,0.0,0.0,0.0,0.0,37
2023-05-11 09:20:50,m2312-C-4150,m2312-C-4150,12.5,0.0,0.0,0.0,1,1.5,207.5,10,12.5,0.0,0.0,0.0,0.0,0.0,37
2023-05-11 09:20:54,m2312-C-4150,m2312-C-4150,12.5,0.0,0.0,0.0,1,1.5,207.0,1,12.5,0.0,0.0,0.0,0.0,0.0,37
2023-05-11 09:20:54,m2312-C-4150,m2312-C-4150,12.5,0.0,0.0,0.0,1,1.5,206.5,10,12.5,0.0,0.0,0.0,0.0,0.0,37
2023-05-11 09:21:00,m2312-C-4150,m2312-C-4150,12.5,0.0,0.0,0.0,1,1.5,206.0,1,12.5,0.0,0.0,0.0,0.0,0.0,37
2023-05-11 09:21:00,m2312-C-4150,m2312-C-4150,12.5,0.0,0.0,0.0,1,1.5,205.5,10,12.5,0.0,0.0,0.0,0.0,0.0,37
2023-05-11 09:21:04,m2312-C-4150,m2312-C-4150,12.5,0.0,0.0,0.0,1,1.5,205.0,1,12.5,0.0,0.0,0.0,0.0,0.0,37
2023-05-11 09:21:04,m2312-C-4150,m2312-C-4150,12.5,0.0,0.0,0.0,1,1.5,204.5,10,12.5,0.0,0.0,0.0,0.0,0.0,37
2023-05-11 09:21:11,m2312-C-4150,m2312-C-4150,12.5,0.0,0.0,0.0,1,1.5,204.0,1,12.5,0.0,0.0,0.0,0.0,0.0,37
2023-05-11 09:21:11,m2312-C-4150,m2312-C-4150,12.5,0.0,0.0,0.0,1,1.5,203.5,10,12.5,0.0,0.0,0.0,0.0,0.0,37
2023-05-11 09:21:14,m2312-C-4150,m2312-C-4150,12.5,0.0,0.0,0.0,1,1.5,203.0,1,12.5,0.0,0.0,0.0,0.0,0.0,37
2023-05-11 09:21:14,m2312-C-4150,m2312-C-4150,12.5,0.0,0.0,0.0,1,1.5,202.5,10,12.5,0.0,0.0,0.0,0.0,0.0,37
2023-05-11 09:21:17,m2312-C-4150,m2312-C-4150,12.5,0.0,0.0,0.0,1,1.5,202.0,1,12.5,0.0,0.0,0.0,0.0,0.0,37
2023-05-11 09:21:17,m2312-C-4150,m2312-C-4150,12.5,0.0,0.0,0.0,1,1.5,201.5,10,12.5,0.0,0.0,0.0,0.0,0.0,37
2023-05-11 09:21:21,m2312-C-4150,m2312-C-4150,12.5,0.0,0.0,0.0,1,1.5,201.0,1,12.5,0.0,0.0,0.0,0.0,0.0,37
2023-05-11 09:21:22,m2312-C-4150,m2312-C-4150,12.5,0.0,0.0,0.0,1,1.5,200.5,10,12.5,0.0,0.0,0.0,0.0,0.0,37
2023-05-11 09:21:25,m2312-C-4150,m2312-C-4150,12.5,0.0,0.0,0.0,1,1.5,200.0,1,12.5,0.0,0.0,0.0,0.0,0.0,37
2023-05-11 09:21:26,m2312-C-4150,m2312-C-4150,12.5,0.0,0.0,0.0,1,1.5,199.5,10,12.5,0.0,0.0,0.0,0.0,0.0,37
2023-05-11 09:21:30,m2312-C-4150,m2312-C-4150,12.5,0.0,0.0,0.0,1,1.5,199.0,1,12.5,0.0,0.0,0.0,0.0,0.0,37
2023-05-11 09:21:30,m2312-C-4150,m2312-C-4150,12.5,0.0,0.0,0.0,1,1.5,198.5,10,12.5,0.0,0.0,0.0,0.0,0.0,37
2023-05-11 09:21:35,m2312-C-4150,m2312-C-4150,12.5,0.0,0.0,0.0,1,1.5,198.0,1,12.5,0.0,0.0,0.0,0.0,0.0,37
2023-05-11 09:21:36,m2312-C-4150,m2312-C-4150,12.5,0.0,0.0,0.0,1,1.5,197.5,10,12.5,0.0,0.0,0.0,0.0,0.0,37
2023-05-11 09:21:38,m2312-C-4150,m2312-C-4150,12.5,0.0,0.0,0.0,1,1.5,197.0,1,12.5,0.0,0.0,0.0,0.0,0.0,37
2023-05-11 09:21:38,m2312-C-4150,m2312-C-4150,12.5,0.0,0.0,0.0,1,1.5,196.5,10,12.5,0.0,0.0,0.0,0.0,0.0,37
2023-05-11 09:21:43,m2312-C-4150,m2312-C-4150,12.5,0.0,0.0,0.0,1,1.5,196.0,1,12.5,0.0,0.0,0.0,0.0,0.0,37
2023-05-11 09:21:44,m2312-C-4150,m2312-C-4150,12.5,0.0,0.0,0.0,1,1.5,195.5,10,12.5,0.0,0.0,0.0,0.0,0.0,37
2023-05-11 09:21:46,m2312-C-4150,m2312-C-4150,12.5,0.0,0.0,0.0,1,1.5,195.0,1,12.5,0.0,0.0,0.0,0.0,0.0,37
2023-05-11 09:21:47,m2312-C-4150,m2312-C-4150,12.5,0.0,0.0,0.0,1,1.5,194.5,10,12.5,0.0,0.0,0.0,0.0,0.0,37
2023-05-11 09:21:50,m2312-C-4150,m2312-C-4150,12.5,0.0,0.0,0.0,1,1.5,194.0,1,12.5,0.0,0.0,0.0,0.0,0.0,37
2023-05-11 09:21:50,m2312-C-4150,m2312-C-4150,12.5,0.0,0.0,0.0,1,1.5,193.5,10,12.5,0.0,0.0,0.0,0.0,0.0,37
2023-05-11 09:21:53,m2312-C-4150,m2312-C-4150,12.5,0.0,0.0,0.0,1,1.5,193.0,1,12.5,0.0,0.0,0.0,0.0,0.0,37
2023-05-11 09:21:54,m2312-C-4150,m2312-C-4150,12.5,0.0,0.0,0.0,1,1.5,192.5,10,12.5,0.0,0.0,0.0,0.0,0.0,37
2023-05-11 09:21:58,m2312-C-4150,m2312-C-4150,12.5,0.0,0.0,0.0,1,1.5,192.0,1,12.5,0.0,0.0,0.0,0.0,0.0,37
2023-05-11 09:21:58,m2312-C-4150,m2312-C-4150,12.5,0.0,0.0,0.0,1,1.5,191.5,10,12.5,0.0,0.0,0.0,0.0,0.0,37
2023-05-11 09:22:00,m2312-C-4150,m2312-C-4150,12.5,0.0,0.0,0.0,1,1.5,191.0,1,12.5,0.0,0.0,0.0,0.0,0.0,37
2023-05-11 09:22:00,m2312-C-4150,m2312-C-4150,12.5,0.0,0.0,0.0,1,1.5,190.5,10,12.5,0.0,0.0,0.0,0.0,0.0,37
2023-05-11 09:22:04,m2312-C-4150,m2312-C-4150,12.5,0.0,0.0,0.0,1,1.5,190.0,1,12.5,0.0,0.0,0.0,0.0,0.0,37
2023-05-11 09:22:04,m2312-C-4150,m2312-C-4150,12.5,0.0,0.0,0.0,1,1.5,189.5,10,12.5,0.0,0.0,0.0,0.0,0.0,37
2023-05-11 09:22:06,m2312-C-4150,m2312-C-4150,12.5,0.0,0.0,0.0,1,1.5,189.0,1,12.5,0.0,0.0,0.0,0.0,0.0,37
2023-05-11 09:22:07,m2312-C-4150,m2312-C-4150,12.5,0.0,0.0,0.0,1,1.5,188.5,10,12.5,0.0,0.0,0.0,0.0,0.0,37
2023-05-11 09:22:10,m2312-C-4150,m2312-C-4150,12.5,0.0,0.0,0.0,1,1.5,188.0,1,12.5,0.0,0.0,0.0,0.0,0.0,37
2023-05-11 09:22:11,m2312-C-4150,m2312-C-4150,12.5,0.0,0.0,0.0,1,1.5,187.5,10,12.5,0.0,0.0,0.0,0.0,0.0,37
2023-05-11 09:22:15,m2312-C-4150,m2312-C-4150,12.5,0.0,0.0,0.0,1,1.5,187.0,1,12.5,0.0,0.0,0.0,0.0,0.0,37
2023-05-11 09:22:16,m2312-C-4150,m2312-C-4150,12.5,0.0,0.0,0.0,1,1.5,186.5,10,12.5,0.0,0.0,0.0,0.0,0.0,37
2023-05-11 09:22:21,m2312-C-4150,m2312-C-4150,12.5,0.0,0.0,0.0,1,1.5,186.0,1,12.5,0.0,0.0,0.0,0.0,0.0,37
2023-05-11 09:22:21,m2312-C-4150,m2312-C-4150,12.5,0.0,0.0,0.0,1,1.5,185.5,10,12.5,0.0,0.0,0.0,0.0,0.0,37
2023-05-11 09:22:25,m2312-C-4150,m2312-C-4150,12.5,0.0,0.0,0.0,1,1.5,185.0,1,12.5,0.0,0.0,0.0,0.0,0.0,37
2023-05-11 09:22:25,m2312-C-4150,m2312-C-4150,12.5,0.0,0.0,0.0,1,1.5,184.5,10,12.5,0.0,0.0,0.0,0.0,0.0,37
2023-05-11 09:22:28,m2312-C-4150,m2312-C-4150,12.5,0.0,0.0,0.0,1,1.5,184.0,1,12.5,0.0,0.0,0.0,0.0,0.0,37
2023-05-11 09:22:29,m2312-C-4150,m2312-C-4150,12.5,0.0,0.0,0.0,1,1.5,183.5,10,12.5,0.0,0.0,0.0,0.0,0.0,37
2023-05-11 09:22:32,m2312-C-4150,m2312-C-4150,12.5,0.0,0.0,0.0,1,1.5,183.0,1,12.5,0.0,0.0,0.0,0.0,0.0,37
2023-05-11 09:22:33,m2312-C-4150,m2312-C-4150,12.5,0.0,0.0,0.0,1,1.5,182.5,10,12.5,0.0,0.0,0.0,0.0,0.0,37
2023-05-11 09:22:36,m2312-C-4150,m2312-C-4150,12.5,0.0,0.0,0.0,1,1.5,182.0,1,12.5,0.0,0.0,0.0,0.0,0.0,37
2023-05-11 09:22:36,m2312-C-4150,m2312-C-4150,12.5,0.0,0.0,0.0,1,1.5,181.5,10,12.5,0.0,0.0,0.0,0.0,0.0,37
2023-05-11 09:22:40,m2312-C-4150,m2312-C-4150,12.5,0.0,0.0,0.0,1,1.5,181.0,1,12.5,0.0,0.0,0.0,0.0,0.0,37
2023-05-11 09:22:40,m2312-C-4150,m2312-C-4150,12.5,0.0,0.0,0.0,1,1.5,180.5,10,12.5,0.0,0.0,0.0,0.0,0.0,37
2023-05-11 09:22:44,m2312-C-4150,m2312-C-4150,12.5,0.0,0.0,0.0,1,1.5,180.0,1,12.5,0.0,0.0,0.0,0.0,0.0,37
2023-05-11 09:22:44,m2312-C-4150,m2312-C-4150,12.5,0.0,0.0,0.0,1,1.5,179.5,10,12.5,0.0,0.0,0.0,0.0,0.0,37
2023-05-11 09:22:49,m2312-C-4150,m2312-C-4150,12.5,0.0,0.0,0.0,1,1.5,179.0,1,12.5,0.0,0.0,0.0,0.0,0.0,37
2023-05-11 09:22:49,m2312-C-4150,m2312-C-4150,12.5,0.0,0.0,0.0,1,1.5,178.5,10,12.5,0.0,0.0,0.0,0.0,0.0,37
2023-05-11 09:22:53,m2312-C-4150,m2312-C-4150,12.5,0.0,0.0,0.0,1,1.5,178.0,1,12.5,0.0,0.0,0.0,0.0,0.0,37
2023-05-11 09:22:53,m2312-C-4150,m2312-C-4150,12.5,0.0,0.0,0.0,1,1.5,177.5,10,12.5,0.0,0.0,0.0,0.0,0.0,37
2023-05-11 09:22:57,m2312-C-4150,m2312-C-4150,12.5,0.0,0.0,0.0,1,1.5,177.0,1,12.5,0.0,0.0,0.0,0.0,0.0,37
2023-05-11 09:22:57,m2312-C-4150,m2312-C-4150,12.5,0.0,0.0,0.0,1,1.5,176.5,10,12.5,0.0,0.0,0.0,0.0,0.0,37
2023-05-11 09:23:03,m2312-C-4150,m2312-C-4150,12.5,0.0,0.0,0.0,1,1.5,176.0,1,12.5,0.0,0.0,0.0,0.0,0.0,37
2023-05-11 09:23:03,m2312-C-4150,m2312-C-4150,12.5,0.0,0.0,0.0,1,1.5,175.5,10,12.5,0.0,0.0,0.0,0.0,0.0,37
2023-05-11 09:23:08,m2312-C-4150,m2312-C-4150,12.5,0.0,0.0,0.0,1,1.5,175.0,1,12.5,0.0,0.0,0.0,0.0,0.0,37
2023-05-11 09:23:08,m2312-C-4150,m2312-C-4150,12.5,0.0,0.0,0.0,1,1.5,174.5,10,12.5,0.0,0.0,0.0,0.0,0.0,37
2023-05-11 09:23:20,m2312-C-4150,m2312-C-4150,12.5,0.0,0.0,0.0,1,1.5,174.0,1,12.5,0.0,0.0,0.0,0.0,0.0,37
2023-05-11 09:23:20,m2312-C-4150,m2312-C-4150,12.5,0.0,0.0,0.0,1,1.5,173.5,10,12.5,0.0,0.0,0.0,0.0,0.0,37
2023-05-11 09:23:30,m2312-C-4150,m2312-C-4150,12.5,0.0,0.0,0.0,1,1.5,173.0,1,12.5,0.0,0.0,0.0,0.0,0.0,37
2023-05-11 09:23:30,m2312-C-4150,m2312-C-4150,12.5,0.0,0.0,0.0,1,1.5,172.5,10,12.5,0.0,0.0,0.0,0.0,0.0,37
2023-05-11 09:23:46,m2312-C-4150,m2312-C-4150,12.5,0.0,0.0,0.0,1,1.5,172.0,1,12.5,0.0,0.0,0.0,0.0,0.0,37
2023-05-11 09:23:46,m2312-C-4150,m2312-C-4150,12.5,0.0,0.0,0.0,1,1.5,171.5,10,12.5,0.0,0.0,0.0,0.0,0.0,37
2023-05-11 09:24:01,m2312-C-4150,m2312-C-4150,12.5,0.0,0.0,0.0,1,1.5,171.0,1,12.5,0.0,0.0,0.0,0.0,0.0,37
2023-05-11 09:24:01,m2312-C-4150,m2312-C-4150,12.5,0.0,0.0,0.0,1,1.5,170.5,10,12.5,0.0,0.0,0.0,0.0,0.0,37
2023-05-11 09:24:16,m2312-C-4150,m2312-C-4150,12.5,0.0,0.0,0.0,1,1.5,170.0,1,12.5,0.0,0.0,0.0,0.0,0.0,37
2023-05-11 09:24:16,m2312-C-4150,m2312-C-4150,12.5,0.0,0.0,0.0,1,1.5,169.5,10,12.5,0.0,0.0,0.0,0.0,0.0,37
2023-05-11 10:14:32,m2312-C-4150,m2312-C-4150,12.5,0.0,0.0,0.0,1,1.5,0.0,0,12.5,0.0,0.0,0.0,0.0,0.0,37
2023-05-11 10:41:01,m2312-C-4150,m2312-C-4150,12.5,0.0,0.0,0.0,1,1.5,217.5,10,12.5,0.0,0.0,0.0,0.0,0.0,37
2023-05-11 10:41:06,m2312-C-4150,m2312-C-4150,12.5,0.0,0.0,0.0,1,1.5,217.0,1,12.5,0.0,0.0,0.0,0.0,0.0,37
2023-05-11 10:41:06,m2312-C-4150,m2312-C-4150,12.5,0.0,0.0,0.0,1,1.5,216.5,10,12.5,0.0,0.0,0.0,0.0,0.0,37
2023-05-11 10:41:19,m2312-C-4150,m2312-C-4150,12.5,0.0,0.0,0.0,1,1.5,216.0,1,12.5,0.0,0.0,0.0,0.0,0.0,37
2023-05-11 10:41:19,m2312-C-4150,m2312-C-4150,12.5,0.0,0.0,0.0,1,1.5,215.5,10,12.5,0.0,0.0,0.0,0.0,0.0,37
2023-05-11 10:41:26,m2312-C-4150,m2312-C-4150,12.5,0.0,0.0,0.0,1,1.5,215.0,1,12.5,0.0,0.0,0.0,0.0,0.0,37
2023-05-11 10:41:26,m2312-C-4150,m2312-C-4150,12.5,0.0,0.0,0.0,1,1.5,214.5,10,12.5,0.0,0.0,0.0,0.0,0.0,37
2023-05-11 10:41:47,m2312-C-4150,m2312-C-4150,12.5,0.0,0.0,0.0,1,1.5,214.0,1,12.5,0.0,0.0,0.0,0.0,0.0,37
2023-05-11 10:41:48,m2312-C-4150,m2312-C-4150,12.5,0.0,0.0,0.0,1,1.5,213.5,10,12.5,0.0,0.0,0.0,0.0,0.0,37
2023-05-11 10:42:01,m2312-C-4150,m2312-C-4150,12.5,0.0,0.0,0.0,1,1.5,213.0,1,12.5,0.0,0.0,0.0,0.0,0.0,37
2023-05-11 10:42:02,m2312-C-4150,m2312-C-4150,12.5,0.0,0.0,0.0,1,1.5,212.5,10,12.5,0.0,0.0,0.0,0.0,0.0,37
2023-05-11 10:42:08,m2312-C-4150,m2312-C-4150,12.5,0.0,0.0,0.0,1,1.5,212.0,1,12.5,0.0,0.0,0.0,0.0,0.0,37
2023-05-11 10:42:08,m2312-C-4150,m2312-C-4150,12.5,0.0,0.0,0.0,1,1.5,211.5,10,12.5,0.0,0.0,0.0,0.0,0.0,37
2023-05-11 10:42:21,m2312-C-4150,m2312-C-4150,12.5,0.0,0.0,0.0,1,1.5,211.0,1,12.5,0.0,0.0,0.0,0.0,0.0,37
2023-05-11 10:42:21,m2312-C-4150,m2312-C-4150,12.5,0.0,0.0,0.0,1,1.5,210.5,10,12.5,0.0,0.0,0.0,0.0,0.0,37
2023-05-11 10:42:38,m2312-C-4150,m2312-C-4150,12.5,0.0,0.0,0.0,1,1.5,210.0,1,12.5,0.0,0.0,0.0,0.0,0.0,37
2023-05-11 10:42:39,m2312-C-4150,m2312-C-4150,12.5,0.0,0.0,0.0,1,1.5,209.5,10,12.5,0.0,0.0,0.0,0.0,0.0,37
2023-05-11 10:43:08,m2312-C-4150,m2312-C-4150,12.5,0.0,0.0,0.0,1,1.5,209.0,1,12.5,0.0,0.0,0.0,0.0,0.0,37
2023-05-11 10:43:09,m2312-C-4150,m2312-C-4150,12.5,0.0,0.0,0.0,1,1.5,208.5,10,12.5,0.0,0.0,0.0,0.0,0.0,37
2023-05-11 10:43:35,m2312-C-4150,m2312-C-4150,12.5,0.0,0.0,0.0,1,1.5,208.0,1,12.5,0.0,0.0,0.0,0.0,0.0,37
2023-05-11 10:43:36,m2312-C-4150,m2312-C-4150,12.5,0.0,0.0,0.0,1,1.5,207.5,10,12.5,0.0,0.0,0.0,0.0,0.0,37
2023-05-11 10:43:46,m2312-C-4150,m2312-C-4150,12.5,0.0,0.0,0.0,1,1.5,207.0,1,12.5,0.0,0.0,0.0,0.0,0.0,37
2023-05-11 10:43:46,m2312-C-4150,m2312-C-4150,12.5,0.0,0.0,0.0,1,1.5,206.5,10,12.5,0.0,0.0,0.0,0.0,0.0,37
2023-05-11 10:44:01,m2312-C-4150,m2312-C-4150,12.5,0.0,0.0,0.0,1,1.5,206.0,1,12.5,0.0,0.0,0.0,0.0,0.0,37
2023-05-11 10:44:01,m2312-C-4150,m2312-C-4150,12.5,0.0,0.0,0.0,1,1.5,205.5,10,12.5,0.0,0.0,0.0,0.0,0.0,37
2023-05-11 10:44:11,m2312-C-4150,m2312-C-4150,12.5,0.0,0.0,0.0,1,1.5,205.0,1,12.5,0.0,0.0,0.0,0.0,0.0,37
2023-05-11 10:44:11,m2312-C-4150,m2312-C-4150,12.5,0.0,0.0,0.0,1,1.5,204.5,10,12.5,0.0,0.0,0.0,0.0,0.0,37
2023-05-11 10:44:24,m2312-C-4150,m2312-C-4150,12.5,0.0,0.0,0.0,1,1.5,204.0,1,12.5,0.0,0.0,0.0,0.0,0.0,37
2023-05-11 10:44:24,m2312-C-4150,m2312-C-4150,12.5,0.0,0.0,0.0,1,1.5,203.5,10,12.5,0.0,0.0,0.0,0.0,0.0,37
2023-05-11 10:44:56,m2312-C-4150,m2312-C-4150,12.5,0.0,0.0,0.0,1,1.5,203.0,1,12.5,0.0,0.0,0.0,0.0,0.0,37
2023-05-11 10:44:56,m2312-C-4150,m2312-C-4150,12.5,0.0,0.0,0.0,1,1.5,202.5,10,12.5,0.0,0.0,0.0,0.0,0.0,37
2023-05-11 10:45:06,m2312-C-4150,m2312-C-4150,12.5,0.0,0.0,0.0,1,1.5,202.0,1,12.5,0.0,0.0,0.0,0.0,0.0,37
2023-05-11 10:45:06,m2312-C-4150,m2312-C-4150,12.5,0.0,0.0,0.0,1,1.5,201.5,10,12.5,0.0,0.0,0.0,0.0,0.0,37
2023-05-11 10:45:11,m2312-C-4150,m2312-C-4150,12.5,0.0,0.0,0.0,1,1.5,201.0,1,12.5,0.0,0.0,0.0,0.0,0.0,37
2023-05-11 10:45:11,m2312-C-4150,m2312-C-4150,12.5,0.0,0.0,0.0,1,1.5,200.5,10,12.5,0.0,0.0,0.0,0.0,0.0,37
2023-05-11 10:45:16,m2312-C-4150,m2312-C-4150,12.5,0.0,0.0,0.0,1,1.5,200.0,1,12.5,0.0,0.0,0.0,0.0,0.0,37
2023-05-11 10:45:17,m2312-C-4150,m2312-C-4150,12.5,0.0,0.0,0.0,1,1.5,199.5,10,12.5,0.0,0.0,0.0,0.0,0.0,37
2023-05-11 10:45:46,m2312-C-4150,m2312-C-4150,12.5,0.0,0.0,0.0,1,1.5,199.0,1,12.5,0.0,0.0,0.0,0.0,0.0,37
2023-05-11 10:45:46,m2312-C-4150,m2312-C-4150,12.5,0.0,0.0,0.0,1,1.5,198.5,10,12.5,0.0,0.0,0.0,0.0,0.0,37
2023-05-11 10:46:00,m2312-C-4150,m2312-C-4150,12.5,0.0,0.0,0.0,1,1.5,198.0,1,12.5,0.0,0.0,0.0,0.0,0.0,37
2023-05-11 10:46:00,m2312-C-4150,m2312-C-4150,12.5,0.0,0.0,0.0,1,1.5,197.5,10,12.5,0.0,0.0,0.0,0.0,0.0,37
2023-05-11 10:46:24,m2312-C-4150,m2312-C-4150,12.5,0.0,0.0,0.0,1,1.5,197.0,1,12.5,0.0,0.0,0.0,0.0,0.0,37
2023-05-11 10:46:25,m2312-C-4150,m2312-C-4150,12.5,0.0,0.0,0.0,1,1.5,196.5,10,12.5,0.0,0.0,0.0,0.0,0.0,37
2023-05-11 10:46:34,m2312-C-4150,m2312-C-4150,12.5,0.0,0.0,0.0,1,1.5,196.0,1,12.5,0.0,0.0,0.0,0.0,0.0,37
2023-05-11 10:46:34,m2312-C-4150,m2312-C-4150,12.5,0.0,0.0,0.0,1,1.5,195.5,10,12.5,0.0,0.0,0.0,0.0,0.0,37
2023-05-11 10:46:59,m2312-C-4150,m2312-C-4150,12.5,0.0,0.0,0.0,1,1.5,195.0,1,12.5,0.0,0.0,0.0,0.0,0.0,37
2023-05-11 10:46:59,m2312-C-4150,m2312-C-4150,12.5,0.0,0.0,0.0,1,1.5,194.5,10,12.5,0.0,0.0,0.0,0.0,0.0,37
2023-05-11 10:47:10,m2312-C-4150,m2312-C-4150,12.5,0.0,0.0,0.0,1,1.5,194.0,1,12.5,0.0,0.0,0.0,0.0,0.0,37
2023-05-11 10:47:10,m2312-C-4150,m2312-C-4150,12.5,0.0,0.0,0.0,1,1.5,193.5,10,12.5,0.0,0.0,0.0,0.0,0.0,37
2023-05-11 10:47:30,m2312-C-4150,m2312-C-4150,12.5,0.0,0.0,0.0,1,1.5,193.0,1,12.5,0.0,0.0,0.0,0.0,0.0,37
2023-05-11 10:47:30,m2312-C-4150,m2312-C-4150,12.5,0.0,0.0,0.0,1,1.5,192.5,10,12.5,0.0,0.0,0.0,0.0,0.0,37
2023-05-11 10:47:48,m2312-C-4150,m2312-C-4150,12.5,0.0,0.0,0.0,1,1.5,192.0,1,12.5,0.0,0.0,0.0,0.0,0.0,37
2023-05-11 10:47:48,m2312-C-4150,m2312-C-4150,12.5,0.0,0.0,0.0,1,1.5,191.5,10,12.5,0.0,0.0,0.0,0.0,0.0,37
2023-05-11 10:47:56,m2312-C-4150,m2312-C-4150,12.5,0.0,0.0,0.0,1,1.5,191.0,1,12.5,0.0,0.0,0.0,0.0,0.0,37
2023-05-11 10:47:56,m2312-C-4150,m2312-C-4150,12.5,0.0,0.0,0.0,1,1.5,190.5,10,12.5,0.0,0.0,0.0,0.0,0.0,37
2023-05-11 10:48:29,m2312-C-4150,m2312-C-4150,12.5,0.0,0.0,0.0,1,1.5,190.0,1,12.5,0.0,0.0,0.0,0.0,0.0,37
2023-05-11 10:48:29,m2312-C-4150,m2312-C-4150,12.5,0.0,0.0,0.0,1,1.5,189.5,10,12.5,0.0,0.0,0.0,0.0,0.0,37
2023-05-11 10:48:39,m2312-C-4150,m2312-C-4150,12.5,0.0,0.0,0.0,1,1.5,189.0,1,12.5,0.0,0.0,0.0,0.0,0.0,37
2023-05-11 10:48:39,m2312-C-4150,m2312-C-4150,12.5,0.0,0.0,0.0,1,1.5,188.5,10,12.5,0.0,0.0,0.0,0.0,0.0,37
2023-05-11 10:48:46,m2312-C-4150,m2312-C-4150,12.5,0.0,0.0,0.0,1,1.5,188.0,1,12.5,0.0,0.0,0.0,0.0,0.0,37
2023-05-11 10:48:47,m2312-C-4150,m2312-C-4150,12.5,0.0,0.0,0.0,1,1.5,187.5,10,12.5,0.0,0.0,0.0,0.0,0.0,37
2023-05-11 10:48:50,m2312-C-4150,m2312-C-4150,12.5,0.0,0.0,0.0,1,1.5,187.0,1,12.5,0.0,0.0,0.0,0.0,0.0,37
2023-05-11 10:48:50,m2312-C-4150,m2312-C-4150,12.5,0.0,0.0,0.0,1,1.5,186.5,10,12.5,0.0,0.0,0.0,0.0,0.0,37
2023-05-11 10:48:55,m2312-C-4150,m2312-C-4150,12.5,0.0,0.0,0.0,1,1.5,186.0,1,12.5,0.0,0.0,0.0,0.0,0.0,37
2023-05-11 10:48:56,m2312-C-4150,m2312-C-4150,12.5,0.0,0.0,0.0,1,1.5,185.5,10,12.5,0.0,0.0,0.0,0.0,0.0,37
2023-05-11 10:49:08,m2312-C-4150,m2312-C-4150,12.5,0.0,0.0,0.0,1,1.5,185.0,1,12.5,0.0,0.0,0.0,0.0,0.0,37
2023-05-11 10:49:08,m2312-C-4150,m2312-C-4150,12.5,0.0,0.0,0.0,1,1.5,184.5,10,12.5,0.0,0.0,0.0,0.0,0.0,37
2023-05-11 10:49:13,m2312-C-4150,m2312-C-4150,12.5,0.0,0.0,0.0,1,1.5,184.0,1,12.5,0.0,0.0,0.0,0.0,0.0,37
2023-05-11 10:49:13,m2312-C-4150,m2312-C-4150,12.5,0.0,0.0,0.0,1,1.5,183.5,10,12.5,0.0,0.0,0.0,0.0,0.0,37
2023-05-11 10:49:19,m2312-C-4150,m2312-C-4150,12.5,0.0,0.0,0.0,1,1.5,183.0,1,12.5,0.0,0.0,0.0,0.0,0.0,37
2023-05-11 10:49:19,m2312-C-4150,m2312-C-4150,12.5,0.0,0.0,0.0,1,1.5,182.5,10,12.5,0.0,0.0,0.0,0.0,0.0,37
2023-05-11 10:49:24,m2312-C-4150,m2312-C-4150,12.5,0.0,0.0,0.0,1,1.5,182.0,1,12.5,0.0,0.0,0.0,0.0,0.0,37
2023-05-11 10:49:24,m2312-C-4150,m2312-C-4150,12.5,0.0,0.0,0.0,1,1.5,181.5,10,12.5,0.0,0.0,0.0,0.0,0.0,37
2023-05-11 10:49:27,m2312-C-4150,m2312-C-4150,12.5,0.0,0.0,0.0,1,1.5,181.0,1,12.5,0.0,0.0,0.0,0.0,0.0,37
2023-05-11 10:49:27,m2312-C-4150,m2312-C-4150,12.5,0.0,0.0,0.0,1,1.5,180.5,10,12.5,0.0,0.0,0.0,0.0,0.0,37
2023-05-11 10:49:31,m2312-C-4150,m2312-C-4150,12.5,0.0,0.0,0.0,1,1.5,180.0,1,12.5,0.0,0.0,0.0,0.0,0.0,37
2023-05-11 10:49:32,m2312-C-4150,m2312-C-4150,12.5,0.0,0.0,0.0,1,1.5,179.5,10,12.5,0.0,0.0,0.0,0.0,0.0,37
2023-05-11 10:49:38,m2312-C-4150,m2312-C-4150,12.5,0.0,0.0,0.0,1,1.5,179.0,1,12.5,0.0,0.0,0.0,0.0,0.0,37
2023-05-11 10:49:38,m2312-C-4150,m2312-C-4150,12.5,0.0,0.0,0.0,1,1.5,178.5,10,12.5,0.0,0.0,0.0,0.0,0.0,37
2023-05-11 10:49:43,m2312-C-4150,m2312-C-4150,12.5,0.0,0.0,0.0,1,1.5,178.0,1,12.5,0.0,0.0,0.0,0.0,0.0,37
2023-05-11 10:49:43,m2312-C-4150,m2312-C-4150,12.5,0.0,0.0,0.0,1,1.5,177.5,10,12.5,0.0,0.0,0.0,0.0,0.0,37
2023-05-11 10:49:47,m2312-C-4150,m2312-C-4150,12.5,0.0,0.0,0.0,1,1.5,177.0,1,12.5,0.0,0.0,0.0,0.0,0.0,37
2023-05-11 10:49:47,m2312-C-4150,m2312-C-4150,12.5,0.0,0.0,0.0,1,1.5,176.5,10,12.5,0.0,0.0,0.0,0.0,0.0,37
2023-05-11 10:49:51,m2312-C-4150,m2312-C-4150,12.5,0.0,0.0,0.0,1,1.5,176.0,1,12.5,0.0,0.0,0.0,0.0,0.0,37
2023-05-11 10:49:52,m2312-C-4150,m2312-C-4150,12.5,0.0,0.0,0.0,1,1.5,175.5,10,12.5,0.0,0.0,0.0,0.0,0.0,37
2023-05-11 10:49:56,m2312-C-4150,m2312-C-4150,12.5,0.0,0.0,0.0,1,1.5,175.0,1,12.5,0.0,0.0,0.0,0.0,0.0,37
2023-05-11 10:49:56,m2312-C-4150,m2312-C-4150,12.5,0.0,0.0,0.0,1,1.5,174.5,10,12.5,0.0,0.0,0.0,0.0,0.0,37
2023-05-11 10:50:01,m2312-C-4150,m2312-C-4150,12.5,0.0,0.0,0.0,1,1.5,174.0,1,12.5,0.0,0.0,0.0,0.0,0.0,37
2023-05-11 10:50:01,m2312-C-4150,m2312-C-4150,12.5,0.0,0.0,0.0,1,1.5,173.5,10,12.5,0.0,0.0,0.0,0.0,0.0,37
2023-05-11 10:50:05,m2312-C-4150,m2312-C-4150,12.5,0.0,0.0,0.0,1,1.5,173.0,1,12.5,0.0,0.0,0.0,0.0,0.0,37
2023-05-11 10:50:05,m2312-C-4150,m2312-C-4150,12.5,0.0,0.0,0.0,1,1.5,172.5,10,12.5,0.0,0.0,0.0,0.0,0.0,37
2023-05-11 10:50:08,m2312-C-4150,m2312-C-4150,12.5,0.0,0.0,0.0,1,1.5,172.0,1,12.5,0.0,0.0,0.0,0.0,0.0,37
2023-05-11 10:50:09,m2312-C-4150,m2312-C-4150,12.5,0.0,0.0,0.0,1,1.5,171.5,10,12.5,0.0,0.0,0.0,0.0,0.0,37
2023-05-11 10:50:12,m2312-C-4150,m2312-C-4150,12.5,0.0,0.0,0.0,1,1.5,171.0,1,12.5,0.0,0.0,0.0,0.0,0.0,37
2023-05-11 10:50:12,m2312-C-4150,m2312-C-4150,12.5,0.0,0.0,0.0,1,1.5,170.5,10,12.5,0.0,0.0,0.0,0.0,0.0,37
2023-05-11 10:50:17,m2312-C-4150,m2312-C-4150,12.5,0.0,0.0,0.0,1,1.5,170.0,1,12.5,0.0,0.0,0.0,0.0,0.0,37
2023-05-11 10:50:18,m2312-C-4150,m2312-C-4150,12.5,0.0,0.0,0.0,1,1.5,169.5,10,12.5,0.0,0.0,0.0,0.0,0.0,37
2023-05-11 11:29:33,m2312-C-4150,m2312-C-4150,12.5,0.0,0.0,0.0,1,1.5,0.0,0,12.5,0.0,0.0,0.0,0.0,0.0,37
2023-05-11 13:47:42,m2312-C-4150,m2312-C-4150,12.5,0.0,0.0,0.0,1,1.5,217.5,10,12.5,0.0,0.0,0.0,0.0,0.0,37
2023-05-11 13:47:43,m2312-C-4150,m2312-C-4150,12.5,0.0,0.0,0.0,1,1.5,217.0,1,12.5,0.0,0.0,0.0,0.0,0.0,37
2023-05-11 13:47:44,m2312-C-4150,m2312-C-4150,12.5,0.0,0.0,0.0,1,1.5,216.5,10,12.5,0.0,0.0,0.0,0.0,0.0,37
2023-05-11 13:47:50,m2312-C-4150,m2312-C-4150,12.5,0.0,0.0,0.0,1,1.5,216.0,1,12.5,0.0,0.0,0.0,0.0,0.0,37
2023-05-11 13:47:51,m2312-C-4150,m2312-C-4150,12.5,0.0,0.0,0.0,1,1.5,215.5,10,12.5,0.0,0.0,0.0,0.0,0.0,37
2023-05-11 13:47:58,m2312-C-4150,m2312-C-4150,12.5,0.0,0.0,0.0,1,1.5,215.0,1,12.5,0.0,0.0,0.0,0.0,0.0,37
2023-05-11 13:47:59,m2312-C-4150,m2312-C-4150,12.5,0.0,0.0,0.0,1,1.5,214.5,10,12.5,0.0,0.0,0.0,0.0,0.0,37
2023-05-11 13:48:05,m2312-C-4150,m2312-C-4150,12.5,0.0,0.0,0.0,1,1.5,214.0,1,12.5,0.0,0.0,0.0,0.0,0.0,37
2023-05-11 13:48:05,m2312-C-4150,m2312-C-4150,12.5,0.0,0.0,0.0,1,1.5,213.5,10,12.5,0.0,0.0,0.0,0.0,0.0,37
2023-05-11 13:48:11,m2312-C-4150,m2312-C-4150,12.5,0.0,0.0,0.0,1,1.5,213.0,1,12.5,0.0,0.0,0.0,0.0,0.0,37
2023-05-11 13:48:11,m2312-C-4150,m2312-C-4150,12.5,0.0,0.0,0.0,1,1.5,212.5,10,12.5,0.0,0.0,0.0,0.0,0.0,37
2023-05-11 13:48:15,m2312-C-4150,m2312-C-4150,12.5,0.0,0.0,0.0,1,1.5,212.0,1,12.5,0.0,0.0,0.0,0.0,0.0,37
2023-05-11 13:48:15,m2312-C-4150,m2312-C-4150,12.5,0.0,0.0,0.0,1,1.5,211.5,10,12.5,0.0,0.0,0.0,0.0,0.0,37
2023-05-11 13:48:21,m2312-C-4150,m2312-C-4150,12.5,0.0,0.0,0.0,1,1.5,211.0,1,12.5,0.0,0.0,0.0,0.0,0.0,37
2023-05-11 13:48:21,m2312-C-4150,m2312-C-4150,12.5,0.0,0.0,0.0,1,1.5,210.5,10,12.5,0.0,0.0,0.0,0.0,0.0,37
2023-05-11 13:48:26,m2312-C-4150,m2312-C-4150,12.5,0.0,0.0,0.0,1,1.5,210.0,1,12.5,0.0,0.0,0.0,0.0,0.0,37
2023-05-11 13:48:26,m2312-C-4150,m2312-C-4150,12.5,0.0,0.0,0.0,1,1.5,209.5,10,12.5,0.0,0.0,0.0,0.0,0.0,37
2023-05-11 13:48:33,m2312-C-4150,m2312-C-4150,12.5,0.0,0.0,0.0,1,1.5,209.0,1,12.5,0.0,0.0,0.0,0.0,0.0,37
2023-05-11 13:48:33,m2312-C-4150,m2312-C-4150,12.5,0.0,0.0,0.0,1,1.5,208.5,10,12.5,0.0,0.0,0.0,0.0,0.0,37
2023-05-11 13:48:36,m2312-C-4150,m2312-C-4150,12.5,0.0,0.0,0.0,1,1.5,208.0,1,12.5,0.0,0.0,0.0,0.0,0.0,37
2023-05-11 13:48:36,m2312-C-4150,m2312-C-4150,12.5,0.0,0.0,0.0,1,1.5,207.5,10,12.5,0.0,0.0,0.0,0.0,0.0,37
2023-05-11 13:48:44,m2312-C-4150,m2312-C-4150,12.5,0.0,0.0,0.0,1,1.5,207.0,1,12.5,0.0,0.0,0.0,0.0,0.0,37
2023-05-11 13:48:44,m2312-C-4150,m2312-C-4150,12.5,0.0,0.0,0.0,1,1.5,206.5,10,12.5,0.0,0.0,0.0,0.0,0.0,37
2023-05-11 13:48:49,m2312-C-4150,m2312-C-4150,12.5,0.0,0.0,0.0,1,1.5,206.0,1,12.5,0.0,0.0,0.0,0.0,0.0,37
2023-05-11 13:48:49,m2312-C-4150,m2312-C-4150,12.5,0.0,0.0,0.0,1,1.5,205.5,10,12.5,0.0,0.0,0.0,0.0,0.0,37
2023-05-11 13:48:53,m2312-C-4150,m2312-C-4150,12.5,0.0,0.0,0.0,1,1.5,205.0,1,12.5,0.0,0.0,0.0,0.0,0.0,37
2023-05-11 13:48:53,m2312-C-4150,m2312-C-4150,12.5,0.0,0.0,0.0,1,1.5,204.5,10,12.5,0.0,0.0,0.0,0.0,0.0,37
2023-05-11 13:48:58,m2312-C-4150,m2312-C-4150,12.5,0.0,0.0,0.0,1,1.5,204.0,1,12.5,0.0,0.0,0.0,0.0,0.0,37
2023-05-11 13:48:58,m2312-C-4150,m2312-C-4150,12.5,0.0,0.0,0.0,1,1.5,203.5,10,12.5,0.0,0.0,0.0,0.0,0.0,37
2023-05-11 13:49:07,m2312-C-4150,m2312-C-4150,12.5,0.0,0.0,0.0,1,1.5,203.0,1,12.5,0.0,0.0,0.0,0.0,0.0,37
2023-05-11 13:49:08,m2312-C-4150,m2312-C-4150,12.5,0.0,0.0,0.0,1,1.5,202.5,10,12.5,0.0,0.0,0.0,0.0,0.0,37
2023-05-11 13:49:16,m2312-C-4150,m2312-C-4150,12.5,0.0,0.0,0.0,1,1.5,202.0,1,12.5,0.0,0.0,0.0,0.0,0.0,37
2023-05-11 13:49:16,m2312-C-4150,m2312-C-4150,12.5,0.0,0.0,0.0,1,1.5,201.5,10,12.5,0.0,0.0,0.0,0.0,0.0,37
2023-05-11 13:49:29,m2312-C-4150,m2312-C-4150,12.5,0.0,0.0,0.0,1,1.5,201.0,1,12.5,0.0,0.0,0.0,0.0,0.0,37
2023-05-11 13:49:29,m2312-C-4150,m2312-C-4150,12.5,0.0,0.0,0.0,1,1.5,200.5,10,12.5,0.0,0.0,0.0,0.0,0.0,37
2023-05-11 13:49:39,m2312-C-4150,m2312-C-4150,12.5,0.0,0.0,0.0,1,1.5,200.0,1,12.5,0.0,0.0,0.0,0.0,0.0,37
2023-05-11 13:49:39,m2312-C-4150,m2312-C-4150,12.5,0.0,0.0,0.0,1,1.5,199.5,10,12.5,0.0,0.0,0.0,0.0,0.0,37
2023-05-11 13:49:46,m2312-C-4150,m2312-C-4150,12.5,0.0,0.0,0.0,1,1.5,199.0,1,12.5,0.0,0.0,0.0,0.0,0.0,37
2023-05-11 13:49:47,m2312-C-4150,m2312-C-4150,12.5,0.0,0.0,0.0,1,1.5,198.5,10,12.5,0.0,0.0,0.0,0.0,0.0,37
2023-05-11 13:49:54,m2312-C-4150,m2312-C-4150,12.5,0.0,0.0,0.0,1,1.5,198.0,1,12.5,0.0,0.0,0.0,0.0,0.0,37
2023-05-11 13:49:55,m2312-C-4150,m2312-C-4150,12.5,0.0,0.0,0.0,1,1.5,197.5,10,12.5,0.0,0.0,0.0,0.0,0.0,37
2023-05-11 13:50:03,m2312-C-4150,m2312-C-4150,12.5,0.0,0.0,0.0,1,1.5,197.0,1,12.5,0.0,0.0,0.0,0.0,0.0,37
2023-05-11 13:50:04,m2312-C-4150,m2312-C-4150,12.5,0.0,0.0,0.0,1,1.5,196.5,10,12.5,0.0,0.0,0.0,0.0,0.0,37
2023-05-11 13:50:16,m2312-C-4150,m2312-C-4150,12.5,0.0,0.0,0.0,1,1.5,196.0,1,12.5,0.0,0.0,0.0,0.0,0.0,37
2023-05-11 13:50:16,m2312-C-4150,m2312-C-4150,12.5,0.0,0.0,0.0,1,1.5,195.5,10,12.5,0.0,0.0,0.0,0.0,0.0,37
2023-05-11 13:50:28,m2312-C-4150,m2312-C-4150,12.5,0.0,0.0,0.0,1,1.5,195.0,1,12.5,0.0,0.0,0.0,0.0,0.0,37
2023-05-11 13:50:29,m2312-C-4150,m2312-C-4150,12.5,0.0,0.0,0.0,1,1.5,194.5,10,12.5,0.0,0.0,0.0,0.0,0.0,37
2023-05-11 13:50:34,m2312-C-4150,m2312-C-4150,12.5,0.0,0.0,0.0,1,1.5,194.0,1,12.5,0.0,0.0,0.0,0.0,0.0,37
2023-05-11 13:50:34,m2312-C-4150,m2312-C-4150,12.5,0.0,0.0,0.0,1,1.5,193.5,10,12.5,0.0,0.0,0.0,0.0,0.0,37
2023-05-11 13:50:40,m2312-C-4150,m2312-C-4150,12.5,0.0,0.0,0.0,1,1.5,193.0,1,12.5,0.0,0.0,0.0,0.0,0.0,37
2023-05-11 13:50:40,m2312-C-4150,m2312-C-4150,12.5,0.0,0.0,0.0,1,1.5,192.5,10,12.5,0.0,0.0,0.0,0.0,0.0,37
2023-05-11 13:50:51,m2312-C-4150,m2312-C-4150,12.5,0.0,0.0,0.0,1,1.5,192.0,1,12.5,0.0,0.0,0.0,0.0,0.0,37
2023-05-11 13:50:52,m2312-C-4150,m2312-C-4150,12.5,0.0,0.0,0.0,1,1.5,191.5,10,12.5,0.0,0.0,0.0,0.0,0.0,37
2023-05-11 13:50:58,m2312-C-4150,m2312-C-4150,12.5,0.0,0.0,0.0,1,1.5,191.0,1,12.5,0.0,0.0,0.0,0.0,0.0,37
2023-05-11 13:50:58,m2312-C-4150,m2312-C-4150,12.5,0.0,0.0,0.0,1,1.5,190.5,10,12.5,0.0,0.0,0.0,0.0,0.0,37
2023-05-11 13:51:41,m2312-C-4150,m2312-C-4150,12.5,0.0,0.0,0.0,1,1.5,190.0,1,12.5,0.0,0.0,0.0,0.0,0.0,37
2023-05-11 13:51:41,m2312-C-4150,m2312-C-4150,12.5,0.0,0.0,0.0,1,1.5,189.5,10,12.5,0.0,0.0,0.0,0.0,0.0,37
2023-05-11 13:51:48,m2312-C-4150,m2312-C-4150,12.5,0.0,0.0,0.0,1,1.5,189.0,1,12.5,0.0,0.0,0.0,0.0,0.0,37
2023-05-11 13:51:48,m2312-C-4150,m2312-C-4150,12.5,0.0,0.0,0.0,1,1.5,188.5,10,12.5,0.0,0.0,0.0,0.0,0.0,37
2023-05-11 13:51:57,m2312-C-4150,m2312-C-4150,12.5,0.0,0.0,0.0,1,1.5,188.0,1,12.5,0.0,0.0,0.0,0.0,0.0,37
2023-05-11 13:51:57,m2312-C-4150,m2312-C-4150,12.5,0.0,0.0,0.0,1,1.5,187.5,10,12.5,0.0,0.0,0.0,0.0,0.0,37
2023-05-11 13:52:15,m2312-C-4150,m2312-C-4150,12.5,0.0,0.0,0.0,1,1.5,187.0,1,12.5,0.0,0.0,0.0,0.0,0.0,37
2023-05-11 13:52:15,m2312-C-4150,m2312-C-4150,12.5,0.0,0.0,0.0,1,1.5,186.5,10,12.5,0.0,0.0,0.0,0.0,0.0,37
2023-05-11 13:52:26,m2312-C-4150,m2312-C-4150,12.5,0.0,0.0,0.0,1,1.5,186.0,1,12.5,0.0,0.0,0.0,0.0,0.0,37
2023-05-11 13:52:26,m2312-C-4150,m2312-C-4150,12.5,0.0,0.0,0.0,1,1.5,185.5,10,12.5,0.0,0.0,0.0,0.0,0.0,37
2023-05-11 13:52:35,m2312-C-4150,m2312-C-4150,12.5,0.0,0.0,0.0,1,1.5,185.0,1,12.5,0.0,0.0,0.0,0.0,0.0,37
2023-05-11 13:52:35,m2312-C-4150,m2312-C-4150,12.5,0.0,0.0,0.0,1,1.5,184.5,10,12.5,0.0,0.0,0.0,0.0,0.0,37
2023-05-11 13:52:52,m2312-C-4150,m2312-C-4150,12.5,0.0,0.0,0.0,1,1.5,184.0,1,12.5,0.0,0.0,0.0,0.0,0.0,37
2023-05-11 13:52:52,m2312-C-4150,m2312-C-4150,12.5,0.0,0.0,0.0,1,1.5,183.5,10,12.5,0.0,0.0,0.0,0.0,0.0,37
2023-05-11 13:52:58,m2312-C-4150,m2312-C-4150,12.5,0.0,0.0,0.0,1,1.5,183.0,1,12.5,0.0,0.0,0.0,0.0,0.0,37
2023-05-11 13:52:58,m2312-C-4150,m2312-C-4150,12.5,0.0,0.0,0.0,1,1.5,182.5,10,12.5,0.0,0.0,0.0,0.0,0.0,37
2023-05-11 13:53:06,m2312-C-4150,m2312-C-4150,12.5,0.0,0.0,0.0,1,1.5,182.0,1,12.5,0.0,0.0,0.0,0.0,0.0,37
2023-05-11 13:53:06,m2312-C-4150,m2312-C-4150,12.5,0.0,0.0,0.0,1,1.5,181.5,10,12.5,0.0,0.0,0.0,0.0,0.0,37
2023-05-11 13:53:10,m2312-C-4150,m2312-C-4150,12.5,0.0,0.0,0.0,1,1.5,181.0,1,12.5,0.0,0.0,0.0,0.0,0.0,37
2023-05-11 13:53:10,m2312-C-4150,m2312-C-4150,12.5,0.0,0.0,0.0,1,1.5,180.5,10,12.5,0.0,0.0,0.0,0.0,0.0,37
2023-05-11 13:53:14,m2312-C-4150,m2312-C-4150,12.5,0.0,0.0,0.0,1,1.5,180.0,1,12.5,0.0,0.0,0.0,0.0,0.0,37
2023-05-11 13:53:14,m2312-C-4150,m2312-C-4150,12.5,0.0,0.0,0.0,1,1.5,179.5,10,12.5,0.0,0.0,0.0,0.0,0.0,37
2023-05-11 13:53:21,m2312-C-4150,m2312-C-4150,12.5,0.0,0.0,0.0,1,1.5,179.0,1,12.5,0.0,0.0,0.0,0.0,0.0,37
2023-05-11 13:53:21,m2312-C-4150,m2312-C-4150,12.5,0.0,0.0,0.0,1,1.5,178.5,10,12.5,0.0,0.0,0.0,0.0,0.0,37
2023-05-11 13:53:26,m2312-C-4150,m2312-C-4150,12.5,0.0,0.0,0.0,1,1.5,178.0,1,12.5,0.0,0.0,0.0,0.0,0.0,37
2023-05-11 13:53:26,m2312-C-4150,m2312-C-4150,12.5,0.0,0.0,0.0,1,1.5,177.5,10,12.5,0.0,0.0,0.0,0.0,0.0,37
2023-05-11 13:53:31,m2312-C-4150,m2312-C-4150,12.5,0.0,0.0,0.0,1,1.5,177.0,1,12.5,0.0,0.0,0.0,0.0,0.0,37
2023-05-11 13:53:31,m2312-C-4150,m2312-C-4150,12.5,0.0,0.0,0.0,1,1.5,176.5,10,12.5,0.0,0.0,0.0,0.0,0.0,37
2023-05-11 13:53:37,m2312-C-4150,m2312-C-4150,12.5,0.0,0.0,0.0,1,1.5,176.0,1,12.5,0.0,0.0,0.0,0.0,0.0,37
2023-05-11 13:53:37,m2312-C-4150,m2312-C-4150,12.5,0.0,0.0,0.0,1,1.5,175.5,10,12.5,0.0,0.0,0.0,0.0,0.0,37
2023-05-11 13:53:45,m2312-C-4150,m2312-C-4150,12.5,0.0,0.0,0.0,1,1.5,175.0,1,12.5,0.0,0.0,0.0,0.0,0.0,37
2023-05-11 13:53:45,m2312-C-4150,m2312-C-4150,12.5,0.0,0.0,0.0,1,1.5,174.5,10,12.5,0.0,0.0,0.0,0.0,0.0,37
2023-05-11 13:53:59,m2312-C-4150,m2312-C-4150,12.5,0.0,0.0,0.0,1,1.5,174.0,1,12.5,0.0,0.0,0.0,0.0,0.0,37
2023-05-11 13:53:59,m2312-C-4150,m2312-C-4150,12.5,0.0,0.0,0.0,1,1.5,173.5,10,12.5,0.0,0.0,0.0,0.0,0.0,37
2023-05-11 13:54:04,m2312-C-4150,m2312-C-4150,12.5,0.0,0.0,0.0,1,1.5,173.0,1,12.5,0.0,0.0,0.0,0.0,0.0,37
2023-05-11 13:54:04,m2312-C-4150,m2312-C-4150,12.5,0.0,0.0,0.0,1,1.5,172.5,10,12.5,0.0,0.0,0.0,0.0,0.0,37
2023-05-11 13:54:10,m2312-C-4150,m2312-C-4150,12.5,0.0,0.0,0.0,1,1.5,172.0,1,12.5,0.0,0.0,0.0,0.0,0.0,37
2023-05-11 13:54:10,m2312-C-4150,m2312-C-4150,12.5,0.0,0.0,0.0,1,1.5,171.5,10,12.5,0.0,0.0,0.0,0.0,0.0,37
2023-05-11 13:54:14,m2312-C-4150,m2312-C-4150,12.5,0.0,0.0,0.0,1,1.5,171.0,1,12.5,0.0,0.0,0.0,0.0,0.0,37
2023-05-11 13:54:14,m2312-C-4150,m2312-C-4150,12.5,0.0,0.0,0.0,1,1.5,170.5,10,12.5,0.0,0.0,0.0,0.0,0.0,37
2023-05-11 13:54:19,m2312-C-4150,m2312-C-4150,12.5,0.0,0.0,0.0,1,1.5,170.0,1,12.5,0.0,0.0,0.0,0.0,0.0,37
2023-05-11 13:54:19,m2312-C-4150,m2312-C-4150,12.5,0.0,0.0,0.0,1,1.5,169.5,10,12.5,0.0,0.0,0.0,0.0,0.0,37
2023-05-11 14:38:46,m2312-C-4150,m2312-C-4150,12.5,0.0,0.0,0.0,5,6.5,12.5,5,12.5,0.0,0.0,0.0,0.0,0.0,37
2023-05-11 14:38:52,m2312-C-4150,m2312-C-4150,12.5,0.0,0.0,0.0,5,8.5,12.5,5,12.5,0.0,0.0,0.0,0.0,0.0,37
2023-05-11 14:38:53,m2312-C-4150,m2312-C-4150,12.5,0.0,0.0,0.0,10,8.5,12.5,10,12.5,0.0,0.0,0.0,0.0,0.0,37
2023-05-11 14:38:54,m2312-C-4150,m2312-C-4150,12.5,0.0,0.0,0.0,10,8.5,11.0,5,12.5,0.0,0.0,0.0,0.0,0.0,37
2023-05-11 14:38:58,m2312-C-4150,m2312-C-4150,12.5,0.0,0.0,0.0,15,8.5,11.0,5,12.5,0.0,0.0,0.0,0.0,0.0,37
2023-05-11 14:39:03,m2312-C-4150,m2312-C-4150,12.5,0.0,0.0,0.0,10,8.5,11.0,5,12.5,0.0,0.0,0.0,0.0,0.0,37
2023-05-11 14:39:04,m2312-C-4150,m2312-C-4150,12.5,0.0,0.0,0.0,5,8.5,11.0,5,12.5,0.0,0.0,0.0,0.0,0.0,37
2023-05-11 14:39:05,m2312-C-4150,m2312-C-4150,12.5,0.0,0.0,0.0,5,8.5,12.5,5,12.5,0.0,0.0,0.0,0.0,0.0,37
2023-05-11 14:39:07,m2312-C-4150,m2312-C-4150,12.5,0.0,0.0,0.0,5,8.5,13.0,5,12.5,0.0,0.0,0.0,0.0,0.0,37
2023-05-11 14:39:09,m2312-C-4150,m2312-C-4150,12.5,0.0,0.0,0.0,5,7.0,13.0,5,12.5,0.0,0.0,0.0,0.0,0.0,37
2023-05-11 14:39:13,m2312-C-4150,m2312-C-4150,12.5,0.0,0.0,0.0,1,1.5,0.0,0,12.5,0.0,0.0,0.0,0.0,0.0,37
2023-05-11 14:39:13,m2312-C-4150,m2312-C-4150,12.5,0.0,0.0,0.0,1,2.0,0.0,0,12.5,0.0,0.0,0.0,0.0,0.0,37
2023-05-11 14:39:18,m2312-C-4150,m2312-C-4150,12.5,0.0,0.0,0.0,1,1.5,0.0,0,12.5,0.0,0.0,0.0,0.0,0.0,37
2023-05-11 15:01:10,m2312-C-4150,m2312-C-4150,12.5,0.0,0.0,0.0,1,1.5,0.0,0,12.5,0.0,0.0,0.0,0.0,0.0,37
