time,symbol_id,symbol_name,last,trade_volume,trade_amount,open_interest_change,bv1,bp1,ap1,av1,yesterday_close,today_open,today_high,today_low,volume,amount,open_interest
2023-05-10 20:55:36,m2311-C-4200,m2311-C-4200,10.5,0.0,0.0,0.0,1,0.5,0.0,0,10.5,0.0,0.0,0.0,0.0,0.0,80
2023-05-10 21:05:27,m2311-C-4200,m2311-C-4200,10.5,0.0,0.0,0.0,1,0.5,219.0,1,10.5,0.0,0.0,0.0,0.0,0.0,80
2023-05-10 21:05:27,m2311-C-4200,m2311-C-4200,10.5,0.0,0.0,0.0,1,0.5,218.5,10,10.5,0.0,0.0,0.0,0.0,0.0,80
2023-05-10 21:06:40,m2311-C-4200,m2311-C-4200,10.5,0.0,0.0,0.0,1,0.5,218.0,1,10.5,0.0,0.0,0.0,0.0,0.0,80
2023-05-10 21:06:40,m2311-C-4200,m2311-C-4200,10.5,0.0,0.0,0.0,1,0.5,217.5,10,10.5,0.0,0.0,0.0,0.0,0.0,80
2023-05-10 21:06:57,m2311-C-4200,m2311-C-4200,10.5,0.0,0.0,0.0,1,0.5,217.0,1,10.5,0.0,0.0,0.0,0.0,0.0,80
2023-05-10 21:06:58,m2311-C-4200,m2311-C-4200,10.5,0.0,0.0,0.0,1,0.5,216.5,10,10.5,0.0,0.0,0.0,0.0,0.0,80
2023-05-10 21:07:41,m2311-C-4200,m2311-C-4200,10.5,0.0,0.0,0.0,1,0.5,216.0,1,10.5,0.0,0.0,0.0,0.0,0.0,80
2023-05-10 21:07:42,m2311-C-4200,m2311-C-4200,10.5,0.0,0.0,0.0,1,0.5,215.5,10,10.5,0.0,0.0,0.0,0.0,0.0,80
2023-05-10 21:08:23,m2311-C-4200,m2311-C-4200,10.5,0.0,0.0,0.0,1,0.5,215.0,1,10.5,0.0,0.0,0.0,0.0,0.0,80
2023-05-10 21:08:23,m2311-C-4200,m2311-C-4200,10.5,0.0,0.0,0.0,1,0.5,214.5,10,10.5,0.0,0.0,0.0,0.0,0.0,80
2023-05-10 21:09:06,m2311-C-4200,m2311-C-4200,10.5,0.0,0.0,0.0,1,0.5,214.0,1,10.5,0.0,0.0,0.0,0.0,0.0,80
2023-05-10 21:09:06,m2311-C-4200,m2311-C-4200,10.5,0.0,0.0,0.0,1,0.5,213.5,10,10.5,0.0,0.0,0.0,0.0,0.0,80
2023-05-10 21:09:18,m2311-C-4200,m2311-C-4200,10.5,0.0,0.0,0.0,1,0.5,213.0,1,10.5,0.0,0.0,0.0,0.0,0.0,80
2023-05-10 21:09:18,m2311-C-4200,m2311-C-4200,10.5,0.0,0.0,0.0,1,0.5,212.5,10,10.5,0.0,0.0,0.0,0.0,0.0,80
2023-05-10 21:09:32,m2311-C-4200,m2311-C-4200,10.5,0.0,0.0,0.0,1,0.5,212.0,1,10.5,0.0,0.0,0.0,0.0,0.0,80
2023-05-10 21:09:33,m2311-C-4200,m2311-C-4200,10.5,0.0,0.0,0.0,1,0.5,211.5,10,10.5,0.0,0.0,0.0,0.0,0.0,80
2023-05-10 21:09:48,m2311-C-4200,m2311-C-4200,10.5,0.0,0.0,0.0,1,0.5,211.0,1,10.5,0.0,0.0,0.0,0.0,0.0,80
2023-05-10 21:09:48,m2311-C-4200,m2311-C-4200,10.5,0.0,0.0,0.0,1,0.5,210.5,10,10.5,0.0,0.0,0.0,0.0,0.0,80
2023-05-10 21:10:07,m2311-C-4200,m2311-C-4200,10.5,0.0,0.0,0.0,1,0.5,210.0,1,10.5,0.0,0.0,0.0,0.0,0.0,80
2023-05-10 21:10:08,m2311-C-4200,m2311-C-4200,10.5,0.0,0.0,0.0,1,0.5,209.5,10,10.5,0.0,0.0,0.0,0.0,0.0,80
2023-05-10 21:10:40,m2311-C-4200,m2311-C-4200,10.5,0.0,0.0,0.0,1,0.5,209.0,1,10.5,0.0,0.0,0.0,0.0,0.0,80
2023-05-10 21:10:40,m2311-C-4200,m2311-C-4200,10.5,0.0,0.0,0.0,1,0.5,208.5,10,10.5,0.0,0.0,0.0,0.0,0.0,80
2023-05-10 21:10:51,m2311-C-4200,m2311-C-4200,10.5,0.0,0.0,0.0,1,0.5,208.0,1,10.5,0.0,0.0,0.0,0.0,0.0,80
2023-05-10 21:10:51,m2311-C-4200,m2311-C-4200,10.5,0.0,0.0,0.0,1,0.5,207.5,10,10.5,0.0,0.0,0.0,0.0,0.0,80
2023-05-10 21:11:09,m2311-C-4200,m2311-C-4200,10.5,0.0,0.0,0.0,1,0.5,207.0,1,10.5,0.0,0.0,0.0,0.0,0.0,80
2023-05-10 21:11:09,m2311-C-4200,m2311-C-4200,10.5,0.0,0.0,0.0,1,0.5,206.5,10,10.5,0.0,0.0,0.0,0.0,0.0,80
2023-05-10 21:11:27,m2311-C-4200,m2311-C-4200,10.5,0.0,0.0,0.0,1,0.5,206.0,1,10.5,0.0,0.0,0.0,0.0,0.0,80
2023-05-10 21:11:27,m2311-C-4200,m2311-C-4200,10.5,0.0,0.0,0.0,1,0.5,205.5,10,10.5,0.0,0.0,0.0,0.0,0.0,80
2023-05-10 21:11:54,m2311-C-4200,m2311-C-4200,10.5,0.0,0.0,0.0,1,0.5,205.0,1,10.5,0.0,0.0,0.0,0.0,0.0,80
2023-05-10 21:11:54,m2311-C-4200,m2311-C-4200,10.5,0.0,0.0,0.0,1,0.5,204.5,10,10.5,0.0,0.0,0.0,0.0,0.0,80
2023-05-10 21:12:20,m2311-C-4200,m2311-C-4200,10.5,0.0,0.0,0.0,1,0.5,204.0,1,10.5,0.0,0.0,0.0,0.0,0.0,80
2023-05-10 21:12:20,m2311-C-4200,m2311-C-4200,10.5,0.0,0.0,0.0,1,0.5,203.5,10,10.5,0.0,0.0,0.0,0.0,0.0,80
2023-05-10 21:12:46,m2311-C-4200,m2311-C-4200,10.5,0.0,0.0,0.0,1,0.5,203.0,1,10.5,0.0,0.0,0.0,0.0,0.0,80
2023-05-10 21:12:46,m2311-C-4200,m2311-C-4200,10.5,0.0,0.0,0.0,1,0.5,202.5,10,10.5,0.0,0.0,0.0,0.0,0.0,80
2023-05-10 21:13:24,m2311-C-4200,m2311-C-4200,10.5,0.0,0.0,0.0,1,0.5,202.0,1,10.5,0.0,0.0,0.0,0.0,0.0,80
2023-05-10 21:13:24,m2311-C-4200,m2311-C-4200,10.5,0.0,0.0,0.0,1,0.5,201.5,10,10.5,0.0,0.0,0.0,0.0,0.0,80
2023-05-10 21:15:37,m2311-C-4200,m2311-C-4200,10.5,0.0,0.0,0.0,1,0.5,201.0,1,10.5,0.0,0.0,0.0,0.0,0.0,80
2023-05-10 21:15:37,m2311-C-4200,m2311-C-4200,10.5,0.0,0.0,0.0,1,0.5,200.5,10,10.5,0.0,0.0,0.0,0.0,0.0,80
2023-05-10 21:16:09,m2311-C-4200,m2311-C-4200,10.5,0.0,0.0,0.0,1,0.5,200.0,1,10.5,0.0,0.0,0.0,0.0,0.0,80
2023-05-10 21:16:10,m2311-C-4200,m2311-C-4200,10.5,0.0,0.0,0.0,1,0.5,199.5,10,10.5,0.0,0.0,0.0,0.0,0.0,80
2023-05-10 21:16:19,m2311-C-4200,m2311-C-4200,10.5,0.0,0.0,0.0,1,0.5,199.0,1,10.5,0.0,0.0,0.0,0.0,0.0,80
2023-05-10 21:16:20,m2311-C-4200,m2311-C-4200,10.5,0.0,0.0,0.0,1,0.5,198.5,10,10.5,0.0,0.0,0.0,0.0,0.0,80
2023-05-10 21:16:26,m2311-C-4200,m2311-C-4200,10.5,0.0,0.0,0.0,1,0.5,198.0,1,10.5,0.0,0.0,0.0,0.0,0.0,80
2023-05-10 21:16:26,m2311-C-4200,m2311-C-4200,10.5,0.0,0.0,0.0,1,0.5,197.5,10,10.5,0.0,0.0,0.0,0.0,0.0,80
2023-05-10 21:16:30,m2311-C-4200,m2311-C-4200,10.5,0.0,0.0,0.0,1,0.5,197.0,1,10.5,0.0,0.0,0.0,0.0,0.0,80
2023-05-10 21:16:30,m2311-C-4200,m2311-C-4200,10.5,0.0,0.0,0.0,1,0.5,196.5,10,10.5,0.0,0.0,0.0,0.0,0.0,80
2023-05-10 21:16:39,m2311-C-4200,m2311-C-4200,10.5,0.0,0.0,0.0,1,0.5,196.0,1,10.5,0.0,0.0,0.0,0.0,0.0,80
2023-05-10 21:16:39,m2311-C-4200,m2311-C-4200,10.5,0.0,0.0,0.0,1,0.5,195.5,10,10.5,0.0,0.0,0.0,0.0,0.0,80
2023-05-10 21:16:49,m2311-C-4200,m2311-C-4200,10.5,0.0,0.0,0.0,2,0.5,195.5,10,10.5,0.0,0.0,0.0,0.0,0.0,80
2023-05-10 21:17:13,m2311-C-4200,m2311-C-4200,10.5,0.0,0.0,0.0,2,0.5,195.0,1,10.5,0.0,0.0,0.0,0.0,0.0,80
2023-05-10 21:17:13,m2311-C-4200,m2311-C-4200,10.5,0.0,0.0,0.0,2,0.5,194.5,10,10.5,0.0,0.0,0.0,0.0,0.0,80
2023-05-10 21:17:23,m2311-C-4200,m2311-C-4200,10.5,0.0,0.0,0.0,2,0.5,194.0,1,10.5,0.0,0.0,0.0,0.0,0.0,80
2023-05-10 21:17:23,m2311-C-4200,m2311-C-4200,10.5,0.0,0.0,0.0,2,0.5,193.5,10,10.5,0.0,0.0,0.0,0.0,0.0,80
2023-05-10 21:17:38,m2311-C-4200,m2311-C-4200,10.5,0.0,0.0,0.0,2,0.5,193.0,1,10.5,0.0,0.0,0.0,0.0,0.0,80
2023-05-10 21:17:38,m2311-C-4200,m2311-C-4200,10.5,0.0,0.0,0.0,2,0.5,192.5,10,10.5,0.0,0.0,0.0,0.0,0.0,80
2023-05-10 21:17:46,m2311-C-4200,m2311-C-4200,10.5,0.0,0.0,0.0,2,0.5,192.0,1,10.5,0.0,0.0,0.0,0.0,0.0,80
2023-05-10 21:17:46,m2311-C-4200,m2311-C-4200,10.5,0.0,0.0,0.0,2,0.5,191.5,10,10.5,0.0,0.0,0.0,0.0,0.0,80
2023-05-10 21:17:54,m2311-C-4200,m2311-C-4200,10.5,0.0,0.0,0.0,2,0.5,191.0,1,10.5,0.0,0.0,0.0,0.0,0.0,80
2023-05-10 21:17:54,m2311-C-4200,m2311-C-4200,10.5,0.0,0.0,0.0,2,0.5,190.5,10,10.5,0.0,0.0,0.0,0.0,0.0,80
2023-05-10 21:18:03,m2311-C-4200,m2311-C-4200,10.5,0.0,0.0,0.0,2,0.5,190.0,1,10.5,0.0,0.0,0.0,0.0,0.0,80
2023-05-10 21:18:03,m2311-C-4200,m2311-C-4200,10.5,0.0,0.0,0.0,2,0.5,189.5,10,10.5,0.0,0.0,0.0,0.0,0.0,80
2023-05-10 21:18:15,m2311-C-4200,m2311-C-4200,10.5,0.0,0.0,0.0,2,0.5,189.0,1,10.5,0.0,0.0,0.0,0.0,0.0,80
2023-05-10 21:18:15,m2311-C-4200,m2311-C-4200,10.5,0.0,0.0,0.0,2,0.5,188.5,10,10.5,0.0,0.0,0.0,0.0,0.0,80
2023-05-10 21:18:20,m2311-C-4200,m2311-C-4200,10.5,0.0,0.0,0.0,2,0.5,188.0,1,10.5,0.0,0.0,0.0,0.0,0.0,80
2023-05-10 21:18:20,m2311-C-4200,m2311-C-4200,10.5,0.0,0.0,0.0,2,0.5,187.5,10,10.5,0.0,0.0,0.0,0.0,0.0,80
2023-05-10 21:18:26,m2311-C-4200,m2311-C-4200,10.5,0.0,0.0,0.0,2,0.5,187.0,1,10.5,0.0,0.0,0.0,0.0,0.0,80
2023-05-10 21:18:26,m2311-C-4200,m2311-C-4200,10.5,0.0,0.0,0.0,2,0.5,186.5,10,10.5,0.0,0.0,0.0,0.0,0.0,80
2023-05-10 21:18:34,m2311-C-4200,m2311-C-4200,10.5,0.0,0.0,0.0,2,0.5,186.0,1,10.5,0.0,0.0,0.0,0.0,0.0,80
2023-05-10 21:18:34,m2311-C-4200,m2311-C-4200,10.5,0.0,0.0,0.0,2,0.5,185.5,10,10.5,0.0,0.0,0.0,0.0,0.0,80
2023-05-10 21:18:47,m2311-C-4200,m2311-C-4200,10.5,0.0,0.0,0.0,2,0.5,185.0,1,10.5,0.0,0.0,0.0,0.0,0.0,80
2023-05-10 21:18:47,m2311-C-4200,m2311-C-4200,10.5,0.0,0.0,0.0,2,0.5,184.5,10,10.5,0.0,0.0,0.0,0.0,0.0,80
2023-05-10 21:18:56,m2311-C-4200,m2311-C-4200,10.5,0.0,0.0,0.0,2,0.5,184.0,1,10.5,0.0,0.0,0.0,0.0,0.0,80
2023-05-10 21:18:56,m2311-C-4200,m2311-C-4200,10.5,0.0,0.0,0.0,2,0.5,183.5,10,10.5,0.0,0.0,0.0,0.0,0.0,80
2023-05-10 21:19:03,m2311-C-4200,m2311-C-4200,10.5,0.0,0.0,0.0,2,0.5,183.0,1,10.5,0.0,0.0,0.0,0.0,0.0,80
2023-05-10 21:19:03,m2311-C-4200,m2311-C-4200,10.5,0.0,0.0,0.0,2,0.5,182.5,10,10.5,0.0,0.0,0.0,0.0,0.0,80
2023-05-10 21:19:11,m2311-C-4200,m2311-C-4200,10.5,0.0,0.0,0.0,2,0.5,182.0,1,10.5,0.0,0.0,0.0,0.0,0.0,80
2023-05-10 21:19:12,m2311-C-4200,m2311-C-4200,10.5,0.0,0.0,0.0,2,0.5,181.5,10,10.5,0.0,0.0,0.0,0.0,0.0,80
2023-05-10 21:19:17,m2311-C-4200,m2311-C-4200,10.5,0.0,0.0,0.0,2,0.5,181.0,1,10.5,0.0,0.0,0.0,0.0,0.0,80
2023-05-10 21:19:17,m2311-C-4200,m2311-C-4200,10.5,0.0,0.0,0.0,2,0.5,180.5,10,10.5,0.0,0.0,0.0,0.0,0.0,80
2023-05-10 21:19:21,m2311-C-4200,m2311-C-4200,10.5,0.0,0.0,0.0,2,0.5,180.0,1,10.5,0.0,0.0,0.0,0.0,0.0,80
2023-05-10 21:19:21,m2311-C-4200,m2311-C-4200,10.5,0.0,0.0,0.0,2,0.5,179.5,10,10.5,0.0,0.0,0.0,0.0,0.0,80
2023-05-10 21:20:07,m2311-C-4200,m2311-C-4200,10.5,0.0,0.0,0.0,2,0.5,179.0,1,10.5,0.0,0.0,0.0,0.0,0.0,80
2023-05-10 21:20:07,m2311-C-4200,m2311-C-4200,10.5,0.0,0.0,0.0,2,0.5,178.5,10,10.5,0.0,0.0,0.0,0.0,0.0,80
2023-05-10 21:20:21,m2311-C-4200,m2311-C-4200,10.5,0.0,0.0,0.0,2,0.5,178.0,1,10.5,0.0,0.0,0.0,0.0,0.0,80
2023-05-10 21:20:21,m2311-C-4200,m2311-C-4200,10.5,0.0,0.0,0.0,2,0.5,177.5,10,10.5,0.0,0.0,0.0,0.0,0.0,80
2023-05-10 21:20:28,m2311-C-4200,m2311-C-4200,10.5,0.0,0.0,0.0,2,0.5,177.0,1,10.5,0.0,0.0,0.0,0.0,0.0,80
2023-05-10 21:20:28,m2311-C-4200,m2311-C-4200,10.5,0.0,0.0,0.0,2,0.5,176.5,10,10.5,0.0,0.0,0.0,0.0,0.0,80
2023-05-10 21:20:33,m2311-C-4200,m2311-C-4200,10.5,0.0,0.0,0.0,2,0.5,176.0,1,10.5,0.0,0.0,0.0,0.0,0.0,80
2023-05-10 21:20:34,m2311-C-4200,m2311-C-4200,10.5,0.0,0.0,0.0,2,0.5,175.5,10,10.5,0.0,0.0,0.0,0.0,0.0,80
2023-05-10 21:20:40,m2311-C-4200,m2311-C-4200,10.5,0.0,0.0,0.0,2,0.5,175.0,1,10.5,0.0,0.0,0.0,0.0,0.0,80
2023-05-10 21:20:40,m2311-C-4200,m2311-C-4200,10.5,0.0,0.0,0.0,2,0.5,174.5,10,10.5,0.0,0.0,0.0,0.0,0.0,80
2023-05-10 21:20:44,m2311-C-4200,m2311-C-4200,10.5,0.0,0.0,0.0,2,0.5,174.0,1,10.5,0.0,0.0,0.0,0.0,0.0,80
2023-05-10 21:20:45,m2311-C-4200,m2311-C-4200,10.5,0.0,0.0,0.0,2,0.5,173.5,10,10.5,0.0,0.0,0.0,0.0,0.0,80
2023-05-10 21:20:49,m2311-C-4200,m2311-C-4200,10.5,0.0,0.0,0.0,2,0.5,173.0,1,10.5,0.0,0.0,0.0,0.0,0.0,80
2023-05-10 21:20:50,m2311-C-4200,m2311-C-4200,10.5,0.0,0.0,0.0,2,0.5,172.5,10,10.5,0.0,0.0,0.0,0.0,0.0,80
2023-05-10 21:20:56,m2311-C-4200,m2311-C-4200,10.5,0.0,0.0,0.0,2,0.5,172.0,1,10.5,0.0,0.0,0.0,0.0,0.0,80
2023-05-10 21:20:57,m2311-C-4200,m2311-C-4200,10.5,0.0,0.0,0.0,2,0.5,171.5,10,10.5,0.0,0.0,0.0,0.0,0.0,80
2023-05-10 21:21:06,m2311-C-4200,m2311-C-4200,10.5,0.0,0.0,0.0,2,0.5,171.0,1,10.5,0.0,0.0,0.0,0.0,0.0,80
2023-05-10 21:21:06,m2311-C-4200,m2311-C-4200,10.5,0.0,0.0,0.0,2,0.5,170.5,10,10.5,0.0,0.0,0.0,0.0,0.0,80
2023-05-10 22:50:11,m2311-C-4200,m2311-C-4200,10.5,0.0,0.0,0.0,1,0.5,170.5,10,10.5,0.0,0.0,0.0,0.0,0.0,80
2023-05-10 22:57:33,m2311-C-4200,m2311-C-4200,10.5,0.0,0.0,0.0,1,0.5,0.0,0,10.5,0.0,0.0,0.0,0.0,0.0,80
2023-05-11 09:01:58,m2311-C-4200,m2311-C-4200,10.5,0.0,0.0,0.0,1,0.5,219.0,1,10.5,0.0,0.0,0.0,0.0,0.0,80
2023-05-11 09:01:58,m2311-C-4200,m2311-C-4200,10.5,0.0,0.0,0.0,1,0.5,218.5,10,10.5,0.0,0.0,0.0,0.0,0.0,80
2023-05-11 09:03:26,m2311-C-4200,m2311-C-4200,10.5,0.0,0.0,0.0,1,0.5,218.0,1,10.5,0.0,0.0,0.0,0.0,0.0,80
2023-05-11 09:03:26,m2311-C-4200,m2311-C-4200,10.5,0.0,0.0,0.0,1,0.5,217.5,10,10.5,0.0,0.0,0.0,0.0,0.0,80
2023-05-11 09:04:13,m2311-C-4200,m2311-C-4200,10.5,0.0,0.0,0.0,1,0.5,217.0,1,10.5,0.0,0.0,0.0,0.0,0.0,80
2023-05-11 09:04:14,m2311-C-4200,m2311-C-4200,10.5,0.0,0.0,0.0,1,0.5,216.5,10,10.5,0.0,0.0,0.0,0.0,0.0,80
2023-05-11 09:04:42,m2311-C-4200,m2311-C-4200,10.5,0.0,0.0,0.0,1,0.5,216.0,1,10.5,0.0,0.0,0.0,0.0,0.0,80
2023-05-11 09:04:42,m2311-C-4200,m2311-C-4200,10.5,0.0,0.0,0.0,1,0.5,215.5,10,10.5,0.0,0.0,0.0,0.0,0.0,80
2023-05-11 09:04:52,m2311-C-4200,m2311-C-4200,10.5,0.0,0.0,0.0,1,0.5,215.0,1,10.5,0.0,0.0,0.0,0.0,0.0,80
2023-05-11 09:04:52,m2311-C-4200,m2311-C-4200,10.5,0.0,0.0,0.0,1,0.5,214.5,10,10.5,0.0,0.0,0.0,0.0,0.0,80
2023-05-11 09:05:15,m2311-C-4200,m2311-C-4200,10.5,0.0,0.0,0.0,1,0.5,214.0,1,10.5,0.0,0.0,0.0,0.0,0.0,80
2023-05-11 09:05:16,m2311-C-4200,m2311-C-4200,10.5,0.0,0.0,0.0,1,0.5,213.5,10,10.5,0.0,0.0,0.0,0.0,0.0,80
2023-05-11 09:05:53,m2311-C-4200,m2311-C-4200,10.5,0.0,0.0,0.0,1,0.5,213.0,1,10.5,0.0,0.0,0.0,0.0,0.0,80
2023-05-11 09:05:53,m2311-C-4200,m2311-C-4200,10.5,0.0,0.0,0.0,1,0.5,212.5,10,10.5,0.0,0.0,0.0,0.0,0.0,80
2023-05-11 09:06:20,m2311-C-4200,m2311-C-4200,10.5,0.0,0.0,0.0,1,0.5,212.0,1,10.5,0.0,0.0,0.0,0.0,0.0,80
2023-05-11 09:06:20,m2311-C-4200,m2311-C-4200,10.5,0.0,0.0,0.0,1,0.5,211.5,10,10.5,0.0,0.0,0.0,0.0,0.0,80
2023-05-11 09:06:30,m2311-C-4200,m2311-C-4200,10.5,0.0,0.0,0.0,1,0.5,211.0,1,10.5,0.0,0.0,0.0,0.0,0.0,80
2023-05-11 09:06:31,m2311-C-4200,m2311-C-4200,10.5,0.0,0.0,0.0,1,0.5,210.5,10,10.5,0.0,0.0,0.0,0.0,0.0,80
2023-05-11 09:07:27,m2311-C-4200,m2311-C-4200,10.5,0.0,0.0,0.0,1,0.5,210.0,1,10.5,0.0,0.0,0.0,0.0,0.0,80
2023-05-11 09:07:27,m2311-C-4200,m2311-C-4200,10.5,0.0,0.0,0.0,1,0.5,209.5,10,10.5,0.0,0.0,0.0,0.0,0.0,80
2023-05-11 09:08:03,m2311-C-4200,m2311-C-4200,10.5,0.0,0.0,0.0,1,0.5,209.0,1,10.5,0.0,0.0,0.0,0.0,0.0,80
2023-05-11 09:08:03,m2311-C-4200,m2311-C-4200,10.5,0.0,0.0,0.0,1,0.5,208.5,10,10.5,0.0,0.0,0.0,0.0,0.0,80
2023-05-11 09:08:38,m2311-C-4200,m2311-C-4200,10.5,0.0,0.0,0.0,1,0.5,208.0,1,10.5,0.0,0.0,0.0,0.0,0.0,80
2023-05-11 09:08:38,m2311-C-4200,m2311-C-4200,10.5,0.0,0.0,0.0,1,0.5,207.5,10,10.5,0.0,0.0,0.0,0.0,0.0,80
2023-05-11 09:09:04,m2311-C-4200,m2311-C-4200,10.5,0.0,0.0,0.0,1,0.5,207.0,1,10.5,0.0,0.0,0.0,0.0,0.0,80
2023-05-11 09:09:04,m2311-C-4200,m2311-C-4200,10.5,0.0,0.0,0.0,1,0.5,206.5,10,10.5,0.0,0.0,0.0,0.0,0.0,80
2023-05-11 09:09:13,m2311-C-4200,m2311-C-4200,10.5,0.0,0.0,0.0,1,0.5,206.0,1,10.5,0.0,0.0,0.0,0.0,0.0,80
2023-05-11 09:09:14,m2311-C-4200,m2311-C-4200,10.5,0.0,0.0,0.0,1,0.5,205.5,10,10.5,0.0,0.0,0.0,0.0,0.0,80
2023-05-11 09:09:21,m2311-C-4200,m2311-C-4200,10.5,0.0,0.0,0.0,1,0.5,205.0,1,10.5,0.0,0.0,0.0,0.0,0.0,80
2023-05-11 09:09:21,m2311-C-4200,m2311-C-4200,10.5,0.0,0.0,0.0,1,0.5,204.5,10,10.5,0.0,0.0,0.0,0.0,0.0,80
2023-05-11 09:09:29,m2311-C-4200,m2311-C-4200,10.5,0.0,0.0,0.0,1,0.5,204.0,1,10.5,0.0,0.0,0.0,0.0,0.0,80
2023-05-11 09:09:29,m2311-C-4200,m2311-C-4200,10.5,0.0,0.0,0.0,1,0.5,203.5,10,10.5,0.0,0.0,0.0,0.0,0.0,80
2023-05-11 09:09:53,m2311-C-4200,m2311-C-4200,10.5,0.0,0.0,0.0,1,0.5,203.0,1,10.5,0.0,0.0,0.0,0.0,0.0,80
2023-05-11 09:09:53,m2311-C-4200,m2311-C-4200,10.5,0.0,0.0,0.0,1,0.5,202.5,10,10.5,0.0,0.0,0.0,0.0,0.0,80
2023-05-11 09:10:00,m2311-C-4200,m2311-C-4200,10.5,0.0,0.0,0.0,1,0.5,202.0,1,10.5,0.0,0.0,0.0,0.0,0.0,80
2023-05-11 09:10:01,m2311-C-4200,m2311-C-4200,10.5,0.0,0.0,0.0,1,0.5,201.5,10,10.5,0.0,0.0,0.0,0.0,0.0,80
2023-05-11 09:10:10,m2311-C-4200,m2311-C-4200,10.5,0.0,0.0,0.0,1,0.5,201.0,1,10.5,0.0,0.0,0.0,0.0,0.0,80
2023-05-11 09:10:10,m2311-C-4200,m2311-C-4200,10.5,0.0,0.0,0.0,1,0.5,200.5,10,10.5,0.0,0.0,0.0,0.0,0.0,80
2023-05-11 09:10:13,m2311-C-4200,m2311-C-4200,10.5,0.0,0.0,0.0,1,0.5,200.0,1,10.5,0.0,0.0,0.0,0.0,0.0,80
2023-05-11 09:10:13,m2311-C-4200,m2311-C-4200,10.5,0.0,0.0,0.0,1,0.5,199.5,10,10.5,0.0,0.0,0.0,0.0,0.0,80
2023-05-11 09:10:20,m2311-C-4200,m2311-C-4200,10.5,0.0,0.0,0.0,1,0.5,199.0,1,10.5,0.0,0.0,0.0,0.0,0.0,80
2023-05-11 09:10:20,m2311-C-4200,m2311-C-4200,10.5,0.0,0.0,0.0,1,0.5,198.5,10,10.5,0.0,0.0,0.0,0.0,0.0,80
2023-05-11 09:10:29,m2311-C-4200,m2311-C-4200,10.5,0.0,0.0,0.0,1,0.5,198.0,1,10.5,0.0,0.0,0.0,0.0,0.0,80
2023-05-11 09:10:29,m2311-C-4200,m2311-C-4200,10.5,0.0,0.0,0.0,1,0.5,197.5,10,10.5,0.0,0.0,0.0,0.0,0.0,80
2023-05-11 09:10:39,m2311-C-4200,m2311-C-4200,10.5,0.0,0.0,0.0,1,0.5,197.0,1,10.5,0.0,0.0,0.0,0.0,0.0,80
2023-05-11 09:10:39,m2311-C-4200,m2311-C-4200,10.5,0.0,0.0,0.0,1,0.5,196.5,10,10.5,0.0,0.0,0.0,0.0,0.0,80
2023-05-11 09:10:49,m2311-C-4200,m2311-C-4200,10.5,0.0,0.0,0.0,1,0.5,196.0,1,10.5,0.0,0.0,0.0,0.0,0.0,80
2023-05-11 09:10:49,m2311-C-4200,m2311-C-4200,10.5,0.0,0.0,0.0,1,0.5,195.5,10,10.5,0.0,0.0,0.0,0.0,0.0,80
2023-05-11 09:11:01,m2311-C-4200,m2311-C-4200,10.5,0.0,0.0,0.0,1,0.5,195.0,1,10.5,0.0,0.0,0.0,0.0,0.0,80
2023-05-11 09:11:01,m2311-C-4200,m2311-C-4200,10.5,0.0,0.0,0.0,1,0.5,194.5,10,10.5,0.0,0.0,0.0,0.0,0.0,80
2023-05-11 09:11:10,m2311-C-4200,m2311-C-4200,10.5,0.0,0.0,0.0,1,0.5,194.0,1,10.5,0.0,0.0,0.0,0.0,0.0,80
2023-05-11 09:11:10,m2311-C-4200,m2311-C-4200,10.5,0.0,0.0,0.0,1,0.5,193.5,10,10.5,0.0,0.0,0.0,0.0,0.0,80
2023-05-11 09:11:23,m2311-C-4200,m2311-C-4200,10.5,0.0,0.0,0.0,1,0.5,193.0,1,10.5,0.0,0.0,0.0,0.0,0.0,80
2023-05-11 09:11:23,m2311-C-4200,m2311-C-4200,10.5,0.0,0.0,0.0,1,0.5,192.5,10,10.5,0.0,0.0,0.0,0.0,0.0,80
2023-05-11 09:11:45,m2311-C-4200,m2311-C-4200,10.5,0.0,0.0,0.0,1,0.5,192.0,1,10.5,0.0,0.0,0.0,0.0,0.0,80
2023-05-11 09:11:46,m2311-C-4200,m2311-C-4200,10.5,0.0,0.0,0.0,1,0.5,191.5,10,10.5,0.0,0.0,0.0,0.0,0.0,80
2023-05-11 09:12:14,m2311-C-4200,m2311-C-4200,10.5,0.0,0.0,0.0,1,0.5,191.0,1,10.5,0.0,0.0,0.0,0.0,0.0,80
2023-05-11 09:12:14,m2311-C-4200,m2311-C-4200,10.5,0.0,0.0,0.0,1,0.5,190.5,10,10.5,0.0,0.0,0.0,0.0,0.0,80
2023-05-11 09:12:23,m2311-C-4200,m2311-C-4200,10.5,0.0,0.0,0.0,1,0.5,190.0,1,10.5,0.0,0.0,0.0,0.0,0.0,80
2023-05-11 09:12:23,m2311-C-4200,m2311-C-4200,10.5,0.0,0.0,0.0,1,0.5,189.5,10,10.5,0.0,0.0,0.0,0.0,0.0,80
2023-05-11 09:12:35,m2311-C-4200,m2311-C-4200,10.5,0.0,0.0,0.0,1,0.5,189.0,1,10.5,0.0,0.0,0.0,0.0,0.0,80
2023-05-11 09:12:35,m2311-C-4200,m2311-C-4200,10.5,0.0,0.0,0.0,1,0.5,188.5,10,10.5,0.0,0.0,0.0,0.0,0.0,80
2023-05-11 09:12:43,m2311-C-4200,m2311-C-4200,10.5,0.0,0.0,0.0,1,0.5,188.0,1,10.5,0.0,0.0,0.0,0.0,0.0,80
2023-05-11 09:12:43,m2311-C-4200,m2311-C-4200,10.5,0.0,0.0,0.0,1,0.5,187.5,10,10.5,0.0,0.0,0.0,0.0,0.0,80
2023-05-11 09:12:51,m2311-C-4200,m2311-C-4200,10.5,0.0,0.0,0.0,1,0.5,187.0,1,10.5,0.0,0.0,0.0,0.0,0.0,80
2023-05-11 09:12:51,m2311-C-4200,m2311-C-4200,10.5,0.0,0.0,0.0,1,0.5,186.5,10,10.5,0.0,0.0,0.0,0.0,0.0,80
2023-05-11 09:12:56,m2311-C-4200,m2311-C-4200,10.5,0.0,0.0,0.0,1,0.5,186.0,1,10.5,0.0,0.0,0.0,0.0,0.0,80
2023-05-11 09:12:56,m2311-C-4200,m2311-C-4200,10.5,0.0,0.0,0.0,1,0.5,185.5,10,10.5,0.0,0.0,0.0,0.0,0.0,80
2023-05-11 09:13:21,m2311-C-4200,m2311-C-4200,10.5,0.0,0.0,0.0,1,0.5,185.0,1,10.5,0.0,0.0,0.0,0.0,0.0,80
2023-05-11 09:13:21,m2311-C-4200,m2311-C-4200,10.5,0.0,0.0,0.0,1,0.5,184.5,10,10.5,0.0,0.0,0.0,0.0,0.0,80
2023-05-11 09:14:07,m2311-C-4200,m2311-C-4200,10.5,0.0,0.0,0.0,1,0.5,184.0,1,10.5,0.0,0.0,0.0,0.0,0.0,80
2023-05-11 09:14:07,m2311-C-4200,m2311-C-4200,10.5,0.0,0.0,0.0,1,0.5,183.5,10,10.5,0.0,0.0,0.0,0.0,0.0,80
2023-05-11 09:14:36,m2311-C-4200,m2311-C-4200,10.5,0.0,0.0,0.0,1,0.5,183.0,1,10.5,0.0,0.0,0.0,0.0,0.0,80
2023-05-11 09:14:36,m2311-C-4200,m2311-C-4200,10.5,0.0,0.0,0.0,1,0.5,182.5,10,10.5,0.0,0.0,0.0,0.0,0.0,80
2023-05-11 09:15:38,m2311-C-4200,m2311-C-4200,10.5,0.0,0.0,0.0,1,0.5,182.0,1,10.5,0.0,0.0,0.0,0.0,0.0,80
2023-05-11 09:15:38,m2311-C-4200,m2311-C-4200,10.5,0.0,0.0,0.0,1,0.5,181.5,10,10.5,0.0,0.0,0.0,0.0,0.0,80
2023-05-11 09:16:02,m2311-C-4200,m2311-C-4200,10.5,0.0,0.0,0.0,1,0.5,181.0,1,10.5,0.0,0.0,0.0,0.0,0.0,80
2023-05-11 09:16:03,m2311-C-4200,m2311-C-4200,10.5,0.0,0.0,0.0,1,0.5,180.5,10,10.5,0.0,0.0,0.0,0.0,0.0,80
2023-05-11 09:16:09,m2311-C-4200,m2311-C-4200,10.5,0.0,0.0,0.0,1,0.5,180.0,1,10.5,0.0,0.0,0.0,0.0,0.0,80
2023-05-11 09:16:09,m2311-C-4200,m2311-C-4200,10.5,0.0,0.0,0.0,1,0.5,179.5,10,10.5,0.0,0.0,0.0,0.0,0.0,80
2023-05-11 09:16:15,m2311-C-4200,m2311-C-4200,10.5,0.0,0.0,0.0,1,0.5,179.0,1,10.5,0.0,0.0,0.0,0.0,0.0,80
2023-05-11 09:16:15,m2311-C-4200,m2311-C-4200,10.5,0.0,0.0,0.0,1,0.5,178.5,10,10.5,0.0,0.0,0.0,0.0,0.0,80
2023-05-11 09:16:25,m2311-C-4200,m2311-C-4200,10.5,0.0,0.0,0.0,1,0.5,178.0,1,10.5,0.0,0.0,0.0,0.0,0.0,80
2023-05-11 09:16:26,m2311-C-4200,m2311-C-4200,10.5,0.0,0.0,0.0,1,0.5,177.5,10,10.5,0.0,0.0,0.0,0.0,0.0,80
2023-05-11 09:16:50,m2311-C-4200,m2311-C-4200,10.5,0.0,0.0,0.0,1,0.5,177.0,1,10.5,0.0,0.0,0.0,0.0,0.0,80
2023-05-11 09:16:50,m2311-C-4200,m2311-C-4200,10.5,0.0,0.0,0.0,1,0.5,176.5,10,10.5,0.0,0.0,0.0,0.0,0.0,80
2023-05-11 09:17:05,m2311-C-4200,m2311-C-4200,10.5,0.0,0.0,0.0,1,0.5,176.0,1,10.5,0.0,0.0,0.0,0.0,0.0,80
2023-05-11 09:17:05,m2311-C-4200,m2311-C-4200,10.5,0.0,0.0,0.0,1,0.5,175.5,10,10.5,0.0,0.0,0.0,0.0,0.0,80
2023-05-11 09:17:40,m2311-C-4200,m2311-C-4200,10.5,0.0,0.0,0.0,1,0.5,175.0,1,10.5,0.0,0.0,0.0,0.0,0.0,80
2023-05-11 09:17:40,m2311-C-4200,m2311-C-4200,10.5,0.0,0.0,0.0,1,0.5,174.5,10,10.5,0.0,0.0,0.0,0.0,0.0,80
2023-05-11 09:17:59,m2311-C-4200,m2311-C-4200,10.5,0.0,0.0,0.0,1,0.5,174.0,1,10.5,0.0,0.0,0.0,0.0,0.0,80
2023-05-11 09:18:00,m2311-C-4200,m2311-C-4200,10.5,0.0,0.0,0.0,1,0.5,173.5,10,10.5,0.0,0.0,0.0,0.0,0.0,80
2023-05-11 09:18:03,m2311-C-4200,m2311-C-4200,10.5,0.0,0.0,0.0,1,0.5,173.0,1,10.5,0.0,0.0,0.0,0.0,0.0,80
2023-05-11 09:18:04,m2311-C-4200,m2311-C-4200,10.5,0.0,0.0,0.0,1,0.5,172.5,10,10.5,0.0,0.0,0.0,0.0,0.0,80
2023-05-11 09:18:13,m2311-C-4200,m2311-C-4200,10.5,0.0,0.0,0.0,1,0.5,172.0,1,10.5,0.0,0.0,0.0,0.0,0.0,80
2023-05-11 09:18:13,m2311-C-4200,m2311-C-4200,10.5,0.0,0.0,0.0,1,0.5,171.5,10,10.5,0.0,0.0,0.0,0.0,0.0,80
2023-05-11 09:18:19,m2311-C-4200,m2311-C-4200,10.5,0.0,0.0,0.0,1,0.5,171.0,1,10.5,0.0,0.0,0.0,0.0,0.0,80
2023-05-11 09:18:19,m2311-C-4200,m2311-C-4200,10.5,0.0,0.0,0.0,1,0.5,170.5,10,10.5,0.0,0.0,0.0,0.0,0.0,80
2023-05-11 09:27:32,m2311-C-4200,m2311-C-4200,10.5,0.0,0.0,0.0,2,1.0,170.5,10,10.5,0.0,0.0,0.0,0.0,0.0,80
2023-05-11 09:28:00,m2311-C-4200,m2311-C-4200,10.5,0.0,0.0,0.0,1,0.5,170.5,10,10.5,0.0,0.0,0.0,0.0,0.0,80
2023-05-11 09:31:37,m2311-C-4200,m2311-C-4200,10.5,0.0,0.0,0.0,6,0.5,170.5,10,10.5,0.0,0.0,0.0,0.0,0.0,80
2023-05-11 09:32:50,m2311-C-4200,m2311-C-4200,10.5,0.0,0.0,0.0,7,0.5,170.5,10,10.5,0.0,0.0,0.0,0.0,0.0,80
2023-05-11 09:33:15,m2311-C-4200,m2311-C-4200,10.5,0.0,0.0,0.0,2,1.0,170.5,10,10.5,0.0,0.0,0.0,0.0,0.0,80
2023-05-11 09:33:41,m2311-C-4200,m2311-C-4200,10.5,0.0,0.0,0.0,7,0.5,170.5,10,10.5,0.0,0.0,0.0,0.0,0.0,80
2023-05-11 10:14:32,m2311-C-4200,m2311-C-4200,10.5,0.0,0.0,0.0,7,0.5,0.0,0,10.5,0.0,0.0,0.0,0.0,0.0,80
2023-05-11 10:30:38,m2311-C-4200,m2311-C-4200,10.5,0.0,0.0,0.0,7,0.5,219.0,1,10.5,0.0,0.0,0.0,0.0,0.0,80
2023-05-11 10:30:38,m2311-C-4200,m2311-C-4200,10.5,0.0,0.0,0.0,7,0.5,218.5,10,10.5,0.0,0.0,0.0,0.0,0.0,80
2023-05-11 10:31:03,m2311-C-4200,m2311-C-4200,10.5,0.0,0.0,0.0,7,0.5,218.0,1,10.5,0.0,0.0,0.0,0.0,0.0,80
2023-05-11 10:31:03,m2311-C-4200,m2311-C-4200,10.5,0.0,0.0,0.0,7,0.5,217.5,10,10.5,0.0,0.0,0.0,0.0,0.0,80
2023-05-11 10:31:13,m2311-C-4200,m2311-C-4200,10.5,0.0,0.0,0.0,7,0.5,217.0,1,10.5,0.0,0.0,0.0,0.0,0.0,80
2023-05-11 10:31:13,m2311-C-4200,m2311-C-4200,10.5,0.0,0.0,0.0,7,0.5,216.5,10,10.5,0.0,0.0,0.0,0.0,0.0,80
2023-05-11 10:31:26,m2311-C-4200,m2311-C-4200,10.5,0.0,0.0,0.0,7,0.5,216.0,1,10.5,0.0,0.0,0.0,0.0,0.0,80
2023-05-11 10:31:26,m2311-C-4200,m2311-C-4200,10.5,0.0,0.0,0.0,7,0.5,215.5,10,10.5,0.0,0.0,0.0,0.0,0.0,80
2023-05-11 10:31:50,m2311-C-4200,m2311-C-4200,10.5,0.0,0.0,0.0,7,0.5,215.0,1,10.5,0.0,0.0,0.0,0.0,0.0,80
2023-05-11 10:31:51,m2311-C-4200,m2311-C-4200,10.5,0.0,0.0,0.0,7,0.5,214.5,10,10.5,0.0,0.0,0.0,0.0,0.0,80
2023-05-11 10:32:06,m2311-C-4200,m2311-C-4200,10.5,0.0,0.0,0.0,7,0.5,214.0,1,10.5,0.0,0.0,0.0,0.0,0.0,80
2023-05-11 10:32:06,m2311-C-4200,m2311-C-4200,10.5,0.0,0.0,0.0,7,0.5,213.5,10,10.5,0.0,0.0,0.0,0.0,0.0,80
2023-05-11 10:32:33,m2311-C-4200,m2311-C-4200,10.5,0.0,0.0,0.0,7,0.5,213.0,1,10.5,0.0,0.0,0.0,0.0,0.0,80
2023-05-11 10:32:33,m2311-C-4200,m2311-C-4200,10.5,0.0,0.0,0.0,7,0.5,212.5,10,10.5,0.0,0.0,0.0,0.0,0.0,80
2023-05-11 10:32:54,m2311-C-4200,m2311-C-4200,10.5,0.0,0.0,0.0,7,0.5,212.0,1,10.5,0.0,0.0,0.0,0.0,0.0,80
2023-05-11 10:32:54,m2311-C-4200,m2311-C-4200,10.5,0.0,0.0,0.0,7,0.5,211.5,10,10.5,0.0,0.0,0.0,0.0,0.0,80
2023-05-11 10:33:33,m2311-C-4200,m2311-C-4200,10.5,0.0,0.0,0.0,7,0.5,211.0,1,10.5,0.0,0.0,0.0,0.0,0.0,80
2023-05-11 10:33:33,m2311-C-4200,m2311-C-4200,10.5,0.0,0.0,0.0,7,0.5,210.5,10,10.5,0.0,0.0,0.0,0.0,0.0,80
2023-05-11 10:33:54,m2311-C-4200,m2311-C-4200,10.5,0.0,0.0,0.0,7,0.5,210.0,1,10.5,0.0,0.0,0.0,0.0,0.0,80
2023-05-11 10:33:54,m2311-C-4200,m2311-C-4200,10.5,0.0,0.0,0.0,7,0.5,209.5,10,10.5,0.0,0.0,0.0,0.0,0.0,80
2023-05-11 10:34:16,m2311-C-4200,m2311-C-4200,10.5,0.0,0.0,0.0,7,0.5,209.0,1,10.5,0.0,0.0,0.0,0.0,0.0,80
2023-05-11 10:34:17,m2311-C-4200,m2311-C-4200,10.5,0.0,0.0,0.0,7,0.5,208.5,10,10.5,0.0,0.0,0.0,0.0,0.0,80
2023-05-11 10:34:29,m2311-C-4200,m2311-C-4200,10.5,0.0,0.0,0.0,7,0.5,208.0,1,10.5,0.0,0.0,0.0,0.0,0.0,80
2023-05-11 10:34:30,m2311-C-4200,m2311-C-4200,10.5,0.0,0.0,0.0,7,0.5,207.5,10,10.5,0.0,0.0,0.0,0.0,0.0,80
2023-05-11 10:34:43,m2311-C-4200,m2311-C-4200,10.5,0.0,0.0,0.0,7,0.5,207.0,1,10.5,0.0,0.0,0.0,0.0,0.0,80
2023-05-11 10:34:43,m2311-C-4200,m2311-C-4200,10.5,0.0,0.0,0.0,7,0.5,206.5,10,10.5,0.0,0.0,0.0,0.0,0.0,80
2023-05-11 10:35:15,m2311-C-4200,m2311-C-4200,10.5,0.0,0.0,0.0,7,0.5,206.0,1,10.5,0.0,0.0,0.0,0.0,0.0,80
2023-05-11 10:35:15,m2311-C-4200,m2311-C-4200,10.5,0.0,0.0,0.0,7,0.5,205.5,10,10.5,0.0,0.0,0.0,0.0,0.0,80
2023-05-11 10:35:32,m2311-C-4200,m2311-C-4200,10.5,0.0,0.0,0.0,7,0.5,205.0,1,10.5,0.0,0.0,0.0,0.0,0.0,80
2023-05-11 10:35:33,m2311-C-4200,m2311-C-4200,10.5,0.0,0.0,0.0,7,0.5,204.5,10,10.5,0.0,0.0,0.0,0.0,0.0,80
2023-05-11 10:36:01,m2311-C-4200,m2311-C-4200,10.5,0.0,0.0,0.0,7,0.5,204.0,1,10.5,0.0,0.0,0.0,0.0,0.0,80
2023-05-11 10:36:01,m2311-C-4200,m2311-C-4200,10.5,0.0,0.0,0.0,7,0.5,203.5,10,10.5,0.0,0.0,0.0,0.0,0.0,80
2023-05-11 10:36:21,m2311-C-4200,m2311-C-4200,10.5,0.0,0.0,0.0,7,0.5,203.0,1,10.5,0.0,0.0,0.0,0.0,0.0,80
2023-05-11 10:36:21,m2311-C-4200,m2311-C-4200,10.5,0.0,0.0,0.0,7,0.5,202.5,10,10.5,0.0,0.0,0.0,0.0,0.0,80
2023-05-11 10:36:49,m2311-C-4200,m2311-C-4200,10.5,0.0,0.0,0.0,7,0.5,202.0,1,10.5,0.0,0.0,0.0,0.0,0.0,80
2023-05-11 10:36:49,m2311-C-4200,m2311-C-4200,10.5,0.0,0.0,0.0,7,0.5,201.5,10,10.5,0.0,0.0,0.0,0.0,0.0,80
2023-05-11 10:37:31,m2311-C-4200,m2311-C-4200,10.5,0.0,0.0,0.0,7,0.5,201.0,1,10.5,0.0,0.0,0.0,0.0,0.0,80
2023-05-11 10:37:31,m2311-C-4200,m2311-C-4200,10.5,0.0,0.0,0.0,7,0.5,200.5,10,10.5,0.0,0.0,0.0,0.0,0.0,80
2023-05-11 10:38:26,m2311-C-4200,m2311-C-4200,10.5,0.0,0.0,0.0,7,0.5,200.0,1,10.5,0.0,0.0,0.0,0.0,0.0,80
2023-05-11 10:38:26,m2311-C-4200,m2311-C-4200,10.5,0.0,0.0,0.0,7,0.5,199.5,10,10.5,0.0,0.0,0.0,0.0,0.0,80
2023-05-11 10:38:42,m2311-C-4200,m2311-C-4200,10.5,0.0,0.0,0.0,7,0.5,199.0,1,10.5,0.0,0.0,0.0,0.0,0.0,80
2023-05-11 10:38:42,m2311-C-4200,m2311-C-4200,10.5,0.0,0.0,0.0,7,0.5,198.5,10,10.5,0.0,0.0,0.0,0.0,0.0,80
2023-05-11 10:39:10,m2311-C-4200,m2311-C-4200,10.5,0.0,0.0,0.0,7,0.5,198.0,1,10.5,0.0,0.0,0.0,0.0,0.0,80
2023-05-11 10:39:10,m2311-C-4200,m2311-C-4200,10.5,0.0,0.0,0.0,7,0.5,197.5,10,10.5,0.0,0.0,0.0,0.0,0.0,80
2023-05-11 10:40:04,m2311-C-4200,m2311-C-4200,10.5,0.0,0.0,0.0,7,0.5,197.0,1,10.5,0.0,0.0,0.0,0.0,0.0,80
2023-05-11 10:40:04,m2311-C-4200,m2311-C-4200,10.5,0.0,0.0,0.0,7,0.5,196.5,10,10.5,0.0,0.0,0.0,0.0,0.0,80
2023-05-11 10:40:35,m2311-C-4200,m2311-C-4200,10.5,0.0,0.0,0.0,7,0.5,196.0,1,10.5,0.0,0.0,0.0,0.0,0.0,80
2023-05-11 10:40:36,m2311-C-4200,m2311-C-4200,10.5,0.0,0.0,0.0,7,0.5,195.5,10,10.5,0.0,0.0,0.0,0.0,0.0,80
2023-05-11 10:41:03,m2311-C-4200,m2311-C-4200,10.5,0.0,0.0,0.0,7,0.5,195.0,1,10.5,0.0,0.0,0.0,0.0,0.0,80
2023-05-11 10:41:03,m2311-C-4200,m2311-C-4200,10.5,0.0,0.0,0.0,7,0.5,194.5,10,10.5,0.0,0.0,0.0,0.0,0.0,80
2023-05-11 10:41:30,m2311-C-4200,m2311-C-4200,10.5,0.0,0.0,0.0,7,0.5,194.0,1,10.5,0.0,0.0,0.0,0.0,0.0,80
2023-05-11 10:41:31,m2311-C-4200,m2311-C-4200,10.5,0.0,0.0,0.0,7,0.5,193.5,10,10.5,0.0,0.0,0.0,0.0,0.0,80
2023-05-11 10:42:16,m2311-C-4200,m2311-C-4200,10.5,0.0,0.0,0.0,7,0.5,193.0,1,10.5,0.0,0.0,0.0,0.0,0.0,80
2023-05-11 10:42:16,m2311-C-4200,m2311-C-4200,10.5,0.0,0.0,0.0,7,0.5,192.5,10,10.5,0.0,0.0,0.0,0.0,0.0,80
2023-05-11 10:42:58,m2311-C-4200,m2311-C-4200,10.5,0.0,0.0,0.0,7,0.5,192.0,1,10.5,0.0,0.0,0.0,0.0,0.0,80
2023-05-11 10:42:58,m2311-C-4200,m2311-C-4200,10.5,0.0,0.0,0.0,7,0.5,191.5,10,10.5,0.0,0.0,0.0,0.0,0.0,80
2023-05-11 10:43:25,m2311-C-4200,m2311-C-4200,10.5,0.0,0.0,0.0,7,0.5,191.0,1,10.5,0.0,0.0,0.0,0.0,0.0,80
2023-05-11 10:43:25,m2311-C-4200,m2311-C-4200,10.5,0.0,0.0,0.0,7,0.5,190.5,10,10.5,0.0,0.0,0.0,0.0,0.0,80
2023-05-11 10:43:43,m2311-C-4200,m2311-C-4200,10.5,0.0,0.0,0.0,7,0.5,190.0,1,10.5,0.0,0.0,0.0,0.0,0.0,80
2023-05-11 10:43:44,m2311-C-4200,m2311-C-4200,10.5,0.0,0.0,0.0,7,0.5,189.5,10,10.5,0.0,0.0,0.0,0.0,0.0,80
2023-05-11 10:44:09,m2311-C-4200,m2311-C-4200,10.5,0.0,0.0,0.0,7,0.5,189.0,1,10.5,0.0,0.0,0.0,0.0,0.0,80
2023-05-11 10:44:09,m2311-C-4200,m2311-C-4200,10.5,0.0,0.0,0.0,7,0.5,188.5,10,10.5,0.0,0.0,0.0,0.0,0.0,80
2023-05-11 10:44:52,m2311-C-4200,m2311-C-4200,10.5,0.0,0.0,0.0,7,0.5,188.0,1,10.5,0.0,0.0,0.0,0.0,0.0,80
2023-05-11 10:44:53,m2311-C-4200,m2311-C-4200,10.5,0.0,0.0,0.0,7,0.5,187.5,10,10.5,0.0,0.0,0.0,0.0,0.0,80
2023-05-11 10:45:25,m2311-C-4200,m2311-C-4200,10.5,0.0,0.0,0.0,7,0.5,187.0,1,10.5,0.0,0.0,0.0,0.0,0.0,80
2023-05-11 10:45:25,m2311-C-4200,m2311-C-4200,10.5,0.0,0.0,0.0,7,0.5,186.5,10,10.5,0.0,0.0,0.0,0.0,0.0,80
2023-05-11 10:46:28,m2311-C-4200,m2311-C-4200,10.5,0.0,0.0,0.0,7,0.5,186.0,1,10.5,0.0,0.0,0.0,0.0,0.0,80
2023-05-11 10:46:28,m2311-C-4200,m2311-C-4200,10.5,0.0,0.0,0.0,7,0.5,185.5,10,10.5,0.0,0.0,0.0,0.0,0.0,80
2023-05-11 10:46:44,m2311-C-4200,m2311-C-4200,10.5,0.0,0.0,0.0,7,0.5,185.0,1,10.5,0.0,0.0,0.0,0.0,0.0,80
2023-05-11 10:46:44,m2311-C-4200,m2311-C-4200,10.5,0.0,0.0,0.0,7,0.5,184.5,10,10.5,0.0,0.0,0.0,0.0,0.0,80
2023-05-11 10:46:52,m2311-C-4200,m2311-C-4200,10.5,0.0,0.0,0.0,7,0.5,184.0,1,10.5,0.0,0.0,0.0,0.0,0.0,80
2023-05-11 10:46:53,m2311-C-4200,m2311-C-4200,10.5,0.0,0.0,0.0,7,0.5,183.5,10,10.5,0.0,0.0,0.0,0.0,0.0,80
2023-05-11 10:47:47,m2311-C-4200,m2311-C-4200,10.5,0.0,0.0,0.0,7,0.5,183.0,1,10.5,0.0,0.0,0.0,0.0,0.0,80
2023-05-11 10:47:48,m2311-C-4200,m2311-C-4200,10.5,0.0,0.0,0.0,7,0.5,182.5,10,10.5,0.0,0.0,0.0,0.0,0.0,80
2023-05-11 10:48:07,m2311-C-4200,m2311-C-4200,10.5,0.0,0.0,0.0,7,0.5,182.0,1,10.5,0.0,0.0,0.0,0.0,0.0,80
2023-05-11 10:48:08,m2311-C-4200,m2311-C-4200,10.5,0.0,0.0,0.0,7,0.5,181.5,10,10.5,0.0,0.0,0.0,0.0,0.0,80
2023-05-11 10:48:20,m2311-C-4200,m2311-C-4200,10.5,0.0,0.0,0.0,7,0.5,181.0,1,10.5,0.0,0.0,0.0,0.0,0.0,80
2023-05-11 10:48:20,m2311-C-4200,m2311-C-4200,10.5,0.0,0.0,0.0,7,0.5,180.5,10,10.5,0.0,0.0,0.0,0.0,0.0,80
2023-05-11 10:48:54,m2311-C-4200,m2311-C-4200,10.5,0.0,0.0,0.0,7,0.5,180.0,1,10.5,0.0,0.0,0.0,0.0,0.0,80
2023-05-11 10:48:54,m2311-C-4200,m2311-C-4200,10.5,0.0,0.0,0.0,7,0.5,179.5,10,10.5,0.0,0.0,0.0,0.0,0.0,80
2023-05-11 10:49:06,m2311-C-4200,m2311-C-4200,10.5,0.0,0.0,0.0,7,0.5,179.0,1,10.5,0.0,0.0,0.0,0.0,0.0,80
2023-05-11 10:49:06,m2311-C-4200,m2311-C-4200,10.5,0.0,0.0,0.0,7,0.5,178.5,10,10.5,0.0,0.0,0.0,0.0,0.0,80
2023-05-11 10:49:44,m2311-C-4200,m2311-C-4200,10.5,0.0,0.0,0.0,7,0.5,178.0,1,10.5,0.0,0.0,0.0,0.0,0.0,80
2023-05-11 10:49:44,m2311-C-4200,m2311-C-4200,10.5,0.0,0.0,0.0,7,0.5,177.5,10,10.5,0.0,0.0,0.0,0.0,0.0,80
2023-05-11 10:49:53,m2311-C-4200,m2311-C-4200,10.5,0.0,0.0,0.0,7,0.5,177.0,1,10.5,0.0,0.0,0.0,0.0,0.0,80
2023-05-11 10:49:53,m2311-C-4200,m2311-C-4200,10.5,0.0,0.0,0.0,7,0.5,176.5,10,10.5,0.0,0.0,0.0,0.0,0.0,80
2023-05-11 10:50:00,m2311-C-4200,m2311-C-4200,10.5,0.0,0.0,0.0,7,0.5,176.0,1,10.5,0.0,0.0,0.0,0.0,0.0,80
2023-05-11 10:50:01,m2311-C-4200,m2311-C-4200,10.5,0.0,0.0,0.0,7,0.5,175.5,10,10.5,0.0,0.0,0.0,0.0,0.0,80
2023-05-11 10:50:14,m2311-C-4200,m2311-C-4200,10.5,0.0,0.0,0.0,7,0.5,175.0,1,10.5,0.0,0.0,0.0,0.0,0.0,80
2023-05-11 10:50:15,m2311-C-4200,m2311-C-4200,10.5,0.0,0.0,0.0,7,0.5,174.5,10,10.5,0.0,0.0,0.0,0.0,0.0,80
2023-05-11 10:50:19,m2311-C-4200,m2311-C-4200,10.5,0.0,0.0,0.0,7,0.5,174.0,1,10.5,0.0,0.0,0.0,0.0,0.0,80
2023-05-11 10:50:20,m2311-C-4200,m2311-C-4200,10.5,0.0,0.0,0.0,7,0.5,173.5,10,10.5,0.0,0.0,0.0,0.0,0.0,80
2023-05-11 10:50:24,m2311-C-4200,m2311-C-4200,10.5,0.0,0.0,0.0,7,0.5,173.0,1,10.5,0.0,0.0,0.0,0.0,0.0,80
2023-05-11 10:50:24,m2311-C-4200,m2311-C-4200,10.5,0.0,0.0,0.0,7,0.5,172.5,10,10.5,0.0,0.0,0.0,0.0,0.0,80
2023-05-11 10:50:30,m2311-C-4200,m2311-C-4200,10.5,0.0,0.0,0.0,7,0.5,172.0,1,10.5,0.0,0.0,0.0,0.0,0.0,80
2023-05-11 10:50:30,m2311-C-4200,m2311-C-4200,10.5,0.0,0.0,0.0,7,0.5,171.5,10,10.5,0.0,0.0,0.0,0.0,0.0,80
2023-05-11 10:50:36,m2311-C-4200,m2311-C-4200,10.5,0.0,0.0,0.0,7,0.5,171.0,1,10.5,0.0,0.0,0.0,0.0,0.0,80
2023-05-11 10:50:37,m2311-C-4200,m2311-C-4200,10.5,0.0,0.0,0.0,7,0.5,170.5,10,10.5,0.0,0.0,0.0,0.0,0.0,80
2023-05-11 11:29:33,m2311-C-4200,m2311-C-4200,10.5,0.0,0.0,0.0,7,0.5,0.0,0,10.5,0.0,0.0,0.0,0.0,0.0,80
2023-05-11 13:31:21,m2311-C-4200,m2311-C-4200,10.5,0.0,0.0,0.0,7,0.5,218.5,10,10.5,0.0,0.0,0.0,0.0,0.0,80
2023-05-11 13:31:55,m2311-C-4200,m2311-C-4200,10.5,0.0,0.0,0.0,7,0.5,218.0,1,10.5,0.0,0.0,0.0,0.0,0.0,80
2023-05-11 13:31:55,m2311-C-4200,m2311-C-4200,10.5,0.0,0.0,0.0,7,0.5,217.5,10,10.5,0.0,0.0,0.0,0.0,0.0,80
2023-05-11 13:32:35,m2311-C-4200,m2311-C-4200,10.5,0.0,0.0,0.0,7,0.5,217.0,1,10.5,0.0,0.0,0.0,0.0,0.0,80
2023-05-11 13:32:35,m2311-C-4200,m2311-C-4200,10.5,0.0,0.0,0.0,7,0.5,216.5,10,10.5,0.0,0.0,0.0,0.0,0.0,80
2023-05-11 13:33:32,m2311-C-4200,m2311-C-4200,10.5,0.0,0.0,0.0,7,0.5,216.0,1,10.5,0.0,0.0,0.0,0.0,0.0,80
2023-05-11 13:33:33,m2311-C-4200,m2311-C-4200,10.5,0.0,0.0,0.0,7,0.5,215.5,10,10.5,0.0,0.0,0.0,0.0,0.0,80
2023-05-11 13:34:02,m2311-C-4200,m2311-C-4200,10.5,0.0,0.0,0.0,7,0.5,215.0,1,10.5,0.0,0.0,0.0,0.0,0.0,80
2023-05-11 13:34:03,m2311-C-4200,m2311-C-4200,10.5,0.0,0.0,0.0,7,0.5,214.5,10,10.5,0.0,0.0,0.0,0.0,0.0,80
2023-05-11 13:34:37,m2311-C-4200,m2311-C-4200,10.5,0.0,0.0,0.0,7,0.5,214.0,1,10.5,0.0,0.0,0.0,0.0,0.0,80
2023-05-11 13:34:37,m2311-C-4200,m2311-C-4200,10.5,0.0,0.0,0.0,7,0.5,213.5,10,10.5,0.0,0.0,0.0,0.0,0.0,80
2023-05-11 13:34:50,m2311-C-4200,m2311-C-4200,10.5,0.0,0.0,0.0,7,0.5,213.0,1,10.5,0.0,0.0,0.0,0.0,0.0,80
2023-05-11 13:34:51,m2311-C-4200,m2311-C-4200,10.5,0.0,0.0,0.0,7,0.5,212.5,10,10.5,0.0,0.0,0.0,0.0,0.0,80
2023-05-11 13:35:13,m2311-C-4200,m2311-C-4200,10.5,0.0,0.0,0.0,7,0.5,212.0,1,10.5,0.0,0.0,0.0,0.0,0.0,80
2023-05-11 13:35:14,m2311-C-4200,m2311-C-4200,10.5,0.0,0.0,0.0,7,0.5,211.5,10,10.5,0.0,0.0,0.0,0.0,0.0,80
2023-05-11 13:35:40,m2311-C-4200,m2311-C-4200,10.5,0.0,0.0,0.0,7,0.5,211.0,1,10.5,0.0,0.0,0.0,0.0,0.0,80
2023-05-11 13:35:40,m2311-C-4200,m2311-C-4200,10.5,0.0,0.0,0.0,7,0.5,210.5,10,10.5,0.0,0.0,0.0,0.0,0.0,80
2023-05-11 13:36:12,m2311-C-4200,m2311-C-4200,10.5,0.0,0.0,0.0,7,0.5,210.0,1,10.5,0.0,0.0,0.0,0.0,0.0,80
2023-05-11 13:36:12,m2311-C-4200,m2311-C-4200,10.5,0.0,0.0,0.0,7,0.5,209.5,10,10.5,0.0,0.0,0.0,0.0,0.0,80
2023-05-11 13:36:28,m2311-C-4200,m2311-C-4200,10.5,0.0,0.0,0.0,7,0.5,209.0,1,10.5,0.0,0.0,0.0,0.0,0.0,80
2023-05-11 13:36:28,m2311-C-4200,m2311-C-4200,10.5,0.0,0.0,0.0,7,0.5,208.5,10,10.5,0.0,0.0,0.0,0.0,0.0,80
2023-05-11 13:37:17,m2311-C-4200,m2311-C-4200,10.5,0.0,0.0,0.0,7,0.5,208.0,1,10.5,0.0,0.0,0.0,0.0,0.0,80
2023-05-11 13:37:17,m2311-C-4200,m2311-C-4200,10.5,0.0,0.0,0.0,7,0.5,207.5,10,10.5,0.0,0.0,0.0,0.0,0.0,80
2023-05-11 13:37:47,m2311-C-4200,m2311-C-4200,10.5,0.0,0.0,0.0,7,0.5,207.0,1,10.5,0.0,0.0,0.0,0.0,0.0,80
2023-05-11 13:37:48,m2311-C-4200,m2311-C-4200,10.5,0.0,0.0,0.0,7,0.5,206.5,10,10.5,0.0,0.0,0.0,0.0,0.0,80
2023-05-11 13:38:10,m2311-C-4200,m2311-C-4200,10.5,0.0,0.0,0.0,7,0.5,206.0,1,10.5,0.0,0.0,0.0,0.0,0.0,80
2023-05-11 13:38:10,m2311-C-4200,m2311-C-4200,10.5,0.0,0.0,0.0,7,0.5,205.5,10,10.5,0.0,0.0,0.0,0.0,0.0,80
2023-05-11 13:38:23,m2311-C-4200,m2311-C-4200,10.5,0.0,0.0,0.0,7,0.5,205.0,1,10.5,0.0,0.0,0.0,0.0,0.0,80
2023-05-11 13:38:23,m2311-C-4200,m2311-C-4200,10.5,0.0,0.0,0.0,7,0.5,204.5,10,10.5,0.0,0.0,0.0,0.0,0.0,80
2023-05-11 13:38:52,m2311-C-4200,m2311-C-4200,10.5,0.0,0.0,0.0,7,0.5,204.0,1,10.5,0.0,0.0,0.0,0.0,0.0,80
2023-05-11 13:38:53,m2311-C-4200,m2311-C-4200,10.5,0.0,0.0,0.0,7,0.5,203.5,10,10.5,0.0,0.0,0.0,0.0,0.0,80
2023-05-11 13:39:20,m2311-C-4200,m2311-C-4200,10.5,0.0,0.0,0.0,7,0.5,203.0,1,10.5,0.0,0.0,0.0,0.0,0.0,80
2023-05-11 13:39:20,m2311-C-4200,m2311-C-4200,10.5,0.0,0.0,0.0,7,0.5,202.5,10,10.5,0.0,0.0,0.0,0.0,0.0,80
2023-05-11 13:39:38,m2311-C-4200,m2311-C-4200,10.5,0.0,0.0,0.0,7,0.5,202.0,1,10.5,0.0,0.0,0.0,0.0,0.0,80
2023-05-11 13:39:38,m2311-C-4200,m2311-C-4200,10.5,0.0,0.0,0.0,7,0.5,201.5,10,10.5,0.0,0.0,0.0,0.0,0.0,80
2023-05-11 13:40:42,m2311-C-4200,m2311-C-4200,10.5,0.0,0.0,0.0,7,0.5,201.0,1,10.5,0.0,0.0,0.0,0.0,0.0,80
2023-05-11 13:40:42,m2311-C-4200,m2311-C-4200,10.5,0.0,0.0,0.0,7,0.5,200.5,10,10.5,0.0,0.0,0.0,0.0,0.0,80
2023-05-11 13:40:48,m2311-C-4200,m2311-C-4200,10.5,0.0,0.0,0.0,7,0.5,200.0,1,10.5,0.0,0.0,0.0,0.0,0.0,80
2023-05-11 13:40:48,m2311-C-4200,m2311-C-4200,10.5,0.0,0.0,0.0,7,0.5,199.5,10,10.5,0.0,0.0,0.0,0.0,0.0,80
2023-05-11 13:40:52,m2311-C-4200,m2311-C-4200,10.5,0.0,0.0,0.0,7,0.5,199.0,1,10.5,0.0,0.0,0.0,0.0,0.0,80
2023-05-11 13:40:52,m2311-C-4200,m2311-C-4200,10.5,0.0,0.0,0.0,7,0.5,198.5,10,10.5,0.0,0.0,0.0,0.0,0.0,80
2023-05-11 13:40:59,m2311-C-4200,m2311-C-4200,10.5,0.0,0.0,0.0,7,0.5,197.5,10,10.5,0.0,0.0,0.0,0.0,0.0,80
2023-05-11 13:41:04,m2311-C-4200,m2311-C-4200,10.5,0.0,0.0,0.0,7,0.5,197.0,1,10.5,0.0,0.0,0.0,0.0,0.0,80
2023-05-11 13:41:04,m2311-C-4200,m2311-C-4200,10.5,0.0,0.0,0.0,7,0.5,196.5,10,10.5,0.0,0.0,0.0,0.0,0.0,80
2023-05-11 13:41:12,m2311-C-4200,m2311-C-4200,10.5,0.0,0.0,0.0,7,0.5,196.0,1,10.5,0.0,0.0,0.0,0.0,0.0,80
2023-05-11 13:41:12,m2311-C-4200,m2311-C-4200,10.5,0.0,0.0,0.0,7,0.5,195.5,10,10.5,0.0,0.0,0.0,0.0,0.0,80
2023-05-11 13:41:35,m2311-C-4200,m2311-C-4200,10.5,0.0,0.0,0.0,7,0.5,195.0,1,10.5,0.0,0.0,0.0,0.0,0.0,80
2023-05-11 13:41:35,m2311-C-4200,m2311-C-4200,10.5,0.0,0.0,0.0,7,0.5,194.5,10,10.5,0.0,0.0,0.0,0.0,0.0,80
2023-05-11 13:41:51,m2311-C-4200,m2311-C-4200,10.5,0.0,0.0,0.0,7,0.5,194.0,1,10.5,0.0,0.0,0.0,0.0,0.0,80
2023-05-11 13:41:51,m2311-C-4200,m2311-C-4200,10.5,0.0,0.0,0.0,7,0.5,193.5,10,10.5,0.0,0.0,0.0,0.0,0.0,80
2023-05-11 13:41:56,m2311-C-4200,m2311-C-4200,10.5,0.0,0.0,0.0,7,0.5,193.0,1,10.5,0.0,0.0,0.0,0.0,0.0,80
2023-05-11 13:41:56,m2311-C-4200,m2311-C-4200,10.5,0.0,0.0,0.0,7,0.5,192.5,10,10.5,0.0,0.0,0.0,0.0,0.0,80
2023-05-11 13:42:00,m2311-C-4200,m2311-C-4200,10.5,0.0,0.0,0.0,7,0.5,192.0,1,10.5,0.0,0.0,0.0,0.0,0.0,80
2023-05-11 13:42:00,m2311-C-4200,m2311-C-4200,10.5,0.0,0.0,0.0,7,0.5,191.5,10,10.5,0.0,0.0,0.0,0.0,0.0,80
2023-05-11 13:42:24,m2311-C-4200,m2311-C-4200,10.5,0.0,0.0,0.0,7,0.5,191.0,1,10.5,0.0,0.0,0.0,0.0,0.0,80
2023-05-11 13:42:24,m2311-C-4200,m2311-C-4200,10.5,0.0,0.0,0.0,7,0.5,190.5,10,10.5,0.0,0.0,0.0,0.0,0.0,80
2023-05-11 13:42:37,m2311-C-4200,m2311-C-4200,10.5,0.0,0.0,0.0,7,0.5,190.0,1,10.5,0.0,0.0,0.0,0.0,0.0,80
2023-05-11 13:42:37,m2311-C-4200,m2311-C-4200,10.5,0.0,0.0,0.0,7,0.5,189.5,10,10.5,0.0,0.0,0.0,0.0,0.0,80
2023-05-11 13:42:59,m2311-C-4200,m2311-C-4200,10.5,0.0,0.0,0.0,7,0.5,189.0,1,10.5,0.0,0.0,0.0,0.0,0.0,80
2023-05-11 13:43:00,m2311-C-4200,m2311-C-4200,10.5,0.0,0.0,0.0,7,0.5,188.5,10,10.5,0.0,0.0,0.0,0.0,0.0,80
2023-05-11 13:43:25,m2311-C-4200,m2311-C-4200,10.5,0.0,0.0,0.0,7,0.5,188.0,1,10.5,0.0,0.0,0.0,0.0,0.0,80
2023-05-11 13:43:25,m2311-C-4200,m2311-C-4200,10.5,0.0,0.0,0.0,7,0.5,187.5,10,10.5,0.0,0.0,0.0,0.0,0.0,80
2023-05-11 13:44:22,m2311-C-4200,m2311-C-4200,10.5,0.0,0.0,0.0,7,0.5,187.0,1,10.5,0.0,0.0,0.0,0.0,0.0,80
2023-05-11 13:44:23,m2311-C-4200,m2311-C-4200,10.5,0.0,0.0,0.0,7,0.5,186.5,10,10.5,0.0,0.0,0.0,0.0,0.0,80
2023-05-11 13:44:29,m2311-C-4200,m2311-C-4200,10.5,0.0,0.0,0.0,7,0.5,186.0,1,10.5,0.0,0.0,0.0,0.0,0.0,80
2023-05-11 13:44:29,m2311-C-4200,m2311-C-4200,10.5,0.0,0.0,0.0,7,0.5,185.5,10,10.5,0.0,0.0,0.0,0.0,0.0,80
2023-05-11 13:44:48,m2311-C-4200,m2311-C-4200,10.5,0.0,0.0,0.0,7,0.5,185.0,1,10.5,0.0,0.0,0.0,0.0,0.0,80
2023-05-11 13:44:49,m2311-C-4200,m2311-C-4200,10.5,0.0,0.0,0.0,7,0.5,184.5,10,10.5,0.0,0.0,0.0,0.0,0.0,80
2023-05-11 13:44:56,m2311-C-4200,m2311-C-4200,10.5,0.0,0.0,0.0,7,0.5,184.0,1,10.5,0.0,0.0,0.0,0.0,0.0,80
2023-05-11 13:44:57,m2311-C-4200,m2311-C-4200,10.5,0.0,0.0,0.0,7,0.5,183.5,10,10.5,0.0,0.0,0.0,0.0,0.0,80
2023-05-11 13:45:06,m2311-C-4200,m2311-C-4200,10.5,0.0,0.0,0.0,7,0.5,183.0,1,10.5,0.0,0.0,0.0,0.0,0.0,80
2023-05-11 13:45:06,m2311-C-4200,m2311-C-4200,10.5,0.0,0.0,0.0,7,0.5,182.5,10,10.5,0.0,0.0,0.0,0.0,0.0,80
2023-05-11 13:45:10,m2311-C-4200,m2311-C-4200,10.5,0.0,0.0,0.0,7,0.5,182.0,1,10.5,0.0,0.0,0.0,0.0,0.0,80
2023-05-11 13:45:10,m2311-C-4200,m2311-C-4200,10.5,0.0,0.0,0.0,7,0.5,181.5,10,10.5,0.0,0.0,0.0,0.0,0.0,80
2023-05-11 13:45:19,m2311-C-4200,m2311-C-4200,10.5,0.0,0.0,0.0,7,0.5,181.0,1,10.5,0.0,0.0,0.0,0.0,0.0,80
2023-05-11 13:45:20,m2311-C-4200,m2311-C-4200,10.5,0.0,0.0,0.0,7,0.5,180.5,10,10.5,0.0,0.0,0.0,0.0,0.0,80
2023-05-11 13:45:30,m2311-C-4200,m2311-C-4200,10.5,0.0,0.0,0.0,7,0.5,180.0,1,10.5,0.0,0.0,0.0,0.0,0.0,80
2023-05-11 13:45:30,m2311-C-4200,m2311-C-4200,10.5,0.0,0.0,0.0,7,0.5,179.5,10,10.5,0.0,0.0,0.0,0.0,0.0,80
2023-05-11 13:45:38,m2311-C-4200,m2311-C-4200,10.5,0.0,0.0,0.0,7,0.5,179.0,1,10.5,0.0,0.0,0.0,0.0,0.0,80
2023-05-11 13:45:38,m2311-C-4200,m2311-C-4200,10.5,0.0,0.0,0.0,7,0.5,178.5,10,10.5,0.0,0.0,0.0,0.0,0.0,80
2023-05-11 13:45:46,m2311-C-4200,m2311-C-4200,10.5,0.0,0.0,0.0,7,0.5,178.0,1,10.5,0.0,0.0,0.0,0.0,0.0,80
2023-05-11 13:45:46,m2311-C-4200,m2311-C-4200,10.5,0.0,0.0,0.0,7,0.5,177.5,10,10.5,0.0,0.0,0.0,0.0,0.0,80
2023-05-11 13:45:50,m2311-C-4200,m2311-C-4200,10.5,0.0,0.0,0.0,7,0.5,177.0,1,10.5,0.0,0.0,0.0,0.0,0.0,80
2023-05-11 13:45:50,m2311-C-4200,m2311-C-4200,10.5,0.0,0.0,0.0,7,0.5,176.5,10,10.5,0.0,0.0,0.0,0.0,0.0,80
2023-05-11 13:45:58,m2311-C-4200,m2311-C-4200,10.5,0.0,0.0,0.0,7,0.5,176.0,1,10.5,0.0,0.0,0.0,0.0,0.0,80
2023-05-11 13:45:59,m2311-C-4200,m2311-C-4200,10.5,0.0,0.0,0.0,7,0.5,175.5,10,10.5,0.0,0.0,0.0,0.0,0.0,80
2023-05-11 13:46:07,m2311-C-4200,m2311-C-4200,10.5,0.0,0.0,0.0,7,0.5,175.0,1,10.5,0.0,0.0,0.0,0.0,0.0,80
2023-05-11 13:46:07,m2311-C-4200,m2311-C-4200,10.5,0.0,0.0,0.0,7,0.5,174.5,10,10.5,0.0,0.0,0.0,0.0,0.0,80
2023-05-11 14:38:16,m2311-C-4200,m2311-C-4200,10.5,0.0,0.0,0.0,5,6.5,12.5,5,10.5,0.0,0.0,0.0,0.0,0.0,80
2023-05-11 14:38:22,m2311-C-4200,m2311-C-4200,10.5,0.0,0.0,0.0,5,7.0,12.5,5,10.5,0.0,0.0,0.0,0.0,0.0,80
2023-05-11 14:38:23,m2311-C-4200,m2311-C-4200,10.5,0.0,0.0,0.0,10,7.0,12.5,10,10.5,0.0,0.0,0.0,0.0,0.0,80
2023-05-11 14:38:24,m2311-C-4200,m2311-C-4200,10.5,0.0,0.0,0.0,15,7.0,12.5,15,10.5,0.0,0.0,0.0,0.0,0.0,80
2023-05-11 14:38:28,m2311-C-4200,m2311-C-4200,10.5,0.0,0.0,0.0,5,8.0,12.5,10,10.5,0.0,0.0,0.0,0.0,0.0,80
2023-05-11 14:38:30,m2311-C-4200,m2311-C-4200,10.5,0.0,0.0,0.0,5,8.0,10.0,5,10.5,0.0,0.0,0.0,0.0,0.0,80
2023-05-11 14:38:39,m2311-C-4200,m2311-C-4200,10.5,0.0,0.0,0.0,5,6.5,10.0,5,10.5,0.0,0.0,0.0,0.0,0.0,80
2023-05-11 14:38:41,m2311-C-4200,m2311-C-4200,10.5,0.0,0.0,0.0,5,6.5,12.0,5,10.5,0.0,0.0,0.0,0.0,0.0,80
2023-05-11 14:38:42,m2311-C-4200,m2311-C-4200,10.5,0.0,0.0,0.0,5,6.5,12.5,5,10.5,0.0,0.0,0.0,0.0,0.0,80
2023-05-11 14:38:43,m2311-C-4200,m2311-C-4200,10.5,0.0,0.0,0.0,7,0.5,0.0,0,10.5,0.0,0.0,0.0,0.0,0.0,80
2023-05-11 14:38:43,m2311-C-4200,m2311-C-4200,10.5,0.0,0.0,0.0,2,1.0,0.0,0,10.5,0.0,0.0,0.0,0.0,0.0,80
2023-05-11 14:38:45,m2311-C-4200,m2311-C-4200,10.5,0.0,0.0,0.0,7,0.5,0.0,0,10.5,0.0,0.0,0.0,0.0,0.0,80
2023-05-11 14:47:25,m2311-C-4200,m2311-C-4200,10.5,0.0,0.0,0.0,2,0.5,0.0,0,10.5,0.0,0.0,0.0,0.0,0.0,80
2023-05-11 15:01:10,m2311-C-4200,m2311-C-4200,10.5,0.0,0.0,0.0,2,0.5,0.0,0,10.5,0.0,0.0,0.0,0.0,0.0,80
