time,symbol_id,symbol_name,last,trade_volume,trade_amount,open_interest_change,bv1,bp1,ap1,av1,yesterday_close,today_open,today_high,today_low,volume,amount,open_interest
2023-05-10 20:56:09,m2311-P-3300,豆粕2311沽3300,78.0,0.0,0.0,0.0,1,0.5,0.0,0,78.0,0.0,0.0,0.0,0.0,0.0,45
2023-05-10 21:00:07,m2311-P-3300,豆粕2311沽3300,78.0,0.0,0.0,0.0,10,1.0,0.0,0,78.0,0.0,0.0,0.0,0.0,0.0,45
2023-05-10 21:01:45,m2311-P-3300,豆粕2311沽3300,78.0,0.0,0.0,0.0,1,1.5,0.0,0,78.0,0.0,0.0,0.0,0.0,0.0,45
2023-05-10 21:01:45,m2311-P-3300,豆粕2311沽3300,78.0,0.0,0.0,0.0,10,2.0,0.0,0,78.0,0.0,0.0,0.0,0.0,0.0,45
2023-05-10 21:10:55,m2311-P-3300,豆粕2311沽3300,78.0,0.0,0.0,0.0,1,2.5,0.0,0,78.0,0.0,0.0,0.0,0.0,0.0,45
2023-05-10 21:10:55,m2311-P-3300,豆粕2311沽3300,78.0,0.0,0.0,0.0,10,3.0,0.0,0,78.0,0.0,0.0,0.0,0.0,0.0,45
2023-05-10 21:17:22,m2311-P-3300,豆粕2311沽3300,78.0,0.0,0.0,0.0,1,4.0,0.0,0,78.0,0.0,0.0,0.0,0.0,0.0,45
2023-05-10 21:17:22,m2311-P-3300,豆粕2311沽3300,78.0,0.0,0.0,0.0,10,4.5,0.0,0,78.0,0.0,0.0,0.0,0.0,0.0,45
2023-05-10 21:31:45,m2311-P-3300,豆粕2311沽3300,78.0,0.0,0.0,0.0,1,5.0,0.0,0,78.0,0.0,0.0,0.0,0.0,0.0,45
2023-05-10 21:31:45,m2311-P-3300,豆粕2311沽3300,78.0,0.0,0.0,0.0,10,5.5,0.0,0,78.0,0.0,0.0,0.0,0.0,0.0,45
2023-05-10 22:01:45,m2311-P-3300,豆粕2311沽3300,78.0,0.0,0.0,0.0,1,6.0,0.0,0,78.0,0.0,0.0,0.0,0.0,0.0,45
2023-05-10 22:01:45,m2311-P-3300,豆粕2311沽3300,78.0,0.0,0.0,0.0,10,6.5,0.0,0,78.0,0.0,0.0,0.0,0.0,0.0,45
2023-05-10 22:32:11,m2311-P-3300,豆粕2311沽3300,78.0,0.0,0.0,0.0,2,7.0,0.0,0,78.0,0.0,0.0,0.0,0.0,0.0,45
2023-05-10 22:32:11,m2311-P-3300,豆粕2311沽3300,78.0,0.0,0.0,0.0,10,7.5,0.0,0,78.0,0.0,0.0,0.0,0.0,0.0,45
2023-05-10 22:32:18,m2311-P-3300,豆粕2311沽3300,78.0,0.0,0.0,0.0,2,8.0,0.0,0,78.0,0.0,0.0,0.0,0.0,0.0,45
2023-05-10 22:32:18,m2311-P-3300,豆粕2311沽3300,78.0,0.0,0.0,0.0,10,8.5,0.0,0,78.0,0.0,0.0,0.0,0.0,0.0,45
2023-05-10 22:32:25,m2311-P-3300,豆粕2311沽3300,78.0,0.0,0.0,0.0,2,9.0,0.0,0,78.0,0.0,0.0,0.0,0.0,0.0,45
2023-05-10 22:32:25,m2311-P-3300,豆粕2311沽3300,78.0,0.0,0.0,0.0,10,9.5,0.0,0,78.0,0.0,0.0,0.0,0.0,0.0,45
2023-05-10 22:32:31,m2311-P-3300,豆粕2311沽3300,78.0,0.0,0.0,0.0,2,10.0,0.0,0,78.0,0.0,0.0,0.0,0.0,0.0,45
2023-05-10 22:32:31,m2311-P-3300,豆粕2311沽3300,78.0,0.0,0.0,0.0,10,10.5,0.0,0,78.0,0.0,0.0,0.0,0.0,0.0,45
2023-05-10 22:32:36,m2311-P-3300,豆粕2311沽3300,78.0,0.0,0.0,0.0,2,11.0,0.0,0,78.0,0.0,0.0,0.0,0.0,0.0,45
2023-05-10 22:32:36,m2311-P-3300,豆粕2311沽3300,78.0,0.0,0.0,0.0,10,11.5,0.0,0,78.0,0.0,0.0,0.0,0.0,0.0,45
2023-05-10 22:32:43,m2311-P-3300,豆粕2311沽3300,78.0,0.0,0.0,0.0,2,12.0,0.0,0,78.0,0.0,0.0,0.0,0.0,0.0,45
2023-05-10 22:32:43,m2311-P-3300,豆粕2311沽3300,78.0,0.0,0.0,0.0,10,12.5,0.0,0,78.0,0.0,0.0,0.0,0.0,0.0,45
2023-05-10 22:32:49,m2311-P-3300,豆粕2311沽3300,78.0,0.0,0.0,0.0,2,13.0,0.0,0,78.0,0.0,0.0,0.0,0.0,0.0,45
2023-05-10 22:32:49,m2311-P-3300,豆粕2311沽3300,78.0,0.0,0.0,0.0,10,13.5,0.0,0,78.0,0.0,0.0,0.0,0.0,0.0,45
2023-05-10 22:32:56,m2311-P-3300,豆粕2311沽3300,78.0,0.0,0.0,0.0,2,14.0,0.0,0,78.0,0.0,0.0,0.0,0.0,0.0,45
2023-05-10 22:32:56,m2311-P-3300,豆粕2311沽3300,78.0,0.0,0.0,0.0,10,14.5,0.0,0,78.0,0.0,0.0,0.0,0.0,0.0,45
2023-05-10 22:33:05,m2311-P-3300,豆粕2311沽3300,78.0,0.0,0.0,0.0,2,15.0,0.0,0,78.0,0.0,0.0,0.0,0.0,0.0,45
2023-05-10 22:33:05,m2311-P-3300,豆粕2311沽3300,78.0,0.0,0.0,0.0,10,15.5,0.0,0,78.0,0.0,0.0,0.0,0.0,0.0,45
2023-05-10 22:33:06,m2311-P-3300,豆粕2311沽3300,78.0,0.0,0.0,0.0,2,16.0,0.0,0,78.0,0.0,0.0,0.0,0.0,0.0,45
2023-05-10 22:33:06,m2311-P-3300,豆粕2311沽3300,78.0,0.0,0.0,0.0,10,16.5,0.0,0,78.0,0.0,0.0,0.0,0.0,0.0,45
2023-05-10 22:33:11,m2311-P-3300,豆粕2311沽3300,78.0,0.0,0.0,0.0,2,17.0,0.0,0,78.0,0.0,0.0,0.0,0.0,0.0,45
2023-05-10 22:33:11,m2311-P-3300,豆粕2311沽3300,78.0,0.0,0.0,0.0,10,17.5,0.0,0,78.0,0.0,0.0,0.0,0.0,0.0,45
2023-05-10 22:33:12,m2311-P-3300,豆粕2311沽3300,78.0,0.0,0.0,0.0,2,18.0,0.0,0,78.0,0.0,0.0,0.0,0.0,0.0,45
2023-05-10 22:33:12,m2311-P-3300,豆粕2311沽3300,78.0,0.0,0.0,0.0,10,18.5,0.0,0,78.0,0.0,0.0,0.0,0.0,0.0,45
2023-05-10 22:33:13,m2311-P-3300,豆粕2311沽3300,78.0,0.0,0.0,0.0,2,19.0,0.0,0,78.0,0.0,0.0,0.0,0.0,0.0,45
2023-05-10 22:33:13,m2311-P-3300,豆粕2311沽3300,78.0,0.0,0.0,0.0,10,19.5,0.0,0,78.0,0.0,0.0,0.0,0.0,0.0,45
2023-05-10 22:49:54,m2311-P-3300,豆粕2311沽3300,78.0,0.0,0.0,0.0,1,20.0,0.0,0,78.0,0.0,0.0,0.0,0.0,0.0,45
2023-05-10 22:49:54,m2311-P-3300,豆粕2311沽3300,78.0,0.0,0.0,0.0,10,20.5,0.0,0,78.0,0.0,0.0,0.0,0.0,0.0,45
2023-05-10 22:57:33,m2311-P-3300,豆粕2311沽3300,78.0,0.0,0.0,0.0,1,20.0,0.0,0,78.0,0.0,0.0,0.0,0.0,0.0,45
2023-05-10 22:57:47,m2311-P-3300,豆粕2311沽3300,78.0,0.0,0.0,0.0,1,2.5,0.0,0,78.0,0.0,0.0,0.0,0.0,0.0,45
2023-05-10 22:59:16,m2311-P-3300,豆粕2311沽3300,78.0,0.0,0.0,0.0,10,3.0,0.0,0,78.0,0.0,0.0,0.0,0.0,0.0,45
2023-05-10 22:59:56,m2311-P-3300,豆粕2311沽3300,78.0,0.0,0.0,0.0,1,2.5,0.0,0,78.0,0.0,0.0,0.0,0.0,0.0,45
2023-05-11 09:00:04,m2311-P-3300,豆粕2311沽3300,78.0,0.0,0.0,0.0,10,3.0,0.0,0,78.0,0.0,0.0,0.0,0.0,0.0,45
2023-05-11 09:00:48,m2311-P-3300,豆粕2311沽3300,78.0,0.0,0.0,0.0,1,3.5,0.0,0,78.0,0.0,0.0,0.0,0.0,0.0,45
2023-05-11 09:00:48,m2311-P-3300,豆粕2311沽3300,78.0,0.0,0.0,0.0,10,4.0,0.0,0,78.0,0.0,0.0,0.0,0.0,0.0,45
2023-05-11 09:01:35,m2311-P-3300,豆粕2311沽3300,78.0,0.0,0.0,0.0,2,4.5,0.0,0,78.0,0.0,0.0,0.0,0.0,0.0,45
2023-05-11 09:01:35,m2311-P-3300,豆粕2311沽3300,78.0,0.0,0.0,0.0,10,5.0,0.0,0,78.0,0.0,0.0,0.0,0.0,0.0,45
2023-05-11 09:04:59,m2311-P-3300,豆粕2311沽3300,78.0,0.0,0.0,0.0,2,5.5,0.0,0,78.0,0.0,0.0,0.0,0.0,0.0,45
2023-05-11 09:04:59,m2311-P-3300,豆粕2311沽3300,78.0,0.0,0.0,0.0,10,6.0,0.0,0,78.0,0.0,0.0,0.0,0.0,0.0,45
2023-05-11 09:40:32,m2311-P-3300,豆粕2311沽3300,78.0,0.0,0.0,0.0,1,6.5,0.0,0,78.0,0.0,0.0,0.0,0.0,0.0,45
2023-05-11 09:40:32,m2311-P-3300,豆粕2311沽3300,78.0,0.0,0.0,0.0,10,7.0,0.0,0,78.0,0.0,0.0,0.0,0.0,0.0,45
2023-05-11 10:10:45,m2311-P-3300,豆粕2311沽3300,78.0,0.0,0.0,0.0,1,7.5,0.0,0,78.0,0.0,0.0,0.0,0.0,0.0,45
2023-05-11 10:10:45,m2311-P-3300,豆粕2311沽3300,78.0,0.0,0.0,0.0,10,8.0,0.0,0,78.0,0.0,0.0,0.0,0.0,0.0,45
2023-05-11 10:14:32,m2311-P-3300,豆粕2311沽3300,78.0,0.0,0.0,0.0,1,7.5,0.0,0,78.0,0.0,0.0,0.0,0.0,0.0,45
2023-05-11 10:30:07,m2311-P-3300,豆粕2311沽3300,78.0,0.0,0.0,0.0,10,8.0,0.0,0,78.0,0.0,0.0,0.0,0.0,0.0,45
2023-05-11 10:40:50,m2311-P-3300,豆粕2311沽3300,78.0,0.0,0.0,0.0,1,8.5,0.0,0,78.0,0.0,0.0,0.0,0.0,0.0,45
2023-05-11 10:40:50,m2311-P-3300,豆粕2311沽3300,78.0,0.0,0.0,0.0,10,9.0,0.0,0,78.0,0.0,0.0,0.0,0.0,0.0,45
2023-05-11 11:12:09,m2311-P-3300,豆粕2311沽3300,78.0,0.0,0.0,0.0,1,9.5,0.0,0,78.0,0.0,0.0,0.0,0.0,0.0,45
2023-05-11 11:12:09,m2311-P-3300,豆粕2311沽3300,78.0,0.0,0.0,0.0,10,10.0,0.0,0,78.0,0.0,0.0,0.0,0.0,0.0,45
2023-05-11 11:29:33,m2311-P-3300,豆粕2311沽3300,78.0,0.0,0.0,0.0,1,5.0,0.0,0,78.0,0.0,0.0,0.0,0.0,0.0,45
2023-05-11 13:30:02,m2311-P-3300,豆粕2311沽3300,78.0,0.0,0.0,0.0,10,5.5,0.0,0,78.0,0.0,0.0,0.0,0.0,0.0,45
2023-05-11 13:31:03,m2311-P-3300,豆粕2311沽3300,78.0,0.0,0.0,0.0,1,6.0,0.0,0,78.0,0.0,0.0,0.0,0.0,0.0,45
2023-05-11 13:31:03,m2311-P-3300,豆粕2311沽3300,78.0,0.0,0.0,0.0,10,6.5,0.0,0,78.0,0.0,0.0,0.0,0.0,0.0,45
2023-05-11 13:31:14,m2311-P-3300,豆粕2311沽3300,78.0,0.0,0.0,0.0,2,7.0,0.0,0,78.0,0.0,0.0,0.0,0.0,0.0,45
2023-05-11 13:31:14,m2311-P-3300,豆粕2311沽3300,78.0,0.0,0.0,0.0,10,7.5,0.0,0,78.0,0.0,0.0,0.0,0.0,0.0,45
2023-05-11 13:31:37,m2311-P-3300,豆粕2311沽3300,78.0,0.0,0.0,0.0,2,8.0,0.0,0,78.0,0.0,0.0,0.0,0.0,0.0,45
2023-05-11 13:31:37,m2311-P-3300,豆粕2311沽3300,78.0,0.0,0.0,0.0,10,8.5,0.0,0,78.0,0.0,0.0,0.0,0.0,0.0,45
2023-05-11 14:12:56,m2311-P-3300,豆粕2311沽3300,78.0,0.0,0.0,0.0,1,9.0,0.0,0,78.0,0.0,0.0,0.0,0.0,0.0,45
2023-05-11 14:12:56,m2311-P-3300,豆粕2311沽3300,78.0,0.0,0.0,0.0,10,9.5,0.0,0,78.0,0.0,0.0,0.0,0.0,0.0,45
2023-05-11 14:38:16,m2311-P-3300,豆粕2311沽3300,78.0,0.0,0.0,0.0,5,68.5,76.5,5,78.0,0.0,0.0,0.0,0.0,0.0,45
2023-05-11 14:38:17,m2311-P-3300,豆粕2311沽3300,78.0,0.0,0.0,0.0,10,68.5,76.5,10,78.0,0.0,0.0,0.0,0.0,0.0,45
2023-05-11 14:38:22,m2311-P-3300,豆粕2311沽3300,78.0,0.0,0.0,0.0,5,72.0,76.5,10,78.0,0.0,0.0,0.0,0.0,0.0,45
2023-05-11 14:38:28,m2311-P-3300,豆粕2311沽3300,78.0,0.0,0.0,0.0,5,72.0,75.0,5,78.0,0.0,0.0,0.0,0.0,0.0,45
2023-05-11 14:38:32,m2311-P-3300,豆粕2311沽3300,78.0,0.0,0.0,0.0,5,72.0,73.5,5,78.0,0.0,0.0,0.0,0.0,0.0,45
2023-05-11 14:38:33,m2311-P-3300,豆粕2311沽3300,78.0,0.0,0.0,0.0,5,71.0,73.5,5,78.0,0.0,0.0,0.0,0.0,0.0,45
2023-05-11 14:38:34,m2311-P-3300,豆粕2311沽3300,78.0,0.0,0.0,0.0,10,71.0,73.5,5,78.0,0.0,0.0,0.0,0.0,0.0,45
2023-05-11 14:38:37,m2311-P-3300,豆粕2311沽3300,78.0,0.0,0.0,0.0,5,71.0,73.5,5,78.0,0.0,0.0,0.0,0.0,0.0,45
2023-05-11 14:38:43,m2311-P-3300,豆粕2311沽3300,78.0,0.0,0.0,0.0,5,71.0,74.0,5,78.0,0.0,0.0,0.0,0.0,0.0,45
2023-05-11 14:38:44,m2311-P-3300,豆粕2311沽3300,78.0,0.0,0.0,0.0,10,9.5,0.0,0,78.0,0.0,0.0,0.0,0.0,0.0,45
2023-05-11 14:38:46,m2311-P-3300,豆粕2311沽3300,78.0,0.0,0.0,0.0,2,17.5,0.0,0,78.0,0.0,0.0,0.0,0.0,0.0,45
2023-05-11 14:38:46,m2311-P-3300,豆粕2311沽3300,78.0,0.0,0.0,0.0,10,18.0,0.0,0,78.0,0.0,0.0,0.0,0.0,0.0,45
2023-05-11 14:43:23,m2311-P-3300,豆粕2311沽3300,78.0,0.0,0.0,0.0,1,18.5,0.0,0,78.0,0.0,0.0,0.0,0.0,0.0,45
2023-05-11 14:43:24,m2311-P-3300,豆粕2311沽3300,78.0,0.0,0.0,0.0,10,19.0,0.0,0,78.0,0.0,0.0,0.0,0.0,0.0,45
2023-05-11 14:59:02,m2311-P-3300,豆粕2311沽3300,78.0,0.0,0.0,0.0,1,18.5,0.0,0,78.0,0.0,0.0,0.0,0.0,0.0,45
2023-05-11 14:59:05,m2311-P-3300,豆粕2311沽3300,78.0,0.0,0.0,0.0,10,19.0,0.0,0,78.0,0.0,0.0,0.0,0.0,0.0,45
2023-05-11 14:59:10,m2311-P-3300,豆粕2311沽3300,78.0,0.0,0.0,0.0,1,18.5,0.0,0,78.0,0.0,0.0,0.0,0.0,0.0,45
2023-05-11 15:01:10,m2311-P-3300,豆粕2311沽3300,78.0,0.0,0.0,0.0,1,18.5,0.0,0,78.0,0.0,0.0,0.0,0.0,0.0,45
