time,symbol_id,symbol_name,last,trade_volume,trade_amount,open_interest_change,bv1,bp1,ap1,av1,yesterday_close,today_open,today_high,today_low,volume,amount,open_interest
2023-05-10 20:55:36,m2311-C-3550,m2311-C-3550,136.5,0.0,0.0,0.0,1,0.5,0.0,0,136.5,0.0,0.0,0.0,0.0,0.0,0
2023-05-10 21:00:07,m2311-C-3550,m2311-C-3550,136.5,0.0,0.0,0.0,10,1.0,0.0,0,136.5,0.0,0.0,0.0,0.0,0.0,0
2023-05-10 21:00:39,m2311-C-3550,m2311-C-3550,136.5,0.0,0.0,0.0,1,11.0,0.0,0,136.5,0.0,0.0,0.0,0.0,0.0,0
2023-05-10 21:00:39,m2311-C-3550,m2311-C-3550,136.5,0.0,0.0,0.0,10,11.5,0.0,0,136.5,0.0,0.0,0.0,0.0,0.0,0
2023-05-10 21:01:44,m2311-C-3550,m2311-C-3550,136.5,0.0,0.0,0.0,1,12.0,0.0,0,136.5,0.0,0.0,0.0,0.0,0.0,0
2023-05-10 21:01:44,m2311-C-3550,m2311-C-3550,136.5,0.0,0.0,0.0,10,12.5,0.0,0,136.5,0.0,0.0,0.0,0.0,0.0,0
2023-05-10 21:03:23,m2311-C-3550,m2311-C-3550,136.5,0.0,0.0,0.0,2,13.0,0.0,0,136.5,0.0,0.0,0.0,0.0,0.0,0
2023-05-10 21:03:23,m2311-C-3550,m2311-C-3550,136.5,0.0,0.0,0.0,10,13.5,0.0,0,136.5,0.0,0.0,0.0,0.0,0.0,0
2023-05-10 21:03:29,m2311-C-3550,m2311-C-3550,136.5,0.0,0.0,0.0,2,14.0,0.0,0,136.5,0.0,0.0,0.0,0.0,0.0,0
2023-05-10 21:03:29,m2311-C-3550,m2311-C-3550,136.5,0.0,0.0,0.0,10,14.5,0.0,0,136.5,0.0,0.0,0.0,0.0,0.0,0
2023-05-10 21:04:36,m2311-C-3550,m2311-C-3550,136.5,0.0,0.0,0.0,2,15.0,0.0,0,136.5,0.0,0.0,0.0,0.0,0.0,0
2023-05-10 21:04:36,m2311-C-3550,m2311-C-3550,136.5,0.0,0.0,0.0,10,15.5,0.0,0,136.5,0.0,0.0,0.0,0.0,0.0,0
2023-05-10 21:04:39,m2311-C-3550,m2311-C-3550,136.5,0.0,0.0,0.0,2,16.0,0.0,0,136.5,0.0,0.0,0.0,0.0,0.0,0
2023-05-10 21:04:39,m2311-C-3550,m2311-C-3550,136.5,0.0,0.0,0.0,10,16.5,0.0,0,136.5,0.0,0.0,0.0,0.0,0.0,0
2023-05-10 21:04:40,m2311-C-3550,m2311-C-3550,136.5,0.0,0.0,0.0,2,17.0,0.0,0,136.5,0.0,0.0,0.0,0.0,0.0,0
2023-05-10 21:04:40,m2311-C-3550,m2311-C-3550,136.5,0.0,0.0,0.0,10,17.5,0.0,0,136.5,0.0,0.0,0.0,0.0,0.0,0
2023-05-10 21:04:42,m2311-C-3550,m2311-C-3550,136.5,0.0,0.0,0.0,2,18.0,0.0,0,136.5,0.0,0.0,0.0,0.0,0.0,0
2023-05-10 21:04:42,m2311-C-3550,m2311-C-3550,136.5,0.0,0.0,0.0,10,18.5,0.0,0,136.5,0.0,0.0,0.0,0.0,0.0,0
2023-05-10 21:04:43,m2311-C-3550,m2311-C-3550,136.5,0.0,0.0,0.0,2,19.0,0.0,0,136.5,0.0,0.0,0.0,0.0,0.0,0
2023-05-10 21:04:43,m2311-C-3550,m2311-C-3550,136.5,0.0,0.0,0.0,10,19.5,0.0,0,136.5,0.0,0.0,0.0,0.0,0.0,0
2023-05-10 21:04:45,m2311-C-3550,m2311-C-3550,136.5,0.0,0.0,0.0,2,20.0,0.0,0,136.5,0.0,0.0,0.0,0.0,0.0,0
2023-05-10 21:04:45,m2311-C-3550,m2311-C-3550,136.5,0.0,0.0,0.0,10,20.5,0.0,0,136.5,0.0,0.0,0.0,0.0,0.0,0
2023-05-10 21:04:46,m2311-C-3550,m2311-C-3550,136.5,0.0,0.0,0.0,2,21.0,0.0,0,136.5,0.0,0.0,0.0,0.0,0.0,0
2023-05-10 21:04:46,m2311-C-3550,m2311-C-3550,136.5,0.0,0.0,0.0,10,21.5,0.0,0,136.5,0.0,0.0,0.0,0.0,0.0,0
2023-05-10 21:04:48,m2311-C-3550,m2311-C-3550,136.5,0.0,0.0,0.0,2,22.0,0.0,0,136.5,0.0,0.0,0.0,0.0,0.0,0
2023-05-10 21:04:48,m2311-C-3550,m2311-C-3550,136.5,0.0,0.0,0.0,10,22.5,0.0,0,136.5,0.0,0.0,0.0,0.0,0.0,0
2023-05-10 21:04:49,m2311-C-3550,m2311-C-3550,136.5,0.0,0.0,0.0,2,23.0,0.0,0,136.5,0.0,0.0,0.0,0.0,0.0,0
2023-05-10 21:04:49,m2311-C-3550,m2311-C-3550,136.5,0.0,0.0,0.0,10,23.5,0.0,0,136.5,0.0,0.0,0.0,0.0,0.0,0
2023-05-10 21:04:51,m2311-C-3550,m2311-C-3550,136.5,0.0,0.0,0.0,2,24.0,0.0,0,136.5,0.0,0.0,0.0,0.0,0.0,0
2023-05-10 21:04:51,m2311-C-3550,m2311-C-3550,136.5,0.0,0.0,0.0,10,24.5,0.0,0,136.5,0.0,0.0,0.0,0.0,0.0,0
2023-05-10 21:04:53,m2311-C-3550,m2311-C-3550,136.5,0.0,0.0,0.0,2,25.0,0.0,0,136.5,0.0,0.0,0.0,0.0,0.0,0
2023-05-10 21:04:53,m2311-C-3550,m2311-C-3550,136.5,0.0,0.0,0.0,10,25.5,0.0,0,136.5,0.0,0.0,0.0,0.0,0.0,0
2023-05-10 21:04:54,m2311-C-3550,m2311-C-3550,136.5,0.0,0.0,0.0,2,26.0,0.0,0,136.5,0.0,0.0,0.0,0.0,0.0,0
2023-05-10 21:04:54,m2311-C-3550,m2311-C-3550,136.5,0.0,0.0,0.0,10,26.5,0.0,0,136.5,0.0,0.0,0.0,0.0,0.0,0
2023-05-10 21:04:56,m2311-C-3550,m2311-C-3550,136.5,0.0,0.0,0.0,2,27.0,0.0,0,136.5,0.0,0.0,0.0,0.0,0.0,0
2023-05-10 21:04:56,m2311-C-3550,m2311-C-3550,136.5,0.0,0.0,0.0,10,27.5,0.0,0,136.5,0.0,0.0,0.0,0.0,0.0,0
2023-05-10 21:04:58,m2311-C-3550,m2311-C-3550,136.5,0.0,0.0,0.0,2,28.0,0.0,0,136.5,0.0,0.0,0.0,0.0,0.0,0
2023-05-10 21:04:58,m2311-C-3550,m2311-C-3550,136.5,0.0,0.0,0.0,10,28.5,0.0,0,136.5,0.0,0.0,0.0,0.0,0.0,0
2023-05-10 21:04:59,m2311-C-3550,m2311-C-3550,136.5,0.0,0.0,0.0,2,29.0,0.0,0,136.5,0.0,0.0,0.0,0.0,0.0,0
2023-05-10 21:04:59,m2311-C-3550,m2311-C-3550,136.5,0.0,0.0,0.0,10,29.5,0.0,0,136.5,0.0,0.0,0.0,0.0,0.0,0
2023-05-10 21:05:01,m2311-C-3550,m2311-C-3550,136.5,0.0,0.0,0.0,2,30.0,0.0,0,136.5,0.0,0.0,0.0,0.0,0.0,0
2023-05-10 21:05:01,m2311-C-3550,m2311-C-3550,136.5,0.0,0.0,0.0,10,30.5,0.0,0,136.5,0.0,0.0,0.0,0.0,0.0,0
2023-05-10 21:05:02,m2311-C-3550,m2311-C-3550,136.5,0.0,0.0,0.0,2,31.0,0.0,0,136.5,0.0,0.0,0.0,0.0,0.0,0
2023-05-10 21:05:02,m2311-C-3550,m2311-C-3550,136.5,0.0,0.0,0.0,10,31.5,0.0,0,136.5,0.0,0.0,0.0,0.0,0.0,0
2023-05-10 21:05:04,m2311-C-3550,m2311-C-3550,136.5,0.0,0.0,0.0,2,32.0,0.0,0,136.5,0.0,0.0,0.0,0.0,0.0,0
2023-05-10 21:05:04,m2311-C-3550,m2311-C-3550,136.5,0.0,0.0,0.0,10,32.5,0.0,0,136.5,0.0,0.0,0.0,0.0,0.0,0
2023-05-10 21:05:06,m2311-C-3550,m2311-C-3550,136.5,0.0,0.0,0.0,2,33.0,0.0,0,136.5,0.0,0.0,0.0,0.0,0.0,0
2023-05-10 21:05:06,m2311-C-3550,m2311-C-3550,136.5,0.0,0.0,0.0,10,33.5,0.0,0,136.5,0.0,0.0,0.0,0.0,0.0,0
2023-05-10 21:05:07,m2311-C-3550,m2311-C-3550,136.5,0.0,0.0,0.0,2,34.0,0.0,0,136.5,0.0,0.0,0.0,0.0,0.0,0
2023-05-10 21:05:07,m2311-C-3550,m2311-C-3550,136.5,0.0,0.0,0.0,10,34.5,0.0,0,136.5,0.0,0.0,0.0,0.0,0.0,0
2023-05-10 21:05:08,m2311-C-3550,m2311-C-3550,136.5,0.0,0.0,0.0,2,35.0,0.0,0,136.5,0.0,0.0,0.0,0.0,0.0,0
2023-05-10 21:05:08,m2311-C-3550,m2311-C-3550,136.5,0.0,0.0,0.0,10,35.5,0.0,0,136.5,0.0,0.0,0.0,0.0,0.0,0
2023-05-10 21:05:10,m2311-C-3550,m2311-C-3550,136.5,0.0,0.0,0.0,2,36.0,0.0,0,136.5,0.0,0.0,0.0,0.0,0.0,0
2023-05-10 21:05:10,m2311-C-3550,m2311-C-3550,136.5,0.0,0.0,0.0,10,36.5,0.0,0,136.5,0.0,0.0,0.0,0.0,0.0,0
2023-05-10 21:05:11,m2311-C-3550,m2311-C-3550,136.5,0.0,0.0,0.0,2,37.0,0.0,0,136.5,0.0,0.0,0.0,0.0,0.0,0
2023-05-10 21:05:11,m2311-C-3550,m2311-C-3550,136.5,0.0,0.0,0.0,10,37.5,0.0,0,136.5,0.0,0.0,0.0,0.0,0.0,0
2023-05-10 21:05:13,m2311-C-3550,m2311-C-3550,136.5,0.0,0.0,0.0,2,38.0,0.0,0,136.5,0.0,0.0,0.0,0.0,0.0,0
2023-05-10 21:05:13,m2311-C-3550,m2311-C-3550,136.5,0.0,0.0,0.0,10,38.5,0.0,0,136.5,0.0,0.0,0.0,0.0,0.0,0
2023-05-10 21:05:14,m2311-C-3550,m2311-C-3550,136.5,0.0,0.0,0.0,2,39.0,0.0,0,136.5,0.0,0.0,0.0,0.0,0.0,0
2023-05-10 21:05:14,m2311-C-3550,m2311-C-3550,136.5,0.0,0.0,0.0,10,39.5,0.0,0,136.5,0.0,0.0,0.0,0.0,0.0,0
2023-05-10 21:05:16,m2311-C-3550,m2311-C-3550,136.5,0.0,0.0,0.0,2,40.0,0.0,0,136.5,0.0,0.0,0.0,0.0,0.0,0
2023-05-10 21:05:16,m2311-C-3550,m2311-C-3550,136.5,0.0,0.0,0.0,10,40.5,0.0,0,136.5,0.0,0.0,0.0,0.0,0.0,0
2023-05-10 21:05:17,m2311-C-3550,m2311-C-3550,136.5,0.0,0.0,0.0,2,41.0,0.0,0,136.5,0.0,0.0,0.0,0.0,0.0,0
2023-05-10 21:05:17,m2311-C-3550,m2311-C-3550,136.5,0.0,0.0,0.0,10,41.5,0.0,0,136.5,0.0,0.0,0.0,0.0,0.0,0
2023-05-10 21:05:18,m2311-C-3550,m2311-C-3550,136.5,0.0,0.0,0.0,2,42.0,0.0,0,136.5,0.0,0.0,0.0,0.0,0.0,0
2023-05-10 21:05:18,m2311-C-3550,m2311-C-3550,136.5,0.0,0.0,0.0,10,42.5,0.0,0,136.5,0.0,0.0,0.0,0.0,0.0,0
2023-05-10 21:05:20,m2311-C-3550,m2311-C-3550,136.5,0.0,0.0,0.0,2,43.0,0.0,0,136.5,0.0,0.0,0.0,0.0,0.0,0
2023-05-10 21:05:20,m2311-C-3550,m2311-C-3550,136.5,0.0,0.0,0.0,10,43.5,0.0,0,136.5,0.0,0.0,0.0,0.0,0.0,0
2023-05-10 21:05:21,m2311-C-3550,m2311-C-3550,136.5,0.0,0.0,0.0,2,44.0,0.0,0,136.5,0.0,0.0,0.0,0.0,0.0,0
2023-05-10 21:05:21,m2311-C-3550,m2311-C-3550,136.5,0.0,0.0,0.0,10,44.5,0.0,0,136.5,0.0,0.0,0.0,0.0,0.0,0
2023-05-10 21:05:22,m2311-C-3550,m2311-C-3550,136.5,0.0,0.0,0.0,2,45.0,0.0,0,136.5,0.0,0.0,0.0,0.0,0.0,0
2023-05-10 21:05:22,m2311-C-3550,m2311-C-3550,136.5,0.0,0.0,0.0,10,45.5,0.0,0,136.5,0.0,0.0,0.0,0.0,0.0,0
2023-05-10 21:05:24,m2311-C-3550,m2311-C-3550,136.5,0.0,0.0,0.0,2,46.0,0.0,0,136.5,0.0,0.0,0.0,0.0,0.0,0
2023-05-10 21:05:24,m2311-C-3550,m2311-C-3550,136.5,0.0,0.0,0.0,10,46.5,0.0,0,136.5,0.0,0.0,0.0,0.0,0.0,0
2023-05-10 21:05:25,m2311-C-3550,m2311-C-3550,136.5,0.0,0.0,0.0,2,47.0,0.0,0,136.5,0.0,0.0,0.0,0.0,0.0,0
2023-05-10 21:05:25,m2311-C-3550,m2311-C-3550,136.5,0.0,0.0,0.0,10,47.5,0.0,0,136.5,0.0,0.0,0.0,0.0,0.0,0
2023-05-10 21:05:26,m2311-C-3550,m2311-C-3550,136.5,0.0,0.0,0.0,2,48.0,0.0,0,136.5,0.0,0.0,0.0,0.0,0.0,0
2023-05-10 21:05:26,m2311-C-3550,m2311-C-3550,136.5,0.0,0.0,0.0,10,48.5,0.0,0,136.5,0.0,0.0,0.0,0.0,0.0,0
2023-05-10 21:05:27,m2311-C-3550,m2311-C-3550,136.5,0.0,0.0,0.0,2,49.0,0.0,0,136.5,0.0,0.0,0.0,0.0,0.0,0
2023-05-10 21:05:27,m2311-C-3550,m2311-C-3550,136.5,0.0,0.0,0.0,10,49.5,0.0,0,136.5,0.0,0.0,0.0,0.0,0.0,0
2023-05-10 21:05:28,m2311-C-3550,m2311-C-3550,136.5,0.0,0.0,0.0,2,50.0,0.0,0,136.5,0.0,0.0,0.0,0.0,0.0,0
2023-05-10 21:05:28,m2311-C-3550,m2311-C-3550,136.5,0.0,0.0,0.0,10,50.5,0.0,0,136.5,0.0,0.0,0.0,0.0,0.0,0
2023-05-10 21:05:30,m2311-C-3550,m2311-C-3550,136.5,0.0,0.0,0.0,2,51.0,0.0,0,136.5,0.0,0.0,0.0,0.0,0.0,0
2023-05-10 21:05:30,m2311-C-3550,m2311-C-3550,136.5,0.0,0.0,0.0,10,51.5,0.0,0,136.5,0.0,0.0,0.0,0.0,0.0,0
2023-05-10 21:05:31,m2311-C-3550,m2311-C-3550,136.5,0.0,0.0,0.0,2,52.0,0.0,0,136.5,0.0,0.0,0.0,0.0,0.0,0
2023-05-10 21:05:31,m2311-C-3550,m2311-C-3550,136.5,0.0,0.0,0.0,10,52.5,0.0,0,136.5,0.0,0.0,0.0,0.0,0.0,0
2023-05-10 21:05:33,m2311-C-3550,m2311-C-3550,136.5,0.0,0.0,0.0,2,53.0,0.0,0,136.5,0.0,0.0,0.0,0.0,0.0,0
2023-05-10 21:05:33,m2311-C-3550,m2311-C-3550,136.5,0.0,0.0,0.0,10,53.5,0.0,0,136.5,0.0,0.0,0.0,0.0,0.0,0
2023-05-10 21:05:34,m2311-C-3550,m2311-C-3550,136.5,0.0,0.0,0.0,2,54.0,0.0,0,136.5,0.0,0.0,0.0,0.0,0.0,0
2023-05-10 21:05:34,m2311-C-3550,m2311-C-3550,136.5,0.0,0.0,0.0,10,54.5,0.0,0,136.5,0.0,0.0,0.0,0.0,0.0,0
2023-05-10 21:05:35,m2311-C-3550,m2311-C-3550,136.5,0.0,0.0,0.0,2,55.0,0.0,0,136.5,0.0,0.0,0.0,0.0,0.0,0
2023-05-10 21:05:35,m2311-C-3550,m2311-C-3550,136.5,0.0,0.0,0.0,10,55.5,0.0,0,136.5,0.0,0.0,0.0,0.0,0.0,0
2023-05-10 21:05:36,m2311-C-3550,m2311-C-3550,136.5,0.0,0.0,0.0,2,56.0,0.0,0,136.5,0.0,0.0,0.0,0.0,0.0,0
2023-05-10 21:05:36,m2311-C-3550,m2311-C-3550,136.5,0.0,0.0,0.0,10,56.5,0.0,0,136.5,0.0,0.0,0.0,0.0,0.0,0
2023-05-10 21:05:37,m2311-C-3550,m2311-C-3550,136.5,0.0,0.0,0.0,2,57.0,0.0,0,136.5,0.0,0.0,0.0,0.0,0.0,0
2023-05-10 21:05:37,m2311-C-3550,m2311-C-3550,136.5,0.0,0.0,0.0,10,57.5,0.0,0,136.5,0.0,0.0,0.0,0.0,0.0,0
2023-05-10 21:05:39,m2311-C-3550,m2311-C-3550,136.5,0.0,0.0,0.0,2,58.0,0.0,0,136.5,0.0,0.0,0.0,0.0,0.0,0
2023-05-10 21:05:39,m2311-C-3550,m2311-C-3550,136.5,0.0,0.0,0.0,10,58.5,0.0,0,136.5,0.0,0.0,0.0,0.0,0.0,0
2023-05-10 21:05:40,m2311-C-3550,m2311-C-3550,136.5,0.0,0.0,0.0,2,59.0,0.0,0,136.5,0.0,0.0,0.0,0.0,0.0,0
2023-05-10 21:05:40,m2311-C-3550,m2311-C-3550,136.5,0.0,0.0,0.0,10,59.5,0.0,0,136.5,0.0,0.0,0.0,0.0,0.0,0
2023-05-10 21:05:41,m2311-C-3550,m2311-C-3550,136.5,0.0,0.0,0.0,2,60.0,0.0,0,136.5,0.0,0.0,0.0,0.0,0.0,0
2023-05-10 21:05:41,m2311-C-3550,m2311-C-3550,136.5,0.0,0.0,0.0,10,60.5,0.0,0,136.5,0.0,0.0,0.0,0.0,0.0,0
2023-05-10 21:37:38,m2311-C-3550,m2311-C-3550,136.5,0.0,0.0,0.0,1,61.0,0.0,0,136.5,0.0,0.0,0.0,0.0,0.0,0
2023-05-10 21:37:38,m2311-C-3550,m2311-C-3550,136.5,0.0,0.0,0.0,10,61.5,0.0,0,136.5,0.0,0.0,0.0,0.0,0.0,0
2023-05-10 22:57:33,m2311-C-3550,m2311-C-3550,136.5,0.0,0.0,0.0,1,61.0,0.0,0,136.5,0.0,0.0,0.0,0.0,0.0,0
2023-05-10 22:57:47,m2311-C-3550,m2311-C-3550,136.5,0.0,0.0,0.0,1,11.0,0.0,0,136.5,0.0,0.0,0.0,0.0,0.0,0
2023-05-10 22:59:16,m2311-C-3550,m2311-C-3550,136.5,0.0,0.0,0.0,10,11.5,0.0,0,136.5,0.0,0.0,0.0,0.0,0.0,0
2023-05-10 22:59:56,m2311-C-3550,m2311-C-3550,136.5,0.0,0.0,0.0,1,2.5,0.0,0,136.5,0.0,0.0,0.0,0.0,0.0,0
2023-05-11 09:00:04,m2311-C-3550,m2311-C-3550,136.5,0.0,0.0,0.0,10,3.0,0.0,0,136.5,0.0,0.0,0.0,0.0,0.0,0
2023-05-11 09:00:33,m2311-C-3550,m2311-C-3550,136.5,0.0,0.0,0.0,1,7.0,0.0,0,136.5,0.0,0.0,0.0,0.0,0.0,0
2023-05-11 09:00:33,m2311-C-3550,m2311-C-3550,136.5,0.0,0.0,0.0,10,7.5,0.0,0,136.5,0.0,0.0,0.0,0.0,0.0,0
2023-05-11 09:00:37,m2311-C-3550,m2311-C-3550,136.5,0.0,0.0,0.0,1,8.0,0.0,0,136.5,0.0,0.0,0.0,0.0,0.0,0
2023-05-11 09:00:37,m2311-C-3550,m2311-C-3550,136.5,0.0,0.0,0.0,10,8.5,0.0,0,136.5,0.0,0.0,0.0,0.0,0.0,0
2023-05-11 09:01:19,m2311-C-3550,m2311-C-3550,136.5,0.0,0.0,0.0,2,9.0,0.0,0,136.5,0.0,0.0,0.0,0.0,0.0,0
2023-05-11 09:01:19,m2311-C-3550,m2311-C-3550,136.5,0.0,0.0,0.0,10,9.5,0.0,0,136.5,0.0,0.0,0.0,0.0,0.0,0
2023-05-11 09:02:05,m2311-C-3550,m2311-C-3550,136.5,0.0,0.0,0.0,2,10.0,0.0,0,136.5,0.0,0.0,0.0,0.0,0.0,0
2023-05-11 09:02:05,m2311-C-3550,m2311-C-3550,136.5,0.0,0.0,0.0,10,10.5,0.0,0,136.5,0.0,0.0,0.0,0.0,0.0,0
2023-05-11 09:03:27,m2311-C-3550,m2311-C-3550,136.5,0.0,0.0,0.0,2,11.0,0.0,0,136.5,0.0,0.0,0.0,0.0,0.0,0
2023-05-11 09:03:27,m2311-C-3550,m2311-C-3550,136.5,0.0,0.0,0.0,10,11.5,0.0,0,136.5,0.0,0.0,0.0,0.0,0.0,0
2023-05-11 09:03:30,m2311-C-3550,m2311-C-3550,136.5,0.0,0.0,0.0,2,12.0,0.0,0,136.5,0.0,0.0,0.0,0.0,0.0,0
2023-05-11 09:03:30,m2311-C-3550,m2311-C-3550,136.5,0.0,0.0,0.0,10,12.5,0.0,0,136.5,0.0,0.0,0.0,0.0,0.0,0
2023-05-11 09:03:34,m2311-C-3550,m2311-C-3550,136.5,0.0,0.0,0.0,2,13.0,0.0,0,136.5,0.0,0.0,0.0,0.0,0.0,0
2023-05-11 09:03:34,m2311-C-3550,m2311-C-3550,136.5,0.0,0.0,0.0,10,13.5,0.0,0,136.5,0.0,0.0,0.0,0.0,0.0,0
2023-05-11 09:03:37,m2311-C-3550,m2311-C-3550,136.5,0.0,0.0,0.0,2,14.0,0.0,0,136.5,0.0,0.0,0.0,0.0,0.0,0
2023-05-11 09:03:37,m2311-C-3550,m2311-C-3550,136.5,0.0,0.0,0.0,10,14.5,0.0,0,136.5,0.0,0.0,0.0,0.0,0.0,0
2023-05-11 09:03:40,m2311-C-3550,m2311-C-3550,136.5,0.0,0.0,0.0,2,15.0,0.0,0,136.5,0.0,0.0,0.0,0.0,0.0,0
2023-05-11 09:03:40,m2311-C-3550,m2311-C-3550,136.5,0.0,0.0,0.0,10,15.5,0.0,0,136.5,0.0,0.0,0.0,0.0,0.0,0
2023-05-11 09:03:42,m2311-C-3550,m2311-C-3550,136.5,0.0,0.0,0.0,2,16.0,0.0,0,136.5,0.0,0.0,0.0,0.0,0.0,0
2023-05-11 09:03:42,m2311-C-3550,m2311-C-3550,136.5,0.0,0.0,0.0,10,16.5,0.0,0,136.5,0.0,0.0,0.0,0.0,0.0,0
2023-05-11 09:03:46,m2311-C-3550,m2311-C-3550,136.5,0.0,0.0,0.0,2,17.0,0.0,0,136.5,0.0,0.0,0.0,0.0,0.0,0
2023-05-11 09:03:46,m2311-C-3550,m2311-C-3550,136.5,0.0,0.0,0.0,10,17.5,0.0,0,136.5,0.0,0.0,0.0,0.0,0.0,0
2023-05-11 09:03:48,m2311-C-3550,m2311-C-3550,136.5,0.0,0.0,0.0,2,18.0,0.0,0,136.5,0.0,0.0,0.0,0.0,0.0,0
2023-05-11 09:03:48,m2311-C-3550,m2311-C-3550,136.5,0.0,0.0,0.0,10,18.5,0.0,0,136.5,0.0,0.0,0.0,0.0,0.0,0
2023-05-11 09:04:20,m2311-C-3550,m2311-C-3550,136.5,0.0,0.0,0.0,2,19.0,0.0,0,136.5,0.0,0.0,0.0,0.0,0.0,0
2023-05-11 09:04:20,m2311-C-3550,m2311-C-3550,136.5,0.0,0.0,0.0,10,19.5,0.0,0,136.5,0.0,0.0,0.0,0.0,0.0,0
2023-05-11 09:04:28,m2311-C-3550,m2311-C-3550,136.5,0.0,0.0,0.0,2,20.0,0.0,0,136.5,0.0,0.0,0.0,0.0,0.0,0
2023-05-11 09:04:28,m2311-C-3550,m2311-C-3550,136.5,0.0,0.0,0.0,10,20.5,0.0,0,136.5,0.0,0.0,0.0,0.0,0.0,0
2023-05-11 09:04:31,m2311-C-3550,m2311-C-3550,136.5,0.0,0.0,0.0,2,21.0,0.0,0,136.5,0.0,0.0,0.0,0.0,0.0,0
2023-05-11 09:04:31,m2311-C-3550,m2311-C-3550,136.5,0.0,0.0,0.0,10,21.5,0.0,0,136.5,0.0,0.0,0.0,0.0,0.0,0
2023-05-11 09:04:32,m2311-C-3550,m2311-C-3550,136.5,0.0,0.0,0.0,2,22.0,0.0,0,136.5,0.0,0.0,0.0,0.0,0.0,0
2023-05-11 09:04:32,m2311-C-3550,m2311-C-3550,136.5,0.0,0.0,0.0,10,22.5,0.0,0,136.5,0.0,0.0,0.0,0.0,0.0,0
2023-05-11 09:04:34,m2311-C-3550,m2311-C-3550,136.5,0.0,0.0,0.0,2,23.0,0.0,0,136.5,0.0,0.0,0.0,0.0,0.0,0
2023-05-11 09:04:34,m2311-C-3550,m2311-C-3550,136.5,0.0,0.0,0.0,10,23.5,0.0,0,136.5,0.0,0.0,0.0,0.0,0.0,0
2023-05-11 09:04:35,m2311-C-3550,m2311-C-3550,136.5,0.0,0.0,0.0,2,24.0,0.0,0,136.5,0.0,0.0,0.0,0.0,0.0,0
2023-05-11 09:04:35,m2311-C-3550,m2311-C-3550,136.5,0.0,0.0,0.0,10,24.5,0.0,0,136.5,0.0,0.0,0.0,0.0,0.0,0
2023-05-11 09:04:37,m2311-C-3550,m2311-C-3550,136.5,0.0,0.0,0.0,2,25.0,0.0,0,136.5,0.0,0.0,0.0,0.0,0.0,0
2023-05-11 09:04:37,m2311-C-3550,m2311-C-3550,136.5,0.0,0.0,0.0,10,25.5,0.0,0,136.5,0.0,0.0,0.0,0.0,0.0,0
2023-05-11 09:04:40,m2311-C-3550,m2311-C-3550,136.5,0.0,0.0,0.0,2,26.0,0.0,0,136.5,0.0,0.0,0.0,0.0,0.0,0
2023-05-11 09:04:40,m2311-C-3550,m2311-C-3550,136.5,0.0,0.0,0.0,10,26.5,0.0,0,136.5,0.0,0.0,0.0,0.0,0.0,0
2023-05-11 09:04:42,m2311-C-3550,m2311-C-3550,136.5,0.0,0.0,0.0,2,27.0,0.0,0,136.5,0.0,0.0,0.0,0.0,0.0,0
2023-05-11 09:04:42,m2311-C-3550,m2311-C-3550,136.5,0.0,0.0,0.0,10,27.5,0.0,0,136.5,0.0,0.0,0.0,0.0,0.0,0
2023-05-11 09:04:43,m2311-C-3550,m2311-C-3550,136.5,0.0,0.0,0.0,2,28.0,0.0,0,136.5,0.0,0.0,0.0,0.0,0.0,0
2023-05-11 09:04:43,m2311-C-3550,m2311-C-3550,136.5,0.0,0.0,0.0,10,28.5,0.0,0,136.5,0.0,0.0,0.0,0.0,0.0,0
2023-05-11 09:04:45,m2311-C-3550,m2311-C-3550,136.5,0.0,0.0,0.0,2,29.0,0.0,0,136.5,0.0,0.0,0.0,0.0,0.0,0
2023-05-11 09:04:45,m2311-C-3550,m2311-C-3550,136.5,0.0,0.0,0.0,10,29.5,0.0,0,136.5,0.0,0.0,0.0,0.0,0.0,0
2023-05-11 09:04:46,m2311-C-3550,m2311-C-3550,136.5,0.0,0.0,0.0,2,30.0,0.0,0,136.5,0.0,0.0,0.0,0.0,0.0,0
2023-05-11 09:04:46,m2311-C-3550,m2311-C-3550,136.5,0.0,0.0,0.0,10,30.5,0.0,0,136.5,0.0,0.0,0.0,0.0,0.0,0
2023-05-11 09:04:48,m2311-C-3550,m2311-C-3550,136.5,0.0,0.0,0.0,2,31.0,0.0,0,136.5,0.0,0.0,0.0,0.0,0.0,0
2023-05-11 09:04:48,m2311-C-3550,m2311-C-3550,136.5,0.0,0.0,0.0,10,31.5,0.0,0,136.5,0.0,0.0,0.0,0.0,0.0,0
2023-05-11 09:04:50,m2311-C-3550,m2311-C-3550,136.5,0.0,0.0,0.0,2,32.0,0.0,0,136.5,0.0,0.0,0.0,0.0,0.0,0
2023-05-11 09:04:50,m2311-C-3550,m2311-C-3550,136.5,0.0,0.0,0.0,10,32.5,0.0,0,136.5,0.0,0.0,0.0,0.0,0.0,0
2023-05-11 09:04:51,m2311-C-3550,m2311-C-3550,136.5,0.0,0.0,0.0,2,33.0,0.0,0,136.5,0.0,0.0,0.0,0.0,0.0,0
2023-05-11 09:04:51,m2311-C-3550,m2311-C-3550,136.5,0.0,0.0,0.0,10,33.5,0.0,0,136.5,0.0,0.0,0.0,0.0,0.0,0
2023-05-11 09:04:53,m2311-C-3550,m2311-C-3550,136.5,0.0,0.0,0.0,2,34.0,0.0,0,136.5,0.0,0.0,0.0,0.0,0.0,0
2023-05-11 09:04:53,m2311-C-3550,m2311-C-3550,136.5,0.0,0.0,0.0,10,34.5,0.0,0,136.5,0.0,0.0,0.0,0.0,0.0,0
2023-05-11 09:04:54,m2311-C-3550,m2311-C-3550,136.5,0.0,0.0,0.0,2,35.0,0.0,0,136.5,0.0,0.0,0.0,0.0,0.0,0
2023-05-11 09:04:54,m2311-C-3550,m2311-C-3550,136.5,0.0,0.0,0.0,10,35.5,0.0,0,136.5,0.0,0.0,0.0,0.0,0.0,0
2023-05-11 09:04:55,m2311-C-3550,m2311-C-3550,136.5,0.0,0.0,0.0,2,36.0,0.0,0,136.5,0.0,0.0,0.0,0.0,0.0,0
2023-05-11 09:04:55,m2311-C-3550,m2311-C-3550,136.5,0.0,0.0,0.0,10,36.5,0.0,0,136.5,0.0,0.0,0.0,0.0,0.0,0
2023-05-11 09:04:57,m2311-C-3550,m2311-C-3550,136.5,0.0,0.0,0.0,2,37.0,0.0,0,136.5,0.0,0.0,0.0,0.0,0.0,0
2023-05-11 09:04:57,m2311-C-3550,m2311-C-3550,136.5,0.0,0.0,0.0,10,37.5,0.0,0,136.5,0.0,0.0,0.0,0.0,0.0,0
2023-05-11 09:04:58,m2311-C-3550,m2311-C-3550,136.5,0.0,0.0,0.0,2,38.0,0.0,0,136.5,0.0,0.0,0.0,0.0,0.0,0
2023-05-11 09:04:58,m2311-C-3550,m2311-C-3550,136.5,0.0,0.0,0.0,10,38.5,0.0,0,136.5,0.0,0.0,0.0,0.0,0.0,0
2023-05-11 09:04:59,m2311-C-3550,m2311-C-3550,136.5,0.0,0.0,0.0,2,39.0,0.0,0,136.5,0.0,0.0,0.0,0.0,0.0,0
2023-05-11 09:04:59,m2311-C-3550,m2311-C-3550,136.5,0.0,0.0,0.0,10,39.5,0.0,0,136.5,0.0,0.0,0.0,0.0,0.0,0
2023-05-11 09:05:01,m2311-C-3550,m2311-C-3550,136.5,0.0,0.0,0.0,2,40.0,0.0,0,136.5,0.0,0.0,0.0,0.0,0.0,0
2023-05-11 09:05:01,m2311-C-3550,m2311-C-3550,136.5,0.0,0.0,0.0,10,40.5,0.0,0,136.5,0.0,0.0,0.0,0.0,0.0,0
2023-05-11 09:05:02,m2311-C-3550,m2311-C-3550,136.5,0.0,0.0,0.0,2,41.0,0.0,0,136.5,0.0,0.0,0.0,0.0,0.0,0
2023-05-11 09:05:02,m2311-C-3550,m2311-C-3550,136.5,0.0,0.0,0.0,10,41.5,0.0,0,136.5,0.0,0.0,0.0,0.0,0.0,0
2023-05-11 09:05:04,m2311-C-3550,m2311-C-3550,136.5,0.0,0.0,0.0,2,42.0,0.0,0,136.5,0.0,0.0,0.0,0.0,0.0,0
2023-05-11 09:05:04,m2311-C-3550,m2311-C-3550,136.5,0.0,0.0,0.0,10,42.5,0.0,0,136.5,0.0,0.0,0.0,0.0,0.0,0
2023-05-11 09:05:05,m2311-C-3550,m2311-C-3550,136.5,0.0,0.0,0.0,2,43.0,0.0,0,136.5,0.0,0.0,0.0,0.0,0.0,0
2023-05-11 09:05:05,m2311-C-3550,m2311-C-3550,136.5,0.0,0.0,0.0,10,43.5,0.0,0,136.5,0.0,0.0,0.0,0.0,0.0,0
2023-05-11 09:05:06,m2311-C-3550,m2311-C-3550,136.5,0.0,0.0,0.0,2,44.0,0.0,0,136.5,0.0,0.0,0.0,0.0,0.0,0
2023-05-11 09:05:06,m2311-C-3550,m2311-C-3550,136.5,0.0,0.0,0.0,10,44.5,0.0,0,136.5,0.0,0.0,0.0,0.0,0.0,0
2023-05-11 09:05:07,m2311-C-3550,m2311-C-3550,136.5,0.0,0.0,0.0,2,45.0,0.0,0,136.5,0.0,0.0,0.0,0.0,0.0,0
2023-05-11 09:05:08,m2311-C-3550,m2311-C-3550,136.5,0.0,0.0,0.0,10,45.5,0.0,0,136.5,0.0,0.0,0.0,0.0,0.0,0
2023-05-11 09:05:09,m2311-C-3550,m2311-C-3550,136.5,0.0,0.0,0.0,2,46.0,0.0,0,136.5,0.0,0.0,0.0,0.0,0.0,0
2023-05-11 09:05:09,m2311-C-3550,m2311-C-3550,136.5,0.0,0.0,0.0,10,46.5,0.0,0,136.5,0.0,0.0,0.0,0.0,0.0,0
2023-05-11 09:05:10,m2311-C-3550,m2311-C-3550,136.5,0.0,0.0,0.0,2,47.0,0.0,0,136.5,0.0,0.0,0.0,0.0,0.0,0
2023-05-11 09:05:10,m2311-C-3550,m2311-C-3550,136.5,0.0,0.0,0.0,10,47.5,0.0,0,136.5,0.0,0.0,0.0,0.0,0.0,0
2023-05-11 09:05:12,m2311-C-3550,m2311-C-3550,136.5,0.0,0.0,0.0,2,48.0,0.0,0,136.5,0.0,0.0,0.0,0.0,0.0,0
2023-05-11 09:05:12,m2311-C-3550,m2311-C-3550,136.5,0.0,0.0,0.0,10,48.5,0.0,0,136.5,0.0,0.0,0.0,0.0,0.0,0
2023-05-11 09:05:13,m2311-C-3550,m2311-C-3550,136.5,0.0,0.0,0.0,2,49.0,0.0,0,136.5,0.0,0.0,0.0,0.0,0.0,0
2023-05-11 09:05:13,m2311-C-3550,m2311-C-3550,136.5,0.0,0.0,0.0,10,49.5,0.0,0,136.5,0.0,0.0,0.0,0.0,0.0,0
2023-05-11 09:05:15,m2311-C-3550,m2311-C-3550,136.5,0.0,0.0,0.0,2,50.0,0.0,0,136.5,0.0,0.0,0.0,0.0,0.0,0
2023-05-11 09:05:15,m2311-C-3550,m2311-C-3550,136.5,0.0,0.0,0.0,10,50.5,0.0,0,136.5,0.0,0.0,0.0,0.0,0.0,0
2023-05-11 09:05:16,m2311-C-3550,m2311-C-3550,136.5,0.0,0.0,0.0,2,51.0,0.0,0,136.5,0.0,0.0,0.0,0.0,0.0,0
2023-05-11 09:05:16,m2311-C-3550,m2311-C-3550,136.5,0.0,0.0,0.0,10,51.5,0.0,0,136.5,0.0,0.0,0.0,0.0,0.0,0
2023-05-11 09:05:17,m2311-C-3550,m2311-C-3550,136.5,0.0,0.0,0.0,2,52.0,0.0,0,136.5,0.0,0.0,0.0,0.0,0.0,0
2023-05-11 09:05:17,m2311-C-3550,m2311-C-3550,136.5,0.0,0.0,0.0,10,52.5,0.0,0,136.5,0.0,0.0,0.0,0.0,0.0,0
2023-05-11 09:05:18,m2311-C-3550,m2311-C-3550,136.5,0.0,0.0,0.0,2,53.0,0.0,0,136.5,0.0,0.0,0.0,0.0,0.0,0
2023-05-11 09:05:18,m2311-C-3550,m2311-C-3550,136.5,0.0,0.0,0.0,10,53.5,0.0,0,136.5,0.0,0.0,0.0,0.0,0.0,0
2023-05-11 09:05:19,m2311-C-3550,m2311-C-3550,136.5,0.0,0.0,0.0,2,54.0,0.0,0,136.5,0.0,0.0,0.0,0.0,0.0,0
2023-05-11 09:05:19,m2311-C-3550,m2311-C-3550,136.5,0.0,0.0,0.0,10,54.5,0.0,0,136.5,0.0,0.0,0.0,0.0,0.0,0
2023-05-11 09:05:20,m2311-C-3550,m2311-C-3550,136.5,0.0,0.0,0.0,2,55.0,0.0,0,136.5,0.0,0.0,0.0,0.0,0.0,0
2023-05-11 09:05:20,m2311-C-3550,m2311-C-3550,136.5,0.0,0.0,0.0,10,55.5,0.0,0,136.5,0.0,0.0,0.0,0.0,0.0,0
2023-05-11 09:05:22,m2311-C-3550,m2311-C-3550,136.5,0.0,0.0,0.0,2,56.0,0.0,0,136.5,0.0,0.0,0.0,0.0,0.0,0
2023-05-11 09:05:22,m2311-C-3550,m2311-C-3550,136.5,0.0,0.0,0.0,10,56.5,0.0,0,136.5,0.0,0.0,0.0,0.0,0.0,0
2023-05-11 09:05:23,m2311-C-3550,m2311-C-3550,136.5,0.0,0.0,0.0,2,57.0,0.0,0,136.5,0.0,0.0,0.0,0.0,0.0,0
2023-05-11 09:05:23,m2311-C-3550,m2311-C-3550,136.5,0.0,0.0,0.0,10,57.5,0.0,0,136.5,0.0,0.0,0.0,0.0,0.0,0
2023-05-11 09:05:25,m2311-C-3550,m2311-C-3550,136.5,0.0,0.0,0.0,2,58.0,0.0,0,136.5,0.0,0.0,0.0,0.0,0.0,0
2023-05-11 09:05:25,m2311-C-3550,m2311-C-3550,136.5,0.0,0.0,0.0,10,58.5,0.0,0,136.5,0.0,0.0,0.0,0.0,0.0,0
2023-05-11 09:05:26,m2311-C-3550,m2311-C-3550,136.5,0.0,0.0,0.0,2,59.0,0.0,0,136.5,0.0,0.0,0.0,0.0,0.0,0
2023-05-11 09:05:26,m2311-C-3550,m2311-C-3550,136.5,0.0,0.0,0.0,10,59.5,0.0,0,136.5,0.0,0.0,0.0,0.0,0.0,0
2023-05-11 09:05:27,m2311-C-3550,m2311-C-3550,136.5,0.0,0.0,0.0,2,60.0,0.0,0,136.5,0.0,0.0,0.0,0.0,0.0,0
2023-05-11 09:05:27,m2311-C-3550,m2311-C-3550,136.5,0.0,0.0,0.0,10,60.5,0.0,0,136.5,0.0,0.0,0.0,0.0,0.0,0
2023-05-11 10:14:32,m2311-C-3550,m2311-C-3550,136.5,0.0,0.0,0.0,1,8.0,0.0,0,136.5,0.0,0.0,0.0,0.0,0.0,0
2023-05-11 10:30:07,m2311-C-3550,m2311-C-3550,136.5,0.0,0.0,0.0,10,8.5,0.0,0,136.5,0.0,0.0,0.0,0.0,0.0,0
2023-05-11 10:30:27,m2311-C-3550,m2311-C-3550,136.5,0.0,0.0,0.0,2,9.0,0.0,0,136.5,0.0,0.0,0.0,0.0,0.0,0
2023-05-11 10:30:27,m2311-C-3550,m2311-C-3550,136.5,0.0,0.0,0.0,10,9.5,0.0,0,136.5,0.0,0.0,0.0,0.0,0.0,0
2023-05-11 10:30:37,m2311-C-3550,m2311-C-3550,136.5,0.0,0.0,0.0,2,10.0,0.0,0,136.5,0.0,0.0,0.0,0.0,0.0,0
2023-05-11 10:30:37,m2311-C-3550,m2311-C-3550,136.5,0.0,0.0,0.0,10,10.5,0.0,0,136.5,0.0,0.0,0.0,0.0,0.0,0
2023-05-11 10:30:40,m2311-C-3550,m2311-C-3550,136.5,0.0,0.0,0.0,2,11.0,0.0,0,136.5,0.0,0.0,0.0,0.0,0.0,0
2023-05-11 10:30:40,m2311-C-3550,m2311-C-3550,136.5,0.0,0.0,0.0,10,11.5,0.0,0,136.5,0.0,0.0,0.0,0.0,0.0,0
2023-05-11 10:30:43,m2311-C-3550,m2311-C-3550,136.5,0.0,0.0,0.0,2,12.0,0.0,0,136.5,0.0,0.0,0.0,0.0,0.0,0
2023-05-11 10:30:43,m2311-C-3550,m2311-C-3550,136.5,0.0,0.0,0.0,10,12.5,0.0,0,136.5,0.0,0.0,0.0,0.0,0.0,0
2023-05-11 10:30:47,m2311-C-3550,m2311-C-3550,136.5,0.0,0.0,0.0,2,13.0,0.0,0,136.5,0.0,0.0,0.0,0.0,0.0,0
2023-05-11 10:30:47,m2311-C-3550,m2311-C-3550,136.5,0.0,0.0,0.0,10,13.5,0.0,0,136.5,0.0,0.0,0.0,0.0,0.0,0
2023-05-11 10:30:49,m2311-C-3550,m2311-C-3550,136.5,0.0,0.0,0.0,2,14.0,0.0,0,136.5,0.0,0.0,0.0,0.0,0.0,0
2023-05-11 10:30:49,m2311-C-3550,m2311-C-3550,136.5,0.0,0.0,0.0,10,14.5,0.0,0,136.5,0.0,0.0,0.0,0.0,0.0,0
2023-05-11 10:31:25,m2311-C-3550,m2311-C-3550,136.5,0.0,0.0,0.0,2,15.0,0.0,0,136.5,0.0,0.0,0.0,0.0,0.0,0
2023-05-11 10:31:25,m2311-C-3550,m2311-C-3550,136.5,0.0,0.0,0.0,10,15.5,0.0,0,136.5,0.0,0.0,0.0,0.0,0.0,0
2023-05-11 10:31:54,m2311-C-3550,m2311-C-3550,136.5,0.0,0.0,0.0,2,16.0,0.0,0,136.5,0.0,0.0,0.0,0.0,0.0,0
2023-05-11 10:31:54,m2311-C-3550,m2311-C-3550,136.5,0.0,0.0,0.0,10,16.5,0.0,0,136.5,0.0,0.0,0.0,0.0,0.0,0
2023-05-11 10:31:55,m2311-C-3550,m2311-C-3550,136.5,0.0,0.0,0.0,2,17.0,0.0,0,136.5,0.0,0.0,0.0,0.0,0.0,0
2023-05-11 10:31:55,m2311-C-3550,m2311-C-3550,136.5,0.0,0.0,0.0,10,17.5,0.0,0,136.5,0.0,0.0,0.0,0.0,0.0,0
2023-05-11 10:31:56,m2311-C-3550,m2311-C-3550,136.5,0.0,0.0,0.0,2,18.0,0.0,0,136.5,0.0,0.0,0.0,0.0,0.0,0
2023-05-11 10:31:56,m2311-C-3550,m2311-C-3550,136.5,0.0,0.0,0.0,10,18.5,0.0,0,136.5,0.0,0.0,0.0,0.0,0.0,0
2023-05-11 10:31:57,m2311-C-3550,m2311-C-3550,136.5,0.0,0.0,0.0,2,19.0,0.0,0,136.5,0.0,0.0,0.0,0.0,0.0,0
2023-05-11 10:31:57,m2311-C-3550,m2311-C-3550,136.5,0.0,0.0,0.0,10,19.5,0.0,0,136.5,0.0,0.0,0.0,0.0,0.0,0
2023-05-11 10:31:58,m2311-C-3550,m2311-C-3550,136.5,0.0,0.0,0.0,2,20.0,0.0,0,136.5,0.0,0.0,0.0,0.0,0.0,0
2023-05-11 10:31:58,m2311-C-3550,m2311-C-3550,136.5,0.0,0.0,0.0,10,20.5,0.0,0,136.5,0.0,0.0,0.0,0.0,0.0,0
2023-05-11 10:31:59,m2311-C-3550,m2311-C-3550,136.5,0.0,0.0,0.0,2,21.0,0.0,0,136.5,0.0,0.0,0.0,0.0,0.0,0
2023-05-11 10:31:59,m2311-C-3550,m2311-C-3550,136.5,0.0,0.0,0.0,10,21.5,0.0,0,136.5,0.0,0.0,0.0,0.0,0.0,0
2023-05-11 10:32:01,m2311-C-3550,m2311-C-3550,136.5,0.0,0.0,0.0,2,22.0,0.0,0,136.5,0.0,0.0,0.0,0.0,0.0,0
2023-05-11 10:32:01,m2311-C-3550,m2311-C-3550,136.5,0.0,0.0,0.0,10,22.5,0.0,0,136.5,0.0,0.0,0.0,0.0,0.0,0
2023-05-11 10:32:02,m2311-C-3550,m2311-C-3550,136.5,0.0,0.0,0.0,2,23.0,0.0,0,136.5,0.0,0.0,0.0,0.0,0.0,0
2023-05-11 10:32:02,m2311-C-3550,m2311-C-3550,136.5,0.0,0.0,0.0,10,23.5,0.0,0,136.5,0.0,0.0,0.0,0.0,0.0,0
2023-05-11 10:32:03,m2311-C-3550,m2311-C-3550,136.5,0.0,0.0,0.0,2,24.0,0.0,0,136.5,0.0,0.0,0.0,0.0,0.0,0
2023-05-11 10:32:03,m2311-C-3550,m2311-C-3550,136.5,0.0,0.0,0.0,10,24.5,0.0,0,136.5,0.0,0.0,0.0,0.0,0.0,0
2023-05-11 10:32:04,m2311-C-3550,m2311-C-3550,136.5,0.0,0.0,0.0,2,25.0,0.0,0,136.5,0.0,0.0,0.0,0.0,0.0,0
2023-05-11 10:32:04,m2311-C-3550,m2311-C-3550,136.5,0.0,0.0,0.0,10,25.5,0.0,0,136.5,0.0,0.0,0.0,0.0,0.0,0
2023-05-11 10:32:06,m2311-C-3550,m2311-C-3550,136.5,0.0,0.0,0.0,2,26.0,0.0,0,136.5,0.0,0.0,0.0,0.0,0.0,0
2023-05-11 10:32:06,m2311-C-3550,m2311-C-3550,136.5,0.0,0.0,0.0,10,26.5,0.0,0,136.5,0.0,0.0,0.0,0.0,0.0,0
2023-05-11 10:32:07,m2311-C-3550,m2311-C-3550,136.5,0.0,0.0,0.0,2,27.0,0.0,0,136.5,0.0,0.0,0.0,0.0,0.0,0
2023-05-11 10:32:07,m2311-C-3550,m2311-C-3550,136.5,0.0,0.0,0.0,10,27.5,0.0,0,136.5,0.0,0.0,0.0,0.0,0.0,0
2023-05-11 10:32:08,m2311-C-3550,m2311-C-3550,136.5,0.0,0.0,0.0,2,28.0,0.0,0,136.5,0.0,0.0,0.0,0.0,0.0,0
2023-05-11 10:32:08,m2311-C-3550,m2311-C-3550,136.5,0.0,0.0,0.0,10,28.5,0.0,0,136.5,0.0,0.0,0.0,0.0,0.0,0
2023-05-11 10:32:09,m2311-C-3550,m2311-C-3550,136.5,0.0,0.0,0.0,2,29.0,0.0,0,136.5,0.0,0.0,0.0,0.0,0.0,0
2023-05-11 10:32:09,m2311-C-3550,m2311-C-3550,136.5,0.0,0.0,0.0,10,29.5,0.0,0,136.5,0.0,0.0,0.0,0.0,0.0,0
2023-05-11 10:32:10,m2311-C-3550,m2311-C-3550,136.5,0.0,0.0,0.0,2,30.0,0.0,0,136.5,0.0,0.0,0.0,0.0,0.0,0
2023-05-11 10:32:10,m2311-C-3550,m2311-C-3550,136.5,0.0,0.0,0.0,10,30.5,0.0,0,136.5,0.0,0.0,0.0,0.0,0.0,0
2023-05-11 10:32:11,m2311-C-3550,m2311-C-3550,136.5,0.0,0.0,0.0,2,31.0,0.0,0,136.5,0.0,0.0,0.0,0.0,0.0,0
2023-05-11 10:32:11,m2311-C-3550,m2311-C-3550,136.5,0.0,0.0,0.0,10,31.5,0.0,0,136.5,0.0,0.0,0.0,0.0,0.0,0
2023-05-11 10:32:12,m2311-C-3550,m2311-C-3550,136.5,0.0,0.0,0.0,2,32.0,0.0,0,136.5,0.0,0.0,0.0,0.0,0.0,0
2023-05-11 10:32:12,m2311-C-3550,m2311-C-3550,136.5,0.0,0.0,0.0,10,32.5,0.0,0,136.5,0.0,0.0,0.0,0.0,0.0,0
2023-05-11 10:32:13,m2311-C-3550,m2311-C-3550,136.5,0.0,0.0,0.0,2,33.0,0.0,0,136.5,0.0,0.0,0.0,0.0,0.0,0
2023-05-11 10:32:14,m2311-C-3550,m2311-C-3550,136.5,0.0,0.0,0.0,10,33.5,0.0,0,136.5,0.0,0.0,0.0,0.0,0.0,0
2023-05-11 10:32:15,m2311-C-3550,m2311-C-3550,136.5,0.0,0.0,0.0,2,34.0,0.0,0,136.5,0.0,0.0,0.0,0.0,0.0,0
2023-05-11 10:32:15,m2311-C-3550,m2311-C-3550,136.5,0.0,0.0,0.0,10,34.5,0.0,0,136.5,0.0,0.0,0.0,0.0,0.0,0
2023-05-11 10:32:16,m2311-C-3550,m2311-C-3550,136.5,0.0,0.0,0.0,2,35.0,0.0,0,136.5,0.0,0.0,0.0,0.0,0.0,0
2023-05-11 10:32:16,m2311-C-3550,m2311-C-3550,136.5,0.0,0.0,0.0,10,35.5,0.0,0,136.5,0.0,0.0,0.0,0.0,0.0,0
2023-05-11 10:32:17,m2311-C-3550,m2311-C-3550,136.5,0.0,0.0,0.0,2,36.0,0.0,0,136.5,0.0,0.0,0.0,0.0,0.0,0
2023-05-11 10:32:17,m2311-C-3550,m2311-C-3550,136.5,0.0,0.0,0.0,10,36.5,0.0,0,136.5,0.0,0.0,0.0,0.0,0.0,0
2023-05-11 10:32:18,m2311-C-3550,m2311-C-3550,136.5,0.0,0.0,0.0,2,37.0,0.0,0,136.5,0.0,0.0,0.0,0.0,0.0,0
2023-05-11 10:32:18,m2311-C-3550,m2311-C-3550,136.5,0.0,0.0,0.0,10,37.5,0.0,0,136.5,0.0,0.0,0.0,0.0,0.0,0
2023-05-11 10:32:19,m2311-C-3550,m2311-C-3550,136.5,0.0,0.0,0.0,2,38.0,0.0,0,136.5,0.0,0.0,0.0,0.0,0.0,0
2023-05-11 10:32:19,m2311-C-3550,m2311-C-3550,136.5,0.0,0.0,0.0,10,38.5,0.0,0,136.5,0.0,0.0,0.0,0.0,0.0,0
2023-05-11 10:32:21,m2311-C-3550,m2311-C-3550,136.5,0.0,0.0,0.0,2,39.0,0.0,0,136.5,0.0,0.0,0.0,0.0,0.0,0
2023-05-11 10:32:21,m2311-C-3550,m2311-C-3550,136.5,0.0,0.0,0.0,10,39.5,0.0,0,136.5,0.0,0.0,0.0,0.0,0.0,0
2023-05-11 10:32:22,m2311-C-3550,m2311-C-3550,136.5,0.0,0.0,0.0,2,40.0,0.0,0,136.5,0.0,0.0,0.0,0.0,0.0,0
2023-05-11 10:32:22,m2311-C-3550,m2311-C-3550,136.5,0.0,0.0,0.0,10,40.5,0.0,0,136.5,0.0,0.0,0.0,0.0,0.0,0
2023-05-11 10:32:23,m2311-C-3550,m2311-C-3550,136.5,0.0,0.0,0.0,2,41.0,0.0,0,136.5,0.0,0.0,0.0,0.0,0.0,0
2023-05-11 10:32:23,m2311-C-3550,m2311-C-3550,136.5,0.0,0.0,0.0,10,41.5,0.0,0,136.5,0.0,0.0,0.0,0.0,0.0,0
2023-05-11 10:32:25,m2311-C-3550,m2311-C-3550,136.5,0.0,0.0,0.0,2,42.0,0.0,0,136.5,0.0,0.0,0.0,0.0,0.0,0
2023-05-11 10:32:25,m2311-C-3550,m2311-C-3550,136.5,0.0,0.0,0.0,10,42.5,0.0,0,136.5,0.0,0.0,0.0,0.0,0.0,0
2023-05-11 10:32:26,m2311-C-3550,m2311-C-3550,136.5,0.0,0.0,0.0,2,43.0,0.0,0,136.5,0.0,0.0,0.0,0.0,0.0,0
2023-05-11 10:32:26,m2311-C-3550,m2311-C-3550,136.5,0.0,0.0,0.0,10,43.5,0.0,0,136.5,0.0,0.0,0.0,0.0,0.0,0
2023-05-11 10:32:27,m2311-C-3550,m2311-C-3550,136.5,0.0,0.0,0.0,2,44.0,0.0,0,136.5,0.0,0.0,0.0,0.0,0.0,0
2023-05-11 10:32:27,m2311-C-3550,m2311-C-3550,136.5,0.0,0.0,0.0,10,44.5,0.0,0,136.5,0.0,0.0,0.0,0.0,0.0,0
2023-05-11 10:32:28,m2311-C-3550,m2311-C-3550,136.5,0.0,0.0,0.0,2,45.0,0.0,0,136.5,0.0,0.0,0.0,0.0,0.0,0
2023-05-11 10:32:28,m2311-C-3550,m2311-C-3550,136.5,0.0,0.0,0.0,10,45.5,0.0,0,136.5,0.0,0.0,0.0,0.0,0.0,0
2023-05-11 10:32:29,m2311-C-3550,m2311-C-3550,136.5,0.0,0.0,0.0,2,46.0,0.0,0,136.5,0.0,0.0,0.0,0.0,0.0,0
2023-05-11 10:32:29,m2311-C-3550,m2311-C-3550,136.5,0.0,0.0,0.0,10,46.5,0.0,0,136.5,0.0,0.0,0.0,0.0,0.0,0
2023-05-11 10:32:30,m2311-C-3550,m2311-C-3550,136.5,0.0,0.0,0.0,2,47.0,0.0,0,136.5,0.0,0.0,0.0,0.0,0.0,0
2023-05-11 10:32:30,m2311-C-3550,m2311-C-3550,136.5,0.0,0.0,0.0,10,47.5,0.0,0,136.5,0.0,0.0,0.0,0.0,0.0,0
2023-05-11 10:32:31,m2311-C-3550,m2311-C-3550,136.5,0.0,0.0,0.0,2,48.0,0.0,0,136.5,0.0,0.0,0.0,0.0,0.0,0
2023-05-11 10:32:31,m2311-C-3550,m2311-C-3550,136.5,0.0,0.0,0.0,10,48.5,0.0,0,136.5,0.0,0.0,0.0,0.0,0.0,0
2023-05-11 10:32:32,m2311-C-3550,m2311-C-3550,136.5,0.0,0.0,0.0,2,49.0,0.0,0,136.5,0.0,0.0,0.0,0.0,0.0,0
2023-05-11 10:32:32,m2311-C-3550,m2311-C-3550,136.5,0.0,0.0,0.0,10,49.5,0.0,0,136.5,0.0,0.0,0.0,0.0,0.0,0
2023-05-11 10:32:34,m2311-C-3550,m2311-C-3550,136.5,0.0,0.0,0.0,2,50.0,0.0,0,136.5,0.0,0.0,0.0,0.0,0.0,0
2023-05-11 10:32:34,m2311-C-3550,m2311-C-3550,136.5,0.0,0.0,0.0,10,50.5,0.0,0,136.5,0.0,0.0,0.0,0.0,0.0,0
2023-05-11 10:32:35,m2311-C-3550,m2311-C-3550,136.5,0.0,0.0,0.0,2,51.0,0.0,0,136.5,0.0,0.0,0.0,0.0,0.0,0
2023-05-11 10:32:35,m2311-C-3550,m2311-C-3550,136.5,0.0,0.0,0.0,10,51.5,0.0,0,136.5,0.0,0.0,0.0,0.0,0.0,0
2023-05-11 10:32:36,m2311-C-3550,m2311-C-3550,136.5,0.0,0.0,0.0,2,52.0,0.0,0,136.5,0.0,0.0,0.0,0.0,0.0,0
2023-05-11 10:32:36,m2311-C-3550,m2311-C-3550,136.5,0.0,0.0,0.0,10,52.5,0.0,0,136.5,0.0,0.0,0.0,0.0,0.0,0
2023-05-11 10:32:37,m2311-C-3550,m2311-C-3550,136.5,0.0,0.0,0.0,2,53.0,0.0,0,136.5,0.0,0.0,0.0,0.0,0.0,0
2023-05-11 10:32:37,m2311-C-3550,m2311-C-3550,136.5,0.0,0.0,0.0,10,53.5,0.0,0,136.5,0.0,0.0,0.0,0.0,0.0,0
2023-05-11 10:32:38,m2311-C-3550,m2311-C-3550,136.5,0.0,0.0,0.0,2,54.0,0.0,0,136.5,0.0,0.0,0.0,0.0,0.0,0
2023-05-11 10:32:38,m2311-C-3550,m2311-C-3550,136.5,0.0,0.0,0.0,10,54.5,0.0,0,136.5,0.0,0.0,0.0,0.0,0.0,0
2023-05-11 10:32:40,m2311-C-3550,m2311-C-3550,136.5,0.0,0.0,0.0,2,55.0,0.0,0,136.5,0.0,0.0,0.0,0.0,0.0,0
2023-05-11 10:32:40,m2311-C-3550,m2311-C-3550,136.5,0.0,0.0,0.0,10,55.5,0.0,0,136.5,0.0,0.0,0.0,0.0,0.0,0
2023-05-11 10:32:41,m2311-C-3550,m2311-C-3550,136.5,0.0,0.0,0.0,2,56.0,0.0,0,136.5,0.0,0.0,0.0,0.0,0.0,0
2023-05-11 10:32:41,m2311-C-3550,m2311-C-3550,136.5,0.0,0.0,0.0,10,56.5,0.0,0,136.5,0.0,0.0,0.0,0.0,0.0,0
2023-05-11 10:32:42,m2311-C-3550,m2311-C-3550,136.5,0.0,0.0,0.0,2,57.0,0.0,0,136.5,0.0,0.0,0.0,0.0,0.0,0
2023-05-11 10:32:42,m2311-C-3550,m2311-C-3550,136.5,0.0,0.0,0.0,10,57.5,0.0,0,136.5,0.0,0.0,0.0,0.0,0.0,0
2023-05-11 10:32:43,m2311-C-3550,m2311-C-3550,136.5,0.0,0.0,0.0,2,58.0,0.0,0,136.5,0.0,0.0,0.0,0.0,0.0,0
2023-05-11 10:32:43,m2311-C-3550,m2311-C-3550,136.5,0.0,0.0,0.0,10,58.5,0.0,0,136.5,0.0,0.0,0.0,0.0,0.0,0
2023-05-11 10:32:44,m2311-C-3550,m2311-C-3550,136.5,0.0,0.0,0.0,2,59.0,0.0,0,136.5,0.0,0.0,0.0,0.0,0.0,0
2023-05-11 10:32:44,m2311-C-3550,m2311-C-3550,136.5,0.0,0.0,0.0,10,59.5,0.0,0,136.5,0.0,0.0,0.0,0.0,0.0,0
2023-05-11 10:32:45,m2311-C-3550,m2311-C-3550,136.5,0.0,0.0,0.0,2,60.0,0.0,0,136.5,0.0,0.0,0.0,0.0,0.0,0
2023-05-11 10:32:45,m2311-C-3550,m2311-C-3550,136.5,0.0,0.0,0.0,10,60.5,0.0,0,136.5,0.0,0.0,0.0,0.0,0.0,0
2023-05-11 11:29:33,m2311-C-3550,m2311-C-3550,136.5,0.0,0.0,0.0,1,8.0,0.0,0,136.5,0.0,0.0,0.0,0.0,0.0,0
2023-05-11 13:30:02,m2311-C-3550,m2311-C-3550,136.5,0.0,0.0,0.0,10,8.5,0.0,0,136.5,0.0,0.0,0.0,0.0,0.0,0
2023-05-11 13:31:02,m2311-C-3550,m2311-C-3550,136.5,0.0,0.0,0.0,1,9.0,0.0,0,136.5,0.0,0.0,0.0,0.0,0.0,0
2023-05-11 13:31:02,m2311-C-3550,m2311-C-3550,136.5,0.0,0.0,0.0,10,9.5,0.0,0,136.5,0.0,0.0,0.0,0.0,0.0,0
2023-05-11 13:31:13,m2311-C-3550,m2311-C-3550,136.5,0.0,0.0,0.0,2,10.0,0.0,0,136.5,0.0,0.0,0.0,0.0,0.0,0
2023-05-11 13:31:13,m2311-C-3550,m2311-C-3550,136.5,0.0,0.0,0.0,10,10.5,0.0,0,136.5,0.0,0.0,0.0,0.0,0.0,0
2023-05-11 13:31:16,m2311-C-3550,m2311-C-3550,136.5,0.0,0.0,0.0,2,11.0,0.0,0,136.5,0.0,0.0,0.0,0.0,0.0,0
2023-05-11 13:31:16,m2311-C-3550,m2311-C-3550,136.5,0.0,0.0,0.0,10,11.5,0.0,0,136.5,0.0,0.0,0.0,0.0,0.0,0
2023-05-11 13:31:22,m2311-C-3550,m2311-C-3550,136.5,0.0,0.0,0.0,2,12.0,0.0,0,136.5,0.0,0.0,0.0,0.0,0.0,0
2023-05-11 13:31:22,m2311-C-3550,m2311-C-3550,136.5,0.0,0.0,0.0,10,12.5,0.0,0,136.5,0.0,0.0,0.0,0.0,0.0,0
2023-05-11 13:31:24,m2311-C-3550,m2311-C-3550,136.5,0.0,0.0,0.0,2,13.0,0.0,0,136.5,0.0,0.0,0.0,0.0,0.0,0
2023-05-11 13:31:24,m2311-C-3550,m2311-C-3550,136.5,0.0,0.0,0.0,10,13.5,0.0,0,136.5,0.0,0.0,0.0,0.0,0.0,0
2023-05-11 13:31:26,m2311-C-3550,m2311-C-3550,136.5,0.0,0.0,0.0,2,14.0,0.0,0,136.5,0.0,0.0,0.0,0.0,0.0,0
2023-05-11 13:31:26,m2311-C-3550,m2311-C-3550,136.5,0.0,0.0,0.0,10,14.5,0.0,0,136.5,0.0,0.0,0.0,0.0,0.0,0
2023-05-11 13:31:28,m2311-C-3550,m2311-C-3550,136.5,0.0,0.0,0.0,2,15.0,0.0,0,136.5,0.0,0.0,0.0,0.0,0.0,0
2023-05-11 13:31:28,m2311-C-3550,m2311-C-3550,136.5,0.0,0.0,0.0,10,15.5,0.0,0,136.5,0.0,0.0,0.0,0.0,0.0,0
2023-05-11 13:31:29,m2311-C-3550,m2311-C-3550,136.5,0.0,0.0,0.0,2,16.0,0.0,0,136.5,0.0,0.0,0.0,0.0,0.0,0
2023-05-11 13:31:30,m2311-C-3550,m2311-C-3550,136.5,0.0,0.0,0.0,10,16.5,0.0,0,136.5,0.0,0.0,0.0,0.0,0.0,0
2023-05-11 13:31:31,m2311-C-3550,m2311-C-3550,136.5,0.0,0.0,0.0,2,17.0,0.0,0,136.5,0.0,0.0,0.0,0.0,0.0,0
2023-05-11 13:31:31,m2311-C-3550,m2311-C-3550,136.5,0.0,0.0,0.0,10,17.5,0.0,0,136.5,0.0,0.0,0.0,0.0,0.0,0
2023-05-11 13:31:33,m2311-C-3550,m2311-C-3550,136.5,0.0,0.0,0.0,2,18.0,0.0,0,136.5,0.0,0.0,0.0,0.0,0.0,0
2023-05-11 13:31:33,m2311-C-3550,m2311-C-3550,136.5,0.0,0.0,0.0,10,18.5,0.0,0,136.5,0.0,0.0,0.0,0.0,0.0,0
2023-05-11 13:31:34,m2311-C-3550,m2311-C-3550,136.5,0.0,0.0,0.0,2,19.0,0.0,0,136.5,0.0,0.0,0.0,0.0,0.0,0
2023-05-11 13:31:34,m2311-C-3550,m2311-C-3550,136.5,0.0,0.0,0.0,10,19.5,0.0,0,136.5,0.0,0.0,0.0,0.0,0.0,0
2023-05-11 13:31:36,m2311-C-3550,m2311-C-3550,136.5,0.0,0.0,0.0,2,20.0,0.0,0,136.5,0.0,0.0,0.0,0.0,0.0,0
2023-05-11 13:31:36,m2311-C-3550,m2311-C-3550,136.5,0.0,0.0,0.0,10,20.5,0.0,0,136.5,0.0,0.0,0.0,0.0,0.0,0
2023-05-11 13:31:37,m2311-C-3550,m2311-C-3550,136.5,0.0,0.0,0.0,2,21.0,0.0,0,136.5,0.0,0.0,0.0,0.0,0.0,0
2023-05-11 13:31:37,m2311-C-3550,m2311-C-3550,136.5,0.0,0.0,0.0,10,21.5,0.0,0,136.5,0.0,0.0,0.0,0.0,0.0,0
2023-05-11 13:31:38,m2311-C-3550,m2311-C-3550,136.5,0.0,0.0,0.0,2,22.0,0.0,0,136.5,0.0,0.0,0.0,0.0,0.0,0
2023-05-11 13:31:38,m2311-C-3550,m2311-C-3550,136.5,0.0,0.0,0.0,10,22.5,0.0,0,136.5,0.0,0.0,0.0,0.0,0.0,0
2023-05-11 13:31:39,m2311-C-3550,m2311-C-3550,136.5,0.0,0.0,0.0,2,23.0,0.0,0,136.5,0.0,0.0,0.0,0.0,0.0,0
2023-05-11 13:31:39,m2311-C-3550,m2311-C-3550,136.5,0.0,0.0,0.0,10,23.5,0.0,0,136.5,0.0,0.0,0.0,0.0,0.0,0
2023-05-11 13:31:40,m2311-C-3550,m2311-C-3550,136.5,0.0,0.0,0.0,2,24.0,0.0,0,136.5,0.0,0.0,0.0,0.0,0.0,0
2023-05-11 13:31:40,m2311-C-3550,m2311-C-3550,136.5,0.0,0.0,0.0,10,24.5,0.0,0,136.5,0.0,0.0,0.0,0.0,0.0,0
2023-05-11 13:31:41,m2311-C-3550,m2311-C-3550,136.5,0.0,0.0,0.0,2,25.0,0.0,0,136.5,0.0,0.0,0.0,0.0,0.0,0
2023-05-11 13:31:41,m2311-C-3550,m2311-C-3550,136.5,0.0,0.0,0.0,10,25.5,0.0,0,136.5,0.0,0.0,0.0,0.0,0.0,0
2023-05-11 13:31:43,m2311-C-3550,m2311-C-3550,136.5,0.0,0.0,0.0,2,26.0,0.0,0,136.5,0.0,0.0,0.0,0.0,0.0,0
2023-05-11 13:31:43,m2311-C-3550,m2311-C-3550,136.5,0.0,0.0,0.0,10,26.5,0.0,0,136.5,0.0,0.0,0.0,0.0,0.0,0
2023-05-11 13:31:44,m2311-C-3550,m2311-C-3550,136.5,0.0,0.0,0.0,2,27.0,0.0,0,136.5,0.0,0.0,0.0,0.0,0.0,0
2023-05-11 13:31:44,m2311-C-3550,m2311-C-3550,136.5,0.0,0.0,0.0,10,27.5,0.0,0,136.5,0.0,0.0,0.0,0.0,0.0,0
2023-05-11 13:31:46,m2311-C-3550,m2311-C-3550,136.5,0.0,0.0,0.0,2,28.0,0.0,0,136.5,0.0,0.0,0.0,0.0,0.0,0
2023-05-11 13:31:46,m2311-C-3550,m2311-C-3550,136.5,0.0,0.0,0.0,10,28.5,0.0,0,136.5,0.0,0.0,0.0,0.0,0.0,0
2023-05-11 13:31:47,m2311-C-3550,m2311-C-3550,136.5,0.0,0.0,0.0,2,29.0,0.0,0,136.5,0.0,0.0,0.0,0.0,0.0,0
2023-05-11 13:31:47,m2311-C-3550,m2311-C-3550,136.5,0.0,0.0,0.0,10,29.5,0.0,0,136.5,0.0,0.0,0.0,0.0,0.0,0
2023-05-11 13:31:48,m2311-C-3550,m2311-C-3550,136.5,0.0,0.0,0.0,2,30.0,0.0,0,136.5,0.0,0.0,0.0,0.0,0.0,0
2023-05-11 13:31:48,m2311-C-3550,m2311-C-3550,136.5,0.0,0.0,0.0,10,30.5,0.0,0,136.5,0.0,0.0,0.0,0.0,0.0,0
2023-05-11 13:31:49,m2311-C-3550,m2311-C-3550,136.5,0.0,0.0,0.0,2,31.0,0.0,0,136.5,0.0,0.0,0.0,0.0,0.0,0
2023-05-11 13:31:50,m2311-C-3550,m2311-C-3550,136.5,0.0,0.0,0.0,10,31.5,0.0,0,136.5,0.0,0.0,0.0,0.0,0.0,0
2023-05-11 13:31:51,m2311-C-3550,m2311-C-3550,136.5,0.0,0.0,0.0,2,32.0,0.0,0,136.5,0.0,0.0,0.0,0.0,0.0,0
2023-05-11 13:31:51,m2311-C-3550,m2311-C-3550,136.5,0.0,0.0,0.0,10,32.5,0.0,0,136.5,0.0,0.0,0.0,0.0,0.0,0
2023-05-11 13:31:52,m2311-C-3550,m2311-C-3550,136.5,0.0,0.0,0.0,2,33.0,0.0,0,136.5,0.0,0.0,0.0,0.0,0.0,0
2023-05-11 13:31:52,m2311-C-3550,m2311-C-3550,136.5,0.0,0.0,0.0,10,33.5,0.0,0,136.5,0.0,0.0,0.0,0.0,0.0,0
2023-05-11 13:31:53,m2311-C-3550,m2311-C-3550,136.5,0.0,0.0,0.0,2,34.0,0.0,0,136.5,0.0,0.0,0.0,0.0,0.0,0
2023-05-11 13:31:54,m2311-C-3550,m2311-C-3550,136.5,0.0,0.0,0.0,10,34.5,0.0,0,136.5,0.0,0.0,0.0,0.0,0.0,0
2023-05-11 13:31:54,m2311-C-3550,m2311-C-3550,136.5,0.0,0.0,0.0,2,35.0,0.0,0,136.5,0.0,0.0,0.0,0.0,0.0,0
2023-05-11 13:31:54,m2311-C-3550,m2311-C-3550,136.5,0.0,0.0,0.0,10,35.5,0.0,0,136.5,0.0,0.0,0.0,0.0,0.0,0
2023-05-11 13:31:55,m2311-C-3550,m2311-C-3550,136.5,0.0,0.0,0.0,2,36.0,0.0,0,136.5,0.0,0.0,0.0,0.0,0.0,0
2023-05-11 13:31:55,m2311-C-3550,m2311-C-3550,136.5,0.0,0.0,0.0,10,36.5,0.0,0,136.5,0.0,0.0,0.0,0.0,0.0,0
2023-05-11 13:31:57,m2311-C-3550,m2311-C-3550,136.5,0.0,0.0,0.0,2,37.0,0.0,0,136.5,0.0,0.0,0.0,0.0,0.0,0
2023-05-11 13:31:57,m2311-C-3550,m2311-C-3550,136.5,0.0,0.0,0.0,10,37.5,0.0,0,136.5,0.0,0.0,0.0,0.0,0.0,0
2023-05-11 13:31:58,m2311-C-3550,m2311-C-3550,136.5,0.0,0.0,0.0,2,38.0,0.0,0,136.5,0.0,0.0,0.0,0.0,0.0,0
2023-05-11 13:31:58,m2311-C-3550,m2311-C-3550,136.5,0.0,0.0,0.0,10,38.5,0.0,0,136.5,0.0,0.0,0.0,0.0,0.0,0
2023-05-11 13:31:59,m2311-C-3550,m2311-C-3550,136.5,0.0,0.0,0.0,2,39.0,0.0,0,136.5,0.0,0.0,0.0,0.0,0.0,0
2023-05-11 13:31:59,m2311-C-3550,m2311-C-3550,136.5,0.0,0.0,0.0,10,39.5,0.0,0,136.5,0.0,0.0,0.0,0.0,0.0,0
2023-05-11 13:32:00,m2311-C-3550,m2311-C-3550,136.5,0.0,0.0,0.0,2,40.0,0.0,0,136.5,0.0,0.0,0.0,0.0,0.0,0
2023-05-11 13:32:00,m2311-C-3550,m2311-C-3550,136.5,0.0,0.0,0.0,10,40.5,0.0,0,136.5,0.0,0.0,0.0,0.0,0.0,0
2023-05-11 13:32:01,m2311-C-3550,m2311-C-3550,136.5,0.0,0.0,0.0,2,41.0,0.0,0,136.5,0.0,0.0,0.0,0.0,0.0,0
2023-05-11 13:32:01,m2311-C-3550,m2311-C-3550,136.5,0.0,0.0,0.0,10,41.5,0.0,0,136.5,0.0,0.0,0.0,0.0,0.0,0
2023-05-11 13:32:02,m2311-C-3550,m2311-C-3550,136.5,0.0,0.0,0.0,2,42.0,0.0,0,136.5,0.0,0.0,0.0,0.0,0.0,0
2023-05-11 13:32:02,m2311-C-3550,m2311-C-3550,136.5,0.0,0.0,0.0,10,42.5,0.0,0,136.5,0.0,0.0,0.0,0.0,0.0,0
2023-05-11 13:32:03,m2311-C-3550,m2311-C-3550,136.5,0.0,0.0,0.0,2,43.0,0.0,0,136.5,0.0,0.0,0.0,0.0,0.0,0
2023-05-11 13:32:03,m2311-C-3550,m2311-C-3550,136.5,0.0,0.0,0.0,10,43.5,0.0,0,136.5,0.0,0.0,0.0,0.0,0.0,0
2023-05-11 13:32:04,m2311-C-3550,m2311-C-3550,136.5,0.0,0.0,0.0,2,44.0,0.0,0,136.5,0.0,0.0,0.0,0.0,0.0,0
2023-05-11 13:32:04,m2311-C-3550,m2311-C-3550,136.5,0.0,0.0,0.0,10,44.5,0.0,0,136.5,0.0,0.0,0.0,0.0,0.0,0
2023-05-11 13:32:05,m2311-C-3550,m2311-C-3550,136.5,0.0,0.0,0.0,2,45.0,0.0,0,136.5,0.0,0.0,0.0,0.0,0.0,0
2023-05-11 13:32:05,m2311-C-3550,m2311-C-3550,136.5,0.0,0.0,0.0,10,45.5,0.0,0,136.5,0.0,0.0,0.0,0.0,0.0,0
2023-05-11 13:32:06,m2311-C-3550,m2311-C-3550,136.5,0.0,0.0,0.0,2,46.0,0.0,0,136.5,0.0,0.0,0.0,0.0,0.0,0
2023-05-11 13:32:06,m2311-C-3550,m2311-C-3550,136.5,0.0,0.0,0.0,10,46.5,0.0,0,136.5,0.0,0.0,0.0,0.0,0.0,0
2023-05-11 13:32:07,m2311-C-3550,m2311-C-3550,136.5,0.0,0.0,0.0,2,47.0,0.0,0,136.5,0.0,0.0,0.0,0.0,0.0,0
2023-05-11 13:32:07,m2311-C-3550,m2311-C-3550,136.5,0.0,0.0,0.0,10,47.5,0.0,0,136.5,0.0,0.0,0.0,0.0,0.0,0
2023-05-11 13:32:08,m2311-C-3550,m2311-C-3550,136.5,0.0,0.0,0.0,2,48.0,0.0,0,136.5,0.0,0.0,0.0,0.0,0.0,0
2023-05-11 13:32:08,m2311-C-3550,m2311-C-3550,136.5,0.0,0.0,0.0,10,48.5,0.0,0,136.5,0.0,0.0,0.0,0.0,0.0,0
2023-05-11 13:32:10,m2311-C-3550,m2311-C-3550,136.5,0.0,0.0,0.0,2,49.0,0.0,0,136.5,0.0,0.0,0.0,0.0,0.0,0
2023-05-11 13:32:10,m2311-C-3550,m2311-C-3550,136.5,0.0,0.0,0.0,10,49.5,0.0,0,136.5,0.0,0.0,0.0,0.0,0.0,0
2023-05-11 13:32:11,m2311-C-3550,m2311-C-3550,136.5,0.0,0.0,0.0,2,50.0,0.0,0,136.5,0.0,0.0,0.0,0.0,0.0,0
2023-05-11 13:32:11,m2311-C-3550,m2311-C-3550,136.5,0.0,0.0,0.0,10,50.5,0.0,0,136.5,0.0,0.0,0.0,0.0,0.0,0
2023-05-11 13:32:12,m2311-C-3550,m2311-C-3550,136.5,0.0,0.0,0.0,2,51.0,0.0,0,136.5,0.0,0.0,0.0,0.0,0.0,0
2023-05-11 13:32:12,m2311-C-3550,m2311-C-3550,136.5,0.0,0.0,0.0,10,51.5,0.0,0,136.5,0.0,0.0,0.0,0.0,0.0,0
2023-05-11 13:32:13,m2311-C-3550,m2311-C-3550,136.5,0.0,0.0,0.0,2,52.0,0.0,0,136.5,0.0,0.0,0.0,0.0,0.0,0
2023-05-11 13:32:13,m2311-C-3550,m2311-C-3550,136.5,0.0,0.0,0.0,10,52.5,0.0,0,136.5,0.0,0.0,0.0,0.0,0.0,0
2023-05-11 13:32:15,m2311-C-3550,m2311-C-3550,136.5,0.0,0.0,0.0,2,53.0,0.0,0,136.5,0.0,0.0,0.0,0.0,0.0,0
2023-05-11 13:32:15,m2311-C-3550,m2311-C-3550,136.5,0.0,0.0,0.0,10,53.5,0.0,0,136.5,0.0,0.0,0.0,0.0,0.0,0
2023-05-11 13:32:16,m2311-C-3550,m2311-C-3550,136.5,0.0,0.0,0.0,2,54.0,0.0,0,136.5,0.0,0.0,0.0,0.0,0.0,0
2023-05-11 13:32:16,m2311-C-3550,m2311-C-3550,136.5,0.0,0.0,0.0,10,54.5,0.0,0,136.5,0.0,0.0,0.0,0.0,0.0,0
2023-05-11 13:32:17,m2311-C-3550,m2311-C-3550,136.5,0.0,0.0,0.0,2,55.0,0.0,0,136.5,0.0,0.0,0.0,0.0,0.0,0
2023-05-11 13:32:17,m2311-C-3550,m2311-C-3550,136.5,0.0,0.0,0.0,10,55.5,0.0,0,136.5,0.0,0.0,0.0,0.0,0.0,0
2023-05-11 13:32:18,m2311-C-3550,m2311-C-3550,136.5,0.0,0.0,0.0,2,56.0,0.0,0,136.5,0.0,0.0,0.0,0.0,0.0,0
2023-05-11 13:32:18,m2311-C-3550,m2311-C-3550,136.5,0.0,0.0,0.0,10,56.5,0.0,0,136.5,0.0,0.0,0.0,0.0,0.0,0
2023-05-11 13:32:19,m2311-C-3550,m2311-C-3550,136.5,0.0,0.0,0.0,2,57.0,0.0,0,136.5,0.0,0.0,0.0,0.0,0.0,0
2023-05-11 13:32:19,m2311-C-3550,m2311-C-3550,136.5,0.0,0.0,0.0,10,57.5,0.0,0,136.5,0.0,0.0,0.0,0.0,0.0,0
2023-05-11 13:32:20,m2311-C-3550,m2311-C-3550,136.5,0.0,0.0,0.0,2,58.0,0.0,0,136.5,0.0,0.0,0.0,0.0,0.0,0
2023-05-11 13:32:20,m2311-C-3550,m2311-C-3550,136.5,0.0,0.0,0.0,10,58.5,0.0,0,136.5,0.0,0.0,0.0,0.0,0.0,0
2023-05-11 13:32:21,m2311-C-3550,m2311-C-3550,136.5,0.0,0.0,0.0,2,59.0,0.0,0,136.5,0.0,0.0,0.0,0.0,0.0,0
2023-05-11 13:32:21,m2311-C-3550,m2311-C-3550,136.5,0.0,0.0,0.0,10,59.5,0.0,0,136.5,0.0,0.0,0.0,0.0,0.0,0
2023-05-11 13:32:22,m2311-C-3550,m2311-C-3550,136.5,0.0,0.0,0.0,2,60.0,0.0,0,136.5,0.0,0.0,0.0,0.0,0.0,0
2023-05-11 13:32:22,m2311-C-3550,m2311-C-3550,136.5,0.0,0.0,0.0,10,60.5,0.0,0,136.5,0.0,0.0,0.0,0.0,0.0,0
2023-05-11 14:18:39,m2311-C-3550,m2311-C-3550,136.5,0.0,0.0,0.0,1,61.0,0.0,0,136.5,0.0,0.0,0.0,0.0,0.0,0
2023-05-11 14:18:39,m2311-C-3550,m2311-C-3550,136.5,0.0,0.0,0.0,10,61.5,0.0,0,136.5,0.0,0.0,0.0,0.0,0.0,0
2023-05-11 14:38:16,m2311-C-3550,m2311-C-3550,136.5,0.0,0.0,0.0,5,114.5,128.0,5,136.5,0.0,0.0,0.0,0.0,0.0,0
2023-05-11 14:38:17,m2311-C-3550,m2311-C-3550,136.5,0.0,0.0,0.0,10,114.5,128.0,10,136.5,0.0,0.0,0.0,0.0,0.0,0
2023-05-11 14:38:22,m2311-C-3550,m2311-C-3550,136.5,0.0,0.0,0.0,5,117.0,128.0,10,136.5,0.0,0.0,0.0,0.0,0.0,0
2023-05-11 14:38:28,m2311-C-3550,m2311-C-3550,136.5,0.0,0.0,0.0,5,117.0,125.5,5,136.5,0.0,0.0,0.0,0.0,0.0,0
2023-05-11 14:38:33,m2311-C-3550,m2311-C-3550,136.5,0.0,0.0,0.0,5,116.5,125.5,5,136.5,0.0,0.0,0.0,0.0,0.0,0
2023-05-11 14:38:34,m2311-C-3550,m2311-C-3550,136.5,0.0,0.0,0.0,10,116.5,125.5,10,136.5,0.0,0.0,0.0,0.0,0.0,0
2023-05-11 14:38:37,m2311-C-3550,m2311-C-3550,136.5,0.0,0.0,0.0,5,116.5,125.5,10,136.5,0.0,0.0,0.0,0.0,0.0,0
2023-05-11 14:38:39,m2311-C-3550,m2311-C-3550,136.5,0.0,0.0,0.0,5,116.5,125.5,5,136.5,0.0,0.0,0.0,0.0,0.0,0
2023-05-11 14:38:44,m2311-C-3550,m2311-C-3550,136.5,0.0,0.0,0.0,10,61.5,0.0,0,136.5,0.0,0.0,0.0,0.0,0.0,0
2023-05-11 14:59:02,m2311-C-3550,m2311-C-3550,136.5,0.0,0.0,0.0,1,61.0,0.0,0,136.5,0.0,0.0,0.0,0.0,0.0,0
2023-05-11 14:59:05,m2311-C-3550,m2311-C-3550,136.5,0.0,0.0,0.0,10,61.5,0.0,0,136.5,0.0,0.0,0.0,0.0,0.0,0
2023-05-11 14:59:10,m2311-C-3550,m2311-C-3550,136.5,0.0,0.0,0.0,1,61.0,0.0,0,136.5,0.0,0.0,0.0,0.0,0.0,0
2023-05-11 15:01:10,m2311-C-3550,m2311-C-3550,136.5,0.0,0.0,0.0,1,61.0,0.0,0,136.5,0.0,0.0,0.0,0.0,0.0,0
