time,symbol_id,symbol_name,last,trade_volume,trade_amount,open_interest_change,bv1,bp1,ap1,av1,yesterday_close,today_open,today_high,today_low,volume,amount,open_interest
2023-05-10 21:00:09,m2311-P-3600,m2311-P-3600,221.0,0.0,0.0,0.0,1,12.5,0.0,0,221.0,0.0,0.0,0.0,0.0,0.0,5
2023-05-10 21:00:09,m2311-P-3600,m2311-P-3600,221.0,0.0,0.0,0.0,10,13.0,0.0,0,221.0,0.0,0.0,0.0,0.0,0.0,5
2023-05-10 21:00:41,m2311-P-3600,m2311-P-3600,221.0,0.0,0.0,0.0,1,77.5,0.0,0,221.0,0.0,0.0,0.0,0.0,0.0,5
2023-05-10 21:00:41,m2311-P-3600,m2311-P-3600,221.0,0.0,0.0,0.0,10,78.0,0.0,0,221.0,0.0,0.0,0.0,0.0,0.0,5
2023-05-10 21:01:01,m2311-P-3600,m2311-P-3600,221.0,0.0,0.0,0.0,11,78.0,0.0,0,221.0,0.0,0.0,0.0,0.0,0.0,5
2023-05-10 21:01:45,m2311-P-3600,m2311-P-3600,221.0,0.0,0.0,0.0,1,78.5,0.0,0,221.0,0.0,0.0,0.0,0.0,0.0,5
2023-05-10 21:01:45,m2311-P-3600,m2311-P-3600,221.0,0.0,0.0,0.0,10,79.0,0.0,0,221.0,0.0,0.0,0.0,0.0,0.0,5
2023-05-10 21:03:24,m2311-P-3600,m2311-P-3600,221.0,0.0,0.0,0.0,2,79.5,0.0,0,221.0,0.0,0.0,0.0,0.0,0.0,5
2023-05-10 21:03:24,m2311-P-3600,m2311-P-3600,221.0,0.0,0.0,0.0,10,80.0,0.0,0,221.0,0.0,0.0,0.0,0.0,0.0,5
2023-05-10 21:04:47,m2311-P-3600,m2311-P-3600,221.0,0.0,0.0,0.0,2,80.5,0.0,0,221.0,0.0,0.0,0.0,0.0,0.0,5
2023-05-10 21:04:47,m2311-P-3600,m2311-P-3600,221.0,0.0,0.0,0.0,10,81.0,0.0,0,221.0,0.0,0.0,0.0,0.0,0.0,5
2023-05-10 21:05:05,m2311-P-3600,m2311-P-3600,221.0,0.0,0.0,0.0,2,81.5,0.0,0,221.0,0.0,0.0,0.0,0.0,0.0,5
2023-05-10 21:05:05,m2311-P-3600,m2311-P-3600,221.0,0.0,0.0,0.0,10,82.0,0.0,0,221.0,0.0,0.0,0.0,0.0,0.0,5
2023-05-10 21:05:19,m2311-P-3600,m2311-P-3600,221.0,0.0,0.0,0.0,2,82.5,0.0,0,221.0,0.0,0.0,0.0,0.0,0.0,5
2023-05-10 21:05:19,m2311-P-3600,m2311-P-3600,221.0,0.0,0.0,0.0,10,83.0,0.0,0,221.0,0.0,0.0,0.0,0.0,0.0,5
2023-05-10 21:05:26,m2311-P-3600,m2311-P-3600,221.0,0.0,0.0,0.0,2,83.5,0.0,0,221.0,0.0,0.0,0.0,0.0,0.0,5
2023-05-10 21:05:26,m2311-P-3600,m2311-P-3600,221.0,0.0,0.0,0.0,10,84.0,0.0,0,221.0,0.0,0.0,0.0,0.0,0.0,5
2023-05-10 21:05:29,m2311-P-3600,m2311-P-3600,221.0,0.0,0.0,0.0,2,84.5,0.0,0,221.0,0.0,0.0,0.0,0.0,0.0,5
2023-05-10 21:05:29,m2311-P-3600,m2311-P-3600,221.0,0.0,0.0,0.0,10,85.0,0.0,0,221.0,0.0,0.0,0.0,0.0,0.0,5
2023-05-10 21:05:31,m2311-P-3600,m2311-P-3600,221.0,0.0,0.0,0.0,2,85.5,0.0,0,221.0,0.0,0.0,0.0,0.0,0.0,5
2023-05-10 21:05:31,m2311-P-3600,m2311-P-3600,221.0,0.0,0.0,0.0,10,86.0,0.0,0,221.0,0.0,0.0,0.0,0.0,0.0,5
2023-05-10 21:05:35,m2311-P-3600,m2311-P-3600,221.0,0.0,0.0,0.0,2,86.5,0.0,0,221.0,0.0,0.0,0.0,0.0,0.0,5
2023-05-10 21:05:35,m2311-P-3600,m2311-P-3600,221.0,0.0,0.0,0.0,10,87.0,0.0,0,221.0,0.0,0.0,0.0,0.0,0.0,5
2023-05-10 21:05:38,m2311-P-3600,m2311-P-3600,221.0,0.0,0.0,0.0,2,87.5,0.0,0,221.0,0.0,0.0,0.0,0.0,0.0,5
2023-05-10 21:05:38,m2311-P-3600,m2311-P-3600,221.0,0.0,0.0,0.0,10,88.0,0.0,0,221.0,0.0,0.0,0.0,0.0,0.0,5
2023-05-10 21:05:41,m2311-P-3600,m2311-P-3600,221.0,0.0,0.0,0.0,2,88.5,0.0,0,221.0,0.0,0.0,0.0,0.0,0.0,5
2023-05-10 21:05:41,m2311-P-3600,m2311-P-3600,221.0,0.0,0.0,0.0,10,89.0,0.0,0,221.0,0.0,0.0,0.0,0.0,0.0,5
2023-05-10 21:05:43,m2311-P-3600,m2311-P-3600,221.0,0.0,0.0,0.0,2,89.5,0.0,0,221.0,0.0,0.0,0.0,0.0,0.0,5
2023-05-10 21:05:43,m2311-P-3600,m2311-P-3600,221.0,0.0,0.0,0.0,10,90.0,0.0,0,221.0,0.0,0.0,0.0,0.0,0.0,5
2023-05-10 21:05:44,m2311-P-3600,m2311-P-3600,221.0,0.0,0.0,0.0,2,90.5,0.0,0,221.0,0.0,0.0,0.0,0.0,0.0,5
2023-05-10 21:05:44,m2311-P-3600,m2311-P-3600,221.0,0.0,0.0,0.0,10,91.0,0.0,0,221.0,0.0,0.0,0.0,0.0,0.0,5
2023-05-10 21:05:46,m2311-P-3600,m2311-P-3600,221.0,0.0,0.0,0.0,2,91.5,0.0,0,221.0,0.0,0.0,0.0,0.0,0.0,5
2023-05-10 21:05:46,m2311-P-3600,m2311-P-3600,221.0,0.0,0.0,0.0,10,92.0,0.0,0,221.0,0.0,0.0,0.0,0.0,0.0,5
2023-05-10 21:05:47,m2311-P-3600,m2311-P-3600,221.0,0.0,0.0,0.0,2,92.5,0.0,0,221.0,0.0,0.0,0.0,0.0,0.0,5
2023-05-10 21:05:47,m2311-P-3600,m2311-P-3600,221.0,0.0,0.0,0.0,10,93.0,0.0,0,221.0,0.0,0.0,0.0,0.0,0.0,5
2023-05-10 21:05:49,m2311-P-3600,m2311-P-3600,221.0,0.0,0.0,0.0,2,93.5,0.0,0,221.0,0.0,0.0,0.0,0.0,0.0,5
2023-05-10 21:05:49,m2311-P-3600,m2311-P-3600,221.0,0.0,0.0,0.0,10,94.0,0.0,0,221.0,0.0,0.0,0.0,0.0,0.0,5
2023-05-10 21:05:50,m2311-P-3600,m2311-P-3600,221.0,0.0,0.0,0.0,2,94.5,0.0,0,221.0,0.0,0.0,0.0,0.0,0.0,5
2023-05-10 21:05:50,m2311-P-3600,m2311-P-3600,221.0,0.0,0.0,0.0,10,95.0,0.0,0,221.0,0.0,0.0,0.0,0.0,0.0,5
2023-05-10 21:31:45,m2311-P-3600,m2311-P-3600,221.0,0.0,0.0,0.0,1,95.5,0.0,0,221.0,0.0,0.0,0.0,0.0,0.0,5
2023-05-10 21:31:45,m2311-P-3600,m2311-P-3600,221.0,0.0,0.0,0.0,10,96.0,0.0,0,221.0,0.0,0.0,0.0,0.0,0.0,5
2023-05-10 22:01:45,m2311-P-3600,m2311-P-3600,221.0,0.0,0.0,0.0,1,96.5,0.0,0,221.0,0.0,0.0,0.0,0.0,0.0,5
2023-05-10 22:01:45,m2311-P-3600,m2311-P-3600,221.0,0.0,0.0,0.0,10,97.0,0.0,0,221.0,0.0,0.0,0.0,0.0,0.0,5
2023-05-10 22:49:54,m2311-P-3600,m2311-P-3600,221.0,0.0,0.0,0.0,1,97.5,0.0,0,221.0,0.0,0.0,0.0,0.0,0.0,5
2023-05-10 22:49:54,m2311-P-3600,m2311-P-3600,221.0,0.0,0.0,0.0,10,98.0,0.0,0,221.0,0.0,0.0,0.0,0.0,0.0,5
2023-05-10 22:57:33,m2311-P-3600,m2311-P-3600,221.0,0.0,0.0,0.0,1,97.5,0.0,0,221.0,0.0,0.0,0.0,0.0,0.0,5
2023-05-10 22:59:16,m2311-P-3600,m2311-P-3600,221.0,0.0,0.0,0.0,10,98.0,0.0,0,221.0,0.0,0.0,0.0,0.0,0.0,5
2023-05-10 22:59:56,m2311-P-3600,m2311-P-3600,221.0,0.0,0.0,0.0,1,97.5,0.0,0,221.0,0.0,0.0,0.0,0.0,0.0,5
2023-05-11 09:00:04,m2311-P-3600,m2311-P-3600,221.0,0.0,0.0,0.0,10,98.0,0.0,0,221.0,0.0,0.0,0.0,0.0,0.0,5
2023-05-11 09:00:48,m2311-P-3600,m2311-P-3600,221.0,0.0,0.0,0.0,1,98.5,0.0,0,221.0,0.0,0.0,0.0,0.0,0.0,5
2023-05-11 09:00:48,m2311-P-3600,m2311-P-3600,221.0,0.0,0.0,0.0,10,99.0,0.0,0,221.0,0.0,0.0,0.0,0.0,0.0,5
2023-05-11 09:01:26,m2311-P-3600,m2311-P-3600,221.0,0.0,0.0,0.0,2,99.5,0.0,0,221.0,0.0,0.0,0.0,0.0,0.0,5
2023-05-11 09:01:26,m2311-P-3600,m2311-P-3600,221.0,0.0,0.0,0.0,10,100.0,0.0,0,221.0,0.0,0.0,0.0,0.0,0.0,5
2023-05-11 09:40:32,m2311-P-3600,m2311-P-3600,221.0,0.0,0.0,0.0,1,100.5,0.0,0,221.0,0.0,0.0,0.0,0.0,0.0,5
2023-05-11 09:40:32,m2311-P-3600,m2311-P-3600,221.0,0.0,0.0,0.0,10,101.0,0.0,0,221.0,0.0,0.0,0.0,0.0,0.0,5
2023-05-11 10:12:35,m2311-P-3600,m2311-P-3600,221.0,0.0,0.0,0.0,1,101.5,0.0,0,221.0,0.0,0.0,0.0,0.0,0.0,5
2023-05-11 10:12:35,m2311-P-3600,m2311-P-3600,221.0,0.0,0.0,0.0,10,102.0,0.0,0,221.0,0.0,0.0,0.0,0.0,0.0,5
2023-05-11 10:14:32,m2311-P-3600,m2311-P-3600,221.0,0.0,0.0,0.0,1,101.5,0.0,0,221.0,0.0,0.0,0.0,0.0,0.0,5
2023-05-11 10:30:07,m2311-P-3600,m2311-P-3600,221.0,0.0,0.0,0.0,10,102.0,0.0,0,221.0,0.0,0.0,0.0,0.0,0.0,5
2023-05-11 10:44:53,m2311-P-3600,m2311-P-3600,221.0,0.0,0.0,0.0,1,102.5,0.0,0,221.0,0.0,0.0,0.0,0.0,0.0,5
2023-05-11 10:44:53,m2311-P-3600,m2311-P-3600,221.0,0.0,0.0,0.0,10,103.0,0.0,0,221.0,0.0,0.0,0.0,0.0,0.0,5
2023-05-11 11:14:54,m2311-P-3600,m2311-P-3600,221.0,0.0,0.0,0.0,1,103.5,0.0,0,221.0,0.0,0.0,0.0,0.0,0.0,5
2023-05-11 11:14:54,m2311-P-3600,m2311-P-3600,221.0,0.0,0.0,0.0,10,104.0,0.0,0,221.0,0.0,0.0,0.0,0.0,0.0,5
2023-05-11 11:29:33,m2311-P-3600,m2311-P-3600,221.0,0.0,0.0,0.0,1,103.5,0.0,0,221.0,0.0,0.0,0.0,0.0,0.0,5
2023-05-11 13:30:02,m2311-P-3600,m2311-P-3600,221.0,0.0,0.0,0.0,10,104.0,0.0,0,221.0,0.0,0.0,0.0,0.0,0.0,5
2023-05-11 13:31:03,m2311-P-3600,m2311-P-3600,221.0,0.0,0.0,0.0,1,104.5,0.0,0,221.0,0.0,0.0,0.0,0.0,0.0,5
2023-05-11 13:31:03,m2311-P-3600,m2311-P-3600,221.0,0.0,0.0,0.0,10,105.0,0.0,0,221.0,0.0,0.0,0.0,0.0,0.0,5
2023-05-11 14:12:57,m2311-P-3600,m2311-P-3600,221.0,0.0,0.0,0.0,1,105.5,0.0,0,221.0,0.0,0.0,0.0,0.0,0.0,5
2023-05-11 14:12:57,m2311-P-3600,m2311-P-3600,221.0,0.0,0.0,0.0,10,106.0,0.0,0,221.0,0.0,0.0,0.0,0.0,0.0,5
2023-05-11 14:38:16,m2311-P-3600,m2311-P-3600,221.0,0.0,0.0,0.0,5,198.0,221.5,5,221.0,0.0,0.0,0.0,0.0,0.0,5
2023-05-11 14:38:17,m2311-P-3600,m2311-P-3600,221.0,0.0,0.0,0.0,10,198.0,221.5,10,221.0,0.0,0.0,0.0,0.0,0.0,5
2023-05-11 14:38:22,m2311-P-3600,m2311-P-3600,221.0,0.0,0.0,0.0,5,200.5,221.5,10,221.0,0.0,0.0,0.0,0.0,0.0,5
2023-05-11 14:38:28,m2311-P-3600,m2311-P-3600,221.0,0.0,0.0,0.0,5,200.5,219.5,5,221.0,0.0,0.0,0.0,0.0,0.0,5
2023-05-11 14:38:29,m2311-P-3600,m2311-P-3600,221.0,0.0,0.0,0.0,5,200.5,217.0,5,221.0,0.0,0.0,0.0,0.0,0.0,5
2023-05-11 14:38:33,m2311-P-3600,m2311-P-3600,221.0,0.0,0.0,0.0,10,200.0,217.0,5,221.0,0.0,0.0,0.0,0.0,0.0,5
2023-05-11 14:38:36,m2311-P-3600,m2311-P-3600,221.0,0.0,0.0,0.0,5,200.0,217.0,5,221.0,0.0,0.0,0.0,0.0,0.0,5
2023-05-11 14:38:37,m2311-P-3600,m2311-P-3600,221.0,0.0,0.0,0.0,5,199.5,217.0,5,221.0,0.0,0.0,0.0,0.0,0.0,5
2023-05-11 14:38:40,m2311-P-3600,m2311-P-3600,221.0,0.0,0.0,0.0,5,199.5,218.0,5,221.0,0.0,0.0,0.0,0.0,0.0,5
2023-05-11 14:38:44,m2311-P-3600,m2311-P-3600,221.0,0.0,0.0,0.0,10,106.0,0.0,0,221.0,0.0,0.0,0.0,0.0,0.0,5
2023-05-11 14:46:52,m2311-P-3600,m2311-P-3600,221.0,0.0,0.0,0.0,1,106.5,0.0,0,221.0,0.0,0.0,0.0,0.0,0.0,5
2023-05-11 14:46:52,m2311-P-3600,m2311-P-3600,221.0,0.0,0.0,0.0,10,107.0,0.0,0,221.0,0.0,0.0,0.0,0.0,0.0,5
2023-05-11 14:59:02,m2311-P-3600,m2311-P-3600,221.0,0.0,0.0,0.0,1,106.5,0.0,0,221.0,0.0,0.0,0.0,0.0,0.0,5
2023-05-11 14:59:05,m2311-P-3600,m2311-P-3600,221.0,0.0,0.0,0.0,10,107.0,0.0,0,221.0,0.0,0.0,0.0,0.0,0.0,5
2023-05-11 14:59:10,m2311-P-3600,m2311-P-3600,221.0,0.0,0.0,0.0,1,106.5,0.0,0,221.0,0.0,0.0,0.0,0.0,0.0,5
2023-05-11 15:01:10,m2311-P-3600,m2311-P-3600,221.0,0.0,0.0,0.0,1,106.5,0.0,0,221.0,0.0,0.0,0.0,0.0,0.0,5
