time,symbol_id,symbol_name,last,trade_volume,trade_amount,open_interest_change,bv1,bp1,ap1,av1,yesterday_close,today_open,today_high,today_low,volume,amount,open_interest
2023-05-10 20:55:36,m2311-C-4100,豆粕2311购4100,17.0,0.0,0.0,0.0,1,0.5,0.0,0,17.0,0.0,0.0,0.0,0.0,0.0,40
2023-05-10 21:00:07,m2311-C-4100,豆粕2311购4100,17.0,0.0,0.0,0.0,10,1.0,0.0,0,17.0,0.0,0.0,0.0,0.0,0.0,40
2023-05-10 21:04:54,m2311-C-4100,豆粕2311购4100,17.0,0.0,0.0,0.0,1,1.5,0.0,0,17.0,0.0,0.0,0.0,0.0,0.0,40
2023-05-10 21:04:54,m2311-C-4100,豆粕2311购4100,17.0,0.0,0.0,0.0,10,2.0,0.0,0,17.0,0.0,0.0,0.0,0.0,0.0,40
2023-05-10 21:18:22,m2311-C-4100,豆粕2311购4100,17.0,0.0,0.0,0.0,10,2.0,225.0,10,17.0,0.0,0.0,0.0,0.0,0.0,40
2023-05-10 21:18:29,m2311-C-4100,豆粕2311购4100,17.0,0.0,0.0,0.0,10,2.0,224.0,10,17.0,0.0,0.0,0.0,0.0,0.0,40
2023-05-10 21:18:34,m2311-C-4100,豆粕2311购4100,17.0,0.0,0.0,0.0,10,2.0,223.5,1,17.0,0.0,0.0,0.0,0.0,0.0,40
2023-05-10 21:18:35,m2311-C-4100,豆粕2311购4100,17.0,0.0,0.0,0.0,10,2.0,223.0,10,17.0,0.0,0.0,0.0,0.0,0.0,40
2023-05-10 21:18:44,m2311-C-4100,豆粕2311购4100,17.0,0.0,0.0,0.0,10,2.0,222.5,1,17.0,0.0,0.0,0.0,0.0,0.0,40
2023-05-10 21:18:45,m2311-C-4100,豆粕2311购4100,17.0,0.0,0.0,0.0,10,2.0,222.0,10,17.0,0.0,0.0,0.0,0.0,0.0,40
2023-05-10 21:18:57,m2311-C-4100,豆粕2311购4100,17.0,0.0,0.0,0.0,10,2.0,221.5,1,17.0,0.0,0.0,0.0,0.0,0.0,40
2023-05-10 21:18:57,m2311-C-4100,豆粕2311购4100,17.0,0.0,0.0,0.0,10,2.0,221.0,10,17.0,0.0,0.0,0.0,0.0,0.0,40
2023-05-10 21:19:11,m2311-C-4100,豆粕2311购4100,17.0,0.0,0.0,0.0,10,2.0,220.5,1,17.0,0.0,0.0,0.0,0.0,0.0,40
2023-05-10 21:19:12,m2311-C-4100,豆粕2311购4100,17.0,0.0,0.0,0.0,10,2.0,220.0,10,17.0,0.0,0.0,0.0,0.0,0.0,40
2023-05-10 21:19:22,m2311-C-4100,豆粕2311购4100,17.0,0.0,0.0,0.0,10,2.0,219.5,1,17.0,0.0,0.0,0.0,0.0,0.0,40
2023-05-10 21:19:22,m2311-C-4100,豆粕2311购4100,17.0,0.0,0.0,0.0,10,2.0,219.0,10,17.0,0.0,0.0,0.0,0.0,0.0,40
2023-05-10 21:20:09,m2311-C-4100,豆粕2311购4100,17.0,0.0,0.0,0.0,10,2.0,218.5,1,17.0,0.0,0.0,0.0,0.0,0.0,40
2023-05-10 21:20:09,m2311-C-4100,豆粕2311购4100,17.0,0.0,0.0,0.0,10,2.0,218.0,10,17.0,0.0,0.0,0.0,0.0,0.0,40
2023-05-10 21:20:16,m2311-C-4100,豆粕2311购4100,17.0,0.0,0.0,0.0,10,2.0,217.5,1,17.0,0.0,0.0,0.0,0.0,0.0,40
2023-05-10 21:20:16,m2311-C-4100,豆粕2311购4100,17.0,0.0,0.0,0.0,10,2.0,217.0,10,17.0,0.0,0.0,0.0,0.0,0.0,40
2023-05-10 21:20:28,m2311-C-4100,豆粕2311购4100,17.0,0.0,0.0,0.0,10,2.0,216.5,1,17.0,0.0,0.0,0.0,0.0,0.0,40
2023-05-10 21:20:29,m2311-C-4100,豆粕2311购4100,17.0,0.0,0.0,0.0,10,2.0,216.0,10,17.0,0.0,0.0,0.0,0.0,0.0,40
2023-05-10 21:20:37,m2311-C-4100,豆粕2311购4100,17.0,0.0,0.0,0.0,10,2.0,215.5,1,17.0,0.0,0.0,0.0,0.0,0.0,40
2023-05-10 21:20:38,m2311-C-4100,豆粕2311购4100,17.0,0.0,0.0,0.0,10,2.0,215.0,10,17.0,0.0,0.0,0.0,0.0,0.0,40
2023-05-10 21:20:45,m2311-C-4100,豆粕2311购4100,17.0,0.0,0.0,0.0,10,2.0,214.5,1,17.0,0.0,0.0,0.0,0.0,0.0,40
2023-05-10 21:20:46,m2311-C-4100,豆粕2311购4100,17.0,0.0,0.0,0.0,10,2.0,214.0,10,17.0,0.0,0.0,0.0,0.0,0.0,40
2023-05-10 21:20:56,m2311-C-4100,豆粕2311购4100,17.0,0.0,0.0,0.0,10,2.0,213.5,1,17.0,0.0,0.0,0.0,0.0,0.0,40
2023-05-10 21:20:56,m2311-C-4100,豆粕2311购4100,17.0,0.0,0.0,0.0,10,2.0,213.0,10,17.0,0.0,0.0,0.0,0.0,0.0,40
2023-05-10 21:20:59,m2311-C-4100,豆粕2311购4100,17.0,0.0,0.0,0.0,10,2.0,212.5,1,17.0,0.0,0.0,0.0,0.0,0.0,40
2023-05-10 21:21:00,m2311-C-4100,豆粕2311购4100,17.0,0.0,0.0,0.0,10,2.0,212.0,10,17.0,0.0,0.0,0.0,0.0,0.0,40
2023-05-10 21:21:08,m2311-C-4100,豆粕2311购4100,17.0,0.0,0.0,0.0,10,2.0,211.5,1,17.0,0.0,0.0,0.0,0.0,0.0,40
2023-05-10 21:21:08,m2311-C-4100,豆粕2311购4100,17.0,0.0,0.0,0.0,10,2.0,211.0,10,17.0,0.0,0.0,0.0,0.0,0.0,40
2023-05-10 21:21:13,m2311-C-4100,豆粕2311购4100,17.0,0.0,0.0,0.0,10,2.0,210.5,1,17.0,0.0,0.0,0.0,0.0,0.0,40
2023-05-10 21:21:13,m2311-C-4100,豆粕2311购4100,17.0,0.0,0.0,0.0,10,2.0,210.0,10,17.0,0.0,0.0,0.0,0.0,0.0,40
2023-05-10 21:21:16,m2311-C-4100,豆粕2311购4100,17.0,0.0,0.0,0.0,10,2.0,209.5,1,17.0,0.0,0.0,0.0,0.0,0.0,40
2023-05-10 21:21:17,m2311-C-4100,豆粕2311购4100,17.0,0.0,0.0,0.0,10,2.0,209.0,10,17.0,0.0,0.0,0.0,0.0,0.0,40
2023-05-10 21:21:21,m2311-C-4100,豆粕2311购4100,17.0,0.0,0.0,0.0,10,2.0,208.5,1,17.0,0.0,0.0,0.0,0.0,0.0,40
2023-05-10 21:21:21,m2311-C-4100,豆粕2311购4100,17.0,0.0,0.0,0.0,10,2.0,208.0,10,17.0,0.0,0.0,0.0,0.0,0.0,40
2023-05-10 21:21:26,m2311-C-4100,豆粕2311购4100,17.0,0.0,0.0,0.0,10,2.0,207.5,1,17.0,0.0,0.0,0.0,0.0,0.0,40
2023-05-10 21:21:26,m2311-C-4100,豆粕2311购4100,17.0,0.0,0.0,0.0,10,2.0,207.0,10,17.0,0.0,0.0,0.0,0.0,0.0,40
2023-05-10 21:21:33,m2311-C-4100,豆粕2311购4100,17.0,0.0,0.0,0.0,10,2.0,206.5,1,17.0,0.0,0.0,0.0,0.0,0.0,40
2023-05-10 21:21:33,m2311-C-4100,豆粕2311购4100,17.0,0.0,0.0,0.0,10,2.0,206.0,10,17.0,0.0,0.0,0.0,0.0,0.0,40
2023-05-10 21:21:46,m2311-C-4100,豆粕2311购4100,17.0,0.0,0.0,0.0,10,2.0,205.5,1,17.0,0.0,0.0,0.0,0.0,0.0,40
2023-05-10 21:21:46,m2311-C-4100,豆粕2311购4100,17.0,0.0,0.0,0.0,10,2.0,205.0,10,17.0,0.0,0.0,0.0,0.0,0.0,40
2023-05-10 21:21:50,m2311-C-4100,豆粕2311购4100,17.0,0.0,0.0,0.0,10,2.0,204.5,1,17.0,0.0,0.0,0.0,0.0,0.0,40
2023-05-10 21:21:51,m2311-C-4100,豆粕2311购4100,17.0,0.0,0.0,0.0,10,2.0,204.0,10,17.0,0.0,0.0,0.0,0.0,0.0,40
2023-05-10 21:21:59,m2311-C-4100,豆粕2311购4100,17.0,0.0,0.0,0.0,10,2.0,203.5,1,17.0,0.0,0.0,0.0,0.0,0.0,40
2023-05-10 21:21:59,m2311-C-4100,豆粕2311购4100,17.0,0.0,0.0,0.0,10,2.0,203.0,10,17.0,0.0,0.0,0.0,0.0,0.0,40
2023-05-10 21:22:04,m2311-C-4100,豆粕2311购4100,17.0,0.0,0.0,0.0,10,2.0,202.5,1,17.0,0.0,0.0,0.0,0.0,0.0,40
2023-05-10 21:22:04,m2311-C-4100,豆粕2311购4100,17.0,0.0,0.0,0.0,10,2.0,202.0,10,17.0,0.0,0.0,0.0,0.0,0.0,40
2023-05-10 21:22:10,m2311-C-4100,豆粕2311购4100,17.0,0.0,0.0,0.0,10,2.0,201.5,1,17.0,0.0,0.0,0.0,0.0,0.0,40
2023-05-10 21:22:10,m2311-C-4100,豆粕2311购4100,17.0,0.0,0.0,0.0,10,2.0,201.0,10,17.0,0.0,0.0,0.0,0.0,0.0,40
2023-05-10 21:22:15,m2311-C-4100,豆粕2311购4100,17.0,0.0,0.0,0.0,10,2.0,200.5,1,17.0,0.0,0.0,0.0,0.0,0.0,40
2023-05-10 21:22:15,m2311-C-4100,豆粕2311购4100,17.0,0.0,0.0,0.0,10,2.0,200.0,10,17.0,0.0,0.0,0.0,0.0,0.0,40
2023-05-10 21:22:22,m2311-C-4100,豆粕2311购4100,17.0,0.0,0.0,0.0,10,2.0,199.5,1,17.0,0.0,0.0,0.0,0.0,0.0,40
2023-05-10 21:22:22,m2311-C-4100,豆粕2311购4100,17.0,0.0,0.0,0.0,10,2.0,199.0,10,17.0,0.0,0.0,0.0,0.0,0.0,40
2023-05-10 21:22:25,m2311-C-4100,豆粕2311购4100,17.0,0.0,0.0,0.0,10,2.0,198.5,1,17.0,0.0,0.0,0.0,0.0,0.0,40
2023-05-10 21:22:25,m2311-C-4100,豆粕2311购4100,17.0,0.0,0.0,0.0,10,2.0,198.0,10,17.0,0.0,0.0,0.0,0.0,0.0,40
2023-05-10 21:22:29,m2311-C-4100,豆粕2311购4100,17.0,0.0,0.0,0.0,10,2.0,197.5,1,17.0,0.0,0.0,0.0,0.0,0.0,40
2023-05-10 21:22:29,m2311-C-4100,豆粕2311购4100,17.0,0.0,0.0,0.0,10,2.0,197.0,10,17.0,0.0,0.0,0.0,0.0,0.0,40
2023-05-10 21:22:33,m2311-C-4100,豆粕2311购4100,17.0,0.0,0.0,0.0,10,2.0,196.5,1,17.0,0.0,0.0,0.0,0.0,0.0,40
2023-05-10 21:22:33,m2311-C-4100,豆粕2311购4100,17.0,0.0,0.0,0.0,10,2.0,196.0,10,17.0,0.0,0.0,0.0,0.0,0.0,40
2023-05-10 21:22:37,m2311-C-4100,豆粕2311购4100,17.0,0.0,0.0,0.0,10,2.0,195.5,1,17.0,0.0,0.0,0.0,0.0,0.0,40
2023-05-10 21:22:37,m2311-C-4100,豆粕2311购4100,17.0,0.0,0.0,0.0,10,2.0,195.0,10,17.0,0.0,0.0,0.0,0.0,0.0,40
2023-05-10 21:22:41,m2311-C-4100,豆粕2311购4100,17.0,0.0,0.0,0.0,10,2.0,194.5,1,17.0,0.0,0.0,0.0,0.0,0.0,40
2023-05-10 21:22:41,m2311-C-4100,豆粕2311购4100,17.0,0.0,0.0,0.0,10,2.0,194.0,10,17.0,0.0,0.0,0.0,0.0,0.0,40
2023-05-10 21:22:46,m2311-C-4100,豆粕2311购4100,17.0,0.0,0.0,0.0,10,2.0,193.5,1,17.0,0.0,0.0,0.0,0.0,0.0,40
2023-05-10 21:22:46,m2311-C-4100,豆粕2311购4100,17.0,0.0,0.0,0.0,10,2.0,193.0,10,17.0,0.0,0.0,0.0,0.0,0.0,40
2023-05-10 21:22:50,m2311-C-4100,豆粕2311购4100,17.0,0.0,0.0,0.0,10,2.0,192.5,1,17.0,0.0,0.0,0.0,0.0,0.0,40
2023-05-10 21:22:50,m2311-C-4100,豆粕2311购4100,17.0,0.0,0.0,0.0,10,2.0,192.0,10,17.0,0.0,0.0,0.0,0.0,0.0,40
2023-05-10 21:22:57,m2311-C-4100,豆粕2311购4100,17.0,0.0,0.0,0.0,10,2.0,191.5,1,17.0,0.0,0.0,0.0,0.0,0.0,40
2023-05-10 21:22:57,m2311-C-4100,豆粕2311购4100,17.0,0.0,0.0,0.0,10,2.0,191.0,10,17.0,0.0,0.0,0.0,0.0,0.0,40
2023-05-10 21:23:00,m2311-C-4100,豆粕2311购4100,17.0,0.0,0.0,0.0,10,2.0,190.5,1,17.0,0.0,0.0,0.0,0.0,0.0,40
2023-05-10 21:23:01,m2311-C-4100,豆粕2311购4100,17.0,0.0,0.0,0.0,10,2.0,190.0,10,17.0,0.0,0.0,0.0,0.0,0.0,40
2023-05-10 21:23:05,m2311-C-4100,豆粕2311购4100,17.0,0.0,0.0,0.0,10,2.0,189.5,1,17.0,0.0,0.0,0.0,0.0,0.0,40
2023-05-10 21:23:05,m2311-C-4100,豆粕2311购4100,17.0,0.0,0.0,0.0,10,2.0,189.0,10,17.0,0.0,0.0,0.0,0.0,0.0,40
2023-05-10 21:23:09,m2311-C-4100,豆粕2311购4100,17.0,0.0,0.0,0.0,10,2.0,188.5,1,17.0,0.0,0.0,0.0,0.0,0.0,40
2023-05-10 21:23:09,m2311-C-4100,豆粕2311购4100,17.0,0.0,0.0,0.0,10,2.0,188.0,10,17.0,0.0,0.0,0.0,0.0,0.0,40
2023-05-10 21:23:14,m2311-C-4100,豆粕2311购4100,17.0,0.0,0.0,0.0,10,2.0,187.5,1,17.0,0.0,0.0,0.0,0.0,0.0,40
2023-05-10 21:23:14,m2311-C-4100,豆粕2311购4100,17.0,0.0,0.0,0.0,10,2.0,187.0,10,17.0,0.0,0.0,0.0,0.0,0.0,40
2023-05-10 21:23:17,m2311-C-4100,豆粕2311购4100,17.0,0.0,0.0,0.0,10,2.0,186.5,1,17.0,0.0,0.0,0.0,0.0,0.0,40
2023-05-10 21:23:17,m2311-C-4100,豆粕2311购4100,17.0,0.0,0.0,0.0,10,2.0,186.0,10,17.0,0.0,0.0,0.0,0.0,0.0,40
2023-05-10 21:23:20,m2311-C-4100,豆粕2311购4100,17.0,0.0,0.0,0.0,10,2.0,185.5,1,17.0,0.0,0.0,0.0,0.0,0.0,40
2023-05-10 21:23:20,m2311-C-4100,豆粕2311购4100,17.0,0.0,0.0,0.0,10,2.0,185.0,10,17.0,0.0,0.0,0.0,0.0,0.0,40
2023-05-10 21:23:27,m2311-C-4100,豆粕2311购4100,17.0,0.0,0.0,0.0,10,2.0,184.5,1,17.0,0.0,0.0,0.0,0.0,0.0,40
2023-05-10 21:23:27,m2311-C-4100,豆粕2311购4100,17.0,0.0,0.0,0.0,10,2.0,184.0,10,17.0,0.0,0.0,0.0,0.0,0.0,40
2023-05-10 21:23:30,m2311-C-4100,豆粕2311购4100,17.0,0.0,0.0,0.0,10,2.0,183.5,1,17.0,0.0,0.0,0.0,0.0,0.0,40
2023-05-10 21:23:30,m2311-C-4100,豆粕2311购4100,17.0,0.0,0.0,0.0,10,2.0,183.0,10,17.0,0.0,0.0,0.0,0.0,0.0,40
2023-05-10 21:23:33,m2311-C-4100,豆粕2311购4100,17.0,0.0,0.0,0.0,10,2.0,182.5,1,17.0,0.0,0.0,0.0,0.0,0.0,40
2023-05-10 21:23:33,m2311-C-4100,豆粕2311购4100,17.0,0.0,0.0,0.0,10,2.0,182.0,10,17.0,0.0,0.0,0.0,0.0,0.0,40
2023-05-10 21:23:35,m2311-C-4100,豆粕2311购4100,17.0,0.0,0.0,0.0,10,2.0,181.5,1,17.0,0.0,0.0,0.0,0.0,0.0,40
2023-05-10 21:23:35,m2311-C-4100,豆粕2311购4100,17.0,0.0,0.0,0.0,10,2.0,181.0,10,17.0,0.0,0.0,0.0,0.0,0.0,40
2023-05-10 21:23:38,m2311-C-4100,豆粕2311购4100,17.0,0.0,0.0,0.0,10,2.0,180.5,1,17.0,0.0,0.0,0.0,0.0,0.0,40
2023-05-10 21:23:39,m2311-C-4100,豆粕2311购4100,17.0,0.0,0.0,0.0,10,2.0,180.0,10,17.0,0.0,0.0,0.0,0.0,0.0,40
2023-05-10 21:23:44,m2311-C-4100,豆粕2311购4100,17.0,0.0,0.0,0.0,10,2.0,179.5,1,17.0,0.0,0.0,0.0,0.0,0.0,40
2023-05-10 21:23:45,m2311-C-4100,豆粕2311购4100,17.0,0.0,0.0,0.0,10,2.0,179.0,10,17.0,0.0,0.0,0.0,0.0,0.0,40
2023-05-10 21:23:47,m2311-C-4100,豆粕2311购4100,17.0,0.0,0.0,0.0,10,2.0,178.5,1,17.0,0.0,0.0,0.0,0.0,0.0,40
2023-05-10 21:23:48,m2311-C-4100,豆粕2311购4100,17.0,0.0,0.0,0.0,10,2.0,178.0,10,17.0,0.0,0.0,0.0,0.0,0.0,40
2023-05-10 21:23:51,m2311-C-4100,豆粕2311购4100,17.0,0.0,0.0,0.0,10,2.0,177.5,1,17.0,0.0,0.0,0.0,0.0,0.0,40
2023-05-10 21:23:52,m2311-C-4100,豆粕2311购4100,17.0,0.0,0.0,0.0,10,2.0,177.0,10,17.0,0.0,0.0,0.0,0.0,0.0,40
2023-05-10 22:57:33,m2311-C-4100,豆粕2311购4100,17.0,0.0,0.0,0.0,1,1.5,0.0,0,17.0,0.0,0.0,0.0,0.0,0.0,40
2023-05-10 22:59:16,m2311-C-4100,豆粕2311购4100,17.0,0.0,0.0,0.0,10,2.0,0.0,0,17.0,0.0,0.0,0.0,0.0,0.0,40
2023-05-10 22:59:56,m2311-C-4100,豆粕2311购4100,17.0,0.0,0.0,0.0,1,1.5,0.0,0,17.0,0.0,0.0,0.0,0.0,0.0,40
2023-05-11 09:00:04,m2311-C-4100,豆粕2311购4100,17.0,0.0,0.0,0.0,10,2.0,0.0,0,17.0,0.0,0.0,0.0,0.0,0.0,40
2023-05-11 09:16:44,m2311-C-4100,豆粕2311购4100,17.0,0.0,0.0,0.0,10,2.0,225.5,1,17.0,0.0,0.0,0.0,0.0,0.0,40
2023-05-11 09:16:44,m2311-C-4100,豆粕2311购4100,17.0,0.0,0.0,0.0,10,2.0,225.0,10,17.0,0.0,0.0,0.0,0.0,0.0,40
2023-05-11 09:16:57,m2311-C-4100,豆粕2311购4100,17.0,0.0,0.0,0.0,10,2.0,224.5,1,17.0,0.0,0.0,0.0,0.0,0.0,40
2023-05-11 09:16:58,m2311-C-4100,豆粕2311购4100,17.0,0.0,0.0,0.0,10,2.0,224.0,10,17.0,0.0,0.0,0.0,0.0,0.0,40
2023-05-11 09:17:18,m2311-C-4100,豆粕2311购4100,17.0,0.0,0.0,0.0,10,2.0,223.5,1,17.0,0.0,0.0,0.0,0.0,0.0,40
2023-05-11 09:17:19,m2311-C-4100,豆粕2311购4100,17.0,0.0,0.0,0.0,10,2.0,223.0,10,17.0,0.0,0.0,0.0,0.0,0.0,40
2023-05-11 09:17:54,m2311-C-4100,豆粕2311购4100,17.0,0.0,0.0,0.0,10,2.0,222.5,1,17.0,0.0,0.0,0.0,0.0,0.0,40
2023-05-11 09:17:55,m2311-C-4100,豆粕2311购4100,17.0,0.0,0.0,0.0,10,2.0,222.0,10,17.0,0.0,0.0,0.0,0.0,0.0,40
2023-05-11 09:18:01,m2311-C-4100,豆粕2311购4100,17.0,0.0,0.0,0.0,10,2.0,221.5,1,17.0,0.0,0.0,0.0,0.0,0.0,40
2023-05-11 09:18:01,m2311-C-4100,豆粕2311购4100,17.0,0.0,0.0,0.0,10,2.0,221.0,10,17.0,0.0,0.0,0.0,0.0,0.0,40
2023-05-11 09:18:05,m2311-C-4100,豆粕2311购4100,17.0,0.0,0.0,0.0,10,2.0,220.5,1,17.0,0.0,0.0,0.0,0.0,0.0,40
2023-05-11 09:18:06,m2311-C-4100,豆粕2311购4100,17.0,0.0,0.0,0.0,10,2.0,220.0,10,17.0,0.0,0.0,0.0,0.0,0.0,40
2023-05-11 09:18:14,m2311-C-4100,豆粕2311购4100,17.0,0.0,0.0,0.0,10,2.0,219.5,1,17.0,0.0,0.0,0.0,0.0,0.0,40
2023-05-11 09:18:15,m2311-C-4100,豆粕2311购4100,17.0,0.0,0.0,0.0,10,2.0,219.0,10,17.0,0.0,0.0,0.0,0.0,0.0,40
2023-05-11 09:18:25,m2311-C-4100,豆粕2311购4100,17.0,0.0,0.0,0.0,10,2.0,218.5,1,17.0,0.0,0.0,0.0,0.0,0.0,40
2023-05-11 09:18:25,m2311-C-4100,豆粕2311购4100,17.0,0.0,0.0,0.0,10,2.0,218.0,10,17.0,0.0,0.0,0.0,0.0,0.0,40
2023-05-11 09:18:29,m2311-C-4100,豆粕2311购4100,17.0,0.0,0.0,0.0,10,2.0,217.5,1,17.0,0.0,0.0,0.0,0.0,0.0,40
2023-05-11 09:18:30,m2311-C-4100,豆粕2311购4100,17.0,0.0,0.0,0.0,10,2.0,217.0,10,17.0,0.0,0.0,0.0,0.0,0.0,40
2023-05-11 09:18:40,m2311-C-4100,豆粕2311购4100,17.0,0.0,0.0,0.0,10,2.0,216.5,1,17.0,0.0,0.0,0.0,0.0,0.0,40
2023-05-11 09:18:41,m2311-C-4100,豆粕2311购4100,17.0,0.0,0.0,0.0,10,2.0,216.0,10,17.0,0.0,0.0,0.0,0.0,0.0,40
2023-05-11 09:19:01,m2311-C-4100,豆粕2311购4100,17.0,0.0,0.0,0.0,10,2.0,215.5,1,17.0,0.0,0.0,0.0,0.0,0.0,40
2023-05-11 09:19:01,m2311-C-4100,豆粕2311购4100,17.0,0.0,0.0,0.0,10,2.0,215.0,10,17.0,0.0,0.0,0.0,0.0,0.0,40
2023-05-11 09:19:15,m2311-C-4100,豆粕2311购4100,17.0,0.0,0.0,0.0,10,2.0,214.5,1,17.0,0.0,0.0,0.0,0.0,0.0,40
2023-05-11 09:19:16,m2311-C-4100,豆粕2311购4100,17.0,0.0,0.0,0.0,10,2.0,214.0,10,17.0,0.0,0.0,0.0,0.0,0.0,40
2023-05-11 09:19:35,m2311-C-4100,豆粕2311购4100,17.0,0.0,0.0,0.0,10,2.0,213.5,1,17.0,0.0,0.0,0.0,0.0,0.0,40
2023-05-11 09:19:36,m2311-C-4100,豆粕2311购4100,17.0,0.0,0.0,0.0,10,2.0,213.0,10,17.0,0.0,0.0,0.0,0.0,0.0,40
2023-05-11 09:19:57,m2311-C-4100,豆粕2311购4100,17.0,0.0,0.0,0.0,10,2.0,212.5,1,17.0,0.0,0.0,0.0,0.0,0.0,40
2023-05-11 09:19:57,m2311-C-4100,豆粕2311购4100,17.0,0.0,0.0,0.0,10,2.0,212.0,10,17.0,0.0,0.0,0.0,0.0,0.0,40
2023-05-11 09:20:00,m2311-C-4100,豆粕2311购4100,17.0,0.0,0.0,0.0,10,2.0,211.5,1,17.0,0.0,0.0,0.0,0.0,0.0,40
2023-05-11 09:20:00,m2311-C-4100,豆粕2311购4100,17.0,0.0,0.0,0.0,10,2.0,211.0,10,17.0,0.0,0.0,0.0,0.0,0.0,40
2023-05-11 09:20:03,m2311-C-4100,豆粕2311购4100,17.0,0.0,0.0,0.0,10,2.0,210.5,1,17.0,0.0,0.0,0.0,0.0,0.0,40
2023-05-11 09:20:04,m2311-C-4100,豆粕2311购4100,17.0,0.0,0.0,0.0,10,2.0,210.0,10,17.0,0.0,0.0,0.0,0.0,0.0,40
2023-05-11 09:20:06,m2311-C-4100,豆粕2311购4100,17.0,0.0,0.0,0.0,10,2.0,209.5,1,17.0,0.0,0.0,0.0,0.0,0.0,40
2023-05-11 09:20:07,m2311-C-4100,豆粕2311购4100,17.0,0.0,0.0,0.0,10,2.0,209.0,10,17.0,0.0,0.0,0.0,0.0,0.0,40
2023-05-11 09:20:09,m2311-C-4100,豆粕2311购4100,17.0,0.0,0.0,0.0,10,2.0,208.5,1,17.0,0.0,0.0,0.0,0.0,0.0,40
2023-05-11 09:20:10,m2311-C-4100,豆粕2311购4100,17.0,0.0,0.0,0.0,10,2.0,208.0,10,17.0,0.0,0.0,0.0,0.0,0.0,40
2023-05-11 09:20:13,m2311-C-4100,豆粕2311购4100,17.0,0.0,0.0,0.0,10,2.0,207.5,1,17.0,0.0,0.0,0.0,0.0,0.0,40
2023-05-11 09:20:14,m2311-C-4100,豆粕2311购4100,17.0,0.0,0.0,0.0,10,2.0,207.0,10,17.0,0.0,0.0,0.0,0.0,0.0,40
2023-05-11 09:20:17,m2311-C-4100,豆粕2311购4100,17.0,0.0,0.0,0.0,10,2.0,206.5,1,17.0,0.0,0.0,0.0,0.0,0.0,40
2023-05-11 09:20:17,m2311-C-4100,豆粕2311购4100,17.0,0.0,0.0,0.0,10,2.0,206.0,10,17.0,0.0,0.0,0.0,0.0,0.0,40
2023-05-11 09:20:19,m2311-C-4100,豆粕2311购4100,17.0,0.0,0.0,0.0,10,2.0,205.5,1,17.0,0.0,0.0,0.0,0.0,0.0,40
2023-05-11 09:20:20,m2311-C-4100,豆粕2311购4100,17.0,0.0,0.0,0.0,10,2.0,205.0,10,17.0,0.0,0.0,0.0,0.0,0.0,40
2023-05-11 09:20:23,m2311-C-4100,豆粕2311购4100,17.0,0.0,0.0,0.0,10,2.0,204.5,1,17.0,0.0,0.0,0.0,0.0,0.0,40
2023-05-11 09:20:23,m2311-C-4100,豆粕2311购4100,17.0,0.0,0.0,0.0,10,2.0,204.0,10,17.0,0.0,0.0,0.0,0.0,0.0,40
2023-05-11 09:20:26,m2311-C-4100,豆粕2311购4100,17.0,0.0,0.0,0.0,10,2.0,203.5,1,17.0,0.0,0.0,0.0,0.0,0.0,40
2023-05-11 09:20:26,m2311-C-4100,豆粕2311购4100,17.0,0.0,0.0,0.0,10,2.0,203.0,10,17.0,0.0,0.0,0.0,0.0,0.0,40
2023-05-11 09:20:37,m2311-C-4100,豆粕2311购4100,17.0,0.0,0.0,0.0,10,2.0,202.5,1,17.0,0.0,0.0,0.0,0.0,0.0,40
2023-05-11 09:20:37,m2311-C-4100,豆粕2311购4100,17.0,0.0,0.0,0.0,10,2.0,202.0,10,17.0,0.0,0.0,0.0,0.0,0.0,40
2023-05-11 09:20:41,m2311-C-4100,豆粕2311购4100,17.0,0.0,0.0,0.0,10,2.0,201.5,1,17.0,0.0,0.0,0.0,0.0,0.0,40
2023-05-11 09:20:41,m2311-C-4100,豆粕2311购4100,17.0,0.0,0.0,0.0,10,2.0,201.0,10,17.0,0.0,0.0,0.0,0.0,0.0,40
2023-05-11 09:20:44,m2311-C-4100,豆粕2311购4100,17.0,0.0,0.0,0.0,10,2.0,200.5,1,17.0,0.0,0.0,0.0,0.0,0.0,40
2023-05-11 09:20:44,m2311-C-4100,豆粕2311购4100,17.0,0.0,0.0,0.0,10,2.0,200.0,10,17.0,0.0,0.0,0.0,0.0,0.0,40
2023-05-11 09:20:47,m2311-C-4100,豆粕2311购4100,17.0,0.0,0.0,0.0,10,2.0,199.5,1,17.0,0.0,0.0,0.0,0.0,0.0,40
2023-05-11 09:20:47,m2311-C-4100,豆粕2311购4100,17.0,0.0,0.0,0.0,10,2.0,199.0,10,17.0,0.0,0.0,0.0,0.0,0.0,40
2023-05-11 09:20:53,m2311-C-4100,豆粕2311购4100,17.0,0.0,0.0,0.0,10,2.0,198.5,1,17.0,0.0,0.0,0.0,0.0,0.0,40
2023-05-11 09:20:54,m2311-C-4100,豆粕2311购4100,17.0,0.0,0.0,0.0,10,2.0,198.0,10,17.0,0.0,0.0,0.0,0.0,0.0,40
2023-05-11 09:21:00,m2311-C-4100,豆粕2311购4100,17.0,0.0,0.0,0.0,10,2.0,197.5,1,17.0,0.0,0.0,0.0,0.0,0.0,40
2023-05-11 09:21:01,m2311-C-4100,豆粕2311购4100,17.0,0.0,0.0,0.0,10,2.0,197.0,10,17.0,0.0,0.0,0.0,0.0,0.0,40
2023-05-11 09:21:04,m2311-C-4100,豆粕2311购4100,17.0,0.0,0.0,0.0,10,2.0,196.5,1,17.0,0.0,0.0,0.0,0.0,0.0,40
2023-05-11 09:21:04,m2311-C-4100,豆粕2311购4100,17.0,0.0,0.0,0.0,10,2.0,196.0,10,17.0,0.0,0.0,0.0,0.0,0.0,40
2023-05-11 09:21:57,m2311-C-4100,豆粕2311购4100,17.0,0.0,0.0,0.0,10,2.0,195.5,1,17.0,0.0,0.0,0.0,0.0,0.0,40
2023-05-11 09:21:58,m2311-C-4100,豆粕2311购4100,17.0,0.0,0.0,0.0,10,2.0,195.0,10,17.0,0.0,0.0,0.0,0.0,0.0,40
2023-05-11 09:22:03,m2311-C-4100,豆粕2311购4100,17.0,0.0,0.0,0.0,10,2.0,194.5,1,17.0,0.0,0.0,0.0,0.0,0.0,40
2023-05-11 09:22:04,m2311-C-4100,豆粕2311购4100,17.0,0.0,0.0,0.0,10,2.0,194.0,10,17.0,0.0,0.0,0.0,0.0,0.0,40
2023-05-11 09:22:16,m2311-C-4100,豆粕2311购4100,17.0,0.0,0.0,0.0,10,2.0,193.5,1,17.0,0.0,0.0,0.0,0.0,0.0,40
2023-05-11 09:22:16,m2311-C-4100,豆粕2311购4100,17.0,0.0,0.0,0.0,10,2.0,193.0,10,17.0,0.0,0.0,0.0,0.0,0.0,40
2023-05-11 09:22:24,m2311-C-4100,豆粕2311购4100,17.0,0.0,0.0,0.0,10,2.0,192.5,1,17.0,0.0,0.0,0.0,0.0,0.0,40
2023-05-11 09:22:24,m2311-C-4100,豆粕2311购4100,17.0,0.0,0.0,0.0,10,2.0,192.0,10,17.0,0.0,0.0,0.0,0.0,0.0,40
2023-05-11 09:22:38,m2311-C-4100,豆粕2311购4100,17.0,0.0,0.0,0.0,10,2.0,191.5,1,17.0,0.0,0.0,0.0,0.0,0.0,40
2023-05-11 09:22:38,m2311-C-4100,豆粕2311购4100,17.0,0.0,0.0,0.0,10,2.0,191.0,10,17.0,0.0,0.0,0.0,0.0,0.0,40
2023-05-11 09:22:42,m2311-C-4100,豆粕2311购4100,17.0,0.0,0.0,0.0,10,2.0,190.5,1,17.0,0.0,0.0,0.0,0.0,0.0,40
2023-05-11 09:22:42,m2311-C-4100,豆粕2311购4100,17.0,0.0,0.0,0.0,10,2.0,190.0,10,17.0,0.0,0.0,0.0,0.0,0.0,40
2023-05-11 09:22:50,m2311-C-4100,豆粕2311购4100,17.0,0.0,0.0,0.0,10,2.0,189.5,1,17.0,0.0,0.0,0.0,0.0,0.0,40
2023-05-11 09:22:50,m2311-C-4100,豆粕2311购4100,17.0,0.0,0.0,0.0,10,2.0,189.0,10,17.0,0.0,0.0,0.0,0.0,0.0,40
2023-05-11 09:22:54,m2311-C-4100,豆粕2311购4100,17.0,0.0,0.0,0.0,10,2.0,188.5,1,17.0,0.0,0.0,0.0,0.0,0.0,40
2023-05-11 09:22:54,m2311-C-4100,豆粕2311购4100,17.0,0.0,0.0,0.0,10,2.0,188.0,10,17.0,0.0,0.0,0.0,0.0,0.0,40
2023-05-11 09:22:59,m2311-C-4100,豆粕2311购4100,17.0,0.0,0.0,0.0,10,2.0,187.5,1,17.0,0.0,0.0,0.0,0.0,0.0,40
2023-05-11 09:22:59,m2311-C-4100,豆粕2311购4100,17.0,0.0,0.0,0.0,10,2.0,187.0,10,17.0,0.0,0.0,0.0,0.0,0.0,40
2023-05-11 09:23:05,m2311-C-4100,豆粕2311购4100,17.0,0.0,0.0,0.0,10,2.0,186.5,1,17.0,0.0,0.0,0.0,0.0,0.0,40
2023-05-11 09:23:05,m2311-C-4100,豆粕2311购4100,17.0,0.0,0.0,0.0,10,2.0,186.0,10,17.0,0.0,0.0,0.0,0.0,0.0,40
2023-05-11 09:23:10,m2311-C-4100,豆粕2311购4100,17.0,0.0,0.0,0.0,10,2.0,185.5,1,17.0,0.0,0.0,0.0,0.0,0.0,40
2023-05-11 09:23:10,m2311-C-4100,豆粕2311购4100,17.0,0.0,0.0,0.0,10,2.0,185.0,10,17.0,0.0,0.0,0.0,0.0,0.0,40
2023-05-11 09:23:15,m2311-C-4100,豆粕2311购4100,17.0,0.0,0.0,0.0,10,2.0,184.5,1,17.0,0.0,0.0,0.0,0.0,0.0,40
2023-05-11 09:23:15,m2311-C-4100,豆粕2311购4100,17.0,0.0,0.0,0.0,10,2.0,184.0,10,17.0,0.0,0.0,0.0,0.0,0.0,40
2023-05-11 09:23:23,m2311-C-4100,豆粕2311购4100,17.0,0.0,0.0,0.0,10,2.0,183.5,1,17.0,0.0,0.0,0.0,0.0,0.0,40
2023-05-11 09:23:23,m2311-C-4100,豆粕2311购4100,17.0,0.0,0.0,0.0,10,2.0,183.0,10,17.0,0.0,0.0,0.0,0.0,0.0,40
2023-05-11 09:23:38,m2311-C-4100,豆粕2311购4100,17.0,0.0,0.0,0.0,10,2.0,182.5,1,17.0,0.0,0.0,0.0,0.0,0.0,40
2023-05-11 09:23:38,m2311-C-4100,豆粕2311购4100,17.0,0.0,0.0,0.0,10,2.0,182.0,10,17.0,0.0,0.0,0.0,0.0,0.0,40
2023-05-11 09:23:57,m2311-C-4100,豆粕2311购4100,17.0,0.0,0.0,0.0,10,2.0,181.5,1,17.0,0.0,0.0,0.0,0.0,0.0,40
2023-05-11 09:23:57,m2311-C-4100,豆粕2311购4100,17.0,0.0,0.0,0.0,10,2.0,181.0,10,17.0,0.0,0.0,0.0,0.0,0.0,40
2023-05-11 09:24:04,m2311-C-4100,豆粕2311购4100,17.0,0.0,0.0,0.0,10,2.0,180.5,1,17.0,0.0,0.0,0.0,0.0,0.0,40
2023-05-11 09:24:04,m2311-C-4100,豆粕2311购4100,17.0,0.0,0.0,0.0,10,2.0,180.0,10,17.0,0.0,0.0,0.0,0.0,0.0,40
2023-05-11 09:24:09,m2311-C-4100,豆粕2311购4100,17.0,0.0,0.0,0.0,10,2.0,179.5,1,17.0,0.0,0.0,0.0,0.0,0.0,40
2023-05-11 09:24:09,m2311-C-4100,豆粕2311购4100,17.0,0.0,0.0,0.0,10,2.0,179.0,10,17.0,0.0,0.0,0.0,0.0,0.0,40
2023-05-11 09:24:29,m2311-C-4100,豆粕2311购4100,17.0,0.0,0.0,0.0,10,2.0,178.5,1,17.0,0.0,0.0,0.0,0.0,0.0,40
2023-05-11 09:24:29,m2311-C-4100,豆粕2311购4100,17.0,0.0,0.0,0.0,10,2.0,178.0,10,17.0,0.0,0.0,0.0,0.0,0.0,40
2023-05-11 09:24:34,m2311-C-4100,豆粕2311购4100,17.0,0.0,0.0,0.0,10,2.0,177.5,1,17.0,0.0,0.0,0.0,0.0,0.0,40
2023-05-11 09:24:34,m2311-C-4100,豆粕2311购4100,17.0,0.0,0.0,0.0,10,2.0,177.0,10,17.0,0.0,0.0,0.0,0.0,0.0,40
2023-05-11 09:27:44,m2311-C-4100,豆粕2311购4100,17.0,0.0,0.0,0.0,2,2.5,177.0,10,17.0,0.0,0.0,0.0,0.0,0.0,40
2023-05-11 09:27:45,m2311-C-4100,豆粕2311购4100,17.0,0.0,0.0,0.0,10,3.0,177.0,10,17.0,0.0,0.0,0.0,0.0,0.0,40
2023-05-11 09:33:26,m2311-C-4100,豆粕2311购4100,17.0,0.0,0.0,0.0,2,3.5,177.0,10,17.0,0.0,0.0,0.0,0.0,0.0,40
2023-05-11 09:33:27,m2311-C-4100,豆粕2311购4100,17.0,0.0,0.0,0.0,10,4.0,177.0,10,17.0,0.0,0.0,0.0,0.0,0.0,40
2023-05-11 09:46:57,m2311-C-4100,豆粕2311购4100,17.0,0.0,0.0,0.0,10,2.0,177.0,10,17.0,0.0,0.0,0.0,0.0,0.0,40
2023-05-11 10:14:32,m2311-C-4100,豆粕2311购4100,17.0,0.0,0.0,0.0,1,1.5,0.0,0,17.0,0.0,0.0,0.0,0.0,0.0,40
2023-05-11 10:30:07,m2311-C-4100,豆粕2311购4100,17.0,0.0,0.0,0.0,10,2.0,0.0,0,17.0,0.0,0.0,0.0,0.0,0.0,40
2023-05-11 10:34:41,m2311-C-4100,豆粕2311购4100,17.0,0.0,0.0,0.0,10,2.0,225.0,10,17.0,0.0,0.0,0.0,0.0,0.0,40
2023-05-11 10:35:16,m2311-C-4100,豆粕2311购4100,17.0,0.0,0.0,0.0,10,2.0,224.5,1,17.0,0.0,0.0,0.0,0.0,0.0,40
2023-05-11 10:35:16,m2311-C-4100,豆粕2311购4100,17.0,0.0,0.0,0.0,10,2.0,224.0,10,17.0,0.0,0.0,0.0,0.0,0.0,40
2023-05-11 10:35:54,m2311-C-4100,豆粕2311购4100,17.0,0.0,0.0,0.0,10,2.0,223.5,1,17.0,0.0,0.0,0.0,0.0,0.0,40
2023-05-11 10:35:54,m2311-C-4100,豆粕2311购4100,17.0,0.0,0.0,0.0,10,2.0,223.0,10,17.0,0.0,0.0,0.0,0.0,0.0,40
2023-05-11 10:36:08,m2311-C-4100,豆粕2311购4100,17.0,0.0,0.0,0.0,10,2.0,222.5,1,17.0,0.0,0.0,0.0,0.0,0.0,40
2023-05-11 10:36:08,m2311-C-4100,豆粕2311购4100,17.0,0.0,0.0,0.0,10,2.0,222.0,10,17.0,0.0,0.0,0.0,0.0,0.0,40
2023-05-11 10:36:38,m2311-C-4100,豆粕2311购4100,17.0,0.0,0.0,0.0,10,2.0,221.5,1,17.0,0.0,0.0,0.0,0.0,0.0,40
2023-05-11 10:36:38,m2311-C-4100,豆粕2311购4100,17.0,0.0,0.0,0.0,10,2.0,221.0,10,17.0,0.0,0.0,0.0,0.0,0.0,40
2023-05-11 10:37:04,m2311-C-4100,豆粕2311购4100,17.0,0.0,0.0,0.0,10,2.0,220.5,1,17.0,0.0,0.0,0.0,0.0,0.0,40
2023-05-11 10:37:04,m2311-C-4100,豆粕2311购4100,17.0,0.0,0.0,0.0,10,2.0,220.0,10,17.0,0.0,0.0,0.0,0.0,0.0,40
2023-05-11 10:38:06,m2311-C-4100,豆粕2311购4100,17.0,0.0,0.0,0.0,10,2.0,219.5,1,17.0,0.0,0.0,0.0,0.0,0.0,40
2023-05-11 10:38:06,m2311-C-4100,豆粕2311购4100,17.0,0.0,0.0,0.0,10,2.0,219.0,10,17.0,0.0,0.0,0.0,0.0,0.0,40
2023-05-11 10:38:48,m2311-C-4100,豆粕2311购4100,17.0,0.0,0.0,0.0,10,2.0,218.5,1,17.0,0.0,0.0,0.0,0.0,0.0,40
2023-05-11 10:38:48,m2311-C-4100,豆粕2311购4100,17.0,0.0,0.0,0.0,10,2.0,218.0,10,17.0,0.0,0.0,0.0,0.0,0.0,40
2023-05-11 10:39:12,m2311-C-4100,豆粕2311购4100,17.0,0.0,0.0,0.0,10,2.0,217.5,1,17.0,0.0,0.0,0.0,0.0,0.0,40
2023-05-11 10:39:13,m2311-C-4100,豆粕2311购4100,17.0,0.0,0.0,0.0,10,2.0,217.0,10,17.0,0.0,0.0,0.0,0.0,0.0,40
2023-05-11 10:40:11,m2311-C-4100,豆粕2311购4100,17.0,0.0,0.0,0.0,10,2.0,216.5,1,17.0,0.0,0.0,0.0,0.0,0.0,40
2023-05-11 10:40:11,m2311-C-4100,豆粕2311购4100,17.0,0.0,0.0,0.0,10,2.0,216.0,10,17.0,0.0,0.0,0.0,0.0,0.0,40
2023-05-11 10:40:41,m2311-C-4100,豆粕2311购4100,17.0,0.0,0.0,0.0,10,2.0,215.5,1,17.0,0.0,0.0,0.0,0.0,0.0,40
2023-05-11 10:40:42,m2311-C-4100,豆粕2311购4100,17.0,0.0,0.0,0.0,10,2.0,215.0,10,17.0,0.0,0.0,0.0,0.0,0.0,40
2023-05-11 10:41:03,m2311-C-4100,豆粕2311购4100,17.0,0.0,0.0,0.0,10,2.0,214.5,1,17.0,0.0,0.0,0.0,0.0,0.0,40
2023-05-11 10:41:03,m2311-C-4100,豆粕2311购4100,17.0,0.0,0.0,0.0,10,2.0,214.0,10,17.0,0.0,0.0,0.0,0.0,0.0,40
2023-05-11 10:41:40,m2311-C-4100,豆粕2311购4100,17.0,0.0,0.0,0.0,10,2.0,213.5,1,17.0,0.0,0.0,0.0,0.0,0.0,40
2023-05-11 10:41:41,m2311-C-4100,豆粕2311购4100,17.0,0.0,0.0,0.0,10,2.0,213.0,10,17.0,0.0,0.0,0.0,0.0,0.0,40
2023-05-11 10:42:30,m2311-C-4100,豆粕2311购4100,17.0,0.0,0.0,0.0,10,2.0,212.5,1,17.0,0.0,0.0,0.0,0.0,0.0,40
2023-05-11 10:42:30,m2311-C-4100,豆粕2311购4100,17.0,0.0,0.0,0.0,10,2.0,212.0,10,17.0,0.0,0.0,0.0,0.0,0.0,40
2023-05-11 10:43:02,m2311-C-4100,豆粕2311购4100,17.0,0.0,0.0,0.0,10,2.0,211.5,1,17.0,0.0,0.0,0.0,0.0,0.0,40
2023-05-11 10:43:02,m2311-C-4100,豆粕2311购4100,17.0,0.0,0.0,0.0,10,2.0,211.0,10,17.0,0.0,0.0,0.0,0.0,0.0,40
2023-05-11 10:43:28,m2311-C-4100,豆粕2311购4100,17.0,0.0,0.0,0.0,10,2.0,210.5,1,17.0,0.0,0.0,0.0,0.0,0.0,40
2023-05-11 10:43:29,m2311-C-4100,豆粕2311购4100,17.0,0.0,0.0,0.0,10,2.0,210.0,10,17.0,0.0,0.0,0.0,0.0,0.0,40
2023-05-11 10:43:55,m2311-C-4100,豆粕2311购4100,17.0,0.0,0.0,0.0,10,2.0,209.5,1,17.0,0.0,0.0,0.0,0.0,0.0,40
2023-05-11 10:43:55,m2311-C-4100,豆粕2311购4100,17.0,0.0,0.0,0.0,10,2.0,209.0,10,17.0,0.0,0.0,0.0,0.0,0.0,40
2023-05-11 10:44:23,m2311-C-4100,豆粕2311购4100,17.0,0.0,0.0,0.0,10,2.0,208.5,1,17.0,0.0,0.0,0.0,0.0,0.0,40
2023-05-11 10:44:24,m2311-C-4100,豆粕2311购4100,17.0,0.0,0.0,0.0,10,2.0,208.0,10,17.0,0.0,0.0,0.0,0.0,0.0,40
2023-05-11 10:44:53,m2311-C-4100,豆粕2311购4100,17.0,0.0,0.0,0.0,10,2.0,207.5,1,17.0,0.0,0.0,0.0,0.0,0.0,40
2023-05-11 10:44:53,m2311-C-4100,豆粕2311购4100,17.0,0.0,0.0,0.0,10,2.0,207.0,10,17.0,0.0,0.0,0.0,0.0,0.0,40
2023-05-11 10:45:44,m2311-C-4100,豆粕2311购4100,17.0,0.0,0.0,0.0,10,2.0,206.5,1,17.0,0.0,0.0,0.0,0.0,0.0,40
2023-05-11 10:45:44,m2311-C-4100,豆粕2311购4100,17.0,0.0,0.0,0.0,10,2.0,206.0,10,17.0,0.0,0.0,0.0,0.0,0.0,40
2023-05-11 10:46:27,m2311-C-4100,豆粕2311购4100,17.0,0.0,0.0,0.0,10,2.0,205.5,1,17.0,0.0,0.0,0.0,0.0,0.0,40
2023-05-11 10:46:27,m2311-C-4100,豆粕2311购4100,17.0,0.0,0.0,0.0,10,2.0,205.0,10,17.0,0.0,0.0,0.0,0.0,0.0,40
2023-05-11 10:46:44,m2311-C-4100,豆粕2311购4100,17.0,0.0,0.0,0.0,10,2.0,204.5,1,17.0,0.0,0.0,0.0,0.0,0.0,40
2023-05-11 10:46:45,m2311-C-4100,豆粕2311购4100,17.0,0.0,0.0,0.0,10,2.0,204.0,10,17.0,0.0,0.0,0.0,0.0,0.0,40
2023-05-11 10:46:54,m2311-C-4100,豆粕2311购4100,17.0,0.0,0.0,0.0,10,2.0,203.5,1,17.0,0.0,0.0,0.0,0.0,0.0,40
2023-05-11 10:46:55,m2311-C-4100,豆粕2311购4100,17.0,0.0,0.0,0.0,10,2.0,203.0,10,17.0,0.0,0.0,0.0,0.0,0.0,40
2023-05-11 10:47:48,m2311-C-4100,豆粕2311购4100,17.0,0.0,0.0,0.0,10,2.0,202.5,1,17.0,0.0,0.0,0.0,0.0,0.0,40
2023-05-11 10:47:49,m2311-C-4100,豆粕2311购4100,17.0,0.0,0.0,0.0,10,2.0,202.0,10,17.0,0.0,0.0,0.0,0.0,0.0,40
2023-05-11 10:48:14,m2311-C-4100,豆粕2311购4100,17.0,0.0,0.0,0.0,10,2.0,201.5,1,17.0,0.0,0.0,0.0,0.0,0.0,40
2023-05-11 10:48:15,m2311-C-4100,豆粕2311购4100,17.0,0.0,0.0,0.0,10,2.0,201.0,10,17.0,0.0,0.0,0.0,0.0,0.0,40
2023-05-11 10:48:34,m2311-C-4100,豆粕2311购4100,17.0,0.0,0.0,0.0,10,2.0,200.5,1,17.0,0.0,0.0,0.0,0.0,0.0,40
2023-05-11 10:48:35,m2311-C-4100,豆粕2311购4100,17.0,0.0,0.0,0.0,10,2.0,200.0,10,17.0,0.0,0.0,0.0,0.0,0.0,40
2023-05-11 10:49:01,m2311-C-4100,豆粕2311购4100,17.0,0.0,0.0,0.0,10,2.0,199.5,1,17.0,0.0,0.0,0.0,0.0,0.0,40
2023-05-11 10:49:01,m2311-C-4100,豆粕2311购4100,17.0,0.0,0.0,0.0,10,2.0,199.0,10,17.0,0.0,0.0,0.0,0.0,0.0,40
2023-05-11 10:49:11,m2311-C-4100,豆粕2311购4100,17.0,0.0,0.0,0.0,10,2.0,198.5,1,17.0,0.0,0.0,0.0,0.0,0.0,40
2023-05-11 10:49:11,m2311-C-4100,豆粕2311购4100,17.0,0.0,0.0,0.0,10,2.0,198.0,10,17.0,0.0,0.0,0.0,0.0,0.0,40
2023-05-11 10:49:48,m2311-C-4100,豆粕2311购4100,17.0,0.0,0.0,0.0,10,2.0,197.5,1,17.0,0.0,0.0,0.0,0.0,0.0,40
2023-05-11 10:49:48,m2311-C-4100,豆粕2311购4100,17.0,0.0,0.0,0.0,10,2.0,197.0,10,17.0,0.0,0.0,0.0,0.0,0.0,40
2023-05-11 10:49:58,m2311-C-4100,豆粕2311购4100,17.0,0.0,0.0,0.0,10,2.0,196.5,1,17.0,0.0,0.0,0.0,0.0,0.0,40
2023-05-11 10:49:58,m2311-C-4100,豆粕2311购4100,17.0,0.0,0.0,0.0,10,2.0,196.0,10,17.0,0.0,0.0,0.0,0.0,0.0,40
2023-05-11 10:50:15,m2311-C-4100,豆粕2311购4100,17.0,0.0,0.0,0.0,10,2.0,195.5,1,17.0,0.0,0.0,0.0,0.0,0.0,40
2023-05-11 10:50:15,m2311-C-4100,豆粕2311购4100,17.0,0.0,0.0,0.0,10,2.0,195.0,10,17.0,0.0,0.0,0.0,0.0,0.0,40
2023-05-11 10:50:22,m2311-C-4100,豆粕2311购4100,17.0,0.0,0.0,0.0,10,2.0,194.5,1,17.0,0.0,0.0,0.0,0.0,0.0,40
2023-05-11 10:50:23,m2311-C-4100,豆粕2311购4100,17.0,0.0,0.0,0.0,10,2.0,194.0,10,17.0,0.0,0.0,0.0,0.0,0.0,40
2023-05-11 10:50:27,m2311-C-4100,豆粕2311购4100,17.0,0.0,0.0,0.0,10,2.0,193.5,1,17.0,0.0,0.0,0.0,0.0,0.0,40
2023-05-11 10:50:28,m2311-C-4100,豆粕2311购4100,17.0,0.0,0.0,0.0,10,2.0,193.0,10,17.0,0.0,0.0,0.0,0.0,0.0,40
2023-05-11 10:50:42,m2311-C-4100,豆粕2311购4100,17.0,0.0,0.0,0.0,10,2.0,192.5,1,17.0,0.0,0.0,0.0,0.0,0.0,40
2023-05-11 10:50:42,m2311-C-4100,豆粕2311购4100,17.0,0.0,0.0,0.0,10,2.0,192.0,10,17.0,0.0,0.0,0.0,0.0,0.0,40
2023-05-11 10:50:46,m2311-C-4100,豆粕2311购4100,17.0,0.0,0.0,0.0,10,2.0,191.5,1,17.0,0.0,0.0,0.0,0.0,0.0,40
2023-05-11 10:50:47,m2311-C-4100,豆粕2311购4100,17.0,0.0,0.0,0.0,10,2.0,191.0,10,17.0,0.0,0.0,0.0,0.0,0.0,40
2023-05-11 10:50:51,m2311-C-4100,豆粕2311购4100,17.0,0.0,0.0,0.0,10,2.0,190.5,1,17.0,0.0,0.0,0.0,0.0,0.0,40
2023-05-11 10:50:51,m2311-C-4100,豆粕2311购4100,17.0,0.0,0.0,0.0,10,2.0,190.0,10,17.0,0.0,0.0,0.0,0.0,0.0,40
2023-05-11 10:50:56,m2311-C-4100,豆粕2311购4100,17.0,0.0,0.0,0.0,10,2.0,189.5,1,17.0,0.0,0.0,0.0,0.0,0.0,40
2023-05-11 10:50:57,m2311-C-4100,豆粕2311购4100,17.0,0.0,0.0,0.0,10,2.0,189.0,10,17.0,0.0,0.0,0.0,0.0,0.0,40
2023-05-11 10:51:03,m2311-C-4100,豆粕2311购4100,17.0,0.0,0.0,0.0,10,2.0,188.5,1,17.0,0.0,0.0,0.0,0.0,0.0,40
2023-05-11 10:51:04,m2311-C-4100,豆粕2311购4100,17.0,0.0,0.0,0.0,10,2.0,188.0,10,17.0,0.0,0.0,0.0,0.0,0.0,40
2023-05-11 10:51:07,m2311-C-4100,豆粕2311购4100,17.0,0.0,0.0,0.0,10,2.0,187.5,1,17.0,0.0,0.0,0.0,0.0,0.0,40
2023-05-11 10:51:07,m2311-C-4100,豆粕2311购4100,17.0,0.0,0.0,0.0,10,2.0,187.0,10,17.0,0.0,0.0,0.0,0.0,0.0,40
2023-05-11 10:51:11,m2311-C-4100,豆粕2311购4100,17.0,0.0,0.0,0.0,10,2.0,186.5,1,17.0,0.0,0.0,0.0,0.0,0.0,40
2023-05-11 10:51:11,m2311-C-4100,豆粕2311购4100,17.0,0.0,0.0,0.0,10,2.0,186.0,10,17.0,0.0,0.0,0.0,0.0,0.0,40
2023-05-11 10:51:15,m2311-C-4100,豆粕2311购4100,17.0,0.0,0.0,0.0,10,2.0,185.5,1,17.0,0.0,0.0,0.0,0.0,0.0,40
2023-05-11 10:51:15,m2311-C-4100,豆粕2311购4100,17.0,0.0,0.0,0.0,10,2.0,185.0,10,17.0,0.0,0.0,0.0,0.0,0.0,40
2023-05-11 10:51:18,m2311-C-4100,豆粕2311购4100,17.0,0.0,0.0,0.0,10,2.0,184.5,1,17.0,0.0,0.0,0.0,0.0,0.0,40
2023-05-11 10:51:19,m2311-C-4100,豆粕2311购4100,17.0,0.0,0.0,0.0,10,2.0,184.0,10,17.0,0.0,0.0,0.0,0.0,0.0,40
2023-05-11 10:51:23,m2311-C-4100,豆粕2311购4100,17.0,0.0,0.0,0.0,10,2.0,183.5,1,17.0,0.0,0.0,0.0,0.0,0.0,40
2023-05-11 10:51:24,m2311-C-4100,豆粕2311购4100,17.0,0.0,0.0,0.0,10,2.0,183.0,10,17.0,0.0,0.0,0.0,0.0,0.0,40
2023-05-11 10:51:28,m2311-C-4100,豆粕2311购4100,17.0,0.0,0.0,0.0,10,2.0,182.5,1,17.0,0.0,0.0,0.0,0.0,0.0,40
2023-05-11 10:51:28,m2311-C-4100,豆粕2311购4100,17.0,0.0,0.0,0.0,10,2.0,182.0,10,17.0,0.0,0.0,0.0,0.0,0.0,40
2023-05-11 10:51:32,m2311-C-4100,豆粕2311购4100,17.0,0.0,0.0,0.0,10,2.0,181.5,1,17.0,0.0,0.0,0.0,0.0,0.0,40
2023-05-11 10:51:33,m2311-C-4100,豆粕2311购4100,17.0,0.0,0.0,0.0,10,2.0,181.0,10,17.0,0.0,0.0,0.0,0.0,0.0,40
2023-05-11 10:51:35,m2311-C-4100,豆粕2311购4100,17.0,0.0,0.0,0.0,10,2.0,180.5,1,17.0,0.0,0.0,0.0,0.0,0.0,40
2023-05-11 10:51:36,m2311-C-4100,豆粕2311购4100,17.0,0.0,0.0,0.0,10,2.0,180.0,10,17.0,0.0,0.0,0.0,0.0,0.0,40
2023-05-11 10:51:38,m2311-C-4100,豆粕2311购4100,17.0,0.0,0.0,0.0,10,2.0,179.5,1,17.0,0.0,0.0,0.0,0.0,0.0,40
2023-05-11 10:51:38,m2311-C-4100,豆粕2311购4100,17.0,0.0,0.0,0.0,10,2.0,179.0,10,17.0,0.0,0.0,0.0,0.0,0.0,40
2023-05-11 10:51:42,m2311-C-4100,豆粕2311购4100,17.0,0.0,0.0,0.0,10,2.0,178.5,1,17.0,0.0,0.0,0.0,0.0,0.0,40
2023-05-11 10:51:42,m2311-C-4100,豆粕2311购4100,17.0,0.0,0.0,0.0,10,2.0,178.0,10,17.0,0.0,0.0,0.0,0.0,0.0,40
2023-05-11 10:51:45,m2311-C-4100,豆粕2311购4100,17.0,0.0,0.0,0.0,10,2.0,177.5,1,17.0,0.0,0.0,0.0,0.0,0.0,40
2023-05-11 10:51:45,m2311-C-4100,豆粕2311购4100,17.0,0.0,0.0,0.0,10,2.0,177.0,10,17.0,0.0,0.0,0.0,0.0,0.0,40
2023-05-11 11:29:33,m2311-C-4100,豆粕2311购4100,17.0,0.0,0.0,0.0,1,1.5,0.0,0,17.0,0.0,0.0,0.0,0.0,0.0,40
2023-05-11 13:30:02,m2311-C-4100,豆粕2311购4100,17.0,0.0,0.0,0.0,10,2.0,0.0,0,17.0,0.0,0.0,0.0,0.0,0.0,40
2023-05-11 13:31:47,m2311-C-4100,豆粕2311购4100,17.0,0.0,0.0,0.0,10,2.0,225.5,1,17.0,0.0,0.0,0.0,0.0,0.0,40
2023-05-11 13:31:47,m2311-C-4100,豆粕2311购4100,17.0,0.0,0.0,0.0,10,2.0,225.0,10,17.0,0.0,0.0,0.0,0.0,0.0,40
2023-05-11 13:32:03,m2311-C-4100,豆粕2311购4100,17.0,0.0,0.0,0.0,10,2.0,224.5,1,17.0,0.0,0.0,0.0,0.0,0.0,40
2023-05-11 13:32:03,m2311-C-4100,豆粕2311购4100,17.0,0.0,0.0,0.0,10,2.0,224.0,10,17.0,0.0,0.0,0.0,0.0,0.0,40
2023-05-11 13:33:01,m2311-C-4100,豆粕2311购4100,17.0,0.0,0.0,0.0,10,2.0,223.5,1,17.0,0.0,0.0,0.0,0.0,0.0,40
2023-05-11 13:33:02,m2311-C-4100,豆粕2311购4100,17.0,0.0,0.0,0.0,10,2.0,223.0,10,17.0,0.0,0.0,0.0,0.0,0.0,40
2023-05-11 13:33:45,m2311-C-4100,豆粕2311购4100,17.0,0.0,0.0,0.0,10,2.0,222.5,1,17.0,0.0,0.0,0.0,0.0,0.0,40
2023-05-11 13:33:45,m2311-C-4100,豆粕2311购4100,17.0,0.0,0.0,0.0,10,2.0,222.0,10,17.0,0.0,0.0,0.0,0.0,0.0,40
2023-05-11 13:34:27,m2311-C-4100,豆粕2311购4100,17.0,0.0,0.0,0.0,10,2.0,221.5,1,17.0,0.0,0.0,0.0,0.0,0.0,40
2023-05-11 13:34:28,m2311-C-4100,豆粕2311购4100,17.0,0.0,0.0,0.0,10,2.0,221.0,10,17.0,0.0,0.0,0.0,0.0,0.0,40
2023-05-11 13:34:39,m2311-C-4100,豆粕2311购4100,17.0,0.0,0.0,0.0,10,2.0,220.5,1,17.0,0.0,0.0,0.0,0.0,0.0,40
2023-05-11 13:34:40,m2311-C-4100,豆粕2311购4100,17.0,0.0,0.0,0.0,10,2.0,220.0,10,17.0,0.0,0.0,0.0,0.0,0.0,40
2023-05-11 13:35:07,m2311-C-4100,豆粕2311购4100,17.0,0.0,0.0,0.0,10,2.0,219.5,1,17.0,0.0,0.0,0.0,0.0,0.0,40
2023-05-11 13:35:07,m2311-C-4100,豆粕2311购4100,17.0,0.0,0.0,0.0,10,2.0,219.0,10,17.0,0.0,0.0,0.0,0.0,0.0,40
2023-05-11 13:35:16,m2311-C-4100,豆粕2311购4100,17.0,0.0,0.0,0.0,10,2.0,218.5,1,17.0,0.0,0.0,0.0,0.0,0.0,40
2023-05-11 13:35:16,m2311-C-4100,豆粕2311购4100,17.0,0.0,0.0,0.0,10,2.0,218.0,10,17.0,0.0,0.0,0.0,0.0,0.0,40
2023-05-11 13:35:48,m2311-C-4100,豆粕2311购4100,17.0,0.0,0.0,0.0,10,2.0,217.5,1,17.0,0.0,0.0,0.0,0.0,0.0,40
2023-05-11 13:35:48,m2311-C-4100,豆粕2311购4100,17.0,0.0,0.0,0.0,10,2.0,217.0,10,17.0,0.0,0.0,0.0,0.0,0.0,40
2023-05-11 13:36:15,m2311-C-4100,豆粕2311购4100,17.0,0.0,0.0,0.0,10,2.0,216.5,1,17.0,0.0,0.0,0.0,0.0,0.0,40
2023-05-11 13:36:15,m2311-C-4100,豆粕2311购4100,17.0,0.0,0.0,0.0,10,2.0,216.0,10,17.0,0.0,0.0,0.0,0.0,0.0,40
2023-05-11 13:37:09,m2311-C-4100,豆粕2311购4100,17.0,0.0,0.0,0.0,10,2.0,215.5,1,17.0,0.0,0.0,0.0,0.0,0.0,40
2023-05-11 13:37:09,m2311-C-4100,豆粕2311购4100,17.0,0.0,0.0,0.0,10,2.0,215.0,10,17.0,0.0,0.0,0.0,0.0,0.0,40
2023-05-11 13:37:44,m2311-C-4100,豆粕2311购4100,17.0,0.0,0.0,0.0,10,2.0,214.5,1,17.0,0.0,0.0,0.0,0.0,0.0,40
2023-05-11 13:37:44,m2311-C-4100,豆粕2311购4100,17.0,0.0,0.0,0.0,10,2.0,214.0,10,17.0,0.0,0.0,0.0,0.0,0.0,40
2023-05-11 13:38:06,m2311-C-4100,豆粕2311购4100,17.0,0.0,0.0,0.0,10,2.0,213.5,1,17.0,0.0,0.0,0.0,0.0,0.0,40
2023-05-11 13:38:06,m2311-C-4100,豆粕2311购4100,17.0,0.0,0.0,0.0,10,2.0,213.0,10,17.0,0.0,0.0,0.0,0.0,0.0,40
2023-05-11 13:38:10,m2311-C-4100,豆粕2311购4100,17.0,0.0,0.0,0.0,10,2.0,212.5,1,17.0,0.0,0.0,0.0,0.0,0.0,40
2023-05-11 13:38:10,m2311-C-4100,豆粕2311购4100,17.0,0.0,0.0,0.0,10,2.0,212.0,10,17.0,0.0,0.0,0.0,0.0,0.0,40
2023-05-11 13:38:23,m2311-C-4100,豆粕2311购4100,17.0,0.0,0.0,0.0,10,2.0,211.5,1,17.0,0.0,0.0,0.0,0.0,0.0,40
2023-05-11 13:38:23,m2311-C-4100,豆粕2311购4100,17.0,0.0,0.0,0.0,10,2.0,211.0,10,17.0,0.0,0.0,0.0,0.0,0.0,40
2023-05-11 13:38:52,m2311-C-4100,豆粕2311购4100,17.0,0.0,0.0,0.0,10,2.0,210.5,1,17.0,0.0,0.0,0.0,0.0,0.0,40
2023-05-11 13:38:52,m2311-C-4100,豆粕2311购4100,17.0,0.0,0.0,0.0,10,2.0,210.0,10,17.0,0.0,0.0,0.0,0.0,0.0,40
2023-05-11 13:39:02,m2311-C-4100,豆粕2311购4100,17.0,0.0,0.0,0.0,10,2.0,209.5,1,17.0,0.0,0.0,0.0,0.0,0.0,40
2023-05-11 13:39:02,m2311-C-4100,豆粕2311购4100,17.0,0.0,0.0,0.0,10,2.0,209.0,10,17.0,0.0,0.0,0.0,0.0,0.0,40
2023-05-11 13:39:25,m2311-C-4100,豆粕2311购4100,17.0,0.0,0.0,0.0,10,2.0,208.5,1,17.0,0.0,0.0,0.0,0.0,0.0,40
2023-05-11 13:39:25,m2311-C-4100,豆粕2311购4100,17.0,0.0,0.0,0.0,10,2.0,208.0,10,17.0,0.0,0.0,0.0,0.0,0.0,40
2023-05-11 13:40:04,m2311-C-4100,豆粕2311购4100,17.0,0.0,0.0,0.0,10,2.0,207.5,1,17.0,0.0,0.0,0.0,0.0,0.0,40
2023-05-11 13:40:05,m2311-C-4100,豆粕2311购4100,17.0,0.0,0.0,0.0,10,2.0,207.0,10,17.0,0.0,0.0,0.0,0.0,0.0,40
2023-05-11 13:40:45,m2311-C-4100,豆粕2311购4100,17.0,0.0,0.0,0.0,10,2.0,206.5,1,17.0,0.0,0.0,0.0,0.0,0.0,40
2023-05-11 13:40:45,m2311-C-4100,豆粕2311购4100,17.0,0.0,0.0,0.0,10,2.0,206.0,10,17.0,0.0,0.0,0.0,0.0,0.0,40
2023-05-11 13:40:51,m2311-C-4100,豆粕2311购4100,17.0,0.0,0.0,0.0,10,2.0,205.5,1,17.0,0.0,0.0,0.0,0.0,0.0,40
2023-05-11 13:40:51,m2311-C-4100,豆粕2311购4100,17.0,0.0,0.0,0.0,10,2.0,205.0,10,17.0,0.0,0.0,0.0,0.0,0.0,40
2023-05-11 13:40:59,m2311-C-4100,豆粕2311购4100,17.0,0.0,0.0,0.0,10,2.0,204.5,1,17.0,0.0,0.0,0.0,0.0,0.0,40
2023-05-11 13:41:00,m2311-C-4100,豆粕2311购4100,17.0,0.0,0.0,0.0,10,2.0,204.0,10,17.0,0.0,0.0,0.0,0.0,0.0,40
2023-05-11 13:41:12,m2311-C-4100,豆粕2311购4100,17.0,0.0,0.0,0.0,10,2.0,203.5,1,17.0,0.0,0.0,0.0,0.0,0.0,40
2023-05-11 13:41:13,m2311-C-4100,豆粕2311购4100,17.0,0.0,0.0,0.0,10,2.0,203.0,10,17.0,0.0,0.0,0.0,0.0,0.0,40
2023-05-11 13:41:26,m2311-C-4100,豆粕2311购4100,17.0,0.0,0.0,0.0,10,2.0,202.5,1,17.0,0.0,0.0,0.0,0.0,0.0,40
2023-05-11 13:41:26,m2311-C-4100,豆粕2311购4100,17.0,0.0,0.0,0.0,10,2.0,202.0,10,17.0,0.0,0.0,0.0,0.0,0.0,40
2023-05-11 13:41:52,m2311-C-4100,豆粕2311购4100,17.0,0.0,0.0,0.0,10,2.0,201.5,1,17.0,0.0,0.0,0.0,0.0,0.0,40
2023-05-11 13:41:52,m2311-C-4100,豆粕2311购4100,17.0,0.0,0.0,0.0,10,2.0,201.0,10,17.0,0.0,0.0,0.0,0.0,0.0,40
2023-05-11 13:41:56,m2311-C-4100,豆粕2311购4100,17.0,0.0,0.0,0.0,10,2.0,200.5,1,17.0,0.0,0.0,0.0,0.0,0.0,40
2023-05-11 13:41:56,m2311-C-4100,豆粕2311购4100,17.0,0.0,0.0,0.0,10,2.0,200.0,10,17.0,0.0,0.0,0.0,0.0,0.0,40
2023-05-11 13:42:24,m2311-C-4100,豆粕2311购4100,17.0,0.0,0.0,0.0,10,2.0,199.5,1,17.0,0.0,0.0,0.0,0.0,0.0,40
2023-05-11 13:42:25,m2311-C-4100,豆粕2311购4100,17.0,0.0,0.0,0.0,10,2.0,199.0,10,17.0,0.0,0.0,0.0,0.0,0.0,40
2023-05-11 13:42:40,m2311-C-4100,豆粕2311购4100,17.0,0.0,0.0,0.0,10,2.0,198.5,1,17.0,0.0,0.0,0.0,0.0,0.0,40
2023-05-11 13:42:40,m2311-C-4100,豆粕2311购4100,17.0,0.0,0.0,0.0,10,2.0,198.0,10,17.0,0.0,0.0,0.0,0.0,0.0,40
2023-05-11 13:43:20,m2311-C-4100,豆粕2311购4100,17.0,0.0,0.0,0.0,10,2.0,197.5,1,17.0,0.0,0.0,0.0,0.0,0.0,40
2023-05-11 13:43:21,m2311-C-4100,豆粕2311购4100,17.0,0.0,0.0,0.0,10,2.0,197.0,10,17.0,0.0,0.0,0.0,0.0,0.0,40
2023-05-11 13:43:26,m2311-C-4100,豆粕2311购4100,17.0,0.0,0.0,0.0,10,2.0,196.5,1,17.0,0.0,0.0,0.0,0.0,0.0,40
2023-05-11 13:43:26,m2311-C-4100,豆粕2311购4100,17.0,0.0,0.0,0.0,10,2.0,196.0,10,17.0,0.0,0.0,0.0,0.0,0.0,40
2023-05-11 13:44:24,m2311-C-4100,豆粕2311购4100,17.0,0.0,0.0,0.0,10,2.0,195.5,1,17.0,0.0,0.0,0.0,0.0,0.0,40
2023-05-11 13:44:25,m2311-C-4100,豆粕2311购4100,17.0,0.0,0.0,0.0,10,2.0,195.0,10,17.0,0.0,0.0,0.0,0.0,0.0,40
2023-05-11 13:44:38,m2311-C-4100,豆粕2311购4100,17.0,0.0,0.0,0.0,10,2.0,194.5,1,17.0,0.0,0.0,0.0,0.0,0.0,40
2023-05-11 13:44:39,m2311-C-4100,豆粕2311购4100,17.0,0.0,0.0,0.0,10,2.0,194.0,10,17.0,0.0,0.0,0.0,0.0,0.0,40
2023-05-11 13:44:49,m2311-C-4100,豆粕2311购4100,17.0,0.0,0.0,0.0,10,2.0,193.5,1,17.0,0.0,0.0,0.0,0.0,0.0,40
2023-05-11 13:44:49,m2311-C-4100,豆粕2311购4100,17.0,0.0,0.0,0.0,10,2.0,193.0,10,17.0,0.0,0.0,0.0,0.0,0.0,40
2023-05-11 13:45:02,m2311-C-4100,豆粕2311购4100,17.0,0.0,0.0,0.0,10,2.0,192.5,1,17.0,0.0,0.0,0.0,0.0,0.0,40
2023-05-11 13:45:03,m2311-C-4100,豆粕2311购4100,17.0,0.0,0.0,0.0,10,2.0,192.0,10,17.0,0.0,0.0,0.0,0.0,0.0,40
2023-05-11 13:45:06,m2311-C-4100,豆粕2311购4100,17.0,0.0,0.0,0.0,10,2.0,191.5,1,17.0,0.0,0.0,0.0,0.0,0.0,40
2023-05-11 13:45:06,m2311-C-4100,豆粕2311购4100,17.0,0.0,0.0,0.0,10,2.0,191.0,10,17.0,0.0,0.0,0.0,0.0,0.0,40
2023-05-11 13:45:14,m2311-C-4100,豆粕2311购4100,17.0,0.0,0.0,0.0,10,2.0,190.5,1,17.0,0.0,0.0,0.0,0.0,0.0,40
2023-05-11 13:45:14,m2311-C-4100,豆粕2311购4100,17.0,0.0,0.0,0.0,10,2.0,190.0,10,17.0,0.0,0.0,0.0,0.0,0.0,40
2023-05-11 13:45:25,m2311-C-4100,豆粕2311购4100,17.0,0.0,0.0,0.0,10,2.0,189.5,1,17.0,0.0,0.0,0.0,0.0,0.0,40
2023-05-11 13:45:25,m2311-C-4100,豆粕2311购4100,17.0,0.0,0.0,0.0,10,2.0,189.0,10,17.0,0.0,0.0,0.0,0.0,0.0,40
2023-05-11 13:45:31,m2311-C-4100,豆粕2311购4100,17.0,0.0,0.0,0.0,10,2.0,188.5,1,17.0,0.0,0.0,0.0,0.0,0.0,40
2023-05-11 13:45:31,m2311-C-4100,豆粕2311购4100,17.0,0.0,0.0,0.0,10,2.0,188.0,10,17.0,0.0,0.0,0.0,0.0,0.0,40
2023-05-11 13:45:42,m2311-C-4100,豆粕2311购4100,17.0,0.0,0.0,0.0,10,2.0,187.5,1,17.0,0.0,0.0,0.0,0.0,0.0,40
2023-05-11 13:45:42,m2311-C-4100,豆粕2311购4100,17.0,0.0,0.0,0.0,10,2.0,187.0,10,17.0,0.0,0.0,0.0,0.0,0.0,40
2023-05-11 13:45:49,m2311-C-4100,豆粕2311购4100,17.0,0.0,0.0,0.0,10,2.0,186.5,1,17.0,0.0,0.0,0.0,0.0,0.0,40
2023-05-11 13:45:49,m2311-C-4100,豆粕2311购4100,17.0,0.0,0.0,0.0,10,2.0,186.0,10,17.0,0.0,0.0,0.0,0.0,0.0,40
2023-05-11 13:45:55,m2311-C-4100,豆粕2311购4100,17.0,0.0,0.0,0.0,10,2.0,185.5,1,17.0,0.0,0.0,0.0,0.0,0.0,40
2023-05-11 13:45:56,m2311-C-4100,豆粕2311购4100,17.0,0.0,0.0,0.0,10,2.0,185.0,10,17.0,0.0,0.0,0.0,0.0,0.0,40
2023-05-11 13:46:00,m2311-C-4100,豆粕2311购4100,17.0,0.0,0.0,0.0,10,2.0,184.5,1,17.0,0.0,0.0,0.0,0.0,0.0,40
2023-05-11 13:46:00,m2311-C-4100,豆粕2311购4100,17.0,0.0,0.0,0.0,10,2.0,184.0,10,17.0,0.0,0.0,0.0,0.0,0.0,40
2023-05-11 13:46:08,m2311-C-4100,豆粕2311购4100,17.0,0.0,0.0,0.0,10,2.0,183.5,1,17.0,0.0,0.0,0.0,0.0,0.0,40
2023-05-11 13:46:08,m2311-C-4100,豆粕2311购4100,17.0,0.0,0.0,0.0,10,2.0,183.0,10,17.0,0.0,0.0,0.0,0.0,0.0,40
2023-05-11 13:46:13,m2311-C-4100,豆粕2311购4100,17.0,0.0,0.0,0.0,10,2.0,182.5,1,17.0,0.0,0.0,0.0,0.0,0.0,40
2023-05-11 13:46:13,m2311-C-4100,豆粕2311购4100,17.0,0.0,0.0,0.0,10,2.0,182.0,10,17.0,0.0,0.0,0.0,0.0,0.0,40
2023-05-11 13:46:17,m2311-C-4100,豆粕2311购4100,17.0,0.0,0.0,0.0,10,2.0,181.5,1,17.0,0.0,0.0,0.0,0.0,0.0,40
2023-05-11 13:46:17,m2311-C-4100,豆粕2311购4100,17.0,0.0,0.0,0.0,10,2.0,181.0,10,17.0,0.0,0.0,0.0,0.0,0.0,40
2023-05-11 13:46:21,m2311-C-4100,豆粕2311购4100,17.0,0.0,0.0,0.0,10,2.0,180.5,1,17.0,0.0,0.0,0.0,0.0,0.0,40
2023-05-11 13:46:21,m2311-C-4100,豆粕2311购4100,17.0,0.0,0.0,0.0,10,2.0,180.0,10,17.0,0.0,0.0,0.0,0.0,0.0,40
2023-05-11 13:46:24,m2311-C-4100,豆粕2311购4100,17.0,0.0,0.0,0.0,10,2.0,179.5,1,17.0,0.0,0.0,0.0,0.0,0.0,40
2023-05-11 13:46:24,m2311-C-4100,豆粕2311购4100,17.0,0.0,0.0,0.0,10,2.0,179.0,10,17.0,0.0,0.0,0.0,0.0,0.0,40
2023-05-11 13:46:30,m2311-C-4100,豆粕2311购4100,17.0,0.0,0.0,0.0,10,2.0,178.5,1,17.0,0.0,0.0,0.0,0.0,0.0,40
2023-05-11 13:46:30,m2311-C-4100,豆粕2311购4100,17.0,0.0,0.0,0.0,10,2.0,178.0,10,17.0,0.0,0.0,0.0,0.0,0.0,40
2023-05-11 13:46:38,m2311-C-4100,豆粕2311购4100,17.0,0.0,0.0,0.0,10,2.0,177.5,1,17.0,0.0,0.0,0.0,0.0,0.0,40
2023-05-11 13:46:38,m2311-C-4100,豆粕2311购4100,17.0,0.0,0.0,0.0,10,2.0,177.0,10,17.0,0.0,0.0,0.0,0.0,0.0,40
2023-05-11 14:38:16,m2311-C-4100,豆粕2311购4100,17.0,0.0,0.0,0.0,5,11.0,17.0,5,17.0,0.0,0.0,0.0,0.0,0.0,40
2023-05-11 14:38:22,m2311-C-4100,豆粕2311购4100,17.0,0.0,0.0,0.0,5,11.5,17.0,5,17.0,0.0,0.0,0.0,0.0,0.0,40
2023-05-11 14:38:23,m2311-C-4100,豆粕2311购4100,17.0,0.0,0.0,0.0,10,11.5,17.0,10,17.0,0.0,0.0,0.0,0.0,0.0,40
2023-05-11 14:38:24,m2311-C-4100,豆粕2311购4100,17.0,0.0,0.0,0.0,15,11.5,17.0,15,17.0,0.0,0.0,0.0,0.0,0.0,40
2023-05-11 14:38:27,m2311-C-4100,豆粕2311购4100,17.0,0.0,0.0,0.0,10,11.5,14.0,5,17.0,0.0,0.0,0.0,0.0,0.0,40
2023-05-11 14:38:28,m2311-C-4100,豆粕2311购4100,17.0,0.0,0.0,0.0,5,12.5,14.0,5,17.0,0.0,0.0,0.0,0.0,0.0,40
2023-05-11 14:38:38,m2311-C-4100,豆粕2311购4100,17.0,0.0,0.0,0.0,5,12.5,16.0,5,17.0,0.0,0.0,0.0,0.0,0.0,40
2023-05-11 14:38:38,m2311-C-4100,豆粕2311购4100,17.0,0.0,0.0,0.0,5,12.5,16.5,5,17.0,0.0,0.0,0.0,0.0,0.0,40
2023-05-11 14:38:39,m2311-C-4100,豆粕2311购4100,17.0,0.0,0.0,0.0,5,10.5,16.5,5,17.0,0.0,0.0,0.0,0.0,0.0,40
2023-05-11 14:38:43,m2311-C-4100,豆粕2311购4100,17.0,0.0,0.0,0.0,10,2.0,0.0,0,17.0,0.0,0.0,0.0,0.0,0.0,40
2023-05-11 14:38:43,m2311-C-4100,豆粕2311购4100,17.0,0.0,0.0,0.0,2,5.5,0.0,0,17.0,0.0,0.0,0.0,0.0,0.0,40
2023-05-11 14:38:45,m2311-C-4100,豆粕2311购4100,17.0,0.0,0.0,0.0,1,1.5,0.0,0,17.0,0.0,0.0,0.0,0.0,0.0,40
2023-05-11 14:38:45,m2311-C-4100,豆粕2311购4100,17.0,0.0,0.0,0.0,10,2.0,0.0,0,17.0,0.0,0.0,0.0,0.0,0.0,40
2023-05-11 14:59:02,m2311-C-4100,豆粕2311购4100,17.0,0.0,0.0,0.0,1,1.5,0.0,0,17.0,0.0,0.0,0.0,0.0,0.0,40
2023-05-11 14:59:05,m2311-C-4100,豆粕2311购4100,17.0,0.0,0.0,0.0,10,2.0,0.0,0,17.0,0.0,0.0,0.0,0.0,0.0,40
2023-05-11 14:59:10,m2311-C-4100,豆粕2311购4100,17.0,0.0,0.0,0.0,1,1.5,0.0,0,17.0,0.0,0.0,0.0,0.0,0.0,40
2023-05-11 15:01:10,m2311-C-4100,豆粕2311购4100,17.0,0.0,0.0,0.0,1,1.5,0.0,0,17.0,0.0,0.0,0.0,0.0,0.0,40
