time,symbol_id,symbol_name,last,trade_volume,trade_amount,open_interest_change,bv1,bp1,ap1,av1,yesterday_close,today_open,today_high,today_low,volume,amount,open_interest
2023-05-10 21:00:10,m2312-C-3350,m2312-C-3350,217.0,0.0,0.0,0.0,1,11.5,0.0,0,217.0,0.0,0.0,0.0,0.0,0.0,5
2023-05-10 21:00:10,m2312-C-3350,m2312-C-3350,217.0,0.0,0.0,0.0,10,12.0,0.0,0,217.0,0.0,0.0,0.0,0.0,0.0,5
2023-05-10 21:00:39,m2312-C-3350,m2312-C-3350,217.0,0.0,0.0,0.0,1,61.5,0.0,0,217.0,0.0,0.0,0.0,0.0,0.0,5
2023-05-10 21:00:39,m2312-C-3350,m2312-C-3350,217.0,0.0,0.0,0.0,10,62.0,0.0,0,217.0,0.0,0.0,0.0,0.0,0.0,5
2023-05-10 21:01:10,m2312-C-3350,m2312-C-3350,217.0,0.0,0.0,0.0,1,62.5,0.0,0,217.0,0.0,0.0,0.0,0.0,0.0,5
2023-05-10 21:01:10,m2312-C-3350,m2312-C-3350,217.0,0.0,0.0,0.0,10,63.0,0.0,0,217.0,0.0,0.0,0.0,0.0,0.0,5
2023-05-10 21:01:45,m2312-C-3350,m2312-C-3350,217.0,0.0,0.0,0.0,1,63.5,0.0,0,217.0,0.0,0.0,0.0,0.0,0.0,5
2023-05-10 21:01:45,m2312-C-3350,m2312-C-3350,217.0,0.0,0.0,0.0,10,64.0,0.0,0,217.0,0.0,0.0,0.0,0.0,0.0,5
2023-05-10 21:04:20,m2312-C-3350,m2312-C-3350,217.0,0.0,0.0,0.0,1,64.5,0.0,0,217.0,0.0,0.0,0.0,0.0,0.0,5
2023-05-10 21:04:20,m2312-C-3350,m2312-C-3350,217.0,0.0,0.0,0.0,10,65.0,0.0,0,217.0,0.0,0.0,0.0,0.0,0.0,5
2023-05-10 21:05:05,m2312-C-3350,m2312-C-3350,217.0,0.0,0.0,0.0,1,65.5,0.0,0,217.0,0.0,0.0,0.0,0.0,0.0,5
2023-05-10 21:05:05,m2312-C-3350,m2312-C-3350,217.0,0.0,0.0,0.0,10,66.0,0.0,0,217.0,0.0,0.0,0.0,0.0,0.0,5
2023-05-10 21:07:19,m2312-C-3350,m2312-C-3350,217.0,0.0,0.0,0.0,1,66.5,0.0,0,217.0,0.0,0.0,0.0,0.0,0.0,5
2023-05-10 21:07:19,m2312-C-3350,m2312-C-3350,217.0,0.0,0.0,0.0,10,67.0,0.0,0,217.0,0.0,0.0,0.0,0.0,0.0,5
2023-05-10 21:07:23,m2312-C-3350,m2312-C-3350,217.0,0.0,0.0,0.0,1,67.5,0.0,0,217.0,0.0,0.0,0.0,0.0,0.0,5
2023-05-10 21:07:23,m2312-C-3350,m2312-C-3350,217.0,0.0,0.0,0.0,10,68.0,0.0,0,217.0,0.0,0.0,0.0,0.0,0.0,5
2023-05-10 21:07:27,m2312-C-3350,m2312-C-3350,217.0,0.0,0.0,0.0,1,68.5,0.0,0,217.0,0.0,0.0,0.0,0.0,0.0,5
2023-05-10 21:07:27,m2312-C-3350,m2312-C-3350,217.0,0.0,0.0,0.0,10,69.0,0.0,0,217.0,0.0,0.0,0.0,0.0,0.0,5
2023-05-10 21:08:37,m2312-C-3350,m2312-C-3350,217.0,0.0,0.0,0.0,1,69.5,0.0,0,217.0,0.0,0.0,0.0,0.0,0.0,5
2023-05-10 21:08:37,m2312-C-3350,m2312-C-3350,217.0,0.0,0.0,0.0,10,70.0,0.0,0,217.0,0.0,0.0,0.0,0.0,0.0,5
2023-05-10 21:08:40,m2312-C-3350,m2312-C-3350,217.0,0.0,0.0,0.0,1,70.5,0.0,0,217.0,0.0,0.0,0.0,0.0,0.0,5
2023-05-10 21:08:40,m2312-C-3350,m2312-C-3350,217.0,0.0,0.0,0.0,10,71.0,0.0,0,217.0,0.0,0.0,0.0,0.0,0.0,5
2023-05-10 21:08:43,m2312-C-3350,m2312-C-3350,217.0,0.0,0.0,0.0,1,71.5,0.0,0,217.0,0.0,0.0,0.0,0.0,0.0,5
2023-05-10 21:08:43,m2312-C-3350,m2312-C-3350,217.0,0.0,0.0,0.0,10,72.0,0.0,0,217.0,0.0,0.0,0.0,0.0,0.0,5
2023-05-10 21:08:47,m2312-C-3350,m2312-C-3350,217.0,0.0,0.0,0.0,1,72.5,0.0,0,217.0,0.0,0.0,0.0,0.0,0.0,5
2023-05-10 21:08:47,m2312-C-3350,m2312-C-3350,217.0,0.0,0.0,0.0,10,73.0,0.0,0,217.0,0.0,0.0,0.0,0.0,0.0,5
2023-05-10 21:08:51,m2312-C-3350,m2312-C-3350,217.0,0.0,0.0,0.0,1,73.5,0.0,0,217.0,0.0,0.0,0.0,0.0,0.0,5
2023-05-10 21:08:51,m2312-C-3350,m2312-C-3350,217.0,0.0,0.0,0.0,10,74.0,0.0,0,217.0,0.0,0.0,0.0,0.0,0.0,5
2023-05-10 21:08:54,m2312-C-3350,m2312-C-3350,217.0,0.0,0.0,0.0,1,74.5,0.0,0,217.0,0.0,0.0,0.0,0.0,0.0,5
2023-05-10 21:08:54,m2312-C-3350,m2312-C-3350,217.0,0.0,0.0,0.0,10,75.0,0.0,0,217.0,0.0,0.0,0.0,0.0,0.0,5
2023-05-10 21:08:57,m2312-C-3350,m2312-C-3350,217.0,0.0,0.0,0.0,1,75.5,0.0,0,217.0,0.0,0.0,0.0,0.0,0.0,5
2023-05-10 21:08:57,m2312-C-3350,m2312-C-3350,217.0,0.0,0.0,0.0,10,76.0,0.0,0,217.0,0.0,0.0,0.0,0.0,0.0,5
2023-05-10 21:09:00,m2312-C-3350,m2312-C-3350,217.0,0.0,0.0,0.0,1,76.5,0.0,0,217.0,0.0,0.0,0.0,0.0,0.0,5
2023-05-10 21:09:00,m2312-C-3350,m2312-C-3350,217.0,0.0,0.0,0.0,10,77.0,0.0,0,217.0,0.0,0.0,0.0,0.0,0.0,5
2023-05-10 21:09:03,m2312-C-3350,m2312-C-3350,217.0,0.0,0.0,0.0,1,77.5,0.0,0,217.0,0.0,0.0,0.0,0.0,0.0,5
2023-05-10 21:09:03,m2312-C-3350,m2312-C-3350,217.0,0.0,0.0,0.0,10,78.0,0.0,0,217.0,0.0,0.0,0.0,0.0,0.0,5
2023-05-10 21:09:07,m2312-C-3350,m2312-C-3350,217.0,0.0,0.0,0.0,1,78.5,0.0,0,217.0,0.0,0.0,0.0,0.0,0.0,5
2023-05-10 21:09:07,m2312-C-3350,m2312-C-3350,217.0,0.0,0.0,0.0,10,79.0,0.0,0,217.0,0.0,0.0,0.0,0.0,0.0,5
2023-05-10 21:09:10,m2312-C-3350,m2312-C-3350,217.0,0.0,0.0,0.0,1,79.5,0.0,0,217.0,0.0,0.0,0.0,0.0,0.0,5
2023-05-10 21:09:10,m2312-C-3350,m2312-C-3350,217.0,0.0,0.0,0.0,10,80.0,0.0,0,217.0,0.0,0.0,0.0,0.0,0.0,5
2023-05-10 21:09:18,m2312-C-3350,m2312-C-3350,217.0,0.0,0.0,0.0,1,80.5,0.0,0,217.0,0.0,0.0,0.0,0.0,0.0,5
2023-05-10 21:09:18,m2312-C-3350,m2312-C-3350,217.0,0.0,0.0,0.0,10,81.0,0.0,0,217.0,0.0,0.0,0.0,0.0,0.0,5
2023-05-10 21:09:25,m2312-C-3350,m2312-C-3350,217.0,0.0,0.0,0.0,1,81.5,0.0,0,217.0,0.0,0.0,0.0,0.0,0.0,5
2023-05-10 21:09:25,m2312-C-3350,m2312-C-3350,217.0,0.0,0.0,0.0,10,82.0,0.0,0,217.0,0.0,0.0,0.0,0.0,0.0,5
2023-05-10 21:09:32,m2312-C-3350,m2312-C-3350,217.0,0.0,0.0,0.0,1,82.5,0.0,0,217.0,0.0,0.0,0.0,0.0,0.0,5
2023-05-10 21:09:32,m2312-C-3350,m2312-C-3350,217.0,0.0,0.0,0.0,10,83.0,0.0,0,217.0,0.0,0.0,0.0,0.0,0.0,5
2023-05-10 21:09:40,m2312-C-3350,m2312-C-3350,217.0,0.0,0.0,0.0,1,83.5,0.0,0,217.0,0.0,0.0,0.0,0.0,0.0,5
2023-05-10 21:09:40,m2312-C-3350,m2312-C-3350,217.0,0.0,0.0,0.0,10,84.0,0.0,0,217.0,0.0,0.0,0.0,0.0,0.0,5
2023-05-10 21:09:43,m2312-C-3350,m2312-C-3350,217.0,0.0,0.0,0.0,1,84.5,0.0,0,217.0,0.0,0.0,0.0,0.0,0.0,5
2023-05-10 21:09:43,m2312-C-3350,m2312-C-3350,217.0,0.0,0.0,0.0,10,85.0,0.0,0,217.0,0.0,0.0,0.0,0.0,0.0,5
2023-05-10 21:09:59,m2312-C-3350,m2312-C-3350,217.0,0.0,0.0,0.0,1,85.5,0.0,0,217.0,0.0,0.0,0.0,0.0,0.0,5
2023-05-10 21:09:59,m2312-C-3350,m2312-C-3350,217.0,0.0,0.0,0.0,10,86.0,0.0,0,217.0,0.0,0.0,0.0,0.0,0.0,5
2023-05-10 21:10:03,m2312-C-3350,m2312-C-3350,217.0,0.0,0.0,0.0,1,86.5,0.0,0,217.0,0.0,0.0,0.0,0.0,0.0,5
2023-05-10 21:10:03,m2312-C-3350,m2312-C-3350,217.0,0.0,0.0,0.0,10,87.0,0.0,0,217.0,0.0,0.0,0.0,0.0,0.0,5
2023-05-10 21:10:11,m2312-C-3350,m2312-C-3350,217.0,0.0,0.0,0.0,1,87.5,0.0,0,217.0,0.0,0.0,0.0,0.0,0.0,5
2023-05-10 21:10:11,m2312-C-3350,m2312-C-3350,217.0,0.0,0.0,0.0,10,88.0,0.0,0,217.0,0.0,0.0,0.0,0.0,0.0,5
2023-05-10 21:10:59,m2312-C-3350,m2312-C-3350,217.0,0.0,0.0,0.0,1,88.5,0.0,0,217.0,0.0,0.0,0.0,0.0,0.0,5
2023-05-10 21:10:59,m2312-C-3350,m2312-C-3350,217.0,0.0,0.0,0.0,10,89.0,0.0,0,217.0,0.0,0.0,0.0,0.0,0.0,5
2023-05-10 21:11:16,m2312-C-3350,m2312-C-3350,217.0,0.0,0.0,0.0,1,89.5,0.0,0,217.0,0.0,0.0,0.0,0.0,0.0,5
2023-05-10 21:11:16,m2312-C-3350,m2312-C-3350,217.0,0.0,0.0,0.0,10,90.0,0.0,0,217.0,0.0,0.0,0.0,0.0,0.0,5
2023-05-10 21:11:23,m2312-C-3350,m2312-C-3350,217.0,0.0,0.0,0.0,1,90.5,0.0,0,217.0,0.0,0.0,0.0,0.0,0.0,5
2023-05-10 21:11:23,m2312-C-3350,m2312-C-3350,217.0,0.0,0.0,0.0,10,91.0,0.0,0,217.0,0.0,0.0,0.0,0.0,0.0,5
2023-05-10 21:11:24,m2312-C-3350,m2312-C-3350,217.0,0.0,0.0,0.0,1,91.5,0.0,0,217.0,0.0,0.0,0.0,0.0,0.0,5
2023-05-10 21:11:24,m2312-C-3350,m2312-C-3350,217.0,0.0,0.0,0.0,10,92.0,0.0,0,217.0,0.0,0.0,0.0,0.0,0.0,5
2023-05-10 21:11:26,m2312-C-3350,m2312-C-3350,217.0,0.0,0.0,0.0,1,92.5,0.0,0,217.0,0.0,0.0,0.0,0.0,0.0,5
2023-05-10 21:11:26,m2312-C-3350,m2312-C-3350,217.0,0.0,0.0,0.0,10,93.0,0.0,0,217.0,0.0,0.0,0.0,0.0,0.0,5
2023-05-10 21:11:28,m2312-C-3350,m2312-C-3350,217.0,0.0,0.0,0.0,1,93.5,0.0,0,217.0,0.0,0.0,0.0,0.0,0.0,5
2023-05-10 21:11:28,m2312-C-3350,m2312-C-3350,217.0,0.0,0.0,0.0,10,94.0,0.0,0,217.0,0.0,0.0,0.0,0.0,0.0,5
2023-05-10 21:11:30,m2312-C-3350,m2312-C-3350,217.0,0.0,0.0,0.0,1,94.5,0.0,0,217.0,0.0,0.0,0.0,0.0,0.0,5
2023-05-10 21:11:30,m2312-C-3350,m2312-C-3350,217.0,0.0,0.0,0.0,10,95.0,0.0,0,217.0,0.0,0.0,0.0,0.0,0.0,5
2023-05-10 21:11:31,m2312-C-3350,m2312-C-3350,217.0,0.0,0.0,0.0,1,95.5,0.0,0,217.0,0.0,0.0,0.0,0.0,0.0,5
2023-05-10 21:11:31,m2312-C-3350,m2312-C-3350,217.0,0.0,0.0,0.0,10,96.0,0.0,0,217.0,0.0,0.0,0.0,0.0,0.0,5
2023-05-10 21:11:33,m2312-C-3350,m2312-C-3350,217.0,0.0,0.0,0.0,1,96.5,0.0,0,217.0,0.0,0.0,0.0,0.0,0.0,5
2023-05-10 21:11:33,m2312-C-3350,m2312-C-3350,217.0,0.0,0.0,0.0,10,97.0,0.0,0,217.0,0.0,0.0,0.0,0.0,0.0,5
2023-05-10 21:11:35,m2312-C-3350,m2312-C-3350,217.0,0.0,0.0,0.0,1,97.5,0.0,0,217.0,0.0,0.0,0.0,0.0,0.0,5
2023-05-10 21:11:35,m2312-C-3350,m2312-C-3350,217.0,0.0,0.0,0.0,10,98.0,0.0,0,217.0,0.0,0.0,0.0,0.0,0.0,5
2023-05-10 21:11:36,m2312-C-3350,m2312-C-3350,217.0,0.0,0.0,0.0,1,98.5,0.0,0,217.0,0.0,0.0,0.0,0.0,0.0,5
2023-05-10 21:11:36,m2312-C-3350,m2312-C-3350,217.0,0.0,0.0,0.0,10,99.0,0.0,0,217.0,0.0,0.0,0.0,0.0,0.0,5
2023-05-10 21:11:37,m2312-C-3350,m2312-C-3350,217.0,0.0,0.0,0.0,1,99.5,0.0,0,217.0,0.0,0.0,0.0,0.0,0.0,5
2023-05-10 21:11:37,m2312-C-3350,m2312-C-3350,217.0,0.0,0.0,0.0,10,100.0,0.0,0,217.0,0.0,0.0,0.0,0.0,0.0,5
2023-05-10 21:11:39,m2312-C-3350,m2312-C-3350,217.0,0.0,0.0,0.0,1,100.5,0.0,0,217.0,0.0,0.0,0.0,0.0,0.0,5
2023-05-10 21:11:39,m2312-C-3350,m2312-C-3350,217.0,0.0,0.0,0.0,10,101.0,0.0,0,217.0,0.0,0.0,0.0,0.0,0.0,5
2023-05-10 21:11:40,m2312-C-3350,m2312-C-3350,217.0,0.0,0.0,0.0,1,101.5,0.0,0,217.0,0.0,0.0,0.0,0.0,0.0,5
2023-05-10 21:11:40,m2312-C-3350,m2312-C-3350,217.0,0.0,0.0,0.0,10,102.0,0.0,0,217.0,0.0,0.0,0.0,0.0,0.0,5
2023-05-10 21:11:41,m2312-C-3350,m2312-C-3350,217.0,0.0,0.0,0.0,1,102.5,0.0,0,217.0,0.0,0.0,0.0,0.0,0.0,5
2023-05-10 21:11:41,m2312-C-3350,m2312-C-3350,217.0,0.0,0.0,0.0,10,103.0,0.0,0,217.0,0.0,0.0,0.0,0.0,0.0,5
2023-05-10 21:11:43,m2312-C-3350,m2312-C-3350,217.0,0.0,0.0,0.0,1,103.5,0.0,0,217.0,0.0,0.0,0.0,0.0,0.0,5
2023-05-10 21:11:43,m2312-C-3350,m2312-C-3350,217.0,0.0,0.0,0.0,10,104.0,0.0,0,217.0,0.0,0.0,0.0,0.0,0.0,5
2023-05-10 21:11:44,m2312-C-3350,m2312-C-3350,217.0,0.0,0.0,0.0,1,104.5,0.0,0,217.0,0.0,0.0,0.0,0.0,0.0,5
2023-05-10 21:11:44,m2312-C-3350,m2312-C-3350,217.0,0.0,0.0,0.0,10,105.0,0.0,0,217.0,0.0,0.0,0.0,0.0,0.0,5
2023-05-10 21:11:45,m2312-C-3350,m2312-C-3350,217.0,0.0,0.0,0.0,1,105.5,0.0,0,217.0,0.0,0.0,0.0,0.0,0.0,5
2023-05-10 21:11:45,m2312-C-3350,m2312-C-3350,217.0,0.0,0.0,0.0,10,106.0,0.0,0,217.0,0.0,0.0,0.0,0.0,0.0,5
2023-05-10 21:11:46,m2312-C-3350,m2312-C-3350,217.0,0.0,0.0,0.0,1,106.5,0.0,0,217.0,0.0,0.0,0.0,0.0,0.0,5
2023-05-10 21:11:46,m2312-C-3350,m2312-C-3350,217.0,0.0,0.0,0.0,10,107.0,0.0,0,217.0,0.0,0.0,0.0,0.0,0.0,5
2023-05-10 21:11:47,m2312-C-3350,m2312-C-3350,217.0,0.0,0.0,0.0,1,107.5,0.0,0,217.0,0.0,0.0,0.0,0.0,0.0,5
2023-05-10 21:11:47,m2312-C-3350,m2312-C-3350,217.0,0.0,0.0,0.0,10,108.0,0.0,0,217.0,0.0,0.0,0.0,0.0,0.0,5
2023-05-10 21:11:49,m2312-C-3350,m2312-C-3350,217.0,0.0,0.0,0.0,1,108.5,0.0,0,217.0,0.0,0.0,0.0,0.0,0.0,5
2023-05-10 21:11:49,m2312-C-3350,m2312-C-3350,217.0,0.0,0.0,0.0,10,109.0,0.0,0,217.0,0.0,0.0,0.0,0.0,0.0,5
2023-05-10 21:31:45,m2312-C-3350,m2312-C-3350,217.0,0.0,0.0,0.0,1,109.5,0.0,0,217.0,0.0,0.0,0.0,0.0,0.0,5
2023-05-10 21:31:45,m2312-C-3350,m2312-C-3350,217.0,0.0,0.0,0.0,10,110.0,0.0,0,217.0,0.0,0.0,0.0,0.0,0.0,5
2023-05-10 22:01:45,m2312-C-3350,m2312-C-3350,217.0,0.0,0.0,0.0,1,110.5,0.0,0,217.0,0.0,0.0,0.0,0.0,0.0,5
2023-05-10 22:01:45,m2312-C-3350,m2312-C-3350,217.0,0.0,0.0,0.0,10,111.0,0.0,0,217.0,0.0,0.0,0.0,0.0,0.0,5
2023-05-10 22:49:54,m2312-C-3350,m2312-C-3350,217.0,0.0,0.0,0.0,1,111.5,0.0,0,217.0,0.0,0.0,0.0,0.0,0.0,5
2023-05-10 22:49:54,m2312-C-3350,m2312-C-3350,217.0,0.0,0.0,0.0,10,112.0,0.0,0,217.0,0.0,0.0,0.0,0.0,0.0,5
2023-05-10 22:57:33,m2312-C-3350,m2312-C-3350,217.0,0.0,0.0,0.0,1,111.5,0.0,0,217.0,0.0,0.0,0.0,0.0,0.0,5
2023-05-10 22:57:47,m2312-C-3350,m2312-C-3350,217.0,0.0,0.0,0.0,1,61.5,0.0,0,217.0,0.0,0.0,0.0,0.0,0.0,5
2023-05-10 22:59:16,m2312-C-3350,m2312-C-3350,217.0,0.0,0.0,0.0,10,62.0,0.0,0,217.0,0.0,0.0,0.0,0.0,0.0,5
2023-05-10 22:59:56,m2312-C-3350,m2312-C-3350,217.0,0.0,0.0,0.0,0,0.0,0.0,0,217.0,0.0,0.0,0.0,0.0,0.0,5
2023-05-11 09:00:33,m2312-C-3350,m2312-C-3350,217.0,0.0,0.0,0.0,10,12.0,0.0,0,217.0,0.0,0.0,0.0,0.0,0.0,5
2023-05-11 09:00:33,m2312-C-3350,m2312-C-3350,217.0,0.0,0.0,0.0,1,54.0,0.0,0,217.0,0.0,0.0,0.0,0.0,0.0,5
2023-05-11 09:00:33,m2312-C-3350,m2312-C-3350,217.0,0.0,0.0,0.0,10,54.5,0.0,0,217.0,0.0,0.0,0.0,0.0,0.0,5
2023-05-11 09:00:52,m2312-C-3350,m2312-C-3350,217.0,0.0,0.0,0.0,1,55.0,0.0,0,217.0,0.0,0.0,0.0,0.0,0.0,5
2023-05-11 09:00:52,m2312-C-3350,m2312-C-3350,217.0,0.0,0.0,0.0,10,55.5,0.0,0,217.0,0.0,0.0,0.0,0.0,0.0,5
2023-05-11 09:01:13,m2312-C-3350,m2312-C-3350,217.0,0.0,0.0,0.0,1,56.0,0.0,0,217.0,0.0,0.0,0.0,0.0,0.0,5
2023-05-11 09:01:13,m2312-C-3350,m2312-C-3350,217.0,0.0,0.0,0.0,10,56.5,0.0,0,217.0,0.0,0.0,0.0,0.0,0.0,5
2023-05-11 09:03:03,m2312-C-3350,m2312-C-3350,217.0,0.0,0.0,0.0,1,57.0,0.0,0,217.0,0.0,0.0,0.0,0.0,0.0,5
2023-05-11 09:03:03,m2312-C-3350,m2312-C-3350,217.0,0.0,0.0,0.0,10,57.5,0.0,0,217.0,0.0,0.0,0.0,0.0,0.0,5
2023-05-11 09:03:09,m2312-C-3350,m2312-C-3350,217.0,0.0,0.0,0.0,1,58.0,0.0,0,217.0,0.0,0.0,0.0,0.0,0.0,5
2023-05-11 09:03:09,m2312-C-3350,m2312-C-3350,217.0,0.0,0.0,0.0,10,58.5,0.0,0,217.0,0.0,0.0,0.0,0.0,0.0,5
2023-05-11 09:03:16,m2312-C-3350,m2312-C-3350,217.0,0.0,0.0,0.0,1,59.0,0.0,0,217.0,0.0,0.0,0.0,0.0,0.0,5
2023-05-11 09:03:16,m2312-C-3350,m2312-C-3350,217.0,0.0,0.0,0.0,10,59.5,0.0,0,217.0,0.0,0.0,0.0,0.0,0.0,5
2023-05-11 09:03:40,m2312-C-3350,m2312-C-3350,217.0,0.0,0.0,0.0,1,60.0,0.0,0,217.0,0.0,0.0,0.0,0.0,0.0,5
2023-05-11 09:03:40,m2312-C-3350,m2312-C-3350,217.0,0.0,0.0,0.0,10,60.5,0.0,0,217.0,0.0,0.0,0.0,0.0,0.0,5
2023-05-11 09:03:44,m2312-C-3350,m2312-C-3350,217.0,0.0,0.0,0.0,1,61.0,0.0,0,217.0,0.0,0.0,0.0,0.0,0.0,5
2023-05-11 09:03:44,m2312-C-3350,m2312-C-3350,217.0,0.0,0.0,0.0,10,61.5,0.0,0,217.0,0.0,0.0,0.0,0.0,0.0,5
2023-05-11 09:03:45,m2312-C-3350,m2312-C-3350,217.0,0.0,0.0,0.0,1,62.0,0.0,0,217.0,0.0,0.0,0.0,0.0,0.0,5
2023-05-11 09:03:45,m2312-C-3350,m2312-C-3350,217.0,0.0,0.0,0.0,10,62.5,0.0,0,217.0,0.0,0.0,0.0,0.0,0.0,5
2023-05-11 09:03:50,m2312-C-3350,m2312-C-3350,217.0,0.0,0.0,0.0,1,63.0,0.0,0,217.0,0.0,0.0,0.0,0.0,0.0,5
2023-05-11 09:03:50,m2312-C-3350,m2312-C-3350,217.0,0.0,0.0,0.0,10,63.5,0.0,0,217.0,0.0,0.0,0.0,0.0,0.0,5
2023-05-11 09:03:52,m2312-C-3350,m2312-C-3350,217.0,0.0,0.0,0.0,1,64.0,0.0,0,217.0,0.0,0.0,0.0,0.0,0.0,5
2023-05-11 09:03:52,m2312-C-3350,m2312-C-3350,217.0,0.0,0.0,0.0,10,64.5,0.0,0,217.0,0.0,0.0,0.0,0.0,0.0,5
2023-05-11 09:03:54,m2312-C-3350,m2312-C-3350,217.0,0.0,0.0,0.0,1,65.0,0.0,0,217.0,0.0,0.0,0.0,0.0,0.0,5
2023-05-11 09:03:54,m2312-C-3350,m2312-C-3350,217.0,0.0,0.0,0.0,10,65.5,0.0,0,217.0,0.0,0.0,0.0,0.0,0.0,5
2023-05-11 09:03:56,m2312-C-3350,m2312-C-3350,217.0,0.0,0.0,0.0,1,66.0,0.0,0,217.0,0.0,0.0,0.0,0.0,0.0,5
2023-05-11 09:03:56,m2312-C-3350,m2312-C-3350,217.0,0.0,0.0,0.0,10,66.5,0.0,0,217.0,0.0,0.0,0.0,0.0,0.0,5
2023-05-11 09:03:58,m2312-C-3350,m2312-C-3350,217.0,0.0,0.0,0.0,1,67.0,0.0,0,217.0,0.0,0.0,0.0,0.0,0.0,5
2023-05-11 09:03:58,m2312-C-3350,m2312-C-3350,217.0,0.0,0.0,0.0,10,67.5,0.0,0,217.0,0.0,0.0,0.0,0.0,0.0,5
2023-05-11 09:04:00,m2312-C-3350,m2312-C-3350,217.0,0.0,0.0,0.0,1,68.0,0.0,0,217.0,0.0,0.0,0.0,0.0,0.0,5
2023-05-11 09:04:00,m2312-C-3350,m2312-C-3350,217.0,0.0,0.0,0.0,10,68.5,0.0,0,217.0,0.0,0.0,0.0,0.0,0.0,5
2023-05-11 09:04:02,m2312-C-3350,m2312-C-3350,217.0,0.0,0.0,0.0,1,69.0,0.0,0,217.0,0.0,0.0,0.0,0.0,0.0,5
2023-05-11 09:04:02,m2312-C-3350,m2312-C-3350,217.0,0.0,0.0,0.0,10,69.5,0.0,0,217.0,0.0,0.0,0.0,0.0,0.0,5
2023-05-11 09:04:05,m2312-C-3350,m2312-C-3350,217.0,0.0,0.0,0.0,1,70.0,0.0,0,217.0,0.0,0.0,0.0,0.0,0.0,5
2023-05-11 09:04:05,m2312-C-3350,m2312-C-3350,217.0,0.0,0.0,0.0,10,70.5,0.0,0,217.0,0.0,0.0,0.0,0.0,0.0,5
2023-05-11 09:04:06,m2312-C-3350,m2312-C-3350,217.0,0.0,0.0,0.0,1,71.0,0.0,0,217.0,0.0,0.0,0.0,0.0,0.0,5
2023-05-11 09:04:06,m2312-C-3350,m2312-C-3350,217.0,0.0,0.0,0.0,10,71.5,0.0,0,217.0,0.0,0.0,0.0,0.0,0.0,5
2023-05-11 09:04:08,m2312-C-3350,m2312-C-3350,217.0,0.0,0.0,0.0,1,72.0,0.0,0,217.0,0.0,0.0,0.0,0.0,0.0,5
2023-05-11 09:04:08,m2312-C-3350,m2312-C-3350,217.0,0.0,0.0,0.0,10,72.5,0.0,0,217.0,0.0,0.0,0.0,0.0,0.0,5
2023-05-11 09:04:09,m2312-C-3350,m2312-C-3350,217.0,0.0,0.0,0.0,1,73.0,0.0,0,217.0,0.0,0.0,0.0,0.0,0.0,5
2023-05-11 09:04:09,m2312-C-3350,m2312-C-3350,217.0,0.0,0.0,0.0,10,73.5,0.0,0,217.0,0.0,0.0,0.0,0.0,0.0,5
2023-05-11 09:04:11,m2312-C-3350,m2312-C-3350,217.0,0.0,0.0,0.0,1,74.0,0.0,0,217.0,0.0,0.0,0.0,0.0,0.0,5
2023-05-11 09:04:11,m2312-C-3350,m2312-C-3350,217.0,0.0,0.0,0.0,10,74.5,0.0,0,217.0,0.0,0.0,0.0,0.0,0.0,5
2023-05-11 09:04:12,m2312-C-3350,m2312-C-3350,217.0,0.0,0.0,0.0,1,75.0,0.0,0,217.0,0.0,0.0,0.0,0.0,0.0,5
2023-05-11 09:04:12,m2312-C-3350,m2312-C-3350,217.0,0.0,0.0,0.0,10,75.5,0.0,0,217.0,0.0,0.0,0.0,0.0,0.0,5
2023-05-11 09:04:14,m2312-C-3350,m2312-C-3350,217.0,0.0,0.0,0.0,1,76.0,0.0,0,217.0,0.0,0.0,0.0,0.0,0.0,5
2023-05-11 09:04:14,m2312-C-3350,m2312-C-3350,217.0,0.0,0.0,0.0,10,76.5,0.0,0,217.0,0.0,0.0,0.0,0.0,0.0,5
2023-05-11 09:04:16,m2312-C-3350,m2312-C-3350,217.0,0.0,0.0,0.0,1,77.0,0.0,0,217.0,0.0,0.0,0.0,0.0,0.0,5
2023-05-11 09:04:16,m2312-C-3350,m2312-C-3350,217.0,0.0,0.0,0.0,10,77.5,0.0,0,217.0,0.0,0.0,0.0,0.0,0.0,5
2023-05-11 09:04:17,m2312-C-3350,m2312-C-3350,217.0,0.0,0.0,0.0,1,78.0,0.0,0,217.0,0.0,0.0,0.0,0.0,0.0,5
2023-05-11 09:04:17,m2312-C-3350,m2312-C-3350,217.0,0.0,0.0,0.0,10,78.5,0.0,0,217.0,0.0,0.0,0.0,0.0,0.0,5
2023-05-11 09:04:19,m2312-C-3350,m2312-C-3350,217.0,0.0,0.0,0.0,1,79.0,0.0,0,217.0,0.0,0.0,0.0,0.0,0.0,5
2023-05-11 09:04:19,m2312-C-3350,m2312-C-3350,217.0,0.0,0.0,0.0,10,79.5,0.0,0,217.0,0.0,0.0,0.0,0.0,0.0,5
2023-05-11 09:04:20,m2312-C-3350,m2312-C-3350,217.0,0.0,0.0,0.0,1,80.0,0.0,0,217.0,0.0,0.0,0.0,0.0,0.0,5
2023-05-11 09:04:20,m2312-C-3350,m2312-C-3350,217.0,0.0,0.0,0.0,10,80.5,0.0,0,217.0,0.0,0.0,0.0,0.0,0.0,5
2023-05-11 09:04:22,m2312-C-3350,m2312-C-3350,217.0,0.0,0.0,0.0,1,81.0,0.0,0,217.0,0.0,0.0,0.0,0.0,0.0,5
2023-05-11 09:04:22,m2312-C-3350,m2312-C-3350,217.0,0.0,0.0,0.0,10,81.5,0.0,0,217.0,0.0,0.0,0.0,0.0,0.0,5
2023-05-11 09:04:24,m2312-C-3350,m2312-C-3350,217.0,0.0,0.0,0.0,1,82.0,0.0,0,217.0,0.0,0.0,0.0,0.0,0.0,5
2023-05-11 09:04:24,m2312-C-3350,m2312-C-3350,217.0,0.0,0.0,0.0,10,82.5,0.0,0,217.0,0.0,0.0,0.0,0.0,0.0,5
2023-05-11 09:04:25,m2312-C-3350,m2312-C-3350,217.0,0.0,0.0,0.0,1,83.0,0.0,0,217.0,0.0,0.0,0.0,0.0,0.0,5
2023-05-11 09:04:25,m2312-C-3350,m2312-C-3350,217.0,0.0,0.0,0.0,10,83.5,0.0,0,217.0,0.0,0.0,0.0,0.0,0.0,5
2023-05-11 09:04:27,m2312-C-3350,m2312-C-3350,217.0,0.0,0.0,0.0,1,84.0,0.0,0,217.0,0.0,0.0,0.0,0.0,0.0,5
2023-05-11 09:04:27,m2312-C-3350,m2312-C-3350,217.0,0.0,0.0,0.0,10,84.5,0.0,0,217.0,0.0,0.0,0.0,0.0,0.0,5
2023-05-11 09:04:28,m2312-C-3350,m2312-C-3350,217.0,0.0,0.0,0.0,1,85.0,0.0,0,217.0,0.0,0.0,0.0,0.0,0.0,5
2023-05-11 09:04:28,m2312-C-3350,m2312-C-3350,217.0,0.0,0.0,0.0,10,85.5,0.0,0,217.0,0.0,0.0,0.0,0.0,0.0,5
2023-05-11 09:04:30,m2312-C-3350,m2312-C-3350,217.0,0.0,0.0,0.0,1,86.0,0.0,0,217.0,0.0,0.0,0.0,0.0,0.0,5
2023-05-11 09:04:30,m2312-C-3350,m2312-C-3350,217.0,0.0,0.0,0.0,10,86.5,0.0,0,217.0,0.0,0.0,0.0,0.0,0.0,5
2023-05-11 09:09:18,m2312-C-3350,m2312-C-3350,217.0,0.0,0.0,0.0,1,87.0,0.0,0,217.0,0.0,0.0,0.0,0.0,0.0,5
2023-05-11 09:09:18,m2312-C-3350,m2312-C-3350,217.0,0.0,0.0,0.0,10,87.5,0.0,0,217.0,0.0,0.0,0.0,0.0,0.0,5
2023-05-11 09:09:48,m2312-C-3350,m2312-C-3350,217.0,0.0,0.0,0.0,1,88.0,0.0,0,217.0,0.0,0.0,0.0,0.0,0.0,5
2023-05-11 09:09:48,m2312-C-3350,m2312-C-3350,217.0,0.0,0.0,0.0,10,88.5,0.0,0,217.0,0.0,0.0,0.0,0.0,0.0,5
2023-05-11 09:09:52,m2312-C-3350,m2312-C-3350,217.0,0.0,0.0,0.0,1,89.0,0.0,0,217.0,0.0,0.0,0.0,0.0,0.0,5
2023-05-11 09:09:52,m2312-C-3350,m2312-C-3350,217.0,0.0,0.0,0.0,10,89.5,0.0,0,217.0,0.0,0.0,0.0,0.0,0.0,5
2023-05-11 09:09:55,m2312-C-3350,m2312-C-3350,217.0,0.0,0.0,0.0,1,90.0,0.0,0,217.0,0.0,0.0,0.0,0.0,0.0,5
2023-05-11 09:09:55,m2312-C-3350,m2312-C-3350,217.0,0.0,0.0,0.0,10,90.5,0.0,0,217.0,0.0,0.0,0.0,0.0,0.0,5
2023-05-11 09:10:00,m2312-C-3350,m2312-C-3350,217.0,0.0,0.0,0.0,1,91.0,0.0,0,217.0,0.0,0.0,0.0,0.0,0.0,5
2023-05-11 09:10:00,m2312-C-3350,m2312-C-3350,217.0,0.0,0.0,0.0,10,91.5,0.0,0,217.0,0.0,0.0,0.0,0.0,0.0,5
2023-05-11 09:10:04,m2312-C-3350,m2312-C-3350,217.0,0.0,0.0,0.0,1,92.0,0.0,0,217.0,0.0,0.0,0.0,0.0,0.0,5
2023-05-11 09:10:04,m2312-C-3350,m2312-C-3350,217.0,0.0,0.0,0.0,10,92.5,0.0,0,217.0,0.0,0.0,0.0,0.0,0.0,5
2023-05-11 09:10:09,m2312-C-3350,m2312-C-3350,217.0,0.0,0.0,0.0,1,93.0,0.0,0,217.0,0.0,0.0,0.0,0.0,0.0,5
2023-05-11 09:10:09,m2312-C-3350,m2312-C-3350,217.0,0.0,0.0,0.0,10,93.5,0.0,0,217.0,0.0,0.0,0.0,0.0,0.0,5
2023-05-11 09:10:13,m2312-C-3350,m2312-C-3350,217.0,0.0,0.0,0.0,1,94.0,0.0,0,217.0,0.0,0.0,0.0,0.0,0.0,5
2023-05-11 09:10:13,m2312-C-3350,m2312-C-3350,217.0,0.0,0.0,0.0,10,94.5,0.0,0,217.0,0.0,0.0,0.0,0.0,0.0,5
2023-05-11 09:10:16,m2312-C-3350,m2312-C-3350,217.0,0.0,0.0,0.0,1,95.0,0.0,0,217.0,0.0,0.0,0.0,0.0,0.0,5
2023-05-11 09:10:16,m2312-C-3350,m2312-C-3350,217.0,0.0,0.0,0.0,10,95.5,0.0,0,217.0,0.0,0.0,0.0,0.0,0.0,5
2023-05-11 09:10:18,m2312-C-3350,m2312-C-3350,217.0,0.0,0.0,0.0,1,96.0,0.0,0,217.0,0.0,0.0,0.0,0.0,0.0,5
2023-05-11 09:10:18,m2312-C-3350,m2312-C-3350,217.0,0.0,0.0,0.0,10,96.5,0.0,0,217.0,0.0,0.0,0.0,0.0,0.0,5
2023-05-11 09:10:21,m2312-C-3350,m2312-C-3350,217.0,0.0,0.0,0.0,1,97.0,0.0,0,217.0,0.0,0.0,0.0,0.0,0.0,5
2023-05-11 09:10:21,m2312-C-3350,m2312-C-3350,217.0,0.0,0.0,0.0,10,97.5,0.0,0,217.0,0.0,0.0,0.0,0.0,0.0,5
2023-05-11 09:10:24,m2312-C-3350,m2312-C-3350,217.0,0.0,0.0,0.0,1,98.0,0.0,0,217.0,0.0,0.0,0.0,0.0,0.0,5
2023-05-11 09:10:24,m2312-C-3350,m2312-C-3350,217.0,0.0,0.0,0.0,10,98.5,0.0,0,217.0,0.0,0.0,0.0,0.0,0.0,5
2023-05-11 09:10:27,m2312-C-3350,m2312-C-3350,217.0,0.0,0.0,0.0,1,99.0,0.0,0,217.0,0.0,0.0,0.0,0.0,0.0,5
2023-05-11 09:10:27,m2312-C-3350,m2312-C-3350,217.0,0.0,0.0,0.0,10,99.5,0.0,0,217.0,0.0,0.0,0.0,0.0,0.0,5
2023-05-11 09:10:29,m2312-C-3350,m2312-C-3350,217.0,0.0,0.0,0.0,1,100.0,0.0,0,217.0,0.0,0.0,0.0,0.0,0.0,5
2023-05-11 09:10:29,m2312-C-3350,m2312-C-3350,217.0,0.0,0.0,0.0,10,100.5,0.0,0,217.0,0.0,0.0,0.0,0.0,0.0,5
2023-05-11 09:10:33,m2312-C-3350,m2312-C-3350,217.0,0.0,0.0,0.0,1,101.0,0.0,0,217.0,0.0,0.0,0.0,0.0,0.0,5
2023-05-11 09:10:33,m2312-C-3350,m2312-C-3350,217.0,0.0,0.0,0.0,10,101.5,0.0,0,217.0,0.0,0.0,0.0,0.0,0.0,5
2023-05-11 09:10:35,m2312-C-3350,m2312-C-3350,217.0,0.0,0.0,0.0,1,102.0,0.0,0,217.0,0.0,0.0,0.0,0.0,0.0,5
2023-05-11 09:10:35,m2312-C-3350,m2312-C-3350,217.0,0.0,0.0,0.0,10,102.5,0.0,0,217.0,0.0,0.0,0.0,0.0,0.0,5
2023-05-11 09:10:36,m2312-C-3350,m2312-C-3350,217.0,0.0,0.0,0.0,1,103.0,0.0,0,217.0,0.0,0.0,0.0,0.0,0.0,5
2023-05-11 09:10:36,m2312-C-3350,m2312-C-3350,217.0,0.0,0.0,0.0,10,103.5,0.0,0,217.0,0.0,0.0,0.0,0.0,0.0,5
2023-05-11 09:10:38,m2312-C-3350,m2312-C-3350,217.0,0.0,0.0,0.0,1,104.0,0.0,0,217.0,0.0,0.0,0.0,0.0,0.0,5
2023-05-11 09:10:38,m2312-C-3350,m2312-C-3350,217.0,0.0,0.0,0.0,10,104.5,0.0,0,217.0,0.0,0.0,0.0,0.0,0.0,5
2023-05-11 09:10:40,m2312-C-3350,m2312-C-3350,217.0,0.0,0.0,0.0,1,105.0,0.0,0,217.0,0.0,0.0,0.0,0.0,0.0,5
2023-05-11 09:10:40,m2312-C-3350,m2312-C-3350,217.0,0.0,0.0,0.0,10,105.5,0.0,0,217.0,0.0,0.0,0.0,0.0,0.0,5
2023-05-11 09:10:42,m2312-C-3350,m2312-C-3350,217.0,0.0,0.0,0.0,1,106.0,0.0,0,217.0,0.0,0.0,0.0,0.0,0.0,5
2023-05-11 09:10:42,m2312-C-3350,m2312-C-3350,217.0,0.0,0.0,0.0,10,106.5,0.0,0,217.0,0.0,0.0,0.0,0.0,0.0,5
2023-05-11 09:10:43,m2312-C-3350,m2312-C-3350,217.0,0.0,0.0,0.0,1,107.0,0.0,0,217.0,0.0,0.0,0.0,0.0,0.0,5
2023-05-11 09:10:43,m2312-C-3350,m2312-C-3350,217.0,0.0,0.0,0.0,10,107.5,0.0,0,217.0,0.0,0.0,0.0,0.0,0.0,5
2023-05-11 09:10:45,m2312-C-3350,m2312-C-3350,217.0,0.0,0.0,0.0,1,108.0,0.0,0,217.0,0.0,0.0,0.0,0.0,0.0,5
2023-05-11 09:10:45,m2312-C-3350,m2312-C-3350,217.0,0.0,0.0,0.0,10,108.5,0.0,0,217.0,0.0,0.0,0.0,0.0,0.0,5
2023-05-11 09:10:46,m2312-C-3350,m2312-C-3350,217.0,0.0,0.0,0.0,1,109.0,0.0,0,217.0,0.0,0.0,0.0,0.0,0.0,5
2023-05-11 09:10:46,m2312-C-3350,m2312-C-3350,217.0,0.0,0.0,0.0,10,109.5,0.0,0,217.0,0.0,0.0,0.0,0.0,0.0,5
2023-05-11 09:10:47,m2312-C-3350,m2312-C-3350,217.0,0.0,0.0,0.0,1,110.0,0.0,0,217.0,0.0,0.0,0.0,0.0,0.0,5
2023-05-11 09:10:47,m2312-C-3350,m2312-C-3350,217.0,0.0,0.0,0.0,10,110.5,0.0,0,217.0,0.0,0.0,0.0,0.0,0.0,5
2023-05-11 09:10:49,m2312-C-3350,m2312-C-3350,217.0,0.0,0.0,0.0,1,111.0,0.0,0,217.0,0.0,0.0,0.0,0.0,0.0,5
2023-05-11 09:10:49,m2312-C-3350,m2312-C-3350,217.0,0.0,0.0,0.0,10,111.5,0.0,0,217.0,0.0,0.0,0.0,0.0,0.0,5
2023-05-11 09:10:50,m2312-C-3350,m2312-C-3350,217.0,0.0,0.0,0.0,1,112.0,0.0,0,217.0,0.0,0.0,0.0,0.0,0.0,5
2023-05-11 09:10:50,m2312-C-3350,m2312-C-3350,217.0,0.0,0.0,0.0,10,112.5,0.0,0,217.0,0.0,0.0,0.0,0.0,0.0,5
2023-05-11 09:27:51,m2312-C-3350,m2312-C-3350,217.0,0.0,0.0,0.0,1,113.0,0.0,0,217.0,0.0,0.0,0.0,0.0,0.0,5
2023-05-11 09:27:51,m2312-C-3350,m2312-C-3350,217.0,0.0,0.0,0.0,10,113.5,0.0,0,217.0,0.0,0.0,0.0,0.0,0.0,5
2023-05-11 09:40:34,m2312-C-3350,m2312-C-3350,217.0,0.0,0.0,0.0,1,114.0,0.0,0,217.0,0.0,0.0,0.0,0.0,0.0,5
2023-05-11 09:40:34,m2312-C-3350,m2312-C-3350,217.0,0.0,0.0,0.0,10,114.5,0.0,0,217.0,0.0,0.0,0.0,0.0,0.0,5
2023-05-11 10:12:35,m2312-C-3350,m2312-C-3350,217.0,0.0,0.0,0.0,1,115.0,0.0,0,217.0,0.0,0.0,0.0,0.0,0.0,5
2023-05-11 10:12:35,m2312-C-3350,m2312-C-3350,217.0,0.0,0.0,0.0,10,115.5,0.0,0,217.0,0.0,0.0,0.0,0.0,0.0,5
2023-05-11 10:14:32,m2312-C-3350,m2312-C-3350,217.0,0.0,0.0,0.0,1,115.0,0.0,0,217.0,0.0,0.0,0.0,0.0,0.0,5
2023-05-11 10:30:07,m2312-C-3350,m2312-C-3350,217.0,0.0,0.0,0.0,10,115.5,0.0,0,217.0,0.0,0.0,0.0,0.0,0.0,5
2023-05-11 10:53:59,m2312-C-3350,m2312-C-3350,217.0,0.0,0.0,0.0,1,116.0,0.0,0,217.0,0.0,0.0,0.0,0.0,0.0,5
2023-05-11 10:53:59,m2312-C-3350,m2312-C-3350,217.0,0.0,0.0,0.0,10,116.5,0.0,0,217.0,0.0,0.0,0.0,0.0,0.0,5
2023-05-11 11:24:10,m2312-C-3350,m2312-C-3350,217.0,0.0,0.0,0.0,1,117.0,0.0,0,217.0,0.0,0.0,0.0,0.0,0.0,5
2023-05-11 11:24:10,m2312-C-3350,m2312-C-3350,217.0,0.0,0.0,0.0,10,117.5,0.0,0,217.0,0.0,0.0,0.0,0.0,0.0,5
2023-05-11 11:29:33,m2312-C-3350,m2312-C-3350,217.0,0.0,0.0,0.0,1,54.0,0.0,0,217.0,0.0,0.0,0.0,0.0,0.0,5
2023-05-11 13:30:02,m2312-C-3350,m2312-C-3350,217.0,0.0,0.0,0.0,10,54.5,0.0,0,217.0,0.0,0.0,0.0,0.0,0.0,5
2023-05-11 13:31:03,m2312-C-3350,m2312-C-3350,217.0,0.0,0.0,0.0,1,55.0,0.0,0,217.0,0.0,0.0,0.0,0.0,0.0,5
2023-05-11 13:31:03,m2312-C-3350,m2312-C-3350,217.0,0.0,0.0,0.0,10,55.5,0.0,0,217.0,0.0,0.0,0.0,0.0,0.0,5
2023-05-11 13:31:23,m2312-C-3350,m2312-C-3350,217.0,0.0,0.0,0.0,1,56.0,0.0,0,217.0,0.0,0.0,0.0,0.0,0.0,5
2023-05-11 13:31:23,m2312-C-3350,m2312-C-3350,217.0,0.0,0.0,0.0,10,56.5,0.0,0,217.0,0.0,0.0,0.0,0.0,0.0,5
2023-05-11 13:32:34,m2312-C-3350,m2312-C-3350,217.0,0.0,0.0,0.0,1,57.0,0.0,0,217.0,0.0,0.0,0.0,0.0,0.0,5
2023-05-11 13:32:34,m2312-C-3350,m2312-C-3350,217.0,0.0,0.0,0.0,10,57.5,0.0,0,217.0,0.0,0.0,0.0,0.0,0.0,5
2023-05-11 13:32:44,m2312-C-3350,m2312-C-3350,217.0,0.0,0.0,0.0,1,58.0,0.0,0,217.0,0.0,0.0,0.0,0.0,0.0,5
2023-05-11 13:32:44,m2312-C-3350,m2312-C-3350,217.0,0.0,0.0,0.0,10,58.5,0.0,0,217.0,0.0,0.0,0.0,0.0,0.0,5
2023-05-11 13:33:11,m2312-C-3350,m2312-C-3350,217.0,0.0,0.0,0.0,1,59.0,0.0,0,217.0,0.0,0.0,0.0,0.0,0.0,5
2023-05-11 13:33:11,m2312-C-3350,m2312-C-3350,217.0,0.0,0.0,0.0,10,59.5,0.0,0,217.0,0.0,0.0,0.0,0.0,0.0,5
2023-05-11 13:33:17,m2312-C-3350,m2312-C-3350,217.0,0.0,0.0,0.0,1,60.0,0.0,0,217.0,0.0,0.0,0.0,0.0,0.0,5
2023-05-11 13:33:17,m2312-C-3350,m2312-C-3350,217.0,0.0,0.0,0.0,10,60.5,0.0,0,217.0,0.0,0.0,0.0,0.0,0.0,5
2023-05-11 13:33:21,m2312-C-3350,m2312-C-3350,217.0,0.0,0.0,0.0,1,61.0,0.0,0,217.0,0.0,0.0,0.0,0.0,0.0,5
2023-05-11 13:33:21,m2312-C-3350,m2312-C-3350,217.0,0.0,0.0,0.0,10,61.5,0.0,0,217.0,0.0,0.0,0.0,0.0,0.0,5
2023-05-11 13:33:26,m2312-C-3350,m2312-C-3350,217.0,0.0,0.0,0.0,1,62.0,0.0,0,217.0,0.0,0.0,0.0,0.0,0.0,5
2023-05-11 13:33:26,m2312-C-3350,m2312-C-3350,217.0,0.0,0.0,0.0,10,62.5,0.0,0,217.0,0.0,0.0,0.0,0.0,0.0,5
2023-05-11 13:33:41,m2312-C-3350,m2312-C-3350,217.0,0.0,0.0,0.0,1,63.0,0.0,0,217.0,0.0,0.0,0.0,0.0,0.0,5
2023-05-11 13:33:41,m2312-C-3350,m2312-C-3350,217.0,0.0,0.0,0.0,10,63.5,0.0,0,217.0,0.0,0.0,0.0,0.0,0.0,5
2023-05-11 13:33:45,m2312-C-3350,m2312-C-3350,217.0,0.0,0.0,0.0,1,64.0,0.0,0,217.0,0.0,0.0,0.0,0.0,0.0,5
2023-05-11 13:33:45,m2312-C-3350,m2312-C-3350,217.0,0.0,0.0,0.0,10,64.5,0.0,0,217.0,0.0,0.0,0.0,0.0,0.0,5
2023-05-11 13:34:11,m2312-C-3350,m2312-C-3350,217.0,0.0,0.0,0.0,1,65.0,0.0,0,217.0,0.0,0.0,0.0,0.0,0.0,5
2023-05-11 13:34:11,m2312-C-3350,m2312-C-3350,217.0,0.0,0.0,0.0,10,65.5,0.0,0,217.0,0.0,0.0,0.0,0.0,0.0,5
2023-05-11 13:37:20,m2312-C-3350,m2312-C-3350,217.0,0.0,0.0,0.0,1,66.0,0.0,0,217.0,0.0,0.0,0.0,0.0,0.0,5
2023-05-11 13:37:20,m2312-C-3350,m2312-C-3350,217.0,0.0,0.0,0.0,10,66.5,0.0,0,217.0,0.0,0.0,0.0,0.0,0.0,5
2023-05-11 13:37:27,m2312-C-3350,m2312-C-3350,217.0,0.0,0.0,0.0,1,67.0,0.0,0,217.0,0.0,0.0,0.0,0.0,0.0,5
2023-05-11 13:37:27,m2312-C-3350,m2312-C-3350,217.0,0.0,0.0,0.0,10,67.5,0.0,0,217.0,0.0,0.0,0.0,0.0,0.0,5
2023-05-11 13:38:16,m2312-C-3350,m2312-C-3350,217.0,0.0,0.0,0.0,1,68.0,0.0,0,217.0,0.0,0.0,0.0,0.0,0.0,5
2023-05-11 13:38:16,m2312-C-3350,m2312-C-3350,217.0,0.0,0.0,0.0,10,68.5,0.0,0,217.0,0.0,0.0,0.0,0.0,0.0,5
2023-05-11 13:38:24,m2312-C-3350,m2312-C-3350,217.0,0.0,0.0,0.0,1,69.0,0.0,0,217.0,0.0,0.0,0.0,0.0,0.0,5
2023-05-11 13:38:24,m2312-C-3350,m2312-C-3350,217.0,0.0,0.0,0.0,10,69.5,0.0,0,217.0,0.0,0.0,0.0,0.0,0.0,5
2023-05-11 13:38:27,m2312-C-3350,m2312-C-3350,217.0,0.0,0.0,0.0,1,70.0,0.0,0,217.0,0.0,0.0,0.0,0.0,0.0,5
2023-05-11 13:38:27,m2312-C-3350,m2312-C-3350,217.0,0.0,0.0,0.0,10,70.5,0.0,0,217.0,0.0,0.0,0.0,0.0,0.0,5
2023-05-11 13:39:07,m2312-C-3350,m2312-C-3350,217.0,0.0,0.0,0.0,1,71.0,0.0,0,217.0,0.0,0.0,0.0,0.0,0.0,5
2023-05-11 13:39:07,m2312-C-3350,m2312-C-3350,217.0,0.0,0.0,0.0,10,71.5,0.0,0,217.0,0.0,0.0,0.0,0.0,0.0,5
2023-05-11 13:39:18,m2312-C-3350,m2312-C-3350,217.0,0.0,0.0,0.0,1,72.0,0.0,0,217.0,0.0,0.0,0.0,0.0,0.0,5
2023-05-11 13:39:18,m2312-C-3350,m2312-C-3350,217.0,0.0,0.0,0.0,10,72.5,0.0,0,217.0,0.0,0.0,0.0,0.0,0.0,5
2023-05-11 13:39:28,m2312-C-3350,m2312-C-3350,217.0,0.0,0.0,0.0,1,73.0,0.0,0,217.0,0.0,0.0,0.0,0.0,0.0,5
2023-05-11 13:39:28,m2312-C-3350,m2312-C-3350,217.0,0.0,0.0,0.0,10,73.5,0.0,0,217.0,0.0,0.0,0.0,0.0,0.0,5
2023-05-11 13:39:31,m2312-C-3350,m2312-C-3350,217.0,0.0,0.0,0.0,1,74.0,0.0,0,217.0,0.0,0.0,0.0,0.0,0.0,5
2023-05-11 13:39:31,m2312-C-3350,m2312-C-3350,217.0,0.0,0.0,0.0,10,74.5,0.0,0,217.0,0.0,0.0,0.0,0.0,0.0,5
2023-05-11 13:39:35,m2312-C-3350,m2312-C-3350,217.0,0.0,0.0,0.0,10,75.5,0.0,0,217.0,0.0,0.0,0.0,0.0,0.0,5
2023-05-11 13:39:44,m2312-C-3350,m2312-C-3350,217.0,0.0,0.0,0.0,1,76.0,0.0,0,217.0,0.0,0.0,0.0,0.0,0.0,5
2023-05-11 13:39:44,m2312-C-3350,m2312-C-3350,217.0,0.0,0.0,0.0,10,76.5,0.0,0,217.0,0.0,0.0,0.0,0.0,0.0,5
2023-05-11 13:39:47,m2312-C-3350,m2312-C-3350,217.0,0.0,0.0,0.0,1,77.0,0.0,0,217.0,0.0,0.0,0.0,0.0,0.0,5
2023-05-11 13:39:47,m2312-C-3350,m2312-C-3350,217.0,0.0,0.0,0.0,10,77.5,0.0,0,217.0,0.0,0.0,0.0,0.0,0.0,5
2023-05-11 13:39:50,m2312-C-3350,m2312-C-3350,217.0,0.0,0.0,0.0,1,78.0,0.0,0,217.0,0.0,0.0,0.0,0.0,0.0,5
2023-05-11 13:39:50,m2312-C-3350,m2312-C-3350,217.0,0.0,0.0,0.0,10,78.5,0.0,0,217.0,0.0,0.0,0.0,0.0,0.0,5
2023-05-11 13:39:53,m2312-C-3350,m2312-C-3350,217.0,0.0,0.0,0.0,1,79.0,0.0,0,217.0,0.0,0.0,0.0,0.0,0.0,5
2023-05-11 13:39:53,m2312-C-3350,m2312-C-3350,217.0,0.0,0.0,0.0,10,79.5,0.0,0,217.0,0.0,0.0,0.0,0.0,0.0,5
2023-05-11 13:39:56,m2312-C-3350,m2312-C-3350,217.0,0.0,0.0,0.0,1,80.0,0.0,0,217.0,0.0,0.0,0.0,0.0,0.0,5
2023-05-11 13:39:56,m2312-C-3350,m2312-C-3350,217.0,0.0,0.0,0.0,10,80.5,0.0,0,217.0,0.0,0.0,0.0,0.0,0.0,5
2023-05-11 13:40:00,m2312-C-3350,m2312-C-3350,217.0,0.0,0.0,0.0,1,81.0,0.0,0,217.0,0.0,0.0,0.0,0.0,0.0,5
2023-05-11 13:40:00,m2312-C-3350,m2312-C-3350,217.0,0.0,0.0,0.0,10,81.5,0.0,0,217.0,0.0,0.0,0.0,0.0,0.0,5
2023-05-11 13:40:09,m2312-C-3350,m2312-C-3350,217.0,0.0,0.0,0.0,1,82.0,0.0,0,217.0,0.0,0.0,0.0,0.0,0.0,5
2023-05-11 13:40:09,m2312-C-3350,m2312-C-3350,217.0,0.0,0.0,0.0,10,82.5,0.0,0,217.0,0.0,0.0,0.0,0.0,0.0,5
2023-05-11 13:40:13,m2312-C-3350,m2312-C-3350,217.0,0.0,0.0,0.0,1,83.0,0.0,0,217.0,0.0,0.0,0.0,0.0,0.0,5
2023-05-11 13:40:14,m2312-C-3350,m2312-C-3350,217.0,0.0,0.0,0.0,10,83.5,0.0,0,217.0,0.0,0.0,0.0,0.0,0.0,5
2023-05-11 13:40:17,m2312-C-3350,m2312-C-3350,217.0,0.0,0.0,0.0,1,84.0,0.0,0,217.0,0.0,0.0,0.0,0.0,0.0,5
2023-05-11 13:40:17,m2312-C-3350,m2312-C-3350,217.0,0.0,0.0,0.0,10,84.5,0.0,0,217.0,0.0,0.0,0.0,0.0,0.0,5
2023-05-11 13:40:18,m2312-C-3350,m2312-C-3350,217.0,0.0,0.0,0.0,1,85.0,0.0,0,217.0,0.0,0.0,0.0,0.0,0.0,5
2023-05-11 13:40:18,m2312-C-3350,m2312-C-3350,217.0,0.0,0.0,0.0,10,85.5,0.0,0,217.0,0.0,0.0,0.0,0.0,0.0,5
2023-05-11 13:40:19,m2312-C-3350,m2312-C-3350,217.0,0.0,0.0,0.0,1,86.0,0.0,0,217.0,0.0,0.0,0.0,0.0,0.0,5
2023-05-11 13:40:19,m2312-C-3350,m2312-C-3350,217.0,0.0,0.0,0.0,10,86.5,0.0,0,217.0,0.0,0.0,0.0,0.0,0.0,5
2023-05-11 13:40:48,m2312-C-3350,m2312-C-3350,217.0,0.0,0.0,0.0,1,87.0,0.0,0,217.0,0.0,0.0,0.0,0.0,0.0,5
2023-05-11 13:40:48,m2312-C-3350,m2312-C-3350,217.0,0.0,0.0,0.0,10,87.5,0.0,0,217.0,0.0,0.0,0.0,0.0,0.0,5
2023-05-11 13:40:52,m2312-C-3350,m2312-C-3350,217.0,0.0,0.0,0.0,1,88.0,0.0,0,217.0,0.0,0.0,0.0,0.0,0.0,5
2023-05-11 13:40:52,m2312-C-3350,m2312-C-3350,217.0,0.0,0.0,0.0,10,88.5,0.0,0,217.0,0.0,0.0,0.0,0.0,0.0,5
2023-05-11 13:40:54,m2312-C-3350,m2312-C-3350,217.0,0.0,0.0,0.0,1,89.0,0.0,0,217.0,0.0,0.0,0.0,0.0,0.0,5
2023-05-11 13:40:54,m2312-C-3350,m2312-C-3350,217.0,0.0,0.0,0.0,10,89.5,0.0,0,217.0,0.0,0.0,0.0,0.0,0.0,5
2023-05-11 13:40:57,m2312-C-3350,m2312-C-3350,217.0,0.0,0.0,0.0,1,90.0,0.0,0,217.0,0.0,0.0,0.0,0.0,0.0,5
2023-05-11 13:40:57,m2312-C-3350,m2312-C-3350,217.0,0.0,0.0,0.0,10,90.5,0.0,0,217.0,0.0,0.0,0.0,0.0,0.0,5
2023-05-11 13:41:00,m2312-C-3350,m2312-C-3350,217.0,0.0,0.0,0.0,1,91.0,0.0,0,217.0,0.0,0.0,0.0,0.0,0.0,5
2023-05-11 13:41:00,m2312-C-3350,m2312-C-3350,217.0,0.0,0.0,0.0,10,91.5,0.0,0,217.0,0.0,0.0,0.0,0.0,0.0,5
2023-05-11 13:41:02,m2312-C-3350,m2312-C-3350,217.0,0.0,0.0,0.0,1,92.0,0.0,0,217.0,0.0,0.0,0.0,0.0,0.0,5
2023-05-11 13:41:02,m2312-C-3350,m2312-C-3350,217.0,0.0,0.0,0.0,10,92.5,0.0,0,217.0,0.0,0.0,0.0,0.0,0.0,5
2023-05-11 13:41:04,m2312-C-3350,m2312-C-3350,217.0,0.0,0.0,0.0,1,93.0,0.0,0,217.0,0.0,0.0,0.0,0.0,0.0,5
2023-05-11 13:41:04,m2312-C-3350,m2312-C-3350,217.0,0.0,0.0,0.0,10,93.5,0.0,0,217.0,0.0,0.0,0.0,0.0,0.0,5
2023-05-11 13:41:06,m2312-C-3350,m2312-C-3350,217.0,0.0,0.0,0.0,1,94.0,0.0,0,217.0,0.0,0.0,0.0,0.0,0.0,5
2023-05-11 13:41:07,m2312-C-3350,m2312-C-3350,217.0,0.0,0.0,0.0,10,94.5,0.0,0,217.0,0.0,0.0,0.0,0.0,0.0,5
2023-05-11 13:41:08,m2312-C-3350,m2312-C-3350,217.0,0.0,0.0,0.0,1,95.0,0.0,0,217.0,0.0,0.0,0.0,0.0,0.0,5
2023-05-11 13:41:08,m2312-C-3350,m2312-C-3350,217.0,0.0,0.0,0.0,10,95.5,0.0,0,217.0,0.0,0.0,0.0,0.0,0.0,5
2023-05-11 13:41:10,m2312-C-3350,m2312-C-3350,217.0,0.0,0.0,0.0,1,96.0,0.0,0,217.0,0.0,0.0,0.0,0.0,0.0,5
2023-05-11 13:41:11,m2312-C-3350,m2312-C-3350,217.0,0.0,0.0,0.0,10,96.5,0.0,0,217.0,0.0,0.0,0.0,0.0,0.0,5
2023-05-11 13:41:12,m2312-C-3350,m2312-C-3350,217.0,0.0,0.0,0.0,1,97.0,0.0,0,217.0,0.0,0.0,0.0,0.0,0.0,5
2023-05-11 13:41:12,m2312-C-3350,m2312-C-3350,217.0,0.0,0.0,0.0,10,97.5,0.0,0,217.0,0.0,0.0,0.0,0.0,0.0,5
2023-05-11 13:41:14,m2312-C-3350,m2312-C-3350,217.0,0.0,0.0,0.0,1,98.0,0.0,0,217.0,0.0,0.0,0.0,0.0,0.0,5
2023-05-11 13:41:14,m2312-C-3350,m2312-C-3350,217.0,0.0,0.0,0.0,10,98.5,0.0,0,217.0,0.0,0.0,0.0,0.0,0.0,5
2023-05-11 13:41:15,m2312-C-3350,m2312-C-3350,217.0,0.0,0.0,0.0,1,99.0,0.0,0,217.0,0.0,0.0,0.0,0.0,0.0,5
2023-05-11 13:41:15,m2312-C-3350,m2312-C-3350,217.0,0.0,0.0,0.0,10,99.5,0.0,0,217.0,0.0,0.0,0.0,0.0,0.0,5
2023-05-11 13:41:16,m2312-C-3350,m2312-C-3350,217.0,0.0,0.0,0.0,1,100.0,0.0,0,217.0,0.0,0.0,0.0,0.0,0.0,5
2023-05-11 13:41:16,m2312-C-3350,m2312-C-3350,217.0,0.0,0.0,0.0,10,100.5,0.0,0,217.0,0.0,0.0,0.0,0.0,0.0,5
2023-05-11 13:41:18,m2312-C-3350,m2312-C-3350,217.0,0.0,0.0,0.0,1,101.0,0.0,0,217.0,0.0,0.0,0.0,0.0,0.0,5
2023-05-11 13:41:18,m2312-C-3350,m2312-C-3350,217.0,0.0,0.0,0.0,10,101.5,0.0,0,217.0,0.0,0.0,0.0,0.0,0.0,5
2023-05-11 13:41:19,m2312-C-3350,m2312-C-3350,217.0,0.0,0.0,0.0,1,102.0,0.0,0,217.0,0.0,0.0,0.0,0.0,0.0,5
2023-05-11 13:41:19,m2312-C-3350,m2312-C-3350,217.0,0.0,0.0,0.0,10,102.5,0.0,0,217.0,0.0,0.0,0.0,0.0,0.0,5
2023-05-11 13:41:21,m2312-C-3350,m2312-C-3350,217.0,0.0,0.0,0.0,1,103.0,0.0,0,217.0,0.0,0.0,0.0,0.0,0.0,5
2023-05-11 13:41:21,m2312-C-3350,m2312-C-3350,217.0,0.0,0.0,0.0,10,103.5,0.0,0,217.0,0.0,0.0,0.0,0.0,0.0,5
2023-05-11 13:41:22,m2312-C-3350,m2312-C-3350,217.0,0.0,0.0,0.0,1,104.0,0.0,0,217.0,0.0,0.0,0.0,0.0,0.0,5
2023-05-11 13:41:22,m2312-C-3350,m2312-C-3350,217.0,0.0,0.0,0.0,10,104.5,0.0,0,217.0,0.0,0.0,0.0,0.0,0.0,5
2023-05-11 13:41:23,m2312-C-3350,m2312-C-3350,217.0,0.0,0.0,0.0,1,105.0,0.0,0,217.0,0.0,0.0,0.0,0.0,0.0,5
2023-05-11 13:41:23,m2312-C-3350,m2312-C-3350,217.0,0.0,0.0,0.0,10,105.5,0.0,0,217.0,0.0,0.0,0.0,0.0,0.0,5
2023-05-11 13:41:24,m2312-C-3350,m2312-C-3350,217.0,0.0,0.0,0.0,1,106.0,0.0,0,217.0,0.0,0.0,0.0,0.0,0.0,5
2023-05-11 13:41:24,m2312-C-3350,m2312-C-3350,217.0,0.0,0.0,0.0,10,106.5,0.0,0,217.0,0.0,0.0,0.0,0.0,0.0,5
2023-05-11 13:41:26,m2312-C-3350,m2312-C-3350,217.0,0.0,0.0,0.0,1,107.0,0.0,0,217.0,0.0,0.0,0.0,0.0,0.0,5
2023-05-11 13:41:26,m2312-C-3350,m2312-C-3350,217.0,0.0,0.0,0.0,10,107.5,0.0,0,217.0,0.0,0.0,0.0,0.0,0.0,5
2023-05-11 13:41:30,m2312-C-3350,m2312-C-3350,217.0,0.0,0.0,0.0,1,108.0,0.0,0,217.0,0.0,0.0,0.0,0.0,0.0,5
2023-05-11 13:41:30,m2312-C-3350,m2312-C-3350,217.0,0.0,0.0,0.0,10,108.5,0.0,0,217.0,0.0,0.0,0.0,0.0,0.0,5
2023-05-11 13:41:32,m2312-C-3350,m2312-C-3350,217.0,0.0,0.0,0.0,1,109.0,0.0,0,217.0,0.0,0.0,0.0,0.0,0.0,5
2023-05-11 13:41:32,m2312-C-3350,m2312-C-3350,217.0,0.0,0.0,0.0,10,109.5,0.0,0,217.0,0.0,0.0,0.0,0.0,0.0,5
2023-05-11 13:41:34,m2312-C-3350,m2312-C-3350,217.0,0.0,0.0,0.0,1,110.0,0.0,0,217.0,0.0,0.0,0.0,0.0,0.0,5
2023-05-11 13:41:34,m2312-C-3350,m2312-C-3350,217.0,0.0,0.0,0.0,10,110.5,0.0,0,217.0,0.0,0.0,0.0,0.0,0.0,5
2023-05-11 13:41:35,m2312-C-3350,m2312-C-3350,217.0,0.0,0.0,0.0,1,111.0,0.0,0,217.0,0.0,0.0,0.0,0.0,0.0,5
2023-05-11 13:41:35,m2312-C-3350,m2312-C-3350,217.0,0.0,0.0,0.0,10,111.5,0.0,0,217.0,0.0,0.0,0.0,0.0,0.0,5
2023-05-11 13:41:36,m2312-C-3350,m2312-C-3350,217.0,0.0,0.0,0.0,1,112.0,0.0,0,217.0,0.0,0.0,0.0,0.0,0.0,5
2023-05-11 13:41:36,m2312-C-3350,m2312-C-3350,217.0,0.0,0.0,0.0,10,112.5,0.0,0,217.0,0.0,0.0,0.0,0.0,0.0,5
2023-05-11 13:47:46,m2312-C-3350,m2312-C-3350,217.0,0.0,0.0,0.0,1,113.0,0.0,0,217.0,0.0,0.0,0.0,0.0,0.0,5
2023-05-11 13:47:46,m2312-C-3350,m2312-C-3350,217.0,0.0,0.0,0.0,10,113.5,0.0,0,217.0,0.0,0.0,0.0,0.0,0.0,5
2023-05-11 14:12:57,m2312-C-3350,m2312-C-3350,217.0,0.0,0.0,0.0,1,114.0,0.0,0,217.0,0.0,0.0,0.0,0.0,0.0,5
2023-05-11 14:12:57,m2312-C-3350,m2312-C-3350,217.0,0.0,0.0,0.0,10,114.5,0.0,0,217.0,0.0,0.0,0.0,0.0,0.0,5
2023-05-11 14:38:46,m2312-C-3350,m2312-C-3350,217.0,0.0,0.0,0.0,5,193.5,216.5,5,217.0,0.0,0.0,0.0,0.0,0.0,5
2023-05-11 14:38:48,m2312-C-3350,m2312-C-3350,217.0,0.0,0.0,0.0,10,193.5,216.5,10,217.0,0.0,0.0,0.0,0.0,0.0,5
2023-05-11 14:38:52,m2312-C-3350,m2312-C-3350,217.0,0.0,0.0,0.0,5,196.5,216.5,10,217.0,0.0,0.0,0.0,0.0,0.0,5
2023-05-11 14:38:53,m2312-C-3350,m2312-C-3350,217.0,0.0,0.0,0.0,10,196.5,216.5,15,217.0,0.0,0.0,0.0,0.0,0.0,5
2023-05-11 14:38:55,m2312-C-3350,m2312-C-3350,217.0,0.0,0.0,0.0,10,196.5,215.5,5,217.0,0.0,0.0,0.0,0.0,0.0,5
2023-05-11 14:39:01,m2312-C-3350,m2312-C-3350,217.0,0.0,0.0,0.0,10,196.5,215.0,5,217.0,0.0,0.0,0.0,0.0,0.0,5
2023-05-11 14:39:03,m2312-C-3350,m2312-C-3350,217.0,0.0,0.0,0.0,5,196.5,215.0,5,217.0,0.0,0.0,0.0,0.0,0.0,5
2023-05-11 14:39:04,m2312-C-3350,m2312-C-3350,217.0,0.0,0.0,0.0,5,196.0,215.0,5,217.0,0.0,0.0,0.0,0.0,0.0,5
2023-05-11 14:39:07,m2312-C-3350,m2312-C-3350,217.0,0.0,0.0,0.0,5,195.0,215.0,5,217.0,0.0,0.0,0.0,0.0,0.0,5
2023-05-11 14:39:09,m2312-C-3350,m2312-C-3350,217.0,0.0,0.0,0.0,5,192.0,215.0,5,217.0,0.0,0.0,0.0,0.0,0.0,5
2023-05-11 14:39:13,m2312-C-3350,m2312-C-3350,217.0,0.0,0.0,0.0,10,114.5,0.0,0,217.0,0.0,0.0,0.0,0.0,0.0,5
2023-05-11 14:39:13,m2312-C-3350,m2312-C-3350,217.0,0.0,0.0,0.0,1,121.0,0.0,0,217.0,0.0,0.0,0.0,0.0,0.0,5
2023-05-11 14:39:13,m2312-C-3350,m2312-C-3350,217.0,0.0,0.0,0.0,10,121.5,0.0,0,217.0,0.0,0.0,0.0,0.0,0.0,5
2023-05-11 14:46:52,m2312-C-3350,m2312-C-3350,217.0,0.0,0.0,0.0,1,122.0,0.0,0,217.0,0.0,0.0,0.0,0.0,0.0,5
2023-05-11 14:46:52,m2312-C-3350,m2312-C-3350,217.0,0.0,0.0,0.0,10,122.5,0.0,0,217.0,0.0,0.0,0.0,0.0,0.0,5
2023-05-11 14:59:02,m2312-C-3350,m2312-C-3350,217.0,0.0,0.0,0.0,1,122.0,0.0,0,217.0,0.0,0.0,0.0,0.0,0.0,5
2023-05-11 14:59:05,m2312-C-3350,m2312-C-3350,217.0,0.0,0.0,0.0,10,122.5,0.0,0,217.0,0.0,0.0,0.0,0.0,0.0,5
2023-05-11 14:59:10,m2312-C-3350,m2312-C-3350,217.0,0.0,0.0,0.0,1,122.0,0.0,0,217.0,0.0,0.0,0.0,0.0,0.0,5
2023-05-11 15:01:10,m2312-C-3350,m2312-C-3350,217.0,0.0,0.0,0.0,1,122.0,0.0,0,217.0,0.0,0.0,0.0,0.0,0.0,5
