time,symbol_id,symbol_name,last,trade_volume,trade_amount,open_interest_change,bv1,bp1,ap1,av1,yesterday_close,today_open,today_high,today_low,volume,amount,open_interest
2023-05-10 20:55:44,m2312-C-4050,m2312-C-4050,19.5,0.0,0.0,0.0,1,0.5,0.0,0,19.5,0.0,0.0,0.0,0.0,0.0,15
2023-05-10 21:05:01,m2312-C-4050,m2312-C-4050,19.5,0.0,0.0,0.0,1,1.5,0.0,0,19.5,0.0,0.0,0.0,0.0,0.0,15
2023-05-10 21:16:56,m2312-C-4050,m2312-C-4050,19.5,0.0,0.0,0.0,2,1.5,0.0,0,19.5,0.0,0.0,0.0,0.0,0.0,15
2023-05-10 21:24:01,m2312-C-4050,m2312-C-4050,19.5,0.0,0.0,0.0,2,1.5,224.5,10,19.5,0.0,0.0,0.0,0.0,0.0,15
2023-05-10 21:24:44,m2312-C-4050,m2312-C-4050,19.5,0.0,0.0,0.0,2,1.5,224.0,1,19.5,0.0,0.0,0.0,0.0,0.0,15
2023-05-10 21:24:44,m2312-C-4050,m2312-C-4050,19.5,0.0,0.0,0.0,2,1.5,223.5,10,19.5,0.0,0.0,0.0,0.0,0.0,15
2023-05-10 21:25:22,m2312-C-4050,m2312-C-4050,19.5,0.0,0.0,0.0,2,1.5,223.0,1,19.5,0.0,0.0,0.0,0.0,0.0,15
2023-05-10 21:25:22,m2312-C-4050,m2312-C-4050,19.5,0.0,0.0,0.0,2,1.5,222.5,10,19.5,0.0,0.0,0.0,0.0,0.0,15
2023-05-10 21:25:34,m2312-C-4050,m2312-C-4050,19.5,0.0,0.0,0.0,2,1.5,222.0,1,19.5,0.0,0.0,0.0,0.0,0.0,15
2023-05-10 21:25:34,m2312-C-4050,m2312-C-4050,19.5,0.0,0.0,0.0,2,1.5,221.5,10,19.5,0.0,0.0,0.0,0.0,0.0,15
2023-05-10 21:25:50,m2312-C-4050,m2312-C-4050,19.5,0.0,0.0,0.0,2,1.5,221.0,1,19.5,0.0,0.0,0.0,0.0,0.0,15
2023-05-10 21:25:50,m2312-C-4050,m2312-C-4050,19.5,0.0,0.0,0.0,2,1.5,220.5,10,19.5,0.0,0.0,0.0,0.0,0.0,15
2023-05-10 21:26:06,m2312-C-4050,m2312-C-4050,19.5,0.0,0.0,0.0,2,1.5,220.0,1,19.5,0.0,0.0,0.0,0.0,0.0,15
2023-05-10 21:26:06,m2312-C-4050,m2312-C-4050,19.5,0.0,0.0,0.0,2,1.5,219.5,10,19.5,0.0,0.0,0.0,0.0,0.0,15
2023-05-10 21:26:32,m2312-C-4050,m2312-C-4050,19.5,0.0,0.0,0.0,2,1.5,219.0,1,19.5,0.0,0.0,0.0,0.0,0.0,15
2023-05-10 21:26:33,m2312-C-4050,m2312-C-4050,19.5,0.0,0.0,0.0,2,1.5,218.5,10,19.5,0.0,0.0,0.0,0.0,0.0,15
2023-05-10 21:26:39,m2312-C-4050,m2312-C-4050,19.5,0.0,0.0,0.0,2,1.5,218.0,1,19.5,0.0,0.0,0.0,0.0,0.0,15
2023-05-10 21:26:40,m2312-C-4050,m2312-C-4050,19.5,0.0,0.0,0.0,2,1.5,217.5,10,19.5,0.0,0.0,0.0,0.0,0.0,15
2023-05-10 21:27:04,m2312-C-4050,m2312-C-4050,19.5,0.0,0.0,0.0,2,1.5,217.0,1,19.5,0.0,0.0,0.0,0.0,0.0,15
2023-05-10 21:27:04,m2312-C-4050,m2312-C-4050,19.5,0.0,0.0,0.0,2,1.5,216.5,10,19.5,0.0,0.0,0.0,0.0,0.0,15
2023-05-10 21:27:07,m2312-C-4050,m2312-C-4050,19.5,0.0,0.0,0.0,2,1.5,216.0,1,19.5,0.0,0.0,0.0,0.0,0.0,15
2023-05-10 21:27:07,m2312-C-4050,m2312-C-4050,19.5,0.0,0.0,0.0,2,1.5,215.5,10,19.5,0.0,0.0,0.0,0.0,0.0,15
2023-05-10 21:27:17,m2312-C-4050,m2312-C-4050,19.5,0.0,0.0,0.0,2,1.5,215.0,1,19.5,0.0,0.0,0.0,0.0,0.0,15
2023-05-10 21:27:17,m2312-C-4050,m2312-C-4050,19.5,0.0,0.0,0.0,2,1.5,214.5,10,19.5,0.0,0.0,0.0,0.0,0.0,15
2023-05-10 21:27:25,m2312-C-4050,m2312-C-4050,19.5,0.0,0.0,0.0,2,1.5,214.0,1,19.5,0.0,0.0,0.0,0.0,0.0,15
2023-05-10 21:27:25,m2312-C-4050,m2312-C-4050,19.5,0.0,0.0,0.0,2,1.5,213.5,10,19.5,0.0,0.0,0.0,0.0,0.0,15
2023-05-10 21:27:35,m2312-C-4050,m2312-C-4050,19.5,0.0,0.0,0.0,2,1.5,213.0,1,19.5,0.0,0.0,0.0,0.0,0.0,15
2023-05-10 21:27:35,m2312-C-4050,m2312-C-4050,19.5,0.0,0.0,0.0,2,1.5,212.5,10,19.5,0.0,0.0,0.0,0.0,0.0,15
2023-05-10 21:27:44,m2312-C-4050,m2312-C-4050,19.5,0.0,0.0,0.0,2,1.5,212.0,1,19.5,0.0,0.0,0.0,0.0,0.0,15
2023-05-10 21:27:44,m2312-C-4050,m2312-C-4050,19.5,0.0,0.0,0.0,2,1.5,211.5,10,19.5,0.0,0.0,0.0,0.0,0.0,15
2023-05-10 21:27:47,m2312-C-4050,m2312-C-4050,19.5,0.0,0.0,0.0,2,1.5,211.0,1,19.5,0.0,0.0,0.0,0.0,0.0,15
2023-05-10 21:27:47,m2312-C-4050,m2312-C-4050,19.5,0.0,0.0,0.0,2,1.5,210.5,10,19.5,0.0,0.0,0.0,0.0,0.0,15
2023-05-10 21:27:51,m2312-C-4050,m2312-C-4050,19.5,0.0,0.0,0.0,2,1.5,210.0,1,19.5,0.0,0.0,0.0,0.0,0.0,15
2023-05-10 21:27:51,m2312-C-4050,m2312-C-4050,19.5,0.0,0.0,0.0,2,1.5,209.5,10,19.5,0.0,0.0,0.0,0.0,0.0,15
2023-05-10 21:27:59,m2312-C-4050,m2312-C-4050,19.5,0.0,0.0,0.0,2,1.5,209.0,1,19.5,0.0,0.0,0.0,0.0,0.0,15
2023-05-10 21:27:59,m2312-C-4050,m2312-C-4050,19.5,0.0,0.0,0.0,2,1.5,208.5,10,19.5,0.0,0.0,0.0,0.0,0.0,15
2023-05-10 21:28:07,m2312-C-4050,m2312-C-4050,19.5,0.0,0.0,0.0,2,1.5,208.0,1,19.5,0.0,0.0,0.0,0.0,0.0,15
2023-05-10 21:28:08,m2312-C-4050,m2312-C-4050,19.5,0.0,0.0,0.0,2,1.5,207.5,10,19.5,0.0,0.0,0.0,0.0,0.0,15
2023-05-10 21:28:14,m2312-C-4050,m2312-C-4050,19.5,0.0,0.0,0.0,2,1.5,207.0,1,19.5,0.0,0.0,0.0,0.0,0.0,15
2023-05-10 21:28:14,m2312-C-4050,m2312-C-4050,19.5,0.0,0.0,0.0,2,1.5,206.5,10,19.5,0.0,0.0,0.0,0.0,0.0,15
2023-05-10 21:28:21,m2312-C-4050,m2312-C-4050,19.5,0.0,0.0,0.0,2,1.5,206.0,1,19.5,0.0,0.0,0.0,0.0,0.0,15
2023-05-10 21:28:21,m2312-C-4050,m2312-C-4050,19.5,0.0,0.0,0.0,2,1.5,205.5,10,19.5,0.0,0.0,0.0,0.0,0.0,15
2023-05-10 21:28:27,m2312-C-4050,m2312-C-4050,19.5,0.0,0.0,0.0,2,1.5,205.0,1,19.5,0.0,0.0,0.0,0.0,0.0,15
2023-05-10 21:28:28,m2312-C-4050,m2312-C-4050,19.5,0.0,0.0,0.0,2,1.5,204.5,10,19.5,0.0,0.0,0.0,0.0,0.0,15
2023-05-10 21:28:31,m2312-C-4050,m2312-C-4050,19.5,0.0,0.0,0.0,2,1.5,204.0,1,19.5,0.0,0.0,0.0,0.0,0.0,15
2023-05-10 21:28:31,m2312-C-4050,m2312-C-4050,19.5,0.0,0.0,0.0,2,1.5,203.5,10,19.5,0.0,0.0,0.0,0.0,0.0,15
2023-05-10 21:28:38,m2312-C-4050,m2312-C-4050,19.5,0.0,0.0,0.0,2,1.5,203.0,1,19.5,0.0,0.0,0.0,0.0,0.0,15
2023-05-10 21:28:38,m2312-C-4050,m2312-C-4050,19.5,0.0,0.0,0.0,2,1.5,202.5,10,19.5,0.0,0.0,0.0,0.0,0.0,15
2023-05-10 21:28:46,m2312-C-4050,m2312-C-4050,19.5,0.0,0.0,0.0,2,1.5,202.0,1,19.5,0.0,0.0,0.0,0.0,0.0,15
2023-05-10 21:28:46,m2312-C-4050,m2312-C-4050,19.5,0.0,0.0,0.0,2,1.5,201.5,10,19.5,0.0,0.0,0.0,0.0,0.0,15
2023-05-10 21:28:51,m2312-C-4050,m2312-C-4050,19.5,0.0,0.0,0.0,2,1.5,201.0,1,19.5,0.0,0.0,0.0,0.0,0.0,15
2023-05-10 21:28:51,m2312-C-4050,m2312-C-4050,19.5,0.0,0.0,0.0,2,1.5,200.5,10,19.5,0.0,0.0,0.0,0.0,0.0,15
2023-05-10 21:28:58,m2312-C-4050,m2312-C-4050,19.5,0.0,0.0,0.0,2,1.5,200.0,1,19.5,0.0,0.0,0.0,0.0,0.0,15
2023-05-10 21:28:59,m2312-C-4050,m2312-C-4050,19.5,0.0,0.0,0.0,2,1.5,199.5,10,19.5,0.0,0.0,0.0,0.0,0.0,15
2023-05-10 21:29:02,m2312-C-4050,m2312-C-4050,19.5,0.0,0.0,0.0,2,1.5,199.0,1,19.5,0.0,0.0,0.0,0.0,0.0,15
2023-05-10 21:29:03,m2312-C-4050,m2312-C-4050,19.5,0.0,0.0,0.0,2,1.5,198.5,10,19.5,0.0,0.0,0.0,0.0,0.0,15
2023-05-10 21:29:08,m2312-C-4050,m2312-C-4050,19.5,0.0,0.0,0.0,2,1.5,198.0,1,19.5,0.0,0.0,0.0,0.0,0.0,15
2023-05-10 21:29:09,m2312-C-4050,m2312-C-4050,19.5,0.0,0.0,0.0,2,1.5,197.5,10,19.5,0.0,0.0,0.0,0.0,0.0,15
2023-05-10 21:29:14,m2312-C-4050,m2312-C-4050,19.5,0.0,0.0,0.0,2,1.5,197.0,1,19.5,0.0,0.0,0.0,0.0,0.0,15
2023-05-10 21:29:14,m2312-C-4050,m2312-C-4050,19.5,0.0,0.0,0.0,2,1.5,196.5,10,19.5,0.0,0.0,0.0,0.0,0.0,15
2023-05-10 21:29:17,m2312-C-4050,m2312-C-4050,19.5,0.0,0.0,0.0,2,1.5,196.0,1,19.5,0.0,0.0,0.0,0.0,0.0,15
2023-05-10 21:29:17,m2312-C-4050,m2312-C-4050,19.5,0.0,0.0,0.0,2,1.5,195.5,10,19.5,0.0,0.0,0.0,0.0,0.0,15
2023-05-10 21:29:22,m2312-C-4050,m2312-C-4050,19.5,0.0,0.0,0.0,2,1.5,195.0,1,19.5,0.0,0.0,0.0,0.0,0.0,15
2023-05-10 21:29:22,m2312-C-4050,m2312-C-4050,19.5,0.0,0.0,0.0,2,1.5,194.5,10,19.5,0.0,0.0,0.0,0.0,0.0,15
2023-05-10 21:29:28,m2312-C-4050,m2312-C-4050,19.5,0.0,0.0,0.0,2,1.5,194.0,1,19.5,0.0,0.0,0.0,0.0,0.0,15
2023-05-10 21:29:28,m2312-C-4050,m2312-C-4050,19.5,0.0,0.0,0.0,2,1.5,193.5,10,19.5,0.0,0.0,0.0,0.0,0.0,15
2023-05-10 21:29:31,m2312-C-4050,m2312-C-4050,19.5,0.0,0.0,0.0,2,1.5,193.0,1,19.5,0.0,0.0,0.0,0.0,0.0,15
2023-05-10 21:29:31,m2312-C-4050,m2312-C-4050,19.5,0.0,0.0,0.0,2,1.5,192.5,10,19.5,0.0,0.0,0.0,0.0,0.0,15
2023-05-10 21:29:37,m2312-C-4050,m2312-C-4050,19.5,0.0,0.0,0.0,2,1.5,192.0,1,19.5,0.0,0.0,0.0,0.0,0.0,15
2023-05-10 21:29:38,m2312-C-4050,m2312-C-4050,19.5,0.0,0.0,0.0,2,1.5,191.5,10,19.5,0.0,0.0,0.0,0.0,0.0,15
2023-05-10 21:29:45,m2312-C-4050,m2312-C-4050,19.5,0.0,0.0,0.0,2,1.5,191.0,1,19.5,0.0,0.0,0.0,0.0,0.0,15
2023-05-10 21:29:45,m2312-C-4050,m2312-C-4050,19.5,0.0,0.0,0.0,2,1.5,190.5,10,19.5,0.0,0.0,0.0,0.0,0.0,15
2023-05-10 21:29:55,m2312-C-4050,m2312-C-4050,19.5,0.0,0.0,0.0,2,1.5,190.0,1,19.5,0.0,0.0,0.0,0.0,0.0,15
2023-05-10 21:29:55,m2312-C-4050,m2312-C-4050,19.5,0.0,0.0,0.0,2,1.5,189.5,10,19.5,0.0,0.0,0.0,0.0,0.0,15
2023-05-10 21:30:03,m2312-C-4050,m2312-C-4050,19.5,0.0,0.0,0.0,2,1.5,189.0,1,19.5,0.0,0.0,0.0,0.0,0.0,15
2023-05-10 21:30:03,m2312-C-4050,m2312-C-4050,19.5,0.0,0.0,0.0,2,1.5,188.5,10,19.5,0.0,0.0,0.0,0.0,0.0,15
2023-05-10 21:30:13,m2312-C-4050,m2312-C-4050,19.5,0.0,0.0,0.0,2,1.5,188.0,1,19.5,0.0,0.0,0.0,0.0,0.0,15
2023-05-10 21:30:13,m2312-C-4050,m2312-C-4050,19.5,0.0,0.0,0.0,2,1.5,187.5,10,19.5,0.0,0.0,0.0,0.0,0.0,15
2023-05-10 21:30:16,m2312-C-4050,m2312-C-4050,19.5,0.0,0.0,0.0,2,1.5,187.0,1,19.5,0.0,0.0,0.0,0.0,0.0,15
2023-05-10 21:30:16,m2312-C-4050,m2312-C-4050,19.5,0.0,0.0,0.0,2,1.5,186.5,10,19.5,0.0,0.0,0.0,0.0,0.0,15
2023-05-10 21:30:26,m2312-C-4050,m2312-C-4050,19.5,0.0,0.0,0.0,2,1.5,186.0,1,19.5,0.0,0.0,0.0,0.0,0.0,15
2023-05-10 21:30:26,m2312-C-4050,m2312-C-4050,19.5,0.0,0.0,0.0,2,1.5,185.5,10,19.5,0.0,0.0,0.0,0.0,0.0,15
2023-05-10 21:30:36,m2312-C-4050,m2312-C-4050,19.5,0.0,0.0,0.0,2,1.5,185.0,1,19.5,0.0,0.0,0.0,0.0,0.0,15
2023-05-10 21:30:36,m2312-C-4050,m2312-C-4050,19.5,0.0,0.0,0.0,2,1.5,184.5,10,19.5,0.0,0.0,0.0,0.0,0.0,15
2023-05-10 21:30:41,m2312-C-4050,m2312-C-4050,19.5,0.0,0.0,0.0,2,1.5,184.0,1,19.5,0.0,0.0,0.0,0.0,0.0,15
2023-05-10 21:30:41,m2312-C-4050,m2312-C-4050,19.5,0.0,0.0,0.0,2,1.5,183.5,10,19.5,0.0,0.0,0.0,0.0,0.0,15
2023-05-10 21:30:46,m2312-C-4050,m2312-C-4050,19.5,0.0,0.0,0.0,2,1.5,183.0,1,19.5,0.0,0.0,0.0,0.0,0.0,15
2023-05-10 21:30:46,m2312-C-4050,m2312-C-4050,19.5,0.0,0.0,0.0,2,1.5,182.5,10,19.5,0.0,0.0,0.0,0.0,0.0,15
2023-05-10 21:30:52,m2312-C-4050,m2312-C-4050,19.5,0.0,0.0,0.0,2,1.5,182.0,1,19.5,0.0,0.0,0.0,0.0,0.0,15
2023-05-10 21:30:52,m2312-C-4050,m2312-C-4050,19.5,0.0,0.0,0.0,2,1.5,181.5,10,19.5,0.0,0.0,0.0,0.0,0.0,15
2023-05-10 21:31:00,m2312-C-4050,m2312-C-4050,19.5,0.0,0.0,0.0,2,1.5,181.0,1,19.5,0.0,0.0,0.0,0.0,0.0,15
2023-05-10 21:31:00,m2312-C-4050,m2312-C-4050,19.5,0.0,0.0,0.0,2,1.5,180.5,10,19.5,0.0,0.0,0.0,0.0,0.0,15
2023-05-10 21:31:04,m2312-C-4050,m2312-C-4050,19.5,0.0,0.0,0.0,2,1.5,180.0,1,19.5,0.0,0.0,0.0,0.0,0.0,15
2023-05-10 21:31:04,m2312-C-4050,m2312-C-4050,19.5,0.0,0.0,0.0,2,1.5,179.5,10,19.5,0.0,0.0,0.0,0.0,0.0,15
2023-05-10 21:31:10,m2312-C-4050,m2312-C-4050,19.5,0.0,0.0,0.0,2,1.5,179.0,1,19.5,0.0,0.0,0.0,0.0,0.0,15
2023-05-10 21:31:10,m2312-C-4050,m2312-C-4050,19.5,0.0,0.0,0.0,2,1.5,178.5,10,19.5,0.0,0.0,0.0,0.0,0.0,15
2023-05-10 21:31:16,m2312-C-4050,m2312-C-4050,19.5,0.0,0.0,0.0,2,1.5,178.0,1,19.5,0.0,0.0,0.0,0.0,0.0,15
2023-05-10 21:31:16,m2312-C-4050,m2312-C-4050,19.5,0.0,0.0,0.0,2,1.5,177.5,10,19.5,0.0,0.0,0.0,0.0,0.0,15
2023-05-10 21:31:20,m2312-C-4050,m2312-C-4050,19.5,0.0,0.0,0.0,2,1.5,177.0,1,19.5,0.0,0.0,0.0,0.0,0.0,15
2023-05-10 21:31:20,m2312-C-4050,m2312-C-4050,19.5,0.0,0.0,0.0,2,1.5,176.5,10,19.5,0.0,0.0,0.0,0.0,0.0,15
2023-05-10 22:50:06,m2312-C-4050,m2312-C-4050,19.5,0.0,0.0,0.0,1,1.5,176.5,10,19.5,0.0,0.0,0.0,0.0,0.0,15
2023-05-10 22:57:33,m2312-C-4050,m2312-C-4050,19.5,0.0,0.0,0.0,1,1.5,0.0,0,19.5,0.0,0.0,0.0,0.0,0.0,15
2023-05-11 09:22:41,m2312-C-4050,m2312-C-4050,19.5,0.0,0.0,0.0,1,1.5,224.5,10,19.5,0.0,0.0,0.0,0.0,0.0,15
2023-05-11 09:22:48,m2312-C-4050,m2312-C-4050,19.5,0.0,0.0,0.0,1,1.5,224.0,1,19.5,0.0,0.0,0.0,0.0,0.0,15
2023-05-11 09:22:48,m2312-C-4050,m2312-C-4050,19.5,0.0,0.0,0.0,1,1.5,223.5,10,19.5,0.0,0.0,0.0,0.0,0.0,15
2023-05-11 09:22:52,m2312-C-4050,m2312-C-4050,19.5,0.0,0.0,0.0,1,1.5,223.0,1,19.5,0.0,0.0,0.0,0.0,0.0,15
2023-05-11 09:22:52,m2312-C-4050,m2312-C-4050,19.5,0.0,0.0,0.0,1,1.5,222.5,10,19.5,0.0,0.0,0.0,0.0,0.0,15
2023-05-11 09:22:56,m2312-C-4050,m2312-C-4050,19.5,0.0,0.0,0.0,1,1.5,222.0,1,19.5,0.0,0.0,0.0,0.0,0.0,15
2023-05-11 09:22:57,m2312-C-4050,m2312-C-4050,19.5,0.0,0.0,0.0,1,1.5,221.5,10,19.5,0.0,0.0,0.0,0.0,0.0,15
2023-05-11 09:23:00,m2312-C-4050,m2312-C-4050,19.5,0.0,0.0,0.0,1,1.5,221.0,1,19.5,0.0,0.0,0.0,0.0,0.0,15
2023-05-11 09:23:00,m2312-C-4050,m2312-C-4050,19.5,0.0,0.0,0.0,1,1.5,220.5,10,19.5,0.0,0.0,0.0,0.0,0.0,15
2023-05-11 09:23:04,m2312-C-4050,m2312-C-4050,19.5,0.0,0.0,0.0,1,1.5,220.0,1,19.5,0.0,0.0,0.0,0.0,0.0,15
2023-05-11 09:23:04,m2312-C-4050,m2312-C-4050,19.5,0.0,0.0,0.0,1,1.5,219.5,10,19.5,0.0,0.0,0.0,0.0,0.0,15
2023-05-11 09:23:14,m2312-C-4050,m2312-C-4050,19.5,0.0,0.0,0.0,1,1.5,219.0,1,19.5,0.0,0.0,0.0,0.0,0.0,15
2023-05-11 09:23:14,m2312-C-4050,m2312-C-4050,19.5,0.0,0.0,0.0,1,1.5,218.5,10,19.5,0.0,0.0,0.0,0.0,0.0,15
2023-05-11 09:23:33,m2312-C-4050,m2312-C-4050,19.5,0.0,0.0,0.0,1,1.5,218.0,1,19.5,0.0,0.0,0.0,0.0,0.0,15
2023-05-11 09:23:33,m2312-C-4050,m2312-C-4050,19.5,0.0,0.0,0.0,1,1.5,217.5,10,19.5,0.0,0.0,0.0,0.0,0.0,15
2023-05-11 09:23:50,m2312-C-4050,m2312-C-4050,19.5,0.0,0.0,0.0,1,1.5,217.0,1,19.5,0.0,0.0,0.0,0.0,0.0,15
2023-05-11 09:23:50,m2312-C-4050,m2312-C-4050,19.5,0.0,0.0,0.0,1,1.5,216.5,10,19.5,0.0,0.0,0.0,0.0,0.0,15
2023-05-11 09:24:01,m2312-C-4050,m2312-C-4050,19.5,0.0,0.0,0.0,1,1.5,216.0,1,19.5,0.0,0.0,0.0,0.0,0.0,15
2023-05-11 09:24:01,m2312-C-4050,m2312-C-4050,19.5,0.0,0.0,0.0,1,1.5,215.5,10,19.5,0.0,0.0,0.0,0.0,0.0,15
2023-05-11 09:24:17,m2312-C-4050,m2312-C-4050,19.5,0.0,0.0,0.0,1,1.5,215.0,1,19.5,0.0,0.0,0.0,0.0,0.0,15
2023-05-11 09:24:17,m2312-C-4050,m2312-C-4050,19.5,0.0,0.0,0.0,1,1.5,214.5,10,19.5,0.0,0.0,0.0,0.0,0.0,15
2023-05-11 09:24:38,m2312-C-4050,m2312-C-4050,19.5,0.0,0.0,0.0,1,1.5,214.0,1,19.5,0.0,0.0,0.0,0.0,0.0,15
2023-05-11 09:24:38,m2312-C-4050,m2312-C-4050,19.5,0.0,0.0,0.0,1,1.5,213.5,10,19.5,0.0,0.0,0.0,0.0,0.0,15
2023-05-11 09:24:46,m2312-C-4050,m2312-C-4050,19.5,0.0,0.0,0.0,1,1.5,213.0,1,19.5,0.0,0.0,0.0,0.0,0.0,15
2023-05-11 09:24:46,m2312-C-4050,m2312-C-4050,19.5,0.0,0.0,0.0,1,1.5,212.5,10,19.5,0.0,0.0,0.0,0.0,0.0,15
2023-05-11 09:25:21,m2312-C-4050,m2312-C-4050,19.5,0.0,0.0,0.0,1,1.5,212.0,1,19.5,0.0,0.0,0.0,0.0,0.0,15
2023-05-11 09:25:21,m2312-C-4050,m2312-C-4050,19.5,0.0,0.0,0.0,1,1.5,211.5,10,19.5,0.0,0.0,0.0,0.0,0.0,15
2023-05-11 09:25:31,m2312-C-4050,m2312-C-4050,19.5,0.0,0.0,0.0,1,1.5,211.0,1,19.5,0.0,0.0,0.0,0.0,0.0,15
2023-05-11 09:25:31,m2312-C-4050,m2312-C-4050,19.5,0.0,0.0,0.0,1,1.5,210.5,10,19.5,0.0,0.0,0.0,0.0,0.0,15
2023-05-11 09:25:37,m2312-C-4050,m2312-C-4050,19.5,0.0,0.0,0.0,1,1.5,210.0,1,19.5,0.0,0.0,0.0,0.0,0.0,15
2023-05-11 09:25:37,m2312-C-4050,m2312-C-4050,19.5,0.0,0.0,0.0,1,1.5,209.5,10,19.5,0.0,0.0,0.0,0.0,0.0,15
2023-05-11 09:25:46,m2312-C-4050,m2312-C-4050,19.5,0.0,0.0,0.0,1,1.5,209.0,1,19.5,0.0,0.0,0.0,0.0,0.0,15
2023-05-11 09:25:46,m2312-C-4050,m2312-C-4050,19.5,0.0,0.0,0.0,1,1.5,208.5,10,19.5,0.0,0.0,0.0,0.0,0.0,15
2023-05-11 09:26:40,m2312-C-4050,m2312-C-4050,19.5,0.0,0.0,0.0,1,1.5,208.0,1,19.5,0.0,0.0,0.0,0.0,0.0,15
2023-05-11 09:26:40,m2312-C-4050,m2312-C-4050,19.5,0.0,0.0,0.0,1,1.5,207.5,10,19.5,0.0,0.0,0.0,0.0,0.0,15
2023-05-11 09:27:02,m2312-C-4050,m2312-C-4050,19.5,0.0,0.0,0.0,1,1.5,207.0,1,19.5,0.0,0.0,0.0,0.0,0.0,15
2023-05-11 09:27:02,m2312-C-4050,m2312-C-4050,19.5,0.0,0.0,0.0,1,1.5,206.5,10,19.5,0.0,0.0,0.0,0.0,0.0,15
2023-05-11 09:27:10,m2312-C-4050,m2312-C-4050,19.5,0.0,0.0,0.0,1,1.5,206.0,1,19.5,0.0,0.0,0.0,0.0,0.0,15
2023-05-11 09:27:11,m2312-C-4050,m2312-C-4050,19.5,0.0,0.0,0.0,1,1.5,205.5,10,19.5,0.0,0.0,0.0,0.0,0.0,15
2023-05-11 09:27:16,m2312-C-4050,m2312-C-4050,19.5,0.0,0.0,0.0,1,1.5,205.0,1,19.5,0.0,0.0,0.0,0.0,0.0,15
2023-05-11 09:27:16,m2312-C-4050,m2312-C-4050,19.5,0.0,0.0,0.0,1,1.5,204.5,10,19.5,0.0,0.0,0.0,0.0,0.0,15
2023-05-11 09:27:22,m2312-C-4050,m2312-C-4050,19.5,0.0,0.0,0.0,1,1.5,204.0,1,19.5,0.0,0.0,0.0,0.0,0.0,15
2023-05-11 09:27:23,m2312-C-4050,m2312-C-4050,19.5,0.0,0.0,0.0,1,1.5,203.5,10,19.5,0.0,0.0,0.0,0.0,0.0,15
2023-05-11 09:27:25,m2312-C-4050,m2312-C-4050,19.5,0.0,0.0,0.0,1,1.5,203.0,1,19.5,0.0,0.0,0.0,0.0,0.0,15
2023-05-11 09:27:25,m2312-C-4050,m2312-C-4050,19.5,0.0,0.0,0.0,1,1.5,202.5,10,19.5,0.0,0.0,0.0,0.0,0.0,15
2023-05-11 09:27:30,m2312-C-4050,m2312-C-4050,19.5,0.0,0.0,0.0,1,1.5,202.0,1,19.5,0.0,0.0,0.0,0.0,0.0,15
2023-05-11 09:27:30,m2312-C-4050,m2312-C-4050,19.5,0.0,0.0,0.0,1,1.5,201.5,10,19.5,0.0,0.0,0.0,0.0,0.0,15
2023-05-11 09:27:37,m2312-C-4050,m2312-C-4050,19.5,0.0,0.0,0.0,1,1.5,201.0,1,19.5,0.0,0.0,0.0,0.0,0.0,15
2023-05-11 09:27:38,m2312-C-4050,m2312-C-4050,19.5,0.0,0.0,0.0,1,1.5,200.5,10,19.5,0.0,0.0,0.0,0.0,0.0,15
2023-05-11 09:27:46,m2312-C-4050,m2312-C-4050,19.5,0.0,0.0,0.0,1,1.5,200.0,1,19.5,0.0,0.0,0.0,0.0,0.0,15
2023-05-11 09:27:46,m2312-C-4050,m2312-C-4050,19.5,0.0,0.0,0.0,1,1.5,199.5,10,19.5,0.0,0.0,0.0,0.0,0.0,15
2023-05-11 09:27:51,m2312-C-4050,m2312-C-4050,19.5,0.0,0.0,0.0,1,1.5,199.0,1,19.5,0.0,0.0,0.0,0.0,0.0,15
2023-05-11 09:27:52,m2312-C-4050,m2312-C-4050,19.5,0.0,0.0,0.0,1,1.5,198.5,10,19.5,0.0,0.0,0.0,0.0,0.0,15
2023-05-11 09:27:55,m2312-C-4050,m2312-C-4050,19.5,0.0,0.0,0.0,1,1.5,198.0,1,19.5,0.0,0.0,0.0,0.0,0.0,15
2023-05-11 09:27:56,m2312-C-4050,m2312-C-4050,19.5,0.0,0.0,0.0,1,1.5,197.5,10,19.5,0.0,0.0,0.0,0.0,0.0,15
2023-05-11 09:28:05,m2312-C-4050,m2312-C-4050,19.5,0.0,0.0,0.0,1,1.5,197.0,1,19.5,0.0,0.0,0.0,0.0,0.0,15
2023-05-11 09:28:05,m2312-C-4050,m2312-C-4050,19.5,0.0,0.0,0.0,1,1.5,196.5,10,19.5,0.0,0.0,0.0,0.0,0.0,15
2023-05-11 09:28:14,m2312-C-4050,m2312-C-4050,19.5,0.0,0.0,0.0,1,1.5,196.0,1,19.5,0.0,0.0,0.0,0.0,0.0,15
2023-05-11 09:28:15,m2312-C-4050,m2312-C-4050,19.5,0.0,0.0,0.0,1,1.5,195.5,10,19.5,0.0,0.0,0.0,0.0,0.0,15
2023-05-11 09:28:23,m2312-C-4050,m2312-C-4050,19.5,0.0,0.0,0.0,1,1.5,195.0,1,19.5,0.0,0.0,0.0,0.0,0.0,15
2023-05-11 09:28:23,m2312-C-4050,m2312-C-4050,19.5,0.0,0.0,0.0,1,1.5,194.5,10,19.5,0.0,0.0,0.0,0.0,0.0,15
2023-05-11 09:28:30,m2312-C-4050,m2312-C-4050,19.5,0.0,0.0,0.0,1,1.5,194.0,1,19.5,0.0,0.0,0.0,0.0,0.0,15
2023-05-11 09:28:30,m2312-C-4050,m2312-C-4050,19.5,0.0,0.0,0.0,1,1.5,193.5,10,19.5,0.0,0.0,0.0,0.0,0.0,15
2023-05-11 09:28:42,m2312-C-4050,m2312-C-4050,19.5,0.0,0.0,0.0,1,1.5,193.0,1,19.5,0.0,0.0,0.0,0.0,0.0,15
2023-05-11 09:28:42,m2312-C-4050,m2312-C-4050,19.5,0.0,0.0,0.0,1,1.5,192.5,10,19.5,0.0,0.0,0.0,0.0,0.0,15
2023-05-11 09:28:48,m2312-C-4050,m2312-C-4050,19.5,0.0,0.0,0.0,1,1.5,192.0,1,19.5,0.0,0.0,0.0,0.0,0.0,15
2023-05-11 09:28:48,m2312-C-4050,m2312-C-4050,19.5,0.0,0.0,0.0,1,1.5,191.5,10,19.5,0.0,0.0,0.0,0.0,0.0,15
2023-05-11 09:28:55,m2312-C-4050,m2312-C-4050,19.5,0.0,0.0,0.0,1,1.5,191.0,1,19.5,0.0,0.0,0.0,0.0,0.0,15
2023-05-11 09:28:56,m2312-C-4050,m2312-C-4050,19.5,0.0,0.0,0.0,1,1.5,190.5,10,19.5,0.0,0.0,0.0,0.0,0.0,15
2023-05-11 09:28:59,m2312-C-4050,m2312-C-4050,19.5,0.0,0.0,0.0,1,1.5,190.0,1,19.5,0.0,0.0,0.0,0.0,0.0,15
2023-05-11 09:28:59,m2312-C-4050,m2312-C-4050,19.5,0.0,0.0,0.0,1,1.5,189.5,10,19.5,0.0,0.0,0.0,0.0,0.0,15
2023-05-11 09:29:04,m2312-C-4050,m2312-C-4050,19.5,0.0,0.0,0.0,1,1.5,189.0,1,19.5,0.0,0.0,0.0,0.0,0.0,15
2023-05-11 09:29:04,m2312-C-4050,m2312-C-4050,19.5,0.0,0.0,0.0,1,1.5,188.5,10,19.5,0.0,0.0,0.0,0.0,0.0,15
2023-05-11 09:29:07,m2312-C-4050,m2312-C-4050,19.5,0.0,0.0,0.0,1,1.5,188.0,1,19.5,0.0,0.0,0.0,0.0,0.0,15
2023-05-11 09:29:08,m2312-C-4050,m2312-C-4050,19.5,0.0,0.0,0.0,1,1.5,187.5,10,19.5,0.0,0.0,0.0,0.0,0.0,15
2023-05-11 09:29:11,m2312-C-4050,m2312-C-4050,19.5,0.0,0.0,0.0,1,1.5,187.0,1,19.5,0.0,0.0,0.0,0.0,0.0,15
2023-05-11 09:29:12,m2312-C-4050,m2312-C-4050,19.5,0.0,0.0,0.0,1,1.5,186.5,10,19.5,0.0,0.0,0.0,0.0,0.0,15
2023-05-11 09:29:15,m2312-C-4050,m2312-C-4050,19.5,0.0,0.0,0.0,1,1.5,186.0,1,19.5,0.0,0.0,0.0,0.0,0.0,15
2023-05-11 09:29:16,m2312-C-4050,m2312-C-4050,19.5,0.0,0.0,0.0,1,1.5,185.5,10,19.5,0.0,0.0,0.0,0.0,0.0,15
2023-05-11 09:29:20,m2312-C-4050,m2312-C-4050,19.5,0.0,0.0,0.0,1,1.5,185.0,1,19.5,0.0,0.0,0.0,0.0,0.0,15
2023-05-11 09:29:21,m2312-C-4050,m2312-C-4050,19.5,0.0,0.0,0.0,1,1.5,184.5,10,19.5,0.0,0.0,0.0,0.0,0.0,15
2023-05-11 09:29:24,m2312-C-4050,m2312-C-4050,19.5,0.0,0.0,0.0,1,1.5,184.0,1,19.5,0.0,0.0,0.0,0.0,0.0,15
2023-05-11 09:29:24,m2312-C-4050,m2312-C-4050,19.5,0.0,0.0,0.0,1,1.5,183.5,10,19.5,0.0,0.0,0.0,0.0,0.0,15
2023-05-11 09:29:28,m2312-C-4050,m2312-C-4050,19.5,0.0,0.0,0.0,1,1.5,183.0,1,19.5,0.0,0.0,0.0,0.0,0.0,15
2023-05-11 09:29:28,m2312-C-4050,m2312-C-4050,19.5,0.0,0.0,0.0,1,1.5,182.5,10,19.5,0.0,0.0,0.0,0.0,0.0,15
2023-05-11 09:29:32,m2312-C-4050,m2312-C-4050,19.5,0.0,0.0,0.0,1,1.5,182.0,1,19.5,0.0,0.0,0.0,0.0,0.0,15
2023-05-11 09:29:32,m2312-C-4050,m2312-C-4050,19.5,0.0,0.0,0.0,1,1.5,181.5,10,19.5,0.0,0.0,0.0,0.0,0.0,15
2023-05-11 09:29:36,m2312-C-4050,m2312-C-4050,19.5,0.0,0.0,0.0,1,1.5,181.0,1,19.5,0.0,0.0,0.0,0.0,0.0,15
2023-05-11 09:29:36,m2312-C-4050,m2312-C-4050,19.5,0.0,0.0,0.0,1,1.5,180.5,10,19.5,0.0,0.0,0.0,0.0,0.0,15
2023-05-11 09:29:40,m2312-C-4050,m2312-C-4050,19.5,0.0,0.0,0.0,1,1.5,180.0,1,19.5,0.0,0.0,0.0,0.0,0.0,15
2023-05-11 09:29:40,m2312-C-4050,m2312-C-4050,19.5,0.0,0.0,0.0,1,1.5,179.5,10,19.5,0.0,0.0,0.0,0.0,0.0,15
2023-05-11 09:32:57,m2312-C-4050,m2312-C-4050,19.5,0.0,0.0,0.0,2,1.5,179.5,10,19.5,0.0,0.0,0.0,0.0,0.0,15
2023-05-11 10:14:32,m2312-C-4050,m2312-C-4050,19.5,0.0,0.0,0.0,2,1.5,0.0,0,19.5,0.0,0.0,0.0,0.0,0.0,15
2023-05-11 10:50:00,m2312-C-4050,m2312-C-4050,19.5,0.0,0.0,0.0,2,1.5,225.0,1,19.5,0.0,0.0,0.0,0.0,0.0,15
2023-05-11 10:50:00,m2312-C-4050,m2312-C-4050,19.5,0.0,0.0,0.0,2,1.5,224.5,10,19.5,0.0,0.0,0.0,0.0,0.0,15
2023-05-11 10:50:07,m2312-C-4050,m2312-C-4050,19.5,0.0,0.0,0.0,2,1.5,224.0,1,19.5,0.0,0.0,0.0,0.0,0.0,15
2023-05-11 10:50:07,m2312-C-4050,m2312-C-4050,19.5,0.0,0.0,0.0,2,1.5,223.5,10,19.5,0.0,0.0,0.0,0.0,0.0,15
2023-05-11 10:50:11,m2312-C-4050,m2312-C-4050,19.5,0.0,0.0,0.0,2,1.5,223.0,1,19.5,0.0,0.0,0.0,0.0,0.0,15
2023-05-11 10:50:11,m2312-C-4050,m2312-C-4050,19.5,0.0,0.0,0.0,2,1.5,222.5,10,19.5,0.0,0.0,0.0,0.0,0.0,15
2023-05-11 10:50:16,m2312-C-4050,m2312-C-4050,19.5,0.0,0.0,0.0,2,1.5,222.0,1,19.5,0.0,0.0,0.0,0.0,0.0,15
2023-05-11 10:50:16,m2312-C-4050,m2312-C-4050,19.5,0.0,0.0,0.0,2,1.5,221.5,10,19.5,0.0,0.0,0.0,0.0,0.0,15
2023-05-11 10:50:33,m2312-C-4050,m2312-C-4050,19.5,0.0,0.0,0.0,2,1.5,221.0,1,19.5,0.0,0.0,0.0,0.0,0.0,15
2023-05-11 10:50:34,m2312-C-4050,m2312-C-4050,19.5,0.0,0.0,0.0,2,1.5,220.5,10,19.5,0.0,0.0,0.0,0.0,0.0,15
2023-05-11 10:50:37,m2312-C-4050,m2312-C-4050,19.5,0.0,0.0,0.0,2,1.5,220.0,1,19.5,0.0,0.0,0.0,0.0,0.0,15
2023-05-11 10:50:37,m2312-C-4050,m2312-C-4050,19.5,0.0,0.0,0.0,2,1.5,219.5,10,19.5,0.0,0.0,0.0,0.0,0.0,15
2023-05-11 10:50:41,m2312-C-4050,m2312-C-4050,19.5,0.0,0.0,0.0,2,1.5,219.0,1,19.5,0.0,0.0,0.0,0.0,0.0,15
2023-05-11 10:50:41,m2312-C-4050,m2312-C-4050,19.5,0.0,0.0,0.0,2,1.5,218.5,10,19.5,0.0,0.0,0.0,0.0,0.0,15
2023-05-11 10:50:44,m2312-C-4050,m2312-C-4050,19.5,0.0,0.0,0.0,2,1.5,218.0,1,19.5,0.0,0.0,0.0,0.0,0.0,15
2023-05-11 10:50:45,m2312-C-4050,m2312-C-4050,19.5,0.0,0.0,0.0,2,1.5,217.5,10,19.5,0.0,0.0,0.0,0.0,0.0,15
2023-05-11 10:50:50,m2312-C-4050,m2312-C-4050,19.5,0.0,0.0,0.0,2,1.5,217.0,1,19.5,0.0,0.0,0.0,0.0,0.0,15
2023-05-11 10:50:50,m2312-C-4050,m2312-C-4050,19.5,0.0,0.0,0.0,2,1.5,216.5,10,19.5,0.0,0.0,0.0,0.0,0.0,15
2023-05-11 10:50:55,m2312-C-4050,m2312-C-4050,19.5,0.0,0.0,0.0,2,1.5,216.0,1,19.5,0.0,0.0,0.0,0.0,0.0,15
2023-05-11 10:50:56,m2312-C-4050,m2312-C-4050,19.5,0.0,0.0,0.0,2,1.5,215.5,10,19.5,0.0,0.0,0.0,0.0,0.0,15
2023-05-11 10:51:00,m2312-C-4050,m2312-C-4050,19.5,0.0,0.0,0.0,2,1.5,215.0,1,19.5,0.0,0.0,0.0,0.0,0.0,15
2023-05-11 10:51:00,m2312-C-4050,m2312-C-4050,19.5,0.0,0.0,0.0,2,1.5,214.5,10,19.5,0.0,0.0,0.0,0.0,0.0,15
2023-05-11 10:51:06,m2312-C-4050,m2312-C-4050,19.5,0.0,0.0,0.0,2,1.5,214.0,1,19.5,0.0,0.0,0.0,0.0,0.0,15
2023-05-11 10:51:06,m2312-C-4050,m2312-C-4050,19.5,0.0,0.0,0.0,2,1.5,213.5,10,19.5,0.0,0.0,0.0,0.0,0.0,15
2023-05-11 10:51:11,m2312-C-4050,m2312-C-4050,19.5,0.0,0.0,0.0,2,1.5,213.0,1,19.5,0.0,0.0,0.0,0.0,0.0,15
2023-05-11 10:51:12,m2312-C-4050,m2312-C-4050,19.5,0.0,0.0,0.0,2,1.5,212.5,10,19.5,0.0,0.0,0.0,0.0,0.0,15
2023-05-11 10:51:20,m2312-C-4050,m2312-C-4050,19.5,0.0,0.0,0.0,2,1.5,212.0,1,19.5,0.0,0.0,0.0,0.0,0.0,15
2023-05-11 10:51:20,m2312-C-4050,m2312-C-4050,19.5,0.0,0.0,0.0,2,1.5,211.5,10,19.5,0.0,0.0,0.0,0.0,0.0,15
2023-05-11 10:51:24,m2312-C-4050,m2312-C-4050,19.5,0.0,0.0,0.0,2,1.5,211.0,1,19.5,0.0,0.0,0.0,0.0,0.0,15
2023-05-11 10:51:24,m2312-C-4050,m2312-C-4050,19.5,0.0,0.0,0.0,2,1.5,210.5,10,19.5,0.0,0.0,0.0,0.0,0.0,15
2023-05-11 10:51:28,m2312-C-4050,m2312-C-4050,19.5,0.0,0.0,0.0,2,1.5,210.0,1,19.5,0.0,0.0,0.0,0.0,0.0,15
2023-05-11 10:51:29,m2312-C-4050,m2312-C-4050,19.5,0.0,0.0,0.0,2,1.5,209.5,10,19.5,0.0,0.0,0.0,0.0,0.0,15
2023-05-11 10:51:31,m2312-C-4050,m2312-C-4050,19.5,0.0,0.0,0.0,2,1.5,209.0,1,19.5,0.0,0.0,0.0,0.0,0.0,15
2023-05-11 10:51:32,m2312-C-4050,m2312-C-4050,19.5,0.0,0.0,0.0,2,1.5,208.5,10,19.5,0.0,0.0,0.0,0.0,0.0,15
2023-05-11 10:51:36,m2312-C-4050,m2312-C-4050,19.5,0.0,0.0,0.0,2,1.5,208.0,1,19.5,0.0,0.0,0.0,0.0,0.0,15
2023-05-11 10:51:37,m2312-C-4050,m2312-C-4050,19.5,0.0,0.0,0.0,2,1.5,207.5,10,19.5,0.0,0.0,0.0,0.0,0.0,15
2023-05-11 10:51:43,m2312-C-4050,m2312-C-4050,19.5,0.0,0.0,0.0,2,1.5,207.0,1,19.5,0.0,0.0,0.0,0.0,0.0,15
2023-05-11 10:51:43,m2312-C-4050,m2312-C-4050,19.5,0.0,0.0,0.0,2,1.5,206.5,10,19.5,0.0,0.0,0.0,0.0,0.0,15
2023-05-11 10:51:46,m2312-C-4050,m2312-C-4050,19.5,0.0,0.0,0.0,2,1.5,206.0,1,19.5,0.0,0.0,0.0,0.0,0.0,15
2023-05-11 10:51:47,m2312-C-4050,m2312-C-4050,19.5,0.0,0.0,0.0,2,1.5,205.5,10,19.5,0.0,0.0,0.0,0.0,0.0,15
2023-05-11 10:51:51,m2312-C-4050,m2312-C-4050,19.5,0.0,0.0,0.0,2,1.5,205.0,1,19.5,0.0,0.0,0.0,0.0,0.0,15
2023-05-11 10:51:51,m2312-C-4050,m2312-C-4050,19.5,0.0,0.0,0.0,2,1.5,204.5,10,19.5,0.0,0.0,0.0,0.0,0.0,15
2023-05-11 10:51:54,m2312-C-4050,m2312-C-4050,19.5,0.0,0.0,0.0,2,1.5,204.0,1,19.5,0.0,0.0,0.0,0.0,0.0,15
2023-05-11 10:51:54,m2312-C-4050,m2312-C-4050,19.5,0.0,0.0,0.0,2,1.5,203.5,10,19.5,0.0,0.0,0.0,0.0,0.0,15
2023-05-11 10:51:59,m2312-C-4050,m2312-C-4050,19.5,0.0,0.0,0.0,2,1.5,203.0,1,19.5,0.0,0.0,0.0,0.0,0.0,15
2023-05-11 10:51:59,m2312-C-4050,m2312-C-4050,19.5,0.0,0.0,0.0,2,1.5,202.5,10,19.5,0.0,0.0,0.0,0.0,0.0,15
2023-05-11 10:52:06,m2312-C-4050,m2312-C-4050,19.5,0.0,0.0,0.0,2,1.5,202.0,1,19.5,0.0,0.0,0.0,0.0,0.0,15
2023-05-11 10:52:06,m2312-C-4050,m2312-C-4050,19.5,0.0,0.0,0.0,2,1.5,201.5,10,19.5,0.0,0.0,0.0,0.0,0.0,15
2023-05-11 10:52:12,m2312-C-4050,m2312-C-4050,19.5,0.0,0.0,0.0,2,1.5,201.0,1,19.5,0.0,0.0,0.0,0.0,0.0,15
2023-05-11 10:52:13,m2312-C-4050,m2312-C-4050,19.5,0.0,0.0,0.0,2,1.5,200.5,10,19.5,0.0,0.0,0.0,0.0,0.0,15
2023-05-11 10:52:23,m2312-C-4050,m2312-C-4050,19.5,0.0,0.0,0.0,2,1.5,200.0,1,19.5,0.0,0.0,0.0,0.0,0.0,15
2023-05-11 10:52:23,m2312-C-4050,m2312-C-4050,19.5,0.0,0.0,0.0,2,1.5,199.5,10,19.5,0.0,0.0,0.0,0.0,0.0,15
2023-05-11 10:52:27,m2312-C-4050,m2312-C-4050,19.5,0.0,0.0,0.0,2,1.5,199.0,1,19.5,0.0,0.0,0.0,0.0,0.0,15
2023-05-11 10:52:28,m2312-C-4050,m2312-C-4050,19.5,0.0,0.0,0.0,2,1.5,198.5,10,19.5,0.0,0.0,0.0,0.0,0.0,15
2023-05-11 10:52:32,m2312-C-4050,m2312-C-4050,19.5,0.0,0.0,0.0,2,1.5,198.0,1,19.5,0.0,0.0,0.0,0.0,0.0,15
2023-05-11 10:52:32,m2312-C-4050,m2312-C-4050,19.5,0.0,0.0,0.0,2,1.5,197.5,10,19.5,0.0,0.0,0.0,0.0,0.0,15
2023-05-11 10:52:35,m2312-C-4050,m2312-C-4050,19.5,0.0,0.0,0.0,2,1.5,197.0,1,19.5,0.0,0.0,0.0,0.0,0.0,15
2023-05-11 10:52:36,m2312-C-4050,m2312-C-4050,19.5,0.0,0.0,0.0,2,1.5,196.5,10,19.5,0.0,0.0,0.0,0.0,0.0,15
2023-05-11 10:52:40,m2312-C-4050,m2312-C-4050,19.5,0.0,0.0,0.0,2,1.5,196.0,1,19.5,0.0,0.0,0.0,0.0,0.0,15
2023-05-11 10:52:40,m2312-C-4050,m2312-C-4050,19.5,0.0,0.0,0.0,2,1.5,195.5,10,19.5,0.0,0.0,0.0,0.0,0.0,15
2023-05-11 10:52:44,m2312-C-4050,m2312-C-4050,19.5,0.0,0.0,0.0,2,1.5,195.0,1,19.5,0.0,0.0,0.0,0.0,0.0,15
2023-05-11 10:52:44,m2312-C-4050,m2312-C-4050,19.5,0.0,0.0,0.0,2,1.5,194.5,10,19.5,0.0,0.0,0.0,0.0,0.0,15
2023-05-11 10:52:49,m2312-C-4050,m2312-C-4050,19.5,0.0,0.0,0.0,2,1.5,194.0,1,19.5,0.0,0.0,0.0,0.0,0.0,15
2023-05-11 10:52:49,m2312-C-4050,m2312-C-4050,19.5,0.0,0.0,0.0,2,1.5,193.5,10,19.5,0.0,0.0,0.0,0.0,0.0,15
2023-05-11 10:52:58,m2312-C-4050,m2312-C-4050,19.5,0.0,0.0,0.0,2,1.5,193.0,1,19.5,0.0,0.0,0.0,0.0,0.0,15
2023-05-11 10:52:59,m2312-C-4050,m2312-C-4050,19.5,0.0,0.0,0.0,2,1.5,192.5,10,19.5,0.0,0.0,0.0,0.0,0.0,15
2023-05-11 10:53:07,m2312-C-4050,m2312-C-4050,19.5,0.0,0.0,0.0,2,1.5,192.0,1,19.5,0.0,0.0,0.0,0.0,0.0,15
2023-05-11 10:53:07,m2312-C-4050,m2312-C-4050,19.5,0.0,0.0,0.0,2,1.5,191.5,10,19.5,0.0,0.0,0.0,0.0,0.0,15
2023-05-11 10:53:15,m2312-C-4050,m2312-C-4050,19.5,0.0,0.0,0.0,2,1.5,191.0,1,19.5,0.0,0.0,0.0,0.0,0.0,15
2023-05-11 10:53:15,m2312-C-4050,m2312-C-4050,19.5,0.0,0.0,0.0,2,1.5,190.5,10,19.5,0.0,0.0,0.0,0.0,0.0,15
2023-05-11 10:53:20,m2312-C-4050,m2312-C-4050,19.5,0.0,0.0,0.0,2,1.5,190.0,1,19.5,0.0,0.0,0.0,0.0,0.0,15
2023-05-11 10:53:20,m2312-C-4050,m2312-C-4050,19.5,0.0,0.0,0.0,2,1.5,189.5,10,19.5,0.0,0.0,0.0,0.0,0.0,15
2023-05-11 10:53:26,m2312-C-4050,m2312-C-4050,19.5,0.0,0.0,0.0,2,1.5,189.0,1,19.5,0.0,0.0,0.0,0.0,0.0,15
2023-05-11 10:53:26,m2312-C-4050,m2312-C-4050,19.5,0.0,0.0,0.0,2,1.5,188.5,10,19.5,0.0,0.0,0.0,0.0,0.0,15
2023-05-11 10:53:30,m2312-C-4050,m2312-C-4050,19.5,0.0,0.0,0.0,2,1.5,188.0,1,19.5,0.0,0.0,0.0,0.0,0.0,15
2023-05-11 10:53:31,m2312-C-4050,m2312-C-4050,19.5,0.0,0.0,0.0,2,1.5,187.5,10,19.5,0.0,0.0,0.0,0.0,0.0,15
2023-05-11 10:53:36,m2312-C-4050,m2312-C-4050,19.5,0.0,0.0,0.0,2,1.5,187.0,1,19.5,0.0,0.0,0.0,0.0,0.0,15
2023-05-11 10:53:36,m2312-C-4050,m2312-C-4050,19.5,0.0,0.0,0.0,2,1.5,186.5,10,19.5,0.0,0.0,0.0,0.0,0.0,15
2023-05-11 10:53:41,m2312-C-4050,m2312-C-4050,19.5,0.0,0.0,0.0,2,1.5,186.0,1,19.5,0.0,0.0,0.0,0.0,0.0,15
2023-05-11 10:53:41,m2312-C-4050,m2312-C-4050,19.5,0.0,0.0,0.0,2,1.5,185.5,10,19.5,0.0,0.0,0.0,0.0,0.0,15
2023-05-11 10:53:44,m2312-C-4050,m2312-C-4050,19.5,0.0,0.0,0.0,2,1.5,185.0,1,19.5,0.0,0.0,0.0,0.0,0.0,15
2023-05-11 10:53:45,m2312-C-4050,m2312-C-4050,19.5,0.0,0.0,0.0,2,1.5,184.5,10,19.5,0.0,0.0,0.0,0.0,0.0,15
2023-05-11 10:53:50,m2312-C-4050,m2312-C-4050,19.5,0.0,0.0,0.0,2,1.5,184.0,1,19.5,0.0,0.0,0.0,0.0,0.0,15
2023-05-11 10:53:50,m2312-C-4050,m2312-C-4050,19.5,0.0,0.0,0.0,2,1.5,183.5,10,19.5,0.0,0.0,0.0,0.0,0.0,15
2023-05-11 10:53:56,m2312-C-4050,m2312-C-4050,19.5,0.0,0.0,0.0,2,1.5,183.0,1,19.5,0.0,0.0,0.0,0.0,0.0,15
2023-05-11 10:53:56,m2312-C-4050,m2312-C-4050,19.5,0.0,0.0,0.0,2,1.5,182.5,10,19.5,0.0,0.0,0.0,0.0,0.0,15
2023-05-11 10:54:03,m2312-C-4050,m2312-C-4050,19.5,0.0,0.0,0.0,2,1.5,182.0,1,19.5,0.0,0.0,0.0,0.0,0.0,15
2023-05-11 10:54:03,m2312-C-4050,m2312-C-4050,19.5,0.0,0.0,0.0,2,1.5,181.5,10,19.5,0.0,0.0,0.0,0.0,0.0,15
2023-05-11 10:54:08,m2312-C-4050,m2312-C-4050,19.5,0.0,0.0,0.0,2,1.5,181.0,1,19.5,0.0,0.0,0.0,0.0,0.0,15
2023-05-11 10:54:08,m2312-C-4050,m2312-C-4050,19.5,0.0,0.0,0.0,2,1.5,180.5,10,19.5,0.0,0.0,0.0,0.0,0.0,15
2023-05-11 10:54:13,m2312-C-4050,m2312-C-4050,19.5,0.0,0.0,0.0,2,1.5,180.0,1,19.5,0.0,0.0,0.0,0.0,0.0,15
2023-05-11 10:54:14,m2312-C-4050,m2312-C-4050,19.5,0.0,0.0,0.0,2,1.5,179.5,10,19.5,0.0,0.0,0.0,0.0,0.0,15
2023-05-11 10:54:19,m2312-C-4050,m2312-C-4050,19.5,0.0,0.0,0.0,2,1.5,179.0,1,19.5,0.0,0.0,0.0,0.0,0.0,15
2023-05-11 10:54:19,m2312-C-4050,m2312-C-4050,19.5,0.0,0.0,0.0,2,1.5,178.5,10,19.5,0.0,0.0,0.0,0.0,0.0,15
2023-05-11 10:54:23,m2312-C-4050,m2312-C-4050,19.5,0.0,0.0,0.0,2,1.5,178.0,1,19.5,0.0,0.0,0.0,0.0,0.0,15
2023-05-11 10:54:24,m2312-C-4050,m2312-C-4050,19.5,0.0,0.0,0.0,2,1.5,177.5,10,19.5,0.0,0.0,0.0,0.0,0.0,15
2023-05-11 10:54:28,m2312-C-4050,m2312-C-4050,19.5,0.0,0.0,0.0,2,1.5,177.0,1,19.5,0.0,0.0,0.0,0.0,0.0,15
2023-05-11 10:54:28,m2312-C-4050,m2312-C-4050,19.5,0.0,0.0,0.0,2,1.5,176.5,10,19.5,0.0,0.0,0.0,0.0,0.0,15
2023-05-11 11:29:33,m2312-C-4050,m2312-C-4050,19.5,0.0,0.0,0.0,2,1.5,0.0,0,19.5,0.0,0.0,0.0,0.0,0.0,15
2023-05-11 13:48:42,m2312-C-4050,m2312-C-4050,19.5,0.0,0.0,0.0,2,1.5,225.0,1,19.5,0.0,0.0,0.0,0.0,0.0,15
2023-05-11 13:48:42,m2312-C-4050,m2312-C-4050,19.5,0.0,0.0,0.0,2,1.5,224.5,10,19.5,0.0,0.0,0.0,0.0,0.0,15
2023-05-11 13:48:46,m2312-C-4050,m2312-C-4050,19.5,0.0,0.0,0.0,2,1.5,224.0,1,19.5,0.0,0.0,0.0,0.0,0.0,15
2023-05-11 13:48:47,m2312-C-4050,m2312-C-4050,19.5,0.0,0.0,0.0,2,1.5,223.5,10,19.5,0.0,0.0,0.0,0.0,0.0,15
2023-05-11 13:48:55,m2312-C-4050,m2312-C-4050,19.5,0.0,0.0,0.0,2,1.5,223.0,1,19.5,0.0,0.0,0.0,0.0,0.0,15
2023-05-11 13:48:55,m2312-C-4050,m2312-C-4050,19.5,0.0,0.0,0.0,2,1.5,222.5,10,19.5,0.0,0.0,0.0,0.0,0.0,15
2023-05-11 13:48:59,m2312-C-4050,m2312-C-4050,19.5,0.0,0.0,0.0,2,1.5,222.0,1,19.5,0.0,0.0,0.0,0.0,0.0,15
2023-05-11 13:49:00,m2312-C-4050,m2312-C-4050,19.5,0.0,0.0,0.0,2,1.5,221.5,10,19.5,0.0,0.0,0.0,0.0,0.0,15
2023-05-11 13:49:12,m2312-C-4050,m2312-C-4050,19.5,0.0,0.0,0.0,2,1.5,221.0,1,19.5,0.0,0.0,0.0,0.0,0.0,15
2023-05-11 13:49:12,m2312-C-4050,m2312-C-4050,19.5,0.0,0.0,0.0,2,1.5,220.5,10,19.5,0.0,0.0,0.0,0.0,0.0,15
2023-05-11 13:49:20,m2312-C-4050,m2312-C-4050,19.5,0.0,0.0,0.0,2,1.5,220.0,1,19.5,0.0,0.0,0.0,0.0,0.0,15
2023-05-11 13:49:20,m2312-C-4050,m2312-C-4050,19.5,0.0,0.0,0.0,2,1.5,219.5,10,19.5,0.0,0.0,0.0,0.0,0.0,15
2023-05-11 13:49:36,m2312-C-4050,m2312-C-4050,19.5,0.0,0.0,0.0,2,1.5,219.0,1,19.5,0.0,0.0,0.0,0.0,0.0,15
2023-05-11 13:49:36,m2312-C-4050,m2312-C-4050,19.5,0.0,0.0,0.0,2,1.5,218.5,10,19.5,0.0,0.0,0.0,0.0,0.0,15
2023-05-11 13:49:43,m2312-C-4050,m2312-C-4050,19.5,0.0,0.0,0.0,2,1.5,218.0,1,19.5,0.0,0.0,0.0,0.0,0.0,15
2023-05-11 13:49:43,m2312-C-4050,m2312-C-4050,19.5,0.0,0.0,0.0,2,1.5,217.5,10,19.5,0.0,0.0,0.0,0.0,0.0,15
2023-05-11 13:49:51,m2312-C-4050,m2312-C-4050,19.5,0.0,0.0,0.0,2,1.5,217.0,1,19.5,0.0,0.0,0.0,0.0,0.0,15
2023-05-11 13:49:51,m2312-C-4050,m2312-C-4050,19.5,0.0,0.0,0.0,2,1.5,216.5,10,19.5,0.0,0.0,0.0,0.0,0.0,15
2023-05-11 13:50:01,m2312-C-4050,m2312-C-4050,19.5,0.0,0.0,0.0,2,1.5,216.0,1,19.5,0.0,0.0,0.0,0.0,0.0,15
2023-05-11 13:50:01,m2312-C-4050,m2312-C-4050,19.5,0.0,0.0,0.0,2,1.5,215.5,10,19.5,0.0,0.0,0.0,0.0,0.0,15
2023-05-11 13:50:14,m2312-C-4050,m2312-C-4050,19.5,0.0,0.0,0.0,2,1.5,215.0,1,19.5,0.0,0.0,0.0,0.0,0.0,15
2023-05-11 13:50:14,m2312-C-4050,m2312-C-4050,19.5,0.0,0.0,0.0,2,1.5,214.5,10,19.5,0.0,0.0,0.0,0.0,0.0,15
2023-05-11 13:50:25,m2312-C-4050,m2312-C-4050,19.5,0.0,0.0,0.0,2,1.5,214.0,1,19.5,0.0,0.0,0.0,0.0,0.0,15
2023-05-11 13:50:26,m2312-C-4050,m2312-C-4050,19.5,0.0,0.0,0.0,2,1.5,213.5,10,19.5,0.0,0.0,0.0,0.0,0.0,15
2023-05-11 13:50:35,m2312-C-4050,m2312-C-4050,19.5,0.0,0.0,0.0,2,1.5,213.0,1,19.5,0.0,0.0,0.0,0.0,0.0,15
2023-05-11 13:50:35,m2312-C-4050,m2312-C-4050,19.5,0.0,0.0,0.0,2,1.5,212.5,10,19.5,0.0,0.0,0.0,0.0,0.0,15
2023-05-11 13:50:49,m2312-C-4050,m2312-C-4050,19.5,0.0,0.0,0.0,2,1.5,212.0,1,19.5,0.0,0.0,0.0,0.0,0.0,15
2023-05-11 13:50:50,m2312-C-4050,m2312-C-4050,19.5,0.0,0.0,0.0,2,1.5,211.5,10,19.5,0.0,0.0,0.0,0.0,0.0,15
2023-05-11 13:50:56,m2312-C-4050,m2312-C-4050,19.5,0.0,0.0,0.0,2,1.5,211.0,1,19.5,0.0,0.0,0.0,0.0,0.0,15
2023-05-11 13:50:56,m2312-C-4050,m2312-C-4050,19.5,0.0,0.0,0.0,2,1.5,210.5,10,19.5,0.0,0.0,0.0,0.0,0.0,15
2023-05-11 13:51:34,m2312-C-4050,m2312-C-4050,19.5,0.0,0.0,0.0,2,1.5,210.0,1,19.5,0.0,0.0,0.0,0.0,0.0,15
2023-05-11 13:51:34,m2312-C-4050,m2312-C-4050,19.5,0.0,0.0,0.0,2,1.5,209.5,10,19.5,0.0,0.0,0.0,0.0,0.0,15
2023-05-11 13:51:46,m2312-C-4050,m2312-C-4050,19.5,0.0,0.0,0.0,2,1.5,209.0,1,19.5,0.0,0.0,0.0,0.0,0.0,15
2023-05-11 13:51:46,m2312-C-4050,m2312-C-4050,19.5,0.0,0.0,0.0,2,1.5,208.5,10,19.5,0.0,0.0,0.0,0.0,0.0,15
2023-05-11 13:51:53,m2312-C-4050,m2312-C-4050,19.5,0.0,0.0,0.0,2,1.5,208.0,1,19.5,0.0,0.0,0.0,0.0,0.0,15
2023-05-11 13:51:53,m2312-C-4050,m2312-C-4050,19.5,0.0,0.0,0.0,2,1.5,207.5,10,19.5,0.0,0.0,0.0,0.0,0.0,15
2023-05-11 13:51:59,m2312-C-4050,m2312-C-4050,19.5,0.0,0.0,0.0,2,1.5,207.0,1,19.5,0.0,0.0,0.0,0.0,0.0,15
2023-05-11 13:51:59,m2312-C-4050,m2312-C-4050,19.5,0.0,0.0,0.0,2,1.5,206.5,10,19.5,0.0,0.0,0.0,0.0,0.0,15
2023-05-11 13:52:22,m2312-C-4050,m2312-C-4050,19.5,0.0,0.0,0.0,2,1.5,206.0,1,19.5,0.0,0.0,0.0,0.0,0.0,15
2023-05-11 13:52:22,m2312-C-4050,m2312-C-4050,19.5,0.0,0.0,0.0,2,1.5,205.5,10,19.5,0.0,0.0,0.0,0.0,0.0,15
2023-05-11 13:52:31,m2312-C-4050,m2312-C-4050,19.5,0.0,0.0,0.0,2,1.5,205.0,1,19.5,0.0,0.0,0.0,0.0,0.0,15
2023-05-11 13:52:31,m2312-C-4050,m2312-C-4050,19.5,0.0,0.0,0.0,2,1.5,204.5,10,19.5,0.0,0.0,0.0,0.0,0.0,15
2023-05-11 13:52:44,m2312-C-4050,m2312-C-4050,19.5,0.0,0.0,0.0,2,1.5,204.0,1,19.5,0.0,0.0,0.0,0.0,0.0,15
2023-05-11 13:52:44,m2312-C-4050,m2312-C-4050,19.5,0.0,0.0,0.0,2,1.5,203.5,10,19.5,0.0,0.0,0.0,0.0,0.0,15
2023-05-11 13:52:54,m2312-C-4050,m2312-C-4050,19.5,0.0,0.0,0.0,2,1.5,203.0,1,19.5,0.0,0.0,0.0,0.0,0.0,15
2023-05-11 13:52:54,m2312-C-4050,m2312-C-4050,19.5,0.0,0.0,0.0,2,1.5,202.5,10,19.5,0.0,0.0,0.0,0.0,0.0,15
2023-05-11 13:53:04,m2312-C-4050,m2312-C-4050,19.5,0.0,0.0,0.0,2,1.5,202.0,1,19.5,0.0,0.0,0.0,0.0,0.0,15
2023-05-11 13:53:04,m2312-C-4050,m2312-C-4050,19.5,0.0,0.0,0.0,2,1.5,201.5,10,19.5,0.0,0.0,0.0,0.0,0.0,15
2023-05-11 13:53:10,m2312-C-4050,m2312-C-4050,19.5,0.0,0.0,0.0,2,1.5,201.0,1,19.5,0.0,0.0,0.0,0.0,0.0,15
2023-05-11 13:53:10,m2312-C-4050,m2312-C-4050,19.5,0.0,0.0,0.0,2,1.5,200.5,10,19.5,0.0,0.0,0.0,0.0,0.0,15
2023-05-11 13:53:14,m2312-C-4050,m2312-C-4050,19.5,0.0,0.0,0.0,2,1.5,200.0,1,19.5,0.0,0.0,0.0,0.0,0.0,15
2023-05-11 13:53:14,m2312-C-4050,m2312-C-4050,19.5,0.0,0.0,0.0,2,1.5,199.5,10,19.5,0.0,0.0,0.0,0.0,0.0,15
2023-05-11 13:53:21,m2312-C-4050,m2312-C-4050,19.5,0.0,0.0,0.0,2,1.5,199.0,1,19.5,0.0,0.0,0.0,0.0,0.0,15
2023-05-11 13:53:21,m2312-C-4050,m2312-C-4050,19.5,0.0,0.0,0.0,2,1.5,198.5,10,19.5,0.0,0.0,0.0,0.0,0.0,15
2023-05-11 13:53:28,m2312-C-4050,m2312-C-4050,19.5,0.0,0.0,0.0,2,1.5,198.0,1,19.5,0.0,0.0,0.0,0.0,0.0,15
2023-05-11 13:53:28,m2312-C-4050,m2312-C-4050,19.5,0.0,0.0,0.0,2,1.5,197.5,10,19.5,0.0,0.0,0.0,0.0,0.0,15
2023-05-11 13:53:33,m2312-C-4050,m2312-C-4050,19.5,0.0,0.0,0.0,2,1.5,197.0,1,19.5,0.0,0.0,0.0,0.0,0.0,15
2023-05-11 13:53:33,m2312-C-4050,m2312-C-4050,19.5,0.0,0.0,0.0,2,1.5,196.5,10,19.5,0.0,0.0,0.0,0.0,0.0,15
2023-05-11 13:53:41,m2312-C-4050,m2312-C-4050,19.5,0.0,0.0,0.0,2,1.5,196.0,1,19.5,0.0,0.0,0.0,0.0,0.0,15
2023-05-11 13:53:41,m2312-C-4050,m2312-C-4050,19.5,0.0,0.0,0.0,2,1.5,195.5,10,19.5,0.0,0.0,0.0,0.0,0.0,15
2023-05-11 13:53:53,m2312-C-4050,m2312-C-4050,19.5,0.0,0.0,0.0,2,1.5,195.0,1,19.5,0.0,0.0,0.0,0.0,0.0,15
2023-05-11 13:53:53,m2312-C-4050,m2312-C-4050,19.5,0.0,0.0,0.0,2,1.5,194.5,10,19.5,0.0,0.0,0.0,0.0,0.0,15
2023-05-11 13:54:00,m2312-C-4050,m2312-C-4050,19.5,0.0,0.0,0.0,2,1.5,194.0,1,19.5,0.0,0.0,0.0,0.0,0.0,15
2023-05-11 13:54:00,m2312-C-4050,m2312-C-4050,19.5,0.0,0.0,0.0,2,1.5,193.5,10,19.5,0.0,0.0,0.0,0.0,0.0,15
2023-05-11 13:54:04,m2312-C-4050,m2312-C-4050,19.5,0.0,0.0,0.0,2,1.5,193.0,1,19.5,0.0,0.0,0.0,0.0,0.0,15
2023-05-11 13:54:04,m2312-C-4050,m2312-C-4050,19.5,0.0,0.0,0.0,2,1.5,192.5,10,19.5,0.0,0.0,0.0,0.0,0.0,15
2023-05-11 13:54:10,m2312-C-4050,m2312-C-4050,19.5,0.0,0.0,0.0,2,1.5,192.0,1,19.5,0.0,0.0,0.0,0.0,0.0,15
2023-05-11 13:54:10,m2312-C-4050,m2312-C-4050,19.5,0.0,0.0,0.0,2,1.5,191.5,10,19.5,0.0,0.0,0.0,0.0,0.0,15
2023-05-11 13:54:14,m2312-C-4050,m2312-C-4050,19.5,0.0,0.0,0.0,2,1.5,191.0,1,19.5,0.0,0.0,0.0,0.0,0.0,15
2023-05-11 13:54:14,m2312-C-4050,m2312-C-4050,19.5,0.0,0.0,0.0,2,1.5,190.5,10,19.5,0.0,0.0,0.0,0.0,0.0,15
2023-05-11 13:54:18,m2312-C-4050,m2312-C-4050,19.5,0.0,0.0,0.0,2,1.5,190.0,1,19.5,0.0,0.0,0.0,0.0,0.0,15
2023-05-11 13:54:19,m2312-C-4050,m2312-C-4050,19.5,0.0,0.0,0.0,2,1.5,189.5,10,19.5,0.0,0.0,0.0,0.0,0.0,15
2023-05-11 13:54:24,m2312-C-4050,m2312-C-4050,19.5,0.0,0.0,0.0,2,1.5,189.0,1,19.5,0.0,0.0,0.0,0.0,0.0,15
2023-05-11 13:54:24,m2312-C-4050,m2312-C-4050,19.5,0.0,0.0,0.0,2,1.5,188.5,10,19.5,0.0,0.0,0.0,0.0,0.0,15
2023-05-11 13:54:27,m2312-C-4050,m2312-C-4050,19.5,0.0,0.0,0.0,2,1.5,188.0,1,19.5,0.0,0.0,0.0,0.0,0.0,15
2023-05-11 13:54:28,m2312-C-4050,m2312-C-4050,19.5,0.0,0.0,0.0,2,1.5,187.5,10,19.5,0.0,0.0,0.0,0.0,0.0,15
2023-05-11 13:54:31,m2312-C-4050,m2312-C-4050,19.5,0.0,0.0,0.0,2,1.5,187.0,1,19.5,0.0,0.0,0.0,0.0,0.0,15
2023-05-11 13:54:31,m2312-C-4050,m2312-C-4050,19.5,0.0,0.0,0.0,2,1.5,186.5,10,19.5,0.0,0.0,0.0,0.0,0.0,15
2023-05-11 13:54:35,m2312-C-4050,m2312-C-4050,19.5,0.0,0.0,0.0,2,1.5,186.0,1,19.5,0.0,0.0,0.0,0.0,0.0,15
2023-05-11 13:54:35,m2312-C-4050,m2312-C-4050,19.5,0.0,0.0,0.0,2,1.5,185.5,10,19.5,0.0,0.0,0.0,0.0,0.0,15
2023-05-11 13:54:38,m2312-C-4050,m2312-C-4050,19.5,0.0,0.0,0.0,2,1.5,185.0,1,19.5,0.0,0.0,0.0,0.0,0.0,15
2023-05-11 13:54:38,m2312-C-4050,m2312-C-4050,19.5,0.0,0.0,0.0,2,1.5,184.5,10,19.5,0.0,0.0,0.0,0.0,0.0,15
2023-05-11 13:54:44,m2312-C-4050,m2312-C-4050,19.5,0.0,0.0,0.0,2,1.5,184.0,1,19.5,0.0,0.0,0.0,0.0,0.0,15
2023-05-11 13:54:44,m2312-C-4050,m2312-C-4050,19.5,0.0,0.0,0.0,2,1.5,183.5,10,19.5,0.0,0.0,0.0,0.0,0.0,15
2023-05-11 13:54:49,m2312-C-4050,m2312-C-4050,19.5,0.0,0.0,0.0,2,1.5,183.0,1,19.5,0.0,0.0,0.0,0.0,0.0,15
2023-05-11 13:54:49,m2312-C-4050,m2312-C-4050,19.5,0.0,0.0,0.0,2,1.5,182.5,10,19.5,0.0,0.0,0.0,0.0,0.0,15
2023-05-11 13:54:51,m2312-C-4050,m2312-C-4050,19.5,0.0,0.0,0.0,2,1.5,182.0,1,19.5,0.0,0.0,0.0,0.0,0.0,15
2023-05-11 13:54:51,m2312-C-4050,m2312-C-4050,19.5,0.0,0.0,0.0,2,1.5,181.5,10,19.5,0.0,0.0,0.0,0.0,0.0,15
2023-05-11 13:55:02,m2312-C-4050,m2312-C-4050,19.5,0.0,0.0,0.0,2,1.5,181.0,1,19.5,0.0,0.0,0.0,0.0,0.0,15
2023-05-11 13:55:02,m2312-C-4050,m2312-C-4050,19.5,0.0,0.0,0.0,2,1.5,180.5,10,19.5,0.0,0.0,0.0,0.0,0.0,15
2023-05-11 13:55:05,m2312-C-4050,m2312-C-4050,19.5,0.0,0.0,0.0,2,1.5,180.0,1,19.5,0.0,0.0,0.0,0.0,0.0,15
2023-05-11 13:55:06,m2312-C-4050,m2312-C-4050,19.5,0.0,0.0,0.0,2,1.5,179.5,10,19.5,0.0,0.0,0.0,0.0,0.0,15
2023-05-11 13:55:11,m2312-C-4050,m2312-C-4050,19.5,0.0,0.0,0.0,2,1.5,179.0,1,19.5,0.0,0.0,0.0,0.0,0.0,15
2023-05-11 13:55:11,m2312-C-4050,m2312-C-4050,19.5,0.0,0.0,0.0,2,1.5,178.5,10,19.5,0.0,0.0,0.0,0.0,0.0,15
2023-05-11 13:55:14,m2312-C-4050,m2312-C-4050,19.5,0.0,0.0,0.0,2,1.5,178.0,1,19.5,0.0,0.0,0.0,0.0,0.0,15
2023-05-11 13:55:15,m2312-C-4050,m2312-C-4050,19.5,0.0,0.0,0.0,2,1.5,177.5,10,19.5,0.0,0.0,0.0,0.0,0.0,15
2023-05-11 13:55:18,m2312-C-4050,m2312-C-4050,19.5,0.0,0.0,0.0,2,1.5,177.0,1,19.5,0.0,0.0,0.0,0.0,0.0,15
2023-05-11 13:55:18,m2312-C-4050,m2312-C-4050,19.5,0.0,0.0,0.0,2,1.5,176.5,10,19.5,0.0,0.0,0.0,0.0,0.0,15
2023-05-11 14:38:46,m2312-C-4050,m2312-C-4050,19.5,0.0,0.0,0.0,5,15.0,21.0,5,19.5,0.0,0.0,0.0,0.0,0.0,15
2023-05-11 14:38:52,m2312-C-4050,m2312-C-4050,19.5,0.0,0.0,0.0,5,15.0,20.5,5,19.5,0.0,0.0,0.0,0.0,0.0,15
2023-05-11 14:38:53,m2312-C-4050,m2312-C-4050,19.5,0.0,0.0,0.0,10,15.0,20.5,10,19.5,0.0,0.0,0.0,0.0,0.0,15
2023-05-11 14:38:54,m2312-C-4050,m2312-C-4050,19.5,0.0,0.0,0.0,10,15.0,16.0,5,19.5,0.0,0.0,0.0,0.0,0.0,15
2023-05-11 14:38:58,m2312-C-4050,m2312-C-4050,19.5,0.0,0.0,0.0,5,15.0,16.0,5,19.5,0.0,0.0,0.0,0.0,0.0,15
2023-05-11 14:39:04,m2312-C-4050,m2312-C-4050,19.5,0.0,0.0,0.0,5,14.0,16.0,5,19.5,0.0,0.0,0.0,0.0,0.0,15
2023-05-11 14:39:05,m2312-C-4050,m2312-C-4050,19.5,0.0,0.0,0.0,5,14.0,18.5,10,19.5,0.0,0.0,0.0,0.0,0.0,15
2023-05-11 14:39:07,m2312-C-4050,m2312-C-4050,19.5,0.0,0.0,0.0,10,13.5,18.5,10,19.5,0.0,0.0,0.0,0.0,0.0,15
2023-05-11 14:39:09,m2312-C-4050,m2312-C-4050,19.5,0.0,0.0,0.0,5,13.5,18.5,5,19.5,0.0,0.0,0.0,0.0,0.0,15
2023-05-11 14:39:13,m2312-C-4050,m2312-C-4050,19.5,0.0,0.0,0.0,5,13.5,19.5,5,19.5,0.0,0.0,0.0,0.0,0.0,15
2023-05-11 14:39:17,m2312-C-4050,m2312-C-4050,19.5,0.0,0.0,0.0,2,1.5,0.0,0,19.5,0.0,0.0,0.0,0.0,0.0,15
2023-05-11 15:01:10,m2312-C-4050,m2312-C-4050,19.5,0.0,0.0,0.0,2,1.5,0.0,0,19.5,0.0,0.0,0.0,0.0,0.0,15
