time,symbol_id,symbol_name,last,trade_volume,trade_amount,open_interest_change,bv1,bp1,ap1,av1,yesterday_close,today_open,today_high,today_low,volume,amount,open_interest
2023-05-10 20:55:36,m2311-C-3950,豆粕2311购3950,32.0,0.0,0.0,0.0,1,0.5,0.0,0,32.0,0.0,0.0,0.0,0.0,0.0,25
2023-05-10 21:00:07,m2311-C-3950,豆粕2311购3950,32.0,0.0,0.0,0.0,10,1.0,0.0,0,32.0,0.0,0.0,0.0,0.0,0.0,25
2023-05-10 21:04:54,m2311-C-3950,豆粕2311购3950,32.0,0.0,0.0,0.0,1,1.5,0.0,0,32.0,0.0,0.0,0.0,0.0,0.0,25
2023-05-10 21:04:54,m2311-C-3950,豆粕2311购3950,32.0,0.0,0.0,0.0,10,2.0,0.0,0,32.0,0.0,0.0,0.0,0.0,0.0,25
2023-05-10 21:10:24,m2311-C-3950,豆粕2311购3950,32.0,0.0,0.0,0.0,1,2.5,0.0,0,32.0,0.0,0.0,0.0,0.0,0.0,25
2023-05-10 21:10:24,m2311-C-3950,豆粕2311购3950,32.0,0.0,0.0,0.0,10,3.0,0.0,0,32.0,0.0,0.0,0.0,0.0,0.0,25
2023-05-10 21:22:01,m2311-C-3950,豆粕2311购3950,32.0,0.0,0.0,0.0,10,3.0,240.5,1,32.0,0.0,0.0,0.0,0.0,0.0,25
2023-05-10 22:57:33,m2311-C-3950,豆粕2311购3950,32.0,0.0,0.0,0.0,1,2.5,240.5,1,32.0,0.0,0.0,0.0,0.0,0.0,25
2023-05-10 22:58:23,m2311-C-3950,豆粕2311购3950,32.0,0.0,0.0,0.0,1,2.5,0.0,0,32.0,0.0,0.0,0.0,0.0,0.0,25
2023-05-10 22:59:16,m2311-C-3950,豆粕2311购3950,32.0,0.0,0.0,0.0,10,3.0,0.0,0,32.0,0.0,0.0,0.0,0.0,0.0,25
2023-05-10 22:59:56,m2311-C-3950,豆粕2311购3950,32.0,0.0,0.0,0.0,1,2.5,0.0,0,32.0,0.0,0.0,0.0,0.0,0.0,25
2023-05-11 09:00:04,m2311-C-3950,豆粕2311购3950,32.0,0.0,0.0,0.0,10,3.0,0.0,0,32.0,0.0,0.0,0.0,0.0,0.0,25
2023-05-11 09:18:44,m2311-C-3950,豆粕2311购3950,32.0,0.0,0.0,0.0,10,3.0,240.5,1,32.0,0.0,0.0,0.0,0.0,0.0,25
2023-05-11 09:33:26,m2311-C-3950,豆粕2311购3950,32.0,0.0,0.0,0.0,2,3.5,240.5,1,32.0,0.0,0.0,0.0,0.0,0.0,25
2023-05-11 09:33:26,m2311-C-3950,豆粕2311购3950,32.0,0.0,0.0,0.0,10,4.0,240.5,1,32.0,0.0,0.0,0.0,0.0,0.0,25
2023-05-11 10:01:08,m2311-C-3950,豆粕2311购3950,32.0,0.0,0.0,0.0,2,7.5,240.5,1,32.0,0.0,0.0,0.0,0.0,0.0,25
2023-05-11 10:01:08,m2311-C-3950,豆粕2311购3950,32.0,0.0,0.0,0.0,10,8.0,240.5,1,32.0,0.0,0.0,0.0,0.0,0.0,25
2023-05-11 10:01:09,m2311-C-3950,豆粕2311购3950,32.0,0.0,0.0,0.0,2,8.5,240.5,1,32.0,0.0,0.0,0.0,0.0,0.0,25
2023-05-11 10:01:09,m2311-C-3950,豆粕2311购3950,32.0,0.0,0.0,0.0,10,9.0,240.5,1,32.0,0.0,0.0,0.0,0.0,0.0,25
2023-05-11 10:01:11,m2311-C-3950,豆粕2311购3950,32.0,0.0,0.0,0.0,2,9.5,240.5,1,32.0,0.0,0.0,0.0,0.0,0.0,25
2023-05-11 10:01:11,m2311-C-3950,豆粕2311购3950,32.0,0.0,0.0,0.0,10,10.0,240.5,1,32.0,0.0,0.0,0.0,0.0,0.0,25
2023-05-11 10:01:12,m2311-C-3950,豆粕2311购3950,32.0,0.0,0.0,0.0,2,10.5,240.5,1,32.0,0.0,0.0,0.0,0.0,0.0,25
2023-05-11 10:01:12,m2311-C-3950,豆粕2311购3950,32.0,0.0,0.0,0.0,12,10.5,240.5,1,32.0,0.0,0.0,0.0,0.0,0.0,25
2023-05-11 10:01:22,m2311-C-3950,豆粕2311购3950,32.0,0.0,0.0,0.0,2,10.5,240.5,1,32.0,0.0,0.0,0.0,0.0,0.0,25
2023-05-11 10:01:35,m2311-C-3950,豆粕2311购3950,32.0,0.0,0.0,0.0,2,2.5,240.5,1,32.0,0.0,0.0,0.0,0.0,0.0,25
2023-05-11 10:01:35,m2311-C-3950,豆粕2311购3950,32.0,0.0,0.0,0.0,12,3.0,240.5,1,32.0,0.0,0.0,0.0,0.0,0.0,25
2023-05-11 10:01:38,m2311-C-3950,豆粕2311购3950,32.0,0.0,0.0,0.0,10,3.0,240.5,1,32.0,0.0,0.0,0.0,0.0,0.0,25
2023-05-11 10:13:20,m2311-C-3950,豆粕2311购3950,32.0,0.0,0.0,0.0,10,3.0,0.0,0,32.0,0.0,0.0,0.0,0.0,0.0,25
2023-05-11 10:14:32,m2311-C-3950,豆粕2311购3950,32.0,0.0,0.0,0.0,2,2.5,0.0,0,32.0,0.0,0.0,0.0,0.0,0.0,25
2023-05-11 10:30:07,m2311-C-3950,豆粕2311购3950,32.0,0.0,0.0,0.0,10,3.0,0.0,0,32.0,0.0,0.0,0.0,0.0,0.0,25
2023-05-11 10:51:41,m2311-C-3950,豆粕2311购3950,32.0,0.0,0.0,0.0,10,3.0,240.5,1,32.0,0.0,0.0,0.0,0.0,0.0,25
2023-05-11 11:28:17,m2311-C-3950,豆粕2311购3950,32.0,0.0,0.0,0.0,10,3.0,0.0,0,32.0,0.0,0.0,0.0,0.0,0.0,25
2023-05-11 11:29:33,m2311-C-3950,豆粕2311购3950,32.0,0.0,0.0,0.0,2,2.5,0.0,0,32.0,0.0,0.0,0.0,0.0,0.0,25
2023-05-11 13:30:02,m2311-C-3950,豆粕2311购3950,32.0,0.0,0.0,0.0,10,3.0,0.0,0,32.0,0.0,0.0,0.0,0.0,0.0,25
2023-05-11 13:46:43,m2311-C-3950,豆粕2311购3950,32.0,0.0,0.0,0.0,10,3.0,240.5,1,32.0,0.0,0.0,0.0,0.0,0.0,25
2023-05-11 14:38:16,m2311-C-3950,豆粕2311购3950,32.0,0.0,0.0,0.0,5,22.0,28.0,5,32.0,0.0,0.0,0.0,0.0,0.0,25
2023-05-11 14:38:22,m2311-C-3950,豆粕2311购3950,32.0,0.0,0.0,0.0,5,24.0,28.0,5,32.0,0.0,0.0,0.0,0.0,0.0,25
2023-05-11 14:38:28,m2311-C-3950,豆粕2311购3950,32.0,0.0,0.0,0.0,5,24.0,25.5,5,32.0,0.0,0.0,0.0,0.0,0.0,25
2023-05-11 14:38:33,m2311-C-3950,豆粕2311购3950,32.0,0.0,0.0,0.0,5,23.5,25.5,5,32.0,0.0,0.0,0.0,0.0,0.0,25
2023-05-11 14:38:34,m2311-C-3950,豆粕2311购3950,32.0,0.0,0.0,0.0,10,23.5,25.5,10,32.0,0.0,0.0,0.0,0.0,0.0,25
2023-05-11 14:38:39,m2311-C-3950,豆粕2311购3950,32.0,0.0,0.0,0.0,5,23.5,25.5,5,32.0,0.0,0.0,0.0,0.0,0.0,25
2023-05-11 14:38:44,m2311-C-3950,豆粕2311购3950,32.0,0.0,0.0,0.0,10,3.0,0.0,0,32.0,0.0,0.0,0.0,0.0,0.0,25
2023-05-11 14:38:45,m2311-C-3950,豆粕2311购3950,32.0,0.0,0.0,0.0,2,3.5,0.0,0,32.0,0.0,0.0,0.0,0.0,0.0,25
2023-05-11 14:38:45,m2311-C-3950,豆粕2311购3950,32.0,0.0,0.0,0.0,10,4.0,0.0,0,32.0,0.0,0.0,0.0,0.0,0.0,25
2023-05-11 14:59:02,m2311-C-3950,豆粕2311购3950,32.0,0.0,0.0,0.0,2,2.5,0.0,0,32.0,0.0,0.0,0.0,0.0,0.0,25
2023-05-11 14:59:05,m2311-C-3950,豆粕2311购3950,32.0,0.0,0.0,0.0,10,3.0,0.0,0,32.0,0.0,0.0,0.0,0.0,0.0,25
2023-05-11 14:59:10,m2311-C-3950,豆粕2311购3950,32.0,0.0,0.0,0.0,2,2.5,0.0,0,32.0,0.0,0.0,0.0,0.0,0.0,25
2023-05-11 14:59:11,m2311-C-3950,豆粕2311购3950,32.0,0.0,0.0,0.0,2,3.0,0.0,0,32.0,0.0,0.0,0.0,0.0,0.0,25
2023-05-11 15:01:10,m2311-C-3950,豆粕2311购3950,32.0,0.0,0.0,0.0,2,3.0,0.0,0,32.0,0.0,0.0,0.0,0.0,0.0,25
