time,symbol_id,symbol_name,last,trade_volume,trade_amount,open_interest_change,bv1,bp1,ap1,av1,yesterday_close,today_open,today_high,today_low,volume,amount,open_interest
2023-05-10 20:56:15,m2312-P-3450,m2312-P-3450,167.0,0.0,0.0,0.0,1,0.5,0.0,0,167.0,0.0,0.0,0.0,0.0,0.0,30
2023-05-10 21:00:07,m2312-P-3450,m2312-P-3450,167.0,0.0,0.0,0.0,10,1.0,0.0,0,167.0,0.0,0.0,0.0,0.0,0.0,30
2023-05-10 21:00:42,m2312-P-3450,m2312-P-3450,167.0,0.0,0.0,0.0,1,34.0,0.0,0,167.0,0.0,0.0,0.0,0.0,0.0,30
2023-05-10 21:00:42,m2312-P-3450,m2312-P-3450,167.0,0.0,0.0,0.0,10,34.5,0.0,0,167.0,0.0,0.0,0.0,0.0,0.0,30
2023-05-10 21:01:46,m2312-P-3450,m2312-P-3450,167.0,0.0,0.0,0.0,1,35.0,0.0,0,167.0,0.0,0.0,0.0,0.0,0.0,30
2023-05-10 21:01:46,m2312-P-3450,m2312-P-3450,167.0,0.0,0.0,0.0,10,35.5,0.0,0,167.0,0.0,0.0,0.0,0.0,0.0,30
2023-05-10 21:03:01,m2312-P-3450,m2312-P-3450,167.0,0.0,0.0,0.0,1,36.0,0.0,0,167.0,0.0,0.0,0.0,0.0,0.0,30
2023-05-10 21:03:01,m2312-P-3450,m2312-P-3450,167.0,0.0,0.0,0.0,10,36.5,0.0,0,167.0,0.0,0.0,0.0,0.0,0.0,30
2023-05-10 21:11:42,m2312-P-3450,m2312-P-3450,167.0,0.0,0.0,0.0,1,37.0,0.0,0,167.0,0.0,0.0,0.0,0.0,0.0,30
2023-05-10 21:11:42,m2312-P-3450,m2312-P-3450,167.0,0.0,0.0,0.0,10,37.5,0.0,0,167.0,0.0,0.0,0.0,0.0,0.0,30
2023-05-10 21:11:46,m2312-P-3450,m2312-P-3450,167.0,0.0,0.0,0.0,1,38.0,0.0,0,167.0,0.0,0.0,0.0,0.0,0.0,30
2023-05-10 21:11:46,m2312-P-3450,m2312-P-3450,167.0,0.0,0.0,0.0,10,38.5,0.0,0,167.0,0.0,0.0,0.0,0.0,0.0,30
2023-05-10 21:11:50,m2312-P-3450,m2312-P-3450,167.0,0.0,0.0,0.0,1,39.0,0.0,0,167.0,0.0,0.0,0.0,0.0,0.0,30
2023-05-10 21:11:50,m2312-P-3450,m2312-P-3450,167.0,0.0,0.0,0.0,10,39.5,0.0,0,167.0,0.0,0.0,0.0,0.0,0.0,30
2023-05-10 21:11:54,m2312-P-3450,m2312-P-3450,167.0,0.0,0.0,0.0,1,40.0,0.0,0,167.0,0.0,0.0,0.0,0.0,0.0,30
2023-05-10 21:11:54,m2312-P-3450,m2312-P-3450,167.0,0.0,0.0,0.0,10,40.5,0.0,0,167.0,0.0,0.0,0.0,0.0,0.0,30
2023-05-10 21:11:57,m2312-P-3450,m2312-P-3450,167.0,0.0,0.0,0.0,1,41.0,0.0,0,167.0,0.0,0.0,0.0,0.0,0.0,30
2023-05-10 21:11:57,m2312-P-3450,m2312-P-3450,167.0,0.0,0.0,0.0,10,41.5,0.0,0,167.0,0.0,0.0,0.0,0.0,0.0,30
2023-05-10 21:11:58,m2312-P-3450,m2312-P-3450,167.0,0.0,0.0,0.0,1,42.0,0.0,0,167.0,0.0,0.0,0.0,0.0,0.0,30
2023-05-10 21:11:58,m2312-P-3450,m2312-P-3450,167.0,0.0,0.0,0.0,10,42.5,0.0,0,167.0,0.0,0.0,0.0,0.0,0.0,30
2023-05-10 21:12:00,m2312-P-3450,m2312-P-3450,167.0,0.0,0.0,0.0,1,43.0,0.0,0,167.0,0.0,0.0,0.0,0.0,0.0,30
2023-05-10 21:12:00,m2312-P-3450,m2312-P-3450,167.0,0.0,0.0,0.0,10,43.5,0.0,0,167.0,0.0,0.0,0.0,0.0,0.0,30
2023-05-10 21:12:01,m2312-P-3450,m2312-P-3450,167.0,0.0,0.0,0.0,1,44.0,0.0,0,167.0,0.0,0.0,0.0,0.0,0.0,30
2023-05-10 21:12:01,m2312-P-3450,m2312-P-3450,167.0,0.0,0.0,0.0,10,44.5,0.0,0,167.0,0.0,0.0,0.0,0.0,0.0,30
2023-05-10 21:12:02,m2312-P-3450,m2312-P-3450,167.0,0.0,0.0,0.0,1,45.0,0.0,0,167.0,0.0,0.0,0.0,0.0,0.0,30
2023-05-10 21:12:02,m2312-P-3450,m2312-P-3450,167.0,0.0,0.0,0.0,10,45.5,0.0,0,167.0,0.0,0.0,0.0,0.0,0.0,30
2023-05-10 21:12:03,m2312-P-3450,m2312-P-3450,167.0,0.0,0.0,0.0,1,46.0,0.0,0,167.0,0.0,0.0,0.0,0.0,0.0,30
2023-05-10 21:12:03,m2312-P-3450,m2312-P-3450,167.0,0.0,0.0,0.0,10,46.5,0.0,0,167.0,0.0,0.0,0.0,0.0,0.0,30
2023-05-10 21:12:05,m2312-P-3450,m2312-P-3450,167.0,0.0,0.0,0.0,1,47.0,0.0,0,167.0,0.0,0.0,0.0,0.0,0.0,30
2023-05-10 21:12:05,m2312-P-3450,m2312-P-3450,167.0,0.0,0.0,0.0,10,47.5,0.0,0,167.0,0.0,0.0,0.0,0.0,0.0,30
2023-05-10 21:12:06,m2312-P-3450,m2312-P-3450,167.0,0.0,0.0,0.0,1,48.0,0.0,0,167.0,0.0,0.0,0.0,0.0,0.0,30
2023-05-10 21:12:06,m2312-P-3450,m2312-P-3450,167.0,0.0,0.0,0.0,10,48.5,0.0,0,167.0,0.0,0.0,0.0,0.0,0.0,30
2023-05-10 21:12:07,m2312-P-3450,m2312-P-3450,167.0,0.0,0.0,0.0,1,49.0,0.0,0,167.0,0.0,0.0,0.0,0.0,0.0,30
2023-05-10 21:12:07,m2312-P-3450,m2312-P-3450,167.0,0.0,0.0,0.0,10,49.5,0.0,0,167.0,0.0,0.0,0.0,0.0,0.0,30
2023-05-10 21:12:09,m2312-P-3450,m2312-P-3450,167.0,0.0,0.0,0.0,1,50.0,0.0,0,167.0,0.0,0.0,0.0,0.0,0.0,30
2023-05-10 21:12:09,m2312-P-3450,m2312-P-3450,167.0,0.0,0.0,0.0,10,50.5,0.0,0,167.0,0.0,0.0,0.0,0.0,0.0,30
2023-05-10 21:12:10,m2312-P-3450,m2312-P-3450,167.0,0.0,0.0,0.0,1,51.0,0.0,0,167.0,0.0,0.0,0.0,0.0,0.0,30
2023-05-10 21:12:10,m2312-P-3450,m2312-P-3450,167.0,0.0,0.0,0.0,10,51.5,0.0,0,167.0,0.0,0.0,0.0,0.0,0.0,30
2023-05-10 21:12:11,m2312-P-3450,m2312-P-3450,167.0,0.0,0.0,0.0,1,52.0,0.0,0,167.0,0.0,0.0,0.0,0.0,0.0,30
2023-05-10 21:12:11,m2312-P-3450,m2312-P-3450,167.0,0.0,0.0,0.0,10,52.5,0.0,0,167.0,0.0,0.0,0.0,0.0,0.0,30
2023-05-10 21:12:13,m2312-P-3450,m2312-P-3450,167.0,0.0,0.0,0.0,1,53.0,0.0,0,167.0,0.0,0.0,0.0,0.0,0.0,30
2023-05-10 21:12:13,m2312-P-3450,m2312-P-3450,167.0,0.0,0.0,0.0,10,53.5,0.0,0,167.0,0.0,0.0,0.0,0.0,0.0,30
2023-05-10 21:12:14,m2312-P-3450,m2312-P-3450,167.0,0.0,0.0,0.0,1,54.0,0.0,0,167.0,0.0,0.0,0.0,0.0,0.0,30
2023-05-10 21:12:14,m2312-P-3450,m2312-P-3450,167.0,0.0,0.0,0.0,10,54.5,0.0,0,167.0,0.0,0.0,0.0,0.0,0.0,30
2023-05-10 21:12:15,m2312-P-3450,m2312-P-3450,167.0,0.0,0.0,0.0,1,55.0,0.0,0,167.0,0.0,0.0,0.0,0.0,0.0,30
2023-05-10 21:12:15,m2312-P-3450,m2312-P-3450,167.0,0.0,0.0,0.0,10,55.5,0.0,0,167.0,0.0,0.0,0.0,0.0,0.0,30
2023-05-10 21:12:16,m2312-P-3450,m2312-P-3450,167.0,0.0,0.0,0.0,1,56.0,0.0,0,167.0,0.0,0.0,0.0,0.0,0.0,30
2023-05-10 21:12:16,m2312-P-3450,m2312-P-3450,167.0,0.0,0.0,0.0,10,56.5,0.0,0,167.0,0.0,0.0,0.0,0.0,0.0,30
2023-05-10 21:12:18,m2312-P-3450,m2312-P-3450,167.0,0.0,0.0,0.0,1,57.0,0.0,0,167.0,0.0,0.0,0.0,0.0,0.0,30
2023-05-10 21:12:18,m2312-P-3450,m2312-P-3450,167.0,0.0,0.0,0.0,10,57.5,0.0,0,167.0,0.0,0.0,0.0,0.0,0.0,30
2023-05-10 21:12:19,m2312-P-3450,m2312-P-3450,167.0,0.0,0.0,0.0,1,58.0,0.0,0,167.0,0.0,0.0,0.0,0.0,0.0,30
2023-05-10 21:12:19,m2312-P-3450,m2312-P-3450,167.0,0.0,0.0,0.0,10,58.5,0.0,0,167.0,0.0,0.0,0.0,0.0,0.0,30
2023-05-10 21:12:20,m2312-P-3450,m2312-P-3450,167.0,0.0,0.0,0.0,1,59.0,0.0,0,167.0,0.0,0.0,0.0,0.0,0.0,30
2023-05-10 21:12:20,m2312-P-3450,m2312-P-3450,167.0,0.0,0.0,0.0,10,59.5,0.0,0,167.0,0.0,0.0,0.0,0.0,0.0,30
2023-05-10 21:12:22,m2312-P-3450,m2312-P-3450,167.0,0.0,0.0,0.0,1,60.0,0.0,0,167.0,0.0,0.0,0.0,0.0,0.0,30
2023-05-10 21:12:22,m2312-P-3450,m2312-P-3450,167.0,0.0,0.0,0.0,10,60.5,0.0,0,167.0,0.0,0.0,0.0,0.0,0.0,30
2023-05-10 21:12:23,m2312-P-3450,m2312-P-3450,167.0,0.0,0.0,0.0,1,61.0,0.0,0,167.0,0.0,0.0,0.0,0.0,0.0,30
2023-05-10 21:12:23,m2312-P-3450,m2312-P-3450,167.0,0.0,0.0,0.0,10,61.5,0.0,0,167.0,0.0,0.0,0.0,0.0,0.0,30
2023-05-10 21:12:24,m2312-P-3450,m2312-P-3450,167.0,0.0,0.0,0.0,1,62.0,0.0,0,167.0,0.0,0.0,0.0,0.0,0.0,30
2023-05-10 21:12:24,m2312-P-3450,m2312-P-3450,167.0,0.0,0.0,0.0,10,62.5,0.0,0,167.0,0.0,0.0,0.0,0.0,0.0,30
2023-05-10 21:12:26,m2312-P-3450,m2312-P-3450,167.0,0.0,0.0,0.0,1,63.0,0.0,0,167.0,0.0,0.0,0.0,0.0,0.0,30
2023-05-10 21:12:26,m2312-P-3450,m2312-P-3450,167.0,0.0,0.0,0.0,10,63.5,0.0,0,167.0,0.0,0.0,0.0,0.0,0.0,30
2023-05-10 21:12:27,m2312-P-3450,m2312-P-3450,167.0,0.0,0.0,0.0,1,64.0,0.0,0,167.0,0.0,0.0,0.0,0.0,0.0,30
2023-05-10 21:12:27,m2312-P-3450,m2312-P-3450,167.0,0.0,0.0,0.0,10,64.5,0.0,0,167.0,0.0,0.0,0.0,0.0,0.0,30
2023-05-10 21:12:29,m2312-P-3450,m2312-P-3450,167.0,0.0,0.0,0.0,1,65.0,0.0,0,167.0,0.0,0.0,0.0,0.0,0.0,30
2023-05-10 21:12:29,m2312-P-3450,m2312-P-3450,167.0,0.0,0.0,0.0,10,65.5,0.0,0,167.0,0.0,0.0,0.0,0.0,0.0,30
2023-05-10 21:12:30,m2312-P-3450,m2312-P-3450,167.0,0.0,0.0,0.0,1,66.0,0.0,0,167.0,0.0,0.0,0.0,0.0,0.0,30
2023-05-10 21:12:30,m2312-P-3450,m2312-P-3450,167.0,0.0,0.0,0.0,10,66.5,0.0,0,167.0,0.0,0.0,0.0,0.0,0.0,30
2023-05-10 21:12:31,m2312-P-3450,m2312-P-3450,167.0,0.0,0.0,0.0,1,67.0,0.0,0,167.0,0.0,0.0,0.0,0.0,0.0,30
2023-05-10 21:12:31,m2312-P-3450,m2312-P-3450,167.0,0.0,0.0,0.0,10,67.5,0.0,0,167.0,0.0,0.0,0.0,0.0,0.0,30
2023-05-10 21:12:32,m2312-P-3450,m2312-P-3450,167.0,0.0,0.0,0.0,1,68.0,0.0,0,167.0,0.0,0.0,0.0,0.0,0.0,30
2023-05-10 21:12:32,m2312-P-3450,m2312-P-3450,167.0,0.0,0.0,0.0,10,68.5,0.0,0,167.0,0.0,0.0,0.0,0.0,0.0,30
2023-05-10 21:12:33,m2312-P-3450,m2312-P-3450,167.0,0.0,0.0,0.0,1,69.0,0.0,0,167.0,0.0,0.0,0.0,0.0,0.0,30
2023-05-10 21:12:33,m2312-P-3450,m2312-P-3450,167.0,0.0,0.0,0.0,10,69.5,0.0,0,167.0,0.0,0.0,0.0,0.0,0.0,30
2023-05-10 21:12:35,m2312-P-3450,m2312-P-3450,167.0,0.0,0.0,0.0,1,70.0,0.0,0,167.0,0.0,0.0,0.0,0.0,0.0,30
2023-05-10 21:12:35,m2312-P-3450,m2312-P-3450,167.0,0.0,0.0,0.0,10,70.5,0.0,0,167.0,0.0,0.0,0.0,0.0,0.0,30
2023-05-10 21:31:46,m2312-P-3450,m2312-P-3450,167.0,0.0,0.0,0.0,1,71.0,0.0,0,167.0,0.0,0.0,0.0,0.0,0.0,30
2023-05-10 21:31:46,m2312-P-3450,m2312-P-3450,167.0,0.0,0.0,0.0,10,71.5,0.0,0,167.0,0.0,0.0,0.0,0.0,0.0,30
2023-05-10 22:01:46,m2312-P-3450,m2312-P-3450,167.0,0.0,0.0,0.0,1,72.0,0.0,0,167.0,0.0,0.0,0.0,0.0,0.0,30
2023-05-10 22:01:46,m2312-P-3450,m2312-P-3450,167.0,0.0,0.0,0.0,10,72.5,0.0,0,167.0,0.0,0.0,0.0,0.0,0.0,30
2023-05-10 22:50:07,m2312-P-3450,m2312-P-3450,167.0,0.0,0.0,0.0,1,73.0,0.0,0,167.0,0.0,0.0,0.0,0.0,0.0,30
2023-05-10 22:50:07,m2312-P-3450,m2312-P-3450,167.0,0.0,0.0,0.0,10,73.5,0.0,0,167.0,0.0,0.0,0.0,0.0,0.0,30
2023-05-10 22:57:33,m2312-P-3450,m2312-P-3450,167.0,0.0,0.0,0.0,1,73.0,0.0,0,167.0,0.0,0.0,0.0,0.0,0.0,30
2023-05-10 22:58:19,m2312-P-3450,m2312-P-3450,167.0,0.0,0.0,0.0,2,34.0,0.0,0,167.0,0.0,0.0,0.0,0.0,0.0,30
2023-05-10 22:58:23,m2312-P-3450,m2312-P-3450,167.0,0.0,0.0,0.0,1,34.0,0.0,0,167.0,0.0,0.0,0.0,0.0,0.0,30
2023-05-10 22:59:16,m2312-P-3450,m2312-P-3450,167.0,0.0,0.0,0.0,10,34.5,0.0,0,167.0,0.0,0.0,0.0,0.0,0.0,30
2023-05-10 22:59:56,m2312-P-3450,m2312-P-3450,167.0,0.0,0.0,0.0,1,2.5,0.0,0,167.0,0.0,0.0,0.0,0.0,0.0,30
2023-05-11 09:00:04,m2312-P-3450,m2312-P-3450,167.0,0.0,0.0,0.0,10,3.0,0.0,0,167.0,0.0,0.0,0.0,0.0,0.0,30
2023-05-11 09:00:33,m2312-P-3450,m2312-P-3450,167.0,0.0,0.0,0.0,1,3.5,0.0,0,167.0,0.0,0.0,0.0,0.0,0.0,30
2023-05-11 09:00:33,m2312-P-3450,m2312-P-3450,167.0,0.0,0.0,0.0,10,4.0,0.0,0,167.0,0.0,0.0,0.0,0.0,0.0,30
2023-05-11 09:00:36,m2312-P-3450,m2312-P-3450,167.0,0.0,0.0,0.0,1,41.0,0.0,0,167.0,0.0,0.0,0.0,0.0,0.0,30
2023-05-11 09:00:36,m2312-P-3450,m2312-P-3450,167.0,0.0,0.0,0.0,10,41.5,0.0,0,167.0,0.0,0.0,0.0,0.0,0.0,30
2023-05-11 09:00:38,m2312-P-3450,m2312-P-3450,167.0,0.0,0.0,0.0,11,41.5,0.0,0,167.0,0.0,0.0,0.0,0.0,0.0,30
2023-05-11 09:02:17,m2312-P-3450,m2312-P-3450,167.0,0.0,0.0,0.0,1,42.0,0.0,0,167.0,0.0,0.0,0.0,0.0,0.0,30
2023-05-11 09:02:17,m2312-P-3450,m2312-P-3450,167.0,0.0,0.0,0.0,10,42.5,0.0,0,167.0,0.0,0.0,0.0,0.0,0.0,30
2023-05-11 09:04:25,m2312-P-3450,m2312-P-3450,167.0,0.0,0.0,0.0,1,43.0,0.0,0,167.0,0.0,0.0,0.0,0.0,0.0,30
2023-05-11 09:04:25,m2312-P-3450,m2312-P-3450,167.0,0.0,0.0,0.0,10,43.5,0.0,0,167.0,0.0,0.0,0.0,0.0,0.0,30
2023-05-11 09:10:49,m2312-P-3450,m2312-P-3450,167.0,0.0,0.0,0.0,1,44.0,0.0,0,167.0,0.0,0.0,0.0,0.0,0.0,30
2023-05-11 09:10:49,m2312-P-3450,m2312-P-3450,167.0,0.0,0.0,0.0,10,44.5,0.0,0,167.0,0.0,0.0,0.0,0.0,0.0,30
2023-05-11 09:10:53,m2312-P-3450,m2312-P-3450,167.0,0.0,0.0,0.0,1,45.0,0.0,0,167.0,0.0,0.0,0.0,0.0,0.0,30
2023-05-11 09:10:53,m2312-P-3450,m2312-P-3450,167.0,0.0,0.0,0.0,10,45.5,0.0,0,167.0,0.0,0.0,0.0,0.0,0.0,30
2023-05-11 09:10:55,m2312-P-3450,m2312-P-3450,167.0,0.0,0.0,0.0,1,46.0,0.0,0,167.0,0.0,0.0,0.0,0.0,0.0,30
2023-05-11 09:10:55,m2312-P-3450,m2312-P-3450,167.0,0.0,0.0,0.0,10,46.5,0.0,0,167.0,0.0,0.0,0.0,0.0,0.0,30
2023-05-11 09:10:57,m2312-P-3450,m2312-P-3450,167.0,0.0,0.0,0.0,1,47.0,0.0,0,167.0,0.0,0.0,0.0,0.0,0.0,30
2023-05-11 09:10:57,m2312-P-3450,m2312-P-3450,167.0,0.0,0.0,0.0,10,47.5,0.0,0,167.0,0.0,0.0,0.0,0.0,0.0,30
2023-05-11 09:10:58,m2312-P-3450,m2312-P-3450,167.0,0.0,0.0,0.0,1,48.0,0.0,0,167.0,0.0,0.0,0.0,0.0,0.0,30
2023-05-11 09:10:58,m2312-P-3450,m2312-P-3450,167.0,0.0,0.0,0.0,10,48.5,0.0,0,167.0,0.0,0.0,0.0,0.0,0.0,30
2023-05-11 09:11:00,m2312-P-3450,m2312-P-3450,167.0,0.0,0.0,0.0,1,49.0,0.0,0,167.0,0.0,0.0,0.0,0.0,0.0,30
2023-05-11 09:11:00,m2312-P-3450,m2312-P-3450,167.0,0.0,0.0,0.0,10,49.5,0.0,0,167.0,0.0,0.0,0.0,0.0,0.0,30
2023-05-11 09:11:01,m2312-P-3450,m2312-P-3450,167.0,0.0,0.0,0.0,1,50.0,0.0,0,167.0,0.0,0.0,0.0,0.0,0.0,30
2023-05-11 09:11:01,m2312-P-3450,m2312-P-3450,167.0,0.0,0.0,0.0,10,50.5,0.0,0,167.0,0.0,0.0,0.0,0.0,0.0,30
2023-05-11 09:11:03,m2312-P-3450,m2312-P-3450,167.0,0.0,0.0,0.0,1,51.0,0.0,0,167.0,0.0,0.0,0.0,0.0,0.0,30
2023-05-11 09:11:03,m2312-P-3450,m2312-P-3450,167.0,0.0,0.0,0.0,10,51.5,0.0,0,167.0,0.0,0.0,0.0,0.0,0.0,30
2023-05-11 09:11:04,m2312-P-3450,m2312-P-3450,167.0,0.0,0.0,0.0,1,52.0,0.0,0,167.0,0.0,0.0,0.0,0.0,0.0,30
2023-05-11 09:11:04,m2312-P-3450,m2312-P-3450,167.0,0.0,0.0,0.0,10,52.5,0.0,0,167.0,0.0,0.0,0.0,0.0,0.0,30
2023-05-11 09:11:06,m2312-P-3450,m2312-P-3450,167.0,0.0,0.0,0.0,1,53.0,0.0,0,167.0,0.0,0.0,0.0,0.0,0.0,30
2023-05-11 09:11:06,m2312-P-3450,m2312-P-3450,167.0,0.0,0.0,0.0,10,53.5,0.0,0,167.0,0.0,0.0,0.0,0.0,0.0,30
2023-05-11 09:11:07,m2312-P-3450,m2312-P-3450,167.0,0.0,0.0,0.0,1,54.0,0.0,0,167.0,0.0,0.0,0.0,0.0,0.0,30
2023-05-11 09:11:07,m2312-P-3450,m2312-P-3450,167.0,0.0,0.0,0.0,10,54.5,0.0,0,167.0,0.0,0.0,0.0,0.0,0.0,30
2023-05-11 09:11:09,m2312-P-3450,m2312-P-3450,167.0,0.0,0.0,0.0,1,55.0,0.0,0,167.0,0.0,0.0,0.0,0.0,0.0,30
2023-05-11 09:11:09,m2312-P-3450,m2312-P-3450,167.0,0.0,0.0,0.0,10,55.5,0.0,0,167.0,0.0,0.0,0.0,0.0,0.0,30
2023-05-11 09:11:10,m2312-P-3450,m2312-P-3450,167.0,0.0,0.0,0.0,1,56.0,0.0,0,167.0,0.0,0.0,0.0,0.0,0.0,30
2023-05-11 09:11:10,m2312-P-3450,m2312-P-3450,167.0,0.0,0.0,0.0,10,56.5,0.0,0,167.0,0.0,0.0,0.0,0.0,0.0,30
2023-05-11 09:11:11,m2312-P-3450,m2312-P-3450,167.0,0.0,0.0,0.0,1,57.0,0.0,0,167.0,0.0,0.0,0.0,0.0,0.0,30
2023-05-11 09:11:11,m2312-P-3450,m2312-P-3450,167.0,0.0,0.0,0.0,10,57.5,0.0,0,167.0,0.0,0.0,0.0,0.0,0.0,30
2023-05-11 09:11:13,m2312-P-3450,m2312-P-3450,167.0,0.0,0.0,0.0,1,58.0,0.0,0,167.0,0.0,0.0,0.0,0.0,0.0,30
2023-05-11 09:11:13,m2312-P-3450,m2312-P-3450,167.0,0.0,0.0,0.0,10,58.5,0.0,0,167.0,0.0,0.0,0.0,0.0,0.0,30
2023-05-11 09:11:14,m2312-P-3450,m2312-P-3450,167.0,0.0,0.0,0.0,1,59.0,0.0,0,167.0,0.0,0.0,0.0,0.0,0.0,30
2023-05-11 09:11:14,m2312-P-3450,m2312-P-3450,167.0,0.0,0.0,0.0,10,59.5,0.0,0,167.0,0.0,0.0,0.0,0.0,0.0,30
2023-05-11 09:11:16,m2312-P-3450,m2312-P-3450,167.0,0.0,0.0,0.0,1,60.0,0.0,0,167.0,0.0,0.0,0.0,0.0,0.0,30
2023-05-11 09:11:16,m2312-P-3450,m2312-P-3450,167.0,0.0,0.0,0.0,10,60.5,0.0,0,167.0,0.0,0.0,0.0,0.0,0.0,30
2023-05-11 09:11:17,m2312-P-3450,m2312-P-3450,167.0,0.0,0.0,0.0,1,61.0,0.0,0,167.0,0.0,0.0,0.0,0.0,0.0,30
2023-05-11 09:11:17,m2312-P-3450,m2312-P-3450,167.0,0.0,0.0,0.0,10,61.5,0.0,0,167.0,0.0,0.0,0.0,0.0,0.0,30
2023-05-11 09:11:18,m2312-P-3450,m2312-P-3450,167.0,0.0,0.0,0.0,1,62.0,0.0,0,167.0,0.0,0.0,0.0,0.0,0.0,30
2023-05-11 09:11:18,m2312-P-3450,m2312-P-3450,167.0,0.0,0.0,0.0,10,62.5,0.0,0,167.0,0.0,0.0,0.0,0.0,0.0,30
2023-05-11 09:11:20,m2312-P-3450,m2312-P-3450,167.0,0.0,0.0,0.0,1,63.0,0.0,0,167.0,0.0,0.0,0.0,0.0,0.0,30
2023-05-11 09:11:20,m2312-P-3450,m2312-P-3450,167.0,0.0,0.0,0.0,10,63.5,0.0,0,167.0,0.0,0.0,0.0,0.0,0.0,30
2023-05-11 09:11:21,m2312-P-3450,m2312-P-3450,167.0,0.0,0.0,0.0,1,64.0,0.0,0,167.0,0.0,0.0,0.0,0.0,0.0,30
2023-05-11 09:11:21,m2312-P-3450,m2312-P-3450,167.0,0.0,0.0,0.0,10,64.5,0.0,0,167.0,0.0,0.0,0.0,0.0,0.0,30
2023-05-11 09:11:22,m2312-P-3450,m2312-P-3450,167.0,0.0,0.0,0.0,1,65.0,0.0,0,167.0,0.0,0.0,0.0,0.0,0.0,30
2023-05-11 09:11:22,m2312-P-3450,m2312-P-3450,167.0,0.0,0.0,0.0,10,65.5,0.0,0,167.0,0.0,0.0,0.0,0.0,0.0,30
2023-05-11 09:11:24,m2312-P-3450,m2312-P-3450,167.0,0.0,0.0,0.0,1,66.0,0.0,0,167.0,0.0,0.0,0.0,0.0,0.0,30
2023-05-11 09:11:24,m2312-P-3450,m2312-P-3450,167.0,0.0,0.0,0.0,10,66.5,0.0,0,167.0,0.0,0.0,0.0,0.0,0.0,30
2023-05-11 09:11:25,m2312-P-3450,m2312-P-3450,167.0,0.0,0.0,0.0,1,67.0,0.0,0,167.0,0.0,0.0,0.0,0.0,0.0,30
2023-05-11 09:11:25,m2312-P-3450,m2312-P-3450,167.0,0.0,0.0,0.0,10,67.5,0.0,0,167.0,0.0,0.0,0.0,0.0,0.0,30
2023-05-11 09:11:27,m2312-P-3450,m2312-P-3450,167.0,0.0,0.0,0.0,1,68.0,0.0,0,167.0,0.0,0.0,0.0,0.0,0.0,30
2023-05-11 09:11:27,m2312-P-3450,m2312-P-3450,167.0,0.0,0.0,0.0,10,68.5,0.0,0,167.0,0.0,0.0,0.0,0.0,0.0,30
2023-05-11 09:11:28,m2312-P-3450,m2312-P-3450,167.0,0.0,0.0,0.0,1,69.0,0.0,0,167.0,0.0,0.0,0.0,0.0,0.0,30
2023-05-11 09:11:28,m2312-P-3450,m2312-P-3450,167.0,0.0,0.0,0.0,10,69.5,0.0,0,167.0,0.0,0.0,0.0,0.0,0.0,30
2023-05-11 09:11:29,m2312-P-3450,m2312-P-3450,167.0,0.0,0.0,0.0,1,70.0,0.0,0,167.0,0.0,0.0,0.0,0.0,0.0,30
2023-05-11 09:11:29,m2312-P-3450,m2312-P-3450,167.0,0.0,0.0,0.0,10,70.5,0.0,0,167.0,0.0,0.0,0.0,0.0,0.0,30
2023-05-11 09:11:31,m2312-P-3450,m2312-P-3450,167.0,0.0,0.0,0.0,1,71.0,0.0,0,167.0,0.0,0.0,0.0,0.0,0.0,30
2023-05-11 09:11:31,m2312-P-3450,m2312-P-3450,167.0,0.0,0.0,0.0,10,71.5,0.0,0,167.0,0.0,0.0,0.0,0.0,0.0,30
2023-05-11 09:11:32,m2312-P-3450,m2312-P-3450,167.0,0.0,0.0,0.0,1,72.0,0.0,0,167.0,0.0,0.0,0.0,0.0,0.0,30
2023-05-11 09:11:32,m2312-P-3450,m2312-P-3450,167.0,0.0,0.0,0.0,10,72.5,0.0,0,167.0,0.0,0.0,0.0,0.0,0.0,30
2023-05-11 09:11:33,m2312-P-3450,m2312-P-3450,167.0,0.0,0.0,0.0,1,73.0,0.0,0,167.0,0.0,0.0,0.0,0.0,0.0,30
2023-05-11 09:11:33,m2312-P-3450,m2312-P-3450,167.0,0.0,0.0,0.0,10,73.5,0.0,0,167.0,0.0,0.0,0.0,0.0,0.0,30
2023-05-11 09:11:34,m2312-P-3450,m2312-P-3450,167.0,0.0,0.0,0.0,1,74.0,0.0,0,167.0,0.0,0.0,0.0,0.0,0.0,30
2023-05-11 09:11:34,m2312-P-3450,m2312-P-3450,167.0,0.0,0.0,0.0,10,74.5,0.0,0,167.0,0.0,0.0,0.0,0.0,0.0,30
2023-05-11 09:40:34,m2312-P-3450,m2312-P-3450,167.0,0.0,0.0,0.0,1,75.0,0.0,0,167.0,0.0,0.0,0.0,0.0,0.0,30
2023-05-11 09:40:34,m2312-P-3450,m2312-P-3450,167.0,0.0,0.0,0.0,10,75.5,0.0,0,167.0,0.0,0.0,0.0,0.0,0.0,30
2023-05-11 10:12:35,m2312-P-3450,m2312-P-3450,167.0,0.0,0.0,0.0,1,76.0,0.0,0,167.0,0.0,0.0,0.0,0.0,0.0,30
2023-05-11 10:12:35,m2312-P-3450,m2312-P-3450,167.0,0.0,0.0,0.0,10,76.5,0.0,0,167.0,0.0,0.0,0.0,0.0,0.0,30
2023-05-11 10:14:32,m2312-P-3450,m2312-P-3450,167.0,0.0,0.0,0.0,1,76.0,0.0,0,167.0,0.0,0.0,0.0,0.0,0.0,30
2023-05-11 10:30:07,m2312-P-3450,m2312-P-3450,167.0,0.0,0.0,0.0,10,76.5,0.0,0,167.0,0.0,0.0,0.0,0.0,0.0,30
2023-05-11 10:53:59,m2312-P-3450,m2312-P-3450,167.0,0.0,0.0,0.0,1,77.0,0.0,0,167.0,0.0,0.0,0.0,0.0,0.0,30
2023-05-11 10:53:59,m2312-P-3450,m2312-P-3450,167.0,0.0,0.0,0.0,10,77.5,0.0,0,167.0,0.0,0.0,0.0,0.0,0.0,30
2023-05-11 11:24:10,m2312-P-3450,m2312-P-3450,167.0,0.0,0.0,0.0,1,78.0,0.0,0,167.0,0.0,0.0,0.0,0.0,0.0,30
2023-05-11 11:24:10,m2312-P-3450,m2312-P-3450,167.0,0.0,0.0,0.0,10,78.5,0.0,0,167.0,0.0,0.0,0.0,0.0,0.0,30
2023-05-11 11:29:33,m2312-P-3450,m2312-P-3450,167.0,0.0,0.0,0.0,1,41.0,0.0,0,167.0,0.0,0.0,0.0,0.0,0.0,30
2023-05-11 13:30:02,m2312-P-3450,m2312-P-3450,167.0,0.0,0.0,0.0,10,41.5,0.0,0,167.0,0.0,0.0,0.0,0.0,0.0,30
2023-05-11 13:31:10,m2312-P-3450,m2312-P-3450,167.0,0.0,0.0,0.0,1,42.0,0.0,0,167.0,0.0,0.0,0.0,0.0,0.0,30
2023-05-11 13:31:10,m2312-P-3450,m2312-P-3450,167.0,0.0,0.0,0.0,10,42.5,0.0,0,167.0,0.0,0.0,0.0,0.0,0.0,30
2023-05-11 13:31:33,m2312-P-3450,m2312-P-3450,167.0,0.0,0.0,0.0,1,43.0,0.0,0,167.0,0.0,0.0,0.0,0.0,0.0,30
2023-05-11 13:31:33,m2312-P-3450,m2312-P-3450,167.0,0.0,0.0,0.0,10,43.5,0.0,0,167.0,0.0,0.0,0.0,0.0,0.0,30
2023-05-11 13:41:21,m2312-P-3450,m2312-P-3450,167.0,0.0,0.0,0.0,1,44.0,0.0,0,167.0,0.0,0.0,0.0,0.0,0.0,30
2023-05-11 13:41:21,m2312-P-3450,m2312-P-3450,167.0,0.0,0.0,0.0,10,44.5,0.0,0,167.0,0.0,0.0,0.0,0.0,0.0,30
2023-05-11 13:41:35,m2312-P-3450,m2312-P-3450,167.0,0.0,0.0,0.0,1,45.0,0.0,0,167.0,0.0,0.0,0.0,0.0,0.0,30
2023-05-11 13:41:35,m2312-P-3450,m2312-P-3450,167.0,0.0,0.0,0.0,10,45.5,0.0,0,167.0,0.0,0.0,0.0,0.0,0.0,30
2023-05-11 13:41:37,m2312-P-3450,m2312-P-3450,167.0,0.0,0.0,0.0,1,46.0,0.0,0,167.0,0.0,0.0,0.0,0.0,0.0,30
2023-05-11 13:41:37,m2312-P-3450,m2312-P-3450,167.0,0.0,0.0,0.0,10,46.5,0.0,0,167.0,0.0,0.0,0.0,0.0,0.0,30
2023-05-11 13:41:38,m2312-P-3450,m2312-P-3450,167.0,0.0,0.0,0.0,1,47.0,0.0,0,167.0,0.0,0.0,0.0,0.0,0.0,30
2023-05-11 13:41:38,m2312-P-3450,m2312-P-3450,167.0,0.0,0.0,0.0,10,47.5,0.0,0,167.0,0.0,0.0,0.0,0.0,0.0,30
2023-05-11 13:41:40,m2312-P-3450,m2312-P-3450,167.0,0.0,0.0,0.0,1,48.0,0.0,0,167.0,0.0,0.0,0.0,0.0,0.0,30
2023-05-11 13:41:40,m2312-P-3450,m2312-P-3450,167.0,0.0,0.0,0.0,10,48.5,0.0,0,167.0,0.0,0.0,0.0,0.0,0.0,30
2023-05-11 13:41:41,m2312-P-3450,m2312-P-3450,167.0,0.0,0.0,0.0,1,49.0,0.0,0,167.0,0.0,0.0,0.0,0.0,0.0,30
2023-05-11 13:41:41,m2312-P-3450,m2312-P-3450,167.0,0.0,0.0,0.0,10,49.5,0.0,0,167.0,0.0,0.0,0.0,0.0,0.0,30
2023-05-11 13:41:42,m2312-P-3450,m2312-P-3450,167.0,0.0,0.0,0.0,1,50.0,0.0,0,167.0,0.0,0.0,0.0,0.0,0.0,30
2023-05-11 13:41:42,m2312-P-3450,m2312-P-3450,167.0,0.0,0.0,0.0,10,50.5,0.0,0,167.0,0.0,0.0,0.0,0.0,0.0,30
2023-05-11 13:41:44,m2312-P-3450,m2312-P-3450,167.0,0.0,0.0,0.0,1,51.0,0.0,0,167.0,0.0,0.0,0.0,0.0,0.0,30
2023-05-11 13:41:44,m2312-P-3450,m2312-P-3450,167.0,0.0,0.0,0.0,10,51.5,0.0,0,167.0,0.0,0.0,0.0,0.0,0.0,30
2023-05-11 13:41:45,m2312-P-3450,m2312-P-3450,167.0,0.0,0.0,0.0,1,52.0,0.0,0,167.0,0.0,0.0,0.0,0.0,0.0,30
2023-05-11 13:41:45,m2312-P-3450,m2312-P-3450,167.0,0.0,0.0,0.0,10,52.5,0.0,0,167.0,0.0,0.0,0.0,0.0,0.0,30
2023-05-11 13:41:47,m2312-P-3450,m2312-P-3450,167.0,0.0,0.0,0.0,1,53.0,0.0,0,167.0,0.0,0.0,0.0,0.0,0.0,30
2023-05-11 13:41:47,m2312-P-3450,m2312-P-3450,167.0,0.0,0.0,0.0,10,53.5,0.0,0,167.0,0.0,0.0,0.0,0.0,0.0,30
2023-05-11 13:41:48,m2312-P-3450,m2312-P-3450,167.0,0.0,0.0,0.0,1,54.0,0.0,0,167.0,0.0,0.0,0.0,0.0,0.0,30
2023-05-11 13:41:48,m2312-P-3450,m2312-P-3450,167.0,0.0,0.0,0.0,10,54.5,0.0,0,167.0,0.0,0.0,0.0,0.0,0.0,30
2023-05-11 13:41:49,m2312-P-3450,m2312-P-3450,167.0,0.0,0.0,0.0,1,55.0,0.0,0,167.0,0.0,0.0,0.0,0.0,0.0,30
2023-05-11 13:41:49,m2312-P-3450,m2312-P-3450,167.0,0.0,0.0,0.0,10,55.5,0.0,0,167.0,0.0,0.0,0.0,0.0,0.0,30
2023-05-11 13:41:50,m2312-P-3450,m2312-P-3450,167.0,0.0,0.0,0.0,1,56.0,0.0,0,167.0,0.0,0.0,0.0,0.0,0.0,30
2023-05-11 13:41:50,m2312-P-3450,m2312-P-3450,167.0,0.0,0.0,0.0,10,56.5,0.0,0,167.0,0.0,0.0,0.0,0.0,0.0,30
2023-05-11 13:41:52,m2312-P-3450,m2312-P-3450,167.0,0.0,0.0,0.0,1,57.0,0.0,0,167.0,0.0,0.0,0.0,0.0,0.0,30
2023-05-11 13:41:52,m2312-P-3450,m2312-P-3450,167.0,0.0,0.0,0.0,10,57.5,0.0,0,167.0,0.0,0.0,0.0,0.0,0.0,30
2023-05-11 13:41:53,m2312-P-3450,m2312-P-3450,167.0,0.0,0.0,0.0,1,58.0,0.0,0,167.0,0.0,0.0,0.0,0.0,0.0,30
2023-05-11 13:41:53,m2312-P-3450,m2312-P-3450,167.0,0.0,0.0,0.0,10,58.5,0.0,0,167.0,0.0,0.0,0.0,0.0,0.0,30
2023-05-11 13:41:55,m2312-P-3450,m2312-P-3450,167.0,0.0,0.0,0.0,1,59.0,0.0,0,167.0,0.0,0.0,0.0,0.0,0.0,30
2023-05-11 13:41:55,m2312-P-3450,m2312-P-3450,167.0,0.0,0.0,0.0,10,59.5,0.0,0,167.0,0.0,0.0,0.0,0.0,0.0,30
2023-05-11 13:41:56,m2312-P-3450,m2312-P-3450,167.0,0.0,0.0,0.0,1,60.0,0.0,0,167.0,0.0,0.0,0.0,0.0,0.0,30
2023-05-11 13:41:56,m2312-P-3450,m2312-P-3450,167.0,0.0,0.0,0.0,10,60.5,0.0,0,167.0,0.0,0.0,0.0,0.0,0.0,30
2023-05-11 13:41:57,m2312-P-3450,m2312-P-3450,167.0,0.0,0.0,0.0,1,61.0,0.0,0,167.0,0.0,0.0,0.0,0.0,0.0,30
2023-05-11 13:41:57,m2312-P-3450,m2312-P-3450,167.0,0.0,0.0,0.0,10,61.5,0.0,0,167.0,0.0,0.0,0.0,0.0,0.0,30
2023-05-11 13:41:59,m2312-P-3450,m2312-P-3450,167.0,0.0,0.0,0.0,1,62.0,0.0,0,167.0,0.0,0.0,0.0,0.0,0.0,30
2023-05-11 13:41:59,m2312-P-3450,m2312-P-3450,167.0,0.0,0.0,0.0,10,62.5,0.0,0,167.0,0.0,0.0,0.0,0.0,0.0,30
2023-05-11 13:42:00,m2312-P-3450,m2312-P-3450,167.0,0.0,0.0,0.0,1,63.0,0.0,0,167.0,0.0,0.0,0.0,0.0,0.0,30
2023-05-11 13:42:00,m2312-P-3450,m2312-P-3450,167.0,0.0,0.0,0.0,10,63.5,0.0,0,167.0,0.0,0.0,0.0,0.0,0.0,30
2023-05-11 13:42:01,m2312-P-3450,m2312-P-3450,167.0,0.0,0.0,0.0,1,64.0,0.0,0,167.0,0.0,0.0,0.0,0.0,0.0,30
2023-05-11 13:42:01,m2312-P-3450,m2312-P-3450,167.0,0.0,0.0,0.0,10,64.5,0.0,0,167.0,0.0,0.0,0.0,0.0,0.0,30
2023-05-11 13:42:02,m2312-P-3450,m2312-P-3450,167.0,0.0,0.0,0.0,1,65.0,0.0,0,167.0,0.0,0.0,0.0,0.0,0.0,30
2023-05-11 13:42:02,m2312-P-3450,m2312-P-3450,167.0,0.0,0.0,0.0,10,65.5,0.0,0,167.0,0.0,0.0,0.0,0.0,0.0,30
2023-05-11 13:42:04,m2312-P-3450,m2312-P-3450,167.0,0.0,0.0,0.0,10,66.5,0.0,0,167.0,0.0,0.0,0.0,0.0,0.0,30
2023-05-11 13:42:05,m2312-P-3450,m2312-P-3450,167.0,0.0,0.0,0.0,1,67.0,0.0,0,167.0,0.0,0.0,0.0,0.0,0.0,30
2023-05-11 13:42:05,m2312-P-3450,m2312-P-3450,167.0,0.0,0.0,0.0,10,67.5,0.0,0,167.0,0.0,0.0,0.0,0.0,0.0,30
2023-05-11 13:42:06,m2312-P-3450,m2312-P-3450,167.0,0.0,0.0,0.0,1,68.0,0.0,0,167.0,0.0,0.0,0.0,0.0,0.0,30
2023-05-11 13:42:07,m2312-P-3450,m2312-P-3450,167.0,0.0,0.0,0.0,10,68.5,0.0,0,167.0,0.0,0.0,0.0,0.0,0.0,30
2023-05-11 13:42:08,m2312-P-3450,m2312-P-3450,167.0,0.0,0.0,0.0,1,69.0,0.0,0,167.0,0.0,0.0,0.0,0.0,0.0,30
2023-05-11 13:42:08,m2312-P-3450,m2312-P-3450,167.0,0.0,0.0,0.0,10,69.5,0.0,0,167.0,0.0,0.0,0.0,0.0,0.0,30
2023-05-11 13:42:09,m2312-P-3450,m2312-P-3450,167.0,0.0,0.0,0.0,1,70.0,0.0,0,167.0,0.0,0.0,0.0,0.0,0.0,30
2023-05-11 13:42:10,m2312-P-3450,m2312-P-3450,167.0,0.0,0.0,0.0,10,70.5,0.0,0,167.0,0.0,0.0,0.0,0.0,0.0,30
2023-05-11 13:42:11,m2312-P-3450,m2312-P-3450,167.0,0.0,0.0,0.0,1,71.0,0.0,0,167.0,0.0,0.0,0.0,0.0,0.0,30
2023-05-11 13:42:11,m2312-P-3450,m2312-P-3450,167.0,0.0,0.0,0.0,10,71.5,0.0,0,167.0,0.0,0.0,0.0,0.0,0.0,30
2023-05-11 13:42:12,m2312-P-3450,m2312-P-3450,167.0,0.0,0.0,0.0,1,72.0,0.0,0,167.0,0.0,0.0,0.0,0.0,0.0,30
2023-05-11 13:42:12,m2312-P-3450,m2312-P-3450,167.0,0.0,0.0,0.0,10,72.5,0.0,0,167.0,0.0,0.0,0.0,0.0,0.0,30
2023-05-11 13:42:13,m2312-P-3450,m2312-P-3450,167.0,0.0,0.0,0.0,1,73.0,0.0,0,167.0,0.0,0.0,0.0,0.0,0.0,30
2023-05-11 13:42:13,m2312-P-3450,m2312-P-3450,167.0,0.0,0.0,0.0,10,73.5,0.0,0,167.0,0.0,0.0,0.0,0.0,0.0,30
2023-05-11 13:42:15,m2312-P-3450,m2312-P-3450,167.0,0.0,0.0,0.0,1,74.0,0.0,0,167.0,0.0,0.0,0.0,0.0,0.0,30
2023-05-11 13:42:15,m2312-P-3450,m2312-P-3450,167.0,0.0,0.0,0.0,10,74.5,0.0,0,167.0,0.0,0.0,0.0,0.0,0.0,30
2023-05-11 14:12:57,m2312-P-3450,m2312-P-3450,167.0,0.0,0.0,0.0,1,75.0,0.0,0,167.0,0.0,0.0,0.0,0.0,0.0,30
2023-05-11 14:12:57,m2312-P-3450,m2312-P-3450,167.0,0.0,0.0,0.0,10,75.5,0.0,0,167.0,0.0,0.0,0.0,0.0,0.0,30
2023-05-11 14:38:46,m2312-P-3450,m2312-P-3450,167.0,0.0,0.0,0.0,5,159.0,178.0,5,167.0,0.0,0.0,0.0,0.0,0.0,30
2023-05-11 14:38:48,m2312-P-3450,m2312-P-3450,167.0,0.0,0.0,0.0,10,159.0,178.0,10,167.0,0.0,0.0,0.0,0.0,0.0,30
2023-05-11 14:38:52,m2312-P-3450,m2312-P-3450,167.0,0.0,0.0,0.0,10,159.0,172.0,5,167.0,0.0,0.0,0.0,0.0,0.0,30
2023-05-11 14:38:58,m2312-P-3450,m2312-P-3450,167.0,0.0,0.0,0.0,5,159.0,165.5,5,167.0,0.0,0.0,0.0,0.0,0.0,30
2023-05-11 14:39:00,m2312-P-3450,m2312-P-3450,167.0,0.0,0.0,0.0,5,157.5,162.0,5,167.0,0.0,0.0,0.0,0.0,0.0,30
2023-05-11 14:39:04,m2312-P-3450,m2312-P-3450,167.0,0.0,0.0,0.0,10,157.5,162.0,10,167.0,0.0,0.0,0.0,0.0,0.0,30
2023-05-11 14:39:07,m2312-P-3450,m2312-P-3450,167.0,0.0,0.0,0.0,5,157.5,162.0,10,167.0,0.0,0.0,0.0,0.0,0.0,30
2023-05-11 14:39:11,m2312-P-3450,m2312-P-3450,167.0,0.0,0.0,0.0,5,157.5,162.0,5,167.0,0.0,0.0,0.0,0.0,0.0,30
2023-05-11 14:39:14,m2312-P-3450,m2312-P-3450,167.0,0.0,0.0,0.0,10,75.5,0.0,0,167.0,0.0,0.0,0.0,0.0,0.0,30
2023-05-11 14:39:15,m2312-P-3450,m2312-P-3450,167.0,0.0,0.0,0.0,1,79.5,0.0,0,167.0,0.0,0.0,0.0,0.0,0.0,30
2023-05-11 14:39:15,m2312-P-3450,m2312-P-3450,167.0,0.0,0.0,0.0,10,80.0,0.0,0,167.0,0.0,0.0,0.0,0.0,0.0,30
2023-05-11 14:46:52,m2312-P-3450,m2312-P-3450,167.0,0.0,0.0,0.0,1,80.5,0.0,0,167.0,0.0,0.0,0.0,0.0,0.0,30
2023-05-11 14:46:52,m2312-P-3450,m2312-P-3450,167.0,0.0,0.0,0.0,10,81.0,0.0,0,167.0,0.0,0.0,0.0,0.0,0.0,30
2023-05-11 14:59:02,m2312-P-3450,m2312-P-3450,167.0,0.0,0.0,0.0,1,80.5,0.0,0,167.0,0.0,0.0,0.0,0.0,0.0,30
2023-05-11 14:59:05,m2312-P-3450,m2312-P-3450,167.0,0.0,0.0,0.0,10,81.0,0.0,0,167.0,0.0,0.0,0.0,0.0,0.0,30
2023-05-11 14:59:10,m2312-P-3450,m2312-P-3450,167.0,0.0,0.0,0.0,1,80.5,0.0,0,167.0,0.0,0.0,0.0,0.0,0.0,30
2023-05-11 15:01:10,m2312-P-3450,m2312-P-3450,167.0,0.0,0.0,0.0,1,80.5,0.0,0,167.0,0.0,0.0,0.0,0.0,0.0,30
