time,symbol_id,symbol_name,last,trade_volume,trade_amount,open_interest_change,bv1,bp1,ap1,av1,yesterday_close,today_open,today_high,today_low,volume,amount,open_interest
2023-05-10 20:55:44,m2312-C-3400,m2312-C-3400,189.5,0.0,0.0,0.0,1,0.5,0.0,0,189.5,0.0,0.0,0.0,0.0,0.0,5
2023-05-10 21:00:07,m2312-C-3400,m2312-C-3400,189.5,0.0,0.0,0.0,10,1.0,0.0,0,189.5,0.0,0.0,0.0,0.0,0.0,5
2023-05-10 21:00:10,m2312-C-3400,m2312-C-3400,189.5,0.0,0.0,0.0,1,1.5,0.0,0,189.5,0.0,0.0,0.0,0.0,0.0,5
2023-05-10 21:00:10,m2312-C-3400,m2312-C-3400,189.5,0.0,0.0,0.0,10,2.0,0.0,0,189.5,0.0,0.0,0.0,0.0,0.0,5
2023-05-10 21:00:39,m2312-C-3400,m2312-C-3400,189.5,0.0,0.0,0.0,1,45.5,0.0,0,189.5,0.0,0.0,0.0,0.0,0.0,5
2023-05-10 21:00:39,m2312-C-3400,m2312-C-3400,189.5,0.0,0.0,0.0,10,46.0,0.0,0,189.5,0.0,0.0,0.0,0.0,0.0,5
2023-05-10 21:01:45,m2312-C-3400,m2312-C-3400,189.5,0.0,0.0,0.0,1,46.5,0.0,0,189.5,0.0,0.0,0.0,0.0,0.0,5
2023-05-10 21:01:45,m2312-C-3400,m2312-C-3400,189.5,0.0,0.0,0.0,10,47.0,0.0,0,189.5,0.0,0.0,0.0,0.0,0.0,5
2023-05-10 21:02:25,m2312-C-3400,m2312-C-3400,189.5,0.0,0.0,0.0,1,47.5,0.0,0,189.5,0.0,0.0,0.0,0.0,0.0,5
2023-05-10 21:02:25,m2312-C-3400,m2312-C-3400,189.5,0.0,0.0,0.0,10,48.0,0.0,0,189.5,0.0,0.0,0.0,0.0,0.0,5
2023-05-10 21:04:24,m2312-C-3400,m2312-C-3400,189.5,0.0,0.0,0.0,1,48.5,0.0,0,189.5,0.0,0.0,0.0,0.0,0.0,5
2023-05-10 21:04:24,m2312-C-3400,m2312-C-3400,189.5,0.0,0.0,0.0,10,49.0,0.0,0,189.5,0.0,0.0,0.0,0.0,0.0,5
2023-05-10 21:05:11,m2312-C-3400,m2312-C-3400,189.5,0.0,0.0,0.0,1,49.5,0.0,0,189.5,0.0,0.0,0.0,0.0,0.0,5
2023-05-10 21:05:11,m2312-C-3400,m2312-C-3400,189.5,0.0,0.0,0.0,10,50.0,0.0,0,189.5,0.0,0.0,0.0,0.0,0.0,5
2023-05-10 21:07:19,m2312-C-3400,m2312-C-3400,189.5,0.0,0.0,0.0,1,50.5,0.0,0,189.5,0.0,0.0,0.0,0.0,0.0,5
2023-05-10 21:07:19,m2312-C-3400,m2312-C-3400,189.5,0.0,0.0,0.0,10,51.0,0.0,0,189.5,0.0,0.0,0.0,0.0,0.0,5
2023-05-10 21:07:24,m2312-C-3400,m2312-C-3400,189.5,0.0,0.0,0.0,1,51.5,0.0,0,189.5,0.0,0.0,0.0,0.0,0.0,5
2023-05-10 21:07:24,m2312-C-3400,m2312-C-3400,189.5,0.0,0.0,0.0,10,52.0,0.0,0,189.5,0.0,0.0,0.0,0.0,0.0,5
2023-05-10 21:07:28,m2312-C-3400,m2312-C-3400,189.5,0.0,0.0,0.0,1,52.5,0.0,0,189.5,0.0,0.0,0.0,0.0,0.0,5
2023-05-10 21:07:28,m2312-C-3400,m2312-C-3400,189.5,0.0,0.0,0.0,10,53.0,0.0,0,189.5,0.0,0.0,0.0,0.0,0.0,5
2023-05-10 21:08:38,m2312-C-3400,m2312-C-3400,189.5,0.0,0.0,0.0,1,53.5,0.0,0,189.5,0.0,0.0,0.0,0.0,0.0,5
2023-05-10 21:08:38,m2312-C-3400,m2312-C-3400,189.5,0.0,0.0,0.0,10,54.0,0.0,0,189.5,0.0,0.0,0.0,0.0,0.0,5
2023-05-10 21:08:41,m2312-C-3400,m2312-C-3400,189.5,0.0,0.0,0.0,1,54.5,0.0,0,189.5,0.0,0.0,0.0,0.0,0.0,5
2023-05-10 21:08:41,m2312-C-3400,m2312-C-3400,189.5,0.0,0.0,0.0,10,55.0,0.0,0,189.5,0.0,0.0,0.0,0.0,0.0,5
2023-05-10 21:08:45,m2312-C-3400,m2312-C-3400,189.5,0.0,0.0,0.0,1,55.5,0.0,0,189.5,0.0,0.0,0.0,0.0,0.0,5
2023-05-10 21:08:45,m2312-C-3400,m2312-C-3400,189.5,0.0,0.0,0.0,10,56.0,0.0,0,189.5,0.0,0.0,0.0,0.0,0.0,5
2023-05-10 21:08:48,m2312-C-3400,m2312-C-3400,189.5,0.0,0.0,0.0,1,56.5,0.0,0,189.5,0.0,0.0,0.0,0.0,0.0,5
2023-05-10 21:08:48,m2312-C-3400,m2312-C-3400,189.5,0.0,0.0,0.0,10,57.0,0.0,0,189.5,0.0,0.0,0.0,0.0,0.0,5
2023-05-10 21:08:51,m2312-C-3400,m2312-C-3400,189.5,0.0,0.0,0.0,1,57.5,0.0,0,189.5,0.0,0.0,0.0,0.0,0.0,5
2023-05-10 21:08:51,m2312-C-3400,m2312-C-3400,189.5,0.0,0.0,0.0,10,58.0,0.0,0,189.5,0.0,0.0,0.0,0.0,0.0,5
2023-05-10 21:08:55,m2312-C-3400,m2312-C-3400,189.5,0.0,0.0,0.0,1,58.5,0.0,0,189.5,0.0,0.0,0.0,0.0,0.0,5
2023-05-10 21:08:55,m2312-C-3400,m2312-C-3400,189.5,0.0,0.0,0.0,10,59.0,0.0,0,189.5,0.0,0.0,0.0,0.0,0.0,5
2023-05-10 21:08:58,m2312-C-3400,m2312-C-3400,189.5,0.0,0.0,0.0,1,59.5,0.0,0,189.5,0.0,0.0,0.0,0.0,0.0,5
2023-05-10 21:08:58,m2312-C-3400,m2312-C-3400,189.5,0.0,0.0,0.0,10,60.0,0.0,0,189.5,0.0,0.0,0.0,0.0,0.0,5
2023-05-10 21:09:01,m2312-C-3400,m2312-C-3400,189.5,0.0,0.0,0.0,1,60.5,0.0,0,189.5,0.0,0.0,0.0,0.0,0.0,5
2023-05-10 21:09:01,m2312-C-3400,m2312-C-3400,189.5,0.0,0.0,0.0,10,61.0,0.0,0,189.5,0.0,0.0,0.0,0.0,0.0,5
2023-05-10 21:09:04,m2312-C-3400,m2312-C-3400,189.5,0.0,0.0,0.0,1,61.5,0.0,0,189.5,0.0,0.0,0.0,0.0,0.0,5
2023-05-10 21:09:04,m2312-C-3400,m2312-C-3400,189.5,0.0,0.0,0.0,10,62.0,0.0,0,189.5,0.0,0.0,0.0,0.0,0.0,5
2023-05-10 21:09:08,m2312-C-3400,m2312-C-3400,189.5,0.0,0.0,0.0,1,62.5,0.0,0,189.5,0.0,0.0,0.0,0.0,0.0,5
2023-05-10 21:09:08,m2312-C-3400,m2312-C-3400,189.5,0.0,0.0,0.0,10,63.0,0.0,0,189.5,0.0,0.0,0.0,0.0,0.0,5
2023-05-10 21:09:14,m2312-C-3400,m2312-C-3400,189.5,0.0,0.0,0.0,1,63.5,0.0,0,189.5,0.0,0.0,0.0,0.0,0.0,5
2023-05-10 21:09:14,m2312-C-3400,m2312-C-3400,189.5,0.0,0.0,0.0,10,64.0,0.0,0,189.5,0.0,0.0,0.0,0.0,0.0,5
2023-05-10 21:09:21,m2312-C-3400,m2312-C-3400,189.5,0.0,0.0,0.0,1,64.5,0.0,0,189.5,0.0,0.0,0.0,0.0,0.0,5
2023-05-10 21:09:21,m2312-C-3400,m2312-C-3400,189.5,0.0,0.0,0.0,10,65.0,0.0,0,189.5,0.0,0.0,0.0,0.0,0.0,5
2023-05-10 21:09:27,m2312-C-3400,m2312-C-3400,189.5,0.0,0.0,0.0,1,65.5,0.0,0,189.5,0.0,0.0,0.0,0.0,0.0,5
2023-05-10 21:09:27,m2312-C-3400,m2312-C-3400,189.5,0.0,0.0,0.0,10,66.0,0.0,0,189.5,0.0,0.0,0.0,0.0,0.0,5
2023-05-10 21:09:34,m2312-C-3400,m2312-C-3400,189.5,0.0,0.0,0.0,1,66.5,0.0,0,189.5,0.0,0.0,0.0,0.0,0.0,5
2023-05-10 21:09:34,m2312-C-3400,m2312-C-3400,189.5,0.0,0.0,0.0,10,67.0,0.0,0,189.5,0.0,0.0,0.0,0.0,0.0,5
2023-05-10 21:09:41,m2312-C-3400,m2312-C-3400,189.5,0.0,0.0,0.0,1,67.5,0.0,0,189.5,0.0,0.0,0.0,0.0,0.0,5
2023-05-10 21:09:41,m2312-C-3400,m2312-C-3400,189.5,0.0,0.0,0.0,10,68.0,0.0,0,189.5,0.0,0.0,0.0,0.0,0.0,5
2023-05-10 21:09:44,m2312-C-3400,m2312-C-3400,189.5,0.0,0.0,0.0,1,68.5,0.0,0,189.5,0.0,0.0,0.0,0.0,0.0,5
2023-05-10 21:09:44,m2312-C-3400,m2312-C-3400,189.5,0.0,0.0,0.0,10,69.0,0.0,0,189.5,0.0,0.0,0.0,0.0,0.0,5
2023-05-10 21:09:59,m2312-C-3400,m2312-C-3400,189.5,0.0,0.0,0.0,1,69.5,0.0,0,189.5,0.0,0.0,0.0,0.0,0.0,5
2023-05-10 21:09:59,m2312-C-3400,m2312-C-3400,189.5,0.0,0.0,0.0,10,70.0,0.0,0,189.5,0.0,0.0,0.0,0.0,0.0,5
2023-05-10 21:10:04,m2312-C-3400,m2312-C-3400,189.5,0.0,0.0,0.0,1,70.5,0.0,0,189.5,0.0,0.0,0.0,0.0,0.0,5
2023-05-10 21:10:04,m2312-C-3400,m2312-C-3400,189.5,0.0,0.0,0.0,10,71.0,0.0,0,189.5,0.0,0.0,0.0,0.0,0.0,5
2023-05-10 21:10:28,m2312-C-3400,m2312-C-3400,189.5,0.0,0.0,0.0,1,71.5,0.0,0,189.5,0.0,0.0,0.0,0.0,0.0,5
2023-05-10 21:10:28,m2312-C-3400,m2312-C-3400,189.5,0.0,0.0,0.0,10,72.0,0.0,0,189.5,0.0,0.0,0.0,0.0,0.0,5
2023-05-10 21:11:06,m2312-C-3400,m2312-C-3400,189.5,0.0,0.0,0.0,1,72.5,0.0,0,189.5,0.0,0.0,0.0,0.0,0.0,5
2023-05-10 21:11:06,m2312-C-3400,m2312-C-3400,189.5,0.0,0.0,0.0,10,73.0,0.0,0,189.5,0.0,0.0,0.0,0.0,0.0,5
2023-05-10 21:11:21,m2312-C-3400,m2312-C-3400,189.5,0.0,0.0,0.0,1,73.5,0.0,0,189.5,0.0,0.0,0.0,0.0,0.0,5
2023-05-10 21:11:21,m2312-C-3400,m2312-C-3400,189.5,0.0,0.0,0.0,10,74.0,0.0,0,189.5,0.0,0.0,0.0,0.0,0.0,5
2023-05-10 21:11:23,m2312-C-3400,m2312-C-3400,189.5,0.0,0.0,0.0,1,74.5,0.0,0,189.5,0.0,0.0,0.0,0.0,0.0,5
2023-05-10 21:11:23,m2312-C-3400,m2312-C-3400,189.5,0.0,0.0,0.0,10,75.0,0.0,0,189.5,0.0,0.0,0.0,0.0,0.0,5
2023-05-10 21:11:25,m2312-C-3400,m2312-C-3400,189.5,0.0,0.0,0.0,1,75.5,0.0,0,189.5,0.0,0.0,0.0,0.0,0.0,5
2023-05-10 21:11:25,m2312-C-3400,m2312-C-3400,189.5,0.0,0.0,0.0,10,76.0,0.0,0,189.5,0.0,0.0,0.0,0.0,0.0,5
2023-05-10 21:11:27,m2312-C-3400,m2312-C-3400,189.5,0.0,0.0,0.0,1,76.5,0.0,0,189.5,0.0,0.0,0.0,0.0,0.0,5
2023-05-10 21:11:27,m2312-C-3400,m2312-C-3400,189.5,0.0,0.0,0.0,10,77.0,0.0,0,189.5,0.0,0.0,0.0,0.0,0.0,5
2023-05-10 21:11:28,m2312-C-3400,m2312-C-3400,189.5,0.0,0.0,0.0,1,77.5,0.0,0,189.5,0.0,0.0,0.0,0.0,0.0,5
2023-05-10 21:11:28,m2312-C-3400,m2312-C-3400,189.5,0.0,0.0,0.0,10,78.0,0.0,0,189.5,0.0,0.0,0.0,0.0,0.0,5
2023-05-10 21:11:30,m2312-C-3400,m2312-C-3400,189.5,0.0,0.0,0.0,1,78.5,0.0,0,189.5,0.0,0.0,0.0,0.0,0.0,5
2023-05-10 21:11:30,m2312-C-3400,m2312-C-3400,189.5,0.0,0.0,0.0,10,79.0,0.0,0,189.5,0.0,0.0,0.0,0.0,0.0,5
2023-05-10 21:11:32,m2312-C-3400,m2312-C-3400,189.5,0.0,0.0,0.0,1,79.5,0.0,0,189.5,0.0,0.0,0.0,0.0,0.0,5
2023-05-10 21:11:32,m2312-C-3400,m2312-C-3400,189.5,0.0,0.0,0.0,10,80.0,0.0,0,189.5,0.0,0.0,0.0,0.0,0.0,5
2023-05-10 21:11:33,m2312-C-3400,m2312-C-3400,189.5,0.0,0.0,0.0,1,80.5,0.0,0,189.5,0.0,0.0,0.0,0.0,0.0,5
2023-05-10 21:11:33,m2312-C-3400,m2312-C-3400,189.5,0.0,0.0,0.0,10,81.0,0.0,0,189.5,0.0,0.0,0.0,0.0,0.0,5
2023-05-10 21:11:35,m2312-C-3400,m2312-C-3400,189.5,0.0,0.0,0.0,1,81.5,0.0,0,189.5,0.0,0.0,0.0,0.0,0.0,5
2023-05-10 21:11:35,m2312-C-3400,m2312-C-3400,189.5,0.0,0.0,0.0,10,82.0,0.0,0,189.5,0.0,0.0,0.0,0.0,0.0,5
2023-05-10 21:11:36,m2312-C-3400,m2312-C-3400,189.5,0.0,0.0,0.0,1,82.5,0.0,0,189.5,0.0,0.0,0.0,0.0,0.0,5
2023-05-10 21:11:36,m2312-C-3400,m2312-C-3400,189.5,0.0,0.0,0.0,10,83.0,0.0,0,189.5,0.0,0.0,0.0,0.0,0.0,5
2023-05-10 21:11:38,m2312-C-3400,m2312-C-3400,189.5,0.0,0.0,0.0,1,83.5,0.0,0,189.5,0.0,0.0,0.0,0.0,0.0,5
2023-05-10 21:11:38,m2312-C-3400,m2312-C-3400,189.5,0.0,0.0,0.0,10,84.0,0.0,0,189.5,0.0,0.0,0.0,0.0,0.0,5
2023-05-10 21:11:39,m2312-C-3400,m2312-C-3400,189.5,0.0,0.0,0.0,1,84.5,0.0,0,189.5,0.0,0.0,0.0,0.0,0.0,5
2023-05-10 21:11:39,m2312-C-3400,m2312-C-3400,189.5,0.0,0.0,0.0,10,85.0,0.0,0,189.5,0.0,0.0,0.0,0.0,0.0,5
2023-05-10 21:11:41,m2312-C-3400,m2312-C-3400,189.5,0.0,0.0,0.0,1,85.5,0.0,0,189.5,0.0,0.0,0.0,0.0,0.0,5
2023-05-10 21:11:41,m2312-C-3400,m2312-C-3400,189.5,0.0,0.0,0.0,10,86.0,0.0,0,189.5,0.0,0.0,0.0,0.0,0.0,5
2023-05-10 21:11:42,m2312-C-3400,m2312-C-3400,189.5,0.0,0.0,0.0,1,86.5,0.0,0,189.5,0.0,0.0,0.0,0.0,0.0,5
2023-05-10 21:11:42,m2312-C-3400,m2312-C-3400,189.5,0.0,0.0,0.0,10,87.0,0.0,0,189.5,0.0,0.0,0.0,0.0,0.0,5
2023-05-10 21:11:43,m2312-C-3400,m2312-C-3400,189.5,0.0,0.0,0.0,1,87.5,0.0,0,189.5,0.0,0.0,0.0,0.0,0.0,5
2023-05-10 21:11:43,m2312-C-3400,m2312-C-3400,189.5,0.0,0.0,0.0,10,88.0,0.0,0,189.5,0.0,0.0,0.0,0.0,0.0,5
2023-05-10 21:11:45,m2312-C-3400,m2312-C-3400,189.5,0.0,0.0,0.0,1,88.5,0.0,0,189.5,0.0,0.0,0.0,0.0,0.0,5
2023-05-10 21:11:45,m2312-C-3400,m2312-C-3400,189.5,0.0,0.0,0.0,10,89.0,0.0,0,189.5,0.0,0.0,0.0,0.0,0.0,5
2023-05-10 21:11:46,m2312-C-3400,m2312-C-3400,189.5,0.0,0.0,0.0,1,89.5,0.0,0,189.5,0.0,0.0,0.0,0.0,0.0,5
2023-05-10 21:11:46,m2312-C-3400,m2312-C-3400,189.5,0.0,0.0,0.0,10,90.0,0.0,0,189.5,0.0,0.0,0.0,0.0,0.0,5
2023-05-10 21:11:47,m2312-C-3400,m2312-C-3400,189.5,0.0,0.0,0.0,1,90.5,0.0,0,189.5,0.0,0.0,0.0,0.0,0.0,5
2023-05-10 21:11:47,m2312-C-3400,m2312-C-3400,189.5,0.0,0.0,0.0,10,91.0,0.0,0,189.5,0.0,0.0,0.0,0.0,0.0,5
2023-05-10 21:11:48,m2312-C-3400,m2312-C-3400,189.5,0.0,0.0,0.0,1,91.5,0.0,0,189.5,0.0,0.0,0.0,0.0,0.0,5
2023-05-10 21:11:48,m2312-C-3400,m2312-C-3400,189.5,0.0,0.0,0.0,10,92.0,0.0,0,189.5,0.0,0.0,0.0,0.0,0.0,5
2023-05-10 21:11:50,m2312-C-3400,m2312-C-3400,189.5,0.0,0.0,0.0,1,92.5,0.0,0,189.5,0.0,0.0,0.0,0.0,0.0,5
2023-05-10 21:11:50,m2312-C-3400,m2312-C-3400,189.5,0.0,0.0,0.0,10,93.0,0.0,0,189.5,0.0,0.0,0.0,0.0,0.0,5
2023-05-10 21:11:51,m2312-C-3400,m2312-C-3400,189.5,0.0,0.0,0.0,1,93.5,0.0,0,189.5,0.0,0.0,0.0,0.0,0.0,5
2023-05-10 21:11:51,m2312-C-3400,m2312-C-3400,189.5,0.0,0.0,0.0,10,94.0,0.0,0,189.5,0.0,0.0,0.0,0.0,0.0,5
2023-05-10 21:11:52,m2312-C-3400,m2312-C-3400,189.5,0.0,0.0,0.0,1,94.5,0.0,0,189.5,0.0,0.0,0.0,0.0,0.0,5
2023-05-10 21:11:52,m2312-C-3400,m2312-C-3400,189.5,0.0,0.0,0.0,10,95.0,0.0,0,189.5,0.0,0.0,0.0,0.0,0.0,5
2023-05-10 21:31:45,m2312-C-3400,m2312-C-3400,189.5,0.0,0.0,0.0,1,95.5,0.0,0,189.5,0.0,0.0,0.0,0.0,0.0,5
2023-05-10 21:31:45,m2312-C-3400,m2312-C-3400,189.5,0.0,0.0,0.0,10,96.0,0.0,0,189.5,0.0,0.0,0.0,0.0,0.0,5
2023-05-10 22:01:45,m2312-C-3400,m2312-C-3400,189.5,0.0,0.0,0.0,1,96.5,0.0,0,189.5,0.0,0.0,0.0,0.0,0.0,5
2023-05-10 22:01:45,m2312-C-3400,m2312-C-3400,189.5,0.0,0.0,0.0,10,97.0,0.0,0,189.5,0.0,0.0,0.0,0.0,0.0,5
2023-05-10 22:50:07,m2312-C-3400,m2312-C-3400,189.5,0.0,0.0,0.0,1,97.5,0.0,0,189.5,0.0,0.0,0.0,0.0,0.0,5
2023-05-10 22:50:07,m2312-C-3400,m2312-C-3400,189.5,0.0,0.0,0.0,10,98.0,0.0,0,189.5,0.0,0.0,0.0,0.0,0.0,5
2023-05-10 22:57:33,m2312-C-3400,m2312-C-3400,189.5,0.0,0.0,0.0,1,97.5,0.0,0,189.5,0.0,0.0,0.0,0.0,0.0,5
2023-05-10 22:57:47,m2312-C-3400,m2312-C-3400,189.5,0.0,0.0,0.0,1,45.5,0.0,0,189.5,0.0,0.0,0.0,0.0,0.0,5
2023-05-10 22:59:16,m2312-C-3400,m2312-C-3400,189.5,0.0,0.0,0.0,10,46.0,0.0,0,189.5,0.0,0.0,0.0,0.0,0.0,5
2023-05-10 22:59:56,m2312-C-3400,m2312-C-3400,189.5,0.0,0.0,0.0,1,2.5,0.0,0,189.5,0.0,0.0,0.0,0.0,0.0,5
2023-05-11 09:00:04,m2312-C-3400,m2312-C-3400,189.5,0.0,0.0,0.0,10,3.0,0.0,0,189.5,0.0,0.0,0.0,0.0,0.0,5
2023-05-11 09:00:33,m2312-C-3400,m2312-C-3400,189.5,0.0,0.0,0.0,1,3.5,0.0,0,189.5,0.0,0.0,0.0,0.0,0.0,5
2023-05-11 09:00:33,m2312-C-3400,m2312-C-3400,189.5,0.0,0.0,0.0,1,39.0,0.0,0,189.5,0.0,0.0,0.0,0.0,0.0,5
2023-05-11 09:00:33,m2312-C-3400,m2312-C-3400,189.5,0.0,0.0,0.0,10,39.5,0.0,0,189.5,0.0,0.0,0.0,0.0,0.0,5
2023-05-11 09:00:52,m2312-C-3400,m2312-C-3400,189.5,0.0,0.0,0.0,1,40.0,0.0,0,189.5,0.0,0.0,0.0,0.0,0.0,5
2023-05-11 09:00:52,m2312-C-3400,m2312-C-3400,189.5,0.0,0.0,0.0,10,40.5,0.0,0,189.5,0.0,0.0,0.0,0.0,0.0,5
2023-05-11 09:01:25,m2312-C-3400,m2312-C-3400,189.5,0.0,0.0,0.0,1,41.0,0.0,0,189.5,0.0,0.0,0.0,0.0,0.0,5
2023-05-11 09:01:25,m2312-C-3400,m2312-C-3400,189.5,0.0,0.0,0.0,10,41.5,0.0,0,189.5,0.0,0.0,0.0,0.0,0.0,5
2023-05-11 09:03:04,m2312-C-3400,m2312-C-3400,189.5,0.0,0.0,0.0,1,42.0,0.0,0,189.5,0.0,0.0,0.0,0.0,0.0,5
2023-05-11 09:03:04,m2312-C-3400,m2312-C-3400,189.5,0.0,0.0,0.0,10,42.5,0.0,0,189.5,0.0,0.0,0.0,0.0,0.0,5
2023-05-11 09:03:09,m2312-C-3400,m2312-C-3400,189.5,0.0,0.0,0.0,1,43.0,0.0,0,189.5,0.0,0.0,0.0,0.0,0.0,5
2023-05-11 09:03:09,m2312-C-3400,m2312-C-3400,189.5,0.0,0.0,0.0,10,43.5,0.0,0,189.5,0.0,0.0,0.0,0.0,0.0,5
2023-05-11 09:03:18,m2312-C-3400,m2312-C-3400,189.5,0.0,0.0,0.0,1,44.0,0.0,0,189.5,0.0,0.0,0.0,0.0,0.0,5
2023-05-11 09:03:18,m2312-C-3400,m2312-C-3400,189.5,0.0,0.0,0.0,10,44.5,0.0,0,189.5,0.0,0.0,0.0,0.0,0.0,5
2023-05-11 09:03:40,m2312-C-3400,m2312-C-3400,189.5,0.0,0.0,0.0,1,45.0,0.0,0,189.5,0.0,0.0,0.0,0.0,0.0,5
2023-05-11 09:03:40,m2312-C-3400,m2312-C-3400,189.5,0.0,0.0,0.0,10,45.5,0.0,0,189.5,0.0,0.0,0.0,0.0,0.0,5
2023-05-11 09:03:45,m2312-C-3400,m2312-C-3400,189.5,0.0,0.0,0.0,1,46.0,0.0,0,189.5,0.0,0.0,0.0,0.0,0.0,5
2023-05-11 09:03:45,m2312-C-3400,m2312-C-3400,189.5,0.0,0.0,0.0,10,46.5,0.0,0,189.5,0.0,0.0,0.0,0.0,0.0,5
2023-05-11 09:03:49,m2312-C-3400,m2312-C-3400,189.5,0.0,0.0,0.0,1,47.0,0.0,0,189.5,0.0,0.0,0.0,0.0,0.0,5
2023-05-11 09:03:49,m2312-C-3400,m2312-C-3400,189.5,0.0,0.0,0.0,10,47.5,0.0,0,189.5,0.0,0.0,0.0,0.0,0.0,5
2023-05-11 09:03:51,m2312-C-3400,m2312-C-3400,189.5,0.0,0.0,0.0,1,48.0,0.0,0,189.5,0.0,0.0,0.0,0.0,0.0,5
2023-05-11 09:03:52,m2312-C-3400,m2312-C-3400,189.5,0.0,0.0,0.0,10,48.5,0.0,0,189.5,0.0,0.0,0.0,0.0,0.0,5
2023-05-11 09:03:53,m2312-C-3400,m2312-C-3400,189.5,0.0,0.0,0.0,1,49.0,0.0,0,189.5,0.0,0.0,0.0,0.0,0.0,5
2023-05-11 09:03:53,m2312-C-3400,m2312-C-3400,189.5,0.0,0.0,0.0,10,49.5,0.0,0,189.5,0.0,0.0,0.0,0.0,0.0,5
2023-05-11 09:03:56,m2312-C-3400,m2312-C-3400,189.5,0.0,0.0,0.0,1,50.0,0.0,0,189.5,0.0,0.0,0.0,0.0,0.0,5
2023-05-11 09:03:56,m2312-C-3400,m2312-C-3400,189.5,0.0,0.0,0.0,10,50.5,0.0,0,189.5,0.0,0.0,0.0,0.0,0.0,5
2023-05-11 09:03:57,m2312-C-3400,m2312-C-3400,189.5,0.0,0.0,0.0,1,51.0,0.0,0,189.5,0.0,0.0,0.0,0.0,0.0,5
2023-05-11 09:03:57,m2312-C-3400,m2312-C-3400,189.5,0.0,0.0,0.0,10,51.5,0.0,0,189.5,0.0,0.0,0.0,0.0,0.0,5
2023-05-11 09:03:59,m2312-C-3400,m2312-C-3400,189.5,0.0,0.0,0.0,1,52.0,0.0,0,189.5,0.0,0.0,0.0,0.0,0.0,5
2023-05-11 09:03:59,m2312-C-3400,m2312-C-3400,189.5,0.0,0.0,0.0,10,52.5,0.0,0,189.5,0.0,0.0,0.0,0.0,0.0,5
2023-05-11 09:04:01,m2312-C-3400,m2312-C-3400,189.5,0.0,0.0,0.0,1,53.0,0.0,0,189.5,0.0,0.0,0.0,0.0,0.0,5
2023-05-11 09:04:01,m2312-C-3400,m2312-C-3400,189.5,0.0,0.0,0.0,10,53.5,0.0,0,189.5,0.0,0.0,0.0,0.0,0.0,5
2023-05-11 09:04:04,m2312-C-3400,m2312-C-3400,189.5,0.0,0.0,0.0,1,54.0,0.0,0,189.5,0.0,0.0,0.0,0.0,0.0,5
2023-05-11 09:04:04,m2312-C-3400,m2312-C-3400,189.5,0.0,0.0,0.0,10,54.5,0.0,0,189.5,0.0,0.0,0.0,0.0,0.0,5
2023-05-11 09:04:06,m2312-C-3400,m2312-C-3400,189.5,0.0,0.0,0.0,1,55.0,0.0,0,189.5,0.0,0.0,0.0,0.0,0.0,5
2023-05-11 09:04:06,m2312-C-3400,m2312-C-3400,189.5,0.0,0.0,0.0,10,55.5,0.0,0,189.5,0.0,0.0,0.0,0.0,0.0,5
2023-05-11 09:04:07,m2312-C-3400,m2312-C-3400,189.5,0.0,0.0,0.0,1,56.0,0.0,0,189.5,0.0,0.0,0.0,0.0,0.0,5
2023-05-11 09:04:08,m2312-C-3400,m2312-C-3400,189.5,0.0,0.0,0.0,10,56.5,0.0,0,189.5,0.0,0.0,0.0,0.0,0.0,5
2023-05-11 09:04:09,m2312-C-3400,m2312-C-3400,189.5,0.0,0.0,0.0,1,57.0,0.0,0,189.5,0.0,0.0,0.0,0.0,0.0,5
2023-05-11 09:04:09,m2312-C-3400,m2312-C-3400,189.5,0.0,0.0,0.0,10,57.5,0.0,0,189.5,0.0,0.0,0.0,0.0,0.0,5
2023-05-11 09:04:10,m2312-C-3400,m2312-C-3400,189.5,0.0,0.0,0.0,1,58.0,0.0,0,189.5,0.0,0.0,0.0,0.0,0.0,5
2023-05-11 09:04:10,m2312-C-3400,m2312-C-3400,189.5,0.0,0.0,0.0,10,58.5,0.0,0,189.5,0.0,0.0,0.0,0.0,0.0,5
2023-05-11 09:04:12,m2312-C-3400,m2312-C-3400,189.5,0.0,0.0,0.0,1,59.0,0.0,0,189.5,0.0,0.0,0.0,0.0,0.0,5
2023-05-11 09:04:12,m2312-C-3400,m2312-C-3400,189.5,0.0,0.0,0.0,10,59.5,0.0,0,189.5,0.0,0.0,0.0,0.0,0.0,5
2023-05-11 09:04:13,m2312-C-3400,m2312-C-3400,189.5,0.0,0.0,0.0,1,60.0,0.0,0,189.5,0.0,0.0,0.0,0.0,0.0,5
2023-05-11 09:04:13,m2312-C-3400,m2312-C-3400,189.5,0.0,0.0,0.0,10,60.5,0.0,0,189.5,0.0,0.0,0.0,0.0,0.0,5
2023-05-11 09:04:15,m2312-C-3400,m2312-C-3400,189.5,0.0,0.0,0.0,1,61.0,0.0,0,189.5,0.0,0.0,0.0,0.0,0.0,5
2023-05-11 09:04:15,m2312-C-3400,m2312-C-3400,189.5,0.0,0.0,0.0,10,61.5,0.0,0,189.5,0.0,0.0,0.0,0.0,0.0,5
2023-05-11 09:04:17,m2312-C-3400,m2312-C-3400,189.5,0.0,0.0,0.0,1,62.0,0.0,0,189.5,0.0,0.0,0.0,0.0,0.0,5
2023-05-11 09:04:17,m2312-C-3400,m2312-C-3400,189.5,0.0,0.0,0.0,10,62.5,0.0,0,189.5,0.0,0.0,0.0,0.0,0.0,5
2023-05-11 09:04:18,m2312-C-3400,m2312-C-3400,189.5,0.0,0.0,0.0,1,63.0,0.0,0,189.5,0.0,0.0,0.0,0.0,0.0,5
2023-05-11 09:04:18,m2312-C-3400,m2312-C-3400,189.5,0.0,0.0,0.0,10,63.5,0.0,0,189.5,0.0,0.0,0.0,0.0,0.0,5
2023-05-11 09:04:20,m2312-C-3400,m2312-C-3400,189.5,0.0,0.0,0.0,1,64.0,0.0,0,189.5,0.0,0.0,0.0,0.0,0.0,5
2023-05-11 09:04:20,m2312-C-3400,m2312-C-3400,189.5,0.0,0.0,0.0,10,64.5,0.0,0,189.5,0.0,0.0,0.0,0.0,0.0,5
2023-05-11 09:04:21,m2312-C-3400,m2312-C-3400,189.5,0.0,0.0,0.0,1,65.0,0.0,0,189.5,0.0,0.0,0.0,0.0,0.0,5
2023-05-11 09:04:21,m2312-C-3400,m2312-C-3400,189.5,0.0,0.0,0.0,10,65.5,0.0,0,189.5,0.0,0.0,0.0,0.0,0.0,5
2023-05-11 09:04:23,m2312-C-3400,m2312-C-3400,189.5,0.0,0.0,0.0,1,66.0,0.0,0,189.5,0.0,0.0,0.0,0.0,0.0,5
2023-05-11 09:04:23,m2312-C-3400,m2312-C-3400,189.5,0.0,0.0,0.0,10,66.5,0.0,0,189.5,0.0,0.0,0.0,0.0,0.0,5
2023-05-11 09:04:25,m2312-C-3400,m2312-C-3400,189.5,0.0,0.0,0.0,1,67.0,0.0,0,189.5,0.0,0.0,0.0,0.0,0.0,5
2023-05-11 09:04:25,m2312-C-3400,m2312-C-3400,189.5,0.0,0.0,0.0,10,67.5,0.0,0,189.5,0.0,0.0,0.0,0.0,0.0,5
2023-05-11 09:04:26,m2312-C-3400,m2312-C-3400,189.5,0.0,0.0,0.0,1,68.0,0.0,0,189.5,0.0,0.0,0.0,0.0,0.0,5
2023-05-11 09:04:26,m2312-C-3400,m2312-C-3400,189.5,0.0,0.0,0.0,10,68.5,0.0,0,189.5,0.0,0.0,0.0,0.0,0.0,5
2023-05-11 09:04:28,m2312-C-3400,m2312-C-3400,189.5,0.0,0.0,0.0,1,69.0,0.0,0,189.5,0.0,0.0,0.0,0.0,0.0,5
2023-05-11 09:04:28,m2312-C-3400,m2312-C-3400,189.5,0.0,0.0,0.0,10,69.5,0.0,0,189.5,0.0,0.0,0.0,0.0,0.0,5
2023-05-11 09:04:29,m2312-C-3400,m2312-C-3400,189.5,0.0,0.0,0.0,1,70.0,0.0,0,189.5,0.0,0.0,0.0,0.0,0.0,5
2023-05-11 09:04:29,m2312-C-3400,m2312-C-3400,189.5,0.0,0.0,0.0,10,70.5,0.0,0,189.5,0.0,0.0,0.0,0.0,0.0,5
2023-05-11 09:08:44,m2312-C-3400,m2312-C-3400,189.5,0.0,0.0,0.0,1,71.0,0.0,0,189.5,0.0,0.0,0.0,0.0,0.0,5
2023-05-11 09:08:44,m2312-C-3400,m2312-C-3400,189.5,0.0,0.0,0.0,10,71.5,0.0,0,189.5,0.0,0.0,0.0,0.0,0.0,5
2023-05-11 09:09:39,m2312-C-3400,m2312-C-3400,189.5,0.0,0.0,0.0,1,72.0,0.0,0,189.5,0.0,0.0,0.0,0.0,0.0,5
2023-05-11 09:09:39,m2312-C-3400,m2312-C-3400,189.5,0.0,0.0,0.0,10,72.5,0.0,0,189.5,0.0,0.0,0.0,0.0,0.0,5
2023-05-11 09:09:51,m2312-C-3400,m2312-C-3400,189.5,0.0,0.0,0.0,1,73.0,0.0,0,189.5,0.0,0.0,0.0,0.0,0.0,5
2023-05-11 09:09:51,m2312-C-3400,m2312-C-3400,189.5,0.0,0.0,0.0,10,73.5,0.0,0,189.5,0.0,0.0,0.0,0.0,0.0,5
2023-05-11 09:09:54,m2312-C-3400,m2312-C-3400,189.5,0.0,0.0,0.0,1,74.0,0.0,0,189.5,0.0,0.0,0.0,0.0,0.0,5
2023-05-11 09:09:54,m2312-C-3400,m2312-C-3400,189.5,0.0,0.0,0.0,10,74.5,0.0,0,189.5,0.0,0.0,0.0,0.0,0.0,5
2023-05-11 09:09:58,m2312-C-3400,m2312-C-3400,189.5,0.0,0.0,0.0,1,75.0,0.0,0,189.5,0.0,0.0,0.0,0.0,0.0,5
2023-05-11 09:09:58,m2312-C-3400,m2312-C-3400,189.5,0.0,0.0,0.0,10,75.5,0.0,0,189.5,0.0,0.0,0.0,0.0,0.0,5
2023-05-11 09:10:03,m2312-C-3400,m2312-C-3400,189.5,0.0,0.0,0.0,1,76.0,0.0,0,189.5,0.0,0.0,0.0,0.0,0.0,5
2023-05-11 09:10:03,m2312-C-3400,m2312-C-3400,189.5,0.0,0.0,0.0,10,76.5,0.0,0,189.5,0.0,0.0,0.0,0.0,0.0,5
2023-05-11 09:10:08,m2312-C-3400,m2312-C-3400,189.5,0.0,0.0,0.0,1,77.0,0.0,0,189.5,0.0,0.0,0.0,0.0,0.0,5
2023-05-11 09:10:08,m2312-C-3400,m2312-C-3400,189.5,0.0,0.0,0.0,10,77.5,0.0,0,189.5,0.0,0.0,0.0,0.0,0.0,5
2023-05-11 09:10:12,m2312-C-3400,m2312-C-3400,189.5,0.0,0.0,0.0,1,78.0,0.0,0,189.5,0.0,0.0,0.0,0.0,0.0,5
2023-05-11 09:10:12,m2312-C-3400,m2312-C-3400,189.5,0.0,0.0,0.0,10,78.5,0.0,0,189.5,0.0,0.0,0.0,0.0,0.0,5
2023-05-11 09:10:15,m2312-C-3400,m2312-C-3400,189.5,0.0,0.0,0.0,1,79.0,0.0,0,189.5,0.0,0.0,0.0,0.0,0.0,5
2023-05-11 09:10:15,m2312-C-3400,m2312-C-3400,189.5,0.0,0.0,0.0,10,79.5,0.0,0,189.5,0.0,0.0,0.0,0.0,0.0,5
2023-05-11 09:10:17,m2312-C-3400,m2312-C-3400,189.5,0.0,0.0,0.0,1,80.0,0.0,0,189.5,0.0,0.0,0.0,0.0,0.0,5
2023-05-11 09:10:17,m2312-C-3400,m2312-C-3400,189.5,0.0,0.0,0.0,10,80.5,0.0,0,189.5,0.0,0.0,0.0,0.0,0.0,5
2023-05-11 09:10:20,m2312-C-3400,m2312-C-3400,189.5,0.0,0.0,0.0,1,81.0,0.0,0,189.5,0.0,0.0,0.0,0.0,0.0,5
2023-05-11 09:10:20,m2312-C-3400,m2312-C-3400,189.5,0.0,0.0,0.0,10,81.5,0.0,0,189.5,0.0,0.0,0.0,0.0,0.0,5
2023-05-11 09:10:23,m2312-C-3400,m2312-C-3400,189.5,0.0,0.0,0.0,1,82.0,0.0,0,189.5,0.0,0.0,0.0,0.0,0.0,5
2023-05-11 09:10:23,m2312-C-3400,m2312-C-3400,189.5,0.0,0.0,0.0,10,82.5,0.0,0,189.5,0.0,0.0,0.0,0.0,0.0,5
2023-05-11 09:10:26,m2312-C-3400,m2312-C-3400,189.5,0.0,0.0,0.0,1,83.0,0.0,0,189.5,0.0,0.0,0.0,0.0,0.0,5
2023-05-11 09:10:26,m2312-C-3400,m2312-C-3400,189.5,0.0,0.0,0.0,10,83.5,0.0,0,189.5,0.0,0.0,0.0,0.0,0.0,5
2023-05-11 09:10:29,m2312-C-3400,m2312-C-3400,189.5,0.0,0.0,0.0,1,84.0,0.0,0,189.5,0.0,0.0,0.0,0.0,0.0,5
2023-05-11 09:10:29,m2312-C-3400,m2312-C-3400,189.5,0.0,0.0,0.0,10,84.5,0.0,0,189.5,0.0,0.0,0.0,0.0,0.0,5
2023-05-11 09:10:32,m2312-C-3400,m2312-C-3400,189.5,0.0,0.0,0.0,1,85.0,0.0,0,189.5,0.0,0.0,0.0,0.0,0.0,5
2023-05-11 09:10:32,m2312-C-3400,m2312-C-3400,189.5,0.0,0.0,0.0,10,85.5,0.0,0,189.5,0.0,0.0,0.0,0.0,0.0,5
2023-05-11 09:10:34,m2312-C-3400,m2312-C-3400,189.5,0.0,0.0,0.0,1,86.0,0.0,0,189.5,0.0,0.0,0.0,0.0,0.0,5
2023-05-11 09:10:34,m2312-C-3400,m2312-C-3400,189.5,0.0,0.0,0.0,10,86.5,0.0,0,189.5,0.0,0.0,0.0,0.0,0.0,5
2023-05-11 09:10:36,m2312-C-3400,m2312-C-3400,189.5,0.0,0.0,0.0,1,87.0,0.0,0,189.5,0.0,0.0,0.0,0.0,0.0,5
2023-05-11 09:10:36,m2312-C-3400,m2312-C-3400,189.5,0.0,0.0,0.0,10,87.5,0.0,0,189.5,0.0,0.0,0.0,0.0,0.0,5
2023-05-11 09:10:38,m2312-C-3400,m2312-C-3400,189.5,0.0,0.0,0.0,1,88.0,0.0,0,189.5,0.0,0.0,0.0,0.0,0.0,5
2023-05-11 09:10:38,m2312-C-3400,m2312-C-3400,189.5,0.0,0.0,0.0,10,88.5,0.0,0,189.5,0.0,0.0,0.0,0.0,0.0,5
2023-05-11 09:10:40,m2312-C-3400,m2312-C-3400,189.5,0.0,0.0,0.0,1,89.0,0.0,0,189.5,0.0,0.0,0.0,0.0,0.0,5
2023-05-11 09:10:40,m2312-C-3400,m2312-C-3400,189.5,0.0,0.0,0.0,10,89.5,0.0,0,189.5,0.0,0.0,0.0,0.0,0.0,5
2023-05-11 09:10:41,m2312-C-3400,m2312-C-3400,189.5,0.0,0.0,0.0,1,90.0,0.0,0,189.5,0.0,0.0,0.0,0.0,0.0,5
2023-05-11 09:10:41,m2312-C-3400,m2312-C-3400,189.5,0.0,0.0,0.0,10,90.5,0.0,0,189.5,0.0,0.0,0.0,0.0,0.0,5
2023-05-11 09:10:43,m2312-C-3400,m2312-C-3400,189.5,0.0,0.0,0.0,1,91.0,0.0,0,189.5,0.0,0.0,0.0,0.0,0.0,5
2023-05-11 09:10:43,m2312-C-3400,m2312-C-3400,189.5,0.0,0.0,0.0,10,91.5,0.0,0,189.5,0.0,0.0,0.0,0.0,0.0,5
2023-05-11 09:10:44,m2312-C-3400,m2312-C-3400,189.5,0.0,0.0,0.0,1,92.0,0.0,0,189.5,0.0,0.0,0.0,0.0,0.0,5
2023-05-11 09:10:44,m2312-C-3400,m2312-C-3400,189.5,0.0,0.0,0.0,10,92.5,0.0,0,189.5,0.0,0.0,0.0,0.0,0.0,5
2023-05-11 09:10:46,m2312-C-3400,m2312-C-3400,189.5,0.0,0.0,0.0,1,93.0,0.0,0,189.5,0.0,0.0,0.0,0.0,0.0,5
2023-05-11 09:10:46,m2312-C-3400,m2312-C-3400,189.5,0.0,0.0,0.0,10,93.5,0.0,0,189.5,0.0,0.0,0.0,0.0,0.0,5
2023-05-11 09:10:47,m2312-C-3400,m2312-C-3400,189.5,0.0,0.0,0.0,1,94.0,0.0,0,189.5,0.0,0.0,0.0,0.0,0.0,5
2023-05-11 09:10:47,m2312-C-3400,m2312-C-3400,189.5,0.0,0.0,0.0,10,94.5,0.0,0,189.5,0.0,0.0,0.0,0.0,0.0,5
2023-05-11 09:10:48,m2312-C-3400,m2312-C-3400,189.5,0.0,0.0,0.0,1,95.0,0.0,0,189.5,0.0,0.0,0.0,0.0,0.0,5
2023-05-11 09:10:48,m2312-C-3400,m2312-C-3400,189.5,0.0,0.0,0.0,10,95.5,0.0,0,189.5,0.0,0.0,0.0,0.0,0.0,5
2023-05-11 09:10:50,m2312-C-3400,m2312-C-3400,189.5,0.0,0.0,0.0,1,96.0,0.0,0,189.5,0.0,0.0,0.0,0.0,0.0,5
2023-05-11 09:10:50,m2312-C-3400,m2312-C-3400,189.5,0.0,0.0,0.0,10,96.5,0.0,0,189.5,0.0,0.0,0.0,0.0,0.0,5
2023-05-11 09:10:51,m2312-C-3400,m2312-C-3400,189.5,0.0,0.0,0.0,1,97.0,0.0,0,189.5,0.0,0.0,0.0,0.0,0.0,5
2023-05-11 09:10:51,m2312-C-3400,m2312-C-3400,189.5,0.0,0.0,0.0,10,97.5,0.0,0,189.5,0.0,0.0,0.0,0.0,0.0,5
2023-05-11 09:10:52,m2312-C-3400,m2312-C-3400,189.5,0.0,0.0,0.0,1,98.0,0.0,0,189.5,0.0,0.0,0.0,0.0,0.0,5
2023-05-11 09:10:52,m2312-C-3400,m2312-C-3400,189.5,0.0,0.0,0.0,10,98.5,0.0,0,189.5,0.0,0.0,0.0,0.0,0.0,5
2023-05-11 09:28:51,m2312-C-3400,m2312-C-3400,189.5,0.0,0.0,0.0,10,99.5,0.0,0,189.5,0.0,0.0,0.0,0.0,0.0,5
2023-05-11 09:40:34,m2312-C-3400,m2312-C-3400,189.5,0.0,0.0,0.0,1,100.0,0.0,0,189.5,0.0,0.0,0.0,0.0,0.0,5
2023-05-11 09:40:34,m2312-C-3400,m2312-C-3400,189.5,0.0,0.0,0.0,10,100.5,0.0,0,189.5,0.0,0.0,0.0,0.0,0.0,5
2023-05-11 10:14:32,m2312-C-3400,m2312-C-3400,189.5,0.0,0.0,0.0,1,100.0,0.0,0,189.5,0.0,0.0,0.0,0.0,0.0,5
2023-05-11 10:30:07,m2312-C-3400,m2312-C-3400,189.5,0.0,0.0,0.0,10,100.5,0.0,0,189.5,0.0,0.0,0.0,0.0,0.0,5
2023-05-11 10:56:46,m2312-C-3400,m2312-C-3400,189.5,0.0,0.0,0.0,1,101.0,0.0,0,189.5,0.0,0.0,0.0,0.0,0.0,5
2023-05-11 10:56:46,m2312-C-3400,m2312-C-3400,189.5,0.0,0.0,0.0,10,101.5,0.0,0,189.5,0.0,0.0,0.0,0.0,0.0,5
2023-05-11 11:27:01,m2312-C-3400,m2312-C-3400,189.5,0.0,0.0,0.0,1,102.0,0.0,0,189.5,0.0,0.0,0.0,0.0,0.0,5
2023-05-11 11:27:01,m2312-C-3400,m2312-C-3400,189.5,0.0,0.0,0.0,10,102.5,0.0,0,189.5,0.0,0.0,0.0,0.0,0.0,5
2023-05-11 11:29:33,m2312-C-3400,m2312-C-3400,189.5,0.0,0.0,0.0,1,39.0,0.0,0,189.5,0.0,0.0,0.0,0.0,0.0,5
2023-05-11 13:30:02,m2312-C-3400,m2312-C-3400,189.5,0.0,0.0,0.0,10,39.5,0.0,0,189.5,0.0,0.0,0.0,0.0,0.0,5
2023-05-11 13:31:03,m2312-C-3400,m2312-C-3400,189.5,0.0,0.0,0.0,1,40.0,0.0,0,189.5,0.0,0.0,0.0,0.0,0.0,5
2023-05-11 13:31:03,m2312-C-3400,m2312-C-3400,189.5,0.0,0.0,0.0,10,40.5,0.0,0,189.5,0.0,0.0,0.0,0.0,0.0,5
2023-05-11 13:31:23,m2312-C-3400,m2312-C-3400,189.5,0.0,0.0,0.0,1,41.0,0.0,0,189.5,0.0,0.0,0.0,0.0,0.0,5
2023-05-11 13:31:23,m2312-C-3400,m2312-C-3400,189.5,0.0,0.0,0.0,10,41.5,0.0,0,189.5,0.0,0.0,0.0,0.0,0.0,5
2023-05-11 13:32:40,m2312-C-3400,m2312-C-3400,189.5,0.0,0.0,0.0,1,42.0,0.0,0,189.5,0.0,0.0,0.0,0.0,0.0,5
2023-05-11 13:32:40,m2312-C-3400,m2312-C-3400,189.5,0.0,0.0,0.0,10,42.5,0.0,0,189.5,0.0,0.0,0.0,0.0,0.0,5
2023-05-11 13:32:44,m2312-C-3400,m2312-C-3400,189.5,0.0,0.0,0.0,1,43.0,0.0,0,189.5,0.0,0.0,0.0,0.0,0.0,5
2023-05-11 13:32:44,m2312-C-3400,m2312-C-3400,189.5,0.0,0.0,0.0,10,43.5,0.0,0,189.5,0.0,0.0,0.0,0.0,0.0,5
2023-05-11 13:33:11,m2312-C-3400,m2312-C-3400,189.5,0.0,0.0,0.0,1,44.0,0.0,0,189.5,0.0,0.0,0.0,0.0,0.0,5
2023-05-11 13:33:11,m2312-C-3400,m2312-C-3400,189.5,0.0,0.0,0.0,10,44.5,0.0,0,189.5,0.0,0.0,0.0,0.0,0.0,5
2023-05-11 13:33:18,m2312-C-3400,m2312-C-3400,189.5,0.0,0.0,0.0,1,45.0,0.0,0,189.5,0.0,0.0,0.0,0.0,0.0,5
2023-05-11 13:33:18,m2312-C-3400,m2312-C-3400,189.5,0.0,0.0,0.0,10,45.5,0.0,0,189.5,0.0,0.0,0.0,0.0,0.0,5
2023-05-11 13:33:21,m2312-C-3400,m2312-C-3400,189.5,0.0,0.0,0.0,1,46.0,0.0,0,189.5,0.0,0.0,0.0,0.0,0.0,5
2023-05-11 13:33:21,m2312-C-3400,m2312-C-3400,189.5,0.0,0.0,0.0,10,46.5,0.0,0,189.5,0.0,0.0,0.0,0.0,0.0,5
2023-05-11 13:33:29,m2312-C-3400,m2312-C-3400,189.5,0.0,0.0,0.0,1,47.0,0.0,0,189.5,0.0,0.0,0.0,0.0,0.0,5
2023-05-11 13:33:29,m2312-C-3400,m2312-C-3400,189.5,0.0,0.0,0.0,10,47.5,0.0,0,189.5,0.0,0.0,0.0,0.0,0.0,5
2023-05-11 13:33:41,m2312-C-3400,m2312-C-3400,189.5,0.0,0.0,0.0,1,48.0,0.0,0,189.5,0.0,0.0,0.0,0.0,0.0,5
2023-05-11 13:33:41,m2312-C-3400,m2312-C-3400,189.5,0.0,0.0,0.0,10,48.5,0.0,0,189.5,0.0,0.0,0.0,0.0,0.0,5
2023-05-11 13:33:46,m2312-C-3400,m2312-C-3400,189.5,0.0,0.0,0.0,1,49.0,0.0,0,189.5,0.0,0.0,0.0,0.0,0.0,5
2023-05-11 13:33:46,m2312-C-3400,m2312-C-3400,189.5,0.0,0.0,0.0,10,49.5,0.0,0,189.5,0.0,0.0,0.0,0.0,0.0,5
2023-05-11 13:34:15,m2312-C-3400,m2312-C-3400,189.5,0.0,0.0,0.0,1,50.0,0.0,0,189.5,0.0,0.0,0.0,0.0,0.0,5
2023-05-11 13:34:15,m2312-C-3400,m2312-C-3400,189.5,0.0,0.0,0.0,10,50.5,0.0,0,189.5,0.0,0.0,0.0,0.0,0.0,5
2023-05-11 13:37:20,m2312-C-3400,m2312-C-3400,189.5,0.0,0.0,0.0,1,51.0,0.0,0,189.5,0.0,0.0,0.0,0.0,0.0,5
2023-05-11 13:37:20,m2312-C-3400,m2312-C-3400,189.5,0.0,0.0,0.0,10,51.5,0.0,0,189.5,0.0,0.0,0.0,0.0,0.0,5
2023-05-11 13:37:31,m2312-C-3400,m2312-C-3400,189.5,0.0,0.0,0.0,1,52.0,0.0,0,189.5,0.0,0.0,0.0,0.0,0.0,5
2023-05-11 13:37:31,m2312-C-3400,m2312-C-3400,189.5,0.0,0.0,0.0,10,52.5,0.0,0,189.5,0.0,0.0,0.0,0.0,0.0,5
2023-05-11 13:38:17,m2312-C-3400,m2312-C-3400,189.5,0.0,0.0,0.0,1,53.0,0.0,0,189.5,0.0,0.0,0.0,0.0,0.0,5
2023-05-11 13:38:17,m2312-C-3400,m2312-C-3400,189.5,0.0,0.0,0.0,10,53.5,0.0,0,189.5,0.0,0.0,0.0,0.0,0.0,5
2023-05-11 13:38:24,m2312-C-3400,m2312-C-3400,189.5,0.0,0.0,0.0,1,54.0,0.0,0,189.5,0.0,0.0,0.0,0.0,0.0,5
2023-05-11 13:38:24,m2312-C-3400,m2312-C-3400,189.5,0.0,0.0,0.0,10,54.5,0.0,0,189.5,0.0,0.0,0.0,0.0,0.0,5
2023-05-11 13:38:27,m2312-C-3400,m2312-C-3400,189.5,0.0,0.0,0.0,1,55.0,0.0,0,189.5,0.0,0.0,0.0,0.0,0.0,5
2023-05-11 13:38:27,m2312-C-3400,m2312-C-3400,189.5,0.0,0.0,0.0,10,55.5,0.0,0,189.5,0.0,0.0,0.0,0.0,0.0,5
2023-05-11 13:39:13,m2312-C-3400,m2312-C-3400,189.5,0.0,0.0,0.0,1,56.0,0.0,0,189.5,0.0,0.0,0.0,0.0,0.0,5
2023-05-11 13:39:13,m2312-C-3400,m2312-C-3400,189.5,0.0,0.0,0.0,10,56.5,0.0,0,189.5,0.0,0.0,0.0,0.0,0.0,5
2023-05-11 13:39:19,m2312-C-3400,m2312-C-3400,189.5,0.0,0.0,0.0,1,57.0,0.0,0,189.5,0.0,0.0,0.0,0.0,0.0,5
2023-05-11 13:39:19,m2312-C-3400,m2312-C-3400,189.5,0.0,0.0,0.0,10,57.5,0.0,0,189.5,0.0,0.0,0.0,0.0,0.0,5
2023-05-11 13:39:28,m2312-C-3400,m2312-C-3400,189.5,0.0,0.0,0.0,1,58.0,0.0,0,189.5,0.0,0.0,0.0,0.0,0.0,5
2023-05-11 13:39:29,m2312-C-3400,m2312-C-3400,189.5,0.0,0.0,0.0,10,58.5,0.0,0,189.5,0.0,0.0,0.0,0.0,0.0,5
2023-05-11 13:39:32,m2312-C-3400,m2312-C-3400,189.5,0.0,0.0,0.0,1,59.0,0.0,0,189.5,0.0,0.0,0.0,0.0,0.0,5
2023-05-11 13:39:32,m2312-C-3400,m2312-C-3400,189.5,0.0,0.0,0.0,10,59.5,0.0,0,189.5,0.0,0.0,0.0,0.0,0.0,5
2023-05-11 13:39:36,m2312-C-3400,m2312-C-3400,189.5,0.0,0.0,0.0,1,60.0,0.0,0,189.5,0.0,0.0,0.0,0.0,0.0,5
2023-05-11 13:39:36,m2312-C-3400,m2312-C-3400,189.5,0.0,0.0,0.0,10,60.5,0.0,0,189.5,0.0,0.0,0.0,0.0,0.0,5
2023-05-11 13:39:44,m2312-C-3400,m2312-C-3400,189.5,0.0,0.0,0.0,1,61.0,0.0,0,189.5,0.0,0.0,0.0,0.0,0.0,5
2023-05-11 13:39:44,m2312-C-3400,m2312-C-3400,189.5,0.0,0.0,0.0,10,61.5,0.0,0,189.5,0.0,0.0,0.0,0.0,0.0,5
2023-05-11 13:39:47,m2312-C-3400,m2312-C-3400,189.5,0.0,0.0,0.0,1,62.0,0.0,0,189.5,0.0,0.0,0.0,0.0,0.0,5
2023-05-11 13:39:47,m2312-C-3400,m2312-C-3400,189.5,0.0,0.0,0.0,10,62.5,0.0,0,189.5,0.0,0.0,0.0,0.0,0.0,5
2023-05-11 13:39:50,m2312-C-3400,m2312-C-3400,189.5,0.0,0.0,0.0,1,63.0,0.0,0,189.5,0.0,0.0,0.0,0.0,0.0,5
2023-05-11 13:39:50,m2312-C-3400,m2312-C-3400,189.5,0.0,0.0,0.0,10,63.5,0.0,0,189.5,0.0,0.0,0.0,0.0,0.0,5
2023-05-11 13:39:54,m2312-C-3400,m2312-C-3400,189.5,0.0,0.0,0.0,1,64.0,0.0,0,189.5,0.0,0.0,0.0,0.0,0.0,5
2023-05-11 13:39:54,m2312-C-3400,m2312-C-3400,189.5,0.0,0.0,0.0,10,64.5,0.0,0,189.5,0.0,0.0,0.0,0.0,0.0,5
2023-05-11 13:39:57,m2312-C-3400,m2312-C-3400,189.5,0.0,0.0,0.0,1,65.0,0.0,0,189.5,0.0,0.0,0.0,0.0,0.0,5
2023-05-11 13:39:57,m2312-C-3400,m2312-C-3400,189.5,0.0,0.0,0.0,10,65.5,0.0,0,189.5,0.0,0.0,0.0,0.0,0.0,5
2023-05-11 13:40:01,m2312-C-3400,m2312-C-3400,189.5,0.0,0.0,0.0,1,66.0,0.0,0,189.5,0.0,0.0,0.0,0.0,0.0,5
2023-05-11 13:40:01,m2312-C-3400,m2312-C-3400,189.5,0.0,0.0,0.0,10,66.5,0.0,0,189.5,0.0,0.0,0.0,0.0,0.0,5
2023-05-11 13:40:10,m2312-C-3400,m2312-C-3400,189.5,0.0,0.0,0.0,1,67.0,0.0,0,189.5,0.0,0.0,0.0,0.0,0.0,5
2023-05-11 13:40:10,m2312-C-3400,m2312-C-3400,189.5,0.0,0.0,0.0,10,67.5,0.0,0,189.5,0.0,0.0,0.0,0.0,0.0,5
2023-05-11 13:40:14,m2312-C-3400,m2312-C-3400,189.5,0.0,0.0,0.0,1,68.0,0.0,0,189.5,0.0,0.0,0.0,0.0,0.0,5
2023-05-11 13:40:14,m2312-C-3400,m2312-C-3400,189.5,0.0,0.0,0.0,10,68.5,0.0,0,189.5,0.0,0.0,0.0,0.0,0.0,5
2023-05-11 13:40:17,m2312-C-3400,m2312-C-3400,189.5,0.0,0.0,0.0,1,69.0,0.0,0,189.5,0.0,0.0,0.0,0.0,0.0,5
2023-05-11 13:40:17,m2312-C-3400,m2312-C-3400,189.5,0.0,0.0,0.0,10,69.5,0.0,0,189.5,0.0,0.0,0.0,0.0,0.0,5
2023-05-11 13:40:18,m2312-C-3400,m2312-C-3400,189.5,0.0,0.0,0.0,1,70.0,0.0,0,189.5,0.0,0.0,0.0,0.0,0.0,5
2023-05-11 13:40:19,m2312-C-3400,m2312-C-3400,189.5,0.0,0.0,0.0,10,70.5,0.0,0,189.5,0.0,0.0,0.0,0.0,0.0,5
2023-05-11 13:40:20,m2312-C-3400,m2312-C-3400,189.5,0.0,0.0,0.0,1,71.0,0.0,0,189.5,0.0,0.0,0.0,0.0,0.0,5
2023-05-11 13:40:20,m2312-C-3400,m2312-C-3400,189.5,0.0,0.0,0.0,10,71.5,0.0,0,189.5,0.0,0.0,0.0,0.0,0.0,5
2023-05-11 13:40:49,m2312-C-3400,m2312-C-3400,189.5,0.0,0.0,0.0,1,72.0,0.0,0,189.5,0.0,0.0,0.0,0.0,0.0,5
2023-05-11 13:40:49,m2312-C-3400,m2312-C-3400,189.5,0.0,0.0,0.0,10,72.5,0.0,0,189.5,0.0,0.0,0.0,0.0,0.0,5
2023-05-11 13:40:52,m2312-C-3400,m2312-C-3400,189.5,0.0,0.0,0.0,1,73.0,0.0,0,189.5,0.0,0.0,0.0,0.0,0.0,5
2023-05-11 13:40:52,m2312-C-3400,m2312-C-3400,189.5,0.0,0.0,0.0,10,73.5,0.0,0,189.5,0.0,0.0,0.0,0.0,0.0,5
2023-05-11 13:40:54,m2312-C-3400,m2312-C-3400,189.5,0.0,0.0,0.0,1,74.0,0.0,0,189.5,0.0,0.0,0.0,0.0,0.0,5
2023-05-11 13:40:54,m2312-C-3400,m2312-C-3400,189.5,0.0,0.0,0.0,10,74.5,0.0,0,189.5,0.0,0.0,0.0,0.0,0.0,5
2023-05-11 13:40:57,m2312-C-3400,m2312-C-3400,189.5,0.0,0.0,0.0,1,75.0,0.0,0,189.5,0.0,0.0,0.0,0.0,0.0,5
2023-05-11 13:40:57,m2312-C-3400,m2312-C-3400,189.5,0.0,0.0,0.0,10,75.5,0.0,0,189.5,0.0,0.0,0.0,0.0,0.0,5
2023-05-11 13:41:00,m2312-C-3400,m2312-C-3400,189.5,0.0,0.0,0.0,1,76.0,0.0,0,189.5,0.0,0.0,0.0,0.0,0.0,5
2023-05-11 13:41:00,m2312-C-3400,m2312-C-3400,189.5,0.0,0.0,0.0,10,76.5,0.0,0,189.5,0.0,0.0,0.0,0.0,0.0,5
2023-05-11 13:41:03,m2312-C-3400,m2312-C-3400,189.5,0.0,0.0,0.0,1,77.0,0.0,0,189.5,0.0,0.0,0.0,0.0,0.0,5
2023-05-11 13:41:03,m2312-C-3400,m2312-C-3400,189.5,0.0,0.0,0.0,10,77.5,0.0,0,189.5,0.0,0.0,0.0,0.0,0.0,5
2023-05-11 13:41:05,m2312-C-3400,m2312-C-3400,189.5,0.0,0.0,0.0,1,78.0,0.0,0,189.5,0.0,0.0,0.0,0.0,0.0,5
2023-05-11 13:41:05,m2312-C-3400,m2312-C-3400,189.5,0.0,0.0,0.0,10,78.5,0.0,0,189.5,0.0,0.0,0.0,0.0,0.0,5
2023-05-11 13:41:07,m2312-C-3400,m2312-C-3400,189.5,0.0,0.0,0.0,1,79.0,0.0,0,189.5,0.0,0.0,0.0,0.0,0.0,5
2023-05-11 13:41:07,m2312-C-3400,m2312-C-3400,189.5,0.0,0.0,0.0,10,79.5,0.0,0,189.5,0.0,0.0,0.0,0.0,0.0,5
2023-05-11 13:41:09,m2312-C-3400,m2312-C-3400,189.5,0.0,0.0,0.0,1,80.0,0.0,0,189.5,0.0,0.0,0.0,0.0,0.0,5
2023-05-11 13:41:09,m2312-C-3400,m2312-C-3400,189.5,0.0,0.0,0.0,10,80.5,0.0,0,189.5,0.0,0.0,0.0,0.0,0.0,5
2023-05-11 13:41:11,m2312-C-3400,m2312-C-3400,189.5,0.0,0.0,0.0,1,81.0,0.0,0,189.5,0.0,0.0,0.0,0.0,0.0,5
2023-05-11 13:41:11,m2312-C-3400,m2312-C-3400,189.5,0.0,0.0,0.0,10,81.5,0.0,0,189.5,0.0,0.0,0.0,0.0,0.0,5
2023-05-11 13:41:12,m2312-C-3400,m2312-C-3400,189.5,0.0,0.0,0.0,1,82.0,0.0,0,189.5,0.0,0.0,0.0,0.0,0.0,5
2023-05-11 13:41:12,m2312-C-3400,m2312-C-3400,189.5,0.0,0.0,0.0,10,82.5,0.0,0,189.5,0.0,0.0,0.0,0.0,0.0,5
2023-05-11 13:41:14,m2312-C-3400,m2312-C-3400,189.5,0.0,0.0,0.0,1,83.0,0.0,0,189.5,0.0,0.0,0.0,0.0,0.0,5
2023-05-11 13:41:14,m2312-C-3400,m2312-C-3400,189.5,0.0,0.0,0.0,10,83.5,0.0,0,189.5,0.0,0.0,0.0,0.0,0.0,5
2023-05-11 13:41:15,m2312-C-3400,m2312-C-3400,189.5,0.0,0.0,0.0,1,84.0,0.0,0,189.5,0.0,0.0,0.0,0.0,0.0,5
2023-05-11 13:41:15,m2312-C-3400,m2312-C-3400,189.5,0.0,0.0,0.0,10,84.5,0.0,0,189.5,0.0,0.0,0.0,0.0,0.0,5
2023-05-11 13:41:17,m2312-C-3400,m2312-C-3400,189.5,0.0,0.0,0.0,1,85.0,0.0,0,189.5,0.0,0.0,0.0,0.0,0.0,5
2023-05-11 13:41:17,m2312-C-3400,m2312-C-3400,189.5,0.0,0.0,0.0,10,85.5,0.0,0,189.5,0.0,0.0,0.0,0.0,0.0,5
2023-05-11 13:41:18,m2312-C-3400,m2312-C-3400,189.5,0.0,0.0,0.0,1,86.0,0.0,0,189.5,0.0,0.0,0.0,0.0,0.0,5
2023-05-11 13:41:18,m2312-C-3400,m2312-C-3400,189.5,0.0,0.0,0.0,10,86.5,0.0,0,189.5,0.0,0.0,0.0,0.0,0.0,5
2023-05-11 13:41:20,m2312-C-3400,m2312-C-3400,189.5,0.0,0.0,0.0,1,87.0,0.0,0,189.5,0.0,0.0,0.0,0.0,0.0,5
2023-05-11 13:41:20,m2312-C-3400,m2312-C-3400,189.5,0.0,0.0,0.0,10,87.5,0.0,0,189.5,0.0,0.0,0.0,0.0,0.0,5
2023-05-11 13:41:21,m2312-C-3400,m2312-C-3400,189.5,0.0,0.0,0.0,1,88.0,0.0,0,189.5,0.0,0.0,0.0,0.0,0.0,5
2023-05-11 13:41:21,m2312-C-3400,m2312-C-3400,189.5,0.0,0.0,0.0,10,88.5,0.0,0,189.5,0.0,0.0,0.0,0.0,0.0,5
2023-05-11 13:41:22,m2312-C-3400,m2312-C-3400,189.5,0.0,0.0,0.0,1,89.0,0.0,0,189.5,0.0,0.0,0.0,0.0,0.0,5
2023-05-11 13:41:22,m2312-C-3400,m2312-C-3400,189.5,0.0,0.0,0.0,10,89.5,0.0,0,189.5,0.0,0.0,0.0,0.0,0.0,5
2023-05-11 13:41:23,m2312-C-3400,m2312-C-3400,189.5,0.0,0.0,0.0,1,90.0,0.0,0,189.5,0.0,0.0,0.0,0.0,0.0,5
2023-05-11 13:41:23,m2312-C-3400,m2312-C-3400,189.5,0.0,0.0,0.0,10,90.5,0.0,0,189.5,0.0,0.0,0.0,0.0,0.0,5
2023-05-11 13:41:25,m2312-C-3400,m2312-C-3400,189.5,0.0,0.0,0.0,1,91.0,0.0,0,189.5,0.0,0.0,0.0,0.0,0.0,5
2023-05-11 13:41:25,m2312-C-3400,m2312-C-3400,189.5,0.0,0.0,0.0,10,91.5,0.0,0,189.5,0.0,0.0,0.0,0.0,0.0,5
2023-05-11 13:41:28,m2312-C-3400,m2312-C-3400,189.5,0.0,0.0,0.0,1,92.0,0.0,0,189.5,0.0,0.0,0.0,0.0,0.0,5
2023-05-11 13:41:28,m2312-C-3400,m2312-C-3400,189.5,0.0,0.0,0.0,10,92.5,0.0,0,189.5,0.0,0.0,0.0,0.0,0.0,5
2023-05-11 13:41:31,m2312-C-3400,m2312-C-3400,189.5,0.0,0.0,0.0,1,93.0,0.0,0,189.5,0.0,0.0,0.0,0.0,0.0,5
2023-05-11 13:41:31,m2312-C-3400,m2312-C-3400,189.5,0.0,0.0,0.0,10,93.5,0.0,0,189.5,0.0,0.0,0.0,0.0,0.0,5
2023-05-11 13:41:33,m2312-C-3400,m2312-C-3400,189.5,0.0,0.0,0.0,1,94.0,0.0,0,189.5,0.0,0.0,0.0,0.0,0.0,5
2023-05-11 13:41:33,m2312-C-3400,m2312-C-3400,189.5,0.0,0.0,0.0,10,94.5,0.0,0,189.5,0.0,0.0,0.0,0.0,0.0,5
2023-05-11 13:41:35,m2312-C-3400,m2312-C-3400,189.5,0.0,0.0,0.0,1,95.0,0.0,0,189.5,0.0,0.0,0.0,0.0,0.0,5
2023-05-11 13:41:35,m2312-C-3400,m2312-C-3400,189.5,0.0,0.0,0.0,10,95.5,0.0,0,189.5,0.0,0.0,0.0,0.0,0.0,5
2023-05-11 13:41:36,m2312-C-3400,m2312-C-3400,189.5,0.0,0.0,0.0,1,96.0,0.0,0,189.5,0.0,0.0,0.0,0.0,0.0,5
2023-05-11 13:41:36,m2312-C-3400,m2312-C-3400,189.5,0.0,0.0,0.0,10,96.5,0.0,0,189.5,0.0,0.0,0.0,0.0,0.0,5
2023-05-11 13:41:37,m2312-C-3400,m2312-C-3400,189.5,0.0,0.0,0.0,1,97.0,0.0,0,189.5,0.0,0.0,0.0,0.0,0.0,5
2023-05-11 13:41:37,m2312-C-3400,m2312-C-3400,189.5,0.0,0.0,0.0,10,97.5,0.0,0,189.5,0.0,0.0,0.0,0.0,0.0,5
2023-05-11 13:41:38,m2312-C-3400,m2312-C-3400,189.5,0.0,0.0,0.0,1,98.0,0.0,0,189.5,0.0,0.0,0.0,0.0,0.0,5
2023-05-11 13:41:38,m2312-C-3400,m2312-C-3400,189.5,0.0,0.0,0.0,10,98.5,0.0,0,189.5,0.0,0.0,0.0,0.0,0.0,5
2023-05-11 13:51:11,m2312-C-3400,m2312-C-3400,189.5,0.0,0.0,0.0,1,99.0,0.0,0,189.5,0.0,0.0,0.0,0.0,0.0,5
2023-05-11 13:51:11,m2312-C-3400,m2312-C-3400,189.5,0.0,0.0,0.0,10,99.5,0.0,0,189.5,0.0,0.0,0.0,0.0,0.0,5
2023-05-11 14:12:57,m2312-C-3400,m2312-C-3400,189.5,0.0,0.0,0.0,1,100.0,0.0,0,189.5,0.0,0.0,0.0,0.0,0.0,5
2023-05-11 14:12:57,m2312-C-3400,m2312-C-3400,189.5,0.0,0.0,0.0,10,100.5,0.0,0,189.5,0.0,0.0,0.0,0.0,0.0,5
2023-05-11 14:38:46,m2312-C-3400,m2312-C-3400,189.5,0.0,0.0,0.0,5,167.5,187.5,5,189.5,0.0,0.0,0.0,0.0,0.0,5
2023-05-11 14:38:48,m2312-C-3400,m2312-C-3400,189.5,0.0,0.0,0.0,10,167.5,187.5,10,189.5,0.0,0.0,0.0,0.0,0.0,5
2023-05-11 14:38:52,m2312-C-3400,m2312-C-3400,189.5,0.0,0.0,0.0,5,170.0,187.5,10,189.5,0.0,0.0,0.0,0.0,0.0,5
2023-05-11 14:38:53,m2312-C-3400,m2312-C-3400,189.5,0.0,0.0,0.0,10,170.0,187.5,15,189.5,0.0,0.0,0.0,0.0,0.0,5
2023-05-11 14:38:58,m2312-C-3400,m2312-C-3400,189.5,0.0,0.0,0.0,10,170.0,186.0,5,189.5,0.0,0.0,0.0,0.0,0.0,5
2023-05-11 14:39:01,m2312-C-3400,m2312-C-3400,189.5,0.0,0.0,0.0,10,170.0,186.0,10,189.5,0.0,0.0,0.0,0.0,0.0,5
2023-05-11 14:39:02,m2312-C-3400,m2312-C-3400,189.5,0.0,0.0,0.0,10,170.0,185.5,5,189.5,0.0,0.0,0.0,0.0,0.0,5
2023-05-11 14:39:03,m2312-C-3400,m2312-C-3400,189.5,0.0,0.0,0.0,5,170.0,185.5,5,189.5,0.0,0.0,0.0,0.0,0.0,5
2023-05-11 14:39:04,m2312-C-3400,m2312-C-3400,189.5,0.0,0.0,0.0,5,169.5,185.5,5,189.5,0.0,0.0,0.0,0.0,0.0,5
2023-05-11 14:39:07,m2312-C-3400,m2312-C-3400,189.5,0.0,0.0,0.0,5,168.0,185.5,5,189.5,0.0,0.0,0.0,0.0,0.0,5
2023-05-11 14:39:09,m2312-C-3400,m2312-C-3400,189.5,0.0,0.0,0.0,10,166.5,185.5,5,189.5,0.0,0.0,0.0,0.0,0.0,5
2023-05-11 14:39:13,m2312-C-3400,m2312-C-3400,189.5,0.0,0.0,0.0,5,166.5,185.5,5,189.5,0.0,0.0,0.0,0.0,0.0,5
2023-05-11 14:39:13,m2312-C-3400,m2312-C-3400,189.5,0.0,0.0,0.0,10,100.5,0.0,0,189.5,0.0,0.0,0.0,0.0,0.0,5
2023-05-11 14:39:14,m2312-C-3400,m2312-C-3400,189.5,0.0,0.0,0.0,1,107.0,0.0,0,189.5,0.0,0.0,0.0,0.0,0.0,5
2023-05-11 14:39:14,m2312-C-3400,m2312-C-3400,189.5,0.0,0.0,0.0,10,107.5,0.0,0,189.5,0.0,0.0,0.0,0.0,0.0,5
2023-05-11 14:59:02,m2312-C-3400,m2312-C-3400,189.5,0.0,0.0,0.0,1,100.0,0.0,0,189.5,0.0,0.0,0.0,0.0,0.0,5
2023-05-11 14:59:05,m2312-C-3400,m2312-C-3400,189.5,0.0,0.0,0.0,10,100.5,0.0,0,189.5,0.0,0.0,0.0,0.0,0.0,5
2023-05-11 14:59:10,m2312-C-3400,m2312-C-3400,189.5,0.0,0.0,0.0,1,100.0,0.0,0,189.5,0.0,0.0,0.0,0.0,0.0,5
2023-05-11 15:01:10,m2312-C-3400,m2312-C-3400,189.5,0.0,0.0,0.0,1,100.0,0.0,0,189.5,0.0,0.0,0.0,0.0,0.0,5
