time,symbol_id,symbol_name,last,trade_volume,trade_amount,open_interest_change,bv1,bp1,ap1,av1,yesterday_close,today_open,today_high,today_low,volume,amount,open_interest
2023-05-10 20:55:44,m2312-C-3900,m2312-C-3900,35.5,0.0,0.0,0.0,1,0.5,0.0,0,35.5,0.0,0.0,0.0,0.0,0.0,10
2023-05-10 21:00:07,m2312-C-3900,m2312-C-3900,35.5,0.0,0.0,0.0,10,1.0,0.0,0,35.5,0.0,0.0,0.0,0.0,0.0,10
2023-05-10 21:05:01,m2312-C-3900,m2312-C-3900,35.5,0.0,0.0,0.0,1,1.5,0.0,0,35.5,0.0,0.0,0.0,0.0,0.0,10
2023-05-10 21:05:01,m2312-C-3900,m2312-C-3900,35.5,0.0,0.0,0.0,10,2.0,0.0,0,35.5,0.0,0.0,0.0,0.0,0.0,10
2023-05-10 21:05:20,m2312-C-3900,m2312-C-3900,35.5,0.0,0.0,0.0,10,2.0,241.0,1,35.5,0.0,0.0,0.0,0.0,0.0,10
2023-05-10 21:05:20,m2312-C-3900,m2312-C-3900,35.5,0.0,0.0,0.0,10,2.0,240.5,10,35.5,0.0,0.0,0.0,0.0,0.0,10
2023-05-10 21:10:31,m2312-C-3900,m2312-C-3900,35.5,0.0,0.0,0.0,1,2.5,240.5,10,35.5,0.0,0.0,0.0,0.0,0.0,10
2023-05-10 21:10:31,m2312-C-3900,m2312-C-3900,35.5,0.0,0.0,0.0,10,3.0,240.5,10,35.5,0.0,0.0,0.0,0.0,0.0,10
2023-05-10 21:16:55,m2312-C-3900,m2312-C-3900,35.5,0.0,0.0,0.0,11,3.0,240.5,10,35.5,0.0,0.0,0.0,0.0,0.0,10
2023-05-10 21:30:44,m2312-C-3900,m2312-C-3900,35.5,0.0,0.0,0.0,11,3.0,240.0,1,35.5,0.0,0.0,0.0,0.0,0.0,10
2023-05-10 21:30:44,m2312-C-3900,m2312-C-3900,35.5,0.0,0.0,0.0,11,3.0,239.5,10,35.5,0.0,0.0,0.0,0.0,0.0,10
2023-05-10 21:30:49,m2312-C-3900,m2312-C-3900,35.5,0.0,0.0,0.0,11,3.0,239.0,1,35.5,0.0,0.0,0.0,0.0,0.0,10
2023-05-10 21:30:50,m2312-C-3900,m2312-C-3900,35.5,0.0,0.0,0.0,11,3.0,238.5,10,35.5,0.0,0.0,0.0,0.0,0.0,10
2023-05-10 21:31:01,m2312-C-3900,m2312-C-3900,35.5,0.0,0.0,0.0,11,3.0,238.0,1,35.5,0.0,0.0,0.0,0.0,0.0,10
2023-05-10 21:31:01,m2312-C-3900,m2312-C-3900,35.5,0.0,0.0,0.0,11,3.0,237.5,10,35.5,0.0,0.0,0.0,0.0,0.0,10
2023-05-10 21:31:05,m2312-C-3900,m2312-C-3900,35.5,0.0,0.0,0.0,11,3.0,237.0,1,35.5,0.0,0.0,0.0,0.0,0.0,10
2023-05-10 21:31:05,m2312-C-3900,m2312-C-3900,35.5,0.0,0.0,0.0,11,3.0,236.5,10,35.5,0.0,0.0,0.0,0.0,0.0,10
2023-05-10 21:31:13,m2312-C-3900,m2312-C-3900,35.5,0.0,0.0,0.0,11,3.0,236.0,1,35.5,0.0,0.0,0.0,0.0,0.0,10
2023-05-10 21:31:13,m2312-C-3900,m2312-C-3900,35.5,0.0,0.0,0.0,11,3.0,235.5,10,35.5,0.0,0.0,0.0,0.0,0.0,10
2023-05-10 21:31:21,m2312-C-3900,m2312-C-3900,35.5,0.0,0.0,0.0,11,3.0,235.0,1,35.5,0.0,0.0,0.0,0.0,0.0,10
2023-05-10 21:31:21,m2312-C-3900,m2312-C-3900,35.5,0.0,0.0,0.0,11,3.0,234.5,10,35.5,0.0,0.0,0.0,0.0,0.0,10
2023-05-10 21:31:28,m2312-C-3900,m2312-C-3900,35.5,0.0,0.0,0.0,11,3.0,234.0,1,35.5,0.0,0.0,0.0,0.0,0.0,10
2023-05-10 21:31:28,m2312-C-3900,m2312-C-3900,35.5,0.0,0.0,0.0,11,3.0,233.5,10,35.5,0.0,0.0,0.0,0.0,0.0,10
2023-05-10 21:31:35,m2312-C-3900,m2312-C-3900,35.5,0.0,0.0,0.0,11,3.0,233.0,1,35.5,0.0,0.0,0.0,0.0,0.0,10
2023-05-10 21:31:35,m2312-C-3900,m2312-C-3900,35.5,0.0,0.0,0.0,11,3.0,232.5,10,35.5,0.0,0.0,0.0,0.0,0.0,10
2023-05-10 21:31:40,m2312-C-3900,m2312-C-3900,35.5,0.0,0.0,0.0,11,3.0,232.0,1,35.5,0.0,0.0,0.0,0.0,0.0,10
2023-05-10 21:31:40,m2312-C-3900,m2312-C-3900,35.5,0.0,0.0,0.0,11,3.0,231.5,10,35.5,0.0,0.0,0.0,0.0,0.0,10
2023-05-10 21:31:47,m2312-C-3900,m2312-C-3900,35.5,0.0,0.0,0.0,11,3.0,231.0,1,35.5,0.0,0.0,0.0,0.0,0.0,10
2023-05-10 21:31:47,m2312-C-3900,m2312-C-3900,35.5,0.0,0.0,0.0,11,3.0,230.5,10,35.5,0.0,0.0,0.0,0.0,0.0,10
2023-05-10 21:31:52,m2312-C-3900,m2312-C-3900,35.5,0.0,0.0,0.0,11,3.0,230.0,1,35.5,0.0,0.0,0.0,0.0,0.0,10
2023-05-10 21:31:52,m2312-C-3900,m2312-C-3900,35.5,0.0,0.0,0.0,11,3.0,229.5,10,35.5,0.0,0.0,0.0,0.0,0.0,10
2023-05-10 21:31:57,m2312-C-3900,m2312-C-3900,35.5,0.0,0.0,0.0,11,3.0,229.0,1,35.5,0.0,0.0,0.0,0.0,0.0,10
2023-05-10 21:31:57,m2312-C-3900,m2312-C-3900,35.5,0.0,0.0,0.0,11,3.0,228.5,10,35.5,0.0,0.0,0.0,0.0,0.0,10
2023-05-10 21:32:07,m2312-C-3900,m2312-C-3900,35.5,0.0,0.0,0.0,11,3.0,228.0,1,35.5,0.0,0.0,0.0,0.0,0.0,10
2023-05-10 21:32:07,m2312-C-3900,m2312-C-3900,35.5,0.0,0.0,0.0,11,3.0,227.5,10,35.5,0.0,0.0,0.0,0.0,0.0,10
2023-05-10 21:32:14,m2312-C-3900,m2312-C-3900,35.5,0.0,0.0,0.0,11,3.0,227.0,1,35.5,0.0,0.0,0.0,0.0,0.0,10
2023-05-10 21:32:14,m2312-C-3900,m2312-C-3900,35.5,0.0,0.0,0.0,11,3.0,226.5,10,35.5,0.0,0.0,0.0,0.0,0.0,10
2023-05-10 21:32:20,m2312-C-3900,m2312-C-3900,35.5,0.0,0.0,0.0,11,3.0,226.0,1,35.5,0.0,0.0,0.0,0.0,0.0,10
2023-05-10 21:32:20,m2312-C-3900,m2312-C-3900,35.5,0.0,0.0,0.0,11,3.0,225.5,10,35.5,0.0,0.0,0.0,0.0,0.0,10
2023-05-10 21:32:34,m2312-C-3900,m2312-C-3900,35.5,0.0,0.0,0.0,11,3.0,225.0,1,35.5,0.0,0.0,0.0,0.0,0.0,10
2023-05-10 21:32:34,m2312-C-3900,m2312-C-3900,35.5,0.0,0.0,0.0,11,3.0,224.5,10,35.5,0.0,0.0,0.0,0.0,0.0,10
2023-05-10 21:32:38,m2312-C-3900,m2312-C-3900,35.5,0.0,0.0,0.0,11,3.0,224.0,1,35.5,0.0,0.0,0.0,0.0,0.0,10
2023-05-10 21:32:38,m2312-C-3900,m2312-C-3900,35.5,0.0,0.0,0.0,11,3.0,223.5,10,35.5,0.0,0.0,0.0,0.0,0.0,10
2023-05-10 21:32:42,m2312-C-3900,m2312-C-3900,35.5,0.0,0.0,0.0,11,3.0,223.0,1,35.5,0.0,0.0,0.0,0.0,0.0,10
2023-05-10 21:32:43,m2312-C-3900,m2312-C-3900,35.5,0.0,0.0,0.0,11,3.0,222.5,10,35.5,0.0,0.0,0.0,0.0,0.0,10
2023-05-10 21:32:48,m2312-C-3900,m2312-C-3900,35.5,0.0,0.0,0.0,11,3.0,222.0,1,35.5,0.0,0.0,0.0,0.0,0.0,10
2023-05-10 21:32:48,m2312-C-3900,m2312-C-3900,35.5,0.0,0.0,0.0,11,3.0,221.5,10,35.5,0.0,0.0,0.0,0.0,0.0,10
2023-05-10 21:32:56,m2312-C-3900,m2312-C-3900,35.5,0.0,0.0,0.0,11,3.0,221.0,1,35.5,0.0,0.0,0.0,0.0,0.0,10
2023-05-10 21:32:57,m2312-C-3900,m2312-C-3900,35.5,0.0,0.0,0.0,11,3.0,220.5,10,35.5,0.0,0.0,0.0,0.0,0.0,10
2023-05-10 21:33:03,m2312-C-3900,m2312-C-3900,35.5,0.0,0.0,0.0,11,3.0,220.0,1,35.5,0.0,0.0,0.0,0.0,0.0,10
2023-05-10 21:33:03,m2312-C-3900,m2312-C-3900,35.5,0.0,0.0,0.0,11,3.0,219.5,10,35.5,0.0,0.0,0.0,0.0,0.0,10
2023-05-10 21:33:11,m2312-C-3900,m2312-C-3900,35.5,0.0,0.0,0.0,11,3.0,219.0,1,35.5,0.0,0.0,0.0,0.0,0.0,10
2023-05-10 21:33:11,m2312-C-3900,m2312-C-3900,35.5,0.0,0.0,0.0,11,3.0,218.5,10,35.5,0.0,0.0,0.0,0.0,0.0,10
2023-05-10 21:33:16,m2312-C-3900,m2312-C-3900,35.5,0.0,0.0,0.0,11,3.0,218.0,1,35.5,0.0,0.0,0.0,0.0,0.0,10
2023-05-10 21:33:17,m2312-C-3900,m2312-C-3900,35.5,0.0,0.0,0.0,11,3.0,217.5,10,35.5,0.0,0.0,0.0,0.0,0.0,10
2023-05-10 21:33:24,m2312-C-3900,m2312-C-3900,35.5,0.0,0.0,0.0,11,3.0,217.0,1,35.5,0.0,0.0,0.0,0.0,0.0,10
2023-05-10 21:33:25,m2312-C-3900,m2312-C-3900,35.5,0.0,0.0,0.0,11,3.0,216.5,10,35.5,0.0,0.0,0.0,0.0,0.0,10
2023-05-10 21:33:33,m2312-C-3900,m2312-C-3900,35.5,0.0,0.0,0.0,11,3.0,216.0,1,35.5,0.0,0.0,0.0,0.0,0.0,10
2023-05-10 21:33:34,m2312-C-3900,m2312-C-3900,35.5,0.0,0.0,0.0,11,3.0,215.5,10,35.5,0.0,0.0,0.0,0.0,0.0,10
2023-05-10 21:33:38,m2312-C-3900,m2312-C-3900,35.5,0.0,0.0,0.0,11,3.0,215.0,1,35.5,0.0,0.0,0.0,0.0,0.0,10
2023-05-10 21:33:39,m2312-C-3900,m2312-C-3900,35.5,0.0,0.0,0.0,11,3.0,214.5,10,35.5,0.0,0.0,0.0,0.0,0.0,10
2023-05-10 21:33:46,m2312-C-3900,m2312-C-3900,35.5,0.0,0.0,0.0,11,3.0,214.0,1,35.5,0.0,0.0,0.0,0.0,0.0,10
2023-05-10 21:33:46,m2312-C-3900,m2312-C-3900,35.5,0.0,0.0,0.0,11,3.0,213.5,10,35.5,0.0,0.0,0.0,0.0,0.0,10
2023-05-10 21:33:54,m2312-C-3900,m2312-C-3900,35.5,0.0,0.0,0.0,11,3.0,213.0,1,35.5,0.0,0.0,0.0,0.0,0.0,10
2023-05-10 21:33:55,m2312-C-3900,m2312-C-3900,35.5,0.0,0.0,0.0,11,3.0,212.5,10,35.5,0.0,0.0,0.0,0.0,0.0,10
2023-05-10 21:34:01,m2312-C-3900,m2312-C-3900,35.5,0.0,0.0,0.0,11,3.0,212.0,1,35.5,0.0,0.0,0.0,0.0,0.0,10
2023-05-10 21:34:01,m2312-C-3900,m2312-C-3900,35.5,0.0,0.0,0.0,11,3.0,211.5,10,35.5,0.0,0.0,0.0,0.0,0.0,10
2023-05-10 21:34:10,m2312-C-3900,m2312-C-3900,35.5,0.0,0.0,0.0,11,3.0,211.0,1,35.5,0.0,0.0,0.0,0.0,0.0,10
2023-05-10 21:34:10,m2312-C-3900,m2312-C-3900,35.5,0.0,0.0,0.0,11,3.0,210.5,10,35.5,0.0,0.0,0.0,0.0,0.0,10
2023-05-10 21:34:18,m2312-C-3900,m2312-C-3900,35.5,0.0,0.0,0.0,11,3.0,210.0,1,35.5,0.0,0.0,0.0,0.0,0.0,10
2023-05-10 21:34:18,m2312-C-3900,m2312-C-3900,35.5,0.0,0.0,0.0,11,3.0,209.5,10,35.5,0.0,0.0,0.0,0.0,0.0,10
2023-05-10 21:34:25,m2312-C-3900,m2312-C-3900,35.5,0.0,0.0,0.0,11,3.0,209.0,1,35.5,0.0,0.0,0.0,0.0,0.0,10
2023-05-10 21:34:25,m2312-C-3900,m2312-C-3900,35.5,0.0,0.0,0.0,11,3.0,208.5,10,35.5,0.0,0.0,0.0,0.0,0.0,10
2023-05-10 21:34:33,m2312-C-3900,m2312-C-3900,35.5,0.0,0.0,0.0,11,3.0,208.0,1,35.5,0.0,0.0,0.0,0.0,0.0,10
2023-05-10 21:34:33,m2312-C-3900,m2312-C-3900,35.5,0.0,0.0,0.0,11,3.0,207.5,10,35.5,0.0,0.0,0.0,0.0,0.0,10
2023-05-10 21:34:37,m2312-C-3900,m2312-C-3900,35.5,0.0,0.0,0.0,11,3.0,207.0,1,35.5,0.0,0.0,0.0,0.0,0.0,10
2023-05-10 21:34:37,m2312-C-3900,m2312-C-3900,35.5,0.0,0.0,0.0,11,3.0,206.5,10,35.5,0.0,0.0,0.0,0.0,0.0,10
2023-05-10 21:34:42,m2312-C-3900,m2312-C-3900,35.5,0.0,0.0,0.0,11,3.0,206.0,1,35.5,0.0,0.0,0.0,0.0,0.0,10
2023-05-10 21:34:42,m2312-C-3900,m2312-C-3900,35.5,0.0,0.0,0.0,11,3.0,205.5,10,35.5,0.0,0.0,0.0,0.0,0.0,10
2023-05-10 21:34:47,m2312-C-3900,m2312-C-3900,35.5,0.0,0.0,0.0,11,3.0,205.0,1,35.5,0.0,0.0,0.0,0.0,0.0,10
2023-05-10 21:34:47,m2312-C-3900,m2312-C-3900,35.5,0.0,0.0,0.0,11,3.0,204.5,10,35.5,0.0,0.0,0.0,0.0,0.0,10
2023-05-10 21:34:52,m2312-C-3900,m2312-C-3900,35.5,0.0,0.0,0.0,11,3.0,204.0,1,35.5,0.0,0.0,0.0,0.0,0.0,10
2023-05-10 21:34:52,m2312-C-3900,m2312-C-3900,35.5,0.0,0.0,0.0,11,3.0,203.5,10,35.5,0.0,0.0,0.0,0.0,0.0,10
2023-05-10 21:34:57,m2312-C-3900,m2312-C-3900,35.5,0.0,0.0,0.0,11,3.0,203.0,1,35.5,0.0,0.0,0.0,0.0,0.0,10
2023-05-10 21:34:57,m2312-C-3900,m2312-C-3900,35.5,0.0,0.0,0.0,11,3.0,202.5,10,35.5,0.0,0.0,0.0,0.0,0.0,10
2023-05-10 21:35:03,m2312-C-3900,m2312-C-3900,35.5,0.0,0.0,0.0,11,3.0,202.0,1,35.5,0.0,0.0,0.0,0.0,0.0,10
2023-05-10 21:35:03,m2312-C-3900,m2312-C-3900,35.5,0.0,0.0,0.0,11,3.0,201.5,10,35.5,0.0,0.0,0.0,0.0,0.0,10
2023-05-10 21:35:08,m2312-C-3900,m2312-C-3900,35.5,0.0,0.0,0.0,11,3.0,201.0,1,35.5,0.0,0.0,0.0,0.0,0.0,10
2023-05-10 21:35:08,m2312-C-3900,m2312-C-3900,35.5,0.0,0.0,0.0,11,3.0,200.5,10,35.5,0.0,0.0,0.0,0.0,0.0,10
2023-05-10 21:35:13,m2312-C-3900,m2312-C-3900,35.5,0.0,0.0,0.0,11,3.0,200.0,1,35.5,0.0,0.0,0.0,0.0,0.0,10
2023-05-10 21:35:13,m2312-C-3900,m2312-C-3900,35.5,0.0,0.0,0.0,11,3.0,199.5,10,35.5,0.0,0.0,0.0,0.0,0.0,10
2023-05-10 21:35:18,m2312-C-3900,m2312-C-3900,35.5,0.0,0.0,0.0,11,3.0,199.0,1,35.5,0.0,0.0,0.0,0.0,0.0,10
2023-05-10 21:35:18,m2312-C-3900,m2312-C-3900,35.5,0.0,0.0,0.0,11,3.0,198.5,10,35.5,0.0,0.0,0.0,0.0,0.0,10
2023-05-10 21:35:22,m2312-C-3900,m2312-C-3900,35.5,0.0,0.0,0.0,11,3.0,198.0,1,35.5,0.0,0.0,0.0,0.0,0.0,10
2023-05-10 21:35:22,m2312-C-3900,m2312-C-3900,35.5,0.0,0.0,0.0,11,3.0,197.5,10,35.5,0.0,0.0,0.0,0.0,0.0,10
2023-05-10 21:35:27,m2312-C-3900,m2312-C-3900,35.5,0.0,0.0,0.0,11,3.0,197.0,1,35.5,0.0,0.0,0.0,0.0,0.0,10
2023-05-10 21:35:27,m2312-C-3900,m2312-C-3900,35.5,0.0,0.0,0.0,11,3.0,196.5,10,35.5,0.0,0.0,0.0,0.0,0.0,10
2023-05-10 21:35:32,m2312-C-3900,m2312-C-3900,35.5,0.0,0.0,0.0,11,3.0,196.0,1,35.5,0.0,0.0,0.0,0.0,0.0,10
2023-05-10 21:35:32,m2312-C-3900,m2312-C-3900,35.5,0.0,0.0,0.0,11,3.0,195.5,10,35.5,0.0,0.0,0.0,0.0,0.0,10
2023-05-10 21:35:36,m2312-C-3900,m2312-C-3900,35.5,0.0,0.0,0.0,11,3.0,195.0,1,35.5,0.0,0.0,0.0,0.0,0.0,10
2023-05-10 21:35:36,m2312-C-3900,m2312-C-3900,35.5,0.0,0.0,0.0,11,3.0,194.5,10,35.5,0.0,0.0,0.0,0.0,0.0,10
2023-05-10 21:35:40,m2312-C-3900,m2312-C-3900,35.5,0.0,0.0,0.0,11,3.0,194.0,1,35.5,0.0,0.0,0.0,0.0,0.0,10
2023-05-10 21:35:40,m2312-C-3900,m2312-C-3900,35.5,0.0,0.0,0.0,11,3.0,193.5,10,35.5,0.0,0.0,0.0,0.0,0.0,10
2023-05-10 21:35:44,m2312-C-3900,m2312-C-3900,35.5,0.0,0.0,0.0,11,3.0,193.0,1,35.5,0.0,0.0,0.0,0.0,0.0,10
2023-05-10 21:35:44,m2312-C-3900,m2312-C-3900,35.5,0.0,0.0,0.0,11,3.0,192.5,10,35.5,0.0,0.0,0.0,0.0,0.0,10
2023-05-10 22:50:06,m2312-C-3900,m2312-C-3900,35.5,0.0,0.0,0.0,10,3.0,192.5,10,35.5,0.0,0.0,0.0,0.0,0.0,10
2023-05-10 22:57:33,m2312-C-3900,m2312-C-3900,35.5,0.0,0.0,0.0,1,2.5,0.0,0,35.5,0.0,0.0,0.0,0.0,0.0,10
2023-05-10 22:59:16,m2312-C-3900,m2312-C-3900,35.5,0.0,0.0,0.0,10,3.0,0.0,0,35.5,0.0,0.0,0.0,0.0,0.0,10
2023-05-10 22:59:56,m2312-C-3900,m2312-C-3900,35.5,0.0,0.0,0.0,1,2.5,0.0,0,35.5,0.0,0.0,0.0,0.0,0.0,10
2023-05-11 09:00:04,m2312-C-3900,m2312-C-3900,35.5,0.0,0.0,0.0,10,3.0,0.0,0,35.5,0.0,0.0,0.0,0.0,0.0,10
2023-05-11 09:27:20,m2312-C-3900,m2312-C-3900,35.5,0.0,0.0,0.0,10,3.0,241.0,1,35.5,0.0,0.0,0.0,0.0,0.0,10
2023-05-11 09:27:20,m2312-C-3900,m2312-C-3900,35.5,0.0,0.0,0.0,10,3.0,240.5,10,35.5,0.0,0.0,0.0,0.0,0.0,10
2023-05-11 09:27:28,m2312-C-3900,m2312-C-3900,35.5,0.0,0.0,0.0,10,3.0,240.0,1,35.5,0.0,0.0,0.0,0.0,0.0,10
2023-05-11 09:27:29,m2312-C-3900,m2312-C-3900,35.5,0.0,0.0,0.0,10,3.0,239.5,10,35.5,0.0,0.0,0.0,0.0,0.0,10
2023-05-11 09:27:35,m2312-C-3900,m2312-C-3900,35.5,0.0,0.0,0.0,10,3.0,239.0,1,35.5,0.0,0.0,0.0,0.0,0.0,10
2023-05-11 09:27:36,m2312-C-3900,m2312-C-3900,35.5,0.0,0.0,0.0,10,3.0,238.5,10,35.5,0.0,0.0,0.0,0.0,0.0,10
2023-05-11 09:27:41,m2312-C-3900,m2312-C-3900,35.5,0.0,0.0,0.0,10,3.0,238.0,1,35.5,0.0,0.0,0.0,0.0,0.0,10
2023-05-11 09:27:42,m2312-C-3900,m2312-C-3900,35.5,0.0,0.0,0.0,10,3.0,237.5,10,35.5,0.0,0.0,0.0,0.0,0.0,10
2023-05-11 09:27:47,m2312-C-3900,m2312-C-3900,35.5,0.0,0.0,0.0,10,3.0,237.0,1,35.5,0.0,0.0,0.0,0.0,0.0,10
2023-05-11 09:27:47,m2312-C-3900,m2312-C-3900,35.5,0.0,0.0,0.0,10,3.0,236.5,10,35.5,0.0,0.0,0.0,0.0,0.0,10
2023-05-11 09:27:52,m2312-C-3900,m2312-C-3900,35.5,0.0,0.0,0.0,10,3.0,236.0,1,35.5,0.0,0.0,0.0,0.0,0.0,10
2023-05-11 09:27:52,m2312-C-3900,m2312-C-3900,35.5,0.0,0.0,0.0,10,3.0,235.5,10,35.5,0.0,0.0,0.0,0.0,0.0,10
2023-05-11 09:28:04,m2312-C-3900,m2312-C-3900,35.5,0.0,0.0,0.0,10,3.0,235.0,1,35.5,0.0,0.0,0.0,0.0,0.0,10
2023-05-11 09:28:04,m2312-C-3900,m2312-C-3900,35.5,0.0,0.0,0.0,10,3.0,234.5,10,35.5,0.0,0.0,0.0,0.0,0.0,10
2023-05-11 09:28:13,m2312-C-3900,m2312-C-3900,35.5,0.0,0.0,0.0,10,3.0,234.0,1,35.5,0.0,0.0,0.0,0.0,0.0,10
2023-05-11 09:28:14,m2312-C-3900,m2312-C-3900,35.5,0.0,0.0,0.0,10,3.0,233.5,10,35.5,0.0,0.0,0.0,0.0,0.0,10
2023-05-11 09:28:24,m2312-C-3900,m2312-C-3900,35.5,0.0,0.0,0.0,10,3.0,233.0,1,35.5,0.0,0.0,0.0,0.0,0.0,10
2023-05-11 09:28:24,m2312-C-3900,m2312-C-3900,35.5,0.0,0.0,0.0,10,3.0,232.5,10,35.5,0.0,0.0,0.0,0.0,0.0,10
2023-05-11 09:28:33,m2312-C-3900,m2312-C-3900,35.5,0.0,0.0,0.0,10,3.0,232.0,1,35.5,0.0,0.0,0.0,0.0,0.0,10
2023-05-11 09:28:33,m2312-C-3900,m2312-C-3900,35.5,0.0,0.0,0.0,10,3.0,231.5,10,35.5,0.0,0.0,0.0,0.0,0.0,10
2023-05-11 09:28:42,m2312-C-3900,m2312-C-3900,35.5,0.0,0.0,0.0,10,3.0,231.0,1,35.5,0.0,0.0,0.0,0.0,0.0,10
2023-05-11 09:28:42,m2312-C-3900,m2312-C-3900,35.5,0.0,0.0,0.0,10,3.0,230.5,10,35.5,0.0,0.0,0.0,0.0,0.0,10
2023-05-11 09:28:49,m2312-C-3900,m2312-C-3900,35.5,0.0,0.0,0.0,10,3.0,230.0,1,35.5,0.0,0.0,0.0,0.0,0.0,10
2023-05-11 09:28:49,m2312-C-3900,m2312-C-3900,35.5,0.0,0.0,0.0,10,3.0,229.5,10,35.5,0.0,0.0,0.0,0.0,0.0,10
2023-05-11 09:28:56,m2312-C-3900,m2312-C-3900,35.5,0.0,0.0,0.0,10,3.0,229.0,1,35.5,0.0,0.0,0.0,0.0,0.0,10
2023-05-11 09:28:57,m2312-C-3900,m2312-C-3900,35.5,0.0,0.0,0.0,10,3.0,228.5,10,35.5,0.0,0.0,0.0,0.0,0.0,10
2023-05-11 09:29:01,m2312-C-3900,m2312-C-3900,35.5,0.0,0.0,0.0,10,3.0,228.0,1,35.5,0.0,0.0,0.0,0.0,0.0,10
2023-05-11 09:29:01,m2312-C-3900,m2312-C-3900,35.5,0.0,0.0,0.0,10,3.0,227.5,10,35.5,0.0,0.0,0.0,0.0,0.0,10
2023-05-11 09:29:05,m2312-C-3900,m2312-C-3900,35.5,0.0,0.0,0.0,10,3.0,227.0,1,35.5,0.0,0.0,0.0,0.0,0.0,10
2023-05-11 09:29:05,m2312-C-3900,m2312-C-3900,35.5,0.0,0.0,0.0,10,3.0,226.5,10,35.5,0.0,0.0,0.0,0.0,0.0,10
2023-05-11 09:29:12,m2312-C-3900,m2312-C-3900,35.5,0.0,0.0,0.0,10,3.0,226.0,1,35.5,0.0,0.0,0.0,0.0,0.0,10
2023-05-11 09:29:12,m2312-C-3900,m2312-C-3900,35.5,0.0,0.0,0.0,10,3.0,225.5,10,35.5,0.0,0.0,0.0,0.0,0.0,10
2023-05-11 09:29:15,m2312-C-3900,m2312-C-3900,35.5,0.0,0.0,0.0,10,3.0,225.0,1,35.5,0.0,0.0,0.0,0.0,0.0,10
2023-05-11 09:29:16,m2312-C-3900,m2312-C-3900,35.5,0.0,0.0,0.0,10,3.0,224.5,10,35.5,0.0,0.0,0.0,0.0,0.0,10
2023-05-11 09:29:22,m2312-C-3900,m2312-C-3900,35.5,0.0,0.0,0.0,10,3.0,224.0,1,35.5,0.0,0.0,0.0,0.0,0.0,10
2023-05-11 09:29:22,m2312-C-3900,m2312-C-3900,35.5,0.0,0.0,0.0,10,3.0,223.5,10,35.5,0.0,0.0,0.0,0.0,0.0,10
2023-05-11 09:29:27,m2312-C-3900,m2312-C-3900,35.5,0.0,0.0,0.0,10,3.0,223.0,1,35.5,0.0,0.0,0.0,0.0,0.0,10
2023-05-11 09:29:28,m2312-C-3900,m2312-C-3900,35.5,0.0,0.0,0.0,10,3.0,222.5,10,35.5,0.0,0.0,0.0,0.0,0.0,10
2023-05-11 09:29:30,m2312-C-3900,m2312-C-3900,35.5,0.0,0.0,0.0,10,3.0,222.0,1,35.5,0.0,0.0,0.0,0.0,0.0,10
2023-05-11 09:29:30,m2312-C-3900,m2312-C-3900,35.5,0.0,0.0,0.0,10,3.0,221.5,10,35.5,0.0,0.0,0.0,0.0,0.0,10
2023-05-11 09:29:34,m2312-C-3900,m2312-C-3900,35.5,0.0,0.0,0.0,10,3.0,221.0,1,35.5,0.0,0.0,0.0,0.0,0.0,10
2023-05-11 09:29:34,m2312-C-3900,m2312-C-3900,35.5,0.0,0.0,0.0,10,3.0,220.5,10,35.5,0.0,0.0,0.0,0.0,0.0,10
2023-05-11 09:29:40,m2312-C-3900,m2312-C-3900,35.5,0.0,0.0,0.0,10,3.0,220.0,1,35.5,0.0,0.0,0.0,0.0,0.0,10
2023-05-11 09:29:40,m2312-C-3900,m2312-C-3900,35.5,0.0,0.0,0.0,10,3.0,219.5,10,35.5,0.0,0.0,0.0,0.0,0.0,10
2023-05-11 09:29:44,m2312-C-3900,m2312-C-3900,35.5,0.0,0.0,0.0,10,3.0,219.0,1,35.5,0.0,0.0,0.0,0.0,0.0,10
2023-05-11 09:29:44,m2312-C-3900,m2312-C-3900,35.5,0.0,0.0,0.0,10,3.0,218.5,10,35.5,0.0,0.0,0.0,0.0,0.0,10
2023-05-11 09:29:48,m2312-C-3900,m2312-C-3900,35.5,0.0,0.0,0.0,10,3.0,218.0,1,35.5,0.0,0.0,0.0,0.0,0.0,10
2023-05-11 09:29:48,m2312-C-3900,m2312-C-3900,35.5,0.0,0.0,0.0,10,3.0,217.5,10,35.5,0.0,0.0,0.0,0.0,0.0,10
2023-05-11 09:29:53,m2312-C-3900,m2312-C-3900,35.5,0.0,0.0,0.0,10,3.0,217.0,1,35.5,0.0,0.0,0.0,0.0,0.0,10
2023-05-11 09:29:53,m2312-C-3900,m2312-C-3900,35.5,0.0,0.0,0.0,10,3.0,216.5,10,35.5,0.0,0.0,0.0,0.0,0.0,10
2023-05-11 09:29:58,m2312-C-3900,m2312-C-3900,35.5,0.0,0.0,0.0,10,3.0,216.0,1,35.5,0.0,0.0,0.0,0.0,0.0,10
2023-05-11 09:29:58,m2312-C-3900,m2312-C-3900,35.5,0.0,0.0,0.0,10,3.0,215.5,10,35.5,0.0,0.0,0.0,0.0,0.0,10
2023-05-11 09:30:01,m2312-C-3900,m2312-C-3900,35.5,0.0,0.0,0.0,10,3.0,215.0,1,35.5,0.0,0.0,0.0,0.0,0.0,10
2023-05-11 09:30:01,m2312-C-3900,m2312-C-3900,35.5,0.0,0.0,0.0,10,3.0,214.5,10,35.5,0.0,0.0,0.0,0.0,0.0,10
2023-05-11 09:30:03,m2312-C-3900,m2312-C-3900,35.5,0.0,0.0,0.0,10,3.0,214.0,1,35.5,0.0,0.0,0.0,0.0,0.0,10
2023-05-11 09:30:03,m2312-C-3900,m2312-C-3900,35.5,0.0,0.0,0.0,10,3.0,213.5,10,35.5,0.0,0.0,0.0,0.0,0.0,10
2023-05-11 09:30:06,m2312-C-3900,m2312-C-3900,35.5,0.0,0.0,0.0,10,3.0,213.0,1,35.5,0.0,0.0,0.0,0.0,0.0,10
2023-05-11 09:30:06,m2312-C-3900,m2312-C-3900,35.5,0.0,0.0,0.0,10,3.0,212.5,10,35.5,0.0,0.0,0.0,0.0,0.0,10
2023-05-11 09:30:08,m2312-C-3900,m2312-C-3900,35.5,0.0,0.0,0.0,10,3.0,212.0,1,35.5,0.0,0.0,0.0,0.0,0.0,10
2023-05-11 09:30:08,m2312-C-3900,m2312-C-3900,35.5,0.0,0.0,0.0,10,3.0,211.5,10,35.5,0.0,0.0,0.0,0.0,0.0,10
2023-05-11 09:30:11,m2312-C-3900,m2312-C-3900,35.5,0.0,0.0,0.0,10,3.0,211.0,1,35.5,0.0,0.0,0.0,0.0,0.0,10
2023-05-11 09:30:12,m2312-C-3900,m2312-C-3900,35.5,0.0,0.0,0.0,10,3.0,210.5,10,35.5,0.0,0.0,0.0,0.0,0.0,10
2023-05-11 09:30:13,m2312-C-3900,m2312-C-3900,35.5,0.0,0.0,0.0,10,3.0,210.0,1,35.5,0.0,0.0,0.0,0.0,0.0,10
2023-05-11 09:30:14,m2312-C-3900,m2312-C-3900,35.5,0.0,0.0,0.0,10,3.0,209.5,10,35.5,0.0,0.0,0.0,0.0,0.0,10
2023-05-11 09:30:15,m2312-C-3900,m2312-C-3900,35.5,0.0,0.0,0.0,10,3.0,209.0,1,35.5,0.0,0.0,0.0,0.0,0.0,10
2023-05-11 09:30:16,m2312-C-3900,m2312-C-3900,35.5,0.0,0.0,0.0,10,3.0,208.5,10,35.5,0.0,0.0,0.0,0.0,0.0,10
2023-05-11 09:30:18,m2312-C-3900,m2312-C-3900,35.5,0.0,0.0,0.0,10,3.0,208.0,1,35.5,0.0,0.0,0.0,0.0,0.0,10
2023-05-11 09:30:18,m2312-C-3900,m2312-C-3900,35.5,0.0,0.0,0.0,10,3.0,207.5,10,35.5,0.0,0.0,0.0,0.0,0.0,10
2023-05-11 09:30:21,m2312-C-3900,m2312-C-3900,35.5,0.0,0.0,0.0,10,3.0,207.0,1,35.5,0.0,0.0,0.0,0.0,0.0,10
2023-05-11 09:30:21,m2312-C-3900,m2312-C-3900,35.5,0.0,0.0,0.0,10,3.0,206.5,10,35.5,0.0,0.0,0.0,0.0,0.0,10
2023-05-11 09:30:24,m2312-C-3900,m2312-C-3900,35.5,0.0,0.0,0.0,10,3.0,206.0,1,35.5,0.0,0.0,0.0,0.0,0.0,10
2023-05-11 09:30:24,m2312-C-3900,m2312-C-3900,35.5,0.0,0.0,0.0,10,3.0,205.5,10,35.5,0.0,0.0,0.0,0.0,0.0,10
2023-05-11 09:30:27,m2312-C-3900,m2312-C-3900,35.5,0.0,0.0,0.0,10,3.0,205.0,1,35.5,0.0,0.0,0.0,0.0,0.0,10
2023-05-11 09:30:27,m2312-C-3900,m2312-C-3900,35.5,0.0,0.0,0.0,10,3.0,204.5,10,35.5,0.0,0.0,0.0,0.0,0.0,10
2023-05-11 09:30:30,m2312-C-3900,m2312-C-3900,35.5,0.0,0.0,0.0,10,3.0,204.0,1,35.5,0.0,0.0,0.0,0.0,0.0,10
2023-05-11 09:30:30,m2312-C-3900,m2312-C-3900,35.5,0.0,0.0,0.0,10,3.0,203.5,10,35.5,0.0,0.0,0.0,0.0,0.0,10
2023-05-11 09:30:32,m2312-C-3900,m2312-C-3900,35.5,0.0,0.0,0.0,10,3.0,203.0,1,35.5,0.0,0.0,0.0,0.0,0.0,10
2023-05-11 09:30:32,m2312-C-3900,m2312-C-3900,35.5,0.0,0.0,0.0,10,3.0,202.5,10,35.5,0.0,0.0,0.0,0.0,0.0,10
2023-05-11 09:30:34,m2312-C-3900,m2312-C-3900,35.5,0.0,0.0,0.0,10,3.0,202.0,1,35.5,0.0,0.0,0.0,0.0,0.0,10
2023-05-11 09:30:34,m2312-C-3900,m2312-C-3900,35.5,0.0,0.0,0.0,10,3.0,201.5,10,35.5,0.0,0.0,0.0,0.0,0.0,10
2023-05-11 09:30:36,m2312-C-3900,m2312-C-3900,35.5,0.0,0.0,0.0,10,3.0,201.0,1,35.5,0.0,0.0,0.0,0.0,0.0,10
2023-05-11 09:30:37,m2312-C-3900,m2312-C-3900,35.5,0.0,0.0,0.0,10,3.0,200.5,10,35.5,0.0,0.0,0.0,0.0,0.0,10
2023-05-11 09:30:39,m2312-C-3900,m2312-C-3900,35.5,0.0,0.0,0.0,10,3.0,200.0,1,35.5,0.0,0.0,0.0,0.0,0.0,10
2023-05-11 09:30:39,m2312-C-3900,m2312-C-3900,35.5,0.0,0.0,0.0,10,3.0,199.5,10,35.5,0.0,0.0,0.0,0.0,0.0,10
2023-05-11 09:30:43,m2312-C-3900,m2312-C-3900,35.5,0.0,0.0,0.0,10,3.0,199.0,1,35.5,0.0,0.0,0.0,0.0,0.0,10
2023-05-11 09:30:43,m2312-C-3900,m2312-C-3900,35.5,0.0,0.0,0.0,10,3.0,198.5,10,35.5,0.0,0.0,0.0,0.0,0.0,10
2023-05-11 09:30:46,m2312-C-3900,m2312-C-3900,35.5,0.0,0.0,0.0,10,3.0,198.0,1,35.5,0.0,0.0,0.0,0.0,0.0,10
2023-05-11 09:30:47,m2312-C-3900,m2312-C-3900,35.5,0.0,0.0,0.0,10,3.0,197.5,10,35.5,0.0,0.0,0.0,0.0,0.0,10
2023-05-11 09:30:49,m2312-C-3900,m2312-C-3900,35.5,0.0,0.0,0.0,10,3.0,197.0,1,35.5,0.0,0.0,0.0,0.0,0.0,10
2023-05-11 09:30:49,m2312-C-3900,m2312-C-3900,35.5,0.0,0.0,0.0,10,3.0,196.5,10,35.5,0.0,0.0,0.0,0.0,0.0,10
2023-05-11 09:30:51,m2312-C-3900,m2312-C-3900,35.5,0.0,0.0,0.0,10,3.0,196.0,1,35.5,0.0,0.0,0.0,0.0,0.0,10
2023-05-11 09:30:51,m2312-C-3900,m2312-C-3900,35.5,0.0,0.0,0.0,10,3.0,195.5,10,35.5,0.0,0.0,0.0,0.0,0.0,10
2023-05-11 09:30:55,m2312-C-3900,m2312-C-3900,35.5,0.0,0.0,0.0,10,3.0,195.0,1,35.5,0.0,0.0,0.0,0.0,0.0,10
2023-05-11 09:30:55,m2312-C-3900,m2312-C-3900,35.5,0.0,0.0,0.0,10,3.0,194.5,10,35.5,0.0,0.0,0.0,0.0,0.0,10
2023-05-11 09:32:56,m2312-C-3900,m2312-C-3900,35.5,0.0,0.0,0.0,11,3.0,194.5,10,35.5,0.0,0.0,0.0,0.0,0.0,10
2023-05-11 10:14:32,m2312-C-3900,m2312-C-3900,35.5,0.0,0.0,0.0,1,3.0,0.0,0,35.5,0.0,0.0,0.0,0.0,0.0,10
2023-05-11 10:30:07,m2312-C-3900,m2312-C-3900,35.5,0.0,0.0,0.0,10,3.5,0.0,0,35.5,0.0,0.0,0.0,0.0,0.0,10
2023-05-11 10:55:20,m2312-C-3900,m2312-C-3900,35.5,0.0,0.0,0.0,10,3.5,241.0,1,35.5,0.0,0.0,0.0,0.0,0.0,10
2023-05-11 10:55:20,m2312-C-3900,m2312-C-3900,35.5,0.0,0.0,0.0,10,3.5,240.5,10,35.5,0.0,0.0,0.0,0.0,0.0,10
2023-05-11 10:55:27,m2312-C-3900,m2312-C-3900,35.5,0.0,0.0,0.0,10,3.5,240.0,1,35.5,0.0,0.0,0.0,0.0,0.0,10
2023-05-11 10:55:27,m2312-C-3900,m2312-C-3900,35.5,0.0,0.0,0.0,10,3.5,239.5,10,35.5,0.0,0.0,0.0,0.0,0.0,10
2023-05-11 10:55:34,m2312-C-3900,m2312-C-3900,35.5,0.0,0.0,0.0,10,3.5,239.0,1,35.5,0.0,0.0,0.0,0.0,0.0,10
2023-05-11 10:55:34,m2312-C-3900,m2312-C-3900,35.5,0.0,0.0,0.0,10,3.5,238.5,10,35.5,0.0,0.0,0.0,0.0,0.0,10
2023-05-11 10:55:40,m2312-C-3900,m2312-C-3900,35.5,0.0,0.0,0.0,10,3.5,238.0,1,35.5,0.0,0.0,0.0,0.0,0.0,10
2023-05-11 10:55:40,m2312-C-3900,m2312-C-3900,35.5,0.0,0.0,0.0,10,3.5,237.5,10,35.5,0.0,0.0,0.0,0.0,0.0,10
2023-05-11 10:55:44,m2312-C-3900,m2312-C-3900,35.5,0.0,0.0,0.0,10,3.5,237.0,1,35.5,0.0,0.0,0.0,0.0,0.0,10
2023-05-11 10:55:44,m2312-C-3900,m2312-C-3900,35.5,0.0,0.0,0.0,10,3.5,236.5,10,35.5,0.0,0.0,0.0,0.0,0.0,10
2023-05-11 10:55:48,m2312-C-3900,m2312-C-3900,35.5,0.0,0.0,0.0,10,3.5,236.0,1,35.5,0.0,0.0,0.0,0.0,0.0,10
2023-05-11 10:55:49,m2312-C-3900,m2312-C-3900,35.5,0.0,0.0,0.0,10,3.5,235.5,10,35.5,0.0,0.0,0.0,0.0,0.0,10
2023-05-11 10:55:56,m2312-C-3900,m2312-C-3900,35.5,0.0,0.0,0.0,10,3.5,235.0,1,35.5,0.0,0.0,0.0,0.0,0.0,10
2023-05-11 10:55:57,m2312-C-3900,m2312-C-3900,35.5,0.0,0.0,0.0,10,3.5,234.5,10,35.5,0.0,0.0,0.0,0.0,0.0,10
2023-05-11 10:56:01,m2312-C-3900,m2312-C-3900,35.5,0.0,0.0,0.0,10,3.5,234.0,1,35.5,0.0,0.0,0.0,0.0,0.0,10
2023-05-11 10:56:01,m2312-C-3900,m2312-C-3900,35.5,0.0,0.0,0.0,10,3.5,233.5,10,35.5,0.0,0.0,0.0,0.0,0.0,10
2023-05-11 10:56:05,m2312-C-3900,m2312-C-3900,35.5,0.0,0.0,0.0,10,3.5,233.0,1,35.5,0.0,0.0,0.0,0.0,0.0,10
2023-05-11 10:56:05,m2312-C-3900,m2312-C-3900,35.5,0.0,0.0,0.0,10,3.5,232.5,10,35.5,0.0,0.0,0.0,0.0,0.0,10
2023-05-11 10:56:08,m2312-C-3900,m2312-C-3900,35.5,0.0,0.0,0.0,10,3.5,232.0,1,35.5,0.0,0.0,0.0,0.0,0.0,10
2023-05-11 10:56:08,m2312-C-3900,m2312-C-3900,35.5,0.0,0.0,0.0,10,3.5,231.5,10,35.5,0.0,0.0,0.0,0.0,0.0,10
2023-05-11 10:56:12,m2312-C-3900,m2312-C-3900,35.5,0.0,0.0,0.0,10,3.5,231.0,1,35.5,0.0,0.0,0.0,0.0,0.0,10
2023-05-11 10:56:12,m2312-C-3900,m2312-C-3900,35.5,0.0,0.0,0.0,10,3.5,230.5,10,35.5,0.0,0.0,0.0,0.0,0.0,10
2023-05-11 10:56:18,m2312-C-3900,m2312-C-3900,35.5,0.0,0.0,0.0,10,3.5,230.0,1,35.5,0.0,0.0,0.0,0.0,0.0,10
2023-05-11 10:56:18,m2312-C-3900,m2312-C-3900,35.5,0.0,0.0,0.0,10,3.5,229.5,10,35.5,0.0,0.0,0.0,0.0,0.0,10
2023-05-11 10:56:24,m2312-C-3900,m2312-C-3900,35.5,0.0,0.0,0.0,10,3.5,229.0,1,35.5,0.0,0.0,0.0,0.0,0.0,10
2023-05-11 10:56:24,m2312-C-3900,m2312-C-3900,35.5,0.0,0.0,0.0,10,3.5,228.5,10,35.5,0.0,0.0,0.0,0.0,0.0,10
2023-05-11 10:56:28,m2312-C-3900,m2312-C-3900,35.5,0.0,0.0,0.0,10,3.5,228.0,1,35.5,0.0,0.0,0.0,0.0,0.0,10
2023-05-11 10:56:28,m2312-C-3900,m2312-C-3900,35.5,0.0,0.0,0.0,10,3.5,227.5,10,35.5,0.0,0.0,0.0,0.0,0.0,10
2023-05-11 10:56:32,m2312-C-3900,m2312-C-3900,35.5,0.0,0.0,0.0,10,3.5,227.0,1,35.5,0.0,0.0,0.0,0.0,0.0,10
2023-05-11 10:56:32,m2312-C-3900,m2312-C-3900,35.5,0.0,0.0,0.0,10,3.5,226.5,10,35.5,0.0,0.0,0.0,0.0,0.0,10
2023-05-11 10:56:35,m2312-C-3900,m2312-C-3900,35.5,0.0,0.0,0.0,10,3.5,226.0,1,35.5,0.0,0.0,0.0,0.0,0.0,10
2023-05-11 10:56:36,m2312-C-3900,m2312-C-3900,35.5,0.0,0.0,0.0,10,3.5,225.5,10,35.5,0.0,0.0,0.0,0.0,0.0,10
2023-05-11 10:56:38,m2312-C-3900,m2312-C-3900,35.5,0.0,0.0,0.0,10,3.5,225.0,1,35.5,0.0,0.0,0.0,0.0,0.0,10
2023-05-11 10:56:38,m2312-C-3900,m2312-C-3900,35.5,0.0,0.0,0.0,10,3.5,224.5,10,35.5,0.0,0.0,0.0,0.0,0.0,10
2023-05-11 10:56:43,m2312-C-3900,m2312-C-3900,35.5,0.0,0.0,0.0,10,3.5,224.0,1,35.5,0.0,0.0,0.0,0.0,0.0,10
2023-05-11 10:56:43,m2312-C-3900,m2312-C-3900,35.5,0.0,0.0,0.0,10,3.5,223.5,10,35.5,0.0,0.0,0.0,0.0,0.0,10
2023-05-11 10:56:46,m2312-C-3900,m2312-C-3900,35.5,0.0,0.0,0.0,10,3.5,223.0,1,35.5,0.0,0.0,0.0,0.0,0.0,10
2023-05-11 10:56:46,m2312-C-3900,m2312-C-3900,35.5,0.0,0.0,0.0,10,3.5,222.5,10,35.5,0.0,0.0,0.0,0.0,0.0,10
2023-05-11 10:56:50,m2312-C-3900,m2312-C-3900,35.5,0.0,0.0,0.0,10,3.5,222.0,1,35.5,0.0,0.0,0.0,0.0,0.0,10
2023-05-11 10:56:50,m2312-C-3900,m2312-C-3900,35.5,0.0,0.0,0.0,10,3.5,221.5,10,35.5,0.0,0.0,0.0,0.0,0.0,10
2023-05-11 10:56:53,m2312-C-3900,m2312-C-3900,35.5,0.0,0.0,0.0,10,3.5,221.0,1,35.5,0.0,0.0,0.0,0.0,0.0,10
2023-05-11 10:56:53,m2312-C-3900,m2312-C-3900,35.5,0.0,0.0,0.0,10,3.5,220.5,10,35.5,0.0,0.0,0.0,0.0,0.0,10
2023-05-11 10:56:55,m2312-C-3900,m2312-C-3900,35.5,0.0,0.0,0.0,10,3.5,220.0,1,35.5,0.0,0.0,0.0,0.0,0.0,10
2023-05-11 10:56:56,m2312-C-3900,m2312-C-3900,35.5,0.0,0.0,0.0,10,3.5,219.5,10,35.5,0.0,0.0,0.0,0.0,0.0,10
2023-05-11 10:57:00,m2312-C-3900,m2312-C-3900,35.5,0.0,0.0,0.0,10,3.5,219.0,1,35.5,0.0,0.0,0.0,0.0,0.0,10
2023-05-11 10:57:00,m2312-C-3900,m2312-C-3900,35.5,0.0,0.0,0.0,10,3.5,218.5,10,35.5,0.0,0.0,0.0,0.0,0.0,10
2023-05-11 10:57:03,m2312-C-3900,m2312-C-3900,35.5,0.0,0.0,0.0,10,3.5,218.0,1,35.5,0.0,0.0,0.0,0.0,0.0,10
2023-05-11 10:57:03,m2312-C-3900,m2312-C-3900,35.5,0.0,0.0,0.0,10,3.5,217.5,10,35.5,0.0,0.0,0.0,0.0,0.0,10
2023-05-11 10:57:06,m2312-C-3900,m2312-C-3900,35.5,0.0,0.0,0.0,10,3.5,217.0,1,35.5,0.0,0.0,0.0,0.0,0.0,10
2023-05-11 10:57:06,m2312-C-3900,m2312-C-3900,35.5,0.0,0.0,0.0,10,3.5,216.5,10,35.5,0.0,0.0,0.0,0.0,0.0,10
2023-05-11 10:57:09,m2312-C-3900,m2312-C-3900,35.5,0.0,0.0,0.0,10,3.5,216.0,1,35.5,0.0,0.0,0.0,0.0,0.0,10
2023-05-11 10:57:09,m2312-C-3900,m2312-C-3900,35.5,0.0,0.0,0.0,10,3.5,215.5,10,35.5,0.0,0.0,0.0,0.0,0.0,10
2023-05-11 10:57:11,m2312-C-3900,m2312-C-3900,35.5,0.0,0.0,0.0,10,3.5,215.0,1,35.5,0.0,0.0,0.0,0.0,0.0,10
2023-05-11 10:57:11,m2312-C-3900,m2312-C-3900,35.5,0.0,0.0,0.0,10,3.5,214.5,10,35.5,0.0,0.0,0.0,0.0,0.0,10
2023-05-11 10:57:14,m2312-C-3900,m2312-C-3900,35.5,0.0,0.0,0.0,10,3.5,214.0,1,35.5,0.0,0.0,0.0,0.0,0.0,10
2023-05-11 10:57:15,m2312-C-3900,m2312-C-3900,35.5,0.0,0.0,0.0,10,3.5,213.5,10,35.5,0.0,0.0,0.0,0.0,0.0,10
2023-05-11 10:57:17,m2312-C-3900,m2312-C-3900,35.5,0.0,0.0,0.0,10,3.5,213.0,1,35.5,0.0,0.0,0.0,0.0,0.0,10
2023-05-11 10:57:18,m2312-C-3900,m2312-C-3900,35.5,0.0,0.0,0.0,10,3.5,212.5,10,35.5,0.0,0.0,0.0,0.0,0.0,10
2023-05-11 10:57:21,m2312-C-3900,m2312-C-3900,35.5,0.0,0.0,0.0,10,3.5,212.0,1,35.5,0.0,0.0,0.0,0.0,0.0,10
2023-05-11 10:57:21,m2312-C-3900,m2312-C-3900,35.5,0.0,0.0,0.0,10,3.5,211.5,10,35.5,0.0,0.0,0.0,0.0,0.0,10
2023-05-11 10:57:25,m2312-C-3900,m2312-C-3900,35.5,0.0,0.0,0.0,10,3.5,211.0,1,35.5,0.0,0.0,0.0,0.0,0.0,10
2023-05-11 10:57:25,m2312-C-3900,m2312-C-3900,35.5,0.0,0.0,0.0,10,3.5,210.5,10,35.5,0.0,0.0,0.0,0.0,0.0,10
2023-05-11 10:57:29,m2312-C-3900,m2312-C-3900,35.5,0.0,0.0,0.0,10,3.5,210.0,1,35.5,0.0,0.0,0.0,0.0,0.0,10
2023-05-11 10:57:29,m2312-C-3900,m2312-C-3900,35.5,0.0,0.0,0.0,10,3.5,209.5,10,35.5,0.0,0.0,0.0,0.0,0.0,10
2023-05-11 10:57:33,m2312-C-3900,m2312-C-3900,35.5,0.0,0.0,0.0,10,3.5,209.0,1,35.5,0.0,0.0,0.0,0.0,0.0,10
2023-05-11 10:57:33,m2312-C-3900,m2312-C-3900,35.5,0.0,0.0,0.0,10,3.5,208.5,10,35.5,0.0,0.0,0.0,0.0,0.0,10
2023-05-11 10:57:36,m2312-C-3900,m2312-C-3900,35.5,0.0,0.0,0.0,10,3.5,208.0,1,35.5,0.0,0.0,0.0,0.0,0.0,10
2023-05-11 10:57:36,m2312-C-3900,m2312-C-3900,35.5,0.0,0.0,0.0,10,3.5,207.5,10,35.5,0.0,0.0,0.0,0.0,0.0,10
2023-05-11 10:57:38,m2312-C-3900,m2312-C-3900,35.5,0.0,0.0,0.0,10,3.5,207.0,1,35.5,0.0,0.0,0.0,0.0,0.0,10
2023-05-11 10:57:39,m2312-C-3900,m2312-C-3900,35.5,0.0,0.0,0.0,10,3.5,206.5,10,35.5,0.0,0.0,0.0,0.0,0.0,10
2023-05-11 10:57:41,m2312-C-3900,m2312-C-3900,35.5,0.0,0.0,0.0,10,3.5,206.0,1,35.5,0.0,0.0,0.0,0.0,0.0,10
2023-05-11 10:57:42,m2312-C-3900,m2312-C-3900,35.5,0.0,0.0,0.0,10,3.5,205.5,10,35.5,0.0,0.0,0.0,0.0,0.0,10
2023-05-11 10:57:44,m2312-C-3900,m2312-C-3900,35.5,0.0,0.0,0.0,10,3.5,205.0,1,35.5,0.0,0.0,0.0,0.0,0.0,10
2023-05-11 10:57:44,m2312-C-3900,m2312-C-3900,35.5,0.0,0.0,0.0,10,3.5,204.5,10,35.5,0.0,0.0,0.0,0.0,0.0,10
2023-05-11 10:57:47,m2312-C-3900,m2312-C-3900,35.5,0.0,0.0,0.0,10,3.5,204.0,1,35.5,0.0,0.0,0.0,0.0,0.0,10
2023-05-11 10:57:47,m2312-C-3900,m2312-C-3900,35.5,0.0,0.0,0.0,10,3.5,203.5,10,35.5,0.0,0.0,0.0,0.0,0.0,10
2023-05-11 10:57:50,m2312-C-3900,m2312-C-3900,35.5,0.0,0.0,0.0,10,3.5,203.0,1,35.5,0.0,0.0,0.0,0.0,0.0,10
2023-05-11 10:57:51,m2312-C-3900,m2312-C-3900,35.5,0.0,0.0,0.0,10,3.5,202.5,10,35.5,0.0,0.0,0.0,0.0,0.0,10
2023-05-11 10:57:53,m2312-C-3900,m2312-C-3900,35.5,0.0,0.0,0.0,10,3.5,202.0,1,35.5,0.0,0.0,0.0,0.0,0.0,10
2023-05-11 10:57:54,m2312-C-3900,m2312-C-3900,35.5,0.0,0.0,0.0,10,3.5,201.5,10,35.5,0.0,0.0,0.0,0.0,0.0,10
2023-05-11 10:57:59,m2312-C-3900,m2312-C-3900,35.5,0.0,0.0,0.0,10,3.5,201.0,1,35.5,0.0,0.0,0.0,0.0,0.0,10
2023-05-11 10:57:59,m2312-C-3900,m2312-C-3900,35.5,0.0,0.0,0.0,10,3.5,200.5,10,35.5,0.0,0.0,0.0,0.0,0.0,10
2023-05-11 10:58:01,m2312-C-3900,m2312-C-3900,35.5,0.0,0.0,0.0,10,3.5,200.0,1,35.5,0.0,0.0,0.0,0.0,0.0,10
2023-05-11 10:58:01,m2312-C-3900,m2312-C-3900,35.5,0.0,0.0,0.0,10,3.5,199.5,10,35.5,0.0,0.0,0.0,0.0,0.0,10
2023-05-11 10:58:04,m2312-C-3900,m2312-C-3900,35.5,0.0,0.0,0.0,10,3.5,199.0,1,35.5,0.0,0.0,0.0,0.0,0.0,10
2023-05-11 10:58:04,m2312-C-3900,m2312-C-3900,35.5,0.0,0.0,0.0,10,3.5,198.5,10,35.5,0.0,0.0,0.0,0.0,0.0,10
2023-05-11 10:58:08,m2312-C-3900,m2312-C-3900,35.5,0.0,0.0,0.0,10,3.5,198.0,1,35.5,0.0,0.0,0.0,0.0,0.0,10
2023-05-11 10:58:08,m2312-C-3900,m2312-C-3900,35.5,0.0,0.0,0.0,10,3.5,197.5,10,35.5,0.0,0.0,0.0,0.0,0.0,10
2023-05-11 10:58:11,m2312-C-3900,m2312-C-3900,35.5,0.0,0.0,0.0,10,3.5,197.0,1,35.5,0.0,0.0,0.0,0.0,0.0,10
2023-05-11 10:58:11,m2312-C-3900,m2312-C-3900,35.5,0.0,0.0,0.0,10,3.5,196.5,10,35.5,0.0,0.0,0.0,0.0,0.0,10
2023-05-11 10:58:14,m2312-C-3900,m2312-C-3900,35.5,0.0,0.0,0.0,10,3.5,196.0,1,35.5,0.0,0.0,0.0,0.0,0.0,10
2023-05-11 10:58:14,m2312-C-3900,m2312-C-3900,35.5,0.0,0.0,0.0,10,3.5,195.5,10,35.5,0.0,0.0,0.0,0.0,0.0,10
2023-05-11 10:58:17,m2312-C-3900,m2312-C-3900,35.5,0.0,0.0,0.0,10,3.5,195.0,1,35.5,0.0,0.0,0.0,0.0,0.0,10
2023-05-11 10:58:17,m2312-C-3900,m2312-C-3900,35.5,0.0,0.0,0.0,10,3.5,194.5,10,35.5,0.0,0.0,0.0,0.0,0.0,10
2023-05-11 10:58:20,m2312-C-3900,m2312-C-3900,35.5,0.0,0.0,0.0,10,3.5,194.0,1,35.5,0.0,0.0,0.0,0.0,0.0,10
2023-05-11 10:58:20,m2312-C-3900,m2312-C-3900,35.5,0.0,0.0,0.0,10,3.5,193.5,10,35.5,0.0,0.0,0.0,0.0,0.0,10
2023-05-11 10:58:24,m2312-C-3900,m2312-C-3900,35.5,0.0,0.0,0.0,10,3.5,193.0,1,35.5,0.0,0.0,0.0,0.0,0.0,10
2023-05-11 10:58:24,m2312-C-3900,m2312-C-3900,35.5,0.0,0.0,0.0,10,3.5,192.5,10,35.5,0.0,0.0,0.0,0.0,0.0,10
2023-05-11 11:29:33,m2312-C-3900,m2312-C-3900,35.5,0.0,0.0,0.0,1,3.0,0.0,0,35.5,0.0,0.0,0.0,0.0,0.0,10
2023-05-11 13:30:02,m2312-C-3900,m2312-C-3900,35.5,0.0,0.0,0.0,10,3.5,0.0,0,35.5,0.0,0.0,0.0,0.0,0.0,10
2023-05-11 13:53:43,m2312-C-3900,m2312-C-3900,35.5,0.0,0.0,0.0,10,3.5,238.0,10,35.5,0.0,0.0,0.0,0.0,0.0,10
2023-05-11 13:53:57,m2312-C-3900,m2312-C-3900,35.5,0.0,0.0,0.0,10,3.5,237.5,1,35.5,0.0,0.0,0.0,0.0,0.0,10
2023-05-11 13:53:57,m2312-C-3900,m2312-C-3900,35.5,0.0,0.0,0.0,10,3.5,237.0,10,35.5,0.0,0.0,0.0,0.0,0.0,10
2023-05-11 13:54:03,m2312-C-3900,m2312-C-3900,35.5,0.0,0.0,0.0,10,3.5,236.5,1,35.5,0.0,0.0,0.0,0.0,0.0,10
2023-05-11 13:54:03,m2312-C-3900,m2312-C-3900,35.5,0.0,0.0,0.0,10,3.5,236.0,10,35.5,0.0,0.0,0.0,0.0,0.0,10
2023-05-11 13:54:06,m2312-C-3900,m2312-C-3900,35.5,0.0,0.0,0.0,10,3.5,235.5,1,35.5,0.0,0.0,0.0,0.0,0.0,10
2023-05-11 13:54:06,m2312-C-3900,m2312-C-3900,35.5,0.0,0.0,0.0,10,3.5,235.0,10,35.5,0.0,0.0,0.0,0.0,0.0,10
2023-05-11 13:54:24,m2312-C-3900,m2312-C-3900,35.5,0.0,0.0,0.0,10,3.5,234.5,1,35.5,0.0,0.0,0.0,0.0,0.0,10
2023-05-11 13:54:25,m2312-C-3900,m2312-C-3900,35.5,0.0,0.0,0.0,10,3.5,234.0,10,35.5,0.0,0.0,0.0,0.0,0.0,10
2023-05-11 13:54:36,m2312-C-3900,m2312-C-3900,35.5,0.0,0.0,0.0,10,3.5,233.5,1,35.5,0.0,0.0,0.0,0.0,0.0,10
2023-05-11 13:54:36,m2312-C-3900,m2312-C-3900,35.5,0.0,0.0,0.0,10,3.5,233.0,10,35.5,0.0,0.0,0.0,0.0,0.0,10
2023-05-11 13:54:53,m2312-C-3900,m2312-C-3900,35.5,0.0,0.0,0.0,10,3.5,232.5,1,35.5,0.0,0.0,0.0,0.0,0.0,10
2023-05-11 13:54:53,m2312-C-3900,m2312-C-3900,35.5,0.0,0.0,0.0,10,3.5,232.0,10,35.5,0.0,0.0,0.0,0.0,0.0,10
2023-05-11 13:55:11,m2312-C-3900,m2312-C-3900,35.5,0.0,0.0,0.0,10,3.5,231.5,1,35.5,0.0,0.0,0.0,0.0,0.0,10
2023-05-11 13:55:12,m2312-C-3900,m2312-C-3900,35.5,0.0,0.0,0.0,10,3.5,231.0,10,35.5,0.0,0.0,0.0,0.0,0.0,10
2023-05-11 13:55:22,m2312-C-3900,m2312-C-3900,35.5,0.0,0.0,0.0,10,3.5,230.5,1,35.5,0.0,0.0,0.0,0.0,0.0,10
2023-05-11 13:55:22,m2312-C-3900,m2312-C-3900,35.5,0.0,0.0,0.0,10,3.5,230.0,10,35.5,0.0,0.0,0.0,0.0,0.0,10
2023-05-11 13:55:26,m2312-C-3900,m2312-C-3900,35.5,0.0,0.0,0.0,10,3.5,229.5,1,35.5,0.0,0.0,0.0,0.0,0.0,10
2023-05-11 13:55:27,m2312-C-3900,m2312-C-3900,35.5,0.0,0.0,0.0,10,3.5,229.0,10,35.5,0.0,0.0,0.0,0.0,0.0,10
2023-05-11 13:55:32,m2312-C-3900,m2312-C-3900,35.5,0.0,0.0,0.0,10,3.5,228.5,1,35.5,0.0,0.0,0.0,0.0,0.0,10
2023-05-11 13:55:32,m2312-C-3900,m2312-C-3900,35.5,0.0,0.0,0.0,10,3.5,228.0,10,35.5,0.0,0.0,0.0,0.0,0.0,10
2023-05-11 13:55:37,m2312-C-3900,m2312-C-3900,35.5,0.0,0.0,0.0,10,3.5,227.5,1,35.5,0.0,0.0,0.0,0.0,0.0,10
2023-05-11 13:55:37,m2312-C-3900,m2312-C-3900,35.5,0.0,0.0,0.0,10,3.5,227.0,10,35.5,0.0,0.0,0.0,0.0,0.0,10
2023-05-11 13:55:43,m2312-C-3900,m2312-C-3900,35.5,0.0,0.0,0.0,10,3.5,226.5,1,35.5,0.0,0.0,0.0,0.0,0.0,10
2023-05-11 13:55:44,m2312-C-3900,m2312-C-3900,35.5,0.0,0.0,0.0,10,3.5,226.0,10,35.5,0.0,0.0,0.0,0.0,0.0,10
2023-05-11 13:55:48,m2312-C-3900,m2312-C-3900,35.5,0.0,0.0,0.0,10,3.5,225.5,1,35.5,0.0,0.0,0.0,0.0,0.0,10
2023-05-11 13:55:49,m2312-C-3900,m2312-C-3900,35.5,0.0,0.0,0.0,10,3.5,225.0,10,35.5,0.0,0.0,0.0,0.0,0.0,10
2023-05-11 13:55:54,m2312-C-3900,m2312-C-3900,35.5,0.0,0.0,0.0,10,3.5,224.5,1,35.5,0.0,0.0,0.0,0.0,0.0,10
2023-05-11 13:55:55,m2312-C-3900,m2312-C-3900,35.5,0.0,0.0,0.0,10,3.5,224.0,10,35.5,0.0,0.0,0.0,0.0,0.0,10
2023-05-11 13:55:59,m2312-C-3900,m2312-C-3900,35.5,0.0,0.0,0.0,10,3.5,223.5,1,35.5,0.0,0.0,0.0,0.0,0.0,10
2023-05-11 13:56:00,m2312-C-3900,m2312-C-3900,35.5,0.0,0.0,0.0,10,3.5,223.0,10,35.5,0.0,0.0,0.0,0.0,0.0,10
2023-05-11 13:56:08,m2312-C-3900,m2312-C-3900,35.5,0.0,0.0,0.0,10,3.5,222.0,10,35.5,0.0,0.0,0.0,0.0,0.0,10
2023-05-11 13:56:15,m2312-C-3900,m2312-C-3900,35.5,0.0,0.0,0.0,10,3.5,221.5,1,35.5,0.0,0.0,0.0,0.0,0.0,10
2023-05-11 13:56:15,m2312-C-3900,m2312-C-3900,35.5,0.0,0.0,0.0,10,3.5,221.0,10,35.5,0.0,0.0,0.0,0.0,0.0,10
2023-05-11 13:56:22,m2312-C-3900,m2312-C-3900,35.5,0.0,0.0,0.0,10,3.5,220.5,1,35.5,0.0,0.0,0.0,0.0,0.0,10
2023-05-11 13:56:22,m2312-C-3900,m2312-C-3900,35.5,0.0,0.0,0.0,10,3.5,220.0,10,35.5,0.0,0.0,0.0,0.0,0.0,10
2023-05-11 13:56:29,m2312-C-3900,m2312-C-3900,35.5,0.0,0.0,0.0,10,3.5,219.5,1,35.5,0.0,0.0,0.0,0.0,0.0,10
2023-05-11 13:56:29,m2312-C-3900,m2312-C-3900,35.5,0.0,0.0,0.0,10,3.5,219.0,10,35.5,0.0,0.0,0.0,0.0,0.0,10
2023-05-11 13:56:35,m2312-C-3900,m2312-C-3900,35.5,0.0,0.0,0.0,10,3.5,218.5,1,35.5,0.0,0.0,0.0,0.0,0.0,10
2023-05-11 13:56:36,m2312-C-3900,m2312-C-3900,35.5,0.0,0.0,0.0,10,3.5,218.0,10,35.5,0.0,0.0,0.0,0.0,0.0,10
2023-05-11 13:56:42,m2312-C-3900,m2312-C-3900,35.5,0.0,0.0,0.0,10,3.5,217.5,1,35.5,0.0,0.0,0.0,0.0,0.0,10
2023-05-11 13:56:42,m2312-C-3900,m2312-C-3900,35.5,0.0,0.0,0.0,10,3.5,217.0,10,35.5,0.0,0.0,0.0,0.0,0.0,10
2023-05-11 13:56:50,m2312-C-3900,m2312-C-3900,35.5,0.0,0.0,0.0,10,3.5,216.5,1,35.5,0.0,0.0,0.0,0.0,0.0,10
2023-05-11 13:56:50,m2312-C-3900,m2312-C-3900,35.5,0.0,0.0,0.0,10,3.5,216.0,10,35.5,0.0,0.0,0.0,0.0,0.0,10
2023-05-11 13:56:57,m2312-C-3900,m2312-C-3900,35.5,0.0,0.0,0.0,10,3.5,215.5,1,35.5,0.0,0.0,0.0,0.0,0.0,10
2023-05-11 13:56:57,m2312-C-3900,m2312-C-3900,35.5,0.0,0.0,0.0,10,3.5,215.0,10,35.5,0.0,0.0,0.0,0.0,0.0,10
2023-05-11 13:57:02,m2312-C-3900,m2312-C-3900,35.5,0.0,0.0,0.0,10,3.5,214.5,1,35.5,0.0,0.0,0.0,0.0,0.0,10
2023-05-11 13:57:03,m2312-C-3900,m2312-C-3900,35.5,0.0,0.0,0.0,10,3.5,214.0,10,35.5,0.0,0.0,0.0,0.0,0.0,10
2023-05-11 13:57:07,m2312-C-3900,m2312-C-3900,35.5,0.0,0.0,0.0,10,3.5,213.5,1,35.5,0.0,0.0,0.0,0.0,0.0,10
2023-05-11 13:57:07,m2312-C-3900,m2312-C-3900,35.5,0.0,0.0,0.0,10,3.5,213.0,10,35.5,0.0,0.0,0.0,0.0,0.0,10
2023-05-11 13:57:12,m2312-C-3900,m2312-C-3900,35.5,0.0,0.0,0.0,10,3.5,212.5,1,35.5,0.0,0.0,0.0,0.0,0.0,10
2023-05-11 13:57:12,m2312-C-3900,m2312-C-3900,35.5,0.0,0.0,0.0,10,3.5,212.0,10,35.5,0.0,0.0,0.0,0.0,0.0,10
2023-05-11 13:57:19,m2312-C-3900,m2312-C-3900,35.5,0.0,0.0,0.0,10,3.5,211.5,1,35.5,0.0,0.0,0.0,0.0,0.0,10
2023-05-11 13:57:19,m2312-C-3900,m2312-C-3900,35.5,0.0,0.0,0.0,10,3.5,211.0,10,35.5,0.0,0.0,0.0,0.0,0.0,10
2023-05-11 13:57:22,m2312-C-3900,m2312-C-3900,35.5,0.0,0.0,0.0,10,3.5,210.5,1,35.5,0.0,0.0,0.0,0.0,0.0,10
2023-05-11 13:57:23,m2312-C-3900,m2312-C-3900,35.5,0.0,0.0,0.0,10,3.5,210.0,10,35.5,0.0,0.0,0.0,0.0,0.0,10
2023-05-11 13:57:26,m2312-C-3900,m2312-C-3900,35.5,0.0,0.0,0.0,10,3.5,209.5,1,35.5,0.0,0.0,0.0,0.0,0.0,10
2023-05-11 13:57:27,m2312-C-3900,m2312-C-3900,35.5,0.0,0.0,0.0,10,3.5,209.0,10,35.5,0.0,0.0,0.0,0.0,0.0,10
2023-05-11 13:57:30,m2312-C-3900,m2312-C-3900,35.5,0.0,0.0,0.0,10,3.5,208.5,1,35.5,0.0,0.0,0.0,0.0,0.0,10
2023-05-11 13:57:31,m2312-C-3900,m2312-C-3900,35.5,0.0,0.0,0.0,10,3.5,208.0,10,35.5,0.0,0.0,0.0,0.0,0.0,10
2023-05-11 13:57:35,m2312-C-3900,m2312-C-3900,35.5,0.0,0.0,0.0,10,3.5,207.5,1,35.5,0.0,0.0,0.0,0.0,0.0,10
2023-05-11 13:57:35,m2312-C-3900,m2312-C-3900,35.5,0.0,0.0,0.0,10,3.5,207.0,10,35.5,0.0,0.0,0.0,0.0,0.0,10
2023-05-11 13:57:40,m2312-C-3900,m2312-C-3900,35.5,0.0,0.0,0.0,10,3.5,206.5,1,35.5,0.0,0.0,0.0,0.0,0.0,10
2023-05-11 13:57:40,m2312-C-3900,m2312-C-3900,35.5,0.0,0.0,0.0,10,3.5,206.0,10,35.5,0.0,0.0,0.0,0.0,0.0,10
2023-05-11 13:57:44,m2312-C-3900,m2312-C-3900,35.5,0.0,0.0,0.0,10,3.5,205.0,10,35.5,0.0,0.0,0.0,0.0,0.0,10
2023-05-11 13:57:50,m2312-C-3900,m2312-C-3900,35.5,0.0,0.0,0.0,10,3.5,204.5,1,35.5,0.0,0.0,0.0,0.0,0.0,10
2023-05-11 13:57:50,m2312-C-3900,m2312-C-3900,35.5,0.0,0.0,0.0,10,3.5,204.0,10,35.5,0.0,0.0,0.0,0.0,0.0,10
2023-05-11 13:57:55,m2312-C-3900,m2312-C-3900,35.5,0.0,0.0,0.0,10,3.5,203.5,1,35.5,0.0,0.0,0.0,0.0,0.0,10
2023-05-11 13:57:55,m2312-C-3900,m2312-C-3900,35.5,0.0,0.0,0.0,10,3.5,203.0,10,35.5,0.0,0.0,0.0,0.0,0.0,10
2023-05-11 13:57:58,m2312-C-3900,m2312-C-3900,35.5,0.0,0.0,0.0,10,3.5,202.5,1,35.5,0.0,0.0,0.0,0.0,0.0,10
2023-05-11 13:57:58,m2312-C-3900,m2312-C-3900,35.5,0.0,0.0,0.0,10,3.5,202.0,10,35.5,0.0,0.0,0.0,0.0,0.0,10
2023-05-11 13:58:06,m2312-C-3900,m2312-C-3900,35.5,0.0,0.0,0.0,10,3.5,201.5,1,35.5,0.0,0.0,0.0,0.0,0.0,10
2023-05-11 13:58:07,m2312-C-3900,m2312-C-3900,35.5,0.0,0.0,0.0,10,3.5,201.0,10,35.5,0.0,0.0,0.0,0.0,0.0,10
2023-05-11 13:58:12,m2312-C-3900,m2312-C-3900,35.5,0.0,0.0,0.0,10,3.5,200.5,1,35.5,0.0,0.0,0.0,0.0,0.0,10
2023-05-11 13:58:12,m2312-C-3900,m2312-C-3900,35.5,0.0,0.0,0.0,10,3.5,200.0,10,35.5,0.0,0.0,0.0,0.0,0.0,10
2023-05-11 13:58:17,m2312-C-3900,m2312-C-3900,35.5,0.0,0.0,0.0,10,3.5,199.5,1,35.5,0.0,0.0,0.0,0.0,0.0,10
2023-05-11 13:58:17,m2312-C-3900,m2312-C-3900,35.5,0.0,0.0,0.0,10,3.5,199.0,10,35.5,0.0,0.0,0.0,0.0,0.0,10
2023-05-11 13:58:22,m2312-C-3900,m2312-C-3900,35.5,0.0,0.0,0.0,10,3.5,198.5,1,35.5,0.0,0.0,0.0,0.0,0.0,10
2023-05-11 13:58:22,m2312-C-3900,m2312-C-3900,35.5,0.0,0.0,0.0,10,3.5,198.0,10,35.5,0.0,0.0,0.0,0.0,0.0,10
2023-05-11 13:58:25,m2312-C-3900,m2312-C-3900,35.5,0.0,0.0,0.0,10,3.5,197.5,1,35.5,0.0,0.0,0.0,0.0,0.0,10
2023-05-11 13:58:25,m2312-C-3900,m2312-C-3900,35.5,0.0,0.0,0.0,10,3.5,197.0,10,35.5,0.0,0.0,0.0,0.0,0.0,10
2023-05-11 13:58:29,m2312-C-3900,m2312-C-3900,35.5,0.0,0.0,0.0,10,3.5,196.5,1,35.5,0.0,0.0,0.0,0.0,0.0,10
2023-05-11 13:58:29,m2312-C-3900,m2312-C-3900,35.5,0.0,0.0,0.0,10,3.5,196.0,10,35.5,0.0,0.0,0.0,0.0,0.0,10
2023-05-11 13:58:40,m2312-C-3900,m2312-C-3900,35.5,0.0,0.0,0.0,10,3.5,195.5,1,35.5,0.0,0.0,0.0,0.0,0.0,10
2023-05-11 13:58:40,m2312-C-3900,m2312-C-3900,35.5,0.0,0.0,0.0,10,3.5,195.0,10,35.5,0.0,0.0,0.0,0.0,0.0,10
2023-05-11 13:58:44,m2312-C-3900,m2312-C-3900,35.5,0.0,0.0,0.0,10,3.5,194.5,1,35.5,0.0,0.0,0.0,0.0,0.0,10
2023-05-11 13:58:45,m2312-C-3900,m2312-C-3900,35.5,0.0,0.0,0.0,10,3.5,194.0,10,35.5,0.0,0.0,0.0,0.0,0.0,10
2023-05-11 13:58:49,m2312-C-3900,m2312-C-3900,35.5,0.0,0.0,0.0,10,3.5,193.5,1,35.5,0.0,0.0,0.0,0.0,0.0,10
2023-05-11 13:58:49,m2312-C-3900,m2312-C-3900,35.5,0.0,0.0,0.0,10,3.5,193.0,10,35.5,0.0,0.0,0.0,0.0,0.0,10
2023-05-11 13:58:53,m2312-C-3900,m2312-C-3900,35.5,0.0,0.0,0.0,10,3.5,192.5,1,35.5,0.0,0.0,0.0,0.0,0.0,10
2023-05-11 13:58:53,m2312-C-3900,m2312-C-3900,35.5,0.0,0.0,0.0,10,3.5,192.0,10,35.5,0.0,0.0,0.0,0.0,0.0,10
2023-05-11 13:58:59,m2312-C-3900,m2312-C-3900,35.5,0.0,0.0,0.0,10,3.5,191.5,1,35.5,0.0,0.0,0.0,0.0,0.0,10
2023-05-11 13:58:59,m2312-C-3900,m2312-C-3900,35.5,0.0,0.0,0.0,10,3.5,191.0,10,35.5,0.0,0.0,0.0,0.0,0.0,10
2023-05-11 13:59:02,m2312-C-3900,m2312-C-3900,35.5,0.0,0.0,0.0,10,3.5,190.5,1,35.5,0.0,0.0,0.0,0.0,0.0,10
2023-05-11 13:59:02,m2312-C-3900,m2312-C-3900,35.5,0.0,0.0,0.0,10,3.5,190.0,10,35.5,0.0,0.0,0.0,0.0,0.0,10
2023-05-11 14:38:46,m2312-C-3900,m2312-C-3900,35.5,0.0,0.0,0.0,5,28.0,34.0,5,35.5,0.0,0.0,0.0,0.0,0.0,10
2023-05-11 14:38:52,m2312-C-3900,m2312-C-3900,35.5,0.0,0.0,0.0,10,28.0,34.0,10,35.5,0.0,0.0,0.0,0.0,0.0,10
2023-05-11 14:38:54,m2312-C-3900,m2312-C-3900,35.5,0.0,0.0,0.0,15,28.0,34.0,15,35.5,0.0,0.0,0.0,0.0,0.0,10
2023-05-11 14:38:55,m2312-C-3900,m2312-C-3900,35.5,0.0,0.0,0.0,20,28.0,34.0,20,35.5,0.0,0.0,0.0,0.0,0.0,10
2023-05-11 14:38:58,m2312-C-3900,m2312-C-3900,35.5,0.0,0.0,0.0,15,28.0,28.5,5,35.5,0.0,0.0,0.0,0.0,0.0,10
2023-05-11 14:38:58,m2312-C-3900,m2312-C-3900,35.5,0.0,0.0,0.0,10,28.0,28.5,5,35.5,0.0,0.0,0.0,0.0,0.0,10
2023-05-11 14:39:03,m2312-C-3900,m2312-C-3900,35.5,0.0,0.0,0.0,10,28.0,28.5,10,35.5,0.0,0.0,0.0,0.0,0.0,10
2023-05-11 14:39:06,m2312-C-3900,m2312-C-3900,35.5,0.0,0.0,0.0,5,28.0,28.5,10,35.5,0.0,0.0,0.0,0.0,0.0,10
2023-05-11 14:39:09,m2312-C-3900,m2312-C-3900,35.5,0.0,0.0,0.0,5,28.0,28.5,5,35.5,0.0,0.0,0.0,0.0,0.0,10
2023-05-11 14:39:14,m2312-C-3900,m2312-C-3900,35.5,0.0,0.0,0.0,1,3.0,0.0,0,35.5,0.0,0.0,0.0,0.0,0.0,10
2023-05-11 14:39:14,m2312-C-3900,m2312-C-3900,35.5,0.0,0.0,0.0,10,3.5,0.0,0,35.5,0.0,0.0,0.0,0.0,0.0,10
2023-05-11 14:39:15,m2312-C-3900,m2312-C-3900,35.5,0.0,0.0,0.0,1,6.5,0.0,0,35.5,0.0,0.0,0.0,0.0,0.0,10
2023-05-11 14:39:15,m2312-C-3900,m2312-C-3900,35.5,0.0,0.0,0.0,10,7.0,0.0,0,35.5,0.0,0.0,0.0,0.0,0.0,10
2023-05-11 14:39:18,m2312-C-3900,m2312-C-3900,35.5,0.0,0.0,0.0,1,7.5,0.0,0,35.5,0.0,0.0,0.0,0.0,0.0,10
2023-05-11 14:39:18,m2312-C-3900,m2312-C-3900,35.5,0.0,0.0,0.0,10,8.0,0.0,0,35.5,0.0,0.0,0.0,0.0,0.0,10
2023-05-11 14:59:02,m2312-C-3900,m2312-C-3900,35.5,0.0,0.0,0.0,1,3.0,0.0,0,35.5,0.0,0.0,0.0,0.0,0.0,10
2023-05-11 14:59:05,m2312-C-3900,m2312-C-3900,35.5,0.0,0.0,0.0,10,3.5,0.0,0,35.5,0.0,0.0,0.0,0.0,0.0,10
2023-05-11 14:59:10,m2312-C-3900,m2312-C-3900,35.5,0.0,0.0,0.0,1,3.0,0.0,0,35.5,0.0,0.0,0.0,0.0,0.0,10
2023-05-11 15:01:10,m2312-C-3900,m2312-C-3900,35.5,0.0,0.0,0.0,1,3.0,0.0,0,35.5,0.0,0.0,0.0,0.0,0.0,10
