time,symbol_id,symbol_name,last,trade_volume,trade_amount,open_interest_change,bv1,bp1,ap1,av1,yesterday_close,today_open,today_high,today_low,volume,amount,open_interest
2023-05-10 20:56:09,m2311-P-3350,m2311-P-3350,96.0,0.0,0.0,0.0,1,0.5,0.0,0,96.0,0.0,0.0,0.0,0.0,0.0,40
2023-05-10 21:00:07,m2311-P-3350,m2311-P-3350,96.0,0.0,0.0,0.0,10,1.0,0.0,0,96.0,0.0,0.0,0.0,0.0,0.0,40
2023-05-10 21:00:41,m2311-P-3350,m2311-P-3350,96.0,0.0,0.0,0.0,1,2.0,0.0,0,96.0,0.0,0.0,0.0,0.0,0.0,40
2023-05-10 21:00:41,m2311-P-3350,m2311-P-3350,96.0,0.0,0.0,0.0,10,2.5,0.0,0,96.0,0.0,0.0,0.0,0.0,0.0,40
2023-05-10 21:01:45,m2311-P-3350,m2311-P-3350,96.0,0.0,0.0,0.0,1,3.0,0.0,0,96.0,0.0,0.0,0.0,0.0,0.0,40
2023-05-10 21:01:45,m2311-P-3350,m2311-P-3350,96.0,0.0,0.0,0.0,10,3.5,0.0,0,96.0,0.0,0.0,0.0,0.0,0.0,40
2023-05-10 21:03:25,m2311-P-3350,m2311-P-3350,96.0,0.0,0.0,0.0,2,4.0,0.0,0,96.0,0.0,0.0,0.0,0.0,0.0,40
2023-05-10 21:03:25,m2311-P-3350,m2311-P-3350,96.0,0.0,0.0,0.0,10,4.5,0.0,0,96.0,0.0,0.0,0.0,0.0,0.0,40
2023-05-10 21:05:03,m2311-P-3350,m2311-P-3350,96.0,0.0,0.0,0.0,2,5.0,0.0,0,96.0,0.0,0.0,0.0,0.0,0.0,40
2023-05-10 21:05:03,m2311-P-3350,m2311-P-3350,96.0,0.0,0.0,0.0,10,5.5,0.0,0,96.0,0.0,0.0,0.0,0.0,0.0,40
2023-05-10 21:05:14,m2311-P-3350,m2311-P-3350,96.0,0.0,0.0,0.0,2,6.0,0.0,0,96.0,0.0,0.0,0.0,0.0,0.0,40
2023-05-10 21:05:14,m2311-P-3350,m2311-P-3350,96.0,0.0,0.0,0.0,10,6.5,0.0,0,96.0,0.0,0.0,0.0,0.0,0.0,40
2023-05-10 21:05:25,m2311-P-3350,m2311-P-3350,96.0,0.0,0.0,0.0,2,7.0,0.0,0,96.0,0.0,0.0,0.0,0.0,0.0,40
2023-05-10 21:05:25,m2311-P-3350,m2311-P-3350,96.0,0.0,0.0,0.0,10,7.5,0.0,0,96.0,0.0,0.0,0.0,0.0,0.0,40
2023-05-10 21:05:30,m2311-P-3350,m2311-P-3350,96.0,0.0,0.0,0.0,2,8.0,0.0,0,96.0,0.0,0.0,0.0,0.0,0.0,40
2023-05-10 21:05:30,m2311-P-3350,m2311-P-3350,96.0,0.0,0.0,0.0,10,8.5,0.0,0,96.0,0.0,0.0,0.0,0.0,0.0,40
2023-05-10 21:05:32,m2311-P-3350,m2311-P-3350,96.0,0.0,0.0,0.0,2,9.0,0.0,0,96.0,0.0,0.0,0.0,0.0,0.0,40
2023-05-10 21:05:32,m2311-P-3350,m2311-P-3350,96.0,0.0,0.0,0.0,10,9.5,0.0,0,96.0,0.0,0.0,0.0,0.0,0.0,40
2023-05-10 21:05:37,m2311-P-3350,m2311-P-3350,96.0,0.0,0.0,0.0,2,10.0,0.0,0,96.0,0.0,0.0,0.0,0.0,0.0,40
2023-05-10 21:05:37,m2311-P-3350,m2311-P-3350,96.0,0.0,0.0,0.0,10,10.5,0.0,0,96.0,0.0,0.0,0.0,0.0,0.0,40
2023-05-10 21:05:39,m2311-P-3350,m2311-P-3350,96.0,0.0,0.0,0.0,2,11.0,0.0,0,96.0,0.0,0.0,0.0,0.0,0.0,40
2023-05-10 21:05:39,m2311-P-3350,m2311-P-3350,96.0,0.0,0.0,0.0,10,11.5,0.0,0,96.0,0.0,0.0,0.0,0.0,0.0,40
2023-05-10 21:05:42,m2311-P-3350,m2311-P-3350,96.0,0.0,0.0,0.0,2,12.0,0.0,0,96.0,0.0,0.0,0.0,0.0,0.0,40
2023-05-10 21:05:42,m2311-P-3350,m2311-P-3350,96.0,0.0,0.0,0.0,10,12.5,0.0,0,96.0,0.0,0.0,0.0,0.0,0.0,40
2023-05-10 21:05:44,m2311-P-3350,m2311-P-3350,96.0,0.0,0.0,0.0,2,13.0,0.0,0,96.0,0.0,0.0,0.0,0.0,0.0,40
2023-05-10 21:05:44,m2311-P-3350,m2311-P-3350,96.0,0.0,0.0,0.0,10,13.5,0.0,0,96.0,0.0,0.0,0.0,0.0,0.0,40
2023-05-10 21:05:45,m2311-P-3350,m2311-P-3350,96.0,0.0,0.0,0.0,2,14.0,0.0,0,96.0,0.0,0.0,0.0,0.0,0.0,40
2023-05-10 21:05:45,m2311-P-3350,m2311-P-3350,96.0,0.0,0.0,0.0,10,14.5,0.0,0,96.0,0.0,0.0,0.0,0.0,0.0,40
2023-05-10 21:05:47,m2311-P-3350,m2311-P-3350,96.0,0.0,0.0,0.0,2,15.0,0.0,0,96.0,0.0,0.0,0.0,0.0,0.0,40
2023-05-10 21:05:47,m2311-P-3350,m2311-P-3350,96.0,0.0,0.0,0.0,10,15.5,0.0,0,96.0,0.0,0.0,0.0,0.0,0.0,40
2023-05-10 21:05:48,m2311-P-3350,m2311-P-3350,96.0,0.0,0.0,0.0,2,16.0,0.0,0,96.0,0.0,0.0,0.0,0.0,0.0,40
2023-05-10 21:05:48,m2311-P-3350,m2311-P-3350,96.0,0.0,0.0,0.0,10,16.5,0.0,0,96.0,0.0,0.0,0.0,0.0,0.0,40
2023-05-10 21:05:50,m2311-P-3350,m2311-P-3350,96.0,0.0,0.0,0.0,2,17.0,0.0,0,96.0,0.0,0.0,0.0,0.0,0.0,40
2023-05-10 21:05:50,m2311-P-3350,m2311-P-3350,96.0,0.0,0.0,0.0,10,17.5,0.0,0,96.0,0.0,0.0,0.0,0.0,0.0,40
2023-05-10 21:05:51,m2311-P-3350,m2311-P-3350,96.0,0.0,0.0,0.0,2,18.0,0.0,0,96.0,0.0,0.0,0.0,0.0,0.0,40
2023-05-10 21:05:51,m2311-P-3350,m2311-P-3350,96.0,0.0,0.0,0.0,10,18.5,0.0,0,96.0,0.0,0.0,0.0,0.0,0.0,40
2023-05-10 21:05:53,m2311-P-3350,m2311-P-3350,96.0,0.0,0.0,0.0,2,19.0,0.0,0,96.0,0.0,0.0,0.0,0.0,0.0,40
2023-05-10 21:05:53,m2311-P-3350,m2311-P-3350,96.0,0.0,0.0,0.0,10,19.5,0.0,0,96.0,0.0,0.0,0.0,0.0,0.0,40
2023-05-10 21:05:54,m2311-P-3350,m2311-P-3350,96.0,0.0,0.0,0.0,2,20.0,0.0,0,96.0,0.0,0.0,0.0,0.0,0.0,40
2023-05-10 21:05:54,m2311-P-3350,m2311-P-3350,96.0,0.0,0.0,0.0,10,20.5,0.0,0,96.0,0.0,0.0,0.0,0.0,0.0,40
2023-05-10 21:05:55,m2311-P-3350,m2311-P-3350,96.0,0.0,0.0,0.0,2,21.0,0.0,0,96.0,0.0,0.0,0.0,0.0,0.0,40
2023-05-10 21:05:55,m2311-P-3350,m2311-P-3350,96.0,0.0,0.0,0.0,10,21.5,0.0,0,96.0,0.0,0.0,0.0,0.0,0.0,40
2023-05-10 21:05:56,m2311-P-3350,m2311-P-3350,96.0,0.0,0.0,0.0,2,22.0,0.0,0,96.0,0.0,0.0,0.0,0.0,0.0,40
2023-05-10 21:05:56,m2311-P-3350,m2311-P-3350,96.0,0.0,0.0,0.0,10,22.5,0.0,0,96.0,0.0,0.0,0.0,0.0,0.0,40
2023-05-10 21:05:57,m2311-P-3350,m2311-P-3350,96.0,0.0,0.0,0.0,2,23.0,0.0,0,96.0,0.0,0.0,0.0,0.0,0.0,40
2023-05-10 21:05:57,m2311-P-3350,m2311-P-3350,96.0,0.0,0.0,0.0,10,23.5,0.0,0,96.0,0.0,0.0,0.0,0.0,0.0,40
2023-05-10 21:05:58,m2311-P-3350,m2311-P-3350,96.0,0.0,0.0,0.0,2,24.0,0.0,0,96.0,0.0,0.0,0.0,0.0,0.0,40
2023-05-10 21:05:58,m2311-P-3350,m2311-P-3350,96.0,0.0,0.0,0.0,10,24.5,0.0,0,96.0,0.0,0.0,0.0,0.0,0.0,40
2023-05-10 21:06:00,m2311-P-3350,m2311-P-3350,96.0,0.0,0.0,0.0,2,25.0,0.0,0,96.0,0.0,0.0,0.0,0.0,0.0,40
2023-05-10 21:06:00,m2311-P-3350,m2311-P-3350,96.0,0.0,0.0,0.0,10,25.5,0.0,0,96.0,0.0,0.0,0.0,0.0,0.0,40
2023-05-10 21:06:01,m2311-P-3350,m2311-P-3350,96.0,0.0,0.0,0.0,2,26.0,0.0,0,96.0,0.0,0.0,0.0,0.0,0.0,40
2023-05-10 21:06:01,m2311-P-3350,m2311-P-3350,96.0,0.0,0.0,0.0,10,26.5,0.0,0,96.0,0.0,0.0,0.0,0.0,0.0,40
2023-05-10 21:06:02,m2311-P-3350,m2311-P-3350,96.0,0.0,0.0,0.0,2,27.0,0.0,0,96.0,0.0,0.0,0.0,0.0,0.0,40
2023-05-10 21:06:02,m2311-P-3350,m2311-P-3350,96.0,0.0,0.0,0.0,10,27.5,0.0,0,96.0,0.0,0.0,0.0,0.0,0.0,40
2023-05-10 21:06:03,m2311-P-3350,m2311-P-3350,96.0,0.0,0.0,0.0,2,28.0,0.0,0,96.0,0.0,0.0,0.0,0.0,0.0,40
2023-05-10 21:06:03,m2311-P-3350,m2311-P-3350,96.0,0.0,0.0,0.0,10,28.5,0.0,0,96.0,0.0,0.0,0.0,0.0,0.0,40
2023-05-10 21:06:05,m2311-P-3350,m2311-P-3350,96.0,0.0,0.0,0.0,2,29.0,0.0,0,96.0,0.0,0.0,0.0,0.0,0.0,40
2023-05-10 21:06:05,m2311-P-3350,m2311-P-3350,96.0,0.0,0.0,0.0,10,29.5,0.0,0,96.0,0.0,0.0,0.0,0.0,0.0,40
2023-05-10 21:06:06,m2311-P-3350,m2311-P-3350,96.0,0.0,0.0,0.0,2,30.0,0.0,0,96.0,0.0,0.0,0.0,0.0,0.0,40
2023-05-10 21:06:06,m2311-P-3350,m2311-P-3350,96.0,0.0,0.0,0.0,10,30.5,0.0,0,96.0,0.0,0.0,0.0,0.0,0.0,40
2023-05-10 21:06:07,m2311-P-3350,m2311-P-3350,96.0,0.0,0.0,0.0,2,31.0,0.0,0,96.0,0.0,0.0,0.0,0.0,0.0,40
2023-05-10 21:06:07,m2311-P-3350,m2311-P-3350,96.0,0.0,0.0,0.0,10,31.5,0.0,0,96.0,0.0,0.0,0.0,0.0,0.0,40
2023-05-10 21:06:09,m2311-P-3350,m2311-P-3350,96.0,0.0,0.0,0.0,2,32.0,0.0,0,96.0,0.0,0.0,0.0,0.0,0.0,40
2023-05-10 21:06:09,m2311-P-3350,m2311-P-3350,96.0,0.0,0.0,0.0,10,32.5,0.0,0,96.0,0.0,0.0,0.0,0.0,0.0,40
2023-05-10 21:06:10,m2311-P-3350,m2311-P-3350,96.0,0.0,0.0,0.0,2,33.0,0.0,0,96.0,0.0,0.0,0.0,0.0,0.0,40
2023-05-10 21:06:10,m2311-P-3350,m2311-P-3350,96.0,0.0,0.0,0.0,10,33.5,0.0,0,96.0,0.0,0.0,0.0,0.0,0.0,40
2023-05-10 21:06:11,m2311-P-3350,m2311-P-3350,96.0,0.0,0.0,0.0,2,34.0,0.0,0,96.0,0.0,0.0,0.0,0.0,0.0,40
2023-05-10 21:06:11,m2311-P-3350,m2311-P-3350,96.0,0.0,0.0,0.0,10,34.5,0.0,0,96.0,0.0,0.0,0.0,0.0,0.0,40
2023-05-10 21:06:12,m2311-P-3350,m2311-P-3350,96.0,0.0,0.0,0.0,2,35.0,0.0,0,96.0,0.0,0.0,0.0,0.0,0.0,40
2023-05-10 21:06:12,m2311-P-3350,m2311-P-3350,96.0,0.0,0.0,0.0,10,35.5,0.0,0,96.0,0.0,0.0,0.0,0.0,0.0,40
2023-05-10 21:06:13,m2311-P-3350,m2311-P-3350,96.0,0.0,0.0,0.0,2,36.0,0.0,0,96.0,0.0,0.0,0.0,0.0,0.0,40
2023-05-10 21:06:13,m2311-P-3350,m2311-P-3350,96.0,0.0,0.0,0.0,10,36.5,0.0,0,96.0,0.0,0.0,0.0,0.0,0.0,40
2023-05-10 21:06:14,m2311-P-3350,m2311-P-3350,96.0,0.0,0.0,0.0,2,37.0,0.0,0,96.0,0.0,0.0,0.0,0.0,0.0,40
2023-05-10 21:06:14,m2311-P-3350,m2311-P-3350,96.0,0.0,0.0,0.0,10,37.5,0.0,0,96.0,0.0,0.0,0.0,0.0,0.0,40
2023-05-10 21:06:15,m2311-P-3350,m2311-P-3350,96.0,0.0,0.0,0.0,2,38.0,0.0,0,96.0,0.0,0.0,0.0,0.0,0.0,40
2023-05-10 21:06:15,m2311-P-3350,m2311-P-3350,96.0,0.0,0.0,0.0,10,38.5,0.0,0,96.0,0.0,0.0,0.0,0.0,0.0,40
2023-05-10 21:42:32,m2311-P-3350,m2311-P-3350,96.0,0.0,0.0,0.0,1,39.0,0.0,0,96.0,0.0,0.0,0.0,0.0,0.0,40
2023-05-10 21:42:32,m2311-P-3350,m2311-P-3350,96.0,0.0,0.0,0.0,10,39.5,0.0,0,96.0,0.0,0.0,0.0,0.0,0.0,40
2023-05-10 22:19:21,m2311-P-3350,m2311-P-3350,96.0,0.0,0.0,0.0,1,40.0,0.0,0,96.0,0.0,0.0,0.0,0.0,0.0,40
2023-05-10 22:19:21,m2311-P-3350,m2311-P-3350,96.0,0.0,0.0,0.0,10,40.5,0.0,0,96.0,0.0,0.0,0.0,0.0,0.0,40
2023-05-10 22:49:54,m2311-P-3350,m2311-P-3350,96.0,0.0,0.0,0.0,1,41.0,0.0,0,96.0,0.0,0.0,0.0,0.0,0.0,40
2023-05-10 22:49:54,m2311-P-3350,m2311-P-3350,96.0,0.0,0.0,0.0,10,41.5,0.0,0,96.0,0.0,0.0,0.0,0.0,0.0,40
2023-05-10 22:57:33,m2311-P-3350,m2311-P-3350,96.0,0.0,0.0,0.0,1,41.0,0.0,0,96.0,0.0,0.0,0.0,0.0,0.0,40
2023-05-10 22:57:47,m2311-P-3350,m2311-P-3350,96.0,0.0,0.0,0.0,1,2.5,0.0,0,96.0,0.0,0.0,0.0,0.0,0.0,40
2023-05-10 22:59:16,m2311-P-3350,m2311-P-3350,96.0,0.0,0.0,0.0,10,3.0,0.0,0,96.0,0.0,0.0,0.0,0.0,0.0,40
2023-05-10 22:59:56,m2311-P-3350,m2311-P-3350,96.0,0.0,0.0,0.0,1,2.5,0.0,0,96.0,0.0,0.0,0.0,0.0,0.0,40
2023-05-11 09:00:04,m2311-P-3350,m2311-P-3350,96.0,0.0,0.0,0.0,10,3.0,0.0,0,96.0,0.0,0.0,0.0,0.0,0.0,40
2023-05-11 09:00:35,m2311-P-3350,m2311-P-3350,96.0,0.0,0.0,0.0,1,6.5,0.0,0,96.0,0.0,0.0,0.0,0.0,0.0,40
2023-05-11 09:00:35,m2311-P-3350,m2311-P-3350,96.0,0.0,0.0,0.0,10,7.0,0.0,0,96.0,0.0,0.0,0.0,0.0,0.0,40
2023-05-11 09:00:48,m2311-P-3350,m2311-P-3350,96.0,0.0,0.0,0.0,1,7.5,0.0,0,96.0,0.0,0.0,0.0,0.0,0.0,40
2023-05-11 09:00:48,m2311-P-3350,m2311-P-3350,96.0,0.0,0.0,0.0,10,8.0,0.0,0,96.0,0.0,0.0,0.0,0.0,0.0,40
2023-05-11 09:01:34,m2311-P-3350,m2311-P-3350,96.0,0.0,0.0,0.0,2,8.5,0.0,0,96.0,0.0,0.0,0.0,0.0,0.0,40
2023-05-11 09:01:34,m2311-P-3350,m2311-P-3350,96.0,0.0,0.0,0.0,10,9.0,0.0,0,96.0,0.0,0.0,0.0,0.0,0.0,40
2023-05-11 09:04:54,m2311-P-3350,m2311-P-3350,96.0,0.0,0.0,0.0,2,9.5,0.0,0,96.0,0.0,0.0,0.0,0.0,0.0,40
2023-05-11 09:04:54,m2311-P-3350,m2311-P-3350,96.0,0.0,0.0,0.0,10,10.0,0.0,0,96.0,0.0,0.0,0.0,0.0,0.0,40
2023-05-11 09:05:01,m2311-P-3350,m2311-P-3350,96.0,0.0,0.0,0.0,2,10.5,0.0,0,96.0,0.0,0.0,0.0,0.0,0.0,40
2023-05-11 09:05:01,m2311-P-3350,m2311-P-3350,96.0,0.0,0.0,0.0,10,11.0,0.0,0,96.0,0.0,0.0,0.0,0.0,0.0,40
2023-05-11 09:05:04,m2311-P-3350,m2311-P-3350,96.0,0.0,0.0,0.0,2,11.5,0.0,0,96.0,0.0,0.0,0.0,0.0,0.0,40
2023-05-11 09:05:05,m2311-P-3350,m2311-P-3350,96.0,0.0,0.0,0.0,10,12.0,0.0,0,96.0,0.0,0.0,0.0,0.0,0.0,40
2023-05-11 09:05:07,m2311-P-3350,m2311-P-3350,96.0,0.0,0.0,0.0,2,12.5,0.0,0,96.0,0.0,0.0,0.0,0.0,0.0,40
2023-05-11 09:05:07,m2311-P-3350,m2311-P-3350,96.0,0.0,0.0,0.0,10,13.0,0.0,0,96.0,0.0,0.0,0.0,0.0,0.0,40
2023-05-11 09:05:09,m2311-P-3350,m2311-P-3350,96.0,0.0,0.0,0.0,2,13.5,0.0,0,96.0,0.0,0.0,0.0,0.0,0.0,40
2023-05-11 09:05:09,m2311-P-3350,m2311-P-3350,96.0,0.0,0.0,0.0,10,14.0,0.0,0,96.0,0.0,0.0,0.0,0.0,0.0,40
2023-05-11 09:05:11,m2311-P-3350,m2311-P-3350,96.0,0.0,0.0,0.0,2,14.5,0.0,0,96.0,0.0,0.0,0.0,0.0,0.0,40
2023-05-11 09:05:11,m2311-P-3350,m2311-P-3350,96.0,0.0,0.0,0.0,10,15.0,0.0,0,96.0,0.0,0.0,0.0,0.0,0.0,40
2023-05-11 09:05:13,m2311-P-3350,m2311-P-3350,96.0,0.0,0.0,0.0,2,15.5,0.0,0,96.0,0.0,0.0,0.0,0.0,0.0,40
2023-05-11 09:05:13,m2311-P-3350,m2311-P-3350,96.0,0.0,0.0,0.0,10,16.0,0.0,0,96.0,0.0,0.0,0.0,0.0,0.0,40
2023-05-11 09:05:16,m2311-P-3350,m2311-P-3350,96.0,0.0,0.0,0.0,2,16.5,0.0,0,96.0,0.0,0.0,0.0,0.0,0.0,40
2023-05-11 09:05:16,m2311-P-3350,m2311-P-3350,96.0,0.0,0.0,0.0,10,17.0,0.0,0,96.0,0.0,0.0,0.0,0.0,0.0,40
2023-05-11 09:05:18,m2311-P-3350,m2311-P-3350,96.0,0.0,0.0,0.0,2,17.5,0.0,0,96.0,0.0,0.0,0.0,0.0,0.0,40
2023-05-11 09:05:18,m2311-P-3350,m2311-P-3350,96.0,0.0,0.0,0.0,10,18.0,0.0,0,96.0,0.0,0.0,0.0,0.0,0.0,40
2023-05-11 09:05:20,m2311-P-3350,m2311-P-3350,96.0,0.0,0.0,0.0,2,18.5,0.0,0,96.0,0.0,0.0,0.0,0.0,0.0,40
2023-05-11 09:05:20,m2311-P-3350,m2311-P-3350,96.0,0.0,0.0,0.0,10,19.0,0.0,0,96.0,0.0,0.0,0.0,0.0,0.0,40
2023-05-11 09:05:22,m2311-P-3350,m2311-P-3350,96.0,0.0,0.0,0.0,2,19.5,0.0,0,96.0,0.0,0.0,0.0,0.0,0.0,40
2023-05-11 09:05:22,m2311-P-3350,m2311-P-3350,96.0,0.0,0.0,0.0,10,20.0,0.0,0,96.0,0.0,0.0,0.0,0.0,0.0,40
2023-05-11 09:05:24,m2311-P-3350,m2311-P-3350,96.0,0.0,0.0,0.0,2,20.5,0.0,0,96.0,0.0,0.0,0.0,0.0,0.0,40
2023-05-11 09:05:24,m2311-P-3350,m2311-P-3350,96.0,0.0,0.0,0.0,10,21.0,0.0,0,96.0,0.0,0.0,0.0,0.0,0.0,40
2023-05-11 09:05:25,m2311-P-3350,m2311-P-3350,96.0,0.0,0.0,0.0,2,21.5,0.0,0,96.0,0.0,0.0,0.0,0.0,0.0,40
2023-05-11 09:05:25,m2311-P-3350,m2311-P-3350,96.0,0.0,0.0,0.0,10,22.0,0.0,0,96.0,0.0,0.0,0.0,0.0,0.0,40
2023-05-11 09:05:27,m2311-P-3350,m2311-P-3350,96.0,0.0,0.0,0.0,10,23.0,0.0,0,96.0,0.0,0.0,0.0,0.0,0.0,40
2023-05-11 09:05:28,m2311-P-3350,m2311-P-3350,96.0,0.0,0.0,0.0,2,23.5,0.0,0,96.0,0.0,0.0,0.0,0.0,0.0,40
2023-05-11 09:05:28,m2311-P-3350,m2311-P-3350,96.0,0.0,0.0,0.0,10,24.0,0.0,0,96.0,0.0,0.0,0.0,0.0,0.0,40
2023-05-11 09:05:30,m2311-P-3350,m2311-P-3350,96.0,0.0,0.0,0.0,2,24.5,0.0,0,96.0,0.0,0.0,0.0,0.0,0.0,40
2023-05-11 09:05:30,m2311-P-3350,m2311-P-3350,96.0,0.0,0.0,0.0,10,25.0,0.0,0,96.0,0.0,0.0,0.0,0.0,0.0,40
2023-05-11 09:05:31,m2311-P-3350,m2311-P-3350,96.0,0.0,0.0,0.0,2,25.5,0.0,0,96.0,0.0,0.0,0.0,0.0,0.0,40
2023-05-11 09:05:31,m2311-P-3350,m2311-P-3350,96.0,0.0,0.0,0.0,10,26.0,0.0,0,96.0,0.0,0.0,0.0,0.0,0.0,40
2023-05-11 09:05:33,m2311-P-3350,m2311-P-3350,96.0,0.0,0.0,0.0,2,26.5,0.0,0,96.0,0.0,0.0,0.0,0.0,0.0,40
2023-05-11 09:05:33,m2311-P-3350,m2311-P-3350,96.0,0.0,0.0,0.0,10,27.0,0.0,0,96.0,0.0,0.0,0.0,0.0,0.0,40
2023-05-11 09:05:34,m2311-P-3350,m2311-P-3350,96.0,0.0,0.0,0.0,2,27.5,0.0,0,96.0,0.0,0.0,0.0,0.0,0.0,40
2023-05-11 09:05:34,m2311-P-3350,m2311-P-3350,96.0,0.0,0.0,0.0,10,28.0,0.0,0,96.0,0.0,0.0,0.0,0.0,0.0,40
2023-05-11 09:05:36,m2311-P-3350,m2311-P-3350,96.0,0.0,0.0,0.0,2,28.5,0.0,0,96.0,0.0,0.0,0.0,0.0,0.0,40
2023-05-11 09:05:36,m2311-P-3350,m2311-P-3350,96.0,0.0,0.0,0.0,10,29.0,0.0,0,96.0,0.0,0.0,0.0,0.0,0.0,40
2023-05-11 09:05:37,m2311-P-3350,m2311-P-3350,96.0,0.0,0.0,0.0,2,29.5,0.0,0,96.0,0.0,0.0,0.0,0.0,0.0,40
2023-05-11 09:05:37,m2311-P-3350,m2311-P-3350,96.0,0.0,0.0,0.0,10,30.0,0.0,0,96.0,0.0,0.0,0.0,0.0,0.0,40
2023-05-11 09:05:38,m2311-P-3350,m2311-P-3350,96.0,0.0,0.0,0.0,2,30.5,0.0,0,96.0,0.0,0.0,0.0,0.0,0.0,40
2023-05-11 09:05:38,m2311-P-3350,m2311-P-3350,96.0,0.0,0.0,0.0,10,31.0,0.0,0,96.0,0.0,0.0,0.0,0.0,0.0,40
2023-05-11 09:05:40,m2311-P-3350,m2311-P-3350,96.0,0.0,0.0,0.0,2,31.5,0.0,0,96.0,0.0,0.0,0.0,0.0,0.0,40
2023-05-11 09:05:40,m2311-P-3350,m2311-P-3350,96.0,0.0,0.0,0.0,10,32.0,0.0,0,96.0,0.0,0.0,0.0,0.0,0.0,40
2023-05-11 09:05:41,m2311-P-3350,m2311-P-3350,96.0,0.0,0.0,0.0,2,32.5,0.0,0,96.0,0.0,0.0,0.0,0.0,0.0,40
2023-05-11 09:05:41,m2311-P-3350,m2311-P-3350,96.0,0.0,0.0,0.0,10,33.0,0.0,0,96.0,0.0,0.0,0.0,0.0,0.0,40
2023-05-11 09:05:42,m2311-P-3350,m2311-P-3350,96.0,0.0,0.0,0.0,2,33.5,0.0,0,96.0,0.0,0.0,0.0,0.0,0.0,40
2023-05-11 09:05:42,m2311-P-3350,m2311-P-3350,96.0,0.0,0.0,0.0,10,34.0,0.0,0,96.0,0.0,0.0,0.0,0.0,0.0,40
2023-05-11 09:05:44,m2311-P-3350,m2311-P-3350,96.0,0.0,0.0,0.0,2,34.5,0.0,0,96.0,0.0,0.0,0.0,0.0,0.0,40
2023-05-11 09:05:44,m2311-P-3350,m2311-P-3350,96.0,0.0,0.0,0.0,10,35.0,0.0,0,96.0,0.0,0.0,0.0,0.0,0.0,40
2023-05-11 09:05:45,m2311-P-3350,m2311-P-3350,96.0,0.0,0.0,0.0,2,35.5,0.0,0,96.0,0.0,0.0,0.0,0.0,0.0,40
2023-05-11 09:05:45,m2311-P-3350,m2311-P-3350,96.0,0.0,0.0,0.0,10,36.0,0.0,0,96.0,0.0,0.0,0.0,0.0,0.0,40
2023-05-11 09:05:46,m2311-P-3350,m2311-P-3350,96.0,0.0,0.0,0.0,2,36.5,0.0,0,96.0,0.0,0.0,0.0,0.0,0.0,40
2023-05-11 09:05:46,m2311-P-3350,m2311-P-3350,96.0,0.0,0.0,0.0,10,37.0,0.0,0,96.0,0.0,0.0,0.0,0.0,0.0,40
2023-05-11 09:05:47,m2311-P-3350,m2311-P-3350,96.0,0.0,0.0,0.0,2,37.5,0.0,0,96.0,0.0,0.0,0.0,0.0,0.0,40
2023-05-11 09:05:47,m2311-P-3350,m2311-P-3350,96.0,0.0,0.0,0.0,10,38.0,0.0,0,96.0,0.0,0.0,0.0,0.0,0.0,40
2023-05-11 09:05:48,m2311-P-3350,m2311-P-3350,96.0,0.0,0.0,0.0,2,38.5,0.0,0,96.0,0.0,0.0,0.0,0.0,0.0,40
2023-05-11 09:05:48,m2311-P-3350,m2311-P-3350,96.0,0.0,0.0,0.0,10,39.0,0.0,0,96.0,0.0,0.0,0.0,0.0,0.0,40
2023-05-11 09:05:49,m2311-P-3350,m2311-P-3350,96.0,0.0,0.0,0.0,2,39.5,0.0,0,96.0,0.0,0.0,0.0,0.0,0.0,40
2023-05-11 09:05:49,m2311-P-3350,m2311-P-3350,96.0,0.0,0.0,0.0,10,40.0,0.0,0,96.0,0.0,0.0,0.0,0.0,0.0,40
2023-05-11 09:05:50,m2311-P-3350,m2311-P-3350,96.0,0.0,0.0,0.0,2,40.5,0.0,0,96.0,0.0,0.0,0.0,0.0,0.0,40
2023-05-11 09:05:50,m2311-P-3350,m2311-P-3350,96.0,0.0,0.0,0.0,10,41.0,0.0,0,96.0,0.0,0.0,0.0,0.0,0.0,40
2023-05-11 09:46:25,m2311-P-3350,m2311-P-3350,96.0,0.0,0.0,0.0,1,41.5,0.0,0,96.0,0.0,0.0,0.0,0.0,0.0,40
2023-05-11 09:46:25,m2311-P-3350,m2311-P-3350,96.0,0.0,0.0,0.0,10,42.0,0.0,0,96.0,0.0,0.0,0.0,0.0,0.0,40
2023-05-11 10:14:32,m2311-P-3350,m2311-P-3350,96.0,0.0,0.0,0.0,1,41.5,0.0,0,96.0,0.0,0.0,0.0,0.0,0.0,40
2023-05-11 10:30:07,m2311-P-3350,m2311-P-3350,96.0,0.0,0.0,0.0,10,42.0,0.0,0,96.0,0.0,0.0,0.0,0.0,0.0,40
2023-05-11 11:29:33,m2311-P-3350,m2311-P-3350,96.0,0.0,0.0,0.0,1,6.5,0.0,0,96.0,0.0,0.0,0.0,0.0,0.0,40
2023-05-11 13:30:02,m2311-P-3350,m2311-P-3350,96.0,0.0,0.0,0.0,10,7.0,0.0,0,96.0,0.0,0.0,0.0,0.0,0.0,40
2023-05-11 13:31:03,m2311-P-3350,m2311-P-3350,96.0,0.0,0.0,0.0,1,7.5,0.0,0,96.0,0.0,0.0,0.0,0.0,0.0,40
2023-05-11 13:31:03,m2311-P-3350,m2311-P-3350,96.0,0.0,0.0,0.0,10,8.0,0.0,0,96.0,0.0,0.0,0.0,0.0,0.0,40
2023-05-11 14:12:56,m2311-P-3350,m2311-P-3350,96.0,0.0,0.0,0.0,1,8.5,0.0,0,96.0,0.0,0.0,0.0,0.0,0.0,40
2023-05-11 14:12:56,m2311-P-3350,m2311-P-3350,96.0,0.0,0.0,0.0,12,9.0,0.0,0,96.0,0.0,0.0,0.0,0.0,0.0,40
2023-05-11 14:38:16,m2311-P-3350,m2311-P-3350,96.0,0.0,0.0,0.0,5,84.0,94.0,5,96.0,0.0,0.0,0.0,0.0,0.0,40
2023-05-11 14:38:17,m2311-P-3350,m2311-P-3350,96.0,0.0,0.0,0.0,10,84.0,94.0,10,96.0,0.0,0.0,0.0,0.0,0.0,40
2023-05-11 14:38:22,m2311-P-3350,m2311-P-3350,96.0,0.0,0.0,0.0,5,87.0,94.0,10,96.0,0.0,0.0,0.0,0.0,0.0,40
2023-05-11 14:38:23,m2311-P-3350,m2311-P-3350,96.0,0.0,0.0,0.0,10,87.0,94.0,15,96.0,0.0,0.0,0.0,0.0,0.0,40
2023-05-11 14:38:28,m2311-P-3350,m2311-P-3350,96.0,0.0,0.0,0.0,10,87.0,91.5,5,96.0,0.0,0.0,0.0,0.0,0.0,40
2023-05-11 14:38:30,m2311-P-3350,m2311-P-3350,96.0,0.0,0.0,0.0,10,87.0,90.0,5,96.0,0.0,0.0,0.0,0.0,0.0,40
2023-05-11 14:38:33,m2311-P-3350,m2311-P-3350,96.0,0.0,0.0,0.0,5,87.0,90.0,5,96.0,0.0,0.0,0.0,0.0,0.0,40
2023-05-11 14:38:34,m2311-P-3350,m2311-P-3350,96.0,0.0,0.0,0.0,5,86.0,90.0,5,96.0,0.0,0.0,0.0,0.0,0.0,40
2023-05-11 14:38:37,m2311-P-3350,m2311-P-3350,96.0,0.0,0.0,0.0,5,84.0,90.0,5,96.0,0.0,0.0,0.0,0.0,0.0,40
2023-05-11 14:38:40,m2311-P-3350,m2311-P-3350,96.0,0.0,0.0,0.0,5,83.5,90.0,5,96.0,0.0,0.0,0.0,0.0,0.0,40
2023-05-11 14:38:41,m2311-P-3350,m2311-P-3350,96.0,0.0,0.0,0.0,5,83.5,93.5,5,96.0,0.0,0.0,0.0,0.0,0.0,40
2023-05-11 14:38:43,m2311-P-3350,m2311-P-3350,96.0,0.0,0.0,0.0,10,9.0,0.0,0,96.0,0.0,0.0,0.0,0.0,0.0,40
2023-05-11 14:38:44,m2311-P-3350,m2311-P-3350,96.0,0.0,0.0,0.0,2,17.0,0.0,0,96.0,0.0,0.0,0.0,0.0,0.0,40
2023-05-11 14:38:44,m2311-P-3350,m2311-P-3350,96.0,0.0,0.0,0.0,10,17.5,0.0,0,96.0,0.0,0.0,0.0,0.0,0.0,40
2023-05-11 14:38:47,m2311-P-3350,m2311-P-3350,96.0,0.0,0.0,0.0,2,18.0,0.0,0,96.0,0.0,0.0,0.0,0.0,0.0,40
2023-05-11 14:38:47,m2311-P-3350,m2311-P-3350,96.0,0.0,0.0,0.0,10,18.5,0.0,0,96.0,0.0,0.0,0.0,0.0,0.0,40
2023-05-11 14:38:48,m2311-P-3350,m2311-P-3350,96.0,0.0,0.0,0.0,2,19.0,0.0,0,96.0,0.0,0.0,0.0,0.0,0.0,40
2023-05-11 14:38:49,m2311-P-3350,m2311-P-3350,96.0,0.0,0.0,0.0,10,19.5,0.0,0,96.0,0.0,0.0,0.0,0.0,0.0,40
2023-05-11 14:38:50,m2311-P-3350,m2311-P-3350,96.0,0.0,0.0,0.0,2,20.0,0.0,0,96.0,0.0,0.0,0.0,0.0,0.0,40
2023-05-11 14:38:50,m2311-P-3350,m2311-P-3350,96.0,0.0,0.0,0.0,10,20.5,0.0,0,96.0,0.0,0.0,0.0,0.0,0.0,40
2023-05-11 14:38:52,m2311-P-3350,m2311-P-3350,96.0,0.0,0.0,0.0,2,21.0,0.0,0,96.0,0.0,0.0,0.0,0.0,0.0,40
2023-05-11 14:38:52,m2311-P-3350,m2311-P-3350,96.0,0.0,0.0,0.0,10,21.5,0.0,0,96.0,0.0,0.0,0.0,0.0,0.0,40
2023-05-11 14:38:54,m2311-P-3350,m2311-P-3350,96.0,0.0,0.0,0.0,2,22.0,0.0,0,96.0,0.0,0.0,0.0,0.0,0.0,40
2023-05-11 14:38:54,m2311-P-3350,m2311-P-3350,96.0,0.0,0.0,0.0,10,22.5,0.0,0,96.0,0.0,0.0,0.0,0.0,0.0,40
2023-05-11 14:38:56,m2311-P-3350,m2311-P-3350,96.0,0.0,0.0,0.0,2,23.0,0.0,0,96.0,0.0,0.0,0.0,0.0,0.0,40
2023-05-11 14:38:56,m2311-P-3350,m2311-P-3350,96.0,0.0,0.0,0.0,10,23.5,0.0,0,96.0,0.0,0.0,0.0,0.0,0.0,40
2023-05-11 14:38:58,m2311-P-3350,m2311-P-3350,96.0,0.0,0.0,0.0,2,24.0,0.0,0,96.0,0.0,0.0,0.0,0.0,0.0,40
2023-05-11 14:38:58,m2311-P-3350,m2311-P-3350,96.0,0.0,0.0,0.0,10,24.5,0.0,0,96.0,0.0,0.0,0.0,0.0,0.0,40
2023-05-11 14:39:00,m2311-P-3350,m2311-P-3350,96.0,0.0,0.0,0.0,2,25.0,0.0,0,96.0,0.0,0.0,0.0,0.0,0.0,40
2023-05-11 14:39:00,m2311-P-3350,m2311-P-3350,96.0,0.0,0.0,0.0,10,25.5,0.0,0,96.0,0.0,0.0,0.0,0.0,0.0,40
2023-05-11 14:39:01,m2311-P-3350,m2311-P-3350,96.0,0.0,0.0,0.0,2,26.0,0.0,0,96.0,0.0,0.0,0.0,0.0,0.0,40
2023-05-11 14:39:01,m2311-P-3350,m2311-P-3350,96.0,0.0,0.0,0.0,10,26.5,0.0,0,96.0,0.0,0.0,0.0,0.0,0.0,40
2023-05-11 14:39:03,m2311-P-3350,m2311-P-3350,96.0,0.0,0.0,0.0,2,27.0,0.0,0,96.0,0.0,0.0,0.0,0.0,0.0,40
2023-05-11 14:39:03,m2311-P-3350,m2311-P-3350,96.0,0.0,0.0,0.0,10,27.5,0.0,0,96.0,0.0,0.0,0.0,0.0,0.0,40
2023-05-11 14:39:04,m2311-P-3350,m2311-P-3350,96.0,0.0,0.0,0.0,2,28.0,0.0,0,96.0,0.0,0.0,0.0,0.0,0.0,40
2023-05-11 14:39:04,m2311-P-3350,m2311-P-3350,96.0,0.0,0.0,0.0,10,28.5,0.0,0,96.0,0.0,0.0,0.0,0.0,0.0,40
2023-05-11 14:39:06,m2311-P-3350,m2311-P-3350,96.0,0.0,0.0,0.0,2,29.0,0.0,0,96.0,0.0,0.0,0.0,0.0,0.0,40
2023-05-11 14:39:06,m2311-P-3350,m2311-P-3350,96.0,0.0,0.0,0.0,10,29.5,0.0,0,96.0,0.0,0.0,0.0,0.0,0.0,40
2023-05-11 14:39:07,m2311-P-3350,m2311-P-3350,96.0,0.0,0.0,0.0,2,30.0,0.0,0,96.0,0.0,0.0,0.0,0.0,0.0,40
2023-05-11 14:39:07,m2311-P-3350,m2311-P-3350,96.0,0.0,0.0,0.0,10,30.5,0.0,0,96.0,0.0,0.0,0.0,0.0,0.0,40
2023-05-11 14:39:08,m2311-P-3350,m2311-P-3350,96.0,0.0,0.0,0.0,2,31.0,0.0,0,96.0,0.0,0.0,0.0,0.0,0.0,40
2023-05-11 14:39:09,m2311-P-3350,m2311-P-3350,96.0,0.0,0.0,0.0,10,31.5,0.0,0,96.0,0.0,0.0,0.0,0.0,0.0,40
2023-05-11 14:39:09,m2311-P-3350,m2311-P-3350,96.0,0.0,0.0,0.0,2,32.0,0.0,0,96.0,0.0,0.0,0.0,0.0,0.0,40
2023-05-11 14:39:09,m2311-P-3350,m2311-P-3350,96.0,0.0,0.0,0.0,10,32.5,0.0,0,96.0,0.0,0.0,0.0,0.0,0.0,40
2023-05-11 14:39:10,m2311-P-3350,m2311-P-3350,96.0,0.0,0.0,0.0,2,33.0,0.0,0,96.0,0.0,0.0,0.0,0.0,0.0,40
2023-05-11 14:39:10,m2311-P-3350,m2311-P-3350,96.0,0.0,0.0,0.0,10,33.5,0.0,0,96.0,0.0,0.0,0.0,0.0,0.0,40
2023-05-11 14:39:12,m2311-P-3350,m2311-P-3350,96.0,0.0,0.0,0.0,2,34.0,0.0,0,96.0,0.0,0.0,0.0,0.0,0.0,40
2023-05-11 14:39:12,m2311-P-3350,m2311-P-3350,96.0,0.0,0.0,0.0,10,34.5,0.0,0,96.0,0.0,0.0,0.0,0.0,0.0,40
2023-05-11 14:39:13,m2311-P-3350,m2311-P-3350,96.0,0.0,0.0,0.0,2,35.0,0.0,0,96.0,0.0,0.0,0.0,0.0,0.0,40
2023-05-11 14:39:13,m2311-P-3350,m2311-P-3350,96.0,0.0,0.0,0.0,10,35.5,0.0,0,96.0,0.0,0.0,0.0,0.0,0.0,40
2023-05-11 14:39:17,m2311-P-3350,m2311-P-3350,96.0,0.0,0.0,0.0,2,36.0,0.0,0,96.0,0.0,0.0,0.0,0.0,0.0,40
2023-05-11 14:39:17,m2311-P-3350,m2311-P-3350,96.0,0.0,0.0,0.0,10,36.5,0.0,0,96.0,0.0,0.0,0.0,0.0,0.0,40
2023-05-11 14:39:19,m2311-P-3350,m2311-P-3350,96.0,0.0,0.0,0.0,2,37.0,0.0,0,96.0,0.0,0.0,0.0,0.0,0.0,40
2023-05-11 14:39:19,m2311-P-3350,m2311-P-3350,96.0,0.0,0.0,0.0,10,37.5,0.0,0,96.0,0.0,0.0,0.0,0.0,0.0,40
2023-05-11 14:39:20,m2311-P-3350,m2311-P-3350,96.0,0.0,0.0,0.0,2,38.0,0.0,0,96.0,0.0,0.0,0.0,0.0,0.0,40
2023-05-11 14:39:20,m2311-P-3350,m2311-P-3350,96.0,0.0,0.0,0.0,10,38.5,0.0,0,96.0,0.0,0.0,0.0,0.0,0.0,40
2023-05-11 14:39:23,m2311-P-3350,m2311-P-3350,96.0,0.0,0.0,0.0,2,39.0,0.0,0,96.0,0.0,0.0,0.0,0.0,0.0,40
2023-05-11 14:39:23,m2311-P-3350,m2311-P-3350,96.0,0.0,0.0,0.0,10,39.5,0.0,0,96.0,0.0,0.0,0.0,0.0,0.0,40
2023-05-11 14:39:24,m2311-P-3350,m2311-P-3350,96.0,0.0,0.0,0.0,2,40.0,0.0,0,96.0,0.0,0.0,0.0,0.0,0.0,40
2023-05-11 14:39:24,m2311-P-3350,m2311-P-3350,96.0,0.0,0.0,0.0,10,40.5,0.0,0,96.0,0.0,0.0,0.0,0.0,0.0,40
2023-05-11 14:59:02,m2311-P-3350,m2311-P-3350,96.0,0.0,0.0,0.0,1,8.5,0.0,0,96.0,0.0,0.0,0.0,0.0,0.0,40
2023-05-11 14:59:05,m2311-P-3350,m2311-P-3350,96.0,0.0,0.0,0.0,10,9.0,0.0,0,96.0,0.0,0.0,0.0,0.0,0.0,40
2023-05-11 14:59:07,m2311-P-3350,m2311-P-3350,96.0,0.0,0.0,0.0,2,13.0,0.0,0,96.0,0.0,0.0,0.0,0.0,0.0,40
2023-05-11 14:59:07,m2311-P-3350,m2311-P-3350,96.0,0.0,0.0,0.0,10,13.5,0.0,0,96.0,0.0,0.0,0.0,0.0,0.0,40
2023-05-11 14:59:10,m2311-P-3350,m2311-P-3350,96.0,0.0,0.0,0.0,2,13.0,0.0,0,96.0,0.0,0.0,0.0,0.0,0.0,40
2023-05-11 15:01:10,m2311-P-3350,m2311-P-3350,96.0,0.0,0.0,0.0,2,13.0,0.0,0,96.0,0.0,0.0,0.0,0.0,0.0,40
