time,symbol_id,symbol_name,last,trade_volume,trade_amount,open_interest_change,bv1,bp1,ap1,av1,yesterday_close,today_open,today_high,today_low,volume,amount,open_interest
2023-05-10 20:56:15,m2312-P-3250,m2312-P-3250,80.0,0.0,0.0,0.0,1,0.5,0.0,0,80.0,78.0,0.0,0.0,0.0,0.0,35
2023-05-10 21:00:07,m2312-P-3250,m2312-P-3250,80.0,0.0,0.0,0.0,10,1.0,0.0,0,80.0,78.0,0.0,0.0,0.0,0.0,35
2023-05-10 21:01:46,m2312-P-3250,m2312-P-3250,80.0,0.0,0.0,0.0,1,1.5,0.0,0,80.0,78.0,0.0,0.0,0.0,0.0,35
2023-05-10 21:01:46,m2312-P-3250,m2312-P-3250,80.0,0.0,0.0,0.0,10,2.0,0.0,0,80.0,78.0,0.0,0.0,0.0,0.0,35
2023-05-10 21:04:00,m2312-P-3250,m2312-P-3250,80.0,0.0,0.0,0.0,1,2.5,0.0,0,80.0,78.0,0.0,0.0,0.0,0.0,35
2023-05-10 21:04:00,m2312-P-3250,m2312-P-3250,80.0,0.0,0.0,0.0,10,3.0,0.0,0,80.0,78.0,0.0,0.0,0.0,0.0,35
2023-05-10 21:11:45,m2312-P-3250,m2312-P-3250,80.0,0.0,0.0,0.0,1,3.5,0.0,0,80.0,78.0,0.0,0.0,0.0,0.0,35
2023-05-10 21:11:45,m2312-P-3250,m2312-P-3250,80.0,0.0,0.0,0.0,10,4.0,0.0,0,80.0,78.0,0.0,0.0,0.0,0.0,35
2023-05-10 21:11:49,m2312-P-3250,m2312-P-3250,80.0,0.0,0.0,0.0,1,4.5,0.0,0,80.0,78.0,0.0,0.0,0.0,0.0,35
2023-05-10 21:11:49,m2312-P-3250,m2312-P-3250,80.0,0.0,0.0,0.0,10,5.0,0.0,0,80.0,78.0,0.0,0.0,0.0,0.0,35
2023-05-10 21:11:53,m2312-P-3250,m2312-P-3250,80.0,0.0,0.0,0.0,1,5.5,0.0,0,80.0,78.0,0.0,0.0,0.0,0.0,35
2023-05-10 21:11:53,m2312-P-3250,m2312-P-3250,80.0,0.0,0.0,0.0,10,6.0,0.0,0,80.0,78.0,0.0,0.0,0.0,0.0,35
2023-05-10 21:11:56,m2312-P-3250,m2312-P-3250,80.0,0.0,0.0,0.0,1,6.5,0.0,0,80.0,78.0,0.0,0.0,0.0,0.0,35
2023-05-10 21:11:56,m2312-P-3250,m2312-P-3250,80.0,0.0,0.0,0.0,10,7.0,0.0,0,80.0,78.0,0.0,0.0,0.0,0.0,35
2023-05-10 21:11:58,m2312-P-3250,m2312-P-3250,80.0,0.0,0.0,0.0,1,7.5,0.0,0,80.0,78.0,0.0,0.0,0.0,0.0,35
2023-05-10 21:11:58,m2312-P-3250,m2312-P-3250,80.0,0.0,0.0,0.0,10,8.0,0.0,0,80.0,78.0,0.0,0.0,0.0,0.0,35
2023-05-10 21:11:59,m2312-P-3250,m2312-P-3250,80.0,0.0,0.0,0.0,1,8.5,0.0,0,80.0,78.0,0.0,0.0,0.0,0.0,35
2023-05-10 21:11:59,m2312-P-3250,m2312-P-3250,80.0,0.0,0.0,0.0,10,9.0,0.0,0,80.0,78.0,0.0,0.0,0.0,0.0,35
2023-05-10 21:12:01,m2312-P-3250,m2312-P-3250,80.0,0.0,0.0,0.0,1,9.5,0.0,0,80.0,78.0,0.0,0.0,0.0,0.0,35
2023-05-10 21:12:01,m2312-P-3250,m2312-P-3250,80.0,0.0,0.0,0.0,10,10.0,0.0,0,80.0,78.0,0.0,0.0,0.0,0.0,35
2023-05-10 21:12:02,m2312-P-3250,m2312-P-3250,80.0,0.0,0.0,0.0,1,10.5,0.0,0,80.0,78.0,0.0,0.0,0.0,0.0,35
2023-05-10 21:12:02,m2312-P-3250,m2312-P-3250,80.0,0.0,0.0,0.0,10,11.0,0.0,0,80.0,78.0,0.0,0.0,0.0,0.0,35
2023-05-10 21:12:03,m2312-P-3250,m2312-P-3250,80.0,0.0,0.0,0.0,1,11.5,0.0,0,80.0,78.0,0.0,0.0,0.0,0.0,35
2023-05-10 21:12:03,m2312-P-3250,m2312-P-3250,80.0,0.0,0.0,0.0,10,12.0,0.0,0,80.0,78.0,0.0,0.0,0.0,0.0,35
2023-05-10 21:12:05,m2312-P-3250,m2312-P-3250,80.0,0.0,0.0,0.0,1,12.5,0.0,0,80.0,78.0,0.0,0.0,0.0,0.0,35
2023-05-10 21:12:05,m2312-P-3250,m2312-P-3250,80.0,0.0,0.0,0.0,10,13.0,0.0,0,80.0,78.0,0.0,0.0,0.0,0.0,35
2023-05-10 21:12:06,m2312-P-3250,m2312-P-3250,80.0,0.0,0.0,0.0,1,13.5,0.0,0,80.0,78.0,0.0,0.0,0.0,0.0,35
2023-05-10 21:12:06,m2312-P-3250,m2312-P-3250,80.0,0.0,0.0,0.0,10,14.0,0.0,0,80.0,78.0,0.0,0.0,0.0,0.0,35
2023-05-10 21:12:07,m2312-P-3250,m2312-P-3250,80.0,0.0,0.0,0.0,1,14.5,0.0,0,80.0,78.0,0.0,0.0,0.0,0.0,35
2023-05-10 21:12:07,m2312-P-3250,m2312-P-3250,80.0,0.0,0.0,0.0,10,15.0,0.0,0,80.0,78.0,0.0,0.0,0.0,0.0,35
2023-05-10 21:12:09,m2312-P-3250,m2312-P-3250,80.0,0.0,0.0,0.0,1,15.5,0.0,0,80.0,78.0,0.0,0.0,0.0,0.0,35
2023-05-10 21:12:09,m2312-P-3250,m2312-P-3250,80.0,0.0,0.0,0.0,10,16.0,0.0,0,80.0,78.0,0.0,0.0,0.0,0.0,35
2023-05-10 21:12:10,m2312-P-3250,m2312-P-3250,80.0,0.0,0.0,0.0,1,16.5,0.0,0,80.0,78.0,0.0,0.0,0.0,0.0,35
2023-05-10 21:12:10,m2312-P-3250,m2312-P-3250,80.0,0.0,0.0,0.0,10,17.0,0.0,0,80.0,78.0,0.0,0.0,0.0,0.0,35
2023-05-10 21:12:11,m2312-P-3250,m2312-P-3250,80.0,0.0,0.0,0.0,1,17.5,0.0,0,80.0,78.0,0.0,0.0,0.0,0.0,35
2023-05-10 21:12:11,m2312-P-3250,m2312-P-3250,80.0,0.0,0.0,0.0,10,18.0,0.0,0,80.0,78.0,0.0,0.0,0.0,0.0,35
2023-05-10 21:12:13,m2312-P-3250,m2312-P-3250,80.0,0.0,0.0,0.0,1,18.5,0.0,0,80.0,78.0,0.0,0.0,0.0,0.0,35
2023-05-10 21:12:13,m2312-P-3250,m2312-P-3250,80.0,0.0,0.0,0.0,10,19.0,0.0,0,80.0,78.0,0.0,0.0,0.0,0.0,35
2023-05-10 21:12:14,m2312-P-3250,m2312-P-3250,80.0,0.0,0.0,0.0,1,19.5,0.0,0,80.0,78.0,0.0,0.0,0.0,0.0,35
2023-05-10 21:12:14,m2312-P-3250,m2312-P-3250,80.0,0.0,0.0,0.0,10,20.0,0.0,0,80.0,78.0,0.0,0.0,0.0,0.0,35
2023-05-10 21:12:15,m2312-P-3250,m2312-P-3250,80.0,0.0,0.0,0.0,1,20.5,0.0,0,80.0,78.0,0.0,0.0,0.0,0.0,35
2023-05-10 21:12:15,m2312-P-3250,m2312-P-3250,80.0,0.0,0.0,0.0,10,21.0,0.0,0,80.0,78.0,0.0,0.0,0.0,0.0,35
2023-05-10 21:12:17,m2312-P-3250,m2312-P-3250,80.0,0.0,0.0,0.0,1,21.5,0.0,0,80.0,78.0,0.0,0.0,0.0,0.0,35
2023-05-10 21:12:17,m2312-P-3250,m2312-P-3250,80.0,0.0,0.0,0.0,10,22.0,0.0,0,80.0,78.0,0.0,0.0,0.0,0.0,35
2023-05-10 21:12:18,m2312-P-3250,m2312-P-3250,80.0,0.0,0.0,0.0,1,22.5,0.0,0,80.0,78.0,0.0,0.0,0.0,0.0,35
2023-05-10 21:12:18,m2312-P-3250,m2312-P-3250,80.0,0.0,0.0,0.0,10,23.0,0.0,0,80.0,78.0,0.0,0.0,0.0,0.0,35
2023-05-10 21:12:19,m2312-P-3250,m2312-P-3250,80.0,0.0,0.0,0.0,1,23.5,0.0,0,80.0,78.0,0.0,0.0,0.0,0.0,35
2023-05-10 21:12:19,m2312-P-3250,m2312-P-3250,80.0,0.0,0.0,0.0,10,24.0,0.0,0,80.0,78.0,0.0,0.0,0.0,0.0,35
2023-05-10 21:12:20,m2312-P-3250,m2312-P-3250,80.0,0.0,0.0,0.0,1,24.5,0.0,0,80.0,78.0,0.0,0.0,0.0,0.0,35
2023-05-10 21:12:20,m2312-P-3250,m2312-P-3250,80.0,0.0,0.0,0.0,10,25.0,0.0,0,80.0,78.0,0.0,0.0,0.0,0.0,35
2023-05-10 21:12:22,m2312-P-3250,m2312-P-3250,80.0,0.0,0.0,0.0,1,25.5,0.0,0,80.0,78.0,0.0,0.0,0.0,0.0,35
2023-05-10 21:12:22,m2312-P-3250,m2312-P-3250,80.0,0.0,0.0,0.0,10,26.0,0.0,0,80.0,78.0,0.0,0.0,0.0,0.0,35
2023-05-10 21:12:23,m2312-P-3250,m2312-P-3250,80.0,0.0,0.0,0.0,1,26.5,0.0,0,80.0,78.0,0.0,0.0,0.0,0.0,35
2023-05-10 21:12:23,m2312-P-3250,m2312-P-3250,80.0,0.0,0.0,0.0,10,27.0,0.0,0,80.0,78.0,0.0,0.0,0.0,0.0,35
2023-05-10 21:12:25,m2312-P-3250,m2312-P-3250,80.0,0.0,0.0,0.0,1,27.5,0.0,0,80.0,78.0,0.0,0.0,0.0,0.0,35
2023-05-10 21:12:25,m2312-P-3250,m2312-P-3250,80.0,0.0,0.0,0.0,10,28.0,0.0,0,80.0,78.0,0.0,0.0,0.0,0.0,35
2023-05-10 21:12:26,m2312-P-3250,m2312-P-3250,80.0,0.0,0.0,0.0,1,28.5,0.0,0,80.0,78.0,0.0,0.0,0.0,0.0,35
2023-05-10 21:12:26,m2312-P-3250,m2312-P-3250,80.0,0.0,0.0,0.0,10,29.0,0.0,0,80.0,78.0,0.0,0.0,0.0,0.0,35
2023-05-10 21:12:27,m2312-P-3250,m2312-P-3250,80.0,0.0,0.0,0.0,1,29.5,0.0,0,80.0,78.0,0.0,0.0,0.0,0.0,35
2023-05-10 21:12:27,m2312-P-3250,m2312-P-3250,80.0,0.0,0.0,0.0,10,30.0,0.0,0,80.0,78.0,0.0,0.0,0.0,0.0,35
2023-05-10 22:57:33,m2312-P-3250,m2312-P-3250,80.0,0.0,0.0,0.0,1,2.5,0.0,0,80.0,78.0,0.0,0.0,0.0,0.0,35
2023-05-10 22:59:16,m2312-P-3250,m2312-P-3250,80.0,0.0,0.0,0.0,10,3.0,0.0,0,80.0,78.0,0.0,0.0,0.0,0.0,35
2023-05-10 22:59:56,m2312-P-3250,m2312-P-3250,80.0,0.0,0.0,0.0,1,2.5,0.0,0,80.0,78.0,0.0,0.0,0.0,0.0,35
2023-05-11 09:00:04,m2312-P-3250,m2312-P-3250,80.0,0.0,0.0,0.0,10,3.0,0.0,0,80.0,78.0,0.0,0.0,0.0,0.0,35
2023-05-11 09:00:52,m2312-P-3250,m2312-P-3250,80.0,0.0,0.0,0.0,1,3.5,0.0,0,80.0,78.0,0.0,0.0,0.0,0.0,35
2023-05-11 09:00:52,m2312-P-3250,m2312-P-3250,80.0,0.0,0.0,0.0,10,4.0,0.0,0,80.0,78.0,0.0,0.0,0.0,0.0,35
2023-05-11 09:02:19,m2312-P-3250,m2312-P-3250,80.0,0.0,0.0,0.0,1,4.5,0.0,0,80.0,78.0,0.0,0.0,0.0,0.0,35
2023-05-11 09:02:19,m2312-P-3250,m2312-P-3250,80.0,0.0,0.0,0.0,10,5.0,0.0,0,80.0,78.0,0.0,0.0,0.0,0.0,35
2023-05-11 09:10:48,m2312-P-3250,m2312-P-3250,80.0,0.0,0.0,0.0,1,5.5,0.0,0,80.0,78.0,0.0,0.0,0.0,0.0,35
2023-05-11 09:10:48,m2312-P-3250,m2312-P-3250,80.0,0.0,0.0,0.0,10,6.0,0.0,0,80.0,78.0,0.0,0.0,0.0,0.0,35
2023-05-11 09:10:52,m2312-P-3250,m2312-P-3250,80.0,0.0,0.0,0.0,1,6.5,0.0,0,80.0,78.0,0.0,0.0,0.0,0.0,35
2023-05-11 09:10:52,m2312-P-3250,m2312-P-3250,80.0,0.0,0.0,0.0,10,7.0,0.0,0,80.0,78.0,0.0,0.0,0.0,0.0,35
2023-05-11 09:10:54,m2312-P-3250,m2312-P-3250,80.0,0.0,0.0,0.0,1,7.5,0.0,0,80.0,78.0,0.0,0.0,0.0,0.0,35
2023-05-11 09:10:54,m2312-P-3250,m2312-P-3250,80.0,0.0,0.0,0.0,10,8.0,0.0,0,80.0,78.0,0.0,0.0,0.0,0.0,35
2023-05-11 09:10:56,m2312-P-3250,m2312-P-3250,80.0,0.0,0.0,0.0,1,8.5,0.0,0,80.0,78.0,0.0,0.0,0.0,0.0,35
2023-05-11 09:10:56,m2312-P-3250,m2312-P-3250,80.0,0.0,0.0,0.0,10,9.0,0.0,0,80.0,78.0,0.0,0.0,0.0,0.0,35
2023-05-11 09:10:58,m2312-P-3250,m2312-P-3250,80.0,0.0,0.0,0.0,1,9.5,0.0,0,80.0,78.0,0.0,0.0,0.0,0.0,35
2023-05-11 09:10:58,m2312-P-3250,m2312-P-3250,80.0,0.0,0.0,0.0,10,10.0,0.0,0,80.0,78.0,0.0,0.0,0.0,0.0,35
2023-05-11 09:10:59,m2312-P-3250,m2312-P-3250,80.0,0.0,0.0,0.0,1,10.5,0.0,0,80.0,78.0,0.0,0.0,0.0,0.0,35
2023-05-11 09:10:59,m2312-P-3250,m2312-P-3250,80.0,0.0,0.0,0.0,10,11.0,0.0,0,80.0,78.0,0.0,0.0,0.0,0.0,35
2023-05-11 09:11:01,m2312-P-3250,m2312-P-3250,80.0,0.0,0.0,0.0,1,11.5,0.0,0,80.0,78.0,0.0,0.0,0.0,0.0,35
2023-05-11 09:11:01,m2312-P-3250,m2312-P-3250,80.0,0.0,0.0,0.0,10,12.0,0.0,0,80.0,78.0,0.0,0.0,0.0,0.0,35
2023-05-11 09:11:02,m2312-P-3250,m2312-P-3250,80.0,0.0,0.0,0.0,1,12.5,0.0,0,80.0,78.0,0.0,0.0,0.0,0.0,35
2023-05-11 09:11:02,m2312-P-3250,m2312-P-3250,80.0,0.0,0.0,0.0,10,13.0,0.0,0,80.0,78.0,0.0,0.0,0.0,0.0,35
2023-05-11 09:11:04,m2312-P-3250,m2312-P-3250,80.0,0.0,0.0,0.0,1,13.5,0.0,0,80.0,78.0,0.0,0.0,0.0,0.0,35
2023-05-11 09:11:04,m2312-P-3250,m2312-P-3250,80.0,0.0,0.0,0.0,10,14.0,0.0,0,80.0,78.0,0.0,0.0,0.0,0.0,35
2023-05-11 09:11:06,m2312-P-3250,m2312-P-3250,80.0,0.0,0.0,0.0,1,14.5,0.0,0,80.0,78.0,0.0,0.0,0.0,0.0,35
2023-05-11 09:11:06,m2312-P-3250,m2312-P-3250,80.0,0.0,0.0,0.0,10,15.0,0.0,0,80.0,78.0,0.0,0.0,0.0,0.0,35
2023-05-11 09:11:07,m2312-P-3250,m2312-P-3250,80.0,0.0,0.0,0.0,1,15.5,0.0,0,80.0,78.0,0.0,0.0,0.0,0.0,35
2023-05-11 09:11:07,m2312-P-3250,m2312-P-3250,80.0,0.0,0.0,0.0,10,16.0,0.0,0,80.0,78.0,0.0,0.0,0.0,0.0,35
2023-05-11 09:11:09,m2312-P-3250,m2312-P-3250,80.0,0.0,0.0,0.0,1,16.5,0.0,0,80.0,78.0,0.0,0.0,0.0,0.0,35
2023-05-11 09:11:09,m2312-P-3250,m2312-P-3250,80.0,0.0,0.0,0.0,10,17.0,0.0,0,80.0,78.0,0.0,0.0,0.0,0.0,35
2023-05-11 09:11:10,m2312-P-3250,m2312-P-3250,80.0,0.0,0.0,0.0,1,17.5,0.0,0,80.0,78.0,0.0,0.0,0.0,0.0,35
2023-05-11 09:11:10,m2312-P-3250,m2312-P-3250,80.0,0.0,0.0,0.0,10,18.0,0.0,0,80.0,78.0,0.0,0.0,0.0,0.0,35
2023-05-11 09:11:12,m2312-P-3250,m2312-P-3250,80.0,0.0,0.0,0.0,1,18.5,0.0,0,80.0,78.0,0.0,0.0,0.0,0.0,35
2023-05-11 09:11:12,m2312-P-3250,m2312-P-3250,80.0,0.0,0.0,0.0,10,19.0,0.0,0,80.0,78.0,0.0,0.0,0.0,0.0,35
2023-05-11 09:11:13,m2312-P-3250,m2312-P-3250,80.0,0.0,0.0,0.0,1,19.5,0.0,0,80.0,78.0,0.0,0.0,0.0,0.0,35
2023-05-11 09:11:13,m2312-P-3250,m2312-P-3250,80.0,0.0,0.0,0.0,10,20.0,0.0,0,80.0,78.0,0.0,0.0,0.0,0.0,35
2023-05-11 09:11:14,m2312-P-3250,m2312-P-3250,80.0,0.0,0.0,0.0,1,20.5,0.0,0,80.0,78.0,0.0,0.0,0.0,0.0,35
2023-05-11 09:11:14,m2312-P-3250,m2312-P-3250,80.0,0.0,0.0,0.0,10,21.0,0.0,0,80.0,78.0,0.0,0.0,0.0,0.0,35
2023-05-11 09:11:16,m2312-P-3250,m2312-P-3250,80.0,0.0,0.0,0.0,1,21.5,0.0,0,80.0,78.0,0.0,0.0,0.0,0.0,35
2023-05-11 09:11:16,m2312-P-3250,m2312-P-3250,80.0,0.0,0.0,0.0,10,22.0,0.0,0,80.0,78.0,0.0,0.0,0.0,0.0,35
2023-05-11 09:11:17,m2312-P-3250,m2312-P-3250,80.0,0.0,0.0,0.0,1,22.5,0.0,0,80.0,78.0,0.0,0.0,0.0,0.0,35
2023-05-11 09:11:17,m2312-P-3250,m2312-P-3250,80.0,0.0,0.0,0.0,10,23.0,0.0,0,80.0,78.0,0.0,0.0,0.0,0.0,35
2023-05-11 09:11:19,m2312-P-3250,m2312-P-3250,80.0,0.0,0.0,0.0,1,23.5,0.0,0,80.0,78.0,0.0,0.0,0.0,0.0,35
2023-05-11 09:11:19,m2312-P-3250,m2312-P-3250,80.0,0.0,0.0,0.0,10,24.0,0.0,0,80.0,78.0,0.0,0.0,0.0,0.0,35
2023-05-11 09:11:20,m2312-P-3250,m2312-P-3250,80.0,0.0,0.0,0.0,1,24.5,0.0,0,80.0,78.0,0.0,0.0,0.0,0.0,35
2023-05-11 09:11:20,m2312-P-3250,m2312-P-3250,80.0,0.0,0.0,0.0,10,25.0,0.0,0,80.0,78.0,0.0,0.0,0.0,0.0,35
2023-05-11 09:11:21,m2312-P-3250,m2312-P-3250,80.0,0.0,0.0,0.0,1,25.5,0.0,0,80.0,78.0,0.0,0.0,0.0,0.0,35
2023-05-11 09:11:21,m2312-P-3250,m2312-P-3250,80.0,0.0,0.0,0.0,10,26.0,0.0,0,80.0,78.0,0.0,0.0,0.0,0.0,35
2023-05-11 09:11:23,m2312-P-3250,m2312-P-3250,80.0,0.0,0.0,0.0,1,26.5,0.0,0,80.0,78.0,0.0,0.0,0.0,0.0,35
2023-05-11 09:11:23,m2312-P-3250,m2312-P-3250,80.0,0.0,0.0,0.0,10,27.0,0.0,0,80.0,78.0,0.0,0.0,0.0,0.0,35
2023-05-11 09:11:24,m2312-P-3250,m2312-P-3250,80.0,0.0,0.0,0.0,1,27.5,0.0,0,80.0,78.0,0.0,0.0,0.0,0.0,35
2023-05-11 09:11:24,m2312-P-3250,m2312-P-3250,80.0,0.0,0.0,0.0,10,28.0,0.0,0,80.0,78.0,0.0,0.0,0.0,0.0,35
2023-05-11 09:11:26,m2312-P-3250,m2312-P-3250,80.0,0.0,0.0,0.0,1,28.5,0.0,0,80.0,78.0,0.0,0.0,0.0,0.0,35
2023-05-11 09:11:26,m2312-P-3250,m2312-P-3250,80.0,0.0,0.0,0.0,10,29.0,0.0,0,80.0,78.0,0.0,0.0,0.0,0.0,35
2023-05-11 09:11:27,m2312-P-3250,m2312-P-3250,80.0,0.0,0.0,0.0,1,29.5,0.0,0,80.0,78.0,0.0,0.0,0.0,0.0,35
2023-05-11 09:11:27,m2312-P-3250,m2312-P-3250,80.0,0.0,0.0,0.0,10,30.0,0.0,0,80.0,78.0,0.0,0.0,0.0,0.0,35
2023-05-11 09:55:32,m2312-P-3250,m2312-P-3250,80.0,0.0,0.0,0.0,1,30.5,0.0,0,80.0,78.0,0.0,0.0,0.0,0.0,35
2023-05-11 09:55:32,m2312-P-3250,m2312-P-3250,80.0,0.0,0.0,0.0,10,31.0,0.0,0,80.0,78.0,0.0,0.0,0.0,0.0,35
2023-05-11 10:14:32,m2312-P-3250,m2312-P-3250,80.0,0.0,0.0,0.0,1,30.5,0.0,0,80.0,78.0,0.0,0.0,0.0,0.0,35
2023-05-11 10:30:07,m2312-P-3250,m2312-P-3250,80.0,0.0,0.0,0.0,10,31.0,0.0,0,80.0,78.0,0.0,0.0,0.0,0.0,35
2023-05-11 11:29:33,m2312-P-3250,m2312-P-3250,80.0,0.0,0.0,0.0,1,4.0,0.0,0,80.0,78.0,0.0,0.0,0.0,0.0,35
2023-05-11 13:30:02,m2312-P-3250,m2312-P-3250,80.0,0.0,0.0,0.0,10,4.5,0.0,0,80.0,78.0,0.0,0.0,0.0,0.0,35
2023-05-11 13:31:10,m2312-P-3250,m2312-P-3250,80.0,0.0,0.0,0.0,1,5.0,0.0,0,80.0,78.0,0.0,0.0,0.0,0.0,35
2023-05-11 13:31:10,m2312-P-3250,m2312-P-3250,80.0,0.0,0.0,0.0,10,5.5,0.0,0,80.0,78.0,0.0,0.0,0.0,0.0,35
2023-05-11 13:31:34,m2312-P-3250,m2312-P-3250,80.0,0.0,0.0,0.0,1,6.0,0.0,0,80.0,78.0,0.0,0.0,0.0,0.0,35
2023-05-11 13:31:34,m2312-P-3250,m2312-P-3250,80.0,0.0,0.0,0.0,10,6.5,0.0,0,80.0,78.0,0.0,0.0,0.0,0.0,35
2023-05-11 13:41:24,m2312-P-3250,m2312-P-3250,80.0,0.0,0.0,0.0,1,7.0,0.0,0,80.0,78.0,0.0,0.0,0.0,0.0,35
2023-05-11 13:41:24,m2312-P-3250,m2312-P-3250,80.0,0.0,0.0,0.0,10,7.5,0.0,0,80.0,78.0,0.0,0.0,0.0,0.0,35
2023-05-11 13:41:37,m2312-P-3250,m2312-P-3250,80.0,0.0,0.0,0.0,1,8.0,0.0,0,80.0,78.0,0.0,0.0,0.0,0.0,35
2023-05-11 13:41:37,m2312-P-3250,m2312-P-3250,80.0,0.0,0.0,0.0,10,8.5,0.0,0,80.0,78.0,0.0,0.0,0.0,0.0,35
2023-05-11 13:41:38,m2312-P-3250,m2312-P-3250,80.0,0.0,0.0,0.0,1,9.0,0.0,0,80.0,78.0,0.0,0.0,0.0,0.0,35
2023-05-11 13:41:38,m2312-P-3250,m2312-P-3250,80.0,0.0,0.0,0.0,10,9.5,0.0,0,80.0,78.0,0.0,0.0,0.0,0.0,35
2023-05-11 13:41:40,m2312-P-3250,m2312-P-3250,80.0,0.0,0.0,0.0,1,10.0,0.0,0,80.0,78.0,0.0,0.0,0.0,0.0,35
2023-05-11 13:41:40,m2312-P-3250,m2312-P-3250,80.0,0.0,0.0,0.0,10,10.5,0.0,0,80.0,78.0,0.0,0.0,0.0,0.0,35
2023-05-11 13:41:41,m2312-P-3250,m2312-P-3250,80.0,0.0,0.0,0.0,1,11.0,0.0,0,80.0,78.0,0.0,0.0,0.0,0.0,35
2023-05-11 13:41:41,m2312-P-3250,m2312-P-3250,80.0,0.0,0.0,0.0,10,11.5,0.0,0,80.0,78.0,0.0,0.0,0.0,0.0,35
2023-05-11 13:41:42,m2312-P-3250,m2312-P-3250,80.0,0.0,0.0,0.0,1,12.0,0.0,0,80.0,78.0,0.0,0.0,0.0,0.0,35
2023-05-11 13:41:42,m2312-P-3250,m2312-P-3250,80.0,0.0,0.0,0.0,10,12.5,0.0,0,80.0,78.0,0.0,0.0,0.0,0.0,35
2023-05-11 13:41:44,m2312-P-3250,m2312-P-3250,80.0,0.0,0.0,0.0,1,13.0,0.0,0,80.0,78.0,0.0,0.0,0.0,0.0,35
2023-05-11 13:41:44,m2312-P-3250,m2312-P-3250,80.0,0.0,0.0,0.0,10,13.5,0.0,0,80.0,78.0,0.0,0.0,0.0,0.0,35
2023-05-11 13:41:45,m2312-P-3250,m2312-P-3250,80.0,0.0,0.0,0.0,1,14.0,0.0,0,80.0,78.0,0.0,0.0,0.0,0.0,35
2023-05-11 13:41:45,m2312-P-3250,m2312-P-3250,80.0,0.0,0.0,0.0,10,14.5,0.0,0,80.0,78.0,0.0,0.0,0.0,0.0,35
2023-05-11 13:41:47,m2312-P-3250,m2312-P-3250,80.0,0.0,0.0,0.0,1,15.0,0.0,0,80.0,78.0,0.0,0.0,0.0,0.0,35
2023-05-11 13:41:47,m2312-P-3250,m2312-P-3250,80.0,0.0,0.0,0.0,10,15.5,0.0,0,80.0,78.0,0.0,0.0,0.0,0.0,35
2023-05-11 13:41:48,m2312-P-3250,m2312-P-3250,80.0,0.0,0.0,0.0,1,16.0,0.0,0,80.0,78.0,0.0,0.0,0.0,0.0,35
2023-05-11 13:41:48,m2312-P-3250,m2312-P-3250,80.0,0.0,0.0,0.0,10,16.5,0.0,0,80.0,78.0,0.0,0.0,0.0,0.0,35
2023-05-11 13:41:49,m2312-P-3250,m2312-P-3250,80.0,0.0,0.0,0.0,1,17.0,0.0,0,80.0,78.0,0.0,0.0,0.0,0.0,35
2023-05-11 13:41:49,m2312-P-3250,m2312-P-3250,80.0,0.0,0.0,0.0,10,17.5,0.0,0,80.0,78.0,0.0,0.0,0.0,0.0,35
2023-05-11 13:41:51,m2312-P-3250,m2312-P-3250,80.0,0.0,0.0,0.0,1,18.0,0.0,0,80.0,78.0,0.0,0.0,0.0,0.0,35
2023-05-11 13:41:51,m2312-P-3250,m2312-P-3250,80.0,0.0,0.0,0.0,10,18.5,0.0,0,80.0,78.0,0.0,0.0,0.0,0.0,35
2023-05-11 13:41:52,m2312-P-3250,m2312-P-3250,80.0,0.0,0.0,0.0,1,19.0,0.0,0,80.0,78.0,0.0,0.0,0.0,0.0,35
2023-05-11 13:41:52,m2312-P-3250,m2312-P-3250,80.0,0.0,0.0,0.0,10,19.5,0.0,0,80.0,78.0,0.0,0.0,0.0,0.0,35
2023-05-11 13:41:53,m2312-P-3250,m2312-P-3250,80.0,0.0,0.0,0.0,1,20.0,0.0,0,80.0,78.0,0.0,0.0,0.0,0.0,35
2023-05-11 13:41:53,m2312-P-3250,m2312-P-3250,80.0,0.0,0.0,0.0,10,20.5,0.0,0,80.0,78.0,0.0,0.0,0.0,0.0,35
2023-05-11 13:41:55,m2312-P-3250,m2312-P-3250,80.0,0.0,0.0,0.0,1,21.0,0.0,0,80.0,78.0,0.0,0.0,0.0,0.0,35
2023-05-11 13:41:55,m2312-P-3250,m2312-P-3250,80.0,0.0,0.0,0.0,10,21.5,0.0,0,80.0,78.0,0.0,0.0,0.0,0.0,35
2023-05-11 13:41:56,m2312-P-3250,m2312-P-3250,80.0,0.0,0.0,0.0,1,22.0,0.0,0,80.0,78.0,0.0,0.0,0.0,0.0,35
2023-05-11 13:41:57,m2312-P-3250,m2312-P-3250,80.0,0.0,0.0,0.0,10,22.5,0.0,0,80.0,78.0,0.0,0.0,0.0,0.0,35
2023-05-11 13:41:58,m2312-P-3250,m2312-P-3250,80.0,0.0,0.0,0.0,1,23.0,0.0,0,80.0,78.0,0.0,0.0,0.0,0.0,35
2023-05-11 13:41:58,m2312-P-3250,m2312-P-3250,80.0,0.0,0.0,0.0,10,23.5,0.0,0,80.0,78.0,0.0,0.0,0.0,0.0,35
2023-05-11 13:41:59,m2312-P-3250,m2312-P-3250,80.0,0.0,0.0,0.0,1,24.0,0.0,0,80.0,78.0,0.0,0.0,0.0,0.0,35
2023-05-11 13:41:59,m2312-P-3250,m2312-P-3250,80.0,0.0,0.0,0.0,10,24.5,0.0,0,80.0,78.0,0.0,0.0,0.0,0.0,35
2023-05-11 13:42:00,m2312-P-3250,m2312-P-3250,80.0,0.0,0.0,0.0,1,25.0,0.0,0,80.0,78.0,0.0,0.0,0.0,0.0,35
2023-05-11 13:42:00,m2312-P-3250,m2312-P-3250,80.0,0.0,0.0,0.0,10,25.5,0.0,0,80.0,78.0,0.0,0.0,0.0,0.0,35
2023-05-11 13:42:02,m2312-P-3250,m2312-P-3250,80.0,0.0,0.0,0.0,1,26.0,0.0,0,80.0,78.0,0.0,0.0,0.0,0.0,35
2023-05-11 13:42:02,m2312-P-3250,m2312-P-3250,80.0,0.0,0.0,0.0,10,26.5,0.0,0,80.0,78.0,0.0,0.0,0.0,0.0,35
2023-05-11 13:42:03,m2312-P-3250,m2312-P-3250,80.0,0.0,0.0,0.0,1,27.0,0.0,0,80.0,78.0,0.0,0.0,0.0,0.0,35
2023-05-11 13:42:03,m2312-P-3250,m2312-P-3250,80.0,0.0,0.0,0.0,10,27.5,0.0,0,80.0,78.0,0.0,0.0,0.0,0.0,35
2023-05-11 13:42:04,m2312-P-3250,m2312-P-3250,80.0,0.0,0.0,0.0,1,28.0,0.0,0,80.0,78.0,0.0,0.0,0.0,0.0,35
2023-05-11 13:42:04,m2312-P-3250,m2312-P-3250,80.0,0.0,0.0,0.0,10,28.5,0.0,0,80.0,78.0,0.0,0.0,0.0,0.0,35
2023-05-11 13:42:06,m2312-P-3250,m2312-P-3250,80.0,0.0,0.0,0.0,1,29.0,0.0,0,80.0,78.0,0.0,0.0,0.0,0.0,35
2023-05-11 13:42:06,m2312-P-3250,m2312-P-3250,80.0,0.0,0.0,0.0,10,29.5,0.0,0,80.0,78.0,0.0,0.0,0.0,0.0,35
2023-05-11 13:42:07,m2312-P-3250,m2312-P-3250,80.0,0.0,0.0,0.0,1,30.0,0.0,0,80.0,78.0,0.0,0.0,0.0,0.0,35
2023-05-11 13:42:07,m2312-P-3250,m2312-P-3250,80.0,0.0,0.0,0.0,10,30.5,0.0,0,80.0,78.0,0.0,0.0,0.0,0.0,35
2023-05-11 14:38:46,m2312-P-3250,m2312-P-3250,80.0,0.0,0.0,0.0,5,77.0,86.0,5,80.0,78.0,0.0,0.0,0.0,0.0,35
2023-05-11 14:38:48,m2312-P-3250,m2312-P-3250,80.0,0.0,0.0,0.0,10,77.0,86.0,10,80.0,78.0,0.0,0.0,0.0,0.0,35
2023-05-11 14:38:52,m2312-P-3250,m2312-P-3250,80.0,0.0,0.0,0.0,5,78.0,86.0,10,80.0,78.0,0.0,0.0,0.0,0.0,35
2023-05-11 14:38:53,m2312-P-3250,m2312-P-3250,78.0,5.0,3900.0,0.0,10,77.0,86.0,10,80.0,78.0,78.0,78.0,5.0,3900.0,35
2023-05-11 14:38:54,m2312-P-3250,m2312-P-3250,78.0,0.0,0.0,0.0,15,77.0,86.0,15,80.0,78.0,78.0,78.0,5.0,3900.0,35
2023-05-11 14:38:55,m2312-P-3250,m2312-P-3250,78.0,0.0,0.0,0.0,20,77.0,86.0,20,80.0,78.0,78.0,78.0,5.0,3900.0,35
2023-05-11 14:38:58,m2312-P-3250,m2312-P-3250,78.0,0.0,0.0,0.0,15,77.0,82.5,5,80.0,78.0,78.0,78.0,5.0,3900.0,35
2023-05-11 14:38:59,m2312-P-3250,m2312-P-3250,78.0,0.0,0.0,0.0,10,77.0,82.5,5,80.0,78.0,78.0,78.0,5.0,3900.0,35
2023-05-11 14:39:00,m2312-P-3250,m2312-P-3250,78.0,0.0,0.0,0.0,5,77.0,82.5,5,80.0,78.0,78.0,78.0,5.0,3900.0,35
2023-05-11 14:39:04,m2312-P-3250,m2312-P-3250,78.0,0.0,0.0,0.0,10,77.0,82.5,10,80.0,78.0,78.0,78.0,5.0,3900.0,35
2023-05-11 14:39:06,m2312-P-3250,m2312-P-3250,78.0,0.0,0.0,0.0,5,77.0,82.5,10,80.0,78.0,78.0,78.0,5.0,3900.0,35
2023-05-11 14:39:09,m2312-P-3250,m2312-P-3250,78.0,0.0,0.0,0.0,5,77.0,82.5,5,80.0,78.0,78.0,78.0,5.0,3900.0,35
2023-05-11 14:39:14,m2312-P-3250,m2312-P-3250,78.0,0.0,0.0,0.0,10,5.5,0.0,0,80.0,78.0,78.0,78.0,5.0,3900.0,35
2023-05-11 14:39:15,m2312-P-3250,m2312-P-3250,78.0,0.0,0.0,0.0,1,13.5,0.0,0,80.0,78.0,78.0,78.0,5.0,3900.0,35
2023-05-11 14:39:15,m2312-P-3250,m2312-P-3250,78.0,0.0,0.0,0.0,10,14.0,0.0,0,80.0,78.0,78.0,78.0,5.0,3900.0,35
2023-05-11 14:39:20,m2312-P-3250,m2312-P-3250,78.0,0.0,0.0,0.0,1,14.5,0.0,0,80.0,78.0,78.0,78.0,5.0,3900.0,35
2023-05-11 14:39:20,m2312-P-3250,m2312-P-3250,78.0,0.0,0.0,0.0,10,15.0,0.0,0,80.0,78.0,78.0,78.0,5.0,3900.0,35
2023-05-11 14:39:24,m2312-P-3250,m2312-P-3250,78.0,0.0,0.0,0.0,1,15.5,0.0,0,80.0,78.0,78.0,78.0,5.0,3900.0,35
2023-05-11 14:39:24,m2312-P-3250,m2312-P-3250,78.0,0.0,0.0,0.0,10,16.0,0.0,0,80.0,78.0,78.0,78.0,5.0,3900.0,35
2023-05-11 14:39:26,m2312-P-3250,m2312-P-3250,78.0,0.0,0.0,0.0,1,16.5,0.0,0,80.0,78.0,78.0,78.0,5.0,3900.0,35
2023-05-11 14:39:26,m2312-P-3250,m2312-P-3250,78.0,0.0,0.0,0.0,10,17.0,0.0,0,80.0,78.0,78.0,78.0,5.0,3900.0,35
2023-05-11 14:39:27,m2312-P-3250,m2312-P-3250,78.0,0.0,0.0,0.0,1,17.5,0.0,0,80.0,78.0,78.0,78.0,5.0,3900.0,35
2023-05-11 14:39:28,m2312-P-3250,m2312-P-3250,78.0,0.0,0.0,0.0,10,18.0,0.0,0,80.0,78.0,78.0,78.0,5.0,3900.0,35
2023-05-11 14:39:29,m2312-P-3250,m2312-P-3250,78.0,0.0,0.0,0.0,1,18.5,0.0,0,80.0,78.0,78.0,78.0,5.0,3900.0,35
2023-05-11 14:39:29,m2312-P-3250,m2312-P-3250,78.0,0.0,0.0,0.0,10,19.0,0.0,0,80.0,78.0,78.0,78.0,5.0,3900.0,35
2023-05-11 14:39:30,m2312-P-3250,m2312-P-3250,78.0,0.0,0.0,0.0,1,19.5,0.0,0,80.0,78.0,78.0,78.0,5.0,3900.0,35
2023-05-11 14:39:30,m2312-P-3250,m2312-P-3250,78.0,0.0,0.0,0.0,10,20.0,0.0,0,80.0,78.0,78.0,78.0,5.0,3900.0,35
2023-05-11 14:39:32,m2312-P-3250,m2312-P-3250,78.0,0.0,0.0,0.0,1,20.5,0.0,0,80.0,78.0,78.0,78.0,5.0,3900.0,35
2023-05-11 14:39:32,m2312-P-3250,m2312-P-3250,78.0,0.0,0.0,0.0,10,21.0,0.0,0,80.0,78.0,78.0,78.0,5.0,3900.0,35
2023-05-11 14:39:34,m2312-P-3250,m2312-P-3250,78.0,0.0,0.0,0.0,1,21.5,0.0,0,80.0,78.0,78.0,78.0,5.0,3900.0,35
2023-05-11 14:39:34,m2312-P-3250,m2312-P-3250,78.0,0.0,0.0,0.0,10,22.0,0.0,0,80.0,78.0,78.0,78.0,5.0,3900.0,35
2023-05-11 14:39:36,m2312-P-3250,m2312-P-3250,78.0,0.0,0.0,0.0,1,22.5,0.0,0,80.0,78.0,78.0,78.0,5.0,3900.0,35
2023-05-11 14:39:36,m2312-P-3250,m2312-P-3250,78.0,0.0,0.0,0.0,10,23.0,0.0,0,80.0,78.0,78.0,78.0,5.0,3900.0,35
2023-05-11 14:39:37,m2312-P-3250,m2312-P-3250,78.0,0.0,0.0,0.0,1,23.5,0.0,0,80.0,78.0,78.0,78.0,5.0,3900.0,35
2023-05-11 14:39:37,m2312-P-3250,m2312-P-3250,78.0,0.0,0.0,0.0,10,24.0,0.0,0,80.0,78.0,78.0,78.0,5.0,3900.0,35
2023-05-11 14:39:39,m2312-P-3250,m2312-P-3250,78.0,0.0,0.0,0.0,1,24.5,0.0,0,80.0,78.0,78.0,78.0,5.0,3900.0,35
2023-05-11 14:39:39,m2312-P-3250,m2312-P-3250,78.0,0.0,0.0,0.0,10,25.0,0.0,0,80.0,78.0,78.0,78.0,5.0,3900.0,35
2023-05-11 14:39:40,m2312-P-3250,m2312-P-3250,78.0,0.0,0.0,0.0,1,25.5,0.0,0,80.0,78.0,78.0,78.0,5.0,3900.0,35
2023-05-11 14:39:40,m2312-P-3250,m2312-P-3250,78.0,0.0,0.0,0.0,10,26.0,0.0,0,80.0,78.0,78.0,78.0,5.0,3900.0,35
2023-05-11 14:39:42,m2312-P-3250,m2312-P-3250,78.0,0.0,0.0,0.0,1,26.5,0.0,0,80.0,78.0,78.0,78.0,5.0,3900.0,35
2023-05-11 14:39:42,m2312-P-3250,m2312-P-3250,78.0,0.0,0.0,0.0,10,27.0,0.0,0,80.0,78.0,78.0,78.0,5.0,3900.0,35
2023-05-11 14:39:44,m2312-P-3250,m2312-P-3250,78.0,0.0,0.0,0.0,1,27.5,0.0,0,80.0,78.0,78.0,78.0,5.0,3900.0,35
2023-05-11 14:39:45,m2312-P-3250,m2312-P-3250,78.0,0.0,0.0,0.0,10,28.0,0.0,0,80.0,78.0,78.0,78.0,5.0,3900.0,35
2023-05-11 14:59:02,m2312-P-3250,m2312-P-3250,78.0,0.0,0.0,0.0,1,5.0,0.0,0,80.0,78.0,78.0,78.0,5.0,3900.0,35
2023-05-11 14:59:05,m2312-P-3250,m2312-P-3250,78.0,0.0,0.0,0.0,10,5.5,0.0,0,80.0,78.0,78.0,78.0,5.0,3900.0,35
2023-05-11 14:59:10,m2312-P-3250,m2312-P-3250,78.0,0.0,0.0,0.0,1,5.0,0.0,0,80.0,78.0,78.0,78.0,5.0,3900.0,35
2023-05-11 14:59:11,m2312-P-3250,m2312-P-3250,78.0,0.0,0.0,0.0,1,9.0,0.0,0,80.0,78.0,78.0,78.0,5.0,3900.0,35
2023-05-11 15:01:10,m2312-P-3250,m2312-P-3250,78.0,0.0,0.0,0.0,1,9.0,0.0,0,80.0,78.0,78.0,78.0,5.0,3900.0,35
