time,symbol_id,symbol_name,last,trade_volume,trade_amount,open_interest_change,bv1,bp1,ap1,av1,yesterday_close,today_open,today_high,today_low,volume,amount,open_interest
2023-05-10 20:55:44,m2312-C-3650,m2312-C-3650,88.5,0.0,0.0,0.0,1,0.5,0.0,0,88.5,0.0,0.0,0.0,0.0,0.0,5
2023-05-10 21:00:07,m2312-C-3650,m2312-C-3650,88.5,0.0,0.0,0.0,10,1.0,0.0,0,88.5,0.0,0.0,0.0,0.0,0.0,5
2023-05-10 21:01:46,m2312-C-3650,m2312-C-3650,88.5,0.0,0.0,0.0,1,1.5,0.0,0,88.5,0.0,0.0,0.0,0.0,0.0,5
2023-05-10 21:01:46,m2312-C-3650,m2312-C-3650,88.5,0.0,0.0,0.0,10,2.0,0.0,0,88.5,0.0,0.0,0.0,0.0,0.0,5
2023-05-10 21:02:54,m2312-C-3650,m2312-C-3650,88.5,0.0,0.0,0.0,1,2.5,0.0,0,88.5,0.0,0.0,0.0,0.0,0.0,5
2023-05-10 21:02:54,m2312-C-3650,m2312-C-3650,88.5,0.0,0.0,0.0,10,3.0,0.0,0,88.5,0.0,0.0,0.0,0.0,0.0,5
2023-05-10 21:05:04,m2312-C-3650,m2312-C-3650,88.5,0.0,0.0,0.0,1,3.5,0.0,0,88.5,0.0,0.0,0.0,0.0,0.0,5
2023-05-10 21:05:04,m2312-C-3650,m2312-C-3650,88.5,0.0,0.0,0.0,10,4.0,0.0,0,88.5,0.0,0.0,0.0,0.0,0.0,5
2023-05-10 21:07:12,m2312-C-3650,m2312-C-3650,88.5,0.0,0.0,0.0,1,4.5,0.0,0,88.5,0.0,0.0,0.0,0.0,0.0,5
2023-05-10 21:07:12,m2312-C-3650,m2312-C-3650,88.5,0.0,0.0,0.0,10,5.0,0.0,0,88.5,0.0,0.0,0.0,0.0,0.0,5
2023-05-10 21:07:22,m2312-C-3650,m2312-C-3650,88.5,0.0,0.0,0.0,1,5.5,0.0,0,88.5,0.0,0.0,0.0,0.0,0.0,5
2023-05-10 21:07:22,m2312-C-3650,m2312-C-3650,88.5,0.0,0.0,0.0,10,6.0,0.0,0,88.5,0.0,0.0,0.0,0.0,0.0,5
2023-05-10 21:07:26,m2312-C-3650,m2312-C-3650,88.5,0.0,0.0,0.0,1,6.5,0.0,0,88.5,0.0,0.0,0.0,0.0,0.0,5
2023-05-10 21:07:26,m2312-C-3650,m2312-C-3650,88.5,0.0,0.0,0.0,10,7.0,0.0,0,88.5,0.0,0.0,0.0,0.0,0.0,5
2023-05-10 21:08:37,m2312-C-3650,m2312-C-3650,88.5,0.0,0.0,0.0,10,8.0,0.0,0,88.5,0.0,0.0,0.0,0.0,0.0,5
2023-05-10 21:08:40,m2312-C-3650,m2312-C-3650,88.5,0.0,0.0,0.0,1,8.5,0.0,0,88.5,0.0,0.0,0.0,0.0,0.0,5
2023-05-10 21:08:40,m2312-C-3650,m2312-C-3650,88.5,0.0,0.0,0.0,10,9.0,0.0,0,88.5,0.0,0.0,0.0,0.0,0.0,5
2023-05-10 21:08:44,m2312-C-3650,m2312-C-3650,88.5,0.0,0.0,0.0,1,9.5,0.0,0,88.5,0.0,0.0,0.0,0.0,0.0,5
2023-05-10 21:08:44,m2312-C-3650,m2312-C-3650,88.5,0.0,0.0,0.0,10,10.0,0.0,0,88.5,0.0,0.0,0.0,0.0,0.0,5
2023-05-10 21:08:48,m2312-C-3650,m2312-C-3650,88.5,0.0,0.0,0.0,1,10.5,0.0,0,88.5,0.0,0.0,0.0,0.0,0.0,5
2023-05-10 21:08:48,m2312-C-3650,m2312-C-3650,88.5,0.0,0.0,0.0,10,11.0,0.0,0,88.5,0.0,0.0,0.0,0.0,0.0,5
2023-05-10 21:08:51,m2312-C-3650,m2312-C-3650,88.5,0.0,0.0,0.0,1,11.5,0.0,0,88.5,0.0,0.0,0.0,0.0,0.0,5
2023-05-10 21:08:51,m2312-C-3650,m2312-C-3650,88.5,0.0,0.0,0.0,10,12.0,0.0,0,88.5,0.0,0.0,0.0,0.0,0.0,5
2023-05-10 21:08:55,m2312-C-3650,m2312-C-3650,88.5,0.0,0.0,0.0,1,12.5,0.0,0,88.5,0.0,0.0,0.0,0.0,0.0,5
2023-05-10 21:08:55,m2312-C-3650,m2312-C-3650,88.5,0.0,0.0,0.0,10,13.0,0.0,0,88.5,0.0,0.0,0.0,0.0,0.0,5
2023-05-10 21:08:58,m2312-C-3650,m2312-C-3650,88.5,0.0,0.0,0.0,1,13.5,0.0,0,88.5,0.0,0.0,0.0,0.0,0.0,5
2023-05-10 21:08:58,m2312-C-3650,m2312-C-3650,88.5,0.0,0.0,0.0,10,14.0,0.0,0,88.5,0.0,0.0,0.0,0.0,0.0,5
2023-05-10 21:09:01,m2312-C-3650,m2312-C-3650,88.5,0.0,0.0,0.0,1,14.5,0.0,0,88.5,0.0,0.0,0.0,0.0,0.0,5
2023-05-10 21:09:01,m2312-C-3650,m2312-C-3650,88.5,0.0,0.0,0.0,10,15.0,0.0,0,88.5,0.0,0.0,0.0,0.0,0.0,5
2023-05-10 21:09:04,m2312-C-3650,m2312-C-3650,88.5,0.0,0.0,0.0,1,15.5,0.0,0,88.5,0.0,0.0,0.0,0.0,0.0,5
2023-05-10 21:09:04,m2312-C-3650,m2312-C-3650,88.5,0.0,0.0,0.0,10,16.0,0.0,0,88.5,0.0,0.0,0.0,0.0,0.0,5
2023-05-10 21:09:07,m2312-C-3650,m2312-C-3650,88.5,0.0,0.0,0.0,1,16.5,0.0,0,88.5,0.0,0.0,0.0,0.0,0.0,5
2023-05-10 21:09:07,m2312-C-3650,m2312-C-3650,88.5,0.0,0.0,0.0,10,17.0,0.0,0,88.5,0.0,0.0,0.0,0.0,0.0,5
2023-05-10 21:09:11,m2312-C-3650,m2312-C-3650,88.5,0.0,0.0,0.0,1,17.5,0.0,0,88.5,0.0,0.0,0.0,0.0,0.0,5
2023-05-10 21:09:11,m2312-C-3650,m2312-C-3650,88.5,0.0,0.0,0.0,10,18.0,0.0,0,88.5,0.0,0.0,0.0,0.0,0.0,5
2023-05-10 21:09:19,m2312-C-3650,m2312-C-3650,88.5,0.0,0.0,0.0,1,18.5,0.0,0,88.5,0.0,0.0,0.0,0.0,0.0,5
2023-05-10 21:09:19,m2312-C-3650,m2312-C-3650,88.5,0.0,0.0,0.0,10,19.0,0.0,0,88.5,0.0,0.0,0.0,0.0,0.0,5
2023-05-10 21:09:26,m2312-C-3650,m2312-C-3650,88.5,0.0,0.0,0.0,1,19.5,0.0,0,88.5,0.0,0.0,0.0,0.0,0.0,5
2023-05-10 21:09:26,m2312-C-3650,m2312-C-3650,88.5,0.0,0.0,0.0,10,20.0,0.0,0,88.5,0.0,0.0,0.0,0.0,0.0,5
2023-05-10 21:09:33,m2312-C-3650,m2312-C-3650,88.5,0.0,0.0,0.0,1,20.5,0.0,0,88.5,0.0,0.0,0.0,0.0,0.0,5
2023-05-10 21:09:33,m2312-C-3650,m2312-C-3650,88.5,0.0,0.0,0.0,10,21.0,0.0,0,88.5,0.0,0.0,0.0,0.0,0.0,5
2023-05-10 21:09:40,m2312-C-3650,m2312-C-3650,88.5,0.0,0.0,0.0,1,21.5,0.0,0,88.5,0.0,0.0,0.0,0.0,0.0,5
2023-05-10 21:09:40,m2312-C-3650,m2312-C-3650,88.5,0.0,0.0,0.0,10,22.0,0.0,0,88.5,0.0,0.0,0.0,0.0,0.0,5
2023-05-10 21:09:44,m2312-C-3650,m2312-C-3650,88.5,0.0,0.0,0.0,1,22.5,0.0,0,88.5,0.0,0.0,0.0,0.0,0.0,5
2023-05-10 21:09:44,m2312-C-3650,m2312-C-3650,88.5,0.0,0.0,0.0,10,23.0,0.0,0,88.5,0.0,0.0,0.0,0.0,0.0,5
2023-05-10 21:09:59,m2312-C-3650,m2312-C-3650,88.5,0.0,0.0,0.0,1,23.5,0.0,0,88.5,0.0,0.0,0.0,0.0,0.0,5
2023-05-10 21:09:59,m2312-C-3650,m2312-C-3650,88.5,0.0,0.0,0.0,10,24.0,0.0,0,88.5,0.0,0.0,0.0,0.0,0.0,5
2023-05-10 21:10:04,m2312-C-3650,m2312-C-3650,88.5,0.0,0.0,0.0,1,24.5,0.0,0,88.5,0.0,0.0,0.0,0.0,0.0,5
2023-05-10 21:10:04,m2312-C-3650,m2312-C-3650,88.5,0.0,0.0,0.0,10,25.0,0.0,0,88.5,0.0,0.0,0.0,0.0,0.0,5
2023-05-10 21:10:26,m2312-C-3650,m2312-C-3650,88.5,0.0,0.0,0.0,1,25.5,0.0,0,88.5,0.0,0.0,0.0,0.0,0.0,5
2023-05-10 21:10:26,m2312-C-3650,m2312-C-3650,88.5,0.0,0.0,0.0,10,26.0,0.0,0,88.5,0.0,0.0,0.0,0.0,0.0,5
2023-05-10 21:11:02,m2312-C-3650,m2312-C-3650,88.5,0.0,0.0,0.0,1,26.5,0.0,0,88.5,0.0,0.0,0.0,0.0,0.0,5
2023-05-10 21:11:02,m2312-C-3650,m2312-C-3650,88.5,0.0,0.0,0.0,10,27.0,0.0,0,88.5,0.0,0.0,0.0,0.0,0.0,5
2023-05-10 21:11:16,m2312-C-3650,m2312-C-3650,88.5,0.0,0.0,0.0,1,27.5,0.0,0,88.5,0.0,0.0,0.0,0.0,0.0,5
2023-05-10 21:11:16,m2312-C-3650,m2312-C-3650,88.5,0.0,0.0,0.0,10,28.0,0.0,0,88.5,0.0,0.0,0.0,0.0,0.0,5
2023-05-10 21:11:23,m2312-C-3650,m2312-C-3650,88.5,0.0,0.0,0.0,1,28.5,0.0,0,88.5,0.0,0.0,0.0,0.0,0.0,5
2023-05-10 21:11:23,m2312-C-3650,m2312-C-3650,88.5,0.0,0.0,0.0,10,29.0,0.0,0,88.5,0.0,0.0,0.0,0.0,0.0,5
2023-05-10 21:11:25,m2312-C-3650,m2312-C-3650,88.5,0.0,0.0,0.0,1,29.5,0.0,0,88.5,0.0,0.0,0.0,0.0,0.0,5
2023-05-10 21:11:25,m2312-C-3650,m2312-C-3650,88.5,0.0,0.0,0.0,10,30.0,0.0,0,88.5,0.0,0.0,0.0,0.0,0.0,5
2023-05-10 21:11:26,m2312-C-3650,m2312-C-3650,88.5,0.0,0.0,0.0,1,30.5,0.0,0,88.5,0.0,0.0,0.0,0.0,0.0,5
2023-05-10 21:11:26,m2312-C-3650,m2312-C-3650,88.5,0.0,0.0,0.0,10,31.0,0.0,0,88.5,0.0,0.0,0.0,0.0,0.0,5
2023-05-10 21:11:28,m2312-C-3650,m2312-C-3650,88.5,0.0,0.0,0.0,1,31.5,0.0,0,88.5,0.0,0.0,0.0,0.0,0.0,5
2023-05-10 21:11:28,m2312-C-3650,m2312-C-3650,88.5,0.0,0.0,0.0,10,32.0,0.0,0,88.5,0.0,0.0,0.0,0.0,0.0,5
2023-05-10 21:11:30,m2312-C-3650,m2312-C-3650,88.5,0.0,0.0,0.0,1,32.5,0.0,0,88.5,0.0,0.0,0.0,0.0,0.0,5
2023-05-10 21:11:30,m2312-C-3650,m2312-C-3650,88.5,0.0,0.0,0.0,10,33.0,0.0,0,88.5,0.0,0.0,0.0,0.0,0.0,5
2023-05-10 21:11:31,m2312-C-3650,m2312-C-3650,88.5,0.0,0.0,0.0,1,33.5,0.0,0,88.5,0.0,0.0,0.0,0.0,0.0,5
2023-05-10 21:11:31,m2312-C-3650,m2312-C-3650,88.5,0.0,0.0,0.0,10,34.0,0.0,0,88.5,0.0,0.0,0.0,0.0,0.0,5
2023-05-10 21:11:33,m2312-C-3650,m2312-C-3650,88.5,0.0,0.0,0.0,1,34.5,0.0,0,88.5,0.0,0.0,0.0,0.0,0.0,5
2023-05-10 21:11:33,m2312-C-3650,m2312-C-3650,88.5,0.0,0.0,0.0,10,35.0,0.0,0,88.5,0.0,0.0,0.0,0.0,0.0,5
2023-05-10 21:11:35,m2312-C-3650,m2312-C-3650,88.5,0.0,0.0,0.0,1,35.5,0.0,0,88.5,0.0,0.0,0.0,0.0,0.0,5
2023-05-10 21:11:35,m2312-C-3650,m2312-C-3650,88.5,0.0,0.0,0.0,10,36.0,0.0,0,88.5,0.0,0.0,0.0,0.0,0.0,5
2023-05-10 21:11:36,m2312-C-3650,m2312-C-3650,88.5,0.0,0.0,0.0,1,36.5,0.0,0,88.5,0.0,0.0,0.0,0.0,0.0,5
2023-05-10 21:11:36,m2312-C-3650,m2312-C-3650,88.5,0.0,0.0,0.0,10,37.0,0.0,0,88.5,0.0,0.0,0.0,0.0,0.0,5
2023-05-10 21:11:38,m2312-C-3650,m2312-C-3650,88.5,0.0,0.0,0.0,1,37.5,0.0,0,88.5,0.0,0.0,0.0,0.0,0.0,5
2023-05-10 21:11:38,m2312-C-3650,m2312-C-3650,88.5,0.0,0.0,0.0,10,38.0,0.0,0,88.5,0.0,0.0,0.0,0.0,0.0,5
2023-05-10 21:11:39,m2312-C-3650,m2312-C-3650,88.5,0.0,0.0,0.0,1,38.5,0.0,0,88.5,0.0,0.0,0.0,0.0,0.0,5
2023-05-10 21:11:39,m2312-C-3650,m2312-C-3650,88.5,0.0,0.0,0.0,10,39.0,0.0,0,88.5,0.0,0.0,0.0,0.0,0.0,5
2023-05-10 21:37:02,m2312-C-3650,m2312-C-3650,88.5,0.0,0.0,0.0,10,39.0,293.5,10,88.5,0.0,0.0,0.0,0.0,0.0,5
2023-05-10 21:37:06,m2312-C-3650,m2312-C-3650,88.5,0.0,0.0,0.0,10,39.0,293.0,1,88.5,0.0,0.0,0.0,0.0,0.0,5
2023-05-10 21:37:07,m2312-C-3650,m2312-C-3650,88.5,0.0,0.0,0.0,10,39.0,292.5,10,88.5,0.0,0.0,0.0,0.0,0.0,5
2023-05-10 21:37:14,m2312-C-3650,m2312-C-3650,88.5,0.0,0.0,0.0,10,39.0,292.0,1,88.5,0.0,0.0,0.0,0.0,0.0,5
2023-05-10 21:37:14,m2312-C-3650,m2312-C-3650,88.5,0.0,0.0,0.0,10,39.0,291.5,10,88.5,0.0,0.0,0.0,0.0,0.0,5
2023-05-10 21:37:17,m2312-C-3650,m2312-C-3650,88.5,0.0,0.0,0.0,10,39.0,291.0,1,88.5,0.0,0.0,0.0,0.0,0.0,5
2023-05-10 21:37:17,m2312-C-3650,m2312-C-3650,88.5,0.0,0.0,0.0,10,39.0,290.5,10,88.5,0.0,0.0,0.0,0.0,0.0,5
2023-05-10 21:37:21,m2312-C-3650,m2312-C-3650,88.5,0.0,0.0,0.0,10,39.0,290.0,1,88.5,0.0,0.0,0.0,0.0,0.0,5
2023-05-10 21:37:21,m2312-C-3650,m2312-C-3650,88.5,0.0,0.0,0.0,10,39.0,289.5,10,88.5,0.0,0.0,0.0,0.0,0.0,5
2023-05-10 21:37:26,m2312-C-3650,m2312-C-3650,88.5,0.0,0.0,0.0,10,39.0,289.0,1,88.5,0.0,0.0,0.0,0.0,0.0,5
2023-05-10 21:37:27,m2312-C-3650,m2312-C-3650,88.5,0.0,0.0,0.0,10,39.0,288.5,10,88.5,0.0,0.0,0.0,0.0,0.0,5
2023-05-10 21:37:33,m2312-C-3650,m2312-C-3650,88.5,0.0,0.0,0.0,10,39.0,288.0,1,88.5,0.0,0.0,0.0,0.0,0.0,5
2023-05-10 21:37:33,m2312-C-3650,m2312-C-3650,88.5,0.0,0.0,0.0,10,39.0,287.5,10,88.5,0.0,0.0,0.0,0.0,0.0,5
2023-05-10 21:37:38,m2312-C-3650,m2312-C-3650,88.5,0.0,0.0,0.0,10,39.0,287.0,1,88.5,0.0,0.0,0.0,0.0,0.0,5
2023-05-10 21:37:38,m2312-C-3650,m2312-C-3650,88.5,0.0,0.0,0.0,10,39.0,286.5,10,88.5,0.0,0.0,0.0,0.0,0.0,5
2023-05-10 21:37:42,m2312-C-3650,m2312-C-3650,88.5,0.0,0.0,0.0,10,39.0,286.0,1,88.5,0.0,0.0,0.0,0.0,0.0,5
2023-05-10 21:37:42,m2312-C-3650,m2312-C-3650,88.5,0.0,0.0,0.0,10,39.0,285.5,10,88.5,0.0,0.0,0.0,0.0,0.0,5
2023-05-10 21:37:45,m2312-C-3650,m2312-C-3650,88.5,0.0,0.0,0.0,10,39.0,285.0,1,88.5,0.0,0.0,0.0,0.0,0.0,5
2023-05-10 21:37:45,m2312-C-3650,m2312-C-3650,88.5,0.0,0.0,0.0,10,39.0,284.5,10,88.5,0.0,0.0,0.0,0.0,0.0,5
2023-05-10 21:37:49,m2312-C-3650,m2312-C-3650,88.5,0.0,0.0,0.0,10,39.0,284.0,1,88.5,0.0,0.0,0.0,0.0,0.0,5
2023-05-10 21:37:49,m2312-C-3650,m2312-C-3650,88.5,0.0,0.0,0.0,10,39.0,283.5,10,88.5,0.0,0.0,0.0,0.0,0.0,5
2023-05-10 21:37:53,m2312-C-3650,m2312-C-3650,88.5,0.0,0.0,0.0,10,39.0,283.0,1,88.5,0.0,0.0,0.0,0.0,0.0,5
2023-05-10 21:37:53,m2312-C-3650,m2312-C-3650,88.5,0.0,0.0,0.0,10,39.0,282.5,10,88.5,0.0,0.0,0.0,0.0,0.0,5
2023-05-10 21:37:59,m2312-C-3650,m2312-C-3650,88.5,0.0,0.0,0.0,10,39.0,282.0,1,88.5,0.0,0.0,0.0,0.0,0.0,5
2023-05-10 21:38:00,m2312-C-3650,m2312-C-3650,88.5,0.0,0.0,0.0,10,39.0,281.5,10,88.5,0.0,0.0,0.0,0.0,0.0,5
2023-05-10 21:38:05,m2312-C-3650,m2312-C-3650,88.5,0.0,0.0,0.0,10,39.0,281.0,1,88.5,0.0,0.0,0.0,0.0,0.0,5
2023-05-10 21:38:06,m2312-C-3650,m2312-C-3650,88.5,0.0,0.0,0.0,10,39.0,280.5,10,88.5,0.0,0.0,0.0,0.0,0.0,5
2023-05-10 21:38:13,m2312-C-3650,m2312-C-3650,88.5,0.0,0.0,0.0,10,39.0,280.0,1,88.5,0.0,0.0,0.0,0.0,0.0,5
2023-05-10 21:38:13,m2312-C-3650,m2312-C-3650,88.5,0.0,0.0,0.0,10,39.0,279.5,10,88.5,0.0,0.0,0.0,0.0,0.0,5
2023-05-10 21:38:16,m2312-C-3650,m2312-C-3650,88.5,0.0,0.0,0.0,10,39.0,279.0,1,88.5,0.0,0.0,0.0,0.0,0.0,5
2023-05-10 21:38:16,m2312-C-3650,m2312-C-3650,88.5,0.0,0.0,0.0,10,39.0,278.5,10,88.5,0.0,0.0,0.0,0.0,0.0,5
2023-05-10 21:38:20,m2312-C-3650,m2312-C-3650,88.5,0.0,0.0,0.0,10,39.0,278.0,1,88.5,0.0,0.0,0.0,0.0,0.0,5
2023-05-10 21:38:20,m2312-C-3650,m2312-C-3650,88.5,0.0,0.0,0.0,10,39.0,277.5,10,88.5,0.0,0.0,0.0,0.0,0.0,5
2023-05-10 21:38:25,m2312-C-3650,m2312-C-3650,88.5,0.0,0.0,0.0,10,39.0,277.0,1,88.5,0.0,0.0,0.0,0.0,0.0,5
2023-05-10 21:38:25,m2312-C-3650,m2312-C-3650,88.5,0.0,0.0,0.0,10,39.0,276.5,10,88.5,0.0,0.0,0.0,0.0,0.0,5
2023-05-10 21:38:30,m2312-C-3650,m2312-C-3650,88.5,0.0,0.0,0.0,10,39.0,276.0,1,88.5,0.0,0.0,0.0,0.0,0.0,5
2023-05-10 21:38:30,m2312-C-3650,m2312-C-3650,88.5,0.0,0.0,0.0,10,39.0,275.5,10,88.5,0.0,0.0,0.0,0.0,0.0,5
2023-05-10 21:38:34,m2312-C-3650,m2312-C-3650,88.5,0.0,0.0,0.0,10,39.0,275.0,1,88.5,0.0,0.0,0.0,0.0,0.0,5
2023-05-10 21:38:34,m2312-C-3650,m2312-C-3650,88.5,0.0,0.0,0.0,10,39.0,274.5,10,88.5,0.0,0.0,0.0,0.0,0.0,5
2023-05-10 21:38:38,m2312-C-3650,m2312-C-3650,88.5,0.0,0.0,0.0,10,39.0,274.0,1,88.5,0.0,0.0,0.0,0.0,0.0,5
2023-05-10 21:38:38,m2312-C-3650,m2312-C-3650,88.5,0.0,0.0,0.0,10,39.0,273.5,10,88.5,0.0,0.0,0.0,0.0,0.0,5
2023-05-10 21:38:43,m2312-C-3650,m2312-C-3650,88.5,0.0,0.0,0.0,10,39.0,273.0,1,88.5,0.0,0.0,0.0,0.0,0.0,5
2023-05-10 21:38:43,m2312-C-3650,m2312-C-3650,88.5,0.0,0.0,0.0,10,39.0,272.5,10,88.5,0.0,0.0,0.0,0.0,0.0,5
2023-05-10 21:38:48,m2312-C-3650,m2312-C-3650,88.5,0.0,0.0,0.0,10,39.0,272.0,1,88.5,0.0,0.0,0.0,0.0,0.0,5
2023-05-10 21:38:48,m2312-C-3650,m2312-C-3650,88.5,0.0,0.0,0.0,10,39.0,271.5,10,88.5,0.0,0.0,0.0,0.0,0.0,5
2023-05-10 21:38:51,m2312-C-3650,m2312-C-3650,88.5,0.0,0.0,0.0,10,39.0,271.0,1,88.5,0.0,0.0,0.0,0.0,0.0,5
2023-05-10 21:38:51,m2312-C-3650,m2312-C-3650,88.5,0.0,0.0,0.0,10,39.0,270.5,10,88.5,0.0,0.0,0.0,0.0,0.0,5
2023-05-10 21:38:58,m2312-C-3650,m2312-C-3650,88.5,0.0,0.0,0.0,10,39.0,270.0,1,88.5,0.0,0.0,0.0,0.0,0.0,5
2023-05-10 21:38:59,m2312-C-3650,m2312-C-3650,88.5,0.0,0.0,0.0,10,39.0,269.5,10,88.5,0.0,0.0,0.0,0.0,0.0,5
2023-05-10 21:39:02,m2312-C-3650,m2312-C-3650,88.5,0.0,0.0,0.0,10,39.0,269.0,1,88.5,0.0,0.0,0.0,0.0,0.0,5
2023-05-10 21:39:03,m2312-C-3650,m2312-C-3650,88.5,0.0,0.0,0.0,10,39.0,268.5,10,88.5,0.0,0.0,0.0,0.0,0.0,5
2023-05-10 21:39:05,m2312-C-3650,m2312-C-3650,88.5,0.0,0.0,0.0,10,39.0,268.0,1,88.5,0.0,0.0,0.0,0.0,0.0,5
2023-05-10 21:39:06,m2312-C-3650,m2312-C-3650,88.5,0.0,0.0,0.0,10,39.0,267.5,10,88.5,0.0,0.0,0.0,0.0,0.0,5
2023-05-10 21:39:10,m2312-C-3650,m2312-C-3650,88.5,0.0,0.0,0.0,10,39.0,267.0,1,88.5,0.0,0.0,0.0,0.0,0.0,5
2023-05-10 21:39:10,m2312-C-3650,m2312-C-3650,88.5,0.0,0.0,0.0,10,39.0,266.5,10,88.5,0.0,0.0,0.0,0.0,0.0,5
2023-05-10 21:39:13,m2312-C-3650,m2312-C-3650,88.5,0.0,0.0,0.0,10,39.0,266.0,1,88.5,0.0,0.0,0.0,0.0,0.0,5
2023-05-10 21:39:14,m2312-C-3650,m2312-C-3650,88.5,0.0,0.0,0.0,10,39.0,265.5,10,88.5,0.0,0.0,0.0,0.0,0.0,5
2023-05-10 21:39:16,m2312-C-3650,m2312-C-3650,88.5,0.0,0.0,0.0,10,39.0,265.0,1,88.5,0.0,0.0,0.0,0.0,0.0,5
2023-05-10 21:39:17,m2312-C-3650,m2312-C-3650,88.5,0.0,0.0,0.0,10,39.0,264.5,10,88.5,0.0,0.0,0.0,0.0,0.0,5
2023-05-10 21:39:19,m2312-C-3650,m2312-C-3650,88.5,0.0,0.0,0.0,10,39.0,264.0,1,88.5,0.0,0.0,0.0,0.0,0.0,5
2023-05-10 21:39:19,m2312-C-3650,m2312-C-3650,88.5,0.0,0.0,0.0,10,39.0,263.5,10,88.5,0.0,0.0,0.0,0.0,0.0,5
2023-05-10 21:39:25,m2312-C-3650,m2312-C-3650,88.5,0.0,0.0,0.0,10,39.0,263.0,1,88.5,0.0,0.0,0.0,0.0,0.0,5
2023-05-10 21:39:25,m2312-C-3650,m2312-C-3650,88.5,0.0,0.0,0.0,10,39.0,262.5,10,88.5,0.0,0.0,0.0,0.0,0.0,5
2023-05-10 21:39:29,m2312-C-3650,m2312-C-3650,88.5,0.0,0.0,0.0,10,39.0,262.0,1,88.5,0.0,0.0,0.0,0.0,0.0,5
2023-05-10 21:39:30,m2312-C-3650,m2312-C-3650,88.5,0.0,0.0,0.0,10,39.0,261.5,10,88.5,0.0,0.0,0.0,0.0,0.0,5
2023-05-10 21:39:34,m2312-C-3650,m2312-C-3650,88.5,0.0,0.0,0.0,10,39.0,261.0,1,88.5,0.0,0.0,0.0,0.0,0.0,5
2023-05-10 21:39:34,m2312-C-3650,m2312-C-3650,88.5,0.0,0.0,0.0,10,39.0,260.5,10,88.5,0.0,0.0,0.0,0.0,0.0,5
2023-05-10 21:39:38,m2312-C-3650,m2312-C-3650,88.5,0.0,0.0,0.0,10,39.0,260.0,1,88.5,0.0,0.0,0.0,0.0,0.0,5
2023-05-10 21:39:39,m2312-C-3650,m2312-C-3650,88.5,0.0,0.0,0.0,10,39.0,259.5,10,88.5,0.0,0.0,0.0,0.0,0.0,5
2023-05-10 21:39:42,m2312-C-3650,m2312-C-3650,88.5,0.0,0.0,0.0,10,39.0,259.0,1,88.5,0.0,0.0,0.0,0.0,0.0,5
2023-05-10 21:39:43,m2312-C-3650,m2312-C-3650,88.5,0.0,0.0,0.0,10,39.0,258.5,10,88.5,0.0,0.0,0.0,0.0,0.0,5
2023-05-10 21:39:45,m2312-C-3650,m2312-C-3650,88.5,0.0,0.0,0.0,10,39.0,258.0,1,88.5,0.0,0.0,0.0,0.0,0.0,5
2023-05-10 21:39:46,m2312-C-3650,m2312-C-3650,88.5,0.0,0.0,0.0,10,39.0,257.5,10,88.5,0.0,0.0,0.0,0.0,0.0,5
2023-05-10 21:39:50,m2312-C-3650,m2312-C-3650,88.5,0.0,0.0,0.0,10,39.0,257.0,1,88.5,0.0,0.0,0.0,0.0,0.0,5
2023-05-10 21:39:50,m2312-C-3650,m2312-C-3650,88.5,0.0,0.0,0.0,10,39.0,256.5,10,88.5,0.0,0.0,0.0,0.0,0.0,5
2023-05-10 21:39:54,m2312-C-3650,m2312-C-3650,88.5,0.0,0.0,0.0,10,39.0,256.0,1,88.5,0.0,0.0,0.0,0.0,0.0,5
2023-05-10 21:39:54,m2312-C-3650,m2312-C-3650,88.5,0.0,0.0,0.0,10,39.0,255.5,10,88.5,0.0,0.0,0.0,0.0,0.0,5
2023-05-10 21:39:59,m2312-C-3650,m2312-C-3650,88.5,0.0,0.0,0.0,10,39.0,255.0,1,88.5,0.0,0.0,0.0,0.0,0.0,5
2023-05-10 21:39:59,m2312-C-3650,m2312-C-3650,88.5,0.0,0.0,0.0,10,39.0,254.5,10,88.5,0.0,0.0,0.0,0.0,0.0,5
2023-05-10 21:40:03,m2312-C-3650,m2312-C-3650,88.5,0.0,0.0,0.0,10,39.0,254.0,1,88.5,0.0,0.0,0.0,0.0,0.0,5
2023-05-10 21:40:03,m2312-C-3650,m2312-C-3650,88.5,0.0,0.0,0.0,10,39.0,253.5,10,88.5,0.0,0.0,0.0,0.0,0.0,5
2023-05-10 21:40:07,m2312-C-3650,m2312-C-3650,88.5,0.0,0.0,0.0,10,39.0,253.0,1,88.5,0.0,0.0,0.0,0.0,0.0,5
2023-05-10 21:40:07,m2312-C-3650,m2312-C-3650,88.5,0.0,0.0,0.0,10,39.0,252.5,10,88.5,0.0,0.0,0.0,0.0,0.0,5
2023-05-10 21:40:11,m2312-C-3650,m2312-C-3650,88.5,0.0,0.0,0.0,10,39.0,252.0,1,88.5,0.0,0.0,0.0,0.0,0.0,5
2023-05-10 21:40:11,m2312-C-3650,m2312-C-3650,88.5,0.0,0.0,0.0,10,39.0,251.5,10,88.5,0.0,0.0,0.0,0.0,0.0,5
2023-05-10 21:40:15,m2312-C-3650,m2312-C-3650,88.5,0.0,0.0,0.0,10,39.0,251.0,1,88.5,0.0,0.0,0.0,0.0,0.0,5
2023-05-10 21:40:15,m2312-C-3650,m2312-C-3650,88.5,0.0,0.0,0.0,10,39.0,250.5,10,88.5,0.0,0.0,0.0,0.0,0.0,5
2023-05-10 21:40:19,m2312-C-3650,m2312-C-3650,88.5,0.0,0.0,0.0,10,39.0,250.0,1,88.5,0.0,0.0,0.0,0.0,0.0,5
2023-05-10 21:40:19,m2312-C-3650,m2312-C-3650,88.5,0.0,0.0,0.0,10,39.0,249.5,10,88.5,0.0,0.0,0.0,0.0,0.0,5
2023-05-10 21:40:23,m2312-C-3650,m2312-C-3650,88.5,0.0,0.0,0.0,10,39.0,249.0,1,88.5,0.0,0.0,0.0,0.0,0.0,5
2023-05-10 21:40:23,m2312-C-3650,m2312-C-3650,88.5,0.0,0.0,0.0,10,39.0,248.5,10,88.5,0.0,0.0,0.0,0.0,0.0,5
2023-05-10 21:40:27,m2312-C-3650,m2312-C-3650,88.5,0.0,0.0,0.0,10,39.0,248.0,1,88.5,0.0,0.0,0.0,0.0,0.0,5
2023-05-10 21:40:28,m2312-C-3650,m2312-C-3650,88.5,0.0,0.0,0.0,10,39.0,247.5,10,88.5,0.0,0.0,0.0,0.0,0.0,5
2023-05-10 21:40:31,m2312-C-3650,m2312-C-3650,88.5,0.0,0.0,0.0,10,39.0,247.0,1,88.5,0.0,0.0,0.0,0.0,0.0,5
2023-05-10 21:40:31,m2312-C-3650,m2312-C-3650,88.5,0.0,0.0,0.0,10,39.0,246.5,10,88.5,0.0,0.0,0.0,0.0,0.0,5
2023-05-10 21:40:35,m2312-C-3650,m2312-C-3650,88.5,0.0,0.0,0.0,10,39.0,246.0,1,88.5,0.0,0.0,0.0,0.0,0.0,5
2023-05-10 21:40:35,m2312-C-3650,m2312-C-3650,88.5,0.0,0.0,0.0,10,39.0,245.5,10,88.5,0.0,0.0,0.0,0.0,0.0,5
2023-05-10 22:57:33,m2312-C-3650,m2312-C-3650,88.5,0.0,0.0,0.0,1,2.5,0.0,0,88.5,0.0,0.0,0.0,0.0,0.0,5
2023-05-10 22:59:16,m2312-C-3650,m2312-C-3650,88.5,0.0,0.0,0.0,10,3.0,0.0,0,88.5,0.0,0.0,0.0,0.0,0.0,5
2023-05-10 22:59:56,m2312-C-3650,m2312-C-3650,88.5,0.0,0.0,0.0,1,2.5,0.0,0,88.5,0.0,0.0,0.0,0.0,0.0,5
2023-05-11 09:00:04,m2312-C-3650,m2312-C-3650,88.5,0.0,0.0,0.0,10,3.0,0.0,0,88.5,0.0,0.0,0.0,0.0,0.0,5
2023-05-11 09:00:52,m2312-C-3650,m2312-C-3650,88.5,0.0,0.0,0.0,1,3.5,0.0,0,88.5,0.0,0.0,0.0,0.0,0.0,5
2023-05-11 09:00:52,m2312-C-3650,m2312-C-3650,88.5,0.0,0.0,0.0,10,4.0,0.0,0,88.5,0.0,0.0,0.0,0.0,0.0,5
2023-05-11 09:02:02,m2312-C-3650,m2312-C-3650,88.5,0.0,0.0,0.0,1,4.5,0.0,0,88.5,0.0,0.0,0.0,0.0,0.0,5
2023-05-11 09:02:02,m2312-C-3650,m2312-C-3650,88.5,0.0,0.0,0.0,10,5.0,0.0,0,88.5,0.0,0.0,0.0,0.0,0.0,5
2023-05-11 09:03:08,m2312-C-3650,m2312-C-3650,88.5,0.0,0.0,0.0,1,5.5,0.0,0,88.5,0.0,0.0,0.0,0.0,0.0,5
2023-05-11 09:03:08,m2312-C-3650,m2312-C-3650,88.5,0.0,0.0,0.0,10,6.0,0.0,0,88.5,0.0,0.0,0.0,0.0,0.0,5
2023-05-11 09:03:15,m2312-C-3650,m2312-C-3650,88.5,0.0,0.0,0.0,1,6.5,0.0,0,88.5,0.0,0.0,0.0,0.0,0.0,5
2023-05-11 09:03:15,m2312-C-3650,m2312-C-3650,88.5,0.0,0.0,0.0,10,7.0,0.0,0,88.5,0.0,0.0,0.0,0.0,0.0,5
2023-05-11 09:03:38,m2312-C-3650,m2312-C-3650,88.5,0.0,0.0,0.0,1,7.5,0.0,0,88.5,0.0,0.0,0.0,0.0,0.0,5
2023-05-11 09:03:38,m2312-C-3650,m2312-C-3650,88.5,0.0,0.0,0.0,10,8.0,0.0,0,88.5,0.0,0.0,0.0,0.0,0.0,5
2023-05-11 09:03:44,m2312-C-3650,m2312-C-3650,88.5,0.0,0.0,0.0,1,8.5,0.0,0,88.5,0.0,0.0,0.0,0.0,0.0,5
2023-05-11 09:03:44,m2312-C-3650,m2312-C-3650,88.5,0.0,0.0,0.0,10,9.0,0.0,0,88.5,0.0,0.0,0.0,0.0,0.0,5
2023-05-11 09:03:47,m2312-C-3650,m2312-C-3650,88.5,0.0,0.0,0.0,1,9.5,0.0,0,88.5,0.0,0.0,0.0,0.0,0.0,5
2023-05-11 09:03:47,m2312-C-3650,m2312-C-3650,88.5,0.0,0.0,0.0,10,10.0,0.0,0,88.5,0.0,0.0,0.0,0.0,0.0,5
2023-05-11 09:03:51,m2312-C-3650,m2312-C-3650,88.5,0.0,0.0,0.0,1,10.5,0.0,0,88.5,0.0,0.0,0.0,0.0,0.0,5
2023-05-11 09:03:52,m2312-C-3650,m2312-C-3650,88.5,0.0,0.0,0.0,10,11.0,0.0,0,88.5,0.0,0.0,0.0,0.0,0.0,5
2023-05-11 09:03:53,m2312-C-3650,m2312-C-3650,88.5,0.0,0.0,0.0,1,11.5,0.0,0,88.5,0.0,0.0,0.0,0.0,0.0,5
2023-05-11 09:03:53,m2312-C-3650,m2312-C-3650,88.5,0.0,0.0,0.0,10,12.0,0.0,0,88.5,0.0,0.0,0.0,0.0,0.0,5
2023-05-11 09:03:55,m2312-C-3650,m2312-C-3650,88.5,0.0,0.0,0.0,1,12.5,0.0,0,88.5,0.0,0.0,0.0,0.0,0.0,5
2023-05-11 09:03:55,m2312-C-3650,m2312-C-3650,88.5,0.0,0.0,0.0,10,13.0,0.0,0,88.5,0.0,0.0,0.0,0.0,0.0,5
2023-05-11 09:03:57,m2312-C-3650,m2312-C-3650,88.5,0.0,0.0,0.0,1,13.5,0.0,0,88.5,0.0,0.0,0.0,0.0,0.0,5
2023-05-11 09:03:57,m2312-C-3650,m2312-C-3650,88.5,0.0,0.0,0.0,10,14.0,0.0,0,88.5,0.0,0.0,0.0,0.0,0.0,5
2023-05-11 09:04:00,m2312-C-3650,m2312-C-3650,88.5,0.0,0.0,0.0,1,14.5,0.0,0,88.5,0.0,0.0,0.0,0.0,0.0,5
2023-05-11 09:04:00,m2312-C-3650,m2312-C-3650,88.5,0.0,0.0,0.0,10,15.0,0.0,0,88.5,0.0,0.0,0.0,0.0,0.0,5
2023-05-11 09:04:02,m2312-C-3650,m2312-C-3650,88.5,0.0,0.0,0.0,1,15.5,0.0,0,88.5,0.0,0.0,0.0,0.0,0.0,5
2023-05-11 09:04:02,m2312-C-3650,m2312-C-3650,88.5,0.0,0.0,0.0,10,16.0,0.0,0,88.5,0.0,0.0,0.0,0.0,0.0,5
2023-05-11 09:04:04,m2312-C-3650,m2312-C-3650,88.5,0.0,0.0,0.0,1,16.5,0.0,0,88.5,0.0,0.0,0.0,0.0,0.0,5
2023-05-11 09:04:04,m2312-C-3650,m2312-C-3650,88.5,0.0,0.0,0.0,10,17.0,0.0,0,88.5,0.0,0.0,0.0,0.0,0.0,5
2023-05-11 09:04:06,m2312-C-3650,m2312-C-3650,88.5,0.0,0.0,0.0,1,17.5,0.0,0,88.5,0.0,0.0,0.0,0.0,0.0,5
2023-05-11 09:04:06,m2312-C-3650,m2312-C-3650,88.5,0.0,0.0,0.0,10,18.0,0.0,0,88.5,0.0,0.0,0.0,0.0,0.0,5
2023-05-11 09:04:08,m2312-C-3650,m2312-C-3650,88.5,0.0,0.0,0.0,1,18.5,0.0,0,88.5,0.0,0.0,0.0,0.0,0.0,5
2023-05-11 09:04:08,m2312-C-3650,m2312-C-3650,88.5,0.0,0.0,0.0,10,19.0,0.0,0,88.5,0.0,0.0,0.0,0.0,0.0,5
2023-05-11 09:04:10,m2312-C-3650,m2312-C-3650,88.5,0.0,0.0,0.0,1,19.5,0.0,0,88.5,0.0,0.0,0.0,0.0,0.0,5
2023-05-11 09:04:10,m2312-C-3650,m2312-C-3650,88.5,0.0,0.0,0.0,10,20.0,0.0,0,88.5,0.0,0.0,0.0,0.0,0.0,5
2023-05-11 09:04:12,m2312-C-3650,m2312-C-3650,88.5,0.0,0.0,0.0,1,20.5,0.0,0,88.5,0.0,0.0,0.0,0.0,0.0,5
2023-05-11 09:04:12,m2312-C-3650,m2312-C-3650,88.5,0.0,0.0,0.0,10,21.0,0.0,0,88.5,0.0,0.0,0.0,0.0,0.0,5
2023-05-11 09:04:14,m2312-C-3650,m2312-C-3650,88.5,0.0,0.0,0.0,1,21.5,0.0,0,88.5,0.0,0.0,0.0,0.0,0.0,5
2023-05-11 09:04:14,m2312-C-3650,m2312-C-3650,88.5,0.0,0.0,0.0,10,22.0,0.0,0,88.5,0.0,0.0,0.0,0.0,0.0,5
2023-05-11 09:04:15,m2312-C-3650,m2312-C-3650,88.5,0.0,0.0,0.0,1,22.5,0.0,0,88.5,0.0,0.0,0.0,0.0,0.0,5
2023-05-11 09:04:15,m2312-C-3650,m2312-C-3650,88.5,0.0,0.0,0.0,10,23.0,0.0,0,88.5,0.0,0.0,0.0,0.0,0.0,5
2023-05-11 09:04:17,m2312-C-3650,m2312-C-3650,88.5,0.0,0.0,0.0,1,23.5,0.0,0,88.5,0.0,0.0,0.0,0.0,0.0,5
2023-05-11 09:04:17,m2312-C-3650,m2312-C-3650,88.5,0.0,0.0,0.0,10,24.0,0.0,0,88.5,0.0,0.0,0.0,0.0,0.0,5
2023-05-11 09:04:18,m2312-C-3650,m2312-C-3650,88.5,0.0,0.0,0.0,1,24.5,0.0,0,88.5,0.0,0.0,0.0,0.0,0.0,5
2023-05-11 09:04:18,m2312-C-3650,m2312-C-3650,88.5,0.0,0.0,0.0,10,25.0,0.0,0,88.5,0.0,0.0,0.0,0.0,0.0,5
2023-05-11 09:04:20,m2312-C-3650,m2312-C-3650,88.5,0.0,0.0,0.0,1,25.5,0.0,0,88.5,0.0,0.0,0.0,0.0,0.0,5
2023-05-11 09:04:20,m2312-C-3650,m2312-C-3650,88.5,0.0,0.0,0.0,10,26.0,0.0,0,88.5,0.0,0.0,0.0,0.0,0.0,5
2023-05-11 09:04:22,m2312-C-3650,m2312-C-3650,88.5,0.0,0.0,0.0,1,26.5,0.0,0,88.5,0.0,0.0,0.0,0.0,0.0,5
2023-05-11 09:04:22,m2312-C-3650,m2312-C-3650,88.5,0.0,0.0,0.0,10,27.0,0.0,0,88.5,0.0,0.0,0.0,0.0,0.0,5
2023-05-11 09:04:23,m2312-C-3650,m2312-C-3650,88.5,0.0,0.0,0.0,1,27.5,0.0,0,88.5,0.0,0.0,0.0,0.0,0.0,5
2023-05-11 09:04:23,m2312-C-3650,m2312-C-3650,88.5,0.0,0.0,0.0,10,28.0,0.0,0,88.5,0.0,0.0,0.0,0.0,0.0,5
2023-05-11 09:04:25,m2312-C-3650,m2312-C-3650,88.5,0.0,0.0,0.0,1,28.5,0.0,0,88.5,0.0,0.0,0.0,0.0,0.0,5
2023-05-11 09:04:25,m2312-C-3650,m2312-C-3650,88.5,0.0,0.0,0.0,10,29.0,0.0,0,88.5,0.0,0.0,0.0,0.0,0.0,5
2023-05-11 09:04:27,m2312-C-3650,m2312-C-3650,88.5,0.0,0.0,0.0,1,29.5,0.0,0,88.5,0.0,0.0,0.0,0.0,0.0,5
2023-05-11 09:04:27,m2312-C-3650,m2312-C-3650,88.5,0.0,0.0,0.0,10,30.0,0.0,0,88.5,0.0,0.0,0.0,0.0,0.0,5
2023-05-11 09:04:28,m2312-C-3650,m2312-C-3650,88.5,0.0,0.0,0.0,1,30.5,0.0,0,88.5,0.0,0.0,0.0,0.0,0.0,5
2023-05-11 09:04:28,m2312-C-3650,m2312-C-3650,88.5,0.0,0.0,0.0,10,31.0,0.0,0,88.5,0.0,0.0,0.0,0.0,0.0,5
2023-05-11 09:04:30,m2312-C-3650,m2312-C-3650,88.5,0.0,0.0,0.0,1,31.5,0.0,0,88.5,0.0,0.0,0.0,0.0,0.0,5
2023-05-11 09:04:30,m2312-C-3650,m2312-C-3650,88.5,0.0,0.0,0.0,10,32.0,0.0,0,88.5,0.0,0.0,0.0,0.0,0.0,5
2023-05-11 09:09:30,m2312-C-3650,m2312-C-3650,88.5,0.0,0.0,0.0,1,32.5,0.0,0,88.5,0.0,0.0,0.0,0.0,0.0,5
2023-05-11 09:09:30,m2312-C-3650,m2312-C-3650,88.5,0.0,0.0,0.0,10,33.0,0.0,0,88.5,0.0,0.0,0.0,0.0,0.0,5
2023-05-11 09:09:49,m2312-C-3650,m2312-C-3650,88.5,0.0,0.0,0.0,1,33.5,0.0,0,88.5,0.0,0.0,0.0,0.0,0.0,5
2023-05-11 09:09:49,m2312-C-3650,m2312-C-3650,88.5,0.0,0.0,0.0,10,34.0,0.0,0,88.5,0.0,0.0,0.0,0.0,0.0,5
2023-05-11 09:09:53,m2312-C-3650,m2312-C-3650,88.5,0.0,0.0,0.0,1,34.5,0.0,0,88.5,0.0,0.0,0.0,0.0,0.0,5
2023-05-11 09:09:53,m2312-C-3650,m2312-C-3650,88.5,0.0,0.0,0.0,10,35.0,0.0,0,88.5,0.0,0.0,0.0,0.0,0.0,5
2023-05-11 09:09:56,m2312-C-3650,m2312-C-3650,88.5,0.0,0.0,0.0,1,35.5,0.0,0,88.5,0.0,0.0,0.0,0.0,0.0,5
2023-05-11 09:09:56,m2312-C-3650,m2312-C-3650,88.5,0.0,0.0,0.0,10,36.0,0.0,0,88.5,0.0,0.0,0.0,0.0,0.0,5
2023-05-11 09:10:00,m2312-C-3650,m2312-C-3650,88.5,0.0,0.0,0.0,1,36.5,0.0,0,88.5,0.0,0.0,0.0,0.0,0.0,5
2023-05-11 09:10:00,m2312-C-3650,m2312-C-3650,88.5,0.0,0.0,0.0,10,37.0,0.0,0,88.5,0.0,0.0,0.0,0.0,0.0,5
2023-05-11 09:10:05,m2312-C-3650,m2312-C-3650,88.5,0.0,0.0,0.0,1,37.5,0.0,0,88.5,0.0,0.0,0.0,0.0,0.0,5
2023-05-11 09:10:06,m2312-C-3650,m2312-C-3650,88.5,0.0,0.0,0.0,10,38.0,0.0,0,88.5,0.0,0.0,0.0,0.0,0.0,5
2023-05-11 09:10:10,m2312-C-3650,m2312-C-3650,88.5,0.0,0.0,0.0,1,38.5,0.0,0,88.5,0.0,0.0,0.0,0.0,0.0,5
2023-05-11 09:10:10,m2312-C-3650,m2312-C-3650,88.5,0.0,0.0,0.0,10,39.0,0.0,0,88.5,0.0,0.0,0.0,0.0,0.0,5
2023-05-11 09:32:00,m2312-C-3650,m2312-C-3650,88.5,0.0,0.0,0.0,10,39.0,293.5,10,88.5,0.0,0.0,0.0,0.0,0.0,5
2023-05-11 09:32:06,m2312-C-3650,m2312-C-3650,88.5,0.0,0.0,0.0,10,39.0,293.0,1,88.5,0.0,0.0,0.0,0.0,0.0,5
2023-05-11 09:32:06,m2312-C-3650,m2312-C-3650,88.5,0.0,0.0,0.0,10,39.0,292.5,10,88.5,0.0,0.0,0.0,0.0,0.0,5
2023-05-11 09:32:13,m2312-C-3650,m2312-C-3650,88.5,0.0,0.0,0.0,10,39.0,292.0,1,88.5,0.0,0.0,0.0,0.0,0.0,5
2023-05-11 09:32:13,m2312-C-3650,m2312-C-3650,88.5,0.0,0.0,0.0,10,39.0,291.5,10,88.5,0.0,0.0,0.0,0.0,0.0,5
2023-05-11 09:32:20,m2312-C-3650,m2312-C-3650,88.5,0.0,0.0,0.0,10,39.0,291.0,1,88.5,0.0,0.0,0.0,0.0,0.0,5
2023-05-11 09:32:20,m2312-C-3650,m2312-C-3650,88.5,0.0,0.0,0.0,10,39.0,290.5,10,88.5,0.0,0.0,0.0,0.0,0.0,5
2023-05-11 09:32:26,m2312-C-3650,m2312-C-3650,88.5,0.0,0.0,0.0,10,39.0,290.0,1,88.5,0.0,0.0,0.0,0.0,0.0,5
2023-05-11 09:32:27,m2312-C-3650,m2312-C-3650,88.5,0.0,0.0,0.0,10,39.0,289.5,10,88.5,0.0,0.0,0.0,0.0,0.0,5
2023-05-11 09:32:31,m2312-C-3650,m2312-C-3650,88.5,0.0,0.0,0.0,10,39.0,289.0,1,88.5,0.0,0.0,0.0,0.0,0.0,5
2023-05-11 09:32:31,m2312-C-3650,m2312-C-3650,88.5,0.0,0.0,0.0,10,39.0,288.5,10,88.5,0.0,0.0,0.0,0.0,0.0,5
2023-05-11 09:32:35,m2312-C-3650,m2312-C-3650,88.5,0.0,0.0,0.0,10,39.0,288.0,1,88.5,0.0,0.0,0.0,0.0,0.0,5
2023-05-11 09:32:36,m2312-C-3650,m2312-C-3650,88.5,0.0,0.0,0.0,10,39.0,287.5,10,88.5,0.0,0.0,0.0,0.0,0.0,5
2023-05-11 09:32:39,m2312-C-3650,m2312-C-3650,88.5,0.0,0.0,0.0,10,39.0,287.0,1,88.5,0.0,0.0,0.0,0.0,0.0,5
2023-05-11 09:32:39,m2312-C-3650,m2312-C-3650,88.5,0.0,0.0,0.0,10,39.0,286.5,10,88.5,0.0,0.0,0.0,0.0,0.0,5
2023-05-11 09:32:42,m2312-C-3650,m2312-C-3650,88.5,0.0,0.0,0.0,10,39.0,286.0,1,88.5,0.0,0.0,0.0,0.0,0.0,5
2023-05-11 09:32:43,m2312-C-3650,m2312-C-3650,88.5,0.0,0.0,0.0,10,39.0,285.5,10,88.5,0.0,0.0,0.0,0.0,0.0,5
2023-05-11 09:32:47,m2312-C-3650,m2312-C-3650,88.5,0.0,0.0,0.0,10,39.0,285.0,1,88.5,0.0,0.0,0.0,0.0,0.0,5
2023-05-11 09:32:48,m2312-C-3650,m2312-C-3650,88.5,0.0,0.0,0.0,10,39.0,284.5,10,88.5,0.0,0.0,0.0,0.0,0.0,5
2023-05-11 09:32:52,m2312-C-3650,m2312-C-3650,88.5,0.0,0.0,0.0,10,39.0,284.0,1,88.5,0.0,0.0,0.0,0.0,0.0,5
2023-05-11 09:32:52,m2312-C-3650,m2312-C-3650,88.5,0.0,0.0,0.0,10,39.0,283.5,10,88.5,0.0,0.0,0.0,0.0,0.0,5
2023-05-11 09:32:56,m2312-C-3650,m2312-C-3650,88.5,0.0,0.0,0.0,10,39.0,283.0,1,88.5,0.0,0.0,0.0,0.0,0.0,5
2023-05-11 09:32:56,m2312-C-3650,m2312-C-3650,88.5,0.0,0.0,0.0,10,39.0,282.5,10,88.5,0.0,0.0,0.0,0.0,0.0,5
2023-05-11 09:33:01,m2312-C-3650,m2312-C-3650,88.5,0.0,0.0,0.0,10,39.0,282.0,1,88.5,0.0,0.0,0.0,0.0,0.0,5
2023-05-11 09:33:01,m2312-C-3650,m2312-C-3650,88.5,0.0,0.0,0.0,10,39.0,281.5,10,88.5,0.0,0.0,0.0,0.0,0.0,5
2023-05-11 09:33:04,m2312-C-3650,m2312-C-3650,88.5,0.0,0.0,0.0,10,39.0,281.0,1,88.5,0.0,0.0,0.0,0.0,0.0,5
2023-05-11 09:33:04,m2312-C-3650,m2312-C-3650,88.5,0.0,0.0,0.0,10,39.0,280.5,10,88.5,0.0,0.0,0.0,0.0,0.0,5
2023-05-11 09:33:07,m2312-C-3650,m2312-C-3650,88.5,0.0,0.0,0.0,10,39.0,280.0,1,88.5,0.0,0.0,0.0,0.0,0.0,5
2023-05-11 09:33:07,m2312-C-3650,m2312-C-3650,88.5,0.0,0.0,0.0,10,39.0,279.5,10,88.5,0.0,0.0,0.0,0.0,0.0,5
2023-05-11 09:33:10,m2312-C-3650,m2312-C-3650,88.5,0.0,0.0,0.0,10,39.0,279.0,1,88.5,0.0,0.0,0.0,0.0,0.0,5
2023-05-11 09:33:10,m2312-C-3650,m2312-C-3650,88.5,0.0,0.0,0.0,10,39.0,278.5,10,88.5,0.0,0.0,0.0,0.0,0.0,5
2023-05-11 09:33:13,m2312-C-3650,m2312-C-3650,88.5,0.0,0.0,0.0,10,39.0,278.0,1,88.5,0.0,0.0,0.0,0.0,0.0,5
2023-05-11 09:33:13,m2312-C-3650,m2312-C-3650,88.5,0.0,0.0,0.0,10,39.0,277.5,10,88.5,0.0,0.0,0.0,0.0,0.0,5
2023-05-11 09:33:16,m2312-C-3650,m2312-C-3650,88.5,0.0,0.0,0.0,10,39.0,277.0,1,88.5,0.0,0.0,0.0,0.0,0.0,5
2023-05-11 09:33:16,m2312-C-3650,m2312-C-3650,88.5,0.0,0.0,0.0,10,39.0,276.5,10,88.5,0.0,0.0,0.0,0.0,0.0,5
2023-05-11 09:33:19,m2312-C-3650,m2312-C-3650,88.5,0.0,0.0,0.0,10,39.0,276.0,1,88.5,0.0,0.0,0.0,0.0,0.0,5
2023-05-11 09:33:19,m2312-C-3650,m2312-C-3650,88.5,0.0,0.0,0.0,10,39.0,275.5,10,88.5,0.0,0.0,0.0,0.0,0.0,5
2023-05-11 09:33:21,m2312-C-3650,m2312-C-3650,88.5,0.0,0.0,0.0,10,39.0,275.0,1,88.5,0.0,0.0,0.0,0.0,0.0,5
2023-05-11 09:33:21,m2312-C-3650,m2312-C-3650,88.5,0.0,0.0,0.0,10,39.0,274.5,10,88.5,0.0,0.0,0.0,0.0,0.0,5
2023-05-11 09:33:26,m2312-C-3650,m2312-C-3650,88.5,0.0,0.0,0.0,10,39.0,274.0,1,88.5,0.0,0.0,0.0,0.0,0.0,5
2023-05-11 09:33:26,m2312-C-3650,m2312-C-3650,88.5,0.0,0.0,0.0,10,39.0,273.5,10,88.5,0.0,0.0,0.0,0.0,0.0,5
2023-05-11 09:33:30,m2312-C-3650,m2312-C-3650,88.5,0.0,0.0,0.0,10,39.0,273.0,1,88.5,0.0,0.0,0.0,0.0,0.0,5
2023-05-11 09:33:30,m2312-C-3650,m2312-C-3650,88.5,0.0,0.0,0.0,10,39.0,272.5,10,88.5,0.0,0.0,0.0,0.0,0.0,5
2023-05-11 09:33:33,m2312-C-3650,m2312-C-3650,88.5,0.0,0.0,0.0,10,39.0,272.0,1,88.5,0.0,0.0,0.0,0.0,0.0,5
2023-05-11 09:33:33,m2312-C-3650,m2312-C-3650,88.5,0.0,0.0,0.0,10,39.0,271.5,10,88.5,0.0,0.0,0.0,0.0,0.0,5
2023-05-11 09:33:35,m2312-C-3650,m2312-C-3650,88.5,0.0,0.0,0.0,10,39.0,271.0,1,88.5,0.0,0.0,0.0,0.0,0.0,5
2023-05-11 09:33:35,m2312-C-3650,m2312-C-3650,88.5,0.0,0.0,0.0,10,39.0,270.5,10,88.5,0.0,0.0,0.0,0.0,0.0,5
2023-05-11 09:33:38,m2312-C-3650,m2312-C-3650,88.5,0.0,0.0,0.0,10,39.0,270.0,1,88.5,0.0,0.0,0.0,0.0,0.0,5
2023-05-11 09:33:38,m2312-C-3650,m2312-C-3650,88.5,0.0,0.0,0.0,10,39.0,269.5,10,88.5,0.0,0.0,0.0,0.0,0.0,5
2023-05-11 09:33:42,m2312-C-3650,m2312-C-3650,88.5,0.0,0.0,0.0,10,39.0,269.0,1,88.5,0.0,0.0,0.0,0.0,0.0,5
2023-05-11 09:33:42,m2312-C-3650,m2312-C-3650,88.5,0.0,0.0,0.0,10,39.0,268.5,10,88.5,0.0,0.0,0.0,0.0,0.0,5
2023-05-11 09:33:45,m2312-C-3650,m2312-C-3650,88.5,0.0,0.0,0.0,10,39.0,268.0,1,88.5,0.0,0.0,0.0,0.0,0.0,5
2023-05-11 09:33:45,m2312-C-3650,m2312-C-3650,88.5,0.0,0.0,0.0,10,39.0,267.5,10,88.5,0.0,0.0,0.0,0.0,0.0,5
2023-05-11 09:33:48,m2312-C-3650,m2312-C-3650,88.5,0.0,0.0,0.0,10,39.0,267.0,1,88.5,0.0,0.0,0.0,0.0,0.0,5
2023-05-11 09:33:48,m2312-C-3650,m2312-C-3650,88.5,0.0,0.0,0.0,10,39.0,266.5,10,88.5,0.0,0.0,0.0,0.0,0.0,5
2023-05-11 09:33:50,m2312-C-3650,m2312-C-3650,88.5,0.0,0.0,0.0,10,39.0,266.0,1,88.5,0.0,0.0,0.0,0.0,0.0,5
2023-05-11 09:33:50,m2312-C-3650,m2312-C-3650,88.5,0.0,0.0,0.0,10,39.0,265.5,10,88.5,0.0,0.0,0.0,0.0,0.0,5
2023-05-11 09:33:53,m2312-C-3650,m2312-C-3650,88.5,0.0,0.0,0.0,10,39.0,265.0,1,88.5,0.0,0.0,0.0,0.0,0.0,5
2023-05-11 09:33:53,m2312-C-3650,m2312-C-3650,88.5,0.0,0.0,0.0,10,39.0,264.5,10,88.5,0.0,0.0,0.0,0.0,0.0,5
2023-05-11 09:33:56,m2312-C-3650,m2312-C-3650,88.5,0.0,0.0,0.0,10,39.0,264.0,1,88.5,0.0,0.0,0.0,0.0,0.0,5
2023-05-11 09:33:56,m2312-C-3650,m2312-C-3650,88.5,0.0,0.0,0.0,10,39.0,263.5,10,88.5,0.0,0.0,0.0,0.0,0.0,5
2023-05-11 09:33:58,m2312-C-3650,m2312-C-3650,88.5,0.0,0.0,0.0,10,39.0,263.0,1,88.5,0.0,0.0,0.0,0.0,0.0,5
2023-05-11 09:33:58,m2312-C-3650,m2312-C-3650,88.5,0.0,0.0,0.0,10,39.0,262.5,10,88.5,0.0,0.0,0.0,0.0,0.0,5
2023-05-11 09:34:00,m2312-C-3650,m2312-C-3650,88.5,0.0,0.0,0.0,10,39.0,262.0,1,88.5,0.0,0.0,0.0,0.0,0.0,5
2023-05-11 09:34:00,m2312-C-3650,m2312-C-3650,88.5,0.0,0.0,0.0,10,39.0,261.5,10,88.5,0.0,0.0,0.0,0.0,0.0,5
2023-05-11 09:34:03,m2312-C-3650,m2312-C-3650,88.5,0.0,0.0,0.0,10,39.0,261.0,1,88.5,0.0,0.0,0.0,0.0,0.0,5
2023-05-11 09:34:03,m2312-C-3650,m2312-C-3650,88.5,0.0,0.0,0.0,10,39.0,260.5,10,88.5,0.0,0.0,0.0,0.0,0.0,5
2023-05-11 09:34:06,m2312-C-3650,m2312-C-3650,88.5,0.0,0.0,0.0,10,39.0,260.0,1,88.5,0.0,0.0,0.0,0.0,0.0,5
2023-05-11 09:34:06,m2312-C-3650,m2312-C-3650,88.5,0.0,0.0,0.0,10,39.0,259.5,10,88.5,0.0,0.0,0.0,0.0,0.0,5
2023-05-11 09:34:10,m2312-C-3650,m2312-C-3650,88.5,0.0,0.0,0.0,10,39.0,259.0,1,88.5,0.0,0.0,0.0,0.0,0.0,5
2023-05-11 09:34:10,m2312-C-3650,m2312-C-3650,88.5,0.0,0.0,0.0,10,39.0,258.5,10,88.5,0.0,0.0,0.0,0.0,0.0,5
2023-05-11 09:34:13,m2312-C-3650,m2312-C-3650,88.5,0.0,0.0,0.0,10,39.0,258.0,1,88.5,0.0,0.0,0.0,0.0,0.0,5
2023-05-11 09:34:13,m2312-C-3650,m2312-C-3650,88.5,0.0,0.0,0.0,10,39.0,257.5,10,88.5,0.0,0.0,0.0,0.0,0.0,5
2023-05-11 09:34:17,m2312-C-3650,m2312-C-3650,88.5,0.0,0.0,0.0,10,39.0,257.0,1,88.5,0.0,0.0,0.0,0.0,0.0,5
2023-05-11 09:34:17,m2312-C-3650,m2312-C-3650,88.5,0.0,0.0,0.0,10,39.0,256.5,10,88.5,0.0,0.0,0.0,0.0,0.0,5
2023-05-11 09:34:20,m2312-C-3650,m2312-C-3650,88.5,0.0,0.0,0.0,10,39.0,256.0,1,88.5,0.0,0.0,0.0,0.0,0.0,5
2023-05-11 09:34:20,m2312-C-3650,m2312-C-3650,88.5,0.0,0.0,0.0,10,39.0,255.5,10,88.5,0.0,0.0,0.0,0.0,0.0,5
2023-05-11 09:34:27,m2312-C-3650,m2312-C-3650,88.5,0.0,0.0,0.0,10,39.0,255.0,1,88.5,0.0,0.0,0.0,0.0,0.0,5
2023-05-11 09:34:27,m2312-C-3650,m2312-C-3650,88.5,0.0,0.0,0.0,10,39.0,254.5,10,88.5,0.0,0.0,0.0,0.0,0.0,5
2023-05-11 09:34:31,m2312-C-3650,m2312-C-3650,88.5,0.0,0.0,0.0,10,39.0,254.0,1,88.5,0.0,0.0,0.0,0.0,0.0,5
2023-05-11 09:34:31,m2312-C-3650,m2312-C-3650,88.5,0.0,0.0,0.0,10,39.0,253.5,10,88.5,0.0,0.0,0.0,0.0,0.0,5
2023-05-11 09:34:36,m2312-C-3650,m2312-C-3650,88.5,0.0,0.0,0.0,10,39.0,253.0,1,88.5,0.0,0.0,0.0,0.0,0.0,5
2023-05-11 09:34:36,m2312-C-3650,m2312-C-3650,88.5,0.0,0.0,0.0,10,39.0,252.5,10,88.5,0.0,0.0,0.0,0.0,0.0,5
2023-05-11 09:34:40,m2312-C-3650,m2312-C-3650,88.5,0.0,0.0,0.0,10,39.0,252.0,1,88.5,0.0,0.0,0.0,0.0,0.0,5
2023-05-11 09:34:40,m2312-C-3650,m2312-C-3650,88.5,0.0,0.0,0.0,10,39.0,251.5,10,88.5,0.0,0.0,0.0,0.0,0.0,5
2023-05-11 09:34:47,m2312-C-3650,m2312-C-3650,88.5,0.0,0.0,0.0,10,39.0,250.5,10,88.5,0.0,0.0,0.0,0.0,0.0,5
2023-05-11 09:34:50,m2312-C-3650,m2312-C-3650,88.5,0.0,0.0,0.0,10,39.0,250.0,1,88.5,0.0,0.0,0.0,0.0,0.0,5
2023-05-11 09:34:50,m2312-C-3650,m2312-C-3650,88.5,0.0,0.0,0.0,10,39.0,249.5,10,88.5,0.0,0.0,0.0,0.0,0.0,5
2023-05-11 09:34:53,m2312-C-3650,m2312-C-3650,88.5,0.0,0.0,0.0,10,39.0,249.0,1,88.5,0.0,0.0,0.0,0.0,0.0,5
2023-05-11 09:34:53,m2312-C-3650,m2312-C-3650,88.5,0.0,0.0,0.0,10,39.0,248.5,10,88.5,0.0,0.0,0.0,0.0,0.0,5
2023-05-11 09:34:57,m2312-C-3650,m2312-C-3650,88.5,0.0,0.0,0.0,10,39.0,248.0,1,88.5,0.0,0.0,0.0,0.0,0.0,5
2023-05-11 09:34:57,m2312-C-3650,m2312-C-3650,88.5,0.0,0.0,0.0,10,39.0,247.5,10,88.5,0.0,0.0,0.0,0.0,0.0,5
2023-05-11 09:35:00,m2312-C-3650,m2312-C-3650,88.5,0.0,0.0,0.0,10,39.0,247.0,1,88.5,0.0,0.0,0.0,0.0,0.0,5
2023-05-11 09:35:00,m2312-C-3650,m2312-C-3650,88.5,0.0,0.0,0.0,10,39.0,246.5,10,88.5,0.0,0.0,0.0,0.0,0.0,5
2023-05-11 09:35:04,m2312-C-3650,m2312-C-3650,88.5,0.0,0.0,0.0,10,39.0,246.0,1,88.5,0.0,0.0,0.0,0.0,0.0,5
2023-05-11 09:35:05,m2312-C-3650,m2312-C-3650,88.5,0.0,0.0,0.0,10,39.0,245.5,10,88.5,0.0,0.0,0.0,0.0,0.0,5
2023-05-11 10:14:32,m2312-C-3650,m2312-C-3650,88.5,0.0,0.0,0.0,1,6.5,0.0,0,88.5,0.0,0.0,0.0,0.0,0.0,5
2023-05-11 10:30:07,m2312-C-3650,m2312-C-3650,88.5,0.0,0.0,0.0,10,7.0,0.0,0,88.5,0.0,0.0,0.0,0.0,0.0,5
2023-05-11 10:53:59,m2312-C-3650,m2312-C-3650,88.5,0.0,0.0,0.0,1,7.5,0.0,0,88.5,0.0,0.0,0.0,0.0,0.0,5
2023-05-11 10:53:59,m2312-C-3650,m2312-C-3650,88.5,0.0,0.0,0.0,10,8.0,0.0,0,88.5,0.0,0.0,0.0,0.0,0.0,5
2023-05-11 10:58:21,m2312-C-3650,m2312-C-3650,88.5,0.0,0.0,0.0,10,8.0,294.0,1,88.5,0.0,0.0,0.0,0.0,0.0,5
2023-05-11 10:58:21,m2312-C-3650,m2312-C-3650,88.5,0.0,0.0,0.0,10,8.0,293.5,10,88.5,0.0,0.0,0.0,0.0,0.0,5
2023-05-11 10:58:26,m2312-C-3650,m2312-C-3650,88.5,0.0,0.0,0.0,10,8.0,293.0,1,88.5,0.0,0.0,0.0,0.0,0.0,5
2023-05-11 10:58:26,m2312-C-3650,m2312-C-3650,88.5,0.0,0.0,0.0,10,8.0,292.5,10,88.5,0.0,0.0,0.0,0.0,0.0,5
2023-05-11 10:58:29,m2312-C-3650,m2312-C-3650,88.5,0.0,0.0,0.0,10,8.0,292.0,1,88.5,0.0,0.0,0.0,0.0,0.0,5
2023-05-11 10:58:29,m2312-C-3650,m2312-C-3650,88.5,0.0,0.0,0.0,10,8.0,291.5,10,88.5,0.0,0.0,0.0,0.0,0.0,5
2023-05-11 10:58:33,m2312-C-3650,m2312-C-3650,88.5,0.0,0.0,0.0,10,8.0,291.0,1,88.5,0.0,0.0,0.0,0.0,0.0,5
2023-05-11 10:58:33,m2312-C-3650,m2312-C-3650,88.5,0.0,0.0,0.0,10,8.0,290.5,10,88.5,0.0,0.0,0.0,0.0,0.0,5
2023-05-11 10:58:36,m2312-C-3650,m2312-C-3650,88.5,0.0,0.0,0.0,10,8.0,290.0,1,88.5,0.0,0.0,0.0,0.0,0.0,5
2023-05-11 10:58:36,m2312-C-3650,m2312-C-3650,88.5,0.0,0.0,0.0,10,8.0,289.5,10,88.5,0.0,0.0,0.0,0.0,0.0,5
2023-05-11 10:58:41,m2312-C-3650,m2312-C-3650,88.5,0.0,0.0,0.0,10,8.0,289.0,1,88.5,0.0,0.0,0.0,0.0,0.0,5
2023-05-11 10:58:42,m2312-C-3650,m2312-C-3650,88.5,0.0,0.0,0.0,10,8.0,288.5,10,88.5,0.0,0.0,0.0,0.0,0.0,5
2023-05-11 10:58:46,m2312-C-3650,m2312-C-3650,88.5,0.0,0.0,0.0,10,8.0,288.0,1,88.5,0.0,0.0,0.0,0.0,0.0,5
2023-05-11 10:58:46,m2312-C-3650,m2312-C-3650,88.5,0.0,0.0,0.0,10,8.0,287.5,10,88.5,0.0,0.0,0.0,0.0,0.0,5
2023-05-11 10:58:51,m2312-C-3650,m2312-C-3650,88.5,0.0,0.0,0.0,10,8.0,287.0,1,88.5,0.0,0.0,0.0,0.0,0.0,5
2023-05-11 10:58:52,m2312-C-3650,m2312-C-3650,88.5,0.0,0.0,0.0,10,8.0,286.5,10,88.5,0.0,0.0,0.0,0.0,0.0,5
2023-05-11 10:58:58,m2312-C-3650,m2312-C-3650,88.5,0.0,0.0,0.0,10,8.0,286.0,1,88.5,0.0,0.0,0.0,0.0,0.0,5
2023-05-11 10:58:58,m2312-C-3650,m2312-C-3650,88.5,0.0,0.0,0.0,10,8.0,285.5,10,88.5,0.0,0.0,0.0,0.0,0.0,5
2023-05-11 10:59:07,m2312-C-3650,m2312-C-3650,88.5,0.0,0.0,0.0,10,8.0,285.0,1,88.5,0.0,0.0,0.0,0.0,0.0,5
2023-05-11 10:59:07,m2312-C-3650,m2312-C-3650,88.5,0.0,0.0,0.0,10,8.0,284.5,10,88.5,0.0,0.0,0.0,0.0,0.0,5
2023-05-11 10:59:13,m2312-C-3650,m2312-C-3650,88.5,0.0,0.0,0.0,10,8.0,284.0,1,88.5,0.0,0.0,0.0,0.0,0.0,5
2023-05-11 10:59:14,m2312-C-3650,m2312-C-3650,88.5,0.0,0.0,0.0,10,8.0,283.5,10,88.5,0.0,0.0,0.0,0.0,0.0,5
2023-05-11 10:59:18,m2312-C-3650,m2312-C-3650,88.5,0.0,0.0,0.0,10,8.0,283.0,1,88.5,0.0,0.0,0.0,0.0,0.0,5
2023-05-11 10:59:18,m2312-C-3650,m2312-C-3650,88.5,0.0,0.0,0.0,10,8.0,282.5,10,88.5,0.0,0.0,0.0,0.0,0.0,5
2023-05-11 10:59:22,m2312-C-3650,m2312-C-3650,88.5,0.0,0.0,0.0,10,8.0,282.0,1,88.5,0.0,0.0,0.0,0.0,0.0,5
2023-05-11 10:59:23,m2312-C-3650,m2312-C-3650,88.5,0.0,0.0,0.0,10,8.0,281.5,10,88.5,0.0,0.0,0.0,0.0,0.0,5
2023-05-11 10:59:28,m2312-C-3650,m2312-C-3650,88.5,0.0,0.0,0.0,10,8.0,281.0,1,88.5,0.0,0.0,0.0,0.0,0.0,5
2023-05-11 10:59:28,m2312-C-3650,m2312-C-3650,88.5,0.0,0.0,0.0,10,8.0,280.5,10,88.5,0.0,0.0,0.0,0.0,0.0,5
2023-05-11 10:59:32,m2312-C-3650,m2312-C-3650,88.5,0.0,0.0,0.0,10,8.0,280.0,1,88.5,0.0,0.0,0.0,0.0,0.0,5
2023-05-11 10:59:32,m2312-C-3650,m2312-C-3650,88.5,0.0,0.0,0.0,10,8.0,279.5,10,88.5,0.0,0.0,0.0,0.0,0.0,5
2023-05-11 10:59:35,m2312-C-3650,m2312-C-3650,88.5,0.0,0.0,0.0,10,8.0,279.0,1,88.5,0.0,0.0,0.0,0.0,0.0,5
2023-05-11 10:59:36,m2312-C-3650,m2312-C-3650,88.5,0.0,0.0,0.0,10,8.0,278.0,10,88.5,0.0,0.0,0.0,0.0,0.0,5
2023-05-11 10:59:40,m2312-C-3650,m2312-C-3650,88.5,0.0,0.0,0.0,10,8.0,277.5,1,88.5,0.0,0.0,0.0,0.0,0.0,5
2023-05-11 10:59:40,m2312-C-3650,m2312-C-3650,88.5,0.0,0.0,0.0,10,8.0,277.0,10,88.5,0.0,0.0,0.0,0.0,0.0,5
2023-05-11 10:59:45,m2312-C-3650,m2312-C-3650,88.5,0.0,0.0,0.0,10,8.0,276.5,1,88.5,0.0,0.0,0.0,0.0,0.0,5
2023-05-11 10:59:45,m2312-C-3650,m2312-C-3650,88.5,0.0,0.0,0.0,10,8.0,276.0,10,88.5,0.0,0.0,0.0,0.0,0.0,5
2023-05-11 10:59:54,m2312-C-3650,m2312-C-3650,88.5,0.0,0.0,0.0,10,8.0,275.5,1,88.5,0.0,0.0,0.0,0.0,0.0,5
2023-05-11 10:59:54,m2312-C-3650,m2312-C-3650,88.5,0.0,0.0,0.0,10,8.0,275.0,10,88.5,0.0,0.0,0.0,0.0,0.0,5
2023-05-11 10:59:59,m2312-C-3650,m2312-C-3650,88.5,0.0,0.0,0.0,10,8.0,274.5,1,88.5,0.0,0.0,0.0,0.0,0.0,5
2023-05-11 10:59:59,m2312-C-3650,m2312-C-3650,88.5,0.0,0.0,0.0,10,8.0,274.0,10,88.5,0.0,0.0,0.0,0.0,0.0,5
2023-05-11 11:00:02,m2312-C-3650,m2312-C-3650,88.5,0.0,0.0,0.0,10,8.0,273.5,1,88.5,0.0,0.0,0.0,0.0,0.0,5
2023-05-11 11:00:02,m2312-C-3650,m2312-C-3650,88.5,0.0,0.0,0.0,10,8.0,273.0,10,88.5,0.0,0.0,0.0,0.0,0.0,5
2023-05-11 11:00:08,m2312-C-3650,m2312-C-3650,88.5,0.0,0.0,0.0,10,8.0,272.5,1,88.5,0.0,0.0,0.0,0.0,0.0,5
2023-05-11 11:00:08,m2312-C-3650,m2312-C-3650,88.5,0.0,0.0,0.0,10,8.0,272.0,10,88.5,0.0,0.0,0.0,0.0,0.0,5
2023-05-11 11:00:11,m2312-C-3650,m2312-C-3650,88.5,0.0,0.0,0.0,10,8.0,271.5,1,88.5,0.0,0.0,0.0,0.0,0.0,5
2023-05-11 11:00:11,m2312-C-3650,m2312-C-3650,88.5,0.0,0.0,0.0,10,8.0,271.0,10,88.5,0.0,0.0,0.0,0.0,0.0,5
2023-05-11 11:00:16,m2312-C-3650,m2312-C-3650,88.5,0.0,0.0,0.0,10,8.0,270.5,1,88.5,0.0,0.0,0.0,0.0,0.0,5
2023-05-11 11:00:16,m2312-C-3650,m2312-C-3650,88.5,0.0,0.0,0.0,10,8.0,270.0,10,88.5,0.0,0.0,0.0,0.0,0.0,5
2023-05-11 11:00:19,m2312-C-3650,m2312-C-3650,88.5,0.0,0.0,0.0,10,8.0,269.5,1,88.5,0.0,0.0,0.0,0.0,0.0,5
2023-05-11 11:00:19,m2312-C-3650,m2312-C-3650,88.5,0.0,0.0,0.0,10,8.0,269.0,10,88.5,0.0,0.0,0.0,0.0,0.0,5
2023-05-11 11:00:22,m2312-C-3650,m2312-C-3650,88.5,0.0,0.0,0.0,10,8.0,268.5,1,88.5,0.0,0.0,0.0,0.0,0.0,5
2023-05-11 11:00:22,m2312-C-3650,m2312-C-3650,88.5,0.0,0.0,0.0,10,8.0,268.0,10,88.5,0.0,0.0,0.0,0.0,0.0,5
2023-05-11 11:00:26,m2312-C-3650,m2312-C-3650,88.5,0.0,0.0,0.0,10,8.0,267.5,1,88.5,0.0,0.0,0.0,0.0,0.0,5
2023-05-11 11:00:26,m2312-C-3650,m2312-C-3650,88.5,0.0,0.0,0.0,10,8.0,267.0,10,88.5,0.0,0.0,0.0,0.0,0.0,5
2023-05-11 11:00:29,m2312-C-3650,m2312-C-3650,88.5,0.0,0.0,0.0,10,8.0,266.5,1,88.5,0.0,0.0,0.0,0.0,0.0,5
2023-05-11 11:00:29,m2312-C-3650,m2312-C-3650,88.5,0.0,0.0,0.0,10,8.0,266.0,10,88.5,0.0,0.0,0.0,0.0,0.0,5
2023-05-11 11:00:32,m2312-C-3650,m2312-C-3650,88.5,0.0,0.0,0.0,10,8.0,265.5,1,88.5,0.0,0.0,0.0,0.0,0.0,5
2023-05-11 11:00:33,m2312-C-3650,m2312-C-3650,88.5,0.0,0.0,0.0,10,8.0,265.0,10,88.5,0.0,0.0,0.0,0.0,0.0,5
2023-05-11 11:00:37,m2312-C-3650,m2312-C-3650,88.5,0.0,0.0,0.0,10,8.0,264.5,1,88.5,0.0,0.0,0.0,0.0,0.0,5
2023-05-11 11:00:37,m2312-C-3650,m2312-C-3650,88.5,0.0,0.0,0.0,10,8.0,264.0,10,88.5,0.0,0.0,0.0,0.0,0.0,5
2023-05-11 11:00:40,m2312-C-3650,m2312-C-3650,88.5,0.0,0.0,0.0,10,8.0,263.5,1,88.5,0.0,0.0,0.0,0.0,0.0,5
2023-05-11 11:00:40,m2312-C-3650,m2312-C-3650,88.5,0.0,0.0,0.0,10,8.0,263.0,10,88.5,0.0,0.0,0.0,0.0,0.0,5
2023-05-11 11:00:43,m2312-C-3650,m2312-C-3650,88.5,0.0,0.0,0.0,10,8.0,262.5,1,88.5,0.0,0.0,0.0,0.0,0.0,5
2023-05-11 11:00:43,m2312-C-3650,m2312-C-3650,88.5,0.0,0.0,0.0,10,8.0,262.0,10,88.5,0.0,0.0,0.0,0.0,0.0,5
2023-05-11 11:00:47,m2312-C-3650,m2312-C-3650,88.5,0.0,0.0,0.0,10,8.0,261.5,1,88.5,0.0,0.0,0.0,0.0,0.0,5
2023-05-11 11:00:47,m2312-C-3650,m2312-C-3650,88.5,0.0,0.0,0.0,10,8.0,261.0,10,88.5,0.0,0.0,0.0,0.0,0.0,5
2023-05-11 11:00:50,m2312-C-3650,m2312-C-3650,88.5,0.0,0.0,0.0,10,8.0,260.5,1,88.5,0.0,0.0,0.0,0.0,0.0,5
2023-05-11 11:00:50,m2312-C-3650,m2312-C-3650,88.5,0.0,0.0,0.0,10,8.0,260.0,10,88.5,0.0,0.0,0.0,0.0,0.0,5
2023-05-11 11:00:53,m2312-C-3650,m2312-C-3650,88.5,0.0,0.0,0.0,10,8.0,259.5,1,88.5,0.0,0.0,0.0,0.0,0.0,5
2023-05-11 11:00:53,m2312-C-3650,m2312-C-3650,88.5,0.0,0.0,0.0,10,8.0,259.0,10,88.5,0.0,0.0,0.0,0.0,0.0,5
2023-05-11 11:00:56,m2312-C-3650,m2312-C-3650,88.5,0.0,0.0,0.0,10,8.0,258.5,1,88.5,0.0,0.0,0.0,0.0,0.0,5
2023-05-11 11:00:56,m2312-C-3650,m2312-C-3650,88.5,0.0,0.0,0.0,10,8.0,258.0,10,88.5,0.0,0.0,0.0,0.0,0.0,5
2023-05-11 11:00:58,m2312-C-3650,m2312-C-3650,88.5,0.0,0.0,0.0,10,8.0,257.5,1,88.5,0.0,0.0,0.0,0.0,0.0,5
2023-05-11 11:00:59,m2312-C-3650,m2312-C-3650,88.5,0.0,0.0,0.0,10,8.0,257.0,10,88.5,0.0,0.0,0.0,0.0,0.0,5
2023-05-11 11:01:02,m2312-C-3650,m2312-C-3650,88.5,0.0,0.0,0.0,10,8.0,256.5,1,88.5,0.0,0.0,0.0,0.0,0.0,5
2023-05-11 11:01:03,m2312-C-3650,m2312-C-3650,88.5,0.0,0.0,0.0,10,8.0,256.0,10,88.5,0.0,0.0,0.0,0.0,0.0,5
2023-05-11 11:01:05,m2312-C-3650,m2312-C-3650,88.5,0.0,0.0,0.0,10,8.0,255.5,1,88.5,0.0,0.0,0.0,0.0,0.0,5
2023-05-11 11:01:05,m2312-C-3650,m2312-C-3650,88.5,0.0,0.0,0.0,10,8.0,255.0,10,88.5,0.0,0.0,0.0,0.0,0.0,5
2023-05-11 11:01:08,m2312-C-3650,m2312-C-3650,88.5,0.0,0.0,0.0,10,8.0,254.5,1,88.5,0.0,0.0,0.0,0.0,0.0,5
2023-05-11 11:01:08,m2312-C-3650,m2312-C-3650,88.5,0.0,0.0,0.0,10,8.0,254.0,10,88.5,0.0,0.0,0.0,0.0,0.0,5
2023-05-11 11:01:11,m2312-C-3650,m2312-C-3650,88.5,0.0,0.0,0.0,10,8.0,253.5,1,88.5,0.0,0.0,0.0,0.0,0.0,5
2023-05-11 11:01:11,m2312-C-3650,m2312-C-3650,88.5,0.0,0.0,0.0,10,8.0,253.0,10,88.5,0.0,0.0,0.0,0.0,0.0,5
2023-05-11 11:01:14,m2312-C-3650,m2312-C-3650,88.5,0.0,0.0,0.0,10,8.0,252.5,1,88.5,0.0,0.0,0.0,0.0,0.0,5
2023-05-11 11:01:14,m2312-C-3650,m2312-C-3650,88.5,0.0,0.0,0.0,10,8.0,252.0,10,88.5,0.0,0.0,0.0,0.0,0.0,5
2023-05-11 11:01:17,m2312-C-3650,m2312-C-3650,88.5,0.0,0.0,0.0,10,8.0,251.5,1,88.5,0.0,0.0,0.0,0.0,0.0,5
2023-05-11 11:01:18,m2312-C-3650,m2312-C-3650,88.5,0.0,0.0,0.0,10,8.0,251.0,10,88.5,0.0,0.0,0.0,0.0,0.0,5
2023-05-11 11:01:20,m2312-C-3650,m2312-C-3650,88.5,0.0,0.0,0.0,10,8.0,250.5,1,88.5,0.0,0.0,0.0,0.0,0.0,5
2023-05-11 11:01:21,m2312-C-3650,m2312-C-3650,88.5,0.0,0.0,0.0,10,8.0,250.0,10,88.5,0.0,0.0,0.0,0.0,0.0,5
2023-05-11 11:01:24,m2312-C-3650,m2312-C-3650,88.5,0.0,0.0,0.0,10,8.0,249.5,1,88.5,0.0,0.0,0.0,0.0,0.0,5
2023-05-11 11:01:25,m2312-C-3650,m2312-C-3650,88.5,0.0,0.0,0.0,10,8.0,249.0,10,88.5,0.0,0.0,0.0,0.0,0.0,5
2023-05-11 11:01:30,m2312-C-3650,m2312-C-3650,88.5,0.0,0.0,0.0,10,8.0,248.5,1,88.5,0.0,0.0,0.0,0.0,0.0,5
2023-05-11 11:01:30,m2312-C-3650,m2312-C-3650,88.5,0.0,0.0,0.0,10,8.0,248.0,10,88.5,0.0,0.0,0.0,0.0,0.0,5
2023-05-11 11:01:34,m2312-C-3650,m2312-C-3650,88.5,0.0,0.0,0.0,10,8.0,247.5,1,88.5,0.0,0.0,0.0,0.0,0.0,5
2023-05-11 11:01:35,m2312-C-3650,m2312-C-3650,88.5,0.0,0.0,0.0,10,8.0,247.0,10,88.5,0.0,0.0,0.0,0.0,0.0,5
2023-05-11 11:01:38,m2312-C-3650,m2312-C-3650,88.5,0.0,0.0,0.0,10,8.0,246.0,10,88.5,0.0,0.0,0.0,0.0,0.0,5
2023-05-11 11:01:40,m2312-C-3650,m2312-C-3650,88.5,0.0,0.0,0.0,10,8.0,245.5,1,88.5,0.0,0.0,0.0,0.0,0.0,5
2023-05-11 11:01:40,m2312-C-3650,m2312-C-3650,88.5,0.0,0.0,0.0,10,8.0,245.0,10,88.5,0.0,0.0,0.0,0.0,0.0,5
2023-05-11 11:24:10,m2312-C-3650,m2312-C-3650,88.5,0.0,0.0,0.0,1,8.5,245.0,10,88.5,0.0,0.0,0.0,0.0,0.0,5
2023-05-11 11:24:10,m2312-C-3650,m2312-C-3650,88.5,0.0,0.0,0.0,10,9.0,245.0,10,88.5,0.0,0.0,0.0,0.0,0.0,5
2023-05-11 11:29:33,m2312-C-3650,m2312-C-3650,88.5,0.0,0.0,0.0,1,6.5,278.5,1,88.5,0.0,0.0,0.0,0.0,0.0,5
2023-05-11 13:30:02,m2312-C-3650,m2312-C-3650,88.5,0.0,0.0,0.0,10,7.0,278.0,10,88.5,0.0,0.0,0.0,0.0,0.0,5
2023-05-11 13:31:09,m2312-C-3650,m2312-C-3650,88.5,0.0,0.0,0.0,1,7.5,278.0,10,88.5,0.0,0.0,0.0,0.0,0.0,5
2023-05-11 13:31:09,m2312-C-3650,m2312-C-3650,88.5,0.0,0.0,0.0,10,8.0,278.0,10,88.5,0.0,0.0,0.0,0.0,0.0,5
2023-05-11 13:31:26,m2312-C-3650,m2312-C-3650,88.5,0.0,0.0,0.0,1,8.5,278.0,10,88.5,0.0,0.0,0.0,0.0,0.0,5
2023-05-11 13:31:26,m2312-C-3650,m2312-C-3650,88.5,0.0,0.0,0.0,10,9.0,278.0,10,88.5,0.0,0.0,0.0,0.0,0.0,5
2023-05-11 13:32:42,m2312-C-3650,m2312-C-3650,88.5,0.0,0.0,0.0,1,9.5,278.0,10,88.5,0.0,0.0,0.0,0.0,0.0,5
2023-05-11 13:32:43,m2312-C-3650,m2312-C-3650,88.5,0.0,0.0,0.0,10,10.0,278.0,10,88.5,0.0,0.0,0.0,0.0,0.0,5
2023-05-11 13:32:53,m2312-C-3650,m2312-C-3650,88.5,0.0,0.0,0.0,1,10.5,278.0,10,88.5,0.0,0.0,0.0,0.0,0.0,5
2023-05-11 13:32:53,m2312-C-3650,m2312-C-3650,88.5,0.0,0.0,0.0,10,11.0,278.0,10,88.5,0.0,0.0,0.0,0.0,0.0,5
2023-05-11 13:33:16,m2312-C-3650,m2312-C-3650,88.5,0.0,0.0,0.0,1,11.5,278.0,10,88.5,0.0,0.0,0.0,0.0,0.0,5
2023-05-11 13:33:16,m2312-C-3650,m2312-C-3650,88.5,0.0,0.0,0.0,10,12.0,278.0,10,88.5,0.0,0.0,0.0,0.0,0.0,5
2023-05-11 13:33:20,m2312-C-3650,m2312-C-3650,88.5,0.0,0.0,0.0,1,12.5,278.0,10,88.5,0.0,0.0,0.0,0.0,0.0,5
2023-05-11 13:33:21,m2312-C-3650,m2312-C-3650,88.5,0.0,0.0,0.0,10,13.0,278.0,10,88.5,0.0,0.0,0.0,0.0,0.0,5
2023-05-11 13:33:25,m2312-C-3650,m2312-C-3650,88.5,0.0,0.0,0.0,1,13.5,278.0,10,88.5,0.0,0.0,0.0,0.0,0.0,5
2023-05-11 13:33:25,m2312-C-3650,m2312-C-3650,88.5,0.0,0.0,0.0,10,14.0,278.0,10,88.5,0.0,0.0,0.0,0.0,0.0,5
2023-05-11 13:33:38,m2312-C-3650,m2312-C-3650,88.5,0.0,0.0,0.0,1,14.5,278.0,10,88.5,0.0,0.0,0.0,0.0,0.0,5
2023-05-11 13:33:38,m2312-C-3650,m2312-C-3650,88.5,0.0,0.0,0.0,10,15.0,278.0,10,88.5,0.0,0.0,0.0,0.0,0.0,5
2023-05-11 13:33:44,m2312-C-3650,m2312-C-3650,88.5,0.0,0.0,0.0,1,15.5,278.0,10,88.5,0.0,0.0,0.0,0.0,0.0,5
2023-05-11 13:33:44,m2312-C-3650,m2312-C-3650,88.5,0.0,0.0,0.0,10,16.0,278.0,10,88.5,0.0,0.0,0.0,0.0,0.0,5
2023-05-11 13:34:10,m2312-C-3650,m2312-C-3650,88.5,0.0,0.0,0.0,1,16.5,278.0,10,88.5,0.0,0.0,0.0,0.0,0.0,5
2023-05-11 13:34:10,m2312-C-3650,m2312-C-3650,88.5,0.0,0.0,0.0,10,17.0,278.0,10,88.5,0.0,0.0,0.0,0.0,0.0,5
2023-05-11 13:36:47,m2312-C-3650,m2312-C-3650,88.5,0.0,0.0,0.0,1,17.5,278.0,10,88.5,0.0,0.0,0.0,0.0,0.0,5
2023-05-11 13:36:47,m2312-C-3650,m2312-C-3650,88.5,0.0,0.0,0.0,10,18.0,278.0,10,88.5,0.0,0.0,0.0,0.0,0.0,5
2023-05-11 13:37:27,m2312-C-3650,m2312-C-3650,88.5,0.0,0.0,0.0,1,18.5,278.0,10,88.5,0.0,0.0,0.0,0.0,0.0,5
2023-05-11 13:37:27,m2312-C-3650,m2312-C-3650,88.5,0.0,0.0,0.0,10,19.0,278.0,10,88.5,0.0,0.0,0.0,0.0,0.0,5
2023-05-11 13:38:15,m2312-C-3650,m2312-C-3650,88.5,0.0,0.0,0.0,1,19.5,278.0,10,88.5,0.0,0.0,0.0,0.0,0.0,5
2023-05-11 13:38:16,m2312-C-3650,m2312-C-3650,88.5,0.0,0.0,0.0,10,20.0,278.0,10,88.5,0.0,0.0,0.0,0.0,0.0,5
2023-05-11 13:38:23,m2312-C-3650,m2312-C-3650,88.5,0.0,0.0,0.0,1,20.5,278.0,10,88.5,0.0,0.0,0.0,0.0,0.0,5
2023-05-11 13:38:24,m2312-C-3650,m2312-C-3650,88.5,0.0,0.0,0.0,10,21.0,278.0,10,88.5,0.0,0.0,0.0,0.0,0.0,5
2023-05-11 13:38:26,m2312-C-3650,m2312-C-3650,88.5,0.0,0.0,0.0,1,21.5,278.0,10,88.5,0.0,0.0,0.0,0.0,0.0,5
2023-05-11 13:38:27,m2312-C-3650,m2312-C-3650,88.5,0.0,0.0,0.0,10,22.0,278.0,10,88.5,0.0,0.0,0.0,0.0,0.0,5
2023-05-11 13:39:00,m2312-C-3650,m2312-C-3650,88.5,0.0,0.0,0.0,1,22.5,278.0,10,88.5,0.0,0.0,0.0,0.0,0.0,5
2023-05-11 13:39:01,m2312-C-3650,m2312-C-3650,88.5,0.0,0.0,0.0,10,23.0,278.0,10,88.5,0.0,0.0,0.0,0.0,0.0,5
2023-05-11 13:39:18,m2312-C-3650,m2312-C-3650,88.5,0.0,0.0,0.0,1,23.5,278.0,10,88.5,0.0,0.0,0.0,0.0,0.0,5
2023-05-11 13:39:18,m2312-C-3650,m2312-C-3650,88.5,0.0,0.0,0.0,10,24.0,278.0,10,88.5,0.0,0.0,0.0,0.0,0.0,5
2023-05-11 13:39:27,m2312-C-3650,m2312-C-3650,88.5,0.0,0.0,0.0,1,24.5,278.0,10,88.5,0.0,0.0,0.0,0.0,0.0,5
2023-05-11 13:39:28,m2312-C-3650,m2312-C-3650,88.5,0.0,0.0,0.0,10,25.0,278.0,10,88.5,0.0,0.0,0.0,0.0,0.0,5
2023-05-11 13:39:31,m2312-C-3650,m2312-C-3650,88.5,0.0,0.0,0.0,1,25.5,278.0,10,88.5,0.0,0.0,0.0,0.0,0.0,5
2023-05-11 13:39:31,m2312-C-3650,m2312-C-3650,88.5,0.0,0.0,0.0,10,26.0,278.0,10,88.5,0.0,0.0,0.0,0.0,0.0,5
2023-05-11 13:39:35,m2312-C-3650,m2312-C-3650,88.5,0.0,0.0,0.0,1,26.5,278.0,10,88.5,0.0,0.0,0.0,0.0,0.0,5
2023-05-11 13:39:35,m2312-C-3650,m2312-C-3650,88.5,0.0,0.0,0.0,10,27.0,278.0,10,88.5,0.0,0.0,0.0,0.0,0.0,5
2023-05-11 13:39:43,m2312-C-3650,m2312-C-3650,88.5,0.0,0.0,0.0,1,27.5,278.0,10,88.5,0.0,0.0,0.0,0.0,0.0,5
2023-05-11 13:39:43,m2312-C-3650,m2312-C-3650,88.5,0.0,0.0,0.0,10,28.0,278.0,10,88.5,0.0,0.0,0.0,0.0,0.0,5
2023-05-11 13:39:46,m2312-C-3650,m2312-C-3650,88.5,0.0,0.0,0.0,1,28.5,278.0,10,88.5,0.0,0.0,0.0,0.0,0.0,5
2023-05-11 13:39:47,m2312-C-3650,m2312-C-3650,88.5,0.0,0.0,0.0,10,29.0,278.0,10,88.5,0.0,0.0,0.0,0.0,0.0,5
2023-05-11 13:39:49,m2312-C-3650,m2312-C-3650,88.5,0.0,0.0,0.0,1,29.5,278.0,10,88.5,0.0,0.0,0.0,0.0,0.0,5
2023-05-11 13:39:50,m2312-C-3650,m2312-C-3650,88.5,0.0,0.0,0.0,10,30.0,278.0,10,88.5,0.0,0.0,0.0,0.0,0.0,5
2023-05-11 13:39:53,m2312-C-3650,m2312-C-3650,88.5,0.0,0.0,0.0,1,30.5,278.0,10,88.5,0.0,0.0,0.0,0.0,0.0,5
2023-05-11 13:39:53,m2312-C-3650,m2312-C-3650,88.5,0.0,0.0,0.0,10,31.0,278.0,10,88.5,0.0,0.0,0.0,0.0,0.0,5
2023-05-11 13:39:56,m2312-C-3650,m2312-C-3650,88.5,0.0,0.0,0.0,1,31.5,278.0,10,88.5,0.0,0.0,0.0,0.0,0.0,5
2023-05-11 13:39:56,m2312-C-3650,m2312-C-3650,88.5,0.0,0.0,0.0,10,32.0,278.0,10,88.5,0.0,0.0,0.0,0.0,0.0,5
2023-05-11 13:39:59,m2312-C-3650,m2312-C-3650,88.5,0.0,0.0,0.0,1,32.5,278.0,10,88.5,0.0,0.0,0.0,0.0,0.0,5
2023-05-11 13:40:00,m2312-C-3650,m2312-C-3650,88.5,0.0,0.0,0.0,10,33.0,278.0,10,88.5,0.0,0.0,0.0,0.0,0.0,5
2023-05-11 13:40:09,m2312-C-3650,m2312-C-3650,88.5,0.0,0.0,0.0,1,33.5,278.0,10,88.5,0.0,0.0,0.0,0.0,0.0,5
2023-05-11 13:40:09,m2312-C-3650,m2312-C-3650,88.5,0.0,0.0,0.0,10,34.0,278.0,10,88.5,0.0,0.0,0.0,0.0,0.0,5
2023-05-11 13:40:12,m2312-C-3650,m2312-C-3650,88.5,0.0,0.0,0.0,1,34.5,278.0,10,88.5,0.0,0.0,0.0,0.0,0.0,5
2023-05-11 13:40:13,m2312-C-3650,m2312-C-3650,88.5,0.0,0.0,0.0,10,35.0,278.0,10,88.5,0.0,0.0,0.0,0.0,0.0,5
2023-05-11 13:40:16,m2312-C-3650,m2312-C-3650,88.5,0.0,0.0,0.0,1,35.5,278.0,10,88.5,0.0,0.0,0.0,0.0,0.0,5
2023-05-11 13:40:17,m2312-C-3650,m2312-C-3650,88.5,0.0,0.0,0.0,10,36.0,278.0,10,88.5,0.0,0.0,0.0,0.0,0.0,5
2023-05-11 13:40:18,m2312-C-3650,m2312-C-3650,88.5,0.0,0.0,0.0,1,36.5,278.0,10,88.5,0.0,0.0,0.0,0.0,0.0,5
2023-05-11 13:40:18,m2312-C-3650,m2312-C-3650,88.5,0.0,0.0,0.0,10,37.0,278.0,10,88.5,0.0,0.0,0.0,0.0,0.0,5
2023-05-11 13:40:20,m2312-C-3650,m2312-C-3650,88.5,0.0,0.0,0.0,1,37.5,278.0,10,88.5,0.0,0.0,0.0,0.0,0.0,5
2023-05-11 13:40:20,m2312-C-3650,m2312-C-3650,88.5,0.0,0.0,0.0,10,38.0,278.0,10,88.5,0.0,0.0,0.0,0.0,0.0,5
2023-05-11 13:40:49,m2312-C-3650,m2312-C-3650,88.5,0.0,0.0,0.0,1,38.5,278.0,10,88.5,0.0,0.0,0.0,0.0,0.0,5
2023-05-11 13:40:49,m2312-C-3650,m2312-C-3650,88.5,0.0,0.0,0.0,10,39.0,278.0,10,88.5,0.0,0.0,0.0,0.0,0.0,5
2023-05-11 13:59:23,m2312-C-3650,m2312-C-3650,88.5,0.0,0.0,0.0,10,39.0,277.5,1,88.5,0.0,0.0,0.0,0.0,0.0,5
2023-05-11 13:59:23,m2312-C-3650,m2312-C-3650,88.5,0.0,0.0,0.0,10,39.0,277.0,10,88.5,0.0,0.0,0.0,0.0,0.0,5
2023-05-11 13:59:26,m2312-C-3650,m2312-C-3650,88.5,0.0,0.0,0.0,10,39.0,276.5,1,88.5,0.0,0.0,0.0,0.0,0.0,5
2023-05-11 13:59:27,m2312-C-3650,m2312-C-3650,88.5,0.0,0.0,0.0,10,39.0,276.0,10,88.5,0.0,0.0,0.0,0.0,0.0,5
2023-05-11 13:59:29,m2312-C-3650,m2312-C-3650,88.5,0.0,0.0,0.0,10,39.0,275.5,1,88.5,0.0,0.0,0.0,0.0,0.0,5
2023-05-11 13:59:30,m2312-C-3650,m2312-C-3650,88.5,0.0,0.0,0.0,10,39.0,275.0,10,88.5,0.0,0.0,0.0,0.0,0.0,5
2023-05-11 13:59:33,m2312-C-3650,m2312-C-3650,88.5,0.0,0.0,0.0,10,39.0,274.5,1,88.5,0.0,0.0,0.0,0.0,0.0,5
2023-05-11 13:59:33,m2312-C-3650,m2312-C-3650,88.5,0.0,0.0,0.0,10,39.0,274.0,10,88.5,0.0,0.0,0.0,0.0,0.0,5
2023-05-11 13:59:35,m2312-C-3650,m2312-C-3650,88.5,0.0,0.0,0.0,10,39.0,273.5,1,88.5,0.0,0.0,0.0,0.0,0.0,5
2023-05-11 13:59:36,m2312-C-3650,m2312-C-3650,88.5,0.0,0.0,0.0,10,39.0,273.0,10,88.5,0.0,0.0,0.0,0.0,0.0,5
2023-05-11 13:59:39,m2312-C-3650,m2312-C-3650,88.5,0.0,0.0,0.0,10,39.0,272.5,1,88.5,0.0,0.0,0.0,0.0,0.0,5
2023-05-11 13:59:39,m2312-C-3650,m2312-C-3650,88.5,0.0,0.0,0.0,10,39.0,272.0,10,88.5,0.0,0.0,0.0,0.0,0.0,5
2023-05-11 13:59:42,m2312-C-3650,m2312-C-3650,88.5,0.0,0.0,0.0,10,39.0,271.5,1,88.5,0.0,0.0,0.0,0.0,0.0,5
2023-05-11 13:59:42,m2312-C-3650,m2312-C-3650,88.5,0.0,0.0,0.0,10,39.0,271.0,10,88.5,0.0,0.0,0.0,0.0,0.0,5
2023-05-11 13:59:46,m2312-C-3650,m2312-C-3650,88.5,0.0,0.0,0.0,10,39.0,270.5,1,88.5,0.0,0.0,0.0,0.0,0.0,5
2023-05-11 13:59:46,m2312-C-3650,m2312-C-3650,88.5,0.0,0.0,0.0,10,39.0,270.0,10,88.5,0.0,0.0,0.0,0.0,0.0,5
2023-05-11 13:59:49,m2312-C-3650,m2312-C-3650,88.5,0.0,0.0,0.0,10,39.0,269.5,1,88.5,0.0,0.0,0.0,0.0,0.0,5
2023-05-11 13:59:50,m2312-C-3650,m2312-C-3650,88.5,0.0,0.0,0.0,10,39.0,269.0,10,88.5,0.0,0.0,0.0,0.0,0.0,5
2023-05-11 13:59:52,m2312-C-3650,m2312-C-3650,88.5,0.0,0.0,0.0,10,39.0,268.5,1,88.5,0.0,0.0,0.0,0.0,0.0,5
2023-05-11 13:59:52,m2312-C-3650,m2312-C-3650,88.5,0.0,0.0,0.0,10,39.0,268.0,10,88.5,0.0,0.0,0.0,0.0,0.0,5
2023-05-11 13:59:55,m2312-C-3650,m2312-C-3650,88.5,0.0,0.0,0.0,10,39.0,267.5,1,88.5,0.0,0.0,0.0,0.0,0.0,5
2023-05-11 13:59:55,m2312-C-3650,m2312-C-3650,88.5,0.0,0.0,0.0,10,39.0,267.0,10,88.5,0.0,0.0,0.0,0.0,0.0,5
2023-05-11 13:59:56,m2312-C-3650,m2312-C-3650,88.5,0.0,0.0,0.0,10,39.0,266.5,1,88.5,0.0,0.0,0.0,0.0,0.0,5
2023-05-11 13:59:57,m2312-C-3650,m2312-C-3650,88.5,0.0,0.0,0.0,10,39.0,266.0,10,88.5,0.0,0.0,0.0,0.0,0.0,5
2023-05-11 13:59:59,m2312-C-3650,m2312-C-3650,88.5,0.0,0.0,0.0,10,39.0,265.5,1,88.5,0.0,0.0,0.0,0.0,0.0,5
2023-05-11 13:59:59,m2312-C-3650,m2312-C-3650,88.5,0.0,0.0,0.0,10,39.0,265.0,10,88.5,0.0,0.0,0.0,0.0,0.0,5
2023-05-11 14:00:03,m2312-C-3650,m2312-C-3650,88.5,0.0,0.0,0.0,10,39.0,264.5,1,88.5,0.0,0.0,0.0,0.0,0.0,5
2023-05-11 14:00:03,m2312-C-3650,m2312-C-3650,88.5,0.0,0.0,0.0,10,39.0,264.0,10,88.5,0.0,0.0,0.0,0.0,0.0,5
2023-05-11 14:00:07,m2312-C-3650,m2312-C-3650,88.5,0.0,0.0,0.0,10,39.0,263.5,1,88.5,0.0,0.0,0.0,0.0,0.0,5
2023-05-11 14:00:07,m2312-C-3650,m2312-C-3650,88.5,0.0,0.0,0.0,10,39.0,263.0,10,88.5,0.0,0.0,0.0,0.0,0.0,5
2023-05-11 14:00:10,m2312-C-3650,m2312-C-3650,88.5,0.0,0.0,0.0,10,39.0,262.5,1,88.5,0.0,0.0,0.0,0.0,0.0,5
2023-05-11 14:00:11,m2312-C-3650,m2312-C-3650,88.5,0.0,0.0,0.0,10,39.0,262.0,10,88.5,0.0,0.0,0.0,0.0,0.0,5
2023-05-11 14:00:14,m2312-C-3650,m2312-C-3650,88.5,0.0,0.0,0.0,10,39.0,261.5,1,88.5,0.0,0.0,0.0,0.0,0.0,5
2023-05-11 14:00:15,m2312-C-3650,m2312-C-3650,88.5,0.0,0.0,0.0,10,39.0,261.0,10,88.5,0.0,0.0,0.0,0.0,0.0,5
2023-05-11 14:00:18,m2312-C-3650,m2312-C-3650,88.5,0.0,0.0,0.0,10,39.0,260.5,1,88.5,0.0,0.0,0.0,0.0,0.0,5
2023-05-11 14:00:18,m2312-C-3650,m2312-C-3650,88.5,0.0,0.0,0.0,10,39.0,260.0,10,88.5,0.0,0.0,0.0,0.0,0.0,5
2023-05-11 14:00:21,m2312-C-3650,m2312-C-3650,88.5,0.0,0.0,0.0,10,39.0,259.5,1,88.5,0.0,0.0,0.0,0.0,0.0,5
2023-05-11 14:00:21,m2312-C-3650,m2312-C-3650,88.5,0.0,0.0,0.0,10,39.0,259.0,10,88.5,0.0,0.0,0.0,0.0,0.0,5
2023-05-11 14:00:24,m2312-C-3650,m2312-C-3650,88.5,0.0,0.0,0.0,10,39.0,258.5,1,88.5,0.0,0.0,0.0,0.0,0.0,5
2023-05-11 14:00:25,m2312-C-3650,m2312-C-3650,88.5,0.0,0.0,0.0,10,39.0,258.0,10,88.5,0.0,0.0,0.0,0.0,0.0,5
2023-05-11 14:00:30,m2312-C-3650,m2312-C-3650,88.5,0.0,0.0,0.0,10,39.0,257.5,1,88.5,0.0,0.0,0.0,0.0,0.0,5
2023-05-11 14:00:30,m2312-C-3650,m2312-C-3650,88.5,0.0,0.0,0.0,10,39.0,257.0,10,88.5,0.0,0.0,0.0,0.0,0.0,5
2023-05-11 14:00:35,m2312-C-3650,m2312-C-3650,88.5,0.0,0.0,0.0,10,39.0,256.5,1,88.5,0.0,0.0,0.0,0.0,0.0,5
2023-05-11 14:00:36,m2312-C-3650,m2312-C-3650,88.5,0.0,0.0,0.0,10,39.0,256.0,10,88.5,0.0,0.0,0.0,0.0,0.0,5
2023-05-11 14:00:38,m2312-C-3650,m2312-C-3650,88.5,0.0,0.0,0.0,10,39.0,255.5,1,88.5,0.0,0.0,0.0,0.0,0.0,5
2023-05-11 14:00:39,m2312-C-3650,m2312-C-3650,88.5,0.0,0.0,0.0,10,39.0,255.0,10,88.5,0.0,0.0,0.0,0.0,0.0,5
2023-05-11 14:00:41,m2312-C-3650,m2312-C-3650,88.5,0.0,0.0,0.0,10,39.0,254.5,1,88.5,0.0,0.0,0.0,0.0,0.0,5
2023-05-11 14:00:42,m2312-C-3650,m2312-C-3650,88.5,0.0,0.0,0.0,10,39.0,254.0,10,88.5,0.0,0.0,0.0,0.0,0.0,5
2023-05-11 14:00:44,m2312-C-3650,m2312-C-3650,88.5,0.0,0.0,0.0,10,39.0,253.5,1,88.5,0.0,0.0,0.0,0.0,0.0,5
2023-05-11 14:00:45,m2312-C-3650,m2312-C-3650,88.5,0.0,0.0,0.0,10,39.0,253.0,10,88.5,0.0,0.0,0.0,0.0,0.0,5
2023-05-11 14:00:48,m2312-C-3650,m2312-C-3650,88.5,0.0,0.0,0.0,10,39.0,252.5,1,88.5,0.0,0.0,0.0,0.0,0.0,5
2023-05-11 14:00:48,m2312-C-3650,m2312-C-3650,88.5,0.0,0.0,0.0,10,39.0,252.0,10,88.5,0.0,0.0,0.0,0.0,0.0,5
2023-05-11 14:00:53,m2312-C-3650,m2312-C-3650,88.5,0.0,0.0,0.0,10,39.0,251.5,1,88.5,0.0,0.0,0.0,0.0,0.0,5
2023-05-11 14:00:53,m2312-C-3650,m2312-C-3650,88.5,0.0,0.0,0.0,10,39.0,251.0,10,88.5,0.0,0.0,0.0,0.0,0.0,5
2023-05-11 14:00:56,m2312-C-3650,m2312-C-3650,88.5,0.0,0.0,0.0,10,39.0,250.5,1,88.5,0.0,0.0,0.0,0.0,0.0,5
2023-05-11 14:00:57,m2312-C-3650,m2312-C-3650,88.5,0.0,0.0,0.0,10,39.0,250.0,10,88.5,0.0,0.0,0.0,0.0,0.0,5
2023-05-11 14:00:59,m2312-C-3650,m2312-C-3650,88.5,0.0,0.0,0.0,10,39.0,249.5,1,88.5,0.0,0.0,0.0,0.0,0.0,5
2023-05-11 14:00:59,m2312-C-3650,m2312-C-3650,88.5,0.0,0.0,0.0,10,39.0,249.0,10,88.5,0.0,0.0,0.0,0.0,0.0,5
2023-05-11 14:01:04,m2312-C-3650,m2312-C-3650,88.5,0.0,0.0,0.0,10,39.0,248.5,1,88.5,0.0,0.0,0.0,0.0,0.0,5
2023-05-11 14:01:04,m2312-C-3650,m2312-C-3650,88.5,0.0,0.0,0.0,10,39.0,248.0,10,88.5,0.0,0.0,0.0,0.0,0.0,5
2023-05-11 14:01:08,m2312-C-3650,m2312-C-3650,88.5,0.0,0.0,0.0,10,39.0,247.5,1,88.5,0.0,0.0,0.0,0.0,0.0,5
2023-05-11 14:01:08,m2312-C-3650,m2312-C-3650,88.5,0.0,0.0,0.0,10,39.0,247.0,10,88.5,0.0,0.0,0.0,0.0,0.0,5
2023-05-11 14:01:12,m2312-C-3650,m2312-C-3650,88.5,0.0,0.0,0.0,10,39.0,246.5,1,88.5,0.0,0.0,0.0,0.0,0.0,5
2023-05-11 14:01:13,m2312-C-3650,m2312-C-3650,88.5,0.0,0.0,0.0,10,39.0,246.0,10,88.5,0.0,0.0,0.0,0.0,0.0,5
2023-05-11 14:01:15,m2312-C-3650,m2312-C-3650,88.5,0.0,0.0,0.0,10,39.0,245.5,1,88.5,0.0,0.0,0.0,0.0,0.0,5
2023-05-11 14:01:16,m2312-C-3650,m2312-C-3650,88.5,0.0,0.0,0.0,10,39.0,245.0,10,88.5,0.0,0.0,0.0,0.0,0.0,5
2023-05-11 14:01:18,m2312-C-3650,m2312-C-3650,88.5,0.0,0.0,0.0,10,39.0,244.5,1,88.5,0.0,0.0,0.0,0.0,0.0,5
2023-05-11 14:01:19,m2312-C-3650,m2312-C-3650,88.5,0.0,0.0,0.0,10,39.0,244.0,10,88.5,0.0,0.0,0.0,0.0,0.0,5
2023-05-11 14:01:21,m2312-C-3650,m2312-C-3650,88.5,0.0,0.0,0.0,10,39.0,243.5,1,88.5,0.0,0.0,0.0,0.0,0.0,5
2023-05-11 14:01:21,m2312-C-3650,m2312-C-3650,88.5,0.0,0.0,0.0,10,39.0,243.0,10,88.5,0.0,0.0,0.0,0.0,0.0,5
2023-05-11 14:01:24,m2312-C-3650,m2312-C-3650,88.5,0.0,0.0,0.0,10,39.0,242.5,1,88.5,0.0,0.0,0.0,0.0,0.0,5
2023-05-11 14:01:25,m2312-C-3650,m2312-C-3650,88.5,0.0,0.0,0.0,10,39.0,242.0,10,88.5,0.0,0.0,0.0,0.0,0.0,5
2023-05-11 14:01:28,m2312-C-3650,m2312-C-3650,88.5,0.0,0.0,0.0,10,39.0,241.5,1,88.5,0.0,0.0,0.0,0.0,0.0,5
2023-05-11 14:01:28,m2312-C-3650,m2312-C-3650,88.5,0.0,0.0,0.0,10,39.0,241.0,10,88.5,0.0,0.0,0.0,0.0,0.0,5
2023-05-11 14:01:31,m2312-C-3650,m2312-C-3650,88.5,0.0,0.0,0.0,10,39.0,240.5,1,88.5,0.0,0.0,0.0,0.0,0.0,5
2023-05-11 14:01:31,m2312-C-3650,m2312-C-3650,88.5,0.0,0.0,0.0,10,39.0,240.0,10,88.5,0.0,0.0,0.0,0.0,0.0,5
2023-05-11 14:01:34,m2312-C-3650,m2312-C-3650,88.5,0.0,0.0,0.0,10,39.0,239.5,1,88.5,0.0,0.0,0.0,0.0,0.0,5
2023-05-11 14:01:34,m2312-C-3650,m2312-C-3650,88.5,0.0,0.0,0.0,10,39.0,239.0,10,88.5,0.0,0.0,0.0,0.0,0.0,5
2023-05-11 14:01:37,m2312-C-3650,m2312-C-3650,88.5,0.0,0.0,0.0,10,39.0,238.5,1,88.5,0.0,0.0,0.0,0.0,0.0,5
2023-05-11 14:01:37,m2312-C-3650,m2312-C-3650,88.5,0.0,0.0,0.0,10,39.0,238.0,10,88.5,0.0,0.0,0.0,0.0,0.0,5
2023-05-11 14:01:39,m2312-C-3650,m2312-C-3650,88.5,0.0,0.0,0.0,10,39.0,237.5,1,88.5,0.0,0.0,0.0,0.0,0.0,5
2023-05-11 14:01:39,m2312-C-3650,m2312-C-3650,88.5,0.0,0.0,0.0,10,39.0,237.0,10,88.5,0.0,0.0,0.0,0.0,0.0,5
2023-05-11 14:01:43,m2312-C-3650,m2312-C-3650,88.5,0.0,0.0,0.0,10,39.0,236.5,1,88.5,0.0,0.0,0.0,0.0,0.0,5
2023-05-11 14:01:43,m2312-C-3650,m2312-C-3650,88.5,0.0,0.0,0.0,10,39.0,236.0,10,88.5,0.0,0.0,0.0,0.0,0.0,5
2023-05-11 14:01:46,m2312-C-3650,m2312-C-3650,88.5,0.0,0.0,0.0,10,39.0,235.5,1,88.5,0.0,0.0,0.0,0.0,0.0,5
2023-05-11 14:01:46,m2312-C-3650,m2312-C-3650,88.5,0.0,0.0,0.0,10,39.0,235.0,10,88.5,0.0,0.0,0.0,0.0,0.0,5
2023-05-11 14:01:49,m2312-C-3650,m2312-C-3650,88.5,0.0,0.0,0.0,10,39.0,234.5,1,88.5,0.0,0.0,0.0,0.0,0.0,5
2023-05-11 14:01:50,m2312-C-3650,m2312-C-3650,88.5,0.0,0.0,0.0,10,39.0,234.0,10,88.5,0.0,0.0,0.0,0.0,0.0,5
2023-05-11 14:01:52,m2312-C-3650,m2312-C-3650,88.5,0.0,0.0,0.0,10,39.0,233.5,1,88.5,0.0,0.0,0.0,0.0,0.0,5
2023-05-11 14:01:52,m2312-C-3650,m2312-C-3650,88.5,0.0,0.0,0.0,10,39.0,233.0,10,88.5,0.0,0.0,0.0,0.0,0.0,5
2023-05-11 14:01:55,m2312-C-3650,m2312-C-3650,88.5,0.0,0.0,0.0,10,39.0,232.5,1,88.5,0.0,0.0,0.0,0.0,0.0,5
2023-05-11 14:01:55,m2312-C-3650,m2312-C-3650,88.5,0.0,0.0,0.0,10,39.0,232.0,10,88.5,0.0,0.0,0.0,0.0,0.0,5
2023-05-11 14:01:59,m2312-C-3650,m2312-C-3650,88.5,0.0,0.0,0.0,10,39.0,231.5,1,88.5,0.0,0.0,0.0,0.0,0.0,5
2023-05-11 14:01:59,m2312-C-3650,m2312-C-3650,88.5,0.0,0.0,0.0,10,39.0,231.0,10,88.5,0.0,0.0,0.0,0.0,0.0,5
2023-05-11 14:02:03,m2312-C-3650,m2312-C-3650,88.5,0.0,0.0,0.0,10,39.0,230.5,1,88.5,0.0,0.0,0.0,0.0,0.0,5
2023-05-11 14:02:03,m2312-C-3650,m2312-C-3650,88.5,0.0,0.0,0.0,10,39.0,230.0,10,88.5,0.0,0.0,0.0,0.0,0.0,5
2023-05-11 14:02:07,m2312-C-3650,m2312-C-3650,88.5,0.0,0.0,0.0,10,39.0,229.5,1,88.5,0.0,0.0,0.0,0.0,0.0,5
2023-05-11 14:02:07,m2312-C-3650,m2312-C-3650,88.5,0.0,0.0,0.0,10,39.0,229.0,10,88.5,0.0,0.0,0.0,0.0,0.0,5
2023-05-11 14:38:46,m2312-C-3650,m2312-C-3650,88.5,0.0,0.0,0.0,5,74.0,82.5,5,88.5,0.0,0.0,0.0,0.0,0.0,5
2023-05-11 14:38:52,m2312-C-3650,m2312-C-3650,88.5,0.0,0.0,0.0,5,75.0,82.5,5,88.5,0.0,0.0,0.0,0.0,0.0,5
2023-05-11 14:38:53,m2312-C-3650,m2312-C-3650,88.5,0.0,0.0,0.0,10,75.0,82.5,10,88.5,0.0,0.0,0.0,0.0,0.0,5
2023-05-11 14:38:58,m2312-C-3650,m2312-C-3650,88.5,0.0,0.0,0.0,10,75.0,78.5,5,88.5,0.0,0.0,0.0,0.0,0.0,5
2023-05-11 14:39:01,m2312-C-3650,m2312-C-3650,88.5,0.0,0.0,0.0,10,75.0,77.5,5,88.5,0.0,0.0,0.0,0.0,0.0,5
2023-05-11 14:39:03,m2312-C-3650,m2312-C-3650,88.5,0.0,0.0,0.0,5,75.0,77.5,5,88.5,0.0,0.0,0.0,0.0,0.0,5
2023-05-11 14:39:04,m2312-C-3650,m2312-C-3650,88.5,0.0,0.0,0.0,10,74.5,77.5,5,88.5,0.0,0.0,0.0,0.0,0.0,5
2023-05-11 14:39:05,m2312-C-3650,m2312-C-3650,88.5,0.0,0.0,0.0,5,74.5,77.5,5,88.5,0.0,0.0,0.0,0.0,0.0,5
2023-05-11 14:39:07,m2312-C-3650,m2312-C-3650,88.5,0.0,0.0,0.0,10,72.5,77.5,5,88.5,0.0,0.0,0.0,0.0,0.0,5
2023-05-11 14:39:10,m2312-C-3650,m2312-C-3650,88.5,0.0,0.0,0.0,5,72.5,77.5,5,88.5,0.0,0.0,0.0,0.0,0.0,5
2023-05-11 14:39:12,m2312-C-3650,m2312-C-3650,88.5,0.0,0.0,0.0,5,72.5,81.0,5,88.5,0.0,0.0,0.0,0.0,0.0,5
2023-05-11 14:39:13,m2312-C-3650,m2312-C-3650,88.5,0.0,0.0,0.0,10,8.0,278.0,10,88.5,0.0,0.0,0.0,0.0,0.0,5
2023-05-11 14:39:13,m2312-C-3650,m2312-C-3650,88.5,0.0,0.0,0.0,1,14.5,278.0,10,88.5,0.0,0.0,0.0,0.0,0.0,5
2023-05-11 14:39:14,m2312-C-3650,m2312-C-3650,88.5,0.0,0.0,0.0,10,15.0,278.0,10,88.5,0.0,0.0,0.0,0.0,0.0,5
2023-05-11 14:39:15,m2312-C-3650,m2312-C-3650,88.5,0.0,0.0,0.0,1,21.5,278.0,10,88.5,0.0,0.0,0.0,0.0,0.0,5
2023-05-11 14:39:15,m2312-C-3650,m2312-C-3650,88.5,0.0,0.0,0.0,10,22.0,278.0,10,88.5,0.0,0.0,0.0,0.0,0.0,5
2023-05-11 14:39:18,m2312-C-3650,m2312-C-3650,88.5,0.0,0.0,0.0,1,22.5,278.0,10,88.5,0.0,0.0,0.0,0.0,0.0,5
2023-05-11 14:39:18,m2312-C-3650,m2312-C-3650,88.5,0.0,0.0,0.0,10,23.0,278.0,10,88.5,0.0,0.0,0.0,0.0,0.0,5
2023-05-11 14:39:20,m2312-C-3650,m2312-C-3650,88.5,0.0,0.0,0.0,1,23.5,278.0,10,88.5,0.0,0.0,0.0,0.0,0.0,5
2023-05-11 14:39:20,m2312-C-3650,m2312-C-3650,88.5,0.0,0.0,0.0,10,24.0,278.0,10,88.5,0.0,0.0,0.0,0.0,0.0,5
2023-05-11 14:39:21,m2312-C-3650,m2312-C-3650,88.5,0.0,0.0,0.0,1,24.5,278.0,10,88.5,0.0,0.0,0.0,0.0,0.0,5
2023-05-11 14:39:22,m2312-C-3650,m2312-C-3650,88.5,0.0,0.0,0.0,10,25.0,278.0,10,88.5,0.0,0.0,0.0,0.0,0.0,5
2023-05-11 14:39:23,m2312-C-3650,m2312-C-3650,88.5,0.0,0.0,0.0,1,25.5,278.0,10,88.5,0.0,0.0,0.0,0.0,0.0,5
2023-05-11 14:39:24,m2312-C-3650,m2312-C-3650,88.5,0.0,0.0,0.0,10,26.0,278.0,10,88.5,0.0,0.0,0.0,0.0,0.0,5
2023-05-11 14:39:25,m2312-C-3650,m2312-C-3650,88.5,0.0,0.0,0.0,1,26.5,278.0,10,88.5,0.0,0.0,0.0,0.0,0.0,5
2023-05-11 14:39:25,m2312-C-3650,m2312-C-3650,88.5,0.0,0.0,0.0,10,27.0,278.0,10,88.5,0.0,0.0,0.0,0.0,0.0,5
2023-05-11 14:39:26,m2312-C-3650,m2312-C-3650,88.5,0.0,0.0,0.0,1,27.5,278.0,10,88.5,0.0,0.0,0.0,0.0,0.0,5
2023-05-11 14:39:26,m2312-C-3650,m2312-C-3650,88.5,0.0,0.0,0.0,10,28.0,278.0,10,88.5,0.0,0.0,0.0,0.0,0.0,5
2023-05-11 14:39:27,m2312-C-3650,m2312-C-3650,88.5,0.0,0.0,0.0,1,28.5,278.0,10,88.5,0.0,0.0,0.0,0.0,0.0,5
2023-05-11 14:39:27,m2312-C-3650,m2312-C-3650,88.5,0.0,0.0,0.0,10,29.0,278.0,10,88.5,0.0,0.0,0.0,0.0,0.0,5
2023-05-11 14:39:28,m2312-C-3650,m2312-C-3650,88.5,0.0,0.0,0.0,1,29.5,278.0,10,88.5,0.0,0.0,0.0,0.0,0.0,5
2023-05-11 14:39:29,m2312-C-3650,m2312-C-3650,88.5,0.0,0.0,0.0,10,30.0,278.0,10,88.5,0.0,0.0,0.0,0.0,0.0,5
2023-05-11 14:39:30,m2312-C-3650,m2312-C-3650,88.5,0.0,0.0,0.0,1,30.5,278.0,10,88.5,0.0,0.0,0.0,0.0,0.0,5
2023-05-11 14:39:30,m2312-C-3650,m2312-C-3650,88.5,0.0,0.0,0.0,10,31.0,278.0,10,88.5,0.0,0.0,0.0,0.0,0.0,5
2023-05-11 14:39:31,m2312-C-3650,m2312-C-3650,88.5,0.0,0.0,0.0,1,31.5,278.0,10,88.5,0.0,0.0,0.0,0.0,0.0,5
2023-05-11 14:39:31,m2312-C-3650,m2312-C-3650,88.5,0.0,0.0,0.0,10,32.0,278.0,10,88.5,0.0,0.0,0.0,0.0,0.0,5
2023-05-11 14:39:32,m2312-C-3650,m2312-C-3650,88.5,0.0,0.0,0.0,1,32.5,278.0,10,88.5,0.0,0.0,0.0,0.0,0.0,5
2023-05-11 14:39:32,m2312-C-3650,m2312-C-3650,88.5,0.0,0.0,0.0,10,33.0,278.0,10,88.5,0.0,0.0,0.0,0.0,0.0,5
2023-05-11 14:39:33,m2312-C-3650,m2312-C-3650,88.5,0.0,0.0,0.0,1,33.5,278.0,10,88.5,0.0,0.0,0.0,0.0,0.0,5
2023-05-11 14:39:34,m2312-C-3650,m2312-C-3650,88.5,0.0,0.0,0.0,10,34.0,278.0,10,88.5,0.0,0.0,0.0,0.0,0.0,5
2023-05-11 14:39:35,m2312-C-3650,m2312-C-3650,88.5,0.0,0.0,0.0,1,34.5,278.0,10,88.5,0.0,0.0,0.0,0.0,0.0,5
2023-05-11 14:39:35,m2312-C-3650,m2312-C-3650,88.5,0.0,0.0,0.0,10,35.0,278.0,10,88.5,0.0,0.0,0.0,0.0,0.0,5
2023-05-11 14:39:37,m2312-C-3650,m2312-C-3650,88.5,0.0,0.0,0.0,1,35.5,278.0,10,88.5,0.0,0.0,0.0,0.0,0.0,5
2023-05-11 14:39:37,m2312-C-3650,m2312-C-3650,88.5,0.0,0.0,0.0,10,36.0,278.0,10,88.5,0.0,0.0,0.0,0.0,0.0,5
2023-05-11 14:39:38,m2312-C-3650,m2312-C-3650,88.5,0.0,0.0,0.0,1,36.5,278.0,10,88.5,0.0,0.0,0.0,0.0,0.0,5
2023-05-11 14:39:38,m2312-C-3650,m2312-C-3650,88.5,0.0,0.0,0.0,10,37.0,278.0,10,88.5,0.0,0.0,0.0,0.0,0.0,5
2023-05-11 14:39:39,m2312-C-3650,m2312-C-3650,88.5,0.0,0.0,0.0,1,37.5,278.0,10,88.5,0.0,0.0,0.0,0.0,0.0,5
2023-05-11 14:39:39,m2312-C-3650,m2312-C-3650,88.5,0.0,0.0,0.0,10,38.0,278.0,10,88.5,0.0,0.0,0.0,0.0,0.0,5
2023-05-11 14:39:40,m2312-C-3650,m2312-C-3650,88.5,0.0,0.0,0.0,1,38.5,278.0,10,88.5,0.0,0.0,0.0,0.0,0.0,5
2023-05-11 14:39:40,m2312-C-3650,m2312-C-3650,88.5,0.0,0.0,0.0,10,39.0,278.0,10,88.5,0.0,0.0,0.0,0.0,0.0,5
2023-05-11 14:59:02,m2312-C-3650,m2312-C-3650,88.5,0.0,0.0,0.0,1,7.5,278.5,1,88.5,0.0,0.0,0.0,0.0,0.0,5
2023-05-11 14:59:05,m2312-C-3650,m2312-C-3650,88.5,0.0,0.0,0.0,10,8.0,278.0,10,88.5,0.0,0.0,0.0,0.0,0.0,5
2023-05-11 14:59:10,m2312-C-3650,m2312-C-3650,88.5,0.0,0.0,0.0,1,11.5,278.0,10,88.5,0.0,0.0,0.0,0.0,0.0,5
2023-05-11 14:59:10,m2312-C-3650,m2312-C-3650,88.5,0.0,0.0,0.0,1,11.5,278.5,1,88.5,0.0,0.0,0.0,0.0,0.0,5
2023-05-11 15:01:10,m2312-C-3650,m2312-C-3650,88.5,0.0,0.0,0.0,1,11.5,278.5,1,88.5,0.0,0.0,0.0,0.0,0.0,5
