time,symbol_id,symbol_name,last,trade_volume,trade_amount,open_interest_change,bv1,bp1,ap1,av1,yesterday_close,today_open,today_high,today_low,volume,amount,open_interest
2023-05-10 20:56:26,m2403-P-3050,m2403-P-3050,69.0,0.0,0.0,0.0,1,0.5,0.0,0,69.0,69.0,0.0,0.0,0.0,0.0,65
2023-05-10 21:01:49,m2403-P-3050,m2403-P-3050,69.0,0.0,0.0,0.0,1,1.0,0.0,0,69.0,69.0,0.0,0.0,0.0,0.0,65
2023-05-10 21:05:43,m2403-P-3050,m2403-P-3050,69.0,0.0,0.0,0.0,1,1.5,0.0,0,69.0,69.0,0.0,0.0,0.0,0.0,65
2023-05-10 21:05:43,m2403-P-3050,m2403-P-3050,69.0,0.0,0.0,0.0,1,2.0,0.0,0,69.0,69.0,0.0,0.0,0.0,0.0,65
2023-05-10 21:05:43,m2403-P-3050,m2403-P-3050,69.0,0.0,0.0,0.0,1,2.0,267.5,1,69.0,69.0,0.0,0.0,0.0,0.0,65
2023-05-10 21:11:11,m2403-P-3050,m2403-P-3050,69.0,0.0,0.0,0.0,1,2.5,267.5,1,69.0,69.0,0.0,0.0,0.0,0.0,65
2023-05-10 21:17:39,m2403-P-3050,m2403-P-3050,69.0,0.0,0.0,0.0,1,3.5,267.5,1,69.0,69.0,0.0,0.0,0.0,0.0,65
2023-05-10 21:35:44,m2403-P-3050,m2403-P-3050,69.0,0.0,0.0,0.0,1,4.0,267.5,1,69.0,69.0,0.0,0.0,0.0,0.0,65
2023-05-10 22:58:29,m2403-P-3050,m2403-P-3050,69.0,0.0,0.0,0.0,1,4.0,0.0,0,69.0,69.0,0.0,0.0,0.0,0.0,65
2023-05-11 09:02:10,m2403-P-3050,m2403-P-3050,69.0,0.0,0.0,0.0,1,4.0,267.5,1,69.0,69.0,0.0,0.0,0.0,0.0,65
2023-05-11 09:37:20,m2403-P-3050,m2403-P-3050,69.0,0.0,0.0,0.0,1,4.5,267.5,1,69.0,69.0,0.0,0.0,0.0,0.0,65
2023-05-11 09:44:31,m2403-P-3050,m2403-P-3050,69.0,0.0,0.0,0.0,1,5.0,267.5,1,69.0,69.0,0.0,0.0,0.0,0.0,65
2023-05-11 10:13:25,m2403-P-3050,m2403-P-3050,69.0,0.0,0.0,0.0,1,5.0,0.0,0,69.0,69.0,0.0,0.0,0.0,0.0,65
2023-05-11 10:31:36,m2403-P-3050,m2403-P-3050,69.0,0.0,0.0,0.0,1,5.0,267.5,1,69.0,69.0,0.0,0.0,0.0,0.0,65
2023-05-11 11:28:25,m2403-P-3050,m2403-P-3050,69.0,0.0,0.0,0.0,1,5.0,0.0,0,69.0,69.0,0.0,0.0,0.0,0.0,65
2023-05-11 11:29:28,m2403-P-3050,m2403-P-3050,69.0,0.0,0.0,0.0,1,4.5,0.0,0,69.0,69.0,0.0,0.0,0.0,0.0,65
2023-05-11 13:31:12,m2403-P-3050,m2403-P-3050,69.0,0.0,0.0,0.0,1,5.0,0.0,0,69.0,69.0,0.0,0.0,0.0,0.0,65
2023-05-11 13:31:23,m2403-P-3050,m2403-P-3050,69.0,0.0,0.0,0.0,1,5.0,267.5,1,69.0,69.0,0.0,0.0,0.0,0.0,65
2023-05-11 13:53:45,m2403-P-3050,m2403-P-3050,69.0,0.0,0.0,0.0,1,5.5,267.5,1,69.0,69.0,0.0,0.0,0.0,0.0,65
2023-05-11 14:13:06,m2403-P-3050,m2403-P-3050,69.0,0.0,0.0,0.0,1,6.0,267.5,1,69.0,69.0,0.0,0.0,0.0,0.0,65
2023-05-11 14:39:46,m2403-P-3050,m2403-P-3050,69.0,0.0,0.0,0.0,5,66.5,74.5,5,69.0,69.0,0.0,0.0,0.0,0.0,65
2023-05-11 14:39:52,m2403-P-3050,m2403-P-3050,69.0,0.0,0.0,0.0,5,71.5,74.5,5,69.0,69.0,0.0,0.0,0.0,0.0,65
2023-05-11 14:39:54,m2403-P-3050,m2403-P-3050,69.0,5.0,3450.0,0.0,5,66.5,74.5,5,69.0,69.0,69.0,69.0,5.0,3450.0,65
2023-05-11 14:39:54,m2403-P-3050,m2403-P-3050,69.0,0.0,0.0,0.0,15,66.5,74.5,15,69.0,69.0,69.0,69.0,5.0,3450.0,65
2023-05-11 14:39:58,m2403-P-3050,m2403-P-3050,69.0,0.0,0.0,0.0,5,68.5,74.5,10,69.0,69.0,69.0,69.0,5.0,3450.0,65
2023-05-11 14:39:59,m2403-P-3050,m2403-P-3050,69.0,0.0,0.0,0.0,5,68.5,74.5,5,69.0,69.0,69.0,69.0,5.0,3450.0,65
2023-05-11 14:40:04,m2403-P-3050,m2403-P-3050,69.0,0.0,0.0,0.0,10,68.5,74.5,10,69.0,69.0,69.0,69.0,5.0,3450.0,65
2023-05-11 14:40:05,m2403-P-3050,m2403-P-3050,69.0,0.0,0.0,0.0,10,68.5,74.5,5,69.0,69.0,69.0,69.0,5.0,3450.0,65
2023-05-11 14:40:09,m2403-P-3050,m2403-P-3050,69.0,0.0,0.0,0.0,5,68.5,74.5,5,69.0,69.0,69.0,69.0,5.0,3450.0,65
2023-05-11 14:40:14,m2403-P-3050,m2403-P-3050,69.0,0.0,0.0,0.0,1,6.0,0.0,0,69.0,69.0,69.0,69.0,5.0,3450.0,65
2023-05-11 14:45:00,m2403-P-3050,m2403-P-3050,69.0,0.0,0.0,0.0,1,6.5,0.0,0,69.0,69.0,69.0,69.0,5.0,3450.0,65
2023-05-11 14:46:52,m2403-P-3050,m2403-P-3050,69.0,0.0,0.0,0.0,1,7.0,0.0,0,69.0,69.0,69.0,69.0,5.0,3450.0,65
2023-05-11 15:01:10,m2403-P-3050,m2403-P-3050,69.0,0.0,0.0,0.0,1,7.0,0.0,0,69.0,69.0,69.0,69.0,5.0,3450.0,65
