time,symbol_id,symbol_name,last,trade_volume,trade_amount,open_interest_change,bv1,bp1,ap1,av1,yesterday_close,today_open,today_high,today_low,volume,amount,open_interest
2023-05-10 20:56:26,m2403-P-3250,m2403-P-3250,139.5,0.0,0.0,0.0,1,0.5,0.0,0,139.5,0.0,0.0,0.0,0.0,0.0,5
2023-05-10 21:00:42,m2403-P-3250,m2403-P-3250,139.5,0.0,0.0,0.0,1,32.0,0.0,0,139.5,0.0,0.0,0.0,0.0,0.0,5
2023-05-10 21:01:30,m2403-P-3250,m2403-P-3250,139.5,0.0,0.0,0.0,1,32.5,0.0,0,139.5,0.0,0.0,0.0,0.0,0.0,5
2023-05-10 21:01:49,m2403-P-3250,m2403-P-3250,139.5,0.0,0.0,0.0,1,33.0,0.0,0,139.5,0.0,0.0,0.0,0.0,0.0,5
2023-05-10 21:01:52,m2403-P-3250,m2403-P-3250,139.5,0.0,0.0,0.0,1,33.5,0.0,0,139.5,0.0,0.0,0.0,0.0,0.0,5
2023-05-10 21:31:49,m2403-P-3250,m2403-P-3250,139.5,0.0,0.0,0.0,1,34.0,0.0,0,139.5,0.0,0.0,0.0,0.0,0.0,5
2023-05-10 21:31:51,m2403-P-3250,m2403-P-3250,139.5,0.0,0.0,0.0,1,34.5,0.0,0,139.5,0.0,0.0,0.0,0.0,0.0,5
2023-05-10 22:01:49,m2403-P-3250,m2403-P-3250,139.5,0.0,0.0,0.0,1,35.0,0.0,0,139.5,0.0,0.0,0.0,0.0,0.0,5
2023-05-10 22:01:51,m2403-P-3250,m2403-P-3250,139.5,0.0,0.0,0.0,1,35.5,0.0,0,139.5,0.0,0.0,0.0,0.0,0.0,5
2023-05-10 22:50:19,m2403-P-3250,m2403-P-3250,139.5,0.0,0.0,0.0,1,36.0,0.0,0,139.5,0.0,0.0,0.0,0.0,0.0,5
2023-05-10 22:50:24,m2403-P-3250,m2403-P-3250,139.5,0.0,0.0,0.0,1,36.5,0.0,0,139.5,0.0,0.0,0.0,0.0,0.0,5
2023-05-10 22:57:34,m2403-P-3250,m2403-P-3250,139.5,0.0,0.0,0.0,1,36.0,0.0,0,139.5,0.0,0.0,0.0,0.0,0.0,5
2023-05-11 09:00:36,m2403-P-3250,m2403-P-3250,139.5,0.0,0.0,0.0,1,37.5,0.0,0,139.5,0.0,0.0,0.0,0.0,0.0,5
2023-05-11 09:00:54,m2403-P-3250,m2403-P-3250,139.5,0.0,0.0,0.0,1,38.0,0.0,0,139.5,0.0,0.0,0.0,0.0,0.0,5
2023-05-11 09:01:44,m2403-P-3250,m2403-P-3250,139.5,0.0,0.0,0.0,1,38.5,0.0,0,139.5,0.0,0.0,0.0,0.0,0.0,5
2023-05-11 09:46:25,m2403-P-3250,m2403-P-3250,139.5,0.0,0.0,0.0,1,39.0,0.0,0,139.5,0.0,0.0,0.0,0.0,0.0,5
2023-05-11 09:46:26,m2403-P-3250,m2403-P-3250,139.5,0.0,0.0,0.0,1,39.5,0.0,0,139.5,0.0,0.0,0.0,0.0,0.0,5
2023-05-11 10:12:34,m2403-P-3250,m2403-P-3250,139.5,0.0,0.0,0.0,1,39.0,0.0,0,139.5,0.0,0.0,0.0,0.0,0.0,5
2023-05-11 10:30:16,m2403-P-3250,m2403-P-3250,139.5,0.0,0.0,0.0,1,39.5,0.0,0,139.5,0.0,0.0,0.0,0.0,0.0,5
2023-05-11 10:54:03,m2403-P-3250,m2403-P-3250,139.5,0.0,0.0,0.0,1,40.0,0.0,0,139.5,0.0,0.0,0.0,0.0,0.0,5
2023-05-11 10:54:07,m2403-P-3250,m2403-P-3250,139.5,0.0,0.0,0.0,1,40.5,0.0,0,139.5,0.0,0.0,0.0,0.0,0.0,5
2023-05-11 11:27:01,m2403-P-3250,m2403-P-3250,139.5,0.0,0.0,0.0,1,41.0,0.0,0,139.5,0.0,0.0,0.0,0.0,0.0,5
2023-05-11 11:29:28,m2403-P-3250,m2403-P-3250,139.5,0.0,0.0,0.0,1,37.5,0.0,0,139.5,0.0,0.0,0.0,0.0,0.0,5
2023-05-11 13:31:12,m2403-P-3250,m2403-P-3250,139.5,0.0,0.0,0.0,1,38.0,0.0,0,139.5,0.0,0.0,0.0,0.0,0.0,5
2023-05-11 13:31:24,m2403-P-3250,m2403-P-3250,139.5,0.0,0.0,0.0,1,38.5,0.0,0,139.5,0.0,0.0,0.0,0.0,0.0,5
2023-05-11 14:17:53,m2403-P-3250,m2403-P-3250,139.5,0.0,0.0,0.0,1,39.0,0.0,0,139.5,0.0,0.0,0.0,0.0,0.0,5
2023-05-11 14:17:54,m2403-P-3250,m2403-P-3250,139.5,0.0,0.0,0.0,1,39.5,0.0,0,139.5,0.0,0.0,0.0,0.0,0.0,5
2023-05-11 14:39:46,m2403-P-3250,m2403-P-3250,139.5,0.0,0.0,0.0,5,135.5,151.5,5,139.5,0.0,0.0,0.0,0.0,0.0,5
2023-05-11 14:39:48,m2403-P-3250,m2403-P-3250,139.5,0.0,0.0,0.0,10,135.5,151.5,10,139.5,0.0,0.0,0.0,0.0,0.0,5
2023-05-11 14:39:50,m2403-P-3250,m2403-P-3250,139.5,0.0,0.0,0.0,10,135.5,136.5,5,139.5,0.0,0.0,0.0,0.0,0.0,5
2023-05-11 14:39:58,m2403-P-3250,m2403-P-3250,139.5,0.0,0.0,0.0,5,135.5,136.5,5,139.5,0.0,0.0,0.0,0.0,0.0,5
2023-05-11 14:40:00,m2403-P-3250,m2403-P-3250,139.5,0.0,0.0,0.0,5,134.5,136.5,5,139.5,0.0,0.0,0.0,0.0,0.0,5
2023-05-11 14:40:01,m2403-P-3250,m2403-P-3250,139.5,0.0,0.0,0.0,5,134.5,142.5,5,139.5,0.0,0.0,0.0,0.0,0.0,5
2023-05-11 14:40:03,m2403-P-3250,m2403-P-3250,139.5,0.0,0.0,0.0,5,132.5,142.5,5,139.5,0.0,0.0,0.0,0.0,0.0,5
2023-05-11 14:40:04,m2403-P-3250,m2403-P-3250,139.5,0.0,0.0,0.0,10,132.5,142.5,10,139.5,0.0,0.0,0.0,0.0,0.0,5
2023-05-11 14:40:07,m2403-P-3250,m2403-P-3250,139.5,0.0,0.0,0.0,10,132.5,142.5,5,139.5,0.0,0.0,0.0,0.0,0.0,5
2023-05-11 14:40:09,m2403-P-3250,m2403-P-3250,139.5,0.0,0.0,0.0,5,132.5,142.5,5,139.5,0.0,0.0,0.0,0.0,0.0,5
2023-05-11 14:40:14,m2403-P-3250,m2403-P-3250,139.5,0.0,0.0,0.0,5,129.5,145.0,5,139.5,0.0,0.0,0.0,0.0,0.0,5
2023-05-11 14:40:15,m2403-P-3250,m2403-P-3250,139.5,0.0,0.0,0.0,1,39.0,0.0,0,139.5,0.0,0.0,0.0,0.0,0.0,5
2023-05-11 14:40:16,m2403-P-3250,m2403-P-3250,139.5,0.0,0.0,0.0,1,47.0,0.0,0,139.5,0.0,0.0,0.0,0.0,0.0,5
2023-05-11 14:54:22,m2403-P-3250,m2403-P-3250,139.5,0.0,0.0,0.0,1,47.5,0.0,0,139.5,0.0,0.0,0.0,0.0,0.0,5
2023-05-11 14:54:26,m2403-P-3250,m2403-P-3250,139.5,0.0,0.0,0.0,1,48.0,0.0,0,139.5,0.0,0.0,0.0,0.0,0.0,5
2023-05-11 15:01:09,m2403-P-3250,m2403-P-3250,139.5,0.0,0.0,0.0,1,48.0,0.0,0,139.5,0.0,0.0,0.0,0.0,0.0,5
