time,symbol_id,symbol_name,last,trade_volume,trade_amount,open_interest_change,bv1,bp1,ap1,av1,yesterday_close,today_open,today_high,today_low,volume,amount,open_interest
2023-05-10 20:56:29,m2401-C-3600,m2401-C-3600,107.5,0.0,0.0,0.0,50,2.0,0.0,0,107.5,0.0,0.0,0.0,0.0,0.0,5
2023-05-10 21:00:07,m2401-C-3600,m2401-C-3600,107.5,0.0,0.0,0.0,10,2.5,0.0,0,107.5,0.0,0.0,0.0,0.0,0.0,5
2023-05-10 21:00:39,m2401-C-3600,m2401-C-3600,107.5,0.0,0.0,0.0,11,2.5,0.0,0,107.5,0.0,0.0,0.0,0.0,0.0,5
2023-05-10 21:01:17,m2401-C-3600,m2401-C-3600,107.5,0.0,0.0,0.0,2,6.0,0.0,0,107.5,0.0,0.0,0.0,0.0,0.0,5
2023-05-10 21:01:17,m2401-C-3600,m2401-C-3600,107.5,0.0,0.0,0.0,10,6.5,0.0,0,107.5,0.0,0.0,0.0,0.0,0.0,5
2023-05-10 21:01:23,m2401-C-3600,m2401-C-3600,107.5,0.0,0.0,0.0,2,7.0,0.0,0,107.5,0.0,0.0,0.0,0.0,0.0,5
2023-05-10 21:01:23,m2401-C-3600,m2401-C-3600,107.5,0.0,0.0,0.0,10,7.5,0.0,0,107.5,0.0,0.0,0.0,0.0,0.0,5
2023-05-10 21:01:26,m2401-C-3600,m2401-C-3600,107.5,0.0,0.0,0.0,2,8.0,0.0,0,107.5,0.0,0.0,0.0,0.0,0.0,5
2023-05-10 21:01:26,m2401-C-3600,m2401-C-3600,107.5,0.0,0.0,0.0,10,8.5,0.0,0,107.5,0.0,0.0,0.0,0.0,0.0,5
2023-05-10 21:01:29,m2401-C-3600,m2401-C-3600,107.5,0.0,0.0,0.0,2,9.0,0.0,0,107.5,0.0,0.0,0.0,0.0,0.0,5
2023-05-10 21:01:29,m2401-C-3600,m2401-C-3600,107.5,0.0,0.0,0.0,10,9.5,0.0,0,107.5,0.0,0.0,0.0,0.0,0.0,5
2023-05-10 21:01:41,m2401-C-3600,m2401-C-3600,107.5,0.0,0.0,0.0,2,10.0,0.0,0,107.5,0.0,0.0,0.0,0.0,0.0,5
2023-05-10 21:01:41,m2401-C-3600,m2401-C-3600,107.5,0.0,0.0,0.0,10,10.5,0.0,0,107.5,0.0,0.0,0.0,0.0,0.0,5
2023-05-10 21:01:46,m2401-C-3600,m2401-C-3600,107.5,0.0,0.0,0.0,2,11.0,0.0,0,107.5,0.0,0.0,0.0,0.0,0.0,5
2023-05-10 21:01:47,m2401-C-3600,m2401-C-3600,107.5,0.0,0.0,0.0,10,11.5,0.0,0,107.5,0.0,0.0,0.0,0.0,0.0,5
2023-05-10 21:01:57,m2401-C-3600,m2401-C-3600,107.5,0.0,0.0,0.0,2,12.0,0.0,0,107.5,0.0,0.0,0.0,0.0,0.0,5
2023-05-10 21:01:57,m2401-C-3600,m2401-C-3600,107.5,0.0,0.0,0.0,10,12.5,0.0,0,107.5,0.0,0.0,0.0,0.0,0.0,5
2023-05-10 21:31:47,m2401-C-3600,m2401-C-3600,107.5,0.0,0.0,0.0,1,13.0,0.0,0,107.5,0.0,0.0,0.0,0.0,0.0,5
2023-05-10 21:31:48,m2401-C-3600,m2401-C-3600,107.5,0.0,0.0,0.0,12,13.5,0.0,0,107.5,0.0,0.0,0.0,0.0,0.0,5
2023-05-10 22:01:47,m2401-C-3600,m2401-C-3600,107.5,0.0,0.0,0.0,1,14.0,0.0,0,107.5,0.0,0.0,0.0,0.0,0.0,5
2023-05-10 22:01:48,m2401-C-3600,m2401-C-3600,107.5,0.0,0.0,0.0,10,14.5,0.0,0,107.5,0.0,0.0,0.0,0.0,0.0,5
2023-05-10 22:01:48,m2401-C-3600,m2401-C-3600,107.5,0.0,0.0,0.0,12,14.5,0.0,0,107.5,0.0,0.0,0.0,0.0,0.0,5
2023-05-10 22:50:07,m2401-C-3600,m2401-C-3600,107.5,0.0,0.0,0.0,1,15.0,0.0,0,107.5,0.0,0.0,0.0,0.0,0.0,5
2023-05-10 22:50:07,m2401-C-3600,m2401-C-3600,107.5,0.0,0.0,0.0,10,15.5,0.0,0,107.5,0.0,0.0,0.0,0.0,0.0,5
2023-05-10 22:50:08,m2401-C-3600,m2401-C-3600,107.5,0.0,0.0,0.0,2,16.0,0.0,0,107.5,0.0,0.0,0.0,0.0,0.0,5
2023-05-10 22:50:08,m2401-C-3600,m2401-C-3600,107.5,0.0,0.0,0.0,10,16.5,0.0,0,107.5,0.0,0.0,0.0,0.0,0.0,5
2023-05-10 22:50:09,m2401-C-3600,m2401-C-3600,107.5,0.0,0.0,0.0,2,17.0,0.0,0,107.5,0.0,0.0,0.0,0.0,0.0,5
2023-05-10 22:50:09,m2401-C-3600,m2401-C-3600,107.5,0.0,0.0,0.0,10,17.5,0.0,0,107.5,0.0,0.0,0.0,0.0,0.0,5
2023-05-10 22:50:10,m2401-C-3600,m2401-C-3600,107.5,0.0,0.0,0.0,2,18.0,0.0,0,107.5,0.0,0.0,0.0,0.0,0.0,5
2023-05-10 22:50:10,m2401-C-3600,m2401-C-3600,107.5,0.0,0.0,0.0,10,18.5,0.0,0,107.5,0.0,0.0,0.0,0.0,0.0,5
2023-05-10 22:50:11,m2401-C-3600,m2401-C-3600,107.5,0.0,0.0,0.0,2,19.0,0.0,0,107.5,0.0,0.0,0.0,0.0,0.0,5
2023-05-10 22:50:11,m2401-C-3600,m2401-C-3600,107.5,0.0,0.0,0.0,10,19.5,0.0,0,107.5,0.0,0.0,0.0,0.0,0.0,5
2023-05-10 22:50:13,m2401-C-3600,m2401-C-3600,107.5,0.0,0.0,0.0,2,20.0,0.0,0,107.5,0.0,0.0,0.0,0.0,0.0,5
2023-05-10 22:50:13,m2401-C-3600,m2401-C-3600,107.5,0.0,0.0,0.0,10,20.5,0.0,0,107.5,0.0,0.0,0.0,0.0,0.0,5
2023-05-10 22:50:14,m2401-C-3600,m2401-C-3600,107.5,0.0,0.0,0.0,2,21.0,0.0,0,107.5,0.0,0.0,0.0,0.0,0.0,5
2023-05-10 22:50:14,m2401-C-3600,m2401-C-3600,107.5,0.0,0.0,0.0,10,21.5,0.0,0,107.5,0.0,0.0,0.0,0.0,0.0,5
2023-05-10 22:50:15,m2401-C-3600,m2401-C-3600,107.5,0.0,0.0,0.0,2,22.0,0.0,0,107.5,0.0,0.0,0.0,0.0,0.0,5
2023-05-10 22:50:15,m2401-C-3600,m2401-C-3600,107.5,0.0,0.0,0.0,10,22.5,0.0,0,107.5,0.0,0.0,0.0,0.0,0.0,5
2023-05-10 22:50:16,m2401-C-3600,m2401-C-3600,107.5,0.0,0.0,0.0,2,23.0,0.0,0,107.5,0.0,0.0,0.0,0.0,0.0,5
2023-05-10 22:50:16,m2401-C-3600,m2401-C-3600,107.5,0.0,0.0,0.0,10,23.5,0.0,0,107.5,0.0,0.0,0.0,0.0,0.0,5
2023-05-10 22:50:17,m2401-C-3600,m2401-C-3600,107.5,0.0,0.0,0.0,2,24.0,0.0,0,107.5,0.0,0.0,0.0,0.0,0.0,5
2023-05-10 22:50:17,m2401-C-3600,m2401-C-3600,107.5,0.0,0.0,0.0,10,24.5,0.0,0,107.5,0.0,0.0,0.0,0.0,0.0,5
2023-05-10 22:50:19,m2401-C-3600,m2401-C-3600,107.5,0.0,0.0,0.0,2,25.0,0.0,0,107.5,0.0,0.0,0.0,0.0,0.0,5
2023-05-10 22:50:19,m2401-C-3600,m2401-C-3600,107.5,0.0,0.0,0.0,10,25.5,0.0,0,107.5,0.0,0.0,0.0,0.0,0.0,5
2023-05-10 22:50:20,m2401-C-3600,m2401-C-3600,107.5,0.0,0.0,0.0,2,26.0,0.0,0,107.5,0.0,0.0,0.0,0.0,0.0,5
2023-05-10 22:50:20,m2401-C-3600,m2401-C-3600,107.5,0.0,0.0,0.0,10,26.5,0.0,0,107.5,0.0,0.0,0.0,0.0,0.0,5
2023-05-10 22:50:22,m2401-C-3600,m2401-C-3600,107.5,0.0,0.0,0.0,2,27.0,0.0,0,107.5,0.0,0.0,0.0,0.0,0.0,5
2023-05-10 22:50:22,m2401-C-3600,m2401-C-3600,107.5,0.0,0.0,0.0,10,27.5,0.0,0,107.5,0.0,0.0,0.0,0.0,0.0,5
2023-05-10 22:50:24,m2401-C-3600,m2401-C-3600,107.5,0.0,0.0,0.0,2,28.0,0.0,0,107.5,0.0,0.0,0.0,0.0,0.0,5
2023-05-10 22:50:24,m2401-C-3600,m2401-C-3600,107.5,0.0,0.0,0.0,10,28.5,0.0,0,107.5,0.0,0.0,0.0,0.0,0.0,5
2023-05-10 22:50:25,m2401-C-3600,m2401-C-3600,107.5,0.0,0.0,0.0,2,29.0,0.0,0,107.5,0.0,0.0,0.0,0.0,0.0,5
2023-05-10 22:50:25,m2401-C-3600,m2401-C-3600,107.5,0.0,0.0,0.0,10,29.5,0.0,0,107.5,0.0,0.0,0.0,0.0,0.0,5
2023-05-10 22:50:26,m2401-C-3600,m2401-C-3600,107.5,0.0,0.0,0.0,2,30.0,0.0,0,107.5,0.0,0.0,0.0,0.0,0.0,5
2023-05-10 22:50:26,m2401-C-3600,m2401-C-3600,107.5,0.0,0.0,0.0,10,30.5,0.0,0,107.5,0.0,0.0,0.0,0.0,0.0,5
2023-05-10 22:50:27,m2401-C-3600,m2401-C-3600,107.5,0.0,0.0,0.0,2,31.0,0.0,0,107.5,0.0,0.0,0.0,0.0,0.0,5
2023-05-10 22:50:27,m2401-C-3600,m2401-C-3600,107.5,0.0,0.0,0.0,10,31.5,0.0,0,107.5,0.0,0.0,0.0,0.0,0.0,5
2023-05-10 22:50:28,m2401-C-3600,m2401-C-3600,107.5,0.0,0.0,0.0,2,32.0,0.0,0,107.5,0.0,0.0,0.0,0.0,0.0,5
2023-05-10 22:50:28,m2401-C-3600,m2401-C-3600,107.5,0.0,0.0,0.0,10,32.5,0.0,0,107.5,0.0,0.0,0.0,0.0,0.0,5
2023-05-10 22:50:29,m2401-C-3600,m2401-C-3600,107.5,0.0,0.0,0.0,2,33.0,0.0,0,107.5,0.0,0.0,0.0,0.0,0.0,5
2023-05-10 22:50:29,m2401-C-3600,m2401-C-3600,107.5,0.0,0.0,0.0,10,33.5,0.0,0,107.5,0.0,0.0,0.0,0.0,0.0,5
2023-05-10 22:50:30,m2401-C-3600,m2401-C-3600,107.5,0.0,0.0,0.0,2,34.0,0.0,0,107.5,0.0,0.0,0.0,0.0,0.0,5
2023-05-10 22:50:30,m2401-C-3600,m2401-C-3600,107.5,0.0,0.0,0.0,10,34.5,0.0,0,107.5,0.0,0.0,0.0,0.0,0.0,5
2023-05-10 22:50:31,m2401-C-3600,m2401-C-3600,107.5,0.0,0.0,0.0,2,35.0,0.0,0,107.5,0.0,0.0,0.0,0.0,0.0,5
2023-05-10 22:50:31,m2401-C-3600,m2401-C-3600,107.5,0.0,0.0,0.0,10,35.5,0.0,0,107.5,0.0,0.0,0.0,0.0,0.0,5
2023-05-10 22:50:32,m2401-C-3600,m2401-C-3600,107.5,0.0,0.0,0.0,2,36.0,0.0,0,107.5,0.0,0.0,0.0,0.0,0.0,5
2023-05-10 22:50:32,m2401-C-3600,m2401-C-3600,107.5,0.0,0.0,0.0,10,36.5,0.0,0,107.5,0.0,0.0,0.0,0.0,0.0,5
2023-05-10 22:50:33,m2401-C-3600,m2401-C-3600,107.5,0.0,0.0,0.0,2,37.0,0.0,0,107.5,0.0,0.0,0.0,0.0,0.0,5
2023-05-10 22:50:33,m2401-C-3600,m2401-C-3600,107.5,0.0,0.0,0.0,10,37.5,0.0,0,107.5,0.0,0.0,0.0,0.0,0.0,5
2023-05-10 22:50:34,m2401-C-3600,m2401-C-3600,107.5,0.0,0.0,0.0,2,38.0,0.0,0,107.5,0.0,0.0,0.0,0.0,0.0,5
2023-05-10 22:50:34,m2401-C-3600,m2401-C-3600,107.5,0.0,0.0,0.0,10,38.5,0.0,0,107.5,0.0,0.0,0.0,0.0,0.0,5
2023-05-10 22:50:35,m2401-C-3600,m2401-C-3600,107.5,0.0,0.0,0.0,2,39.0,0.0,0,107.5,0.0,0.0,0.0,0.0,0.0,5
2023-05-10 22:50:35,m2401-C-3600,m2401-C-3600,107.5,0.0,0.0,0.0,10,39.5,0.0,0,107.5,0.0,0.0,0.0,0.0,0.0,5
2023-05-10 22:50:36,m2401-C-3600,m2401-C-3600,107.5,0.0,0.0,0.0,2,40.0,0.0,0,107.5,0.0,0.0,0.0,0.0,0.0,5
2023-05-10 22:50:36,m2401-C-3600,m2401-C-3600,107.5,0.0,0.0,0.0,10,40.5,0.0,0,107.5,0.0,0.0,0.0,0.0,0.0,5
2023-05-10 22:50:37,m2401-C-3600,m2401-C-3600,107.5,0.0,0.0,0.0,2,41.0,0.0,0,107.5,0.0,0.0,0.0,0.0,0.0,5
2023-05-10 22:50:37,m2401-C-3600,m2401-C-3600,107.5,0.0,0.0,0.0,10,41.5,0.0,0,107.5,0.0,0.0,0.0,0.0,0.0,5
2023-05-10 22:50:38,m2401-C-3600,m2401-C-3600,107.5,0.0,0.0,0.0,2,42.0,0.0,0,107.5,0.0,0.0,0.0,0.0,0.0,5
2023-05-10 22:50:38,m2401-C-3600,m2401-C-3600,107.5,0.0,0.0,0.0,10,42.5,0.0,0,107.5,0.0,0.0,0.0,0.0,0.0,5
2023-05-10 22:50:39,m2401-C-3600,m2401-C-3600,107.5,0.0,0.0,0.0,2,43.0,0.0,0,107.5,0.0,0.0,0.0,0.0,0.0,5
2023-05-10 22:50:39,m2401-C-3600,m2401-C-3600,107.5,0.0,0.0,0.0,10,43.5,0.0,0,107.5,0.0,0.0,0.0,0.0,0.0,5
2023-05-10 22:50:40,m2401-C-3600,m2401-C-3600,107.5,0.0,0.0,0.0,2,44.0,0.0,0,107.5,0.0,0.0,0.0,0.0,0.0,5
2023-05-10 22:50:40,m2401-C-3600,m2401-C-3600,107.5,0.0,0.0,0.0,10,44.5,0.0,0,107.5,0.0,0.0,0.0,0.0,0.0,5
2023-05-10 22:50:41,m2401-C-3600,m2401-C-3600,107.5,0.0,0.0,0.0,2,45.0,0.0,0,107.5,0.0,0.0,0.0,0.0,0.0,5
2023-05-10 22:50:41,m2401-C-3600,m2401-C-3600,107.5,0.0,0.0,0.0,10,45.5,0.0,0,107.5,0.0,0.0,0.0,0.0,0.0,5
2023-05-10 22:50:42,m2401-C-3600,m2401-C-3600,107.5,0.0,0.0,0.0,2,46.0,0.0,0,107.5,0.0,0.0,0.0,0.0,0.0,5
2023-05-10 22:50:42,m2401-C-3600,m2401-C-3600,107.5,0.0,0.0,0.0,10,46.5,0.0,0,107.5,0.0,0.0,0.0,0.0,0.0,5
2023-05-10 22:50:43,m2401-C-3600,m2401-C-3600,107.5,0.0,0.0,0.0,2,47.0,0.0,0,107.5,0.0,0.0,0.0,0.0,0.0,5
2023-05-10 22:50:43,m2401-C-3600,m2401-C-3600,107.5,0.0,0.0,0.0,10,47.5,0.0,0,107.5,0.0,0.0,0.0,0.0,0.0,5
2023-05-10 22:50:44,m2401-C-3600,m2401-C-3600,107.5,0.0,0.0,0.0,2,48.0,0.0,0,107.5,0.0,0.0,0.0,0.0,0.0,5
2023-05-10 22:50:44,m2401-C-3600,m2401-C-3600,107.5,0.0,0.0,0.0,10,48.5,0.0,0,107.5,0.0,0.0,0.0,0.0,0.0,5
2023-05-10 22:50:45,m2401-C-3600,m2401-C-3600,107.5,0.0,0.0,0.0,2,49.0,0.0,0,107.5,0.0,0.0,0.0,0.0,0.0,5
2023-05-10 22:50:45,m2401-C-3600,m2401-C-3600,107.5,0.0,0.0,0.0,10,49.5,0.0,0,107.5,0.0,0.0,0.0,0.0,0.0,5
2023-05-10 22:50:46,m2401-C-3600,m2401-C-3600,107.5,0.0,0.0,0.0,2,50.0,0.0,0,107.5,0.0,0.0,0.0,0.0,0.0,5
2023-05-10 22:50:46,m2401-C-3600,m2401-C-3600,107.5,0.0,0.0,0.0,10,50.5,0.0,0,107.5,0.0,0.0,0.0,0.0,0.0,5
2023-05-10 22:50:47,m2401-C-3600,m2401-C-3600,107.5,0.0,0.0,0.0,2,51.0,0.0,0,107.5,0.0,0.0,0.0,0.0,0.0,5
2023-05-10 22:50:47,m2401-C-3600,m2401-C-3600,107.5,0.0,0.0,0.0,10,51.5,0.0,0,107.5,0.0,0.0,0.0,0.0,0.0,5
2023-05-10 22:50:48,m2401-C-3600,m2401-C-3600,107.5,0.0,0.0,0.0,2,52.0,0.0,0,107.5,0.0,0.0,0.0,0.0,0.0,5
2023-05-10 22:50:48,m2401-C-3600,m2401-C-3600,107.5,0.0,0.0,0.0,10,52.5,0.0,0,107.5,0.0,0.0,0.0,0.0,0.0,5
2023-05-10 22:50:49,m2401-C-3600,m2401-C-3600,107.5,0.0,0.0,0.0,2,53.0,0.0,0,107.5,0.0,0.0,0.0,0.0,0.0,5
2023-05-10 22:50:49,m2401-C-3600,m2401-C-3600,107.5,0.0,0.0,0.0,10,53.5,0.0,0,107.5,0.0,0.0,0.0,0.0,0.0,5
2023-05-10 22:57:33,m2401-C-3600,m2401-C-3600,107.5,0.0,0.0,0.0,1,15.0,0.0,0,107.5,0.0,0.0,0.0,0.0,0.0,5
2023-05-10 22:59:16,m2401-C-3600,m2401-C-3600,107.5,0.0,0.0,0.0,10,15.5,0.0,0,107.5,0.0,0.0,0.0,0.0,0.0,5
2023-05-10 22:59:56,m2401-C-3600,m2401-C-3600,107.5,0.0,0.0,0.0,1,15.0,0.0,0,107.5,0.0,0.0,0.0,0.0,0.0,5
2023-05-11 09:00:04,m2401-C-3600,m2401-C-3600,107.5,0.0,0.0,0.0,10,15.5,0.0,0,107.5,0.0,0.0,0.0,0.0,0.0,5
2023-05-11 09:00:54,m2401-C-3600,m2401-C-3600,107.5,0.0,0.0,0.0,1,16.0,0.0,0,107.5,0.0,0.0,0.0,0.0,0.0,5
2023-05-11 09:00:54,m2401-C-3600,m2401-C-3600,107.5,0.0,0.0,0.0,10,16.5,0.0,0,107.5,0.0,0.0,0.0,0.0,0.0,5
2023-05-11 09:01:23,m2401-C-3600,m2401-C-3600,107.5,0.0,0.0,0.0,2,17.0,0.0,0,107.5,0.0,0.0,0.0,0.0,0.0,5
2023-05-11 09:01:23,m2401-C-3600,m2401-C-3600,107.5,0.0,0.0,0.0,10,17.5,0.0,0,107.5,0.0,0.0,0.0,0.0,0.0,5
2023-05-11 09:01:38,m2401-C-3600,m2401-C-3600,107.5,0.0,0.0,0.0,2,18.0,0.0,0,107.5,0.0,0.0,0.0,0.0,0.0,5
2023-05-11 09:01:38,m2401-C-3600,m2401-C-3600,107.5,0.0,0.0,0.0,10,18.5,0.0,0,107.5,0.0,0.0,0.0,0.0,0.0,5
2023-05-11 09:01:40,m2401-C-3600,m2401-C-3600,107.5,0.0,0.0,0.0,2,19.0,0.0,0,107.5,0.0,0.0,0.0,0.0,0.0,5
2023-05-11 09:01:40,m2401-C-3600,m2401-C-3600,107.5,0.0,0.0,0.0,10,19.5,0.0,0,107.5,0.0,0.0,0.0,0.0,0.0,5
2023-05-11 09:01:46,m2401-C-3600,m2401-C-3600,107.5,0.0,0.0,0.0,2,20.0,0.0,0,107.5,0.0,0.0,0.0,0.0,0.0,5
2023-05-11 09:01:46,m2401-C-3600,m2401-C-3600,107.5,0.0,0.0,0.0,10,20.5,0.0,0,107.5,0.0,0.0,0.0,0.0,0.0,5
2023-05-11 09:01:57,m2401-C-3600,m2401-C-3600,107.5,0.0,0.0,0.0,2,21.0,0.0,0,107.5,0.0,0.0,0.0,0.0,0.0,5
2023-05-11 09:01:57,m2401-C-3600,m2401-C-3600,107.5,0.0,0.0,0.0,10,21.5,0.0,0,107.5,0.0,0.0,0.0,0.0,0.0,5
2023-05-11 09:02:06,m2401-C-3600,m2401-C-3600,107.5,0.0,0.0,0.0,2,22.0,0.0,0,107.5,0.0,0.0,0.0,0.0,0.0,5
2023-05-11 09:02:06,m2401-C-3600,m2401-C-3600,107.5,0.0,0.0,0.0,10,22.5,0.0,0,107.5,0.0,0.0,0.0,0.0,0.0,5
2023-05-11 09:02:16,m2401-C-3600,m2401-C-3600,107.5,0.0,0.0,0.0,2,23.0,0.0,0,107.5,0.0,0.0,0.0,0.0,0.0,5
2023-05-11 09:02:16,m2401-C-3600,m2401-C-3600,107.5,0.0,0.0,0.0,10,23.5,0.0,0,107.5,0.0,0.0,0.0,0.0,0.0,5
2023-05-11 09:02:17,m2401-C-3600,m2401-C-3600,107.5,0.0,0.0,0.0,2,24.0,0.0,0,107.5,0.0,0.0,0.0,0.0,0.0,5
2023-05-11 09:02:17,m2401-C-3600,m2401-C-3600,107.5,0.0,0.0,0.0,10,24.5,0.0,0,107.5,0.0,0.0,0.0,0.0,0.0,5
2023-05-11 09:02:19,m2401-C-3600,m2401-C-3600,107.5,0.0,0.0,0.0,2,25.0,0.0,0,107.5,0.0,0.0,0.0,0.0,0.0,5
2023-05-11 09:02:19,m2401-C-3600,m2401-C-3600,107.5,0.0,0.0,0.0,10,25.5,0.0,0,107.5,0.0,0.0,0.0,0.0,0.0,5
2023-05-11 09:02:20,m2401-C-3600,m2401-C-3600,107.5,0.0,0.0,0.0,2,26.0,0.0,0,107.5,0.0,0.0,0.0,0.0,0.0,5
2023-05-11 09:02:20,m2401-C-3600,m2401-C-3600,107.5,0.0,0.0,0.0,10,26.5,0.0,0,107.5,0.0,0.0,0.0,0.0,0.0,5
2023-05-11 09:02:27,m2401-C-3600,m2401-C-3600,107.5,0.0,0.0,0.0,2,27.0,0.0,0,107.5,0.0,0.0,0.0,0.0,0.0,5
2023-05-11 09:02:27,m2401-C-3600,m2401-C-3600,107.5,0.0,0.0,0.0,10,27.5,0.0,0,107.5,0.0,0.0,0.0,0.0,0.0,5
2023-05-11 09:02:31,m2401-C-3600,m2401-C-3600,107.5,0.0,0.0,0.0,2,28.0,0.0,0,107.5,0.0,0.0,0.0,0.0,0.0,5
2023-05-11 09:02:31,m2401-C-3600,m2401-C-3600,107.5,0.0,0.0,0.0,10,28.5,0.0,0,107.5,0.0,0.0,0.0,0.0,0.0,5
2023-05-11 09:02:37,m2401-C-3600,m2401-C-3600,107.5,0.0,0.0,0.0,2,29.0,0.0,0,107.5,0.0,0.0,0.0,0.0,0.0,5
2023-05-11 09:02:37,m2401-C-3600,m2401-C-3600,107.5,0.0,0.0,0.0,10,29.5,0.0,0,107.5,0.0,0.0,0.0,0.0,0.0,5
2023-05-11 09:02:41,m2401-C-3600,m2401-C-3600,107.5,0.0,0.0,0.0,2,30.0,0.0,0,107.5,0.0,0.0,0.0,0.0,0.0,5
2023-05-11 09:02:41,m2401-C-3600,m2401-C-3600,107.5,0.0,0.0,0.0,10,30.5,0.0,0,107.5,0.0,0.0,0.0,0.0,0.0,5
2023-05-11 09:02:42,m2401-C-3600,m2401-C-3600,107.5,0.0,0.0,0.0,2,31.0,0.0,0,107.5,0.0,0.0,0.0,0.0,0.0,5
2023-05-11 09:02:42,m2401-C-3600,m2401-C-3600,107.5,0.0,0.0,0.0,10,31.5,0.0,0,107.5,0.0,0.0,0.0,0.0,0.0,5
2023-05-11 09:02:54,m2401-C-3600,m2401-C-3600,107.5,0.0,0.0,0.0,2,32.0,0.0,0,107.5,0.0,0.0,0.0,0.0,0.0,5
2023-05-11 09:02:54,m2401-C-3600,m2401-C-3600,107.5,0.0,0.0,0.0,10,32.5,0.0,0,107.5,0.0,0.0,0.0,0.0,0.0,5
2023-05-11 09:02:55,m2401-C-3600,m2401-C-3600,107.5,0.0,0.0,0.0,2,33.0,0.0,0,107.5,0.0,0.0,0.0,0.0,0.0,5
2023-05-11 09:02:55,m2401-C-3600,m2401-C-3600,107.5,0.0,0.0,0.0,10,33.5,0.0,0,107.5,0.0,0.0,0.0,0.0,0.0,5
2023-05-11 09:02:56,m2401-C-3600,m2401-C-3600,107.5,0.0,0.0,0.0,2,34.0,0.0,0,107.5,0.0,0.0,0.0,0.0,0.0,5
2023-05-11 09:02:56,m2401-C-3600,m2401-C-3600,107.5,0.0,0.0,0.0,10,34.5,0.0,0,107.5,0.0,0.0,0.0,0.0,0.0,5
2023-05-11 09:02:57,m2401-C-3600,m2401-C-3600,107.5,0.0,0.0,0.0,2,35.0,0.0,0,107.5,0.0,0.0,0.0,0.0,0.0,5
2023-05-11 09:02:58,m2401-C-3600,m2401-C-3600,107.5,0.0,0.0,0.0,10,35.5,0.0,0,107.5,0.0,0.0,0.0,0.0,0.0,5
2023-05-11 09:02:59,m2401-C-3600,m2401-C-3600,107.5,0.0,0.0,0.0,2,36.0,0.0,0,107.5,0.0,0.0,0.0,0.0,0.0,5
2023-05-11 09:02:59,m2401-C-3600,m2401-C-3600,107.5,0.0,0.0,0.0,10,36.5,0.0,0,107.5,0.0,0.0,0.0,0.0,0.0,5
2023-05-11 09:03:00,m2401-C-3600,m2401-C-3600,107.5,0.0,0.0,0.0,2,37.0,0.0,0,107.5,0.0,0.0,0.0,0.0,0.0,5
2023-05-11 09:03:00,m2401-C-3600,m2401-C-3600,107.5,0.0,0.0,0.0,10,37.5,0.0,0,107.5,0.0,0.0,0.0,0.0,0.0,5
2023-05-11 09:03:02,m2401-C-3600,m2401-C-3600,107.5,0.0,0.0,0.0,2,38.0,0.0,0,107.5,0.0,0.0,0.0,0.0,0.0,5
2023-05-11 09:03:02,m2401-C-3600,m2401-C-3600,107.5,0.0,0.0,0.0,10,38.5,0.0,0,107.5,0.0,0.0,0.0,0.0,0.0,5
2023-05-11 09:03:03,m2401-C-3600,m2401-C-3600,107.5,0.0,0.0,0.0,2,39.0,0.0,0,107.5,0.0,0.0,0.0,0.0,0.0,5
2023-05-11 09:03:03,m2401-C-3600,m2401-C-3600,107.5,0.0,0.0,0.0,10,39.5,0.0,0,107.5,0.0,0.0,0.0,0.0,0.0,5
2023-05-11 09:03:04,m2401-C-3600,m2401-C-3600,107.5,0.0,0.0,0.0,2,40.0,0.0,0,107.5,0.0,0.0,0.0,0.0,0.0,5
2023-05-11 09:03:04,m2401-C-3600,m2401-C-3600,107.5,0.0,0.0,0.0,10,40.5,0.0,0,107.5,0.0,0.0,0.0,0.0,0.0,5
2023-05-11 09:03:05,m2401-C-3600,m2401-C-3600,107.5,0.0,0.0,0.0,2,41.0,0.0,0,107.5,0.0,0.0,0.0,0.0,0.0,5
2023-05-11 09:03:05,m2401-C-3600,m2401-C-3600,107.5,0.0,0.0,0.0,10,41.5,0.0,0,107.5,0.0,0.0,0.0,0.0,0.0,5
2023-05-11 09:03:06,m2401-C-3600,m2401-C-3600,107.5,0.0,0.0,0.0,2,42.0,0.0,0,107.5,0.0,0.0,0.0,0.0,0.0,5
2023-05-11 09:03:06,m2401-C-3600,m2401-C-3600,107.5,0.0,0.0,0.0,10,42.5,0.0,0,107.5,0.0,0.0,0.0,0.0,0.0,5
2023-05-11 09:03:07,m2401-C-3600,m2401-C-3600,107.5,0.0,0.0,0.0,2,43.0,0.0,0,107.5,0.0,0.0,0.0,0.0,0.0,5
2023-05-11 09:03:07,m2401-C-3600,m2401-C-3600,107.5,0.0,0.0,0.0,10,43.5,0.0,0,107.5,0.0,0.0,0.0,0.0,0.0,5
2023-05-11 09:03:08,m2401-C-3600,m2401-C-3600,107.5,0.0,0.0,0.0,2,44.0,0.0,0,107.5,0.0,0.0,0.0,0.0,0.0,5
2023-05-11 09:03:08,m2401-C-3600,m2401-C-3600,107.5,0.0,0.0,0.0,10,44.5,0.0,0,107.5,0.0,0.0,0.0,0.0,0.0,5
2023-05-11 09:03:09,m2401-C-3600,m2401-C-3600,107.5,0.0,0.0,0.0,2,45.0,0.0,0,107.5,0.0,0.0,0.0,0.0,0.0,5
2023-05-11 09:03:09,m2401-C-3600,m2401-C-3600,107.5,0.0,0.0,0.0,10,45.5,0.0,0,107.5,0.0,0.0,0.0,0.0,0.0,5
2023-05-11 09:03:10,m2401-C-3600,m2401-C-3600,107.5,0.0,0.0,0.0,2,46.0,0.0,0,107.5,0.0,0.0,0.0,0.0,0.0,5
2023-05-11 09:03:10,m2401-C-3600,m2401-C-3600,107.5,0.0,0.0,0.0,10,46.5,0.0,0,107.5,0.0,0.0,0.0,0.0,0.0,5
2023-05-11 09:03:11,m2401-C-3600,m2401-C-3600,107.5,0.0,0.0,0.0,2,47.0,0.0,0,107.5,0.0,0.0,0.0,0.0,0.0,5
2023-05-11 09:03:11,m2401-C-3600,m2401-C-3600,107.5,0.0,0.0,0.0,10,47.5,0.0,0,107.5,0.0,0.0,0.0,0.0,0.0,5
2023-05-11 09:03:13,m2401-C-3600,m2401-C-3600,107.5,0.0,0.0,0.0,2,48.0,0.0,0,107.5,0.0,0.0,0.0,0.0,0.0,5
2023-05-11 09:03:13,m2401-C-3600,m2401-C-3600,107.5,0.0,0.0,0.0,10,48.5,0.0,0,107.5,0.0,0.0,0.0,0.0,0.0,5
2023-05-11 09:03:14,m2401-C-3600,m2401-C-3600,107.5,0.0,0.0,0.0,2,49.0,0.0,0,107.5,0.0,0.0,0.0,0.0,0.0,5
2023-05-11 09:03:14,m2401-C-3600,m2401-C-3600,107.5,0.0,0.0,0.0,10,49.5,0.0,0,107.5,0.0,0.0,0.0,0.0,0.0,5
2023-05-11 09:03:16,m2401-C-3600,m2401-C-3600,107.5,0.0,0.0,0.0,2,50.0,0.0,0,107.5,0.0,0.0,0.0,0.0,0.0,5
2023-05-11 09:03:16,m2401-C-3600,m2401-C-3600,107.5,0.0,0.0,0.0,10,50.5,0.0,0,107.5,0.0,0.0,0.0,0.0,0.0,5
2023-05-11 09:03:17,m2401-C-3600,m2401-C-3600,107.5,0.0,0.0,0.0,2,51.0,0.0,0,107.5,0.0,0.0,0.0,0.0,0.0,5
2023-05-11 09:03:17,m2401-C-3600,m2401-C-3600,107.5,0.0,0.0,0.0,10,51.5,0.0,0,107.5,0.0,0.0,0.0,0.0,0.0,5
2023-05-11 09:03:19,m2401-C-3600,m2401-C-3600,107.5,0.0,0.0,0.0,2,52.0,0.0,0,107.5,0.0,0.0,0.0,0.0,0.0,5
2023-05-11 09:03:19,m2401-C-3600,m2401-C-3600,107.5,0.0,0.0,0.0,10,52.5,0.0,0,107.5,0.0,0.0,0.0,0.0,0.0,5
2023-05-11 09:03:20,m2401-C-3600,m2401-C-3600,107.5,0.0,0.0,0.0,2,53.0,0.0,0,107.5,0.0,0.0,0.0,0.0,0.0,5
2023-05-11 09:03:20,m2401-C-3600,m2401-C-3600,107.5,0.0,0.0,0.0,10,53.5,0.0,0,107.5,0.0,0.0,0.0,0.0,0.0,5
2023-05-11 09:03:22,m2401-C-3600,m2401-C-3600,107.5,0.0,0.0,0.0,2,54.0,0.0,0,107.5,0.0,0.0,0.0,0.0,0.0,5
2023-05-11 09:03:22,m2401-C-3600,m2401-C-3600,107.5,0.0,0.0,0.0,10,54.5,0.0,0,107.5,0.0,0.0,0.0,0.0,0.0,5
2023-05-11 09:03:23,m2401-C-3600,m2401-C-3600,107.5,0.0,0.0,0.0,2,55.0,0.0,0,107.5,0.0,0.0,0.0,0.0,0.0,5
2023-05-11 09:03:23,m2401-C-3600,m2401-C-3600,107.5,0.0,0.0,0.0,10,55.5,0.0,0,107.5,0.0,0.0,0.0,0.0,0.0,5
2023-05-11 09:06:45,m2401-C-3600,m2401-C-3600,107.5,0.0,0.0,0.0,2,56.0,0.0,0,107.5,0.0,0.0,0.0,0.0,0.0,5
2023-05-11 09:06:45,m2401-C-3600,m2401-C-3600,107.5,0.0,0.0,0.0,10,56.5,0.0,0,107.5,0.0,0.0,0.0,0.0,0.0,5
2023-05-11 10:14:32,m2401-C-3600,m2401-C-3600,107.5,0.0,0.0,0.0,1,16.0,0.0,0,107.5,0.0,0.0,0.0,0.0,0.0,5
2023-05-11 10:30:07,m2401-C-3600,m2401-C-3600,107.5,0.0,0.0,0.0,10,16.5,0.0,0,107.5,0.0,0.0,0.0,0.0,0.0,5
2023-05-11 10:30:24,m2401-C-3600,m2401-C-3600,107.5,0.0,0.0,0.0,2,17.0,0.0,0,107.5,0.0,0.0,0.0,0.0,0.0,5
2023-05-11 10:30:24,m2401-C-3600,m2401-C-3600,107.5,0.0,0.0,0.0,10,17.5,0.0,0,107.5,0.0,0.0,0.0,0.0,0.0,5
2023-05-11 10:31:48,m2401-C-3600,m2401-C-3600,107.5,0.0,0.0,0.0,2,18.0,0.0,0,107.5,0.0,0.0,0.0,0.0,0.0,5
2023-05-11 10:31:48,m2401-C-3600,m2401-C-3600,107.5,0.0,0.0,0.0,10,18.5,0.0,0,107.5,0.0,0.0,0.0,0.0,0.0,5
2023-05-11 10:31:54,m2401-C-3600,m2401-C-3600,107.5,0.0,0.0,0.0,2,19.0,0.0,0,107.5,0.0,0.0,0.0,0.0,0.0,5
2023-05-11 10:31:54,m2401-C-3600,m2401-C-3600,107.5,0.0,0.0,0.0,10,19.5,0.0,0,107.5,0.0,0.0,0.0,0.0,0.0,5
2023-05-11 10:32:06,m2401-C-3600,m2401-C-3600,107.5,0.0,0.0,0.0,2,20.0,0.0,0,107.5,0.0,0.0,0.0,0.0,0.0,5
2023-05-11 10:32:06,m2401-C-3600,m2401-C-3600,107.5,0.0,0.0,0.0,10,20.5,0.0,0,107.5,0.0,0.0,0.0,0.0,0.0,5
2023-05-11 10:32:36,m2401-C-3600,m2401-C-3600,107.5,0.0,0.0,0.0,2,21.0,0.0,0,107.5,0.0,0.0,0.0,0.0,0.0,5
2023-05-11 10:32:36,m2401-C-3600,m2401-C-3600,107.5,0.0,0.0,0.0,10,21.5,0.0,0,107.5,0.0,0.0,0.0,0.0,0.0,5
2023-05-11 10:32:47,m2401-C-3600,m2401-C-3600,107.5,0.0,0.0,0.0,2,22.0,0.0,0,107.5,0.0,0.0,0.0,0.0,0.0,5
2023-05-11 10:32:47,m2401-C-3600,m2401-C-3600,107.5,0.0,0.0,0.0,10,22.5,0.0,0,107.5,0.0,0.0,0.0,0.0,0.0,5
2023-05-11 10:33:03,m2401-C-3600,m2401-C-3600,107.5,0.0,0.0,0.0,2,23.0,0.0,0,107.5,0.0,0.0,0.0,0.0,0.0,5
2023-05-11 10:33:03,m2401-C-3600,m2401-C-3600,107.5,0.0,0.0,0.0,10,23.5,0.0,0,107.5,0.0,0.0,0.0,0.0,0.0,5
2023-05-11 10:33:10,m2401-C-3600,m2401-C-3600,107.5,0.0,0.0,0.0,2,24.0,0.0,0,107.5,0.0,0.0,0.0,0.0,0.0,5
2023-05-11 10:33:10,m2401-C-3600,m2401-C-3600,107.5,0.0,0.0,0.0,10,24.5,0.0,0,107.5,0.0,0.0,0.0,0.0,0.0,5
2023-05-11 10:33:15,m2401-C-3600,m2401-C-3600,107.5,0.0,0.0,0.0,2,25.0,0.0,0,107.5,0.0,0.0,0.0,0.0,0.0,5
2023-05-11 10:33:15,m2401-C-3600,m2401-C-3600,107.5,0.0,0.0,0.0,10,25.5,0.0,0,107.5,0.0,0.0,0.0,0.0,0.0,5
2023-05-11 10:33:17,m2401-C-3600,m2401-C-3600,107.5,0.0,0.0,0.0,2,26.0,0.0,0,107.5,0.0,0.0,0.0,0.0,0.0,5
2023-05-11 10:33:17,m2401-C-3600,m2401-C-3600,107.5,0.0,0.0,0.0,10,26.5,0.0,0,107.5,0.0,0.0,0.0,0.0,0.0,5
2023-05-11 10:33:21,m2401-C-3600,m2401-C-3600,107.5,0.0,0.0,0.0,2,27.0,0.0,0,107.5,0.0,0.0,0.0,0.0,0.0,5
2023-05-11 10:33:21,m2401-C-3600,m2401-C-3600,107.5,0.0,0.0,0.0,10,27.5,0.0,0,107.5,0.0,0.0,0.0,0.0,0.0,5
2023-05-11 10:33:24,m2401-C-3600,m2401-C-3600,107.5,0.0,0.0,0.0,2,28.0,0.0,0,107.5,0.0,0.0,0.0,0.0,0.0,5
2023-05-11 10:33:24,m2401-C-3600,m2401-C-3600,107.5,0.0,0.0,0.0,10,28.5,0.0,0,107.5,0.0,0.0,0.0,0.0,0.0,5
2023-05-11 10:33:27,m2401-C-3600,m2401-C-3600,107.5,0.0,0.0,0.0,2,29.0,0.0,0,107.5,0.0,0.0,0.0,0.0,0.0,5
2023-05-11 10:33:27,m2401-C-3600,m2401-C-3600,107.5,0.0,0.0,0.0,10,29.5,0.0,0,107.5,0.0,0.0,0.0,0.0,0.0,5
2023-05-11 10:33:28,m2401-C-3600,m2401-C-3600,107.5,0.0,0.0,0.0,2,30.0,0.0,0,107.5,0.0,0.0,0.0,0.0,0.0,5
2023-05-11 10:33:28,m2401-C-3600,m2401-C-3600,107.5,0.0,0.0,0.0,10,30.5,0.0,0,107.5,0.0,0.0,0.0,0.0,0.0,5
2023-05-11 10:33:30,m2401-C-3600,m2401-C-3600,107.5,0.0,0.0,0.0,2,31.0,0.0,0,107.5,0.0,0.0,0.0,0.0,0.0,5
2023-05-11 10:33:30,m2401-C-3600,m2401-C-3600,107.5,0.0,0.0,0.0,10,31.5,0.0,0,107.5,0.0,0.0,0.0,0.0,0.0,5
2023-05-11 10:33:31,m2401-C-3600,m2401-C-3600,107.5,0.0,0.0,0.0,2,32.0,0.0,0,107.5,0.0,0.0,0.0,0.0,0.0,5
2023-05-11 10:33:31,m2401-C-3600,m2401-C-3600,107.5,0.0,0.0,0.0,10,32.5,0.0,0,107.5,0.0,0.0,0.0,0.0,0.0,5
2023-05-11 10:33:33,m2401-C-3600,m2401-C-3600,107.5,0.0,0.0,0.0,2,33.0,0.0,0,107.5,0.0,0.0,0.0,0.0,0.0,5
2023-05-11 10:33:33,m2401-C-3600,m2401-C-3600,107.5,0.0,0.0,0.0,10,33.5,0.0,0,107.5,0.0,0.0,0.0,0.0,0.0,5
2023-05-11 10:33:34,m2401-C-3600,m2401-C-3600,107.5,0.0,0.0,0.0,2,34.0,0.0,0,107.5,0.0,0.0,0.0,0.0,0.0,5
2023-05-11 10:33:34,m2401-C-3600,m2401-C-3600,107.5,0.0,0.0,0.0,10,34.5,0.0,0,107.5,0.0,0.0,0.0,0.0,0.0,5
2023-05-11 10:33:35,m2401-C-3600,m2401-C-3600,107.5,0.0,0.0,0.0,2,35.0,0.0,0,107.5,0.0,0.0,0.0,0.0,0.0,5
2023-05-11 10:33:35,m2401-C-3600,m2401-C-3600,107.5,0.0,0.0,0.0,10,35.5,0.0,0,107.5,0.0,0.0,0.0,0.0,0.0,5
2023-05-11 10:33:36,m2401-C-3600,m2401-C-3600,107.5,0.0,0.0,0.0,2,36.0,0.0,0,107.5,0.0,0.0,0.0,0.0,0.0,5
2023-05-11 10:33:36,m2401-C-3600,m2401-C-3600,107.5,0.0,0.0,0.0,10,36.5,0.0,0,107.5,0.0,0.0,0.0,0.0,0.0,5
2023-05-11 10:33:37,m2401-C-3600,m2401-C-3600,107.5,0.0,0.0,0.0,2,37.0,0.0,0,107.5,0.0,0.0,0.0,0.0,0.0,5
2023-05-11 10:33:37,m2401-C-3600,m2401-C-3600,107.5,0.0,0.0,0.0,10,37.5,0.0,0,107.5,0.0,0.0,0.0,0.0,0.0,5
2023-05-11 10:33:38,m2401-C-3600,m2401-C-3600,107.5,0.0,0.0,0.0,2,38.0,0.0,0,107.5,0.0,0.0,0.0,0.0,0.0,5
2023-05-11 10:33:38,m2401-C-3600,m2401-C-3600,107.5,0.0,0.0,0.0,10,38.5,0.0,0,107.5,0.0,0.0,0.0,0.0,0.0,5
2023-05-11 10:33:39,m2401-C-3600,m2401-C-3600,107.5,0.0,0.0,0.0,2,39.0,0.0,0,107.5,0.0,0.0,0.0,0.0,0.0,5
2023-05-11 10:33:39,m2401-C-3600,m2401-C-3600,107.5,0.0,0.0,0.0,10,39.5,0.0,0,107.5,0.0,0.0,0.0,0.0,0.0,5
2023-05-11 10:33:40,m2401-C-3600,m2401-C-3600,107.5,0.0,0.0,0.0,2,40.0,0.0,0,107.5,0.0,0.0,0.0,0.0,0.0,5
2023-05-11 10:33:40,m2401-C-3600,m2401-C-3600,107.5,0.0,0.0,0.0,10,40.5,0.0,0,107.5,0.0,0.0,0.0,0.0,0.0,5
2023-05-11 10:33:41,m2401-C-3600,m2401-C-3600,107.5,0.0,0.0,0.0,2,41.0,0.0,0,107.5,0.0,0.0,0.0,0.0,0.0,5
2023-05-11 10:33:41,m2401-C-3600,m2401-C-3600,107.5,0.0,0.0,0.0,10,41.5,0.0,0,107.5,0.0,0.0,0.0,0.0,0.0,5
2023-05-11 10:33:42,m2401-C-3600,m2401-C-3600,107.5,0.0,0.0,0.0,2,42.0,0.0,0,107.5,0.0,0.0,0.0,0.0,0.0,5
2023-05-11 10:33:42,m2401-C-3600,m2401-C-3600,107.5,0.0,0.0,0.0,10,42.5,0.0,0,107.5,0.0,0.0,0.0,0.0,0.0,5
2023-05-11 10:33:43,m2401-C-3600,m2401-C-3600,107.5,0.0,0.0,0.0,2,43.0,0.0,0,107.5,0.0,0.0,0.0,0.0,0.0,5
2023-05-11 10:33:43,m2401-C-3600,m2401-C-3600,107.5,0.0,0.0,0.0,10,43.5,0.0,0,107.5,0.0,0.0,0.0,0.0,0.0,5
2023-05-11 10:33:44,m2401-C-3600,m2401-C-3600,107.5,0.0,0.0,0.0,2,44.0,0.0,0,107.5,0.0,0.0,0.0,0.0,0.0,5
2023-05-11 10:33:44,m2401-C-3600,m2401-C-3600,107.5,0.0,0.0,0.0,10,44.5,0.0,0,107.5,0.0,0.0,0.0,0.0,0.0,5
2023-05-11 10:33:45,m2401-C-3600,m2401-C-3600,107.5,0.0,0.0,0.0,2,45.0,0.0,0,107.5,0.0,0.0,0.0,0.0,0.0,5
2023-05-11 10:33:45,m2401-C-3600,m2401-C-3600,107.5,0.0,0.0,0.0,10,45.5,0.0,0,107.5,0.0,0.0,0.0,0.0,0.0,5
2023-05-11 10:33:46,m2401-C-3600,m2401-C-3600,107.5,0.0,0.0,0.0,2,46.0,0.0,0,107.5,0.0,0.0,0.0,0.0,0.0,5
2023-05-11 10:33:46,m2401-C-3600,m2401-C-3600,107.5,0.0,0.0,0.0,10,46.5,0.0,0,107.5,0.0,0.0,0.0,0.0,0.0,5
2023-05-11 10:33:47,m2401-C-3600,m2401-C-3600,107.5,0.0,0.0,0.0,2,47.0,0.0,0,107.5,0.0,0.0,0.0,0.0,0.0,5
2023-05-11 10:33:47,m2401-C-3600,m2401-C-3600,107.5,0.0,0.0,0.0,10,47.5,0.0,0,107.5,0.0,0.0,0.0,0.0,0.0,5
2023-05-11 10:33:48,m2401-C-3600,m2401-C-3600,107.5,0.0,0.0,0.0,2,48.0,0.0,0,107.5,0.0,0.0,0.0,0.0,0.0,5
2023-05-11 10:33:48,m2401-C-3600,m2401-C-3600,107.5,0.0,0.0,0.0,10,48.5,0.0,0,107.5,0.0,0.0,0.0,0.0,0.0,5
2023-05-11 10:33:49,m2401-C-3600,m2401-C-3600,107.5,0.0,0.0,0.0,2,49.0,0.0,0,107.5,0.0,0.0,0.0,0.0,0.0,5
2023-05-11 10:33:49,m2401-C-3600,m2401-C-3600,107.5,0.0,0.0,0.0,10,49.5,0.0,0,107.5,0.0,0.0,0.0,0.0,0.0,5
2023-05-11 10:33:50,m2401-C-3600,m2401-C-3600,107.5,0.0,0.0,0.0,2,50.0,0.0,0,107.5,0.0,0.0,0.0,0.0,0.0,5
2023-05-11 10:33:50,m2401-C-3600,m2401-C-3600,107.5,0.0,0.0,0.0,10,50.5,0.0,0,107.5,0.0,0.0,0.0,0.0,0.0,5
2023-05-11 10:33:51,m2401-C-3600,m2401-C-3600,107.5,0.0,0.0,0.0,2,51.0,0.0,0,107.5,0.0,0.0,0.0,0.0,0.0,5
2023-05-11 10:33:51,m2401-C-3600,m2401-C-3600,107.5,0.0,0.0,0.0,10,51.5,0.0,0,107.5,0.0,0.0,0.0,0.0,0.0,5
2023-05-11 10:33:52,m2401-C-3600,m2401-C-3600,107.5,0.0,0.0,0.0,2,52.0,0.0,0,107.5,0.0,0.0,0.0,0.0,0.0,5
2023-05-11 10:33:52,m2401-C-3600,m2401-C-3600,107.5,0.0,0.0,0.0,10,52.5,0.0,0,107.5,0.0,0.0,0.0,0.0,0.0,5
2023-05-11 10:33:53,m2401-C-3600,m2401-C-3600,107.5,0.0,0.0,0.0,2,53.0,0.0,0,107.5,0.0,0.0,0.0,0.0,0.0,5
2023-05-11 10:33:53,m2401-C-3600,m2401-C-3600,107.5,0.0,0.0,0.0,10,53.5,0.0,0,107.5,0.0,0.0,0.0,0.0,0.0,5
2023-05-11 10:33:54,m2401-C-3600,m2401-C-3600,107.5,0.0,0.0,0.0,2,54.0,0.0,0,107.5,0.0,0.0,0.0,0.0,0.0,5
2023-05-11 10:33:54,m2401-C-3600,m2401-C-3600,107.5,0.0,0.0,0.0,10,54.5,0.0,0,107.5,0.0,0.0,0.0,0.0,0.0,5
2023-05-11 10:33:55,m2401-C-3600,m2401-C-3600,107.5,0.0,0.0,0.0,2,55.0,0.0,0,107.5,0.0,0.0,0.0,0.0,0.0,5
2023-05-11 10:33:55,m2401-C-3600,m2401-C-3600,107.5,0.0,0.0,0.0,10,55.5,0.0,0,107.5,0.0,0.0,0.0,0.0,0.0,5
2023-05-11 11:03:28,m2401-C-3600,m2401-C-3600,107.5,0.0,0.0,0.0,2,56.0,0.0,0,107.5,0.0,0.0,0.0,0.0,0.0,5
2023-05-11 11:03:28,m2401-C-3600,m2401-C-3600,107.5,0.0,0.0,0.0,10,56.5,0.0,0,107.5,0.0,0.0,0.0,0.0,0.0,5
2023-05-11 11:29:33,m2401-C-3600,m2401-C-3600,107.5,0.0,0.0,0.0,1,8.5,0.0,0,107.5,0.0,0.0,0.0,0.0,0.0,5
2023-05-11 13:30:02,m2401-C-3600,m2401-C-3600,107.5,0.0,0.0,0.0,10,9.0,0.0,0,107.5,0.0,0.0,0.0,0.0,0.0,5
2023-05-11 13:31:10,m2401-C-3600,m2401-C-3600,107.5,0.0,0.0,0.0,1,9.5,0.0,0,107.5,0.0,0.0,0.0,0.0,0.0,5
2023-05-11 13:31:10,m2401-C-3600,m2401-C-3600,107.5,0.0,0.0,0.0,10,10.0,0.0,0,107.5,0.0,0.0,0.0,0.0,0.0,5
2023-05-11 13:31:23,m2401-C-3600,m2401-C-3600,107.5,0.0,0.0,0.0,2,10.5,0.0,0,107.5,0.0,0.0,0.0,0.0,0.0,5
2023-05-11 13:31:23,m2401-C-3600,m2401-C-3600,107.5,0.0,0.0,0.0,10,11.0,0.0,0,107.5,0.0,0.0,0.0,0.0,0.0,5
2023-05-11 13:31:52,m2401-C-3600,m2401-C-3600,107.5,0.0,0.0,0.0,2,11.5,0.0,0,107.5,0.0,0.0,0.0,0.0,0.0,5
2023-05-11 13:31:52,m2401-C-3600,m2401-C-3600,107.5,0.0,0.0,0.0,10,12.0,0.0,0,107.5,0.0,0.0,0.0,0.0,0.0,5
2023-05-11 13:31:54,m2401-C-3600,m2401-C-3600,107.5,0.0,0.0,0.0,2,12.5,0.0,0,107.5,0.0,0.0,0.0,0.0,0.0,5
2023-05-11 13:31:54,m2401-C-3600,m2401-C-3600,107.5,0.0,0.0,0.0,10,13.0,0.0,0,107.5,0.0,0.0,0.0,0.0,0.0,5
2023-05-11 13:31:56,m2401-C-3600,m2401-C-3600,107.5,0.0,0.0,0.0,2,13.5,0.0,0,107.5,0.0,0.0,0.0,0.0,0.0,5
2023-05-11 13:31:56,m2401-C-3600,m2401-C-3600,107.5,0.0,0.0,0.0,10,14.0,0.0,0,107.5,0.0,0.0,0.0,0.0,0.0,5
2023-05-11 13:31:58,m2401-C-3600,m2401-C-3600,107.5,0.0,0.0,0.0,2,14.5,0.0,0,107.5,0.0,0.0,0.0,0.0,0.0,5
2023-05-11 13:31:58,m2401-C-3600,m2401-C-3600,107.5,0.0,0.0,0.0,10,15.0,0.0,0,107.5,0.0,0.0,0.0,0.0,0.0,5
2023-05-11 13:32:00,m2401-C-3600,m2401-C-3600,107.5,0.0,0.0,0.0,2,15.5,0.0,0,107.5,0.0,0.0,0.0,0.0,0.0,5
2023-05-11 13:32:00,m2401-C-3600,m2401-C-3600,107.5,0.0,0.0,0.0,10,16.0,0.0,0,107.5,0.0,0.0,0.0,0.0,0.0,5
2023-05-11 13:32:02,m2401-C-3600,m2401-C-3600,107.5,0.0,0.0,0.0,2,16.5,0.0,0,107.5,0.0,0.0,0.0,0.0,0.0,5
2023-05-11 13:32:02,m2401-C-3600,m2401-C-3600,107.5,0.0,0.0,0.0,10,17.0,0.0,0,107.5,0.0,0.0,0.0,0.0,0.0,5
2023-05-11 13:32:04,m2401-C-3600,m2401-C-3600,107.5,0.0,0.0,0.0,2,17.5,0.0,0,107.5,0.0,0.0,0.0,0.0,0.0,5
2023-05-11 13:32:04,m2401-C-3600,m2401-C-3600,107.5,0.0,0.0,0.0,10,18.0,0.0,0,107.5,0.0,0.0,0.0,0.0,0.0,5
2023-05-11 13:32:06,m2401-C-3600,m2401-C-3600,107.5,0.0,0.0,0.0,2,18.5,0.0,0,107.5,0.0,0.0,0.0,0.0,0.0,5
2023-05-11 13:32:06,m2401-C-3600,m2401-C-3600,107.5,0.0,0.0,0.0,10,19.0,0.0,0,107.5,0.0,0.0,0.0,0.0,0.0,5
2023-05-11 13:32:08,m2401-C-3600,m2401-C-3600,107.5,0.0,0.0,0.0,2,19.5,0.0,0,107.5,0.0,0.0,0.0,0.0,0.0,5
2023-05-11 13:32:08,m2401-C-3600,m2401-C-3600,107.5,0.0,0.0,0.0,10,20.0,0.0,0,107.5,0.0,0.0,0.0,0.0,0.0,5
2023-05-11 13:32:10,m2401-C-3600,m2401-C-3600,107.5,0.0,0.0,0.0,2,20.5,0.0,0,107.5,0.0,0.0,0.0,0.0,0.0,5
2023-05-11 13:32:10,m2401-C-3600,m2401-C-3600,107.5,0.0,0.0,0.0,10,21.0,0.0,0,107.5,0.0,0.0,0.0,0.0,0.0,5
2023-05-11 13:32:12,m2401-C-3600,m2401-C-3600,107.5,0.0,0.0,0.0,2,21.5,0.0,0,107.5,0.0,0.0,0.0,0.0,0.0,5
2023-05-11 13:32:12,m2401-C-3600,m2401-C-3600,107.5,0.0,0.0,0.0,10,22.0,0.0,0,107.5,0.0,0.0,0.0,0.0,0.0,5
2023-05-11 13:32:13,m2401-C-3600,m2401-C-3600,107.5,0.0,0.0,0.0,2,22.5,0.0,0,107.5,0.0,0.0,0.0,0.0,0.0,5
2023-05-11 13:32:13,m2401-C-3600,m2401-C-3600,107.5,0.0,0.0,0.0,10,23.0,0.0,0,107.5,0.0,0.0,0.0,0.0,0.0,5
2023-05-11 13:32:14,m2401-C-3600,m2401-C-3600,107.5,0.0,0.0,0.0,2,23.5,0.0,0,107.5,0.0,0.0,0.0,0.0,0.0,5
2023-05-11 13:32:14,m2401-C-3600,m2401-C-3600,107.5,0.0,0.0,0.0,10,24.0,0.0,0,107.5,0.0,0.0,0.0,0.0,0.0,5
2023-05-11 13:32:15,m2401-C-3600,m2401-C-3600,107.5,0.0,0.0,0.0,2,24.5,0.0,0,107.5,0.0,0.0,0.0,0.0,0.0,5
2023-05-11 13:32:15,m2401-C-3600,m2401-C-3600,107.5,0.0,0.0,0.0,10,25.0,0.0,0,107.5,0.0,0.0,0.0,0.0,0.0,5
2023-05-11 13:32:47,m2401-C-3600,m2401-C-3600,107.5,0.0,0.0,0.0,2,25.5,0.0,0,107.5,0.0,0.0,0.0,0.0,0.0,5
2023-05-11 13:32:47,m2401-C-3600,m2401-C-3600,107.5,0.0,0.0,0.0,10,26.0,0.0,0,107.5,0.0,0.0,0.0,0.0,0.0,5
2023-05-11 13:32:51,m2401-C-3600,m2401-C-3600,107.5,0.0,0.0,0.0,2,26.5,0.0,0,107.5,0.0,0.0,0.0,0.0,0.0,5
2023-05-11 13:32:52,m2401-C-3600,m2401-C-3600,107.5,0.0,0.0,0.0,10,27.0,0.0,0,107.5,0.0,0.0,0.0,0.0,0.0,5
2023-05-11 13:33:25,m2401-C-3600,m2401-C-3600,107.5,0.0,0.0,0.0,2,27.5,0.0,0,107.5,0.0,0.0,0.0,0.0,0.0,5
2023-05-11 13:33:25,m2401-C-3600,m2401-C-3600,107.5,0.0,0.0,0.0,10,28.0,0.0,0,107.5,0.0,0.0,0.0,0.0,0.0,5
2023-05-11 13:33:27,m2401-C-3600,m2401-C-3600,107.5,0.0,0.0,0.0,2,28.5,0.0,0,107.5,0.0,0.0,0.0,0.0,0.0,5
2023-05-11 13:33:27,m2401-C-3600,m2401-C-3600,107.5,0.0,0.0,0.0,10,29.0,0.0,0,107.5,0.0,0.0,0.0,0.0,0.0,5
2023-05-11 13:33:28,m2401-C-3600,m2401-C-3600,107.5,0.0,0.0,0.0,2,29.5,0.0,0,107.5,0.0,0.0,0.0,0.0,0.0,5
2023-05-11 13:33:28,m2401-C-3600,m2401-C-3600,107.5,0.0,0.0,0.0,10,30.0,0.0,0,107.5,0.0,0.0,0.0,0.0,0.0,5
2023-05-11 13:33:29,m2401-C-3600,m2401-C-3600,107.5,0.0,0.0,0.0,2,30.5,0.0,0,107.5,0.0,0.0,0.0,0.0,0.0,5
2023-05-11 13:33:29,m2401-C-3600,m2401-C-3600,107.5,0.0,0.0,0.0,10,31.0,0.0,0,107.5,0.0,0.0,0.0,0.0,0.0,5
2023-05-11 13:33:31,m2401-C-3600,m2401-C-3600,107.5,0.0,0.0,0.0,2,31.5,0.0,0,107.5,0.0,0.0,0.0,0.0,0.0,5
2023-05-11 13:33:31,m2401-C-3600,m2401-C-3600,107.5,0.0,0.0,0.0,10,32.0,0.0,0,107.5,0.0,0.0,0.0,0.0,0.0,5
2023-05-11 13:33:33,m2401-C-3600,m2401-C-3600,107.5,0.0,0.0,0.0,2,32.5,0.0,0,107.5,0.0,0.0,0.0,0.0,0.0,5
2023-05-11 13:33:33,m2401-C-3600,m2401-C-3600,107.5,0.0,0.0,0.0,10,33.0,0.0,0,107.5,0.0,0.0,0.0,0.0,0.0,5
2023-05-11 13:33:35,m2401-C-3600,m2401-C-3600,107.5,0.0,0.0,0.0,2,33.5,0.0,0,107.5,0.0,0.0,0.0,0.0,0.0,5
2023-05-11 13:33:35,m2401-C-3600,m2401-C-3600,107.5,0.0,0.0,0.0,10,34.0,0.0,0,107.5,0.0,0.0,0.0,0.0,0.0,5
2023-05-11 13:33:38,m2401-C-3600,m2401-C-3600,107.5,0.0,0.0,0.0,2,34.5,0.0,0,107.5,0.0,0.0,0.0,0.0,0.0,5
2023-05-11 13:33:38,m2401-C-3600,m2401-C-3600,107.5,0.0,0.0,0.0,10,35.0,0.0,0,107.5,0.0,0.0,0.0,0.0,0.0,5
2023-05-11 13:33:40,m2401-C-3600,m2401-C-3600,107.5,0.0,0.0,0.0,2,35.5,0.0,0,107.5,0.0,0.0,0.0,0.0,0.0,5
2023-05-11 13:33:40,m2401-C-3600,m2401-C-3600,107.5,0.0,0.0,0.0,10,36.0,0.0,0,107.5,0.0,0.0,0.0,0.0,0.0,5
2023-05-11 13:33:43,m2401-C-3600,m2401-C-3600,107.5,0.0,0.0,0.0,2,36.5,0.0,0,107.5,0.0,0.0,0.0,0.0,0.0,5
2023-05-11 13:33:43,m2401-C-3600,m2401-C-3600,107.5,0.0,0.0,0.0,10,37.0,0.0,0,107.5,0.0,0.0,0.0,0.0,0.0,5
2023-05-11 13:33:50,m2401-C-3600,m2401-C-3600,107.5,0.0,0.0,0.0,2,37.5,0.0,0,107.5,0.0,0.0,0.0,0.0,0.0,5
2023-05-11 13:33:50,m2401-C-3600,m2401-C-3600,107.5,0.0,0.0,0.0,10,38.0,0.0,0,107.5,0.0,0.0,0.0,0.0,0.0,5
2023-05-11 13:33:52,m2401-C-3600,m2401-C-3600,107.5,0.0,0.0,0.0,2,38.5,0.0,0,107.5,0.0,0.0,0.0,0.0,0.0,5
2023-05-11 13:33:52,m2401-C-3600,m2401-C-3600,107.5,0.0,0.0,0.0,10,39.0,0.0,0,107.5,0.0,0.0,0.0,0.0,0.0,5
2023-05-11 13:33:53,m2401-C-3600,m2401-C-3600,107.5,0.0,0.0,0.0,2,39.5,0.0,0,107.5,0.0,0.0,0.0,0.0,0.0,5
2023-05-11 13:33:53,m2401-C-3600,m2401-C-3600,107.5,0.0,0.0,0.0,10,40.0,0.0,0,107.5,0.0,0.0,0.0,0.0,0.0,5
2023-05-11 13:33:54,m2401-C-3600,m2401-C-3600,107.5,0.0,0.0,0.0,2,40.5,0.0,0,107.5,0.0,0.0,0.0,0.0,0.0,5
2023-05-11 13:33:55,m2401-C-3600,m2401-C-3600,107.5,0.0,0.0,0.0,10,41.0,0.0,0,107.5,0.0,0.0,0.0,0.0,0.0,5
2023-05-11 13:33:58,m2401-C-3600,m2401-C-3600,107.5,0.0,0.0,0.0,2,41.5,0.0,0,107.5,0.0,0.0,0.0,0.0,0.0,5
2023-05-11 13:33:58,m2401-C-3600,m2401-C-3600,107.5,0.0,0.0,0.0,10,42.0,0.0,0,107.5,0.0,0.0,0.0,0.0,0.0,5
2023-05-11 13:33:59,m2401-C-3600,m2401-C-3600,107.5,0.0,0.0,0.0,2,42.5,0.0,0,107.5,0.0,0.0,0.0,0.0,0.0,5
2023-05-11 13:33:59,m2401-C-3600,m2401-C-3600,107.5,0.0,0.0,0.0,10,43.0,0.0,0,107.5,0.0,0.0,0.0,0.0,0.0,5
2023-05-11 13:34:01,m2401-C-3600,m2401-C-3600,107.5,0.0,0.0,0.0,2,43.5,0.0,0,107.5,0.0,0.0,0.0,0.0,0.0,5
2023-05-11 13:34:01,m2401-C-3600,m2401-C-3600,107.5,0.0,0.0,0.0,10,44.0,0.0,0,107.5,0.0,0.0,0.0,0.0,0.0,5
2023-05-11 13:34:02,m2401-C-3600,m2401-C-3600,107.5,0.0,0.0,0.0,2,44.5,0.0,0,107.5,0.0,0.0,0.0,0.0,0.0,5
2023-05-11 13:34:02,m2401-C-3600,m2401-C-3600,107.5,0.0,0.0,0.0,10,45.0,0.0,0,107.5,0.0,0.0,0.0,0.0,0.0,5
2023-05-11 13:34:04,m2401-C-3600,m2401-C-3600,107.5,0.0,0.0,0.0,2,45.5,0.0,0,107.5,0.0,0.0,0.0,0.0,0.0,5
2023-05-11 13:34:04,m2401-C-3600,m2401-C-3600,107.5,0.0,0.0,0.0,10,46.0,0.0,0,107.5,0.0,0.0,0.0,0.0,0.0,5
2023-05-11 13:34:05,m2401-C-3600,m2401-C-3600,107.5,0.0,0.0,0.0,2,46.5,0.0,0,107.5,0.0,0.0,0.0,0.0,0.0,5
2023-05-11 13:34:05,m2401-C-3600,m2401-C-3600,107.5,0.0,0.0,0.0,10,47.0,0.0,0,107.5,0.0,0.0,0.0,0.0,0.0,5
2023-05-11 13:34:07,m2401-C-3600,m2401-C-3600,107.5,0.0,0.0,0.0,2,47.5,0.0,0,107.5,0.0,0.0,0.0,0.0,0.0,5
2023-05-11 13:34:07,m2401-C-3600,m2401-C-3600,107.5,0.0,0.0,0.0,10,48.0,0.0,0,107.5,0.0,0.0,0.0,0.0,0.0,5
2023-05-11 13:35:44,m2401-C-3600,m2401-C-3600,107.5,0.0,0.0,0.0,2,48.5,0.0,0,107.5,0.0,0.0,0.0,0.0,0.0,5
2023-05-11 13:35:44,m2401-C-3600,m2401-C-3600,107.5,0.0,0.0,0.0,10,49.0,0.0,0,107.5,0.0,0.0,0.0,0.0,0.0,5
2023-05-11 13:35:48,m2401-C-3600,m2401-C-3600,107.5,0.0,0.0,0.0,2,49.5,0.0,0,107.5,0.0,0.0,0.0,0.0,0.0,5
2023-05-11 13:35:48,m2401-C-3600,m2401-C-3600,107.5,0.0,0.0,0.0,10,50.0,0.0,0,107.5,0.0,0.0,0.0,0.0,0.0,5
2023-05-11 13:35:49,m2401-C-3600,m2401-C-3600,107.5,0.0,0.0,0.0,2,50.5,0.0,0,107.5,0.0,0.0,0.0,0.0,0.0,5
2023-05-11 13:35:49,m2401-C-3600,m2401-C-3600,107.5,0.0,0.0,0.0,10,51.0,0.0,0,107.5,0.0,0.0,0.0,0.0,0.0,5
2023-05-11 13:35:51,m2401-C-3600,m2401-C-3600,107.5,0.0,0.0,0.0,2,51.5,0.0,0,107.5,0.0,0.0,0.0,0.0,0.0,5
2023-05-11 13:35:51,m2401-C-3600,m2401-C-3600,107.5,0.0,0.0,0.0,10,52.0,0.0,0,107.5,0.0,0.0,0.0,0.0,0.0,5
2023-05-11 13:35:53,m2401-C-3600,m2401-C-3600,107.5,0.0,0.0,0.0,2,52.5,0.0,0,107.5,0.0,0.0,0.0,0.0,0.0,5
2023-05-11 13:35:53,m2401-C-3600,m2401-C-3600,107.5,0.0,0.0,0.0,10,53.0,0.0,0,107.5,0.0,0.0,0.0,0.0,0.0,5
2023-05-11 13:35:55,m2401-C-3600,m2401-C-3600,107.5,0.0,0.0,0.0,2,53.5,0.0,0,107.5,0.0,0.0,0.0,0.0,0.0,5
2023-05-11 13:35:55,m2401-C-3600,m2401-C-3600,107.5,0.0,0.0,0.0,10,54.0,0.0,0,107.5,0.0,0.0,0.0,0.0,0.0,5
2023-05-11 13:35:57,m2401-C-3600,m2401-C-3600,107.5,0.0,0.0,0.0,2,54.5,0.0,0,107.5,0.0,0.0,0.0,0.0,0.0,5
2023-05-11 13:35:57,m2401-C-3600,m2401-C-3600,107.5,0.0,0.0,0.0,10,55.0,0.0,0,107.5,0.0,0.0,0.0,0.0,0.0,5
2023-05-11 13:35:58,m2401-C-3600,m2401-C-3600,107.5,0.0,0.0,0.0,2,55.5,0.0,0,107.5,0.0,0.0,0.0,0.0,0.0,5
2023-05-11 13:35:58,m2401-C-3600,m2401-C-3600,107.5,0.0,0.0,0.0,10,56.0,0.0,0,107.5,0.0,0.0,0.0,0.0,0.0,5
2023-05-11 13:48:16,m2401-C-3600,m2401-C-3600,107.5,0.0,0.0,0.0,2,56.5,0.0,0,107.5,0.0,0.0,0.0,0.0,0.0,5
2023-05-11 13:48:16,m2401-C-3600,m2401-C-3600,107.5,0.0,0.0,0.0,10,57.0,0.0,0,107.5,0.0,0.0,0.0,0.0,0.0,5
2023-05-11 14:39:17,m2401-C-3600,m2401-C-3600,107.5,0.0,0.0,0.0,5,85.5,95.5,5,107.5,0.0,0.0,0.0,0.0,0.0,5
2023-05-11 14:39:22,m2401-C-3600,m2401-C-3600,107.5,0.0,0.0,0.0,5,88.5,95.5,5,107.5,0.0,0.0,0.0,0.0,0.0,5
2023-05-11 14:39:28,m2401-C-3600,m2401-C-3600,107.5,0.0,0.0,0.0,5,88.5,94.5,5,107.5,0.0,0.0,0.0,0.0,0.0,5
2023-05-11 14:39:31,m2401-C-3600,m2401-C-3600,107.5,0.0,0.0,0.0,10,88.5,94.5,5,107.5,0.0,0.0,0.0,0.0,0.0,5
2023-05-11 14:39:33,m2401-C-3600,m2401-C-3600,107.5,0.0,0.0,0.0,10,88.5,93.5,5,107.5,0.0,0.0,0.0,0.0,0.0,5
2023-05-11 14:39:33,m2401-C-3600,m2401-C-3600,107.5,0.0,0.0,0.0,5,88.5,93.5,5,107.5,0.0,0.0,0.0,0.0,0.0,5
2023-05-11 14:39:33,m2401-C-3600,m2401-C-3600,107.5,0.0,0.0,0.0,10,88.5,93.5,10,107.5,0.0,0.0,0.0,0.0,0.0,5
2023-05-11 14:39:43,m2401-C-3600,m2401-C-3600,107.5,0.0,0.0,0.0,5,88.5,93.5,10,107.5,0.0,0.0,0.0,0.0,0.0,5
2023-05-11 14:39:44,m2401-C-3600,m2401-C-3600,107.5,0.0,0.0,0.0,5,88.5,93.5,5,107.5,0.0,0.0,0.0,0.0,0.0,5
2023-05-11 14:39:44,m2401-C-3600,m2401-C-3600,107.5,0.0,0.0,0.0,1,9.5,0.0,0,107.5,0.0,0.0,0.0,0.0,0.0,5
2023-05-11 14:39:45,m2401-C-3600,m2401-C-3600,107.5,0.0,0.0,0.0,2,16.0,0.0,0,107.5,0.0,0.0,0.0,0.0,0.0,5
2023-05-11 14:39:45,m2401-C-3600,m2401-C-3600,107.5,0.0,0.0,0.0,10,16.5,0.0,0,107.5,0.0,0.0,0.0,0.0,0.0,5
2023-05-11 14:39:47,m2401-C-3600,m2401-C-3600,107.5,0.0,0.0,0.0,2,17.0,0.0,0,107.5,0.0,0.0,0.0,0.0,0.0,5
2023-05-11 14:39:47,m2401-C-3600,m2401-C-3600,107.5,0.0,0.0,0.0,10,17.5,0.0,0,107.5,0.0,0.0,0.0,0.0,0.0,5
2023-05-11 14:39:48,m2401-C-3600,m2401-C-3600,107.5,0.0,0.0,0.0,2,18.0,0.0,0,107.5,0.0,0.0,0.0,0.0,0.0,5
2023-05-11 14:39:49,m2401-C-3600,m2401-C-3600,107.5,0.0,0.0,0.0,10,18.5,0.0,0,107.5,0.0,0.0,0.0,0.0,0.0,5
2023-05-11 14:39:50,m2401-C-3600,m2401-C-3600,107.5,0.0,0.0,0.0,2,19.0,0.0,0,107.5,0.0,0.0,0.0,0.0,0.0,5
2023-05-11 14:39:50,m2401-C-3600,m2401-C-3600,107.5,0.0,0.0,0.0,10,19.5,0.0,0,107.5,0.0,0.0,0.0,0.0,0.0,5
2023-05-11 14:39:51,m2401-C-3600,m2401-C-3600,107.5,0.0,0.0,0.0,2,20.0,0.0,0,107.5,0.0,0.0,0.0,0.0,0.0,5
2023-05-11 14:39:51,m2401-C-3600,m2401-C-3600,107.5,0.0,0.0,0.0,10,20.5,0.0,0,107.5,0.0,0.0,0.0,0.0,0.0,5
2023-05-11 14:39:52,m2401-C-3600,m2401-C-3600,107.5,0.0,0.0,0.0,2,21.0,0.0,0,107.5,0.0,0.0,0.0,0.0,0.0,5
2023-05-11 14:39:52,m2401-C-3600,m2401-C-3600,107.5,0.0,0.0,0.0,10,21.5,0.0,0,107.5,0.0,0.0,0.0,0.0,0.0,5
2023-05-11 14:39:53,m2401-C-3600,m2401-C-3600,107.5,0.0,0.0,0.0,2,22.0,0.0,0,107.5,0.0,0.0,0.0,0.0,0.0,5
2023-05-11 14:39:53,m2401-C-3600,m2401-C-3600,107.5,0.0,0.0,0.0,10,22.5,0.0,0,107.5,0.0,0.0,0.0,0.0,0.0,5
2023-05-11 14:39:54,m2401-C-3600,m2401-C-3600,107.5,0.0,0.0,0.0,2,23.0,0.0,0,107.5,0.0,0.0,0.0,0.0,0.0,5
2023-05-11 14:39:54,m2401-C-3600,m2401-C-3600,107.5,0.0,0.0,0.0,10,23.5,0.0,0,107.5,0.0,0.0,0.0,0.0,0.0,5
2023-05-11 14:39:55,m2401-C-3600,m2401-C-3600,107.5,0.0,0.0,0.0,2,24.0,0.0,0,107.5,0.0,0.0,0.0,0.0,0.0,5
2023-05-11 14:39:55,m2401-C-3600,m2401-C-3600,107.5,0.0,0.0,0.0,10,24.5,0.0,0,107.5,0.0,0.0,0.0,0.0,0.0,5
2023-05-11 14:39:56,m2401-C-3600,m2401-C-3600,107.5,0.0,0.0,0.0,2,25.0,0.0,0,107.5,0.0,0.0,0.0,0.0,0.0,5
2023-05-11 14:39:57,m2401-C-3600,m2401-C-3600,107.5,0.0,0.0,0.0,10,25.5,0.0,0,107.5,0.0,0.0,0.0,0.0,0.0,5
2023-05-11 14:39:57,m2401-C-3600,m2401-C-3600,107.5,0.0,0.0,0.0,2,26.0,0.0,0,107.5,0.0,0.0,0.0,0.0,0.0,5
2023-05-11 14:39:57,m2401-C-3600,m2401-C-3600,107.5,0.0,0.0,0.0,10,26.5,0.0,0,107.5,0.0,0.0,0.0,0.0,0.0,5
2023-05-11 14:39:58,m2401-C-3600,m2401-C-3600,107.5,0.0,0.0,0.0,2,27.0,0.0,0,107.5,0.0,0.0,0.0,0.0,0.0,5
2023-05-11 14:39:58,m2401-C-3600,m2401-C-3600,107.5,0.0,0.0,0.0,10,27.5,0.0,0,107.5,0.0,0.0,0.0,0.0,0.0,5
2023-05-11 14:39:59,m2401-C-3600,m2401-C-3600,107.5,0.0,0.0,0.0,2,28.0,0.0,0,107.5,0.0,0.0,0.0,0.0,0.0,5
2023-05-11 14:39:59,m2401-C-3600,m2401-C-3600,107.5,0.0,0.0,0.0,10,28.5,0.0,0,107.5,0.0,0.0,0.0,0.0,0.0,5
2023-05-11 14:40:00,m2401-C-3600,m2401-C-3600,107.5,0.0,0.0,0.0,2,29.0,0.0,0,107.5,0.0,0.0,0.0,0.0,0.0,5
2023-05-11 14:40:00,m2401-C-3600,m2401-C-3600,107.5,0.0,0.0,0.0,10,29.5,0.0,0,107.5,0.0,0.0,0.0,0.0,0.0,5
2023-05-11 14:40:01,m2401-C-3600,m2401-C-3600,107.5,0.0,0.0,0.0,2,30.0,0.0,0,107.5,0.0,0.0,0.0,0.0,0.0,5
2023-05-11 14:40:01,m2401-C-3600,m2401-C-3600,107.5,0.0,0.0,0.0,10,30.5,0.0,0,107.5,0.0,0.0,0.0,0.0,0.0,5
2023-05-11 14:40:02,m2401-C-3600,m2401-C-3600,107.5,0.0,0.0,0.0,2,31.0,0.0,0,107.5,0.0,0.0,0.0,0.0,0.0,5
2023-05-11 14:40:02,m2401-C-3600,m2401-C-3600,107.5,0.0,0.0,0.0,10,31.5,0.0,0,107.5,0.0,0.0,0.0,0.0,0.0,5
2023-05-11 14:40:03,m2401-C-3600,m2401-C-3600,107.5,0.0,0.0,0.0,2,32.0,0.0,0,107.5,0.0,0.0,0.0,0.0,0.0,5
2023-05-11 14:40:03,m2401-C-3600,m2401-C-3600,107.5,0.0,0.0,0.0,10,32.5,0.0,0,107.5,0.0,0.0,0.0,0.0,0.0,5
2023-05-11 14:40:04,m2401-C-3600,m2401-C-3600,107.5,0.0,0.0,0.0,2,33.0,0.0,0,107.5,0.0,0.0,0.0,0.0,0.0,5
2023-05-11 14:40:04,m2401-C-3600,m2401-C-3600,107.5,0.0,0.0,0.0,10,33.5,0.0,0,107.5,0.0,0.0,0.0,0.0,0.0,5
2023-05-11 14:40:05,m2401-C-3600,m2401-C-3600,107.5,0.0,0.0,0.0,2,34.0,0.0,0,107.5,0.0,0.0,0.0,0.0,0.0,5
2023-05-11 14:40:06,m2401-C-3600,m2401-C-3600,107.5,0.0,0.0,0.0,10,34.5,0.0,0,107.5,0.0,0.0,0.0,0.0,0.0,5
2023-05-11 14:40:06,m2401-C-3600,m2401-C-3600,107.5,0.0,0.0,0.0,2,35.0,0.0,0,107.5,0.0,0.0,0.0,0.0,0.0,5
2023-05-11 14:40:06,m2401-C-3600,m2401-C-3600,107.5,0.0,0.0,0.0,10,35.5,0.0,0,107.5,0.0,0.0,0.0,0.0,0.0,5
2023-05-11 14:40:07,m2401-C-3600,m2401-C-3600,107.5,0.0,0.0,0.0,2,36.0,0.0,0,107.5,0.0,0.0,0.0,0.0,0.0,5
2023-05-11 14:40:08,m2401-C-3600,m2401-C-3600,107.5,0.0,0.0,0.0,10,36.5,0.0,0,107.5,0.0,0.0,0.0,0.0,0.0,5
2023-05-11 14:40:09,m2401-C-3600,m2401-C-3600,107.5,0.0,0.0,0.0,2,37.0,0.0,0,107.5,0.0,0.0,0.0,0.0,0.0,5
2023-05-11 14:40:09,m2401-C-3600,m2401-C-3600,107.5,0.0,0.0,0.0,10,37.5,0.0,0,107.5,0.0,0.0,0.0,0.0,0.0,5
2023-05-11 14:40:10,m2401-C-3600,m2401-C-3600,107.5,0.0,0.0,0.0,2,38.0,0.0,0,107.5,0.0,0.0,0.0,0.0,0.0,5
2023-05-11 14:40:10,m2401-C-3600,m2401-C-3600,107.5,0.0,0.0,0.0,10,38.5,0.0,0,107.5,0.0,0.0,0.0,0.0,0.0,5
2023-05-11 14:40:11,m2401-C-3600,m2401-C-3600,107.5,0.0,0.0,0.0,2,39.0,0.0,0,107.5,0.0,0.0,0.0,0.0,0.0,5
2023-05-11 14:40:11,m2401-C-3600,m2401-C-3600,107.5,0.0,0.0,0.0,10,39.5,0.0,0,107.5,0.0,0.0,0.0,0.0,0.0,5
2023-05-11 14:40:12,m2401-C-3600,m2401-C-3600,107.5,0.0,0.0,0.0,2,40.0,0.0,0,107.5,0.0,0.0,0.0,0.0,0.0,5
2023-05-11 14:40:12,m2401-C-3600,m2401-C-3600,107.5,0.0,0.0,0.0,10,40.5,0.0,0,107.5,0.0,0.0,0.0,0.0,0.0,5
2023-05-11 14:40:13,m2401-C-3600,m2401-C-3600,107.5,0.0,0.0,0.0,2,41.0,0.0,0,107.5,0.0,0.0,0.0,0.0,0.0,5
2023-05-11 14:40:13,m2401-C-3600,m2401-C-3600,107.5,0.0,0.0,0.0,10,41.5,0.0,0,107.5,0.0,0.0,0.0,0.0,0.0,5
2023-05-11 14:40:14,m2401-C-3600,m2401-C-3600,107.5,0.0,0.0,0.0,2,42.0,0.0,0,107.5,0.0,0.0,0.0,0.0,0.0,5
2023-05-11 14:40:14,m2401-C-3600,m2401-C-3600,107.5,0.0,0.0,0.0,10,42.5,0.0,0,107.5,0.0,0.0,0.0,0.0,0.0,5
2023-05-11 14:40:15,m2401-C-3600,m2401-C-3600,107.5,0.0,0.0,0.0,2,43.0,0.0,0,107.5,0.0,0.0,0.0,0.0,0.0,5
2023-05-11 14:40:15,m2401-C-3600,m2401-C-3600,107.5,0.0,0.0,0.0,10,43.5,0.0,0,107.5,0.0,0.0,0.0,0.0,0.0,5
2023-05-11 14:40:16,m2401-C-3600,m2401-C-3600,107.5,0.0,0.0,0.0,2,44.0,0.0,0,107.5,0.0,0.0,0.0,0.0,0.0,5
2023-05-11 14:40:16,m2401-C-3600,m2401-C-3600,107.5,0.0,0.0,0.0,10,44.5,0.0,0,107.5,0.0,0.0,0.0,0.0,0.0,5
2023-05-11 14:40:17,m2401-C-3600,m2401-C-3600,107.5,0.0,0.0,0.0,2,45.0,0.0,0,107.5,0.0,0.0,0.0,0.0,0.0,5
2023-05-11 14:40:17,m2401-C-3600,m2401-C-3600,107.5,0.0,0.0,0.0,10,45.5,0.0,0,107.5,0.0,0.0,0.0,0.0,0.0,5
2023-05-11 14:40:18,m2401-C-3600,m2401-C-3600,107.5,0.0,0.0,0.0,2,46.0,0.0,0,107.5,0.0,0.0,0.0,0.0,0.0,5
2023-05-11 14:40:18,m2401-C-3600,m2401-C-3600,107.5,0.0,0.0,0.0,10,46.5,0.0,0,107.5,0.0,0.0,0.0,0.0,0.0,5
2023-05-11 14:40:19,m2401-C-3600,m2401-C-3600,107.5,0.0,0.0,0.0,2,47.0,0.0,0,107.5,0.0,0.0,0.0,0.0,0.0,5
2023-05-11 14:40:19,m2401-C-3600,m2401-C-3600,107.5,0.0,0.0,0.0,10,47.5,0.0,0,107.5,0.0,0.0,0.0,0.0,0.0,5
2023-05-11 14:40:20,m2401-C-3600,m2401-C-3600,107.5,0.0,0.0,0.0,2,48.0,0.0,0,107.5,0.0,0.0,0.0,0.0,0.0,5
2023-05-11 14:40:20,m2401-C-3600,m2401-C-3600,107.5,0.0,0.0,0.0,10,48.5,0.0,0,107.5,0.0,0.0,0.0,0.0,0.0,5
2023-05-11 14:40:21,m2401-C-3600,m2401-C-3600,107.5,0.0,0.0,0.0,2,49.0,0.0,0,107.5,0.0,0.0,0.0,0.0,0.0,5
2023-05-11 14:40:22,m2401-C-3600,m2401-C-3600,107.5,0.0,0.0,0.0,10,49.5,0.0,0,107.5,0.0,0.0,0.0,0.0,0.0,5
2023-05-11 14:40:22,m2401-C-3600,m2401-C-3600,107.5,0.0,0.0,0.0,2,50.0,0.0,0,107.5,0.0,0.0,0.0,0.0,0.0,5
2023-05-11 14:40:23,m2401-C-3600,m2401-C-3600,107.5,0.0,0.0,0.0,10,50.5,0.0,0,107.5,0.0,0.0,0.0,0.0,0.0,5
2023-05-11 14:40:23,m2401-C-3600,m2401-C-3600,107.5,0.0,0.0,0.0,2,51.0,0.0,0,107.5,0.0,0.0,0.0,0.0,0.0,5
2023-05-11 14:40:24,m2401-C-3600,m2401-C-3600,107.5,0.0,0.0,0.0,10,51.5,0.0,0,107.5,0.0,0.0,0.0,0.0,0.0,5
2023-05-11 14:40:24,m2401-C-3600,m2401-C-3600,107.5,0.0,0.0,0.0,2,52.0,0.0,0,107.5,0.0,0.0,0.0,0.0,0.0,5
2023-05-11 14:40:25,m2401-C-3600,m2401-C-3600,107.5,0.0,0.0,0.0,10,52.5,0.0,0,107.5,0.0,0.0,0.0,0.0,0.0,5
2023-05-11 14:40:25,m2401-C-3600,m2401-C-3600,107.5,0.0,0.0,0.0,2,53.0,0.0,0,107.5,0.0,0.0,0.0,0.0,0.0,5
2023-05-11 14:40:25,m2401-C-3600,m2401-C-3600,107.5,0.0,0.0,0.0,10,53.5,0.0,0,107.5,0.0,0.0,0.0,0.0,0.0,5
2023-05-11 14:40:26,m2401-C-3600,m2401-C-3600,107.5,0.0,0.0,0.0,2,54.0,0.0,0,107.5,0.0,0.0,0.0,0.0,0.0,5
2023-05-11 14:40:26,m2401-C-3600,m2401-C-3600,107.5,0.0,0.0,0.0,10,54.5,0.0,0,107.5,0.0,0.0,0.0,0.0,0.0,5
2023-05-11 14:40:27,m2401-C-3600,m2401-C-3600,107.5,0.0,0.0,0.0,2,55.0,0.0,0,107.5,0.0,0.0,0.0,0.0,0.0,5
2023-05-11 14:40:27,m2401-C-3600,m2401-C-3600,107.5,0.0,0.0,0.0,10,55.5,0.0,0,107.5,0.0,0.0,0.0,0.0,0.0,5
2023-05-11 14:40:28,m2401-C-3600,m2401-C-3600,107.5,0.0,0.0,0.0,2,56.0,0.0,0,107.5,0.0,0.0,0.0,0.0,0.0,5
2023-05-11 14:40:28,m2401-C-3600,m2401-C-3600,107.5,0.0,0.0,0.0,10,56.5,0.0,0,107.5,0.0,0.0,0.0,0.0,0.0,5
2023-05-11 14:59:02,m2401-C-3600,m2401-C-3600,107.5,0.0,0.0,0.0,1,9.5,0.0,0,107.5,0.0,0.0,0.0,0.0,0.0,5
2023-05-11 14:59:03,m2401-C-3600,m2401-C-3600,107.5,0.0,0.0,0.0,2,10.0,0.0,0,107.5,0.0,0.0,0.0,0.0,0.0,5
2023-05-11 14:59:05,m2401-C-3600,m2401-C-3600,107.5,0.0,0.0,0.0,10,10.5,0.0,0,107.5,0.0,0.0,0.0,0.0,0.0,5
2023-05-11 14:59:10,m2401-C-3600,m2401-C-3600,107.5,0.0,0.0,0.0,2,10.0,0.0,0,107.5,0.0,0.0,0.0,0.0,0.0,5
2023-05-11 15:01:09,m2401-C-3600,m2401-C-3600,107.5,0.0,0.0,0.0,2,10.0,0.0,0,107.5,0.0,0.0,0.0,0.0,0.0,5
