time,symbol_id,symbol_name,last,trade_volume,trade_amount,open_interest_change,bv1,bp1,ap1,av1,yesterday_close,today_open,today_high,today_low,volume,amount,open_interest
2023-05-09 20:59:00,c2309,c2309,2580.0,91.0,2347800.0,75.0,39,2579.0,2580.0,1011,2583.0,2580.0,2580.0,2580.0,91.0,2347800.0,329603
2023-05-09 21:00:00,c2309,c2309,2579.0,91.0,2347380.0,23.0,44,2578.0,2579.0,19,2583.0,2580.0,2580.0,2579.0,182.0,4695180.0,329626
2023-05-09 21:00:00,c2309,c2309,2579.0,36.0,928190.0,17.0,39,2578.0,2579.0,150,2583.0,2580.0,2580.0,2578.0,218.0,5623370.0,329643
2023-05-09 21:00:01,c2309,c2309,2578.0,48.0,1237750.0,-14.0,31,2578.0,2579.0,125,2583.0,2580.0,2580.0,2578.0,266.0,6861120.0,329629
2023-05-09 21:00:01,c2309,c2309,2577.0,43.0,1108500.0,-17.0,62,2577.0,2578.0,116,2583.0,2580.0,2580.0,2577.0,309.0,7969620.0,329612
2023-05-09 21:00:02,c2309,c2309,2579.0,123.0,3170930.0,10.0,78,2577.0,2579.0,121,2583.0,2580.0,2580.0,2577.0,432.0,11140550.0,329622
2023-05-09 21:00:02,c2309,c2309,2579.0,51.0,1314290.0,14.0,32,2577.0,2578.0,10,2583.0,2580.0,2580.0,2577.0,483.0,12454840.0,329636
2023-05-09 21:00:03,c2309,c2309,2578.0,10.0,257740.0,2.0,26,2577.0,2578.0,13,2583.0,2580.0,2580.0,2577.0,493.0,12712580.0,329638
2023-05-09 21:00:03,c2309,c2309,2578.0,13.0,335140.0,1.0,25,2577.0,2578.0,7,2583.0,2580.0,2580.0,2577.0,506.0,13047720.0,329639
2023-05-09 21:00:04,c2309,c2309,2577.0,5.0,128850.0,0.0,43,2576.0,2578.0,4,2583.0,2580.0,2580.0,2577.0,511.0,13176570.0,329639
2023-05-09 21:00:04,c2309,c2309,2577.0,14.0,360850.0,0.0,20,2577.0,2578.0,13,2583.0,2580.0,2580.0,2577.0,525.0,13537420.0,329639
2023-05-09 21:00:05,c2309,c2309,2577.0,15.0,386600.0,8.0,28,2577.0,2578.0,14,2583.0,2580.0,2580.0,2577.0,540.0,13924020.0,329647
2023-05-09 21:00:05,c2309,c2309,2577.0,18.0,464030.0,13.0,35,2577.0,2579.0,145,2583.0,2580.0,2580.0,2577.0,558.0,14388050.0,329660
2023-05-09 21:00:06,c2309,c2309,2577.0,5.0,128850.0,5.0,42,2577.0,2579.0,157,2583.0,2580.0,2580.0,2577.0,563.0,14516900.0,329665
2023-05-09 21:00:06,c2309,c2309,2578.0,8.0,206240.0,4.0,52,2577.0,2579.0,157,2583.0,2580.0,2580.0,2577.0,571.0,14723140.0,329669
2023-05-09 21:00:07,c2309,c2309,2578.0,6.0,154630.0,5.0,55,2577.0,2579.0,151,2583.0,2580.0,2580.0,2577.0,577.0,14877770.0,329674
2023-05-09 21:00:07,c2309,c2309,2579.0,1.0,25790.0,0.0,68,2577.0,2579.0,149,2583.0,2580.0,2580.0,2577.0,578.0,14903560.0,329674
2023-05-09 21:00:08,c2309,c2309,2577.0,58.0,1495010.0,13.0,111,2577.0,2578.0,1,2583.0,2580.0,2580.0,2577.0,636.0,16398570.0,329687
2023-05-09 21:00:08,c2309,c2309,2578.0,2.0,51560.0,0.0,1,2578.0,2579.0,145,2583.0,2580.0,2580.0,2577.0,638.0,16450130.0,329687
2023-05-09 21:00:09,c2309,c2309,2579.0,8.0,206270.0,1.0,90,2577.0,2579.0,157,2583.0,2580.0,2580.0,2577.0,646.0,16656400.0,329688
2023-05-09 21:00:09,c2309,c2309,2579.0,0.0,0.0,0.0,101,2577.0,2579.0,158,2583.0,2580.0,2580.0,2577.0,646.0,16656400.0,329688
2023-05-09 21:00:10,c2309,c2309,2578.0,6.0,154700.0,3.0,14,2578.0,2579.0,159,2583.0,2580.0,2580.0,2577.0,652.0,16811100.0,329691
2023-05-09 21:00:10,c2309,c2309,2579.0,62.0,1598100.0,43.0,85,2577.0,2579.0,151,2583.0,2580.0,2580.0,2577.0,714.0,18409200.0,329734
2023-05-09 21:00:11,c2309,c2309,2577.0,1.0,25770.0,0.0,40,2577.0,2579.0,151,2583.0,2580.0,2580.0,2577.0,715.0,18434970.0,329734
2023-05-09 21:00:11,c2309,c2309,2577.0,0.0,0.0,0.0,99,2577.0,2578.0,7,2583.0,2580.0,2580.0,2577.0,715.0,18434970.0,329734
2023-05-09 21:00:12,c2309,c2309,2579.0,13.0,335160.0,5.0,61,2577.0,2579.0,159,2583.0,2580.0,2580.0,2577.0,728.0,18770130.0,329739
2023-05-09 21:00:12,c2309,c2309,2578.0,1.0,25780.0,0.0,86,2577.0,2579.0,168,2583.0,2580.0,2580.0,2577.0,729.0,18795910.0,329739
2023-05-09 21:00:13,c2309,c2309,2578.0,3.0,77340.0,-2.0,5,2578.0,2579.0,182,2583.0,2580.0,2580.0,2577.0,732.0,18873250.0,329737
2023-05-09 21:00:13,c2309,c2309,2577.0,39.0,1005340.0,-11.0,64,2577.0,2578.0,20,2583.0,2580.0,2580.0,2577.0,771.0,19878590.0,329726
2023-05-09 21:00:14,c2309,c2309,2577.0,4.0,103090.0,0.0,77,2577.0,2578.0,21,2583.0,2580.0,2580.0,2577.0,775.0,19981680.0,329726
2023-05-09 21:00:14,c2309,c2309,2578.0,2.0,51560.0,0.0,59,2577.0,2578.0,38,2583.0,2580.0,2580.0,2577.0,777.0,20033240.0,329726
2023-05-09 21:00:15,c2309,c2309,2578.0,3.0,77340.0,0.0,59,2577.0,2578.0,56,2583.0,2580.0,2580.0,2577.0,780.0,20110580.0,329726
2023-05-09 21:00:15,c2309,c2309,2578.0,1.0,25780.0,-1.0,57,2577.0,2578.0,56,2583.0,2580.0,2580.0,2577.0,781.0,20136360.0,329725
2023-05-09 21:00:16,c2309,c2309,2577.0,61.0,1571990.0,8.0,54,2576.0,2578.0,60,2583.0,2580.0,2580.0,2577.0,842.0,21708350.0,329733
2023-05-09 21:00:16,c2309,c2309,2578.0,4.0,103100.0,-1.0,2,2577.0,2578.0,66,2583.0,2580.0,2580.0,2577.0,846.0,21811450.0,329732
2023-05-09 21:00:17,c2309,c2309,2578.0,0.0,0.0,0.0,9,2577.0,2578.0,63,2583.0,2580.0,2580.0,2577.0,846.0,21811450.0,329732
2023-05-09 21:00:17,c2309,c2309,2577.0,3.0,77320.0,0.0,2,2577.0,2578.0,89,2583.0,2580.0,2580.0,2577.0,849.0,21888770.0,329732
2023-05-09 21:00:18,c2309,c2309,2578.0,5.0,128870.0,-2.0,96,2576.0,2577.0,5,2583.0,2580.0,2580.0,2577.0,854.0,22017640.0,329730
2023-05-09 21:00:18,c2309,c2309,2578.0,22.0,566960.0,8.0,79,2576.0,2578.0,90,2583.0,2580.0,2580.0,2577.0,876.0,22584600.0,329738
2023-05-09 21:00:19,c2309,c2309,2578.0,1.0,25780.0,0.0,11,2577.0,2578.0,88,2583.0,2580.0,2580.0,2577.0,877.0,22610380.0,329738
2023-05-09 21:00:19,c2309,c2309,2577.0,2.0,51540.0,1.0,11,2577.0,2578.0,88,2583.0,2580.0,2580.0,2577.0,879.0,22661920.0,329739
2023-05-09 21:00:20,c2309,c2309,2577.0,0.0,0.0,0.0,12,2577.0,2578.0,89,2583.0,2580.0,2580.0,2577.0,879.0,22661920.0,329739
2023-05-09 21:00:20,c2309,c2309,2577.0,0.0,0.0,0.0,13,2577.0,2578.0,89,2583.0,2580.0,2580.0,2577.0,879.0,22661920.0,329739
2023-05-09 21:00:21,c2309,c2309,2577.0,0.0,0.0,0.0,13,2577.0,2578.0,93,2583.0,2580.0,2580.0,2577.0,879.0,22661920.0,329739
2023-05-09 21:00:21,c2309,c2309,2578.0,2.0,51550.0,0.0,12,2577.0,2578.0,92,2583.0,2580.0,2580.0,2577.0,881.0,22713470.0,329739
2023-05-09 21:00:22,c2309,c2309,2578.0,1.0,25780.0,0.0,12,2577.0,2578.0,82,2583.0,2580.0,2580.0,2577.0,882.0,22739250.0,329739
2023-05-09 21:00:22,c2309,c2309,2577.0,1.0,25770.0,0.0,11,2577.0,2578.0,82,2583.0,2580.0,2580.0,2577.0,883.0,22765020.0,329739
2023-05-09 21:00:23,c2309,c2309,2577.0,1.0,25770.0,-1.0,10,2577.0,2578.0,82,2583.0,2580.0,2580.0,2577.0,884.0,22790790.0,329738
2023-05-09 21:00:23,c2309,c2309,2577.0,10.0,257700.0,1.0,118,2576.0,2578.0,72,2583.0,2580.0,2580.0,2577.0,894.0,23048490.0,329739
2023-05-09 21:00:24,c2309,c2309,2578.0,1.0,25780.0,0.0,112,2576.0,2578.0,74,2583.0,2580.0,2580.0,2577.0,895.0,23074270.0,329739
2023-05-09 21:00:24,c2309,c2309,2577.0,3.0,77310.0,-1.0,146,2576.0,2578.0,78,2583.0,2580.0,2580.0,2577.0,898.0,23151580.0,329738
2023-05-09 21:00:25,c2309,c2309,2577.0,3.0,77310.0,0.0,7,2577.0,2578.0,82,2583.0,2580.0,2580.0,2577.0,901.0,23228890.0,329738
2023-05-09 21:00:25,c2309,c2309,2576.0,30.0,772870.0,17.0,91,2576.0,2577.0,79,2583.0,2580.0,2580.0,2576.0,931.0,24001760.0,329755
2023-05-09 21:00:26,c2309,c2309,2576.0,7.0,180330.0,2.0,33,2576.0,2577.0,81,2583.0,2580.0,2580.0,2576.0,938.0,24182090.0,329757
2023-05-09 21:00:26,c2309,c2309,2575.0,29.0,747030.0,15.0,34,2575.0,2576.0,150,2583.0,2580.0,2580.0,2575.0,967.0,24929120.0,329772
2023-05-09 21:00:27,c2309,c2309,2575.0,165.0,4249440.0,36.0,32,2574.0,2575.0,11,2583.0,2580.0,2580.0,2575.0,1132.0,29178560.0,329808
2023-05-09 21:00:27,c2309,c2309,2576.0,7.0,180260.0,4.0,15,2575.0,2576.0,94,2583.0,2580.0,2580.0,2575.0,1139.0,29358820.0,329812
2023-05-09 21:00:28,c2309,c2309,2576.0,96.0,2472960.0,74.0,49,2575.0,2576.0,6,2583.0,2580.0,2580.0,2575.0,1235.0,31831780.0,329886
2023-05-09 21:00:28,c2309,c2309,2576.0,22.0,566720.0,-1.0,86,2576.0,2577.0,120,2583.0,2580.0,2580.0,2575.0,1257.0,32398500.0,329885
2023-05-09 21:00:29,c2309,c2309,2576.0,6.0,154560.0,0.0,81,2576.0,2577.0,132,2583.0,2580.0,2580.0,2575.0,1263.0,32553060.0,329885
2023-05-09 21:00:29,c2309,c2309,2576.0,81.0,2086560.0,-3.0,71,2575.0,2577.0,73,2583.0,2580.0,2580.0,2575.0,1344.0,34639620.0,329882
2023-05-09 21:00:30,c2309,c2309,2575.0,12.0,309000.0,0.0,61,2575.0,2576.0,17,2583.0,2580.0,2580.0,2575.0,1356.0,34948620.0,329882
2023-05-09 21:00:30,c2309,c2309,2576.0,6.0,154520.0,-6.0,58,2575.0,2576.0,24,2583.0,2580.0,2580.0,2575.0,1362.0,35103140.0,329876
2023-05-09 21:00:31,c2309,c2309,2576.0,0.0,0.0,0.0,33,2575.0,2576.0,37,2583.0,2580.0,2580.0,2575.0,1362.0,35103140.0,329876
2023-05-09 21:00:31,c2309,c2309,2575.0,2.0,51500.0,0.0,25,2575.0,2576.0,66,2583.0,2580.0,2580.0,2575.0,1364.0,35154640.0,329876
2023-05-09 21:00:32,c2309,c2309,2576.0,2.0,51510.0,0.0,27,2575.0,2576.0,77,2583.0,2580.0,2580.0,2575.0,1366.0,35206150.0,329876
2023-05-09 21:00:32,c2309,c2309,2576.0,3.0,77260.0,-1.0,25,2575.0,2576.0,75,2583.0,2580.0,2580.0,2575.0,1369.0,35283410.0,329875
2023-05-09 21:00:33,c2309,c2309,2575.0,18.0,463520.0,-12.0,10,2575.0,2576.0,57,2583.0,2580.0,2580.0,2575.0,1387.0,35746930.0,329863
2023-05-09 21:00:33,c2309,c2309,2575.0,1.0,25750.0,0.0,9,2575.0,2576.0,66,2583.0,2580.0,2580.0,2575.0,1388.0,35772680.0,329863
2023-05-09 21:00:34,c2309,c2309,2576.0,2.0,51510.0,0.0,8,2575.0,2576.0,69,2583.0,2580.0,2580.0,2575.0,1390.0,35824190.0,329863
2023-05-09 21:00:34,c2309,c2309,2574.0,31.0,798030.0,11.0,22,2574.0,2575.0,4,2583.0,2580.0,2580.0,2574.0,1421.0,36622220.0,329874
2023-05-09 21:00:35,c2309,c2309,2574.0,67.0,1724610.0,15.0,72,2574.0,2575.0,162,2583.0,2580.0,2580.0,2574.0,1488.0,38346830.0,329889
2023-05-09 21:00:35,c2309,c2309,2575.0,12.0,308890.0,7.0,64,2574.0,2575.0,73,2583.0,2580.0,2580.0,2574.0,1500.0,38655720.0,329896
2023-05-09 21:00:36,c2309,c2309,2574.0,2.0,51480.0,0.0,77,2574.0,2575.0,44,2583.0,2580.0,2580.0,2574.0,1502.0,38707200.0,329896
2023-05-09 21:00:36,c2309,c2309,2575.0,3.0,77250.0,0.0,86,2574.0,2575.0,32,2583.0,2580.0,2580.0,2574.0,1505.0,38784450.0,329896
2023-05-09 21:00:37,c2309,c2309,2575.0,13.0,334730.0,7.0,86,2574.0,2575.0,16,2583.0,2580.0,2580.0,2574.0,1518.0,39119180.0,329903
2023-05-09 21:00:37,c2309,c2309,2575.0,1.0,25750.0,-1.0,88,2574.0,2575.0,21,2583.0,2580.0,2580.0,2574.0,1519.0,39144930.0,329902
2023-05-09 21:00:38,c2309,c2309,2574.0,6.0,154440.0,1.0,83,2574.0,2575.0,29,2583.0,2580.0,2580.0,2574.0,1525.0,39299370.0,329903
2023-05-09 21:00:38,c2309,c2309,2574.0,64.0,1647370.0,49.0,14,2574.0,2575.0,44,2583.0,2580.0,2580.0,2574.0,1589.0,40946740.0,329952
2023-05-09 21:00:39,c2309,c2309,2574.0,34.0,875160.0,-9.0,241,2573.0,2574.0,24,2583.0,2580.0,2580.0,2574.0,1623.0,41821900.0,329943
2023-05-09 21:00:39,c2309,c2309,2574.0,33.0,849420.0,2.0,233,2573.0,2575.0,67,2583.0,2580.0,2580.0,2574.0,1656.0,42671320.0,329945
2023-05-09 21:00:40,c2309,c2309,2574.0,8.0,205920.0,1.0,5,2574.0,2575.0,80,2583.0,2580.0,2580.0,2574.0,1664.0,42877240.0,329946
2023-05-09 21:00:40,c2309,c2309,2574.0,32.0,823680.0,8.0,168,2573.0,2574.0,69,2583.0,2580.0,2580.0,2574.0,1696.0,43700920.0,329954
2023-05-09 21:00:41,c2309,c2309,2574.0,62.0,1595880.0,-22.0,166,2573.0,2575.0,42,2583.0,2580.0,2580.0,2574.0,1758.0,45296800.0,329932
2023-05-09 21:00:41,c2309,c2309,2573.0,53.0,1364000.0,9.0,144,2573.0,2575.0,118,2583.0,2580.0,2580.0,2573.0,1811.0,46660800.0,329941
2023-05-09 21:00:42,c2309,c2309,2573.0,2.0,51460.0,0.0,146,2573.0,2575.0,79,2583.0,2580.0,2580.0,2573.0,1813.0,46712260.0,329941
2023-05-09 21:00:42,c2309,c2309,2573.0,1.0,25730.0,1.0,219,2573.0,2575.0,60,2583.0,2580.0,2580.0,2573.0,1814.0,46737990.0,329942
2023-05-09 21:00:43,c2309,c2309,2573.0,1.0,25730.0,1.0,195,2573.0,2575.0,60,2583.0,2580.0,2580.0,2573.0,1815.0,46763720.0,329943
2023-05-09 21:00:43,c2309,c2309,2573.0,0.0,0.0,0.0,186,2573.0,2575.0,87,2583.0,2580.0,2580.0,2573.0,1815.0,46763720.0,329943
2023-05-09 21:00:44,c2309,c2309,2573.0,0.0,0.0,0.0,162,2573.0,2575.0,65,2583.0,2580.0,2580.0,2573.0,1815.0,46763720.0,329943
2023-05-09 21:00:44,c2309,c2309,2573.0,40.0,1029200.0,9.0,122,2573.0,2574.0,19,2583.0,2580.0,2580.0,2573.0,1855.0,47792920.0,329952
2023-05-09 21:00:45,c2309,c2309,2573.0,55.0,1415150.0,-1.0,71,2573.0,2574.0,5,2583.0,2580.0,2580.0,2573.0,1910.0,49208070.0,329951
2023-05-09 21:00:45,c2309,c2309,2574.0,1.0,25740.0,0.0,100,2573.0,2574.0,16,2583.0,2580.0,2580.0,2573.0,1911.0,49233810.0,329951
2023-05-09 21:00:46,c2309,c2309,2574.0,46.0,1183660.0,-39.0,70,2573.0,2574.0,6,2583.0,2580.0,2580.0,2573.0,1957.0,50417470.0,329912
2023-05-09 21:00:46,c2309,c2309,2574.0,22.0,566270.0,-1.0,82,2573.0,2574.0,18,2583.0,2580.0,2580.0,2573.0,1979.0,50983740.0,329911
2023-05-09 21:00:47,c2309,c2309,2573.0,119.0,3061320.0,25.0,164,2572.0,2574.0,43,2583.0,2580.0,2580.0,2572.0,2098.0,54045060.0,329936
2023-05-09 21:00:47,c2309,c2309,2574.0,34.0,874830.0,-17.0,175,2572.0,2574.0,128,2583.0,2580.0,2580.0,2572.0,2132.0,54919890.0,329919
2023-05-09 21:00:48,c2309,c2309,2573.0,15.0,385930.0,0.0,163,2572.0,2574.0,82,2583.0,2580.0,2580.0,2572.0,2147.0,55305820.0,329919
2023-05-09 21:00:48,c2309,c2309,2573.0,60.0,1543290.0,-34.0,116,2572.0,2573.0,32,2583.0,2580.0,2580.0,2572.0,2207.0,56849110.0,329885
2023-05-09 21:00:49,c2309,c2309,2573.0,41.0,1054530.0,2.0,73,2572.0,2573.0,54,2583.0,2580.0,2580.0,2572.0,2248.0,57903640.0,329887
2023-05-09 21:00:49,c2309,c2309,2572.0,59.0,1517480.0,-37.0,54,2571.0,2572.0,17,2583.0,2580.0,2580.0,2572.0,2307.0,59421120.0,329850
2023-05-09 21:00:50,c2309,c2309,2571.0,103.0,2648150.0,-31.0,255,2570.0,2571.0,49,2583.0,2580.0,2580.0,2571.0,2410.0,62069270.0,329819
2023-05-09 21:00:50,c2309,c2309,2572.0,50.0,1285510.0,-25.0,2,2571.0,2572.0,186,2583.0,2580.0,2580.0,2571.0,2460.0,63354780.0,329794
2023-05-09 21:00:51,c2309,c2309,2571.0,15.0,385650.0,1.0,256,2570.0,2571.0,36,2583.0,2580.0,2580.0,2571.0,2475.0,63740430.0,329795
2023-05-09 21:00:51,c2309,c2309,2571.0,39.0,1002690.0,-9.0,1,2571.0,2572.0,215,2583.0,2580.0,2580.0,2571.0,2514.0,64743120.0,329786
2023-05-09 21:00:52,c2309,c2309,2570.0,7.0,179920.0,5.0,264,2570.0,2571.0,41,2583.0,2580.0,2580.0,2570.0,2521.0,64923040.0,329791
2023-05-09 21:00:52,c2309,c2309,2571.0,92.0,2364460.0,-40.0,177,2570.0,2571.0,40,2583.0,2580.0,2580.0,2570.0,2613.0,67287500.0,329751
2023-05-09 21:00:53,c2309,c2309,2571.0,23.0,591130.0,-3.0,158,2570.0,2571.0,38,2583.0,2580.0,2580.0,2570.0,2636.0,67878630.0,329748
2023-05-09 21:00:53,c2309,c2309,2571.0,8.0,205630.0,-2.0,153,2570.0,2571.0,89,2583.0,2580.0,2580.0,2570.0,2644.0,68084260.0,329746
2023-05-09 21:00:54,c2309,c2309,2570.0,7.0,179920.0,1.0,131,2570.0,2571.0,92,2583.0,2580.0,2580.0,2570.0,2651.0,68264180.0,329747
2023-05-09 21:00:54,c2309,c2309,2570.0,0.0,0.0,0.0,123,2570.0,2571.0,90,2583.0,2580.0,2580.0,2570.0,2651.0,68264180.0,329747
2023-05-09 21:00:55,c2309,c2309,2570.0,0.0,0.0,0.0,73,2570.0,2571.0,94,2583.0,2580.0,2580.0,2570.0,2651.0,68264180.0,329747
2023-05-09 21:00:55,c2309,c2309,2571.0,1.0,25710.0,1.0,74,2570.0,2571.0,95,2583.0,2580.0,2580.0,2570.0,2652.0,68289890.0,329748
2023-05-09 21:00:56,c2309,c2309,2571.0,0.0,0.0,0.0,69,2570.0,2571.0,97,2583.0,2580.0,2580.0,2570.0,2652.0,68289890.0,329748
2023-05-09 21:00:56,c2309,c2309,2571.0,0.0,0.0,0.0,75,2570.0,2571.0,95,2583.0,2580.0,2580.0,2570.0,2652.0,68289890.0,329748
2023-05-09 21:00:57,c2309,c2309,2571.0,60.0,1542020.0,22.0,10,2570.0,2571.0,219,2583.0,2580.0,2580.0,2570.0,2712.0,69831910.0,329770
2023-05-09 21:00:57,c2309,c2309,2570.0,10.0,257000.0,-2.0,100,2569.0,2570.0,16,2583.0,2580.0,2580.0,2570.0,2722.0,70088910.0,329768
2023-05-09 21:00:58,c2309,c2309,2570.0,8.0,205590.0,5.0,122,2569.0,2570.0,30,2583.0,2580.0,2580.0,2569.0,2730.0,70294500.0,329773
2023-05-09 21:00:58,c2309,c2309,2569.0,2.0,51390.0,1.0,13,2569.0,2570.0,225,2583.0,2580.0,2580.0,2569.0,2732.0,70345890.0,329774
2023-05-09 21:00:59,c2309,c2309,2569.0,42.0,1078780.0,-10.0,4,2569.0,2570.0,228,2583.0,2580.0,2580.0,2568.0,2774.0,71424670.0,329764
2023-05-09 21:00:59,c2309,c2309,2569.0,9.0,231210.0,4.0,80,2568.0,2569.0,70,2583.0,2580.0,2580.0,2568.0,2783.0,71655880.0,329768
2023-05-09 21:01:00,c2309,c2309,2569.0,17.0,436730.0,-7.0,86,2568.0,2569.0,141,2583.0,2580.0,2580.0,2568.0,2800.0,72092610.0,329761
2023-05-09 21:01:00,c2309,c2309,2569.0,16.0,411040.0,8.0,116,2568.0,2569.0,22,2583.0,2580.0,2580.0,2568.0,2816.0,72503650.0,329769
2023-05-09 21:01:01,c2309,c2309,2569.0,26.0,667940.0,-21.0,6,2569.0,2570.0,68,2583.0,2580.0,2580.0,2568.0,2842.0,73171590.0,329748
2023-05-09 21:01:01,c2309,c2309,2568.0,75.0,1926230.0,-46.0,79,2568.0,2569.0,13,2583.0,2580.0,2580.0,2568.0,2917.0,75097820.0,329702
2023-05-09 21:01:02,c2309,c2309,2568.0,59.0,1515130.0,6.0,29,2568.0,2569.0,93,2583.0,2580.0,2580.0,2568.0,2976.0,76612950.0,329708
2023-05-09 21:01:02,c2309,c2309,2568.0,47.0,1206920.0,6.0,124,2567.0,2569.0,99,2583.0,2580.0,2580.0,2567.0,3023.0,77819870.0,329714
2023-05-09 21:01:03,c2309,c2309,2569.0,28.0,719080.0,-5.0,34,2568.0,2569.0,95,2583.0,2580.0,2580.0,2567.0,3051.0,78538950.0,329709
2023-05-09 21:01:03,c2309,c2309,2569.0,1.0,25690.0,1.0,67,2568.0,2569.0,38,2583.0,2580.0,2580.0,2567.0,3052.0,78564640.0,329710
2023-05-09 21:01:04,c2309,c2309,2569.0,76.0,1952440.0,-40.0,1,2569.0,2570.0,128,2583.0,2580.0,2580.0,2567.0,3128.0,80517080.0,329670
2023-05-09 21:01:04,c2309,c2309,2569.0,32.0,821830.0,20.0,55,2568.0,2569.0,19,2583.0,2580.0,2580.0,2567.0,3160.0,81338910.0,329690
2023-05-09 21:01:05,c2309,c2309,2568.0,55.0,1412600.0,7.0,60,2568.0,2569.0,24,2583.0,2580.0,2580.0,2567.0,3215.0,82751510.0,329697
2023-05-09 21:01:05,c2309,c2309,2568.0,45.0,1155910.0,-1.0,98,2568.0,2570.0,137,2583.0,2580.0,2580.0,2567.0,3260.0,83907420.0,329696
2023-05-09 21:01:06,c2309,c2309,2570.0,11.0,282500.0,6.0,130,2568.0,2570.0,136,2583.0,2580.0,2580.0,2567.0,3271.0,84189920.0,329702
2023-05-09 21:01:06,c2309,c2309,2568.0,75.0,1926050.0,10.0,55,2568.0,2569.0,36,2583.0,2580.0,2580.0,2567.0,3346.0,86115970.0,329712
2023-05-09 21:01:07,c2309,c2309,2567.0,108.0,2772760.0,81.0,195,2567.0,2568.0,25,2583.0,2580.0,2580.0,2567.0,3454.0,88888730.0,329793
2023-05-09 21:01:07,c2309,c2309,2567.0,4.0,102680.0,3.0,45,2567.0,2568.0,34,2583.0,2580.0,2580.0,2567.0,3458.0,88991410.0,329796
2023-05-09 21:01:08,c2309,c2309,2567.0,105.0,2695350.0,-58.0,65,2566.0,2567.0,81,2583.0,2580.0,2580.0,2567.0,3563.0,91686760.0,329738
2023-05-09 21:01:08,c2309,c2309,2567.0,6.0,154020.0,0.0,54,2566.0,2567.0,96,2583.0,2580.0,2580.0,2567.0,3569.0,91840780.0,329738
2023-05-09 21:01:09,c2309,c2309,2567.0,96.0,2464320.0,-12.0,101,2566.0,2568.0,73,2583.0,2580.0,2580.0,2567.0,3665.0,94305100.0,329726
2023-05-09 21:01:09,c2309,c2309,2567.0,0.0,0.0,0.0,109,2566.0,2568.0,84,2583.0,2580.0,2580.0,2567.0,3665.0,94305100.0,329726
2023-05-09 21:01:10,c2309,c2309,2566.0,17.0,436220.0,-10.0,94,2566.0,2567.0,14,2583.0,2580.0,2580.0,2566.0,3682.0,94741320.0,329716
2023-05-09 21:01:10,c2309,c2309,2567.0,59.0,1514250.0,33.0,15,2566.0,2567.0,18,2583.0,2580.0,2580.0,2566.0,3741.0,96255570.0,329749
2023-05-09 21:01:11,c2309,c2309,2566.0,4.0,102650.0,2.0,2,2566.0,2567.0,54,2583.0,2580.0,2580.0,2566.0,3745.0,96358220.0,329751
2023-05-09 21:01:11,c2309,c2309,2566.0,0.0,0.0,0.0,2,2566.0,2567.0,71,2583.0,2580.0,2580.0,2566.0,3745.0,96358220.0,329751
2023-05-09 21:01:12,c2309,c2309,2566.0,9.0,231000.0,8.0,377,2565.0,2567.0,73,2583.0,2580.0,2580.0,2566.0,3754.0,96589220.0,329759
2023-05-09 21:01:12,c2309,c2309,2567.0,20.0,513210.0,0.0,23,2566.0,2567.0,111,2583.0,2580.0,2580.0,2566.0,3774.0,97102430.0,329759
2023-05-09 21:01:13,c2309,c2309,2567.0,0.0,0.0,0.0,24,2566.0,2567.0,89,2583.0,2580.0,2580.0,2566.0,3774.0,97102430.0,329759
2023-05-09 21:01:13,c2309,c2309,2566.0,28.0,718480.0,-16.0,378,2565.0,2566.0,67,2583.0,2580.0,2580.0,2566.0,3802.0,97820910.0,329743
2023-05-09 21:01:14,c2309,c2309,2566.0,7.0,179610.0,-1.0,4,2566.0,2567.0,170,2583.0,2580.0,2580.0,2565.0,3809.0,98000520.0,329742
2023-05-09 21:01:14,c2309,c2309,2566.0,2.0,51320.0,2.0,28,2566.0,2567.0,170,2583.0,2580.0,2580.0,2565.0,3811.0,98051840.0,329744
2023-05-09 21:01:15,c2309,c2309,2567.0,12.0,307940.0,5.0,188,2565.0,2567.0,168,2583.0,2580.0,2580.0,2565.0,3823.0,98359780.0,329749
2023-05-09 21:01:15,c2309,c2309,2566.0,1.0,25660.0,0.0,36,2566.0,2567.0,168,2583.0,2580.0,2580.0,2565.0,3824.0,98385440.0,329749
2023-05-09 21:01:16,c2309,c2309,2566.0,2.0,51330.0,2.0,47,2566.0,2567.0,167,2583.0,2580.0,2580.0,2565.0,3826.0,98436770.0,329751
2023-05-09 21:01:16,c2309,c2309,2566.0,61.0,1565630.0,-5.0,68,2566.0,2568.0,206,2583.0,2580.0,2580.0,2565.0,3887.0,100002400.0,329746
2023-05-09 21:01:17,c2309,c2309,2566.0,5.0,128300.0,5.0,71,2566.0,2568.0,81,2583.0,2580.0,2580.0,2565.0,3892.0,100130700.0,329751
2023-05-09 21:01:17,c2309,c2309,2567.0,7.0,179690.0,-3.0,60,2566.0,2567.0,185,2583.0,2580.0,2580.0,2565.0,3899.0,100310390.0,329748
2023-05-09 21:01:18,c2309,c2309,2565.0,82.0,2103880.0,35.0,1,2566.0,2567.0,236,2583.0,2580.0,2580.0,2565.0,3981.0,102414270.0,329783
2023-05-09 21:01:18,c2309,c2309,2566.0,5.0,128340.0,0.0,3,2566.0,2567.0,232,2583.0,2580.0,2580.0,2565.0,3986.0,102542610.0,329783
2023-05-09 21:01:19,c2309,c2309,2566.0,3.0,77000.0,0.0,90,2566.0,2567.0,60,2583.0,2580.0,2580.0,2565.0,3989.0,102619610.0,329783
2023-05-09 21:01:19,c2309,c2309,2566.0,28.0,718740.0,24.0,39,2566.0,2568.0,249,2583.0,2580.0,2580.0,2565.0,4017.0,103338350.0,329807
2023-05-09 21:01:20,c2309,c2309,2566.0,46.0,1180430.0,33.0,69,2566.0,2568.0,229,2583.0,2580.0,2580.0,2565.0,4063.0,104518780.0,329840
2023-05-09 21:01:20,c2309,c2309,2566.0,10.0,256680.0,-8.0,82,2566.0,2567.0,7,2583.0,2580.0,2580.0,2565.0,4073.0,104775460.0,329832
2023-05-09 21:01:21,c2309,c2309,2568.0,23.0,590420.0,-4.0,34,2566.0,2568.0,228,2583.0,2580.0,2580.0,2565.0,4096.0,105365880.0,329828
2023-05-09 21:01:21,c2309,c2309,2567.0,38.0,975320.0,11.0,76,2566.0,2568.0,228,2583.0,2580.0,2580.0,2565.0,4134.0,106341200.0,329839
2023-05-09 21:01:22,c2309,c2309,2567.0,0.0,0.0,0.0,10,2567.0,2568.0,229,2583.0,2580.0,2580.0,2565.0,4134.0,106341200.0,329839
2023-05-09 21:01:22,c2309,c2309,2568.0,48.0,1232640.0,22.0,10,2568.0,2569.0,233,2583.0,2580.0,2580.0,2565.0,4182.0,107573840.0,329861
2023-05-09 21:01:23,c2309,c2309,2568.0,2.0,51360.0,-1.0,22,2568.0,2569.0,57,2583.0,2580.0,2580.0,2565.0,4184.0,107625200.0,329860
2023-05-09 21:01:23,c2309,c2309,2568.0,0.0,0.0,0.0,35,2568.0,2569.0,48,2583.0,2580.0,2580.0,2565.0,4184.0,107625200.0,329860
2023-05-09 21:01:24,c2309,c2309,2568.0,0.0,0.0,0.0,36,2568.0,2569.0,48,2583.0,2580.0,2580.0,2565.0,4184.0,107625200.0,329860
2023-05-09 21:01:24,c2309,c2309,2568.0,0.0,0.0,0.0,41,2568.0,2569.0,53,2583.0,2580.0,2580.0,2565.0,4184.0,107625200.0,329860
2023-05-09 21:01:25,c2309,c2309,2568.0,3.0,77060.0,-2.0,53,2568.0,2569.0,46,2583.0,2580.0,2580.0,2565.0,4187.0,107702260.0,329858
2023-05-09 21:01:25,c2309,c2309,2569.0,55.0,1412950.0,29.0,54,2568.0,2569.0,2,2583.0,2580.0,2580.0,2565.0,4242.0,109115210.0,329887
2023-05-09 21:01:26,c2309,c2309,2568.0,5.0,128400.0,0.0,49,2568.0,2569.0,10,2583.0,2580.0,2580.0,2565.0,4247.0,109243610.0,329887
2023-05-09 21:01:26,c2309,c2309,2569.0,2.0,51370.0,1.0,44,2568.0,2569.0,10,2583.0,2580.0,2580.0,2565.0,4249.0,109294980.0,329888
2023-05-09 21:01:27,c2309,c2309,2568.0,4.0,102720.0,3.0,40,2568.0,2569.0,10,2583.0,2580.0,2580.0,2565.0,4253.0,109397700.0,329891
2023-05-09 21:01:27,c2309,c2309,2568.0,1.0,25680.0,0.0,40,2568.0,2569.0,9,2583.0,2580.0,2580.0,2565.0,4254.0,109423380.0,329891
2023-05-09 21:01:27,c2309,c2309,2568.0,0.0,0.0,0.0,42,2568.0,2569.0,9,2583.0,2580.0,2580.0,2565.0,4254.0,109423380.0,329891
2023-05-09 21:01:28,c2309,c2309,2568.0,21.0,539280.0,-4.0,20,2568.0,2569.0,30,2583.0,2580.0,2580.0,2565.0,4275.0,109962660.0,329887
2023-05-09 21:01:29,c2309,c2309,2568.0,7.0,179820.0,-5.0,31,2568.0,2569.0,24,2583.0,2580.0,2580.0,2565.0,4282.0,110142480.0,329882
2023-05-09 21:01:29,c2309,c2309,2568.0,105.0,2696430.0,-52.0,76,2567.0,2568.0,303,2583.0,2580.0,2580.0,2565.0,4387.0,112838910.0,329830
2023-05-09 21:01:30,c2309,c2309,2568.0,32.0,821760.0,-7.0,79,2567.0,2568.0,301,2583.0,2580.0,2580.0,2565.0,4419.0,113660670.0,329823
2023-05-09 21:01:30,c2309,c2309,2568.0,17.0,436560.0,-15.0,127,2567.0,2568.0,284,2583.0,2580.0,2580.0,2565.0,4436.0,114097230.0,329808
2023-05-09 21:01:31,c2309,c2309,2568.0,6.0,154080.0,-3.0,142,2567.0,2568.0,278,2583.0,2580.0,2580.0,2565.0,4442.0,114251310.0,329805
2023-05-09 21:01:31,c2309,c2309,2568.0,14.0,359500.0,-8.0,86,2567.0,2568.0,273,2583.0,2580.0,2580.0,2565.0,4456.0,114610810.0,329797
2023-05-09 21:01:32,c2309,c2309,2567.0,1.0,25670.0,1.0,75,2567.0,2568.0,302,2583.0,2580.0,2580.0,2565.0,4457.0,114636480.0,329798
2023-05-09 21:01:32,c2309,c2309,2568.0,1.0,25680.0,0.0,50,2567.0,2568.0,299,2583.0,2580.0,2580.0,2565.0,4458.0,114662160.0,329798
2023-05-09 21:01:33,c2309,c2309,2568.0,3.0,77040.0,-2.0,82,2567.0,2568.0,293,2583.0,2580.0,2580.0,2565.0,4461.0,114739200.0,329796
2023-05-09 21:01:33,c2309,c2309,2568.0,8.0,205390.0,5.0,86,2567.0,2568.0,288,2583.0,2580.0,2580.0,2565.0,4469.0,114944590.0,329801
2023-05-09 21:01:34,c2309,c2309,2568.0,7.0,179750.0,1.0,98,2567.0,2568.0,283,2583.0,2580.0,2580.0,2565.0,4476.0,115124340.0,329802
2023-05-09 21:01:35,c2309,c2309,2568.0,1.0,25680.0,0.0,99,2567.0,2568.0,283,2583.0,2580.0,2580.0,2565.0,4477.0,115150020.0,329802
2023-05-09 21:01:35,c2309,c2309,2567.0,5.0,128350.0,5.0,94,2567.0,2568.0,283,2583.0,2580.0,2580.0,2565.0,4482.0,115278370.0,329807
2023-05-09 21:01:36,c2309,c2309,2568.0,42.0,1078150.0,17.0,70,2567.0,2568.0,295,2583.0,2580.0,2580.0,2565.0,4524.0,116356520.0,329824
2023-05-09 21:01:36,c2309,c2309,2567.0,51.0,1309670.0,-50.0,94,2567.0,2568.0,240,2583.0,2580.0,2580.0,2565.0,4575.0,117666190.0,329774
2023-05-09 21:01:37,c2309,c2309,2568.0,25.0,641800.0,-9.0,48,2567.0,2568.0,222,2583.0,2580.0,2580.0,2565.0,4600.0,118307990.0,329765
2023-05-09 21:01:37,c2309,c2309,2568.0,1.0,25680.0,0.0,37,2567.0,2568.0,228,2583.0,2580.0,2580.0,2565.0,4601.0,118333670.0,329765
2023-05-09 21:01:38,c2309,c2309,2568.0,0.0,0.0,0.0,43,2567.0,2568.0,221,2583.0,2580.0,2580.0,2565.0,4601.0,118333670.0,329765
2023-05-09 21:01:38,c2309,c2309,2568.0,12.0,308160.0,-12.0,51,2567.0,2568.0,215,2583.0,2580.0,2580.0,2565.0,4613.0,118641830.0,329753
2023-05-09 21:01:39,c2309,c2309,2566.0,61.0,1565770.0,23.0,43,2566.0,2567.0,16,2583.0,2580.0,2580.0,2565.0,4674.0,120207600.0,329776
2023-05-09 21:01:39,c2309,c2309,2567.0,29.0,744430.0,-24.0,55,2566.0,2567.0,85,2583.0,2580.0,2580.0,2565.0,4703.0,120952030.0,329752
2023-05-09 21:01:40,c2309,c2309,2566.0,42.0,1077820.0,11.0,171,2565.0,2567.0,120,2583.0,2580.0,2580.0,2565.0,4745.0,122029850.0,329763
2023-05-09 21:01:40,c2309,c2309,2566.0,18.0,461880.0,0.0,6,2566.0,2567.0,75,2583.0,2580.0,2580.0,2565.0,4763.0,122491730.0,329763
2023-05-09 21:01:41,c2309,c2309,2566.0,6.0,153960.0,4.0,280,2565.0,2566.0,41,2583.0,2580.0,2580.0,2565.0,4769.0,122645690.0,329767
2023-05-09 21:01:41,c2309,c2309,2566.0,13.0,333580.0,-10.0,129,2566.0,2567.0,30,2583.0,2580.0,2580.0,2565.0,4782.0,122979270.0,329757
2023-05-09 21:01:42,c2309,c2309,2567.0,80.0,2053600.0,-42.0,94,2566.0,2567.0,28,2583.0,2580.0,2580.0,2565.0,4862.0,125032870.0,329715
2023-05-09 21:01:42,c2309,c2309,2567.0,5.0,128350.0,5.0,100,2566.0,2567.0,33,2583.0,2580.0,2580.0,2565.0,4867.0,125161220.0,329720
2023-05-09 21:01:43,c2309,c2309,2566.0,57.0,1462620.0,-10.0,377,2565.0,2566.0,5,2583.0,2580.0,2580.0,2565.0,4924.0,126623840.0,329710
2023-05-09 21:01:43,c2309,c2309,2566.0,6.0,153960.0,6.0,364,2565.0,2567.0,55,2583.0,2580.0,2580.0,2565.0,4930.0,126777800.0,329716
2023-05-09 21:01:44,c2309,c2309,2565.0,31.0,795150.0,-21.0,1,2566.0,2567.0,219,2583.0,2580.0,2580.0,2565.0,4961.0,127572950.0,329695
2023-05-09 21:01:44,c2309,c2309,2566.0,1.0,25660.0,1.0,345,2565.0,2566.0,9,2583.0,2580.0,2580.0,2565.0,4962.0,127598610.0,329696
2023-05-09 21:01:45,c2309,c2309,2566.0,0.0,0.0,0.0,130,2565.0,2566.0,218,2583.0,2580.0,2580.0,2565.0,4962.0,127598610.0,329696
2023-05-09 21:01:45,c2309,c2309,2566.0,5.0,128260.0,-2.0,132,2565.0,2566.0,223,2583.0,2580.0,2580.0,2565.0,4967.0,127726870.0,329694
2023-05-09 21:01:46,c2309,c2309,2566.0,9.0,230900.0,-4.0,151,2565.0,2566.0,221,2583.0,2580.0,2580.0,2565.0,4976.0,127957770.0,329690
2023-05-09 21:01:46,c2309,c2309,2566.0,0.0,0.0,0.0,154,2565.0,2566.0,221,2583.0,2580.0,2580.0,2565.0,4976.0,127957770.0,329690
2023-05-09 21:01:47,c2309,c2309,2566.0,1.0,25660.0,1.0,164,2565.0,2566.0,220,2583.0,2580.0,2580.0,2565.0,4977.0,127983430.0,329691
2023-05-09 21:01:47,c2309,c2309,2565.0,9.0,230850.0,0.0,166,2565.0,2566.0,221,2583.0,2580.0,2580.0,2565.0,4986.0,128214280.0,329691
2023-05-09 21:01:48,c2309,c2309,2566.0,2.0,51320.0,0.0,162,2565.0,2566.0,218,2583.0,2580.0,2580.0,2565.0,4988.0,128265600.0,329691
2023-05-09 21:01:48,c2309,c2309,2566.0,8.0,205280.0,6.0,161,2565.0,2566.0,211,2583.0,2580.0,2580.0,2565.0,4996.0,128470880.0,329697
2023-05-09 21:01:49,c2309,c2309,2565.0,168.0,4309200.0,-84.0,217,2564.0,2565.0,19,2583.0,2580.0,2580.0,2565.0,5164.0,132780080.0,329613
2023-05-09 21:01:49,c2309,c2309,2566.0,137.0,3514720.0,42.0,247,2564.0,2566.0,73,2583.0,2580.0,2580.0,2564.0,5301.0,136294800.0,329655
2023-05-09 21:01:50,c2309,c2309,2566.0,2.0,51310.0,0.0,247,2564.0,2566.0,92,2583.0,2580.0,2580.0,2564.0,5303.0,136346110.0,329655
2023-05-09 21:01:50,c2309,c2309,2565.0,21.0,538460.0,1.0,236,2564.0,2565.0,14,2583.0,2580.0,2580.0,2564.0,5324.0,136884570.0,329656
2023-05-09 21:01:51,c2309,c2309,2563.0,340.0,8717040.0,66.0,102,2563.0,2564.0,758,2583.0,2580.0,2580.0,2563.0,5664.0,145601610.0,329722
2023-05-09 21:01:51,c2309,c2309,2563.0,10.0,256380.0,2.0,99,2563.0,2564.0,760,2583.0,2580.0,2580.0,2563.0,5674.0,145857990.0,329724
2023-05-09 21:01:52,c2309,c2309,2563.0,1.0,25630.0,-1.0,101,2563.0,2564.0,755,2583.0,2580.0,2580.0,2563.0,5675.0,145883620.0,329723
2023-05-09 21:01:52,c2309,c2309,2564.0,3.0,76920.0,1.0,93,2563.0,2564.0,757,2583.0,2580.0,2580.0,2563.0,5678.0,145960540.0,329724
2023-05-09 21:01:53,c2309,c2309,2564.0,4.0,102560.0,3.0,94,2563.0,2564.0,755,2583.0,2580.0,2580.0,2563.0,5682.0,146063100.0,329727
2023-05-09 21:01:53,c2309,c2309,2563.0,101.0,2588690.0,-70.0,176,2562.0,2564.0,750,2583.0,2580.0,2580.0,2563.0,5783.0,148651790.0,329657
2023-05-09 21:01:54,c2309,c2309,2562.0,5.0,128100.0,0.0,196,2562.0,2563.0,11,2583.0,2580.0,2580.0,2562.0,5788.0,148779890.0,329657
2023-05-09 21:01:54,c2309,c2309,2563.0,22.0,563660.0,-17.0,176,2562.0,2563.0,312,2583.0,2580.0,2580.0,2562.0,5810.0,149343550.0,329640
2023-05-09 21:01:55,c2309,c2309,2563.0,3.0,76890.0,3.0,180,2562.0,2563.0,414,2583.0,2580.0,2580.0,2562.0,5813.0,149420440.0,329643
2023-05-09 21:01:55,c2309,c2309,2563.0,3.0,76890.0,0.0,175,2562.0,2563.0,412,2583.0,2580.0,2580.0,2562.0,5816.0,149497330.0,329643
2023-05-09 21:01:56,c2309,c2309,2563.0,1.0,25630.0,-1.0,157,2562.0,2563.0,423,2583.0,2580.0,2580.0,2562.0,5817.0,149522960.0,329642
2023-05-09 21:01:56,c2309,c2309,2563.0,9.0,230670.0,-1.0,182,2562.0,2563.0,410,2583.0,2580.0,2580.0,2562.0,5826.0,149753630.0,329641
2023-05-09 21:01:57,c2309,c2309,2563.0,0.0,0.0,0.0,186,2562.0,2563.0,414,2583.0,2580.0,2580.0,2562.0,5826.0,149753630.0,329641
2023-05-09 21:01:57,c2309,c2309,2562.0,2.0,51250.0,0.0,180,2562.0,2563.0,416,2583.0,2580.0,2580.0,2562.0,5828.0,149804880.0,329641
2023-05-09 21:01:58,c2309,c2309,2562.0,2.0,51240.0,-2.0,162,2562.0,2563.0,414,2583.0,2580.0,2580.0,2562.0,5830.0,149856120.0,329639
2023-05-09 21:01:58,c2309,c2309,2563.0,6.0,153780.0,6.0,154,2562.0,2563.0,423,2583.0,2580.0,2580.0,2562.0,5836.0,150009900.0,329645
2023-05-09 21:01:59,c2309,c2309,2562.0,2.0,51240.0,0.0,152,2562.0,2563.0,424,2583.0,2580.0,2580.0,2562.0,5838.0,150061140.0,329645
2023-05-09 21:01:59,c2309,c2309,2563.0,16.0,410000.0,-3.0,147,2562.0,2563.0,318,2583.0,2580.0,2580.0,2562.0,5854.0,150471140.0,329642
2023-05-09 21:02:00,c2309,c2309,2562.0,10.0,256290.0,1.0,149,2562.0,2563.0,308,2583.0,2580.0,2580.0,2562.0,5864.0,150727430.0,329643
2023-05-09 21:02:00,c2309,c2309,2563.0,51.0,1307130.0,51.0,146,2562.0,2563.0,257,2583.0,2580.0,2580.0,2562.0,5915.0,152034560.0,329694
2023-05-09 21:02:01,c2309,c2309,2563.0,2.0,51260.0,0.0,153,2562.0,2563.0,252,2583.0,2580.0,2580.0,2562.0,5917.0,152085820.0,329694
2023-05-09 21:02:01,c2309,c2309,2563.0,0.0,0.0,0.0,153,2562.0,2563.0,254,2583.0,2580.0,2580.0,2562.0,5917.0,152085820.0,329694
2023-05-09 21:02:02,c2309,c2309,2562.0,100.0,2562000.0,-84.0,43,2562.0,2563.0,258,2583.0,2580.0,2580.0,2562.0,6017.0,154647820.0,329610
2023-05-09 21:02:02,c2309,c2309,2562.0,3.0,76860.0,1.0,39,2562.0,2563.0,262,2583.0,2580.0,2580.0,2562.0,6020.0,154724680.0,329611
2023-05-09 21:02:03,c2309,c2309,2562.0,39.0,999180.0,-26.0,1,2562.0,2563.0,279,2583.0,2580.0,2580.0,2562.0,6059.0,155723860.0,329585
2023-05-09 21:02:03,c2309,c2309,2562.0,34.0,871080.0,2.0,156,2561.0,2562.0,94,2583.0,2580.0,2580.0,2562.0,6093.0,156594940.0,329587
2023-05-09 21:02:04,c2309,c2309,2562.0,5.0,128100.0,5.0,181,2561.0,2562.0,10,2583.0,2580.0,2580.0,2562.0,6098.0,156723040.0,329592
2023-05-09 21:02:04,c2309,c2309,2563.0,19.0,486870.0,4.0,49,2562.0,2563.0,312,2583.0,2580.0,2580.0,2562.0,6117.0,157209910.0,329596
2023-05-09 21:02:05,c2309,c2309,2563.0,2.0,51260.0,2.0,79,2562.0,2563.0,252,2583.0,2580.0,2580.0,2562.0,6119.0,157261170.0,329598
2023-05-09 21:02:05,c2309,c2309,2563.0,231.0,5920530.0,220.0,19,2563.0,2564.0,806,2583.0,2580.0,2580.0,2562.0,6350.0,163181700.0,329818
2023-05-09 21:02:06,c2309,c2309,2563.0,0.0,0.0,0.0,42,2563.0,2564.0,796,2583.0,2580.0,2580.0,2562.0,6350.0,163181700.0,329818
2023-05-09 21:02:06,c2309,c2309,2563.0,3.0,76900.0,0.0,41,2563.0,2564.0,796,2583.0,2580.0,2580.0,2562.0,6353.0,163258600.0,329818
2023-05-09 21:02:07,c2309,c2309,2564.0,1.0,25640.0,0.0,40,2563.0,2564.0,795,2583.0,2580.0,2580.0,2562.0,6354.0,163284240.0,329818
2023-05-09 21:02:07,c2309,c2309,2563.0,42.0,1076460.0,7.0,232,2562.0,2563.0,28,2583.0,2580.0,2580.0,2562.0,6396.0,164360700.0,329825
2023-05-09 21:02:08,c2309,c2309,2564.0,25.0,640760.0,9.0,214,2562.0,2564.0,820,2583.0,2580.0,2580.0,2562.0,6421.0,165001460.0,329834
2023-05-09 21:02:08,c2309,c2309,2563.0,1.0,25630.0,0.0,3,2563.0,2564.0,821,2583.0,2580.0,2580.0,2562.0,6422.0,165027090.0,329834
2023-05-09 21:02:09,c2309,c2309,2564.0,5.0,128160.0,0.0,223,2562.0,2564.0,820,2583.0,2580.0,2580.0,2562.0,6427.0,165155250.0,329834
2023-05-09 21:02:09,c2309,c2309,2563.0,54.0,1384010.0,-53.0,110,2562.0,2564.0,746,2583.0,2580.0,2580.0,2562.0,6481.0,166539260.0,329781
2023-05-09 21:02:10,c2309,c2309,2563.0,70.0,1794210.0,-21.0,109,2562.0,2564.0,755,2583.0,2580.0,2580.0,2562.0,6551.0,168333470.0,329760
2023-05-09 21:02:10,c2309,c2309,2564.0,37.0,948350.0,-32.0,4,2563.0,2564.0,745,2583.0,2580.0,2580.0,2562.0,6588.0,169281820.0,329728
2023-05-09 21:02:11,c2309,c2309,2564.0,0.0,0.0,0.0,7,2563.0,2564.0,745,2583.0,2580.0,2580.0,2562.0,6588.0,169281820.0,329728
2023-05-09 21:02:11,c2309,c2309,2564.0,3.0,76910.0,1.0,2,2563.0,2564.0,746,2583.0,2580.0,2580.0,2562.0,6591.0,169358730.0,329729
2023-05-09 21:02:12,c2309,c2309,2563.0,13.0,333220.0,3.0,20,2563.0,2564.0,740,2583.0,2580.0,2580.0,2562.0,6604.0,169691950.0,329732
2023-05-09 21:02:12,c2309,c2309,2563.0,1.0,25630.0,0.0,83,2563.0,2564.0,740,2583.0,2580.0,2580.0,2562.0,6605.0,169717580.0,329732
2023-05-09 21:02:13,c2309,c2309,2564.0,713.0,18281320.0,420.0,89,2564.0,2565.0,31,2583.0,2580.0,2580.0,2562.0,7318.0,187998900.0,330152
2023-05-09 21:02:13,c2309,c2309,2565.0,26.0,666910.0,11.0,59,2565.0,2566.0,62,2583.0,2580.0,2580.0,2562.0,7344.0,188665810.0,330163
2023-05-09 21:02:14,c2309,c2309,2566.0,1.0,25660.0,0.0,60,2565.0,2566.0,61,2583.0,2580.0,2580.0,2562.0,7345.0,188691470.0,330163
2023-05-09 21:02:14,c2309,c2309,2566.0,0.0,0.0,0.0,65,2565.0,2566.0,60,2583.0,2580.0,2580.0,2562.0,7345.0,188691470.0,330163
2023-05-09 21:02:15,c2309,c2309,2565.0,39.0,1000730.0,-15.0,92,2565.0,2567.0,92,2583.0,2580.0,2580.0,2562.0,7384.0,189692200.0,330148
2023-05-09 21:02:15,c2309,c2309,2567.0,1.0,25670.0,0.0,83,2566.0,2567.0,54,2583.0,2580.0,2580.0,2562.0,7385.0,189717870.0,330148
2023-05-09 21:02:16,c2309,c2309,2567.0,2.0,51340.0,0.0,96,2566.0,2567.0,52,2583.0,2580.0,2580.0,2562.0,7387.0,189769210.0,330148
2023-05-09 21:02:16,c2309,c2309,2567.0,64.0,1642890.0,-32.0,32,2567.0,2568.0,139,2583.0,2580.0,2580.0,2562.0,7451.0,191412100.0,330116
2023-05-09 21:02:17,c2309,c2309,2568.0,22.0,564840.0,-8.0,55,2567.0,2568.0,39,2583.0,2580.0,2580.0,2562.0,7473.0,191976940.0,330108
2023-05-09 21:02:17,c2309,c2309,2567.0,28.0,718760.0,4.0,49,2566.0,2567.0,18,2583.0,2580.0,2580.0,2562.0,7501.0,192695700.0,330112
2023-05-09 21:02:18,c2309,c2309,2567.0,0.0,0.0,0.0,87,2566.0,2567.0,27,2583.0,2580.0,2580.0,2562.0,7501.0,192695700.0,330112
2023-05-09 21:02:18,c2309,c2309,2567.0,0.0,0.0,0.0,86,2566.0,2567.0,18,2583.0,2580.0,2580.0,2562.0,7501.0,192695700.0,330112
2023-05-09 21:02:19,c2309,c2309,2567.0,2.0,51330.0,1.0,83,2566.0,2567.0,22,2583.0,2580.0,2580.0,2562.0,7503.0,192747030.0,330113
2023-05-09 21:02:19,c2309,c2309,2566.0,1.0,25660.0,0.0,82,2566.0,2567.0,28,2583.0,2580.0,2580.0,2562.0,7504.0,192772690.0,330113
2023-05-09 21:02:20,c2309,c2309,2566.0,2.0,51320.0,1.0,80,2566.0,2567.0,28,2583.0,2580.0,2580.0,2562.0,7506.0,192824010.0,330114
2023-05-09 21:02:20,c2309,c2309,2566.0,0.0,0.0,0.0,62,2566.0,2567.0,114,2583.0,2580.0,2580.0,2562.0,7506.0,192824010.0,330114
2023-05-09 21:02:21,c2309,c2309,2566.0,28.0,718480.0,-8.0,9,2566.0,2567.0,122,2583.0,2580.0,2580.0,2562.0,7534.0,193542490.0,330106
2023-05-09 21:02:21,c2309,c2309,2566.0,10.0,256600.0,-5.0,102,2565.0,2566.0,4,2583.0,2580.0,2580.0,2562.0,7544.0,193799090.0,330101
2023-05-09 21:02:22,c2309,c2309,2566.0,0.0,0.0,0.0,135,2565.0,2567.0,137,2583.0,2580.0,2580.0,2562.0,7544.0,193799090.0,330101
2023-05-09 21:02:22,c2309,c2309,2567.0,3.0,77000.0,-3.0,135,2565.0,2567.0,135,2583.0,2580.0,2580.0,2562.0,7547.0,193876090.0,330098
2023-05-09 21:02:22,c2309,c2309,2567.0,0.0,0.0,0.0,10,2566.0,2567.0,137,2583.0,2580.0,2580.0,2562.0,7547.0,193876090.0,330098
2023-05-09 21:02:23,c2309,c2309,2566.0,6.0,153960.0,0.0,4,2566.0,2567.0,134,2583.0,2580.0,2580.0,2562.0,7553.0,194030050.0,330098
2023-05-09 21:02:24,c2309,c2309,2566.0,0.0,0.0,0.0,19,2566.0,2567.0,134,2583.0,2580.0,2580.0,2562.0,7553.0,194030050.0,330098
2023-05-09 21:02:24,c2309,c2309,2567.0,2.0,51340.0,-1.0,29,2566.0,2567.0,133,2583.0,2580.0,2580.0,2562.0,7555.0,194081390.0,330097
2023-05-09 21:02:25,c2309,c2309,2567.0,0.0,0.0,0.0,29,2566.0,2567.0,112,2583.0,2580.0,2580.0,2562.0,7555.0,194081390.0,330097
2023-05-09 21:02:25,c2309,c2309,2567.0,1.0,25670.0,-1.0,57,2566.0,2567.0,6,2583.0,2580.0,2580.0,2562.0,7556.0,194107060.0,330096
2023-05-09 21:02:26,c2309,c2309,2566.0,93.0,2386390.0,19.0,97,2565.0,2566.0,209,2583.0,2580.0,2580.0,2562.0,7649.0,196493450.0,330115
2023-05-09 21:02:26,c2309,c2309,2566.0,2.0,51320.0,1.0,108,2565.0,2566.0,207,2583.0,2580.0,2580.0,2562.0,7651.0,196544770.0,330116
2023-05-09 21:02:27,c2309,c2309,2566.0,0.0,0.0,0.0,90,2565.0,2566.0,234,2583.0,2580.0,2580.0,2562.0,7651.0,196544770.0,330116
2023-05-09 21:02:27,c2309,c2309,2566.0,104.0,2668640.0,99.0,90,2565.0,2566.0,145,2583.0,2580.0,2580.0,2562.0,7755.0,199213410.0,330215
2023-05-09 21:02:28,c2309,c2309,2566.0,2.0,51320.0,2.0,106,2565.0,2566.0,137,2583.0,2580.0,2580.0,2562.0,7757.0,199264730.0,330217
2023-05-09 21:02:28,c2309,c2309,2566.0,0.0,0.0,0.0,159,2565.0,2566.0,137,2583.0,2580.0,2580.0,2562.0,7757.0,199264730.0,330217
2023-05-09 21:02:29,c2309,c2309,2566.0,1.0,25660.0,0.0,154,2565.0,2566.0,149,2583.0,2580.0,2580.0,2562.0,7758.0,199290390.0,330217
2023-05-09 21:02:29,c2309,c2309,2565.0,2.0,51300.0,0.0,132,2565.0,2566.0,149,2583.0,2580.0,2580.0,2562.0,7760.0,199341690.0,330217
2023-05-09 21:02:30,c2309,c2309,2565.0,8.0,205270.0,-1.0,96,2565.0,2566.0,230,2583.0,2580.0,2580.0,2562.0,7768.0,199546960.0,330216
2023-05-09 21:02:30,c2309,c2309,2566.0,4.0,102640.0,0.0,45,2565.0,2566.0,232,2583.0,2580.0,2580.0,2562.0,7772.0,199649600.0,330216
2023-05-09 21:02:31,c2309,c2309,2565.0,33.0,846460.0,4.0,195,2564.0,2565.0,43,2583.0,2580.0,2580.0,2562.0,7805.0,200496060.0,330220
2023-05-09 21:02:31,c2309,c2309,2565.0,6.0,153900.0,6.0,187,2564.0,2565.0,53,2583.0,2580.0,2580.0,2562.0,7811.0,200649960.0,330226
2023-05-09 21:02:32,c2309,c2309,2565.0,0.0,0.0,0.0,244,2564.0,2565.0,7,2583.0,2580.0,2580.0,2562.0,7811.0,200649960.0,330226
2023-05-09 21:02:32,c2309,c2309,2565.0,0.0,0.0,0.0,230,2564.0,2565.0,13,2583.0,2580.0,2580.0,2562.0,7811.0,200649960.0,330226
2023-05-09 21:02:33,c2309,c2309,2565.0,0.0,0.0,0.0,244,2564.0,2565.0,13,2583.0,2580.0,2580.0,2562.0,7811.0,200649960.0,330226
2023-05-09 21:02:33,c2309,c2309,2565.0,1.0,25650.0,1.0,245,2564.0,2565.0,15,2583.0,2580.0,2580.0,2562.0,7812.0,200675610.0,330227
2023-05-09 21:02:34,c2309,c2309,2565.0,0.0,0.0,0.0,220,2564.0,2565.0,33,2583.0,2580.0,2580.0,2562.0,7812.0,200675610.0,330227
2023-05-09 21:02:34,c2309,c2309,2565.0,0.0,0.0,0.0,227,2564.0,2565.0,42,2583.0,2580.0,2580.0,2562.0,7812.0,200675610.0,330227
2023-05-09 21:02:35,c2309,c2309,2565.0,7.0,179550.0,-6.0,245,2564.0,2565.0,42,2583.0,2580.0,2580.0,2562.0,7819.0,200855160.0,330221
2023-05-09 21:02:35,c2309,c2309,2564.0,10.0,256400.0,-7.0,211,2564.0,2565.0,36,2583.0,2580.0,2580.0,2562.0,7829.0,201111560.0,330214
2023-05-09 21:02:36,c2309,c2309,2564.0,5.0,128200.0,0.0,197,2564.0,2565.0,42,2583.0,2580.0,2580.0,2562.0,7834.0,201239760.0,330214
2023-05-09 21:02:36,c2309,c2309,2564.0,0.0,0.0,0.0,211,2564.0,2565.0,42,2583.0,2580.0,2580.0,2562.0,7834.0,201239760.0,330214
2023-05-09 21:02:37,c2309,c2309,2564.0,1.0,25640.0,-1.0,206,2564.0,2565.0,119,2583.0,2580.0,2580.0,2562.0,7835.0,201265400.0,330213
2023-05-09 21:02:37,c2309,c2309,2564.0,0.0,0.0,0.0,189,2564.0,2565.0,128,2583.0,2580.0,2580.0,2562.0,7835.0,201265400.0,330213
2023-05-09 21:02:38,c2309,c2309,2565.0,5.0,128250.0,5.0,189,2564.0,2565.0,124,2583.0,2580.0,2580.0,2562.0,7840.0,201393650.0,330218
2023-05-09 21:02:38,c2309,c2309,2564.0,36.0,923040.0,10.0,127,2564.0,2565.0,123,2583.0,2580.0,2580.0,2562.0,7876.0,202316690.0,330228
2023-05-09 21:02:39,c2309,c2309,2564.0,0.0,0.0,0.0,127,2564.0,2565.0,133,2583.0,2580.0,2580.0,2562.0,7876.0,202316690.0,330228
2023-05-09 21:02:39,c2309,c2309,2565.0,1.0,25650.0,1.0,132,2564.0,2565.0,132,2583.0,2580.0,2580.0,2562.0,7877.0,202342340.0,330229
2023-05-09 21:02:40,c2309,c2309,2565.0,0.0,0.0,0.0,134,2564.0,2565.0,132,2583.0,2580.0,2580.0,2562.0,7877.0,202342340.0,330229
2023-05-09 21:02:40,c2309,c2309,2565.0,0.0,0.0,0.0,139,2564.0,2565.0,84,2583.0,2580.0,2580.0,2562.0,7877.0,202342340.0,330229
2023-05-09 21:02:41,c2309,c2309,2565.0,0.0,0.0,0.0,205,2564.0,2565.0,16,2583.0,2580.0,2580.0,2562.0,7877.0,202342340.0,330229
2023-05-09 21:02:41,c2309,c2309,2564.0,3.0,76930.0,0.0,149,2564.0,2565.0,128,2583.0,2580.0,2580.0,2562.0,7880.0,202419270.0,330229
2023-05-09 21:02:42,c2309,c2309,2564.0,5.0,128220.0,3.0,176,2564.0,2565.0,148,2583.0,2580.0,2580.0,2562.0,7885.0,202547490.0,330232
2023-05-09 21:02:42,c2309,c2309,2565.0,2.0,51300.0,0.0,174,2564.0,2565.0,139,2583.0,2580.0,2580.0,2562.0,7887.0,202598790.0,330232
2023-05-09 21:02:43,c2309,c2309,2565.0,46.0,1179900.0,-17.0,89,2565.0,2566.0,176,2583.0,2580.0,2580.0,2562.0,7933.0,203778690.0,330215
2023-05-09 21:02:43,c2309,c2309,2565.0,10.0,256500.0,1.0,130,2565.0,2566.0,182,2583.0,2580.0,2580.0,2562.0,7943.0,204035190.0,330216
2023-05-09 21:02:44,c2309,c2309,2565.0,0.0,0.0,0.0,133,2565.0,2566.0,182,2583.0,2580.0,2580.0,2562.0,7943.0,204035190.0,330216
2023-05-09 21:02:44,c2309,c2309,2565.0,0.0,0.0,0.0,138,2565.0,2566.0,180,2583.0,2580.0,2580.0,2562.0,7943.0,204035190.0,330216
2023-05-09 21:02:45,c2309,c2309,2565.0,0.0,0.0,0.0,61,2565.0,2566.0,211,2583.0,2580.0,2580.0,2562.0,7943.0,204035190.0,330216
2023-05-09 21:02:45,c2309,c2309,2566.0,1.0,25660.0,1.0,71,2565.0,2566.0,201,2583.0,2580.0,2580.0,2562.0,7944.0,204060850.0,330217
2023-05-09 21:02:46,c2309,c2309,2566.0,1.0,25660.0,0.0,62,2565.0,2566.0,144,2583.0,2580.0,2580.0,2562.0,7945.0,204086510.0,330217
2023-05-09 21:02:46,c2309,c2309,2566.0,2.0,51320.0,0.0,116,2565.0,2566.0,141,2583.0,2580.0,2580.0,2562.0,7947.0,204137830.0,330217
2023-05-09 21:02:47,c2309,c2309,2566.0,3.0,76980.0,0.0,149,2565.0,2566.0,115,2583.0,2580.0,2580.0,2562.0,7950.0,204214810.0,330217
2023-05-09 21:02:47,c2309,c2309,2566.0,2.0,51320.0,0.0,122,2565.0,2566.0,113,2583.0,2580.0,2580.0,2562.0,7952.0,204266130.0,330217
2023-05-09 21:02:48,c2309,c2309,2566.0,3.0,76960.0,3.0,139,2565.0,2566.0,112,2583.0,2580.0,2580.0,2562.0,7955.0,204343090.0,330220
2023-05-09 21:02:48,c2309,c2309,2566.0,0.0,0.0,0.0,102,2565.0,2566.0,146,2583.0,2580.0,2580.0,2562.0,7955.0,204343090.0,330220
2023-05-09 21:02:49,c2309,c2309,2566.0,1.0,25660.0,0.0,87,2565.0,2566.0,144,2583.0,2580.0,2580.0,2562.0,7956.0,204368750.0,330220
2023-05-09 21:02:49,c2309,c2309,2566.0,0.0,0.0,0.0,81,2565.0,2566.0,147,2583.0,2580.0,2580.0,2562.0,7956.0,204368750.0,330220
2023-05-09 21:02:50,c2309,c2309,2566.0,0.0,0.0,0.0,76,2565.0,2566.0,131,2583.0,2580.0,2580.0,2562.0,7956.0,204368750.0,330220
2023-05-09 21:02:50,c2309,c2309,2566.0,0.0,0.0,0.0,76,2565.0,2566.0,208,2583.0,2580.0,2580.0,2562.0,7956.0,204368750.0,330220
2023-05-09 21:02:51,c2309,c2309,2566.0,20.0,513200.0,10.0,53,2565.0,2566.0,195,2583.0,2580.0,2580.0,2562.0,7976.0,204881950.0,330230
2023-05-09 21:02:51,c2309,c2309,2566.0,0.0,0.0,0.0,58,2565.0,2566.0,161,2583.0,2580.0,2580.0,2562.0,7976.0,204881950.0,330230
2023-05-09 21:02:52,c2309,c2309,2566.0,42.0,1077720.0,0.0,74,2565.0,2566.0,100,2583.0,2580.0,2580.0,2562.0,8018.0,205959670.0,330230
2023-05-09 21:02:52,c2309,c2309,2565.0,5.0,128280.0,0.0,81,2565.0,2566.0,82,2583.0,2580.0,2580.0,2562.0,8023.0,206087950.0,330230
2023-05-09 21:02:53,c2309,c2309,2566.0,2.0,51320.0,0.0,47,2565.0,2566.0,122,2583.0,2580.0,2580.0,2562.0,8025.0,206139270.0,330230
2023-05-09 21:02:53,c2309,c2309,2566.0,1.0,25660.0,0.0,47,2565.0,2566.0,171,2583.0,2580.0,2580.0,2562.0,8026.0,206164930.0,330230
2023-05-09 21:02:54,c2309,c2309,2565.0,71.0,1821150.0,37.0,282,2564.0,2565.0,29,2583.0,2580.0,2580.0,2562.0,8097.0,207986080.0,330267
2023-05-09 21:02:54,c2309,c2309,2565.0,34.0,872100.0,28.0,182,2564.0,2566.0,164,2583.0,2580.0,2580.0,2562.0,8131.0,208858180.0,330295
2023-05-09 21:02:55,c2309,c2309,2566.0,2.0,51320.0,0.0,90,2565.0,2566.0,75,2583.0,2580.0,2580.0,2562.0,8133.0,208909500.0,330295
2023-05-09 21:02:55,c2309,c2309,2566.0,3.0,76980.0,0.0,55,2565.0,2566.0,155,2583.0,2580.0,2580.0,2562.0,8136.0,208986480.0,330295
2023-05-09 21:02:56,c2309,c2309,2566.0,1.0,25660.0,0.0,87,2565.0,2566.0,158,2583.0,2580.0,2580.0,2562.0,8137.0,209012140.0,330295
2023-05-09 21:02:56,c2309,c2309,2566.0,1.0,25660.0,0.0,87,2565.0,2566.0,158,2583.0,2580.0,2580.0,2562.0,8138.0,209037800.0,330295
2023-05-09 21:02:57,c2309,c2309,2565.0,68.0,1744200.0,4.0,20,2565.0,2566.0,94,2583.0,2580.0,2580.0,2562.0,8206.0,210782000.0,330299
2023-05-09 21:02:57,c2309,c2309,2565.0,19.0,487350.0,0.0,271,2564.0,2566.0,77,2583.0,2580.0,2580.0,2562.0,8225.0,211269350.0,330299
2023-05-09 21:02:58,c2309,c2309,2566.0,2.0,51320.0,2.0,313,2564.0,2566.0,111,2583.0,2580.0,2580.0,2562.0,8227.0,211320670.0,330301
2023-05-09 21:02:58,c2309,c2309,2565.0,5.0,128250.0,0.0,278,2564.0,2565.0,31,2583.0,2580.0,2580.0,2562.0,8232.0,211448920.0,330301
2023-05-09 21:02:59,c2309,c2309,2565.0,0.0,0.0,0.0,274,2564.0,2565.0,64,2583.0,2580.0,2580.0,2562.0,8232.0,211448920.0,330301
2023-05-09 21:02:59,c2309,c2309,2565.0,0.0,0.0,0.0,277,2564.0,2565.0,62,2583.0,2580.0,2580.0,2562.0,8232.0,211448920.0,330301
2023-05-09 21:03:00,c2309,c2309,2565.0,0.0,0.0,0.0,279,2564.0,2565.0,57,2583.0,2580.0,2580.0,2562.0,8232.0,211448920.0,330301
2023-05-09 21:03:00,c2309,c2309,2564.0,16.0,410240.0,-3.0,342,2564.0,2565.0,147,2583.0,2580.0,2580.0,2562.0,8248.0,211859160.0,330298
2023-05-09 21:03:01,c2309,c2309,2565.0,4.0,102570.0,2.0,285,2564.0,2565.0,70,2583.0,2580.0,2580.0,2562.0,8252.0,211961730.0,330300
2023-05-09 21:03:01,c2309,c2309,2565.0,12.0,307800.0,12.0,299,2564.0,2565.0,45,2583.0,2580.0,2580.0,2562.0,8264.0,212269530.0,330312
2023-05-09 21:03:02,c2309,c2309,2565.0,0.0,0.0,0.0,303,2564.0,2565.0,54,2583.0,2580.0,2580.0,2562.0,8264.0,212269530.0,330312
2023-05-09 21:03:03,c2309,c2309,2565.0,10.0,256500.0,5.0,303,2564.0,2565.0,62,2583.0,2580.0,2580.0,2562.0,8274.0,212526030.0,330317
2023-05-09 21:03:04,c2309,c2309,2565.0,0.0,0.0,0.0,303,2564.0,2565.0,63,2583.0,2580.0,2580.0,2562.0,8274.0,212526030.0,330317
2023-05-09 21:03:04,c2309,c2309,2565.0,6.0,153900.0,-1.0,304,2564.0,2565.0,52,2583.0,2580.0,2580.0,2562.0,8280.0,212679930.0,330316
2023-05-09 21:03:05,c2309,c2309,2565.0,2.0,51300.0,-2.0,308,2564.0,2565.0,43,2583.0,2580.0,2580.0,2562.0,8282.0,212731230.0,330314
2023-05-09 21:03:05,c2309,c2309,2565.0,44.0,1128600.0,-9.0,85,2565.0,2566.0,105,2583.0,2580.0,2580.0,2562.0,8326.0,213859830.0,330305
2023-05-09 21:03:06,c2309,c2309,2566.0,2.0,51310.0,-1.0,172,2565.0,2566.0,98,2583.0,2580.0,2580.0,2562.0,8328.0,213911140.0,330304
2023-05-09 21:03:06,c2309,c2309,2565.0,2.0,51310.0,-1.0,160,2565.0,2566.0,83,2583.0,2580.0,2580.0,2562.0,8330.0,213962450.0,330303
2023-05-09 21:03:07,c2309,c2309,2566.0,1.0,25660.0,0.0,149,2565.0,2566.0,121,2583.0,2580.0,2580.0,2562.0,8331.0,213988110.0,330303
2023-05-09 21:03:07,c2309,c2309,2565.0,15.0,384780.0,-1.0,130,2565.0,2566.0,83,2583.0,2580.0,2580.0,2562.0,8346.0,214372890.0,330302
2023-05-09 21:03:08,c2309,c2309,2566.0,7.0,179620.0,0.0,152,2565.0,2566.0,76,2583.0,2580.0,2580.0,2562.0,8353.0,214552510.0,330302
2023-05-09 21:03:08,c2309,c2309,2565.0,20.0,513000.0,-20.0,137,2565.0,2566.0,163,2583.0,2580.0,2580.0,2562.0,8373.0,215065510.0,330282
2023-05-09 21:03:09,c2309,c2309,2565.0,0.0,0.0,0.0,92,2565.0,2566.0,209,2583.0,2580.0,2580.0,2562.0,8373.0,215065510.0,330282
2023-05-09 21:03:09,c2309,c2309,2565.0,0.0,0.0,0.0,87,2565.0,2566.0,206,2583.0,2580.0,2580.0,2562.0,8373.0,215065510.0,330282
2023-05-09 21:03:10,c2309,c2309,2565.0,0.0,0.0,0.0,96,2565.0,2566.0,206,2583.0,2580.0,2580.0,2562.0,8373.0,215065510.0,330282
2023-05-09 21:03:10,c2309,c2309,2565.0,1.0,25650.0,-1.0,83,2565.0,2566.0,241,2583.0,2580.0,2580.0,2562.0,8374.0,215091160.0,330281
2023-05-09 21:03:11,c2309,c2309,2565.0,37.0,949050.0,-12.0,5,2565.0,2566.0,268,2583.0,2580.0,2580.0,2562.0,8411.0,216040210.0,330269
2023-05-09 21:03:11,c2309,c2309,2565.0,3.0,76950.0,0.0,2,2565.0,2566.0,251,2583.0,2580.0,2580.0,2562.0,8414.0,216117160.0,330269
2023-05-09 21:03:12,c2309,c2309,2565.0,0.0,0.0,0.0,3,2565.0,2566.0,252,2583.0,2580.0,2580.0,2562.0,8414.0,216117160.0,330269
2023-05-09 21:03:12,c2309,c2309,2565.0,0.0,0.0,0.0,3,2565.0,2566.0,260,2583.0,2580.0,2580.0,2562.0,8414.0,216117160.0,330269
2023-05-09 21:03:13,c2309,c2309,2566.0,1.0,25660.0,0.0,5,2565.0,2566.0,256,2583.0,2580.0,2580.0,2562.0,8415.0,216142820.0,330269
2023-05-09 21:03:13,c2309,c2309,2566.0,2.0,51310.0,-1.0,27,2565.0,2566.0,207,2583.0,2580.0,2580.0,2562.0,8417.0,216194130.0,330268
2023-05-09 21:03:14,c2309,c2309,2566.0,12.0,307920.0,-3.0,88,2565.0,2566.0,66,2583.0,2580.0,2580.0,2562.0,8429.0,216502050.0,330265
2023-05-09 21:03:14,c2309,c2309,2566.0,0.0,0.0,0.0,144,2565.0,2566.0,22,2583.0,2580.0,2580.0,2562.0,8429.0,216502050.0,330265
2023-05-09 21:03:15,c2309,c2309,2566.0,0.0,0.0,0.0,144,2565.0,2566.0,37,2583.0,2580.0,2580.0,2562.0,8429.0,216502050.0,330265
2023-05-09 21:03:15,c2309,c2309,2566.0,0.0,0.0,0.0,155,2565.0,2566.0,37,2583.0,2580.0,2580.0,2562.0,8429.0,216502050.0,330265
2023-05-09 21:03:16,c2309,c2309,2566.0,1.0,25660.0,0.0,155,2565.0,2566.0,31,2583.0,2580.0,2580.0,2562.0,8430.0,216527710.0,330265
2023-05-09 21:03:17,c2309,c2309,2566.0,0.0,0.0,0.0,140,2565.0,2566.0,232,2583.0,2580.0,2580.0,2562.0,8430.0,216527710.0,330265
2023-05-09 21:03:17,c2309,c2309,2566.0,0.0,0.0,0.0,131,2565.0,2566.0,244,2583.0,2580.0,2580.0,2562.0,8430.0,216527710.0,330265
2023-05-09 21:03:18,c2309,c2309,2565.0,55.0,1410750.0,-38.0,65,2565.0,2566.0,315,2583.0,2580.0,2580.0,2562.0,8485.0,217938460.0,330227
2023-05-09 21:03:18,c2309,c2309,2565.0,0.0,0.0,0.0,192,2565.0,2566.0,338,2583.0,2580.0,2580.0,2562.0,8485.0,217938460.0,330227
2023-05-09 21:03:19,c2309,c2309,2565.0,0.0,0.0,0.0,187,2565.0,2566.0,332,2583.0,2580.0,2580.0,2562.0,8485.0,217938460.0,330227
2023-05-09 21:03:19,c2309,c2309,2565.0,10.0,256500.0,8.0,180,2565.0,2566.0,316,2583.0,2580.0,2580.0,2562.0,8495.0,218194960.0,330235
2023-05-09 21:03:20,c2309,c2309,2565.0,0.0,0.0,0.0,184,2565.0,2566.0,322,2583.0,2580.0,2580.0,2562.0,8495.0,218194960.0,330235
2023-05-09 21:03:20,c2309,c2309,2565.0,0.0,0.0,0.0,184,2565.0,2566.0,275,2583.0,2580.0,2580.0,2562.0,8495.0,218194960.0,330235
2023-05-09 21:03:21,c2309,c2309,2566.0,3.0,76980.0,-3.0,184,2565.0,2566.0,262,2583.0,2580.0,2580.0,2562.0,8498.0,218271940.0,330232
2023-05-09 21:03:21,c2309,c2309,2566.0,0.0,0.0,0.0,185,2565.0,2566.0,268,2583.0,2580.0,2580.0,2562.0,8498.0,218271940.0,330232
2023-05-09 21:03:22,c2309,c2309,2566.0,2.0,51320.0,-1.0,177,2565.0,2566.0,266,2583.0,2580.0,2580.0,2562.0,8500.0,218323260.0,330231
2023-05-09 21:03:23,c2309,c2309,2566.0,9.0,230930.0,-7.0,171,2565.0,2566.0,258,2583.0,2580.0,2580.0,2562.0,8509.0,218554190.0,330224
2023-05-09 21:03:23,c2309,c2309,2565.0,1.0,25650.0,1.0,169,2565.0,2566.0,258,2583.0,2580.0,2580.0,2562.0,8510.0,218579840.0,330225
2023-05-09 21:03:24,c2309,c2309,2566.0,1.0,25660.0,-1.0,169,2565.0,2566.0,248,2583.0,2580.0,2580.0,2562.0,8511.0,218605500.0,330224
2023-05-09 21:03:24,c2309,c2309,2565.0,6.0,153900.0,1.0,163,2565.0,2566.0,248,2583.0,2580.0,2580.0,2562.0,8517.0,218759400.0,330225
2023-05-09 21:03:25,c2309,c2309,2565.0,0.0,0.0,0.0,164,2565.0,2566.0,248,2583.0,2580.0,2580.0,2562.0,8517.0,218759400.0,330225
2023-05-09 21:03:25,c2309,c2309,2566.0,4.0,102640.0,-4.0,162,2565.0,2566.0,244,2583.0,2580.0,2580.0,2562.0,8521.0,218862040.0,330221
2023-05-09 21:03:26,c2309,c2309,2566.0,0.0,0.0,0.0,163,2565.0,2566.0,244,2583.0,2580.0,2580.0,2562.0,8521.0,218862040.0,330221
2023-05-09 21:03:27,c2309,c2309,2566.0,0.0,0.0,0.0,163,2565.0,2566.0,453,2583.0,2580.0,2580.0,2562.0,8521.0,218862040.0,330221
2023-05-09 21:03:27,c2309,c2309,2566.0,0.0,0.0,0.0,112,2565.0,2566.0,487,2583.0,2580.0,2580.0,2562.0,8521.0,218862040.0,330221
2023-05-09 21:03:28,c2309,c2309,2565.0,2.0,51300.0,0.0,120,2565.0,2566.0,487,2583.0,2580.0,2580.0,2562.0,8523.0,218913340.0,330221
2023-05-09 21:03:28,c2309,c2309,2565.0,5.0,128250.0,0.0,115,2565.0,2566.0,487,2583.0,2580.0,2580.0,2562.0,8528.0,219041590.0,330221
2023-05-09 21:03:29,c2309,c2309,2565.0,115.0,2949750.0,-100.0,340,2564.0,2565.0,239,2583.0,2580.0,2580.0,2562.0,8643.0,221991340.0,330121
2023-05-09 21:03:29,c2309,c2309,2565.0,1.0,25650.0,0.0,308,2564.0,2565.0,289,2583.0,2580.0,2580.0,2562.0,8644.0,222016990.0,330121
2023-05-09 21:03:30,c2309,c2309,2565.0,0.0,0.0,0.0,308,2564.0,2565.0,261,2583.0,2580.0,2580.0,2562.0,8644.0,222016990.0,330121
2023-05-09 21:03:30,c2309,c2309,2565.0,0.0,0.0,0.0,300,2564.0,2565.0,292,2583.0,2580.0,2580.0,2562.0,8644.0,222016990.0,330121
2023-05-09 21:03:31,c2309,c2309,2565.0,0.0,0.0,0.0,298,2564.0,2565.0,299,2583.0,2580.0,2580.0,2562.0,8644.0,222016990.0,330121
2023-05-09 21:03:31,c2309,c2309,2565.0,0.0,0.0,0.0,299,2564.0,2565.0,301,2583.0,2580.0,2580.0,2562.0,8644.0,222016990.0,330121
2023-05-09 21:03:32,c2309,c2309,2564.0,11.0,282050.0,0.0,289,2564.0,2565.0,304,2583.0,2580.0,2580.0,2562.0,8655.0,222299040.0,330121
2023-05-09 21:03:32,c2309,c2309,2564.0,13.0,333330.0,12.0,279,2564.0,2565.0,310,2583.0,2580.0,2580.0,2562.0,8668.0,222632370.0,330133
2023-05-09 21:03:33,c2309,c2309,2564.0,280.0,7179200.0,155.0,207,2563.0,2564.0,50,2583.0,2580.0,2580.0,2562.0,8948.0,229811570.0,330288
2023-05-09 21:03:33,c2309,c2309,2564.0,48.0,1230720.0,17.0,124,2563.0,2564.0,45,2583.0,2580.0,2580.0,2562.0,8996.0,231042290.0,330305
2023-05-09 21:03:34,c2309,c2309,2564.0,20.0,512800.0,-5.0,89,2563.0,2564.0,4,2583.0,2580.0,2580.0,2562.0,9016.0,231555090.0,330300
2023-05-09 21:03:34,c2309,c2309,2564.0,21.0,538520.0,-21.0,7,2564.0,2565.0,296,2583.0,2580.0,2580.0,2562.0,9037.0,232093610.0,330279
2023-05-09 21:03:35,c2309,c2309,2564.0,13.0,333360.0,-10.0,74,2563.0,2564.0,80,2583.0,2580.0,2580.0,2562.0,9050.0,232426970.0,330269
2023-05-09 21:03:35,c2309,c2309,2563.0,57.0,1460910.0,-26.0,95,2563.0,2564.0,97,2583.0,2580.0,2580.0,2562.0,9107.0,233887880.0,330243
2023-05-09 21:03:36,c2309,c2309,2563.0,0.0,0.0,0.0,92,2563.0,2564.0,88,2583.0,2580.0,2580.0,2562.0,9107.0,233887880.0,330243
2023-05-09 21:03:36,c2309,c2309,2564.0,1.0,25640.0,0.0,92,2563.0,2564.0,87,2583.0,2580.0,2580.0,2562.0,9108.0,233913520.0,330243
2023-05-09 21:03:37,c2309,c2309,2563.0,10.0,256320.0,0.0,89,2563.0,2564.0,85,2583.0,2580.0,2580.0,2562.0,9118.0,234169840.0,330243
2023-05-09 21:03:37,c2309,c2309,2563.0,0.0,0.0,0.0,85,2563.0,2564.0,91,2583.0,2580.0,2580.0,2562.0,9118.0,234169840.0,330243
2023-05-09 21:03:38,c2309,c2309,2563.0,0.0,0.0,0.0,35,2563.0,2564.0,142,2583.0,2580.0,2580.0,2562.0,9118.0,234169840.0,330243
2023-05-09 21:03:38,c2309,c2309,2563.0,34.0,871420.0,-1.0,143,2562.0,2564.0,272,2583.0,2580.0,2580.0,2562.0,9152.0,235041260.0,330242
2023-05-09 21:03:39,c2309,c2309,2563.0,3.0,76890.0,0.0,155,2562.0,2563.0,23,2583.0,2580.0,2580.0,2562.0,9155.0,235118150.0,330242
2023-05-09 21:03:39,c2309,c2309,2562.0,6.0,153720.0,0.0,217,2562.0,2563.0,28,2583.0,2580.0,2580.0,2562.0,9161.0,235271870.0,330242
2023-05-09 21:03:40,c2309,c2309,2563.0,14.0,358820.0,6.0,5,2563.0,2564.0,151,2583.0,2580.0,2580.0,2562.0,9175.0,235630690.0,330248
2023-05-09 21:03:40,c2309,c2309,2562.0,10.0,256250.0,0.0,250,2562.0,2564.0,171,2583.0,2580.0,2580.0,2562.0,9185.0,235886940.0,330248
2023-05-09 21:03:41,c2309,c2309,2563.0,15.0,384450.0,0.0,247,2562.0,2563.0,1,2583.0,2580.0,2580.0,2562.0,9200.0,236271390.0,330248
2023-05-09 21:03:41,c2309,c2309,2563.0,3.0,76890.0,2.0,271,2562.0,2564.0,166,2583.0,2580.0,2580.0,2562.0,9203.0,236348280.0,330250
2023-05-09 21:03:42,c2309,c2309,2563.0,1.0,25630.0,-1.0,60,2563.0,2564.0,131,2583.0,2580.0,2580.0,2562.0,9204.0,236373910.0,330249
2023-05-09 21:03:42,c2309,c2309,2563.0,0.0,0.0,0.0,65,2563.0,2564.0,122,2583.0,2580.0,2580.0,2562.0,9204.0,236373910.0,330249
2023-05-09 21:03:43,c2309,c2309,2563.0,1.0,25630.0,-1.0,64,2563.0,2564.0,121,2583.0,2580.0,2580.0,2562.0,9205.0,236399540.0,330248
2023-05-09 21:03:43,c2309,c2309,2563.0,12.0,307560.0,0.0,52,2563.0,2564.0,125,2583.0,2580.0,2580.0,2562.0,9217.0,236707100.0,330248
2023-05-09 21:03:44,c2309,c2309,2563.0,0.0,0.0,0.0,54,2563.0,2564.0,126,2583.0,2580.0,2580.0,2562.0,9217.0,236707100.0,330248
2023-05-09 21:03:44,c2309,c2309,2563.0,0.0,0.0,0.0,26,2563.0,2564.0,126,2583.0,2580.0,2580.0,2562.0,9217.0,236707100.0,330248
2023-05-09 21:03:45,c2309,c2309,2563.0,0.0,0.0,0.0,26,2563.0,2564.0,125,2583.0,2580.0,2580.0,2562.0,9217.0,236707100.0,330248
2023-05-09 21:03:46,c2309,c2309,2563.0,55.0,1409650.0,38.0,19,2563.0,2564.0,125,2583.0,2580.0,2580.0,2562.0,9272.0,238116750.0,330286
2023-05-09 21:03:46,c2309,c2309,2563.0,0.0,0.0,0.0,22,2563.0,2564.0,126,2583.0,2580.0,2580.0,2562.0,9272.0,238116750.0,330286
2023-05-09 21:03:47,c2309,c2309,2563.0,1.0,25630.0,0.0,53,2563.0,2564.0,125,2583.0,2580.0,2580.0,2562.0,9273.0,238142380.0,330286
2023-05-09 21:03:47,c2309,c2309,2563.0,0.0,0.0,0.0,53,2563.0,2564.0,126,2583.0,2580.0,2580.0,2562.0,9273.0,238142380.0,330286
2023-05-09 21:03:48,c2309,c2309,2563.0,1.0,25630.0,0.0,52,2563.0,2564.0,126,2583.0,2580.0,2580.0,2562.0,9274.0,238168010.0,330286
2023-05-09 21:03:48,c2309,c2309,2563.0,0.0,0.0,0.0,54,2563.0,2564.0,122,2583.0,2580.0,2580.0,2562.0,9274.0,238168010.0,330286
2023-05-09 21:03:49,c2309,c2309,2563.0,0.0,0.0,0.0,53,2563.0,2564.0,126,2583.0,2580.0,2580.0,2562.0,9274.0,238168010.0,330286
2023-05-09 21:03:49,c2309,c2309,2563.0,0.0,0.0,0.0,54,2563.0,2564.0,126,2583.0,2580.0,2580.0,2562.0,9274.0,238168010.0,330286
2023-05-09 21:03:50,c2309,c2309,2564.0,107.0,2743480.0,-43.0,17,2564.0,2565.0,98,2583.0,2580.0,2580.0,2562.0,9381.0,240911490.0,330243
2023-05-09 21:03:50,c2309,c2309,2564.0,38.0,974320.0,7.0,107,2563.0,2564.0,155,2583.0,2580.0,2580.0,2562.0,9419.0,241885810.0,330250
2023-05-09 21:03:51,c2309,c2309,2564.0,0.0,0.0,0.0,100,2563.0,2564.0,166,2583.0,2580.0,2580.0,2562.0,9419.0,241885810.0,330250
2023-05-09 21:03:51,c2309,c2309,2564.0,5.0,128200.0,0.0,100,2563.0,2564.0,161,2583.0,2580.0,2580.0,2562.0,9424.0,242014010.0,330250
2023-05-09 21:03:52,c2309,c2309,2564.0,0.0,0.0,0.0,101,2563.0,2564.0,161,2583.0,2580.0,2580.0,2562.0,9424.0,242014010.0,330250
2023-05-09 21:03:52,c2309,c2309,2564.0,0.0,0.0,0.0,101,2563.0,2564.0,192,2583.0,2580.0,2580.0,2562.0,9424.0,242014010.0,330250
2023-05-09 21:03:52,c2309,c2309,2564.0,0.0,0.0,0.0,102,2563.0,2564.0,192,2583.0,2580.0,2580.0,2562.0,9424.0,242014010.0,330250
2023-05-09 21:03:53,c2309,c2309,2563.0,19.0,487040.0,12.0,90,2563.0,2564.0,185,2583.0,2580.0,2580.0,2562.0,9443.0,242501050.0,330262
2023-05-09 21:03:54,c2309,c2309,2563.0,0.0,0.0,0.0,94,2563.0,2564.0,185,2583.0,2580.0,2580.0,2562.0,9443.0,242501050.0,330262
2023-05-09 21:03:55,c2309,c2309,2563.0,146.0,3741980.0,75.0,12,2563.0,2564.0,294,2583.0,2580.0,2580.0,2562.0,9589.0,246243030.0,330337
2023-05-09 21:03:55,c2309,c2309,2563.0,1.0,25630.0,0.0,10,2563.0,2564.0,295,2583.0,2580.0,2580.0,2562.0,9590.0,246268660.0,330337
2023-05-09 21:03:56,c2309,c2309,2563.0,11.0,281940.0,1.0,273,2562.0,2563.0,180,2583.0,2580.0,2580.0,2562.0,9601.0,246550600.0,330338
2023-05-09 21:03:56,c2309,c2309,2563.0,25.0,640750.0,15.0,264,2562.0,2563.0,177,2583.0,2580.0,2580.0,2562.0,9626.0,247191350.0,330353
2023-05-09 21:03:57,c2309,c2309,2563.0,1.0,25630.0,0.0,264,2562.0,2563.0,171,2583.0,2580.0,2580.0,2562.0,9627.0,247216980.0,330353
2023-05-09 21:03:57,c2309,c2309,2563.0,1.0,25630.0,0.0,268,2562.0,2563.0,151,2583.0,2580.0,2580.0,2562.0,9628.0,247242610.0,330353
2023-05-09 21:03:58,c2309,c2309,2563.0,2.0,51260.0,0.0,278,2562.0,2563.0,154,2583.0,2580.0,2580.0,2562.0,9630.0,247293870.0,330353
2023-05-09 21:03:58,c2309,c2309,2562.0,3.0,76880.0,0.0,277,2562.0,2563.0,147,2583.0,2580.0,2580.0,2562.0,9633.0,247370750.0,330353
2023-05-09 21:03:59,c2309,c2309,2563.0,1.0,25630.0,0.0,280,2562.0,2563.0,146,2583.0,2580.0,2580.0,2562.0,9634.0,247396380.0,330353
2023-05-09 21:03:59,c2309,c2309,2563.0,4.0,102520.0,0.0,280,2562.0,2563.0,147,2583.0,2580.0,2580.0,2562.0,9638.0,247498900.0,330353
2023-05-09 21:04:00,c2309,c2309,2562.0,7.0,179340.0,0.0,271,2562.0,2563.0,142,2583.0,2580.0,2580.0,2562.0,9645.0,247678240.0,330353
2023-05-09 21:04:00,c2309,c2309,2562.0,176.0,4509120.0,-2.0,64,2562.0,2563.0,217,2583.0,2580.0,2580.0,2562.0,9821.0,252187360.0,330351
2023-05-09 21:04:01,c2309,c2309,2562.0,64.0,1639680.0,12.0,296,2561.0,2562.0,24,2583.0,2580.0,2580.0,2562.0,9885.0,253827040.0,330363
2023-05-09 21:04:01,c2309,c2309,2562.0,130.0,3330600.0,-64.0,268,2561.0,2563.0,64,2583.0,2580.0,2580.0,2562.0,10015.0,257157640.0,330299
2023-05-09 21:04:02,c2309,c2309,2562.0,34.0,871080.0,-34.0,213,2561.0,2563.0,56,2583.0,2580.0,2580.0,2562.0,10049.0,258028720.0,330265
2023-05-09 21:04:02,c2309,c2309,2562.0,0.0,0.0,0.0,48,2562.0,2563.0,67,2583.0,2580.0,2580.0,2562.0,10049.0,258028720.0,330265
2023-05-09 21:04:03,c2309,c2309,2562.0,0.0,0.0,0.0,44,2562.0,2563.0,62,2583.0,2580.0,2580.0,2562.0,10049.0,258028720.0,330265
2023-05-09 21:04:03,c2309,c2309,2562.0,15.0,384300.0,15.0,25,2562.0,2563.0,66,2583.0,2580.0,2580.0,2562.0,10064.0,258413020.0,330280
2023-05-09 21:04:03,c2309,c2309,2562.0,6.0,153720.0,6.0,19,2562.0,2563.0,66,2583.0,2580.0,2580.0,2562.0,10070.0,258566740.0,330286
2023-05-09 21:04:04,c2309,c2309,2562.0,4.0,102490.0,3.0,16,2562.0,2563.0,65,2583.0,2580.0,2580.0,2562.0,10074.0,258669230.0,330289
2023-05-09 21:04:05,c2309,c2309,2562.0,0.0,0.0,0.0,17,2562.0,2563.0,65,2583.0,2580.0,2580.0,2562.0,10074.0,258669230.0,330289
2023-05-09 21:04:05,c2309,c2309,2562.0,1.0,25620.0,-1.0,35,2562.0,2563.0,65,2583.0,2580.0,2580.0,2562.0,10075.0,258694850.0,330288
2023-05-09 21:04:06,c2309,c2309,2562.0,12.0,307440.0,0.0,21,2562.0,2563.0,65,2583.0,2580.0,2580.0,2562.0,10087.0,259002290.0,330288
2023-05-09 21:04:06,c2309,c2309,2563.0,2.0,51260.0,0.0,50,2562.0,2563.0,63,2583.0,2580.0,2580.0,2562.0,10089.0,259053550.0,330288
2023-05-09 21:04:07,c2309,c2309,2563.0,25.0,640750.0,-8.0,147,2562.0,2564.0,192,2583.0,2580.0,2580.0,2562.0,10114.0,259694300.0,330280
2023-05-09 21:04:07,c2309,c2309,2563.0,16.0,410080.0,-16.0,84,2562.0,2564.0,181,2583.0,2580.0,2580.0,2562.0,10130.0,260104380.0,330264
2023-05-09 21:04:08,c2309,c2309,2563.0,2.0,51260.0,0.0,151,2562.0,2564.0,183,2583.0,2580.0,2580.0,2562.0,10132.0,260155640.0,330264
2023-05-09 21:04:08,c2309,c2309,2563.0,0.0,0.0,0.0,152,2562.0,2564.0,220,2583.0,2580.0,2580.0,2562.0,10132.0,260155640.0,330264
2023-05-09 21:04:09,c2309,c2309,2563.0,0.0,0.0,0.0,200,2562.0,2563.0,4,2583.0,2580.0,2580.0,2562.0,10132.0,260155640.0,330264
2023-05-09 21:04:09,c2309,c2309,2563.0,4.0,102520.0,-4.0,2,2563.0,2564.0,183,2583.0,2580.0,2580.0,2562.0,10136.0,260258160.0,330260
2023-05-09 21:04:11,c2309,c2309,2563.0,0.0,0.0,0.0,2,2563.0,2564.0,186,2583.0,2580.0,2580.0,2562.0,10136.0,260258160.0,330260
2023-05-09 21:04:12,c2309,c2309,2564.0,53.0,1358880.0,51.0,209,2562.0,2564.0,136,2583.0,2580.0,2580.0,2562.0,10189.0,261617040.0,330311
2023-05-09 21:04:12,c2309,c2309,2563.0,5.0,128150.0,5.0,209,2562.0,2563.0,128,2583.0,2580.0,2580.0,2562.0,10194.0,261745190.0,330316
2023-05-09 21:04:13,c2309,c2309,2562.0,3.0,76860.0,3.0,206,2562.0,2563.0,129,2583.0,2580.0,2580.0,2562.0,10197.0,261822050.0,330319
2023-05-09 21:04:14,c2309,c2309,2562.0,0.0,0.0,0.0,191,2562.0,2563.0,129,2583.0,2580.0,2580.0,2562.0,10197.0,261822050.0,330319
2023-05-09 21:04:14,c2309,c2309,2563.0,100.0,2563000.0,100.0,199,2562.0,2563.0,29,2583.0,2580.0,2580.0,2562.0,10297.0,264385050.0,330419
2023-05-09 21:04:15,c2309,c2309,2563.0,29.0,743270.0,7.0,53,2563.0,2564.0,142,2583.0,2580.0,2580.0,2562.0,10326.0,265128320.0,330426
2023-05-09 21:04:15,c2309,c2309,2563.0,0.0,0.0,0.0,66,2563.0,2564.0,142,2583.0,2580.0,2580.0,2562.0,10326.0,265128320.0,330426
2023-05-09 21:04:16,c2309,c2309,2563.0,0.0,0.0,0.0,72,2563.0,2564.0,142,2583.0,2580.0,2580.0,2562.0,10326.0,265128320.0,330426
2023-05-09 21:04:16,c2309,c2309,2563.0,0.0,0.0,0.0,72,2563.0,2564.0,140,2583.0,2580.0,2580.0,2562.0,10326.0,265128320.0,330426
2023-05-09 21:04:17,c2309,c2309,2563.0,2.0,51260.0,2.0,70,2563.0,2564.0,140,2583.0,2580.0,2580.0,2562.0,10328.0,265179580.0,330428
2023-05-09 21:04:17,c2309,c2309,2563.0,1.0,25630.0,1.0,69,2563.0,2564.0,142,2583.0,2580.0,2580.0,2562.0,10329.0,265205210.0,330429
2023-05-09 21:04:18,c2309,c2309,2563.0,64.0,1640320.0,22.0,209,2562.0,2563.0,61,2583.0,2580.0,2580.0,2562.0,10393.0,266845530.0,330451
2023-05-09 21:04:18,c2309,c2309,2563.0,68.0,1742840.0,61.0,18,2563.0,2564.0,142,2583.0,2580.0,2580.0,2562.0,10461.0,268588370.0,330512
2023-05-09 21:04:19,c2309,c2309,2563.0,0.0,0.0,0.0,27,2563.0,2564.0,145,2583.0,2580.0,2580.0,2562.0,10461.0,268588370.0,330512
2023-05-09 21:04:19,c2309,c2309,2563.0,15.0,384450.0,15.0,13,2563.0,2564.0,145,2583.0,2580.0,2580.0,2562.0,10476.0,268972820.0,330527
2023-05-09 21:04:20,c2309,c2309,2563.0,0.0,0.0,0.0,13,2563.0,2564.0,150,2583.0,2580.0,2580.0,2562.0,10476.0,268972820.0,330527
2023-05-09 21:04:21,c2309,c2309,2563.0,51.0,1307130.0,44.0,218,2562.0,2563.0,6,2583.0,2580.0,2580.0,2562.0,10527.0,270279950.0,330571
2023-05-09 21:04:21,c2309,c2309,2563.0,1.0,25630.0,-1.0,1,2563.0,2564.0,150,2583.0,2580.0,2580.0,2562.0,10528.0,270305580.0,330570
2023-05-09 21:04:22,c2309,c2309,2563.0,0.0,0.0,0.0,2,2563.0,2564.0,150,2583.0,2580.0,2580.0,2562.0,10528.0,270305580.0,330570
2023-05-09 21:04:24,c2309,c2309,2563.0,2.0,51260.0,0.0,227,2562.0,2563.0,133,2583.0,2580.0,2580.0,2562.0,10530.0,270356840.0,330570
2023-05-09 21:04:24,c2309,c2309,2563.0,110.0,2819300.0,94.0,233,2562.0,2563.0,26,2583.0,2580.0,2580.0,2562.0,10640.0,273176140.0,330664
2023-05-09 21:04:25,c2309,c2309,2563.0,0.0,0.0,0.0,230,2562.0,2563.0,26,2583.0,2580.0,2580.0,2562.0,10640.0,273176140.0,330664
2023-05-09 21:04:26,c2309,c2309,2563.0,1.0,25630.0,1.0,230,2562.0,2563.0,25,2583.0,2580.0,2580.0,2562.0,10641.0,273201770.0,330665
2023-05-09 21:04:27,c2309,c2309,2563.0,0.0,0.0,0.0,231,2562.0,2563.0,25,2583.0,2580.0,2580.0,2562.0,10641.0,273201770.0,330665
2023-05-09 21:04:27,c2309,c2309,2562.0,246.0,6302520.0,-163.0,313,2561.0,2562.0,406,2583.0,2580.0,2580.0,2562.0,10887.0,279504290.0,330502
2023-05-09 21:04:28,c2309,c2309,2562.0,4.0,102480.0,-4.0,295,2561.0,2562.0,403,2583.0,2580.0,2580.0,2562.0,10891.0,279606770.0,330498
2023-05-09 21:04:28,c2309,c2309,2562.0,36.0,922320.0,-35.0,207,2561.0,2562.0,396,2583.0,2580.0,2580.0,2562.0,10927.0,280529090.0,330463
2023-05-09 21:04:29,c2309,c2309,2561.0,123.0,3150040.0,-68.0,72,2561.0,2562.0,411,2583.0,2580.0,2580.0,2561.0,11050.0,283679130.0,330395
2023-05-09 21:04:29,c2309,c2309,2562.0,67.0,1716120.0,-8.0,31,2561.0,2562.0,396,2583.0,2580.0,2580.0,2561.0,11117.0,285395250.0,330387
2023-05-09 21:04:30,c2309,c2309,2562.0,0.0,0.0,0.0,31,2561.0,2562.0,395,2583.0,2580.0,2580.0,2561.0,11117.0,285395250.0,330387
2023-05-09 21:04:30,c2309,c2309,2562.0,10.0,256200.0,-10.0,31,2561.0,2562.0,385,2583.0,2580.0,2580.0,2561.0,11127.0,285651450.0,330377
2023-05-09 21:04:31,c2309,c2309,2561.0,10.0,256100.0,8.0,22,2561.0,2562.0,385,2583.0,2580.0,2580.0,2561.0,11137.0,285907550.0,330385
2023-05-09 21:04:31,c2309,c2309,2562.0,2.0,51240.0,0.0,21,2561.0,2562.0,383,2583.0,2580.0,2580.0,2561.0,11139.0,285958790.0,330385
2023-05-09 21:04:32,c2309,c2309,2561.0,16.0,409760.0,2.0,253,2560.0,2562.0,383,2583.0,2580.0,2580.0,2561.0,11155.0,286368550.0,330387
2023-05-09 21:04:33,c2309,c2309,2562.0,7.0,179290.0,0.0,284,2560.0,2562.0,381,2583.0,2580.0,2580.0,2561.0,11162.0,286547840.0,330387
2023-05-09 21:04:33,c2309,c2309,2562.0,0.0,0.0,0.0,316,2560.0,2562.0,381,2583.0,2580.0,2580.0,2561.0,11162.0,286547840.0,330387
2023-05-09 21:04:33,c2309,c2309,2560.0,10.0,256000.0,9.0,306,2560.0,2562.0,381,2583.0,2580.0,2580.0,2560.0,11172.0,286803840.0,330396
2023-05-09 21:04:34,c2309,c2309,2561.0,17.0,435340.0,-4.0,299,2560.0,2561.0,77,2583.0,2580.0,2580.0,2560.0,11189.0,287239180.0,330392
2023-05-09 21:04:35,c2309,c2309,2561.0,50.0,1280500.0,23.0,280,2560.0,2561.0,12,2583.0,2580.0,2580.0,2560.0,11239.0,288519680.0,330415
2023-05-09 21:04:35,c2309,c2309,2560.0,30.0,768100.0,10.0,283,2560.0,2562.0,350,2583.0,2580.0,2580.0,2560.0,11269.0,289287780.0,330425
2023-05-09 21:04:36,c2309,c2309,2560.0,60.0,1536000.0,54.0,210,2560.0,2561.0,30,2583.0,2580.0,2580.0,2560.0,11329.0,290823780.0,330479
2023-05-09 21:04:36,c2309,c2309,2561.0,23.0,589030.0,3.0,243,2560.0,2561.0,1,2583.0,2580.0,2580.0,2560.0,11352.0,291412810.0,330482
2023-05-09 21:04:37,c2309,c2309,2561.0,5.0,128060.0,3.0,248,2560.0,2561.0,3,2583.0,2580.0,2580.0,2560.0,11357.0,291540870.0,330485
2023-05-09 21:04:37,c2309,c2309,2561.0,3.0,76830.0,0.0,219,2560.0,2561.0,79,2583.0,2580.0,2580.0,2560.0,11360.0,291617700.0,330485
2023-05-09 21:04:38,c2309,c2309,2561.0,1.0,25610.0,1.0,207,2560.0,2561.0,84,2583.0,2580.0,2580.0,2560.0,11361.0,291643310.0,330486
2023-05-09 21:04:38,c2309,c2309,2561.0,4.0,102440.0,4.0,199,2560.0,2561.0,30,2583.0,2580.0,2580.0,2560.0,11365.0,291745750.0,330490
2023-05-09 21:04:39,c2309,c2309,2561.0,18.0,460980.0,1.0,222,2560.0,2561.0,56,2583.0,2580.0,2580.0,2560.0,11383.0,292206730.0,330491
2023-05-09 21:04:39,c2309,c2309,2561.0,2.0,51220.0,0.0,177,2560.0,2561.0,78,2583.0,2580.0,2580.0,2560.0,11385.0,292257950.0,330491
2023-05-09 21:04:40,c2309,c2309,2561.0,1.0,25610.0,0.0,191,2560.0,2561.0,86,2583.0,2580.0,2580.0,2560.0,11386.0,292283560.0,330491
2023-05-09 21:04:40,c2309,c2309,2561.0,85.0,2176850.0,22.0,182,2560.0,2562.0,367,2583.0,2580.0,2580.0,2560.0,11471.0,294460410.0,330513
2023-05-09 21:04:41,c2309,c2309,2561.0,16.0,409760.0,-1.0,186,2560.0,2562.0,438,2583.0,2580.0,2580.0,2560.0,11487.0,294870170.0,330512
2023-05-09 21:04:41,c2309,c2309,2561.0,20.0,512200.0,-20.0,186,2560.0,2562.0,488,2583.0,2580.0,2580.0,2560.0,11507.0,295382370.0,330492
2023-05-09 21:04:42,c2309,c2309,2561.0,38.0,973180.0,0.0,189,2560.0,2562.0,484,2583.0,2580.0,2580.0,2560.0,11545.0,296355550.0,330492
2023-05-09 21:04:42,c2309,c2309,2561.0,1.0,25610.0,0.0,190,2560.0,2562.0,461,2583.0,2580.0,2580.0,2560.0,11546.0,296381160.0,330492
2023-05-09 21:04:43,c2309,c2309,2561.0,0.0,0.0,0.0,176,2560.0,2562.0,505,2583.0,2580.0,2580.0,2560.0,11546.0,296381160.0,330492
2023-05-09 21:04:43,c2309,c2309,2561.0,6.0,153660.0,0.0,176,2560.0,2562.0,513,2583.0,2580.0,2580.0,2560.0,11552.0,296534820.0,330492
2023-05-09 21:04:44,c2309,c2309,2561.0,58.0,1485180.0,20.0,151,2560.0,2562.0,513,2583.0,2580.0,2580.0,2560.0,11610.0,298020000.0,330512
2023-05-09 21:04:44,c2309,c2309,2561.0,0.0,0.0,0.0,156,2560.0,2562.0,523,2583.0,2580.0,2580.0,2560.0,11610.0,298020000.0,330512
2023-05-09 21:04:45,c2309,c2309,2561.0,0.0,0.0,0.0,156,2560.0,2562.0,517,2583.0,2580.0,2580.0,2560.0,11610.0,298020000.0,330512
2023-05-09 21:04:45,c2309,c2309,2561.0,1.0,25610.0,-1.0,156,2560.0,2562.0,507,2583.0,2580.0,2580.0,2560.0,11611.0,298045610.0,330511
2023-05-09 21:04:46,c2309,c2309,2561.0,11.0,281710.0,-1.0,162,2560.0,2562.0,522,2583.0,2580.0,2580.0,2560.0,11622.0,298327320.0,330510
2023-05-09 21:04:47,c2309,c2309,2561.0,0.0,0.0,0.0,177,2560.0,2562.0,524,2583.0,2580.0,2580.0,2560.0,11622.0,298327320.0,330510
2023-05-09 21:04:47,c2309,c2309,2561.0,23.0,589030.0,-23.0,209,2560.0,2562.0,345,2583.0,2580.0,2580.0,2560.0,11645.0,298916350.0,330487
2023-05-09 21:04:48,c2309,c2309,2560.0,7.0,179250.0,-3.0,207,2560.0,2561.0,128,2583.0,2580.0,2580.0,2560.0,11652.0,299095600.0,330484
2023-05-09 21:04:48,c2309,c2309,2560.0,0.0,0.0,0.0,214,2560.0,2561.0,187,2583.0,2580.0,2580.0,2560.0,11652.0,299095600.0,330484
2023-05-09 21:04:49,c2309,c2309,2560.0,11.0,281600.0,11.0,190,2560.0,2561.0,194,2583.0,2580.0,2580.0,2560.0,11663.0,299377200.0,330495
2023-05-09 21:04:49,c2309,c2309,2561.0,2.0,51220.0,2.0,198,2560.0,2561.0,19,2583.0,2580.0,2580.0,2560.0,11665.0,299428420.0,330497
2023-05-09 21:04:50,c2309,c2309,2560.0,5.0,128000.0,4.0,183,2560.0,2561.0,12,2583.0,2580.0,2580.0,2560.0,11670.0,299556420.0,330501
2023-05-09 21:04:50,c2309,c2309,2560.0,1.0,25600.0,1.0,181,2560.0,2561.0,12,2583.0,2580.0,2580.0,2560.0,11671.0,299582020.0,330502
2023-05-09 21:04:51,c2309,c2309,2561.0,27.0,691420.0,20.0,174,2560.0,2561.0,14,2583.0,2580.0,2580.0,2560.0,11698.0,300273440.0,330522
2023-05-09 21:04:51,c2309,c2309,2561.0,9.0,230420.0,6.0,1,2561.0,2562.0,493,2583.0,2580.0,2580.0,2560.0,11707.0,300503860.0,330528
2023-05-09 21:04:52,c2309,c2309,2560.0,13.0,332860.0,6.0,181,2560.0,2562.0,489,2583.0,2580.0,2580.0,2560.0,11720.0,300836720.0,330534
2023-05-09 21:04:52,c2309,c2309,2560.0,0.0,0.0,0.0,180,2560.0,2561.0,5,2583.0,2580.0,2580.0,2560.0,11720.0,300836720.0,330534
2023-05-09 21:04:53,c2309,c2309,2560.0,0.0,0.0,0.0,180,2560.0,2561.0,6,2583.0,2580.0,2580.0,2560.0,11720.0,300836720.0,330534
2023-05-09 21:04:54,c2309,c2309,2561.0,3.0,76830.0,2.0,3,2561.0,2562.0,482,2583.0,2580.0,2580.0,2560.0,11723.0,300913550.0,330536
2023-05-09 21:04:54,c2309,c2309,2560.0,8.0,204830.0,3.0,204,2560.0,2561.0,152,2583.0,2580.0,2580.0,2560.0,11731.0,301118380.0,330539
2023-05-09 21:04:55,c2309,c2309,2560.0,10.0,256000.0,10.0,194,2560.0,2561.0,6,2583.0,2580.0,2580.0,2560.0,11741.0,301374380.0,330549
2023-05-09 21:04:55,c2309,c2309,2561.0,21.0,537650.0,19.0,200,2560.0,2561.0,22,2583.0,2580.0,2580.0,2560.0,11762.0,301912030.0,330568
2023-05-09 21:04:56,c2309,c2309,2560.0,3.0,76820.0,3.0,250,2560.0,2561.0,6,2583.0,2580.0,2580.0,2560.0,11765.0,301988850.0,330571
2023-05-09 21:04:56,c2309,c2309,2561.0,3.0,76830.0,0.0,256,2560.0,2561.0,10,2583.0,2580.0,2580.0,2560.0,11768.0,302065680.0,330571
2023-05-09 21:04:57,c2309,c2309,2560.0,4.0,102410.0,4.0,253,2560.0,2561.0,9,2583.0,2580.0,2580.0,2560.0,11772.0,302168090.0,330575
2023-05-09 21:04:57,c2309,c2309,2561.0,9.0,230490.0,-8.0,258,2560.0,2561.0,10,2583.0,2580.0,2580.0,2560.0,11781.0,302398580.0,330567
2023-05-09 21:04:58,c2309,c2309,2560.0,8.0,204820.0,8.0,253,2560.0,2561.0,52,2583.0,2580.0,2580.0,2560.0,11789.0,302603400.0,330575
2023-05-09 21:04:58,c2309,c2309,2560.0,0.0,0.0,0.0,252,2560.0,2561.0,138,2583.0,2580.0,2580.0,2560.0,11789.0,302603400.0,330575
2023-05-09 21:04:59,c2309,c2309,2560.0,0.0,0.0,0.0,250,2560.0,2561.0,48,2583.0,2580.0,2580.0,2560.0,11789.0,302603400.0,330575
2023-05-09 21:04:59,c2309,c2309,2562.0,500.0,12809800.0,65.0,73,2561.0,2562.0,42,2583.0,2580.0,2580.0,2560.0,12289.0,315413200.0,330640
2023-05-09 21:05:00,c2309,c2309,2561.0,6.0,153680.0,-3.0,80,2561.0,2562.0,43,2583.0,2580.0,2580.0,2560.0,12295.0,315566880.0,330637
2023-05-09 21:05:00,c2309,c2309,2561.0,108.0,2765630.0,27.0,28,2561.0,2562.0,65,2583.0,2580.0,2580.0,2560.0,12403.0,318332510.0,330664
2023-05-09 21:05:01,c2309,c2309,2561.0,19.0,486590.0,6.0,228,2560.0,2561.0,29,2583.0,2580.0,2580.0,2560.0,12422.0,318819100.0,330670
2023-05-09 21:05:01,c2309,c2309,2560.0,143.0,3660800.0,-1.0,72,2560.0,2561.0,45,2583.0,2580.0,2580.0,2560.0,12565.0,322479900.0,330669
2023-05-09 21:05:02,c2309,c2309,2560.0,95.0,2432000.0,-32.0,162,2559.0,2561.0,88,2583.0,2580.0,2580.0,2560.0,12660.0,324911900.0,330637
2023-05-09 21:05:02,c2309,c2309,2560.0,10.0,256000.0,-9.0,34,2560.0,2561.0,65,2583.0,2580.0,2580.0,2560.0,12670.0,325167900.0,330628
2023-05-09 21:05:03,c2309,c2309,2560.0,11.0,281700.0,11.0,50,2560.0,2561.0,61,2583.0,2580.0,2580.0,2560.0,12681.0,325449600.0,330639
2023-05-09 21:05:03,c2309,c2309,2560.0,117.0,2994750.0,51.0,10,2560.0,2561.0,63,2583.0,2580.0,2580.0,2559.0,12798.0,328444350.0,330690
2023-05-09 21:05:04,c2309,c2309,2560.0,5.0,128000.0,5.0,187,2559.0,2560.0,21,2583.0,2580.0,2580.0,2559.0,12803.0,328572350.0,330695
2023-05-09 21:05:04,c2309,c2309,2560.0,32.0,819130.0,19.0,150,2559.0,2560.0,32,2583.0,2580.0,2580.0,2559.0,12835.0,329391480.0,330714
2023-05-09 21:05:05,c2309,c2309,2561.0,60.0,1536020.0,-13.0,66,2559.0,2560.0,1,2583.0,2580.0,2580.0,2559.0,12895.0,330927500.0,330701
2023-05-09 21:05:05,c2309,c2309,2560.0,25.0,640000.0,-5.0,70,2559.0,2561.0,271,2583.0,2580.0,2580.0,2559.0,12920.0,331567500.0,330696
2023-05-09 21:05:06,c2309,c2309,2558.0,105.0,2686800.0,50.0,35,2559.0,2560.0,5,2583.0,2580.0,2580.0,2558.0,13025.0,334254300.0,330746
2023-05-09 21:05:06,c2309,c2309,2561.0,96.0,2457630.0,28.0,50,2559.0,2561.0,260,2583.0,2580.0,2580.0,2558.0,13121.0,336711930.0,330774
2023-05-09 21:05:07,c2309,c2309,2561.0,0.0,0.0,0.0,51,2559.0,2561.0,261,2583.0,2580.0,2580.0,2558.0,13121.0,336711930.0,330774
2023-05-09 21:05:07,c2309,c2309,2560.0,4.0,102370.0,0.0,69,2559.0,2560.0,89,2583.0,2580.0,2580.0,2558.0,13125.0,336814300.0,330774
2023-05-09 21:05:08,c2309,c2309,2559.0,27.0,690940.0,5.0,79,2558.0,2559.0,32,2583.0,2580.0,2580.0,2558.0,13152.0,337505240.0,330779
2023-05-09 21:05:08,c2309,c2309,2558.0,53.0,1355760.0,32.0,54,2558.0,2559.0,3,2583.0,2580.0,2580.0,2558.0,13205.0,338861000.0,330811
2023-05-09 21:05:09,c2309,c2309,2558.0,21.0,537180.0,5.0,36,2558.0,2559.0,199,2583.0,2580.0,2580.0,2558.0,13226.0,339398180.0,330816
2023-05-09 21:05:09,c2309,c2309,2559.0,23.0,588320.0,21.0,304,2557.0,2559.0,215,2583.0,2580.0,2580.0,2557.0,13249.0,339986500.0,330837
2023-05-09 21:05:10,c2309,c2309,2558.0,25.0,639650.0,1.0,10,2558.0,2559.0,200,2583.0,2580.0,2580.0,2557.0,13274.0,340626150.0,330838
2023-05-09 21:05:10,c2309,c2309,2558.0,13.0,332550.0,-1.0,332,2557.0,2559.0,188,2583.0,2580.0,2580.0,2557.0,13287.0,340958700.0,330837
2023-05-09 21:05:11,c2309,c2309,2558.0,18.0,460460.0,-2.0,11,2558.0,2559.0,191,2583.0,2580.0,2580.0,2557.0,13305.0,341419160.0,330835
2023-05-09 21:05:11,c2309,c2309,2559.0,51.0,1304560.0,-32.0,20,2558.0,2559.0,193,2583.0,2580.0,2580.0,2557.0,13356.0,342723720.0,330803
2023-05-09 21:05:12,c2309,c2309,2559.0,61.0,1560990.0,42.0,52,2558.0,2559.0,104,2583.0,2580.0,2580.0,2557.0,13417.0,344284710.0,330845
2023-05-09 21:05:12,c2309,c2309,2558.0,25.0,639500.0,3.0,58,2558.0,2559.0,122,2583.0,2580.0,2580.0,2557.0,13442.0,344924210.0,330848
2023-05-09 21:05:13,c2309,c2309,2558.0,0.0,0.0,0.0,78,2558.0,2559.0,122,2583.0,2580.0,2580.0,2557.0,13442.0,344924210.0,330848
2023-05-09 21:05:13,c2309,c2309,2558.0,0.0,0.0,0.0,144,2558.0,2559.0,33,2583.0,2580.0,2580.0,2557.0,13442.0,344924210.0,330848
2023-05-09 21:05:14,c2309,c2309,2559.0,45.0,1151550.0,11.0,25,2559.0,2560.0,132,2583.0,2580.0,2580.0,2557.0,13487.0,346075760.0,330859
2023-05-09 21:05:14,c2309,c2309,2559.0,7.0,179130.0,-7.0,19,2559.0,2560.0,126,2583.0,2580.0,2580.0,2557.0,13494.0,346254890.0,330852
2023-05-09 21:05:15,c2309,c2309,2559.0,102.0,2609370.0,31.0,206,2558.0,2560.0,135,2583.0,2580.0,2580.0,2557.0,13596.0,348864260.0,330883
2023-05-09 21:05:15,c2309,c2309,2560.0,40.0,1023850.0,-7.0,176,2559.0,2561.0,128,2583.0,2580.0,2580.0,2557.0,13636.0,349888110.0,330876
2023-05-09 21:05:16,c2309,c2309,2559.0,138.0,3531450.0,29.0,79,2559.0,2560.0,5,2583.0,2580.0,2580.0,2557.0,13774.0,353419560.0,330905
2023-05-09 21:05:16,c2309,c2309,2559.0,41.0,1049350.0,-25.0,104,2559.0,2560.0,20,2583.0,2580.0,2580.0,2557.0,13815.0,354468910.0,330880
2023-05-09 21:05:17,c2309,c2309,2560.0,5.0,128000.0,2.0,5,2560.0,2561.0,55,2583.0,2580.0,2580.0,2557.0,13820.0,354596910.0,330882
2023-05-09 21:05:17,c2309,c2309,2560.0,0.0,0.0,0.0,5,2560.0,2561.0,56,2583.0,2580.0,2580.0,2557.0,13820.0,354596910.0,330882
2023-05-09 21:05:18,c2309,c2309,2560.0,0.0,0.0,0.0,26,2560.0,2561.0,56,2583.0,2580.0,2580.0,2557.0,13820.0,354596910.0,330882
2023-05-09 21:05:19,c2309,c2309,2560.0,0.0,0.0,0.0,42,2560.0,2561.0,54,2583.0,2580.0,2580.0,2557.0,13820.0,354596910.0,330882
2023-05-09 21:05:19,c2309,c2309,2560.0,31.0,793600.0,2.0,37,2560.0,2561.0,54,2583.0,2580.0,2580.0,2557.0,13851.0,355390510.0,330884
2023-05-09 21:05:20,c2309,c2309,2560.0,5.0,128000.0,-5.0,33,2560.0,2561.0,55,2583.0,2580.0,2580.0,2557.0,13856.0,355518510.0,330879
2023-05-09 21:05:20,c2309,c2309,2560.0,13.0,332800.0,-2.0,94,2560.0,2561.0,51,2583.0,2580.0,2580.0,2557.0,13869.0,355851310.0,330877
2023-05-09 21:05:21,c2309,c2309,2560.0,5.0,128020.0,-2.0,97,2560.0,2561.0,69,2583.0,2580.0,2580.0,2557.0,13874.0,355979330.0,330875
2023-05-09 21:05:21,c2309,c2309,2560.0,4.0,102430.0,2.0,117,2560.0,2561.0,66,2583.0,2580.0,2580.0,2557.0,13878.0,356081760.0,330877
2023-05-09 21:05:22,c2309,c2309,2561.0,4.0,102440.0,-3.0,119,2560.0,2561.0,60,2583.0,2580.0,2580.0,2557.0,13882.0,356184200.0,330874
2023-05-09 21:05:22,c2309,c2309,2561.0,76.0,1946360.0,-33.0,130,2560.0,2561.0,10,2583.0,2580.0,2580.0,2557.0,13958.0,358130560.0,330841
2023-05-09 21:05:23,c2309,c2309,2560.0,11.0,281700.0,-9.0,130,2560.0,2562.0,167,2583.0,2580.0,2580.0,2557.0,13969.0,358412260.0,330832
2023-05-09 21:05:23,c2309,c2309,2560.0,1.0,25600.0,0.0,129,2560.0,2562.0,167,2583.0,2580.0,2580.0,2557.0,13970.0,358437860.0,330832
2023-05-09 21:05:24,c2309,c2309,2560.0,155.0,3968000.0,59.0,94,2559.0,2560.0,46,2583.0,2580.0,2580.0,2557.0,14125.0,362405860.0,330891
2023-05-09 21:05:24,c2309,c2309,2559.0,217.0,5554840.0,73.0,201,2558.0,2559.0,76,2583.0,2580.0,2580.0,2557.0,14342.0,367960700.0,330964
2023-05-09 21:05:25,c2309,c2309,2560.0,86.0,2200780.0,73.0,96,2559.0,2560.0,37,2583.0,2580.0,2580.0,2557.0,14428.0,370161480.0,331037
2023-05-09 21:05:25,c2309,c2309,2560.0,1.0,25600.0,0.0,117,2559.0,2560.0,46,2583.0,2580.0,2580.0,2557.0,14429.0,370187080.0,331037
2023-05-09 21:05:26,c2309,c2309,2560.0,3.0,76800.0,1.0,205,2559.0,2560.0,11,2583.0,2580.0,2580.0,2557.0,14432.0,370263880.0,331038
2023-05-09 21:05:26,c2309,c2309,2561.0,8.0,204820.0,-8.0,84,2560.0,2561.0,45,2583.0,2580.0,2580.0,2557.0,14440.0,370468700.0,331030
2023-05-09 21:05:27,c2309,c2309,2560.0,33.0,844810.0,17.0,59,2560.0,2561.0,45,2583.0,2580.0,2580.0,2557.0,14473.0,371313510.0,331047
2023-05-09 21:05:27,c2309,c2309,2561.0,316.0,8089660.0,-18.0,73,2559.0,2561.0,12,2583.0,2580.0,2580.0,2557.0,14789.0,379403170.0,331029
2023-05-09 21:05:28,c2309,c2309,2561.0,46.0,1177960.0,-13.0,29,2560.0,2561.0,44,2583.0,2580.0,2580.0,2557.0,14835.0,380581130.0,331016
2023-05-09 21:05:28,c2309,c2309,2561.0,46.0,1178050.0,34.0,69,2560.0,2561.0,25,2583.0,2580.0,2580.0,2557.0,14881.0,381759180.0,331050
2023-05-09 21:05:29,c2309,c2309,2561.0,17.0,435370.0,-11.0,570,2560.0,2561.0,11,2583.0,2580.0,2580.0,2557.0,14898.0,382194550.0,331039
2023-05-09 21:05:29,c2309,c2309,2561.0,40.0,1024400.0,-12.0,582,2560.0,2562.0,75,2583.0,2580.0,2580.0,2557.0,14938.0,383218950.0,331027
2023-05-09 21:05:30,c2309,c2309,2561.0,6.0,153660.0,2.0,5,2561.0,2562.0,142,2583.0,2580.0,2580.0,2557.0,14944.0,383372610.0,331029
2023-05-09 21:05:30,c2309,c2309,2561.0,3.0,76830.0,0.0,10,2561.0,2562.0,142,2583.0,2580.0,2580.0,2557.0,14947.0,383449440.0,331029
2023-05-09 21:05:31,c2309,c2309,2561.0,0.0,0.0,0.0,10,2561.0,2562.0,143,2583.0,2580.0,2580.0,2557.0,14947.0,383449440.0,331029
2023-05-09 21:05:31,c2309,c2309,2562.0,2.0,51230.0,0.0,14,2561.0,2562.0,141,2583.0,2580.0,2580.0,2557.0,14949.0,383500670.0,331029
2023-05-09 21:05:32,c2309,c2309,2561.0,11.0,281710.0,-2.0,580,2560.0,2561.0,54,2583.0,2580.0,2580.0,2557.0,14960.0,383782380.0,331027
2023-05-09 21:05:32,c2309,c2309,2561.0,46.0,1178060.0,23.0,580,2560.0,2561.0,2,2583.0,2580.0,2580.0,2557.0,15006.0,384960440.0,331050
2023-05-09 21:05:33,c2309,c2309,2561.0,8.0,204880.0,-3.0,110,2561.0,2562.0,71,2583.0,2580.0,2580.0,2557.0,15014.0,385165320.0,331047
2023-05-09 21:05:33,c2309,c2309,2562.0,2.0,51240.0,0.0,132,2561.0,2562.0,46,2583.0,2580.0,2580.0,2557.0,15016.0,385216560.0,331047
2023-05-09 21:05:34,c2309,c2309,2562.0,43.0,1101650.0,9.0,137,2561.0,2563.0,185,2583.0,2580.0,2580.0,2557.0,15059.0,386318210.0,331056
2023-05-09 21:05:34,c2309,c2309,2562.0,0.0,0.0,0.0,16,2562.0,2563.0,198,2583.0,2580.0,2580.0,2557.0,15059.0,386318210.0,331056
2023-05-09 21:05:35,c2309,c2309,2562.0,16.0,409920.0,-13.0,11,2562.0,2563.0,201,2583.0,2580.0,2580.0,2557.0,15075.0,386728130.0,331043
2023-05-09 21:05:35,c2309,c2309,2562.0,12.0,307440.0,-10.0,103,2561.0,2562.0,13,2583.0,2580.0,2580.0,2557.0,15087.0,387035570.0,331033
2023-05-09 21:05:36,c2309,c2309,2562.0,0.0,0.0,0.0,104,2561.0,2562.0,15,2583.0,2580.0,2580.0,2557.0,15087.0,387035570.0,331033
2023-05-09 21:05:36,c2309,c2309,2562.0,1.0,25620.0,0.0,125,2561.0,2562.0,14,2583.0,2580.0,2580.0,2557.0,15088.0,387061190.0,331033
2023-05-09 21:05:37,c2309,c2309,2562.0,9.0,230580.0,0.0,150,2561.0,2563.0,95,2583.0,2580.0,2580.0,2557.0,15097.0,387291770.0,331033
2023-05-09 21:05:37,c2309,c2309,2562.0,0.0,0.0,0.0,2,2562.0,2563.0,81,2583.0,2580.0,2580.0,2557.0,15097.0,387291770.0,331033
2023-05-09 21:05:38,c2309,c2309,2561.0,4.0,102460.0,0.0,148,2561.0,2563.0,88,2583.0,2580.0,2580.0,2557.0,15101.0,387394230.0,331033
2023-05-09 21:05:38,c2309,c2309,2561.0,0.0,0.0,0.0,6,2562.0,2563.0,88,2583.0,2580.0,2580.0,2557.0,15101.0,387394230.0,331033
2023-05-09 21:05:39,c2309,c2309,2561.0,0.0,0.0,0.0,6,2562.0,2563.0,89,2583.0,2580.0,2580.0,2557.0,15101.0,387394230.0,331033
2023-05-09 21:05:39,c2309,c2309,2562.0,3.0,76860.0,1.0,111,2561.0,2562.0,1,2583.0,2580.0,2580.0,2557.0,15104.0,387471090.0,331034
2023-05-09 21:05:40,c2309,c2309,2562.0,0.0,0.0,0.0,117,2561.0,2562.0,1,2583.0,2580.0,2580.0,2557.0,15104.0,387471090.0,331034
2023-05-09 21:05:40,c2309,c2309,2562.0,0.0,0.0,0.0,117,2561.0,2562.0,6,2583.0,2580.0,2580.0,2557.0,15104.0,387471090.0,331034
2023-05-09 21:05:41,c2309,c2309,2562.0,0.0,0.0,0.0,117,2561.0,2562.0,16,2583.0,2580.0,2580.0,2557.0,15104.0,387471090.0,331034
2023-05-09 21:05:41,c2309,c2309,2562.0,11.0,281820.0,1.0,117,2561.0,2562.0,6,2583.0,2580.0,2580.0,2557.0,15115.0,387752910.0,331035
2023-05-09 21:05:42,c2309,c2309,2562.0,5.0,128100.0,3.0,117,2561.0,2562.0,1,2583.0,2580.0,2580.0,2557.0,15120.0,387881010.0,331038
2023-05-09 21:05:43,c2309,c2309,2562.0,0.0,0.0,0.0,5,2562.0,2563.0,93,2583.0,2580.0,2580.0,2557.0,15120.0,387881010.0,331038
2023-05-09 21:05:43,c2309,c2309,2562.0,0.0,0.0,0.0,518,2562.0,2563.0,79,2583.0,2580.0,2580.0,2557.0,15120.0,387881010.0,331038
2023-05-09 21:05:44,c2309,c2309,2562.0,1.0,25620.0,0.0,522,2562.0,2563.0,60,2583.0,2580.0,2580.0,2557.0,15121.0,387906630.0,331038
2023-05-09 21:05:44,c2309,c2309,2563.0,62.0,1589060.0,46.0,30,2563.0,2564.0,404,2583.0,2580.0,2580.0,2557.0,15183.0,389495690.0,331084
2023-05-09 21:05:45,c2309,c2309,2563.0,57.0,1460930.0,3.0,537,2562.0,2564.0,391,2583.0,2580.0,2580.0,2557.0,15240.0,390956620.0,331087
2023-05-09 21:05:45,c2309,c2309,2563.0,0.0,0.0,0.0,1,2563.0,2564.0,368,2583.0,2580.0,2580.0,2557.0,15240.0,390956620.0,331087
2023-05-09 21:05:46,c2309,c2309,2563.0,8.0,205040.0,-7.0,33,2563.0,2564.0,164,2583.0,2580.0,2580.0,2557.0,15248.0,391161660.0,331080
2023-05-09 21:05:46,c2309,c2309,2563.0,27.0,692010.0,-6.0,1,2563.0,2564.0,381,2583.0,2580.0,2580.0,2557.0,15275.0,391853670.0,331074
2023-05-09 21:05:47,c2309,c2309,2563.0,2.0,51260.0,-1.0,591,2562.0,2563.0,19,2583.0,2580.0,2580.0,2557.0,15277.0,391904930.0,331073
2023-05-09 21:05:47,c2309,c2309,2563.0,0.0,0.0,0.0,591,2562.0,2564.0,265,2583.0,2580.0,2580.0,2557.0,15277.0,391904930.0,331073
2023-05-09 21:05:48,c2309,c2309,2563.0,0.0,0.0,0.0,10,2563.0,2564.0,168,2583.0,2580.0,2580.0,2557.0,15277.0,391904930.0,331073
2023-05-09 21:05:48,c2309,c2309,2563.0,17.0,435710.0,-16.0,591,2562.0,2563.0,2,2583.0,2580.0,2580.0,2557.0,15294.0,392340640.0,331057
2023-05-09 21:05:49,c2309,c2309,2563.0,0.0,0.0,0.0,591,2562.0,2563.0,1,2583.0,2580.0,2580.0,2557.0,15294.0,392340640.0,331057
2023-05-09 21:05:49,c2309,c2309,2563.0,0.0,0.0,0.0,602,2562.0,2563.0,1,2583.0,2580.0,2580.0,2557.0,15294.0,392340640.0,331057
2023-05-09 21:05:51,c2309,c2309,2563.0,1.0,25630.0,-1.0,9,2563.0,2564.0,288,2583.0,2580.0,2580.0,2557.0,15295.0,392366270.0,331056
2023-05-09 21:05:51,c2309,c2309,2563.0,0.0,0.0,0.0,9,2563.0,2564.0,287,2583.0,2580.0,2580.0,2557.0,15295.0,392366270.0,331056
2023-05-09 21:05:52,c2309,c2309,2563.0,1.0,25630.0,-1.0,8,2563.0,2564.0,310,2583.0,2580.0,2580.0,2557.0,15296.0,392391900.0,331055
2023-05-09 21:05:52,c2309,c2309,2563.0,1.0,25630.0,-1.0,8,2563.0,2564.0,337,2583.0,2580.0,2580.0,2557.0,15297.0,392417530.0,331054
2023-05-09 21:05:53,c2309,c2309,2564.0,513.0,13155060.0,246.0,33,2564.0,2566.0,39,2583.0,2580.0,2580.0,2557.0,15810.0,405572590.0,331300
2023-05-09 21:05:53,c2309,c2309,2564.0,18.0,461590.0,5.0,14,2564.0,2565.0,84,2583.0,2580.0,2580.0,2557.0,15828.0,406034180.0,331305
2023-05-09 21:05:54,c2309,c2309,2564.0,0.0,0.0,0.0,34,2564.0,2565.0,61,2583.0,2580.0,2580.0,2557.0,15828.0,406034180.0,331305
2023-05-09 21:05:54,c2309,c2309,2564.0,0.0,0.0,0.0,36,2564.0,2565.0,39,2583.0,2580.0,2580.0,2557.0,15828.0,406034180.0,331305
2023-05-09 21:05:55,c2309,c2309,2564.0,1.0,25640.0,0.0,39,2564.0,2565.0,43,2583.0,2580.0,2580.0,2557.0,15829.0,406059820.0,331305
2023-05-09 21:05:55,c2309,c2309,2564.0,0.0,0.0,0.0,40,2564.0,2565.0,44,2583.0,2580.0,2580.0,2557.0,15829.0,406059820.0,331305
2023-05-09 21:05:56,c2309,c2309,2564.0,0.0,0.0,0.0,49,2564.0,2565.0,27,2583.0,2580.0,2580.0,2557.0,15829.0,406059820.0,331305
2023-05-09 21:05:56,c2309,c2309,2564.0,21.0,538440.0,18.0,37,2564.0,2565.0,15,2583.0,2580.0,2580.0,2557.0,15850.0,406598260.0,331323
2023-05-09 21:05:57,c2309,c2309,2564.0,0.0,0.0,0.0,39,2564.0,2565.0,18,2583.0,2580.0,2580.0,2557.0,15850.0,406598260.0,331323
2023-05-09 21:05:57,c2309,c2309,2565.0,1.0,25650.0,-1.0,45,2564.0,2565.0,17,2583.0,2580.0,2580.0,2557.0,15851.0,406623910.0,331322
2023-05-09 21:05:58,c2309,c2309,2564.0,42.0,1077170.0,-35.0,48,2564.0,2565.0,21,2583.0,2580.0,2580.0,2557.0,15893.0,407701080.0,331287
2023-05-09 21:05:58,c2309,c2309,2564.0,0.0,0.0,0.0,41,2564.0,2565.0,38,2583.0,2580.0,2580.0,2557.0,15893.0,407701080.0,331287
2023-05-09 21:05:59,c2309,c2309,2565.0,2.0,51300.0,0.0,41,2564.0,2565.0,55,2583.0,2580.0,2580.0,2557.0,15895.0,407752380.0,331287
2023-05-09 21:05:59,c2309,c2309,2565.0,1.0,25650.0,0.0,41,2564.0,2565.0,48,2583.0,2580.0,2580.0,2557.0,15896.0,407778030.0,331287
2023-05-09 21:06:00,c2309,c2309,2565.0,0.0,0.0,0.0,41,2564.0,2565.0,51,2583.0,2580.0,2580.0,2557.0,15896.0,407778030.0,331287
2023-05-09 21:06:01,c2309,c2309,2565.0,2.0,51300.0,-1.0,41,2564.0,2565.0,55,2583.0,2580.0,2580.0,2557.0,15898.0,407829330.0,331286
2023-05-09 21:06:01,c2309,c2309,2565.0,0.0,0.0,0.0,41,2564.0,2565.0,56,2583.0,2580.0,2580.0,2557.0,15898.0,407829330.0,331286
2023-05-09 21:06:02,c2309,c2309,2565.0,0.0,0.0,0.0,41,2564.0,2565.0,161,2583.0,2580.0,2580.0,2557.0,15898.0,407829330.0,331286
2023-05-09 21:06:02,c2309,c2309,2565.0,1.0,25650.0,-1.0,41,2564.0,2565.0,162,2583.0,2580.0,2580.0,2557.0,15899.0,407854980.0,331285
2023-05-09 21:06:03,c2309,c2309,2564.0,7.0,179480.0,-5.0,34,2564.0,2565.0,166,2583.0,2580.0,2580.0,2557.0,15906.0,408034460.0,331280
2023-05-09 21:06:04,c2309,c2309,2564.0,8.0,205140.0,0.0,32,2564.0,2565.0,164,2583.0,2580.0,2580.0,2557.0,15914.0,408239600.0,331280
2023-05-09 21:06:04,c2309,c2309,2564.0,0.0,0.0,0.0,39,2564.0,2565.0,164,2583.0,2580.0,2580.0,2557.0,15914.0,408239600.0,331280
2023-05-09 21:06:05,c2309,c2309,2564.0,0.0,0.0,0.0,70,2564.0,2565.0,14,2583.0,2580.0,2580.0,2557.0,15914.0,408239600.0,331280
2023-05-09 21:06:05,c2309,c2309,2564.0,0.0,0.0,0.0,51,2564.0,2565.0,107,2583.0,2580.0,2580.0,2557.0,15914.0,408239600.0,331280
2023-05-09 21:06:06,c2309,c2309,2565.0,51.0,1308140.0,24.0,57,2564.0,2566.0,45,2583.0,2580.0,2580.0,2557.0,15965.0,409547740.0,331304
2023-05-09 21:06:06,c2309,c2309,2565.0,5.0,128250.0,0.0,65,2564.0,2565.0,39,2583.0,2580.0,2580.0,2557.0,15970.0,409675990.0,331304
2023-05-09 21:06:07,c2309,c2309,2565.0,0.0,0.0,0.0,73,2564.0,2565.0,49,2583.0,2580.0,2580.0,2557.0,15970.0,409675990.0,331304
2023-05-09 21:06:07,c2309,c2309,2565.0,12.0,307800.0,-12.0,73,2564.0,2565.0,41,2583.0,2580.0,2580.0,2557.0,15982.0,409983790.0,331292
2023-05-09 21:06:08,c2309,c2309,2565.0,1.0,25650.0,-1.0,75,2564.0,2565.0,50,2583.0,2580.0,2580.0,2557.0,15983.0,410009440.0,331291
2023-05-09 21:06:08,c2309,c2309,2565.0,1.0,25650.0,0.0,75,2564.0,2565.0,61,2583.0,2580.0,2580.0,2557.0,15984.0,410035090.0,331291
2023-05-09 21:06:09,c2309,c2309,2565.0,0.0,0.0,0.0,76,2564.0,2565.0,122,2583.0,2580.0,2580.0,2557.0,15984.0,410035090.0,331291
2023-05-09 21:06:09,c2309,c2309,2565.0,3.0,76950.0,1.0,71,2564.0,2565.0,112,2583.0,2580.0,2580.0,2557.0,15987.0,410112040.0,331292
2023-05-09 21:06:10,c2309,c2309,2565.0,0.0,0.0,0.0,71,2564.0,2565.0,24,2583.0,2580.0,2580.0,2557.0,15987.0,410112040.0,331292
2023-05-09 21:06:10,c2309,c2309,2565.0,0.0,0.0,0.0,102,2564.0,2565.0,72,2583.0,2580.0,2580.0,2557.0,15987.0,410112040.0,331292
2023-05-09 21:06:11,c2309,c2309,2565.0,0.0,0.0,0.0,74,2564.0,2565.0,189,2583.0,2580.0,2580.0,2557.0,15987.0,410112040.0,331292
2023-05-09 21:06:11,c2309,c2309,2565.0,0.0,0.0,0.0,84,2564.0,2565.0,185,2583.0,2580.0,2580.0,2557.0,15987.0,410112040.0,331292
2023-05-09 21:06:12,c2309,c2309,2565.0,0.0,0.0,0.0,84,2564.0,2565.0,245,2583.0,2580.0,2580.0,2557.0,15987.0,410112040.0,331292
2023-05-09 21:06:12,c2309,c2309,2565.0,0.0,0.0,0.0,82,2564.0,2565.0,250,2583.0,2580.0,2580.0,2557.0,15987.0,410112040.0,331292
2023-05-09 21:06:13,c2309,c2309,2565.0,1.0,25650.0,-1.0,82,2564.0,2565.0,249,2583.0,2580.0,2580.0,2557.0,15988.0,410137690.0,331291
2023-05-09 21:06:14,c2309,c2309,2564.0,1.0,25640.0,0.0,131,2564.0,2565.0,252,2583.0,2580.0,2580.0,2557.0,15989.0,410163330.0,331291
2023-05-09 21:06:14,c2309,c2309,2565.0,1.0,25650.0,0.0,132,2564.0,2565.0,250,2583.0,2580.0,2580.0,2557.0,15990.0,410188980.0,331291
2023-05-09 21:06:15,c2309,c2309,2565.0,0.0,0.0,0.0,152,2564.0,2565.0,250,2583.0,2580.0,2580.0,2557.0,15990.0,410188980.0,331291
2023-05-09 21:06:15,c2309,c2309,2565.0,2.0,51300.0,-2.0,154,2564.0,2565.0,248,2583.0,2580.0,2580.0,2557.0,15992.0,410240280.0,331289
2023-05-09 21:06:17,c2309,c2309,2564.0,3.0,76930.0,2.0,152,2564.0,2565.0,251,2583.0,2580.0,2580.0,2557.0,15995.0,410317210.0,331291
2023-05-09 21:06:17,c2309,c2309,2564.0,0.0,0.0,0.0,153,2564.0,2565.0,251,2583.0,2580.0,2580.0,2557.0,15995.0,410317210.0,331291
2023-05-09 21:06:18,c2309,c2309,2565.0,1.0,25650.0,1.0,154,2564.0,2565.0,250,2583.0,2580.0,2580.0,2557.0,15996.0,410342860.0,331292
2023-05-09 21:06:18,c2309,c2309,2564.0,170.0,4358850.0,97.0,118,2563.0,2564.0,30,2583.0,2580.0,2580.0,2557.0,16166.0,414701710.0,331389
2023-05-09 21:06:19,c2309,c2309,2565.0,22.0,564090.0,9.0,41,2564.0,2565.0,261,2583.0,2580.0,2580.0,2557.0,16188.0,415265800.0,331398
2023-05-09 21:06:19,c2309,c2309,2564.0,15.0,384600.0,15.0,31,2564.0,2565.0,261,2583.0,2580.0,2580.0,2557.0,16203.0,415650400.0,331413
2023-05-09 21:06:20,c2309,c2309,2565.0,438.0,11233120.0,161.0,99,2565.0,2566.0,146,2583.0,2580.0,2580.0,2557.0,16641.0,426883520.0,331574
2023-05-09 21:06:20,c2309,c2309,2565.0,84.0,2154600.0,39.0,29,2565.0,2566.0,66,2583.0,2580.0,2580.0,2557.0,16725.0,429038120.0,331613
2023-05-09 21:06:21,c2309,c2309,2565.0,6.0,153900.0,3.0,23,2565.0,2566.0,71,2583.0,2580.0,2580.0,2557.0,16731.0,429192020.0,331616
2023-05-09 21:06:21,c2309,c2309,2565.0,1.0,25650.0,1.0,23,2565.0,2566.0,75,2583.0,2580.0,2580.0,2557.0,16732.0,429217670.0,331617
2023-05-09 21:06:22,c2309,c2309,2565.0,0.0,0.0,0.0,23,2565.0,2566.0,103,2583.0,2580.0,2580.0,2557.0,16732.0,429217670.0,331617
2023-05-09 21:06:22,c2309,c2309,2565.0,0.0,0.0,0.0,24,2565.0,2566.0,90,2583.0,2580.0,2580.0,2557.0,16732.0,429217670.0,331617
2023-05-09 21:06:23,c2309,c2309,2565.0,0.0,0.0,0.0,24,2565.0,2566.0,87,2583.0,2580.0,2580.0,2557.0,16732.0,429217670.0,331617
2023-05-09 21:06:23,c2309,c2309,2565.0,0.0,0.0,0.0,24,2565.0,2566.0,98,2583.0,2580.0,2580.0,2557.0,16732.0,429217670.0,331617
2023-05-09 21:06:24,c2309,c2309,2565.0,25.0,641250.0,15.0,41,2564.0,2565.0,65,2583.0,2580.0,2580.0,2557.0,16757.0,429858920.0,331632
2023-05-09 21:06:24,c2309,c2309,2565.0,1.0,25650.0,0.0,59,2564.0,2565.0,65,2583.0,2580.0,2580.0,2557.0,16758.0,429884570.0,331632
2023-05-09 21:06:25,c2309,c2309,2565.0,0.0,0.0,0.0,59,2564.0,2565.0,81,2583.0,2580.0,2580.0,2557.0,16758.0,429884570.0,331632
2023-05-09 21:06:25,c2309,c2309,2565.0,0.0,0.0,0.0,59,2564.0,2565.0,82,2583.0,2580.0,2580.0,2557.0,16758.0,429884570.0,331632
2023-05-09 21:06:26,c2309,c2309,2565.0,0.0,0.0,0.0,97,2564.0,2565.0,77,2583.0,2580.0,2580.0,2557.0,16758.0,429884570.0,331632
2023-05-09 21:06:26,c2309,c2309,2565.0,0.0,0.0,0.0,60,2564.0,2565.0,83,2583.0,2580.0,2580.0,2557.0,16758.0,429884570.0,331632
2023-05-09 21:06:27,c2309,c2309,2565.0,0.0,0.0,0.0,57,2564.0,2565.0,92,2583.0,2580.0,2580.0,2557.0,16758.0,429884570.0,331632
2023-05-09 21:06:27,c2309,c2309,2565.0,1.0,25650.0,1.0,57,2564.0,2565.0,93,2583.0,2580.0,2580.0,2557.0,16759.0,429910220.0,331633
2023-05-09 21:06:28,c2309,c2309,2565.0,1.0,25650.0,1.0,57,2564.0,2565.0,102,2583.0,2580.0,2580.0,2557.0,16760.0,429935870.0,331634
2023-05-09 21:06:30,c2309,c2309,2564.0,57.0,1461480.0,-40.0,78,2563.0,2564.0,70,2583.0,2580.0,2580.0,2557.0,16817.0,431397350.0,331594
2023-05-09 21:06:30,c2309,c2309,2564.0,0.0,0.0,0.0,109,2563.0,2564.0,46,2583.0,2580.0,2580.0,2557.0,16817.0,431397350.0,331594
2023-05-09 21:06:31,c2309,c2309,2564.0,0.0,0.0,0.0,135,2563.0,2564.0,46,2583.0,2580.0,2580.0,2557.0,16817.0,431397350.0,331594
2023-05-09 21:06:32,c2309,c2309,2563.0,1.0,25630.0,0.0,134,2563.0,2564.0,46,2583.0,2580.0,2580.0,2557.0,16818.0,431422980.0,331594
2023-05-09 21:06:32,c2309,c2309,2564.0,5.0,128200.0,0.0,135,2563.0,2564.0,41,2583.0,2580.0,2580.0,2557.0,16823.0,431551180.0,331594
2023-05-09 21:06:34,c2309,c2309,2564.0,37.0,948680.0,18.0,80,2563.0,2564.0,14,2583.0,2580.0,2580.0,2557.0,16860.0,432499860.0,331612
2023-05-09 21:06:34,c2309,c2309,2564.0,0.0,0.0,0.0,77,2563.0,2564.0,34,2583.0,2580.0,2580.0,2557.0,16860.0,432499860.0,331612
2023-05-09 21:06:35,c2309,c2309,2564.0,0.0,0.0,0.0,77,2563.0,2564.0,40,2583.0,2580.0,2580.0,2557.0,16860.0,432499860.0,331612
2023-05-09 21:06:37,c2309,c2309,2564.0,0.0,0.0,0.0,73,2563.0,2564.0,91,2583.0,2580.0,2580.0,2557.0,16860.0,432499860.0,331612
2023-05-09 21:06:37,c2309,c2309,2564.0,0.0,0.0,0.0,74,2563.0,2564.0,91,2583.0,2580.0,2580.0,2557.0,16860.0,432499860.0,331612
2023-05-09 21:06:38,c2309,c2309,2564.0,5.0,128200.0,1.0,75,2563.0,2564.0,81,2583.0,2580.0,2580.0,2557.0,16865.0,432628060.0,331613
2023-05-09 21:06:38,c2309,c2309,2564.0,0.0,0.0,0.0,76,2563.0,2564.0,77,2583.0,2580.0,2580.0,2557.0,16865.0,432628060.0,331613
2023-05-09 21:06:39,c2309,c2309,2564.0,0.0,0.0,0.0,76,2563.0,2564.0,92,2583.0,2580.0,2580.0,2557.0,16865.0,432628060.0,331613
2023-05-09 21:06:39,c2309,c2309,2564.0,1.0,25640.0,0.0,76,2563.0,2564.0,109,2583.0,2580.0,2580.0,2557.0,16866.0,432653700.0,331613
2023-05-09 21:06:40,c2309,c2309,2564.0,10.0,256400.0,5.0,75,2563.0,2564.0,111,2583.0,2580.0,2580.0,2557.0,16876.0,432910100.0,331618
2023-05-09 21:06:40,c2309,c2309,2563.0,82.0,2101710.0,-34.0,88,2562.0,2563.0,36,2583.0,2580.0,2580.0,2557.0,16958.0,435011810.0,331584
