time,symbol_id,symbol_name,last,trade_volume,trade_amount,open_interest_change,bv1,bp1,ap1,av1,yesterday_close,today_open,today_high,today_low,volume,amount,open_interest
2023-05-09 20:59:00,c2305,c2305,2591.0,40.0,1036400.0,-40.0,565,2570.0,2610.0,500,2590.0,2591.0,2591.0,2591.0,40.0,1036400.0,17414
2023-05-09 21:00:00,c2305,c2305,2591.0,0.0,0.0,0.0,565,2570.0,2591.0,86,2590.0,2591.0,2591.0,2591.0,40.0,1036400.0,17414
2023-05-09 21:00:00,c2305,c2305,2591.0,0.0,0.0,0.0,565,2570.0,2600.0,5,2590.0,2591.0,2591.0,2591.0,40.0,1036400.0,17414
2023-05-09 21:00:03,c2305,c2305,2591.0,0.0,0.0,0.0,565,2570.0,2610.0,500,2590.0,2591.0,2591.0,2591.0,40.0,1036400.0,17414
2023-05-09 21:00:14,c2305,c2305,2591.0,0.0,0.0,0.0,565,2570.0,2595.0,5,2590.0,2591.0,2591.0,2591.0,40.0,1036400.0,17414
2023-05-09 21:01:27,c2305,c2305,2570.0,17.0,436900.0,0.0,548,2570.0,2595.0,5,2590.0,2591.0,2591.0,2570.0,57.0,1473300.0,17414
2023-05-09 21:01:49,c2305,c2305,2570.0,0.0,0.0,0.0,20,2535.0,2595.0,5,2590.0,2591.0,2591.0,2570.0,57.0,1473300.0,17414
2023-05-09 21:02:02,c2305,c2305,2570.0,0.0,0.0,0.0,20,2505.0,2595.0,5,2590.0,2591.0,2591.0,2570.0,57.0,1473300.0,17414
2023-05-09 21:02:04,c2305,c2305,2570.0,0.0,0.0,0.0,20,2505.0,2594.0,1,2590.0,2591.0,2591.0,2570.0,57.0,1473300.0,17414
2023-05-09 21:02:07,c2305,c2305,2570.0,0.0,0.0,0.0,548,2550.0,2594.0,1,2590.0,2591.0,2591.0,2570.0,57.0,1473300.0,17414
2023-05-09 21:02:13,c2305,c2305,2570.0,0.0,0.0,0.0,591,2550.0,2594.0,1,2590.0,2591.0,2591.0,2570.0,57.0,1473300.0,17414
2023-05-09 21:02:13,c2305,c2305,2570.0,0.0,0.0,0.0,598,2550.0,2594.0,1,2590.0,2591.0,2591.0,2570.0,57.0,1473300.0,17414
2023-05-09 21:02:14,c2305,c2305,2570.0,0.0,0.0,0.0,560,2550.0,2594.0,1,2590.0,2591.0,2591.0,2570.0,57.0,1473300.0,17414
2023-05-09 21:02:14,c2305,c2305,2570.0,0.0,0.0,0.0,598,2550.0,2594.0,1,2590.0,2591.0,2591.0,2570.0,57.0,1473300.0,17414
2023-05-09 21:02:15,c2305,c2305,2570.0,0.0,0.0,0.0,548,2550.0,2594.0,1,2590.0,2591.0,2591.0,2570.0,57.0,1473300.0,17414
2023-05-09 21:02:20,c2305,c2305,2570.0,0.0,0.0,0.0,598,2550.0,2594.0,1,2590.0,2591.0,2591.0,2570.0,57.0,1473300.0,17414
2023-05-09 21:02:25,c2305,c2305,2570.0,0.0,0.0,0.0,548,2550.0,2594.0,1,2590.0,2591.0,2591.0,2570.0,57.0,1473300.0,17414
2023-05-09 21:02:26,c2305,c2305,2570.0,0.0,0.0,0.0,598,2550.0,2594.0,1,2590.0,2591.0,2591.0,2570.0,57.0,1473300.0,17414
2023-05-09 21:02:28,c2305,c2305,2570.0,0.0,0.0,0.0,595,2550.0,2594.0,1,2590.0,2591.0,2591.0,2570.0,57.0,1473300.0,17414
2023-05-09 21:02:29,c2305,c2305,2570.0,0.0,0.0,0.0,583,2550.0,2594.0,1,2590.0,2591.0,2591.0,2570.0,57.0,1473300.0,17414
2023-05-09 21:02:29,c2305,c2305,2570.0,0.0,0.0,0.0,548,2550.0,2594.0,1,2590.0,2591.0,2591.0,2570.0,57.0,1473300.0,17414
2023-05-09 21:02:46,c2305,c2305,2570.0,0.0,0.0,0.0,554,2550.0,2594.0,1,2590.0,2591.0,2591.0,2570.0,57.0,1473300.0,17414
2023-05-09 21:02:46,c2305,c2305,2570.0,0.0,0.0,0.0,598,2550.0,2594.0,1,2590.0,2591.0,2591.0,2570.0,57.0,1473300.0,17414
2023-05-09 21:02:47,c2305,c2305,2570.0,0.0,0.0,0.0,591,2550.0,2594.0,1,2590.0,2591.0,2591.0,2570.0,57.0,1473300.0,17414
2023-05-09 21:02:47,c2305,c2305,2570.0,0.0,0.0,0.0,598,2550.0,2594.0,1,2590.0,2591.0,2591.0,2570.0,57.0,1473300.0,17414
2023-05-09 21:02:48,c2305,c2305,2570.0,0.0,0.0,0.0,548,2550.0,2594.0,1,2590.0,2591.0,2591.0,2570.0,57.0,1473300.0,17414
2023-05-09 21:02:55,c2305,c2305,2570.0,0.0,0.0,0.0,584,2550.0,2594.0,1,2590.0,2591.0,2591.0,2570.0,57.0,1473300.0,17414
2023-05-09 21:02:55,c2305,c2305,2570.0,0.0,0.0,0.0,548,2550.0,2594.0,1,2590.0,2591.0,2591.0,2570.0,57.0,1473300.0,17414
2023-05-09 21:03:34,c2305,c2305,2570.0,0.0,0.0,0.0,100,2551.0,2594.0,1,2590.0,2591.0,2591.0,2570.0,57.0,1473300.0,17414
2023-05-09 21:07:29,c2305,c2305,2570.0,0.0,0.0,0.0,548,2552.0,2594.0,1,2590.0,2591.0,2591.0,2570.0,57.0,1473300.0,17414
2023-05-09 21:10:50,c2305,c2305,2570.0,0.0,0.0,0.0,555,2552.0,2594.0,1,2590.0,2591.0,2591.0,2570.0,57.0,1473300.0,17414
2023-05-09 21:10:50,c2305,c2305,2570.0,0.0,0.0,0.0,578,2552.0,2594.0,1,2590.0,2591.0,2591.0,2570.0,57.0,1473300.0,17414
2023-05-09 21:10:50,c2305,c2305,2570.0,0.0,0.0,0.0,598,2552.0,2594.0,1,2590.0,2591.0,2591.0,2570.0,57.0,1473300.0,17414
2023-05-09 21:10:55,c2305,c2305,2570.0,0.0,0.0,0.0,548,2552.0,2594.0,1,2590.0,2591.0,2591.0,2570.0,57.0,1473300.0,17414
2023-05-09 21:16:09,c2305,c2305,2570.0,0.0,0.0,0.0,598,2552.0,2594.0,1,2590.0,2591.0,2591.0,2570.0,57.0,1473300.0,17414
2023-05-09 21:16:17,c2305,c2305,2570.0,0.0,0.0,0.0,552,2552.0,2594.0,1,2590.0,2591.0,2591.0,2570.0,57.0,1473300.0,17414
2023-05-09 21:16:17,c2305,c2305,2570.0,0.0,0.0,0.0,598,2552.0,2594.0,1,2590.0,2591.0,2591.0,2570.0,57.0,1473300.0,17414
2023-05-09 21:16:18,c2305,c2305,2570.0,0.0,0.0,0.0,548,2552.0,2594.0,1,2590.0,2591.0,2591.0,2570.0,57.0,1473300.0,17414
2023-05-09 21:16:18,c2305,c2305,2570.0,0.0,0.0,0.0,598,2552.0,2594.0,1,2590.0,2591.0,2591.0,2570.0,57.0,1473300.0,17414
2023-05-09 21:16:32,c2305,c2305,2570.0,0.0,0.0,0.0,548,2552.0,2594.0,1,2590.0,2591.0,2591.0,2570.0,57.0,1473300.0,17414
2023-05-09 21:16:32,c2305,c2305,2570.0,0.0,0.0,0.0,548,2552.0,2595.0,5,2590.0,2591.0,2591.0,2570.0,57.0,1473300.0,17414
2023-05-09 21:16:35,c2305,c2305,2570.0,0.0,0.0,0.0,598,2552.0,2595.0,5,2590.0,2591.0,2591.0,2570.0,57.0,1473300.0,17414
2023-05-09 21:16:44,c2305,c2305,2570.0,0.0,0.0,0.0,548,2552.0,2595.0,5,2590.0,2591.0,2591.0,2570.0,57.0,1473300.0,17414
2023-05-09 21:17:02,c2305,c2305,2570.0,0.0,0.0,0.0,598,2552.0,2595.0,5,2590.0,2591.0,2591.0,2570.0,57.0,1473300.0,17414
2023-05-09 21:17:33,c2305,c2305,2570.0,0.0,0.0,0.0,548,2552.0,2595.0,5,2590.0,2591.0,2591.0,2570.0,57.0,1473300.0,17414
2023-05-09 21:17:45,c2305,c2305,2570.0,0.0,0.0,0.0,598,2552.0,2595.0,5,2590.0,2591.0,2591.0,2570.0,57.0,1473300.0,17414
2023-05-09 21:17:52,c2305,c2305,2570.0,0.0,0.0,0.0,548,2552.0,2595.0,5,2590.0,2591.0,2591.0,2570.0,57.0,1473300.0,17414
2023-05-09 21:18:14,c2305,c2305,2570.0,0.0,0.0,0.0,598,2552.0,2595.0,5,2590.0,2591.0,2591.0,2570.0,57.0,1473300.0,17414
2023-05-09 21:18:19,c2305,c2305,2570.0,0.0,0.0,0.0,548,2552.0,2595.0,5,2590.0,2591.0,2591.0,2570.0,57.0,1473300.0,17414
2023-05-09 21:18:20,c2305,c2305,2570.0,0.0,0.0,0.0,598,2552.0,2595.0,5,2590.0,2591.0,2591.0,2570.0,57.0,1473300.0,17414
2023-05-09 21:18:21,c2305,c2305,2570.0,0.0,0.0,0.0,548,2552.0,2595.0,5,2590.0,2591.0,2591.0,2570.0,57.0,1473300.0,17414
2023-05-09 21:19:05,c2305,c2305,2570.0,0.0,0.0,0.0,598,2552.0,2595.0,5,2590.0,2591.0,2591.0,2570.0,57.0,1473300.0,17414
2023-05-09 21:19:21,c2305,c2305,2570.0,0.0,0.0,0.0,548,2552.0,2595.0,5,2590.0,2591.0,2591.0,2570.0,57.0,1473300.0,17414
2023-05-09 21:21:20,c2305,c2305,2570.0,0.0,0.0,0.0,569,2552.0,2595.0,5,2590.0,2591.0,2591.0,2570.0,57.0,1473300.0,17414
2023-05-09 21:21:21,c2305,c2305,2570.0,0.0,0.0,0.0,576,2552.0,2595.0,5,2590.0,2591.0,2591.0,2570.0,57.0,1473300.0,17414
2023-05-09 21:21:21,c2305,c2305,2570.0,0.0,0.0,0.0,598,2552.0,2595.0,5,2590.0,2591.0,2591.0,2570.0,57.0,1473300.0,17414
2023-05-09 21:21:49,c2305,c2305,2570.0,0.0,0.0,0.0,552,2552.0,2595.0,5,2590.0,2591.0,2591.0,2570.0,57.0,1473300.0,17414
2023-05-09 21:21:50,c2305,c2305,2570.0,0.0,0.0,0.0,550,2552.0,2595.0,5,2590.0,2591.0,2591.0,2570.0,57.0,1473300.0,17414
2023-05-09 21:21:50,c2305,c2305,2570.0,0.0,0.0,0.0,548,2552.0,2595.0,5,2590.0,2591.0,2591.0,2570.0,57.0,1473300.0,17414
2023-05-09 21:21:52,c2305,c2305,2570.0,0.0,0.0,0.0,552,2552.0,2595.0,5,2590.0,2591.0,2591.0,2570.0,57.0,1473300.0,17414
2023-05-09 21:21:52,c2305,c2305,2570.0,0.0,0.0,0.0,567,2552.0,2595.0,5,2590.0,2591.0,2591.0,2570.0,57.0,1473300.0,17414
2023-05-09 21:21:52,c2305,c2305,2570.0,0.0,0.0,0.0,598,2552.0,2595.0,5,2590.0,2591.0,2591.0,2570.0,57.0,1473300.0,17414
2023-05-09 21:21:53,c2305,c2305,2570.0,0.0,0.0,0.0,548,2552.0,2595.0,5,2590.0,2591.0,2591.0,2570.0,57.0,1473300.0,17414
2023-05-09 21:23:55,c2305,c2305,2570.0,0.0,0.0,0.0,598,2552.0,2595.0,5,2590.0,2591.0,2591.0,2570.0,57.0,1473300.0,17414
2023-05-09 21:23:56,c2305,c2305,2570.0,0.0,0.0,0.0,548,2552.0,2595.0,5,2590.0,2591.0,2591.0,2570.0,57.0,1473300.0,17414
2023-05-09 21:23:56,c2305,c2305,2570.0,0.0,0.0,0.0,551,2552.0,2595.0,5,2590.0,2591.0,2591.0,2570.0,57.0,1473300.0,17414
2023-05-09 21:23:57,c2305,c2305,2570.0,0.0,0.0,0.0,550,2552.0,2595.0,5,2590.0,2591.0,2591.0,2570.0,57.0,1473300.0,17414
2023-05-09 21:23:57,c2305,c2305,2570.0,0.0,0.0,0.0,561,2552.0,2595.0,5,2590.0,2591.0,2591.0,2570.0,57.0,1473300.0,17414
2023-05-09 21:23:58,c2305,c2305,2570.0,0.0,0.0,0.0,574,2552.0,2595.0,5,2590.0,2591.0,2591.0,2570.0,57.0,1473300.0,17414
2023-05-09 21:23:58,c2305,c2305,2570.0,0.0,0.0,0.0,598,2552.0,2595.0,5,2590.0,2591.0,2591.0,2570.0,57.0,1473300.0,17414
2023-05-09 21:23:59,c2305,c2305,2570.0,0.0,0.0,0.0,594,2552.0,2595.0,5,2590.0,2591.0,2591.0,2570.0,57.0,1473300.0,17414
2023-05-09 21:23:59,c2305,c2305,2570.0,0.0,0.0,0.0,591,2552.0,2595.0,5,2590.0,2591.0,2591.0,2570.0,57.0,1473300.0,17414
2023-05-09 21:24:00,c2305,c2305,2570.0,0.0,0.0,0.0,590,2552.0,2595.0,5,2590.0,2591.0,2591.0,2570.0,57.0,1473300.0,17414
2023-05-09 21:24:01,c2305,c2305,2570.0,0.0,0.0,0.0,548,2552.0,2595.0,5,2590.0,2591.0,2591.0,2570.0,57.0,1473300.0,17414
2023-05-09 21:24:23,c2305,c2305,2570.0,0.0,0.0,0.0,590,2552.0,2595.0,5,2590.0,2591.0,2591.0,2570.0,57.0,1473300.0,17414
2023-05-09 21:24:23,c2305,c2305,2570.0,0.0,0.0,0.0,552,2552.0,2595.0,5,2590.0,2591.0,2591.0,2570.0,57.0,1473300.0,17414
2023-05-09 21:24:24,c2305,c2305,2570.0,0.0,0.0,0.0,563,2552.0,2595.0,5,2590.0,2591.0,2591.0,2570.0,57.0,1473300.0,17414
2023-05-09 21:24:24,c2305,c2305,2570.0,0.0,0.0,0.0,598,2552.0,2595.0,5,2590.0,2591.0,2591.0,2570.0,57.0,1473300.0,17414
2023-05-09 21:24:30,c2305,c2305,2570.0,0.0,0.0,0.0,574,2552.0,2595.0,5,2590.0,2591.0,2591.0,2570.0,57.0,1473300.0,17414
2023-05-09 21:24:30,c2305,c2305,2570.0,0.0,0.0,0.0,575,2552.0,2595.0,5,2590.0,2591.0,2591.0,2570.0,57.0,1473300.0,17414
2023-05-09 21:24:31,c2305,c2305,2570.0,0.0,0.0,0.0,574,2552.0,2595.0,5,2590.0,2591.0,2591.0,2570.0,57.0,1473300.0,17414
2023-05-09 21:24:32,c2305,c2305,2570.0,0.0,0.0,0.0,576,2552.0,2595.0,5,2590.0,2591.0,2591.0,2570.0,57.0,1473300.0,17414
2023-05-09 21:24:32,c2305,c2305,2570.0,0.0,0.0,0.0,581,2552.0,2595.0,5,2590.0,2591.0,2591.0,2570.0,57.0,1473300.0,17414
2023-05-09 21:24:33,c2305,c2305,2570.0,0.0,0.0,0.0,579,2552.0,2595.0,5,2590.0,2591.0,2591.0,2570.0,57.0,1473300.0,17414
2023-05-09 21:24:34,c2305,c2305,2570.0,0.0,0.0,0.0,569,2552.0,2595.0,5,2590.0,2591.0,2591.0,2570.0,57.0,1473300.0,17414
2023-05-09 21:24:34,c2305,c2305,2570.0,0.0,0.0,0.0,568,2552.0,2595.0,5,2590.0,2591.0,2591.0,2570.0,57.0,1473300.0,17414
2023-05-09 21:24:35,c2305,c2305,2570.0,0.0,0.0,0.0,560,2552.0,2595.0,5,2590.0,2591.0,2591.0,2570.0,57.0,1473300.0,17414
2023-05-09 21:24:36,c2305,c2305,2570.0,0.0,0.0,0.0,598,2552.0,2595.0,5,2590.0,2591.0,2591.0,2570.0,57.0,1473300.0,17414
2023-05-09 21:25:08,c2305,c2305,2570.0,0.0,0.0,0.0,548,2552.0,2595.0,5,2590.0,2591.0,2591.0,2570.0,57.0,1473300.0,17414
2023-05-09 21:25:09,c2305,c2305,2570.0,0.0,0.0,0.0,598,2552.0,2595.0,5,2590.0,2591.0,2591.0,2570.0,57.0,1473300.0,17414
2023-05-09 21:25:23,c2305,c2305,2570.0,0.0,0.0,0.0,548,2552.0,2595.0,5,2590.0,2591.0,2591.0,2570.0,57.0,1473300.0,17414
2023-05-09 21:25:23,c2305,c2305,2570.0,0.0,0.0,0.0,598,2552.0,2595.0,5,2590.0,2591.0,2591.0,2570.0,57.0,1473300.0,17414
2023-05-09 21:25:39,c2305,c2305,2570.0,0.0,0.0,0.0,584,2552.0,2595.0,5,2590.0,2591.0,2591.0,2570.0,57.0,1473300.0,17414
2023-05-09 21:25:39,c2305,c2305,2570.0,0.0,0.0,0.0,586,2552.0,2595.0,5,2590.0,2591.0,2591.0,2570.0,57.0,1473300.0,17414
2023-05-09 21:25:40,c2305,c2305,2570.0,0.0,0.0,0.0,598,2552.0,2595.0,5,2590.0,2591.0,2591.0,2570.0,57.0,1473300.0,17414
2023-05-09 21:25:44,c2305,c2305,2570.0,0.0,0.0,0.0,548,2552.0,2595.0,5,2590.0,2591.0,2591.0,2570.0,57.0,1473300.0,17414
2023-05-09 21:26:00,c2305,c2305,2570.0,0.0,0.0,0.0,548,2552.0,2590.0,4,2590.0,2591.0,2591.0,2570.0,57.0,1473300.0,17414
2023-05-09 21:26:29,c2305,c2305,2570.0,0.0,0.0,0.0,598,2552.0,2590.0,4,2590.0,2591.0,2591.0,2570.0,57.0,1473300.0,17414
2023-05-09 21:26:30,c2305,c2305,2570.0,0.0,0.0,0.0,594,2552.0,2590.0,4,2590.0,2591.0,2591.0,2570.0,57.0,1473300.0,17414
2023-05-09 21:26:30,c2305,c2305,2570.0,0.0,0.0,0.0,598,2552.0,2590.0,4,2590.0,2591.0,2591.0,2570.0,57.0,1473300.0,17414
2023-05-09 21:26:34,c2305,c2305,2570.0,0.0,0.0,0.0,548,2552.0,2590.0,4,2590.0,2591.0,2591.0,2570.0,57.0,1473300.0,17414
2023-05-09 21:26:37,c2305,c2305,2570.0,0.0,0.0,0.0,561,2552.0,2590.0,4,2590.0,2591.0,2591.0,2570.0,57.0,1473300.0,17414
2023-05-09 21:26:37,c2305,c2305,2570.0,0.0,0.0,0.0,552,2552.0,2590.0,4,2590.0,2591.0,2591.0,2570.0,57.0,1473300.0,17414
2023-05-09 21:26:38,c2305,c2305,2570.0,0.0,0.0,0.0,553,2552.0,2590.0,4,2590.0,2591.0,2591.0,2570.0,57.0,1473300.0,17414
2023-05-09 21:26:38,c2305,c2305,2570.0,0.0,0.0,0.0,552,2552.0,2590.0,4,2590.0,2591.0,2591.0,2570.0,57.0,1473300.0,17414
2023-05-09 21:26:39,c2305,c2305,2570.0,0.0,0.0,0.0,553,2552.0,2590.0,4,2590.0,2591.0,2591.0,2570.0,57.0,1473300.0,17414
2023-05-09 21:26:39,c2305,c2305,2570.0,0.0,0.0,0.0,552,2552.0,2590.0,4,2590.0,2591.0,2591.0,2570.0,57.0,1473300.0,17414
2023-05-09 21:26:41,c2305,c2305,2570.0,0.0,0.0,0.0,550,2552.0,2590.0,4,2590.0,2591.0,2591.0,2570.0,57.0,1473300.0,17414
2023-05-09 21:26:42,c2305,c2305,2570.0,0.0,0.0,0.0,552,2552.0,2590.0,4,2590.0,2591.0,2591.0,2570.0,57.0,1473300.0,17414
2023-05-09 21:26:42,c2305,c2305,2570.0,0.0,0.0,0.0,553,2552.0,2590.0,4,2590.0,2591.0,2591.0,2570.0,57.0,1473300.0,17414
2023-05-09 21:26:43,c2305,c2305,2570.0,0.0,0.0,0.0,548,2552.0,2590.0,4,2590.0,2591.0,2591.0,2570.0,57.0,1473300.0,17414
2023-05-09 21:34:04,c2305,c2305,2570.0,0.0,0.0,0.0,598,2552.0,2590.0,4,2590.0,2591.0,2591.0,2570.0,57.0,1473300.0,17414
2023-05-09 21:34:04,c2305,c2305,2570.0,0.0,0.0,0.0,548,2552.0,2590.0,4,2590.0,2591.0,2591.0,2570.0,57.0,1473300.0,17414
2023-05-09 21:34:05,c2305,c2305,2570.0,0.0,0.0,0.0,553,2552.0,2590.0,4,2590.0,2591.0,2591.0,2570.0,57.0,1473300.0,17414
2023-05-09 21:34:06,c2305,c2305,2570.0,0.0,0.0,0.0,548,2552.0,2590.0,4,2590.0,2591.0,2591.0,2570.0,57.0,1473300.0,17414
2023-05-09 21:34:06,c2305,c2305,2570.0,0.0,0.0,0.0,598,2552.0,2590.0,4,2590.0,2591.0,2591.0,2570.0,57.0,1473300.0,17414
2023-05-09 21:34:08,c2305,c2305,2570.0,0.0,0.0,0.0,565,2552.0,2590.0,4,2590.0,2591.0,2591.0,2570.0,57.0,1473300.0,17414
2023-05-09 21:34:08,c2305,c2305,2570.0,0.0,0.0,0.0,548,2552.0,2590.0,4,2590.0,2591.0,2591.0,2570.0,57.0,1473300.0,17414
2023-05-09 21:34:09,c2305,c2305,2570.0,0.0,0.0,0.0,565,2552.0,2590.0,4,2590.0,2591.0,2591.0,2570.0,57.0,1473300.0,17414
2023-05-09 21:34:09,c2305,c2305,2570.0,0.0,0.0,0.0,554,2552.0,2590.0,4,2590.0,2591.0,2591.0,2570.0,57.0,1473300.0,17414
2023-05-09 21:34:10,c2305,c2305,2570.0,0.0,0.0,0.0,551,2552.0,2590.0,4,2590.0,2591.0,2591.0,2570.0,57.0,1473300.0,17414
2023-05-09 21:34:10,c2305,c2305,2570.0,0.0,0.0,0.0,548,2552.0,2590.0,4,2590.0,2591.0,2591.0,2570.0,57.0,1473300.0,17414
2023-05-09 21:34:16,c2305,c2305,2570.0,0.0,0.0,0.0,550,2552.0,2590.0,4,2590.0,2591.0,2591.0,2570.0,57.0,1473300.0,17414
2023-05-09 21:34:17,c2305,c2305,2570.0,0.0,0.0,0.0,548,2552.0,2590.0,4,2590.0,2591.0,2591.0,2570.0,57.0,1473300.0,17414
2023-05-09 21:34:22,c2305,c2305,2570.0,0.0,0.0,0.0,551,2552.0,2590.0,4,2590.0,2591.0,2591.0,2570.0,57.0,1473300.0,17414
2023-05-09 21:34:22,c2305,c2305,2570.0,0.0,0.0,0.0,548,2552.0,2590.0,4,2590.0,2591.0,2591.0,2570.0,57.0,1473300.0,17414
2023-05-09 21:39:48,c2305,c2305,2570.0,0.0,0.0,0.0,548,2552.0,2595.0,5,2590.0,2591.0,2591.0,2570.0,57.0,1473300.0,17414
2023-05-09 21:40:02,c2305,c2305,2570.0,0.0,0.0,0.0,548,2552.0,2570.0,4,2590.0,2591.0,2591.0,2570.0,57.0,1473300.0,17414
2023-05-09 21:41:58,c2305,c2305,2570.0,0.0,0.0,0.0,548,2552.0,2570.0,126,2590.0,2591.0,2591.0,2570.0,57.0,1473300.0,17414
2023-05-09 21:41:58,c2305,c2305,2570.0,0.0,0.0,0.0,548,2552.0,2570.0,4,2590.0,2591.0,2591.0,2570.0,57.0,1473300.0,17414
2023-05-09 21:42:05,c2305,c2305,2570.0,0.0,0.0,0.0,548,2552.0,2570.0,161,2590.0,2591.0,2591.0,2570.0,57.0,1473300.0,17414
2023-05-09 21:42:05,c2305,c2305,2570.0,0.0,0.0,0.0,548,2552.0,2570.0,245,2590.0,2591.0,2591.0,2570.0,57.0,1473300.0,17414
2023-05-09 21:42:13,c2305,c2305,2570.0,0.0,0.0,0.0,548,2552.0,2570.0,242,2590.0,2591.0,2591.0,2570.0,57.0,1473300.0,17414
2023-05-09 21:42:14,c2305,c2305,2570.0,0.0,0.0,0.0,548,2552.0,2570.0,245,2590.0,2591.0,2591.0,2570.0,57.0,1473300.0,17414
2023-05-09 21:42:18,c2305,c2305,2570.0,0.0,0.0,0.0,548,2552.0,2570.0,4,2590.0,2591.0,2591.0,2570.0,57.0,1473300.0,17414
2023-05-09 21:42:21,c2305,c2305,2570.0,0.0,0.0,0.0,548,2552.0,2570.0,5,2590.0,2591.0,2591.0,2570.0,57.0,1473300.0,17414
2023-05-09 21:42:22,c2305,c2305,2570.0,0.0,0.0,0.0,548,2552.0,2570.0,35,2590.0,2591.0,2591.0,2570.0,57.0,1473300.0,17414
2023-05-09 21:42:22,c2305,c2305,2570.0,0.0,0.0,0.0,548,2552.0,2570.0,128,2590.0,2591.0,2591.0,2570.0,57.0,1473300.0,17414
2023-05-09 21:42:22,c2305,c2305,2570.0,0.0,0.0,0.0,548,2552.0,2570.0,130,2590.0,2591.0,2591.0,2570.0,57.0,1473300.0,17414
2023-05-09 21:42:24,c2305,c2305,2570.0,0.0,0.0,0.0,548,2552.0,2570.0,128,2590.0,2591.0,2591.0,2570.0,57.0,1473300.0,17414
2023-05-09 21:42:24,c2305,c2305,2570.0,0.0,0.0,0.0,548,2552.0,2570.0,30,2590.0,2591.0,2591.0,2570.0,57.0,1473300.0,17414
2023-05-09 21:42:25,c2305,c2305,2570.0,0.0,0.0,0.0,548,2552.0,2570.0,12,2590.0,2591.0,2591.0,2570.0,57.0,1473300.0,17414
2023-05-09 21:42:26,c2305,c2305,2570.0,0.0,0.0,0.0,548,2552.0,2570.0,18,2590.0,2591.0,2591.0,2570.0,57.0,1473300.0,17414
2023-05-09 21:42:26,c2305,c2305,2570.0,0.0,0.0,0.0,548,2552.0,2570.0,144,2590.0,2591.0,2591.0,2570.0,57.0,1473300.0,17414
2023-05-09 21:42:27,c2305,c2305,2570.0,0.0,0.0,0.0,548,2552.0,2570.0,142,2590.0,2591.0,2591.0,2570.0,57.0,1473300.0,17414
2023-05-09 21:42:27,c2305,c2305,2570.0,0.0,0.0,0.0,548,2552.0,2570.0,39,2590.0,2591.0,2591.0,2570.0,57.0,1473300.0,17414
2023-05-09 21:42:28,c2305,c2305,2570.0,0.0,0.0,0.0,548,2552.0,2570.0,17,2590.0,2591.0,2591.0,2570.0,57.0,1473300.0,17414
2023-05-09 21:42:28,c2305,c2305,2570.0,0.0,0.0,0.0,548,2552.0,2570.0,16,2590.0,2591.0,2591.0,2570.0,57.0,1473300.0,17414
2023-05-09 21:42:29,c2305,c2305,2570.0,0.0,0.0,0.0,548,2552.0,2570.0,6,2590.0,2591.0,2591.0,2570.0,57.0,1473300.0,17414
2023-05-09 21:42:29,c2305,c2305,2570.0,0.0,0.0,0.0,548,2552.0,2570.0,4,2590.0,2591.0,2591.0,2570.0,57.0,1473300.0,17414
2023-05-09 21:45:07,c2305,c2305,2570.0,0.0,0.0,0.0,548,2552.0,2570.0,245,2590.0,2591.0,2591.0,2570.0,57.0,1473300.0,17414
2023-05-09 21:45:25,c2305,c2305,2570.0,0.0,0.0,0.0,548,2552.0,2570.0,4,2590.0,2591.0,2591.0,2570.0,57.0,1473300.0,17414
2023-05-09 21:45:38,c2305,c2305,2570.0,0.0,0.0,0.0,548,2552.0,2570.0,245,2590.0,2591.0,2591.0,2570.0,57.0,1473300.0,17414
2023-05-09 21:45:57,c2305,c2305,2570.0,0.0,0.0,0.0,548,2552.0,2570.0,4,2590.0,2591.0,2591.0,2570.0,57.0,1473300.0,17414
2023-05-09 21:45:57,c2305,c2305,2570.0,0.0,0.0,0.0,548,2552.0,2570.0,121,2590.0,2591.0,2591.0,2570.0,57.0,1473300.0,17414
2023-05-09 21:45:58,c2305,c2305,2570.0,0.0,0.0,0.0,548,2552.0,2570.0,173,2590.0,2591.0,2591.0,2570.0,57.0,1473300.0,17414
2023-05-09 21:45:58,c2305,c2305,2570.0,0.0,0.0,0.0,548,2552.0,2570.0,174,2590.0,2591.0,2591.0,2570.0,57.0,1473300.0,17414
2023-05-09 21:45:59,c2305,c2305,2570.0,0.0,0.0,0.0,548,2552.0,2570.0,181,2590.0,2591.0,2591.0,2570.0,57.0,1473300.0,17414
2023-05-09 21:45:59,c2305,c2305,2570.0,0.0,0.0,0.0,548,2552.0,2570.0,191,2590.0,2591.0,2591.0,2570.0,57.0,1473300.0,17414
2023-05-09 21:46:00,c2305,c2305,2570.0,0.0,0.0,0.0,548,2552.0,2570.0,205,2590.0,2591.0,2591.0,2570.0,57.0,1473300.0,17414
2023-05-09 21:46:00,c2305,c2305,2570.0,0.0,0.0,0.0,548,2552.0,2570.0,204,2590.0,2591.0,2591.0,2570.0,57.0,1473300.0,17414
2023-05-09 21:46:01,c2305,c2305,2570.0,0.0,0.0,0.0,548,2552.0,2570.0,217,2590.0,2591.0,2591.0,2570.0,57.0,1473300.0,17414
2023-05-09 21:46:01,c2305,c2305,2570.0,0.0,0.0,0.0,548,2552.0,2570.0,245,2590.0,2591.0,2591.0,2570.0,57.0,1473300.0,17414
2023-05-09 21:46:06,c2305,c2305,2570.0,0.0,0.0,0.0,548,2552.0,2570.0,4,2590.0,2591.0,2591.0,2570.0,57.0,1473300.0,17414
2023-05-09 21:46:15,c2305,c2305,2570.0,0.0,0.0,0.0,548,2552.0,2570.0,245,2590.0,2591.0,2591.0,2570.0,57.0,1473300.0,17414
2023-05-09 21:46:15,c2305,c2305,2570.0,0.0,0.0,0.0,548,2552.0,2570.0,4,2590.0,2591.0,2591.0,2570.0,57.0,1473300.0,17414
2023-05-09 21:49:39,c2305,c2305,2570.0,0.0,0.0,0.0,548,2552.0,2570.0,222,2590.0,2591.0,2591.0,2570.0,57.0,1473300.0,17414
2023-05-09 21:49:40,c2305,c2305,2570.0,0.0,0.0,0.0,548,2552.0,2570.0,128,2590.0,2591.0,2591.0,2570.0,57.0,1473300.0,17414
2023-05-09 21:49:40,c2305,c2305,2570.0,0.0,0.0,0.0,548,2552.0,2570.0,237,2590.0,2591.0,2591.0,2570.0,57.0,1473300.0,17414
2023-05-09 21:49:41,c2305,c2305,2570.0,0.0,0.0,0.0,548,2552.0,2570.0,245,2590.0,2591.0,2591.0,2570.0,57.0,1473300.0,17414
2023-05-09 21:49:47,c2305,c2305,2570.0,0.0,0.0,0.0,548,2552.0,2570.0,4,2590.0,2591.0,2591.0,2570.0,57.0,1473300.0,17414
2023-05-09 21:50:37,c2305,c2305,2570.0,0.0,0.0,0.0,548,2552.0,2570.0,245,2590.0,2591.0,2591.0,2570.0,57.0,1473300.0,17414
2023-05-09 21:50:42,c2305,c2305,2570.0,0.0,0.0,0.0,548,2552.0,2570.0,237,2590.0,2591.0,2591.0,2570.0,57.0,1473300.0,17414
2023-05-09 21:50:43,c2305,c2305,2570.0,0.0,0.0,0.0,548,2552.0,2570.0,233,2590.0,2591.0,2591.0,2570.0,57.0,1473300.0,17414
2023-05-09 21:50:44,c2305,c2305,2570.0,0.0,0.0,0.0,548,2552.0,2570.0,213,2590.0,2591.0,2591.0,2570.0,57.0,1473300.0,17414
2023-05-09 21:50:44,c2305,c2305,2570.0,0.0,0.0,0.0,548,2552.0,2570.0,212,2590.0,2591.0,2591.0,2570.0,57.0,1473300.0,17414
2023-05-09 21:50:45,c2305,c2305,2570.0,0.0,0.0,0.0,548,2552.0,2570.0,93,2590.0,2591.0,2591.0,2570.0,57.0,1473300.0,17414
2023-05-09 21:50:46,c2305,c2305,2570.0,0.0,0.0,0.0,548,2552.0,2570.0,120,2590.0,2591.0,2591.0,2570.0,57.0,1473300.0,17414
2023-05-09 21:50:46,c2305,c2305,2570.0,0.0,0.0,0.0,548,2552.0,2570.0,208,2590.0,2591.0,2591.0,2570.0,57.0,1473300.0,17414
2023-05-09 21:50:46,c2305,c2305,2570.0,0.0,0.0,0.0,548,2552.0,2570.0,209,2590.0,2591.0,2591.0,2570.0,57.0,1473300.0,17414
2023-05-09 21:50:47,c2305,c2305,2570.0,0.0,0.0,0.0,548,2552.0,2570.0,211,2590.0,2591.0,2591.0,2570.0,57.0,1473300.0,17414
2023-05-09 21:50:48,c2305,c2305,2570.0,0.0,0.0,0.0,548,2552.0,2570.0,210,2590.0,2591.0,2591.0,2570.0,57.0,1473300.0,17414
2023-05-09 21:50:48,c2305,c2305,2570.0,0.0,0.0,0.0,548,2552.0,2570.0,226,2590.0,2591.0,2591.0,2570.0,57.0,1473300.0,17414
2023-05-09 21:50:49,c2305,c2305,2570.0,0.0,0.0,0.0,548,2552.0,2570.0,225,2590.0,2591.0,2591.0,2570.0,57.0,1473300.0,17414
2023-05-09 21:50:50,c2305,c2305,2570.0,0.0,0.0,0.0,548,2552.0,2570.0,4,2590.0,2591.0,2591.0,2570.0,57.0,1473300.0,17414
2023-05-09 21:50:52,c2305,c2305,2570.0,0.0,0.0,0.0,548,2552.0,2570.0,109,2590.0,2591.0,2591.0,2570.0,57.0,1473300.0,17414
2023-05-09 21:50:52,c2305,c2305,2570.0,0.0,0.0,0.0,548,2552.0,2570.0,95,2590.0,2591.0,2591.0,2570.0,57.0,1473300.0,17414
2023-05-09 21:50:53,c2305,c2305,2570.0,0.0,0.0,0.0,548,2552.0,2570.0,101,2590.0,2591.0,2591.0,2570.0,57.0,1473300.0,17414
2023-05-09 21:50:53,c2305,c2305,2570.0,0.0,0.0,0.0,548,2552.0,2570.0,91,2590.0,2591.0,2591.0,2570.0,57.0,1473300.0,17414
2023-05-09 21:50:54,c2305,c2305,2570.0,0.0,0.0,0.0,548,2552.0,2570.0,96,2590.0,2591.0,2591.0,2570.0,57.0,1473300.0,17414
2023-05-09 21:50:54,c2305,c2305,2570.0,0.0,0.0,0.0,548,2552.0,2570.0,95,2590.0,2591.0,2591.0,2570.0,57.0,1473300.0,17414
2023-05-09 21:50:55,c2305,c2305,2570.0,0.0,0.0,0.0,548,2552.0,2570.0,105,2590.0,2591.0,2591.0,2570.0,57.0,1473300.0,17414
2023-05-09 21:50:55,c2305,c2305,2570.0,0.0,0.0,0.0,548,2552.0,2570.0,84,2590.0,2591.0,2591.0,2570.0,57.0,1473300.0,17414
2023-05-09 21:50:56,c2305,c2305,2570.0,0.0,0.0,0.0,548,2552.0,2570.0,87,2590.0,2591.0,2591.0,2570.0,57.0,1473300.0,17414
2023-05-09 21:50:56,c2305,c2305,2570.0,0.0,0.0,0.0,548,2552.0,2570.0,92,2590.0,2591.0,2591.0,2570.0,57.0,1473300.0,17414
2023-05-09 21:50:57,c2305,c2305,2570.0,0.0,0.0,0.0,548,2552.0,2570.0,111,2590.0,2591.0,2591.0,2570.0,57.0,1473300.0,17414
2023-05-09 21:50:57,c2305,c2305,2570.0,0.0,0.0,0.0,548,2552.0,2570.0,110,2590.0,2591.0,2591.0,2570.0,57.0,1473300.0,17414
2023-05-09 21:50:57,c2305,c2305,2570.0,0.0,0.0,0.0,548,2552.0,2570.0,4,2590.0,2591.0,2591.0,2570.0,57.0,1473300.0,17414
2023-05-09 21:51:42,c2305,c2305,2570.0,0.0,0.0,0.0,548,2552.0,2570.0,245,2590.0,2591.0,2591.0,2570.0,57.0,1473300.0,17414
2023-05-09 21:51:49,c2305,c2305,2570.0,0.0,0.0,0.0,548,2552.0,2570.0,4,2590.0,2591.0,2591.0,2570.0,57.0,1473300.0,17414
2023-05-09 21:55:54,c2305,c2305,2570.0,0.0,0.0,0.0,548,2552.0,2570.0,23,2590.0,2591.0,2591.0,2570.0,57.0,1473300.0,17414
2023-05-09 21:55:55,c2305,c2305,2570.0,0.0,0.0,0.0,548,2552.0,2570.0,26,2590.0,2591.0,2591.0,2570.0,57.0,1473300.0,17414
2023-05-09 21:55:55,c2305,c2305,2570.0,0.0,0.0,0.0,548,2552.0,2570.0,28,2590.0,2591.0,2591.0,2570.0,57.0,1473300.0,17414
2023-05-09 21:55:55,c2305,c2305,2570.0,0.0,0.0,0.0,548,2552.0,2570.0,29,2590.0,2591.0,2591.0,2570.0,57.0,1473300.0,17414
2023-05-09 21:55:57,c2305,c2305,2570.0,0.0,0.0,0.0,548,2552.0,2570.0,31,2590.0,2591.0,2591.0,2570.0,57.0,1473300.0,17414
2023-05-09 21:55:59,c2305,c2305,2570.0,0.0,0.0,0.0,548,2552.0,2570.0,30,2590.0,2591.0,2591.0,2570.0,57.0,1473300.0,17414
2023-05-09 21:56:00,c2305,c2305,2570.0,0.0,0.0,0.0,548,2552.0,2570.0,4,2590.0,2591.0,2591.0,2570.0,57.0,1473300.0,17414
2023-05-09 21:56:03,c2305,c2305,2570.0,0.0,0.0,0.0,548,2552.0,2570.0,170,2590.0,2591.0,2591.0,2570.0,57.0,1473300.0,17414
2023-05-09 21:56:03,c2305,c2305,2570.0,0.0,0.0,0.0,548,2552.0,2570.0,180,2590.0,2591.0,2591.0,2570.0,57.0,1473300.0,17414
2023-05-09 21:56:04,c2305,c2305,2570.0,0.0,0.0,0.0,548,2552.0,2570.0,226,2590.0,2591.0,2591.0,2570.0,57.0,1473300.0,17414
2023-05-09 21:56:05,c2305,c2305,2570.0,0.0,0.0,0.0,548,2552.0,2570.0,223,2590.0,2591.0,2591.0,2570.0,57.0,1473300.0,17414
2023-05-09 21:56:06,c2305,c2305,2570.0,0.0,0.0,0.0,548,2552.0,2570.0,245,2590.0,2591.0,2591.0,2570.0,57.0,1473300.0,17414
2023-05-09 21:56:22,c2305,c2305,2570.0,0.0,0.0,0.0,548,2552.0,2570.0,5,2590.0,2591.0,2591.0,2570.0,57.0,1473300.0,17414
2023-05-09 21:56:22,c2305,c2305,2570.0,0.0,0.0,0.0,548,2552.0,2570.0,4,2590.0,2591.0,2591.0,2570.0,57.0,1473300.0,17414
2023-05-09 21:56:23,c2305,c2305,2570.0,0.0,0.0,0.0,548,2552.0,2570.0,13,2590.0,2591.0,2591.0,2570.0,57.0,1473300.0,17414
2023-05-09 21:56:23,c2305,c2305,2570.0,0.0,0.0,0.0,548,2552.0,2570.0,11,2590.0,2591.0,2591.0,2570.0,57.0,1473300.0,17414
2023-05-09 21:56:24,c2305,c2305,2570.0,0.0,0.0,0.0,548,2552.0,2570.0,12,2590.0,2591.0,2591.0,2570.0,57.0,1473300.0,17414
2023-05-09 21:56:25,c2305,c2305,2570.0,0.0,0.0,0.0,548,2552.0,2570.0,11,2590.0,2591.0,2591.0,2570.0,57.0,1473300.0,17414
2023-05-09 21:56:25,c2305,c2305,2570.0,0.0,0.0,0.0,548,2552.0,2570.0,10,2590.0,2591.0,2591.0,2570.0,57.0,1473300.0,17414
2023-05-09 21:56:26,c2305,c2305,2570.0,0.0,0.0,0.0,548,2552.0,2570.0,4,2590.0,2591.0,2591.0,2570.0,57.0,1473300.0,17414
2023-05-09 21:56:28,c2305,c2305,2570.0,0.0,0.0,0.0,548,2552.0,2570.0,43,2590.0,2591.0,2591.0,2570.0,57.0,1473300.0,17414
2023-05-09 21:56:28,c2305,c2305,2570.0,0.0,0.0,0.0,548,2552.0,2570.0,48,2590.0,2591.0,2591.0,2570.0,57.0,1473300.0,17414
2023-05-09 21:56:29,c2305,c2305,2570.0,0.0,0.0,0.0,548,2552.0,2570.0,136,2590.0,2591.0,2591.0,2570.0,57.0,1473300.0,17414
2023-05-09 21:56:29,c2305,c2305,2570.0,0.0,0.0,0.0,548,2552.0,2570.0,165,2590.0,2591.0,2591.0,2570.0,57.0,1473300.0,17414
2023-05-09 21:56:30,c2305,c2305,2570.0,0.0,0.0,0.0,548,2552.0,2570.0,167,2590.0,2591.0,2591.0,2570.0,57.0,1473300.0,17414
2023-05-09 21:56:31,c2305,c2305,2570.0,0.0,0.0,0.0,548,2552.0,2570.0,166,2590.0,2591.0,2591.0,2570.0,57.0,1473300.0,17414
2023-05-09 21:56:31,c2305,c2305,2570.0,0.0,0.0,0.0,548,2552.0,2570.0,168,2590.0,2591.0,2591.0,2570.0,57.0,1473300.0,17414
2023-05-09 21:56:32,c2305,c2305,2570.0,0.0,0.0,0.0,548,2552.0,2570.0,169,2590.0,2591.0,2591.0,2570.0,57.0,1473300.0,17414
2023-05-09 21:56:35,c2305,c2305,2570.0,0.0,0.0,0.0,548,2552.0,2570.0,179,2590.0,2591.0,2591.0,2570.0,57.0,1473300.0,17414
2023-05-09 21:56:38,c2305,c2305,2570.0,0.0,0.0,0.0,548,2552.0,2570.0,193,2590.0,2591.0,2591.0,2570.0,57.0,1473300.0,17414
2023-05-09 21:56:39,c2305,c2305,2570.0,0.0,0.0,0.0,548,2552.0,2570.0,194,2590.0,2591.0,2591.0,2570.0,57.0,1473300.0,17414
2023-05-09 21:56:40,c2305,c2305,2570.0,0.0,0.0,0.0,548,2552.0,2570.0,192,2590.0,2591.0,2591.0,2570.0,57.0,1473300.0,17414
2023-05-09 21:56:41,c2305,c2305,2570.0,0.0,0.0,0.0,548,2552.0,2570.0,190,2590.0,2591.0,2591.0,2570.0,57.0,1473300.0,17414
2023-05-09 21:56:41,c2305,c2305,2570.0,0.0,0.0,0.0,548,2552.0,2570.0,192,2590.0,2591.0,2591.0,2570.0,57.0,1473300.0,17414
2023-05-09 21:56:43,c2305,c2305,2570.0,0.0,0.0,0.0,548,2552.0,2570.0,191,2590.0,2591.0,2591.0,2570.0,57.0,1473300.0,17414
2023-05-09 21:56:44,c2305,c2305,2570.0,0.0,0.0,0.0,548,2552.0,2570.0,190,2590.0,2591.0,2591.0,2570.0,57.0,1473300.0,17414
2023-05-09 21:56:44,c2305,c2305,2570.0,0.0,0.0,0.0,548,2552.0,2570.0,185,2590.0,2591.0,2591.0,2570.0,57.0,1473300.0,17414
2023-05-09 21:56:44,c2305,c2305,2570.0,0.0,0.0,0.0,548,2552.0,2570.0,186,2590.0,2591.0,2591.0,2570.0,57.0,1473300.0,17414
2023-05-09 21:56:45,c2305,c2305,2570.0,0.0,0.0,0.0,548,2552.0,2570.0,183,2590.0,2591.0,2591.0,2570.0,57.0,1473300.0,17414
2023-05-09 21:56:47,c2305,c2305,2570.0,0.0,0.0,0.0,548,2552.0,2570.0,66,2590.0,2591.0,2591.0,2570.0,57.0,1473300.0,17414
2023-05-09 21:56:47,c2305,c2305,2570.0,0.0,0.0,0.0,548,2552.0,2570.0,4,2590.0,2591.0,2591.0,2570.0,57.0,1473300.0,17414
2023-05-09 21:56:50,c2305,c2305,2570.0,0.0,0.0,0.0,548,2552.0,2570.0,92,2590.0,2591.0,2591.0,2570.0,57.0,1473300.0,17414
2023-05-09 21:56:50,c2305,c2305,2570.0,0.0,0.0,0.0,548,2552.0,2570.0,24,2590.0,2591.0,2591.0,2570.0,57.0,1473300.0,17414
2023-05-09 21:56:50,c2305,c2305,2570.0,0.0,0.0,0.0,548,2552.0,2570.0,25,2590.0,2591.0,2591.0,2570.0,57.0,1473300.0,17414
2023-05-09 21:56:52,c2305,c2305,2570.0,0.0,0.0,0.0,548,2552.0,2570.0,36,2590.0,2591.0,2591.0,2570.0,57.0,1473300.0,17414
2023-05-09 21:56:52,c2305,c2305,2570.0,0.0,0.0,0.0,548,2552.0,2570.0,26,2590.0,2591.0,2591.0,2570.0,57.0,1473300.0,17414
2023-05-09 21:56:52,c2305,c2305,2570.0,0.0,0.0,0.0,548,2552.0,2570.0,22,2590.0,2591.0,2591.0,2570.0,57.0,1473300.0,17414
2023-05-09 21:56:54,c2305,c2305,2570.0,0.0,0.0,0.0,548,2552.0,2570.0,14,2590.0,2591.0,2591.0,2570.0,57.0,1473300.0,17414
2023-05-09 21:56:55,c2305,c2305,2570.0,0.0,0.0,0.0,548,2552.0,2570.0,16,2590.0,2591.0,2591.0,2570.0,57.0,1473300.0,17414
2023-05-09 21:56:55,c2305,c2305,2570.0,0.0,0.0,0.0,548,2552.0,2570.0,15,2590.0,2591.0,2591.0,2570.0,57.0,1473300.0,17414
2023-05-09 21:56:55,c2305,c2305,2570.0,0.0,0.0,0.0,548,2552.0,2570.0,14,2590.0,2591.0,2591.0,2570.0,57.0,1473300.0,17414
2023-05-09 21:56:57,c2305,c2305,2570.0,0.0,0.0,0.0,548,2552.0,2570.0,107,2590.0,2591.0,2591.0,2570.0,57.0,1473300.0,17414
2023-05-09 21:56:58,c2305,c2305,2570.0,0.0,0.0,0.0,548,2552.0,2570.0,128,2590.0,2591.0,2591.0,2570.0,57.0,1473300.0,17414
2023-05-09 21:56:58,c2305,c2305,2570.0,0.0,0.0,0.0,548,2552.0,2570.0,127,2590.0,2591.0,2591.0,2570.0,57.0,1473300.0,17414
2023-05-09 21:56:59,c2305,c2305,2570.0,0.0,0.0,0.0,548,2552.0,2570.0,128,2590.0,2591.0,2591.0,2570.0,57.0,1473300.0,17414
2023-05-09 21:56:59,c2305,c2305,2570.0,0.0,0.0,0.0,548,2552.0,2570.0,127,2590.0,2591.0,2591.0,2570.0,57.0,1473300.0,17414
2023-05-09 21:57:00,c2305,c2305,2570.0,0.0,0.0,0.0,548,2552.0,2570.0,137,2590.0,2591.0,2591.0,2570.0,57.0,1473300.0,17414
2023-05-09 21:57:00,c2305,c2305,2570.0,0.0,0.0,0.0,548,2552.0,2570.0,138,2590.0,2591.0,2591.0,2570.0,57.0,1473300.0,17414
2023-05-09 21:57:01,c2305,c2305,2570.0,0.0,0.0,0.0,548,2552.0,2570.0,136,2590.0,2591.0,2591.0,2570.0,57.0,1473300.0,17414
2023-05-09 21:57:01,c2305,c2305,2570.0,0.0,0.0,0.0,548,2552.0,2570.0,137,2590.0,2591.0,2591.0,2570.0,57.0,1473300.0,17414
2023-05-09 21:57:02,c2305,c2305,2570.0,0.0,0.0,0.0,548,2552.0,2570.0,135,2590.0,2591.0,2591.0,2570.0,57.0,1473300.0,17414
2023-05-09 21:57:02,c2305,c2305,2570.0,0.0,0.0,0.0,548,2552.0,2570.0,150,2590.0,2591.0,2591.0,2570.0,57.0,1473300.0,17414
2023-05-09 21:57:03,c2305,c2305,2570.0,0.0,0.0,0.0,548,2552.0,2570.0,151,2590.0,2591.0,2591.0,2570.0,57.0,1473300.0,17414
2023-05-09 21:57:03,c2305,c2305,2570.0,0.0,0.0,0.0,548,2552.0,2570.0,155,2590.0,2591.0,2591.0,2570.0,57.0,1473300.0,17414
2023-05-09 21:57:05,c2305,c2305,2570.0,0.0,0.0,0.0,548,2552.0,2570.0,156,2590.0,2591.0,2591.0,2570.0,57.0,1473300.0,17414
2023-05-09 21:57:05,c2305,c2305,2570.0,0.0,0.0,0.0,548,2552.0,2570.0,157,2590.0,2591.0,2591.0,2570.0,57.0,1473300.0,17414
2023-05-09 21:57:07,c2305,c2305,2570.0,0.0,0.0,0.0,548,2552.0,2570.0,160,2590.0,2591.0,2591.0,2570.0,57.0,1473300.0,17414
2023-05-09 21:57:08,c2305,c2305,2570.0,0.0,0.0,0.0,548,2552.0,2570.0,79,2590.0,2591.0,2591.0,2570.0,57.0,1473300.0,17414
2023-05-09 21:57:08,c2305,c2305,2570.0,0.0,0.0,0.0,548,2552.0,2570.0,86,2590.0,2591.0,2591.0,2570.0,57.0,1473300.0,17414
2023-05-09 21:57:09,c2305,c2305,2570.0,0.0,0.0,0.0,548,2552.0,2570.0,212,2590.0,2591.0,2591.0,2570.0,57.0,1473300.0,17414
2023-05-09 21:57:10,c2305,c2305,2570.0,0.0,0.0,0.0,548,2552.0,2570.0,225,2590.0,2591.0,2591.0,2570.0,57.0,1473300.0,17414
2023-05-09 21:57:10,c2305,c2305,2570.0,0.0,0.0,0.0,548,2552.0,2570.0,224,2590.0,2591.0,2591.0,2570.0,57.0,1473300.0,17414
2023-05-09 21:57:12,c2305,c2305,2570.0,0.0,0.0,0.0,548,2552.0,2570.0,218,2590.0,2591.0,2591.0,2570.0,57.0,1473300.0,17414
2023-05-09 21:57:12,c2305,c2305,2570.0,0.0,0.0,0.0,548,2552.0,2570.0,245,2590.0,2591.0,2591.0,2570.0,57.0,1473300.0,17414
2023-05-09 21:57:18,c2305,c2305,2570.0,0.0,0.0,0.0,548,2552.0,2570.0,4,2590.0,2591.0,2591.0,2570.0,57.0,1473300.0,17414
2023-05-09 21:57:20,c2305,c2305,2570.0,0.0,0.0,0.0,548,2552.0,2570.0,245,2590.0,2591.0,2591.0,2570.0,57.0,1473300.0,17414
2023-05-09 21:58:26,c2305,c2305,2570.0,0.0,0.0,0.0,548,2552.0,2570.0,4,2590.0,2591.0,2591.0,2570.0,57.0,1473300.0,17414
2023-05-09 21:58:29,c2305,c2305,2570.0,0.0,0.0,0.0,548,2552.0,2570.0,160,2590.0,2591.0,2591.0,2570.0,57.0,1473300.0,17414
2023-05-09 21:58:29,c2305,c2305,2570.0,0.0,0.0,0.0,548,2552.0,2570.0,177,2590.0,2591.0,2591.0,2570.0,57.0,1473300.0,17414
2023-05-09 21:58:29,c2305,c2305,2570.0,0.0,0.0,0.0,548,2552.0,2570.0,178,2590.0,2591.0,2591.0,2570.0,57.0,1473300.0,17414
2023-05-09 21:58:31,c2305,c2305,2570.0,0.0,0.0,0.0,548,2552.0,2570.0,194,2590.0,2591.0,2591.0,2570.0,57.0,1473300.0,17414
2023-05-09 21:58:32,c2305,c2305,2570.0,0.0,0.0,0.0,548,2552.0,2570.0,219,2590.0,2591.0,2591.0,2570.0,57.0,1473300.0,17414
2023-05-09 21:58:32,c2305,c2305,2570.0,0.0,0.0,0.0,548,2552.0,2570.0,221,2590.0,2591.0,2591.0,2570.0,57.0,1473300.0,17414
2023-05-09 21:58:34,c2305,c2305,2570.0,0.0,0.0,0.0,548,2552.0,2570.0,220,2590.0,2591.0,2591.0,2570.0,57.0,1473300.0,17414
2023-05-09 21:58:34,c2305,c2305,2570.0,0.0,0.0,0.0,548,2552.0,2570.0,231,2590.0,2591.0,2591.0,2570.0,57.0,1473300.0,17414
2023-05-09 21:58:35,c2305,c2305,2570.0,0.0,0.0,0.0,548,2552.0,2570.0,230,2590.0,2591.0,2591.0,2570.0,57.0,1473300.0,17414
2023-05-09 21:58:35,c2305,c2305,2570.0,0.0,0.0,0.0,548,2552.0,2570.0,229,2590.0,2591.0,2591.0,2570.0,57.0,1473300.0,17414
2023-05-09 21:58:35,c2305,c2305,2570.0,0.0,0.0,0.0,548,2552.0,2570.0,230,2590.0,2591.0,2591.0,2570.0,57.0,1473300.0,17414
2023-05-09 21:58:36,c2305,c2305,2570.0,0.0,0.0,0.0,548,2552.0,2570.0,225,2590.0,2591.0,2591.0,2570.0,57.0,1473300.0,17414
2023-05-09 21:58:37,c2305,c2305,2570.0,0.0,0.0,0.0,548,2552.0,2570.0,224,2590.0,2591.0,2591.0,2570.0,57.0,1473300.0,17414
2023-05-09 21:58:37,c2305,c2305,2570.0,0.0,0.0,0.0,548,2552.0,2570.0,226,2590.0,2591.0,2591.0,2570.0,57.0,1473300.0,17414
2023-05-09 21:58:39,c2305,c2305,2570.0,0.0,0.0,0.0,548,2552.0,2570.0,223,2590.0,2591.0,2591.0,2570.0,57.0,1473300.0,17414
2023-05-09 21:58:40,c2305,c2305,2570.0,0.0,0.0,0.0,548,2552.0,2570.0,188,2590.0,2591.0,2591.0,2570.0,57.0,1473300.0,17414
2023-05-09 21:58:41,c2305,c2305,2570.0,0.0,0.0,0.0,548,2552.0,2570.0,244,2590.0,2591.0,2591.0,2570.0,57.0,1473300.0,17414
2023-05-09 21:58:41,c2305,c2305,2570.0,0.0,0.0,0.0,548,2552.0,2570.0,231,2590.0,2591.0,2591.0,2570.0,57.0,1473300.0,17414
2023-05-09 21:58:43,c2305,c2305,2570.0,0.0,0.0,0.0,548,2552.0,2570.0,230,2590.0,2591.0,2591.0,2570.0,57.0,1473300.0,17414
2023-05-09 21:58:43,c2305,c2305,2570.0,0.0,0.0,0.0,548,2552.0,2570.0,193,2590.0,2591.0,2591.0,2570.0,57.0,1473300.0,17414
2023-05-09 21:58:43,c2305,c2305,2570.0,0.0,0.0,0.0,548,2552.0,2570.0,123,2590.0,2591.0,2591.0,2570.0,57.0,1473300.0,17414
2023-05-09 21:58:44,c2305,c2305,2570.0,0.0,0.0,0.0,548,2552.0,2570.0,212,2590.0,2591.0,2591.0,2570.0,57.0,1473300.0,17414
2023-05-09 21:58:45,c2305,c2305,2570.0,0.0,0.0,0.0,548,2552.0,2570.0,211,2590.0,2591.0,2591.0,2570.0,57.0,1473300.0,17414
2023-05-09 21:58:46,c2305,c2305,2570.0,0.0,0.0,0.0,548,2552.0,2570.0,212,2590.0,2591.0,2591.0,2570.0,57.0,1473300.0,17414
2023-05-09 21:58:48,c2305,c2305,2570.0,0.0,0.0,0.0,548,2552.0,2570.0,213,2590.0,2591.0,2591.0,2570.0,57.0,1473300.0,17414
2023-05-09 21:58:49,c2305,c2305,2570.0,0.0,0.0,0.0,548,2552.0,2570.0,216,2590.0,2591.0,2591.0,2570.0,57.0,1473300.0,17414
2023-05-09 21:58:50,c2305,c2305,2570.0,0.0,0.0,0.0,548,2552.0,2570.0,219,2590.0,2591.0,2591.0,2570.0,57.0,1473300.0,17414
2023-05-09 21:58:51,c2305,c2305,2570.0,0.0,0.0,0.0,548,2552.0,2570.0,214,2590.0,2591.0,2591.0,2570.0,57.0,1473300.0,17414
2023-05-09 21:58:52,c2305,c2305,2570.0,0.0,0.0,0.0,548,2552.0,2570.0,212,2590.0,2591.0,2591.0,2570.0,57.0,1473300.0,17414
2023-05-09 21:58:52,c2305,c2305,2570.0,0.0,0.0,0.0,548,2552.0,2570.0,211,2590.0,2591.0,2591.0,2570.0,57.0,1473300.0,17414
2023-05-09 21:58:53,c2305,c2305,2570.0,0.0,0.0,0.0,548,2552.0,2570.0,209,2590.0,2591.0,2591.0,2570.0,57.0,1473300.0,17414
2023-05-09 21:58:54,c2305,c2305,2570.0,0.0,0.0,0.0,548,2552.0,2570.0,210,2590.0,2591.0,2591.0,2570.0,57.0,1473300.0,17414
2023-05-09 21:58:54,c2305,c2305,2570.0,0.0,0.0,0.0,548,2552.0,2570.0,209,2590.0,2591.0,2591.0,2570.0,57.0,1473300.0,17414
2023-05-09 21:58:55,c2305,c2305,2570.0,0.0,0.0,0.0,548,2552.0,2570.0,205,2590.0,2591.0,2591.0,2570.0,57.0,1473300.0,17414
2023-05-09 21:58:57,c2305,c2305,2570.0,0.0,0.0,0.0,548,2552.0,2570.0,202,2590.0,2591.0,2591.0,2570.0,57.0,1473300.0,17414
2023-05-09 21:58:57,c2305,c2305,2570.0,0.0,0.0,0.0,548,2552.0,2570.0,201,2590.0,2591.0,2591.0,2570.0,57.0,1473300.0,17414
2023-05-09 21:58:57,c2305,c2305,2570.0,0.0,0.0,0.0,548,2552.0,2570.0,211,2590.0,2591.0,2591.0,2570.0,57.0,1473300.0,17414
2023-05-09 21:59:01,c2305,c2305,2570.0,0.0,0.0,0.0,548,2552.0,2570.0,215,2590.0,2591.0,2591.0,2570.0,57.0,1473300.0,17414
2023-05-09 21:59:02,c2305,c2305,2570.0,0.0,0.0,0.0,548,2552.0,2570.0,218,2590.0,2591.0,2591.0,2570.0,57.0,1473300.0,17414
2023-05-09 21:59:03,c2305,c2305,2570.0,0.0,0.0,0.0,548,2552.0,2570.0,225,2590.0,2591.0,2591.0,2570.0,57.0,1473300.0,17414
2023-05-09 21:59:04,c2305,c2305,2570.0,0.0,0.0,0.0,548,2552.0,2570.0,226,2590.0,2591.0,2591.0,2570.0,57.0,1473300.0,17414
2023-05-09 21:59:04,c2305,c2305,2570.0,0.0,0.0,0.0,548,2552.0,2570.0,230,2590.0,2591.0,2591.0,2570.0,57.0,1473300.0,17414
2023-05-09 21:59:05,c2305,c2305,2570.0,0.0,0.0,0.0,548,2552.0,2570.0,234,2590.0,2591.0,2591.0,2570.0,57.0,1473300.0,17414
2023-05-09 21:59:06,c2305,c2305,2570.0,0.0,0.0,0.0,548,2552.0,2570.0,235,2590.0,2591.0,2591.0,2570.0,57.0,1473300.0,17414
2023-05-09 21:59:06,c2305,c2305,2570.0,0.0,0.0,0.0,548,2552.0,2570.0,237,2590.0,2591.0,2591.0,2570.0,57.0,1473300.0,17414
2023-05-09 21:59:07,c2305,c2305,2570.0,0.0,0.0,0.0,548,2552.0,2570.0,4,2590.0,2591.0,2591.0,2570.0,57.0,1473300.0,17414
2023-05-09 22:00:03,c2305,c2305,2570.0,0.0,0.0,0.0,548,2552.0,2570.0,245,2590.0,2591.0,2591.0,2570.0,57.0,1473300.0,17414
2023-05-09 22:00:15,c2305,c2305,2570.0,0.0,0.0,0.0,548,2552.0,2570.0,4,2590.0,2591.0,2591.0,2570.0,57.0,1473300.0,17414
2023-05-09 22:01:21,c2305,c2305,2570.0,0.0,0.0,0.0,548,2552.0,2570.0,245,2590.0,2591.0,2591.0,2570.0,57.0,1473300.0,17414
2023-05-09 22:01:21,c2305,c2305,2570.0,0.0,0.0,0.0,548,2552.0,2570.0,4,2590.0,2591.0,2591.0,2570.0,57.0,1473300.0,17414
2023-05-09 22:01:21,c2305,c2305,2570.0,0.0,0.0,0.0,548,2552.0,2570.0,245,2590.0,2591.0,2591.0,2570.0,57.0,1473300.0,17414
2023-05-09 22:01:25,c2305,c2305,2570.0,0.0,0.0,0.0,548,2552.0,2570.0,4,2590.0,2591.0,2591.0,2570.0,57.0,1473300.0,17414
2023-05-09 22:17:12,c2305,c2305,2570.0,0.0,0.0,0.0,548,2552.0,2570.0,245,2590.0,2591.0,2591.0,2570.0,57.0,1473300.0,17414
2023-05-09 22:17:13,c2305,c2305,2570.0,0.0,0.0,0.0,548,2552.0,2570.0,4,2590.0,2591.0,2591.0,2570.0,57.0,1473300.0,17414
2023-05-09 22:37:21,c2305,c2305,2570.0,0.0,0.0,0.0,100,2551.0,2570.0,4,2590.0,2591.0,2591.0,2570.0,57.0,1473300.0,17414
2023-05-10 09:00:23,c2305,c2305,2570.0,0.0,0.0,0.0,100,2551.0,2560.0,4,2590.0,2591.0,2591.0,2570.0,57.0,1473300.0,17414
2023-05-10 09:00:50,c2305,c2305,2551.0,4.0,102040.0,0.0,96,2551.0,2571.0,5,2590.0,2591.0,2591.0,2551.0,61.0,1575340.0,17414
2023-05-10 09:00:56,c2305,c2305,2551.0,96.0,2448960.0,96.0,100,2540.0,2571.0,5,2590.0,2591.0,2591.0,2551.0,157.0,4024300.0,17510
2023-05-10 09:02:32,c2305,c2305,2551.0,0.0,0.0,0.0,100,2540.0,2570.0,1,2590.0,2591.0,2591.0,2551.0,157.0,4024300.0,17510
2023-05-10 09:03:11,c2305,c2305,2551.0,0.0,0.0,0.0,100,2540.0,2560.0,5,2590.0,2591.0,2591.0,2551.0,157.0,4024300.0,17510
2023-05-10 09:20:55,c2305,c2305,2551.0,0.0,0.0,0.0,300,2542.0,2560.0,5,2590.0,2591.0,2591.0,2551.0,157.0,4024300.0,17510
2023-05-10 09:27:02,c2305,c2305,2551.0,0.0,0.0,0.0,300,2542.0,2560.0,10,2590.0,2591.0,2591.0,2551.0,157.0,4024300.0,17510
2023-05-10 09:27:10,c2305,c2305,2551.0,0.0,0.0,0.0,300,2542.0,2560.0,5,2590.0,2591.0,2591.0,2551.0,157.0,4024300.0,17510
2023-05-10 09:27:21,c2305,c2305,2551.0,5.0,127550.0,5.0,300,2542.0,2560.0,5,2590.0,2591.0,2591.0,2551.0,162.0,4151850.0,17515
2023-05-10 09:36:11,c2305,c2305,2551.0,0.0,0.0,0.0,300,2542.0,2555.0,5,2590.0,2591.0,2591.0,2551.0,162.0,4151850.0,17515
2023-05-10 09:44:11,c2305,c2305,2542.0,300.0,7626000.0,-300.0,100,2540.0,2555.0,5,2590.0,2591.0,2591.0,2542.0,462.0,11777850.0,17215
2023-05-10 09:45:10,c2305,c2305,2540.0,5.0,127000.0,5.0,95,2540.0,2555.0,5,2590.0,2591.0,2591.0,2540.0,467.0,11904850.0,17220
2023-05-10 09:46:32,c2305,c2305,2540.0,5.0,127000.0,5.0,90,2540.0,2555.0,5,2590.0,2591.0,2591.0,2540.0,472.0,12031850.0,17225
2023-05-10 09:51:25,c2305,c2305,2540.0,0.0,0.0,0.0,248,2541.0,2555.0,5,2590.0,2591.0,2591.0,2540.0,472.0,12031850.0,17225
2023-05-10 09:52:06,c2305,c2305,2541.0,140.0,3557400.0,0.0,108,2541.0,2555.0,5,2590.0,2591.0,2591.0,2540.0,612.0,15589250.0,17225
2023-05-10 09:52:15,c2305,c2305,2541.0,5.0,127050.0,0.0,103,2541.0,2555.0,5,2590.0,2591.0,2591.0,2540.0,617.0,15716300.0,17225
2023-05-10 09:52:16,c2305,c2305,2541.0,5.0,127050.0,0.0,98,2541.0,2555.0,5,2590.0,2591.0,2591.0,2540.0,622.0,15843350.0,17225
2023-05-10 09:52:21,c2305,c2305,2541.0,0.0,0.0,0.0,98,2541.0,2594.0,1,2590.0,2591.0,2591.0,2540.0,622.0,15843350.0,17225
2023-05-10 09:55:05,c2305,c2305,2541.0,5.0,127050.0,0.0,93,2541.0,2594.0,1,2590.0,2591.0,2591.0,2540.0,627.0,15970400.0,17225
2023-05-10 09:55:05,c2305,c2305,2541.0,5.0,127050.0,0.0,88,2541.0,2594.0,1,2590.0,2591.0,2591.0,2540.0,632.0,16097450.0,17225
2023-05-10 09:55:09,c2305,c2305,2541.0,2.0,50820.0,0.0,86,2541.0,2594.0,1,2590.0,2591.0,2591.0,2540.0,634.0,16148270.0,17225
2023-05-10 09:55:27,c2305,c2305,2541.0,0.0,0.0,0.0,86,2541.0,2590.0,10,2590.0,2591.0,2591.0,2540.0,634.0,16148270.0,17225
2023-05-10 09:55:27,c2305,c2305,2541.0,0.0,0.0,0.0,86,2541.0,2589.0,1,2590.0,2591.0,2591.0,2540.0,634.0,16148270.0,17225
2023-05-10 10:03:10,c2305,c2305,2541.0,86.0,2185260.0,-86.0,90,2540.0,2589.0,1,2590.0,2591.0,2591.0,2540.0,720.0,18333530.0,17139
2023-05-10 10:03:14,c2305,c2305,2540.0,86.0,2184400.0,0.0,4,2540.0,2589.0,1,2590.0,2591.0,2591.0,2540.0,806.0,20517930.0,17139
2023-05-10 10:03:16,c2305,c2305,2540.0,4.0,101600.0,0.0,50,2488.0,2589.0,1,2590.0,2591.0,2591.0,2540.0,810.0,20619530.0,17139
2023-05-10 10:05:14,c2305,c2305,2540.0,0.0,0.0,0.0,50,2500.0,2589.0,1,2590.0,2591.0,2591.0,2540.0,810.0,20619530.0,17139
2023-05-10 10:57:26,c2305,c2305,2540.0,0.0,0.0,0.0,50,2540.0,2589.0,1,2590.0,2591.0,2591.0,2540.0,810.0,20619530.0,17139
2023-05-10 11:06:03,c2305,c2305,2540.0,0.0,0.0,0.0,50,2541.0,2589.0,1,2590.0,2591.0,2591.0,2540.0,810.0,20619530.0,17139
2023-05-10 11:28:44,c2305,c2305,2540.0,0.0,0.0,0.0,50,2541.0,2600.0,100,2590.0,2591.0,2591.0,2540.0,810.0,20619530.0,17139
2023-05-10 13:30:01,c2305,c2305,2540.0,0.0,0.0,0.0,50,2541.0,2599.0,1,2590.0,2591.0,2591.0,2540.0,810.0,20619530.0,17139
2023-05-10 13:42:55,c2305,c2305,2540.0,0.0,0.0,0.0,2,2542.0,2599.0,1,2590.0,2591.0,2591.0,2540.0,810.0,20619530.0,17139
2023-05-10 13:55:51,c2305,c2305,2540.0,0.0,0.0,0.0,50,2541.0,2599.0,1,2590.0,2591.0,2591.0,2540.0,810.0,20619530.0,17139
2023-05-10 13:55:59,c2305,c2305,2540.0,0.0,0.0,0.0,2,2542.0,2599.0,1,2590.0,2591.0,2591.0,2540.0,810.0,20619530.0,17139
2023-05-10 14:10:04,c2305,c2305,2540.0,0.0,0.0,0.0,50,2541.0,2599.0,1,2590.0,2591.0,2591.0,2540.0,810.0,20619530.0,17139
2023-05-10 14:10:11,c2305,c2305,2540.0,0.0,0.0,0.0,2,2542.0,2599.0,1,2590.0,2591.0,2591.0,2540.0,810.0,20619530.0,17139
2023-05-10 14:15:48,c2305,c2305,2540.0,0.0,0.0,0.0,50,2541.0,2599.0,1,2590.0,2591.0,2591.0,2540.0,810.0,20619530.0,17139
2023-05-10 14:31:19,c2305,c2305,2556.0,15.0,383400.0,-15.0,50,2541.0,2599.0,1,2590.0,2591.0,2591.0,2540.0,825.0,21002930.0,17124
2023-05-10 14:59:46,c2305,c2305,2556.0,0.0,0.0,0.0,50,2541.0,2600.0,100,2590.0,2591.0,2591.0,2540.0,825.0,21002930.0,17124
2023-05-10 15:01:14,c2305,c2305,2556.0,0.0,0.0,0.0,50,2541.0,2600.0,100,2590.0,2591.0,2591.0,2540.0,825.0,21002930.0,17124
2023-05-10 15:40:07,c2305,c2305,2556.0,0.0,0.0,-590.0,50,2541.0,2600.0,100,2590.0,2591.0,2591.0,2540.0,825.0,21002930.0,16534
