time,symbol_id,symbol_name,last,trade_volume,trade_amount,open_interest_change,bv1,bp1,ap1,av1,yesterday_close,today_open,today_high,today_low,volume,amount,open_interest
2023-05-10 08:58:48,CJ2401,CJ401,12265.0,0.0,0.0,0.0,0,0.0,0.0,0,12265.0,12275.0,0.0,0.0,0.0,0.0,4432
2023-05-10 08:58:49,CJ2401,CJ401,12265.0,0.0,0.0,0.0,0,0.0,0.0,0,12265.0,12275.0,0.0,0.0,0.0,0.0,4432
2023-05-10 08:59:00,CJ2401,CJ401,12265.0,0.0,0.0,0.0,2,12250.0,12280.0,60,12265.0,12275.0,0.0,0.0,0.0,0.0,4432
2023-05-10 09:00:00,CJ2401,CJ401,12265.0,0.0,0.0,0.0,20,12260.0,12280.0,60,12265.0,12275.0,0.0,0.0,0.0,0.0,4432
2023-05-10 09:00:01,CJ2401,CJ401,12265.0,0.0,0.0,0.0,20,12260.0,12275.0,4,12265.0,12275.0,0.0,0.0,0.0,0.0,4432
2023-05-10 09:00:05,CJ2401,CJ401,12265.0,0.0,0.0,0.0,20,12260.0,12270.0,4,12265.0,12275.0,0.0,0.0,0.0,0.0,4432
2023-05-10 09:00:05,CJ2401,CJ401,12265.0,0.0,0.0,0.0,20,12260.0,12275.0,3,12265.0,12275.0,0.0,0.0,0.0,0.0,4432
2023-05-10 09:00:07,CJ2401,CJ401,12265.0,0.0,0.0,0.0,20,12260.0,12270.0,4,12265.0,12275.0,0.0,0.0,0.0,0.0,4432
2023-05-10 09:00:09,CJ2401,CJ401,12265.0,0.0,0.0,0.0,20,12260.0,12275.0,3,12265.0,12275.0,0.0,0.0,0.0,0.0,4432
2023-05-10 09:00:13,CJ2401,CJ401,12265.0,0.0,0.0,0.0,22,12260.0,12275.0,3,12265.0,12275.0,0.0,0.0,0.0,0.0,4432
2023-05-10 09:00:13,CJ2401,CJ401,12265.0,0.0,0.0,0.0,20,12260.0,12275.0,3,12265.0,12275.0,0.0,0.0,0.0,0.0,4432
2023-05-10 09:00:14,CJ2401,CJ401,12265.0,0.0,0.0,0.0,4,12265.0,12275.0,3,12265.0,12275.0,0.0,0.0,0.0,0.0,4432
2023-05-10 09:00:16,CJ2401,CJ401,12265.0,0.0,0.0,0.0,6,12265.0,12275.0,3,12265.0,12275.0,0.0,0.0,0.0,0.0,4432
2023-05-10 09:00:16,CJ2401,CJ401,12275.0,2.0,24550.0,2.0,6,12265.0,12275.0,1,12265.0,12275.0,12275.0,12275.0,2.0,24550.0,4434
2023-05-10 09:00:17,CJ2401,CJ401,12275.0,0.0,0.0,0.0,4,12265.0,12275.0,1,12265.0,12275.0,12275.0,12275.0,2.0,24550.0,4434
2023-05-10 09:00:18,CJ2401,CJ401,12275.0,2.0,24550.0,-1.0,22,12260.0,12280.0,60,12265.0,12275.0,12275.0,12275.0,4.0,49100.0,4433
2023-05-10 09:00:18,CJ2401,CJ401,12275.0,0.0,0.0,0.0,4,12265.0,12280.0,60,12265.0,12275.0,12275.0,12275.0,4.0,49100.0,4433
2023-05-10 09:00:19,CJ2401,CJ401,12265.0,2.0,24520.0,0.0,4,12265.0,12280.0,60,12265.0,12275.0,12275.0,12265.0,6.0,73620.0,4433
2023-05-10 09:00:21,CJ2401,CJ401,12280.0,5.0,61405.0,5.0,6,12265.0,12280.0,55,12265.0,12275.0,12280.0,12265.0,11.0,135025.0,4438
2023-05-10 09:00:22,CJ2401,CJ401,12265.0,2.0,24550.0,-2.0,4,12265.0,12280.0,55,12265.0,12275.0,12280.0,12265.0,13.0,159575.0,4436
2023-05-10 09:00:22,CJ2401,CJ401,12265.0,4.0,49015.0,4.0,22,12260.0,12280.0,55,12265.0,12275.0,12280.0,12265.0,17.0,208590.0,4440
2023-05-10 09:00:23,CJ2401,CJ401,12265.0,0.0,0.0,0.0,3,12260.0,12275.0,4,12265.0,12275.0,12280.0,12265.0,17.0,208590.0,4440
2023-05-10 09:00:24,CJ2401,CJ401,12265.0,5.0,61350.0,-1.0,3,12255.0,12265.0,49,12265.0,12275.0,12280.0,12260.0,22.0,269940.0,4439
2023-05-10 09:00:24,CJ2401,CJ401,12265.0,0.0,0.0,0.0,5,12250.0,12265.0,49,12265.0,12275.0,12280.0,12260.0,22.0,269940.0,4439
2023-05-10 09:00:26,CJ2401,CJ401,12265.0,0.0,0.0,0.0,2,12250.0,12260.0,2,12265.0,12275.0,12280.0,12260.0,22.0,269940.0,4439
2023-05-10 09:00:26,CJ2401,CJ401,12250.0,2.0,24540.0,0.0,3,12245.0,12260.0,2,12265.0,12275.0,12280.0,12250.0,24.0,294480.0,4439
2023-05-10 09:00:28,CJ2401,CJ401,12250.0,0.0,0.0,0.0,3,12240.0,12255.0,4,12265.0,12275.0,12280.0,12250.0,24.0,294480.0,4439
2023-05-10 09:00:28,CJ2401,CJ401,12250.0,0.0,0.0,0.0,3,12235.0,12255.0,4,12265.0,12275.0,12280.0,12250.0,24.0,294480.0,4439
2023-05-10 09:00:29,CJ2401,CJ401,12250.0,0.0,0.0,0.0,3,12235.0,12245.0,4,12265.0,12275.0,12280.0,12250.0,24.0,294480.0,4439
2023-05-10 09:00:29,CJ2401,CJ401,12255.0,20.0,244960.0,15.0,3,12235.0,12255.0,1,12265.0,12275.0,12280.0,12250.0,44.0,539440.0,4454
2023-05-10 09:00:30,CJ2401,CJ401,12255.0,0.0,0.0,0.0,7,12240.0,12255.0,1,12265.0,12275.0,12280.0,12250.0,44.0,539440.0,4454
2023-05-10 09:00:30,CJ2401,CJ401,12255.0,0.0,0.0,0.0,4,12240.0,12255.0,1,12265.0,12275.0,12280.0,12250.0,44.0,539440.0,4454
2023-05-10 09:00:31,CJ2401,CJ401,12255.0,0.0,0.0,0.0,7,12240.0,12255.0,1,12265.0,12275.0,12280.0,12250.0,44.0,539440.0,4454
2023-05-10 09:00:32,CJ2401,CJ401,12255.0,0.0,0.0,0.0,3,12245.0,12255.0,1,12265.0,12275.0,12280.0,12250.0,44.0,539440.0,4454
2023-05-10 09:00:32,CJ2401,CJ401,12255.0,0.0,0.0,0.0,3,12240.0,12255.0,1,12265.0,12275.0,12280.0,12250.0,44.0,539440.0,4454
2023-05-10 09:00:33,CJ2401,CJ401,12245.0,3.0,36780.0,0.0,2,12230.0,12245.0,5,12265.0,12275.0,12280.0,12245.0,47.0,576220.0,4454
2023-05-10 09:00:33,CJ2401,CJ401,12245.0,0.0,0.0,0.0,4,12235.0,12245.0,5,12265.0,12275.0,12280.0,12245.0,47.0,576220.0,4454
2023-05-10 09:00:35,CJ2401,CJ401,12245.0,0.0,0.0,0.0,4,12235.0,12245.0,15,12265.0,12275.0,12280.0,12245.0,47.0,576220.0,4454
2023-05-10 09:00:36,CJ2401,CJ401,12235.0,4.0,49040.0,0.0,2,12225.0,12245.0,15,12265.0,12275.0,12280.0,12235.0,51.0,625260.0,4454
2023-05-10 09:00:37,CJ2401,CJ401,12225.0,4.0,48765.0,2.0,2,12215.0,12245.0,15,12265.0,12275.0,12280.0,12225.0,55.0,674025.0,4456
2023-05-10 09:00:37,CJ2401,CJ401,12215.0,2.0,24510.0,-2.0,3,12215.0,12230.0,4,12265.0,12275.0,12280.0,12215.0,57.0,698535.0,4454
2023-05-10 09:00:38,CJ2401,CJ401,12215.0,1.0,12255.0,-1.0,2,12225.0,12230.0,4,12265.0,12275.0,12280.0,12215.0,58.0,710790.0,4453
2023-05-10 09:00:38,CJ2401,CJ401,12215.0,0.0,0.0,0.0,2,12225.0,12240.0,4,12265.0,12275.0,12280.0,12215.0,58.0,710790.0,4453
2023-05-10 09:00:39,CJ2401,CJ401,12215.0,0.0,0.0,0.0,2,12225.0,12235.0,4,12265.0,12275.0,12280.0,12215.0,58.0,710790.0,4453
2023-05-10 09:00:41,CJ2401,CJ401,12215.0,2.0,24510.0,0.0,2,12225.0,12235.0,4,12265.0,12275.0,12280.0,12215.0,60.0,735300.0,4453
2023-05-10 09:00:42,CJ2401,CJ401,12215.0,0.0,0.0,0.0,4,12225.0,12235.0,4,12265.0,12275.0,12280.0,12215.0,60.0,735300.0,4453
2023-05-10 09:00:42,CJ2401,CJ401,12235.0,4.0,48700.0,4.0,2,12225.0,12240.0,4,12265.0,12275.0,12280.0,12215.0,64.0,784000.0,4457
2023-05-10 09:00:43,CJ2401,CJ401,12235.0,0.0,0.0,0.0,4,12225.0,12240.0,4,12265.0,12275.0,12280.0,12215.0,64.0,784000.0,4457
2023-05-10 09:00:45,CJ2401,CJ401,12240.0,4.0,49000.0,0.0,6,12230.0,12245.0,5,12265.0,12275.0,12280.0,12215.0,68.0,833000.0,4457
2023-05-10 09:00:46,CJ2401,CJ401,12245.0,5.0,61250.0,0.0,4,12240.0,12265.0,49,12265.0,12275.0,12280.0,12215.0,73.0,894250.0,4457
2023-05-10 09:00:46,CJ2401,CJ401,12250.0,1.0,12250.0,0.0,3,12250.0,12265.0,49,12265.0,12275.0,12280.0,12215.0,74.0,906500.0,4457
2023-05-10 09:00:46,CJ2401,CJ401,12250.0,3.0,36750.0,0.0,4,12240.0,12255.0,4,12265.0,12275.0,12280.0,12215.0,77.0,943250.0,4457
2023-05-10 09:00:48,CJ2401,CJ401,12250.0,0.0,0.0,0.0,7,12240.0,12255.0,4,12265.0,12275.0,12280.0,12215.0,77.0,943250.0,4457
2023-05-10 09:00:49,CJ2401,CJ401,12255.0,9.0,110250.0,0.0,1,12255.0,12260.0,2,12265.0,12275.0,12280.0,12215.0,86.0,1053500.0,4457
2023-05-10 09:00:49,CJ2401,CJ401,12255.0,1.0,12250.0,0.0,4,12245.0,12260.0,2,12265.0,12275.0,12280.0,12215.0,87.0,1065750.0,4457
2023-05-10 09:00:50,CJ2401,CJ401,12255.0,0.0,0.0,0.0,4,12250.0,12260.0,2,12265.0,12275.0,12280.0,12215.0,87.0,1065750.0,4457
2023-05-10 09:00:52,CJ2401,CJ401,12250.0,4.0,49000.0,0.0,4,12245.0,12260.0,2,12265.0,12275.0,12280.0,12215.0,91.0,1114750.0,4457
2023-05-10 09:00:53,CJ2401,CJ401,12250.0,0.0,0.0,0.0,4,12250.0,12260.0,2,12265.0,12275.0,12280.0,12215.0,91.0,1114750.0,4457
2023-05-10 09:00:55,CJ2401,CJ401,12250.0,0.0,0.0,0.0,14,12250.0,12260.0,2,12265.0,12275.0,12280.0,12215.0,91.0,1114750.0,4457
2023-05-10 09:00:55,CJ2401,CJ401,12260.0,2.0,24500.0,0.0,14,12250.0,12265.0,49,12265.0,12275.0,12280.0,12215.0,93.0,1139250.0,4457
2023-05-10 09:00:59,CJ2401,CJ401,12250.0,4.0,49000.0,4.0,10,12250.0,12265.0,49,12265.0,12275.0,12280.0,12215.0,97.0,1188250.0,4461
2023-05-10 09:01:00,CJ2401,CJ401,12250.0,0.0,0.0,0.0,10,12250.0,12260.0,4,12265.0,12275.0,12280.0,12215.0,97.0,1188250.0,4461
2023-05-10 09:01:03,CJ2401,CJ401,12250.0,0.0,0.0,0.0,10,12250.0,12270.0,4,12265.0,12275.0,12280.0,12215.0,97.0,1188250.0,4461
2023-05-10 09:01:04,CJ2401,CJ401,12250.0,0.0,0.0,0.0,10,12250.0,12265.0,4,12265.0,12275.0,12280.0,12215.0,97.0,1188250.0,4461
2023-05-10 09:01:08,CJ2401,CJ401,12265.0,8.0,98000.0,-8.0,12,12265.0,12280.0,55,12265.0,12275.0,12280.0,12215.0,105.0,1286250.0,4453
2023-05-10 09:01:08,CJ2401,CJ401,12265.0,12.0,147585.0,0.0,4,12255.0,12265.0,4,12265.0,12275.0,12280.0,12215.0,117.0,1433835.0,4453
2023-05-10 09:01:09,CJ2401,CJ401,12265.0,0.0,0.0,0.0,10,12250.0,12265.0,4,12265.0,12275.0,12280.0,12215.0,117.0,1433835.0,4453
2023-05-10 09:01:13,CJ2401,CJ401,12265.0,0.0,0.0,0.0,10,12250.0,12260.0,4,12265.0,12275.0,12280.0,12215.0,117.0,1433835.0,4453
2023-05-10 09:01:16,CJ2401,CJ401,12260.0,4.0,49020.0,0.0,10,12250.0,12265.0,4,12265.0,12275.0,12280.0,12215.0,121.0,1482855.0,4453
2023-05-10 09:01:22,CJ2401,CJ401,12260.0,0.0,0.0,0.0,6,12255.0,12265.0,4,12265.0,12275.0,12280.0,12215.0,121.0,1482855.0,4453
2023-05-10 09:01:25,CJ2401,CJ401,12255.0,5.0,61275.0,5.0,1,12255.0,12265.0,4,12265.0,12275.0,12280.0,12215.0,126.0,1544130.0,4458
2023-05-10 09:01:28,CJ2401,CJ401,12255.0,1.0,12255.0,1.0,10,12250.0,12255.0,4,12265.0,12275.0,12280.0,12215.0,127.0,1556385.0,4459
2023-05-10 09:01:30,CJ2401,CJ401,12255.0,4.0,49020.0,0.0,10,12250.0,12270.0,2,12265.0,12275.0,12280.0,12215.0,131.0,1605405.0,4459
2023-05-10 09:01:32,CJ2401,CJ401,12255.0,0.0,0.0,0.0,4,12255.0,12270.0,2,12265.0,12275.0,12280.0,12215.0,131.0,1605405.0,4459
2023-05-10 09:01:39,CJ2401,CJ401,12255.0,0.0,0.0,0.0,2,12260.0,12270.0,2,12265.0,12275.0,12280.0,12215.0,131.0,1605405.0,4459
2023-05-10 09:01:45,CJ2401,CJ401,12270.0,2.0,24510.0,2.0,2,12260.0,12280.0,55,12265.0,12275.0,12280.0,12215.0,133.0,1629915.0,4461
2023-05-10 09:01:45,CJ2401,CJ401,12270.0,0.0,0.0,0.0,2,12260.0,12275.0,3,12265.0,12275.0,12280.0,12215.0,133.0,1629915.0,4461
2023-05-10 09:01:54,CJ2401,CJ401,12260.0,10.0,122550.0,2.0,10,12250.0,12275.0,3,12265.0,12275.0,12280.0,12215.0,143.0,1752465.0,4463
2023-05-10 09:01:54,CJ2401,CJ401,12260.0,0.0,0.0,0.0,4,12260.0,12275.0,3,12265.0,12275.0,12280.0,12215.0,143.0,1752465.0,4463
2023-05-10 09:01:58,CJ2401,CJ401,12260.0,0.0,0.0,0.0,4,12265.0,12275.0,3,12265.0,12275.0,12280.0,12215.0,143.0,1752465.0,4463
2023-05-10 09:02:05,CJ2401,CJ401,12275.0,3.0,36765.0,3.0,4,12265.0,12280.0,55,12265.0,12275.0,12280.0,12215.0,146.0,1789230.0,4466
2023-05-10 09:02:12,CJ2401,CJ401,12275.0,0.0,0.0,0.0,6,12265.0,12280.0,55,12265.0,12275.0,12280.0,12215.0,146.0,1789230.0,4466
2023-05-10 09:02:13,CJ2401,CJ401,12265.0,5.0,61275.0,1.0,1,12265.0,12275.0,4,12265.0,12275.0,12280.0,12215.0,151.0,1850505.0,4467
2023-05-10 09:02:19,CJ2401,CJ401,12275.0,2.0,24510.0,2.0,1,12265.0,12275.0,2,12265.0,12275.0,12280.0,12215.0,153.0,1875015.0,4469
2023-05-10 09:02:20,CJ2401,CJ401,12275.0,0.0,0.0,0.0,3,12265.0,12275.0,2,12265.0,12275.0,12280.0,12215.0,153.0,1875015.0,4469
2023-05-10 09:02:20,CJ2401,CJ401,12265.0,3.0,36765.0,3.0,2,12260.0,12265.0,1,12265.0,12275.0,12280.0,12215.0,156.0,1911780.0,4472
2023-05-10 09:02:24,CJ2401,CJ401,12260.0,4.0,49020.0,0.0,10,12250.0,12260.0,45,12265.0,12275.0,12280.0,12215.0,160.0,1960800.0,4472
2023-05-10 09:02:27,CJ2401,CJ401,12260.0,2.0,24510.0,0.0,10,12250.0,12260.0,43,12265.0,12275.0,12280.0,12215.0,162.0,1985310.0,4472
2023-05-10 09:02:31,CJ2401,CJ401,12250.0,4.0,49020.0,2.0,8,12250.0,12260.0,41,12265.0,12275.0,12280.0,12215.0,166.0,2034330.0,4474
2023-05-10 09:02:32,CJ2401,CJ401,12250.0,8.0,98040.0,5.0,2,12235.0,12260.0,41,12265.0,12275.0,12280.0,12215.0,174.0,2132370.0,4479
2023-05-10 09:02:32,CJ2401,CJ401,12250.0,0.0,0.0,0.0,2,12240.0,12255.0,2,12265.0,12275.0,12280.0,12215.0,174.0,2132370.0,4479
2023-05-10 09:02:33,CJ2401,CJ401,12240.0,2.0,24510.0,-2.0,4,12230.0,12245.0,4,12265.0,12275.0,12280.0,12215.0,176.0,2156880.0,4477
2023-05-10 09:02:33,CJ2401,CJ401,12240.0,0.0,0.0,0.0,3,12235.0,12245.0,4,12265.0,12275.0,12280.0,12215.0,176.0,2156880.0,4477
2023-05-10 09:02:34,CJ2401,CJ401,12240.0,0.0,0.0,0.0,3,12230.0,12245.0,4,12265.0,12275.0,12280.0,12215.0,176.0,2156880.0,4477
2023-05-10 09:02:36,CJ2401,CJ401,12240.0,0.0,0.0,0.0,7,12235.0,12245.0,4,12265.0,12275.0,12280.0,12215.0,176.0,2156880.0,4477
2023-05-10 09:02:36,CJ2401,CJ401,12240.0,0.0,0.0,0.0,4,12240.0,12255.0,4,12265.0,12275.0,12280.0,12215.0,176.0,2156880.0,4477
2023-05-10 09:02:37,CJ2401,CJ401,12240.0,2.0,24510.0,0.0,3,12235.0,12250.0,2,12265.0,12275.0,12280.0,12215.0,178.0,2181390.0,4477
2023-05-10 09:02:38,CJ2401,CJ401,12240.0,0.0,0.0,0.0,3,12240.0,12250.0,2,12265.0,12275.0,12280.0,12215.0,178.0,2181390.0,4477
2023-05-10 09:02:40,CJ2401,CJ401,12240.0,0.0,0.0,0.0,2,12240.0,12250.0,2,12265.0,12275.0,12280.0,12215.0,178.0,2181390.0,4477
2023-05-10 09:02:40,CJ2401,CJ401,12240.0,0.0,0.0,0.0,3,12240.0,12250.0,2,12265.0,12275.0,12280.0,12215.0,178.0,2181390.0,4477
2023-05-10 09:02:46,CJ2401,CJ401,12240.0,0.0,0.0,0.0,3,12245.0,12250.0,2,12265.0,12275.0,12280.0,12215.0,178.0,2181390.0,4477
2023-05-10 09:02:47,CJ2401,CJ401,12240.0,0.0,0.0,0.0,3,12245.0,12255.0,2,12265.0,12275.0,12280.0,12215.0,178.0,2181390.0,4477
2023-05-10 09:02:50,CJ2401,CJ401,12240.0,0.0,0.0,0.0,1,12245.0,12255.0,2,12265.0,12275.0,12280.0,12215.0,178.0,2181390.0,4477
2023-05-10 09:02:51,CJ2401,CJ401,12240.0,0.0,0.0,0.0,3,12245.0,12255.0,2,12265.0,12275.0,12280.0,12215.0,178.0,2181390.0,4477
2023-05-10 09:02:53,CJ2401,CJ401,12240.0,0.0,0.0,0.0,2,12245.0,12255.0,2,12265.0,12275.0,12280.0,12215.0,178.0,2181390.0,4477
2023-05-10 09:02:56,CJ2401,CJ401,12240.0,0.0,0.0,0.0,3,12240.0,12255.0,2,12265.0,12275.0,12280.0,12215.0,178.0,2181390.0,4477
2023-05-10 09:02:57,CJ2401,CJ401,12240.0,0.0,0.0,0.0,3,12240.0,12245.0,15,12265.0,12275.0,12280.0,12215.0,178.0,2181390.0,4477
2023-05-10 09:02:59,CJ2401,CJ401,12245.0,2.0,24510.0,0.0,1,12240.0,12245.0,13,12265.0,12275.0,12280.0,12215.0,180.0,2205900.0,4477
2023-05-10 09:03:01,CJ2401,CJ401,12245.0,1.0,12255.0,0.0,3,12230.0,12245.0,12,12265.0,12275.0,12280.0,12215.0,181.0,2218155.0,4477
2023-05-10 09:03:02,CJ2401,CJ401,12230.0,3.0,36765.0,-2.0,2,12225.0,12235.0,2,12265.0,12275.0,12280.0,12215.0,184.0,2254920.0,4475
2023-05-10 09:03:02,CJ2401,CJ401,12230.0,0.0,0.0,0.0,3,12235.0,12245.0,12,12265.0,12275.0,12280.0,12215.0,184.0,2254920.0,4475
2023-05-10 09:03:06,CJ2401,CJ401,12235.0,2.0,24510.0,-2.0,1,12235.0,12245.0,12,12265.0,12275.0,12280.0,12215.0,186.0,2279430.0,4473
2023-05-10 09:03:07,CJ2401,CJ401,12245.0,10.0,122550.0,10.0,1,12235.0,12245.0,2,12265.0,12275.0,12280.0,12215.0,196.0,2401980.0,4483
2023-05-10 09:03:11,CJ2401,CJ401,12245.0,2.0,24510.0,2.0,7,12240.0,12255.0,2,12265.0,12275.0,12280.0,12215.0,198.0,2426490.0,4485
2023-05-10 09:03:11,CJ2401,CJ401,12245.0,0.0,0.0,0.0,7,12240.0,12250.0,2,12265.0,12275.0,12280.0,12215.0,198.0,2426490.0,4485
2023-05-10 09:03:16,CJ2401,CJ401,12250.0,2.0,24510.0,2.0,4,12245.0,12260.0,41,12265.0,12275.0,12280.0,12215.0,200.0,2451000.0,4487
2023-05-10 09:03:17,CJ2401,CJ401,12250.0,0.0,0.0,0.0,5,12250.0,12260.0,41,12265.0,12275.0,12280.0,12215.0,200.0,2451000.0,4487
2023-05-10 09:03:46,CJ2401,CJ401,12250.0,0.0,0.0,0.0,7,12250.0,12260.0,41,12265.0,12275.0,12280.0,12215.0,200.0,2451000.0,4487
2023-05-10 09:03:47,CJ2401,CJ401,12250.0,0.0,0.0,0.0,5,12250.0,12260.0,41,12265.0,12275.0,12280.0,12215.0,200.0,2451000.0,4487
2023-05-10 09:03:48,CJ2401,CJ401,12250.0,0.0,0.0,0.0,7,12250.0,12260.0,41,12265.0,12275.0,12280.0,12215.0,200.0,2451000.0,4487
2023-05-10 09:03:56,CJ2401,CJ401,12250.0,0.0,0.0,0.0,5,12250.0,12260.0,41,12265.0,12275.0,12280.0,12215.0,200.0,2451000.0,4487
2023-05-10 09:03:56,CJ2401,CJ401,12250.0,0.0,0.0,0.0,7,12250.0,12260.0,41,12265.0,12275.0,12280.0,12215.0,200.0,2451000.0,4487
2023-05-10 09:04:00,CJ2401,CJ401,12250.0,0.0,0.0,0.0,5,12250.0,12260.0,41,12265.0,12275.0,12280.0,12215.0,200.0,2451000.0,4487
2023-05-10 09:04:03,CJ2401,CJ401,12250.0,1.0,12255.0,0.0,4,12250.0,12260.0,41,12265.0,12275.0,12280.0,12215.0,201.0,2463255.0,4487
2023-05-10 09:04:03,CJ2401,CJ401,12250.0,0.0,0.0,0.0,2,12245.0,12260.0,41,12265.0,12275.0,12280.0,12215.0,201.0,2463255.0,4487
2023-05-10 09:04:05,CJ2401,CJ401,12250.0,0.0,0.0,0.0,7,12240.0,12260.0,41,12265.0,12275.0,12280.0,12215.0,201.0,2463255.0,4487
2023-05-10 09:04:05,CJ2401,CJ401,12250.0,0.0,0.0,0.0,2,12235.0,12255.0,4,12265.0,12275.0,12280.0,12215.0,201.0,2463255.0,4487
2023-05-10 09:04:06,CJ2401,CJ401,12250.0,0.0,0.0,0.0,2,12230.0,12250.0,4,12265.0,12275.0,12280.0,12215.0,201.0,2463255.0,4487
2023-05-10 09:04:06,CJ2401,CJ401,12250.0,0.0,0.0,0.0,2,12230.0,12245.0,5,12265.0,12275.0,12280.0,12215.0,201.0,2463255.0,4487
2023-05-10 09:04:07,CJ2401,CJ401,12250.0,0.0,0.0,0.0,2,12235.0,12245.0,5,12265.0,12275.0,12280.0,12215.0,201.0,2463255.0,4487
2023-05-10 09:04:12,CJ2401,CJ401,12250.0,0.0,0.0,0.0,2,12235.0,12245.0,25,12265.0,12275.0,12280.0,12215.0,201.0,2463255.0,4487
2023-05-10 09:04:12,CJ2401,CJ401,12235.0,2.0,24510.0,-2.0,2,12225.0,12240.0,4,12265.0,12275.0,12280.0,12215.0,203.0,2487765.0,4485
2023-05-10 09:04:14,CJ2401,CJ401,12235.0,0.0,0.0,0.0,2,12225.0,12240.0,8,12265.0,12275.0,12280.0,12215.0,203.0,2487765.0,4485
2023-05-10 09:04:16,CJ2401,CJ401,12235.0,0.0,0.0,0.0,5,12220.0,12240.0,8,12265.0,12275.0,12280.0,12215.0,203.0,2487765.0,4485
2023-05-10 09:04:16,CJ2401,CJ401,12235.0,0.0,0.0,0.0,4,12225.0,12240.0,8,12265.0,12275.0,12280.0,12215.0,203.0,2487765.0,4485
2023-05-10 09:04:23,CJ2401,CJ401,12235.0,0.0,0.0,0.0,4,12225.0,12240.0,4,12265.0,12275.0,12280.0,12215.0,203.0,2487765.0,4485
2023-05-10 09:04:27,CJ2401,CJ401,12235.0,0.0,0.0,0.0,2,12235.0,12240.0,4,12265.0,12275.0,12280.0,12215.0,203.0,2487765.0,4485
2023-05-10 09:04:27,CJ2401,CJ401,12235.0,0.0,0.0,0.0,2,12235.0,12245.0,22,12265.0,12275.0,12280.0,12215.0,203.0,2487765.0,4485
2023-05-10 09:04:32,CJ2401,CJ401,12245.0,3.0,36765.0,3.0,4,12240.0,12245.0,19,12265.0,12275.0,12280.0,12215.0,206.0,2524530.0,4488
2023-05-10 09:04:33,CJ2401,CJ401,12245.0,19.0,232845.0,18.0,4,12240.0,12270.0,2,12265.0,12275.0,12280.0,12215.0,225.0,2757375.0,4506
2023-05-10 09:04:33,CJ2401,CJ401,12245.0,0.0,0.0,0.0,4,12250.0,12270.0,2,12265.0,12275.0,12280.0,12215.0,225.0,2757375.0,4506
2023-05-10 09:04:33,CJ2401,CJ401,12245.0,0.0,0.0,0.0,4,12250.0,12265.0,4,12265.0,12275.0,12280.0,12215.0,225.0,2757375.0,4506
2023-05-10 09:04:37,CJ2401,CJ401,12245.0,2.0,24510.0,-2.0,2,12250.0,12265.0,4,12265.0,12275.0,12280.0,12215.0,227.0,2781885.0,4504
2023-05-10 09:04:39,CJ2401,CJ401,12245.0,0.0,0.0,0.0,2,12250.0,12260.0,2,12265.0,12275.0,12280.0,12215.0,227.0,2781885.0,4504
2023-05-10 09:04:43,CJ2401,CJ401,12245.0,0.0,0.0,0.0,2,12245.0,12260.0,2,12265.0,12275.0,12280.0,12215.0,227.0,2781885.0,4504
2023-05-10 09:04:46,CJ2401,CJ401,12245.0,0.0,0.0,0.0,2,12245.0,12270.0,2,12265.0,12275.0,12280.0,12215.0,227.0,2781885.0,4504
2023-05-10 09:04:46,CJ2401,CJ401,12245.0,0.0,0.0,0.0,4,12250.0,12260.0,2,12265.0,12275.0,12280.0,12215.0,227.0,2781885.0,4504
2023-05-10 09:04:55,CJ2401,CJ401,12250.0,4.0,49020.0,0.0,2,12245.0,12250.0,6,12265.0,12275.0,12280.0,12215.0,231.0,2830905.0,4504
2023-05-10 09:05:05,CJ2401,CJ401,12250.0,6.0,73530.0,-4.0,2,12245.0,12270.0,2,12265.0,12275.0,12280.0,12215.0,237.0,2904435.0,4500
2023-05-10 09:05:05,CJ2401,CJ401,12250.0,0.0,0.0,0.0,2,12250.0,12260.0,4,12265.0,12275.0,12280.0,12215.0,237.0,2904435.0,4500
2023-05-10 09:05:07,CJ2401,CJ401,12250.0,10.0,121315.0,0.0,2,12250.0,12260.0,4,12265.0,12275.0,12280.0,12215.0,247.0,3025750.0,4500
2023-05-10 09:05:08,CJ2401,CJ401,12265.0,6.0,74765.0,2.0,44,12265.0,12270.0,2,12265.0,12275.0,12280.0,12215.0,253.0,3100515.0,4502
2023-05-10 09:05:09,CJ2401,CJ401,12265.0,0.0,0.0,0.0,44,12265.0,12280.0,55,12265.0,12275.0,12280.0,12215.0,253.0,3100515.0,4502
2023-05-10 09:05:15,CJ2401,CJ401,12265.0,3.0,36765.0,3.0,41,12265.0,12280.0,55,12265.0,12275.0,12280.0,12215.0,256.0,3137280.0,4505
2023-05-10 09:05:18,CJ2401,CJ401,12265.0,0.0,0.0,0.0,41,12265.0,12275.0,3,12265.0,12275.0,12280.0,12215.0,256.0,3137280.0,4505
2023-05-10 09:05:22,CJ2401,CJ401,12265.0,3.0,36765.0,3.0,38,12265.0,12275.0,3,12265.0,12275.0,12280.0,12215.0,259.0,3174045.0,4508
2023-05-10 09:05:38,CJ2401,CJ401,12275.0,45.0,551475.0,37.0,3,12275.0,12280.0,55,12265.0,12275.0,12280.0,12215.0,304.0,3725520.0,4545
2023-05-10 09:05:38,CJ2401,CJ401,12275.0,3.0,36765.0,-2.0,4,12255.0,12275.0,3,12265.0,12275.0,12280.0,12215.0,307.0,3762285.0,4543
2023-05-10 09:05:38,CJ2401,CJ401,12275.0,0.0,0.0,0.0,4,12260.0,12275.0,3,12265.0,12275.0,12280.0,12215.0,307.0,3762285.0,4543
2023-05-10 09:05:43,CJ2401,CJ401,12275.0,0.0,0.0,0.0,1,12265.0,12275.0,5,12265.0,12275.0,12280.0,12215.0,307.0,3762285.0,4543
2023-05-10 09:05:48,CJ2401,CJ401,12265.0,1.0,12255.0,-1.0,2,12250.0,12275.0,5,12265.0,12275.0,12280.0,12215.0,308.0,3774540.0,4542
2023-05-10 09:05:49,CJ2401,CJ401,12265.0,0.0,0.0,0.0,4,12260.0,12275.0,5,12265.0,12275.0,12280.0,12215.0,308.0,3774540.0,4542
2023-05-10 09:05:49,CJ2401,CJ401,12265.0,0.0,0.0,0.0,4,12265.0,12275.0,5,12265.0,12275.0,12280.0,12215.0,308.0,3774540.0,4542
2023-05-10 09:05:49,CJ2401,CJ401,12265.0,0.0,0.0,0.0,4,12260.0,12275.0,5,12265.0,12275.0,12280.0,12215.0,308.0,3774540.0,4542
2023-05-10 09:05:49,CJ2401,CJ401,12265.0,0.0,0.0,0.0,4,12265.0,12275.0,5,12265.0,12275.0,12280.0,12215.0,308.0,3774540.0,4542
2023-05-10 09:05:50,CJ2401,CJ401,12265.0,0.0,0.0,0.0,4,12265.0,12275.0,2,12265.0,12275.0,12280.0,12215.0,308.0,3774540.0,4542
2023-05-10 09:05:56,CJ2401,CJ401,12265.0,4.0,49020.0,-4.0,2,12250.0,12265.0,6,12265.0,12275.0,12280.0,12215.0,312.0,3823560.0,4538
2023-05-10 09:05:56,CJ2401,CJ401,12265.0,6.0,73530.0,-4.0,1,12265.0,12275.0,2,12265.0,12275.0,12280.0,12215.0,318.0,3897090.0,4534
2023-05-10 09:06:10,CJ2401,CJ401,12275.0,2.0,24510.0,0.0,1,12265.0,12280.0,55,12265.0,12275.0,12280.0,12215.0,320.0,3921600.0,4534
2023-05-10 09:06:12,CJ2401,CJ401,12280.0,38.0,467480.0,0.0,1,12265.0,12280.0,17,12265.0,12275.0,12280.0,12215.0,358.0,4389080.0,4534
2023-05-10 09:06:12,CJ2401,CJ401,12280.0,17.0,208420.0,4.0,4,12270.0,12285.0,1,12265.0,12275.0,12280.0,12215.0,375.0,4597500.0,4538
2023-05-10 09:06:17,CJ2401,CJ401,12280.0,0.0,0.0,0.0,1,12275.0,12285.0,1,12265.0,12275.0,12280.0,12215.0,375.0,4597500.0,4538
2023-05-10 09:06:20,CJ2401,CJ401,12275.0,1.0,12260.0,-1.0,2,12265.0,12275.0,5,12265.0,12275.0,12280.0,12215.0,376.0,4609760.0,4537
2023-05-10 09:06:26,CJ2401,CJ401,12265.0,6.0,73560.0,-2.0,4,12250.0,12265.0,4,12265.0,12275.0,12280.0,12215.0,382.0,4683320.0,4535
2023-05-10 09:06:26,CJ2401,CJ401,12265.0,4.0,49040.0,0.0,1,12265.0,12280.0,4,12265.0,12275.0,12280.0,12215.0,386.0,4732360.0,4535
2023-05-10 09:06:26,CJ2401,CJ401,12265.0,0.0,0.0,0.0,1,12265.0,12275.0,4,12265.0,12275.0,12280.0,12215.0,386.0,4732360.0,4535
2023-05-10 09:06:35,CJ2401,CJ401,12265.0,0.0,0.0,0.0,1,12265.0,12275.0,9,12265.0,12275.0,12280.0,12215.0,386.0,4732360.0,4535
2023-05-10 09:06:37,CJ2401,CJ401,12265.0,0.0,0.0,0.0,4,12250.0,12275.0,9,12265.0,12275.0,12280.0,12215.0,386.0,4732360.0,4535
2023-05-10 09:06:38,CJ2401,CJ401,12265.0,0.0,0.0,0.0,4,12250.0,12265.0,4,12265.0,12275.0,12280.0,12215.0,386.0,4732360.0,4535
2023-05-10 09:06:47,CJ2401,CJ401,12265.0,4.0,49040.0,4.0,4,12250.0,12275.0,5,12265.0,12275.0,12280.0,12215.0,390.0,4781400.0,4539
2023-05-10 09:06:47,CJ2401,CJ401,12265.0,0.0,0.0,0.0,4,12260.0,12275.0,5,12265.0,12275.0,12280.0,12215.0,390.0,4781400.0,4539
2023-05-10 09:06:50,CJ2401,CJ401,12265.0,0.0,0.0,0.0,4,12265.0,12275.0,5,12265.0,12275.0,12280.0,12215.0,390.0,4781400.0,4539
2023-05-10 09:06:54,CJ2401,CJ401,12265.0,4.0,49040.0,-4.0,12,12250.0,12275.0,5,12265.0,12275.0,12280.0,12215.0,394.0,4830440.0,4535
2023-05-10 09:06:54,CJ2401,CJ401,12265.0,0.0,0.0,0.0,4,12260.0,12275.0,5,12265.0,12275.0,12280.0,12215.0,394.0,4830440.0,4535
2023-05-10 09:06:57,CJ2401,CJ401,12265.0,0.0,0.0,0.0,4,12265.0,12275.0,5,12265.0,12275.0,12280.0,12215.0,394.0,4830440.0,4535
2023-05-10 09:07:02,CJ2401,CJ401,12265.0,4.0,49040.0,0.0,12,12250.0,12270.0,4,12265.0,12275.0,12280.0,12215.0,398.0,4879480.0,4535
2023-05-10 09:07:05,CJ2401,CJ401,12265.0,0.0,0.0,0.0,13,12250.0,12265.0,4,12265.0,12275.0,12280.0,12215.0,398.0,4879480.0,4535
2023-05-10 09:07:07,CJ2401,CJ401,12250.0,11.0,134860.0,-4.0,2,12250.0,12265.0,4,12265.0,12275.0,12280.0,12215.0,409.0,5014340.0,4531
2023-05-10 09:07:08,CJ2401,CJ401,12250.0,0.0,0.0,0.0,2,12250.0,12260.0,4,12265.0,12275.0,12280.0,12215.0,409.0,5014340.0,4531
2023-05-10 09:07:08,CJ2401,CJ401,12250.0,0.0,0.0,0.0,2,12250.0,12260.0,6,12265.0,12275.0,12280.0,12215.0,409.0,5014340.0,4531
2023-05-10 09:07:16,CJ2401,CJ401,12250.0,0.0,0.0,0.0,2,12250.0,12260.0,4,12265.0,12275.0,12280.0,12215.0,409.0,5014340.0,4531
2023-05-10 09:07:21,CJ2401,CJ401,12250.0,0.0,0.0,0.0,2,12250.0,12255.0,2,12265.0,12275.0,12280.0,12215.0,409.0,5014340.0,4531
2023-05-10 09:07:27,CJ2401,CJ401,12255.0,2.0,24520.0,0.0,1,12255.0,12260.0,4,12265.0,12275.0,12280.0,12215.0,411.0,5038860.0,4531
2023-05-10 09:07:28,CJ2401,CJ401,12255.0,0.0,0.0,0.0,1,12255.0,12275.0,5,12265.0,12275.0,12280.0,12215.0,411.0,5038860.0,4531
2023-05-10 09:07:28,CJ2401,CJ401,12255.0,0.0,0.0,0.0,2,12255.0,12270.0,4,12265.0,12275.0,12280.0,12215.0,411.0,5038860.0,4531
2023-05-10 09:07:30,CJ2401,CJ401,12275.0,9.0,110340.0,5.0,29,12275.0,12285.0,1,12265.0,12275.0,12280.0,12215.0,420.0,5149200.0,4536
2023-05-10 09:07:37,CJ2401,CJ401,12275.0,0.0,0.0,0.0,29,12275.0,12285.0,2,12265.0,12275.0,12280.0,12215.0,420.0,5149200.0,4536
2023-05-10 09:07:41,CJ2401,CJ401,12275.0,6.0,73560.0,0.0,23,12275.0,12285.0,2,12265.0,12275.0,12280.0,12215.0,426.0,5222760.0,4536
2023-05-10 09:07:42,CJ2401,CJ401,12275.0,3.0,36780.0,0.0,20,12275.0,12285.0,2,12265.0,12275.0,12280.0,12215.0,429.0,5259540.0,4536
2023-05-10 09:07:42,CJ2401,CJ401,12275.0,6.0,73560.0,0.0,14,12275.0,12285.0,2,12265.0,12275.0,12280.0,12215.0,435.0,5333100.0,4536
2023-05-10 09:07:45,CJ2401,CJ401,12275.0,14.0,171640.0,10.0,1,12255.0,12285.0,2,12265.0,12275.0,12280.0,12215.0,449.0,5504740.0,4546
2023-05-10 09:07:45,CJ2401,CJ401,12275.0,0.0,0.0,0.0,4,12260.0,12275.0,6,12265.0,12275.0,12280.0,12215.0,449.0,5504740.0,4546
2023-05-10 09:07:46,CJ2401,CJ401,12260.0,4.0,49040.0,-4.0,1,12255.0,12270.0,4,12265.0,12275.0,12280.0,12215.0,453.0,5553780.0,4542
2023-05-10 09:07:46,CJ2401,CJ401,12265.0,3.0,36780.0,0.0,1,12255.0,12265.0,1,12265.0,12275.0,12280.0,12215.0,456.0,5590560.0,4542
2023-05-10 09:07:46,CJ2401,CJ401,12265.0,0.0,0.0,0.0,4,12250.0,12265.0,1,12265.0,12275.0,12280.0,12215.0,456.0,5590560.0,4542
2023-05-10 09:07:57,CJ2401,CJ401,12265.0,0.0,0.0,0.0,3,12255.0,12265.0,1,12265.0,12275.0,12280.0,12215.0,456.0,5590560.0,4542
2023-05-10 09:07:58,CJ2401,CJ401,12265.0,0.0,0.0,0.0,1,12265.0,12285.0,2,12265.0,12275.0,12280.0,12215.0,456.0,5590560.0,4542
2023-05-10 09:07:58,CJ2401,CJ401,12265.0,0.0,0.0,0.0,3,12270.0,12280.0,1,12265.0,12275.0,12280.0,12215.0,456.0,5590560.0,4542
2023-05-10 09:08:04,CJ2401,CJ401,12265.0,0.0,0.0,0.0,1,12265.0,12280.0,1,12265.0,12275.0,12280.0,12215.0,456.0,5590560.0,4542
2023-05-10 09:08:09,CJ2401,CJ401,12265.0,0.0,0.0,0.0,3,12270.0,12280.0,1,12265.0,12275.0,12280.0,12215.0,456.0,5590560.0,4542
2023-05-10 09:08:14,CJ2401,CJ401,12265.0,0.0,0.0,0.0,3,12270.0,12280.0,2,12265.0,12275.0,12280.0,12215.0,456.0,5590560.0,4542
2023-05-10 09:08:18,CJ2401,CJ401,12265.0,0.0,0.0,0.0,1,12265.0,12280.0,1,12265.0,12275.0,12280.0,12215.0,456.0,5590560.0,4542
2023-05-10 09:08:18,CJ2401,CJ401,12265.0,0.0,0.0,0.0,1,12265.0,12275.0,1,12265.0,12275.0,12280.0,12215.0,456.0,5590560.0,4542
2023-05-10 09:08:25,CJ2401,CJ401,12265.0,0.0,0.0,0.0,1,12265.0,12280.0,1,12265.0,12275.0,12280.0,12215.0,456.0,5590560.0,4542
2023-05-10 09:08:33,CJ2401,CJ401,12265.0,0.0,0.0,0.0,1,12265.0,12275.0,1,12265.0,12275.0,12280.0,12215.0,456.0,5590560.0,4542
2023-05-10 09:08:34,CJ2401,CJ401,12265.0,1.0,12260.0,-1.0,2,12250.0,12265.0,4,12265.0,12275.0,12280.0,12215.0,457.0,5602820.0,4541
2023-05-10 09:08:35,CJ2401,CJ401,12265.0,4.0,49040.0,-4.0,3,12260.0,12270.0,1,12265.0,12275.0,12280.0,12215.0,461.0,5651860.0,4537
2023-05-10 09:08:38,CJ2401,CJ401,12270.0,1.0,12260.0,0.0,1,12270.0,12280.0,1,12265.0,12275.0,12280.0,12215.0,462.0,5664120.0,4537
2023-05-10 09:08:50,CJ2401,CJ401,12270.0,0.0,0.0,0.0,2,12275.0,12280.0,1,12265.0,12275.0,12280.0,12215.0,462.0,5664120.0,4537
2023-05-10 09:08:50,CJ2401,CJ401,12275.0,2.0,24520.0,0.0,1,12270.0,12280.0,2,12265.0,12275.0,12280.0,12215.0,464.0,5688640.0,4537
2023-05-10 09:09:10,CJ2401,CJ401,12275.0,0.0,0.0,0.0,2,12275.0,12280.0,2,12265.0,12275.0,12280.0,12215.0,464.0,5688640.0,4537
2023-05-10 09:09:14,CJ2401,CJ401,12275.0,0.0,0.0,0.0,2,12275.0,12280.0,7,12265.0,12275.0,12280.0,12215.0,464.0,5688640.0,4537
2023-05-10 09:09:14,CJ2401,CJ401,12275.0,2.0,24520.0,0.0,1,12270.0,12280.0,7,12265.0,12275.0,12280.0,12215.0,466.0,5713160.0,4537
2023-05-10 09:09:27,CJ2401,CJ401,12270.0,1.0,12260.0,0.0,2,12255.0,12270.0,4,12265.0,12275.0,12280.0,12215.0,467.0,5725420.0,4537
2023-05-10 09:09:28,CJ2401,CJ401,12270.0,0.0,0.0,0.0,4,12260.0,12270.0,4,12265.0,12275.0,12280.0,12215.0,467.0,5725420.0,4537
2023-05-10 09:09:28,CJ2401,CJ401,12270.0,4.0,49040.0,-4.0,4,12260.0,12280.0,7,12265.0,12275.0,12280.0,12215.0,471.0,5774460.0,4533
2023-05-10 09:09:28,CJ2401,CJ401,12270.0,0.0,0.0,0.0,4,12265.0,12280.0,7,12265.0,12275.0,12280.0,12215.0,471.0,5774460.0,4533
2023-05-10 09:09:29,CJ2401,CJ401,12270.0,0.0,0.0,0.0,4,12270.0,12280.0,7,12265.0,12275.0,12280.0,12215.0,471.0,5774460.0,4533
2023-05-10 09:09:29,CJ2401,CJ401,12270.0,0.0,0.0,0.0,4,12270.0,12280.0,6,12265.0,12275.0,12280.0,12215.0,471.0,5774460.0,4533
2023-05-10 09:09:32,CJ2401,CJ401,12280.0,6.0,73560.0,5.0,4,12270.0,12285.0,2,12265.0,12275.0,12280.0,12215.0,477.0,5848020.0,4538
2023-05-10 09:09:33,CJ2401,CJ401,12280.0,0.0,0.0,0.0,4,12275.0,12285.0,2,12265.0,12275.0,12280.0,12215.0,477.0,5848020.0,4538
2023-05-10 09:09:34,CJ2401,CJ401,12280.0,0.0,0.0,0.0,4,12270.0,12285.0,2,12265.0,12275.0,12280.0,12215.0,477.0,5848020.0,4538
2023-05-10 09:09:37,CJ2401,CJ401,12280.0,0.0,0.0,0.0,1,12260.0,12285.0,2,12265.0,12275.0,12280.0,12215.0,477.0,5848020.0,4538
2023-05-10 09:09:37,CJ2401,CJ401,12280.0,0.0,0.0,0.0,4,12270.0,12285.0,2,12265.0,12275.0,12280.0,12215.0,477.0,5848020.0,4538
2023-05-10 09:09:40,CJ2401,CJ401,12280.0,0.0,0.0,0.0,4,12275.0,12285.0,2,12265.0,12275.0,12280.0,12215.0,477.0,5848020.0,4538
2023-05-10 09:09:51,CJ2401,CJ401,12285.0,1.0,12260.0,0.0,2,12280.0,12295.0,3,12265.0,12275.0,12285.0,12215.0,478.0,5860280.0,4538
2023-05-10 09:09:51,CJ2401,CJ401,12285.0,0.0,0.0,0.0,2,12280.0,12290.0,2,12265.0,12275.0,12285.0,12215.0,478.0,5860280.0,4538
2023-05-10 09:09:57,CJ2401,CJ401,12285.0,0.0,0.0,0.0,1,12260.0,12290.0,2,12265.0,12275.0,12285.0,12215.0,478.0,5860280.0,4538
2023-05-10 09:09:57,CJ2401,CJ401,12285.0,0.0,0.0,0.0,4,12270.0,12285.0,4,12265.0,12275.0,12285.0,12215.0,478.0,5860280.0,4538
2023-05-10 09:09:58,CJ2401,CJ401,12285.0,2.0,24520.0,2.0,4,12270.0,12285.0,2,12265.0,12275.0,12285.0,12215.0,480.0,5884800.0,4540
2023-05-10 09:09:59,CJ2401,CJ401,12285.0,0.0,0.0,0.0,2,12275.0,12290.0,2,12265.0,12275.0,12285.0,12215.0,480.0,5884800.0,4540
2023-05-10 09:09:59,CJ2401,CJ401,12285.0,0.0,0.0,0.0,2,12280.0,12290.0,2,12265.0,12275.0,12285.0,12215.0,480.0,5884800.0,4540
2023-05-10 09:10:14,CJ2401,CJ401,12290.0,2.0,24520.0,0.0,8,12290.0,12295.0,3,12265.0,12275.0,12290.0,12215.0,482.0,5909320.0,4540
2023-05-10 09:10:15,CJ2401,CJ401,12290.0,6.0,73560.0,0.0,2,12290.0,12295.0,3,12265.0,12275.0,12290.0,12215.0,488.0,5982880.0,4540
2023-05-10 09:10:16,CJ2401,CJ401,12290.0,2.0,24520.0,0.0,2,12275.0,12285.0,2,12265.0,12275.0,12290.0,12215.0,490.0,6007400.0,4540
2023-05-10 09:10:16,CJ2401,CJ401,12290.0,0.0,0.0,0.0,2,12275.0,12295.0,3,12265.0,12275.0,12290.0,12215.0,490.0,6007400.0,4540
2023-05-10 09:10:16,CJ2401,CJ401,12290.0,0.0,0.0,0.0,2,12280.0,12290.0,2,12265.0,12275.0,12290.0,12215.0,490.0,6007400.0,4540
2023-05-10 09:10:19,CJ2401,CJ401,12290.0,0.0,0.0,0.0,2,12280.0,12295.0,3,12265.0,12275.0,12290.0,12215.0,490.0,6007400.0,4540
2023-05-10 09:10:21,CJ2401,CJ401,12290.0,0.0,0.0,0.0,2,12285.0,12295.0,3,12265.0,12275.0,12290.0,12215.0,490.0,6007400.0,4540
2023-05-10 09:10:40,CJ2401,CJ401,12295.0,2.0,24520.0,1.0,2,12285.0,12295.0,1,12265.0,12275.0,12295.0,12215.0,492.0,6031920.0,4541
2023-05-10 09:10:42,CJ2401,CJ401,12295.0,0.0,0.0,0.0,2,12290.0,12295.0,1,12265.0,12275.0,12295.0,12215.0,492.0,6031920.0,4541
2023-05-10 09:10:57,CJ2401,CJ401,12290.0,2.0,24520.0,0.0,2,12285.0,12295.0,1,12265.0,12275.0,12295.0,12215.0,494.0,6056440.0,4541
2023-05-10 09:11:00,CJ2401,CJ401,12295.0,1.0,12260.0,1.0,1,12295.0,12300.0,80,12265.0,12275.0,12295.0,12215.0,495.0,6068700.0,4542
2023-05-10 09:11:00,CJ2401,CJ401,12295.0,1.0,12260.0,0.0,2,12285.0,12295.0,5,12265.0,12275.0,12295.0,12215.0,496.0,6080960.0,4542
2023-05-10 09:11:09,CJ2401,CJ401,12295.0,0.0,0.0,0.0,4,12290.0,12295.0,5,12265.0,12275.0,12295.0,12215.0,496.0,6080960.0,4542
2023-05-10 09:11:11,CJ2401,CJ401,12295.0,4.0,49040.0,4.0,4,12290.0,12295.0,1,12265.0,12275.0,12295.0,12215.0,500.0,6130000.0,4546
2023-05-10 09:11:11,CJ2401,CJ401,12295.0,2.0,27030.0,1.0,4,12290.0,12300.0,80,12265.0,12275.0,12295.0,12215.0,502.0,6157030.0,4547
2023-05-10 09:11:19,CJ2401,CJ401,12300.0,5.0,61325.0,5.0,4,12290.0,12300.0,75,12265.0,12275.0,12300.0,12215.0,507.0,6218355.0,4552
2023-05-10 09:11:20,CJ2401,CJ401,12290.0,2.0,24530.0,2.0,2,12290.0,12300.0,75,12265.0,12275.0,12300.0,12215.0,509.0,6242885.0,4554
2023-05-10 09:11:28,CJ2401,CJ401,12290.0,0.0,0.0,0.0,2,12290.0,12300.0,79,12265.0,12275.0,12300.0,12215.0,509.0,6242885.0,4554
2023-05-10 09:11:28,CJ2401,CJ401,12290.0,2.0,24530.0,0.0,2,12285.0,12295.0,3,12265.0,12275.0,12300.0,12215.0,511.0,6267415.0,4554
2023-05-10 09:11:31,CJ2401,CJ401,12290.0,0.0,0.0,0.0,2,12290.0,12300.0,79,12265.0,12275.0,12300.0,12215.0,511.0,6267415.0,4554
2023-05-10 09:11:36,CJ2401,CJ401,12290.0,2.0,24530.0,-2.0,2,12285.0,12300.0,79,12265.0,12275.0,12300.0,12215.0,513.0,6291945.0,4552
2023-05-10 09:11:38,CJ2401,CJ401,12290.0,0.0,0.0,0.0,2,12285.0,12295.0,4,12265.0,12275.0,12300.0,12215.0,513.0,6291945.0,4552
2023-05-10 09:11:42,CJ2401,CJ401,12285.0,2.0,24530.0,0.0,2,12275.0,12295.0,4,12265.0,12275.0,12300.0,12215.0,515.0,6316475.0,4552
2023-05-10 09:11:42,CJ2401,CJ401,12285.0,0.0,0.0,0.0,1,12275.0,12290.0,7,12265.0,12275.0,12300.0,12215.0,515.0,6316475.0,4552
2023-05-10 09:11:44,CJ2401,CJ401,12300.0,20.0,245300.0,17.0,1,12275.0,12300.0,70,12265.0,12275.0,12300.0,12215.0,535.0,6561775.0,4569
2023-05-10 09:11:44,CJ2401,CJ401,12300.0,2.0,24530.0,2.0,4,12280.0,12300.0,68,12265.0,12275.0,12300.0,12215.0,537.0,6586305.0,4571
2023-05-10 09:11:46,CJ2401,CJ401,12300.0,0.0,0.0,0.0,4,12285.0,12300.0,68,12265.0,12275.0,12300.0,12215.0,537.0,6586305.0,4571
2023-05-10 09:11:47,CJ2401,CJ401,12300.0,0.0,0.0,0.0,4,12285.0,12295.0,4,12265.0,12275.0,12300.0,12215.0,537.0,6586305.0,4571
2023-05-10 09:11:48,CJ2401,CJ401,12285.0,4.0,49060.0,4.0,2,12280.0,12290.0,4,12265.0,12275.0,12300.0,12215.0,541.0,6635365.0,4575
2023-05-10 09:11:52,CJ2401,CJ401,12285.0,0.0,0.0,0.0,3,12280.0,12290.0,4,12265.0,12275.0,12300.0,12215.0,541.0,6635365.0,4575
2023-05-10 09:11:56,CJ2401,CJ401,12285.0,0.0,0.0,0.0,3,12280.0,12295.0,4,12265.0,12275.0,12300.0,12215.0,541.0,6635365.0,4575
2023-05-10 09:11:56,CJ2401,CJ401,12285.0,0.0,0.0,0.0,3,12280.0,12295.0,6,12265.0,12275.0,12300.0,12215.0,541.0,6635365.0,4575
2023-05-10 09:12:00,CJ2401,CJ401,12285.0,0.0,0.0,0.0,4,12280.0,12295.0,6,12265.0,12275.0,12300.0,12215.0,541.0,6635365.0,4575
2023-05-10 09:12:02,CJ2401,CJ401,12285.0,0.0,0.0,0.0,3,12280.0,12295.0,6,12265.0,12275.0,12300.0,12215.0,541.0,6635365.0,4575
2023-05-10 09:12:11,CJ2401,CJ401,12285.0,0.0,0.0,0.0,3,12280.0,12290.0,4,12265.0,12275.0,12300.0,12215.0,541.0,6635365.0,4575
2023-05-10 09:12:11,CJ2401,CJ401,12285.0,0.0,0.0,0.0,1,12280.0,12290.0,4,12265.0,12275.0,12300.0,12215.0,541.0,6635365.0,4575
2023-05-10 09:12:16,CJ2401,CJ401,12285.0,0.0,0.0,0.0,1,12280.0,12290.0,7,12265.0,12275.0,12300.0,12215.0,541.0,6635365.0,4575
2023-05-10 09:12:17,CJ2401,CJ401,12280.0,1.0,12265.0,-1.0,1,12275.0,12290.0,7,12265.0,12275.0,12300.0,12215.0,542.0,6647630.0,4574
2023-05-10 09:12:27,CJ2401,CJ401,12280.0,0.0,0.0,0.0,6,12275.0,12290.0,7,12265.0,12275.0,12300.0,12215.0,542.0,6647630.0,4574
2023-05-10 09:12:34,CJ2401,CJ401,12280.0,0.0,0.0,0.0,6,12275.0,12285.0,4,12265.0,12275.0,12300.0,12215.0,542.0,6647630.0,4574
2023-05-10 09:12:42,CJ2401,CJ401,12280.0,0.0,0.0,0.0,6,12275.0,12285.0,9,12265.0,12275.0,12300.0,12215.0,542.0,6647630.0,4574
2023-05-10 09:12:45,CJ2401,CJ401,12280.0,0.0,0.0,0.0,6,12275.0,12285.0,14,12265.0,12275.0,12300.0,12215.0,542.0,6647630.0,4574
2023-05-10 09:12:46,CJ2401,CJ401,12275.0,6.0,73590.0,0.0,13,12260.0,12285.0,14,12265.0,12275.0,12300.0,12215.0,548.0,6721220.0,4574
2023-05-10 09:12:46,CJ2401,CJ401,12275.0,0.0,0.0,0.0,5,12265.0,12280.0,4,12265.0,12275.0,12300.0,12215.0,548.0,6721220.0,4574
2023-05-10 09:12:56,CJ2401,CJ401,12260.0,17.0,208505.0,12.0,2,12255.0,12260.0,21,12265.0,12275.0,12300.0,12215.0,565.0,6929725.0,4586
2023-05-10 09:12:56,CJ2401,CJ401,12255.0,2.0,24530.0,2.0,4,12250.0,12260.0,21,12265.0,12275.0,12300.0,12215.0,567.0,6954255.0,4588
2023-05-10 09:12:57,CJ2401,CJ401,12255.0,0.0,0.0,0.0,2,12250.0,12260.0,21,12265.0,12275.0,12300.0,12215.0,567.0,6954255.0,4588
2023-05-10 09:13:02,CJ2401,CJ401,12255.0,0.0,0.0,0.0,6,12250.0,12260.0,21,12265.0,12275.0,12300.0,12215.0,567.0,6954255.0,4588
2023-05-10 09:13:06,CJ2401,CJ401,12255.0,0.0,0.0,0.0,2,12255.0,12260.0,21,12265.0,12275.0,12300.0,12215.0,567.0,6954255.0,4588
2023-05-10 09:13:28,CJ2401,CJ401,12260.0,21.0,257565.0,11.0,2,12255.0,12275.0,4,12265.0,12275.0,12300.0,12215.0,588.0,7211820.0,4599
2023-05-10 09:13:29,CJ2401,CJ401,12255.0,2.0,24530.0,2.0,7,12250.0,12270.0,4,12265.0,12275.0,12300.0,12215.0,590.0,7236350.0,4601
2023-05-10 09:13:29,CJ2401,CJ401,12255.0,0.0,0.0,0.0,2,12255.0,12265.0,4,12265.0,12275.0,12300.0,12215.0,590.0,7236350.0,4601
2023-05-10 09:13:31,CJ2401,CJ401,12255.0,0.0,0.0,0.0,2,12255.0,12285.0,10,12265.0,12275.0,12300.0,12215.0,590.0,7236350.0,4601
2023-05-10 09:13:32,CJ2401,CJ401,12255.0,0.0,0.0,0.0,2,12255.0,12270.0,4,12265.0,12275.0,12300.0,12215.0,590.0,7236350.0,4601
2023-05-10 09:13:34,CJ2401,CJ401,12255.0,0.0,0.0,0.0,3,12255.0,12270.0,4,12265.0,12275.0,12300.0,12215.0,590.0,7236350.0,4601
2023-05-10 09:13:35,CJ2401,CJ401,12255.0,0.0,0.0,0.0,2,12255.0,12270.0,4,12265.0,12275.0,12300.0,12215.0,590.0,7236350.0,4601
2023-05-10 09:13:37,CJ2401,CJ401,12255.0,0.0,0.0,0.0,2,12255.0,12265.0,4,12265.0,12275.0,12300.0,12215.0,590.0,7236350.0,4601
2023-05-10 09:13:43,CJ2401,CJ401,12255.0,0.0,0.0,0.0,22,12255.0,12265.0,4,12265.0,12275.0,12300.0,12215.0,590.0,7236350.0,4601
2023-05-10 09:13:50,CJ2401,CJ401,12255.0,0.0,0.0,0.0,22,12255.0,12285.0,10,12265.0,12275.0,12300.0,12215.0,590.0,7236350.0,4601
2023-05-10 09:13:51,CJ2401,CJ401,12255.0,0.0,0.0,0.0,22,12255.0,12270.0,4,12265.0,12275.0,12300.0,12215.0,590.0,7236350.0,4601
2023-05-10 09:13:52,CJ2401,CJ401,12255.0,0.0,0.0,0.0,22,12255.0,12265.0,4,12265.0,12275.0,12300.0,12215.0,590.0,7236350.0,4601
2023-05-10 09:14:01,CJ2401,CJ401,12265.0,4.0,49060.0,0.0,6,12265.0,12280.0,4,12265.0,12275.0,12300.0,12215.0,594.0,7285410.0,4601
2023-05-10 09:14:01,CJ2401,CJ401,12265.0,0.0,0.0,0.0,6,12265.0,12275.0,4,12265.0,12275.0,12300.0,12215.0,594.0,7285410.0,4601
2023-05-10 09:14:04,CJ2401,CJ401,12265.0,4.0,49060.0,0.0,2,12265.0,12275.0,4,12265.0,12275.0,12300.0,12215.0,598.0,7334470.0,4601
2023-05-10 09:14:05,CJ2401,CJ401,12265.0,2.0,24530.0,2.0,22,12255.0,12285.0,10,12265.0,12275.0,12300.0,12215.0,600.0,7359000.0,4603
2023-05-10 09:14:05,CJ2401,CJ401,12265.0,0.0,0.0,0.0,4,12260.0,12275.0,4,12265.0,12275.0,12300.0,12215.0,600.0,7359000.0,4603
2023-05-10 09:14:06,CJ2401,CJ401,12265.0,0.0,0.0,0.0,4,12260.0,12270.0,4,12265.0,12275.0,12300.0,12215.0,600.0,7359000.0,4603
2023-05-10 09:14:06,CJ2401,CJ401,12265.0,0.0,0.0,0.0,22,12255.0,12270.0,4,12265.0,12275.0,12300.0,12215.0,600.0,7359000.0,4603
2023-05-10 09:14:09,CJ2401,CJ401,12275.0,38.0,466070.0,-2.0,22,12255.0,12285.0,12,12265.0,12275.0,12300.0,12215.0,638.0,7825070.0,4601
2023-05-10 09:14:09,CJ2401,CJ401,12275.0,0.0,0.0,0.0,4,12265.0,12285.0,12,12265.0,12275.0,12300.0,12215.0,638.0,7825070.0,4601
2023-05-10 09:14:11,CJ2401,CJ401,12275.0,0.0,0.0,0.0,4,12265.0,12285.0,10,12265.0,12275.0,12300.0,12215.0,638.0,7825070.0,4601
2023-05-10 09:14:15,CJ2401,CJ401,12275.0,0.0,0.0,0.0,4,12265.0,12285.0,12,12265.0,12275.0,12300.0,12215.0,638.0,7825070.0,4601
2023-05-10 09:14:15,CJ2401,CJ401,12275.0,0.0,0.0,0.0,4,12265.0,12280.0,5,12265.0,12275.0,12300.0,12215.0,638.0,7825070.0,4601
2023-05-10 09:14:17,CJ2401,CJ401,12275.0,0.0,0.0,0.0,4,12265.0,12280.0,4,12265.0,12275.0,12300.0,12215.0,638.0,7825070.0,4601
2023-05-10 09:14:17,CJ2401,CJ401,12275.0,0.0,0.0,0.0,4,12265.0,12280.0,5,12265.0,12275.0,12300.0,12215.0,638.0,7825070.0,4601
2023-05-10 09:14:18,CJ2401,CJ401,12275.0,0.0,0.0,0.0,4,12265.0,12280.0,4,12265.0,12275.0,12300.0,12215.0,638.0,7825070.0,4601
2023-05-10 09:14:18,CJ2401,CJ401,12275.0,0.0,0.0,0.0,4,12265.0,12280.0,3,12265.0,12275.0,12300.0,12215.0,638.0,7825070.0,4601
2023-05-10 09:14:19,CJ2401,CJ401,12275.0,0.0,0.0,0.0,4,12265.0,12280.0,5,12265.0,12275.0,12300.0,12215.0,638.0,7825070.0,4601
2023-05-10 09:14:21,CJ2401,CJ401,12280.0,5.0,61325.0,2.0,4,12265.0,12280.0,2,12265.0,12275.0,12300.0,12215.0,643.0,7886395.0,4603
2023-05-10 09:14:27,CJ2401,CJ401,12280.0,0.0,0.0,0.0,4,12270.0,12280.0,2,12265.0,12275.0,12300.0,12215.0,643.0,7886395.0,4603
2023-05-10 09:14:31,CJ2401,CJ401,12280.0,0.0,0.0,0.0,4,12270.0,12280.0,7,12265.0,12275.0,12300.0,12215.0,643.0,7886395.0,4603
2023-05-10 09:14:32,CJ2401,CJ401,12270.0,1.0,12265.0,0.0,3,12270.0,12280.0,7,12265.0,12275.0,12300.0,12215.0,644.0,7898660.0,4603
2023-05-10 09:14:37,CJ2401,CJ401,12270.0,0.0,0.0,0.0,3,12265.0,12275.0,1,12265.0,12275.0,12300.0,12215.0,644.0,7898660.0,4603
2023-05-10 09:14:39,CJ2401,CJ401,12270.0,0.0,0.0,0.0,3,12265.0,12280.0,7,12265.0,12275.0,12300.0,12215.0,644.0,7898660.0,4603
2023-05-10 09:14:54,CJ2401,CJ401,12265.0,3.0,36795.0,-3.0,22,12255.0,12265.0,35,12265.0,12275.0,12300.0,12215.0,647.0,7935455.0,4600
2023-05-10 09:15:03,CJ2401,CJ401,12265.0,6.0,73590.0,-6.0,22,12255.0,12265.0,29,12265.0,12275.0,12300.0,12215.0,653.0,8009045.0,4594
2023-05-10 09:15:11,CJ2401,CJ401,12255.0,4.0,49060.0,0.0,18,12255.0,12265.0,29,12265.0,12275.0,12300.0,12215.0,657.0,8058105.0,4594
2023-05-10 09:15:13,CJ2401,CJ401,12260.0,4.0,49060.0,-4.0,18,12255.0,12265.0,29,12265.0,12275.0,12300.0,12215.0,661.0,8107165.0,4590
2023-05-10 09:15:16,CJ2401,CJ401,12265.0,29.0,355685.0,-29.0,6,12260.0,12275.0,4,12265.0,12275.0,12300.0,12215.0,690.0,8462850.0,4561
2023-05-10 09:15:16,CJ2401,CJ401,12265.0,0.0,0.0,0.0,2,12260.0,12275.0,4,12265.0,12275.0,12300.0,12215.0,690.0,8462850.0,4561
2023-05-10 09:15:22,CJ2401,CJ401,12275.0,2.0,24530.0,-1.0,2,12265.0,12280.0,5,12265.0,12275.0,12300.0,12215.0,692.0,8487380.0,4560
2023-05-10 09:15:22,CJ2401,CJ401,12275.0,0.0,0.0,0.0,5,12270.0,12280.0,5,12265.0,12275.0,12300.0,12215.0,692.0,8487380.0,4560
2023-05-10 09:15:23,CJ2401,CJ401,12280.0,4.0,49060.0,4.0,5,12270.0,12280.0,1,12265.0,12275.0,12300.0,12215.0,696.0,8536440.0,4564
2023-05-10 09:15:24,CJ2401,CJ401,12280.0,1.0,12265.0,0.0,5,12270.0,12285.0,10,12265.0,12275.0,12300.0,12215.0,697.0,8548705.0,4564
2023-05-10 09:15:24,CJ2401,CJ401,12280.0,0.0,0.0,0.0,4,12275.0,12285.0,10,12265.0,12275.0,12300.0,12215.0,697.0,8548705.0,4564
2023-05-10 09:15:32,CJ2401,CJ401,12275.0,4.0,49060.0,-2.0,3,12270.0,12285.0,10,12265.0,12275.0,12300.0,12215.0,701.0,8597765.0,4562
2023-05-10 09:15:40,CJ2401,CJ401,12270.0,4.0,49060.0,-1.0,2,12260.0,12280.0,4,12265.0,12275.0,12300.0,12215.0,705.0,8646825.0,4561
2023-05-10 09:15:40,CJ2401,CJ401,12270.0,0.0,0.0,0.0,4,12265.0,12280.0,4,12265.0,12275.0,12300.0,12215.0,705.0,8646825.0,4561
2023-05-10 09:15:45,CJ2401,CJ401,12265.0,30.0,367950.0,0.0,2,12260.0,12265.0,8,12265.0,12275.0,12300.0,12215.0,735.0,9014775.0,4561
2023-05-10 09:15:46,CJ2401,CJ401,12265.0,8.0,98120.0,0.0,2,12260.0,12275.0,4,12265.0,12275.0,12300.0,12215.0,743.0,9112895.0,4561
2023-05-10 09:15:47,CJ2401,CJ401,12265.0,0.0,0.0,0.0,2,12260.0,12270.0,4,12265.0,12275.0,12300.0,12215.0,743.0,9112895.0,4561
2023-05-10 09:15:53,CJ2401,CJ401,12265.0,0.0,0.0,0.0,5,12260.0,12270.0,4,12265.0,12275.0,12300.0,12215.0,743.0,9112895.0,4561
2023-05-10 09:16:07,CJ2401,CJ401,12265.0,0.0,0.0,0.0,2,12260.0,12270.0,4,12265.0,12275.0,12300.0,12215.0,743.0,9112895.0,4561
2023-05-10 09:16:07,CJ2401,CJ401,12265.0,0.0,0.0,0.0,18,12255.0,12265.0,3,12265.0,12275.0,12300.0,12215.0,743.0,9112895.0,4561
2023-05-10 09:16:25,CJ2401,CJ401,12265.0,0.0,0.0,0.0,74,12255.0,12265.0,3,12265.0,12275.0,12300.0,12215.0,743.0,9112895.0,4561
2023-05-10 09:16:25,CJ2401,CJ401,12265.0,3.0,36795.0,-1.0,74,12255.0,12270.0,4,12265.0,12275.0,12300.0,12215.0,746.0,9149690.0,4560
2023-05-10 09:16:32,CJ2401,CJ401,12265.0,0.0,0.0,0.0,76,12255.0,12270.0,4,12265.0,12275.0,12300.0,12215.0,746.0,9149690.0,4560
2023-05-10 09:16:34,CJ2401,CJ401,12265.0,0.0,0.0,0.0,2,12260.0,12270.0,4,12265.0,12275.0,12300.0,12215.0,746.0,9149690.0,4560
2023-05-10 09:16:45,CJ2401,CJ401,12265.0,0.0,0.0,0.0,4,12260.0,12270.0,4,12265.0,12275.0,12300.0,12215.0,746.0,9149690.0,4560
2023-05-10 09:16:46,CJ2401,CJ401,12265.0,0.0,0.0,0.0,2,12265.0,12275.0,4,12265.0,12275.0,12300.0,12215.0,746.0,9149690.0,4560
2023-05-10 09:16:46,CJ2401,CJ401,12265.0,10.0,122650.0,0.0,2,12265.0,12275.0,2,12265.0,12275.0,12300.0,12215.0,756.0,9272340.0,4560
2023-05-10 09:16:48,CJ2401,CJ401,12265.0,0.0,0.0,0.0,4,12265.0,12275.0,2,12265.0,12275.0,12300.0,12215.0,756.0,9272340.0,4560
2023-05-10 09:16:50,CJ2401,CJ401,12265.0,0.0,0.0,0.0,2,12265.0,12275.0,2,12265.0,12275.0,12300.0,12215.0,756.0,9272340.0,4560
2023-05-10 09:16:51,CJ2401,CJ401,12265.0,4.0,49060.0,0.0,4,12260.0,12265.0,34,12265.0,12275.0,12300.0,12215.0,760.0,9321400.0,4560
2023-05-10 09:16:59,CJ2401,CJ401,12265.0,0.0,0.0,0.0,2,12260.0,12265.0,34,12265.0,12275.0,12300.0,12215.0,760.0,9321400.0,4560
2023-05-10 09:17:02,CJ2401,CJ401,12265.0,25.0,306625.0,-10.0,2,12260.0,12265.0,9,12265.0,12275.0,12300.0,12215.0,785.0,9628025.0,4550
2023-05-10 09:17:03,CJ2401,CJ401,12265.0,2.0,24530.0,0.0,2,12260.0,12265.0,7,12265.0,12275.0,12300.0,12215.0,787.0,9652555.0,4550
2023-05-10 09:17:08,CJ2401,CJ401,12265.0,0.0,0.0,0.0,4,12260.0,12265.0,7,12265.0,12275.0,12300.0,12215.0,787.0,9652555.0,4550
2023-05-10 09:17:21,CJ2401,CJ401,12260.0,1.0,12265.0,-1.0,3,12260.0,12265.0,7,12265.0,12275.0,12300.0,12215.0,788.0,9664820.0,4549
2023-05-10 09:17:25,CJ2401,CJ401,12265.0,1.0,12265.0,-1.0,2,12260.0,12265.0,6,12265.0,12275.0,12300.0,12215.0,789.0,9677085.0,4548
2023-05-10 09:17:32,CJ2401,CJ401,12260.0,2.0,24530.0,0.0,74,12255.0,12260.0,38,12265.0,12275.0,12300.0,12215.0,791.0,9701615.0,4548
2023-05-10 09:17:45,CJ2401,CJ401,12255.0,38.0,466070.0,-20.0,36,12255.0,12260.0,38,12265.0,12275.0,12300.0,12215.0,829.0,10167685.0,4528
2023-05-10 09:17:45,CJ2401,CJ401,12255.0,36.0,441540.0,-21.0,12,12250.0,12260.0,38,12265.0,12275.0,12300.0,12215.0,865.0,10609225.0,4507
2023-05-10 09:17:59,CJ2401,CJ401,12250.0,12.0,147180.0,-2.0,22,12245.0,12250.0,4,12265.0,12275.0,12300.0,12215.0,877.0,10756405.0,4505
2023-05-10 09:18:00,CJ2401,CJ401,12245.0,4.0,49060.0,4.0,18,12245.0,12250.0,4,12265.0,12275.0,12300.0,12215.0,881.0,10805465.0,4509
2023-05-10 09:18:00,CJ2401,CJ401,12245.0,2.0,24530.0,0.0,16,12245.0,12250.0,4,12265.0,12275.0,12300.0,12215.0,883.0,10829995.0,4509
2023-05-10 09:18:02,CJ2401,CJ401,12250.0,4.0,49060.0,-4.0,6,12250.0,12260.0,38,12265.0,12275.0,12300.0,12215.0,887.0,10879055.0,4505
2023-05-10 09:18:02,CJ2401,CJ401,12250.0,6.0,73590.0,-6.0,16,12245.0,12255.0,4,12265.0,12275.0,12300.0,12215.0,893.0,10952645.0,4499
2023-05-10 09:18:03,CJ2401,CJ401,12245.0,8.0,98120.0,0.0,8,12245.0,12255.0,4,12265.0,12275.0,12300.0,12215.0,901.0,11050765.0,4499
2023-05-10 09:18:05,CJ2401,CJ401,12245.0,0.0,0.0,0.0,8,12245.0,12250.0,4,12265.0,12275.0,12300.0,12215.0,901.0,11050765.0,4499
2023-05-10 09:18:05,CJ2401,CJ401,12245.0,8.0,98120.0,2.0,25,12235.0,12250.0,4,12265.0,12275.0,12300.0,12215.0,909.0,11148885.0,4501
2023-05-10 09:18:07,CJ2401,CJ401,12245.0,0.0,0.0,0.0,22,12235.0,12250.0,4,12265.0,12275.0,12300.0,12215.0,909.0,11148885.0,4501
2023-05-10 09:18:07,CJ2401,CJ401,12245.0,0.0,0.0,0.0,22,12235.0,12245.0,4,12265.0,12275.0,12300.0,12215.0,909.0,11148885.0,4501
2023-05-10 09:18:08,CJ2401,CJ401,12245.0,0.0,0.0,0.0,23,12235.0,12245.0,4,12265.0,12275.0,12300.0,12215.0,909.0,11148885.0,4501
2023-05-10 09:18:09,CJ2401,CJ401,12245.0,0.0,0.0,0.0,22,12235.0,12245.0,4,12265.0,12275.0,12300.0,12215.0,909.0,11148885.0,4501
2023-05-10 09:18:10,CJ2401,CJ401,12235.0,4.0,49060.0,4.0,18,12235.0,12245.0,4,12265.0,12275.0,12300.0,12215.0,913.0,11197945.0,4505
2023-05-10 09:18:14,CJ2401,CJ401,12245.0,4.0,49060.0,-4.0,10,12245.0,12255.0,4,12265.0,12275.0,12300.0,12215.0,917.0,11247005.0,4501
2023-05-10 09:18:17,CJ2401,CJ401,12245.0,1.0,12265.0,-1.0,10,12245.0,12255.0,4,12265.0,12275.0,12300.0,12215.0,918.0,11259270.0,4500
2023-05-10 09:18:20,CJ2401,CJ401,12245.0,0.0,0.0,0.0,10,12245.0,12250.0,1,12265.0,12275.0,12300.0,12215.0,918.0,11259270.0,4500
2023-05-10 09:18:24,CJ2401,CJ401,12255.0,4.0,49060.0,-1.0,6,12245.0,12255.0,1,12265.0,12275.0,12300.0,12215.0,922.0,11308330.0,4499
2023-05-10 09:18:25,CJ2401,CJ401,12255.0,0.0,0.0,0.0,6,12245.0,12255.0,3,12265.0,12275.0,12300.0,12215.0,922.0,11308330.0,4499
2023-05-10 09:18:27,CJ2401,CJ401,12255.0,1.0,12265.0,0.0,5,12245.0,12250.0,2,12265.0,12275.0,12300.0,12215.0,923.0,11320595.0,4499
2023-05-10 09:18:35,CJ2401,CJ401,12245.0,5.0,61325.0,0.0,5,12245.0,12250.0,7,12265.0,12275.0,12300.0,12215.0,928.0,11381920.0,4499
2023-05-10 09:18:36,CJ2401,CJ401,12245.0,5.0,61325.0,0.0,18,12235.0,12250.0,7,12265.0,12275.0,12300.0,12215.0,933.0,11443245.0,4499
2023-05-10 09:18:37,CJ2401,CJ401,12245.0,0.0,0.0,0.0,4,12240.0,12250.0,7,12265.0,12275.0,12300.0,12215.0,933.0,11443245.0,4499
2023-05-10 09:18:41,CJ2401,CJ401,12245.0,0.0,0.0,0.0,18,12235.0,12250.0,7,12265.0,12275.0,12300.0,12215.0,933.0,11443245.0,4499
2023-05-10 09:18:46,CJ2401,CJ401,12245.0,0.0,0.0,0.0,4,12240.0,12250.0,7,12265.0,12275.0,12300.0,12215.0,933.0,11443245.0,4499
2023-05-10 09:18:51,CJ2401,CJ401,12240.0,4.0,49060.0,0.0,18,12235.0,12250.0,7,12265.0,12275.0,12300.0,12215.0,937.0,11492305.0,4499
2023-05-10 09:18:56,CJ2401,CJ401,12240.0,0.0,0.0,0.0,19,12235.0,12250.0,7,12265.0,12275.0,12300.0,12215.0,937.0,11492305.0,4499
2023-05-10 09:19:00,CJ2401,CJ401,12240.0,0.0,0.0,0.0,4,12240.0,12250.0,7,12265.0,12275.0,12300.0,12215.0,937.0,11492305.0,4499
2023-05-10 09:19:11,CJ2401,CJ401,12240.0,0.0,0.0,0.0,5,12240.0,12250.0,7,12265.0,12275.0,12300.0,12215.0,937.0,11492305.0,4499
2023-05-10 09:19:20,CJ2401,CJ401,12240.0,0.0,0.0,0.0,8,12240.0,12250.0,5,12265.0,12275.0,12300.0,12215.0,937.0,11492305.0,4499
2023-05-10 09:19:28,CJ2401,CJ401,12240.0,0.0,0.0,0.0,5,12240.0,12250.0,5,12265.0,12275.0,12300.0,12215.0,937.0,11492305.0,4499
2023-05-10 09:19:29,CJ2401,CJ401,12240.0,0.0,0.0,0.0,8,12240.0,12250.0,5,12265.0,12275.0,12300.0,12215.0,937.0,11492305.0,4499
2023-05-10 09:19:32,CJ2401,CJ401,12240.0,0.0,0.0,0.0,5,12240.0,12250.0,5,12265.0,12275.0,12300.0,12215.0,937.0,11492305.0,4499
2023-05-10 09:19:33,CJ2401,CJ401,12240.0,0.0,0.0,0.0,6,12240.0,12250.0,5,12265.0,12275.0,12300.0,12215.0,937.0,11492305.0,4499
2023-05-10 09:19:33,CJ2401,CJ401,12240.0,0.0,0.0,0.0,8,12240.0,12250.0,5,12265.0,12275.0,12300.0,12215.0,937.0,11492305.0,4499
2023-05-10 09:19:57,CJ2401,CJ401,12240.0,8.0,98120.0,4.0,26,12235.0,12250.0,6,12265.0,12275.0,12300.0,12215.0,945.0,11590425.0,4503
2023-05-10 09:20:01,CJ2401,CJ401,12235.0,8.0,98120.0,8.0,18,12235.0,12250.0,6,12265.0,12275.0,12300.0,12215.0,953.0,11688545.0,4511
2023-05-10 09:20:04,CJ2401,CJ401,12235.0,8.0,93315.0,0.0,10,12235.0,12250.0,6,12265.0,12275.0,12300.0,12215.0,961.0,11781860.0,4511
2023-05-10 09:20:10,CJ2401,CJ401,12235.0,0.0,0.0,0.0,11,12235.0,12250.0,6,12265.0,12275.0,12300.0,12215.0,961.0,11781860.0,4511
2023-05-10 09:20:14,CJ2401,CJ401,12235.0,5.0,61300.0,-5.0,6,12235.0,12250.0,1,12265.0,12275.0,12300.0,12215.0,966.0,11843160.0,4506
2023-05-10 09:20:27,CJ2401,CJ401,12235.0,0.0,0.0,0.0,1,12240.0,12250.0,1,12265.0,12275.0,12300.0,12215.0,966.0,11843160.0,4506
2023-05-10 09:20:27,CJ2401,CJ401,12235.0,0.0,0.0,0.0,1,12240.0,12250.0,4,12265.0,12275.0,12300.0,12215.0,966.0,11843160.0,4506
2023-05-10 09:20:31,CJ2401,CJ401,12250.0,4.0,49040.0,-4.0,20,12250.0,12255.0,7,12265.0,12275.0,12300.0,12215.0,970.0,11892200.0,4502
2023-05-10 09:20:33,CJ2401,CJ401,12255.0,2.0,24520.0,0.0,20,12250.0,12255.0,5,12265.0,12275.0,12300.0,12215.0,972.0,11916720.0,4502
2023-05-10 09:20:47,CJ2401,CJ401,12255.0,10.0,122600.0,-5.0,20,12250.0,12260.0,36,12265.0,12275.0,12300.0,12215.0,982.0,12039320.0,4497
2023-05-10 09:21:01,CJ2401,CJ401,12260.0,5.0,61300.0,-5.0,20,12250.0,12260.0,31,12265.0,12275.0,12300.0,12215.0,987.0,12100620.0,4492
2023-05-10 09:21:01,CJ2401,CJ401,12260.0,31.0,380060.0,-17.0,1,12240.0,12265.0,6,12265.0,12275.0,12300.0,12215.0,1018.0,12480680.0,4475
2023-05-10 09:21:01,CJ2401,CJ401,12260.0,0.0,0.0,0.0,4,12245.0,12260.0,4,12265.0,12275.0,12300.0,12215.0,1018.0,12480680.0,4475
2023-05-10 09:21:07,CJ2401,CJ401,12260.0,4.0,49040.0,0.0,16,12260.0,12265.0,2,12265.0,12275.0,12300.0,12215.0,1022.0,12529720.0,4475
2023-05-10 09:21:14,CJ2401,CJ401,12260.0,0.0,0.0,0.0,16,12260.0,12265.0,5,12265.0,12275.0,12300.0,12215.0,1022.0,12529720.0,4475
2023-05-10 09:21:14,CJ2401,CJ401,12260.0,16.0,196160.0,0.0,4,12250.0,12265.0,5,12265.0,12275.0,12300.0,12215.0,1038.0,12725880.0,4475
2023-05-10 09:21:14,CJ2401,CJ401,12250.0,1.0,12260.0,-1.0,3,12250.0,12265.0,5,12265.0,12275.0,12300.0,12215.0,1039.0,12738140.0,4474
2023-05-10 09:21:26,CJ2401,CJ401,12250.0,0.0,0.0,0.0,3,12250.0,12260.0,2,12265.0,12275.0,12300.0,12215.0,1039.0,12738140.0,4474
2023-05-10 09:21:34,CJ2401,CJ401,12260.0,2.0,24520.0,0.0,1,12260.0,12265.0,5,12265.0,12275.0,12300.0,12215.0,1041.0,12762660.0,4474
2023-05-10 09:21:34,CJ2401,CJ401,12260.0,1.0,12260.0,0.0,3,12245.0,12265.0,5,12265.0,12275.0,12300.0,12215.0,1042.0,12774920.0,4474
2023-05-10 09:21:34,CJ2401,CJ401,12260.0,0.0,0.0,0.0,3,12250.0,12260.0,2,12265.0,12275.0,12300.0,12215.0,1042.0,12774920.0,4474
2023-05-10 09:21:36,CJ2401,CJ401,12245.0,8.0,98080.0,-2.0,6,12235.0,12260.0,2,12265.0,12275.0,12300.0,12215.0,1050.0,12873000.0,4472
2023-05-10 09:21:36,CJ2401,CJ401,12245.0,0.0,0.0,0.0,4,12240.0,12255.0,4,12265.0,12275.0,12300.0,12215.0,1050.0,12873000.0,4472
2023-05-10 09:21:43,CJ2401,CJ401,12245.0,0.0,0.0,0.0,4,12240.0,12250.0,2,12265.0,12275.0,12300.0,12215.0,1050.0,12873000.0,4472
2023-05-10 09:22:03,CJ2401,CJ401,12245.0,0.0,0.0,0.0,5,12235.0,12250.0,2,12265.0,12275.0,12300.0,12215.0,1050.0,12873000.0,4472
2023-05-10 09:22:13,CJ2401,CJ401,12245.0,0.0,0.0,0.0,5,12235.0,12250.0,6,12265.0,12275.0,12300.0,12215.0,1050.0,12873000.0,4472
2023-05-10 09:22:17,CJ2401,CJ401,12245.0,0.0,0.0,0.0,5,12235.0,12250.0,2,12265.0,12275.0,12300.0,12215.0,1050.0,12873000.0,4472
2023-05-10 09:22:38,CJ2401,CJ401,12245.0,0.0,0.0,0.0,7,12240.0,12250.0,2,12265.0,12275.0,12300.0,12215.0,1050.0,12873000.0,4472
2023-05-10 09:22:54,CJ2401,CJ401,12250.0,2.0,24520.0,0.0,4,12245.0,12260.0,2,12265.0,12275.0,12300.0,12215.0,1052.0,12897520.0,4472
2023-05-10 09:22:55,CJ2401,CJ401,12250.0,0.0,0.0,0.0,4,12250.0,12265.0,3,12265.0,12275.0,12300.0,12215.0,1052.0,12897520.0,4472
2023-05-10 09:23:07,CJ2401,CJ401,12250.0,0.0,0.0,0.0,4,12250.0,12260.0,4,12265.0,12275.0,12300.0,12215.0,1052.0,12897520.0,4472
2023-05-10 09:23:07,CJ2401,CJ401,12250.0,0.0,0.0,0.0,3,12240.0,12260.0,4,12265.0,12275.0,12300.0,12215.0,1052.0,12897520.0,4472
2023-05-10 09:23:08,CJ2401,CJ401,12250.0,0.0,0.0,0.0,4,12245.0,12265.0,1,12265.0,12275.0,12300.0,12215.0,1052.0,12897520.0,4472
2023-05-10 09:23:08,CJ2401,CJ401,12250.0,0.0,0.0,0.0,4,12245.0,12260.0,6,12265.0,12275.0,12300.0,12215.0,1052.0,12897520.0,4472
2023-05-10 09:23:19,CJ2401,CJ401,12250.0,0.0,0.0,0.0,4,12245.0,12260.0,8,12265.0,12275.0,12300.0,12215.0,1052.0,12897520.0,4472
2023-05-10 09:23:34,CJ2401,CJ401,12260.0,2.0,24520.0,2.0,4,12245.0,12260.0,6,12265.0,12275.0,12300.0,12215.0,1054.0,12922040.0,4474
2023-05-10 09:23:48,CJ2401,CJ401,12260.0,0.0,0.0,0.0,4,12245.0,12255.0,4,12265.0,12275.0,12300.0,12215.0,1054.0,12922040.0,4474
2023-05-10 09:23:52,CJ2401,CJ401,12260.0,0.0,0.0,0.0,3,12240.0,12255.0,4,12265.0,12275.0,12300.0,12215.0,1054.0,12922040.0,4474
2023-05-10 09:24:39,CJ2401,CJ401,12240.0,3.0,36780.0,-3.0,5,12235.0,12255.0,4,12265.0,12275.0,12300.0,12215.0,1057.0,12958820.0,4471
2023-05-10 09:24:39,CJ2401,CJ401,12240.0,0.0,0.0,0.0,5,12235.0,12250.0,4,12265.0,12275.0,12300.0,12215.0,1057.0,12958820.0,4471
2023-05-10 09:25:10,CJ2401,CJ401,12235.0,2.0,24520.0,0.0,3,12235.0,12250.0,4,12265.0,12275.0,12300.0,12215.0,1059.0,12983340.0,4471
2023-05-10 09:25:16,CJ2401,CJ401,12235.0,2.0,24520.0,0.0,1,12235.0,12250.0,4,12265.0,12275.0,12300.0,12215.0,1061.0,13007860.0,4471
2023-05-10 09:25:16,CJ2401,CJ401,12235.0,0.0,0.0,0.0,7,12235.0,12250.0,4,12265.0,12275.0,12300.0,12215.0,1061.0,13007860.0,4471
2023-05-10 09:25:21,CJ2401,CJ401,12250.0,2.0,24520.0,2.0,2,12240.0,12250.0,2,12265.0,12275.0,12300.0,12215.0,1063.0,13032380.0,4473
2023-05-10 09:25:24,CJ2401,CJ401,12250.0,2.0,24520.0,-2.0,2,12240.0,12260.0,2,12265.0,12275.0,12300.0,12215.0,1065.0,13056900.0,4471
2023-05-10 09:25:25,CJ2401,CJ401,12250.0,0.0,0.0,0.0,4,12245.0,12260.0,2,12265.0,12275.0,12300.0,12215.0,1065.0,13056900.0,4471
2023-05-10 09:25:59,CJ2401,CJ401,12250.0,0.0,0.0,0.0,4,12245.0,12265.0,3,12265.0,12275.0,12300.0,12215.0,1065.0,13056900.0,4471
2023-05-10 09:26:00,CJ2401,CJ401,12250.0,0.0,0.0,0.0,4,12250.0,12265.0,3,12265.0,12275.0,12300.0,12215.0,1065.0,13056900.0,4471
2023-05-10 09:26:13,CJ2401,CJ401,12265.0,3.0,36780.0,2.0,4,12255.0,12265.0,1,12265.0,12275.0,12300.0,12215.0,1068.0,13093680.0,4473
2023-05-10 09:26:23,CJ2401,CJ401,12255.0,1.0,12260.0,1.0,3,12255.0,12265.0,1,12265.0,12275.0,12300.0,12215.0,1069.0,13105940.0,4474
2023-05-10 09:26:42,CJ2401,CJ401,12255.0,0.0,0.0,0.0,3,12255.0,12265.0,6,12265.0,12275.0,12300.0,12215.0,1069.0,13105940.0,4474
2023-05-10 09:26:51,CJ2401,CJ401,12255.0,0.0,0.0,0.0,3,12255.0,12265.0,1,12265.0,12275.0,12300.0,12215.0,1069.0,13105940.0,4474
2023-05-10 09:27:05,CJ2401,CJ401,12255.0,0.0,0.0,0.0,3,12255.0,12265.0,4,12265.0,12275.0,12300.0,12215.0,1069.0,13105940.0,4474
2023-05-10 09:27:09,CJ2401,CJ401,12255.0,3.0,36780.0,-2.0,4,12240.0,12255.0,7,12265.0,12275.0,12300.0,12215.0,1072.0,13142720.0,4472
2023-05-10 09:27:12,CJ2401,CJ401,12255.0,7.0,85820.0,0.0,3,12255.0,12265.0,4,12265.0,12275.0,12300.0,12215.0,1079.0,13228540.0,4472
2023-05-10 09:27:43,CJ2401,CJ401,12255.0,0.0,0.0,0.0,3,12255.0,12265.0,7,12265.0,12275.0,12300.0,12215.0,1079.0,13228540.0,4472
2023-05-10 09:28:02,CJ2401,CJ401,12255.0,0.0,0.0,0.0,3,12255.0,12265.0,9,12265.0,12275.0,12300.0,12215.0,1079.0,13228540.0,4472
2023-05-10 09:28:02,CJ2401,CJ401,12255.0,3.0,36780.0,0.0,6,12250.0,12265.0,9,12265.0,12275.0,12300.0,12215.0,1082.0,13265320.0,4472
2023-05-10 09:28:52,CJ2401,CJ401,12255.0,0.0,0.0,0.0,6,12250.0,12265.0,8,12265.0,12275.0,12300.0,12215.0,1082.0,13265320.0,4472
2023-05-10 09:29:20,CJ2401,CJ401,12255.0,0.0,0.0,0.0,10,12255.0,12265.0,8,12265.0,12275.0,12300.0,12215.0,1082.0,13265320.0,4472
2023-05-10 09:29:37,CJ2401,CJ401,12255.0,10.0,122600.0,5.0,2,12250.0,12255.0,1,12265.0,12275.0,12300.0,12215.0,1092.0,13387920.0,4477
2023-05-10 09:29:37,CJ2401,CJ401,12255.0,0.0,0.0,0.0,5,12245.0,12255.0,1,12265.0,12275.0,12300.0,12215.0,1092.0,13387920.0,4477
2023-05-10 09:30:25,CJ2401,CJ401,12255.0,1.0,12260.0,0.0,1,12255.0,12265.0,8,12265.0,12275.0,12300.0,12215.0,1093.0,13400180.0,4477
2023-05-10 09:30:41,CJ2401,CJ401,12255.0,1.0,12260.0,1.0,4,12250.0,12265.0,8,12265.0,12275.0,12300.0,12215.0,1094.0,13412440.0,4478
2023-05-10 09:31:30,CJ2401,CJ401,12255.0,0.0,0.0,0.0,10,12255.0,12265.0,8,12265.0,12275.0,12300.0,12215.0,1094.0,13412440.0,4478
2023-05-10 09:33:30,CJ2401,CJ401,12255.0,0.0,0.0,0.0,20,12260.0,12265.0,8,12265.0,12275.0,12300.0,12215.0,1094.0,13412440.0,4478
2023-05-10 09:33:38,CJ2401,CJ401,12260.0,3.0,36780.0,3.0,17,12260.0,12265.0,8,12265.0,12275.0,12300.0,12215.0,1097.0,13449220.0,4481
2023-05-10 09:33:54,CJ2401,CJ401,12260.0,2.0,24520.0,0.0,15,12260.0,12265.0,8,12265.0,12275.0,12300.0,12215.0,1099.0,13473740.0,4481
2023-05-10 09:34:27,CJ2401,CJ401,12265.0,11.0,134860.0,0.0,1,12265.0,12275.0,15,12265.0,12275.0,12300.0,12215.0,1110.0,13608600.0,4481
2023-05-10 09:34:27,CJ2401,CJ401,12265.0,0.0,0.0,0.0,2,12265.0,12275.0,13,12265.0,12275.0,12300.0,12215.0,1110.0,13608600.0,4481
2023-05-10 09:34:40,CJ2401,CJ401,12265.0,0.0,0.0,0.0,4,12265.0,12275.0,13,12265.0,12275.0,12300.0,12215.0,1110.0,13608600.0,4481
2023-05-10 09:34:42,CJ2401,CJ401,12265.0,0.0,0.0,0.0,3,12265.0,12275.0,13,12265.0,12275.0,12300.0,12215.0,1110.0,13608600.0,4481
2023-05-10 09:34:42,CJ2401,CJ401,12265.0,0.0,0.0,0.0,2,12265.0,12275.0,13,12265.0,12275.0,12300.0,12215.0,1110.0,13608600.0,4481
2023-05-10 09:34:46,CJ2401,CJ401,12265.0,0.0,0.0,0.0,4,12265.0,12275.0,13,12265.0,12275.0,12300.0,12215.0,1110.0,13608600.0,4481
2023-05-10 09:34:49,CJ2401,CJ401,12265.0,0.0,0.0,0.0,2,12265.0,12275.0,13,12265.0,12275.0,12300.0,12215.0,1110.0,13608600.0,4481
2023-05-10 09:34:58,CJ2401,CJ401,12265.0,0.0,0.0,0.0,15,12260.0,12275.0,13,12265.0,12275.0,12300.0,12215.0,1110.0,13608600.0,4481
2023-05-10 09:34:59,CJ2401,CJ401,12265.0,0.0,0.0,0.0,17,12260.0,12275.0,13,12265.0,12275.0,12300.0,12215.0,1110.0,13608600.0,4481
2023-05-10 09:35:16,CJ2401,CJ401,12265.0,0.0,0.0,0.0,15,12260.0,12275.0,13,12265.0,12275.0,12300.0,12215.0,1110.0,13608600.0,4481
2023-05-10 09:35:16,CJ2401,CJ401,12265.0,0.0,0.0,0.0,15,12260.0,12270.0,1,12265.0,12275.0,12300.0,12215.0,1110.0,13608600.0,4481
2023-05-10 09:36:19,CJ2401,CJ401,12265.0,0.0,0.0,0.0,17,12260.0,12270.0,1,12265.0,12275.0,12300.0,12215.0,1110.0,13608600.0,4481
2023-05-10 09:36:19,CJ2401,CJ401,12265.0,0.0,0.0,0.0,1,12265.0,12275.0,13,12265.0,12275.0,12300.0,12215.0,1110.0,13608600.0,4481
2023-05-10 09:36:19,CJ2401,CJ401,12265.0,0.0,0.0,0.0,17,12260.0,12270.0,1,12265.0,12275.0,12300.0,12215.0,1110.0,13608600.0,4481
2023-05-10 09:36:19,CJ2401,CJ401,12265.0,0.0,0.0,0.0,1,12265.0,12275.0,13,12265.0,12275.0,12300.0,12215.0,1110.0,13608600.0,4481
2023-05-10 09:36:33,CJ2401,CJ401,12275.0,2.0,24520.0,2.0,1,12265.0,12275.0,11,12265.0,12275.0,12300.0,12215.0,1112.0,13633120.0,4483
2023-05-10 09:36:37,CJ2401,CJ401,12265.0,1.0,12260.0,-1.0,17,12260.0,12275.0,11,12265.0,12275.0,12300.0,12215.0,1113.0,13645380.0,4482
2023-05-10 09:36:49,CJ2401,CJ401,12265.0,0.0,0.0,0.0,2,12260.0,12275.0,11,12265.0,12275.0,12300.0,12215.0,1113.0,13645380.0,4482
2023-05-10 09:36:49,CJ2401,CJ401,12265.0,0.0,0.0,0.0,15,12265.0,12275.0,11,12265.0,12275.0,12300.0,12215.0,1113.0,13645380.0,4482
2023-05-10 09:36:56,CJ2401,CJ401,12265.0,0.0,0.0,0.0,15,12265.0,12270.0,10,12265.0,12275.0,12300.0,12215.0,1113.0,13645380.0,4482
2023-05-10 09:37:15,CJ2401,CJ401,12265.0,2.0,24520.0,0.0,13,12265.0,12270.0,10,12265.0,12275.0,12300.0,12215.0,1115.0,13669900.0,4482
2023-05-10 09:37:21,CJ2401,CJ401,12265.0,8.0,98080.0,8.0,5,12265.0,12270.0,10,12265.0,12275.0,12300.0,12215.0,1123.0,13767980.0,4490
2023-05-10 09:37:21,CJ2401,CJ401,12265.0,5.0,61300.0,0.0,2,12260.0,12270.0,10,12265.0,12275.0,12300.0,12215.0,1128.0,13829280.0,4490
2023-05-10 09:37:43,CJ2401,CJ401,12265.0,0.0,0.0,0.0,2,12265.0,12270.0,10,12265.0,12275.0,12300.0,12215.0,1128.0,13829280.0,4490
2023-05-10 09:37:47,CJ2401,CJ401,12265.0,0.0,0.0,0.0,2,12260.0,12270.0,10,12265.0,12275.0,12300.0,12215.0,1128.0,13829280.0,4490
2023-05-10 09:37:50,CJ2401,CJ401,12265.0,0.0,0.0,0.0,2,12265.0,12270.0,10,12265.0,12275.0,12300.0,12215.0,1128.0,13829280.0,4490
2023-05-10 09:37:54,CJ2401,CJ401,12265.0,0.0,0.0,0.0,2,12260.0,12270.0,10,12265.0,12275.0,12300.0,12215.0,1128.0,13829280.0,4490
2023-05-10 09:37:56,CJ2401,CJ401,12265.0,0.0,0.0,0.0,2,12260.0,12275.0,11,12265.0,12275.0,12300.0,12215.0,1128.0,13829280.0,4490
2023-05-10 09:37:59,CJ2401,CJ401,12265.0,0.0,0.0,0.0,2,12265.0,12275.0,11,12265.0,12275.0,12300.0,12215.0,1128.0,13829280.0,4490
2023-05-10 09:38:02,CJ2401,CJ401,12265.0,0.0,0.0,0.0,2,12260.0,12275.0,11,12265.0,12275.0,12300.0,12215.0,1128.0,13829280.0,4490
2023-05-10 09:38:16,CJ2401,CJ401,12265.0,0.0,0.0,0.0,1,12265.0,12275.0,11,12265.0,12275.0,12300.0,12215.0,1128.0,13829280.0,4490
2023-05-10 09:38:16,CJ2401,CJ401,12265.0,0.0,0.0,0.0,2,12265.0,12275.0,11,12265.0,12275.0,12300.0,12215.0,1128.0,13829280.0,4490
2023-05-10 09:38:25,CJ2401,CJ401,12255.0,4.0,49040.0,-2.0,2,12265.0,12275.0,10,12265.0,12275.0,12300.0,12215.0,1132.0,13878320.0,4488
2023-05-10 09:38:26,CJ2401,CJ401,12255.0,0.0,0.0,0.0,2,12270.0,12275.0,10,12265.0,12275.0,12300.0,12215.0,1132.0,13878320.0,4488
2023-05-10 09:38:27,CJ2401,CJ401,12275.0,4.0,49040.0,-4.0,7,12265.0,12275.0,6,12265.0,12275.0,12300.0,12215.0,1136.0,13927360.0,4484
2023-05-10 09:38:39,CJ2401,CJ401,12275.0,0.0,0.0,0.0,10,12255.0,12275.0,6,12265.0,12275.0,12300.0,12215.0,1136.0,13927360.0,4484
2023-05-10 09:38:39,CJ2401,CJ401,12275.0,0.0,0.0,0.0,4,12260.0,12275.0,6,12265.0,12275.0,12300.0,12215.0,1136.0,13927360.0,4484
2023-05-10 09:39:04,CJ2401,CJ401,12275.0,0.0,0.0,0.0,4,12260.0,12270.0,2,12265.0,12275.0,12300.0,12215.0,1136.0,13927360.0,4484
2023-05-10 09:39:07,CJ2401,CJ401,12275.0,0.0,0.0,0.0,10,12255.0,12270.0,2,12265.0,12275.0,12300.0,12215.0,1136.0,13927360.0,4484
2023-05-10 09:39:07,CJ2401,CJ401,12275.0,0.0,0.0,0.0,10,12255.0,12270.0,3,12265.0,12275.0,12300.0,12215.0,1136.0,13927360.0,4484
2023-05-10 09:39:24,CJ2401,CJ401,12275.0,0.0,0.0,0.0,14,12255.0,12270.0,3,12265.0,12275.0,12300.0,12215.0,1136.0,13927360.0,4484
2023-05-10 09:39:40,CJ2401,CJ401,12275.0,0.0,0.0,0.0,10,12255.0,12270.0,3,12265.0,12275.0,12300.0,12215.0,1136.0,13927360.0,4484
2023-05-10 09:39:43,CJ2401,CJ401,12275.0,0.0,0.0,0.0,10,12255.0,12270.0,13,12265.0,12275.0,12300.0,12215.0,1136.0,13927360.0,4484
2023-05-10 09:39:43,CJ2401,CJ401,12275.0,0.0,0.0,0.0,14,12255.0,12270.0,13,12265.0,12275.0,12300.0,12215.0,1136.0,13927360.0,4484
2023-05-10 09:39:53,CJ2401,CJ401,12275.0,0.0,0.0,0.0,10,12255.0,12270.0,13,12265.0,12275.0,12300.0,12215.0,1136.0,13927360.0,4484
2023-05-10 09:40:19,CJ2401,CJ401,12275.0,0.0,0.0,0.0,10,12255.0,12270.0,3,12265.0,12275.0,12300.0,12215.0,1136.0,13927360.0,4484
2023-05-10 09:41:28,CJ2401,CJ401,12275.0,0.0,0.0,0.0,10,12255.0,12265.0,9,12265.0,12275.0,12300.0,12215.0,1136.0,13927360.0,4484
2023-05-10 09:41:37,CJ2401,CJ401,12275.0,0.0,0.0,0.0,10,12255.0,12270.0,2,12265.0,12275.0,12300.0,12215.0,1136.0,13927360.0,4484
2023-05-10 09:42:01,CJ2401,CJ401,12275.0,0.0,0.0,0.0,10,12255.0,12270.0,3,12265.0,12275.0,12300.0,12215.0,1136.0,13927360.0,4484
2023-05-10 09:42:12,CJ2401,CJ401,12275.0,0.0,0.0,0.0,10,12255.0,12270.0,1,12265.0,12275.0,12300.0,12215.0,1136.0,13927360.0,4484
2023-05-10 09:42:16,CJ2401,CJ401,12275.0,0.0,0.0,0.0,10,12255.0,12270.0,3,12265.0,12275.0,12300.0,12215.0,1136.0,13927360.0,4484
2023-05-10 09:42:40,CJ2401,CJ401,12275.0,0.0,0.0,0.0,1,12260.0,12275.0,10,12265.0,12275.0,12300.0,12215.0,1136.0,13927360.0,4484
2023-05-10 09:42:56,CJ2401,CJ401,12275.0,0.0,0.0,0.0,1,12260.0,12270.0,2,12265.0,12275.0,12300.0,12215.0,1136.0,13927360.0,4484
2023-05-10 09:43:03,CJ2401,CJ401,12275.0,0.0,0.0,0.0,1,12260.0,12270.0,4,12265.0,12275.0,12300.0,12215.0,1136.0,13927360.0,4484
2023-05-10 09:43:04,CJ2401,CJ401,12275.0,0.0,0.0,0.0,1,12260.0,12270.0,2,12265.0,12275.0,12300.0,12215.0,1136.0,13927360.0,4484
2023-05-10 09:43:17,CJ2401,CJ401,12275.0,0.0,0.0,0.0,1,12260.0,12270.0,4,12265.0,12275.0,12300.0,12215.0,1136.0,13927360.0,4484
2023-05-10 09:43:18,CJ2401,CJ401,12275.0,0.0,0.0,0.0,10,12255.0,12270.0,5,12265.0,12275.0,12300.0,12215.0,1136.0,13927360.0,4484
2023-05-10 09:43:29,CJ2401,CJ401,12275.0,0.0,0.0,0.0,10,12255.0,12265.0,2,12265.0,12275.0,12300.0,12215.0,1136.0,13927360.0,4484
2023-05-10 09:43:32,CJ2401,CJ401,12275.0,0.0,0.0,0.0,10,12255.0,12270.0,5,12265.0,12275.0,12300.0,12215.0,1136.0,13927360.0,4484
2023-05-10 09:43:35,CJ2401,CJ401,12255.0,14.0,171640.0,10.0,8,12245.0,12255.0,2,12265.0,12275.0,12300.0,12215.0,1150.0,14099000.0,4494
2023-05-10 09:43:36,CJ2401,CJ401,12255.0,2.0,24520.0,0.0,4,12250.0,12265.0,6,12265.0,12275.0,12300.0,12215.0,1152.0,14123520.0,4494
2023-05-10 09:43:43,CJ2401,CJ401,12255.0,0.0,0.0,0.0,10,12255.0,12265.0,6,12265.0,12275.0,12300.0,12215.0,1152.0,14123520.0,4494
2023-05-10 09:43:47,CJ2401,CJ401,12255.0,0.0,0.0,0.0,10,12255.0,12265.0,8,12265.0,12275.0,12300.0,12215.0,1152.0,14123520.0,4494
2023-05-10 09:43:52,CJ2401,CJ401,12255.0,3.0,36780.0,0.0,7,12255.0,12260.0,2,12265.0,12275.0,12300.0,12215.0,1155.0,14160300.0,4494
2023-05-10 09:43:52,CJ2401,CJ401,12255.0,7.0,85820.0,7.0,4,12250.0,12260.0,2,12265.0,12275.0,12300.0,12215.0,1162.0,14246120.0,4501
2023-05-10 09:43:58,CJ2401,CJ401,12255.0,0.0,0.0,0.0,4,12250.0,12265.0,4,12265.0,12275.0,12300.0,12215.0,1162.0,14246120.0,4501
2023-05-10 09:44:00,CJ2401,CJ401,12255.0,0.0,0.0,0.0,1,12255.0,12270.0,5,12265.0,12275.0,12300.0,12215.0,1162.0,14246120.0,4501
2023-05-10 09:44:00,CJ2401,CJ401,12255.0,0.0,0.0,0.0,1,12255.0,12270.0,4,12265.0,12275.0,12300.0,12215.0,1162.0,14246120.0,4501
2023-05-10 09:44:04,CJ2401,CJ401,12255.0,0.0,0.0,0.0,1,12255.0,12270.0,2,12265.0,12275.0,12300.0,12215.0,1162.0,14246120.0,4501
2023-05-10 09:44:51,CJ2401,CJ401,12255.0,0.0,0.0,0.0,11,12255.0,12270.0,2,12265.0,12275.0,12300.0,12215.0,1162.0,14246120.0,4501
2023-05-10 09:45:08,CJ2401,CJ401,12255.0,0.0,0.0,0.0,11,12255.0,12270.0,4,12265.0,12275.0,12300.0,12215.0,1162.0,14246120.0,4501
2023-05-10 09:45:08,CJ2401,CJ401,12255.0,0.0,0.0,0.0,11,12255.0,12270.0,2,12265.0,12275.0,12300.0,12215.0,1162.0,14246120.0,4501
2023-05-10 09:45:19,CJ2401,CJ401,12255.0,0.0,0.0,0.0,11,12255.0,12275.0,10,12265.0,12275.0,12300.0,12215.0,1162.0,14246120.0,4501
2023-05-10 09:45:19,CJ2401,CJ401,12255.0,0.0,0.0,0.0,11,12255.0,12270.0,4,12265.0,12275.0,12300.0,12215.0,1162.0,14246120.0,4501
2023-05-10 09:45:19,CJ2401,CJ401,12255.0,0.0,0.0,0.0,11,12255.0,12275.0,10,12265.0,12275.0,12300.0,12215.0,1162.0,14246120.0,4501
2023-05-10 09:45:19,CJ2401,CJ401,12255.0,0.0,0.0,0.0,11,12255.0,12270.0,4,12265.0,12275.0,12300.0,12215.0,1162.0,14246120.0,4501
2023-05-10 09:46:02,CJ2401,CJ401,12255.0,0.0,0.0,0.0,11,12255.0,12270.0,6,12265.0,12275.0,12300.0,12215.0,1162.0,14246120.0,4501
2023-05-10 09:46:02,CJ2401,CJ401,12255.0,0.0,0.0,0.0,11,12255.0,12270.0,4,12265.0,12275.0,12300.0,12215.0,1162.0,14246120.0,4501
2023-05-10 09:46:13,CJ2401,CJ401,12255.0,0.0,0.0,0.0,10,12255.0,12270.0,6,12265.0,12275.0,12300.0,12215.0,1162.0,14246120.0,4501
2023-05-10 09:46:19,CJ2401,CJ401,12255.0,0.0,0.0,0.0,10,12255.0,12270.0,4,12265.0,12275.0,12300.0,12215.0,1162.0,14246120.0,4501
2023-05-10 09:46:45,CJ2401,CJ401,12255.0,10.0,122600.0,0.0,5,12250.0,12265.0,4,12265.0,12275.0,12300.0,12215.0,1172.0,14368720.0,4501
2023-05-10 09:46:57,CJ2401,CJ401,12255.0,0.0,0.0,0.0,15,12250.0,12265.0,4,12265.0,12275.0,12300.0,12215.0,1172.0,14368720.0,4501
2023-05-10 09:47:05,CJ2401,CJ401,12265.0,2.0,24520.0,1.0,15,12250.0,12265.0,2,12265.0,12275.0,12300.0,12215.0,1174.0,14393240.0,4502
2023-05-10 09:47:05,CJ2401,CJ401,12265.0,0.0,0.0,0.0,2,12255.0,12265.0,2,12265.0,12275.0,12300.0,12215.0,1174.0,14393240.0,4502
2023-05-10 09:47:39,CJ2401,CJ401,12265.0,0.0,0.0,0.0,2,12260.0,12270.0,2,12265.0,12275.0,12300.0,12215.0,1174.0,14393240.0,4502
2023-05-10 09:48:03,CJ2401,CJ401,12260.0,4.0,49040.0,-4.0,11,12250.0,12275.0,10,12265.0,12275.0,12300.0,12215.0,1178.0,14442280.0,4498
2023-05-10 09:48:03,CJ2401,CJ401,12260.0,0.0,0.0,0.0,4,12255.0,12270.0,4,12265.0,12275.0,12300.0,12215.0,1178.0,14442280.0,4498
2023-05-10 09:53:02,CJ2401,CJ401,12260.0,0.0,0.0,0.0,14,12255.0,12270.0,4,12265.0,12275.0,12300.0,12215.0,1178.0,14442280.0,4498
2023-05-10 09:53:08,CJ2401,CJ401,12260.0,0.0,0.0,0.0,18,12255.0,12270.0,4,12265.0,12275.0,12300.0,12215.0,1178.0,14442280.0,4498
2023-05-10 09:53:08,CJ2401,CJ401,12260.0,0.0,0.0,0.0,1,12260.0,12270.0,4,12265.0,12275.0,12300.0,12215.0,1178.0,14442280.0,4498
2023-05-10 09:54:06,CJ2401,CJ401,12270.0,4.0,49040.0,2.0,6,12270.0,12275.0,8,12265.0,12275.0,12300.0,12215.0,1182.0,14491320.0,4500
2023-05-10 09:54:06,CJ2401,CJ401,12270.0,6.0,73560.0,6.0,4,12265.0,12275.0,8,12265.0,12275.0,12300.0,12215.0,1188.0,14564880.0,4506
2023-05-10 09:56:44,CJ2401,CJ401,12270.0,0.0,0.0,0.0,4,12265.0,12275.0,10,12265.0,12275.0,12300.0,12215.0,1188.0,14564880.0,4506
2023-05-10 09:56:51,CJ2401,CJ401,12270.0,0.0,0.0,0.0,4,12265.0,12275.0,9,12265.0,12275.0,12300.0,12215.0,1188.0,14564880.0,4506
2023-05-10 09:56:52,CJ2401,CJ401,12270.0,0.0,0.0,0.0,4,12265.0,12275.0,8,12265.0,12275.0,12300.0,12215.0,1188.0,14564880.0,4506
2023-05-10 09:56:52,CJ2401,CJ401,12270.0,0.0,0.0,0.0,1,12270.0,12275.0,8,12265.0,12275.0,12300.0,12215.0,1188.0,14564880.0,4506
2023-05-10 09:57:41,CJ2401,CJ401,12275.0,2.0,24520.0,-1.0,1,12270.0,12275.0,6,12265.0,12275.0,12300.0,12215.0,1190.0,14589400.0,4505
2023-05-10 09:57:41,CJ2401,CJ401,12275.0,6.0,73560.0,-2.0,1,12270.0,12280.0,6,12265.0,12275.0,12300.0,12215.0,1196.0,14662960.0,4503
2023-05-10 09:58:13,CJ2401,CJ401,12275.0,0.0,0.0,0.0,1,12270.0,12275.0,3,12265.0,12275.0,12300.0,12215.0,1196.0,14662960.0,4503
2023-05-10 09:58:38,CJ2401,CJ401,12275.0,2.0,24520.0,0.0,1,12270.0,12275.0,1,12265.0,12275.0,12300.0,12215.0,1198.0,14687480.0,4503
2023-05-10 09:58:39,CJ2401,CJ401,12275.0,1.0,12260.0,0.0,3,12275.0,12280.0,5,12265.0,12275.0,12300.0,12215.0,1199.0,14699740.0,4503
2023-05-10 09:58:40,CJ2401,CJ401,12275.0,0.0,0.0,0.0,3,12270.0,12280.0,5,12265.0,12275.0,12300.0,12215.0,1199.0,14699740.0,4503
2023-05-10 09:58:47,CJ2401,CJ401,12270.0,2.0,24520.0,1.0,1,12270.0,12280.0,5,12265.0,12275.0,12300.0,12215.0,1201.0,14724260.0,4504
2023-05-10 09:58:49,CJ2401,CJ401,12270.0,2.0,24520.0,1.0,1,12265.0,12280.0,5,12265.0,12275.0,12300.0,12215.0,1203.0,14748780.0,4505
2023-05-10 09:58:49,CJ2401,CJ401,12270.0,0.0,0.0,0.0,3,12270.0,12280.0,5,12265.0,12275.0,12300.0,12215.0,1203.0,14748780.0,4505
2023-05-10 09:58:50,CJ2401,CJ401,12270.0,0.0,0.0,0.0,4,12270.0,12280.0,5,12265.0,12275.0,12300.0,12215.0,1203.0,14748780.0,4505
2023-05-10 09:58:54,CJ2401,CJ401,12270.0,2.0,24520.0,0.0,1,12270.0,12280.0,5,12265.0,12275.0,12300.0,12215.0,1205.0,14773300.0,4505
2023-05-10 09:58:54,CJ2401,CJ401,12270.0,0.0,0.0,0.0,1,12275.0,12280.0,5,12265.0,12275.0,12300.0,12215.0,1205.0,14773300.0,4505
2023-05-10 09:58:54,CJ2401,CJ401,12270.0,0.0,0.0,0.0,1,12270.0,12280.0,5,12265.0,12275.0,12300.0,12215.0,1205.0,14773300.0,4505
2023-05-10 09:58:54,CJ2401,CJ401,12270.0,0.0,0.0,0.0,1,12275.0,12280.0,5,12265.0,12275.0,12300.0,12215.0,1205.0,14773300.0,4505
2023-05-10 09:58:54,CJ2401,CJ401,12270.0,0.0,0.0,0.0,1,12270.0,12280.0,5,12265.0,12275.0,12300.0,12215.0,1205.0,14773300.0,4505
2023-05-10 09:59:01,CJ2401,CJ401,12255.0,2.0,24520.0,2.0,1,12270.0,12280.0,5,12265.0,12275.0,12300.0,12215.0,1207.0,14797820.0,4507
2023-05-10 09:59:02,CJ2401,CJ401,12255.0,0.0,0.0,0.0,1,12275.0,12280.0,5,12265.0,12275.0,12300.0,12215.0,1207.0,14797820.0,4507
2023-05-10 09:59:08,CJ2401,CJ401,12280.0,1.0,12260.0,0.0,4,12275.0,12280.0,4,12265.0,12275.0,12300.0,12215.0,1208.0,14810080.0,4507
2023-05-10 09:59:08,CJ2401,CJ401,12280.0,4.0,49040.0,0.0,4,12275.0,12285.0,13,12265.0,12275.0,12300.0,12215.0,1212.0,14859120.0,4507
2023-05-10 09:59:10,CJ2401,CJ401,12285.0,7.0,85820.0,-4.0,4,12280.0,12285.0,9,12265.0,12275.0,12300.0,12215.0,1219.0,14944940.0,4503
2023-05-10 09:59:10,CJ2401,CJ401,12285.0,9.0,110340.0,0.0,3,12285.0,12290.0,10,12265.0,12275.0,12300.0,12215.0,1228.0,15055280.0,4503
2023-05-10 09:59:20,CJ2401,CJ401,12290.0,6.0,73560.0,3.0,1,12270.0,12290.0,7,12265.0,12275.0,12300.0,12215.0,1234.0,15128840.0,4506
2023-05-10 09:59:20,CJ2401,CJ401,12290.0,0.0,0.0,0.0,1,12275.0,12290.0,7,12265.0,12275.0,12300.0,12215.0,1234.0,15128840.0,4506
2023-05-10 09:59:21,CJ2401,CJ401,12290.0,0.0,0.0,0.0,3,12275.0,12290.0,7,12265.0,12275.0,12300.0,12215.0,1234.0,15128840.0,4506
2023-05-10 09:59:21,CJ2401,CJ401,12290.0,0.0,0.0,0.0,1,12280.0,12290.0,7,12265.0,12275.0,12300.0,12215.0,1234.0,15128840.0,4506
2023-05-10 09:59:23,CJ2401,CJ401,12290.0,2.0,24520.0,2.0,1,12280.0,12290.0,5,12265.0,12275.0,12300.0,12215.0,1236.0,15153360.0,4508
2023-05-10 09:59:29,CJ2401,CJ401,12290.0,0.0,0.0,0.0,2,12285.0,12290.0,5,12265.0,12275.0,12300.0,12215.0,1236.0,15153360.0,4508
2023-05-10 09:59:36,CJ2401,CJ401,12290.0,2.0,24520.0,0.0,2,12285.0,12290.0,3,12265.0,12275.0,12300.0,12215.0,1238.0,15177880.0,4508
2023-05-10 09:59:40,CJ2401,CJ401,12285.0,2.0,24520.0,0.0,3,12275.0,12285.0,2,12265.0,12275.0,12300.0,12215.0,1240.0,15202400.0,4508
2023-05-10 09:59:43,CJ2401,CJ401,12285.0,0.0,0.0,0.0,2,12275.0,12285.0,2,12265.0,12275.0,12300.0,12215.0,1240.0,15202400.0,4508
2023-05-10 09:59:43,CJ2401,CJ401,12285.0,0.0,0.0,0.0,1,12270.0,12285.0,2,12265.0,12275.0,12300.0,12215.0,1240.0,15202400.0,4508
2023-05-10 09:59:43,CJ2401,CJ401,12285.0,0.0,0.0,0.0,1,12275.0,12285.0,2,12265.0,12275.0,12300.0,12215.0,1240.0,15202400.0,4508
2023-05-10 09:59:49,CJ2401,CJ401,12285.0,0.0,0.0,0.0,2,12275.0,12285.0,2,12265.0,12275.0,12300.0,12215.0,1240.0,15202400.0,4508
2023-05-10 09:59:54,CJ2401,CJ401,12285.0,0.0,0.0,0.0,1,12275.0,12285.0,2,12265.0,12275.0,12300.0,12215.0,1240.0,15202400.0,4508
2023-05-10 10:00:18,CJ2401,CJ401,12275.0,1.0,12260.0,-1.0,1,12270.0,12285.0,2,12265.0,12275.0,12300.0,12215.0,1241.0,15214660.0,4507
2023-05-10 10:00:19,CJ2401,CJ401,12285.0,2.0,24520.0,0.0,5,12285.0,12290.0,3,12265.0,12275.0,12300.0,12215.0,1243.0,15239180.0,4507
2023-05-10 10:00:25,CJ2401,CJ401,12290.0,8.0,104335.0,5.0,1,12290.0,12295.0,6,12265.0,12275.0,12300.0,12215.0,1251.0,15343515.0,4512
2023-05-10 10:00:25,CJ2401,CJ401,12290.0,1.0,12265.0,0.0,6,12270.0,12285.0,4,12265.0,12275.0,12300.0,12215.0,1252.0,15355780.0,4512
2023-05-10 10:00:28,CJ2401,CJ401,12290.0,0.0,0.0,0.0,7,12270.0,12285.0,4,12265.0,12275.0,12300.0,12215.0,1252.0,15355780.0,4512
2023-05-10 10:00:28,CJ2401,CJ401,12290.0,0.0,0.0,0.0,4,12275.0,12290.0,4,12265.0,12275.0,12300.0,12215.0,1252.0,15355780.0,4512
2023-05-10 10:00:36,CJ2401,CJ401,12290.0,0.0,0.0,0.0,4,12280.0,12290.0,4,12265.0,12275.0,12300.0,12215.0,1252.0,15355780.0,4512
2023-05-10 10:00:36,CJ2401,CJ401,12290.0,0.0,0.0,0.0,4,12280.0,12295.0,6,12265.0,12275.0,12300.0,12215.0,1252.0,15355780.0,4512
2023-05-10 10:00:52,CJ2401,CJ401,12280.0,1.0,12265.0,0.0,3,12280.0,12295.0,6,12265.0,12275.0,12300.0,12215.0,1253.0,15368045.0,4512
2023-05-10 10:01:03,CJ2401,CJ401,12280.0,0.0,0.0,0.0,3,12280.0,12290.0,1,12265.0,12275.0,12300.0,12215.0,1253.0,15368045.0,4512
2023-05-10 10:01:03,CJ2401,CJ401,12280.0,0.0,0.0,0.0,3,12275.0,12295.0,6,12265.0,12275.0,12300.0,12215.0,1253.0,15368045.0,4512
2023-05-10 10:01:04,CJ2401,CJ401,12280.0,0.0,0.0,0.0,3,12275.0,12290.0,1,12265.0,12275.0,12300.0,12215.0,1253.0,15368045.0,4512
2023-05-10 10:01:11,CJ2401,CJ401,12280.0,0.0,0.0,0.0,3,12275.0,12295.0,6,12265.0,12275.0,12300.0,12215.0,1253.0,15368045.0,4512
2023-05-10 10:01:11,CJ2401,CJ401,12280.0,0.0,0.0,0.0,3,12275.0,12290.0,2,12265.0,12275.0,12300.0,12215.0,1253.0,15368045.0,4512
2023-05-10 10:01:11,CJ2401,CJ401,12280.0,0.0,0.0,0.0,3,12275.0,12285.0,1,12265.0,12275.0,12300.0,12215.0,1253.0,15368045.0,4512
2023-05-10 10:02:18,CJ2401,CJ401,12280.0,0.0,0.0,0.0,6,12270.0,12285.0,1,12265.0,12275.0,12300.0,12215.0,1253.0,15368045.0,4512
2023-05-10 10:02:18,CJ2401,CJ401,12280.0,0.0,0.0,0.0,4,12270.0,12285.0,1,12265.0,12275.0,12300.0,12215.0,1253.0,15368045.0,4512
2023-05-10 10:02:22,CJ2401,CJ401,12280.0,0.0,0.0,0.0,4,12270.0,12280.0,1,12265.0,12275.0,12300.0,12215.0,1253.0,15368045.0,4512
2023-05-10 10:02:45,CJ2401,CJ401,12280.0,1.0,12265.0,-1.0,5,12270.0,12290.0,2,12265.0,12275.0,12300.0,12215.0,1254.0,15380310.0,4511
2023-05-10 10:02:46,CJ2401,CJ401,12280.0,0.0,0.0,0.0,4,12280.0,12295.0,6,12265.0,12275.0,12300.0,12215.0,1254.0,15380310.0,4511
2023-05-10 10:02:55,CJ2401,CJ401,12280.0,0.0,0.0,0.0,5,12280.0,12295.0,6,12265.0,12275.0,12300.0,12215.0,1254.0,15380310.0,4511
2023-05-10 10:02:55,CJ2401,CJ401,12295.0,6.0,73590.0,-1.0,3,12285.0,12300.0,48,12265.0,12275.0,12300.0,12215.0,1260.0,15453900.0,4510
2023-05-10 10:02:57,CJ2401,CJ401,12295.0,0.0,0.0,0.0,1,12290.0,12300.0,48,12265.0,12275.0,12300.0,12215.0,1260.0,15453900.0,4510
2023-05-10 10:02:58,CJ2401,CJ401,12295.0,0.0,0.0,0.0,3,12285.0,12300.0,48,12265.0,12275.0,12300.0,12215.0,1260.0,15453900.0,4510
2023-05-10 10:03:03,CJ2401,CJ401,12295.0,0.0,0.0,0.0,1,12290.0,12300.0,48,12265.0,12275.0,12300.0,12215.0,1260.0,15453900.0,4510
2023-05-10 10:03:04,CJ2401,CJ401,12295.0,0.0,0.0,0.0,3,12285.0,12300.0,48,12265.0,12275.0,12300.0,12215.0,1260.0,15453900.0,4510
2023-05-10 10:03:13,CJ2401,CJ401,12295.0,0.0,0.0,0.0,3,12285.0,12295.0,2,12265.0,12275.0,12300.0,12215.0,1260.0,15453900.0,4510
2023-05-10 10:03:14,CJ2401,CJ401,12295.0,0.0,0.0,0.0,2,12285.0,12295.0,2,12265.0,12275.0,12300.0,12215.0,1260.0,15453900.0,4510
2023-05-10 10:03:18,CJ2401,CJ401,12295.0,0.0,0.0,0.0,3,12285.0,12295.0,2,12265.0,12275.0,12300.0,12215.0,1260.0,15453900.0,4510
2023-05-10 10:03:42,CJ2401,CJ401,12295.0,0.0,0.0,0.0,3,12285.0,12295.0,3,12265.0,12275.0,12300.0,12215.0,1260.0,15453900.0,4510
2023-05-10 10:03:44,CJ2401,CJ401,12295.0,0.0,0.0,0.0,1,12285.0,12295.0,3,12265.0,12275.0,12300.0,12215.0,1260.0,15453900.0,4510
2023-05-10 10:03:45,CJ2401,CJ401,12295.0,0.0,0.0,0.0,1,12280.0,12295.0,5,12265.0,12275.0,12300.0,12215.0,1260.0,15453900.0,4510
2023-05-10 10:03:47,CJ2401,CJ401,12295.0,0.0,0.0,0.0,1,12280.0,12295.0,9,12265.0,12275.0,12300.0,12215.0,1260.0,15453900.0,4510
2023-05-10 10:03:48,CJ2401,CJ401,12295.0,0.0,0.0,0.0,1,12285.0,12295.0,9,12265.0,12275.0,12300.0,12215.0,1260.0,15453900.0,4510
2023-05-10 10:03:57,CJ2401,CJ401,12295.0,0.0,0.0,0.0,1,12285.0,12295.0,5,12265.0,12275.0,12300.0,12215.0,1260.0,15453900.0,4510
2023-05-10 10:04:26,CJ2401,CJ401,12295.0,0.0,0.0,0.0,1,12285.0,12295.0,10,12265.0,12275.0,12300.0,12215.0,1260.0,15453900.0,4510
2023-05-10 10:04:31,CJ2401,CJ401,12295.0,0.0,0.0,0.0,1,12280.0,12295.0,10,12265.0,12275.0,12300.0,12215.0,1260.0,15453900.0,4510
2023-05-10 10:04:31,CJ2401,CJ401,12295.0,2.0,24530.0,2.0,1,12280.0,12295.0,8,12265.0,12275.0,12300.0,12215.0,1262.0,15478430.0,4512
2023-05-10 10:04:35,CJ2401,CJ401,12295.0,0.0,0.0,0.0,1,12285.0,12295.0,8,12265.0,12275.0,12300.0,12215.0,1262.0,15478430.0,4512
2023-05-10 10:04:41,CJ2401,CJ401,12275.0,2.0,24530.0,0.0,1,12285.0,12295.0,8,12265.0,12275.0,12300.0,12215.0,1264.0,15502960.0,4512
2023-05-10 10:04:47,CJ2401,CJ401,12275.0,0.0,0.0,0.0,1,12290.0,12295.0,8,12265.0,12275.0,12300.0,12215.0,1264.0,15502960.0,4512
2023-05-10 10:04:48,CJ2401,CJ401,12295.0,1.0,12265.0,-1.0,2,12280.0,12295.0,7,12265.0,12275.0,12300.0,12215.0,1265.0,15515225.0,4511
2023-05-10 10:04:48,CJ2401,CJ401,12295.0,0.0,0.0,0.0,4,12285.0,12295.0,7,12265.0,12275.0,12300.0,12215.0,1265.0,15515225.0,4511
2023-05-10 10:05:14,CJ2401,CJ401,12295.0,0.0,0.0,0.0,5,12285.0,12295.0,7,12265.0,12275.0,12300.0,12215.0,1265.0,15515225.0,4511
2023-05-10 10:05:19,CJ2401,CJ401,12295.0,0.0,0.0,0.0,7,12285.0,12295.0,7,12265.0,12275.0,12300.0,12215.0,1265.0,15515225.0,4511
2023-05-10 10:05:21,CJ2401,CJ401,12295.0,0.0,0.0,0.0,6,12285.0,12295.0,7,12265.0,12275.0,12300.0,12215.0,1265.0,15515225.0,4511
2023-05-10 10:05:25,CJ2401,CJ401,12295.0,0.0,0.0,0.0,1,12290.0,12295.0,7,12265.0,12275.0,12300.0,12215.0,1265.0,15515225.0,4511
2023-05-10 10:05:47,CJ2401,CJ401,12295.0,0.0,0.0,0.0,6,12285.0,12295.0,7,12265.0,12275.0,12300.0,12215.0,1265.0,15515225.0,4511
2023-05-10 10:05:47,CJ2401,CJ401,12295.0,7.0,85855.0,1.0,2,12290.0,12300.0,48,12265.0,12275.0,12300.0,12215.0,1272.0,15601080.0,4512
2023-05-10 10:05:50,CJ2401,CJ401,12300.0,2.0,24530.0,2.0,2,12295.0,12300.0,46,12265.0,12275.0,12300.0,12215.0,1274.0,15625610.0,4514
2023-05-10 10:05:50,CJ2401,CJ401,12300.0,2.0,24530.0,0.0,1,12290.0,12300.0,44,12265.0,12275.0,12300.0,12215.0,1276.0,15650140.0,4514
2023-05-10 10:05:51,CJ2401,CJ401,12300.0,41.0,502865.0,32.0,2,12280.0,12300.0,3,12265.0,12275.0,12300.0,12215.0,1317.0,16153005.0,4546
2023-05-10 10:05:51,CJ2401,CJ401,12300.0,2.0,24530.0,2.0,4,12290.0,12300.0,1,12265.0,12275.0,12300.0,12215.0,1319.0,16177535.0,4548
2023-05-10 10:05:54,CJ2401,CJ401,12300.0,0.0,0.0,0.0,4,12295.0,12300.0,1,12265.0,12275.0,12300.0,12215.0,1319.0,16177535.0,4548
2023-05-10 10:05:56,CJ2401,CJ401,12300.0,0.0,0.0,0.0,4,12290.0,12300.0,1,12265.0,12275.0,12300.0,12215.0,1319.0,16177535.0,4548
2023-05-10 10:05:57,CJ2401,CJ401,12300.0,1.0,12265.0,0.0,4,12290.0,12315.0,13,12265.0,12275.0,12300.0,12215.0,1320.0,16189800.0,4548
2023-05-10 10:05:57,CJ2401,CJ401,12300.0,0.0,0.0,0.0,4,12295.0,12305.0,2,12265.0,12275.0,12300.0,12215.0,1320.0,16189800.0,4548
2023-05-10 10:06:09,CJ2401,CJ401,12305.0,2.0,24530.0,0.0,4,12295.0,12315.0,12,12265.0,12275.0,12305.0,12215.0,1322.0,16214330.0,4548
2023-05-10 10:06:10,CJ2401,CJ401,12305.0,0.0,0.0,0.0,4,12295.0,12310.0,6,12265.0,12275.0,12305.0,12215.0,1322.0,16214330.0,4548
2023-05-10 10:06:14,CJ2401,CJ401,12305.0,0.0,0.0,0.0,4,12295.0,12310.0,2,12265.0,12275.0,12305.0,12215.0,1322.0,16214330.0,4548
2023-05-10 10:06:24,CJ2401,CJ401,12310.0,2.0,24530.0,2.0,3,12310.0,12315.0,12,12265.0,12275.0,12310.0,12215.0,1324.0,16238860.0,4550
2023-05-10 10:06:24,CJ2401,CJ401,12310.0,3.0,36795.0,0.0,4,12295.0,12310.0,4,12265.0,12275.0,12310.0,12215.0,1327.0,16275655.0,4550
2023-05-10 10:06:27,CJ2401,CJ401,12310.0,0.0,0.0,0.0,4,12300.0,12315.0,12,12265.0,12275.0,12310.0,12215.0,1327.0,16275655.0,4550
2023-05-10 10:06:28,CJ2401,CJ401,12310.0,0.0,0.0,0.0,1,12305.0,12315.0,12,12265.0,12275.0,12310.0,12215.0,1327.0,16275655.0,4550
2023-05-10 10:06:35,CJ2401,CJ401,12305.0,1.0,12265.0,-1.0,2,12295.0,12315.0,12,12265.0,12275.0,12310.0,12215.0,1328.0,16287920.0,4549
2023-05-10 10:06:36,CJ2401,CJ401,12305.0,0.0,0.0,0.0,4,12300.0,12315.0,12,12265.0,12275.0,12310.0,12215.0,1328.0,16287920.0,4549
2023-05-10 10:06:36,CJ2401,CJ401,12305.0,0.0,0.0,0.0,6,12300.0,12315.0,12,12265.0,12275.0,12310.0,12215.0,1328.0,16287920.0,4549
2023-05-10 10:06:40,CJ2401,CJ401,12305.0,0.0,0.0,0.0,6,12305.0,12315.0,12,12265.0,12275.0,12310.0,12215.0,1328.0,16287920.0,4549
2023-05-10 10:06:41,CJ2401,CJ401,12305.0,0.0,0.0,0.0,5,12305.0,12315.0,12,12265.0,12275.0,12310.0,12215.0,1328.0,16287920.0,4549
2023-05-10 10:06:41,CJ2401,CJ401,12305.0,0.0,0.0,0.0,4,12305.0,12315.0,12,12265.0,12275.0,12310.0,12215.0,1328.0,16287920.0,4549
2023-05-10 10:06:43,CJ2401,CJ401,12305.0,0.0,0.0,0.0,6,12305.0,12315.0,12,12265.0,12275.0,12310.0,12215.0,1328.0,16287920.0,4549
2023-05-10 10:06:45,CJ2401,CJ401,12305.0,0.0,0.0,0.0,2,12310.0,12315.0,12,12265.0,12275.0,12310.0,12215.0,1328.0,16287920.0,4549
2023-05-10 10:06:49,CJ2401,CJ401,12310.0,1.0,12265.0,0.0,5,12305.0,12315.0,12,12265.0,12275.0,12310.0,12215.0,1329.0,16300185.0,4549
2023-05-10 10:06:49,CJ2401,CJ401,12310.0,1.0,12265.0,0.0,4,12305.0,12310.0,3,12265.0,12275.0,12310.0,12215.0,1330.0,16312450.0,4549
2023-05-10 10:06:50,CJ2401,CJ401,12310.0,0.0,0.0,0.0,5,12305.0,12310.0,3,12265.0,12275.0,12310.0,12215.0,1330.0,16312450.0,4549
2023-05-10 10:06:54,CJ2401,CJ401,12310.0,1.0,12265.0,-1.0,5,12305.0,12310.0,2,12265.0,12275.0,12310.0,12215.0,1331.0,16324715.0,4548
2023-05-10 10:06:54,CJ2401,CJ401,12310.0,0.0,0.0,0.0,1,12300.0,12310.0,2,12265.0,12275.0,12310.0,12215.0,1331.0,16324715.0,4548
2023-05-10 10:06:55,CJ2401,CJ401,12310.0,0.0,0.0,0.0,1,12305.0,12310.0,2,12265.0,12275.0,12310.0,12215.0,1331.0,16324715.0,4548
2023-05-10 10:06:56,CJ2401,CJ401,12310.0,2.0,24530.0,-1.0,1,12300.0,12315.0,12,12265.0,12275.0,12310.0,12215.0,1333.0,16349245.0,4547
2023-05-10 10:07:01,CJ2401,CJ401,12310.0,0.0,0.0,0.0,1,12295.0,12315.0,12,12265.0,12275.0,12310.0,12215.0,1333.0,16349245.0,4547
2023-05-10 10:07:01,CJ2401,CJ401,12310.0,0.0,0.0,0.0,4,12300.0,12310.0,4,12265.0,12275.0,12310.0,12215.0,1333.0,16349245.0,4547
2023-05-10 10:07:02,CJ2401,CJ401,12310.0,0.0,0.0,0.0,1,12295.0,12310.0,4,12265.0,12275.0,12310.0,12215.0,1333.0,16349245.0,4547
2023-05-10 10:07:03,CJ2401,CJ401,12310.0,0.0,0.0,0.0,10,12300.0,12310.0,4,12265.0,12275.0,12310.0,12215.0,1333.0,16349245.0,4547
2023-05-10 10:07:07,CJ2401,CJ401,12310.0,0.0,0.0,0.0,11,12295.0,12310.0,4,12265.0,12275.0,12310.0,12215.0,1333.0,16349245.0,4547
2023-05-10 10:07:08,CJ2401,CJ401,12310.0,0.0,0.0,0.0,11,12295.0,12310.0,5,12265.0,12275.0,12310.0,12215.0,1333.0,16349245.0,4547
2023-05-10 10:07:10,CJ2401,CJ401,12310.0,0.0,0.0,0.0,11,12295.0,12310.0,9,12265.0,12275.0,12310.0,12215.0,1333.0,16349245.0,4547
2023-05-10 10:07:19,CJ2401,CJ401,12310.0,0.0,0.0,0.0,10,12295.0,12310.0,9,12265.0,12275.0,12310.0,12215.0,1333.0,16349245.0,4547
2023-05-10 10:07:19,CJ2401,CJ401,12310.0,0.0,0.0,0.0,11,12295.0,12310.0,9,12265.0,12275.0,12310.0,12215.0,1333.0,16349245.0,4547
2023-05-10 10:07:22,CJ2401,CJ401,12310.0,0.0,0.0,0.0,10,12295.0,12305.0,1,12265.0,12275.0,12310.0,12215.0,1333.0,16349245.0,4547
2023-05-10 10:07:25,CJ2401,CJ401,12310.0,0.0,0.0,0.0,11,12295.0,12310.0,9,12265.0,12275.0,12310.0,12215.0,1333.0,16349245.0,4547
2023-05-10 10:07:29,CJ2401,CJ401,12310.0,0.0,0.0,0.0,11,12295.0,12310.0,69,12265.0,12275.0,12310.0,12215.0,1333.0,16349245.0,4547
2023-05-10 10:07:31,CJ2401,CJ401,12310.0,0.0,0.0,0.0,11,12295.0,12305.0,2,12265.0,12275.0,12310.0,12215.0,1333.0,16349245.0,4547
2023-05-10 10:07:33,CJ2401,CJ401,12305.0,2.0,24530.0,2.0,23,12305.0,12310.0,65,12265.0,12275.0,12310.0,12215.0,1335.0,16373775.0,4549
2023-05-10 10:07:33,CJ2401,CJ401,12305.0,23.0,282095.0,13.0,11,12295.0,12310.0,65,12265.0,12275.0,12310.0,12215.0,1358.0,16655870.0,4562
2023-05-10 10:07:35,CJ2401,CJ401,12305.0,0.0,0.0,0.0,10,12295.0,12310.0,65,12265.0,12275.0,12310.0,12215.0,1358.0,16655870.0,4562
2023-05-10 10:07:36,CJ2401,CJ401,12305.0,0.0,0.0,0.0,10,12295.0,12305.0,1,12265.0,12275.0,12310.0,12215.0,1358.0,16655870.0,4562
2023-05-10 10:07:37,CJ2401,CJ401,12305.0,0.0,0.0,0.0,11,12295.0,12310.0,65,12265.0,12275.0,12310.0,12215.0,1358.0,16655870.0,4562
2023-05-10 10:07:38,CJ2401,CJ401,12305.0,0.0,0.0,0.0,10,12295.0,12305.0,1,12265.0,12275.0,12310.0,12215.0,1358.0,16655870.0,4562
2023-05-10 10:07:42,CJ2401,CJ401,12305.0,0.0,0.0,0.0,10,12295.0,12305.0,3,12265.0,12275.0,12310.0,12215.0,1358.0,16655870.0,4562
2023-05-10 10:07:42,CJ2401,CJ401,12295.0,10.0,122650.0,0.0,2,12290.0,12295.0,2,12265.0,12275.0,12310.0,12215.0,1368.0,16778520.0,4562
2023-05-10 10:07:45,CJ2401,CJ401,12295.0,4.0,49060.0,2.0,1,12285.0,12300.0,1,12265.0,12275.0,12310.0,12215.0,1372.0,16827580.0,4564
2023-05-10 10:07:48,CJ2401,CJ401,12295.0,0.0,0.0,0.0,1,12280.0,12295.0,1,12265.0,12275.0,12310.0,12215.0,1372.0,16827580.0,4564
2023-05-10 10:07:49,CJ2401,CJ401,12295.0,0.0,0.0,0.0,1,12290.0,12300.0,1,12265.0,12275.0,12310.0,12215.0,1372.0,16827580.0,4564
2023-05-10 10:07:54,CJ2401,CJ401,12295.0,0.0,0.0,0.0,2,12290.0,12305.0,3,12265.0,12275.0,12310.0,12215.0,1372.0,16827580.0,4564
2023-05-10 10:07:55,CJ2401,CJ401,12295.0,0.0,0.0,0.0,1,12290.0,12305.0,3,12265.0,12275.0,12310.0,12215.0,1372.0,16827580.0,4564
2023-05-10 10:07:57,CJ2401,CJ401,12295.0,0.0,0.0,0.0,2,12290.0,12305.0,3,12265.0,12275.0,12310.0,12215.0,1372.0,16827580.0,4564
2023-05-10 10:08:02,CJ2401,CJ401,12305.0,2.0,24530.0,1.0,2,12290.0,12305.0,1,12265.0,12275.0,12310.0,12215.0,1374.0,16852110.0,4565
2023-05-10 10:08:02,CJ2401,CJ401,12305.0,0.0,0.0,0.0,1,12295.0,12305.0,1,12265.0,12275.0,12310.0,12215.0,1374.0,16852110.0,4565
2023-05-10 10:08:05,CJ2401,CJ401,12305.0,0.0,0.0,0.0,2,12290.0,12305.0,1,12265.0,12275.0,12310.0,12215.0,1374.0,16852110.0,4565
2023-05-10 10:08:06,CJ2401,CJ401,12305.0,0.0,0.0,0.0,1,12295.0,12305.0,1,12265.0,12275.0,12310.0,12215.0,1374.0,16852110.0,4565
2023-05-10 10:08:06,CJ2401,CJ401,12305.0,0.0,0.0,0.0,1,12290.0,12305.0,1,12265.0,12275.0,12310.0,12215.0,1374.0,16852110.0,4565
2023-05-10 10:08:08,CJ2401,CJ401,12305.0,0.0,0.0,0.0,1,12290.0,12305.0,5,12265.0,12275.0,12310.0,12215.0,1374.0,16852110.0,4565
2023-05-10 10:08:09,CJ2401,CJ401,12300.0,2.0,24530.0,0.0,2,12290.0,12305.0,5,12265.0,12275.0,12310.0,12215.0,1376.0,16876640.0,4565
2023-05-10 10:08:11,CJ2401,CJ401,12300.0,0.0,0.0,0.0,2,12290.0,12305.0,7,12265.0,12275.0,12310.0,12215.0,1376.0,16876640.0,4565
2023-05-10 10:08:12,CJ2401,CJ401,12300.0,0.0,0.0,0.0,2,12290.0,12300.0,2,12265.0,12275.0,12310.0,12215.0,1376.0,16876640.0,4565
2023-05-10 10:08:16,CJ2401,CJ401,12300.0,0.0,0.0,0.0,1,12290.0,12300.0,2,12265.0,12275.0,12310.0,12215.0,1376.0,16876640.0,4565
2023-05-10 10:08:22,CJ2401,CJ401,12300.0,0.0,0.0,0.0,1,12290.0,12305.0,7,12265.0,12275.0,12310.0,12215.0,1376.0,16876640.0,4565
2023-05-10 10:08:23,CJ2401,CJ401,12300.0,0.0,0.0,0.0,1,12290.0,12300.0,6,12265.0,12275.0,12310.0,12215.0,1376.0,16876640.0,4565
2023-05-10 10:08:31,CJ2401,CJ401,12300.0,0.0,0.0,0.0,1,12290.0,12295.0,2,12265.0,12275.0,12310.0,12215.0,1376.0,16876640.0,4565
2023-05-10 10:08:44,CJ2401,CJ401,12300.0,0.0,0.0,0.0,11,12290.0,12295.0,2,12265.0,12275.0,12310.0,12215.0,1376.0,16876640.0,4565
2023-05-10 10:08:45,CJ2401,CJ401,12295.0,1.0,12265.0,-1.0,11,12290.0,12295.0,1,12265.0,12275.0,12310.0,12215.0,1377.0,16888905.0,4564
2023-05-10 10:08:48,CJ2401,CJ401,12295.0,1.0,12265.0,-1.0,1,12295.0,12305.0,7,12265.0,12275.0,12310.0,12215.0,1378.0,16901170.0,4563
2023-05-10 10:08:49,CJ2401,CJ401,12295.0,0.0,0.0,0.0,2,12295.0,12305.0,7,12265.0,12275.0,12310.0,12215.0,1378.0,16901170.0,4563
2023-05-10 10:08:49,CJ2401,CJ401,12295.0,0.0,0.0,0.0,10,12295.0,12305.0,7,12265.0,12275.0,12310.0,12215.0,1378.0,16901170.0,4563
2023-05-10 10:08:51,CJ2401,CJ401,12295.0,0.0,0.0,0.0,2,12300.0,12305.0,7,12265.0,12275.0,12310.0,12215.0,1378.0,16901170.0,4563
2023-05-10 10:08:52,CJ2401,CJ401,12295.0,0.0,0.0,0.0,8,12300.0,12305.0,7,12265.0,12275.0,12310.0,12215.0,1378.0,16901170.0,4563
2023-05-10 10:08:52,CJ2401,CJ401,12295.0,0.0,0.0,0.0,10,12300.0,12305.0,7,12265.0,12275.0,12310.0,12215.0,1378.0,16901170.0,4563
2023-05-10 10:08:53,CJ2401,CJ401,12305.0,4.0,49060.0,0.0,11,12300.0,12305.0,3,12265.0,12275.0,12310.0,12215.0,1382.0,16950230.0,4563
2023-05-10 10:08:57,CJ2401,CJ401,12305.0,0.0,0.0,0.0,1,12300.0,12305.0,3,12265.0,12275.0,12310.0,12215.0,1382.0,16950230.0,4563
2023-05-10 10:09:00,CJ2401,CJ401,12305.0,0.0,0.0,0.0,3,12300.0,12305.0,3,12265.0,12275.0,12310.0,12215.0,1382.0,16950230.0,4563
2023-05-10 10:09:02,CJ2401,CJ401,12305.0,0.0,0.0,0.0,11,12300.0,12305.0,3,12265.0,12275.0,12310.0,12215.0,1382.0,16950230.0,4563
2023-05-10 10:09:03,CJ2401,CJ401,12305.0,0.0,0.0,0.0,5,12300.0,12305.0,3,12265.0,12275.0,12310.0,12215.0,1382.0,16950230.0,4563
2023-05-10 10:09:04,CJ2401,CJ401,12305.0,0.0,0.0,0.0,4,12300.0,12305.0,3,12265.0,12275.0,12310.0,12215.0,1382.0,16950230.0,4563
2023-05-10 10:09:04,CJ2401,CJ401,12305.0,0.0,0.0,0.0,1,12300.0,12305.0,3,12265.0,12275.0,12310.0,12215.0,1382.0,16950230.0,4563
2023-05-10 10:09:05,CJ2401,CJ401,12305.0,0.0,0.0,0.0,2,12300.0,12305.0,3,12265.0,12275.0,12310.0,12215.0,1382.0,16950230.0,4563
2023-05-10 10:09:06,CJ2401,CJ401,12300.0,2.0,24530.0,-1.0,9,12295.0,12305.0,3,12265.0,12275.0,12310.0,12215.0,1384.0,16974760.0,4562
2023-05-10 10:09:09,CJ2401,CJ401,12300.0,0.0,0.0,0.0,7,12295.0,12305.0,3,12265.0,12275.0,12310.0,12215.0,1384.0,16974760.0,4562
2023-05-10 10:09:10,CJ2401,CJ401,12300.0,0.0,0.0,0.0,9,12295.0,12305.0,3,12265.0,12275.0,12310.0,12215.0,1384.0,16974760.0,4562
2023-05-10 10:09:10,CJ2401,CJ401,12300.0,0.0,0.0,0.0,7,12295.0,12305.0,3,12265.0,12275.0,12310.0,12215.0,1384.0,16974760.0,4562
2023-05-10 10:09:11,CJ2401,CJ401,12300.0,0.0,0.0,0.0,5,12295.0,12305.0,3,12265.0,12275.0,12310.0,12215.0,1384.0,16974760.0,4562
2023-05-10 10:09:11,CJ2401,CJ401,12300.0,0.0,0.0,0.0,1,12295.0,12305.0,3,12265.0,12275.0,12310.0,12215.0,1384.0,16974760.0,4562
2023-05-10 10:09:12,CJ2401,CJ401,12300.0,0.0,0.0,0.0,9,12295.0,12305.0,3,12265.0,12275.0,12310.0,12215.0,1384.0,16974760.0,4562
2023-05-10 10:09:13,CJ2401,CJ401,12300.0,0.0,0.0,0.0,9,12295.0,12305.0,5,12265.0,12275.0,12310.0,12215.0,1384.0,16974760.0,4562
2023-05-10 10:09:22,CJ2401,CJ401,12300.0,4.0,49060.0,0.0,9,12295.0,12305.0,5,12265.0,12275.0,12310.0,12215.0,1388.0,17023820.0,4562
2023-05-10 10:09:29,CJ2401,CJ401,12300.0,0.0,0.0,0.0,8,12295.0,12305.0,5,12265.0,12275.0,12310.0,12215.0,1388.0,17023820.0,4562
2023-05-10 10:09:30,CJ2401,CJ401,12300.0,0.0,0.0,0.0,6,12295.0,12305.0,5,12265.0,12275.0,12310.0,12215.0,1388.0,17023820.0,4562
2023-05-10 10:09:30,CJ2401,CJ401,12300.0,0.0,0.0,0.0,4,12295.0,12305.0,5,12265.0,12275.0,12310.0,12215.0,1388.0,17023820.0,4562
2023-05-10 10:09:31,CJ2401,CJ401,12300.0,0.0,0.0,0.0,10,12290.0,12305.0,5,12265.0,12275.0,12310.0,12215.0,1388.0,17023820.0,4562
2023-05-10 10:09:31,CJ2401,CJ401,12300.0,0.0,0.0,0.0,1,12295.0,12305.0,5,12265.0,12275.0,12310.0,12215.0,1388.0,17023820.0,4562
2023-05-10 10:09:32,CJ2401,CJ401,12300.0,0.0,0.0,0.0,9,12295.0,12305.0,5,12265.0,12275.0,12310.0,12215.0,1388.0,17023820.0,4562
2023-05-10 10:09:32,CJ2401,CJ401,12300.0,0.0,0.0,0.0,4,12295.0,12305.0,5,12265.0,12275.0,12310.0,12215.0,1388.0,17023820.0,4562
2023-05-10 10:09:35,CJ2401,CJ401,12300.0,0.0,0.0,0.0,10,12290.0,12305.0,5,12265.0,12275.0,12310.0,12215.0,1388.0,17023820.0,4562
2023-05-10 10:09:38,CJ2401,CJ401,12300.0,0.0,0.0,0.0,3,12295.0,12305.0,5,12265.0,12275.0,12310.0,12215.0,1388.0,17023820.0,4562
2023-05-10 10:09:40,CJ2401,CJ401,12295.0,2.0,24530.0,0.0,1,12295.0,12305.0,5,12265.0,12275.0,12310.0,12215.0,1390.0,17048350.0,4562
2023-05-10 10:09:47,CJ2401,CJ401,12295.0,0.0,0.0,0.0,10,12295.0,12305.0,5,12265.0,12275.0,12310.0,12215.0,1390.0,17048350.0,4562
2023-05-10 10:09:48,CJ2401,CJ401,12295.0,0.0,0.0,0.0,10,12295.0,12305.0,3,12265.0,12275.0,12310.0,12215.0,1390.0,17048350.0,4562
2023-05-10 10:10:00,CJ2401,CJ401,12295.0,0.0,0.0,0.0,6,12295.0,12305.0,3,12265.0,12275.0,12310.0,12215.0,1390.0,17048350.0,4562
2023-05-10 10:10:00,CJ2401,CJ401,12295.0,0.0,0.0,0.0,5,12295.0,12305.0,3,12265.0,12275.0,12310.0,12215.0,1390.0,17048350.0,4562
2023-05-10 10:10:01,CJ2401,CJ401,12295.0,0.0,0.0,0.0,9,12295.0,12305.0,3,12265.0,12275.0,12310.0,12215.0,1390.0,17048350.0,4562
2023-05-10 10:10:07,CJ2401,CJ401,12295.0,0.0,0.0,0.0,7,12295.0,12305.0,3,12265.0,12275.0,12310.0,12215.0,1390.0,17048350.0,4562
2023-05-10 10:10:10,CJ2401,CJ401,12295.0,2.0,24530.0,2.0,9,12290.0,12305.0,3,12265.0,12275.0,12310.0,12215.0,1392.0,17072880.0,4564
2023-05-10 10:10:11,CJ2401,CJ401,12295.0,0.0,0.0,0.0,2,12295.0,12305.0,3,12265.0,12275.0,12310.0,12215.0,1392.0,17072880.0,4564
2023-05-10 10:10:11,CJ2401,CJ401,12295.0,0.0,0.0,0.0,6,12295.0,12305.0,3,12265.0,12275.0,12310.0,12215.0,1392.0,17072880.0,4564
2023-05-10 10:10:12,CJ2401,CJ401,12295.0,0.0,0.0,0.0,7,12295.0,12305.0,3,12265.0,12275.0,12310.0,12215.0,1392.0,17072880.0,4564
2023-05-10 10:10:13,CJ2401,CJ401,12295.0,0.0,0.0,0.0,5,12295.0,12305.0,3,12265.0,12275.0,12310.0,12215.0,1392.0,17072880.0,4564
2023-05-10 10:10:14,CJ2401,CJ401,12295.0,0.0,0.0,0.0,7,12295.0,12305.0,3,12265.0,12275.0,12310.0,12215.0,1392.0,17072880.0,4564
2023-05-10 10:10:16,CJ2401,CJ401,12295.0,0.0,0.0,0.0,2,12300.0,12305.0,3,12265.0,12275.0,12310.0,12215.0,1392.0,17072880.0,4564
2023-05-10 10:10:17,CJ2401,CJ401,12300.0,2.0,24530.0,0.0,5,12295.0,12305.0,3,12265.0,12275.0,12310.0,12215.0,1394.0,17097410.0,4564
2023-05-10 10:10:18,CJ2401,CJ401,12300.0,0.0,0.0,0.0,8,12295.0,12305.0,3,12265.0,12275.0,12310.0,12215.0,1394.0,17097410.0,4564
2023-05-10 10:10:22,CJ2401,CJ401,12300.0,0.0,0.0,0.0,8,12295.0,12305.0,5,12265.0,12275.0,12310.0,12215.0,1394.0,17097410.0,4564
2023-05-10 10:10:39,CJ2401,CJ401,12305.0,2.0,24530.0,2.0,8,12295.0,12305.0,3,12265.0,12275.0,12310.0,12215.0,1396.0,17121940.0,4566
2023-05-10 10:10:48,CJ2401,CJ401,12305.0,0.0,0.0,0.0,5,12295.0,12305.0,3,12265.0,12275.0,12310.0,12215.0,1396.0,17121940.0,4566
2023-05-10 10:10:48,CJ2401,CJ401,12305.0,0.0,0.0,0.0,3,12295.0,12305.0,3,12265.0,12275.0,12310.0,12215.0,1396.0,17121940.0,4566
2023-05-10 10:10:49,CJ2401,CJ401,12305.0,0.0,0.0,0.0,2,12295.0,12305.0,3,12265.0,12275.0,12310.0,12215.0,1396.0,17121940.0,4566
2023-05-10 10:10:50,CJ2401,CJ401,12305.0,0.0,0.0,0.0,9,12290.0,12305.0,3,12265.0,12275.0,12310.0,12215.0,1396.0,17121940.0,4566
2023-05-10 10:10:51,CJ2401,CJ401,12305.0,0.0,0.0,0.0,8,12295.0,12305.0,3,12265.0,12275.0,12310.0,12215.0,1396.0,17121940.0,4566
2023-05-10 10:10:56,CJ2401,CJ401,12305.0,0.0,0.0,0.0,9,12290.0,12305.0,3,12265.0,12275.0,12310.0,12215.0,1396.0,17121940.0,4566
2023-05-10 10:11:03,CJ2401,CJ401,12305.0,0.0,0.0,0.0,9,12290.0,12305.0,4,12265.0,12275.0,12310.0,12215.0,1396.0,17121940.0,4566
2023-05-10 10:11:04,CJ2401,CJ401,12305.0,0.0,0.0,0.0,9,12290.0,12305.0,6,12265.0,12275.0,12310.0,12215.0,1396.0,17121940.0,4566
