time,symbol_id,symbol_name,last,trade_volume,trade_amount,open_interest_change,bv1,bp1,ap1,av1,yesterday_close,today_open,today_high,today_low,volume,amount,open_interest
2023-05-09 20:59:00,cu2402,cu2402,66590.0,0.0,0.0,0.0,1,66520.0,67050.0,1,66590.0,66750.0,0.0,0.0,0.0,0.0,1692
2023-05-09 21:00:01,cu2402,cu2402,66590.0,0.0,0.0,0.0,1,66520.0,67050.0,1,66590.0,66750.0,0.0,0.0,0.0,0.0,1692
2023-05-09 21:00:01,cu2402,cu2402,66590.0,0.0,0.0,0.0,6,66530.0,66950.0,1,66590.0,66750.0,0.0,0.0,0.0,0.0,1692
2023-05-09 21:00:02,cu2402,cu2402,66590.0,0.0,0.0,0.0,6,66530.0,66950.0,1,66590.0,66750.0,0.0,0.0,0.0,0.0,1692
2023-05-09 21:00:02,cu2402,cu2402,66590.0,0.0,0.0,0.0,2,66540.0,66950.0,1,66590.0,66750.0,0.0,0.0,0.0,0.0,1692
2023-05-09 21:00:03,cu2402,cu2402,66590.0,0.0,0.0,0.0,1,66610.0,66950.0,1,66590.0,66750.0,0.0,0.0,0.0,0.0,1692
2023-05-09 21:00:03,cu2402,cu2402,66590.0,0.0,0.0,0.0,1,66620.0,66940.0,1,66590.0,66750.0,0.0,0.0,0.0,0.0,1692
2023-05-09 21:00:04,cu2402,cu2402,66590.0,0.0,0.0,0.0,2,66630.0,66880.0,1,66590.0,66750.0,0.0,0.0,0.0,0.0,1692
2023-05-09 21:00:04,cu2402,cu2402,66590.0,0.0,0.0,0.0,2,66630.0,66880.0,1,66590.0,66750.0,0.0,0.0,0.0,0.0,1692
2023-05-09 21:00:05,cu2402,cu2402,66590.0,0.0,0.0,0.0,1,66640.0,66880.0,1,66590.0,66750.0,0.0,0.0,0.0,0.0,1692
2023-05-09 21:00:06,cu2402,cu2402,66590.0,0.0,0.0,0.0,5,66550.0,66880.0,1,66590.0,66750.0,0.0,0.0,0.0,0.0,1692
2023-05-09 21:00:06,cu2402,cu2402,66590.0,0.0,0.0,0.0,6,66560.0,66880.0,1,66590.0,66750.0,0.0,0.0,0.0,0.0,1692
2023-05-09 21:00:07,cu2402,cu2402,66590.0,0.0,0.0,0.0,4,66570.0,66870.0,2,66590.0,66750.0,0.0,0.0,0.0,0.0,1692
2023-05-09 21:00:07,cu2402,cu2402,66590.0,0.0,0.0,0.0,1,66620.0,66820.0,1,66590.0,66750.0,0.0,0.0,0.0,0.0,1692
2023-05-09 21:00:08,cu2402,cu2402,66590.0,0.0,0.0,0.0,2,66630.0,66820.0,1,66590.0,66750.0,0.0,0.0,0.0,0.0,1692
2023-05-09 21:00:08,cu2402,cu2402,66590.0,0.0,0.0,0.0,4,66630.0,66810.0,2,66590.0,66750.0,0.0,0.0,0.0,0.0,1692
2023-05-09 21:00:09,cu2402,cu2402,66590.0,0.0,0.0,0.0,4,66630.0,66810.0,2,66590.0,66750.0,0.0,0.0,0.0,0.0,1692
2023-05-09 21:00:11,cu2402,cu2402,66590.0,0.0,0.0,0.0,5,66630.0,66800.0,2,66590.0,66750.0,0.0,0.0,0.0,0.0,1692
2023-05-09 21:00:11,cu2402,cu2402,66590.0,0.0,0.0,0.0,5,66630.0,66790.0,1,66590.0,66750.0,0.0,0.0,0.0,0.0,1692
2023-05-09 21:00:12,cu2402,cu2402,66590.0,0.0,0.0,0.0,5,66630.0,66790.0,1,66590.0,66750.0,0.0,0.0,0.0,0.0,1692
2023-05-09 21:00:12,cu2402,cu2402,66590.0,0.0,0.0,0.0,5,66630.0,66780.0,1,66590.0,66750.0,0.0,0.0,0.0,0.0,1692
2023-05-09 21:00:13,cu2402,cu2402,66590.0,0.0,0.0,0.0,7,66630.0,66770.0,1,66590.0,66750.0,0.0,0.0,0.0,0.0,1692
2023-05-09 21:00:13,cu2402,cu2402,66590.0,0.0,0.0,0.0,5,66630.0,66770.0,1,66590.0,66750.0,0.0,0.0,0.0,0.0,1692
2023-05-09 21:00:14,cu2402,cu2402,66590.0,0.0,0.0,0.0,5,66630.0,66770.0,1,66590.0,66750.0,0.0,0.0,0.0,0.0,1692
2023-05-09 21:00:16,cu2402,cu2402,66590.0,0.0,0.0,0.0,9,66630.0,66820.0,1,66590.0,66750.0,0.0,0.0,0.0,0.0,1692
2023-05-09 21:00:16,cu2402,cu2402,66590.0,0.0,0.0,0.0,9,66630.0,66810.0,1,66590.0,66750.0,0.0,0.0,0.0,0.0,1692
2023-05-09 21:00:17,cu2402,cu2402,66590.0,0.0,0.0,0.0,2,66640.0,66810.0,2,66590.0,66750.0,0.0,0.0,0.0,0.0,1692
2023-05-09 21:00:17,cu2402,cu2402,66590.0,0.0,0.0,0.0,3,66650.0,66810.0,2,66590.0,66750.0,0.0,0.0,0.0,0.0,1692
2023-05-09 21:00:18,cu2402,cu2402,66590.0,0.0,0.0,0.0,3,66650.0,66810.0,4,66590.0,66750.0,0.0,0.0,0.0,0.0,1692
2023-05-09 21:00:19,cu2402,cu2402,66590.0,0.0,0.0,0.0,1,66650.0,66810.0,5,66590.0,66750.0,0.0,0.0,0.0,0.0,1692
2023-05-09 21:00:20,cu2402,cu2402,66590.0,0.0,0.0,0.0,1,66650.0,66810.0,5,66590.0,66750.0,0.0,0.0,0.0,0.0,1692
2023-05-09 21:00:22,cu2402,cu2402,66590.0,0.0,0.0,0.0,3,66650.0,66810.0,5,66590.0,66750.0,0.0,0.0,0.0,0.0,1692
2023-05-09 21:00:23,cu2402,cu2402,66590.0,0.0,0.0,0.0,1,66650.0,66810.0,5,66590.0,66750.0,0.0,0.0,0.0,0.0,1692
2023-05-09 21:00:27,cu2402,cu2402,66590.0,0.0,0.0,0.0,1,66650.0,66810.0,5,66590.0,66750.0,0.0,0.0,0.0,0.0,1692
2023-05-09 21:00:28,cu2402,cu2402,66590.0,0.0,0.0,0.0,1,66650.0,66810.0,4,66590.0,66750.0,0.0,0.0,0.0,0.0,1692
2023-05-09 21:00:28,cu2402,cu2402,66590.0,0.0,0.0,0.0,1,66650.0,66810.0,5,66590.0,66750.0,0.0,0.0,0.0,0.0,1692
2023-05-09 21:00:29,cu2402,cu2402,66590.0,0.0,0.0,0.0,2,66650.0,66810.0,4,66590.0,66750.0,0.0,0.0,0.0,0.0,1692
2023-05-09 21:00:33,cu2402,cu2402,66590.0,0.0,0.0,0.0,1,66660.0,66810.0,4,66590.0,66750.0,0.0,0.0,0.0,0.0,1692
2023-05-09 21:00:33,cu2402,cu2402,66590.0,0.0,0.0,0.0,1,66670.0,66810.0,4,66590.0,66750.0,0.0,0.0,0.0,0.0,1692
2023-05-09 21:00:34,cu2402,cu2402,66590.0,0.0,0.0,0.0,5,66550.0,66810.0,4,66590.0,66750.0,0.0,0.0,0.0,0.0,1692
2023-05-09 21:00:34,cu2402,cu2402,66590.0,0.0,0.0,0.0,1,66650.0,66810.0,4,66590.0,66750.0,0.0,0.0,0.0,0.0,1692
2023-05-09 21:00:35,cu2402,cu2402,66590.0,0.0,0.0,0.0,2,66660.0,66810.0,4,66590.0,66750.0,0.0,0.0,0.0,0.0,1692
2023-05-09 21:00:35,cu2402,cu2402,66590.0,0.0,0.0,0.0,2,66660.0,66810.0,4,66590.0,66750.0,0.0,0.0,0.0,0.0,1692
2023-05-09 21:00:36,cu2402,cu2402,66590.0,0.0,0.0,0.0,4,66670.0,66810.0,4,66590.0,66750.0,0.0,0.0,0.0,0.0,1692
2023-05-09 21:00:36,cu2402,cu2402,66590.0,0.0,0.0,0.0,4,66670.0,66810.0,4,66590.0,66750.0,0.0,0.0,0.0,0.0,1692
2023-05-09 21:00:37,cu2402,cu2402,66590.0,0.0,0.0,0.0,4,66670.0,66810.0,4,66590.0,66750.0,0.0,0.0,0.0,0.0,1692
2023-05-09 21:00:37,cu2402,cu2402,66590.0,0.0,0.0,0.0,4,66670.0,66810.0,4,66590.0,66750.0,0.0,0.0,0.0,0.0,1692
2023-05-09 21:00:39,cu2402,cu2402,66590.0,0.0,0.0,0.0,4,66670.0,66810.0,5,66590.0,66750.0,0.0,0.0,0.0,0.0,1692
2023-05-09 21:00:40,cu2402,cu2402,66590.0,0.0,0.0,0.0,4,66670.0,66790.0,1,66590.0,66750.0,0.0,0.0,0.0,0.0,1692
2023-05-09 21:00:40,cu2402,cu2402,66590.0,0.0,0.0,0.0,4,66670.0,66780.0,1,66590.0,66750.0,0.0,0.0,0.0,0.0,1692
2023-05-09 21:00:43,cu2402,cu2402,66590.0,0.0,0.0,0.0,4,66670.0,66790.0,1,66590.0,66750.0,0.0,0.0,0.0,0.0,1692
2023-05-09 21:00:44,cu2402,cu2402,66590.0,0.0,0.0,0.0,4,66670.0,66780.0,1,66590.0,66750.0,0.0,0.0,0.0,0.0,1692
2023-05-09 21:00:45,cu2402,cu2402,66590.0,0.0,0.0,0.0,4,66670.0,66780.0,1,66590.0,66750.0,0.0,0.0,0.0,0.0,1692
2023-05-09 21:00:46,cu2402,cu2402,66590.0,0.0,0.0,0.0,4,66670.0,66770.0,1,66590.0,66750.0,0.0,0.0,0.0,0.0,1692
2023-05-09 21:00:46,cu2402,cu2402,66590.0,0.0,0.0,0.0,4,66670.0,66780.0,2,66590.0,66750.0,0.0,0.0,0.0,0.0,1692
2023-05-09 21:00:47,cu2402,cu2402,66590.0,0.0,0.0,0.0,4,66670.0,66770.0,1,66590.0,66750.0,0.0,0.0,0.0,0.0,1692
2023-05-09 21:00:48,cu2402,cu2402,66590.0,0.0,0.0,0.0,4,66670.0,66770.0,1,66590.0,66750.0,0.0,0.0,0.0,0.0,1692
2023-05-09 21:00:49,cu2402,cu2402,66590.0,0.0,0.0,0.0,4,66670.0,66770.0,1,66590.0,66750.0,0.0,0.0,0.0,0.0,1692
2023-05-09 21:00:49,cu2402,cu2402,66590.0,0.0,0.0,0.0,4,66670.0,66770.0,1,66590.0,66750.0,0.0,0.0,0.0,0.0,1692
2023-05-09 21:00:50,cu2402,cu2402,66590.0,0.0,0.0,0.0,4,66670.0,66770.0,1,66590.0,66750.0,0.0,0.0,0.0,0.0,1692
2023-05-09 21:00:50,cu2402,cu2402,66590.0,0.0,0.0,0.0,4,66670.0,66770.0,1,66590.0,66750.0,0.0,0.0,0.0,0.0,1692
2023-05-09 21:00:51,cu2402,cu2402,66590.0,0.0,0.0,0.0,4,66670.0,66760.0,1,66590.0,66750.0,0.0,0.0,0.0,0.0,1692
2023-05-09 21:00:52,cu2402,cu2402,66590.0,0.0,0.0,0.0,4,66670.0,66760.0,1,66590.0,66750.0,0.0,0.0,0.0,0.0,1692
2023-05-09 21:00:52,cu2402,cu2402,66590.0,0.0,0.0,0.0,5,66550.0,66760.0,2,66590.0,66750.0,0.0,0.0,0.0,0.0,1692
2023-05-09 21:00:53,cu2402,cu2402,66590.0,0.0,0.0,0.0,1,66620.0,66760.0,2,66590.0,66750.0,0.0,0.0,0.0,0.0,1692
2023-05-09 21:00:53,cu2402,cu2402,66590.0,0.0,0.0,0.0,1,66630.0,66760.0,2,66590.0,66750.0,0.0,0.0,0.0,0.0,1692
2023-05-09 21:00:54,cu2402,cu2402,66590.0,0.0,0.0,0.0,2,66630.0,66760.0,2,66590.0,66750.0,0.0,0.0,0.0,0.0,1692
2023-05-09 21:00:54,cu2402,cu2402,66590.0,0.0,0.0,0.0,4,66640.0,66760.0,1,66590.0,66750.0,0.0,0.0,0.0,0.0,1692
2023-05-09 21:00:55,cu2402,cu2402,66590.0,0.0,0.0,0.0,4,66640.0,66760.0,1,66590.0,66750.0,0.0,0.0,0.0,0.0,1692
2023-05-09 21:00:55,cu2402,cu2402,66590.0,0.0,0.0,0.0,4,66640.0,66760.0,3,66590.0,66750.0,0.0,0.0,0.0,0.0,1692
2023-05-09 21:00:58,cu2402,cu2402,66590.0,0.0,0.0,0.0,4,66640.0,66760.0,3,66590.0,66750.0,0.0,0.0,0.0,0.0,1692
2023-05-09 21:00:58,cu2402,cu2402,66590.0,0.0,0.0,0.0,4,66640.0,66760.0,3,66590.0,66750.0,0.0,0.0,0.0,0.0,1692
2023-05-09 21:00:59,cu2402,cu2402,66590.0,0.0,0.0,0.0,4,66640.0,66750.0,1,66590.0,66750.0,0.0,0.0,0.0,0.0,1692
2023-05-09 21:01:00,cu2402,cu2402,66590.0,0.0,0.0,0.0,4,66640.0,66750.0,1,66590.0,66750.0,0.0,0.0,0.0,0.0,1692
2023-05-09 21:01:00,cu2402,cu2402,66590.0,0.0,0.0,0.0,1,66650.0,66740.0,1,66590.0,66750.0,0.0,0.0,0.0,0.0,1692
2023-05-09 21:01:01,cu2402,cu2402,66590.0,0.0,0.0,0.0,1,66650.0,66740.0,1,66590.0,66750.0,0.0,0.0,0.0,0.0,1692
2023-05-09 21:01:02,cu2402,cu2402,66590.0,0.0,0.0,0.0,1,66650.0,66790.0,1,66590.0,66750.0,0.0,0.0,0.0,0.0,1692
2023-05-09 21:01:03,cu2402,cu2402,66590.0,0.0,0.0,0.0,1,66650.0,66780.0,5,66590.0,66750.0,0.0,0.0,0.0,0.0,1692
2023-05-09 21:01:03,cu2402,cu2402,66590.0,0.0,0.0,0.0,1,66650.0,66760.0,2,66590.0,66750.0,0.0,0.0,0.0,0.0,1692
2023-05-09 21:01:04,cu2402,cu2402,66590.0,0.0,0.0,0.0,1,66650.0,66750.0,2,66590.0,66750.0,0.0,0.0,0.0,0.0,1692
2023-05-09 21:01:04,cu2402,cu2402,66590.0,0.0,0.0,0.0,1,66650.0,66750.0,2,66590.0,66750.0,0.0,0.0,0.0,0.0,1692
2023-05-09 21:01:05,cu2402,cu2402,66590.0,0.0,0.0,0.0,1,66650.0,66750.0,2,66590.0,66750.0,0.0,0.0,0.0,0.0,1692
2023-05-09 21:01:06,cu2402,cu2402,66590.0,0.0,0.0,0.0,1,66650.0,66740.0,2,66590.0,66750.0,0.0,0.0,0.0,0.0,1692
2023-05-09 21:01:06,cu2402,cu2402,66590.0,0.0,0.0,0.0,1,66650.0,66730.0,1,66590.0,66750.0,0.0,0.0,0.0,0.0,1692
2023-05-09 21:01:07,cu2402,cu2402,66590.0,0.0,0.0,0.0,1,66650.0,66730.0,2,66590.0,66750.0,0.0,0.0,0.0,0.0,1692
2023-05-09 21:01:07,cu2402,cu2402,66590.0,0.0,0.0,0.0,1,66650.0,66730.0,3,66590.0,66750.0,0.0,0.0,0.0,0.0,1692
2023-05-09 21:01:08,cu2402,cu2402,66590.0,0.0,0.0,0.0,5,66550.0,66730.0,3,66590.0,66750.0,0.0,0.0,0.0,0.0,1692
2023-05-09 21:01:09,cu2402,cu2402,66590.0,0.0,0.0,0.0,1,66570.0,66730.0,3,66590.0,66750.0,0.0,0.0,0.0,0.0,1692
2023-05-09 21:01:09,cu2402,cu2402,66590.0,0.0,0.0,0.0,2,66580.0,66730.0,5,66590.0,66750.0,0.0,0.0,0.0,0.0,1692
2023-05-09 21:01:10,cu2402,cu2402,66590.0,0.0,0.0,0.0,2,66580.0,66730.0,5,66590.0,66750.0,0.0,0.0,0.0,0.0,1692
2023-05-09 21:01:10,cu2402,cu2402,66590.0,0.0,0.0,0.0,2,66580.0,66710.0,1,66590.0,66750.0,0.0,0.0,0.0,0.0,1692
2023-05-09 21:01:11,cu2402,cu2402,66590.0,0.0,0.0,0.0,3,66580.0,66730.0,3,66590.0,66750.0,0.0,0.0,0.0,0.0,1692
2023-05-09 21:01:11,cu2402,cu2402,66590.0,0.0,0.0,0.0,2,66580.0,66720.0,1,66590.0,66750.0,0.0,0.0,0.0,0.0,1692
2023-05-09 21:01:12,cu2402,cu2402,66590.0,0.0,0.0,0.0,2,66580.0,66720.0,2,66590.0,66750.0,0.0,0.0,0.0,0.0,1692
2023-05-09 21:01:12,cu2402,cu2402,66590.0,0.0,0.0,0.0,2,66580.0,66720.0,2,66590.0,66750.0,0.0,0.0,0.0,0.0,1692
2023-05-09 21:01:13,cu2402,cu2402,66590.0,0.0,0.0,0.0,2,66580.0,66720.0,1,66590.0,66750.0,0.0,0.0,0.0,0.0,1692
2023-05-09 21:01:13,cu2402,cu2402,66590.0,0.0,0.0,0.0,1,66590.0,66710.0,1,66590.0,66750.0,0.0,0.0,0.0,0.0,1692
2023-05-09 21:01:14,cu2402,cu2402,66590.0,0.0,0.0,0.0,1,66590.0,66710.0,1,66590.0,66750.0,0.0,0.0,0.0,0.0,1692
2023-05-09 21:01:14,cu2402,cu2402,66590.0,0.0,0.0,0.0,2,66590.0,66710.0,2,66590.0,66750.0,0.0,0.0,0.0,0.0,1692
2023-05-09 21:01:15,cu2402,cu2402,66590.0,0.0,0.0,0.0,2,66590.0,66710.0,2,66590.0,66750.0,0.0,0.0,0.0,0.0,1692
2023-05-09 21:01:15,cu2402,cu2402,66590.0,0.0,0.0,0.0,4,66600.0,66710.0,2,66590.0,66750.0,0.0,0.0,0.0,0.0,1692
2023-05-09 21:01:16,cu2402,cu2402,66590.0,0.0,0.0,0.0,4,66600.0,66710.0,1,66590.0,66750.0,0.0,0.0,0.0,0.0,1692
2023-05-09 21:01:16,cu2402,cu2402,66590.0,0.0,0.0,0.0,5,66600.0,66710.0,1,66590.0,66750.0,0.0,0.0,0.0,0.0,1692
2023-05-09 21:01:17,cu2402,cu2402,66590.0,0.0,0.0,0.0,5,66600.0,66790.0,1,66590.0,66750.0,0.0,0.0,0.0,0.0,1692
2023-05-09 21:01:17,cu2402,cu2402,66590.0,0.0,0.0,0.0,5,66600.0,66760.0,1,66590.0,66750.0,0.0,0.0,0.0,0.0,1692
2023-05-09 21:01:18,cu2402,cu2402,66590.0,0.0,0.0,0.0,5,66600.0,66750.0,2,66590.0,66750.0,0.0,0.0,0.0,0.0,1692
2023-05-09 21:01:19,cu2402,cu2402,66590.0,0.0,0.0,0.0,5,66600.0,66730.0,1,66590.0,66750.0,0.0,0.0,0.0,0.0,1692
2023-05-09 21:01:19,cu2402,cu2402,66590.0,0.0,0.0,0.0,5,66600.0,66720.0,1,66590.0,66750.0,0.0,0.0,0.0,0.0,1692
2023-05-09 21:01:20,cu2402,cu2402,66590.0,0.0,0.0,0.0,1,66610.0,66720.0,1,66590.0,66750.0,0.0,0.0,0.0,0.0,1692
2023-05-09 21:01:20,cu2402,cu2402,66590.0,0.0,0.0,0.0,1,66610.0,66720.0,1,66590.0,66750.0,0.0,0.0,0.0,0.0,1692
2023-05-09 21:01:21,cu2402,cu2402,66590.0,0.0,0.0,0.0,1,66610.0,66720.0,3,66590.0,66750.0,0.0,0.0,0.0,0.0,1692
2023-05-09 21:01:22,cu2402,cu2402,66590.0,0.0,0.0,0.0,1,66610.0,66720.0,3,66590.0,66750.0,0.0,0.0,0.0,0.0,1692
2023-05-09 21:01:22,cu2402,cu2402,66590.0,0.0,0.0,0.0,1,66610.0,66720.0,3,66590.0,66750.0,0.0,0.0,0.0,0.0,1692
2023-05-09 21:01:23,cu2402,cu2402,66590.0,0.0,0.0,0.0,1,66610.0,66710.0,3,66590.0,66750.0,0.0,0.0,0.0,0.0,1692
2023-05-09 21:01:23,cu2402,cu2402,66590.0,0.0,0.0,0.0,1,66610.0,66710.0,3,66590.0,66750.0,0.0,0.0,0.0,0.0,1692
2023-05-09 21:01:24,cu2402,cu2402,66590.0,0.0,0.0,0.0,1,66610.0,66790.0,1,66590.0,66750.0,0.0,0.0,0.0,0.0,1692
2023-05-09 21:01:24,cu2402,cu2402,66590.0,0.0,0.0,0.0,1,66610.0,66780.0,6,66590.0,66750.0,0.0,0.0,0.0,0.0,1692
2023-05-09 21:01:25,cu2402,cu2402,66590.0,0.0,0.0,0.0,2,66610.0,66780.0,6,66590.0,66750.0,0.0,0.0,0.0,0.0,1692
2023-05-09 21:01:27,cu2402,cu2402,66590.0,0.0,0.0,0.0,2,66610.0,66770.0,1,66590.0,66750.0,0.0,0.0,0.0,0.0,1692
2023-05-09 21:01:27,cu2402,cu2402,66590.0,0.0,0.0,0.0,2,66610.0,66760.0,2,66590.0,66750.0,0.0,0.0,0.0,0.0,1692
2023-05-09 21:01:28,cu2402,cu2402,66590.0,0.0,0.0,0.0,2,66610.0,66750.0,3,66590.0,66750.0,0.0,0.0,0.0,0.0,1692
2023-05-09 21:01:28,cu2402,cu2402,66590.0,0.0,0.0,0.0,2,66610.0,66740.0,2,66590.0,66750.0,0.0,0.0,0.0,0.0,1692
2023-05-09 21:01:29,cu2402,cu2402,66590.0,0.0,0.0,0.0,2,66610.0,66730.0,1,66590.0,66750.0,0.0,0.0,0.0,0.0,1692
2023-05-09 21:01:30,cu2402,cu2402,66590.0,0.0,0.0,0.0,2,66610.0,66720.0,1,66590.0,66750.0,0.0,0.0,0.0,0.0,1692
2023-05-09 21:01:30,cu2402,cu2402,66590.0,0.0,0.0,0.0,2,66610.0,66720.0,1,66590.0,66750.0,0.0,0.0,0.0,0.0,1692
2023-05-09 21:01:31,cu2402,cu2402,66590.0,0.0,0.0,0.0,2,66610.0,66710.0,1,66590.0,66750.0,0.0,0.0,0.0,0.0,1692
2023-05-09 21:01:31,cu2402,cu2402,66590.0,0.0,0.0,0.0,2,66610.0,66710.0,1,66590.0,66750.0,0.0,0.0,0.0,0.0,1692
2023-05-09 21:01:32,cu2402,cu2402,66590.0,0.0,0.0,0.0,2,66610.0,66790.0,1,66590.0,66750.0,0.0,0.0,0.0,0.0,1692
2023-05-09 21:01:33,cu2402,cu2402,66590.0,0.0,0.0,0.0,2,66610.0,66750.0,1,66590.0,66750.0,0.0,0.0,0.0,0.0,1692
2023-05-09 21:01:33,cu2402,cu2402,66590.0,0.0,0.0,0.0,2,66610.0,66730.0,2,66590.0,66750.0,0.0,0.0,0.0,0.0,1692
2023-05-09 21:01:34,cu2402,cu2402,66590.0,0.0,0.0,0.0,2,66610.0,66720.0,1,66590.0,66750.0,0.0,0.0,0.0,0.0,1692
2023-05-09 21:01:34,cu2402,cu2402,66590.0,0.0,0.0,0.0,2,66610.0,66720.0,1,66590.0,66750.0,0.0,0.0,0.0,0.0,1692
2023-05-09 21:01:35,cu2402,cu2402,66590.0,0.0,0.0,0.0,2,66610.0,66720.0,1,66590.0,66750.0,0.0,0.0,0.0,0.0,1692
2023-05-09 21:01:36,cu2402,cu2402,66590.0,0.0,0.0,0.0,2,66610.0,66710.0,1,66590.0,66750.0,0.0,0.0,0.0,0.0,1692
2023-05-09 21:01:37,cu2402,cu2402,66590.0,0.0,0.0,0.0,2,66610.0,66740.0,1,66590.0,66750.0,0.0,0.0,0.0,0.0,1692
2023-05-09 21:01:38,cu2402,cu2402,66590.0,0.0,0.0,0.0,2,66610.0,66730.0,3,66590.0,66750.0,0.0,0.0,0.0,0.0,1692
2023-05-09 21:01:38,cu2402,cu2402,66590.0,0.0,0.0,0.0,2,66610.0,66720.0,1,66590.0,66750.0,0.0,0.0,0.0,0.0,1692
2023-05-09 21:01:39,cu2402,cu2402,66590.0,0.0,0.0,0.0,1,66620.0,66720.0,1,66590.0,66750.0,0.0,0.0,0.0,0.0,1692
2023-05-09 21:01:39,cu2402,cu2402,66590.0,0.0,0.0,0.0,1,66630.0,66720.0,1,66590.0,66750.0,0.0,0.0,0.0,0.0,1692
2023-05-09 21:01:40,cu2402,cu2402,66590.0,0.0,0.0,0.0,1,66610.0,66720.0,1,66590.0,66750.0,0.0,0.0,0.0,0.0,1692
2023-05-09 21:01:40,cu2402,cu2402,66590.0,0.0,0.0,0.0,1,66610.0,66720.0,1,66590.0,66750.0,0.0,0.0,0.0,0.0,1692
2023-05-09 21:01:41,cu2402,cu2402,66590.0,0.0,0.0,0.0,2,66610.0,66720.0,1,66590.0,66750.0,0.0,0.0,0.0,0.0,1692
2023-05-09 21:01:41,cu2402,cu2402,66590.0,0.0,0.0,0.0,2,66610.0,66790.0,1,66590.0,66750.0,0.0,0.0,0.0,0.0,1692
2023-05-09 21:01:42,cu2402,cu2402,66590.0,0.0,0.0,0.0,2,66610.0,66780.0,8,66590.0,66750.0,0.0,0.0,0.0,0.0,1692
2023-05-09 21:01:46,cu2402,cu2402,66590.0,0.0,0.0,0.0,2,66610.0,66780.0,8,66590.0,66750.0,0.0,0.0,0.0,0.0,1692
2023-05-09 21:01:46,cu2402,cu2402,66590.0,0.0,0.0,0.0,2,66610.0,66780.0,10,66590.0,66750.0,0.0,0.0,0.0,0.0,1692
2023-05-09 21:01:48,cu2402,cu2402,66590.0,0.0,0.0,0.0,1,66610.0,66780.0,10,66590.0,66750.0,0.0,0.0,0.0,0.0,1692
2023-05-09 21:01:49,cu2402,cu2402,66590.0,0.0,0.0,0.0,1,66600.0,66780.0,10,66590.0,66750.0,0.0,0.0,0.0,0.0,1692
2023-05-09 21:01:51,cu2402,cu2402,66590.0,0.0,0.0,0.0,2,66600.0,66780.0,10,66590.0,66750.0,0.0,0.0,0.0,0.0,1692
2023-05-09 21:01:53,cu2402,cu2402,66590.0,0.0,0.0,0.0,4,66610.0,66780.0,10,66590.0,66750.0,0.0,0.0,0.0,0.0,1692
2023-05-09 21:01:53,cu2402,cu2402,66590.0,0.0,0.0,0.0,4,66610.0,66780.0,10,66590.0,66750.0,0.0,0.0,0.0,0.0,1692
2023-05-09 21:01:54,cu2402,cu2402,66590.0,0.0,0.0,0.0,1,66620.0,66780.0,8,66590.0,66750.0,0.0,0.0,0.0,0.0,1692
2023-05-09 21:01:54,cu2402,cu2402,66590.0,0.0,0.0,0.0,5,66610.0,66780.0,8,66590.0,66750.0,0.0,0.0,0.0,0.0,1692
2023-05-09 21:01:56,cu2402,cu2402,66590.0,0.0,0.0,0.0,6,66610.0,66780.0,8,66590.0,66750.0,0.0,0.0,0.0,0.0,1692
2023-05-09 21:02:02,cu2402,cu2402,66590.0,0.0,0.0,0.0,6,66610.0,66780.0,10,66590.0,66750.0,0.0,0.0,0.0,0.0,1692
2023-05-09 21:02:04,cu2402,cu2402,66590.0,0.0,0.0,0.0,7,66610.0,66780.0,10,66590.0,66750.0,0.0,0.0,0.0,0.0,1692
2023-05-09 21:02:10,cu2402,cu2402,66590.0,0.0,0.0,0.0,5,66610.0,66780.0,8,66590.0,66750.0,0.0,0.0,0.0,0.0,1692
2023-05-09 21:02:10,cu2402,cu2402,66590.0,0.0,0.0,0.0,5,66610.0,66770.0,2,66590.0,66750.0,0.0,0.0,0.0,0.0,1692
2023-05-09 21:02:11,cu2402,cu2402,66590.0,0.0,0.0,0.0,5,66610.0,66760.0,3,66590.0,66750.0,0.0,0.0,0.0,0.0,1692
2023-05-09 21:02:11,cu2402,cu2402,66590.0,0.0,0.0,0.0,5,66610.0,66750.0,4,66590.0,66750.0,0.0,0.0,0.0,0.0,1692
2023-05-09 21:02:12,cu2402,cu2402,66590.0,0.0,0.0,0.0,5,66610.0,66740.0,3,66590.0,66750.0,0.0,0.0,0.0,0.0,1692
2023-05-09 21:02:12,cu2402,cu2402,66590.0,0.0,0.0,0.0,5,66610.0,66740.0,3,66590.0,66750.0,0.0,0.0,0.0,0.0,1692
2023-05-09 21:02:13,cu2402,cu2402,66590.0,0.0,0.0,0.0,5,66610.0,66740.0,3,66590.0,66750.0,0.0,0.0,0.0,0.0,1692
2023-05-09 21:02:14,cu2402,cu2402,66590.0,0.0,0.0,0.0,5,66610.0,66740.0,3,66590.0,66750.0,0.0,0.0,0.0,0.0,1692
2023-05-09 21:02:14,cu2402,cu2402,66590.0,0.0,0.0,0.0,5,66610.0,66730.0,2,66590.0,66750.0,0.0,0.0,0.0,0.0,1692
2023-05-09 21:02:15,cu2402,cu2402,66590.0,0.0,0.0,0.0,5,66610.0,66720.0,1,66590.0,66750.0,0.0,0.0,0.0,0.0,1692
2023-05-09 21:02:15,cu2402,cu2402,66590.0,0.0,0.0,0.0,5,66610.0,66710.0,1,66590.0,66750.0,0.0,0.0,0.0,0.0,1692
2023-05-09 21:02:16,cu2402,cu2402,66590.0,0.0,0.0,0.0,5,66610.0,66710.0,1,66590.0,66750.0,0.0,0.0,0.0,0.0,1692
2023-05-09 21:02:16,cu2402,cu2402,66590.0,0.0,0.0,0.0,5,66610.0,66720.0,1,66590.0,66750.0,0.0,0.0,0.0,0.0,1692
2023-05-09 21:02:17,cu2402,cu2402,66590.0,0.0,0.0,0.0,5,66610.0,66720.0,1,66590.0,66750.0,0.0,0.0,0.0,0.0,1692
2023-05-09 21:02:17,cu2402,cu2402,66590.0,0.0,0.0,0.0,5,66610.0,66720.0,3,66590.0,66750.0,0.0,0.0,0.0,0.0,1692
2023-05-09 21:02:18,cu2402,cu2402,66590.0,0.0,0.0,0.0,5,66610.0,66710.0,1,66590.0,66750.0,0.0,0.0,0.0,0.0,1692
2023-05-09 21:02:19,cu2402,cu2402,66590.0,0.0,0.0,0.0,5,66610.0,66700.0,1,66590.0,66750.0,0.0,0.0,0.0,0.0,1692
2023-05-09 21:02:19,cu2402,cu2402,66590.0,0.0,0.0,0.0,5,66610.0,66700.0,1,66590.0,66750.0,0.0,0.0,0.0,0.0,1692
2023-05-09 21:02:20,cu2402,cu2402,66590.0,0.0,0.0,0.0,1,66610.0,66700.0,1,66590.0,66750.0,0.0,0.0,0.0,0.0,1692
2023-05-09 21:02:20,cu2402,cu2402,66590.0,0.0,0.0,0.0,1,66610.0,66790.0,1,66590.0,66750.0,0.0,0.0,0.0,0.0,1692
2023-05-09 21:02:21,cu2402,cu2402,66590.0,0.0,0.0,0.0,1,66610.0,66780.0,9,66590.0,66750.0,0.0,0.0,0.0,0.0,1692
2023-05-09 21:02:21,cu2402,cu2402,66590.0,0.0,0.0,0.0,1,66610.0,66730.0,2,66590.0,66750.0,0.0,0.0,0.0,0.0,1692
2023-05-09 21:02:22,cu2402,cu2402,66590.0,0.0,0.0,0.0,1,66610.0,66720.0,1,66590.0,66750.0,0.0,0.0,0.0,0.0,1692
2023-05-09 21:02:22,cu2402,cu2402,66590.0,0.0,0.0,0.0,1,66610.0,66720.0,1,66590.0,66750.0,0.0,0.0,0.0,0.0,1692
2023-05-09 21:02:23,cu2402,cu2402,66590.0,0.0,0.0,0.0,1,66560.0,66710.0,1,66590.0,66750.0,0.0,0.0,0.0,0.0,1692
2023-05-09 21:02:24,cu2402,cu2402,66590.0,0.0,0.0,0.0,4,66570.0,66710.0,1,66590.0,66750.0,0.0,0.0,0.0,0.0,1692
2023-05-09 21:02:24,cu2402,cu2402,66590.0,0.0,0.0,0.0,1,66580.0,66770.0,1,66590.0,66750.0,0.0,0.0,0.0,0.0,1692
2023-05-09 21:02:25,cu2402,cu2402,66590.0,0.0,0.0,0.0,1,66590.0,66760.0,7,66590.0,66750.0,0.0,0.0,0.0,0.0,1692
2023-05-09 21:02:25,cu2402,cu2402,66590.0,0.0,0.0,0.0,1,66600.0,66750.0,1,66590.0,66750.0,0.0,0.0,0.0,0.0,1692
2023-05-09 21:02:26,cu2402,cu2402,66590.0,0.0,0.0,0.0,2,66600.0,66740.0,2,66590.0,66750.0,0.0,0.0,0.0,0.0,1692
2023-05-09 21:02:26,cu2402,cu2402,66590.0,0.0,0.0,0.0,2,66600.0,66740.0,2,66590.0,66750.0,0.0,0.0,0.0,0.0,1692
2023-05-09 21:02:27,cu2402,cu2402,66590.0,0.0,0.0,0.0,2,66600.0,66730.0,2,66590.0,66750.0,0.0,0.0,0.0,0.0,1692
2023-05-09 21:02:27,cu2402,cu2402,66590.0,0.0,0.0,0.0,2,66600.0,66720.0,1,66590.0,66750.0,0.0,0.0,0.0,0.0,1692
2023-05-09 21:02:28,cu2402,cu2402,66590.0,0.0,0.0,0.0,1,66610.0,66710.0,1,66590.0,66750.0,0.0,0.0,0.0,0.0,1692
2023-05-09 21:02:28,cu2402,cu2402,66590.0,0.0,0.0,0.0,1,66610.0,66710.0,1,66590.0,66750.0,0.0,0.0,0.0,0.0,1692
2023-05-09 21:02:29,cu2402,cu2402,66590.0,0.0,0.0,0.0,1,66620.0,66710.0,1,66590.0,66750.0,0.0,0.0,0.0,0.0,1692
2023-05-09 21:02:29,cu2402,cu2402,66590.0,0.0,0.0,0.0,1,66620.0,66710.0,1,66590.0,66750.0,0.0,0.0,0.0,0.0,1692
2023-05-09 21:02:30,cu2402,cu2402,66590.0,0.0,0.0,0.0,4,66550.0,66710.0,1,66590.0,66750.0,0.0,0.0,0.0,0.0,1692
2023-05-09 21:02:30,cu2402,cu2402,66590.0,0.0,0.0,0.0,1,66570.0,66710.0,1,66590.0,66750.0,0.0,0.0,0.0,0.0,1692
2023-05-09 21:02:31,cu2402,cu2402,66590.0,0.0,0.0,0.0,4,66580.0,66710.0,1,66590.0,66750.0,0.0,0.0,0.0,0.0,1692
2023-05-09 21:02:31,cu2402,cu2402,66590.0,0.0,0.0,0.0,5,66580.0,66710.0,1,66590.0,66750.0,0.0,0.0,0.0,0.0,1692
2023-05-09 21:02:33,cu2402,cu2402,66590.0,0.0,0.0,0.0,4,66580.0,66790.0,1,66590.0,66750.0,0.0,0.0,0.0,0.0,1692
2023-05-09 21:02:33,cu2402,cu2402,66590.0,0.0,0.0,0.0,3,66580.0,66780.0,8,66590.0,66750.0,0.0,0.0,0.0,0.0,1692
2023-05-09 21:02:34,cu2402,cu2402,66590.0,0.0,0.0,0.0,3,66580.0,66720.0,2,66590.0,66750.0,0.0,0.0,0.0,0.0,1692
2023-05-09 21:02:34,cu2402,cu2402,66590.0,0.0,0.0,0.0,3,66580.0,66720.0,2,66590.0,66750.0,0.0,0.0,0.0,0.0,1692
2023-05-09 21:02:35,cu2402,cu2402,66590.0,0.0,0.0,0.0,3,66580.0,66770.0,1,66590.0,66750.0,0.0,0.0,0.0,0.0,1692
2023-05-09 21:02:35,cu2402,cu2402,66590.0,0.0,0.0,0.0,3,66580.0,66760.0,2,66590.0,66750.0,0.0,0.0,0.0,0.0,1692
2023-05-09 21:02:36,cu2402,cu2402,66590.0,0.0,0.0,0.0,3,66580.0,66750.0,1,66590.0,66750.0,0.0,0.0,0.0,0.0,1692
2023-05-09 21:02:37,cu2402,cu2402,66590.0,0.0,0.0,0.0,3,66580.0,66740.0,4,66590.0,66750.0,0.0,0.0,0.0,0.0,1692
2023-05-09 21:02:37,cu2402,cu2402,66590.0,0.0,0.0,0.0,1,66590.0,66740.0,4,66590.0,66750.0,0.0,0.0,0.0,0.0,1692
2023-05-09 21:02:38,cu2402,cu2402,66590.0,0.0,0.0,0.0,1,66600.0,66730.0,1,66590.0,66750.0,0.0,0.0,0.0,0.0,1692
2023-05-09 21:02:38,cu2402,cu2402,66590.0,0.0,0.0,0.0,1,66600.0,66720.0,1,66590.0,66750.0,0.0,0.0,0.0,0.0,1692
2023-05-09 21:02:39,cu2402,cu2402,66590.0,0.0,0.0,0.0,1,66600.0,66730.0,1,66590.0,66750.0,0.0,0.0,0.0,0.0,1692
2023-05-09 21:02:39,cu2402,cu2402,66590.0,0.0,0.0,0.0,1,66610.0,66710.0,1,66590.0,66750.0,0.0,0.0,0.0,0.0,1692
2023-05-09 21:02:40,cu2402,cu2402,66590.0,0.0,0.0,0.0,2,66610.0,66710.0,3,66590.0,66750.0,0.0,0.0,0.0,0.0,1692
2023-05-09 21:02:40,cu2402,cu2402,66590.0,0.0,0.0,0.0,1,66610.0,66700.0,1,66590.0,66750.0,0.0,0.0,0.0,0.0,1692
2023-05-09 21:02:41,cu2402,cu2402,66590.0,0.0,0.0,0.0,1,66610.0,66710.0,3,66590.0,66750.0,0.0,0.0,0.0,0.0,1692
2023-05-09 21:02:41,cu2402,cu2402,66590.0,0.0,0.0,0.0,1,66560.0,66710.0,3,66590.0,66750.0,0.0,0.0,0.0,0.0,1692
2023-05-09 21:02:42,cu2402,cu2402,66590.0,0.0,0.0,0.0,3,66570.0,66710.0,3,66590.0,66750.0,0.0,0.0,0.0,0.0,1692
2023-05-09 21:02:43,cu2402,cu2402,66590.0,0.0,0.0,0.0,1,66580.0,66710.0,3,66590.0,66750.0,0.0,0.0,0.0,0.0,1692
2023-05-09 21:02:43,cu2402,cu2402,66590.0,0.0,0.0,0.0,1,66590.0,66710.0,3,66590.0,66750.0,0.0,0.0,0.0,0.0,1692
2023-05-09 21:02:44,cu2402,cu2402,66590.0,0.0,0.0,0.0,1,66600.0,66710.0,3,66590.0,66750.0,0.0,0.0,0.0,0.0,1692
2023-05-09 21:02:44,cu2402,cu2402,66590.0,0.0,0.0,0.0,2,66600.0,66710.0,3,66590.0,66750.0,0.0,0.0,0.0,0.0,1692
2023-05-09 21:02:48,cu2402,cu2402,66590.0,0.0,0.0,0.0,2,66600.0,66710.0,1,66590.0,66750.0,0.0,0.0,0.0,0.0,1692
2023-05-09 21:02:52,cu2402,cu2402,66590.0,0.0,0.0,0.0,1,66610.0,66710.0,1,66590.0,66750.0,0.0,0.0,0.0,0.0,1692
2023-05-09 21:02:52,cu2402,cu2402,66590.0,0.0,0.0,0.0,4,66550.0,66790.0,1,66590.0,66750.0,0.0,0.0,0.0,0.0,1692
2023-05-09 21:02:53,cu2402,cu2402,66590.0,0.0,0.0,0.0,2,66620.0,66700.0,1,66590.0,66750.0,0.0,0.0,0.0,0.0,1692
2023-05-09 21:02:53,cu2402,cu2402,66590.0,0.0,0.0,0.0,2,66620.0,66700.0,1,66590.0,66750.0,0.0,0.0,0.0,0.0,1692
2023-05-09 21:02:54,cu2402,cu2402,66590.0,0.0,0.0,0.0,2,66560.0,66780.0,5,66590.0,66750.0,0.0,0.0,0.0,0.0,1692
2023-05-09 21:02:54,cu2402,cu2402,66590.0,0.0,0.0,0.0,1,66580.0,66770.0,3,66590.0,66750.0,0.0,0.0,0.0,0.0,1692
2023-05-09 21:02:55,cu2402,cu2402,66590.0,0.0,0.0,0.0,1,66630.0,66690.0,1,66590.0,66750.0,0.0,0.0,0.0,0.0,1692
2023-05-09 21:02:55,cu2402,cu2402,66590.0,0.0,0.0,0.0,2,66630.0,66690.0,1,66590.0,66750.0,0.0,0.0,0.0,0.0,1692
2023-05-09 21:02:56,cu2402,cu2402,66590.0,0.0,0.0,0.0,2,66590.0,66690.0,1,66590.0,66750.0,0.0,0.0,0.0,0.0,1692
2023-05-09 21:02:56,cu2402,cu2402,66590.0,0.0,0.0,0.0,2,66600.0,66690.0,1,66590.0,66750.0,0.0,0.0,0.0,0.0,1692
2023-05-09 21:02:57,cu2402,cu2402,66590.0,0.0,0.0,0.0,2,66600.0,66780.0,1,66590.0,66750.0,0.0,0.0,0.0,0.0,1692
2023-05-09 21:02:57,cu2402,cu2402,66590.0,0.0,0.0,0.0,2,66600.0,66770.0,5,66590.0,66750.0,0.0,0.0,0.0,0.0,1692
2023-05-09 21:02:58,cu2402,cu2402,66590.0,0.0,0.0,0.0,1,66610.0,66770.0,6,66590.0,66750.0,0.0,0.0,0.0,0.0,1692
2023-05-09 21:02:58,cu2402,cu2402,66590.0,0.0,0.0,0.0,1,66620.0,66770.0,6,66590.0,66750.0,0.0,0.0,0.0,0.0,1692
2023-05-09 21:02:59,cu2402,cu2402,66590.0,0.0,0.0,0.0,1,66620.0,66760.0,3,66590.0,66750.0,0.0,0.0,0.0,0.0,1692
2023-05-09 21:02:59,cu2402,cu2402,66590.0,0.0,0.0,0.0,1,66620.0,66750.0,1,66590.0,66750.0,0.0,0.0,0.0,0.0,1692
2023-05-09 21:03:00,cu2402,cu2402,66590.0,0.0,0.0,0.0,1,66620.0,66740.0,1,66590.0,66750.0,0.0,0.0,0.0,0.0,1692
2023-05-09 21:03:00,cu2402,cu2402,66590.0,0.0,0.0,0.0,1,66620.0,66740.0,2,66590.0,66750.0,0.0,0.0,0.0,0.0,1692
2023-05-09 21:03:01,cu2402,cu2402,66590.0,0.0,0.0,0.0,1,66620.0,66730.0,1,66590.0,66750.0,0.0,0.0,0.0,0.0,1692
2023-05-09 21:03:01,cu2402,cu2402,66590.0,0.0,0.0,0.0,1,66620.0,66740.0,3,66590.0,66750.0,0.0,0.0,0.0,0.0,1692
2023-05-09 21:03:04,cu2402,cu2402,66590.0,0.0,0.0,0.0,1,66620.0,66730.0,1,66590.0,66750.0,0.0,0.0,0.0,0.0,1692
2023-05-09 21:03:05,cu2402,cu2402,66590.0,0.0,0.0,0.0,1,66620.0,66740.0,1,66590.0,66750.0,0.0,0.0,0.0,0.0,1692
2023-05-09 21:03:05,cu2402,cu2402,66590.0,0.0,0.0,0.0,1,66620.0,66730.0,2,66590.0,66750.0,0.0,0.0,0.0,0.0,1692
2023-05-09 21:03:06,cu2402,cu2402,66590.0,0.0,0.0,0.0,1,66620.0,66720.0,1,66590.0,66750.0,0.0,0.0,0.0,0.0,1692
2023-05-09 21:03:07,cu2402,cu2402,66590.0,0.0,0.0,0.0,1,66620.0,66720.0,1,66590.0,66750.0,0.0,0.0,0.0,0.0,1692
2023-05-09 21:03:08,cu2402,cu2402,66590.0,0.0,0.0,0.0,1,66620.0,66720.0,1,66590.0,66750.0,0.0,0.0,0.0,0.0,1692
2023-05-09 21:03:08,cu2402,cu2402,66590.0,0.0,0.0,0.0,1,66620.0,66780.0,1,66590.0,66750.0,0.0,0.0,0.0,0.0,1692
2023-05-09 21:03:09,cu2402,cu2402,66590.0,0.0,0.0,0.0,1,66620.0,66770.0,5,66590.0,66750.0,0.0,0.0,0.0,0.0,1692
2023-05-09 21:03:09,cu2402,cu2402,66590.0,0.0,0.0,0.0,1,66630.0,66770.0,5,66590.0,66750.0,0.0,0.0,0.0,0.0,1692
2023-05-09 21:03:10,cu2402,cu2402,66590.0,0.0,0.0,0.0,2,66630.0,66760.0,1,66590.0,66750.0,0.0,0.0,0.0,0.0,1692
2023-05-09 21:03:10,cu2402,cu2402,66590.0,0.0,0.0,0.0,1,66630.0,66750.0,1,66590.0,66750.0,0.0,0.0,0.0,0.0,1692
2023-05-09 21:03:11,cu2402,cu2402,66590.0,0.0,0.0,0.0,1,66630.0,66750.0,1,66590.0,66750.0,0.0,0.0,0.0,0.0,1692
2023-05-09 21:03:11,cu2402,cu2402,66590.0,0.0,0.0,0.0,1,66630.0,66750.0,1,66590.0,66750.0,0.0,0.0,0.0,0.0,1692
2023-05-09 21:03:12,cu2402,cu2402,66590.0,0.0,0.0,0.0,1,66630.0,66740.0,1,66590.0,66750.0,0.0,0.0,0.0,0.0,1692
2023-05-09 21:03:12,cu2402,cu2402,66590.0,0.0,0.0,0.0,1,66630.0,66740.0,1,66590.0,66750.0,0.0,0.0,0.0,0.0,1692
2023-05-09 21:03:13,cu2402,cu2402,66590.0,0.0,0.0,0.0,1,66630.0,66740.0,1,66590.0,66750.0,0.0,0.0,0.0,0.0,1692
2023-05-09 21:03:14,cu2402,cu2402,66590.0,0.0,0.0,0.0,1,66630.0,66740.0,1,66590.0,66750.0,0.0,0.0,0.0,0.0,1692
2023-05-09 21:03:14,cu2402,cu2402,66590.0,0.0,0.0,0.0,1,66630.0,66740.0,1,66590.0,66750.0,0.0,0.0,0.0,0.0,1692
2023-05-09 21:03:18,cu2402,cu2402,66590.0,0.0,0.0,0.0,1,66640.0,66740.0,1,66590.0,66750.0,0.0,0.0,0.0,0.0,1692
2023-05-09 21:03:19,cu2402,cu2402,66590.0,0.0,0.0,0.0,1,66530.0,66740.0,1,66590.0,66750.0,0.0,0.0,0.0,0.0,1692
2023-05-09 21:03:20,cu2402,cu2402,66590.0,0.0,0.0,0.0,1,66600.0,66740.0,1,66590.0,66750.0,0.0,0.0,0.0,0.0,1692
2023-05-09 21:03:20,cu2402,cu2402,66590.0,0.0,0.0,0.0,4,66610.0,66740.0,2,66590.0,66750.0,0.0,0.0,0.0,0.0,1692
2023-05-09 21:03:21,cu2402,cu2402,66590.0,0.0,0.0,0.0,4,66610.0,66730.0,1,66590.0,66750.0,0.0,0.0,0.0,0.0,1692
2023-05-09 21:03:22,cu2402,cu2402,66590.0,0.0,0.0,0.0,5,66610.0,66730.0,1,66590.0,66750.0,0.0,0.0,0.0,0.0,1692
2023-05-09 21:03:22,cu2402,cu2402,66590.0,0.0,0.0,0.0,5,66610.0,66730.0,1,66590.0,66750.0,0.0,0.0,0.0,0.0,1692
2023-05-09 21:03:24,cu2402,cu2402,66590.0,0.0,0.0,0.0,5,66610.0,66730.0,1,66590.0,66750.0,0.0,0.0,0.0,0.0,1692
2023-05-09 21:03:25,cu2402,cu2402,66590.0,0.0,0.0,0.0,4,66610.0,66730.0,1,66590.0,66750.0,0.0,0.0,0.0,0.0,1692
2023-05-09 21:03:26,cu2402,cu2402,66590.0,0.0,0.0,0.0,4,66610.0,66730.0,2,66590.0,66750.0,0.0,0.0,0.0,0.0,1692
2023-05-09 21:03:26,cu2402,cu2402,66590.0,0.0,0.0,0.0,2,66610.0,66720.0,1,66590.0,66750.0,0.0,0.0,0.0,0.0,1692
2023-05-09 21:03:29,cu2402,cu2402,66590.0,0.0,0.0,0.0,1,66610.0,66720.0,1,66590.0,66750.0,0.0,0.0,0.0,0.0,1692
2023-05-09 21:03:31,cu2402,cu2402,66590.0,0.0,0.0,0.0,1,66610.0,66720.0,1,66590.0,66750.0,0.0,0.0,0.0,0.0,1692
2023-05-09 21:03:31,cu2402,cu2402,66590.0,0.0,0.0,0.0,1,66610.0,66720.0,1,66590.0,66750.0,0.0,0.0,0.0,0.0,1692
2023-05-09 21:03:32,cu2402,cu2402,66590.0,0.0,0.0,0.0,1,66610.0,66720.0,1,66590.0,66750.0,0.0,0.0,0.0,0.0,1692
2023-05-09 21:03:33,cu2402,cu2402,66590.0,0.0,0.0,0.0,1,66610.0,66720.0,1,66590.0,66750.0,0.0,0.0,0.0,0.0,1692
2023-05-09 21:03:33,cu2402,cu2402,66590.0,0.0,0.0,0.0,1,66610.0,66720.0,1,66590.0,66750.0,0.0,0.0,0.0,0.0,1692
2023-05-09 21:03:34,cu2402,cu2402,66590.0,0.0,0.0,0.0,1,66610.0,66720.0,2,66590.0,66750.0,0.0,0.0,0.0,0.0,1692
2023-05-09 21:03:34,cu2402,cu2402,66590.0,0.0,0.0,0.0,1,66610.0,66720.0,2,66590.0,66750.0,0.0,0.0,0.0,0.0,1692
2023-05-09 21:03:35,cu2402,cu2402,66590.0,0.0,0.0,0.0,1,66610.0,66710.0,1,66590.0,66750.0,0.0,0.0,0.0,0.0,1692
2023-05-09 21:03:38,cu2402,cu2402,66590.0,0.0,0.0,0.0,1,66610.0,66710.0,1,66590.0,66750.0,0.0,0.0,0.0,0.0,1692
2023-05-09 21:03:38,cu2402,cu2402,66590.0,0.0,0.0,0.0,1,66610.0,66730.0,1,66590.0,66750.0,0.0,0.0,0.0,0.0,1692
2023-05-09 21:03:39,cu2402,cu2402,66590.0,0.0,0.0,0.0,1,66610.0,66730.0,3,66590.0,66750.0,0.0,0.0,0.0,0.0,1692
2023-05-09 21:03:39,cu2402,cu2402,66590.0,0.0,0.0,0.0,1,66610.0,66730.0,3,66590.0,66750.0,0.0,0.0,0.0,0.0,1692
2023-05-09 21:03:40,cu2402,cu2402,66590.0,0.0,0.0,0.0,1,66610.0,66730.0,3,66590.0,66750.0,0.0,0.0,0.0,0.0,1692
2023-05-09 21:03:41,cu2402,cu2402,66590.0,0.0,0.0,0.0,1,66610.0,66720.0,1,66590.0,66750.0,0.0,0.0,0.0,0.0,1692
2023-05-09 21:03:41,cu2402,cu2402,66590.0,0.0,0.0,0.0,1,66610.0,66710.0,1,66590.0,66750.0,0.0,0.0,0.0,0.0,1692
2023-05-09 21:03:42,cu2402,cu2402,66590.0,0.0,0.0,0.0,1,66610.0,66720.0,1,66590.0,66750.0,0.0,0.0,0.0,0.0,1692
2023-05-09 21:03:43,cu2402,cu2402,66590.0,0.0,0.0,0.0,1,66610.0,66720.0,1,66590.0,66750.0,0.0,0.0,0.0,0.0,1692
2023-05-09 21:03:43,cu2402,cu2402,66590.0,0.0,0.0,0.0,1,66610.0,66720.0,2,66590.0,66750.0,0.0,0.0,0.0,0.0,1692
2023-05-09 21:03:44,cu2402,cu2402,66590.0,0.0,0.0,0.0,1,66610.0,66710.0,1,66590.0,66750.0,0.0,0.0,0.0,0.0,1692
2023-05-09 21:03:46,cu2402,cu2402,66590.0,0.0,0.0,0.0,1,66610.0,66710.0,1,66590.0,66750.0,0.0,0.0,0.0,0.0,1692
2023-05-09 21:03:47,cu2402,cu2402,66590.0,0.0,0.0,0.0,1,66610.0,66710.0,1,66590.0,66750.0,0.0,0.0,0.0,0.0,1692
2023-05-09 21:03:56,cu2402,cu2402,66590.0,0.0,0.0,0.0,1,66610.0,66710.0,1,66590.0,66750.0,0.0,0.0,0.0,0.0,1692
2023-05-09 21:03:56,cu2402,cu2402,66590.0,0.0,0.0,0.0,1,66610.0,66710.0,2,66590.0,66750.0,0.0,0.0,0.0,0.0,1692
2023-05-09 21:03:57,cu2402,cu2402,66590.0,0.0,0.0,0.0,1,66610.0,66700.0,1,66590.0,66750.0,0.0,0.0,0.0,0.0,1692
2023-05-09 21:03:59,cu2402,cu2402,66590.0,0.0,0.0,0.0,1,66610.0,66700.0,1,66590.0,66750.0,0.0,0.0,0.0,0.0,1692
2023-05-09 21:04:00,cu2402,cu2402,66590.0,0.0,0.0,0.0,1,66610.0,66700.0,1,66590.0,66750.0,0.0,0.0,0.0,0.0,1692
2023-05-09 21:04:01,cu2402,cu2402,66590.0,0.0,0.0,0.0,1,66610.0,66700.0,1,66590.0,66750.0,0.0,0.0,0.0,0.0,1692
2023-05-09 21:04:01,cu2402,cu2402,66590.0,0.0,0.0,0.0,1,66610.0,66700.0,1,66590.0,66750.0,0.0,0.0,0.0,0.0,1692
2023-05-09 21:04:02,cu2402,cu2402,66590.0,0.0,0.0,0.0,1,66610.0,66700.0,1,66590.0,66750.0,0.0,0.0,0.0,0.0,1692
2023-05-09 21:04:02,cu2402,cu2402,66590.0,0.0,0.0,0.0,1,66530.0,66700.0,1,66590.0,66750.0,0.0,0.0,0.0,0.0,1692
2023-05-09 21:04:03,cu2402,cu2402,66590.0,0.0,0.0,0.0,1,66570.0,66700.0,1,66590.0,66750.0,0.0,0.0,0.0,0.0,1692
2023-05-09 21:04:03,cu2402,cu2402,66590.0,0.0,0.0,0.0,3,66580.0,66700.0,1,66590.0,66750.0,0.0,0.0,0.0,0.0,1692
2023-05-09 21:04:04,cu2402,cu2402,66590.0,0.0,0.0,0.0,3,66580.0,66700.0,1,66590.0,66750.0,0.0,0.0,0.0,0.0,1692
2023-05-09 21:04:06,cu2402,cu2402,66590.0,0.0,0.0,0.0,3,66580.0,66700.0,1,66590.0,66750.0,0.0,0.0,0.0,0.0,1692
2023-05-09 21:04:06,cu2402,cu2402,66590.0,0.0,0.0,0.0,2,66580.0,66700.0,3,66590.0,66750.0,0.0,0.0,0.0,0.0,1692
2023-05-09 21:04:07,cu2402,cu2402,66590.0,0.0,0.0,0.0,2,66580.0,66700.0,2,66590.0,66750.0,0.0,0.0,0.0,0.0,1692
2023-05-09 21:04:07,cu2402,cu2402,66590.0,0.0,0.0,0.0,2,66580.0,66690.0,1,66590.0,66750.0,0.0,0.0,0.0,0.0,1692
2023-05-09 21:04:08,cu2402,cu2402,66590.0,0.0,0.0,0.0,1,66580.0,66690.0,1,66590.0,66750.0,0.0,0.0,0.0,0.0,1692
2023-05-09 21:04:09,cu2402,cu2402,66590.0,0.0,0.0,0.0,1,66580.0,66690.0,1,66590.0,66750.0,0.0,0.0,0.0,0.0,1692
2023-05-09 21:04:09,cu2402,cu2402,66590.0,0.0,0.0,0.0,1,66580.0,66690.0,2,66590.0,66750.0,0.0,0.0,0.0,0.0,1692
2023-05-09 21:04:10,cu2402,cu2402,66590.0,0.0,0.0,0.0,1,66580.0,66680.0,1,66590.0,66750.0,0.0,0.0,0.0,0.0,1692
2023-05-09 21:04:13,cu2402,cu2402,66590.0,0.0,0.0,0.0,1,66580.0,66680.0,1,66590.0,66750.0,0.0,0.0,0.0,0.0,1692
2023-05-09 21:04:13,cu2402,cu2402,66590.0,0.0,0.0,0.0,1,66580.0,66700.0,1,66590.0,66750.0,0.0,0.0,0.0,0.0,1692
2023-05-09 21:04:14,cu2402,cu2402,66590.0,0.0,0.0,0.0,1,66580.0,66700.0,3,66590.0,66750.0,0.0,0.0,0.0,0.0,1692
2023-05-09 21:04:16,cu2402,cu2402,66590.0,0.0,0.0,0.0,1,66580.0,66690.0,1,66590.0,66750.0,0.0,0.0,0.0,0.0,1692
2023-05-09 21:04:17,cu2402,cu2402,66590.0,0.0,0.0,0.0,1,66580.0,66680.0,1,66590.0,66750.0,0.0,0.0,0.0,0.0,1692
2023-05-09 21:04:18,cu2402,cu2402,66590.0,0.0,0.0,0.0,1,66580.0,66690.0,1,66590.0,66750.0,0.0,0.0,0.0,0.0,1692
2023-05-09 21:04:20,cu2402,cu2402,66590.0,0.0,0.0,0.0,1,66580.0,66690.0,1,66590.0,66750.0,0.0,0.0,0.0,0.0,1692
2023-05-09 21:04:21,cu2402,cu2402,66590.0,0.0,0.0,0.0,1,66580.0,66690.0,3,66590.0,66750.0,0.0,0.0,0.0,0.0,1692
2023-05-09 21:04:22,cu2402,cu2402,66590.0,0.0,0.0,0.0,2,66540.0,66690.0,3,66590.0,66750.0,0.0,0.0,0.0,0.0,1692
2023-05-09 21:04:23,cu2402,cu2402,66590.0,0.0,0.0,0.0,2,66550.0,66690.0,3,66590.0,66750.0,0.0,0.0,0.0,0.0,1692
2023-05-09 21:04:23,cu2402,cu2402,66590.0,0.0,0.0,0.0,3,66550.0,66690.0,1,66590.0,66750.0,0.0,0.0,0.0,0.0,1692
2023-05-09 21:04:24,cu2402,cu2402,66590.0,0.0,0.0,0.0,3,66550.0,66680.0,3,66590.0,66750.0,0.0,0.0,0.0,0.0,1692
2023-05-09 21:04:24,cu2402,cu2402,66590.0,0.0,0.0,0.0,4,66560.0,66670.0,1,66590.0,66750.0,0.0,0.0,0.0,0.0,1692
2023-05-09 21:04:25,cu2402,cu2402,66590.0,0.0,0.0,0.0,1,66570.0,66670.0,1,66590.0,66750.0,0.0,0.0,0.0,0.0,1692
2023-05-09 21:04:29,cu2402,cu2402,66590.0,0.0,0.0,0.0,1,66570.0,66670.0,1,66590.0,66750.0,0.0,0.0,0.0,0.0,1692
2023-05-09 21:04:30,cu2402,cu2402,66590.0,0.0,0.0,0.0,1,66570.0,66700.0,1,66590.0,66750.0,0.0,0.0,0.0,0.0,1692
2023-05-09 21:04:31,cu2402,cu2402,66590.0,0.0,0.0,0.0,1,66570.0,66660.0,1,66590.0,66750.0,0.0,0.0,0.0,0.0,1692
2023-05-09 21:04:31,cu2402,cu2402,66590.0,0.0,0.0,0.0,2,66570.0,66690.0,1,66590.0,66750.0,0.0,0.0,0.0,0.0,1692
2023-05-09 21:04:34,cu2402,cu2402,66590.0,0.0,0.0,0.0,2,66570.0,66690.0,1,66590.0,66750.0,0.0,0.0,0.0,0.0,1692
2023-05-09 21:04:35,cu2402,cu2402,66590.0,0.0,0.0,0.0,1,66580.0,66690.0,1,66590.0,66750.0,0.0,0.0,0.0,0.0,1692
2023-05-09 21:04:35,cu2402,cu2402,66590.0,0.0,0.0,0.0,1,66590.0,66690.0,1,66590.0,66750.0,0.0,0.0,0.0,0.0,1692
2023-05-09 21:04:36,cu2402,cu2402,66590.0,0.0,0.0,0.0,1,66590.0,66690.0,1,66590.0,66750.0,0.0,0.0,0.0,0.0,1692
2023-05-09 21:04:36,cu2402,cu2402,66590.0,0.0,0.0,0.0,1,66600.0,66690.0,1,66590.0,66750.0,0.0,0.0,0.0,0.0,1692
2023-05-09 21:04:37,cu2402,cu2402,66590.0,0.0,0.0,0.0,4,66610.0,66690.0,1,66590.0,66750.0,0.0,0.0,0.0,0.0,1692
2023-05-09 21:04:38,cu2402,cu2402,66590.0,0.0,0.0,0.0,1,66530.0,66690.0,1,66590.0,66750.0,0.0,0.0,0.0,0.0,1692
2023-05-09 21:04:38,cu2402,cu2402,66590.0,0.0,0.0,0.0,1,66550.0,66690.0,1,66590.0,66750.0,0.0,0.0,0.0,0.0,1692
2023-05-09 21:04:39,cu2402,cu2402,66590.0,0.0,0.0,0.0,2,66560.0,66690.0,1,66590.0,66750.0,0.0,0.0,0.0,0.0,1692
2023-05-09 21:04:39,cu2402,cu2402,66590.0,0.0,0.0,0.0,3,66560.0,66690.0,1,66590.0,66750.0,0.0,0.0,0.0,0.0,1692
2023-05-09 21:04:40,cu2402,cu2402,66590.0,0.0,0.0,0.0,1,66570.0,66690.0,1,66590.0,66750.0,0.0,0.0,0.0,0.0,1692
2023-05-09 21:04:40,cu2402,cu2402,66590.0,0.0,0.0,0.0,1,66580.0,66690.0,1,66590.0,66750.0,0.0,0.0,0.0,0.0,1692
2023-05-09 21:04:41,cu2402,cu2402,66590.0,0.0,0.0,0.0,1,66580.0,66690.0,1,66590.0,66750.0,0.0,0.0,0.0,0.0,1692
2023-05-09 21:04:42,cu2402,cu2402,66590.0,0.0,0.0,0.0,1,66580.0,66690.0,3,66590.0,66750.0,0.0,0.0,0.0,0.0,1692
2023-05-09 21:04:43,cu2402,cu2402,66590.0,0.0,0.0,0.0,1,66580.0,66690.0,3,66590.0,66750.0,0.0,0.0,0.0,0.0,1692
2023-05-09 21:04:47,cu2402,cu2402,66590.0,0.0,0.0,0.0,1,66580.0,66690.0,3,66590.0,66750.0,0.0,0.0,0.0,0.0,1692
2023-05-09 21:04:47,cu2402,cu2402,66590.0,0.0,0.0,0.0,1,66580.0,66680.0,1,66590.0,66750.0,0.0,0.0,0.0,0.0,1692
2023-05-09 21:04:48,cu2402,cu2402,66590.0,0.0,0.0,0.0,1,66580.0,66670.0,1,66590.0,66750.0,0.0,0.0,0.0,0.0,1692
2023-05-09 21:04:48,cu2402,cu2402,66590.0,0.0,0.0,0.0,1,66580.0,66670.0,1,66590.0,66750.0,0.0,0.0,0.0,0.0,1692
2023-05-09 21:04:49,cu2402,cu2402,66590.0,0.0,0.0,0.0,1,66580.0,66670.0,1,66590.0,66750.0,0.0,0.0,0.0,0.0,1692
2023-05-09 21:04:49,cu2402,cu2402,66590.0,0.0,0.0,0.0,1,66580.0,66690.0,1,66590.0,66750.0,0.0,0.0,0.0,0.0,1692
2023-05-09 21:04:50,cu2402,cu2402,66590.0,0.0,0.0,0.0,1,66530.0,66680.0,3,66590.0,66750.0,0.0,0.0,0.0,0.0,1692
2023-05-09 21:04:50,cu2402,cu2402,66590.0,0.0,0.0,0.0,3,66540.0,66670.0,1,66590.0,66750.0,0.0,0.0,0.0,0.0,1692
2023-05-09 21:04:51,cu2402,cu2402,66590.0,0.0,0.0,0.0,1,66550.0,66670.0,1,66590.0,66750.0,0.0,0.0,0.0,0.0,1692
2023-05-09 21:04:51,cu2402,cu2402,66590.0,0.0,0.0,0.0,1,66560.0,66660.0,1,66590.0,66750.0,0.0,0.0,0.0,0.0,1692
2023-05-09 21:04:52,cu2402,cu2402,66590.0,0.0,0.0,0.0,1,66560.0,66650.0,1,66590.0,66750.0,0.0,0.0,0.0,0.0,1692
2023-05-09 21:04:52,cu2402,cu2402,66590.0,0.0,0.0,0.0,1,66560.0,66650.0,1,66590.0,66750.0,0.0,0.0,0.0,0.0,1692
2023-05-09 21:04:53,cu2402,cu2402,66590.0,0.0,0.0,0.0,1,66560.0,66670.0,1,66590.0,66750.0,0.0,0.0,0.0,0.0,1692
2023-05-09 21:04:53,cu2402,cu2402,66590.0,0.0,0.0,0.0,1,66560.0,66660.0,1,66590.0,66750.0,0.0,0.0,0.0,0.0,1692
2023-05-09 21:04:54,cu2402,cu2402,66590.0,0.0,0.0,0.0,1,66560.0,66670.0,2,66590.0,66750.0,0.0,0.0,0.0,0.0,1692
2023-05-09 21:04:54,cu2402,cu2402,66590.0,0.0,0.0,0.0,1,66560.0,66640.0,1,66590.0,66750.0,0.0,0.0,0.0,0.0,1692
2023-05-09 21:04:55,cu2402,cu2402,66590.0,0.0,0.0,0.0,1,66560.0,66660.0,1,66590.0,66750.0,0.0,0.0,0.0,0.0,1692
2023-05-09 21:04:56,cu2402,cu2402,66590.0,0.0,0.0,0.0,1,66560.0,66660.0,1,66590.0,66750.0,0.0,0.0,0.0,0.0,1692
2023-05-09 21:04:57,cu2402,cu2402,66590.0,0.0,0.0,0.0,1,66560.0,66680.0,1,66590.0,66750.0,0.0,0.0,0.0,0.0,1692
2023-05-09 21:04:57,cu2402,cu2402,66590.0,0.0,0.0,0.0,1,66560.0,66650.0,1,66590.0,66750.0,0.0,0.0,0.0,0.0,1692
2023-05-09 21:04:58,cu2402,cu2402,66590.0,0.0,0.0,0.0,1,66560.0,66660.0,1,66590.0,66750.0,0.0,0.0,0.0,0.0,1692
2023-05-09 21:05:00,cu2402,cu2402,66590.0,0.0,0.0,0.0,1,66560.0,66660.0,1,66590.0,66750.0,0.0,0.0,0.0,0.0,1692
2023-05-09 21:05:00,cu2402,cu2402,66590.0,0.0,0.0,0.0,1,66560.0,66660.0,1,66590.0,66750.0,0.0,0.0,0.0,0.0,1692
2023-05-09 21:05:01,cu2402,cu2402,66590.0,0.0,0.0,0.0,1,66560.0,66680.0,1,66590.0,66750.0,0.0,0.0,0.0,0.0,1692
2023-05-09 21:05:01,cu2402,cu2402,66590.0,0.0,0.0,0.0,1,66560.0,66680.0,4,66590.0,66750.0,0.0,0.0,0.0,0.0,1692
2023-05-09 21:05:02,cu2402,cu2402,66590.0,0.0,0.0,0.0,2,66570.0,66680.0,4,66590.0,66750.0,0.0,0.0,0.0,0.0,1692
2023-05-09 21:05:03,cu2402,cu2402,66590.0,0.0,0.0,0.0,1,66570.0,66680.0,4,66590.0,66750.0,0.0,0.0,0.0,0.0,1692
2023-05-09 21:05:04,cu2402,cu2402,66590.0,0.0,0.0,0.0,4,66530.0,66680.0,4,66590.0,66750.0,0.0,0.0,0.0,0.0,1692
2023-05-09 21:05:04,cu2402,cu2402,66590.0,0.0,0.0,0.0,3,66540.0,66680.0,4,66590.0,66750.0,0.0,0.0,0.0,0.0,1692
2023-05-09 21:05:05,cu2402,cu2402,66590.0,0.0,0.0,0.0,4,66540.0,66670.0,1,66590.0,66750.0,0.0,0.0,0.0,0.0,1692
2023-05-09 21:05:05,cu2402,cu2402,66590.0,0.0,0.0,0.0,1,66550.0,66660.0,1,66590.0,66750.0,0.0,0.0,0.0,0.0,1692
2023-05-09 21:05:06,cu2402,cu2402,66590.0,0.0,0.0,0.0,1,66560.0,66670.0,1,66590.0,66750.0,0.0,0.0,0.0,0.0,1692
2023-05-09 21:05:06,cu2402,cu2402,66590.0,0.0,0.0,0.0,2,66560.0,66690.0,1,66590.0,66750.0,0.0,0.0,0.0,0.0,1692
2023-05-09 21:05:07,cu2402,cu2402,66590.0,0.0,0.0,0.0,1,66560.0,66660.0,1,66590.0,66750.0,0.0,0.0,0.0,0.0,1692
2023-05-09 21:05:07,cu2402,cu2402,66590.0,0.0,0.0,0.0,1,66560.0,66680.0,1,66590.0,66750.0,0.0,0.0,0.0,0.0,1692
2023-05-09 21:05:08,cu2402,cu2402,66590.0,0.0,0.0,0.0,2,66560.0,66680.0,2,66590.0,66750.0,0.0,0.0,0.0,0.0,1692
2023-05-09 21:05:10,cu2402,cu2402,66590.0,0.0,0.0,0.0,2,66560.0,66670.0,1,66590.0,66750.0,0.0,0.0,0.0,0.0,1692
2023-05-09 21:05:10,cu2402,cu2402,66590.0,0.0,0.0,0.0,2,66560.0,66660.0,1,66590.0,66750.0,0.0,0.0,0.0,0.0,1692
2023-05-09 21:05:11,cu2402,cu2402,66590.0,0.0,0.0,0.0,2,66560.0,66680.0,1,66590.0,66750.0,0.0,0.0,0.0,0.0,1692
2023-05-09 21:05:12,cu2402,cu2402,66590.0,0.0,0.0,0.0,2,66560.0,66680.0,2,66590.0,66750.0,0.0,0.0,0.0,0.0,1692
2023-05-09 21:05:12,cu2402,cu2402,66590.0,0.0,0.0,0.0,3,66560.0,66680.0,2,66590.0,66750.0,0.0,0.0,0.0,0.0,1692
2023-05-09 21:05:13,cu2402,cu2402,66590.0,0.0,0.0,0.0,3,66560.0,66680.0,2,66590.0,66750.0,0.0,0.0,0.0,0.0,1692
2023-05-09 21:05:13,cu2402,cu2402,66590.0,0.0,0.0,0.0,3,66560.0,66680.0,1,66590.0,66750.0,0.0,0.0,0.0,0.0,1692
2023-05-09 21:05:14,cu2402,cu2402,66590.0,0.0,0.0,0.0,1,66570.0,66690.0,1,66590.0,66750.0,0.0,0.0,0.0,0.0,1692
2023-05-09 21:05:14,cu2402,cu2402,66590.0,0.0,0.0,0.0,1,66580.0,66670.0,1,66590.0,66750.0,0.0,0.0,0.0,0.0,1692
2023-05-09 21:05:15,cu2402,cu2402,66590.0,0.0,0.0,0.0,1,66580.0,66680.0,1,66590.0,66750.0,0.0,0.0,0.0,0.0,1692
2023-05-09 21:05:15,cu2402,cu2402,66590.0,0.0,0.0,0.0,1,66580.0,66700.0,1,66590.0,66750.0,0.0,0.0,0.0,0.0,1692
2023-05-09 21:05:16,cu2402,cu2402,66590.0,0.0,0.0,0.0,2,66580.0,66700.0,1,66590.0,66750.0,0.0,0.0,0.0,0.0,1692
2023-05-09 21:05:16,cu2402,cu2402,66590.0,0.0,0.0,0.0,5,66590.0,66690.0,2,66590.0,66750.0,0.0,0.0,0.0,0.0,1692
2023-05-09 21:05:17,cu2402,cu2402,66590.0,0.0,0.0,0.0,6,66590.0,66690.0,1,66590.0,66750.0,0.0,0.0,0.0,0.0,1692
2023-05-09 21:05:17,cu2402,cu2402,66590.0,0.0,0.0,0.0,6,66590.0,66690.0,1,66590.0,66750.0,0.0,0.0,0.0,0.0,1692
2023-05-09 21:05:18,cu2402,cu2402,66590.0,0.0,0.0,0.0,7,66590.0,66680.0,1,66590.0,66750.0,0.0,0.0,0.0,0.0,1692
2023-05-09 21:05:18,cu2402,cu2402,66590.0,0.0,0.0,0.0,2,66590.0,66680.0,1,66590.0,66750.0,0.0,0.0,0.0,0.0,1692
2023-05-09 21:05:19,cu2402,cu2402,66590.0,0.0,0.0,0.0,2,66590.0,66700.0,1,66590.0,66750.0,0.0,0.0,0.0,0.0,1692
2023-05-09 21:05:19,cu2402,cu2402,66590.0,0.0,0.0,0.0,2,66590.0,66700.0,2,66590.0,66750.0,0.0,0.0,0.0,0.0,1692
2023-05-09 21:05:22,cu2402,cu2402,66590.0,0.0,0.0,0.0,1,66600.0,66700.0,1,66590.0,66750.0,0.0,0.0,0.0,0.0,1692
2023-05-09 21:05:22,cu2402,cu2402,66590.0,0.0,0.0,0.0,1,66600.0,66700.0,1,66590.0,66750.0,0.0,0.0,0.0,0.0,1692
2023-05-09 21:05:23,cu2402,cu2402,66590.0,0.0,0.0,0.0,1,66600.0,66710.0,1,66590.0,66750.0,0.0,0.0,0.0,0.0,1692
2023-05-09 21:05:24,cu2402,cu2402,66590.0,0.0,0.0,0.0,1,66600.0,66690.0,1,66590.0,66750.0,0.0,0.0,0.0,0.0,1692
2023-05-09 21:05:24,cu2402,cu2402,66590.0,0.0,0.0,0.0,1,66600.0,66700.0,1,66590.0,66750.0,0.0,0.0,0.0,0.0,1692
2023-05-09 21:05:25,cu2402,cu2402,66590.0,0.0,0.0,0.0,1,66610.0,66790.0,1,66590.0,66750.0,0.0,0.0,0.0,0.0,1692
2023-05-09 21:05:25,cu2402,cu2402,66590.0,0.0,0.0,0.0,2,66610.0,66700.0,1,66590.0,66750.0,0.0,0.0,0.0,0.0,1692
2023-05-09 21:05:26,cu2402,cu2402,66590.0,0.0,0.0,0.0,2,66610.0,66770.0,1,66590.0,66750.0,0.0,0.0,0.0,0.0,1692
2023-05-09 21:05:26,cu2402,cu2402,66590.0,0.0,0.0,0.0,2,66610.0,66760.0,3,66590.0,66750.0,0.0,0.0,0.0,0.0,1692
2023-05-09 21:05:27,cu2402,cu2402,66590.0,0.0,0.0,0.0,3,66610.0,66750.0,1,66590.0,66750.0,0.0,0.0,0.0,0.0,1692
2023-05-09 21:05:27,cu2402,cu2402,66590.0,0.0,0.0,0.0,3,66610.0,66740.0,1,66590.0,66750.0,0.0,0.0,0.0,0.0,1692
2023-05-09 21:05:28,cu2402,cu2402,66590.0,0.0,0.0,0.0,1,66620.0,66730.0,1,66590.0,66750.0,0.0,0.0,0.0,0.0,1692
2023-05-09 21:05:28,cu2402,cu2402,66590.0,0.0,0.0,0.0,1,66620.0,66730.0,2,66590.0,66750.0,0.0,0.0,0.0,0.0,1692
2023-05-09 21:05:29,cu2402,cu2402,66590.0,0.0,0.0,0.0,1,66620.0,66730.0,2,66590.0,66750.0,0.0,0.0,0.0,0.0,1692
2023-05-09 21:05:29,cu2402,cu2402,66590.0,0.0,0.0,0.0,1,66620.0,66730.0,2,66590.0,66750.0,0.0,0.0,0.0,0.0,1692
2023-05-09 21:05:32,cu2402,cu2402,66590.0,0.0,0.0,0.0,1,66620.0,66730.0,2,66590.0,66750.0,0.0,0.0,0.0,0.0,1692
2023-05-09 21:05:33,cu2402,cu2402,66590.0,0.0,0.0,0.0,1,66620.0,66730.0,2,66590.0,66750.0,0.0,0.0,0.0,0.0,1692
2023-05-09 21:05:33,cu2402,cu2402,66590.0,0.0,0.0,0.0,1,66540.0,66720.0,1,66590.0,66750.0,0.0,0.0,0.0,0.0,1692
2023-05-09 21:05:34,cu2402,cu2402,66590.0,0.0,0.0,0.0,1,66600.0,66710.0,1,66590.0,66750.0,0.0,0.0,0.0,0.0,1692
2023-05-09 21:05:34,cu2402,cu2402,66590.0,0.0,0.0,0.0,2,66610.0,66710.0,1,66590.0,66750.0,0.0,0.0,0.0,0.0,1692
2023-05-09 21:05:35,cu2402,cu2402,66590.0,0.0,0.0,0.0,2,66610.0,66730.0,1,66590.0,66750.0,0.0,0.0,0.0,0.0,1692
2023-05-09 21:05:35,cu2402,cu2402,66590.0,0.0,0.0,0.0,2,66610.0,66720.0,1,66590.0,66750.0,0.0,0.0,0.0,0.0,1692
2023-05-09 21:05:36,cu2402,cu2402,66590.0,0.0,0.0,0.0,2,66610.0,66710.0,1,66590.0,66750.0,0.0,0.0,0.0,0.0,1692
2023-05-09 21:05:36,cu2402,cu2402,66590.0,0.0,0.0,0.0,2,66610.0,66710.0,1,66590.0,66750.0,0.0,0.0,0.0,0.0,1692
2023-05-09 21:05:37,cu2402,cu2402,66590.0,0.0,0.0,0.0,2,66610.0,66710.0,1,66590.0,66750.0,0.0,0.0,0.0,0.0,1692
2023-05-09 21:05:37,cu2402,cu2402,66590.0,0.0,0.0,0.0,2,66610.0,66730.0,1,66590.0,66750.0,0.0,0.0,0.0,0.0,1692
2023-05-09 21:05:38,cu2402,cu2402,66590.0,0.0,0.0,0.0,2,66610.0,66720.0,1,66590.0,66750.0,0.0,0.0,0.0,0.0,1692
2023-05-09 21:05:38,cu2402,cu2402,66590.0,0.0,0.0,0.0,1,66570.0,66710.0,1,66590.0,66750.0,0.0,0.0,0.0,0.0,1692
2023-05-09 21:05:39,cu2402,cu2402,66590.0,0.0,0.0,0.0,1,66590.0,66710.0,2,66590.0,66750.0,0.0,0.0,0.0,0.0,1692
2023-05-09 21:05:39,cu2402,cu2402,66590.0,0.0,0.0,0.0,3,66600.0,66710.0,2,66590.0,66750.0,0.0,0.0,0.0,0.0,1692
2023-05-09 21:05:40,cu2402,cu2402,66590.0,0.0,0.0,0.0,3,66600.0,66710.0,2,66590.0,66750.0,0.0,0.0,0.0,0.0,1692
2023-05-09 21:05:40,cu2402,cu2402,66590.0,0.0,0.0,0.0,2,66600.0,66710.0,2,66590.0,66750.0,0.0,0.0,0.0,0.0,1692
2023-05-09 21:05:43,cu2402,cu2402,66590.0,0.0,0.0,0.0,1,66610.0,66710.0,2,66590.0,66750.0,0.0,0.0,0.0,0.0,1692
2023-05-09 21:05:43,cu2402,cu2402,66590.0,0.0,0.0,0.0,1,66610.0,66710.0,1,66590.0,66750.0,0.0,0.0,0.0,0.0,1692
2023-05-09 21:05:44,cu2402,cu2402,66590.0,0.0,0.0,0.0,2,66610.0,66710.0,2,66590.0,66750.0,0.0,0.0,0.0,0.0,1692
2023-05-09 21:05:45,cu2402,cu2402,66590.0,0.0,0.0,0.0,2,66610.0,66710.0,2,66590.0,66750.0,0.0,0.0,0.0,0.0,1692
2023-05-09 21:05:46,cu2402,cu2402,66590.0,0.0,0.0,0.0,2,66610.0,66710.0,1,66590.0,66750.0,0.0,0.0,0.0,0.0,1692
2023-05-09 21:05:49,cu2402,cu2402,66590.0,0.0,0.0,0.0,2,66610.0,66710.0,1,66590.0,66750.0,0.0,0.0,0.0,0.0,1692
2023-05-09 21:05:49,cu2402,cu2402,66590.0,0.0,0.0,0.0,2,66610.0,66710.0,1,66590.0,66750.0,0.0,0.0,0.0,0.0,1692
2023-05-09 21:05:50,cu2402,cu2402,66590.0,0.0,0.0,0.0,2,66610.0,66710.0,1,66590.0,66750.0,0.0,0.0,0.0,0.0,1692
2023-05-09 21:05:50,cu2402,cu2402,66590.0,0.0,0.0,0.0,2,66610.0,66710.0,1,66590.0,66750.0,0.0,0.0,0.0,0.0,1692
2023-05-09 21:05:51,cu2402,cu2402,66590.0,0.0,0.0,0.0,2,66610.0,66710.0,1,66590.0,66750.0,0.0,0.0,0.0,0.0,1692
2023-05-09 21:05:51,cu2402,cu2402,66590.0,0.0,0.0,0.0,2,66610.0,66710.0,1,66590.0,66750.0,0.0,0.0,0.0,0.0,1692
2023-05-09 21:05:54,cu2402,cu2402,66590.0,0.0,0.0,0.0,2,66610.0,66720.0,1,66590.0,66750.0,0.0,0.0,0.0,0.0,1692
2023-05-09 21:05:55,cu2402,cu2402,66590.0,0.0,0.0,0.0,2,66610.0,66700.0,1,66590.0,66750.0,0.0,0.0,0.0,0.0,1692
2023-05-09 21:05:55,cu2402,cu2402,66590.0,0.0,0.0,0.0,2,66610.0,66710.0,1,66590.0,66750.0,0.0,0.0,0.0,0.0,1692
2023-05-09 21:05:56,cu2402,cu2402,66590.0,0.0,0.0,0.0,2,66610.0,66690.0,1,66590.0,66750.0,0.0,0.0,0.0,0.0,1692
2023-05-09 21:05:56,cu2402,cu2402,66590.0,0.0,0.0,0.0,2,66610.0,66700.0,1,66590.0,66750.0,0.0,0.0,0.0,0.0,1692
2023-05-09 21:05:57,cu2402,cu2402,66590.0,0.0,0.0,0.0,2,66620.0,66780.0,1,66590.0,66750.0,0.0,0.0,0.0,0.0,1692
2023-05-09 21:05:57,cu2402,cu2402,66590.0,0.0,0.0,0.0,2,66620.0,66770.0,4,66590.0,66750.0,0.0,0.0,0.0,0.0,1692
2023-05-09 21:05:58,cu2402,cu2402,66590.0,0.0,0.0,0.0,1,66630.0,66760.0,1,66590.0,66750.0,0.0,0.0,0.0,0.0,1692
2023-05-09 21:05:58,cu2402,cu2402,66590.0,0.0,0.0,0.0,1,66640.0,66750.0,1,66590.0,66750.0,0.0,0.0,0.0,0.0,1692
2023-05-09 21:05:59,cu2402,cu2402,66590.0,0.0,0.0,0.0,1,66640.0,66740.0,1,66590.0,66750.0,0.0,0.0,0.0,0.0,1692
2023-05-09 21:05:59,cu2402,cu2402,66590.0,0.0,0.0,0.0,1,66630.0,66740.0,2,66590.0,66750.0,0.0,0.0,0.0,0.0,1692
2023-05-09 21:06:00,cu2402,cu2402,66590.0,0.0,0.0,0.0,3,66630.0,66740.0,2,66590.0,66750.0,0.0,0.0,0.0,0.0,1692
2023-05-09 21:06:00,cu2402,cu2402,66590.0,0.0,0.0,0.0,3,66630.0,66740.0,2,66590.0,66750.0,0.0,0.0,0.0,0.0,1692
2023-05-09 21:06:02,cu2402,cu2402,66590.0,0.0,0.0,0.0,1,66630.0,66740.0,2,66590.0,66750.0,0.0,0.0,0.0,0.0,1692
2023-05-09 21:06:03,cu2402,cu2402,66590.0,0.0,0.0,0.0,1,66630.0,66740.0,2,66590.0,66750.0,0.0,0.0,0.0,0.0,1692
2023-05-09 21:06:04,cu2402,cu2402,66590.0,0.0,0.0,0.0,1,66630.0,66740.0,2,66590.0,66750.0,0.0,0.0,0.0,0.0,1692
2023-05-09 21:06:07,cu2402,cu2402,66590.0,0.0,0.0,0.0,1,66630.0,66740.0,2,66590.0,66750.0,0.0,0.0,0.0,0.0,1692
2023-05-09 21:06:07,cu2402,cu2402,66590.0,0.0,0.0,0.0,1,66630.0,66740.0,2,66590.0,66750.0,0.0,0.0,0.0,0.0,1692
2023-05-09 21:06:08,cu2402,cu2402,66590.0,0.0,0.0,0.0,1,66540.0,66730.0,1,66590.0,66750.0,0.0,0.0,0.0,0.0,1692
2023-05-09 21:06:08,cu2402,cu2402,66590.0,0.0,0.0,0.0,1,66590.0,66720.0,1,66590.0,66750.0,0.0,0.0,0.0,0.0,1692
2023-05-09 21:06:09,cu2402,cu2402,66590.0,0.0,0.0,0.0,3,66600.0,66720.0,2,66590.0,66750.0,0.0,0.0,0.0,0.0,1692
2023-05-09 21:06:09,cu2402,cu2402,66590.0,0.0,0.0,0.0,3,66600.0,66720.0,2,66590.0,66750.0,0.0,0.0,0.0,0.0,1692
2023-05-09 21:06:10,cu2402,cu2402,66590.0,0.0,0.0,0.0,3,66600.0,66720.0,2,66590.0,66750.0,0.0,0.0,0.0,0.0,1692
2023-05-09 21:06:11,cu2402,cu2402,66590.0,0.0,0.0,0.0,3,66600.0,66720.0,2,66590.0,66750.0,0.0,0.0,0.0,0.0,1692
2023-05-09 21:06:13,cu2402,cu2402,66590.0,0.0,0.0,0.0,3,66600.0,66720.0,4,66590.0,66750.0,0.0,0.0,0.0,0.0,1692
2023-05-09 21:06:14,cu2402,cu2402,66590.0,0.0,0.0,0.0,3,66600.0,66720.0,4,66590.0,66750.0,0.0,0.0,0.0,0.0,1692
2023-05-09 21:06:15,cu2402,cu2402,66590.0,0.0,0.0,0.0,3,66600.0,66720.0,4,66590.0,66750.0,0.0,0.0,0.0,0.0,1692
2023-05-09 21:06:16,cu2402,cu2402,66590.0,0.0,0.0,0.0,3,66600.0,66720.0,4,66590.0,66750.0,0.0,0.0,0.0,0.0,1692
2023-05-09 21:06:16,cu2402,cu2402,66590.0,0.0,0.0,0.0,3,66600.0,66720.0,4,66590.0,66750.0,0.0,0.0,0.0,0.0,1692
2023-05-09 21:06:17,cu2402,cu2402,66590.0,0.0,0.0,0.0,3,66600.0,66720.0,4,66590.0,66750.0,0.0,0.0,0.0,0.0,1692
2023-05-09 21:06:17,cu2402,cu2402,66590.0,0.0,0.0,0.0,3,66600.0,66720.0,4,66590.0,66750.0,0.0,0.0,0.0,0.0,1692
2023-05-09 21:06:18,cu2402,cu2402,66590.0,0.0,0.0,0.0,2,66600.0,66720.0,4,66590.0,66750.0,0.0,0.0,0.0,0.0,1692
2023-05-09 21:06:18,cu2402,cu2402,66590.0,0.0,0.0,0.0,2,66600.0,66710.0,1,66590.0,66750.0,0.0,0.0,0.0,0.0,1692
2023-05-09 21:06:19,cu2402,cu2402,66590.0,0.0,0.0,0.0,2,66600.0,66700.0,1,66590.0,66750.0,0.0,0.0,0.0,0.0,1692
2023-05-09 21:06:19,cu2402,cu2402,66590.0,0.0,0.0,0.0,2,66600.0,66700.0,1,66590.0,66750.0,0.0,0.0,0.0,0.0,1692
2023-05-09 21:06:21,cu2402,cu2402,66590.0,0.0,0.0,0.0,2,66600.0,66700.0,1,66590.0,66750.0,0.0,0.0,0.0,0.0,1692
2023-05-09 21:06:22,cu2402,cu2402,66590.0,0.0,0.0,0.0,4,66550.0,66700.0,1,66590.0,66750.0,0.0,0.0,0.0,0.0,1692
2023-05-09 21:06:22,cu2402,cu2402,66590.0,0.0,0.0,0.0,3,66560.0,66700.0,1,66590.0,66750.0,0.0,0.0,0.0,0.0,1692
2023-05-09 21:06:23,cu2402,cu2402,66590.0,0.0,0.0,0.0,1,66570.0,66700.0,1,66590.0,66750.0,0.0,0.0,0.0,0.0,1692
2023-05-09 21:06:23,cu2402,cu2402,66590.0,0.0,0.0,0.0,2,66580.0,66700.0,1,66590.0,66750.0,0.0,0.0,0.0,0.0,1692
2023-05-09 21:06:24,cu2402,cu2402,66590.0,0.0,0.0,0.0,2,66580.0,66700.0,1,66590.0,66750.0,0.0,0.0,0.0,0.0,1692
2023-05-09 21:06:24,cu2402,cu2402,66590.0,0.0,0.0,0.0,1,66580.0,66700.0,1,66590.0,66750.0,0.0,0.0,0.0,0.0,1692
2023-05-09 21:06:25,cu2402,cu2402,66590.0,0.0,0.0,0.0,1,66580.0,66700.0,1,66590.0,66750.0,0.0,0.0,0.0,0.0,1692
2023-05-09 21:06:25,cu2402,cu2402,66590.0,0.0,0.0,0.0,2,66580.0,66700.0,1,66590.0,66750.0,0.0,0.0,0.0,0.0,1692
2023-05-09 21:06:28,cu2402,cu2402,66590.0,0.0,0.0,0.0,2,66580.0,66700.0,1,66590.0,66750.0,0.0,0.0,0.0,0.0,1692
2023-05-09 21:06:29,cu2402,cu2402,66590.0,0.0,0.0,0.0,2,66580.0,66700.0,3,66590.0,66750.0,0.0,0.0,0.0,0.0,1692
2023-05-09 21:06:31,cu2402,cu2402,66590.0,0.0,0.0,0.0,1,66580.0,66700.0,3,66590.0,66750.0,0.0,0.0,0.0,0.0,1692
2023-05-09 21:06:31,cu2402,cu2402,66590.0,0.0,0.0,0.0,1,66580.0,66700.0,4,66590.0,66750.0,0.0,0.0,0.0,0.0,1692
2023-05-09 21:06:34,cu2402,cu2402,66590.0,0.0,0.0,0.0,1,66580.0,66700.0,2,66590.0,66750.0,0.0,0.0,0.0,0.0,1692
2023-05-09 21:06:35,cu2402,cu2402,66590.0,0.0,0.0,0.0,1,66580.0,66700.0,4,66590.0,66750.0,0.0,0.0,0.0,0.0,1692
2023-05-09 21:06:37,cu2402,cu2402,66590.0,0.0,0.0,0.0,2,66580.0,66700.0,4,66590.0,66750.0,0.0,0.0,0.0,0.0,1692
2023-05-09 21:06:38,cu2402,cu2402,66590.0,0.0,0.0,0.0,2,66580.0,66700.0,2,66590.0,66750.0,0.0,0.0,0.0,0.0,1692
2023-05-09 21:06:38,cu2402,cu2402,66590.0,0.0,0.0,0.0,2,66580.0,66700.0,2,66590.0,66750.0,0.0,0.0,0.0,0.0,1692
2023-05-09 21:06:39,cu2402,cu2402,66590.0,0.0,0.0,0.0,2,66580.0,66700.0,2,66590.0,66750.0,0.0,0.0,0.0,0.0,1692
2023-05-09 21:06:41,cu2402,cu2402,66590.0,0.0,0.0,0.0,2,66580.0,66700.0,2,66590.0,66750.0,0.0,0.0,0.0,0.0,1692
2023-05-09 21:06:42,cu2402,cu2402,66590.0,0.0,0.0,0.0,2,66580.0,66700.0,2,66590.0,66750.0,0.0,0.0,0.0,0.0,1692
2023-05-09 21:06:42,cu2402,cu2402,66590.0,0.0,0.0,0.0,2,66580.0,66700.0,1,66590.0,66750.0,0.0,0.0,0.0,0.0,1692
2023-05-09 21:06:43,cu2402,cu2402,66590.0,0.0,0.0,0.0,2,66580.0,66710.0,1,66590.0,66750.0,0.0,0.0,0.0,0.0,1692
2023-05-09 21:06:43,cu2402,cu2402,66590.0,0.0,0.0,0.0,1,66590.0,66690.0,1,66590.0,66750.0,0.0,0.0,0.0,0.0,1692
2023-05-09 21:06:44,cu2402,cu2402,66590.0,0.0,0.0,0.0,1,66600.0,66690.0,1,66590.0,66750.0,0.0,0.0,0.0,0.0,1692
2023-05-09 21:06:44,cu2402,cu2402,66590.0,0.0,0.0,0.0,1,66600.0,66700.0,1,66590.0,66750.0,0.0,0.0,0.0,0.0,1692
2023-05-09 21:06:45,cu2402,cu2402,66590.0,0.0,0.0,0.0,1,66600.0,66710.0,1,66590.0,66750.0,0.0,0.0,0.0,0.0,1692
2023-05-09 21:06:45,cu2402,cu2402,66590.0,0.0,0.0,0.0,1,66600.0,66710.0,2,66590.0,66750.0,0.0,0.0,0.0,0.0,1692
2023-05-09 21:06:48,cu2402,cu2402,66590.0,0.0,0.0,0.0,1,66600.0,66700.0,1,66590.0,66750.0,0.0,0.0,0.0,0.0,1692
2023-05-09 21:06:48,cu2402,cu2402,66590.0,0.0,0.0,0.0,1,66600.0,66690.0,1,66590.0,66750.0,0.0,0.0,0.0,0.0,1692
2023-05-09 21:06:49,cu2402,cu2402,66590.0,0.0,0.0,0.0,1,66600.0,66690.0,1,66590.0,66750.0,0.0,0.0,0.0,0.0,1692
2023-05-09 21:06:49,cu2402,cu2402,66590.0,0.0,0.0,0.0,1,66600.0,66700.0,1,66590.0,66750.0,0.0,0.0,0.0,0.0,1692
2023-05-09 21:06:50,cu2402,cu2402,66590.0,0.0,0.0,0.0,1,66600.0,66700.0,2,66590.0,66750.0,0.0,0.0,0.0,0.0,1692
2023-05-09 21:06:50,cu2402,cu2402,66590.0,0.0,0.0,0.0,1,66600.0,66700.0,2,66590.0,66750.0,0.0,0.0,0.0,0.0,1692
2023-05-09 21:06:51,cu2402,cu2402,66590.0,0.0,0.0,0.0,1,66600.0,66700.0,2,66590.0,66750.0,0.0,0.0,0.0,0.0,1692
2023-05-09 21:06:55,cu2402,cu2402,66590.0,0.0,0.0,0.0,1,66540.0,66700.0,2,66590.0,66750.0,0.0,0.0,0.0,0.0,1692
2023-05-09 21:06:55,cu2402,cu2402,66590.0,0.0,0.0,0.0,1,66560.0,66700.0,2,66590.0,66750.0,0.0,0.0,0.0,0.0,1692
2023-05-09 21:06:56,cu2402,cu2402,66590.0,0.0,0.0,0.0,2,66570.0,66700.0,2,66590.0,66750.0,0.0,0.0,0.0,0.0,1692
2023-05-09 21:06:56,cu2402,cu2402,66590.0,0.0,0.0,0.0,2,66570.0,66700.0,2,66590.0,66750.0,0.0,0.0,0.0,0.0,1692
2023-05-09 21:06:59,cu2402,cu2402,66590.0,0.0,0.0,0.0,1,66580.0,66700.0,2,66590.0,66750.0,0.0,0.0,0.0,0.0,1692
2023-05-09 21:06:59,cu2402,cu2402,66590.0,0.0,0.0,0.0,1,66590.0,66700.0,2,66590.0,66750.0,0.0,0.0,0.0,0.0,1692
2023-05-09 21:07:00,cu2402,cu2402,66590.0,0.0,0.0,0.0,1,66590.0,66700.0,2,66590.0,66750.0,0.0,0.0,0.0,0.0,1692
2023-05-09 21:07:02,cu2402,cu2402,66590.0,0.0,0.0,0.0,5,66550.0,66700.0,4,66590.0,66750.0,0.0,0.0,0.0,0.0,1692
2023-05-09 21:07:02,cu2402,cu2402,66590.0,0.0,0.0,0.0,2,66560.0,66690.0,1,66590.0,66750.0,0.0,0.0,0.0,0.0,1692
2023-05-09 21:07:03,cu2402,cu2402,66590.0,0.0,0.0,0.0,1,66570.0,66680.0,1,66590.0,66750.0,0.0,0.0,0.0,0.0,1692
2023-05-09 21:07:03,cu2402,cu2402,66590.0,0.0,0.0,0.0,1,66580.0,66690.0,2,66590.0,66750.0,0.0,0.0,0.0,0.0,1692
2023-05-09 21:07:04,cu2402,cu2402,66590.0,0.0,0.0,0.0,1,66580.0,66670.0,1,66590.0,66750.0,0.0,0.0,0.0,0.0,1692
2023-05-09 21:07:04,cu2402,cu2402,66590.0,0.0,0.0,0.0,1,66580.0,66680.0,1,66590.0,66750.0,0.0,0.0,0.0,0.0,1692
2023-05-09 21:07:06,cu2402,cu2402,66590.0,0.0,0.0,0.0,2,66580.0,66680.0,1,66590.0,66750.0,0.0,0.0,0.0,0.0,1692
2023-05-09 21:07:07,cu2402,cu2402,66590.0,0.0,0.0,0.0,2,66580.0,66680.0,1,66590.0,66750.0,0.0,0.0,0.0,0.0,1692
2023-05-09 21:07:08,cu2402,cu2402,66590.0,0.0,0.0,0.0,2,66580.0,66680.0,1,66590.0,66750.0,0.0,0.0,0.0,0.0,1692
2023-05-09 21:07:08,cu2402,cu2402,66590.0,0.0,0.0,0.0,2,66580.0,66680.0,1,66590.0,66750.0,0.0,0.0,0.0,0.0,1692
2023-05-09 21:07:11,cu2402,cu2402,66590.0,0.0,0.0,0.0,1,66540.0,66680.0,1,66590.0,66750.0,0.0,0.0,0.0,0.0,1692
2023-05-09 21:07:12,cu2402,cu2402,66590.0,0.0,0.0,0.0,3,66550.0,66680.0,2,66590.0,66750.0,0.0,0.0,0.0,0.0,1692
2023-05-09 21:07:12,cu2402,cu2402,66590.0,0.0,0.0,0.0,4,66550.0,66680.0,2,66590.0,66750.0,0.0,0.0,0.0,0.0,1692
2023-05-09 21:07:19,cu2402,cu2402,66590.0,0.0,0.0,0.0,7,66550.0,66680.0,2,66590.0,66750.0,0.0,0.0,0.0,0.0,1692
2023-05-09 21:07:20,cu2402,cu2402,66590.0,0.0,0.0,0.0,7,66550.0,66680.0,1,66590.0,66750.0,0.0,0.0,0.0,0.0,1692
2023-05-09 21:07:22,cu2402,cu2402,66590.0,0.0,0.0,0.0,7,66550.0,66680.0,1,66590.0,66750.0,0.0,0.0,0.0,0.0,1692
2023-05-09 21:07:23,cu2402,cu2402,66590.0,0.0,0.0,0.0,7,66550.0,66680.0,1,66590.0,66750.0,0.0,0.0,0.0,0.0,1692
2023-05-09 21:07:24,cu2402,cu2402,66590.0,0.0,0.0,0.0,9,66550.0,66680.0,1,66590.0,66750.0,0.0,0.0,0.0,0.0,1692
2023-05-09 21:07:25,cu2402,cu2402,66590.0,0.0,0.0,0.0,9,66550.0,66680.0,1,66590.0,66750.0,0.0,0.0,0.0,0.0,1692
2023-05-09 21:07:25,cu2402,cu2402,66590.0,0.0,0.0,0.0,5,66560.0,66680.0,1,66590.0,66750.0,0.0,0.0,0.0,0.0,1692
2023-05-09 21:07:26,cu2402,cu2402,66590.0,0.0,0.0,0.0,2,66570.0,66680.0,1,66590.0,66750.0,0.0,0.0,0.0,0.0,1692
2023-05-09 21:07:26,cu2402,cu2402,66590.0,0.0,0.0,0.0,1,66580.0,66680.0,1,66590.0,66750.0,0.0,0.0,0.0,0.0,1692
2023-05-09 21:07:27,cu2402,cu2402,66590.0,0.0,0.0,0.0,1,66610.0,66680.0,1,66590.0,66750.0,0.0,0.0,0.0,0.0,1692
2023-05-09 21:07:27,cu2402,cu2402,66590.0,0.0,0.0,0.0,1,66540.0,66680.0,1,66590.0,66750.0,0.0,0.0,0.0,0.0,1692
2023-05-09 21:07:28,cu2402,cu2402,66590.0,0.0,0.0,0.0,1,66560.0,66680.0,1,66590.0,66750.0,0.0,0.0,0.0,0.0,1692
2023-05-09 21:07:28,cu2402,cu2402,66590.0,0.0,0.0,0.0,2,66570.0,66680.0,1,66590.0,66750.0,0.0,0.0,0.0,0.0,1692
2023-05-09 21:07:29,cu2402,cu2402,66590.0,0.0,0.0,0.0,1,66580.0,66680.0,1,66590.0,66750.0,0.0,0.0,0.0,0.0,1692
2023-05-09 21:07:29,cu2402,cu2402,66590.0,0.0,0.0,0.0,3,66590.0,66680.0,1,66590.0,66750.0,0.0,0.0,0.0,0.0,1692
2023-05-09 21:07:30,cu2402,cu2402,66590.0,0.0,0.0,0.0,3,66590.0,66680.0,1,66590.0,66750.0,0.0,0.0,0.0,0.0,1692
2023-05-09 21:07:30,cu2402,cu2402,66590.0,0.0,0.0,0.0,2,66590.0,66680.0,1,66590.0,66750.0,0.0,0.0,0.0,0.0,1692
2023-05-09 21:07:31,cu2402,cu2402,66590.0,0.0,0.0,0.0,3,66590.0,66680.0,1,66590.0,66750.0,0.0,0.0,0.0,0.0,1692
2023-05-09 21:07:32,cu2402,cu2402,66590.0,0.0,0.0,0.0,2,66590.0,66680.0,1,66590.0,66750.0,0.0,0.0,0.0,0.0,1692
2023-05-09 21:07:32,cu2402,cu2402,66590.0,0.0,0.0,0.0,2,66590.0,66680.0,1,66590.0,66750.0,0.0,0.0,0.0,0.0,1692
2023-05-09 21:07:33,cu2402,cu2402,66590.0,0.0,0.0,0.0,2,66590.0,66680.0,1,66590.0,66750.0,0.0,0.0,0.0,0.0,1692
2023-05-09 21:07:34,cu2402,cu2402,66590.0,0.0,0.0,0.0,2,66590.0,66680.0,1,66590.0,66750.0,0.0,0.0,0.0,0.0,1692
2023-05-09 21:07:34,cu2402,cu2402,66590.0,0.0,0.0,0.0,2,66590.0,66680.0,1,66590.0,66750.0,0.0,0.0,0.0,0.0,1692
2023-05-09 21:07:37,cu2402,cu2402,66590.0,0.0,0.0,0.0,2,66590.0,66680.0,1,66590.0,66750.0,0.0,0.0,0.0,0.0,1692
2023-05-09 21:07:38,cu2402,cu2402,66590.0,0.0,0.0,0.0,2,66590.0,66680.0,1,66590.0,66750.0,0.0,0.0,0.0,0.0,1692
2023-05-09 21:07:38,cu2402,cu2402,66590.0,0.0,0.0,0.0,2,66590.0,66700.0,1,66590.0,66750.0,0.0,0.0,0.0,0.0,1692
2023-05-09 21:07:39,cu2402,cu2402,66590.0,0.0,0.0,0.0,2,66590.0,66700.0,2,66590.0,66750.0,0.0,0.0,0.0,0.0,1692
2023-05-09 21:07:40,cu2402,cu2402,66590.0,0.0,0.0,0.0,2,66590.0,66700.0,2,66590.0,66750.0,0.0,0.0,0.0,0.0,1692
2023-05-09 21:07:40,cu2402,cu2402,66590.0,0.0,0.0,0.0,2,66590.0,66700.0,2,66590.0,66750.0,0.0,0.0,0.0,0.0,1692
2023-05-09 21:07:42,cu2402,cu2402,66590.0,0.0,0.0,0.0,2,66590.0,66700.0,2,66590.0,66750.0,0.0,0.0,0.0,0.0,1692
2023-05-09 21:07:43,cu2402,cu2402,66590.0,0.0,0.0,0.0,2,66590.0,66700.0,2,66590.0,66750.0,0.0,0.0,0.0,0.0,1692
2023-05-09 21:07:43,cu2402,cu2402,66590.0,0.0,0.0,0.0,2,66590.0,66700.0,2,66590.0,66750.0,0.0,0.0,0.0,0.0,1692
2023-05-09 21:07:44,cu2402,cu2402,66590.0,0.0,0.0,0.0,2,66590.0,66700.0,2,66590.0,66750.0,0.0,0.0,0.0,0.0,1692
2023-05-09 21:07:50,cu2402,cu2402,66590.0,0.0,0.0,0.0,2,66590.0,66690.0,1,66590.0,66750.0,0.0,0.0,0.0,0.0,1692
2023-05-09 21:07:50,cu2402,cu2402,66590.0,0.0,0.0,0.0,2,66590.0,66690.0,1,66590.0,66750.0,0.0,0.0,0.0,0.0,1692
2023-05-09 21:07:51,cu2402,cu2402,66590.0,0.0,0.0,0.0,2,66590.0,66680.0,1,66590.0,66750.0,0.0,0.0,0.0,0.0,1692
2023-05-09 21:07:54,cu2402,cu2402,66590.0,0.0,0.0,0.0,2,66590.0,66680.0,1,66590.0,66750.0,0.0,0.0,0.0,0.0,1692
2023-05-09 21:07:55,cu2402,cu2402,66590.0,0.0,0.0,0.0,1,66600.0,66680.0,1,66590.0,66750.0,0.0,0.0,0.0,0.0,1692
2023-05-09 21:07:55,cu2402,cu2402,66590.0,0.0,0.0,0.0,2,66600.0,66680.0,1,66590.0,66750.0,0.0,0.0,0.0,0.0,1692
2023-05-09 21:07:56,cu2402,cu2402,66590.0,0.0,0.0,0.0,3,66600.0,66680.0,1,66590.0,66750.0,0.0,0.0,0.0,0.0,1692
2023-05-09 21:07:56,cu2402,cu2402,66590.0,0.0,0.0,0.0,2,66600.0,66680.0,1,66590.0,66750.0,0.0,0.0,0.0,0.0,1692
2023-05-09 21:07:57,cu2402,cu2402,66590.0,0.0,0.0,0.0,2,66600.0,66680.0,1,66590.0,66750.0,0.0,0.0,0.0,0.0,1692
2023-05-09 21:07:58,cu2402,cu2402,66590.0,0.0,0.0,0.0,2,66600.0,66680.0,1,66590.0,66750.0,0.0,0.0,0.0,0.0,1692
2023-05-09 21:07:58,cu2402,cu2402,66590.0,0.0,0.0,0.0,2,66600.0,66680.0,1,66590.0,66750.0,0.0,0.0,0.0,0.0,1692
2023-05-09 21:07:59,cu2402,cu2402,66590.0,0.0,0.0,0.0,2,66600.0,66680.0,1,66590.0,66750.0,0.0,0.0,0.0,0.0,1692
2023-05-09 21:08:01,cu2402,cu2402,66590.0,0.0,0.0,0.0,2,66600.0,66680.0,1,66590.0,66750.0,0.0,0.0,0.0,0.0,1692
2023-05-09 21:08:01,cu2402,cu2402,66590.0,0.0,0.0,0.0,2,66600.0,66680.0,1,66590.0,66750.0,0.0,0.0,0.0,0.0,1692
2023-05-09 21:08:04,cu2402,cu2402,66590.0,0.0,0.0,0.0,2,66600.0,66680.0,1,66590.0,66750.0,0.0,0.0,0.0,0.0,1692
2023-05-09 21:08:05,cu2402,cu2402,66590.0,0.0,0.0,0.0,2,66600.0,66680.0,1,66590.0,66750.0,0.0,0.0,0.0,0.0,1692
2023-05-09 21:08:05,cu2402,cu2402,66590.0,0.0,0.0,0.0,1,66610.0,66700.0,1,66590.0,66750.0,0.0,0.0,0.0,0.0,1692
2023-05-09 21:08:06,cu2402,cu2402,66590.0,0.0,0.0,0.0,2,66610.0,66790.0,1,66590.0,66750.0,0.0,0.0,0.0,0.0,1692
2023-05-09 21:08:06,cu2402,cu2402,66590.0,0.0,0.0,0.0,5,66620.0,66690.0,1,66590.0,66750.0,0.0,0.0,0.0,0.0,1692
2023-05-09 21:08:07,cu2402,cu2402,66590.0,0.0,0.0,0.0,6,66620.0,66700.0,1,66590.0,66750.0,0.0,0.0,0.0,0.0,1692
2023-05-09 21:08:08,cu2402,cu2402,66590.0,0.0,0.0,0.0,6,66620.0,66750.0,1,66590.0,66750.0,0.0,0.0,0.0,0.0,1692
2023-05-09 21:08:08,cu2402,cu2402,66590.0,0.0,0.0,0.0,6,66620.0,66690.0,1,66590.0,66750.0,0.0,0.0,0.0,0.0,1692
2023-05-09 21:08:09,cu2402,cu2402,66590.0,0.0,0.0,0.0,6,66620.0,66690.0,1,66590.0,66750.0,0.0,0.0,0.0,0.0,1692
2023-05-09 21:08:09,cu2402,cu2402,66590.0,0.0,0.0,0.0,6,66620.0,66750.0,1,66590.0,66750.0,0.0,0.0,0.0,0.0,1692
2023-05-09 21:08:10,cu2402,cu2402,66590.0,0.0,0.0,0.0,6,66620.0,66740.0,4,66590.0,66750.0,0.0,0.0,0.0,0.0,1692
2023-05-09 21:08:10,cu2402,cu2402,66590.0,0.0,0.0,0.0,6,66620.0,66740.0,4,66590.0,66750.0,0.0,0.0,0.0,0.0,1692
2023-05-09 21:08:11,cu2402,cu2402,66590.0,0.0,0.0,0.0,6,66620.0,66730.0,1,66590.0,66750.0,0.0,0.0,0.0,0.0,1692
2023-05-09 21:08:12,cu2402,cu2402,66590.0,0.0,0.0,0.0,6,66620.0,66720.0,1,66590.0,66750.0,0.0,0.0,0.0,0.0,1692
2023-05-09 21:08:12,cu2402,cu2402,66590.0,0.0,0.0,0.0,6,66620.0,66720.0,1,66590.0,66750.0,0.0,0.0,0.0,0.0,1692
2023-05-09 21:08:13,cu2402,cu2402,66590.0,0.0,0.0,0.0,6,66620.0,66720.0,2,66590.0,66750.0,0.0,0.0,0.0,0.0,1692
2023-05-09 21:08:13,cu2402,cu2402,66590.0,0.0,0.0,0.0,6,66620.0,66720.0,2,66590.0,66750.0,0.0,0.0,0.0,0.0,1692
2023-05-09 21:08:14,cu2402,cu2402,66590.0,0.0,0.0,0.0,6,66620.0,66720.0,1,66590.0,66750.0,0.0,0.0,0.0,0.0,1692
2023-05-09 21:08:14,cu2402,cu2402,66590.0,0.0,0.0,0.0,6,66620.0,66750.0,1,66590.0,66750.0,0.0,0.0,0.0,0.0,1692
2023-05-09 21:08:15,cu2402,cu2402,66590.0,0.0,0.0,0.0,1,66620.0,66740.0,2,66590.0,66750.0,0.0,0.0,0.0,0.0,1692
2023-05-09 21:08:15,cu2402,cu2402,66590.0,0.0,0.0,0.0,1,66630.0,66740.0,2,66590.0,66750.0,0.0,0.0,0.0,0.0,1692
2023-05-09 21:08:16,cu2402,cu2402,66590.0,0.0,0.0,0.0,1,66630.0,66730.0,1,66590.0,66750.0,0.0,0.0,0.0,0.0,1692
2023-05-09 21:08:16,cu2402,cu2402,66590.0,0.0,0.0,0.0,1,66630.0,66730.0,1,66590.0,66750.0,0.0,0.0,0.0,0.0,1692
2023-05-09 21:08:17,cu2402,cu2402,66590.0,0.0,0.0,0.0,1,66630.0,66730.0,1,66590.0,66750.0,0.0,0.0,0.0,0.0,1692
2023-05-09 21:08:18,cu2402,cu2402,66590.0,0.0,0.0,0.0,2,66630.0,66730.0,1,66590.0,66750.0,0.0,0.0,0.0,0.0,1692
2023-05-09 21:08:18,cu2402,cu2402,66590.0,0.0,0.0,0.0,1,66640.0,66730.0,1,66590.0,66750.0,0.0,0.0,0.0,0.0,1692
2023-05-09 21:08:19,cu2402,cu2402,66590.0,0.0,0.0,0.0,1,66540.0,66730.0,1,66590.0,66750.0,0.0,0.0,0.0,0.0,1692
2023-05-09 21:08:19,cu2402,cu2402,66590.0,0.0,0.0,0.0,1,66610.0,66730.0,1,66590.0,66750.0,0.0,0.0,0.0,0.0,1692
2023-05-09 21:08:20,cu2402,cu2402,66590.0,0.0,0.0,0.0,3,66620.0,66730.0,1,66590.0,66750.0,0.0,0.0,0.0,0.0,1692
2023-05-09 21:08:20,cu2402,cu2402,66590.0,0.0,0.0,0.0,3,66620.0,66730.0,1,66590.0,66750.0,0.0,0.0,0.0,0.0,1692
2023-05-09 21:08:22,cu2402,cu2402,66590.0,0.0,0.0,0.0,3,66620.0,66730.0,1,66590.0,66750.0,0.0,0.0,0.0,0.0,1692
2023-05-09 21:08:22,cu2402,cu2402,66590.0,0.0,0.0,0.0,3,66620.0,66730.0,1,66590.0,66750.0,0.0,0.0,0.0,0.0,1692
2023-05-09 21:08:23,cu2402,cu2402,66590.0,0.0,0.0,0.0,4,66620.0,66750.0,1,66590.0,66750.0,0.0,0.0,0.0,0.0,1692
2023-05-09 21:08:23,cu2402,cu2402,66590.0,0.0,0.0,0.0,3,66620.0,66740.0,1,66590.0,66750.0,0.0,0.0,0.0,0.0,1692
2023-05-09 21:08:24,cu2402,cu2402,66590.0,0.0,0.0,0.0,3,66620.0,66730.0,1,66590.0,66750.0,0.0,0.0,0.0,0.0,1692
2023-05-09 21:08:25,cu2402,cu2402,66590.0,0.0,0.0,0.0,3,66620.0,66730.0,1,66590.0,66750.0,0.0,0.0,0.0,0.0,1692
2023-05-09 21:08:25,cu2402,cu2402,66590.0,0.0,0.0,0.0,3,66620.0,66730.0,1,66590.0,66750.0,0.0,0.0,0.0,0.0,1692
2023-05-09 21:08:32,cu2402,cu2402,66590.0,0.0,0.0,0.0,2,66620.0,66730.0,2,66590.0,66750.0,0.0,0.0,0.0,0.0,1692
2023-05-09 21:08:32,cu2402,cu2402,66590.0,0.0,0.0,0.0,2,66620.0,66720.0,1,66590.0,66750.0,0.0,0.0,0.0,0.0,1692
2023-05-09 21:08:33,cu2402,cu2402,66590.0,0.0,0.0,0.0,2,66620.0,66710.0,1,66590.0,66750.0,0.0,0.0,0.0,0.0,1692
2023-05-09 21:08:34,cu2402,cu2402,66590.0,0.0,0.0,0.0,2,66620.0,66710.0,1,66590.0,66750.0,0.0,0.0,0.0,0.0,1692
2023-05-09 21:08:34,cu2402,cu2402,66590.0,0.0,0.0,0.0,2,66620.0,66710.0,1,66590.0,66750.0,0.0,0.0,0.0,0.0,1692
2023-05-09 21:08:36,cu2402,cu2402,66590.0,0.0,0.0,0.0,2,66620.0,66710.0,1,66590.0,66750.0,0.0,0.0,0.0,0.0,1692
2023-05-09 21:08:36,cu2402,cu2402,66590.0,0.0,0.0,0.0,2,66620.0,66710.0,1,66590.0,66750.0,0.0,0.0,0.0,0.0,1692
2023-05-09 21:08:37,cu2402,cu2402,66590.0,0.0,0.0,0.0,2,66620.0,66710.0,1,66590.0,66750.0,0.0,0.0,0.0,0.0,1692
2023-05-09 21:08:38,cu2402,cu2402,66590.0,0.0,0.0,0.0,2,66620.0,66710.0,1,66590.0,66750.0,0.0,0.0,0.0,0.0,1692
2023-05-09 21:08:40,cu2402,cu2402,66590.0,0.0,0.0,0.0,1,66630.0,66710.0,1,66590.0,66750.0,0.0,0.0,0.0,0.0,1692
2023-05-09 21:08:40,cu2402,cu2402,66590.0,0.0,0.0,0.0,2,66630.0,66710.0,1,66590.0,66750.0,0.0,0.0,0.0,0.0,1692
2023-05-09 21:08:41,cu2402,cu2402,66590.0,0.0,0.0,0.0,1,66630.0,66710.0,1,66590.0,66750.0,0.0,0.0,0.0,0.0,1692
2023-05-09 21:08:47,cu2402,cu2402,66590.0,0.0,0.0,0.0,1,66630.0,66710.0,1,66590.0,66750.0,0.0,0.0,0.0,0.0,1692
2023-05-09 21:08:48,cu2402,cu2402,66590.0,0.0,0.0,0.0,1,66630.0,66710.0,1,66590.0,66750.0,0.0,0.0,0.0,0.0,1692
2023-05-09 21:08:50,cu2402,cu2402,66590.0,0.0,0.0,0.0,5,66550.0,66710.0,1,66590.0,66750.0,0.0,0.0,0.0,0.0,1692
2023-05-09 21:08:50,cu2402,cu2402,66590.0,0.0,0.0,0.0,1,66590.0,66710.0,1,66590.0,66750.0,0.0,0.0,0.0,0.0,1692
2023-05-09 21:08:51,cu2402,cu2402,66590.0,0.0,0.0,0.0,2,66600.0,66710.0,1,66590.0,66750.0,0.0,0.0,0.0,0.0,1692
2023-05-09 21:08:51,cu2402,cu2402,66590.0,0.0,0.0,0.0,2,66600.0,66710.0,1,66590.0,66750.0,0.0,0.0,0.0,0.0,1692
2023-05-09 21:08:53,cu2402,cu2402,66590.0,0.0,0.0,0.0,1,66610.0,66710.0,1,66590.0,66750.0,0.0,0.0,0.0,0.0,1692
2023-05-09 21:08:53,cu2402,cu2402,66590.0,0.0,0.0,0.0,1,66620.0,66710.0,1,66590.0,66750.0,0.0,0.0,0.0,0.0,1692
2023-05-09 21:08:54,cu2402,cu2402,66590.0,0.0,0.0,0.0,1,66620.0,66710.0,1,66590.0,66750.0,0.0,0.0,0.0,0.0,1692
2023-05-09 21:08:54,cu2402,cu2402,66590.0,0.0,0.0,0.0,1,66620.0,66710.0,1,66590.0,66750.0,0.0,0.0,0.0,0.0,1692
2023-05-09 21:08:56,cu2402,cu2402,66590.0,0.0,0.0,0.0,1,66620.0,66710.0,1,66590.0,66750.0,0.0,0.0,0.0,0.0,1692
2023-05-09 21:08:56,cu2402,cu2402,66590.0,0.0,0.0,0.0,1,66620.0,66710.0,1,66590.0,66750.0,0.0,0.0,0.0,0.0,1692
2023-05-09 21:08:58,cu2402,cu2402,66590.0,0.0,0.0,0.0,1,66620.0,66710.0,1,66590.0,66750.0,0.0,0.0,0.0,0.0,1692
2023-05-09 21:08:59,cu2402,cu2402,66590.0,0.0,0.0,0.0,1,66620.0,66710.0,1,66590.0,66750.0,0.0,0.0,0.0,0.0,1692
2023-05-09 21:09:00,cu2402,cu2402,66590.0,0.0,0.0,0.0,1,66620.0,66710.0,1,66590.0,66750.0,0.0,0.0,0.0,0.0,1692
2023-05-09 21:09:00,cu2402,cu2402,66590.0,0.0,0.0,0.0,1,66620.0,66710.0,1,66590.0,66750.0,0.0,0.0,0.0,0.0,1692
2023-05-09 21:09:05,cu2402,cu2402,66590.0,0.0,0.0,0.0,1,66620.0,66710.0,1,66590.0,66750.0,0.0,0.0,0.0,0.0,1692
2023-05-09 21:09:05,cu2402,cu2402,66590.0,0.0,0.0,0.0,1,66620.0,66710.0,1,66590.0,66750.0,0.0,0.0,0.0,0.0,1692
2023-05-09 21:09:06,cu2402,cu2402,66590.0,0.0,0.0,0.0,1,66620.0,66710.0,1,66590.0,66750.0,0.0,0.0,0.0,0.0,1692
2023-05-09 21:09:07,cu2402,cu2402,66590.0,0.0,0.0,0.0,1,66620.0,66710.0,1,66590.0,66750.0,0.0,0.0,0.0,0.0,1692
2023-05-09 21:09:08,cu2402,cu2402,66590.0,0.0,0.0,0.0,5,66550.0,66710.0,1,66590.0,66750.0,0.0,0.0,0.0,0.0,1692
2023-05-09 21:09:09,cu2402,cu2402,66590.0,0.0,0.0,0.0,1,66590.0,66710.0,1,66590.0,66750.0,0.0,0.0,0.0,0.0,1692
2023-05-09 21:09:09,cu2402,cu2402,66590.0,0.0,0.0,0.0,2,66600.0,66710.0,1,66590.0,66750.0,0.0,0.0,0.0,0.0,1692
2023-05-09 21:09:10,cu2402,cu2402,66590.0,0.0,0.0,0.0,1,66610.0,66710.0,1,66590.0,66750.0,0.0,0.0,0.0,0.0,1692
2023-05-09 21:09:10,cu2402,cu2402,66590.0,0.0,0.0,0.0,1,66620.0,66710.0,1,66590.0,66750.0,0.0,0.0,0.0,0.0,1692
2023-05-09 21:09:11,cu2402,cu2402,66590.0,0.0,0.0,0.0,1,66620.0,66710.0,1,66590.0,66750.0,0.0,0.0,0.0,0.0,1692
2023-05-09 21:09:14,cu2402,cu2402,66590.0,0.0,0.0,0.0,1,66620.0,66710.0,1,66590.0,66750.0,0.0,0.0,0.0,0.0,1692
2023-05-09 21:09:14,cu2402,cu2402,66590.0,0.0,0.0,0.0,1,66620.0,66710.0,1,66590.0,66750.0,0.0,0.0,0.0,0.0,1692
2023-05-09 21:09:15,cu2402,cu2402,66590.0,0.0,0.0,0.0,1,66620.0,66710.0,1,66590.0,66750.0,0.0,0.0,0.0,0.0,1692
2023-05-09 21:09:16,cu2402,cu2402,66590.0,0.0,0.0,0.0,1,66620.0,66710.0,1,66590.0,66750.0,0.0,0.0,0.0,0.0,1692
2023-05-09 21:09:16,cu2402,cu2402,66590.0,0.0,0.0,0.0,1,66630.0,66710.0,1,66590.0,66750.0,0.0,0.0,0.0,0.0,1692
2023-05-09 21:09:17,cu2402,cu2402,66590.0,0.0,0.0,0.0,1,66630.0,66710.0,1,66590.0,66750.0,0.0,0.0,0.0,0.0,1692
2023-05-09 21:09:17,cu2402,cu2402,66590.0,0.0,0.0,0.0,1,66610.0,66710.0,1,66590.0,66750.0,0.0,0.0,0.0,0.0,1692
2023-05-09 21:09:18,cu2402,cu2402,66590.0,0.0,0.0,0.0,1,66620.0,66710.0,1,66590.0,66750.0,0.0,0.0,0.0,0.0,1692
2023-05-09 21:09:18,cu2402,cu2402,66590.0,0.0,0.0,0.0,1,66620.0,66710.0,1,66590.0,66750.0,0.0,0.0,0.0,0.0,1692
2023-05-09 21:09:19,cu2402,cu2402,66590.0,0.0,0.0,0.0,2,66630.0,66710.0,1,66590.0,66750.0,0.0,0.0,0.0,0.0,1692
2023-05-09 21:09:19,cu2402,cu2402,66590.0,0.0,0.0,0.0,1,66630.0,66710.0,1,66590.0,66750.0,0.0,0.0,0.0,0.0,1692
2023-05-09 21:09:20,cu2402,cu2402,66590.0,0.0,0.0,0.0,1,66640.0,66710.0,1,66590.0,66750.0,0.0,0.0,0.0,0.0,1692
2023-05-09 21:09:20,cu2402,cu2402,66590.0,0.0,0.0,0.0,1,66640.0,66710.0,1,66590.0,66750.0,0.0,0.0,0.0,0.0,1692
2023-05-09 21:09:22,cu2402,cu2402,66590.0,0.0,0.0,0.0,1,66620.0,66710.0,1,66590.0,66750.0,0.0,0.0,0.0,0.0,1692
2023-05-09 21:09:23,cu2402,cu2402,66590.0,0.0,0.0,0.0,1,66630.0,66710.0,1,66590.0,66750.0,0.0,0.0,0.0,0.0,1692
2023-05-09 21:09:23,cu2402,cu2402,66590.0,0.0,0.0,0.0,1,66640.0,66710.0,1,66590.0,66750.0,0.0,0.0,0.0,0.0,1692
2023-05-09 21:09:24,cu2402,cu2402,66590.0,0.0,0.0,0.0,1,66640.0,66710.0,1,66590.0,66750.0,0.0,0.0,0.0,0.0,1692
2023-05-09 21:09:24,cu2402,cu2402,66590.0,0.0,0.0,0.0,1,66620.0,66710.0,1,66590.0,66750.0,0.0,0.0,0.0,0.0,1692
2023-05-09 21:09:25,cu2402,cu2402,66590.0,0.0,0.0,0.0,1,66630.0,66710.0,1,66590.0,66750.0,0.0,0.0,0.0,0.0,1692
2023-05-09 21:09:25,cu2402,cu2402,66590.0,0.0,0.0,0.0,1,66640.0,66710.0,1,66590.0,66750.0,0.0,0.0,0.0,0.0,1692
2023-05-09 21:09:26,cu2402,cu2402,66590.0,0.0,0.0,0.0,1,66640.0,66710.0,1,66590.0,66750.0,0.0,0.0,0.0,0.0,1692
2023-05-09 21:09:26,cu2402,cu2402,66590.0,0.0,0.0,0.0,1,66620.0,66710.0,1,66590.0,66750.0,0.0,0.0,0.0,0.0,1692
2023-05-09 21:09:27,cu2402,cu2402,66590.0,0.0,0.0,0.0,1,66630.0,66710.0,1,66590.0,66750.0,0.0,0.0,0.0,0.0,1692
2023-05-09 21:09:28,cu2402,cu2402,66590.0,0.0,0.0,0.0,1,66640.0,66710.0,1,66590.0,66750.0,0.0,0.0,0.0,0.0,1692
2023-05-09 21:09:28,cu2402,cu2402,66590.0,0.0,0.0,0.0,1,66640.0,66710.0,1,66590.0,66750.0,0.0,0.0,0.0,0.0,1692
2023-05-09 21:09:29,cu2402,cu2402,66590.0,0.0,0.0,0.0,1,66640.0,66710.0,1,66590.0,66750.0,0.0,0.0,0.0,0.0,1692
2023-05-09 21:09:29,cu2402,cu2402,66590.0,0.0,0.0,0.0,1,66620.0,66710.0,1,66590.0,66750.0,0.0,0.0,0.0,0.0,1692
2023-05-09 21:09:30,cu2402,cu2402,66590.0,0.0,0.0,0.0,1,66630.0,66710.0,1,66590.0,66750.0,0.0,0.0,0.0,0.0,1692
2023-05-09 21:09:30,cu2402,cu2402,66590.0,0.0,0.0,0.0,1,66630.0,66710.0,1,66590.0,66750.0,0.0,0.0,0.0,0.0,1692
2023-05-09 21:09:31,cu2402,cu2402,66590.0,0.0,0.0,0.0,1,66640.0,66710.0,1,66590.0,66750.0,0.0,0.0,0.0,0.0,1692
2023-05-09 21:09:32,cu2402,cu2402,66590.0,0.0,0.0,0.0,1,66640.0,66710.0,1,66590.0,66750.0,0.0,0.0,0.0,0.0,1692
2023-05-09 21:09:33,cu2402,cu2402,66590.0,0.0,0.0,0.0,1,66620.0,66710.0,1,66590.0,66750.0,0.0,0.0,0.0,0.0,1692
2023-05-09 21:09:33,cu2402,cu2402,66590.0,0.0,0.0,0.0,1,66650.0,66710.0,1,66590.0,66750.0,0.0,0.0,0.0,0.0,1692
2023-05-09 21:09:34,cu2402,cu2402,66590.0,0.0,0.0,0.0,1,66640.0,66710.0,1,66590.0,66750.0,0.0,0.0,0.0,0.0,1692
2023-05-09 21:09:40,cu2402,cu2402,66590.0,0.0,0.0,0.0,1,66630.0,66710.0,1,66590.0,66750.0,0.0,0.0,0.0,0.0,1692
2023-05-09 21:09:42,cu2402,cu2402,66590.0,0.0,0.0,0.0,1,66630.0,66710.0,1,66590.0,66750.0,0.0,0.0,0.0,0.0,1692
2023-05-09 21:09:42,cu2402,cu2402,66590.0,0.0,0.0,0.0,1,66630.0,66710.0,1,66590.0,66750.0,0.0,0.0,0.0,0.0,1692
2023-05-09 21:09:51,cu2402,cu2402,66590.0,0.0,0.0,0.0,1,66630.0,66710.0,1,66590.0,66750.0,0.0,0.0,0.0,0.0,1692
2023-05-09 21:09:51,cu2402,cu2402,66590.0,0.0,0.0,0.0,1,66630.0,66710.0,1,66590.0,66750.0,0.0,0.0,0.0,0.0,1692
2023-05-09 21:09:53,cu2402,cu2402,66590.0,0.0,0.0,0.0,1,66550.0,66710.0,1,66590.0,66750.0,0.0,0.0,0.0,0.0,1692
2023-05-09 21:09:54,cu2402,cu2402,66590.0,0.0,0.0,0.0,1,66580.0,66710.0,1,66590.0,66750.0,0.0,0.0,0.0,0.0,1692
2023-05-09 21:09:54,cu2402,cu2402,66590.0,0.0,0.0,0.0,4,66590.0,66710.0,1,66590.0,66750.0,0.0,0.0,0.0,0.0,1692
2023-05-09 21:09:55,cu2402,cu2402,66590.0,0.0,0.0,0.0,4,66590.0,66710.0,1,66590.0,66750.0,0.0,0.0,0.0,0.0,1692
2023-05-09 21:09:55,cu2402,cu2402,66590.0,0.0,0.0,0.0,4,66590.0,66710.0,1,66590.0,66750.0,0.0,0.0,0.0,0.0,1692
2023-05-09 21:09:56,cu2402,cu2402,66590.0,0.0,0.0,0.0,5,66590.0,66710.0,1,66590.0,66750.0,0.0,0.0,0.0,0.0,1692
2023-05-09 21:09:56,cu2402,cu2402,66590.0,0.0,0.0,0.0,5,66590.0,66710.0,1,66590.0,66750.0,0.0,0.0,0.0,0.0,1692
2023-05-09 21:09:57,cu2402,cu2402,66590.0,0.0,0.0,0.0,4,66590.0,66710.0,1,66590.0,66750.0,0.0,0.0,0.0,0.0,1692
2023-05-09 21:09:58,cu2402,cu2402,66590.0,0.0,0.0,0.0,5,66590.0,66710.0,1,66590.0,66750.0,0.0,0.0,0.0,0.0,1692
2023-05-09 21:10:05,cu2402,cu2402,66590.0,0.0,0.0,0.0,5,66590.0,66710.0,1,66590.0,66750.0,0.0,0.0,0.0,0.0,1692
2023-05-09 21:10:06,cu2402,cu2402,66590.0,0.0,0.0,0.0,5,66590.0,66710.0,1,66590.0,66750.0,0.0,0.0,0.0,0.0,1692
2023-05-09 21:10:07,cu2402,cu2402,66590.0,0.0,0.0,0.0,10,66590.0,66710.0,1,66590.0,66750.0,0.0,0.0,0.0,0.0,1692
2023-05-09 21:10:08,cu2402,cu2402,66590.0,0.0,0.0,0.0,10,66590.0,66710.0,1,66590.0,66750.0,0.0,0.0,0.0,0.0,1692
2023-05-09 21:10:09,cu2402,cu2402,66590.0,0.0,0.0,0.0,10,66590.0,66730.0,1,66590.0,66750.0,0.0,0.0,0.0,0.0,1692
2023-05-09 21:10:09,cu2402,cu2402,66590.0,0.0,0.0,0.0,10,66590.0,66730.0,1,66590.0,66750.0,0.0,0.0,0.0,0.0,1692
2023-05-09 21:10:10,cu2402,cu2402,66590.0,0.0,0.0,0.0,2,66600.0,66730.0,1,66590.0,66750.0,0.0,0.0,0.0,0.0,1692
2023-05-09 21:10:11,cu2402,cu2402,66590.0,0.0,0.0,0.0,3,66610.0,66730.0,1,66590.0,66750.0,0.0,0.0,0.0,0.0,1692
2023-05-09 21:10:11,cu2402,cu2402,66590.0,0.0,0.0,0.0,3,66610.0,66730.0,1,66590.0,66750.0,0.0,0.0,0.0,0.0,1692
2023-05-09 21:10:12,cu2402,cu2402,66590.0,0.0,0.0,0.0,1,66620.0,66730.0,1,66590.0,66750.0,0.0,0.0,0.0,0.0,1692
2023-05-09 21:10:12,cu2402,cu2402,66590.0,0.0,0.0,0.0,1,66630.0,66730.0,1,66590.0,66750.0,0.0,0.0,0.0,0.0,1692
2023-05-09 21:10:13,cu2402,cu2402,66590.0,0.0,0.0,0.0,1,66640.0,66790.0,1,66590.0,66750.0,0.0,0.0,0.0,0.0,1692
2023-05-09 21:10:13,cu2402,cu2402,66590.0,0.0,0.0,0.0,2,66640.0,66780.0,7,66590.0,66750.0,0.0,0.0,0.0,0.0,1692
2023-05-09 21:10:14,cu2402,cu2402,66590.0,0.0,0.0,0.0,2,66640.0,66770.0,1,66590.0,66750.0,0.0,0.0,0.0,0.0,1692
2023-05-09 21:10:14,cu2402,cu2402,66590.0,0.0,0.0,0.0,2,66640.0,66760.0,2,66590.0,66750.0,0.0,0.0,0.0,0.0,1692
2023-05-09 21:10:15,cu2402,cu2402,66590.0,0.0,0.0,0.0,2,66640.0,66760.0,2,66590.0,66750.0,0.0,0.0,0.0,0.0,1692
2023-05-09 21:10:15,cu2402,cu2402,66590.0,0.0,0.0,0.0,2,66640.0,66750.0,2,66590.0,66750.0,0.0,0.0,0.0,0.0,1692
2023-05-09 21:10:16,cu2402,cu2402,66590.0,0.0,0.0,0.0,2,66640.0,66740.0,1,66590.0,66750.0,0.0,0.0,0.0,0.0,1692
2023-05-09 21:10:16,cu2402,cu2402,66590.0,0.0,0.0,0.0,2,66640.0,66730.0,1,66590.0,66750.0,0.0,0.0,0.0,0.0,1692
2023-05-09 21:10:17,cu2402,cu2402,66590.0,0.0,0.0,0.0,2,66640.0,66730.0,1,66590.0,66750.0,0.0,0.0,0.0,0.0,1692
2023-05-09 21:10:18,cu2402,cu2402,66590.0,0.0,0.0,0.0,2,66640.0,66740.0,1,66590.0,66750.0,0.0,0.0,0.0,0.0,1692
2023-05-09 21:10:19,cu2402,cu2402,66590.0,0.0,0.0,0.0,2,66640.0,66740.0,2,66590.0,66750.0,0.0,0.0,0.0,0.0,1692
2023-05-09 21:10:19,cu2402,cu2402,66590.0,0.0,0.0,0.0,2,66640.0,66740.0,1,66590.0,66750.0,0.0,0.0,0.0,0.0,1692
2023-05-09 21:10:20,cu2402,cu2402,66590.0,0.0,0.0,0.0,3,66640.0,66740.0,1,66590.0,66750.0,0.0,0.0,0.0,0.0,1692
2023-05-09 21:10:21,cu2402,cu2402,66590.0,0.0,0.0,0.0,2,66650.0,66740.0,1,66590.0,66750.0,0.0,0.0,0.0,0.0,1692
2023-05-09 21:10:22,cu2402,cu2402,66590.0,0.0,0.0,0.0,2,66650.0,66740.0,1,66590.0,66750.0,0.0,0.0,0.0,0.0,1692
2023-05-09 21:10:23,cu2402,cu2402,66590.0,0.0,0.0,0.0,1,66660.0,66740.0,1,66590.0,66750.0,0.0,0.0,0.0,0.0,1692
2023-05-09 21:10:23,cu2402,cu2402,66590.0,0.0,0.0,0.0,1,66650.0,66740.0,1,66590.0,66750.0,0.0,0.0,0.0,0.0,1692
2023-05-09 21:10:24,cu2402,cu2402,66590.0,0.0,0.0,0.0,2,66650.0,66740.0,1,66590.0,66750.0,0.0,0.0,0.0,0.0,1692
2023-05-09 21:10:24,cu2402,cu2402,66590.0,0.0,0.0,0.0,1,66660.0,66740.0,1,66590.0,66750.0,0.0,0.0,0.0,0.0,1692
2023-05-09 21:10:25,cu2402,cu2402,66590.0,0.0,0.0,0.0,3,66660.0,66740.0,1,66590.0,66750.0,0.0,0.0,0.0,0.0,1692
2023-05-09 21:10:25,cu2402,cu2402,66590.0,0.0,0.0,0.0,2,66660.0,66740.0,1,66590.0,66750.0,0.0,0.0,0.0,0.0,1692
2023-05-09 21:10:26,cu2402,cu2402,66590.0,0.0,0.0,0.0,2,66660.0,66790.0,1,66590.0,66750.0,0.0,0.0,0.0,0.0,1692
2023-05-09 21:10:27,cu2402,cu2402,66590.0,0.0,0.0,0.0,2,66660.0,66780.0,5,66590.0,66750.0,0.0,0.0,0.0,0.0,1692
2023-05-09 21:10:27,cu2402,cu2402,66590.0,0.0,0.0,0.0,2,66660.0,66780.0,5,66590.0,66750.0,0.0,0.0,0.0,0.0,1692
2023-05-09 21:10:28,cu2402,cu2402,66590.0,0.0,0.0,0.0,2,66660.0,66770.0,1,66590.0,66750.0,0.0,0.0,0.0,0.0,1692
2023-05-09 21:10:29,cu2402,cu2402,66590.0,0.0,0.0,0.0,2,66660.0,66760.0,1,66590.0,66750.0,0.0,0.0,0.0,0.0,1692
2023-05-09 21:10:29,cu2402,cu2402,66590.0,0.0,0.0,0.0,1,66660.0,66750.0,1,66590.0,66750.0,0.0,0.0,0.0,0.0,1692
2023-05-09 21:10:30,cu2402,cu2402,66590.0,0.0,0.0,0.0,1,66650.0,66750.0,1,66590.0,66750.0,0.0,0.0,0.0,0.0,1692
2023-05-09 21:10:30,cu2402,cu2402,66590.0,0.0,0.0,0.0,1,66670.0,66750.0,1,66590.0,66750.0,0.0,0.0,0.0,0.0,1692
2023-05-09 21:10:31,cu2402,cu2402,66590.0,0.0,0.0,0.0,1,66660.0,66770.0,1,66590.0,66750.0,0.0,0.0,0.0,0.0,1692
2023-05-09 21:10:31,cu2402,cu2402,66590.0,0.0,0.0,0.0,1,66540.0,66760.0,1,66590.0,66750.0,0.0,0.0,0.0,0.0,1692
2023-05-09 21:10:32,cu2402,cu2402,66590.0,0.0,0.0,0.0,1,66620.0,66760.0,1,66590.0,66750.0,0.0,0.0,0.0,0.0,1692
2023-05-09 21:10:32,cu2402,cu2402,66590.0,0.0,0.0,0.0,3,66630.0,66750.0,1,66590.0,66750.0,0.0,0.0,0.0,0.0,1692
2023-05-09 21:10:33,cu2402,cu2402,66590.0,0.0,0.0,0.0,3,66630.0,66750.0,1,66590.0,66750.0,0.0,0.0,0.0,0.0,1692
2023-05-09 21:10:33,cu2402,cu2402,66590.0,0.0,0.0,0.0,4,66630.0,66750.0,1,66590.0,66750.0,0.0,0.0,0.0,0.0,1692
2023-05-09 21:10:34,cu2402,cu2402,66590.0,0.0,0.0,0.0,4,66630.0,66770.0,1,66590.0,66750.0,0.0,0.0,0.0,0.0,1692
2023-05-09 21:10:34,cu2402,cu2402,66590.0,0.0,0.0,0.0,4,66630.0,66760.0,1,66590.0,66750.0,0.0,0.0,0.0,0.0,1692
2023-05-09 21:10:35,cu2402,cu2402,66590.0,0.0,0.0,0.0,4,66630.0,66760.0,1,66590.0,66750.0,0.0,0.0,0.0,0.0,1692
2023-05-09 21:10:35,cu2402,cu2402,66590.0,0.0,0.0,0.0,4,66630.0,66750.0,1,66590.0,66750.0,0.0,0.0,0.0,0.0,1692
2023-05-09 21:10:36,cu2402,cu2402,66590.0,0.0,0.0,0.0,4,66630.0,66750.0,1,66590.0,66750.0,0.0,0.0,0.0,0.0,1692
2023-05-09 21:10:36,cu2402,cu2402,66590.0,0.0,0.0,0.0,1,66640.0,66770.0,1,66590.0,66750.0,0.0,0.0,0.0,0.0,1692
2023-05-09 21:10:37,cu2402,cu2402,66590.0,0.0,0.0,0.0,1,66650.0,66760.0,1,66590.0,66750.0,0.0,0.0,0.0,0.0,1692
2023-05-09 21:10:37,cu2402,cu2402,66590.0,0.0,0.0,0.0,1,66650.0,66760.0,1,66590.0,66750.0,0.0,0.0,0.0,0.0,1692
2023-05-09 21:10:40,cu2402,cu2402,66590.0,0.0,0.0,0.0,2,66650.0,66760.0,1,66590.0,66750.0,0.0,0.0,0.0,0.0,1692
2023-05-09 21:10:41,cu2402,cu2402,66590.0,0.0,0.0,0.0,1,66660.0,66750.0,1,66590.0,66750.0,0.0,0.0,0.0,0.0,1692
2023-05-09 21:10:41,cu2402,cu2402,66590.0,0.0,0.0,0.0,1,66660.0,66750.0,1,66590.0,66750.0,0.0,0.0,0.0,0.0,1692
2023-05-09 21:10:42,cu2402,cu2402,66590.0,0.0,0.0,0.0,1,66660.0,66750.0,1,66590.0,66750.0,0.0,0.0,0.0,0.0,1692
2023-05-09 21:10:42,cu2402,cu2402,66590.0,0.0,0.0,0.0,1,66640.0,66770.0,1,66590.0,66750.0,0.0,0.0,0.0,0.0,1692
2023-05-09 21:10:43,cu2402,cu2402,66590.0,0.0,0.0,0.0,1,66650.0,66760.0,1,66590.0,66750.0,0.0,0.0,0.0,0.0,1692
2023-05-09 21:10:43,cu2402,cu2402,66590.0,0.0,0.0,0.0,1,66660.0,66750.0,1,66590.0,66750.0,0.0,0.0,0.0,0.0,1692
2023-05-09 21:10:44,cu2402,cu2402,66590.0,0.0,0.0,0.0,1,66660.0,66750.0,1,66590.0,66750.0,0.0,0.0,0.0,0.0,1692
2023-05-09 21:10:44,cu2402,cu2402,66590.0,0.0,0.0,0.0,1,66640.0,66790.0,1,66590.0,66750.0,0.0,0.0,0.0,0.0,1692
2023-05-09 21:10:45,cu2402,cu2402,66590.0,0.0,0.0,0.0,1,66650.0,66780.0,5,66590.0,66750.0,0.0,0.0,0.0,0.0,1692
2023-05-09 21:10:45,cu2402,cu2402,66590.0,0.0,0.0,0.0,3,66650.0,66780.0,5,66590.0,66750.0,0.0,0.0,0.0,0.0,1692
2023-05-09 21:10:46,cu2402,cu2402,66590.0,0.0,0.0,0.0,1,66660.0,66770.0,1,66590.0,66750.0,0.0,0.0,0.0,0.0,1692
2023-05-09 21:10:46,cu2402,cu2402,66590.0,0.0,0.0,0.0,2,66660.0,66760.0,1,66590.0,66750.0,0.0,0.0,0.0,0.0,1692
2023-05-09 21:10:47,cu2402,cu2402,66590.0,0.0,0.0,0.0,2,66660.0,66750.0,1,66590.0,66750.0,0.0,0.0,0.0,0.0,1692
2023-05-09 21:10:47,cu2402,cu2402,66590.0,0.0,0.0,0.0,1,66660.0,66750.0,1,66590.0,66750.0,0.0,0.0,0.0,0.0,1692
2023-05-09 21:10:48,cu2402,cu2402,66590.0,0.0,0.0,0.0,1,66640.0,66780.0,1,66590.0,66750.0,0.0,0.0,0.0,0.0,1692
2023-05-09 21:10:48,cu2402,cu2402,66590.0,0.0,0.0,0.0,2,66650.0,66770.0,2,66590.0,66750.0,0.0,0.0,0.0,0.0,1692
2023-05-09 21:10:49,cu2402,cu2402,66590.0,0.0,0.0,0.0,1,66660.0,66760.0,1,66590.0,66750.0,0.0,0.0,0.0,0.0,1692
2023-05-09 21:10:50,cu2402,cu2402,66590.0,0.0,0.0,0.0,1,66660.0,66760.0,2,66590.0,66750.0,0.0,0.0,0.0,0.0,1692
2023-05-09 21:10:50,cu2402,cu2402,66590.0,0.0,0.0,0.0,1,66640.0,66760.0,2,66590.0,66750.0,0.0,0.0,0.0,0.0,1692
2023-05-09 21:10:51,cu2402,cu2402,66590.0,0.0,0.0,0.0,2,66650.0,66760.0,2,66590.0,66750.0,0.0,0.0,0.0,0.0,1692
2023-05-09 21:10:51,cu2402,cu2402,66590.0,0.0,0.0,0.0,1,66660.0,66760.0,2,66590.0,66750.0,0.0,0.0,0.0,0.0,1692
2023-05-09 21:10:52,cu2402,cu2402,66590.0,0.0,0.0,0.0,1,66660.0,66760.0,2,66590.0,66750.0,0.0,0.0,0.0,0.0,1692
2023-05-09 21:10:53,cu2402,cu2402,66590.0,0.0,0.0,0.0,1,66640.0,66760.0,2,66590.0,66750.0,0.0,0.0,0.0,0.0,1692
2023-05-09 21:10:53,cu2402,cu2402,66590.0,0.0,0.0,0.0,2,66650.0,66760.0,2,66590.0,66750.0,0.0,0.0,0.0,0.0,1692
2023-05-09 21:10:54,cu2402,cu2402,66590.0,0.0,0.0,0.0,1,66660.0,66760.0,2,66590.0,66750.0,0.0,0.0,0.0,0.0,1692
2023-05-09 21:10:55,cu2402,cu2402,66590.0,0.0,0.0,0.0,1,66660.0,66760.0,2,66590.0,66750.0,0.0,0.0,0.0,0.0,1692
2023-05-09 21:10:56,cu2402,cu2402,66590.0,0.0,0.0,0.0,1,66660.0,66760.0,2,66590.0,66750.0,0.0,0.0,0.0,0.0,1692
2023-05-09 21:10:56,cu2402,cu2402,66590.0,0.0,0.0,0.0,1,66660.0,66760.0,2,66590.0,66750.0,0.0,0.0,0.0,0.0,1692
2023-05-09 21:10:57,cu2402,cu2402,66590.0,0.0,0.0,0.0,1,66640.0,66760.0,2,66590.0,66750.0,0.0,0.0,0.0,0.0,1692
2023-05-09 21:10:57,cu2402,cu2402,66590.0,0.0,0.0,0.0,3,66650.0,66760.0,2,66590.0,66750.0,0.0,0.0,0.0,0.0,1692
2023-05-09 21:10:58,cu2402,cu2402,66590.0,0.0,0.0,0.0,1,66660.0,66760.0,2,66590.0,66750.0,0.0,0.0,0.0,0.0,1692
2023-05-09 21:10:58,cu2402,cu2402,66590.0,0.0,0.0,0.0,1,66660.0,66760.0,2,66590.0,66750.0,0.0,0.0,0.0,0.0,1692
2023-05-09 21:10:59,cu2402,cu2402,66590.0,0.0,0.0,0.0,1,66670.0,66760.0,1,66590.0,66750.0,0.0,0.0,0.0,0.0,1692
2023-05-09 21:10:59,cu2402,cu2402,66590.0,0.0,0.0,0.0,1,66680.0,66760.0,1,66590.0,66750.0,0.0,0.0,0.0,0.0,1692
2023-05-09 21:11:00,cu2402,cu2402,66590.0,0.0,0.0,0.0,1,66680.0,66760.0,1,66590.0,66750.0,0.0,0.0,0.0,0.0,1692
2023-05-09 21:11:00,cu2402,cu2402,66590.0,0.0,0.0,0.0,1,66640.0,66760.0,1,66590.0,66750.0,0.0,0.0,0.0,0.0,1692
2023-05-09 21:11:01,cu2402,cu2402,66590.0,0.0,0.0,0.0,2,66650.0,66760.0,1,66590.0,66750.0,0.0,0.0,0.0,0.0,1692
2023-05-09 21:11:01,cu2402,cu2402,66590.0,0.0,0.0,0.0,1,66660.0,66760.0,1,66590.0,66750.0,0.0,0.0,0.0,0.0,1692
2023-05-09 21:11:02,cu2402,cu2402,66590.0,0.0,0.0,0.0,2,66660.0,66760.0,1,66590.0,66750.0,0.0,0.0,0.0,0.0,1692
2023-05-09 21:11:02,cu2402,cu2402,66590.0,0.0,0.0,0.0,1,66660.0,66760.0,2,66590.0,66750.0,0.0,0.0,0.0,0.0,1692
2023-05-09 21:11:03,cu2402,cu2402,66590.0,0.0,0.0,0.0,2,66660.0,66760.0,2,66590.0,66750.0,0.0,0.0,0.0,0.0,1692
2023-05-09 21:11:03,cu2402,cu2402,66590.0,0.0,0.0,0.0,2,66660.0,66760.0,2,66590.0,66750.0,0.0,0.0,0.0,0.0,1692
2023-05-09 21:11:04,cu2402,cu2402,66590.0,0.0,0.0,0.0,2,66660.0,66760.0,2,66590.0,66750.0,0.0,0.0,0.0,0.0,1692
2023-05-09 21:11:05,cu2402,cu2402,66590.0,0.0,0.0,0.0,2,66660.0,66760.0,2,66590.0,66750.0,0.0,0.0,0.0,0.0,1692
2023-05-09 21:11:06,cu2402,cu2402,66590.0,0.0,0.0,0.0,2,66660.0,66760.0,2,66590.0,66750.0,0.0,0.0,0.0,0.0,1692
2023-05-09 21:11:08,cu2402,cu2402,66590.0,0.0,0.0,0.0,2,66660.0,66760.0,2,66590.0,66750.0,0.0,0.0,0.0,0.0,1692
2023-05-09 21:11:08,cu2402,cu2402,66590.0,0.0,0.0,0.0,2,66660.0,66760.0,2,66590.0,66750.0,0.0,0.0,0.0,0.0,1692
2023-05-09 21:11:11,cu2402,cu2402,66590.0,0.0,0.0,0.0,3,66660.0,66760.0,2,66590.0,66750.0,0.0,0.0,0.0,0.0,1692
2023-05-09 21:11:13,cu2402,cu2402,66590.0,0.0,0.0,0.0,1,66670.0,66760.0,1,66590.0,66750.0,0.0,0.0,0.0,0.0,1692
2023-05-09 21:11:13,cu2402,cu2402,66590.0,0.0,0.0,0.0,1,66680.0,66760.0,2,66590.0,66750.0,0.0,0.0,0.0,0.0,1692
2023-05-09 21:11:14,cu2402,cu2402,66590.0,0.0,0.0,0.0,1,66640.0,66760.0,1,66590.0,66750.0,0.0,0.0,0.0,0.0,1692
2023-05-09 21:11:14,cu2402,cu2402,66590.0,0.0,0.0,0.0,3,66650.0,66760.0,2,66590.0,66750.0,0.0,0.0,0.0,0.0,1692
2023-05-09 21:11:15,cu2402,cu2402,66590.0,0.0,0.0,0.0,1,66660.0,66760.0,1,66590.0,66750.0,0.0,0.0,0.0,0.0,1692
2023-05-09 21:11:16,cu2402,cu2402,66590.0,0.0,0.0,0.0,2,66660.0,66760.0,1,66590.0,66750.0,0.0,0.0,0.0,0.0,1692
2023-05-09 21:11:16,cu2402,cu2402,66590.0,0.0,0.0,0.0,2,66660.0,66760.0,1,66590.0,66750.0,0.0,0.0,0.0,0.0,1692
2023-05-09 21:11:17,cu2402,cu2402,66590.0,0.0,0.0,0.0,3,66660.0,66760.0,1,66590.0,66750.0,0.0,0.0,0.0,0.0,1692
2023-05-09 21:11:18,cu2402,cu2402,66590.0,0.0,0.0,0.0,3,66660.0,66760.0,1,66590.0,66750.0,0.0,0.0,0.0,0.0,1692
2023-05-09 21:11:19,cu2402,cu2402,66590.0,0.0,0.0,0.0,3,66660.0,66760.0,1,66590.0,66750.0,0.0,0.0,0.0,0.0,1692
2023-05-09 21:11:20,cu2402,cu2402,66590.0,0.0,0.0,0.0,3,66660.0,66760.0,1,66590.0,66750.0,0.0,0.0,0.0,0.0,1692
2023-05-09 21:11:21,cu2402,cu2402,66590.0,0.0,0.0,0.0,1,66670.0,66760.0,1,66590.0,66750.0,0.0,0.0,0.0,0.0,1692
2023-05-09 21:11:22,cu2402,cu2402,66590.0,0.0,0.0,0.0,1,66680.0,66760.0,1,66590.0,66750.0,0.0,0.0,0.0,0.0,1692
2023-05-09 21:11:22,cu2402,cu2402,66590.0,0.0,0.0,0.0,1,66680.0,66760.0,1,66590.0,66750.0,0.0,0.0,0.0,0.0,1692
2023-05-09 21:11:23,cu2402,cu2402,66590.0,0.0,0.0,0.0,1,66640.0,66760.0,1,66590.0,66750.0,0.0,0.0,0.0,0.0,1692
2023-05-09 21:11:24,cu2402,cu2402,66590.0,0.0,0.0,0.0,3,66650.0,66760.0,1,66590.0,66750.0,0.0,0.0,0.0,0.0,1692
2023-05-09 21:11:24,cu2402,cu2402,66590.0,0.0,0.0,0.0,3,66650.0,66760.0,1,66590.0,66750.0,0.0,0.0,0.0,0.0,1692
2023-05-09 21:11:25,cu2402,cu2402,66590.0,0.0,0.0,0.0,4,66650.0,66760.0,1,66590.0,66750.0,0.0,0.0,0.0,0.0,1692
2023-05-09 21:11:25,cu2402,cu2402,66590.0,0.0,0.0,0.0,4,66650.0,66790.0,1,66590.0,66750.0,0.0,0.0,0.0,0.0,1692
2023-05-09 21:11:26,cu2402,cu2402,66590.0,0.0,0.0,0.0,4,66650.0,66750.0,1,66590.0,66750.0,0.0,0.0,0.0,0.0,1692
2023-05-09 21:11:26,cu2402,cu2402,66590.0,0.0,0.0,0.0,4,66650.0,66750.0,1,66590.0,66750.0,0.0,0.0,0.0,0.0,1692
2023-05-09 21:11:27,cu2402,cu2402,66590.0,0.0,0.0,0.0,4,66650.0,66790.0,1,66590.0,66750.0,0.0,0.0,0.0,0.0,1692
2023-05-09 21:11:28,cu2402,cu2402,66590.0,0.0,0.0,0.0,4,66650.0,66780.0,2,66590.0,66750.0,0.0,0.0,0.0,0.0,1692
2023-05-09 21:11:28,cu2402,cu2402,66590.0,0.0,0.0,0.0,4,66650.0,66780.0,2,66590.0,66750.0,0.0,0.0,0.0,0.0,1692
2023-05-09 21:11:29,cu2402,cu2402,66590.0,0.0,0.0,0.0,4,66650.0,66770.0,1,66590.0,66750.0,0.0,0.0,0.0,0.0,1692
2023-05-09 21:11:29,cu2402,cu2402,66590.0,0.0,0.0,0.0,4,66650.0,66770.0,1,66590.0,66750.0,0.0,0.0,0.0,0.0,1692
2023-05-09 21:11:30,cu2402,cu2402,66590.0,0.0,0.0,0.0,4,66650.0,66760.0,1,66590.0,66750.0,0.0,0.0,0.0,0.0,1692
2023-05-09 21:11:30,cu2402,cu2402,66590.0,0.0,0.0,0.0,4,66650.0,66760.0,1,66590.0,66750.0,0.0,0.0,0.0,0.0,1692
2023-05-09 21:11:31,cu2402,cu2402,66590.0,0.0,0.0,0.0,4,66650.0,66770.0,1,66590.0,66750.0,0.0,0.0,0.0,0.0,1692
2023-05-09 21:11:31,cu2402,cu2402,66590.0,0.0,0.0,0.0,4,66650.0,66770.0,2,66590.0,66750.0,0.0,0.0,0.0,0.0,1692
2023-05-09 21:11:33,cu2402,cu2402,66590.0,0.0,0.0,0.0,4,66650.0,66770.0,1,66590.0,66750.0,0.0,0.0,0.0,0.0,1692
2023-05-09 21:11:37,cu2402,cu2402,66590.0,0.0,0.0,0.0,4,66650.0,66770.0,2,66590.0,66750.0,0.0,0.0,0.0,0.0,1692
2023-05-09 21:11:41,cu2402,cu2402,66590.0,0.0,0.0,0.0,4,66650.0,66770.0,2,66590.0,66750.0,0.0,0.0,0.0,0.0,1692
2023-05-09 21:11:41,cu2402,cu2402,66590.0,0.0,0.0,0.0,4,66650.0,66770.0,2,66590.0,66750.0,0.0,0.0,0.0,0.0,1692
2023-05-09 21:11:44,cu2402,cu2402,66590.0,0.0,0.0,0.0,4,66650.0,66770.0,2,66590.0,66750.0,0.0,0.0,0.0,0.0,1692
2023-05-09 21:11:44,cu2402,cu2402,66590.0,0.0,0.0,0.0,6,66650.0,66770.0,1,66590.0,66750.0,0.0,0.0,0.0,0.0,1692
2023-05-09 21:11:45,cu2402,cu2402,66590.0,0.0,0.0,0.0,4,66660.0,66770.0,1,66590.0,66750.0,0.0,0.0,0.0,0.0,1692
2023-05-09 21:11:45,cu2402,cu2402,66590.0,0.0,0.0,0.0,2,66670.0,66770.0,1,66590.0,66750.0,0.0,0.0,0.0,0.0,1692
2023-05-09 21:11:46,cu2402,cu2402,66590.0,0.0,0.0,0.0,1,66680.0,66770.0,2,66590.0,66750.0,0.0,0.0,0.0,0.0,1692
2023-05-09 21:11:46,cu2402,cu2402,66590.0,0.0,0.0,0.0,2,66690.0,66770.0,1,66590.0,66750.0,0.0,0.0,0.0,0.0,1692
2023-05-09 21:11:47,cu2402,cu2402,66590.0,0.0,0.0,0.0,2,66690.0,66830.0,1,66590.0,66750.0,0.0,0.0,0.0,0.0,1692
2023-05-09 21:11:48,cu2402,cu2402,66590.0,0.0,0.0,0.0,1,66700.0,66820.0,2,66590.0,66750.0,0.0,0.0,0.0,0.0,1692
2023-05-09 21:11:48,cu2402,cu2402,66590.0,0.0,0.0,0.0,2,66700.0,66810.0,1,66590.0,66750.0,0.0,0.0,0.0,0.0,1692
2023-05-09 21:11:49,cu2402,cu2402,66590.0,0.0,0.0,0.0,1,66700.0,66800.0,1,66590.0,66750.0,0.0,0.0,0.0,0.0,1692
2023-05-09 21:11:49,cu2402,cu2402,66590.0,0.0,0.0,0.0,1,66710.0,66790.0,1,66590.0,66750.0,0.0,0.0,0.0,0.0,1692
2023-05-09 21:11:50,cu2402,cu2402,66590.0,0.0,0.0,0.0,5,66710.0,66790.0,1,66590.0,66750.0,0.0,0.0,0.0,0.0,1692
2023-05-09 21:11:50,cu2402,cu2402,66590.0,0.0,0.0,0.0,5,66710.0,66810.0,1,66590.0,66750.0,0.0,0.0,0.0,0.0,1692
2023-05-09 21:11:51,cu2402,cu2402,66590.0,0.0,0.0,0.0,6,66710.0,66800.0,1,66590.0,66750.0,0.0,0.0,0.0,0.0,1692
2023-05-09 21:11:51,cu2402,cu2402,66590.0,0.0,0.0,0.0,6,66710.0,66790.0,1,66590.0,66750.0,0.0,0.0,0.0,0.0,1692
2023-05-09 21:11:52,cu2402,cu2402,66590.0,0.0,0.0,0.0,6,66710.0,66810.0,1,66590.0,66750.0,0.0,0.0,0.0,0.0,1692
2023-05-09 21:11:53,cu2402,cu2402,66590.0,0.0,0.0,0.0,6,66710.0,66780.0,1,66590.0,66750.0,0.0,0.0,0.0,0.0,1692
2023-05-09 21:11:53,cu2402,cu2402,66590.0,0.0,0.0,0.0,6,66710.0,66790.0,1,66590.0,66750.0,0.0,0.0,0.0,0.0,1692
2023-05-09 21:11:54,cu2402,cu2402,66590.0,0.0,0.0,0.0,6,66710.0,66820.0,1,66590.0,66750.0,0.0,0.0,0.0,0.0,1692
2023-05-09 21:11:54,cu2402,cu2402,66590.0,0.0,0.0,0.0,1,66710.0,66810.0,2,66590.0,66750.0,0.0,0.0,0.0,0.0,1692
2023-05-09 21:11:55,cu2402,cu2402,66590.0,0.0,0.0,0.0,4,66720.0,66800.0,1,66590.0,66750.0,0.0,0.0,0.0,0.0,1692
2023-05-09 21:11:55,cu2402,cu2402,66590.0,0.0,0.0,0.0,1,66710.0,66800.0,1,66590.0,66750.0,0.0,0.0,0.0,0.0,1692
2023-05-09 21:11:56,cu2402,cu2402,66590.0,0.0,0.0,0.0,1,66630.0,66800.0,1,66590.0,66750.0,0.0,0.0,0.0,0.0,1692
2023-05-09 21:11:56,cu2402,cu2402,66590.0,0.0,0.0,0.0,1,66680.0,66800.0,1,66590.0,66750.0,0.0,0.0,0.0,0.0,1692
2023-05-09 21:11:57,cu2402,cu2402,66590.0,0.0,0.0,0.0,5,66690.0,66800.0,1,66590.0,66750.0,0.0,0.0,0.0,0.0,1692
2023-05-09 21:11:57,cu2402,cu2402,66590.0,0.0,0.0,0.0,5,66690.0,66800.0,1,66590.0,66750.0,0.0,0.0,0.0,0.0,1692
2023-05-09 21:11:58,cu2402,cu2402,66590.0,0.0,0.0,0.0,3,66690.0,66800.0,1,66590.0,66750.0,0.0,0.0,0.0,0.0,1692
2023-05-09 21:11:58,cu2402,cu2402,66590.0,0.0,0.0,0.0,3,66690.0,66800.0,1,66590.0,66750.0,0.0,0.0,0.0,0.0,1692
2023-05-09 21:11:59,cu2402,cu2402,66590.0,0.0,0.0,0.0,3,66690.0,66800.0,1,66590.0,66750.0,0.0,0.0,0.0,0.0,1692
2023-05-09 21:11:59,cu2402,cu2402,66590.0,0.0,0.0,0.0,3,66690.0,66800.0,2,66590.0,66750.0,0.0,0.0,0.0,0.0,1692
2023-05-09 21:12:00,cu2402,cu2402,66590.0,0.0,0.0,0.0,3,66690.0,66800.0,2,66590.0,66750.0,0.0,0.0,0.0,0.0,1692
2023-05-09 21:12:00,cu2402,cu2402,66590.0,0.0,0.0,0.0,3,66690.0,66800.0,1,66590.0,66750.0,0.0,0.0,0.0,0.0,1692
2023-05-09 21:12:01,cu2402,cu2402,66590.0,0.0,0.0,0.0,3,66690.0,66800.0,1,66590.0,66750.0,0.0,0.0,0.0,0.0,1692
2023-05-09 21:12:01,cu2402,cu2402,66590.0,0.0,0.0,0.0,3,66690.0,66800.0,1,66590.0,66750.0,0.0,0.0,0.0,0.0,1692
2023-05-09 21:12:03,cu2402,cu2402,66590.0,0.0,0.0,0.0,3,66690.0,66800.0,1,66590.0,66750.0,0.0,0.0,0.0,0.0,1692
2023-05-09 21:12:03,cu2402,cu2402,66590.0,0.0,0.0,0.0,3,66690.0,66800.0,1,66590.0,66750.0,0.0,0.0,0.0,0.0,1692
2023-05-09 21:12:04,cu2402,cu2402,66590.0,0.0,0.0,0.0,3,66690.0,66800.0,2,66590.0,66750.0,0.0,0.0,0.0,0.0,1692
2023-05-09 21:12:05,cu2402,cu2402,66590.0,0.0,0.0,0.0,3,66690.0,66800.0,2,66590.0,66750.0,0.0,0.0,0.0,0.0,1692
2023-05-09 21:12:05,cu2402,cu2402,66590.0,0.0,0.0,0.0,3,66690.0,66790.0,2,66590.0,66750.0,0.0,0.0,0.0,0.0,1692
2023-05-09 21:12:06,cu2402,cu2402,66590.0,0.0,0.0,0.0,3,66690.0,66780.0,1,66590.0,66750.0,0.0,0.0,0.0,0.0,1692
2023-05-09 21:12:06,cu2402,cu2402,66590.0,0.0,0.0,0.0,3,66690.0,66780.0,1,66590.0,66750.0,0.0,0.0,0.0,0.0,1692
2023-05-09 21:12:07,cu2402,cu2402,66590.0,0.0,0.0,0.0,3,66690.0,66780.0,1,66590.0,66750.0,0.0,0.0,0.0,0.0,1692
2023-05-09 21:12:10,cu2402,cu2402,66590.0,0.0,0.0,0.0,2,66690.0,66780.0,1,66590.0,66750.0,0.0,0.0,0.0,0.0,1692
2023-05-09 21:12:10,cu2402,cu2402,66590.0,0.0,0.0,0.0,2,66690.0,66780.0,2,66590.0,66750.0,0.0,0.0,0.0,0.0,1692
2023-05-09 21:12:11,cu2402,cu2402,66590.0,0.0,0.0,0.0,3,66690.0,66780.0,1,66590.0,66750.0,0.0,0.0,0.0,0.0,1692
2023-05-09 21:12:11,cu2402,cu2402,66590.0,0.0,0.0,0.0,3,66690.0,66780.0,1,66590.0,66750.0,0.0,0.0,0.0,0.0,1692
2023-05-09 21:12:14,cu2402,cu2402,66590.0,0.0,0.0,0.0,1,66700.0,66780.0,1,66590.0,66750.0,0.0,0.0,0.0,0.0,1692
2023-05-09 21:12:14,cu2402,cu2402,66590.0,0.0,0.0,0.0,1,66700.0,66830.0,1,66590.0,66750.0,0.0,0.0,0.0,0.0,1692
2023-05-09 21:12:15,cu2402,cu2402,66590.0,0.0,0.0,0.0,2,66700.0,66820.0,2,66590.0,66750.0,0.0,0.0,0.0,0.0,1692
2023-05-09 21:12:16,cu2402,cu2402,66590.0,0.0,0.0,0.0,2,66700.0,66810.0,1,66590.0,66750.0,0.0,0.0,0.0,0.0,1692
2023-05-09 21:12:16,cu2402,cu2402,66590.0,0.0,0.0,0.0,2,66700.0,66800.0,1,66590.0,66750.0,0.0,0.0,0.0,0.0,1692
2023-05-09 21:12:17,cu2402,cu2402,66590.0,0.0,0.0,0.0,2,66700.0,66790.0,1,66590.0,66750.0,0.0,0.0,0.0,0.0,1692
2023-05-09 21:12:18,cu2402,cu2402,66590.0,0.0,0.0,0.0,2,66700.0,66800.0,1,66590.0,66750.0,0.0,0.0,0.0,0.0,1692
2023-05-09 21:12:18,cu2402,cu2402,66590.0,0.0,0.0,0.0,2,66700.0,66800.0,1,66590.0,66750.0,0.0,0.0,0.0,0.0,1692
2023-05-09 21:12:19,cu2402,cu2402,66590.0,0.0,0.0,0.0,2,66700.0,66790.0,1,66590.0,66750.0,0.0,0.0,0.0,0.0,1692
2023-05-09 21:12:19,cu2402,cu2402,66590.0,0.0,0.0,0.0,2,66700.0,66790.0,1,66590.0,66750.0,0.0,0.0,0.0,0.0,1692
2023-05-09 21:12:20,cu2402,cu2402,66590.0,0.0,0.0,0.0,2,66700.0,66820.0,1,66590.0,66750.0,0.0,0.0,0.0,0.0,1692
2023-05-09 21:12:20,cu2402,cu2402,66590.0,0.0,0.0,0.0,2,66700.0,66810.0,2,66590.0,66750.0,0.0,0.0,0.0,0.0,1692
2023-05-09 21:12:21,cu2402,cu2402,66590.0,0.0,0.0,0.0,1,66710.0,66810.0,2,66590.0,66750.0,0.0,0.0,0.0,0.0,1692
2023-05-09 21:12:21,cu2402,cu2402,66590.0,0.0,0.0,0.0,2,66710.0,66800.0,1,66590.0,66750.0,0.0,0.0,0.0,0.0,1692
