time,symbol_id,symbol_name,last,trade_volume,trade_amount,open_interest_change,bv1,bp1,ap1,av1,yesterday_close,today_open,today_high,today_low,volume,amount,open_interest
2023-05-09 19:10:58,CY2308,CY2308,22230.0,0.0,0.0,0.0,0,0.0,0.0,0,22230.0,0.0,0.0,0.0,0.0,0.0,0
2023-05-09 21:00:01,CY2308,CY2308,22230.0,0.0,0.0,0.0,1,20905.0,0.0,0,22230.0,0.0,0.0,0.0,0.0,0.0,0
2023-05-09 21:00:03,CY2308,CY2308,22230.0,0.0,0.0,0.0,1,20905.0,23565.0,1,22230.0,0.0,0.0,0.0,0.0,0.0,0
2023-05-09 21:00:03,CY2308,CY2308,22230.0,0.0,0.0,0.0,1,20910.0,23565.0,1,22230.0,0.0,0.0,0.0,0.0,0.0,0
2023-05-09 21:00:03,CY2308,CY2308,22230.0,0.0,0.0,0.0,1,20905.0,23565.0,1,22230.0,0.0,0.0,0.0,0.0,0.0,0
2023-05-09 21:00:03,CY2308,CY2308,22230.0,0.0,0.0,0.0,1,20910.0,23565.0,1,22230.0,0.0,0.0,0.0,0.0,0.0,0
2023-05-09 21:00:05,CY2308,CY2308,22230.0,0.0,0.0,0.0,1,20920.0,23565.0,1,22230.0,0.0,0.0,0.0,0.0,0.0,0
2023-05-09 21:00:08,CY2308,CY2308,22230.0,0.0,0.0,0.0,1,20920.0,23560.0,1,22230.0,0.0,0.0,0.0,0.0,0.0,0
2023-05-09 21:00:08,CY2308,CY2308,22230.0,0.0,0.0,0.0,1,21655.0,23560.0,1,22230.0,0.0,0.0,0.0,0.0,0.0,0
2023-05-09 21:00:09,CY2308,CY2308,22230.0,0.0,0.0,0.0,2,21655.0,23560.0,1,22230.0,0.0,0.0,0.0,0.0,0.0,0
2023-05-09 21:00:14,CY2308,CY2308,22230.0,0.0,0.0,0.0,1,21660.0,23560.0,1,22230.0,0.0,0.0,0.0,0.0,0.0,0
2023-05-09 21:00:16,CY2308,CY2308,22230.0,0.0,0.0,0.0,2,21665.0,23560.0,1,22230.0,0.0,0.0,0.0,0.0,0.0,0
2023-05-09 21:00:21,CY2308,CY2308,22230.0,0.0,0.0,0.0,1,21670.0,23560.0,1,22230.0,0.0,0.0,0.0,0.0,0.0,0
2023-05-09 21:01:01,CY2308,CY2308,22230.0,0.0,0.0,0.0,2,21675.0,23560.0,1,22230.0,0.0,0.0,0.0,0.0,0.0,0
2023-05-09 21:01:02,CY2308,CY2308,22230.0,0.0,0.0,0.0,1,21680.0,23560.0,1,22230.0,0.0,0.0,0.0,0.0,0.0,0
2023-05-09 21:01:44,CY2308,CY2308,22230.0,0.0,0.0,0.0,2,21685.0,23560.0,1,22230.0,0.0,0.0,0.0,0.0,0.0,0
2023-05-09 21:01:44,CY2308,CY2308,22230.0,0.0,0.0,0.0,1,21690.0,23560.0,1,22230.0,0.0,0.0,0.0,0.0,0.0,0
2023-05-09 21:02:27,CY2308,CY2308,22230.0,0.0,0.0,0.0,2,21695.0,23560.0,1,22230.0,0.0,0.0,0.0,0.0,0.0,0
2023-05-09 21:02:28,CY2308,CY2308,22230.0,0.0,0.0,0.0,1,21700.0,23560.0,1,22230.0,0.0,0.0,0.0,0.0,0.0,0
2023-05-09 21:03:10,CY2308,CY2308,22230.0,0.0,0.0,0.0,2,21705.0,23560.0,1,22230.0,0.0,0.0,0.0,0.0,0.0,0
2023-05-09 21:03:10,CY2308,CY2308,22230.0,0.0,0.0,0.0,1,21710.0,23560.0,1,22230.0,0.0,0.0,0.0,0.0,0.0,0
2023-05-09 21:03:11,CY2308,CY2308,22230.0,0.0,0.0,0.0,2,21710.0,23560.0,1,22230.0,0.0,0.0,0.0,0.0,0.0,0
2023-05-09 21:03:53,CY2308,CY2308,22230.0,0.0,0.0,0.0,2,21715.0,23560.0,1,22230.0,0.0,0.0,0.0,0.0,0.0,0
2023-05-09 21:03:54,CY2308,CY2308,22230.0,0.0,0.0,0.0,1,21720.0,23560.0,1,22230.0,0.0,0.0,0.0,0.0,0.0,0
2023-05-09 21:04:36,CY2308,CY2308,22230.0,0.0,0.0,0.0,2,21725.0,23560.0,1,22230.0,0.0,0.0,0.0,0.0,0.0,0
2023-05-09 21:04:36,CY2308,CY2308,22230.0,0.0,0.0,0.0,1,21730.0,23560.0,1,22230.0,0.0,0.0,0.0,0.0,0.0,0
2023-05-09 21:05:19,CY2308,CY2308,22230.0,0.0,0.0,0.0,2,21735.0,23560.0,1,22230.0,0.0,0.0,0.0,0.0,0.0,0
2023-05-09 21:05:19,CY2308,CY2308,22230.0,0.0,0.0,0.0,1,21740.0,23560.0,1,22230.0,0.0,0.0,0.0,0.0,0.0,0
2023-05-09 21:06:02,CY2308,CY2308,22230.0,0.0,0.0,0.0,2,21745.0,23560.0,1,22230.0,0.0,0.0,0.0,0.0,0.0,0
2023-05-09 21:06:02,CY2308,CY2308,22230.0,0.0,0.0,0.0,1,21750.0,23560.0,1,22230.0,0.0,0.0,0.0,0.0,0.0,0
2023-05-09 21:06:44,CY2308,CY2308,22230.0,0.0,0.0,0.0,2,21755.0,23560.0,1,22230.0,0.0,0.0,0.0,0.0,0.0,0
2023-05-09 21:06:44,CY2308,CY2308,22230.0,0.0,0.0,0.0,1,21760.0,23560.0,1,22230.0,0.0,0.0,0.0,0.0,0.0,0
2023-05-09 21:07:27,CY2308,CY2308,22230.0,0.0,0.0,0.0,2,21765.0,23560.0,1,22230.0,0.0,0.0,0.0,0.0,0.0,0
2023-05-09 21:07:27,CY2308,CY2308,22230.0,0.0,0.0,0.0,1,21770.0,23560.0,1,22230.0,0.0,0.0,0.0,0.0,0.0,0
2023-05-09 21:08:10,CY2308,CY2308,22230.0,0.0,0.0,0.0,2,21775.0,23560.0,1,22230.0,0.0,0.0,0.0,0.0,0.0,0
2023-05-09 21:08:11,CY2308,CY2308,22230.0,0.0,0.0,0.0,1,21780.0,23560.0,1,22230.0,0.0,0.0,0.0,0.0,0.0,0
2023-05-09 21:08:53,CY2308,CY2308,22230.0,0.0,0.0,0.0,2,21785.0,23560.0,1,22230.0,0.0,0.0,0.0,0.0,0.0,0
2023-05-09 21:08:53,CY2308,CY2308,22230.0,0.0,0.0,0.0,1,21790.0,23560.0,1,22230.0,0.0,0.0,0.0,0.0,0.0,0
2023-05-09 21:09:36,CY2308,CY2308,22230.0,0.0,0.0,0.0,2,21795.0,23560.0,1,22230.0,0.0,0.0,0.0,0.0,0.0,0
2023-05-09 21:09:36,CY2308,CY2308,22230.0,0.0,0.0,0.0,1,21800.0,23560.0,1,22230.0,0.0,0.0,0.0,0.0,0.0,0
2023-05-09 21:10:19,CY2308,CY2308,22230.0,0.0,0.0,0.0,2,21805.0,23560.0,1,22230.0,0.0,0.0,0.0,0.0,0.0,0
2023-05-09 21:10:19,CY2308,CY2308,22230.0,0.0,0.0,0.0,1,21810.0,23560.0,1,22230.0,0.0,0.0,0.0,0.0,0.0,0
2023-05-09 21:11:02,CY2308,CY2308,22230.0,0.0,0.0,0.0,2,21815.0,23560.0,1,22230.0,0.0,0.0,0.0,0.0,0.0,0
2023-05-09 21:11:02,CY2308,CY2308,22230.0,0.0,0.0,0.0,1,21820.0,23560.0,1,22230.0,0.0,0.0,0.0,0.0,0.0,0
2023-05-09 21:11:02,CY2308,CY2308,22230.0,0.0,0.0,0.0,2,21820.0,23560.0,1,22230.0,0.0,0.0,0.0,0.0,0.0,0
2023-05-09 21:11:45,CY2308,CY2308,22230.0,0.0,0.0,0.0,2,21825.0,23560.0,1,22230.0,0.0,0.0,0.0,0.0,0.0,0
2023-05-09 21:11:45,CY2308,CY2308,22230.0,0.0,0.0,0.0,1,21830.0,23560.0,1,22230.0,0.0,0.0,0.0,0.0,0.0,0
2023-05-09 21:12:28,CY2308,CY2308,22230.0,0.0,0.0,0.0,2,21835.0,23560.0,1,22230.0,0.0,0.0,0.0,0.0,0.0,0
2023-05-09 21:12:28,CY2308,CY2308,22230.0,0.0,0.0,0.0,1,21840.0,23560.0,1,22230.0,0.0,0.0,0.0,0.0,0.0,0
2023-05-09 21:13:11,CY2308,CY2308,22230.0,0.0,0.0,0.0,2,21845.0,23560.0,1,22230.0,0.0,0.0,0.0,0.0,0.0,0
2023-05-09 21:13:11,CY2308,CY2308,22230.0,0.0,0.0,0.0,1,21850.0,23560.0,1,22230.0,0.0,0.0,0.0,0.0,0.0,0
2023-05-09 21:13:54,CY2308,CY2308,22230.0,0.0,0.0,0.0,2,21855.0,23560.0,1,22230.0,0.0,0.0,0.0,0.0,0.0,0
2023-05-09 21:13:54,CY2308,CY2308,22230.0,0.0,0.0,0.0,1,21860.0,23560.0,1,22230.0,0.0,0.0,0.0,0.0,0.0,0
2023-05-09 21:14:37,CY2308,CY2308,22230.0,0.0,0.0,0.0,2,21865.0,23560.0,1,22230.0,0.0,0.0,0.0,0.0,0.0,0
2023-05-09 21:14:37,CY2308,CY2308,22230.0,0.0,0.0,0.0,1,21870.0,23560.0,1,22230.0,0.0,0.0,0.0,0.0,0.0,0
2023-05-09 21:15:20,CY2308,CY2308,22230.0,0.0,0.0,0.0,2,21875.0,23560.0,1,22230.0,0.0,0.0,0.0,0.0,0.0,0
2023-05-09 21:15:20,CY2308,CY2308,22230.0,0.0,0.0,0.0,1,21880.0,23560.0,1,22230.0,0.0,0.0,0.0,0.0,0.0,0
2023-05-09 21:16:03,CY2308,CY2308,22230.0,0.0,0.0,0.0,1,21880.0,23555.0,2,22230.0,0.0,0.0,0.0,0.0,0.0,0
2023-05-09 21:16:03,CY2308,CY2308,22230.0,0.0,0.0,0.0,1,21880.0,23550.0,1,22230.0,0.0,0.0,0.0,0.0,0.0,0
2023-05-09 21:16:46,CY2308,CY2308,22230.0,0.0,0.0,0.0,2,21885.0,23550.0,1,22230.0,0.0,0.0,0.0,0.0,0.0,0
2023-05-09 21:16:46,CY2308,CY2308,22230.0,0.0,0.0,0.0,1,21890.0,23550.0,1,22230.0,0.0,0.0,0.0,0.0,0.0,0
2023-05-09 21:17:28,CY2308,CY2308,22230.0,0.0,0.0,0.0,2,21895.0,23550.0,1,22230.0,0.0,0.0,0.0,0.0,0.0,0
2023-05-09 21:17:29,CY2308,CY2308,22230.0,0.0,0.0,0.0,1,21900.0,23550.0,1,22230.0,0.0,0.0,0.0,0.0,0.0,0
2023-05-09 21:18:11,CY2308,CY2308,22230.0,0.0,0.0,0.0,2,21905.0,23550.0,1,22230.0,0.0,0.0,0.0,0.0,0.0,0
2023-05-09 21:18:11,CY2308,CY2308,22230.0,0.0,0.0,0.0,1,21910.0,23550.0,1,22230.0,0.0,0.0,0.0,0.0,0.0,0
2023-05-09 21:18:54,CY2308,CY2308,22230.0,0.0,0.0,0.0,2,21915.0,23550.0,1,22230.0,0.0,0.0,0.0,0.0,0.0,0
2023-05-09 21:18:54,CY2308,CY2308,22230.0,0.0,0.0,0.0,1,21920.0,23550.0,1,22230.0,0.0,0.0,0.0,0.0,0.0,0
2023-05-09 21:19:36,CY2308,CY2308,22230.0,0.0,0.0,0.0,1,21920.0,23545.0,2,22230.0,0.0,0.0,0.0,0.0,0.0,0
2023-05-09 21:19:37,CY2308,CY2308,22230.0,0.0,0.0,0.0,1,21920.0,23540.0,1,22230.0,0.0,0.0,0.0,0.0,0.0,0
2023-05-09 21:20:19,CY2308,CY2308,22230.0,0.0,0.0,0.0,2,21925.0,23540.0,1,22230.0,0.0,0.0,0.0,0.0,0.0,0
2023-05-09 21:20:19,CY2308,CY2308,22230.0,0.0,0.0,0.0,1,21930.0,23540.0,1,22230.0,0.0,0.0,0.0,0.0,0.0,0
2023-05-09 21:20:20,CY2308,CY2308,22230.0,0.0,0.0,0.0,2,21930.0,23540.0,1,22230.0,0.0,0.0,0.0,0.0,0.0,0
2023-05-09 21:21:02,CY2308,CY2308,22230.0,0.0,0.0,0.0,2,21935.0,23540.0,1,22230.0,0.0,0.0,0.0,0.0,0.0,0
2023-05-09 21:21:02,CY2308,CY2308,22230.0,0.0,0.0,0.0,1,21940.0,23540.0,1,22230.0,0.0,0.0,0.0,0.0,0.0,0
2023-05-09 21:21:44,CY2308,CY2308,22230.0,0.0,0.0,0.0,2,21945.0,23540.0,1,22230.0,0.0,0.0,0.0,0.0,0.0,0
2023-05-09 21:21:45,CY2308,CY2308,22230.0,0.0,0.0,0.0,1,21950.0,23540.0,1,22230.0,0.0,0.0,0.0,0.0,0.0,0
2023-05-09 21:22:26,CY2308,CY2308,22230.0,0.0,0.0,0.0,2,21955.0,23540.0,1,22230.0,0.0,0.0,0.0,0.0,0.0,0
2023-05-09 21:22:27,CY2308,CY2308,22230.0,0.0,0.0,0.0,1,21960.0,23540.0,1,22230.0,0.0,0.0,0.0,0.0,0.0,0
2023-05-09 21:23:09,CY2308,CY2308,22230.0,0.0,0.0,0.0,2,21965.0,23540.0,1,22230.0,0.0,0.0,0.0,0.0,0.0,0
2023-05-09 21:23:10,CY2308,CY2308,22230.0,0.0,0.0,0.0,1,21970.0,23540.0,1,22230.0,0.0,0.0,0.0,0.0,0.0,0
2023-05-09 21:23:52,CY2308,CY2308,22230.0,0.0,0.0,0.0,2,21975.0,23540.0,1,22230.0,0.0,0.0,0.0,0.0,0.0,0
2023-05-09 21:23:52,CY2308,CY2308,22230.0,0.0,0.0,0.0,1,21980.0,23540.0,1,22230.0,0.0,0.0,0.0,0.0,0.0,0
2023-05-09 21:24:34,CY2308,CY2308,22230.0,0.0,0.0,0.0,1,21980.0,23535.0,2,22230.0,0.0,0.0,0.0,0.0,0.0,0
2023-05-09 21:24:34,CY2308,CY2308,22230.0,0.0,0.0,0.0,1,21980.0,23530.0,1,22230.0,0.0,0.0,0.0,0.0,0.0,0
2023-05-09 21:25:16,CY2308,CY2308,22230.0,0.0,0.0,0.0,1,21980.0,23525.0,2,22230.0,0.0,0.0,0.0,0.0,0.0,0
2023-05-09 21:25:17,CY2308,CY2308,22230.0,0.0,0.0,0.0,1,21980.0,23520.0,1,22230.0,0.0,0.0,0.0,0.0,0.0,0
2023-05-09 21:25:59,CY2308,CY2308,22230.0,0.0,0.0,0.0,1,21980.0,23515.0,2,22230.0,0.0,0.0,0.0,0.0,0.0,0
2023-05-09 21:25:59,CY2308,CY2308,22230.0,0.0,0.0,0.0,1,21980.0,23510.0,1,22230.0,0.0,0.0,0.0,0.0,0.0,0
2023-05-09 21:26:00,CY2308,CY2308,22230.0,0.0,0.0,0.0,1,21980.0,23510.0,2,22230.0,0.0,0.0,0.0,0.0,0.0,0
2023-05-09 21:26:41,CY2308,CY2308,22230.0,0.0,0.0,0.0,1,21980.0,23505.0,2,22230.0,0.0,0.0,0.0,0.0,0.0,0
2023-05-09 21:26:42,CY2308,CY2308,22230.0,0.0,0.0,0.0,1,21980.0,23500.0,1,22230.0,0.0,0.0,0.0,0.0,0.0,0
2023-05-09 21:27:23,CY2308,CY2308,22230.0,0.0,0.0,0.0,1,21980.0,23495.0,2,22230.0,0.0,0.0,0.0,0.0,0.0,0
2023-05-09 21:27:24,CY2308,CY2308,22230.0,0.0,0.0,0.0,1,21980.0,23490.0,1,22230.0,0.0,0.0,0.0,0.0,0.0,0
2023-05-09 21:28:05,CY2308,CY2308,22230.0,0.0,0.0,0.0,1,21980.0,23485.0,2,22230.0,0.0,0.0,0.0,0.0,0.0,0
2023-05-09 21:28:06,CY2308,CY2308,22230.0,0.0,0.0,0.0,1,21980.0,23480.0,1,22230.0,0.0,0.0,0.0,0.0,0.0,0
2023-05-09 21:28:48,CY2308,CY2308,22230.0,0.0,0.0,0.0,2,21985.0,23480.0,1,22230.0,0.0,0.0,0.0,0.0,0.0,0
2023-05-09 21:28:48,CY2308,CY2308,22230.0,0.0,0.0,0.0,1,21990.0,23480.0,1,22230.0,0.0,0.0,0.0,0.0,0.0,0
2023-05-09 21:29:30,CY2308,CY2308,22230.0,0.0,0.0,0.0,1,21990.0,23475.0,2,22230.0,0.0,0.0,0.0,0.0,0.0,0
2023-05-09 21:29:30,CY2308,CY2308,22230.0,0.0,0.0,0.0,1,21990.0,23470.0,1,22230.0,0.0,0.0,0.0,0.0,0.0,0
2023-05-09 21:30:12,CY2308,CY2308,22230.0,0.0,0.0,0.0,1,21990.0,23465.0,2,22230.0,0.0,0.0,0.0,0.0,0.0,0
2023-05-09 21:30:13,CY2308,CY2308,22230.0,0.0,0.0,0.0,1,21990.0,23460.0,1,22230.0,0.0,0.0,0.0,0.0,0.0,0
2023-05-09 21:30:55,CY2308,CY2308,22230.0,0.0,0.0,0.0,1,21990.0,23455.0,2,22230.0,0.0,0.0,0.0,0.0,0.0,0
2023-05-09 21:30:56,CY2308,CY2308,22230.0,0.0,0.0,0.0,1,21990.0,23450.0,1,22230.0,0.0,0.0,0.0,0.0,0.0,0
2023-05-09 21:31:38,CY2308,CY2308,22230.0,0.0,0.0,0.0,1,21990.0,23445.0,2,22230.0,0.0,0.0,0.0,0.0,0.0,0
2023-05-09 21:31:38,CY2308,CY2308,22230.0,0.0,0.0,0.0,1,21990.0,23440.0,1,22230.0,0.0,0.0,0.0,0.0,0.0,0
2023-05-09 21:32:20,CY2308,CY2308,22230.0,0.0,0.0,0.0,2,21995.0,23440.0,1,22230.0,0.0,0.0,0.0,0.0,0.0,0
2023-05-09 21:32:21,CY2308,CY2308,22230.0,0.0,0.0,0.0,1,22000.0,23440.0,1,22230.0,0.0,0.0,0.0,0.0,0.0,0
2023-05-09 21:33:03,CY2308,CY2308,22230.0,0.0,0.0,0.0,2,22005.0,23440.0,1,22230.0,0.0,0.0,0.0,0.0,0.0,0
2023-05-09 21:33:04,CY2308,CY2308,22230.0,0.0,0.0,0.0,1,22010.0,23440.0,1,22230.0,0.0,0.0,0.0,0.0,0.0,0
2023-05-09 21:33:46,CY2308,CY2308,22230.0,0.0,0.0,0.0,2,22015.0,23440.0,1,22230.0,0.0,0.0,0.0,0.0,0.0,0
2023-05-09 21:33:46,CY2308,CY2308,22230.0,0.0,0.0,0.0,1,22020.0,23440.0,1,22230.0,0.0,0.0,0.0,0.0,0.0,0
2023-05-09 21:34:28,CY2308,CY2308,22230.0,0.0,0.0,0.0,2,22025.0,23440.0,1,22230.0,0.0,0.0,0.0,0.0,0.0,0
2023-05-09 21:34:28,CY2308,CY2308,22230.0,0.0,0.0,0.0,1,22030.0,23440.0,1,22230.0,0.0,0.0,0.0,0.0,0.0,0
2023-05-09 21:35:10,CY2308,CY2308,22230.0,0.0,0.0,0.0,2,22035.0,23440.0,1,22230.0,0.0,0.0,0.0,0.0,0.0,0
2023-05-09 21:35:11,CY2308,CY2308,22230.0,0.0,0.0,0.0,1,22040.0,23440.0,1,22230.0,0.0,0.0,0.0,0.0,0.0,0
2023-05-09 21:35:11,CY2308,CY2308,22230.0,0.0,0.0,0.0,2,22040.0,23440.0,1,22230.0,0.0,0.0,0.0,0.0,0.0,0
2023-05-09 21:35:53,CY2308,CY2308,22230.0,0.0,0.0,0.0,2,22040.0,23435.0,2,22230.0,0.0,0.0,0.0,0.0,0.0,0
2023-05-09 21:35:53,CY2308,CY2308,22230.0,0.0,0.0,0.0,2,22040.0,23430.0,1,22230.0,0.0,0.0,0.0,0.0,0.0,0
2023-05-09 21:36:35,CY2308,CY2308,22230.0,0.0,0.0,0.0,2,22040.0,23425.0,2,22230.0,0.0,0.0,0.0,0.0,0.0,0
2023-05-09 21:36:36,CY2308,CY2308,22230.0,0.0,0.0,0.0,2,22040.0,23420.0,1,22230.0,0.0,0.0,0.0,0.0,0.0,0
2023-05-09 21:37:17,CY2308,CY2308,22230.0,0.0,0.0,0.0,2,22040.0,23415.0,2,22230.0,0.0,0.0,0.0,0.0,0.0,0
2023-05-09 21:37:18,CY2308,CY2308,22230.0,0.0,0.0,0.0,2,22040.0,23410.0,1,22230.0,0.0,0.0,0.0,0.0,0.0,0
2023-05-09 21:38:00,CY2308,CY2308,22230.0,0.0,0.0,0.0,2,22045.0,23410.0,1,22230.0,0.0,0.0,0.0,0.0,0.0,0
2023-05-09 21:38:00,CY2308,CY2308,22230.0,0.0,0.0,0.0,1,22050.0,23410.0,1,22230.0,0.0,0.0,0.0,0.0,0.0,0
2023-05-09 21:38:43,CY2308,CY2308,22230.0,0.0,0.0,0.0,1,22050.0,23405.0,2,22230.0,0.0,0.0,0.0,0.0,0.0,0
2023-05-09 21:38:43,CY2308,CY2308,22230.0,0.0,0.0,0.0,1,22050.0,23400.0,1,22230.0,0.0,0.0,0.0,0.0,0.0,0
2023-05-09 21:38:44,CY2308,CY2308,22230.0,0.0,0.0,0.0,1,22050.0,23400.0,2,22230.0,0.0,0.0,0.0,0.0,0.0,0
2023-05-09 21:39:26,CY2308,CY2308,22230.0,0.0,0.0,0.0,1,22050.0,23395.0,2,22230.0,0.0,0.0,0.0,0.0,0.0,0
2023-05-09 21:39:26,CY2308,CY2308,22230.0,0.0,0.0,0.0,1,22050.0,23390.0,1,22230.0,0.0,0.0,0.0,0.0,0.0,0
2023-05-09 21:40:08,CY2308,CY2308,22230.0,0.0,0.0,0.0,1,22050.0,23385.0,2,22230.0,0.0,0.0,0.0,0.0,0.0,0
2023-05-09 21:40:09,CY2308,CY2308,22230.0,0.0,0.0,0.0,1,22050.0,23380.0,1,22230.0,0.0,0.0,0.0,0.0,0.0,0
2023-05-09 21:40:51,CY2308,CY2308,22230.0,0.0,0.0,0.0,1,22050.0,23375.0,2,22230.0,0.0,0.0,0.0,0.0,0.0,0
2023-05-09 21:40:51,CY2308,CY2308,22230.0,0.0,0.0,0.0,1,22050.0,23370.0,1,22230.0,0.0,0.0,0.0,0.0,0.0,0
2023-05-09 21:41:34,CY2308,CY2308,22230.0,0.0,0.0,0.0,1,22050.0,23365.0,2,22230.0,0.0,0.0,0.0,0.0,0.0,0
2023-05-09 21:41:34,CY2308,CY2308,22230.0,0.0,0.0,0.0,1,22050.0,23360.0,1,22230.0,0.0,0.0,0.0,0.0,0.0,0
2023-05-09 21:42:16,CY2308,CY2308,22230.0,0.0,0.0,0.0,1,22050.0,23355.0,2,22230.0,0.0,0.0,0.0,0.0,0.0,0
2023-05-09 21:42:17,CY2308,CY2308,22230.0,0.0,0.0,0.0,1,22050.0,23350.0,1,22230.0,0.0,0.0,0.0,0.0,0.0,0
2023-05-09 21:42:59,CY2308,CY2308,22230.0,0.0,0.0,0.0,2,22055.0,23350.0,1,22230.0,0.0,0.0,0.0,0.0,0.0,0
2023-05-09 21:42:59,CY2308,CY2308,22230.0,0.0,0.0,0.0,1,22060.0,23350.0,1,22230.0,0.0,0.0,0.0,0.0,0.0,0
2023-05-09 21:43:41,CY2308,CY2308,22230.0,0.0,0.0,0.0,2,22065.0,23350.0,1,22230.0,0.0,0.0,0.0,0.0,0.0,0
2023-05-09 21:43:42,CY2308,CY2308,22230.0,0.0,0.0,0.0,1,22070.0,23350.0,1,22230.0,0.0,0.0,0.0,0.0,0.0,0
2023-05-09 21:44:24,CY2308,CY2308,22230.0,0.0,0.0,0.0,2,22075.0,23350.0,1,22230.0,0.0,0.0,0.0,0.0,0.0,0
2023-05-09 21:44:24,CY2308,CY2308,22230.0,0.0,0.0,0.0,1,22080.0,23350.0,1,22230.0,0.0,0.0,0.0,0.0,0.0,0
2023-05-09 21:45:07,CY2308,CY2308,22230.0,0.0,0.0,0.0,2,22085.0,23350.0,1,22230.0,0.0,0.0,0.0,0.0,0.0,0
2023-05-09 21:45:07,CY2308,CY2308,22230.0,0.0,0.0,0.0,1,22090.0,23350.0,1,22230.0,0.0,0.0,0.0,0.0,0.0,0
2023-05-09 21:45:49,CY2308,CY2308,22230.0,0.0,0.0,0.0,2,22095.0,23350.0,1,22230.0,0.0,0.0,0.0,0.0,0.0,0
2023-05-09 21:45:50,CY2308,CY2308,22230.0,0.0,0.0,0.0,1,22100.0,23350.0,1,22230.0,0.0,0.0,0.0,0.0,0.0,0
2023-05-09 21:46:32,CY2308,CY2308,22230.0,0.0,0.0,0.0,1,22100.0,23345.0,2,22230.0,0.0,0.0,0.0,0.0,0.0,0
2023-05-09 21:46:33,CY2308,CY2308,22230.0,0.0,0.0,0.0,1,22100.0,23340.0,1,22230.0,0.0,0.0,0.0,0.0,0.0,0
2023-05-09 21:47:15,CY2308,CY2308,22230.0,0.0,0.0,0.0,1,22100.0,23335.0,2,22230.0,0.0,0.0,0.0,0.0,0.0,0
2023-05-09 21:47:16,CY2308,CY2308,22230.0,0.0,0.0,0.0,1,22100.0,23330.0,1,22230.0,0.0,0.0,0.0,0.0,0.0,0
2023-05-09 21:47:58,CY2308,CY2308,22230.0,0.0,0.0,0.0,2,22105.0,23330.0,1,22230.0,0.0,0.0,0.0,0.0,0.0,0
2023-05-09 21:47:58,CY2308,CY2308,22230.0,0.0,0.0,0.0,1,22110.0,23330.0,1,22230.0,0.0,0.0,0.0,0.0,0.0,0
2023-05-09 21:48:40,CY2308,CY2308,22230.0,0.0,0.0,0.0,2,22115.0,23330.0,1,22230.0,0.0,0.0,0.0,0.0,0.0,0
2023-05-09 21:48:40,CY2308,CY2308,22230.0,0.0,0.0,0.0,1,22120.0,23330.0,1,22230.0,0.0,0.0,0.0,0.0,0.0,0
2023-05-09 21:49:23,CY2308,CY2308,22230.0,0.0,0.0,0.0,2,22125.0,23330.0,1,22230.0,0.0,0.0,0.0,0.0,0.0,0
2023-05-09 21:49:23,CY2308,CY2308,22230.0,0.0,0.0,0.0,1,22130.0,23330.0,1,22230.0,0.0,0.0,0.0,0.0,0.0,0
2023-05-09 21:50:05,CY2308,CY2308,22230.0,0.0,0.0,0.0,2,22135.0,23330.0,1,22230.0,0.0,0.0,0.0,0.0,0.0,0
2023-05-09 21:50:06,CY2308,CY2308,22230.0,0.0,0.0,0.0,1,22140.0,23330.0,1,22230.0,0.0,0.0,0.0,0.0,0.0,0
2023-05-09 21:50:48,CY2308,CY2308,22230.0,0.0,0.0,0.0,2,22145.0,23330.0,1,22230.0,0.0,0.0,0.0,0.0,0.0,0
2023-05-09 21:50:49,CY2308,CY2308,22230.0,0.0,0.0,0.0,1,22150.0,23330.0,1,22230.0,0.0,0.0,0.0,0.0,0.0,0
2023-05-09 21:50:49,CY2308,CY2308,22230.0,0.0,0.0,0.0,2,22150.0,23330.0,1,22230.0,0.0,0.0,0.0,0.0,0.0,0
2023-05-09 21:51:30,CY2308,CY2308,22230.0,0.0,0.0,0.0,2,22150.0,23325.0,2,22230.0,0.0,0.0,0.0,0.0,0.0,0
2023-05-09 21:51:31,CY2308,CY2308,22230.0,0.0,0.0,0.0,2,22150.0,23320.0,1,22230.0,0.0,0.0,0.0,0.0,0.0,0
2023-05-09 21:52:13,CY2308,CY2308,22230.0,0.0,0.0,0.0,2,22155.0,23320.0,1,22230.0,0.0,0.0,0.0,0.0,0.0,0
2023-05-09 21:52:13,CY2308,CY2308,22230.0,0.0,0.0,0.0,1,22160.0,23320.0,1,22230.0,0.0,0.0,0.0,0.0,0.0,0
2023-05-09 21:52:55,CY2308,CY2308,22230.0,0.0,0.0,0.0,2,22165.0,23320.0,1,22230.0,0.0,0.0,0.0,0.0,0.0,0
2023-05-09 21:52:55,CY2308,CY2308,22230.0,0.0,0.0,0.0,1,22170.0,23320.0,1,22230.0,0.0,0.0,0.0,0.0,0.0,0
2023-05-09 21:53:37,CY2308,CY2308,22230.0,0.0,0.0,0.0,1,22170.0,23315.0,2,22230.0,0.0,0.0,0.0,0.0,0.0,0
2023-05-09 21:53:37,CY2308,CY2308,22230.0,0.0,0.0,0.0,1,22170.0,23310.0,1,22230.0,0.0,0.0,0.0,0.0,0.0,0
2023-05-09 21:54:19,CY2308,CY2308,22230.0,0.0,0.0,0.0,2,22175.0,23310.0,1,22230.0,0.0,0.0,0.0,0.0,0.0,0
2023-05-09 21:54:20,CY2308,CY2308,22230.0,0.0,0.0,0.0,1,22180.0,23310.0,1,22230.0,0.0,0.0,0.0,0.0,0.0,0
2023-05-09 21:55:01,CY2308,CY2308,22230.0,0.0,0.0,0.0,1,22180.0,23305.0,2,22230.0,0.0,0.0,0.0,0.0,0.0,0
2023-05-09 21:55:02,CY2308,CY2308,22230.0,0.0,0.0,0.0,1,22180.0,23300.0,1,22230.0,0.0,0.0,0.0,0.0,0.0,0
2023-05-09 21:55:43,CY2308,CY2308,22230.0,0.0,0.0,0.0,1,22180.0,23295.0,2,22230.0,0.0,0.0,0.0,0.0,0.0,0
2023-05-09 21:55:44,CY2308,CY2308,22230.0,0.0,0.0,0.0,1,22180.0,23290.0,1,22230.0,0.0,0.0,0.0,0.0,0.0,0
2023-05-09 21:55:45,CY2308,CY2308,22230.0,0.0,0.0,0.0,1,22180.0,23290.0,2,22230.0,0.0,0.0,0.0,0.0,0.0,0
2023-05-09 21:56:26,CY2308,CY2308,22230.0,0.0,0.0,0.0,1,22180.0,23285.0,2,22230.0,0.0,0.0,0.0,0.0,0.0,0
2023-05-09 21:56:26,CY2308,CY2308,22230.0,0.0,0.0,0.0,1,22180.0,23280.0,1,22230.0,0.0,0.0,0.0,0.0,0.0,0
2023-05-09 21:57:07,CY2308,CY2308,22230.0,0.0,0.0,0.0,2,22185.0,23280.0,1,22230.0,0.0,0.0,0.0,0.0,0.0,0
2023-05-09 21:57:08,CY2308,CY2308,22230.0,0.0,0.0,0.0,1,22190.0,23280.0,1,22230.0,0.0,0.0,0.0,0.0,0.0,0
2023-05-09 21:57:50,CY2308,CY2308,22230.0,0.0,0.0,0.0,2,22195.0,23280.0,1,22230.0,0.0,0.0,0.0,0.0,0.0,0
2023-05-09 21:57:50,CY2308,CY2308,22230.0,0.0,0.0,0.0,1,22200.0,23280.0,1,22230.0,0.0,0.0,0.0,0.0,0.0,0
2023-05-09 21:58:32,CY2308,CY2308,22230.0,0.0,0.0,0.0,2,22205.0,23280.0,1,22230.0,0.0,0.0,0.0,0.0,0.0,0
2023-05-09 21:58:33,CY2308,CY2308,22230.0,0.0,0.0,0.0,1,22210.0,23280.0,1,22230.0,0.0,0.0,0.0,0.0,0.0,0
2023-05-09 21:59:15,CY2308,CY2308,22230.0,0.0,0.0,0.0,2,22215.0,23280.0,1,22230.0,0.0,0.0,0.0,0.0,0.0,0
2023-05-09 21:59:16,CY2308,CY2308,22230.0,0.0,0.0,0.0,1,22220.0,23280.0,1,22230.0,0.0,0.0,0.0,0.0,0.0,0
2023-05-09 21:59:59,CY2308,CY2308,22230.0,0.0,0.0,0.0,2,22225.0,23280.0,1,22230.0,0.0,0.0,0.0,0.0,0.0,0
2023-05-09 21:59:59,CY2308,CY2308,22230.0,0.0,0.0,0.0,1,22230.0,23280.0,1,22230.0,0.0,0.0,0.0,0.0,0.0,0
2023-05-09 22:00:42,CY2308,CY2308,22230.0,0.0,0.0,0.0,1,22230.0,23275.0,2,22230.0,0.0,0.0,0.0,0.0,0.0,0
2023-05-09 22:00:42,CY2308,CY2308,22230.0,0.0,0.0,0.0,1,22230.0,23270.0,1,22230.0,0.0,0.0,0.0,0.0,0.0,0
2023-05-09 22:01:24,CY2308,CY2308,22230.0,0.0,0.0,0.0,2,22235.0,23270.0,1,22230.0,0.0,0.0,0.0,0.0,0.0,0
2023-05-09 22:01:25,CY2308,CY2308,22230.0,0.0,0.0,0.0,1,22240.0,23270.0,1,22230.0,0.0,0.0,0.0,0.0,0.0,0
2023-05-09 22:02:07,CY2308,CY2308,22230.0,0.0,0.0,0.0,1,22240.0,23265.0,2,22230.0,0.0,0.0,0.0,0.0,0.0,0
2023-05-09 22:02:07,CY2308,CY2308,22230.0,0.0,0.0,0.0,1,22240.0,23260.0,1,22230.0,0.0,0.0,0.0,0.0,0.0,0
2023-05-09 22:02:49,CY2308,CY2308,22230.0,0.0,0.0,0.0,2,22245.0,23260.0,1,22230.0,0.0,0.0,0.0,0.0,0.0,0
2023-05-09 22:02:49,CY2308,CY2308,22230.0,0.0,0.0,0.0,1,22250.0,23260.0,1,22230.0,0.0,0.0,0.0,0.0,0.0,0
2023-05-09 22:03:33,CY2308,CY2308,22230.0,0.0,0.0,0.0,1,22250.0,23255.0,2,22230.0,0.0,0.0,0.0,0.0,0.0,0
2023-05-09 22:03:33,CY2308,CY2308,22230.0,0.0,0.0,0.0,1,22250.0,23250.0,1,22230.0,0.0,0.0,0.0,0.0,0.0,0
2023-05-09 22:04:16,CY2308,CY2308,22230.0,0.0,0.0,0.0,1,22250.0,23245.0,2,22230.0,0.0,0.0,0.0,0.0,0.0,0
2023-05-09 22:04:16,CY2308,CY2308,22230.0,0.0,0.0,0.0,1,22250.0,23240.0,1,22230.0,0.0,0.0,0.0,0.0,0.0,0
2023-05-09 22:04:58,CY2308,CY2308,22230.0,0.0,0.0,0.0,1,22250.0,23235.0,2,22230.0,0.0,0.0,0.0,0.0,0.0,0
2023-05-09 22:04:58,CY2308,CY2308,22230.0,0.0,0.0,0.0,1,22250.0,23230.0,1,22230.0,0.0,0.0,0.0,0.0,0.0,0
2023-05-09 22:05:41,CY2308,CY2308,22230.0,0.0,0.0,0.0,2,22255.0,23230.0,1,22230.0,0.0,0.0,0.0,0.0,0.0,0
2023-05-09 22:05:41,CY2308,CY2308,22230.0,0.0,0.0,0.0,1,22260.0,23230.0,1,22230.0,0.0,0.0,0.0,0.0,0.0,0
2023-05-09 22:05:42,CY2308,CY2308,22230.0,0.0,0.0,0.0,2,22260.0,23230.0,1,22230.0,0.0,0.0,0.0,0.0,0.0,0
2023-05-09 22:06:24,CY2308,CY2308,22230.0,0.0,0.0,0.0,2,22265.0,23230.0,1,22230.0,0.0,0.0,0.0,0.0,0.0,0
2023-05-09 22:06:24,CY2308,CY2308,22230.0,0.0,0.0,0.0,1,22270.0,23230.0,1,22230.0,0.0,0.0,0.0,0.0,0.0,0
2023-05-09 22:07:07,CY2308,CY2308,22230.0,0.0,0.0,0.0,2,22275.0,23230.0,1,22230.0,0.0,0.0,0.0,0.0,0.0,0
2023-05-09 22:07:07,CY2308,CY2308,22230.0,0.0,0.0,0.0,1,22280.0,23230.0,1,22230.0,0.0,0.0,0.0,0.0,0.0,0
2023-05-09 22:07:49,CY2308,CY2308,22230.0,0.0,0.0,0.0,2,22285.0,23230.0,1,22230.0,0.0,0.0,0.0,0.0,0.0,0
2023-05-09 22:07:49,CY2308,CY2308,22230.0,0.0,0.0,0.0,1,22290.0,23230.0,1,22230.0,0.0,0.0,0.0,0.0,0.0,0
2023-05-09 22:08:31,CY2308,CY2308,22230.0,0.0,0.0,0.0,1,22290.0,23225.0,2,22230.0,0.0,0.0,0.0,0.0,0.0,0
2023-05-09 22:08:31,CY2308,CY2308,22230.0,0.0,0.0,0.0,1,22290.0,23220.0,1,22230.0,0.0,0.0,0.0,0.0,0.0,0
2023-05-09 22:09:12,CY2308,CY2308,22230.0,0.0,0.0,0.0,2,22295.0,23220.0,1,22230.0,0.0,0.0,0.0,0.0,0.0,0
2023-05-09 22:14:12,CY2308,CY2308,22230.0,0.0,0.0,0.0,1,22260.0,23220.0,1,22230.0,0.0,0.0,0.0,0.0,0.0,0
2023-05-09 22:14:12,CY2308,CY2308,22230.0,0.0,0.0,0.0,1,22265.0,23220.0,1,22230.0,0.0,0.0,0.0,0.0,0.0,0
2023-05-09 22:14:16,CY2308,CY2308,22230.0,0.0,0.0,0.0,2,22265.0,23220.0,1,22230.0,0.0,0.0,0.0,0.0,0.0,0
2023-05-09 22:14:44,CY2308,CY2308,22230.0,0.0,0.0,0.0,2,22270.0,23220.0,1,22230.0,0.0,0.0,0.0,0.0,0.0,0
2023-05-09 22:14:45,CY2308,CY2308,22230.0,0.0,0.0,0.0,1,22275.0,23220.0,1,22230.0,0.0,0.0,0.0,0.0,0.0,0
2023-05-09 22:15:26,CY2308,CY2308,22230.0,0.0,0.0,0.0,2,22280.0,23220.0,1,22230.0,0.0,0.0,0.0,0.0,0.0,0
2023-05-09 22:15:26,CY2308,CY2308,22230.0,0.0,0.0,0.0,1,22285.0,23220.0,1,22230.0,0.0,0.0,0.0,0.0,0.0,0
2023-05-09 22:16:07,CY2308,CY2308,22230.0,0.0,0.0,0.0,2,22290.0,23220.0,1,22230.0,0.0,0.0,0.0,0.0,0.0,0
2023-05-09 22:16:08,CY2308,CY2308,22230.0,0.0,0.0,0.0,1,22295.0,23220.0,1,22230.0,0.0,0.0,0.0,0.0,0.0,0
2023-05-09 22:16:48,CY2308,CY2308,22230.0,0.0,0.0,0.0,2,22300.0,23220.0,1,22230.0,0.0,0.0,0.0,0.0,0.0,0
2023-05-09 22:21:48,CY2308,CY2308,22230.0,0.0,0.0,0.0,1,22265.0,23220.0,1,22230.0,0.0,0.0,0.0,0.0,0.0,0
2023-05-09 22:21:49,CY2308,CY2308,22230.0,0.0,0.0,0.0,1,22270.0,23220.0,1,22230.0,0.0,0.0,0.0,0.0,0.0,0
2023-05-09 22:21:49,CY2308,CY2308,22230.0,0.0,0.0,0.0,2,22270.0,23220.0,1,22230.0,0.0,0.0,0.0,0.0,0.0,0
2023-05-09 22:22:21,CY2308,CY2308,22230.0,0.0,0.0,0.0,2,22275.0,23220.0,1,22230.0,0.0,0.0,0.0,0.0,0.0,0
2023-05-09 22:22:22,CY2308,CY2308,22230.0,0.0,0.0,0.0,1,22280.0,23220.0,1,22230.0,0.0,0.0,0.0,0.0,0.0,0
2023-05-09 22:23:03,CY2308,CY2308,22230.0,0.0,0.0,0.0,2,22285.0,23220.0,1,22230.0,0.0,0.0,0.0,0.0,0.0,0
2023-05-09 22:23:03,CY2308,CY2308,22230.0,0.0,0.0,0.0,1,22290.0,23220.0,1,22230.0,0.0,0.0,0.0,0.0,0.0,0
2023-05-09 22:23:44,CY2308,CY2308,22230.0,0.0,0.0,0.0,2,22295.0,23220.0,1,22230.0,0.0,0.0,0.0,0.0,0.0,0
2023-05-09 22:24:37,CY2308,CY2308,22230.0,0.0,0.0,0.0,1,22270.0,23220.0,1,22230.0,0.0,0.0,0.0,0.0,0.0,0
2023-05-09 22:24:38,CY2308,CY2308,22230.0,0.0,0.0,0.0,1,22275.0,23220.0,1,22230.0,0.0,0.0,0.0,0.0,0.0,0
2023-05-09 22:25:08,CY2308,CY2308,22230.0,0.0,0.0,0.0,2,22280.0,23220.0,1,22230.0,0.0,0.0,0.0,0.0,0.0,0
2023-05-09 22:25:08,CY2308,CY2308,22230.0,0.0,0.0,0.0,1,22285.0,23220.0,1,22230.0,0.0,0.0,0.0,0.0,0.0,0
2023-05-09 22:25:51,CY2308,CY2308,22230.0,0.0,0.0,0.0,2,22290.0,23220.0,1,22230.0,0.0,0.0,0.0,0.0,0.0,0
2023-05-09 22:25:52,CY2308,CY2308,22230.0,0.0,0.0,0.0,1,22295.0,23220.0,1,22230.0,0.0,0.0,0.0,0.0,0.0,0
2023-05-09 22:26:34,CY2308,CY2308,22230.0,0.0,0.0,0.0,2,22300.0,23220.0,1,22230.0,0.0,0.0,0.0,0.0,0.0,0
2023-05-09 22:27:08,CY2308,CY2308,22230.0,0.0,0.0,0.0,1,22270.0,23220.0,1,22230.0,0.0,0.0,0.0,0.0,0.0,0
2023-05-09 22:27:08,CY2308,CY2308,22230.0,0.0,0.0,0.0,1,22275.0,23220.0,1,22230.0,0.0,0.0,0.0,0.0,0.0,0
2023-05-09 22:27:12,CY2308,CY2308,22230.0,0.0,0.0,0.0,2,22275.0,23220.0,1,22230.0,0.0,0.0,0.0,0.0,0.0,0
2023-05-09 22:27:15,CY2308,CY2308,22230.0,0.0,0.0,0.0,2,22280.0,23220.0,1,22230.0,0.0,0.0,0.0,0.0,0.0,0
2023-05-09 22:27:15,CY2308,CY2308,22230.0,0.0,0.0,0.0,1,22285.0,23220.0,1,22230.0,0.0,0.0,0.0,0.0,0.0,0
2023-05-09 22:27:57,CY2308,CY2308,22230.0,0.0,0.0,0.0,1,22285.0,23215.0,2,22230.0,0.0,0.0,0.0,0.0,0.0,0
2023-05-09 22:27:57,CY2308,CY2308,22230.0,0.0,0.0,0.0,1,22285.0,23210.0,1,22230.0,0.0,0.0,0.0,0.0,0.0,0
2023-05-09 22:28:39,CY2308,CY2308,22230.0,0.0,0.0,0.0,1,22285.0,23205.0,2,22230.0,0.0,0.0,0.0,0.0,0.0,0
2023-05-09 22:28:40,CY2308,CY2308,22230.0,0.0,0.0,0.0,1,22285.0,23200.0,1,22230.0,0.0,0.0,0.0,0.0,0.0,0
2023-05-09 22:29:22,CY2308,CY2308,22230.0,0.0,0.0,0.0,1,22285.0,23195.0,2,22230.0,0.0,0.0,0.0,0.0,0.0,0
2023-05-09 22:29:22,CY2308,CY2308,22230.0,0.0,0.0,0.0,1,22285.0,23190.0,1,22230.0,0.0,0.0,0.0,0.0,0.0,0
2023-05-09 22:30:04,CY2308,CY2308,22230.0,0.0,0.0,0.0,2,22290.0,23190.0,1,22230.0,0.0,0.0,0.0,0.0,0.0,0
2023-05-09 22:30:05,CY2308,CY2308,22230.0,0.0,0.0,0.0,1,22295.0,23190.0,1,22230.0,0.0,0.0,0.0,0.0,0.0,0
2023-05-09 22:30:46,CY2308,CY2308,22230.0,0.0,0.0,0.0,1,22295.0,23185.0,2,22230.0,0.0,0.0,0.0,0.0,0.0,0
2023-05-09 22:30:47,CY2308,CY2308,22230.0,0.0,0.0,0.0,1,22295.0,23180.0,1,22230.0,0.0,0.0,0.0,0.0,0.0,0
2023-05-09 22:30:47,CY2308,CY2308,22230.0,0.0,0.0,0.0,1,22295.0,23180.0,2,22230.0,0.0,0.0,0.0,0.0,0.0,0
2023-05-09 22:31:30,CY2308,CY2308,22230.0,0.0,0.0,0.0,1,22295.0,23175.0,2,22230.0,0.0,0.0,0.0,0.0,0.0,0
2023-05-09 22:31:30,CY2308,CY2308,22230.0,0.0,0.0,0.0,1,22295.0,23170.0,1,22230.0,0.0,0.0,0.0,0.0,0.0,0
2023-05-09 22:32:12,CY2308,CY2308,22230.0,0.0,0.0,0.0,1,22295.0,23165.0,2,22230.0,0.0,0.0,0.0,0.0,0.0,0
2023-05-09 22:32:13,CY2308,CY2308,22230.0,0.0,0.0,0.0,1,22295.0,23160.0,1,22230.0,0.0,0.0,0.0,0.0,0.0,0
2023-05-09 22:32:54,CY2308,CY2308,22230.0,0.0,0.0,0.0,1,22295.0,23155.0,2,22230.0,0.0,0.0,0.0,0.0,0.0,0
2023-05-09 22:32:55,CY2308,CY2308,22230.0,0.0,0.0,0.0,1,22295.0,23150.0,1,22230.0,0.0,0.0,0.0,0.0,0.0,0
2023-05-09 22:33:37,CY2308,CY2308,22230.0,0.0,0.0,0.0,1,22295.0,23145.0,2,22230.0,0.0,0.0,0.0,0.0,0.0,0
2023-05-09 22:33:38,CY2308,CY2308,22230.0,0.0,0.0,0.0,1,22295.0,23140.0,1,22230.0,0.0,0.0,0.0,0.0,0.0,0
2023-05-09 22:34:20,CY2308,CY2308,22230.0,0.0,0.0,0.0,2,22300.0,23140.0,1,22230.0,0.0,0.0,0.0,0.0,0.0,0
2023-05-09 22:34:37,CY2308,CY2308,22230.0,0.0,0.0,0.0,1,22275.0,23140.0,1,22230.0,0.0,0.0,0.0,0.0,0.0,0
2023-05-09 22:34:37,CY2308,CY2308,22230.0,0.0,0.0,0.0,1,22280.0,23140.0,1,22230.0,0.0,0.0,0.0,0.0,0.0,0
2023-05-09 22:34:39,CY2308,CY2308,22230.0,0.0,0.0,0.0,2,22280.0,23140.0,1,22230.0,0.0,0.0,0.0,0.0,0.0,0
2023-05-09 22:35:02,CY2308,CY2308,22230.0,0.0,0.0,0.0,2,22285.0,23140.0,1,22230.0,0.0,0.0,0.0,0.0,0.0,0
2023-05-09 22:35:03,CY2308,CY2308,22230.0,0.0,0.0,0.0,1,22290.0,23140.0,1,22230.0,0.0,0.0,0.0,0.0,0.0,0
2023-05-09 22:35:44,CY2308,CY2308,22230.0,0.0,0.0,0.0,2,22295.0,23140.0,1,22230.0,0.0,0.0,0.0,0.0,0.0,0
2023-05-09 22:39:00,CY2308,CY2308,22230.0,0.0,0.0,0.0,1,22280.0,23140.0,1,22230.0,0.0,0.0,0.0,0.0,0.0,0
2023-05-09 22:39:01,CY2308,CY2308,22230.0,0.0,0.0,0.0,1,22285.0,23140.0,1,22230.0,0.0,0.0,0.0,0.0,0.0,0
2023-05-09 22:39:13,CY2308,CY2308,22230.0,0.0,0.0,0.0,2,22290.0,23140.0,1,22230.0,0.0,0.0,0.0,0.0,0.0,0
2023-05-09 22:39:13,CY2308,CY2308,22230.0,0.0,0.0,0.0,1,22295.0,23140.0,1,22230.0,0.0,0.0,0.0,0.0,0.0,0
2023-05-09 22:39:55,CY2308,CY2308,22230.0,0.0,0.0,0.0,2,22300.0,23140.0,1,22230.0,0.0,0.0,0.0,0.0,0.0,0
2023-05-09 22:40:12,CY2308,CY2308,22230.0,0.0,0.0,0.0,1,22280.0,23140.0,1,22230.0,0.0,0.0,0.0,0.0,0.0,0
2023-05-09 22:40:12,CY2308,CY2308,22230.0,0.0,0.0,0.0,1,22285.0,23140.0,1,22230.0,0.0,0.0,0.0,0.0,0.0,0
2023-05-09 22:40:26,CY2308,CY2308,22230.0,0.0,0.0,0.0,2,22285.0,23140.0,1,22230.0,0.0,0.0,0.0,0.0,0.0,0
2023-05-09 22:40:36,CY2308,CY2308,22230.0,0.0,0.0,0.0,2,22290.0,23140.0,1,22230.0,0.0,0.0,0.0,0.0,0.0,0
2023-05-09 22:40:36,CY2308,CY2308,22230.0,0.0,0.0,0.0,1,22295.0,23140.0,1,22230.0,0.0,0.0,0.0,0.0,0.0,0
2023-05-09 22:41:18,CY2308,CY2308,22230.0,0.0,0.0,0.0,2,22300.0,23140.0,1,22230.0,0.0,0.0,0.0,0.0,0.0,0
2023-05-09 22:46:18,CY2308,CY2308,22230.0,0.0,0.0,0.0,1,22285.0,23140.0,1,22230.0,0.0,0.0,0.0,0.0,0.0,0
2023-05-09 22:46:18,CY2308,CY2308,22230.0,0.0,0.0,0.0,1,22290.0,23140.0,1,22230.0,0.0,0.0,0.0,0.0,0.0,0
2023-05-09 22:46:21,CY2308,CY2308,22230.0,0.0,0.0,0.0,2,22290.0,23140.0,1,22230.0,0.0,0.0,0.0,0.0,0.0,0
2023-05-09 22:46:48,CY2308,CY2308,22230.0,0.0,0.0,0.0,2,22295.0,23140.0,1,22230.0,0.0,0.0,0.0,0.0,0.0,0
2023-05-09 22:51:49,CY2308,CY2308,22230.0,0.0,0.0,0.0,1,22290.0,23140.0,1,22230.0,0.0,0.0,0.0,0.0,0.0,0
2023-05-09 22:51:49,CY2308,CY2308,22230.0,0.0,0.0,0.0,1,22295.0,23140.0,1,22230.0,0.0,0.0,0.0,0.0,0.0,0
2023-05-09 22:52:01,CY2308,CY2308,22230.0,0.0,0.0,0.0,2,22295.0,23140.0,1,22230.0,0.0,0.0,0.0,0.0,0.0,0
2023-05-09 22:52:23,CY2308,CY2308,22230.0,0.0,0.0,0.0,2,22300.0,23140.0,1,22230.0,0.0,0.0,0.0,0.0,0.0,0
2023-05-09 22:57:25,CY2308,CY2308,22230.0,0.0,0.0,0.0,1,22295.0,23140.0,1,22230.0,0.0,0.0,0.0,0.0,0.0,0
2023-05-09 22:57:25,CY2308,CY2308,22230.0,0.0,0.0,0.0,1,21655.0,23140.0,1,22230.0,0.0,0.0,0.0,0.0,0.0,0
2023-05-09 22:57:26,CY2308,CY2308,22230.0,0.0,0.0,0.0,1,21660.0,23140.0,1,22230.0,0.0,0.0,0.0,0.0,0.0,0
2023-05-09 22:57:26,CY2308,CY2308,22230.0,0.0,0.0,0.0,2,21660.0,23140.0,1,22230.0,0.0,0.0,0.0,0.0,0.0,0
2023-05-09 22:58:04,CY2308,CY2308,22230.0,0.0,0.0,0.0,2,21665.0,23140.0,1,22230.0,0.0,0.0,0.0,0.0,0.0,0
2023-05-09 22:58:05,CY2308,CY2308,22230.0,0.0,0.0,0.0,1,21670.0,23140.0,1,22230.0,0.0,0.0,0.0,0.0,0.0,0
2023-05-09 22:58:47,CY2308,CY2308,22230.0,0.0,0.0,0.0,2,21675.0,23140.0,1,22230.0,0.0,0.0,0.0,0.0,0.0,0
2023-05-09 22:58:47,CY2308,CY2308,22230.0,0.0,0.0,0.0,1,21680.0,23140.0,1,22230.0,0.0,0.0,0.0,0.0,0.0,0
2023-05-09 22:58:59,CY2308,CY2308,22230.0,0.0,0.0,0.0,2,21675.0,23180.0,1,22230.0,0.0,0.0,0.0,0.0,0.0,0
2023-05-09 22:59:00,CY2308,CY2308,22230.0,0.0,0.0,0.0,2,21675.0,23565.0,1,22230.0,0.0,0.0,0.0,0.0,0.0,0
2023-05-09 22:59:02,CY2308,CY2308,22230.0,0.0,0.0,0.0,2,21675.0,23565.0,2,22230.0,0.0,0.0,0.0,0.0,0.0,0
2023-05-09 22:59:46,CY2308,CY2308,22230.0,0.0,0.0,0.0,1,21660.0,23565.0,2,22230.0,0.0,0.0,0.0,0.0,0.0,0
2023-05-09 22:59:55,CY2308,CY2308,22230.0,0.0,0.0,0.0,1,21655.0,23565.0,1,22230.0,0.0,0.0,0.0,0.0,0.0,0
2023-05-09 22:59:55,CY2308,CY2308,22230.0,0.0,0.0,0.0,0,0.0,0.0,0,22230.0,0.0,0.0,0.0,0.0,0.0,0
2023-05-10 09:00:01,CY2308,CY2308,22230.0,0.0,0.0,0.0,1,20905.0,23565.0,1,22230.0,0.0,0.0,0.0,0.0,0.0,0
2023-05-10 09:00:10,CY2308,CY2308,22230.0,0.0,0.0,0.0,1,21760.0,23565.0,1,22230.0,0.0,0.0,0.0,0.0,0.0,0
2023-05-10 09:00:10,CY2308,CY2308,22230.0,0.0,0.0,0.0,2,21760.0,23565.0,1,22230.0,0.0,0.0,0.0,0.0,0.0,0
2023-05-10 09:00:16,CY2308,CY2308,22230.0,0.0,0.0,0.0,2,21765.0,23565.0,1,22230.0,0.0,0.0,0.0,0.0,0.0,0
2023-05-10 09:00:36,CY2308,CY2308,22230.0,0.0,0.0,0.0,1,21770.0,23560.0,1,22230.0,0.0,0.0,0.0,0.0,0.0,0
2023-05-10 09:01:44,CY2308,CY2308,22230.0,0.0,0.0,0.0,2,21775.0,23560.0,1,22230.0,0.0,0.0,0.0,0.0,0.0,0
2023-05-10 09:01:45,CY2308,CY2308,22230.0,0.0,0.0,0.0,1,21780.0,23560.0,1,22230.0,0.0,0.0,0.0,0.0,0.0,0
2023-05-10 09:02:28,CY2308,CY2308,22230.0,0.0,0.0,0.0,2,21785.0,23560.0,1,22230.0,0.0,0.0,0.0,0.0,0.0,0
2023-05-10 09:02:28,CY2308,CY2308,22230.0,0.0,0.0,0.0,1,21790.0,23560.0,1,22230.0,0.0,0.0,0.0,0.0,0.0,0
2023-05-10 09:03:11,CY2308,CY2308,22230.0,0.0,0.0,0.0,2,21795.0,23560.0,1,22230.0,0.0,0.0,0.0,0.0,0.0,0
2023-05-10 09:03:12,CY2308,CY2308,22230.0,0.0,0.0,0.0,1,21800.0,23560.0,1,22230.0,0.0,0.0,0.0,0.0,0.0,0
2023-05-10 09:03:55,CY2308,CY2308,22230.0,0.0,0.0,0.0,2,21805.0,23560.0,1,22230.0,0.0,0.0,0.0,0.0,0.0,0
2023-05-10 09:03:56,CY2308,CY2308,22230.0,0.0,0.0,0.0,1,21810.0,23560.0,1,22230.0,0.0,0.0,0.0,0.0,0.0,0
2023-05-10 09:04:39,CY2308,CY2308,22230.0,0.0,0.0,0.0,2,21815.0,23560.0,1,22230.0,0.0,0.0,0.0,0.0,0.0,0
2023-05-10 09:04:39,CY2308,CY2308,22230.0,0.0,0.0,0.0,1,21820.0,23560.0,1,22230.0,0.0,0.0,0.0,0.0,0.0,0
2023-05-10 09:05:24,CY2308,CY2308,22230.0,0.0,0.0,0.0,2,21825.0,23560.0,1,22230.0,0.0,0.0,0.0,0.0,0.0,0
2023-05-10 09:05:24,CY2308,CY2308,22230.0,0.0,0.0,0.0,1,21830.0,23560.0,1,22230.0,0.0,0.0,0.0,0.0,0.0,0
2023-05-10 09:06:09,CY2308,CY2308,22230.0,0.0,0.0,0.0,2,21835.0,23560.0,1,22230.0,0.0,0.0,0.0,0.0,0.0,0
2023-05-10 09:06:10,CY2308,CY2308,22230.0,0.0,0.0,0.0,1,21840.0,23560.0,1,22230.0,0.0,0.0,0.0,0.0,0.0,0
2023-05-10 09:06:53,CY2308,CY2308,22230.0,0.0,0.0,0.0,2,21845.0,23560.0,1,22230.0,0.0,0.0,0.0,0.0,0.0,0
2023-05-10 09:06:54,CY2308,CY2308,22230.0,0.0,0.0,0.0,1,21850.0,23560.0,1,22230.0,0.0,0.0,0.0,0.0,0.0,0
2023-05-10 09:07:38,CY2308,CY2308,22230.0,0.0,0.0,0.0,2,21855.0,23560.0,1,22230.0,0.0,0.0,0.0,0.0,0.0,0
2023-05-10 09:07:39,CY2308,CY2308,22230.0,0.0,0.0,0.0,1,21860.0,23560.0,1,22230.0,0.0,0.0,0.0,0.0,0.0,0
2023-05-10 09:08:23,CY2308,CY2308,22230.0,0.0,0.0,0.0,2,21865.0,23560.0,1,22230.0,0.0,0.0,0.0,0.0,0.0,0
2023-05-10 09:08:24,CY2308,CY2308,22230.0,0.0,0.0,0.0,1,21870.0,23560.0,1,22230.0,0.0,0.0,0.0,0.0,0.0,0
2023-05-10 09:08:24,CY2308,CY2308,22230.0,0.0,0.0,0.0,2,21870.0,23560.0,1,22230.0,0.0,0.0,0.0,0.0,0.0,0
2023-05-10 09:09:07,CY2308,CY2308,22230.0,0.0,0.0,0.0,2,21875.0,23560.0,1,22230.0,0.0,0.0,0.0,0.0,0.0,0
2023-05-10 09:09:08,CY2308,CY2308,22230.0,0.0,0.0,0.0,1,21880.0,23560.0,1,22230.0,0.0,0.0,0.0,0.0,0.0,0
2023-05-10 09:09:52,CY2308,CY2308,22230.0,0.0,0.0,0.0,2,21885.0,23560.0,1,22230.0,0.0,0.0,0.0,0.0,0.0,0
2023-05-10 09:09:52,CY2308,CY2308,22230.0,0.0,0.0,0.0,1,21890.0,23560.0,1,22230.0,0.0,0.0,0.0,0.0,0.0,0
2023-05-10 09:10:36,CY2308,CY2308,22230.0,0.0,0.0,0.0,2,21895.0,23560.0,1,22230.0,0.0,0.0,0.0,0.0,0.0,0
2023-05-10 09:10:36,CY2308,CY2308,22230.0,0.0,0.0,0.0,1,21900.0,23560.0,1,22230.0,0.0,0.0,0.0,0.0,0.0,0
2023-05-10 09:11:20,CY2308,CY2308,22230.0,0.0,0.0,0.0,2,21905.0,23560.0,1,22230.0,0.0,0.0,0.0,0.0,0.0,0
2023-05-10 09:11:20,CY2308,CY2308,22230.0,0.0,0.0,0.0,1,21910.0,23560.0,1,22230.0,0.0,0.0,0.0,0.0,0.0,0
2023-05-10 09:12:05,CY2308,CY2308,22230.0,0.0,0.0,0.0,2,21915.0,23560.0,1,22230.0,0.0,0.0,0.0,0.0,0.0,0
2023-05-10 09:12:06,CY2308,CY2308,22230.0,0.0,0.0,0.0,1,21920.0,23560.0,1,22230.0,0.0,0.0,0.0,0.0,0.0,0
2023-05-10 09:12:50,CY2308,CY2308,22230.0,0.0,0.0,0.0,2,21925.0,23560.0,1,22230.0,0.0,0.0,0.0,0.0,0.0,0
2023-05-10 09:12:50,CY2308,CY2308,22230.0,0.0,0.0,0.0,1,21930.0,23560.0,1,22230.0,0.0,0.0,0.0,0.0,0.0,0
2023-05-10 09:13:35,CY2308,CY2308,22230.0,0.0,0.0,0.0,2,21935.0,23560.0,1,22230.0,0.0,0.0,0.0,0.0,0.0,0
2023-05-10 09:13:35,CY2308,CY2308,22230.0,0.0,0.0,0.0,1,21940.0,23560.0,1,22230.0,0.0,0.0,0.0,0.0,0.0,0
2023-05-10 09:14:18,CY2308,CY2308,22230.0,0.0,0.0,0.0,1,21940.0,23555.0,2,22230.0,0.0,0.0,0.0,0.0,0.0,0
2023-05-10 09:14:18,CY2308,CY2308,22230.0,0.0,0.0,0.0,1,21940.0,23550.0,1,22230.0,0.0,0.0,0.0,0.0,0.0,0
2023-05-10 09:15:02,CY2308,CY2308,22230.0,0.0,0.0,0.0,1,21940.0,23545.0,2,22230.0,0.0,0.0,0.0,0.0,0.0,0
2023-05-10 09:15:03,CY2308,CY2308,22230.0,0.0,0.0,0.0,1,21940.0,23540.0,1,22230.0,0.0,0.0,0.0,0.0,0.0,0
2023-05-10 09:15:48,CY2308,CY2308,22230.0,0.0,0.0,0.0,1,21940.0,23535.0,2,22230.0,0.0,0.0,0.0,0.0,0.0,0
2023-05-10 09:15:49,CY2308,CY2308,22230.0,0.0,0.0,0.0,1,21940.0,23530.0,1,22230.0,0.0,0.0,0.0,0.0,0.0,0
2023-05-10 09:16:33,CY2308,CY2308,22230.0,0.0,0.0,0.0,1,21940.0,23525.0,2,22230.0,0.0,0.0,0.0,0.0,0.0,0
2023-05-10 09:16:33,CY2308,CY2308,22230.0,0.0,0.0,0.0,1,21940.0,23520.0,1,22230.0,0.0,0.0,0.0,0.0,0.0,0
2023-05-10 09:17:17,CY2308,CY2308,22230.0,0.0,0.0,0.0,1,21940.0,23515.0,2,22230.0,0.0,0.0,0.0,0.0,0.0,0
2023-05-10 09:17:17,CY2308,CY2308,22230.0,0.0,0.0,0.0,1,21940.0,23510.0,1,22230.0,0.0,0.0,0.0,0.0,0.0,0
2023-05-10 09:17:18,CY2308,CY2308,22230.0,0.0,0.0,0.0,1,21940.0,23510.0,2,22230.0,0.0,0.0,0.0,0.0,0.0,0
2023-05-10 09:18:01,CY2308,CY2308,22230.0,0.0,0.0,0.0,1,21940.0,23505.0,2,22230.0,0.0,0.0,0.0,0.0,0.0,0
2023-05-10 09:18:02,CY2308,CY2308,22230.0,0.0,0.0,0.0,1,21940.0,23500.0,1,22230.0,0.0,0.0,0.0,0.0,0.0,0
2023-05-10 09:18:45,CY2308,CY2308,22230.0,0.0,0.0,0.0,1,21940.0,23495.0,2,22230.0,0.0,0.0,0.0,0.0,0.0,0
2023-05-10 09:18:45,CY2308,CY2308,22230.0,0.0,0.0,0.0,1,21940.0,23490.0,1,22230.0,0.0,0.0,0.0,0.0,0.0,0
2023-05-10 09:19:29,CY2308,CY2308,22230.0,0.0,0.0,0.0,2,21945.0,23490.0,1,22230.0,0.0,0.0,0.0,0.0,0.0,0
2023-05-10 09:19:30,CY2308,CY2308,22230.0,0.0,0.0,0.0,1,21950.0,23490.0,1,22230.0,0.0,0.0,0.0,0.0,0.0,0
2023-05-10 09:20:14,CY2308,CY2308,22230.0,0.0,0.0,0.0,2,21955.0,23490.0,1,22230.0,0.0,0.0,0.0,0.0,0.0,0
2023-05-10 09:20:14,CY2308,CY2308,22230.0,0.0,0.0,0.0,1,21960.0,23490.0,1,22230.0,0.0,0.0,0.0,0.0,0.0,0
2023-05-10 09:20:58,CY2308,CY2308,22230.0,0.0,0.0,0.0,1,21960.0,23485.0,2,22230.0,0.0,0.0,0.0,0.0,0.0,0
2023-05-10 09:20:59,CY2308,CY2308,22230.0,0.0,0.0,0.0,1,21960.0,23480.0,1,22230.0,0.0,0.0,0.0,0.0,0.0,0
2023-05-10 09:21:43,CY2308,CY2308,22230.0,0.0,0.0,0.0,1,21960.0,23475.0,2,22230.0,0.0,0.0,0.0,0.0,0.0,0
2023-05-10 09:21:43,CY2308,CY2308,22230.0,0.0,0.0,0.0,1,21960.0,23470.0,1,22230.0,0.0,0.0,0.0,0.0,0.0,0
2023-05-10 09:22:27,CY2308,CY2308,22230.0,0.0,0.0,0.0,1,21960.0,23465.0,2,22230.0,0.0,0.0,0.0,0.0,0.0,0
2023-05-10 09:22:28,CY2308,CY2308,22230.0,0.0,0.0,0.0,1,21960.0,23460.0,1,22230.0,0.0,0.0,0.0,0.0,0.0,0
2023-05-10 09:23:11,CY2308,CY2308,22230.0,0.0,0.0,0.0,1,21960.0,23455.0,2,22230.0,0.0,0.0,0.0,0.0,0.0,0
2023-05-10 09:23:12,CY2308,CY2308,22230.0,0.0,0.0,0.0,1,21960.0,23450.0,1,22230.0,0.0,0.0,0.0,0.0,0.0,0
2023-05-10 09:23:56,CY2308,CY2308,22230.0,0.0,0.0,0.0,2,21965.0,23450.0,1,22230.0,0.0,0.0,0.0,0.0,0.0,0
2023-05-10 09:23:56,CY2308,CY2308,22230.0,0.0,0.0,0.0,1,21970.0,23450.0,1,22230.0,0.0,0.0,0.0,0.0,0.0,0
2023-05-10 09:24:39,CY2308,CY2308,22230.0,0.0,0.0,0.0,1,21970.0,23445.0,2,22230.0,0.0,0.0,0.0,0.0,0.0,0
2023-05-10 09:24:39,CY2308,CY2308,22230.0,0.0,0.0,0.0,1,21970.0,23440.0,1,22230.0,0.0,0.0,0.0,0.0,0.0,0
2023-05-10 09:25:24,CY2308,CY2308,22230.0,0.0,0.0,0.0,2,21975.0,23440.0,1,22230.0,0.0,0.0,0.0,0.0,0.0,0
2023-05-10 09:25:24,CY2308,CY2308,22230.0,0.0,0.0,0.0,1,21980.0,23440.0,1,22230.0,0.0,0.0,0.0,0.0,0.0,0
2023-05-10 09:25:25,CY2308,CY2308,22230.0,0.0,0.0,0.0,2,21980.0,23440.0,1,22230.0,0.0,0.0,0.0,0.0,0.0,0
2023-05-10 09:26:09,CY2308,CY2308,22230.0,0.0,0.0,0.0,2,21985.0,23440.0,1,22230.0,0.0,0.0,0.0,0.0,0.0,0
2023-05-10 09:26:09,CY2308,CY2308,22230.0,0.0,0.0,0.0,1,21990.0,23440.0,1,22230.0,0.0,0.0,0.0,0.0,0.0,0
2023-05-10 09:26:52,CY2308,CY2308,22230.0,0.0,0.0,0.0,1,21990.0,23435.0,2,22230.0,0.0,0.0,0.0,0.0,0.0,0
2023-05-10 09:26:52,CY2308,CY2308,22230.0,0.0,0.0,0.0,1,21990.0,23430.0,1,22230.0,0.0,0.0,0.0,0.0,0.0,0
2023-05-10 09:27:37,CY2308,CY2308,22230.0,0.0,0.0,0.0,1,21990.0,23425.0,2,22230.0,0.0,0.0,0.0,0.0,0.0,0
2023-05-10 09:27:37,CY2308,CY2308,22230.0,0.0,0.0,0.0,1,21990.0,23420.0,1,22230.0,0.0,0.0,0.0,0.0,0.0,0
2023-05-10 09:28:20,CY2308,CY2308,22230.0,0.0,0.0,0.0,2,21995.0,23420.0,1,22230.0,0.0,0.0,0.0,0.0,0.0,0
2023-05-10 09:28:21,CY2308,CY2308,22230.0,0.0,0.0,0.0,1,22000.0,23420.0,1,22230.0,0.0,0.0,0.0,0.0,0.0,0
2023-05-10 09:29:04,CY2308,CY2308,22230.0,0.0,0.0,0.0,1,22000.0,23415.0,2,22230.0,0.0,0.0,0.0,0.0,0.0,0
2023-05-10 09:29:04,CY2308,CY2308,22230.0,0.0,0.0,0.0,1,22000.0,23410.0,1,22230.0,0.0,0.0,0.0,0.0,0.0,0
2023-05-10 09:29:48,CY2308,CY2308,22230.0,0.0,0.0,0.0,1,22000.0,23405.0,2,22230.0,0.0,0.0,0.0,0.0,0.0,0
2023-05-10 09:29:48,CY2308,CY2308,22230.0,0.0,0.0,0.0,1,22000.0,23400.0,1,22230.0,0.0,0.0,0.0,0.0,0.0,0
2023-05-10 09:29:49,CY2308,CY2308,22230.0,0.0,0.0,0.0,1,22000.0,23400.0,2,22230.0,0.0,0.0,0.0,0.0,0.0,0
2023-05-10 09:30:32,CY2308,CY2308,22230.0,0.0,0.0,0.0,2,22005.0,23400.0,2,22230.0,0.0,0.0,0.0,0.0,0.0,0
2023-05-10 09:30:33,CY2308,CY2308,22230.0,0.0,0.0,0.0,1,22010.0,23400.0,2,22230.0,0.0,0.0,0.0,0.0,0.0,0
2023-05-10 09:31:17,CY2308,CY2308,22230.0,0.0,0.0,0.0,1,22010.0,23395.0,2,22230.0,0.0,0.0,0.0,0.0,0.0,0
2023-05-10 09:31:17,CY2308,CY2308,22230.0,0.0,0.0,0.0,1,22010.0,23390.0,1,22230.0,0.0,0.0,0.0,0.0,0.0,0
2023-05-10 09:32:01,CY2308,CY2308,22230.0,0.0,0.0,0.0,1,22010.0,23385.0,2,22230.0,0.0,0.0,0.0,0.0,0.0,0
2023-05-10 09:32:01,CY2308,CY2308,22230.0,0.0,0.0,0.0,1,22010.0,23380.0,1,22230.0,0.0,0.0,0.0,0.0,0.0,0
2023-05-10 09:32:01,CY2308,CY2308,22230.0,0.0,0.0,0.0,1,22010.0,23385.0,2,22230.0,0.0,0.0,0.0,0.0,0.0,0
2023-05-10 09:32:01,CY2308,CY2308,22230.0,0.0,0.0,0.0,1,22010.0,23380.0,1,22230.0,0.0,0.0,0.0,0.0,0.0,0
2023-05-10 09:32:01,CY2308,CY2308,22230.0,0.0,0.0,0.0,1,22010.0,23385.0,2,22230.0,0.0,0.0,0.0,0.0,0.0,0
2023-05-10 09:32:01,CY2308,CY2308,22230.0,0.0,0.0,0.0,1,22010.0,23380.0,1,22230.0,0.0,0.0,0.0,0.0,0.0,0
2023-05-10 09:32:44,CY2308,CY2308,22230.0,0.0,0.0,0.0,1,22010.0,23375.0,2,22230.0,0.0,0.0,0.0,0.0,0.0,0
2023-05-10 09:32:45,CY2308,CY2308,22230.0,0.0,0.0,0.0,1,22010.0,23370.0,1,22230.0,0.0,0.0,0.0,0.0,0.0,0
2023-05-10 09:33:28,CY2308,CY2308,22230.0,0.0,0.0,0.0,2,22015.0,23370.0,1,22230.0,0.0,0.0,0.0,0.0,0.0,0
2023-05-10 09:33:29,CY2308,CY2308,22230.0,0.0,0.0,0.0,1,22020.0,23370.0,1,22230.0,0.0,0.0,0.0,0.0,0.0,0
2023-05-10 09:34:11,CY2308,CY2308,22230.0,0.0,0.0,0.0,2,22025.0,23370.0,1,22230.0,0.0,0.0,0.0,0.0,0.0,0
2023-05-10 09:34:12,CY2308,CY2308,22230.0,0.0,0.0,0.0,1,22030.0,23370.0,1,22230.0,0.0,0.0,0.0,0.0,0.0,0
2023-05-10 09:34:55,CY2308,CY2308,22230.0,0.0,0.0,0.0,2,22035.0,23370.0,1,22230.0,0.0,0.0,0.0,0.0,0.0,0
2023-05-10 09:34:55,CY2308,CY2308,22230.0,0.0,0.0,0.0,1,22040.0,23370.0,1,22230.0,0.0,0.0,0.0,0.0,0.0,0
2023-05-10 09:34:55,CY2308,CY2308,22230.0,0.0,0.0,0.0,2,22035.0,23370.0,1,22230.0,0.0,0.0,0.0,0.0,0.0,0
2023-05-10 09:34:55,CY2308,CY2308,22230.0,0.0,0.0,0.0,1,22040.0,23370.0,1,22230.0,0.0,0.0,0.0,0.0,0.0,0
2023-05-10 09:35:38,CY2308,CY2308,22230.0,0.0,0.0,0.0,2,22045.0,23370.0,1,22230.0,0.0,0.0,0.0,0.0,0.0,0
2023-05-10 09:35:39,CY2308,CY2308,22230.0,0.0,0.0,0.0,1,22050.0,23370.0,1,22230.0,0.0,0.0,0.0,0.0,0.0,0
2023-05-10 09:36:22,CY2308,CY2308,22230.0,0.0,0.0,0.0,2,22055.0,23370.0,1,22230.0,0.0,0.0,0.0,0.0,0.0,0
2023-05-10 09:36:23,CY2308,CY2308,22230.0,0.0,0.0,0.0,1,22060.0,23370.0,1,22230.0,0.0,0.0,0.0,0.0,0.0,0
2023-05-10 09:37:05,CY2308,CY2308,22230.0,0.0,0.0,0.0,1,22060.0,23365.0,2,22230.0,0.0,0.0,0.0,0.0,0.0,0
2023-05-10 09:37:05,CY2308,CY2308,22230.0,0.0,0.0,0.0,1,22060.0,23360.0,1,22230.0,0.0,0.0,0.0,0.0,0.0,0
2023-05-10 09:37:48,CY2308,CY2308,22230.0,0.0,0.0,0.0,1,22060.0,23355.0,2,22230.0,0.0,0.0,0.0,0.0,0.0,0
2023-05-10 09:38:38,CY2308,CY2308,22230.0,0.0,0.0,0.0,1,22060.0,23400.0,1,22230.0,0.0,0.0,0.0,0.0,0.0,0
2023-05-10 09:38:39,CY2308,CY2308,22230.0,0.0,0.0,0.0,1,22060.0,23395.0,1,22230.0,0.0,0.0,0.0,0.0,0.0,0
2023-05-10 09:38:57,CY2308,CY2308,22230.0,0.0,0.0,0.0,1,22060.0,23395.0,2,22230.0,0.0,0.0,0.0,0.0,0.0,0
2023-05-10 09:39:13,CY2308,CY2308,22230.0,0.0,0.0,0.0,1,22060.0,23390.0,2,22230.0,0.0,0.0,0.0,0.0,0.0,0
2023-05-10 09:39:14,CY2308,CY2308,22230.0,0.0,0.0,0.0,1,22060.0,23385.0,1,22230.0,0.0,0.0,0.0,0.0,0.0,0
2023-05-10 09:39:56,CY2308,CY2308,22230.0,0.0,0.0,0.0,1,22060.0,23380.0,2,22230.0,0.0,0.0,0.0,0.0,0.0,0
2023-05-10 09:39:57,CY2308,CY2308,22230.0,0.0,0.0,0.0,1,22060.0,23375.0,1,22230.0,0.0,0.0,0.0,0.0,0.0,0
2023-05-10 09:40:40,CY2308,CY2308,22230.0,0.0,0.0,0.0,1,22060.0,23370.0,2,22230.0,0.0,0.0,0.0,0.0,0.0,0
2023-05-10 09:40:41,CY2308,CY2308,22230.0,0.0,0.0,0.0,1,22060.0,23365.0,1,22230.0,0.0,0.0,0.0,0.0,0.0,0
2023-05-10 09:41:23,CY2308,CY2308,22230.0,0.0,0.0,0.0,1,22060.0,23360.0,2,22230.0,0.0,0.0,0.0,0.0,0.0,0
2023-05-10 09:41:24,CY2308,CY2308,22230.0,0.0,0.0,0.0,1,22060.0,23355.0,1,22230.0,0.0,0.0,0.0,0.0,0.0,0
2023-05-10 09:42:07,CY2308,CY2308,22230.0,0.0,0.0,0.0,1,22060.0,23350.0,2,22230.0,0.0,0.0,0.0,0.0,0.0,0
2023-05-10 09:44:01,CY2308,CY2308,22230.0,0.0,0.0,0.0,1,22060.0,23395.0,1,22230.0,0.0,0.0,0.0,0.0,0.0,0
2023-05-10 09:44:02,CY2308,CY2308,22230.0,0.0,0.0,0.0,1,22060.0,23390.0,1,22230.0,0.0,0.0,0.0,0.0,0.0,0
2023-05-10 09:44:02,CY2308,CY2308,22230.0,0.0,0.0,0.0,1,22060.0,23390.0,2,22230.0,0.0,0.0,0.0,0.0,0.0,0
2023-05-10 09:44:15,CY2308,CY2308,22230.0,0.0,0.0,0.0,1,22060.0,23385.0,2,22230.0,0.0,0.0,0.0,0.0,0.0,0
2023-05-10 09:44:15,CY2308,CY2308,22230.0,0.0,0.0,0.0,1,22060.0,23380.0,1,22230.0,0.0,0.0,0.0,0.0,0.0,0
2023-05-10 09:44:59,CY2308,CY2308,22230.0,0.0,0.0,0.0,1,22060.0,23375.0,2,22230.0,0.0,0.0,0.0,0.0,0.0,0
2023-05-10 09:44:59,CY2308,CY2308,22230.0,0.0,0.0,0.0,1,22060.0,23370.0,1,22230.0,0.0,0.0,0.0,0.0,0.0,0
2023-05-10 09:45:42,CY2308,CY2308,22230.0,0.0,0.0,0.0,2,22065.0,23370.0,1,22230.0,0.0,0.0,0.0,0.0,0.0,0
2023-05-10 09:45:42,CY2308,CY2308,22230.0,0.0,0.0,0.0,1,22070.0,23370.0,1,22230.0,0.0,0.0,0.0,0.0,0.0,0
2023-05-10 09:46:25,CY2308,CY2308,22230.0,0.0,0.0,0.0,1,22070.0,23365.0,2,22230.0,0.0,0.0,0.0,0.0,0.0,0
2023-05-10 09:46:25,CY2308,CY2308,22230.0,0.0,0.0,0.0,1,22070.0,23360.0,1,22230.0,0.0,0.0,0.0,0.0,0.0,0
2023-05-10 09:47:09,CY2308,CY2308,22230.0,0.0,0.0,0.0,1,22070.0,23355.0,2,22230.0,0.0,0.0,0.0,0.0,0.0,0
2023-05-10 09:47:13,CY2308,CY2308,22230.0,0.0,0.0,0.0,1,22070.0,23390.0,1,22230.0,0.0,0.0,0.0,0.0,0.0,0
2023-05-10 09:47:13,CY2308,CY2308,22230.0,0.0,0.0,0.0,1,22070.0,23385.0,1,22230.0,0.0,0.0,0.0,0.0,0.0,0
2023-05-10 09:47:53,CY2308,CY2308,22230.0,0.0,0.0,0.0,1,22070.0,23380.0,2,22230.0,0.0,0.0,0.0,0.0,0.0,0
2023-05-10 09:47:53,CY2308,CY2308,22230.0,0.0,0.0,0.0,1,22070.0,23375.0,1,22230.0,0.0,0.0,0.0,0.0,0.0,0
2023-05-10 09:48:37,CY2308,CY2308,22230.0,0.0,0.0,0.0,2,22075.0,23375.0,1,22230.0,0.0,0.0,0.0,0.0,0.0,0
2023-05-10 09:48:37,CY2308,CY2308,22230.0,0.0,0.0,0.0,1,22080.0,23375.0,1,22230.0,0.0,0.0,0.0,0.0,0.0,0
2023-05-10 09:48:37,CY2308,CY2308,22230.0,0.0,0.0,0.0,2,22075.0,23375.0,1,22230.0,0.0,0.0,0.0,0.0,0.0,0
2023-05-10 09:48:37,CY2308,CY2308,22230.0,0.0,0.0,0.0,1,22080.0,23375.0,1,22230.0,0.0,0.0,0.0,0.0,0.0,0
2023-05-10 09:49:20,CY2308,CY2308,22230.0,0.0,0.0,0.0,1,22080.0,23370.0,2,22230.0,0.0,0.0,0.0,0.0,0.0,0
2023-05-10 09:49:21,CY2308,CY2308,22230.0,0.0,0.0,0.0,1,22080.0,23360.0,1,22230.0,0.0,0.0,0.0,0.0,0.0,0
2023-05-10 09:50:03,CY2308,CY2308,22230.0,0.0,0.0,0.0,2,22085.0,23360.0,1,22230.0,0.0,0.0,0.0,0.0,0.0,0
2023-05-10 09:50:04,CY2308,CY2308,22230.0,0.0,0.0,0.0,1,22095.0,23360.0,1,22230.0,0.0,0.0,0.0,0.0,0.0,0
2023-05-10 09:50:04,CY2308,CY2308,22230.0,0.0,0.0,0.0,2,22095.0,23360.0,1,22230.0,0.0,0.0,0.0,0.0,0.0,0
2023-05-10 09:50:47,CY2308,CY2308,22230.0,0.0,0.0,0.0,2,22100.0,23360.0,1,22230.0,0.0,0.0,0.0,0.0,0.0,0
2023-05-10 09:50:47,CY2308,CY2308,22230.0,0.0,0.0,0.0,1,22110.0,23360.0,1,22230.0,0.0,0.0,0.0,0.0,0.0,0
2023-05-10 09:51:30,CY2308,CY2308,22230.0,0.0,0.0,0.0,2,22115.0,23360.0,1,22230.0,0.0,0.0,0.0,0.0,0.0,0
2023-05-10 09:51:31,CY2308,CY2308,22230.0,0.0,0.0,0.0,1,22125.0,23360.0,1,22230.0,0.0,0.0,0.0,0.0,0.0,0
2023-05-10 09:52:14,CY2308,CY2308,22230.0,0.0,0.0,0.0,2,22130.0,23360.0,1,22230.0,0.0,0.0,0.0,0.0,0.0,0
2023-05-10 09:52:15,CY2308,CY2308,22230.0,0.0,0.0,0.0,1,22140.0,23360.0,1,22230.0,0.0,0.0,0.0,0.0,0.0,0
2023-05-10 09:52:59,CY2308,CY2308,22230.0,0.0,0.0,0.0,1,22140.0,23355.0,2,22230.0,0.0,0.0,0.0,0.0,0.0,0
2023-05-10 09:57:59,CY2308,CY2308,22230.0,0.0,0.0,0.0,1,22140.0,23390.0,1,22230.0,0.0,0.0,0.0,0.0,0.0,0
2023-05-10 09:57:59,CY2308,CY2308,22230.0,0.0,0.0,0.0,1,22140.0,23380.0,1,22230.0,0.0,0.0,0.0,0.0,0.0,0
2023-05-10 09:57:59,CY2308,CY2308,22230.0,0.0,0.0,0.0,1,22140.0,23390.0,1,22230.0,0.0,0.0,0.0,0.0,0.0,0
2023-05-10 09:57:59,CY2308,CY2308,22230.0,0.0,0.0,0.0,1,22140.0,23380.0,1,22230.0,0.0,0.0,0.0,0.0,0.0,0
2023-05-10 09:58:00,CY2308,CY2308,22230.0,0.0,0.0,0.0,1,22140.0,23380.0,2,22230.0,0.0,0.0,0.0,0.0,0.0,0
2023-05-10 09:58:38,CY2308,CY2308,22230.0,0.0,0.0,0.0,1,22140.0,23375.0,2,22230.0,0.0,0.0,0.0,0.0,0.0,0
2023-05-10 09:58:39,CY2308,CY2308,22230.0,0.0,0.0,0.0,1,22140.0,23365.0,1,22230.0,0.0,0.0,0.0,0.0,0.0,0
2023-05-10 09:59:22,CY2308,CY2308,22230.0,0.0,0.0,0.0,1,22140.0,23360.0,2,22230.0,0.0,0.0,0.0,0.0,0.0,0
2023-05-10 09:59:23,CY2308,CY2308,22230.0,0.0,0.0,0.0,1,22140.0,23350.0,1,22230.0,0.0,0.0,0.0,0.0,0.0,0
2023-05-10 10:00:05,CY2308,CY2308,22230.0,0.0,0.0,0.0,1,22140.0,23345.0,2,22230.0,0.0,0.0,0.0,0.0,0.0,0
2023-05-10 10:00:40,CY2308,CY2308,22230.0,0.0,0.0,0.0,1,22140.0,23380.0,1,22230.0,0.0,0.0,0.0,0.0,0.0,0
2023-05-10 10:00:41,CY2308,CY2308,22230.0,0.0,0.0,0.0,1,22140.0,23370.0,1,22230.0,0.0,0.0,0.0,0.0,0.0,0
2023-05-10 10:00:49,CY2308,CY2308,22230.0,0.0,0.0,0.0,1,22140.0,23365.0,2,22230.0,0.0,0.0,0.0,0.0,0.0,0
2023-05-10 10:00:50,CY2308,CY2308,22230.0,0.0,0.0,0.0,1,22140.0,23355.0,1,22230.0,0.0,0.0,0.0,0.0,0.0,0
2023-05-10 10:01:34,CY2308,CY2308,22230.0,0.0,0.0,0.0,2,22145.0,23355.0,1,22230.0,0.0,0.0,0.0,0.0,0.0,0
2023-05-10 10:01:34,CY2308,CY2308,22230.0,0.0,0.0,0.0,1,22155.0,23355.0,1,22230.0,0.0,0.0,0.0,0.0,0.0,0
2023-05-10 10:01:35,CY2308,CY2308,22230.0,0.0,0.0,0.0,2,22155.0,23355.0,1,22230.0,0.0,0.0,0.0,0.0,0.0,0
2023-05-10 10:02:17,CY2308,CY2308,22230.0,0.0,0.0,0.0,2,22155.0,23350.0,2,22230.0,0.0,0.0,0.0,0.0,0.0,0
2023-05-10 10:06:43,CY2308,CY2308,22230.0,0.0,0.0,0.0,1,22155.0,23350.0,2,22230.0,0.0,0.0,0.0,0.0,0.0,0
2023-05-10 10:07:03,CY2308,CY2308,22230.0,0.0,0.0,0.0,1,22155.0,23380.0,1,22230.0,0.0,0.0,0.0,0.0,0.0,0
2023-05-10 10:07:03,CY2308,CY2308,22230.0,0.0,0.0,0.0,2,22155.0,23370.0,1,22230.0,0.0,0.0,0.0,0.0,0.0,0
2023-05-10 10:07:05,CY2308,CY2308,22230.0,0.0,0.0,0.0,2,22155.0,23370.0,2,22230.0,0.0,0.0,0.0,0.0,0.0,0
2023-05-10 10:07:15,CY2308,CY2308,22230.0,0.0,0.0,0.0,2,22160.0,23370.0,2,22230.0,0.0,0.0,0.0,0.0,0.0,0
2023-05-10 10:07:16,CY2308,CY2308,22230.0,0.0,0.0,0.0,1,22170.0,23370.0,2,22230.0,0.0,0.0,0.0,0.0,0.0,0
2023-05-10 10:07:59,CY2308,CY2308,22230.0,0.0,0.0,0.0,1,22170.0,23365.0,2,22230.0,0.0,0.0,0.0,0.0,0.0,0
2023-05-10 10:07:59,CY2308,CY2308,22230.0,0.0,0.0,0.0,1,22170.0,23355.0,1,22230.0,0.0,0.0,0.0,0.0,0.0,0
2023-05-10 10:08:42,CY2308,CY2308,22230.0,0.0,0.0,0.0,2,22175.0,23355.0,1,22230.0,0.0,0.0,0.0,0.0,0.0,0
2023-05-10 10:08:42,CY2308,CY2308,22230.0,0.0,0.0,0.0,1,22185.0,23355.0,1,22230.0,0.0,0.0,0.0,0.0,0.0,0
2023-05-10 10:09:25,CY2308,CY2308,22230.0,0.0,0.0,0.0,1,22185.0,23350.0,2,22230.0,0.0,0.0,0.0,0.0,0.0,0
2023-05-10 10:09:43,CY2308,CY2308,22230.0,0.0,0.0,0.0,1,22185.0,23370.0,1,22230.0,0.0,0.0,0.0,0.0,0.0,0
2023-05-10 10:09:44,CY2308,CY2308,22230.0,0.0,0.0,0.0,1,22185.0,23360.0,1,22230.0,0.0,0.0,0.0,0.0,0.0,0
2023-05-10 10:10:09,CY2308,CY2308,22230.0,0.0,0.0,0.0,2,22190.0,23360.0,1,22230.0,0.0,0.0,0.0,0.0,0.0,0
2023-05-10 10:10:09,CY2308,CY2308,22230.0,0.0,0.0,0.0,1,22200.0,23360.0,1,22230.0,0.0,0.0,0.0,0.0,0.0,0
2023-05-10 10:10:53,CY2308,CY2308,22230.0,0.0,0.0,0.0,2,22205.0,23360.0,1,22230.0,0.0,0.0,0.0,0.0,0.0,0
2023-05-10 10:10:53,CY2308,CY2308,22230.0,0.0,0.0,0.0,1,22215.0,23360.0,1,22230.0,0.0,0.0,0.0,0.0,0.0,0
2023-05-10 10:10:53,CY2308,CY2308,22230.0,0.0,0.0,0.0,2,22215.0,23360.0,1,22230.0,0.0,0.0,0.0,0.0,0.0,0
2023-05-10 10:11:36,CY2308,CY2308,22230.0,0.0,0.0,0.0,2,22215.0,23355.0,2,22230.0,0.0,0.0,0.0,0.0,0.0,0
2023-05-10 10:12:03,CY2308,CY2308,22230.0,0.0,0.0,0.0,2,22215.0,23370.0,1,22230.0,0.0,0.0,0.0,0.0,0.0,0
2023-05-10 10:12:04,CY2308,CY2308,22230.0,0.0,0.0,0.0,2,22215.0,23360.0,1,22230.0,0.0,0.0,0.0,0.0,0.0,0
2023-05-10 10:12:19,CY2308,CY2308,22230.0,0.0,0.0,0.0,2,22215.0,23355.0,2,22230.0,0.0,0.0,0.0,0.0,0.0,0
2023-05-10 10:14:55,CY2308,CY2308,22230.0,0.0,0.0,0.0,1,22215.0,23355.0,2,22230.0,0.0,0.0,0.0,0.0,0.0,0
2023-05-10 10:30:05,CY2308,CY2308,22230.0,0.0,0.0,0.0,2,22215.0,23355.0,3,22230.0,0.0,0.0,0.0,0.0,0.0,0
2023-05-10 10:30:16,CY2308,CY2308,22230.0,0.0,0.0,0.0,2,22215.0,23355.0,1,22230.0,0.0,0.0,0.0,0.0,0.0,0
2023-05-10 10:30:19,CY2308,CY2308,22230.0,0.0,0.0,0.0,2,22215.0,23350.0,2,22230.0,0.0,0.0,0.0,0.0,0.0,0
2023-05-10 10:35:20,CY2308,CY2308,22230.0,0.0,0.0,0.0,2,22215.0,23355.0,1,22230.0,0.0,0.0,0.0,0.0,0.0,0
2023-05-10 10:35:21,CY2308,CY2308,22230.0,0.0,0.0,0.0,1,22215.0,0.0,0,22230.0,0.0,0.0,0.0,0.0,0.0,0
2023-05-10 10:35:22,CY2308,CY2308,22230.0,0.0,0.0,0.0,2,22215.0,23565.0,1,22230.0,0.0,0.0,0.0,0.0,0.0,0
2023-05-10 10:35:23,CY2308,CY2308,22230.0,0.0,0.0,0.0,2,22215.0,23555.0,1,22230.0,0.0,0.0,0.0,0.0,0.0,0
2023-05-10 10:36:06,CY2308,CY2308,22230.0,0.0,0.0,0.0,2,22215.0,23550.0,2,22230.0,0.0,0.0,0.0,0.0,0.0,0
2023-05-10 10:36:07,CY2308,CY2308,22230.0,0.0,0.0,0.0,2,22215.0,23540.0,1,22230.0,0.0,0.0,0.0,0.0,0.0,0
2023-05-10 10:36:49,CY2308,CY2308,22230.0,0.0,0.0,0.0,2,22215.0,23535.0,2,22230.0,0.0,0.0,0.0,0.0,0.0,0
2023-05-10 10:36:49,CY2308,CY2308,22230.0,0.0,0.0,0.0,2,22215.0,23525.0,1,22230.0,0.0,0.0,0.0,0.0,0.0,0
2023-05-10 10:37:34,CY2308,CY2308,22230.0,0.0,0.0,0.0,2,22215.0,23520.0,2,22230.0,0.0,0.0,0.0,0.0,0.0,0
2023-05-10 10:37:34,CY2308,CY2308,22230.0,0.0,0.0,0.0,2,22215.0,23510.0,1,22230.0,0.0,0.0,0.0,0.0,0.0,0
2023-05-10 10:37:34,CY2308,CY2308,22230.0,0.0,0.0,0.0,2,22215.0,23510.0,2,22230.0,0.0,0.0,0.0,0.0,0.0,0
2023-05-10 10:37:34,CY2308,CY2308,22230.0,0.0,0.0,0.0,2,22215.0,23520.0,2,22230.0,0.0,0.0,0.0,0.0,0.0,0
2023-05-10 10:37:34,CY2308,CY2308,22230.0,0.0,0.0,0.0,2,22215.0,23510.0,1,22230.0,0.0,0.0,0.0,0.0,0.0,0
2023-05-10 10:37:34,CY2308,CY2308,22230.0,0.0,0.0,0.0,2,22215.0,23510.0,2,22230.0,0.0,0.0,0.0,0.0,0.0,0
2023-05-10 10:38:17,CY2308,CY2308,22230.0,0.0,0.0,0.0,2,22215.0,23505.0,2,22230.0,0.0,0.0,0.0,0.0,0.0,0
2023-05-10 10:38:17,CY2308,CY2308,22230.0,0.0,0.0,0.0,2,22215.0,23495.0,1,22230.0,0.0,0.0,0.0,0.0,0.0,0
2023-05-10 10:38:17,CY2308,CY2308,22230.0,0.0,0.0,0.0,2,22215.0,23505.0,2,22230.0,0.0,0.0,0.0,0.0,0.0,0
2023-05-10 10:38:17,CY2308,CY2308,22230.0,0.0,0.0,0.0,2,22215.0,23495.0,1,22230.0,0.0,0.0,0.0,0.0,0.0,0
2023-05-10 10:38:17,CY2308,CY2308,22230.0,0.0,0.0,0.0,2,22215.0,23505.0,2,22230.0,0.0,0.0,0.0,0.0,0.0,0
2023-05-10 10:38:17,CY2308,CY2308,22230.0,0.0,0.0,0.0,2,22215.0,23495.0,1,22230.0,0.0,0.0,0.0,0.0,0.0,0
2023-05-10 10:39:00,CY2308,CY2308,22230.0,0.0,0.0,0.0,2,22215.0,23490.0,2,22230.0,0.0,0.0,0.0,0.0,0.0,0
2023-05-10 10:39:00,CY2308,CY2308,22230.0,0.0,0.0,0.0,2,22215.0,23480.0,1,22230.0,0.0,0.0,0.0,0.0,0.0,0
2023-05-10 10:39:00,CY2308,CY2308,22230.0,0.0,0.0,0.0,2,22215.0,23490.0,2,22230.0,0.0,0.0,0.0,0.0,0.0,0
2023-05-10 10:39:00,CY2308,CY2308,22230.0,0.0,0.0,0.0,2,22215.0,23480.0,1,22230.0,0.0,0.0,0.0,0.0,0.0,0
2023-05-10 10:39:43,CY2308,CY2308,22230.0,0.0,0.0,0.0,2,22215.0,23475.0,2,22230.0,0.0,0.0,0.0,0.0,0.0,0
2023-05-10 10:39:43,CY2308,CY2308,22230.0,0.0,0.0,0.0,2,22215.0,23465.0,1,22230.0,0.0,0.0,0.0,0.0,0.0,0
2023-05-10 10:40:26,CY2308,CY2308,22230.0,0.0,0.0,0.0,2,22215.0,23460.0,2,22230.0,0.0,0.0,0.0,0.0,0.0,0
2023-05-10 10:40:26,CY2308,CY2308,22230.0,0.0,0.0,0.0,1,22215.0,23450.0,1,22230.0,0.0,0.0,0.0,0.0,0.0,0
2023-05-10 10:40:26,CY2308,CY2308,22230.0,0.0,0.0,0.0,1,22215.0,23450.0,2,22230.0,0.0,0.0,0.0,0.0,0.0,0
2023-05-10 10:40:29,CY2308,CY2308,22230.0,0.0,0.0,0.0,2,22215.0,23450.0,2,22230.0,0.0,0.0,0.0,0.0,0.0,0
2023-05-10 10:41:10,CY2308,CY2308,22230.0,0.0,0.0,0.0,2,22215.0,23445.0,2,22230.0,0.0,0.0,0.0,0.0,0.0,0
2023-05-10 10:41:10,CY2308,CY2308,22230.0,0.0,0.0,0.0,2,22215.0,23435.0,1,22230.0,0.0,0.0,0.0,0.0,0.0,0
2023-05-10 10:41:54,CY2308,CY2308,22230.0,0.0,0.0,0.0,2,22215.0,23430.0,2,22230.0,0.0,0.0,0.0,0.0,0.0,0
2023-05-10 10:41:55,CY2308,CY2308,22230.0,0.0,0.0,0.0,2,22215.0,23420.0,1,22230.0,0.0,0.0,0.0,0.0,0.0,0
2023-05-10 10:42:39,CY2308,CY2308,22230.0,0.0,0.0,0.0,2,22215.0,23415.0,2,22230.0,0.0,0.0,0.0,0.0,0.0,0
2023-05-10 10:42:39,CY2308,CY2308,22230.0,0.0,0.0,0.0,2,22215.0,23405.0,1,22230.0,0.0,0.0,0.0,0.0,0.0,0
2023-05-10 10:43:24,CY2308,CY2308,22230.0,0.0,0.0,0.0,2,22215.0,23400.0,2,22230.0,0.0,0.0,0.0,0.0,0.0,0
2023-05-10 10:43:24,CY2308,CY2308,22230.0,0.0,0.0,0.0,2,22215.0,23390.0,1,22230.0,0.0,0.0,0.0,0.0,0.0,0
2023-05-10 10:43:24,CY2308,CY2308,22230.0,0.0,0.0,0.0,2,22215.0,23390.0,2,22230.0,0.0,0.0,0.0,0.0,0.0,0
2023-05-10 10:44:07,CY2308,CY2308,22230.0,0.0,0.0,0.0,2,22215.0,23385.0,2,22230.0,0.0,0.0,0.0,0.0,0.0,0
2023-05-10 10:44:08,CY2308,CY2308,22230.0,0.0,0.0,0.0,2,22215.0,23375.0,1,22230.0,0.0,0.0,0.0,0.0,0.0,0
2023-05-10 10:44:50,CY2308,CY2308,22230.0,0.0,0.0,0.0,2,22215.0,23370.0,2,22230.0,0.0,0.0,0.0,0.0,0.0,0
2023-05-10 10:44:51,CY2308,CY2308,22230.0,0.0,0.0,0.0,2,22215.0,23360.0,1,22230.0,0.0,0.0,0.0,0.0,0.0,0
2023-05-10 10:45:33,CY2308,CY2308,22230.0,0.0,0.0,0.0,2,22215.0,23355.0,2,22230.0,0.0,0.0,0.0,0.0,0.0,0
2023-05-10 10:45:34,CY2308,CY2308,22230.0,0.0,0.0,0.0,1,22215.0,23355.0,2,22230.0,0.0,0.0,0.0,0.0,0.0,0
2023-05-10 10:45:36,CY2308,CY2308,22230.0,0.0,0.0,0.0,2,22215.0,23355.0,2,22230.0,0.0,0.0,0.0,0.0,0.0,0
2023-05-10 10:50:34,CY2308,CY2308,22230.0,0.0,0.0,0.0,2,22215.0,23390.0,1,22230.0,0.0,0.0,0.0,0.0,0.0,0
2023-05-10 10:50:34,CY2308,CY2308,22230.0,0.0,0.0,0.0,2,22215.0,23380.0,1,22230.0,0.0,0.0,0.0,0.0,0.0,0
2023-05-10 10:50:36,CY2308,CY2308,22230.0,0.0,0.0,0.0,2,22215.0,23375.0,2,22230.0,0.0,0.0,0.0,0.0,0.0,0
2023-05-10 10:50:36,CY2308,CY2308,22230.0,0.0,0.0,0.0,2,22215.0,23365.0,1,22230.0,0.0,0.0,0.0,0.0,0.0,0
2023-05-10 10:50:37,CY2308,CY2308,22230.0,0.0,0.0,0.0,2,22215.0,23365.0,2,22230.0,0.0,0.0,0.0,0.0,0.0,0
2023-05-10 10:50:37,CY2308,CY2308,22230.0,0.0,0.0,0.0,1,22215.0,23365.0,2,22230.0,0.0,0.0,0.0,0.0,0.0,0
2023-05-10 10:50:39,CY2308,CY2308,22230.0,0.0,0.0,0.0,2,22215.0,23365.0,2,22230.0,0.0,0.0,0.0,0.0,0.0,0
2023-05-10 10:51:19,CY2308,CY2308,22230.0,0.0,0.0,0.0,2,22215.0,23360.0,2,22230.0,0.0,0.0,0.0,0.0,0.0,0
2023-05-10 10:51:20,CY2308,CY2308,22230.0,0.0,0.0,0.0,2,22215.0,23350.0,1,22230.0,0.0,0.0,0.0,0.0,0.0,0
2023-05-10 10:52:03,CY2308,CY2308,22230.0,0.0,0.0,0.0,2,22215.0,23345.0,2,22230.0,0.0,0.0,0.0,0.0,0.0,0
2023-05-10 10:55:42,CY2308,CY2308,22230.0,0.0,0.0,0.0,1,22215.0,23345.0,2,22230.0,0.0,0.0,0.0,0.0,0.0,0
2023-05-10 10:55:42,CY2308,CY2308,22230.0,0.0,0.0,0.0,2,22215.0,23345.0,2,22230.0,0.0,0.0,0.0,0.0,0.0,0
2023-05-10 10:57:04,CY2308,CY2308,22230.0,0.0,0.0,0.0,2,22215.0,23365.0,1,22230.0,0.0,0.0,0.0,0.0,0.0,0
2023-05-10 10:57:04,CY2308,CY2308,22230.0,0.0,0.0,0.0,2,22215.0,23355.0,1,22230.0,0.0,0.0,0.0,0.0,0.0,0
2023-05-10 10:57:07,CY2308,CY2308,22230.0,0.0,0.0,0.0,2,22215.0,23350.0,2,22230.0,0.0,0.0,0.0,0.0,0.0,0
2023-05-10 10:57:07,CY2308,CY2308,22230.0,0.0,0.0,0.0,2,22215.0,23350.0,3,22230.0,0.0,0.0,0.0,0.0,0.0,0
2023-05-10 11:00:59,CY2308,CY2308,22230.0,0.0,0.0,0.0,1,22215.0,23350.0,3,22230.0,0.0,0.0,0.0,0.0,0.0,0
2023-05-10 11:01:00,CY2308,CY2308,22230.0,0.0,0.0,0.0,2,22215.0,23350.0,3,22230.0,0.0,0.0,0.0,0.0,0.0,0
2023-05-10 11:02:07,CY2308,CY2308,22230.0,0.0,0.0,0.0,2,22215.0,23350.0,1,22230.0,0.0,0.0,0.0,0.0,0.0,0
2023-05-10 11:02:08,CY2308,CY2308,22230.0,0.0,0.0,0.0,2,22215.0,23345.0,2,22230.0,0.0,0.0,0.0,0.0,0.0,0
2023-05-10 11:06:02,CY2308,CY2308,22230.0,0.0,0.0,0.0,1,22215.0,23345.0,2,22230.0,0.0,0.0,0.0,0.0,0.0,0
2023-05-10 11:06:05,CY2308,CY2308,22230.0,0.0,0.0,0.0,2,22215.0,23345.0,2,22230.0,0.0,0.0,0.0,0.0,0.0,0
2023-05-10 11:07:09,CY2308,CY2308,22230.0,0.0,0.0,0.0,2,22215.0,23350.0,1,22230.0,0.0,0.0,0.0,0.0,0.0,0
2023-05-10 11:07:09,CY2308,CY2308,22230.0,0.0,0.0,0.0,2,22215.0,0.0,0,22230.0,0.0,0.0,0.0,0.0,0.0,0
2023-05-10 11:07:20,CY2308,CY2308,22230.0,0.0,0.0,0.0,2,22215.0,23565.0,1,22230.0,0.0,0.0,0.0,0.0,0.0,0
2023-05-10 11:07:20,CY2308,CY2308,22230.0,0.0,0.0,0.0,2,22215.0,23555.0,1,22230.0,0.0,0.0,0.0,0.0,0.0,0
2023-05-10 11:07:53,CY2308,CY2308,22230.0,0.0,0.0,0.0,2,22215.0,23550.0,2,22230.0,0.0,0.0,0.0,0.0,0.0,0
2023-05-10 11:07:54,CY2308,CY2308,22230.0,0.0,0.0,0.0,2,22215.0,23540.0,1,22230.0,0.0,0.0,0.0,0.0,0.0,0
2023-05-10 11:08:37,CY2308,CY2308,22230.0,0.0,0.0,0.0,2,22215.0,23535.0,2,22230.0,0.0,0.0,0.0,0.0,0.0,0
2023-05-10 11:08:37,CY2308,CY2308,22230.0,0.0,0.0,0.0,2,22215.0,23525.0,1,22230.0,0.0,0.0,0.0,0.0,0.0,0
2023-05-10 11:09:19,CY2308,CY2308,22230.0,0.0,0.0,0.0,2,22215.0,23520.0,2,22230.0,0.0,0.0,0.0,0.0,0.0,0
2023-05-10 11:09:20,CY2308,CY2308,22230.0,0.0,0.0,0.0,2,22215.0,23510.0,1,22230.0,0.0,0.0,0.0,0.0,0.0,0
2023-05-10 11:09:20,CY2308,CY2308,22230.0,0.0,0.0,0.0,2,22215.0,23510.0,2,22230.0,0.0,0.0,0.0,0.0,0.0,0
2023-05-10 11:10:04,CY2308,CY2308,22230.0,0.0,0.0,0.0,2,22215.0,23505.0,2,22230.0,0.0,0.0,0.0,0.0,0.0,0
2023-05-10 11:10:05,CY2308,CY2308,22230.0,0.0,0.0,0.0,2,22215.0,23495.0,1,22230.0,0.0,0.0,0.0,0.0,0.0,0
2023-05-10 11:10:48,CY2308,CY2308,22230.0,0.0,0.0,0.0,2,22215.0,23490.0,2,22230.0,0.0,0.0,0.0,0.0,0.0,0
2023-05-10 11:10:49,CY2308,CY2308,22230.0,0.0,0.0,0.0,2,22215.0,23480.0,1,22230.0,0.0,0.0,0.0,0.0,0.0,0
2023-05-10 11:11:13,CY2308,CY2308,22230.0,0.0,0.0,0.0,1,22215.0,23480.0,1,22230.0,0.0,0.0,0.0,0.0,0.0,0
2023-05-10 11:11:20,CY2308,CY2308,22230.0,0.0,0.0,0.0,2,22215.0,23480.0,1,22230.0,0.0,0.0,0.0,0.0,0.0,0
2023-05-10 11:11:31,CY2308,CY2308,22230.0,0.0,0.0,0.0,2,22215.0,23475.0,2,22230.0,0.0,0.0,0.0,0.0,0.0,0
2023-05-10 11:11:32,CY2308,CY2308,22230.0,0.0,0.0,0.0,2,22215.0,23465.0,1,22230.0,0.0,0.0,0.0,0.0,0.0,0
2023-05-10 11:12:14,CY2308,CY2308,22230.0,0.0,0.0,0.0,2,22215.0,23460.0,2,22230.0,0.0,0.0,0.0,0.0,0.0,0
2023-05-10 11:12:14,CY2308,CY2308,22230.0,0.0,0.0,0.0,2,22215.0,23450.0,1,22230.0,0.0,0.0,0.0,0.0,0.0,0
2023-05-10 11:12:15,CY2308,CY2308,22230.0,0.0,0.0,0.0,2,22215.0,23450.0,2,22230.0,0.0,0.0,0.0,0.0,0.0,0
2023-05-10 11:12:57,CY2308,CY2308,22230.0,0.0,0.0,0.0,2,22215.0,23445.0,2,22230.0,0.0,0.0,0.0,0.0,0.0,0
2023-05-10 11:12:57,CY2308,CY2308,22230.0,0.0,0.0,0.0,2,22215.0,23435.0,1,22230.0,0.0,0.0,0.0,0.0,0.0,0
2023-05-10 11:12:57,CY2308,CY2308,22230.0,0.0,0.0,0.0,2,22215.0,23445.0,2,22230.0,0.0,0.0,0.0,0.0,0.0,0
2023-05-10 11:12:57,CY2308,CY2308,22230.0,0.0,0.0,0.0,2,22215.0,23435.0,1,22230.0,0.0,0.0,0.0,0.0,0.0,0
2023-05-10 11:13:39,CY2308,CY2308,22230.0,0.0,0.0,0.0,2,22215.0,23430.0,2,22230.0,0.0,0.0,0.0,0.0,0.0,0
2023-05-10 11:13:39,CY2308,CY2308,22230.0,0.0,0.0,0.0,2,22215.0,23420.0,1,22230.0,0.0,0.0,0.0,0.0,0.0,0
2023-05-10 11:14:23,CY2308,CY2308,22230.0,0.0,0.0,0.0,2,22215.0,23415.0,2,22230.0,0.0,0.0,0.0,0.0,0.0,0
2023-05-10 11:14:24,CY2308,CY2308,22230.0,0.0,0.0,0.0,2,22215.0,23405.0,1,22230.0,0.0,0.0,0.0,0.0,0.0,0
2023-05-10 11:15:07,CY2308,CY2308,22230.0,0.0,0.0,0.0,2,22215.0,23400.0,2,22230.0,0.0,0.0,0.0,0.0,0.0,0
2023-05-10 11:15:07,CY2308,CY2308,22230.0,0.0,0.0,0.0,2,22215.0,23390.0,1,22230.0,0.0,0.0,0.0,0.0,0.0,0
2023-05-10 11:15:08,CY2308,CY2308,22230.0,0.0,0.0,0.0,2,22215.0,23390.0,2,22230.0,0.0,0.0,0.0,0.0,0.0,0
2023-05-10 11:15:51,CY2308,CY2308,22230.0,0.0,0.0,0.0,2,22215.0,23385.0,2,22230.0,0.0,0.0,0.0,0.0,0.0,0
2023-05-10 11:15:52,CY2308,CY2308,22230.0,0.0,0.0,0.0,2,22215.0,23375.0,1,22230.0,0.0,0.0,0.0,0.0,0.0,0
2023-05-10 11:16:23,CY2308,CY2308,22230.0,0.0,0.0,0.0,1,22215.0,23375.0,1,22230.0,0.0,0.0,0.0,0.0,0.0,0
2023-05-10 11:16:29,CY2308,CY2308,22230.0,0.0,0.0,0.0,2,22215.0,23375.0,1,22230.0,0.0,0.0,0.0,0.0,0.0,0
2023-05-10 11:16:34,CY2308,CY2308,22230.0,0.0,0.0,0.0,2,22215.0,23370.0,2,22230.0,0.0,0.0,0.0,0.0,0.0,0
2023-05-10 11:16:35,CY2308,CY2308,22230.0,0.0,0.0,0.0,2,22215.0,23360.0,1,22230.0,0.0,0.0,0.0,0.0,0.0,0
2023-05-10 11:17:18,CY2308,CY2308,22230.0,0.0,0.0,0.0,2,22215.0,23355.0,2,22230.0,0.0,0.0,0.0,0.0,0.0,0
2023-05-10 11:17:40,CY2308,CY2308,22230.0,0.0,0.0,0.0,2,22215.0,23390.0,1,22230.0,0.0,0.0,0.0,0.0,0.0,0
2023-05-10 11:17:40,CY2308,CY2308,22230.0,0.0,0.0,0.0,2,22215.0,23380.0,1,22230.0,0.0,0.0,0.0,0.0,0.0,0
2023-05-10 11:18:01,CY2308,CY2308,22230.0,0.0,0.0,0.0,2,22215.0,23375.0,2,22230.0,0.0,0.0,0.0,0.0,0.0,0
2023-05-10 11:18:02,CY2308,CY2308,22230.0,0.0,0.0,0.0,2,22215.0,23365.0,1,22230.0,0.0,0.0,0.0,0.0,0.0,0
2023-05-10 11:18:44,CY2308,CY2308,22230.0,0.0,0.0,0.0,2,22220.0,23365.0,1,22230.0,0.0,0.0,0.0,0.0,0.0,0
2023-05-10 11:18:45,CY2308,CY2308,22230.0,0.0,0.0,0.0,1,22230.0,23365.0,1,22230.0,0.0,0.0,0.0,0.0,0.0,0
2023-05-10 11:19:27,CY2308,CY2308,22230.0,0.0,0.0,0.0,2,22235.0,23365.0,1,22230.0,0.0,0.0,0.0,0.0,0.0,0
2023-05-10 11:19:28,CY2308,CY2308,22230.0,0.0,0.0,0.0,1,22245.0,23365.0,1,22230.0,0.0,0.0,0.0,0.0,0.0,0
2023-05-10 11:20:10,CY2308,CY2308,22230.0,0.0,0.0,0.0,1,22245.0,23360.0,2,22230.0,0.0,0.0,0.0,0.0,0.0,0
2023-05-10 11:20:11,CY2308,CY2308,22230.0,0.0,0.0,0.0,1,22245.0,23350.0,1,22230.0,0.0,0.0,0.0,0.0,0.0,0
2023-05-10 11:20:53,CY2308,CY2308,22230.0,0.0,0.0,0.0,2,22250.0,23350.0,1,22230.0,0.0,0.0,0.0,0.0,0.0,0
2023-05-10 11:20:53,CY2308,CY2308,22230.0,0.0,0.0,0.0,1,22260.0,23350.0,1,22230.0,0.0,0.0,0.0,0.0,0.0,0
2023-05-10 11:21:37,CY2308,CY2308,22230.0,0.0,0.0,0.0,1,22260.0,23345.0,2,22230.0,0.0,0.0,0.0,0.0,0.0,0
2023-05-10 11:22:06,CY2308,CY2308,22230.0,0.0,0.0,0.0,1,22260.0,23390.0,1,22230.0,0.0,0.0,0.0,0.0,0.0,0
2023-05-10 11:22:06,CY2308,CY2308,22230.0,0.0,0.0,0.0,1,22260.0,23380.0,1,22230.0,0.0,0.0,0.0,0.0,0.0,0
2023-05-10 11:22:13,CY2308,CY2308,22230.0,0.0,0.0,0.0,1,22260.0,23380.0,2,22230.0,0.0,0.0,0.0,0.0,0.0,0
2023-05-10 11:22:21,CY2308,CY2308,22230.0,0.0,0.0,0.0,2,22265.0,23380.0,2,22230.0,0.0,0.0,0.0,0.0,0.0,0
2023-05-10 11:22:22,CY2308,CY2308,22230.0,0.0,0.0,0.0,1,22275.0,23380.0,2,22230.0,0.0,0.0,0.0,0.0,0.0,0
2023-05-10 11:22:22,CY2308,CY2308,22230.0,0.0,0.0,0.0,2,22275.0,23380.0,2,22230.0,0.0,0.0,0.0,0.0,0.0,0
2023-05-10 11:23:05,CY2308,CY2308,22230.0,0.0,0.0,0.0,2,22275.0,23375.0,2,22230.0,0.0,0.0,0.0,0.0,0.0,0
2023-05-10 11:23:05,CY2308,CY2308,22230.0,0.0,0.0,0.0,2,22275.0,23365.0,1,22230.0,0.0,0.0,0.0,0.0,0.0,0
2023-05-10 11:23:05,CY2308,CY2308,22230.0,0.0,0.0,0.0,2,22275.0,23375.0,2,22230.0,0.0,0.0,0.0,0.0,0.0,0
2023-05-10 11:23:05,CY2308,CY2308,22230.0,0.0,0.0,0.0,2,22275.0,23365.0,1,22230.0,0.0,0.0,0.0,0.0,0.0,0
2023-05-10 11:23:05,CY2308,CY2308,22230.0,0.0,0.0,0.0,2,22275.0,23375.0,2,22230.0,0.0,0.0,0.0,0.0,0.0,0
2023-05-10 11:23:05,CY2308,CY2308,22230.0,0.0,0.0,0.0,2,22275.0,23365.0,1,22230.0,0.0,0.0,0.0,0.0,0.0,0
2023-05-10 11:23:49,CY2308,CY2308,22230.0,0.0,0.0,0.0,2,22275.0,23360.0,2,22230.0,0.0,0.0,0.0,0.0,0.0,0
2023-05-10 11:23:49,CY2308,CY2308,22230.0,0.0,0.0,0.0,2,22275.0,23350.0,1,22230.0,0.0,0.0,0.0,0.0,0.0,0
2023-05-10 11:24:32,CY2308,CY2308,22230.0,0.0,0.0,0.0,2,22280.0,23350.0,1,22230.0,0.0,0.0,0.0,0.0,0.0,0
2023-05-10 11:24:33,CY2308,CY2308,22230.0,0.0,0.0,0.0,1,22290.0,23350.0,1,22230.0,0.0,0.0,0.0,0.0,0.0,0
2023-05-10 11:25:15,CY2308,CY2308,22230.0,0.0,0.0,0.0,1,22290.0,23345.0,2,22230.0,0.0,0.0,0.0,0.0,0.0,0
2023-05-10 11:29:46,CY2308,CY2308,22230.0,0.0,0.0,0.0,1,22290.0,0.0,0,22230.0,0.0,0.0,0.0,0.0,0.0,0
2023-05-10 13:30:01,CY2308,CY2308,22230.0,0.0,0.0,0.0,2,22290.0,23565.0,1,22230.0,0.0,0.0,0.0,0.0,0.0,0
2023-05-10 13:30:02,CY2308,CY2308,22230.0,0.0,0.0,0.0,2,22290.0,23555.0,1,22230.0,0.0,0.0,0.0,0.0,0.0,0
2023-05-10 13:30:16,CY2308,CY2308,22230.0,0.0,0.0,0.0,2,22290.0,23550.0,2,22230.0,0.0,0.0,0.0,0.0,0.0,0
2023-05-10 13:30:22,CY2308,CY2308,22230.0,0.0,0.0,0.0,2,22290.0,23540.0,1,22230.0,0.0,0.0,0.0,0.0,0.0,0
2023-05-10 13:31:00,CY2308,CY2308,22230.0,0.0,0.0,0.0,2,22290.0,23535.0,2,22230.0,0.0,0.0,0.0,0.0,0.0,0
2023-05-10 13:31:12,CY2308,CY2308,22230.0,0.0,0.0,0.0,2,22290.0,23525.0,1,22230.0,0.0,0.0,0.0,0.0,0.0,0
2023-05-10 13:32:26,CY2308,CY2308,22230.0,0.0,0.0,0.0,2,22290.0,23520.0,2,22230.0,0.0,0.0,0.0,0.0,0.0,0
2023-05-10 13:32:41,CY2308,CY2308,22230.0,0.0,0.0,0.0,2,22290.0,23510.0,1,22230.0,0.0,0.0,0.0,0.0,0.0,0
2023-05-10 13:32:41,CY2308,CY2308,22230.0,0.0,0.0,0.0,2,22290.0,23510.0,2,22230.0,0.0,0.0,0.0,0.0,0.0,0
2023-05-10 13:33:51,CY2308,CY2308,22230.0,0.0,0.0,0.0,2,22290.0,23505.0,2,22230.0,0.0,0.0,0.0,0.0,0.0,0
2023-05-10 13:33:51,CY2308,CY2308,22230.0,0.0,0.0,0.0,2,22290.0,23495.0,1,22230.0,0.0,0.0,0.0,0.0,0.0,0
2023-05-10 13:34:34,CY2308,CY2308,22230.0,0.0,0.0,0.0,2,22290.0,23490.0,2,22230.0,0.0,0.0,0.0,0.0,0.0,0
2023-05-10 13:34:34,CY2308,CY2308,22230.0,0.0,0.0,0.0,2,22290.0,23480.0,1,22230.0,0.0,0.0,0.0,0.0,0.0,0
2023-05-10 13:34:34,CY2308,CY2308,22230.0,0.0,0.0,0.0,2,22290.0,23490.0,2,22230.0,0.0,0.0,0.0,0.0,0.0,0
2023-05-10 13:34:34,CY2308,CY2308,22230.0,0.0,0.0,0.0,2,22290.0,23480.0,1,22230.0,0.0,0.0,0.0,0.0,0.0,0
2023-05-10 13:34:34,CY2308,CY2308,22230.0,0.0,0.0,0.0,2,22290.0,23490.0,2,22230.0,0.0,0.0,0.0,0.0,0.0,0
2023-05-10 13:34:34,CY2308,CY2308,22230.0,0.0,0.0,0.0,2,22290.0,23480.0,1,22230.0,0.0,0.0,0.0,0.0,0.0,0
2023-05-10 13:35:04,CY2308,CY2308,22230.0,0.0,0.0,0.0,1,22290.0,23480.0,1,22230.0,0.0,0.0,0.0,0.0,0.0,0
2023-05-10 13:35:15,CY2308,CY2308,22230.0,0.0,0.0,0.0,2,22290.0,23480.0,1,22230.0,0.0,0.0,0.0,0.0,0.0,0
2023-05-10 13:35:19,CY2308,CY2308,22230.0,0.0,0.0,0.0,2,22290.0,23475.0,2,22230.0,0.0,0.0,0.0,0.0,0.0,0
2023-05-10 13:35:20,CY2308,CY2308,22230.0,0.0,0.0,0.0,2,22290.0,23465.0,1,22230.0,0.0,0.0,0.0,0.0,0.0,0
2023-05-10 13:36:04,CY2308,CY2308,22230.0,0.0,0.0,0.0,2,22290.0,23460.0,2,22230.0,0.0,0.0,0.0,0.0,0.0,0
2023-05-10 13:36:05,CY2308,CY2308,22230.0,0.0,0.0,0.0,2,22290.0,23450.0,1,22230.0,0.0,0.0,0.0,0.0,0.0,0
2023-05-10 13:36:05,CY2308,CY2308,22230.0,0.0,0.0,0.0,2,22290.0,23450.0,2,22230.0,0.0,0.0,0.0,0.0,0.0,0
2023-05-10 13:36:48,CY2308,CY2308,22230.0,0.0,0.0,0.0,2,22290.0,23445.0,2,22230.0,0.0,0.0,0.0,0.0,0.0,0
2023-05-10 13:36:48,CY2308,CY2308,22230.0,0.0,0.0,0.0,2,22290.0,23435.0,1,22230.0,0.0,0.0,0.0,0.0,0.0,0
2023-05-10 13:36:48,CY2308,CY2308,22230.0,0.0,0.0,0.0,2,22290.0,23445.0,2,22230.0,0.0,0.0,0.0,0.0,0.0,0
2023-05-10 13:36:48,CY2308,CY2308,22230.0,0.0,0.0,0.0,2,22290.0,23435.0,1,22230.0,0.0,0.0,0.0,0.0,0.0,0
2023-05-10 13:37:31,CY2308,CY2308,22230.0,0.0,0.0,0.0,2,22290.0,23430.0,2,22230.0,0.0,0.0,0.0,0.0,0.0,0
2023-05-10 13:37:32,CY2308,CY2308,22230.0,0.0,0.0,0.0,2,22290.0,23420.0,1,22230.0,0.0,0.0,0.0,0.0,0.0,0
2023-05-10 13:38:14,CY2308,CY2308,22230.0,0.0,0.0,0.0,2,22290.0,23415.0,2,22230.0,0.0,0.0,0.0,0.0,0.0,0
2023-05-10 13:38:15,CY2308,CY2308,22230.0,0.0,0.0,0.0,2,22290.0,23405.0,1,22230.0,0.0,0.0,0.0,0.0,0.0,0
2023-05-10 13:38:57,CY2308,CY2308,22230.0,0.0,0.0,0.0,2,22290.0,23400.0,2,22230.0,0.0,0.0,0.0,0.0,0.0,0
2023-05-10 13:38:58,CY2308,CY2308,22230.0,0.0,0.0,0.0,2,22290.0,23390.0,1,22230.0,0.0,0.0,0.0,0.0,0.0,0
2023-05-10 13:38:58,CY2308,CY2308,22230.0,0.0,0.0,0.0,2,22290.0,23390.0,2,22230.0,0.0,0.0,0.0,0.0,0.0,0
2023-05-10 13:38:58,CY2308,CY2308,22230.0,0.0,0.0,0.0,2,22290.0,23390.0,1,22230.0,0.0,0.0,0.0,0.0,0.0,0
2023-05-10 13:38:58,CY2308,CY2308,22230.0,0.0,0.0,0.0,2,22290.0,23390.0,2,22230.0,0.0,0.0,0.0,0.0,0.0,0
2023-05-10 13:39:40,CY2308,CY2308,22230.0,0.0,0.0,0.0,2,22290.0,23385.0,2,22230.0,0.0,0.0,0.0,0.0,0.0,0
2023-05-10 13:39:40,CY2308,CY2308,22230.0,0.0,0.0,0.0,2,22290.0,23375.0,1,22230.0,0.0,0.0,0.0,0.0,0.0,0
2023-05-10 13:40:24,CY2308,CY2308,22230.0,0.0,0.0,0.0,2,22295.0,23375.0,1,22230.0,0.0,0.0,0.0,0.0,0.0,0
2023-05-10 13:40:25,CY2308,CY2308,22230.0,0.0,0.0,0.0,1,22305.0,23375.0,1,22230.0,0.0,0.0,0.0,0.0,0.0,0
2023-05-10 13:41:08,CY2308,CY2308,22230.0,0.0,0.0,0.0,1,22305.0,23370.0,2,22230.0,0.0,0.0,0.0,0.0,0.0,0
2023-05-10 13:41:08,CY2308,CY2308,22230.0,0.0,0.0,0.0,1,22305.0,23360.0,1,22230.0,0.0,0.0,0.0,0.0,0.0,0
2023-05-10 13:41:52,CY2308,CY2308,22230.0,0.0,0.0,0.0,1,22305.0,23355.0,2,22230.0,0.0,0.0,0.0,0.0,0.0,0
2023-05-10 13:46:52,CY2308,CY2308,22230.0,0.0,0.0,0.0,1,22305.0,23390.0,1,22230.0,0.0,0.0,0.0,0.0,0.0,0
2023-05-10 13:46:53,CY2308,CY2308,22230.0,0.0,0.0,0.0,1,22305.0,23380.0,1,22230.0,0.0,0.0,0.0,0.0,0.0,0
2023-05-10 13:46:53,CY2308,CY2308,22230.0,0.0,0.0,0.0,1,22305.0,23380.0,2,22230.0,0.0,0.0,0.0,0.0,0.0,0
2023-05-10 13:47:30,CY2308,CY2308,22230.0,0.0,0.0,0.0,1,22305.0,23375.0,2,22230.0,0.0,0.0,0.0,0.0,0.0,0
2023-05-10 13:47:31,CY2308,CY2308,22230.0,0.0,0.0,0.0,1,22305.0,23365.0,1,22230.0,0.0,0.0,0.0,0.0,0.0,0
2023-05-10 13:48:13,CY2308,CY2308,22230.0,0.0,0.0,0.0,2,22310.0,23365.0,1,22230.0,0.0,0.0,0.0,0.0,0.0,0
2023-05-10 13:48:13,CY2308,CY2308,22230.0,0.0,0.0,0.0,1,22320.0,23365.0,1,22230.0,0.0,0.0,0.0,0.0,0.0,0
2023-05-10 13:48:55,CY2308,CY2308,22230.0,0.0,0.0,0.0,1,22320.0,23360.0,2,22230.0,0.0,0.0,0.0,0.0,0.0,0
2023-05-10 13:48:56,CY2308,CY2308,22230.0,0.0,0.0,0.0,1,22320.0,23350.0,1,22230.0,0.0,0.0,0.0,0.0,0.0,0
2023-05-10 13:49:37,CY2308,CY2308,22230.0,0.0,0.0,0.0,1,22320.0,23345.0,2,22230.0,0.0,0.0,0.0,0.0,0.0,0
2023-05-10 13:50:08,CY2308,CY2308,22230.0,0.0,0.0,0.0,1,22320.0,23380.0,1,22230.0,0.0,0.0,0.0,0.0,0.0,0
2023-05-10 13:50:08,CY2308,CY2308,22230.0,0.0,0.0,0.0,1,22320.0,23370.0,1,22230.0,0.0,0.0,0.0,0.0,0.0,0
2023-05-10 13:50:20,CY2308,CY2308,22230.0,0.0,0.0,0.0,1,22320.0,23365.0,2,22230.0,0.0,0.0,0.0,0.0,0.0,0
2023-05-10 13:50:20,CY2308,CY2308,22230.0,0.0,0.0,0.0,1,22320.0,23355.0,1,22230.0,0.0,0.0,0.0,0.0,0.0,0
2023-05-10 13:51:02,CY2308,CY2308,22230.0,0.0,0.0,0.0,2,22325.0,23355.0,1,22230.0,0.0,0.0,0.0,0.0,0.0,0
2023-05-10 13:51:02,CY2308,CY2308,22230.0,0.0,0.0,0.0,1,22335.0,23355.0,1,22230.0,0.0,0.0,0.0,0.0,0.0,0
2023-05-10 13:51:44,CY2308,CY2308,22230.0,0.0,0.0,0.0,2,22340.0,23355.0,1,22230.0,0.0,0.0,0.0,0.0,0.0,0
2023-05-10 13:51:44,CY2308,CY2308,22230.0,0.0,0.0,0.0,1,22350.0,23355.0,1,22230.0,0.0,0.0,0.0,0.0,0.0,0
2023-05-10 13:51:44,CY2308,CY2308,22230.0,0.0,0.0,0.0,2,22350.0,23355.0,1,22230.0,0.0,0.0,0.0,0.0,0.0,0
2023-05-10 13:52:26,CY2308,CY2308,22230.0,0.0,0.0,0.0,2,22350.0,23350.0,2,22230.0,0.0,0.0,0.0,0.0,0.0,0
2023-05-10 13:55:19,CY2308,CY2308,22230.0,0.0,0.0,0.0,2,22350.0,23380.0,1,22230.0,0.0,0.0,0.0,0.0,0.0,0
2023-05-10 13:55:19,CY2308,CY2308,22230.0,0.0,0.0,0.0,2,22350.0,23370.0,1,22230.0,0.0,0.0,0.0,0.0,0.0,0
2023-05-10 13:55:24,CY2308,CY2308,22230.0,0.0,0.0,0.0,2,22350.0,23370.0,2,22230.0,0.0,0.0,0.0,0.0,0.0,0
2023-05-10 13:55:59,CY2308,CY2308,22230.0,0.0,0.0,0.0,2,22350.0,23365.0,2,22230.0,0.0,0.0,0.0,0.0,0.0,0
2023-05-10 13:55:59,CY2308,CY2308,22230.0,0.0,0.0,0.0,2,22350.0,23355.0,1,22230.0,0.0,0.0,0.0,0.0,0.0,0
2023-05-10 13:55:59,CY2308,CY2308,22230.0,0.0,0.0,0.0,2,22350.0,23365.0,2,22230.0,0.0,0.0,0.0,0.0,0.0,0
2023-05-10 13:55:59,CY2308,CY2308,22230.0,0.0,0.0,0.0,2,22350.0,23355.0,1,22230.0,0.0,0.0,0.0,0.0,0.0,0
2023-05-10 13:56:42,CY2308,CY2308,22230.0,0.0,0.0,0.0,2,22355.0,23355.0,1,22230.0,0.0,0.0,0.0,0.0,0.0,0
2023-05-10 13:56:43,CY2308,CY2308,22230.0,0.0,0.0,0.0,1,22365.0,23355.0,1,22230.0,0.0,0.0,0.0,0.0,0.0,0
2023-05-10 13:57:27,CY2308,CY2308,22230.0,0.0,0.0,0.0,2,22370.0,23355.0,1,22230.0,0.0,0.0,0.0,0.0,0.0,0
2023-05-10 13:57:28,CY2308,CY2308,22230.0,0.0,0.0,0.0,1,22380.0,23355.0,1,22230.0,0.0,0.0,0.0,0.0,0.0,0
2023-05-10 13:58:10,CY2308,CY2308,22230.0,0.0,0.0,0.0,2,22385.0,23355.0,1,22230.0,0.0,0.0,0.0,0.0,0.0,0
2023-05-10 13:58:11,CY2308,CY2308,22230.0,0.0,0.0,0.0,1,22395.0,23355.0,1,22230.0,0.0,0.0,0.0,0.0,0.0,0
2023-05-10 13:58:53,CY2308,CY2308,22230.0,0.0,0.0,0.0,2,22400.0,23355.0,1,22230.0,0.0,0.0,0.0,0.0,0.0,0
2023-05-10 14:02:05,CY2308,CY2308,22230.0,0.0,0.0,0.0,1,22350.0,23355.0,1,22230.0,0.0,0.0,0.0,0.0,0.0,0
2023-05-10 14:02:05,CY2308,CY2308,22230.0,0.0,0.0,0.0,1,22360.0,23355.0,1,22230.0,0.0,0.0,0.0,0.0,0.0,0
2023-05-10 14:02:06,CY2308,CY2308,22230.0,0.0,0.0,0.0,2,22360.0,23355.0,1,22230.0,0.0,0.0,0.0,0.0,0.0,0
2023-05-10 14:02:29,CY2308,CY2308,22230.0,0.0,0.0,0.0,2,22365.0,23355.0,1,22230.0,0.0,0.0,0.0,0.0,0.0,0
2023-05-10 14:02:29,CY2308,CY2308,22230.0,0.0,0.0,0.0,1,22375.0,23355.0,1,22230.0,0.0,0.0,0.0,0.0,0.0,0
2023-05-10 14:02:29,CY2308,CY2308,22230.0,0.0,0.0,0.0,2,22365.0,23355.0,1,22230.0,0.0,0.0,0.0,0.0,0.0,0
2023-05-10 14:02:29,CY2308,CY2308,22230.0,0.0,0.0,0.0,1,22375.0,23355.0,1,22230.0,0.0,0.0,0.0,0.0,0.0,0
2023-05-10 14:03:14,CY2308,CY2308,22230.0,0.0,0.0,0.0,1,22375.0,23350.0,2,22230.0,0.0,0.0,0.0,0.0,0.0,0
2023-05-10 14:08:14,CY2308,CY2308,22230.0,0.0,0.0,0.0,1,22375.0,23370.0,1,22230.0,0.0,0.0,0.0,0.0,0.0,0
2023-05-10 14:08:15,CY2308,CY2308,22230.0,0.0,0.0,0.0,1,22375.0,23360.0,1,22230.0,0.0,0.0,0.0,0.0,0.0,0
2023-05-10 14:08:16,CY2308,CY2308,22230.0,0.0,0.0,0.0,1,22375.0,23355.0,2,22230.0,0.0,0.0,0.0,0.0,0.0,0
2023-05-10 14:08:16,CY2308,CY2308,22230.0,0.0,0.0,0.0,1,22375.0,23355.0,3,22230.0,0.0,0.0,0.0,0.0,0.0,0
2023-05-10 14:13:18,CY2308,CY2308,22230.0,0.0,0.0,0.0,1,22375.0,23355.0,1,22230.0,0.0,0.0,0.0,0.0,0.0,0
2023-05-10 14:13:19,CY2308,CY2308,22230.0,0.0,0.0,0.0,1,22375.0,0.0,0,22230.0,0.0,0.0,0.0,0.0,0.0,0
2023-05-10 14:13:19,CY2308,CY2308,22230.0,0.0,0.0,0.0,1,22375.0,23565.0,1,22230.0,0.0,0.0,0.0,0.0,0.0,0
2023-05-10 14:13:20,CY2308,CY2308,22230.0,0.0,0.0,0.0,1,22375.0,23555.0,1,22230.0,0.0,0.0,0.0,0.0,0.0,0
2023-05-10 14:13:58,CY2308,CY2308,22230.0,0.0,0.0,0.0,1,22375.0,23550.0,2,22230.0,0.0,0.0,0.0,0.0,0.0,0
2023-05-10 14:13:58,CY2308,CY2308,22230.0,0.0,0.0,0.0,1,22375.0,23540.0,1,22230.0,0.0,0.0,0.0,0.0,0.0,0
2023-05-10 14:14:41,CY2308,CY2308,22230.0,0.0,0.0,0.0,1,22375.0,23535.0,2,22230.0,0.0,0.0,0.0,0.0,0.0,0
2023-05-10 14:14:41,CY2308,CY2308,22230.0,0.0,0.0,0.0,1,22375.0,23525.0,1,22230.0,0.0,0.0,0.0,0.0,0.0,0
2023-05-10 14:15:24,CY2308,CY2308,22230.0,0.0,0.0,0.0,1,22375.0,23520.0,2,22230.0,0.0,0.0,0.0,0.0,0.0,0
2023-05-10 14:15:24,CY2308,CY2308,22230.0,0.0,0.0,0.0,1,22375.0,23510.0,1,22230.0,0.0,0.0,0.0,0.0,0.0,0
2023-05-10 14:15:25,CY2308,CY2308,22230.0,0.0,0.0,0.0,1,22375.0,23510.0,2,22230.0,0.0,0.0,0.0,0.0,0.0,0
2023-05-10 14:16:07,CY2308,CY2308,22230.0,0.0,0.0,0.0,1,22375.0,23505.0,2,22230.0,0.0,0.0,0.0,0.0,0.0,0
2023-05-10 14:16:07,CY2308,CY2308,22230.0,0.0,0.0,0.0,1,22375.0,23495.0,1,22230.0,0.0,0.0,0.0,0.0,0.0,0
2023-05-10 14:16:49,CY2308,CY2308,22230.0,0.0,0.0,0.0,1,22375.0,23490.0,2,22230.0,0.0,0.0,0.0,0.0,0.0,0
2023-05-10 14:16:49,CY2308,CY2308,22230.0,0.0,0.0,0.0,1,22375.0,23480.0,1,22230.0,0.0,0.0,0.0,0.0,0.0,0
2023-05-10 14:17:31,CY2308,CY2308,22230.0,0.0,0.0,0.0,1,22375.0,23475.0,2,22230.0,0.0,0.0,0.0,0.0,0.0,0
2023-05-10 14:17:32,CY2308,CY2308,22230.0,0.0,0.0,0.0,1,22375.0,23460.0,1,22230.0,0.0,0.0,0.0,0.0,0.0,0
2023-05-10 14:18:14,CY2308,CY2308,22230.0,0.0,0.0,0.0,1,22375.0,23455.0,2,22230.0,0.0,0.0,0.0,0.0,0.0,0
2023-05-10 14:18:14,CY2308,CY2308,22230.0,0.0,0.0,0.0,1,22375.0,23440.0,1,22230.0,0.0,0.0,0.0,0.0,0.0,0
2023-05-10 14:18:57,CY2308,CY2308,22230.0,0.0,0.0,0.0,1,22375.0,23435.0,2,22230.0,0.0,0.0,0.0,0.0,0.0,0
2023-05-10 14:18:57,CY2308,CY2308,22230.0,0.0,0.0,0.0,1,22375.0,23420.0,1,22230.0,0.0,0.0,0.0,0.0,0.0,0
2023-05-10 14:18:57,CY2308,CY2308,22230.0,0.0,0.0,0.0,1,22375.0,23435.0,2,22230.0,0.0,0.0,0.0,0.0,0.0,0
2023-05-10 14:18:57,CY2308,CY2308,22230.0,0.0,0.0,0.0,1,22375.0,23420.0,1,22230.0,0.0,0.0,0.0,0.0,0.0,0
2023-05-10 14:19:39,CY2308,CY2308,22230.0,0.0,0.0,0.0,1,22375.0,23415.0,2,22230.0,0.0,0.0,0.0,0.0,0.0,0
2023-05-10 14:19:40,CY2308,CY2308,22230.0,0.0,0.0,0.0,1,22375.0,23400.0,1,22230.0,0.0,0.0,0.0,0.0,0.0,0
2023-05-10 14:19:40,CY2308,CY2308,22230.0,0.0,0.0,0.0,1,22375.0,23400.0,2,22230.0,0.0,0.0,0.0,0.0,0.0,0
2023-05-10 14:20:22,CY2308,CY2308,22230.0,0.0,0.0,0.0,1,22375.0,23395.0,2,22230.0,0.0,0.0,0.0,0.0,0.0,0
2023-05-10 14:20:23,CY2308,CY2308,22230.0,0.0,0.0,0.0,1,22375.0,23380.0,1,22230.0,0.0,0.0,0.0,0.0,0.0,0
2023-05-10 14:21:05,CY2308,CY2308,22230.0,0.0,0.0,0.0,1,22375.0,23375.0,2,22230.0,0.0,0.0,0.0,0.0,0.0,0
2023-05-10 14:21:06,CY2308,CY2308,22230.0,0.0,0.0,0.0,1,22375.0,23360.0,1,22230.0,0.0,0.0,0.0,0.0,0.0,0
2023-05-10 14:21:47,CY2308,CY2308,22230.0,0.0,0.0,0.0,1,22375.0,23355.0,2,22230.0,0.0,0.0,0.0,0.0,0.0,0
2023-05-10 14:26:48,CY2308,CY2308,22230.0,0.0,0.0,0.0,1,22375.0,23400.0,1,22230.0,0.0,0.0,0.0,0.0,0.0,0
2023-05-10 14:26:48,CY2308,CY2308,22230.0,0.0,0.0,0.0,1,22375.0,23385.0,1,22230.0,0.0,0.0,0.0,0.0,0.0,0
2023-05-10 14:26:52,CY2308,CY2308,22230.0,0.0,0.0,0.0,1,22375.0,23385.0,2,22230.0,0.0,0.0,0.0,0.0,0.0,0
2023-05-10 14:27:25,CY2308,CY2308,22230.0,0.0,0.0,0.0,1,22375.0,23380.0,2,22230.0,0.0,0.0,0.0,0.0,0.0,0
2023-05-10 14:27:25,CY2308,CY2308,22230.0,0.0,0.0,0.0,1,22375.0,23365.0,1,22230.0,0.0,0.0,0.0,0.0,0.0,0
2023-05-10 14:28:07,CY2308,CY2308,22230.0,0.0,0.0,0.0,1,22375.0,23360.0,2,22230.0,0.0,0.0,0.0,0.0,0.0,0
2023-05-10 14:28:08,CY2308,CY2308,22230.0,0.0,0.0,0.0,1,22375.0,23350.0,1,22230.0,0.0,0.0,0.0,0.0,0.0,0
2023-05-10 14:28:50,CY2308,CY2308,22230.0,0.0,0.0,0.0,1,22375.0,23345.0,2,22230.0,0.0,0.0,0.0,0.0,0.0,0
2023-05-10 14:33:50,CY2308,CY2308,22230.0,0.0,0.0,0.0,1,22375.0,23385.0,1,22230.0,0.0,0.0,0.0,0.0,0.0,0
2023-05-10 14:33:51,CY2308,CY2308,22230.0,0.0,0.0,0.0,1,22375.0,23370.0,1,22230.0,0.0,0.0,0.0,0.0,0.0,0
2023-05-10 14:33:51,CY2308,CY2308,22230.0,0.0,0.0,0.0,1,22375.0,23370.0,2,22230.0,0.0,0.0,0.0,0.0,0.0,0
2023-05-10 14:34:26,CY2308,CY2308,22230.0,0.0,0.0,0.0,1,22375.0,23365.0,2,22230.0,0.0,0.0,0.0,0.0,0.0,0
2023-05-10 14:34:26,CY2308,CY2308,22230.0,0.0,0.0,0.0,1,22375.0,23350.0,1,22230.0,0.0,0.0,0.0,0.0,0.0,0
2023-05-10 14:35:08,CY2308,CY2308,22230.0,0.0,0.0,0.0,2,22380.0,23350.0,1,22230.0,0.0,0.0,0.0,0.0,0.0,0
2023-05-10 14:35:08,CY2308,CY2308,22230.0,0.0,0.0,0.0,1,22395.0,23350.0,1,22230.0,0.0,0.0,0.0,0.0,0.0,0
2023-05-10 14:35:52,CY2308,CY2308,22230.0,0.0,0.0,0.0,2,22400.0,23350.0,1,22230.0,0.0,0.0,0.0,0.0,0.0,0
2023-05-10 14:40:55,CY2308,CY2308,22230.0,0.0,0.0,0.0,1,22360.0,23350.0,1,22230.0,0.0,0.0,0.0,0.0,0.0,0
2023-05-10 14:40:55,CY2308,CY2308,22230.0,0.0,0.0,0.0,1,22375.0,23350.0,1,22230.0,0.0,0.0,0.0,0.0,0.0,0
2023-05-10 14:40:58,CY2308,CY2308,22230.0,0.0,0.0,0.0,2,22375.0,23350.0,1,22230.0,0.0,0.0,0.0,0.0,0.0,0
2023-05-10 14:41:36,CY2308,CY2308,22230.0,0.0,0.0,0.0,2,22380.0,23350.0,1,22230.0,0.0,0.0,0.0,0.0,0.0,0
2023-05-10 14:41:36,CY2308,CY2308,22230.0,0.0,0.0,0.0,1,22395.0,23350.0,1,22230.0,0.0,0.0,0.0,0.0,0.0,0
2023-05-10 14:42:19,CY2308,CY2308,22230.0,0.0,0.0,0.0,2,22400.0,23350.0,1,22230.0,0.0,0.0,0.0,0.0,0.0,0
2023-05-10 14:47:19,CY2308,CY2308,22230.0,0.0,0.0,0.0,1,22375.0,23350.0,1,22230.0,0.0,0.0,0.0,0.0,0.0,0
2023-05-10 14:47:19,CY2308,CY2308,22230.0,0.0,0.0,0.0,1,22390.0,23350.0,1,22230.0,0.0,0.0,0.0,0.0,0.0,0
2023-05-10 14:47:24,CY2308,CY2308,22230.0,0.0,0.0,0.0,2,22390.0,23350.0,1,22230.0,0.0,0.0,0.0,0.0,0.0,0
2023-05-10 14:47:59,CY2308,CY2308,22230.0,0.0,0.0,0.0,2,22395.0,23350.0,1,22230.0,0.0,0.0,0.0,0.0,0.0,0
2023-05-10 14:52:59,CY2308,CY2308,22230.0,0.0,0.0,0.0,1,22390.0,23350.0,1,22230.0,0.0,0.0,0.0,0.0,0.0,0
2023-05-10 14:52:59,CY2308,CY2308,22230.0,0.0,0.0,0.0,1,22400.0,23350.0,1,22230.0,0.0,0.0,0.0,0.0,0.0,0
2023-05-10 14:53:13,CY2308,CY2308,22230.0,0.0,0.0,0.0,2,22400.0,23350.0,1,22230.0,0.0,0.0,0.0,0.0,0.0,0
2023-05-10 14:53:38,CY2308,CY2308,22230.0,0.0,0.0,0.0,2,22405.0,23350.0,1,22230.0,0.0,0.0,0.0,0.0,0.0,0
2023-05-10 14:58:40,CY2308,CY2308,22230.0,0.0,0.0,0.0,1,22400.0,23350.0,1,22230.0,0.0,0.0,0.0,0.0,0.0,0
2023-05-10 14:58:41,CY2308,CY2308,22230.0,0.0,0.0,0.0,1,21730.0,23350.0,1,22230.0,0.0,0.0,0.0,0.0,0.0,0
2023-05-10 14:58:41,CY2308,CY2308,22230.0,0.0,0.0,0.0,1,21745.0,23350.0,1,22230.0,0.0,0.0,0.0,0.0,0.0,0
2023-05-10 14:58:42,CY2308,CY2308,22230.0,0.0,0.0,0.0,2,21745.0,23350.0,1,22230.0,0.0,0.0,0.0,0.0,0.0,0
2023-05-10 14:59:21,CY2308,CY2308,22230.0,0.0,0.0,0.0,2,21750.0,23350.0,1,22230.0,0.0,0.0,0.0,0.0,0.0,0
2023-05-10 14:59:22,CY2308,CY2308,22230.0,0.0,0.0,0.0,1,21765.0,23350.0,1,22230.0,0.0,0.0,0.0,0.0,0.0,0
2023-05-10 15:00:00,CY2308,CY2308,22230.0,0.0,0.0,0.0,1,21765.0,23350.0,1,22230.0,0.0,0.0,0.0,0.0,0.0,0
