time,symbol_id,symbol_name,last,trade_volume,trade_amount,open_interest_change,bv1,bp1,ap1,av1,yesterday_close,today_open,today_high,today_low,volume,amount,open_interest
2023-05-10 19:12:58,MA311P2325,MA311P2325,137.0,0.0,0.0,-11.0,0,0.0,0.0,0,137.0,151.5,0.0,0.0,0.0,0.0,53
2023-05-10 20:59:00,MA311P2325,MA311P2325,137.0,0.0,0.0,0.0,9,26.0,0.0,0,137.0,151.5,0.0,0.0,0.0,0.0,53
2023-05-10 21:00:19,MA311P2325,MA311P2325,137.0,0.0,0.0,0.0,1,35.0,0.0,0,137.0,151.5,0.0,0.0,0.0,0.0,53
2023-05-10 21:00:53,MA311P2325,MA311P2325,137.0,0.0,0.0,0.0,1,35.5,0.0,0,137.0,151.5,0.0,0.0,0.0,0.0,53
2023-05-10 21:01:32,MA311P2325,MA311P2325,137.0,0.0,0.0,0.0,2,36.0,0.0,0,137.0,151.5,0.0,0.0,0.0,0.0,53
2023-05-10 21:30:53,MA311P2325,MA311P2325,137.0,0.0,0.0,0.0,1,36.5,0.0,0,137.0,151.5,0.0,0.0,0.0,0.0,53
2023-05-10 21:30:55,MA311P2325,MA311P2325,137.0,0.0,0.0,0.0,2,44.5,0.0,0,137.0,151.5,0.0,0.0,0.0,0.0,53
2023-05-10 22:00:53,MA311P2325,MA311P2325,137.0,0.0,0.0,0.0,1,45.0,0.0,0,137.0,151.5,0.0,0.0,0.0,0.0,53
2023-05-10 22:00:55,MA311P2325,MA311P2325,137.0,0.0,0.0,0.0,2,53.0,0.0,0,137.0,151.5,0.0,0.0,0.0,0.0,53
2023-05-10 22:45:00,MA311P2325,MA311P2325,137.0,0.0,0.0,0.0,1,53.5,0.0,0,137.0,151.5,0.0,0.0,0.0,0.0,53
2023-05-10 22:45:03,MA311P2325,MA311P2325,137.0,0.0,0.0,0.0,2,61.5,0.0,0,137.0,151.5,0.0,0.0,0.0,0.0,53
2023-05-10 22:57:08,MA311P2325,MA311P2325,137.0,0.0,0.0,0.0,1,53.5,0.0,0,137.0,151.5,0.0,0.0,0.0,0.0,53
2023-05-10 22:59:35,MA311P2325,MA311P2325,137.0,0.0,0.0,0.0,3,137.5,153.5,3,137.0,151.5,0.0,0.0,0.0,0.0,53
2023-05-10 22:59:37,MA311P2325,MA311P2325,137.0,0.0,0.0,0.0,3,149.0,151.5,3,137.0,151.5,0.0,0.0,0.0,0.0,53
2023-05-10 22:59:40,MA311P2325,MA311P2325,137.0,0.0,0.0,0.0,3,149.5,151.5,6,137.0,151.5,0.0,0.0,0.0,0.0,53
2023-05-10 22:59:45,MA311P2325,MA311P2325,137.0,0.0,0.0,0.0,6,149.5,151.5,9,137.0,151.5,0.0,0.0,0.0,0.0,53
2023-05-10 22:59:49,MA311P2325,MA311P2325,137.0,0.0,0.0,0.0,6,149.5,151.5,6,137.0,151.5,0.0,0.0,0.0,0.0,53
2023-05-10 22:59:50,MA311P2325,MA311P2325,137.0,0.0,0.0,0.0,9,149.5,151.5,9,137.0,151.5,0.0,0.0,0.0,0.0,53
2023-05-10 22:59:50,MA311P2325,MA311P2325,137.0,0.0,0.0,0.0,3,151.0,151.5,6,137.0,151.5,0.0,0.0,0.0,0.0,53
2023-05-10 22:59:51,MA311P2325,MA311P2325,137.0,0.0,0.0,0.0,6,151.0,151.5,9,137.0,151.5,0.0,0.0,0.0,0.0,53
2023-05-10 22:59:51,MA311P2325,MA311P2325,137.0,0.0,0.0,0.0,6,151.0,151.5,12,137.0,151.5,0.0,0.0,0.0,0.0,53
2023-05-10 22:59:51,MA311P2325,MA311P2325,137.0,0.0,0.0,0.0,6,151.0,151.5,9,137.0,151.5,0.0,0.0,0.0,0.0,53
2023-05-10 22:59:51,MA311P2325,MA311P2325,137.0,0.0,0.0,0.0,6,151.0,151.5,12,137.0,151.5,0.0,0.0,0.0,0.0,53
2023-05-11 09:00:00,MA311P2325,MA311P2325,137.0,0.0,0.0,0.0,3,151.0,151.5,9,137.0,151.5,0.0,0.0,0.0,0.0,53
2023-05-11 09:00:02,MA311P2325,MA311P2325,137.0,0.0,0.0,0.0,3,151.0,151.5,6,137.0,151.5,0.0,0.0,0.0,0.0,53
2023-05-11 09:11:30,MA311P2325,MA311P2325,151.5,6.0,909.0,6.0,3,151.0,0.0,0,137.0,151.5,151.5,151.5,6.0,909.0,59
2023-05-11 09:16:31,MA311P2325,MA311P2325,151.5,0.0,0.0,0.0,3,151.0,152.5,3,137.0,151.5,151.5,151.5,6.0,909.0,59
2023-05-11 09:16:32,MA311P2325,MA311P2325,151.5,0.0,0.0,0.0,3,151.0,152.5,6,137.0,151.5,151.5,151.5,6.0,909.0,59
2023-05-11 09:16:33,MA311P2325,MA311P2325,151.0,3.0,454.5,0.0,3,150.5,152.5,6,137.0,151.5,151.5,151.0,9.0,1363.5,59
2023-05-11 09:16:33,MA311P2325,MA311P2325,151.0,0.0,0.0,0.0,3,149.5,152.5,3,137.0,151.5,151.5,151.0,9.0,1363.5,59
2023-05-11 09:16:36,MA311P2325,MA311P2325,151.0,0.0,0.0,0.0,3,150.0,152.0,3,137.0,151.5,151.5,151.0,9.0,1363.5,59
2023-05-11 09:16:37,MA311P2325,MA311P2325,151.0,0.0,0.0,0.0,6,150.0,152.0,6,137.0,151.5,151.5,151.0,9.0,1363.5,59
2023-05-11 09:16:41,MA311P2325,MA311P2325,151.0,0.0,0.0,0.0,9,150.0,152.0,12,137.0,151.5,151.5,151.0,9.0,1363.5,59
2023-05-11 09:16:44,MA311P2325,MA311P2325,151.0,0.0,0.0,0.0,4,151.5,152.0,9,137.0,151.5,151.5,151.0,9.0,1363.5,59
2023-05-11 09:16:44,MA311P2325,MA311P2325,151.0,0.0,0.0,0.0,7,151.5,152.0,12,137.0,151.5,151.5,151.0,9.0,1363.5,59
2023-05-11 09:16:45,MA311P2325,MA311P2325,151.5,6.0,909.0,0.0,6,151.0,151.5,3,137.0,151.5,151.5,151.0,15.0,2272.5,59
2023-05-11 09:16:45,MA311P2325,MA311P2325,151.5,0.0,0.0,0.0,9,151.0,151.5,3,137.0,151.5,151.5,151.0,15.0,2272.5,59
2023-05-11 09:16:46,MA311P2325,MA311P2325,151.5,0.0,0.0,0.0,12,151.0,151.5,6,137.0,151.5,151.5,151.0,15.0,2272.5,59
2023-05-11 09:16:46,MA311P2325,MA311P2325,151.5,0.0,0.0,0.0,9,151.0,151.5,9,137.0,151.5,151.5,151.0,15.0,2272.5,59
2023-05-11 09:16:53,MA311P2325,MA311P2325,151.5,0.0,0.0,0.0,6,151.0,151.5,9,137.0,151.5,151.5,151.0,15.0,2272.5,59
2023-05-11 09:16:58,MA311P2325,MA311P2325,151.5,0.0,0.0,0.0,3,151.0,151.5,6,137.0,151.5,151.5,151.0,15.0,2272.5,59
2023-05-11 09:16:58,MA311P2325,MA311P2325,151.5,0.0,0.0,0.0,3,143.0,151.5,3,137.0,151.5,151.5,151.0,15.0,2272.5,59
2023-05-11 09:17:01,MA311P2325,MA311P2325,151.5,0.0,0.0,0.0,1,53.5,151.5,3,137.0,151.5,151.5,151.0,15.0,2272.5,59
2023-05-11 09:17:01,MA311P2325,MA311P2325,151.5,0.0,0.0,0.0,2,61.5,151.5,3,137.0,151.5,151.5,151.0,15.0,2272.5,59
2023-05-11 09:17:53,MA311P2325,MA311P2325,151.5,0.0,0.0,0.0,3,138.0,151.5,3,137.0,151.5,151.5,151.0,15.0,2272.5,59
2023-05-11 09:17:54,MA311P2325,MA311P2325,151.5,0.0,0.0,0.0,6,138.0,151.5,3,137.0,151.5,151.5,151.0,15.0,2272.5,59
2023-05-11 09:17:55,MA311P2325,MA311P2325,151.5,0.0,0.0,0.0,3,149.0,151.5,6,137.0,151.5,151.5,151.0,15.0,2272.5,59
2023-05-11 09:17:56,MA311P2325,MA311P2325,151.5,0.0,0.0,0.0,3,149.0,150.5,1,137.0,151.5,151.5,151.0,15.0,2272.5,59
2023-05-11 09:17:57,MA311P2325,MA311P2325,151.5,0.0,0.0,0.0,6,149.0,150.0,3,137.0,151.5,151.5,151.0,15.0,2272.5,59
2023-05-11 09:18:03,MA311P2325,MA311P2325,151.5,0.0,0.0,0.0,12,149.0,150.0,3,137.0,151.5,151.5,151.0,15.0,2272.5,59
2023-05-11 09:18:07,MA311P2325,MA311P2325,151.5,0.0,0.0,0.0,3,149.5,150.0,3,137.0,151.5,151.5,151.0,15.0,2272.5,59
2023-05-11 09:18:08,MA311P2325,MA311P2325,151.5,0.0,0.0,0.0,9,149.5,150.0,3,137.0,151.5,151.5,151.0,15.0,2272.5,59
2023-05-11 09:18:08,MA311P2325,MA311P2325,150.5,9.0,1351.5,0.0,3,150.0,150.5,9,137.0,151.5,151.5,150.0,24.0,3624.0,59
2023-05-11 09:18:08,MA311P2325,MA311P2325,150.5,0.0,0.0,0.0,6,150.0,150.5,9,137.0,151.5,151.5,150.0,24.0,3624.0,59
2023-05-11 09:18:10,MA311P2325,MA311P2325,150.5,0.0,0.0,0.0,9,150.0,150.5,9,137.0,151.5,151.5,150.0,24.0,3624.0,59
2023-05-11 09:18:10,MA311P2325,MA311P2325,150.5,0.0,0.0,0.0,9,150.0,150.5,6,137.0,151.5,151.5,150.0,24.0,3624.0,59
2023-05-11 09:18:11,MA311P2325,MA311P2325,150.5,6.0,906.0,6.0,3,150.5,151.0,3,137.0,151.5,151.5,150.0,30.0,4530.0,65
2023-05-11 09:18:11,MA311P2325,MA311P2325,150.5,0.0,0.0,0.0,3,150.5,151.5,3,137.0,151.5,151.5,150.0,30.0,4530.0,65
2023-05-11 09:18:12,MA311P2325,MA311P2325,150.5,0.0,0.0,0.0,3,151.0,151.5,3,137.0,151.5,151.5,150.0,30.0,4530.0,65
2023-05-11 09:18:17,MA311P2325,MA311P2325,151.0,3.0,453.0,0.0,3,150.5,151.5,6,137.0,151.5,151.5,150.0,33.0,4983.0,65
2023-05-11 09:18:21,MA311P2325,MA311P2325,151.5,3.0,453.0,-3.0,3,150.5,151.5,3,137.0,151.5,151.5,150.0,36.0,5436.0,62
2023-05-11 09:20:02,MA311P2325,MA311P2325,151.5,3.0,453.0,0.0,3,150.5,0.0,0,137.0,151.5,151.5,150.0,39.0,5889.0,62
2023-05-11 09:20:08,MA311P2325,MA311P2325,151.5,0.0,0.0,0.0,3,150.5,156.0,3,137.0,151.5,151.5,150.0,39.0,5889.0,62
2023-05-11 09:20:09,MA311P2325,MA311P2325,151.5,0.0,0.0,0.0,6,150.5,156.0,6,137.0,151.5,151.5,150.0,39.0,5889.0,62
2023-05-11 09:20:10,MA311P2325,MA311P2325,151.5,0.0,0.0,0.0,6,150.5,152.0,3,137.0,151.5,151.5,150.0,39.0,5889.0,62
2023-05-11 09:20:12,MA311P2325,MA311P2325,151.5,0.0,0.0,0.0,9,150.5,151.5,4,137.0,151.5,151.5,150.0,39.0,5889.0,62
2023-05-11 09:20:15,MA311P2325,MA311P2325,151.5,0.0,0.0,0.0,12,150.5,151.5,7,137.0,151.5,151.5,150.0,39.0,5889.0,62
2023-05-11 09:20:17,MA311P2325,MA311P2325,151.5,6.0,906.0,6.0,3,151.5,152.0,3,137.0,151.5,151.5,150.0,45.0,6795.0,68
2023-05-11 09:20:22,MA311P2325,MA311P2325,151.5,0.0,0.0,0.0,3,151.5,152.5,6,137.0,151.5,151.5,150.0,45.0,6795.0,68
2023-05-11 09:20:22,MA311P2325,MA311P2325,151.5,0.0,0.0,0.0,6,151.5,152.5,9,137.0,151.5,151.5,150.0,45.0,6795.0,68
2023-05-11 09:20:23,MA311P2325,MA311P2325,151.5,0.0,0.0,0.0,3,152.0,152.5,6,137.0,151.5,151.5,150.0,45.0,6795.0,68
2023-05-11 09:20:23,MA311P2325,MA311P2325,151.5,0.0,0.0,0.0,6,151.5,152.5,6,137.0,151.5,151.5,150.0,45.0,6795.0,68
2023-05-11 09:20:25,MA311P2325,MA311P2325,151.5,0.0,0.0,0.0,3,152.0,152.5,6,137.0,151.5,151.5,150.0,45.0,6795.0,68
2023-05-11 09:20:25,MA311P2325,MA311P2325,151.5,0.0,0.0,0.0,6,151.5,152.5,6,137.0,151.5,151.5,150.0,45.0,6795.0,68
2023-05-11 09:20:26,MA311P2325,MA311P2325,151.5,0.0,0.0,0.0,3,152.0,152.5,6,137.0,151.5,151.5,150.0,45.0,6795.0,68
2023-05-11 09:20:26,MA311P2325,MA311P2325,151.5,0.0,0.0,0.0,6,151.5,152.5,6,137.0,151.5,151.5,150.0,45.0,6795.0,68
2023-05-11 09:20:27,MA311P2325,MA311P2325,151.5,0.0,0.0,0.0,3,152.0,152.5,6,137.0,151.5,151.5,150.0,45.0,6795.0,68
2023-05-11 09:20:27,MA311P2325,MA311P2325,151.5,0.0,0.0,0.0,6,151.5,152.5,6,137.0,151.5,151.5,150.0,45.0,6795.0,68
2023-05-11 09:20:28,MA311P2325,MA311P2325,151.5,0.0,0.0,0.0,3,152.0,152.5,6,137.0,151.5,151.5,150.0,45.0,6795.0,68
2023-05-11 09:20:28,MA311P2325,MA311P2325,151.5,0.0,0.0,0.0,6,151.5,152.5,6,137.0,151.5,151.5,150.0,45.0,6795.0,68
2023-05-11 09:20:30,MA311P2325,MA311P2325,151.5,0.0,0.0,0.0,6,151.5,152.5,3,137.0,151.5,151.5,150.0,45.0,6795.0,68
2023-05-11 09:20:35,MA311P2325,MA311P2325,151.5,0.0,0.0,0.0,3,151.5,153.0,3,137.0,151.5,151.5,150.0,45.0,6795.0,68
2023-05-11 09:20:35,MA311P2325,MA311P2325,151.5,0.0,0.0,0.0,3,151.5,160.5,3,137.0,151.5,151.5,150.0,45.0,6795.0,68
2023-05-11 09:20:38,MA311P2325,MA311P2325,151.5,0.0,0.0,0.0,3,151.5,0.0,0,137.0,151.5,151.5,150.0,45.0,6795.0,68
2023-05-11 09:21:31,MA311P2325,MA311P2325,151.5,0.0,0.0,0.0,3,151.5,156.0,3,137.0,151.5,151.5,150.0,45.0,6795.0,68
2023-05-11 09:21:32,MA311P2325,MA311P2325,151.5,0.0,0.0,0.0,6,151.5,156.0,6,137.0,151.5,151.5,150.0,45.0,6795.0,68
2023-05-11 09:21:33,MA311P2325,MA311P2325,151.5,0.0,0.0,0.0,6,151.5,152.5,3,137.0,151.5,151.5,150.0,45.0,6795.0,68
2023-05-11 09:21:34,MA311P2325,MA311P2325,152.5,3.0,453.0,3.0,1,154.5,156.0,6,137.0,151.5,152.5,150.0,48.0,7248.0,71
2023-05-11 09:21:36,MA311P2325,MA311P2325,152.5,0.0,0.0,0.0,4,154.5,156.0,6,137.0,151.5,152.5,150.0,48.0,7248.0,71
2023-05-11 09:21:37,MA311P2325,MA311P2325,152.5,0.0,0.0,0.0,1,155.5,156.0,6,137.0,151.5,152.5,150.0,48.0,7248.0,71
2023-05-11 09:21:38,MA311P2325,MA311P2325,152.5,0.0,0.0,0.0,4,155.5,156.0,9,137.0,151.5,152.5,150.0,48.0,7248.0,71
2023-05-11 09:21:40,MA311P2325,MA311P2325,156.0,1.0,151.0,0.0,4,155.5,156.0,6,137.0,151.5,156.0,150.0,49.0,7399.0,71
2023-05-11 09:21:41,MA311P2325,MA311P2325,156.0,0.0,0.0,0.0,4,155.5,156.0,9,137.0,151.5,156.0,150.0,49.0,7399.0,71
2023-05-11 09:21:41,MA311P2325,MA311P2325,154.5,9.0,1417.0,-3.0,6,151.5,155.5,3,137.0,151.5,156.0,150.0,58.0,8816.0,68
2023-05-11 09:21:44,MA311P2325,MA311P2325,154.5,0.0,0.0,0.0,3,151.5,155.5,3,137.0,151.5,156.0,150.0,58.0,8816.0,68
2023-05-11 09:21:45,MA311P2325,MA311P2325,154.5,0.0,0.0,0.0,1,155.0,155.5,3,137.0,151.5,156.0,150.0,58.0,8816.0,68
2023-05-11 09:21:46,MA311P2325,MA311P2325,154.5,0.0,0.0,0.0,1,155.0,155.5,6,137.0,151.5,156.0,150.0,58.0,8816.0,68
2023-05-11 09:21:46,MA311P2325,MA311P2325,154.5,0.0,0.0,0.0,4,155.0,155.5,9,137.0,151.5,156.0,150.0,58.0,8816.0,68
2023-05-11 09:21:50,MA311P2325,MA311P2325,155.5,1.0,152.0,0.0,4,155.0,155.5,8,137.0,151.5,156.0,150.0,59.0,8968.0,68
2023-05-11 09:21:51,MA311P2325,MA311P2325,154.5,6.0,912.0,0.0,3,151.5,153.5,3,137.0,151.5,156.0,150.0,65.0,9880.0,68
2023-05-11 09:21:55,MA311P2325,MA311P2325,154.5,0.0,0.0,0.0,1,153.0,153.5,3,137.0,151.5,156.0,150.0,65.0,9880.0,68
2023-05-11 09:22:00,MA311P2325,MA311P2325,154.5,0.0,0.0,0.0,3,151.5,153.5,3,137.0,151.5,156.0,150.0,65.0,9880.0,68
2023-05-11 09:23:26,MA311P2325,MA311P2325,151.5,2.0,304.0,-2.0,1,151.5,153.5,3,137.0,151.5,156.0,150.0,67.0,10184.0,66
2023-05-11 09:30:12,MA311P2325,MA311P2325,151.5,0.0,0.0,0.0,1,151.5,155.0,3,137.0,151.5,156.0,150.0,67.0,10184.0,66
2023-05-11 09:30:38,MA311P2325,MA311P2325,151.5,1.0,152.0,-1.0,3,150.0,151.5,2,137.0,151.5,156.0,150.0,68.0,10336.0,65
2023-05-11 09:30:45,MA311P2325,MA311P2325,151.5,0.0,0.0,0.0,3,150.0,151.5,5,137.0,151.5,156.0,150.0,68.0,10336.0,65
2023-05-11 09:30:46,MA311P2325,MA311P2325,151.5,0.0,0.0,0.0,3,150.0,155.0,3,137.0,151.5,156.0,150.0,68.0,10336.0,65
2023-05-11 09:32:08,MA311P2325,MA311P2325,150.0,2.0,304.0,-2.0,1,150.0,155.0,3,137.0,151.5,156.0,150.0,70.0,10640.0,63
2023-05-11 09:39:12,MA311P2325,MA311P2325,150.0,1.0,152.0,-1.0,1,53.5,155.0,3,137.0,151.5,156.0,150.0,71.0,10792.0,62
2023-05-11 09:39:12,MA311P2325,MA311P2325,150.0,0.0,0.0,0.0,2,61.5,155.0,3,137.0,151.5,156.0,150.0,71.0,10792.0,62
2023-05-11 09:39:12,MA311P2325,MA311P2325,150.0,0.0,0.0,0.0,1,62.0,155.0,3,137.0,151.5,156.0,150.0,71.0,10792.0,62
2023-05-11 09:39:13,MA311P2325,MA311P2325,150.0,0.0,0.0,0.0,2,70.0,155.0,3,137.0,151.5,156.0,150.0,71.0,10792.0,62
2023-05-11 09:39:13,MA311P2325,MA311P2325,150.0,0.0,0.0,0.0,1,70.5,155.0,3,137.0,151.5,156.0,150.0,71.0,10792.0,62
2023-05-11 09:39:14,MA311P2325,MA311P2325,150.0,0.0,0.0,0.0,2,78.5,155.0,3,137.0,151.5,156.0,150.0,71.0,10792.0,62
2023-05-11 09:39:14,MA311P2325,MA311P2325,150.0,0.0,0.0,0.0,1,79.0,155.0,3,137.0,151.5,156.0,150.0,71.0,10792.0,62
2023-05-11 09:39:15,MA311P2325,MA311P2325,150.0,0.0,0.0,0.0,2,87.0,155.0,3,137.0,151.5,156.0,150.0,71.0,10792.0,62
2023-05-11 09:39:15,MA311P2325,MA311P2325,150.0,0.0,0.0,0.0,1,87.5,155.0,3,137.0,151.5,156.0,150.0,71.0,10792.0,62
2023-05-11 09:39:16,MA311P2325,MA311P2325,150.0,0.0,0.0,0.0,2,95.5,155.0,3,137.0,151.5,156.0,150.0,71.0,10792.0,62
2023-05-11 09:39:16,MA311P2325,MA311P2325,150.0,0.0,0.0,0.0,1,96.0,155.0,3,137.0,151.5,156.0,150.0,71.0,10792.0,62
2023-05-11 09:39:17,MA311P2325,MA311P2325,150.0,0.0,0.0,0.0,2,104.0,155.0,3,137.0,151.5,156.0,150.0,71.0,10792.0,62
2023-05-11 09:39:17,MA311P2325,MA311P2325,150.0,0.0,0.0,0.0,1,104.5,155.0,3,137.0,151.5,156.0,150.0,71.0,10792.0,62
2023-05-11 09:39:18,MA311P2325,MA311P2325,150.0,0.0,0.0,0.0,2,112.5,155.0,3,137.0,151.5,156.0,150.0,71.0,10792.0,62
2023-05-11 09:39:31,MA311P2325,MA311P2325,150.0,0.0,0.0,0.0,2,112.5,155.5,2,137.0,151.5,156.0,150.0,71.0,10792.0,62
2023-05-11 09:39:38,MA311P2325,MA311P2325,150.0,0.0,0.0,0.0,1,104.5,155.5,2,137.0,151.5,156.0,150.0,71.0,10792.0,62
2023-05-11 09:39:38,MA311P2325,MA311P2325,150.0,0.0,0.0,0.0,2,105.0,155.5,2,137.0,151.5,156.0,150.0,71.0,10792.0,62
2023-05-11 09:41:39,MA311P2325,MA311P2325,150.0,0.0,0.0,0.0,3,139.0,155.5,5,137.0,151.5,156.0,150.0,71.0,10792.0,62
2023-05-11 09:41:40,MA311P2325,MA311P2325,150.0,0.0,0.0,0.0,6,139.0,155.5,8,137.0,151.5,156.0,150.0,71.0,10792.0,62
2023-05-11 09:41:42,MA311P2325,MA311P2325,144.5,3.0,419.0,3.0,3,142.0,155.5,8,137.0,151.5,156.0,144.5,74.0,11211.0,65
2023-05-11 09:41:44,MA311P2325,MA311P2325,144.5,0.0,0.0,0.0,3,144.0,153.5,3,137.0,151.5,156.0,144.5,74.0,11211.0,65
2023-05-11 09:41:50,MA311P2325,MA311P2325,144.5,0.0,0.0,0.0,3,143.5,151.5,6,137.0,151.5,156.0,144.5,74.0,11211.0,65
2023-05-11 09:41:50,MA311P2325,MA311P2325,144.5,0.0,0.0,0.0,3,144.5,150.0,6,137.0,151.5,156.0,144.5,74.0,11211.0,65
2023-05-11 09:41:51,MA311P2325,MA311P2325,144.5,0.0,0.0,0.0,3,144.5,150.0,9,137.0,151.5,156.0,144.5,74.0,11211.0,65
2023-05-11 09:41:55,MA311P2325,MA311P2325,144.5,0.0,0.0,0.0,9,144.5,145.5,3,137.0,151.5,156.0,144.5,74.0,11211.0,65
2023-05-11 09:41:55,MA311P2325,MA311P2325,144.5,0.0,0.0,0.0,12,144.5,145.0,3,137.0,151.5,156.0,144.5,74.0,11211.0,65
2023-05-11 09:41:55,MA311P2325,MA311P2325,144.5,0.0,0.0,0.0,9,144.5,145.0,3,137.0,151.5,156.0,144.5,74.0,11211.0,65
2023-05-11 09:41:56,MA311P2325,MA311P2325,144.5,0.0,0.0,0.0,12,144.5,145.0,9,137.0,151.5,156.0,144.5,74.0,11211.0,65
2023-05-11 09:41:56,MA311P2325,MA311P2325,144.5,0.0,0.0,0.0,15,144.5,145.0,9,137.0,151.5,156.0,144.5,74.0,11211.0,65
2023-05-11 09:42:02,MA311P2325,MA311P2325,144.5,0.0,0.0,0.0,12,144.5,145.0,6,137.0,151.5,156.0,144.5,74.0,11211.0,65
2023-05-11 09:42:06,MA311P2325,MA311P2325,144.5,0.0,0.0,0.0,9,144.5,145.0,6,137.0,151.5,156.0,144.5,74.0,11211.0,65
2023-05-11 09:42:07,MA311P2325,MA311P2325,144.5,0.0,0.0,0.0,3,144.5,145.0,3,137.0,151.5,156.0,144.5,74.0,11211.0,65
2023-05-11 09:42:07,MA311P2325,MA311P2325,144.5,0.0,0.0,0.0,3,137.0,152.5,3,137.0,151.5,156.0,144.5,74.0,11211.0,65
2023-05-11 09:42:09,MA311P2325,MA311P2325,144.5,0.0,0.0,0.0,1,104.5,155.5,2,137.0,151.5,156.0,144.5,74.0,11211.0,65
2023-05-11 09:42:10,MA311P2325,MA311P2325,144.5,0.0,0.0,0.0,2,108.5,155.5,2,137.0,151.5,156.0,144.5,74.0,11211.0,65
2023-05-11 10:12:10,MA311P2325,MA311P2325,144.5,0.0,0.0,0.0,1,104.5,155.5,2,137.0,151.5,156.0,144.5,74.0,11211.0,65
2023-05-11 10:14:30,MA311P2325,MA311P2325,144.5,0.0,0.0,0.0,1,45.5,155.5,2,137.0,151.5,156.0,144.5,74.0,11211.0,65
2023-05-11 10:14:52,MA311P2325,MA311P2325,144.5,0.0,0.0,0.0,1,45.5,0.0,0,137.0,151.5,156.0,144.5,74.0,11211.0,65
2023-05-11 10:30:15,MA311P2325,MA311P2325,144.5,0.0,0.0,0.0,2,53.5,0.0,0,137.0,151.5,156.0,144.5,74.0,11211.0,65
2023-05-11 10:32:55,MA311P2325,MA311P2325,144.5,0.0,0.0,0.0,3,127.5,142.5,3,137.0,151.5,156.0,144.5,74.0,11211.0,65
2023-05-11 10:32:56,MA311P2325,MA311P2325,144.5,0.0,0.0,0.0,6,127.5,142.5,6,137.0,151.5,156.0,144.5,74.0,11211.0,65
2023-05-11 10:32:57,MA311P2325,MA311P2325,144.5,0.0,0.0,0.0,3,137.0,139.5,3,137.0,151.5,156.0,144.5,74.0,11211.0,65
2023-05-11 10:33:00,MA311P2325,MA311P2325,144.5,0.0,0.0,0.0,3,137.5,139.5,6,137.0,151.5,156.0,144.5,74.0,11211.0,65
2023-05-11 10:33:02,MA311P2325,MA311P2325,144.5,0.0,0.0,0.0,6,137.5,139.5,9,137.0,151.5,156.0,144.5,74.0,11211.0,65
2023-05-11 10:33:02,MA311P2325,MA311P2325,144.5,0.0,0.0,0.0,9,137.5,139.5,12,137.0,151.5,156.0,144.5,74.0,11211.0,65
2023-05-11 10:33:06,MA311P2325,MA311P2325,144.5,0.0,0.0,0.0,12,137.5,139.5,15,137.0,151.5,156.0,144.5,74.0,11211.0,65
2023-05-11 10:33:09,MA311P2325,MA311P2325,144.5,0.0,0.0,0.0,12,137.5,139.5,12,137.0,151.5,156.0,144.5,74.0,11211.0,65
2023-05-11 10:33:10,MA311P2325,MA311P2325,144.5,0.0,0.0,0.0,6,138.0,139.5,9,137.0,151.5,156.0,144.5,74.0,11211.0,65
2023-05-11 10:33:11,MA311P2325,MA311P2325,144.5,0.0,0.0,0.0,12,138.0,139.0,6,137.0,151.5,156.0,144.5,74.0,11211.0,65
2023-05-11 10:33:20,MA311P2325,MA311P2325,144.5,0.0,0.0,0.0,9,138.0,139.0,3,137.0,151.5,156.0,144.5,74.0,11211.0,65
2023-05-11 10:33:21,MA311P2325,MA311P2325,144.5,0.0,0.0,0.0,6,138.0,139.0,3,137.0,151.5,156.0,144.5,74.0,11211.0,65
2023-05-11 10:33:22,MA311P2325,MA311P2325,144.5,0.0,0.0,0.0,3,138.0,139.5,3,137.0,151.5,156.0,144.5,74.0,11211.0,65
2023-05-11 10:33:23,MA311P2325,MA311P2325,144.5,0.0,0.0,0.0,3,131.0,146.0,3,137.0,151.5,156.0,144.5,74.0,11211.0,65
2023-05-11 10:33:25,MA311P2325,MA311P2325,144.5,0.0,0.0,0.0,1,45.5,0.0,0,137.0,151.5,156.0,144.5,74.0,11211.0,65
2023-05-11 10:33:26,MA311P2325,MA311P2325,144.5,0.0,0.0,0.0,2,53.5,0.0,0,137.0,151.5,156.0,144.5,74.0,11211.0,65
2023-05-11 10:42:54,MA311P2325,MA311P2325,144.5,0.0,0.0,0.0,1,54.0,0.0,0,137.0,151.5,156.0,144.5,74.0,11211.0,65
2023-05-11 10:42:55,MA311P2325,MA311P2325,144.5,0.0,0.0,0.0,2,62.0,0.0,0,137.0,151.5,156.0,144.5,74.0,11211.0,65
2023-05-11 10:56:05,MA311P2325,MA311P2325,144.5,0.0,0.0,0.0,3,128.0,143.0,3,137.0,151.5,156.0,144.5,74.0,11211.0,65
2023-05-11 10:56:06,MA311P2325,MA311P2325,144.5,0.0,0.0,0.0,6,128.0,143.0,6,137.0,151.5,156.0,144.5,74.0,11211.0,65
2023-05-11 10:56:07,MA311P2325,MA311P2325,144.5,0.0,0.0,0.0,3,137.0,139.5,3,137.0,151.5,156.0,144.5,74.0,11211.0,65
2023-05-11 10:56:09,MA311P2325,MA311P2325,144.5,0.0,0.0,0.0,3,137.5,139.5,6,137.0,151.5,156.0,144.5,74.0,11211.0,65
2023-05-11 10:56:11,MA311P2325,MA311P2325,144.5,0.0,0.0,0.0,6,137.5,139.5,9,137.0,151.5,156.0,144.5,74.0,11211.0,65
2023-05-11 10:56:12,MA311P2325,MA311P2325,144.5,0.0,0.0,0.0,9,137.5,138.0,1,137.0,151.5,156.0,144.5,74.0,11211.0,65
2023-05-11 10:56:12,MA311P2325,MA311P2325,144.5,0.0,0.0,0.0,9,137.5,138.0,7,137.0,151.5,156.0,144.5,74.0,11211.0,65
2023-05-11 10:56:13,MA311P2325,MA311P2325,138.5,3.0,416.0,0.0,9,137.5,138.0,4,137.0,151.5,156.0,138.5,77.0,11627.0,65
2023-05-11 10:56:14,MA311P2325,MA311P2325,138.0,1.0,151.0,0.0,6,137.5,138.0,3,137.0,151.5,156.0,138.0,78.0,11778.0,65
2023-05-11 10:56:15,MA311P2325,MA311P2325,138.0,0.0,0.0,0.0,9,137.5,138.0,3,137.0,151.5,156.0,138.0,78.0,11778.0,65
2023-05-11 10:56:15,MA311P2325,MA311P2325,138.0,3.0,412.5,3.0,3,138.0,138.5,3,137.0,151.5,156.0,138.0,81.0,12190.5,68
2023-05-11 10:56:20,MA311P2325,MA311P2325,138.0,0.0,0.0,0.0,6,138.0,138.5,3,137.0,151.5,156.0,138.0,81.0,12190.5,68
2023-05-11 10:56:20,MA311P2325,MA311P2325,138.0,0.0,0.0,0.0,9,138.0,138.5,6,137.0,151.5,156.0,138.0,81.0,12190.5,68
2023-05-11 10:56:27,MA311P2325,MA311P2325,138.0,0.0,0.0,0.0,9,138.0,138.5,3,137.0,151.5,156.0,138.0,81.0,12190.5,68
2023-05-11 10:56:32,MA311P2325,MA311P2325,138.0,0.0,0.0,0.0,6,138.0,138.5,3,137.0,151.5,156.0,138.0,81.0,12190.5,68
2023-05-11 10:56:32,MA311P2325,MA311P2325,138.0,0.0,0.0,0.0,3,138.0,146.0,3,137.0,151.5,156.0,138.0,81.0,12190.5,68
2023-05-11 10:56:35,MA311P2325,MA311P2325,138.0,0.0,0.0,0.0,3,138.0,0.0,0,137.0,151.5,156.0,138.0,81.0,12190.5,68
2023-05-11 10:57:11,MA311P2325,MA311P2325,138.0,0.0,0.0,0.0,3,138.0,142.0,3,137.0,151.5,156.0,138.0,81.0,12190.5,68
2023-05-11 10:57:12,MA311P2325,MA311P2325,138.0,0.0,0.0,0.0,6,138.0,142.0,6,137.0,151.5,156.0,138.0,81.0,12190.5,68
2023-05-11 10:57:13,MA311P2325,MA311P2325,138.0,0.0,0.0,0.0,6,138.0,139.0,3,137.0,151.5,156.0,138.0,81.0,12190.5,68
2023-05-11 10:57:14,MA311P2325,MA311P2325,139.0,3.0,409.5,3.0,1,141.5,142.0,6,137.0,151.5,156.0,138.0,84.0,12600.0,71
2023-05-11 10:57:16,MA311P2325,MA311P2325,139.0,0.0,0.0,0.0,4,141.5,142.0,9,137.0,151.5,156.0,138.0,84.0,12600.0,71
2023-05-11 10:57:18,MA311P2325,MA311P2325,139.0,0.0,0.0,0.0,4,141.5,142.0,12,137.0,151.5,156.0,138.0,84.0,12600.0,71
2023-05-11 10:57:20,MA311P2325,MA311P2325,141.5,4.0,600.0,0.0,1,141.5,142.0,9,137.0,151.5,156.0,138.0,88.0,13200.0,71
2023-05-11 10:57:22,MA311P2325,MA311P2325,141.0,4.0,554.0,0.0,3,138.5,141.5,1,137.0,151.5,156.0,138.0,92.0,13754.0,71
2023-05-11 10:57:27,MA311P2325,MA311P2325,139.0,3.0,401.0,0.0,3,138.5,139.5,3,137.0,151.5,156.0,138.0,95.0,14155.0,71
2023-05-11 10:57:27,MA311P2325,MA311P2325,139.0,0.0,0.0,0.0,6,138.5,139.5,6,137.0,151.5,156.0,138.0,95.0,14155.0,71
2023-05-11 10:57:29,MA311P2325,MA311P2325,139.0,0.0,0.0,0.0,3,138.5,139.5,6,137.0,151.5,156.0,138.0,95.0,14155.0,71
2023-05-11 10:57:38,MA311P2325,MA311P2325,139.0,0.0,0.0,0.0,3,138.0,139.5,3,137.0,151.5,156.0,138.0,95.0,14155.0,71
2023-05-11 10:58:35,MA311P2325,MA311P2325,139.5,3.0,447.0,0.0,3,138.0,141.5,1,137.0,151.5,156.0,138.0,98.0,14602.0,71
2023-05-11 10:58:38,MA311P2325,MA311P2325,141.5,1.0,99.5,0.0,3,138.0,0.0,0,137.0,151.5,156.0,138.0,99.0,14701.5,71
2023-05-11 10:58:44,MA311P2325,MA311P2325,141.5,0.0,0.0,0.0,3,138.0,150.5,3,137.0,151.5,156.0,138.0,99.0,14701.5,71
2023-05-11 10:58:46,MA311P2325,MA311P2325,141.5,0.0,0.0,0.0,6,138.0,150.5,6,137.0,151.5,156.0,138.0,99.0,14701.5,71
2023-05-11 10:58:47,MA311P2325,MA311P2325,141.5,0.0,0.0,0.0,6,138.0,139.0,3,137.0,151.5,156.0,138.0,99.0,14701.5,71
2023-05-11 10:58:48,MA311P2325,MA311P2325,139.0,3.0,445.5,3.0,6,138.0,150.5,6,137.0,151.5,156.0,138.0,102.0,15147.0,74
2023-05-11 10:58:49,MA311P2325,MA311P2325,139.0,0.0,0.0,0.0,3,140.0,149.0,3,137.0,151.5,156.0,138.0,102.0,15147.0,74
2023-05-11 10:58:50,MA311P2325,MA311P2325,139.0,0.0,0.0,0.0,1,141.0,150.5,6,137.0,151.5,156.0,138.0,102.0,15147.0,74
2023-05-11 10:58:50,MA311P2325,MA311P2325,139.0,0.0,0.0,0.0,3,142.5,149.0,3,137.0,151.5,156.0,138.0,102.0,15147.0,74
2023-05-11 10:58:55,MA311P2325,MA311P2325,139.0,0.0,0.0,0.0,3,142.5,144.5,3,137.0,151.5,156.0,138.0,102.0,15147.0,74
2023-05-11 10:58:55,MA311P2325,MA311P2325,139.0,0.0,0.0,0.0,3,142.5,144.5,6,137.0,151.5,156.0,138.0,102.0,15147.0,74
2023-05-11 10:58:56,MA311P2325,MA311P2325,139.0,0.0,0.0,0.0,1,143.0,144.5,6,137.0,151.5,156.0,138.0,102.0,15147.0,74
2023-05-11 10:58:56,MA311P2325,MA311P2325,139.0,0.0,0.0,0.0,4,143.0,144.0,3,137.0,151.5,156.0,138.0,102.0,15147.0,74
2023-05-11 10:58:59,MA311P2325,MA311P2325,143.0,3.0,393.0,0.0,3,142.0,143.0,3,137.0,151.5,156.0,138.0,105.0,15540.0,74
2023-05-11 10:58:59,MA311P2325,MA311P2325,143.0,0.0,0.0,0.0,3,141.5,143.0,3,137.0,151.5,156.0,138.0,105.0,15540.0,74
2023-05-11 10:59:00,MA311P2325,MA311P2325,143.0,0.0,0.0,0.0,9,141.0,142.0,3,137.0,151.5,156.0,138.0,105.0,15540.0,74
2023-05-11 10:59:00,MA311P2325,MA311P2325,141.0,9.0,1275.0,-2.0,3,138.0,139.5,1,137.0,151.5,156.0,138.0,114.0,16815.0,72
2023-05-11 10:59:00,MA311P2325,MA311P2325,141.0,0.0,0.0,0.0,3,139.0,139.5,1,137.0,151.5,156.0,138.0,114.0,16815.0,72
2023-05-11 10:59:12,MA311P2325,MA311P2325,141.0,0.0,0.0,0.0,3,138.0,139.5,1,137.0,151.5,156.0,138.0,114.0,16815.0,72
2023-05-11 11:03:24,MA311P2325,MA311P2325,138.0,3.0,442.5,0.0,1,54.0,139.5,1,137.0,151.5,156.0,138.0,117.0,17257.5,72
2023-05-11 11:03:24,MA311P2325,MA311P2325,138.0,0.0,0.0,0.0,2,62.0,139.5,1,137.0,151.5,156.0,138.0,117.0,17257.5,72
2023-05-11 11:03:25,MA311P2325,MA311P2325,138.0,0.0,0.0,0.0,1,62.5,139.5,1,137.0,151.5,156.0,138.0,117.0,17257.5,72
2023-05-11 11:03:26,MA311P2325,MA311P2325,138.0,0.0,0.0,0.0,2,70.5,139.5,1,137.0,151.5,156.0,138.0,117.0,17257.5,72
2023-05-11 11:03:26,MA311P2325,MA311P2325,138.0,0.0,0.0,0.0,1,71.0,139.5,1,137.0,151.5,156.0,138.0,117.0,17257.5,72
2023-05-11 11:03:27,MA311P2325,MA311P2325,138.0,0.0,0.0,0.0,2,79.0,139.5,1,137.0,151.5,156.0,138.0,117.0,17257.5,72
2023-05-11 11:03:27,MA311P2325,MA311P2325,138.0,0.0,0.0,0.0,1,79.5,143.0,3,137.0,151.5,156.0,138.0,117.0,17257.5,72
2023-05-11 11:03:28,MA311P2325,MA311P2325,138.0,0.0,0.0,0.0,2,87.5,143.0,3,137.0,151.5,156.0,138.0,117.0,17257.5,72
2023-05-11 11:03:28,MA311P2325,MA311P2325,138.0,0.0,0.0,0.0,1,88.0,143.0,3,137.0,151.5,156.0,138.0,117.0,17257.5,72
2023-05-11 11:03:29,MA311P2325,MA311P2325,138.0,0.0,0.0,0.0,2,96.0,143.0,3,137.0,151.5,156.0,138.0,117.0,17257.5,72
2023-05-11 11:03:29,MA311P2325,MA311P2325,138.0,0.0,0.0,0.0,1,96.5,143.0,3,137.0,151.5,156.0,138.0,117.0,17257.5,72
2023-05-11 11:03:30,MA311P2325,MA311P2325,138.0,0.0,0.0,0.0,2,104.5,143.0,3,137.0,151.5,156.0,138.0,117.0,17257.5,72
2023-05-11 11:10:26,MA311P2325,MA311P2325,138.0,0.0,0.0,0.0,1,96.5,143.0,3,137.0,151.5,156.0,138.0,117.0,17257.5,72
2023-05-11 11:22:30,MA311P2325,MA311P2325,138.0,0.0,0.0,0.0,3,127.5,142.5,3,137.0,151.5,156.0,138.0,117.0,17257.5,72
2023-05-11 11:22:31,MA311P2325,MA311P2325,138.0,0.0,0.0,0.0,6,127.5,142.5,6,137.0,151.5,156.0,138.0,117.0,17257.5,72
2023-05-11 11:22:31,MA311P2325,MA311P2325,138.0,0.0,0.0,0.0,3,129.5,132.0,3,137.0,151.5,156.0,138.0,117.0,17257.5,72
2023-05-11 11:22:32,MA311P2325,MA311P2325,132.0,3.0,382.5,3.0,3,129.5,142.5,6,137.0,151.5,156.0,132.0,120.0,17640.0,75
2023-05-11 11:22:34,MA311P2325,MA311P2325,132.0,0.0,0.0,0.0,3,131.5,140.5,3,137.0,151.5,156.0,132.0,120.0,17640.0,75
2023-05-11 11:22:36,MA311P2325,MA311P2325,132.0,0.0,0.0,0.0,6,131.5,140.5,6,137.0,151.5,156.0,132.0,120.0,17640.0,75
2023-05-11 11:22:40,MA311P2325,MA311P2325,132.0,0.0,0.0,0.0,6,131.5,140.0,3,137.0,151.5,156.0,132.0,120.0,17640.0,75
2023-05-11 11:22:40,MA311P2325,MA311P2325,132.0,0.0,0.0,0.0,3,133.0,138.0,3,137.0,151.5,156.0,132.0,120.0,17640.0,75
2023-05-11 11:22:41,MA311P2325,MA311P2325,132.0,0.0,0.0,0.0,3,133.5,137.0,3,137.0,151.5,156.0,132.0,120.0,17640.0,75
2023-05-11 11:22:44,MA311P2325,MA311P2325,133.0,6.0,819.0,0.0,3,132.5,138.0,6,137.0,151.5,156.0,132.0,126.0,18459.0,75
2023-05-11 11:22:45,MA311P2325,MA311P2325,133.0,0.0,0.0,0.0,9,132.5,133.5,3,137.0,151.5,156.0,132.0,126.0,18459.0,75
2023-05-11 11:22:47,MA311P2325,MA311P2325,133.0,0.0,0.0,0.0,9,132.5,133.5,6,137.0,151.5,156.0,132.0,126.0,18459.0,75
2023-05-11 11:22:52,MA311P2325,MA311P2325,133.0,0.0,0.0,0.0,6,132.5,133.5,6,137.0,151.5,156.0,132.0,126.0,18459.0,75
2023-05-11 11:22:57,MA311P2325,MA311P2325,133.0,0.0,0.0,0.0,3,131.0,133.5,3,137.0,151.5,156.0,132.0,126.0,18459.0,75
2023-05-11 11:22:57,MA311P2325,MA311P2325,133.0,0.0,0.0,0.0,3,125.5,140.5,3,137.0,151.5,156.0,132.0,126.0,18459.0,75
2023-05-11 11:22:59,MA311P2325,MA311P2325,133.0,0.0,0.0,0.0,1,96.5,143.0,3,137.0,151.5,156.0,132.0,126.0,18459.0,75
2023-05-11 11:23:00,MA311P2325,MA311P2325,133.0,0.0,0.0,0.0,2,100.5,143.0,3,137.0,151.5,156.0,132.0,126.0,18459.0,75
2023-05-11 11:23:00,MA311P2325,MA311P2325,133.0,0.0,0.0,0.0,1,96.5,143.0,3,137.0,151.5,156.0,132.0,126.0,18459.0,75
2023-05-11 11:28:20,MA311P2325,MA311P2325,133.0,0.0,0.0,0.0,1,45.5,143.0,3,137.0,151.5,156.0,132.0,126.0,18459.0,75
2023-05-11 11:28:45,MA311P2325,MA311P2325,133.0,0.0,0.0,0.0,3,123.5,138.0,3,137.0,151.5,156.0,132.0,126.0,18459.0,75
2023-05-11 11:28:46,MA311P2325,MA311P2325,133.0,0.0,0.0,0.0,6,123.5,138.0,6,137.0,151.5,156.0,132.0,126.0,18459.0,75
2023-05-11 11:28:47,MA311P2325,MA311P2325,133.0,0.0,0.0,0.0,3,132.0,134.5,3,137.0,151.5,156.0,132.0,126.0,18459.0,75
2023-05-11 11:28:51,MA311P2325,MA311P2325,133.0,0.0,0.0,0.0,3,132.5,134.5,6,137.0,151.5,156.0,132.0,126.0,18459.0,75
2023-05-11 11:28:55,MA311P2325,MA311P2325,133.0,0.0,0.0,0.0,3,132.5,134.5,9,137.0,151.5,156.0,132.0,126.0,18459.0,75
2023-05-11 11:28:59,MA311P2325,MA311P2325,133.0,0.0,0.0,0.0,3,132.5,134.5,6,137.0,151.5,156.0,132.0,126.0,18459.0,75
2023-05-11 11:29:00,MA311P2325,MA311P2325,133.0,0.0,0.0,0.0,6,132.5,134.5,9,137.0,151.5,156.0,132.0,126.0,18459.0,75
2023-05-11 11:29:01,MA311P2325,MA311P2325,133.0,0.0,0.0,0.0,3,134.0,134.5,6,137.0,151.5,156.0,132.0,126.0,18459.0,75
2023-05-11 11:29:01,MA311P2325,MA311P2325,133.0,0.0,0.0,0.0,6,134.0,134.5,9,137.0,151.5,156.0,132.0,126.0,18459.0,75
2023-05-11 11:29:01,MA311P2325,MA311P2325,133.0,0.0,0.0,0.0,6,134.0,134.5,12,137.0,151.5,156.0,132.0,126.0,18459.0,75
2023-05-11 11:29:02,MA311P2325,MA311P2325,133.0,0.0,0.0,0.0,9,134.0,134.5,12,137.0,151.5,156.0,132.0,126.0,18459.0,75
2023-05-11 11:29:07,MA311P2325,MA311P2325,133.0,0.0,0.0,0.0,9,134.0,134.5,9,137.0,151.5,156.0,132.0,126.0,18459.0,75
2023-05-11 11:29:11,MA311P2325,MA311P2325,133.0,0.0,0.0,0.0,6,134.0,134.5,9,137.0,151.5,156.0,132.0,126.0,18459.0,75
2023-05-11 11:29:11,MA311P2325,MA311P2325,133.0,0.0,0.0,0.0,6,134.0,134.5,6,137.0,151.5,156.0,132.0,126.0,18459.0,75
2023-05-11 11:29:12,MA311P2325,MA311P2325,133.0,0.0,0.0,0.0,3,133.5,134.5,3,137.0,151.5,156.0,132.0,126.0,18459.0,75
2023-05-11 11:29:14,MA311P2325,MA311P2325,133.0,0.0,0.0,0.0,3,127.0,141.5,3,137.0,151.5,156.0,132.0,126.0,18459.0,75
2023-05-11 11:29:15,MA311P2325,MA311P2325,133.0,0.0,0.0,0.0,1,45.5,143.0,3,137.0,151.5,156.0,132.0,126.0,18459.0,75
2023-05-11 11:29:53,MA311P2325,MA311P2325,133.0,0.0,0.0,0.0,1,45.5,0.0,0,137.0,151.5,156.0,132.0,126.0,18459.0,75
2023-05-11 13:30:00,MA311P2325,MA311P2325,133.0,0.0,0.0,0.0,1,46.0,0.0,0,137.0,151.5,156.0,132.0,126.0,18459.0,75
2023-05-11 13:31:17,MA311P2325,MA311P2325,133.0,0.0,0.0,0.0,2,54.0,0.0,0,137.0,151.5,156.0,132.0,126.0,18459.0,75
2023-05-11 13:35:07,MA311P2325,MA311P2325,133.0,0.0,0.0,0.0,3,125.5,140.5,3,137.0,151.5,156.0,132.0,126.0,18459.0,75
2023-05-11 13:35:08,MA311P2325,MA311P2325,133.0,0.0,0.0,0.0,6,125.5,140.5,6,137.0,151.5,156.0,132.0,126.0,18459.0,75
2023-05-11 13:35:10,MA311P2325,MA311P2325,133.0,0.0,0.0,0.0,3,134.0,136.5,3,137.0,151.5,156.0,132.0,126.0,18459.0,75
2023-05-11 13:35:12,MA311P2325,MA311P2325,133.0,0.0,0.0,0.0,3,134.5,136.5,6,137.0,151.5,156.0,132.0,126.0,18459.0,75
2023-05-11 13:35:14,MA311P2325,MA311P2325,133.0,0.0,0.0,0.0,6,134.5,136.5,9,137.0,151.5,156.0,132.0,126.0,18459.0,75
2023-05-11 13:35:18,MA311P2325,MA311P2325,133.0,0.0,0.0,0.0,9,134.5,136.5,12,137.0,151.5,156.0,132.0,126.0,18459.0,75
2023-05-11 13:35:22,MA311P2325,MA311P2325,133.0,0.0,0.0,0.0,9,134.5,136.5,9,137.0,151.5,156.0,132.0,126.0,18459.0,75
2023-05-11 13:35:22,MA311P2325,MA311P2325,133.0,0.0,0.0,0.0,3,136.0,136.5,9,137.0,151.5,156.0,132.0,126.0,18459.0,75
2023-05-11 13:35:23,MA311P2325,MA311P2325,136.5,3.0,375.0,0.0,6,136.0,136.5,6,137.0,151.5,156.0,132.0,129.0,18834.0,75
2023-05-11 13:35:23,MA311P2325,MA311P2325,136.5,0.0,0.0,0.0,12,136.0,136.5,9,137.0,151.5,156.0,132.0,129.0,18834.0,75
2023-05-11 13:35:24,MA311P2325,MA311P2325,136.5,0.0,0.0,0.0,15,136.0,136.5,9,137.0,151.5,156.0,132.0,129.0,18834.0,75
2023-05-11 13:35:32,MA311P2325,MA311P2325,136.5,0.0,0.0,0.0,12,136.0,136.5,6,137.0,151.5,156.0,132.0,129.0,18834.0,75
2023-05-11 13:35:34,MA311P2325,MA311P2325,136.5,0.0,0.0,0.0,9,136.0,136.5,3,137.0,151.5,156.0,132.0,129.0,18834.0,75
2023-05-11 13:35:35,MA311P2325,MA311P2325,136.5,0.0,0.0,0.0,3,136.0,137.0,3,137.0,151.5,156.0,132.0,129.0,18834.0,75
2023-05-11 13:35:36,MA311P2325,MA311P2325,136.5,0.0,0.0,0.0,3,129.0,143.5,3,137.0,151.5,156.0,132.0,129.0,18834.0,75
2023-05-11 13:35:38,MA311P2325,MA311P2325,136.5,0.0,0.0,0.0,1,46.0,0.0,0,137.0,151.5,156.0,132.0,129.0,18834.0,75
2023-05-11 13:35:39,MA311P2325,MA311P2325,136.5,0.0,0.0,0.0,2,54.0,0.0,0,137.0,151.5,156.0,132.0,129.0,18834.0,75
2023-05-11 14:00:00,MA311P2325,MA311P2325,136.5,0.0,0.0,0.0,1,54.5,0.0,0,137.0,151.5,156.0,132.0,129.0,18834.0,75
2023-05-11 14:00:01,MA311P2325,MA311P2325,136.5,0.0,0.0,0.0,2,62.5,0.0,0,137.0,151.5,156.0,132.0,129.0,18834.0,75
2023-05-11 14:03:18,MA311P2325,MA311P2325,136.5,0.0,0.0,0.0,3,125.0,140.0,3,137.0,151.5,156.0,132.0,129.0,18834.0,75
2023-05-11 14:03:19,MA311P2325,MA311P2325,136.5,0.0,0.0,0.0,6,125.0,140.0,6,137.0,151.5,156.0,132.0,129.0,18834.0,75
2023-05-11 14:03:20,MA311P2325,MA311P2325,136.5,0.0,0.0,0.0,3,134.5,137.0,3,137.0,151.5,156.0,132.0,129.0,18834.0,75
2023-05-11 14:03:22,MA311P2325,MA311P2325,136.5,0.0,0.0,0.0,3,135.0,137.0,6,137.0,151.5,156.0,132.0,129.0,18834.0,75
2023-05-11 14:03:24,MA311P2325,MA311P2325,136.5,0.0,0.0,0.0,6,135.0,137.0,9,137.0,151.5,156.0,132.0,129.0,18834.0,75
2023-05-11 14:03:32,MA311P2325,MA311P2325,136.5,0.0,0.0,0.0,6,135.0,137.0,6,137.0,151.5,156.0,132.0,129.0,18834.0,75
2023-05-11 14:03:33,MA311P2325,MA311P2325,137.0,5.0,730.0,-5.0,6,136.5,137.0,4,137.0,151.5,156.0,132.0,134.0,19564.0,70
2023-05-11 14:03:35,MA311P2325,MA311P2325,137.0,0.0,0.0,0.0,9,136.5,137.0,4,137.0,151.5,156.0,132.0,134.0,19564.0,70
2023-05-11 14:03:42,MA311P2325,MA311P2325,137.0,0.0,0.0,0.0,6,136.5,137.0,1,137.0,151.5,156.0,132.0,134.0,19564.0,70
2023-05-11 14:03:44,MA311P2325,MA311P2325,137.0,0.0,0.0,0.0,3,136.5,137.5,3,137.0,151.5,156.0,132.0,134.0,19564.0,70
2023-05-11 14:03:45,MA311P2325,MA311P2325,137.0,0.0,0.0,0.0,3,129.5,144.0,3,137.0,151.5,156.0,132.0,134.0,19564.0,70
2023-05-11 14:03:48,MA311P2325,MA311P2325,137.0,0.0,0.0,0.0,1,54.5,0.0,0,137.0,151.5,156.0,132.0,134.0,19564.0,70
2023-05-11 14:03:50,MA311P2325,MA311P2325,137.0,0.0,0.0,0.0,2,62.5,0.0,0,137.0,151.5,156.0,132.0,134.0,19564.0,70
2023-05-11 14:07:32,MA311P2325,MA311P2325,137.0,0.0,0.0,0.0,3,125.0,139.5,3,137.0,151.5,156.0,132.0,134.0,19564.0,70
2023-05-11 14:07:33,MA311P2325,MA311P2325,137.0,0.0,0.0,0.0,6,125.0,139.5,6,137.0,151.5,156.0,132.0,134.0,19564.0,70
2023-05-11 14:07:34,MA311P2325,MA311P2325,137.0,0.0,0.0,0.0,3,134.5,137.0,3,137.0,151.5,156.0,132.0,134.0,19564.0,70
2023-05-11 14:07:37,MA311P2325,MA311P2325,137.0,2.0,224.0,0.0,3,134.5,137.0,1,137.0,151.5,156.0,132.0,136.0,19788.0,70
2023-05-11 14:07:38,MA311P2325,MA311P2325,137.0,0.0,0.0,0.0,3,135.0,136.5,3,137.0,151.5,156.0,132.0,136.0,19788.0,70
2023-05-11 14:07:38,MA311P2325,MA311P2325,137.0,0.0,0.0,0.0,6,135.0,136.5,6,137.0,151.5,156.0,132.0,136.0,19788.0,70
2023-05-11 14:07:42,MA311P2325,MA311P2325,137.0,0.0,0.0,0.0,9,135.0,136.5,9,137.0,151.5,156.0,132.0,136.0,19788.0,70
2023-05-11 14:07:47,MA311P2325,MA311P2325,137.0,0.0,0.0,0.0,12,135.0,136.5,12,137.0,151.5,156.0,132.0,136.0,19788.0,70
2023-05-11 14:07:47,MA311P2325,MA311P2325,137.0,0.0,0.0,0.0,6,136.0,136.5,9,137.0,151.5,156.0,132.0,136.0,19788.0,70
2023-05-11 14:07:48,MA311P2325,MA311P2325,137.0,0.0,0.0,0.0,12,136.0,136.5,12,137.0,151.5,156.0,132.0,136.0,19788.0,70
2023-05-11 14:07:48,MA311P2325,MA311P2325,137.0,0.0,0.0,0.0,15,136.0,136.5,12,137.0,151.5,156.0,132.0,136.0,19788.0,70
2023-05-11 14:07:49,MA311P2325,MA311P2325,137.0,0.0,0.0,0.0,18,136.0,136.5,12,137.0,151.5,156.0,132.0,136.0,19788.0,70
2023-05-11 14:07:54,MA311P2325,MA311P2325,137.0,0.0,0.0,0.0,15,136.0,136.5,9,137.0,151.5,156.0,132.0,136.0,19788.0,70
2023-05-11 14:07:56,MA311P2325,MA311P2325,137.0,0.0,0.0,0.0,12,136.0,136.5,6,137.0,151.5,156.0,132.0,136.0,19788.0,70
2023-05-11 14:07:59,MA311P2325,MA311P2325,137.0,0.0,0.0,0.0,12,136.0,136.5,3,137.0,151.5,156.0,132.0,136.0,19788.0,70
2023-05-11 14:07:59,MA311P2325,MA311P2325,137.0,0.0,0.0,0.0,9,136.0,137.0,6,137.0,151.5,156.0,132.0,136.0,19788.0,70
2023-05-11 14:08:00,MA311P2325,MA311P2325,137.0,0.0,0.0,0.0,3,129.0,143.5,3,137.0,151.5,156.0,132.0,136.0,19788.0,70
2023-05-11 14:08:02,MA311P2325,MA311P2325,137.0,0.0,0.0,0.0,1,54.5,0.0,0,137.0,151.5,156.0,132.0,136.0,19788.0,70
2023-05-11 14:08:03,MA311P2325,MA311P2325,137.0,0.0,0.0,0.0,2,62.5,0.0,0,137.0,151.5,156.0,132.0,136.0,19788.0,70
2023-05-11 14:41:15,MA311P2325,MA311P2325,137.0,0.0,0.0,0.0,1,63.0,0.0,0,137.0,151.5,156.0,132.0,136.0,19788.0,70
2023-05-11 14:41:18,MA311P2325,MA311P2325,137.0,0.0,0.0,0.0,2,71.0,0.0,0,137.0,151.5,156.0,132.0,136.0,19788.0,70
2023-05-11 14:56:09,MA311P2325,MA311P2325,137.0,0.0,0.0,0.0,3,127.0,142.0,3,137.0,151.5,156.0,132.0,136.0,19788.0,70
2023-05-11 14:56:11,MA311P2325,MA311P2325,137.0,0.0,0.0,0.0,6,127.0,142.0,6,137.0,151.5,156.0,132.0,136.0,19788.0,70
2023-05-11 14:56:12,MA311P2325,MA311P2325,137.0,0.0,0.0,0.0,3,136.0,138.5,3,137.0,151.5,156.0,132.0,136.0,19788.0,70
2023-05-11 14:56:14,MA311P2325,MA311P2325,137.0,0.0,0.0,0.0,3,136.5,138.5,6,137.0,151.5,156.0,132.0,136.0,19788.0,70
2023-05-11 14:56:16,MA311P2325,MA311P2325,137.0,0.0,0.0,0.0,6,136.5,138.5,9,137.0,151.5,156.0,132.0,136.0,19788.0,70
2023-05-11 14:56:16,MA311P2325,MA311P2325,137.0,0.0,0.0,0.0,9,136.5,138.5,9,137.0,151.5,156.0,132.0,136.0,19788.0,70
2023-05-11 14:56:20,MA311P2325,MA311P2325,137.0,0.0,0.0,0.0,12,136.5,138.5,12,137.0,151.5,156.0,132.0,136.0,19788.0,70
2023-05-11 14:56:24,MA311P2325,MA311P2325,137.0,0.0,0.0,0.0,12,136.5,138.5,9,137.0,151.5,156.0,132.0,136.0,19788.0,70
2023-05-11 14:56:25,MA311P2325,MA311P2325,138.5,5.0,727.5,-1.0,3,138.0,138.5,4,137.0,151.5,156.0,132.0,141.0,20515.5,69
2023-05-11 14:56:25,MA311P2325,MA311P2325,138.5,0.0,0.0,0.0,3,138.0,138.5,7,137.0,151.5,156.0,132.0,141.0,20515.5,69
2023-05-11 14:56:34,MA311P2325,MA311P2325,138.5,0.0,0.0,0.0,3,138.0,138.5,6,137.0,151.5,156.0,132.0,141.0,20515.5,69
2023-05-11 14:56:37,MA311P2325,MA311P2325,138.5,0.0,0.0,0.0,3,137.5,138.5,3,137.0,151.5,156.0,132.0,141.0,20515.5,69
2023-05-11 14:56:37,MA311P2325,MA311P2325,138.5,0.0,0.0,0.0,3,130.5,146.0,3,137.0,151.5,156.0,132.0,141.0,20515.5,69
2023-05-11 14:56:40,MA311P2325,MA311P2325,138.5,0.0,0.0,0.0,1,63.0,0.0,0,137.0,151.5,156.0,132.0,141.0,20515.5,69
2023-05-11 14:56:40,MA311P2325,MA311P2325,138.5,0.0,0.0,0.0,2,71.0,0.0,0,137.0,151.5,156.0,132.0,141.0,20515.5,69
2023-05-11 14:57:35,MA311P2325,MA311P2325,138.5,0.0,0.0,0.0,3,127.0,142.0,3,137.0,151.5,156.0,132.0,141.0,20515.5,69
2023-05-11 14:57:36,MA311P2325,MA311P2325,138.5,0.0,0.0,0.0,6,127.0,142.0,6,137.0,151.5,156.0,132.0,141.0,20515.5,69
2023-05-11 14:57:37,MA311P2325,MA311P2325,138.5,0.0,0.0,0.0,3,136.0,138.5,3,137.0,151.5,156.0,132.0,141.0,20515.5,69
2023-05-11 14:57:40,MA311P2325,MA311P2325,138.5,0.0,0.0,0.0,3,136.5,138.5,6,137.0,151.5,156.0,132.0,141.0,20515.5,69
2023-05-11 14:57:41,MA311P2325,MA311P2325,138.5,0.0,0.0,0.0,6,136.5,138.5,9,137.0,151.5,156.0,132.0,141.0,20515.5,69
2023-05-11 14:57:42,MA311P2325,MA311P2325,138.5,0.0,0.0,0.0,9,136.5,138.5,9,137.0,151.5,156.0,132.0,141.0,20515.5,69
2023-05-11 14:57:42,MA311P2325,MA311P2325,138.5,0.0,0.0,0.0,12,136.5,138.5,9,137.0,151.5,156.0,132.0,141.0,20515.5,69
2023-05-11 14:57:45,MA311P2325,MA311P2325,138.5,0.0,0.0,0.0,15,136.5,138.5,12,137.0,151.5,156.0,132.0,141.0,20515.5,69
2023-05-11 14:57:49,MA311P2325,MA311P2325,138.5,0.0,0.0,0.0,15,136.5,138.5,9,137.0,151.5,156.0,132.0,141.0,20515.5,69
2023-05-11 14:57:50,MA311P2325,MA311P2325,138.5,0.0,0.0,0.0,6,138.0,138.5,6,137.0,151.5,156.0,132.0,141.0,20515.5,69
2023-05-11 14:57:50,MA311P2325,MA311P2325,138.5,3.0,436.5,0.0,12,138.0,138.5,9,137.0,151.5,156.0,132.0,144.0,20952.0,69
2023-05-11 14:57:59,MA311P2325,MA311P2325,138.5,0.0,0.0,0.0,9,138.0,138.5,6,137.0,151.5,156.0,132.0,144.0,20952.0,69
2023-05-11 14:58:01,MA311P2325,MA311P2325,138.5,0.0,0.0,0.0,6,138.0,138.5,3,137.0,151.5,156.0,132.0,144.0,20952.0,69
2023-05-11 14:58:01,MA311P2325,MA311P2325,139.0,6.0,798.0,0.0,3,139.0,146.0,3,137.0,151.5,156.0,132.0,150.0,21750.0,69
2023-05-11 14:58:05,MA311P2325,MA311P2325,139.0,0.0,0.0,0.0,3,139.0,0.0,0,137.0,151.5,156.0,132.0,150.0,21750.0,69
2023-05-11 14:59:20,MA311P2325,MA311P2325,139.0,0.0,0.0,0.0,3,139.0,143.0,3,137.0,151.5,156.0,132.0,150.0,21750.0,69
2023-05-11 14:59:22,MA311P2325,MA311P2325,139.0,0.0,0.0,0.0,3,139.0,139.5,3,137.0,151.5,156.0,132.0,150.0,21750.0,69
2023-05-11 14:59:25,MA311P2325,MA311P2325,139.0,0.0,0.0,0.0,6,139.0,139.5,6,137.0,151.5,156.0,132.0,150.0,21750.0,69
2023-05-11 14:59:26,MA311P2325,MA311P2325,139.0,0.0,0.0,0.0,9,139.0,139.5,9,137.0,151.5,156.0,132.0,150.0,21750.0,69
2023-05-11 14:59:34,MA311P2325,MA311P2325,139.0,0.0,0.0,0.0,9,139.0,139.5,6,137.0,151.5,156.0,132.0,150.0,21750.0,69
2023-05-11 14:59:36,MA311P2325,MA311P2325,139.0,0.0,0.0,0.0,12,139.0,139.5,9,137.0,151.5,156.0,132.0,150.0,21750.0,69
2023-05-11 14:59:38,MA311P2325,MA311P2325,139.0,0.0,0.0,0.0,9,139.0,139.5,6,137.0,151.5,156.0,132.0,150.0,21750.0,69
2023-05-11 14:59:44,MA311P2325,MA311P2325,139.0,0.0,0.0,0.0,6,139.0,139.5,3,137.0,151.5,156.0,132.0,150.0,21750.0,69
2023-05-11 14:59:48,MA311P2325,MA311P2325,139.0,0.0,0.0,0.0,3,139.0,147.0,3,137.0,151.5,156.0,132.0,150.0,21750.0,69
2023-05-11 14:59:50,MA311P2325,MA311P2325,139.0,0.0,0.0,0.0,3,139.0,0.0,0,137.0,151.5,156.0,132.0,150.0,21750.0,69
2023-05-11 14:59:50,MA311P2325,MA311P2325,139.0,0.0,0.0,0.0,3,139.0,0.0,0,137.0,151.5,156.0,132.0,150.0,21750.0,69
