time,symbol_id,symbol_name,last,trade_volume,trade_amount,open_interest_change,bv1,bp1,ap1,av1,yesterday_close,today_open,today_high,today_low,volume,amount,open_interest
2023-05-10 19:12:58,MA312C2450,MA312C2450,85.5,0.0,0.0,0.0,0,0.0,0.0,0,85.5,74.5,0.0,0.0,0.0,0.0,37
2023-05-10 20:59:00,MA312C2450,MA312C2450,85.5,0.0,0.0,0.0,1,0.5,0.0,0,85.5,74.5,0.0,0.0,0.0,0.0,37
2023-05-10 21:00:02,MA312C2450,MA312C2450,85.5,0.0,0.0,0.0,10,1.0,0.0,0,85.5,74.5,0.0,0.0,0.0,0.0,37
2023-05-10 21:00:13,MA312C2450,MA312C2450,85.5,0.0,0.0,0.0,1,5.5,0.0,0,85.5,74.5,0.0,0.0,0.0,0.0,37
2023-05-10 21:00:13,MA312C2450,MA312C2450,85.5,0.0,0.0,0.0,10,6.0,0.0,0,85.5,74.5,0.0,0.0,0.0,0.0,37
2023-05-10 21:00:15,MA312C2450,MA312C2450,85.5,0.0,0.0,0.0,11,6.0,0.0,0,85.5,74.5,0.0,0.0,0.0,0.0,37
2023-05-10 21:00:56,MA312C2450,MA312C2450,85.5,0.0,0.0,0.0,1,6.5,0.0,0,85.5,74.5,0.0,0.0,0.0,0.0,37
2023-05-10 21:00:56,MA312C2450,MA312C2450,85.5,0.0,0.0,0.0,10,7.0,0.0,0,85.5,74.5,0.0,0.0,0.0,0.0,37
2023-05-10 21:01:17,MA312C2450,MA312C2450,85.5,0.0,0.0,0.0,1,13.5,0.0,0,85.5,74.5,0.0,0.0,0.0,0.0,37
2023-05-10 21:01:18,MA312C2450,MA312C2450,85.5,0.0,0.0,0.0,10,14.0,0.0,0,85.5,74.5,0.0,0.0,0.0,0.0,37
2023-05-10 21:01:33,MA312C2450,MA312C2450,85.5,0.0,0.0,0.0,1,14.5,0.0,0,85.5,74.5,0.0,0.0,0.0,0.0,37
2023-05-10 21:01:33,MA312C2450,MA312C2450,85.5,0.0,0.0,0.0,10,15.0,0.0,0,85.5,74.5,0.0,0.0,0.0,0.0,37
2023-05-10 21:01:39,MA312C2450,MA312C2450,85.5,0.0,0.0,0.0,1,15.5,0.0,0,85.5,74.5,0.0,0.0,0.0,0.0,37
2023-05-10 21:01:39,MA312C2450,MA312C2450,85.5,0.0,0.0,0.0,10,16.0,0.0,0,85.5,74.5,0.0,0.0,0.0,0.0,37
2023-05-10 21:01:42,MA312C2450,MA312C2450,85.5,0.0,0.0,0.0,1,16.5,0.0,0,85.5,74.5,0.0,0.0,0.0,0.0,37
2023-05-10 21:01:42,MA312C2450,MA312C2450,85.5,0.0,0.0,0.0,10,17.0,0.0,0,85.5,74.5,0.0,0.0,0.0,0.0,37
2023-05-10 21:01:44,MA312C2450,MA312C2450,85.5,0.0,0.0,0.0,1,17.5,0.0,0,85.5,74.5,0.0,0.0,0.0,0.0,37
2023-05-10 21:01:45,MA312C2450,MA312C2450,85.5,0.0,0.0,0.0,10,18.0,0.0,0,85.5,74.5,0.0,0.0,0.0,0.0,37
2023-05-10 21:01:46,MA312C2450,MA312C2450,85.5,0.0,0.0,0.0,1,18.5,0.0,0,85.5,74.5,0.0,0.0,0.0,0.0,37
2023-05-10 21:01:47,MA312C2450,MA312C2450,85.5,0.0,0.0,0.0,10,19.0,0.0,0,85.5,74.5,0.0,0.0,0.0,0.0,37
2023-05-10 21:01:48,MA312C2450,MA312C2450,85.5,0.0,0.0,0.0,1,19.5,0.0,0,85.5,74.5,0.0,0.0,0.0,0.0,37
2023-05-10 21:01:49,MA312C2450,MA312C2450,85.5,0.0,0.0,0.0,10,20.0,0.0,0,85.5,74.5,0.0,0.0,0.0,0.0,37
2023-05-10 21:01:50,MA312C2450,MA312C2450,85.5,0.0,0.0,0.0,1,20.5,0.0,0,85.5,74.5,0.0,0.0,0.0,0.0,37
2023-05-10 21:01:50,MA312C2450,MA312C2450,85.5,0.0,0.0,0.0,10,21.0,0.0,0,85.5,74.5,0.0,0.0,0.0,0.0,37
2023-05-10 21:01:52,MA312C2450,MA312C2450,85.5,0.0,0.0,0.0,1,21.5,0.0,0,85.5,74.5,0.0,0.0,0.0,0.0,37
2023-05-10 21:01:52,MA312C2450,MA312C2450,85.5,0.0,0.0,0.0,10,22.0,0.0,0,85.5,74.5,0.0,0.0,0.0,0.0,37
2023-05-10 21:01:54,MA312C2450,MA312C2450,85.5,0.0,0.0,0.0,1,22.5,0.0,0,85.5,74.5,0.0,0.0,0.0,0.0,37
2023-05-10 21:01:54,MA312C2450,MA312C2450,85.5,0.0,0.0,0.0,10,23.0,0.0,0,85.5,74.5,0.0,0.0,0.0,0.0,37
2023-05-10 21:01:55,MA312C2450,MA312C2450,85.5,0.0,0.0,0.0,1,23.5,0.0,0,85.5,74.5,0.0,0.0,0.0,0.0,37
2023-05-10 21:01:56,MA312C2450,MA312C2450,85.5,0.0,0.0,0.0,10,24.0,0.0,0,85.5,74.5,0.0,0.0,0.0,0.0,37
2023-05-10 21:01:57,MA312C2450,MA312C2450,85.5,0.0,0.0,0.0,1,24.5,0.0,0,85.5,74.5,0.0,0.0,0.0,0.0,37
2023-05-10 21:01:57,MA312C2450,MA312C2450,85.5,0.0,0.0,0.0,10,25.0,0.0,0,85.5,74.5,0.0,0.0,0.0,0.0,37
2023-05-10 21:01:58,MA312C2450,MA312C2450,85.5,0.0,0.0,0.0,1,25.5,0.0,0,85.5,74.5,0.0,0.0,0.0,0.0,37
2023-05-10 21:01:58,MA312C2450,MA312C2450,85.5,0.0,0.0,0.0,10,26.0,0.0,0,85.5,74.5,0.0,0.0,0.0,0.0,37
2023-05-10 21:01:59,MA312C2450,MA312C2450,85.5,0.0,0.0,0.0,1,26.5,0.0,0,85.5,74.5,0.0,0.0,0.0,0.0,37
2023-05-10 21:02:00,MA312C2450,MA312C2450,85.5,0.0,0.0,0.0,10,27.0,0.0,0,85.5,74.5,0.0,0.0,0.0,0.0,37
2023-05-10 21:02:01,MA312C2450,MA312C2450,85.5,0.0,0.0,0.0,1,27.5,0.0,0,85.5,74.5,0.0,0.0,0.0,0.0,37
2023-05-10 21:02:01,MA312C2450,MA312C2450,85.5,0.0,0.0,0.0,10,28.0,0.0,0,85.5,74.5,0.0,0.0,0.0,0.0,37
2023-05-10 21:02:02,MA312C2450,MA312C2450,85.5,0.0,0.0,0.0,1,28.5,0.0,0,85.5,74.5,0.0,0.0,0.0,0.0,37
2023-05-10 21:02:02,MA312C2450,MA312C2450,85.5,0.0,0.0,0.0,10,29.0,0.0,0,85.5,74.5,0.0,0.0,0.0,0.0,37
2023-05-10 21:02:03,MA312C2450,MA312C2450,85.5,0.0,0.0,0.0,1,29.5,0.0,0,85.5,74.5,0.0,0.0,0.0,0.0,37
2023-05-10 21:02:04,MA312C2450,MA312C2450,85.5,0.0,0.0,0.0,10,30.0,0.0,0,85.5,74.5,0.0,0.0,0.0,0.0,37
2023-05-10 21:02:05,MA312C2450,MA312C2450,85.5,0.0,0.0,0.0,1,30.5,0.0,0,85.5,74.5,0.0,0.0,0.0,0.0,37
2023-05-10 21:02:05,MA312C2450,MA312C2450,85.5,0.0,0.0,0.0,10,31.0,0.0,0,85.5,74.5,0.0,0.0,0.0,0.0,37
2023-05-10 21:02:06,MA312C2450,MA312C2450,85.5,0.0,0.0,0.0,1,31.5,0.0,0,85.5,74.5,0.0,0.0,0.0,0.0,37
2023-05-10 21:02:06,MA312C2450,MA312C2450,85.5,0.0,0.0,0.0,10,32.0,0.0,0,85.5,74.5,0.0,0.0,0.0,0.0,37
2023-05-10 21:02:07,MA312C2450,MA312C2450,85.5,0.0,0.0,0.0,1,32.5,0.0,0,85.5,74.5,0.0,0.0,0.0,0.0,37
2023-05-10 21:02:08,MA312C2450,MA312C2450,85.5,0.0,0.0,0.0,10,33.0,0.0,0,85.5,74.5,0.0,0.0,0.0,0.0,37
2023-05-10 21:02:09,MA312C2450,MA312C2450,85.5,0.0,0.0,0.0,1,33.5,0.0,0,85.5,74.5,0.0,0.0,0.0,0.0,37
2023-05-10 21:02:09,MA312C2450,MA312C2450,85.5,0.0,0.0,0.0,10,34.0,0.0,0,85.5,74.5,0.0,0.0,0.0,0.0,37
2023-05-10 21:02:10,MA312C2450,MA312C2450,85.5,0.0,0.0,0.0,1,34.5,0.0,0,85.5,74.5,0.0,0.0,0.0,0.0,37
2023-05-10 21:02:11,MA312C2450,MA312C2450,85.5,0.0,0.0,0.0,10,35.0,0.0,0,85.5,74.5,0.0,0.0,0.0,0.0,37
2023-05-10 21:02:12,MA312C2450,MA312C2450,85.5,0.0,0.0,0.0,1,35.5,0.0,0,85.5,74.5,0.0,0.0,0.0,0.0,37
2023-05-10 21:02:12,MA312C2450,MA312C2450,85.5,0.0,0.0,0.0,10,36.0,0.0,0,85.5,74.5,0.0,0.0,0.0,0.0,37
2023-05-10 21:02:12,MA312C2450,MA312C2450,85.5,0.0,0.0,0.0,1,35.5,0.0,0,85.5,74.5,0.0,0.0,0.0,0.0,37
2023-05-10 21:02:12,MA312C2450,MA312C2450,85.5,0.0,0.0,0.0,10,36.0,0.0,0,85.5,74.5,0.0,0.0,0.0,0.0,37
2023-05-10 22:01:03,MA312C2450,MA312C2450,85.5,0.0,0.0,0.0,1,8.0,0.0,0,85.5,74.5,0.0,0.0,0.0,0.0,37
2023-05-10 22:01:03,MA312C2450,MA312C2450,85.5,0.0,0.0,0.0,1,8.5,0.0,0,85.5,74.5,0.0,0.0,0.0,0.0,37
2023-05-10 22:01:04,MA312C2450,MA312C2450,85.5,0.0,0.0,0.0,1,15.0,0.0,0,85.5,74.5,0.0,0.0,0.0,0.0,37
2023-05-10 22:02:19,MA312C2450,MA312C2450,85.5,0.0,0.0,0.0,10,15.5,0.0,0,85.5,74.5,0.0,0.0,0.0,0.0,37
2023-05-10 22:02:20,MA312C2450,MA312C2450,85.5,0.0,0.0,0.0,1,16.0,0.0,0,85.5,74.5,0.0,0.0,0.0,0.0,37
2023-05-10 22:02:20,MA312C2450,MA312C2450,85.5,0.0,0.0,0.0,10,16.5,0.0,0,85.5,74.5,0.0,0.0,0.0,0.0,37
2023-05-10 22:02:22,MA312C2450,MA312C2450,85.5,0.0,0.0,0.0,1,17.0,0.0,0,85.5,74.5,0.0,0.0,0.0,0.0,37
2023-05-10 22:02:22,MA312C2450,MA312C2450,85.5,0.0,0.0,0.0,10,17.5,0.0,0,85.5,74.5,0.0,0.0,0.0,0.0,37
2023-05-10 22:02:23,MA312C2450,MA312C2450,85.5,0.0,0.0,0.0,1,18.0,0.0,0,85.5,74.5,0.0,0.0,0.0,0.0,37
2023-05-10 22:02:23,MA312C2450,MA312C2450,85.5,0.0,0.0,0.0,10,18.5,0.0,0,85.5,74.5,0.0,0.0,0.0,0.0,37
2023-05-10 22:02:25,MA312C2450,MA312C2450,85.5,0.0,0.0,0.0,1,19.0,0.0,0,85.5,74.5,0.0,0.0,0.0,0.0,37
2023-05-10 22:02:25,MA312C2450,MA312C2450,85.5,0.0,0.0,0.0,10,19.5,0.0,0,85.5,74.5,0.0,0.0,0.0,0.0,37
2023-05-10 22:02:26,MA312C2450,MA312C2450,85.5,0.0,0.0,0.0,1,20.0,0.0,0,85.5,74.5,0.0,0.0,0.0,0.0,37
2023-05-10 22:02:26,MA312C2450,MA312C2450,85.5,0.0,0.0,0.0,10,20.5,0.0,0,85.5,74.5,0.0,0.0,0.0,0.0,37
2023-05-10 22:02:27,MA312C2450,MA312C2450,85.5,0.0,0.0,0.0,1,21.0,0.0,0,85.5,74.5,0.0,0.0,0.0,0.0,37
2023-05-10 22:02:28,MA312C2450,MA312C2450,85.5,0.0,0.0,0.0,10,21.5,0.0,0,85.5,74.5,0.0,0.0,0.0,0.0,37
2023-05-10 22:07:17,MA312C2450,MA312C2450,85.5,0.0,0.0,0.0,1,25.0,0.0,0,85.5,74.5,0.0,0.0,0.0,0.0,37
2023-05-10 22:07:17,MA312C2450,MA312C2450,85.5,0.0,0.0,0.0,10,25.5,0.0,0,85.5,74.5,0.0,0.0,0.0,0.0,37
2023-05-10 22:07:18,MA312C2450,MA312C2450,85.5,0.0,0.0,0.0,1,26.0,0.0,0,85.5,74.5,0.0,0.0,0.0,0.0,37
2023-05-10 22:07:18,MA312C2450,MA312C2450,85.5,0.0,0.0,0.0,10,26.5,0.0,0,85.5,74.5,0.0,0.0,0.0,0.0,37
2023-05-10 22:07:19,MA312C2450,MA312C2450,85.5,0.0,0.0,0.0,1,27.0,0.0,0,85.5,74.5,0.0,0.0,0.0,0.0,37
2023-05-10 22:07:19,MA312C2450,MA312C2450,85.5,0.0,0.0,0.0,10,27.5,0.0,0,85.5,74.5,0.0,0.0,0.0,0.0,37
2023-05-10 22:07:20,MA312C2450,MA312C2450,85.5,0.0,0.0,0.0,1,28.0,0.0,0,85.5,74.5,0.0,0.0,0.0,0.0,37
2023-05-10 22:07:20,MA312C2450,MA312C2450,85.5,0.0,0.0,0.0,10,28.5,0.0,0,85.5,74.5,0.0,0.0,0.0,0.0,37
2023-05-10 22:07:21,MA312C2450,MA312C2450,85.5,0.0,0.0,0.0,1,29.0,0.0,0,85.5,74.5,0.0,0.0,0.0,0.0,37
2023-05-10 22:07:21,MA312C2450,MA312C2450,85.5,0.0,0.0,0.0,10,29.5,0.0,0,85.5,74.5,0.0,0.0,0.0,0.0,37
2023-05-10 22:07:22,MA312C2450,MA312C2450,85.5,0.0,0.0,0.0,1,30.0,0.0,0,85.5,74.5,0.0,0.0,0.0,0.0,37
2023-05-10 22:07:22,MA312C2450,MA312C2450,85.5,0.0,0.0,0.0,10,30.5,0.0,0,85.5,74.5,0.0,0.0,0.0,0.0,37
2023-05-10 22:07:23,MA312C2450,MA312C2450,85.5,0.0,0.0,0.0,1,31.0,0.0,0,85.5,74.5,0.0,0.0,0.0,0.0,37
2023-05-10 22:07:23,MA312C2450,MA312C2450,85.5,0.0,0.0,0.0,10,31.5,0.0,0,85.5,74.5,0.0,0.0,0.0,0.0,37
2023-05-10 22:07:24,MA312C2450,MA312C2450,85.5,0.0,0.0,0.0,1,32.0,0.0,0,85.5,74.5,0.0,0.0,0.0,0.0,37
2023-05-10 22:07:24,MA312C2450,MA312C2450,85.5,0.0,0.0,0.0,10,32.5,0.0,0,85.5,74.5,0.0,0.0,0.0,0.0,37
2023-05-10 22:07:25,MA312C2450,MA312C2450,85.5,0.0,0.0,0.0,1,33.0,0.0,0,85.5,74.5,0.0,0.0,0.0,0.0,37
2023-05-10 22:07:25,MA312C2450,MA312C2450,85.5,0.0,0.0,0.0,10,33.5,0.0,0,85.5,74.5,0.0,0.0,0.0,0.0,37
2023-05-10 22:07:26,MA312C2450,MA312C2450,85.5,0.0,0.0,0.0,1,34.0,0.0,0,85.5,74.5,0.0,0.0,0.0,0.0,37
2023-05-10 22:07:26,MA312C2450,MA312C2450,85.5,0.0,0.0,0.0,10,34.5,0.0,0,85.5,74.5,0.0,0.0,0.0,0.0,37
2023-05-10 22:07:27,MA312C2450,MA312C2450,85.5,0.0,0.0,0.0,1,35.0,0.0,0,85.5,74.5,0.0,0.0,0.0,0.0,37
2023-05-10 22:07:27,MA312C2450,MA312C2450,85.5,0.0,0.0,0.0,10,35.5,0.0,0,85.5,74.5,0.0,0.0,0.0,0.0,37
2023-05-10 22:07:49,MA312C2450,MA312C2450,85.5,0.0,0.0,0.0,3,72.5,81.0,3,85.5,74.5,0.0,0.0,0.0,0.0,37
2023-05-10 22:07:50,MA312C2450,MA312C2450,85.5,0.0,0.0,0.0,6,72.5,81.0,6,85.5,74.5,0.0,0.0,0.0,0.0,37
2023-05-10 22:07:51,MA312C2450,MA312C2450,85.5,0.0,0.0,0.0,3,75.5,78.0,3,85.5,74.5,0.0,0.0,0.0,0.0,37
2023-05-10 22:07:53,MA312C2450,MA312C2450,85.5,0.0,0.0,0.0,6,75.5,78.0,3,85.5,74.5,0.0,0.0,0.0,0.0,37
2023-05-10 22:07:55,MA312C2450,MA312C2450,85.5,0.0,0.0,0.0,9,75.5,78.0,6,85.5,74.5,0.0,0.0,0.0,0.0,37
2023-05-10 22:07:56,MA312C2450,MA312C2450,85.5,0.0,0.0,0.0,12,75.5,78.0,6,85.5,74.5,0.0,0.0,0.0,0.0,37
2023-05-10 22:07:59,MA312C2450,MA312C2450,85.5,0.0,0.0,0.0,18,75.5,78.0,6,85.5,74.5,0.0,0.0,0.0,0.0,37
2023-05-10 22:07:59,MA312C2450,MA312C2450,85.5,0.0,0.0,0.0,18,75.5,78.0,9,85.5,74.5,0.0,0.0,0.0,0.0,37
2023-05-10 22:08:00,MA312C2450,MA312C2450,85.5,0.0,0.0,0.0,6,76.0,78.0,9,85.5,74.5,0.0,0.0,0.0,0.0,37
2023-05-10 22:08:01,MA312C2450,MA312C2450,85.5,0.0,0.0,0.0,12,76.0,78.0,9,85.5,74.5,0.0,0.0,0.0,0.0,37
2023-05-10 22:08:03,MA312C2450,MA312C2450,85.5,0.0,0.0,0.0,12,76.0,78.0,3,85.5,74.5,0.0,0.0,0.0,0.0,37
2023-05-10 22:08:04,MA312C2450,MA312C2450,85.5,0.0,0.0,0.0,9,76.5,77.5,6,85.5,74.5,0.0,0.0,0.0,0.0,37
2023-05-10 22:08:04,MA312C2450,MA312C2450,85.5,0.0,0.0,0.0,15,76.5,77.5,9,85.5,74.5,0.0,0.0,0.0,0.0,37
2023-05-10 22:08:11,MA312C2450,MA312C2450,85.5,0.0,0.0,0.0,12,76.5,77.5,6,85.5,74.5,0.0,0.0,0.0,0.0,37
2023-05-10 22:08:13,MA312C2450,MA312C2450,85.5,0.0,0.0,0.0,9,76.5,77.5,3,85.5,74.5,0.0,0.0,0.0,0.0,37
2023-05-10 22:08:16,MA312C2450,MA312C2450,85.5,0.0,0.0,0.0,3,73.0,81.0,3,85.5,74.5,0.0,0.0,0.0,0.0,37
2023-05-10 22:08:19,MA312C2450,MA312C2450,85.5,0.0,0.0,0.0,10,9.0,0.0,0,85.5,74.5,0.0,0.0,0.0,0.0,37
2023-05-10 22:08:19,MA312C2450,MA312C2450,85.5,0.0,0.0,0.0,1,15.5,0.0,0,85.5,74.5,0.0,0.0,0.0,0.0,37
2023-05-10 22:08:20,MA312C2450,MA312C2450,85.5,0.0,0.0,0.0,10,16.0,0.0,0,85.5,74.5,0.0,0.0,0.0,0.0,37
2023-05-10 22:08:21,MA312C2450,MA312C2450,85.5,0.0,0.0,0.0,1,22.5,0.0,0,85.5,74.5,0.0,0.0,0.0,0.0,37
2023-05-10 22:08:21,MA312C2450,MA312C2450,85.5,0.0,0.0,0.0,10,23.0,0.0,0,85.5,74.5,0.0,0.0,0.0,0.0,37
2023-05-10 22:08:22,MA312C2450,MA312C2450,85.5,0.0,0.0,0.0,1,26.5,0.0,0,85.5,74.5,0.0,0.0,0.0,0.0,37
2023-05-10 22:08:22,MA312C2450,MA312C2450,85.5,0.0,0.0,0.0,10,27.0,0.0,0,85.5,74.5,0.0,0.0,0.0,0.0,37
2023-05-10 22:08:23,MA312C2450,MA312C2450,85.5,0.0,0.0,0.0,1,27.5,0.0,0,85.5,74.5,0.0,0.0,0.0,0.0,37
2023-05-10 22:08:23,MA312C2450,MA312C2450,85.5,0.0,0.0,0.0,10,28.0,0.0,0,85.5,74.5,0.0,0.0,0.0,0.0,37
2023-05-10 22:08:24,MA312C2450,MA312C2450,85.5,0.0,0.0,0.0,1,28.5,0.0,0,85.5,74.5,0.0,0.0,0.0,0.0,37
2023-05-10 22:08:24,MA312C2450,MA312C2450,85.5,0.0,0.0,0.0,10,29.0,0.0,0,85.5,74.5,0.0,0.0,0.0,0.0,37
2023-05-10 22:08:25,MA312C2450,MA312C2450,85.5,0.0,0.0,0.0,1,29.5,0.0,0,85.5,74.5,0.0,0.0,0.0,0.0,37
2023-05-10 22:08:26,MA312C2450,MA312C2450,85.5,0.0,0.0,0.0,10,30.0,0.0,0,85.5,74.5,0.0,0.0,0.0,0.0,37
2023-05-10 22:08:26,MA312C2450,MA312C2450,85.5,0.0,0.0,0.0,1,30.5,0.0,0,85.5,74.5,0.0,0.0,0.0,0.0,37
2023-05-10 22:08:27,MA312C2450,MA312C2450,85.5,0.0,0.0,0.0,10,31.0,0.0,0,85.5,74.5,0.0,0.0,0.0,0.0,37
2023-05-10 22:24:36,MA312C2450,MA312C2450,85.5,0.0,0.0,0.0,3,70.5,78.5,3,85.5,74.5,0.0,0.0,0.0,0.0,37
2023-05-10 22:24:37,MA312C2450,MA312C2450,85.5,0.0,0.0,0.0,6,70.5,78.5,6,85.5,74.5,0.0,0.0,0.0,0.0,37
2023-05-10 22:24:38,MA312C2450,MA312C2450,85.5,0.0,0.0,0.0,3,72.5,75.0,3,85.5,74.5,0.0,0.0,0.0,0.0,37
2023-05-10 22:24:40,MA312C2450,MA312C2450,85.5,0.0,0.0,0.0,6,72.5,75.0,3,85.5,74.5,0.0,0.0,0.0,0.0,37
2023-05-10 22:24:42,MA312C2450,MA312C2450,85.5,0.0,0.0,0.0,9,72.5,75.0,6,85.5,74.5,0.0,0.0,0.0,0.0,37
2023-05-10 22:24:43,MA312C2450,MA312C2450,85.5,0.0,0.0,0.0,12,72.5,75.0,6,85.5,74.5,0.0,0.0,0.0,0.0,37
2023-05-10 22:24:46,MA312C2450,MA312C2450,85.5,0.0,0.0,0.0,15,72.5,75.0,9,85.5,74.5,0.0,0.0,0.0,0.0,37
2023-05-10 22:24:47,MA312C2450,MA312C2450,85.5,0.0,0.0,0.0,3,73.0,75.0,9,85.5,74.5,0.0,0.0,0.0,0.0,37
2023-05-10 22:24:48,MA312C2450,MA312C2450,85.5,0.0,0.0,0.0,9,73.0,75.0,9,85.5,74.5,0.0,0.0,0.0,0.0,37
2023-05-10 22:24:50,MA312C2450,MA312C2450,85.5,0.0,0.0,0.0,9,73.0,75.0,3,85.5,74.5,0.0,0.0,0.0,0.0,37
2023-05-10 22:24:51,MA312C2450,MA312C2450,85.5,0.0,0.0,0.0,3,73.5,74.5,3,85.5,74.5,0.0,0.0,0.0,0.0,37
2023-05-10 22:24:51,MA312C2450,MA312C2450,85.5,0.0,0.0,0.0,15,73.5,74.5,12,85.5,74.5,0.0,0.0,0.0,0.0,37
2023-05-10 22:24:53,MA312C2450,MA312C2450,74.5,3.0,223.5,0.0,3,74.0,74.5,9,85.5,74.5,74.5,74.5,3.0,223.5,37
2023-05-10 22:24:53,MA312C2450,MA312C2450,74.5,0.0,0.0,0.0,15,74.0,74.5,9,85.5,74.5,74.5,74.5,3.0,223.5,37
2023-05-10 22:24:58,MA312C2450,MA312C2450,74.5,0.0,0.0,0.0,12,74.0,74.5,6,85.5,74.5,74.5,74.5,3.0,223.5,37
2023-05-10 22:25:00,MA312C2450,MA312C2450,74.5,0.0,0.0,0.0,9,74.0,74.5,3,85.5,74.5,74.5,74.5,3.0,223.5,37
2023-05-10 22:25:03,MA312C2450,MA312C2450,74.5,0.0,0.0,0.0,6,74.0,75.0,3,85.5,74.5,74.5,74.5,3.0,223.5,37
2023-05-10 22:25:03,MA312C2450,MA312C2450,74.5,0.0,0.0,0.0,6,74.0,75.5,3,85.5,74.5,74.5,74.5,3.0,223.5,37
2023-05-10 22:25:03,MA312C2450,MA312C2450,74.5,0.0,0.0,0.0,3,74.0,78.0,3,85.5,74.5,74.5,74.5,3.0,223.5,37
2023-05-10 22:25:06,MA312C2450,MA312C2450,74.5,0.0,0.0,0.0,3,74.0,0.0,0,85.5,74.5,74.5,74.5,3.0,223.5,37
2023-05-10 22:31:53,MA312C2450,MA312C2450,74.5,0.0,0.0,0.0,3,74.0,78.5,3,85.5,74.5,74.5,74.5,3.0,223.5,37
2023-05-10 22:31:54,MA312C2450,MA312C2450,74.5,0.0,0.0,0.0,6,74.0,78.5,6,85.5,74.5,74.5,74.5,3.0,223.5,37
2023-05-10 22:31:55,MA312C2450,MA312C2450,74.5,0.0,0.0,0.0,6,74.0,75.0,3,85.5,74.5,74.5,74.5,3.0,223.5,37
2023-05-10 22:31:58,MA312C2450,MA312C2450,74.5,0.0,0.0,0.0,9,74.0,75.0,3,85.5,74.5,74.5,74.5,3.0,223.5,37
2023-05-10 22:31:59,MA312C2450,MA312C2450,74.5,0.0,0.0,0.0,12,74.0,75.0,6,85.5,74.5,74.5,74.5,3.0,223.5,37
2023-05-10 22:32:03,MA312C2450,MA312C2450,74.5,0.0,0.0,0.0,15,74.0,75.0,9,85.5,74.5,74.5,74.5,3.0,223.5,37
2023-05-10 22:32:06,MA312C2450,MA312C2450,74.5,0.0,0.0,0.0,12,74.0,75.0,9,85.5,74.5,74.5,74.5,3.0,223.5,37
2023-05-10 22:32:07,MA312C2450,MA312C2450,74.5,0.0,0.0,0.0,12,74.0,75.0,6,85.5,74.5,74.5,74.5,3.0,223.5,37
2023-05-10 22:32:07,MA312C2450,MA312C2450,74.5,0.0,0.0,0.0,12,74.0,75.0,3,85.5,74.5,74.5,74.5,3.0,223.5,37
2023-05-10 22:32:08,MA312C2450,MA312C2450,74.5,0.0,0.0,0.0,15,74.0,75.0,9,85.5,74.5,74.5,74.5,3.0,223.5,37
2023-05-10 22:32:08,MA312C2450,MA312C2450,74.5,0.0,0.0,0.0,18,74.0,75.0,12,85.5,74.5,74.5,74.5,3.0,223.5,37
2023-05-10 22:32:10,MA312C2450,MA312C2450,74.5,0.0,0.0,0.0,15,74.0,75.0,12,85.5,74.5,74.5,74.5,3.0,223.5,37
2023-05-10 22:32:10,MA312C2450,MA312C2450,74.5,0.0,0.0,0.0,18,74.0,75.0,12,85.5,74.5,74.5,74.5,3.0,223.5,37
2023-05-10 22:32:15,MA312C2450,MA312C2450,74.5,0.0,0.0,0.0,15,74.0,75.0,9,85.5,74.5,74.5,74.5,3.0,223.5,37
2023-05-10 22:32:17,MA312C2450,MA312C2450,74.5,0.0,0.0,0.0,12,74.0,75.0,6,85.5,74.5,74.5,74.5,3.0,223.5,37
2023-05-10 22:32:20,MA312C2450,MA312C2450,74.5,0.0,0.0,0.0,9,74.0,75.0,3,85.5,74.5,74.5,74.5,3.0,223.5,37
2023-05-10 22:32:20,MA312C2450,MA312C2450,74.5,0.0,0.0,0.0,6,74.0,75.5,3,85.5,74.5,74.5,74.5,3.0,223.5,37
2023-05-10 22:32:21,MA312C2450,MA312C2450,74.5,0.0,0.0,0.0,3,74.0,78.5,3,85.5,74.5,74.5,74.5,3.0,223.5,37
2023-05-10 22:32:23,MA312C2450,MA312C2450,74.5,0.0,0.0,0.0,3,74.0,0.0,0,85.5,74.5,74.5,74.5,3.0,223.5,37
2023-05-10 22:50:31,MA312C2450,MA312C2450,74.5,0.0,0.0,0.0,3,74.0,77.5,3,85.5,74.5,74.5,74.5,3.0,223.5,37
2023-05-10 22:50:32,MA312C2450,MA312C2450,74.5,0.0,0.0,0.0,6,74.0,77.5,6,85.5,74.5,74.5,74.5,3.0,223.5,37
2023-05-10 22:50:33,MA312C2450,MA312C2450,74.5,0.0,0.0,0.0,6,74.0,74.5,3,85.5,74.5,74.5,74.5,3.0,223.5,37
2023-05-10 22:50:36,MA312C2450,MA312C2450,74.5,0.0,0.0,0.0,9,74.0,74.5,3,85.5,74.5,74.5,74.5,3.0,223.5,37
2023-05-10 22:50:37,MA312C2450,MA312C2450,74.5,0.0,0.0,0.0,12,74.0,74.5,6,85.5,74.5,74.5,74.5,3.0,223.5,37
2023-05-10 22:50:38,MA312C2450,MA312C2450,74.0,3.0,223.5,0.0,9,74.0,74.5,6,85.5,74.5,74.5,74.0,6.0,447.0,37
2023-05-10 22:50:38,MA312C2450,MA312C2450,74.0,0.0,0.0,0.0,12,74.0,74.5,6,85.5,74.5,74.5,74.0,6.0,447.0,37
2023-05-10 22:50:41,MA312C2450,MA312C2450,74.0,0.0,0.0,0.0,12,74.0,74.5,9,85.5,74.5,74.5,74.0,6.0,447.0,37
2023-05-10 22:50:44,MA312C2450,MA312C2450,74.0,0.0,0.0,0.0,12,74.0,74.5,12,85.5,74.5,74.5,74.0,6.0,447.0,37
2023-05-10 22:50:45,MA312C2450,MA312C2450,74.0,0.0,0.0,0.0,12,74.0,74.5,9,85.5,74.5,74.5,74.0,6.0,447.0,37
2023-05-10 22:50:46,MA312C2450,MA312C2450,74.0,0.0,0.0,0.0,15,74.0,74.5,12,85.5,74.5,74.5,74.0,6.0,447.0,37
2023-05-10 22:50:47,MA312C2450,MA312C2450,74.0,0.0,0.0,0.0,18,74.0,74.5,12,85.5,74.5,74.5,74.0,6.0,447.0,37
2023-05-10 22:50:48,MA312C2450,MA312C2450,74.0,0.0,0.0,0.0,15,74.0,74.5,12,85.5,74.5,74.5,74.0,6.0,447.0,37
2023-05-10 22:50:48,MA312C2450,MA312C2450,74.0,0.0,0.0,0.0,18,74.0,74.5,12,85.5,74.5,74.5,74.0,6.0,447.0,37
2023-05-10 22:50:50,MA312C2450,MA312C2450,74.0,0.0,0.0,0.0,15,74.0,74.5,12,85.5,74.5,74.5,74.0,6.0,447.0,37
2023-05-10 22:50:52,MA312C2450,MA312C2450,74.0,0.0,0.0,0.0,15,74.0,74.5,9,85.5,74.5,74.5,74.0,6.0,447.0,37
2023-05-10 22:50:53,MA312C2450,MA312C2450,74.0,0.0,0.0,0.0,12,74.0,74.5,6,85.5,74.5,74.5,74.0,6.0,447.0,37
2023-05-10 22:50:55,MA312C2450,MA312C2450,74.0,0.0,0.0,0.0,9,74.0,74.5,3,85.5,74.5,74.5,74.0,6.0,447.0,37
2023-05-10 22:50:58,MA312C2450,MA312C2450,74.0,0.0,0.0,0.0,6,74.0,75.0,6,85.5,74.5,74.5,74.0,6.0,447.0,37
2023-05-10 22:50:58,MA312C2450,MA312C2450,74.0,0.0,0.0,0.0,3,74.0,75.5,3,85.5,74.5,74.5,74.0,6.0,447.0,37
2023-05-10 22:50:59,MA312C2450,MA312C2450,74.0,0.0,0.0,0.0,3,70.5,78.0,3,85.5,74.5,74.5,74.0,6.0,447.0,37
2023-05-10 22:51:01,MA312C2450,MA312C2450,74.0,0.0,0.0,0.0,1,8.5,0.0,0,85.5,74.5,74.5,74.0,6.0,447.0,37
2023-05-10 22:51:01,MA312C2450,MA312C2450,74.0,0.0,0.0,0.0,1,15.0,0.0,0,85.5,74.5,74.5,74.0,6.0,447.0,37
2023-05-10 22:51:02,MA312C2450,MA312C2450,74.0,0.0,0.0,0.0,10,15.5,0.0,0,85.5,74.5,74.5,74.0,6.0,447.0,37
2023-05-10 22:51:03,MA312C2450,MA312C2450,74.0,0.0,0.0,0.0,1,22.0,0.0,0,85.5,74.5,74.5,74.0,6.0,447.0,37
2023-05-10 22:51:03,MA312C2450,MA312C2450,74.0,0.0,0.0,0.0,10,22.5,0.0,0,85.5,74.5,74.5,74.0,6.0,447.0,37
2023-05-10 22:51:04,MA312C2450,MA312C2450,74.0,0.0,0.0,0.0,1,29.0,0.0,0,85.5,74.5,74.5,74.0,6.0,447.0,37
2023-05-10 22:51:05,MA312C2450,MA312C2450,74.0,0.0,0.0,0.0,10,29.5,0.0,0,85.5,74.5,74.5,74.0,6.0,447.0,37
2023-05-10 22:51:06,MA312C2450,MA312C2450,74.0,0.0,0.0,0.0,1,33.0,0.0,0,85.5,74.5,74.5,74.0,6.0,447.0,37
2023-05-10 22:51:06,MA312C2450,MA312C2450,74.0,0.0,0.0,0.0,10,33.5,0.0,0,85.5,74.5,74.5,74.0,6.0,447.0,37
2023-05-10 22:51:07,MA312C2450,MA312C2450,74.0,0.0,0.0,0.0,1,34.0,0.0,0,85.5,74.5,74.5,74.0,6.0,447.0,37
2023-05-10 22:51:07,MA312C2450,MA312C2450,74.0,0.0,0.0,0.0,10,34.5,0.0,0,85.5,74.5,74.5,74.0,6.0,447.0,37
2023-05-10 22:51:08,MA312C2450,MA312C2450,74.0,0.0,0.0,0.0,1,35.0,0.0,0,85.5,74.5,74.5,74.0,6.0,447.0,37
2023-05-10 22:51:09,MA312C2450,MA312C2450,74.0,0.0,0.0,0.0,10,35.5,0.0,0,85.5,74.5,74.5,74.0,6.0,447.0,37
2023-05-10 22:51:09,MA312C2450,MA312C2450,74.0,0.0,0.0,0.0,1,36.0,0.0,0,85.5,74.5,74.5,74.0,6.0,447.0,37
2023-05-10 22:51:10,MA312C2450,MA312C2450,74.0,0.0,0.0,0.0,10,36.5,0.0,0,85.5,74.5,74.5,74.0,6.0,447.0,37
2023-05-10 22:51:11,MA312C2450,MA312C2450,74.0,0.0,0.0,0.0,1,37.0,0.0,0,85.5,74.5,74.5,74.0,6.0,447.0,37
2023-05-10 22:51:11,MA312C2450,MA312C2450,74.0,0.0,0.0,0.0,10,37.5,0.0,0,85.5,74.5,74.5,74.0,6.0,447.0,37
2023-05-10 22:51:12,MA312C2450,MA312C2450,74.0,0.0,0.0,0.0,1,38.0,0.0,0,85.5,74.5,74.5,74.0,6.0,447.0,37
2023-05-10 22:51:12,MA312C2450,MA312C2450,74.0,0.0,0.0,0.0,10,38.5,0.0,0,85.5,74.5,74.5,74.0,6.0,447.0,37
2023-05-10 22:55:58,MA312C2450,MA312C2450,74.0,0.0,0.0,0.0,3,70.0,78.0,3,85.5,74.5,74.5,74.0,6.0,447.0,37
2023-05-10 22:56:00,MA312C2450,MA312C2450,74.0,0.0,0.0,0.0,6,70.0,78.0,6,85.5,74.5,74.5,74.0,6.0,447.0,37
2023-05-10 22:56:00,MA312C2450,MA312C2450,74.0,0.0,0.0,0.0,3,72.5,75.0,3,85.5,74.5,74.5,74.0,6.0,447.0,37
2023-05-10 22:56:04,MA312C2450,MA312C2450,74.0,0.0,0.0,0.0,6,72.5,75.0,3,85.5,74.5,74.5,74.0,6.0,447.0,37
2023-05-10 22:56:05,MA312C2450,MA312C2450,74.0,0.0,0.0,0.0,9,72.5,75.0,6,85.5,74.5,74.5,74.0,6.0,447.0,37
2023-05-10 22:56:08,MA312C2450,MA312C2450,74.0,0.0,0.0,0.0,12,72.5,75.0,9,85.5,74.5,74.5,74.0,6.0,447.0,37
2023-05-10 22:56:09,MA312C2450,MA312C2450,74.0,0.0,0.0,0.0,15,72.5,75.0,12,85.5,74.5,74.5,74.0,6.0,447.0,37
2023-05-10 22:56:10,MA312C2450,MA312C2450,74.0,0.0,0.0,0.0,9,73.5,75.0,12,85.5,74.5,74.5,74.0,6.0,447.0,37
2023-05-10 22:56:11,MA312C2450,MA312C2450,74.0,0.0,0.0,0.0,15,73.5,75.0,12,85.5,74.5,74.5,74.0,6.0,447.0,37
2023-05-10 22:56:12,MA312C2450,MA312C2450,74.0,0.0,0.0,0.0,15,73.5,75.0,9,85.5,74.5,74.5,74.0,6.0,447.0,37
2023-05-10 22:56:14,MA312C2450,MA312C2450,74.0,0.0,0.0,0.0,3,74.0,75.0,12,85.5,74.5,74.5,74.0,6.0,447.0,37
2023-05-10 22:56:14,MA312C2450,MA312C2450,74.0,0.0,0.0,0.0,15,74.0,75.0,15,85.5,74.5,74.5,74.0,6.0,447.0,37
2023-05-10 22:56:16,MA312C2450,MA312C2450,74.0,0.0,0.0,0.0,18,74.0,75.0,15,85.5,74.5,74.5,74.0,6.0,447.0,37
2023-05-10 22:56:21,MA312C2450,MA312C2450,74.0,0.0,0.0,0.0,15,74.0,75.0,12,85.5,74.5,74.5,74.0,6.0,447.0,37
2023-05-10 22:56:23,MA312C2450,MA312C2450,74.0,0.0,0.0,0.0,12,74.0,75.0,9,85.5,74.5,74.5,74.0,6.0,447.0,37
2023-05-10 22:56:25,MA312C2450,MA312C2450,74.0,0.0,0.0,0.0,9,74.0,75.0,9,85.5,74.5,74.5,74.0,6.0,447.0,37
2023-05-10 22:56:25,MA312C2450,MA312C2450,74.0,0.0,0.0,0.0,3,74.0,75.0,3,85.5,74.5,74.5,74.0,6.0,447.0,37
2023-05-10 22:56:26,MA312C2450,MA312C2450,74.0,0.0,0.0,0.0,3,70.5,78.5,3,85.5,74.5,74.5,74.0,6.0,447.0,37
2023-05-10 22:56:28,MA312C2450,MA312C2450,74.0,0.0,0.0,0.0,1,16.0,0.0,0,85.5,74.5,74.5,74.0,6.0,447.0,37
2023-05-10 22:56:29,MA312C2450,MA312C2450,74.0,0.0,0.0,0.0,1,22.5,0.0,0,85.5,74.5,74.5,74.0,6.0,447.0,37
2023-05-10 22:56:29,MA312C2450,MA312C2450,74.0,0.0,0.0,0.0,10,23.0,0.0,0,85.5,74.5,74.5,74.0,6.0,447.0,37
2023-05-10 22:56:30,MA312C2450,MA312C2450,74.0,0.0,0.0,0.0,1,29.5,0.0,0,85.5,74.5,74.5,74.0,6.0,447.0,37
2023-05-10 22:56:30,MA312C2450,MA312C2450,74.0,0.0,0.0,0.0,10,30.0,0.0,0,85.5,74.5,74.5,74.0,6.0,447.0,37
2023-05-10 22:56:31,MA312C2450,MA312C2450,74.0,0.0,0.0,0.0,1,36.5,0.0,0,85.5,74.5,74.5,74.0,6.0,447.0,37
2023-05-10 22:56:31,MA312C2450,MA312C2450,74.0,0.0,0.0,0.0,10,37.0,0.0,0,85.5,74.5,74.5,74.0,6.0,447.0,37
2023-05-10 22:56:32,MA312C2450,MA312C2450,74.0,0.0,0.0,0.0,1,43.5,0.0,0,85.5,74.5,74.5,74.0,6.0,447.0,37
2023-05-10 22:56:33,MA312C2450,MA312C2450,74.0,0.0,0.0,0.0,10,44.0,0.0,0,85.5,74.5,74.5,74.0,6.0,447.0,37
2023-05-10 22:56:34,MA312C2450,MA312C2450,74.0,0.0,0.0,0.0,1,44.5,0.0,0,85.5,74.5,74.5,74.0,6.0,447.0,37
2023-05-10 22:56:34,MA312C2450,MA312C2450,74.0,0.0,0.0,0.0,10,45.0,0.0,0,85.5,74.5,74.5,74.0,6.0,447.0,37
2023-05-10 22:56:35,MA312C2450,MA312C2450,74.0,0.0,0.0,0.0,1,45.5,0.0,0,85.5,74.5,74.5,74.0,6.0,447.0,37
2023-05-10 22:56:35,MA312C2450,MA312C2450,74.0,0.0,0.0,0.0,10,46.0,0.0,0,85.5,74.5,74.5,74.0,6.0,447.0,37
2023-05-10 22:56:36,MA312C2450,MA312C2450,74.0,0.0,0.0,0.0,1,46.5,0.0,0,85.5,74.5,74.5,74.0,6.0,447.0,37
2023-05-10 22:56:36,MA312C2450,MA312C2450,74.0,0.0,0.0,0.0,10,16.5,0.0,0,85.5,74.5,74.5,74.0,6.0,447.0,37
2023-05-10 22:56:36,MA312C2450,MA312C2450,74.0,0.0,0.0,0.0,1,23.0,0.0,0,85.5,74.5,74.5,74.0,6.0,447.0,37
2023-05-10 22:56:37,MA312C2450,MA312C2450,74.0,0.0,0.0,0.0,10,23.5,0.0,0,85.5,74.5,74.5,74.0,6.0,447.0,37
2023-05-10 22:56:38,MA312C2450,MA312C2450,74.0,0.0,0.0,0.0,1,27.0,0.0,0,85.5,74.5,74.5,74.0,6.0,447.0,37
2023-05-10 22:56:38,MA312C2450,MA312C2450,74.0,0.0,0.0,0.0,10,27.5,0.0,0,85.5,74.5,74.5,74.0,6.0,447.0,37
2023-05-10 22:56:39,MA312C2450,MA312C2450,74.0,0.0,0.0,0.0,1,28.0,0.0,0,85.5,74.5,74.5,74.0,6.0,447.0,37
2023-05-10 22:56:39,MA312C2450,MA312C2450,74.0,0.0,0.0,0.0,10,28.5,0.0,0,85.5,74.5,74.5,74.0,6.0,447.0,37
2023-05-10 22:56:40,MA312C2450,MA312C2450,74.0,0.0,0.0,0.0,1,29.0,0.0,0,85.5,74.5,74.5,74.0,6.0,447.0,37
2023-05-10 22:56:40,MA312C2450,MA312C2450,74.0,0.0,0.0,0.0,10,29.5,0.0,0,85.5,74.5,74.5,74.0,6.0,447.0,37
2023-05-10 22:56:41,MA312C2450,MA312C2450,74.0,0.0,0.0,0.0,1,30.0,0.0,0,85.5,74.5,74.5,74.0,6.0,447.0,37
2023-05-10 22:56:42,MA312C2450,MA312C2450,74.0,0.0,0.0,0.0,10,30.5,0.0,0,85.5,74.5,74.5,74.0,6.0,447.0,37
2023-05-10 22:57:35,MA312C2450,MA312C2450,74.0,0.0,0.0,0.0,1,16.0,0.0,0,85.5,74.5,74.5,74.0,6.0,447.0,37
2023-05-11 09:00:00,MA312C2450,MA312C2450,74.0,0.0,0.0,0.0,1,2.5,0.0,0,85.5,74.5,74.5,74.0,6.0,447.0,37
2023-05-11 09:00:10,MA312C2450,MA312C2450,74.0,0.0,0.0,0.0,10,3.0,0.0,0,85.5,74.5,74.5,74.0,6.0,447.0,37
2023-05-11 09:00:29,MA312C2450,MA312C2450,74.0,0.0,0.0,0.0,1,3.5,0.0,0,85.5,74.5,74.5,74.0,6.0,447.0,37
2023-05-11 09:00:29,MA312C2450,MA312C2450,74.0,0.0,0.0,0.0,10,4.0,0.0,0,85.5,74.5,74.5,74.0,6.0,447.0,37
2023-05-11 09:01:18,MA312C2450,MA312C2450,74.0,0.0,0.0,0.0,1,10.5,0.0,0,85.5,74.5,74.5,74.0,6.0,447.0,37
2023-05-11 09:01:18,MA312C2450,MA312C2450,74.0,0.0,0.0,0.0,10,11.0,0.0,0,85.5,74.5,74.5,74.0,6.0,447.0,37
2023-05-11 09:01:40,MA312C2450,MA312C2450,74.0,0.0,0.0,0.0,1,17.5,0.0,0,85.5,74.5,74.5,74.0,6.0,447.0,37
2023-05-11 09:01:40,MA312C2450,MA312C2450,74.0,0.0,0.0,0.0,10,18.0,0.0,0,85.5,74.5,74.5,74.0,6.0,447.0,37
2023-05-11 09:01:42,MA312C2450,MA312C2450,74.0,0.0,0.0,0.0,1,21.5,0.0,0,85.5,74.5,74.5,74.0,6.0,447.0,37
2023-05-11 09:01:42,MA312C2450,MA312C2450,74.0,0.0,0.0,0.0,10,22.0,0.0,0,85.5,74.5,74.5,74.0,6.0,447.0,37
2023-05-11 09:01:43,MA312C2450,MA312C2450,74.0,0.0,0.0,0.0,1,25.5,0.0,0,85.5,74.5,74.5,74.0,6.0,447.0,37
2023-05-11 09:01:43,MA312C2450,MA312C2450,74.0,0.0,0.0,0.0,10,26.0,0.0,0,85.5,74.5,74.5,74.0,6.0,447.0,37
2023-05-11 09:01:45,MA312C2450,MA312C2450,74.0,0.0,0.0,0.0,1,26.5,0.0,0,85.5,74.5,74.5,74.0,6.0,447.0,37
2023-05-11 09:01:45,MA312C2450,MA312C2450,74.0,0.0,0.0,0.0,10,27.0,0.0,0,85.5,74.5,74.5,74.0,6.0,447.0,37
2023-05-11 09:01:46,MA312C2450,MA312C2450,74.0,0.0,0.0,0.0,1,27.5,0.0,0,85.5,74.5,74.5,74.0,6.0,447.0,37
2023-05-11 09:01:46,MA312C2450,MA312C2450,74.0,0.0,0.0,0.0,10,28.0,0.0,0,85.5,74.5,74.5,74.0,6.0,447.0,37
2023-05-11 09:01:48,MA312C2450,MA312C2450,74.0,0.0,0.0,0.0,1,28.5,0.0,0,85.5,74.5,74.5,74.0,6.0,447.0,37
2023-05-11 09:01:48,MA312C2450,MA312C2450,74.0,0.0,0.0,0.0,10,29.0,0.0,0,85.5,74.5,74.5,74.0,6.0,447.0,37
2023-05-11 09:01:49,MA312C2450,MA312C2450,74.0,0.0,0.0,0.0,1,29.5,0.0,0,85.5,74.5,74.5,74.0,6.0,447.0,37
2023-05-11 09:01:49,MA312C2450,MA312C2450,74.0,0.0,0.0,0.0,10,30.0,0.0,0,85.5,74.5,74.5,74.0,6.0,447.0,37
2023-05-11 09:01:49,MA312C2450,MA312C2450,74.0,0.0,0.0,0.0,1,29.5,0.0,0,85.5,74.5,74.5,74.0,6.0,447.0,37
2023-05-11 09:01:49,MA312C2450,MA312C2450,74.0,0.0,0.0,0.0,10,30.0,0.0,0,85.5,74.5,74.5,74.0,6.0,447.0,37
2023-05-11 09:58:45,MA312C2450,MA312C2450,74.0,0.0,0.0,0.0,3,71.5,80.0,3,85.5,74.5,74.5,74.0,6.0,447.0,37
2023-05-11 09:58:46,MA312C2450,MA312C2450,74.0,0.0,0.0,0.0,6,71.5,80.0,6,85.5,74.5,74.5,74.0,6.0,447.0,37
2023-05-11 09:58:47,MA312C2450,MA312C2450,74.0,0.0,0.0,0.0,3,73.5,76.0,3,85.5,74.5,74.5,74.0,6.0,447.0,37
2023-05-11 09:58:51,MA312C2450,MA312C2450,74.0,0.0,0.0,0.0,6,73.5,76.0,3,85.5,74.5,74.5,74.0,6.0,447.0,37
2023-05-11 09:58:51,MA312C2450,MA312C2450,74.0,0.0,0.0,0.0,9,73.5,76.0,6,85.5,74.5,74.5,74.0,6.0,447.0,37
2023-05-11 09:58:55,MA312C2450,MA312C2450,74.0,0.0,0.0,0.0,12,73.5,76.0,9,85.5,74.5,74.5,74.0,6.0,447.0,37
2023-05-11 09:58:57,MA312C2450,MA312C2450,74.0,0.0,0.0,0.0,3,74.0,76.0,9,85.5,74.5,74.5,74.0,6.0,447.0,37
2023-05-11 09:58:57,MA312C2450,MA312C2450,74.0,0.0,0.0,0.0,9,74.0,76.0,9,85.5,74.5,74.5,74.0,6.0,447.0,37
2023-05-11 09:58:59,MA312C2450,MA312C2450,74.0,0.0,0.0,0.0,9,74.0,76.0,3,85.5,74.5,74.5,74.0,6.0,447.0,37
2023-05-11 09:59:00,MA312C2450,MA312C2450,74.0,0.0,0.0,0.0,12,74.0,76.0,9,85.5,74.5,74.5,74.0,6.0,447.0,37
2023-05-11 09:59:00,MA312C2450,MA312C2450,74.0,0.0,0.0,0.0,9,75.0,76.0,12,85.5,74.5,74.5,74.0,6.0,447.0,37
2023-05-11 09:59:01,MA312C2450,MA312C2450,74.0,0.0,0.0,0.0,12,75.0,76.0,12,85.5,74.5,74.5,74.0,6.0,447.0,37
2023-05-11 09:59:02,MA312C2450,MA312C2450,74.0,0.0,0.0,0.0,15,75.0,76.0,15,85.5,74.5,74.5,74.0,6.0,447.0,37
2023-05-11 09:59:08,MA312C2450,MA312C2450,74.0,0.0,0.0,0.0,12,75.0,76.0,12,85.5,74.5,74.5,74.0,6.0,447.0,37
2023-05-11 09:59:09,MA312C2450,MA312C2450,74.0,0.0,0.0,0.0,9,75.0,76.0,9,85.5,74.5,74.5,74.0,6.0,447.0,37
2023-05-11 09:59:12,MA312C2450,MA312C2450,74.0,0.0,0.0,0.0,6,75.0,76.0,6,85.5,74.5,74.5,74.0,6.0,447.0,37
2023-05-11 09:59:13,MA312C2450,MA312C2450,74.0,0.0,0.0,0.0,3,74.5,76.5,3,85.5,74.5,74.5,74.0,6.0,447.0,37
2023-05-11 09:59:13,MA312C2450,MA312C2450,74.0,0.0,0.0,0.0,3,71.5,79.5,3,85.5,74.5,74.5,74.0,6.0,447.0,37
2023-05-11 09:59:15,MA312C2450,MA312C2450,74.0,0.0,0.0,0.0,10,9.5,0.0,0,85.5,74.5,74.5,74.0,6.0,447.0,37
2023-05-11 09:59:15,MA312C2450,MA312C2450,74.0,0.0,0.0,0.0,1,13.0,0.0,0,85.5,74.5,74.5,74.0,6.0,447.0,37
2023-05-11 09:59:16,MA312C2450,MA312C2450,74.0,0.0,0.0,0.0,10,13.5,0.0,0,85.5,74.5,74.5,74.0,6.0,447.0,37
2023-05-11 09:59:17,MA312C2450,MA312C2450,74.0,0.0,0.0,0.0,1,20.0,0.0,0,85.5,74.5,74.5,74.0,6.0,447.0,37
2023-05-11 09:59:17,MA312C2450,MA312C2450,74.0,0.0,0.0,0.0,10,20.5,0.0,0,85.5,74.5,74.5,74.0,6.0,447.0,37
2023-05-11 09:59:18,MA312C2450,MA312C2450,74.0,0.0,0.0,0.0,1,27.0,0.0,0,85.5,74.5,74.5,74.0,6.0,447.0,37
2023-05-11 09:59:18,MA312C2450,MA312C2450,74.0,0.0,0.0,0.0,10,27.5,0.0,0,85.5,74.5,74.5,74.0,6.0,447.0,37
2023-05-11 09:59:19,MA312C2450,MA312C2450,74.0,0.0,0.0,0.0,1,34.0,0.0,0,85.5,74.5,74.5,74.0,6.0,447.0,37
2023-05-11 09:59:19,MA312C2450,MA312C2450,74.0,0.0,0.0,0.0,10,34.5,0.0,0,85.5,74.5,74.5,74.0,6.0,447.0,37
2023-05-11 09:59:20,MA312C2450,MA312C2450,74.0,0.0,0.0,0.0,1,41.0,0.0,0,85.5,74.5,74.5,74.0,6.0,447.0,37
2023-05-11 09:59:20,MA312C2450,MA312C2450,74.0,0.0,0.0,0.0,10,41.5,0.0,0,85.5,74.5,74.5,74.0,6.0,447.0,37
2023-05-11 09:59:21,MA312C2450,MA312C2450,74.0,0.0,0.0,0.0,1,48.0,0.0,0,85.5,74.5,74.5,74.0,6.0,447.0,37
2023-05-11 09:59:21,MA312C2450,MA312C2450,74.0,0.0,0.0,0.0,10,48.5,0.0,0,85.5,74.5,74.5,74.0,6.0,447.0,37
2023-05-11 09:59:22,MA312C2450,MA312C2450,74.0,0.0,0.0,0.0,1,52.0,0.0,0,85.5,74.5,74.5,74.0,6.0,447.0,37
2023-05-11 09:59:22,MA312C2450,MA312C2450,74.0,0.0,0.0,0.0,10,52.5,0.0,0,85.5,74.5,74.5,74.0,6.0,447.0,37
2023-05-11 09:59:23,MA312C2450,MA312C2450,74.0,0.0,0.0,0.0,1,56.0,0.0,0,85.5,74.5,74.5,74.0,6.0,447.0,37
2023-05-11 09:59:23,MA312C2450,MA312C2450,74.0,0.0,0.0,0.0,10,56.5,0.0,0,85.5,74.5,74.5,74.0,6.0,447.0,37
2023-05-11 09:59:24,MA312C2450,MA312C2450,74.0,0.0,0.0,0.0,1,57.0,0.0,0,85.5,74.5,74.5,74.0,6.0,447.0,37
2023-05-11 10:02:34,MA312C2450,MA312C2450,74.0,0.0,0.0,0.0,10,57.5,0.0,0,85.5,74.5,74.5,74.0,6.0,447.0,37
2023-05-11 10:02:35,MA312C2450,MA312C2450,74.0,0.0,0.0,0.0,1,58.0,0.0,0,85.5,74.5,74.5,74.0,6.0,447.0,37
2023-05-11 10:06:11,MA312C2450,MA312C2450,74.0,0.0,0.0,0.0,10,58.5,0.0,0,85.5,74.5,74.5,74.0,6.0,447.0,37
2023-05-11 10:06:12,MA312C2450,MA312C2450,74.0,0.0,0.0,0.0,1,59.0,0.0,0,85.5,74.5,74.5,74.0,6.0,447.0,37
2023-05-11 10:12:11,MA312C2450,MA312C2450,74.0,0.0,0.0,0.0,10,9.5,0.0,0,85.5,74.5,74.5,74.0,6.0,447.0,37
2023-05-11 10:12:35,MA312C2450,MA312C2450,74.0,0.0,0.0,0.0,1,10.0,0.0,0,85.5,74.5,74.5,74.0,6.0,447.0,37
2023-05-11 10:12:35,MA312C2450,MA312C2450,74.0,0.0,0.0,0.0,10,10.5,0.0,0,85.5,74.5,74.5,74.0,6.0,447.0,37
2023-05-11 10:14:33,MA312C2450,MA312C2450,74.0,0.0,0.0,0.0,1,10.0,0.0,0,85.5,74.5,74.5,74.0,6.0,447.0,37
2023-05-11 10:30:05,MA312C2450,MA312C2450,74.0,0.0,0.0,0.0,10,10.5,0.0,0,85.5,74.5,74.5,74.0,6.0,447.0,37
2023-05-11 10:30:19,MA312C2450,MA312C2450,74.0,0.0,0.0,0.0,1,14.0,0.0,0,85.5,74.5,74.5,74.0,6.0,447.0,37
2023-05-11 10:30:20,MA312C2450,MA312C2450,74.0,0.0,0.0,0.0,10,14.5,0.0,0,85.5,74.5,74.5,74.0,6.0,447.0,37
2023-05-11 10:30:22,MA312C2450,MA312C2450,74.0,0.0,0.0,0.0,1,18.0,0.0,0,85.5,74.5,74.5,74.0,6.0,447.0,37
2023-05-11 10:30:23,MA312C2450,MA312C2450,74.0,0.0,0.0,0.0,10,18.5,0.0,0,85.5,74.5,74.5,74.0,6.0,447.0,37
2023-05-11 10:30:24,MA312C2450,MA312C2450,74.0,0.0,0.0,0.0,1,19.0,0.0,0,85.5,74.5,74.5,74.0,6.0,447.0,37
2023-05-11 10:30:24,MA312C2450,MA312C2450,74.0,0.0,0.0,0.0,10,19.5,0.0,0,85.5,74.5,74.5,74.0,6.0,447.0,37
2023-05-11 10:30:26,MA312C2450,MA312C2450,74.0,0.0,0.0,0.0,1,20.0,0.0,0,85.5,74.5,74.5,74.0,6.0,447.0,37
2023-05-11 10:30:26,MA312C2450,MA312C2450,74.0,0.0,0.0,0.0,10,20.5,0.0,0,85.5,74.5,74.5,74.0,6.0,447.0,37
2023-05-11 10:30:28,MA312C2450,MA312C2450,74.0,0.0,0.0,0.0,1,21.0,0.0,0,85.5,74.5,74.5,74.0,6.0,447.0,37
2023-05-11 10:30:28,MA312C2450,MA312C2450,74.0,0.0,0.0,0.0,10,21.5,0.0,0,85.5,74.5,74.5,74.0,6.0,447.0,37
2023-05-11 11:02:19,MA312C2450,MA312C2450,74.0,0.0,0.0,0.0,1,22.0,0.0,0,85.5,74.5,74.5,74.0,6.0,447.0,37
2023-05-11 11:02:19,MA312C2450,MA312C2450,74.0,0.0,0.0,0.0,11,22.5,0.0,0,85.5,74.5,74.5,74.0,6.0,447.0,37
2023-05-11 11:27:06,MA312C2450,MA312C2450,74.0,0.0,0.0,0.0,10,22.5,0.0,0,85.5,74.5,74.5,74.0,6.0,447.0,37
2023-05-11 11:29:33,MA312C2450,MA312C2450,74.0,0.0,0.0,0.0,1,22.0,0.0,0,85.5,74.5,74.5,74.0,6.0,447.0,37
2023-05-11 11:29:36,MA312C2450,MA312C2450,74.0,0.0,0.0,0.0,10,22.5,0.0,0,85.5,74.5,74.5,74.0,6.0,447.0,37
2023-05-11 11:29:38,MA312C2450,MA312C2450,74.0,0.0,0.0,0.0,1,22.0,0.0,0,85.5,74.5,74.5,74.0,6.0,447.0,37
2023-05-11 11:29:54,MA312C2450,MA312C2450,74.0,0.0,0.0,0.0,1,9.0,0.0,0,85.5,74.5,74.5,74.0,6.0,447.0,37
2023-05-11 13:30:00,MA312C2450,MA312C2450,74.0,0.0,0.0,0.0,1,9.5,0.0,0,85.5,74.5,74.5,74.0,6.0,447.0,37
2023-05-11 13:30:09,MA312C2450,MA312C2450,74.0,0.0,0.0,0.0,10,10.0,0.0,0,85.5,74.5,74.5,74.0,6.0,447.0,37
2023-05-11 13:30:46,MA312C2450,MA312C2450,74.0,0.0,0.0,0.0,3,79.0,88.0,3,85.5,74.5,74.5,74.0,6.0,447.0,37
2023-05-11 13:30:47,MA312C2450,MA312C2450,74.0,0.0,0.0,0.0,6,79.0,88.0,6,85.5,74.5,74.5,74.0,6.0,447.0,37
2023-05-11 13:30:49,MA312C2450,MA312C2450,74.0,0.0,0.0,0.0,3,81.0,83.5,3,85.5,74.5,74.5,74.0,6.0,447.0,37
2023-05-11 13:30:51,MA312C2450,MA312C2450,74.0,0.0,0.0,0.0,6,81.0,83.5,3,85.5,74.5,74.5,74.0,6.0,447.0,37
2023-05-11 13:30:52,MA312C2450,MA312C2450,74.0,0.0,0.0,0.0,9,81.0,83.5,6,85.5,74.5,74.5,74.0,6.0,447.0,37
2023-05-11 13:30:56,MA312C2450,MA312C2450,74.0,0.0,0.0,0.0,12,81.0,83.5,9,85.5,74.5,74.5,74.0,6.0,447.0,37
2023-05-11 13:30:57,MA312C2450,MA312C2450,74.0,0.0,0.0,0.0,3,82.0,83.5,9,85.5,74.5,74.5,74.0,6.0,447.0,37
2023-05-11 13:30:57,MA312C2450,MA312C2450,74.0,0.0,0.0,0.0,12,82.0,83.5,9,85.5,74.5,74.5,74.0,6.0,447.0,37
2023-05-11 13:31:01,MA312C2450,MA312C2450,74.0,0.0,0.0,0.0,15,82.0,83.5,9,85.5,74.5,74.5,74.0,6.0,447.0,37
2023-05-11 13:31:01,MA312C2450,MA312C2450,83.5,3.0,250.5,3.0,6,83.0,83.5,3,85.5,74.5,83.5,74.0,9.0,697.5,40
2023-05-11 13:31:02,MA312C2450,MA312C2450,83.5,0.0,0.0,0.0,9,83.0,83.5,3,85.5,74.5,83.5,74.0,9.0,697.5,40
2023-05-11 13:31:08,MA312C2450,MA312C2450,83.5,0.0,0.0,0.0,6,83.0,83.5,3,85.5,74.5,83.5,74.0,9.0,697.5,40
2023-05-11 13:31:13,MA312C2450,MA312C2450,83.5,0.0,0.0,0.0,6,83.0,84.0,9,85.5,74.5,83.5,74.0,9.0,697.5,40
2023-05-11 13:31:13,MA312C2450,MA312C2450,83.5,0.0,0.0,0.0,3,82.5,84.0,3,85.5,74.5,83.5,74.0,9.0,697.5,40
2023-05-11 13:31:14,MA312C2450,MA312C2450,83.5,0.0,0.0,0.0,3,79.0,87.5,3,85.5,74.5,83.5,74.0,9.0,697.5,40
2023-05-11 13:31:16,MA312C2450,MA312C2450,83.5,0.0,0.0,0.0,10,10.0,0.0,0,85.5,74.5,83.5,74.0,9.0,697.5,40
2023-05-11 13:31:22,MA312C2450,MA312C2450,83.5,0.0,0.0,0.0,1,10.5,0.0,0,85.5,74.5,83.5,74.0,9.0,697.5,40
2023-05-11 13:31:22,MA312C2450,MA312C2450,83.5,0.0,0.0,0.0,1,14.0,0.0,0,85.5,74.5,83.5,74.0,9.0,697.5,40
2023-05-11 13:31:23,MA312C2450,MA312C2450,83.5,0.0,0.0,0.0,10,14.5,0.0,0,85.5,74.5,83.5,74.0,9.0,697.5,40
2023-05-11 13:31:26,MA312C2450,MA312C2450,83.5,0.0,0.0,0.0,1,21.0,0.0,0,85.5,74.5,83.5,74.0,9.0,697.5,40
2023-05-11 13:31:26,MA312C2450,MA312C2450,83.5,0.0,0.0,0.0,10,21.5,0.0,0,85.5,74.5,83.5,74.0,9.0,697.5,40
2023-05-11 13:31:28,MA312C2450,MA312C2450,83.5,0.0,0.0,0.0,1,28.0,0.0,0,85.5,74.5,83.5,74.0,9.0,697.5,40
2023-05-11 13:31:28,MA312C2450,MA312C2450,83.5,0.0,0.0,0.0,10,28.5,0.0,0,85.5,74.5,83.5,74.0,9.0,697.5,40
2023-05-11 13:31:29,MA312C2450,MA312C2450,83.5,0.0,0.0,0.0,1,35.0,0.0,0,85.5,74.5,83.5,74.0,9.0,697.5,40
2023-05-11 13:31:30,MA312C2450,MA312C2450,83.5,0.0,0.0,0.0,10,35.5,0.0,0,85.5,74.5,83.5,74.0,9.0,697.5,40
2023-05-11 13:31:31,MA312C2450,MA312C2450,83.5,0.0,0.0,0.0,1,39.0,0.0,0,85.5,74.5,83.5,74.0,9.0,697.5,40
2023-05-11 13:31:31,MA312C2450,MA312C2450,83.5,0.0,0.0,0.0,10,39.5,0.0,0,85.5,74.5,83.5,74.0,9.0,697.5,40
2023-05-11 13:31:32,MA312C2450,MA312C2450,83.5,0.0,0.0,0.0,1,40.0,0.0,0,85.5,74.5,83.5,74.0,9.0,697.5,40
2023-05-11 13:31:33,MA312C2450,MA312C2450,83.5,0.0,0.0,0.0,10,40.5,0.0,0,85.5,74.5,83.5,74.0,9.0,697.5,40
2023-05-11 13:31:34,MA312C2450,MA312C2450,83.5,0.0,0.0,0.0,1,41.0,0.0,0,85.5,74.5,83.5,74.0,9.0,697.5,40
2023-05-11 13:31:34,MA312C2450,MA312C2450,83.5,0.0,0.0,0.0,10,41.5,0.0,0,85.5,74.5,83.5,74.0,9.0,697.5,40
2023-05-11 13:31:35,MA312C2450,MA312C2450,83.5,0.0,0.0,0.0,1,42.0,0.0,0,85.5,74.5,83.5,74.0,9.0,697.5,40
2023-05-11 13:31:35,MA312C2450,MA312C2450,83.5,0.0,0.0,0.0,10,42.5,0.0,0,85.5,74.5,83.5,74.0,9.0,697.5,40
2023-05-11 13:31:36,MA312C2450,MA312C2450,83.5,0.0,0.0,0.0,1,43.0,0.0,0,85.5,74.5,83.5,74.0,9.0,697.5,40
2023-05-11 13:31:37,MA312C2450,MA312C2450,83.5,0.0,0.0,0.0,10,43.5,0.0,0,85.5,74.5,83.5,74.0,9.0,697.5,40
2023-05-11 14:03:48,MA312C2450,MA312C2450,83.5,0.0,0.0,0.0,3,77.5,86.5,3,85.5,74.5,83.5,74.0,9.0,697.5,40
2023-05-11 14:03:49,MA312C2450,MA312C2450,83.5,0.0,0.0,0.0,6,77.5,86.5,6,85.5,74.5,83.5,74.0,9.0,697.5,40
2023-05-11 14:03:50,MA312C2450,MA312C2450,83.5,0.0,0.0,0.0,3,80.0,82.5,3,85.5,74.5,83.5,74.0,9.0,697.5,40
2023-05-11 14:03:52,MA312C2450,MA312C2450,83.5,0.0,0.0,0.0,6,80.0,82.5,3,85.5,74.5,83.5,74.0,9.0,697.5,40
2023-05-11 14:03:54,MA312C2450,MA312C2450,83.5,0.0,0.0,0.0,9,80.0,82.5,6,85.5,74.5,83.5,74.0,9.0,697.5,40
2023-05-11 14:03:58,MA312C2450,MA312C2450,83.5,0.0,0.0,0.0,12,80.0,82.5,9,85.5,74.5,83.5,74.0,9.0,697.5,40
2023-05-11 14:03:59,MA312C2450,MA312C2450,83.5,0.0,0.0,0.0,6,80.5,82.5,9,85.5,74.5,83.5,74.0,9.0,697.5,40
2023-05-11 14:03:59,MA312C2450,MA312C2450,83.5,0.0,0.0,0.0,9,80.5,82.5,9,85.5,74.5,83.5,74.0,9.0,697.5,40
2023-05-11 14:04:02,MA312C2450,MA312C2450,83.5,0.0,0.0,0.0,9,80.5,82.5,3,85.5,74.5,83.5,74.0,9.0,697.5,40
2023-05-11 14:04:03,MA312C2450,MA312C2450,83.5,0.0,0.0,0.0,9,82.0,82.5,12,85.5,74.5,83.5,74.0,9.0,697.5,40
2023-05-11 14:04:05,MA312C2450,MA312C2450,83.5,0.0,0.0,0.0,9,82.0,82.5,18,85.5,74.5,83.5,74.0,9.0,697.5,40
2023-05-11 14:04:06,MA312C2450,MA312C2450,83.5,0.0,0.0,0.0,6,82.0,82.5,15,85.5,74.5,83.5,74.0,9.0,697.5,40
2023-05-11 14:04:12,MA312C2450,MA312C2450,83.5,0.0,0.0,0.0,3,82.0,82.5,12,85.5,74.5,83.5,74.0,9.0,697.5,40
2023-05-11 14:04:14,MA312C2450,MA312C2450,83.5,0.0,0.0,0.0,9,81.5,82.5,9,85.5,74.5,83.5,74.0,9.0,697.5,40
2023-05-11 14:04:15,MA312C2450,MA312C2450,83.5,0.0,0.0,0.0,3,81.5,82.5,3,85.5,74.5,83.5,74.0,9.0,697.5,40
2023-05-11 14:04:15,MA312C2450,MA312C2450,83.5,0.0,0.0,0.0,3,78.0,86.5,3,85.5,74.5,83.5,74.0,9.0,697.5,40
2023-05-11 14:04:18,MA312C2450,MA312C2450,83.5,0.0,0.0,0.0,1,10.5,0.0,0,85.5,74.5,83.5,74.0,9.0,697.5,40
2023-05-11 14:04:18,MA312C2450,MA312C2450,83.5,0.0,0.0,0.0,10,11.0,0.0,0,85.5,74.5,83.5,74.0,9.0,697.5,40
2023-05-11 14:04:19,MA312C2450,MA312C2450,83.5,0.0,0.0,0.0,1,14.5,0.0,0,85.5,74.5,83.5,74.0,9.0,697.5,40
2023-05-11 14:04:19,MA312C2450,MA312C2450,83.5,0.0,0.0,0.0,10,15.0,0.0,0,85.5,74.5,83.5,74.0,9.0,697.5,40
2023-05-11 14:04:21,MA312C2450,MA312C2450,83.5,0.0,0.0,0.0,1,18.5,0.0,0,85.5,74.5,83.5,74.0,9.0,697.5,40
2023-05-11 14:04:21,MA312C2450,MA312C2450,83.5,0.0,0.0,0.0,10,19.0,0.0,0,85.5,74.5,83.5,74.0,9.0,697.5,40
2023-05-11 14:04:22,MA312C2450,MA312C2450,83.5,0.0,0.0,0.0,1,22.5,0.0,0,85.5,74.5,83.5,74.0,9.0,697.5,40
2023-05-11 14:04:23,MA312C2450,MA312C2450,83.5,0.0,0.0,0.0,10,23.0,0.0,0,85.5,74.5,83.5,74.0,9.0,697.5,40
2023-05-11 14:04:23,MA312C2450,MA312C2450,83.5,0.0,0.0,0.0,1,23.5,0.0,0,85.5,74.5,83.5,74.0,9.0,697.5,40
2023-05-11 14:04:24,MA312C2450,MA312C2450,83.5,0.0,0.0,0.0,10,24.0,0.0,0,85.5,74.5,83.5,74.0,9.0,697.5,40
2023-05-11 14:04:25,MA312C2450,MA312C2450,83.5,0.0,0.0,0.0,1,24.5,0.0,0,85.5,74.5,83.5,74.0,9.0,697.5,40
2023-05-11 14:04:25,MA312C2450,MA312C2450,83.5,0.0,0.0,0.0,10,25.0,0.0,0,85.5,74.5,83.5,74.0,9.0,697.5,40
2023-05-11 14:04:26,MA312C2450,MA312C2450,83.5,0.0,0.0,0.0,1,25.5,0.0,0,85.5,74.5,83.5,74.0,9.0,697.5,40
2023-05-11 14:04:26,MA312C2450,MA312C2450,83.5,0.0,0.0,0.0,10,26.0,0.0,0,85.5,74.5,83.5,74.0,9.0,697.5,40
2023-05-11 14:04:27,MA312C2450,MA312C2450,83.5,0.0,0.0,0.0,1,26.5,0.0,0,85.5,74.5,83.5,74.0,9.0,697.5,40
2023-05-11 14:04:28,MA312C2450,MA312C2450,83.5,0.0,0.0,0.0,10,27.0,0.0,0,85.5,74.5,83.5,74.0,9.0,697.5,40
2023-05-11 14:09:28,MA312C2450,MA312C2450,83.5,0.0,0.0,0.0,3,78.0,87.0,3,85.5,74.5,83.5,74.0,9.0,697.5,40
2023-05-11 14:09:29,MA312C2450,MA312C2450,83.5,0.0,0.0,0.0,6,78.0,87.0,6,85.5,74.5,83.5,74.0,9.0,697.5,40
2023-05-11 14:09:30,MA312C2450,MA312C2450,83.5,0.0,0.0,0.0,3,80.5,83.0,3,85.5,74.5,83.5,74.0,9.0,697.5,40
2023-05-11 14:09:33,MA312C2450,MA312C2450,83.5,0.0,0.0,0.0,6,80.5,83.0,3,85.5,74.5,83.5,74.0,9.0,697.5,40
2023-05-11 14:09:34,MA312C2450,MA312C2450,83.5,0.0,0.0,0.0,9,80.5,83.0,6,85.5,74.5,83.5,74.0,9.0,697.5,40
2023-05-11 14:09:35,MA312C2450,MA312C2450,83.0,1.0,82.5,0.0,9,80.5,83.0,5,85.5,74.5,83.5,74.0,10.0,780.0,40
2023-05-11 14:09:36,MA312C2450,MA312C2450,83.0,2.0,168.0,0.0,9,80.5,83.0,3,85.5,74.5,83.5,74.0,12.0,948.0,40
2023-05-11 14:09:38,MA312C2450,MA312C2450,83.0,0.0,0.0,0.0,12,80.5,83.0,3,85.5,74.5,83.5,74.0,12.0,948.0,40
2023-05-11 14:09:39,MA312C2450,MA312C2450,83.0,0.0,0.0,0.0,6,81.0,83.0,3,85.5,74.5,83.5,74.0,12.0,948.0,40
2023-05-11 14:09:40,MA312C2450,MA312C2450,83.0,0.0,0.0,0.0,9,81.0,83.0,3,85.5,74.5,83.5,74.0,12.0,948.0,40
2023-05-11 14:09:43,MA312C2450,MA312C2450,83.0,0.0,0.0,0.0,9,82.5,83.0,9,85.5,74.5,83.5,74.0,12.0,948.0,40
2023-05-11 14:09:44,MA312C2450,MA312C2450,83.0,0.0,0.0,0.0,15,82.5,83.0,9,85.5,74.5,83.5,74.0,12.0,948.0,40
2023-05-11 14:09:45,MA312C2450,MA312C2450,83.0,0.0,0.0,0.0,18,82.5,83.0,9,85.5,74.5,83.5,74.0,12.0,948.0,40
2023-05-11 14:09:50,MA312C2450,MA312C2450,83.0,0.0,0.0,0.0,15,82.5,83.0,6,85.5,74.5,83.5,74.0,12.0,948.0,40
2023-05-11 14:09:52,MA312C2450,MA312C2450,83.0,0.0,0.0,0.0,12,82.5,83.0,3,85.5,74.5,83.5,74.0,12.0,948.0,40
2023-05-11 14:09:55,MA312C2450,MA312C2450,83.0,0.0,0.0,0.0,6,82.5,83.5,9,85.5,74.5,83.5,74.0,12.0,948.0,40
2023-05-11 14:09:55,MA312C2450,MA312C2450,83.0,0.0,0.0,0.0,3,82.5,83.5,3,85.5,74.5,83.5,74.0,12.0,948.0,40
2023-05-11 14:09:56,MA312C2450,MA312C2450,83.0,0.0,0.0,0.0,3,78.5,87.0,3,85.5,74.5,83.5,74.0,12.0,948.0,40
2023-05-11 14:09:58,MA312C2450,MA312C2450,83.0,0.0,0.0,0.0,1,10.5,0.0,0,85.5,74.5,83.5,74.0,12.0,948.0,40
2023-05-11 14:09:58,MA312C2450,MA312C2450,83.0,0.0,0.0,0.0,1,17.0,0.0,0,85.5,74.5,83.5,74.0,12.0,948.0,40
2023-05-11 14:09:59,MA312C2450,MA312C2450,83.0,0.0,0.0,0.0,10,17.5,0.0,0,85.5,74.5,83.5,74.0,12.0,948.0,40
2023-05-11 14:09:59,MA312C2450,MA312C2450,83.0,0.0,0.0,0.0,1,21.0,0.0,0,85.5,74.5,83.5,74.0,12.0,948.0,40
2023-05-11 14:10:00,MA312C2450,MA312C2450,83.0,0.0,0.0,0.0,10,21.5,0.0,0,85.5,74.5,83.5,74.0,12.0,948.0,40
2023-05-11 14:10:01,MA312C2450,MA312C2450,83.0,0.0,0.0,0.0,1,22.0,0.0,0,85.5,74.5,83.5,74.0,12.0,948.0,40
2023-05-11 14:10:01,MA312C2450,MA312C2450,83.0,0.0,0.0,0.0,10,22.5,0.0,0,85.5,74.5,83.5,74.0,12.0,948.0,40
2023-05-11 14:10:02,MA312C2450,MA312C2450,83.0,0.0,0.0,0.0,1,23.0,0.0,0,85.5,74.5,83.5,74.0,12.0,948.0,40
2023-05-11 14:10:02,MA312C2450,MA312C2450,83.0,0.0,0.0,0.0,10,23.5,0.0,0,85.5,74.5,83.5,74.0,12.0,948.0,40
2023-05-11 14:10:03,MA312C2450,MA312C2450,83.0,0.0,0.0,0.0,1,24.0,0.0,0,85.5,74.5,83.5,74.0,12.0,948.0,40
2023-05-11 14:10:03,MA312C2450,MA312C2450,83.0,0.0,0.0,0.0,10,24.5,0.0,0,85.5,74.5,83.5,74.0,12.0,948.0,40
2023-05-11 14:10:04,MA312C2450,MA312C2450,83.0,0.0,0.0,0.0,1,25.0,0.0,0,85.5,74.5,83.5,74.0,12.0,948.0,40
2023-05-11 14:10:04,MA312C2450,MA312C2450,83.0,0.0,0.0,0.0,10,25.5,0.0,0,85.5,74.5,83.5,74.0,12.0,948.0,40
2023-05-11 14:10:05,MA312C2450,MA312C2450,83.0,0.0,0.0,0.0,1,26.0,0.0,0,85.5,74.5,83.5,74.0,12.0,948.0,40
2023-05-11 14:10:05,MA312C2450,MA312C2450,83.0,0.0,0.0,0.0,10,26.5,0.0,0,85.5,74.5,83.5,74.0,12.0,948.0,40
2023-05-11 14:10:06,MA312C2450,MA312C2450,83.0,0.0,0.0,0.0,1,27.0,0.0,0,85.5,74.5,83.5,74.0,12.0,948.0,40
2023-05-11 14:10:07,MA312C2450,MA312C2450,83.0,0.0,0.0,0.0,10,27.5,0.0,0,85.5,74.5,83.5,74.0,12.0,948.0,40
2023-05-11 14:10:07,MA312C2450,MA312C2450,83.0,0.0,0.0,0.0,1,28.0,0.0,0,85.5,74.5,83.5,74.0,12.0,948.0,40
2023-05-11 14:10:08,MA312C2450,MA312C2450,83.0,0.0,0.0,0.0,10,28.5,0.0,0,85.5,74.5,83.5,74.0,12.0,948.0,40
2023-05-11 14:10:08,MA312C2450,MA312C2450,83.0,0.0,0.0,0.0,1,29.0,0.0,0,85.5,74.5,83.5,74.0,12.0,948.0,40
2023-05-11 14:10:09,MA312C2450,MA312C2450,83.0,0.0,0.0,0.0,10,29.5,0.0,0,85.5,74.5,83.5,74.0,12.0,948.0,40
2023-05-11 14:10:09,MA312C2450,MA312C2450,83.0,0.0,0.0,0.0,1,30.0,0.0,0,85.5,74.5,83.5,74.0,12.0,948.0,40
2023-05-11 14:10:10,MA312C2450,MA312C2450,83.0,0.0,0.0,0.0,10,30.5,0.0,0,85.5,74.5,83.5,74.0,12.0,948.0,40
2023-05-11 14:10:10,MA312C2450,MA312C2450,83.0,0.0,0.0,0.0,1,31.0,0.0,0,85.5,74.5,83.5,74.0,12.0,948.0,40
2023-05-11 14:10:11,MA312C2450,MA312C2450,83.0,0.0,0.0,0.0,10,31.5,0.0,0,85.5,74.5,83.5,74.0,12.0,948.0,40
2023-05-11 14:10:11,MA312C2450,MA312C2450,83.0,0.0,0.0,0.0,1,32.0,0.0,0,85.5,74.5,83.5,74.0,12.0,948.0,40
2023-05-11 14:10:12,MA312C2450,MA312C2450,83.0,0.0,0.0,0.0,10,32.5,0.0,0,85.5,74.5,83.5,74.0,12.0,948.0,40
2023-05-11 14:10:13,MA312C2450,MA312C2450,83.0,0.0,0.0,0.0,1,33.0,0.0,0,85.5,74.5,83.5,74.0,12.0,948.0,40
2023-05-11 14:10:13,MA312C2450,MA312C2450,83.0,0.0,0.0,0.0,10,33.5,0.0,0,85.5,74.5,83.5,74.0,12.0,948.0,40
2023-05-11 14:25:40,MA312C2450,MA312C2450,83.0,0.0,0.0,0.0,3,77.0,86.0,3,85.5,74.5,83.5,74.0,12.0,948.0,40
2023-05-11 14:25:41,MA312C2450,MA312C2450,83.0,0.0,0.0,0.0,6,77.0,86.0,6,85.5,74.5,83.5,74.0,12.0,948.0,40
2023-05-11 14:25:42,MA312C2450,MA312C2450,83.0,0.0,0.0,0.0,3,79.0,81.5,3,85.5,74.5,83.5,74.0,12.0,948.0,40
2023-05-11 14:25:45,MA312C2450,MA312C2450,83.0,0.0,0.0,0.0,6,79.0,81.5,3,85.5,74.5,83.5,74.0,12.0,948.0,40
2023-05-11 14:25:46,MA312C2450,MA312C2450,83.0,0.0,0.0,0.0,9,79.0,81.5,6,85.5,74.5,83.5,74.0,12.0,948.0,40
2023-05-11 14:25:47,MA312C2450,MA312C2450,83.0,0.0,0.0,0.0,12,79.0,81.5,6,85.5,74.5,83.5,74.0,12.0,948.0,40
2023-05-11 14:25:50,MA312C2450,MA312C2450,83.0,0.0,0.0,0.0,15,79.0,81.5,9,85.5,74.5,83.5,74.0,12.0,948.0,40
2023-05-11 14:25:52,MA312C2450,MA312C2450,83.0,0.0,0.0,0.0,3,80.0,81.5,9,85.5,74.5,83.5,74.0,12.0,948.0,40
2023-05-11 14:25:53,MA312C2450,MA312C2450,83.0,0.0,0.0,0.0,12,80.0,81.5,9,85.5,74.5,83.5,74.0,12.0,948.0,40
2023-05-11 14:25:54,MA312C2450,MA312C2450,83.0,0.0,0.0,0.0,12,80.0,81.5,6,85.5,74.5,83.5,74.0,12.0,948.0,40
2023-05-11 14:25:54,MA312C2450,MA312C2450,83.0,0.0,0.0,0.0,12,80.0,81.5,3,85.5,74.5,83.5,74.0,12.0,948.0,40
2023-05-11 14:25:55,MA312C2450,MA312C2450,83.0,0.0,0.0,0.0,15,80.0,81.5,9,85.5,74.5,83.5,74.0,12.0,948.0,40
2023-05-11 14:25:55,MA312C2450,MA312C2450,81.5,3.0,244.5,0.0,12,80.0,81.5,3,85.5,74.5,83.5,74.0,15.0,1192.5,40
2023-05-11 14:25:56,MA312C2450,MA312C2450,81.5,0.0,0.0,0.0,6,81.0,81.5,3,85.5,74.5,83.5,74.0,15.0,1192.5,40
2023-05-11 14:25:56,MA312C2450,MA312C2450,81.5,0.0,0.0,0.0,9,81.0,81.5,3,85.5,74.5,83.5,74.0,15.0,1192.5,40
2023-05-11 14:26:02,MA312C2450,MA312C2450,81.5,0.0,0.0,0.0,6,81.0,81.5,3,85.5,74.5,83.5,74.0,15.0,1192.5,40
2023-05-11 14:26:07,MA312C2450,MA312C2450,81.5,0.0,0.0,0.0,3,81.0,82.0,3,85.5,74.5,83.5,74.0,15.0,1192.5,40
2023-05-11 14:26:07,MA312C2450,MA312C2450,81.5,0.0,0.0,0.0,3,77.0,85.5,3,85.5,74.5,83.5,74.0,15.0,1192.5,40
2023-05-11 14:26:10,MA312C2450,MA312C2450,81.5,0.0,0.0,0.0,10,11.0,0.0,0,85.5,74.5,83.5,74.0,15.0,1192.5,40
2023-05-11 14:26:11,MA312C2450,MA312C2450,81.5,0.0,0.0,0.0,1,17.5,0.0,0,85.5,74.5,83.5,74.0,15.0,1192.5,40
2023-05-11 14:26:11,MA312C2450,MA312C2450,81.5,0.0,0.0,0.0,10,18.0,0.0,0,85.5,74.5,83.5,74.0,15.0,1192.5,40
2023-05-11 14:26:12,MA312C2450,MA312C2450,81.5,0.0,0.0,0.0,1,21.5,0.0,0,85.5,74.5,83.5,74.0,15.0,1192.5,40
2023-05-11 14:26:12,MA312C2450,MA312C2450,81.5,0.0,0.0,0.0,10,22.0,0.0,0,85.5,74.5,83.5,74.0,15.0,1192.5,40
2023-05-11 14:26:13,MA312C2450,MA312C2450,81.5,0.0,0.0,0.0,1,22.5,0.0,0,85.5,74.5,83.5,74.0,15.0,1192.5,40
2023-05-11 14:26:14,MA312C2450,MA312C2450,81.5,0.0,0.0,0.0,10,23.0,0.0,0,85.5,74.5,83.5,74.0,15.0,1192.5,40
2023-05-11 14:26:14,MA312C2450,MA312C2450,81.5,0.0,0.0,0.0,1,23.5,0.0,0,85.5,74.5,83.5,74.0,15.0,1192.5,40
2023-05-11 14:26:15,MA312C2450,MA312C2450,81.5,0.0,0.0,0.0,10,24.0,0.0,0,85.5,74.5,83.5,74.0,15.0,1192.5,40
2023-05-11 14:26:15,MA312C2450,MA312C2450,81.5,0.0,0.0,0.0,1,24.5,0.0,0,85.5,74.5,83.5,74.0,15.0,1192.5,40
2023-05-11 14:26:16,MA312C2450,MA312C2450,81.5,0.0,0.0,0.0,10,25.0,0.0,0,85.5,74.5,83.5,74.0,15.0,1192.5,40
2023-05-11 14:26:16,MA312C2450,MA312C2450,81.5,0.0,0.0,0.0,1,25.5,0.0,0,85.5,74.5,83.5,74.0,15.0,1192.5,40
2023-05-11 14:26:17,MA312C2450,MA312C2450,81.5,0.0,0.0,0.0,10,26.0,0.0,0,85.5,74.5,83.5,74.0,15.0,1192.5,40
2023-05-11 14:26:18,MA312C2450,MA312C2450,81.5,0.0,0.0,0.0,1,26.5,0.0,0,85.5,74.5,83.5,74.0,15.0,1192.5,40
2023-05-11 14:26:18,MA312C2450,MA312C2450,81.5,0.0,0.0,0.0,10,27.0,0.0,0,85.5,74.5,83.5,74.0,15.0,1192.5,40
2023-05-11 14:26:53,MA312C2450,MA312C2450,81.5,0.0,0.0,0.0,3,77.0,86.0,3,85.5,74.5,83.5,74.0,15.0,1192.5,40
2023-05-11 14:26:54,MA312C2450,MA312C2450,81.5,0.0,0.0,0.0,6,77.0,86.0,6,85.5,74.5,83.5,74.0,15.0,1192.5,40
2023-05-11 14:26:54,MA312C2450,MA312C2450,81.5,0.0,0.0,0.0,3,79.5,82.0,3,85.5,74.5,83.5,74.0,15.0,1192.5,40
2023-05-11 14:26:57,MA312C2450,MA312C2450,81.5,0.0,0.0,0.0,6,79.5,82.0,3,85.5,74.5,83.5,74.0,15.0,1192.5,40
2023-05-11 14:27:00,MA312C2450,MA312C2450,81.5,0.0,0.0,0.0,9,79.5,82.0,6,85.5,74.5,83.5,74.0,15.0,1192.5,40
2023-05-11 14:27:03,MA312C2450,MA312C2450,81.5,0.0,0.0,0.0,12,79.5,82.0,9,85.5,74.5,83.5,74.0,15.0,1192.5,40
2023-05-11 14:27:04,MA312C2450,MA312C2450,81.5,0.0,0.0,0.0,3,80.0,82.0,9,85.5,74.5,83.5,74.0,15.0,1192.5,40
2023-05-11 14:27:05,MA312C2450,MA312C2450,81.5,0.0,0.0,0.0,9,80.0,82.0,9,85.5,74.5,83.5,74.0,15.0,1192.5,40
2023-05-11 14:27:06,MA312C2450,MA312C2450,81.5,0.0,0.0,0.0,9,80.0,82.0,6,85.5,74.5,83.5,74.0,15.0,1192.5,40
2023-05-11 14:27:06,MA312C2450,MA312C2450,81.5,0.0,0.0,0.0,9,80.0,82.0,3,85.5,74.5,83.5,74.0,15.0,1192.5,40
2023-05-11 14:27:07,MA312C2450,MA312C2450,81.5,0.0,0.0,0.0,12,80.0,82.0,6,85.5,74.5,83.5,74.0,15.0,1192.5,40
2023-05-11 14:27:08,MA312C2450,MA312C2450,81.5,0.0,0.0,0.0,6,81.5,82.0,9,85.5,74.5,83.5,74.0,15.0,1192.5,40
2023-05-11 14:27:08,MA312C2450,MA312C2450,81.5,0.0,0.0,0.0,9,81.5,82.0,9,85.5,74.5,83.5,74.0,15.0,1192.5,40
2023-05-11 14:27:09,MA312C2450,MA312C2450,81.5,0.0,0.0,0.0,12,81.5,82.0,9,85.5,74.5,83.5,74.0,15.0,1192.5,40
2023-05-11 14:27:10,MA312C2450,MA312C2450,81.5,0.0,0.0,0.0,12,81.5,82.0,3,85.5,74.5,83.5,74.0,15.0,1192.5,40
2023-05-11 14:27:15,MA312C2450,MA312C2450,81.5,0.0,0.0,0.0,9,81.5,82.0,3,85.5,74.5,83.5,74.0,15.0,1192.5,40
2023-05-11 14:27:19,MA312C2450,MA312C2450,81.5,0.0,0.0,0.0,6,81.5,82.5,9,85.5,74.5,83.5,74.0,15.0,1192.5,40
2023-05-11 14:27:20,MA312C2450,MA312C2450,81.5,0.0,0.0,0.0,3,81.5,82.5,3,85.5,74.5,83.5,74.0,15.0,1192.5,40
2023-05-11 14:27:21,MA312C2450,MA312C2450,81.5,0.0,0.0,0.0,3,77.5,86.0,3,85.5,74.5,83.5,74.0,15.0,1192.5,40
2023-05-11 14:27:23,MA312C2450,MA312C2450,81.5,0.0,0.0,0.0,10,11.0,0.0,0,85.5,74.5,83.5,74.0,15.0,1192.5,40
2023-05-11 14:27:23,MA312C2450,MA312C2450,81.5,0.0,0.0,0.0,1,14.5,0.0,0,85.5,74.5,83.5,74.0,15.0,1192.5,40
2023-05-11 14:27:23,MA312C2450,MA312C2450,81.5,0.0,0.0,0.0,10,15.0,0.0,0,85.5,74.5,83.5,74.0,15.0,1192.5,40
2023-05-11 14:27:24,MA312C2450,MA312C2450,81.5,0.0,0.0,0.0,1,15.5,0.0,0,85.5,74.5,83.5,74.0,15.0,1192.5,40
2023-05-11 14:27:25,MA312C2450,MA312C2450,81.5,0.0,0.0,0.0,10,16.0,0.0,0,85.5,74.5,83.5,74.0,15.0,1192.5,40
2023-05-11 14:27:25,MA312C2450,MA312C2450,81.5,0.0,0.0,0.0,1,19.5,0.0,0,85.5,74.5,83.5,74.0,15.0,1192.5,40
2023-05-11 14:27:26,MA312C2450,MA312C2450,81.5,0.0,0.0,0.0,10,20.0,0.0,0,85.5,74.5,83.5,74.0,15.0,1192.5,40
2023-05-11 14:27:26,MA312C2450,MA312C2450,81.5,0.0,0.0,0.0,1,23.5,0.0,0,85.5,74.5,83.5,74.0,15.0,1192.5,40
2023-05-11 14:27:27,MA312C2450,MA312C2450,81.5,0.0,0.0,0.0,10,24.0,0.0,0,85.5,74.5,83.5,74.0,15.0,1192.5,40
2023-05-11 14:27:27,MA312C2450,MA312C2450,81.5,0.0,0.0,0.0,1,24.5,0.0,0,85.5,74.5,83.5,74.0,15.0,1192.5,40
2023-05-11 14:27:28,MA312C2450,MA312C2450,81.5,0.0,0.0,0.0,10,25.0,0.0,0,85.5,74.5,83.5,74.0,15.0,1192.5,40
2023-05-11 14:27:28,MA312C2450,MA312C2450,81.5,0.0,0.0,0.0,1,25.5,0.0,0,85.5,74.5,83.5,74.0,15.0,1192.5,40
2023-05-11 14:27:29,MA312C2450,MA312C2450,81.5,0.0,0.0,0.0,10,26.0,0.0,0,85.5,74.5,83.5,74.0,15.0,1192.5,40
2023-05-11 14:27:29,MA312C2450,MA312C2450,81.5,0.0,0.0,0.0,1,26.5,0.0,0,85.5,74.5,83.5,74.0,15.0,1192.5,40
2023-05-11 14:27:30,MA312C2450,MA312C2450,81.5,0.0,0.0,0.0,10,27.0,0.0,0,85.5,74.5,83.5,74.0,15.0,1192.5,40
2023-05-11 14:59:03,MA312C2450,MA312C2450,81.5,0.0,0.0,0.0,1,10.5,0.0,0,85.5,74.5,83.5,74.0,15.0,1192.5,40
2023-05-11 14:59:06,MA312C2450,MA312C2450,81.5,0.0,0.0,0.0,1,17.0,0.0,0,85.5,74.5,83.5,74.0,15.0,1192.5,40
2023-05-11 14:59:43,MA312C2450,MA312C2450,81.5,0.0,0.0,0.0,3,76.5,85.5,3,85.5,74.5,83.5,74.0,15.0,1192.5,40
2023-05-11 14:59:45,MA312C2450,MA312C2450,81.5,0.0,0.0,0.0,3,78.5,81.0,3,85.5,74.5,83.5,74.0,15.0,1192.5,40
2023-05-11 14:59:47,MA312C2450,MA312C2450,81.5,0.0,0.0,0.0,6,78.5,81.0,3,85.5,74.5,83.5,74.0,15.0,1192.5,40
2023-05-11 14:59:48,MA312C2450,MA312C2450,81.5,0.0,0.0,0.0,9,78.5,81.0,6,85.5,74.5,83.5,74.0,15.0,1192.5,40
2023-05-11 14:59:53,MA312C2450,MA312C2450,81.5,0.0,0.0,0.0,6,78.5,81.0,6,85.5,74.5,83.5,74.0,15.0,1192.5,40
2023-05-11 14:59:57,MA312C2450,MA312C2450,81.5,0.0,0.0,0.0,3,78.5,81.0,3,85.5,74.5,83.5,74.0,15.0,1192.5,40
2023-05-11 14:59:58,MA312C2450,MA312C2450,81.5,0.0,0.0,0.0,3,78.5,81.0,3,85.5,74.5,83.5,74.0,15.0,1192.5,40
