time,symbol_id,symbol_name,last,trade_volume,trade_amount,open_interest_change,bv1,bp1,ap1,av1,yesterday_close,today_open,today_high,today_low,volume,amount,open_interest
2023-05-10 19:12:58,MA311C2425,MA311C2425,70.0,0.0,0.0,0.0,0,0.0,0.0,0,70.0,61.5,0.0,0.0,0.0,0.0,38
2023-05-10 20:59:00,MA311C2425,MA311C2425,70.0,0.0,0.0,0.0,18,21.0,0.0,0,70.0,61.5,0.0,0.0,0.0,0.0,38
2023-05-10 21:48:51,MA311C2425,MA311C2425,70.0,0.0,0.0,0.0,2,27.5,0.0,0,70.0,61.5,0.0,0.0,0.0,0.0,38
2023-05-10 21:49:21,MA311C2425,MA311C2425,70.0,0.0,0.0,0.0,18,21.0,0.0,0,70.0,61.5,0.0,0.0,0.0,0.0,38
2023-05-10 22:27:54,MA311C2425,MA311C2425,70.0,0.0,0.0,0.0,2,27.5,0.0,0,70.0,61.5,0.0,0.0,0.0,0.0,38
2023-05-10 22:27:58,MA311C2425,MA311C2425,70.0,0.0,0.0,0.0,3,57.5,64.5,3,70.0,61.5,0.0,0.0,0.0,0.0,38
2023-05-10 22:27:59,MA311C2425,MA311C2425,70.0,0.0,0.0,0.0,6,57.5,64.5,6,70.0,61.5,0.0,0.0,0.0,0.0,38
2023-05-10 22:28:00,MA311C2425,MA311C2425,70.0,0.0,0.0,0.0,3,59.0,61.5,3,70.0,61.5,0.0,0.0,0.0,0.0,38
2023-05-10 22:28:03,MA311C2425,MA311C2425,70.0,0.0,0.0,0.0,6,59.0,61.5,3,70.0,61.5,0.0,0.0,0.0,0.0,38
2023-05-10 22:28:05,MA311C2425,MA311C2425,70.0,0.0,0.0,0.0,9,59.0,61.5,6,70.0,61.5,0.0,0.0,0.0,0.0,38
2023-05-10 22:28:06,MA311C2425,MA311C2425,70.0,0.0,0.0,0.0,3,60.5,61.5,6,70.0,61.5,0.0,0.0,0.0,0.0,38
2023-05-10 22:28:06,MA311C2425,MA311C2425,70.0,0.0,0.0,0.0,9,60.5,61.5,6,70.0,61.5,0.0,0.0,0.0,0.0,38
2023-05-10 22:28:07,MA311C2425,MA311C2425,61.5,3.0,184.5,-3.0,9,60.5,61.5,3,70.0,61.5,61.5,61.5,3.0,184.5,35
2023-05-10 22:28:07,MA311C2425,MA311C2425,61.5,0.0,0.0,0.0,6,60.5,62.0,6,70.0,61.5,61.5,61.5,3.0,184.5,35
2023-05-10 22:28:07,MA311C2425,MA311C2425,61.5,0.0,0.0,0.0,9,60.5,62.0,6,70.0,61.5,61.5,61.5,3.0,184.5,35
2023-05-10 22:28:09,MA311C2425,MA311C2425,61.5,0.0,0.0,0.0,15,60.5,62.0,9,70.0,61.5,61.5,61.5,3.0,184.5,35
2023-05-10 22:28:10,MA311C2425,MA311C2425,61.5,0.0,0.0,0.0,18,60.5,62.0,9,70.0,61.5,61.5,61.5,3.0,184.5,35
2023-05-10 22:28:14,MA311C2425,MA311C2425,61.5,0.0,0.0,0.0,21,60.5,61.0,3,70.0,61.5,61.5,61.5,3.0,184.5,35
2023-05-10 22:28:15,MA311C2425,MA311C2425,61.5,0.0,0.0,0.0,21,60.5,61.5,9,70.0,61.5,61.5,61.5,3.0,184.5,35
2023-05-10 22:28:15,MA311C2425,MA311C2425,61.5,0.0,0.0,0.0,21,60.5,61.5,3,70.0,61.5,61.5,61.5,3.0,184.5,35
2023-05-10 22:28:16,MA311C2425,MA311C2425,61.5,0.0,0.0,0.0,18,60.5,61.0,6,70.0,61.5,61.5,61.5,3.0,184.5,35
2023-05-10 22:28:16,MA311C2425,MA311C2425,61.5,0.0,0.0,0.0,21,60.5,61.0,3,70.0,61.5,61.5,61.5,3.0,184.5,35
2023-05-10 22:28:17,MA311C2425,MA311C2425,61.5,0.0,0.0,0.0,24,60.5,61.5,12,70.0,61.5,61.5,61.5,3.0,184.5,35
2023-05-10 22:28:17,MA311C2425,MA311C2425,61.5,0.0,0.0,0.0,21,60.5,61.5,3,70.0,61.5,61.5,61.5,3.0,184.5,35
2023-05-10 22:28:18,MA311C2425,MA311C2425,61.5,0.0,0.0,0.0,15,60.5,61.0,6,70.0,61.5,61.5,61.5,3.0,184.5,35
2023-05-10 22:28:20,MA311C2425,MA311C2425,61.5,0.0,0.0,0.0,12,60.5,61.0,3,70.0,61.5,61.5,61.5,3.0,184.5,35
2023-05-10 22:28:21,MA311C2425,MA311C2425,61.5,0.0,0.0,0.0,9,60.5,61.0,3,70.0,61.5,61.5,61.5,3.0,184.5,35
2023-05-10 22:28:21,MA311C2425,MA311C2425,61.5,0.0,0.0,0.0,6,60.5,61.0,3,70.0,61.5,61.5,61.5,3.0,184.5,35
2023-05-10 22:28:23,MA311C2425,MA311C2425,61.5,0.0,0.0,0.0,3,60.5,62.0,3,70.0,61.5,61.5,61.5,3.0,184.5,35
2023-05-10 22:28:26,MA311C2425,MA311C2425,61.5,0.0,0.0,0.0,3,57.5,64.0,3,70.0,61.5,61.5,61.5,3.0,184.5,35
2023-05-10 22:28:29,MA311C2425,MA311C2425,61.5,0.0,0.0,0.0,18,21.0,0.0,0,70.0,61.5,61.5,61.5,3.0,184.5,35
2023-05-10 22:28:29,MA311C2425,MA311C2425,61.5,0.0,0.0,0.0,2,27.5,0.0,0,70.0,61.5,61.5,61.5,3.0,184.5,35
2023-05-10 22:28:30,MA311C2425,MA311C2425,61.5,0.0,0.0,0.0,1,28.0,0.0,0,70.0,61.5,61.5,61.5,3.0,184.5,35
2023-05-10 22:28:30,MA311C2425,MA311C2425,61.5,0.0,0.0,0.0,2,34.5,0.0,0,70.0,61.5,61.5,61.5,3.0,184.5,35
2023-05-10 22:57:07,MA311C2425,MA311C2425,61.5,0.0,0.0,0.0,1,28.0,0.0,0,70.0,61.5,61.5,61.5,3.0,184.5,35
2023-05-10 22:57:38,MA311C2425,MA311C2425,61.5,0.0,0.0,0.0,18,21.0,0.0,0,70.0,61.5,61.5,61.5,3.0,184.5,35
2023-05-11 09:01:16,MA311C2425,MA311C2425,61.5,0.0,0.0,0.0,2,27.5,0.0,0,70.0,61.5,61.5,61.5,3.0,184.5,35
2023-05-11 09:07:28,MA311C2425,MA311C2425,61.5,0.0,0.0,0.0,3,57.0,64.0,3,70.0,61.5,61.5,61.5,3.0,184.5,35
2023-05-11 09:07:29,MA311C2425,MA311C2425,61.5,0.0,0.0,0.0,6,57.0,64.0,6,70.0,61.5,61.5,61.5,3.0,184.5,35
2023-05-11 09:07:31,MA311C2425,MA311C2425,61.5,0.0,0.0,0.0,3,58.5,61.0,3,70.0,61.5,61.5,61.5,3.0,184.5,35
2023-05-11 09:07:33,MA311C2425,MA311C2425,61.5,0.0,0.0,0.0,6,58.5,61.0,3,70.0,61.5,61.5,61.5,3.0,184.5,35
2023-05-11 09:07:35,MA311C2425,MA311C2425,61.5,0.0,0.0,0.0,9,58.5,61.0,6,70.0,61.5,61.5,61.5,3.0,184.5,35
2023-05-11 09:07:35,MA311C2425,MA311C2425,61.5,0.0,0.0,0.0,12,58.5,61.0,9,70.0,61.5,61.5,61.5,3.0,184.5,35
2023-05-11 09:07:36,MA311C2425,MA311C2425,61.5,0.0,0.0,0.0,15,58.5,61.0,9,70.0,61.5,61.5,61.5,3.0,184.5,35
2023-05-11 09:07:39,MA311C2425,MA311C2425,61.5,0.0,0.0,0.0,21,58.5,61.0,15,70.0,61.5,61.5,61.5,3.0,184.5,35
2023-05-11 09:07:40,MA311C2425,MA311C2425,61.5,0.0,0.0,0.0,3,60.0,61.0,15,70.0,61.5,61.5,61.5,3.0,184.5,35
2023-05-11 09:07:41,MA311C2425,MA311C2425,61.5,0.0,0.0,0.0,15,60.0,61.0,15,70.0,61.5,61.5,61.5,3.0,184.5,35
2023-05-11 09:07:43,MA311C2425,MA311C2425,61.5,0.0,0.0,0.0,15,60.0,61.0,12,70.0,61.5,61.5,61.5,3.0,184.5,35
2023-05-11 09:07:44,MA311C2425,MA311C2425,61.5,0.0,0.0,0.0,12,60.0,60.5,6,70.0,61.5,61.5,61.5,3.0,184.5,35
2023-05-11 09:07:44,MA311C2425,MA311C2425,61.5,0.0,0.0,0.0,18,60.0,60.5,6,70.0,61.5,61.5,61.5,3.0,184.5,35
2023-05-11 09:07:45,MA311C2425,MA311C2425,61.5,0.0,0.0,0.0,21,60.0,60.5,9,70.0,61.5,61.5,61.5,3.0,184.5,35
2023-05-11 09:07:51,MA311C2425,MA311C2425,61.5,0.0,0.0,0.0,18,60.0,60.5,6,70.0,61.5,61.5,61.5,3.0,184.5,35
2023-05-11 09:07:51,MA311C2425,MA311C2425,61.5,0.0,0.0,0.0,15,60.0,60.5,6,70.0,61.5,61.5,61.5,3.0,184.5,35
2023-05-11 09:07:53,MA311C2425,MA311C2425,61.5,0.0,0.0,0.0,12,60.0,60.5,3,70.0,61.5,61.5,61.5,3.0,184.5,35
2023-05-11 09:07:56,MA311C2425,MA311C2425,61.5,0.0,0.0,0.0,6,60.0,61.0,6,70.0,61.5,61.5,61.5,3.0,184.5,35
2023-05-11 09:07:56,MA311C2425,MA311C2425,61.5,0.0,0.0,0.0,3,57.0,63.5,3,70.0,61.5,61.5,61.5,3.0,184.5,35
2023-05-11 09:07:58,MA311C2425,MA311C2425,61.5,0.0,0.0,0.0,18,21.0,0.0,0,70.0,61.5,61.5,61.5,3.0,184.5,35
2023-05-11 09:12:13,MA311C2425,MA311C2425,61.5,0.0,0.0,0.0,3,57.0,64.0,3,70.0,61.5,61.5,61.5,3.0,184.5,35
2023-05-11 09:12:14,MA311C2425,MA311C2425,61.5,0.0,0.0,0.0,6,57.0,64.0,6,70.0,61.5,61.5,61.5,3.0,184.5,35
2023-05-11 09:12:15,MA311C2425,MA311C2425,61.5,0.0,0.0,0.0,3,58.5,61.0,3,70.0,61.5,61.5,61.5,3.0,184.5,35
2023-05-11 09:12:17,MA311C2425,MA311C2425,61.5,0.0,0.0,0.0,6,58.5,61.0,3,70.0,61.5,61.5,61.5,3.0,184.5,35
2023-05-11 09:12:19,MA311C2425,MA311C2425,61.5,0.0,0.0,0.0,9,58.5,61.0,6,70.0,61.5,61.5,61.5,3.0,184.5,35
2023-05-11 09:12:20,MA311C2425,MA311C2425,61.5,0.0,0.0,0.0,15,58.5,61.0,9,70.0,61.5,61.5,61.5,3.0,184.5,35
2023-05-11 09:12:22,MA311C2425,MA311C2425,61.5,0.0,0.0,0.0,18,58.5,61.0,12,70.0,61.5,61.5,61.5,3.0,184.5,35
2023-05-11 09:12:23,MA311C2425,MA311C2425,61.5,0.0,0.0,0.0,21,58.5,61.0,15,70.0,61.5,61.5,61.5,3.0,184.5,35
2023-05-11 09:12:25,MA311C2425,MA311C2425,61.5,0.0,0.0,0.0,3,60.0,61.0,15,70.0,61.5,61.5,61.5,3.0,184.5,35
2023-05-11 09:12:25,MA311C2425,MA311C2425,61.5,0.0,0.0,0.0,15,60.0,61.0,15,70.0,61.5,61.5,61.5,3.0,184.5,35
2023-05-11 09:12:27,MA311C2425,MA311C2425,61.5,0.0,0.0,0.0,15,60.0,61.0,12,70.0,61.5,61.5,61.5,3.0,184.5,35
2023-05-11 09:12:27,MA311C2425,MA311C2425,61.5,0.0,0.0,0.0,12,60.0,60.5,6,70.0,61.5,61.5,61.5,3.0,184.5,35
2023-05-11 09:12:28,MA311C2425,MA311C2425,61.5,0.0,0.0,0.0,18,60.0,60.5,12,70.0,61.5,61.5,61.5,3.0,184.5,35
2023-05-11 09:12:28,MA311C2425,MA311C2425,61.5,0.0,0.0,0.0,21,60.0,60.5,12,70.0,61.5,61.5,61.5,3.0,184.5,35
2023-05-11 09:12:35,MA311C2425,MA311C2425,61.5,0.0,0.0,0.0,18,60.0,60.5,9,70.0,61.5,61.5,61.5,3.0,184.5,35
2023-05-11 09:12:36,MA311C2425,MA311C2425,61.5,0.0,0.0,0.0,15,60.0,60.5,9,70.0,61.5,61.5,61.5,3.0,184.5,35
2023-05-11 09:12:37,MA311C2425,MA311C2425,61.5,0.0,0.0,0.0,12,60.0,60.5,6,70.0,61.5,61.5,61.5,3.0,184.5,35
2023-05-11 09:12:39,MA311C2425,MA311C2425,61.5,0.0,0.0,0.0,6,60.0,60.5,3,70.0,61.5,61.5,61.5,3.0,184.5,35
2023-05-11 09:12:40,MA311C2425,MA311C2425,61.5,0.0,0.0,0.0,3,57.0,63.5,3,70.0,61.5,61.5,61.5,3.0,184.5,35
2023-05-11 09:12:43,MA311C2425,MA311C2425,61.5,0.0,0.0,0.0,18,21.0,0.0,0,70.0,61.5,61.5,61.5,3.0,184.5,35
2023-05-11 10:00:27,MA311C2425,MA311C2425,61.5,0.0,0.0,0.0,2,24.5,0.0,0,70.0,61.5,61.5,61.5,3.0,184.5,35
2023-05-11 10:00:57,MA311C2425,MA311C2425,61.5,0.0,0.0,0.0,18,21.0,0.0,0,70.0,61.5,61.5,61.5,3.0,184.5,35
2023-05-11 10:38:55,MA311C2425,MA311C2425,61.5,0.0,0.0,0.0,2,27.5,0.0,0,70.0,61.5,61.5,61.5,3.0,184.5,35
2023-05-11 10:39:24,MA311C2425,MA311C2425,61.5,0.0,0.0,0.0,18,21.0,0.0,0,70.0,61.5,61.5,61.5,3.0,184.5,35
2023-05-11 11:22:35,MA311C2425,MA311C2425,61.5,0.0,0.0,0.0,2,27.5,0.0,0,70.0,61.5,61.5,61.5,3.0,184.5,35
2023-05-11 11:27:06,MA311C2425,MA311C2425,61.5,0.0,0.0,0.0,18,21.0,0.0,0,70.0,61.5,61.5,61.5,3.0,184.5,35
2023-05-11 13:32:11,MA311C2425,MA311C2425,61.5,0.0,0.0,0.0,2,24.5,0.0,0,70.0,61.5,61.5,61.5,3.0,184.5,35
2023-05-11 13:32:41,MA311C2425,MA311C2425,61.5,0.0,0.0,0.0,18,21.0,0.0,0,70.0,61.5,61.5,61.5,3.0,184.5,35
2023-05-11 13:33:12,MA311C2425,MA311C2425,61.5,0.0,0.0,0.0,2,27.5,0.0,0,70.0,61.5,61.5,61.5,3.0,184.5,35
2023-05-11 13:33:42,MA311C2425,MA311C2425,61.5,0.0,0.0,0.0,18,21.0,0.0,0,70.0,61.5,61.5,61.5,3.0,184.5,35
2023-05-11 13:35:07,MA311C2425,MA311C2425,61.5,0.0,0.0,0.0,3,65.0,72.5,3,70.0,61.5,61.5,61.5,3.0,184.5,35
2023-05-11 13:35:08,MA311C2425,MA311C2425,61.5,0.0,0.0,0.0,6,65.0,72.5,6,70.0,61.5,61.5,61.5,3.0,184.5,35
2023-05-11 13:35:10,MA311C2425,MA311C2425,61.5,0.0,0.0,0.0,3,66.5,69.0,3,70.0,61.5,61.5,61.5,3.0,184.5,35
2023-05-11 13:35:12,MA311C2425,MA311C2425,61.5,0.0,0.0,0.0,6,66.5,69.0,3,70.0,61.5,61.5,61.5,3.0,184.5,35
2023-05-11 13:35:14,MA311C2425,MA311C2425,61.5,0.0,0.0,0.0,9,66.5,69.0,6,70.0,61.5,61.5,61.5,3.0,184.5,35
2023-05-11 13:35:14,MA311C2425,MA311C2425,61.5,0.0,0.0,0.0,12,66.5,69.0,9,70.0,61.5,61.5,61.5,3.0,184.5,35
2023-05-11 13:35:18,MA311C2425,MA311C2425,61.5,0.0,0.0,0.0,15,66.5,69.0,12,70.0,61.5,61.5,61.5,3.0,184.5,35
2023-05-11 13:35:19,MA311C2425,MA311C2425,61.5,0.0,0.0,0.0,18,66.5,69.0,12,70.0,61.5,61.5,61.5,3.0,184.5,35
2023-05-11 13:35:19,MA311C2425,MA311C2425,61.5,0.0,0.0,0.0,3,67.5,69.0,12,70.0,61.5,61.5,61.5,3.0,184.5,35
2023-05-11 13:35:19,MA311C2425,MA311C2425,61.5,0.0,0.0,0.0,12,67.5,69.0,12,70.0,61.5,61.5,61.5,3.0,184.5,35
2023-05-11 13:35:22,MA311C2425,MA311C2425,61.5,0.0,0.0,0.0,12,67.5,69.0,9,70.0,61.5,61.5,61.5,3.0,184.5,35
2023-05-11 13:35:22,MA311C2425,MA311C2425,61.5,0.0,0.0,0.0,3,68.5,69.0,9,70.0,61.5,61.5,61.5,3.0,184.5,35
2023-05-11 13:35:23,MA311C2425,MA311C2425,69.0,3.0,208.5,3.0,9,68.5,69.0,6,70.0,61.5,69.0,61.5,6.0,393.0,38
2023-05-11 13:35:23,MA311C2425,MA311C2425,69.0,0.0,0.0,0.0,15,68.5,69.0,9,70.0,61.5,69.0,61.5,6.0,393.0,38
2023-05-11 13:35:30,MA311C2425,MA311C2425,69.0,0.0,0.0,0.0,12,68.5,69.0,6,70.0,61.5,69.0,61.5,6.0,393.0,38
2023-05-11 13:35:32,MA311C2425,MA311C2425,69.0,0.0,0.0,0.0,9,68.5,69.0,3,70.0,61.5,69.0,61.5,6.0,393.0,38
2023-05-11 13:35:34,MA311C2425,MA311C2425,69.0,0.0,0.0,0.0,6,68.5,69.0,3,70.0,61.5,69.0,61.5,6.0,393.0,38
2023-05-11 13:35:34,MA311C2425,MA311C2425,69.0,0.0,0.0,0.0,3,68.5,69.0,3,70.0,61.5,69.0,61.5,6.0,393.0,38
2023-05-11 13:35:35,MA311C2425,MA311C2425,69.0,0.0,0.0,0.0,3,65.0,72.5,3,70.0,61.5,69.0,61.5,6.0,393.0,38
2023-05-11 13:35:38,MA311C2425,MA311C2425,69.0,0.0,0.0,0.0,18,21.0,0.0,0,70.0,61.5,69.0,61.5,6.0,393.0,38
2023-05-11 13:35:38,MA311C2425,MA311C2425,69.0,0.0,0.0,0.0,2,21.5,0.0,0,70.0,61.5,69.0,61.5,6.0,393.0,38
2023-05-11 13:35:38,MA311C2425,MA311C2425,69.0,0.0,0.0,0.0,18,21.0,0.0,0,70.0,61.5,69.0,61.5,6.0,393.0,38
2023-05-11 13:35:38,MA311C2425,MA311C2425,69.0,0.0,0.0,0.0,2,21.5,0.0,0,70.0,61.5,69.0,61.5,6.0,393.0,38
2023-05-11 14:03:18,MA311C2425,MA311C2425,69.0,0.0,0.0,0.0,3,64.5,72.0,3,70.0,61.5,69.0,61.5,6.0,393.0,38
2023-05-11 14:03:19,MA311C2425,MA311C2425,69.0,0.0,0.0,0.0,6,64.5,72.0,6,70.0,61.5,69.0,61.5,6.0,393.0,38
2023-05-11 14:03:20,MA311C2425,MA311C2425,69.0,0.0,0.0,0.0,3,66.5,69.0,3,70.0,61.5,69.0,61.5,6.0,393.0,38
2023-05-11 14:03:22,MA311C2425,MA311C2425,69.0,0.0,0.0,0.0,6,66.5,69.0,3,70.0,61.5,69.0,61.5,6.0,393.0,38
2023-05-11 14:03:24,MA311C2425,MA311C2425,69.0,0.0,0.0,0.0,9,66.5,69.0,6,70.0,61.5,69.0,61.5,6.0,393.0,38
2023-05-11 14:03:29,MA311C2425,MA311C2425,69.0,0.0,0.0,0.0,9,67.5,69.0,6,70.0,61.5,69.0,61.5,6.0,393.0,38
2023-05-11 14:03:32,MA311C2425,MA311C2425,69.0,0.0,0.0,0.0,9,67.5,69.5,6,70.0,61.5,69.0,61.5,6.0,393.0,38
2023-05-11 14:03:33,MA311C2425,MA311C2425,69.0,0.0,0.0,0.0,3,68.5,69.0,6,70.0,61.5,69.0,61.5,6.0,393.0,38
2023-05-11 14:03:33,MA311C2425,MA311C2425,69.0,0.0,0.0,0.0,9,68.5,69.0,6,70.0,61.5,69.0,61.5,6.0,393.0,38
2023-05-11 14:03:34,MA311C2425,MA311C2425,69.0,0.0,0.0,0.0,9,68.5,69.0,3,70.0,61.5,69.0,61.5,6.0,393.0,38
2023-05-11 14:03:34,MA311C2425,MA311C2425,69.0,0.0,0.0,0.0,12,68.5,69.5,18,70.0,61.5,69.0,61.5,6.0,393.0,38
2023-05-11 14:03:35,MA311C2425,MA311C2425,69.0,0.0,0.0,0.0,9,68.5,69.5,15,70.0,61.5,69.0,61.5,6.0,393.0,38
2023-05-11 14:03:35,MA311C2425,MA311C2425,69.0,0.0,0.0,0.0,6,68.5,69.0,6,70.0,61.5,69.0,61.5,6.0,393.0,38
2023-05-11 14:03:35,MA311C2425,MA311C2425,69.0,0.0,0.0,0.0,9,68.5,69.0,6,70.0,61.5,69.0,61.5,6.0,393.0,38
2023-05-11 14:03:36,MA311C2425,MA311C2425,69.0,0.0,0.0,0.0,12,68.5,69.5,21,70.0,61.5,69.0,61.5,6.0,393.0,38
2023-05-11 14:03:37,MA311C2425,MA311C2425,69.0,0.0,0.0,0.0,12,68.5,69.5,18,70.0,61.5,69.0,61.5,6.0,393.0,38
2023-05-11 14:03:37,MA311C2425,MA311C2425,69.0,0.0,0.0,0.0,9,68.5,69.5,15,70.0,61.5,69.0,61.5,6.0,393.0,38
2023-05-11 14:03:42,MA311C2425,MA311C2425,69.0,0.0,0.0,0.0,6,68.5,69.5,12,70.0,61.5,69.0,61.5,6.0,393.0,38
2023-05-11 14:03:44,MA311C2425,MA311C2425,69.0,0.0,0.0,0.0,3,68.5,69.5,6,70.0,61.5,69.0,61.5,6.0,393.0,38
2023-05-11 14:03:45,MA311C2425,MA311C2425,69.0,0.0,0.0,0.0,3,68.5,70.0,3,70.0,61.5,69.0,61.5,6.0,393.0,38
2023-05-11 14:03:48,MA311C2425,MA311C2425,69.0,0.0,0.0,0.0,18,21.0,0.0,0,70.0,61.5,69.0,61.5,6.0,393.0,38
2023-05-11 14:25:58,MA311C2425,MA311C2425,69.0,0.0,0.0,0.0,3,63.5,71.0,3,70.0,61.5,69.0,61.5,6.0,393.0,38
2023-05-11 14:25:59,MA311C2425,MA311C2425,69.0,0.0,0.0,0.0,6,63.5,71.0,6,70.0,61.5,69.0,61.5,6.0,393.0,38
2023-05-11 14:26:00,MA311C2425,MA311C2425,69.0,0.0,0.0,0.0,3,65.5,68.0,3,70.0,61.5,69.0,61.5,6.0,393.0,38
2023-05-11 14:26:03,MA311C2425,MA311C2425,69.0,0.0,0.0,0.0,6,65.5,68.0,3,70.0,61.5,69.0,61.5,6.0,393.0,38
2023-05-11 14:26:04,MA311C2425,MA311C2425,69.0,0.0,0.0,0.0,9,65.5,68.0,6,70.0,61.5,69.0,61.5,6.0,393.0,38
2023-05-11 14:26:08,MA311C2425,MA311C2425,69.0,0.0,0.0,0.0,12,65.5,68.0,9,70.0,61.5,69.0,61.5,6.0,393.0,38
2023-05-11 14:26:10,MA311C2425,MA311C2425,69.0,0.0,0.0,0.0,3,66.0,68.0,9,70.0,61.5,69.0,61.5,6.0,393.0,38
2023-05-11 14:26:10,MA311C2425,MA311C2425,69.0,0.0,0.0,0.0,3,67.0,68.0,9,70.0,61.5,69.0,61.5,6.0,393.0,38
2023-05-11 14:26:11,MA311C2425,MA311C2425,69.0,0.0,0.0,0.0,9,67.0,68.0,6,70.0,61.5,69.0,61.5,6.0,393.0,38
2023-05-11 14:26:11,MA311C2425,MA311C2425,69.0,3.0,205.5,3.0,12,67.0,68.0,3,70.0,61.5,69.0,61.5,9.0,598.5,41
2023-05-11 14:26:12,MA311C2425,MA311C2425,69.0,0.0,0.0,0.0,12,67.0,68.5,9,70.0,61.5,69.0,61.5,9.0,598.5,41
2023-05-11 14:26:12,MA311C2425,MA311C2425,69.0,0.0,0.0,0.0,12,67.0,68.5,3,70.0,61.5,69.0,61.5,9.0,598.5,41
2023-05-11 14:26:13,MA311C2425,MA311C2425,69.0,0.0,0.0,0.0,9,68.0,68.5,9,70.0,61.5,69.0,61.5,9.0,598.5,41
2023-05-11 14:26:13,MA311C2425,MA311C2425,69.0,0.0,0.0,0.0,12,68.0,68.5,9,70.0,61.5,69.0,61.5,9.0,598.5,41
2023-05-11 14:26:15,MA311C2425,MA311C2425,69.0,0.0,0.0,0.0,12,68.0,68.5,12,70.0,61.5,69.0,61.5,9.0,598.5,41
2023-05-11 14:26:20,MA311C2425,MA311C2425,69.0,0.0,0.0,0.0,9,68.0,68.5,9,70.0,61.5,69.0,61.5,9.0,598.5,41
2023-05-11 14:26:22,MA311C2425,MA311C2425,69.0,0.0,0.0,0.0,6,68.0,68.5,6,70.0,61.5,69.0,61.5,9.0,598.5,41
2023-05-11 14:26:24,MA311C2425,MA311C2425,69.0,0.0,0.0,0.0,3,68.0,68.5,6,70.0,61.5,69.0,61.5,9.0,598.5,41
2023-05-11 14:26:25,MA311C2425,MA311C2425,69.0,0.0,0.0,0.0,3,67.0,68.5,3,70.0,61.5,69.0,61.5,9.0,598.5,41
2023-05-11 14:26:25,MA311C2425,MA311C2425,69.0,0.0,0.0,0.0,3,64.5,72.0,3,70.0,61.5,69.0,61.5,9.0,598.5,41
2023-05-11 14:26:28,MA311C2425,MA311C2425,69.0,0.0,0.0,0.0,18,21.0,0.0,0,70.0,61.5,69.0,61.5,9.0,598.5,41
2023-05-11 14:26:29,MA311C2425,MA311C2425,69.0,0.0,0.0,0.0,2,27.5,0.0,0,70.0,61.5,69.0,61.5,9.0,598.5,41
2023-05-11 14:41:14,MA311C2425,MA311C2425,69.0,0.0,0.0,0.0,18,21.0,0.0,0,70.0,61.5,69.0,61.5,9.0,598.5,41
2023-05-11 14:51:20,MA311C2425,MA311C2425,69.0,0.0,0.0,0.0,2,27.5,0.0,0,70.0,61.5,69.0,61.5,9.0,598.5,41
2023-05-11 14:51:51,MA311C2425,MA311C2425,69.0,0.0,0.0,0.0,18,21.0,0.0,0,70.0,61.5,69.0,61.5,9.0,598.5,41
2023-05-11 14:53:23,MA311C2425,MA311C2425,69.0,0.0,0.0,0.0,2,21.5,0.0,0,70.0,61.5,69.0,61.5,9.0,598.5,41
2023-05-11 14:53:54,MA311C2425,MA311C2425,69.0,0.0,0.0,0.0,2,22.0,0.0,0,70.0,61.5,69.0,61.5,9.0,598.5,41
2023-05-11 14:53:54,MA311C2425,MA311C2425,69.0,0.0,0.0,0.0,18,21.0,0.0,0,70.0,61.5,69.0,61.5,9.0,598.5,41
2023-05-11 14:56:38,MA311C2425,MA311C2425,69.0,0.0,0.0,0.0,1,8.5,0.0,0,70.0,61.5,69.0,61.5,9.0,598.5,41
2023-05-11 14:56:38,MA311C2425,MA311C2425,69.0,0.0,0.0,0.0,2,12.0,0.0,0,70.0,61.5,69.0,61.5,9.0,598.5,41
2023-05-11 14:58:32,MA311C2425,MA311C2425,69.0,0.0,0.0,0.0,3,64.0,71.5,3,70.0,61.5,69.0,61.5,9.0,598.5,41
2023-05-11 14:58:33,MA311C2425,MA311C2425,69.0,0.0,0.0,0.0,6,64.0,71.5,6,70.0,61.5,69.0,61.5,9.0,598.5,41
2023-05-11 14:58:34,MA311C2425,MA311C2425,69.0,0.0,0.0,0.0,3,65.5,68.0,3,70.0,61.5,69.0,61.5,9.0,598.5,41
2023-05-11 14:58:37,MA311C2425,MA311C2425,69.0,0.0,0.0,0.0,6,65.5,68.0,3,70.0,61.5,69.0,61.5,9.0,598.5,41
2023-05-11 14:58:38,MA311C2425,MA311C2425,69.0,0.0,0.0,0.0,9,65.5,68.0,6,70.0,61.5,69.0,61.5,9.0,598.5,41
2023-05-11 14:58:42,MA311C2425,MA311C2425,69.0,0.0,0.0,0.0,12,65.5,68.0,9,70.0,61.5,69.0,61.5,9.0,598.5,41
2023-05-11 14:58:43,MA311C2425,MA311C2425,69.0,0.0,0.0,0.0,15,65.5,68.0,9,70.0,61.5,69.0,61.5,9.0,598.5,41
2023-05-11 14:58:46,MA311C2425,MA311C2425,69.0,0.0,0.0,0.0,12,65.5,68.0,6,70.0,61.5,69.0,61.5,9.0,598.5,41
2023-05-11 14:58:46,MA311C2425,MA311C2425,69.0,0.0,0.0,0.0,12,65.5,68.0,3,70.0,61.5,69.0,61.5,9.0,598.5,41
2023-05-11 14:58:47,MA311C2425,MA311C2425,69.0,3.0,205.5,3.0,6,67.5,68.0,6,70.0,61.5,69.0,61.5,12.0,804.0,44
2023-05-11 14:58:47,MA311C2425,MA311C2425,69.0,0.0,0.0,0.0,9,67.5,68.0,3,70.0,61.5,69.0,61.5,12.0,804.0,44
2023-05-11 14:58:48,MA311C2425,MA311C2425,68.5,6.0,411.0,0.0,3,68.0,68.5,9,70.0,61.5,69.0,61.5,18.0,1215.0,44
2023-05-11 14:58:54,MA311C2425,MA311C2425,68.5,0.0,0.0,0.0,3,68.0,68.5,6,70.0,61.5,69.0,61.5,18.0,1215.0,44
2023-05-11 14:58:58,MA311C2425,MA311C2425,68.5,0.0,0.0,0.0,3,68.0,68.5,3,70.0,61.5,69.0,61.5,18.0,1215.0,44
2023-05-11 14:58:59,MA311C2425,MA311C2425,68.5,0.0,0.0,0.0,3,68.0,72.0,3,70.0,61.5,69.0,61.5,18.0,1215.0,44
2023-05-11 14:59:01,MA311C2425,MA311C2425,68.5,0.0,0.0,0.0,3,64.5,72.0,3,70.0,61.5,69.0,61.5,18.0,1215.0,44
2023-05-11 14:59:02,MA311C2425,MA311C2425,68.5,0.0,0.0,0.0,1,8.5,0.0,0,70.0,61.5,69.0,61.5,18.0,1215.0,44
2023-05-11 14:59:02,MA311C2425,MA311C2425,68.5,0.0,0.0,0.0,2,9.0,0.0,0,70.0,61.5,69.0,61.5,18.0,1215.0,44
2023-05-11 14:59:02,MA311C2425,MA311C2425,68.5,0.0,0.0,0.0,2,9.0,0.0,0,70.0,61.5,69.0,61.5,18.0,1215.0,44
2023-05-11 14:59:02,MA311C2425,MA311C2425,68.5,0.0,0.0,0.0,1,8.5,0.0,0,70.0,61.5,69.0,61.5,18.0,1215.0,44
2023-05-11 14:59:02,MA311C2425,MA311C2425,68.5,0.0,0.0,0.0,2,9.0,0.0,0,70.0,61.5,69.0,61.5,18.0,1215.0,44
2023-05-11 14:59:02,MA311C2425,MA311C2425,68.5,0.0,0.0,0.0,2,9.0,0.0,0,70.0,61.5,69.0,61.5,18.0,1215.0,44
