time,symbol_id,symbol_name,last,trade_volume,trade_amount,open_interest_change,bv1,bp1,ap1,av1,yesterday_close,today_open,today_high,today_low,volume,amount,open_interest
2023-05-10 19:12:58,MA312C2400,MA312C2400,105.0,0.0,0.0,0.0,0,0.0,0.0,0,105.0,91.0,0.0,0.0,0.0,0.0,17
2023-05-10 20:59:00,MA312C2400,MA312C2400,105.0,0.0,0.0,0.0,1,0.5,0.0,0,105.0,91.0,0.0,0.0,0.0,0.0,17
2023-05-10 21:00:02,MA312C2400,MA312C2400,105.0,0.0,0.0,0.0,10,1.0,0.0,0,105.0,91.0,0.0,0.0,0.0,0.0,17
2023-05-10 21:00:13,MA312C2400,MA312C2400,105.0,0.0,0.0,0.0,1,14.5,0.0,0,105.0,91.0,0.0,0.0,0.0,0.0,17
2023-05-10 21:00:13,MA312C2400,MA312C2400,105.0,0.0,0.0,0.0,10,15.0,0.0,0,105.0,91.0,0.0,0.0,0.0,0.0,17
2023-05-10 21:00:56,MA312C2400,MA312C2400,105.0,0.0,0.0,0.0,1,15.5,0.0,0,105.0,91.0,0.0,0.0,0.0,0.0,17
2023-05-10 21:00:56,MA312C2400,MA312C2400,105.0,0.0,0.0,0.0,10,16.0,0.0,0,105.0,91.0,0.0,0.0,0.0,0.0,17
2023-05-10 21:01:17,MA312C2400,MA312C2400,105.0,0.0,0.0,0.0,1,19.5,0.0,0,105.0,91.0,0.0,0.0,0.0,0.0,17
2023-05-10 21:01:17,MA312C2400,MA312C2400,105.0,0.0,0.0,0.0,10,20.0,0.0,0,105.0,91.0,0.0,0.0,0.0,0.0,17
2023-05-10 21:01:30,MA312C2400,MA312C2400,105.0,0.0,0.0,0.0,1,20.5,0.0,0,105.0,91.0,0.0,0.0,0.0,0.0,17
2023-05-10 21:01:30,MA312C2400,MA312C2400,105.0,0.0,0.0,0.0,10,21.0,0.0,0,105.0,91.0,0.0,0.0,0.0,0.0,17
2023-05-10 21:01:38,MA312C2400,MA312C2400,105.0,0.0,0.0,0.0,1,21.5,0.0,0,105.0,91.0,0.0,0.0,0.0,0.0,17
2023-05-10 21:01:38,MA312C2400,MA312C2400,105.0,0.0,0.0,0.0,10,22.0,0.0,0,105.0,91.0,0.0,0.0,0.0,0.0,17
2023-05-10 21:01:41,MA312C2400,MA312C2400,105.0,0.0,0.0,0.0,1,22.5,0.0,0,105.0,91.0,0.0,0.0,0.0,0.0,17
2023-05-10 21:01:41,MA312C2400,MA312C2400,105.0,0.0,0.0,0.0,10,23.0,0.0,0,105.0,91.0,0.0,0.0,0.0,0.0,17
2023-05-10 21:01:44,MA312C2400,MA312C2400,105.0,0.0,0.0,0.0,1,23.5,0.0,0,105.0,91.0,0.0,0.0,0.0,0.0,17
2023-05-10 21:01:44,MA312C2400,MA312C2400,105.0,0.0,0.0,0.0,10,24.0,0.0,0,105.0,91.0,0.0,0.0,0.0,0.0,17
2023-05-10 21:01:46,MA312C2400,MA312C2400,105.0,0.0,0.0,0.0,1,24.5,0.0,0,105.0,91.0,0.0,0.0,0.0,0.0,17
2023-05-10 21:01:46,MA312C2400,MA312C2400,105.0,0.0,0.0,0.0,10,25.0,0.0,0,105.0,91.0,0.0,0.0,0.0,0.0,17
2023-05-10 21:01:48,MA312C2400,MA312C2400,105.0,0.0,0.0,0.0,1,25.5,0.0,0,105.0,91.0,0.0,0.0,0.0,0.0,17
2023-05-10 21:01:48,MA312C2400,MA312C2400,105.0,0.0,0.0,0.0,10,26.0,0.0,0,105.0,91.0,0.0,0.0,0.0,0.0,17
2023-05-10 21:01:49,MA312C2400,MA312C2400,105.0,0.0,0.0,0.0,1,26.5,0.0,0,105.0,91.0,0.0,0.0,0.0,0.0,17
2023-05-10 21:01:50,MA312C2400,MA312C2400,105.0,0.0,0.0,0.0,10,27.0,0.0,0,105.0,91.0,0.0,0.0,0.0,0.0,17
2023-05-10 21:01:51,MA312C2400,MA312C2400,105.0,0.0,0.0,0.0,1,30.5,0.0,0,105.0,91.0,0.0,0.0,0.0,0.0,17
2023-05-10 21:01:52,MA312C2400,MA312C2400,105.0,0.0,0.0,0.0,10,31.0,0.0,0,105.0,91.0,0.0,0.0,0.0,0.0,17
2023-05-10 21:01:53,MA312C2400,MA312C2400,105.0,0.0,0.0,0.0,1,31.5,0.0,0,105.0,91.0,0.0,0.0,0.0,0.0,17
2023-05-10 21:01:53,MA312C2400,MA312C2400,105.0,0.0,0.0,0.0,10,32.0,0.0,0,105.0,91.0,0.0,0.0,0.0,0.0,17
2023-05-10 21:01:54,MA312C2400,MA312C2400,105.0,0.0,0.0,0.0,1,32.5,0.0,0,105.0,91.0,0.0,0.0,0.0,0.0,17
2023-05-10 21:01:55,MA312C2400,MA312C2400,105.0,0.0,0.0,0.0,10,33.0,0.0,0,105.0,91.0,0.0,0.0,0.0,0.0,17
2023-05-10 21:01:56,MA312C2400,MA312C2400,105.0,0.0,0.0,0.0,1,33.5,0.0,0,105.0,91.0,0.0,0.0,0.0,0.0,17
2023-05-10 21:01:56,MA312C2400,MA312C2400,105.0,0.0,0.0,0.0,10,34.0,0.0,0,105.0,91.0,0.0,0.0,0.0,0.0,17
2023-05-10 21:01:57,MA312C2400,MA312C2400,105.0,0.0,0.0,0.0,1,34.5,0.0,0,105.0,91.0,0.0,0.0,0.0,0.0,17
2023-05-10 21:01:58,MA312C2400,MA312C2400,105.0,0.0,0.0,0.0,10,35.0,0.0,0,105.0,91.0,0.0,0.0,0.0,0.0,17
2023-05-10 21:01:59,MA312C2400,MA312C2400,105.0,0.0,0.0,0.0,1,35.5,0.0,0,105.0,91.0,0.0,0.0,0.0,0.0,17
2023-05-10 21:01:59,MA312C2400,MA312C2400,105.0,0.0,0.0,0.0,10,36.0,0.0,0,105.0,91.0,0.0,0.0,0.0,0.0,17
2023-05-10 21:02:00,MA312C2400,MA312C2400,105.0,0.0,0.0,0.0,1,36.5,0.0,0,105.0,91.0,0.0,0.0,0.0,0.0,17
2023-05-10 21:02:00,MA312C2400,MA312C2400,105.0,0.0,0.0,0.0,10,37.0,0.0,0,105.0,91.0,0.0,0.0,0.0,0.0,17
2023-05-10 21:02:01,MA312C2400,MA312C2400,105.0,0.0,0.0,0.0,1,37.5,0.0,0,105.0,91.0,0.0,0.0,0.0,0.0,17
2023-05-10 21:02:02,MA312C2400,MA312C2400,105.0,0.0,0.0,0.0,10,38.0,0.0,0,105.0,91.0,0.0,0.0,0.0,0.0,17
2023-05-10 21:02:03,MA312C2400,MA312C2400,105.0,0.0,0.0,0.0,1,38.5,0.0,0,105.0,91.0,0.0,0.0,0.0,0.0,17
2023-05-10 21:02:03,MA312C2400,MA312C2400,105.0,0.0,0.0,0.0,10,39.0,0.0,0,105.0,91.0,0.0,0.0,0.0,0.0,17
2023-05-10 21:02:04,MA312C2400,MA312C2400,105.0,0.0,0.0,0.0,1,39.5,0.0,0,105.0,91.0,0.0,0.0,0.0,0.0,17
2023-05-10 21:02:04,MA312C2400,MA312C2400,105.0,0.0,0.0,0.0,10,40.0,0.0,0,105.0,91.0,0.0,0.0,0.0,0.0,17
2023-05-10 21:02:04,MA312C2400,MA312C2400,105.0,0.0,0.0,0.0,1,39.5,0.0,0,105.0,91.0,0.0,0.0,0.0,0.0,17
2023-05-10 21:02:04,MA312C2400,MA312C2400,105.0,0.0,0.0,0.0,10,40.0,0.0,0,105.0,91.0,0.0,0.0,0.0,0.0,17
2023-05-10 22:01:03,MA312C2400,MA312C2400,105.0,0.0,0.0,0.0,1,15.5,0.0,0,105.0,91.0,0.0,0.0,0.0,0.0,17
2023-05-10 22:01:04,MA312C2400,MA312C2400,105.0,0.0,0.0,0.0,1,19.0,0.0,0,105.0,91.0,0.0,0.0,0.0,0.0,17
2023-05-10 22:01:04,MA312C2400,MA312C2400,105.0,0.0,0.0,0.0,1,19.5,0.0,0,105.0,91.0,0.0,0.0,0.0,0.0,17
2023-05-10 22:01:07,MA312C2400,MA312C2400,105.0,0.0,0.0,0.0,1,20.0,0.0,0,105.0,91.0,0.0,0.0,0.0,0.0,17
2023-05-10 22:02:19,MA312C2400,MA312C2400,105.0,0.0,0.0,0.0,10,20.5,0.0,0,105.0,91.0,0.0,0.0,0.0,0.0,17
2023-05-10 22:02:21,MA312C2400,MA312C2400,105.0,0.0,0.0,0.0,1,24.0,0.0,0,105.0,91.0,0.0,0.0,0.0,0.0,17
2023-05-10 22:02:21,MA312C2400,MA312C2400,105.0,0.0,0.0,0.0,10,24.5,0.0,0,105.0,91.0,0.0,0.0,0.0,0.0,17
2023-05-10 22:02:22,MA312C2400,MA312C2400,105.0,0.0,0.0,0.0,1,25.0,0.0,0,105.0,91.0,0.0,0.0,0.0,0.0,17
2023-05-10 22:02:23,MA312C2400,MA312C2400,105.0,0.0,0.0,0.0,10,25.5,0.0,0,105.0,91.0,0.0,0.0,0.0,0.0,17
2023-05-10 22:02:24,MA312C2400,MA312C2400,105.0,0.0,0.0,0.0,1,26.0,0.0,0,105.0,91.0,0.0,0.0,0.0,0.0,17
2023-05-10 22:02:24,MA312C2400,MA312C2400,105.0,0.0,0.0,0.0,10,26.5,0.0,0,105.0,91.0,0.0,0.0,0.0,0.0,17
2023-05-10 22:02:25,MA312C2400,MA312C2400,105.0,0.0,0.0,0.0,1,27.0,0.0,0,105.0,91.0,0.0,0.0,0.0,0.0,17
2023-05-10 22:02:26,MA312C2400,MA312C2400,105.0,0.0,0.0,0.0,10,27.5,0.0,0,105.0,91.0,0.0,0.0,0.0,0.0,17
2023-05-10 22:02:27,MA312C2400,MA312C2400,105.0,0.0,0.0,0.0,1,28.0,0.0,0,105.0,91.0,0.0,0.0,0.0,0.0,17
2023-05-10 22:02:27,MA312C2400,MA312C2400,105.0,0.0,0.0,0.0,10,28.5,0.0,0,105.0,91.0,0.0,0.0,0.0,0.0,17
2023-05-10 22:02:28,MA312C2400,MA312C2400,105.0,0.0,0.0,0.0,1,29.0,0.0,0,105.0,91.0,0.0,0.0,0.0,0.0,17
2023-05-10 22:02:28,MA312C2400,MA312C2400,105.0,0.0,0.0,0.0,10,29.5,0.0,0,105.0,91.0,0.0,0.0,0.0,0.0,17
2023-05-10 22:02:29,MA312C2400,MA312C2400,105.0,0.0,0.0,0.0,1,30.0,0.0,0,105.0,91.0,0.0,0.0,0.0,0.0,17
2023-05-10 22:02:30,MA312C2400,MA312C2400,105.0,0.0,0.0,0.0,10,30.5,0.0,0,105.0,91.0,0.0,0.0,0.0,0.0,17
2023-05-10 22:02:31,MA312C2400,MA312C2400,105.0,0.0,0.0,0.0,1,31.0,0.0,0,105.0,91.0,0.0,0.0,0.0,0.0,17
2023-05-10 22:02:31,MA312C2400,MA312C2400,105.0,0.0,0.0,0.0,10,31.5,0.0,0,105.0,91.0,0.0,0.0,0.0,0.0,17
2023-05-10 22:02:32,MA312C2400,MA312C2400,105.0,0.0,0.0,0.0,1,32.0,0.0,0,105.0,91.0,0.0,0.0,0.0,0.0,17
2023-05-10 22:02:32,MA312C2400,MA312C2400,105.0,0.0,0.0,0.0,10,32.5,0.0,0,105.0,91.0,0.0,0.0,0.0,0.0,17
2023-05-10 22:02:33,MA312C2400,MA312C2400,105.0,0.0,0.0,0.0,1,33.0,0.0,0,105.0,91.0,0.0,0.0,0.0,0.0,17
2023-05-10 22:02:34,MA312C2400,MA312C2400,105.0,0.0,0.0,0.0,10,33.5,0.0,0,105.0,91.0,0.0,0.0,0.0,0.0,17
2023-05-10 22:02:35,MA312C2400,MA312C2400,105.0,0.0,0.0,0.0,1,34.0,0.0,0,105.0,91.0,0.0,0.0,0.0,0.0,17
2023-05-10 22:02:35,MA312C2400,MA312C2400,105.0,0.0,0.0,0.0,10,34.5,0.0,0,105.0,91.0,0.0,0.0,0.0,0.0,17
2023-05-10 22:02:36,MA312C2400,MA312C2400,105.0,0.0,0.0,0.0,1,35.0,0.0,0,105.0,91.0,0.0,0.0,0.0,0.0,17
2023-05-10 22:02:36,MA312C2400,MA312C2400,105.0,0.0,0.0,0.0,10,35.5,0.0,0,105.0,91.0,0.0,0.0,0.0,0.0,17
2023-05-10 22:02:37,MA312C2400,MA312C2400,105.0,0.0,0.0,0.0,1,36.0,0.0,0,105.0,91.0,0.0,0.0,0.0,0.0,17
2023-05-10 22:02:38,MA312C2400,MA312C2400,105.0,0.0,0.0,0.0,10,36.5,0.0,0,105.0,91.0,0.0,0.0,0.0,0.0,17
2023-05-10 22:02:38,MA312C2400,MA312C2400,105.0,0.0,0.0,0.0,1,37.0,0.0,0,105.0,91.0,0.0,0.0,0.0,0.0,17
2023-05-10 22:02:39,MA312C2400,MA312C2400,105.0,0.0,0.0,0.0,10,37.5,0.0,0,105.0,91.0,0.0,0.0,0.0,0.0,17
2023-05-10 22:02:40,MA312C2400,MA312C2400,105.0,0.0,0.0,0.0,1,38.0,0.0,0,105.0,91.0,0.0,0.0,0.0,0.0,17
2023-05-10 22:02:40,MA312C2400,MA312C2400,105.0,0.0,0.0,0.0,10,38.5,0.0,0,105.0,91.0,0.0,0.0,0.0,0.0,17
2023-05-10 22:02:41,MA312C2400,MA312C2400,105.0,0.0,0.0,0.0,1,39.0,0.0,0,105.0,91.0,0.0,0.0,0.0,0.0,17
2023-05-10 22:02:41,MA312C2400,MA312C2400,105.0,0.0,0.0,0.0,10,39.5,0.0,0,105.0,91.0,0.0,0.0,0.0,0.0,17
2023-05-10 22:02:42,MA312C2400,MA312C2400,105.0,0.0,0.0,0.0,1,40.0,0.0,0,105.0,91.0,0.0,0.0,0.0,0.0,17
2023-05-10 22:02:43,MA312C2400,MA312C2400,105.0,0.0,0.0,0.0,10,40.5,0.0,0,105.0,91.0,0.0,0.0,0.0,0.0,17
2023-05-10 22:07:49,MA312C2400,MA312C2400,105.0,0.0,0.0,0.0,1,47.0,0.0,0,105.0,91.0,0.0,0.0,0.0,0.0,17
2023-05-10 22:07:50,MA312C2400,MA312C2400,105.0,0.0,0.0,0.0,10,47.5,0.0,0,105.0,91.0,0.0,0.0,0.0,0.0,17
2023-05-10 22:07:51,MA312C2400,MA312C2400,105.0,0.0,0.0,0.0,1,54.0,0.0,0,105.0,91.0,0.0,0.0,0.0,0.0,17
2023-05-10 22:07:52,MA312C2400,MA312C2400,105.0,0.0,0.0,0.0,10,54.5,0.0,0,105.0,91.0,0.0,0.0,0.0,0.0,17
2023-05-10 22:07:53,MA312C2400,MA312C2400,105.0,0.0,0.0,0.0,1,61.0,0.0,0,105.0,91.0,0.0,0.0,0.0,0.0,17
2023-05-10 22:07:53,MA312C2400,MA312C2400,105.0,0.0,0.0,0.0,10,61.5,0.0,0,105.0,91.0,0.0,0.0,0.0,0.0,17
2023-05-10 22:07:54,MA312C2400,MA312C2400,105.0,0.0,0.0,0.0,1,68.0,0.0,0,105.0,91.0,0.0,0.0,0.0,0.0,17
2023-05-10 22:07:55,MA312C2400,MA312C2400,105.0,0.0,0.0,0.0,10,68.5,0.0,0,105.0,91.0,0.0,0.0,0.0,0.0,17
2023-05-10 22:07:55,MA312C2400,MA312C2400,105.0,0.0,0.0,0.0,1,75.0,0.0,0,105.0,91.0,0.0,0.0,0.0,0.0,17
2023-05-10 22:08:19,MA312C2400,MA312C2400,105.0,0.0,0.0,0.0,10,20.0,0.0,0,105.0,91.0,0.0,0.0,0.0,0.0,17
2023-05-10 22:08:20,MA312C2400,MA312C2400,105.0,0.0,0.0,0.0,1,23.5,0.0,0,105.0,91.0,0.0,0.0,0.0,0.0,17
2023-05-10 22:08:20,MA312C2400,MA312C2400,105.0,0.0,0.0,0.0,10,24.0,0.0,0,105.0,91.0,0.0,0.0,0.0,0.0,17
2023-05-10 22:08:21,MA312C2400,MA312C2400,105.0,0.0,0.0,0.0,1,27.5,0.0,0,105.0,91.0,0.0,0.0,0.0,0.0,17
2023-05-10 22:08:21,MA312C2400,MA312C2400,105.0,0.0,0.0,0.0,10,28.0,0.0,0,105.0,91.0,0.0,0.0,0.0,0.0,17
2023-05-10 22:08:22,MA312C2400,MA312C2400,105.0,0.0,0.0,0.0,1,28.5,0.0,0,105.0,91.0,0.0,0.0,0.0,0.0,17
2023-05-10 22:08:23,MA312C2400,MA312C2400,105.0,0.0,0.0,0.0,10,29.0,0.0,0,105.0,91.0,0.0,0.0,0.0,0.0,17
2023-05-10 22:08:24,MA312C2400,MA312C2400,105.0,0.0,0.0,0.0,1,29.5,0.0,0,105.0,91.0,0.0,0.0,0.0,0.0,17
2023-05-10 22:08:24,MA312C2400,MA312C2400,105.0,0.0,0.0,0.0,10,30.0,0.0,0,105.0,91.0,0.0,0.0,0.0,0.0,17
2023-05-10 22:08:25,MA312C2400,MA312C2400,105.0,0.0,0.0,0.0,1,30.5,0.0,0,105.0,91.0,0.0,0.0,0.0,0.0,17
2023-05-10 22:08:25,MA312C2400,MA312C2400,105.0,0.0,0.0,0.0,10,31.0,0.0,0,105.0,91.0,0.0,0.0,0.0,0.0,17
2023-05-10 22:08:26,MA312C2400,MA312C2400,105.0,0.0,0.0,0.0,1,31.5,0.0,0,105.0,91.0,0.0,0.0,0.0,0.0,17
2023-05-10 22:08:26,MA312C2400,MA312C2400,105.0,0.0,0.0,0.0,10,32.0,0.0,0,105.0,91.0,0.0,0.0,0.0,0.0,17
2023-05-10 22:08:27,MA312C2400,MA312C2400,105.0,0.0,0.0,0.0,1,32.5,0.0,0,105.0,91.0,0.0,0.0,0.0,0.0,17
2023-05-10 22:08:27,MA312C2400,MA312C2400,105.0,0.0,0.0,0.0,10,33.0,0.0,0,105.0,91.0,0.0,0.0,0.0,0.0,17
2023-05-10 22:08:28,MA312C2400,MA312C2400,105.0,0.0,0.0,0.0,1,33.5,0.0,0,105.0,91.0,0.0,0.0,0.0,0.0,17
2023-05-10 22:08:28,MA312C2400,MA312C2400,105.0,0.0,0.0,0.0,10,34.0,0.0,0,105.0,91.0,0.0,0.0,0.0,0.0,17
2023-05-10 22:08:29,MA312C2400,MA312C2400,105.0,0.0,0.0,0.0,1,34.5,0.0,0,105.0,91.0,0.0,0.0,0.0,0.0,17
2023-05-10 22:08:29,MA312C2400,MA312C2400,105.0,0.0,0.0,0.0,10,35.0,0.0,0,105.0,91.0,0.0,0.0,0.0,0.0,17
2023-05-10 22:08:30,MA312C2400,MA312C2400,105.0,0.0,0.0,0.0,1,35.5,0.0,0,105.0,91.0,0.0,0.0,0.0,0.0,17
2023-05-10 22:08:30,MA312C2400,MA312C2400,105.0,0.0,0.0,0.0,10,36.0,0.0,0,105.0,91.0,0.0,0.0,0.0,0.0,17
2023-05-10 22:08:31,MA312C2400,MA312C2400,105.0,0.0,0.0,0.0,1,36.5,0.0,0,105.0,91.0,0.0,0.0,0.0,0.0,17
2023-05-10 22:08:31,MA312C2400,MA312C2400,105.0,0.0,0.0,0.0,10,37.0,0.0,0,105.0,91.0,0.0,0.0,0.0,0.0,17
2023-05-10 22:08:32,MA312C2400,MA312C2400,105.0,0.0,0.0,0.0,1,37.5,0.0,0,105.0,91.0,0.0,0.0,0.0,0.0,17
2023-05-10 22:08:32,MA312C2400,MA312C2400,105.0,0.0,0.0,0.0,10,38.0,0.0,0,105.0,91.0,0.0,0.0,0.0,0.0,17
2023-05-10 22:08:33,MA312C2400,MA312C2400,105.0,0.0,0.0,0.0,1,38.5,0.0,0,105.0,91.0,0.0,0.0,0.0,0.0,17
2023-05-10 22:08:33,MA312C2400,MA312C2400,105.0,0.0,0.0,0.0,10,39.0,0.0,0,105.0,91.0,0.0,0.0,0.0,0.0,17
2023-05-10 22:08:34,MA312C2400,MA312C2400,105.0,0.0,0.0,0.0,1,39.5,0.0,0,105.0,91.0,0.0,0.0,0.0,0.0,17
2023-05-10 22:08:34,MA312C2400,MA312C2400,105.0,0.0,0.0,0.0,10,40.0,0.0,0,105.0,91.0,0.0,0.0,0.0,0.0,17
2023-05-10 22:24:37,MA312C2400,MA312C2400,105.0,0.0,0.0,0.0,1,46.5,0.0,0,105.0,91.0,0.0,0.0,0.0,0.0,17
2023-05-10 22:24:37,MA312C2400,MA312C2400,105.0,0.0,0.0,0.0,10,47.0,0.0,0,105.0,91.0,0.0,0.0,0.0,0.0,17
2023-05-10 22:24:38,MA312C2400,MA312C2400,105.0,0.0,0.0,0.0,1,53.5,0.0,0,105.0,91.0,0.0,0.0,0.0,0.0,17
2023-05-10 22:24:38,MA312C2400,MA312C2400,105.0,0.0,0.0,0.0,10,54.0,0.0,0,105.0,91.0,0.0,0.0,0.0,0.0,17
2023-05-10 22:24:39,MA312C2400,MA312C2400,105.0,0.0,0.0,0.0,1,60.5,0.0,0,105.0,91.0,0.0,0.0,0.0,0.0,17
2023-05-10 22:24:40,MA312C2400,MA312C2400,105.0,0.0,0.0,0.0,10,61.0,0.0,0,105.0,91.0,0.0,0.0,0.0,0.0,17
2023-05-10 22:24:40,MA312C2400,MA312C2400,105.0,0.0,0.0,0.0,1,64.5,0.0,0,105.0,91.0,0.0,0.0,0.0,0.0,17
2023-05-10 22:24:41,MA312C2400,MA312C2400,105.0,0.0,0.0,0.0,10,65.0,0.0,0,105.0,91.0,0.0,0.0,0.0,0.0,17
2023-05-10 22:24:41,MA312C2400,MA312C2400,105.0,0.0,0.0,0.0,1,65.5,0.0,0,105.0,91.0,0.0,0.0,0.0,0.0,17
2023-05-10 22:24:42,MA312C2400,MA312C2400,105.0,0.0,0.0,0.0,10,66.0,0.0,0,105.0,91.0,0.0,0.0,0.0,0.0,17
2023-05-10 22:24:42,MA312C2400,MA312C2400,105.0,0.0,0.0,0.0,1,66.5,0.0,0,105.0,91.0,0.0,0.0,0.0,0.0,17
2023-05-10 22:24:43,MA312C2400,MA312C2400,105.0,0.0,0.0,0.0,10,67.0,0.0,0,105.0,91.0,0.0,0.0,0.0,0.0,17
2023-05-10 22:24:43,MA312C2400,MA312C2400,105.0,0.0,0.0,0.0,1,67.5,0.0,0,105.0,91.0,0.0,0.0,0.0,0.0,17
2023-05-10 22:24:44,MA312C2400,MA312C2400,105.0,0.0,0.0,0.0,10,68.0,0.0,0,105.0,91.0,0.0,0.0,0.0,0.0,17
2023-05-10 22:24:44,MA312C2400,MA312C2400,105.0,0.0,0.0,0.0,1,68.5,0.0,0,105.0,91.0,0.0,0.0,0.0,0.0,17
2023-05-10 22:24:45,MA312C2400,MA312C2400,105.0,0.0,0.0,0.0,10,69.0,0.0,0,105.0,91.0,0.0,0.0,0.0,0.0,17
2023-05-10 22:24:45,MA312C2400,MA312C2400,105.0,0.0,0.0,0.0,1,69.5,0.0,0,105.0,91.0,0.0,0.0,0.0,0.0,17
2023-05-10 22:24:46,MA312C2400,MA312C2400,105.0,0.0,0.0,0.0,10,70.0,0.0,0,105.0,91.0,0.0,0.0,0.0,0.0,17
2023-05-10 22:24:46,MA312C2400,MA312C2400,105.0,0.0,0.0,0.0,1,70.5,0.0,0,105.0,91.0,0.0,0.0,0.0,0.0,17
2023-05-10 22:24:47,MA312C2400,MA312C2400,105.0,0.0,0.0,0.0,10,71.0,0.0,0,105.0,91.0,0.0,0.0,0.0,0.0,17
2023-05-10 22:24:48,MA312C2400,MA312C2400,105.0,0.0,0.0,0.0,1,71.5,0.0,0,105.0,91.0,0.0,0.0,0.0,0.0,17
2023-05-10 22:28:11,MA312C2400,MA312C2400,105.0,0.0,0.0,0.0,11,71.5,0.0,0,105.0,91.0,0.0,0.0,0.0,0.0,17
2023-05-10 22:28:16,MA312C2400,MA312C2400,105.0,0.0,0.0,0.0,1,71.5,0.0,0,105.0,91.0,0.0,0.0,0.0,0.0,17
2023-05-10 22:30:39,MA312C2400,MA312C2400,105.0,0.0,0.0,0.0,11,71.5,0.0,0,105.0,91.0,0.0,0.0,0.0,0.0,17
2023-05-10 22:31:40,MA312C2400,MA312C2400,105.0,0.0,0.0,0.0,1,71.5,0.0,0,105.0,91.0,0.0,0.0,0.0,0.0,17
2023-05-10 22:35:03,MA312C2400,MA312C2400,105.0,0.0,0.0,0.0,11,71.5,0.0,0,105.0,91.0,0.0,0.0,0.0,0.0,17
2023-05-10 22:35:21,MA312C2400,MA312C2400,105.0,0.0,0.0,0.0,1,71.5,0.0,0,105.0,91.0,0.0,0.0,0.0,0.0,17
2023-05-10 22:36:53,MA312C2400,MA312C2400,105.0,0.0,0.0,0.0,11,71.5,0.0,0,105.0,91.0,0.0,0.0,0.0,0.0,17
2023-05-10 22:36:59,MA312C2400,MA312C2400,105.0,0.0,0.0,0.0,1,71.5,0.0,0,105.0,91.0,0.0,0.0,0.0,0.0,17
2023-05-10 22:40:24,MA312C2400,MA312C2400,105.0,0.0,0.0,0.0,11,71.5,0.0,0,105.0,91.0,0.0,0.0,0.0,0.0,17
2023-05-10 22:40:29,MA312C2400,MA312C2400,105.0,0.0,0.0,0.0,1,71.5,0.0,0,105.0,91.0,0.0,0.0,0.0,0.0,17
2023-05-10 22:46:38,MA312C2400,MA312C2400,105.0,0.0,0.0,0.0,10,72.0,0.0,0,105.0,91.0,0.0,0.0,0.0,0.0,17
2023-05-10 22:46:39,MA312C2400,MA312C2400,105.0,0.0,0.0,0.0,1,72.5,0.0,0,105.0,91.0,0.0,0.0,0.0,0.0,17
2023-05-10 22:50:59,MA312C2400,MA312C2400,105.0,0.0,0.0,0.0,10,20.0,0.0,0,105.0,91.0,0.0,0.0,0.0,0.0,17
2023-05-10 22:51:00,MA312C2400,MA312C2400,105.0,0.0,0.0,0.0,1,26.5,0.0,0,105.0,91.0,0.0,0.0,0.0,0.0,17
2023-05-10 22:51:00,MA312C2400,MA312C2400,105.0,0.0,0.0,0.0,10,27.0,0.0,0,105.0,91.0,0.0,0.0,0.0,0.0,17
2023-05-10 22:51:01,MA312C2400,MA312C2400,105.0,0.0,0.0,0.0,1,33.5,0.0,0,105.0,91.0,0.0,0.0,0.0,0.0,17
2023-05-10 22:51:02,MA312C2400,MA312C2400,105.0,0.0,0.0,0.0,10,34.0,0.0,0,105.0,91.0,0.0,0.0,0.0,0.0,17
2023-05-10 22:51:03,MA312C2400,MA312C2400,105.0,0.0,0.0,0.0,1,34.5,0.0,0,105.0,91.0,0.0,0.0,0.0,0.0,17
2023-05-10 22:51:03,MA312C2400,MA312C2400,105.0,0.0,0.0,0.0,10,35.0,0.0,0,105.0,91.0,0.0,0.0,0.0,0.0,17
2023-05-10 22:51:04,MA312C2400,MA312C2400,105.0,0.0,0.0,0.0,1,35.5,0.0,0,105.0,91.0,0.0,0.0,0.0,0.0,17
2023-05-10 22:51:04,MA312C2400,MA312C2400,105.0,0.0,0.0,0.0,10,36.0,0.0,0,105.0,91.0,0.0,0.0,0.0,0.0,17
2023-05-10 22:51:05,MA312C2400,MA312C2400,105.0,0.0,0.0,0.0,1,36.5,0.0,0,105.0,91.0,0.0,0.0,0.0,0.0,17
2023-05-10 22:51:05,MA312C2400,MA312C2400,105.0,0.0,0.0,0.0,10,37.0,0.0,0,105.0,91.0,0.0,0.0,0.0,0.0,17
2023-05-10 22:51:06,MA312C2400,MA312C2400,105.0,0.0,0.0,0.0,1,37.5,0.0,0,105.0,91.0,0.0,0.0,0.0,0.0,17
2023-05-10 22:51:06,MA312C2400,MA312C2400,105.0,0.0,0.0,0.0,10,38.0,0.0,0,105.0,91.0,0.0,0.0,0.0,0.0,17
2023-05-10 22:51:07,MA312C2400,MA312C2400,105.0,0.0,0.0,0.0,1,38.5,0.0,0,105.0,91.0,0.0,0.0,0.0,0.0,17
2023-05-10 22:51:07,MA312C2400,MA312C2400,105.0,0.0,0.0,0.0,10,39.0,0.0,0,105.0,91.0,0.0,0.0,0.0,0.0,17
2023-05-10 22:51:08,MA312C2400,MA312C2400,105.0,0.0,0.0,0.0,1,39.5,0.0,0,105.0,91.0,0.0,0.0,0.0,0.0,17
2023-05-10 22:51:08,MA312C2400,MA312C2400,105.0,0.0,0.0,0.0,10,40.0,0.0,0,105.0,91.0,0.0,0.0,0.0,0.0,17
2023-05-10 22:51:09,MA312C2400,MA312C2400,105.0,0.0,0.0,0.0,1,40.5,0.0,0,105.0,91.0,0.0,0.0,0.0,0.0,17
2023-05-10 22:51:09,MA312C2400,MA312C2400,105.0,0.0,0.0,0.0,10,41.0,0.0,0,105.0,91.0,0.0,0.0,0.0,0.0,17
2023-05-10 22:51:10,MA312C2400,MA312C2400,105.0,0.0,0.0,0.0,1,41.5,0.0,0,105.0,91.0,0.0,0.0,0.0,0.0,17
2023-05-10 22:51:10,MA312C2400,MA312C2400,105.0,0.0,0.0,0.0,10,42.0,0.0,0,105.0,91.0,0.0,0.0,0.0,0.0,17
2023-05-10 22:51:11,MA312C2400,MA312C2400,105.0,0.0,0.0,0.0,1,42.5,0.0,0,105.0,91.0,0.0,0.0,0.0,0.0,17
2023-05-10 22:51:11,MA312C2400,MA312C2400,105.0,0.0,0.0,0.0,10,43.0,0.0,0,105.0,91.0,0.0,0.0,0.0,0.0,17
2023-05-10 22:51:12,MA312C2400,MA312C2400,105.0,0.0,0.0,0.0,1,43.5,0.0,0,105.0,91.0,0.0,0.0,0.0,0.0,17
2023-05-10 22:51:12,MA312C2400,MA312C2400,105.0,0.0,0.0,0.0,10,44.0,0.0,0,105.0,91.0,0.0,0.0,0.0,0.0,17
2023-05-10 22:51:13,MA312C2400,MA312C2400,105.0,0.0,0.0,0.0,1,44.5,0.0,0,105.0,91.0,0.0,0.0,0.0,0.0,17
2023-05-10 22:51:13,MA312C2400,MA312C2400,105.0,0.0,0.0,0.0,10,45.0,0.0,0,105.0,91.0,0.0,0.0,0.0,0.0,17
2023-05-10 22:51:14,MA312C2400,MA312C2400,105.0,0.0,0.0,0.0,1,45.5,0.0,0,105.0,91.0,0.0,0.0,0.0,0.0,17
2023-05-10 22:51:14,MA312C2400,MA312C2400,105.0,0.0,0.0,0.0,10,46.0,0.0,0,105.0,91.0,0.0,0.0,0.0,0.0,17
2023-05-10 22:51:15,MA312C2400,MA312C2400,105.0,0.0,0.0,0.0,1,46.5,0.0,0,105.0,91.0,0.0,0.0,0.0,0.0,17
2023-05-10 22:51:15,MA312C2400,MA312C2400,105.0,0.0,0.0,0.0,10,47.0,0.0,0,105.0,91.0,0.0,0.0,0.0,0.0,17
2023-05-10 22:51:16,MA312C2400,MA312C2400,105.0,0.0,0.0,0.0,1,47.5,0.0,0,105.0,91.0,0.0,0.0,0.0,0.0,17
2023-05-10 22:51:16,MA312C2400,MA312C2400,105.0,0.0,0.0,0.0,10,48.0,0.0,0,105.0,91.0,0.0,0.0,0.0,0.0,17
2023-05-10 22:51:17,MA312C2400,MA312C2400,105.0,0.0,0.0,0.0,1,48.5,0.0,0,105.0,91.0,0.0,0.0,0.0,0.0,17
2023-05-10 22:51:17,MA312C2400,MA312C2400,105.0,0.0,0.0,0.0,10,49.0,0.0,0,105.0,91.0,0.0,0.0,0.0,0.0,17
2023-05-10 22:54:12,MA312C2400,MA312C2400,105.0,0.0,0.0,0.0,1,49.5,0.0,0,105.0,91.0,0.0,0.0,0.0,0.0,17
2023-05-10 22:54:12,MA312C2400,MA312C2400,105.0,0.0,0.0,0.0,10,50.0,0.0,0,105.0,91.0,0.0,0.0,0.0,0.0,17
2023-05-10 22:55:59,MA312C2400,MA312C2400,105.0,0.0,0.0,0.0,1,56.5,0.0,0,105.0,91.0,0.0,0.0,0.0,0.0,17
2023-05-10 22:55:59,MA312C2400,MA312C2400,105.0,0.0,0.0,0.0,10,57.0,0.0,0,105.0,91.0,0.0,0.0,0.0,0.0,17
2023-05-10 22:56:00,MA312C2400,MA312C2400,105.0,0.0,0.0,0.0,1,63.5,0.0,0,105.0,91.0,0.0,0.0,0.0,0.0,17
2023-05-10 22:56:00,MA312C2400,MA312C2400,105.0,0.0,0.0,0.0,10,64.0,0.0,0,105.0,91.0,0.0,0.0,0.0,0.0,17
2023-05-10 22:56:01,MA312C2400,MA312C2400,105.0,0.0,0.0,0.0,1,70.5,0.0,0,105.0,91.0,0.0,0.0,0.0,0.0,17
2023-05-10 22:56:01,MA312C2400,MA312C2400,105.0,0.0,0.0,0.0,10,71.0,0.0,0,105.0,91.0,0.0,0.0,0.0,0.0,17
2023-05-10 22:56:02,MA312C2400,MA312C2400,105.0,0.0,0.0,0.0,1,74.5,0.0,0,105.0,91.0,0.0,0.0,0.0,0.0,17
2023-05-10 22:56:29,MA312C2400,MA312C2400,105.0,0.0,0.0,0.0,10,20.0,0.0,0,105.0,91.0,0.0,0.0,0.0,0.0,17
2023-05-10 22:56:29,MA312C2400,MA312C2400,105.0,0.0,0.0,0.0,1,26.5,0.0,0,105.0,91.0,0.0,0.0,0.0,0.0,17
2023-05-10 22:56:30,MA312C2400,MA312C2400,105.0,0.0,0.0,0.0,10,27.0,0.0,0,105.0,91.0,0.0,0.0,0.0,0.0,17
2023-05-10 22:56:31,MA312C2400,MA312C2400,105.0,0.0,0.0,0.0,1,33.5,0.0,0,105.0,91.0,0.0,0.0,0.0,0.0,17
2023-05-10 22:56:31,MA312C2400,MA312C2400,105.0,0.0,0.0,0.0,10,34.0,0.0,0,105.0,91.0,0.0,0.0,0.0,0.0,17
2023-05-10 22:56:32,MA312C2400,MA312C2400,105.0,0.0,0.0,0.0,1,40.5,0.0,0,105.0,91.0,0.0,0.0,0.0,0.0,17
2023-05-10 22:56:32,MA312C2400,MA312C2400,105.0,0.0,0.0,0.0,10,41.0,0.0,0,105.0,91.0,0.0,0.0,0.0,0.0,17
2023-05-10 22:56:33,MA312C2400,MA312C2400,105.0,0.0,0.0,0.0,1,44.5,0.0,0,105.0,91.0,0.0,0.0,0.0,0.0,17
2023-05-10 22:56:33,MA312C2400,MA312C2400,105.0,0.0,0.0,0.0,10,45.0,0.0,0,105.0,91.0,0.0,0.0,0.0,0.0,17
2023-05-10 22:56:34,MA312C2400,MA312C2400,105.0,0.0,0.0,0.0,1,48.5,0.0,0,105.0,91.0,0.0,0.0,0.0,0.0,17
2023-05-10 22:56:34,MA312C2400,MA312C2400,105.0,0.0,0.0,0.0,10,49.0,0.0,0,105.0,91.0,0.0,0.0,0.0,0.0,17
2023-05-10 22:56:35,MA312C2400,MA312C2400,105.0,0.0,0.0,0.0,1,49.5,0.0,0,105.0,91.0,0.0,0.0,0.0,0.0,17
2023-05-10 22:56:35,MA312C2400,MA312C2400,105.0,0.0,0.0,0.0,10,50.0,0.0,0,105.0,91.0,0.0,0.0,0.0,0.0,17
2023-05-10 22:56:36,MA312C2400,MA312C2400,105.0,0.0,0.0,0.0,1,50.5,0.0,0,105.0,91.0,0.0,0.0,0.0,0.0,17
2023-05-10 22:56:37,MA312C2400,MA312C2400,105.0,0.0,0.0,0.0,10,51.0,0.0,0,105.0,91.0,0.0,0.0,0.0,0.0,17
2023-05-10 22:56:38,MA312C2400,MA312C2400,105.0,0.0,0.0,0.0,1,51.5,0.0,0,105.0,91.0,0.0,0.0,0.0,0.0,17
2023-05-10 22:56:38,MA312C2400,MA312C2400,105.0,0.0,0.0,0.0,10,52.0,0.0,0,105.0,91.0,0.0,0.0,0.0,0.0,17
2023-05-10 22:56:39,MA312C2400,MA312C2400,105.0,0.0,0.0,0.0,1,52.5,0.0,0,105.0,91.0,0.0,0.0,0.0,0.0,17
2023-05-10 22:56:39,MA312C2400,MA312C2400,105.0,0.0,0.0,0.0,10,53.0,0.0,0,105.0,91.0,0.0,0.0,0.0,0.0,17
2023-05-10 22:56:40,MA312C2400,MA312C2400,105.0,0.0,0.0,0.0,1,53.5,0.0,0,105.0,91.0,0.0,0.0,0.0,0.0,17
2023-05-10 22:56:40,MA312C2400,MA312C2400,105.0,0.0,0.0,0.0,10,54.0,0.0,0,105.0,91.0,0.0,0.0,0.0,0.0,17
2023-05-10 22:56:41,MA312C2400,MA312C2400,105.0,0.0,0.0,0.0,1,54.5,0.0,0,105.0,91.0,0.0,0.0,0.0,0.0,17
2023-05-10 22:56:41,MA312C2400,MA312C2400,105.0,0.0,0.0,0.0,10,55.0,0.0,0,105.0,91.0,0.0,0.0,0.0,0.0,17
2023-05-10 22:57:35,MA312C2400,MA312C2400,105.0,0.0,0.0,0.0,1,19.5,0.0,0,105.0,91.0,0.0,0.0,0.0,0.0,17
2023-05-11 09:00:00,MA312C2400,MA312C2400,105.0,0.0,0.0,0.0,1,2.5,0.0,0,105.0,91.0,0.0,0.0,0.0,0.0,17
2023-05-11 09:00:10,MA312C2400,MA312C2400,105.0,0.0,0.0,0.0,10,3.0,0.0,0,105.0,91.0,0.0,0.0,0.0,0.0,17
2023-05-11 09:00:17,MA312C2400,MA312C2400,105.0,0.0,0.0,0.0,1,9.0,0.0,0,105.0,91.0,0.0,0.0,0.0,0.0,17
2023-05-11 09:00:17,MA312C2400,MA312C2400,105.0,0.0,0.0,0.0,10,9.5,0.0,0,105.0,91.0,0.0,0.0,0.0,0.0,17
2023-05-11 09:00:17,MA312C2400,MA312C2400,105.0,0.0,0.0,0.0,1,9.0,0.0,0,105.0,91.0,0.0,0.0,0.0,0.0,17
2023-05-11 09:00:17,MA312C2400,MA312C2400,105.0,0.0,0.0,0.0,10,9.5,0.0,0,105.0,91.0,0.0,0.0,0.0,0.0,17
2023-05-11 09:01:17,MA312C2400,MA312C2400,105.0,0.0,0.0,0.0,1,16.0,0.0,0,105.0,91.0,0.0,0.0,0.0,0.0,17
2023-05-11 09:01:18,MA312C2400,MA312C2400,105.0,0.0,0.0,0.0,10,16.5,0.0,0,105.0,91.0,0.0,0.0,0.0,0.0,17
2023-05-11 09:01:39,MA312C2400,MA312C2400,105.0,0.0,0.0,0.0,1,20.0,0.0,0,105.0,91.0,0.0,0.0,0.0,0.0,17
2023-05-11 09:01:40,MA312C2400,MA312C2400,105.0,0.0,0.0,0.0,10,20.5,0.0,0,105.0,91.0,0.0,0.0,0.0,0.0,17
2023-05-11 09:01:40,MA312C2400,MA312C2400,105.0,0.0,0.0,0.0,1,21.0,0.0,0,105.0,91.0,0.0,0.0,0.0,0.0,17
2023-05-11 09:01:41,MA312C2400,MA312C2400,105.0,0.0,0.0,0.0,1,24.0,0.0,0,105.0,91.0,0.0,0.0,0.0,0.0,17
2023-05-11 09:01:41,MA312C2400,MA312C2400,105.0,0.0,0.0,0.0,10,24.5,0.0,0,105.0,91.0,0.0,0.0,0.0,0.0,17
2023-05-11 09:01:43,MA312C2400,MA312C2400,105.0,0.0,0.0,0.0,1,25.0,0.0,0,105.0,91.0,0.0,0.0,0.0,0.0,17
2023-05-11 09:01:43,MA312C2400,MA312C2400,105.0,0.0,0.0,0.0,10,25.5,0.0,0,105.0,91.0,0.0,0.0,0.0,0.0,17
2023-05-11 09:01:44,MA312C2400,MA312C2400,105.0,0.0,0.0,0.0,1,26.0,0.0,0,105.0,91.0,0.0,0.0,0.0,0.0,17
2023-05-11 09:01:44,MA312C2400,MA312C2400,105.0,0.0,0.0,0.0,10,26.5,0.0,0,105.0,91.0,0.0,0.0,0.0,0.0,17
2023-05-11 09:01:46,MA312C2400,MA312C2400,105.0,0.0,0.0,0.0,1,27.0,0.0,0,105.0,91.0,0.0,0.0,0.0,0.0,17
2023-05-11 09:01:46,MA312C2400,MA312C2400,105.0,0.0,0.0,0.0,10,27.5,0.0,0,105.0,91.0,0.0,0.0,0.0,0.0,17
2023-05-11 09:01:47,MA312C2400,MA312C2400,105.0,0.0,0.0,0.0,1,28.0,0.0,0,105.0,91.0,0.0,0.0,0.0,0.0,17
2023-05-11 09:01:47,MA312C2400,MA312C2400,105.0,0.0,0.0,0.0,10,28.5,0.0,0,105.0,91.0,0.0,0.0,0.0,0.0,17
2023-05-11 09:01:49,MA312C2400,MA312C2400,105.0,0.0,0.0,0.0,1,29.0,0.0,0,105.0,91.0,0.0,0.0,0.0,0.0,17
2023-05-11 09:01:49,MA312C2400,MA312C2400,105.0,0.0,0.0,0.0,10,29.5,0.0,0,105.0,91.0,0.0,0.0,0.0,0.0,17
2023-05-11 09:01:49,MA312C2400,MA312C2400,105.0,0.0,0.0,0.0,1,29.0,0.0,0,105.0,91.0,0.0,0.0,0.0,0.0,17
2023-05-11 09:01:49,MA312C2400,MA312C2400,105.0,0.0,0.0,0.0,10,29.5,0.0,0,105.0,91.0,0.0,0.0,0.0,0.0,17
2023-05-11 09:39:31,MA312C2400,MA312C2400,105.0,0.0,0.0,0.0,1,30.0,0.0,0,105.0,91.0,0.0,0.0,0.0,0.0,17
2023-05-11 09:39:32,MA312C2400,MA312C2400,105.0,0.0,0.0,0.0,10,30.5,0.0,0,105.0,91.0,0.0,0.0,0.0,0.0,17
2023-05-11 09:39:33,MA312C2400,MA312C2400,105.0,0.0,0.0,0.0,1,31.0,0.0,0,105.0,91.0,0.0,0.0,0.0,0.0,17
2023-05-11 09:39:33,MA312C2400,MA312C2400,105.0,0.0,0.0,0.0,10,31.5,0.0,0,105.0,91.0,0.0,0.0,0.0,0.0,17
2023-05-11 09:39:34,MA312C2400,MA312C2400,105.0,0.0,0.0,0.0,1,32.0,0.0,0,105.0,91.0,0.0,0.0,0.0,0.0,17
2023-05-11 09:39:34,MA312C2400,MA312C2400,105.0,0.0,0.0,0.0,10,32.5,0.0,0,105.0,91.0,0.0,0.0,0.0,0.0,17
2023-05-11 09:39:35,MA312C2400,MA312C2400,105.0,0.0,0.0,0.0,1,33.0,0.0,0,105.0,91.0,0.0,0.0,0.0,0.0,17
2023-05-11 09:39:36,MA312C2400,MA312C2400,105.0,0.0,0.0,0.0,10,33.5,0.0,0,105.0,91.0,0.0,0.0,0.0,0.0,17
2023-05-11 09:39:36,MA312C2400,MA312C2400,105.0,0.0,0.0,0.0,1,34.0,0.0,0,105.0,91.0,0.0,0.0,0.0,0.0,17
2023-05-11 09:39:37,MA312C2400,MA312C2400,105.0,0.0,0.0,0.0,10,34.5,0.0,0,105.0,91.0,0.0,0.0,0.0,0.0,17
2023-05-11 09:39:37,MA312C2400,MA312C2400,105.0,0.0,0.0,0.0,1,35.0,0.0,0,105.0,91.0,0.0,0.0,0.0,0.0,17
2023-05-11 09:39:38,MA312C2400,MA312C2400,105.0,0.0,0.0,0.0,10,35.5,0.0,0,105.0,91.0,0.0,0.0,0.0,0.0,17
2023-05-11 09:39:38,MA312C2400,MA312C2400,105.0,0.0,0.0,0.0,1,36.0,0.0,0,105.0,91.0,0.0,0.0,0.0,0.0,17
2023-05-11 09:39:39,MA312C2400,MA312C2400,105.0,0.0,0.0,0.0,10,36.5,0.0,0,105.0,91.0,0.0,0.0,0.0,0.0,17
2023-05-11 09:39:39,MA312C2400,MA312C2400,105.0,0.0,0.0,0.0,1,37.0,0.0,0,105.0,91.0,0.0,0.0,0.0,0.0,17
2023-05-11 09:39:40,MA312C2400,MA312C2400,105.0,0.0,0.0,0.0,10,37.5,0.0,0,105.0,91.0,0.0,0.0,0.0,0.0,17
2023-05-11 09:39:40,MA312C2400,MA312C2400,105.0,0.0,0.0,0.0,1,38.0,0.0,0,105.0,91.0,0.0,0.0,0.0,0.0,17
2023-05-11 09:39:41,MA312C2400,MA312C2400,105.0,0.0,0.0,0.0,10,38.5,0.0,0,105.0,91.0,0.0,0.0,0.0,0.0,17
2023-05-11 09:39:41,MA312C2400,MA312C2400,105.0,0.0,0.0,0.0,1,39.0,0.0,0,105.0,91.0,0.0,0.0,0.0,0.0,17
2023-05-11 09:39:42,MA312C2400,MA312C2400,105.0,0.0,0.0,0.0,10,39.5,0.0,0,105.0,91.0,0.0,0.0,0.0,0.0,17
2023-05-11 09:39:42,MA312C2400,MA312C2400,105.0,0.0,0.0,0.0,1,40.0,0.0,0,105.0,91.0,0.0,0.0,0.0,0.0,17
2023-05-11 09:39:43,MA312C2400,MA312C2400,105.0,0.0,0.0,0.0,10,40.5,0.0,0,105.0,91.0,0.0,0.0,0.0,0.0,17
2023-05-11 09:39:43,MA312C2400,MA312C2400,105.0,0.0,0.0,0.0,1,41.0,0.0,0,105.0,91.0,0.0,0.0,0.0,0.0,17
2023-05-11 09:39:44,MA312C2400,MA312C2400,105.0,0.0,0.0,0.0,10,41.5,0.0,0,105.0,91.0,0.0,0.0,0.0,0.0,17
2023-05-11 09:39:44,MA312C2400,MA312C2400,105.0,0.0,0.0,0.0,1,42.0,0.0,0,105.0,91.0,0.0,0.0,0.0,0.0,17
2023-05-11 09:39:45,MA312C2400,MA312C2400,105.0,0.0,0.0,0.0,10,42.5,0.0,0,105.0,91.0,0.0,0.0,0.0,0.0,17
2023-05-11 09:39:45,MA312C2400,MA312C2400,105.0,0.0,0.0,0.0,1,43.0,0.0,0,105.0,91.0,0.0,0.0,0.0,0.0,17
2023-05-11 09:39:46,MA312C2400,MA312C2400,105.0,0.0,0.0,0.0,10,43.5,0.0,0,105.0,91.0,0.0,0.0,0.0,0.0,17
2023-05-11 09:39:46,MA312C2400,MA312C2400,105.0,0.0,0.0,0.0,1,44.0,0.0,0,105.0,91.0,0.0,0.0,0.0,0.0,17
2023-05-11 09:39:47,MA312C2400,MA312C2400,105.0,0.0,0.0,0.0,10,44.5,0.0,0,105.0,91.0,0.0,0.0,0.0,0.0,17
2023-05-11 09:39:47,MA312C2400,MA312C2400,105.0,0.0,0.0,0.0,1,45.0,0.0,0,105.0,91.0,0.0,0.0,0.0,0.0,17
2023-05-11 09:39:48,MA312C2400,MA312C2400,105.0,0.0,0.0,0.0,10,45.5,0.0,0,105.0,91.0,0.0,0.0,0.0,0.0,17
2023-05-11 09:39:48,MA312C2400,MA312C2400,105.0,0.0,0.0,0.0,1,46.0,0.0,0,105.0,91.0,0.0,0.0,0.0,0.0,17
2023-05-11 09:39:49,MA312C2400,MA312C2400,105.0,0.0,0.0,0.0,10,46.5,0.0,0,105.0,91.0,0.0,0.0,0.0,0.0,17
2023-05-11 09:39:49,MA312C2400,MA312C2400,105.0,0.0,0.0,0.0,1,47.0,0.0,0,105.0,91.0,0.0,0.0,0.0,0.0,17
2023-05-11 09:39:50,MA312C2400,MA312C2400,105.0,0.0,0.0,0.0,10,47.5,0.0,0,105.0,91.0,0.0,0.0,0.0,0.0,17
2023-05-11 09:39:50,MA312C2400,MA312C2400,105.0,0.0,0.0,0.0,1,48.0,0.0,0,105.0,91.0,0.0,0.0,0.0,0.0,17
2023-05-11 09:39:51,MA312C2400,MA312C2400,105.0,0.0,0.0,0.0,10,48.5,0.0,0,105.0,91.0,0.0,0.0,0.0,0.0,17
2023-05-11 09:39:51,MA312C2400,MA312C2400,105.0,0.0,0.0,0.0,1,49.0,0.0,0,105.0,91.0,0.0,0.0,0.0,0.0,17
2023-05-11 09:39:52,MA312C2400,MA312C2400,105.0,0.0,0.0,0.0,10,49.5,0.0,0,105.0,91.0,0.0,0.0,0.0,0.0,17
2023-05-11 09:39:53,MA312C2400,MA312C2400,105.0,0.0,0.0,0.0,1,50.0,0.0,0,105.0,91.0,0.0,0.0,0.0,0.0,17
2023-05-11 09:39:53,MA312C2400,MA312C2400,105.0,0.0,0.0,0.0,10,50.5,0.0,0,105.0,91.0,0.0,0.0,0.0,0.0,17
2023-05-11 09:39:54,MA312C2400,MA312C2400,105.0,0.0,0.0,0.0,1,51.0,0.0,0,105.0,91.0,0.0,0.0,0.0,0.0,17
2023-05-11 09:39:54,MA312C2400,MA312C2400,105.0,0.0,0.0,0.0,10,51.5,0.0,0,105.0,91.0,0.0,0.0,0.0,0.0,17
2023-05-11 09:39:55,MA312C2400,MA312C2400,105.0,0.0,0.0,0.0,1,52.0,0.0,0,105.0,91.0,0.0,0.0,0.0,0.0,17
2023-05-11 09:39:55,MA312C2400,MA312C2400,105.0,0.0,0.0,0.0,10,52.5,0.0,0,105.0,91.0,0.0,0.0,0.0,0.0,17
2023-05-11 09:58:45,MA312C2400,MA312C2400,105.0,0.0,0.0,0.0,3,86.5,96.5,3,105.0,91.0,0.0,0.0,0.0,0.0,17
2023-05-11 09:58:46,MA312C2400,MA312C2400,105.0,0.0,0.0,0.0,6,86.5,96.5,6,105.0,91.0,0.0,0.0,0.0,0.0,17
2023-05-11 09:58:47,MA312C2400,MA312C2400,105.0,0.0,0.0,0.0,3,87.5,96.5,9,105.0,91.0,0.0,0.0,0.0,0.0,17
2023-05-11 09:58:47,MA312C2400,MA312C2400,105.0,0.0,0.0,0.0,3,90.0,92.5,3,105.0,91.0,0.0,0.0,0.0,0.0,17
2023-05-11 09:58:51,MA312C2400,MA312C2400,105.0,0.0,0.0,0.0,3,90.5,92.5,6,105.0,91.0,0.0,0.0,0.0,0.0,17
2023-05-11 09:58:51,MA312C2400,MA312C2400,105.0,0.0,0.0,0.0,6,90.5,92.5,9,105.0,91.0,0.0,0.0,0.0,0.0,17
2023-05-11 09:58:55,MA312C2400,MA312C2400,105.0,0.0,0.0,0.0,9,90.5,92.5,12,105.0,91.0,0.0,0.0,0.0,0.0,17
2023-05-11 09:58:59,MA312C2400,MA312C2400,105.0,0.0,0.0,0.0,9,90.5,92.5,9,105.0,91.0,0.0,0.0,0.0,0.0,17
2023-05-11 09:59:00,MA312C2400,MA312C2400,105.0,0.0,0.0,0.0,12,90.5,92.5,12,105.0,91.0,0.0,0.0,0.0,0.0,17
2023-05-11 09:59:01,MA312C2400,MA312C2400,105.0,0.0,0.0,0.0,15,90.5,91.5,3,105.0,91.0,0.0,0.0,0.0,0.0,17
2023-05-11 09:59:01,MA312C2400,MA312C2400,105.0,0.0,0.0,0.0,15,90.5,91.0,3,105.0,91.0,0.0,0.0,0.0,0.0,17
2023-05-11 09:59:01,MA312C2400,MA312C2400,105.0,0.0,0.0,0.0,15,90.5,91.0,9,105.0,91.0,0.0,0.0,0.0,0.0,17
2023-05-11 09:59:02,MA312C2400,MA312C2400,91.0,6.0,546.0,3.0,12,90.5,91.0,3,105.0,91.0,91.0,91.0,6.0,546.0,20
2023-05-11 09:59:02,MA312C2400,MA312C2400,91.0,0.0,0.0,0.0,3,91.0,91.5,3,105.0,91.0,91.0,91.0,6.0,546.0,20
2023-05-11 09:59:13,MA312C2400,MA312C2400,91.0,0.0,0.0,0.0,3,91.0,92.0,3,105.0,91.0,91.0,91.0,6.0,546.0,20
2023-05-11 09:59:13,MA312C2400,MA312C2400,91.0,0.0,0.0,0.0,3,91.0,96.0,3,105.0,91.0,91.0,91.0,6.0,546.0,20
2023-05-11 09:59:15,MA312C2400,MA312C2400,91.0,0.0,0.0,0.0,3,91.0,0.0,0,105.0,91.0,91.0,91.0,6.0,546.0,20
2023-05-11 10:07:59,MA312C2400,MA312C2400,91.0,0.0,0.0,0.0,3,91.5,0.0,0,105.0,91.0,91.0,91.0,6.0,546.0,20
2023-05-11 10:08:06,MA312C2400,MA312C2400,91.0,0.0,0.0,0.0,3,91.0,0.0,0,105.0,91.0,91.0,91.0,6.0,546.0,20
2023-05-11 10:08:07,MA312C2400,MA312C2400,91.0,0.0,0.0,0.0,3,92.5,0.0,0,105.0,91.0,91.0,91.0,6.0,546.0,20
2023-05-11 13:30:46,MA312C2400,MA312C2400,91.0,0.0,0.0,0.0,3,95.0,106.0,3,105.0,91.0,91.0,91.0,6.0,546.0,20
2023-05-11 13:30:47,MA312C2400,MA312C2400,91.0,0.0,0.0,0.0,6,95.0,106.0,6,105.0,91.0,91.0,91.0,6.0,546.0,20
2023-05-11 13:30:49,MA312C2400,MA312C2400,91.0,0.0,0.0,0.0,3,98.5,101.0,3,105.0,91.0,91.0,91.0,6.0,546.0,20
2023-05-11 13:30:51,MA312C2400,MA312C2400,91.0,0.0,0.0,0.0,3,99.0,101.0,6,105.0,91.0,91.0,91.0,6.0,546.0,20
2023-05-11 13:30:52,MA312C2400,MA312C2400,91.0,0.0,0.0,0.0,6,99.0,101.0,9,105.0,91.0,91.0,91.0,6.0,546.0,20
2023-05-11 13:30:56,MA312C2400,MA312C2400,91.0,0.0,0.0,0.0,9,99.0,101.0,12,105.0,91.0,91.0,91.0,6.0,546.0,20
2023-05-11 13:31:01,MA312C2400,MA312C2400,91.0,0.0,0.0,0.0,12,99.0,101.0,12,105.0,91.0,91.0,91.0,6.0,546.0,20
2023-05-11 13:31:01,MA312C2400,MA312C2400,91.0,0.0,0.0,0.0,6,100.5,101.0,9,105.0,91.0,91.0,91.0,6.0,546.0,20
2023-05-11 13:31:02,MA312C2400,MA312C2400,91.0,0.0,0.0,0.0,9,100.5,101.0,12,105.0,91.0,91.0,91.0,6.0,546.0,20
2023-05-11 13:31:02,MA312C2400,MA312C2400,91.0,0.0,0.0,0.0,9,100.5,101.0,15,105.0,91.0,91.0,91.0,6.0,546.0,20
2023-05-11 13:31:08,MA312C2400,MA312C2400,91.0,0.0,0.0,0.0,6,100.5,101.0,12,105.0,91.0,91.0,91.0,6.0,546.0,20
2023-05-11 13:31:10,MA312C2400,MA312C2400,91.0,0.0,0.0,0.0,3,100.5,101.0,9,105.0,91.0,91.0,91.0,6.0,546.0,20
2023-05-11 13:31:13,MA312C2400,MA312C2400,91.0,0.0,0.0,0.0,3,100.5,101.0,6,105.0,91.0,91.0,91.0,6.0,546.0,20
2023-05-11 13:31:14,MA312C2400,MA312C2400,91.0,0.0,0.0,0.0,3,100.0,101.0,3,105.0,91.0,91.0,91.0,6.0,546.0,20
2023-05-11 13:31:14,MA312C2400,MA312C2400,91.0,0.0,0.0,0.0,3,95.5,106.0,3,105.0,91.0,91.0,91.0,6.0,546.0,20
2023-05-11 13:31:16,MA312C2400,MA312C2400,91.0,0.0,0.0,0.0,3,92.5,0.0,0,105.0,91.0,91.0,91.0,6.0,546.0,20
2023-05-11 14:03:48,MA312C2400,MA312C2400,91.0,0.0,0.0,0.0,3,93.0,104.0,3,105.0,91.0,91.0,91.0,6.0,546.0,20
2023-05-11 14:03:49,MA312C2400,MA312C2400,91.0,0.0,0.0,0.0,6,93.0,104.0,6,105.0,91.0,91.0,91.0,6.0,546.0,20
2023-05-11 14:03:50,MA312C2400,MA312C2400,91.0,0.0,0.0,0.0,3,97.5,100.0,3,105.0,91.0,91.0,91.0,6.0,546.0,20
2023-05-11 14:03:52,MA312C2400,MA312C2400,91.0,0.0,0.0,0.0,3,98.0,100.0,6,105.0,91.0,91.0,91.0,6.0,546.0,20
2023-05-11 14:03:54,MA312C2400,MA312C2400,91.0,0.0,0.0,0.0,6,98.0,100.0,9,105.0,91.0,91.0,91.0,6.0,546.0,20
2023-05-11 14:03:58,MA312C2400,MA312C2400,91.0,0.0,0.0,0.0,9,98.0,100.0,12,105.0,91.0,91.0,91.0,6.0,546.0,20
2023-05-11 14:04:02,MA312C2400,MA312C2400,91.0,0.0,0.0,0.0,9,98.0,100.0,9,105.0,91.0,91.0,91.0,6.0,546.0,20
2023-05-11 14:04:03,MA312C2400,MA312C2400,99.5,3.0,300.0,3.0,3,99.5,100.0,9,105.0,91.0,99.5,91.0,9.0,846.0,23
2023-05-11 14:04:03,MA312C2400,MA312C2400,99.5,0.0,0.0,0.0,9,99.5,100.0,15,105.0,91.0,99.5,91.0,9.0,846.0,23
2023-05-11 14:04:05,MA312C2400,MA312C2400,99.5,0.0,0.0,0.0,12,99.5,100.0,15,105.0,91.0,99.5,91.0,9.0,846.0,23
2023-05-11 14:04:06,MA312C2400,MA312C2400,99.5,0.0,0.0,0.0,9,99.5,100.0,12,105.0,91.0,99.5,91.0,9.0,846.0,23
2023-05-11 14:04:12,MA312C2400,MA312C2400,99.5,0.0,0.0,0.0,6,99.5,100.0,9,105.0,91.0,99.5,91.0,9.0,846.0,23
2023-05-11 14:04:15,MA312C2400,MA312C2400,99.5,0.0,0.0,0.0,6,99.5,100.0,6,105.0,91.0,99.5,91.0,9.0,846.0,23
2023-05-11 14:04:15,MA312C2400,MA312C2400,99.5,0.0,0.0,0.0,3,94.5,100.0,3,105.0,91.0,99.5,91.0,9.0,846.0,23
2023-05-11 14:04:18,MA312C2400,MA312C2400,99.5,0.0,0.0,0.0,3,92.5,100.0,3,105.0,91.0,99.5,91.0,9.0,846.0,23
2023-05-11 14:05:37,MA312C2400,MA312C2400,99.5,0.0,0.0,0.0,3,91.0,0.0,0,105.0,91.0,99.5,91.0,9.0,846.0,23
2023-05-11 14:25:40,MA312C2400,MA312C2400,99.5,0.0,0.0,0.0,3,92.5,103.5,3,105.0,91.0,99.5,91.0,9.0,846.0,23
2023-05-11 14:25:41,MA312C2400,MA312C2400,99.5,0.0,0.0,0.0,6,92.5,103.5,6,105.0,91.0,99.5,91.0,9.0,846.0,23
2023-05-11 14:25:42,MA312C2400,MA312C2400,99.5,0.0,0.0,0.0,3,96.5,99.0,3,105.0,91.0,99.5,91.0,9.0,846.0,23
2023-05-11 14:25:45,MA312C2400,MA312C2400,99.5,0.0,0.0,0.0,3,97.0,99.0,6,105.0,91.0,99.5,91.0,9.0,846.0,23
2023-05-11 14:25:46,MA312C2400,MA312C2400,99.5,0.0,0.0,0.0,6,97.0,99.0,9,105.0,91.0,99.5,91.0,9.0,846.0,23
2023-05-11 14:25:50,MA312C2400,MA312C2400,99.5,0.0,0.0,0.0,9,97.0,99.0,12,105.0,91.0,99.5,91.0,9.0,846.0,23
2023-05-11 14:25:54,MA312C2400,MA312C2400,99.5,0.0,0.0,0.0,9,97.0,99.0,9,105.0,91.0,99.5,91.0,9.0,846.0,23
2023-05-11 14:25:55,MA312C2400,MA312C2400,99.5,0.0,0.0,0.0,6,98.5,99.0,9,105.0,91.0,99.5,91.0,9.0,846.0,23
2023-05-11 14:25:55,MA312C2400,MA312C2400,99.5,0.0,0.0,0.0,12,98.5,99.0,15,105.0,91.0,99.5,91.0,9.0,846.0,23
2023-05-11 14:25:57,MA312C2400,MA312C2400,99.5,0.0,0.0,0.0,15,98.5,99.0,15,105.0,91.0,99.5,91.0,9.0,846.0,23
2023-05-11 14:26:01,MA312C2400,MA312C2400,99.0,6.0,594.0,3.0,15,98.5,99.0,9,105.0,91.0,99.5,91.0,15.0,1440.0,26
2023-05-11 14:26:01,MA312C2400,MA312C2400,99.0,0.0,0.0,0.0,12,98.5,99.0,9,105.0,91.0,99.5,91.0,15.0,1440.0,26
2023-05-11 14:26:02,MA312C2400,MA312C2400,99.0,0.0,0.0,0.0,9,98.5,99.0,6,105.0,91.0,99.5,91.0,15.0,1440.0,26
2023-05-11 14:26:03,MA312C2400,MA312C2400,99.0,6.0,597.0,0.0,9,98.5,99.5,9,105.0,91.0,99.5,91.0,21.0,2037.0,26
2023-05-11 14:26:06,MA312C2400,MA312C2400,99.0,0.0,0.0,0.0,6,98.5,99.5,6,105.0,91.0,99.5,91.0,21.0,2037.0,26
2023-05-11 14:26:07,MA312C2400,MA312C2400,99.0,0.0,0.0,0.0,6,98.5,99.5,3,105.0,91.0,99.5,91.0,21.0,2037.0,26
2023-05-11 14:26:08,MA312C2400,MA312C2400,99.0,0.0,0.0,0.0,3,98.5,104.0,3,105.0,91.0,99.5,91.0,21.0,2037.0,26
2023-05-11 14:26:10,MA312C2400,MA312C2400,99.0,0.0,0.0,0.0,3,98.5,0.0,0,105.0,91.0,99.5,91.0,21.0,2037.0,26
2023-05-11 14:41:44,MA312C2400,MA312C2400,98.5,3.0,291.0,0.0,3,91.0,0.0,0,105.0,91.0,99.5,91.0,24.0,2328.0,26
2023-05-11 14:59:43,MA312C2400,MA312C2400,98.5,0.0,0.0,0.0,3,92.0,102.5,3,105.0,91.0,99.5,91.0,24.0,2328.0,26
2023-05-11 14:59:45,MA312C2400,MA312C2400,98.5,0.0,0.0,0.0,3,96.0,98.5,3,105.0,91.0,99.5,91.0,24.0,2328.0,26
2023-05-11 14:59:47,MA312C2400,MA312C2400,98.5,0.0,0.0,0.0,3,96.5,98.5,6,105.0,91.0,99.5,91.0,24.0,2328.0,26
2023-05-11 14:59:48,MA312C2400,MA312C2400,98.5,0.0,0.0,0.0,6,96.5,98.5,9,105.0,91.0,99.5,91.0,24.0,2328.0,26
2023-05-11 14:59:53,MA312C2400,MA312C2400,98.5,0.0,0.0,0.0,3,96.5,98.5,6,105.0,91.0,99.5,91.0,24.0,2328.0,26
2023-05-11 14:59:53,MA312C2400,MA312C2400,98.5,0.0,0.0,0.0,6,96.0,98.5,6,105.0,91.0,99.5,91.0,24.0,2328.0,26
2023-05-11 14:59:57,MA312C2400,MA312C2400,98.5,0.0,0.0,0.0,3,96.0,98.5,3,105.0,91.0,99.5,91.0,24.0,2328.0,26
2023-05-11 14:59:58,MA312C2400,MA312C2400,98.5,0.0,0.0,0.0,3,96.0,98.5,3,105.0,91.0,99.5,91.0,24.0,2328.0,26
