time,symbol_id,symbol_name,last,trade_volume,trade_amount,open_interest_change,bv1,bp1,ap1,av1,yesterday_close,today_open,today_high,today_low,volume,amount,open_interest
2023-05-10 19:12:58,MA311P2425,MA311P2425,202.5,0.0,0.0,0.0,0,0.0,0.0,0,202.5,0.0,0.0,0.0,0.0,0.0,27
2023-05-10 21:00:19,MA311P2425,MA311P2425,202.5,0.0,0.0,0.0,1,74.5,0.0,0,202.5,0.0,0.0,0.0,0.0,0.0,27
2023-05-10 21:00:53,MA311P2425,MA311P2425,202.5,0.0,0.0,0.0,1,75.0,0.0,0,202.5,0.0,0.0,0.0,0.0,0.0,27
2023-05-10 21:01:31,MA311P2425,MA311P2425,202.5,0.0,0.0,0.0,2,75.5,0.0,0,202.5,0.0,0.0,0.0,0.0,0.0,27
2023-05-10 21:01:44,MA311P2425,MA311P2425,202.5,0.0,0.0,0.0,3,75.5,0.0,0,202.5,0.0,0.0,0.0,0.0,0.0,27
2023-05-10 21:05:35,MA311P2425,MA311P2425,202.5,0.0,0.0,0.0,1,75.5,0.0,0,202.5,0.0,0.0,0.0,0.0,0.0,27
2023-05-10 21:30:53,MA311P2425,MA311P2425,202.5,0.0,0.0,0.0,1,76.0,0.0,0,202.5,0.0,0.0,0.0,0.0,0.0,27
2023-05-11 09:00:24,MA311P2425,MA311P2425,202.5,0.0,0.0,0.0,1,89.5,0.0,0,202.5,0.0,0.0,0.0,0.0,0.0,27
2023-05-11 09:01:27,MA311P2425,MA311P2425,202.5,0.0,0.0,0.0,1,90.0,0.0,0,202.5,0.0,0.0,0.0,0.0,0.0,27
2023-05-11 11:29:53,MA311P2425,MA311P2425,202.5,0.0,0.0,0.0,1,89.5,0.0,0,202.5,0.0,0.0,0.0,0.0,0.0,27
2023-05-11 13:30:53,MA311P2425,MA311P2425,202.5,0.0,0.0,0.0,1,90.0,0.0,0,202.5,0.0,0.0,0.0,0.0,0.0,27
2023-05-11 13:31:16,MA311P2425,MA311P2425,202.5,0.0,0.0,0.0,2,90.5,0.0,0,202.5,0.0,0.0,0.0,0.0,0.0,27
2023-05-11 13:35:07,MA311P2425,MA311P2425,202.5,0.0,0.0,0.0,3,185.0,203.5,3,202.5,0.0,0.0,0.0,0.0,0.0,27
2023-05-11 13:35:08,MA311P2425,MA311P2425,202.5,0.0,0.0,0.0,6,185.0,203.5,6,202.5,0.0,0.0,0.0,0.0,0.0,27
2023-05-11 13:35:10,MA311P2425,MA311P2425,202.5,0.0,0.0,0.0,3,197.5,200.0,3,202.5,0.0,0.0,0.0,0.0,0.0,27
2023-05-11 13:35:12,MA311P2425,MA311P2425,202.5,0.0,0.0,0.0,3,198.0,200.0,6,202.5,0.0,0.0,0.0,0.0,0.0,27
2023-05-11 13:35:14,MA311P2425,MA311P2425,202.5,0.0,0.0,0.0,6,198.0,200.0,9,202.5,0.0,0.0,0.0,0.0,0.0,27
2023-05-11 13:35:18,MA311P2425,MA311P2425,202.5,0.0,0.0,0.0,9,198.0,200.0,12,202.5,0.0,0.0,0.0,0.0,0.0,27
2023-05-11 13:35:22,MA311P2425,MA311P2425,202.5,0.0,0.0,0.0,9,198.0,200.0,9,202.5,0.0,0.0,0.0,0.0,0.0,27
2023-05-11 13:35:22,MA311P2425,MA311P2425,202.5,0.0,0.0,0.0,3,199.5,200.0,9,202.5,0.0,0.0,0.0,0.0,0.0,27
2023-05-11 13:35:23,MA311P2425,MA311P2425,202.5,0.0,0.0,0.0,6,199.5,200.0,9,202.5,0.0,0.0,0.0,0.0,0.0,27
2023-05-11 13:35:23,MA311P2425,MA311P2425,202.5,0.0,0.0,0.0,9,199.5,200.0,15,202.5,0.0,0.0,0.0,0.0,0.0,27
2023-05-11 13:35:24,MA311P2425,MA311P2425,202.5,0.0,0.0,0.0,12,199.5,200.0,15,202.5,0.0,0.0,0.0,0.0,0.0,27
2023-05-11 13:35:30,MA311P2425,MA311P2425,202.5,0.0,0.0,0.0,12,199.5,200.0,12,202.5,0.0,0.0,0.0,0.0,0.0,27
2023-05-11 13:35:32,MA311P2425,MA311P2425,202.5,0.0,0.0,0.0,9,199.5,200.0,9,202.5,0.0,0.0,0.0,0.0,0.0,27
2023-05-11 13:35:34,MA311P2425,MA311P2425,202.5,0.0,0.0,0.0,6,199.5,200.0,6,202.5,0.0,0.0,0.0,0.0,0.0,27
2023-05-11 13:35:35,MA311P2425,MA311P2425,202.5,0.0,0.0,0.0,6,199.5,200.0,3,202.5,0.0,0.0,0.0,0.0,0.0,27
2023-05-11 13:35:35,MA311P2425,MA311P2425,202.5,0.0,0.0,0.0,3,190.5,209.0,3,202.5,0.0,0.0,0.0,0.0,0.0,27
2023-05-11 13:35:38,MA311P2425,MA311P2425,202.5,0.0,0.0,0.0,1,90.0,0.0,0,202.5,0.0,0.0,0.0,0.0,0.0,27
2023-05-11 13:35:39,MA311P2425,MA311P2425,202.5,0.0,0.0,0.0,2,94.0,0.0,0,202.5,0.0,0.0,0.0,0.0,0.0,27
2023-05-11 13:41:52,MA311P2425,MA311P2425,202.5,0.0,0.0,0.0,1,90.0,0.0,0,202.5,0.0,0.0,0.0,0.0,0.0,27
2023-05-11 13:41:53,MA311P2425,MA311P2425,202.5,0.0,0.0,0.0,2,90.5,0.0,0,202.5,0.0,0.0,0.0,0.0,0.0,27
2023-05-11 13:45:27,MA311P2425,MA311P2425,202.5,0.0,0.0,0.0,1,90.0,0.0,0,202.5,0.0,0.0,0.0,0.0,0.0,27
2023-05-11 13:56:32,MA311P2425,MA311P2425,202.5,0.0,0.0,0.0,2,90.5,0.0,0,202.5,0.0,0.0,0.0,0.0,0.0,27
2023-05-11 14:00:58,MA311P2425,MA311P2425,202.5,0.0,0.0,0.0,1,91.0,0.0,0,202.5,0.0,0.0,0.0,0.0,0.0,27
2023-05-11 14:01:46,MA311P2425,MA311P2425,202.5,0.0,0.0,0.0,2,91.5,0.0,0,202.5,0.0,0.0,0.0,0.0,0.0,27
2023-05-11 14:03:18,MA311P2425,MA311P2425,202.5,0.0,0.0,0.0,3,185.0,203.0,3,202.5,0.0,0.0,0.0,0.0,0.0,27
2023-05-11 14:03:19,MA311P2425,MA311P2425,202.5,0.0,0.0,0.0,6,185.0,203.0,6,202.5,0.0,0.0,0.0,0.0,0.0,27
2023-05-11 14:03:20,MA311P2425,MA311P2425,202.5,0.0,0.0,0.0,3,197.5,200.0,3,202.5,0.0,0.0,0.0,0.0,0.0,27
2023-05-11 14:03:22,MA311P2425,MA311P2425,202.5,0.0,0.0,0.0,3,198.0,200.0,6,202.5,0.0,0.0,0.0,0.0,0.0,27
2023-05-11 14:03:24,MA311P2425,MA311P2425,202.5,0.0,0.0,0.0,6,198.0,200.0,9,202.5,0.0,0.0,0.0,0.0,0.0,27
2023-05-11 14:03:32,MA311P2425,MA311P2425,202.5,0.0,0.0,0.0,6,198.0,200.0,6,202.5,0.0,0.0,0.0,0.0,0.0,27
2023-05-11 14:03:33,MA311P2425,MA311P2425,202.5,0.0,0.0,0.0,9,199.5,200.0,6,202.5,0.0,0.0,0.0,0.0,0.0,27
2023-05-11 14:03:33,MA311P2425,MA311P2425,202.5,0.0,0.0,0.0,12,199.5,200.0,9,202.5,0.0,0.0,0.0,0.0,0.0,27
2023-05-11 14:03:35,MA311P2425,MA311P2425,202.5,0.0,0.0,0.0,15,199.5,200.0,9,202.5,0.0,0.0,0.0,0.0,0.0,27
2023-05-11 14:03:42,MA311P2425,MA311P2425,202.5,0.0,0.0,0.0,12,199.5,200.0,6,202.5,0.0,0.0,0.0,0.0,0.0,27
2023-05-11 14:03:44,MA311P2425,MA311P2425,202.5,0.0,0.0,0.0,6,199.5,200.0,3,202.5,0.0,0.0,0.0,0.0,0.0,27
2023-05-11 14:03:45,MA311P2425,MA311P2425,202.5,0.0,0.0,0.0,3,190.5,209.0,3,202.5,0.0,0.0,0.0,0.0,0.0,27
2023-05-11 14:03:48,MA311P2425,MA311P2425,202.5,0.0,0.0,0.0,1,91.0,0.0,0,202.5,0.0,0.0,0.0,0.0,0.0,27
2023-05-11 14:03:49,MA311P2425,MA311P2425,202.5,0.0,0.0,0.0,2,99.0,0.0,0,202.5,0.0,0.0,0.0,0.0,0.0,27
2023-05-11 14:06:20,MA311P2425,MA311P2425,202.5,0.0,0.0,0.0,1,91.0,0.0,0,202.5,0.0,0.0,0.0,0.0,0.0,27
2023-05-11 14:06:20,MA311P2425,MA311P2425,202.5,0.0,0.0,0.0,2,91.5,0.0,0,202.5,0.0,0.0,0.0,0.0,0.0,27
2023-05-11 14:41:15,MA311P2425,MA311P2425,202.5,0.0,0.0,0.0,1,92.0,0.0,0,202.5,0.0,0.0,0.0,0.0,0.0,27
2023-05-11 14:41:18,MA311P2425,MA311P2425,202.5,0.0,0.0,0.0,2,92.5,0.0,0,202.5,0.0,0.0,0.0,0.0,0.0,27
2023-05-11 14:59:20,MA311P2425,MA311P2425,202.5,0.0,0.0,0.0,3,188.0,206.5,3,202.5,0.0,0.0,0.0,0.0,0.0,27
2023-05-11 14:59:22,MA311P2425,MA311P2425,202.5,0.0,0.0,0.0,3,201.0,203.5,3,202.5,0.0,0.0,0.0,0.0,0.0,27
2023-05-11 14:59:25,MA311P2425,MA311P2425,202.5,0.0,0.0,0.0,3,201.5,203.5,6,202.5,0.0,0.0,0.0,0.0,0.0,27
2023-05-11 14:59:26,MA311P2425,MA311P2425,202.5,0.0,0.0,0.0,6,201.5,203.5,9,202.5,0.0,0.0,0.0,0.0,0.0,27
2023-05-11 14:59:34,MA311P2425,MA311P2425,202.5,0.0,0.0,0.0,6,201.5,203.5,6,202.5,0.0,0.0,0.0,0.0,0.0,27
2023-05-11 14:59:36,MA311P2425,MA311P2425,202.5,0.0,0.0,0.0,9,201.5,203.5,9,202.5,0.0,0.0,0.0,0.0,0.0,27
2023-05-11 14:59:38,MA311P2425,MA311P2425,202.5,0.0,0.0,0.0,6,201.5,203.5,6,202.5,0.0,0.0,0.0,0.0,0.0,27
2023-05-11 14:59:44,MA311P2425,MA311P2425,202.5,0.0,0.0,0.0,3,201.5,203.5,3,202.5,0.0,0.0,0.0,0.0,0.0,27
2023-05-11 14:59:48,MA311P2425,MA311P2425,202.5,0.0,0.0,0.0,3,193.0,212.0,3,202.5,0.0,0.0,0.0,0.0,0.0,27
2023-05-11 14:59:50,MA311P2425,MA311P2425,202.5,0.0,0.0,0.0,1,92.0,0.0,0,202.5,0.0,0.0,0.0,0.0,0.0,27
