time,symbol_id,symbol_name,last,trade_volume,trade_amount,open_interest_change,bv1,bp1,ap1,av1,yesterday_close,today_open,today_high,today_low,volume,amount,open_interest
2023-05-10 19:12:58,MA312P2275,MA312P2275,102.0,0.0,0.0,-5.0,0,0.0,0.0,0,102.0,107.5,0.0,0.0,0.0,0.0,31
2023-05-10 20:59:00,MA312P2275,MA312P2275,102.0,0.0,0.0,0.0,18,29.0,0.0,0,102.0,107.5,0.0,0.0,0.0,0.0,31
2023-05-10 21:00:56,MA312P2275,MA312P2275,102.0,0.0,0.0,0.0,1,29.5,0.0,0,102.0,107.5,0.0,0.0,0.0,0.0,31
2023-05-10 21:01:21,MA312P2275,MA312P2275,102.0,0.0,0.0,0.0,1,30.0,0.0,0,102.0,107.5,0.0,0.0,0.0,0.0,31
2023-05-10 21:29:05,MA312P2275,MA312P2275,102.0,0.0,0.0,0.0,3,98.5,110.0,3,102.0,107.5,0.0,0.0,0.0,0.0,31
2023-05-10 21:29:06,MA312P2275,MA312P2275,102.0,0.0,0.0,0.0,6,98.5,110.0,6,102.0,107.5,0.0,0.0,0.0,0.0,31
2023-05-10 21:29:08,MA312P2275,MA312P2275,102.0,0.0,0.0,0.0,3,103.5,106.0,3,102.0,107.5,0.0,0.0,0.0,0.0,31
2023-05-10 21:29:10,MA312P2275,MA312P2275,102.0,0.0,0.0,0.0,3,104.0,106.0,6,102.0,107.5,0.0,0.0,0.0,0.0,31
2023-05-10 21:29:12,MA312P2275,MA312P2275,102.0,0.0,0.0,0.0,3,104.0,106.0,9,102.0,107.5,0.0,0.0,0.0,0.0,31
2023-05-10 21:29:16,MA312P2275,MA312P2275,102.0,0.0,0.0,0.0,3,104.0,106.0,15,102.0,107.5,0.0,0.0,0.0,0.0,31
2023-05-10 21:29:20,MA312P2275,MA312P2275,102.0,0.0,0.0,0.0,3,104.0,106.0,12,102.0,107.5,0.0,0.0,0.0,0.0,31
2023-05-10 21:29:20,MA312P2275,MA312P2275,102.0,0.0,0.0,0.0,3,104.0,106.0,6,102.0,107.5,0.0,0.0,0.0,0.0,31
2023-05-10 21:29:20,MA312P2275,MA312P2275,102.0,0.0,0.0,0.0,3,105.0,106.0,6,102.0,107.5,0.0,0.0,0.0,0.0,31
2023-05-10 21:29:21,MA312P2275,MA312P2275,102.0,0.0,0.0,0.0,6,105.0,105.5,3,102.0,107.5,0.0,0.0,0.0,0.0,31
2023-05-10 21:29:32,MA312P2275,MA312P2275,102.0,0.0,0.0,0.0,3,105.0,106.0,9,102.0,107.5,0.0,0.0,0.0,0.0,31
2023-05-10 21:29:32,MA312P2275,MA312P2275,102.0,0.0,0.0,0.0,3,104.0,106.0,3,102.0,107.5,0.0,0.0,0.0,0.0,31
2023-05-10 21:29:33,MA312P2275,MA312P2275,102.0,0.0,0.0,0.0,3,99.5,111.0,3,102.0,107.5,0.0,0.0,0.0,0.0,31
2023-05-10 21:29:35,MA312P2275,MA312P2275,102.0,0.0,0.0,0.0,1,29.5,0.0,0,102.0,107.5,0.0,0.0,0.0,0.0,31
2023-05-10 21:29:36,MA312P2275,MA312P2275,102.0,0.0,0.0,0.0,6,30.5,0.0,0,102.0,107.5,0.0,0.0,0.0,0.0,31
2023-05-10 21:29:36,MA312P2275,MA312P2275,102.0,0.0,0.0,0.0,1,31.0,0.0,0,102.0,107.5,0.0,0.0,0.0,0.0,31
2023-05-10 21:29:37,MA312P2275,MA312P2275,102.0,0.0,0.0,0.0,6,32.0,0.0,0,102.0,107.5,0.0,0.0,0.0,0.0,31
2023-05-10 21:29:38,MA312P2275,MA312P2275,102.0,0.0,0.0,0.0,1,32.5,0.0,0,102.0,107.5,0.0,0.0,0.0,0.0,31
2023-05-10 21:29:38,MA312P2275,MA312P2275,102.0,0.0,0.0,0.0,6,33.5,0.0,0,102.0,107.5,0.0,0.0,0.0,0.0,31
2023-05-10 21:29:39,MA312P2275,MA312P2275,102.0,0.0,0.0,0.0,1,34.0,0.0,0,102.0,107.5,0.0,0.0,0.0,0.0,31
2023-05-10 21:29:39,MA312P2275,MA312P2275,102.0,0.0,0.0,0.0,6,35.0,0.0,0,102.0,107.5,0.0,0.0,0.0,0.0,31
2023-05-10 21:29:40,MA312P2275,MA312P2275,102.0,0.0,0.0,0.0,1,35.5,0.0,0,102.0,107.5,0.0,0.0,0.0,0.0,31
2023-05-10 21:29:40,MA312P2275,MA312P2275,102.0,0.0,0.0,0.0,6,36.5,0.0,0,102.0,107.5,0.0,0.0,0.0,0.0,31
2023-05-10 21:29:41,MA312P2275,MA312P2275,102.0,0.0,0.0,0.0,1,37.0,0.0,0,102.0,107.5,0.0,0.0,0.0,0.0,31
2023-05-10 21:29:41,MA312P2275,MA312P2275,102.0,0.0,0.0,0.0,6,38.0,0.0,0,102.0,107.5,0.0,0.0,0.0,0.0,31
2023-05-10 21:29:42,MA312P2275,MA312P2275,102.0,0.0,0.0,0.0,1,38.5,0.0,0,102.0,107.5,0.0,0.0,0.0,0.0,31
2023-05-10 21:29:42,MA312P2275,MA312P2275,102.0,0.0,0.0,0.0,6,39.5,0.0,0,102.0,107.5,0.0,0.0,0.0,0.0,31
2023-05-10 21:29:43,MA312P2275,MA312P2275,102.0,0.0,0.0,0.0,1,40.0,0.0,0,102.0,107.5,0.0,0.0,0.0,0.0,31
2023-05-10 21:29:43,MA312P2275,MA312P2275,102.0,0.0,0.0,0.0,6,41.0,0.0,0,102.0,107.5,0.0,0.0,0.0,0.0,31
2023-05-10 21:31:02,MA312P2275,MA312P2275,102.0,0.0,0.0,0.0,1,41.5,0.0,0,102.0,107.5,0.0,0.0,0.0,0.0,31
2023-05-10 21:31:02,MA312P2275,MA312P2275,102.0,0.0,0.0,0.0,6,42.5,0.0,0,102.0,107.5,0.0,0.0,0.0,0.0,31
2023-05-10 21:35:49,MA312P2275,MA312P2275,102.0,0.0,0.0,0.0,1,50.5,0.0,0,102.0,107.5,0.0,0.0,0.0,0.0,31
2023-05-10 21:35:49,MA312P2275,MA312P2275,102.0,0.0,0.0,0.0,6,51.5,0.0,0,102.0,107.5,0.0,0.0,0.0,0.0,31
2023-05-10 21:35:50,MA312P2275,MA312P2275,102.0,0.0,0.0,0.0,1,59.5,0.0,0,102.0,107.5,0.0,0.0,0.0,0.0,31
2023-05-10 21:42:39,MA312P2275,MA312P2275,102.0,0.0,0.0,0.0,3,101.5,113.5,3,102.0,107.5,0.0,0.0,0.0,0.0,31
2023-05-10 21:42:40,MA312P2275,MA312P2275,102.0,0.0,0.0,0.0,6,101.5,113.5,6,102.0,107.5,0.0,0.0,0.0,0.0,31
2023-05-10 21:42:41,MA312P2275,MA312P2275,102.0,0.0,0.0,0.0,3,106.5,109.0,3,102.0,107.5,0.0,0.0,0.0,0.0,31
2023-05-10 21:42:44,MA312P2275,MA312P2275,102.0,0.0,0.0,0.0,3,107.0,109.0,6,102.0,107.5,0.0,0.0,0.0,0.0,31
2023-05-10 21:42:46,MA312P2275,MA312P2275,102.0,0.0,0.0,0.0,6,107.0,109.0,9,102.0,107.5,0.0,0.0,0.0,0.0,31
2023-05-10 21:42:47,MA312P2275,MA312P2275,102.0,0.0,0.0,0.0,6,107.0,108.0,1,102.0,107.5,0.0,0.0,0.0,0.0,31
2023-05-10 21:42:48,MA312P2275,MA312P2275,102.0,0.0,0.0,0.0,6,107.0,107.5,3,102.0,107.5,0.0,0.0,0.0,0.0,31
2023-05-10 21:42:49,MA312P2275,MA312P2275,102.0,0.0,0.0,0.0,12,107.0,107.5,3,102.0,107.5,0.0,0.0,0.0,0.0,31
2023-05-10 21:42:50,MA312P2275,MA312P2275,107.5,3.0,322.5,3.0,3,107.5,108.0,6,102.0,107.5,107.5,107.5,3.0,322.5,34
2023-05-10 21:42:50,MA312P2275,MA312P2275,107.5,0.0,0.0,0.0,3,107.5,108.0,3,102.0,107.5,107.5,107.5,3.0,322.5,34
2023-05-10 21:42:54,MA312P2275,MA312P2275,107.5,0.0,0.0,0.0,9,107.5,108.0,9,102.0,107.5,107.5,107.5,3.0,322.5,34
2023-05-10 21:42:55,MA312P2275,MA312P2275,107.5,0.0,0.0,0.0,15,107.5,108.0,9,102.0,107.5,107.5,107.5,3.0,322.5,34
2023-05-10 21:42:55,MA312P2275,MA312P2275,108.5,15.0,1621.5,3.0,3,108.0,108.5,3,102.0,107.5,108.5,107.5,18.0,1944.0,37
2023-05-10 21:42:56,MA312P2275,MA312P2275,108.5,0.0,0.0,0.0,3,108.0,109.0,3,102.0,107.5,108.5,107.5,18.0,1944.0,37
2023-05-10 21:42:57,MA312P2275,MA312P2275,108.5,0.0,0.0,0.0,3,108.0,113.5,3,102.0,107.5,108.5,107.5,18.0,1944.0,37
2023-05-10 21:42:59,MA312P2275,MA312P2275,108.5,0.0,0.0,0.0,1,108.5,113.5,3,102.0,107.5,108.5,107.5,18.0,1944.0,37
2023-05-10 21:43:03,MA312P2275,MA312P2275,108.5,0.0,0.0,0.0,1,108.5,114.5,3,102.0,107.5,108.5,107.5,18.0,1944.0,37
2023-05-10 21:43:04,MA312P2275,MA312P2275,108.5,0.0,0.0,0.0,3,108.0,114.5,3,102.0,107.5,108.5,107.5,18.0,1944.0,37
2023-05-10 21:43:09,MA312P2275,MA312P2275,108.5,0.0,0.0,0.0,3,108.0,0.0,0,102.0,107.5,108.5,107.5,18.0,1944.0,37
2023-05-10 21:43:45,MA312P2275,MA312P2275,108.5,0.0,0.0,0.0,3,108.0,114.5,3,102.0,107.5,108.5,107.5,18.0,1944.0,37
2023-05-10 21:43:47,MA312P2275,MA312P2275,108.5,0.0,0.0,0.0,3,108.5,111.0,3,102.0,107.5,108.5,107.5,18.0,1944.0,37
2023-05-10 21:43:49,MA312P2275,MA312P2275,111.0,3.0,334.5,3.0,1,113.5,114.5,3,102.0,107.5,111.0,107.5,21.0,2278.5,40
2023-05-10 21:43:51,MA312P2275,MA312P2275,111.0,0.0,0.0,0.0,4,113.5,114.0,3,102.0,107.5,111.0,107.5,21.0,2278.5,40
2023-05-10 21:43:52,MA312P2275,MA312P2275,114.0,1.0,119.5,1.0,7,113.5,114.0,2,102.0,107.5,114.0,107.5,22.0,2398.0,41
2023-05-10 21:43:55,MA312P2275,MA312P2275,113.0,15.0,1690.5,0.0,3,108.5,113.5,3,102.0,107.5,114.0,107.5,37.0,4088.5,41
2023-05-10 21:43:59,MA312P2275,MA312P2275,113.0,0.0,0.0,0.0,1,113.0,113.5,3,102.0,107.5,114.0,107.5,37.0,4088.5,41
2023-05-10 21:44:00,MA312P2275,MA312P2275,113.0,0.0,0.0,0.0,4,113.0,113.5,6,102.0,107.5,114.0,107.5,37.0,4088.5,41
2023-05-10 21:44:01,MA312P2275,MA312P2275,113.0,0.0,0.0,0.0,4,113.0,113.5,9,102.0,107.5,114.0,107.5,37.0,4088.5,41
2023-05-10 21:44:03,MA312P2275,MA312P2275,113.0,1.0,110.5,0.0,2,113.0,113.5,9,102.0,107.5,114.0,107.5,38.0,4199.0,41
2023-05-10 21:44:12,MA312P2275,MA312P2275,113.0,0.0,0.0,0.0,6,112.5,113.5,6,102.0,107.5,114.0,107.5,38.0,4199.0,41
2023-05-10 21:44:12,MA312P2275,MA312P2275,113.0,0.0,0.0,0.0,3,108.0,113.5,3,102.0,107.5,114.0,107.5,38.0,4199.0,41
2023-05-10 21:51:12,MA312P2275,MA312P2275,113.5,3.0,352.0,0.0,3,108.0,0.0,0,102.0,107.5,114.0,107.5,41.0,4551.0,41
2023-05-10 21:51:25,MA312P2275,MA312P2275,113.5,0.0,0.0,0.0,3,108.0,116.0,3,102.0,107.5,114.0,107.5,41.0,4551.0,41
2023-05-10 21:51:26,MA312P2275,MA312P2275,113.5,0.0,0.0,0.0,6,108.0,116.0,6,102.0,107.5,114.0,107.5,41.0,4551.0,41
2023-05-10 21:51:27,MA312P2275,MA312P2275,113.5,0.0,0.0,0.0,3,109.0,111.5,3,102.0,107.5,114.0,107.5,41.0,4551.0,41
2023-05-10 21:51:29,MA312P2275,MA312P2275,113.5,0.0,0.0,0.0,3,109.5,111.5,6,102.0,107.5,114.0,107.5,41.0,4551.0,41
2023-05-10 21:51:32,MA312P2275,MA312P2275,111.5,6.0,666.0,6.0,3,111.5,116.0,6,102.0,107.5,114.0,107.5,47.0,5217.0,47
2023-05-10 21:51:34,MA312P2275,MA312P2275,111.5,0.0,0.0,0.0,1,115.0,116.0,6,102.0,107.5,114.0,107.5,47.0,5217.0,47
2023-05-10 21:51:37,MA312P2275,MA312P2275,111.5,0.0,0.0,0.0,1,115.0,116.0,3,102.0,107.5,114.0,107.5,47.0,5217.0,47
2023-05-10 21:51:38,MA312P2275,MA312P2275,111.5,0.0,0.0,0.0,1,115.5,118.0,3,102.0,107.5,114.0,107.5,47.0,5217.0,47
2023-05-10 21:51:40,MA312P2275,MA312P2275,111.5,0.0,0.0,0.0,1,115.5,116.0,3,102.0,107.5,114.0,107.5,47.0,5217.0,47
2023-05-10 21:51:40,MA312P2275,MA312P2275,111.5,0.0,0.0,0.0,4,115.5,116.0,3,102.0,107.5,114.0,107.5,47.0,5217.0,47
2023-05-10 21:51:40,MA312P2275,MA312P2275,111.5,0.0,0.0,0.0,4,115.5,118.0,6,102.0,107.5,114.0,107.5,47.0,5217.0,47
2023-05-10 21:51:41,MA312P2275,MA312P2275,111.5,0.0,0.0,0.0,4,115.5,116.0,3,102.0,107.5,114.0,107.5,47.0,5217.0,47
2023-05-10 21:51:43,MA312P2275,MA312P2275,115.0,6.0,692.5,0.0,3,112.5,113.5,3,102.0,107.5,115.0,107.5,53.0,5909.5,47
2023-05-10 21:51:46,MA312P2275,MA312P2275,115.0,0.0,0.0,0.0,1,113.0,113.5,3,102.0,107.5,115.0,107.5,53.0,5909.5,47
2023-05-10 21:51:51,MA312P2275,MA312P2275,112.5,3.0,334.5,0.0,3,111.5,113.5,3,102.0,107.5,115.0,107.5,56.0,6244.0,47
2023-05-10 21:57:42,MA312P2275,MA312P2275,111.5,3.0,334.5,0.0,3,108.0,113.5,3,102.0,107.5,115.0,107.5,59.0,6578.5,47
2023-05-10 21:57:46,MA312P2275,MA312P2275,111.5,0.0,0.0,0.0,3,108.0,115.5,3,102.0,107.5,115.0,107.5,59.0,6578.5,47
2023-05-10 21:57:54,MA312P2275,MA312P2275,108.0,1.0,111.5,0.0,2,108.0,115.5,3,102.0,107.5,115.0,107.5,60.0,6690.0,47
2023-05-10 22:07:02,MA312P2275,MA312P2275,108.0,0.0,0.0,0.0,5,108.0,115.5,6,102.0,107.5,115.0,107.5,60.0,6690.0,47
2023-05-10 22:07:03,MA312P2275,MA312P2275,108.0,0.0,0.0,0.0,3,109.5,112.0,3,102.0,107.5,115.0,107.5,60.0,6690.0,47
2023-05-10 22:07:06,MA312P2275,MA312P2275,108.0,0.0,0.0,0.0,3,110.0,112.0,6,102.0,107.5,115.0,107.5,60.0,6690.0,47
2023-05-10 22:07:12,MA312P2275,MA312P2275,108.0,0.0,0.0,0.0,9,110.0,112.0,9,102.0,107.5,115.0,107.5,60.0,6690.0,47
2023-05-10 22:07:15,MA312P2275,MA312P2275,108.0,0.0,0.0,0.0,9,110.0,112.0,3,102.0,107.5,115.0,107.5,60.0,6690.0,47
2023-05-10 22:07:17,MA312P2275,MA312P2275,108.0,0.0,0.0,0.0,9,110.0,110.5,3,102.0,107.5,115.0,107.5,60.0,6690.0,47
2023-05-10 22:07:17,MA312P2275,MA312P2275,108.0,0.0,0.0,0.0,12,110.0,110.5,3,102.0,107.5,115.0,107.5,60.0,6690.0,47
2023-05-10 22:07:18,MA312P2275,MA312P2275,108.0,0.0,0.0,0.0,15,110.0,110.5,3,102.0,107.5,115.0,107.5,60.0,6690.0,47
2023-05-10 22:07:18,MA312P2275,MA312P2275,108.0,0.0,0.0,0.0,18,110.0,110.5,3,102.0,107.5,115.0,107.5,60.0,6690.0,47
2023-05-10 22:07:24,MA312P2275,MA312P2275,108.0,0.0,0.0,0.0,15,110.0,110.5,3,102.0,107.5,115.0,107.5,60.0,6690.0,47
2023-05-10 22:07:28,MA312P2275,MA312P2275,108.0,0.0,0.0,0.0,12,110.0,110.5,3,102.0,107.5,115.0,107.5,60.0,6690.0,47
2023-05-10 22:07:29,MA312P2275,MA312P2275,108.0,0.0,0.0,0.0,3,110.0,111.0,3,102.0,107.5,115.0,107.5,60.0,6690.0,47
2023-05-10 22:07:30,MA312P2275,MA312P2275,108.0,0.0,0.0,0.0,2,108.0,115.5,3,102.0,107.5,115.0,107.5,60.0,6690.0,47
2023-05-10 22:45:23,MA312P2275,MA312P2275,115.5,3.0,334.5,-3.0,2,108.0,0.0,0,102.0,107.5,115.5,107.5,63.0,7024.5,44
2023-05-10 22:45:52,MA312P2275,MA312P2275,115.5,0.0,0.0,0.0,2,108.0,119.0,3,102.0,107.5,115.5,107.5,63.0,7024.5,44
2023-05-10 22:45:53,MA312P2275,MA312P2275,115.5,0.0,0.0,0.0,5,108.0,119.0,6,102.0,107.5,115.5,107.5,63.0,7024.5,44
2023-05-10 22:45:54,MA312P2275,MA312P2275,115.5,0.0,0.0,0.0,3,113.5,116.0,3,102.0,107.5,115.5,107.5,63.0,7024.5,44
2023-05-10 22:45:57,MA312P2275,MA312P2275,115.5,0.0,0.0,0.0,3,114.0,116.0,6,102.0,107.5,115.5,107.5,63.0,7024.5,44
2023-05-10 22:45:59,MA312P2275,MA312P2275,115.5,0.0,0.0,0.0,3,114.0,114.5,1,102.0,107.5,115.5,107.5,63.0,7024.5,44
2023-05-10 22:45:59,MA312P2275,MA312P2275,115.5,0.0,0.0,0.0,6,114.0,114.5,4,102.0,107.5,115.5,107.5,63.0,7024.5,44
2023-05-10 22:46:02,MA312P2275,MA312P2275,114.5,3.0,334.5,3.0,3,114.5,116.0,9,102.0,107.5,115.5,107.5,66.0,7359.0,47
2023-05-10 22:46:02,MA312P2275,MA312P2275,114.5,0.0,0.0,0.0,6,114.5,116.0,9,102.0,107.5,115.5,107.5,66.0,7359.0,47
2023-05-10 22:46:03,MA312P2275,MA312P2275,114.5,0.0,0.0,0.0,9,114.5,116.0,12,102.0,107.5,115.5,107.5,66.0,7359.0,47
2023-05-10 22:46:06,MA312P2275,MA312P2275,114.5,0.0,0.0,0.0,1,115.5,116.0,12,102.0,107.5,115.5,107.5,66.0,7359.0,47
2023-05-10 22:46:08,MA312P2275,MA312P2275,114.5,0.0,0.0,0.0,4,115.5,116.0,18,102.0,107.5,115.5,107.5,66.0,7359.0,47
2023-05-10 22:46:10,MA312P2275,MA312P2275,114.5,0.0,0.0,0.0,4,115.5,116.0,15,102.0,107.5,115.5,107.5,66.0,7359.0,47
2023-05-10 22:46:10,MA312P2275,MA312P2275,115.0,6.0,705.0,0.0,3,115.0,116.0,6,102.0,107.5,115.5,107.5,72.0,8064.0,47
2023-05-10 22:46:14,MA312P2275,MA312P2275,115.0,0.0,0.0,0.0,3,115.0,116.0,3,102.0,107.5,115.5,107.5,72.0,8064.0,47
2023-05-10 22:46:18,MA312P2275,MA312P2275,115.0,0.0,0.0,0.0,3,114.5,122.0,3,102.0,107.5,115.5,107.5,72.0,8064.0,47
2023-05-10 22:46:22,MA312P2275,MA312P2275,115.0,0.0,0.0,0.0,3,114.5,0.0,0,102.0,107.5,115.5,107.5,72.0,8064.0,47
2023-05-11 09:06:21,MA312P2275,MA312P2275,115.0,0.0,0.0,0.0,3,114.5,118.5,3,102.0,107.5,115.5,107.5,72.0,8064.0,47
2023-05-11 09:06:22,MA312P2275,MA312P2275,115.0,0.0,0.0,0.0,6,114.5,118.5,6,102.0,107.5,115.5,107.5,72.0,8064.0,47
2023-05-11 09:06:23,MA312P2275,MA312P2275,115.0,0.0,0.0,0.0,6,114.5,115.5,3,102.0,107.5,115.5,107.5,72.0,8064.0,47
2023-05-11 09:06:26,MA312P2275,MA312P2275,115.0,0.0,0.0,0.0,9,114.5,115.0,3,102.0,107.5,115.5,107.5,72.0,8064.0,47
2023-05-11 09:06:28,MA312P2275,MA312P2275,115.0,0.0,0.0,0.0,9,114.5,115.0,6,102.0,107.5,115.5,107.5,72.0,8064.0,47
2023-05-11 09:06:28,MA312P2275,MA312P2275,114.5,3.0,336.0,-3.0,6,114.5,115.0,6,102.0,107.5,115.5,107.5,75.0,8400.0,44
2023-05-11 09:06:31,MA312P2275,MA312P2275,114.5,0.0,0.0,0.0,6,114.5,115.0,9,102.0,107.5,115.5,107.5,75.0,8400.0,44
2023-05-11 09:06:32,MA312P2275,MA312P2275,114.5,0.0,0.0,0.0,9,114.5,115.0,12,102.0,107.5,115.5,107.5,75.0,8400.0,44
2023-05-11 09:06:33,MA312P2275,MA312P2275,114.5,0.0,0.0,0.0,9,114.5,115.0,15,102.0,107.5,115.5,107.5,75.0,8400.0,44
2023-05-11 09:06:34,MA312P2275,MA312P2275,114.5,0.0,0.0,0.0,6,114.5,115.0,15,102.0,107.5,115.5,107.5,75.0,8400.0,44
2023-05-11 09:06:34,MA312P2275,MA312P2275,114.5,0.0,0.0,0.0,3,114.5,115.0,15,102.0,107.5,115.5,107.5,75.0,8400.0,44
2023-05-11 09:06:36,MA312P2275,MA312P2275,114.5,0.0,0.0,0.0,6,114.5,115.0,18,102.0,107.5,115.5,107.5,75.0,8400.0,44
2023-05-11 09:06:36,MA312P2275,MA312P2275,114.5,0.0,0.0,0.0,9,114.5,115.0,18,102.0,107.5,115.5,107.5,75.0,8400.0,44
2023-05-11 09:06:37,MA312P2275,MA312P2275,114.5,0.0,0.0,0.0,9,114.5,115.0,21,102.0,107.5,115.5,107.5,75.0,8400.0,44
2023-05-11 09:06:38,MA312P2275,MA312P2275,114.5,0.0,0.0,0.0,6,114.5,115.0,18,102.0,107.5,115.5,107.5,75.0,8400.0,44
2023-05-11 09:06:39,MA312P2275,MA312P2275,114.5,0.0,0.0,0.0,3,114.5,115.0,15,102.0,107.5,115.5,107.5,75.0,8400.0,44
2023-05-11 09:06:42,MA312P2275,MA312P2275,114.5,0.0,0.0,0.0,3,114.5,115.0,12,102.0,107.5,115.5,107.5,75.0,8400.0,44
2023-05-11 09:06:43,MA312P2275,MA312P2275,114.5,0.0,0.0,0.0,3,114.5,115.0,9,102.0,107.5,115.5,107.5,75.0,8400.0,44
2023-05-11 09:06:44,MA312P2275,MA312P2275,114.5,0.0,0.0,0.0,3,114.5,115.0,6,102.0,107.5,115.5,107.5,75.0,8400.0,44
2023-05-11 09:06:48,MA312P2275,MA312P2275,114.5,0.0,0.0,0.0,6,114.0,115.0,3,102.0,107.5,115.5,107.5,75.0,8400.0,44
2023-05-11 09:06:48,MA312P2275,MA312P2275,114.5,0.0,0.0,0.0,3,114.0,115.0,3,102.0,107.5,115.5,107.5,75.0,8400.0,44
2023-05-11 09:06:49,MA312P2275,MA312P2275,114.5,0.0,0.0,0.0,3,108.5,121.0,3,102.0,107.5,115.5,107.5,75.0,8400.0,44
2023-05-11 09:06:51,MA312P2275,MA312P2275,114.5,0.0,0.0,0.0,2,108.0,0.0,0,102.0,107.5,115.5,107.5,75.0,8400.0,44
2023-05-11 09:14:09,MA312P2275,MA312P2275,114.5,0.0,0.0,0.0,2,108.0,119.0,3,102.0,107.5,115.5,107.5,75.0,8400.0,44
2023-05-11 09:14:10,MA312P2275,MA312P2275,114.5,0.0,0.0,0.0,5,108.0,119.0,6,102.0,107.5,115.5,107.5,75.0,8400.0,44
2023-05-11 09:14:11,MA312P2275,MA312P2275,114.5,0.0,0.0,0.0,3,113.0,115.5,3,102.0,107.5,115.5,107.5,75.0,8400.0,44
2023-05-11 09:14:13,MA312P2275,MA312P2275,114.5,0.0,0.0,0.0,3,113.5,115.5,6,102.0,107.5,115.5,107.5,75.0,8400.0,44
2023-05-11 09:14:19,MA312P2275,MA312P2275,114.5,0.0,0.0,0.0,9,113.5,115.5,15,102.0,107.5,115.5,107.5,75.0,8400.0,44
2023-05-11 09:14:23,MA312P2275,MA312P2275,114.5,0.0,0.0,0.0,9,113.5,115.5,12,102.0,107.5,115.5,107.5,75.0,8400.0,44
2023-05-11 09:14:23,MA312P2275,MA312P2275,114.5,0.0,0.0,0.0,6,114.0,114.5,3,102.0,107.5,115.5,107.5,75.0,8400.0,44
2023-05-11 09:14:24,MA312P2275,MA312P2275,114.5,0.0,0.0,0.0,9,114.0,114.5,3,102.0,107.5,115.5,107.5,75.0,8400.0,44
2023-05-11 09:14:26,MA312P2275,MA312P2275,114.5,0.0,0.0,0.0,12,114.0,114.5,3,102.0,107.5,115.5,107.5,75.0,8400.0,44
2023-05-11 09:14:26,MA312P2275,MA312P2275,114.5,0.0,0.0,0.0,15,114.0,114.5,3,102.0,107.5,115.5,107.5,75.0,8400.0,44
2023-05-11 09:14:31,MA312P2275,MA312P2275,114.5,0.0,0.0,0.0,12,114.0,114.5,3,102.0,107.5,115.5,107.5,75.0,8400.0,44
2023-05-11 09:14:33,MA312P2275,MA312P2275,114.5,0.0,0.0,0.0,9,114.0,114.5,3,102.0,107.5,115.5,107.5,75.0,8400.0,44
2023-05-11 09:14:35,MA312P2275,MA312P2275,114.5,0.0,0.0,0.0,6,114.0,115.0,6,102.0,107.5,115.5,107.5,75.0,8400.0,44
2023-05-11 09:14:36,MA312P2275,MA312P2275,114.5,0.0,0.0,0.0,5,108.0,120.5,3,102.0,107.5,115.5,107.5,75.0,8400.0,44
2023-05-11 09:14:39,MA312P2275,MA312P2275,114.5,0.0,0.0,0.0,2,108.0,0.0,0,102.0,107.5,115.5,107.5,75.0,8400.0,44
2023-05-11 09:30:28,MA312P2275,MA312P2275,114.5,0.0,0.0,0.0,2,108.0,116.0,3,102.0,107.5,115.5,107.5,75.0,8400.0,44
2023-05-11 09:30:29,MA312P2275,MA312P2275,114.5,0.0,0.0,0.0,5,108.0,116.0,6,102.0,107.5,115.5,107.5,75.0,8400.0,44
2023-05-11 09:30:30,MA312P2275,MA312P2275,114.5,0.0,0.0,0.0,3,109.5,112.0,3,102.0,107.5,115.5,107.5,75.0,8400.0,44
2023-05-11 09:30:32,MA312P2275,MA312P2275,114.5,0.0,0.0,0.0,3,110.0,112.0,6,102.0,107.5,115.5,107.5,75.0,8400.0,44
2023-05-11 09:30:38,MA312P2275,MA312P2275,114.5,0.0,0.0,0.0,9,110.0,112.0,15,102.0,107.5,115.5,107.5,75.0,8400.0,44
2023-05-11 09:30:42,MA312P2275,MA312P2275,114.5,0.0,0.0,0.0,9,110.0,112.0,12,102.0,107.5,115.5,107.5,75.0,8400.0,44
2023-05-11 09:30:42,MA312P2275,MA312P2275,114.5,0.0,0.0,0.0,6,110.5,111.0,3,102.0,107.5,115.5,107.5,75.0,8400.0,44
2023-05-11 09:30:43,MA312P2275,MA312P2275,114.5,0.0,0.0,0.0,18,110.5,111.0,9,102.0,107.5,115.5,107.5,75.0,8400.0,44
2023-05-11 09:30:43,MA312P2275,MA312P2275,114.5,0.0,0.0,0.0,18,110.5,111.0,15,102.0,107.5,115.5,107.5,75.0,8400.0,44
2023-05-11 09:30:45,MA312P2275,MA312P2275,114.5,0.0,0.0,0.0,21,110.5,111.0,15,102.0,107.5,115.5,107.5,75.0,8400.0,44
2023-05-11 09:30:50,MA312P2275,MA312P2275,114.5,0.0,0.0,0.0,18,110.5,111.0,12,102.0,107.5,115.5,107.5,75.0,8400.0,44
2023-05-11 09:30:52,MA312P2275,MA312P2275,114.5,0.0,0.0,0.0,15,110.5,111.0,9,102.0,107.5,115.5,107.5,75.0,8400.0,44
2023-05-11 09:30:54,MA312P2275,MA312P2275,114.5,0.0,0.0,0.0,9,110.5,111.0,3,102.0,107.5,115.5,107.5,75.0,8400.0,44
2023-05-11 09:30:55,MA312P2275,MA312P2275,114.5,0.0,0.0,0.0,3,110.5,114.0,3,102.0,107.5,115.5,107.5,75.0,8400.0,44
2023-05-11 09:30:55,MA312P2275,MA312P2275,114.5,0.0,0.0,0.0,2,108.0,117.0,3,102.0,107.5,115.5,107.5,75.0,8400.0,44
2023-05-11 09:30:58,MA312P2275,MA312P2275,114.5,0.0,0.0,0.0,2,108.0,0.0,0,102.0,107.5,115.5,107.5,75.0,8400.0,44
2023-05-11 09:39:31,MA312P2275,MA312P2275,114.5,0.0,0.0,0.0,3,107.5,0.0,0,102.0,107.5,115.5,107.5,75.0,8400.0,44
2023-05-11 09:43:26,MA312P2275,MA312P2275,114.5,0.0,0.0,0.0,3,107.5,115.0,3,102.0,107.5,115.5,107.5,75.0,8400.0,44
2023-05-11 09:43:27,MA312P2275,MA312P2275,114.5,0.0,0.0,0.0,6,107.5,115.0,6,102.0,107.5,115.5,107.5,75.0,8400.0,44
2023-05-11 09:43:28,MA312P2275,MA312P2275,114.5,0.0,0.0,0.0,3,109.0,111.5,3,102.0,107.5,115.5,107.5,75.0,8400.0,44
2023-05-11 09:43:30,MA312P2275,MA312P2275,114.5,0.0,0.0,0.0,3,109.5,111.5,6,102.0,107.5,115.5,107.5,75.0,8400.0,44
2023-05-11 09:43:33,MA312P2275,MA312P2275,114.5,0.0,0.0,0.0,6,109.5,111.5,6,102.0,107.5,115.5,107.5,75.0,8400.0,44
2023-05-11 09:43:36,MA312P2275,MA312P2275,114.5,0.0,0.0,0.0,15,109.5,111.5,15,102.0,107.5,115.5,107.5,75.0,8400.0,44
2023-05-11 09:43:40,MA312P2275,MA312P2275,114.5,0.0,0.0,0.0,15,109.5,111.5,12,102.0,107.5,115.5,107.5,75.0,8400.0,44
2023-05-11 09:43:41,MA312P2275,MA312P2275,114.5,0.0,0.0,0.0,12,109.5,110.0,3,102.0,107.5,115.5,107.5,75.0,8400.0,44
2023-05-11 09:43:41,MA312P2275,MA312P2275,114.5,0.0,0.0,0.0,15,109.5,110.0,9,102.0,107.5,115.5,107.5,75.0,8400.0,44
2023-05-11 09:43:42,MA312P2275,MA312P2275,114.5,0.0,0.0,0.0,18,109.5,110.0,15,102.0,107.5,115.5,107.5,75.0,8400.0,44
2023-05-11 09:43:43,MA312P2275,MA312P2275,114.5,0.0,0.0,0.0,15,109.5,110.0,15,102.0,107.5,115.5,107.5,75.0,8400.0,44
2023-05-11 09:43:48,MA312P2275,MA312P2275,114.5,0.0,0.0,0.0,12,109.5,110.0,12,102.0,107.5,115.5,107.5,75.0,8400.0,44
2023-05-11 09:43:50,MA312P2275,MA312P2275,114.5,0.0,0.0,0.0,9,109.5,110.0,9,102.0,107.5,115.5,107.5,75.0,8400.0,44
2023-05-11 09:43:53,MA312P2275,MA312P2275,114.5,0.0,0.0,0.0,3,109.5,110.5,3,102.0,107.5,115.5,107.5,75.0,8400.0,44
2023-05-11 09:43:53,MA312P2275,MA312P2275,114.5,0.0,0.0,0.0,3,107.5,115.5,3,102.0,107.5,115.5,107.5,75.0,8400.0,44
2023-05-11 09:43:55,MA312P2275,MA312P2275,114.5,0.0,0.0,0.0,3,107.5,0.0,0,102.0,107.5,115.5,107.5,75.0,8400.0,44
2023-05-11 09:45:58,MA312P2275,MA312P2275,114.5,0.0,0.0,0.0,3,107.5,115.0,3,102.0,107.5,115.5,107.5,75.0,8400.0,44
2023-05-11 09:45:59,MA312P2275,MA312P2275,114.5,0.0,0.0,0.0,6,107.5,115.0,6,102.0,107.5,115.5,107.5,75.0,8400.0,44
2023-05-11 09:46:00,MA312P2275,MA312P2275,114.5,0.0,0.0,0.0,3,108.5,111.0,3,102.0,107.5,115.5,107.5,75.0,8400.0,44
2023-05-11 09:46:04,MA312P2275,MA312P2275,114.5,0.0,0.0,0.0,3,109.0,111.0,6,102.0,107.5,115.5,107.5,75.0,8400.0,44
2023-05-11 09:46:06,MA312P2275,MA312P2275,114.5,0.0,0.0,0.0,6,108.5,109.5,1,102.0,107.5,115.5,107.5,75.0,8400.0,44
2023-05-11 09:46:06,MA312P2275,MA312P2275,114.5,0.0,0.0,0.0,9,108.5,109.0,3,102.0,107.5,115.5,107.5,75.0,8400.0,44
2023-05-11 09:46:08,MA312P2275,MA312P2275,114.5,0.0,0.0,0.0,18,108.5,109.0,3,102.0,107.5,115.5,107.5,75.0,8400.0,44
2023-05-11 09:46:09,MA312P2275,MA312P2275,109.0,3.0,336.0,3.0,3,109.0,109.5,6,102.0,107.5,115.5,107.5,78.0,8736.0,47
2023-05-11 09:46:09,MA312P2275,MA312P2275,109.0,0.0,0.0,0.0,9,109.0,109.5,3,102.0,107.5,115.5,107.5,78.0,8736.0,47
2023-05-11 09:46:09,MA312P2275,MA312P2275,109.0,0.0,0.0,0.0,3,109.0,109.5,6,102.0,107.5,115.5,107.5,78.0,8736.0,47
2023-05-11 09:46:09,MA312P2275,MA312P2275,109.0,0.0,0.0,0.0,9,109.0,109.5,3,102.0,107.5,115.5,107.5,78.0,8736.0,47
2023-05-11 09:46:13,MA312P2275,MA312P2275,109.0,0.0,0.0,0.0,12,109.0,109.5,9,102.0,107.5,115.5,107.5,78.0,8736.0,47
2023-05-11 09:46:13,MA312P2275,MA312P2275,109.0,0.0,0.0,0.0,18,109.0,109.5,9,102.0,107.5,115.5,107.5,78.0,8736.0,47
2023-05-11 09:46:15,MA312P2275,MA312P2275,109.0,0.0,0.0,0.0,21,109.0,109.5,9,102.0,107.5,115.5,107.5,78.0,8736.0,47
2023-05-11 09:46:20,MA312P2275,MA312P2275,109.0,0.0,0.0,0.0,18,109.0,109.5,6,102.0,107.5,115.5,107.5,78.0,8736.0,47
2023-05-11 09:46:21,MA312P2275,MA312P2275,109.0,0.0,0.0,0.0,15,109.0,109.5,3,102.0,107.5,115.5,107.5,78.0,8736.0,47
2023-05-11 09:46:22,MA312P2275,MA312P2275,109.0,0.0,0.0,0.0,12,109.0,109.5,3,102.0,107.5,115.5,107.5,78.0,8736.0,47
2023-05-11 09:46:25,MA312P2275,MA312P2275,109.0,0.0,0.0,0.0,6,109.0,112.5,3,102.0,107.5,115.5,107.5,78.0,8736.0,47
2023-05-11 09:46:26,MA312P2275,MA312P2275,109.0,0.0,0.0,0.0,3,109.0,115.0,3,102.0,107.5,115.5,107.5,78.0,8736.0,47
2023-05-11 09:46:28,MA312P2275,MA312P2275,109.0,0.0,0.0,0.0,3,109.0,0.0,0,102.0,107.5,115.5,107.5,78.0,8736.0,47
2023-05-11 09:47:12,MA312P2275,MA312P2275,109.0,0.0,0.0,0.0,3,109.0,115.0,3,102.0,107.5,115.5,107.5,78.0,8736.0,47
2023-05-11 09:47:13,MA312P2275,MA312P2275,109.0,0.0,0.0,0.0,6,109.0,115.0,6,102.0,107.5,115.5,107.5,78.0,8736.0,47
2023-05-11 09:47:14,MA312P2275,MA312P2275,109.0,0.0,0.0,0.0,9,109.0,111.5,3,102.0,107.5,115.5,107.5,78.0,8736.0,47
2023-05-11 09:47:16,MA312P2275,MA312P2275,109.0,0.0,0.0,0.0,1,111.0,111.5,3,102.0,107.5,115.5,107.5,78.0,8736.0,47
2023-05-11 09:47:16,MA312P2275,MA312P2275,109.0,0.0,0.0,0.0,4,111.0,111.5,6,102.0,107.5,115.5,107.5,78.0,8736.0,47
2023-05-11 09:47:19,MA312P2275,MA312P2275,111.0,6.0,672.0,0.0,3,110.5,111.5,3,102.0,107.5,115.5,107.5,84.0,9408.0,47
2023-05-11 09:47:26,MA312P2275,MA312P2275,111.0,0.0,0.0,0.0,3,110.5,112.0,6,102.0,107.5,115.5,107.5,84.0,9408.0,47
2023-05-11 09:47:26,MA312P2275,MA312P2275,111.0,0.0,0.0,0.0,3,110.5,112.0,3,102.0,107.5,115.5,107.5,84.0,9408.0,47
2023-05-11 09:47:27,MA312P2275,MA312P2275,111.0,0.0,0.0,0.0,9,110.5,111.0,3,102.0,107.5,115.5,107.5,84.0,9408.0,47
2023-05-11 09:47:27,MA312P2275,MA312P2275,111.0,0.0,0.0,0.0,9,110.5,111.5,3,102.0,107.5,115.5,107.5,84.0,9408.0,47
2023-05-11 09:47:28,MA312P2275,MA312P2275,111.0,0.0,0.0,0.0,9,110.5,111.0,3,102.0,107.5,115.5,107.5,84.0,9408.0,47
2023-05-11 09:47:28,MA312P2275,MA312P2275,111.0,0.0,0.0,0.0,9,110.5,111.5,3,102.0,107.5,115.5,107.5,84.0,9408.0,47
2023-05-11 09:47:29,MA312P2275,MA312P2275,111.0,0.0,0.0,0.0,9,110.5,111.0,3,102.0,107.5,115.5,107.5,84.0,9408.0,47
2023-05-11 09:47:29,MA312P2275,MA312P2275,111.0,0.0,0.0,0.0,9,110.5,111.5,3,102.0,107.5,115.5,107.5,84.0,9408.0,47
2023-05-11 09:47:30,MA312P2275,MA312P2275,111.0,0.0,0.0,0.0,9,110.5,111.0,3,102.0,107.5,115.5,107.5,84.0,9408.0,47
2023-05-11 09:47:30,MA312P2275,MA312P2275,111.0,0.0,0.0,0.0,9,110.5,111.5,3,102.0,107.5,115.5,107.5,84.0,9408.0,47
2023-05-11 09:47:31,MA312P2275,MA312P2275,111.0,0.0,0.0,0.0,6,110.5,111.0,3,102.0,107.5,115.5,107.5,84.0,9408.0,47
2023-05-11 09:47:31,MA312P2275,MA312P2275,111.0,0.0,0.0,0.0,3,110.5,111.5,3,102.0,107.5,115.5,107.5,84.0,9408.0,47
2023-05-11 09:47:38,MA312P2275,MA312P2275,111.0,0.0,0.0,0.0,3,110.5,112.0,3,102.0,107.5,115.5,107.5,84.0,9408.0,47
2023-05-11 09:47:39,MA312P2275,MA312P2275,111.0,0.0,0.0,0.0,3,109.0,117.0,3,102.0,107.5,115.5,107.5,84.0,9408.0,47
2023-05-11 09:47:41,MA312P2275,MA312P2275,111.0,0.0,0.0,0.0,3,109.0,0.0,0,102.0,107.5,115.5,107.5,84.0,9408.0,47
2023-05-11 09:58:49,MA312P2275,MA312P2275,111.0,0.0,0.0,0.0,3,109.0,117.0,3,102.0,107.5,115.5,107.5,84.0,9408.0,47
2023-05-11 09:58:50,MA312P2275,MA312P2275,111.0,0.0,0.0,0.0,6,109.0,117.0,6,102.0,107.5,115.5,107.5,84.0,9408.0,47
2023-05-11 09:58:51,MA312P2275,MA312P2275,111.0,0.0,0.0,0.0,3,110.5,113.0,3,102.0,107.5,115.5,107.5,84.0,9408.0,47
2023-05-11 09:58:54,MA312P2275,MA312P2275,111.0,0.0,0.0,0.0,3,111.0,113.0,6,102.0,107.5,115.5,107.5,84.0,9408.0,47
2023-05-11 09:58:59,MA312P2275,MA312P2275,111.0,0.0,0.0,0.0,3,111.0,113.0,9,102.0,107.5,115.5,107.5,84.0,9408.0,47
2023-05-11 09:59:03,MA312P2275,MA312P2275,111.0,0.0,0.0,0.0,3,111.0,113.0,3,102.0,107.5,115.5,107.5,84.0,9408.0,47
2023-05-11 09:59:03,MA312P2275,MA312P2275,111.0,0.0,0.0,0.0,3,111.0,112.0,3,102.0,107.5,115.5,107.5,84.0,9408.0,47
2023-05-11 09:59:04,MA312P2275,MA312P2275,111.5,1.0,112.0,1.0,9,111.0,111.5,2,102.0,107.5,115.5,107.5,85.0,9520.0,48
2023-05-11 09:59:04,MA312P2275,MA312P2275,111.5,2.0,224.0,2.0,2,111.5,112.0,2,102.0,107.5,115.5,107.5,87.0,9744.0,50
2023-05-11 09:59:05,MA312P2275,MA312P2275,112.0,2.0,224.0,-2.0,1,112.0,112.5,6,102.0,107.5,115.5,107.5,89.0,9968.0,48
2023-05-11 09:59:06,MA312P2275,MA312P2275,112.5,6.0,672.0,-3.0,1,112.0,113.0,6,102.0,107.5,115.5,107.5,95.0,10640.0,45
2023-05-11 09:59:13,MA312P2275,MA312P2275,113.0,6.0,672.0,0.0,1,112.0,118.0,3,102.0,107.5,115.5,107.5,101.0,11312.0,45
2023-05-11 09:59:13,MA312P2275,MA312P2275,113.0,0.0,0.0,0.0,1,112.0,118.5,3,102.0,107.5,115.5,107.5,101.0,11312.0,45
2023-05-11 09:59:18,MA312P2275,MA312P2275,113.0,0.0,0.0,0.0,1,112.0,0.0,0,102.0,107.5,115.5,107.5,101.0,11312.0,45
2023-05-11 10:09:20,MA312P2275,MA312P2275,112.0,1.0,112.0,0.0,2,111.5,0.0,0,102.0,107.5,115.5,107.5,102.0,11424.0,45
2023-05-11 10:09:23,MA312P2275,MA312P2275,111.5,2.0,224.0,0.0,3,109.0,0.0,0,102.0,107.5,115.5,107.5,104.0,11648.0,45
2023-05-11 10:09:31,MA312P2275,MA312P2275,111.5,0.0,0.0,0.0,3,109.0,115.5,3,102.0,107.5,115.5,107.5,104.0,11648.0,45
2023-05-11 10:09:32,MA312P2275,MA312P2275,111.5,0.0,0.0,0.0,6,109.0,115.5,6,102.0,107.5,115.5,107.5,104.0,11648.0,45
2023-05-11 10:09:33,MA312P2275,MA312P2275,111.5,0.0,0.0,0.0,3,109.5,112.0,3,102.0,107.5,115.5,107.5,104.0,11648.0,45
2023-05-11 10:09:36,MA312P2275,MA312P2275,111.5,0.0,0.0,0.0,3,110.0,112.0,6,102.0,107.5,115.5,107.5,104.0,11648.0,45
2023-05-11 10:09:37,MA312P2275,MA312P2275,111.5,0.0,0.0,0.0,3,110.0,110.5,1,102.0,107.5,115.5,107.5,104.0,11648.0,45
2023-05-11 10:09:37,MA312P2275,MA312P2275,111.5,0.0,0.0,0.0,6,109.5,110.0,3,102.0,107.5,115.5,107.5,104.0,11648.0,45
2023-05-11 10:09:41,MA312P2275,MA312P2275,110.0,3.0,336.0,0.0,3,110.0,112.0,3,102.0,107.5,115.5,107.5,107.0,11984.0,45
2023-05-11 10:09:45,MA312P2275,MA312P2275,110.0,0.0,0.0,0.0,3,110.0,112.5,3,102.0,107.5,115.5,107.5,107.0,11984.0,45
2023-05-11 10:09:46,MA312P2275,MA312P2275,110.0,0.0,0.0,0.0,9,110.0,112.5,3,102.0,107.5,115.5,107.5,107.0,11984.0,45
2023-05-11 10:09:46,MA312P2275,MA312P2275,110.0,0.0,0.0,0.0,9,110.0,111.5,3,102.0,107.5,115.5,107.5,107.0,11984.0,45
2023-05-11 10:09:48,MA312P2275,MA312P2275,110.0,0.0,0.0,0.0,12,110.0,111.5,3,102.0,107.5,115.5,107.5,107.0,11984.0,45
2023-05-11 10:09:53,MA312P2275,MA312P2275,110.0,0.0,0.0,0.0,9,110.0,111.5,3,102.0,107.5,115.5,107.5,107.0,11984.0,45
2023-05-11 10:09:58,MA312P2275,MA312P2275,110.0,0.0,0.0,0.0,6,110.0,111.5,3,102.0,107.5,115.5,107.5,107.0,11984.0,45
2023-05-11 10:09:58,MA312P2275,MA312P2275,110.0,0.0,0.0,0.0,6,110.0,114.5,3,102.0,107.5,115.5,107.5,107.0,11984.0,45
2023-05-11 10:09:59,MA312P2275,MA312P2275,110.0,0.0,0.0,0.0,3,110.0,117.0,3,102.0,107.5,115.5,107.5,107.0,11984.0,45
2023-05-11 10:10:01,MA312P2275,MA312P2275,110.0,0.0,0.0,0.0,3,110.0,0.0,0,102.0,107.5,115.5,107.5,107.0,11984.0,45
2023-05-11 10:13:36,MA312P2275,MA312P2275,110.0,3.0,336.0,0.0,3,109.0,0.0,0,102.0,107.5,115.5,107.5,110.0,12320.0,45
2023-05-11 10:13:58,MA312P2275,MA312P2275,110.0,0.0,0.0,0.0,3,109.0,112.0,3,102.0,107.5,115.5,107.5,110.0,12320.0,45
2023-05-11 10:13:59,MA312P2275,MA312P2275,110.0,0.0,0.0,0.0,3,109.0,110.0,1,102.0,107.5,115.5,107.5,110.0,12320.0,45
2023-05-11 10:14:00,MA312P2275,MA312P2275,109.0,3.0,336.0,0.0,3,108.0,110.0,1,102.0,107.5,115.5,107.5,113.0,12656.0,45
2023-05-11 10:14:03,MA312P2275,MA312P2275,109.0,0.0,0.0,0.0,3,108.5,110.0,4,102.0,107.5,115.5,107.5,113.0,12656.0,45
2023-05-11 10:14:06,MA312P2275,MA312P2275,109.0,0.0,0.0,0.0,6,108.5,110.0,4,102.0,107.5,115.5,107.5,113.0,12656.0,45
2023-05-11 10:14:08,MA312P2275,MA312P2275,109.0,0.0,0.0,0.0,9,108.5,110.0,4,102.0,107.5,115.5,107.5,113.0,12656.0,45
2023-05-11 10:14:13,MA312P2275,MA312P2275,108.5,4.0,389.5,1.0,6,108.5,110.0,4,102.0,107.5,115.5,107.5,117.0,13045.5,46
2023-05-11 10:14:14,MA312P2275,MA312P2275,108.5,0.0,0.0,0.0,3,108.5,110.0,4,102.0,107.5,115.5,107.5,117.0,13045.5,46
2023-05-11 10:14:17,MA312P2275,MA312P2275,108.5,0.0,0.0,0.0,3,108.5,110.0,3,102.0,107.5,115.5,107.5,117.0,13045.5,46
2023-05-11 10:14:25,MA312P2275,MA312P2275,108.5,0.0,0.0,0.0,3,108.0,110.5,3,102.0,107.5,115.5,107.5,117.0,13045.5,46
2023-05-11 10:14:25,MA312P2275,MA312P2275,108.5,0.0,0.0,0.0,3,107.5,115.0,3,102.0,107.5,115.5,107.5,117.0,13045.5,46
2023-05-11 10:14:28,MA312P2275,MA312P2275,108.5,0.0,0.0,0.0,3,107.5,0.0,0,102.0,107.5,115.5,107.5,117.0,13045.5,46
2023-05-11 10:30:38,MA312P2275,MA312P2275,108.5,0.0,0.0,0.0,3,107.5,109.5,3,102.0,107.5,115.5,107.5,117.0,13045.5,46
2023-05-11 10:30:40,MA312P2275,MA312P2275,107.5,3.0,334.5,0.0,3,104.0,109.5,3,102.0,107.5,115.5,107.5,120.0,13380.0,46
2023-05-11 10:30:42,MA312P2275,MA312P2275,107.5,0.0,0.0,0.0,3,105.0,109.0,3,102.0,107.5,115.5,107.5,120.0,13380.0,46
2023-05-11 10:30:44,MA312P2275,MA312P2275,107.5,0.0,0.0,0.0,3,104.0,107.5,1,102.0,107.5,115.5,107.5,120.0,13380.0,46
2023-05-11 10:30:44,MA312P2275,MA312P2275,107.5,0.0,0.0,0.0,3,104.5,107.0,3,102.0,107.5,115.5,107.5,120.0,13380.0,46
2023-05-11 10:30:47,MA312P2275,MA312P2275,107.5,0.0,0.0,0.0,3,104.0,106.0,1,102.0,107.5,115.5,107.5,120.0,13380.0,46
2023-05-11 10:30:47,MA312P2275,MA312P2275,107.5,0.0,0.0,0.0,3,104.5,106.0,4,102.0,107.5,115.5,107.5,120.0,13380.0,46
2023-05-11 10:30:49,MA312P2275,MA312P2275,107.5,0.0,0.0,0.0,3,104.5,105.5,1,102.0,107.5,115.5,107.5,120.0,13380.0,46
2023-05-11 10:30:50,MA312P2275,MA312P2275,107.5,0.0,0.0,0.0,6,104.0,105.0,3,102.0,107.5,115.5,107.5,120.0,13380.0,46
2023-05-11 10:30:50,MA312P2275,MA312P2275,107.5,0.0,0.0,0.0,9,104.0,105.0,3,102.0,107.5,115.5,107.5,120.0,13380.0,46
2023-05-11 10:30:52,MA312P2275,MA312P2275,107.5,0.0,0.0,0.0,3,104.0,105.0,3,102.0,107.5,115.5,107.5,120.0,13380.0,46
2023-05-11 10:30:52,MA312P2275,MA312P2275,105.0,3.0,334.5,0.0,3,105.0,106.0,6,102.0,107.5,115.5,105.0,123.0,13714.5,46
2023-05-11 10:30:53,MA312P2275,MA312P2275,105.0,0.0,0.0,0.0,9,105.0,106.0,9,102.0,107.5,115.5,105.0,123.0,13714.5,46
2023-05-11 10:31:00,MA312P2275,MA312P2275,105.0,0.0,0.0,0.0,6,105.0,106.0,6,102.0,107.5,115.5,105.0,123.0,13714.5,46
2023-05-11 10:31:03,MA312P2275,MA312P2275,105.0,0.0,0.0,0.0,6,105.0,106.0,3,102.0,107.5,115.5,105.0,123.0,13714.5,46
2023-05-11 10:31:04,MA312P2275,MA312P2275,105.0,0.0,0.0,0.0,3,105.0,106.5,3,102.0,107.5,115.5,105.0,123.0,13714.5,46
2023-05-11 10:31:05,MA312P2275,MA312P2275,105.0,0.0,0.0,0.0,3,105.0,111.0,3,102.0,107.5,115.5,105.0,123.0,13714.5,46
2023-05-11 10:31:07,MA312P2275,MA312P2275,105.0,0.0,0.0,0.0,3,105.0,0.0,0,102.0,107.5,115.5,105.0,123.0,13714.5,46
2023-05-11 10:32:10,MA312P2275,MA312P2275,105.0,0.0,0.0,0.0,3,105.0,111.0,3,102.0,107.5,115.5,105.0,123.0,13714.5,46
2023-05-11 10:32:11,MA312P2275,MA312P2275,105.0,0.0,0.0,0.0,6,105.0,111.0,6,102.0,107.5,115.5,105.0,123.0,13714.5,46
2023-05-11 10:32:12,MA312P2275,MA312P2275,105.0,0.0,0.0,0.0,9,105.0,107.5,3,102.0,107.5,115.5,105.0,123.0,13714.5,46
2023-05-11 10:32:15,MA312P2275,MA312P2275,105.0,0.0,0.0,0.0,3,105.5,107.5,6,102.0,107.5,115.5,105.0,123.0,13714.5,46
2023-05-11 10:32:17,MA312P2275,MA312P2275,105.0,0.0,0.0,0.0,6,105.5,107.5,6,102.0,107.5,115.5,105.0,123.0,13714.5,46
2023-05-11 10:32:20,MA312P2275,MA312P2275,105.0,0.0,0.0,0.0,9,105.5,107.5,9,102.0,107.5,115.5,105.0,123.0,13714.5,46
2023-05-11 10:32:24,MA312P2275,MA312P2275,105.0,0.0,0.0,0.0,9,105.5,107.5,6,102.0,107.5,115.5,105.0,123.0,13714.5,46
2023-05-11 10:32:24,MA312P2275,MA312P2275,105.0,0.0,0.0,0.0,9,105.5,106.5,3,102.0,107.5,115.5,105.0,123.0,13714.5,46
2023-05-11 10:32:25,MA312P2275,MA312P2275,105.0,0.0,0.0,0.0,12,105.5,106.0,3,102.0,107.5,115.5,105.0,123.0,13714.5,46
2023-05-11 10:32:25,MA312P2275,MA312P2275,105.0,0.0,0.0,0.0,15,105.5,106.0,3,102.0,107.5,115.5,105.0,123.0,13714.5,46
2023-05-11 10:32:27,MA312P2275,MA312P2275,105.0,0.0,0.0,0.0,12,105.5,106.0,3,102.0,107.5,115.5,105.0,123.0,13714.5,46
2023-05-11 10:32:32,MA312P2275,MA312P2275,105.0,0.0,0.0,0.0,9,105.5,106.0,3,102.0,107.5,115.5,105.0,123.0,13714.5,46
2023-05-11 10:32:32,MA312P2275,MA312P2275,105.0,0.0,0.0,0.0,6,105.5,106.0,3,102.0,107.5,115.5,105.0,123.0,13714.5,46
2023-05-11 10:32:36,MA312P2275,MA312P2275,105.0,0.0,0.0,0.0,3,105.5,107.0,3,102.0,107.5,115.5,105.0,123.0,13714.5,46
2023-05-11 10:32:37,MA312P2275,MA312P2275,105.0,0.0,0.0,0.0,3,105.0,111.5,3,102.0,107.5,115.5,105.0,123.0,13714.5,46
2023-05-11 10:32:39,MA312P2275,MA312P2275,105.0,0.0,0.0,0.0,3,105.0,0.0,0,102.0,107.5,115.5,105.0,123.0,13714.5,46
2023-05-11 10:43:13,MA312P2275,MA312P2275,105.0,0.0,0.0,0.0,3,105.0,110.5,3,102.0,107.5,115.5,105.0,123.0,13714.5,46
2023-05-11 10:43:14,MA312P2275,MA312P2275,105.0,0.0,0.0,0.0,6,105.0,110.5,6,102.0,107.5,115.5,105.0,123.0,13714.5,46
2023-05-11 10:43:15,MA312P2275,MA312P2275,105.0,0.0,0.0,0.0,9,105.0,107.5,3,102.0,107.5,115.5,105.0,123.0,13714.5,46
2023-05-11 10:43:18,MA312P2275,MA312P2275,105.0,0.0,0.0,0.0,3,105.5,107.5,6,102.0,107.5,115.5,105.0,123.0,13714.5,46
2023-05-11 10:43:19,MA312P2275,MA312P2275,105.0,0.0,0.0,0.0,3,105.5,106.0,1,102.0,107.5,115.5,105.0,123.0,13714.5,46
2023-05-11 10:43:19,MA312P2275,MA312P2275,105.0,0.0,0.0,0.0,15,105.0,105.5,3,102.0,107.5,115.5,105.0,123.0,13714.5,46
2023-05-11 10:43:22,MA312P2275,MA312P2275,105.5,3.0,334.5,3.0,3,105.5,107.5,3,102.0,107.5,115.5,105.0,126.0,14049.0,49
2023-05-11 10:43:26,MA312P2275,MA312P2275,105.5,0.0,0.0,0.0,1,107.0,107.5,3,102.0,107.5,115.5,105.0,126.0,14049.0,49
2023-05-11 10:43:27,MA312P2275,MA312P2275,105.5,0.0,0.0,0.0,1,107.0,108.0,3,102.0,107.5,115.5,105.0,126.0,14049.0,49
2023-05-11 10:43:27,MA312P2275,MA312P2275,105.5,0.0,0.0,0.0,1,107.0,109.0,3,102.0,107.5,115.5,105.0,126.0,14049.0,49
2023-05-11 10:43:28,MA312P2275,MA312P2275,105.5,0.0,0.0,0.0,7,107.0,108.0,3,102.0,107.5,115.5,105.0,126.0,14049.0,49
2023-05-11 10:43:28,MA312P2275,MA312P2275,107.0,3.0,270.0,3.0,7,107.0,107.5,2,102.0,107.5,115.5,105.0,129.0,14319.0,52
2023-05-11 10:43:28,MA312P2275,MA312P2275,107.0,0.0,0.0,0.0,4,107.0,107.5,2,102.0,107.5,115.5,105.0,129.0,14319.0,52
2023-05-11 10:43:30,MA312P2275,MA312P2275,107.0,3.0,333.0,-2.0,1,107.0,107.5,3,102.0,107.5,115.5,105.0,132.0,14652.0,50
2023-05-11 10:43:31,MA312P2275,MA312P2275,106.5,2.0,222.0,0.0,3,106.5,107.5,3,102.0,107.5,115.5,105.0,134.0,14874.0,50
2023-05-11 10:43:41,MA312P2275,MA312P2275,106.5,0.0,0.0,0.0,3,105.5,107.5,3,102.0,107.5,115.5,105.0,134.0,14874.0,50
2023-05-11 11:01:44,MA312P2275,MA312P2275,105.5,2.0,222.0,-2.0,1,105.5,107.5,3,102.0,107.5,115.5,105.0,136.0,15096.0,48
2023-05-11 11:02:12,MA312P2275,MA312P2275,105.5,1.0,111.0,-1.0,3,105.0,107.5,3,102.0,107.5,115.5,105.0,137.0,15207.0,47
2023-05-11 11:02:30,MA312P2275,MA312P2275,105.0,3.0,333.0,-3.0,18,29.0,107.5,3,102.0,107.5,115.5,105.0,140.0,15540.0,44
2023-05-11 11:02:30,MA312P2275,MA312P2275,105.0,0.0,0.0,0.0,1,37.0,107.5,3,102.0,107.5,115.5,105.0,140.0,15540.0,44
2023-05-11 11:02:31,MA312P2275,MA312P2275,105.0,0.0,0.0,0.0,6,38.0,107.5,3,102.0,107.5,115.5,105.0,140.0,15540.0,44
2023-05-11 11:02:32,MA312P2275,MA312P2275,105.0,0.0,0.0,0.0,1,46.0,107.5,3,102.0,107.5,115.5,105.0,140.0,15540.0,44
2023-05-11 11:02:32,MA312P2275,MA312P2275,105.0,0.0,0.0,0.0,6,47.0,107.5,3,102.0,107.5,115.5,105.0,140.0,15540.0,44
2023-05-11 11:02:33,MA312P2275,MA312P2275,105.0,0.0,0.0,0.0,1,51.0,107.5,3,102.0,107.5,115.5,105.0,140.0,15540.0,44
2023-05-11 11:02:33,MA312P2275,MA312P2275,105.0,0.0,0.0,0.0,6,52.0,107.5,3,102.0,107.5,115.5,105.0,140.0,15540.0,44
2023-05-11 11:02:34,MA312P2275,MA312P2275,105.0,0.0,0.0,0.0,1,56.0,107.5,3,102.0,107.5,115.5,105.0,140.0,15540.0,44
2023-05-11 11:02:34,MA312P2275,MA312P2275,105.0,0.0,0.0,0.0,6,57.0,107.5,3,102.0,107.5,115.5,105.0,140.0,15540.0,44
2023-05-11 11:02:35,MA312P2275,MA312P2275,105.0,0.0,0.0,0.0,2,57.5,107.5,3,102.0,107.5,115.5,105.0,140.0,15540.0,44
2023-05-11 11:04:14,MA312P2275,MA312P2275,105.0,0.0,0.0,0.0,3,95.5,106.5,3,102.0,107.5,115.5,105.0,140.0,15540.0,44
2023-05-11 11:04:15,MA312P2275,MA312P2275,105.0,0.0,0.0,0.0,6,95.5,106.5,6,102.0,107.5,115.5,105.0,140.0,15540.0,44
2023-05-11 11:04:16,MA312P2275,MA312P2275,105.0,0.0,0.0,0.0,3,100.5,103.0,3,102.0,107.5,115.5,105.0,140.0,15540.0,44
2023-05-11 11:04:20,MA312P2275,MA312P2275,105.0,0.0,0.0,0.0,3,101.0,103.0,6,102.0,107.5,115.5,105.0,140.0,15540.0,44
2023-05-11 11:04:24,MA312P2275,MA312P2275,105.0,0.0,0.0,0.0,3,101.0,103.0,9,102.0,107.5,115.5,105.0,140.0,15540.0,44
2023-05-11 11:04:29,MA312P2275,MA312P2275,105.0,0.0,0.0,0.0,6,101.0,103.0,9,102.0,107.5,115.5,105.0,140.0,15540.0,44
2023-05-11 11:04:29,MA312P2275,MA312P2275,105.0,0.0,0.0,0.0,9,101.0,103.0,9,102.0,107.5,115.5,105.0,140.0,15540.0,44
2023-05-11 11:04:29,MA312P2275,MA312P2275,105.0,0.0,0.0,0.0,3,102.5,103.0,6,102.0,107.5,115.5,105.0,140.0,15540.0,44
2023-05-11 11:04:31,MA312P2275,MA312P2275,105.0,0.0,0.0,0.0,3,102.5,103.0,9,102.0,107.5,115.5,105.0,140.0,15540.0,44
2023-05-11 11:04:31,MA312P2275,MA312P2275,105.0,0.0,0.0,0.0,9,102.5,103.0,15,102.0,107.5,115.5,105.0,140.0,15540.0,44
2023-05-11 11:04:37,MA312P2275,MA312P2275,102.5,6.0,593.0,3.0,3,102.0,103.0,6,102.0,107.5,115.5,102.5,146.0,16133.0,47
2023-05-11 11:04:41,MA312P2275,MA312P2275,102.5,0.0,0.0,0.0,3,102.0,103.0,3,102.0,107.5,115.5,102.5,146.0,16133.0,47
2023-05-11 11:04:43,MA312P2275,MA312P2275,102.5,0.0,0.0,0.0,3,97.0,107.5,3,102.0,107.5,115.5,102.5,146.0,16133.0,47
2023-05-11 11:04:44,MA312P2275,MA312P2275,102.5,0.0,0.0,0.0,1,57.5,107.5,3,102.0,107.5,115.5,102.5,146.0,16133.0,47
2023-05-11 11:04:45,MA312P2275,MA312P2275,102.5,0.0,0.0,0.0,1,58.0,107.5,3,102.0,107.5,115.5,102.5,146.0,16133.0,47
2023-05-11 11:04:45,MA312P2275,MA312P2275,102.5,0.0,0.0,0.0,1,58.5,107.5,3,102.0,107.5,115.5,102.5,146.0,16133.0,47
2023-05-11 11:04:46,MA312P2275,MA312P2275,102.5,0.0,0.0,0.0,1,59.0,107.5,3,102.0,107.5,115.5,102.5,146.0,16133.0,47
2023-05-11 11:04:46,MA312P2275,MA312P2275,102.5,0.0,0.0,0.0,1,59.5,107.5,3,102.0,107.5,115.5,102.5,146.0,16133.0,47
2023-05-11 11:16:57,MA312P2275,MA312P2275,102.5,0.0,0.0,0.0,3,94.5,105.5,3,102.0,107.5,115.5,102.5,146.0,16133.0,47
2023-05-11 11:16:58,MA312P2275,MA312P2275,102.5,0.0,0.0,0.0,6,94.5,105.5,6,102.0,107.5,115.5,102.5,146.0,16133.0,47
2023-05-11 11:16:59,MA312P2275,MA312P2275,102.5,0.0,0.0,0.0,3,99.0,101.5,3,102.0,107.5,115.5,102.5,146.0,16133.0,47
2023-05-11 11:17:03,MA312P2275,MA312P2275,102.5,0.0,0.0,0.0,3,99.5,101.5,6,102.0,107.5,115.5,102.5,146.0,16133.0,47
2023-05-11 11:17:04,MA312P2275,MA312P2275,102.5,0.0,0.0,0.0,3,99.0,100.0,1,102.0,107.5,115.5,102.5,146.0,16133.0,47
2023-05-11 11:17:05,MA312P2275,MA312P2275,102.5,0.0,0.0,0.0,6,99.0,99.5,3,102.0,107.5,115.5,102.5,146.0,16133.0,47
2023-05-11 11:17:07,MA312P2275,MA312P2275,99.5,3.0,257.0,3.0,3,99.5,101.5,3,102.0,107.5,115.5,99.5,149.0,16390.0,50
2023-05-11 11:17:10,MA312P2275,MA312P2275,99.5,0.0,0.0,0.0,1,101.0,101.5,3,102.0,107.5,115.5,99.5,149.0,16390.0,50
2023-05-11 11:17:11,MA312P2275,MA312P2275,99.5,0.0,0.0,0.0,1,101.0,102.0,3,102.0,107.5,115.5,99.5,149.0,16390.0,50
2023-05-11 11:17:12,MA312P2275,MA312P2275,99.5,0.0,0.0,0.0,1,101.0,103.0,3,102.0,107.5,115.5,99.5,149.0,16390.0,50
2023-05-11 11:17:12,MA312P2275,MA312P2275,99.5,0.0,0.0,0.0,7,101.0,102.0,3,102.0,107.5,115.5,99.5,149.0,16390.0,50
2023-05-11 11:17:13,MA312P2275,MA312P2275,99.5,0.0,0.0,0.0,10,101.0,102.0,3,102.0,107.5,115.5,99.5,149.0,16390.0,50
2023-05-11 11:17:14,MA312P2275,MA312P2275,101.0,3.0,330.0,0.0,6,101.0,101.5,3,102.0,107.5,115.5,99.5,152.0,16720.0,50
2023-05-11 11:17:15,MA312P2275,MA312P2275,101.0,0.0,0.0,0.0,9,101.0,101.5,3,102.0,107.5,115.5,99.5,152.0,16720.0,50
2023-05-11 11:17:20,MA312P2275,MA312P2275,101.0,0.0,0.0,0.0,6,101.0,101.5,3,102.0,107.5,115.5,99.5,152.0,16720.0,50
2023-05-11 11:17:24,MA312P2275,MA312P2275,101.0,0.0,0.0,0.0,3,101.0,101.5,3,102.0,107.5,115.5,99.5,152.0,16720.0,50
2023-05-11 11:17:25,MA312P2275,MA312P2275,101.0,0.0,0.0,0.0,3,99.5,101.5,3,102.0,107.5,115.5,99.5,152.0,16720.0,50
2023-05-11 11:29:18,MA312P2275,MA312P2275,101.5,3.0,330.0,-3.0,3,99.5,107.5,3,102.0,107.5,115.5,99.5,155.0,17050.0,47
2023-05-11 11:29:50,MA312P2275,MA312P2275,101.5,0.0,0.0,0.0,3,99.5,0.0,0,102.0,107.5,115.5,99.5,155.0,17050.0,47
2023-05-11 11:29:53,MA312P2275,MA312P2275,101.5,0.0,0.0,0.0,18,29.0,0.0,0,102.0,107.5,115.5,99.5,155.0,17050.0,47
2023-05-11 13:30:13,MA312P2275,MA312P2275,101.5,0.0,0.0,0.0,1,29.5,0.0,0,102.0,107.5,115.5,99.5,155.0,17050.0,47
2023-05-11 13:30:17,MA312P2275,MA312P2275,101.5,0.0,0.0,0.0,6,30.5,0.0,0,102.0,107.5,115.5,99.5,155.0,17050.0,47
2023-05-11 13:30:46,MA312P2275,MA312P2275,101.5,0.0,0.0,0.0,3,96.0,107.5,3,102.0,107.5,115.5,99.5,155.0,17050.0,47
2023-05-11 13:30:48,MA312P2275,MA312P2275,101.5,0.0,0.0,0.0,6,96.0,107.5,6,102.0,107.5,115.5,99.5,155.0,17050.0,47
2023-05-11 13:30:49,MA312P2275,MA312P2275,101.5,0.0,0.0,0.0,3,101.0,103.5,3,102.0,107.5,115.5,99.5,155.0,17050.0,47
2023-05-11 13:30:51,MA312P2275,MA312P2275,101.5,0.0,0.0,0.0,3,101.5,103.5,6,102.0,107.5,115.5,99.5,155.0,17050.0,47
2023-05-11 13:30:56,MA312P2275,MA312P2275,101.5,0.0,0.0,0.0,3,101.5,103.5,9,102.0,107.5,115.5,99.5,155.0,17050.0,47
2023-05-11 13:31:01,MA312P2275,MA312P2275,101.5,0.0,0.0,0.0,6,101.5,103.5,9,102.0,107.5,115.5,99.5,155.0,17050.0,47
2023-05-11 13:31:01,MA312P2275,MA312P2275,101.5,0.0,0.0,0.0,3,102.5,103.5,12,102.0,107.5,115.5,99.5,155.0,17050.0,47
2023-05-11 13:31:01,MA312P2275,MA312P2275,101.5,0.0,0.0,0.0,6,102.5,103.0,3,102.0,107.5,115.5,99.5,155.0,17050.0,47
2023-05-11 13:31:02,MA312P2275,MA312P2275,101.5,0.0,0.0,0.0,9,102.5,103.0,3,102.0,107.5,115.5,99.5,155.0,17050.0,47
2023-05-11 13:31:08,MA312P2275,MA312P2275,101.5,0.0,0.0,0.0,6,102.5,103.0,3,102.0,107.5,115.5,99.5,155.0,17050.0,47
2023-05-11 13:31:14,MA312P2275,MA312P2275,101.5,0.0,0.0,0.0,3,97.0,108.5,3,102.0,107.5,115.5,99.5,155.0,17050.0,47
2023-05-11 13:31:16,MA312P2275,MA312P2275,101.5,0.0,0.0,0.0,1,29.5,0.0,0,102.0,107.5,115.5,99.5,155.0,17050.0,47
2023-05-11 13:31:17,MA312P2275,MA312P2275,101.5,0.0,0.0,0.0,6,30.5,0.0,0,102.0,107.5,115.5,99.5,155.0,17050.0,47
2023-05-11 13:31:26,MA312P2275,MA312P2275,101.5,0.0,0.0,0.0,1,31.0,0.0,0,102.0,107.5,115.5,99.5,155.0,17050.0,47
2023-05-11 13:31:26,MA312P2275,MA312P2275,101.5,0.0,0.0,0.0,6,32.0,0.0,0,102.0,107.5,115.5,99.5,155.0,17050.0,47
2023-05-11 13:31:32,MA312P2275,MA312P2275,101.5,0.0,0.0,0.0,1,32.5,0.0,0,102.0,107.5,115.5,99.5,155.0,17050.0,47
2023-05-11 13:31:32,MA312P2275,MA312P2275,101.5,0.0,0.0,0.0,6,33.5,0.0,0,102.0,107.5,115.5,99.5,155.0,17050.0,47
2023-05-11 13:31:34,MA312P2275,MA312P2275,101.5,0.0,0.0,0.0,1,34.0,0.0,0,102.0,107.5,115.5,99.5,155.0,17050.0,47
2023-05-11 13:31:35,MA312P2275,MA312P2275,101.5,0.0,0.0,0.0,6,35.0,0.0,0,102.0,107.5,115.5,99.5,155.0,17050.0,47
2023-05-11 13:31:36,MA312P2275,MA312P2275,101.5,0.0,0.0,0.0,1,35.5,0.0,0,102.0,107.5,115.5,99.5,155.0,17050.0,47
2023-05-11 13:31:37,MA312P2275,MA312P2275,101.5,0.0,0.0,0.0,6,36.5,0.0,0,102.0,107.5,115.5,99.5,155.0,17050.0,47
2023-05-11 13:31:40,MA312P2275,MA312P2275,101.5,0.0,0.0,0.0,1,37.0,0.0,0,102.0,107.5,115.5,99.5,155.0,17050.0,47
2023-05-11 13:31:40,MA312P2275,MA312P2275,101.5,0.0,0.0,0.0,6,38.0,0.0,0,102.0,107.5,115.5,99.5,155.0,17050.0,47
2023-05-11 13:31:42,MA312P2275,MA312P2275,101.5,0.0,0.0,0.0,1,38.5,0.0,0,102.0,107.5,115.5,99.5,155.0,17050.0,47
2023-05-11 13:31:42,MA312P2275,MA312P2275,101.5,0.0,0.0,0.0,6,39.5,0.0,0,102.0,107.5,115.5,99.5,155.0,17050.0,47
2023-05-11 13:31:43,MA312P2275,MA312P2275,101.5,0.0,0.0,0.0,1,40.0,0.0,0,102.0,107.5,115.5,99.5,155.0,17050.0,47
2023-05-11 13:31:43,MA312P2275,MA312P2275,101.5,0.0,0.0,0.0,6,41.0,0.0,0,102.0,107.5,115.5,99.5,155.0,17050.0,47
2023-05-11 13:31:44,MA312P2275,MA312P2275,101.5,0.0,0.0,0.0,1,41.5,0.0,0,102.0,107.5,115.5,99.5,155.0,17050.0,47
2023-05-11 13:31:45,MA312P2275,MA312P2275,101.5,0.0,0.0,0.0,6,42.5,0.0,0,102.0,107.5,115.5,99.5,155.0,17050.0,47
2023-05-11 13:31:46,MA312P2275,MA312P2275,101.5,0.0,0.0,0.0,1,43.0,0.0,0,102.0,107.5,115.5,99.5,155.0,17050.0,47
2023-05-11 13:31:46,MA312P2275,MA312P2275,101.5,0.0,0.0,0.0,6,44.0,0.0,0,102.0,107.5,115.5,99.5,155.0,17050.0,47
2023-05-11 13:31:46,MA312P2275,MA312P2275,101.5,0.0,0.0,0.0,1,43.0,0.0,0,102.0,107.5,115.5,99.5,155.0,17050.0,47
2023-05-11 13:31:46,MA312P2275,MA312P2275,101.5,0.0,0.0,0.0,6,44.0,0.0,0,102.0,107.5,115.5,99.5,155.0,17050.0,47
2023-05-11 13:37:04,MA312P2275,MA312P2275,101.5,0.0,0.0,0.0,1,52.0,0.0,0,102.0,107.5,115.5,99.5,155.0,17050.0,47
2023-05-11 13:37:04,MA312P2275,MA312P2275,101.5,0.0,0.0,0.0,6,53.0,0.0,0,102.0,107.5,115.5,99.5,155.0,17050.0,47
2023-05-11 13:37:05,MA312P2275,MA312P2275,101.5,0.0,0.0,0.0,1,61.0,0.0,0,102.0,107.5,115.5,99.5,155.0,17050.0,47
2023-05-11 13:38:18,MA312P2275,MA312P2275,101.5,0.0,0.0,0.0,3,97.5,109.0,3,102.0,107.5,115.5,99.5,155.0,17050.0,47
2023-05-11 13:38:19,MA312P2275,MA312P2275,101.5,0.0,0.0,0.0,6,97.5,109.0,6,102.0,107.5,115.5,99.5,155.0,17050.0,47
2023-05-11 13:38:20,MA312P2275,MA312P2275,101.5,0.0,0.0,0.0,3,102.5,105.0,3,102.0,107.5,115.5,99.5,155.0,17050.0,47
2023-05-11 13:38:23,MA312P2275,MA312P2275,101.5,0.0,0.0,0.0,3,103.0,105.0,6,102.0,107.5,115.5,99.5,155.0,17050.0,47
2023-05-11 13:38:24,MA312P2275,MA312P2275,101.5,0.0,0.0,0.0,3,103.0,103.5,1,102.0,107.5,115.5,99.5,155.0,17050.0,47
2023-05-11 13:38:25,MA312P2275,MA312P2275,101.5,0.0,0.0,0.0,6,102.5,103.0,3,102.0,107.5,115.5,99.5,155.0,17050.0,47
2023-05-11 13:38:26,MA312P2275,MA312P2275,103.0,3.0,251.0,3.0,3,103.0,105.0,3,102.0,107.5,115.5,99.5,158.0,17301.0,50
2023-05-11 13:38:29,MA312P2275,MA312P2275,103.0,0.0,0.0,0.0,1,104.5,105.0,3,102.0,107.5,115.5,99.5,158.0,17301.0,50
2023-05-11 13:38:32,MA312P2275,MA312P2275,103.0,0.0,0.0,0.0,1,104.5,105.5,3,102.0,107.5,115.5,99.5,158.0,17301.0,50
2023-05-11 13:38:33,MA312P2275,MA312P2275,103.0,0.0,0.0,0.0,1,104.5,106.5,3,102.0,107.5,115.5,99.5,158.0,17301.0,50
2023-05-11 13:38:33,MA312P2275,MA312P2275,103.0,0.0,0.0,0.0,4,104.5,106.5,3,102.0,107.5,115.5,99.5,158.0,17301.0,50
2023-05-11 13:38:34,MA312P2275,MA312P2275,103.0,0.0,0.0,0.0,10,104.5,105.5,3,102.0,107.5,115.5,99.5,158.0,17301.0,50
2023-05-11 13:38:35,MA312P2275,MA312P2275,103.0,0.0,0.0,0.0,10,104.5,105.5,6,102.0,107.5,115.5,99.5,158.0,17301.0,50
2023-05-11 13:38:36,MA312P2275,MA312P2275,103.0,0.0,0.0,0.0,10,104.5,105.5,9,102.0,107.5,115.5,99.5,158.0,17301.0,50
2023-05-11 13:38:38,MA312P2275,MA312P2275,103.0,0.0,0.0,0.0,1,105.0,105.5,9,102.0,107.5,115.5,99.5,158.0,17301.0,50
2023-05-11 13:38:40,MA312P2275,MA312P2275,103.0,0.0,0.0,0.0,6,104.5,105.5,6,102.0,107.5,115.5,99.5,158.0,17301.0,50
2023-05-11 13:38:41,MA312P2275,MA312P2275,104.5,6.0,657.0,0.0,6,104.0,105.0,3,102.0,107.5,115.5,99.5,164.0,17958.0,50
2023-05-11 13:38:41,MA312P2275,MA312P2275,104.5,0.0,0.0,0.0,3,104.0,105.0,3,102.0,107.5,115.5,99.5,164.0,17958.0,50
2023-05-11 13:38:45,MA312P2275,MA312P2275,104.5,0.0,0.0,0.0,3,103.0,105.0,3,102.0,107.5,115.5,99.5,164.0,17958.0,50
2023-05-11 13:45:25,MA312P2275,MA312P2275,103.0,3.0,328.5,-3.0,1,29.5,105.0,3,102.0,107.5,115.5,99.5,167.0,18286.5,47
2023-05-11 13:45:26,MA312P2275,MA312P2275,103.0,0.0,0.0,0.0,1,37.5,105.0,3,102.0,107.5,115.5,99.5,167.0,18286.5,47
2023-05-11 13:45:26,MA312P2275,MA312P2275,103.0,0.0,0.0,0.0,6,38.5,105.0,3,102.0,107.5,115.5,99.5,167.0,18286.5,47
2023-05-11 13:45:27,MA312P2275,MA312P2275,103.0,0.0,0.0,0.0,1,46.5,105.0,3,102.0,107.5,115.5,99.5,167.0,18286.5,47
2023-05-11 13:45:27,MA312P2275,MA312P2275,103.0,0.0,0.0,0.0,6,47.5,105.0,3,102.0,107.5,115.5,99.5,167.0,18286.5,47
2023-05-11 13:45:28,MA312P2275,MA312P2275,103.0,0.0,0.0,0.0,1,55.5,105.0,3,102.0,107.5,115.5,99.5,167.0,18286.5,47
2023-05-11 13:45:28,MA312P2275,MA312P2275,103.0,0.0,0.0,0.0,1,56.0,105.0,3,102.0,107.5,115.5,99.5,167.0,18286.5,47
2023-05-11 13:45:29,MA312P2275,MA312P2275,103.0,0.0,0.0,0.0,1,64.0,105.0,3,102.0,107.5,115.5,99.5,167.0,18286.5,47
2023-05-11 13:45:29,MA312P2275,MA312P2275,103.0,0.0,0.0,0.0,1,64.5,105.0,3,102.0,107.5,115.5,99.5,167.0,18286.5,47
2023-05-11 13:45:30,MA312P2275,MA312P2275,103.0,0.0,0.0,0.0,1,72.5,105.0,3,102.0,107.5,115.5,99.5,167.0,18286.5,47
2023-05-11 13:45:59,MA312P2275,MA312P2275,103.0,0.0,0.0,0.0,1,64.5,105.0,3,102.0,107.5,115.5,99.5,167.0,18286.5,47
2023-05-11 13:46:00,MA312P2275,MA312P2275,103.0,0.0,0.0,0.0,1,65.0,105.0,3,102.0,107.5,115.5,99.5,167.0,18286.5,47
2023-05-11 13:46:16,MA312P2275,MA312P2275,103.0,0.0,0.0,0.0,1,65.5,105.0,3,102.0,107.5,115.5,99.5,167.0,18286.5,47
2023-05-11 13:46:16,MA312P2275,MA312P2275,103.0,0.0,0.0,0.0,1,66.0,105.0,3,102.0,107.5,115.5,99.5,167.0,18286.5,47
2023-05-11 14:03:48,MA312P2275,MA312P2275,103.0,0.0,0.0,0.0,3,96.5,105.0,3,102.0,107.5,115.5,99.5,167.0,18286.5,47
2023-05-11 14:03:49,MA312P2275,MA312P2275,103.0,0.0,0.0,0.0,6,96.5,105.0,6,102.0,107.5,115.5,99.5,167.0,18286.5,47
2023-05-11 14:03:50,MA312P2275,MA312P2275,103.0,0.0,0.0,0.0,3,102.0,104.5,3,102.0,107.5,115.5,99.5,167.0,18286.5,47
2023-05-11 14:03:52,MA312P2275,MA312P2275,103.0,0.0,0.0,0.0,3,102.5,104.5,6,102.0,107.5,115.5,99.5,167.0,18286.5,47
2023-05-11 14:03:58,MA312P2275,MA312P2275,103.0,0.0,0.0,0.0,3,102.5,104.5,9,102.0,107.5,115.5,99.5,167.0,18286.5,47
2023-05-11 14:04:02,MA312P2275,MA312P2275,103.0,0.0,0.0,0.0,3,102.5,104.5,3,102.0,107.5,115.5,99.5,167.0,18286.5,47
2023-05-11 14:04:03,MA312P2275,MA312P2275,103.0,0.0,0.0,0.0,3,103.0,104.5,9,102.0,107.5,115.5,99.5,167.0,18286.5,47
2023-05-11 14:04:03,MA312P2275,MA312P2275,103.0,0.0,0.0,0.0,6,103.0,104.0,3,102.0,107.5,115.5,99.5,167.0,18286.5,47
2023-05-11 14:04:03,MA312P2275,MA312P2275,103.0,0.0,0.0,0.0,9,103.0,104.0,3,102.0,107.5,115.5,99.5,167.0,18286.5,47
2023-05-11 14:04:05,MA312P2275,MA312P2275,103.0,0.0,0.0,0.0,12,103.0,104.0,3,102.0,107.5,115.5,99.5,167.0,18286.5,47
2023-05-11 14:04:05,MA312P2275,MA312P2275,103.0,0.0,0.0,0.0,15,103.0,104.0,3,102.0,107.5,115.5,99.5,167.0,18286.5,47
2023-05-11 14:04:06,MA312P2275,MA312P2275,103.0,0.0,0.0,0.0,12,103.0,104.0,3,102.0,107.5,115.5,99.5,167.0,18286.5,47
2023-05-11 14:04:12,MA312P2275,MA312P2275,103.0,0.0,0.0,0.0,9,103.0,104.0,3,102.0,107.5,115.5,99.5,167.0,18286.5,47
2023-05-11 14:04:14,MA312P2275,MA312P2275,103.0,0.0,0.0,0.0,6,103.0,104.0,3,102.0,107.5,115.5,99.5,167.0,18286.5,47
2023-05-11 14:04:15,MA312P2275,MA312P2275,103.0,0.0,0.0,0.0,3,98.0,105.0,3,102.0,107.5,115.5,99.5,167.0,18286.5,47
2023-05-11 14:04:18,MA312P2275,MA312P2275,103.0,0.0,0.0,0.0,18,29.0,105.0,3,102.0,107.5,115.5,99.5,167.0,18286.5,47
2023-05-11 14:04:18,MA312P2275,MA312P2275,103.0,0.0,0.0,0.0,6,30.0,105.0,3,102.0,107.5,115.5,99.5,167.0,18286.5,47
2023-05-11 14:04:18,MA312P2275,MA312P2275,103.0,0.0,0.0,0.0,18,29.0,105.0,3,102.0,107.5,115.5,99.5,167.0,18286.5,47
2023-05-11 14:04:18,MA312P2275,MA312P2275,103.0,0.0,0.0,0.0,6,30.0,105.0,3,102.0,107.5,115.5,99.5,167.0,18286.5,47
2023-05-11 14:04:21,MA312P2275,MA312P2275,103.0,0.0,0.0,0.0,1,38.0,105.0,3,102.0,107.5,115.5,99.5,167.0,18286.5,47
2023-05-11 14:04:21,MA312P2275,MA312P2275,103.0,0.0,0.0,0.0,6,39.0,105.0,3,102.0,107.5,115.5,99.5,167.0,18286.5,47
2023-05-11 14:04:24,MA312P2275,MA312P2275,103.0,0.0,0.0,0.0,1,47.0,105.0,3,102.0,107.5,115.5,99.5,167.0,18286.5,47
2023-05-11 14:04:25,MA312P2275,MA312P2275,103.0,0.0,0.0,0.0,6,48.0,105.0,3,102.0,107.5,115.5,99.5,167.0,18286.5,47
2023-05-11 14:04:29,MA312P2275,MA312P2275,103.0,0.0,0.0,0.0,1,56.0,105.0,3,102.0,107.5,115.5,99.5,167.0,18286.5,47
2023-05-11 14:05:37,MA312P2275,MA312P2275,103.0,0.0,0.0,0.0,1,56.0,0.0,0,102.0,107.5,115.5,99.5,167.0,18286.5,47
2023-05-11 14:09:07,MA312P2275,MA312P2275,103.0,0.0,0.0,0.0,3,96.5,108.0,3,102.0,107.5,115.5,99.5,167.0,18286.5,47
2023-05-11 14:09:08,MA312P2275,MA312P2275,103.0,0.0,0.0,0.0,6,96.5,108.0,6,102.0,107.5,115.5,99.5,167.0,18286.5,47
2023-05-11 14:09:09,MA312P2275,MA312P2275,103.0,0.0,0.0,0.0,3,102.0,104.5,3,102.0,107.5,115.5,99.5,167.0,18286.5,47
2023-05-11 14:09:12,MA312P2275,MA312P2275,103.0,0.0,0.0,0.0,3,102.5,104.5,6,102.0,107.5,115.5,99.5,167.0,18286.5,47
2023-05-11 14:09:14,MA312P2275,MA312P2275,103.0,0.0,0.0,0.0,6,102.5,104.5,9,102.0,107.5,115.5,99.5,167.0,18286.5,47
2023-05-11 14:09:15,MA312P2275,MA312P2275,103.0,0.0,0.0,0.0,3,102.5,103.5,1,102.0,107.5,115.5,99.5,167.0,18286.5,47
2023-05-11 14:09:15,MA312P2275,MA312P2275,103.0,0.0,0.0,0.0,6,102.5,103.0,3,102.0,107.5,115.5,99.5,167.0,18286.5,47
2023-05-11 14:09:17,MA312P2275,MA312P2275,103.0,3.0,328.5,3.0,3,103.0,104.5,9,102.0,107.5,115.5,99.5,170.0,18615.0,50
2023-05-11 14:09:21,MA312P2275,MA312P2275,103.0,0.0,0.0,0.0,1,104.0,104.5,9,102.0,107.5,115.5,99.5,170.0,18615.0,50
2023-05-11 14:09:21,MA312P2275,MA312P2275,103.0,0.0,0.0,0.0,1,104.0,104.5,6,102.0,107.5,115.5,99.5,170.0,18615.0,50
2023-05-11 14:09:22,MA312P2275,MA312P2275,103.0,0.0,0.0,0.0,4,104.0,104.5,9,102.0,107.5,115.5,99.5,170.0,18615.0,50
2023-05-11 14:09:23,MA312P2275,MA312P2275,103.5,6.0,569.0,0.0,3,103.5,104.5,3,102.0,107.5,115.5,99.5,176.0,19184.0,50
2023-05-11 14:09:25,MA312P2275,MA312P2275,103.5,0.0,0.0,0.0,3,103.5,105.0,3,102.0,107.5,115.5,99.5,176.0,19184.0,50
2023-05-11 14:09:34,MA312P2275,MA312P2275,103.5,0.0,0.0,0.0,3,103.0,110.0,3,102.0,107.5,115.5,99.5,176.0,19184.0,50
2023-05-11 14:09:37,MA312P2275,MA312P2275,103.5,0.0,0.0,0.0,3,103.0,0.0,0,102.0,107.5,115.5,99.5,176.0,19184.0,50
2023-05-11 14:32:05,MA312P2275,MA312P2275,103.5,0.0,0.0,0.0,3,103.0,109.5,3,102.0,107.5,115.5,99.5,176.0,19184.0,50
2023-05-11 14:32:06,MA312P2275,MA312P2275,103.5,0.0,0.0,0.0,6,103.0,109.5,6,102.0,107.5,115.5,99.5,176.0,19184.0,50
2023-05-11 14:32:07,MA312P2275,MA312P2275,103.5,0.0,0.0,0.0,3,103.5,106.0,3,102.0,107.5,115.5,99.5,176.0,19184.0,50
2023-05-11 14:32:09,MA312P2275,MA312P2275,103.5,0.0,0.0,0.0,3,104.0,106.0,6,102.0,107.5,115.5,99.5,176.0,19184.0,50
2023-05-11 14:32:15,MA312P2275,MA312P2275,103.5,0.0,0.0,0.0,3,104.0,106.0,9,102.0,107.5,115.5,99.5,176.0,19184.0,50
2023-05-11 14:32:19,MA312P2275,MA312P2275,103.5,0.0,0.0,0.0,3,104.0,106.0,6,102.0,107.5,115.5,99.5,176.0,19184.0,50
2023-05-11 14:32:19,MA312P2275,MA312P2275,103.5,0.0,0.0,0.0,3,104.0,106.0,3,102.0,107.5,115.5,99.5,176.0,19184.0,50
2023-05-11 14:32:20,MA312P2275,MA312P2275,103.5,0.0,0.0,0.0,3,105.5,106.0,9,102.0,107.5,115.5,99.5,176.0,19184.0,50
2023-05-11 14:32:20,MA312P2275,MA312P2275,103.5,0.0,0.0,0.0,6,105.5,106.0,6,102.0,107.5,115.5,99.5,176.0,19184.0,50
2023-05-11 14:32:21,MA312P2275,MA312P2275,103.5,0.0,0.0,0.0,9,105.5,106.0,9,102.0,107.5,115.5,99.5,176.0,19184.0,50
2023-05-11 14:32:22,MA312P2275,MA312P2275,103.5,0.0,0.0,0.0,9,105.5,106.0,15,102.0,107.5,115.5,99.5,176.0,19184.0,50
2023-05-11 14:32:27,MA312P2275,MA312P2275,103.5,0.0,0.0,0.0,6,105.5,106.0,12,102.0,107.5,115.5,99.5,176.0,19184.0,50
2023-05-11 14:32:29,MA312P2275,MA312P2275,103.5,0.0,0.0,0.0,6,105.5,106.0,9,102.0,107.5,115.5,99.5,176.0,19184.0,50
2023-05-11 14:32:32,MA312P2275,MA312P2275,103.5,0.0,0.0,0.0,3,105.5,106.0,6,102.0,107.5,115.5,99.5,176.0,19184.0,50
2023-05-11 14:32:32,MA312P2275,MA312P2275,103.5,0.0,0.0,0.0,3,103.0,111.5,3,102.0,107.5,115.5,99.5,176.0,19184.0,50
2023-05-11 14:32:34,MA312P2275,MA312P2275,103.5,0.0,0.0,0.0,3,103.0,0.0,0,102.0,107.5,115.5,99.5,176.0,19184.0,50
2023-05-11 14:37:19,MA312P2275,MA312P2275,103.5,0.0,0.0,0.0,3,103.0,110.5,3,102.0,107.5,115.5,99.5,176.0,19184.0,50
2023-05-11 14:37:20,MA312P2275,MA312P2275,103.5,0.0,0.0,0.0,6,103.0,110.5,6,102.0,107.5,115.5,99.5,176.0,19184.0,50
2023-05-11 14:37:21,MA312P2275,MA312P2275,103.5,0.0,0.0,0.0,3,104.5,107.0,3,102.0,107.5,115.5,99.5,176.0,19184.0,50
2023-05-11 14:37:23,MA312P2275,MA312P2275,103.5,0.0,0.0,0.0,3,104.5,105.5,1,102.0,107.5,115.5,99.5,176.0,19184.0,50
2023-05-11 14:37:24,MA312P2275,MA312P2275,103.5,0.0,0.0,0.0,6,104.5,105.0,3,102.0,107.5,115.5,99.5,176.0,19184.0,50
2023-05-11 14:37:27,MA312P2275,MA312P2275,105.0,3.0,327.0,3.0,3,105.0,107.0,3,102.0,107.5,115.5,99.5,179.0,19511.0,53
2023-05-11 14:37:30,MA312P2275,MA312P2275,105.0,0.0,0.0,0.0,1,106.5,107.0,3,102.0,107.5,115.5,99.5,179.0,19511.0,53
2023-05-11 14:37:33,MA312P2275,MA312P2275,105.0,0.0,0.0,0.0,1,106.5,108.0,3,102.0,107.5,115.5,99.5,179.0,19511.0,53
2023-05-11 14:37:33,MA312P2275,MA312P2275,105.0,0.0,0.0,0.0,4,106.5,108.0,3,102.0,107.5,115.5,99.5,179.0,19511.0,53
2023-05-11 14:37:34,MA312P2275,MA312P2275,105.0,0.0,0.0,0.0,3,107.5,108.0,3,102.0,107.5,115.5,99.5,179.0,19511.0,53
2023-05-11 14:37:35,MA312P2275,MA312P2275,106.5,3.0,327.0,0.0,3,107.0,108.0,3,102.0,107.5,115.5,99.5,182.0,19838.0,53
2023-05-11 14:37:35,MA312P2275,MA312P2275,106.5,0.0,0.0,0.0,9,106.5,108.0,3,102.0,107.5,115.5,99.5,182.0,19838.0,53
2023-05-11 14:37:36,MA312P2275,MA312P2275,106.5,0.0,0.0,0.0,6,106.5,108.0,9,102.0,107.5,115.5,99.5,182.0,19838.0,53
2023-05-11 14:37:36,MA312P2275,MA312P2275,106.5,0.0,0.0,0.0,3,106.5,108.0,9,102.0,107.5,115.5,99.5,182.0,19838.0,53
2023-05-11 14:37:41,MA312P2275,MA312P2275,106.5,0.0,0.0,0.0,3,106.5,108.0,6,102.0,107.5,115.5,99.5,182.0,19838.0,53
2023-05-11 14:37:45,MA312P2275,MA312P2275,106.5,0.0,0.0,0.0,6,106.0,108.0,3,102.0,107.5,115.5,99.5,182.0,19838.0,53
2023-05-11 14:37:46,MA312P2275,MA312P2275,106.5,0.0,0.0,0.0,3,106.0,108.0,3,102.0,107.5,115.5,99.5,182.0,19838.0,53
2023-05-11 14:37:46,MA312P2275,MA312P2275,106.5,0.0,0.0,0.0,3,105.0,113.0,3,102.0,107.5,115.5,99.5,182.0,19838.0,53
2023-05-11 14:37:49,MA312P2275,MA312P2275,106.5,0.0,0.0,0.0,3,105.0,0.0,0,102.0,107.5,115.5,99.5,182.0,19838.0,53
2023-05-11 14:43:12,MA312P2275,MA312P2275,106.5,0.0,0.0,0.0,3,105.0,114.0,3,102.0,107.5,115.5,99.5,182.0,19838.0,53
2023-05-11 14:43:13,MA312P2275,MA312P2275,106.5,0.0,0.0,0.0,6,105.0,114.0,6,102.0,107.5,115.5,99.5,182.0,19838.0,53
2023-05-11 14:43:14,MA312P2275,MA312P2275,106.5,0.0,0.0,0.0,3,107.5,110.0,3,102.0,107.5,115.5,99.5,182.0,19838.0,53
2023-05-11 14:43:17,MA312P2275,MA312P2275,106.5,0.0,0.0,0.0,6,107.5,108.0,3,102.0,107.5,115.5,99.5,182.0,19838.0,53
2023-05-11 14:43:17,MA312P2275,MA312P2275,108.0,3.0,327.0,3.0,3,108.0,108.5,1,102.0,107.5,115.5,99.5,185.0,20165.0,56
2023-05-11 14:43:19,MA312P2275,MA312P2275,108.0,0.0,0.0,0.0,3,108.0,110.0,3,102.0,107.5,115.5,99.5,185.0,20165.0,56
2023-05-11 14:43:26,MA312P2275,MA312P2275,108.0,0.0,0.0,0.0,3,108.0,110.5,3,102.0,107.5,115.5,99.5,185.0,20165.0,56
2023-05-11 14:43:27,MA312P2275,MA312P2275,108.0,0.0,0.0,0.0,3,108.0,111.5,3,102.0,107.5,115.5,99.5,185.0,20165.0,56
2023-05-11 14:43:27,MA312P2275,MA312P2275,108.0,0.0,0.0,0.0,3,110.0,111.0,3,102.0,107.5,115.5,99.5,185.0,20165.0,56
2023-05-11 14:43:28,MA312P2275,MA312P2275,108.0,0.0,0.0,0.0,9,110.0,111.0,9,102.0,107.5,115.5,99.5,185.0,20165.0,56
2023-05-11 14:43:35,MA312P2275,MA312P2275,108.0,0.0,0.0,0.0,6,110.0,111.0,6,102.0,107.5,115.5,99.5,185.0,20165.0,56
2023-05-11 14:43:38,MA312P2275,MA312P2275,108.0,0.0,0.0,0.0,3,110.0,111.0,3,102.0,107.5,115.5,99.5,185.0,20165.0,56
2023-05-11 14:43:39,MA312P2275,MA312P2275,108.0,0.0,0.0,0.0,3,108.0,116.5,3,102.0,107.5,115.5,99.5,185.0,20165.0,56
2023-05-11 14:43:42,MA312P2275,MA312P2275,108.0,0.0,0.0,0.0,3,108.0,0.0,0,102.0,107.5,115.5,99.5,185.0,20165.0,56
2023-05-11 14:49:15,MA312P2275,MA312P2275,108.0,3.0,327.0,0.0,3,105.0,0.0,0,102.0,107.5,115.5,99.5,188.0,20492.0,56
2023-05-11 14:49:19,MA312P2275,MA312P2275,108.0,0.0,0.0,0.0,3,105.0,111.5,3,102.0,107.5,115.5,99.5,188.0,20492.0,56
2023-05-11 14:49:20,MA312P2275,MA312P2275,108.0,0.0,0.0,0.0,6,105.0,111.5,6,102.0,107.5,115.5,99.5,188.0,20492.0,56
2023-05-11 14:49:21,MA312P2275,MA312P2275,108.0,0.0,0.0,0.0,9,105.0,107.5,3,102.0,107.5,115.5,99.5,188.0,20492.0,56
2023-05-11 14:49:24,MA312P2275,MA312P2275,108.0,0.0,0.0,0.0,3,105.5,106.5,1,102.0,107.5,115.5,99.5,188.0,20492.0,56
2023-05-11 14:49:24,MA312P2275,MA312P2275,108.0,0.0,0.0,0.0,12,105.0,106.0,3,102.0,107.5,115.5,99.5,188.0,20492.0,56
2023-05-11 14:49:25,MA312P2275,MA312P2275,108.0,0.0,0.0,0.0,15,105.0,106.0,3,102.0,107.5,115.5,99.5,188.0,20492.0,56
2023-05-11 14:49:26,MA312P2275,MA312P2275,106.0,3.0,327.0,0.0,3,106.0,107.5,3,102.0,107.5,115.5,99.5,191.0,20819.0,56
2023-05-11 14:49:33,MA312P2275,MA312P2275,106.0,0.0,0.0,0.0,3,106.0,108.0,3,102.0,107.5,115.5,99.5,191.0,20819.0,56
2023-05-11 14:49:33,MA312P2275,MA312P2275,106.0,0.0,0.0,0.0,3,106.0,109.0,6,102.0,107.5,115.5,99.5,191.0,20819.0,56
2023-05-11 14:49:34,MA312P2275,MA312P2275,106.0,0.0,0.0,0.0,3,107.5,108.5,3,102.0,107.5,115.5,99.5,191.0,20819.0,56
2023-05-11 14:49:45,MA312P2275,MA312P2275,106.0,0.0,0.0,0.0,6,106.0,109.0,3,102.0,107.5,115.5,99.5,191.0,20819.0,56
2023-05-11 14:49:46,MA312P2275,MA312P2275,106.0,0.0,0.0,0.0,3,106.0,114.0,3,102.0,107.5,115.5,99.5,191.0,20819.0,56
2023-05-11 14:49:49,MA312P2275,MA312P2275,106.0,0.0,0.0,0.0,3,106.0,0.0,0,102.0,107.5,115.5,99.5,191.0,20819.0,56
2023-05-11 14:59:53,MA312P2275,MA312P2275,106.0,0.0,0.0,0.0,1,24.5,0.0,0,102.0,107.5,115.5,99.5,191.0,20819.0,56
2023-05-11 14:59:55,MA312P2275,MA312P2275,106.0,0.0,0.0,0.0,6,25.5,0.0,0,102.0,107.5,115.5,99.5,191.0,20819.0,56
2023-05-11 14:59:58,MA312P2275,MA312P2275,106.0,0.0,0.0,0.0,1,24.5,0.0,0,102.0,107.5,115.5,99.5,191.0,20819.0,56
2023-05-11 14:59:58,MA312P2275,MA312P2275,106.0,0.0,0.0,0.0,1,24.5,0.0,0,102.0,107.5,115.5,99.5,191.0,20819.0,56
