time,symbol_id,symbol_name,last,trade_volume,trade_amount,open_interest_change,bv1,bp1,ap1,av1,yesterday_close,today_open,today_high,today_low,volume,amount,open_interest
2023-05-10 19:12:58,MA311P2275,MA311P2275,114.5,0.0,0.0,-6.0,0,0.0,0.0,0,114.5,109.0,0.0,0.0,0.0,0.0,145
2023-05-10 20:59:00,MA311P2275,MA311P2275,114.5,0.0,0.0,0.0,18,31.0,0.0,0,114.5,109.0,0.0,0.0,0.0,0.0,145
2023-05-10 21:00:53,MA311P2275,MA311P2275,114.5,0.0,0.0,0.0,1,31.5,0.0,0,114.5,109.0,0.0,0.0,0.0,0.0,145
2023-05-10 21:01:32,MA311P2275,MA311P2275,114.5,0.0,0.0,0.0,2,32.0,0.0,0,114.5,109.0,0.0,0.0,0.0,0.0,145
2023-05-10 21:11:10,MA311P2275,MA311P2275,114.5,0.0,0.0,0.0,3,100.5,112.5,3,114.5,109.0,0.0,0.0,0.0,0.0,145
2023-05-10 21:11:11,MA311P2275,MA311P2275,114.5,0.0,0.0,0.0,6,100.5,112.5,6,114.5,109.0,0.0,0.0,0.0,0.0,145
2023-05-10 21:11:12,MA311P2275,MA311P2275,114.5,0.0,0.0,0.0,3,108.0,110.5,3,114.5,109.0,0.0,0.0,0.0,0.0,145
2023-05-10 21:11:15,MA311P2275,MA311P2275,114.5,0.0,0.0,0.0,3,108.5,110.5,6,114.5,109.0,0.0,0.0,0.0,0.0,145
2023-05-10 21:11:16,MA311P2275,MA311P2275,114.5,0.0,0.0,0.0,6,108.5,110.5,9,114.5,109.0,0.0,0.0,0.0,0.0,145
2023-05-10 21:11:18,MA311P2275,MA311P2275,114.5,0.0,0.0,0.0,3,108.5,109.0,4,114.5,109.0,0.0,0.0,0.0,0.0,145
2023-05-10 21:11:18,MA311P2275,MA311P2275,114.5,0.0,0.0,0.0,6,108.5,109.0,7,114.5,109.0,0.0,0.0,0.0,0.0,145
2023-05-10 21:11:19,MA311P2275,MA311P2275,109.0,6.0,654.0,6.0,3,109.0,110.5,3,114.5,109.0,109.0,109.0,6.0,654.0,151
2023-05-10 21:11:22,MA311P2275,MA311P2275,109.0,0.0,0.0,0.0,1,110.0,110.5,3,114.5,109.0,109.0,109.0,6.0,654.0,151
2023-05-10 21:11:24,MA311P2275,MA311P2275,109.0,0.0,0.0,0.0,1,110.0,111.0,3,114.5,109.0,109.0,109.0,6.0,654.0,151
2023-05-10 21:11:25,MA311P2275,MA311P2275,109.0,0.0,0.0,0.0,4,110.0,111.0,3,114.5,109.0,109.0,109.0,6.0,654.0,151
2023-05-10 21:11:25,MA311P2275,MA311P2275,109.0,0.0,0.0,0.0,7,110.0,110.5,3,114.5,109.0,109.0,109.0,6.0,654.0,151
2023-05-10 21:11:26,MA311P2275,MA311P2275,109.0,0.0,0.0,0.0,10,110.0,111.0,9,114.5,109.0,109.0,109.0,6.0,654.0,151
2023-05-10 21:11:26,MA311P2275,MA311P2275,109.0,0.0,0.0,0.0,10,110.0,110.5,3,114.5,109.0,109.0,109.0,6.0,654.0,151
2023-05-10 21:11:27,MA311P2275,MA311P2275,109.0,0.0,0.0,0.0,9,110.0,111.0,9,114.5,109.0,109.0,109.0,6.0,654.0,151
2023-05-10 21:11:27,MA311P2275,MA311P2275,110.0,9.0,988.5,0.0,6,109.5,110.5,6,114.5,109.0,110.0,109.0,15.0,1642.5,151
2023-05-10 21:11:27,MA311P2275,MA311P2275,110.0,0.0,0.0,0.0,3,109.5,110.5,3,114.5,109.0,110.0,109.0,15.0,1642.5,151
2023-05-10 21:11:28,MA311P2275,MA311P2275,110.0,0.0,0.0,0.0,3,109.5,110.0,3,114.5,109.0,110.0,109.0,15.0,1642.5,151
2023-05-10 21:11:37,MA311P2275,MA311P2275,110.0,0.0,0.0,0.0,6,109.0,110.0,3,114.5,109.0,110.0,109.0,15.0,1642.5,151
2023-05-10 21:11:38,MA311P2275,MA311P2275,110.0,0.0,0.0,0.0,3,109.0,111.0,3,114.5,109.0,110.0,109.0,15.0,1642.5,151
2023-05-10 21:11:38,MA311P2275,MA311P2275,110.0,0.0,0.0,0.0,3,109.0,115.5,3,114.5,109.0,110.0,109.0,15.0,1642.5,151
2023-05-10 21:11:40,MA311P2275,MA311P2275,110.0,0.0,0.0,0.0,3,109.0,0.0,0,114.5,109.0,110.0,109.0,15.0,1642.5,151
2023-05-10 21:14:42,MA311P2275,MA311P2275,110.0,0.0,0.0,0.0,3,109.0,115.0,3,114.5,109.0,110.0,109.0,15.0,1642.5,151
2023-05-10 21:14:43,MA311P2275,MA311P2275,110.0,0.0,0.0,0.0,6,109.0,115.0,6,114.5,109.0,110.0,109.0,15.0,1642.5,151
2023-05-10 21:14:44,MA311P2275,MA311P2275,110.0,0.0,0.0,0.0,3,110.5,113.0,3,114.5,109.0,110.0,109.0,15.0,1642.5,151
2023-05-10 21:14:46,MA311P2275,MA311P2275,110.0,0.0,0.0,0.0,3,111.0,113.0,6,114.5,109.0,110.0,109.0,15.0,1642.5,151
2023-05-10 21:14:50,MA311P2275,MA311P2275,110.0,0.0,0.0,0.0,6,110.5,111.5,1,114.5,109.0,110.0,109.0,15.0,1642.5,151
2023-05-10 21:14:50,MA311P2275,MA311P2275,110.0,0.0,0.0,0.0,9,110.5,111.0,3,114.5,109.0,110.0,109.0,15.0,1642.5,151
2023-05-10 21:14:52,MA311P2275,MA311P2275,110.0,0.0,0.0,0.0,12,110.5,111.0,3,114.5,109.0,110.0,109.0,15.0,1642.5,151
2023-05-10 21:14:52,MA311P2275,MA311P2275,111.0,3.0,337.5,3.0,3,111.0,112.0,3,114.5,109.0,111.0,109.0,18.0,1980.0,154
2023-05-10 21:14:53,MA311P2275,MA311P2275,111.0,0.0,0.0,0.0,3,111.0,113.0,6,114.5,109.0,111.0,109.0,18.0,1980.0,154
2023-05-10 21:14:53,MA311P2275,MA311P2275,111.0,0.0,0.0,0.0,3,111.0,113.0,3,114.5,109.0,111.0,109.0,18.0,1980.0,154
2023-05-10 21:14:56,MA311P2275,MA311P2275,111.0,0.0,0.0,0.0,1,112.5,113.5,3,114.5,109.0,111.0,109.0,18.0,1980.0,154
2023-05-10 21:14:56,MA311P2275,MA311P2275,111.0,0.0,0.0,0.0,1,112.5,114.5,3,114.5,109.0,111.0,109.0,18.0,1980.0,154
2023-05-10 21:14:57,MA311P2275,MA311P2275,111.0,0.0,0.0,0.0,4,112.5,113.0,3,114.5,109.0,111.0,109.0,18.0,1980.0,154
2023-05-10 21:14:57,MA311P2275,MA311P2275,111.0,0.0,0.0,0.0,10,112.5,113.0,3,114.5,109.0,111.0,109.0,18.0,1980.0,154
2023-05-10 21:14:57,MA311P2275,MA311P2275,111.0,0.0,0.0,0.0,13,112.5,113.0,3,114.5,109.0,111.0,109.0,18.0,1980.0,154
2023-05-10 21:14:59,MA311P2275,MA311P2275,112.5,3.0,330.0,0.0,9,112.5,113.0,6,114.5,109.0,112.5,109.0,21.0,2310.0,154
2023-05-10 21:14:59,MA311P2275,MA311P2275,112.5,0.0,0.0,0.0,9,112.5,113.0,9,114.5,109.0,112.5,109.0,21.0,2310.0,154
2023-05-10 21:15:00,MA311P2275,MA311P2275,111.0,12.0,1353.0,3.0,3,111.0,113.0,6,114.5,109.0,112.5,109.0,33.0,3663.0,157
2023-05-10 21:15:09,MA311P2275,MA311P2275,111.0,0.0,0.0,0.0,3,109.0,113.0,3,114.5,109.0,112.5,109.0,33.0,3663.0,157
2023-05-10 21:15:56,MA311P2275,MA311P2275,113.0,3.0,333.0,0.0,3,109.0,0.0,0,114.5,109.0,113.0,109.0,36.0,3996.0,157
2023-05-10 21:16:03,MA311P2275,MA311P2275,113.0,0.0,0.0,0.0,3,109.0,114.5,3,114.5,109.0,113.0,109.0,36.0,3996.0,157
2023-05-10 21:16:04,MA311P2275,MA311P2275,113.0,0.0,0.0,0.0,3,109.0,111.5,1,114.5,109.0,113.0,109.0,36.0,3996.0,157
2023-05-10 21:16:04,MA311P2275,MA311P2275,113.0,0.0,0.0,0.0,6,109.0,111.5,1,114.5,109.0,113.0,109.0,36.0,3996.0,157
2023-05-10 21:16:05,MA311P2275,MA311P2275,113.0,0.0,0.0,0.0,3,110.5,111.5,1,114.5,109.0,113.0,109.0,36.0,3996.0,157
2023-05-10 21:16:09,MA311P2275,MA311P2275,113.0,0.0,0.0,0.0,6,110.5,111.0,3,114.5,109.0,113.0,109.0,36.0,3996.0,157
2023-05-10 21:16:10,MA311P2275,MA311P2275,111.0,3.0,333.0,0.0,3,111.0,113.0,3,114.5,109.0,113.0,109.0,39.0,4329.0,157
2023-05-10 21:16:14,MA311P2275,MA311P2275,111.0,0.0,0.0,0.0,3,111.0,111.5,1,114.5,109.0,113.0,109.0,39.0,4329.0,157
2023-05-10 21:16:18,MA311P2275,MA311P2275,111.0,0.0,0.0,0.0,9,111.0,111.5,4,114.5,109.0,113.0,109.0,39.0,4329.0,157
2023-05-10 21:16:18,MA311P2275,MA311P2275,111.0,0.0,0.0,0.0,12,111.0,111.5,7,114.5,109.0,113.0,109.0,39.0,4329.0,157
2023-05-10 21:16:19,MA311P2275,MA311P2275,111.5,3.0,333.0,0.0,15,111.0,111.5,6,114.5,109.0,113.0,109.0,42.0,4662.0,157
2023-05-10 21:16:19,MA311P2275,MA311P2275,111.5,3.0,333.0,-3.0,12,111.0,112.0,3,114.5,109.0,113.0,109.0,45.0,4995.0,154
2023-05-10 21:16:20,MA311P2275,MA311P2275,111.5,0.0,0.0,0.0,15,111.0,112.0,6,114.5,109.0,113.0,109.0,45.0,4995.0,154
2023-05-10 21:16:20,MA311P2275,MA311P2275,111.5,0.0,0.0,0.0,12,111.0,112.0,6,114.5,109.0,113.0,109.0,45.0,4995.0,154
2023-05-10 21:16:23,MA311P2275,MA311P2275,111.5,0.0,0.0,0.0,15,111.0,111.5,1,114.5,109.0,113.0,109.0,45.0,4995.0,154
2023-05-10 21:16:25,MA311P2275,MA311P2275,111.5,0.0,0.0,0.0,12,111.0,112.0,6,114.5,109.0,113.0,109.0,45.0,4995.0,154
2023-05-10 21:16:26,MA311P2275,MA311P2275,112.0,6.0,666.0,6.0,3,111.5,117.5,3,114.5,109.0,113.0,109.0,51.0,5661.0,160
2023-05-10 21:16:29,MA311P2275,MA311P2275,112.0,0.0,0.0,0.0,1,114.0,117.5,3,114.5,109.0,113.0,109.0,51.0,5661.0,160
2023-05-10 21:16:33,MA311P2275,MA311P2275,112.0,0.0,0.0,0.0,3,111.5,0.0,0,114.5,109.0,113.0,109.0,51.0,5661.0,160
2023-05-10 21:17:19,MA311P2275,MA311P2275,112.0,0.0,0.0,0.0,3,111.5,116.0,3,114.5,109.0,113.0,109.0,51.0,5661.0,160
2023-05-10 21:17:20,MA311P2275,MA311P2275,112.0,0.0,0.0,0.0,6,111.5,116.0,6,114.5,109.0,113.0,109.0,51.0,5661.0,160
2023-05-10 21:17:21,MA311P2275,MA311P2275,114.0,3.0,360.0,3.0,1,115.0,116.0,6,114.5,109.0,114.0,109.0,54.0,6021.0,163
2023-05-10 21:17:24,MA311P2275,MA311P2275,114.0,0.0,0.0,0.0,4,115.0,115.5,3,114.5,109.0,114.0,109.0,54.0,6021.0,163
2023-05-10 21:17:25,MA311P2275,MA311P2275,115.5,1.0,111.5,1.0,4,115.0,115.5,2,114.5,109.0,115.5,109.0,55.0,6132.5,164
2023-05-10 21:17:28,MA311P2275,MA311P2275,115.5,0.0,0.0,0.0,3,115.0,115.5,2,114.5,109.0,115.5,109.0,55.0,6132.5,164
2023-05-10 21:17:28,MA311P2275,MA311P2275,115.0,3.0,334.5,-3.0,12,111.5,115.0,3,114.5,109.0,115.5,109.0,58.0,6467.0,161
2023-05-10 21:17:29,MA311P2275,MA311P2275,115.0,0.0,0.0,0.0,15,111.5,115.0,3,114.5,109.0,115.5,109.0,58.0,6467.0,161
2023-05-10 21:17:31,MA311P2275,MA311P2275,115.0,0.0,0.0,0.0,1,114.5,115.0,3,114.5,109.0,115.5,109.0,58.0,6467.0,161
2023-05-10 21:17:34,MA311P2275,MA311P2275,115.0,0.0,0.0,0.0,4,114.5,115.0,6,114.5,109.0,115.5,109.0,58.0,6467.0,161
2023-05-10 21:17:34,MA311P2275,MA311P2275,115.0,0.0,0.0,0.0,10,114.5,115.0,12,114.5,109.0,115.5,109.0,58.0,6467.0,161
2023-05-10 21:17:34,MA311P2275,MA311P2275,115.0,0.0,0.0,0.0,10,114.5,115.0,15,114.5,109.0,115.5,109.0,58.0,6467.0,161
2023-05-10 21:17:36,MA311P2275,MA311P2275,115.0,0.0,0.0,0.0,10,114.5,115.0,18,114.5,109.0,115.5,109.0,58.0,6467.0,161
2023-05-10 21:17:38,MA311P2275,MA311P2275,114.0,10.0,1149.0,-1.0,2,114.0,114.5,1,114.5,109.0,115.5,109.0,68.0,7616.0,160
2023-05-10 21:17:45,MA311P2275,MA311P2275,114.0,0.0,0.0,0.0,3,112.0,114.5,1,114.5,109.0,115.5,109.0,68.0,7616.0,160
2023-05-10 21:17:46,MA311P2275,MA311P2275,114.0,0.0,0.0,0.0,3,111.5,114.5,1,114.5,109.0,115.5,109.0,68.0,7616.0,160
2023-05-10 21:22:30,MA311P2275,MA311P2275,114.5,1.0,112.0,1.0,3,111.5,115.0,3,114.5,109.0,115.5,109.0,69.0,7728.0,161
2023-05-10 21:22:35,MA311P2275,MA311P2275,115.0,3.0,336.0,3.0,3,111.5,0.0,0,114.5,109.0,115.5,109.0,72.0,8064.0,164
2023-05-10 21:22:37,MA311P2275,MA311P2275,115.0,0.0,0.0,0.0,3,111.5,117.0,3,114.5,109.0,115.5,109.0,72.0,8064.0,164
2023-05-10 21:22:38,MA311P2275,MA311P2275,115.0,0.0,0.0,0.0,6,111.5,117.0,6,114.5,109.0,115.5,109.0,72.0,8064.0,164
2023-05-10 21:22:39,MA311P2275,MA311P2275,115.0,0.0,0.0,0.0,3,112.5,115.0,3,114.5,109.0,115.5,109.0,72.0,8064.0,164
2023-05-10 21:22:43,MA311P2275,MA311P2275,115.0,0.0,0.0,0.0,3,113.0,115.0,6,114.5,109.0,115.5,109.0,72.0,8064.0,164
2023-05-10 21:22:43,MA311P2275,MA311P2275,115.0,4.0,486.0,4.0,3,113.0,115.0,2,114.5,109.0,115.5,109.0,76.0,8550.0,168
2023-05-10 21:22:44,MA311P2275,MA311P2275,115.0,0.0,0.0,0.0,6,113.0,115.0,5,114.5,109.0,115.5,109.0,76.0,8550.0,168
2023-05-10 21:22:44,MA311P2275,MA311P2275,115.0,0.0,0.0,0.0,9,113.0,115.0,8,114.5,109.0,115.5,109.0,76.0,8550.0,168
2023-05-10 21:22:45,MA311P2275,MA311P2275,115.0,0.0,0.0,0.0,12,113.0,115.0,8,114.5,109.0,115.5,109.0,76.0,8550.0,168
2023-05-10 21:22:48,MA311P2275,MA311P2275,115.0,0.0,0.0,0.0,15,113.0,115.0,11,114.5,109.0,115.5,109.0,76.0,8550.0,168
2023-05-10 21:22:52,MA311P2275,MA311P2275,115.0,0.0,0.0,0.0,18,113.0,115.0,14,114.5,109.0,115.5,109.0,76.0,8550.0,168
2023-05-10 21:22:53,MA311P2275,MA311P2275,115.0,0.0,0.0,0.0,21,113.0,114.0,6,114.5,109.0,115.5,109.0,76.0,8550.0,168
2023-05-10 21:22:53,MA311P2275,MA311P2275,115.0,0.0,0.0,0.0,21,113.0,114.0,12,114.5,109.0,115.5,109.0,76.0,8550.0,168
2023-05-10 21:22:55,MA311P2275,MA311P2275,115.0,0.0,0.0,0.0,18,113.0,113.5,1,114.5,109.0,115.5,109.0,76.0,8550.0,168
2023-05-10 21:22:55,MA311P2275,MA311P2275,115.0,0.0,0.0,0.0,18,113.0,113.5,7,114.5,109.0,115.5,109.0,76.0,8550.0,168
2023-05-10 21:22:57,MA311P2275,MA311P2275,113.5,6.0,675.0,3.0,12,113.0,114.0,6,114.5,109.0,115.5,109.0,82.0,9225.0,171
2023-05-10 21:22:57,MA311P2275,MA311P2275,113.5,0.0,0.0,0.0,12,113.0,114.0,3,114.5,109.0,115.5,109.0,82.0,9225.0,171
2023-05-10 21:23:00,MA311P2275,MA311P2275,113.5,0.0,0.0,0.0,9,113.0,114.0,3,114.5,109.0,115.5,109.0,82.0,9225.0,171
2023-05-10 21:23:05,MA311P2275,MA311P2275,113.5,0.0,0.0,0.0,6,113.0,115.0,3,114.5,109.0,115.5,109.0,82.0,9225.0,171
2023-05-10 21:23:05,MA311P2275,MA311P2275,113.5,0.0,0.0,0.0,3,113.0,119.5,3,114.5,109.0,115.5,109.0,82.0,9225.0,171
2023-05-10 21:23:07,MA311P2275,MA311P2275,113.5,0.0,0.0,0.0,3,113.0,0.0,0,114.5,109.0,115.5,109.0,82.0,9225.0,171
2023-05-10 21:23:08,MA311P2275,MA311P2275,113.5,0.0,0.0,0.0,3,111.5,0.0,0,114.5,109.0,115.5,109.0,82.0,9225.0,171
2023-05-10 21:23:49,MA311P2275,MA311P2275,113.5,0.0,0.0,0.0,3,111.5,117.5,3,114.5,109.0,115.5,109.0,82.0,9225.0,171
2023-05-10 21:23:50,MA311P2275,MA311P2275,113.5,0.0,0.0,0.0,6,111.5,117.5,6,114.5,109.0,115.5,109.0,82.0,9225.0,171
2023-05-10 21:23:50,MA311P2275,MA311P2275,113.5,0.0,0.0,0.0,4,116.5,117.5,6,114.5,109.0,115.5,109.0,82.0,9225.0,171
2023-05-10 21:23:51,MA311P2275,MA311P2275,115.5,3.0,337.5,3.0,1,116.5,117.5,6,114.5,109.0,115.5,109.0,85.0,9562.5,174
2023-05-10 21:23:53,MA311P2275,MA311P2275,115.5,0.0,0.0,0.0,4,116.5,117.0,3,114.5,109.0,115.5,109.0,85.0,9562.5,174
2023-05-10 21:23:53,MA311P2275,MA311P2275,117.0,1.0,112.5,1.0,4,116.5,117.0,2,114.5,109.0,117.0,109.0,86.0,9675.0,175
2023-05-10 21:23:57,MA311P2275,MA311P2275,116.5,3.0,337.5,-3.0,6,113.0,116.5,3,114.5,109.0,117.0,109.0,89.0,10012.5,172
2023-05-10 21:23:57,MA311P2275,MA311P2275,116.5,0.0,0.0,0.0,9,113.0,116.5,6,114.5,109.0,117.0,109.0,89.0,10012.5,172
2023-05-10 21:24:00,MA311P2275,MA311P2275,116.5,0.0,0.0,0.0,1,116.0,116.5,6,114.5,109.0,117.0,109.0,89.0,10012.5,172
2023-05-10 21:24:04,MA311P2275,MA311P2275,116.5,0.0,0.0,0.0,4,116.0,116.5,15,114.5,109.0,117.0,109.0,89.0,10012.5,172
2023-05-10 21:24:08,MA311P2275,MA311P2275,116.5,0.0,0.0,0.0,4,116.0,116.5,12,114.5,109.0,117.0,109.0,89.0,10012.5,172
2023-05-10 21:24:08,MA311P2275,MA311P2275,115.5,9.0,1061.5,-6.0,6,111.5,114.5,3,114.5,109.0,117.0,109.0,98.0,11074.0,166
2023-05-10 21:24:11,MA311P2275,MA311P2275,115.5,0.0,0.0,0.0,3,111.5,114.5,3,114.5,109.0,117.0,109.0,98.0,11074.0,166
2023-05-10 21:24:15,MA311P2275,MA311P2275,114.5,3.0,339.0,0.0,3,111.5,116.0,3,114.5,109.0,117.0,109.0,101.0,11413.0,166
2023-05-10 21:24:44,MA311P2275,MA311P2275,116.0,3.0,339.0,3.0,3,111.5,116.5,3,114.5,109.0,117.0,109.0,104.0,11752.0,169
2023-05-10 21:24:48,MA311P2275,MA311P2275,116.5,3.0,339.0,3.0,3,111.5,0.0,0,114.5,109.0,117.0,109.0,107.0,12091.0,172
2023-05-10 21:24:57,MA311P2275,MA311P2275,116.5,0.0,0.0,0.0,3,111.5,117.0,3,114.5,109.0,117.0,109.0,107.0,12091.0,172
2023-05-10 21:24:58,MA311P2275,MA311P2275,116.5,0.0,0.0,0.0,6,111.5,117.0,6,114.5,109.0,117.0,109.0,107.0,12091.0,172
2023-05-10 21:24:59,MA311P2275,MA311P2275,116.5,0.0,0.0,0.0,3,112.0,114.5,3,114.5,109.0,117.0,109.0,107.0,12091.0,172
2023-05-10 21:25:01,MA311P2275,MA311P2275,114.5,3.0,394.0,3.0,3,112.5,114.5,3,114.5,109.0,117.0,109.0,110.0,12485.0,175
2023-05-10 21:25:03,MA311P2275,MA311P2275,114.5,3.0,340.5,3.0,3,114.5,117.0,6,114.5,109.0,117.0,109.0,113.0,12825.5,178
2023-05-10 21:25:04,MA311P2275,MA311P2275,114.5,0.0,0.0,0.0,1,116.5,117.0,6,114.5,109.0,117.0,109.0,113.0,12825.5,178
2023-05-10 21:25:07,MA311P2275,MA311P2275,114.5,0.0,0.0,0.0,1,116.5,117.0,9,114.5,109.0,117.0,109.0,113.0,12825.5,178
2023-05-10 21:25:09,MA311P2275,MA311P2275,114.5,0.0,0.0,0.0,1,116.5,117.0,3,114.5,109.0,117.0,109.0,113.0,12825.5,178
2023-05-10 21:25:10,MA311P2275,MA311P2275,114.5,0.0,0.0,0.0,1,116.5,118.0,3,114.5,109.0,117.0,109.0,113.0,12825.5,178
2023-05-10 21:25:10,MA311P2275,MA311P2275,114.5,0.0,0.0,0.0,1,116.5,119.0,3,114.5,109.0,117.0,109.0,113.0,12825.5,178
2023-05-10 21:25:11,MA311P2275,MA311P2275,114.5,0.0,0.0,0.0,1,116.5,120.0,3,114.5,109.0,117.0,109.0,113.0,12825.5,178
2023-05-10 21:25:11,MA311P2275,MA311P2275,114.5,0.0,0.0,0.0,1,116.5,117.0,3,114.5,109.0,117.0,109.0,113.0,12825.5,178
2023-05-10 21:25:12,MA311P2275,MA311P2275,114.5,0.0,0.0,0.0,4,116.5,117.0,9,114.5,109.0,117.0,109.0,113.0,12825.5,178
2023-05-10 21:25:14,MA311P2275,MA311P2275,114.5,0.0,0.0,0.0,4,116.5,117.0,12,114.5,109.0,117.0,109.0,113.0,12825.5,178
2023-05-10 21:25:16,MA311P2275,MA311P2275,116.0,6.0,681.0,-3.0,9,115.5,116.5,3,114.5,109.0,117.0,109.0,119.0,13506.5,175
2023-05-10 21:25:18,MA311P2275,MA311P2275,116.0,0.0,0.0,0.0,1,116.0,116.5,3,114.5,109.0,117.0,109.0,119.0,13506.5,175
2023-05-10 21:25:23,MA311P2275,MA311P2275,115.5,3.0,340.5,0.0,3,114.5,116.5,3,114.5,109.0,117.0,109.0,122.0,13847.0,175
2023-05-10 21:25:27,MA311P2275,MA311P2275,115.5,0.0,0.0,0.0,1,116.0,116.5,3,114.5,109.0,117.0,109.0,122.0,13847.0,175
2023-05-10 21:25:31,MA311P2275,MA311P2275,115.5,0.0,0.0,0.0,3,114.5,116.5,3,114.5,109.0,117.0,109.0,122.0,13847.0,175
2023-05-10 21:25:31,MA311P2275,MA311P2275,114.5,3.0,340.5,-3.0,3,111.5,116.5,3,114.5,109.0,117.0,109.0,125.0,14187.5,172
2023-05-10 21:25:59,MA311P2275,MA311P2275,116.5,3.0,340.5,3.0,3,111.5,0.0,0,114.5,109.0,117.0,109.0,128.0,14528.0,175
2023-05-10 21:26:07,MA311P2275,MA311P2275,116.5,0.0,0.0,0.0,3,111.5,117.0,3,114.5,109.0,117.0,109.0,128.0,14528.0,175
2023-05-10 21:26:08,MA311P2275,MA311P2275,116.5,0.0,0.0,0.0,6,111.5,117.0,6,114.5,109.0,117.0,109.0,128.0,14528.0,175
2023-05-10 21:26:09,MA311P2275,MA311P2275,116.5,0.0,0.0,0.0,3,112.5,115.0,3,114.5,109.0,117.0,109.0,128.0,14528.0,175
2023-05-10 21:26:11,MA311P2275,MA311P2275,115.0,6.0,681.0,6.0,3,115.0,117.0,6,114.5,109.0,117.0,109.0,134.0,15209.0,181
2023-05-10 21:26:12,MA311P2275,MA311P2275,115.0,0.0,0.0,0.0,1,116.5,117.0,6,114.5,109.0,117.0,109.0,134.0,15209.0,181
2023-05-10 21:26:17,MA311P2275,MA311P2275,115.0,0.0,0.0,0.0,1,116.5,117.0,9,114.5,109.0,117.0,109.0,134.0,15209.0,181
2023-05-10 21:26:19,MA311P2275,MA311P2275,115.0,0.0,0.0,0.0,1,116.5,117.0,6,114.5,109.0,117.0,109.0,134.0,15209.0,181
2023-05-10 21:26:19,MA311P2275,MA311P2275,115.0,0.0,0.0,0.0,1,116.5,117.0,3,114.5,109.0,117.0,109.0,134.0,15209.0,181
2023-05-10 21:26:20,MA311P2275,MA311P2275,115.0,0.0,0.0,0.0,1,116.5,118.0,3,114.5,109.0,117.0,109.0,134.0,15209.0,181
2023-05-10 21:26:21,MA311P2275,MA311P2275,115.0,0.0,0.0,0.0,1,116.5,119.0,3,114.5,109.0,117.0,109.0,134.0,15209.0,181
2023-05-10 21:26:21,MA311P2275,MA311P2275,115.0,0.0,0.0,0.0,1,116.5,119.5,3,114.5,109.0,117.0,109.0,134.0,15209.0,181
2023-05-10 21:26:22,MA311P2275,MA311P2275,115.0,0.0,0.0,0.0,4,116.5,117.0,3,114.5,109.0,117.0,109.0,134.0,15209.0,181
2023-05-10 21:26:22,MA311P2275,MA311P2275,115.0,0.0,0.0,0.0,4,116.5,117.0,9,114.5,109.0,117.0,109.0,134.0,15209.0,181
2023-05-10 21:26:22,MA311P2275,MA311P2275,115.0,0.0,0.0,0.0,4,116.5,117.0,12,114.5,109.0,117.0,109.0,134.0,15209.0,181
2023-05-10 21:26:23,MA311P2275,MA311P2275,117.0,1.0,113.5,1.0,4,116.5,117.0,12,114.5,109.0,117.0,109.0,135.0,15322.5,182
2023-05-10 21:26:27,MA311P2275,MA311P2275,115.0,18.0,2119.5,-9.0,6,111.5,115.0,3,114.5,109.0,117.0,109.0,153.0,17442.0,173
2023-05-10 21:26:29,MA311P2275,MA311P2275,115.0,0.0,0.0,0.0,3,111.5,115.0,3,114.5,109.0,117.0,109.0,153.0,17442.0,173
2023-05-10 21:27:19,MA311P2275,MA311P2275,115.0,3.0,342.0,0.0,3,111.5,116.5,3,114.5,109.0,117.0,109.0,156.0,17784.0,173
2023-05-10 21:27:21,MA311P2275,MA311P2275,116.5,3.0,342.0,3.0,3,111.5,0.0,0,114.5,109.0,117.0,109.0,159.0,18126.0,176
2023-05-10 21:27:28,MA311P2275,MA311P2275,116.5,0.0,0.0,0.0,3,111.5,117.5,3,114.5,109.0,117.0,109.0,159.0,18126.0,176
2023-05-10 21:27:29,MA311P2275,MA311P2275,116.5,0.0,0.0,0.0,6,111.5,117.5,6,114.5,109.0,117.0,109.0,159.0,18126.0,176
2023-05-10 21:27:30,MA311P2275,MA311P2275,116.5,0.0,0.0,0.0,3,112.5,115.0,3,114.5,109.0,117.0,109.0,159.0,18126.0,176
2023-05-10 21:27:32,MA311P2275,MA311P2275,115.0,3.0,342.0,3.0,3,112.5,117.5,6,114.5,109.0,117.0,109.0,162.0,18468.0,179
2023-05-10 21:27:33,MA311P2275,MA311P2275,115.0,0.0,0.0,0.0,4,116.5,117.0,3,114.5,109.0,117.0,109.0,162.0,18468.0,179
2023-05-10 21:27:35,MA311P2275,MA311P2275,115.0,0.0,0.0,0.0,4,116.5,117.0,6,114.5,109.0,117.0,109.0,162.0,18468.0,179
2023-05-10 21:27:36,MA311P2275,MA311P2275,117.0,1.0,114.0,1.0,4,116.5,117.0,5,114.5,109.0,117.0,109.0,163.0,18582.0,180
2023-05-10 21:27:40,MA311P2275,MA311P2275,115.0,9.0,1026.0,-3.0,3,113.0,116.5,3,114.5,109.0,117.0,109.0,172.0,19608.0,177
2023-05-10 21:27:43,MA311P2275,MA311P2275,115.0,0.0,0.0,0.0,3,113.0,113.5,3,114.5,109.0,117.0,109.0,172.0,19608.0,177
2023-05-10 21:27:44,MA311P2275,MA311P2275,115.0,1.0,114.0,1.0,6,113.0,113.5,5,114.5,109.0,117.0,109.0,173.0,19722.0,178
2023-05-10 21:27:44,MA311P2275,MA311P2275,115.0,0.0,0.0,0.0,9,113.0,113.5,3,114.5,109.0,117.0,109.0,173.0,19722.0,178
2023-05-10 21:27:46,MA311P2275,MA311P2275,113.5,3.0,342.0,3.0,9,113.0,116.5,6,114.5,109.0,117.0,109.0,176.0,20064.0,181
2023-05-10 21:27:47,MA311P2275,MA311P2275,113.5,0.0,0.0,0.0,6,113.0,116.5,6,114.5,109.0,117.0,109.0,176.0,20064.0,181
2023-05-10 21:27:49,MA311P2275,MA311P2275,113.5,0.0,0.0,0.0,1,116.0,116.5,6,114.5,109.0,117.0,109.0,176.0,20064.0,181
2023-05-10 21:27:53,MA311P2275,MA311P2275,113.5,0.0,0.0,0.0,6,113.0,116.5,6,114.5,109.0,117.0,109.0,176.0,20064.0,181
2023-05-10 21:27:55,MA311P2275,MA311P2275,113.5,0.0,0.0,0.0,3,113.0,116.5,3,114.5,109.0,117.0,109.0,176.0,20064.0,181
2023-05-10 21:27:57,MA311P2275,MA311P2275,113.5,0.0,0.0,0.0,3,111.5,116.5,3,114.5,109.0,117.0,109.0,176.0,20064.0,181
2023-05-10 21:28:41,MA311P2275,MA311P2275,116.5,3.0,342.0,3.0,3,111.5,0.0,0,114.5,109.0,117.0,109.0,179.0,20406.0,184
2023-05-10 21:28:48,MA311P2275,MA311P2275,116.5,0.0,0.0,0.0,3,111.5,117.5,3,114.5,109.0,117.0,109.0,179.0,20406.0,184
2023-05-10 21:28:49,MA311P2275,MA311P2275,116.5,0.0,0.0,0.0,6,111.5,117.5,6,114.5,109.0,117.0,109.0,179.0,20406.0,184
2023-05-10 21:28:50,MA311P2275,MA311P2275,116.5,0.0,0.0,0.0,3,112.5,115.0,3,114.5,109.0,117.0,109.0,179.0,20406.0,184
2023-05-10 21:28:51,MA311P2275,MA311P2275,115.0,3.0,342.0,3.0,3,112.5,117.5,6,114.5,109.0,117.0,109.0,182.0,20748.0,187
2023-05-10 21:28:52,MA311P2275,MA311P2275,115.0,0.0,0.0,0.0,4,116.5,117.0,3,114.5,109.0,117.0,109.0,182.0,20748.0,187
2023-05-10 21:28:55,MA311P2275,MA311P2275,115.0,0.0,0.0,0.0,4,116.5,117.0,6,114.5,109.0,117.0,109.0,182.0,20748.0,187
2023-05-10 21:28:58,MA311P2275,MA311P2275,115.0,0.0,0.0,0.0,4,116.5,117.0,9,114.5,109.0,117.0,109.0,182.0,20748.0,187
2023-05-10 21:29:00,MA311P2275,MA311P2275,115.0,0.0,0.0,0.0,3,116.5,117.0,9,114.5,109.0,117.0,109.0,182.0,20748.0,187
2023-05-10 21:29:00,MA311P2275,MA311P2275,116.5,3.0,342.0,-3.0,3,115.5,116.5,3,114.5,109.0,117.0,109.0,185.0,21090.0,184
2023-05-10 21:29:00,MA311P2275,MA311P2275,116.5,0.0,0.0,0.0,6,114.5,116.5,3,114.5,109.0,117.0,109.0,185.0,21090.0,184
2023-05-10 21:29:01,MA311P2275,MA311P2275,116.5,0.0,0.0,0.0,3,114.5,116.5,3,114.5,109.0,117.0,109.0,185.0,21090.0,184
2023-05-10 21:29:02,MA311P2275,MA311P2275,116.5,0.0,0.0,0.0,1,116.0,116.5,3,114.5,109.0,117.0,109.0,185.0,21090.0,184
2023-05-10 21:29:03,MA311P2275,MA311P2275,115.5,3.0,342.0,3.0,2,115.0,116.5,3,114.5,109.0,117.0,109.0,188.0,21432.0,187
2023-05-10 21:29:03,MA311P2275,MA311P2275,115.5,0.0,0.0,0.0,3,116.0,116.5,9,114.5,109.0,117.0,109.0,188.0,21432.0,187
2023-05-10 21:29:12,MA311P2275,MA311P2275,116.0,3.0,437.5,0.0,2,115.0,116.5,6,114.5,109.0,117.0,109.0,191.0,21869.5,187
2023-05-10 21:29:12,MA311P2275,MA311P2275,114.5,3.0,343.5,-3.0,2,114.5,116.5,6,114.5,109.0,117.0,109.0,194.0,22213.0,184
2023-05-10 21:29:16,MA311P2275,MA311P2275,114.5,0.0,0.0,0.0,1,116.0,116.5,6,114.5,109.0,117.0,109.0,194.0,22213.0,184
2023-05-10 21:29:18,MA311P2275,MA311P2275,114.5,0.0,0.0,0.0,2,114.5,116.5,6,114.5,109.0,117.0,109.0,194.0,22213.0,184
2023-05-10 21:29:22,MA311P2275,MA311P2275,114.5,2.0,229.0,-2.0,3,111.5,116.5,6,114.5,109.0,117.0,109.0,196.0,22442.0,182
2023-05-10 21:29:33,MA311P2275,MA311P2275,114.5,0.0,0.0,0.0,3,111.5,116.5,3,114.5,109.0,117.0,109.0,196.0,22442.0,182
2023-05-10 21:30:01,MA311P2275,MA311P2275,116.5,3.0,343.5,3.0,3,111.5,0.0,0,114.5,109.0,117.0,109.0,199.0,22785.5,185
2023-05-10 21:30:12,MA311P2275,MA311P2275,116.5,0.0,0.0,0.0,3,111.5,118.5,3,114.5,109.0,117.0,109.0,199.0,22785.5,185
2023-05-10 21:30:13,MA311P2275,MA311P2275,116.5,0.0,0.0,0.0,6,111.5,118.5,6,114.5,109.0,117.0,109.0,199.0,22785.5,185
2023-05-10 21:30:15,MA311P2275,MA311P2275,116.5,0.0,0.0,0.0,3,114.0,116.5,3,114.5,109.0,117.0,109.0,199.0,22785.5,185
2023-05-10 21:30:17,MA311P2275,MA311P2275,116.5,0.0,0.0,0.0,3,114.5,116.5,6,114.5,109.0,117.0,109.0,199.0,22785.5,185
2023-05-10 21:30:18,MA311P2275,MA311P2275,116.5,6.0,687.0,6.0,3,116.5,118.5,6,114.5,109.0,117.0,109.0,205.0,23472.5,191
2023-05-10 21:30:19,MA311P2275,MA311P2275,116.5,0.0,0.0,0.0,4,116.5,118.5,6,114.5,109.0,117.0,109.0,205.0,23472.5,191
2023-05-10 21:30:19,MA311P2275,MA311P2275,116.5,0.0,0.0,0.0,4,116.5,118.5,9,114.5,109.0,117.0,109.0,205.0,23472.5,191
2023-05-10 21:30:21,MA311P2275,MA311P2275,116.5,0.0,0.0,0.0,1,118.0,118.5,9,114.5,109.0,117.0,109.0,205.0,23472.5,191
2023-05-10 21:30:23,MA311P2275,MA311P2275,116.5,0.0,0.0,0.0,1,118.0,118.5,12,114.5,109.0,117.0,109.0,205.0,23472.5,191
2023-05-10 21:30:24,MA311P2275,MA311P2275,116.5,0.0,0.0,0.0,1,118.0,118.5,9,114.5,109.0,117.0,109.0,205.0,23472.5,191
2023-05-10 21:30:25,MA311P2275,MA311P2275,116.5,0.0,0.0,0.0,1,118.0,118.5,6,114.5,109.0,117.0,109.0,205.0,23472.5,191
2023-05-10 21:30:26,MA311P2275,MA311P2275,116.5,0.0,0.0,0.0,1,118.0,118.5,3,114.5,109.0,117.0,109.0,205.0,23472.5,191
2023-05-10 21:30:28,MA311P2275,MA311P2275,116.5,0.0,0.0,0.0,1,118.0,118.5,12,114.5,109.0,117.0,109.0,205.0,23472.5,191
2023-05-10 21:30:28,MA311P2275,MA311P2275,116.5,0.0,0.0,0.0,4,118.0,118.5,15,114.5,109.0,117.0,109.0,205.0,23472.5,191
2023-05-10 21:30:30,MA311P2275,MA311P2275,117.5,6.0,687.0,-3.0,3,117.5,118.0,3,114.5,109.0,118.0,109.0,211.0,24159.5,188
2023-05-10 21:30:31,MA311P2275,MA311P2275,117.5,0.0,0.0,0.0,6,116.5,118.0,6,114.5,109.0,118.0,109.0,211.0,24159.5,188
2023-05-10 21:30:31,MA311P2275,MA311P2275,117.5,0.0,0.0,0.0,3,116.5,118.0,9,114.5,109.0,118.0,109.0,211.0,24159.5,188
2023-05-10 21:30:33,MA311P2275,MA311P2275,117.5,0.0,0.0,0.0,1,117.5,118.0,9,114.5,109.0,118.0,109.0,211.0,24159.5,188
2023-05-10 21:30:35,MA311P2275,MA311P2275,117.5,0.0,0.0,0.0,1,117.5,118.0,6,114.5,109.0,118.0,109.0,211.0,24159.5,188
2023-05-10 21:30:37,MA311P2275,MA311P2275,116.0,6.0,687.0,-3.0,3,111.5,118.0,6,114.5,109.0,118.0,109.0,217.0,24846.5,185
2023-05-10 21:30:48,MA311P2275,MA311P2275,116.0,0.0,0.0,0.0,3,111.5,118.0,3,114.5,109.0,118.0,109.0,217.0,24846.5,185
2023-05-10 21:31:22,MA311P2275,MA311P2275,118.0,3.0,343.5,3.0,3,111.5,0.0,0,114.5,109.0,118.0,109.0,220.0,25190.0,188
2023-05-10 21:31:30,MA311P2275,MA311P2275,118.0,0.0,0.0,0.0,3,111.5,118.0,3,114.5,109.0,118.0,109.0,220.0,25190.0,188
2023-05-10 21:31:31,MA311P2275,MA311P2275,118.0,0.0,0.0,0.0,6,111.5,118.0,6,114.5,109.0,118.0,109.0,220.0,25190.0,188
2023-05-10 21:31:32,MA311P2275,MA311P2275,118.0,0.0,0.0,0.0,3,113.5,116.0,3,114.5,109.0,118.0,109.0,220.0,25190.0,188
2023-05-10 21:31:34,MA311P2275,MA311P2275,116.0,3.0,343.5,3.0,3,113.5,118.0,6,114.5,109.0,118.0,109.0,223.0,25533.5,191
2023-05-10 21:31:35,MA311P2275,MA311P2275,116.0,0.0,0.0,0.0,3,114.0,117.0,3,114.5,109.0,118.0,109.0,223.0,25533.5,191
2023-05-10 21:31:36,MA311P2275,MA311P2275,117.0,1.0,114.5,1.0,3,114.0,117.0,2,114.5,109.0,118.0,109.0,224.0,25648.0,192
2023-05-10 21:31:37,MA311P2275,MA311P2275,117.0,0.0,0.0,0.0,6,114.0,117.0,2,114.5,109.0,118.0,109.0,224.0,25648.0,192
2023-05-10 21:31:39,MA311P2275,MA311P2275,117.0,0.0,0.0,0.0,1,116.5,118.0,6,114.5,109.0,118.0,109.0,224.0,25648.0,192
2023-05-10 21:31:40,MA311P2275,MA311P2275,117.0,0.0,0.0,0.0,1,116.5,118.0,9,114.5,109.0,118.0,109.0,224.0,25648.0,192
2023-05-10 21:31:42,MA311P2275,MA311P2275,117.0,0.0,0.0,0.0,1,116.5,118.0,3,114.5,109.0,118.0,109.0,224.0,25648.0,192
2023-05-10 21:31:43,MA311P2275,MA311P2275,117.0,0.0,0.0,0.0,1,117.5,119.0,3,114.5,109.0,118.0,109.0,224.0,25648.0,192
2023-05-10 21:31:43,MA311P2275,MA311P2275,117.0,0.0,0.0,0.0,1,117.5,120.0,3,114.5,109.0,118.0,109.0,224.0,25648.0,192
2023-05-10 21:31:44,MA311P2275,MA311P2275,117.0,0.0,0.0,0.0,1,117.5,121.0,3,114.5,109.0,118.0,109.0,224.0,25648.0,192
2023-05-10 21:31:45,MA311P2275,MA311P2275,117.0,0.0,0.0,0.0,4,117.5,118.0,3,114.5,109.0,118.0,109.0,224.0,25648.0,192
2023-05-10 21:31:46,MA311P2275,MA311P2275,117.0,0.0,0.0,0.0,7,117.5,118.0,3,114.5,109.0,118.0,109.0,224.0,25648.0,192
2023-05-10 21:31:46,MA311P2275,MA311P2275,117.0,0.0,0.0,0.0,10,117.5,118.0,3,114.5,109.0,118.0,109.0,224.0,25648.0,192
2023-05-10 21:31:47,MA311P2275,MA311P2275,117.0,0.0,0.0,0.0,10,117.5,118.0,9,114.5,109.0,118.0,109.0,224.0,25648.0,192
2023-05-10 21:31:49,MA311P2275,MA311P2275,117.0,0.0,0.0,0.0,9,117.5,118.0,9,114.5,109.0,118.0,109.0,224.0,25648.0,192
2023-05-10 21:31:49,MA311P2275,MA311P2275,117.0,9.0,1030.5,-3.0,3,116.5,118.0,9,114.5,109.0,118.0,109.0,233.0,26678.5,189
2023-05-10 21:31:54,MA311P2275,MA311P2275,117.0,0.0,0.0,0.0,1,117.5,118.0,9,114.5,109.0,118.0,109.0,233.0,26678.5,189
2023-05-10 21:31:57,MA311P2275,MA311P2275,117.0,0.0,0.0,0.0,1,117.5,118.0,6,114.5,109.0,118.0,109.0,233.0,26678.5,189
2023-05-10 21:31:59,MA311P2275,MA311P2275,117.0,0.0,0.0,0.0,6,111.5,118.0,6,114.5,109.0,118.0,109.0,233.0,26678.5,189
2023-05-10 21:32:00,MA311P2275,MA311P2275,117.0,0.0,0.0,0.0,3,111.5,118.0,6,114.5,109.0,118.0,109.0,233.0,26678.5,189
2023-05-10 21:32:01,MA311P2275,MA311P2275,117.0,0.0,0.0,0.0,3,111.5,118.0,3,114.5,109.0,118.0,109.0,233.0,26678.5,189
2023-05-10 21:32:09,MA311P2275,MA311P2275,117.0,0.0,0.0,0.0,3,111.5,0.0,0,114.5,109.0,118.0,109.0,233.0,26678.5,189
2023-05-10 21:32:41,MA311P2275,MA311P2275,117.0,0.0,0.0,0.0,3,111.5,118.0,3,114.5,109.0,118.0,109.0,233.0,26678.5,189
2023-05-10 21:32:42,MA311P2275,MA311P2275,117.0,0.0,0.0,0.0,6,111.5,118.0,6,114.5,109.0,118.0,109.0,233.0,26678.5,189
2023-05-10 21:32:43,MA311P2275,MA311P2275,117.0,0.0,0.0,0.0,3,114.0,116.5,3,114.5,109.0,118.0,109.0,233.0,26678.5,189
2023-05-10 21:32:46,MA311P2275,MA311P2275,117.0,0.0,0.0,0.0,3,114.5,116.5,6,114.5,109.0,118.0,109.0,233.0,26678.5,189
2023-05-10 21:32:48,MA311P2275,MA311P2275,117.0,0.0,0.0,0.0,6,114.5,116.5,9,114.5,109.0,118.0,109.0,233.0,26678.5,189
2023-05-10 21:32:49,MA311P2275,MA311P2275,117.0,0.0,0.0,0.0,9,114.5,116.5,9,114.5,109.0,118.0,109.0,233.0,26678.5,189
2023-05-10 21:32:49,MA311P2275,MA311P2275,117.0,0.0,0.0,0.0,1,116.0,116.5,6,114.5,109.0,118.0,109.0,233.0,26678.5,189
2023-05-10 21:32:49,MA311P2275,MA311P2275,117.0,0.0,0.0,0.0,4,116.0,116.5,9,114.5,109.0,118.0,109.0,233.0,26678.5,189
2023-05-10 21:32:51,MA311P2275,MA311P2275,116.5,3.0,343.5,0.0,4,116.0,116.5,6,114.5,109.0,118.0,109.0,236.0,27022.0,189
2023-05-10 21:32:51,MA311P2275,MA311P2275,116.5,0.0,0.0,0.0,4,116.0,116.5,9,114.5,109.0,118.0,109.0,236.0,27022.0,189
2023-05-10 21:32:56,MA311P2275,MA311P2275,116.5,0.0,0.0,0.0,4,116.0,116.5,12,114.5,109.0,118.0,109.0,236.0,27022.0,189
2023-05-10 21:32:56,MA311P2275,MA311P2275,116.5,0.0,0.0,0.0,10,116.0,116.5,15,114.5,109.0,118.0,109.0,236.0,27022.0,189
2023-05-10 21:32:57,MA311P2275,MA311P2275,116.0,3.0,343.5,-2.0,4,116.0,116.5,18,114.5,109.0,118.0,109.0,239.0,27365.5,187
2023-05-10 21:32:58,MA311P2275,MA311P2275,115.5,7.0,924.5,-1.0,6,115.5,116.0,4,114.5,109.0,118.0,109.0,246.0,28290.0,186
2023-05-10 21:32:58,MA311P2275,MA311P2275,115.5,0.0,0.0,0.0,3,115.0,116.0,10,114.5,109.0,118.0,109.0,246.0,28290.0,186
2023-05-10 21:33:03,MA311P2275,MA311P2275,115.5,0.0,0.0,0.0,3,115.0,116.0,7,114.5,109.0,118.0,109.0,246.0,28290.0,186
2023-05-10 21:33:09,MA311P2275,MA311P2275,115.5,0.0,0.0,0.0,3,111.5,116.0,4,114.5,109.0,118.0,109.0,246.0,28290.0,186
2023-05-10 21:33:17,MA311P2275,MA311P2275,116.0,4.0,460.0,1.0,3,111.5,0.0,0,114.5,109.0,118.0,109.0,250.0,28750.0,187
2023-05-10 21:33:43,MA311P2275,MA311P2275,116.0,0.0,0.0,0.0,3,111.5,119.0,3,114.5,109.0,118.0,109.0,250.0,28750.0,187
2023-05-10 21:33:44,MA311P2275,MA311P2275,116.0,0.0,0.0,0.0,6,111.5,119.0,6,114.5,109.0,118.0,109.0,250.0,28750.0,187
2023-05-10 21:33:45,MA311P2275,MA311P2275,116.0,0.0,0.0,0.0,3,114.0,116.5,3,114.5,109.0,118.0,109.0,250.0,28750.0,187
2023-05-10 21:33:47,MA311P2275,MA311P2275,116.5,3.0,345.0,3.0,1,118.0,119.0,6,114.5,109.0,118.0,109.0,253.0,29095.0,190
2023-05-10 21:33:48,MA311P2275,MA311P2275,116.5,0.0,0.0,0.0,4,118.0,118.5,3,114.5,109.0,118.0,109.0,253.0,29095.0,190
2023-05-10 21:33:52,MA311P2275,MA311P2275,118.0,3.0,345.0,1.0,1,118.0,118.5,3,114.5,109.0,118.0,109.0,256.0,29440.0,191
2023-05-10 21:33:55,MA311P2275,MA311P2275,117.5,4.0,460.0,-1.0,3,115.0,118.0,1,114.5,109.0,118.0,109.0,260.0,29900.0,190
2023-05-10 21:33:59,MA311P2275,MA311P2275,117.5,1.0,115.0,1.0,3,115.0,115.5,2,114.5,109.0,118.0,109.0,261.0,30015.0,191
2023-05-10 21:33:59,MA311P2275,MA311P2275,117.5,0.0,0.0,0.0,6,115.0,115.5,3,114.5,109.0,118.0,109.0,261.0,30015.0,191
2023-05-10 21:34:00,MA311P2275,MA311P2275,115.5,3.0,345.0,0.0,3,117.0,118.0,1,114.5,109.0,118.0,109.0,264.0,30360.0,191
2023-05-10 21:34:03,MA311P2275,MA311P2275,117.0,3.0,345.0,-3.0,3,113.0,118.0,1,114.5,109.0,118.0,109.0,267.0,30705.0,188
2023-05-10 21:34:05,MA311P2275,MA311P2275,117.0,0.0,0.0,0.0,3,112.0,118.0,1,114.5,109.0,118.0,109.0,267.0,30705.0,188
2023-05-10 21:34:06,MA311P2275,MA311P2275,117.0,0.0,0.0,0.0,3,111.5,118.0,1,114.5,109.0,118.0,109.0,267.0,30705.0,188
2023-05-10 21:34:46,MA311P2275,MA311P2275,118.0,1.0,115.0,1.0,3,111.5,0.0,0,114.5,109.0,118.0,109.0,268.0,30820.0,189
2023-05-10 21:34:53,MA311P2275,MA311P2275,118.0,0.0,0.0,0.0,3,111.5,119.5,3,114.5,109.0,118.0,109.0,268.0,30820.0,189
2023-05-10 21:34:54,MA311P2275,MA311P2275,118.0,0.0,0.0,0.0,6,111.5,119.5,6,114.5,109.0,118.0,109.0,268.0,30820.0,189
2023-05-10 21:34:55,MA311P2275,MA311P2275,118.0,0.0,0.0,0.0,3,114.5,117.0,3,114.5,109.0,118.0,109.0,268.0,30820.0,189
2023-05-10 21:34:57,MA311P2275,MA311P2275,117.0,3.0,345.0,3.0,3,114.5,119.5,6,114.5,109.0,118.0,109.0,271.0,31165.0,192
2023-05-10 21:34:58,MA311P2275,MA311P2275,117.0,0.0,0.0,0.0,1,117.5,119.0,3,114.5,109.0,118.0,109.0,271.0,31165.0,192
2023-05-10 21:34:58,MA311P2275,MA311P2275,117.0,0.0,0.0,0.0,1,117.5,119.5,6,114.5,109.0,118.0,109.0,271.0,31165.0,192
2023-05-10 21:34:59,MA311P2275,MA311P2275,117.0,0.0,0.0,0.0,3,118.0,119.5,9,114.5,109.0,118.0,109.0,271.0,31165.0,192
2023-05-10 21:35:02,MA311P2275,MA311P2275,117.0,0.0,0.0,0.0,1,118.5,119.5,9,114.5,109.0,118.0,109.0,271.0,31165.0,192
2023-05-10 21:35:03,MA311P2275,MA311P2275,117.0,0.0,0.0,0.0,4,118.5,119.0,3,114.5,109.0,118.0,109.0,271.0,31165.0,192
2023-05-10 21:35:03,MA311P2275,MA311P2275,118.5,3.0,345.0,1.0,1,118.5,119.0,6,114.5,109.0,118.5,109.0,274.0,31510.0,193
2023-05-10 21:35:03,MA311P2275,MA311P2275,118.5,0.0,0.0,0.0,1,118.5,119.0,9,114.5,109.0,118.5,109.0,274.0,31510.0,193
2023-05-10 21:35:08,MA311P2275,MA311P2275,117.0,13.0,1495.0,-4.0,3,115.5,117.0,3,114.5,109.0,118.5,109.0,287.0,33005.0,189
2023-05-10 21:35:09,MA311P2275,MA311P2275,117.0,3.0,345.0,-3.0,3,115.5,117.5,3,114.5,109.0,118.5,109.0,290.0,33350.0,186
2023-05-10 21:35:10,MA311P2275,MA311P2275,117.0,0.0,0.0,0.0,6,115.5,117.5,6,114.5,109.0,118.5,109.0,290.0,33350.0,186
2023-05-10 21:35:12,MA311P2275,MA311P2275,117.0,0.0,0.0,0.0,3,115.5,117.5,6,114.5,109.0,118.5,109.0,290.0,33350.0,186
2023-05-10 21:35:20,MA311P2275,MA311P2275,117.0,0.0,0.0,0.0,3,115.5,117.5,3,114.5,109.0,118.5,109.0,290.0,33350.0,186
2023-05-10 21:35:21,MA311P2275,MA311P2275,117.0,0.0,0.0,0.0,3,111.5,118.5,4,114.5,109.0,118.5,109.0,290.0,33350.0,186
2023-05-10 21:39:24,MA311P2275,MA311P2275,117.0,0.0,0.0,0.0,3,111.5,118.5,1,114.5,109.0,118.5,109.0,290.0,33350.0,186
2023-05-10 21:43:38,MA311P2275,MA311P2275,118.5,1.0,115.0,1.0,3,111.5,0.0,0,114.5,109.0,118.5,109.0,291.0,33465.0,187
2023-05-10 22:08:07,MA311P2275,MA311P2275,118.5,0.0,0.0,0.0,1,112.0,0.0,0,114.5,109.0,118.5,109.0,291.0,33465.0,187
2023-05-10 22:08:08,MA311P2275,MA311P2275,118.5,0.0,0.0,0.0,1,112.0,123.0,3,114.5,109.0,118.5,109.0,291.0,33465.0,187
2023-05-10 22:08:09,MA311P2275,MA311P2275,118.5,0.0,0.0,0.0,4,112.0,123.0,6,114.5,109.0,118.5,109.0,291.0,33465.0,187
2023-05-10 22:08:10,MA311P2275,MA311P2275,118.5,0.0,0.0,0.0,3,118.0,120.5,3,114.5,109.0,118.5,109.0,291.0,33465.0,187
2023-05-10 22:08:13,MA311P2275,MA311P2275,118.5,0.0,0.0,0.0,3,118.5,120.5,6,114.5,109.0,118.5,109.0,291.0,33465.0,187
2023-05-10 22:08:15,MA311P2275,MA311P2275,118.5,0.0,0.0,0.0,6,118.5,120.5,9,114.5,109.0,118.5,109.0,291.0,33465.0,187
2023-05-10 22:08:18,MA311P2275,MA311P2275,118.5,0.0,0.0,0.0,9,118.5,120.5,12,114.5,109.0,118.5,109.0,291.0,33465.0,187
2023-05-10 22:08:22,MA311P2275,MA311P2275,118.5,0.0,0.0,0.0,9,118.5,120.5,9,114.5,109.0,118.5,109.0,291.0,33465.0,187
2023-05-10 22:08:23,MA311P2275,MA311P2275,118.5,0.0,0.0,0.0,12,118.5,120.5,12,114.5,109.0,118.5,109.0,291.0,33465.0,187
2023-05-10 22:08:23,MA311P2275,MA311P2275,118.5,0.0,0.0,0.0,9,118.5,119.0,3,114.5,109.0,118.5,109.0,291.0,33465.0,187
2023-05-10 22:08:24,MA311P2275,MA311P2275,118.5,0.0,0.0,0.0,12,118.5,119.0,3,114.5,109.0,118.5,109.0,291.0,33465.0,187
2023-05-10 22:08:24,MA311P2275,MA311P2275,118.5,0.0,0.0,0.0,15,118.5,119.0,3,114.5,109.0,118.5,109.0,291.0,33465.0,187
2023-05-10 22:08:26,MA311P2275,MA311P2275,118.5,0.0,0.0,0.0,12,118.5,119.0,3,114.5,109.0,118.5,109.0,291.0,33465.0,187
2023-05-10 22:08:30,MA311P2275,MA311P2275,118.5,0.0,0.0,0.0,9,118.5,119.0,3,114.5,109.0,118.5,109.0,291.0,33465.0,187
2023-05-10 22:08:35,MA311P2275,MA311P2275,118.5,0.0,0.0,0.0,3,118.5,119.5,6,114.5,109.0,118.5,109.0,291.0,33465.0,187
2023-05-10 22:08:36,MA311P2275,MA311P2275,118.5,0.0,0.0,0.0,3,118.5,119.5,3,114.5,109.0,118.5,109.0,291.0,33465.0,187
2023-05-10 22:08:37,MA311P2275,MA311P2275,118.5,0.0,0.0,0.0,3,112.5,125.0,3,114.5,109.0,118.5,109.0,291.0,33465.0,187
2023-05-10 22:08:38,MA311P2275,MA311P2275,118.5,0.0,0.0,0.0,3,111.5,0.0,0,114.5,109.0,118.5,109.0,291.0,33465.0,187
2023-05-10 22:10:02,MA311P2275,MA311P2275,118.5,0.0,0.0,0.0,3,111.5,123.0,3,114.5,109.0,118.5,109.0,291.0,33465.0,187
2023-05-10 22:10:03,MA311P2275,MA311P2275,118.5,0.0,0.0,0.0,6,111.5,123.0,6,114.5,109.0,118.5,109.0,291.0,33465.0,187
2023-05-10 22:10:03,MA311P2275,MA311P2275,118.5,0.0,0.0,0.0,3,118.0,120.5,3,114.5,109.0,118.5,109.0,291.0,33465.0,187
2023-05-10 22:10:06,MA311P2275,MA311P2275,118.5,0.0,0.0,0.0,3,118.5,120.5,6,114.5,109.0,118.5,109.0,291.0,33465.0,187
2023-05-10 22:10:11,MA311P2275,MA311P2275,118.5,0.0,0.0,0.0,3,118.5,119.5,1,114.5,109.0,118.5,109.0,291.0,33465.0,187
2023-05-10 22:10:11,MA311P2275,MA311P2275,118.5,0.0,0.0,0.0,9,118.0,119.0,3,114.5,109.0,118.5,109.0,291.0,33465.0,187
2023-05-10 22:10:12,MA311P2275,MA311P2275,118.5,0.0,0.0,0.0,12,118.0,119.0,3,114.5,109.0,118.5,109.0,291.0,33465.0,187
2023-05-10 22:10:12,MA311P2275,MA311P2275,119.5,6.0,838.5,-2.0,3,119.0,120.5,3,114.5,109.0,119.5,109.0,297.0,34303.5,185
2023-05-10 22:10:15,MA311P2275,MA311P2275,119.5,0.0,0.0,0.0,3,119.0,126.0,3,114.5,109.0,119.5,109.0,297.0,34303.5,185
2023-05-10 22:10:16,MA311P2275,MA311P2275,119.5,0.0,0.0,0.0,3,119.0,127.5,3,114.5,109.0,119.5,109.0,297.0,34303.5,185
2023-05-10 22:10:16,MA311P2275,MA311P2275,119.5,0.0,0.0,0.0,3,119.0,119.5,3,114.5,109.0,119.5,109.0,297.0,34303.5,185
2023-05-10 22:10:17,MA311P2275,MA311P2275,119.5,3.0,346.5,0.0,6,119.0,119.5,3,114.5,109.0,119.5,109.0,300.0,34650.0,185
2023-05-10 22:10:18,MA311P2275,MA311P2275,120.0,6.0,693.0,0.0,3,120.0,127.5,3,114.5,109.0,120.0,109.0,306.0,35343.0,185
2023-05-10 22:10:19,MA311P2275,MA311P2275,120.0,1.0,115.5,0.0,5,120.0,127.5,6,114.5,109.0,120.0,109.0,307.0,35458.5,185
2023-05-10 22:10:21,MA311P2275,MA311P2275,120.0,1.0,115.5,0.0,4,120.0,127.5,6,114.5,109.0,120.0,109.0,308.0,35574.0,185
2023-05-10 22:10:24,MA311P2275,MA311P2275,120.0,0.0,0.0,0.0,4,120.0,127.5,3,114.5,109.0,120.0,109.0,308.0,35574.0,185
2023-05-10 22:10:29,MA311P2275,MA311P2275,120.0,0.0,0.0,0.0,1,120.0,130.5,3,114.5,109.0,120.0,109.0,308.0,35574.0,185
2023-05-10 22:10:31,MA311P2275,MA311P2275,120.0,0.0,0.0,0.0,1,120.0,0.0,0,114.5,109.0,120.0,109.0,308.0,35574.0,185
2023-05-10 22:11:08,MA311P2275,MA311P2275,120.0,1.0,115.5,0.0,6,119.0,0.0,0,114.5,109.0,120.0,109.0,309.0,35689.5,185
2023-05-10 22:11:13,MA311P2275,MA311P2275,120.0,0.0,0.0,0.0,6,119.0,124.5,3,114.5,109.0,120.0,109.0,309.0,35689.5,185
2023-05-10 22:11:14,MA311P2275,MA311P2275,120.0,0.0,0.0,0.0,9,119.0,120.0,1,114.5,109.0,120.0,109.0,309.0,35689.5,185
2023-05-10 22:11:15,MA311P2275,MA311P2275,120.0,0.0,0.0,0.0,12,119.0,120.0,1,114.5,109.0,120.0,109.0,309.0,35689.5,185
2023-05-10 22:11:18,MA311P2275,MA311P2275,120.0,0.0,0.0,0.0,15,119.0,119.5,3,114.5,109.0,120.0,109.0,309.0,35689.5,185
2023-05-10 22:11:19,MA311P2275,MA311P2275,119.5,3.0,346.5,0.0,3,119.5,121.5,3,114.5,109.0,120.0,109.0,312.0,36036.0,185
2023-05-10 22:11:23,MA311P2275,MA311P2275,119.5,0.0,0.0,0.0,3,119.5,120.5,1,114.5,109.0,120.0,109.0,312.0,36036.0,185
2023-05-10 22:11:29,MA311P2275,MA311P2275,119.5,0.0,0.0,0.0,6,119.5,120.0,3,114.5,109.0,120.0,109.0,312.0,36036.0,185
2023-05-10 22:11:29,MA311P2275,MA311P2275,119.5,0.0,0.0,0.0,9,119.5,120.5,4,114.5,109.0,120.0,109.0,312.0,36036.0,185
2023-05-10 22:11:30,MA311P2275,MA311P2275,119.5,0.0,0.0,0.0,9,119.5,120.0,3,114.5,109.0,120.0,109.0,312.0,36036.0,185
2023-05-10 22:11:30,MA311P2275,MA311P2275,119.5,0.0,0.0,0.0,9,119.5,120.5,7,114.5,109.0,120.0,109.0,312.0,36036.0,185
2023-05-10 22:11:31,MA311P2275,MA311P2275,119.5,0.0,0.0,0.0,12,119.5,120.0,3,114.5,109.0,120.0,109.0,312.0,36036.0,185
2023-05-10 22:11:31,MA311P2275,MA311P2275,119.5,0.0,0.0,0.0,12,119.5,120.5,4,114.5,109.0,120.0,109.0,312.0,36036.0,185
2023-05-10 22:11:32,MA311P2275,MA311P2275,120.0,1.0,115.5,0.0,13,119.5,120.0,2,114.5,109.0,120.0,109.0,313.0,36151.5,185
2023-05-10 22:11:32,MA311P2275,MA311P2275,120.0,0.0,0.0,0.0,13,119.5,120.5,3,114.5,109.0,120.0,109.0,313.0,36151.5,185
2023-05-10 22:11:36,MA311P2275,MA311P2275,120.0,0.0,0.0,0.0,10,119.5,120.5,3,114.5,109.0,120.0,109.0,313.0,36151.5,185
2023-05-10 22:11:41,MA311P2275,MA311P2275,120.0,0.0,0.0,0.0,4,119.5,126.5,3,114.5,109.0,120.0,109.0,313.0,36151.5,185
2023-05-10 22:11:43,MA311P2275,MA311P2275,120.0,0.0,0.0,0.0,4,119.5,0.0,0,114.5,109.0,120.0,109.0,313.0,36151.5,185
2023-05-10 22:18:02,MA311P2275,MA311P2275,120.0,0.0,0.0,0.0,4,119.5,126.5,3,114.5,109.0,120.0,109.0,313.0,36151.5,185
2023-05-10 22:18:03,MA311P2275,MA311P2275,120.0,0.0,0.0,0.0,7,119.5,126.5,6,114.5,109.0,120.0,109.0,313.0,36151.5,185
2023-05-10 22:18:04,MA311P2275,MA311P2275,120.0,0.0,0.0,0.0,3,121.5,124.0,3,114.5,109.0,120.0,109.0,313.0,36151.5,185
2023-05-10 22:18:07,MA311P2275,MA311P2275,120.0,0.0,0.0,0.0,3,122.0,124.0,6,114.5,109.0,120.0,109.0,313.0,36151.5,185
2023-05-10 22:18:09,MA311P2275,MA311P2275,120.0,0.0,0.0,0.0,6,122.0,124.0,9,114.5,109.0,120.0,109.0,313.0,36151.5,185
2023-05-10 22:18:12,MA311P2275,MA311P2275,120.0,0.0,0.0,0.0,6,122.0,122.5,1,114.5,109.0,120.0,109.0,313.0,36151.5,185
2023-05-10 22:18:12,MA311P2275,MA311P2275,120.0,0.0,0.0,0.0,6,122.0,122.5,4,114.5,109.0,120.0,109.0,313.0,36151.5,185
2023-05-10 22:18:12,MA311P2275,MA311P2275,120.0,0.0,0.0,0.0,9,122.0,122.5,4,114.5,109.0,120.0,109.0,313.0,36151.5,185
2023-05-10 22:18:14,MA311P2275,MA311P2275,122.5,3.0,346.5,3.0,3,122.5,123.5,3,114.5,109.0,122.5,109.0,316.0,36498.0,188
2023-05-10 22:18:14,MA311P2275,MA311P2275,122.5,0.0,0.0,0.0,3,122.5,124.0,9,114.5,109.0,122.5,109.0,316.0,36498.0,188
2023-05-10 22:18:16,MA311P2275,MA311P2275,122.5,0.0,0.0,0.0,3,122.5,124.0,6,114.5,109.0,122.5,109.0,316.0,36498.0,188
2023-05-10 22:18:17,MA311P2275,MA311P2275,122.5,0.0,0.0,0.0,6,122.5,123.0,3,114.5,109.0,122.5,109.0,316.0,36498.0,188
2023-05-10 22:18:17,MA311P2275,MA311P2275,122.5,0.0,0.0,0.0,9,122.5,123.5,3,114.5,109.0,122.5,109.0,316.0,36498.0,188
2023-05-10 22:18:17,MA311P2275,MA311P2275,122.5,0.0,0.0,0.0,9,122.5,123.0,3,114.5,109.0,122.5,109.0,316.0,36498.0,188
2023-05-10 22:18:18,MA311P2275,MA311P2275,122.5,0.0,0.0,0.0,9,122.5,123.5,6,114.5,109.0,122.5,109.0,316.0,36498.0,188
2023-05-10 22:18:18,MA311P2275,MA311P2275,122.5,0.0,0.0,0.0,9,122.5,123.0,3,114.5,109.0,122.5,109.0,316.0,36498.0,188
2023-05-10 22:18:19,MA311P2275,MA311P2275,122.5,0.0,0.0,0.0,9,122.5,123.5,3,114.5,109.0,122.5,109.0,316.0,36498.0,188
2023-05-10 22:18:20,MA311P2275,MA311P2275,122.5,0.0,0.0,0.0,9,122.5,123.0,3,114.5,109.0,122.5,109.0,316.0,36498.0,188
2023-05-10 22:18:20,MA311P2275,MA311P2275,122.5,0.0,0.0,0.0,9,122.5,123.5,3,114.5,109.0,122.5,109.0,316.0,36498.0,188
2023-05-10 22:18:21,MA311P2275,MA311P2275,122.5,0.0,0.0,0.0,9,122.5,123.5,6,114.5,109.0,122.5,109.0,316.0,36498.0,188
2023-05-10 22:18:21,MA311P2275,MA311P2275,122.5,0.0,0.0,0.0,9,122.5,123.5,3,114.5,109.0,122.5,109.0,316.0,36498.0,188
2023-05-10 22:18:24,MA311P2275,MA311P2275,122.5,0.0,0.0,0.0,9,122.5,123.0,1,114.5,109.0,122.5,109.0,316.0,36498.0,188
2023-05-10 22:18:24,MA311P2275,MA311P2275,122.5,0.0,0.0,0.0,6,122.5,123.0,1,114.5,109.0,122.5,109.0,316.0,36498.0,188
2023-05-10 22:18:25,MA311P2275,MA311P2275,122.5,0.0,0.0,0.0,6,122.5,123.5,3,114.5,109.0,122.5,109.0,316.0,36498.0,188
2023-05-10 22:18:29,MA311P2275,MA311P2275,122.5,0.0,0.0,0.0,3,122.5,129.5,3,114.5,109.0,122.5,109.0,316.0,36498.0,188
2023-05-10 22:18:32,MA311P2275,MA311P2275,122.5,0.0,0.0,0.0,3,122.5,0.0,0,114.5,109.0,122.5,109.0,316.0,36498.0,188
2023-05-10 22:19:04,MA311P2275,MA311P2275,122.5,0.0,0.0,0.0,3,122.5,127.0,3,114.5,109.0,122.5,109.0,316.0,36498.0,188
2023-05-10 22:19:05,MA311P2275,MA311P2275,122.5,0.0,0.0,0.0,6,122.5,127.0,6,114.5,109.0,122.5,109.0,316.0,36498.0,188
2023-05-10 22:19:06,MA311P2275,MA311P2275,122.5,0.0,0.0,0.0,6,122.5,124.5,3,114.5,109.0,122.5,109.0,316.0,36498.0,188
2023-05-10 22:19:09,MA311P2275,MA311P2275,122.5,0.0,0.0,0.0,9,122.5,123.5,3,114.5,109.0,122.5,109.0,316.0,36498.0,188
2023-05-10 22:19:11,MA311P2275,MA311P2275,122.5,0.0,0.0,0.0,12,122.5,123.5,3,114.5,109.0,122.5,109.0,316.0,36498.0,188
2023-05-10 22:19:14,MA311P2275,MA311P2275,122.5,0.0,0.0,0.0,9,122.5,123.0,1,114.5,109.0,122.5,109.0,316.0,36498.0,188
2023-05-10 22:19:14,MA311P2275,MA311P2275,122.5,0.0,0.0,0.0,12,122.5,123.0,4,114.5,109.0,122.5,109.0,316.0,36498.0,188
2023-05-10 22:19:16,MA311P2275,MA311P2275,123.0,3.0,346.5,3.0,3,123.0,124.0,3,114.5,109.0,123.0,109.0,319.0,36844.5,191
2023-05-10 22:19:16,MA311P2275,MA311P2275,123.0,0.0,0.0,0.0,3,123.0,124.5,6,114.5,109.0,123.0,109.0,319.0,36844.5,191
2023-05-10 22:19:18,MA311P2275,MA311P2275,123.0,0.0,0.0,0.0,3,123.0,124.5,3,114.5,109.0,123.0,109.0,319.0,36844.5,191
2023-05-10 22:19:18,MA311P2275,MA311P2275,123.0,0.0,0.0,0.0,6,123.0,123.5,3,114.5,109.0,123.0,109.0,319.0,36844.5,191
2023-05-10 22:19:19,MA311P2275,MA311P2275,123.0,0.0,0.0,0.0,6,123.0,124.0,3,114.5,109.0,123.0,109.0,319.0,36844.5,191
2023-05-10 22:19:19,MA311P2275,MA311P2275,123.0,0.0,0.0,0.0,9,123.0,124.0,6,114.5,109.0,123.0,109.0,319.0,36844.5,191
2023-05-10 22:19:20,MA311P2275,MA311P2275,123.0,0.0,0.0,0.0,6,123.0,124.0,3,114.5,109.0,123.0,109.0,319.0,36844.5,191
2023-05-10 22:19:20,MA311P2275,MA311P2275,123.0,0.0,0.0,0.0,6,123.0,123.5,3,114.5,109.0,123.0,109.0,319.0,36844.5,191
2023-05-10 22:19:21,MA311P2275,MA311P2275,123.0,0.0,0.0,0.0,6,123.0,123.5,1,114.5,109.0,123.0,109.0,319.0,36844.5,191
2023-05-10 22:19:21,MA311P2275,MA311P2275,123.0,0.0,0.0,0.0,9,123.0,123.5,1,114.5,109.0,123.0,109.0,319.0,36844.5,191
2023-05-10 22:19:25,MA311P2275,MA311P2275,123.0,0.0,0.0,0.0,9,123.0,124.0,6,114.5,109.0,123.0,109.0,319.0,36844.5,191
2023-05-10 22:19:31,MA311P2275,MA311P2275,124.0,6.0,855.5,6.0,3,124.0,124.5,3,114.5,109.0,124.0,109.0,325.0,37700.0,197
2023-05-10 22:19:31,MA311P2275,MA311P2275,124.0,0.0,0.0,0.0,3,124.0,130.0,3,114.5,109.0,124.0,109.0,325.0,37700.0,197
2023-05-10 22:19:34,MA311P2275,MA311P2275,124.0,0.0,0.0,0.0,3,124.0,0.0,0,114.5,109.0,124.0,109.0,325.0,37700.0,197
2023-05-10 22:20:06,MA311P2275,MA311P2275,124.0,0.0,0.0,0.0,3,124.0,129.0,3,114.5,109.0,124.0,109.0,325.0,37700.0,197
2023-05-10 22:20:07,MA311P2275,MA311P2275,124.0,0.0,0.0,0.0,6,124.0,129.0,6,114.5,109.0,124.0,109.0,325.0,37700.0,197
2023-05-10 22:20:08,MA311P2275,MA311P2275,124.0,0.0,0.0,0.0,6,124.0,125.5,3,114.5,109.0,124.0,109.0,325.0,37700.0,197
2023-05-10 22:20:10,MA311P2275,MA311P2275,124.0,0.0,0.0,0.0,9,124.0,125.0,3,114.5,109.0,124.0,109.0,325.0,37700.0,197
2023-05-10 22:20:11,MA311P2275,MA311P2275,125.5,4.0,464.0,4.0,3,125.0,125.5,2,114.5,109.0,125.5,109.0,329.0,38164.0,201
2023-05-10 22:20:15,MA311P2275,MA311P2275,125.5,2.0,232.0,2.0,3,125.0,129.0,6,114.5,109.0,125.5,109.0,331.0,38396.0,203
2023-05-10 22:20:16,MA311P2275,MA311P2275,125.5,0.0,0.0,0.0,3,125.0,129.0,9,114.5,109.0,125.5,109.0,331.0,38396.0,203
2023-05-10 22:20:18,MA311P2275,MA311P2275,125.5,0.0,0.0,0.0,3,125.0,129.0,6,114.5,109.0,125.5,109.0,331.0,38396.0,203
2023-05-10 22:20:18,MA311P2275,MA311P2275,125.5,0.0,0.0,0.0,3,125.0,129.0,3,114.5,109.0,125.5,109.0,331.0,38396.0,203
2023-05-10 22:20:19,MA311P2275,MA311P2275,125.5,0.0,0.0,0.0,3,125.0,129.5,3,114.5,109.0,125.5,109.0,331.0,38396.0,203
2023-05-10 22:20:19,MA311P2275,MA311P2275,125.5,0.0,0.0,0.0,3,125.0,130.5,3,114.5,109.0,125.5,109.0,331.0,38396.0,203
2023-05-10 22:20:21,MA311P2275,MA311P2275,125.5,0.0,0.0,0.0,6,125.0,125.5,3,114.5,109.0,125.5,109.0,331.0,38396.0,203
2023-05-10 22:20:21,MA311P2275,MA311P2275,125.5,0.0,0.0,0.0,6,125.0,126.0,6,114.5,109.0,125.5,109.0,331.0,38396.0,203
2023-05-10 22:20:21,MA311P2275,MA311P2275,125.5,1.0,116.0,1.0,9,125.0,125.5,2,114.5,109.0,125.5,109.0,332.0,38512.0,204
2023-05-10 22:20:22,MA311P2275,MA311P2275,125.5,0.0,0.0,0.0,12,125.0,125.5,2,114.5,109.0,125.5,109.0,332.0,38512.0,204
2023-05-10 22:20:27,MA311P2275,MA311P2275,126.0,6.0,696.0,0.0,6,125.0,126.0,3,114.5,109.0,126.0,109.0,338.0,39208.0,204
2023-05-10 22:20:34,MA311P2275,MA311P2275,126.0,0.0,0.0,0.0,3,125.0,132.0,3,114.5,109.0,126.0,109.0,338.0,39208.0,204
2023-05-10 22:20:36,MA311P2275,MA311P2275,126.0,0.0,0.0,0.0,3,125.0,0.0,0,114.5,109.0,126.0,109.0,338.0,39208.0,204
2023-05-10 22:21:06,MA311P2275,MA311P2275,126.0,0.0,0.0,0.0,3,125.0,127.5,3,114.5,109.0,126.0,109.0,338.0,39208.0,204
2023-05-10 22:21:07,MA311P2275,MA311P2275,126.0,0.0,0.0,0.0,6,125.0,127.5,6,114.5,109.0,126.0,109.0,338.0,39208.0,204
2023-05-10 22:21:08,MA311P2275,MA311P2275,125.0,3.0,348.0,0.0,3,125.0,127.5,6,114.5,109.0,126.0,109.0,341.0,39556.0,204
2023-05-10 22:21:08,MA311P2275,MA311P2275,127.5,4.0,636.5,1.0,3,125.0,127.5,5,114.5,109.0,127.5,109.0,345.0,40192.5,205
2023-05-10 22:21:10,MA311P2275,MA311P2275,127.5,1.0,116.5,0.0,3,125.0,127.5,4,114.5,109.0,127.5,109.0,346.0,40309.0,205
2023-05-10 22:21:11,MA311P2275,MA311P2275,127.5,4.0,466.0,1.0,3,123.0,134.5,3,114.5,109.0,127.5,109.0,350.0,40775.0,206
2023-05-10 22:21:11,MA311P2275,MA311P2275,127.5,0.0,0.0,0.0,3,124.5,132.5,3,114.5,109.0,127.5,109.0,350.0,40775.0,206
2023-05-10 22:21:13,MA311P2275,MA311P2275,127.5,0.0,0.0,0.0,4,127.5,134.5,3,114.5,109.0,127.5,109.0,350.0,40775.0,206
2023-05-10 22:21:13,MA311P2275,MA311P2275,127.5,0.0,0.0,0.0,3,128.5,133.5,3,114.5,109.0,127.5,109.0,350.0,40775.0,206
2023-05-10 22:21:16,MA311P2275,MA311P2275,127.5,0.0,0.0,0.0,1,132.0,133.5,3,114.5,109.0,127.5,109.0,350.0,40775.0,206
2023-05-10 22:21:16,MA311P2275,MA311P2275,132.0,1.0,116.5,0.0,3,128.5,133.5,3,114.5,109.0,132.0,109.0,351.0,40891.5,206
2023-05-10 22:21:17,MA311P2275,MA311P2275,132.0,0.0,0.0,0.0,3,128.5,131.5,3,114.5,109.0,132.0,109.0,351.0,40891.5,206
2023-05-10 22:21:18,MA311P2275,MA311P2275,132.0,0.0,0.0,0.0,7,127.5,131.5,3,114.5,109.0,132.0,109.0,351.0,40891.5,206
2023-05-10 22:21:18,MA311P2275,MA311P2275,132.0,0.0,0.0,0.0,3,128.0,128.5,3,114.5,109.0,132.0,109.0,351.0,40891.5,206
2023-05-10 22:21:19,MA311P2275,MA311P2275,131.5,1.0,116.5,1.0,7,127.5,128.0,3,114.5,109.0,132.0,109.0,352.0,41008.0,207
2023-05-10 22:21:19,MA311P2275,MA311P2275,131.5,0.0,0.0,0.0,10,127.5,128.0,6,114.5,109.0,132.0,109.0,352.0,41008.0,207
2023-05-10 22:21:20,MA311P2275,MA311P2275,127.5,6.0,878.0,4.0,4,127.5,128.0,9,114.5,109.0,132.0,109.0,358.0,41886.0,211
2023-05-10 22:21:20,MA311P2275,MA311P2275,127.5,0.0,0.0,0.0,1,127.5,128.0,9,114.5,109.0,132.0,109.0,358.0,41886.0,211
2023-05-10 22:21:21,MA311P2275,MA311P2275,127.5,1.0,117.0,0.0,6,126.5,127.5,3,114.5,109.0,132.0,109.0,359.0,42003.0,211
2023-05-10 22:21:22,MA311P2275,MA311P2275,127.5,0.0,0.0,0.0,9,126.5,127.0,3,114.5,109.0,132.0,109.0,359.0,42003.0,211
2023-05-10 22:21:22,MA311P2275,MA311P2275,127.5,0.0,0.0,0.0,9,126.5,127.5,9,114.5,109.0,132.0,109.0,359.0,42003.0,211
2023-05-10 22:21:22,MA311P2275,MA311P2275,127.5,0.0,0.0,0.0,9,126.5,127.0,3,114.5,109.0,132.0,109.0,359.0,42003.0,211
2023-05-10 22:21:23,MA311P2275,MA311P2275,127.5,0.0,0.0,0.0,12,126.5,127.5,9,114.5,109.0,132.0,109.0,359.0,42003.0,211
2023-05-10 22:21:23,MA311P2275,MA311P2275,127.5,0.0,0.0,0.0,12,126.5,127.0,3,114.5,109.0,132.0,109.0,359.0,42003.0,211
2023-05-10 22:21:24,MA311P2275,MA311P2275,127.5,0.0,0.0,0.0,12,126.5,127.5,9,114.5,109.0,132.0,109.0,359.0,42003.0,211
2023-05-10 22:21:24,MA311P2275,MA311P2275,127.5,0.0,0.0,0.0,12,126.5,127.0,3,114.5,109.0,132.0,109.0,359.0,42003.0,211
2023-05-10 22:21:25,MA311P2275,MA311P2275,127.5,0.0,0.0,0.0,12,126.5,127.5,9,114.5,109.0,132.0,109.0,359.0,42003.0,211
2023-05-10 22:21:29,MA311P2275,MA311P2275,127.5,0.0,0.0,0.0,9,126.5,127.5,6,114.5,109.0,132.0,109.0,359.0,42003.0,211
2023-05-10 22:21:33,MA311P2275,MA311P2275,127.5,0.0,0.0,0.0,6,126.5,127.5,6,114.5,109.0,132.0,109.0,359.0,42003.0,211
2023-05-10 22:21:34,MA311P2275,MA311P2275,127.5,0.0,0.0,0.0,3,123.0,127.5,3,114.5,109.0,132.0,109.0,359.0,42003.0,211
2023-05-10 22:21:37,MA311P2275,MA311P2275,127.5,0.0,0.0,0.0,3,123.0,127.5,1,114.5,109.0,132.0,109.0,359.0,42003.0,211
2023-05-10 22:21:38,MA311P2275,MA311P2275,127.5,1.0,117.0,0.0,2,127.5,128.0,3,114.5,109.0,132.0,109.0,360.0,42120.0,211
2023-05-10 22:21:40,MA311P2275,MA311P2275,127.5,0.0,0.0,0.0,3,123.0,128.0,3,114.5,109.0,132.0,109.0,360.0,42120.0,211
2023-05-10 22:21:43,MA311P2275,MA311P2275,127.5,0.0,0.0,0.0,3,123.0,128.5,2,114.5,109.0,132.0,109.0,360.0,42120.0,211
2023-05-10 22:21:43,MA311P2275,MA311P2275,127.5,0.0,0.0,0.0,3,123.0,0.0,0,114.5,109.0,132.0,109.0,360.0,42120.0,211
2023-05-10 22:22:09,MA311P2275,MA311P2275,127.5,0.0,0.0,0.0,3,123.0,134.0,3,114.5,109.0,132.0,109.0,360.0,42120.0,211
2023-05-10 22:22:11,MA311P2275,MA311P2275,127.5,0.0,0.0,0.0,6,123.0,134.0,6,114.5,109.0,132.0,109.0,360.0,42120.0,211
2023-05-10 22:22:12,MA311P2275,MA311P2275,123.5,3.0,351.0,3.0,6,123.0,134.0,6,114.5,109.0,132.0,109.0,363.0,42471.0,214
2023-05-10 22:22:13,MA311P2275,MA311P2275,123.5,0.0,0.0,0.0,6,123.0,131.5,3,114.5,109.0,132.0,109.0,363.0,42471.0,214
2023-05-10 22:22:15,MA311P2275,MA311P2275,131.5,1.0,117.0,0.0,3,124.5,130.5,3,114.5,109.0,132.0,109.0,364.0,42588.0,214
2023-05-10 22:22:19,MA311P2275,MA311P2275,130.0,1.0,117.0,0.0,3,123.5,131.5,2,114.5,109.0,132.0,109.0,365.0,42705.0,214
2023-05-10 22:22:20,MA311P2275,MA311P2275,130.0,0.0,0.0,0.0,3,124.5,130.0,6,114.5,109.0,132.0,109.0,365.0,42705.0,214
2023-05-10 22:22:20,MA311P2275,MA311P2275,130.0,0.0,0.0,0.0,3,124.5,130.0,9,114.5,109.0,132.0,109.0,365.0,42705.0,214
2023-05-10 22:22:23,MA311P2275,MA311P2275,130.0,0.0,0.0,0.0,1,129.5,130.0,9,114.5,109.0,132.0,109.0,365.0,42705.0,214
2023-05-10 22:22:23,MA311P2275,MA311P2275,129.5,1.0,117.0,0.0,3,128.0,130.0,6,114.5,109.0,132.0,109.0,366.0,42822.0,214
2023-05-10 22:22:24,MA311P2275,MA311P2275,129.5,0.0,0.0,0.0,3,128.0,130.0,9,114.5,109.0,132.0,109.0,366.0,42822.0,214
2023-05-10 22:22:25,MA311P2275,MA311P2275,127.5,9.0,1240.5,0.0,3,127.5,130.0,3,114.5,109.0,132.0,109.0,375.0,44062.5,214
2023-05-10 22:22:25,MA311P2275,MA311P2275,127.5,0.0,0.0,0.0,3,127.5,128.0,3,114.5,109.0,132.0,109.0,375.0,44062.5,214
2023-05-10 22:22:26,MA311P2275,MA311P2275,127.5,0.0,0.0,0.0,6,127.5,128.0,3,114.5,109.0,132.0,109.0,375.0,44062.5,214
2023-05-10 22:22:27,MA311P2275,MA311P2275,127.5,0.0,0.0,0.0,6,127.5,128.5,3,114.5,109.0,132.0,109.0,375.0,44062.5,214
2023-05-10 22:22:27,MA311P2275,MA311P2275,127.5,0.0,0.0,0.0,6,127.5,128.0,3,114.5,109.0,132.0,109.0,375.0,44062.5,214
2023-05-10 22:22:28,MA311P2275,MA311P2275,127.5,0.0,0.0,0.0,6,127.5,128.5,3,114.5,109.0,132.0,109.0,375.0,44062.5,214
2023-05-10 22:22:28,MA311P2275,MA311P2275,127.5,0.0,0.0,0.0,6,127.5,128.0,3,114.5,109.0,132.0,109.0,375.0,44062.5,214
2023-05-10 22:22:29,MA311P2275,MA311P2275,127.5,0.0,0.0,0.0,6,127.5,128.5,3,114.5,109.0,132.0,109.0,375.0,44062.5,214
2023-05-10 22:22:33,MA311P2275,MA311P2275,127.5,6.0,705.0,-3.0,3,123.0,135.0,3,114.5,109.0,132.0,109.0,381.0,44767.5,211
2023-05-10 22:22:39,MA311P2275,MA311P2275,127.5,0.0,0.0,0.0,3,123.0,0.0,0,114.5,109.0,132.0,109.0,381.0,44767.5,211
2023-05-10 22:22:52,MA311P2275,MA311P2275,127.5,0.0,0.0,0.0,3,123.5,0.0,0,114.5,109.0,132.0,109.0,381.0,44767.5,211
2023-05-10 22:23:12,MA311P2275,MA311P2275,127.5,0.0,0.0,0.0,3,123.5,134.5,3,114.5,109.0,132.0,109.0,381.0,44767.5,211
2023-05-10 22:23:13,MA311P2275,MA311P2275,127.5,0.0,0.0,0.0,6,123.5,134.5,6,114.5,109.0,132.0,109.0,381.0,44767.5,211
2023-05-10 22:23:15,MA311P2275,MA311P2275,124.5,3.0,352.5,3.0,6,123.5,134.5,6,114.5,109.0,132.0,109.0,384.0,45120.0,214
2023-05-10 22:23:17,MA311P2275,MA311P2275,124.5,0.0,0.0,0.0,3,125.0,132.5,3,114.5,109.0,132.0,109.0,384.0,45120.0,214
2023-05-10 22:23:19,MA311P2275,MA311P2275,129.0,1.0,117.5,0.0,3,124.0,134.0,3,114.5,109.0,132.0,109.0,385.0,45237.5,214
2023-05-10 22:23:19,MA311P2275,MA311P2275,129.0,0.0,0.0,0.0,3,125.5,132.5,3,114.5,109.0,132.0,109.0,385.0,45237.5,214
2023-05-10 22:23:23,MA311P2275,MA311P2275,128.5,1.0,117.5,0.0,3,128.0,133.0,3,114.5,109.0,132.0,109.0,386.0,45355.0,214
2023-05-10 22:23:23,MA311P2275,MA311P2275,129.0,3.0,352.5,-3.0,3,128.5,129.0,2,114.5,109.0,132.0,109.0,389.0,45707.5,211
2023-05-10 22:23:24,MA311P2275,MA311P2275,129.0,0.0,0.0,0.0,3,127.5,129.0,2,114.5,109.0,132.0,109.0,389.0,45707.5,211
2023-05-10 22:23:24,MA311P2275,MA311P2275,129.0,0.0,0.0,0.0,3,126.5,129.0,2,114.5,109.0,132.0,109.0,389.0,45707.5,211
2023-05-10 22:23:25,MA311P2275,MA311P2275,129.0,0.0,0.0,0.0,3,125.5,129.0,2,114.5,109.0,132.0,109.0,389.0,45707.5,211
2023-05-10 22:23:25,MA311P2275,MA311P2275,129.0,0.0,0.0,0.0,3,124.5,129.0,2,114.5,109.0,132.0,109.0,389.0,45707.5,211
2023-05-10 22:23:25,MA311P2275,MA311P2275,129.0,0.0,0.0,0.0,9,124.0,129.0,2,114.5,109.0,132.0,109.0,389.0,45707.5,211
2023-05-10 22:23:28,MA311P2275,MA311P2275,124.5,3.0,352.5,3.0,11,124.0,125.0,3,114.5,109.0,132.0,109.0,392.0,46060.0,214
2023-05-10 22:23:28,MA311P2275,MA311P2275,125.0,3.0,352.5,0.0,14,124.0,125.5,3,114.5,109.0,132.0,109.0,395.0,46412.5,214
2023-05-10 22:23:29,MA311P2275,MA311P2275,125.0,0.0,0.0,0.0,3,125.0,125.5,3,114.5,109.0,132.0,109.0,395.0,46412.5,214
2023-05-10 22:23:29,MA311P2275,MA311P2275,125.5,3.0,551.5,-3.0,3,125.0,129.0,5,114.5,109.0,132.0,109.0,398.0,46964.0,211
2023-05-10 22:23:30,MA311P2275,MA311P2275,125.5,0.0,0.0,0.0,3,125.5,129.0,5,114.5,109.0,132.0,109.0,398.0,46964.0,211
2023-05-10 22:23:33,MA311P2275,MA311P2275,125.5,0.0,0.0,0.0,1,127.0,129.0,5,114.5,109.0,132.0,109.0,398.0,46964.0,211
2023-05-10 22:23:37,MA311P2275,MA311P2275,125.5,0.0,0.0,0.0,1,127.5,129.0,5,114.5,109.0,132.0,109.0,398.0,46964.0,211
2023-05-10 22:23:40,MA311P2275,MA311P2275,125.5,0.0,0.0,0.0,3,125.5,129.0,5,114.5,109.0,132.0,109.0,398.0,46964.0,211
2023-05-10 22:23:40,MA311P2275,MA311P2275,125.5,0.0,0.0,0.0,3,125.5,129.0,2,114.5,109.0,132.0,109.0,398.0,46964.0,211
2023-05-10 22:23:45,MA311P2275,MA311P2275,125.5,0.0,0.0,0.0,3,125.0,129.0,2,114.5,109.0,132.0,109.0,398.0,46964.0,211
2023-05-10 22:23:45,MA311P2275,MA311P2275,125.5,0.0,0.0,0.0,2,124.0,129.0,2,114.5,109.0,132.0,109.0,398.0,46964.0,211
2023-05-10 22:23:47,MA311P2275,MA311P2275,125.5,0.0,0.0,0.0,3,123.0,129.0,2,114.5,109.0,132.0,109.0,398.0,46964.0,211
2023-05-10 22:24:13,MA311P2275,MA311P2275,129.0,2.0,236.0,2.0,3,123.0,0.0,0,114.5,109.0,132.0,109.0,400.0,47200.0,213
2023-05-10 22:24:21,MA311P2275,MA311P2275,129.0,0.0,0.0,0.0,3,123.0,127.5,3,114.5,109.0,132.0,109.0,400.0,47200.0,213
2023-05-10 22:24:23,MA311P2275,MA311P2275,129.0,0.0,0.0,0.0,6,123.0,127.5,6,114.5,109.0,132.0,109.0,400.0,47200.0,213
2023-05-10 22:24:24,MA311P2275,MA311P2275,129.0,0.0,0.0,0.0,6,123.0,124.0,3,114.5,109.0,132.0,109.0,400.0,47200.0,213
2023-05-10 22:24:26,MA311P2275,MA311P2275,124.0,3.0,354.0,3.0,3,123.5,126.5,3,114.5,109.0,132.0,109.0,403.0,47554.0,216
2023-05-10 22:24:26,MA311P2275,MA311P2275,124.0,0.0,0.0,0.0,3,124.0,127.5,6,114.5,109.0,132.0,109.0,403.0,47554.0,216
2023-05-10 22:24:26,MA311P2275,MA311P2275,124.0,0.0,0.0,0.0,3,124.5,127.0,3,114.5,109.0,132.0,109.0,403.0,47554.0,216
2023-05-10 22:24:27,MA311P2275,MA311P2275,127.0,1.0,118.0,1.0,3,124.5,127.0,2,114.5,109.0,132.0,109.0,404.0,47672.0,217
2023-05-10 22:24:30,MA311P2275,MA311P2275,127.0,0.0,0.0,0.0,1,126.5,127.5,6,114.5,109.0,132.0,109.0,404.0,47672.0,217
2023-05-10 22:24:32,MA311P2275,MA311P2275,127.0,0.0,0.0,0.0,1,126.5,127.5,9,114.5,109.0,132.0,109.0,404.0,47672.0,217
2023-05-10 22:24:34,MA311P2275,MA311P2275,127.0,0.0,0.0,0.0,1,126.5,127.5,3,114.5,109.0,132.0,109.0,404.0,47672.0,217
2023-05-10 22:24:35,MA311P2275,MA311P2275,127.0,0.0,0.0,0.0,1,126.5,128.5,3,114.5,109.0,132.0,109.0,404.0,47672.0,217
2023-05-10 22:24:35,MA311P2275,MA311P2275,127.0,0.0,0.0,0.0,1,126.5,129.5,3,114.5,109.0,132.0,109.0,404.0,47672.0,217
2023-05-10 22:24:36,MA311P2275,MA311P2275,127.0,0.0,0.0,0.0,1,126.5,130.0,3,114.5,109.0,132.0,109.0,404.0,47672.0,217
2023-05-10 22:24:36,MA311P2275,MA311P2275,127.0,0.0,0.0,0.0,1,127.0,130.0,3,114.5,109.0,132.0,109.0,404.0,47672.0,217
2023-05-10 22:24:36,MA311P2275,MA311P2275,127.0,0.0,0.0,0.0,1,126.5,130.0,3,114.5,109.0,132.0,109.0,404.0,47672.0,217
2023-05-10 22:24:36,MA311P2275,MA311P2275,127.0,0.0,0.0,0.0,1,127.0,130.0,3,114.5,109.0,132.0,109.0,404.0,47672.0,217
2023-05-10 22:24:37,MA311P2275,MA311P2275,127.0,0.0,0.0,0.0,1,127.0,130.0,9,114.5,109.0,132.0,109.0,404.0,47672.0,217
2023-05-10 22:24:40,MA311P2275,MA311P2275,125.0,9.0,1062.0,0.0,3,123.5,130.0,3,114.5,109.0,132.0,109.0,413.0,48734.0,217
2023-05-10 22:24:41,MA311P2275,MA311P2275,125.0,0.0,0.0,0.0,3,123.0,130.0,3,114.5,109.0,132.0,109.0,413.0,48734.0,217
2023-05-10 22:24:44,MA311P2275,MA311P2275,125.0,0.0,0.0,0.0,3,123.0,134.5,3,114.5,109.0,132.0,109.0,413.0,48734.0,217
2023-05-10 22:24:51,MA311P2275,MA311P2275,125.0,0.0,0.0,0.0,3,123.0,0.0,0,114.5,109.0,132.0,109.0,413.0,48734.0,217
2023-05-10 22:25:27,MA311P2275,MA311P2275,125.0,0.0,0.0,0.0,3,123.0,127.5,3,114.5,109.0,132.0,109.0,413.0,48734.0,217
2023-05-10 22:25:28,MA311P2275,MA311P2275,125.0,0.0,0.0,0.0,6,123.0,127.5,6,114.5,109.0,132.0,109.0,413.0,48734.0,217
2023-05-10 22:25:29,MA311P2275,MA311P2275,125.0,0.0,0.0,0.0,6,123.0,124.5,3,114.5,109.0,132.0,109.0,413.0,48734.0,217
2023-05-10 22:25:31,MA311P2275,MA311P2275,124.5,3.0,354.0,3.0,6,123.0,127.5,6,114.5,109.0,132.0,109.0,416.0,49088.0,220
2023-05-10 22:25:32,MA311P2275,MA311P2275,124.5,0.0,0.0,0.0,3,123.5,126.5,3,114.5,109.0,132.0,109.0,416.0,49088.0,220
2023-05-10 22:25:36,MA311P2275,MA311P2275,124.5,0.0,0.0,0.0,1,126.0,126.5,3,114.5,109.0,132.0,109.0,416.0,49088.0,220
2023-05-10 22:25:37,MA311P2275,MA311P2275,124.5,0.0,0.0,0.0,4,126.0,127.0,3,114.5,109.0,132.0,109.0,416.0,49088.0,220
2023-05-10 22:25:38,MA311P2275,MA311P2275,124.5,0.0,0.0,0.0,4,126.0,127.0,9,114.5,109.0,132.0,109.0,416.0,49088.0,220
2023-05-10 22:25:40,MA311P2275,MA311P2275,124.5,0.0,0.0,0.0,1,126.5,127.0,6,114.5,109.0,132.0,109.0,416.0,49088.0,220
2023-05-10 22:25:41,MA311P2275,MA311P2275,124.5,0.0,0.0,0.0,4,126.5,127.0,9,114.5,109.0,132.0,109.0,416.0,49088.0,220
2023-05-10 22:25:43,MA311P2275,MA311P2275,124.5,0.0,0.0,0.0,7,126.5,127.0,12,114.5,109.0,132.0,109.0,416.0,49088.0,220
2023-05-10 22:25:43,MA311P2275,MA311P2275,124.5,0.0,0.0,0.0,10,126.5,127.0,12,114.5,109.0,132.0,109.0,416.0,49088.0,220
2023-05-10 22:25:44,MA311P2275,MA311P2275,127.0,1.0,118.0,1.0,10,126.5,127.0,14,114.5,109.0,132.0,109.0,417.0,49206.0,221
2023-05-10 22:25:45,MA311P2275,MA311P2275,126.0,18.0,2341.5,-3.0,6,123.0,125.0,3,114.5,109.0,132.0,109.0,435.0,51547.5,218
2023-05-10 22:25:47,MA311P2275,MA311P2275,126.0,0.0,0.0,0.0,3,123.0,125.0,3,114.5,109.0,132.0,109.0,435.0,51547.5,218
2023-05-10 22:25:47,MA311P2275,MA311P2275,125.0,3.0,355.5,-3.0,3,123.0,126.5,3,114.5,109.0,132.0,109.0,438.0,51903.0,215
2023-05-10 22:26:57,MA311P2275,MA311P2275,125.0,0.0,0.0,0.0,3,125.0,126.5,3,114.5,109.0,132.0,109.0,438.0,51903.0,215
2023-05-10 22:27:00,MA311P2275,MA311P2275,125.0,0.0,0.0,0.0,3,123.0,126.5,3,114.5,109.0,132.0,109.0,438.0,51903.0,215
2023-05-10 22:27:04,MA311P2275,MA311P2275,126.5,3.0,355.5,3.0,3,123.0,0.0,0,114.5,109.0,132.0,109.0,441.0,52258.5,218
2023-05-10 22:27:12,MA311P2275,MA311P2275,126.5,0.0,0.0,0.0,3,123.0,127.5,3,114.5,109.0,132.0,109.0,441.0,52258.5,218
2023-05-10 22:27:13,MA311P2275,MA311P2275,126.5,0.0,0.0,0.0,6,123.0,127.5,6,114.5,109.0,132.0,109.0,441.0,52258.5,218
2023-05-10 22:27:14,MA311P2275,MA311P2275,126.5,0.0,0.0,0.0,6,123.0,124.0,3,114.5,109.0,132.0,109.0,441.0,52258.5,218
2023-05-10 22:27:16,MA311P2275,MA311P2275,124.0,3.0,355.5,3.0,3,123.5,126.5,3,114.5,109.0,132.0,109.0,444.0,52614.0,221
2023-05-10 22:27:18,MA311P2275,MA311P2275,124.0,0.0,0.0,0.0,1,126.0,127.5,6,114.5,109.0,132.0,109.0,444.0,52614.0,221
2023-05-10 22:27:18,MA311P2275,MA311P2275,124.0,0.0,0.0,0.0,4,126.0,127.0,3,114.5,109.0,132.0,109.0,444.0,52614.0,221
2023-05-10 22:27:22,MA311P2275,MA311P2275,124.0,0.0,0.0,0.0,4,126.0,127.0,9,114.5,109.0,132.0,109.0,444.0,52614.0,221
2023-05-10 22:27:22,MA311P2275,MA311P2275,124.0,0.0,0.0,0.0,1,126.5,127.0,6,114.5,109.0,132.0,109.0,444.0,52614.0,221
2023-05-10 22:27:23,MA311P2275,MA311P2275,124.0,0.0,0.0,0.0,4,126.5,127.0,9,114.5,109.0,132.0,109.0,444.0,52614.0,221
2023-05-10 22:27:26,MA311P2275,MA311P2275,127.0,1.0,118.5,1.0,4,126.5,127.0,5,114.5,109.0,132.0,109.0,445.0,52732.5,222
2023-05-10 22:27:27,MA311P2275,MA311P2275,125.0,9.0,1293.5,-3.0,3,126.0,126.5,2,114.5,109.0,132.0,109.0,454.0,54026.0,219
2023-05-10 22:27:27,MA311P2275,MA311P2275,125.0,0.0,0.0,0.0,6,126.0,126.5,5,114.5,109.0,132.0,109.0,454.0,54026.0,219
2023-05-10 22:27:31,MA311P2275,MA311P2275,125.0,9.0,1071.0,0.0,3,123.0,123.5,3,114.5,109.0,132.0,109.0,463.0,55097.0,219
2023-05-10 22:27:33,MA311P2275,MA311P2275,123.5,3.0,357.0,-3.0,3,123.0,126.5,2,114.5,109.0,132.0,109.0,466.0,55454.0,216
2023-05-10 22:28:13,MA311P2275,MA311P2275,126.5,2.0,238.0,2.0,3,123.0,0.0,0,114.5,109.0,132.0,109.0,468.0,55692.0,218
2023-05-10 22:28:22,MA311P2275,MA311P2275,126.5,0.0,0.0,0.0,3,123.0,126.5,3,114.5,109.0,132.0,109.0,468.0,55692.0,218
2023-05-10 22:28:23,MA311P2275,MA311P2275,126.5,0.0,0.0,0.0,6,123.0,126.5,6,114.5,109.0,132.0,109.0,468.0,55692.0,218
2023-05-10 22:28:24,MA311P2275,MA311P2275,126.5,0.0,0.0,0.0,6,123.0,123.5,3,114.5,109.0,132.0,109.0,468.0,55692.0,218
2023-05-10 22:28:27,MA311P2275,MA311P2275,126.5,0.0,0.0,0.0,9,123.0,123.5,6,114.5,109.0,132.0,109.0,468.0,55692.0,218
2023-05-10 22:28:27,MA311P2275,MA311P2275,123.5,6.0,714.0,3.0,3,123.5,126.5,6,114.5,109.0,132.0,109.0,474.0,56406.0,221
2023-05-10 22:28:28,MA311P2275,MA311P2275,123.5,0.0,0.0,0.0,1,126.0,126.5,6,114.5,109.0,132.0,109.0,474.0,56406.0,221
2023-05-10 22:28:30,MA311P2275,MA311P2275,126.0,1.0,119.0,1.0,3,123.5,126.0,2,114.5,109.0,132.0,109.0,475.0,56525.0,222
2023-05-10 22:28:32,MA311P2275,MA311P2275,126.0,0.0,0.0,0.0,6,123.5,126.0,6,114.5,109.0,132.0,109.0,475.0,56525.0,222
2023-05-10 22:28:32,MA311P2275,MA311P2275,126.0,0.0,0.0,0.0,1,125.5,126.0,9,114.5,109.0,132.0,109.0,475.0,56525.0,222
2023-05-10 22:28:37,MA311P2275,MA311P2275,126.0,0.0,0.0,0.0,4,125.5,126.0,12,114.5,109.0,132.0,109.0,475.0,56525.0,222
2023-05-10 22:28:40,MA311P2275,MA311P2275,124.0,9.0,1071.0,0.0,6,123.5,126.0,6,114.5,109.0,132.0,109.0,484.0,57596.0,222
2023-05-10 22:28:42,MA311P2275,MA311P2275,124.0,0.0,0.0,0.0,3,123.5,126.0,3,114.5,109.0,132.0,109.0,484.0,57596.0,222
2023-05-10 22:28:44,MA311P2275,MA311P2275,124.0,0.0,0.0,0.0,1,125.5,126.0,3,114.5,109.0,132.0,109.0,484.0,57596.0,222
2023-05-10 22:28:49,MA311P2275,MA311P2275,124.0,0.0,0.0,0.0,3,123.5,126.0,3,114.5,109.0,132.0,109.0,484.0,57596.0,222
2023-05-10 22:28:51,MA311P2275,MA311P2275,124.0,0.0,0.0,0.0,3,123.5,132.5,3,114.5,109.0,132.0,109.0,484.0,57596.0,222
2023-05-10 22:28:52,MA311P2275,MA311P2275,124.0,0.0,0.0,0.0,3,123.5,0.0,0,114.5,109.0,132.0,109.0,484.0,57596.0,222
2023-05-10 22:29:23,MA311P2275,MA311P2275,124.0,0.0,0.0,0.0,3,123.5,127.0,3,114.5,109.0,132.0,109.0,484.0,57596.0,222
2023-05-10 22:29:24,MA311P2275,MA311P2275,124.0,0.0,0.0,0.0,6,123.5,127.0,6,114.5,109.0,132.0,109.0,484.0,57596.0,222
2023-05-10 22:29:25,MA311P2275,MA311P2275,123.5,3.0,357.0,0.0,3,123.5,127.0,6,114.5,109.0,132.0,109.0,487.0,57953.0,222
2023-05-10 22:29:27,MA311P2275,MA311P2275,123.5,0.0,0.0,0.0,3,124.0,126.5,3,114.5,109.0,132.0,109.0,487.0,57953.0,222
2023-05-10 22:29:29,MA311P2275,MA311P2275,123.5,0.0,0.0,0.0,1,126.0,127.0,6,114.5,109.0,132.0,109.0,487.0,57953.0,222
2023-05-10 22:29:30,MA311P2275,MA311P2275,123.5,0.0,0.0,0.0,4,126.0,126.5,3,114.5,109.0,132.0,109.0,487.0,57953.0,222
2023-05-10 22:29:33,MA311P2275,MA311P2275,123.5,0.0,0.0,0.0,4,126.0,126.5,6,114.5,109.0,132.0,109.0,487.0,57953.0,222
2023-05-10 22:29:33,MA311P2275,MA311P2275,126.5,1.0,119.0,1.0,4,126.0,126.5,5,114.5,109.0,132.0,109.0,488.0,58072.0,223
2023-05-10 22:29:35,MA311P2275,MA311P2275,126.5,0.0,0.0,0.0,3,126.0,126.5,5,114.5,109.0,132.0,109.0,488.0,58072.0,223
2023-05-10 22:29:35,MA311P2275,MA311P2275,124.5,9.0,1319.5,-3.0,3,123.5,126.0,1,114.5,109.0,132.0,109.0,497.0,59391.5,220
2023-05-10 22:29:36,MA311P2275,MA311P2275,124.5,0.0,0.0,0.0,3,123.0,126.0,1,114.5,109.0,132.0,109.0,497.0,59391.5,220
2023-05-10 22:29:38,MA311P2275,MA311P2275,124.5,0.0,0.0,0.0,6,123.0,126.0,4,114.5,109.0,132.0,109.0,497.0,59391.5,220
2023-05-10 22:29:50,MA311P2275,MA311P2275,124.5,0.0,0.0,0.0,3,123.0,126.0,1,114.5,109.0,132.0,109.0,497.0,59391.5,220
2023-05-10 22:30:41,MA311P2275,MA311P2275,126.0,1.0,119.5,1.0,3,123.0,0.0,0,114.5,109.0,132.0,109.0,498.0,59511.0,221
2023-05-10 22:30:48,MA311P2275,MA311P2275,126.0,0.0,0.0,0.0,3,123.0,125.5,3,114.5,109.0,132.0,109.0,498.0,59511.0,221
2023-05-10 22:30:49,MA311P2275,MA311P2275,126.0,0.0,0.0,0.0,6,123.0,125.5,6,114.5,109.0,132.0,109.0,498.0,59511.0,221
2023-05-10 22:30:52,MA311P2275,MA311P2275,126.0,0.0,0.0,0.0,3,123.5,125.5,9,114.5,109.0,132.0,109.0,498.0,59511.0,221
2023-05-10 22:30:53,MA311P2275,MA311P2275,125.5,1.0,119.5,0.0,3,123.5,125.5,9,114.5,109.0,132.0,109.0,499.0,59630.5,221
2023-05-10 22:30:55,MA311P2275,MA311P2275,125.5,0.0,0.0,0.0,1,125.0,125.5,6,114.5,109.0,132.0,109.0,499.0,59630.5,221
2023-05-10 22:30:56,MA311P2275,MA311P2275,125.5,0.0,0.0,0.0,4,125.0,125.5,9,114.5,109.0,132.0,109.0,499.0,59630.5,221
2023-05-10 22:30:57,MA311P2275,MA311P2275,125.5,0.0,0.0,0.0,4,125.0,125.5,6,114.5,109.0,132.0,109.0,499.0,59630.5,221
2023-05-10 22:31:01,MA311P2275,MA311P2275,125.0,3.0,358.5,-3.0,3,123.0,125.0,1,114.5,109.0,132.0,109.0,502.0,59989.0,218
2023-05-10 22:31:03,MA311P2275,MA311P2275,125.0,0.0,0.0,0.0,6,123.0,125.0,4,114.5,109.0,132.0,109.0,502.0,59989.0,218
2023-05-10 22:31:05,MA311P2275,MA311P2275,125.0,0.0,0.0,0.0,1,124.5,125.0,4,114.5,109.0,132.0,109.0,502.0,59989.0,218
2023-05-10 22:31:10,MA311P2275,MA311P2275,125.0,0.0,0.0,0.0,6,123.0,125.0,4,114.5,109.0,132.0,109.0,502.0,59989.0,218
2023-05-10 22:31:12,MA311P2275,MA311P2275,123.0,1.0,119.5,-1.0,5,123.0,125.0,4,114.5,109.0,132.0,109.0,503.0,60108.5,217
2023-05-10 22:31:15,MA311P2275,MA311P2275,123.0,0.0,0.0,0.0,2,123.0,125.0,1,114.5,109.0,132.0,109.0,503.0,60108.5,217
2023-05-11 09:26:54,MA311P2275,MA311P2275,123.0,2.0,239.0,0.0,3,122.5,125.0,1,114.5,109.0,132.0,109.0,505.0,60347.5,217
2023-05-11 09:26:56,MA311P2275,MA311P2275,122.5,3.0,358.5,0.0,4,119.5,125.0,1,114.5,109.0,132.0,109.0,508.0,60706.0,217
2023-05-11 09:27:13,MA311P2275,MA311P2275,119.5,4.0,478.0,0.0,6,119.0,125.0,1,114.5,109.0,132.0,109.0,512.0,61184.0,217
2023-05-11 09:27:16,MA311P2275,MA311P2275,125.0,1.0,119.5,0.0,6,119.0,0.0,0,114.5,109.0,132.0,109.0,513.0,61303.5,217
2023-05-11 09:27:21,MA311P2275,MA311P2275,125.0,0.0,0.0,0.0,6,119.0,124.0,3,114.5,109.0,132.0,109.0,513.0,61303.5,217
2023-05-11 09:27:22,MA311P2275,MA311P2275,125.0,0.0,0.0,0.0,9,119.0,124.0,6,114.5,109.0,132.0,109.0,513.0,61303.5,217
2023-05-11 09:27:23,MA311P2275,MA311P2275,125.0,0.0,0.0,0.0,9,119.0,120.0,3,114.5,109.0,132.0,109.0,513.0,61303.5,217
2023-05-11 09:27:26,MA311P2275,MA311P2275,125.0,0.0,0.0,0.0,12,119.0,119.5,3,114.5,109.0,132.0,109.0,513.0,61303.5,217
2023-05-11 09:27:27,MA311P2275,MA311P2275,125.0,0.0,0.0,0.0,15,119.0,119.5,6,114.5,109.0,132.0,109.0,513.0,61303.5,217
2023-05-11 09:27:28,MA311P2275,MA311P2275,119.0,9.0,1075.5,0.0,6,119.0,119.5,6,114.5,109.0,132.0,109.0,522.0,62379.0,217
2023-05-11 09:27:31,MA311P2275,MA311P2275,119.0,0.0,0.0,0.0,9,119.0,119.5,12,114.5,109.0,132.0,109.0,522.0,62379.0,217
2023-05-11 09:27:36,MA311P2275,MA311P2275,119.0,0.0,0.0,0.0,9,119.0,119.5,15,114.5,109.0,132.0,109.0,522.0,62379.0,217
2023-05-11 09:27:36,MA311P2275,MA311P2275,119.0,0.0,0.0,0.0,12,119.0,119.5,18,114.5,109.0,132.0,109.0,522.0,62379.0,217
2023-05-11 09:27:38,MA311P2275,MA311P2275,119.0,0.0,0.0,0.0,15,119.0,119.5,18,114.5,109.0,132.0,109.0,522.0,62379.0,217
2023-05-11 09:27:38,MA311P2275,MA311P2275,119.0,0.0,0.0,0.0,12,119.0,119.5,15,114.5,109.0,132.0,109.0,522.0,62379.0,217
2023-05-11 09:27:42,MA311P2275,MA311P2275,119.0,0.0,0.0,0.0,12,119.0,119.5,12,114.5,109.0,132.0,109.0,522.0,62379.0,217
2023-05-11 09:27:43,MA311P2275,MA311P2275,119.0,0.0,0.0,0.0,9,119.0,119.5,9,114.5,109.0,132.0,109.0,522.0,62379.0,217
2023-05-11 09:27:45,MA311P2275,MA311P2275,119.0,0.0,0.0,0.0,6,119.0,119.5,6,114.5,109.0,132.0,109.0,522.0,62379.0,217
2023-05-11 09:27:48,MA311P2275,MA311P2275,119.0,0.0,0.0,0.0,3,113.0,125.5,3,114.5,109.0,132.0,109.0,522.0,62379.0,217
2023-05-11 09:27:51,MA311P2275,MA311P2275,119.0,0.0,0.0,0.0,3,111.5,0.0,0,114.5,109.0,132.0,109.0,522.0,62379.0,217
2023-05-11 09:28:26,MA311P2275,MA311P2275,119.0,0.0,0.0,0.0,6,111.5,124.5,3,114.5,109.0,132.0,109.0,522.0,62379.0,217
2023-05-11 09:28:27,MA311P2275,MA311P2275,118.0,1.0,119.5,1.0,9,111.5,124.5,6,114.5,109.0,132.0,109.0,523.0,62498.5,218
2023-05-11 09:28:28,MA311P2275,MA311P2275,118.0,0.0,0.0,0.0,3,117.5,120.0,3,114.5,109.0,132.0,109.0,523.0,62498.5,218
2023-05-11 09:28:30,MA311P2275,MA311P2275,118.0,0.0,0.0,0.0,3,118.0,120.0,6,114.5,109.0,132.0,109.0,523.0,62498.5,218
2023-05-11 09:28:31,MA311P2275,MA311P2275,118.0,0.0,0.0,0.0,3,117.5,118.5,1,114.5,109.0,132.0,109.0,523.0,62498.5,218
2023-05-11 09:28:32,MA311P2275,MA311P2275,118.0,3.0,358.5,3.0,2,118.0,118.5,1,114.5,109.0,132.0,109.0,526.0,62857.0,221
2023-05-11 09:28:32,MA311P2275,MA311P2275,118.0,0.0,0.0,0.0,5,118.0,118.5,4,114.5,109.0,132.0,109.0,526.0,62857.0,221
2023-05-11 09:28:33,MA311P2275,MA311P2275,118.5,4.0,478.0,4.0,2,118.0,120.0,3,114.5,109.0,132.0,109.0,530.0,63335.0,225
2023-05-11 09:28:36,MA311P2275,MA311P2275,118.5,0.0,0.0,0.0,2,118.0,120.0,6,114.5,109.0,132.0,109.0,530.0,63335.0,225
2023-05-11 09:28:36,MA311P2275,MA311P2275,118.5,0.0,0.0,0.0,2,118.0,120.0,9,114.5,109.0,132.0,109.0,530.0,63335.0,225
2023-05-11 09:28:39,MA311P2275,MA311P2275,118.5,0.0,0.0,0.0,2,118.0,119.0,1,114.5,109.0,132.0,109.0,530.0,63335.0,225
2023-05-11 09:28:41,MA311P2275,MA311P2275,118.5,0.0,0.0,0.0,14,118.0,119.0,10,114.5,109.0,132.0,109.0,530.0,63335.0,225
2023-05-11 09:28:45,MA311P2275,MA311P2275,118.5,0.0,0.0,0.0,14,118.0,118.5,1,114.5,109.0,132.0,109.0,530.0,63335.0,225
2023-05-11 09:28:47,MA311P2275,MA311P2275,118.5,1.0,119.5,1.0,14,118.0,119.0,9,114.5,109.0,132.0,109.0,531.0,63454.5,226
2023-05-11 09:28:48,MA311P2275,MA311P2275,118.5,0.0,0.0,0.0,11,118.0,119.0,6,114.5,109.0,132.0,109.0,531.0,63454.5,226
2023-05-11 09:28:51,MA311P2275,MA311P2275,118.5,0.0,0.0,0.0,8,118.0,119.0,6,114.5,109.0,132.0,109.0,531.0,63454.5,226
2023-05-11 09:28:52,MA311P2275,MA311P2275,118.5,0.0,0.0,0.0,5,118.0,119.0,3,114.5,109.0,132.0,109.0,531.0,63454.5,226
2023-05-11 09:28:53,MA311P2275,MA311P2275,118.5,0.0,0.0,0.0,2,118.0,125.0,3,114.5,109.0,132.0,109.0,531.0,63454.5,226
2023-05-11 09:28:56,MA311P2275,MA311P2275,118.5,0.0,0.0,0.0,2,118.0,0.0,0,114.5,109.0,132.0,109.0,531.0,63454.5,226
2023-05-11 09:29:28,MA311P2275,MA311P2275,118.5,0.0,0.0,0.0,2,118.0,124.0,3,114.5,109.0,132.0,109.0,531.0,63454.5,226
2023-05-11 09:29:28,MA311P2275,MA311P2275,118.5,0.0,0.0,0.0,2,118.0,119.0,1,114.5,109.0,132.0,109.0,531.0,63454.5,226
2023-05-11 09:29:29,MA311P2275,MA311P2275,118.5,0.0,0.0,0.0,5,118.0,119.0,1,114.5,109.0,132.0,109.0,531.0,63454.5,226
2023-05-11 09:29:30,MA311P2275,MA311P2275,118.5,0.0,0.0,0.0,8,118.0,119.0,1,114.5,109.0,132.0,109.0,531.0,63454.5,226
2023-05-11 09:29:32,MA311P2275,MA311P2275,118.5,0.0,0.0,0.0,11,118.0,118.5,3,114.5,109.0,132.0,109.0,531.0,63454.5,226
2023-05-11 09:29:36,MA311P2275,MA311P2275,118.5,3.0,358.5,0.0,3,118.5,120.5,3,114.5,109.0,132.0,109.0,534.0,63813.0,226
2023-05-11 09:29:38,MA311P2275,MA311P2275,118.5,0.0,0.0,0.0,3,118.5,120.5,9,114.5,109.0,132.0,109.0,534.0,63813.0,226
2023-05-11 09:29:40,MA311P2275,MA311P2275,118.5,0.0,0.0,0.0,3,118.5,119.0,1,114.5,109.0,132.0,109.0,534.0,63813.0,226
2023-05-11 09:29:40,MA311P2275,MA311P2275,118.5,0.0,0.0,0.0,3,118.5,119.0,4,114.5,109.0,132.0,109.0,534.0,63813.0,226
2023-05-11 09:29:43,MA311P2275,MA311P2275,118.5,0.0,0.0,0.0,9,118.5,119.0,13,114.5,109.0,132.0,109.0,534.0,63813.0,226
2023-05-11 09:29:45,MA311P2275,MA311P2275,118.5,0.0,0.0,0.0,12,118.5,119.0,13,114.5,109.0,132.0,109.0,534.0,63813.0,226
2023-05-11 09:29:50,MA311P2275,MA311P2275,118.5,0.0,0.0,0.0,9,118.5,119.0,10,114.5,109.0,132.0,109.0,534.0,63813.0,226
2023-05-11 09:29:50,MA311P2275,MA311P2275,119.0,9.0,1075.5,0.0,3,120.5,121.0,3,114.5,109.0,132.0,109.0,543.0,64888.5,226
2023-05-11 09:29:54,MA311P2275,MA311P2275,120.5,3.0,358.5,0.0,9,118.5,121.0,3,114.5,109.0,132.0,109.0,546.0,65247.0,226
2023-05-11 09:29:55,MA311P2275,MA311P2275,120.5,0.0,0.0,0.0,6,118.5,125.0,3,114.5,109.0,132.0,109.0,546.0,65247.0,226
2023-05-11 09:29:58,MA311P2275,MA311P2275,120.5,0.0,0.0,0.0,6,118.5,0.0,0,114.5,109.0,132.0,109.0,546.0,65247.0,226
2023-05-11 09:30:40,MA311P2275,MA311P2275,118.5,6.0,717.0,0.0,2,118.0,0.0,0,114.5,109.0,132.0,109.0,552.0,65964.0,226
2023-05-11 09:30:42,MA311P2275,MA311P2275,118.0,2.0,239.0,0.0,3,111.5,0.0,0,114.5,109.0,132.0,109.0,554.0,66203.0,226
2023-05-11 09:30:49,MA311P2275,MA311P2275,118.0,0.0,0.0,0.0,3,111.5,118.5,1,114.5,109.0,132.0,109.0,554.0,66203.0,226
2023-05-11 09:30:50,MA311P2275,MA311P2275,118.0,0.0,0.0,0.0,6,111.5,118.5,1,114.5,109.0,132.0,109.0,554.0,66203.0,226
2023-05-11 09:30:51,MA311P2275,MA311P2275,118.0,0.0,0.0,0.0,3,117.5,118.5,1,114.5,109.0,132.0,109.0,554.0,66203.0,226
2023-05-11 09:30:53,MA311P2275,MA311P2275,118.0,0.0,0.0,0.0,6,117.5,118.0,3,114.5,109.0,132.0,109.0,554.0,66203.0,226
2023-05-11 09:30:55,MA311P2275,MA311P2275,118.0,3.0,358.5,3.0,3,118.0,120.0,3,114.5,109.0,132.0,109.0,557.0,66561.5,229
2023-05-11 09:30:56,MA311P2275,MA311P2275,118.0,0.0,0.0,0.0,6,118.0,120.0,3,114.5,109.0,132.0,109.0,557.0,66561.5,229
2023-05-11 09:30:59,MA311P2275,MA311P2275,118.0,0.0,0.0,0.0,9,118.0,120.0,9,114.5,109.0,132.0,109.0,557.0,66561.5,229
2023-05-11 09:31:01,MA311P2275,MA311P2275,118.0,0.0,0.0,0.0,9,118.0,118.5,1,114.5,109.0,132.0,109.0,557.0,66561.5,229
2023-05-11 09:31:04,MA311P2275,MA311P2275,118.0,0.0,0.0,0.0,12,118.0,118.5,1,114.5,109.0,132.0,109.0,557.0,66561.5,229
2023-05-11 09:31:04,MA311P2275,MA311P2275,118.0,0.0,0.0,0.0,15,118.0,118.5,4,114.5,109.0,132.0,109.0,557.0,66561.5,229
2023-05-11 09:31:06,MA311P2275,MA311P2275,118.0,0.0,0.0,0.0,12,118.0,118.5,4,114.5,109.0,132.0,109.0,557.0,66561.5,229
2023-05-11 09:31:11,MA311P2275,MA311P2275,118.0,0.0,0.0,0.0,9,118.0,118.5,4,114.5,109.0,132.0,109.0,557.0,66561.5,229
2023-05-11 09:31:11,MA311P2275,MA311P2275,119.0,6.0,717.0,0.0,3,118.5,119.5,3,114.5,109.0,132.0,109.0,563.0,67278.5,229
2023-05-11 09:31:13,MA311P2275,MA311P2275,119.0,0.0,0.0,0.0,3,118.5,124.5,3,114.5,109.0,132.0,109.0,563.0,67278.5,229
2023-05-11 09:31:18,MA311P2275,MA311P2275,119.0,0.0,0.0,0.0,3,118.5,0.0,0,114.5,109.0,132.0,109.0,563.0,67278.5,229
2023-05-11 09:31:31,MA311P2275,MA311P2275,118.5,3.0,358.5,0.0,3,118.0,0.0,0,114.5,109.0,132.0,109.0,566.0,67637.0,229
2023-05-11 09:32:13,MA311P2275,MA311P2275,118.5,0.0,0.0,0.0,3,118.0,122.5,3,114.5,109.0,132.0,109.0,566.0,67637.0,229
2023-05-11 09:32:14,MA311P2275,MA311P2275,118.5,0.0,0.0,0.0,6,118.0,119.0,1,114.5,109.0,132.0,109.0,566.0,67637.0,229
2023-05-11 09:32:15,MA311P2275,MA311P2275,118.5,0.0,0.0,0.0,6,118.0,119.0,4,114.5,109.0,132.0,109.0,566.0,67637.0,229
2023-05-11 09:32:17,MA311P2275,MA311P2275,118.5,0.0,0.0,0.0,9,118.0,118.5,3,114.5,109.0,132.0,109.0,566.0,67637.0,229
2023-05-11 09:32:20,MA311P2275,MA311P2275,118.5,0.0,0.0,0.0,12,118.0,118.5,3,114.5,109.0,132.0,109.0,566.0,67637.0,229
2023-05-11 09:32:21,MA311P2275,MA311P2275,118.5,3.0,358.5,0.0,3,118.5,119.0,3,114.5,109.0,132.0,109.0,569.0,67995.5,229
2023-05-11 09:32:23,MA311P2275,MA311P2275,118.5,0.0,0.0,0.0,3,118.5,119.0,6,114.5,109.0,132.0,109.0,569.0,67995.5,229
2023-05-11 09:32:23,MA311P2275,MA311P2275,118.5,0.0,0.0,0.0,3,118.5,119.0,9,114.5,109.0,132.0,109.0,569.0,67995.5,229
2023-05-11 09:32:27,MA311P2275,MA311P2275,118.5,0.0,0.0,0.0,3,118.5,119.0,6,114.5,109.0,132.0,109.0,569.0,67995.5,229
2023-05-11 09:32:28,MA311P2275,MA311P2275,118.5,0.0,0.0,0.0,6,118.5,119.0,12,114.5,109.0,132.0,109.0,569.0,67995.5,229
2023-05-11 09:32:28,MA311P2275,MA311P2275,118.5,0.0,0.0,0.0,9,118.5,119.0,12,114.5,109.0,132.0,109.0,569.0,67995.5,229
2023-05-11 09:32:30,MA311P2275,MA311P2275,119.0,12.0,1434.0,-6.0,3,120.5,121.0,3,114.5,109.0,132.0,109.0,581.0,69429.5,223
2023-05-11 09:32:30,MA311P2275,MA311P2275,119.0,0.0,0.0,0.0,3,120.5,125.0,6,114.5,109.0,132.0,109.0,581.0,69429.5,223
2023-05-11 09:32:32,MA311P2275,MA311P2275,120.5,3.0,358.5,0.0,6,118.5,125.0,6,114.5,109.0,132.0,109.0,584.0,69788.0,223
2023-05-11 09:32:34,MA311P2275,MA311P2275,120.5,0.0,0.0,0.0,6,118.5,125.0,3,114.5,109.0,132.0,109.0,584.0,69788.0,223
2023-05-11 09:32:35,MA311P2275,MA311P2275,120.5,0.0,0.0,0.0,6,118.5,127.0,3,114.5,109.0,132.0,109.0,584.0,69788.0,223
2023-05-11 09:32:36,MA311P2275,MA311P2275,120.5,0.0,0.0,0.0,6,118.5,129.5,3,114.5,109.0,132.0,109.0,584.0,69788.0,223
2023-05-11 09:32:43,MA311P2275,MA311P2275,120.5,0.0,0.0,0.0,6,118.5,0.0,0,114.5,109.0,132.0,109.0,584.0,69788.0,223
2023-05-11 09:33:32,MA311P2275,MA311P2275,120.5,0.0,0.0,0.0,6,118.5,123.5,3,114.5,109.0,132.0,109.0,584.0,69788.0,223
2023-05-11 09:33:33,MA311P2275,MA311P2275,120.5,0.0,0.0,0.0,6,118.5,119.0,1,114.5,109.0,132.0,109.0,584.0,69788.0,223
2023-05-11 09:33:33,MA311P2275,MA311P2275,120.5,0.0,0.0,0.0,9,118.5,119.0,1,114.5,109.0,132.0,109.0,584.0,69788.0,223
2023-05-11 09:33:36,MA311P2275,MA311P2275,120.5,0.0,0.0,0.0,12,118.5,119.0,4,114.5,109.0,132.0,109.0,584.0,69788.0,223
2023-05-11 09:33:41,MA311P2275,MA311P2275,120.5,0.0,0.0,0.0,12,118.5,119.0,3,114.5,109.0,132.0,109.0,584.0,69788.0,223
2023-05-11 09:33:42,MA311P2275,MA311P2275,120.5,0.0,0.0,0.0,15,118.5,119.0,3,114.5,109.0,132.0,109.0,584.0,69788.0,223
2023-05-11 09:33:45,MA311P2275,MA311P2275,120.5,0.0,0.0,0.0,12,118.5,119.0,3,114.5,109.0,132.0,109.0,584.0,69788.0,223
2023-05-11 09:33:45,MA311P2275,MA311P2275,119.0,6.0,717.0,-3.0,9,118.5,120.0,6,114.5,109.0,132.0,109.0,590.0,70505.0,220
2023-05-11 09:33:46,MA311P2275,MA311P2275,119.0,0.0,0.0,0.0,9,118.5,120.5,3,114.5,109.0,132.0,109.0,590.0,70505.0,220
2023-05-11 09:33:46,MA311P2275,MA311P2275,119.0,0.0,0.0,0.0,9,118.5,121.5,3,114.5,109.0,132.0,109.0,590.0,70505.0,220
2023-05-11 09:33:47,MA311P2275,MA311P2275,119.0,0.0,0.0,0.0,12,118.5,120.5,3,114.5,109.0,132.0,109.0,590.0,70505.0,220
2023-05-11 09:33:49,MA311P2275,MA311P2275,119.0,0.0,0.0,0.0,15,118.5,120.5,3,114.5,109.0,132.0,109.0,590.0,70505.0,220
2023-05-11 09:33:50,MA311P2275,MA311P2275,119.0,0.0,0.0,0.0,1,120.0,120.5,3,114.5,109.0,132.0,109.0,590.0,70505.0,220
2023-05-11 09:33:58,MA311P2275,MA311P2275,119.0,0.0,0.0,0.0,12,118.5,120.5,3,114.5,109.0,132.0,109.0,590.0,70505.0,220
2023-05-11 09:33:59,MA311P2275,MA311P2275,119.0,0.0,0.0,0.0,9,118.5,121.5,3,114.5,109.0,132.0,109.0,590.0,70505.0,220
2023-05-11 09:33:59,MA311P2275,MA311P2275,119.0,0.0,0.0,0.0,6,118.5,126.0,3,114.5,109.0,132.0,109.0,590.0,70505.0,220
2023-05-11 09:34:02,MA311P2275,MA311P2275,119.0,0.0,0.0,0.0,6,118.5,0.0,0,114.5,109.0,132.0,109.0,590.0,70505.0,220
2023-05-11 09:34:42,MA311P2275,MA311P2275,119.0,0.0,0.0,0.0,6,118.5,123.0,3,114.5,109.0,132.0,109.0,590.0,70505.0,220
2023-05-11 09:34:43,MA311P2275,MA311P2275,119.0,0.0,0.0,0.0,9,118.5,119.0,1,114.5,109.0,132.0,109.0,590.0,70505.0,220
2023-05-11 09:34:47,MA311P2275,MA311P2275,119.0,0.0,0.0,0.0,12,118.5,119.0,4,114.5,109.0,132.0,109.0,590.0,70505.0,220
2023-05-11 09:34:51,MA311P2275,MA311P2275,119.0,3.0,358.5,0.0,3,119.0,120.0,3,114.5,109.0,132.0,109.0,593.0,70863.5,220
2023-05-11 09:34:52,MA311P2275,MA311P2275,119.0,0.0,0.0,0.0,3,119.0,120.0,6,114.5,109.0,132.0,109.0,593.0,70863.5,220
2023-05-11 09:34:53,MA311P2275,MA311P2275,119.0,0.0,0.0,0.0,3,119.0,120.0,9,114.5,109.0,132.0,109.0,593.0,70863.5,220
2023-05-11 09:34:56,MA311P2275,MA311P2275,119.0,0.0,0.0,0.0,3,119.0,120.0,3,114.5,109.0,132.0,109.0,593.0,70863.5,220
2023-05-11 09:34:57,MA311P2275,MA311P2275,119.0,0.0,0.0,0.0,9,119.0,120.0,9,114.5,109.0,132.0,109.0,593.0,70863.5,220
2023-05-11 09:34:59,MA311P2275,MA311P2275,119.0,0.0,0.0,0.0,12,119.0,119.5,1,114.5,109.0,132.0,109.0,593.0,70863.5,220
2023-05-11 09:35:03,MA311P2275,MA311P2275,119.0,0.0,0.0,0.0,12,119.0,120.0,9,114.5,109.0,132.0,109.0,593.0,70863.5,220
2023-05-11 09:35:04,MA311P2275,MA311P2275,119.0,0.0,0.0,0.0,12,119.0,120.0,3,114.5,109.0,132.0,109.0,593.0,70863.5,220
2023-05-11 09:35:04,MA311P2275,MA311P2275,119.0,0.0,0.0,0.0,9,119.0,120.0,3,114.5,109.0,132.0,109.0,593.0,70863.5,220
2023-05-11 09:35:08,MA311P2275,MA311P2275,119.0,0.0,0.0,0.0,6,119.0,121.5,3,114.5,109.0,132.0,109.0,593.0,70863.5,220
2023-05-11 09:35:10,MA311P2275,MA311P2275,119.0,0.0,0.0,0.0,3,119.0,125.5,3,114.5,109.0,132.0,109.0,593.0,70863.5,220
2023-05-11 09:35:12,MA311P2275,MA311P2275,119.0,0.0,0.0,0.0,3,119.0,0.0,0,114.5,109.0,132.0,109.0,593.0,70863.5,220
2023-05-11 09:35:51,MA311P2275,MA311P2275,119.0,0.0,0.0,0.0,3,119.0,125.0,3,114.5,109.0,132.0,109.0,593.0,70863.5,220
2023-05-11 09:35:52,MA311P2275,MA311P2275,119.0,0.0,0.0,0.0,3,119.0,119.5,1,114.5,109.0,132.0,109.0,593.0,70863.5,220
2023-05-11 09:35:52,MA311P2275,MA311P2275,119.5,1.0,119.5,1.0,3,119.0,125.0,3,114.5,109.0,132.0,109.0,594.0,70983.0,221
2023-05-11 09:35:53,MA311P2275,MA311P2275,119.5,0.0,0.0,0.0,3,119.0,121.0,3,114.5,109.0,132.0,109.0,594.0,70983.0,221
2023-05-11 09:35:55,MA311P2275,MA311P2275,119.5,0.0,0.0,0.0,3,119.0,120.0,1,114.5,109.0,132.0,109.0,594.0,70983.0,221
2023-05-11 09:35:56,MA311P2275,MA311P2275,119.5,0.0,0.0,0.0,6,119.0,119.5,3,114.5,109.0,132.0,109.0,594.0,70983.0,221
2023-05-11 09:35:58,MA311P2275,MA311P2275,119.5,2.0,239.0,0.0,6,119.0,119.5,1,114.5,109.0,132.0,109.0,596.0,71222.0,221
2023-05-11 09:36:00,MA311P2275,MA311P2275,119.5,1.0,119.5,0.0,1,119.5,121.0,3,114.5,109.0,132.0,109.0,597.0,71341.5,221
2023-05-11 09:36:01,MA311P2275,MA311P2275,119.5,0.0,0.0,0.0,1,119.5,121.0,9,114.5,109.0,132.0,109.0,597.0,71341.5,221
2023-05-11 09:36:05,MA311P2275,MA311P2275,119.5,0.0,0.0,0.0,1,119.5,121.0,3,114.5,109.0,132.0,109.0,597.0,71341.5,221
2023-05-11 09:36:06,MA311P2275,MA311P2275,119.5,0.0,0.0,0.0,4,119.5,121.0,9,114.5,109.0,132.0,109.0,597.0,71341.5,221
2023-05-11 09:36:08,MA311P2275,MA311P2275,119.5,0.0,0.0,0.0,10,119.5,121.0,9,114.5,109.0,132.0,109.0,597.0,71341.5,221
2023-05-11 09:36:12,MA311P2275,MA311P2275,119.5,0.0,0.0,0.0,10,119.5,121.0,6,114.5,109.0,132.0,109.0,597.0,71341.5,221
2023-05-11 09:36:12,MA311P2275,MA311P2275,119.5,0.0,0.0,0.0,10,119.5,121.0,3,114.5,109.0,132.0,109.0,597.0,71341.5,221
2023-05-11 09:36:13,MA311P2275,MA311P2275,119.5,0.0,0.0,0.0,7,119.5,121.0,3,114.5,109.0,132.0,109.0,597.0,71341.5,221
2023-05-11 09:36:18,MA311P2275,MA311P2275,119.5,0.0,0.0,0.0,4,119.5,121.5,3,114.5,109.0,132.0,109.0,597.0,71341.5,221
2023-05-11 09:36:18,MA311P2275,MA311P2275,119.5,0.0,0.0,0.0,1,119.5,127.0,3,114.5,109.0,132.0,109.0,597.0,71341.5,221
2023-05-11 09:36:21,MA311P2275,MA311P2275,119.5,0.0,0.0,0.0,1,119.5,0.0,0,114.5,109.0,132.0,109.0,597.0,71341.5,221
2023-05-11 09:39:30,MA311P2275,MA311P2275,119.5,1.0,119.5,0.0,3,119.0,0.0,0,114.5,109.0,132.0,109.0,598.0,71461.0,221
2023-05-11 09:39:33,MA311P2275,MA311P2275,119.0,3.0,358.5,0.0,3,118.5,0.0,0,114.5,109.0,132.0,109.0,601.0,71819.5,221
2023-05-11 09:39:35,MA311P2275,MA311P2275,118.5,3.0,358.5,0.0,3,118.0,0.0,0,114.5,109.0,132.0,109.0,604.0,72178.0,221
2023-05-11 09:39:38,MA311P2275,MA311P2275,118.0,3.0,358.5,0.0,3,111.0,0.0,0,114.5,109.0,132.0,109.0,607.0,72536.5,221
2023-05-11 09:39:47,MA311P2275,MA311P2275,118.0,0.0,0.0,0.0,3,111.0,120.0,3,114.5,109.0,132.0,109.0,607.0,72536.5,221
2023-05-11 09:39:48,MA311P2275,MA311P2275,118.0,0.0,0.0,0.0,6,111.0,120.0,6,114.5,109.0,132.0,109.0,607.0,72536.5,221
2023-05-11 09:39:49,MA311P2275,MA311P2275,118.0,0.0,0.0,0.0,3,114.5,117.0,3,114.5,109.0,132.0,109.0,607.0,72536.5,221
2023-05-11 09:39:53,MA311P2275,MA311P2275,118.0,0.0,0.0,0.0,3,115.0,117.0,6,114.5,109.0,132.0,109.0,607.0,72536.5,221
2023-05-11 09:39:54,MA311P2275,MA311P2275,118.0,0.0,0.0,0.0,6,115.0,117.0,6,114.5,109.0,132.0,109.0,607.0,72536.5,221
2023-05-11 09:39:55,MA311P2275,MA311P2275,118.0,0.0,0.0,0.0,6,115.0,115.5,1,114.5,109.0,132.0,109.0,607.0,72536.5,221
2023-05-11 09:39:55,MA311P2275,MA311P2275,118.0,0.0,0.0,0.0,6,115.0,115.5,4,114.5,109.0,132.0,109.0,607.0,72536.5,221
2023-05-11 09:39:57,MA311P2275,MA311P2275,115.5,3.0,358.5,0.0,3,115.5,116.0,3,114.5,109.0,132.0,109.0,610.0,72895.0,221
2023-05-11 09:39:58,MA311P2275,MA311P2275,115.5,0.0,0.0,0.0,3,115.5,117.0,9,114.5,109.0,132.0,109.0,610.0,72895.0,221
2023-05-11 09:39:58,MA311P2275,MA311P2275,115.5,0.0,0.0,0.0,3,115.5,116.5,3,114.5,109.0,132.0,109.0,610.0,72895.0,221
2023-05-11 09:40:01,MA311P2275,MA311P2275,115.5,0.0,0.0,0.0,3,115.5,116.0,1,114.5,109.0,132.0,109.0,610.0,72895.0,221
2023-05-11 09:40:02,MA311P2275,MA311P2275,115.5,0.0,0.0,0.0,9,115.5,116.0,4,114.5,109.0,132.0,109.0,610.0,72895.0,221
2023-05-11 09:40:06,MA311P2275,MA311P2275,116.5,7.0,836.5,-4.0,3,117.5,122.0,3,114.5,109.0,132.0,109.0,617.0,73731.5,217
2023-05-11 09:40:09,MA311P2275,MA311P2275,117.5,3.0,358.5,0.0,3,115.5,122.0,3,114.5,109.0,132.0,109.0,620.0,74090.0,217
2023-05-11 09:40:17,MA311P2275,MA311P2275,117.5,0.0,0.0,0.0,3,115.5,0.0,0,114.5,109.0,132.0,109.0,620.0,74090.0,217
2023-05-11 09:41:05,MA311P2275,MA311P2275,115.5,3.0,358.5,0.0,3,111.0,0.0,0,114.5,109.0,132.0,109.0,623.0,74448.5,217
2023-05-11 09:41:13,MA311P2275,MA311P2275,115.5,0.0,0.0,0.0,3,111.0,121.0,3,114.5,109.0,132.0,109.0,623.0,74448.5,217
2023-05-11 09:41:14,MA311P2275,MA311P2275,115.5,0.0,0.0,0.0,6,111.0,121.0,6,114.5,109.0,132.0,109.0,623.0,74448.5,217
2023-05-11 09:41:15,MA311P2275,MA311P2275,115.5,0.0,0.0,0.0,6,111.0,115.5,1,114.5,109.0,132.0,109.0,623.0,74448.5,217
2023-05-11 09:41:15,MA311P2275,MA311P2275,115.5,0.0,0.0,0.0,3,115.0,115.5,1,114.5,109.0,132.0,109.0,623.0,74448.5,217
2023-05-11 09:41:18,MA311P2275,MA311P2275,115.5,0.0,0.0,0.0,6,115.0,115.5,4,114.5,109.0,132.0,109.0,623.0,74448.5,217
2023-05-11 09:41:19,MA311P2275,MA311P2275,115.5,3.0,45.5,0.0,3,115.5,117.5,3,114.5,109.0,132.0,109.0,626.0,74494.0,217
2023-05-11 09:41:20,MA311P2275,MA311P2275,115.5,0.0,0.0,0.0,6,115.5,117.5,3,114.5,109.0,132.0,109.0,626.0,74494.0,217
2023-05-11 09:41:23,MA311P2275,MA311P2275,115.5,0.0,0.0,0.0,12,115.5,117.5,6,114.5,109.0,132.0,109.0,626.0,74494.0,217
2023-05-11 09:41:24,MA311P2275,MA311P2275,115.5,0.0,0.0,0.0,12,115.5,116.0,1,114.5,109.0,132.0,109.0,626.0,74494.0,217
2023-05-11 09:41:28,MA311P2275,MA311P2275,115.5,0.0,0.0,0.0,15,115.5,116.0,4,114.5,109.0,132.0,109.0,626.0,74494.0,217
2023-05-11 09:41:31,MA311P2275,MA311P2275,115.5,0.0,0.0,0.0,12,115.5,116.0,4,114.5,109.0,132.0,109.0,626.0,74494.0,217
2023-05-11 09:41:31,MA311P2275,MA311P2275,116.5,6.0,714.0,-3.0,6,115.5,117.0,3,114.5,109.0,132.0,109.0,632.0,75208.0,214
2023-05-11 09:41:35,MA311P2275,MA311P2275,116.5,0.0,0.0,0.0,3,115.5,122.0,3,114.5,109.0,132.0,109.0,632.0,75208.0,214
2023-05-11 09:41:43,MA311P2275,MA311P2275,116.5,0.0,0.0,0.0,3,115.5,0.0,0,114.5,109.0,132.0,109.0,632.0,75208.0,214
2023-05-11 10:00:38,MA311P2275,MA311P2275,116.5,0.0,0.0,0.0,3,115.5,124.0,3,114.5,109.0,132.0,109.0,632.0,75208.0,214
2023-05-11 10:00:39,MA311P2275,MA311P2275,116.5,0.0,0.0,0.0,6,115.5,124.0,6,114.5,109.0,132.0,109.0,632.0,75208.0,214
2023-05-11 10:00:40,MA311P2275,MA311P2275,116.5,0.0,0.0,0.0,3,118.0,120.5,3,114.5,109.0,132.0,109.0,632.0,75208.0,214
2023-05-11 10:00:43,MA311P2275,MA311P2275,116.5,0.0,0.0,0.0,3,118.5,120.5,6,114.5,109.0,132.0,109.0,632.0,75208.0,214
2023-05-11 10:00:44,MA311P2275,MA311P2275,116.5,0.0,0.0,0.0,6,118.5,120.5,9,114.5,109.0,132.0,109.0,632.0,75208.0,214
2023-05-11 10:00:45,MA311P2275,MA311P2275,116.5,0.0,0.0,0.0,9,118.5,120.5,12,114.5,109.0,132.0,109.0,632.0,75208.0,214
2023-05-11 10:00:48,MA311P2275,MA311P2275,116.5,0.0,0.0,0.0,12,118.5,120.5,15,114.5,109.0,132.0,109.0,632.0,75208.0,214
2023-05-11 10:00:52,MA311P2275,MA311P2275,116.5,0.0,0.0,0.0,12,118.5,120.5,12,114.5,109.0,132.0,109.0,632.0,75208.0,214
2023-05-11 10:00:52,MA311P2275,MA311P2275,116.5,0.0,0.0,0.0,15,118.5,120.5,15,114.5,109.0,132.0,109.0,632.0,75208.0,214
2023-05-11 10:00:53,MA311P2275,MA311P2275,120.5,6.0,714.0,0.0,12,118.5,120.5,12,114.5,109.0,132.0,109.0,638.0,75922.0,214
2023-05-11 10:00:53,MA311P2275,MA311P2275,120.5,0.0,0.0,0.0,3,119.5,120.5,15,114.5,109.0,132.0,109.0,638.0,75922.0,214
2023-05-11 10:00:54,MA311P2275,MA311P2275,120.5,3.0,357.0,0.0,3,119.5,120.5,12,114.5,109.0,132.0,109.0,641.0,76279.0,214
2023-05-11 10:01:00,MA311P2275,MA311P2275,120.5,0.0,0.0,0.0,3,119.5,120.5,6,114.5,109.0,132.0,109.0,641.0,76279.0,214
2023-05-11 10:01:06,MA311P2275,MA311P2275,120.5,0.0,0.0,0.0,3,115.5,126.5,3,114.5,109.0,132.0,109.0,641.0,76279.0,214
2023-05-11 10:01:08,MA311P2275,MA311P2275,120.5,0.0,0.0,0.0,3,115.5,0.0,0,114.5,109.0,132.0,109.0,641.0,76279.0,214
2023-05-11 10:14:52,MA311P2275,MA311P2275,120.5,0.0,0.0,0.0,3,111.0,0.0,0,114.5,109.0,132.0,109.0,641.0,76279.0,214
2023-05-11 10:32:54,MA311P2275,MA311P2275,120.5,0.0,0.0,0.0,3,111.0,116.0,3,114.5,109.0,132.0,109.0,641.0,76279.0,214
2023-05-11 10:32:55,MA311P2275,MA311P2275,120.5,0.0,0.0,0.0,6,111.0,116.0,6,114.5,109.0,132.0,109.0,641.0,76279.0,214
2023-05-11 10:32:56,MA311P2275,MA311P2275,120.5,0.0,0.0,0.0,6,111.0,112.5,3,114.5,109.0,132.0,109.0,641.0,76279.0,214
2023-05-11 10:32:58,MA311P2275,MA311P2275,120.5,0.0,0.0,0.0,9,111.0,112.0,3,114.5,109.0,132.0,109.0,641.0,76279.0,214
2023-05-11 10:33:00,MA311P2275,MA311P2275,120.5,0.0,0.0,0.0,12,111.0,112.0,6,114.5,109.0,132.0,109.0,641.0,76279.0,214
2023-05-11 10:33:01,MA311P2275,MA311P2275,120.5,0.0,0.0,0.0,12,111.0,112.0,9,114.5,109.0,132.0,109.0,641.0,76279.0,214
2023-05-11 10:33:04,MA311P2275,MA311P2275,120.5,0.0,0.0,0.0,15,111.0,112.0,12,114.5,109.0,132.0,109.0,641.0,76279.0,214
2023-05-11 10:33:07,MA311P2275,MA311P2275,120.5,0.0,0.0,0.0,12,111.0,112.0,12,114.5,109.0,132.0,109.0,641.0,76279.0,214
2023-05-11 10:33:09,MA311P2275,MA311P2275,120.5,0.0,0.0,0.0,15,111.0,112.0,15,114.5,109.0,132.0,109.0,641.0,76279.0,214
2023-05-11 10:33:10,MA311P2275,MA311P2275,120.5,0.0,0.0,0.0,12,111.0,112.0,12,114.5,109.0,132.0,109.0,641.0,76279.0,214
2023-05-11 10:33:11,MA311P2275,MA311P2275,120.5,0.0,0.0,0.0,12,111.0,112.0,9,114.5,109.0,132.0,109.0,641.0,76279.0,214
2023-05-11 10:33:16,MA311P2275,MA311P2275,120.5,0.0,0.0,0.0,9,111.0,112.0,6,114.5,109.0,132.0,109.0,641.0,76279.0,214
2023-05-11 10:33:18,MA311P2275,MA311P2275,120.5,0.0,0.0,0.0,6,111.0,112.0,3,114.5,109.0,132.0,109.0,641.0,76279.0,214
2023-05-11 10:33:21,MA311P2275,MA311P2275,120.5,0.0,0.0,0.0,3,111.0,117.5,3,114.5,109.0,132.0,109.0,641.0,76279.0,214
2023-05-11 10:33:24,MA311P2275,MA311P2275,120.5,0.0,0.0,0.0,3,111.0,0.0,0,114.5,109.0,132.0,109.0,641.0,76279.0,214
2023-05-11 10:38:57,MA311P2275,MA311P2275,120.5,0.0,0.0,0.0,3,111.0,116.5,3,114.5,109.0,132.0,109.0,641.0,76279.0,214
2023-05-11 10:38:58,MA311P2275,MA311P2275,120.5,0.0,0.0,0.0,6,111.0,116.5,6,114.5,109.0,132.0,109.0,641.0,76279.0,214
2023-05-11 10:38:59,MA311P2275,MA311P2275,120.5,0.0,0.0,0.0,6,111.0,112.5,3,114.5,109.0,132.0,109.0,641.0,76279.0,214
2023-05-11 10:39:01,MA311P2275,MA311P2275,120.5,0.0,0.0,0.0,9,111.0,112.0,3,114.5,109.0,132.0,109.0,641.0,76279.0,214
2023-05-11 10:39:03,MA311P2275,MA311P2275,120.5,0.0,0.0,0.0,12,111.0,112.0,6,114.5,109.0,132.0,109.0,641.0,76279.0,214
2023-05-11 10:39:03,MA311P2275,MA311P2275,120.5,0.0,0.0,0.0,15,111.0,112.0,6,114.5,109.0,132.0,109.0,641.0,76279.0,214
2023-05-11 10:39:04,MA311P2275,MA311P2275,120.5,0.0,0.0,0.0,18,111.0,112.0,9,114.5,109.0,132.0,109.0,641.0,76279.0,214
2023-05-11 10:39:07,MA311P2275,MA311P2275,120.5,0.0,0.0,0.0,21,111.0,112.0,12,114.5,109.0,132.0,109.0,641.0,76279.0,214
2023-05-11 10:39:08,MA311P2275,MA311P2275,112.0,6.0,714.0,0.0,15,111.0,112.0,6,114.5,109.0,132.0,109.0,647.0,76993.0,214
2023-05-11 10:39:08,MA311P2275,MA311P2275,112.0,0.0,0.0,0.0,15,111.0,112.0,3,114.5,109.0,132.0,109.0,647.0,76993.0,214
2023-05-11 10:39:09,MA311P2275,MA311P2275,112.0,3.0,357.0,0.0,12,111.0,112.5,6,114.5,109.0,132.0,109.0,650.0,77350.0,214
2023-05-11 10:39:09,MA311P2275,MA311P2275,112.0,0.0,0.0,0.0,12,111.0,112.5,3,114.5,109.0,132.0,109.0,650.0,77350.0,214
2023-05-11 10:39:10,MA311P2275,MA311P2275,112.0,0.0,0.0,0.0,9,111.0,112.5,3,114.5,109.0,132.0,109.0,650.0,77350.0,214
2023-05-11 10:39:11,MA311P2275,MA311P2275,112.0,0.0,0.0,0.0,9,111.0,113.0,6,114.5,109.0,132.0,109.0,650.0,77350.0,214
2023-05-11 10:39:11,MA311P2275,MA311P2275,112.0,0.0,0.0,0.0,9,111.0,113.0,3,114.5,109.0,132.0,109.0,650.0,77350.0,214
2023-05-11 10:39:11,MA311P2275,MA311P2275,112.0,0.0,0.0,0.0,12,111.0,113.0,6,114.5,109.0,132.0,109.0,650.0,77350.0,214
2023-05-11 10:39:12,MA311P2275,MA311P2275,112.0,0.0,0.0,0.0,12,111.0,113.0,9,114.5,109.0,132.0,109.0,650.0,77350.0,214
2023-05-11 10:39:15,MA311P2275,MA311P2275,112.0,0.0,0.0,0.0,9,111.0,113.0,6,114.5,109.0,132.0,109.0,650.0,77350.0,214
2023-05-11 10:39:15,MA311P2275,MA311P2275,112.0,0.0,0.0,0.0,9,111.0,113.0,3,114.5,109.0,132.0,109.0,650.0,77350.0,214
2023-05-11 10:39:19,MA311P2275,MA311P2275,112.0,0.0,0.0,0.0,6,111.0,113.0,3,114.5,109.0,132.0,109.0,650.0,77350.0,214
2023-05-11 10:39:24,MA311P2275,MA311P2275,112.0,0.0,0.0,0.0,3,111.0,118.0,3,114.5,109.0,132.0,109.0,650.0,77350.0,214
2023-05-11 10:39:27,MA311P2275,MA311P2275,112.0,0.0,0.0,0.0,3,111.0,0.0,0,114.5,109.0,132.0,109.0,650.0,77350.0,214
2023-05-11 10:55:37,MA311P2275,MA311P2275,112.0,0.0,0.0,0.0,3,111.0,116.0,3,114.5,109.0,132.0,109.0,650.0,77350.0,214
2023-05-11 10:55:38,MA311P2275,MA311P2275,112.0,0.0,0.0,0.0,6,111.0,116.0,6,114.5,109.0,132.0,109.0,650.0,77350.0,214
2023-05-11 10:55:40,MA311P2275,MA311P2275,112.0,0.0,0.0,0.0,6,111.0,112.0,3,114.5,109.0,132.0,109.0,650.0,77350.0,214
2023-05-11 10:55:43,MA311P2275,MA311P2275,112.0,0.0,0.0,0.0,9,111.0,111.5,3,114.5,109.0,132.0,109.0,650.0,77350.0,214
2023-05-11 10:55:44,MA311P2275,MA311P2275,112.0,0.0,0.0,0.0,12,111.0,111.5,3,114.5,109.0,132.0,109.0,650.0,77350.0,214
2023-05-11 10:55:48,MA311P2275,MA311P2275,112.0,0.0,0.0,0.0,15,111.0,111.5,3,114.5,109.0,132.0,109.0,650.0,77350.0,214
2023-05-11 10:55:50,MA311P2275,MA311P2275,112.0,0.0,0.0,0.0,12,111.0,111.5,3,114.5,109.0,132.0,109.0,650.0,77350.0,214
2023-05-11 10:55:52,MA311P2275,MA311P2275,112.0,0.0,0.0,0.0,15,111.0,111.5,3,114.5,109.0,132.0,109.0,650.0,77350.0,214
2023-05-11 10:55:53,MA311P2275,MA311P2275,112.0,0.0,0.0,0.0,21,111.0,111.5,9,114.5,109.0,132.0,109.0,650.0,77350.0,214
2023-05-11 10:55:55,MA311P2275,MA311P2275,112.0,0.0,0.0,0.0,18,111.0,111.5,6,114.5,109.0,132.0,109.0,650.0,77350.0,214
2023-05-11 10:55:55,MA311P2275,MA311P2275,112.0,0.0,0.0,0.0,15,111.0,111.5,3,114.5,109.0,132.0,109.0,650.0,77350.0,214
2023-05-11 10:56:00,MA311P2275,MA311P2275,112.0,0.0,0.0,0.0,12,111.0,111.5,3,114.5,109.0,132.0,109.0,650.0,77350.0,214
2023-05-11 10:56:04,MA311P2275,MA311P2275,112.0,0.0,0.0,0.0,9,111.0,111.5,3,114.5,109.0,132.0,109.0,650.0,77350.0,214
2023-05-11 10:56:04,MA311P2275,MA311P2275,112.0,0.0,0.0,0.0,6,111.0,111.5,3,114.5,109.0,132.0,109.0,650.0,77350.0,214
2023-05-11 10:56:05,MA311P2275,MA311P2275,112.0,0.0,0.0,0.0,3,111.0,117.5,3,114.5,109.0,132.0,109.0,650.0,77350.0,214
2023-05-11 10:56:07,MA311P2275,MA311P2275,112.0,0.0,0.0,0.0,3,111.0,0.0,0,114.5,109.0,132.0,109.0,650.0,77350.0,214
2023-05-11 11:00:18,MA311P2275,MA311P2275,112.0,0.0,0.0,0.0,3,111.0,114.5,3,114.5,109.0,132.0,109.0,650.0,77350.0,214
2023-05-11 11:00:19,MA311P2275,MA311P2275,112.0,0.0,0.0,0.0,6,111.0,114.5,6,114.5,109.0,132.0,109.0,650.0,77350.0,214
2023-05-11 11:00:21,MA311P2275,MA311P2275,111.0,3.0,357.0,0.0,3,111.0,114.5,6,114.5,109.0,132.0,109.0,653.0,77707.0,214
2023-05-11 11:00:23,MA311P2275,MA311P2275,111.0,0.0,0.0,0.0,3,111.5,114.0,3,114.5,109.0,132.0,109.0,653.0,77707.0,214
2023-05-11 11:00:27,MA311P2275,MA311P2275,111.0,0.0,0.0,0.0,1,113.5,114.5,6,114.5,109.0,132.0,109.0,653.0,77707.0,214
