time,symbol_id,symbol_name,last,trade_volume,trade_amount,open_interest_change,bv1,bp1,ap1,av1,yesterday_close,today_open,today_high,today_low,volume,amount,open_interest
2023-05-10 19:12:58,MA312C2500,MA312C2500,72.0,0.0,0.0,0.0,0,0.0,0.0,0,72.0,100.0,0.0,0.0,0.0,0.0,40
2023-05-10 20:59:00,MA312C2500,MA312C2500,72.0,0.0,0.0,0.0,2,10.0,111.0,1,72.0,100.0,0.0,0.0,0.0,0.0,40
2023-05-10 21:00:56,MA312C2500,MA312C2500,72.0,0.0,0.0,0.0,1,10.5,111.0,1,72.0,100.0,0.0,0.0,0.0,0.0,40
2023-05-10 21:17:53,MA312C2500,MA312C2500,100.0,1.0,100.0,1.0,1,10.5,111.0,1,72.0,100.0,100.0,100.0,1.0,100.0,41
2023-05-10 21:17:54,MA312C2500,MA312C2500,100.0,0.0,0.0,0.0,1,10.5,110.5,1,72.0,100.0,100.0,100.0,1.0,100.0,41
2023-05-10 21:18:54,MA312C2500,MA312C2500,100.0,0.0,0.0,0.0,1,10.5,110.0,1,72.0,100.0,100.0,100.0,1.0,100.0,41
2023-05-10 21:18:54,MA312C2500,MA312C2500,100.0,0.0,0.0,0.0,1,10.5,109.5,1,72.0,100.0,100.0,100.0,1.0,100.0,41
2023-05-10 21:19:19,MA312C2500,MA312C2500,100.0,0.0,0.0,0.0,1,10.5,109.0,1,72.0,100.0,100.0,100.0,1.0,100.0,41
2023-05-10 21:23:23,MA312C2500,MA312C2500,100.0,0.0,0.0,0.0,1,10.5,109.5,1,72.0,100.0,100.0,100.0,1.0,100.0,41
2023-05-10 21:28:41,MA312C2500,MA312C2500,100.0,0.0,0.0,0.0,1,10.5,109.0,1,72.0,100.0,100.0,100.0,1.0,100.0,41
2023-05-10 21:36:10,MA312C2500,MA312C2500,100.0,0.0,0.0,0.0,1,10.5,109.5,1,72.0,100.0,100.0,100.0,1.0,100.0,41
2023-05-10 22:07:16,MA312C2500,MA312C2500,100.0,0.0,0.0,0.0,1,17.0,109.5,1,72.0,100.0,100.0,100.0,1.0,100.0,41
2023-05-10 22:24:36,MA312C2500,MA312C2500,100.0,0.0,0.0,0.0,3,57.5,64.5,3,72.0,100.0,100.0,100.0,1.0,100.0,41
2023-05-10 22:24:37,MA312C2500,MA312C2500,100.0,0.0,0.0,0.0,6,57.5,64.5,6,72.0,100.0,100.0,100.0,1.0,100.0,41
2023-05-10 22:24:38,MA312C2500,MA312C2500,100.0,0.0,0.0,0.0,3,58.5,61.0,3,72.0,100.0,100.0,100.0,1.0,100.0,41
2023-05-10 22:24:40,MA312C2500,MA312C2500,100.0,0.0,0.0,0.0,3,59.0,61.0,6,72.0,100.0,100.0,100.0,1.0,100.0,41
2023-05-10 22:24:42,MA312C2500,MA312C2500,100.0,0.0,0.0,0.0,6,59.0,61.0,9,72.0,100.0,100.0,100.0,1.0,100.0,41
2023-05-10 22:24:43,MA312C2500,MA312C2500,61.0,3.0,184.0,3.0,6,59.0,61.0,6,72.0,100.0,100.0,61.0,4.0,284.0,44
2023-05-10 22:24:46,MA312C2500,MA312C2500,61.0,0.0,0.0,0.0,9,59.0,61.0,9,72.0,100.0,100.0,61.0,4.0,284.0,44
2023-05-10 22:24:47,MA312C2500,MA312C2500,61.0,6.0,366.0,0.0,3,60.0,61.5,3,72.0,100.0,100.0,61.0,10.0,650.0,44
2023-05-10 22:24:48,MA312C2500,MA312C2500,61.0,0.0,0.0,0.0,3,60.0,62.5,6,72.0,100.0,100.0,61.0,10.0,650.0,44
2023-05-10 22:24:48,MA312C2500,MA312C2500,61.0,0.0,0.0,0.0,3,60.0,62.5,3,72.0,100.0,100.0,61.0,10.0,650.0,44
2023-05-10 22:24:51,MA312C2500,MA312C2500,61.0,0.0,0.0,0.0,3,60.0,60.5,3,72.0,100.0,100.0,61.0,10.0,650.0,44
2023-05-10 22:24:51,MA312C2500,MA312C2500,61.0,0.0,0.0,0.0,9,60.0,60.5,9,72.0,100.0,100.0,61.0,10.0,650.0,44
2023-05-10 22:24:53,MA312C2500,MA312C2500,61.0,0.0,0.0,0.0,12,60.0,60.5,9,72.0,100.0,100.0,61.0,10.0,650.0,44
2023-05-10 22:24:54,MA312C2500,MA312C2500,61.0,0.0,0.0,0.0,12,60.0,60.5,3,72.0,100.0,100.0,61.0,10.0,650.0,44
2023-05-10 22:24:54,MA312C2500,MA312C2500,61.0,0.0,0.0,0.0,15,60.0,60.5,3,72.0,100.0,100.0,61.0,10.0,650.0,44
2023-05-10 22:24:57,MA312C2500,MA312C2500,61.0,9.0,547.0,3.0,9,60.0,61.0,3,72.0,100.0,100.0,60.5,19.0,1197.0,47
2023-05-10 22:24:58,MA312C2500,MA312C2500,61.0,0.0,0.0,0.0,6,60.0,61.0,3,72.0,100.0,100.0,60.5,19.0,1197.0,47
2023-05-10 22:25:03,MA312C2500,MA312C2500,61.0,0.0,0.0,0.0,3,60.0,61.0,3,72.0,100.0,100.0,60.5,19.0,1197.0,47
2023-05-10 22:25:06,MA312C2500,MA312C2500,61.0,0.0,0.0,0.0,1,10.5,109.5,1,72.0,100.0,100.0,60.5,19.0,1197.0,47
2023-05-10 22:25:06,MA312C2500,MA312C2500,61.0,0.0,0.0,0.0,1,17.0,109.5,1,72.0,100.0,100.0,60.5,19.0,1197.0,47
2023-05-10 22:25:07,MA312C2500,MA312C2500,61.0,0.0,0.0,0.0,1,17.5,109.5,1,72.0,100.0,100.0,60.5,19.0,1197.0,47
2023-05-10 22:25:07,MA312C2500,MA312C2500,61.0,0.0,0.0,0.0,1,24.0,109.5,1,72.0,100.0,100.0,60.5,19.0,1197.0,47
2023-05-10 22:25:08,MA312C2500,MA312C2500,61.0,0.0,0.0,0.0,1,24.5,109.5,1,72.0,100.0,100.0,60.5,19.0,1197.0,47
2023-05-10 22:25:08,MA312C2500,MA312C2500,61.0,0.0,0.0,0.0,1,28.0,109.5,1,72.0,100.0,100.0,60.5,19.0,1197.0,47
2023-05-10 22:25:09,MA312C2500,MA312C2500,61.0,0.0,0.0,0.0,1,28.5,109.5,1,72.0,100.0,100.0,60.5,19.0,1197.0,47
2023-05-10 22:25:09,MA312C2500,MA312C2500,61.0,0.0,0.0,0.0,1,29.0,109.5,1,72.0,100.0,100.0,60.5,19.0,1197.0,47
2023-05-10 22:25:10,MA312C2500,MA312C2500,61.0,0.0,0.0,0.0,1,29.5,109.5,1,72.0,100.0,100.0,60.5,19.0,1197.0,47
2023-05-10 22:25:10,MA312C2500,MA312C2500,61.0,0.0,0.0,0.0,1,30.0,109.5,1,72.0,100.0,100.0,60.5,19.0,1197.0,47
2023-05-10 22:25:10,MA312C2500,MA312C2500,61.0,0.0,0.0,0.0,1,30.5,109.5,1,72.0,100.0,100.0,60.5,19.0,1197.0,47
2023-05-10 22:25:11,MA312C2500,MA312C2500,61.0,0.0,0.0,0.0,1,31.0,109.5,1,72.0,100.0,100.0,60.5,19.0,1197.0,47
2023-05-10 22:25:11,MA312C2500,MA312C2500,61.0,0.0,0.0,0.0,1,31.5,109.5,1,72.0,100.0,100.0,60.5,19.0,1197.0,47
2023-05-10 22:28:02,MA312C2500,MA312C2500,61.0,0.0,0.0,0.0,3,57.5,64.5,3,72.0,100.0,100.0,60.5,19.0,1197.0,47
2023-05-10 22:28:03,MA312C2500,MA312C2500,61.0,0.0,0.0,0.0,6,57.5,64.5,6,72.0,100.0,100.0,60.5,19.0,1197.0,47
2023-05-10 22:28:04,MA312C2500,MA312C2500,61.0,0.0,0.0,0.0,3,58.0,60.5,3,72.0,100.0,100.0,60.5,19.0,1197.0,47
2023-05-10 22:28:07,MA312C2500,MA312C2500,61.0,0.0,0.0,0.0,3,58.5,60.5,6,72.0,100.0,100.0,60.5,19.0,1197.0,47
2023-05-10 22:28:08,MA312C2500,MA312C2500,61.0,0.0,0.0,0.0,3,59.0,60.5,3,72.0,100.0,100.0,60.5,19.0,1197.0,47
2023-05-10 22:28:08,MA312C2500,MA312C2500,61.0,0.0,0.0,0.0,6,59.0,60.0,3,72.0,100.0,100.0,60.5,19.0,1197.0,47
2023-05-10 22:28:11,MA312C2500,MA312C2500,60.0,3.0,178.0,3.0,3,60.0,60.5,3,72.0,100.0,100.0,60.0,22.0,1375.0,50
2023-05-10 22:28:12,MA312C2500,MA312C2500,60.0,0.0,0.0,0.0,9,60.0,60.5,3,72.0,100.0,100.0,60.0,22.0,1375.0,50
2023-05-10 22:28:14,MA312C2500,MA312C2500,60.5,3.0,187.5,3.0,9,60.0,61.5,6,72.0,100.0,100.0,60.0,25.0,1562.5,53
2023-05-10 22:28:15,MA312C2500,MA312C2500,60.5,0.0,0.0,0.0,9,60.0,61.5,3,72.0,100.0,100.0,60.0,25.0,1562.5,53
2023-05-10 22:28:17,MA312C2500,MA312C2500,60.5,0.0,0.0,0.0,12,60.0,61.5,9,72.0,100.0,100.0,60.0,25.0,1562.5,53
2023-05-10 22:28:18,MA312C2500,MA312C2500,60.5,0.0,0.0,0.0,12,60.0,60.5,3,72.0,100.0,100.0,60.0,25.0,1562.5,53
2023-05-10 22:28:18,MA312C2500,MA312C2500,60.5,0.0,0.0,0.0,12,60.0,61.5,9,72.0,100.0,100.0,60.0,25.0,1562.5,53
2023-05-10 22:28:19,MA312C2500,MA312C2500,60.5,0.0,0.0,0.0,12,60.0,60.5,3,72.0,100.0,100.0,60.0,25.0,1562.5,53
2023-05-10 22:28:19,MA312C2500,MA312C2500,60.5,0.0,0.0,0.0,15,60.0,61.5,9,72.0,100.0,100.0,60.0,25.0,1562.5,53
2023-05-10 22:28:20,MA312C2500,MA312C2500,60.5,0.0,0.0,0.0,15,60.0,60.5,3,72.0,100.0,100.0,60.0,25.0,1562.5,53
2023-05-10 22:28:20,MA312C2500,MA312C2500,60.5,0.0,0.0,0.0,15,60.0,61.5,9,72.0,100.0,100.0,60.0,25.0,1562.5,53
2023-05-10 22:28:21,MA312C2500,MA312C2500,60.5,0.0,0.0,0.0,15,60.0,60.5,3,72.0,100.0,100.0,60.0,25.0,1562.5,53
2023-05-10 22:28:21,MA312C2500,MA312C2500,60.5,0.0,0.0,0.0,15,60.0,61.5,9,72.0,100.0,100.0,60.0,25.0,1562.5,53
2023-05-10 22:28:22,MA312C2500,MA312C2500,60.5,0.0,0.0,0.0,15,60.0,60.5,3,72.0,100.0,100.0,60.0,25.0,1562.5,53
2023-05-10 22:28:22,MA312C2500,MA312C2500,60.5,0.0,0.0,0.0,15,60.0,61.5,9,72.0,100.0,100.0,60.0,25.0,1562.5,53
2023-05-10 22:28:23,MA312C2500,MA312C2500,60.5,0.0,0.0,0.0,12,60.0,61.5,6,72.0,100.0,100.0,60.0,25.0,1562.5,53
2023-05-10 22:28:24,MA312C2500,MA312C2500,60.5,0.0,0.0,0.0,12,60.0,61.5,3,72.0,100.0,100.0,60.0,25.0,1562.5,53
2023-05-10 22:28:24,MA312C2500,MA312C2500,60.5,0.0,0.0,0.0,9,60.0,61.5,3,72.0,100.0,100.0,60.0,25.0,1562.5,53
2023-05-10 22:28:29,MA312C2500,MA312C2500,60.5,0.0,0.0,0.0,6,60.0,62.0,6,72.0,100.0,100.0,60.0,25.0,1562.5,53
2023-05-10 22:28:29,MA312C2500,MA312C2500,60.5,0.0,0.0,0.0,6,60.0,62.0,3,72.0,100.0,100.0,60.0,25.0,1562.5,53
2023-05-10 22:28:30,MA312C2500,MA312C2500,60.5,0.0,0.0,0.0,3,60.0,63.5,3,72.0,100.0,100.0,60.0,25.0,1562.5,53
2023-05-10 22:28:32,MA312C2500,MA312C2500,60.5,0.0,0.0,0.0,3,60.0,109.5,1,72.0,100.0,100.0,60.0,25.0,1562.5,53
2023-05-10 22:31:53,MA312C2500,MA312C2500,60.5,0.0,0.0,0.0,3,60.0,65.0,3,72.0,100.0,100.0,60.0,25.0,1562.5,53
2023-05-10 22:31:54,MA312C2500,MA312C2500,60.5,0.0,0.0,0.0,6,60.0,65.0,6,72.0,100.0,100.0,60.0,25.0,1562.5,53
2023-05-10 22:31:55,MA312C2500,MA312C2500,60.5,0.0,0.0,0.0,6,60.0,61.0,3,72.0,100.0,100.0,60.0,25.0,1562.5,53
2023-05-10 22:31:58,MA312C2500,MA312C2500,60.5,0.0,0.0,0.0,9,60.0,61.0,3,72.0,100.0,100.0,60.0,25.0,1562.5,53
2023-05-10 22:32:00,MA312C2500,MA312C2500,60.5,0.0,0.0,0.0,12,60.0,61.0,3,72.0,100.0,100.0,60.0,25.0,1562.5,53
2023-05-10 22:32:03,MA312C2500,MA312C2500,60.5,0.0,0.0,0.0,15,60.0,61.0,3,72.0,100.0,100.0,60.0,25.0,1562.5,53
2023-05-10 22:32:05,MA312C2500,MA312C2500,60.5,0.0,0.0,0.0,6,60.5,61.0,3,72.0,100.0,100.0,60.0,25.0,1562.5,53
2023-05-10 22:32:06,MA312C2500,MA312C2500,60.5,0.0,0.0,0.0,9,60.5,61.0,3,72.0,100.0,100.0,60.0,25.0,1562.5,53
2023-05-10 22:32:07,MA312C2500,MA312C2500,60.5,0.0,0.0,0.0,9,60.5,61.5,6,72.0,100.0,100.0,60.0,25.0,1562.5,53
2023-05-10 22:32:07,MA312C2500,MA312C2500,60.5,0.0,0.0,0.0,6,60.5,62.0,3,72.0,100.0,100.0,60.0,25.0,1562.5,53
2023-05-10 22:32:08,MA312C2500,MA312C2500,60.5,0.0,0.0,0.0,9,60.5,62.0,9,72.0,100.0,100.0,60.0,25.0,1562.5,53
2023-05-10 22:32:08,MA312C2500,MA312C2500,60.5,0.0,0.0,0.0,9,60.5,61.0,3,72.0,100.0,100.0,60.0,25.0,1562.5,53
2023-05-10 22:32:09,MA312C2500,MA312C2500,60.5,0.0,0.0,0.0,9,60.5,62.0,9,72.0,100.0,100.0,60.0,25.0,1562.5,53
2023-05-10 22:32:09,MA312C2500,MA312C2500,60.5,0.0,0.0,0.0,6,60.5,61.0,3,72.0,100.0,100.0,60.0,25.0,1562.5,53
2023-05-10 22:32:10,MA312C2500,MA312C2500,60.5,0.0,0.0,0.0,9,60.5,62.0,9,72.0,100.0,100.0,60.0,25.0,1562.5,53
2023-05-10 22:32:10,MA312C2500,MA312C2500,60.5,0.0,0.0,0.0,9,60.5,61.0,3,72.0,100.0,100.0,60.0,25.0,1562.5,53
2023-05-10 22:32:11,MA312C2500,MA312C2500,60.5,0.0,0.0,0.0,9,60.5,62.0,6,72.0,100.0,100.0,60.0,25.0,1562.5,53
2023-05-10 22:32:11,MA312C2500,MA312C2500,60.5,0.0,0.0,0.0,9,60.5,61.0,3,72.0,100.0,100.0,60.0,25.0,1562.5,53
2023-05-10 22:32:12,MA312C2500,MA312C2500,60.5,0.0,0.0,0.0,9,60.5,62.0,6,72.0,100.0,100.0,60.0,25.0,1562.5,53
2023-05-10 22:32:12,MA312C2500,MA312C2500,60.5,0.0,0.0,0.0,9,60.5,61.0,3,72.0,100.0,100.0,60.0,25.0,1562.5,53
2023-05-10 22:32:13,MA312C2500,MA312C2500,60.5,0.0,0.0,0.0,9,60.5,62.0,6,72.0,100.0,100.0,60.0,25.0,1562.5,53
2023-05-10 22:32:13,MA312C2500,MA312C2500,60.5,0.0,0.0,0.0,9,60.5,62.0,3,72.0,100.0,100.0,60.0,25.0,1562.5,53
2023-05-10 22:32:15,MA312C2500,MA312C2500,60.5,0.0,0.0,0.0,6,60.5,62.0,3,72.0,100.0,100.0,60.0,25.0,1562.5,53
2023-05-10 22:32:16,MA312C2500,MA312C2500,60.5,0.0,0.0,0.0,3,60.5,62.0,3,72.0,100.0,100.0,60.0,25.0,1562.5,53
2023-05-10 22:32:20,MA312C2500,MA312C2500,60.5,0.0,0.0,0.0,6,60.0,62.5,3,72.0,100.0,100.0,60.0,25.0,1562.5,53
2023-05-10 22:32:20,MA312C2500,MA312C2500,60.5,0.0,0.0,0.0,3,60.0,64.5,3,72.0,100.0,100.0,60.0,25.0,1562.5,53
2023-05-10 22:32:23,MA312C2500,MA312C2500,60.5,0.0,0.0,0.0,3,60.0,109.5,1,72.0,100.0,100.0,60.0,25.0,1562.5,53
2023-05-10 22:50:31,MA312C2500,MA312C2500,60.5,0.0,0.0,0.0,3,60.0,64.0,3,72.0,100.0,100.0,60.0,25.0,1562.5,53
2023-05-10 22:50:32,MA312C2500,MA312C2500,60.5,0.0,0.0,0.0,6,60.0,64.0,6,72.0,100.0,100.0,60.0,25.0,1562.5,53
2023-05-10 22:50:33,MA312C2500,MA312C2500,60.5,0.0,0.0,0.0,6,60.0,60.5,3,72.0,100.0,100.0,60.0,25.0,1562.5,53
2023-05-10 22:50:36,MA312C2500,MA312C2500,60.5,0.0,0.0,0.0,9,60.0,60.5,3,72.0,100.0,100.0,60.0,25.0,1562.5,53
2023-05-10 22:50:37,MA312C2500,MA312C2500,60.5,0.0,0.0,0.0,12,60.0,60.5,6,72.0,100.0,100.0,60.0,25.0,1562.5,53
2023-05-10 22:50:38,MA312C2500,MA312C2500,60.0,3.0,173.5,0.0,9,60.0,60.5,6,72.0,100.0,100.0,60.0,28.0,1736.0,53
2023-05-10 22:50:41,MA312C2500,MA312C2500,60.0,0.0,0.0,0.0,9,60.0,60.5,9,72.0,100.0,100.0,60.0,28.0,1736.0,53
2023-05-10 22:50:42,MA312C2500,MA312C2500,60.0,0.0,0.0,0.0,12,60.0,60.5,9,72.0,100.0,100.0,60.0,28.0,1736.0,53
2023-05-10 22:50:43,MA312C2500,MA312C2500,60.0,0.0,0.0,0.0,15,60.0,60.5,12,72.0,100.0,100.0,60.0,28.0,1736.0,53
2023-05-10 22:50:44,MA312C2500,MA312C2500,60.0,0.0,0.0,0.0,12,60.0,60.5,12,72.0,100.0,100.0,60.0,28.0,1736.0,53
2023-05-10 22:50:45,MA312C2500,MA312C2500,60.0,0.0,0.0,0.0,12,60.0,60.5,9,72.0,100.0,100.0,60.0,28.0,1736.0,53
2023-05-10 22:50:46,MA312C2500,MA312C2500,60.0,0.0,0.0,0.0,15,60.0,60.5,12,72.0,100.0,100.0,60.0,28.0,1736.0,53
2023-05-10 22:50:47,MA312C2500,MA312C2500,60.0,0.0,0.0,0.0,18,60.0,60.5,12,72.0,100.0,100.0,60.0,28.0,1736.0,53
2023-05-10 22:50:48,MA312C2500,MA312C2500,60.0,0.0,0.0,0.0,15,60.0,60.5,12,72.0,100.0,100.0,60.0,28.0,1736.0,53
2023-05-10 22:50:48,MA312C2500,MA312C2500,60.0,0.0,0.0,0.0,18,60.0,60.5,12,72.0,100.0,100.0,60.0,28.0,1736.0,53
2023-05-10 22:50:52,MA312C2500,MA312C2500,60.0,0.0,0.0,0.0,18,60.0,60.5,9,72.0,100.0,100.0,60.0,28.0,1736.0,53
2023-05-10 22:50:53,MA312C2500,MA312C2500,60.0,0.0,0.0,0.0,12,60.0,60.5,6,72.0,100.0,100.0,60.0,28.0,1736.0,53
2023-05-10 22:50:55,MA312C2500,MA312C2500,60.0,0.0,0.0,0.0,9,60.0,60.5,3,72.0,100.0,100.0,60.0,28.0,1736.0,53
2023-05-10 22:50:58,MA312C2500,MA312C2500,60.0,0.0,0.0,0.0,6,60.0,61.0,6,72.0,100.0,100.0,60.0,28.0,1736.0,53
2023-05-10 22:50:58,MA312C2500,MA312C2500,60.0,0.0,0.0,0.0,3,60.0,61.5,3,72.0,100.0,100.0,60.0,28.0,1736.0,53
2023-05-10 22:50:59,MA312C2500,MA312C2500,60.0,0.0,0.0,0.0,3,57.0,63.5,3,72.0,100.0,100.0,60.0,28.0,1736.0,53
2023-05-10 22:51:01,MA312C2500,MA312C2500,60.0,0.0,0.0,0.0,1,31.5,109.5,1,72.0,100.0,100.0,60.0,28.0,1736.0,53
2023-05-10 22:51:01,MA312C2500,MA312C2500,60.0,0.0,0.0,0.0,1,35.0,109.5,1,72.0,100.0,100.0,60.0,28.0,1736.0,53
2023-05-10 22:55:58,MA312C2500,MA312C2500,60.0,0.0,0.0,0.0,3,57.5,64.5,3,72.0,100.0,100.0,60.0,28.0,1736.0,53
2023-05-10 22:56:00,MA312C2500,MA312C2500,60.0,0.0,0.0,0.0,6,57.5,64.5,6,72.0,100.0,100.0,60.0,28.0,1736.0,53
2023-05-10 22:56:00,MA312C2500,MA312C2500,60.0,0.0,0.0,0.0,3,58.5,61.0,3,72.0,100.0,100.0,60.0,28.0,1736.0,53
2023-05-10 22:56:04,MA312C2500,MA312C2500,60.0,0.0,0.0,0.0,6,58.5,61.0,3,72.0,100.0,100.0,60.0,28.0,1736.0,53
2023-05-10 22:56:05,MA312C2500,MA312C2500,60.0,0.0,0.0,0.0,9,58.5,61.0,6,72.0,100.0,100.0,60.0,28.0,1736.0,53
2023-05-10 22:56:05,MA312C2500,MA312C2500,60.0,0.0,0.0,0.0,12,58.5,61.0,9,72.0,100.0,100.0,60.0,28.0,1736.0,53
2023-05-10 22:56:08,MA312C2500,MA312C2500,60.0,0.0,0.0,0.0,15,58.5,61.0,12,72.0,100.0,100.0,60.0,28.0,1736.0,53
2023-05-10 22:56:09,MA312C2500,MA312C2500,60.0,0.0,0.0,0.0,18,58.5,61.0,15,72.0,100.0,100.0,60.0,28.0,1736.0,53
2023-05-10 22:56:10,MA312C2500,MA312C2500,60.0,0.0,0.0,0.0,9,60.5,61.0,15,72.0,100.0,100.0,60.0,28.0,1736.0,53
2023-05-10 22:56:11,MA312C2500,MA312C2500,60.0,0.0,0.0,0.0,15,60.5,61.0,15,72.0,100.0,100.0,60.0,28.0,1736.0,53
2023-05-10 22:56:12,MA312C2500,MA312C2500,60.0,0.0,0.0,0.0,15,60.5,61.0,12,72.0,100.0,100.0,60.0,28.0,1736.0,53
2023-05-10 22:56:14,MA312C2500,MA312C2500,60.0,0.0,0.0,0.0,18,60.5,61.0,12,72.0,100.0,100.0,60.0,28.0,1736.0,53
2023-05-10 22:56:14,MA312C2500,MA312C2500,60.0,0.0,0.0,0.0,21,60.5,61.0,15,72.0,100.0,100.0,60.0,28.0,1736.0,53
2023-05-10 22:56:16,MA312C2500,MA312C2500,60.0,0.0,0.0,0.0,21,60.5,61.0,12,72.0,100.0,100.0,60.0,28.0,1736.0,53
2023-05-10 22:56:21,MA312C2500,MA312C2500,60.0,0.0,0.0,0.0,18,60.5,61.0,9,72.0,100.0,100.0,60.0,28.0,1736.0,53
2023-05-10 22:56:21,MA312C2500,MA312C2500,60.0,0.0,0.0,0.0,15,60.5,61.0,9,72.0,100.0,100.0,60.0,28.0,1736.0,53
2023-05-10 22:56:22,MA312C2500,MA312C2500,60.0,0.0,0.0,0.0,9,60.5,61.0,6,72.0,100.0,100.0,60.0,28.0,1736.0,53
2023-05-10 22:56:23,MA312C2500,MA312C2500,60.0,0.0,0.0,0.0,6,60.5,61.0,3,72.0,100.0,100.0,60.0,28.0,1736.0,53
2023-05-10 22:56:26,MA312C2500,MA312C2500,60.0,0.0,0.0,0.0,3,57.5,64.0,3,72.0,100.0,100.0,60.0,28.0,1736.0,53
2023-05-10 22:56:28,MA312C2500,MA312C2500,60.0,0.0,0.0,0.0,1,31.5,109.5,1,72.0,100.0,100.0,60.0,28.0,1736.0,53
2023-05-10 22:56:29,MA312C2500,MA312C2500,60.0,0.0,0.0,0.0,1,38.0,109.5,1,72.0,100.0,100.0,60.0,28.0,1736.0,53
2023-05-10 22:56:36,MA312C2500,MA312C2500,60.0,0.0,0.0,0.0,1,31.5,109.5,1,72.0,100.0,100.0,60.0,28.0,1736.0,53
2023-05-10 22:57:38,MA312C2500,MA312C2500,60.0,0.0,0.0,0.0,2,10.0,109.5,1,72.0,100.0,100.0,60.0,28.0,1736.0,53
2023-05-11 09:00:00,MA312C2500,MA312C2500,60.0,0.0,0.0,0.0,2,10.0,111.0,1,72.0,100.0,100.0,60.0,28.0,1736.0,53
2023-05-11 09:01:18,MA312C2500,MA312C2500,60.0,0.0,0.0,0.0,1,16.5,111.0,1,72.0,100.0,100.0,60.0,28.0,1736.0,53
2023-05-11 09:39:32,MA312C2500,MA312C2500,60.0,0.0,0.0,0.0,2,10.0,111.0,1,72.0,100.0,100.0,60.0,28.0,1736.0,53
2023-05-11 09:58:45,MA312C2500,MA312C2500,60.0,0.0,0.0,0.0,3,59.0,66.0,3,72.0,100.0,100.0,60.0,28.0,1736.0,53
2023-05-11 09:58:46,MA312C2500,MA312C2500,60.0,0.0,0.0,0.0,6,59.0,66.0,6,72.0,100.0,100.0,60.0,28.0,1736.0,53
2023-05-11 09:58:47,MA312C2500,MA312C2500,60.0,0.0,0.0,0.0,3,59.5,62.0,3,72.0,100.0,100.0,60.0,28.0,1736.0,53
2023-05-11 09:58:51,MA312C2500,MA312C2500,60.0,0.0,0.0,0.0,3,60.0,62.0,6,72.0,100.0,100.0,60.0,28.0,1736.0,53
2023-05-11 09:58:51,MA312C2500,MA312C2500,60.0,0.0,0.0,0.0,6,60.0,62.0,9,72.0,100.0,100.0,60.0,28.0,1736.0,53
2023-05-11 09:58:55,MA312C2500,MA312C2500,60.0,0.0,0.0,0.0,9,60.0,62.0,12,72.0,100.0,100.0,60.0,28.0,1736.0,53
2023-05-11 09:58:57,MA312C2500,MA312C2500,60.0,0.0,0.0,0.0,3,60.5,62.0,12,72.0,100.0,100.0,60.0,28.0,1736.0,53
2023-05-11 09:58:57,MA312C2500,MA312C2500,60.0,0.0,0.0,0.0,12,60.5,61.5,3,72.0,100.0,100.0,60.0,28.0,1736.0,53
2023-05-11 09:58:57,MA312C2500,MA312C2500,60.0,0.0,0.0,0.0,12,60.5,61.5,9,72.0,100.0,100.0,60.0,28.0,1736.0,53
2023-05-11 09:59:00,MA312C2500,MA312C2500,60.0,0.0,0.0,0.0,15,60.5,61.5,12,72.0,100.0,100.0,60.0,28.0,1736.0,53
2023-05-11 09:59:00,MA312C2500,MA312C2500,60.0,0.0,0.0,0.0,12,60.5,61.0,6,72.0,100.0,100.0,60.0,28.0,1736.0,53
2023-05-11 09:59:01,MA312C2500,MA312C2500,61.0,9.0,558.0,9.0,3,61.0,61.5,3,72.0,100.0,100.0,60.0,37.0,2294.0,62
2023-05-11 09:59:01,MA312C2500,MA312C2500,61.0,0.0,0.0,0.0,3,61.0,61.5,6,72.0,100.0,100.0,60.0,37.0,2294.0,62
2023-05-11 09:59:02,MA312C2500,MA312C2500,61.0,0.0,0.0,0.0,6,61.0,61.5,6,72.0,100.0,100.0,60.0,37.0,2294.0,62
2023-05-11 09:59:12,MA312C2500,MA312C2500,61.0,0.0,0.0,0.0,6,61.0,61.5,3,72.0,100.0,100.0,60.0,37.0,2294.0,62
2023-05-11 09:59:13,MA312C2500,MA312C2500,61.0,0.0,0.0,0.0,3,61.0,61.5,3,72.0,100.0,100.0,60.0,37.0,2294.0,62
2023-05-11 09:59:14,MA312C2500,MA312C2500,61.0,0.0,0.0,0.0,3,61.0,64.5,3,72.0,100.0,100.0,60.0,37.0,2294.0,62
2023-05-11 09:59:15,MA312C2500,MA312C2500,61.0,0.0,0.0,0.0,3,61.0,111.0,1,72.0,100.0,100.0,60.0,37.0,2294.0,62
2023-05-11 10:14:53,MA312C2500,MA312C2500,61.0,0.0,0.0,0.0,2,10.0,111.0,1,72.0,100.0,100.0,60.0,37.0,2294.0,62
2023-05-11 10:42:54,MA312C2500,MA312C2500,61.0,0.0,0.0,0.0,1,10.5,111.0,1,72.0,100.0,100.0,60.0,37.0,2294.0,62
2023-05-11 10:42:54,MA312C2500,MA312C2500,61.0,0.0,0.0,0.0,6,11.5,111.0,1,72.0,100.0,100.0,60.0,37.0,2294.0,62
2023-05-11 11:13:31,MA312C2500,MA312C2500,61.0,0.0,0.0,0.0,1,12.0,111.0,1,72.0,100.0,100.0,60.0,37.0,2294.0,62
2023-05-11 11:29:54,MA312C2500,MA312C2500,61.0,0.0,0.0,0.0,2,10.0,111.0,1,72.0,100.0,100.0,60.0,37.0,2294.0,62
2023-05-11 13:30:00,MA312C2500,MA312C2500,61.0,0.0,0.0,0.0,1,10.5,111.0,1,72.0,100.0,100.0,60.0,37.0,2294.0,62
2023-05-11 13:30:46,MA312C2500,MA312C2500,61.0,0.0,0.0,0.0,3,65.5,73.0,3,72.0,100.0,100.0,60.0,37.0,2294.0,62
2023-05-11 13:30:47,MA312C2500,MA312C2500,61.0,0.0,0.0,0.0,6,65.5,73.0,6,72.0,100.0,100.0,60.0,37.0,2294.0,62
2023-05-11 13:30:49,MA312C2500,MA312C2500,61.0,0.0,0.0,0.0,9,65.5,68.0,3,72.0,100.0,100.0,60.0,37.0,2294.0,62
2023-05-11 13:30:51,MA312C2500,MA312C2500,61.0,0.0,0.0,0.0,12,65.5,68.0,3,72.0,100.0,100.0,60.0,37.0,2294.0,62
2023-05-11 13:30:52,MA312C2500,MA312C2500,61.0,0.0,0.0,0.0,15,65.5,68.0,6,72.0,100.0,100.0,60.0,37.0,2294.0,62
2023-05-11 13:30:56,MA312C2500,MA312C2500,61.0,0.0,0.0,0.0,18,65.5,68.0,9,72.0,100.0,100.0,60.0,37.0,2294.0,62
2023-05-11 13:30:57,MA312C2500,MA312C2500,61.0,0.0,0.0,0.0,3,67.5,68.0,9,72.0,100.0,100.0,60.0,37.0,2294.0,62
2023-05-11 13:30:57,MA312C2500,MA312C2500,61.0,0.0,0.0,0.0,12,67.5,68.0,9,72.0,100.0,100.0,60.0,37.0,2294.0,62
2023-05-11 13:30:58,MA312C2500,MA312C2500,61.0,0.0,0.0,0.0,15,67.5,68.0,9,72.0,100.0,100.0,60.0,37.0,2294.0,62
2023-05-11 13:31:01,MA312C2500,MA312C2500,61.0,0.0,0.0,0.0,18,67.5,68.0,9,72.0,100.0,100.0,60.0,37.0,2294.0,62
2023-05-11 13:31:01,MA312C2500,MA312C2500,61.0,0.0,0.0,0.0,21,67.5,68.0,9,72.0,100.0,100.0,60.0,37.0,2294.0,62
2023-05-11 13:31:08,MA312C2500,MA312C2500,61.0,0.0,0.0,0.0,18,67.5,68.0,9,72.0,100.0,100.0,60.0,37.0,2294.0,62
2023-05-11 13:31:08,MA312C2500,MA312C2500,61.0,0.0,0.0,0.0,15,67.5,68.0,6,72.0,100.0,100.0,60.0,37.0,2294.0,62
2023-05-11 13:31:09,MA312C2500,MA312C2500,61.0,0.0,0.0,0.0,12,67.5,68.0,6,72.0,100.0,100.0,60.0,37.0,2294.0,62
2023-05-11 13:31:09,MA312C2500,MA312C2500,61.0,0.0,0.0,0.0,9,67.5,68.0,6,72.0,100.0,100.0,60.0,37.0,2294.0,62
2023-05-11 13:31:10,MA312C2500,MA312C2500,61.0,0.0,0.0,0.0,6,67.5,68.0,3,72.0,100.0,100.0,60.0,37.0,2294.0,62
2023-05-11 13:31:13,MA312C2500,MA312C2500,61.0,0.0,0.0,0.0,3,67.5,68.5,6,72.0,100.0,100.0,60.0,37.0,2294.0,62
2023-05-11 13:31:14,MA312C2500,MA312C2500,61.0,0.0,0.0,0.0,3,64.0,71.5,3,72.0,100.0,100.0,60.0,37.0,2294.0,62
2023-05-11 13:31:16,MA312C2500,MA312C2500,61.0,0.0,0.0,0.0,1,10.5,111.0,1,72.0,100.0,100.0,60.0,37.0,2294.0,62
2023-05-11 13:31:17,MA312C2500,MA312C2500,61.0,0.0,0.0,0.0,6,11.5,111.0,1,72.0,100.0,100.0,60.0,37.0,2294.0,62
2023-05-11 13:31:23,MA312C2500,MA312C2500,61.0,0.0,0.0,0.0,1,18.0,111.0,1,72.0,100.0,100.0,60.0,37.0,2294.0,62
2023-05-11 14:03:48,MA312C2500,MA312C2500,61.0,0.0,0.0,0.0,3,64.0,71.5,3,72.0,100.0,100.0,60.0,37.0,2294.0,62
2023-05-11 14:03:49,MA312C2500,MA312C2500,61.0,0.0,0.0,0.0,6,64.0,71.5,6,72.0,100.0,100.0,60.0,37.0,2294.0,62
2023-05-11 14:03:50,MA312C2500,MA312C2500,61.0,0.0,0.0,0.0,3,65.0,67.5,3,72.0,100.0,100.0,60.0,37.0,2294.0,62
2023-05-11 14:03:52,MA312C2500,MA312C2500,61.0,0.0,0.0,0.0,6,65.0,67.5,3,72.0,100.0,100.0,60.0,37.0,2294.0,62
2023-05-11 14:03:54,MA312C2500,MA312C2500,61.0,0.0,0.0,0.0,9,65.0,67.5,6,72.0,100.0,100.0,60.0,37.0,2294.0,62
2023-05-11 14:03:55,MA312C2500,MA312C2500,61.0,0.0,0.0,0.0,12,65.0,67.5,9,72.0,100.0,100.0,60.0,37.0,2294.0,62
2023-05-11 14:03:58,MA312C2500,MA312C2500,61.0,0.0,0.0,0.0,15,65.0,67.5,12,72.0,100.0,100.0,60.0,37.0,2294.0,62
2023-05-11 14:03:59,MA312C2500,MA312C2500,61.0,0.0,0.0,0.0,9,66.5,67.5,12,72.0,100.0,100.0,60.0,37.0,2294.0,62
2023-05-11 14:04:00,MA312C2500,MA312C2500,61.0,0.0,0.0,0.0,3,67.0,67.5,12,72.0,100.0,100.0,60.0,37.0,2294.0,62
2023-05-11 14:04:00,MA312C2500,MA312C2500,61.0,0.0,0.0,0.0,12,67.0,67.5,12,72.0,100.0,100.0,60.0,37.0,2294.0,62
2023-05-11 14:04:02,MA312C2500,MA312C2500,61.0,0.0,0.0,0.0,12,67.0,67.5,9,72.0,100.0,100.0,60.0,37.0,2294.0,62
2023-05-11 14:04:02,MA312C2500,MA312C2500,61.0,0.0,0.0,0.0,18,67.0,67.5,12,72.0,100.0,100.0,60.0,37.0,2294.0,62
2023-05-11 14:04:05,MA312C2500,MA312C2500,61.0,0.0,0.0,0.0,18,67.0,67.5,9,72.0,100.0,100.0,60.0,37.0,2294.0,62
2023-05-11 14:04:06,MA312C2500,MA312C2500,61.0,0.0,0.0,0.0,15,67.0,67.5,6,72.0,100.0,100.0,60.0,37.0,2294.0,62
2023-05-11 14:04:11,MA312C2500,MA312C2500,61.0,0.0,0.0,0.0,12,67.0,67.5,6,72.0,100.0,100.0,60.0,37.0,2294.0,62
2023-05-11 14:04:12,MA312C2500,MA312C2500,61.0,0.0,0.0,0.0,9,67.0,67.5,3,72.0,100.0,100.0,60.0,37.0,2294.0,62
2023-05-11 14:04:12,MA312C2500,MA312C2500,61.0,0.0,0.0,0.0,6,67.0,67.5,3,72.0,100.0,100.0,60.0,37.0,2294.0,62
2023-05-11 14:04:15,MA312C2500,MA312C2500,61.0,0.0,0.0,0.0,3,64.0,69.5,3,72.0,100.0,100.0,60.0,37.0,2294.0,62
2023-05-11 14:04:15,MA312C2500,MA312C2500,61.0,0.0,0.0,0.0,3,63.5,71.0,3,72.0,100.0,100.0,60.0,37.0,2294.0,62
2023-05-11 14:04:18,MA312C2500,MA312C2500,61.0,0.0,0.0,0.0,1,10.5,111.0,1,72.0,100.0,100.0,60.0,37.0,2294.0,62
2023-05-11 14:04:18,MA312C2500,MA312C2500,61.0,0.0,0.0,0.0,6,11.5,111.0,1,72.0,100.0,100.0,60.0,37.0,2294.0,62
2023-05-11 14:04:18,MA312C2500,MA312C2500,61.0,0.0,0.0,0.0,1,10.5,111.0,1,72.0,100.0,100.0,60.0,37.0,2294.0,62
2023-05-11 14:04:19,MA312C2500,MA312C2500,61.0,0.0,0.0,0.0,1,18.0,111.0,1,72.0,100.0,100.0,60.0,37.0,2294.0,62
2023-05-11 14:26:53,MA312C2500,MA312C2500,61.0,0.0,0.0,0.0,3,63.5,71.0,3,72.0,100.0,100.0,60.0,37.0,2294.0,62
2023-05-11 14:26:54,MA312C2500,MA312C2500,61.0,0.0,0.0,0.0,6,63.5,71.0,6,72.0,100.0,100.0,60.0,37.0,2294.0,62
2023-05-11 14:26:54,MA312C2500,MA312C2500,61.0,0.0,0.0,0.0,3,64.5,67.0,3,72.0,100.0,100.0,60.0,37.0,2294.0,62
2023-05-11 14:26:57,MA312C2500,MA312C2500,61.0,0.0,0.0,0.0,6,64.5,67.0,3,72.0,100.0,100.0,60.0,37.0,2294.0,62
2023-05-11 14:26:59,MA312C2500,MA312C2500,61.0,0.0,0.0,0.0,9,64.5,67.0,6,72.0,100.0,100.0,60.0,37.0,2294.0,62
2023-05-11 14:27:03,MA312C2500,MA312C2500,61.0,0.0,0.0,0.0,12,64.5,67.0,9,72.0,100.0,100.0,60.0,37.0,2294.0,62
2023-05-11 14:27:04,MA312C2500,MA312C2500,61.0,0.0,0.0,0.0,3,66.0,67.0,9,72.0,100.0,100.0,60.0,37.0,2294.0,62
2023-05-11 14:27:05,MA312C2500,MA312C2500,61.0,0.0,0.0,0.0,12,66.0,67.0,9,72.0,100.0,100.0,60.0,37.0,2294.0,62
2023-05-11 14:27:05,MA312C2500,MA312C2500,67.0,3.0,186.0,0.0,12,66.0,67.0,3,72.0,100.0,100.0,60.0,40.0,2480.0,62
2023-05-11 14:27:07,MA312C2500,MA312C2500,67.0,0.0,0.0,0.0,9,66.0,67.5,6,72.0,100.0,100.0,60.0,40.0,2480.0,62
2023-05-11 14:27:07,MA312C2500,MA312C2500,67.0,0.0,0.0,0.0,15,66.0,67.5,6,72.0,100.0,100.0,60.0,40.0,2480.0,62
2023-05-11 14:27:08,MA312C2500,MA312C2500,67.0,0.0,0.0,0.0,9,67.0,67.5,9,72.0,100.0,100.0,60.0,40.0,2480.0,62
2023-05-11 14:27:08,MA312C2500,MA312C2500,67.0,0.0,0.0,0.0,12,67.0,67.5,9,72.0,100.0,100.0,60.0,40.0,2480.0,62
2023-05-11 14:27:10,MA312C2500,MA312C2500,67.0,0.0,0.0,0.0,15,67.0,67.5,9,72.0,100.0,100.0,60.0,40.0,2480.0,62
2023-05-11 14:27:15,MA312C2500,MA312C2500,67.0,0.0,0.0,0.0,12,67.0,67.5,6,72.0,100.0,100.0,60.0,40.0,2480.0,62
2023-05-11 14:27:17,MA312C2500,MA312C2500,67.0,0.0,0.0,0.0,9,67.0,67.5,3,72.0,100.0,100.0,60.0,40.0,2480.0,62
2023-05-11 14:27:19,MA312C2500,MA312C2500,67.0,0.0,0.0,0.0,6,67.0,67.5,3,72.0,100.0,100.0,60.0,40.0,2480.0,62
2023-05-11 14:27:20,MA312C2500,MA312C2500,67.0,0.0,0.0,0.0,3,67.0,68.5,3,72.0,100.0,100.0,60.0,40.0,2480.0,62
2023-05-11 14:27:20,MA312C2500,MA312C2500,67.0,0.0,0.0,0.0,3,63.5,71.0,3,72.0,100.0,100.0,60.0,40.0,2480.0,62
2023-05-11 14:27:22,MA312C2500,MA312C2500,67.0,0.0,0.0,0.0,1,10.5,111.0,1,72.0,100.0,100.0,60.0,40.0,2480.0,62
2023-05-11 14:27:23,MA312C2500,MA312C2500,67.0,0.0,0.0,0.0,1,17.0,111.0,1,72.0,100.0,100.0,60.0,40.0,2480.0,62
2023-05-11 14:27:24,MA312C2500,MA312C2500,67.0,0.0,0.0,0.0,6,18.0,111.0,1,72.0,100.0,100.0,60.0,40.0,2480.0,62
2023-05-11 14:27:24,MA312C2500,MA312C2500,67.0,0.0,0.0,0.0,1,21.5,111.0,1,72.0,100.0,100.0,60.0,40.0,2480.0,62
2023-05-11 14:57:42,MA312C2500,MA312C2500,67.0,0.0,0.0,0.0,3,63.5,71.0,3,72.0,100.0,100.0,60.0,40.0,2480.0,62
2023-05-11 14:57:43,MA312C2500,MA312C2500,67.0,0.0,0.0,0.0,6,63.5,71.0,6,72.0,100.0,100.0,60.0,40.0,2480.0,62
2023-05-11 14:57:43,MA312C2500,MA312C2500,67.0,0.0,0.0,0.0,3,64.0,66.5,3,72.0,100.0,100.0,60.0,40.0,2480.0,62
2023-05-11 14:57:45,MA312C2500,MA312C2500,67.0,0.0,0.0,0.0,6,64.0,66.5,3,72.0,100.0,100.0,60.0,40.0,2480.0,62
2023-05-11 14:57:47,MA312C2500,MA312C2500,67.0,0.0,0.0,0.0,9,64.0,66.5,3,72.0,100.0,100.0,60.0,40.0,2480.0,62
2023-05-11 14:57:48,MA312C2500,MA312C2500,67.0,0.0,0.0,0.0,12,64.0,66.5,6,72.0,100.0,100.0,60.0,40.0,2480.0,62
2023-05-11 14:57:52,MA312C2500,MA312C2500,67.0,0.0,0.0,0.0,15,64.0,66.5,9,72.0,100.0,100.0,60.0,40.0,2480.0,62
2023-05-11 14:57:54,MA312C2500,MA312C2500,67.0,0.0,0.0,0.0,9,65.5,66.5,9,72.0,100.0,100.0,60.0,40.0,2480.0,62
2023-05-11 14:57:54,MA312C2500,MA312C2500,67.0,3.0,207.5,0.0,12,65.5,66.5,6,72.0,100.0,100.0,60.0,43.0,2687.5,62
2023-05-11 14:57:54,MA312C2500,MA312C2500,67.0,0.0,0.0,0.0,12,65.5,66.5,3,72.0,100.0,100.0,60.0,43.0,2687.5,62
2023-05-11 14:57:57,MA312C2500,MA312C2500,67.0,0.0,0.0,0.0,9,66.0,66.5,3,72.0,100.0,100.0,60.0,43.0,2687.5,62
2023-05-11 14:57:57,MA312C2500,MA312C2500,67.0,0.0,0.0,0.0,15,66.0,66.5,9,72.0,100.0,100.0,60.0,43.0,2687.5,62
2023-05-11 14:57:59,MA312C2500,MA312C2500,67.0,0.0,0.0,0.0,18,66.0,66.5,9,72.0,100.0,100.0,60.0,43.0,2687.5,62
2023-05-11 14:58:00,MA312C2500,MA312C2500,67.0,0.0,0.0,0.0,15,66.0,66.5,6,72.0,100.0,100.0,60.0,43.0,2687.5,62
2023-05-11 14:58:06,MA312C2500,MA312C2500,67.0,0.0,0.0,0.0,12,66.0,66.5,3,72.0,100.0,100.0,60.0,43.0,2687.5,62
2023-05-11 14:58:08,MA312C2500,MA312C2500,67.0,0.0,0.0,0.0,6,66.0,66.5,3,72.0,100.0,100.0,60.0,43.0,2687.5,62
2023-05-11 14:58:09,MA312C2500,MA312C2500,67.0,0.0,0.0,0.0,3,66.0,66.5,3,72.0,100.0,100.0,60.0,43.0,2687.5,62
2023-05-11 14:58:09,MA312C2500,MA312C2500,67.0,0.0,0.0,0.0,3,62.5,70.0,3,72.0,100.0,100.0,60.0,43.0,2687.5,62
2023-05-11 14:58:11,MA312C2500,MA312C2500,67.0,0.0,0.0,0.0,1,10.5,111.0,1,72.0,100.0,100.0,60.0,43.0,2687.5,62
2023-05-11 14:58:12,MA312C2500,MA312C2500,67.0,0.0,0.0,0.0,6,11.5,111.0,1,72.0,100.0,100.0,60.0,43.0,2687.5,62
2023-05-11 14:58:13,MA312C2500,MA312C2500,67.0,0.0,0.0,0.0,1,12.0,111.0,1,72.0,100.0,100.0,60.0,43.0,2687.5,62
2023-05-11 14:58:13,MA312C2500,MA312C2500,67.0,0.0,0.0,0.0,6,13.0,111.0,1,72.0,100.0,100.0,60.0,43.0,2687.5,62
2023-05-11 14:58:14,MA312C2500,MA312C2500,67.0,0.0,0.0,0.0,1,19.5,111.0,1,72.0,100.0,100.0,60.0,43.0,2687.5,62
2023-05-11 14:59:43,MA312C2500,MA312C2500,67.0,0.0,0.0,0.0,3,63.0,70.5,3,72.0,100.0,100.0,60.0,43.0,2687.5,62
2023-05-11 14:59:45,MA312C2500,MA312C2500,67.0,0.0,0.0,0.0,3,63.5,66.0,3,72.0,100.0,100.0,60.0,43.0,2687.5,62
2023-05-11 14:59:47,MA312C2500,MA312C2500,67.0,0.0,0.0,0.0,6,63.5,66.0,3,72.0,100.0,100.0,60.0,43.0,2687.5,62
2023-05-11 14:59:49,MA312C2500,MA312C2500,67.0,0.0,0.0,0.0,3,64.0,66.0,6,72.0,100.0,100.0,60.0,43.0,2687.5,62
2023-05-11 14:59:49,MA312C2500,MA312C2500,67.0,0.0,0.0,0.0,6,64.0,66.0,6,72.0,100.0,100.0,60.0,43.0,2687.5,62
2023-05-11 14:59:53,MA312C2500,MA312C2500,67.0,0.0,0.0,0.0,3,64.0,66.0,6,72.0,100.0,100.0,60.0,43.0,2687.5,62
2023-05-11 14:59:57,MA312C2500,MA312C2500,67.0,0.0,0.0,0.0,3,64.0,66.0,3,72.0,100.0,100.0,60.0,43.0,2687.5,62
2023-05-11 14:59:57,MA312C2500,MA312C2500,67.0,0.0,0.0,0.0,6,64.0,66.0,3,72.0,100.0,100.0,60.0,43.0,2687.5,62
2023-05-11 14:59:58,MA312C2500,MA312C2500,67.0,0.0,0.0,0.0,6,64.0,66.0,3,72.0,100.0,100.0,60.0,43.0,2687.5,62
