time,symbol_id,symbol_name,last,trade_volume,trade_amount,open_interest_change,bv1,bp1,ap1,av1,yesterday_close,today_open,today_high,today_low,volume,amount,open_interest
2023-05-10 19:12:58,MA401P2300,MA401P2300,130.5,0.0,0.0,0.0,0,0.0,0.0,0,130.5,135.5,0.0,0.0,0.0,0.0,89
2023-05-10 20:59:00,MA401P2300,MA401P2300,130.5,0.0,0.0,0.0,8,113.0,0.0,0,130.5,135.5,0.0,0.0,0.0,0.0,89
2023-05-10 21:00:00,MA401P2300,MA401P2300,130.5,0.0,0.0,0.0,1,119.5,0.0,0,130.5,135.5,0.0,0.0,0.0,0.0,89
2023-05-10 21:00:01,MA401P2300,MA401P2300,130.5,0.0,0.0,0.0,1,119.5,172.5,1,130.5,135.5,0.0,0.0,0.0,0.0,89
2023-05-10 21:01:10,MA401P2300,MA401P2300,130.5,0.0,0.0,0.0,7,125.5,172.5,1,130.5,135.5,0.0,0.0,0.0,0.0,89
2023-05-10 21:01:15,MA401P2300,MA401P2300,130.5,0.0,0.0,0.0,7,125.5,127.5,7,130.5,135.5,0.0,0.0,0.0,0.0,89
2023-05-10 21:01:28,MA401P2300,MA401P2300,130.5,0.0,0.0,0.0,7,126.0,127.5,7,130.5,135.5,0.0,0.0,0.0,0.0,89
2023-05-10 21:01:29,MA401P2300,MA401P2300,130.5,0.0,0.0,0.0,7,126.0,172.5,1,130.5,135.5,0.0,0.0,0.0,0.0,89
2023-05-10 21:01:30,MA401P2300,MA401P2300,130.5,0.0,0.0,0.0,7,126.0,128.5,7,130.5,135.5,0.0,0.0,0.0,0.0,89
2023-05-10 21:01:35,MA401P2300,MA401P2300,130.5,0.0,0.0,0.0,7,126.5,128.5,7,130.5,135.5,0.0,0.0,0.0,0.0,89
2023-05-10 21:02:03,MA401P2300,MA401P2300,130.5,0.0,0.0,0.0,7,126.5,128.0,7,130.5,135.5,0.0,0.0,0.0,0.0,89
2023-05-10 21:03:00,MA401P2300,MA401P2300,130.5,0.0,0.0,0.0,7,126.0,128.0,7,130.5,135.5,0.0,0.0,0.0,0.0,89
2023-05-10 21:03:00,MA401P2300,MA401P2300,130.5,0.0,0.0,0.0,7,126.0,127.5,7,130.5,135.5,0.0,0.0,0.0,0.0,89
2023-05-10 21:03:03,MA401P2300,MA401P2300,130.5,0.0,0.0,0.0,7,126.0,128.0,7,130.5,135.5,0.0,0.0,0.0,0.0,89
2023-05-10 21:03:11,MA401P2300,MA401P2300,130.5,0.0,0.0,0.0,7,126.5,128.0,7,130.5,135.5,0.0,0.0,0.0,0.0,89
2023-05-10 21:03:30,MA401P2300,MA401P2300,130.5,0.0,0.0,0.0,7,126.5,133.5,1,130.5,135.5,0.0,0.0,0.0,0.0,89
2023-05-10 21:03:31,MA401P2300,MA401P2300,130.5,0.0,0.0,0.0,7,126.5,129.0,7,130.5,135.5,0.0,0.0,0.0,0.0,89
2023-05-10 21:03:32,MA401P2300,MA401P2300,130.5,0.0,0.0,0.0,7,126.5,128.5,7,130.5,135.5,0.0,0.0,0.0,0.0,89
2023-05-10 21:03:39,MA401P2300,MA401P2300,130.5,0.0,0.0,0.0,7,126.5,128.0,7,130.5,135.5,0.0,0.0,0.0,0.0,89
2023-05-10 21:03:52,MA401P2300,MA401P2300,130.5,0.0,0.0,0.0,7,126.5,128.5,7,130.5,135.5,0.0,0.0,0.0,0.0,89
2023-05-10 21:03:56,MA401P2300,MA401P2300,130.5,0.0,0.0,0.0,7,127.0,128.5,7,130.5,135.5,0.0,0.0,0.0,0.0,89
2023-05-10 21:04:25,MA401P2300,MA401P2300,130.5,0.0,0.0,0.0,7,127.0,133.5,1,130.5,135.5,0.0,0.0,0.0,0.0,89
2023-05-10 21:04:26,MA401P2300,MA401P2300,130.5,0.0,0.0,0.0,7,127.0,129.5,7,130.5,135.5,0.0,0.0,0.0,0.0,89
2023-05-10 21:04:26,MA401P2300,MA401P2300,130.5,0.0,0.0,0.0,7,127.0,129.0,7,130.5,135.5,0.0,0.0,0.0,0.0,89
2023-05-10 21:04:28,MA401P2300,MA401P2300,130.5,0.0,0.0,0.0,7,127.5,129.0,7,130.5,135.5,0.0,0.0,0.0,0.0,89
2023-05-10 21:04:29,MA401P2300,MA401P2300,130.5,0.0,0.0,0.0,7,127.5,129.5,7,130.5,135.5,0.0,0.0,0.0,0.0,89
2023-05-10 21:05:07,MA401P2300,MA401P2300,130.5,0.0,0.0,0.0,7,127.5,129.0,7,130.5,135.5,0.0,0.0,0.0,0.0,89
2023-05-10 21:05:31,MA401P2300,MA401P2300,130.5,0.0,0.0,0.0,7,127.5,129.5,7,130.5,135.5,0.0,0.0,0.0,0.0,89
2023-05-10 21:05:34,MA401P2300,MA401P2300,130.5,0.0,0.0,0.0,7,127.5,129.0,7,130.5,135.5,0.0,0.0,0.0,0.0,89
2023-05-10 21:06:06,MA401P2300,MA401P2300,130.5,0.0,0.0,0.0,7,127.0,129.0,7,130.5,135.5,0.0,0.0,0.0,0.0,89
2023-05-10 21:06:10,MA401P2300,MA401P2300,130.5,0.0,0.0,0.0,7,127.0,128.5,7,130.5,135.5,0.0,0.0,0.0,0.0,89
2023-05-10 21:06:31,MA401P2300,MA401P2300,130.5,0.0,0.0,0.0,7,127.5,129.0,7,130.5,135.5,0.0,0.0,0.0,0.0,89
2023-05-10 21:06:51,MA401P2300,MA401P2300,130.5,0.0,0.0,0.0,7,127.0,129.0,7,130.5,135.5,0.0,0.0,0.0,0.0,89
2023-05-10 21:07:15,MA401P2300,MA401P2300,130.5,0.0,0.0,0.0,7,127.0,128.5,7,130.5,135.5,0.0,0.0,0.0,0.0,89
2023-05-10 21:07:53,MA401P2300,MA401P2300,130.5,0.0,0.0,0.0,7,127.0,129.0,7,130.5,135.5,0.0,0.0,0.0,0.0,89
2023-05-10 21:08:04,MA401P2300,MA401P2300,130.5,0.0,0.0,0.0,7,127.5,129.0,7,130.5,135.5,0.0,0.0,0.0,0.0,89
2023-05-10 21:08:15,MA401P2300,MA401P2300,130.5,0.0,0.0,0.0,7,127.5,130.5,10,130.5,135.5,0.0,0.0,0.0,0.0,89
2023-05-10 21:08:15,MA401P2300,MA401P2300,130.5,0.0,0.0,0.0,7,127.5,130.0,7,130.5,135.5,0.0,0.0,0.0,0.0,89
2023-05-10 21:08:19,MA401P2300,MA401P2300,130.5,0.0,0.0,0.0,7,128.0,130.0,7,130.5,135.5,0.0,0.0,0.0,0.0,89
2023-05-10 21:08:39,MA401P2300,MA401P2300,130.5,0.0,0.0,0.0,7,128.0,129.5,7,130.5,135.5,0.0,0.0,0.0,0.0,89
2023-05-10 21:09:29,MA401P2300,MA401P2300,130.5,0.0,0.0,0.0,7,128.0,130.0,7,130.5,135.5,0.0,0.0,0.0,0.0,89
2023-05-10 21:09:55,MA401P2300,MA401P2300,130.5,0.0,0.0,0.0,7,128.5,130.0,7,130.5,135.5,0.0,0.0,0.0,0.0,89
2023-05-10 21:09:58,MA401P2300,MA401P2300,130.5,0.0,0.0,0.0,7,128.5,131.5,10,130.5,135.5,0.0,0.0,0.0,0.0,89
2023-05-10 21:10:01,MA401P2300,MA401P2300,130.5,0.0,0.0,0.0,7,128.5,130.5,7,130.5,135.5,0.0,0.0,0.0,0.0,89
2023-05-10 21:10:07,MA401P2300,MA401P2300,130.5,0.0,0.0,0.0,7,128.5,130.0,7,130.5,135.5,0.0,0.0,0.0,0.0,89
2023-05-10 21:10:32,MA401P2300,MA401P2300,130.5,0.0,0.0,0.0,7,128.0,129.5,7,130.5,135.5,0.0,0.0,0.0,0.0,89
2023-05-10 21:11:04,MA401P2300,MA401P2300,130.5,0.0,0.0,0.0,10,126.0,129.5,7,130.5,135.5,0.0,0.0,0.0,0.0,89
2023-05-10 21:11:05,MA401P2300,MA401P2300,130.5,0.0,0.0,0.0,7,127.0,129.5,7,130.5,135.5,0.0,0.0,0.0,0.0,89
2023-05-10 21:11:07,MA401P2300,MA401P2300,130.5,0.0,0.0,0.0,7,127.0,129.0,7,130.5,135.5,0.0,0.0,0.0,0.0,89
2023-05-10 21:11:12,MA401P2300,MA401P2300,130.5,0.0,0.0,0.0,7,127.5,129.0,7,130.5,135.5,0.0,0.0,0.0,0.0,89
2023-05-10 21:11:18,MA401P2300,MA401P2300,130.5,0.0,0.0,0.0,7,127.5,129.5,7,130.5,135.5,0.0,0.0,0.0,0.0,89
2023-05-10 21:11:36,MA401P2300,MA401P2300,130.5,0.0,0.0,0.0,7,128.0,129.5,7,130.5,135.5,0.0,0.0,0.0,0.0,89
2023-05-10 21:11:54,MA401P2300,MA401P2300,130.5,0.0,0.0,0.0,7,128.5,130.0,10,130.5,135.5,0.0,0.0,0.0,0.0,89
2023-05-10 21:11:59,MA401P2300,MA401P2300,130.5,0.0,0.0,0.0,7,128.5,130.5,7,130.5,135.5,0.0,0.0,0.0,0.0,89
2023-05-10 21:12:06,MA401P2300,MA401P2300,130.5,0.0,0.0,0.0,7,128.5,130.0,7,130.5,135.5,0.0,0.0,0.0,0.0,89
2023-05-10 21:12:11,MA401P2300,MA401P2300,130.5,0.0,0.0,0.0,7,128.0,130.0,7,130.5,135.5,0.0,0.0,0.0,0.0,89
2023-05-10 21:12:27,MA401P2300,MA401P2300,130.5,0.0,0.0,0.0,7,128.5,130.0,7,130.5,135.5,0.0,0.0,0.0,0.0,89
2023-05-10 21:12:29,MA401P2300,MA401P2300,130.5,0.0,0.0,0.0,7,128.5,130.5,17,130.5,135.5,0.0,0.0,0.0,0.0,89
2023-05-10 21:12:29,MA401P2300,MA401P2300,130.5,0.0,0.0,0.0,7,128.5,130.5,7,130.5,135.5,0.0,0.0,0.0,0.0,89
2023-05-10 21:13:01,MA401P2300,MA401P2300,130.5,0.0,0.0,0.0,7,129.0,130.5,7,130.5,135.5,0.0,0.0,0.0,0.0,89
2023-05-10 21:13:35,MA401P2300,MA401P2300,130.5,0.0,0.0,0.0,7,129.0,132.0,10,130.5,135.5,0.0,0.0,0.0,0.0,89
2023-05-10 21:13:38,MA401P2300,MA401P2300,130.5,0.0,0.0,0.0,7,129.0,131.5,7,130.5,135.5,0.0,0.0,0.0,0.0,89
2023-05-10 21:13:40,MA401P2300,MA401P2300,130.5,0.0,0.0,0.0,7,129.0,131.0,7,130.5,135.5,0.0,0.0,0.0,0.0,89
2023-05-10 21:13:47,MA401P2300,MA401P2300,130.5,0.0,0.0,0.0,7,129.5,131.0,7,130.5,135.5,0.0,0.0,0.0,0.0,89
2023-05-10 21:13:56,MA401P2300,MA401P2300,130.5,0.0,0.0,0.0,7,129.5,131.5,7,130.5,135.5,0.0,0.0,0.0,0.0,89
2023-05-10 21:14:07,MA401P2300,MA401P2300,130.5,0.0,0.0,0.0,7,129.5,131.0,7,130.5,135.5,0.0,0.0,0.0,0.0,89
2023-05-10 21:15:20,MA401P2300,MA401P2300,130.5,0.0,0.0,0.0,7,129.0,131.0,7,130.5,135.5,0.0,0.0,0.0,0.0,89
2023-05-10 21:15:55,MA401P2300,MA401P2300,130.5,0.0,0.0,0.0,7,129.0,130.5,7,130.5,135.5,0.0,0.0,0.0,0.0,89
2023-05-10 21:16:09,MA401P2300,MA401P2300,130.5,0.0,0.0,0.0,7,129.5,131.0,7,130.5,135.5,0.0,0.0,0.0,0.0,89
2023-05-10 21:16:12,MA401P2300,MA401P2300,130.5,0.0,0.0,0.0,7,129.5,132.0,10,130.5,135.5,0.0,0.0,0.0,0.0,89
2023-05-10 21:16:13,MA401P2300,MA401P2300,130.5,0.0,0.0,0.0,17,129.5,132.0,10,130.5,135.5,0.0,0.0,0.0,0.0,89
2023-05-10 21:16:13,MA401P2300,MA401P2300,130.5,0.0,0.0,0.0,7,130.0,132.0,10,130.5,135.5,0.0,0.0,0.0,0.0,89
2023-05-10 21:16:15,MA401P2300,MA401P2300,130.5,0.0,0.0,0.0,7,130.0,131.5,7,130.5,135.5,0.0,0.0,0.0,0.0,89
2023-05-10 21:17:05,MA401P2300,MA401P2300,130.5,0.0,0.0,0.0,7,130.0,132.0,10,130.5,135.5,0.0,0.0,0.0,0.0,89
2023-05-10 21:17:05,MA401P2300,MA401P2300,130.5,0.0,0.0,0.0,7,130.5,132.0,10,130.5,135.5,0.0,0.0,0.0,0.0,89
2023-05-10 21:17:05,MA401P2300,MA401P2300,130.5,0.0,0.0,0.0,7,130.5,132.5,7,130.5,135.5,0.0,0.0,0.0,0.0,89
2023-05-10 21:17:10,MA401P2300,MA401P2300,130.5,0.0,0.0,0.0,7,130.5,132.0,7,130.5,135.5,0.0,0.0,0.0,0.0,89
2023-05-10 21:17:24,MA401P2300,MA401P2300,130.5,0.0,0.0,0.0,17,130.5,132.0,7,130.5,135.5,0.0,0.0,0.0,0.0,89
2023-05-10 21:17:24,MA401P2300,MA401P2300,130.5,0.0,0.0,0.0,17,130.5,132.0,17,130.5,135.5,0.0,0.0,0.0,0.0,89
2023-05-10 21:17:45,MA401P2300,MA401P2300,130.5,0.0,0.0,0.0,10,131.0,132.0,17,130.5,135.5,0.0,0.0,0.0,0.0,89
2023-05-10 21:17:46,MA401P2300,MA401P2300,130.5,0.0,0.0,0.0,10,131.0,132.0,10,130.5,135.5,0.0,0.0,0.0,0.0,89
2023-05-10 21:17:46,MA401P2300,MA401P2300,130.5,0.0,0.0,0.0,10,131.0,132.5,17,130.5,135.5,0.0,0.0,0.0,0.0,89
2023-05-10 21:17:47,MA401P2300,MA401P2300,130.5,0.0,0.0,0.0,10,131.0,132.0,10,130.5,135.5,0.0,0.0,0.0,0.0,89
2023-05-10 21:17:48,MA401P2300,MA401P2300,130.5,0.0,0.0,0.0,17,130.5,132.0,10,130.5,135.5,0.0,0.0,0.0,0.0,89
2023-05-10 21:17:50,MA401P2300,MA401P2300,130.5,0.0,0.0,0.0,10,131.0,132.0,10,130.5,135.5,0.0,0.0,0.0,0.0,89
2023-05-10 21:17:53,MA401P2300,MA401P2300,130.5,0.0,0.0,0.0,10,131.0,132.5,27,130.5,135.5,0.0,0.0,0.0,0.0,89
2023-05-10 21:17:53,MA401P2300,MA401P2300,130.5,0.0,0.0,0.0,10,131.0,132.5,17,130.5,135.5,0.0,0.0,0.0,0.0,89
2023-05-10 21:17:53,MA401P2300,MA401P2300,130.5,0.0,0.0,0.0,10,131.0,132.5,27,130.5,135.5,0.0,0.0,0.0,0.0,89
2023-05-10 21:17:53,MA401P2300,MA401P2300,130.5,0.0,0.0,0.0,10,131.0,132.5,17,130.5,135.5,0.0,0.0,0.0,0.0,89
2023-05-10 21:17:56,MA401P2300,MA401P2300,130.5,0.0,0.0,0.0,10,131.0,132.0,10,130.5,135.5,0.0,0.0,0.0,0.0,89
2023-05-10 21:17:57,MA401P2300,MA401P2300,130.5,0.0,0.0,0.0,17,130.5,132.0,10,130.5,135.5,0.0,0.0,0.0,0.0,89
2023-05-10 21:18:11,MA401P2300,MA401P2300,130.5,0.0,0.0,0.0,17,130.5,132.0,17,130.5,135.5,0.0,0.0,0.0,0.0,89
2023-05-10 21:18:22,MA401P2300,MA401P2300,130.5,0.0,0.0,0.0,10,131.0,132.0,17,130.5,135.5,0.0,0.0,0.0,0.0,89
2023-05-10 21:18:23,MA401P2300,MA401P2300,130.5,0.0,0.0,0.0,17,130.5,132.0,17,130.5,135.5,0.0,0.0,0.0,0.0,89
2023-05-10 21:18:36,MA401P2300,MA401P2300,130.5,0.0,0.0,0.0,17,131.0,132.5,27,130.5,135.5,0.0,0.0,0.0,0.0,89
2023-05-10 21:18:36,MA401P2300,MA401P2300,130.5,0.0,0.0,0.0,17,131.0,132.5,17,130.5,135.5,0.0,0.0,0.0,0.0,89
2023-05-10 21:18:37,MA401P2300,MA401P2300,130.5,0.0,0.0,0.0,7,131.0,132.5,17,130.5,135.5,0.0,0.0,0.0,0.0,89
2023-05-10 21:18:37,MA401P2300,MA401P2300,130.5,0.0,0.0,0.0,17,131.0,132.5,17,130.5,135.5,0.0,0.0,0.0,0.0,89
2023-05-10 21:18:37,MA401P2300,MA401P2300,130.5,0.0,0.0,0.0,7,131.0,132.5,17,130.5,135.5,0.0,0.0,0.0,0.0,89
2023-05-10 21:18:37,MA401P2300,MA401P2300,130.5,0.0,0.0,0.0,17,131.0,132.5,17,130.5,135.5,0.0,0.0,0.0,0.0,89
2023-05-10 21:18:49,MA401P2300,MA401P2300,130.5,0.0,0.0,0.0,10,131.0,132.5,17,130.5,135.5,0.0,0.0,0.0,0.0,89
2023-05-10 21:18:50,MA401P2300,MA401P2300,130.5,0.0,0.0,0.0,37,130.5,132.5,17,130.5,135.5,0.0,0.0,0.0,0.0,89
2023-05-10 21:18:50,MA401P2300,MA401P2300,130.5,0.0,0.0,0.0,27,130.5,132.5,17,130.5,135.5,0.0,0.0,0.0,0.0,89
2023-05-10 21:18:50,MA401P2300,MA401P2300,130.5,0.0,0.0,0.0,27,130.5,132.0,7,130.5,135.5,0.0,0.0,0.0,0.0,89
2023-05-10 21:18:52,MA401P2300,MA401P2300,130.5,0.0,0.0,0.0,17,130.5,132.0,7,130.5,135.5,0.0,0.0,0.0,0.0,89
2023-05-10 21:18:54,MA401P2300,MA401P2300,130.5,0.0,0.0,0.0,10,131.0,132.0,7,130.5,135.5,0.0,0.0,0.0,0.0,89
2023-05-10 21:18:55,MA401P2300,MA401P2300,130.5,0.0,0.0,0.0,17,130.5,132.0,7,130.5,135.5,0.0,0.0,0.0,0.0,89
2023-05-10 21:18:56,MA401P2300,MA401P2300,130.5,0.0,0.0,0.0,10,131.0,132.0,7,130.5,135.5,0.0,0.0,0.0,0.0,89
2023-05-10 21:18:59,MA401P2300,MA401P2300,130.5,0.0,0.0,0.0,17,130.5,132.0,7,130.5,135.5,0.0,0.0,0.0,0.0,89
2023-05-10 21:18:59,MA401P2300,MA401P2300,130.5,0.0,0.0,0.0,10,131.0,132.0,7,130.5,135.5,0.0,0.0,0.0,0.0,89
2023-05-10 21:19:04,MA401P2300,MA401P2300,130.5,0.0,0.0,0.0,10,131.0,132.0,17,130.5,135.5,0.0,0.0,0.0,0.0,89
2023-05-10 21:19:06,MA401P2300,MA401P2300,130.5,0.0,0.0,0.0,17,130.5,132.0,17,130.5,135.5,0.0,0.0,0.0,0.0,89
2023-05-10 21:19:08,MA401P2300,MA401P2300,130.5,0.0,0.0,0.0,10,131.0,132.0,17,130.5,135.5,0.0,0.0,0.0,0.0,89
2023-05-10 21:19:08,MA401P2300,MA401P2300,130.5,0.0,0.0,0.0,17,130.5,132.0,17,130.5,135.5,0.0,0.0,0.0,0.0,89
2023-05-10 21:19:24,MA401P2300,MA401P2300,130.5,0.0,0.0,0.0,10,131.0,132.0,17,130.5,135.5,0.0,0.0,0.0,0.0,89
2023-05-10 21:19:25,MA401P2300,MA401P2300,130.5,0.0,0.0,0.0,17,130.5,132.0,17,130.5,135.5,0.0,0.0,0.0,0.0,89
2023-05-10 21:19:28,MA401P2300,MA401P2300,130.5,0.0,0.0,0.0,10,131.0,132.0,17,130.5,135.5,0.0,0.0,0.0,0.0,89
2023-05-10 21:19:29,MA401P2300,MA401P2300,130.5,0.0,0.0,0.0,17,130.5,132.0,17,130.5,135.5,0.0,0.0,0.0,0.0,89
2023-05-10 21:19:38,MA401P2300,MA401P2300,130.5,0.0,0.0,0.0,10,131.0,132.0,17,130.5,135.5,0.0,0.0,0.0,0.0,89
2023-05-10 21:19:38,MA401P2300,MA401P2300,130.5,0.0,0.0,0.0,17,130.5,132.0,17,130.5,135.5,0.0,0.0,0.0,0.0,89
2023-05-10 21:19:53,MA401P2300,MA401P2300,130.5,0.0,0.0,0.0,10,131.0,132.0,17,130.5,135.5,0.0,0.0,0.0,0.0,89
2023-05-10 21:19:53,MA401P2300,MA401P2300,130.5,0.0,0.0,0.0,17,130.5,132.0,17,130.5,135.5,0.0,0.0,0.0,0.0,89
2023-05-10 21:19:56,MA401P2300,MA401P2300,130.5,0.0,0.0,0.0,10,131.0,132.0,17,130.5,135.5,0.0,0.0,0.0,0.0,89
2023-05-10 21:19:58,MA401P2300,MA401P2300,130.5,0.0,0.0,0.0,17,130.5,132.0,17,130.5,135.5,0.0,0.0,0.0,0.0,89
2023-05-10 21:20:08,MA401P2300,MA401P2300,130.5,0.0,0.0,0.0,10,131.0,132.0,7,130.5,135.5,0.0,0.0,0.0,0.0,89
2023-05-10 21:20:08,MA401P2300,MA401P2300,130.5,0.0,0.0,0.0,10,131.0,132.5,17,130.5,135.5,0.0,0.0,0.0,0.0,89
2023-05-10 21:20:15,MA401P2300,MA401P2300,130.5,0.0,0.0,0.0,17,130.5,132.5,17,130.5,135.5,0.0,0.0,0.0,0.0,89
2023-05-10 21:20:18,MA401P2300,MA401P2300,130.5,0.0,0.0,0.0,10,131.0,132.5,17,130.5,135.5,0.0,0.0,0.0,0.0,89
2023-05-10 21:20:56,MA401P2300,MA401P2300,130.5,0.0,0.0,0.0,27,131.0,132.5,7,130.5,135.5,0.0,0.0,0.0,0.0,89
2023-05-10 21:20:56,MA401P2300,MA401P2300,130.5,0.0,0.0,0.0,20,131.5,133.5,21,130.5,135.5,0.0,0.0,0.0,0.0,89
2023-05-10 21:20:57,MA401P2300,MA401P2300,130.5,0.0,0.0,0.0,10,132.0,133.5,1,130.5,135.5,0.0,0.0,0.0,0.0,89
2023-05-10 21:20:57,MA401P2300,MA401P2300,130.5,0.0,0.0,0.0,20,131.5,134.5,20,130.5,135.5,0.0,0.0,0.0,0.0,89
2023-05-10 21:20:58,MA401P2300,MA401P2300,130.5,0.0,0.0,0.0,10,132.0,134.5,10,130.5,135.5,0.0,0.0,0.0,0.0,89
2023-05-10 21:20:59,MA401P2300,MA401P2300,130.5,0.0,0.0,0.0,10,132.0,133.5,7,130.5,135.5,0.0,0.0,0.0,0.0,89
2023-05-10 21:21:00,MA401P2300,MA401P2300,130.5,0.0,0.0,0.0,17,131.5,133.5,7,130.5,135.5,0.0,0.0,0.0,0.0,89
2023-05-10 21:21:01,MA401P2300,MA401P2300,130.5,0.0,0.0,0.0,17,131.5,133.0,7,130.5,135.5,0.0,0.0,0.0,0.0,89
2023-05-10 21:21:04,MA401P2300,MA401P2300,130.5,0.0,0.0,0.0,17,131.5,133.0,17,130.5,135.5,0.0,0.0,0.0,0.0,89
2023-05-10 21:21:04,MA401P2300,MA401P2300,130.5,0.0,0.0,0.0,7,131.5,133.0,17,130.5,135.5,0.0,0.0,0.0,0.0,89
2023-05-10 21:21:06,MA401P2300,MA401P2300,130.5,0.0,0.0,0.0,27,131.0,133.0,17,130.5,135.5,0.0,0.0,0.0,0.0,89
2023-05-10 21:21:07,MA401P2300,MA401P2300,130.5,0.0,0.0,0.0,27,131.0,132.5,7,130.5,135.5,0.0,0.0,0.0,0.0,89
2023-05-10 21:21:14,MA401P2300,MA401P2300,130.5,0.0,0.0,0.0,17,131.0,132.5,7,130.5,135.5,0.0,0.0,0.0,0.0,89
2023-05-10 21:21:17,MA401P2300,MA401P2300,130.5,0.0,0.0,0.0,27,131.0,132.5,7,130.5,135.5,0.0,0.0,0.0,0.0,89
2023-05-10 21:21:21,MA401P2300,MA401P2300,130.5,0.0,0.0,0.0,10,131.5,132.5,7,130.5,135.5,0.0,0.0,0.0,0.0,89
2023-05-10 21:21:22,MA401P2300,MA401P2300,130.5,0.0,0.0,0.0,27,131.0,132.5,7,130.5,135.5,0.0,0.0,0.0,0.0,89
2023-05-10 21:21:23,MA401P2300,MA401P2300,130.5,0.0,0.0,0.0,10,131.5,132.5,7,130.5,135.5,0.0,0.0,0.0,0.0,89
2023-05-10 21:21:25,MA401P2300,MA401P2300,130.5,0.0,0.0,0.0,27,131.0,132.5,7,130.5,135.5,0.0,0.0,0.0,0.0,89
2023-05-10 21:21:26,MA401P2300,MA401P2300,130.5,0.0,0.0,0.0,17,131.0,132.5,7,130.5,135.5,0.0,0.0,0.0,0.0,89
2023-05-10 21:21:28,MA401P2300,MA401P2300,130.5,0.0,0.0,0.0,10,131.5,132.5,7,130.5,135.5,0.0,0.0,0.0,0.0,89
2023-05-10 21:21:29,MA401P2300,MA401P2300,130.5,0.0,0.0,0.0,17,131.0,132.5,17,130.5,135.5,0.0,0.0,0.0,0.0,89
2023-05-10 21:21:38,MA401P2300,MA401P2300,130.5,0.0,0.0,0.0,27,131.0,132.5,7,130.5,135.5,0.0,0.0,0.0,0.0,89
2023-05-10 21:21:51,MA401P2300,MA401P2300,130.5,0.0,0.0,0.0,10,131.5,132.5,7,130.5,135.5,0.0,0.0,0.0,0.0,89
2023-05-10 21:22:13,MA401P2300,MA401P2300,130.5,0.0,0.0,0.0,17,131.0,132.5,7,130.5,135.5,0.0,0.0,0.0,0.0,89
2023-05-10 21:22:16,MA401P2300,MA401P2300,130.5,0.0,0.0,0.0,10,131.5,132.5,7,130.5,135.5,0.0,0.0,0.0,0.0,89
2023-05-10 21:22:31,MA401P2300,MA401P2300,130.5,0.0,0.0,0.0,17,131.0,132.5,17,130.5,135.5,0.0,0.0,0.0,0.0,89
2023-05-10 21:22:34,MA401P2300,MA401P2300,130.5,0.0,0.0,0.0,27,131.0,132.5,7,130.5,135.5,0.0,0.0,0.0,0.0,89
2023-05-10 21:22:45,MA401P2300,MA401P2300,130.5,0.0,0.0,0.0,10,131.5,132.5,7,130.5,135.5,0.0,0.0,0.0,0.0,89
2023-05-10 21:22:48,MA401P2300,MA401P2300,130.5,0.0,0.0,0.0,10,131.5,133.0,17,130.5,135.5,0.0,0.0,0.0,0.0,89
2023-05-10 21:22:55,MA401P2300,MA401P2300,130.5,0.0,0.0,0.0,27,131.0,133.0,17,130.5,135.5,0.0,0.0,0.0,0.0,89
2023-05-10 21:22:59,MA401P2300,MA401P2300,130.5,0.0,0.0,0.0,27,131.0,132.5,7,130.5,135.5,0.0,0.0,0.0,0.0,89
2023-05-10 21:23:16,MA401P2300,MA401P2300,130.5,0.0,0.0,0.0,10,131.5,132.5,7,130.5,135.5,0.0,0.0,0.0,0.0,89
2023-05-10 21:23:18,MA401P2300,MA401P2300,130.5,0.0,0.0,0.0,17,131.0,132.5,17,130.5,135.5,0.0,0.0,0.0,0.0,89
2023-05-10 21:23:31,MA401P2300,MA401P2300,130.5,0.0,0.0,0.0,27,131.0,132.5,7,130.5,135.5,0.0,0.0,0.0,0.0,89
2023-05-10 21:23:36,MA401P2300,MA401P2300,130.5,0.0,0.0,0.0,10,131.5,132.5,7,130.5,135.5,0.0,0.0,0.0,0.0,89
2023-05-10 21:24:07,MA401P2300,MA401P2300,130.5,0.0,0.0,0.0,17,131.0,132.5,17,130.5,135.5,0.0,0.0,0.0,0.0,89
2023-05-10 21:24:24,MA401P2300,MA401P2300,130.5,0.0,0.0,0.0,7,131.0,132.5,17,130.5,135.5,0.0,0.0,0.0,0.0,89
2023-05-10 21:24:27,MA401P2300,MA401P2300,130.5,0.0,0.0,0.0,30,130.5,132.5,17,130.5,135.5,0.0,0.0,0.0,0.0,89
2023-05-10 21:24:27,MA401P2300,MA401P2300,130.5,0.0,0.0,0.0,20,130.5,132.5,17,130.5,135.5,0.0,0.0,0.0,0.0,89
2023-05-10 21:24:35,MA401P2300,MA401P2300,130.5,0.0,0.0,0.0,10,131.0,132.5,17,130.5,135.5,0.0,0.0,0.0,0.0,89
2023-05-10 21:24:36,MA401P2300,MA401P2300,130.5,0.0,0.0,0.0,27,130.5,132.5,17,130.5,135.5,0.0,0.0,0.0,0.0,89
2023-05-10 21:24:39,MA401P2300,MA401P2300,130.5,0.0,0.0,0.0,20,131.0,132.5,7,130.5,135.5,0.0,0.0,0.0,0.0,89
2023-05-10 21:24:40,MA401P2300,MA401P2300,130.5,0.0,0.0,0.0,10,131.0,132.5,7,130.5,135.5,0.0,0.0,0.0,0.0,89
2023-05-10 21:24:43,MA401P2300,MA401P2300,130.5,0.0,0.0,0.0,10,131.0,132.5,17,130.5,135.5,0.0,0.0,0.0,0.0,89
2023-05-10 21:25:11,MA401P2300,MA401P2300,130.5,0.0,0.0,0.0,17,131.0,132.5,17,130.5,135.5,0.0,0.0,0.0,0.0,89
2023-05-10 21:25:45,MA401P2300,MA401P2300,130.5,0.0,0.0,0.0,27,131.0,132.5,7,130.5,135.5,0.0,0.0,0.0,0.0,89
2023-05-10 21:25:46,MA401P2300,MA401P2300,130.5,0.0,0.0,0.0,27,131.0,133.0,27,130.5,135.5,0.0,0.0,0.0,0.0,89
2023-05-10 21:25:46,MA401P2300,MA401P2300,130.5,0.0,0.0,0.0,27,131.0,133.0,17,130.5,135.5,0.0,0.0,0.0,0.0,89
2023-05-10 21:25:47,MA401P2300,MA401P2300,130.5,0.0,0.0,0.0,10,131.5,133.0,17,130.5,135.5,0.0,0.0,0.0,0.0,89
2023-05-10 21:25:48,MA401P2300,MA401P2300,130.5,0.0,0.0,0.0,17,131.5,133.0,17,130.5,135.5,0.0,0.0,0.0,0.0,89
2023-05-10 21:25:55,MA401P2300,MA401P2300,130.5,0.0,0.0,0.0,7,131.5,133.0,17,130.5,135.5,0.0,0.0,0.0,0.0,89
2023-05-10 21:26:05,MA401P2300,MA401P2300,130.5,0.0,0.0,0.0,27,131.0,133.0,17,130.5,135.5,0.0,0.0,0.0,0.0,89
2023-05-10 21:26:06,MA401P2300,MA401P2300,130.5,0.0,0.0,0.0,27,131.0,132.5,7,130.5,135.5,0.0,0.0,0.0,0.0,89
2023-05-10 21:26:19,MA401P2300,MA401P2300,130.5,0.0,0.0,0.0,10,131.5,132.5,7,130.5,135.5,0.0,0.0,0.0,0.0,89
2023-05-10 21:26:26,MA401P2300,MA401P2300,130.5,0.0,0.0,0.0,27,131.0,132.5,7,130.5,135.5,0.0,0.0,0.0,0.0,89
2023-05-10 21:26:29,MA401P2300,MA401P2300,130.5,0.0,0.0,0.0,10,131.5,132.5,7,130.5,135.5,0.0,0.0,0.0,0.0,89
2023-05-10 21:26:31,MA401P2300,MA401P2300,130.5,0.0,0.0,0.0,27,131.0,132.5,7,130.5,135.5,0.0,0.0,0.0,0.0,89
2023-05-10 21:26:31,MA401P2300,MA401P2300,130.5,0.0,0.0,0.0,10,131.5,132.5,7,130.5,135.5,0.0,0.0,0.0,0.0,89
2023-05-10 21:27:10,MA401P2300,MA401P2300,130.5,0.0,0.0,0.0,17,131.5,133.0,17,130.5,135.5,0.0,0.0,0.0,0.0,89
2023-05-10 21:27:11,MA401P2300,MA401P2300,130.5,0.0,0.0,0.0,17,131.5,133.0,7,130.5,135.5,0.0,0.0,0.0,0.0,89
2023-05-10 21:27:12,MA401P2300,MA401P2300,130.5,0.0,0.0,0.0,17,131.5,133.0,17,130.5,135.5,0.0,0.0,0.0,0.0,89
2023-05-10 21:28:09,MA401P2300,MA401P2300,130.5,0.0,0.0,0.0,27,131.5,133.5,20,130.5,135.5,0.0,0.0,0.0,0.0,89
2023-05-10 21:28:09,MA401P2300,MA401P2300,130.5,0.0,0.0,0.0,10,132.0,133.5,10,130.5,135.5,0.0,0.0,0.0,0.0,89
2023-05-10 21:28:10,MA401P2300,MA401P2300,130.5,0.0,0.0,0.0,17,132.0,133.5,10,130.5,135.5,0.0,0.0,0.0,0.0,89
2023-05-10 21:28:13,MA401P2300,MA401P2300,130.5,0.0,0.0,0.0,17,132.0,133.5,17,130.5,135.5,0.0,0.0,0.0,0.0,89
2023-05-10 21:28:14,MA401P2300,MA401P2300,130.5,0.0,0.0,0.0,7,132.0,133.5,17,130.5,135.5,0.0,0.0,0.0,0.0,89
2023-05-10 21:28:14,MA401P2300,MA401P2300,130.5,0.0,0.0,0.0,17,132.0,133.5,17,130.5,135.5,0.0,0.0,0.0,0.0,89
2023-05-10 21:28:22,MA401P2300,MA401P2300,130.5,0.0,0.0,0.0,7,132.0,133.5,17,130.5,135.5,0.0,0.0,0.0,0.0,89
2023-05-10 21:28:27,MA401P2300,MA401P2300,130.5,0.0,0.0,0.0,17,132.0,133.5,17,130.5,135.5,0.0,0.0,0.0,0.0,89
2023-05-10 21:28:30,MA401P2300,MA401P2300,130.5,0.0,0.0,0.0,7,132.0,133.5,17,130.5,135.5,0.0,0.0,0.0,0.0,89
2023-05-10 21:29:03,MA401P2300,MA401P2300,130.5,0.0,0.0,0.0,7,132.0,133.5,7,130.5,135.5,0.0,0.0,0.0,0.0,89
2023-05-10 21:29:28,MA401P2300,MA401P2300,130.5,0.0,0.0,0.0,17,132.0,133.5,7,130.5,135.5,0.0,0.0,0.0,0.0,89
2023-05-10 21:29:34,MA401P2300,MA401P2300,130.5,0.0,0.0,0.0,10,132.5,134.0,7,130.5,135.5,0.0,0.0,0.0,0.0,89
2023-05-10 21:29:35,MA401P2300,MA401P2300,130.5,0.0,0.0,0.0,10,133.0,135.5,10,130.5,135.5,0.0,0.0,0.0,0.0,89
2023-05-10 21:29:37,MA401P2300,MA401P2300,130.5,0.0,0.0,0.0,10,133.0,135.0,7,130.5,135.5,0.0,0.0,0.0,0.0,89
2023-05-10 21:29:38,MA401P2300,MA401P2300,130.5,0.0,0.0,0.0,17,132.5,135.0,7,130.5,135.5,0.0,0.0,0.0,0.0,89
2023-05-10 21:29:39,MA401P2300,MA401P2300,130.5,0.0,0.0,0.0,10,133.0,135.0,7,130.5,135.5,0.0,0.0,0.0,0.0,89
2023-05-10 21:29:44,MA401P2300,MA401P2300,130.5,0.0,0.0,0.0,17,133.0,135.0,7,130.5,135.5,0.0,0.0,0.0,0.0,89
2023-05-10 21:29:52,MA401P2300,MA401P2300,130.5,0.0,0.0,0.0,10,133.5,135.0,7,130.5,135.5,0.0,0.0,0.0,0.0,89
2023-05-10 21:29:56,MA401P2300,MA401P2300,130.5,0.0,0.0,0.0,17,133.0,135.0,7,130.5,135.5,0.0,0.0,0.0,0.0,89
2023-05-10 21:29:59,MA401P2300,MA401P2300,130.5,0.0,0.0,0.0,10,133.5,135.0,7,130.5,135.5,0.0,0.0,0.0,0.0,89
2023-05-10 21:30:00,MA401P2300,MA401P2300,130.5,0.0,0.0,0.0,17,133.0,135.0,7,130.5,135.5,0.0,0.0,0.0,0.0,89
2023-05-10 21:30:16,MA401P2300,MA401P2300,130.5,0.0,0.0,0.0,17,133.0,134.5,7,130.5,135.5,0.0,0.0,0.0,0.0,89
2023-05-10 21:30:17,MA401P2300,MA401P2300,130.5,0.0,0.0,0.0,7,133.0,134.5,7,130.5,135.5,0.0,0.0,0.0,0.0,89
2023-05-10 21:30:21,MA401P2300,MA401P2300,130.5,0.0,0.0,0.0,17,133.0,134.5,7,130.5,135.5,0.0,0.0,0.0,0.0,89
2023-05-10 21:30:24,MA401P2300,MA401P2300,130.5,0.0,0.0,0.0,7,133.0,134.5,7,130.5,135.5,0.0,0.0,0.0,0.0,89
2023-05-10 21:30:38,MA401P2300,MA401P2300,130.5,0.0,0.0,0.0,17,132.5,134.5,7,130.5,135.5,0.0,0.0,0.0,0.0,89
2023-05-10 21:30:51,MA401P2300,MA401P2300,130.5,0.0,0.0,0.0,17,132.5,134.0,7,130.5,135.5,0.0,0.0,0.0,0.0,89
2023-05-10 21:31:10,MA401P2300,MA401P2300,130.5,0.0,0.0,0.0,17,132.5,134.0,17,130.5,135.5,0.0,0.0,0.0,0.0,89
2023-05-10 21:32:51,MA401P2300,MA401P2300,130.5,0.0,0.0,0.0,10,133.0,134.5,27,130.5,135.5,0.0,0.0,0.0,0.0,89
2023-05-10 21:32:51,MA401P2300,MA401P2300,130.5,0.0,0.0,0.0,17,133.0,134.5,17,130.5,135.5,0.0,0.0,0.0,0.0,89
2023-05-10 21:32:56,MA401P2300,MA401P2300,130.5,0.0,0.0,0.0,10,133.5,134.5,17,130.5,135.5,0.0,0.0,0.0,0.0,89
2023-05-10 21:32:57,MA401P2300,MA401P2300,130.5,0.0,0.0,0.0,10,133.5,134.5,10,130.5,135.5,0.0,0.0,0.0,0.0,89
2023-05-10 21:32:59,MA401P2300,MA401P2300,130.5,0.0,0.0,0.0,10,133.5,135.0,20,130.5,135.5,0.0,0.0,0.0,0.0,89
2023-05-10 21:32:59,MA401P2300,MA401P2300,130.5,0.0,0.0,0.0,10,133.5,135.0,10,130.5,135.5,0.0,0.0,0.0,0.0,89
2023-05-10 21:33:02,MA401P2300,MA401P2300,130.5,0.0,0.0,0.0,10,133.5,135.0,17,130.5,135.5,0.0,0.0,0.0,0.0,89
2023-05-10 21:33:04,MA401P2300,MA401P2300,130.5,0.0,0.0,0.0,27,133.0,135.0,17,130.5,135.5,0.0,0.0,0.0,0.0,89
2023-05-10 21:33:13,MA401P2300,MA401P2300,130.5,0.0,0.0,0.0,10,133.5,135.0,17,130.5,135.5,0.0,0.0,0.0,0.0,89
2023-05-10 21:33:18,MA401P2300,MA401P2300,130.5,0.0,0.0,0.0,27,133.5,135.0,7,130.5,135.5,0.0,0.0,0.0,0.0,89
2023-05-10 21:33:21,MA401P2300,MA401P2300,130.5,0.0,0.0,0.0,17,133.5,135.0,7,130.5,135.5,0.0,0.0,0.0,0.0,89
2023-05-10 21:33:28,MA401P2300,MA401P2300,130.5,0.0,0.0,0.0,17,133.5,135.0,17,130.5,135.5,0.0,0.0,0.0,0.0,89
2023-05-10 21:34:49,MA401P2300,MA401P2300,130.5,0.0,0.0,0.0,27,133.5,135.0,7,130.5,135.5,0.0,0.0,0.0,0.0,89
2023-05-10 21:34:50,MA401P2300,MA401P2300,130.5,0.0,0.0,0.0,27,133.5,135.5,17,130.5,135.5,0.0,0.0,0.0,0.0,89
2023-05-10 21:34:51,MA401P2300,MA401P2300,130.5,0.0,0.0,0.0,10,134.5,135.5,17,130.5,135.5,0.0,0.0,0.0,0.0,89
2023-05-10 21:35:01,MA401P2300,MA401P2300,130.5,0.0,0.0,0.0,17,134.0,135.5,17,130.5,135.5,0.0,0.0,0.0,0.0,89
2023-05-10 21:35:02,MA401P2300,MA401P2300,130.5,0.0,0.0,0.0,10,134.5,135.5,17,130.5,135.5,0.0,0.0,0.0,0.0,89
2023-05-10 21:35:02,MA401P2300,MA401P2300,130.5,0.0,0.0,0.0,17,134.0,135.5,17,130.5,135.5,0.0,0.0,0.0,0.0,89
2023-05-10 21:35:06,MA401P2300,MA401P2300,130.5,0.0,0.0,0.0,10,134.0,135.5,17,130.5,135.5,0.0,0.0,0.0,0.0,89
2023-05-10 21:35:08,MA401P2300,MA401P2300,130.5,0.0,0.0,0.0,10,134.0,135.0,7,130.5,135.5,0.0,0.0,0.0,0.0,89
2023-05-10 21:35:08,MA401P2300,MA401P2300,130.5,0.0,0.0,0.0,17,133.5,135.0,7,130.5,135.5,0.0,0.0,0.0,0.0,89
2023-05-10 21:35:09,MA401P2300,MA401P2300,130.5,0.0,0.0,0.0,10,134.0,135.0,7,130.5,135.5,0.0,0.0,0.0,0.0,89
2023-05-10 21:35:27,MA401P2300,MA401P2300,130.5,0.0,0.0,0.0,10,134.0,135.5,7,130.5,135.5,0.0,0.0,0.0,0.0,89
2023-05-10 21:35:27,MA401P2300,MA401P2300,130.5,0.0,0.0,0.0,10,134.5,135.5,7,130.5,135.5,0.0,0.0,0.0,0.0,89
2023-05-10 21:35:28,MA401P2300,MA401P2300,130.5,0.0,0.0,0.0,17,134.0,135.5,7,130.5,135.5,0.0,0.0,0.0,0.0,89
2023-05-10 21:35:30,MA401P2300,MA401P2300,130.5,0.0,0.0,0.0,17,134.0,135.5,17,130.5,135.5,0.0,0.0,0.0,0.0,89
2023-05-10 21:35:46,MA401P2300,MA401P2300,130.5,0.0,0.0,0.0,10,134.5,135.5,17,130.5,135.5,0.0,0.0,0.0,0.0,89
2023-05-10 21:35:47,MA401P2300,MA401P2300,130.5,0.0,0.0,0.0,17,134.0,135.5,17,130.5,135.5,0.0,0.0,0.0,0.0,89
2023-05-10 21:35:52,MA401P2300,MA401P2300,130.5,0.0,0.0,0.0,10,134.5,135.5,17,130.5,135.5,0.0,0.0,0.0,0.0,89
2023-05-10 21:35:52,MA401P2300,MA401P2300,130.5,0.0,0.0,0.0,17,134.0,135.5,17,130.5,135.5,0.0,0.0,0.0,0.0,89
2023-05-10 21:35:55,MA401P2300,MA401P2300,130.5,0.0,0.0,0.0,10,134.5,135.5,17,130.5,135.5,0.0,0.0,0.0,0.0,89
2023-05-10 21:35:56,MA401P2300,MA401P2300,130.5,0.0,0.0,0.0,17,134.0,135.5,17,130.5,135.5,0.0,0.0,0.0,0.0,89
2023-05-10 21:36:00,MA401P2300,MA401P2300,130.5,0.0,0.0,0.0,10,134.5,135.5,17,130.5,135.5,0.0,0.0,0.0,0.0,89
2023-05-10 21:36:03,MA401P2300,MA401P2300,130.5,0.0,0.0,0.0,7,134.0,135.5,17,130.5,135.5,0.0,0.0,0.0,0.0,89
2023-05-10 21:36:04,MA401P2300,MA401P2300,130.5,0.0,0.0,0.0,17,134.0,135.5,17,130.5,135.5,0.0,0.0,0.0,0.0,89
2023-05-10 21:36:06,MA401P2300,MA401P2300,130.5,0.0,0.0,0.0,27,134.0,135.5,7,130.5,135.5,0.0,0.0,0.0,0.0,89
2023-05-10 21:36:06,MA401P2300,MA401P2300,130.5,0.0,0.0,0.0,10,134.5,135.5,7,130.5,135.5,0.0,0.0,0.0,0.0,89
2023-05-10 21:36:11,MA401P2300,MA401P2300,130.5,0.0,0.0,0.0,17,134.0,135.5,7,130.5,135.5,0.0,0.0,0.0,0.0,89
2023-05-10 21:36:13,MA401P2300,MA401P2300,130.5,0.0,0.0,0.0,17,134.0,135.5,17,130.5,135.5,0.0,0.0,0.0,0.0,89
2023-05-10 21:36:15,MA401P2300,MA401P2300,130.5,0.0,0.0,0.0,10,134.5,135.5,17,130.5,135.5,0.0,0.0,0.0,0.0,89
2023-05-10 21:36:26,MA401P2300,MA401P2300,130.5,0.0,0.0,0.0,17,134.0,135.5,17,130.5,135.5,0.0,0.0,0.0,0.0,89
2023-05-10 21:36:40,MA401P2300,MA401P2300,130.5,0.0,0.0,0.0,27,134.0,135.5,7,130.5,135.5,0.0,0.0,0.0,0.0,89
2023-05-10 21:36:41,MA401P2300,MA401P2300,130.5,0.0,0.0,0.0,17,134.0,135.5,7,130.5,135.5,0.0,0.0,0.0,0.0,89
2023-05-10 21:36:43,MA401P2300,MA401P2300,130.5,0.0,0.0,0.0,17,134.0,135.5,17,130.5,135.5,0.0,0.0,0.0,0.0,89
2023-05-10 21:36:53,MA401P2300,MA401P2300,130.5,0.0,0.0,0.0,7,134.0,135.5,17,130.5,135.5,0.0,0.0,0.0,0.0,89
2023-05-10 21:36:53,MA401P2300,MA401P2300,130.5,0.0,0.0,0.0,17,134.0,135.5,17,130.5,135.5,0.0,0.0,0.0,0.0,89
2023-05-10 21:36:54,MA401P2300,MA401P2300,130.5,0.0,0.0,0.0,10,134.5,135.5,17,130.5,135.5,0.0,0.0,0.0,0.0,89
2023-05-10 21:36:55,MA401P2300,MA401P2300,130.5,0.0,0.0,0.0,10,134.5,135.5,7,130.5,135.5,0.0,0.0,0.0,0.0,89
2023-05-10 21:37:07,MA401P2300,MA401P2300,130.5,0.0,0.0,0.0,17,134.5,136.0,20,130.5,135.5,0.0,0.0,0.0,0.0,89
2023-05-10 21:37:07,MA401P2300,MA401P2300,130.5,0.0,0.0,0.0,17,134.5,136.0,10,130.5,135.5,0.0,0.0,0.0,0.0,89
2023-05-10 21:37:09,MA401P2300,MA401P2300,130.5,0.0,0.0,0.0,10,135.0,136.0,10,130.5,135.5,0.0,0.0,0.0,0.0,89
2023-05-10 21:37:09,MA401P2300,MA401P2300,130.5,0.0,0.0,0.0,17,134.5,136.0,10,130.5,135.5,0.0,0.0,0.0,0.0,89
2023-05-10 21:37:10,MA401P2300,MA401P2300,130.5,0.0,0.0,0.0,17,134.5,136.0,17,130.5,135.5,0.0,0.0,0.0,0.0,89
2023-05-10 21:37:28,MA401P2300,MA401P2300,130.5,0.0,0.0,0.0,7,134.5,136.0,17,130.5,135.5,0.0,0.0,0.0,0.0,89
2023-05-10 21:37:29,MA401P2300,MA401P2300,130.5,0.0,0.0,0.0,17,134.5,136.0,17,130.5,135.5,0.0,0.0,0.0,0.0,89
2023-05-10 21:37:42,MA401P2300,MA401P2300,130.5,0.0,0.0,0.0,10,135.0,136.0,17,130.5,135.5,0.0,0.0,0.0,0.0,89
2023-05-10 21:37:51,MA401P2300,MA401P2300,130.5,0.0,0.0,0.0,17,134.5,136.0,17,130.5,135.5,0.0,0.0,0.0,0.0,89
2023-05-10 21:37:55,MA401P2300,MA401P2300,130.5,0.0,0.0,0.0,10,135.0,136.0,17,130.5,135.5,0.0,0.0,0.0,0.0,89
2023-05-10 21:38:01,MA401P2300,MA401P2300,130.5,0.0,0.0,0.0,10,135.0,136.5,27,130.5,135.5,0.0,0.0,0.0,0.0,89
2023-05-10 21:38:01,MA401P2300,MA401P2300,130.5,0.0,0.0,0.0,10,135.5,136.5,17,130.5,135.5,0.0,0.0,0.0,0.0,89
2023-05-10 21:38:24,MA401P2300,MA401P2300,135.5,10.0,1355.0,0.0,7,134.5,136.5,17,130.5,135.5,135.5,135.5,10.0,1355.0,89
2023-05-10 21:38:25,MA401P2300,MA401P2300,135.5,0.0,0.0,0.0,7,135.0,136.5,17,130.5,135.5,135.5,135.5,10.0,1355.0,89
2023-05-10 21:39:25,MA401P2300,MA401P2300,135.5,0.0,0.0,0.0,7,135.0,136.5,10,130.5,135.5,135.5,135.5,10.0,1355.0,89
2023-05-10 21:39:27,MA401P2300,MA401P2300,135.5,0.0,0.0,0.0,17,135.0,137.0,17,130.5,135.5,135.5,135.5,10.0,1355.0,89
2023-05-10 21:39:46,MA401P2300,MA401P2300,135.5,0.0,0.0,0.0,7,135.5,137.0,17,130.5,135.5,135.5,135.5,10.0,1355.0,89
2023-05-10 21:40:04,MA401P2300,MA401P2300,135.5,0.0,0.0,0.0,17,135.5,137.0,7,130.5,135.5,135.5,135.5,10.0,1355.0,89
2023-05-10 21:40:04,MA401P2300,MA401P2300,135.5,0.0,0.0,0.0,7,135.5,137.0,7,130.5,135.5,135.5,135.5,10.0,1355.0,89
2023-05-10 21:40:13,MA401P2300,MA401P2300,135.5,0.0,0.0,0.0,7,135.5,137.0,17,130.5,135.5,135.5,135.5,10.0,1355.0,89
2023-05-10 21:40:14,MA401P2300,MA401P2300,135.5,0.0,0.0,0.0,7,135.5,137.0,7,130.5,135.5,135.5,135.5,10.0,1355.0,89
2023-05-10 21:40:25,MA401P2300,MA401P2300,135.5,0.0,0.0,0.0,17,135.5,137.0,7,130.5,135.5,135.5,135.5,10.0,1355.0,89
2023-05-10 21:40:26,MA401P2300,MA401P2300,135.5,0.0,0.0,0.0,10,136.0,137.0,7,130.5,135.5,135.5,135.5,10.0,1355.0,89
2023-05-10 21:40:26,MA401P2300,MA401P2300,135.5,0.0,0.0,0.0,17,135.5,137.0,7,130.5,135.5,135.5,135.5,10.0,1355.0,89
2023-05-10 21:40:32,MA401P2300,MA401P2300,135.5,0.0,0.0,0.0,10,136.0,137.0,7,130.5,135.5,135.5,135.5,10.0,1355.0,89
2023-05-10 21:40:32,MA401P2300,MA401P2300,135.5,0.0,0.0,0.0,17,135.5,137.0,7,130.5,135.5,135.5,135.5,10.0,1355.0,89
2023-05-10 21:41:01,MA401P2300,MA401P2300,135.5,0.0,0.0,0.0,10,136.0,137.0,7,130.5,135.5,135.5,135.5,10.0,1355.0,89
2023-05-10 21:41:03,MA401P2300,MA401P2300,135.5,0.0,0.0,0.0,17,135.5,137.0,7,130.5,135.5,135.5,135.5,10.0,1355.0,89
2023-05-10 21:41:18,MA401P2300,MA401P2300,135.5,0.0,0.0,0.0,10,136.0,137.0,7,130.5,135.5,135.5,135.5,10.0,1355.0,89
2023-05-10 21:41:18,MA401P2300,MA401P2300,135.5,0.0,0.0,0.0,17,135.5,137.0,7,130.5,135.5,135.5,135.5,10.0,1355.0,89
2023-05-10 21:41:22,MA401P2300,MA401P2300,135.5,0.0,0.0,0.0,10,136.0,137.0,7,130.5,135.5,135.5,135.5,10.0,1355.0,89
2023-05-10 21:41:22,MA401P2300,MA401P2300,135.5,0.0,0.0,0.0,17,135.5,137.0,7,130.5,135.5,135.5,135.5,10.0,1355.0,89
2023-05-10 21:41:34,MA401P2300,MA401P2300,135.5,0.0,0.0,0.0,10,136.0,137.0,7,130.5,135.5,135.5,135.5,10.0,1355.0,89
2023-05-10 21:41:34,MA401P2300,MA401P2300,135.5,0.0,0.0,0.0,17,135.5,137.0,7,130.5,135.5,135.5,135.5,10.0,1355.0,89
2023-05-10 21:41:36,MA401P2300,MA401P2300,135.5,0.0,0.0,0.0,10,136.0,137.0,7,130.5,135.5,135.5,135.5,10.0,1355.0,89
2023-05-10 21:41:36,MA401P2300,MA401P2300,135.5,0.0,0.0,0.0,10,136.5,137.5,17,130.5,135.5,135.5,135.5,10.0,1355.0,89
2023-05-10 21:41:38,MA401P2300,MA401P2300,135.5,0.0,0.0,0.0,10,136.0,137.5,17,130.5,135.5,135.5,135.5,10.0,1355.0,89
2023-05-10 21:41:41,MA401P2300,MA401P2300,135.5,0.0,0.0,0.0,17,136.0,137.5,17,130.5,135.5,135.5,135.5,10.0,1355.0,89
2023-05-10 21:41:47,MA401P2300,MA401P2300,135.5,0.0,0.0,0.0,7,136.0,137.5,17,130.5,135.5,135.5,135.5,10.0,1355.0,89
2023-05-10 21:41:47,MA401P2300,MA401P2300,135.5,0.0,0.0,0.0,17,136.0,137.5,17,130.5,135.5,135.5,135.5,10.0,1355.0,89
2023-05-10 21:41:48,MA401P2300,MA401P2300,135.5,0.0,0.0,0.0,7,136.0,137.5,17,130.5,135.5,135.5,135.5,10.0,1355.0,89
2023-05-10 21:41:51,MA401P2300,MA401P2300,135.5,0.0,0.0,0.0,17,136.0,137.5,17,130.5,135.5,135.5,135.5,10.0,1355.0,89
2023-05-10 21:41:56,MA401P2300,MA401P2300,135.5,0.0,0.0,0.0,7,136.0,137.5,17,130.5,135.5,135.5,135.5,10.0,1355.0,89
2023-05-10 21:41:57,MA401P2300,MA401P2300,135.5,0.0,0.0,0.0,27,135.5,137.5,17,130.5,135.5,135.5,135.5,10.0,1355.0,89
2023-05-10 21:41:59,MA401P2300,MA401P2300,135.5,0.0,0.0,0.0,17,135.5,137.5,7,130.5,135.5,135.5,135.5,10.0,1355.0,89
2023-05-10 21:42:00,MA401P2300,MA401P2300,135.5,0.0,0.0,0.0,27,135.5,137.5,17,130.5,135.5,135.5,135.5,10.0,1355.0,89
2023-05-10 21:42:00,MA401P2300,MA401P2300,135.5,0.0,0.0,0.0,17,136.0,137.5,10,130.5,135.5,135.5,135.5,10.0,1355.0,89
2023-05-10 21:42:01,MA401P2300,MA401P2300,135.5,0.0,0.0,0.0,17,136.0,138.0,10,130.5,135.5,135.5,135.5,10.0,1355.0,89
2023-05-10 21:42:02,MA401P2300,MA401P2300,135.5,0.0,0.0,0.0,7,136.5,138.0,10,130.5,135.5,135.5,135.5,10.0,1355.0,89
2023-05-10 21:42:16,MA401P2300,MA401P2300,135.5,0.0,0.0,0.0,7,136.5,138.5,7,130.5,135.5,135.5,135.5,10.0,1355.0,89
2023-05-10 21:42:17,MA401P2300,MA401P2300,135.5,0.0,0.0,0.0,7,136.5,138.0,10,130.5,135.5,135.5,135.5,10.0,1355.0,89
2023-05-10 21:42:17,MA401P2300,MA401P2300,135.5,0.0,0.0,0.0,7,136.5,138.5,7,130.5,135.5,135.5,135.5,10.0,1355.0,89
2023-05-10 21:42:20,MA401P2300,MA401P2300,135.5,0.0,0.0,0.0,7,136.5,138.0,10,130.5,135.5,135.5,135.5,10.0,1355.0,89
2023-05-10 21:42:23,MA401P2300,MA401P2300,135.5,0.0,0.0,0.0,17,136.5,138.0,10,130.5,135.5,135.5,135.5,10.0,1355.0,89
2023-05-10 21:42:28,MA401P2300,MA401P2300,135.5,0.0,0.0,0.0,27,136.5,138.5,17,130.5,135.5,135.5,135.5,10.0,1355.0,89
2023-05-10 21:42:28,MA401P2300,MA401P2300,135.5,0.0,0.0,0.0,10,137.0,138.5,17,130.5,135.5,135.5,135.5,10.0,1355.0,89
2023-05-10 21:42:29,MA401P2300,MA401P2300,135.5,0.0,0.0,0.0,17,137.0,138.5,17,130.5,135.5,135.5,135.5,10.0,1355.0,89
2023-05-10 21:42:32,MA401P2300,MA401P2300,135.5,0.0,0.0,0.0,7,137.0,138.5,17,130.5,135.5,135.5,135.5,10.0,1355.0,89
2023-05-10 21:42:40,MA401P2300,MA401P2300,135.5,0.0,0.0,0.0,17,137.0,138.5,17,130.5,135.5,135.5,135.5,10.0,1355.0,89
2023-05-10 21:42:43,MA401P2300,MA401P2300,135.5,0.0,0.0,0.0,7,137.0,138.5,17,130.5,135.5,135.5,135.5,10.0,1355.0,89
2023-05-10 21:42:44,MA401P2300,MA401P2300,135.5,0.0,0.0,0.0,17,137.0,138.5,17,130.5,135.5,135.5,135.5,10.0,1355.0,89
2023-05-10 21:42:44,MA401P2300,MA401P2300,135.5,0.0,0.0,0.0,7,137.0,138.5,17,130.5,135.5,135.5,135.5,10.0,1355.0,89
2023-05-10 21:42:49,MA401P2300,MA401P2300,135.5,0.0,0.0,0.0,17,137.0,138.5,17,130.5,135.5,135.5,135.5,10.0,1355.0,89
2023-05-10 21:42:50,MA401P2300,MA401P2300,135.5,0.0,0.0,0.0,7,137.0,138.5,17,130.5,135.5,135.5,135.5,10.0,1355.0,89
2023-05-10 21:42:51,MA401P2300,MA401P2300,135.5,0.0,0.0,0.0,17,137.0,138.5,17,130.5,135.5,135.5,135.5,10.0,1355.0,89
2023-05-10 21:42:51,MA401P2300,MA401P2300,135.5,0.0,0.0,0.0,7,137.0,138.5,17,130.5,135.5,135.5,135.5,10.0,1355.0,89
2023-05-10 21:43:19,MA401P2300,MA401P2300,135.5,0.0,0.0,0.0,17,137.0,138.5,17,130.5,135.5,135.5,135.5,10.0,1355.0,89
2023-05-10 21:43:27,MA401P2300,MA401P2300,135.5,0.0,0.0,0.0,17,137.0,138.5,7,130.5,135.5,135.5,135.5,10.0,1355.0,89
2023-05-10 21:43:31,MA401P2300,MA401P2300,135.5,0.0,0.0,0.0,10,137.5,138.5,7,130.5,135.5,135.5,135.5,10.0,1355.0,89
2023-05-10 21:43:32,MA401P2300,MA401P2300,135.5,0.0,0.0,0.0,10,137.5,139.0,20,130.5,135.5,135.5,135.5,10.0,1355.0,89
2023-05-10 21:43:32,MA401P2300,MA401P2300,135.5,0.0,0.0,0.0,10,137.5,139.0,10,130.5,135.5,135.5,135.5,10.0,1355.0,89
2023-05-10 21:43:33,MA401P2300,MA401P2300,135.5,0.0,0.0,0.0,37,137.0,139.0,10,130.5,135.5,135.5,135.5,10.0,1355.0,89
2023-05-10 21:43:33,MA401P2300,MA401P2300,135.5,0.0,0.0,0.0,17,137.0,139.0,17,130.5,135.5,135.5,135.5,10.0,1355.0,89
2023-05-10 21:43:34,MA401P2300,MA401P2300,135.5,0.0,0.0,0.0,10,137.5,139.0,17,130.5,135.5,135.5,135.5,10.0,1355.0,89
2023-05-10 21:43:36,MA401P2300,MA401P2300,135.5,0.0,0.0,0.0,10,138.0,139.5,27,130.5,135.5,135.5,135.5,10.0,1355.0,89
2023-05-10 21:43:37,MA401P2300,MA401P2300,135.5,0.0,0.0,0.0,10,138.0,140.0,10,130.5,135.5,135.5,135.5,10.0,1355.0,89
2023-05-10 21:43:37,MA401P2300,MA401P2300,135.5,0.0,0.0,0.0,10,139.0,141.0,10,130.5,135.5,135.5,135.5,10.0,1355.0,89
2023-05-10 21:43:38,MA401P2300,MA401P2300,135.5,0.0,0.0,0.0,10,140.0,142.5,1,130.5,135.5,135.5,135.5,10.0,1355.0,89
2023-05-10 21:43:38,MA401P2300,MA401P2300,135.5,0.0,0.0,0.0,10,140.5,142.5,11,130.5,135.5,135.5,135.5,10.0,1355.0,89
2023-05-10 21:43:39,MA401P2300,MA401P2300,135.5,0.0,0.0,0.0,10,140.0,141.5,7,130.5,135.5,135.5,135.5,10.0,1355.0,89
2023-05-10 21:43:40,MA401P2300,MA401P2300,135.5,0.0,0.0,0.0,10,139.5,141.5,7,130.5,135.5,135.5,135.5,10.0,1355.0,89
2023-05-10 21:43:42,MA401P2300,MA401P2300,135.5,0.0,0.0,0.0,10,139.0,141.5,7,130.5,135.5,135.5,135.5,10.0,1355.0,89
2023-05-10 21:43:43,MA401P2300,MA401P2300,135.5,0.0,0.0,0.0,20,138.5,141.5,17,130.5,135.5,135.5,135.5,10.0,1355.0,89
2023-05-10 21:43:44,MA401P2300,MA401P2300,135.5,0.0,0.0,0.0,10,138.5,141.5,17,130.5,135.5,135.5,135.5,10.0,1355.0,89
2023-05-10 21:43:45,MA401P2300,MA401P2300,135.5,0.0,0.0,0.0,10,139.0,141.5,17,130.5,135.5,135.5,135.5,10.0,1355.0,89
2023-05-10 21:43:47,MA401P2300,MA401P2300,135.5,0.0,0.0,0.0,10,139.0,141.0,7,130.5,135.5,135.5,135.5,10.0,1355.0,89
2023-05-10 21:43:53,MA401P2300,MA401P2300,135.5,0.0,0.0,0.0,17,139.0,141.0,7,130.5,135.5,135.5,135.5,10.0,1355.0,89
2023-05-10 21:43:55,MA401P2300,MA401P2300,135.5,0.0,0.0,0.0,10,139.5,141.0,7,130.5,135.5,135.5,135.5,10.0,1355.0,89
2023-05-10 21:43:56,MA401P2300,MA401P2300,135.5,0.0,0.0,0.0,17,139.5,141.0,7,130.5,135.5,135.5,135.5,10.0,1355.0,89
2023-05-10 21:43:57,MA401P2300,MA401P2300,135.5,0.0,0.0,0.0,7,139.5,141.0,7,130.5,135.5,135.5,135.5,10.0,1355.0,89
2023-05-10 21:44:03,MA401P2300,MA401P2300,135.5,0.0,0.0,0.0,17,139.0,141.0,7,130.5,135.5,135.5,135.5,10.0,1355.0,89
2023-05-10 21:44:05,MA401P2300,MA401P2300,135.5,0.0,0.0,0.0,17,139.0,140.5,7,130.5,135.5,135.5,135.5,10.0,1355.0,89
2023-05-10 21:44:10,MA401P2300,MA401P2300,135.5,0.0,0.0,0.0,7,139.0,140.5,7,130.5,135.5,135.5,135.5,10.0,1355.0,89
2023-05-10 21:44:11,MA401P2300,MA401P2300,135.5,0.0,0.0,0.0,17,139.0,140.5,7,130.5,135.5,135.5,135.5,10.0,1355.0,89
2023-05-10 21:44:14,MA401P2300,MA401P2300,135.5,0.0,0.0,0.0,7,139.0,140.5,7,130.5,135.5,135.5,135.5,10.0,1355.0,89
2023-05-10 21:44:15,MA401P2300,MA401P2300,135.5,0.0,0.0,0.0,10,138.5,140.5,7,130.5,135.5,135.5,135.5,10.0,1355.0,89
2023-05-10 21:44:17,MA401P2300,MA401P2300,135.5,0.0,0.0,0.0,17,138.5,140.5,7,130.5,135.5,135.5,135.5,10.0,1355.0,89
2023-05-10 21:44:25,MA401P2300,MA401P2300,135.5,0.0,0.0,0.0,17,138.5,140.0,7,130.5,135.5,135.5,135.5,10.0,1355.0,89
2023-05-10 21:44:33,MA401P2300,MA401P2300,135.5,0.0,0.0,0.0,10,139.0,140.0,7,130.5,135.5,135.5,135.5,10.0,1355.0,89
2023-05-10 21:44:34,MA401P2300,MA401P2300,135.5,0.0,0.0,0.0,17,138.5,140.0,7,130.5,135.5,135.5,135.5,10.0,1355.0,89
2023-05-10 21:44:36,MA401P2300,MA401P2300,135.5,0.0,0.0,0.0,10,139.0,140.0,7,130.5,135.5,135.5,135.5,10.0,1355.0,89
2023-05-10 21:44:36,MA401P2300,MA401P2300,135.5,0.0,0.0,0.0,17,138.5,140.0,7,130.5,135.5,135.5,135.5,10.0,1355.0,89
2023-05-10 21:44:38,MA401P2300,MA401P2300,135.5,0.0,0.0,0.0,10,139.0,140.0,7,130.5,135.5,135.5,135.5,10.0,1355.0,89
2023-05-10 21:44:39,MA401P2300,MA401P2300,135.5,0.0,0.0,0.0,17,138.5,140.0,7,130.5,135.5,135.5,135.5,10.0,1355.0,89
2023-05-10 21:44:42,MA401P2300,MA401P2300,135.5,0.0,0.0,0.0,10,139.0,140.0,7,130.5,135.5,135.5,135.5,10.0,1355.0,89
2023-05-10 21:44:43,MA401P2300,MA401P2300,135.5,0.0,0.0,0.0,17,138.5,140.0,7,130.5,135.5,135.5,135.5,10.0,1355.0,89
2023-05-10 21:45:00,MA401P2300,MA401P2300,135.5,0.0,0.0,0.0,10,139.0,140.0,7,130.5,135.5,135.5,135.5,10.0,1355.0,89
2023-05-10 21:45:01,MA401P2300,MA401P2300,135.5,0.0,0.0,0.0,17,138.5,140.0,7,130.5,135.5,135.5,135.5,10.0,1355.0,89
2023-05-10 21:45:02,MA401P2300,MA401P2300,135.5,0.0,0.0,0.0,10,139.0,140.0,7,130.5,135.5,135.5,135.5,10.0,1355.0,89
2023-05-10 21:45:03,MA401P2300,MA401P2300,135.5,0.0,0.0,0.0,17,138.5,140.0,7,130.5,135.5,135.5,135.5,10.0,1355.0,89
2023-05-10 21:45:06,MA401P2300,MA401P2300,135.5,0.0,0.0,0.0,27,138.5,140.0,7,130.5,135.5,135.5,135.5,10.0,1355.0,89
2023-05-10 21:45:07,MA401P2300,MA401P2300,135.5,0.0,0.0,0.0,10,139.0,140.0,7,130.5,135.5,135.5,135.5,10.0,1355.0,89
2023-05-10 21:45:13,MA401P2300,MA401P2300,135.5,0.0,0.0,0.0,27,138.5,140.0,7,130.5,135.5,135.5,135.5,10.0,1355.0,89
2023-05-10 21:45:14,MA401P2300,MA401P2300,135.5,0.0,0.0,0.0,17,138.5,140.0,7,130.5,135.5,135.5,135.5,10.0,1355.0,89
2023-05-10 21:45:15,MA401P2300,MA401P2300,135.5,0.0,0.0,0.0,17,138.5,140.0,17,130.5,135.5,135.5,135.5,10.0,1355.0,89
2023-05-10 21:45:22,MA401P2300,MA401P2300,135.5,0.0,0.0,0.0,10,138.5,140.0,17,130.5,135.5,135.5,135.5,10.0,1355.0,89
2023-05-10 21:45:23,MA401P2300,MA401P2300,135.5,0.0,0.0,0.0,27,138.0,140.0,17,130.5,135.5,135.5,135.5,10.0,1355.0,89
2023-05-10 21:45:23,MA401P2300,MA401P2300,135.5,0.0,0.0,0.0,17,138.0,140.0,7,130.5,135.5,135.5,135.5,10.0,1355.0,89
2023-05-10 21:45:24,MA401P2300,MA401P2300,135.5,0.0,0.0,0.0,10,138.5,140.0,7,130.5,135.5,135.5,135.5,10.0,1355.0,89
2023-05-10 21:45:24,MA401P2300,MA401P2300,135.5,0.0,0.0,0.0,17,138.0,140.0,7,130.5,135.5,135.5,135.5,10.0,1355.0,89
2023-05-10 21:45:26,MA401P2300,MA401P2300,135.5,0.0,0.0,0.0,10,138.5,140.0,7,130.5,135.5,135.5,135.5,10.0,1355.0,89
2023-05-10 21:45:37,MA401P2300,MA401P2300,135.5,0.0,0.0,0.0,10,138.5,140.0,17,130.5,135.5,135.5,135.5,10.0,1355.0,89
2023-05-10 21:45:53,MA401P2300,MA401P2300,135.5,0.0,0.0,0.0,10,139.0,140.0,17,130.5,135.5,135.5,135.5,10.0,1355.0,89
2023-05-10 21:45:54,MA401P2300,MA401P2300,135.5,0.0,0.0,0.0,10,138.5,140.0,17,130.5,135.5,135.5,135.5,10.0,1355.0,89
2023-05-10 21:46:01,MA401P2300,MA401P2300,135.5,0.0,0.0,0.0,17,138.5,140.0,17,130.5,135.5,135.5,135.5,10.0,1355.0,89
2023-05-10 21:46:23,MA401P2300,MA401P2300,135.5,0.0,0.0,0.0,10,139.0,140.0,17,130.5,135.5,135.5,135.5,10.0,1355.0,89
2023-05-10 21:46:26,MA401P2300,MA401P2300,135.5,0.0,0.0,0.0,17,138.5,140.0,17,130.5,135.5,135.5,135.5,10.0,1355.0,89
2023-05-10 21:46:33,MA401P2300,MA401P2300,135.5,0.0,0.0,0.0,10,139.0,140.0,17,130.5,135.5,135.5,135.5,10.0,1355.0,89
2023-05-10 21:46:33,MA401P2300,MA401P2300,135.5,0.0,0.0,0.0,17,138.5,140.0,17,130.5,135.5,135.5,135.5,10.0,1355.0,89
2023-05-10 21:46:46,MA401P2300,MA401P2300,135.5,0.0,0.0,0.0,7,138.5,140.0,17,130.5,135.5,135.5,135.5,10.0,1355.0,89
2023-05-10 21:46:47,MA401P2300,MA401P2300,135.5,0.0,0.0,0.0,17,138.5,140.0,17,130.5,135.5,135.5,135.5,10.0,1355.0,89
2023-05-10 21:46:49,MA401P2300,MA401P2300,135.5,0.0,0.0,0.0,7,138.5,140.0,17,130.5,135.5,135.5,135.5,10.0,1355.0,89
2023-05-10 21:46:51,MA401P2300,MA401P2300,135.5,0.0,0.0,0.0,17,138.5,140.0,17,130.5,135.5,135.5,135.5,10.0,1355.0,89
2023-05-10 21:46:56,MA401P2300,MA401P2300,135.5,0.0,0.0,0.0,10,139.0,140.0,17,130.5,135.5,135.5,135.5,10.0,1355.0,89
2023-05-10 21:46:57,MA401P2300,MA401P2300,135.5,0.0,0.0,0.0,17,138.5,140.0,17,130.5,135.5,135.5,135.5,10.0,1355.0,89
2023-05-10 21:47:46,MA401P2300,MA401P2300,135.5,0.0,0.0,0.0,27,138.5,140.0,7,130.5,135.5,135.5,135.5,10.0,1355.0,89
2023-05-10 21:47:47,MA401P2300,MA401P2300,135.5,0.0,0.0,0.0,10,139.0,140.0,7,130.5,135.5,135.5,135.5,10.0,1355.0,89
2023-05-10 21:47:49,MA401P2300,MA401P2300,135.5,0.0,0.0,0.0,17,138.5,140.0,7,130.5,135.5,135.5,135.5,10.0,1355.0,89
2023-05-10 21:47:56,MA401P2300,MA401P2300,135.5,0.0,0.0,0.0,10,139.0,140.0,7,130.5,135.5,135.5,135.5,10.0,1355.0,89
2023-05-10 21:47:58,MA401P2300,MA401P2300,135.5,0.0,0.0,0.0,17,138.5,140.0,7,130.5,135.5,135.5,135.5,10.0,1355.0,89
2023-05-10 21:48:01,MA401P2300,MA401P2300,135.5,0.0,0.0,0.0,10,139.0,140.0,7,130.5,135.5,135.5,135.5,10.0,1355.0,89
2023-05-10 21:48:07,MA401P2300,MA401P2300,135.5,0.0,0.0,0.0,10,139.0,140.5,7,130.5,135.5,135.5,135.5,10.0,1355.0,89
2023-05-10 21:48:08,MA401P2300,MA401P2300,135.5,0.0,0.0,0.0,10,139.0,140.5,17,130.5,135.5,135.5,135.5,10.0,1355.0,89
2023-05-10 21:48:11,MA401P2300,MA401P2300,135.5,0.0,0.0,0.0,10,139.0,140.5,7,130.5,135.5,135.5,135.5,10.0,1355.0,89
2023-05-10 21:48:11,MA401P2300,MA401P2300,135.5,0.0,0.0,0.0,10,139.0,140.5,17,130.5,135.5,135.5,135.5,10.0,1355.0,89
2023-05-10 21:48:13,MA401P2300,MA401P2300,135.5,0.0,0.0,0.0,17,139.0,140.5,17,130.5,135.5,135.5,135.5,10.0,1355.0,89
2023-05-10 21:48:15,MA401P2300,MA401P2300,135.5,0.0,0.0,0.0,17,139.0,140.5,7,130.5,135.5,135.5,135.5,10.0,1355.0,89
2023-05-10 21:48:16,MA401P2300,MA401P2300,135.5,0.0,0.0,0.0,17,139.0,142.0,20,130.5,135.5,135.5,135.5,10.0,1355.0,89
2023-05-10 21:48:16,MA401P2300,MA401P2300,135.5,0.0,0.0,0.0,10,139.5,142.0,10,130.5,135.5,135.5,135.5,10.0,1355.0,89
2023-05-10 21:48:19,MA401P2300,MA401P2300,135.5,0.0,0.0,0.0,10,139.5,141.5,7,130.5,135.5,135.5,135.5,10.0,1355.0,89
2023-05-10 21:48:21,MA401P2300,MA401P2300,135.5,0.0,0.0,0.0,17,139.5,141.5,7,130.5,135.5,135.5,135.5,10.0,1355.0,89
2023-05-10 21:48:26,MA401P2300,MA401P2300,135.5,0.0,0.0,0.0,27,139.5,141.5,7,130.5,135.5,135.5,135.5,10.0,1355.0,89
2023-05-10 21:48:28,MA401P2300,MA401P2300,135.5,0.0,0.0,0.0,17,139.5,141.5,7,130.5,135.5,135.5,135.5,10.0,1355.0,89
2023-05-10 21:48:28,MA401P2300,MA401P2300,135.5,0.0,0.0,0.0,7,140.0,141.5,7,130.5,135.5,135.5,135.5,10.0,1355.0,89
2023-05-10 21:48:35,MA401P2300,MA401P2300,135.5,0.0,0.0,0.0,7,140.0,141.5,17,130.5,135.5,135.5,135.5,10.0,1355.0,89
2023-05-10 21:48:36,MA401P2300,MA401P2300,135.5,0.0,0.0,0.0,7,140.0,141.5,7,130.5,135.5,135.5,135.5,10.0,1355.0,89
2023-05-10 21:48:36,MA401P2300,MA401P2300,135.5,0.0,0.0,0.0,7,140.0,141.5,17,130.5,135.5,135.5,135.5,10.0,1355.0,89
2023-05-10 21:48:37,MA401P2300,MA401P2300,135.5,0.0,0.0,0.0,17,140.0,141.5,17,130.5,135.5,135.5,135.5,10.0,1355.0,89
2023-05-10 21:48:42,MA401P2300,MA401P2300,135.5,0.0,0.0,0.0,27,140.0,142.0,10,130.5,135.5,135.5,135.5,10.0,1355.0,89
2023-05-10 21:48:42,MA401P2300,MA401P2300,135.5,0.0,0.0,0.0,10,140.5,142.5,7,130.5,135.5,135.5,135.5,10.0,1355.0,89
2023-05-10 21:48:44,MA401P2300,MA401P2300,135.5,0.0,0.0,0.0,10,140.5,142.0,10,130.5,135.5,135.5,135.5,10.0,1355.0,89
2023-05-10 21:48:45,MA401P2300,MA401P2300,135.5,0.0,0.0,0.0,20,140.5,142.5,17,130.5,135.5,135.5,135.5,10.0,1355.0,89
2023-05-10 21:48:45,MA401P2300,MA401P2300,135.5,0.0,0.0,0.0,10,141.0,142.5,17,130.5,135.5,135.5,135.5,10.0,1355.0,89
2023-05-10 21:48:47,MA401P2300,MA401P2300,135.5,0.0,0.0,0.0,27,140.5,142.5,17,130.5,135.5,135.5,135.5,10.0,1355.0,89
2023-05-10 21:48:48,MA401P2300,MA401P2300,135.5,0.0,0.0,0.0,20,141.0,142.5,7,130.5,135.5,135.5,135.5,10.0,1355.0,89
2023-05-10 21:48:48,MA401P2300,MA401P2300,135.5,0.0,0.0,0.0,10,141.0,142.5,7,130.5,135.5,135.5,135.5,10.0,1355.0,89
2023-05-10 21:48:49,MA401P2300,MA401P2300,135.5,0.0,0.0,0.0,10,141.5,143.0,20,130.5,135.5,135.5,135.5,10.0,1355.0,89
2023-05-10 21:48:50,MA401P2300,MA401P2300,135.5,0.0,0.0,0.0,10,141.5,144.0,10,130.5,135.5,135.5,135.5,10.0,1355.0,89
2023-05-10 21:48:51,MA401P2300,MA401P2300,135.5,0.0,0.0,0.0,10,141.5,143.5,7,130.5,135.5,135.5,135.5,10.0,1355.0,89
2023-05-10 21:48:53,MA401P2300,MA401P2300,135.5,0.0,0.0,0.0,10,142.0,143.5,7,130.5,135.5,135.5,135.5,10.0,1355.0,89
2023-05-10 21:48:54,MA401P2300,MA401P2300,135.5,0.0,0.0,0.0,10,142.0,143.5,17,130.5,135.5,135.5,135.5,10.0,1355.0,89
2023-05-10 21:48:55,MA401P2300,MA401P2300,135.5,0.0,0.0,0.0,10,142.0,143.0,10,130.5,135.5,135.5,135.5,10.0,1355.0,89
2023-05-10 21:48:56,MA401P2300,MA401P2300,135.5,0.0,0.0,0.0,10,141.5,143.5,7,130.5,135.5,135.5,135.5,10.0,1355.0,89
2023-05-10 21:48:57,MA401P2300,MA401P2300,135.5,0.0,0.0,0.0,10,141.5,143.0,10,130.5,135.5,135.5,135.5,10.0,1355.0,89
2023-05-10 21:48:57,MA401P2300,MA401P2300,135.5,0.0,0.0,0.0,10,142.0,143.0,10,130.5,135.5,135.5,135.5,10.0,1355.0,89
2023-05-10 21:48:58,MA401P2300,MA401P2300,135.5,0.0,0.0,0.0,10,142.0,143.5,17,130.5,135.5,135.5,135.5,10.0,1355.0,89
2023-05-10 21:48:58,MA401P2300,MA401P2300,135.5,0.0,0.0,0.0,10,142.0,143.0,10,130.5,135.5,135.5,135.5,10.0,1355.0,89
2023-05-10 21:48:59,MA401P2300,MA401P2300,135.5,0.0,0.0,0.0,10,142.0,143.5,17,130.5,135.5,135.5,135.5,10.0,1355.0,89
2023-05-10 21:49:03,MA401P2300,MA401P2300,135.5,0.0,0.0,0.0,27,141.5,143.5,17,130.5,135.5,135.5,135.5,10.0,1355.0,89
2023-05-10 21:49:06,MA401P2300,MA401P2300,135.5,0.0,0.0,0.0,10,142.0,143.5,17,130.5,135.5,135.5,135.5,10.0,1355.0,89
2023-05-10 21:49:09,MA401P2300,MA401P2300,135.5,0.0,0.0,0.0,27,141.5,143.5,17,130.5,135.5,135.5,135.5,10.0,1355.0,89
2023-05-10 21:49:10,MA401P2300,MA401P2300,135.5,0.0,0.0,0.0,10,142.0,143.5,17,130.5,135.5,135.5,135.5,10.0,1355.0,89
2023-05-10 21:49:12,MA401P2300,MA401P2300,135.5,0.0,0.0,0.0,27,141.5,143.5,17,130.5,135.5,135.5,135.5,10.0,1355.0,89
2023-05-10 21:49:14,MA401P2300,MA401P2300,135.5,0.0,0.0,0.0,10,142.0,143.5,17,130.5,135.5,135.5,135.5,10.0,1355.0,89
2023-05-10 21:49:17,MA401P2300,MA401P2300,135.5,0.0,0.0,0.0,27,141.5,143.5,17,130.5,135.5,135.5,135.5,10.0,1355.0,89
2023-05-10 21:49:18,MA401P2300,MA401P2300,135.5,0.0,0.0,0.0,10,142.0,143.5,17,130.5,135.5,135.5,135.5,10.0,1355.0,89
2023-05-10 21:49:19,MA401P2300,MA401P2300,135.5,0.0,0.0,0.0,27,141.5,143.5,17,130.5,135.5,135.5,135.5,10.0,1355.0,89
2023-05-10 21:49:20,MA401P2300,MA401P2300,135.5,0.0,0.0,0.0,17,141.5,143.5,17,130.5,135.5,135.5,135.5,10.0,1355.0,89
2023-05-10 21:49:26,MA401P2300,MA401P2300,135.5,0.0,0.0,0.0,17,141.5,143.0,7,130.5,135.5,135.5,135.5,10.0,1355.0,89
2023-05-10 21:49:36,MA401P2300,MA401P2300,135.5,0.0,0.0,0.0,10,142.0,143.5,17,130.5,135.5,135.5,135.5,10.0,1355.0,89
2023-05-10 21:49:45,MA401P2300,MA401P2300,135.5,0.0,0.0,0.0,17,141.5,143.5,17,130.5,135.5,135.5,135.5,10.0,1355.0,89
2023-05-10 21:49:51,MA401P2300,MA401P2300,135.5,0.0,0.0,0.0,7,141.5,143.0,17,130.5,135.5,135.5,135.5,10.0,1355.0,89
2023-05-10 21:50:00,MA401P2300,MA401P2300,135.5,0.0,0.0,0.0,7,141.5,143.0,7,130.5,135.5,135.5,135.5,10.0,1355.0,89
2023-05-10 21:50:01,MA401P2300,MA401P2300,135.5,0.0,0.0,0.0,7,141.5,143.0,17,130.5,135.5,135.5,135.5,10.0,1355.0,89
2023-05-10 21:50:05,MA401P2300,MA401P2300,135.5,0.0,0.0,0.0,17,141.0,143.0,17,130.5,135.5,135.5,135.5,10.0,1355.0,89
2023-05-10 21:50:05,MA401P2300,MA401P2300,135.5,0.0,0.0,0.0,7,141.0,143.0,17,130.5,135.5,135.5,135.5,10.0,1355.0,89
2023-05-10 21:50:07,MA401P2300,MA401P2300,135.5,0.0,0.0,0.0,7,141.0,142.5,7,130.5,135.5,135.5,135.5,10.0,1355.0,89
2023-05-10 21:50:16,MA401P2300,MA401P2300,135.5,0.0,0.0,0.0,7,141.0,142.5,17,130.5,135.5,135.5,135.5,10.0,1355.0,89
2023-05-10 21:50:20,MA401P2300,MA401P2300,135.5,0.0,0.0,0.0,30,140.5,142.5,17,130.5,135.5,135.5,135.5,10.0,1355.0,89
2023-05-10 21:50:21,MA401P2300,MA401P2300,135.5,0.0,0.0,0.0,20,140.5,142.5,17,130.5,135.5,135.5,135.5,10.0,1355.0,89
2023-05-10 21:50:21,MA401P2300,MA401P2300,135.5,0.0,0.0,0.0,27,140.5,142.5,17,130.5,135.5,135.5,135.5,10.0,1355.0,89
2023-05-10 21:50:38,MA401P2300,MA401P2300,135.5,0.0,0.0,0.0,17,140.5,142.5,17,130.5,135.5,135.5,135.5,10.0,1355.0,89
2023-05-10 21:50:40,MA401P2300,MA401P2300,135.5,0.0,0.0,0.0,27,140.5,142.5,17,130.5,135.5,135.5,135.5,10.0,1355.0,89
2023-05-10 21:51:17,MA401P2300,MA401P2300,135.5,0.0,0.0,0.0,17,140.5,142.5,17,130.5,135.5,135.5,135.5,10.0,1355.0,89
2023-05-10 21:51:22,MA401P2300,MA401P2300,135.5,0.0,0.0,0.0,27,140.5,142.5,17,130.5,135.5,135.5,135.5,10.0,1355.0,89
2023-05-10 21:51:28,MA401P2300,MA401P2300,135.5,0.0,0.0,0.0,7,140.5,142.5,17,130.5,135.5,135.5,135.5,10.0,1355.0,89
2023-05-10 21:51:29,MA401P2300,MA401P2300,135.5,0.0,0.0,0.0,7,140.5,142.0,7,130.5,135.5,135.5,135.5,10.0,1355.0,89
2023-05-10 21:51:39,MA401P2300,MA401P2300,135.5,0.0,0.0,0.0,20,140.0,142.0,17,130.5,135.5,135.5,135.5,10.0,1355.0,89
2023-05-10 21:51:40,MA401P2300,MA401P2300,135.5,0.0,0.0,0.0,10,139.5,142.0,7,130.5,135.5,135.5,135.5,10.0,1355.0,89
2023-05-10 21:51:41,MA401P2300,MA401P2300,135.5,0.0,0.0,0.0,10,140.0,142.0,7,130.5,135.5,135.5,135.5,10.0,1355.0,89
2023-05-10 21:51:41,MA401P2300,MA401P2300,135.5,0.0,0.0,0.0,20,140.0,142.0,7,130.5,135.5,135.5,135.5,10.0,1355.0,89
2023-05-10 21:51:42,MA401P2300,MA401P2300,135.5,0.0,0.0,0.0,27,140.0,142.0,7,130.5,135.5,135.5,135.5,10.0,1355.0,89
2023-05-10 21:51:44,MA401P2300,MA401P2300,135.5,0.0,0.0,0.0,27,140.0,142.0,17,130.5,135.5,135.5,135.5,10.0,1355.0,89
2023-05-10 21:52:02,MA401P2300,MA401P2300,135.5,0.0,0.0,0.0,7,140.5,142.0,17,130.5,135.5,135.5,135.5,10.0,1355.0,89
2023-05-10 21:52:26,MA401P2300,MA401P2300,135.5,0.0,0.0,0.0,17,140.0,142.0,17,130.5,135.5,135.5,135.5,10.0,1355.0,89
2023-05-10 21:52:28,MA401P2300,MA401P2300,135.5,0.0,0.0,0.0,17,140.0,142.0,27,130.5,135.5,135.5,135.5,10.0,1355.0,89
2023-05-10 21:52:30,MA401P2300,MA401P2300,135.5,0.0,0.0,0.0,27,140.0,142.0,27,130.5,135.5,135.5,135.5,10.0,1355.0,89
2023-05-10 21:52:35,MA401P2300,MA401P2300,135.5,0.0,0.0,0.0,17,140.0,141.5,10,130.5,135.5,135.5,135.5,10.0,1355.0,89
2023-05-10 21:52:47,MA401P2300,MA401P2300,135.5,0.0,0.0,0.0,17,140.0,141.5,11,130.5,135.5,135.5,135.5,10.0,1355.0,89
2023-05-10 21:52:49,MA401P2300,MA401P2300,135.5,0.0,0.0,0.0,27,140.0,141.5,1,130.5,135.5,135.5,135.5,10.0,1355.0,89
2023-05-10 21:53:19,MA401P2300,MA401P2300,135.5,0.0,0.0,0.0,10,140.5,141.5,1,130.5,135.5,135.5,135.5,10.0,1355.0,89
2023-05-10 21:53:21,MA401P2300,MA401P2300,135.5,0.0,0.0,0.0,27,140.0,141.5,1,130.5,135.5,135.5,135.5,10.0,1355.0,89
2023-05-10 21:53:28,MA401P2300,MA401P2300,135.5,0.0,0.0,0.0,10,140.5,141.5,1,130.5,135.5,135.5,135.5,10.0,1355.0,89
2023-05-10 21:53:33,MA401P2300,MA401P2300,135.5,0.0,0.0,0.0,17,140.5,141.5,1,130.5,135.5,135.5,135.5,10.0,1355.0,89
2023-05-10 21:53:36,MA401P2300,MA401P2300,135.5,0.0,0.0,0.0,7,140.5,141.5,1,130.5,135.5,135.5,135.5,10.0,1355.0,89
2023-05-10 21:53:43,MA401P2300,MA401P2300,135.5,0.0,0.0,0.0,17,140.5,141.5,1,130.5,135.5,135.5,135.5,10.0,1355.0,89
2023-05-10 21:53:45,MA401P2300,MA401P2300,135.5,0.0,0.0,0.0,7,140.5,141.5,1,130.5,135.5,135.5,135.5,10.0,1355.0,89
2023-05-10 21:53:46,MA401P2300,MA401P2300,135.5,0.0,0.0,0.0,17,140.5,141.5,1,130.5,135.5,135.5,135.5,10.0,1355.0,89
2023-05-10 21:53:56,MA401P2300,MA401P2300,135.5,0.0,0.0,0.0,27,140.5,141.5,1,130.5,135.5,135.5,135.5,10.0,1355.0,89
2023-05-10 21:53:56,MA401P2300,MA401P2300,141.5,1.0,141.0,1.0,27,140.5,142.0,7,130.5,135.5,141.5,135.5,11.0,1496.0,90
2023-05-10 21:53:58,MA401P2300,MA401P2300,141.5,0.0,0.0,0.0,27,140.5,142.5,27,130.5,135.5,141.5,135.5,11.0,1496.0,90
2023-05-10 21:53:59,MA401P2300,MA401P2300,141.5,0.0,0.0,0.0,27,140.5,142.5,17,130.5,135.5,141.5,135.5,11.0,1496.0,90
2023-05-10 21:54:01,MA401P2300,MA401P2300,141.5,0.0,0.0,0.0,17,140.5,142.5,27,130.5,135.5,141.5,135.5,11.0,1496.0,90
2023-05-10 21:54:03,MA401P2300,MA401P2300,141.5,0.0,0.0,0.0,17,140.5,142.5,17,130.5,135.5,141.5,135.5,11.0,1496.0,90
2023-05-10 21:54:03,MA401P2300,MA401P2300,141.5,0.0,0.0,0.0,17,141.0,142.5,17,130.5,135.5,141.5,135.5,11.0,1496.0,90
2023-05-10 21:54:04,MA401P2300,MA401P2300,141.5,0.0,0.0,0.0,7,141.0,142.5,17,130.5,135.5,141.5,135.5,11.0,1496.0,90
2023-05-10 21:54:04,MA401P2300,MA401P2300,141.5,0.0,0.0,0.0,17,141.0,142.5,17,130.5,135.5,141.5,135.5,11.0,1496.0,90
2023-05-10 21:54:05,MA401P2300,MA401P2300,141.5,0.0,0.0,0.0,7,141.0,142.5,17,130.5,135.5,141.5,135.5,11.0,1496.0,90
2023-05-10 21:54:06,MA401P2300,MA401P2300,141.5,0.0,0.0,0.0,17,141.0,142.5,17,130.5,135.5,141.5,135.5,11.0,1496.0,90
2023-05-10 21:54:08,MA401P2300,MA401P2300,141.5,0.0,0.0,0.0,7,140.5,142.0,20,130.5,135.5,141.5,135.5,11.0,1496.0,90
2023-05-10 21:54:12,MA401P2300,MA401P2300,141.5,0.0,0.0,0.0,7,140.5,142.0,27,130.5,135.5,141.5,135.5,11.0,1496.0,90
2023-05-10 21:54:25,MA401P2300,MA401P2300,141.5,0.0,0.0,0.0,17,140.5,142.0,17,130.5,135.5,141.5,135.5,11.0,1496.0,90
2023-05-10 21:54:28,MA401P2300,MA401P2300,141.5,0.0,0.0,0.0,27,140.5,142.0,7,130.5,135.5,141.5,135.5,11.0,1496.0,90
2023-05-10 21:54:33,MA401P2300,MA401P2300,141.5,0.0,0.0,0.0,27,140.5,142.5,27,130.5,135.5,141.5,135.5,11.0,1496.0,90
2023-05-10 21:54:40,MA401P2300,MA401P2300,141.5,0.0,0.0,0.0,17,140.5,142.5,27,130.5,135.5,141.5,135.5,11.0,1496.0,90
2023-05-10 21:54:44,MA401P2300,MA401P2300,141.5,0.0,0.0,0.0,7,140.5,142.0,27,130.5,135.5,141.5,135.5,11.0,1496.0,90
2023-05-10 21:55:14,MA401P2300,MA401P2300,141.5,0.0,0.0,0.0,7,140.5,141.5,10,130.5,135.5,141.5,135.5,11.0,1496.0,90
2023-05-10 21:55:18,MA401P2300,MA401P2300,141.5,0.0,0.0,0.0,7,140.5,142.0,27,130.5,135.5,141.5,135.5,11.0,1496.0,90
2023-05-10 21:55:37,MA401P2300,MA401P2300,141.5,0.0,0.0,0.0,10,140.0,141.5,10,130.5,135.5,141.5,135.5,11.0,1496.0,90
2023-05-10 21:55:38,MA401P2300,MA401P2300,141.5,0.0,0.0,0.0,17,140.0,141.5,10,130.5,135.5,141.5,135.5,11.0,1496.0,90
2023-05-10 21:55:39,MA401P2300,MA401P2300,141.5,0.0,0.0,0.0,27,140.0,142.0,27,130.5,135.5,141.5,135.5,11.0,1496.0,90
2023-05-10 21:55:48,MA401P2300,MA401P2300,141.5,0.0,0.0,0.0,27,140.0,142.0,28,130.5,135.5,141.5,135.5,11.0,1496.0,90
2023-05-10 21:55:49,MA401P2300,MA401P2300,141.5,0.0,0.0,0.0,17,140.0,142.0,28,130.5,135.5,141.5,135.5,11.0,1496.0,90
2023-05-10 21:55:49,MA401P2300,MA401P2300,141.5,0.0,0.0,0.0,7,140.0,141.5,10,130.5,135.5,141.5,135.5,11.0,1496.0,90
2023-05-10 21:55:54,MA401P2300,MA401P2300,141.5,0.0,0.0,0.0,7,140.0,141.0,10,130.5,135.5,141.5,135.5,11.0,1496.0,90
2023-05-10 21:55:54,MA401P2300,MA401P2300,141.5,0.0,0.0,0.0,7,140.0,141.5,10,130.5,135.5,141.5,135.5,11.0,1496.0,90
2023-05-10 21:55:56,MA401P2300,MA401P2300,141.5,0.0,0.0,0.0,7,140.0,141.5,17,130.5,135.5,141.5,135.5,11.0,1496.0,90
2023-05-10 21:56:01,MA401P2300,MA401P2300,141.5,0.0,0.0,0.0,7,140.0,141.5,18,130.5,135.5,141.5,135.5,11.0,1496.0,90
2023-05-10 21:56:03,MA401P2300,MA401P2300,141.5,0.0,0.0,0.0,7,140.0,141.0,10,130.5,135.5,141.5,135.5,11.0,1496.0,90
2023-05-10 21:56:27,MA401P2300,MA401P2300,141.5,0.0,0.0,0.0,7,140.0,141.5,28,130.5,135.5,141.5,135.5,11.0,1496.0,90
2023-05-10 21:56:27,MA401P2300,MA401P2300,141.5,0.0,0.0,0.0,7,140.0,141.0,10,130.5,135.5,141.5,135.5,11.0,1496.0,90
2023-05-10 21:56:28,MA401P2300,MA401P2300,141.5,0.0,0.0,0.0,7,140.0,141.5,28,130.5,135.5,141.5,135.5,11.0,1496.0,90
2023-05-10 21:57:00,MA401P2300,MA401P2300,141.5,0.0,0.0,0.0,17,140.0,141.5,18,130.5,135.5,141.5,135.5,11.0,1496.0,90
2023-05-10 21:57:01,MA401P2300,MA401P2300,141.5,0.0,0.0,0.0,27,140.0,141.5,8,130.5,135.5,141.5,135.5,11.0,1496.0,90
2023-05-10 21:57:10,MA401P2300,MA401P2300,141.5,0.0,0.0,0.0,17,140.0,141.5,8,130.5,135.5,141.5,135.5,11.0,1496.0,90
2023-05-10 21:57:10,MA401P2300,MA401P2300,141.5,0.0,0.0,0.0,7,140.0,141.5,8,130.5,135.5,141.5,135.5,11.0,1496.0,90
2023-05-10 21:57:36,MA401P2300,MA401P2300,141.5,0.0,0.0,0.0,7,140.0,141.5,18,130.5,135.5,141.5,135.5,11.0,1496.0,90
2023-05-10 21:57:36,MA401P2300,MA401P2300,141.5,0.0,0.0,0.0,7,140.0,141.5,8,130.5,135.5,141.5,135.5,11.0,1496.0,90
2023-05-10 21:57:37,MA401P2300,MA401P2300,141.5,0.0,0.0,0.0,7,140.0,141.5,18,130.5,135.5,141.5,135.5,11.0,1496.0,90
2023-05-10 21:57:39,MA401P2300,MA401P2300,141.5,0.0,0.0,0.0,7,140.0,141.5,8,130.5,135.5,141.5,135.5,11.0,1496.0,90
2023-05-10 21:57:40,MA401P2300,MA401P2300,141.5,0.0,0.0,0.0,7,140.0,141.5,18,130.5,135.5,141.5,135.5,11.0,1496.0,90
2023-05-10 21:57:40,MA401P2300,MA401P2300,141.5,0.0,0.0,0.0,7,140.0,141.5,8,130.5,135.5,141.5,135.5,11.0,1496.0,90
2023-05-10 21:57:43,MA401P2300,MA401P2300,141.5,0.0,0.0,0.0,7,140.0,141.5,18,130.5,135.5,141.5,135.5,11.0,1496.0,90
2023-05-10 21:57:48,MA401P2300,MA401P2300,141.5,0.0,0.0,0.0,7,140.0,141.5,28,130.5,135.5,141.5,135.5,11.0,1496.0,90
2023-05-10 21:57:51,MA401P2300,MA401P2300,141.5,0.0,0.0,0.0,17,139.5,141.5,28,130.5,135.5,141.5,135.5,11.0,1496.0,90
2023-05-10 21:57:54,MA401P2300,MA401P2300,141.5,0.0,0.0,0.0,27,139.5,141.5,28,130.5,135.5,141.5,135.5,11.0,1496.0,90
2023-05-10 21:57:56,MA401P2300,MA401P2300,141.5,0.0,0.0,0.0,27,139.5,141.5,18,130.5,135.5,141.5,135.5,11.0,1496.0,90
2023-05-10 21:58:06,MA401P2300,MA401P2300,141.5,0.0,0.0,0.0,10,140.0,141.5,18,130.5,135.5,141.5,135.5,11.0,1496.0,90
2023-05-10 21:58:11,MA401P2300,MA401P2300,141.5,0.0,0.0,0.0,27,140.0,141.5,8,130.5,135.5,141.5,135.5,11.0,1496.0,90
2023-05-10 21:58:18,MA401P2300,MA401P2300,141.5,0.0,0.0,0.0,27,140.0,141.5,1,130.5,135.5,141.5,135.5,11.0,1496.0,90
2023-05-10 21:58:19,MA401P2300,MA401P2300,141.5,0.0,0.0,0.0,7,140.5,141.5,1,130.5,135.5,141.5,135.5,11.0,1496.0,90
2023-05-10 21:58:32,MA401P2300,MA401P2300,141.5,0.0,0.0,0.0,17,140.5,141.5,1,130.5,135.5,141.5,135.5,11.0,1496.0,90
2023-05-10 21:58:54,MA401P2300,MA401P2300,141.5,0.0,0.0,0.0,7,140.5,141.5,1,130.5,135.5,141.5,135.5,11.0,1496.0,90
2023-05-10 21:58:54,MA401P2300,MA401P2300,141.5,0.0,0.0,0.0,17,140.5,141.5,1,130.5,135.5,141.5,135.5,11.0,1496.0,90
2023-05-10 21:59:02,MA401P2300,MA401P2300,141.5,1.0,142.0,1.0,17,140.5,142.0,20,130.5,135.5,141.5,135.5,12.0,1638.0,91
2023-05-10 21:59:03,MA401P2300,MA401P2300,141.5,0.0,0.0,0.0,27,140.5,142.5,20,130.5,135.5,141.5,135.5,12.0,1638.0,91
2023-05-10 21:59:03,MA401P2300,MA401P2300,141.5,0.0,0.0,0.0,27,140.5,142.5,10,130.5,135.5,141.5,135.5,12.0,1638.0,91
2023-05-10 21:59:03,MA401P2300,MA401P2300,141.5,0.0,0.0,0.0,7,141.0,142.5,10,130.5,135.5,141.5,135.5,12.0,1638.0,91
2023-05-10 21:59:06,MA401P2300,MA401P2300,141.5,0.0,0.0,0.0,7,141.0,142.5,20,130.5,135.5,141.5,135.5,12.0,1638.0,91
2023-05-10 21:59:08,MA401P2300,MA401P2300,141.5,0.0,0.0,0.0,17,141.0,143.0,37,130.5,135.5,141.5,135.5,12.0,1638.0,91
2023-05-10 21:59:08,MA401P2300,MA401P2300,141.5,0.0,0.0,0.0,17,141.0,143.0,27,130.5,135.5,141.5,135.5,12.0,1638.0,91
2023-05-10 21:59:09,MA401P2300,MA401P2300,141.5,0.0,0.0,0.0,7,141.5,143.0,17,130.5,135.5,141.5,135.5,12.0,1638.0,91
2023-05-10 21:59:11,MA401P2300,MA401P2300,141.5,0.0,0.0,0.0,17,141.5,143.0,7,130.5,135.5,141.5,135.5,12.0,1638.0,91
2023-05-10 21:59:11,MA401P2300,MA401P2300,141.5,0.0,0.0,0.0,27,141.5,143.5,30,130.5,135.5,141.5,135.5,12.0,1638.0,91
2023-05-10 21:59:11,MA401P2300,MA401P2300,141.5,0.0,0.0,0.0,17,141.5,143.5,10,130.5,135.5,141.5,135.5,12.0,1638.0,91
2023-05-10 21:59:12,MA401P2300,MA401P2300,141.5,0.0,0.0,0.0,27,141.5,143.5,20,130.5,135.5,141.5,135.5,12.0,1638.0,91
2023-05-10 21:59:13,MA401P2300,MA401P2300,141.5,0.0,0.0,0.0,17,142.0,144.0,20,130.5,135.5,141.5,135.5,12.0,1638.0,91
2023-05-10 21:59:13,MA401P2300,MA401P2300,141.5,0.0,0.0,0.0,17,142.0,144.0,10,130.5,135.5,141.5,135.5,12.0,1638.0,91
2023-05-10 21:59:15,MA401P2300,MA401P2300,141.5,0.0,0.0,0.0,17,142.0,144.0,20,130.5,135.5,141.5,135.5,12.0,1638.0,91
2023-05-10 21:59:17,MA401P2300,MA401P2300,141.5,0.0,0.0,0.0,17,142.0,144.0,27,130.5,135.5,141.5,135.5,12.0,1638.0,91
2023-05-10 21:59:18,MA401P2300,MA401P2300,141.5,0.0,0.0,0.0,27,142.0,144.0,17,130.5,135.5,141.5,135.5,12.0,1638.0,91
2023-05-10 21:59:18,MA401P2300,MA401P2300,141.5,0.0,0.0,0.0,27,142.0,144.0,7,130.5,135.5,141.5,135.5,12.0,1638.0,91
2023-05-10 21:59:19,MA401P2300,MA401P2300,141.5,0.0,0.0,0.0,27,142.0,144.0,17,130.5,135.5,141.5,135.5,12.0,1638.0,91
2023-05-10 21:59:20,MA401P2300,MA401P2300,141.5,0.0,0.0,0.0,7,142.5,144.0,17,130.5,135.5,141.5,135.5,12.0,1638.0,91
2023-05-10 21:59:21,MA401P2300,MA401P2300,141.5,0.0,0.0,0.0,17,142.5,144.0,7,130.5,135.5,141.5,135.5,12.0,1638.0,91
2023-05-10 21:59:21,MA401P2300,MA401P2300,141.5,0.0,0.0,0.0,27,142.5,144.0,7,130.5,135.5,141.5,135.5,12.0,1638.0,91
2023-05-10 21:59:23,MA401P2300,MA401P2300,141.5,0.0,0.0,0.0,17,142.5,144.0,17,130.5,135.5,141.5,135.5,12.0,1638.0,91
2023-05-10 21:59:24,MA401P2300,MA401P2300,141.5,0.0,0.0,0.0,27,142.5,144.0,7,130.5,135.5,141.5,135.5,12.0,1638.0,91
2023-05-10 21:59:26,MA401P2300,MA401P2300,141.5,0.0,0.0,0.0,7,142.5,144.0,27,130.5,135.5,141.5,135.5,12.0,1638.0,91
2023-05-10 21:59:28,MA401P2300,MA401P2300,141.5,0.0,0.0,0.0,7,142.0,144.0,27,130.5,135.5,141.5,135.5,12.0,1638.0,91
2023-05-10 21:59:30,MA401P2300,MA401P2300,141.5,0.0,0.0,0.0,17,142.0,144.0,27,130.5,135.5,141.5,135.5,12.0,1638.0,91
2023-05-10 21:59:31,MA401P2300,MA401P2300,141.5,0.0,0.0,0.0,27,142.0,144.0,27,130.5,135.5,141.5,135.5,12.0,1638.0,91
2023-05-10 21:59:33,MA401P2300,MA401P2300,141.5,0.0,0.0,0.0,17,142.0,144.0,17,130.5,135.5,141.5,135.5,12.0,1638.0,91
2023-05-10 21:59:33,MA401P2300,MA401P2300,141.5,0.0,0.0,0.0,27,142.0,144.0,27,130.5,135.5,141.5,135.5,12.0,1638.0,91
2023-05-10 21:59:34,MA401P2300,MA401P2300,141.5,0.0,0.0,0.0,17,142.0,144.0,17,130.5,135.5,141.5,135.5,12.0,1638.0,91
2023-05-10 21:59:35,MA401P2300,MA401P2300,141.5,0.0,0.0,0.0,27,142.0,144.0,27,130.5,135.5,141.5,135.5,12.0,1638.0,91
2023-05-10 21:59:41,MA401P2300,MA401P2300,141.5,0.0,0.0,0.0,17,142.0,144.0,17,130.5,135.5,141.5,135.5,12.0,1638.0,91
2023-05-10 21:59:41,MA401P2300,MA401P2300,141.5,0.0,0.0,0.0,27,142.0,144.0,27,130.5,135.5,141.5,135.5,12.0,1638.0,91
2023-05-10 21:59:42,MA401P2300,MA401P2300,141.5,0.0,0.0,0.0,17,142.0,143.5,10,130.5,135.5,141.5,135.5,12.0,1638.0,91
2023-05-10 21:59:42,MA401P2300,MA401P2300,141.5,0.0,0.0,0.0,7,142.0,143.5,17,130.5,135.5,141.5,135.5,12.0,1638.0,91
2023-05-10 21:59:50,MA401P2300,MA401P2300,141.5,0.0,0.0,0.0,7,142.0,143.5,27,130.5,135.5,141.5,135.5,12.0,1638.0,91
2023-05-10 21:59:58,MA401P2300,MA401P2300,141.5,0.0,0.0,0.0,10,141.5,143.5,27,130.5,135.5,141.5,135.5,12.0,1638.0,91
2023-05-10 22:00:00,MA401P2300,MA401P2300,141.5,0.0,0.0,0.0,20,141.5,143.5,27,130.5,135.5,141.5,135.5,12.0,1638.0,91
2023-05-10 22:00:00,MA401P2300,MA401P2300,141.5,0.0,0.0,0.0,20,141.5,143.5,17,130.5,135.5,141.5,135.5,12.0,1638.0,91
2023-05-10 22:00:01,MA401P2300,MA401P2300,141.5,0.0,0.0,0.0,10,141.5,143.5,27,130.5,135.5,141.5,135.5,12.0,1638.0,91
2023-05-10 22:00:02,MA401P2300,MA401P2300,141.5,0.0,0.0,0.0,27,141.0,143.0,17,130.5,135.5,141.5,135.5,12.0,1638.0,91
2023-05-10 22:00:03,MA401P2300,MA401P2300,141.5,0.0,0.0,0.0,17,141.0,143.0,17,130.5,135.5,141.5,135.5,12.0,1638.0,91
2023-05-10 22:00:03,MA401P2300,MA401P2300,141.5,0.0,0.0,0.0,7,141.0,142.5,10,130.5,135.5,141.5,135.5,12.0,1638.0,91
2023-05-10 22:00:08,MA401P2300,MA401P2300,141.5,0.0,0.0,0.0,7,141.0,142.5,17,130.5,135.5,141.5,135.5,12.0,1638.0,91
2023-05-10 22:00:13,MA401P2300,MA401P2300,141.5,0.0,0.0,0.0,20,140.5,142.5,27,130.5,135.5,141.5,135.5,12.0,1638.0,91
2023-05-10 22:00:13,MA401P2300,MA401P2300,141.5,0.0,0.0,0.0,10,140.5,142.5,27,130.5,135.5,141.5,135.5,12.0,1638.0,91
2023-05-10 22:00:13,MA401P2300,MA401P2300,141.5,0.0,0.0,0.0,10,140.5,142.5,17,130.5,135.5,141.5,135.5,12.0,1638.0,91
2023-05-10 22:00:16,MA401P2300,MA401P2300,141.5,0.0,0.0,0.0,10,140.5,142.5,27,130.5,135.5,141.5,135.5,12.0,1638.0,91
2023-05-10 22:00:22,MA401P2300,MA401P2300,141.5,0.0,0.0,0.0,27,140.0,142.0,17,130.5,135.5,141.5,135.5,12.0,1638.0,91
2023-05-10 22:00:22,MA401P2300,MA401P2300,141.5,0.0,0.0,0.0,17,140.0,142.0,17,130.5,135.5,141.5,135.5,12.0,1638.0,91
2023-05-10 22:00:24,MA401P2300,MA401P2300,141.5,0.0,0.0,0.0,27,140.0,142.0,17,130.5,135.5,141.5,135.5,12.0,1638.0,91
2023-05-10 22:00:25,MA401P2300,MA401P2300,141.5,0.0,0.0,0.0,17,140.0,142.0,17,130.5,135.5,141.5,135.5,12.0,1638.0,91
2023-05-10 22:00:26,MA401P2300,MA401P2300,141.5,0.0,0.0,0.0,17,140.0,142.0,27,130.5,135.5,141.5,135.5,12.0,1638.0,91
2023-05-10 22:00:26,MA401P2300,MA401P2300,141.5,0.0,0.0,0.0,7,140.0,142.0,17,130.5,135.5,141.5,135.5,12.0,1638.0,91
2023-05-10 22:00:27,MA401P2300,MA401P2300,141.5,0.0,0.0,0.0,7,140.0,141.5,10,130.5,135.5,141.5,135.5,12.0,1638.0,91
2023-05-10 22:00:29,MA401P2300,MA401P2300,141.5,0.0,0.0,0.0,7,140.0,141.5,17,130.5,135.5,141.5,135.5,12.0,1638.0,91
2023-05-10 22:00:30,MA401P2300,MA401P2300,141.5,0.0,0.0,0.0,10,139.5,141.5,17,130.5,135.5,141.5,135.5,12.0,1638.0,91
2023-05-10 22:00:30,MA401P2300,MA401P2300,141.5,0.0,0.0,0.0,20,139.5,141.5,17,130.5,135.5,141.5,135.5,12.0,1638.0,91
2023-05-10 22:00:31,MA401P2300,MA401P2300,141.5,0.0,0.0,0.0,10,139.5,141.5,18,130.5,135.5,141.5,135.5,12.0,1638.0,91
2023-05-10 22:00:32,MA401P2300,MA401P2300,141.5,0.0,0.0,0.0,17,139.5,141.5,18,130.5,135.5,141.5,135.5,12.0,1638.0,91
2023-05-10 22:00:33,MA401P2300,MA401P2300,141.5,0.0,0.0,0.0,27,139.5,141.5,18,130.5,135.5,141.5,135.5,12.0,1638.0,91
2023-05-10 22:00:33,MA401P2300,MA401P2300,141.5,0.0,0.0,0.0,27,139.5,141.5,28,130.5,135.5,141.5,135.5,12.0,1638.0,91
2023-05-10 22:00:34,MA401P2300,MA401P2300,141.5,0.0,0.0,0.0,17,139.5,141.0,10,130.5,135.5,141.5,135.5,12.0,1638.0,91
2023-05-10 22:00:34,MA401P2300,MA401P2300,141.5,0.0,0.0,0.0,17,139.5,141.5,28,130.5,135.5,141.5,135.5,12.0,1638.0,91
2023-05-10 22:00:35,MA401P2300,MA401P2300,141.5,0.0,0.0,0.0,27,139.5,141.5,28,130.5,135.5,141.5,135.5,12.0,1638.0,91
2023-05-10 22:00:36,MA401P2300,MA401P2300,141.5,0.0,0.0,0.0,7,139.5,141.5,18,130.5,135.5,141.5,135.5,12.0,1638.0,91
2023-05-10 22:00:36,MA401P2300,MA401P2300,141.5,0.0,0.0,0.0,17,139.5,141.5,28,130.5,135.5,141.5,135.5,12.0,1638.0,91
2023-05-10 22:00:38,MA401P2300,MA401P2300,141.5,0.0,0.0,0.0,17,139.5,141.0,10,130.5,135.5,141.5,135.5,12.0,1638.0,91
2023-05-10 22:00:39,MA401P2300,MA401P2300,141.5,0.0,0.0,0.0,7,139.5,141.0,10,130.5,135.5,141.5,135.5,12.0,1638.0,91
2023-05-10 22:00:39,MA401P2300,MA401P2300,141.5,0.0,0.0,0.0,10,138.5,140.5,10,130.5,135.5,141.5,135.5,12.0,1638.0,91
2023-05-10 22:00:39,MA401P2300,MA401P2300,141.5,0.0,0.0,0.0,10,138.5,141.0,10,130.5,135.5,141.5,135.5,12.0,1638.0,91
2023-05-10 22:00:40,MA401P2300,MA401P2300,141.5,0.0,0.0,0.0,10,138.5,140.5,10,130.5,135.5,141.5,135.5,12.0,1638.0,91
2023-05-10 22:00:41,MA401P2300,MA401P2300,141.5,0.0,0.0,0.0,7,139.0,140.5,10,130.5,135.5,141.5,135.5,12.0,1638.0,91
2023-05-10 22:00:42,MA401P2300,MA401P2300,141.5,0.0,0.0,0.0,27,139.0,141.0,10,130.5,135.5,141.5,135.5,12.0,1638.0,91
2023-05-10 22:00:43,MA401P2300,MA401P2300,141.5,0.0,0.0,0.0,7,139.0,141.0,17,130.5,135.5,141.5,135.5,12.0,1638.0,91
2023-05-10 22:00:43,MA401P2300,MA401P2300,141.5,0.0,0.0,0.0,7,139.0,140.5,10,130.5,135.5,141.5,135.5,12.0,1638.0,91
2023-05-10 22:00:44,MA401P2300,MA401P2300,141.5,0.0,0.0,0.0,7,139.0,141.0,17,130.5,135.5,141.5,135.5,12.0,1638.0,91
2023-05-10 22:00:44,MA401P2300,MA401P2300,141.5,0.0,0.0,0.0,7,139.0,140.5,10,130.5,135.5,141.5,135.5,12.0,1638.0,91
2023-05-10 22:00:45,MA401P2300,MA401P2300,141.5,0.0,0.0,0.0,7,139.0,140.5,17,130.5,135.5,141.5,135.5,12.0,1638.0,91
2023-05-10 22:00:46,MA401P2300,MA401P2300,141.5,0.0,0.0,0.0,17,138.5,140.5,17,130.5,135.5,141.5,135.5,12.0,1638.0,91
2023-05-10 22:00:47,MA401P2300,MA401P2300,141.5,0.0,0.0,0.0,7,138.5,140.0,10,130.5,135.5,141.5,135.5,12.0,1638.0,91
2023-05-10 22:00:52,MA401P2300,MA401P2300,141.5,0.0,0.0,0.0,17,138.5,140.0,10,130.5,135.5,141.5,135.5,12.0,1638.0,91
2023-05-10 22:00:53,MA401P2300,MA401P2300,141.5,0.0,0.0,0.0,27,138.5,140.5,27,130.5,135.5,141.5,135.5,12.0,1638.0,91
2023-05-10 22:00:57,MA401P2300,MA401P2300,141.5,0.0,0.0,0.0,17,138.5,140.0,10,130.5,135.5,141.5,135.5,12.0,1638.0,91
2023-05-10 22:00:59,MA401P2300,MA401P2300,141.5,0.0,0.0,0.0,17,138.5,140.0,17,130.5,135.5,141.5,135.5,12.0,1638.0,91
2023-05-10 22:00:59,MA401P2300,MA401P2300,141.5,0.0,0.0,0.0,7,138.5,140.0,17,130.5,135.5,141.5,135.5,12.0,1638.0,91
2023-05-10 22:01:01,MA401P2300,MA401P2300,141.5,0.0,0.0,0.0,17,138.5,140.0,7,130.5,135.5,141.5,135.5,12.0,1638.0,91
2023-05-10 22:01:03,MA401P2300,MA401P2300,141.5,0.0,0.0,0.0,10,139.0,140.5,17,130.5,135.5,141.5,135.5,12.0,1638.0,91
2023-05-10 22:01:04,MA401P2300,MA401P2300,141.5,0.0,0.0,0.0,17,139.0,140.5,17,130.5,135.5,141.5,135.5,12.0,1638.0,91
2023-05-10 22:01:07,MA401P2300,MA401P2300,141.5,0.0,0.0,0.0,7,139.0,140.5,17,130.5,135.5,141.5,135.5,12.0,1638.0,91
2023-05-10 22:01:07,MA401P2300,MA401P2300,141.5,0.0,0.0,0.0,17,139.0,140.5,17,130.5,135.5,141.5,135.5,12.0,1638.0,91
2023-05-10 22:01:08,MA401P2300,MA401P2300,141.5,0.0,0.0,0.0,7,139.0,140.5,17,130.5,135.5,141.5,135.5,12.0,1638.0,91
2023-05-10 22:01:10,MA401P2300,MA401P2300,141.5,0.0,0.0,0.0,17,139.0,140.5,17,130.5,135.5,141.5,135.5,12.0,1638.0,91
2023-05-10 22:01:11,MA401P2300,MA401P2300,141.5,0.0,0.0,0.0,7,139.0,140.5,17,130.5,135.5,141.5,135.5,12.0,1638.0,91
2023-05-10 22:01:12,MA401P2300,MA401P2300,141.5,0.0,0.0,0.0,17,139.0,140.5,17,130.5,135.5,141.5,135.5,12.0,1638.0,91
2023-05-10 22:01:20,MA401P2300,MA401P2300,141.5,0.0,0.0,0.0,7,139.0,140.5,17,130.5,135.5,141.5,135.5,12.0,1638.0,91
2023-05-10 22:01:20,MA401P2300,MA401P2300,141.5,0.0,0.0,0.0,17,139.0,140.5,17,130.5,135.5,141.5,135.5,12.0,1638.0,91
2023-05-10 22:01:21,MA401P2300,MA401P2300,141.5,0.0,0.0,0.0,7,139.0,140.5,27,130.5,135.5,141.5,135.5,12.0,1638.0,91
2023-05-10 22:01:27,MA401P2300,MA401P2300,141.5,0.0,0.0,0.0,7,139.0,140.5,17,130.5,135.5,141.5,135.5,12.0,1638.0,91
2023-05-10 22:01:34,MA401P2300,MA401P2300,141.5,0.0,0.0,0.0,7,139.0,140.5,27,130.5,135.5,141.5,135.5,12.0,1638.0,91
2023-05-10 22:01:39,MA401P2300,MA401P2300,141.5,0.0,0.0,0.0,7,139.0,140.5,17,130.5,135.5,141.5,135.5,12.0,1638.0,91
2023-05-10 22:01:41,MA401P2300,MA401P2300,141.5,0.0,0.0,0.0,17,139.0,140.5,17,130.5,135.5,141.5,135.5,12.0,1638.0,91
2023-05-10 22:01:41,MA401P2300,MA401P2300,141.5,0.0,0.0,0.0,7,139.0,140.5,17,130.5,135.5,141.5,135.5,12.0,1638.0,91
2023-05-10 22:01:42,MA401P2300,MA401P2300,141.5,0.0,0.0,0.0,17,139.0,140.5,17,130.5,135.5,141.5,135.5,12.0,1638.0,91
2023-05-10 22:01:42,MA401P2300,MA401P2300,141.5,0.0,0.0,0.0,7,139.0,140.5,17,130.5,135.5,141.5,135.5,12.0,1638.0,91
2023-05-10 22:01:44,MA401P2300,MA401P2300,141.5,0.0,0.0,0.0,17,139.0,140.5,17,130.5,135.5,141.5,135.5,12.0,1638.0,91
2023-05-10 22:01:44,MA401P2300,MA401P2300,141.5,0.0,0.0,0.0,7,139.0,140.5,17,130.5,135.5,141.5,135.5,12.0,1638.0,91
2023-05-10 22:01:45,MA401P2300,MA401P2300,141.5,0.0,0.0,0.0,17,139.0,140.5,17,130.5,135.5,141.5,135.5,12.0,1638.0,91
2023-05-10 22:01:48,MA401P2300,MA401P2300,141.5,0.0,0.0,0.0,27,139.0,140.5,7,130.5,135.5,141.5,135.5,12.0,1638.0,91
2023-05-10 22:01:49,MA401P2300,MA401P2300,141.5,0.0,0.0,0.0,27,139.0,141.0,20,130.5,135.5,141.5,135.5,12.0,1638.0,91
2023-05-10 22:01:59,MA401P2300,MA401P2300,141.5,0.0,0.0,0.0,27,139.0,141.0,21,130.5,135.5,141.5,135.5,12.0,1638.0,91
2023-05-10 22:02:00,MA401P2300,MA401P2300,141.5,0.0,0.0,0.0,27,139.0,141.0,28,130.5,135.5,141.5,135.5,12.0,1638.0,91
2023-05-10 22:02:01,MA401P2300,MA401P2300,141.5,0.0,0.0,0.0,17,139.0,141.0,28,130.5,135.5,141.5,135.5,12.0,1638.0,91
2023-05-10 22:02:03,MA401P2300,MA401P2300,141.5,0.0,0.0,0.0,27,139.0,141.0,28,130.5,135.5,141.5,135.5,12.0,1638.0,91
2023-05-10 22:02:13,MA401P2300,MA401P2300,141.5,0.0,0.0,0.0,17,139.0,141.0,28,130.5,135.5,141.5,135.5,12.0,1638.0,91
2023-05-10 22:02:25,MA401P2300,MA401P2300,141.5,0.0,0.0,0.0,7,139.0,140.5,10,130.5,135.5,141.5,135.5,12.0,1638.0,91
2023-05-10 22:02:26,MA401P2300,MA401P2300,141.5,0.0,0.0,0.0,7,139.0,140.5,17,130.5,135.5,141.5,135.5,12.0,1638.0,91
2023-05-10 22:02:32,MA401P2300,MA401P2300,141.5,0.0,0.0,0.0,7,139.0,140.5,7,130.5,135.5,141.5,135.5,12.0,1638.0,91
2023-05-10 22:02:34,MA401P2300,MA401P2300,141.5,0.0,0.0,0.0,7,139.0,140.5,8,130.5,135.5,141.5,135.5,12.0,1638.0,91
2023-05-10 22:02:42,MA401P2300,MA401P2300,141.5,0.0,0.0,0.0,7,139.0,140.5,18,130.5,135.5,141.5,135.5,12.0,1638.0,91
2023-05-10 22:02:52,MA401P2300,MA401P2300,141.5,0.0,0.0,0.0,7,139.0,140.5,8,130.5,135.5,141.5,135.5,12.0,1638.0,91
2023-05-10 22:02:52,MA401P2300,MA401P2300,141.5,0.0,0.0,0.0,7,139.0,140.5,18,130.5,135.5,141.5,135.5,12.0,1638.0,91
2023-05-10 22:02:55,MA401P2300,MA401P2300,141.5,0.0,0.0,0.0,7,139.0,140.5,8,130.5,135.5,141.5,135.5,12.0,1638.0,91
2023-05-10 22:02:59,MA401P2300,MA401P2300,141.5,0.0,0.0,0.0,7,139.0,140.5,18,130.5,135.5,141.5,135.5,12.0,1638.0,91
2023-05-10 22:03:00,MA401P2300,MA401P2300,141.5,0.0,0.0,0.0,27,139.0,140.5,8,130.5,135.5,141.5,135.5,12.0,1638.0,91
2023-05-10 22:03:02,MA401P2300,MA401P2300,141.5,0.0,0.0,0.0,27,139.0,140.5,1,130.5,135.5,141.5,135.5,12.0,1638.0,91
2023-05-10 22:03:08,MA401P2300,MA401P2300,141.5,0.0,0.0,0.0,10,139.5,140.5,1,130.5,135.5,141.5,135.5,12.0,1638.0,91
2023-05-10 22:03:08,MA401P2300,MA401P2300,141.5,0.0,0.0,0.0,17,139.5,140.5,1,130.5,135.5,141.5,135.5,12.0,1638.0,91
2023-05-10 22:03:09,MA401P2300,MA401P2300,141.5,0.0,0.0,0.0,7,139.5,140.5,1,130.5,135.5,141.5,135.5,12.0,1638.0,91
2023-05-10 22:03:12,MA401P2300,MA401P2300,141.5,0.0,0.0,0.0,17,139.5,140.5,1,130.5,135.5,141.5,135.5,12.0,1638.0,91
2023-05-10 22:03:13,MA401P2300,MA401P2300,141.5,0.0,0.0,0.0,7,139.5,140.5,1,130.5,135.5,141.5,135.5,12.0,1638.0,91
2023-05-10 22:03:20,MA401P2300,MA401P2300,141.5,0.0,0.0,0.0,17,139.5,140.5,1,130.5,135.5,141.5,135.5,12.0,1638.0,91
2023-05-10 22:03:20,MA401P2300,MA401P2300,141.5,0.0,0.0,0.0,27,139.5,140.5,1,130.5,135.5,141.5,135.5,12.0,1638.0,91
2023-05-10 22:03:20,MA401P2300,MA401P2300,141.5,0.0,0.0,0.0,17,139.5,140.5,1,130.5,135.5,141.5,135.5,12.0,1638.0,91
2023-05-10 22:03:21,MA401P2300,MA401P2300,140.5,1.0,143.0,1.0,17,139.5,141.0,7,130.5,135.5,141.5,135.5,13.0,1781.0,92
2023-05-10 22:03:31,MA401P2300,MA401P2300,140.5,0.0,0.0,0.0,10,140.0,141.5,20,130.5,135.5,141.5,135.5,13.0,1781.0,92
2023-05-10 22:03:31,MA401P2300,MA401P2300,140.5,0.0,0.0,0.0,10,140.0,141.5,10,130.5,135.5,141.5,135.5,13.0,1781.0,92
2023-05-10 22:03:33,MA401P2300,MA401P2300,140.5,0.0,0.0,0.0,27,139.5,141.5,20,130.5,135.5,141.5,135.5,13.0,1781.0,92
2023-05-10 22:03:34,MA401P2300,MA401P2300,140.5,0.0,0.0,0.0,17,139.5,141.5,20,130.5,135.5,141.5,135.5,13.0,1781.0,92
2023-05-10 22:03:37,MA401P2300,MA401P2300,140.5,0.0,0.0,0.0,10,140.0,142.0,27,130.5,135.5,141.5,135.5,13.0,1781.0,92
2023-05-10 22:03:38,MA401P2300,MA401P2300,140.5,0.0,0.0,0.0,37,139.5,141.5,20,130.5,135.5,141.5,135.5,13.0,1781.0,92
2023-05-10 22:03:38,MA401P2300,MA401P2300,140.5,0.0,0.0,0.0,27,139.5,141.5,20,130.5,135.5,141.5,135.5,13.0,1781.0,92
2023-05-10 22:03:39,MA401P2300,MA401P2300,140.5,0.0,0.0,0.0,10,140.0,141.5,10,130.5,135.5,141.5,135.5,13.0,1781.0,92
2023-05-10 22:03:44,MA401P2300,MA401P2300,140.5,0.0,0.0,0.0,27,139.5,141.5,20,130.5,135.5,141.5,135.5,13.0,1781.0,92
2023-05-10 22:03:47,MA401P2300,MA401P2300,140.5,0.0,0.0,0.0,10,140.0,141.5,10,130.5,135.5,141.5,135.5,13.0,1781.0,92
2023-05-10 22:03:48,MA401P2300,MA401P2300,140.5,0.0,0.0,0.0,17,140.0,141.5,10,130.5,135.5,141.5,135.5,13.0,1781.0,92
2023-05-10 22:03:58,MA401P2300,MA401P2300,140.5,0.0,0.0,0.0,27,140.0,142.0,27,130.5,135.5,141.5,135.5,13.0,1781.0,92
2023-05-10 22:04:05,MA401P2300,MA401P2300,140.5,0.0,0.0,0.0,7,140.0,141.5,10,130.5,135.5,141.5,135.5,13.0,1781.0,92
2023-05-10 22:04:06,MA401P2300,MA401P2300,140.5,0.0,0.0,0.0,7,140.0,141.5,17,130.5,135.5,141.5,135.5,13.0,1781.0,92
2023-05-10 22:04:22,MA401P2300,MA401P2300,140.5,0.0,0.0,0.0,17,140.0,141.5,7,130.5,135.5,141.5,135.5,13.0,1781.0,92
2023-05-10 22:04:25,MA401P2300,MA401P2300,140.5,0.0,0.0,0.0,7,140.0,141.5,17,130.5,135.5,141.5,135.5,13.0,1781.0,92
2023-05-10 22:04:29,MA401P2300,MA401P2300,140.5,0.0,0.0,0.0,17,140.0,141.5,7,130.5,135.5,141.5,135.5,13.0,1781.0,92
2023-05-10 22:05:10,MA401P2300,MA401P2300,140.5,0.0,0.0,0.0,27,140.0,142.0,7,130.5,135.5,141.5,135.5,13.0,1781.0,92
2023-05-10 22:05:11,MA401P2300,MA401P2300,140.5,0.0,0.0,0.0,7,140.5,142.0,7,130.5,135.5,141.5,135.5,13.0,1781.0,92
2023-05-10 22:05:12,MA401P2300,MA401P2300,140.5,0.0,0.0,0.0,17,140.5,142.0,7,130.5,135.5,141.5,135.5,13.0,1781.0,92
2023-05-10 22:05:18,MA401P2300,MA401P2300,140.5,0.0,0.0,0.0,7,140.5,142.0,7,130.5,135.5,141.5,135.5,13.0,1781.0,92
2023-05-10 22:05:24,MA401P2300,MA401P2300,140.5,0.0,0.0,0.0,7,140.5,142.0,17,130.5,135.5,141.5,135.5,13.0,1781.0,92
2023-05-10 22:05:32,MA401P2300,MA401P2300,140.5,0.0,0.0,0.0,7,140.5,142.0,7,130.5,135.5,141.5,135.5,13.0,1781.0,92
2023-05-10 22:05:33,MA401P2300,MA401P2300,140.5,0.0,0.0,0.0,17,140.5,142.0,7,130.5,135.5,141.5,135.5,13.0,1781.0,92
2023-05-10 22:05:36,MA401P2300,MA401P2300,140.5,0.0,0.0,0.0,27,140.5,142.0,7,130.5,135.5,141.5,135.5,13.0,1781.0,92
2023-05-10 22:05:37,MA401P2300,MA401P2300,140.5,0.0,0.0,0.0,17,140.5,142.0,7,130.5,135.5,141.5,135.5,13.0,1781.0,92
2023-05-10 22:05:41,MA401P2300,MA401P2300,140.5,0.0,0.0,0.0,27,140.5,142.0,7,130.5,135.5,141.5,135.5,13.0,1781.0,92
2023-05-10 22:05:43,MA401P2300,MA401P2300,140.5,0.0,0.0,0.0,27,140.5,142.5,20,130.5,135.5,141.5,135.5,13.0,1781.0,92
2023-05-10 22:05:43,MA401P2300,MA401P2300,140.5,0.0,0.0,0.0,10,141.0,142.5,10,130.5,135.5,141.5,135.5,13.0,1781.0,92
2023-05-10 22:05:44,MA401P2300,MA401P2300,140.5,0.0,0.0,0.0,17,141.0,142.5,10,130.5,135.5,141.5,135.5,13.0,1781.0,92
2023-05-10 22:05:44,MA401P2300,MA401P2300,140.5,0.0,0.0,0.0,7,141.0,142.5,20,130.5,135.5,141.5,135.5,13.0,1781.0,92
2023-05-10 22:05:45,MA401P2300,MA401P2300,140.5,0.0,0.0,0.0,17,141.0,142.5,10,130.5,135.5,141.5,135.5,13.0,1781.0,92
2023-05-10 22:05:46,MA401P2300,MA401P2300,140.5,0.0,0.0,0.0,7,141.0,142.5,20,130.5,135.5,141.5,135.5,13.0,1781.0,92
2023-05-10 22:05:55,MA401P2300,MA401P2300,140.5,0.0,0.0,0.0,7,141.0,142.5,27,130.5,135.5,141.5,135.5,13.0,1781.0,92
2023-05-10 22:05:57,MA401P2300,MA401P2300,140.5,0.0,0.0,0.0,17,140.5,142.0,10,130.5,135.5,141.5,135.5,13.0,1781.0,92
2023-05-10 22:05:59,MA401P2300,MA401P2300,140.5,0.0,0.0,0.0,7,140.5,142.0,10,130.5,135.5,141.5,135.5,13.0,1781.0,92
2023-05-10 22:06:02,MA401P2300,MA401P2300,140.5,0.0,0.0,0.0,20,140.0,142.0,17,130.5,135.5,141.5,135.5,13.0,1781.0,92
2023-05-10 22:06:03,MA401P2300,MA401P2300,140.5,0.0,0.0,0.0,20,140.0,142.0,27,130.5,135.5,141.5,135.5,13.0,1781.0,92
2023-05-10 22:06:12,MA401P2300,MA401P2300,140.5,0.0,0.0,0.0,27,140.0,142.0,27,130.5,135.5,141.5,135.5,13.0,1781.0,92
2023-05-10 22:06:21,MA401P2300,MA401P2300,140.5,0.0,0.0,0.0,17,140.0,142.0,27,130.5,135.5,141.5,135.5,13.0,1781.0,92
2023-05-10 22:06:22,MA401P2300,MA401P2300,140.5,0.0,0.0,0.0,7,140.0,141.5,10,130.5,135.5,141.5,135.5,13.0,1781.0,92
2023-05-10 22:06:22,MA401P2300,MA401P2300,140.5,0.0,0.0,0.0,7,140.0,141.5,17,130.5,135.5,141.5,135.5,13.0,1781.0,92
2023-05-10 22:06:29,MA401P2300,MA401P2300,140.5,0.0,0.0,0.0,7,140.0,141.5,27,130.5,135.5,141.5,135.5,13.0,1781.0,92
2023-05-10 22:07:07,MA401P2300,MA401P2300,140.5,0.0,0.0,0.0,37,139.5,141.5,27,130.5,135.5,141.5,135.5,13.0,1781.0,92
2023-05-10 22:07:08,MA401P2300,MA401P2300,140.5,0.0,0.0,0.0,7,139.5,141.0,10,130.5,135.5,141.5,135.5,13.0,1781.0,92
2023-05-10 22:07:12,MA401P2300,MA401P2300,140.5,0.0,0.0,0.0,7,139.5,141.0,17,130.5,135.5,141.5,135.5,13.0,1781.0,92
2023-05-10 22:07:15,MA401P2300,MA401P2300,140.5,0.0,0.0,0.0,7,139.5,141.0,27,130.5,135.5,141.5,135.5,13.0,1781.0,92
2023-05-10 22:07:16,MA401P2300,MA401P2300,140.5,0.0,0.0,0.0,7,139.5,140.5,10,130.5,135.5,141.5,135.5,13.0,1781.0,92
2023-05-10 22:07:17,MA401P2300,MA401P2300,140.5,0.0,0.0,0.0,20,139.0,140.5,10,130.5,135.5,141.5,135.5,13.0,1781.0,92
2023-05-10 22:07:17,MA401P2300,MA401P2300,140.5,0.0,0.0,0.0,10,139.0,140.5,10,130.5,135.5,141.5,135.5,13.0,1781.0,92
2023-05-10 22:07:33,MA401P2300,MA401P2300,140.5,0.0,0.0,0.0,10,139.0,140.5,17,130.5,135.5,141.5,135.5,13.0,1781.0,92
2023-05-10 22:07:35,MA401P2300,MA401P2300,140.5,0.0,0.0,0.0,37,138.5,140.5,17,130.5,135.5,141.5,135.5,13.0,1781.0,92
2023-05-10 22:07:35,MA401P2300,MA401P2300,140.5,0.0,0.0,0.0,27,138.5,140.5,17,130.5,135.5,141.5,135.5,13.0,1781.0,92
2023-05-10 22:07:37,MA401P2300,MA401P2300,140.5,0.0,0.0,0.0,27,138.5,140.5,27,130.5,135.5,141.5,135.5,13.0,1781.0,92
2023-05-10 22:07:38,MA401P2300,MA401P2300,140.5,0.0,0.0,0.0,17,138.5,140.0,10,130.5,135.5,141.5,135.5,13.0,1781.0,92
2023-05-10 22:07:42,MA401P2300,MA401P2300,140.5,0.0,0.0,0.0,27,138.5,140.5,27,130.5,135.5,141.5,135.5,13.0,1781.0,92
2023-05-10 22:07:51,MA401P2300,MA401P2300,140.5,0.0,0.0,0.0,17,138.5,140.0,10,130.5,135.5,141.5,135.5,13.0,1781.0,92
2023-05-10 22:07:53,MA401P2300,MA401P2300,140.5,0.0,0.0,0.0,7,138.5,140.0,10,130.5,135.5,141.5,135.5,13.0,1781.0,92
2023-05-10 22:08:02,MA401P2300,MA401P2300,140.5,0.0,0.0,0.0,17,138.5,140.5,27,130.5,135.5,141.5,135.5,13.0,1781.0,92
2023-05-10 22:08:06,MA401P2300,MA401P2300,140.5,0.0,0.0,0.0,7,138.5,140.0,10,130.5,135.5,141.5,135.5,13.0,1781.0,92
2023-05-10 22:08:06,MA401P2300,MA401P2300,140.5,0.0,0.0,0.0,7,138.5,140.0,17,130.5,135.5,141.5,135.5,13.0,1781.0,92
2023-05-10 22:08:09,MA401P2300,MA401P2300,140.5,0.0,0.0,0.0,17,138.5,140.0,7,130.5,135.5,141.5,135.5,13.0,1781.0,92
2023-05-10 22:08:10,MA401P2300,MA401P2300,140.5,0.0,0.0,0.0,7,138.5,140.0,17,130.5,135.5,141.5,135.5,13.0,1781.0,92
2023-05-10 22:08:11,MA401P2300,MA401P2300,140.5,0.0,0.0,0.0,17,138.5,140.0,7,130.5,135.5,141.5,135.5,13.0,1781.0,92
2023-05-10 22:08:13,MA401P2300,MA401P2300,140.5,0.0,0.0,0.0,7,138.5,140.0,17,130.5,135.5,141.5,135.5,13.0,1781.0,92
2023-05-10 22:08:14,MA401P2300,MA401P2300,140.5,0.0,0.0,0.0,17,138.5,140.0,7,130.5,135.5,141.5,135.5,13.0,1781.0,92
2023-05-10 22:08:22,MA401P2300,MA401P2300,140.5,0.0,0.0,0.0,7,138.5,140.0,17,130.5,135.5,141.5,135.5,13.0,1781.0,92
2023-05-10 22:08:23,MA401P2300,MA401P2300,140.5,0.0,0.0,0.0,17,138.5,140.0,7,130.5,135.5,141.5,135.5,13.0,1781.0,92
2023-05-10 22:08:26,MA401P2300,MA401P2300,140.5,0.0,0.0,0.0,7,138.5,140.0,17,130.5,135.5,141.5,135.5,13.0,1781.0,92
2023-05-10 22:08:27,MA401P2300,MA401P2300,140.5,0.0,0.0,0.0,17,138.5,140.0,7,130.5,135.5,141.5,135.5,13.0,1781.0,92
2023-05-10 22:08:45,MA401P2300,MA401P2300,140.5,0.0,0.0,0.0,7,138.5,140.0,17,130.5,135.5,141.5,135.5,13.0,1781.0,92
2023-05-10 22:08:47,MA401P2300,MA401P2300,140.5,0.0,0.0,0.0,17,138.5,140.0,7,130.5,135.5,141.5,135.5,13.0,1781.0,92
2023-05-10 22:08:49,MA401P2300,MA401P2300,140.5,0.0,0.0,0.0,7,138.5,140.0,17,130.5,135.5,141.5,135.5,13.0,1781.0,92
2023-05-10 22:08:51,MA401P2300,MA401P2300,140.5,0.0,0.0,0.0,10,138.0,139.5,10,130.5,135.5,141.5,135.5,13.0,1781.0,92
2023-05-10 22:08:52,MA401P2300,MA401P2300,140.5,0.0,0.0,0.0,20,137.5,139.5,10,130.5,135.5,141.5,135.5,13.0,1781.0,92
2023-05-10 22:08:53,MA401P2300,MA401P2300,140.5,0.0,0.0,0.0,17,138.0,140.0,37,130.5,135.5,141.5,135.5,13.0,1781.0,92
2023-05-10 22:08:54,MA401P2300,MA401P2300,140.5,0.0,0.0,0.0,17,138.0,140.0,27,130.5,135.5,141.5,135.5,13.0,1781.0,92
2023-05-10 22:08:55,MA401P2300,MA401P2300,140.5,0.0,0.0,0.0,27,138.0,140.0,17,130.5,135.5,141.5,135.5,13.0,1781.0,92
2023-05-10 22:08:56,MA401P2300,MA401P2300,140.5,0.0,0.0,0.0,10,138.5,140.0,7,130.5,135.5,141.5,135.5,13.0,1781.0,92
2023-05-10 22:08:56,MA401P2300,MA401P2300,140.5,0.0,0.0,0.0,27,138.0,140.0,17,130.5,135.5,141.5,135.5,13.0,1781.0,92
2023-05-10 22:09:00,MA401P2300,MA401P2300,140.5,0.0,0.0,0.0,27,138.0,140.0,7,130.5,135.5,141.5,135.5,13.0,1781.0,92
2023-05-10 22:09:05,MA401P2300,MA401P2300,140.5,0.0,0.0,0.0,10,138.5,140.0,7,130.5,135.5,141.5,135.5,13.0,1781.0,92
2023-05-10 22:09:07,MA401P2300,MA401P2300,140.5,0.0,0.0,0.0,27,138.0,140.0,7,130.5,135.5,141.5,135.5,13.0,1781.0,92
2023-05-10 22:09:07,MA401P2300,MA401P2300,140.5,0.0,0.0,0.0,10,138.5,140.0,7,130.5,135.5,141.5,135.5,13.0,1781.0,92
2023-05-10 22:09:08,MA401P2300,MA401P2300,140.5,0.0,0.0,0.0,17,138.5,140.0,7,130.5,135.5,141.5,135.5,13.0,1781.0,92
2023-05-10 22:09:09,MA401P2300,MA401P2300,140.5,0.0,0.0,0.0,27,138.5,140.0,7,130.5,135.5,141.5,135.5,13.0,1781.0,92
2023-05-10 22:09:16,MA401P2300,MA401P2300,140.5,0.0,0.0,0.0,17,138.5,140.0,7,130.5,135.5,141.5,135.5,13.0,1781.0,92
2023-05-10 22:09:17,MA401P2300,MA401P2300,140.5,0.0,0.0,0.0,7,138.5,140.0,7,130.5,135.5,141.5,135.5,13.0,1781.0,92
2023-05-10 22:09:33,MA401P2300,MA401P2300,140.5,0.0,0.0,0.0,7,138.5,140.0,27,130.5,135.5,141.5,135.5,13.0,1781.0,92
2023-05-10 22:09:34,MA401P2300,MA401P2300,140.5,0.0,0.0,0.0,17,138.5,140.0,17,130.5,135.5,141.5,135.5,13.0,1781.0,92
2023-05-10 22:09:43,MA401P2300,MA401P2300,140.5,0.0,0.0,0.0,27,138.5,140.0,7,130.5,135.5,141.5,135.5,13.0,1781.0,92
2023-05-10 22:09:46,MA401P2300,MA401P2300,140.5,0.0,0.0,0.0,17,138.5,140.0,7,130.5,135.5,141.5,135.5,13.0,1781.0,92
2023-05-10 22:09:52,MA401P2300,MA401P2300,140.5,0.0,0.0,0.0,27,138.5,140.5,27,130.5,135.5,141.5,135.5,13.0,1781.0,92
2023-05-10 22:09:52,MA401P2300,MA401P2300,140.5,0.0,0.0,0.0,27,138.5,140.5,17,130.5,135.5,141.5,135.5,13.0,1781.0,92
2023-05-10 22:09:53,MA401P2300,MA401P2300,140.5,0.0,0.0,0.0,27,138.5,140.5,27,130.5,135.5,141.5,135.5,13.0,1781.0,92
2023-05-10 22:10:06,MA401P2300,MA401P2300,140.5,0.0,0.0,0.0,27,138.5,140.5,17,130.5,135.5,141.5,135.5,13.0,1781.0,92
2023-05-10 22:10:06,MA401P2300,MA401P2300,140.5,0.0,0.0,0.0,7,139.0,140.5,17,130.5,135.5,141.5,135.5,13.0,1781.0,92
2023-05-10 22:10:08,MA401P2300,MA401P2300,140.5,0.0,0.0,0.0,7,139.0,140.5,10,130.5,135.5,141.5,135.5,13.0,1781.0,92
2023-05-10 22:10:09,MA401P2300,MA401P2300,140.5,0.0,0.0,0.0,27,139.0,141.0,20,130.5,135.5,141.5,135.5,13.0,1781.0,92
2023-05-10 22:10:32,MA401P2300,MA401P2300,140.5,0.0,0.0,0.0,17,139.5,141.0,10,130.5,135.5,141.5,135.5,13.0,1781.0,92
2023-05-10 22:10:41,MA401P2300,MA401P2300,140.5,0.0,0.0,0.0,27,139.5,141.5,27,130.5,135.5,141.5,135.5,13.0,1781.0,92
2023-05-10 22:11:09,MA401P2300,MA401P2300,140.5,0.0,0.0,0.0,17,139.5,141.5,27,130.5,135.5,141.5,135.5,13.0,1781.0,92
2023-05-10 22:11:15,MA401P2300,MA401P2300,140.5,0.0,0.0,0.0,7,139.5,141.0,10,130.5,135.5,141.5,135.5,13.0,1781.0,92
2023-05-10 22:11:23,MA401P2300,MA401P2300,140.5,0.0,0.0,0.0,17,139.5,141.5,27,130.5,135.5,141.5,135.5,13.0,1781.0,92
2023-05-10 22:12:02,MA401P2300,MA401P2300,140.5,0.0,0.0,0.0,10,140.0,141.5,7,130.5,135.5,141.5,135.5,13.0,1781.0,92
2023-05-10 22:12:03,MA401P2300,MA401P2300,140.5,0.0,0.0,0.0,17,140.0,141.5,7,130.5,135.5,141.5,135.5,13.0,1781.0,92
2023-05-10 22:12:29,MA401P2300,MA401P2300,140.5,0.0,0.0,0.0,17,140.0,142.0,30,130.5,135.5,141.5,135.5,13.0,1781.0,92
2023-05-10 22:12:30,MA401P2300,MA401P2300,140.5,0.0,0.0,0.0,17,140.0,142.0,10,130.5,135.5,141.5,135.5,13.0,1781.0,92
2023-05-10 22:12:35,MA401P2300,MA401P2300,140.5,0.0,0.0,0.0,27,140.0,142.0,10,130.5,135.5,141.5,135.5,13.0,1781.0,92
2023-05-10 22:12:43,MA401P2300,MA401P2300,140.5,0.0,0.0,0.0,7,140.5,142.0,10,130.5,135.5,141.5,135.5,13.0,1781.0,92
2023-05-10 22:12:52,MA401P2300,MA401P2300,140.5,0.0,0.0,0.0,7,140.5,142.0,20,130.5,135.5,141.5,135.5,13.0,1781.0,92
2023-05-10 22:12:53,MA401P2300,MA401P2300,140.5,0.0,0.0,0.0,7,140.5,142.0,10,130.5,135.5,141.5,135.5,13.0,1781.0,92
2023-05-10 22:12:54,MA401P2300,MA401P2300,140.5,0.0,0.0,0.0,7,140.5,142.0,20,130.5,135.5,141.5,135.5,13.0,1781.0,92
2023-05-10 22:12:55,MA401P2300,MA401P2300,140.5,0.0,0.0,0.0,7,140.5,142.0,10,130.5,135.5,141.5,135.5,13.0,1781.0,92
2023-05-10 22:12:56,MA401P2300,MA401P2300,140.5,0.0,0.0,0.0,7,140.5,142.0,20,130.5,135.5,141.5,135.5,13.0,1781.0,92
2023-05-10 22:13:00,MA401P2300,MA401P2300,140.5,0.0,0.0,0.0,7,140.5,142.0,10,130.5,135.5,141.5,135.5,13.0,1781.0,92
2023-05-10 22:13:01,MA401P2300,MA401P2300,140.5,0.0,0.0,0.0,7,140.5,142.0,20,130.5,135.5,141.5,135.5,13.0,1781.0,92
2023-05-10 22:13:02,MA401P2300,MA401P2300,140.5,0.0,0.0,0.0,7,140.5,142.0,10,130.5,135.5,141.5,135.5,13.0,1781.0,92
2023-05-10 22:13:03,MA401P2300,MA401P2300,140.5,0.0,0.0,0.0,7,140.5,142.0,20,130.5,135.5,141.5,135.5,13.0,1781.0,92
2023-05-10 22:13:05,MA401P2300,MA401P2300,140.5,0.0,0.0,0.0,7,140.5,142.0,10,130.5,135.5,141.5,135.5,13.0,1781.0,92
2023-05-10 22:13:11,MA401P2300,MA401P2300,140.5,0.0,0.0,0.0,7,140.5,142.0,20,130.5,135.5,141.5,135.5,13.0,1781.0,92
2023-05-10 22:13:42,MA401P2300,MA401P2300,140.5,0.0,0.0,0.0,7,140.5,142.0,10,130.5,135.5,141.5,135.5,13.0,1781.0,92
2023-05-10 22:13:51,MA401P2300,MA401P2300,140.5,0.0,0.0,0.0,7,140.5,142.0,20,130.5,135.5,141.5,135.5,13.0,1781.0,92
2023-05-10 22:13:56,MA401P2300,MA401P2300,140.5,0.0,0.0,0.0,7,140.5,142.0,10,130.5,135.5,141.5,135.5,13.0,1781.0,92
2023-05-10 22:14:02,MA401P2300,MA401P2300,140.5,0.0,0.0,0.0,7,140.5,142.0,20,130.5,135.5,141.5,135.5,13.0,1781.0,92
2023-05-10 22:14:06,MA401P2300,MA401P2300,140.5,0.0,0.0,0.0,27,140.5,142.5,37,130.5,135.5,141.5,135.5,13.0,1781.0,92
2023-05-10 22:14:07,MA401P2300,MA401P2300,140.5,0.0,0.0,0.0,27,140.5,142.5,27,130.5,135.5,141.5,135.5,13.0,1781.0,92
2023-05-10 22:14:18,MA401P2300,MA401P2300,140.5,0.0,0.0,0.0,7,141.0,142.5,27,130.5,135.5,141.5,135.5,13.0,1781.0,92
2023-05-10 22:14:45,MA401P2300,MA401P2300,140.5,0.0,0.0,0.0,7,141.0,142.0,10,130.5,135.5,141.5,135.5,13.0,1781.0,92
2023-05-10 22:14:47,MA401P2300,MA401P2300,140.5,0.0,0.0,0.0,7,141.0,142.5,27,130.5,135.5,141.5,135.5,13.0,1781.0,92
2023-05-10 22:15:16,MA401P2300,MA401P2300,140.5,0.0,0.0,0.0,27,140.5,142.5,27,130.5,135.5,141.5,135.5,13.0,1781.0,92
2023-05-10 22:15:17,MA401P2300,MA401P2300,140.5,0.0,0.0,0.0,7,140.5,142.0,10,130.5,135.5,141.5,135.5,13.0,1781.0,92
2023-05-10 22:15:26,MA401P2300,MA401P2300,140.5,0.0,0.0,0.0,27,140.5,142.5,27,130.5,135.5,141.5,135.5,13.0,1781.0,92
2023-05-10 22:15:36,MA401P2300,MA401P2300,140.5,0.0,0.0,0.0,17,140.5,142.0,10,130.5,135.5,141.5,135.5,13.0,1781.0,92
2023-05-10 22:15:39,MA401P2300,MA401P2300,140.5,0.0,0.0,0.0,27,140.5,142.5,27,130.5,135.5,141.5,135.5,13.0,1781.0,92
2023-05-10 22:15:48,MA401P2300,MA401P2300,140.5,0.0,0.0,0.0,17,140.5,142.0,10,130.5,135.5,141.5,135.5,13.0,1781.0,92
2023-05-10 22:16:00,MA401P2300,MA401P2300,140.5,0.0,0.0,0.0,27,140.5,142.5,27,130.5,135.5,141.5,135.5,13.0,1781.0,92
2023-05-10 22:16:06,MA401P2300,MA401P2300,140.5,0.0,0.0,0.0,10,141.0,142.5,7,130.5,135.5,141.5,135.5,13.0,1781.0,92
2023-05-10 22:16:06,MA401P2300,MA401P2300,140.5,0.0,0.0,0.0,27,141.0,142.5,7,130.5,135.5,141.5,135.5,13.0,1781.0,92
2023-05-10 22:16:07,MA401P2300,MA401P2300,140.5,0.0,0.0,0.0,17,141.0,142.5,7,130.5,135.5,141.5,135.5,13.0,1781.0,92
2023-05-10 22:16:07,MA401P2300,MA401P2300,140.5,0.0,0.0,0.0,27,141.0,142.5,7,130.5,135.5,141.5,135.5,13.0,1781.0,92
2023-05-10 22:16:09,MA401P2300,MA401P2300,140.5,0.0,0.0,0.0,17,141.0,142.5,7,130.5,135.5,141.5,135.5,13.0,1781.0,92
2023-05-10 22:16:13,MA401P2300,MA401P2300,140.5,0.0,0.0,0.0,7,141.0,142.5,7,130.5,135.5,141.5,135.5,13.0,1781.0,92
2023-05-10 22:16:18,MA401P2300,MA401P2300,140.5,0.0,0.0,0.0,17,141.0,142.5,7,130.5,135.5,141.5,135.5,13.0,1781.0,92
2023-05-10 22:16:19,MA401P2300,MA401P2300,140.5,0.0,0.0,0.0,7,141.0,142.5,7,130.5,135.5,141.5,135.5,13.0,1781.0,92
2023-05-10 22:16:25,MA401P2300,MA401P2300,140.5,0.0,0.0,0.0,17,141.0,143.0,20,130.5,135.5,141.5,135.5,13.0,1781.0,92
2023-05-10 22:16:25,MA401P2300,MA401P2300,140.5,0.0,0.0,0.0,10,141.5,143.0,10,130.5,135.5,141.5,135.5,13.0,1781.0,92
2023-05-10 22:16:27,MA401P2300,MA401P2300,140.5,0.0,0.0,0.0,17,141.5,143.0,10,130.5,135.5,141.5,135.5,13.0,1781.0,92
2023-05-10 22:16:31,MA401P2300,MA401P2300,140.5,0.0,0.0,0.0,17,141.5,143.5,27,130.5,135.5,141.5,135.5,13.0,1781.0,92
2023-05-10 22:16:45,MA401P2300,MA401P2300,140.5,0.0,0.0,0.0,7,141.5,143.0,27,130.5,135.5,141.5,135.5,13.0,1781.0,92
2023-05-10 22:16:46,MA401P2300,MA401P2300,140.5,0.0,0.0,0.0,17,141.5,143.0,17,130.5,135.5,141.5,135.5,13.0,1781.0,92
2023-05-10 22:16:55,MA401P2300,MA401P2300,140.5,0.0,0.0,0.0,17,141.5,143.0,10,130.5,135.5,141.5,135.5,13.0,1781.0,92
2023-05-10 22:16:56,MA401P2300,MA401P2300,140.5,0.0,0.0,0.0,10,142.0,143.5,17,130.5,135.5,141.5,135.5,13.0,1781.0,92
2023-05-10 22:16:57,MA401P2300,MA401P2300,140.5,0.0,0.0,0.0,17,142.0,143.5,17,130.5,135.5,141.5,135.5,13.0,1781.0,92
2023-05-10 22:17:02,MA401P2300,MA401P2300,140.5,0.0,0.0,0.0,7,142.0,143.5,27,130.5,135.5,141.5,135.5,13.0,1781.0,92
2023-05-10 22:17:04,MA401P2300,MA401P2300,140.5,0.0,0.0,0.0,17,142.0,143.5,17,130.5,135.5,141.5,135.5,13.0,1781.0,92
2023-05-10 22:17:17,MA401P2300,MA401P2300,140.5,0.0,0.0,0.0,7,142.0,143.5,27,130.5,135.5,141.5,135.5,13.0,1781.0,92
2023-05-10 22:17:24,MA401P2300,MA401P2300,140.5,0.0,0.0,0.0,17,142.0,143.5,17,130.5,135.5,141.5,135.5,13.0,1781.0,92
2023-05-10 22:17:26,MA401P2300,MA401P2300,140.5,0.0,0.0,0.0,7,142.0,143.5,27,130.5,135.5,141.5,135.5,13.0,1781.0,92
2023-05-10 22:18:00,MA401P2300,MA401P2300,140.5,0.0,0.0,0.0,17,142.0,143.5,17,130.5,135.5,141.5,135.5,13.0,1781.0,92
2023-05-10 22:18:01,MA401P2300,MA401P2300,140.5,0.0,0.0,0.0,27,142.0,143.5,7,130.5,135.5,141.5,135.5,13.0,1781.0,92
2023-05-10 22:18:09,MA401P2300,MA401P2300,140.5,0.0,0.0,0.0,17,142.0,143.5,17,130.5,135.5,141.5,135.5,13.0,1781.0,92
2023-05-10 22:18:09,MA401P2300,MA401P2300,140.5,0.0,0.0,0.0,27,142.0,143.5,7,130.5,135.5,141.5,135.5,13.0,1781.0,92
2023-05-10 22:18:16,MA401P2300,MA401P2300,140.5,0.0,0.0,0.0,17,142.0,143.5,7,130.5,135.5,141.5,135.5,13.0,1781.0,92
2023-05-10 22:18:18,MA401P2300,MA401P2300,140.5,0.0,0.0,0.0,17,142.0,144.0,30,130.5,135.5,141.5,135.5,13.0,1781.0,92
2023-05-10 22:18:18,MA401P2300,MA401P2300,140.5,0.0,0.0,0.0,17,142.0,144.0,20,130.5,135.5,141.5,135.5,13.0,1781.0,92
2023-05-10 22:18:21,MA401P2300,MA401P2300,140.5,0.0,0.0,0.0,27,142.0,144.5,37,130.5,135.5,141.5,135.5,13.0,1781.0,92
2023-05-10 22:18:21,MA401P2300,MA401P2300,140.5,0.0,0.0,0.0,17,142.5,144.0,10,130.5,135.5,141.5,135.5,13.0,1781.0,92
2023-05-10 22:18:21,MA401P2300,MA401P2300,140.5,0.0,0.0,0.0,7,142.5,144.0,20,130.5,135.5,141.5,135.5,13.0,1781.0,92
2023-05-10 22:18:27,MA401P2300,MA401P2300,140.5,0.0,0.0,0.0,17,142.5,144.0,10,130.5,135.5,141.5,135.5,13.0,1781.0,92
2023-05-10 22:18:28,MA401P2300,MA401P2300,140.5,0.0,0.0,0.0,17,142.5,144.5,27,130.5,135.5,141.5,135.5,13.0,1781.0,92
2023-05-10 22:18:28,MA401P2300,MA401P2300,140.5,0.0,0.0,0.0,27,142.5,144.5,27,130.5,135.5,141.5,135.5,13.0,1781.0,92
2023-05-10 22:18:33,MA401P2300,MA401P2300,140.5,0.0,0.0,0.0,17,142.5,144.0,10,130.5,135.5,141.5,135.5,13.0,1781.0,92
2023-05-10 22:18:34,MA401P2300,MA401P2300,140.5,0.0,0.0,0.0,7,142.5,144.5,27,130.5,135.5,141.5,135.5,13.0,1781.0,92
2023-05-10 22:18:36,MA401P2300,MA401P2300,140.5,0.0,0.0,0.0,7,142.5,144.0,10,130.5,135.5,141.5,135.5,13.0,1781.0,92
2023-05-10 22:18:36,MA401P2300,MA401P2300,140.5,0.0,0.0,0.0,7,142.5,144.0,27,130.5,135.5,141.5,135.5,13.0,1781.0,92
2023-05-10 22:18:43,MA401P2300,MA401P2300,140.5,0.0,0.0,0.0,7,142.5,144.0,17,130.5,135.5,141.5,135.5,13.0,1781.0,92
2023-05-10 22:18:45,MA401P2300,MA401P2300,140.5,0.0,0.0,0.0,17,142.5,144.0,17,130.5,135.5,141.5,135.5,13.0,1781.0,92
2023-05-10 22:18:45,MA401P2300,MA401P2300,140.5,0.0,0.0,0.0,7,142.5,144.0,17,130.5,135.5,141.5,135.5,13.0,1781.0,92
2023-05-10 22:18:47,MA401P2300,MA401P2300,140.5,0.0,0.0,0.0,27,142.5,144.0,7,130.5,135.5,141.5,135.5,13.0,1781.0,92
2023-05-10 22:18:47,MA401P2300,MA401P2300,140.5,0.0,0.0,0.0,17,142.5,144.0,7,130.5,135.5,141.5,135.5,13.0,1781.0,92
2023-05-10 22:18:52,MA401P2300,MA401P2300,140.5,0.0,0.0,0.0,27,142.5,144.0,7,130.5,135.5,141.5,135.5,13.0,1781.0,92
2023-05-10 22:18:58,MA401P2300,MA401P2300,140.5,0.0,0.0,0.0,17,142.5,144.0,7,130.5,135.5,141.5,135.5,13.0,1781.0,92
2023-05-10 22:18:58,MA401P2300,MA401P2300,140.5,0.0,0.0,0.0,7,142.5,144.0,27,130.5,135.5,141.5,135.5,13.0,1781.0,92
2023-05-10 22:19:01,MA401P2300,MA401P2300,140.5,0.0,0.0,0.0,17,142.5,144.0,17,130.5,135.5,141.5,135.5,13.0,1781.0,92
2023-05-10 22:19:02,MA401P2300,MA401P2300,140.5,0.0,0.0,0.0,27,142.5,144.0,7,130.5,135.5,141.5,135.5,13.0,1781.0,92
2023-05-10 22:19:02,MA401P2300,MA401P2300,140.5,0.0,0.0,0.0,7,142.5,144.0,7,130.5,135.5,141.5,135.5,13.0,1781.0,92
2023-05-10 22:19:07,MA401P2300,MA401P2300,140.5,0.0,0.0,0.0,27,142.5,144.5,27,130.5,135.5,141.5,135.5,13.0,1781.0,92
2023-05-10 22:19:08,MA401P2300,MA401P2300,140.5,0.0,0.0,0.0,7,143.0,144.5,27,130.5,135.5,141.5,135.5,13.0,1781.0,92
2023-05-10 22:19:09,MA401P2300,MA401P2300,140.5,0.0,0.0,0.0,17,143.0,144.5,17,130.5,135.5,141.5,135.5,13.0,1781.0,92
2023-05-10 22:19:09,MA401P2300,MA401P2300,140.5,0.0,0.0,0.0,7,143.5,144.5,10,130.5,135.5,141.5,135.5,13.0,1781.0,92
2023-05-10 22:19:10,MA401P2300,MA401P2300,140.5,0.0,0.0,0.0,7,143.5,145.0,10,130.5,135.5,141.5,135.5,13.0,1781.0,92
