time,symbol_id,symbol_name,last,trade_volume,trade_amount,open_interest_change,bv1,bp1,ap1,av1,yesterday_close,today_open,today_high,today_low,volume,amount,open_interest
2023-05-10 19:12:58,MA401C2500,MA401C2500,83.0,0.0,0.0,0.0,0,0.0,0.0,0,83.0,81.5,0.0,0.0,0.0,0.0,29
2023-05-10 20:59:00,MA401C2500,MA401C2500,83.0,0.0,0.0,0.0,18,24.0,236.0,2,83.0,81.5,0.0,0.0,0.0,0.0,29
2023-05-10 21:00:02,MA401C2500,MA401C2500,83.0,0.0,0.0,0.0,1,39.5,132.5,1,83.0,81.5,0.0,0.0,0.0,0.0,29
2023-05-10 21:01:03,MA401C2500,MA401C2500,83.0,0.0,0.0,0.0,1,51.0,132.5,1,83.0,81.5,0.0,0.0,0.0,0.0,29
2023-05-10 21:01:08,MA401C2500,MA401C2500,83.0,0.0,0.0,0.0,1,51.0,87.0,7,83.0,81.5,0.0,0.0,0.0,0.0,29
2023-05-10 21:01:13,MA401C2500,MA401C2500,83.0,0.0,0.0,0.0,7,84.0,87.0,7,83.0,81.5,0.0,0.0,0.0,0.0,29
2023-05-10 21:01:42,MA401C2500,MA401C2500,83.0,0.0,0.0,0.0,7,84.0,86.5,7,83.0,81.5,0.0,0.0,0.0,0.0,29
2023-05-10 21:04:27,MA401C2500,MA401C2500,83.0,0.0,0.0,0.0,7,83.0,86.0,7,83.0,81.5,0.0,0.0,0.0,0.0,29
2023-05-10 21:06:07,MA401C2500,MA401C2500,83.0,0.0,0.0,0.0,7,83.5,86.0,7,83.0,81.5,0.0,0.0,0.0,0.0,29
2023-05-10 21:08:21,MA401C2500,MA401C2500,83.0,0.0,0.0,0.0,7,83.5,85.5,7,83.0,81.5,0.0,0.0,0.0,0.0,29
2023-05-10 21:08:24,MA401C2500,MA401C2500,83.0,0.0,0.0,0.0,7,83.0,85.5,7,83.0,81.5,0.0,0.0,0.0,0.0,29
2023-05-10 21:09:58,MA401C2500,MA401C2500,83.0,0.0,0.0,0.0,10,82.0,85.5,7,83.0,81.5,0.0,0.0,0.0,0.0,29
2023-05-10 21:09:59,MA401C2500,MA401C2500,83.0,0.0,0.0,0.0,10,82.0,85.5,17,83.0,81.5,0.0,0.0,0.0,0.0,29
2023-05-10 21:10:00,MA401C2500,MA401C2500,83.0,0.0,0.0,0.0,17,82.0,85.5,17,83.0,81.5,0.0,0.0,0.0,0.0,29
2023-05-10 21:10:06,MA401C2500,MA401C2500,83.0,0.0,0.0,0.0,7,82.5,85.5,17,83.0,81.5,0.0,0.0,0.0,0.0,29
2023-05-10 21:10:32,MA401C2500,MA401C2500,83.0,0.0,0.0,0.0,7,83.0,85.5,17,83.0,81.5,0.0,0.0,0.0,0.0,29
2023-05-10 21:10:32,MA401C2500,MA401C2500,83.0,0.0,0.0,0.0,7,83.0,85.5,7,83.0,81.5,0.0,0.0,0.0,0.0,29
2023-05-10 21:11:04,MA401C2500,MA401C2500,83.0,0.0,0.0,0.0,17,83.0,85.5,7,83.0,81.5,0.0,0.0,0.0,0.0,29
2023-05-10 21:11:06,MA401C2500,MA401C2500,83.0,0.0,0.0,0.0,7,83.5,85.5,7,83.0,81.5,0.0,0.0,0.0,0.0,29
2023-05-10 21:12:27,MA401C2500,MA401C2500,83.0,0.0,0.0,0.0,7,83.0,85.5,7,83.0,81.5,0.0,0.0,0.0,0.0,29
2023-05-10 21:12:30,MA401C2500,MA401C2500,83.0,0.0,0.0,0.0,7,83.0,85.0,7,83.0,81.5,0.0,0.0,0.0,0.0,29
2023-05-10 21:13:21,MA401C2500,MA401C2500,83.0,0.0,0.0,0.0,27,82.0,85.0,7,83.0,81.5,0.0,0.0,0.0,0.0,29
2023-05-10 21:13:29,MA401C2500,MA401C2500,83.0,0.0,0.0,0.0,17,82.0,85.0,7,83.0,81.5,0.0,0.0,0.0,0.0,29
2023-05-10 21:13:35,MA401C2500,MA401C2500,83.0,0.0,0.0,0.0,17,82.0,84.5,7,83.0,81.5,0.0,0.0,0.0,0.0,29
2023-05-10 21:13:35,MA401C2500,MA401C2500,83.0,0.0,0.0,0.0,7,82.0,84.5,7,83.0,81.5,0.0,0.0,0.0,0.0,29
2023-05-10 21:15:51,MA401C2500,MA401C2500,83.0,0.0,0.0,0.0,17,82.0,84.5,7,83.0,81.5,0.0,0.0,0.0,0.0,29
2023-05-10 21:16:04,MA401C2500,MA401C2500,83.0,0.0,0.0,0.0,7,82.0,84.5,7,83.0,81.5,0.0,0.0,0.0,0.0,29
2023-05-10 21:16:13,MA401C2500,MA401C2500,83.0,0.0,0.0,0.0,7,82.0,84.5,17,83.0,81.5,0.0,0.0,0.0,0.0,29
2023-05-10 21:16:13,MA401C2500,MA401C2500,83.0,0.0,0.0,0.0,7,82.0,84.0,7,83.0,81.5,0.0,0.0,0.0,0.0,29
2023-05-10 21:17:05,MA401C2500,MA401C2500,83.0,0.0,0.0,0.0,20,81.0,84.0,7,83.0,81.5,0.0,0.0,0.0,0.0,29
2023-05-10 21:17:05,MA401C2500,MA401C2500,83.0,0.0,0.0,0.0,10,81.0,84.0,7,83.0,81.5,0.0,0.0,0.0,0.0,29
2023-05-10 21:17:07,MA401C2500,MA401C2500,83.0,0.0,0.0,0.0,17,81.0,84.0,7,83.0,81.5,0.0,0.0,0.0,0.0,29
2023-05-10 21:17:24,MA401C2500,MA401C2500,83.0,0.0,0.0,0.0,10,81.5,84.0,7,83.0,81.5,0.0,0.0,0.0,0.0,29
2023-05-10 21:17:24,MA401C2500,MA401C2500,83.0,0.0,0.0,0.0,20,81.5,83.5,10,83.0,81.5,0.0,0.0,0.0,0.0,29
2023-05-10 21:17:44,MA401C2500,MA401C2500,83.0,0.0,0.0,0.0,20,81.5,83.5,17,83.0,81.5,0.0,0.0,0.0,0.0,29
2023-05-10 21:17:50,MA401C2500,MA401C2500,83.0,0.0,0.0,0.0,10,81.5,83.5,17,83.0,81.5,0.0,0.0,0.0,0.0,29
2023-05-10 21:17:57,MA401C2500,MA401C2500,83.0,0.0,0.0,0.0,20,81.5,83.5,17,83.0,81.5,0.0,0.0,0.0,0.0,29
2023-05-10 21:18:22,MA401C2500,MA401C2500,83.0,0.0,0.0,0.0,10,81.5,83.5,17,83.0,81.5,0.0,0.0,0.0,0.0,29
2023-05-10 21:18:23,MA401C2500,MA401C2500,83.0,0.0,0.0,0.0,20,81.5,83.5,17,83.0,81.5,0.0,0.0,0.0,0.0,29
2023-05-10 21:18:35,MA401C2500,MA401C2500,83.0,0.0,0.0,0.0,10,81.5,83.5,17,83.0,81.5,0.0,0.0,0.0,0.0,29
2023-05-10 21:18:37,MA401C2500,MA401C2500,83.0,0.0,0.0,0.0,20,81.5,83.5,17,83.0,81.5,0.0,0.0,0.0,0.0,29
2023-05-10 21:18:37,MA401C2500,MA401C2500,83.0,0.0,0.0,0.0,10,81.5,83.5,17,83.0,81.5,0.0,0.0,0.0,0.0,29
2023-05-10 21:18:37,MA401C2500,MA401C2500,83.0,0.0,0.0,0.0,20,81.5,83.5,17,83.0,81.5,0.0,0.0,0.0,0.0,29
2023-05-10 21:18:37,MA401C2500,MA401C2500,83.0,0.0,0.0,0.0,10,81.5,83.5,17,83.0,81.5,0.0,0.0,0.0,0.0,29
2023-05-10 21:18:50,MA401C2500,MA401C2500,83.0,0.0,0.0,0.0,20,81.5,83.5,17,83.0,81.5,0.0,0.0,0.0,0.0,29
2023-05-10 21:18:54,MA401C2500,MA401C2500,83.0,0.0,0.0,0.0,10,81.5,83.5,17,83.0,81.5,0.0,0.0,0.0,0.0,29
2023-05-10 21:18:55,MA401C2500,MA401C2500,83.0,0.0,0.0,0.0,20,81.5,83.5,17,83.0,81.5,0.0,0.0,0.0,0.0,29
2023-05-10 21:18:56,MA401C2500,MA401C2500,83.0,0.0,0.0,0.0,10,81.5,83.0,10,83.0,81.5,0.0,0.0,0.0,0.0,29
2023-05-10 21:18:56,MA401C2500,MA401C2500,83.0,0.0,0.0,0.0,27,81.0,83.0,10,83.0,81.5,0.0,0.0,0.0,0.0,29
2023-05-10 21:18:59,MA401C2500,MA401C2500,83.0,0.0,0.0,0.0,10,81.5,83.0,10,83.0,81.5,0.0,0.0,0.0,0.0,29
2023-05-10 21:18:59,MA401C2500,MA401C2500,83.0,0.0,0.0,0.0,27,81.0,83.0,10,83.0,81.5,0.0,0.0,0.0,0.0,29
2023-05-10 21:19:04,MA401C2500,MA401C2500,83.0,0.0,0.0,0.0,10,81.5,83.0,10,83.0,81.5,0.0,0.0,0.0,0.0,29
2023-05-10 21:19:04,MA401C2500,MA401C2500,83.0,0.0,0.0,0.0,20,81.5,83.5,17,83.0,81.5,0.0,0.0,0.0,0.0,29
2023-05-10 21:19:08,MA401C2500,MA401C2500,83.0,0.0,0.0,0.0,10,81.5,83.5,17,83.0,81.5,0.0,0.0,0.0,0.0,29
2023-05-10 21:19:08,MA401C2500,MA401C2500,83.0,0.0,0.0,0.0,20,81.5,83.5,17,83.0,81.5,0.0,0.0,0.0,0.0,29
2023-05-10 21:19:24,MA401C2500,MA401C2500,83.0,0.0,0.0,0.0,10,81.5,83.5,17,83.0,81.5,0.0,0.0,0.0,0.0,29
2023-05-10 21:19:25,MA401C2500,MA401C2500,83.0,0.0,0.0,0.0,20,81.5,83.5,17,83.0,81.5,0.0,0.0,0.0,0.0,29
2023-05-10 21:19:28,MA401C2500,MA401C2500,83.0,0.0,0.0,0.0,10,81.5,83.5,17,83.0,81.5,0.0,0.0,0.0,0.0,29
2023-05-10 21:19:29,MA401C2500,MA401C2500,83.0,0.0,0.0,0.0,20,81.5,83.5,17,83.0,81.5,0.0,0.0,0.0,0.0,29
2023-05-10 21:19:38,MA401C2500,MA401C2500,83.0,0.0,0.0,0.0,10,81.5,83.5,17,83.0,81.5,0.0,0.0,0.0,0.0,29
2023-05-10 21:19:38,MA401C2500,MA401C2500,83.0,0.0,0.0,0.0,20,81.5,83.5,17,83.0,81.5,0.0,0.0,0.0,0.0,29
2023-05-10 21:19:41,MA401C2500,MA401C2500,83.0,0.0,0.0,0.0,20,81.5,83.0,1,83.0,81.5,0.0,0.0,0.0,0.0,29
2023-05-10 21:19:44,MA401C2500,MA401C2500,83.0,0.0,0.0,0.0,20,81.5,82.0,1,83.0,81.5,0.0,0.0,0.0,0.0,29
2023-05-10 21:19:47,MA401C2500,MA401C2500,81.5,1.0,81.5,1.0,20,81.5,82.0,1,83.0,81.5,81.5,81.5,1.0,81.5,30
2023-05-10 21:19:53,MA401C2500,MA401C2500,81.5,0.0,0.0,0.0,10,81.5,82.0,1,83.0,81.5,81.5,81.5,1.0,81.5,30
2023-05-10 21:19:53,MA401C2500,MA401C2500,81.5,0.0,0.0,0.0,20,81.5,82.0,1,83.0,81.5,81.5,81.5,1.0,81.5,30
2023-05-10 21:19:56,MA401C2500,MA401C2500,81.5,0.0,0.0,0.0,10,81.5,82.0,1,83.0,81.5,81.5,81.5,1.0,81.5,30
2023-05-10 21:19:58,MA401C2500,MA401C2500,81.5,0.0,0.0,0.0,20,81.5,82.0,1,83.0,81.5,81.5,81.5,1.0,81.5,30
2023-05-10 21:20:05,MA401C2500,MA401C2500,82.0,1.0,82.5,0.0,20,81.5,83.0,1,83.0,81.5,82.0,81.5,2.0,164.0,30
2023-05-10 21:20:08,MA401C2500,MA401C2500,82.0,0.0,0.0,0.0,10,81.5,83.0,11,83.0,81.5,82.0,81.5,2.0,164.0,30
2023-05-10 21:20:09,MA401C2500,MA401C2500,82.0,0.0,0.0,0.0,27,81.0,83.0,18,83.0,81.5,82.0,81.5,2.0,164.0,30
2023-05-10 21:20:15,MA401C2500,MA401C2500,82.0,0.0,0.0,0.0,20,81.5,83.0,8,83.0,81.5,82.0,81.5,2.0,164.0,30
2023-05-10 21:20:18,MA401C2500,MA401C2500,82.0,0.0,0.0,0.0,27,81.0,83.0,18,83.0,81.5,82.0,81.5,2.0,164.0,30
2023-05-10 21:20:56,MA401C2500,MA401C2500,82.0,0.0,0.0,0.0,10,81.0,82.5,10,83.0,81.5,82.0,81.5,2.0,164.0,30
2023-05-10 21:20:57,MA401C2500,MA401C2500,82.0,0.0,0.0,0.0,20,80.5,82.5,7,83.0,81.5,82.0,81.5,2.0,164.0,30
2023-05-10 21:21:04,MA401C2500,MA401C2500,82.0,0.0,0.0,0.0,10,81.0,82.5,17,83.0,81.5,82.0,81.5,2.0,164.0,30
2023-05-10 21:21:04,MA401C2500,MA401C2500,82.0,0.0,0.0,0.0,20,81.0,82.5,17,83.0,81.5,82.0,81.5,2.0,164.0,30
2023-05-10 21:21:06,MA401C2500,MA401C2500,82.0,0.0,0.0,0.0,20,81.0,82.5,7,83.0,81.5,82.0,81.5,2.0,164.0,30
2023-05-10 21:21:17,MA401C2500,MA401C2500,82.0,0.0,0.0,0.0,10,81.0,82.5,17,83.0,81.5,82.0,81.5,2.0,164.0,30
2023-05-10 21:21:21,MA401C2500,MA401C2500,82.0,0.0,0.0,0.0,37,80.5,82.5,17,83.0,81.5,82.0,81.5,2.0,164.0,30
2023-05-10 21:21:22,MA401C2500,MA401C2500,82.0,0.0,0.0,0.0,10,81.0,82.5,17,83.0,81.5,82.0,81.5,2.0,164.0,30
2023-05-10 21:21:23,MA401C2500,MA401C2500,82.0,0.0,0.0,0.0,37,80.5,82.5,17,83.0,81.5,82.0,81.5,2.0,164.0,30
2023-05-10 21:21:25,MA401C2500,MA401C2500,82.0,0.0,0.0,0.0,20,81.0,82.5,7,83.0,81.5,82.0,81.5,2.0,164.0,30
2023-05-10 21:21:28,MA401C2500,MA401C2500,82.0,0.0,0.0,0.0,10,81.0,82.5,7,83.0,81.5,82.0,81.5,2.0,164.0,30
2023-05-10 21:21:29,MA401C2500,MA401C2500,82.0,0.0,0.0,0.0,20,81.0,82.5,7,83.0,81.5,82.0,81.5,2.0,164.0,30
2023-05-10 21:21:39,MA401C2500,MA401C2500,82.0,0.0,0.0,0.0,20,81.0,82.5,17,83.0,81.5,82.0,81.5,2.0,164.0,30
2023-05-10 21:21:51,MA401C2500,MA401C2500,82.0,0.0,0.0,0.0,10,81.0,82.5,7,83.0,81.5,82.0,81.5,2.0,164.0,30
2023-05-10 21:22:13,MA401C2500,MA401C2500,82.0,0.0,0.0,0.0,20,81.0,82.5,7,83.0,81.5,82.0,81.5,2.0,164.0,30
2023-05-10 21:22:16,MA401C2500,MA401C2500,82.0,0.0,0.0,0.0,10,81.0,82.5,7,83.0,81.5,82.0,81.5,2.0,164.0,30
2023-05-10 21:22:31,MA401C2500,MA401C2500,82.0,0.0,0.0,0.0,20,81.0,82.5,7,83.0,81.5,82.0,81.5,2.0,164.0,30
2023-05-10 21:22:45,MA401C2500,MA401C2500,82.0,0.0,0.0,0.0,10,81.0,82.5,7,83.0,81.5,82.0,81.5,2.0,164.0,30
2023-05-10 21:22:48,MA401C2500,MA401C2500,82.0,0.0,0.0,0.0,10,81.0,82.5,17,83.0,81.5,82.0,81.5,2.0,164.0,30
2023-05-10 21:22:49,MA401C2500,MA401C2500,82.0,0.0,0.0,0.0,37,80.5,82.5,17,83.0,81.5,82.0,81.5,2.0,164.0,30
2023-05-10 21:22:51,MA401C2500,MA401C2500,82.0,0.0,0.0,0.0,10,81.0,82.5,7,83.0,81.5,82.0,81.5,2.0,164.0,30
2023-05-10 21:22:55,MA401C2500,MA401C2500,82.0,0.0,0.0,0.0,20,81.0,82.5,7,83.0,81.5,82.0,81.5,2.0,164.0,30
2023-05-10 21:23:10,MA401C2500,MA401C2500,82.0,0.0,0.0,0.0,20,81.0,82.5,17,83.0,81.5,82.0,81.5,2.0,164.0,30
2023-05-10 21:23:10,MA401C2500,MA401C2500,82.0,0.0,0.0,0.0,10,81.0,82.5,17,83.0,81.5,82.0,81.5,2.0,164.0,30
2023-05-10 21:23:16,MA401C2500,MA401C2500,82.0,0.0,0.0,0.0,37,80.5,82.5,17,83.0,81.5,82.0,81.5,2.0,164.0,30
2023-05-10 21:23:18,MA401C2500,MA401C2500,82.0,0.0,0.0,0.0,20,81.0,82.5,7,83.0,81.5,82.0,81.5,2.0,164.0,30
2023-05-10 21:23:32,MA401C2500,MA401C2500,82.0,0.0,0.0,0.0,10,81.0,82.5,17,83.0,81.5,82.0,81.5,2.0,164.0,30
2023-05-10 21:23:36,MA401C2500,MA401C2500,82.0,0.0,0.0,0.0,37,80.5,82.5,17,83.0,81.5,82.0,81.5,2.0,164.0,30
2023-05-10 21:24:07,MA401C2500,MA401C2500,82.0,0.0,0.0,0.0,20,81.0,82.5,7,83.0,81.5,82.0,81.5,2.0,164.0,30
2023-05-10 21:24:23,MA401C2500,MA401C2500,82.0,0.0,0.0,0.0,20,81.0,83.0,18,83.0,81.5,82.0,81.5,2.0,164.0,30
2023-05-10 21:24:27,MA401C2500,MA401C2500,82.0,0.0,0.0,0.0,27,81.0,83.0,18,83.0,81.5,82.0,81.5,2.0,164.0,30
2023-05-10 21:24:36,MA401C2500,MA401C2500,82.0,0.0,0.0,0.0,10,81.5,83.0,18,83.0,81.5,82.0,81.5,2.0,164.0,30
2023-05-10 21:24:39,MA401C2500,MA401C2500,82.0,0.0,0.0,0.0,17,81.0,82.5,10,83.0,81.5,82.0,81.5,2.0,164.0,30
2023-05-10 21:24:42,MA401C2500,MA401C2500,82.0,0.0,0.0,0.0,27,81.0,83.0,18,83.0,81.5,82.0,81.5,2.0,164.0,30
2023-05-10 21:25:46,MA401C2500,MA401C2500,82.0,0.0,0.0,0.0,17,81.0,82.5,10,83.0,81.5,82.0,81.5,2.0,164.0,30
2023-05-10 21:25:47,MA401C2500,MA401C2500,82.0,0.0,0.0,0.0,7,81.0,82.5,10,83.0,81.5,82.0,81.5,2.0,164.0,30
2023-05-10 21:25:47,MA401C2500,MA401C2500,82.0,0.0,0.0,0.0,37,80.5,82.5,10,83.0,81.5,82.0,81.5,2.0,164.0,30
2023-05-10 21:25:49,MA401C2500,MA401C2500,82.0,0.0,0.0,0.0,10,81.0,83.0,18,83.0,81.5,82.0,81.5,2.0,164.0,30
2023-05-10 21:25:54,MA401C2500,MA401C2500,82.0,0.0,0.0,0.0,20,81.0,83.0,18,83.0,81.5,82.0,81.5,2.0,164.0,30
2023-05-10 21:26:19,MA401C2500,MA401C2500,82.0,0.0,0.0,0.0,10,81.0,83.0,18,83.0,81.5,82.0,81.5,2.0,164.0,30
2023-05-10 21:26:26,MA401C2500,MA401C2500,82.0,0.0,0.0,0.0,20,81.0,83.0,18,83.0,81.5,82.0,81.5,2.0,164.0,30
2023-05-10 21:26:29,MA401C2500,MA401C2500,82.0,0.0,0.0,0.0,10,81.0,83.0,18,83.0,81.5,82.0,81.5,2.0,164.0,30
2023-05-10 21:26:31,MA401C2500,MA401C2500,82.0,0.0,0.0,0.0,20,81.0,83.0,18,83.0,81.5,82.0,81.5,2.0,164.0,30
2023-05-10 21:26:31,MA401C2500,MA401C2500,82.0,0.0,0.0,0.0,10,81.0,83.0,18,83.0,81.5,82.0,81.5,2.0,164.0,30
2023-05-10 21:27:03,MA401C2500,MA401C2500,82.0,0.0,0.0,0.0,20,81.0,83.0,18,83.0,81.5,82.0,81.5,2.0,164.0,30
2023-05-10 21:27:11,MA401C2500,MA401C2500,82.0,0.0,0.0,0.0,10,81.0,83.0,8,83.0,81.5,82.0,81.5,2.0,164.0,30
2023-05-10 21:27:12,MA401C2500,MA401C2500,82.0,0.0,0.0,0.0,20,81.0,83.0,18,83.0,81.5,82.0,81.5,2.0,164.0,30
2023-05-10 21:27:47,MA401C2500,MA401C2500,82.0,0.0,0.0,0.0,27,81.0,83.0,18,83.0,81.5,82.0,81.5,2.0,164.0,30
2023-05-10 21:28:14,MA401C2500,MA401C2500,82.0,0.0,0.0,0.0,10,81.5,83.0,8,83.0,81.5,82.0,81.5,2.0,164.0,30
2023-05-10 21:28:18,MA401C2500,MA401C2500,82.0,0.0,0.0,0.0,10,81.5,83.0,18,83.0,81.5,82.0,81.5,2.0,164.0,30
2023-05-10 21:28:18,MA401C2500,MA401C2500,82.0,0.0,0.0,0.0,27,81.0,83.0,18,83.0,81.5,82.0,81.5,2.0,164.0,30
2023-05-10 21:29:03,MA401C2500,MA401C2500,82.0,0.0,0.0,0.0,17,81.0,83.0,8,83.0,81.5,82.0,81.5,2.0,164.0,30
2023-05-10 21:29:34,MA401C2500,MA401C2500,82.0,0.0,0.0,0.0,17,80.5,83.0,8,83.0,81.5,82.0,81.5,2.0,164.0,30
2023-05-10 21:29:34,MA401C2500,MA401C2500,82.0,0.0,0.0,0.0,10,81.0,83.0,8,83.0,81.5,82.0,81.5,2.0,164.0,30
2023-05-10 21:29:35,MA401C2500,MA401C2500,82.0,0.0,0.0,0.0,10,81.0,82.5,7,83.0,81.5,82.0,81.5,2.0,164.0,30
2023-05-10 21:29:36,MA401C2500,MA401C2500,82.0,0.0,0.0,0.0,17,80.5,82.5,7,83.0,81.5,82.0,81.5,2.0,164.0,30
2023-05-10 21:29:38,MA401C2500,MA401C2500,82.0,0.0,0.0,0.0,10,81.0,82.5,7,83.0,81.5,82.0,81.5,2.0,164.0,30
2023-05-10 21:29:39,MA401C2500,MA401C2500,82.0,0.0,0.0,0.0,17,80.5,82.5,7,83.0,81.5,82.0,81.5,2.0,164.0,30
2023-05-10 21:30:24,MA401C2500,MA401C2500,82.0,0.0,0.0,0.0,10,81.0,82.5,7,83.0,81.5,82.0,81.5,2.0,164.0,30
2023-05-10 21:30:36,MA401C2500,MA401C2500,82.0,0.0,0.0,0.0,17,80.5,82.5,7,83.0,81.5,82.0,81.5,2.0,164.0,30
2023-05-10 21:30:38,MA401C2500,MA401C2500,82.0,0.0,0.0,0.0,10,81.0,82.5,7,83.0,81.5,82.0,81.5,2.0,164.0,30
2023-05-10 21:31:02,MA401C2500,MA401C2500,82.0,0.0,0.0,0.0,17,80.5,82.5,7,83.0,81.5,82.0,81.5,2.0,164.0,30
2023-05-10 21:31:05,MA401C2500,MA401C2500,82.0,0.0,0.0,0.0,10,81.0,82.5,7,83.0,81.5,82.0,81.5,2.0,164.0,30
2023-05-10 21:31:06,MA401C2500,MA401C2500,82.0,0.0,0.0,0.0,27,80.5,82.5,7,83.0,81.5,82.0,81.5,2.0,164.0,30
2023-05-10 21:31:06,MA401C2500,MA401C2500,82.0,0.0,0.0,0.0,20,81.0,82.5,17,83.0,81.5,82.0,81.5,2.0,164.0,30
2023-05-10 21:31:06,MA401C2500,MA401C2500,82.0,0.0,0.0,0.0,10,81.0,82.5,17,83.0,81.5,82.0,81.5,2.0,164.0,30
2023-05-10 21:31:07,MA401C2500,MA401C2500,82.0,0.0,0.0,0.0,20,81.0,82.5,17,83.0,81.5,82.0,81.5,2.0,164.0,30
2023-05-10 21:31:10,MA401C2500,MA401C2500,82.0,0.0,0.0,0.0,10,81.0,82.5,17,83.0,81.5,82.0,81.5,2.0,164.0,30
2023-05-10 21:31:15,MA401C2500,MA401C2500,82.0,0.0,0.0,0.0,37,80.5,82.5,17,83.0,81.5,82.0,81.5,2.0,164.0,30
2023-05-10 21:31:19,MA401C2500,MA401C2500,82.0,0.0,0.0,0.0,10,81.0,82.5,17,83.0,81.5,82.0,81.5,2.0,164.0,30
2023-05-10 21:31:22,MA401C2500,MA401C2500,82.0,0.0,0.0,0.0,37,80.5,82.5,17,83.0,81.5,82.0,81.5,2.0,164.0,30
2023-05-10 21:31:28,MA401C2500,MA401C2500,82.0,0.0,0.0,0.0,10,81.0,82.5,17,83.0,81.5,82.0,81.5,2.0,164.0,30
2023-05-10 21:31:35,MA401C2500,MA401C2500,82.0,0.0,0.0,0.0,10,81.0,82.5,10,83.0,81.5,82.0,81.5,2.0,164.0,30
2023-05-10 21:32:37,MA401C2500,MA401C2500,82.0,0.0,0.0,0.0,20,81.0,83.0,28,83.0,81.5,82.0,81.5,2.0,164.0,30
2023-05-10 21:32:37,MA401C2500,MA401C2500,82.0,0.0,0.0,0.0,20,81.0,83.0,18,83.0,81.5,82.0,81.5,2.0,164.0,30
2023-05-10 21:32:43,MA401C2500,MA401C2500,82.0,0.0,0.0,0.0,10,81.0,83.0,18,83.0,81.5,82.0,81.5,2.0,164.0,30
2023-05-10 21:32:43,MA401C2500,MA401C2500,82.0,0.0,0.0,0.0,20,81.0,82.5,10,83.0,81.5,82.0,81.5,2.0,164.0,30
2023-05-10 21:32:48,MA401C2500,MA401C2500,82.0,0.0,0.0,0.0,10,81.0,82.5,10,83.0,81.5,82.0,81.5,2.0,164.0,30
2023-05-10 21:32:50,MA401C2500,MA401C2500,82.0,0.0,0.0,0.0,37,80.5,82.5,10,83.0,81.5,82.0,81.5,2.0,164.0,30
2023-05-10 21:32:52,MA401C2500,MA401C2500,82.0,0.0,0.0,0.0,37,80.5,82.5,17,83.0,81.5,82.0,81.5,2.0,164.0,30
2023-05-10 21:33:19,MA401C2500,MA401C2500,82.0,0.0,0.0,0.0,30,80.5,82.5,17,83.0,81.5,82.0,81.5,2.0,164.0,30
2023-05-10 21:33:38,MA401C2500,MA401C2500,82.0,0.0,0.0,0.0,20,80.5,82.5,17,83.0,81.5,82.0,81.5,2.0,164.0,30
2023-05-10 21:33:41,MA401C2500,MA401C2500,82.0,0.0,0.0,0.0,30,80.5,82.5,17,83.0,81.5,82.0,81.5,2.0,164.0,30
2023-05-10 21:33:46,MA401C2500,MA401C2500,82.0,0.0,0.0,0.0,20,80.5,82.5,17,83.0,81.5,82.0,81.5,2.0,164.0,30
2023-05-10 21:33:46,MA401C2500,MA401C2500,82.0,0.0,0.0,0.0,30,80.5,82.5,17,83.0,81.5,82.0,81.5,2.0,164.0,30
2023-05-10 21:33:54,MA401C2500,MA401C2500,82.0,0.0,0.0,0.0,20,80.5,82.5,17,83.0,81.5,82.0,81.5,2.0,164.0,30
2023-05-10 21:34:00,MA401C2500,MA401C2500,82.0,0.0,0.0,0.0,30,80.5,82.5,17,83.0,81.5,82.0,81.5,2.0,164.0,30
2023-05-10 21:34:03,MA401C2500,MA401C2500,82.0,0.0,0.0,0.0,20,80.5,82.5,17,83.0,81.5,82.0,81.5,2.0,164.0,30
2023-05-10 21:34:04,MA401C2500,MA401C2500,82.0,0.0,0.0,0.0,30,80.5,82.5,17,83.0,81.5,82.0,81.5,2.0,164.0,30
2023-05-10 21:34:12,MA401C2500,MA401C2500,82.0,0.0,0.0,0.0,20,80.5,82.5,17,83.0,81.5,82.0,81.5,2.0,164.0,30
2023-05-10 21:34:13,MA401C2500,MA401C2500,82.0,0.0,0.0,0.0,30,80.5,82.5,17,83.0,81.5,82.0,81.5,2.0,164.0,30
2023-05-10 21:34:18,MA401C2500,MA401C2500,82.0,0.0,0.0,0.0,20,80.5,82.5,17,83.0,81.5,82.0,81.5,2.0,164.0,30
2023-05-10 21:34:18,MA401C2500,MA401C2500,82.0,0.0,0.0,0.0,30,80.5,82.5,17,83.0,81.5,82.0,81.5,2.0,164.0,30
2023-05-10 21:34:26,MA401C2500,MA401C2500,82.0,0.0,0.0,0.0,20,80.5,82.5,17,83.0,81.5,82.0,81.5,2.0,164.0,30
2023-05-10 21:34:47,MA401C2500,MA401C2500,82.0,0.0,0.0,0.0,30,80.5,82.5,17,83.0,81.5,82.0,81.5,2.0,164.0,30
2023-05-10 21:34:47,MA401C2500,MA401C2500,82.0,0.0,0.0,0.0,20,80.5,82.5,17,83.0,81.5,82.0,81.5,2.0,164.0,30
2023-05-10 21:34:51,MA401C2500,MA401C2500,82.0,0.0,0.0,0.0,10,80.5,82.0,7,83.0,81.5,82.0,81.5,2.0,164.0,30
2023-05-10 21:34:51,MA401C2500,MA401C2500,82.0,0.0,0.0,0.0,20,80.5,82.0,7,83.0,81.5,82.0,81.5,2.0,164.0,30
2023-05-10 21:34:53,MA401C2500,MA401C2500,82.0,0.0,0.0,0.0,10,80.5,82.0,17,83.0,81.5,82.0,81.5,2.0,164.0,30
2023-05-10 21:34:56,MA401C2500,MA401C2500,82.0,0.0,0.0,0.0,20,80.5,82.0,17,83.0,81.5,82.0,81.5,2.0,164.0,30
2023-05-10 21:35:00,MA401C2500,MA401C2500,82.0,0.0,0.0,0.0,20,80.5,82.0,7,83.0,81.5,82.0,81.5,2.0,164.0,30
2023-05-10 21:35:27,MA401C2500,MA401C2500,82.0,0.0,0.0,0.0,10,80.5,82.0,17,83.0,81.5,82.0,81.5,2.0,164.0,30
2023-05-10 21:35:52,MA401C2500,MA401C2500,82.0,0.0,0.0,0.0,20,80.5,82.0,7,83.0,81.5,82.0,81.5,2.0,164.0,30
2023-05-10 21:36:06,MA401C2500,MA401C2500,82.0,0.0,0.0,0.0,10,80.5,82.0,17,83.0,81.5,82.0,81.5,2.0,164.0,30
2023-05-10 21:36:06,MA401C2500,MA401C2500,82.0,0.0,0.0,0.0,37,80.0,82.0,17,83.0,81.5,82.0,81.5,2.0,164.0,30
2023-05-10 21:36:11,MA401C2500,MA401C2500,82.0,0.0,0.0,0.0,10,80.5,82.0,17,83.0,81.5,82.0,81.5,2.0,164.0,30
2023-05-10 21:36:17,MA401C2500,MA401C2500,82.0,0.0,0.0,0.0,37,80.0,82.0,17,83.0,81.5,82.0,81.5,2.0,164.0,30
2023-05-10 21:36:26,MA401C2500,MA401C2500,82.0,0.0,0.0,0.0,20,80.5,82.0,7,83.0,81.5,82.0,81.5,2.0,164.0,30
2023-05-10 21:36:40,MA401C2500,MA401C2500,82.0,0.0,0.0,0.0,10,80.5,82.0,17,83.0,81.5,82.0,81.5,2.0,164.0,30
2023-05-10 21:36:47,MA401C2500,MA401C2500,82.0,0.0,0.0,0.0,20,80.5,82.0,7,83.0,81.5,82.0,81.5,2.0,164.0,30
2023-05-10 21:36:53,MA401C2500,MA401C2500,82.0,0.0,0.0,0.0,10,80.5,82.0,7,83.0,81.5,82.0,81.5,2.0,164.0,30
2023-05-10 21:36:54,MA401C2500,MA401C2500,82.0,0.0,0.0,0.0,37,80.0,82.0,7,83.0,81.5,82.0,81.5,2.0,164.0,30
2023-05-10 21:36:55,MA401C2500,MA401C2500,82.0,0.0,0.0,0.0,37,80.0,82.0,17,83.0,81.5,82.0,81.5,2.0,164.0,30
2023-05-10 21:37:10,MA401C2500,MA401C2500,82.0,0.0,0.0,0.0,10,80.5,82.0,7,83.0,81.5,82.0,81.5,2.0,164.0,30
2023-05-10 21:37:28,MA401C2500,MA401C2500,82.0,0.0,0.0,0.0,20,80.5,82.0,7,83.0,81.5,82.0,81.5,2.0,164.0,30
2023-05-10 21:37:37,MA401C2500,MA401C2500,82.0,0.0,0.0,0.0,10,80.5,82.0,17,83.0,81.5,82.0,81.5,2.0,164.0,30
2023-05-10 21:38:01,MA401C2500,MA401C2500,82.0,0.0,0.0,0.0,37,80.0,82.0,17,83.0,81.5,82.0,81.5,2.0,164.0,30
2023-05-10 21:38:24,MA401C2500,MA401C2500,82.0,0.0,0.0,0.0,20,80.5,82.0,7,83.0,81.5,82.0,81.5,2.0,164.0,30
2023-05-10 21:38:38,MA401C2500,MA401C2500,82.0,0.0,0.0,0.0,10,80.5,82.0,17,83.0,81.5,82.0,81.5,2.0,164.0,30
2023-05-10 21:38:54,MA401C2500,MA401C2500,82.0,0.0,0.0,0.0,37,80.0,82.0,17,83.0,81.5,82.0,81.5,2.0,164.0,30
2023-05-10 21:38:54,MA401C2500,MA401C2500,82.0,0.0,0.0,0.0,10,80.5,82.0,17,83.0,81.5,82.0,81.5,2.0,164.0,30
2023-05-10 21:38:55,MA401C2500,MA401C2500,82.0,0.0,0.0,0.0,37,80.0,82.0,17,83.0,81.5,82.0,81.5,2.0,164.0,30
2023-05-10 21:38:55,MA401C2500,MA401C2500,82.0,0.0,0.0,0.0,10,80.5,82.0,17,83.0,81.5,82.0,81.5,2.0,164.0,30
2023-05-10 21:38:57,MA401C2500,MA401C2500,82.0,0.0,0.0,0.0,37,80.0,82.0,17,83.0,81.5,82.0,81.5,2.0,164.0,30
2023-05-10 21:38:57,MA401C2500,MA401C2500,82.0,0.0,0.0,0.0,10,80.5,82.0,17,83.0,81.5,82.0,81.5,2.0,164.0,30
2023-05-10 21:38:59,MA401C2500,MA401C2500,82.0,0.0,0.0,0.0,37,80.0,82.0,17,83.0,81.5,82.0,81.5,2.0,164.0,30
2023-05-10 21:38:59,MA401C2500,MA401C2500,82.0,0.0,0.0,0.0,10,80.5,82.0,17,83.0,81.5,82.0,81.5,2.0,164.0,30
2023-05-10 21:39:02,MA401C2500,MA401C2500,82.0,0.0,0.0,0.0,37,80.0,82.0,17,83.0,81.5,82.0,81.5,2.0,164.0,30
2023-05-10 21:39:06,MA401C2500,MA401C2500,82.0,0.0,0.0,0.0,10,80.5,82.0,17,83.0,81.5,82.0,81.5,2.0,164.0,30
2023-05-10 21:39:07,MA401C2500,MA401C2500,82.0,0.0,0.0,0.0,37,80.0,82.0,17,83.0,81.5,82.0,81.5,2.0,164.0,30
2023-05-10 21:39:08,MA401C2500,MA401C2500,82.0,0.0,0.0,0.0,10,80.5,82.0,17,83.0,81.5,82.0,81.5,2.0,164.0,30
2023-05-10 21:39:12,MA401C2500,MA401C2500,82.0,0.0,0.0,0.0,37,80.0,82.0,17,83.0,81.5,82.0,81.5,2.0,164.0,30
2023-05-10 21:39:12,MA401C2500,MA401C2500,82.0,0.0,0.0,0.0,10,80.5,82.0,17,83.0,81.5,82.0,81.5,2.0,164.0,30
2023-05-10 21:39:13,MA401C2500,MA401C2500,82.0,0.0,0.0,0.0,37,80.0,82.0,17,83.0,81.5,82.0,81.5,2.0,164.0,30
2023-05-10 21:39:13,MA401C2500,MA401C2500,82.0,0.0,0.0,0.0,10,80.5,82.0,17,83.0,81.5,82.0,81.5,2.0,164.0,30
2023-05-10 21:39:15,MA401C2500,MA401C2500,82.0,0.0,0.0,0.0,37,80.0,82.0,17,83.0,81.5,82.0,81.5,2.0,164.0,30
2023-05-10 21:40:12,MA401C2500,MA401C2500,82.0,0.0,0.0,0.0,27,80.0,82.0,17,83.0,81.5,82.0,81.5,2.0,164.0,30
2023-05-10 21:40:12,MA401C2500,MA401C2500,82.0,0.0,0.0,0.0,37,80.0,82.0,17,83.0,81.5,82.0,81.5,2.0,164.0,30
2023-05-10 21:40:13,MA401C2500,MA401C2500,82.0,0.0,0.0,0.0,10,80.5,82.0,7,83.0,81.5,82.0,81.5,2.0,164.0,30
2023-05-10 21:40:13,MA401C2500,MA401C2500,82.0,0.0,0.0,0.0,20,80.5,82.0,7,83.0,81.5,82.0,81.5,2.0,164.0,30
2023-05-10 21:40:14,MA401C2500,MA401C2500,82.0,0.0,0.0,0.0,37,80.0,82.0,17,83.0,81.5,82.0,81.5,2.0,164.0,30
2023-05-10 21:41:36,MA401C2500,MA401C2500,82.0,0.0,0.0,0.0,30,80.0,82.0,17,83.0,81.5,82.0,81.5,2.0,164.0,30
2023-05-10 21:41:59,MA401C2500,MA401C2500,82.0,0.0,0.0,0.0,20,80.0,82.0,7,83.0,81.5,82.0,81.5,2.0,164.0,30
2023-05-10 21:42:00,MA401C2500,MA401C2500,82.0,0.0,0.0,0.0,30,80.0,82.0,17,83.0,81.5,82.0,81.5,2.0,164.0,30
2023-05-10 21:42:05,MA401C2500,MA401C2500,82.0,0.0,0.0,0.0,37,80.0,82.0,17,83.0,81.5,82.0,81.5,2.0,164.0,30
2023-05-10 21:42:16,MA401C2500,MA401C2500,82.0,0.0,0.0,0.0,27,80.0,82.0,7,83.0,81.5,82.0,81.5,2.0,164.0,30
2023-05-10 21:42:17,MA401C2500,MA401C2500,82.0,0.0,0.0,0.0,37,80.0,82.0,17,83.0,81.5,82.0,81.5,2.0,164.0,30
2023-05-10 21:42:17,MA401C2500,MA401C2500,82.0,0.0,0.0,0.0,27,80.0,82.0,7,83.0,81.5,82.0,81.5,2.0,164.0,30
2023-05-10 21:42:20,MA401C2500,MA401C2500,82.0,0.0,0.0,0.0,37,80.0,82.0,17,83.0,81.5,82.0,81.5,2.0,164.0,30
2023-05-10 21:42:28,MA401C2500,MA401C2500,82.0,0.0,0.0,0.0,10,80.5,82.0,17,83.0,81.5,82.0,81.5,2.0,164.0,30
2023-05-10 21:42:32,MA401C2500,MA401C2500,82.0,0.0,0.0,0.0,37,80.0,82.0,17,83.0,81.5,82.0,81.5,2.0,164.0,30
2023-05-10 21:42:48,MA401C2500,MA401C2500,82.0,0.0,0.0,0.0,10,80.5,82.0,17,83.0,81.5,82.0,81.5,2.0,164.0,30
2023-05-10 21:42:49,MA401C2500,MA401C2500,82.0,0.0,0.0,0.0,37,80.0,82.0,17,83.0,81.5,82.0,81.5,2.0,164.0,30
2023-05-10 21:42:53,MA401C2500,MA401C2500,82.0,0.0,0.0,0.0,10,80.5,82.0,17,83.0,81.5,82.0,81.5,2.0,164.0,30
2023-05-10 21:42:53,MA401C2500,MA401C2500,82.0,0.0,0.0,0.0,37,80.0,82.0,17,83.0,81.5,82.0,81.5,2.0,164.0,30
2023-05-10 21:43:27,MA401C2500,MA401C2500,82.0,0.0,0.0,0.0,27,80.0,82.0,7,83.0,81.5,82.0,81.5,2.0,164.0,30
2023-05-10 21:43:27,MA401C2500,MA401C2500,82.0,0.0,0.0,0.0,37,80.0,82.0,17,83.0,81.5,82.0,81.5,2.0,164.0,30
2023-05-10 21:43:36,MA401C2500,MA401C2500,82.0,0.0,0.0,0.0,30,80.0,82.0,17,83.0,81.5,82.0,81.5,2.0,164.0,30
2023-05-10 21:43:37,MA401C2500,MA401C2500,82.0,0.0,0.0,0.0,10,80.0,82.0,7,83.0,81.5,82.0,81.5,2.0,164.0,30
2023-05-10 21:43:37,MA401C2500,MA401C2500,79.5,20.0,1585.0,20.0,10,78.0,81.0,7,83.0,81.5,82.0,79.5,22.0,1749.0,50
2023-05-10 21:43:38,MA401C2500,MA401C2500,79.5,0.0,0.0,0.0,10,77.5,80.5,10,83.0,81.5,82.0,79.5,22.0,1749.0,50
2023-05-10 21:43:38,MA401C2500,MA401C2500,79.5,0.0,0.0,0.0,10,77.5,80.0,10,83.0,81.5,82.0,79.5,22.0,1749.0,50
2023-05-10 21:43:39,MA401C2500,MA401C2500,79.5,0.0,0.0,0.0,10,77.5,80.5,17,83.0,81.5,82.0,79.5,22.0,1749.0,50
2023-05-10 21:43:42,MA401C2500,MA401C2500,79.5,0.0,0.0,0.0,10,78.0,80.5,17,83.0,81.5,82.0,79.5,22.0,1749.0,50
2023-05-10 21:43:43,MA401C2500,MA401C2500,79.5,0.0,0.0,0.0,10,78.0,80.5,27,83.0,81.5,82.0,79.5,22.0,1749.0,50
2023-05-10 21:43:43,MA401C2500,MA401C2500,79.5,0.0,0.0,0.0,10,78.0,81.0,17,83.0,81.5,82.0,79.5,22.0,1749.0,50
2023-05-10 21:43:44,MA401C2500,MA401C2500,79.5,0.0,0.0,0.0,10,78.0,81.0,27,83.0,81.5,82.0,79.5,22.0,1749.0,50
2023-05-10 21:43:45,MA401C2500,MA401C2500,79.5,0.0,0.0,0.0,10,78.5,81.0,20,83.0,81.5,82.0,79.5,22.0,1749.0,50
2023-05-10 21:43:46,MA401C2500,MA401C2500,79.5,0.0,0.0,0.0,20,78.0,81.0,20,83.0,81.5,82.0,79.5,22.0,1749.0,50
2023-05-10 21:43:46,MA401C2500,MA401C2500,79.5,0.0,0.0,0.0,10,78.0,81.0,20,83.0,81.5,82.0,79.5,22.0,1749.0,50
2023-05-10 21:43:47,MA401C2500,MA401C2500,79.5,0.0,0.0,0.0,7,79.0,81.0,20,83.0,81.5,82.0,79.5,22.0,1749.0,50
2023-05-10 21:43:49,MA401C2500,MA401C2500,79.5,0.0,0.0,0.0,7,79.0,80.5,10,83.0,81.5,82.0,79.5,22.0,1749.0,50
2023-05-10 21:43:49,MA401C2500,MA401C2500,79.5,0.0,0.0,0.0,7,79.0,80.5,20,83.0,81.5,82.0,79.5,22.0,1749.0,50
2023-05-10 21:43:55,MA401C2500,MA401C2500,79.5,0.0,0.0,0.0,7,79.0,80.0,10,83.0,81.5,82.0,79.5,22.0,1749.0,50
2023-05-10 21:43:56,MA401C2500,MA401C2500,79.5,0.0,0.0,0.0,7,79.0,80.5,20,83.0,81.5,82.0,79.5,22.0,1749.0,50
2023-05-10 21:43:57,MA401C2500,MA401C2500,79.5,0.0,0.0,0.0,7,79.0,80.0,10,83.0,81.5,82.0,79.5,22.0,1749.0,50
2023-05-10 21:43:57,MA401C2500,MA401C2500,79.5,0.0,0.0,0.0,7,79.0,80.5,10,83.0,81.5,82.0,79.5,22.0,1749.0,50
2023-05-10 21:43:58,MA401C2500,MA401C2500,79.5,0.0,0.0,0.0,7,79.0,80.5,20,83.0,81.5,82.0,79.5,22.0,1749.0,50
2023-05-10 21:44:03,MA401C2500,MA401C2500,79.5,0.0,0.0,0.0,7,79.0,81.0,17,83.0,81.5,82.0,79.5,22.0,1749.0,50
2023-05-10 21:44:04,MA401C2500,MA401C2500,79.5,0.0,0.0,0.0,7,79.0,81.0,27,83.0,81.5,82.0,79.5,22.0,1749.0,50
2023-05-10 21:44:04,MA401C2500,MA401C2500,79.5,0.0,0.0,0.0,7,79.0,80.5,10,83.0,81.5,82.0,79.5,22.0,1749.0,50
2023-05-10 21:44:05,MA401C2500,MA401C2500,79.5,0.0,0.0,0.0,7,79.0,81.0,27,83.0,81.5,82.0,79.5,22.0,1749.0,50
2023-05-10 21:44:06,MA401C2500,MA401C2500,79.5,0.0,0.0,0.0,7,79.0,80.5,10,83.0,81.5,82.0,79.5,22.0,1749.0,50
2023-05-10 21:44:06,MA401C2500,MA401C2500,79.5,0.0,0.0,0.0,7,79.0,80.5,20,83.0,81.5,82.0,79.5,22.0,1749.0,50
2023-05-10 21:44:11,MA401C2500,MA401C2500,79.5,0.0,0.0,0.0,7,79.0,81.0,17,83.0,81.5,82.0,79.5,22.0,1749.0,50
2023-05-10 21:44:11,MA401C2500,MA401C2500,79.5,0.0,0.0,0.0,7,79.0,81.0,27,83.0,81.5,82.0,79.5,22.0,1749.0,50
2023-05-10 21:44:15,MA401C2500,MA401C2500,79.5,0.0,0.0,0.0,7,79.5,81.0,27,83.0,81.5,82.0,79.5,22.0,1749.0,50
2023-05-10 21:44:15,MA401C2500,MA401C2500,79.5,0.0,0.0,0.0,7,79.5,81.0,20,83.0,81.5,82.0,79.5,22.0,1749.0,50
2023-05-10 21:44:52,MA401C2500,MA401C2500,79.5,0.0,0.0,0.0,17,79.5,81.0,20,83.0,81.5,82.0,79.5,22.0,1749.0,50
2023-05-10 21:44:54,MA401C2500,MA401C2500,79.5,0.0,0.0,0.0,7,79.5,81.0,20,83.0,81.5,82.0,79.5,22.0,1749.0,50
2023-05-10 21:44:55,MA401C2500,MA401C2500,79.5,0.0,0.0,0.0,17,79.5,81.0,20,83.0,81.5,82.0,79.5,22.0,1749.0,50
2023-05-10 21:45:00,MA401C2500,MA401C2500,79.5,0.0,0.0,0.0,7,79.5,81.0,20,83.0,81.5,82.0,79.5,22.0,1749.0,50
2023-05-10 21:45:06,MA401C2500,MA401C2500,79.5,0.0,0.0,0.0,7,79.5,81.0,30,83.0,81.5,82.0,79.5,22.0,1749.0,50
2023-05-10 21:45:13,MA401C2500,MA401C2500,79.5,0.0,0.0,0.0,17,79.5,81.0,30,83.0,81.5,82.0,79.5,22.0,1749.0,50
2023-05-10 21:45:23,MA401C2500,MA401C2500,79.5,0.0,0.0,0.0,27,79.5,81.0,10,83.0,81.5,82.0,79.5,22.0,1749.0,50
2023-05-10 21:45:23,MA401C2500,MA401C2500,79.5,0.0,0.0,0.0,17,79.5,81.5,27,83.0,81.5,82.0,79.5,22.0,1749.0,50
2023-05-10 21:45:25,MA401C2500,MA401C2500,79.5,0.0,0.0,0.0,17,79.5,81.5,17,83.0,81.5,82.0,79.5,22.0,1749.0,50
2023-05-10 21:45:25,MA401C2500,MA401C2500,79.5,0.0,0.0,0.0,17,79.5,81.5,27,83.0,81.5,82.0,79.5,22.0,1749.0,50
2023-05-10 21:45:26,MA401C2500,MA401C2500,79.5,0.0,0.0,0.0,17,79.5,81.0,20,83.0,81.5,82.0,79.5,22.0,1749.0,50
2023-05-10 21:45:34,MA401C2500,MA401C2500,79.5,0.0,0.0,0.0,27,79.5,81.0,20,83.0,81.5,82.0,79.5,22.0,1749.0,50
2023-05-10 21:45:35,MA401C2500,MA401C2500,79.5,0.0,0.0,0.0,17,79.5,81.0,30,83.0,81.5,82.0,79.5,22.0,1749.0,50
2023-05-10 21:45:53,MA401C2500,MA401C2500,79.5,0.0,0.0,0.0,7,79.5,81.0,30,83.0,81.5,82.0,79.5,22.0,1749.0,50
2023-05-10 21:45:54,MA401C2500,MA401C2500,79.5,0.0,0.0,0.0,17,79.5,81.0,30,83.0,81.5,82.0,79.5,22.0,1749.0,50
2023-05-10 21:46:23,MA401C2500,MA401C2500,79.5,0.0,0.0,0.0,7,79.5,81.0,30,83.0,81.5,82.0,79.5,22.0,1749.0,50
2023-05-10 21:46:26,MA401C2500,MA401C2500,79.5,0.0,0.0,0.0,17,79.5,81.0,30,83.0,81.5,82.0,79.5,22.0,1749.0,50
2023-05-10 21:46:33,MA401C2500,MA401C2500,79.5,0.0,0.0,0.0,7,79.5,81.0,30,83.0,81.5,82.0,79.5,22.0,1749.0,50
2023-05-10 21:46:33,MA401C2500,MA401C2500,79.5,0.0,0.0,0.0,17,79.5,81.0,30,83.0,81.5,82.0,79.5,22.0,1749.0,50
2023-05-10 21:46:46,MA401C2500,MA401C2500,79.5,0.0,0.0,0.0,17,79.5,81.0,20,83.0,81.5,82.0,79.5,22.0,1749.0,50
2023-05-10 21:46:47,MA401C2500,MA401C2500,79.5,0.0,0.0,0.0,17,79.5,81.0,30,83.0,81.5,82.0,79.5,22.0,1749.0,50
2023-05-10 21:46:49,MA401C2500,MA401C2500,79.5,0.0,0.0,0.0,17,79.5,81.0,20,83.0,81.5,82.0,79.5,22.0,1749.0,50
2023-05-10 21:46:51,MA401C2500,MA401C2500,79.5,0.0,0.0,0.0,17,79.5,81.0,30,83.0,81.5,82.0,79.5,22.0,1749.0,50
2023-05-10 21:46:56,MA401C2500,MA401C2500,79.5,0.0,0.0,0.0,7,79.5,81.0,30,83.0,81.5,82.0,79.5,22.0,1749.0,50
2023-05-10 21:46:57,MA401C2500,MA401C2500,79.5,0.0,0.0,0.0,17,79.5,81.0,30,83.0,81.5,82.0,79.5,22.0,1749.0,50
2023-05-10 21:47:47,MA401C2500,MA401C2500,79.5,0.0,0.0,0.0,7,79.5,81.0,30,83.0,81.5,82.0,79.5,22.0,1749.0,50
2023-05-10 21:47:49,MA401C2500,MA401C2500,79.5,0.0,0.0,0.0,17,79.5,81.0,30,83.0,81.5,82.0,79.5,22.0,1749.0,50
2023-05-10 21:47:56,MA401C2500,MA401C2500,79.5,0.0,0.0,0.0,7,79.5,81.0,30,83.0,81.5,82.0,79.5,22.0,1749.0,50
2023-05-10 21:47:58,MA401C2500,MA401C2500,79.5,0.0,0.0,0.0,17,79.5,81.0,30,83.0,81.5,82.0,79.5,22.0,1749.0,50
2023-05-10 21:48:01,MA401C2500,MA401C2500,79.5,0.0,0.0,0.0,7,79.5,81.0,30,83.0,81.5,82.0,79.5,22.0,1749.0,50
2023-05-10 21:48:07,MA401C2500,MA401C2500,79.5,0.0,0.0,0.0,7,79.5,81.0,20,83.0,81.5,82.0,79.5,22.0,1749.0,50
2023-05-10 21:48:08,MA401C2500,MA401C2500,79.5,0.0,0.0,0.0,7,79.5,81.0,30,83.0,81.5,82.0,79.5,22.0,1749.0,50
2023-05-10 21:48:11,MA401C2500,MA401C2500,79.5,0.0,0.0,0.0,7,79.5,81.0,27,83.0,81.5,82.0,79.5,22.0,1749.0,50
2023-05-10 21:48:11,MA401C2500,MA401C2500,79.5,0.0,0.0,0.0,7,79.5,81.0,37,83.0,81.5,82.0,79.5,22.0,1749.0,50
2023-05-10 21:48:15,MA401C2500,MA401C2500,79.5,0.0,0.0,0.0,37,79.0,81.0,37,83.0,81.5,82.0,79.5,22.0,1749.0,50
2023-05-10 21:48:16,MA401C2500,MA401C2500,79.5,0.0,0.0,0.0,17,79.0,80.5,10,83.0,81.5,82.0,79.5,22.0,1749.0,50
2023-05-10 21:48:16,MA401C2500,MA401C2500,79.5,0.0,0.0,0.0,7,79.0,80.5,20,83.0,81.5,82.0,79.5,22.0,1749.0,50
2023-05-10 21:48:17,MA401C2500,MA401C2500,79.5,0.0,0.0,0.0,7,79.0,80.0,20,83.0,81.5,82.0,79.5,22.0,1749.0,50
2023-05-10 21:48:38,MA401C2500,MA401C2500,79.5,0.0,0.0,0.0,7,79.0,79.5,10,83.0,81.5,82.0,79.5,22.0,1749.0,50
2023-05-10 21:48:38,MA401C2500,MA401C2500,79.5,0.0,0.0,0.0,7,79.0,80.0,20,83.0,81.5,82.0,79.5,22.0,1749.0,50
2023-05-10 21:48:42,MA401C2500,MA401C2500,79.5,0.0,0.0,0.0,37,78.0,79.5,20,83.0,81.5,82.0,79.5,22.0,1749.0,50
2023-05-10 21:48:42,MA401C2500,MA401C2500,79.5,0.0,0.0,0.0,7,78.0,79.5,20,83.0,81.5,82.0,79.5,22.0,1749.0,50
2023-05-10 21:48:43,MA401C2500,MA401C2500,79.5,0.0,0.0,0.0,17,78.0,80.0,10,83.0,81.5,82.0,79.5,22.0,1749.0,50
2023-05-10 21:48:44,MA401C2500,MA401C2500,79.5,0.0,0.0,0.0,27,78.0,80.0,30,83.0,81.5,82.0,79.5,22.0,1749.0,50
2023-05-10 21:48:45,MA401C2500,MA401C2500,79.5,0.0,0.0,0.0,27,78.0,79.5,10,83.0,81.5,82.0,79.5,22.0,1749.0,50
2023-05-10 21:48:46,MA401C2500,MA401C2500,79.5,0.0,0.0,0.0,27,78.0,79.5,20,83.0,81.5,82.0,79.5,22.0,1749.0,50
2023-05-10 21:48:47,MA401C2500,MA401C2500,79.5,0.0,0.0,0.0,27,78.0,79.5,10,83.0,81.5,82.0,79.5,22.0,1749.0,50
2023-05-10 21:48:48,MA401C2500,MA401C2500,79.5,0.0,0.0,0.0,17,78.0,79.5,20,83.0,81.5,82.0,79.5,22.0,1749.0,50
2023-05-10 21:48:48,MA401C2500,MA401C2500,79.5,0.0,0.0,0.0,17,78.0,79.5,30,83.0,81.5,82.0,79.5,22.0,1749.0,50
2023-05-10 21:48:49,MA401C2500,MA401C2500,79.5,0.0,0.0,0.0,7,78.0,79.5,30,83.0,81.5,82.0,79.5,22.0,1749.0,50
2023-05-10 21:48:50,MA401C2500,MA401C2500,79.5,0.0,0.0,0.0,7,78.0,79.5,27,83.0,81.5,82.0,79.5,22.0,1749.0,50
2023-05-10 21:48:51,MA401C2500,MA401C2500,79.5,0.0,0.0,0.0,7,78.0,79.5,20,83.0,81.5,82.0,79.5,22.0,1749.0,50
2023-05-10 21:48:53,MA401C2500,MA401C2500,79.5,0.0,0.0,0.0,17,78.0,79.5,20,83.0,81.5,82.0,79.5,22.0,1749.0,50
2023-05-10 21:48:53,MA401C2500,MA401C2500,79.5,0.0,0.0,0.0,7,78.0,79.5,20,83.0,81.5,82.0,79.5,22.0,1749.0,50
2023-05-10 21:48:54,MA401C2500,MA401C2500,79.5,0.0,0.0,0.0,7,78.0,79.5,30,83.0,81.5,82.0,79.5,22.0,1749.0,50
2023-05-10 21:48:56,MA401C2500,MA401C2500,79.5,0.0,0.0,0.0,17,78.0,79.5,20,83.0,81.5,82.0,79.5,22.0,1749.0,50
2023-05-10 21:48:57,MA401C2500,MA401C2500,79.5,0.0,0.0,0.0,17,78.0,79.5,10,83.0,81.5,82.0,79.5,22.0,1749.0,50
2023-05-10 21:48:57,MA401C2500,MA401C2500,79.5,0.0,0.0,0.0,17,78.0,79.5,30,83.0,81.5,82.0,79.5,22.0,1749.0,50
2023-05-10 21:48:59,MA401C2500,MA401C2500,79.5,0.0,0.0,0.0,7,78.0,79.0,10,83.0,81.5,82.0,79.5,22.0,1749.0,50
2023-05-10 21:49:00,MA401C2500,MA401C2500,79.5,0.0,0.0,0.0,7,78.0,79.0,20,83.0,81.5,82.0,79.5,22.0,1749.0,50
2023-05-10 21:49:03,MA401C2500,MA401C2500,79.5,0.0,0.0,0.0,7,78.0,79.0,10,83.0,81.5,82.0,79.5,22.0,1749.0,50
2023-05-10 21:49:09,MA401C2500,MA401C2500,79.5,0.0,0.0,0.0,17,78.0,79.5,27,83.0,81.5,82.0,79.5,22.0,1749.0,50
2023-05-10 21:49:09,MA401C2500,MA401C2500,79.5,0.0,0.0,0.0,17,78.0,79.5,37,83.0,81.5,82.0,79.5,22.0,1749.0,50
2023-05-10 21:49:10,MA401C2500,MA401C2500,79.5,0.0,0.0,0.0,7,78.0,79.5,37,83.0,81.5,82.0,79.5,22.0,1749.0,50
2023-05-10 21:49:11,MA401C2500,MA401C2500,79.5,0.0,0.0,0.0,7,78.0,79.0,10,83.0,81.5,82.0,79.5,22.0,1749.0,50
2023-05-10 21:49:11,MA401C2500,MA401C2500,79.5,0.0,0.0,0.0,7,78.0,79.0,20,83.0,81.5,82.0,79.5,22.0,1749.0,50
2023-05-10 21:49:12,MA401C2500,MA401C2500,79.5,0.0,0.0,0.0,17,78.0,79.5,27,83.0,81.5,82.0,79.5,22.0,1749.0,50
2023-05-10 21:49:13,MA401C2500,MA401C2500,79.5,0.0,0.0,0.0,17,78.0,79.5,37,83.0,81.5,82.0,79.5,22.0,1749.0,50
2023-05-10 21:49:14,MA401C2500,MA401C2500,79.5,0.0,0.0,0.0,7,78.0,79.5,37,83.0,81.5,82.0,79.5,22.0,1749.0,50
2023-05-10 21:49:17,MA401C2500,MA401C2500,79.5,0.0,0.0,0.0,17,78.0,79.5,37,83.0,81.5,82.0,79.5,22.0,1749.0,50
2023-05-10 21:49:18,MA401C2500,MA401C2500,79.5,0.0,0.0,0.0,7,78.0,79.5,37,83.0,81.5,82.0,79.5,22.0,1749.0,50
2023-05-10 21:49:19,MA401C2500,MA401C2500,79.5,0.0,0.0,0.0,17,78.0,79.5,37,83.0,81.5,82.0,79.5,22.0,1749.0,50
2023-05-10 21:49:20,MA401C2500,MA401C2500,79.5,0.0,0.0,0.0,7,78.0,79.5,37,83.0,81.5,82.0,79.5,22.0,1749.0,50
2023-05-10 21:49:21,MA401C2500,MA401C2500,79.5,0.0,0.0,0.0,7,78.0,79.0,10,83.0,81.5,82.0,79.5,22.0,1749.0,50
2023-05-10 21:49:21,MA401C2500,MA401C2500,79.5,0.0,0.0,0.0,7,78.0,79.0,20,83.0,81.5,82.0,79.5,22.0,1749.0,50
2023-05-10 21:49:22,MA401C2500,MA401C2500,79.5,0.0,0.0,0.0,7,78.0,79.5,27,83.0,81.5,82.0,79.5,22.0,1749.0,50
2023-05-10 21:49:22,MA401C2500,MA401C2500,79.5,0.0,0.0,0.0,7,78.0,79.0,10,83.0,81.5,82.0,79.5,22.0,1749.0,50
2023-05-10 21:49:23,MA401C2500,MA401C2500,79.5,0.0,0.0,0.0,7,78.0,79.5,37,83.0,81.5,82.0,79.5,22.0,1749.0,50
2023-05-10 21:49:25,MA401C2500,MA401C2500,79.5,0.0,0.0,0.0,7,78.0,79.0,10,83.0,81.5,82.0,79.5,22.0,1749.0,50
2023-05-10 21:49:26,MA401C2500,MA401C2500,79.5,0.0,0.0,0.0,7,78.0,79.5,37,83.0,81.5,82.0,79.5,22.0,1749.0,50
2023-05-10 21:49:26,MA401C2500,MA401C2500,79.5,0.0,0.0,0.0,7,78.0,79.0,10,83.0,81.5,82.0,79.5,22.0,1749.0,50
2023-05-10 21:49:27,MA401C2500,MA401C2500,79.5,0.0,0.0,0.0,7,78.0,79.5,37,83.0,81.5,82.0,79.5,22.0,1749.0,50
2023-05-10 21:49:35,MA401C2500,MA401C2500,79.5,0.0,0.0,0.0,7,78.0,79.5,27,83.0,81.5,82.0,79.5,22.0,1749.0,50
2023-05-10 21:49:36,MA401C2500,MA401C2500,79.5,0.0,0.0,0.0,7,78.0,79.0,10,83.0,81.5,82.0,79.5,22.0,1749.0,50
2023-05-10 21:49:36,MA401C2500,MA401C2500,79.5,0.0,0.0,0.0,7,78.0,79.5,37,83.0,81.5,82.0,79.5,22.0,1749.0,50
2023-05-10 21:49:43,MA401C2500,MA401C2500,79.5,0.0,0.0,0.0,7,78.0,79.0,10,83.0,81.5,82.0,79.5,22.0,1749.0,50
2023-05-10 21:49:44,MA401C2500,MA401C2500,79.5,0.0,0.0,0.0,7,78.0,79.0,20,83.0,81.5,82.0,79.5,22.0,1749.0,50
2023-05-10 21:49:45,MA401C2500,MA401C2500,79.5,0.0,0.0,0.0,7,78.0,79.0,10,83.0,81.5,82.0,79.5,22.0,1749.0,50
2023-05-10 21:49:45,MA401C2500,MA401C2500,79.5,0.0,0.0,0.0,7,78.0,79.5,37,83.0,81.5,82.0,79.5,22.0,1749.0,50
2023-05-10 21:49:48,MA401C2500,MA401C2500,79.5,0.0,0.0,0.0,17,78.0,79.5,37,83.0,81.5,82.0,79.5,22.0,1749.0,50
2023-05-10 21:49:51,MA401C2500,MA401C2500,79.5,0.0,0.0,0.0,27,78.0,79.5,27,83.0,81.5,82.0,79.5,22.0,1749.0,50
2023-05-10 21:49:52,MA401C2500,MA401C2500,79.5,0.0,0.0,0.0,27,78.0,79.5,17,83.0,81.5,82.0,79.5,22.0,1749.0,50
2023-05-10 21:50:00,MA401C2500,MA401C2500,79.5,0.0,0.0,0.0,27,78.0,79.5,10,83.0,81.5,82.0,79.5,22.0,1749.0,50
2023-05-10 21:50:00,MA401C2500,MA401C2500,79.5,0.0,0.0,0.0,17,78.0,80.0,17,83.0,81.5,82.0,79.5,22.0,1749.0,50
2023-05-10 21:50:01,MA401C2500,MA401C2500,79.5,0.0,0.0,0.0,27,78.0,79.5,10,83.0,81.5,82.0,79.5,22.0,1749.0,50
2023-05-10 21:50:01,MA401C2500,MA401C2500,79.5,0.0,0.0,0.0,17,78.0,79.5,20,83.0,81.5,82.0,79.5,22.0,1749.0,50
2023-05-10 21:50:05,MA401C2500,MA401C2500,79.5,0.0,0.0,0.0,27,78.0,80.0,27,83.0,81.5,82.0,79.5,22.0,1749.0,50
2023-05-10 21:50:06,MA401C2500,MA401C2500,79.5,0.0,0.0,0.0,27,78.0,80.0,37,83.0,81.5,82.0,79.5,22.0,1749.0,50
2023-05-10 21:50:20,MA401C2500,MA401C2500,79.5,0.0,0.0,0.0,10,78.5,80.0,37,83.0,81.5,82.0,79.5,22.0,1749.0,50
2023-05-10 21:50:22,MA401C2500,MA401C2500,79.5,0.0,0.0,0.0,27,78.0,80.0,37,83.0,81.5,82.0,79.5,22.0,1749.0,50
2023-05-10 21:50:38,MA401C2500,MA401C2500,79.5,0.0,0.0,0.0,17,78.5,80.0,37,83.0,81.5,82.0,79.5,22.0,1749.0,50
2023-05-10 21:50:52,MA401C2500,MA401C2500,79.5,0.0,0.0,0.0,17,78.5,79.5,10,83.0,81.5,82.0,79.5,22.0,1749.0,50
2023-05-10 21:50:52,MA401C2500,MA401C2500,79.5,0.0,0.0,0.0,17,78.5,79.5,20,83.0,81.5,82.0,79.5,22.0,1749.0,50
2023-05-10 21:50:53,MA401C2500,MA401C2500,79.5,0.0,0.0,0.0,7,78.5,79.5,20,83.0,81.5,82.0,79.5,22.0,1749.0,50
2023-05-10 21:50:54,MA401C2500,MA401C2500,79.5,0.0,0.0,0.0,17,78.5,79.5,20,83.0,81.5,82.0,79.5,22.0,1749.0,50
2023-05-10 21:51:01,MA401C2500,MA401C2500,79.5,0.0,0.0,0.0,7,78.5,79.5,20,83.0,81.5,82.0,79.5,22.0,1749.0,50
2023-05-10 21:51:04,MA401C2500,MA401C2500,79.5,0.0,0.0,0.0,17,78.5,79.5,20,83.0,81.5,82.0,79.5,22.0,1749.0,50
2023-05-10 21:51:04,MA401C2500,MA401C2500,79.5,0.0,0.0,0.0,7,78.5,79.5,20,83.0,81.5,82.0,79.5,22.0,1749.0,50
2023-05-10 21:51:16,MA401C2500,MA401C2500,79.5,0.0,0.0,0.0,7,78.5,79.5,30,83.0,81.5,82.0,79.5,22.0,1749.0,50
2023-05-10 21:51:17,MA401C2500,MA401C2500,79.5,0.0,0.0,0.0,17,78.5,79.5,20,83.0,81.5,82.0,79.5,22.0,1749.0,50
2023-05-10 21:51:21,MA401C2500,MA401C2500,79.5,0.0,0.0,0.0,17,78.5,80.0,27,83.0,81.5,82.0,79.5,22.0,1749.0,50
2023-05-10 21:51:21,MA401C2500,MA401C2500,79.5,0.0,0.0,0.0,17,78.5,80.0,37,83.0,81.5,82.0,79.5,22.0,1749.0,50
2023-05-10 21:51:22,MA401C2500,MA401C2500,79.5,0.0,0.0,0.0,7,78.5,80.0,37,83.0,81.5,82.0,79.5,22.0,1749.0,50
2023-05-10 21:51:28,MA401C2500,MA401C2500,79.5,0.0,0.0,0.0,7,78.5,80.0,30,83.0,81.5,82.0,79.5,22.0,1749.0,50
2023-05-10 21:51:28,MA401C2500,MA401C2500,79.5,0.0,0.0,0.0,17,78.5,80.0,30,83.0,81.5,82.0,79.5,22.0,1749.0,50
2023-05-10 21:51:39,MA401C2500,MA401C2500,79.5,0.0,0.0,0.0,27,78.5,80.0,20,83.0,81.5,82.0,79.5,22.0,1749.0,50
2023-05-10 21:51:40,MA401C2500,MA401C2500,79.5,0.0,0.0,0.0,17,78.5,80.5,10,83.0,81.5,82.0,79.5,22.0,1749.0,50
2023-05-10 21:51:41,MA401C2500,MA401C2500,79.5,0.0,0.0,0.0,27,78.5,80.5,30,83.0,81.5,82.0,79.5,22.0,1749.0,50
2023-05-10 21:51:41,MA401C2500,MA401C2500,79.5,0.0,0.0,0.0,27,78.5,80.0,30,83.0,81.5,82.0,79.5,22.0,1749.0,50
2023-05-10 21:51:41,MA401C2500,MA401C2500,79.5,0.0,0.0,0.0,17,78.5,80.0,30,83.0,81.5,82.0,79.5,22.0,1749.0,50
2023-05-10 21:52:26,MA401C2500,MA401C2500,79.5,0.0,0.0,0.0,27,78.5,80.5,27,83.0,81.5,82.0,79.5,22.0,1749.0,50
2023-05-10 21:52:26,MA401C2500,MA401C2500,79.5,0.0,0.0,0.0,27,78.5,80.5,37,83.0,81.5,82.0,79.5,22.0,1749.0,50
2023-05-10 21:52:29,MA401C2500,MA401C2500,79.5,0.0,0.0,0.0,7,79.0,80.5,37,83.0,81.5,82.0,79.5,22.0,1749.0,50
2023-05-10 21:52:30,MA401C2500,MA401C2500,79.5,0.0,0.0,0.0,7,79.0,80.0,10,83.0,81.5,82.0,79.5,22.0,1749.0,50
2023-05-10 21:52:31,MA401C2500,MA401C2500,79.5,0.0,0.0,0.0,7,79.0,80.0,20,83.0,81.5,82.0,79.5,22.0,1749.0,50
2023-05-10 21:52:35,MA401C2500,MA401C2500,79.5,0.0,0.0,0.0,17,79.0,80.0,20,83.0,81.5,82.0,79.5,22.0,1749.0,50
2023-05-10 21:52:36,MA401C2500,MA401C2500,79.5,0.0,0.0,0.0,17,79.0,80.5,27,83.0,81.5,82.0,79.5,22.0,1749.0,50
2023-05-10 21:52:37,MA401C2500,MA401C2500,79.5,0.0,0.0,0.0,17,79.0,80.5,37,83.0,81.5,82.0,79.5,22.0,1749.0,50
2023-05-10 21:52:49,MA401C2500,MA401C2500,79.5,0.0,0.0,0.0,7,79.0,80.5,37,83.0,81.5,82.0,79.5,22.0,1749.0,50
2023-05-10 21:53:19,MA401C2500,MA401C2500,79.5,0.0,0.0,0.0,7,79.0,80.0,10,83.0,81.5,82.0,79.5,22.0,1749.0,50
2023-05-10 21:53:19,MA401C2500,MA401C2500,79.5,0.0,0.0,0.0,7,79.0,80.0,20,83.0,81.5,82.0,79.5,22.0,1749.0,50
2023-05-10 21:53:23,MA401C2500,MA401C2500,79.5,0.0,0.0,0.0,7,79.0,80.5,27,83.0,81.5,82.0,79.5,22.0,1749.0,50
2023-05-10 21:53:23,MA401C2500,MA401C2500,79.5,0.0,0.0,0.0,7,79.0,80.5,37,83.0,81.5,82.0,79.5,22.0,1749.0,50
2023-05-10 21:53:28,MA401C2500,MA401C2500,79.5,0.0,0.0,0.0,7,79.0,80.0,10,83.0,81.5,82.0,79.5,22.0,1749.0,50
2023-05-10 21:53:29,MA401C2500,MA401C2500,79.5,0.0,0.0,0.0,7,79.0,80.0,20,83.0,81.5,82.0,79.5,22.0,1749.0,50
2023-05-10 21:53:34,MA401C2500,MA401C2500,79.5,0.0,0.0,0.0,27,78.5,80.0,20,83.0,81.5,82.0,79.5,22.0,1749.0,50
2023-05-10 21:53:51,MA401C2500,MA401C2500,79.5,0.0,0.0,0.0,17,78.5,80.0,20,83.0,81.5,82.0,79.5,22.0,1749.0,50
2023-05-10 21:53:54,MA401C2500,MA401C2500,79.5,0.0,0.0,0.0,27,78.5,80.0,20,83.0,81.5,82.0,79.5,22.0,1749.0,50
2023-05-10 21:53:54,MA401C2500,MA401C2500,79.5,0.0,0.0,0.0,17,78.5,80.0,20,83.0,81.5,82.0,79.5,22.0,1749.0,50
2023-05-10 21:53:56,MA401C2500,MA401C2500,79.5,0.0,0.0,0.0,7,78.5,80.0,30,83.0,81.5,82.0,79.5,22.0,1749.0,50
2023-05-10 21:53:57,MA401C2500,MA401C2500,79.5,0.0,0.0,0.0,7,78.5,80.0,37,83.0,81.5,82.0,79.5,22.0,1749.0,50
2023-05-10 21:53:58,MA401C2500,MA401C2500,79.5,0.0,0.0,0.0,7,78.5,79.5,10,83.0,81.5,82.0,79.5,22.0,1749.0,50
2023-05-10 21:53:59,MA401C2500,MA401C2500,79.5,0.0,0.0,0.0,7,78.5,80.0,37,83.0,81.5,82.0,79.5,22.0,1749.0,50
2023-05-10 21:53:59,MA401C2500,MA401C2500,79.5,0.0,0.0,0.0,7,78.5,79.5,10,83.0,81.5,82.0,79.5,22.0,1749.0,50
2023-05-10 21:54:00,MA401C2500,MA401C2500,79.5,0.0,0.0,0.0,7,78.5,79.5,20,83.0,81.5,82.0,79.5,22.0,1749.0,50
2023-05-10 21:54:01,MA401C2500,MA401C2500,79.5,0.0,0.0,0.0,7,78.5,79.5,10,83.0,81.5,82.0,79.5,22.0,1749.0,50
2023-05-10 21:54:01,MA401C2500,MA401C2500,79.5,0.0,0.0,0.0,7,78.5,80.0,37,83.0,81.5,82.0,79.5,22.0,1749.0,50
2023-05-10 21:54:03,MA401C2500,MA401C2500,79.5,0.0,0.0,0.0,7,78.5,79.5,10,83.0,81.5,82.0,79.5,22.0,1749.0,50
2023-05-10 21:54:04,MA401C2500,MA401C2500,79.5,0.0,0.0,0.0,17,78.5,80.0,27,83.0,81.5,82.0,79.5,22.0,1749.0,50
2023-05-10 21:54:04,MA401C2500,MA401C2500,79.5,0.0,0.0,0.0,7,78.5,79.5,10,83.0,81.5,82.0,79.5,22.0,1749.0,50
2023-05-10 21:54:05,MA401C2500,MA401C2500,79.5,0.0,0.0,0.0,7,78.5,80.0,37,83.0,81.5,82.0,79.5,22.0,1749.0,50
2023-05-10 21:54:06,MA401C2500,MA401C2500,79.5,0.0,0.0,0.0,7,78.5,79.5,20,83.0,81.5,82.0,79.5,22.0,1749.0,50
2023-05-10 21:54:08,MA401C2500,MA401C2500,79.5,0.0,0.0,0.0,17,78.5,80.0,10,83.0,81.5,82.0,79.5,22.0,1749.0,50
2023-05-10 21:54:09,MA401C2500,MA401C2500,79.5,0.0,0.0,0.0,17,78.5,80.0,20,83.0,81.5,82.0,79.5,22.0,1749.0,50
2023-05-10 21:54:28,MA401C2500,MA401C2500,79.5,0.0,0.0,0.0,7,78.5,80.0,30,83.0,81.5,82.0,79.5,22.0,1749.0,50
2023-05-10 21:54:33,MA401C2500,MA401C2500,79.5,0.0,0.0,0.0,7,78.5,80.0,37,83.0,81.5,82.0,79.5,22.0,1749.0,50
2023-05-10 21:54:44,MA401C2500,MA401C2500,79.5,0.0,0.0,0.0,17,78.5,80.0,20,83.0,81.5,82.0,79.5,22.0,1749.0,50
2023-05-10 21:55:18,MA401C2500,MA401C2500,79.5,0.0,0.0,0.0,17,78.5,80.0,30,83.0,81.5,82.0,79.5,22.0,1749.0,50
2023-05-10 21:55:19,MA401C2500,MA401C2500,79.5,0.0,0.0,0.0,17,78.5,80.0,20,83.0,81.5,82.0,79.5,22.0,1749.0,50
2023-05-10 21:55:37,MA401C2500,MA401C2500,79.5,0.0,0.0,0.0,7,79.0,80.5,27,83.0,81.5,82.0,79.5,22.0,1749.0,50
2023-05-10 21:55:37,MA401C2500,MA401C2500,79.5,0.0,0.0,0.0,7,79.0,80.5,37,83.0,81.5,82.0,79.5,22.0,1749.0,50
2023-05-10 21:55:42,MA401C2500,MA401C2500,79.5,0.0,0.0,0.0,17,79.0,80.5,37,83.0,81.5,82.0,79.5,22.0,1749.0,50
2023-05-10 21:55:44,MA401C2500,MA401C2500,79.5,0.0,0.0,0.0,7,79.0,80.5,37,83.0,81.5,82.0,79.5,22.0,1749.0,50
2023-05-10 21:55:46,MA401C2500,MA401C2500,79.5,0.0,0.0,0.0,17,79.0,80.5,37,83.0,81.5,82.0,79.5,22.0,1749.0,50
2023-05-10 21:55:47,MA401C2500,MA401C2500,79.5,0.0,0.0,0.0,7,79.0,80.5,37,83.0,81.5,82.0,79.5,22.0,1749.0,50
2023-05-10 21:55:47,MA401C2500,MA401C2500,79.5,0.0,0.0,0.0,17,79.0,80.5,37,83.0,81.5,82.0,79.5,22.0,1749.0,50
2023-05-10 21:56:03,MA401C2500,MA401C2500,79.5,0.0,0.0,0.0,17,79.0,80.5,27,83.0,81.5,82.0,79.5,22.0,1749.0,50
2023-05-10 21:56:27,MA401C2500,MA401C2500,79.5,0.0,0.0,0.0,17,79.0,80.5,37,83.0,81.5,82.0,79.5,22.0,1749.0,50
2023-05-10 21:56:27,MA401C2500,MA401C2500,79.5,0.0,0.0,0.0,17,79.0,80.5,27,83.0,81.5,82.0,79.5,22.0,1749.0,50
2023-05-10 21:56:28,MA401C2500,MA401C2500,79.5,0.0,0.0,0.0,17,79.0,80.5,37,83.0,81.5,82.0,79.5,22.0,1749.0,50
2023-05-10 21:57:02,MA401C2500,MA401C2500,79.5,0.0,0.0,0.0,7,79.0,80.5,37,83.0,81.5,82.0,79.5,22.0,1749.0,50
2023-05-10 21:57:05,MA401C2500,MA401C2500,79.5,0.0,0.0,0.0,17,79.0,80.5,37,83.0,81.5,82.0,79.5,22.0,1749.0,50
2023-05-10 21:57:05,MA401C2500,MA401C2500,79.5,0.0,0.0,0.0,7,79.0,80.5,37,83.0,81.5,82.0,79.5,22.0,1749.0,50
2023-05-10 21:57:06,MA401C2500,MA401C2500,79.5,0.0,0.0,0.0,17,79.0,80.5,37,83.0,81.5,82.0,79.5,22.0,1749.0,50
2023-05-10 21:57:06,MA401C2500,MA401C2500,79.5,0.0,0.0,0.0,7,79.0,80.5,37,83.0,81.5,82.0,79.5,22.0,1749.0,50
2023-05-10 21:57:10,MA401C2500,MA401C2500,79.5,0.0,0.0,0.0,17,79.0,80.5,37,83.0,81.5,82.0,79.5,22.0,1749.0,50
2023-05-10 21:57:10,MA401C2500,MA401C2500,79.5,0.0,0.0,0.0,7,79.0,80.5,37,83.0,81.5,82.0,79.5,22.0,1749.0,50
2023-05-10 21:57:36,MA401C2500,MA401C2500,79.5,0.0,0.0,0.0,17,79.0,80.5,37,83.0,81.5,82.0,79.5,22.0,1749.0,50
2023-05-10 21:57:36,MA401C2500,MA401C2500,79.5,0.0,0.0,0.0,7,79.0,80.5,37,83.0,81.5,82.0,79.5,22.0,1749.0,50
2023-05-10 21:57:37,MA401C2500,MA401C2500,79.5,0.0,0.0,0.0,17,79.0,80.5,37,83.0,81.5,82.0,79.5,22.0,1749.0,50
2023-05-10 21:57:39,MA401C2500,MA401C2500,79.5,0.0,0.0,0.0,7,79.0,80.5,37,83.0,81.5,82.0,79.5,22.0,1749.0,50
2023-05-10 21:57:40,MA401C2500,MA401C2500,79.5,0.0,0.0,0.0,17,79.0,80.5,37,83.0,81.5,82.0,79.5,22.0,1749.0,50
2023-05-10 21:57:40,MA401C2500,MA401C2500,79.5,0.0,0.0,0.0,7,79.0,80.5,37,83.0,81.5,82.0,79.5,22.0,1749.0,50
2023-05-10 21:57:48,MA401C2500,MA401C2500,79.5,0.0,0.0,0.0,17,79.0,80.5,37,83.0,81.5,82.0,79.5,22.0,1749.0,50
2023-05-10 21:57:50,MA401C2500,MA401C2500,79.5,0.0,0.0,0.0,17,79.0,80.5,27,83.0,81.5,82.0,79.5,22.0,1749.0,50
2023-05-10 21:57:54,MA401C2500,MA401C2500,79.5,0.0,0.0,0.0,17,79.0,80.5,37,83.0,81.5,82.0,79.5,22.0,1749.0,50
2023-05-10 21:57:56,MA401C2500,MA401C2500,79.5,0.0,0.0,0.0,7,79.0,80.5,37,83.0,81.5,82.0,79.5,22.0,1749.0,50
2023-05-10 21:58:11,MA401C2500,MA401C2500,79.5,0.0,0.0,0.0,7,79.0,80.0,10,83.0,81.5,82.0,79.5,22.0,1749.0,50
2023-05-10 21:58:11,MA401C2500,MA401C2500,79.5,0.0,0.0,0.0,7,79.0,80.0,20,83.0,81.5,82.0,79.5,22.0,1749.0,50
2023-05-10 21:58:18,MA401C2500,MA401C2500,79.5,0.0,0.0,0.0,17,78.5,80.0,30,83.0,81.5,82.0,79.5,22.0,1749.0,50
2023-05-10 21:58:18,MA401C2500,MA401C2500,79.5,0.0,0.0,0.0,7,78.5,80.0,30,83.0,81.5,82.0,79.5,22.0,1749.0,50
2023-05-10 21:58:29,MA401C2500,MA401C2500,79.5,0.0,0.0,0.0,7,78.5,79.5,10,83.0,81.5,82.0,79.5,22.0,1749.0,50
2023-05-10 21:58:54,MA401C2500,MA401C2500,79.5,0.0,0.0,0.0,7,78.5,80.0,27,83.0,81.5,82.0,79.5,22.0,1749.0,50
2023-05-10 21:58:54,MA401C2500,MA401C2500,79.5,0.0,0.0,0.0,7,78.5,79.5,10,83.0,81.5,82.0,79.5,22.0,1749.0,50
2023-05-10 21:58:56,MA401C2500,MA401C2500,79.5,0.0,0.0,0.0,7,78.5,79.5,20,83.0,81.5,82.0,79.5,22.0,1749.0,50
2023-05-10 21:59:08,MA401C2500,MA401C2500,79.5,0.0,0.0,0.0,30,77.5,79.5,30,83.0,81.5,82.0,79.5,22.0,1749.0,50
2023-05-10 21:59:08,MA401C2500,MA401C2500,79.5,0.0,0.0,0.0,20,77.5,79.5,30,83.0,81.5,82.0,79.5,22.0,1749.0,50
2023-05-10 21:59:09,MA401C2500,MA401C2500,79.5,0.0,0.0,0.0,20,77.5,79.0,20,83.0,81.5,82.0,79.5,22.0,1749.0,50
2023-05-10 21:59:10,MA401C2500,MA401C2500,79.5,0.0,0.0,0.0,27,77.5,79.0,20,83.0,81.5,82.0,79.5,22.0,1749.0,50
2023-05-10 21:59:11,MA401C2500,MA401C2500,79.5,0.0,0.0,0.0,17,77.5,79.0,20,83.0,81.5,82.0,79.5,22.0,1749.0,50
2023-05-10 21:59:12,MA401C2500,MA401C2500,79.5,0.0,0.0,0.0,27,77.5,79.0,20,83.0,81.5,82.0,79.5,22.0,1749.0,50
2023-05-10 21:59:13,MA401C2500,MA401C2500,79.5,0.0,0.0,0.0,7,77.5,79.0,20,83.0,81.5,82.0,79.5,22.0,1749.0,50
2023-05-10 21:59:14,MA401C2500,MA401C2500,79.5,0.0,0.0,0.0,7,77.5,78.5,10,83.0,81.5,82.0,79.5,22.0,1749.0,50
2023-05-10 21:59:14,MA401C2500,MA401C2500,79.5,0.0,0.0,0.0,7,77.5,78.5,20,83.0,81.5,82.0,79.5,22.0,1749.0,50
2023-05-10 21:59:23,MA401C2500,MA401C2500,79.5,0.0,0.0,0.0,7,77.5,78.5,10,83.0,81.5,82.0,79.5,22.0,1749.0,50
2023-05-10 21:59:24,MA401C2500,MA401C2500,79.5,0.0,0.0,0.0,7,77.5,79.0,37,83.0,81.5,82.0,79.5,22.0,1749.0,50
2023-05-10 21:59:24,MA401C2500,MA401C2500,79.5,0.0,0.0,0.0,7,77.5,78.5,20,83.0,81.5,82.0,79.5,22.0,1749.0,50
2023-05-10 21:59:28,MA401C2500,MA401C2500,79.5,0.0,0.0,0.0,17,77.5,78.5,10,83.0,81.5,82.0,79.5,22.0,1749.0,50
2023-05-10 21:59:29,MA401C2500,MA401C2500,79.5,0.0,0.0,0.0,17,77.5,79.0,30,83.0,81.5,82.0,79.5,22.0,1749.0,50
2023-05-10 21:59:31,MA401C2500,MA401C2500,79.5,0.0,0.0,0.0,7,77.5,78.5,10,83.0,81.5,82.0,79.5,22.0,1749.0,50
2023-05-10 21:59:31,MA401C2500,MA401C2500,79.5,0.0,0.0,0.0,7,77.5,79.0,20,83.0,81.5,82.0,79.5,22.0,1749.0,50
2023-05-10 21:59:32,MA401C2500,MA401C2500,79.5,0.0,0.0,0.0,7,77.5,78.5,10,83.0,81.5,82.0,79.5,22.0,1749.0,50
2023-05-10 21:59:33,MA401C2500,MA401C2500,79.5,0.0,0.0,0.0,7,77.5,79.0,10,83.0,81.5,82.0,79.5,22.0,1749.0,50
2023-05-10 21:59:33,MA401C2500,MA401C2500,79.5,0.0,0.0,0.0,7,77.5,79.0,20,83.0,81.5,82.0,79.5,22.0,1749.0,50
2023-05-10 21:59:34,MA401C2500,MA401C2500,79.5,0.0,0.0,0.0,7,77.5,78.5,10,83.0,81.5,82.0,79.5,22.0,1749.0,50
2023-05-10 21:59:34,MA401C2500,MA401C2500,79.5,0.0,0.0,0.0,7,77.5,79.0,10,83.0,81.5,82.0,79.5,22.0,1749.0,50
2023-05-10 21:59:35,MA401C2500,MA401C2500,79.5,0.0,0.0,0.0,7,77.5,79.0,17,83.0,81.5,82.0,79.5,22.0,1749.0,50
2023-05-10 21:59:35,MA401C2500,MA401C2500,79.5,0.0,0.0,0.0,7,77.5,79.0,27,83.0,81.5,82.0,79.5,22.0,1749.0,50
2023-05-10 21:59:36,MA401C2500,MA401C2500,79.5,0.0,0.0,0.0,7,77.5,78.5,10,83.0,81.5,82.0,79.5,22.0,1749.0,50
2023-05-10 21:59:41,MA401C2500,MA401C2500,79.5,0.0,0.0,0.0,7,77.5,79.0,17,83.0,81.5,82.0,79.5,22.0,1749.0,50
2023-05-10 21:59:41,MA401C2500,MA401C2500,79.5,0.0,0.0,0.0,7,77.5,79.0,27,83.0,81.5,82.0,79.5,22.0,1749.0,50
2023-05-10 21:59:42,MA401C2500,MA401C2500,79.5,0.0,0.0,0.0,17,77.5,78.5,10,83.0,81.5,82.0,79.5,22.0,1749.0,50
2023-05-10 21:59:42,MA401C2500,MA401C2500,79.5,0.0,0.0,0.0,27,77.5,79.0,17,83.0,81.5,82.0,79.5,22.0,1749.0,50
2023-05-10 21:59:52,MA401C2500,MA401C2500,79.5,0.0,0.0,0.0,27,77.5,79.0,27,83.0,81.5,82.0,79.5,22.0,1749.0,50
2023-05-10 21:59:58,MA401C2500,MA401C2500,79.5,0.0,0.0,0.0,27,77.5,79.0,10,83.0,81.5,82.0,79.5,22.0,1749.0,50
2023-05-10 21:59:59,MA401C2500,MA401C2500,79.5,0.0,0.0,0.0,27,77.5,79.5,27,83.0,81.5,82.0,79.5,22.0,1749.0,50
2023-05-10 22:00:00,MA401C2500,MA401C2500,79.5,0.0,0.0,0.0,27,77.5,79.0,10,83.0,81.5,82.0,79.5,22.0,1749.0,50
2023-05-10 22:00:00,MA401C2500,MA401C2500,79.5,0.0,0.0,0.0,27,77.5,79.0,20,83.0,81.5,82.0,79.5,22.0,1749.0,50
2023-05-10 22:00:01,MA401C2500,MA401C2500,79.5,0.0,0.0,0.0,27,77.5,79.0,10,83.0,81.5,82.0,79.5,22.0,1749.0,50
2023-05-10 22:00:02,MA401C2500,MA401C2500,79.5,0.0,0.0,0.0,27,77.5,79.5,27,83.0,81.5,82.0,79.5,22.0,1749.0,50
2023-05-10 22:00:02,MA401C2500,MA401C2500,79.5,0.0,0.0,0.0,7,78.0,79.5,27,83.0,81.5,82.0,79.5,22.0,1749.0,50
2023-05-10 22:00:03,MA401C2500,MA401C2500,79.5,0.0,0.0,0.0,17,78.0,79.5,10,83.0,81.5,82.0,79.5,22.0,1749.0,50
2023-05-10 22:00:03,MA401C2500,MA401C2500,79.5,0.0,0.0,0.0,17,78.0,80.0,10,83.0,81.5,82.0,79.5,22.0,1749.0,50
2023-05-10 22:00:04,MA401C2500,MA401C2500,79.5,0.0,0.0,0.0,17,78.0,80.0,17,83.0,81.5,82.0,79.5,22.0,1749.0,50
2023-05-10 22:00:08,MA401C2500,MA401C2500,79.5,0.0,0.0,0.0,17,78.0,79.5,10,83.0,81.5,82.0,79.5,22.0,1749.0,50
2023-05-10 22:00:13,MA401C2500,MA401C2500,79.5,0.0,0.0,0.0,27,78.0,80.0,27,83.0,81.5,82.0,79.5,22.0,1749.0,50
2023-05-10 22:00:13,MA401C2500,MA401C2500,79.5,0.0,0.0,0.0,17,78.0,80.0,17,83.0,81.5,82.0,79.5,22.0,1749.0,50
2023-05-10 22:00:16,MA401C2500,MA401C2500,79.5,0.0,0.0,0.0,7,78.5,80.0,27,83.0,81.5,82.0,79.5,22.0,1749.0,50
2023-05-10 22:00:22,MA401C2500,MA401C2500,79.5,0.0,0.0,0.0,17,78.5,80.0,27,83.0,81.5,82.0,79.5,22.0,1749.0,50
2023-05-10 22:00:22,MA401C2500,MA401C2500,79.5,0.0,0.0,0.0,17,78.5,80.0,17,83.0,81.5,82.0,79.5,22.0,1749.0,50
2023-05-10 22:00:24,MA401C2500,MA401C2500,79.5,0.0,0.0,0.0,27,78.5,80.0,17,83.0,81.5,82.0,79.5,22.0,1749.0,50
2023-05-10 22:00:25,MA401C2500,MA401C2500,79.5,0.0,0.0,0.0,17,78.5,80.0,17,83.0,81.5,82.0,79.5,22.0,1749.0,50
2023-05-10 22:00:25,MA401C2500,MA401C2500,79.5,0.0,0.0,0.0,27,78.5,80.5,20,83.0,81.5,82.0,79.5,22.0,1749.0,50
2023-05-10 22:00:26,MA401C2500,MA401C2500,79.5,0.0,0.0,0.0,17,78.5,80.5,10,83.0,81.5,82.0,79.5,22.0,1749.0,50
2023-05-10 22:00:27,MA401C2500,MA401C2500,79.5,0.0,0.0,0.0,17,79.0,80.5,10,83.0,81.5,82.0,79.5,22.0,1749.0,50
2023-05-10 22:00:29,MA401C2500,MA401C2500,79.5,0.0,0.0,0.0,17,79.0,80.5,20,83.0,81.5,82.0,79.5,22.0,1749.0,50
2023-05-10 22:00:29,MA401C2500,MA401C2500,79.5,0.0,0.0,0.0,17,79.0,80.5,10,83.0,81.5,82.0,79.5,22.0,1749.0,50
2023-05-10 22:00:30,MA401C2500,MA401C2500,79.5,0.0,0.0,0.0,17,79.0,80.5,20,83.0,81.5,82.0,79.5,22.0,1749.0,50
2023-05-10 22:00:31,MA401C2500,MA401C2500,79.5,0.0,0.0,0.0,17,79.0,80.5,10,83.0,81.5,82.0,79.5,22.0,1749.0,50
2023-05-10 22:00:33,MA401C2500,MA401C2500,79.5,0.0,0.0,0.0,7,79.0,80.0,10,83.0,81.5,82.0,79.5,22.0,1749.0,50
2023-05-10 22:00:34,MA401C2500,MA401C2500,79.5,0.0,0.0,0.0,7,79.0,80.5,20,83.0,81.5,82.0,79.5,22.0,1749.0,50
2023-05-10 22:00:35,MA401C2500,MA401C2500,79.5,0.0,0.0,0.0,7,79.0,80.0,10,83.0,81.5,82.0,79.5,22.0,1749.0,50
2023-05-10 22:00:36,MA401C2500,MA401C2500,79.5,0.0,0.0,0.0,7,79.0,80.5,10,83.0,81.5,82.0,79.5,22.0,1749.0,50
2023-05-10 22:00:36,MA401C2500,MA401C2500,79.5,0.0,0.0,0.0,7,79.0,80.5,20,83.0,81.5,82.0,79.5,22.0,1749.0,50
2023-05-10 22:00:39,MA401C2500,MA401C2500,79.5,0.0,0.0,0.0,7,79.5,80.5,10,83.0,81.5,82.0,79.5,22.0,1749.0,50
2023-05-10 22:00:40,MA401C2500,MA401C2500,79.5,0.0,0.0,0.0,7,79.5,81.0,17,83.0,81.5,82.0,79.5,22.0,1749.0,50
2023-05-10 22:00:42,MA401C2500,MA401C2500,79.5,0.0,0.0,0.0,7,79.5,80.5,10,83.0,81.5,82.0,79.5,22.0,1749.0,50
2023-05-10 22:00:43,MA401C2500,MA401C2500,79.5,0.0,0.0,0.0,7,79.5,81.0,17,83.0,81.5,82.0,79.5,22.0,1749.0,50
2023-05-10 22:00:44,MA401C2500,MA401C2500,79.5,0.0,0.0,0.0,7,79.5,80.5,10,83.0,81.5,82.0,79.5,22.0,1749.0,50
2023-05-10 22:00:44,MA401C2500,MA401C2500,79.5,0.0,0.0,0.0,7,79.5,81.0,27,83.0,81.5,82.0,79.5,22.0,1749.0,50
2023-05-10 22:00:46,MA401C2500,MA401C2500,79.5,0.0,0.0,0.0,7,79.5,81.0,10,83.0,81.5,82.0,79.5,22.0,1749.0,50
2023-05-10 22:00:47,MA401C2500,MA401C2500,79.5,0.0,0.0,0.0,17,79.5,81.0,10,83.0,81.5,82.0,79.5,22.0,1749.0,50
2023-05-10 22:00:49,MA401C2500,MA401C2500,79.5,0.0,0.0,0.0,17,79.5,81.5,17,83.0,81.5,82.0,79.5,22.0,1749.0,50
2023-05-10 22:00:49,MA401C2500,MA401C2500,79.5,0.0,0.0,0.0,17,79.5,81.0,10,83.0,81.5,82.0,79.5,22.0,1749.0,50
2023-05-10 22:00:52,MA401C2500,MA401C2500,79.5,0.0,0.0,0.0,27,79.5,81.0,10,83.0,81.5,82.0,79.5,22.0,1749.0,50
2023-05-10 22:00:55,MA401C2500,MA401C2500,79.5,0.0,0.0,0.0,27,79.5,81.0,20,83.0,81.5,82.0,79.5,22.0,1749.0,50
2023-05-10 22:00:55,MA401C2500,MA401C2500,79.5,0.0,0.0,0.0,17,79.5,81.0,20,83.0,81.5,82.0,79.5,22.0,1749.0,50
2023-05-10 22:00:57,MA401C2500,MA401C2500,79.5,0.0,0.0,0.0,17,79.5,81.0,10,83.0,81.5,82.0,79.5,22.0,1749.0,50
2023-05-10 22:00:58,MA401C2500,MA401C2500,79.5,0.0,0.0,0.0,27,79.5,81.5,27,83.0,81.5,82.0,79.5,22.0,1749.0,50
2023-05-10 22:00:58,MA401C2500,MA401C2500,79.5,0.0,0.0,0.0,27,79.5,81.5,37,83.0,81.5,82.0,79.5,22.0,1749.0,50
2023-05-10 22:01:01,MA401C2500,MA401C2500,79.5,0.0,0.0,0.0,27,79.5,81.0,10,83.0,81.5,82.0,79.5,22.0,1749.0,50
2023-05-10 22:01:01,MA401C2500,MA401C2500,79.5,0.0,0.0,0.0,27,79.5,81.0,20,83.0,81.5,82.0,79.5,22.0,1749.0,50
2023-05-10 22:01:02,MA401C2500,MA401C2500,79.5,0.0,0.0,0.0,17,79.5,81.0,30,83.0,81.5,82.0,79.5,22.0,1749.0,50
2023-05-10 22:01:02,MA401C2500,MA401C2500,79.5,0.0,0.0,0.0,7,79.5,81.0,30,83.0,81.5,82.0,79.5,22.0,1749.0,50
2023-05-10 22:01:03,MA401C2500,MA401C2500,79.5,0.0,0.0,0.0,7,79.5,81.0,37,83.0,81.5,82.0,79.5,22.0,1749.0,50
2023-05-10 22:01:07,MA401C2500,MA401C2500,79.5,0.0,0.0,0.0,7,79.5,80.5,20,83.0,81.5,82.0,79.5,22.0,1749.0,50
2023-05-10 22:01:09,MA401C2500,MA401C2500,79.5,0.0,0.0,0.0,7,79.5,81.0,27,83.0,81.5,82.0,79.5,22.0,1749.0,50
2023-05-10 22:01:09,MA401C2500,MA401C2500,79.5,0.0,0.0,0.0,7,79.5,81.0,37,83.0,81.5,82.0,79.5,22.0,1749.0,50
2023-05-10 22:01:10,MA401C2500,MA401C2500,79.5,0.0,0.0,0.0,7,79.5,80.5,10,83.0,81.5,82.0,79.5,22.0,1749.0,50
2023-05-10 22:01:12,MA401C2500,MA401C2500,79.5,0.0,0.0,0.0,7,79.5,81.0,37,83.0,81.5,82.0,79.5,22.0,1749.0,50
2023-05-10 22:01:12,MA401C2500,MA401C2500,79.5,0.0,0.0,0.0,7,79.5,81.0,27,83.0,81.5,82.0,79.5,22.0,1749.0,50
2023-05-10 22:01:13,MA401C2500,MA401C2500,79.5,0.0,0.0,0.0,7,79.5,80.5,20,83.0,81.5,82.0,79.5,22.0,1749.0,50
2023-05-10 22:01:20,MA401C2500,MA401C2500,79.5,0.0,0.0,0.0,7,79.5,80.5,10,83.0,81.5,82.0,79.5,22.0,1749.0,50
2023-05-10 22:01:20,MA401C2500,MA401C2500,79.5,0.0,0.0,0.0,7,79.5,80.5,20,83.0,81.5,82.0,79.5,22.0,1749.0,50
2023-05-10 22:01:21,MA401C2500,MA401C2500,79.5,0.0,0.0,0.0,17,79.5,80.5,10,83.0,81.5,82.0,79.5,22.0,1749.0,50
2023-05-10 22:01:22,MA401C2500,MA401C2500,79.5,0.0,0.0,0.0,17,79.5,81.0,37,83.0,81.5,82.0,79.5,22.0,1749.0,50
2023-05-10 22:01:27,MA401C2500,MA401C2500,79.5,0.0,0.0,0.0,7,79.5,81.0,37,83.0,81.5,82.0,79.5,22.0,1749.0,50
2023-05-10 22:01:34,MA401C2500,MA401C2500,79.5,0.0,0.0,0.0,7,79.5,81.0,27,83.0,81.5,82.0,79.5,22.0,1749.0,50
2023-05-10 22:01:34,MA401C2500,MA401C2500,79.5,0.0,0.0,0.0,17,79.5,81.0,37,83.0,81.5,82.0,79.5,22.0,1749.0,50
2023-05-10 22:01:39,MA401C2500,MA401C2500,79.5,0.0,0.0,0.0,7,79.5,81.0,37,83.0,81.5,82.0,79.5,22.0,1749.0,50
2023-05-10 22:01:41,MA401C2500,MA401C2500,79.5,0.0,0.0,0.0,7,79.5,80.5,10,83.0,81.5,82.0,79.5,22.0,1749.0,50
2023-05-10 22:01:42,MA401C2500,MA401C2500,79.5,0.0,0.0,0.0,7,79.5,81.0,37,83.0,81.5,82.0,79.5,22.0,1749.0,50
2023-05-10 22:01:42,MA401C2500,MA401C2500,79.5,0.0,0.0,0.0,7,79.5,80.5,10,83.0,81.5,82.0,79.5,22.0,1749.0,50
2023-05-10 22:01:43,MA401C2500,MA401C2500,79.5,0.0,0.0,0.0,7,79.5,81.0,37,83.0,81.5,82.0,79.5,22.0,1749.0,50
2023-05-10 22:01:43,MA401C2500,MA401C2500,79.5,0.0,0.0,0.0,7,79.5,81.0,27,83.0,81.5,82.0,79.5,22.0,1749.0,50
2023-05-10 22:01:44,MA401C2500,MA401C2500,79.5,0.0,0.0,0.0,7,79.5,80.5,10,83.0,81.5,82.0,79.5,22.0,1749.0,50
2023-05-10 22:01:44,MA401C2500,MA401C2500,79.5,0.0,0.0,0.0,7,79.5,81.0,37,83.0,81.5,82.0,79.5,22.0,1749.0,50
2023-05-10 22:01:45,MA401C2500,MA401C2500,79.5,0.0,0.0,0.0,7,79.5,81.0,27,83.0,81.5,82.0,79.5,22.0,1749.0,50
2023-05-10 22:01:45,MA401C2500,MA401C2500,79.5,0.0,0.0,0.0,7,79.5,81.0,37,83.0,81.5,82.0,79.5,22.0,1749.0,50
2023-05-10 22:01:46,MA401C2500,MA401C2500,79.5,0.0,0.0,0.0,7,79.5,80.5,20,83.0,81.5,82.0,79.5,22.0,1749.0,50
2023-05-10 22:01:52,MA401C2500,MA401C2500,79.5,0.0,0.0,0.0,27,79.0,80.5,20,83.0,81.5,82.0,79.5,22.0,1749.0,50
2023-05-10 22:02:01,MA401C2500,MA401C2500,79.5,0.0,0.0,0.0,27,79.0,80.5,10,83.0,81.5,82.0,79.5,22.0,1749.0,50
2023-05-10 22:02:01,MA401C2500,MA401C2500,79.5,0.0,0.0,0.0,27,79.0,81.0,37,83.0,81.5,82.0,79.5,22.0,1749.0,50
2023-05-10 22:02:04,MA401C2500,MA401C2500,79.5,0.0,0.0,0.0,27,79.0,80.5,20,83.0,81.5,82.0,79.5,22.0,1749.0,50
2023-05-10 22:02:13,MA401C2500,MA401C2500,79.5,0.0,0.0,0.0,27,79.0,81.0,27,83.0,81.5,82.0,79.5,22.0,1749.0,50
2023-05-10 22:02:13,MA401C2500,MA401C2500,79.5,0.0,0.0,0.0,27,79.0,81.0,37,83.0,81.5,82.0,79.5,22.0,1749.0,50
2023-05-10 22:02:25,MA401C2500,MA401C2500,79.5,0.0,0.0,0.0,7,79.5,81.0,37,83.0,81.5,82.0,79.5,22.0,1749.0,50
2023-05-10 22:02:32,MA401C2500,MA401C2500,79.5,0.0,0.0,0.0,7,79.5,80.5,10,83.0,81.5,82.0,79.5,22.0,1749.0,50
2023-05-10 22:02:32,MA401C2500,MA401C2500,79.5,0.0,0.0,0.0,7,79.5,80.5,20,83.0,81.5,82.0,79.5,22.0,1749.0,50
2023-05-10 22:02:43,MA401C2500,MA401C2500,79.5,0.0,0.0,0.0,7,79.5,81.0,27,83.0,81.5,82.0,79.5,22.0,1749.0,50
2023-05-10 22:02:43,MA401C2500,MA401C2500,79.5,0.0,0.0,0.0,7,79.5,81.0,37,83.0,81.5,82.0,79.5,22.0,1749.0,50
2023-05-10 22:02:52,MA401C2500,MA401C2500,79.5,0.0,0.0,0.0,7,79.5,80.5,10,83.0,81.5,82.0,79.5,22.0,1749.0,50
2023-05-10 22:02:52,MA401C2500,MA401C2500,79.5,0.0,0.0,0.0,7,79.5,81.0,37,83.0,81.5,82.0,79.5,22.0,1749.0,50
2023-05-10 22:02:55,MA401C2500,MA401C2500,79.5,0.0,0.0,0.0,7,79.5,80.5,10,83.0,81.5,82.0,79.5,22.0,1749.0,50
2023-05-10 22:02:55,MA401C2500,MA401C2500,79.5,0.0,0.0,0.0,7,79.5,80.5,20,83.0,81.5,82.0,79.5,22.0,1749.0,50
2023-05-10 22:02:58,MA401C2500,MA401C2500,79.5,0.0,0.0,0.0,7,79.5,80.5,10,83.0,81.5,82.0,79.5,22.0,1749.0,50
2023-05-10 22:02:58,MA401C2500,MA401C2500,79.5,0.0,0.0,0.0,7,79.5,81.0,37,83.0,81.5,82.0,79.5,22.0,1749.0,50
2023-05-10 22:02:59,MA401C2500,MA401C2500,79.5,0.0,0.0,0.0,7,79.5,81.0,27,83.0,81.5,82.0,79.5,22.0,1749.0,50
2023-05-10 22:02:59,MA401C2500,MA401C2500,79.5,0.0,0.0,0.0,7,79.5,81.0,37,83.0,81.5,82.0,79.5,22.0,1749.0,50
2023-05-10 22:03:00,MA401C2500,MA401C2500,79.5,0.0,0.0,0.0,7,79.5,80.5,20,83.0,81.5,82.0,79.5,22.0,1749.0,50
2023-05-10 22:03:03,MA401C2500,MA401C2500,79.5,0.0,0.0,0.0,27,79.0,80.5,20,83.0,81.5,82.0,79.5,22.0,1749.0,50
2023-05-10 22:03:08,MA401C2500,MA401C2500,79.5,0.0,0.0,0.0,7,79.0,80.5,30,83.0,81.5,82.0,79.5,22.0,1749.0,50
2023-05-10 22:03:09,MA401C2500,MA401C2500,79.5,0.0,0.0,0.0,17,79.0,80.5,30,83.0,81.5,82.0,79.5,22.0,1749.0,50
2023-05-10 22:03:12,MA401C2500,MA401C2500,79.5,0.0,0.0,0.0,7,79.0,80.5,30,83.0,81.5,82.0,79.5,22.0,1749.0,50
2023-05-10 22:03:13,MA401C2500,MA401C2500,79.5,0.0,0.0,0.0,17,79.0,80.5,30,83.0,81.5,82.0,79.5,22.0,1749.0,50
2023-05-10 22:03:20,MA401C2500,MA401C2500,79.5,0.0,0.0,0.0,7,79.0,80.5,30,83.0,81.5,82.0,79.5,22.0,1749.0,50
2023-05-10 22:03:20,MA401C2500,MA401C2500,79.5,0.0,0.0,0.0,7,79.0,80.5,37,83.0,81.5,82.0,79.5,22.0,1749.0,50
2023-05-10 22:03:21,MA401C2500,MA401C2500,79.5,0.0,0.0,0.0,7,79.0,80.5,27,83.0,81.5,82.0,79.5,22.0,1749.0,50
2023-05-10 22:03:21,MA401C2500,MA401C2500,79.5,0.0,0.0,0.0,7,79.0,80.5,37,83.0,81.5,82.0,79.5,22.0,1749.0,50
2023-05-10 22:03:22,MA401C2500,MA401C2500,79.5,0.0,0.0,0.0,7,79.0,80.0,20,83.0,81.5,82.0,79.5,22.0,1749.0,50
2023-05-10 22:03:45,MA401C2500,MA401C2500,79.5,0.0,0.0,0.0,7,79.0,80.5,27,83.0,81.5,82.0,79.5,22.0,1749.0,50
2023-05-10 22:03:45,MA401C2500,MA401C2500,79.5,0.0,0.0,0.0,7,79.0,80.5,37,83.0,81.5,82.0,79.5,22.0,1749.0,50
2023-05-10 22:03:47,MA401C2500,MA401C2500,79.5,0.0,0.0,0.0,7,79.0,80.0,10,83.0,81.5,82.0,79.5,22.0,1749.0,50
2023-05-10 22:03:47,MA401C2500,MA401C2500,79.5,0.0,0.0,0.0,7,79.0,80.0,20,83.0,81.5,82.0,79.5,22.0,1749.0,50
2023-05-10 22:03:48,MA401C2500,MA401C2500,79.5,0.0,0.0,0.0,30,78.5,80.0,20,83.0,81.5,82.0,79.5,22.0,1749.0,50
2023-05-10 22:03:48,MA401C2500,MA401C2500,79.5,0.0,0.0,0.0,20,78.5,80.0,20,83.0,81.5,82.0,79.5,22.0,1749.0,50
2023-05-10 22:03:57,MA401C2500,MA401C2500,79.5,0.0,0.0,0.0,20,78.5,80.0,27,83.0,81.5,82.0,79.5,22.0,1749.0,50
2023-05-10 22:03:59,MA401C2500,MA401C2500,79.5,0.0,0.0,0.0,27,78.5,80.0,27,83.0,81.5,82.0,79.5,22.0,1749.0,50
2023-05-10 22:04:07,MA401C2500,MA401C2500,79.5,0.0,0.0,0.0,17,78.5,80.0,27,83.0,81.5,82.0,79.5,22.0,1749.0,50
2023-05-10 22:04:08,MA401C2500,MA401C2500,79.5,0.0,0.0,0.0,27,78.5,80.0,20,83.0,81.5,82.0,79.5,22.0,1749.0,50
2023-05-10 22:04:13,MA401C2500,MA401C2500,79.5,0.0,0.0,0.0,17,78.5,80.0,20,83.0,81.5,82.0,79.5,22.0,1749.0,50
2023-05-10 22:04:22,MA401C2500,MA401C2500,79.5,0.0,0.0,0.0,27,78.5,80.0,20,83.0,81.5,82.0,79.5,22.0,1749.0,50
2023-05-10 22:04:29,MA401C2500,MA401C2500,79.5,0.0,0.0,0.0,17,78.5,80.0,30,83.0,81.5,82.0,79.5,22.0,1749.0,50
2023-05-10 22:04:36,MA401C2500,MA401C2500,79.5,0.0,0.0,0.0,7,78.5,80.0,30,83.0,81.5,82.0,79.5,22.0,1749.0,50
2023-05-10 22:04:39,MA401C2500,MA401C2500,79.5,0.0,0.0,0.0,17,78.5,80.0,30,83.0,81.5,82.0,79.5,22.0,1749.0,50
2023-05-10 22:04:43,MA401C2500,MA401C2500,79.5,0.0,0.0,0.0,7,78.5,80.0,30,83.0,81.5,82.0,79.5,22.0,1749.0,50
2023-05-10 22:04:45,MA401C2500,MA401C2500,79.5,0.0,0.0,0.0,17,78.5,80.0,30,83.0,81.5,82.0,79.5,22.0,1749.0,50
2023-05-10 22:04:48,MA401C2500,MA401C2500,79.5,0.0,0.0,0.0,7,78.5,80.0,30,83.0,81.5,82.0,79.5,22.0,1749.0,50
2023-05-10 22:04:57,MA401C2500,MA401C2500,79.5,0.0,0.0,0.0,17,78.5,80.0,30,83.0,81.5,82.0,79.5,22.0,1749.0,50
2023-05-10 22:04:58,MA401C2500,MA401C2500,79.5,0.0,0.0,0.0,7,78.5,80.0,30,83.0,81.5,82.0,79.5,22.0,1749.0,50
2023-05-10 22:05:03,MA401C2500,MA401C2500,79.5,0.0,0.0,0.0,7,78.5,79.5,20,83.0,81.5,82.0,79.5,22.0,1749.0,50
2023-05-10 22:05:24,MA401C2500,MA401C2500,79.5,0.0,0.0,0.0,7,78.5,79.5,10,83.0,81.5,82.0,79.5,22.0,1749.0,50
2023-05-10 22:05:25,MA401C2500,MA401C2500,79.5,0.0,0.0,0.0,7,78.5,79.5,20,83.0,81.5,82.0,79.5,22.0,1749.0,50
2023-05-10 22:05:43,MA401C2500,MA401C2500,79.5,0.0,0.0,0.0,27,78.0,79.5,20,83.0,81.5,82.0,79.5,22.0,1749.0,50
2023-05-10 22:05:43,MA401C2500,MA401C2500,79.5,0.0,0.0,0.0,7,78.0,79.5,30,83.0,81.5,82.0,79.5,22.0,1749.0,50
2023-05-10 22:05:44,MA401C2500,MA401C2500,79.5,0.0,0.0,0.0,17,78.0,79.5,30,83.0,81.5,82.0,79.5,22.0,1749.0,50
2023-05-10 22:05:45,MA401C2500,MA401C2500,79.5,0.0,0.0,0.0,17,78.0,79.5,37,83.0,81.5,82.0,79.5,22.0,1749.0,50
2023-05-10 22:05:45,MA401C2500,MA401C2500,79.5,0.0,0.0,0.0,7,78.0,79.5,37,83.0,81.5,82.0,79.5,22.0,1749.0,50
2023-05-10 22:05:46,MA401C2500,MA401C2500,79.5,0.0,0.0,0.0,17,78.0,79.5,37,83.0,81.5,82.0,79.5,22.0,1749.0,50
2023-05-10 22:05:49,MA401C2500,MA401C2500,79.5,0.0,0.0,0.0,27,78.0,79.5,27,83.0,81.5,82.0,79.5,22.0,1749.0,50
2023-05-10 22:05:52,MA401C2500,MA401C2500,79.5,0.0,0.0,0.0,27,78.0,79.5,37,83.0,81.5,82.0,79.5,22.0,1749.0,50
2023-05-10 22:05:54,MA401C2500,MA401C2500,79.5,0.0,0.0,0.0,17,78.0,79.5,37,83.0,81.5,82.0,79.5,22.0,1749.0,50
2023-05-10 22:05:57,MA401C2500,MA401C2500,79.5,0.0,0.0,0.0,7,78.5,79.5,30,83.0,81.5,82.0,79.5,22.0,1749.0,50
2023-05-10 22:05:58,MA401C2500,MA401C2500,79.5,0.0,0.0,0.0,7,78.5,79.5,20,83.0,81.5,82.0,79.5,22.0,1749.0,50
2023-05-10 22:06:00,MA401C2500,MA401C2500,79.5,0.0,0.0,0.0,7,78.5,79.5,10,83.0,81.5,82.0,79.5,22.0,1749.0,50
2023-05-10 22:06:00,MA401C2500,MA401C2500,79.5,0.0,0.0,0.0,7,78.5,80.0,37,83.0,81.5,82.0,79.5,22.0,1749.0,50
2023-05-10 22:06:21,MA401C2500,MA401C2500,79.5,0.0,0.0,0.0,7,78.5,80.0,30,83.0,81.5,82.0,79.5,22.0,1749.0,50
2023-05-10 22:06:22,MA401C2500,MA401C2500,79.5,0.0,0.0,0.0,17,78.5,80.0,30,83.0,81.5,82.0,79.5,22.0,1749.0,50
2023-05-10 22:06:25,MA401C2500,MA401C2500,79.5,0.0,0.0,0.0,27,78.5,80.0,20,83.0,81.5,82.0,79.5,22.0,1749.0,50
2023-05-10 22:06:29,MA401C2500,MA401C2500,79.5,0.0,0.0,0.0,7,79.0,80.0,20,83.0,81.5,82.0,79.5,22.0,1749.0,50
2023-05-10 22:06:54,MA401C2500,MA401C2500,79.5,0.0,0.0,0.0,7,79.0,80.0,30,83.0,81.5,82.0,79.5,22.0,1749.0,50
2023-05-10 22:07:01,MA401C2500,MA401C2500,79.5,0.0,0.0,0.0,7,79.0,80.0,20,83.0,81.5,82.0,79.5,22.0,1749.0,50
2023-05-10 22:07:08,MA401C2500,MA401C2500,79.5,0.0,0.0,0.0,7,79.0,80.0,10,83.0,81.5,82.0,79.5,22.0,1749.0,50
2023-05-10 22:07:15,MA401C2500,MA401C2500,79.5,0.0,0.0,0.0,17,79.0,80.5,20,83.0,81.5,82.0,79.5,22.0,1749.0,50
2023-05-10 22:07:16,MA401C2500,MA401C2500,79.5,0.0,0.0,0.0,17,79.0,80.5,30,83.0,81.5,82.0,79.5,22.0,1749.0,50
2023-05-10 22:07:16,MA401C2500,MA401C2500,79.5,0.0,0.0,0.0,17,79.0,80.5,20,83.0,81.5,82.0,79.5,22.0,1749.0,50
2023-05-10 22:07:22,MA401C2500,MA401C2500,79.5,0.0,0.0,0.0,7,79.5,80.5,20,83.0,81.5,82.0,79.5,22.0,1749.0,50
2023-05-10 22:07:28,MA401C2500,MA401C2500,79.5,0.0,0.0,0.0,7,79.5,81.0,27,83.0,81.5,82.0,79.5,22.0,1749.0,50
2023-05-10 22:07:29,MA401C2500,MA401C2500,79.5,0.0,0.0,0.0,7,79.5,81.0,37,83.0,81.5,82.0,79.5,22.0,1749.0,50
2023-05-10 22:07:38,MA401C2500,MA401C2500,79.5,0.0,0.0,0.0,17,79.5,81.0,37,83.0,81.5,82.0,79.5,22.0,1749.0,50
2023-05-10 22:07:40,MA401C2500,MA401C2500,79.5,0.0,0.0,0.0,17,79.5,81.0,30,83.0,81.5,82.0,79.5,22.0,1749.0,50
2023-05-10 22:07:42,MA401C2500,MA401C2500,79.5,0.0,0.0,0.0,7,79.5,81.0,30,83.0,81.5,82.0,79.5,22.0,1749.0,50
2023-05-10 22:07:51,MA401C2500,MA401C2500,79.5,0.0,0.0,0.0,17,79.5,81.0,30,83.0,81.5,82.0,79.5,22.0,1749.0,50
2023-05-10 22:08:02,MA401C2500,MA401C2500,79.5,0.0,0.0,0.0,7,79.5,81.0,30,83.0,81.5,82.0,79.5,22.0,1749.0,50
2023-05-10 22:08:06,MA401C2500,MA401C2500,79.5,0.0,0.0,0.0,17,79.5,81.0,30,83.0,81.5,82.0,79.5,22.0,1749.0,50
2023-05-10 22:08:06,MA401C2500,MA401C2500,79.5,0.0,0.0,0.0,27,79.5,81.0,20,83.0,81.5,82.0,79.5,22.0,1749.0,50
2023-05-10 22:08:10,MA401C2500,MA401C2500,79.5,0.0,0.0,0.0,27,79.5,81.0,10,83.0,81.5,82.0,79.5,22.0,1749.0,50
2023-05-10 22:08:10,MA401C2500,MA401C2500,79.5,0.0,0.0,0.0,27,79.5,81.5,37,83.0,81.5,82.0,79.5,22.0,1749.0,50
2023-05-10 22:08:11,MA401C2500,MA401C2500,79.5,0.0,0.0,0.0,27,79.5,81.0,10,83.0,81.5,82.0,79.5,22.0,1749.0,50
2023-05-10 22:08:12,MA401C2500,MA401C2500,79.5,0.0,0.0,0.0,27,79.5,81.0,20,83.0,81.5,82.0,79.5,22.0,1749.0,50
2023-05-10 22:08:13,MA401C2500,MA401C2500,79.5,0.0,0.0,0.0,27,79.5,81.5,27,83.0,81.5,82.0,79.5,22.0,1749.0,50
2023-05-10 22:08:14,MA401C2500,MA401C2500,79.5,0.0,0.0,0.0,27,79.5,81.5,37,83.0,81.5,82.0,79.5,22.0,1749.0,50
2023-05-10 22:08:14,MA401C2500,MA401C2500,79.5,0.0,0.0,0.0,27,79.5,81.0,20,83.0,81.5,82.0,79.5,22.0,1749.0,50
2023-05-10 22:08:22,MA401C2500,MA401C2500,79.5,0.0,0.0,0.0,27,79.5,81.5,27,83.0,81.5,82.0,79.5,22.0,1749.0,50
2023-05-10 22:08:23,MA401C2500,MA401C2500,79.5,0.0,0.0,0.0,27,79.5,81.5,37,83.0,81.5,82.0,79.5,22.0,1749.0,50
2023-05-10 22:08:23,MA401C2500,MA401C2500,79.5,0.0,0.0,0.0,27,79.5,81.0,20,83.0,81.5,82.0,79.5,22.0,1749.0,50
2023-05-10 22:08:26,MA401C2500,MA401C2500,79.5,0.0,0.0,0.0,27,79.5,81.0,10,83.0,81.5,82.0,79.5,22.0,1749.0,50
2023-05-10 22:08:27,MA401C2500,MA401C2500,79.5,0.0,0.0,0.0,27,79.5,81.0,20,83.0,81.5,82.0,79.5,22.0,1749.0,50
2023-05-10 22:08:45,MA401C2500,MA401C2500,79.5,0.0,0.0,0.0,27,79.5,81.0,10,83.0,81.5,82.0,79.5,22.0,1749.0,50
2023-05-10 22:08:45,MA401C2500,MA401C2500,79.5,0.0,0.0,0.0,27,79.5,81.5,37,83.0,81.5,82.0,79.5,22.0,1749.0,50
2023-05-10 22:08:47,MA401C2500,MA401C2500,79.5,0.0,0.0,0.0,27,79.5,81.0,10,83.0,81.5,82.0,79.5,22.0,1749.0,50
2023-05-10 22:08:48,MA401C2500,MA401C2500,79.5,0.0,0.0,0.0,27,79.5,81.0,20,83.0,81.5,82.0,79.5,22.0,1749.0,50
2023-05-10 22:08:49,MA401C2500,MA401C2500,79.5,0.0,0.0,0.0,27,79.5,81.5,27,83.0,81.5,82.0,79.5,22.0,1749.0,50
2023-05-10 22:08:50,MA401C2500,MA401C2500,79.5,0.0,0.0,0.0,27,79.5,81.5,37,83.0,81.5,82.0,79.5,22.0,1749.0,50
2023-05-10 22:08:51,MA401C2500,MA401C2500,79.5,0.0,0.0,0.0,7,80.0,81.5,37,83.0,81.5,82.0,79.5,22.0,1749.0,50
2023-05-10 22:08:56,MA401C2500,MA401C2500,79.5,0.0,0.0,0.0,7,80.0,81.0,10,83.0,81.5,82.0,79.5,22.0,1749.0,50
2023-05-10 22:08:56,MA401C2500,MA401C2500,79.5,0.0,0.0,0.0,7,80.0,81.5,37,83.0,81.5,82.0,79.5,22.0,1749.0,50
2023-05-10 22:09:05,MA401C2500,MA401C2500,79.5,0.0,0.0,0.0,7,80.0,81.0,10,83.0,81.5,82.0,79.5,22.0,1749.0,50
2023-05-10 22:09:06,MA401C2500,MA401C2500,79.5,0.0,0.0,0.0,7,80.0,81.0,20,83.0,81.5,82.0,79.5,22.0,1749.0,50
2023-05-10 22:09:07,MA401C2500,MA401C2500,79.5,0.0,0.0,0.0,7,80.0,81.0,10,83.0,81.5,82.0,79.5,22.0,1749.0,50
2023-05-10 22:09:09,MA401C2500,MA401C2500,79.5,0.0,0.0,0.0,7,80.0,81.0,30,83.0,81.5,82.0,79.5,22.0,1749.0,50
2023-05-10 22:09:16,MA401C2500,MA401C2500,79.5,0.0,0.0,0.0,7,80.0,81.0,20,83.0,81.5,82.0,79.5,22.0,1749.0,50
2023-05-10 22:09:17,MA401C2500,MA401C2500,79.5,0.0,0.0,0.0,7,80.0,81.0,10,83.0,81.5,82.0,79.5,22.0,1749.0,50
2023-05-10 22:09:17,MA401C2500,MA401C2500,79.5,0.0,0.0,0.0,7,80.0,81.5,37,83.0,81.5,82.0,79.5,22.0,1749.0,50
2023-05-10 22:09:34,MA401C2500,MA401C2500,79.5,0.0,0.0,0.0,7,80.0,81.0,20,83.0,81.5,82.0,79.5,22.0,1749.0,50
2023-05-10 22:09:52,MA401C2500,MA401C2500,79.5,0.0,0.0,0.0,7,79.5,81.0,30,83.0,81.5,82.0,79.5,22.0,1749.0,50
2023-05-10 22:09:53,MA401C2500,MA401C2500,79.5,0.0,0.0,0.0,7,79.5,81.0,37,83.0,81.5,82.0,79.5,22.0,1749.0,50
2023-05-10 22:10:09,MA401C2500,MA401C2500,79.5,0.0,0.0,0.0,30,79.0,80.5,20,83.0,81.5,82.0,79.5,22.0,1749.0,50
2023-05-10 22:10:09,MA401C2500,MA401C2500,79.5,0.0,0.0,0.0,10,79.0,80.5,20,83.0,81.5,82.0,79.5,22.0,1749.0,50
2023-05-10 22:10:14,MA401C2500,MA401C2500,79.5,0.0,0.0,0.0,27,79.0,80.5,20,83.0,81.5,82.0,79.5,22.0,1749.0,50
2023-05-10 22:10:16,MA401C2500,MA401C2500,79.5,0.0,0.0,0.0,17,79.0,80.5,20,83.0,81.5,82.0,79.5,22.0,1749.0,50
2023-05-10 22:10:18,MA401C2500,MA401C2500,79.5,0.0,0.0,0.0,27,79.0,80.5,20,83.0,81.5,82.0,79.5,22.0,1749.0,50
2023-05-10 22:10:20,MA401C2500,MA401C2500,79.5,0.0,0.0,0.0,17,79.0,80.5,20,83.0,81.5,82.0,79.5,22.0,1749.0,50
2023-05-10 22:10:32,MA401C2500,MA401C2500,79.5,0.0,0.0,0.0,27,79.0,80.5,20,83.0,81.5,82.0,79.5,22.0,1749.0,50
2023-05-10 22:10:42,MA401C2500,MA401C2500,79.5,0.0,0.0,0.0,17,79.0,80.5,27,83.0,81.5,82.0,79.5,22.0,1749.0,50
2023-05-10 22:10:43,MA401C2500,MA401C2500,79.5,0.0,0.0,0.0,7,79.0,80.5,37,83.0,81.5,82.0,79.5,22.0,1749.0,50
2023-05-10 22:10:54,MA401C2500,MA401C2500,79.5,0.0,0.0,0.0,17,79.0,80.5,37,83.0,81.5,82.0,79.5,22.0,1749.0,50
2023-05-10 22:10:54,MA401C2500,MA401C2500,79.5,0.0,0.0,0.0,7,79.0,80.5,37,83.0,81.5,82.0,79.5,22.0,1749.0,50
2023-05-10 22:11:03,MA401C2500,MA401C2500,79.5,0.0,0.0,0.0,17,79.0,80.5,37,83.0,81.5,82.0,79.5,22.0,1749.0,50
2023-05-10 22:11:08,MA401C2500,MA401C2500,79.5,0.0,0.0,0.0,7,79.0,80.5,37,83.0,81.5,82.0,79.5,22.0,1749.0,50
2023-05-10 22:11:09,MA401C2500,MA401C2500,79.5,0.0,0.0,0.0,17,79.0,80.5,37,83.0,81.5,82.0,79.5,22.0,1749.0,50
2023-05-10 22:11:15,MA401C2500,MA401C2500,79.5,0.0,0.0,0.0,7,79.0,80.5,37,83.0,81.5,82.0,79.5,22.0,1749.0,50
2023-05-10 22:11:19,MA401C2500,MA401C2500,79.5,0.0,0.0,0.0,17,79.0,80.5,37,83.0,81.5,82.0,79.5,22.0,1749.0,50
2023-05-10 22:11:22,MA401C2500,MA401C2500,79.5,0.0,0.0,0.0,7,79.0,80.5,37,83.0,81.5,82.0,79.5,22.0,1749.0,50
2023-05-10 22:12:02,MA401C2500,MA401C2500,79.5,0.0,0.0,0.0,7,79.0,80.0,10,83.0,81.5,82.0,79.5,22.0,1749.0,50
2023-05-10 22:12:02,MA401C2500,MA401C2500,79.5,0.0,0.0,0.0,7,79.0,80.0,20,83.0,81.5,82.0,79.5,22.0,1749.0,50
2023-05-10 22:12:23,MA401C2500,MA401C2500,79.5,0.0,0.0,0.0,27,78.5,80.0,20,83.0,81.5,82.0,79.5,22.0,1749.0,50
2023-05-10 22:12:29,MA401C2500,MA401C2500,79.5,0.0,0.0,0.0,17,78.5,80.0,27,83.0,81.5,82.0,79.5,22.0,1749.0,50
2023-05-10 22:12:32,MA401C2500,MA401C2500,79.5,0.0,0.0,0.0,7,78.5,80.0,37,83.0,81.5,82.0,79.5,22.0,1749.0,50
2023-05-10 22:14:06,MA401C2500,MA401C2500,79.5,0.0,0.0,0.0,7,78.5,79.5,10,83.0,81.5,82.0,79.5,22.0,1749.0,50
2023-05-10 22:14:07,MA401C2500,MA401C2500,79.5,0.0,0.0,0.0,7,78.5,79.5,20,83.0,81.5,82.0,79.5,22.0,1749.0,50
2023-05-10 22:14:29,MA401C2500,MA401C2500,79.5,0.0,0.0,0.0,30,78.0,79.5,20,83.0,81.5,82.0,79.5,22.0,1749.0,50
2023-05-10 22:14:29,MA401C2500,MA401C2500,79.5,0.0,0.0,0.0,27,78.0,79.5,20,83.0,81.5,82.0,79.5,22.0,1749.0,50
2023-05-10 22:14:47,MA401C2500,MA401C2500,79.5,0.0,0.0,0.0,27,78.0,80.0,27,83.0,81.5,82.0,79.5,22.0,1749.0,50
2023-05-10 22:14:47,MA401C2500,MA401C2500,79.5,0.0,0.0,0.0,27,78.0,80.0,37,83.0,81.5,82.0,79.5,22.0,1749.0,50
2023-05-10 22:15:16,MA401C2500,MA401C2500,79.5,0.0,0.0,0.0,7,78.5,80.0,37,83.0,81.5,82.0,79.5,22.0,1749.0,50
2023-05-10 22:15:17,MA401C2500,MA401C2500,79.5,0.0,0.0,0.0,17,78.5,80.0,37,83.0,81.5,82.0,79.5,22.0,1749.0,50
2023-05-10 22:15:26,MA401C2500,MA401C2500,79.5,0.0,0.0,0.0,7,78.5,80.0,37,83.0,81.5,82.0,79.5,22.0,1749.0,50
2023-05-10 22:15:36,MA401C2500,MA401C2500,79.5,0.0,0.0,0.0,17,78.5,80.0,37,83.0,81.5,82.0,79.5,22.0,1749.0,50
2023-05-10 22:15:39,MA401C2500,MA401C2500,79.5,0.0,0.0,0.0,7,78.5,80.0,37,83.0,81.5,82.0,79.5,22.0,1749.0,50
2023-05-10 22:15:48,MA401C2500,MA401C2500,79.5,0.0,0.0,0.0,17,78.5,80.0,37,83.0,81.5,82.0,79.5,22.0,1749.0,50
2023-05-10 22:16:00,MA401C2500,MA401C2500,79.5,0.0,0.0,0.0,7,78.5,80.0,37,83.0,81.5,82.0,79.5,22.0,1749.0,50
2023-05-10 22:16:06,MA401C2500,MA401C2500,79.5,0.0,0.0,0.0,7,78.5,79.5,20,83.0,81.5,82.0,79.5,22.0,1749.0,50
2023-05-10 22:16:07,MA401C2500,MA401C2500,79.5,0.0,0.0,0.0,7,78.5,79.5,10,83.0,81.5,82.0,79.5,22.0,1749.0,50
2023-05-10 22:16:07,MA401C2500,MA401C2500,79.5,0.0,0.0,0.0,7,78.5,79.5,20,83.0,81.5,82.0,79.5,22.0,1749.0,50
2023-05-10 22:16:09,MA401C2500,MA401C2500,79.5,0.0,0.0,0.0,7,78.5,79.5,10,83.0,81.5,82.0,79.5,22.0,1749.0,50
2023-05-10 22:16:25,MA401C2500,MA401C2500,79.5,0.0,0.0,0.0,37,78.0,79.5,10,83.0,81.5,82.0,79.5,22.0,1749.0,50
2023-05-10 22:16:25,MA401C2500,MA401C2500,79.5,0.0,0.0,0.0,27,78.0,79.5,10,83.0,81.5,82.0,79.5,22.0,1749.0,50
2023-05-10 22:16:25,MA401C2500,MA401C2500,79.5,0.0,0.0,0.0,17,78.0,79.5,20,83.0,81.5,82.0,79.5,22.0,1749.0,50
2023-05-10 22:16:26,MA401C2500,MA401C2500,79.5,0.0,0.0,0.0,17,78.0,79.5,27,83.0,81.5,82.0,79.5,22.0,1749.0,50
2023-05-10 22:16:27,MA401C2500,MA401C2500,79.5,0.0,0.0,0.0,17,78.0,79.5,37,83.0,81.5,82.0,79.5,22.0,1749.0,50
2023-05-10 22:16:28,MA401C2500,MA401C2500,79.5,0.0,0.0,0.0,7,78.0,79.5,37,83.0,81.5,82.0,79.5,22.0,1749.0,50
2023-05-10 22:16:32,MA401C2500,MA401C2500,79.5,0.0,0.0,0.0,7,78.0,79.0,10,83.0,81.5,82.0,79.5,22.0,1749.0,50
2023-05-10 22:16:32,MA401C2500,MA401C2500,79.5,0.0,0.0,0.0,7,78.0,79.0,20,83.0,81.5,82.0,79.5,22.0,1749.0,50
2023-05-10 22:16:44,MA401C2500,MA401C2500,79.5,0.0,0.0,0.0,7,78.0,79.0,10,83.0,81.5,82.0,79.5,22.0,1749.0,50
2023-05-10 22:16:45,MA401C2500,MA401C2500,79.5,0.0,0.0,0.0,7,78.0,79.5,37,83.0,81.5,82.0,79.5,22.0,1749.0,50
2023-05-10 22:16:46,MA401C2500,MA401C2500,79.5,0.0,0.0,0.0,7,78.0,79.0,10,83.0,81.5,82.0,79.5,22.0,1749.0,50
2023-05-10 22:16:52,MA401C2500,MA401C2500,79.5,0.0,0.0,0.0,7,78.0,79.0,20,83.0,81.5,82.0,79.5,22.0,1749.0,50
2023-05-10 22:16:55,MA401C2500,MA401C2500,79.5,0.0,0.0,0.0,30,77.5,79.0,20,83.0,81.5,82.0,79.5,22.0,1749.0,50
2023-05-10 22:16:56,MA401C2500,MA401C2500,79.5,0.0,0.0,0.0,10,77.5,79.0,20,83.0,81.5,82.0,79.5,22.0,1749.0,50
2023-05-10 22:16:56,MA401C2500,MA401C2500,79.5,0.0,0.0,0.0,10,77.5,78.5,10,83.0,81.5,82.0,79.5,22.0,1749.0,50
2023-05-10 22:16:59,MA401C2500,MA401C2500,79.5,0.0,0.0,0.0,37,77.0,78.5,10,83.0,81.5,82.0,79.5,22.0,1749.0,50
2023-05-10 22:16:59,MA401C2500,MA401C2500,79.5,0.0,0.0,0.0,27,77.0,79.0,37,83.0,81.5,82.0,79.5,22.0,1749.0,50
2023-05-10 22:17:01,MA401C2500,MA401C2500,79.5,0.0,0.0,0.0,27,77.0,78.5,10,83.0,81.5,82.0,79.5,22.0,1749.0,50
2023-05-10 22:17:01,MA401C2500,MA401C2500,79.5,0.0,0.0,0.0,7,77.5,79.0,37,83.0,81.5,82.0,79.5,22.0,1749.0,50
2023-05-10 22:17:03,MA401C2500,MA401C2500,79.5,0.0,0.0,0.0,17,77.5,79.0,37,83.0,81.5,82.0,79.5,22.0,1749.0,50
2023-05-10 22:17:03,MA401C2500,MA401C2500,79.5,0.0,0.0,0.0,7,77.5,79.0,37,83.0,81.5,82.0,79.5,22.0,1749.0,50
2023-05-10 22:17:04,MA401C2500,MA401C2500,79.5,0.0,0.0,0.0,7,77.5,78.5,10,83.0,81.5,82.0,79.5,22.0,1749.0,50
2023-05-10 22:17:04,MA401C2500,MA401C2500,79.5,0.0,0.0,0.0,7,77.5,78.5,20,83.0,81.5,82.0,79.5,22.0,1749.0,50
2023-05-10 22:17:17,MA401C2500,MA401C2500,79.5,0.0,0.0,0.0,7,77.5,78.5,10,83.0,81.5,82.0,79.5,22.0,1749.0,50
2023-05-10 22:17:17,MA401C2500,MA401C2500,79.5,0.0,0.0,0.0,7,77.5,79.0,37,83.0,81.5,82.0,79.5,22.0,1749.0,50
2023-05-10 22:17:21,MA401C2500,MA401C2500,79.5,0.0,0.0,0.0,7,77.5,79.0,30,83.0,81.5,82.0,79.5,22.0,1749.0,50
2023-05-10 22:17:22,MA401C2500,MA401C2500,79.5,0.0,0.0,0.0,17,77.5,79.0,30,83.0,81.5,82.0,79.5,22.0,1749.0,50
2023-05-10 22:17:22,MA401C2500,MA401C2500,79.5,0.0,0.0,0.0,7,77.5,79.0,30,83.0,81.5,82.0,79.5,22.0,1749.0,50
2023-05-10 22:17:22,MA401C2500,MA401C2500,79.5,0.0,0.0,0.0,17,77.5,79.0,30,83.0,81.5,82.0,79.5,22.0,1749.0,50
2023-05-10 22:17:24,MA401C2500,MA401C2500,79.5,0.0,0.0,0.0,7,77.5,79.0,30,83.0,81.5,82.0,79.5,22.0,1749.0,50
2023-05-10 22:17:25,MA401C2500,MA401C2500,79.5,0.0,0.0,0.0,7,77.5,78.5,20,83.0,81.5,82.0,79.5,22.0,1749.0,50
2023-05-10 22:17:26,MA401C2500,MA401C2500,79.5,0.0,0.0,0.0,7,77.5,78.5,10,83.0,81.5,82.0,79.5,22.0,1749.0,50
2023-05-10 22:17:26,MA401C2500,MA401C2500,79.5,0.0,0.0,0.0,7,77.5,79.0,30,83.0,81.5,82.0,79.5,22.0,1749.0,50
2023-05-10 22:18:01,MA401C2500,MA401C2500,79.5,0.0,0.0,0.0,7,77.5,78.5,10,83.0,81.5,82.0,79.5,22.0,1749.0,50
2023-05-10 22:18:09,MA401C2500,MA401C2500,79.5,0.0,0.0,0.0,7,77.5,79.0,20,83.0,81.5,82.0,79.5,22.0,1749.0,50
2023-05-10 22:18:09,MA401C2500,MA401C2500,79.5,0.0,0.0,0.0,7,77.5,79.0,37,83.0,81.5,82.0,79.5,22.0,1749.0,50
2023-05-10 22:18:21,MA401C2500,MA401C2500,79.5,0.0,0.0,0.0,7,77.5,78.5,10,83.0,81.5,82.0,79.5,22.0,1749.0,50
2023-05-10 22:18:21,MA401C2500,MA401C2500,79.5,0.0,0.0,0.0,17,77.0,78.5,20,83.0,81.5,82.0,79.5,22.0,1749.0,50
2023-05-10 22:18:22,MA401C2500,MA401C2500,79.5,0.0,0.0,0.0,27,77.0,79.0,27,83.0,81.5,82.0,79.5,22.0,1749.0,50
2023-05-10 22:18:22,MA401C2500,MA401C2500,79.5,0.0,0.0,0.0,27,77.0,79.0,37,83.0,81.5,82.0,79.5,22.0,1749.0,50
2023-05-10 22:18:28,MA401C2500,MA401C2500,79.5,0.0,0.0,0.0,27,77.0,78.5,10,83.0,81.5,82.0,79.5,22.0,1749.0,50
2023-05-10 22:18:28,MA401C2500,MA401C2500,79.5,0.0,0.0,0.0,27,77.0,78.5,20,83.0,81.5,82.0,79.5,22.0,1749.0,50
2023-05-10 22:18:28,MA401C2500,MA401C2500,79.5,0.0,0.0,0.0,17,77.0,78.5,20,83.0,81.5,82.0,79.5,22.0,1749.0,50
2023-05-10 22:18:33,MA401C2500,MA401C2500,79.5,0.0,0.0,0.0,27,77.0,79.0,27,83.0,81.5,82.0,79.5,22.0,1749.0,50
2023-05-10 22:18:33,MA401C2500,MA401C2500,79.5,0.0,0.0,0.0,27,77.0,79.0,37,83.0,81.5,82.0,79.5,22.0,1749.0,50
2023-05-10 22:18:35,MA401C2500,MA401C2500,79.5,0.0,0.0,0.0,27,77.0,78.5,20,83.0,81.5,82.0,79.5,22.0,1749.0,50
2023-05-10 22:18:36,MA401C2500,MA401C2500,79.5,0.0,0.0,0.0,27,77.0,78.5,10,83.0,81.5,82.0,79.5,22.0,1749.0,50
2023-05-10 22:18:36,MA401C2500,MA401C2500,79.5,0.0,0.0,0.0,27,77.0,78.5,20,83.0,81.5,82.0,79.5,22.0,1749.0,50
2023-05-10 22:18:45,MA401C2500,MA401C2500,79.5,0.0,0.0,0.0,17,77.0,78.5,20,83.0,81.5,82.0,79.5,22.0,1749.0,50
2023-05-10 22:18:45,MA401C2500,MA401C2500,79.5,0.0,0.0,0.0,27,77.0,78.5,20,83.0,81.5,82.0,79.5,22.0,1749.0,50
2023-05-10 22:18:47,MA401C2500,MA401C2500,79.5,0.0,0.0,0.0,17,77.0,78.5,20,83.0,81.5,82.0,79.5,22.0,1749.0,50
2023-05-10 22:18:47,MA401C2500,MA401C2500,79.5,0.0,0.0,0.0,27,77.0,78.5,20,83.0,81.5,82.0,79.5,22.0,1749.0,50
2023-05-10 22:19:06,MA401C2500,MA401C2500,79.5,0.0,0.0,0.0,27,77.0,78.5,30,83.0,81.5,82.0,79.5,22.0,1749.0,50
2023-05-10 22:19:07,MA401C2500,MA401C2500,79.5,0.0,0.0,0.0,7,77.0,78.5,30,83.0,81.5,82.0,79.5,22.0,1749.0,50
2023-05-10 22:19:09,MA401C2500,MA401C2500,79.5,0.0,0.0,0.0,30,76.5,78.5,30,83.0,81.5,82.0,79.5,22.0,1749.0,50
2023-05-10 22:19:10,MA401C2500,MA401C2500,79.5,0.0,0.0,0.0,10,76.5,78.0,20,83.0,81.5,82.0,79.5,22.0,1749.0,50
2023-05-10 22:19:10,MA401C2500,MA401C2500,79.5,0.0,0.0,0.0,20,76.5,78.0,20,83.0,81.5,82.0,79.5,22.0,1749.0,50
2023-05-10 22:19:10,MA401C2500,MA401C2500,79.5,0.0,0.0,0.0,20,76.5,78.0,30,83.0,81.5,82.0,79.5,22.0,1749.0,50
2023-05-10 22:19:12,MA401C2500,MA401C2500,79.5,0.0,0.0,0.0,27,76.5,78.0,30,83.0,81.5,82.0,79.5,22.0,1749.0,50
2023-05-10 22:19:19,MA401C2500,MA401C2500,79.5,0.0,0.0,0.0,17,76.5,78.0,30,83.0,81.5,82.0,79.5,22.0,1749.0,50
2023-05-10 22:19:20,MA401C2500,MA401C2500,79.5,0.0,0.0,0.0,17,76.5,77.5,10,83.0,81.5,82.0,79.5,22.0,1749.0,50
2023-05-10 22:19:21,MA401C2500,MA401C2500,79.5,0.0,0.0,0.0,7,76.5,77.5,20,83.0,81.5,82.0,79.5,22.0,1749.0,50
2023-05-10 22:19:36,MA401C2500,MA401C2500,79.5,0.0,0.0,0.0,17,76.5,78.0,27,83.0,81.5,82.0,79.5,22.0,1749.0,50
2023-05-10 22:19:36,MA401C2500,MA401C2500,79.5,0.0,0.0,0.0,17,76.5,78.0,37,83.0,81.5,82.0,79.5,22.0,1749.0,50
2023-05-10 22:19:37,MA401C2500,MA401C2500,79.5,0.0,0.0,0.0,7,76.5,78.0,37,83.0,81.5,82.0,79.5,22.0,1749.0,50
2023-05-10 22:19:38,MA401C2500,MA401C2500,79.5,0.0,0.0,0.0,17,76.5,78.0,37,83.0,81.5,82.0,79.5,22.0,1749.0,50
2023-05-10 22:19:41,MA401C2500,MA401C2500,79.5,0.0,0.0,0.0,7,76.5,78.0,37,83.0,81.5,82.0,79.5,22.0,1749.0,50
2023-05-10 22:19:44,MA401C2500,MA401C2500,79.5,0.0,0.0,0.0,17,76.5,78.0,37,83.0,81.5,82.0,79.5,22.0,1749.0,50
2023-05-10 22:19:45,MA401C2500,MA401C2500,79.5,0.0,0.0,0.0,7,76.5,77.5,10,83.0,81.5,82.0,79.5,22.0,1749.0,50
2023-05-10 22:19:46,MA401C2500,MA401C2500,79.5,0.0,0.0,0.0,7,76.5,77.5,20,83.0,81.5,82.0,79.5,22.0,1749.0,50
2023-05-10 22:19:49,MA401C2500,MA401C2500,79.5,0.0,0.0,0.0,20,76.0,77.5,20,83.0,81.5,82.0,79.5,22.0,1749.0,50
2023-05-10 22:19:51,MA401C2500,MA401C2500,79.5,0.0,0.0,0.0,27,76.0,78.0,27,83.0,81.5,82.0,79.5,22.0,1749.0,50
2023-05-10 22:19:51,MA401C2500,MA401C2500,79.5,0.0,0.0,0.0,27,76.0,78.0,37,83.0,81.5,82.0,79.5,22.0,1749.0,50
2023-05-10 22:19:53,MA401C2500,MA401C2500,79.5,0.0,0.0,0.0,27,76.0,77.5,10,83.0,81.5,82.0,79.5,22.0,1749.0,50
2023-05-10 22:19:53,MA401C2500,MA401C2500,79.5,0.0,0.0,0.0,27,76.0,77.5,20,83.0,81.5,82.0,79.5,22.0,1749.0,50
2023-05-10 22:20:02,MA401C2500,MA401C2500,79.5,0.0,0.0,0.0,27,76.0,77.5,10,83.0,81.5,82.0,79.5,22.0,1749.0,50
2023-05-10 22:20:02,MA401C2500,MA401C2500,79.5,0.0,0.0,0.0,27,76.0,77.5,20,83.0,81.5,82.0,79.5,22.0,1749.0,50
2023-05-10 22:20:13,MA401C2500,MA401C2500,79.5,0.0,0.0,0.0,27,76.0,78.0,27,83.0,81.5,82.0,79.5,22.0,1749.0,50
2023-05-10 22:20:13,MA401C2500,MA401C2500,79.5,0.0,0.0,0.0,27,76.0,78.0,37,83.0,81.5,82.0,79.5,22.0,1749.0,50
2023-05-10 22:20:21,MA401C2500,MA401C2500,79.5,0.0,0.0,0.0,7,76.5,78.0,37,83.0,81.5,82.0,79.5,22.0,1749.0,50
2023-05-10 22:20:26,MA401C2500,MA401C2500,79.5,0.0,0.0,0.0,7,76.5,77.5,10,83.0,81.5,82.0,79.5,22.0,1749.0,50
2023-05-10 22:20:27,MA401C2500,MA401C2500,79.5,0.0,0.0,0.0,7,76.5,78.0,37,83.0,81.5,82.0,79.5,22.0,1749.0,50
2023-05-10 22:20:33,MA401C2500,MA401C2500,79.5,0.0,0.0,0.0,17,76.5,78.0,37,83.0,81.5,82.0,79.5,22.0,1749.0,50
2023-05-10 22:20:43,MA401C2500,MA401C2500,79.5,0.0,0.0,0.0,17,76.5,78.0,30,83.0,81.5,82.0,79.5,22.0,1749.0,50
2023-05-10 22:20:56,MA401C2500,MA401C2500,79.5,0.0,0.0,0.0,27,76.5,78.0,20,83.0,81.5,82.0,79.5,22.0,1749.0,50
2023-05-10 22:20:58,MA401C2500,MA401C2500,79.5,0.0,0.0,0.0,27,76.5,78.5,27,83.0,81.5,82.0,79.5,22.0,1749.0,50
2023-05-10 22:20:58,MA401C2500,MA401C2500,79.5,0.0,0.0,0.0,27,76.5,78.5,37,83.0,81.5,82.0,79.5,22.0,1749.0,50
2023-05-10 22:21:11,MA401C2500,MA401C2500,79.5,0.0,0.0,0.0,27,76.5,78.0,10,83.0,81.5,82.0,79.5,22.0,1749.0,50
2023-05-10 22:21:12,MA401C2500,MA401C2500,79.5,0.0,0.0,0.0,27,76.5,78.5,37,83.0,81.5,82.0,79.5,22.0,1749.0,50
2023-05-10 22:21:35,MA401C2500,MA401C2500,79.5,0.0,0.0,0.0,27,76.5,78.5,27,83.0,81.5,82.0,79.5,22.0,1749.0,50
2023-05-10 22:21:36,MA401C2500,MA401C2500,79.5,0.0,0.0,0.0,27,76.5,78.5,37,83.0,81.5,82.0,79.5,22.0,1749.0,50
2023-05-10 22:21:47,MA401C2500,MA401C2500,79.5,0.0,0.0,0.0,27,76.5,78.0,10,83.0,81.5,82.0,79.5,22.0,1749.0,50
2023-05-10 22:21:47,MA401C2500,MA401C2500,79.5,0.0,0.0,0.0,27,76.5,78.0,20,83.0,81.5,82.0,79.5,22.0,1749.0,50
2023-05-10 22:21:51,MA401C2500,MA401C2500,79.5,0.0,0.0,0.0,27,76.5,78.0,10,83.0,81.5,82.0,79.5,22.0,1749.0,50
2023-05-10 22:21:54,MA401C2500,MA401C2500,79.5,0.0,0.0,0.0,7,77.0,78.0,10,83.0,81.5,82.0,79.5,22.0,1749.0,50
2023-05-10 22:21:55,MA401C2500,MA401C2500,79.5,0.0,0.0,0.0,7,77.0,78.5,37,83.0,81.5,82.0,79.5,22.0,1749.0,50
2023-05-10 22:22:15,MA401C2500,MA401C2500,79.5,0.0,0.0,0.0,17,77.0,78.5,37,83.0,81.5,82.0,79.5,22.0,1749.0,50
2023-05-10 22:22:15,MA401C2500,MA401C2500,79.5,0.0,0.0,0.0,7,77.0,78.5,37,83.0,81.5,82.0,79.5,22.0,1749.0,50
2023-05-10 22:22:16,MA401C2500,MA401C2500,79.5,0.0,0.0,0.0,17,77.0,78.5,37,83.0,81.5,82.0,79.5,22.0,1749.0,50
2023-05-10 22:22:19,MA401C2500,MA401C2500,79.5,0.0,0.0,0.0,7,77.0,78.5,37,83.0,81.5,82.0,79.5,22.0,1749.0,50
2023-05-10 22:22:21,MA401C2500,MA401C2500,79.5,0.0,0.0,0.0,17,77.0,78.5,37,83.0,81.5,82.0,79.5,22.0,1749.0,50
2023-05-10 22:22:28,MA401C2500,MA401C2500,79.5,0.0,0.0,0.0,7,77.0,78.5,37,83.0,81.5,82.0,79.5,22.0,1749.0,50
2023-05-10 22:22:33,MA401C2500,MA401C2500,79.5,0.0,0.0,0.0,17,77.0,78.5,37,83.0,81.5,82.0,79.5,22.0,1749.0,50
2023-05-10 22:22:33,MA401C2500,MA401C2500,79.5,0.0,0.0,0.0,17,77.0,78.5,27,83.0,81.5,82.0,79.5,22.0,1749.0,50
2023-05-10 22:22:37,MA401C2500,MA401C2500,79.5,0.0,0.0,0.0,17,77.0,78.5,37,83.0,81.5,82.0,79.5,22.0,1749.0,50
2023-05-10 22:22:48,MA401C2500,MA401C2500,79.5,0.0,0.0,0.0,7,77.0,78.5,37,83.0,81.5,82.0,79.5,22.0,1749.0,50
2023-05-10 22:23:13,MA401C2500,MA401C2500,79.5,0.0,0.0,0.0,7,77.0,78.0,10,83.0,81.5,82.0,79.5,22.0,1749.0,50
2023-05-10 22:23:14,MA401C2500,MA401C2500,79.5,0.0,0.0,0.0,7,77.0,78.5,37,83.0,81.5,82.0,79.5,22.0,1749.0,50
2023-05-10 22:23:17,MA401C2500,MA401C2500,79.5,0.0,0.0,0.0,7,77.0,78.0,20,83.0,81.5,82.0,79.5,22.0,1749.0,50
2023-05-10 22:23:18,MA401C2500,MA401C2500,79.5,0.0,0.0,0.0,7,77.0,78.5,27,83.0,81.5,82.0,79.5,22.0,1749.0,50
2023-05-10 22:23:18,MA401C2500,MA401C2500,79.5,0.0,0.0,0.0,7,77.0,78.5,37,83.0,81.5,82.0,79.5,22.0,1749.0,50
2023-05-10 22:23:19,MA401C2500,MA401C2500,79.5,0.0,0.0,0.0,7,77.0,78.0,10,83.0,81.5,82.0,79.5,22.0,1749.0,50
2023-05-10 22:23:19,MA401C2500,MA401C2500,79.5,0.0,0.0,0.0,7,77.0,78.0,20,83.0,81.5,82.0,79.5,22.0,1749.0,50
2023-05-10 22:24:07,MA401C2500,MA401C2500,79.5,0.0,0.0,0.0,7,77.0,78.5,27,83.0,81.5,82.0,79.5,22.0,1749.0,50
2023-05-10 22:24:07,MA401C2500,MA401C2500,79.5,0.0,0.0,0.0,7,77.0,78.5,37,83.0,81.5,82.0,79.5,22.0,1749.0,50
2023-05-10 22:24:12,MA401C2500,MA401C2500,79.5,0.0,0.0,0.0,7,77.0,78.0,10,83.0,81.5,82.0,79.5,22.0,1749.0,50
2023-05-10 22:24:21,MA401C2500,MA401C2500,79.5,0.0,0.0,0.0,7,77.0,78.5,27,83.0,81.5,82.0,79.5,22.0,1749.0,50
2023-05-10 22:24:21,MA401C2500,MA401C2500,79.5,0.0,0.0,0.0,7,77.0,78.5,37,83.0,81.5,82.0,79.5,22.0,1749.0,50
2023-05-10 22:24:23,MA401C2500,MA401C2500,79.5,0.0,0.0,0.0,17,77.0,78.5,37,83.0,81.5,82.0,79.5,22.0,1749.0,50
2023-05-10 22:24:33,MA401C2500,MA401C2500,79.5,0.0,0.0,0.0,7,77.0,78.5,37,83.0,81.5,82.0,79.5,22.0,1749.0,50
2023-05-10 22:24:49,MA401C2500,MA401C2500,79.5,0.0,0.0,0.0,7,77.0,78.0,10,83.0,81.5,82.0,79.5,22.0,1749.0,50
2023-05-10 22:24:49,MA401C2500,MA401C2500,79.5,0.0,0.0,0.0,7,77.0,78.0,20,83.0,81.5,82.0,79.5,22.0,1749.0,50
2023-05-10 22:24:50,MA401C2500,MA401C2500,79.5,0.0,0.0,0.0,7,77.0,78.0,10,83.0,81.5,82.0,79.5,22.0,1749.0,50
2023-05-10 22:24:50,MA401C2500,MA401C2500,79.5,0.0,0.0,0.0,7,77.0,78.5,37,83.0,81.5,82.0,79.5,22.0,1749.0,50
2023-05-10 22:24:56,MA401C2500,MA401C2500,79.5,0.0,0.0,0.0,7,77.0,78.0,20,83.0,81.5,82.0,79.5,22.0,1749.0,50
2023-05-10 22:24:56,MA401C2500,MA401C2500,79.5,0.0,0.0,0.0,7,77.0,78.0,30,83.0,81.5,82.0,79.5,22.0,1749.0,50
2023-05-10 22:24:59,MA401C2500,MA401C2500,79.5,0.0,0.0,0.0,7,77.0,78.0,20,83.0,81.5,82.0,79.5,22.0,1749.0,50
2023-05-10 22:25:00,MA401C2500,MA401C2500,79.5,0.0,0.0,0.0,7,77.0,78.5,27,83.0,81.5,82.0,79.5,22.0,1749.0,50
2023-05-10 22:25:00,MA401C2500,MA401C2500,79.5,0.0,0.0,0.0,7,77.0,78.5,37,83.0,81.5,82.0,79.5,22.0,1749.0,50
2023-05-10 22:25:01,MA401C2500,MA401C2500,79.5,0.0,0.0,0.0,7,77.0,78.0,20,83.0,81.5,82.0,79.5,22.0,1749.0,50
2023-05-10 22:25:07,MA401C2500,MA401C2500,79.5,0.0,0.0,0.0,7,77.0,78.0,10,83.0,81.5,82.0,79.5,22.0,1749.0,50
2023-05-10 22:25:07,MA401C2500,MA401C2500,79.5,0.0,0.0,0.0,7,77.0,78.5,37,83.0,81.5,82.0,79.5,22.0,1749.0,50
2023-05-10 22:25:45,MA401C2500,MA401C2500,79.5,0.0,0.0,0.0,7,77.0,78.0,20,83.0,81.5,82.0,79.5,22.0,1749.0,50
2023-05-10 22:25:46,MA401C2500,MA401C2500,79.5,0.0,0.0,0.0,7,77.0,78.5,27,83.0,81.5,82.0,79.5,22.0,1749.0,50
2023-05-10 22:25:46,MA401C2500,MA401C2500,79.5,0.0,0.0,0.0,7,77.0,78.5,37,83.0,81.5,82.0,79.5,22.0,1749.0,50
2023-05-10 22:25:50,MA401C2500,MA401C2500,79.5,0.0,0.0,0.0,7,77.0,78.0,20,83.0,81.5,82.0,79.5,22.0,1749.0,50
2023-05-10 22:26:08,MA401C2500,MA401C2500,79.5,0.0,0.0,0.0,7,77.0,78.5,27,83.0,81.5,82.0,79.5,22.0,1749.0,50
2023-05-10 22:26:08,MA401C2500,MA401C2500,79.5,0.0,0.0,0.0,7,77.0,78.5,37,83.0,81.5,82.0,79.5,22.0,1749.0,50
2023-05-10 22:26:13,MA401C2500,MA401C2500,79.5,0.0,0.0,0.0,17,77.0,78.5,37,83.0,81.5,82.0,79.5,22.0,1749.0,50
2023-05-10 22:26:13,MA401C2500,MA401C2500,79.5,0.0,0.0,0.0,7,77.0,78.5,37,83.0,81.5,82.0,79.5,22.0,1749.0,50
2023-05-10 22:26:21,MA401C2500,MA401C2500,79.5,0.0,0.0,0.0,7,77.0,78.0,10,83.0,81.5,82.0,79.5,22.0,1749.0,50
2023-05-10 22:26:21,MA401C2500,MA401C2500,79.5,0.0,0.0,0.0,7,77.0,78.0,20,83.0,81.5,82.0,79.5,22.0,1749.0,50
2023-05-10 22:26:29,MA401C2500,MA401C2500,79.5,0.0,0.0,0.0,7,77.0,78.5,27,83.0,81.5,82.0,79.5,22.0,1749.0,50
2023-05-10 22:26:29,MA401C2500,MA401C2500,79.5,0.0,0.0,0.0,7,77.0,78.5,37,83.0,81.5,82.0,79.5,22.0,1749.0,50
2023-05-10 22:26:49,MA401C2500,MA401C2500,79.5,0.0,0.0,0.0,7,77.0,78.5,27,83.0,81.5,82.0,79.5,22.0,1749.0,50
2023-05-10 22:26:49,MA401C2500,MA401C2500,79.5,0.0,0.0,0.0,7,77.0,78.5,37,83.0,81.5,82.0,79.5,22.0,1749.0,50
2023-05-10 22:27:23,MA401C2500,MA401C2500,79.5,0.0,0.0,0.0,7,77.0,78.5,30,83.0,81.5,82.0,79.5,22.0,1749.0,50
2023-05-10 22:27:23,MA401C2500,MA401C2500,79.5,0.0,0.0,0.0,17,77.0,78.5,30,83.0,81.5,82.0,79.5,22.0,1749.0,50
2023-05-10 22:27:46,MA401C2500,MA401C2500,79.5,0.0,0.0,0.0,27,77.0,78.5,20,83.0,81.5,82.0,79.5,22.0,1749.0,50
2023-05-10 22:27:53,MA401C2500,MA401C2500,79.5,0.0,0.0,0.0,27,77.0,78.5,30,83.0,81.5,82.0,79.5,22.0,1749.0,50
2023-05-10 22:27:53,MA401C2500,MA401C2500,79.5,0.0,0.0,0.0,17,77.0,78.5,30,83.0,81.5,82.0,79.5,22.0,1749.0,50
2023-05-10 22:28:43,MA401C2500,MA401C2500,79.5,0.0,0.0,0.0,17,77.0,78.5,20,83.0,81.5,82.0,79.5,22.0,1749.0,50
2023-05-10 22:28:45,MA401C2500,MA401C2500,79.5,0.0,0.0,0.0,27,77.0,78.5,10,83.0,81.5,82.0,79.5,22.0,1749.0,50
2023-05-10 22:28:46,MA401C2500,MA401C2500,79.5,0.0,0.0,0.0,27,77.0,79.0,37,83.0,81.5,82.0,79.5,22.0,1749.0,50
2023-05-10 22:28:51,MA401C2500,MA401C2500,79.5,0.0,0.0,0.0,10,77.5,79.0,37,83.0,81.5,82.0,79.5,22.0,1749.0,50
2023-05-10 22:28:54,MA401C2500,MA401C2500,79.5,0.0,0.0,0.0,27,77.0,79.0,37,83.0,81.5,82.0,79.5,22.0,1749.0,50
2023-05-10 22:29:17,MA401C2500,MA401C2500,79.5,0.0,0.0,0.0,10,77.5,79.0,37,83.0,81.5,82.0,79.5,22.0,1749.0,50
2023-05-10 22:29:20,MA401C2500,MA401C2500,79.5,0.0,0.0,0.0,27,77.0,79.0,37,83.0,81.5,82.0,79.5,22.0,1749.0,50
2023-05-10 22:29:21,MA401C2500,MA401C2500,79.5,0.0,0.0,0.0,10,77.5,79.0,37,83.0,81.5,82.0,79.5,22.0,1749.0,50
2023-05-10 22:29:27,MA401C2500,MA401C2500,79.5,0.0,0.0,0.0,27,77.0,79.0,37,83.0,81.5,82.0,79.5,22.0,1749.0,50
2023-05-10 22:29:31,MA401C2500,MA401C2500,79.5,0.0,0.0,0.0,17,77.0,78.5,10,83.0,81.5,82.0,79.5,22.0,1749.0,50
2023-05-10 22:29:32,MA401C2500,MA401C2500,79.5,0.0,0.0,0.0,7,77.0,78.5,20,83.0,81.5,82.0,79.5,22.0,1749.0,50
2023-05-10 22:29:36,MA401C2500,MA401C2500,79.5,0.0,0.0,0.0,7,77.0,78.0,10,83.0,81.5,82.0,79.5,22.0,1749.0,50
2023-05-10 22:29:37,MA401C2500,MA401C2500,79.5,0.0,0.0,0.0,17,77.0,78.5,20,83.0,81.5,82.0,79.5,22.0,1749.0,50
2023-05-10 22:30:01,MA401C2500,MA401C2500,79.5,0.0,0.0,0.0,17,77.0,79.0,17,83.0,81.5,82.0,79.5,22.0,1749.0,50
2023-05-10 22:30:01,MA401C2500,MA401C2500,79.5,0.0,0.0,0.0,7,77.5,79.0,27,83.0,81.5,82.0,79.5,22.0,1749.0,50
2023-05-10 22:30:03,MA401C2500,MA401C2500,79.5,0.0,0.0,0.0,7,77.5,79.0,10,83.0,81.5,82.0,79.5,22.0,1749.0,50
2023-05-10 22:30:03,MA401C2500,MA401C2500,79.5,0.0,0.0,0.0,17,77.5,79.0,10,83.0,81.5,82.0,79.5,22.0,1749.0,50
2023-05-10 22:30:08,MA401C2500,MA401C2500,79.5,0.0,0.0,0.0,17,77.5,79.0,20,83.0,81.5,82.0,79.5,22.0,1749.0,50
2023-05-10 22:30:09,MA401C2500,MA401C2500,79.5,0.0,0.0,0.0,17,77.5,79.0,10,83.0,81.5,82.0,79.5,22.0,1749.0,50
2023-05-10 22:30:16,MA401C2500,MA401C2500,79.5,0.0,0.0,0.0,27,77.5,79.0,10,83.0,81.5,82.0,79.5,22.0,1749.0,50
2023-05-10 22:30:21,MA401C2500,MA401C2500,79.5,0.0,0.0,0.0,17,77.5,79.0,10,83.0,81.5,82.0,79.5,22.0,1749.0,50
2023-05-10 22:30:23,MA401C2500,MA401C2500,79.5,0.0,0.0,0.0,27,77.5,79.0,10,83.0,81.5,82.0,79.5,22.0,1749.0,50
2023-05-10 22:30:27,MA401C2500,MA401C2500,79.5,0.0,0.0,0.0,17,77.5,79.0,10,83.0,81.5,82.0,79.5,22.0,1749.0,50
2023-05-10 22:30:27,MA401C2500,MA401C2500,79.5,0.0,0.0,0.0,27,77.5,79.0,10,83.0,81.5,82.0,79.5,22.0,1749.0,50
2023-05-10 22:30:44,MA401C2500,MA401C2500,79.5,0.0,0.0,0.0,27,77.5,79.0,30,83.0,81.5,82.0,79.5,22.0,1749.0,50
2023-05-10 22:30:46,MA401C2500,MA401C2500,79.5,0.0,0.0,0.0,27,77.5,79.0,20,83.0,81.5,82.0,79.5,22.0,1749.0,50
2023-05-10 22:30:46,MA401C2500,MA401C2500,79.5,0.0,0.0,0.0,27,77.5,79.0,30,83.0,81.5,82.0,79.5,22.0,1749.0,50
2023-05-10 22:30:47,MA401C2500,MA401C2500,79.5,0.0,0.0,0.0,27,77.5,79.0,20,83.0,81.5,82.0,79.5,22.0,1749.0,50
2023-05-10 22:30:47,MA401C2500,MA401C2500,79.5,0.0,0.0,0.0,27,77.5,79.0,30,83.0,81.5,82.0,79.5,22.0,1749.0,50
2023-05-10 22:30:57,MA401C2500,MA401C2500,79.5,0.0,0.0,0.0,7,78.0,79.0,20,83.0,81.5,82.0,79.5,22.0,1749.0,50
2023-05-10 22:30:57,MA401C2500,MA401C2500,79.5,0.0,0.0,0.0,7,78.0,79.0,10,83.0,81.5,82.0,79.5,22.0,1749.0,50
2023-05-10 22:30:58,MA401C2500,MA401C2500,79.5,0.0,0.0,0.0,7,78.0,79.5,37,83.0,81.5,82.0,79.5,22.0,1749.0,50
2023-05-10 22:31:00,MA401C2500,MA401C2500,79.5,0.0,0.0,0.0,7,78.0,79.0,30,83.0,81.5,82.0,79.5,22.0,1749.0,50
2023-05-10 22:31:25,MA401C2500,MA401C2500,79.5,0.0,0.0,0.0,27,77.5,79.0,30,83.0,81.5,82.0,79.5,22.0,1749.0,50
2023-05-10 22:31:26,MA401C2500,MA401C2500,79.5,0.0,0.0,0.0,17,77.5,79.0,30,83.0,81.5,82.0,79.5,22.0,1749.0,50
2023-05-10 22:31:40,MA401C2500,MA401C2500,79.5,0.0,0.0,0.0,17,77.5,79.0,37,83.0,81.5,82.0,79.5,22.0,1749.0,50
2023-05-10 22:32:09,MA401C2500,MA401C2500,79.5,0.0,0.0,0.0,7,77.5,78.5,10,83.0,81.5,82.0,79.5,22.0,1749.0,50
2023-05-10 22:32:10,MA401C2500,MA401C2500,79.5,0.0,0.0,0.0,7,77.5,78.5,20,83.0,81.5,82.0,79.5,22.0,1749.0,50
2023-05-10 22:32:15,MA401C2500,MA401C2500,79.5,0.0,0.0,0.0,7,77.5,79.0,27,83.0,81.5,82.0,79.5,22.0,1749.0,50
2023-05-10 22:32:15,MA401C2500,MA401C2500,79.5,0.0,0.0,0.0,7,77.5,79.0,37,83.0,81.5,82.0,79.5,22.0,1749.0,50
2023-05-10 22:32:17,MA401C2500,MA401C2500,79.5,0.0,0.0,0.0,17,77.5,79.0,37,83.0,81.5,82.0,79.5,22.0,1749.0,50
2023-05-10 22:32:21,MA401C2500,MA401C2500,79.5,0.0,0.0,0.0,7,77.5,79.0,37,83.0,81.5,82.0,79.5,22.0,1749.0,50
2023-05-10 22:32:22,MA401C2500,MA401C2500,79.5,0.0,0.0,0.0,17,77.5,79.0,37,83.0,81.5,82.0,79.5,22.0,1749.0,50
2023-05-10 22:33:31,MA401C2500,MA401C2500,79.5,0.0,0.0,0.0,7,77.5,79.0,37,83.0,81.5,82.0,79.5,22.0,1749.0,50
2023-05-10 22:33:43,MA401C2500,MA401C2500,79.5,0.0,0.0,0.0,7,77.5,78.5,10,83.0,81.5,82.0,79.5,22.0,1749.0,50
2023-05-10 22:33:43,MA401C2500,MA401C2500,79.5,0.0,0.0,0.0,7,77.5,78.5,20,83.0,81.5,82.0,79.5,22.0,1749.0,50
2023-05-10 22:33:54,MA401C2500,MA401C2500,79.5,0.0,0.0,0.0,20,77.0,78.5,30,83.0,81.5,82.0,79.5,22.0,1749.0,50
2023-05-10 22:33:55,MA401C2500,MA401C2500,79.5,0.0,0.0,0.0,10,77.0,78.5,20,83.0,81.5,82.0,79.5,22.0,1749.0,50
2023-05-10 22:33:57,MA401C2500,MA401C2500,79.5,0.0,0.0,0.0,27,77.0,78.5,10,83.0,81.5,82.0,79.5,22.0,1749.0,50
2023-05-10 22:33:57,MA401C2500,MA401C2500,79.5,0.0,0.0,0.0,27,77.0,79.0,37,83.0,81.5,82.0,79.5,22.0,1749.0,50
