time,symbol_id,symbol_name,last,trade_volume,trade_amount,open_interest_change,bv1,bp1,ap1,av1,yesterday_close,today_open,today_high,today_low,volume,amount,open_interest
2023-05-10 19:12:58,MA401P2450,MA401P2450,209.0,0.0,0.0,0.0,0,0.0,0.0,0,209.0,0.0,0.0,0.0,0.0,0.0,20
2023-05-10 21:00:01,MA401P2450,MA401P2450,209.0,0.0,0.0,0.0,1,163.0,256.0,1,209.0,0.0,0.0,0.0,0.0,0.0,20
2023-05-10 21:01:17,MA401P2450,MA401P2450,209.0,0.0,0.0,0.0,1,163.0,212.5,7,209.0,0.0,0.0,0.0,0.0,0.0,20
2023-05-10 21:01:18,MA401P2450,MA401P2450,209.0,0.0,0.0,0.0,7,209.5,212.5,7,209.0,0.0,0.0,0.0,0.0,0.0,20
2023-05-10 21:01:28,MA401P2450,MA401P2450,209.0,0.0,0.0,0.0,7,210.0,212.5,7,209.0,0.0,0.0,0.0,0.0,0.0,20
2023-05-10 21:01:29,MA401P2450,MA401P2450,209.0,0.0,0.0,0.0,7,210.0,256.0,1,209.0,0.0,0.0,0.0,0.0,0.0,20
2023-05-10 21:01:32,MA401P2450,MA401P2450,209.0,0.0,0.0,0.0,7,210.5,213.5,7,209.0,0.0,0.0,0.0,0.0,0.0,20
2023-05-10 21:01:39,MA401P2450,MA401P2450,209.0,0.0,0.0,0.0,7,211.0,213.5,7,209.0,0.0,0.0,0.0,0.0,0.0,20
2023-05-10 21:02:02,MA401P2450,MA401P2450,209.0,0.0,0.0,0.0,7,210.5,213.5,7,209.0,0.0,0.0,0.0,0.0,0.0,20
2023-05-10 21:02:58,MA401P2450,MA401P2450,209.0,0.0,0.0,0.0,7,210.5,213.0,7,209.0,0.0,0.0,0.0,0.0,0.0,20
2023-05-10 21:03:00,MA401P2450,MA401P2450,209.0,0.0,0.0,0.0,1,204.5,213.0,7,209.0,0.0,0.0,0.0,0.0,0.0,20
2023-05-10 21:03:02,MA401P2450,MA401P2450,209.0,0.0,0.0,0.0,7,210.0,213.0,7,209.0,0.0,0.0,0.0,0.0,0.0,20
2023-05-10 21:03:05,MA401P2450,MA401P2450,209.0,0.0,0.0,0.0,7,210.5,213.0,7,209.0,0.0,0.0,0.0,0.0,0.0,20
2023-05-10 21:03:30,MA401P2450,MA401P2450,209.0,0.0,0.0,0.0,7,211.0,213.0,7,209.0,0.0,0.0,0.0,0.0,0.0,20
2023-05-10 21:03:52,MA401P2450,MA401P2450,209.0,0.0,0.0,0.0,7,211.0,213.5,7,209.0,0.0,0.0,0.0,0.0,0.0,20
2023-05-10 21:04:04,MA401P2450,MA401P2450,209.0,0.0,0.0,0.0,7,211.5,213.5,7,209.0,0.0,0.0,0.0,0.0,0.0,20
2023-05-10 21:04:05,MA401P2450,MA401P2450,209.0,0.0,0.0,0.0,7,211.5,221.5,10,209.0,0.0,0.0,0.0,0.0,0.0,20
2023-05-10 21:04:06,MA401P2450,MA401P2450,209.0,0.0,0.0,0.0,7,211.5,214.0,7,209.0,0.0,0.0,0.0,0.0,0.0,20
2023-05-10 21:04:11,MA401P2450,MA401P2450,209.0,0.0,0.0,0.0,7,211.0,214.0,7,209.0,0.0,0.0,0.0,0.0,0.0,20
2023-05-10 21:04:22,MA401P2450,MA401P2450,209.0,0.0,0.0,0.0,7,211.5,214.0,7,209.0,0.0,0.0,0.0,0.0,0.0,20
2023-05-10 21:04:28,MA401P2450,MA401P2450,209.0,0.0,0.0,0.0,7,212.0,221.5,10,209.0,0.0,0.0,0.0,0.0,0.0,20
2023-05-10 21:04:36,MA401P2450,MA401P2450,209.0,0.0,0.0,0.0,7,212.0,215.0,7,209.0,0.0,0.0,0.0,0.0,0.0,20
2023-05-10 21:04:53,MA401P2450,MA401P2450,209.0,0.0,0.0,0.0,7,212.5,215.0,7,209.0,0.0,0.0,0.0,0.0,0.0,20
2023-05-10 21:05:08,MA401P2450,MA401P2450,209.0,0.0,0.0,0.0,7,212.0,215.0,7,209.0,0.0,0.0,0.0,0.0,0.0,20
2023-05-10 21:06:06,MA401P2450,MA401P2450,209.0,0.0,0.0,0.0,10,206.0,215.0,7,209.0,0.0,0.0,0.0,0.0,0.0,20
2023-05-10 21:06:09,MA401P2450,MA401P2450,209.0,0.0,0.0,0.0,7,211.0,214.0,7,209.0,0.0,0.0,0.0,0.0,0.0,20
2023-05-10 21:06:26,MA401P2450,MA401P2450,209.0,0.0,0.0,0.0,7,211.5,214.0,7,209.0,0.0,0.0,0.0,0.0,0.0,20
2023-05-10 21:06:31,MA401P2450,MA401P2450,209.0,0.0,0.0,0.0,7,211.5,215.0,7,209.0,0.0,0.0,0.0,0.0,0.0,20
2023-05-10 21:06:33,MA401P2450,MA401P2450,209.0,0.0,0.0,0.0,7,212.0,215.0,7,209.0,0.0,0.0,0.0,0.0,0.0,20
2023-05-10 21:06:48,MA401P2450,MA401P2450,209.0,0.0,0.0,0.0,7,212.0,214.5,7,209.0,0.0,0.0,0.0,0.0,0.0,20
2023-05-10 21:06:51,MA401P2450,MA401P2450,209.0,0.0,0.0,0.0,7,211.5,214.5,7,209.0,0.0,0.0,0.0,0.0,0.0,20
2023-05-10 21:07:16,MA401P2450,MA401P2450,209.0,0.0,0.0,0.0,7,211.5,214.0,7,209.0,0.0,0.0,0.0,0.0,0.0,20
2023-05-10 21:08:14,MA401P2450,MA401P2450,209.0,0.0,0.0,0.0,7,212.0,214.5,7,209.0,0.0,0.0,0.0,0.0,0.0,20
2023-05-10 21:08:16,MA401P2450,MA401P2450,209.0,0.0,0.0,0.0,7,212.5,214.5,7,209.0,0.0,0.0,0.0,0.0,0.0,20
2023-05-10 21:08:19,MA401P2450,MA401P2450,209.0,0.0,0.0,0.0,7,212.5,215.5,17,209.0,0.0,0.0,0.0,0.0,0.0,20
2023-05-10 21:08:24,MA401P2450,MA401P2450,209.0,0.0,0.0,0.0,7,213.0,215.5,17,209.0,0.0,0.0,0.0,0.0,0.0,20
2023-05-10 21:09:13,MA401P2450,MA401P2450,209.0,0.0,0.0,0.0,7,213.0,215.5,7,209.0,0.0,0.0,0.0,0.0,0.0,20
2023-05-10 21:09:58,MA401P2450,MA401P2450,209.0,0.0,0.0,0.0,7,213.0,216.5,10,209.0,0.0,0.0,0.0,0.0,0.0,20
2023-05-10 21:10:01,MA401P2450,MA401P2450,209.0,0.0,0.0,0.0,17,213.0,217.0,10,209.0,0.0,0.0,0.0,0.0,0.0,20
2023-05-10 21:10:01,MA401P2450,MA401P2450,209.0,0.0,0.0,0.0,7,213.0,217.0,10,209.0,0.0,0.0,0.0,0.0,0.0,20
2023-05-10 21:10:02,MA401P2450,MA401P2450,209.0,0.0,0.0,0.0,7,213.5,217.0,10,209.0,0.0,0.0,0.0,0.0,0.0,20
2023-05-10 21:10:04,MA401P2450,MA401P2450,209.0,0.0,0.0,0.0,7,213.5,216.5,7,209.0,0.0,0.0,0.0,0.0,0.0,20
2023-05-10 21:10:05,MA401P2450,MA401P2450,209.0,0.0,0.0,0.0,7,213.5,216.5,17,209.0,0.0,0.0,0.0,0.0,0.0,20
2023-05-10 21:10:08,MA401P2450,MA401P2450,209.0,0.0,0.0,0.0,7,213.5,216.0,7,209.0,0.0,0.0,0.0,0.0,0.0,20
2023-05-10 21:10:12,MA401P2450,MA401P2450,209.0,0.0,0.0,0.0,7,213.5,215.5,7,209.0,0.0,0.0,0.0,0.0,0.0,20
2023-05-10 21:10:32,MA401P2450,MA401P2450,209.0,0.0,0.0,0.0,7,213.0,215.5,7,209.0,0.0,0.0,0.0,0.0,0.0,20
2023-05-10 21:10:35,MA401P2450,MA401P2450,209.0,0.0,0.0,0.0,10,212.0,215.5,7,209.0,0.0,0.0,0.0,0.0,0.0,20
2023-05-10 21:10:37,MA401P2450,MA401P2450,209.0,0.0,0.0,0.0,7,212.0,215.5,7,209.0,0.0,0.0,0.0,0.0,0.0,20
2023-05-10 21:10:45,MA401P2450,MA401P2450,209.0,0.0,0.0,0.0,7,212.5,215.5,7,209.0,0.0,0.0,0.0,0.0,0.0,20
2023-05-10 21:10:46,MA401P2450,MA401P2450,209.0,0.0,0.0,0.0,7,212.5,215.5,17,209.0,0.0,0.0,0.0,0.0,0.0,20
2023-05-10 21:11:02,MA401P2450,MA401P2450,209.0,0.0,0.0,0.0,7,212.5,215.0,7,209.0,0.0,0.0,0.0,0.0,0.0,20
2023-05-10 21:11:05,MA401P2450,MA401P2450,209.0,0.0,0.0,0.0,7,212.5,215.0,17,209.0,0.0,0.0,0.0,0.0,0.0,20
2023-05-10 21:11:54,MA401P2450,MA401P2450,209.0,0.0,0.0,0.0,7,213.0,215.0,17,209.0,0.0,0.0,0.0,0.0,0.0,20
2023-05-10 21:11:54,MA401P2450,MA401P2450,209.0,0.0,0.0,0.0,7,213.0,215.5,7,209.0,0.0,0.0,0.0,0.0,0.0,20
2023-05-10 21:12:29,MA401P2450,MA401P2450,209.0,0.0,0.0,0.0,7,213.0,216.5,10,209.0,0.0,0.0,0.0,0.0,0.0,20
2023-05-10 21:12:33,MA401P2450,MA401P2450,209.0,0.0,0.0,0.0,7,213.0,216.0,7,209.0,0.0,0.0,0.0,0.0,0.0,20
2023-05-10 21:12:34,MA401P2450,MA401P2450,209.0,0.0,0.0,0.0,7,213.5,216.0,7,209.0,0.0,0.0,0.0,0.0,0.0,20
2023-05-10 21:13:01,MA401P2450,MA401P2450,209.0,0.0,0.0,0.0,7,214.0,216.0,7,209.0,0.0,0.0,0.0,0.0,0.0,20
2023-05-10 21:13:21,MA401P2450,MA401P2450,209.0,0.0,0.0,0.0,7,214.0,216.5,10,209.0,0.0,0.0,0.0,0.0,0.0,20
2023-05-10 21:13:35,MA401P2450,MA401P2450,209.0,0.0,0.0,0.0,7,214.0,217.0,17,209.0,0.0,0.0,0.0,0.0,0.0,20
2023-05-10 21:13:39,MA401P2450,MA401P2450,209.0,0.0,0.0,0.0,7,214.5,217.0,17,209.0,0.0,0.0,0.0,0.0,0.0,20
2023-05-10 21:13:46,MA401P2450,MA401P2450,209.0,0.0,0.0,0.0,7,214.5,217.0,7,209.0,0.0,0.0,0.0,0.0,0.0,20
2023-05-10 21:13:56,MA401P2450,MA401P2450,209.0,0.0,0.0,0.0,7,214.5,218.0,10,209.0,0.0,0.0,0.0,0.0,0.0,20
2023-05-10 21:13:58,MA401P2450,MA401P2450,209.0,0.0,0.0,0.0,7,215.0,218.0,10,209.0,0.0,0.0,0.0,0.0,0.0,20
2023-05-10 21:13:59,MA401P2450,MA401P2450,209.0,0.0,0.0,0.0,7,215.0,218.0,17,209.0,0.0,0.0,0.0,0.0,0.0,20
2023-05-10 21:14:03,MA401P2450,MA401P2450,209.0,0.0,0.0,0.0,7,215.0,217.5,7,209.0,0.0,0.0,0.0,0.0,0.0,20
2023-05-10 21:14:09,MA401P2450,MA401P2450,209.0,0.0,0.0,0.0,7,214.5,217.5,7,209.0,0.0,0.0,0.0,0.0,0.0,20
2023-05-10 21:14:09,MA401P2450,MA401P2450,209.0,0.0,0.0,0.0,7,214.5,217.5,17,209.0,0.0,0.0,0.0,0.0,0.0,20
2023-05-10 21:14:11,MA401P2450,MA401P2450,209.0,0.0,0.0,0.0,7,214.5,217.0,7,209.0,0.0,0.0,0.0,0.0,0.0,20
2023-05-10 21:15:56,MA401P2450,MA401P2450,209.0,0.0,0.0,0.0,7,214.5,216.5,7,209.0,0.0,0.0,0.0,0.0,0.0,20
2023-05-10 21:16:09,MA401P2450,MA401P2450,209.0,0.0,0.0,0.0,7,214.5,217.0,7,209.0,0.0,0.0,0.0,0.0,0.0,20
2023-05-10 21:16:12,MA401P2450,MA401P2450,209.0,0.0,0.0,0.0,7,215.0,218.0,10,209.0,0.0,0.0,0.0,0.0,0.0,20
2023-05-10 21:16:16,MA401P2450,MA401P2450,209.0,0.0,0.0,0.0,7,215.0,218.0,17,209.0,0.0,0.0,0.0,0.0,0.0,20
2023-05-10 21:16:22,MA401P2450,MA401P2450,209.0,0.0,0.0,0.0,7,215.5,218.0,17,209.0,0.0,0.0,0.0,0.0,0.0,20
2023-05-10 21:17:05,MA401P2450,MA401P2450,209.0,0.0,0.0,0.0,7,215.5,219.0,10,209.0,0.0,0.0,0.0,0.0,0.0,20
2023-05-10 21:17:09,MA401P2450,MA401P2450,209.0,0.0,0.0,0.0,7,215.5,218.5,7,209.0,0.0,0.0,0.0,0.0,0.0,20
2023-05-10 21:17:24,MA401P2450,MA401P2450,209.0,0.0,0.0,0.0,7,216.0,218.5,7,209.0,0.0,0.0,0.0,0.0,0.0,20
2023-05-10 21:17:24,MA401P2450,MA401P2450,209.0,0.0,0.0,0.0,17,216.0,218.5,17,209.0,0.0,0.0,0.0,0.0,0.0,20
2023-05-10 21:17:45,MA401P2450,MA401P2450,209.0,0.0,0.0,0.0,27,216.0,218.5,17,209.0,0.0,0.0,0.0,0.0,0.0,20
2023-05-10 21:17:46,MA401P2450,MA401P2450,209.0,0.0,0.0,0.0,27,216.0,218.5,10,209.0,0.0,0.0,0.0,0.0,0.0,20
2023-05-10 21:17:46,MA401P2450,MA401P2450,209.0,0.0,0.0,0.0,10,216.5,218.5,10,209.0,0.0,0.0,0.0,0.0,0.0,20
2023-05-10 21:17:46,MA401P2450,MA401P2450,209.0,0.0,0.0,0.0,17,216.5,218.5,10,209.0,0.0,0.0,0.0,0.0,0.0,20
2023-05-10 21:17:47,MA401P2450,MA401P2450,209.0,0.0,0.0,0.0,7,216.5,218.5,10,209.0,0.0,0.0,0.0,0.0,0.0,20
2023-05-10 21:17:53,MA401P2450,MA401P2450,209.0,0.0,0.0,0.0,17,216.5,219.0,17,209.0,0.0,0.0,0.0,0.0,0.0,20
2023-05-10 21:17:56,MA401P2450,MA401P2450,209.0,0.0,0.0,0.0,7,216.5,218.5,10,209.0,0.0,0.0,0.0,0.0,0.0,20
2023-05-10 21:18:11,MA401P2450,MA401P2450,209.0,0.0,0.0,0.0,7,216.5,218.5,17,209.0,0.0,0.0,0.0,0.0,0.0,20
2023-05-10 21:18:36,MA401P2450,MA401P2450,209.0,0.0,0.0,0.0,17,216.5,219.0,17,209.0,0.0,0.0,0.0,0.0,0.0,20
2023-05-10 21:18:37,MA401P2450,MA401P2450,209.0,0.0,0.0,0.0,17,216.5,219.0,27,209.0,0.0,0.0,0.0,0.0,0.0,20
2023-05-10 21:18:37,MA401P2450,MA401P2450,209.0,0.0,0.0,0.0,17,216.5,219.0,17,209.0,0.0,0.0,0.0,0.0,0.0,20
2023-05-10 21:18:37,MA401P2450,MA401P2450,209.0,0.0,0.0,0.0,17,216.5,219.0,27,209.0,0.0,0.0,0.0,0.0,0.0,20
2023-05-10 21:18:37,MA401P2450,MA401P2450,209.0,0.0,0.0,0.0,17,216.5,219.0,17,209.0,0.0,0.0,0.0,0.0,0.0,20
2023-05-10 21:18:50,MA401P2450,MA401P2450,209.0,0.0,0.0,0.0,17,216.5,219.0,27,209.0,0.0,0.0,0.0,0.0,0.0,20
2023-05-10 21:18:51,MA401P2450,MA401P2450,209.0,0.0,0.0,0.0,17,216.5,218.5,10,209.0,0.0,0.0,0.0,0.0,0.0,20
2023-05-10 21:18:52,MA401P2450,MA401P2450,209.0,0.0,0.0,0.0,17,216.5,218.5,17,209.0,0.0,0.0,0.0,0.0,0.0,20
2023-05-10 21:19:03,MA401P2450,MA401P2450,209.0,0.0,0.0,0.0,27,216.5,218.5,17,209.0,0.0,0.0,0.0,0.0,0.0,20
2023-05-10 21:19:04,MA401P2450,MA401P2450,209.0,0.0,0.0,0.0,17,216.5,218.5,17,209.0,0.0,0.0,0.0,0.0,0.0,20
2023-05-10 21:19:04,MA401P2450,MA401P2450,209.0,0.0,0.0,0.0,7,216.5,218.5,17,209.0,0.0,0.0,0.0,0.0,0.0,20
2023-05-10 21:19:19,MA401P2450,MA401P2450,209.0,0.0,0.0,0.0,7,216.5,218.0,10,209.0,0.0,0.0,0.0,0.0,0.0,20
2023-05-10 21:19:21,MA401P2450,MA401P2450,209.0,0.0,0.0,0.0,7,216.5,218.5,17,209.0,0.0,0.0,0.0,0.0,0.0,20
2023-05-10 21:20:08,MA401P2450,MA401P2450,209.0,0.0,0.0,0.0,17,216.5,218.5,7,209.0,0.0,0.0,0.0,0.0,0.0,20
2023-05-10 21:20:08,MA401P2450,MA401P2450,209.0,0.0,0.0,0.0,17,216.5,218.5,17,209.0,0.0,0.0,0.0,0.0,0.0,20
2023-05-10 21:20:08,MA401P2450,MA401P2450,209.0,0.0,0.0,0.0,17,216.5,218.5,10,209.0,0.0,0.0,0.0,0.0,0.0,20
2023-05-10 21:20:14,MA401P2450,MA401P2450,209.0,0.0,0.0,0.0,17,216.5,218.5,20,209.0,0.0,0.0,0.0,0.0,0.0,20
2023-05-10 21:20:16,MA401P2450,MA401P2450,209.0,0.0,0.0,0.0,7,216.5,218.5,20,209.0,0.0,0.0,0.0,0.0,0.0,20
2023-05-10 21:20:18,MA401P2450,MA401P2450,209.0,0.0,0.0,0.0,17,216.5,219.0,17,209.0,0.0,0.0,0.0,0.0,0.0,20
2023-05-10 21:20:26,MA401P2450,MA401P2450,209.0,0.0,0.0,0.0,17,216.5,218.5,10,209.0,0.0,0.0,0.0,0.0,0.0,20
2023-05-10 21:20:37,MA401P2450,MA401P2450,209.0,0.0,0.0,0.0,27,216.5,218.5,10,209.0,0.0,0.0,0.0,0.0,0.0,20
2023-05-10 21:20:38,MA401P2450,MA401P2450,209.0,0.0,0.0,0.0,17,216.5,218.5,10,209.0,0.0,0.0,0.0,0.0,0.0,20
2023-05-10 21:20:41,MA401P2450,MA401P2450,209.0,0.0,0.0,0.0,17,216.5,219.0,17,209.0,0.0,0.0,0.0,0.0,0.0,20
2023-05-10 21:20:56,MA401P2450,MA401P2450,209.0,0.0,0.0,0.0,10,217.5,219.5,20,209.0,0.0,0.0,0.0,0.0,0.0,20
2023-05-10 21:20:56,MA401P2450,MA401P2450,209.0,0.0,0.0,0.0,10,218.0,220.0,10,209.0,0.0,0.0,0.0,0.0,0.0,20
2023-05-10 21:20:57,MA401P2450,MA401P2450,209.0,0.0,0.0,0.0,30,217.5,221.0,20,209.0,0.0,0.0,0.0,0.0,0.0,20
2023-05-10 21:20:57,MA401P2450,MA401P2450,209.0,0.0,0.0,0.0,10,217.5,220.5,10,209.0,0.0,0.0,0.0,0.0,0.0,20
2023-05-10 21:20:58,MA401P2450,MA401P2450,209.0,0.0,0.0,0.0,10,217.5,221.0,10,209.0,0.0,0.0,0.0,0.0,0.0,20
2023-05-10 21:20:58,MA401P2450,MA401P2450,209.0,0.0,0.0,0.0,10,217.5,221.0,20,209.0,0.0,0.0,0.0,0.0,0.0,20
2023-05-10 21:20:59,MA401P2450,MA401P2450,209.0,0.0,0.0,0.0,10,217.5,221.0,10,209.0,0.0,0.0,0.0,0.0,0.0,20
2023-05-10 21:21:00,MA401P2450,MA401P2450,209.0,0.0,0.0,0.0,20,217.0,220.5,10,209.0,0.0,0.0,0.0,0.0,0.0,20
2023-05-10 21:21:01,MA401P2450,MA401P2450,209.0,0.0,0.0,0.0,37,216.5,220.5,10,209.0,0.0,0.0,0.0,0.0,0.0,20
2023-05-10 21:21:01,MA401P2450,MA401P2450,209.0,0.0,0.0,0.0,27,216.5,220.5,10,209.0,0.0,0.0,0.0,0.0,0.0,20
2023-05-10 21:21:04,MA401P2450,MA401P2450,209.0,0.0,0.0,0.0,10,217.5,220.0,10,209.0,0.0,0.0,0.0,0.0,0.0,20
2023-05-10 21:21:04,MA401P2450,MA401P2450,209.0,0.0,0.0,0.0,10,217.5,219.5,10,209.0,0.0,0.0,0.0,0.0,0.0,20
2023-05-10 21:21:05,MA401P2450,MA401P2450,209.0,0.0,0.0,0.0,10,217.5,219.5,20,209.0,0.0,0.0,0.0,0.0,0.0,20
2023-05-10 21:21:06,MA401P2450,MA401P2450,209.0,0.0,0.0,0.0,10,217.0,219.5,20,209.0,0.0,0.0,0.0,0.0,0.0,20
2023-05-10 21:21:08,MA401P2450,MA401P2450,209.0,0.0,0.0,0.0,10,217.0,219.5,27,209.0,0.0,0.0,0.0,0.0,0.0,20
2023-05-10 21:21:14,MA401P2450,MA401P2450,209.0,0.0,0.0,0.0,10,217.0,219.0,10,209.0,0.0,0.0,0.0,0.0,0.0,20
2023-05-10 21:21:17,MA401P2450,MA401P2450,209.0,0.0,0.0,0.0,17,217.0,219.0,10,209.0,0.0,0.0,0.0,0.0,0.0,20
2023-05-10 21:21:17,MA401P2450,MA401P2450,209.0,0.0,0.0,0.0,17,217.0,219.5,17,209.0,0.0,0.0,0.0,0.0,0.0,20
2023-05-10 21:21:23,MA401P2450,MA401P2450,209.0,0.0,0.0,0.0,17,217.0,219.0,10,209.0,0.0,0.0,0.0,0.0,0.0,20
2023-05-10 21:21:29,MA401P2450,MA401P2450,209.0,0.0,0.0,0.0,7,217.0,219.0,10,209.0,0.0,0.0,0.0,0.0,0.0,20
2023-05-10 21:21:38,MA401P2450,MA401P2450,209.0,0.0,0.0,0.0,17,217.0,219.5,17,209.0,0.0,0.0,0.0,0.0,0.0,20
2023-05-10 21:21:44,MA401P2450,MA401P2450,209.0,0.0,0.0,0.0,17,217.0,219.0,10,209.0,0.0,0.0,0.0,0.0,0.0,20
2023-05-10 21:22:31,MA401P2450,MA401P2450,209.0,0.0,0.0,0.0,7,217.0,218.5,10,209.0,0.0,0.0,0.0,0.0,0.0,20
2023-05-10 21:22:34,MA401P2450,MA401P2450,209.0,0.0,0.0,0.0,7,217.0,219.0,10,209.0,0.0,0.0,0.0,0.0,0.0,20
2023-05-10 21:22:48,MA401P2450,MA401P2450,209.0,0.0,0.0,0.0,17,217.0,219.5,17,209.0,0.0,0.0,0.0,0.0,0.0,20
2023-05-10 21:22:51,MA401P2450,MA401P2450,209.0,0.0,0.0,0.0,17,217.0,219.0,10,209.0,0.0,0.0,0.0,0.0,0.0,20
2023-05-10 21:23:18,MA401P2450,MA401P2450,209.0,0.0,0.0,0.0,7,217.0,219.0,10,209.0,0.0,0.0,0.0,0.0,0.0,20
2023-05-10 21:23:29,MA401P2450,MA401P2450,209.0,0.0,0.0,0.0,17,217.0,219.5,17,209.0,0.0,0.0,0.0,0.0,0.0,20
2023-05-10 21:24:07,MA401P2450,MA401P2450,209.0,0.0,0.0,0.0,7,217.0,219.0,10,209.0,0.0,0.0,0.0,0.0,0.0,20
2023-05-10 21:24:18,MA401P2450,MA401P2450,209.0,0.0,0.0,0.0,17,217.0,219.5,17,209.0,0.0,0.0,0.0,0.0,0.0,20
2023-05-10 21:24:20,MA401P2450,MA401P2450,209.0,0.0,0.0,0.0,17,217.0,219.0,10,209.0,0.0,0.0,0.0,0.0,0.0,20
2023-05-10 21:24:23,MA401P2450,MA401P2450,209.0,0.0,0.0,0.0,7,217.0,218.5,10,209.0,0.0,0.0,0.0,0.0,0.0,20
2023-05-10 21:24:24,MA401P2450,MA401P2450,209.0,0.0,0.0,0.0,17,216.5,218.5,10,209.0,0.0,0.0,0.0,0.0,0.0,20
2023-05-10 21:24:36,MA401P2450,MA401P2450,209.0,0.0,0.0,0.0,17,216.5,219.0,17,209.0,0.0,0.0,0.0,0.0,0.0,20
2023-05-10 21:24:39,MA401P2450,MA401P2450,209.0,0.0,0.0,0.0,10,217.0,219.0,7,209.0,0.0,0.0,0.0,0.0,0.0,20
2023-05-10 21:24:46,MA401P2450,MA401P2450,209.0,0.0,0.0,0.0,10,217.0,219.0,17,209.0,0.0,0.0,0.0,0.0,0.0,20
2023-05-10 21:24:56,MA401P2450,MA401P2450,209.0,0.0,0.0,0.0,17,216.5,219.0,17,209.0,0.0,0.0,0.0,0.0,0.0,20
2023-05-10 21:25:45,MA401P2450,MA401P2450,209.0,0.0,0.0,0.0,10,217.0,219.5,17,209.0,0.0,0.0,0.0,0.0,0.0,20
2023-05-10 21:25:46,MA401P2450,MA401P2450,209.0,0.0,0.0,0.0,7,217.5,219.5,17,209.0,0.0,0.0,0.0,0.0,0.0,20
2023-05-10 21:25:47,MA401P2450,MA401P2450,209.0,0.0,0.0,0.0,17,217.5,219.5,7,209.0,0.0,0.0,0.0,0.0,0.0,20
2023-05-10 21:25:47,MA401P2450,MA401P2450,209.0,0.0,0.0,0.0,17,217.5,220.0,10,209.0,0.0,0.0,0.0,0.0,0.0,20
2023-05-10 21:25:49,MA401P2450,MA401P2450,209.0,0.0,0.0,0.0,17,217.5,219.5,10,209.0,0.0,0.0,0.0,0.0,0.0,20
2023-05-10 21:26:05,MA401P2450,MA401P2450,209.0,0.0,0.0,0.0,17,217.5,219.5,17,209.0,0.0,0.0,0.0,0.0,0.0,20
2023-05-10 21:26:05,MA401P2450,MA401P2450,209.0,0.0,0.0,0.0,10,217.0,219.5,17,209.0,0.0,0.0,0.0,0.0,0.0,20
2023-05-10 21:26:18,MA401P2450,MA401P2450,209.0,0.0,0.0,0.0,17,217.0,219.5,17,209.0,0.0,0.0,0.0,0.0,0.0,20
2023-05-10 21:26:33,MA401P2450,MA401P2450,209.0,0.0,0.0,0.0,10,217.5,219.5,7,209.0,0.0,0.0,0.0,0.0,0.0,20
2023-05-10 21:27:11,MA401P2450,MA401P2450,209.0,0.0,0.0,0.0,7,217.0,220.0,7,209.0,0.0,0.0,0.0,0.0,0.0,20
2023-05-10 21:27:12,MA401P2450,MA401P2450,209.0,0.0,0.0,0.0,10,217.5,220.0,17,209.0,0.0,0.0,0.0,0.0,0.0,20
2023-05-10 21:27:13,MA401P2450,MA401P2450,209.0,0.0,0.0,0.0,17,217.5,220.0,17,209.0,0.0,0.0,0.0,0.0,0.0,20
2023-05-10 21:28:09,MA401P2450,MA401P2450,209.0,0.0,0.0,0.0,10,218.0,220.0,7,209.0,0.0,0.0,0.0,0.0,0.0,20
2023-05-10 21:28:14,MA401P2450,MA401P2450,209.0,0.0,0.0,0.0,10,218.0,220.0,17,209.0,0.0,0.0,0.0,0.0,0.0,20
2023-05-10 21:28:19,MA401P2450,MA401P2450,209.0,0.0,0.0,0.0,10,218.0,220.0,7,209.0,0.0,0.0,0.0,0.0,0.0,20
2023-05-10 21:29:03,MA401P2450,MA401P2450,209.0,0.0,0.0,0.0,17,217.5,220.0,7,209.0,0.0,0.0,0.0,0.0,0.0,20
2023-05-10 21:29:04,MA401P2450,MA401P2450,209.0,0.0,0.0,0.0,7,217.5,220.0,7,209.0,0.0,0.0,0.0,0.0,0.0,20
2023-05-10 21:29:33,MA401P2450,MA401P2450,209.0,0.0,0.0,0.0,7,218.0,221.5,10,209.0,0.0,0.0,0.0,0.0,0.0,20
2023-05-10 21:29:33,MA401P2450,MA401P2450,209.0,0.0,0.0,0.0,17,218.0,222.0,10,209.0,0.0,0.0,0.0,0.0,0.0,20
2023-05-10 21:29:38,MA401P2450,MA401P2450,209.0,0.0,0.0,0.0,10,218.5,223.0,10,209.0,0.0,0.0,0.0,0.0,0.0,20
2023-05-10 21:29:39,MA401P2450,MA401P2450,209.0,0.0,0.0,0.0,10,218.5,222.0,7,209.0,0.0,0.0,0.0,0.0,0.0,20
2023-05-10 21:29:42,MA401P2450,MA401P2450,209.0,0.0,0.0,0.0,7,219.0,222.0,7,209.0,0.0,0.0,0.0,0.0,0.0,20
2023-05-10 21:29:45,MA401P2450,MA401P2450,209.0,0.0,0.0,0.0,7,219.5,222.0,7,209.0,0.0,0.0,0.0,0.0,0.0,20
2023-05-10 21:30:18,MA401P2450,MA401P2450,209.0,0.0,0.0,0.0,7,219.5,221.5,7,209.0,0.0,0.0,0.0,0.0,0.0,20
2023-05-10 21:30:38,MA401P2450,MA401P2450,209.0,0.0,0.0,0.0,7,219.0,221.5,7,209.0,0.0,0.0,0.0,0.0,0.0,20
2023-05-10 21:31:06,MA401P2450,MA401P2450,209.0,0.0,0.0,0.0,17,219.0,221.5,17,209.0,0.0,0.0,0.0,0.0,0.0,20
2023-05-10 21:31:08,MA401P2450,MA401P2450,209.0,0.0,0.0,0.0,17,219.0,221.0,10,209.0,0.0,0.0,0.0,0.0,0.0,20
2023-05-10 21:31:10,MA401P2450,MA401P2450,209.0,0.0,0.0,0.0,7,219.0,221.0,10,209.0,0.0,0.0,0.0,0.0,0.0,20
2023-05-10 21:31:29,MA401P2450,MA401P2450,209.0,0.0,0.0,0.0,7,219.0,221.0,17,209.0,0.0,0.0,0.0,0.0,0.0,20
2023-05-10 21:31:34,MA401P2450,MA401P2450,209.0,0.0,0.0,0.0,10,218.5,221.0,17,209.0,0.0,0.0,0.0,0.0,0.0,20
2023-05-10 21:31:41,MA401P2450,MA401P2450,209.0,0.0,0.0,0.0,10,218.5,220.5,10,209.0,0.0,0.0,0.0,0.0,0.0,20
2023-05-10 21:32:34,MA401P2450,MA401P2450,209.0,0.0,0.0,0.0,17,218.0,220.5,10,209.0,0.0,0.0,0.0,0.0,0.0,20
2023-05-10 21:32:42,MA401P2450,MA401P2450,209.0,0.0,0.0,0.0,7,218.5,220.5,10,209.0,0.0,0.0,0.0,0.0,0.0,20
2023-05-10 21:32:46,MA401P2450,MA401P2450,209.0,0.0,0.0,0.0,17,218.5,221.0,27,209.0,0.0,0.0,0.0,0.0,0.0,20
2023-05-10 21:32:46,MA401P2450,MA401P2450,209.0,0.0,0.0,0.0,17,218.5,221.0,17,209.0,0.0,0.0,0.0,0.0,0.0,20
2023-05-10 21:32:50,MA401P2450,MA401P2450,209.0,0.0,0.0,0.0,7,219.0,221.0,17,209.0,0.0,0.0,0.0,0.0,0.0,20
2023-05-10 21:32:51,MA401P2450,MA401P2450,209.0,0.0,0.0,0.0,17,219.0,221.5,27,209.0,0.0,0.0,0.0,0.0,0.0,20
2023-05-10 21:32:51,MA401P2450,MA401P2450,209.0,0.0,0.0,0.0,17,219.0,221.5,17,209.0,0.0,0.0,0.0,0.0,0.0,20
2023-05-10 21:32:56,MA401P2450,MA401P2450,209.0,0.0,0.0,0.0,7,219.5,221.5,10,209.0,0.0,0.0,0.0,0.0,0.0,20
2023-05-10 21:32:57,MA401P2450,MA401P2450,209.0,0.0,0.0,0.0,17,219.5,222.0,10,209.0,0.0,0.0,0.0,0.0,0.0,20
2023-05-10 21:33:01,MA401P2450,MA401P2450,209.0,0.0,0.0,0.0,10,220.0,222.5,27,209.0,0.0,0.0,0.0,0.0,0.0,20
2023-05-10 21:33:01,MA401P2450,MA401P2450,209.0,0.0,0.0,0.0,10,220.0,222.5,17,209.0,0.0,0.0,0.0,0.0,0.0,20
2023-05-10 21:33:13,MA401P2450,MA401P2450,209.0,0.0,0.0,0.0,10,220.5,222.5,7,209.0,0.0,0.0,0.0,0.0,0.0,20
2023-05-10 21:33:15,MA401P2450,MA401P2450,209.0,0.0,0.0,0.0,10,220.5,222.5,17,209.0,0.0,0.0,0.0,0.0,0.0,20
2023-05-10 21:33:18,MA401P2450,MA401P2450,209.0,0.0,0.0,0.0,10,220.5,222.5,7,209.0,0.0,0.0,0.0,0.0,0.0,20
2023-05-10 21:33:23,MA401P2450,MA401P2450,209.0,0.0,0.0,0.0,10,220.5,222.5,17,209.0,0.0,0.0,0.0,0.0,0.0,20
2023-05-10 21:33:28,MA401P2450,MA401P2450,209.0,0.0,0.0,0.0,17,220.0,222.0,10,209.0,0.0,0.0,0.0,0.0,0.0,20
2023-05-10 21:33:44,MA401P2450,MA401P2450,209.0,0.0,0.0,0.0,10,220.5,222.5,17,209.0,0.0,0.0,0.0,0.0,0.0,20
2023-05-10 21:33:47,MA401P2450,MA401P2450,209.0,0.0,0.0,0.0,17,220.0,222.5,17,209.0,0.0,0.0,0.0,0.0,0.0,20
2023-05-10 21:34:49,MA401P2450,MA401P2450,209.0,0.0,0.0,0.0,10,220.5,222.5,7,209.0,0.0,0.0,0.0,0.0,0.0,20
2023-05-10 21:34:50,MA401P2450,MA401P2450,209.0,0.0,0.0,0.0,10,220.5,223.0,10,209.0,0.0,0.0,0.0,0.0,0.0,20
2023-05-10 21:34:51,MA401P2450,MA401P2450,209.0,0.0,0.0,0.0,17,220.5,223.0,10,209.0,0.0,0.0,0.0,0.0,0.0,20
2023-05-10 21:35:01,MA401P2450,MA401P2450,209.0,0.0,0.0,0.0,17,220.5,223.0,17,209.0,0.0,0.0,0.0,0.0,0.0,20
2023-05-10 21:35:08,MA401P2450,MA401P2450,209.0,0.0,0.0,0.0,17,220.5,222.5,7,209.0,0.0,0.0,0.0,0.0,0.0,20
2023-05-10 21:35:08,MA401P2450,MA401P2450,209.0,0.0,0.0,0.0,7,220.5,222.5,17,209.0,0.0,0.0,0.0,0.0,0.0,20
2023-05-10 21:35:21,MA401P2450,MA401P2450,209.0,0.0,0.0,0.0,17,220.5,222.5,7,209.0,0.0,0.0,0.0,0.0,0.0,20
2023-05-10 21:35:27,MA401P2450,MA401P2450,209.0,0.0,0.0,0.0,10,221.0,222.5,7,209.0,0.0,0.0,0.0,0.0,0.0,20
2023-05-10 21:35:27,MA401P2450,MA401P2450,209.0,0.0,0.0,0.0,10,221.0,223.0,7,209.0,0.0,0.0,0.0,0.0,0.0,20
2023-05-10 21:35:32,MA401P2450,MA401P2450,209.0,0.0,0.0,0.0,10,221.0,223.0,17,209.0,0.0,0.0,0.0,0.0,0.0,20
2023-05-10 21:35:34,MA401P2450,MA401P2450,209.0,0.0,0.0,0.0,17,220.5,223.0,17,209.0,0.0,0.0,0.0,0.0,0.0,20
2023-05-10 21:36:06,MA401P2450,MA401P2450,209.0,0.0,0.0,0.0,10,221.0,223.0,7,209.0,0.0,0.0,0.0,0.0,0.0,20
2023-05-10 21:36:12,MA401P2450,MA401P2450,209.0,0.0,0.0,0.0,10,221.0,223.0,17,209.0,0.0,0.0,0.0,0.0,0.0,20
2023-05-10 21:36:13,MA401P2450,MA401P2450,209.0,0.0,0.0,0.0,17,220.5,223.0,17,209.0,0.0,0.0,0.0,0.0,0.0,20
2023-05-10 21:36:47,MA401P2450,MA401P2450,209.0,0.0,0.0,0.0,17,220.5,222.5,10,209.0,0.0,0.0,0.0,0.0,0.0,20
2023-05-10 21:36:53,MA401P2450,MA401P2450,209.0,0.0,0.0,0.0,17,220.5,223.0,17,209.0,0.0,0.0,0.0,0.0,0.0,20
2023-05-10 21:37:05,MA401P2450,MA401P2450,209.0,0.0,0.0,0.0,7,221.0,223.0,17,209.0,0.0,0.0,0.0,0.0,0.0,20
2023-05-10 21:37:06,MA401P2450,MA401P2450,209.0,0.0,0.0,0.0,17,221.0,223.0,7,209.0,0.0,0.0,0.0,0.0,0.0,20
2023-05-10 21:37:07,MA401P2450,MA401P2450,209.0,0.0,0.0,0.0,17,221.0,223.5,20,209.0,0.0,0.0,0.0,0.0,0.0,20
2023-05-10 21:37:07,MA401P2450,MA401P2450,209.0,0.0,0.0,0.0,17,221.0,223.5,10,209.0,0.0,0.0,0.0,0.0,0.0,20
2023-05-10 21:37:10,MA401P2450,MA401P2450,209.0,0.0,0.0,0.0,17,221.0,223.0,10,209.0,0.0,0.0,0.0,0.0,0.0,20
2023-05-10 21:37:15,MA401P2450,MA401P2450,209.0,0.0,0.0,0.0,17,221.0,223.5,17,209.0,0.0,0.0,0.0,0.0,0.0,20
2023-05-10 21:37:28,MA401P2450,MA401P2450,209.0,0.0,0.0,0.0,7,221.0,223.0,10,209.0,0.0,0.0,0.0,0.0,0.0,20
2023-05-10 21:37:30,MA401P2450,MA401P2450,209.0,0.0,0.0,0.0,17,221.0,223.5,17,209.0,0.0,0.0,0.0,0.0,0.0,20
2023-05-10 21:38:01,MA401P2450,MA401P2450,209.0,0.0,0.0,0.0,7,221.5,223.5,17,209.0,0.0,0.0,0.0,0.0,0.0,20
2023-05-10 21:38:01,MA401P2450,MA401P2450,209.0,0.0,0.0,0.0,17,221.5,224.0,20,209.0,0.0,0.0,0.0,0.0,0.0,20
2023-05-10 21:38:01,MA401P2450,MA401P2450,209.0,0.0,0.0,0.0,17,221.5,224.0,10,209.0,0.0,0.0,0.0,0.0,0.0,20
2023-05-10 21:38:24,MA401P2450,MA401P2450,209.0,0.0,0.0,0.0,17,221.5,224.0,17,209.0,0.0,0.0,0.0,0.0,0.0,20
2023-05-10 21:38:24,MA401P2450,MA401P2450,209.0,0.0,0.0,0.0,7,221.5,223.5,10,209.0,0.0,0.0,0.0,0.0,0.0,20
2023-05-10 21:38:25,MA401P2450,MA401P2450,209.0,0.0,0.0,0.0,17,221.5,224.0,17,209.0,0.0,0.0,0.0,0.0,0.0,20
2023-05-10 21:38:49,MA401P2450,MA401P2450,209.0,0.0,0.0,0.0,7,222.0,224.0,17,209.0,0.0,0.0,0.0,0.0,0.0,20
2023-05-10 21:39:04,MA401P2450,MA401P2450,209.0,0.0,0.0,0.0,17,222.0,224.0,7,209.0,0.0,0.0,0.0,0.0,0.0,20
2023-05-10 21:39:06,MA401P2450,MA401P2450,209.0,0.0,0.0,0.0,7,222.0,224.0,17,209.0,0.0,0.0,0.0,0.0,0.0,20
2023-05-10 21:39:15,MA401P2450,MA401P2450,209.0,0.0,0.0,0.0,17,222.0,224.0,7,209.0,0.0,0.0,0.0,0.0,0.0,20
2023-05-10 21:39:24,MA401P2450,MA401P2450,209.0,0.0,0.0,0.0,17,222.0,224.5,17,209.0,0.0,0.0,0.0,0.0,0.0,20
2023-05-10 21:39:47,MA401P2450,MA401P2450,209.0,0.0,0.0,0.0,7,222.5,224.5,17,209.0,0.0,0.0,0.0,0.0,0.0,20
2023-05-10 21:39:51,MA401P2450,MA401P2450,209.0,0.0,0.0,0.0,7,222.5,224.5,10,209.0,0.0,0.0,0.0,0.0,0.0,20
2023-05-10 21:39:52,MA401P2450,MA401P2450,209.0,0.0,0.0,0.0,17,222.5,225.0,10,209.0,0.0,0.0,0.0,0.0,0.0,20
2023-05-10 21:40:02,MA401P2450,MA401P2450,209.0,0.0,0.0,0.0,17,222.5,225.0,17,209.0,0.0,0.0,0.0,0.0,0.0,20
2023-05-10 21:40:13,MA401P2450,MA401P2450,209.0,0.0,0.0,0.0,7,222.5,224.5,10,209.0,0.0,0.0,0.0,0.0,0.0,20
2023-05-10 21:40:14,MA401P2450,MA401P2450,209.0,0.0,0.0,0.0,17,222.5,225.0,17,209.0,0.0,0.0,0.0,0.0,0.0,20
2023-05-10 21:40:16,MA401P2450,MA401P2450,209.0,0.0,0.0,0.0,10,223.0,225.0,7,209.0,0.0,0.0,0.0,0.0,0.0,20
2023-05-10 21:40:19,MA401P2450,MA401P2450,209.0,0.0,0.0,0.0,10,223.0,225.0,17,209.0,0.0,0.0,0.0,0.0,0.0,20
2023-05-10 21:40:21,MA401P2450,MA401P2450,209.0,0.0,0.0,0.0,17,222.5,225.0,17,209.0,0.0,0.0,0.0,0.0,0.0,20
2023-05-10 21:41:36,MA401P2450,MA401P2450,209.0,0.0,0.0,0.0,10,223.5,225.0,7,209.0,0.0,0.0,0.0,0.0,0.0,20
2023-05-10 21:41:45,MA401P2450,MA401P2450,209.0,0.0,0.0,0.0,17,223.0,225.0,7,209.0,0.0,0.0,0.0,0.0,0.0,20
2023-05-10 21:41:59,MA401P2450,MA401P2450,209.0,0.0,0.0,0.0,7,223.0,225.0,7,209.0,0.0,0.0,0.0,0.0,0.0,20
2023-05-10 21:42:00,MA401P2450,MA401P2450,209.0,0.0,0.0,0.0,17,223.0,225.5,17,209.0,0.0,0.0,0.0,0.0,0.0,20
2023-05-10 21:42:01,MA401P2450,MA401P2450,209.0,0.0,0.0,0.0,10,223.5,225.5,17,209.0,0.0,0.0,0.0,0.0,0.0,20
2023-05-10 21:42:03,MA401P2450,MA401P2450,209.0,0.0,0.0,0.0,17,223.5,225.5,17,209.0,0.0,0.0,0.0,0.0,0.0,20
2023-05-10 21:42:12,MA401P2450,MA401P2450,209.0,0.0,0.0,0.0,17,223.5,225.5,7,209.0,0.0,0.0,0.0,0.0,0.0,20
2023-05-10 21:42:16,MA401P2450,MA401P2450,209.0,0.0,0.0,0.0,7,223.5,225.5,7,209.0,0.0,0.0,0.0,0.0,0.0,20
2023-05-10 21:42:17,MA401P2450,MA401P2450,209.0,0.0,0.0,0.0,10,224.0,225.5,7,209.0,0.0,0.0,0.0,0.0,0.0,20
2023-05-10 21:42:17,MA401P2450,MA401P2450,209.0,0.0,0.0,0.0,7,223.5,225.5,7,209.0,0.0,0.0,0.0,0.0,0.0,20
2023-05-10 21:42:20,MA401P2450,MA401P2450,209.0,0.0,0.0,0.0,10,224.0,226.0,10,209.0,0.0,0.0,0.0,0.0,0.0,20
2023-05-10 21:42:27,MA401P2450,MA401P2450,209.0,0.0,0.0,0.0,17,224.0,226.0,10,209.0,0.0,0.0,0.0,0.0,0.0,20
2023-05-10 21:42:28,MA401P2450,MA401P2450,209.0,0.0,0.0,0.0,10,224.5,226.5,7,209.0,0.0,0.0,0.0,0.0,0.0,20
2023-05-10 21:42:29,MA401P2450,MA401P2450,209.0,0.0,0.0,0.0,17,224.0,226.5,17,209.0,0.0,0.0,0.0,0.0,0.0,20
2023-05-10 21:43:27,MA401P2450,MA401P2450,209.0,0.0,0.0,0.0,7,224.0,226.5,7,209.0,0.0,0.0,0.0,0.0,0.0,20
2023-05-10 21:43:27,MA401P2450,MA401P2450,209.0,0.0,0.0,0.0,10,224.5,226.5,7,209.0,0.0,0.0,0.0,0.0,0.0,20
2023-05-10 21:43:31,MA401P2450,MA401P2450,209.0,0.0,0.0,0.0,17,224.5,227.0,20,209.0,0.0,0.0,0.0,0.0,0.0,20
2023-05-10 21:43:32,MA401P2450,MA401P2450,209.0,0.0,0.0,0.0,17,224.5,227.0,10,209.0,0.0,0.0,0.0,0.0,0.0,20
2023-05-10 21:43:32,MA401P2450,MA401P2450,209.0,0.0,0.0,0.0,10,225.0,227.5,10,209.0,0.0,0.0,0.0,0.0,0.0,20
2023-05-10 21:43:33,MA401P2450,MA401P2450,209.0,0.0,0.0,0.0,27,224.5,227.0,10,209.0,0.0,0.0,0.0,0.0,0.0,20
2023-05-10 21:43:33,MA401P2450,MA401P2450,209.0,0.0,0.0,0.0,17,224.5,227.0,10,209.0,0.0,0.0,0.0,0.0,0.0,20
2023-05-10 21:43:36,MA401P2450,MA401P2450,209.0,0.0,0.0,0.0,10,225.5,227.5,17,209.0,0.0,0.0,0.0,0.0,0.0,20
2023-05-10 21:43:37,MA401P2450,MA401P2450,209.0,0.0,0.0,0.0,10,225.0,228.5,10,209.0,0.0,0.0,0.0,0.0,0.0,20
2023-05-10 21:43:37,MA401P2450,MA401P2450,209.0,0.0,0.0,0.0,10,226.0,229.5,10,209.0,0.0,0.0,0.0,0.0,0.0,20
2023-05-10 21:43:38,MA401P2450,MA401P2450,209.0,0.0,0.0,0.0,10,227.5,232.0,10,209.0,0.0,0.0,0.0,0.0,0.0,20
2023-05-10 21:43:40,MA401P2450,MA401P2450,209.0,0.0,0.0,0.0,10,227.5,231.5,10,209.0,0.0,0.0,0.0,0.0,0.0,20
2023-05-10 21:43:41,MA401P2450,MA401P2450,209.0,0.0,0.0,0.0,10,227.0,231.5,10,209.0,0.0,0.0,0.0,0.0,0.0,20
2023-05-10 21:43:42,MA401P2450,MA401P2450,209.0,0.0,0.0,0.0,10,226.5,231.0,10,209.0,0.0,0.0,0.0,0.0,0.0,20
2023-05-10 21:43:43,MA401P2450,MA401P2450,209.0,0.0,0.0,0.0,20,226.0,230.5,10,209.0,0.0,0.0,0.0,0.0,0.0,20
2023-05-10 21:43:44,MA401P2450,MA401P2450,209.0,0.0,0.0,0.0,10,226.0,230.5,10,209.0,0.0,0.0,0.0,0.0,0.0,20
2023-05-10 21:43:45,MA401P2450,MA401P2450,209.0,0.0,0.0,0.0,10,225.5,230.0,10,209.0,0.0,0.0,0.0,0.0,0.0,20
2023-05-10 21:43:52,MA401P2450,MA401P2450,209.0,0.0,0.0,0.0,10,226.5,230.5,20,209.0,0.0,0.0,0.0,0.0,0.0,20
2023-05-10 21:43:52,MA401P2450,MA401P2450,209.0,0.0,0.0,0.0,10,226.5,230.5,10,209.0,0.0,0.0,0.0,0.0,0.0,20
2023-05-10 21:43:54,MA401P2450,MA401P2450,209.0,0.0,0.0,0.0,10,226.5,230.0,7,209.0,0.0,0.0,0.0,0.0,0.0,20
2023-05-10 21:43:59,MA401P2450,MA401P2450,209.0,0.0,0.0,0.0,7,227.0,230.0,7,209.0,0.0,0.0,0.0,0.0,0.0,20
2023-05-10 21:44:03,MA401P2450,MA401P2450,209.0,0.0,0.0,0.0,7,227.0,229.5,7,209.0,0.0,0.0,0.0,0.0,0.0,20
2023-05-10 21:44:13,MA401P2450,MA401P2450,209.0,0.0,0.0,0.0,7,227.0,229.5,17,209.0,0.0,0.0,0.0,0.0,0.0,20
2023-05-10 21:44:14,MA401P2450,MA401P2450,209.0,0.0,0.0,0.0,17,226.0,229.0,7,209.0,0.0,0.0,0.0,0.0,0.0,20
2023-05-10 21:44:14,MA401P2450,MA401P2450,209.0,0.0,0.0,0.0,17,226.0,229.0,17,209.0,0.0,0.0,0.0,0.0,0.0,20
2023-05-10 21:44:15,MA401P2450,MA401P2450,209.0,0.0,0.0,0.0,7,226.0,229.0,17,209.0,0.0,0.0,0.0,0.0,0.0,20
2023-05-10 21:44:27,MA401P2450,MA401P2450,209.0,0.0,0.0,0.0,7,226.0,228.5,7,209.0,0.0,0.0,0.0,0.0,0.0,20
2023-05-10 21:45:06,MA401P2450,MA401P2450,209.0,0.0,0.0,0.0,10,227.0,228.5,7,209.0,0.0,0.0,0.0,0.0,0.0,20
2023-05-10 21:45:12,MA401P2450,MA401P2450,209.0,0.0,0.0,0.0,10,226.5,228.5,7,209.0,0.0,0.0,0.0,0.0,0.0,20
2023-05-10 21:45:15,MA401P2450,MA401P2450,209.0,0.0,0.0,0.0,10,226.5,228.5,17,209.0,0.0,0.0,0.0,0.0,0.0,20
2023-05-10 21:45:23,MA401P2450,MA401P2450,209.0,0.0,0.0,0.0,10,226.0,228.5,27,209.0,0.0,0.0,0.0,0.0,0.0,20
2023-05-10 21:45:23,MA401P2450,MA401P2450,209.0,0.0,0.0,0.0,10,225.0,228.5,17,209.0,0.0,0.0,0.0,0.0,0.0,20
2023-05-10 21:45:24,MA401P2450,MA401P2450,209.0,0.0,0.0,0.0,20,225.5,228.5,7,209.0,0.0,0.0,0.0,0.0,0.0,20
2023-05-10 21:45:24,MA401P2450,MA401P2450,209.0,0.0,0.0,0.0,10,225.5,228.5,17,209.0,0.0,0.0,0.0,0.0,0.0,20
2023-05-10 21:45:26,MA401P2450,MA401P2450,209.0,0.0,0.0,0.0,10,225.5,228.5,7,209.0,0.0,0.0,0.0,0.0,0.0,20
2023-05-10 21:45:33,MA401P2450,MA401P2450,209.0,0.0,0.0,0.0,17,225.5,228.5,7,209.0,0.0,0.0,0.0,0.0,0.0,20
2023-05-10 21:45:34,MA401P2450,MA401P2450,209.0,0.0,0.0,0.0,10,226.5,228.5,7,209.0,0.0,0.0,0.0,0.0,0.0,20
2023-05-10 21:45:37,MA401P2450,MA401P2450,209.0,0.0,0.0,0.0,10,226.0,228.5,17,209.0,0.0,0.0,0.0,0.0,0.0,20
2023-05-10 21:45:51,MA401P2450,MA401P2450,209.0,0.0,0.0,0.0,17,226.0,228.5,17,209.0,0.0,0.0,0.0,0.0,0.0,20
2023-05-10 21:46:46,MA401P2450,MA401P2450,209.0,0.0,0.0,0.0,17,226.0,228.5,27,209.0,0.0,0.0,0.0,0.0,0.0,20
2023-05-10 21:46:47,MA401P2450,MA401P2450,209.0,0.0,0.0,0.0,17,226.0,228.5,17,209.0,0.0,0.0,0.0,0.0,0.0,20
2023-05-10 21:46:49,MA401P2450,MA401P2450,209.0,0.0,0.0,0.0,17,226.0,228.5,27,209.0,0.0,0.0,0.0,0.0,0.0,20
2023-05-10 21:46:51,MA401P2450,MA401P2450,209.0,0.0,0.0,0.0,17,226.0,228.5,17,209.0,0.0,0.0,0.0,0.0,0.0,20
2023-05-10 21:47:46,MA401P2450,MA401P2450,209.0,0.0,0.0,0.0,10,226.5,228.5,7,209.0,0.0,0.0,0.0,0.0,0.0,20
2023-05-10 21:48:07,MA401P2450,MA401P2450,209.0,0.0,0.0,0.0,7,226.5,228.5,7,209.0,0.0,0.0,0.0,0.0,0.0,20
2023-05-10 21:48:08,MA401P2450,MA401P2450,209.0,0.0,0.0,0.0,17,226.5,229.0,27,209.0,0.0,0.0,0.0,0.0,0.0,20
2023-05-10 21:48:08,MA401P2450,MA401P2450,209.0,0.0,0.0,0.0,17,226.5,229.0,17,209.0,0.0,0.0,0.0,0.0,0.0,20
2023-05-10 21:48:11,MA401P2450,MA401P2450,209.0,0.0,0.0,0.0,7,226.5,229.0,7,209.0,0.0,0.0,0.0,0.0,0.0,20
2023-05-10 21:48:11,MA401P2450,MA401P2450,209.0,0.0,0.0,0.0,10,227.0,229.0,17,209.0,0.0,0.0,0.0,0.0,0.0,20
2023-05-10 21:48:15,MA401P2450,MA401P2450,209.0,0.0,0.0,0.0,10,227.0,229.0,7,209.0,0.0,0.0,0.0,0.0,0.0,20
2023-05-10 21:48:16,MA401P2450,MA401P2450,209.0,0.0,0.0,0.0,37,226.5,230.0,20,209.0,0.0,0.0,0.0,0.0,0.0,20
2023-05-10 21:48:16,MA401P2450,MA401P2450,209.0,0.0,0.0,0.0,27,226.5,230.5,30,209.0,0.0,0.0,0.0,0.0,0.0,20
2023-05-10 21:48:17,MA401P2450,MA401P2450,209.0,0.0,0.0,0.0,10,227.0,230.5,10,209.0,0.0,0.0,0.0,0.0,0.0,20
2023-05-10 21:48:21,MA401P2450,MA401P2450,209.0,0.0,0.0,0.0,20,227.0,231.0,30,209.0,0.0,0.0,0.0,0.0,0.0,20
2023-05-10 21:48:22,MA401P2450,MA401P2450,209.0,0.0,0.0,0.0,20,227.0,231.0,10,209.0,0.0,0.0,0.0,0.0,0.0,20
2023-05-10 21:48:25,MA401P2450,MA401P2450,209.0,0.0,0.0,0.0,7,227.5,231.0,10,209.0,0.0,0.0,0.0,0.0,0.0,20
2023-05-10 21:48:25,MA401P2450,MA401P2450,209.0,0.0,0.0,0.0,7,227.5,230.5,7,209.0,0.0,0.0,0.0,0.0,0.0,20
2023-05-10 21:48:26,MA401P2450,MA401P2450,209.0,0.0,0.0,0.0,10,228.0,230.5,17,209.0,0.0,0.0,0.0,0.0,0.0,20
2023-05-10 21:48:27,MA401P2450,MA401P2450,209.0,0.0,0.0,0.0,10,228.5,230.5,17,209.0,0.0,0.0,0.0,0.0,0.0,20
2023-05-10 21:48:28,MA401P2450,MA401P2450,209.0,0.0,0.0,0.0,17,227.5,230.5,7,209.0,0.0,0.0,0.0,0.0,0.0,20
2023-05-10 21:48:28,MA401P2450,MA401P2450,209.0,0.0,0.0,0.0,7,228.0,230.5,7,209.0,0.0,0.0,0.0,0.0,0.0,20
2023-05-10 21:48:29,MA401P2450,MA401P2450,209.0,0.0,0.0,0.0,10,228.5,230.5,7,209.0,0.0,0.0,0.0,0.0,0.0,20
2023-05-10 21:48:31,MA401P2450,MA401P2450,209.0,0.0,0.0,0.0,10,228.5,230.5,17,209.0,0.0,0.0,0.0,0.0,0.0,20
2023-05-10 21:48:34,MA401P2450,MA401P2450,209.0,0.0,0.0,0.0,17,228.0,230.5,17,209.0,0.0,0.0,0.0,0.0,0.0,20
2023-05-10 21:48:35,MA401P2450,MA401P2450,209.0,0.0,0.0,0.0,17,228.0,230.0,20,209.0,0.0,0.0,0.0,0.0,0.0,20
2023-05-10 21:48:36,MA401P2450,MA401P2450,209.0,0.0,0.0,0.0,7,228.0,230.5,17,209.0,0.0,0.0,0.0,0.0,0.0,20
2023-05-10 21:48:36,MA401P2450,MA401P2450,209.0,0.0,0.0,0.0,17,228.0,230.5,27,209.0,0.0,0.0,0.0,0.0,0.0,20
2023-05-10 21:48:37,MA401P2450,MA401P2450,209.0,0.0,0.0,0.0,17,228.0,230.5,17,209.0,0.0,0.0,0.0,0.0,0.0,20
2023-05-10 21:48:42,MA401P2450,MA401P2450,209.0,0.0,0.0,0.0,10,228.5,231.0,10,209.0,0.0,0.0,0.0,0.0,0.0,20
2023-05-10 21:48:42,MA401P2450,MA401P2450,209.0,0.0,0.0,0.0,27,228.0,232.0,20,209.0,0.0,0.0,0.0,0.0,0.0,20
2023-05-10 21:48:43,MA401P2450,MA401P2450,209.0,0.0,0.0,0.0,27,228.0,232.0,10,209.0,0.0,0.0,0.0,0.0,0.0,20
2023-05-10 21:48:44,MA401P2450,MA401P2450,209.0,0.0,0.0,0.0,10,228.5,231.0,10,209.0,0.0,0.0,0.0,0.0,0.0,20
2023-05-10 21:48:45,MA401P2450,MA401P2450,209.0,0.0,0.0,0.0,10,229.0,231.5,10,209.0,0.0,0.0,0.0,0.0,0.0,20
2023-05-10 21:48:48,MA401P2450,MA401P2450,209.0,0.0,0.0,0.0,10,230.0,232.0,20,209.0,0.0,0.0,0.0,0.0,0.0,20
2023-05-10 21:48:48,MA401P2450,MA401P2450,209.0,0.0,0.0,0.0,10,229.5,232.0,10,209.0,0.0,0.0,0.0,0.0,0.0,20
2023-05-10 21:48:50,MA401P2450,MA401P2450,209.0,0.0,0.0,0.0,20,229.0,233.0,10,209.0,0.0,0.0,0.0,0.0,0.0,20
2023-05-10 21:48:53,MA401P2450,MA401P2450,209.0,0.0,0.0,0.0,10,229.5,233.5,20,209.0,0.0,0.0,0.0,0.0,0.0,20
2023-05-10 21:48:53,MA401P2450,MA401P2450,209.0,0.0,0.0,0.0,20,229.0,233.0,10,209.0,0.0,0.0,0.0,0.0,0.0,20
2023-05-10 21:48:54,MA401P2450,MA401P2450,209.0,0.0,0.0,0.0,10,230.5,233.0,20,209.0,0.0,0.0,0.0,0.0,0.0,20
2023-05-10 21:48:55,MA401P2450,MA401P2450,209.0,0.0,0.0,0.0,10,230.0,232.5,10,209.0,0.0,0.0,0.0,0.0,0.0,20
2023-05-10 21:48:56,MA401P2450,MA401P2450,209.0,0.0,0.0,0.0,10,229.0,232.5,10,209.0,0.0,0.0,0.0,0.0,0.0,20
2023-05-10 21:48:57,MA401P2450,MA401P2450,209.0,0.0,0.0,0.0,10,230.0,232.5,10,209.0,0.0,0.0,0.0,0.0,0.0,20
2023-05-10 21:48:58,MA401P2450,MA401P2450,209.0,0.0,0.0,0.0,10,230.0,232.5,17,209.0,0.0,0.0,0.0,0.0,0.0,20
2023-05-10 21:48:59,MA401P2450,MA401P2450,209.0,0.0,0.0,0.0,20,230.0,232.5,17,209.0,0.0,0.0,0.0,0.0,0.0,20
2023-05-10 21:49:00,MA401P2450,MA401P2450,209.0,0.0,0.0,0.0,27,230.0,232.5,17,209.0,0.0,0.0,0.0,0.0,0.0,20
2023-05-10 21:49:01,MA401P2450,MA401P2450,209.0,0.0,0.0,0.0,10,230.5,232.5,7,209.0,0.0,0.0,0.0,0.0,0.0,20
2023-05-10 21:49:03,MA401P2450,MA401P2450,209.0,0.0,0.0,0.0,17,230.0,232.5,27,209.0,0.0,0.0,0.0,0.0,0.0,20
2023-05-10 21:49:06,MA401P2450,MA401P2450,209.0,0.0,0.0,0.0,17,230.0,232.5,17,209.0,0.0,0.0,0.0,0.0,0.0,20
2023-05-10 21:49:20,MA401P2450,MA401P2450,209.0,0.0,0.0,0.0,17,230.0,232.5,27,209.0,0.0,0.0,0.0,0.0,0.0,20
2023-05-10 21:49:21,MA401P2450,MA401P2450,209.0,0.0,0.0,0.0,17,230.0,232.0,7,209.0,0.0,0.0,0.0,0.0,0.0,20
2023-05-10 21:49:21,MA401P2450,MA401P2450,209.0,0.0,0.0,0.0,17,230.0,232.0,17,209.0,0.0,0.0,0.0,0.0,0.0,20
2023-05-10 21:49:26,MA401P2450,MA401P2450,209.0,0.0,0.0,0.0,10,230.0,232.0,17,209.0,0.0,0.0,0.0,0.0,0.0,20
2023-05-10 21:49:27,MA401P2450,MA401P2450,209.0,0.0,0.0,0.0,10,229.5,232.0,17,209.0,0.0,0.0,0.0,0.0,0.0,20
2023-05-10 21:49:35,MA401P2450,MA401P2450,209.0,0.0,0.0,0.0,17,229.5,232.0,17,209.0,0.0,0.0,0.0,0.0,0.0,20
2023-05-10 21:49:36,MA401P2450,MA401P2450,209.0,0.0,0.0,0.0,10,230.0,232.0,7,209.0,0.0,0.0,0.0,0.0,0.0,20
2023-05-10 21:49:45,MA401P2450,MA401P2450,209.0,0.0,0.0,0.0,10,230.0,232.0,17,209.0,0.0,0.0,0.0,0.0,0.0,20
2023-05-10 21:49:45,MA401P2450,MA401P2450,209.0,0.0,0.0,0.0,17,229.5,232.0,17,209.0,0.0,0.0,0.0,0.0,0.0,20
2023-05-10 21:49:51,MA401P2450,MA401P2450,209.0,0.0,0.0,0.0,7,229.5,231.5,10,209.0,0.0,0.0,0.0,0.0,0.0,20
2023-05-10 21:49:59,MA401P2450,MA401P2450,209.0,0.0,0.0,0.0,17,229.5,232.0,27,209.0,0.0,0.0,0.0,0.0,0.0,20
2023-05-10 21:50:00,MA401P2450,MA401P2450,209.0,0.0,0.0,0.0,7,229.5,232.0,17,209.0,0.0,0.0,0.0,0.0,0.0,20
2023-05-10 21:50:01,MA401P2450,MA401P2450,209.0,0.0,0.0,0.0,17,229.5,232.0,27,209.0,0.0,0.0,0.0,0.0,0.0,20
2023-05-10 21:50:05,MA401P2450,MA401P2450,209.0,0.0,0.0,0.0,10,229.5,231.5,17,209.0,0.0,0.0,0.0,0.0,0.0,20
2023-05-10 21:50:05,MA401P2450,MA401P2450,209.0,0.0,0.0,0.0,17,229.0,231.5,27,209.0,0.0,0.0,0.0,0.0,0.0,20
2023-05-10 21:50:16,MA401P2450,MA401P2450,209.0,0.0,0.0,0.0,17,229.0,231.0,10,209.0,0.0,0.0,0.0,0.0,0.0,20
2023-05-10 21:50:18,MA401P2450,MA401P2450,209.0,0.0,0.0,0.0,7,229.0,231.0,10,209.0,0.0,0.0,0.0,0.0,0.0,20
2023-05-10 21:50:20,MA401P2450,MA401P2450,209.0,0.0,0.0,0.0,20,228.5,230.5,10,209.0,0.0,0.0,0.0,0.0,0.0,20
2023-05-10 21:50:21,MA401P2450,MA401P2450,209.0,0.0,0.0,0.0,10,228.5,230.5,10,209.0,0.0,0.0,0.0,0.0,0.0,20
2023-05-10 21:50:22,MA401P2450,MA401P2450,209.0,0.0,0.0,0.0,10,228.5,231.0,27,209.0,0.0,0.0,0.0,0.0,0.0,20
2023-05-10 21:50:33,MA401P2450,MA401P2450,209.0,0.0,0.0,0.0,10,228.5,231.0,17,209.0,0.0,0.0,0.0,0.0,0.0,20
2023-05-10 21:50:35,MA401P2450,MA401P2450,209.0,0.0,0.0,0.0,10,228.5,231.0,27,209.0,0.0,0.0,0.0,0.0,0.0,20
2023-05-10 21:50:38,MA401P2450,MA401P2450,209.0,0.0,0.0,0.0,10,228.5,231.0,17,209.0,0.0,0.0,0.0,0.0,0.0,20
2023-05-10 21:50:38,MA401P2450,MA401P2450,209.0,0.0,0.0,0.0,10,228.5,230.5,20,209.0,0.0,0.0,0.0,0.0,0.0,20
2023-05-10 21:50:40,MA401P2450,MA401P2450,209.0,0.0,0.0,0.0,10,228.5,230.5,10,209.0,0.0,0.0,0.0,0.0,0.0,20
2023-05-10 21:50:53,MA401P2450,MA401P2450,209.0,0.0,0.0,0.0,10,228.5,231.0,27,209.0,0.0,0.0,0.0,0.0,0.0,20
2023-05-10 21:50:54,MA401P2450,MA401P2450,209.0,0.0,0.0,0.0,10,228.5,230.5,10,209.0,0.0,0.0,0.0,0.0,0.0,20
2023-05-10 21:51:01,MA401P2450,MA401P2450,209.0,0.0,0.0,0.0,10,228.5,231.0,27,209.0,0.0,0.0,0.0,0.0,0.0,20
2023-05-10 21:51:04,MA401P2450,MA401P2450,209.0,0.0,0.0,0.0,10,228.5,230.5,10,209.0,0.0,0.0,0.0,0.0,0.0,20
2023-05-10 21:51:04,MA401P2450,MA401P2450,209.0,0.0,0.0,0.0,17,228.5,231.0,27,209.0,0.0,0.0,0.0,0.0,0.0,20
2023-05-10 21:51:05,MA401P2450,MA401P2450,209.0,0.0,0.0,0.0,10,229.0,231.0,7,209.0,0.0,0.0,0.0,0.0,0.0,20
2023-05-10 21:51:10,MA401P2450,MA401P2450,209.0,0.0,0.0,0.0,10,229.0,231.0,17,209.0,0.0,0.0,0.0,0.0,0.0,20
2023-05-10 21:51:12,MA401P2450,MA401P2450,209.0,0.0,0.0,0.0,10,229.0,231.0,27,209.0,0.0,0.0,0.0,0.0,0.0,20
2023-05-10 21:51:12,MA401P2450,MA401P2450,209.0,0.0,0.0,0.0,10,229.0,231.0,17,209.0,0.0,0.0,0.0,0.0,0.0,20
2023-05-10 21:51:16,MA401P2450,MA401P2450,209.0,0.0,0.0,0.0,10,229.0,231.0,27,209.0,0.0,0.0,0.0,0.0,0.0,20
2023-05-10 21:51:17,MA401P2450,MA401P2450,209.0,0.0,0.0,0.0,17,228.5,231.0,27,209.0,0.0,0.0,0.0,0.0,0.0,20
2023-05-10 21:51:17,MA401P2450,MA401P2450,209.0,0.0,0.0,0.0,17,228.5,230.5,10,209.0,0.0,0.0,0.0,0.0,0.0,20
2023-05-10 21:51:22,MA401P2450,MA401P2450,209.0,0.0,0.0,0.0,17,228.5,231.0,27,209.0,0.0,0.0,0.0,0.0,0.0,20
2023-05-10 21:51:28,MA401P2450,MA401P2450,209.0,0.0,0.0,0.0,7,228.5,230.5,20,209.0,0.0,0.0,0.0,0.0,0.0,20
2023-05-10 21:51:30,MA401P2450,MA401P2450,209.0,0.0,0.0,0.0,7,228.5,230.5,27,209.0,0.0,0.0,0.0,0.0,0.0,20
2023-05-10 21:51:36,MA401P2450,MA401P2450,209.0,0.0,0.0,0.0,27,228.0,230.0,10,209.0,0.0,0.0,0.0,0.0,0.0,20
2023-05-10 21:51:37,MA401P2450,MA401P2450,209.0,0.0,0.0,0.0,10,228.5,230.5,27,209.0,0.0,0.0,0.0,0.0,0.0,20
2023-05-10 21:51:37,MA401P2450,MA401P2450,209.0,0.0,0.0,0.0,10,228.5,230.5,17,209.0,0.0,0.0,0.0,0.0,0.0,20
2023-05-10 21:51:39,MA401P2450,MA401P2450,209.0,0.0,0.0,0.0,27,228.0,230.0,10,209.0,0.0,0.0,0.0,0.0,0.0,20
2023-05-10 21:51:40,MA401P2450,MA401P2450,209.0,0.0,0.0,0.0,10,227.5,230.0,10,209.0,0.0,0.0,0.0,0.0,0.0,20
2023-05-10 21:51:41,MA401P2450,MA401P2450,209.0,0.0,0.0,0.0,10,228.0,230.0,10,209.0,0.0,0.0,0.0,0.0,0.0,20
2023-05-10 21:51:41,MA401P2450,MA401P2450,209.0,0.0,0.0,0.0,10,228.0,230.5,27,209.0,0.0,0.0,0.0,0.0,0.0,20
2023-05-10 21:52:21,MA401P2450,MA401P2450,209.0,0.0,0.0,0.0,10,228.0,230.0,10,209.0,0.0,0.0,0.0,0.0,0.0,20
2023-05-10 21:52:26,MA401P2450,MA401P2450,209.0,0.0,0.0,0.0,17,227.5,230.0,20,209.0,0.0,0.0,0.0,0.0,0.0,20
2023-05-10 21:52:30,MA401P2450,MA401P2450,209.0,0.0,0.0,0.0,10,228.0,230.5,27,209.0,0.0,0.0,0.0,0.0,0.0,20
2023-05-10 21:52:35,MA401P2450,MA401P2450,209.0,0.0,0.0,0.0,10,228.0,230.0,10,209.0,0.0,0.0,0.0,0.0,0.0,20
2023-05-10 21:52:49,MA401P2450,MA401P2450,209.0,0.0,0.0,0.0,10,228.0,230.5,27,209.0,0.0,0.0,0.0,0.0,0.0,20
2023-05-10 21:53:19,MA401P2450,MA401P2450,209.0,0.0,0.0,0.0,10,228.5,230.5,17,209.0,0.0,0.0,0.0,0.0,0.0,20
2023-05-10 21:53:23,MA401P2450,MA401P2450,209.0,0.0,0.0,0.0,10,228.0,230.5,27,209.0,0.0,0.0,0.0,0.0,0.0,20
2023-05-10 21:53:25,MA401P2450,MA401P2450,209.0,0.0,0.0,0.0,17,228.0,230.5,27,209.0,0.0,0.0,0.0,0.0,0.0,20
2023-05-10 21:53:28,MA401P2450,MA401P2450,209.0,0.0,0.0,0.0,17,228.0,230.5,17,209.0,0.0,0.0,0.0,0.0,0.0,20
2023-05-10 21:53:34,MA401P2450,MA401P2450,209.0,0.0,0.0,0.0,10,228.5,230.5,7,209.0,0.0,0.0,0.0,0.0,0.0,20
2023-05-10 21:53:36,MA401P2450,MA401P2450,209.0,0.0,0.0,0.0,10,228.5,230.5,17,209.0,0.0,0.0,0.0,0.0,0.0,20
2023-05-10 21:53:43,MA401P2450,MA401P2450,209.0,0.0,0.0,0.0,10,228.5,230.5,7,209.0,0.0,0.0,0.0,0.0,0.0,20
2023-05-10 21:53:44,MA401P2450,MA401P2450,209.0,0.0,0.0,0.0,10,228.5,230.5,17,209.0,0.0,0.0,0.0,0.0,0.0,20
2023-05-10 21:53:45,MA401P2450,MA401P2450,209.0,0.0,0.0,0.0,10,228.5,230.5,27,209.0,0.0,0.0,0.0,0.0,0.0,20
2023-05-10 21:53:46,MA401P2450,MA401P2450,209.0,0.0,0.0,0.0,10,228.5,230.5,17,209.0,0.0,0.0,0.0,0.0,0.0,20
2023-05-10 21:53:56,MA401P2450,MA401P2450,209.0,0.0,0.0,0.0,10,228.5,230.5,7,209.0,0.0,0.0,0.0,0.0,0.0,20
2023-05-10 21:53:58,MA401P2450,MA401P2450,209.0,0.0,0.0,0.0,10,228.5,231.0,27,209.0,0.0,0.0,0.0,0.0,0.0,20
2023-05-10 21:53:59,MA401P2450,MA401P2450,209.0,0.0,0.0,0.0,17,228.5,231.0,17,209.0,0.0,0.0,0.0,0.0,0.0,20
2023-05-10 21:54:01,MA401P2450,MA401P2450,209.0,0.0,0.0,0.0,17,228.5,230.5,10,209.0,0.0,0.0,0.0,0.0,0.0,20
2023-05-10 21:54:03,MA401P2450,MA401P2450,209.0,0.0,0.0,0.0,17,228.5,231.0,17,209.0,0.0,0.0,0.0,0.0,0.0,20
2023-05-10 21:54:04,MA401P2450,MA401P2450,209.0,0.0,0.0,0.0,27,228.5,231.0,17,209.0,0.0,0.0,0.0,0.0,0.0,20
2023-05-10 21:54:05,MA401P2450,MA401P2450,209.0,0.0,0.0,0.0,17,228.5,231.0,17,209.0,0.0,0.0,0.0,0.0,0.0,20
2023-05-10 21:54:08,MA401P2450,MA401P2450,209.0,0.0,0.0,0.0,7,228.5,230.5,20,209.0,0.0,0.0,0.0,0.0,0.0,20
2023-05-10 21:54:12,MA401P2450,MA401P2450,209.0,0.0,0.0,0.0,7,228.5,230.5,27,209.0,0.0,0.0,0.0,0.0,0.0,20
2023-05-10 21:54:25,MA401P2450,MA401P2450,209.0,0.0,0.0,0.0,17,228.5,230.5,17,209.0,0.0,0.0,0.0,0.0,0.0,20
2023-05-10 21:54:28,MA401P2450,MA401P2450,209.0,0.0,0.0,0.0,17,228.5,230.5,7,209.0,0.0,0.0,0.0,0.0,0.0,20
2023-05-10 21:54:33,MA401P2450,MA401P2450,209.0,0.0,0.0,0.0,10,229.0,231.0,17,209.0,0.0,0.0,0.0,0.0,0.0,20
2023-05-10 21:54:40,MA401P2450,MA401P2450,209.0,0.0,0.0,0.0,17,228.5,231.0,27,209.0,0.0,0.0,0.0,0.0,0.0,20
2023-05-10 21:54:44,MA401P2450,MA401P2450,209.0,0.0,0.0,0.0,7,228.5,230.5,27,209.0,0.0,0.0,0.0,0.0,0.0,20
2023-05-10 21:55:12,MA401P2450,MA401P2450,209.0,0.0,0.0,0.0,27,228.0,230.5,27,209.0,0.0,0.0,0.0,0.0,0.0,20
2023-05-10 21:55:12,MA401P2450,MA401P2450,209.0,0.0,0.0,0.0,17,228.0,230.5,27,209.0,0.0,0.0,0.0,0.0,0.0,20
2023-05-10 21:55:14,MA401P2450,MA401P2450,209.0,0.0,0.0,0.0,17,228.0,229.5,10,209.0,0.0,0.0,0.0,0.0,0.0,20
2023-05-10 21:55:18,MA401P2450,MA401P2450,209.0,0.0,0.0,0.0,17,228.0,230.0,10,209.0,0.0,0.0,0.0,0.0,0.0,20
2023-05-10 21:55:19,MA401P2450,MA401P2450,209.0,0.0,0.0,0.0,17,228.0,230.5,27,209.0,0.0,0.0,0.0,0.0,0.0,20
2023-05-10 21:55:26,MA401P2450,MA401P2450,209.0,0.0,0.0,0.0,17,228.0,230.0,10,209.0,0.0,0.0,0.0,0.0,0.0,20
2023-05-10 21:55:26,MA401P2450,MA401P2450,209.0,0.0,0.0,0.0,17,228.0,230.5,27,209.0,0.0,0.0,0.0,0.0,0.0,20
2023-05-10 21:55:29,MA401P2450,MA401P2450,209.0,0.0,0.0,0.0,17,228.0,230.0,10,209.0,0.0,0.0,0.0,0.0,0.0,20
2023-05-10 21:55:29,MA401P2450,MA401P2450,209.0,0.0,0.0,0.0,17,228.0,230.5,27,209.0,0.0,0.0,0.0,0.0,0.0,20
2023-05-10 21:55:30,MA401P2450,MA401P2450,209.0,0.0,0.0,0.0,17,228.0,230.0,10,209.0,0.0,0.0,0.0,0.0,0.0,20
2023-05-10 21:55:30,MA401P2450,MA401P2450,209.0,0.0,0.0,0.0,17,228.0,230.5,27,209.0,0.0,0.0,0.0,0.0,0.0,20
2023-05-10 21:55:32,MA401P2450,MA401P2450,209.0,0.0,0.0,0.0,17,228.0,230.0,10,209.0,0.0,0.0,0.0,0.0,0.0,20
2023-05-10 21:55:33,MA401P2450,MA401P2450,209.0,0.0,0.0,0.0,17,228.0,230.5,27,209.0,0.0,0.0,0.0,0.0,0.0,20
2023-05-10 21:55:37,MA401P2450,MA401P2450,209.0,0.0,0.0,0.0,7,228.0,229.5,10,209.0,0.0,0.0,0.0,0.0,0.0,20
2023-05-10 21:55:38,MA401P2450,MA401P2450,209.0,0.0,0.0,0.0,17,228.0,229.5,10,209.0,0.0,0.0,0.0,0.0,0.0,20
2023-05-10 21:55:39,MA401P2450,MA401P2450,209.0,0.0,0.0,0.0,17,228.0,230.5,27,209.0,0.0,0.0,0.0,0.0,0.0,20
2023-05-10 21:55:42,MA401P2450,MA401P2450,209.0,0.0,0.0,0.0,17,228.0,230.0,10,209.0,0.0,0.0,0.0,0.0,0.0,20
2023-05-10 21:55:44,MA401P2450,MA401P2450,209.0,0.0,0.0,0.0,17,228.0,230.5,27,209.0,0.0,0.0,0.0,0.0,0.0,20
2023-05-10 21:55:46,MA401P2450,MA401P2450,209.0,0.0,0.0,0.0,17,228.0,230.0,10,209.0,0.0,0.0,0.0,0.0,0.0,20
2023-05-10 21:55:47,MA401P2450,MA401P2450,209.0,0.0,0.0,0.0,17,228.0,230.5,27,209.0,0.0,0.0,0.0,0.0,0.0,20
2023-05-10 21:55:47,MA401P2450,MA401P2450,209.0,0.0,0.0,0.0,17,228.0,230.0,10,209.0,0.0,0.0,0.0,0.0,0.0,20
2023-05-10 21:55:49,MA401P2450,MA401P2450,209.0,0.0,0.0,0.0,17,228.0,230.0,20,209.0,0.0,0.0,0.0,0.0,0.0,20
2023-05-10 21:55:49,MA401P2450,MA401P2450,209.0,0.0,0.0,0.0,7,228.0,230.0,20,209.0,0.0,0.0,0.0,0.0,0.0,20
2023-05-10 21:55:54,MA401P2450,MA401P2450,209.0,0.0,0.0,0.0,7,228.0,229.0,10,209.0,0.0,0.0,0.0,0.0,0.0,20
2023-05-10 21:55:54,MA401P2450,MA401P2450,209.0,0.0,0.0,0.0,7,228.0,230.0,27,209.0,0.0,0.0,0.0,0.0,0.0,20
2023-05-10 21:55:57,MA401P2450,MA401P2450,209.0,0.0,0.0,0.0,20,227.5,230.0,27,209.0,0.0,0.0,0.0,0.0,0.0,20
2023-05-10 21:55:57,MA401P2450,MA401P2450,209.0,0.0,0.0,0.0,10,227.5,230.0,27,209.0,0.0,0.0,0.0,0.0,0.0,20
2023-05-10 21:56:03,MA401P2450,MA401P2450,209.0,0.0,0.0,0.0,10,227.5,229.0,10,209.0,0.0,0.0,0.0,0.0,0.0,20
2023-05-10 21:56:27,MA401P2450,MA401P2450,209.0,0.0,0.0,0.0,10,227.5,229.5,10,209.0,0.0,0.0,0.0,0.0,0.0,20
2023-05-10 21:56:27,MA401P2450,MA401P2450,209.0,0.0,0.0,0.0,10,227.5,229.0,10,209.0,0.0,0.0,0.0,0.0,0.0,20
2023-05-10 21:56:28,MA401P2450,MA401P2450,209.0,0.0,0.0,0.0,10,227.5,229.5,20,209.0,0.0,0.0,0.0,0.0,0.0,20
2023-05-10 21:56:30,MA401P2450,MA401P2450,209.0,0.0,0.0,0.0,10,227.5,229.5,10,209.0,0.0,0.0,0.0,0.0,0.0,20
2023-05-10 21:56:30,MA401P2450,MA401P2450,209.0,0.0,0.0,0.0,10,227.5,229.5,20,209.0,0.0,0.0,0.0,0.0,0.0,20
2023-05-10 21:56:33,MA401P2450,MA401P2450,209.0,0.0,0.0,0.0,10,227.5,229.5,10,209.0,0.0,0.0,0.0,0.0,0.0,20
2023-05-10 21:57:00,MA401P2450,MA401P2450,209.0,0.0,0.0,0.0,10,228.0,230.0,27,209.0,0.0,0.0,0.0,0.0,0.0,20
2023-05-10 21:57:00,MA401P2450,MA401P2450,209.0,0.0,0.0,0.0,10,228.0,230.0,17,209.0,0.0,0.0,0.0,0.0,0.0,20
2023-05-10 21:57:10,MA401P2450,MA401P2450,209.0,0.0,0.0,0.0,17,227.5,230.0,17,209.0,0.0,0.0,0.0,0.0,0.0,20
2023-05-10 21:57:10,MA401P2450,MA401P2450,209.0,0.0,0.0,0.0,17,227.5,230.0,27,209.0,0.0,0.0,0.0,0.0,0.0,20
2023-05-10 21:57:36,MA401P2450,MA401P2450,209.0,0.0,0.0,0.0,17,227.5,229.5,10,209.0,0.0,0.0,0.0,0.0,0.0,20
2023-05-10 21:57:36,MA401P2450,MA401P2450,209.0,0.0,0.0,0.0,17,227.5,229.5,7,209.0,0.0,0.0,0.0,0.0,0.0,20
2023-05-10 21:57:37,MA401P2450,MA401P2450,209.0,0.0,0.0,0.0,17,227.5,229.5,17,209.0,0.0,0.0,0.0,0.0,0.0,20
2023-05-10 21:57:39,MA401P2450,MA401P2450,209.0,0.0,0.0,0.0,17,227.5,229.5,7,209.0,0.0,0.0,0.0,0.0,0.0,20
2023-05-10 21:57:40,MA401P2450,MA401P2450,209.0,0.0,0.0,0.0,17,227.5,229.5,17,209.0,0.0,0.0,0.0,0.0,0.0,20
2023-05-10 21:57:40,MA401P2450,MA401P2450,209.0,0.0,0.0,0.0,17,227.5,229.5,7,209.0,0.0,0.0,0.0,0.0,0.0,20
2023-05-10 21:57:48,MA401P2450,MA401P2450,209.0,0.0,0.0,0.0,17,227.5,229.5,17,209.0,0.0,0.0,0.0,0.0,0.0,20
2023-05-10 21:57:50,MA401P2450,MA401P2450,209.0,0.0,0.0,0.0,7,227.5,229.5,27,209.0,0.0,0.0,0.0,0.0,0.0,20
2023-05-10 21:57:56,MA401P2450,MA401P2450,209.0,0.0,0.0,0.0,7,227.5,229.5,17,209.0,0.0,0.0,0.0,0.0,0.0,20
2023-05-10 21:58:10,MA401P2450,MA401P2450,209.0,0.0,0.0,0.0,17,227.5,229.5,7,209.0,0.0,0.0,0.0,0.0,0.0,20
2023-05-10 21:58:11,MA401P2450,MA401P2450,209.0,0.0,0.0,0.0,17,227.5,230.0,17,209.0,0.0,0.0,0.0,0.0,0.0,20
2023-05-10 21:58:11,MA401P2450,MA401P2450,209.0,0.0,0.0,0.0,10,228.0,230.0,7,209.0,0.0,0.0,0.0,0.0,0.0,20
2023-05-10 21:58:18,MA401P2450,MA401P2450,209.0,0.0,0.0,0.0,10,228.5,230.5,10,209.0,0.0,0.0,0.0,0.0,0.0,20
2023-05-10 21:58:18,MA401P2450,MA401P2450,209.0,0.0,0.0,0.0,10,228.5,231.0,20,209.0,0.0,0.0,0.0,0.0,0.0,20
2023-05-10 21:58:21,MA401P2450,MA401P2450,209.0,0.0,0.0,0.0,10,228.5,231.0,27,209.0,0.0,0.0,0.0,0.0,0.0,20
2023-05-10 21:58:32,MA401P2450,MA401P2450,209.0,0.0,0.0,0.0,10,228.5,231.0,17,209.0,0.0,0.0,0.0,0.0,0.0,20
2023-05-10 21:58:54,MA401P2450,MA401P2450,209.0,0.0,0.0,0.0,10,228.5,230.5,10,209.0,0.0,0.0,0.0,0.0,0.0,20
2023-05-10 21:58:54,MA401P2450,MA401P2450,209.0,0.0,0.0,0.0,10,228.5,231.0,27,209.0,0.0,0.0,0.0,0.0,0.0,20
2023-05-10 21:59:02,MA401P2450,MA401P2450,209.0,0.0,0.0,0.0,10,228.5,231.0,17,209.0,0.0,0.0,0.0,0.0,0.0,20
2023-05-10 21:59:03,MA401P2450,MA401P2450,209.0,0.0,0.0,0.0,10,229.0,231.0,7,209.0,0.0,0.0,0.0,0.0,0.0,20
2023-05-10 21:59:07,MA401P2450,MA401P2450,209.0,0.0,0.0,0.0,10,229.0,231.0,17,209.0,0.0,0.0,0.0,0.0,0.0,20
2023-05-10 21:59:07,MA401P2450,MA401P2450,209.0,0.0,0.0,0.0,10,229.0,231.0,7,209.0,0.0,0.0,0.0,0.0,0.0,20
2023-05-10 21:59:08,MA401P2450,MA401P2450,209.0,0.0,0.0,0.0,10,230.0,232.0,20,209.0,0.0,0.0,0.0,0.0,0.0,20
2023-05-10 21:59:09,MA401P2450,MA401P2450,209.0,0.0,0.0,0.0,10,230.0,232.0,10,209.0,0.0,0.0,0.0,0.0,0.0,20
2023-05-10 21:59:11,MA401P2450,MA401P2450,209.0,0.0,0.0,0.0,10,230.0,232.5,20,209.0,0.0,0.0,0.0,0.0,0.0,20
2023-05-10 21:59:12,MA401P2450,MA401P2450,209.0,0.0,0.0,0.0,20,229.5,233.0,10,209.0,0.0,0.0,0.0,0.0,0.0,20
2023-05-10 21:59:12,MA401P2450,MA401P2450,209.0,0.0,0.0,0.0,10,230.5,233.0,20,209.0,0.0,0.0,0.0,0.0,0.0,20
2023-05-10 21:59:13,MA401P2450,MA401P2450,209.0,0.0,0.0,0.0,10,230.0,233.5,20,209.0,0.0,0.0,0.0,0.0,0.0,20
2023-05-10 21:59:14,MA401P2450,MA401P2450,209.0,0.0,0.0,0.0,20,230.0,233.5,10,209.0,0.0,0.0,0.0,0.0,0.0,20
2023-05-10 21:59:14,MA401P2450,MA401P2450,209.0,0.0,0.0,0.0,10,230.0,233.0,10,209.0,0.0,0.0,0.0,0.0,0.0,20
2023-05-10 21:59:15,MA401P2450,MA401P2450,209.0,0.0,0.0,0.0,10,230.5,233.0,20,209.0,0.0,0.0,0.0,0.0,0.0,20
2023-05-10 21:59:16,MA401P2450,MA401P2450,209.0,0.0,0.0,0.0,10,230.5,233.0,10,209.0,0.0,0.0,0.0,0.0,0.0,20
2023-05-10 21:59:18,MA401P2450,MA401P2450,209.0,0.0,0.0,0.0,10,231.0,233.5,20,209.0,0.0,0.0,0.0,0.0,0.0,20
2023-05-10 21:59:18,MA401P2450,MA401P2450,209.0,0.0,0.0,0.0,10,231.0,233.5,10,209.0,0.0,0.0,0.0,0.0,0.0,20
2023-05-10 21:59:22,MA401P2450,MA401P2450,209.0,0.0,0.0,0.0,10,231.5,234.0,30,209.0,0.0,0.0,0.0,0.0,0.0,20
2023-05-10 21:59:22,MA401P2450,MA401P2450,209.0,0.0,0.0,0.0,10,231.5,234.0,20,209.0,0.0,0.0,0.0,0.0,0.0,20
2023-05-10 21:59:23,MA401P2450,MA401P2450,209.0,0.0,0.0,0.0,10,231.5,233.5,7,209.0,0.0,0.0,0.0,0.0,0.0,20
2023-05-10 21:59:23,MA401P2450,MA401P2450,209.0,0.0,0.0,0.0,10,231.5,233.5,17,209.0,0.0,0.0,0.0,0.0,0.0,20
2023-05-10 21:59:24,MA401P2450,MA401P2450,209.0,0.0,0.0,0.0,10,231.5,233.5,7,209.0,0.0,0.0,0.0,0.0,0.0,20
2023-05-10 21:59:26,MA401P2450,MA401P2450,209.0,0.0,0.0,0.0,17,231.0,233.5,27,209.0,0.0,0.0,0.0,0.0,0.0,20
2023-05-10 21:59:27,MA401P2450,MA401P2450,209.0,0.0,0.0,0.0,17,231.0,233.0,7,209.0,0.0,0.0,0.0,0.0,0.0,20
2023-05-10 21:59:28,MA401P2450,MA401P2450,209.0,0.0,0.0,0.0,10,230.5,232.5,10,209.0,0.0,0.0,0.0,0.0,0.0,20
2023-05-10 21:59:31,MA401P2450,MA401P2450,209.0,0.0,0.0,0.0,10,231.0,233.0,7,209.0,0.0,0.0,0.0,0.0,0.0,20
2023-05-10 21:59:31,MA401P2450,MA401P2450,209.0,0.0,0.0,0.0,10,231.0,233.0,17,209.0,0.0,0.0,0.0,0.0,0.0,20
2023-05-10 21:59:32,MA401P2450,MA401P2450,209.0,0.0,0.0,0.0,10,231.0,233.0,7,209.0,0.0,0.0,0.0,0.0,0.0,20
2023-05-10 21:59:33,MA401P2450,MA401P2450,209.0,0.0,0.0,0.0,17,230.0,233.0,17,209.0,0.0,0.0,0.0,0.0,0.0,20
2023-05-10 21:59:33,MA401P2450,MA401P2450,209.0,0.0,0.0,0.0,10,231.0,233.0,17,209.0,0.0,0.0,0.0,0.0,0.0,20
2023-05-10 21:59:34,MA401P2450,MA401P2450,209.0,0.0,0.0,0.0,10,231.0,233.0,7,209.0,0.0,0.0,0.0,0.0,0.0,20
2023-05-10 21:59:34,MA401P2450,MA401P2450,209.0,0.0,0.0,0.0,17,230.0,233.0,17,209.0,0.0,0.0,0.0,0.0,0.0,20
2023-05-10 21:59:35,MA401P2450,MA401P2450,209.0,0.0,0.0,0.0,10,231.0,233.0,17,209.0,0.0,0.0,0.0,0.0,0.0,20
2023-05-10 21:59:36,MA401P2450,MA401P2450,209.0,0.0,0.0,0.0,10,231.0,233.0,7,209.0,0.0,0.0,0.0,0.0,0.0,20
2023-05-10 21:59:38,MA401P2450,MA401P2450,209.0,0.0,0.0,0.0,10,231.0,233.0,17,209.0,0.0,0.0,0.0,0.0,0.0,20
2023-05-10 21:59:41,MA401P2450,MA401P2450,209.0,0.0,0.0,0.0,17,230.0,233.0,17,209.0,0.0,0.0,0.0,0.0,0.0,20
2023-05-10 21:59:41,MA401P2450,MA401P2450,209.0,0.0,0.0,0.0,10,231.0,233.0,27,209.0,0.0,0.0,0.0,0.0,0.0,20
2023-05-10 21:59:42,MA401P2450,MA401P2450,209.0,0.0,0.0,0.0,10,230.5,232.5,10,209.0,0.0,0.0,0.0,0.0,0.0,20
2023-05-10 21:59:42,MA401P2450,MA401P2450,209.0,0.0,0.0,0.0,17,230.0,232.5,20,209.0,0.0,0.0,0.0,0.0,0.0,20
2023-05-10 21:59:44,MA401P2450,MA401P2450,209.0,0.0,0.0,0.0,17,230.0,232.5,27,209.0,0.0,0.0,0.0,0.0,0.0,20
2023-05-10 21:59:58,MA401P2450,MA401P2450,209.0,0.0,0.0,0.0,17,230.0,232.0,10,209.0,0.0,0.0,0.0,0.0,0.0,20
2023-05-10 21:59:59,MA401P2450,MA401P2450,209.0,0.0,0.0,0.0,17,230.0,232.0,17,209.0,0.0,0.0,0.0,0.0,0.0,20
2023-05-10 22:00:00,MA401P2450,MA401P2450,209.0,0.0,0.0,0.0,17,230.0,232.0,7,209.0,0.0,0.0,0.0,0.0,0.0,20
2023-05-10 22:00:02,MA401P2450,MA401P2450,209.0,0.0,0.0,0.0,17,230.0,232.0,27,209.0,0.0,0.0,0.0,0.0,0.0,20
2023-05-10 22:00:02,MA401P2450,MA401P2450,209.0,0.0,0.0,0.0,10,230.0,232.0,27,209.0,0.0,0.0,0.0,0.0,0.0,20
2023-05-10 22:00:02,MA401P2450,MA401P2450,209.0,0.0,0.0,0.0,10,229.5,232.0,27,209.0,0.0,0.0,0.0,0.0,0.0,20
2023-05-10 22:00:03,MA401P2450,MA401P2450,209.0,0.0,0.0,0.0,17,228.5,231.5,10,209.0,0.0,0.0,0.0,0.0,0.0,20
2023-05-10 22:00:03,MA401P2450,MA401P2450,209.0,0.0,0.0,0.0,17,228.5,231.0,10,209.0,0.0,0.0,0.0,0.0,0.0,20
2023-05-10 22:00:08,MA401P2450,MA401P2450,209.0,0.0,0.0,0.0,10,229.0,231.0,10,209.0,0.0,0.0,0.0,0.0,0.0,20
2023-05-10 22:00:09,MA401P2450,MA401P2450,209.0,0.0,0.0,0.0,10,229.0,231.0,17,209.0,0.0,0.0,0.0,0.0,0.0,20
2023-05-10 22:00:13,MA401P2450,MA401P2450,209.0,0.0,0.0,0.0,17,228.5,231.0,27,209.0,0.0,0.0,0.0,0.0,0.0,20
2023-05-10 22:00:13,MA401P2450,MA401P2450,209.0,0.0,0.0,0.0,7,228.5,231.0,17,209.0,0.0,0.0,0.0,0.0,0.0,20
2023-05-10 22:00:16,MA401P2450,MA401P2450,209.0,0.0,0.0,0.0,17,228.5,231.0,27,209.0,0.0,0.0,0.0,0.0,0.0,20
2023-05-10 22:00:22,MA401P2450,MA401P2450,209.0,0.0,0.0,0.0,17,228.5,230.5,20,209.0,0.0,0.0,0.0,0.0,0.0,20
2023-05-10 22:00:22,MA401P2450,MA401P2450,209.0,0.0,0.0,0.0,7,228.5,230.5,10,209.0,0.0,0.0,0.0,0.0,0.0,20
2023-05-10 22:00:23,MA401P2450,MA401P2450,209.0,0.0,0.0,0.0,10,227.5,230.5,10,209.0,0.0,0.0,0.0,0.0,0.0,20
2023-05-10 22:00:24,MA401P2450,MA401P2450,209.0,0.0,0.0,0.0,10,228.0,230.5,20,209.0,0.0,0.0,0.0,0.0,0.0,20
2023-05-10 22:00:25,MA401P2450,MA401P2450,209.0,0.0,0.0,0.0,10,227.5,230.5,10,209.0,0.0,0.0,0.0,0.0,0.0,20
2023-05-10 22:00:26,MA401P2450,MA401P2450,209.0,0.0,0.0,0.0,10,228.0,230.0,10,209.0,0.0,0.0,0.0,0.0,0.0,20
2023-05-10 22:00:26,MA401P2450,MA401P2450,209.0,0.0,0.0,0.0,10,227.0,230.0,10,209.0,0.0,0.0,0.0,0.0,0.0,20
2023-05-10 22:00:27,MA401P2450,MA401P2450,209.0,0.0,0.0,0.0,10,227.0,229.5,10,209.0,0.0,0.0,0.0,0.0,0.0,20
2023-05-10 22:00:29,MA401P2450,MA401P2450,209.0,0.0,0.0,0.0,10,227.5,229.5,10,209.0,0.0,0.0,0.0,0.0,0.0,20
2023-05-10 22:00:29,MA401P2450,MA401P2450,209.0,0.0,0.0,0.0,10,226.5,229.5,10,209.0,0.0,0.0,0.0,0.0,0.0,20
2023-05-10 22:00:30,MA401P2450,MA401P2450,209.0,0.0,0.0,0.0,10,227.5,229.5,10,209.0,0.0,0.0,0.0,0.0,0.0,20
2023-05-10 22:00:31,MA401P2450,MA401P2450,209.0,0.0,0.0,0.0,10,226.5,229.5,10,209.0,0.0,0.0,0.0,0.0,0.0,20
2023-05-10 22:00:32,MA401P2450,MA401P2450,209.0,0.0,0.0,0.0,10,226.5,229.5,17,209.0,0.0,0.0,0.0,0.0,0.0,20
2023-05-10 22:00:33,MA401P2450,MA401P2450,209.0,0.0,0.0,0.0,10,227.5,229.5,17,209.0,0.0,0.0,0.0,0.0,0.0,20
2023-05-10 22:00:34,MA401P2450,MA401P2450,209.0,0.0,0.0,0.0,10,227.5,229.0,10,209.0,0.0,0.0,0.0,0.0,0.0,20
2023-05-10 22:00:34,MA401P2450,MA401P2450,209.0,0.0,0.0,0.0,10,227.5,229.5,17,209.0,0.0,0.0,0.0,0.0,0.0,20
2023-05-10 22:00:36,MA401P2450,MA401P2450,209.0,0.0,0.0,0.0,7,227.0,229.5,17,209.0,0.0,0.0,0.0,0.0,0.0,20
2023-05-10 22:00:36,MA401P2450,MA401P2450,209.0,0.0,0.0,0.0,10,227.5,229.5,17,209.0,0.0,0.0,0.0,0.0,0.0,20
2023-05-10 22:00:38,MA401P2450,MA401P2450,209.0,0.0,0.0,0.0,10,227.5,229.0,10,209.0,0.0,0.0,0.0,0.0,0.0,20
2023-05-10 22:00:39,MA401P2450,MA401P2450,209.0,0.0,0.0,0.0,10,226.0,228.5,10,209.0,0.0,0.0,0.0,0.0,0.0,20
2023-05-10 22:00:42,MA401P2450,MA401P2450,209.0,0.0,0.0,0.0,10,227.0,229.5,27,209.0,0.0,0.0,0.0,0.0,0.0,20
2023-05-10 22:00:43,MA401P2450,MA401P2450,209.0,0.0,0.0,0.0,10,226.0,229.0,17,209.0,0.0,0.0,0.0,0.0,0.0,20
2023-05-10 22:00:43,MA401P2450,MA401P2450,209.0,0.0,0.0,0.0,10,226.0,228.5,10,209.0,0.0,0.0,0.0,0.0,0.0,20
2023-05-10 22:00:44,MA401P2450,MA401P2450,209.0,0.0,0.0,0.0,10,226.0,229.0,17,209.0,0.0,0.0,0.0,0.0,0.0,20
2023-05-10 22:00:44,MA401P2450,MA401P2450,209.0,0.0,0.0,0.0,10,226.5,228.5,10,209.0,0.0,0.0,0.0,0.0,0.0,20
2023-05-10 22:00:46,MA401P2450,MA401P2450,209.0,0.0,0.0,0.0,10,225.5,228.0,10,209.0,0.0,0.0,0.0,0.0,0.0,20
2023-05-10 22:00:49,MA401P2450,MA401P2450,209.0,0.0,0.0,0.0,10,225.0,227.5,10,209.0,0.0,0.0,0.0,0.0,0.0,20
2023-05-10 22:00:49,MA401P2450,MA401P2450,209.0,0.0,0.0,0.0,10,225.0,227.0,10,209.0,0.0,0.0,0.0,0.0,0.0,20
2023-05-10 22:00:50,MA401P2450,MA401P2450,209.0,0.0,0.0,0.0,10,225.0,228.0,10,209.0,0.0,0.0,0.0,0.0,0.0,20
2023-05-10 22:00:52,MA401P2450,MA401P2450,209.0,0.0,0.0,0.0,10,226.0,228.0,10,209.0,0.0,0.0,0.0,0.0,0.0,20
2023-05-10 22:00:53,MA401P2450,MA401P2450,209.0,0.0,0.0,0.0,10,226.0,228.5,27,209.0,0.0,0.0,0.0,0.0,0.0,20
2023-05-10 22:00:57,MA401P2450,MA401P2450,209.0,0.0,0.0,0.0,10,226.0,228.0,10,209.0,0.0,0.0,0.0,0.0,0.0,20
2023-05-10 22:00:58,MA401P2450,MA401P2450,209.0,0.0,0.0,0.0,10,226.0,228.0,17,209.0,0.0,0.0,0.0,0.0,0.0,20
2023-05-10 22:01:01,MA401P2450,MA401P2450,209.0,0.0,0.0,0.0,10,226.0,228.0,7,209.0,0.0,0.0,0.0,0.0,0.0,20
2023-05-10 22:01:03,MA401P2450,MA401P2450,209.0,0.0,0.0,0.0,10,226.5,228.0,7,209.0,0.0,0.0,0.0,0.0,0.0,20
2023-05-10 22:01:04,MA401P2450,MA401P2450,209.0,0.0,0.0,0.0,10,226.5,228.5,17,209.0,0.0,0.0,0.0,0.0,0.0,20
2023-05-10 22:01:04,MA401P2450,MA401P2450,209.0,0.0,0.0,0.0,10,226.5,228.5,7,209.0,0.0,0.0,0.0,0.0,0.0,20
2023-05-10 22:01:09,MA401P2450,MA401P2450,209.0,0.0,0.0,0.0,27,226.0,228.5,17,209.0,0.0,0.0,0.0,0.0,0.0,20
2023-05-10 22:01:09,MA401P2450,MA401P2450,209.0,0.0,0.0,0.0,17,226.0,228.5,17,209.0,0.0,0.0,0.0,0.0,0.0,20
2023-05-10 22:01:21,MA401P2450,MA401P2450,209.0,0.0,0.0,0.0,17,226.0,228.5,27,209.0,0.0,0.0,0.0,0.0,0.0,20
2023-05-10 22:01:27,MA401P2450,MA401P2450,209.0,0.0,0.0,0.0,17,226.0,228.5,17,209.0,0.0,0.0,0.0,0.0,0.0,20
2023-05-10 22:01:34,MA401P2450,MA401P2450,209.0,0.0,0.0,0.0,17,226.0,228.5,27,209.0,0.0,0.0,0.0,0.0,0.0,20
2023-05-10 22:01:39,MA401P2450,MA401P2450,209.0,0.0,0.0,0.0,17,226.0,228.5,17,209.0,0.0,0.0,0.0,0.0,0.0,20
2023-05-10 22:01:48,MA401P2450,MA401P2450,209.0,0.0,0.0,0.0,10,226.5,228.5,7,209.0,0.0,0.0,0.0,0.0,0.0,20
2023-05-10 22:01:49,MA401P2450,MA401P2450,209.0,0.0,0.0,0.0,10,226.5,229.0,10,209.0,0.0,0.0,0.0,0.0,0.0,20
2023-05-10 22:01:49,MA401P2450,MA401P2450,209.0,0.0,0.0,0.0,17,226.5,229.0,10,209.0,0.0,0.0,0.0,0.0,0.0,20
2023-05-10 22:02:01,MA401P2450,MA401P2450,209.0,0.0,0.0,0.0,17,226.5,229.0,20,209.0,0.0,0.0,0.0,0.0,0.0,20
2023-05-10 22:02:04,MA401P2450,MA401P2450,209.0,0.0,0.0,0.0,10,227.0,229.5,27,209.0,0.0,0.0,0.0,0.0,0.0,20
2023-05-10 22:02:08,MA401P2450,MA401P2450,209.0,0.0,0.0,0.0,27,226.5,229.0,10,209.0,0.0,0.0,0.0,0.0,0.0,20
2023-05-10 22:02:08,MA401P2450,MA401P2450,209.0,0.0,0.0,0.0,17,226.5,229.0,10,209.0,0.0,0.0,0.0,0.0,0.0,20
2023-05-10 22:02:13,MA401P2450,MA401P2450,209.0,0.0,0.0,0.0,17,226.5,229.0,20,209.0,0.0,0.0,0.0,0.0,0.0,20
2023-05-10 22:02:24,MA401P2450,MA401P2450,209.0,0.0,0.0,0.0,17,226.5,229.0,27,209.0,0.0,0.0,0.0,0.0,0.0,20
2023-05-10 22:02:25,MA401P2450,MA401P2450,209.0,0.0,0.0,0.0,17,226.5,228.5,10,209.0,0.0,0.0,0.0,0.0,0.0,20
2023-05-10 22:02:27,MA401P2450,MA401P2450,209.0,0.0,0.0,0.0,17,226.5,228.5,17,209.0,0.0,0.0,0.0,0.0,0.0,20
2023-05-10 22:02:57,MA401P2450,MA401P2450,209.0,0.0,0.0,0.0,17,226.5,228.5,7,209.0,0.0,0.0,0.0,0.0,0.0,20
2023-05-10 22:02:59,MA401P2450,MA401P2450,209.0,0.0,0.0,0.0,17,226.5,228.5,17,209.0,0.0,0.0,0.0,0.0,0.0,20
2023-05-10 22:03:00,MA401P2450,MA401P2450,209.0,0.0,0.0,0.0,10,227.0,228.5,7,209.0,0.0,0.0,0.0,0.0,0.0,20
2023-05-10 22:03:02,MA401P2450,MA401P2450,209.0,0.0,0.0,0.0,10,227.0,229.0,17,209.0,0.0,0.0,0.0,0.0,0.0,20
2023-05-10 22:03:07,MA401P2450,MA401P2450,209.0,0.0,0.0,0.0,10,227.0,229.0,7,209.0,0.0,0.0,0.0,0.0,0.0,20
2023-05-10 22:03:20,MA401P2450,MA401P2450,209.0,0.0,0.0,0.0,10,227.5,229.0,7,209.0,0.0,0.0,0.0,0.0,0.0,20
2023-05-10 22:03:22,MA401P2450,MA401P2450,209.0,0.0,0.0,0.0,10,227.5,230.0,20,209.0,0.0,0.0,0.0,0.0,0.0,20
2023-05-10 22:03:25,MA401P2450,MA401P2450,209.0,0.0,0.0,0.0,10,227.5,230.0,27,209.0,0.0,0.0,0.0,0.0,0.0,20
2023-05-10 22:03:25,MA401P2450,MA401P2450,209.0,0.0,0.0,0.0,10,227.5,229.5,10,209.0,0.0,0.0,0.0,0.0,0.0,20
2023-05-10 22:03:26,MA401P2450,MA401P2450,209.0,0.0,0.0,0.0,10,227.0,229.5,10,209.0,0.0,0.0,0.0,0.0,0.0,20
2023-05-10 22:03:31,MA401P2450,MA401P2450,209.0,0.0,0.0,0.0,17,227.0,229.5,10,209.0,0.0,0.0,0.0,0.0,0.0,20
2023-05-10 22:03:32,MA401P2450,MA401P2450,209.0,0.0,0.0,0.0,10,227.5,230.0,27,209.0,0.0,0.0,0.0,0.0,0.0,20
2023-05-10 22:03:32,MA401P2450,MA401P2450,209.0,0.0,0.0,0.0,10,227.5,230.0,17,209.0,0.0,0.0,0.0,0.0,0.0,20
2023-05-10 22:03:33,MA401P2450,MA401P2450,209.0,0.0,0.0,0.0,10,227.5,230.0,27,209.0,0.0,0.0,0.0,0.0,0.0,20
2023-05-10 22:03:37,MA401P2450,MA401P2450,209.0,0.0,0.0,0.0,10,227.5,230.0,17,209.0,0.0,0.0,0.0,0.0,0.0,20
2023-05-10 22:03:38,MA401P2450,MA401P2450,209.0,0.0,0.0,0.0,10,227.5,230.0,27,209.0,0.0,0.0,0.0,0.0,0.0,20
2023-05-10 22:03:39,MA401P2450,MA401P2450,209.0,0.0,0.0,0.0,10,227.5,230.0,17,209.0,0.0,0.0,0.0,0.0,0.0,20
2023-05-10 22:03:44,MA401P2450,MA401P2450,209.0,0.0,0.0,0.0,10,227.5,230.0,27,209.0,0.0,0.0,0.0,0.0,0.0,20
2023-05-10 22:03:47,MA401P2450,MA401P2450,209.0,0.0,0.0,0.0,10,227.5,230.0,17,209.0,0.0,0.0,0.0,0.0,0.0,20
2023-05-10 22:03:49,MA401P2450,MA401P2450,209.0,0.0,0.0,0.0,17,227.5,230.0,17,209.0,0.0,0.0,0.0,0.0,0.0,20
2023-05-10 22:03:53,MA401P2450,MA401P2450,209.0,0.0,0.0,0.0,10,228.0,230.0,7,209.0,0.0,0.0,0.0,0.0,0.0,20
2023-05-10 22:04:05,MA401P2450,MA401P2450,209.0,0.0,0.0,0.0,10,228.0,229.5,10,209.0,0.0,0.0,0.0,0.0,0.0,20
2023-05-10 22:04:07,MA401P2450,MA401P2450,209.0,0.0,0.0,0.0,10,228.0,230.0,27,209.0,0.0,0.0,0.0,0.0,0.0,20
2023-05-10 22:04:08,MA401P2450,MA401P2450,209.0,0.0,0.0,0.0,10,228.0,229.5,10,209.0,0.0,0.0,0.0,0.0,0.0,20
2023-05-10 22:04:13,MA401P2450,MA401P2450,209.0,0.0,0.0,0.0,10,228.0,230.0,27,209.0,0.0,0.0,0.0,0.0,0.0,20
2023-05-10 22:04:22,MA401P2450,MA401P2450,209.0,0.0,0.0,0.0,10,228.0,230.0,17,209.0,0.0,0.0,0.0,0.0,0.0,20
2023-05-10 22:04:25,MA401P2450,MA401P2450,209.0,0.0,0.0,0.0,10,228.0,230.0,27,209.0,0.0,0.0,0.0,0.0,0.0,20
2023-05-10 22:04:29,MA401P2450,MA401P2450,209.0,0.0,0.0,0.0,10,228.0,230.0,7,209.0,0.0,0.0,0.0,0.0,0.0,20
2023-05-10 22:05:10,MA401P2450,MA401P2450,209.0,0.0,0.0,0.0,10,229.0,231.0,30,209.0,0.0,0.0,0.0,0.0,0.0,20
2023-05-10 22:05:10,MA401P2450,MA401P2450,209.0,0.0,0.0,0.0,10,229.0,231.0,20,209.0,0.0,0.0,0.0,0.0,0.0,20
2023-05-10 22:05:12,MA401P2450,MA401P2450,209.0,0.0,0.0,0.0,10,229.0,231.0,10,209.0,0.0,0.0,0.0,0.0,0.0,20
2023-05-10 22:05:18,MA401P2450,MA401P2450,209.0,0.0,0.0,0.0,10,229.0,231.0,20,209.0,0.0,0.0,0.0,0.0,0.0,20
2023-05-10 22:05:20,MA401P2450,MA401P2450,209.0,0.0,0.0,0.0,10,229.0,231.0,27,209.0,0.0,0.0,0.0,0.0,0.0,20
2023-05-10 22:05:21,MA401P2450,MA401P2450,209.0,0.0,0.0,0.0,20,228.5,231.0,27,209.0,0.0,0.0,0.0,0.0,0.0,20
2023-05-10 22:05:21,MA401P2450,MA401P2450,209.0,0.0,0.0,0.0,10,228.5,231.0,27,209.0,0.0,0.0,0.0,0.0,0.0,20
2023-05-10 22:05:24,MA401P2450,MA401P2450,209.0,0.0,0.0,0.0,10,228.5,230.0,10,209.0,0.0,0.0,0.0,0.0,0.0,20
2023-05-10 22:05:25,MA401P2450,MA401P2450,209.0,0.0,0.0,0.0,10,228.5,230.5,10,209.0,0.0,0.0,0.0,0.0,0.0,20
2023-05-10 22:05:32,MA401P2450,MA401P2450,209.0,0.0,0.0,0.0,10,228.5,231.0,27,209.0,0.0,0.0,0.0,0.0,0.0,20
2023-05-10 22:05:33,MA401P2450,MA401P2450,209.0,0.0,0.0,0.0,10,229.0,231.0,17,209.0,0.0,0.0,0.0,0.0,0.0,20
2023-05-10 22:05:36,MA401P2450,MA401P2450,209.0,0.0,0.0,0.0,10,229.0,231.0,7,209.0,0.0,0.0,0.0,0.0,0.0,20
2023-05-10 22:05:37,MA401P2450,MA401P2450,209.0,0.0,0.0,0.0,10,229.0,231.0,17,209.0,0.0,0.0,0.0,0.0,0.0,20
2023-05-10 22:05:41,MA401P2450,MA401P2450,209.0,0.0,0.0,0.0,10,229.0,231.0,7,209.0,0.0,0.0,0.0,0.0,0.0,20
2023-05-10 22:05:49,MA401P2450,MA401P2450,209.0,0.0,0.0,0.0,10,229.0,231.0,17,209.0,0.0,0.0,0.0,0.0,0.0,20
2023-05-10 22:05:50,MA401P2450,MA401P2450,209.0,0.0,0.0,0.0,10,229.0,231.0,27,209.0,0.0,0.0,0.0,0.0,0.0,20
2023-05-10 22:05:50,MA401P2450,MA401P2450,209.0,0.0,0.0,0.0,17,228.5,231.0,27,209.0,0.0,0.0,0.0,0.0,0.0,20
2023-05-10 22:05:57,MA401P2450,MA401P2450,209.0,0.0,0.0,0.0,17,228.5,230.0,10,209.0,0.0,0.0,0.0,0.0,0.0,20
2023-05-10 22:05:57,MA401P2450,MA401P2450,209.0,0.0,0.0,0.0,10,228.5,230.0,10,209.0,0.0,0.0,0.0,0.0,0.0,20
2023-05-10 22:06:00,MA401P2450,MA401P2450,209.0,0.0,0.0,0.0,10,228.5,230.0,17,209.0,0.0,0.0,0.0,0.0,0.0,20
2023-05-10 22:06:10,MA401P2450,MA401P2450,209.0,0.0,0.0,0.0,17,228.0,230.0,17,209.0,0.0,0.0,0.0,0.0,0.0,20
2023-05-10 22:06:21,MA401P2450,MA401P2450,209.0,0.0,0.0,0.0,7,228.0,230.0,27,209.0,0.0,0.0,0.0,0.0,0.0,20
2023-05-10 22:06:22,MA401P2450,MA401P2450,209.0,0.0,0.0,0.0,7,228.0,229.5,10,209.0,0.0,0.0,0.0,0.0,0.0,20
2023-05-10 22:06:24,MA401P2450,MA401P2450,209.0,0.0,0.0,0.0,20,227.5,229.5,10,209.0,0.0,0.0,0.0,0.0,0.0,20
2023-05-10 22:06:25,MA401P2450,MA401P2450,209.0,0.0,0.0,0.0,10,227.5,229.5,10,209.0,0.0,0.0,0.0,0.0,0.0,20
2023-05-10 22:06:40,MA401P2450,MA401P2450,209.0,0.0,0.0,0.0,10,227.5,229.5,20,209.0,0.0,0.0,0.0,0.0,0.0,20
2023-05-10 22:06:46,MA401P2450,MA401P2450,209.0,0.0,0.0,0.0,10,227.0,229.5,20,209.0,0.0,0.0,0.0,0.0,0.0,20
2023-05-10 22:06:53,MA401P2450,MA401P2450,209.0,0.0,0.0,0.0,17,227.0,229.5,20,209.0,0.0,0.0,0.0,0.0,0.0,20
2023-05-10 22:06:54,MA401P2450,MA401P2450,209.0,0.0,0.0,0.0,10,227.5,229.5,10,209.0,0.0,0.0,0.0,0.0,0.0,20
2023-05-10 22:07:01,MA401P2450,MA401P2450,209.0,0.0,0.0,0.0,17,227.0,229.5,20,209.0,0.0,0.0,0.0,0.0,0.0,20
2023-05-10 22:07:08,MA401P2450,MA401P2450,209.0,0.0,0.0,0.0,17,227.0,229.0,10,209.0,0.0,0.0,0.0,0.0,0.0,20
2023-05-10 22:07:13,MA401P2450,MA401P2450,209.0,0.0,0.0,0.0,7,227.0,229.0,20,209.0,0.0,0.0,0.0,0.0,0.0,20
2023-05-10 22:07:14,MA401P2450,MA401P2450,209.0,0.0,0.0,0.0,17,227.0,229.0,10,209.0,0.0,0.0,0.0,0.0,0.0,20
2023-05-10 22:07:15,MA401P2450,MA401P2450,209.0,0.0,0.0,0.0,17,227.0,229.0,20,209.0,0.0,0.0,0.0,0.0,0.0,20
2023-05-10 22:07:15,MA401P2450,MA401P2450,209.0,0.0,0.0,0.0,17,227.0,228.5,10,209.0,0.0,0.0,0.0,0.0,0.0,20
2023-05-10 22:07:16,MA401P2450,MA401P2450,209.0,0.0,0.0,0.0,10,227.0,228.5,10,209.0,0.0,0.0,0.0,0.0,0.0,20
2023-05-10 22:07:17,MA401P2450,MA401P2450,209.0,0.0,0.0,0.0,17,226.5,228.5,10,209.0,0.0,0.0,0.0,0.0,0.0,20
2023-05-10 22:07:35,MA401P2450,MA401P2450,209.0,0.0,0.0,0.0,7,226.5,228.5,27,209.0,0.0,0.0,0.0,0.0,0.0,20
2023-05-10 22:07:36,MA401P2450,MA401P2450,209.0,0.0,0.0,0.0,10,226.0,228.0,10,209.0,0.0,0.0,0.0,0.0,0.0,20
2023-05-10 22:07:41,MA401P2450,MA401P2450,209.0,0.0,0.0,0.0,10,226.0,228.0,17,209.0,0.0,0.0,0.0,0.0,0.0,20
2023-05-10 22:07:43,MA401P2450,MA401P2450,209.0,0.0,0.0,0.0,10,226.0,228.0,7,209.0,0.0,0.0,0.0,0.0,0.0,20
2023-05-10 22:07:46,MA401P2450,MA401P2450,209.0,0.0,0.0,0.0,10,226.0,228.0,17,209.0,0.0,0.0,0.0,0.0,0.0,20
2023-05-10 22:07:48,MA401P2450,MA401P2450,209.0,0.0,0.0,0.0,10,226.0,228.0,27,209.0,0.0,0.0,0.0,0.0,0.0,20
2023-05-10 22:07:57,MA401P2450,MA401P2450,209.0,0.0,0.0,0.0,27,225.5,228.0,27,209.0,0.0,0.0,0.0,0.0,0.0,20
2023-05-10 22:07:58,MA401P2450,MA401P2450,209.0,0.0,0.0,0.0,17,225.5,228.0,27,209.0,0.0,0.0,0.0,0.0,0.0,20
2023-05-10 22:08:09,MA401P2450,MA401P2450,209.0,0.0,0.0,0.0,17,225.5,228.0,17,209.0,0.0,0.0,0.0,0.0,0.0,20
2023-05-10 22:08:10,MA401P2450,MA401P2450,209.0,0.0,0.0,0.0,17,225.5,228.0,27,209.0,0.0,0.0,0.0,0.0,0.0,20
2023-05-10 22:08:11,MA401P2450,MA401P2450,209.0,0.0,0.0,0.0,17,225.5,228.0,17,209.0,0.0,0.0,0.0,0.0,0.0,20
2023-05-10 22:08:13,MA401P2450,MA401P2450,209.0,0.0,0.0,0.0,17,225.5,228.0,27,209.0,0.0,0.0,0.0,0.0,0.0,20
2023-05-10 22:08:14,MA401P2450,MA401P2450,209.0,0.0,0.0,0.0,17,225.5,228.0,17,209.0,0.0,0.0,0.0,0.0,0.0,20
2023-05-10 22:08:22,MA401P2450,MA401P2450,209.0,0.0,0.0,0.0,17,225.5,228.0,27,209.0,0.0,0.0,0.0,0.0,0.0,20
2023-05-10 22:08:23,MA401P2450,MA401P2450,209.0,0.0,0.0,0.0,17,225.5,228.0,17,209.0,0.0,0.0,0.0,0.0,0.0,20
2023-05-10 22:08:26,MA401P2450,MA401P2450,209.0,0.0,0.0,0.0,17,225.5,228.0,27,209.0,0.0,0.0,0.0,0.0,0.0,20
2023-05-10 22:08:27,MA401P2450,MA401P2450,209.0,0.0,0.0,0.0,17,225.5,228.0,17,209.0,0.0,0.0,0.0,0.0,0.0,20
2023-05-10 22:08:28,MA401P2450,MA401P2450,209.0,0.0,0.0,0.0,10,226.0,228.0,7,209.0,0.0,0.0,0.0,0.0,0.0,20
2023-05-10 22:08:45,MA401P2450,MA401P2450,209.0,0.0,0.0,0.0,10,226.0,228.0,17,209.0,0.0,0.0,0.0,0.0,0.0,20
2023-05-10 22:08:47,MA401P2450,MA401P2450,209.0,0.0,0.0,0.0,10,226.0,228.0,7,209.0,0.0,0.0,0.0,0.0,0.0,20
2023-05-10 22:08:49,MA401P2450,MA401P2450,209.0,0.0,0.0,0.0,17,225.5,228.0,27,209.0,0.0,0.0,0.0,0.0,0.0,20
2023-05-10 22:08:51,MA401P2450,MA401P2450,209.0,0.0,0.0,0.0,20,225.0,227.0,10,209.0,0.0,0.0,0.0,0.0,0.0,20
2023-05-10 22:08:52,MA401P2450,MA401P2450,209.0,0.0,0.0,0.0,10,225.0,227.0,10,209.0,0.0,0.0,0.0,0.0,0.0,20
2023-05-10 22:08:53,MA401P2450,MA401P2450,209.0,0.0,0.0,0.0,10,225.0,227.5,20,209.0,0.0,0.0,0.0,0.0,0.0,20
2023-05-10 22:08:54,MA401P2450,MA401P2450,209.0,0.0,0.0,0.0,10,225.5,228.0,37,209.0,0.0,0.0,0.0,0.0,0.0,20
2023-05-10 22:08:54,MA401P2450,MA401P2450,209.0,0.0,0.0,0.0,10,225.5,228.0,27,209.0,0.0,0.0,0.0,0.0,0.0,20
2023-05-10 22:08:55,MA401P2450,MA401P2450,209.0,0.0,0.0,0.0,10,226.0,228.0,17,209.0,0.0,0.0,0.0,0.0,0.0,20
2023-05-10 22:08:56,MA401P2450,MA401P2450,209.0,0.0,0.0,0.0,10,226.0,228.0,7,209.0,0.0,0.0,0.0,0.0,0.0,20
2023-05-10 22:08:56,MA401P2450,MA401P2450,209.0,0.0,0.0,0.0,10,226.0,228.0,17,209.0,0.0,0.0,0.0,0.0,0.0,20
2023-05-10 22:09:00,MA401P2450,MA401P2450,209.0,0.0,0.0,0.0,10,226.0,228.0,7,209.0,0.0,0.0,0.0,0.0,0.0,20
2023-05-10 22:09:05,MA401P2450,MA401P2450,209.0,0.0,0.0,0.0,10,226.0,228.0,17,209.0,0.0,0.0,0.0,0.0,0.0,20
2023-05-10 22:09:09,MA401P2450,MA401P2450,209.0,0.0,0.0,0.0,10,226.5,228.0,7,209.0,0.0,0.0,0.0,0.0,0.0,20
2023-05-10 22:09:14,MA401P2450,MA401P2450,209.0,0.0,0.0,0.0,10,226.0,228.0,7,209.0,0.0,0.0,0.0,0.0,0.0,20
2023-05-10 22:09:16,MA401P2450,MA401P2450,209.0,0.0,0.0,0.0,17,225.5,228.0,17,209.0,0.0,0.0,0.0,0.0,0.0,20
2023-05-10 22:09:33,MA401P2450,MA401P2450,209.0,0.0,0.0,0.0,17,225.5,228.0,27,209.0,0.0,0.0,0.0,0.0,0.0,20
2023-05-10 22:09:34,MA401P2450,MA401P2450,209.0,0.0,0.0,0.0,17,225.5,228.0,17,209.0,0.0,0.0,0.0,0.0,0.0,20
2023-05-10 22:09:43,MA401P2450,MA401P2450,209.0,0.0,0.0,0.0,10,226.0,228.0,7,209.0,0.0,0.0,0.0,0.0,0.0,20
2023-05-10 22:10:04,MA401P2450,MA401P2450,209.0,0.0,0.0,0.0,10,226.5,228.0,7,209.0,0.0,0.0,0.0,0.0,0.0,20
2023-05-10 22:10:06,MA401P2450,MA401P2450,209.0,0.0,0.0,0.0,10,226.5,228.5,7,209.0,0.0,0.0,0.0,0.0,0.0,20
2023-05-10 22:10:08,MA401P2450,MA401P2450,209.0,0.0,0.0,0.0,10,226.5,229.0,30,209.0,0.0,0.0,0.0,0.0,0.0,20
2023-05-10 22:10:09,MA401P2450,MA401P2450,209.0,0.0,0.0,0.0,10,227.0,229.0,10,209.0,0.0,0.0,0.0,0.0,0.0,20
2023-05-10 22:10:09,MA401P2450,MA401P2450,209.0,0.0,0.0,0.0,10,227.0,229.5,30,209.0,0.0,0.0,0.0,0.0,0.0,20
2023-05-10 22:10:10,MA401P2450,MA401P2450,209.0,0.0,0.0,0.0,10,227.0,229.5,20,209.0,0.0,0.0,0.0,0.0,0.0,20
2023-05-10 22:10:11,MA401P2450,MA401P2450,209.0,0.0,0.0,0.0,10,227.0,229.5,27,209.0,0.0,0.0,0.0,0.0,0.0,20
2023-05-10 22:10:14,MA401P2450,MA401P2450,209.0,0.0,0.0,0.0,10,227.0,229.0,10,209.0,0.0,0.0,0.0,0.0,0.0,20
2023-05-10 22:10:16,MA401P2450,MA401P2450,209.0,0.0,0.0,0.0,10,227.0,229.5,27,209.0,0.0,0.0,0.0,0.0,0.0,20
2023-05-10 22:10:18,MA401P2450,MA401P2450,209.0,0.0,0.0,0.0,10,227.0,229.0,10,209.0,0.0,0.0,0.0,0.0,0.0,20
2023-05-10 22:10:20,MA401P2450,MA401P2450,209.0,0.0,0.0,0.0,10,227.0,229.5,27,209.0,0.0,0.0,0.0,0.0,0.0,20
2023-05-10 22:10:32,MA401P2450,MA401P2450,209.0,0.0,0.0,0.0,10,227.0,229.5,17,209.0,0.0,0.0,0.0,0.0,0.0,20
2023-05-10 22:10:41,MA401P2450,MA401P2450,209.0,0.0,0.0,0.0,10,227.5,229.5,7,209.0,0.0,0.0,0.0,0.0,0.0,20
2023-05-10 22:10:45,MA401P2450,MA401P2450,209.0,0.0,0.0,0.0,17,227.5,229.5,7,209.0,0.0,0.0,0.0,0.0,0.0,20
2023-05-10 22:11:09,MA401P2450,MA401P2450,209.0,0.0,0.0,0.0,7,227.5,229.5,17,209.0,0.0,0.0,0.0,0.0,0.0,20
2023-05-10 22:11:10,MA401P2450,MA401P2450,209.0,0.0,0.0,0.0,17,227.5,229.5,7,209.0,0.0,0.0,0.0,0.0,0.0,20
2023-05-10 22:11:14,MA401P2450,MA401P2450,209.0,0.0,0.0,0.0,17,227.5,229.5,17,209.0,0.0,0.0,0.0,0.0,0.0,20
2023-05-10 22:11:15,MA401P2450,MA401P2450,209.0,0.0,0.0,0.0,7,227.5,229.5,27,209.0,0.0,0.0,0.0,0.0,0.0,20
2023-05-10 22:11:19,MA401P2450,MA401P2450,209.0,0.0,0.0,0.0,7,227.5,229.0,10,209.0,0.0,0.0,0.0,0.0,0.0,20
2023-05-10 22:11:22,MA401P2450,MA401P2450,209.0,0.0,0.0,0.0,7,227.5,229.5,27,209.0,0.0,0.0,0.0,0.0,0.0,20
2023-05-10 22:11:23,MA401P2450,MA401P2450,209.0,0.0,0.0,0.0,17,227.5,229.5,7,209.0,0.0,0.0,0.0,0.0,0.0,20
2023-05-10 22:12:02,MA401P2450,MA401P2450,209.0,0.0,0.0,0.0,17,227.5,230.0,20,209.0,0.0,0.0,0.0,0.0,0.0,20
2023-05-10 22:12:02,MA401P2450,MA401P2450,209.0,0.0,0.0,0.0,10,228.0,230.5,20,209.0,0.0,0.0,0.0,0.0,0.0,20
2023-05-10 22:12:04,MA401P2450,MA401P2450,209.0,0.0,0.0,0.0,10,228.0,230.5,27,209.0,0.0,0.0,0.0,0.0,0.0,20
2023-05-10 22:12:29,MA401P2450,MA401P2450,209.0,0.0,0.0,0.0,10,228.0,230.5,17,209.0,0.0,0.0,0.0,0.0,0.0,20
2023-05-10 22:12:35,MA401P2450,MA401P2450,209.0,0.0,0.0,0.0,17,228.0,230.5,17,209.0,0.0,0.0,0.0,0.0,0.0,20
2023-05-10 22:12:37,MA401P2450,MA401P2450,209.0,0.0,0.0,0.0,10,228.5,230.5,7,209.0,0.0,0.0,0.0,0.0,0.0,20
2023-05-10 22:14:07,MA401P2450,MA401P2450,209.0,0.0,0.0,0.0,10,228.5,231.0,20,209.0,0.0,0.0,0.0,0.0,0.0,20
2023-05-10 22:14:07,MA401P2450,MA401P2450,209.0,0.0,0.0,0.0,10,228.5,231.0,10,209.0,0.0,0.0,0.0,0.0,0.0,20
2023-05-10 22:14:08,MA401P2450,MA401P2450,209.0,0.0,0.0,0.0,10,229.0,231.5,20,209.0,0.0,0.0,0.0,0.0,0.0,20
2023-05-10 22:14:09,MA401P2450,MA401P2450,209.0,0.0,0.0,0.0,10,229.0,231.5,17,209.0,0.0,0.0,0.0,0.0,0.0,20
2023-05-10 22:14:09,MA401P2450,MA401P2450,209.0,0.0,0.0,0.0,10,229.0,231.5,27,209.0,0.0,0.0,0.0,0.0,0.0,20
2023-05-10 22:14:17,MA401P2450,MA401P2450,209.0,0.0,0.0,0.0,10,229.0,231.5,17,209.0,0.0,0.0,0.0,0.0,0.0,20
2023-05-10 22:14:17,MA401P2450,MA401P2450,209.0,0.0,0.0,0.0,10,229.0,231.5,27,209.0,0.0,0.0,0.0,0.0,0.0,20
2023-05-10 22:14:18,MA401P2450,MA401P2450,209.0,0.0,0.0,0.0,10,229.0,231.5,17,209.0,0.0,0.0,0.0,0.0,0.0,20
2023-05-10 22:14:18,MA401P2450,MA401P2450,209.0,0.0,0.0,0.0,10,229.0,231.5,27,209.0,0.0,0.0,0.0,0.0,0.0,20
2023-05-10 22:14:19,MA401P2450,MA401P2450,209.0,0.0,0.0,0.0,10,229.0,231.5,17,209.0,0.0,0.0,0.0,0.0,0.0,20
2023-05-10 22:14:20,MA401P2450,MA401P2450,209.0,0.0,0.0,0.0,10,229.0,231.5,27,209.0,0.0,0.0,0.0,0.0,0.0,20
2023-05-10 22:14:29,MA401P2450,MA401P2450,209.0,0.0,0.0,0.0,10,229.0,231.5,17,209.0,0.0,0.0,0.0,0.0,0.0,20
2023-05-10 22:14:30,MA401P2450,MA401P2450,209.0,0.0,0.0,0.0,10,229.0,231.5,27,209.0,0.0,0.0,0.0,0.0,0.0,20
2023-05-10 22:14:31,MA401P2450,MA401P2450,209.0,0.0,0.0,0.0,10,229.0,231.5,17,209.0,0.0,0.0,0.0,0.0,0.0,20
2023-05-10 22:14:34,MA401P2450,MA401P2450,209.0,0.0,0.0,0.0,10,229.0,231.5,27,209.0,0.0,0.0,0.0,0.0,0.0,20
2023-05-10 22:14:42,MA401P2450,MA401P2450,209.0,0.0,0.0,0.0,17,229.0,231.5,27,209.0,0.0,0.0,0.0,0.0,0.0,20
2023-05-10 22:14:45,MA401P2450,MA401P2450,209.0,0.0,0.0,0.0,7,229.0,231.0,20,209.0,0.0,0.0,0.0,0.0,0.0,20
2023-05-10 22:14:45,MA401P2450,MA401P2450,209.0,0.0,0.0,0.0,7,229.0,230.5,10,209.0,0.0,0.0,0.0,0.0,0.0,20
2023-05-10 22:14:47,MA401P2450,MA401P2450,209.0,0.0,0.0,0.0,7,229.0,231.0,20,209.0,0.0,0.0,0.0,0.0,0.0,20
2023-05-10 22:14:59,MA401P2450,MA401P2450,209.0,0.0,0.0,0.0,7,229.0,231.0,27,209.0,0.0,0.0,0.0,0.0,0.0,20
2023-05-10 22:15:16,MA401P2450,MA401P2450,209.0,0.0,0.0,0.0,27,228.5,231.0,27,209.0,0.0,0.0,0.0,0.0,0.0,20
2023-05-10 22:15:17,MA401P2450,MA401P2450,209.0,0.0,0.0,0.0,17,228.5,230.5,10,209.0,0.0,0.0,0.0,0.0,0.0,20
2023-05-10 22:15:26,MA401P2450,MA401P2450,209.0,0.0,0.0,0.0,17,228.5,231.0,27,209.0,0.0,0.0,0.0,0.0,0.0,20
2023-05-10 22:15:36,MA401P2450,MA401P2450,209.0,0.0,0.0,0.0,17,228.5,230.5,10,209.0,0.0,0.0,0.0,0.0,0.0,20
2023-05-10 22:15:39,MA401P2450,MA401P2450,209.0,0.0,0.0,0.0,17,228.5,231.0,27,209.0,0.0,0.0,0.0,0.0,0.0,20
2023-05-10 22:15:48,MA401P2450,MA401P2450,209.0,0.0,0.0,0.0,17,228.5,230.5,10,209.0,0.0,0.0,0.0,0.0,0.0,20
2023-05-10 22:16:00,MA401P2450,MA401P2450,209.0,0.0,0.0,0.0,17,228.5,231.0,27,209.0,0.0,0.0,0.0,0.0,0.0,20
2023-05-10 22:16:06,MA401P2450,MA401P2450,209.0,0.0,0.0,0.0,10,229.0,231.0,7,209.0,0.0,0.0,0.0,0.0,0.0,20
2023-05-10 22:16:07,MA401P2450,MA401P2450,209.0,0.0,0.0,0.0,10,229.5,231.0,7,209.0,0.0,0.0,0.0,0.0,0.0,20
2023-05-10 22:16:25,MA401P2450,MA401P2450,209.0,0.0,0.0,0.0,10,229.5,231.5,17,209.0,0.0,0.0,0.0,0.0,0.0,20
2023-05-10 22:16:25,MA401P2450,MA401P2450,209.0,0.0,0.0,0.0,10,229.5,231.5,7,209.0,0.0,0.0,0.0,0.0,0.0,20
2023-05-10 22:16:30,MA401P2450,MA401P2450,209.0,0.0,0.0,0.0,17,229.5,231.5,7,209.0,0.0,0.0,0.0,0.0,0.0,20
2023-05-10 22:16:32,MA401P2450,MA401P2450,209.0,0.0,0.0,0.0,17,229.5,232.0,20,209.0,0.0,0.0,0.0,0.0,0.0,20
2023-05-10 22:16:32,MA401P2450,MA401P2450,209.0,0.0,0.0,0.0,17,229.5,232.0,10,209.0,0.0,0.0,0.0,0.0,0.0,20
2023-05-10 22:16:42,MA401P2450,MA401P2450,209.0,0.0,0.0,0.0,17,229.5,232.0,17,209.0,0.0,0.0,0.0,0.0,0.0,20
2023-05-10 22:16:44,MA401P2450,MA401P2450,209.0,0.0,0.0,0.0,17,229.5,232.0,27,209.0,0.0,0.0,0.0,0.0,0.0,20
2023-05-10 22:16:45,MA401P2450,MA401P2450,209.0,0.0,0.0,0.0,17,229.5,231.5,10,209.0,0.0,0.0,0.0,0.0,0.0,20
2023-05-10 22:16:46,MA401P2450,MA401P2450,209.0,0.0,0.0,0.0,17,229.5,232.0,17,209.0,0.0,0.0,0.0,0.0,0.0,20
2023-05-10 22:16:55,MA401P2450,MA401P2450,209.0,0.0,0.0,0.0,17,229.5,232.0,10,209.0,0.0,0.0,0.0,0.0,0.0,20
2023-05-10 22:16:56,MA401P2450,MA401P2450,209.0,0.0,0.0,0.0,10,230.0,232.5,17,209.0,0.0,0.0,0.0,0.0,0.0,20
2023-05-10 22:16:58,MA401P2450,MA401P2450,209.0,0.0,0.0,0.0,17,230.0,232.5,17,209.0,0.0,0.0,0.0,0.0,0.0,20
2023-05-10 22:17:02,MA401P2450,MA401P2450,209.0,0.0,0.0,0.0,17,230.0,232.5,27,209.0,0.0,0.0,0.0,0.0,0.0,20
2023-05-10 22:17:03,MA401P2450,MA401P2450,209.0,0.0,0.0,0.0,17,230.0,232.0,10,209.0,0.0,0.0,0.0,0.0,0.0,20
2023-05-10 22:17:03,MA401P2450,MA401P2450,209.0,0.0,0.0,0.0,17,230.0,232.5,27,209.0,0.0,0.0,0.0,0.0,0.0,20
2023-05-10 22:17:17,MA401P2450,MA401P2450,209.0,0.0,0.0,0.0,7,230.0,232.0,10,209.0,0.0,0.0,0.0,0.0,0.0,20
2023-05-10 22:17:21,MA401P2450,MA401P2450,209.0,0.0,0.0,0.0,7,230.0,232.0,20,209.0,0.0,0.0,0.0,0.0,0.0,20
2023-05-10 22:17:22,MA401P2450,MA401P2450,209.0,0.0,0.0,0.0,17,230.0,232.0,10,209.0,0.0,0.0,0.0,0.0,0.0,20
2023-05-10 22:17:22,MA401P2450,MA401P2450,209.0,0.0,0.0,0.0,17,230.0,232.5,27,209.0,0.0,0.0,0.0,0.0,0.0,20
2023-05-10 22:17:22,MA401P2450,MA401P2450,209.0,0.0,0.0,0.0,17,230.0,232.0,10,209.0,0.0,0.0,0.0,0.0,0.0,20
2023-05-10 22:17:24,MA401P2450,MA401P2450,209.0,0.0,0.0,0.0,17,230.0,232.5,27,209.0,0.0,0.0,0.0,0.0,0.0,20
2023-05-10 22:17:24,MA401P2450,MA401P2450,209.0,0.0,0.0,0.0,17,230.0,232.5,17,209.0,0.0,0.0,0.0,0.0,0.0,20
2023-05-10 22:17:25,MA401P2450,MA401P2450,209.0,0.0,0.0,0.0,10,230.5,232.5,7,209.0,0.0,0.0,0.0,0.0,0.0,20
2023-05-10 22:17:26,MA401P2450,MA401P2450,209.0,0.0,0.0,0.0,10,230.5,232.5,17,209.0,0.0,0.0,0.0,0.0,0.0,20
2023-05-10 22:17:29,MA401P2450,MA401P2450,209.0,0.0,0.0,0.0,17,230.0,232.5,27,209.0,0.0,0.0,0.0,0.0,0.0,20
2023-05-10 22:18:00,MA401P2450,MA401P2450,209.0,0.0,0.0,0.0,10,230.5,232.5,17,209.0,0.0,0.0,0.0,0.0,0.0,20
2023-05-10 22:18:01,MA401P2450,MA401P2450,209.0,0.0,0.0,0.0,10,230.5,232.5,7,209.0,0.0,0.0,0.0,0.0,0.0,20
2023-05-10 22:18:09,MA401P2450,MA401P2450,209.0,0.0,0.0,0.0,10,230.5,232.5,17,209.0,0.0,0.0,0.0,0.0,0.0,20
2023-05-10 22:18:09,MA401P2450,MA401P2450,209.0,0.0,0.0,0.0,10,230.5,232.5,7,209.0,0.0,0.0,0.0,0.0,0.0,20
2023-05-10 22:18:20,MA401P2450,MA401P2450,209.0,0.0,0.0,0.0,17,230.5,233.0,30,209.0,0.0,0.0,0.0,0.0,0.0,20
2023-05-10 22:18:20,MA401P2450,MA401P2450,209.0,0.0,0.0,0.0,17,230.5,233.0,20,209.0,0.0,0.0,0.0,0.0,0.0,20
2023-05-10 22:18:21,MA401P2450,MA401P2450,209.0,0.0,0.0,0.0,10,231.0,233.5,20,209.0,0.0,0.0,0.0,0.0,0.0,20
2023-05-10 22:18:21,MA401P2450,MA401P2450,209.0,0.0,0.0,0.0,10,231.0,233.5,10,209.0,0.0,0.0,0.0,0.0,0.0,20
2023-05-10 22:18:21,MA401P2450,MA401P2450,209.0,0.0,0.0,0.0,10,231.0,233.5,20,209.0,0.0,0.0,0.0,0.0,0.0,20
2023-05-10 22:18:23,MA401P2450,MA401P2450,209.0,0.0,0.0,0.0,10,231.0,233.5,27,209.0,0.0,0.0,0.0,0.0,0.0,20
2023-05-10 22:18:28,MA401P2450,MA401P2450,209.0,0.0,0.0,0.0,10,231.0,233.5,17,209.0,0.0,0.0,0.0,0.0,0.0,20
2023-05-10 22:18:33,MA401P2450,MA401P2450,209.0,0.0,0.0,0.0,10,231.0,233.5,27,209.0,0.0,0.0,0.0,0.0,0.0,20
2023-05-10 22:18:36,MA401P2450,MA401P2450,209.0,0.0,0.0,0.0,10,231.0,233.0,10,209.0,0.0,0.0,0.0,0.0,0.0,20
2023-05-10 22:18:43,MA401P2450,MA401P2450,209.0,0.0,0.0,0.0,10,231.0,233.5,27,209.0,0.0,0.0,0.0,0.0,0.0,20
2023-05-10 22:18:45,MA401P2450,MA401P2450,209.0,0.0,0.0,0.0,10,231.0,233.5,17,209.0,0.0,0.0,0.0,0.0,0.0,20
2023-05-10 22:18:45,MA401P2450,MA401P2450,209.0,0.0,0.0,0.0,10,231.0,233.5,27,209.0,0.0,0.0,0.0,0.0,0.0,20
2023-05-10 22:18:47,MA401P2450,MA401P2450,209.0,0.0,0.0,0.0,10,231.0,233.5,17,209.0,0.0,0.0,0.0,0.0,0.0,20
2023-05-10 22:18:47,MA401P2450,MA401P2450,209.0,0.0,0.0,0.0,10,231.0,233.5,27,209.0,0.0,0.0,0.0,0.0,0.0,20
2023-05-10 22:18:52,MA401P2450,MA401P2450,209.0,0.0,0.0,0.0,10,231.0,233.5,17,209.0,0.0,0.0,0.0,0.0,0.0,20
2023-05-10 22:18:58,MA401P2450,MA401P2450,209.0,0.0,0.0,0.0,10,231.0,233.0,17,209.0,0.0,0.0,0.0,0.0,0.0,20
2023-05-10 22:19:01,MA401P2450,MA401P2450,209.0,0.0,0.0,0.0,10,231.0,233.0,7,209.0,0.0,0.0,0.0,0.0,0.0,20
2023-05-10 22:19:06,MA401P2450,MA401P2450,209.0,0.0,0.0,0.0,10,231.5,233.5,17,209.0,0.0,0.0,0.0,0.0,0.0,20
2023-05-10 22:19:06,MA401P2450,MA401P2450,209.0,0.0,0.0,0.0,10,231.5,233.5,7,209.0,0.0,0.0,0.0,0.0,0.0,20
2023-05-10 22:19:08,MA401P2450,MA401P2450,209.0,0.0,0.0,0.0,10,231.5,234.0,20,209.0,0.0,0.0,0.0,0.0,0.0,20
2023-05-10 22:19:09,MA401P2450,MA401P2450,209.0,0.0,0.0,0.0,10,232.0,234.5,30,209.0,0.0,0.0,0.0,0.0,0.0,20
2023-05-10 22:19:09,MA401P2450,MA401P2450,209.0,0.0,0.0,0.0,10,232.0,234.5,20,209.0,0.0,0.0,0.0,0.0,0.0,20
2023-05-10 22:19:10,MA401P2450,MA401P2450,209.0,0.0,0.0,0.0,10,231.5,235.0,10,209.0,0.0,0.0,0.0,0.0,0.0,20
2023-05-10 22:19:10,MA401P2450,MA401P2450,209.0,0.0,0.0,0.0,10,232.5,235.0,20,209.0,0.0,0.0,0.0,0.0,0.0,20
2023-05-10 22:19:12,MA401P2450,MA401P2450,209.0,0.0,0.0,0.0,10,232.5,234.5,10,209.0,0.0,0.0,0.0,0.0,0.0,20
2023-05-10 22:19:13,MA401P2450,MA401P2450,209.0,0.0,0.0,0.0,10,232.5,235.0,20,209.0,0.0,0.0,0.0,0.0,0.0,20
2023-05-10 22:19:14,MA401P2450,MA401P2450,209.0,0.0,0.0,0.0,10,232.5,234.5,10,209.0,0.0,0.0,0.0,0.0,0.0,20
2023-05-10 22:19:15,MA401P2450,MA401P2450,209.0,0.0,0.0,0.0,10,232.5,235.0,20,209.0,0.0,0.0,0.0,0.0,0.0,20
2023-05-10 22:19:16,MA401P2450,MA401P2450,209.0,0.0,0.0,0.0,10,232.5,235.0,27,209.0,0.0,0.0,0.0,0.0,0.0,20
2023-05-10 22:19:18,MA401P2450,MA401P2450,209.0,0.0,0.0,0.0,10,232.5,234.5,10,209.0,0.0,0.0,0.0,0.0,0.0,20
2023-05-10 22:19:20,MA401P2450,MA401P2450,209.0,0.0,0.0,0.0,10,232.5,235.0,27,209.0,0.0,0.0,0.0,0.0,0.0,20
2023-05-10 22:19:20,MA401P2450,MA401P2450,209.0,0.0,0.0,0.0,10,232.5,234.5,10,209.0,0.0,0.0,0.0,0.0,0.0,20
2023-05-10 22:19:21,MA401P2450,MA401P2450,209.0,0.0,0.0,0.0,10,233.0,235.0,17,209.0,0.0,0.0,0.0,0.0,0.0,20
2023-05-10 22:19:27,MA401P2450,MA401P2450,209.0,0.0,0.0,0.0,10,233.0,235.0,7,209.0,0.0,0.0,0.0,0.0,0.0,20
2023-05-10 22:19:32,MA401P2450,MA401P2450,209.0,0.0,0.0,0.0,10,233.0,235.5,20,209.0,0.0,0.0,0.0,0.0,0.0,20
2023-05-10 22:19:32,MA401P2450,MA401P2450,209.0,0.0,0.0,0.0,10,233.0,235.5,10,209.0,0.0,0.0,0.0,0.0,0.0,20
2023-05-10 22:19:34,MA401P2450,MA401P2450,209.0,0.0,0.0,0.0,17,233.0,235.5,10,209.0,0.0,0.0,0.0,0.0,0.0,20
2023-05-10 22:19:35,MA401P2450,MA401P2450,209.0,0.0,0.0,0.0,17,233.0,235.5,20,209.0,0.0,0.0,0.0,0.0,0.0,20
2023-05-10 22:19:36,MA401P2450,MA401P2450,209.0,0.0,0.0,0.0,17,233.0,235.5,17,209.0,0.0,0.0,0.0,0.0,0.0,20
2023-05-10 22:19:37,MA401P2450,MA401P2450,209.0,0.0,0.0,0.0,10,233.5,235.5,7,209.0,0.0,0.0,0.0,0.0,0.0,20
2023-05-10 22:19:52,MA401P2450,MA401P2450,209.0,0.0,0.0,0.0,10,233.5,235.0,10,209.0,0.0,0.0,0.0,0.0,0.0,20
2023-05-10 22:19:53,MA401P2450,MA401P2450,209.0,0.0,0.0,0.0,10,233.5,235.5,17,209.0,0.0,0.0,0.0,0.0,0.0,20
2023-05-10 22:19:55,MA401P2450,MA401P2450,209.0,0.0,0.0,0.0,10,233.5,235.5,7,209.0,0.0,0.0,0.0,0.0,0.0,20
2023-05-10 22:19:55,MA401P2450,MA401P2450,209.0,0.0,0.0,0.0,10,233.5,235.5,17,209.0,0.0,0.0,0.0,0.0,0.0,20
2023-05-10 22:19:58,MA401P2450,MA401P2450,209.0,0.0,0.0,0.0,10,233.5,235.5,7,209.0,0.0,0.0,0.0,0.0,0.0,20
2023-05-10 22:20:02,MA401P2450,MA401P2450,209.0,0.0,0.0,0.0,10,233.5,235.0,10,209.0,0.0,0.0,0.0,0.0,0.0,20
2023-05-10 22:20:02,MA401P2450,MA401P2450,209.0,0.0,0.0,0.0,10,233.5,235.5,17,209.0,0.0,0.0,0.0,0.0,0.0,20
2023-05-10 22:20:03,MA401P2450,MA401P2450,209.0,0.0,0.0,0.0,10,233.5,235.5,7,209.0,0.0,0.0,0.0,0.0,0.0,20
2023-05-10 22:20:14,MA401P2450,MA401P2450,209.0,0.0,0.0,0.0,10,233.5,235.5,17,209.0,0.0,0.0,0.0,0.0,0.0,20
2023-05-10 22:20:21,MA401P2450,MA401P2450,209.0,0.0,0.0,0.0,10,233.0,235.0,10,209.0,0.0,0.0,0.0,0.0,0.0,20
2023-05-10 22:20:22,MA401P2450,MA401P2450,209.0,0.0,0.0,0.0,10,233.0,235.0,17,209.0,0.0,0.0,0.0,0.0,0.0,20
2023-05-10 22:20:29,MA401P2450,MA401P2450,209.0,0.0,0.0,0.0,10,233.0,235.0,27,209.0,0.0,0.0,0.0,0.0,0.0,20
2023-05-10 22:20:30,MA401P2450,MA401P2450,209.0,0.0,0.0,0.0,17,232.5,235.0,27,209.0,0.0,0.0,0.0,0.0,0.0,20
2023-05-10 22:20:32,MA401P2450,MA401P2450,209.0,0.0,0.0,0.0,17,232.5,234.5,7,209.0,0.0,0.0,0.0,0.0,0.0,20
2023-05-10 22:20:39,MA401P2450,MA401P2450,209.0,0.0,0.0,0.0,10,232.5,234.5,17,209.0,0.0,0.0,0.0,0.0,0.0,20
2023-05-10 22:20:43,MA401P2450,MA401P2450,209.0,0.0,0.0,0.0,10,232.5,234.0,10,209.0,0.0,0.0,0.0,0.0,0.0,20
2023-05-10 22:20:47,MA401P2450,MA401P2450,209.0,0.0,0.0,0.0,10,232.5,234.5,17,209.0,0.0,0.0,0.0,0.0,0.0,20
2023-05-10 22:20:57,MA401P2450,MA401P2450,209.0,0.0,0.0,0.0,10,232.5,234.5,7,209.0,0.0,0.0,0.0,0.0,0.0,20
2023-05-10 22:20:58,MA401P2450,MA401P2450,209.0,0.0,0.0,0.0,10,232.5,234.5,27,209.0,0.0,0.0,0.0,0.0,0.0,20
2023-05-10 22:21:05,MA401P2450,MA401P2450,209.0,0.0,0.0,0.0,20,232.0,234.5,27,209.0,0.0,0.0,0.0,0.0,0.0,20
2023-05-10 22:21:05,MA401P2450,MA401P2450,209.0,0.0,0.0,0.0,10,232.0,234.5,27,209.0,0.0,0.0,0.0,0.0,0.0,20
2023-05-10 22:21:51,MA401P2450,MA401P2450,209.0,0.0,0.0,0.0,10,232.0,234.0,10,209.0,0.0,0.0,0.0,0.0,0.0,20
2023-05-10 22:21:54,MA401P2450,MA401P2450,209.0,0.0,0.0,0.0,10,232.0,234.0,27,209.0,0.0,0.0,0.0,0.0,0.0,20
2023-05-10 22:21:55,MA401P2450,MA401P2450,209.0,0.0,0.0,0.0,17,231.5,234.0,27,209.0,0.0,0.0,0.0,0.0,0.0,20
2023-05-10 22:22:05,MA401P2450,MA401P2450,209.0,0.0,0.0,0.0,10,232.0,234.0,17,209.0,0.0,0.0,0.0,0.0,0.0,20
2023-05-10 22:22:10,MA401P2450,MA401P2450,209.0,0.0,0.0,0.0,17,231.5,234.0,27,209.0,0.0,0.0,0.0,0.0,0.0,20
2023-05-10 22:22:15,MA401P2450,MA401P2450,209.0,0.0,0.0,0.0,17,231.5,233.5,10,209.0,0.0,0.0,0.0,0.0,0.0,20
2023-05-10 22:22:15,MA401P2450,MA401P2450,209.0,0.0,0.0,0.0,17,231.5,234.0,27,209.0,0.0,0.0,0.0,0.0,0.0,20
2023-05-10 22:22:16,MA401P2450,MA401P2450,209.0,0.0,0.0,0.0,17,231.5,233.5,10,209.0,0.0,0.0,0.0,0.0,0.0,20
2023-05-10 22:22:19,MA401P2450,MA401P2450,209.0,0.0,0.0,0.0,17,231.5,234.0,27,209.0,0.0,0.0,0.0,0.0,0.0,20
2023-05-10 22:22:21,MA401P2450,MA401P2450,209.0,0.0,0.0,0.0,17,231.5,233.5,10,209.0,0.0,0.0,0.0,0.0,0.0,20
2023-05-10 22:22:28,MA401P2450,MA401P2450,209.0,0.0,0.0,0.0,17,231.5,234.0,27,209.0,0.0,0.0,0.0,0.0,0.0,20
2023-05-10 22:22:33,MA401P2450,MA401P2450,209.0,0.0,0.0,0.0,17,231.5,233.5,10,209.0,0.0,0.0,0.0,0.0,0.0,20
2023-05-10 22:22:37,MA401P2450,MA401P2450,209.0,0.0,0.0,0.0,17,231.5,233.5,17,209.0,0.0,0.0,0.0,0.0,0.0,20
2023-05-10 22:22:40,MA401P2450,MA401P2450,209.0,0.0,0.0,0.0,10,231.5,233.5,17,209.0,0.0,0.0,0.0,0.0,0.0,20
2023-05-10 22:22:48,MA401P2450,MA401P2450,209.0,0.0,0.0,0.0,10,231.5,233.5,7,209.0,0.0,0.0,0.0,0.0,0.0,20
2023-05-10 22:23:08,MA401P2450,MA401P2450,209.0,0.0,0.0,0.0,10,232.0,234.0,7,209.0,0.0,0.0,0.0,0.0,0.0,20
2023-05-10 22:23:30,MA401P2450,MA401P2450,209.0,0.0,0.0,0.0,10,232.0,234.5,20,209.0,0.0,0.0,0.0,0.0,0.0,20
2023-05-10 22:23:30,MA401P2450,MA401P2450,209.0,0.0,0.0,0.0,10,232.0,234.5,10,209.0,0.0,0.0,0.0,0.0,0.0,20
2023-05-10 22:24:04,MA401P2450,MA401P2450,209.0,0.0,0.0,0.0,27,231.5,234.0,10,209.0,0.0,0.0,0.0,0.0,0.0,20
2023-05-10 22:24:04,MA401P2450,MA401P2450,209.0,0.0,0.0,0.0,17,231.5,234.0,10,209.0,0.0,0.0,0.0,0.0,0.0,20
2023-05-10 22:24:10,MA401P2450,MA401P2450,209.0,0.0,0.0,0.0,17,231.5,234.0,20,209.0,0.0,0.0,0.0,0.0,0.0,20
2023-05-10 22:24:10,MA401P2450,MA401P2450,209.0,0.0,0.0,0.0,17,231.5,234.0,10,209.0,0.0,0.0,0.0,0.0,0.0,20
2023-05-10 22:24:11,MA401P2450,MA401P2450,209.0,0.0,0.0,0.0,17,231.5,234.0,20,209.0,0.0,0.0,0.0,0.0,0.0,20
2023-05-10 22:24:11,MA401P2450,MA401P2450,209.0,0.0,0.0,0.0,17,231.5,234.0,10,209.0,0.0,0.0,0.0,0.0,0.0,20
2023-05-10 22:24:21,MA401P2450,MA401P2450,209.0,0.0,0.0,0.0,17,231.5,234.0,27,209.0,0.0,0.0,0.0,0.0,0.0,20
2023-05-10 22:24:23,MA401P2450,MA401P2450,209.0,0.0,0.0,0.0,17,231.5,233.5,10,209.0,0.0,0.0,0.0,0.0,0.0,20
2023-05-10 22:24:23,MA401P2450,MA401P2450,209.0,0.0,0.0,0.0,17,231.5,233.5,20,209.0,0.0,0.0,0.0,0.0,0.0,20
2023-05-10 22:24:33,MA401P2450,MA401P2450,209.0,0.0,0.0,0.0,17,231.5,233.5,10,209.0,0.0,0.0,0.0,0.0,0.0,20
2023-05-10 22:24:33,MA401P2450,MA401P2450,209.0,0.0,0.0,0.0,17,231.5,234.0,27,209.0,0.0,0.0,0.0,0.0,0.0,20
2023-05-10 22:24:39,MA401P2450,MA401P2450,209.0,0.0,0.0,0.0,17,231.5,234.0,17,209.0,0.0,0.0,0.0,0.0,0.0,20
2023-05-10 22:24:56,MA401P2450,MA401P2450,209.0,0.0,0.0,0.0,10,232.0,234.0,7,209.0,0.0,0.0,0.0,0.0,0.0,20
2023-05-10 22:25:02,MA401P2450,MA401P2450,209.0,0.0,0.0,0.0,10,232.5,234.0,7,209.0,0.0,0.0,0.0,0.0,0.0,20
2023-05-10 22:25:07,MA401P2450,MA401P2450,209.0,0.0,0.0,0.0,10,232.0,234.0,7,209.0,0.0,0.0,0.0,0.0,0.0,20
2023-05-10 22:25:13,MA401P2450,MA401P2450,209.0,0.0,0.0,0.0,10,232.5,234.0,7,209.0,0.0,0.0,0.0,0.0,0.0,20
2023-05-10 22:25:15,MA401P2450,MA401P2450,209.0,0.0,0.0,0.0,10,232.0,234.0,7,209.0,0.0,0.0,0.0,0.0,0.0,20
2023-05-10 22:25:39,MA401P2450,MA401P2450,209.0,0.0,0.0,0.0,10,232.0,234.0,17,209.0,0.0,0.0,0.0,0.0,0.0,20
2023-05-10 22:25:44,MA401P2450,MA401P2450,209.0,0.0,0.0,0.0,10,232.0,234.0,7,209.0,0.0,0.0,0.0,0.0,0.0,20
2023-05-10 22:25:50,MA401P2450,MA401P2450,209.0,0.0,0.0,0.0,10,232.5,234.0,7,209.0,0.0,0.0,0.0,0.0,0.0,20
2023-05-10 22:26:00,MA401P2450,MA401P2450,209.0,0.0,0.0,0.0,10,232.0,234.0,7,209.0,0.0,0.0,0.0,0.0,0.0,20
2023-05-10 22:26:21,MA401P2450,MA401P2450,209.0,0.0,0.0,0.0,10,232.5,234.0,7,209.0,0.0,0.0,0.0,0.0,0.0,20
2023-05-10 22:26:28,MA401P2450,MA401P2450,209.0,0.0,0.0,0.0,10,232.0,234.0,7,209.0,0.0,0.0,0.0,0.0,0.0,20
2023-05-10 22:26:42,MA401P2450,MA401P2450,209.0,0.0,0.0,0.0,10,232.0,234.0,17,209.0,0.0,0.0,0.0,0.0,0.0,20
2023-05-10 22:26:42,MA401P2450,MA401P2450,209.0,0.0,0.0,0.0,17,231.5,234.0,27,209.0,0.0,0.0,0.0,0.0,0.0,20
2023-05-10 22:26:47,MA401P2450,MA401P2450,209.0,0.0,0.0,0.0,10,232.0,234.0,7,209.0,0.0,0.0,0.0,0.0,0.0,20
2023-05-10 22:26:49,MA401P2450,MA401P2450,209.0,0.0,0.0,0.0,17,231.5,234.0,27,209.0,0.0,0.0,0.0,0.0,0.0,20
2023-05-10 22:27:11,MA401P2450,MA401P2450,209.0,0.0,0.0,0.0,17,231.5,233.5,7,209.0,0.0,0.0,0.0,0.0,0.0,20
2023-05-10 22:27:12,MA401P2450,MA401P2450,209.0,0.0,0.0,0.0,10,231.5,233.5,7,209.0,0.0,0.0,0.0,0.0,0.0,20
2023-05-10 22:27:23,MA401P2450,MA401P2450,209.0,0.0,0.0,0.0,10,231.5,233.5,27,209.0,0.0,0.0,0.0,0.0,0.0,20
2023-05-10 22:27:31,MA401P2450,MA401P2450,209.0,0.0,0.0,0.0,10,231.5,233.5,7,209.0,0.0,0.0,0.0,0.0,0.0,20
2023-05-10 22:27:46,MA401P2450,MA401P2450,209.0,0.0,0.0,0.0,27,231.0,233.5,27,209.0,0.0,0.0,0.0,0.0,0.0,20
2023-05-10 22:27:46,MA401P2450,MA401P2450,209.0,0.0,0.0,0.0,17,231.0,233.5,27,209.0,0.0,0.0,0.0,0.0,0.0,20
2023-05-10 22:27:53,MA401P2450,MA401P2450,209.0,0.0,0.0,0.0,10,231.5,233.5,17,209.0,0.0,0.0,0.0,0.0,0.0,20
2023-05-10 22:28:01,MA401P2450,MA401P2450,209.0,0.0,0.0,0.0,10,231.5,233.5,7,209.0,0.0,0.0,0.0,0.0,0.0,20
2023-05-10 22:28:07,MA401P2450,MA401P2450,209.0,0.0,0.0,0.0,10,231.5,233.5,17,209.0,0.0,0.0,0.0,0.0,0.0,20
2023-05-10 22:28:09,MA401P2450,MA401P2450,209.0,0.0,0.0,0.0,10,231.5,233.5,27,209.0,0.0,0.0,0.0,0.0,0.0,20
2023-05-10 22:28:11,MA401P2450,MA401P2450,209.0,0.0,0.0,0.0,17,231.0,233.5,27,209.0,0.0,0.0,0.0,0.0,0.0,20
2023-05-10 22:28:43,MA401P2450,MA401P2450,209.0,0.0,0.0,0.0,17,231.0,233.0,10,209.0,0.0,0.0,0.0,0.0,0.0,20
2023-05-10 22:28:44,MA401P2450,MA401P2450,209.0,0.0,0.0,0.0,17,231.0,233.0,17,209.0,0.0,0.0,0.0,0.0,0.0,20
2023-05-10 22:28:45,MA401P2450,MA401P2450,209.0,0.0,0.0,0.0,10,231.0,232.5,10,209.0,0.0,0.0,0.0,0.0,0.0,20
2023-05-10 22:28:46,MA401P2450,MA401P2450,209.0,0.0,0.0,0.0,10,230.5,232.5,10,209.0,0.0,0.0,0.0,0.0,0.0,20
2023-05-10 22:28:48,MA401P2450,MA401P2450,209.0,0.0,0.0,0.0,10,230.5,233.0,27,209.0,0.0,0.0,0.0,0.0,0.0,20
2023-05-10 22:28:51,MA401P2450,MA401P2450,209.0,0.0,0.0,0.0,10,230.5,233.0,17,209.0,0.0,0.0,0.0,0.0,0.0,20
2023-05-10 22:28:51,MA401P2450,MA401P2450,209.0,0.0,0.0,0.0,10,230.5,233.0,27,209.0,0.0,0.0,0.0,0.0,0.0,20
2023-05-10 22:28:54,MA401P2450,MA401P2450,209.0,0.0,0.0,0.0,10,230.5,232.5,10,209.0,0.0,0.0,0.0,0.0,0.0,20
2023-05-10 22:28:57,MA401P2450,MA401P2450,209.0,0.0,0.0,0.0,10,230.5,233.0,27,209.0,0.0,0.0,0.0,0.0,0.0,20
2023-05-10 22:29:03,MA401P2450,MA401P2450,209.0,0.0,0.0,0.0,10,230.5,233.0,17,209.0,0.0,0.0,0.0,0.0,0.0,20
2023-05-10 22:29:17,MA401P2450,MA401P2450,209.0,0.0,0.0,0.0,10,230.5,233.0,27,209.0,0.0,0.0,0.0,0.0,0.0,20
2023-05-10 22:29:20,MA401P2450,MA401P2450,209.0,0.0,0.0,0.0,10,230.5,233.0,17,209.0,0.0,0.0,0.0,0.0,0.0,20
2023-05-10 22:29:21,MA401P2450,MA401P2450,209.0,0.0,0.0,0.0,10,230.5,233.0,27,209.0,0.0,0.0,0.0,0.0,0.0,20
2023-05-10 22:29:27,MA401P2450,MA401P2450,209.0,0.0,0.0,0.0,10,230.5,233.0,17,209.0,0.0,0.0,0.0,0.0,0.0,20
2023-05-10 22:29:31,MA401P2450,MA401P2450,209.0,0.0,0.0,0.0,10,231.0,233.0,7,209.0,0.0,0.0,0.0,0.0,0.0,20
2023-05-10 22:29:37,MA401P2450,MA401P2450,209.0,0.0,0.0,0.0,10,231.0,233.0,17,209.0,0.0,0.0,0.0,0.0,0.0,20
2023-05-10 22:30:01,MA401P2450,MA401P2450,209.0,0.0,0.0,0.0,7,230.0,232.5,10,209.0,0.0,0.0,0.0,0.0,0.0,20
2023-05-10 22:30:01,MA401P2450,MA401P2450,209.0,0.0,0.0,0.0,17,230.0,232.5,20,209.0,0.0,0.0,0.0,0.0,0.0,20
2023-05-10 22:30:02,MA401P2450,MA401P2450,209.0,0.0,0.0,0.0,10,230.0,232.5,20,209.0,0.0,0.0,0.0,0.0,0.0,20
2023-05-10 22:30:03,MA401P2450,MA401P2450,209.0,0.0,0.0,0.0,10,228.5,231.5,10,209.0,0.0,0.0,0.0,0.0,0.0,20
2023-05-10 22:30:03,MA401P2450,MA401P2450,209.0,0.0,0.0,0.0,10,228.5,232.0,10,209.0,0.0,0.0,0.0,0.0,0.0,20
2023-05-10 22:30:08,MA401P2450,MA401P2450,209.0,0.0,0.0,0.0,10,230.0,232.0,10,209.0,0.0,0.0,0.0,0.0,0.0,20
2023-05-10 22:30:09,MA401P2450,MA401P2450,209.0,0.0,0.0,0.0,10,229.5,232.5,17,209.0,0.0,0.0,0.0,0.0,0.0,20
2023-05-10 22:30:10,MA401P2450,MA401P2450,209.0,0.0,0.0,0.0,20,229.0,232.5,17,209.0,0.0,0.0,0.0,0.0,0.0,20
2023-05-10 22:30:11,MA401P2450,MA401P2450,209.0,0.0,0.0,0.0,27,229.0,232.5,17,209.0,0.0,0.0,0.0,0.0,0.0,20
2023-05-10 22:30:15,MA401P2450,MA401P2450,209.0,0.0,0.0,0.0,17,229.0,232.0,10,209.0,0.0,0.0,0.0,0.0,0.0,20
2023-05-10 22:30:16,MA401P2450,MA401P2450,209.0,0.0,0.0,0.0,17,229.0,232.0,17,209.0,0.0,0.0,0.0,0.0,0.0,20
2023-05-10 22:30:16,MA401P2450,MA401P2450,209.0,0.0,0.0,0.0,10,229.5,232.0,27,209.0,0.0,0.0,0.0,0.0,0.0,20
2023-05-10 22:30:35,MA401P2450,MA401P2450,209.0,0.0,0.0,0.0,10,229.5,231.5,7,209.0,0.0,0.0,0.0,0.0,0.0,20
2023-05-10 22:30:46,MA401P2450,MA401P2450,209.0,0.0,0.0,0.0,10,229.5,231.5,17,209.0,0.0,0.0,0.0,0.0,0.0,20
2023-05-10 22:30:46,MA401P2450,MA401P2450,209.0,0.0,0.0,0.0,10,229.5,231.5,7,209.0,0.0,0.0,0.0,0.0,0.0,20
2023-05-10 22:30:47,MA401P2450,MA401P2450,209.0,0.0,0.0,0.0,10,229.5,231.5,17,209.0,0.0,0.0,0.0,0.0,0.0,20
2023-05-10 22:30:47,MA401P2450,MA401P2450,209.0,0.0,0.0,0.0,10,229.5,231.5,7,209.0,0.0,0.0,0.0,0.0,0.0,20
2023-05-10 22:30:51,MA401P2450,MA401P2450,209.0,0.0,0.0,0.0,10,229.5,231.0,10,209.0,0.0,0.0,0.0,0.0,0.0,20
2023-05-10 22:30:53,MA401P2450,MA401P2450,209.0,0.0,0.0,0.0,27,229.0,231.0,10,209.0,0.0,0.0,0.0,0.0,0.0,20
2023-05-10 22:30:54,MA401P2450,MA401P2450,209.0,0.0,0.0,0.0,17,229.0,231.0,10,209.0,0.0,0.0,0.0,0.0,0.0,20
2023-05-10 22:30:55,MA401P2450,MA401P2450,209.0,0.0,0.0,0.0,17,229.0,231.5,17,209.0,0.0,0.0,0.0,0.0,0.0,20
2023-05-10 22:30:57,MA401P2450,MA401P2450,209.0,0.0,0.0,0.0,17,229.0,231.0,10,209.0,0.0,0.0,0.0,0.0,0.0,20
2023-05-10 22:31:00,MA401P2450,MA401P2450,209.0,0.0,0.0,0.0,17,229.0,231.5,17,209.0,0.0,0.0,0.0,0.0,0.0,20
2023-05-10 22:31:07,MA401P2450,MA401P2450,209.0,0.0,0.0,0.0,10,230.0,231.5,7,209.0,0.0,0.0,0.0,0.0,0.0,20
2023-05-10 22:31:09,MA401P2450,MA401P2450,209.0,0.0,0.0,0.0,10,229.5,231.5,7,209.0,0.0,0.0,0.0,0.0,0.0,20
2023-05-10 22:31:39,MA401P2450,MA401P2450,209.0,0.0,0.0,0.0,17,229.5,232.0,17,209.0,0.0,0.0,0.0,0.0,0.0,20
2023-05-10 22:32:07,MA401P2450,MA401P2450,209.0,0.0,0.0,0.0,10,230.0,232.0,7,209.0,0.0,0.0,0.0,0.0,0.0,20
2023-05-10 22:33:14,MA401P2450,MA401P2450,209.0,0.0,0.0,0.0,17,229.5,232.0,27,209.0,0.0,0.0,0.0,0.0,0.0,20
2023-05-10 22:33:31,MA401P2450,MA401P2450,209.0,0.0,0.0,0.0,10,230.0,232.0,7,209.0,0.0,0.0,0.0,0.0,0.0,20
2023-05-10 22:33:43,MA401P2450,MA401P2450,209.0,0.0,0.0,0.0,10,230.5,232.0,7,209.0,0.0,0.0,0.0,0.0,0.0,20
2023-05-10 22:33:54,MA401P2450,MA401P2450,209.0,0.0,0.0,0.0,10,230.5,233.0,27,209.0,0.0,0.0,0.0,0.0,0.0,20
2023-05-10 22:33:54,MA401P2450,MA401P2450,209.0,0.0,0.0,0.0,10,231.0,233.0,17,209.0,0.0,0.0,0.0,0.0,0.0,20
2023-05-10 22:33:55,MA401P2450,MA401P2450,209.0,0.0,0.0,0.0,10,231.0,233.0,7,209.0,0.0,0.0,0.0,0.0,0.0,20
2023-05-10 22:33:57,MA401P2450,MA401P2450,209.0,0.0,0.0,0.0,10,230.5,233.0,17,209.0,0.0,0.0,0.0,0.0,0.0,20
2023-05-10 22:34:17,MA401P2450,MA401P2450,209.0,0.0,0.0,0.0,10,231.0,233.0,7,209.0,0.0,0.0,0.0,0.0,0.0,20
2023-05-10 22:34:33,MA401P2450,MA401P2450,209.0,0.0,0.0,0.0,17,230.5,233.0,17,209.0,0.0,0.0,0.0,0.0,0.0,20
2023-05-10 22:34:36,MA401P2450,MA401P2450,209.0,0.0,0.0,0.0,17,230.5,232.5,10,209.0,0.0,0.0,0.0,0.0,0.0,20
