time,symbol_id,symbol_name,last,trade_volume,trade_amount,open_interest_change,bv1,bp1,ap1,av1,yesterday_close,today_open,today_high,today_low,volume,amount,open_interest
2023-05-10 19:12:58,MA401P2175,MA401P2175,77.5,0.0,0.0,-66.0,0,0.0,0.0,0,77.5,80.0,0.0,0.0,0.0,0.0,331
2023-05-10 20:59:00,MA401P2175,MA401P2175,77.5,0.0,0.0,0.0,8,62.0,0.0,0,77.5,80.0,0.0,0.0,0.0,0.0,331
2023-05-10 21:00:00,MA401P2175,MA401P2175,77.5,0.0,0.0,0.0,1,70.5,0.0,0,77.5,80.0,0.0,0.0,0.0,0.0,331
2023-05-10 21:00:02,MA401P2175,MA401P2175,77.5,0.0,0.0,0.0,1,70.5,122.5,1,77.5,80.0,0.0,0.0,0.0,0.0,331
2023-05-10 21:01:11,MA401P2175,MA401P2175,77.5,0.0,0.0,0.0,7,75.0,76.5,7,77.5,80.0,0.0,0.0,0.0,0.0,331
2023-05-10 21:01:26,MA401P2175,MA401P2175,77.5,0.0,0.0,0.0,7,75.0,77.0,7,77.5,80.0,0.0,0.0,0.0,0.0,331
2023-05-10 21:01:27,MA401P2175,MA401P2175,77.5,0.0,0.0,0.0,7,75.5,77.0,7,77.5,80.0,0.0,0.0,0.0,0.0,331
2023-05-10 21:01:34,MA401P2175,MA401P2175,77.5,0.0,0.0,0.0,7,76.0,77.0,7,77.5,80.0,0.0,0.0,0.0,0.0,331
2023-05-10 21:01:36,MA401P2175,MA401P2175,77.5,0.0,0.0,0.0,7,76.0,122.5,1,77.5,80.0,0.0,0.0,0.0,0.0,331
2023-05-10 21:01:37,MA401P2175,MA401P2175,77.5,0.0,0.0,0.0,7,76.0,77.5,7,77.5,80.0,0.0,0.0,0.0,0.0,331
2023-05-10 21:02:02,MA401P2175,MA401P2175,77.5,0.0,0.0,0.0,7,76.0,77.0,7,77.5,80.0,0.0,0.0,0.0,0.0,331
2023-05-10 21:02:02,MA401P2175,MA401P2175,77.5,0.0,0.0,0.0,7,75.5,77.0,7,77.5,80.0,0.0,0.0,0.0,0.0,331
2023-05-10 21:02:16,MA401P2175,MA401P2175,77.5,0.0,0.0,0.0,7,76.0,77.0,7,77.5,80.0,0.0,0.0,0.0,0.0,331
2023-05-10 21:02:45,MA401P2175,MA401P2175,77.5,0.0,0.0,0.0,7,75.5,77.0,7,77.5,80.0,0.0,0.0,0.0,0.0,331
2023-05-10 21:03:01,MA401P2175,MA401P2175,77.5,0.0,0.0,0.0,7,75.5,76.5,7,77.5,80.0,0.0,0.0,0.0,0.0,331
2023-05-10 21:03:03,MA401P2175,MA401P2175,77.5,0.0,0.0,0.0,7,75.5,77.0,7,77.5,80.0,0.0,0.0,0.0,0.0,331
2023-05-10 21:03:29,MA401P2175,MA401P2175,77.5,0.0,0.0,0.0,7,76.0,77.0,7,77.5,80.0,0.0,0.0,0.0,0.0,331
2023-05-10 21:03:52,MA401P2175,MA401P2175,77.5,0.0,0.0,0.0,7,76.0,77.5,7,77.5,80.0,0.0,0.0,0.0,0.0,331
2023-05-10 21:04:05,MA401P2175,MA401P2175,77.5,0.0,0.0,0.0,7,76.5,77.5,7,77.5,80.0,0.0,0.0,0.0,0.0,331
2023-05-10 21:04:10,MA401P2175,MA401P2175,77.5,0.0,0.0,0.0,17,76.0,77.5,7,77.5,80.0,0.0,0.0,0.0,0.0,331
2023-05-10 21:04:26,MA401P2175,MA401P2175,77.5,0.0,0.0,0.0,7,76.5,77.5,7,77.5,80.0,0.0,0.0,0.0,0.0,331
2023-05-10 21:04:28,MA401P2175,MA401P2175,77.5,0.0,0.0,0.0,7,76.5,81.0,1,77.5,80.0,0.0,0.0,0.0,0.0,331
2023-05-10 21:04:32,MA401P2175,MA401P2175,77.5,0.0,0.0,0.0,7,76.5,78.5,7,77.5,80.0,0.0,0.0,0.0,0.0,331
2023-05-10 21:04:34,MA401P2175,MA401P2175,77.5,0.0,0.0,0.0,7,76.5,78.0,7,77.5,80.0,0.0,0.0,0.0,0.0,331
2023-05-10 21:06:06,MA401P2175,MA401P2175,77.5,0.0,0.0,0.0,7,76.5,77.5,7,77.5,80.0,0.0,0.0,0.0,0.0,331
2023-05-10 21:06:31,MA401P2175,MA401P2175,77.5,0.0,0.0,0.0,7,76.5,78.0,7,77.5,80.0,0.0,0.0,0.0,0.0,331
2023-05-10 21:06:49,MA401P2175,MA401P2175,77.5,0.0,0.0,0.0,7,76.5,77.5,7,77.5,80.0,0.0,0.0,0.0,0.0,331
2023-05-10 21:07:15,MA401P2175,MA401P2175,77.5,0.0,0.0,0.0,7,76.0,77.5,7,77.5,80.0,0.0,0.0,0.0,0.0,331
2023-05-10 21:07:48,MA401P2175,MA401P2175,77.5,0.0,0.0,0.0,7,76.5,77.5,7,77.5,80.0,0.0,0.0,0.0,0.0,331
2023-05-10 21:08:14,MA401P2175,MA401P2175,77.5,0.0,0.0,0.0,7,76.5,78.0,7,77.5,80.0,0.0,0.0,0.0,0.0,331
2023-05-10 21:08:16,MA401P2175,MA401P2175,77.5,0.0,0.0,0.0,7,77.0,78.0,7,77.5,80.0,0.0,0.0,0.0,0.0,331
2023-05-10 21:09:29,MA401P2175,MA401P2175,77.5,0.0,0.0,0.0,7,77.0,78.5,7,77.5,80.0,0.0,0.0,0.0,0.0,331
2023-05-10 21:09:58,MA401P2175,MA401P2175,77.5,0.0,0.0,0.0,7,77.5,78.5,7,77.5,80.0,0.0,0.0,0.0,0.0,331
2023-05-10 21:10:11,MA401P2175,MA401P2175,77.5,0.0,0.0,0.0,7,77.0,78.5,7,77.5,80.0,0.0,0.0,0.0,0.0,331
2023-05-10 21:10:32,MA401P2175,MA401P2175,77.5,0.0,0.0,0.0,7,77.0,78.0,7,77.5,80.0,0.0,0.0,0.0,0.0,331
2023-05-10 21:11:05,MA401P2175,MA401P2175,77.5,0.0,0.0,0.0,7,76.5,78.0,7,77.5,80.0,0.0,0.0,0.0,0.0,331
2023-05-10 21:11:18,MA401P2175,MA401P2175,77.5,0.0,0.0,0.0,7,77.0,78.0,7,77.5,80.0,0.0,0.0,0.0,0.0,331
2023-05-10 21:11:54,MA401P2175,MA401P2175,77.5,0.0,0.0,0.0,7,77.0,78.5,7,77.5,80.0,0.0,0.0,0.0,0.0,331
2023-05-10 21:12:28,MA401P2175,MA401P2175,77.5,0.0,0.0,0.0,7,77.5,78.5,7,77.5,80.0,0.0,0.0,0.0,0.0,331
2023-05-10 21:13:21,MA401P2175,MA401P2175,77.5,0.0,0.0,0.0,7,77.5,79.0,7,77.5,80.0,0.0,0.0,0.0,0.0,331
2023-05-10 21:13:36,MA401P2175,MA401P2175,77.5,0.0,0.0,0.0,7,78.0,79.0,7,77.5,80.0,0.0,0.0,0.0,0.0,331
2023-05-10 21:13:56,MA401P2175,MA401P2175,77.5,0.0,0.0,0.0,7,78.0,79.5,7,77.5,80.0,0.0,0.0,0.0,0.0,331
2023-05-10 21:14:09,MA401P2175,MA401P2175,77.5,0.0,0.0,0.0,7,78.0,79.0,7,77.5,80.0,0.0,0.0,0.0,0.0,331
2023-05-10 21:15:56,MA401P2175,MA401P2175,77.5,0.0,0.0,0.0,7,77.5,79.0,7,77.5,80.0,0.0,0.0,0.0,0.0,331
2023-05-10 21:16:04,MA401P2175,MA401P2175,77.5,0.0,0.0,0.0,7,78.0,79.0,7,77.5,80.0,0.0,0.0,0.0,0.0,331
2023-05-10 21:16:12,MA401P2175,MA401P2175,77.5,0.0,0.0,0.0,7,78.0,79.5,7,77.5,80.0,0.0,0.0,0.0,0.0,331
2023-05-10 21:16:13,MA401P2175,MA401P2175,77.5,0.0,0.0,0.0,7,78.5,79.5,7,77.5,80.0,0.0,0.0,0.0,0.0,331
2023-05-10 21:17:05,MA401P2175,MA401P2175,77.5,0.0,0.0,0.0,7,78.5,80.0,10,77.5,80.0,0.0,0.0,0.0,0.0,331
2023-05-10 21:17:06,MA401P2175,MA401P2175,77.5,0.0,0.0,0.0,7,79.0,80.5,20,77.5,80.0,0.0,0.0,0.0,0.0,331
2023-05-10 21:17:06,MA401P2175,MA401P2175,77.5,0.0,0.0,0.0,7,79.0,80.0,7,77.5,80.0,0.0,0.0,0.0,0.0,331
2023-05-10 21:17:11,MA401P2175,MA401P2175,77.5,0.0,0.0,0.0,7,78.5,80.0,7,77.5,80.0,0.0,0.0,0.0,0.0,331
2023-05-10 21:17:24,MA401P2175,MA401P2175,77.5,0.0,0.0,0.0,7,78.5,80.0,17,77.5,80.0,0.0,0.0,0.0,0.0,331
2023-05-10 21:17:24,MA401P2175,MA401P2175,77.5,0.0,0.0,0.0,7,78.5,80.0,27,77.5,80.0,0.0,0.0,0.0,0.0,331
2023-05-10 21:17:44,MA401P2175,MA401P2175,77.5,0.0,0.0,0.0,7,79.0,80.0,27,77.5,80.0,0.0,0.0,0.0,0.0,331
2023-05-10 21:18:08,MA401P2175,MA401P2175,77.5,0.0,0.0,0.0,7,78.5,80.0,27,77.5,80.0,0.0,0.0,0.0,0.0,331
2023-05-10 21:18:22,MA401P2175,MA401P2175,77.5,0.0,0.0,0.0,7,79.0,80.0,27,77.5,80.0,0.0,0.0,0.0,0.0,331
2023-05-10 21:18:37,MA401P2175,MA401P2175,77.5,0.0,0.0,0.0,7,79.0,80.0,17,77.5,80.0,0.0,0.0,0.0,0.0,331
2023-05-10 21:18:49,MA401P2175,MA401P2175,77.5,0.0,0.0,0.0,7,78.5,80.0,27,77.5,80.0,0.0,0.0,0.0,0.0,331
2023-05-10 21:19:03,MA401P2175,MA401P2175,77.5,0.0,0.0,0.0,7,78.5,80.0,17,77.5,80.0,0.0,0.0,0.0,0.0,331
2023-05-10 21:19:04,MA401P2175,MA401P2175,77.5,0.0,0.0,0.0,7,78.5,80.0,27,77.5,80.0,0.0,0.0,0.0,0.0,331
2023-05-10 21:19:19,MA401P2175,MA401P2175,77.5,0.0,0.0,0.0,7,78.5,79.5,7,77.5,80.0,0.0,0.0,0.0,0.0,331
2023-05-10 21:19:24,MA401P2175,MA401P2175,77.5,0.0,0.0,0.0,7,78.5,80.0,27,77.5,80.0,0.0,0.0,0.0,0.0,331
2023-05-10 21:20:08,MA401P2175,MA401P2175,77.5,0.0,0.0,0.0,7,78.5,80.0,17,77.5,80.0,0.0,0.0,0.0,0.0,331
2023-05-10 21:20:08,MA401P2175,MA401P2175,77.5,0.0,0.0,0.0,7,79.0,80.0,17,77.5,80.0,0.0,0.0,0.0,0.0,331
2023-05-10 21:20:14,MA401P2175,MA401P2175,77.5,0.0,0.0,0.0,7,79.0,80.0,27,77.5,80.0,0.0,0.0,0.0,0.0,331
2023-05-10 21:20:16,MA401P2175,MA401P2175,77.5,0.0,0.0,0.0,7,78.5,80.0,27,77.5,80.0,0.0,0.0,0.0,0.0,331
2023-05-10 21:20:18,MA401P2175,MA401P2175,77.5,0.0,0.0,0.0,7,79.0,80.0,27,77.5,80.0,0.0,0.0,0.0,0.0,331
2023-05-10 21:20:20,MA401P2175,MA401P2175,77.5,0.0,0.0,0.0,7,79.0,80.0,17,77.5,80.0,0.0,0.0,0.0,0.0,331
2023-05-10 21:20:44,MA401P2175,MA401P2175,77.5,0.0,0.0,0.0,7,79.0,80.0,27,77.5,80.0,0.0,0.0,0.0,0.0,331
2023-05-10 21:20:45,MA401P2175,MA401P2175,77.5,0.0,0.0,0.0,7,79.0,80.0,17,77.5,80.0,0.0,0.0,0.0,0.0,331
2023-05-10 21:20:46,MA401P2175,MA401P2175,77.5,0.0,0.0,0.0,7,79.0,80.0,27,77.5,80.0,0.0,0.0,0.0,0.0,331
2023-05-10 21:20:48,MA401P2175,MA401P2175,77.5,0.0,0.0,0.0,7,79.0,80.0,17,77.5,80.0,0.0,0.0,0.0,0.0,331
2023-05-10 21:20:56,MA401P2175,MA401P2175,77.5,0.0,0.0,0.0,7,79.0,80.5,30,77.5,80.0,0.0,0.0,0.0,0.0,331
2023-05-10 21:20:57,MA401P2175,MA401P2175,77.5,0.0,0.0,0.0,7,79.0,80.5,10,77.5,80.0,0.0,0.0,0.0,0.0,331
2023-05-10 21:20:58,MA401P2175,MA401P2175,77.5,0.0,0.0,0.0,7,79.5,81.0,11,77.5,80.0,0.0,0.0,0.0,0.0,331
2023-05-10 21:20:59,MA401P2175,MA401P2175,77.5,0.0,0.0,0.0,7,79.5,80.5,7,77.5,80.0,0.0,0.0,0.0,0.0,331
2023-05-10 21:21:00,MA401P2175,MA401P2175,77.5,0.0,0.0,0.0,7,79.5,80.5,17,77.5,80.0,0.0,0.0,0.0,0.0,331
2023-05-10 21:21:04,MA401P2175,MA401P2175,77.5,0.0,0.0,0.0,7,79.5,80.0,10,77.5,80.0,0.0,0.0,0.0,0.0,331
2023-05-10 21:21:04,MA401P2175,MA401P2175,77.5,0.0,0.0,0.0,7,79.0,80.0,10,77.5,80.0,0.0,0.0,0.0,0.0,331
2023-05-10 21:21:06,MA401P2175,MA401P2175,77.5,0.0,0.0,0.0,7,79.0,80.0,20,77.5,80.0,0.0,0.0,0.0,0.0,331
2023-05-10 21:21:06,MA401P2175,MA401P2175,77.5,0.0,0.0,0.0,7,79.0,80.0,10,77.5,80.0,0.0,0.0,0.0,0.0,331
2023-05-10 21:21:07,MA401P2175,MA401P2175,77.5,0.0,0.0,0.0,7,79.0,80.0,17,77.5,80.0,0.0,0.0,0.0,0.0,331
2023-05-10 21:21:09,MA401P2175,MA401P2175,77.5,0.0,0.0,0.0,7,79.0,80.0,27,77.5,80.0,0.0,0.0,0.0,0.0,331
2023-05-10 21:21:09,MA401P2175,MA401P2175,77.5,0.0,0.0,0.0,7,79.0,80.0,17,77.5,80.0,0.0,0.0,0.0,0.0,331
2023-05-10 21:21:11,MA401P2175,MA401P2175,77.5,0.0,0.0,0.0,7,79.0,80.0,27,77.5,80.0,0.0,0.0,0.0,0.0,331
2023-05-10 21:21:13,MA401P2175,MA401P2175,77.5,0.0,0.0,0.0,7,79.0,80.0,17,77.5,80.0,0.0,0.0,0.0,0.0,331
2023-05-10 21:21:17,MA401P2175,MA401P2175,77.5,0.0,0.0,0.0,7,79.0,80.0,7,77.5,80.0,0.0,0.0,0.0,0.0,331
2023-05-10 21:21:29,MA401P2175,MA401P2175,77.5,0.0,0.0,0.0,7,79.0,80.0,17,77.5,80.0,0.0,0.0,0.0,0.0,331
2023-05-10 21:21:38,MA401P2175,MA401P2175,77.5,0.0,0.0,0.0,7,79.0,80.0,7,77.5,80.0,0.0,0.0,0.0,0.0,331
2023-05-10 21:21:40,MA401P2175,MA401P2175,77.5,0.0,0.0,0.0,7,79.0,80.0,17,77.5,80.0,0.0,0.0,0.0,0.0,331
2023-05-10 21:22:07,MA401P2175,MA401P2175,77.5,0.0,0.0,0.0,7,79.0,80.0,10,77.5,80.0,0.0,0.0,0.0,0.0,331
2023-05-10 21:22:34,MA401P2175,MA401P2175,77.5,0.0,0.0,0.0,7,79.0,80.5,27,77.5,80.0,0.0,0.0,0.0,0.0,331
2023-05-10 21:22:48,MA401P2175,MA401P2175,77.5,0.0,0.0,0.0,7,79.0,80.5,17,77.5,80.0,0.0,0.0,0.0,0.0,331
2023-05-10 21:22:51,MA401P2175,MA401P2175,77.5,0.0,0.0,0.0,7,79.0,80.5,27,77.5,80.0,0.0,0.0,0.0,0.0,331
2023-05-10 21:22:59,MA401P2175,MA401P2175,77.5,0.0,0.0,0.0,7,79.0,80.0,7,77.5,80.0,0.0,0.0,0.0,0.0,331
2023-05-10 21:23:18,MA401P2175,MA401P2175,77.5,0.0,0.0,0.0,7,79.0,80.0,17,77.5,80.0,0.0,0.0,0.0,0.0,331
2023-05-10 21:23:32,MA401P2175,MA401P2175,77.5,0.0,0.0,0.0,7,79.0,80.0,7,77.5,80.0,0.0,0.0,0.0,0.0,331
2023-05-10 21:23:33,MA401P2175,MA401P2175,77.5,0.0,0.0,0.0,7,79.0,80.0,17,77.5,80.0,0.0,0.0,0.0,0.0,331
2023-05-10 21:23:58,MA401P2175,MA401P2175,77.5,0.0,0.0,0.0,7,79.0,80.5,27,77.5,80.0,0.0,0.0,0.0,0.0,331
2023-05-10 21:24:07,MA401P2175,MA401P2175,77.5,0.0,0.0,0.0,7,79.0,80.0,10,77.5,80.0,0.0,0.0,0.0,0.0,331
2023-05-10 21:24:07,MA401P2175,MA401P2175,77.5,0.0,0.0,0.0,7,79.0,80.0,17,77.5,80.0,0.0,0.0,0.0,0.0,331
2023-05-10 21:24:15,MA401P2175,MA401P2175,77.5,0.0,0.0,0.0,7,79.0,80.0,27,77.5,80.0,0.0,0.0,0.0,0.0,331
2023-05-10 21:24:18,MA401P2175,MA401P2175,77.5,0.0,0.0,0.0,7,79.0,80.0,17,77.5,80.0,0.0,0.0,0.0,0.0,331
2023-05-10 21:24:22,MA401P2175,MA401P2175,77.5,0.0,0.0,0.0,7,79.0,80.0,27,77.5,80.0,0.0,0.0,0.0,0.0,331
2023-05-10 21:24:23,MA401P2175,MA401P2175,77.5,0.0,0.0,0.0,7,79.0,80.0,17,77.5,80.0,0.0,0.0,0.0,0.0,331
2023-05-10 21:24:25,MA401P2175,MA401P2175,77.5,0.0,0.0,0.0,7,79.0,80.0,27,77.5,80.0,0.0,0.0,0.0,0.0,331
2023-05-10 21:25:04,MA401P2175,MA401P2175,77.5,0.0,0.0,0.0,7,79.0,80.0,17,77.5,80.0,0.0,0.0,0.0,0.0,331
2023-05-10 21:25:45,MA401P2175,MA401P2175,77.5,0.0,0.0,0.0,7,79.0,80.5,27,77.5,80.0,0.0,0.0,0.0,0.0,331
2023-05-10 21:25:48,MA401P2175,MA401P2175,77.5,0.0,0.0,0.0,7,79.5,80.5,27,77.5,80.0,0.0,0.0,0.0,0.0,331
2023-05-10 21:26:05,MA401P2175,MA401P2175,77.5,0.0,0.0,0.0,7,79.0,80.5,27,77.5,80.0,0.0,0.0,0.0,0.0,331
2023-05-10 21:26:06,MA401P2175,MA401P2175,77.5,0.0,0.0,0.0,7,79.0,80.0,7,77.5,80.0,0.0,0.0,0.0,0.0,331
2023-05-10 21:26:19,MA401P2175,MA401P2175,77.5,0.0,0.0,0.0,7,79.0,80.5,27,77.5,80.0,0.0,0.0,0.0,0.0,331
2023-05-10 21:27:10,MA401P2175,MA401P2175,77.5,0.0,0.0,0.0,7,79.5,80.5,27,77.5,80.0,0.0,0.0,0.0,0.0,331
2023-05-10 21:27:11,MA401P2175,MA401P2175,77.5,0.0,0.0,0.0,7,79.5,80.5,17,77.5,80.0,0.0,0.0,0.0,0.0,331
2023-05-10 21:27:12,MA401P2175,MA401P2175,77.5,0.0,0.0,0.0,7,79.5,80.5,27,77.5,80.0,0.0,0.0,0.0,0.0,331
2023-05-10 21:27:54,MA401P2175,MA401P2175,77.5,0.0,0.0,0.0,7,79.5,80.5,17,77.5,80.0,0.0,0.0,0.0,0.0,331
2023-05-10 21:27:55,MA401P2175,MA401P2175,77.5,0.0,0.0,0.0,7,79.5,80.5,7,77.5,80.0,0.0,0.0,0.0,0.0,331
2023-05-10 21:28:09,MA401P2175,MA401P2175,77.5,0.0,0.0,0.0,7,79.5,81.0,28,77.5,80.0,0.0,0.0,0.0,0.0,331
2023-05-10 21:28:09,MA401P2175,MA401P2175,77.5,0.0,0.0,0.0,7,79.5,81.0,27,77.5,80.0,0.0,0.0,0.0,0.0,331
2023-05-10 21:29:03,MA401P2175,MA401P2175,77.5,0.0,0.0,0.0,7,79.5,81.0,17,77.5,80.0,0.0,0.0,0.0,0.0,331
2023-05-10 21:29:26,MA401P2175,MA401P2175,77.5,0.0,0.0,0.0,7,79.5,80.0,1,77.5,80.0,0.0,0.0,0.0,0.0,331
2023-05-10 21:29:30,MA401P2175,MA401P2175,80.0,1.0,80.0,1.0,7,79.5,81.0,17,77.5,80.0,80.0,80.0,1.0,80.0,332
2023-05-10 21:29:31,MA401P2175,MA401P2175,79.5,1.0,80.0,1.0,60,79.5,81.0,17,77.5,80.0,80.0,79.5,2.0,160.0,333
2023-05-10 21:29:33,MA401P2175,MA401P2175,79.5,0.0,0.0,0.0,7,80.0,81.0,17,77.5,80.0,80.0,79.5,2.0,160.0,333
2023-05-10 21:29:34,MA401P2175,MA401P2175,80.0,1.0,80.0,1.0,46,80.0,81.0,10,77.5,80.0,80.0,79.5,3.0,240.0,334
2023-05-10 21:29:34,MA401P2175,MA401P2175,80.0,0.0,0.0,0.0,46,80.0,81.5,10,77.5,80.0,80.0,79.5,3.0,240.0,334
2023-05-10 21:29:36,MA401P2175,MA401P2175,80.0,0.0,0.0,0.0,7,80.5,81.5,10,77.5,80.0,80.0,79.5,3.0,240.0,334
2023-05-10 21:29:41,MA401P2175,MA401P2175,80.0,0.0,0.0,0.0,7,80.5,81.0,1,77.5,80.0,80.0,79.5,3.0,240.0,334
2023-05-10 21:29:45,MA401P2175,MA401P2175,81.0,1.0,80.0,1.0,7,80.5,81.5,10,77.5,80.0,81.0,79.5,4.0,320.0,335
2023-05-10 21:29:48,MA401P2175,MA401P2175,81.0,0.0,0.0,0.0,7,80.5,82.0,17,77.5,80.0,81.0,79.5,4.0,320.0,335
2023-05-10 21:29:49,MA401P2175,MA401P2175,81.0,0.0,0.0,0.0,7,80.5,81.5,1,77.5,80.0,81.0,79.5,4.0,320.0,335
2023-05-10 21:29:56,MA401P2175,MA401P2175,81.0,0.0,0.0,0.0,7,80.5,81.5,11,77.5,80.0,81.0,79.5,4.0,320.0,335
2023-05-10 21:29:59,MA401P2175,MA401P2175,81.0,0.0,0.0,0.0,7,80.5,81.5,1,77.5,80.0,81.0,79.5,4.0,320.0,335
2023-05-10 21:30:00,MA401P2175,MA401P2175,81.0,0.0,0.0,0.0,7,80.5,81.5,11,77.5,80.0,81.0,79.5,4.0,320.0,335
2023-05-10 21:30:01,MA401P2175,MA401P2175,81.0,0.0,0.0,0.0,7,80.5,81.0,1,77.5,80.0,81.0,79.5,4.0,320.0,335
2023-05-10 21:30:07,MA401P2175,MA401P2175,81.0,1.0,82.5,1.0,7,80.5,81.5,11,77.5,80.0,81.0,79.5,5.0,402.5,336
2023-05-10 21:30:16,MA401P2175,MA401P2175,81.0,0.0,0.0,0.0,7,80.5,81.5,18,77.5,80.0,81.0,79.5,5.0,402.5,336
2023-05-10 21:30:21,MA401P2175,MA401P2175,81.0,0.0,0.0,0.0,7,80.5,81.5,8,77.5,80.0,81.0,79.5,5.0,402.5,336
2023-05-10 21:30:24,MA401P2175,MA401P2175,81.0,0.0,0.0,0.0,7,80.5,81.5,18,77.5,80.0,81.0,79.5,5.0,402.5,336
2023-05-10 21:30:40,MA401P2175,MA401P2175,81.0,0.0,0.0,0.0,46,80.0,81.5,18,77.5,80.0,81.0,79.5,5.0,402.5,336
2023-05-10 21:30:45,MA401P2175,MA401P2175,81.0,0.0,0.0,0.0,46,80.0,81.0,1,77.5,80.0,81.0,79.5,5.0,402.5,336
2023-05-10 21:30:46,MA401P2175,MA401P2175,81.0,0.0,0.0,0.0,46,80.0,81.0,2,77.5,80.0,81.0,79.5,5.0,402.5,336
2023-05-10 21:31:05,MA401P2175,MA401P2175,81.0,0.0,0.0,0.0,56,80.0,81.0,2,77.5,80.0,81.0,79.5,5.0,402.5,336
2023-05-10 21:31:34,MA401P2175,MA401P2175,81.0,0.0,0.0,0.0,56,80.0,81.0,9,77.5,80.0,81.0,79.5,5.0,402.5,336
2023-05-10 21:32:43,MA401P2175,MA401P2175,81.0,0.0,0.0,0.0,56,80.0,81.0,2,77.5,80.0,81.0,79.5,5.0,402.5,336
2023-05-10 21:32:51,MA401P2175,MA401P2175,81.0,2.0,161.0,2.0,56,80.0,81.5,28,77.5,80.0,81.0,79.5,7.0,563.5,338
2023-05-10 21:32:52,MA401P2175,MA401P2175,81.0,0.0,0.0,0.0,7,80.5,81.5,28,77.5,80.0,81.0,79.5,7.0,563.5,338
2023-05-10 21:32:53,MA401P2175,MA401P2175,81.0,0.0,0.0,0.0,7,80.5,81.5,18,77.5,80.0,81.0,79.5,7.0,563.5,338
2023-05-10 21:32:55,MA401P2175,MA401P2175,81.0,0.0,0.0,0.0,7,80.5,81.5,28,77.5,80.0,81.0,79.5,7.0,563.5,338
2023-05-10 21:32:56,MA401P2175,MA401P2175,81.0,0.0,0.0,0.0,7,80.5,81.5,11,77.5,80.0,81.0,79.5,7.0,563.5,338
2023-05-10 21:33:04,MA401P2175,MA401P2175,81.0,0.0,0.0,0.0,7,80.5,81.5,21,77.5,80.0,81.0,79.5,7.0,563.5,338
2023-05-10 21:33:13,MA401P2175,MA401P2175,81.0,0.0,0.0,0.0,7,80.5,81.5,1,77.5,80.0,81.0,79.5,7.0,563.5,338
2023-05-10 21:33:46,MA401P2175,MA401P2175,81.0,0.0,0.0,0.0,7,81.0,81.5,1,77.5,80.0,81.0,79.5,7.0,563.5,338
2023-05-10 21:34:10,MA401P2175,MA401P2175,81.0,0.0,0.0,0.0,7,80.5,81.5,1,77.5,80.0,81.0,79.5,7.0,563.5,338
2023-05-10 21:34:26,MA401P2175,MA401P2175,81.0,0.0,0.0,0.0,7,81.0,81.5,1,77.5,80.0,81.0,79.5,7.0,563.5,338
2023-05-10 21:34:50,MA401P2175,MA401P2175,81.5,1.0,80.5,1.0,7,81.0,82.0,27,77.5,80.0,81.5,79.5,8.0,644.0,339
2023-05-10 21:34:50,MA401P2175,MA401P2175,81.5,0.0,0.0,0.0,7,81.0,82.0,20,77.5,80.0,81.5,79.5,8.0,644.0,339
2023-05-10 21:34:51,MA401P2175,MA401P2175,81.5,0.0,0.0,0.0,7,81.0,82.0,10,77.5,80.0,81.5,79.5,8.0,644.0,339
2023-05-10 21:35:02,MA401P2175,MA401P2175,81.5,0.0,0.0,0.0,7,81.0,82.0,17,77.5,80.0,81.5,79.5,8.0,644.0,339
2023-05-10 21:35:04,MA401P2175,MA401P2175,81.5,0.0,0.0,0.0,7,81.0,81.5,1,77.5,80.0,81.5,79.5,8.0,644.0,339
2023-05-10 21:35:27,MA401P2175,MA401P2175,81.5,1.0,80.5,1.0,7,81.0,82.5,37,77.5,80.0,81.5,79.5,9.0,724.5,340
2023-05-10 21:35:27,MA401P2175,MA401P2175,81.5,0.0,0.0,0.0,7,81.0,82.5,27,77.5,80.0,81.5,79.5,9.0,724.5,340
2023-05-10 21:35:31,MA401P2175,MA401P2175,81.5,0.0,0.0,0.0,7,81.0,82.0,10,77.5,80.0,81.5,79.5,9.0,724.5,340
2023-05-10 21:36:02,MA401P2175,MA401P2175,81.5,0.0,0.0,0.0,7,81.0,82.5,27,77.5,80.0,81.5,79.5,9.0,724.5,340
2023-05-10 21:36:06,MA401P2175,MA401P2175,81.5,0.0,0.0,0.0,7,81.0,82.5,17,77.5,80.0,81.5,79.5,9.0,724.5,340
2023-05-10 21:36:11,MA401P2175,MA401P2175,81.5,0.0,0.0,0.0,7,81.0,82.5,27,77.5,80.0,81.5,79.5,9.0,724.5,340
2023-05-10 21:36:17,MA401P2175,MA401P2175,81.5,0.0,0.0,0.0,7,81.0,82.5,17,77.5,80.0,81.5,79.5,9.0,724.5,340
2023-05-10 21:36:23,MA401P2175,MA401P2175,81.5,0.0,0.0,0.0,7,81.0,82.0,1,77.5,80.0,81.5,79.5,9.0,724.5,340
2023-05-10 21:36:25,MA401P2175,MA401P2175,81.5,0.0,0.0,0.0,7,81.0,82.0,11,77.5,80.0,81.5,79.5,9.0,724.5,340
2023-05-10 21:36:40,MA401P2175,MA401P2175,81.5,0.0,0.0,0.0,7,81.0,82.0,1,77.5,80.0,81.5,79.5,9.0,724.5,340
2023-05-10 21:36:54,MA401P2175,MA401P2175,81.5,0.0,0.0,0.0,7,81.5,82.0,1,77.5,80.0,81.5,79.5,9.0,724.5,340
2023-05-10 21:37:07,MA401P2175,MA401P2175,82.0,1.0,85.5,1.0,7,81.5,82.5,17,77.5,80.0,82.0,79.5,10.0,810.0,341
2023-05-10 21:37:15,MA401P2175,MA401P2175,82.0,0.0,0.0,0.0,7,81.5,82.0,1,77.5,80.0,82.0,79.5,10.0,810.0,341
2023-05-10 21:37:21,MA401P2175,MA401P2175,82.0,1.0,81.0,1.0,7,81.5,82.5,10,77.5,80.0,82.0,79.5,11.0,891.0,342
2023-05-10 21:37:28,MA401P2175,MA401P2175,82.0,0.0,0.0,0.0,7,81.5,82.5,20,77.5,80.0,82.0,79.5,11.0,891.0,342
2023-05-10 21:37:28,MA401P2175,MA401P2175,82.0,0.0,0.0,0.0,7,81.5,82.5,27,77.5,80.0,82.0,79.5,11.0,891.0,342
2023-05-10 21:37:29,MA401P2175,MA401P2175,82.0,0.0,0.0,0.0,7,81.5,82.5,7,77.5,80.0,82.0,79.5,11.0,891.0,342
2023-05-10 21:37:42,MA401P2175,MA401P2175,82.0,0.0,0.0,0.0,7,81.5,83.0,27,77.5,80.0,82.0,79.5,11.0,891.0,342
2023-05-10 21:38:01,MA401P2175,MA401P2175,82.0,0.0,0.0,0.0,7,81.5,83.0,17,77.5,80.0,82.0,79.5,11.0,891.0,342
2023-05-10 21:38:02,MA401P2175,MA401P2175,82.0,0.0,0.0,0.0,7,82.0,83.0,17,77.5,80.0,82.0,79.5,11.0,891.0,342
2023-05-10 21:38:02,MA401P2175,MA401P2175,82.0,1.0,81.0,1.0,35,82.0,83.0,17,77.5,80.0,82.0,79.5,12.0,972.0,343
2023-05-10 21:38:06,MA401P2175,MA401P2175,82.0,0.0,0.0,0.0,35,82.0,82.5,1,77.5,80.0,82.0,79.5,12.0,972.0,343
2023-05-10 21:38:24,MA401P2175,MA401P2175,82.0,0.0,0.0,0.0,6,82.0,82.5,1,77.5,80.0,82.0,79.5,12.0,972.0,343
2023-05-10 21:38:25,MA401P2175,MA401P2175,82.5,1.0,81.0,1.0,6,82.0,83.0,27,77.5,80.0,82.5,79.5,13.0,1053.0,344
2023-05-10 21:38:48,MA401P2175,MA401P2175,82.5,0.0,0.0,0.0,6,82.0,82.5,1,77.5,80.0,82.5,79.5,13.0,1053.0,344
2023-05-10 21:38:49,MA401P2175,MA401P2175,82.5,1.0,88.0,1.0,6,82.0,83.0,17,77.5,80.0,82.5,79.5,14.0,1141.0,345
2023-05-10 21:38:53,MA401P2175,MA401P2175,82.5,0.0,0.0,0.0,6,82.0,83.0,27,77.5,80.0,82.5,79.5,14.0,1141.0,345
2023-05-10 21:38:54,MA401P2175,MA401P2175,82.5,0.0,0.0,0.0,6,82.0,83.0,17,77.5,80.0,82.5,79.5,14.0,1141.0,345
2023-05-10 21:38:54,MA401P2175,MA401P2175,82.5,0.0,0.0,0.0,6,82.0,83.0,27,77.5,80.0,82.5,79.5,14.0,1141.0,345
2023-05-10 21:38:55,MA401P2175,MA401P2175,82.5,0.0,0.0,0.0,6,82.0,83.0,17,77.5,80.0,82.5,79.5,14.0,1141.0,345
2023-05-10 21:38:55,MA401P2175,MA401P2175,82.5,0.0,0.0,0.0,6,82.0,83.0,27,77.5,80.0,82.5,79.5,14.0,1141.0,345
2023-05-10 21:38:57,MA401P2175,MA401P2175,82.5,0.0,0.0,0.0,6,82.0,83.0,17,77.5,80.0,82.5,79.5,14.0,1141.0,345
2023-05-10 21:38:57,MA401P2175,MA401P2175,82.5,0.0,0.0,0.0,6,82.0,83.0,27,77.5,80.0,82.5,79.5,14.0,1141.0,345
2023-05-10 21:38:59,MA401P2175,MA401P2175,82.5,0.0,0.0,0.0,6,82.0,83.0,17,77.5,80.0,82.5,79.5,14.0,1141.0,345
2023-05-10 21:38:59,MA401P2175,MA401P2175,82.5,0.0,0.0,0.0,6,82.0,83.0,27,77.5,80.0,82.5,79.5,14.0,1141.0,345
2023-05-10 21:39:02,MA401P2175,MA401P2175,82.5,0.0,0.0,0.0,6,82.0,83.0,17,77.5,80.0,82.5,79.5,14.0,1141.0,345
2023-05-10 21:39:06,MA401P2175,MA401P2175,82.5,0.0,0.0,0.0,6,82.0,83.0,27,77.5,80.0,82.5,79.5,14.0,1141.0,345
2023-05-10 21:39:07,MA401P2175,MA401P2175,82.5,0.0,0.0,0.0,6,82.0,83.0,17,77.5,80.0,82.5,79.5,14.0,1141.0,345
2023-05-10 21:39:08,MA401P2175,MA401P2175,82.5,0.0,0.0,0.0,6,82.0,83.0,27,77.5,80.0,82.5,79.5,14.0,1141.0,345
2023-05-10 21:39:12,MA401P2175,MA401P2175,82.5,0.0,0.0,0.0,6,82.0,83.0,17,77.5,80.0,82.5,79.5,14.0,1141.0,345
2023-05-10 21:39:12,MA401P2175,MA401P2175,82.5,0.0,0.0,0.0,6,82.0,83.0,27,77.5,80.0,82.5,79.5,14.0,1141.0,345
2023-05-10 21:39:13,MA401P2175,MA401P2175,82.5,0.0,0.0,0.0,6,82.0,83.0,17,77.5,80.0,82.5,79.5,14.0,1141.0,345
2023-05-10 21:39:13,MA401P2175,MA401P2175,82.5,0.0,0.0,0.0,6,82.0,83.0,27,77.5,80.0,82.5,79.5,14.0,1141.0,345
2023-05-10 21:39:15,MA401P2175,MA401P2175,82.5,0.0,0.0,0.0,6,82.0,83.0,17,77.5,80.0,82.5,79.5,14.0,1141.0,345
2023-05-10 21:39:23,MA401P2175,MA401P2175,82.5,0.0,0.0,0.0,6,82.0,83.0,10,77.5,80.0,82.5,79.5,14.0,1141.0,345
2023-05-10 21:39:26,MA401P2175,MA401P2175,82.5,0.0,0.0,0.0,6,82.0,83.5,37,77.5,80.0,82.5,79.5,14.0,1141.0,345
2023-05-10 21:39:26,MA401P2175,MA401P2175,82.5,0.0,0.0,0.0,6,82.0,83.5,27,77.5,80.0,82.5,79.5,14.0,1141.0,345
2023-05-10 21:39:46,MA401P2175,MA401P2175,82.5,0.0,0.0,0.0,7,82.5,83.5,27,77.5,80.0,82.5,79.5,14.0,1141.0,345
2023-05-10 21:40:12,MA401P2175,MA401P2175,82.5,0.0,0.0,0.0,7,82.5,83.5,17,77.5,80.0,82.5,79.5,14.0,1141.0,345
2023-05-10 21:40:13,MA401P2175,MA401P2175,82.5,0.0,0.0,0.0,6,82.0,83.5,27,77.5,80.0,82.5,79.5,14.0,1141.0,345
2023-05-10 21:40:14,MA401P2175,MA401P2175,82.5,0.0,0.0,0.0,6,82.0,83.5,17,77.5,80.0,82.5,79.5,14.0,1141.0,345
2023-05-10 21:40:16,MA401P2175,MA401P2175,82.5,0.0,0.0,0.0,7,82.5,83.5,17,77.5,80.0,82.5,79.5,14.0,1141.0,345
2023-05-10 21:41:36,MA401P2175,MA401P2175,82.5,0.0,0.0,0.0,7,82.5,83.5,7,77.5,80.0,82.5,79.5,14.0,1141.0,345
2023-05-10 21:41:41,MA401P2175,MA401P2175,82.5,0.0,0.0,0.0,7,82.5,84.0,37,77.5,80.0,82.5,79.5,14.0,1141.0,345
2023-05-10 21:41:41,MA401P2175,MA401P2175,82.5,0.0,0.0,0.0,7,82.5,84.0,27,77.5,80.0,82.5,79.5,14.0,1141.0,345
2023-05-10 21:41:45,MA401P2175,MA401P2175,82.5,0.0,0.0,0.0,7,82.5,83.5,7,77.5,80.0,82.5,79.5,14.0,1141.0,345
2023-05-10 21:41:59,MA401P2175,MA401P2175,82.5,0.0,0.0,0.0,7,83.0,84.0,17,77.5,80.0,82.5,79.5,14.0,1141.0,345
2023-05-10 21:42:00,MA401P2175,MA401P2175,82.5,0.0,0.0,0.0,7,83.0,84.0,27,77.5,80.0,82.5,79.5,14.0,1141.0,345
2023-05-10 21:42:02,MA401P2175,MA401P2175,82.5,0.0,0.0,0.0,7,83.0,84.0,20,77.5,80.0,82.5,79.5,14.0,1141.0,345
2023-05-10 21:42:03,MA401P2175,MA401P2175,82.5,0.0,0.0,0.0,7,83.0,84.0,10,77.5,80.0,82.5,79.5,14.0,1141.0,345
2023-05-10 21:42:16,MA401P2175,MA401P2175,82.5,0.0,0.0,0.0,7,83.0,84.5,18,77.5,80.0,82.5,79.5,14.0,1141.0,345
2023-05-10 21:42:17,MA401P2175,MA401P2175,82.5,0.0,0.0,0.0,7,83.0,84.5,28,77.5,80.0,82.5,79.5,14.0,1141.0,345
2023-05-10 21:42:17,MA401P2175,MA401P2175,82.5,0.0,0.0,0.0,7,83.0,84.5,18,77.5,80.0,82.5,79.5,14.0,1141.0,345
2023-05-10 21:42:20,MA401P2175,MA401P2175,82.5,0.0,0.0,0.0,7,83.0,84.5,28,77.5,80.0,82.5,79.5,14.0,1141.0,345
2023-05-10 21:42:23,MA401P2175,MA401P2175,82.5,0.0,0.0,0.0,7,83.0,84.5,27,77.5,80.0,82.5,79.5,14.0,1141.0,345
2023-05-10 21:42:27,MA401P2175,MA401P2175,82.5,0.0,0.0,0.0,7,83.5,84.5,27,77.5,80.0,82.5,79.5,14.0,1141.0,345
2023-05-10 21:42:28,MA401P2175,MA401P2175,82.5,0.0,0.0,0.0,7,83.5,84.5,17,77.5,80.0,82.5,79.5,14.0,1141.0,345
2023-05-10 21:42:42,MA401P2175,MA401P2175,82.5,0.0,0.0,0.0,7,83.5,84.5,7,77.5,80.0,82.5,79.5,14.0,1141.0,345
2023-05-10 21:42:48,MA401P2175,MA401P2175,82.5,0.0,0.0,0.0,7,83.5,84.5,17,77.5,80.0,82.5,79.5,14.0,1141.0,345
2023-05-10 21:42:49,MA401P2175,MA401P2175,82.5,0.0,0.0,0.0,7,83.5,84.5,7,77.5,80.0,82.5,79.5,14.0,1141.0,345
2023-05-10 21:42:53,MA401P2175,MA401P2175,82.5,0.0,0.0,0.0,7,83.5,84.5,17,77.5,80.0,82.5,79.5,14.0,1141.0,345
2023-05-10 21:42:53,MA401P2175,MA401P2175,82.5,0.0,0.0,0.0,7,83.5,84.5,7,77.5,80.0,82.5,79.5,14.0,1141.0,345
2023-05-10 21:42:55,MA401P2175,MA401P2175,82.5,0.0,0.0,0.0,7,83.5,84.5,17,77.5,80.0,82.5,79.5,14.0,1141.0,345
2023-05-10 21:43:03,MA401P2175,MA401P2175,82.5,0.0,0.0,0.0,7,83.5,84.0,1,77.5,80.0,82.5,79.5,14.0,1141.0,345
2023-05-10 21:43:05,MA401P2175,MA401P2175,82.5,0.0,0.0,0.0,7,83.5,84.0,2,77.5,80.0,82.5,79.5,14.0,1141.0,345
2023-05-10 21:43:26,MA401P2175,MA401P2175,84.0,2.0,163.0,2.0,7,83.5,84.5,17,77.5,80.0,84.0,79.5,16.0,1304.0,347
2023-05-10 21:43:27,MA401P2175,MA401P2175,84.0,0.0,0.0,0.0,7,83.5,84.5,7,77.5,80.0,84.0,79.5,16.0,1304.0,347
2023-05-10 21:43:31,MA401P2175,MA401P2175,84.0,0.0,0.0,0.0,7,83.5,85.0,30,77.5,80.0,84.0,79.5,16.0,1304.0,347
2023-05-10 21:43:32,MA401P2175,MA401P2175,84.0,0.0,0.0,0.0,7,83.5,85.0,20,77.5,80.0,84.0,79.5,16.0,1304.0,347
2023-05-10 21:43:32,MA401P2175,MA401P2175,84.0,0.0,0.0,0.0,7,83.5,85.0,27,77.5,80.0,84.0,79.5,16.0,1304.0,347
2023-05-10 21:43:36,MA401P2175,MA401P2175,84.0,0.0,0.0,0.0,7,84.0,85.5,30,77.5,80.0,84.0,79.5,16.0,1304.0,347
2023-05-10 21:43:37,MA401P2175,MA401P2175,84.0,0.0,0.0,0.0,7,84.0,85.5,10,77.5,80.0,84.0,79.5,16.0,1304.0,347
2023-05-10 21:43:37,MA401P2175,MA401P2175,85.5,10.0,854.0,10.0,7,84.0,86.0,10,77.5,80.0,85.5,79.5,26.0,2158.0,357
2023-05-10 21:43:38,MA401P2175,MA401P2175,85.5,0.0,0.0,0.0,23,85.5,88.0,11,77.5,80.0,85.5,79.5,26.0,2158.0,357
2023-05-10 21:43:40,MA401P2175,MA401P2175,85.5,0.0,0.0,0.0,23,85.5,87.5,10,77.5,80.0,85.5,79.5,26.0,2158.0,357
2023-05-10 21:43:42,MA401P2175,MA401P2175,85.5,0.0,0.0,0.0,23,85.5,86.5,7,77.5,80.0,85.5,79.5,26.0,2158.0,357
2023-05-10 21:43:43,MA401P2175,MA401P2175,85.5,0.0,0.0,0.0,7,84.0,86.5,7,77.5,80.0,85.5,79.5,26.0,2158.0,357
2023-05-10 21:43:46,MA401P2175,MA401P2175,85.5,0.0,0.0,0.0,7,85.0,86.5,7,77.5,80.0,85.5,79.5,26.0,2158.0,357
2023-05-10 21:43:56,MA401P2175,MA401P2175,85.5,0.0,0.0,0.0,7,85.5,86.5,7,77.5,80.0,85.5,79.5,26.0,2158.0,357
2023-05-10 21:43:57,MA401P2175,MA401P2175,85.5,7.0,597.5,0.0,7,85.0,86.5,7,77.5,80.0,85.5,79.5,33.0,2755.5,357
2023-05-10 21:44:10,MA401P2175,MA401P2175,85.5,0.0,0.0,0.0,7,85.0,86.0,7,77.5,80.0,85.5,79.5,33.0,2755.5,357
2023-05-10 21:44:15,MA401P2175,MA401P2175,85.5,0.0,0.0,0.0,7,84.0,86.0,7,77.5,80.0,85.5,79.5,33.0,2755.5,357
2023-05-10 21:44:16,MA401P2175,MA401P2175,85.5,0.0,0.0,0.0,7,84.5,86.0,7,77.5,80.0,85.5,79.5,33.0,2755.5,357
2023-05-10 21:44:21,MA401P2175,MA401P2175,85.5,0.0,0.0,0.0,7,84.5,85.5,1,77.5,80.0,85.5,79.5,33.0,2755.5,357
2023-05-10 21:44:26,MA401P2175,MA401P2175,85.5,0.0,0.0,0.0,7,84.5,85.0,1,77.5,80.0,85.5,79.5,33.0,2755.5,357
2023-05-10 21:44:30,MA401P2175,MA401P2175,85.0,1.0,83.5,1.0,7,84.5,85.5,1,77.5,80.0,85.5,79.5,34.0,2839.0,358
2023-05-10 21:45:22,MA401P2175,MA401P2175,85.0,0.0,0.0,0.0,7,84.5,85.5,8,77.5,80.0,85.5,79.5,34.0,2839.0,358
2023-05-10 21:45:23,MA401P2175,MA401P2175,85.0,0.0,0.0,0.0,17,84.0,85.5,8,77.5,80.0,85.5,79.5,34.0,2839.0,358
2023-05-10 21:45:23,MA401P2175,MA401P2175,85.0,0.0,0.0,0.0,7,84.0,85.5,8,77.5,80.0,85.5,79.5,34.0,2839.0,358
2023-05-10 21:45:34,MA401P2175,MA401P2175,85.0,0.0,0.0,0.0,7,84.5,85.5,8,77.5,80.0,85.5,79.5,34.0,2839.0,358
2023-05-10 21:45:46,MA401P2175,MA401P2175,85.0,0.0,0.0,0.0,7,84.5,85.0,1,77.5,80.0,85.5,79.5,34.0,2839.0,358
2023-05-10 21:45:46,MA401P2175,MA401P2175,85.0,1.0,83.5,1.0,7,84.5,85.5,8,77.5,80.0,85.5,79.5,35.0,2922.5,359
2023-05-10 21:46:55,MA401P2175,MA401P2175,85.0,0.0,0.0,0.0,7,84.5,85.0,1,77.5,80.0,85.5,79.5,35.0,2922.5,359
2023-05-10 21:46:56,MA401P2175,MA401P2175,85.0,1.0,83.5,1.0,7,84.5,85.5,8,77.5,80.0,85.5,79.5,36.0,3006.0,360
2023-05-10 21:47:00,MA401P2175,MA401P2175,85.0,0.0,0.0,0.0,7,84.5,85.0,1,77.5,80.0,85.5,79.5,36.0,3006.0,360
2023-05-10 21:47:07,MA401P2175,MA401P2175,85.0,1.0,102.0,1.0,7,84.5,85.5,8,77.5,80.0,85.5,79.5,37.0,3108.0,361
2023-05-10 21:47:42,MA401P2175,MA401P2175,85.0,0.0,0.0,0.0,7,84.5,85.0,1,77.5,80.0,85.5,79.5,37.0,3108.0,361
2023-05-10 21:47:46,MA401P2175,MA401P2175,85.0,1.0,84.0,1.0,7,84.5,85.5,1,77.5,80.0,85.5,79.5,38.0,3192.0,362
2023-05-10 21:48:09,MA401P2175,MA401P2175,85.0,0.0,0.0,0.0,7,85.0,85.5,1,77.5,80.0,85.5,79.5,38.0,3192.0,362
2023-05-10 21:48:11,MA401P2175,MA401P2175,85.5,1.0,84.0,1.0,7,85.0,86.0,7,77.5,80.0,85.5,79.5,39.0,3276.0,363
2023-05-10 21:48:11,MA401P2175,MA401P2175,85.5,0.0,0.0,0.0,7,85.0,86.0,17,77.5,80.0,85.5,79.5,39.0,3276.0,363
2023-05-10 21:48:12,MA401P2175,MA401P2175,85.0,1.0,84.0,1.0,34,85.0,86.0,17,77.5,80.0,85.5,79.5,40.0,3360.0,364
2023-05-10 21:48:15,MA401P2175,MA401P2175,85.0,0.0,0.0,0.0,34,85.0,86.5,27,77.5,80.0,85.5,79.5,40.0,3360.0,364
2023-05-10 21:48:16,MA401P2175,MA401P2175,85.0,0.0,0.0,0.0,34,85.0,85.5,1,77.5,80.0,85.5,79.5,40.0,3360.0,364
2023-05-10 21:48:16,MA401P2175,MA401P2175,85.5,1.0,84.0,1.0,33,85.5,86.5,7,77.5,80.0,85.5,79.5,41.0,3444.0,365
2023-05-10 21:48:20,MA401P2175,MA401P2175,85.5,0.0,0.0,0.0,33,85.5,86.0,1,77.5,80.0,85.5,79.5,41.0,3444.0,365
2023-05-10 21:48:22,MA401P2175,MA401P2175,86.0,1.0,84.0,1.0,33,85.5,87.0,20,77.5,80.0,86.0,79.5,42.0,3528.0,366
2023-05-10 21:48:23,MA401P2175,MA401P2175,86.0,0.0,0.0,0.0,33,85.5,87.0,27,77.5,80.0,86.0,79.5,42.0,3528.0,366
2023-05-10 21:48:26,MA401P2175,MA401P2175,86.0,0.0,0.0,0.0,33,85.5,87.0,37,77.5,80.0,86.0,79.5,42.0,3528.0,366
2023-05-10 21:48:28,MA401P2175,MA401P2175,86.0,0.0,0.0,0.0,33,85.5,87.0,27,77.5,80.0,86.0,79.5,42.0,3528.0,366
2023-05-10 21:48:29,MA401P2175,MA401P2175,86.0,0.0,0.0,0.0,33,85.5,87.0,37,77.5,80.0,86.0,79.5,42.0,3528.0,366
2023-05-10 21:48:31,MA401P2175,MA401P2175,86.0,0.0,0.0,0.0,7,86.0,87.0,37,77.5,80.0,86.0,79.5,42.0,3528.0,366
2023-05-10 21:48:32,MA401P2175,MA401P2175,86.0,0.0,0.0,0.0,7,86.0,87.0,27,77.5,80.0,86.0,79.5,42.0,3528.0,366
2023-05-10 21:48:36,MA401P2175,MA401P2175,86.0,0.0,0.0,0.0,7,86.0,87.0,17,77.5,80.0,86.0,79.5,42.0,3528.0,366
2023-05-10 21:48:36,MA401P2175,MA401P2175,86.0,0.0,0.0,0.0,7,86.0,87.0,27,77.5,80.0,86.0,79.5,42.0,3528.0,366
2023-05-10 21:48:37,MA401P2175,MA401P2175,86.0,0.0,0.0,0.0,7,86.0,87.0,17,77.5,80.0,86.0,79.5,42.0,3528.0,366
2023-05-10 21:48:39,MA401P2175,MA401P2175,86.0,0.0,0.0,0.0,7,86.0,87.0,7,77.5,80.0,86.0,79.5,42.0,3528.0,366
2023-05-10 21:48:42,MA401P2175,MA401P2175,86.0,0.0,0.0,0.0,7,86.0,87.5,27,77.5,80.0,86.0,79.5,42.0,3528.0,366
2023-05-10 21:48:42,MA401P2175,MA401P2175,86.0,0.0,0.0,0.0,7,86.0,87.5,17,77.5,80.0,86.0,79.5,42.0,3528.0,366
2023-05-10 21:48:43,MA401P2175,MA401P2175,86.0,0.0,0.0,0.0,7,86.0,87.5,7,77.5,80.0,86.0,79.5,42.0,3528.0,366
2023-05-10 21:48:44,MA401P2175,MA401P2175,86.0,0.0,0.0,0.0,7,86.0,87.5,27,77.5,80.0,86.0,79.5,42.0,3528.0,366
2023-05-10 21:48:45,MA401P2175,MA401P2175,86.0,0.0,0.0,0.0,7,86.0,87.5,17,77.5,80.0,86.0,79.5,42.0,3528.0,366
2023-05-10 21:48:46,MA401P2175,MA401P2175,86.0,0.0,0.0,0.0,17,86.0,87.5,7,77.5,80.0,86.0,79.5,42.0,3528.0,366
2023-05-10 21:48:48,MA401P2175,MA401P2175,86.0,0.0,0.0,0.0,7,86.5,87.5,7,77.5,80.0,86.0,79.5,42.0,3528.0,366
2023-05-10 21:48:49,MA401P2175,MA401P2175,86.0,0.0,0.0,0.0,7,86.5,88.0,11,77.5,80.0,86.0,79.5,42.0,3528.0,366
2023-05-10 21:48:50,MA401P2175,MA401P2175,86.0,0.0,0.0,0.0,7,86.5,88.0,1,77.5,80.0,86.0,79.5,42.0,3528.0,366
2023-05-10 21:48:51,MA401P2175,MA401P2175,86.0,0.0,0.0,0.0,7,86.5,88.5,20,77.5,80.0,86.0,79.5,42.0,3528.0,366
2023-05-10 21:48:51,MA401P2175,MA401P2175,86.0,0.0,0.0,0.0,7,86.5,88.5,10,77.5,80.0,86.0,79.5,42.0,3528.0,366
2023-05-10 21:48:52,MA401P2175,MA401P2175,87.5,7.0,612.5,0.0,38,87.5,88.5,10,77.5,80.0,87.5,79.5,49.0,4140.5,366
2023-05-10 21:48:53,MA401P2175,MA401P2175,87.5,0.0,0.0,0.0,38,87.5,89.0,30,77.5,80.0,87.5,79.5,49.0,4140.5,366
2023-05-10 21:48:53,MA401P2175,MA401P2175,87.5,0.0,0.0,0.0,38,87.5,89.0,37,77.5,80.0,87.5,79.5,49.0,4140.5,366
2023-05-10 21:48:54,MA401P2175,MA401P2175,87.5,0.0,0.0,0.0,38,87.5,88.0,10,77.5,80.0,87.5,79.5,49.0,4140.5,366
2023-05-10 21:48:56,MA401P2175,MA401P2175,87.5,0.0,0.0,0.0,38,87.5,88.5,17,77.5,80.0,87.5,79.5,49.0,4140.5,366
2023-05-10 21:48:57,MA401P2175,MA401P2175,87.5,0.0,0.0,0.0,38,87.5,88.0,10,77.5,80.0,87.5,79.5,49.0,4140.5,366
2023-05-10 21:48:58,MA401P2175,MA401P2175,87.5,0.0,0.0,0.0,38,87.5,88.5,17,77.5,80.0,87.5,79.5,49.0,4140.5,366
2023-05-10 21:48:58,MA401P2175,MA401P2175,87.5,0.0,0.0,0.0,38,87.5,88.0,10,77.5,80.0,87.5,79.5,49.0,4140.5,366
2023-05-10 21:48:59,MA401P2175,MA401P2175,87.5,0.0,0.0,0.0,38,87.5,88.5,17,77.5,80.0,87.5,79.5,49.0,4140.5,366
2023-05-10 21:49:01,MA401P2175,MA401P2175,87.5,0.0,0.0,0.0,38,87.5,88.5,7,77.5,80.0,87.5,79.5,49.0,4140.5,366
2023-05-10 21:49:03,MA401P2175,MA401P2175,87.5,0.0,0.0,0.0,10,87.0,88.5,7,77.5,80.0,87.5,79.5,49.0,4140.5,366
2023-05-10 21:49:04,MA401P2175,MA401P2175,87.5,0.0,0.0,0.0,17,87.0,88.5,7,77.5,80.0,87.5,79.5,49.0,4140.5,366
2023-05-10 21:49:09,MA401P2175,MA401P2175,87.5,0.0,0.0,0.0,17,87.0,88.5,17,77.5,80.0,87.5,79.5,49.0,4140.5,366
2023-05-10 21:49:10,MA401P2175,MA401P2175,87.5,0.0,0.0,0.0,17,87.0,88.5,7,77.5,80.0,87.5,79.5,49.0,4140.5,366
2023-05-10 21:49:12,MA401P2175,MA401P2175,87.5,0.0,0.0,0.0,17,87.0,88.5,17,77.5,80.0,87.5,79.5,49.0,4140.5,366
2023-05-10 21:49:14,MA401P2175,MA401P2175,87.5,0.0,0.0,0.0,7,87.5,88.5,7,77.5,80.0,87.5,79.5,49.0,4140.5,366
2023-05-10 21:49:17,MA401P2175,MA401P2175,87.5,0.0,0.0,0.0,7,87.5,88.5,17,77.5,80.0,87.5,79.5,49.0,4140.5,366
2023-05-10 21:49:18,MA401P2175,MA401P2175,87.5,0.0,0.0,0.0,7,87.5,88.5,7,77.5,80.0,87.5,79.5,49.0,4140.5,366
2023-05-10 21:49:19,MA401P2175,MA401P2175,87.5,0.0,0.0,0.0,7,87.5,88.5,17,77.5,80.0,87.5,79.5,49.0,4140.5,366
2023-05-10 21:49:20,MA401P2175,MA401P2175,87.5,0.0,0.0,0.0,7,87.5,88.5,7,77.5,80.0,87.5,79.5,49.0,4140.5,366
2023-05-10 21:49:21,MA401P2175,MA401P2175,87.5,0.0,0.0,0.0,7,87.5,88.0,1,77.5,80.0,87.5,79.5,49.0,4140.5,366
2023-05-10 21:49:21,MA401P2175,MA401P2175,87.5,0.0,0.0,0.0,17,87.0,88.0,1,77.5,80.0,87.5,79.5,49.0,4140.5,366
2023-05-10 21:49:37,MA401P2175,MA401P2175,87.5,0.0,0.0,0.0,7,87.5,88.0,1,77.5,80.0,87.5,79.5,49.0,4140.5,366
2023-05-10 21:49:51,MA401P2175,MA401P2175,87.5,0.0,0.0,0.0,7,87.0,88.0,1,77.5,80.0,87.5,79.5,49.0,4140.5,366
2023-05-10 21:50:01,MA401P2175,MA401P2175,87.5,0.0,0.0,0.0,17,87.0,88.0,1,77.5,80.0,87.5,79.5,49.0,4140.5,366
2023-05-10 21:50:02,MA401P2175,MA401P2175,87.5,0.0,0.0,0.0,7,87.0,88.0,1,77.5,80.0,87.5,79.5,49.0,4140.5,366
2023-05-10 21:50:06,MA401P2175,MA401P2175,87.5,0.0,0.0,0.0,7,87.0,88.0,8,77.5,80.0,87.5,79.5,49.0,4140.5,366
2023-05-10 21:50:20,MA401P2175,MA401P2175,87.5,0.0,0.0,0.0,17,86.5,88.0,18,77.5,80.0,87.5,79.5,49.0,4140.5,366
2023-05-10 21:50:33,MA401P2175,MA401P2175,87.5,0.0,0.0,0.0,17,86.5,88.0,8,77.5,80.0,87.5,79.5,49.0,4140.5,366
2023-05-10 21:50:35,MA401P2175,MA401P2175,87.5,0.0,0.0,0.0,17,86.5,88.0,18,77.5,80.0,87.5,79.5,49.0,4140.5,366
2023-05-10 21:50:38,MA401P2175,MA401P2175,87.5,0.0,0.0,0.0,7,86.5,88.0,28,77.5,80.0,87.5,79.5,49.0,4140.5,366
2023-05-10 21:50:52,MA401P2175,MA401P2175,87.5,0.0,0.0,0.0,17,86.5,88.0,18,77.5,80.0,87.5,79.5,49.0,4140.5,366
2023-05-10 21:51:02,MA401P2175,MA401P2175,87.5,0.0,0.0,0.0,17,86.5,88.0,28,77.5,80.0,87.5,79.5,49.0,4140.5,366
2023-05-10 21:51:05,MA401P2175,MA401P2175,87.5,0.0,0.0,0.0,17,86.5,88.0,18,77.5,80.0,87.5,79.5,49.0,4140.5,366
2023-05-10 21:51:10,MA401P2175,MA401P2175,87.5,0.0,0.0,0.0,17,86.5,88.0,28,77.5,80.0,87.5,79.5,49.0,4140.5,366
2023-05-10 21:51:12,MA401P2175,MA401P2175,87.5,0.0,0.0,0.0,17,86.5,88.0,18,77.5,80.0,87.5,79.5,49.0,4140.5,366
2023-05-10 21:51:17,MA401P2175,MA401P2175,87.5,0.0,0.0,0.0,17,86.5,88.0,28,77.5,80.0,87.5,79.5,49.0,4140.5,366
2023-05-10 21:51:28,MA401P2175,MA401P2175,87.5,0.0,0.0,0.0,7,86.5,88.0,28,77.5,80.0,87.5,79.5,49.0,4140.5,366
2023-05-10 21:51:36,MA401P2175,MA401P2175,87.5,0.0,0.0,0.0,7,86.5,87.5,7,77.5,80.0,87.5,79.5,49.0,4140.5,366
2023-05-10 21:51:39,MA401P2175,MA401P2175,87.5,0.0,0.0,0.0,20,86.0,87.5,17,77.5,80.0,87.5,79.5,49.0,4140.5,366
2023-05-10 21:51:40,MA401P2175,MA401P2175,87.5,0.0,0.0,0.0,10,85.0,87.5,17,77.5,80.0,87.5,79.5,49.0,4140.5,366
2023-05-10 21:51:41,MA401P2175,MA401P2175,87.5,0.0,0.0,0.0,17,86.0,87.5,17,77.5,80.0,87.5,79.5,49.0,4140.5,366
2023-05-10 21:51:41,MA401P2175,MA401P2175,87.5,0.0,0.0,0.0,17,86.0,87.5,7,77.5,80.0,87.5,79.5,49.0,4140.5,366
2023-05-10 21:52:01,MA401P2175,MA401P2175,87.5,0.0,0.0,0.0,7,86.5,87.5,7,77.5,80.0,87.5,79.5,49.0,4140.5,366
2023-05-10 21:52:02,MA401P2175,MA401P2175,87.5,0.0,0.0,0.0,7,86.5,88.0,28,77.5,80.0,87.5,79.5,49.0,4140.5,366
2023-05-10 21:52:11,MA401P2175,MA401P2175,87.5,0.0,0.0,0.0,7,86.5,87.5,7,77.5,80.0,87.5,79.5,49.0,4140.5,366
2023-05-10 21:52:25,MA401P2175,MA401P2175,87.5,0.0,0.0,0.0,7,86.5,87.0,1,77.5,80.0,87.5,79.5,49.0,4140.5,366
2023-05-10 21:52:29,MA401P2175,MA401P2175,87.5,0.0,0.0,0.0,37,86.0,87.0,1,77.5,80.0,87.5,79.5,49.0,4140.5,366
2023-05-10 21:53:21,MA401P2175,MA401P2175,87.5,0.0,0.0,0.0,7,86.5,87.0,1,77.5,80.0,87.5,79.5,49.0,4140.5,366
2023-05-10 21:53:28,MA401P2175,MA401P2175,87.5,0.0,0.0,0.0,17,86.5,87.0,1,77.5,80.0,87.5,79.5,49.0,4140.5,366
2023-05-10 21:53:33,MA401P2175,MA401P2175,87.0,1.0,84.5,1.0,17,86.5,87.5,7,77.5,80.0,87.5,79.5,50.0,4225.0,367
2023-05-10 21:53:36,MA401P2175,MA401P2175,87.0,0.0,0.0,0.0,7,86.5,87.5,7,77.5,80.0,87.5,79.5,50.0,4225.0,367
2023-05-10 21:53:36,MA401P2175,MA401P2175,87.0,0.0,0.0,0.0,17,86.5,87.5,7,77.5,80.0,87.5,79.5,50.0,4225.0,367
2023-05-10 21:53:36,MA401P2175,MA401P2175,87.0,0.0,0.0,0.0,7,86.5,87.5,7,77.5,80.0,87.5,79.5,50.0,4225.0,367
2023-05-10 21:53:43,MA401P2175,MA401P2175,87.0,0.0,0.0,0.0,17,86.5,87.5,7,77.5,80.0,87.5,79.5,50.0,4225.0,367
2023-05-10 21:53:45,MA401P2175,MA401P2175,87.0,0.0,0.0,0.0,7,86.5,87.5,7,77.5,80.0,87.5,79.5,50.0,4225.0,367
2023-05-10 21:53:46,MA401P2175,MA401P2175,87.0,0.0,0.0,0.0,17,86.5,87.5,7,77.5,80.0,87.5,79.5,50.0,4225.0,367
2023-05-10 21:53:56,MA401P2175,MA401P2175,87.0,0.0,0.0,0.0,17,86.5,88.0,28,77.5,80.0,87.5,79.5,50.0,4225.0,367
2023-05-10 21:53:58,MA401P2175,MA401P2175,87.0,0.0,0.0,0.0,17,86.5,88.0,18,77.5,80.0,87.5,79.5,50.0,4225.0,367
2023-05-10 21:53:59,MA401P2175,MA401P2175,87.0,0.0,0.0,0.0,17,86.5,88.0,28,77.5,80.0,87.5,79.5,50.0,4225.0,367
2023-05-10 21:53:59,MA401P2175,MA401P2175,87.0,0.0,0.0,0.0,17,86.5,88.0,18,77.5,80.0,87.5,79.5,50.0,4225.0,367
2023-05-10 21:54:01,MA401P2175,MA401P2175,87.0,0.0,0.0,0.0,17,86.5,88.0,28,77.5,80.0,87.5,79.5,50.0,4225.0,367
2023-05-10 21:54:03,MA401P2175,MA401P2175,87.0,0.0,0.0,0.0,17,86.5,88.0,18,77.5,80.0,87.5,79.5,50.0,4225.0,367
2023-05-10 21:54:04,MA401P2175,MA401P2175,87.0,0.0,0.0,0.0,17,86.5,88.0,28,77.5,80.0,87.5,79.5,50.0,4225.0,367
2023-05-10 21:54:04,MA401P2175,MA401P2175,87.0,0.0,0.0,0.0,17,86.5,88.0,18,77.5,80.0,87.5,79.5,50.0,4225.0,367
2023-05-10 21:54:05,MA401P2175,MA401P2175,87.0,0.0,0.0,0.0,17,86.5,88.0,28,77.5,80.0,87.5,79.5,50.0,4225.0,367
2023-05-10 21:54:05,MA401P2175,MA401P2175,87.0,0.0,0.0,0.0,17,86.5,88.0,18,77.5,80.0,87.5,79.5,50.0,4225.0,367
2023-05-10 21:54:06,MA401P2175,MA401P2175,87.0,0.0,0.0,0.0,10,87.0,88.0,18,77.5,80.0,87.5,79.5,50.0,4225.0,367
2023-05-10 21:54:08,MA401P2175,MA401P2175,87.0,0.0,0.0,0.0,7,86.5,88.0,28,77.5,80.0,87.5,79.5,50.0,4225.0,367
2023-05-10 21:54:28,MA401P2175,MA401P2175,87.0,0.0,0.0,0.0,17,86.5,88.0,28,77.5,80.0,87.5,79.5,50.0,4225.0,367
2023-05-10 21:54:44,MA401P2175,MA401P2175,87.0,0.0,0.0,0.0,7,86.5,88.0,28,77.5,80.0,87.5,79.5,50.0,4225.0,367
2023-05-10 21:54:50,MA401P2175,MA401P2175,87.0,0.0,0.0,0.0,7,86.5,87.5,7,77.5,80.0,87.5,79.5,50.0,4225.0,367
2023-05-10 21:55:14,MA401P2175,MA401P2175,87.0,0.0,0.0,0.0,7,86.5,87.5,17,77.5,80.0,87.5,79.5,50.0,4225.0,367
2023-05-10 21:55:18,MA401P2175,MA401P2175,87.0,0.0,0.0,0.0,7,86.5,87.5,7,77.5,80.0,87.5,79.5,50.0,4225.0,367
2023-05-10 21:55:26,MA401P2175,MA401P2175,87.0,0.0,0.0,0.0,7,86.5,87.5,17,77.5,80.0,87.5,79.5,50.0,4225.0,367
2023-05-10 21:55:26,MA401P2175,MA401P2175,87.0,0.0,0.0,0.0,7,86.5,87.5,7,77.5,80.0,87.5,79.5,50.0,4225.0,367
2023-05-10 21:55:29,MA401P2175,MA401P2175,87.0,0.0,0.0,0.0,7,86.5,87.5,17,77.5,80.0,87.5,79.5,50.0,4225.0,367
2023-05-10 21:55:29,MA401P2175,MA401P2175,87.0,0.0,0.0,0.0,7,86.5,87.5,7,77.5,80.0,87.5,79.5,50.0,4225.0,367
2023-05-10 21:55:30,MA401P2175,MA401P2175,87.0,0.0,0.0,0.0,7,86.5,87.5,17,77.5,80.0,87.5,79.5,50.0,4225.0,367
2023-05-10 21:55:30,MA401P2175,MA401P2175,87.0,0.0,0.0,0.0,7,86.5,87.5,7,77.5,80.0,87.5,79.5,50.0,4225.0,367
2023-05-10 21:55:32,MA401P2175,MA401P2175,87.0,0.0,0.0,0.0,7,86.5,87.5,17,77.5,80.0,87.5,79.5,50.0,4225.0,367
2023-05-10 21:55:33,MA401P2175,MA401P2175,87.0,0.0,0.0,0.0,7,86.5,87.5,7,77.5,80.0,87.5,79.5,50.0,4225.0,367
2023-05-10 21:55:34,MA401P2175,MA401P2175,87.0,0.0,0.0,0.0,7,86.5,87.0,1,77.5,80.0,87.5,79.5,50.0,4225.0,367
2023-05-10 21:55:36,MA401P2175,MA401P2175,87.0,0.0,0.0,0.0,37,86.0,87.0,1,77.5,80.0,87.5,79.5,50.0,4225.0,367
2023-05-10 21:55:54,MA401P2175,MA401P2175,87.0,0.0,0.0,0.0,27,86.0,87.0,1,77.5,80.0,87.5,79.5,50.0,4225.0,367
2023-05-10 21:55:54,MA401P2175,MA401P2175,87.0,0.0,0.0,0.0,37,86.0,87.0,1,77.5,80.0,87.5,79.5,50.0,4225.0,367
2023-05-10 21:56:03,MA401P2175,MA401P2175,87.0,0.0,0.0,0.0,27,86.0,87.0,11,77.5,80.0,87.5,79.5,50.0,4225.0,367
2023-05-10 21:56:03,MA401P2175,MA401P2175,87.0,0.0,0.0,0.0,17,86.0,87.0,11,77.5,80.0,87.5,79.5,50.0,4225.0,367
2023-05-10 21:56:03,MA401P2175,MA401P2175,87.0,0.0,0.0,0.0,27,86.0,87.0,11,77.5,80.0,87.5,79.5,50.0,4225.0,367
2023-05-10 21:56:03,MA401P2175,MA401P2175,87.0,0.0,0.0,0.0,17,86.0,87.0,11,77.5,80.0,87.5,79.5,50.0,4225.0,367
2023-05-10 21:56:22,MA401P2175,MA401P2175,87.0,0.0,0.0,0.0,17,86.0,87.0,18,77.5,80.0,87.5,79.5,50.0,4225.0,367
2023-05-10 21:56:27,MA401P2175,MA401P2175,87.0,0.0,0.0,0.0,17,86.0,87.0,8,77.5,80.0,87.5,79.5,50.0,4225.0,367
2023-05-10 21:56:27,MA401P2175,MA401P2175,87.0,0.0,0.0,0.0,17,86.0,87.0,18,77.5,80.0,87.5,79.5,50.0,4225.0,367
2023-05-10 21:56:28,MA401P2175,MA401P2175,87.0,0.0,0.0,0.0,17,86.0,87.0,8,77.5,80.0,87.5,79.5,50.0,4225.0,367
2023-05-10 21:56:30,MA401P2175,MA401P2175,87.0,0.0,0.0,0.0,27,86.0,87.0,8,77.5,80.0,87.5,79.5,50.0,4225.0,367
2023-05-10 21:56:30,MA401P2175,MA401P2175,87.0,0.0,0.0,0.0,17,86.0,87.0,8,77.5,80.0,87.5,79.5,50.0,4225.0,367
2023-05-10 21:56:33,MA401P2175,MA401P2175,87.0,0.0,0.0,0.0,27,86.0,87.0,8,77.5,80.0,87.5,79.5,50.0,4225.0,367
2023-05-10 21:56:59,MA401P2175,MA401P2175,87.0,0.0,0.0,0.0,27,86.0,87.0,1,77.5,80.0,87.5,79.5,50.0,4225.0,367
2023-05-10 21:57:50,MA401P2175,MA401P2175,87.0,0.0,0.0,0.0,17,86.0,87.0,8,77.5,80.0,87.5,79.5,50.0,4225.0,367
2023-05-10 21:57:54,MA401P2175,MA401P2175,87.0,0.0,0.0,0.0,27,86.0,87.0,8,77.5,80.0,87.5,79.5,50.0,4225.0,367
2023-05-10 21:58:10,MA401P2175,MA401P2175,87.0,0.0,0.0,0.0,27,86.0,87.0,1,77.5,80.0,87.5,79.5,50.0,4225.0,367
2023-05-10 21:58:18,MA401P2175,MA401P2175,87.0,1.0,84.5,1.0,37,86.0,87.5,17,77.5,80.0,87.5,79.5,51.0,4309.5,368
2023-05-10 21:58:20,MA401P2175,MA401P2175,87.0,0.0,0.0,0.0,7,86.5,87.5,17,77.5,80.0,87.5,79.5,51.0,4309.5,368
2023-05-10 21:58:32,MA401P2175,MA401P2175,87.0,0.0,0.0,0.0,7,86.5,87.5,7,77.5,80.0,87.5,79.5,51.0,4309.5,368
2023-05-10 21:58:54,MA401P2175,MA401P2175,87.0,0.0,0.0,0.0,7,86.5,87.5,17,77.5,80.0,87.5,79.5,51.0,4309.5,368
2023-05-10 21:58:54,MA401P2175,MA401P2175,87.0,0.0,0.0,0.0,7,86.5,87.5,7,77.5,80.0,87.5,79.5,51.0,4309.5,368
2023-05-10 21:59:02,MA401P2175,MA401P2175,87.0,0.0,0.0,0.0,17,86.5,88.0,28,77.5,80.0,87.5,79.5,51.0,4309.5,368
2023-05-10 21:59:07,MA401P2175,MA401P2175,87.0,0.0,0.0,0.0,7,86.5,88.0,28,77.5,80.0,87.5,79.5,51.0,4309.5,368
2023-05-10 21:59:07,MA401P2175,MA401P2175,87.0,0.0,0.0,0.0,7,87.0,88.0,28,77.5,80.0,87.5,79.5,51.0,4309.5,368
2023-05-10 21:59:08,MA401P2175,MA401P2175,87.0,0.0,0.0,0.0,7,87.0,88.0,18,77.5,80.0,87.5,79.5,51.0,4309.5,368
2023-05-10 21:59:08,MA401P2175,MA401P2175,87.0,0.0,0.0,0.0,7,87.0,88.0,11,77.5,80.0,87.5,79.5,51.0,4309.5,368
2023-05-10 21:59:09,MA401P2175,MA401P2175,87.0,0.0,0.0,0.0,17,87.0,88.0,1,77.5,80.0,87.5,79.5,51.0,4309.5,368
2023-05-10 21:59:11,MA401P2175,MA401P2175,88.0,1.0,84.5,1.0,17,87.0,88.5,30,77.5,80.0,88.0,79.5,52.0,4394.0,369
2023-05-10 21:59:11,MA401P2175,MA401P2175,88.0,0.0,0.0,0.0,17,87.0,88.5,10,77.5,80.0,88.0,79.5,52.0,4394.0,369
2023-05-10 21:59:12,MA401P2175,MA401P2175,88.0,0.0,0.0,0.0,27,87.0,88.5,20,77.5,80.0,88.0,79.5,52.0,4394.0,369
2023-05-10 21:59:12,MA401P2175,MA401P2175,88.0,0.0,0.0,0.0,7,87.5,88.5,20,77.5,80.0,88.0,79.5,52.0,4394.0,369
2023-05-10 21:59:13,MA401P2175,MA401P2175,88.0,0.0,0.0,0.0,7,87.5,88.5,10,77.5,80.0,88.0,79.5,52.0,4394.0,369
2023-05-10 21:59:14,MA401P2175,MA401P2175,88.0,0.0,0.0,0.0,7,87.5,89.0,27,77.5,80.0,88.0,79.5,52.0,4394.0,369
2023-05-10 21:59:14,MA401P2175,MA401P2175,88.0,0.0,0.0,0.0,7,87.5,89.0,17,77.5,80.0,88.0,79.5,52.0,4394.0,369
2023-05-10 21:59:15,MA401P2175,MA401P2175,88.0,0.0,0.0,0.0,7,87.5,89.0,27,77.5,80.0,88.0,79.5,52.0,4394.0,369
2023-05-10 21:59:16,MA401P2175,MA401P2175,88.0,0.0,0.0,0.0,17,87.5,89.0,27,77.5,80.0,88.0,79.5,52.0,4394.0,369
2023-05-10 21:59:20,MA401P2175,MA401P2175,88.0,1.0,84.5,1.0,17,87.5,89.0,27,77.5,80.0,88.0,79.5,53.0,4478.5,370
2023-05-10 21:59:20,MA401P2175,MA401P2175,88.0,0.0,0.0,0.0,45,88.0,89.0,27,77.5,80.0,88.0,79.5,53.0,4478.5,370
2023-05-10 21:59:21,MA401P2175,MA401P2175,88.0,0.0,0.0,0.0,45,88.0,89.0,17,77.5,80.0,88.0,79.5,53.0,4478.5,370
2023-05-10 21:59:22,MA401P2175,MA401P2175,88.0,0.0,0.0,0.0,55,88.0,89.0,7,77.5,80.0,88.0,79.5,53.0,4478.5,370
2023-05-10 21:59:22,MA401P2175,MA401P2175,88.0,0.0,0.0,0.0,45,88.0,89.0,7,77.5,80.0,88.0,79.5,53.0,4478.5,370
2023-05-10 21:59:23,MA401P2175,MA401P2175,88.0,0.0,0.0,0.0,55,88.0,89.0,7,77.5,80.0,88.0,79.5,53.0,4478.5,370
2023-05-10 21:59:23,MA401P2175,MA401P2175,88.0,0.0,0.0,0.0,45,88.0,89.0,17,77.5,80.0,88.0,79.5,53.0,4478.5,370
2023-05-10 21:59:24,MA401P2175,MA401P2175,88.0,0.0,0.0,0.0,45,88.0,89.0,7,77.5,80.0,88.0,79.5,53.0,4478.5,370
2023-05-10 21:59:25,MA401P2175,MA401P2175,88.0,0.0,0.0,0.0,45,88.0,89.0,17,77.5,80.0,88.0,79.5,53.0,4478.5,370
2023-05-10 21:59:28,MA401P2175,MA401P2175,88.0,0.0,0.0,0.0,27,87.5,89.0,17,77.5,80.0,88.0,79.5,53.0,4478.5,370
2023-05-10 21:59:28,MA401P2175,MA401P2175,88.0,0.0,0.0,0.0,17,87.5,89.0,27,77.5,80.0,88.0,79.5,53.0,4478.5,370
2023-05-10 21:59:30,MA401P2175,MA401P2175,88.0,0.0,0.0,0.0,27,87.5,89.0,17,77.5,80.0,88.0,79.5,53.0,4478.5,370
2023-05-10 21:59:31,MA401P2175,MA401P2175,88.0,0.0,0.0,0.0,27,87.5,89.0,7,77.5,80.0,88.0,79.5,53.0,4478.5,370
2023-05-10 21:59:31,MA401P2175,MA401P2175,88.0,0.0,0.0,0.0,27,87.5,89.0,17,77.5,80.0,88.0,79.5,53.0,4478.5,370
2023-05-10 21:59:32,MA401P2175,MA401P2175,88.0,0.0,0.0,0.0,27,87.5,89.0,7,77.5,80.0,88.0,79.5,53.0,4478.5,370
2023-05-10 21:59:33,MA401P2175,MA401P2175,88.0,0.0,0.0,0.0,17,87.5,89.0,17,77.5,80.0,88.0,79.5,53.0,4478.5,370
2023-05-10 21:59:33,MA401P2175,MA401P2175,88.0,0.0,0.0,0.0,27,87.5,89.0,17,77.5,80.0,88.0,79.5,53.0,4478.5,370
2023-05-10 21:59:34,MA401P2175,MA401P2175,88.0,0.0,0.0,0.0,27,87.5,89.0,7,77.5,80.0,88.0,79.5,53.0,4478.5,370
2023-05-10 21:59:34,MA401P2175,MA401P2175,88.0,0.0,0.0,0.0,17,87.5,89.0,17,77.5,80.0,88.0,79.5,53.0,4478.5,370
2023-05-10 21:59:35,MA401P2175,MA401P2175,88.0,0.0,0.0,0.0,27,87.5,89.0,27,77.5,80.0,88.0,79.5,53.0,4478.5,370
2023-05-10 21:59:36,MA401P2175,MA401P2175,88.0,0.0,0.0,0.0,27,87.5,89.0,17,77.5,80.0,88.0,79.5,53.0,4478.5,370
2023-05-10 21:59:37,MA401P2175,MA401P2175,88.0,0.0,0.0,0.0,27,87.5,88.0,1,77.5,80.0,88.0,79.5,53.0,4478.5,370
2023-05-10 21:59:37,MA401P2175,MA401P2175,88.0,1.0,111.5,1.0,17,87.5,89.0,17,77.5,80.0,88.0,79.5,54.0,4590.0,371
2023-05-10 21:59:41,MA401P2175,MA401P2175,88.0,0.0,0.0,0.0,17,87.5,89.0,27,77.5,80.0,88.0,79.5,54.0,4590.0,371
2023-05-10 21:59:41,MA401P2175,MA401P2175,88.0,0.0,0.0,0.0,17,87.5,89.0,17,77.5,80.0,88.0,79.5,54.0,4590.0,371
2023-05-10 21:59:42,MA401P2175,MA401P2175,88.0,0.0,0.0,0.0,17,87.5,89.0,27,77.5,80.0,88.0,79.5,54.0,4590.0,371
2023-05-10 21:59:50,MA401P2175,MA401P2175,88.0,0.0,0.0,0.0,17,87.5,88.0,1,77.5,80.0,88.0,79.5,54.0,4590.0,371
2023-05-10 21:59:50,MA401P2175,MA401P2175,88.0,0.0,0.0,0.0,7,87.5,88.0,1,77.5,80.0,88.0,79.5,54.0,4590.0,371
2023-05-10 22:00:00,MA401P2175,MA401P2175,88.0,0.0,0.0,0.0,17,87.5,88.0,1,77.5,80.0,88.0,79.5,54.0,4590.0,371
2023-05-10 22:00:01,MA401P2175,MA401P2175,88.0,0.0,0.0,0.0,7,87.5,88.0,1,77.5,80.0,88.0,79.5,54.0,4590.0,371
2023-05-10 22:00:02,MA401P2175,MA401P2175,88.0,0.0,0.0,0.0,27,87.0,88.0,1,77.5,80.0,88.0,79.5,54.0,4590.0,371
2023-05-10 22:00:03,MA401P2175,MA401P2175,88.0,0.0,0.0,0.0,17,87.0,88.0,1,77.5,80.0,88.0,79.5,54.0,4590.0,371
2023-05-10 22:00:03,MA401P2175,MA401P2175,88.0,0.0,0.0,0.0,7,87.0,88.0,8,77.5,80.0,88.0,79.5,54.0,4590.0,371
2023-05-10 22:00:13,MA401P2175,MA401P2175,88.0,0.0,0.0,0.0,27,86.5,88.0,18,77.5,80.0,88.0,79.5,54.0,4590.0,371
2023-05-10 22:00:13,MA401P2175,MA401P2175,88.0,0.0,0.0,0.0,17,86.5,88.0,18,77.5,80.0,88.0,79.5,54.0,4590.0,371
2023-05-10 22:00:16,MA401P2175,MA401P2175,88.0,0.0,0.0,0.0,17,86.5,88.0,28,77.5,80.0,88.0,79.5,54.0,4590.0,371
2023-05-10 22:00:22,MA401P2175,MA401P2175,88.0,0.0,0.0,0.0,17,86.5,88.0,18,77.5,80.0,88.0,79.5,54.0,4590.0,371
2023-05-10 22:00:23,MA401P2175,MA401P2175,88.0,0.0,0.0,0.0,17,86.5,87.5,7,77.5,80.0,88.0,79.5,54.0,4590.0,371
2023-05-10 22:00:26,MA401P2175,MA401P2175,88.0,0.0,0.0,0.0,20,86.0,87.5,17,77.5,80.0,88.0,79.5,54.0,4590.0,371
2023-05-10 22:00:26,MA401P2175,MA401P2175,88.0,0.0,0.0,0.0,10,86.0,87.5,17,77.5,80.0,88.0,79.5,54.0,4590.0,371
2023-05-10 22:00:29,MA401P2175,MA401P2175,88.0,0.0,0.0,0.0,10,86.0,87.5,27,77.5,80.0,88.0,79.5,54.0,4590.0,371
2023-05-10 22:00:30,MA401P2175,MA401P2175,88.0,0.0,0.0,0.0,10,86.0,87.0,7,77.5,80.0,88.0,79.5,54.0,4590.0,371
2023-05-10 22:00:33,MA401P2175,MA401P2175,88.0,0.0,0.0,0.0,27,85.5,87.0,7,77.5,80.0,88.0,79.5,54.0,4590.0,371
2023-05-10 22:00:34,MA401P2175,MA401P2175,88.0,0.0,0.0,0.0,27,85.5,87.0,17,77.5,80.0,88.0,79.5,54.0,4590.0,371
2023-05-10 22:00:35,MA401P2175,MA401P2175,88.0,0.0,0.0,0.0,27,85.5,87.0,7,77.5,80.0,88.0,79.5,54.0,4590.0,371
2023-05-10 22:00:36,MA401P2175,MA401P2175,88.0,0.0,0.0,0.0,17,85.5,87.0,17,77.5,80.0,88.0,79.5,54.0,4590.0,371
2023-05-10 22:00:36,MA401P2175,MA401P2175,88.0,0.0,0.0,0.0,27,85.5,87.0,17,77.5,80.0,88.0,79.5,54.0,4590.0,371
2023-05-10 22:00:39,MA401P2175,MA401P2175,88.0,0.0,0.0,0.0,17,85.5,87.0,17,77.5,80.0,88.0,79.5,54.0,4590.0,371
2023-05-10 22:00:40,MA401P2175,MA401P2175,88.0,0.0,0.0,0.0,7,85.5,86.5,10,77.5,80.0,88.0,79.5,54.0,4590.0,371
2023-05-10 22:00:42,MA401P2175,MA401P2175,88.0,0.0,0.0,0.0,17,85.5,87.0,27,77.5,80.0,88.0,79.5,54.0,4590.0,371
2023-05-10 22:00:43,MA401P2175,MA401P2175,88.0,0.0,0.0,0.0,7,85.5,86.5,10,77.5,80.0,88.0,79.5,54.0,4590.0,371
2023-05-10 22:00:43,MA401P2175,MA401P2175,88.0,0.0,0.0,0.0,7,85.5,87.0,17,77.5,80.0,88.0,79.5,54.0,4590.0,371
2023-05-10 22:00:44,MA401P2175,MA401P2175,88.0,0.0,0.0,0.0,17,85.5,87.0,17,77.5,80.0,88.0,79.5,54.0,4590.0,371
2023-05-10 22:00:44,MA401P2175,MA401P2175,88.0,0.0,0.0,0.0,7,85.5,87.0,27,77.5,80.0,88.0,79.5,54.0,4590.0,371
2023-05-10 22:00:45,MA401P2175,MA401P2175,88.0,0.0,0.0,0.0,7,85.5,86.5,7,77.5,80.0,88.0,79.5,54.0,4590.0,371
2023-05-10 22:00:46,MA401P2175,MA401P2175,88.0,0.0,0.0,0.0,7,85.5,86.5,17,77.5,80.0,88.0,79.5,54.0,4590.0,371
2023-05-10 22:00:46,MA401P2175,MA401P2175,88.0,0.0,0.0,0.0,10,85.0,86.5,17,77.5,80.0,88.0,79.5,54.0,4590.0,371
2023-05-10 22:00:48,MA401P2175,MA401P2175,88.0,0.0,0.0,0.0,17,85.0,86.5,17,77.5,80.0,88.0,79.5,54.0,4590.0,371
2023-05-10 22:00:49,MA401P2175,MA401P2175,88.0,0.0,0.0,0.0,7,85.0,86.5,17,77.5,80.0,88.0,79.5,54.0,4590.0,371
2023-05-10 22:00:50,MA401P2175,MA401P2175,88.0,0.0,0.0,0.0,17,85.0,86.5,17,77.5,80.0,88.0,79.5,54.0,4590.0,371
2023-05-10 22:00:52,MA401P2175,MA401P2175,88.0,0.0,0.0,0.0,27,85.0,86.5,27,77.5,80.0,88.0,79.5,54.0,4590.0,371
2023-05-10 22:00:54,MA401P2175,MA401P2175,88.0,0.0,0.0,0.0,17,85.0,86.5,27,77.5,80.0,88.0,79.5,54.0,4590.0,371
2023-05-10 22:00:55,MA401P2175,MA401P2175,88.0,0.0,0.0,0.0,27,85.0,86.5,17,77.5,80.0,88.0,79.5,54.0,4590.0,371
2023-05-10 22:00:56,MA401P2175,MA401P2175,88.0,0.0,0.0,0.0,27,85.0,86.5,27,77.5,80.0,88.0,79.5,54.0,4590.0,371
2023-05-10 22:00:57,MA401P2175,MA401P2175,88.0,0.0,0.0,0.0,17,85.0,86.5,27,77.5,80.0,88.0,79.5,54.0,4590.0,371
2023-05-10 22:00:58,MA401P2175,MA401P2175,88.0,0.0,0.0,0.0,7,85.0,86.5,27,77.5,80.0,88.0,79.5,54.0,4590.0,371
2023-05-10 22:01:01,MA401P2175,MA401P2175,88.0,0.0,0.0,0.0,17,85.0,86.5,27,77.5,80.0,88.0,79.5,54.0,4590.0,371
2023-05-10 22:01:07,MA401P2175,MA401P2175,88.0,0.0,0.0,0.0,7,85.5,86.5,27,77.5,80.0,88.0,79.5,54.0,4590.0,371
2023-05-10 22:01:07,MA401P2175,MA401P2175,88.0,0.0,0.0,0.0,7,85.5,86.5,17,77.5,80.0,88.0,79.5,54.0,4590.0,371
2023-05-10 22:01:08,MA401P2175,MA401P2175,88.0,0.0,0.0,0.0,7,85.5,86.5,27,77.5,80.0,88.0,79.5,54.0,4590.0,371
2023-05-10 22:01:10,MA401P2175,MA401P2175,88.0,0.0,0.0,0.0,7,85.5,86.5,7,77.5,80.0,88.0,79.5,54.0,4590.0,371
2023-05-10 22:01:11,MA401P2175,MA401P2175,88.0,0.0,0.0,0.0,7,85.5,86.5,17,77.5,80.0,88.0,79.5,54.0,4590.0,371
2023-05-10 22:01:12,MA401P2175,MA401P2175,88.0,0.0,0.0,0.0,7,85.5,86.5,7,77.5,80.0,88.0,79.5,54.0,4590.0,371
2023-05-10 22:01:20,MA401P2175,MA401P2175,88.0,0.0,0.0,0.0,7,85.5,86.5,17,77.5,80.0,88.0,79.5,54.0,4590.0,371
2023-05-10 22:01:20,MA401P2175,MA401P2175,88.0,0.0,0.0,0.0,7,85.5,86.5,7,77.5,80.0,88.0,79.5,54.0,4590.0,371
2023-05-10 22:01:21,MA401P2175,MA401P2175,88.0,0.0,0.0,0.0,7,85.5,86.0,1,77.5,80.0,88.0,79.5,54.0,4590.0,371
2023-05-10 22:01:23,MA401P2175,MA401P2175,88.0,0.0,0.0,0.0,7,85.5,86.0,2,77.5,80.0,88.0,79.5,54.0,4590.0,371
2023-05-10 22:01:48,MA401P2175,MA401P2175,86.0,2.0,170.0,2.0,7,85.5,86.5,7,77.5,80.0,88.0,79.5,56.0,4760.0,373
2023-05-10 22:01:52,MA401P2175,MA401P2175,86.0,0.0,0.0,0.0,7,85.5,87.0,37,77.5,80.0,88.0,79.5,56.0,4760.0,373
2023-05-10 22:01:52,MA401P2175,MA401P2175,86.0,0.0,0.0,0.0,17,85.5,87.0,27,77.5,80.0,88.0,79.5,56.0,4760.0,373
2023-05-10 22:01:55,MA401P2175,MA401P2175,86.0,1.0,85.0,1.0,17,85.5,87.0,27,77.5,80.0,88.0,79.5,57.0,4845.0,374
2023-05-10 22:01:56,MA401P2175,MA401P2175,86.0,0.0,0.0,0.0,17,85.5,86.0,1,77.5,80.0,88.0,79.5,57.0,4845.0,374
2023-05-10 22:01:56,MA401P2175,MA401P2175,86.0,1.0,85.0,1.0,17,85.5,87.0,27,77.5,80.0,88.0,79.5,58.0,4930.0,375
2023-05-10 22:01:58,MA401P2175,MA401P2175,86.0,0.0,0.0,0.0,7,85.5,87.0,27,77.5,80.0,88.0,79.5,58.0,4930.0,375
2023-05-10 22:02:00,MA401P2175,MA401P2175,86.0,0.0,0.0,0.0,7,85.5,86.0,1,77.5,80.0,88.0,79.5,58.0,4930.0,375
2023-05-10 22:02:03,MA401P2175,MA401P2175,86.0,1.0,85.0,1.0,7,85.5,86.5,10,77.5,80.0,88.0,79.5,59.0,5015.0,376
2023-05-10 22:02:03,MA401P2175,MA401P2175,86.0,0.0,0.0,0.0,7,85.5,87.0,27,77.5,80.0,88.0,79.5,59.0,5015.0,376
2023-05-10 22:02:13,MA401P2175,MA401P2175,86.0,0.0,0.0,0.0,7,85.5,86.5,10,77.5,80.0,88.0,79.5,59.0,5015.0,376
2023-05-10 22:02:25,MA401P2175,MA401P2175,86.0,0.0,0.0,0.0,7,85.5,87.0,27,77.5,80.0,88.0,79.5,59.0,5015.0,376
2023-05-10 22:02:25,MA401P2175,MA401P2175,86.0,0.0,0.0,0.0,7,85.5,86.5,7,77.5,80.0,88.0,79.5,59.0,5015.0,376
2023-05-10 22:02:32,MA401P2175,MA401P2175,86.0,0.0,0.0,0.0,17,85.5,86.5,7,77.5,80.0,88.0,79.5,59.0,5015.0,376
2023-05-10 22:02:42,MA401P2175,MA401P2175,86.0,0.0,0.0,0.0,7,85.5,86.5,7,77.5,80.0,88.0,79.5,59.0,5015.0,376
2023-05-10 22:02:52,MA401P2175,MA401P2175,86.0,0.0,0.0,0.0,17,85.5,86.5,7,77.5,80.0,88.0,79.5,59.0,5015.0,376
2023-05-10 22:02:52,MA401P2175,MA401P2175,86.0,0.0,0.0,0.0,7,85.5,86.5,7,77.5,80.0,88.0,79.5,59.0,5015.0,376
2023-05-10 22:02:55,MA401P2175,MA401P2175,86.0,0.0,0.0,0.0,17,85.5,86.5,7,77.5,80.0,88.0,79.5,59.0,5015.0,376
2023-05-10 22:02:58,MA401P2175,MA401P2175,86.0,0.0,0.0,0.0,7,85.5,86.5,7,77.5,80.0,88.0,79.5,59.0,5015.0,376
2023-05-10 22:02:59,MA401P2175,MA401P2175,86.0,0.0,0.0,0.0,7,85.5,86.5,17,77.5,80.0,88.0,79.5,59.0,5015.0,376
2023-05-10 22:03:00,MA401P2175,MA401P2175,86.0,0.0,0.0,0.0,17,85.5,86.5,7,77.5,80.0,88.0,79.5,59.0,5015.0,376
2023-05-10 22:03:03,MA401P2175,MA401P2175,86.0,0.0,0.0,0.0,17,85.5,87.0,27,77.5,80.0,88.0,79.5,59.0,5015.0,376
2023-05-10 22:03:21,MA401P2175,MA401P2175,86.0,0.0,0.0,0.0,7,86.0,87.0,17,77.5,80.0,88.0,79.5,59.0,5015.0,376
2023-05-10 22:03:23,MA401P2175,MA401P2175,86.0,0.0,0.0,0.0,7,86.0,87.0,7,77.5,80.0,88.0,79.5,59.0,5015.0,376
2023-05-10 22:03:31,MA401P2175,MA401P2175,86.0,0.0,0.0,0.0,17,86.0,87.0,7,77.5,80.0,88.0,79.5,59.0,5015.0,376
2023-05-10 22:03:33,MA401P2175,MA401P2175,86.0,0.0,0.0,0.0,7,86.0,87.0,7,77.5,80.0,88.0,79.5,59.0,5015.0,376
2023-05-10 22:03:37,MA401P2175,MA401P2175,86.0,0.0,0.0,0.0,17,86.0,87.0,7,77.5,80.0,88.0,79.5,59.0,5015.0,376
2023-05-10 22:03:38,MA401P2175,MA401P2175,86.0,0.0,0.0,0.0,7,86.0,87.0,7,77.5,80.0,88.0,79.5,59.0,5015.0,376
2023-05-10 22:03:39,MA401P2175,MA401P2175,86.0,0.0,0.0,0.0,17,86.0,87.0,7,77.5,80.0,88.0,79.5,59.0,5015.0,376
2023-05-10 22:03:44,MA401P2175,MA401P2175,86.0,0.0,0.0,0.0,7,86.0,87.0,17,77.5,80.0,88.0,79.5,59.0,5015.0,376
2023-05-10 22:03:47,MA401P2175,MA401P2175,86.0,0.0,0.0,0.0,7,86.0,87.0,7,77.5,80.0,88.0,79.5,59.0,5015.0,376
2023-05-10 22:03:47,MA401P2175,MA401P2175,86.0,0.0,0.0,0.0,17,86.0,87.0,7,77.5,80.0,88.0,79.5,59.0,5015.0,376
2023-05-10 22:03:51,MA401P2175,MA401P2175,86.0,0.0,0.0,0.0,17,86.0,87.5,37,77.5,80.0,88.0,79.5,59.0,5015.0,376
2023-05-10 22:03:51,MA401P2175,MA401P2175,86.0,0.0,0.0,0.0,17,86.0,87.5,27,77.5,80.0,88.0,79.5,59.0,5015.0,376
2023-05-10 22:04:05,MA401P2175,MA401P2175,86.0,0.0,0.0,0.0,7,86.0,87.5,27,77.5,80.0,88.0,79.5,59.0,5015.0,376
2023-05-10 22:04:07,MA401P2175,MA401P2175,86.0,0.0,0.0,0.0,17,86.0,87.5,27,77.5,80.0,88.0,79.5,59.0,5015.0,376
2023-05-10 22:04:08,MA401P2175,MA401P2175,86.0,0.0,0.0,0.0,7,86.0,87.5,27,77.5,80.0,88.0,79.5,59.0,5015.0,376
2023-05-10 22:04:13,MA401P2175,MA401P2175,86.0,0.0,0.0,0.0,17,86.0,87.5,27,77.5,80.0,88.0,79.5,59.0,5015.0,376
2023-05-10 22:04:25,MA401P2175,MA401P2175,86.0,0.0,0.0,0.0,7,86.0,87.5,27,77.5,80.0,88.0,79.5,59.0,5015.0,376
2023-05-10 22:04:29,MA401P2175,MA401P2175,86.0,0.0,0.0,0.0,17,86.0,87.5,27,77.5,80.0,88.0,79.5,59.0,5015.0,376
2023-05-10 22:04:33,MA401P2175,MA401P2175,86.0,0.0,0.0,0.0,17,86.0,87.0,1,77.5,80.0,88.0,79.5,59.0,5015.0,376
2023-05-10 22:04:34,MA401P2175,MA401P2175,86.0,0.0,0.0,0.0,17,86.0,87.0,2,77.5,80.0,88.0,79.5,59.0,5015.0,376
2023-05-10 22:04:54,MA401P2175,MA401P2175,86.0,0.0,0.0,0.0,17,86.0,87.0,1,77.5,80.0,88.0,79.5,59.0,5015.0,376
2023-05-10 22:05:10,MA401P2175,MA401P2175,87.0,1.0,85.0,1.0,17,86.0,87.5,17,77.5,80.0,88.0,79.5,60.0,5100.0,377
2023-05-10 22:05:10,MA401P2175,MA401P2175,87.0,0.0,0.0,0.0,27,86.0,87.5,7,77.5,80.0,88.0,79.5,60.0,5100.0,377
2023-05-10 22:05:10,MA401P2175,MA401P2175,87.0,0.0,0.0,0.0,17,86.0,87.5,17,77.5,80.0,88.0,79.5,60.0,5100.0,377
2023-05-10 22:05:11,MA401P2175,MA401P2175,87.0,0.0,0.0,0.0,7,86.5,87.5,7,77.5,80.0,88.0,79.5,60.0,5100.0,377
2023-05-10 22:05:12,MA401P2175,MA401P2175,87.0,0.0,0.0,0.0,17,86.5,88.0,20,77.5,80.0,88.0,79.5,60.0,5100.0,377
2023-05-10 22:05:13,MA401P2175,MA401P2175,87.0,0.0,0.0,0.0,17,86.5,87.0,1,77.5,80.0,88.0,79.5,60.0,5100.0,377
2023-05-10 22:05:13,MA401P2175,MA401P2175,87.0,1.0,85.0,1.0,17,86.5,88.0,27,77.5,80.0,88.0,79.5,61.0,5185.0,378
2023-05-10 22:05:15,MA401P2175,MA401P2175,87.0,0.0,0.0,0.0,17,86.5,87.0,1,77.5,80.0,88.0,79.5,61.0,5185.0,378
2023-05-10 22:05:17,MA401P2175,MA401P2175,87.0,1.0,85.0,1.0,17,86.5,88.0,27,77.5,80.0,88.0,79.5,62.0,5270.0,379
2023-05-10 22:05:18,MA401P2175,MA401P2175,87.0,0.0,0.0,0.0,7,86.5,88.0,27,77.5,80.0,88.0,79.5,62.0,5270.0,379
2023-05-10 22:05:24,MA401P2175,MA401P2175,87.0,0.0,0.0,0.0,7,86.5,87.5,10,77.5,80.0,88.0,79.5,62.0,5270.0,379
2023-05-10 22:05:25,MA401P2175,MA401P2175,87.0,0.0,0.0,0.0,1,87.0,87.5,10,77.5,80.0,88.0,79.5,62.0,5270.0,379
2023-05-10 22:05:25,MA401P2175,MA401P2175,87.0,0.0,0.0,0.0,1,87.0,88.0,27,77.5,80.0,88.0,79.5,62.0,5270.0,379
2023-05-10 22:05:31,MA401P2175,MA401P2175,87.0,1.0,85.0,1.0,7,86.5,88.0,27,77.5,80.0,88.0,79.5,63.0,5355.0,380
2023-05-10 22:05:32,MA401P2175,MA401P2175,87.0,0.0,0.0,0.0,17,86.5,88.0,27,77.5,80.0,88.0,79.5,63.0,5355.0,380
2023-05-10 22:05:34,MA401P2175,MA401P2175,87.0,0.0,0.0,0.0,17,86.5,87.0,1,77.5,80.0,88.0,79.5,63.0,5355.0,380
2023-05-10 22:05:36,MA401P2175,MA401P2175,87.0,1.0,85.0,1.0,17,86.5,88.0,27,77.5,80.0,88.0,79.5,64.0,5440.0,381
2023-05-10 22:05:37,MA401P2175,MA401P2175,87.0,0.0,0.0,0.0,7,86.5,88.0,27,77.5,80.0,88.0,79.5,64.0,5440.0,381
2023-05-10 22:05:40,MA401P2175,MA401P2175,87.0,0.0,0.0,0.0,1,87.0,88.0,27,77.5,80.0,88.0,79.5,64.0,5440.0,381
2023-05-10 22:05:55,MA401P2175,MA401P2175,87.0,0.0,0.0,0.0,17,86.5,88.0,27,77.5,80.0,88.0,79.5,64.0,5440.0,381
2023-05-10 22:05:57,MA401P2175,MA401P2175,87.0,0.0,0.0,0.0,7,86.5,87.5,7,77.5,80.0,88.0,79.5,64.0,5440.0,381
2023-05-10 22:05:58,MA401P2175,MA401P2175,87.0,0.0,0.0,0.0,7,86.5,87.5,17,77.5,80.0,88.0,79.5,64.0,5440.0,381
2023-05-10 22:06:21,MA401P2175,MA401P2175,87.0,0.0,0.0,0.0,27,86.0,87.5,27,77.5,80.0,88.0,79.5,64.0,5440.0,381
2023-05-10 22:06:22,MA401P2175,MA401P2175,87.0,0.0,0.0,0.0,17,86.0,87.5,27,77.5,80.0,88.0,79.5,64.0,5440.0,381
2023-05-10 22:06:31,MA401P2175,MA401P2175,87.0,0.0,0.0,0.0,17,86.0,87.0,1,77.5,80.0,88.0,79.5,64.0,5440.0,381
2023-05-10 22:06:31,MA401P2175,MA401P2175,87.0,0.0,0.0,0.0,17,86.0,87.0,2,77.5,80.0,88.0,79.5,64.0,5440.0,381
2023-05-10 22:06:32,MA401P2175,MA401P2175,87.0,0.0,0.0,0.0,17,86.0,87.0,3,77.5,80.0,88.0,79.5,64.0,5440.0,381
2023-05-10 22:06:41,MA401P2175,MA401P2175,86.0,1.0,85.0,1.0,35,86.0,87.0,3,77.5,80.0,88.0,79.5,65.0,5525.0,382
2023-05-10 22:06:43,MA401P2175,MA401P2175,86.0,1.0,85.0,1.0,34,86.0,87.0,3,77.5,80.0,88.0,79.5,66.0,5610.0,383
2023-05-10 22:06:48,MA401P2175,MA401P2175,86.0,1.0,85.0,1.0,33,86.0,87.0,3,77.5,80.0,88.0,79.5,67.0,5695.0,384
2023-05-10 22:06:54,MA401P2175,MA401P2175,86.0,0.0,0.0,0.0,33,86.0,86.5,1,77.5,80.0,88.0,79.5,67.0,5695.0,384
2023-05-10 22:06:58,MA401P2175,MA401P2175,86.0,1.0,85.0,1.0,32,86.0,86.5,1,77.5,80.0,88.0,79.5,68.0,5780.0,385
2023-05-10 22:07:10,MA401P2175,MA401P2175,86.0,1.0,85.0,1.0,31,86.0,86.5,1,77.5,80.0,88.0,79.5,69.0,5865.0,386
2023-05-10 22:07:12,MA401P2175,MA401P2175,86.0,0.0,0.0,0.0,10,86.0,86.5,1,77.5,80.0,88.0,79.5,69.0,5865.0,386
2023-05-10 22:07:13,MA401P2175,MA401P2175,86.0,0.0,0.0,0.0,27,85.5,86.5,1,77.5,80.0,88.0,79.5,69.0,5865.0,386
2023-05-10 22:07:16,MA401P2175,MA401P2175,86.0,0.0,0.0,0.0,17,85.5,86.5,1,77.5,80.0,88.0,79.5,69.0,5865.0,386
2023-05-10 22:07:17,MA401P2175,MA401P2175,86.0,0.0,0.0,0.0,7,85.5,86.5,1,77.5,80.0,88.0,79.5,69.0,5865.0,386
2023-05-10 22:07:24,MA401P2175,MA401P2175,86.0,0.0,0.0,0.0,7,85.5,86.0,1,77.5,80.0,88.0,79.5,69.0,5865.0,386
2023-05-10 22:07:29,MA401P2175,MA401P2175,86.0,0.0,0.0,0.0,7,85.5,86.5,8,77.5,80.0,88.0,79.5,69.0,5865.0,386
2023-05-10 22:07:36,MA401P2175,MA401P2175,86.0,0.0,0.0,0.0,7,85.5,86.5,18,77.5,80.0,88.0,79.5,69.0,5865.0,386
2023-05-10 22:07:40,MA401P2175,MA401P2175,86.0,0.0,0.0,0.0,30,85.0,86.5,18,77.5,80.0,88.0,79.5,69.0,5865.0,386
2023-05-10 22:07:41,MA401P2175,MA401P2175,86.0,0.0,0.0,0.0,30,85.0,86.5,28,77.5,80.0,88.0,79.5,69.0,5865.0,386
2023-05-10 22:07:42,MA401P2175,MA401P2175,86.0,0.0,0.0,0.0,20,85.0,86.5,28,77.5,80.0,88.0,79.5,69.0,5865.0,386
2023-05-10 22:07:42,MA401P2175,MA401P2175,86.0,0.0,0.0,0.0,27,85.0,86.5,28,77.5,80.0,88.0,79.5,69.0,5865.0,386
2023-05-10 22:07:43,MA401P2175,MA401P2175,86.0,0.0,0.0,0.0,37,85.0,86.5,8,77.5,80.0,88.0,79.5,69.0,5865.0,386
2023-05-10 22:07:44,MA401P2175,MA401P2175,86.0,0.0,0.0,0.0,37,85.0,86.5,18,77.5,80.0,88.0,79.5,69.0,5865.0,386
2023-05-10 22:07:45,MA401P2175,MA401P2175,86.0,0.0,0.0,0.0,27,85.0,86.5,18,77.5,80.0,88.0,79.5,69.0,5865.0,386
2023-05-10 22:07:48,MA401P2175,MA401P2175,86.0,0.0,0.0,0.0,27,85.0,86.5,28,77.5,80.0,88.0,79.5,69.0,5865.0,386
2023-05-10 22:07:57,MA401P2175,MA401P2175,86.0,0.0,0.0,0.0,27,85.0,85.5,1,77.5,80.0,88.0,79.5,69.0,5865.0,386
2023-05-10 22:08:01,MA401P2175,MA401P2175,85.0,1.0,85.0,1.0,38,85.0,85.5,1,77.5,80.0,88.0,79.5,70.0,5950.0,387
2023-05-10 22:08:03,MA401P2175,MA401P2175,85.0,1.0,85.0,1.0,37,85.0,85.5,1,77.5,80.0,88.0,79.5,71.0,6035.0,388
2023-05-10 22:08:07,MA401P2175,MA401P2175,85.0,1.0,85.0,1.0,36,85.0,85.5,1,77.5,80.0,88.0,79.5,72.0,6120.0,389
2023-05-10 22:08:08,MA401P2175,MA401P2175,85.0,0.0,0.0,0.0,46,85.0,85.5,1,77.5,80.0,88.0,79.5,72.0,6120.0,389
2023-05-10 22:08:09,MA401P2175,MA401P2175,85.5,1.0,85.0,1.0,46,85.0,86.0,10,77.5,80.0,88.0,79.5,73.0,6205.0,390
2023-05-10 22:08:09,MA401P2175,MA401P2175,85.5,0.0,0.0,0.0,46,85.0,86.5,28,77.5,80.0,88.0,79.5,73.0,6205.0,390
2023-05-10 22:08:10,MA401P2175,MA401P2175,85.5,0.0,0.0,0.0,36,85.0,86.5,28,77.5,80.0,88.0,79.5,73.0,6205.0,390
2023-05-10 22:08:11,MA401P2175,MA401P2175,85.5,0.0,0.0,0.0,46,85.0,86.5,28,77.5,80.0,88.0,79.5,73.0,6205.0,390
2023-05-10 22:08:12,MA401P2175,MA401P2175,85.5,0.0,0.0,0.0,56,85.0,86.5,28,77.5,80.0,88.0,79.5,73.0,6205.0,390
2023-05-10 22:08:13,MA401P2175,MA401P2175,85.5,0.0,0.0,0.0,46,85.0,86.5,28,77.5,80.0,88.0,79.5,73.0,6205.0,390
2023-05-10 22:08:14,MA401P2175,MA401P2175,85.5,0.0,0.0,0.0,56,85.0,86.5,28,77.5,80.0,88.0,79.5,73.0,6205.0,390
2023-05-10 22:08:22,MA401P2175,MA401P2175,85.5,0.0,0.0,0.0,46,85.0,86.5,28,77.5,80.0,88.0,79.5,73.0,6205.0,390
2023-05-10 22:08:23,MA401P2175,MA401P2175,85.5,0.0,0.0,0.0,56,85.0,86.0,1,77.5,80.0,88.0,79.5,73.0,6205.0,390
2023-05-10 22:08:26,MA401P2175,MA401P2175,85.5,0.0,0.0,0.0,46,85.0,86.0,1,77.5,80.0,88.0,79.5,73.0,6205.0,390
2023-05-10 22:08:27,MA401P2175,MA401P2175,85.5,0.0,0.0,0.0,56,85.0,86.0,1,77.5,80.0,88.0,79.5,73.0,6205.0,390
2023-05-10 22:08:43,MA401P2175,MA401P2175,85.5,0.0,0.0,0.0,46,85.0,86.0,1,77.5,80.0,88.0,79.5,73.0,6205.0,390
2023-05-10 22:08:45,MA401P2175,MA401P2175,85.5,0.0,0.0,0.0,36,85.0,86.0,1,77.5,80.0,88.0,79.5,73.0,6205.0,390
2023-05-10 22:08:47,MA401P2175,MA401P2175,85.5,0.0,0.0,0.0,46,85.0,86.0,1,77.5,80.0,88.0,79.5,73.0,6205.0,390
2023-05-10 22:08:49,MA401P2175,MA401P2175,85.5,0.0,0.0,0.0,36,85.0,86.0,1,77.5,80.0,88.0,79.5,73.0,6205.0,390
2023-05-10 22:08:51,MA401P2175,MA401P2175,85.5,0.0,0.0,0.0,36,85.0,86.0,8,77.5,80.0,88.0,79.5,73.0,6205.0,390
2023-05-10 22:08:51,MA401P2175,MA401P2175,85.5,0.0,0.0,0.0,15,85.0,86.0,18,77.5,80.0,88.0,79.5,73.0,6205.0,390
2023-05-10 22:08:53,MA401P2175,MA401P2175,85.5,0.0,0.0,0.0,15,85.0,86.0,8,77.5,80.0,88.0,79.5,73.0,6205.0,390
2023-05-10 22:08:56,MA401P2175,MA401P2175,85.5,0.0,0.0,0.0,25,85.0,86.0,8,77.5,80.0,88.0,79.5,73.0,6205.0,390
2023-05-10 22:08:56,MA401P2175,MA401P2175,85.5,0.0,0.0,0.0,15,85.0,86.0,8,77.5,80.0,88.0,79.5,73.0,6205.0,390
2023-05-10 22:08:58,MA401P2175,MA401P2175,85.5,0.0,0.0,0.0,15,85.0,85.5,1,77.5,80.0,88.0,79.5,73.0,6205.0,390
2023-05-10 22:09:05,MA401P2175,MA401P2175,85.5,0.0,0.0,0.0,25,85.0,85.5,1,77.5,80.0,88.0,79.5,73.0,6205.0,390
2023-05-10 22:09:07,MA401P2175,MA401P2175,85.5,0.0,0.0,0.0,15,85.0,86.0,18,77.5,80.0,88.0,79.5,73.0,6205.0,390
2023-05-10 22:09:07,MA401P2175,MA401P2175,85.5,0.0,0.0,0.0,25,85.0,86.0,8,77.5,80.0,88.0,79.5,73.0,6205.0,390
2023-05-10 22:09:09,MA401P2175,MA401P2175,85.5,0.0,0.0,0.0,25,85.0,86.0,1,77.5,80.0,88.0,79.5,73.0,6205.0,390
2023-05-10 22:09:11,MA401P2175,MA401P2175,85.5,0.0,0.0,0.0,15,85.0,86.5,28,77.5,80.0,88.0,79.5,73.0,6205.0,390
2023-05-10 22:09:17,MA401P2175,MA401P2175,85.5,0.0,0.0,0.0,5,85.0,86.0,10,77.5,80.0,88.0,79.5,73.0,6205.0,390
2023-05-10 22:09:33,MA401P2175,MA401P2175,85.5,0.0,0.0,0.0,5,85.0,86.5,27,77.5,80.0,88.0,79.5,73.0,6205.0,390
2023-05-10 22:09:34,MA401P2175,MA401P2175,85.5,0.0,0.0,0.0,15,85.0,86.5,27,77.5,80.0,88.0,79.5,73.0,6205.0,390
2023-05-10 22:09:46,MA401P2175,MA401P2175,85.5,0.0,0.0,0.0,15,85.0,85.5,1,77.5,80.0,88.0,79.5,73.0,6205.0,390
2023-05-10 22:09:46,MA401P2175,MA401P2175,85.5,1.0,85.0,1.0,15,85.0,86.5,27,77.5,80.0,88.0,79.5,74.0,6290.0,391
2023-05-10 22:09:51,MA401P2175,MA401P2175,85.5,0.0,0.0,0.0,15,85.0,86.0,1,77.5,80.0,88.0,79.5,74.0,6290.0,391
2023-05-10 22:09:52,MA401P2175,MA401P2175,85.5,0.0,0.0,0.0,25,85.0,86.0,1,77.5,80.0,88.0,79.5,74.0,6290.0,391
2023-05-10 22:09:55,MA401P2175,MA401P2175,85.5,0.0,0.0,0.0,15,85.0,86.0,1,77.5,80.0,88.0,79.5,74.0,6290.0,391
2023-05-10 22:10:08,MA401P2175,MA401P2175,86.0,1.0,85.0,1.0,25,85.0,86.5,17,77.5,80.0,88.0,79.5,75.0,6375.0,392
2023-05-10 22:10:09,MA401P2175,MA401P2175,86.0,0.0,0.0,0.0,17,85.5,87.0,37,77.5,80.0,88.0,79.5,75.0,6375.0,392
2023-05-10 22:10:09,MA401P2175,MA401P2175,86.0,0.0,0.0,0.0,17,85.5,87.0,27,77.5,80.0,88.0,79.5,75.0,6375.0,392
2023-05-10 22:10:25,MA401P2175,MA401P2175,86.0,0.0,0.0,0.0,17,85.5,86.0,1,77.5,80.0,88.0,79.5,75.0,6375.0,392
2023-05-10 22:10:25,MA401P2175,MA401P2175,86.0,1.0,85.0,1.0,17,85.5,87.0,27,77.5,80.0,88.0,79.5,76.0,6460.0,393
2023-05-10 22:10:27,MA401P2175,MA401P2175,86.0,1.0,85.0,1.0,17,85.5,87.0,27,77.5,80.0,88.0,79.5,77.0,6545.0,394
2023-05-10 22:10:43,MA401P2175,MA401P2175,86.0,0.0,0.0,0.0,7,86.0,87.0,27,77.5,80.0,88.0,79.5,77.0,6545.0,394
2023-05-10 22:10:47,MA401P2175,MA401P2175,86.0,0.0,0.0,0.0,7,86.0,87.0,17,77.5,80.0,88.0,79.5,77.0,6545.0,394
2023-05-10 22:11:09,MA401P2175,MA401P2175,86.0,0.0,0.0,0.0,7,86.0,87.0,27,77.5,80.0,88.0,79.5,77.0,6545.0,394
2023-05-10 22:11:10,MA401P2175,MA401P2175,86.0,0.0,0.0,0.0,7,86.0,87.0,17,77.5,80.0,88.0,79.5,77.0,6545.0,394
2023-05-10 22:11:14,MA401P2175,MA401P2175,86.0,0.0,0.0,0.0,7,86.0,87.0,27,77.5,80.0,88.0,79.5,77.0,6545.0,394
2023-05-10 22:11:23,MA401P2175,MA401P2175,86.0,0.0,0.0,0.0,7,86.0,86.5,1,77.5,80.0,88.0,79.5,77.0,6545.0,394
2023-05-10 22:12:02,MA401P2175,MA401P2175,86.5,1.0,85.0,1.0,7,86.0,87.5,30,77.5,80.0,88.0,79.5,78.0,6630.0,395
2023-05-10 22:12:02,MA401P2175,MA401P2175,86.5,0.0,0.0,0.0,7,86.0,87.5,20,77.5,80.0,88.0,79.5,78.0,6630.0,395
2023-05-10 22:12:03,MA401P2175,MA401P2175,86.5,0.0,0.0,0.0,7,86.0,87.5,27,77.5,80.0,88.0,79.5,78.0,6630.0,395
2023-05-10 22:12:22,MA401P2175,MA401P2175,86.5,1.0,85.0,1.0,7,86.0,87.5,27,77.5,80.0,88.0,79.5,79.0,6715.0,396
2023-05-10 22:12:23,MA401P2175,MA401P2175,86.5,0.0,0.0,0.0,24,86.5,87.5,27,77.5,80.0,88.0,79.5,79.0,6715.0,396
2023-05-10 22:12:26,MA401P2175,MA401P2175,86.5,0.0,0.0,0.0,24,86.5,87.0,1,77.5,80.0,88.0,79.5,79.0,6715.0,396
2023-05-10 22:12:43,MA401P2175,MA401P2175,87.0,1.0,85.0,1.0,24,86.5,87.5,17,77.5,80.0,88.0,79.5,80.0,6800.0,397
2023-05-10 22:14:06,MA401P2175,MA401P2175,87.0,0.0,0.0,0.0,24,86.5,87.5,7,77.5,80.0,88.0,79.5,80.0,6800.0,397
2023-05-10 22:14:07,MA401P2175,MA401P2175,87.0,0.0,0.0,0.0,34,86.5,88.0,30,77.5,80.0,88.0,79.5,80.0,6800.0,397
2023-05-10 22:14:07,MA401P2175,MA401P2175,87.0,0.0,0.0,0.0,24,86.5,88.0,30,77.5,80.0,88.0,79.5,80.0,6800.0,397
2023-05-10 22:14:08,MA401P2175,MA401P2175,87.0,0.0,0.0,0.0,24,86.5,88.0,20,77.5,80.0,88.0,79.5,80.0,6800.0,397
2023-05-10 22:14:09,MA401P2175,MA401P2175,87.0,0.0,0.0,0.0,34,86.5,88.0,27,77.5,80.0,88.0,79.5,80.0,6800.0,397
2023-05-10 22:14:09,MA401P2175,MA401P2175,87.0,0.0,0.0,0.0,24,86.5,88.0,27,77.5,80.0,88.0,79.5,80.0,6800.0,397
2023-05-10 22:14:17,MA401P2175,MA401P2175,87.0,0.0,0.0,0.0,34,86.5,88.0,27,77.5,80.0,88.0,79.5,80.0,6800.0,397
2023-05-10 22:14:17,MA401P2175,MA401P2175,87.0,0.0,0.0,0.0,24,86.5,88.0,27,77.5,80.0,88.0,79.5,80.0,6800.0,397
2023-05-10 22:14:18,MA401P2175,MA401P2175,87.0,0.0,0.0,0.0,34,86.5,88.0,27,77.5,80.0,88.0,79.5,80.0,6800.0,397
2023-05-10 22:14:18,MA401P2175,MA401P2175,87.0,0.0,0.0,0.0,24,86.5,88.0,27,77.5,80.0,88.0,79.5,80.0,6800.0,397
2023-05-10 22:14:19,MA401P2175,MA401P2175,87.0,0.0,0.0,0.0,34,86.5,88.0,27,77.5,80.0,88.0,79.5,80.0,6800.0,397
2023-05-10 22:14:20,MA401P2175,MA401P2175,87.0,0.0,0.0,0.0,24,86.5,88.0,27,77.5,80.0,88.0,79.5,80.0,6800.0,397
2023-05-10 22:14:29,MA401P2175,MA401P2175,87.0,0.0,0.0,0.0,34,86.5,88.0,27,77.5,80.0,88.0,79.5,80.0,6800.0,397
2023-05-10 22:14:30,MA401P2175,MA401P2175,87.0,0.0,0.0,0.0,24,86.5,88.0,27,77.5,80.0,88.0,79.5,80.0,6800.0,397
2023-05-10 22:14:31,MA401P2175,MA401P2175,87.0,0.0,0.0,0.0,34,86.5,88.0,27,77.5,80.0,88.0,79.5,80.0,6800.0,397
2023-05-10 22:14:34,MA401P2175,MA401P2175,87.0,0.0,0.0,0.0,24,86.5,88.0,27,77.5,80.0,88.0,79.5,80.0,6800.0,397
2023-05-10 22:14:36,MA401P2175,MA401P2175,87.0,0.0,0.0,0.0,7,87.0,88.0,27,77.5,80.0,88.0,79.5,80.0,6800.0,397
2023-05-10 22:14:45,MA401P2175,MA401P2175,87.0,0.0,0.0,0.0,7,87.0,87.5,10,77.5,80.0,88.0,79.5,80.0,6800.0,397
2023-05-10 22:14:47,MA401P2175,MA401P2175,87.0,0.0,0.0,0.0,34,86.5,88.0,27,77.5,80.0,88.0,79.5,80.0,6800.0,397
2023-05-10 22:14:51,MA401P2175,MA401P2175,87.0,1.0,85.0,1.0,34,86.5,88.0,27,77.5,80.0,88.0,79.5,81.0,6885.0,398
2023-05-10 22:14:52,MA401P2175,MA401P2175,87.0,0.0,0.0,0.0,34,86.5,87.0,1,77.5,80.0,88.0,79.5,81.0,6885.0,398
2023-05-10 22:14:53,MA401P2175,MA401P2175,87.0,0.0,0.0,0.0,34,86.5,87.0,2,77.5,80.0,88.0,79.5,81.0,6885.0,398
2023-05-10 22:14:56,MA401P2175,MA401P2175,87.0,2.0,211.5,2.0,34,86.5,88.0,27,77.5,80.0,88.0,79.5,83.0,7096.5,400
2023-05-10 22:15:03,MA401P2175,MA401P2175,87.0,0.0,0.0,0.0,34,86.5,87.0,1,77.5,80.0,88.0,79.5,83.0,7096.5,400
2023-05-10 22:15:03,MA401P2175,MA401P2175,87.0,1.0,85.5,1.0,34,86.5,88.0,27,77.5,80.0,88.0,79.5,84.0,7182.0,401
2023-05-10 22:15:11,MA401P2175,MA401P2175,87.0,0.0,0.0,0.0,34,86.5,87.0,1,77.5,80.0,88.0,79.5,84.0,7182.0,401
2023-05-10 22:15:17,MA401P2175,MA401P2175,87.0,0.0,0.0,0.0,24,86.5,87.0,1,77.5,80.0,88.0,79.5,84.0,7182.0,401
2023-05-10 22:15:26,MA401P2175,MA401P2175,87.0,0.0,0.0,0.0,34,86.5,87.0,1,77.5,80.0,88.0,79.5,84.0,7182.0,401
2023-05-10 22:15:34,MA401P2175,MA401P2175,87.0,1.0,85.5,1.0,34,86.5,88.0,27,77.5,80.0,88.0,79.5,85.0,7267.5,402
2023-05-10 22:15:36,MA401P2175,MA401P2175,87.0,0.0,0.0,0.0,24,86.5,88.0,27,77.5,80.0,88.0,79.5,85.0,7267.5,402
2023-05-10 22:15:39,MA401P2175,MA401P2175,87.0,0.0,0.0,0.0,34,86.5,88.0,27,77.5,80.0,88.0,79.5,85.0,7267.5,402
2023-05-10 22:15:41,MA401P2175,MA401P2175,87.0,0.0,0.0,0.0,34,86.5,87.0,1,77.5,80.0,88.0,79.5,85.0,7267.5,402
2023-05-10 22:15:48,MA401P2175,MA401P2175,87.0,0.0,0.0,0.0,24,86.5,87.0,1,77.5,80.0,88.0,79.5,85.0,7267.5,402
2023-05-10 22:16:00,MA401P2175,MA401P2175,87.0,0.0,0.0,0.0,34,86.5,87.0,1,77.5,80.0,88.0,79.5,85.0,7267.5,402
2023-05-10 22:16:00,MA401P2175,MA401P2175,87.0,1.0,85.5,1.0,34,86.5,88.0,27,77.5,80.0,88.0,79.5,86.0,7353.0,403
2023-05-10 22:16:06,MA401P2175,MA401P2175,87.0,0.0,0.0,0.0,44,86.5,88.0,7,77.5,80.0,88.0,79.5,86.0,7353.0,403
2023-05-10 22:16:06,MA401P2175,MA401P2175,87.0,0.0,0.0,0.0,44,86.5,88.0,17,77.5,80.0,88.0,79.5,86.0,7353.0,403
2023-05-10 22:16:14,MA401P2175,MA401P2175,87.0,0.0,0.0,0.0,44,86.5,87.0,1,77.5,80.0,88.0,79.5,86.0,7353.0,403
2023-05-10 22:16:14,MA401P2175,MA401P2175,87.0,1.0,85.5,1.0,46,87.0,88.0,17,77.5,80.0,88.0,79.5,87.0,7438.5,404
2023-05-10 22:16:19,MA401P2175,MA401P2175,87.0,0.0,0.0,0.0,46,87.0,87.5,1,77.5,80.0,88.0,79.5,87.0,7438.5,404
2023-05-10 22:16:25,MA401P2175,MA401P2175,87.5,1.0,85.5,1.0,46,87.0,88.5,37,77.5,80.0,88.0,79.5,88.0,7524.0,405
2023-05-10 22:16:25,MA401P2175,MA401P2175,87.5,0.0,0.0,0.0,56,87.0,88.5,37,77.5,80.0,88.0,79.5,88.0,7524.0,405
2023-05-10 22:16:46,MA401P2175,MA401P2175,87.5,0.0,0.0,0.0,66,87.0,88.5,27,77.5,80.0,88.0,79.5,88.0,7524.0,405
2023-05-10 22:16:52,MA401P2175,MA401P2175,87.5,0.0,0.0,0.0,7,87.5,88.5,17,77.5,80.0,88.0,79.5,88.0,7524.0,405
2023-05-10 22:16:53,MA401P2175,MA401P2175,87.5,0.0,0.0,0.0,7,87.5,88.5,7,77.5,80.0,88.0,79.5,88.0,7524.0,405
2023-05-10 22:16:54,MA401P2175,MA401P2175,87.5,0.0,0.0,0.0,7,87.5,88.0,1,77.5,80.0,88.0,79.5,88.0,7524.0,405
2023-05-10 22:16:55,MA401P2175,MA401P2175,88.0,1.0,85.5,1.0,7,87.5,88.5,17,77.5,80.0,88.0,79.5,89.0,7609.5,406
2023-05-10 22:16:56,MA401P2175,MA401P2175,88.0,0.0,0.0,0.0,17,87.5,89.0,31,77.5,80.0,88.0,79.5,89.0,7609.5,406
2023-05-10 22:16:56,MA401P2175,MA401P2175,88.0,0.0,0.0,0.0,17,87.5,89.0,21,77.5,80.0,88.0,79.5,89.0,7609.5,406
2023-05-10 22:16:58,MA401P2175,MA401P2175,88.0,0.0,0.0,0.0,17,87.5,89.0,28,77.5,80.0,88.0,79.5,89.0,7609.5,406
2023-05-10 22:17:01,MA401P2175,MA401P2175,88.0,0.0,0.0,0.0,17,87.5,88.0,1,77.5,80.0,88.0,79.5,89.0,7609.5,406
2023-05-10 22:17:01,MA401P2175,MA401P2175,88.0,1.0,85.5,1.0,17,87.5,89.0,28,77.5,80.0,88.0,79.5,90.0,7695.0,407
2023-05-10 22:17:03,MA401P2175,MA401P2175,88.0,0.0,0.0,0.0,7,87.5,89.0,28,77.5,80.0,88.0,79.5,90.0,7695.0,407
2023-05-10 22:17:03,MA401P2175,MA401P2175,88.0,0.0,0.0,0.0,17,87.5,89.0,28,77.5,80.0,88.0,79.5,90.0,7695.0,407
2023-05-10 22:17:06,MA401P2175,MA401P2175,88.0,0.0,0.0,0.0,17,87.5,88.5,1,77.5,80.0,88.0,79.5,90.0,7695.0,407
2023-05-10 22:17:22,MA401P2175,MA401P2175,88.0,0.0,0.0,0.0,7,87.5,88.5,1,77.5,80.0,88.0,79.5,90.0,7695.0,407
2023-05-10 22:17:22,MA401P2175,MA401P2175,88.0,0.0,0.0,0.0,17,87.5,88.5,1,77.5,80.0,88.0,79.5,90.0,7695.0,407
2023-05-10 22:17:22,MA401P2175,MA401P2175,88.0,0.0,0.0,0.0,7,87.5,88.5,1,77.5,80.0,88.0,79.5,90.0,7695.0,407
2023-05-10 22:17:24,MA401P2175,MA401P2175,88.0,0.0,0.0,0.0,17,87.5,88.5,1,77.5,80.0,88.0,79.5,90.0,7695.0,407
2023-05-10 22:17:47,MA401P2175,MA401P2175,88.0,0.0,0.0,0.0,17,87.5,88.0,1,77.5,80.0,88.0,79.5,90.0,7695.0,407
2023-05-10 22:18:00,MA401P2175,MA401P2175,88.0,1.0,85.5,1.0,17,87.5,88.5,1,77.5,80.0,88.0,79.5,91.0,7780.5,408
2023-05-10 22:18:21,MA401P2175,MA401P2175,88.5,1.0,85.5,1.0,10,88.0,89.0,10,77.5,80.0,88.5,79.5,92.0,7866.0,409
2023-05-10 22:18:21,MA401P2175,MA401P2175,88.5,0.0,0.0,0.0,27,87.5,89.0,10,77.5,80.0,88.5,79.5,92.0,7866.0,409
2023-05-10 22:18:27,MA401P2175,MA401P2175,88.5,0.0,0.0,0.0,7,88.0,89.0,10,77.5,80.0,88.5,79.5,92.0,7866.0,409
2023-05-10 22:18:28,MA401P2175,MA401P2175,88.5,0.0,0.0,0.0,7,88.0,89.5,27,77.5,80.0,88.5,79.5,92.0,7866.0,409
2023-05-10 22:18:28,MA401P2175,MA401P2175,88.5,0.0,0.0,0.0,17,88.0,89.5,27,77.5,80.0,88.5,79.5,92.0,7866.0,409
2023-05-10 22:18:33,MA401P2175,MA401P2175,88.5,0.0,0.0,0.0,7,88.0,89.0,10,77.5,80.0,88.5,79.5,92.0,7866.0,409
2023-05-10 22:18:34,MA401P2175,MA401P2175,88.5,0.0,0.0,0.0,7,88.0,89.5,27,77.5,80.0,88.5,79.5,92.0,7866.0,409
2023-05-10 22:18:36,MA401P2175,MA401P2175,88.5,0.0,0.0,0.0,7,88.0,89.0,7,77.5,80.0,88.5,79.5,92.0,7866.0,409
2023-05-10 22:18:36,MA401P2175,MA401P2175,88.5,0.0,0.0,0.0,7,88.0,89.0,17,77.5,80.0,88.5,79.5,92.0,7866.0,409
2023-05-10 22:18:36,MA401P2175,MA401P2175,88.5,0.0,0.0,0.0,7,88.0,89.0,7,77.5,80.0,88.5,79.5,92.0,7866.0,409
2023-05-10 22:18:40,MA401P2175,MA401P2175,88.5,0.0,0.0,0.0,7,88.0,89.0,17,77.5,80.0,88.5,79.5,92.0,7866.0,409
2023-05-10 22:18:40,MA401P2175,MA401P2175,88.5,0.0,0.0,0.0,7,88.0,89.0,7,77.5,80.0,88.5,79.5,92.0,7866.0,409
2023-05-10 22:18:41,MA401P2175,MA401P2175,88.5,0.0,0.0,0.0,7,88.0,89.0,17,77.5,80.0,88.5,79.5,92.0,7866.0,409
2023-05-10 22:18:41,MA401P2175,MA401P2175,88.5,0.0,0.0,0.0,7,88.0,89.0,7,77.5,80.0,88.5,79.5,92.0,7866.0,409
2023-05-10 22:18:42,MA401P2175,MA401P2175,88.5,0.0,0.0,0.0,7,88.0,89.0,17,77.5,80.0,88.5,79.5,92.0,7866.0,409
2023-05-10 22:18:42,MA401P2175,MA401P2175,88.5,0.0,0.0,0.0,7,88.0,89.0,7,77.5,80.0,88.5,79.5,92.0,7866.0,409
2023-05-10 22:18:45,MA401P2175,MA401P2175,88.5,0.0,0.0,0.0,17,88.0,89.0,7,77.5,80.0,88.5,79.5,92.0,7866.0,409
2023-05-10 22:18:45,MA401P2175,MA401P2175,88.5,0.0,0.0,0.0,7,88.0,89.0,7,77.5,80.0,88.5,79.5,92.0,7866.0,409
2023-05-10 22:18:47,MA401P2175,MA401P2175,88.5,0.0,0.0,0.0,17,88.0,89.0,7,77.5,80.0,88.5,79.5,92.0,7866.0,409
2023-05-10 22:18:47,MA401P2175,MA401P2175,88.5,0.0,0.0,0.0,7,88.0,89.0,7,77.5,80.0,88.5,79.5,92.0,7866.0,409
2023-05-10 22:18:58,MA401P2175,MA401P2175,88.5,0.0,0.0,0.0,7,88.0,89.0,27,77.5,80.0,88.5,79.5,92.0,7866.0,409
2023-05-10 22:19:00,MA401P2175,MA401P2175,88.5,0.0,0.0,0.0,7,88.0,89.0,17,77.5,80.0,88.5,79.5,92.0,7866.0,409
2023-05-10 22:19:01,MA401P2175,MA401P2175,88.5,0.0,0.0,0.0,7,88.0,89.0,7,77.5,80.0,88.5,79.5,92.0,7866.0,409
2023-05-10 22:19:02,MA401P2175,MA401P2175,88.5,0.0,0.0,0.0,7,88.0,89.0,17,77.5,80.0,88.5,79.5,92.0,7866.0,409
2023-05-10 22:19:07,MA401P2175,MA401P2175,88.5,0.0,0.0,0.0,17,88.0,89.5,27,77.5,80.0,88.5,79.5,92.0,7866.0,409
2023-05-10 22:19:09,MA401P2175,MA401P2175,88.5,0.0,0.0,0.0,7,88.5,89.5,10,77.5,80.0,88.5,79.5,92.0,7866.0,409
2023-05-10 22:19:10,MA401P2175,MA401P2175,88.5,0.0,0.0,0.0,7,88.5,90.0,11,77.5,80.0,88.5,79.5,92.0,7866.0,409
2023-05-10 22:19:10,MA401P2175,MA401P2175,88.5,0.0,0.0,0.0,7,88.5,90.0,21,77.5,80.0,88.5,79.5,92.0,7866.0,409
2023-05-10 22:19:11,MA401P2175,MA401P2175,88.5,0.0,0.0,0.0,7,88.5,90.0,28,77.5,80.0,88.5,79.5,92.0,7866.0,409
2023-05-10 22:19:12,MA401P2175,MA401P2175,88.5,0.0,0.0,0.0,7,88.5,89.5,10,77.5,80.0,88.5,79.5,92.0,7866.0,409
2023-05-10 22:19:13,MA401P2175,MA401P2175,88.5,0.0,0.0,0.0,7,88.5,90.0,28,77.5,80.0,88.5,79.5,92.0,7866.0,409
2023-05-10 22:19:14,MA401P2175,MA401P2175,88.5,0.0,0.0,0.0,7,88.5,89.5,10,77.5,80.0,88.5,79.5,92.0,7866.0,409
2023-05-10 22:19:15,MA401P2175,MA401P2175,88.5,0.0,0.0,0.0,7,88.5,90.0,28,77.5,80.0,88.5,79.5,92.0,7866.0,409
2023-05-10 22:19:19,MA401P2175,MA401P2175,88.5,0.0,0.0,0.0,17,88.5,90.0,28,77.5,80.0,88.5,79.5,92.0,7866.0,409
2023-05-10 22:19:21,MA401P2175,MA401P2175,88.5,0.0,0.0,0.0,27,88.5,90.0,18,77.5,80.0,88.5,79.5,92.0,7866.0,409
2023-05-10 22:19:24,MA401P2175,MA401P2175,88.5,0.0,0.0,0.0,27,88.5,90.0,28,77.5,80.0,88.5,79.5,92.0,7866.0,409
2023-05-10 22:19:27,MA401P2175,MA401P2175,88.5,0.0,0.0,0.0,7,89.0,90.0,28,77.5,80.0,88.5,79.5,92.0,7866.0,409
2023-05-10 22:19:28,MA401P2175,MA401P2175,89.0,1.0,85.5,1.0,73,89.0,90.0,8,77.5,80.0,89.0,79.5,93.0,7951.5,410
2023-05-10 22:19:29,MA401P2175,MA401P2175,89.0,0.0,0.0,0.0,73,89.0,90.0,18,77.5,80.0,89.0,79.5,93.0,7951.5,410
2023-05-10 22:19:30,MA401P2175,MA401P2175,89.0,0.0,0.0,0.0,73,89.0,90.0,8,77.5,80.0,89.0,79.5,93.0,7951.5,410
2023-05-10 22:19:30,MA401P2175,MA401P2175,89.0,1.0,85.5,1.0,72,89.0,90.0,18,77.5,80.0,89.0,79.5,94.0,8037.0,411
2023-05-10 22:19:31,MA401P2175,MA401P2175,89.0,0.0,0.0,0.0,72,89.0,90.0,8,77.5,80.0,89.0,79.5,94.0,8037.0,411
2023-05-10 22:19:32,MA401P2175,MA401P2175,89.0,0.0,0.0,0.0,72,89.0,90.0,1,77.5,80.0,89.0,79.5,94.0,8037.0,411
2023-05-10 22:19:35,MA401P2175,MA401P2175,89.0,0.0,0.0,0.0,72,89.0,90.0,11,77.5,80.0,89.0,79.5,94.0,8037.0,411
2023-05-10 22:19:36,MA401P2175,MA401P2175,89.0,0.0,0.0,0.0,72,89.0,90.0,1,77.5,80.0,89.0,79.5,94.0,8037.0,411
2023-05-10 22:19:37,MA401P2175,MA401P2175,89.0,0.0,0.0,0.0,82,89.0,90.0,1,77.5,80.0,89.0,79.5,94.0,8037.0,411
2023-05-10 22:19:38,MA401P2175,MA401P2175,89.0,0.0,0.0,0.0,72,89.0,90.0,1,77.5,80.0,89.0,79.5,94.0,8037.0,411
2023-05-10 22:19:41,MA401P2175,MA401P2175,89.0,0.0,0.0,0.0,82,89.0,90.0,1,77.5,80.0,89.0,79.5,94.0,8037.0,411
2023-05-10 22:19:44,MA401P2175,MA401P2175,89.0,0.0,0.0,0.0,72,89.0,90.0,1,77.5,80.0,89.0,79.5,94.0,8037.0,411
2023-05-10 22:19:45,MA401P2175,MA401P2175,89.0,0.0,0.0,0.0,82,89.0,90.0,1,77.5,80.0,89.0,79.5,94.0,8037.0,411
2023-05-10 22:19:59,MA401P2175,MA401P2175,89.0,1.0,85.5,1.0,81,89.0,90.0,1,77.5,80.0,89.0,79.5,95.0,8122.5,412
2023-05-10 22:20:02,MA401P2175,MA401P2175,89.0,1.0,85.5,1.0,80,89.0,90.0,1,77.5,80.0,89.0,79.5,96.0,8208.0,413
2023-05-10 22:20:04,MA401P2175,MA401P2175,89.0,1.0,85.5,1.0,79,89.0,90.0,1,77.5,80.0,89.0,79.5,97.0,8293.5,414
2023-05-10 22:20:09,MA401P2175,MA401P2175,89.0,1.0,85.5,1.0,78,89.0,90.0,1,77.5,80.0,89.0,79.5,98.0,8379.0,415
2023-05-10 22:20:14,MA401P2175,MA401P2175,89.0,1.0,85.5,1.0,77,89.0,90.0,1,77.5,80.0,89.0,79.5,99.0,8464.5,416
2023-05-10 22:20:21,MA401P2175,MA401P2175,89.0,0.0,0.0,0.0,67,89.0,90.0,1,77.5,80.0,89.0,79.5,99.0,8464.5,416
2023-05-10 22:20:25,MA401P2175,MA401P2175,89.0,0.0,0.0,0.0,67,89.0,90.0,8,77.5,80.0,89.0,79.5,99.0,8464.5,416
2023-05-10 22:20:26,MA401P2175,MA401P2175,89.0,0.0,0.0,0.0,77,89.0,90.0,8,77.5,80.0,89.0,79.5,99.0,8464.5,416
2023-05-10 22:20:26,MA401P2175,MA401P2175,89.0,0.0,0.0,0.0,67,89.0,90.0,8,77.5,80.0,89.0,79.5,99.0,8464.5,416
2023-05-10 22:20:28,MA401P2175,MA401P2175,89.0,0.0,0.0,0.0,27,88.5,90.0,8,77.5,80.0,89.0,79.5,99.0,8464.5,416
2023-05-10 22:20:33,MA401P2175,MA401P2175,89.0,0.0,0.0,0.0,27,88.5,90.0,18,77.5,80.0,89.0,79.5,99.0,8464.5,416
2023-05-10 22:20:47,MA401P2175,MA401P2175,89.0,0.0,0.0,0.0,27,88.5,89.0,1,77.5,80.0,89.0,79.5,99.0,8464.5,416
2023-05-10 22:20:48,MA401P2175,MA401P2175,89.0,1.0,135.5,1.0,27,88.5,90.0,18,77.5,80.0,89.0,79.5,100.0,8600.0,417
2023-05-10 22:20:52,MA401P2175,MA401P2175,89.0,0.0,0.0,0.0,27,88.5,89.5,1,77.5,80.0,89.0,79.5,100.0,8600.0,417
2023-05-10 22:20:58,MA401P2175,MA401P2175,89.0,0.0,0.0,0.0,17,88.5,89.5,1,77.5,80.0,89.0,79.5,100.0,8600.0,417
2023-05-10 22:21:51,MA401P2175,MA401P2175,89.0,0.0,0.0,0.0,7,88.5,89.5,1,77.5,80.0,89.0,79.5,100.0,8600.0,417
2023-05-10 22:21:56,MA401P2175,MA401P2175,89.0,0.0,0.0,0.0,7,88.5,89.5,8,77.5,80.0,89.0,79.5,100.0,8600.0,417
2023-05-10 22:22:01,MA401P2175,MA401P2175,89.0,0.0,0.0,0.0,7,88.5,89.0,1,77.5,80.0,89.0,79.5,100.0,8600.0,417
2023-05-10 22:22:37,MA401P2175,MA401P2175,89.0,0.0,0.0,0.0,37,88.0,89.0,1,77.5,80.0,89.0,79.5,100.0,8600.0,417
2023-05-10 22:22:57,MA401P2175,MA401P2175,89.0,0.0,0.0,0.0,37,88.0,88.5,1,77.5,80.0,89.0,79.5,100.0,8600.0,417
2023-05-10 22:22:57,MA401P2175,MA401P2175,88.5,1.0,86.0,1.0,37,88.0,89.0,1,77.5,80.0,89.0,79.5,101.0,8686.0,418
2023-05-10 22:23:00,MA401P2175,MA401P2175,88.5,0.0,0.0,0.0,37,88.0,88.5,1,77.5,80.0,89.0,79.5,101.0,8686.0,418
2023-05-10 22:23:00,MA401P2175,MA401P2175,88.5,1.0,86.0,1.0,37,88.0,89.0,1,77.5,80.0,89.0,79.5,102.0,8772.0,419
2023-05-10 22:23:05,MA401P2175,MA401P2175,88.5,0.0,0.0,0.0,10,88.5,89.0,1,77.5,80.0,89.0,79.5,102.0,8772.0,419
2023-05-10 22:23:08,MA401P2175,MA401P2175,89.0,1.0,86.0,1.0,10,88.5,89.5,8,77.5,80.0,89.0,79.5,103.0,8858.0,420
2023-05-10 22:23:10,MA401P2175,MA401P2175,89.0,0.0,0.0,0.0,17,88.5,89.5,8,77.5,80.0,89.0,79.5,103.0,8858.0,420
2023-05-10 22:23:14,MA401P2175,MA401P2175,89.0,0.0,0.0,0.0,17,88.5,89.5,1,77.5,80.0,89.0,79.5,103.0,8858.0,420
2023-05-10 22:23:31,MA401P2175,MA401P2175,89.0,0.0,0.0,0.0,27,88.5,89.5,1,77.5,80.0,89.0,79.5,103.0,8858.0,420
2023-05-10 22:23:37,MA401P2175,MA401P2175,89.0,0.0,0.0,0.0,27,88.5,89.0,1,77.5,80.0,89.0,79.5,103.0,8858.0,420
2023-05-10 22:23:37,MA401P2175,MA401P2175,89.0,1.0,86.0,1.0,27,88.5,89.5,1,77.5,80.0,89.0,79.5,104.0,8944.0,421
2023-05-10 22:23:59,MA401P2175,MA401P2175,89.0,0.0,0.0,0.0,27,88.5,89.0,1,77.5,80.0,89.0,79.5,104.0,8944.0,421
2023-05-10 22:24:00,MA401P2175,MA401P2175,89.0,1.0,86.0,1.0,27,88.5,89.5,1,77.5,80.0,89.0,79.5,105.0,9030.0,422
2023-05-10 22:24:10,MA401P2175,MA401P2175,89.0,0.0,0.0,0.0,17,88.5,89.5,1,77.5,80.0,89.0,79.5,105.0,9030.0,422
2023-05-10 22:24:10,MA401P2175,MA401P2175,89.0,0.0,0.0,0.0,27,88.5,89.5,1,77.5,80.0,89.0,79.5,105.0,9030.0,422
2023-05-10 22:24:11,MA401P2175,MA401P2175,89.0,0.0,0.0,0.0,17,88.5,89.5,1,77.5,80.0,89.0,79.5,105.0,9030.0,422
2023-05-10 22:24:11,MA401P2175,MA401P2175,89.0,0.0,0.0,0.0,27,88.5,89.5,1,77.5,80.0,89.0,79.5,105.0,9030.0,422
2023-05-10 22:24:16,MA401P2175,MA401P2175,89.0,0.0,0.0,0.0,27,88.5,89.0,1,77.5,80.0,89.0,79.5,105.0,9030.0,422
2023-05-10 22:24:21,MA401P2175,MA401P2175,89.0,0.0,0.0,0.0,17,88.5,89.0,1,77.5,80.0,89.0,79.5,105.0,9030.0,422
2023-05-10 22:24:22,MA401P2175,MA401P2175,89.0,0.0,0.0,0.0,7,88.5,89.0,1,77.5,80.0,89.0,79.5,105.0,9030.0,422
2023-05-10 22:24:39,MA401P2175,MA401P2175,89.0,0.0,0.0,0.0,17,88.5,89.0,1,77.5,80.0,89.0,79.5,105.0,9030.0,422
2023-05-10 22:24:56,MA401P2175,MA401P2175,89.0,1.0,86.0,1.0,17,88.5,89.5,8,77.5,80.0,89.0,79.5,106.0,9116.0,423
2023-05-10 22:25:29,MA401P2175,MA401P2175,89.0,0.0,0.0,0.0,17,88.5,89.0,1,77.5,80.0,89.0,79.5,106.0,9116.0,423
2023-05-10 22:25:39,MA401P2175,MA401P2175,89.0,0.0,0.0,0.0,7,88.5,89.0,1,77.5,80.0,89.0,79.5,106.0,9116.0,423
2023-05-10 22:25:44,MA401P2175,MA401P2175,89.0,0.0,0.0,0.0,17,88.5,89.0,1,77.5,80.0,89.0,79.5,106.0,9116.0,423
2023-05-10 22:25:48,MA401P2175,MA401P2175,88.5,1.0,86.0,1.0,38,88.5,89.0,1,77.5,80.0,89.0,79.5,107.0,9202.0,424
2023-05-10 22:25:49,MA401P2175,MA401P2175,89.0,1.0,86.0,1.0,38,88.5,89.5,8,77.5,80.0,89.0,79.5,108.0,9288.0,425
2023-05-10 22:25:59,MA401P2175,MA401P2175,89.0,0.0,0.0,0.0,38,88.5,89.0,1,77.5,80.0,89.0,79.5,108.0,9288.0,425
2023-05-10 22:26:13,MA401P2175,MA401P2175,89.0,0.0,0.0,0.0,28,88.5,89.0,1,77.5,80.0,89.0,79.5,108.0,9288.0,425
2023-05-10 22:26:13,MA401P2175,MA401P2175,89.0,0.0,0.0,0.0,38,88.5,89.0,1,77.5,80.0,89.0,79.5,108.0,9288.0,425
2023-05-10 22:26:21,MA401P2175,MA401P2175,89.0,1.0,86.0,1.0,38,88.5,89.5,8,77.5,80.0,89.0,79.5,109.0,9374.0,426
2023-05-10 22:26:41,MA401P2175,MA401P2175,89.0,0.0,0.0,0.0,38,88.5,89.0,1,77.5,80.0,89.0,79.5,109.0,9374.0,426
2023-05-10 22:26:42,MA401P2175,MA401P2175,89.0,0.0,0.0,0.0,28,88.5,89.0,1,77.5,80.0,89.0,79.5,109.0,9374.0,426
2023-05-10 22:26:47,MA401P2175,MA401P2175,89.0,0.0,0.0,0.0,38,88.5,89.0,1,77.5,80.0,89.0,79.5,109.0,9374.0,426
2023-05-10 22:26:49,MA401P2175,MA401P2175,89.0,0.0,0.0,0.0,28,88.5,89.0,1,77.5,80.0,89.0,79.5,109.0,9374.0,426
2023-05-10 22:27:01,MA401P2175,MA401P2175,89.0,0.0,0.0,0.0,6,88.5,89.0,1,77.5,80.0,89.0,79.5,109.0,9374.0,426
2023-05-10 22:27:12,MA401P2175,MA401P2175,89.0,0.0,0.0,0.0,37,88.0,89.0,1,77.5,80.0,89.0,79.5,109.0,9374.0,426
2023-05-10 22:28:11,MA401P2175,MA401P2175,89.0,0.0,0.0,0.0,37,88.0,88.5,1,77.5,80.0,89.0,79.5,109.0,9374.0,426
2023-05-10 22:28:45,MA401P2175,MA401P2175,89.0,0.0,0.0,0.0,27,88.0,88.5,1,77.5,80.0,89.0,79.5,109.0,9374.0,426
2023-05-10 22:28:45,MA401P2175,MA401P2175,89.0,0.0,0.0,0.0,17,88.0,88.5,1,77.5,80.0,89.0,79.5,109.0,9374.0,426
2023-05-10 22:28:48,MA401P2175,MA401P2175,89.0,0.0,0.0,0.0,27,88.0,88.5,1,77.5,80.0,89.0,79.5,109.0,9374.0,426
2023-05-10 22:28:50,MA401P2175,MA401P2175,88.0,1.0,86.0,1.0,26,88.0,88.5,1,77.5,80.0,89.0,79.5,110.0,9460.0,427
2023-05-10 22:28:51,MA401P2175,MA401P2175,88.0,0.0,0.0,0.0,16,88.0,88.5,1,77.5,80.0,89.0,79.5,110.0,9460.0,427
2023-05-10 22:28:57,MA401P2175,MA401P2175,88.0,0.0,0.0,0.0,26,88.0,88.5,1,77.5,80.0,89.0,79.5,110.0,9460.0,427
2023-05-10 22:29:05,MA401P2175,MA401P2175,88.0,0.0,0.0,0.0,26,88.0,89.0,7,77.5,80.0,89.0,79.5,110.0,9460.0,427
2023-05-10 22:29:17,MA401P2175,MA401P2175,88.0,0.0,0.0,0.0,16,88.0,89.0,7,77.5,80.0,89.0,79.5,110.0,9460.0,427
2023-05-10 22:29:20,MA401P2175,MA401P2175,88.0,0.0,0.0,0.0,26,88.0,89.0,7,77.5,80.0,89.0,79.5,110.0,9460.0,427
2023-05-10 22:29:21,MA401P2175,MA401P2175,88.0,0.0,0.0,0.0,16,88.0,89.0,7,77.5,80.0,89.0,79.5,110.0,9460.0,427
2023-05-10 22:29:27,MA401P2175,MA401P2175,88.0,0.0,0.0,0.0,26,88.0,89.0,7,77.5,80.0,89.0,79.5,110.0,9460.0,427
2023-05-10 22:29:31,MA401P2175,MA401P2175,88.0,0.0,0.0,0.0,16,88.0,89.0,7,77.5,80.0,89.0,79.5,110.0,9460.0,427
2023-05-10 22:29:37,MA401P2175,MA401P2175,88.0,0.0,0.0,0.0,6,88.0,89.0,7,77.5,80.0,89.0,79.5,110.0,9460.0,427
2023-05-10 22:29:39,MA401P2175,MA401P2175,88.0,0.0,0.0,0.0,6,88.0,89.0,17,77.5,80.0,89.0,79.5,110.0,9460.0,427
2023-05-10 22:29:54,MA401P2175,MA401P2175,88.0,0.0,0.0,0.0,6,88.0,89.0,7,77.5,80.0,89.0,79.5,110.0,9460.0,427
2023-05-10 22:29:58,MA401P2175,MA401P2175,88.0,0.0,0.0,0.0,6,88.0,89.0,17,77.5,80.0,89.0,79.5,110.0,9460.0,427
2023-05-10 22:29:59,MA401P2175,MA401P2175,88.0,0.0,0.0,0.0,6,88.0,89.0,7,77.5,80.0,89.0,79.5,110.0,9460.0,427
2023-05-10 22:30:00,MA401P2175,MA401P2175,88.0,0.0,0.0,0.0,27,87.5,89.0,17,77.5,80.0,89.0,79.5,110.0,9460.0,427
2023-05-10 22:30:01,MA401P2175,MA401P2175,88.0,0.0,0.0,0.0,17,87.5,89.0,17,77.5,80.0,89.0,79.5,110.0,9460.0,427
2023-05-10 22:30:01,MA401P2175,MA401P2175,88.0,0.0,0.0,0.0,17,87.5,89.0,27,77.5,80.0,89.0,79.5,110.0,9460.0,427
2023-05-10 22:30:03,MA401P2175,MA401P2175,88.0,0.0,0.0,0.0,17,87.0,88.5,7,77.5,80.0,89.0,79.5,110.0,9460.0,427
2023-05-10 22:30:03,MA401P2175,MA401P2175,88.0,0.0,0.0,0.0,17,87.0,88.5,17,77.5,80.0,89.0,79.5,110.0,9460.0,427
2023-05-10 22:30:08,MA401P2175,MA401P2175,88.0,0.0,0.0,0.0,27,87.0,88.5,7,77.5,80.0,89.0,79.5,110.0,9460.0,427
2023-05-10 22:30:09,MA401P2175,MA401P2175,88.0,0.0,0.0,0.0,27,87.0,88.5,17,77.5,80.0,89.0,79.5,110.0,9460.0,427
2023-05-10 22:30:09,MA401P2175,MA401P2175,88.0,0.0,0.0,0.0,17,87.0,88.5,7,77.5,80.0,89.0,79.5,110.0,9460.0,427
2023-05-10 22:30:16,MA401P2175,MA401P2175,88.0,0.0,0.0,0.0,27,87.0,88.5,17,77.5,80.0,89.0,79.5,110.0,9460.0,427
2023-05-10 22:30:46,MA401P2175,MA401P2175,88.0,0.0,0.0,0.0,27,87.0,88.5,27,77.5,80.0,89.0,79.5,110.0,9460.0,427
2023-05-10 22:30:46,MA401P2175,MA401P2175,88.0,0.0,0.0,0.0,27,87.0,88.5,17,77.5,80.0,89.0,79.5,110.0,9460.0,427
2023-05-10 22:30:47,MA401P2175,MA401P2175,88.0,0.0,0.0,0.0,27,87.0,88.5,27,77.5,80.0,89.0,79.5,110.0,9460.0,427
2023-05-10 22:30:47,MA401P2175,MA401P2175,88.0,0.0,0.0,0.0,27,87.0,88.5,17,77.5,80.0,89.0,79.5,110.0,9460.0,427
2023-05-10 22:30:51,MA401P2175,MA401P2175,88.0,0.0,0.0,0.0,27,87.0,88.0,7,77.5,80.0,89.0,79.5,110.0,9460.0,427
2023-05-10 22:30:57,MA401P2175,MA401P2175,88.0,0.0,0.0,0.0,17,87.0,88.0,7,77.5,80.0,89.0,79.5,110.0,9460.0,427
2023-05-10 22:31:07,MA401P2175,MA401P2175,88.0,0.0,0.0,0.0,27,87.0,88.0,7,77.5,80.0,89.0,79.5,110.0,9460.0,427
2023-05-10 22:31:09,MA401P2175,MA401P2175,88.0,0.0,0.0,0.0,17,87.0,88.0,7,77.5,80.0,89.0,79.5,110.0,9460.0,427
2023-05-10 22:31:14,MA401P2175,MA401P2175,88.0,0.0,0.0,0.0,17,87.0,88.5,17,77.5,80.0,89.0,79.5,110.0,9460.0,427
2023-05-10 22:31:44,MA401P2175,MA401P2175,88.0,0.0,0.0,0.0,7,87.5,88.5,17,77.5,80.0,89.0,79.5,110.0,9460.0,427
2023-05-10 22:31:44,MA401P2175,MA401P2175,88.0,0.0,0.0,0.0,7,87.5,88.5,7,77.5,80.0,89.0,79.5,110.0,9460.0,427
2023-05-10 22:32:09,MA401P2175,MA401P2175,88.0,0.0,0.0,0.0,17,87.5,88.5,7,77.5,80.0,89.0,79.5,110.0,9460.0,427
2023-05-10 22:32:17,MA401P2175,MA401P2175,88.0,0.0,0.0,0.0,7,87.5,88.5,7,77.5,80.0,89.0,79.5,110.0,9460.0,427
2023-05-10 22:32:21,MA401P2175,MA401P2175,88.0,0.0,0.0,0.0,17,87.5,88.5,7,77.5,80.0,89.0,79.5,110.0,9460.0,427
2023-05-10 22:32:22,MA401P2175,MA401P2175,88.0,0.0,0.0,0.0,7,87.5,88.5,7,77.5,80.0,89.0,79.5,110.0,9460.0,427
2023-05-10 22:33:15,MA401P2175,MA401P2175,88.0,0.0,0.0,0.0,7,87.5,88.5,17,77.5,80.0,89.0,79.5,110.0,9460.0,427
2023-05-10 22:33:16,MA401P2175,MA401P2175,88.0,0.0,0.0,0.0,27,87.0,88.5,17,77.5,80.0,89.0,79.5,110.0,9460.0,427
2023-05-10 22:33:18,MA401P2175,MA401P2175,88.0,0.0,0.0,0.0,27,87.0,88.5,7,77.5,80.0,89.0,79.5,110.0,9460.0,427
2023-05-10 22:33:23,MA401P2175,MA401P2175,88.0,0.0,0.0,0.0,27,87.0,88.5,17,77.5,80.0,89.0,79.5,110.0,9460.0,427
2023-05-10 22:33:24,MA401P2175,MA401P2175,88.0,0.0,0.0,0.0,27,87.0,88.5,7,77.5,80.0,89.0,79.5,110.0,9460.0,427
2023-05-10 22:33:24,MA401P2175,MA401P2175,88.0,0.0,0.0,0.0,27,87.0,88.5,17,77.5,80.0,89.0,79.5,110.0,9460.0,427
2023-05-10 22:33:25,MA401P2175,MA401P2175,88.0,0.0,0.0,0.0,27,87.0,88.5,7,77.5,80.0,89.0,79.5,110.0,9460.0,427
2023-05-10 22:33:31,MA401P2175,MA401P2175,88.0,0.0,0.0,0.0,10,87.5,88.5,7,77.5,80.0,89.0,79.5,110.0,9460.0,427
2023-05-10 22:33:42,MA401P2175,MA401P2175,88.0,0.0,0.0,0.0,17,87.5,88.5,7,77.5,80.0,89.0,79.5,110.0,9460.0,427
2023-05-10 22:33:54,MA401P2175,MA401P2175,88.0,0.0,0.0,0.0,17,87.5,89.0,37,77.5,80.0,89.0,79.5,110.0,9460.0,427
2023-05-10 22:33:54,MA401P2175,MA401P2175,88.0,0.0,0.0,0.0,27,87.5,89.0,7,77.5,80.0,89.0,79.5,110.0,9460.0,427
2023-05-10 22:33:55,MA401P2175,MA401P2175,88.0,0.0,0.0,0.0,27,87.5,89.0,27,77.5,80.0,89.0,79.5,110.0,9460.0,427
2023-05-10 22:33:57,MA401P2175,MA401P2175,88.0,0.0,0.0,0.0,17,87.5,89.0,27,77.5,80.0,89.0,79.5,110.0,9460.0,427
2023-05-10 22:34:01,MA401P2175,MA401P2175,88.0,0.0,0.0,0.0,27,87.5,89.0,7,77.5,80.0,89.0,79.5,110.0,9460.0,427
2023-05-10 22:34:02,MA401P2175,MA401P2175,88.0,0.0,0.0,0.0,27,87.5,89.0,17,77.5,80.0,89.0,79.5,110.0,9460.0,427
2023-05-10 22:34:02,MA401P2175,MA401P2175,88.0,0.0,0.0,0.0,27,87.5,89.0,27,77.5,80.0,89.0,79.5,110.0,9460.0,427
2023-05-10 22:34:04,MA401P2175,MA401P2175,88.0,0.0,0.0,0.0,27,87.5,89.0,17,77.5,80.0,89.0,79.5,110.0,9460.0,427
2023-05-10 22:34:07,MA401P2175,MA401P2175,88.0,0.0,0.0,0.0,27,87.5,88.0,1,77.5,80.0,89.0,79.5,110.0,9460.0,427
2023-05-10 22:34:07,MA401P2175,MA401P2175,88.0,1.0,86.0,1.0,27,87.5,89.0,17,77.5,80.0,89.0,79.5,111.0,9546.0,428
2023-05-10 22:34:08,MA401P2175,MA401P2175,88.0,0.0,0.0,0.0,27,87.5,89.0,27,77.5,80.0,89.0,79.5,111.0,9546.0,428
2023-05-10 22:34:12,MA401P2175,MA401P2175,88.0,0.0,0.0,0.0,10,88.0,89.0,17,77.5,80.0,89.0,79.5,111.0,9546.0,428
2023-05-10 22:34:16,MA401P2175,MA401P2175,88.0,0.0,0.0,0.0,10,88.0,88.5,1,77.5,80.0,89.0,79.5,111.0,9546.0,428
2023-05-10 22:34:36,MA401P2175,MA401P2175,88.0,0.0,0.0,0.0,27,87.5,88.5,1,77.5,80.0,89.0,79.5,111.0,9546.0,428
2023-05-10 22:34:50,MA401P2175,MA401P2175,88.0,0.0,0.0,0.0,27,87.5,88.5,8,77.5,80.0,89.0,79.5,111.0,9546.0,428
2023-05-10 22:34:51,MA401P2175,MA401P2175,88.0,0.0,0.0,0.0,17,87.5,88.5,8,77.5,80.0,89.0,79.5,111.0,9546.0,428
2023-05-10 22:36:27,MA401P2175,MA401P2175,88.0,0.0,0.0,0.0,7,87.5,88.5,8,77.5,80.0,89.0,79.5,111.0,9546.0,428
2023-05-10 22:36:27,MA401P2175,MA401P2175,88.0,0.0,0.0,0.0,17,87.5,88.5,8,77.5,80.0,89.0,79.5,111.0,9546.0,428
2023-05-10 22:36:30,MA401P2175,MA401P2175,88.0,0.0,0.0,0.0,7,87.5,88.5,8,77.5,80.0,89.0,79.5,111.0,9546.0,428
2023-05-10 22:36:49,MA401P2175,MA401P2175,88.0,0.0,0.0,0.0,17,87.5,88.5,8,77.5,80.0,89.0,79.5,111.0,9546.0,428
2023-05-10 22:36:52,MA401P2175,MA401P2175,88.0,0.0,0.0,0.0,37,87.0,88.5,8,77.5,80.0,89.0,79.5,111.0,9546.0,428
2023-05-10 22:36:59,MA401P2175,MA401P2175,88.0,0.0,0.0,0.0,10,87.5,88.5,8,77.5,80.0,89.0,79.5,111.0,9546.0,428
2023-05-10 22:37:14,MA401P2175,MA401P2175,88.0,0.0,0.0,0.0,17,87.5,88.5,8,77.5,80.0,89.0,79.5,111.0,9546.0,428
2023-05-10 22:37:23,MA401P2175,MA401P2175,88.0,0.0,0.0,0.0,17,87.5,88.5,1,77.5,80.0,89.0,79.5,111.0,9546.0,428
2023-05-10 22:37:41,MA401P2175,MA401P2175,88.0,0.0,0.0,0.0,17,87.5,89.0,17,77.5,80.0,89.0,79.5,111.0,9546.0,428
2023-05-10 22:37:56,MA401P2175,MA401P2175,88.0,0.0,0.0,0.0,27,87.5,89.0,7,77.5,80.0,89.0,79.5,111.0,9546.0,428
2023-05-10 22:37:57,MA401P2175,MA401P2175,88.0,0.0,0.0,0.0,27,87.5,89.0,17,77.5,80.0,89.0,79.5,111.0,9546.0,428
2023-05-10 22:38:01,MA401P2175,MA401P2175,88.0,0.0,0.0,0.0,7,88.0,89.0,7,77.5,80.0,89.0,79.5,111.0,9546.0,428
2023-05-10 22:38:03,MA401P2175,MA401P2175,88.0,0.0,0.0,0.0,7,88.0,89.0,17,77.5,80.0,89.0,79.5,111.0,9546.0,428
2023-05-10 22:38:05,MA401P2175,MA401P2175,88.0,0.0,0.0,0.0,7,88.0,89.0,7,77.5,80.0,89.0,79.5,111.0,9546.0,428
2023-05-10 22:38:05,MA401P2175,MA401P2175,88.0,0.0,0.0,0.0,17,88.0,89.0,7,77.5,80.0,89.0,79.5,111.0,9546.0,428
2023-05-10 22:38:09,MA401P2175,MA401P2175,88.0,0.0,0.0,0.0,7,88.0,89.0,7,77.5,80.0,89.0,79.5,111.0,9546.0,428
2023-05-10 22:38:09,MA401P2175,MA401P2175,88.0,0.0,0.0,0.0,17,88.0,89.0,7,77.5,80.0,89.0,79.5,111.0,9546.0,428
2023-05-10 22:38:19,MA401P2175,MA401P2175,88.0,0.0,0.0,0.0,17,88.0,89.5,30,77.5,80.0,89.0,79.5,111.0,9546.0,428
2023-05-10 22:38:19,MA401P2175,MA401P2175,88.0,0.0,0.0,0.0,17,88.0,89.5,20,77.5,80.0,89.0,79.5,111.0,9546.0,428
2023-05-10 22:38:24,MA401P2175,MA401P2175,88.0,0.0,0.0,0.0,27,88.0,89.5,10,77.5,80.0,89.0,79.5,111.0,9546.0,428
2023-05-10 22:38:27,MA401P2175,MA401P2175,88.0,0.0,0.0,0.0,27,88.0,90.0,28,77.5,80.0,89.0,79.5,111.0,9546.0,428
2023-05-10 22:38:28,MA401P2175,MA401P2175,88.0,0.0,0.0,0.0,27,88.0,89.5,10,77.5,80.0,89.0,79.5,111.0,9546.0,428
2023-05-10 22:38:29,MA401P2175,MA401P2175,88.0,0.0,0.0,0.0,27,88.0,90.0,28,77.5,80.0,89.0,79.5,111.0,9546.0,428
2023-05-10 22:38:30,MA401P2175,MA401P2175,88.0,0.0,0.0,0.0,27,88.0,89.5,10,77.5,80.0,89.0,79.5,111.0,9546.0,428
2023-05-10 22:38:30,MA401P2175,MA401P2175,88.0,0.0,0.0,0.0,27,88.0,90.0,28,77.5,80.0,89.0,79.5,111.0,9546.0,428
2023-05-10 22:38:31,MA401P2175,MA401P2175,88.0,0.0,0.0,0.0,27,88.0,89.5,10,77.5,80.0,89.0,79.5,111.0,9546.0,428
2023-05-10 22:38:32,MA401P2175,MA401P2175,88.0,0.0,0.0,0.0,27,88.0,90.0,28,77.5,80.0,89.0,79.5,111.0,9546.0,428
2023-05-10 22:38:33,MA401P2175,MA401P2175,88.0,0.0,0.0,0.0,27,88.0,89.5,10,77.5,80.0,89.0,79.5,111.0,9546.0,428
2023-05-10 22:38:36,MA401P2175,MA401P2175,88.0,0.0,0.0,0.0,27,88.0,89.5,17,77.5,80.0,89.0,79.5,111.0,9546.0,428
2023-05-10 22:39:04,MA401P2175,MA401P2175,88.0,0.0,0.0,0.0,27,88.0,89.5,27,77.5,80.0,89.0,79.5,111.0,9546.0,428
2023-05-10 22:39:15,MA401P2175,MA401P2175,88.0,0.0,0.0,0.0,17,88.0,89.5,27,77.5,80.0,89.0,79.5,111.0,9546.0,428
2023-05-10 22:39:35,MA401P2175,MA401P2175,88.0,0.0,0.0,0.0,7,88.0,89.0,7,77.5,80.0,89.0,79.5,111.0,9546.0,428
2023-05-10 22:39:42,MA401P2175,MA401P2175,88.0,0.0,0.0,0.0,7,88.0,89.0,17,77.5,80.0,89.0,79.5,111.0,9546.0,428
