time,symbol_id,symbol_name,last,trade_volume,trade_amount,open_interest_change,bv1,bp1,ap1,av1,yesterday_close,today_open,today_high,today_low,volume,amount,open_interest
2023-05-10 19:12:58,MA401C2350,MA401C2350,137.0,0.0,0.0,-4.0,0,0.0,0.0,0,137.0,140.0,0.0,0.0,0.0,0.0,38
2023-05-10 20:59:00,MA401C2350,MA401C2350,137.0,0.0,0.0,0.0,1,130.0,150.0,1,137.0,140.0,0.0,0.0,0.0,0.0,38
2023-05-10 21:01:18,MA401C2350,MA401C2350,137.0,0.0,0.0,0.0,7,139.5,150.0,1,137.0,140.0,0.0,0.0,0.0,0.0,38
2023-05-10 21:01:19,MA401C2350,MA401C2350,137.0,0.0,0.0,0.0,7,139.5,143.5,7,137.0,140.0,0.0,0.0,0.0,0.0,38
2023-05-10 21:01:29,MA401C2350,MA401C2350,137.0,0.0,0.0,0.0,7,139.5,143.0,7,137.0,140.0,0.0,0.0,0.0,0.0,38
2023-05-10 21:01:37,MA401C2350,MA401C2350,137.0,0.0,0.0,0.0,1,130.0,142.5,7,137.0,140.0,0.0,0.0,0.0,0.0,38
2023-05-10 21:01:37,MA401C2350,MA401C2350,137.0,0.0,0.0,0.0,7,138.5,142.5,7,137.0,140.0,0.0,0.0,0.0,0.0,38
2023-05-10 21:01:44,MA401C2350,MA401C2350,137.0,0.0,0.0,0.0,7,138.5,142.0,7,137.0,140.0,0.0,0.0,0.0,0.0,38
2023-05-10 21:02:45,MA401C2350,MA401C2350,137.0,0.0,0.0,0.0,7,139.0,142.0,7,137.0,140.0,0.0,0.0,0.0,0.0,38
2023-05-10 21:03:00,MA401C2350,MA401C2350,137.0,0.0,0.0,0.0,7,139.0,142.5,7,137.0,140.0,0.0,0.0,0.0,0.0,38
2023-05-10 21:03:56,MA401C2350,MA401C2350,137.0,0.0,0.0,0.0,7,139.0,142.0,7,137.0,140.0,0.0,0.0,0.0,0.0,38
2023-05-10 21:04:26,MA401C2350,MA401C2350,137.0,0.0,0.0,0.0,7,138.5,142.0,7,137.0,140.0,0.0,0.0,0.0,0.0,38
2023-05-10 21:04:27,MA401C2350,MA401C2350,137.0,0.0,0.0,0.0,7,138.5,141.5,7,137.0,140.0,0.0,0.0,0.0,0.0,38
2023-05-10 21:04:29,MA401C2350,MA401C2350,137.0,0.0,0.0,0.0,10,132.0,141.5,7,137.0,140.0,0.0,0.0,0.0,0.0,38
2023-05-10 21:04:36,MA401C2350,MA401C2350,137.0,0.0,0.0,0.0,7,137.5,141.5,7,137.0,140.0,0.0,0.0,0.0,0.0,38
2023-05-10 21:04:52,MA401C2350,MA401C2350,137.0,0.0,0.0,0.0,7,137.5,141.0,7,137.0,140.0,0.0,0.0,0.0,0.0,38
2023-05-10 21:06:06,MA401C2350,MA401C2350,137.0,0.0,0.0,0.0,7,138.0,141.0,7,137.0,140.0,0.0,0.0,0.0,0.0,38
2023-05-10 21:06:07,MA401C2350,MA401C2350,137.0,0.0,0.0,0.0,7,138.0,141.5,7,137.0,140.0,0.0,0.0,0.0,0.0,38
2023-05-10 21:06:11,MA401C2350,MA401C2350,137.0,0.0,0.0,0.0,7,138.5,141.5,7,137.0,140.0,0.0,0.0,0.0,0.0,38
2023-05-10 21:08:17,MA401C2350,MA401C2350,137.0,0.0,0.0,0.0,7,138.5,141.0,7,137.0,140.0,0.0,0.0,0.0,0.0,38
2023-05-10 21:08:19,MA401C2350,MA401C2350,137.0,0.0,0.0,0.0,7,138.0,141.0,7,137.0,140.0,0.0,0.0,0.0,0.0,38
2023-05-10 21:09:13,MA401C2350,MA401C2350,137.0,0.0,0.0,0.0,7,138.0,141.0,17,137.0,140.0,0.0,0.0,0.0,0.0,38
2023-05-10 21:09:13,MA401C2350,MA401C2350,137.0,0.0,0.0,0.0,7,138.0,140.5,7,137.0,140.0,0.0,0.0,0.0,0.0,38
2023-05-10 21:09:29,MA401C2350,MA401C2350,137.0,0.0,0.0,0.0,17,136.5,140.5,7,137.0,140.0,0.0,0.0,0.0,0.0,38
2023-05-10 21:09:58,MA401C2350,MA401C2350,137.0,0.0,0.0,0.0,17,136.5,140.5,17,137.0,140.0,0.0,0.0,0.0,0.0,38
2023-05-10 21:10:07,MA401C2350,MA401C2350,137.0,0.0,0.0,0.0,7,137.0,140.5,17,137.0,140.0,0.0,0.0,0.0,0.0,38
2023-05-10 21:10:32,MA401C2350,MA401C2350,137.0,0.0,0.0,0.0,7,137.5,140.5,17,137.0,140.0,0.0,0.0,0.0,0.0,38
2023-05-10 21:10:32,MA401C2350,MA401C2350,137.0,0.0,0.0,0.0,7,137.5,140.5,7,137.0,140.0,0.0,0.0,0.0,0.0,38
2023-05-10 21:10:34,MA401C2350,MA401C2350,137.0,0.0,0.0,0.0,5,138.0,140.5,7,137.0,140.0,0.0,0.0,0.0,0.0,38
2023-05-10 21:10:40,MA401C2350,MA401C2350,137.0,0.0,0.0,0.0,5,139.0,140.5,7,137.0,140.0,0.0,0.0,0.0,0.0,38
2023-05-10 21:10:47,MA401C2350,MA401C2350,137.0,0.0,0.0,0.0,5,139.5,140.5,7,137.0,140.0,0.0,0.0,0.0,0.0,38
2023-05-10 21:10:54,MA401C2350,MA401C2350,137.0,0.0,0.0,0.0,5,140.0,140.5,7,137.0,140.0,0.0,0.0,0.0,0.0,38
2023-05-10 21:10:54,MA401C2350,MA401C2350,140.0,5.0,700.0,5.0,7,137.5,140.5,7,137.0,140.0,140.0,140.0,5.0,700.0,43
2023-05-10 21:11:01,MA401C2350,MA401C2350,140.0,0.0,0.0,0.0,25,140.0,140.5,7,137.0,140.0,140.0,140.0,5.0,700.0,43
2023-05-10 21:11:01,MA401C2350,MA401C2350,140.0,3.0,420.0,0.0,22,140.0,140.5,7,137.0,140.0,140.0,140.0,8.0,1120.0,43
2023-05-10 21:11:04,MA401C2350,MA401C2350,140.0,0.0,0.0,0.0,22,140.0,141.0,7,137.0,140.0,140.0,140.0,8.0,1120.0,43
2023-05-10 21:11:54,MA401C2350,MA401C2350,140.0,22.0,3080.0,22.0,17,137.5,141.0,7,137.0,140.0,140.0,140.0,30.0,4200.0,65
2023-05-10 21:11:55,MA401C2350,MA401C2350,140.0,0.0,0.0,0.0,7,138.0,141.0,7,137.0,140.0,140.0,140.0,30.0,4200.0,65
2023-05-10 21:12:08,MA401C2350,MA401C2350,140.0,0.0,0.0,0.0,7,138.0,141.0,17,137.0,140.0,140.0,140.0,30.0,4200.0,65
2023-05-10 21:12:09,MA401C2350,MA401C2350,140.0,0.0,0.0,0.0,7,138.5,141.0,17,137.0,140.0,140.0,140.0,30.0,4200.0,65
2023-05-10 21:12:29,MA401C2350,MA401C2350,140.0,0.0,0.0,0.0,7,138.5,140.5,10,137.0,140.0,140.0,140.0,30.0,4200.0,65
2023-05-10 21:12:46,MA401C2350,MA401C2350,140.0,0.0,0.0,0.0,7,138.5,140.5,17,137.0,140.0,140.0,140.0,30.0,4200.0,65
2023-05-10 21:13:21,MA401C2350,MA401C2350,140.0,0.0,0.0,0.0,7,138.0,140.5,17,137.0,140.0,140.0,140.0,30.0,4200.0,65
2023-05-10 21:13:35,MA401C2350,MA401C2350,140.0,0.0,0.0,0.0,7,138.0,140.0,7,137.0,140.0,140.0,140.0,30.0,4200.0,65
2023-05-10 21:13:35,MA401C2350,MA401C2350,140.0,0.0,0.0,0.0,20,135.5,140.0,17,137.0,140.0,140.0,140.0,30.0,4200.0,65
2023-05-10 21:13:38,MA401C2350,MA401C2350,140.0,0.0,0.0,0.0,7,137.0,140.0,17,137.0,140.0,140.0,140.0,30.0,4200.0,65
2023-05-10 21:13:46,MA401C2350,MA401C2350,140.0,0.0,0.0,0.0,7,137.0,139.5,10,137.0,140.0,140.0,140.0,30.0,4200.0,65
2023-05-10 21:13:50,MA401C2350,MA401C2350,140.0,0.0,0.0,0.0,7,137.0,139.5,17,137.0,140.0,140.0,140.0,30.0,4200.0,65
2023-05-10 21:14:09,MA401C2350,MA401C2350,140.0,0.0,0.0,0.0,7,137.5,139.5,17,137.0,140.0,140.0,140.0,30.0,4200.0,65
2023-05-10 21:14:09,MA401C2350,MA401C2350,140.0,0.0,0.0,0.0,7,137.5,139.5,10,137.0,140.0,140.0,140.0,30.0,4200.0,65
2023-05-10 21:16:09,MA401C2350,MA401C2350,140.0,0.0,0.0,0.0,7,137.5,139.5,17,137.0,140.0,140.0,140.0,30.0,4200.0,65
2023-05-10 21:16:12,MA401C2350,MA401C2350,140.0,0.0,0.0,0.0,7,137.0,139.5,17,137.0,140.0,140.0,140.0,30.0,4200.0,65
2023-05-10 21:16:13,MA401C2350,MA401C2350,140.0,0.0,0.0,0.0,7,137.0,139.0,10,137.0,140.0,140.0,140.0,30.0,4200.0,65
2023-05-10 21:16:21,MA401C2350,MA401C2350,140.0,0.0,0.0,0.0,7,137.0,139.0,17,137.0,140.0,140.0,140.0,30.0,4200.0,65
2023-05-10 21:17:05,MA401C2350,MA401C2350,140.0,0.0,0.0,0.0,10,135.0,139.0,17,137.0,140.0,140.0,140.0,30.0,4200.0,65
2023-05-10 21:17:06,MA401C2350,MA401C2350,140.0,0.0,0.0,0.0,10,134.5,138.5,10,137.0,140.0,140.0,140.0,30.0,4200.0,65
2023-05-10 21:17:08,MA401C2350,MA401C2350,140.0,0.0,0.0,0.0,7,136.0,138.5,10,137.0,140.0,140.0,140.0,30.0,4200.0,65
2023-05-10 21:17:11,MA401C2350,MA401C2350,140.0,0.0,0.0,0.0,7,136.5,138.5,10,137.0,140.0,140.0,140.0,30.0,4200.0,65
2023-05-10 21:17:24,MA401C2350,MA401C2350,140.0,0.0,0.0,0.0,7,136.5,138.5,17,137.0,140.0,140.0,140.0,30.0,4200.0,65
2023-05-10 21:17:24,MA401C2350,MA401C2350,140.0,0.0,0.0,0.0,7,136.5,137.5,10,137.0,140.0,140.0,140.0,30.0,4200.0,65
2023-05-10 21:17:45,MA401C2350,MA401C2350,140.0,0.0,0.0,0.0,7,136.0,137.5,10,137.0,140.0,140.0,140.0,30.0,4200.0,65
2023-05-10 21:18:11,MA401C2350,MA401C2350,140.0,0.0,0.0,0.0,17,136.0,138.0,10,137.0,140.0,140.0,140.0,30.0,4200.0,65
2023-05-10 21:18:12,MA401C2350,MA401C2350,140.0,0.0,0.0,0.0,7,136.0,138.0,10,137.0,140.0,140.0,140.0,30.0,4200.0,65
2023-05-10 21:18:13,MA401C2350,MA401C2350,140.0,0.0,0.0,0.0,7,136.0,137.5,10,137.0,140.0,140.0,140.0,30.0,4200.0,65
2023-05-10 21:18:56,MA401C2350,MA401C2350,140.0,0.0,0.0,0.0,7,136.0,137.0,10,137.0,140.0,140.0,140.0,30.0,4200.0,65
2023-05-10 21:18:59,MA401C2350,MA401C2350,140.0,0.0,0.0,0.0,7,136.0,137.5,10,137.0,140.0,140.0,140.0,30.0,4200.0,65
2023-05-10 21:19:19,MA401C2350,MA401C2350,140.0,0.0,0.0,0.0,17,136.0,138.0,17,137.0,140.0,140.0,140.0,30.0,4200.0,65
2023-05-10 21:19:19,MA401C2350,MA401C2350,140.0,0.0,0.0,0.0,7,136.0,138.0,17,137.0,140.0,140.0,140.0,30.0,4200.0,65
2023-05-10 21:19:21,MA401C2350,MA401C2350,140.0,0.0,0.0,0.0,7,136.0,137.5,10,137.0,140.0,140.0,140.0,30.0,4200.0,65
2023-05-10 21:20:09,MA401C2350,MA401C2350,140.0,0.0,0.0,0.0,7,136.0,137.0,10,137.0,140.0,140.0,140.0,30.0,4200.0,65
2023-05-10 21:20:15,MA401C2350,MA401C2350,140.0,0.0,0.0,0.0,7,136.0,137.5,10,137.0,140.0,140.0,140.0,30.0,4200.0,65
2023-05-10 21:20:18,MA401C2350,MA401C2350,140.0,0.0,0.0,0.0,7,136.0,137.0,10,137.0,140.0,140.0,140.0,30.0,4200.0,65
2023-05-10 21:20:31,MA401C2350,MA401C2350,140.0,0.0,0.0,0.0,7,136.0,137.5,10,137.0,140.0,140.0,140.0,30.0,4200.0,65
2023-05-10 21:20:37,MA401C2350,MA401C2350,140.0,0.0,0.0,0.0,10,135.5,137.5,10,137.0,140.0,140.0,140.0,30.0,4200.0,65
2023-05-10 21:20:38,MA401C2350,MA401C2350,140.0,0.0,0.0,0.0,17,135.0,137.5,10,137.0,140.0,140.0,140.0,30.0,4200.0,65
2023-05-10 21:20:40,MA401C2350,MA401C2350,140.0,0.0,0.0,0.0,17,135.0,137.0,10,137.0,140.0,140.0,140.0,30.0,4200.0,65
2023-05-10 21:20:51,MA401C2350,MA401C2350,140.0,0.0,0.0,0.0,7,135.0,137.0,10,137.0,140.0,140.0,140.0,30.0,4200.0,65
2023-05-10 21:20:56,MA401C2350,MA401C2350,140.0,0.0,0.0,0.0,7,135.0,136.5,10,137.0,140.0,140.0,140.0,30.0,4200.0,65
2023-05-10 21:20:56,MA401C2350,MA401C2350,140.0,0.0,0.0,0.0,7,135.0,136.0,10,137.0,140.0,140.0,140.0,30.0,4200.0,65
2023-05-10 21:20:57,MA401C2350,MA401C2350,140.0,0.0,0.0,0.0,7,135.0,137.0,10,137.0,140.0,140.0,140.0,30.0,4200.0,65
2023-05-10 21:20:57,MA401C2350,MA401C2350,140.0,0.0,0.0,0.0,10,133.5,137.0,10,137.0,140.0,140.0,140.0,30.0,4200.0,65
2023-05-10 21:21:01,MA401C2350,MA401C2350,140.0,0.0,0.0,0.0,20,133.5,137.5,17,137.0,140.0,140.0,140.0,30.0,4200.0,65
2023-05-10 21:21:04,MA401C2350,MA401C2350,140.0,0.0,0.0,0.0,10,134.0,136.5,10,137.0,140.0,140.0,140.0,30.0,4200.0,65
2023-05-10 21:21:04,MA401C2350,MA401C2350,140.0,0.0,0.0,0.0,7,135.0,136.5,10,137.0,140.0,140.0,140.0,30.0,4200.0,65
2023-05-10 21:21:07,MA401C2350,MA401C2350,140.0,0.0,0.0,0.0,17,135.0,137.0,10,137.0,140.0,140.0,140.0,30.0,4200.0,65
2023-05-10 21:21:10,MA401C2350,MA401C2350,140.0,0.0,0.0,0.0,7,135.0,137.0,10,137.0,140.0,140.0,140.0,30.0,4200.0,65
2023-05-10 21:21:11,MA401C2350,MA401C2350,140.0,0.0,0.0,0.0,7,135.5,137.0,10,137.0,140.0,140.0,140.0,30.0,4200.0,65
2023-05-10 21:21:17,MA401C2350,MA401C2350,140.0,0.0,0.0,0.0,7,135.5,136.5,10,137.0,140.0,140.0,140.0,30.0,4200.0,65
2023-05-10 21:21:29,MA401C2350,MA401C2350,140.0,0.0,0.0,0.0,7,135.5,137.0,10,137.0,140.0,140.0,140.0,30.0,4200.0,65
2023-05-10 21:21:39,MA401C2350,MA401C2350,140.0,0.0,0.0,0.0,7,135.5,136.5,10,137.0,140.0,140.0,140.0,30.0,4200.0,65
2023-05-10 21:21:47,MA401C2350,MA401C2350,140.0,0.0,0.0,0.0,7,135.5,137.0,10,137.0,140.0,140.0,140.0,30.0,4200.0,65
2023-05-10 21:22:31,MA401C2350,MA401C2350,140.0,0.0,0.0,0.0,7,135.5,137.5,17,137.0,140.0,140.0,140.0,30.0,4200.0,65
2023-05-10 21:22:34,MA401C2350,MA401C2350,140.0,0.0,0.0,0.0,7,135.5,137.0,10,137.0,140.0,140.0,140.0,30.0,4200.0,65
2023-05-10 21:22:49,MA401C2350,MA401C2350,140.0,0.0,0.0,0.0,7,135.5,136.5,10,137.0,140.0,140.0,140.0,30.0,4200.0,65
2023-05-10 21:22:51,MA401C2350,MA401C2350,140.0,0.0,0.0,0.0,7,135.5,137.0,10,137.0,140.0,140.0,140.0,30.0,4200.0,65
2023-05-10 21:23:10,MA401C2350,MA401C2350,140.0,0.0,0.0,0.0,7,135.5,136.5,10,137.0,140.0,140.0,140.0,30.0,4200.0,65
2023-05-10 21:23:18,MA401C2350,MA401C2350,140.0,0.0,0.0,0.0,7,135.5,137.0,10,137.0,140.0,140.0,140.0,30.0,4200.0,65
2023-05-10 21:23:32,MA401C2350,MA401C2350,140.0,0.0,0.0,0.0,7,135.5,136.5,10,137.0,140.0,140.0,140.0,30.0,4200.0,65
2023-05-10 21:24:07,MA401C2350,MA401C2350,140.0,0.0,0.0,0.0,7,135.5,137.0,10,137.0,140.0,140.0,140.0,30.0,4200.0,65
2023-05-10 21:24:23,MA401C2350,MA401C2350,140.0,0.0,0.0,0.0,17,135.5,137.5,10,137.0,140.0,140.0,140.0,30.0,4200.0,65
2023-05-10 21:24:26,MA401C2350,MA401C2350,140.0,0.0,0.0,0.0,7,135.5,137.5,10,137.0,140.0,140.0,140.0,30.0,4200.0,65
2023-05-10 21:24:29,MA401C2350,MA401C2350,140.0,0.0,0.0,0.0,7,135.5,137.0,10,137.0,140.0,140.0,140.0,30.0,4200.0,65
2023-05-10 21:24:39,MA401C2350,MA401C2350,140.0,0.0,0.0,0.0,7,135.5,136.5,10,137.0,140.0,140.0,140.0,30.0,4200.0,65
2023-05-10 21:24:58,MA401C2350,MA401C2350,140.0,0.0,0.0,0.0,7,135.5,137.0,10,137.0,140.0,140.0,140.0,30.0,4200.0,65
2023-05-10 21:25:46,MA401C2350,MA401C2350,140.0,0.0,0.0,0.0,7,135.5,136.5,10,137.0,140.0,140.0,140.0,30.0,4200.0,65
2023-05-10 21:25:47,MA401C2350,MA401C2350,140.0,0.0,0.0,0.0,7,135.0,136.5,10,137.0,140.0,140.0,140.0,30.0,4200.0,65
2023-05-10 21:26:05,MA401C2350,MA401C2350,136.5,10.0,1360.0,10.0,7,135.5,137.5,7,137.0,140.0,140.0,136.5,40.0,5560.0,75
2023-05-10 21:26:05,MA401C2350,MA401C2350,136.5,0.0,0.0,0.0,7,135.5,137.0,10,137.0,140.0,140.0,136.5,40.0,5560.0,75
2023-05-10 21:26:19,MA401C2350,MA401C2350,136.5,0.0,0.0,0.0,7,135.0,136.5,10,137.0,140.0,140.0,136.5,40.0,5560.0,75
2023-05-10 21:27:11,MA401C2350,MA401C2350,136.5,0.0,0.0,0.0,7,135.0,137.5,7,137.0,140.0,140.0,136.5,40.0,5560.0,75
2023-05-10 21:27:12,MA401C2350,MA401C2350,136.5,0.0,0.0,0.0,7,135.0,137.0,10,137.0,140.0,140.0,136.5,40.0,5560.0,75
2023-05-10 21:28:09,MA401C2350,MA401C2350,136.5,0.0,0.0,0.0,7,135.0,136.5,10,137.0,140.0,140.0,136.5,40.0,5560.0,75
2023-05-10 21:28:14,MA401C2350,MA401C2350,136.5,0.0,0.0,0.0,17,135.0,137.0,10,137.0,140.0,140.0,136.5,40.0,5560.0,75
2023-05-10 21:28:18,MA401C2350,MA401C2350,136.5,0.0,0.0,0.0,7,135.0,137.0,10,137.0,140.0,140.0,136.5,40.0,5560.0,75
2023-05-10 21:29:03,MA401C2350,MA401C2350,136.5,0.0,0.0,0.0,7,135.0,137.5,7,137.0,140.0,140.0,136.5,40.0,5560.0,75
2023-05-10 21:29:33,MA401C2350,MA401C2350,136.5,0.0,0.0,0.0,7,135.0,137.5,17,137.0,140.0,140.0,136.5,40.0,5560.0,75
2023-05-10 21:29:34,MA401C2350,MA401C2350,136.5,0.0,0.0,0.0,10,133.5,137.5,17,137.0,140.0,140.0,136.5,40.0,5560.0,75
2023-05-10 21:29:34,MA401C2350,MA401C2350,136.5,0.0,0.0,0.0,10,133.5,137.0,10,137.0,140.0,140.0,136.5,40.0,5560.0,75
2023-05-10 21:29:36,MA401C2350,MA401C2350,136.5,0.0,0.0,0.0,20,133.0,137.0,10,137.0,140.0,140.0,136.5,40.0,5560.0,75
2023-05-10 21:29:38,MA401C2350,MA401C2350,136.5,0.0,0.0,0.0,10,133.5,137.0,10,137.0,140.0,140.0,136.5,40.0,5560.0,75
2023-05-10 21:29:39,MA401C2350,MA401C2350,136.5,0.0,0.0,0.0,20,133.0,137.0,10,137.0,140.0,140.0,136.5,40.0,5560.0,75
2023-05-10 21:29:40,MA401C2350,MA401C2350,136.5,0.0,0.0,0.0,7,133.5,137.0,10,137.0,140.0,140.0,136.5,40.0,5560.0,75
2023-05-10 21:29:42,MA401C2350,MA401C2350,136.5,0.0,0.0,0.0,7,133.5,136.5,7,137.0,140.0,140.0,136.5,40.0,5560.0,75
2023-05-10 21:29:46,MA401C2350,MA401C2350,136.5,0.0,0.0,0.0,7,133.5,136.5,17,137.0,140.0,140.0,136.5,40.0,5560.0,75
2023-05-10 21:29:48,MA401C2350,MA401C2350,136.5,0.0,0.0,0.0,17,133.5,136.5,17,137.0,140.0,140.0,136.5,40.0,5560.0,75
2023-05-10 21:29:49,MA401C2350,MA401C2350,136.5,0.0,0.0,0.0,7,133.5,136.5,17,137.0,140.0,140.0,136.5,40.0,5560.0,75
2023-05-10 21:29:50,MA401C2350,MA401C2350,136.5,0.0,0.0,0.0,17,133.5,136.5,17,137.0,140.0,140.0,136.5,40.0,5560.0,75
2023-05-10 21:29:50,MA401C2350,MA401C2350,136.5,0.0,0.0,0.0,7,133.5,136.5,17,137.0,140.0,140.0,136.5,40.0,5560.0,75
2023-05-10 21:29:53,MA401C2350,MA401C2350,136.5,0.0,0.0,0.0,7,133.5,136.0,7,137.0,140.0,140.0,136.5,40.0,5560.0,75
2023-05-10 21:30:16,MA401C2350,MA401C2350,136.5,0.0,0.0,0.0,7,134.0,136.5,17,137.0,140.0,140.0,136.5,40.0,5560.0,75
2023-05-10 21:30:32,MA401C2350,MA401C2350,136.5,0.0,0.0,0.0,17,134.0,136.5,17,137.0,140.0,140.0,136.5,40.0,5560.0,75
2023-05-10 21:30:33,MA401C2350,MA401C2350,136.5,0.0,0.0,0.0,7,134.0,136.5,17,137.0,140.0,140.0,136.5,40.0,5560.0,75
2023-05-10 21:30:33,MA401C2350,MA401C2350,136.5,0.0,0.0,0.0,17,134.0,136.5,17,137.0,140.0,140.0,136.5,40.0,5560.0,75
2023-05-10 21:30:34,MA401C2350,MA401C2350,136.5,0.0,0.0,0.0,7,134.0,136.5,17,137.0,140.0,140.0,136.5,40.0,5560.0,75
2023-05-10 21:30:35,MA401C2350,MA401C2350,136.5,0.0,0.0,0.0,17,134.0,136.5,17,137.0,140.0,140.0,136.5,40.0,5560.0,75
2023-05-10 21:30:36,MA401C2350,MA401C2350,136.5,0.0,0.0,0.0,7,134.0,136.5,17,137.0,140.0,140.0,136.5,40.0,5560.0,75
2023-05-10 21:30:48,MA401C2350,MA401C2350,136.5,0.0,0.0,0.0,7,134.0,136.5,7,137.0,140.0,140.0,136.5,40.0,5560.0,75
2023-05-10 21:30:50,MA401C2350,MA401C2350,136.5,0.0,0.0,0.0,17,134.0,136.5,7,137.0,140.0,140.0,136.5,40.0,5560.0,75
2023-05-10 21:30:51,MA401C2350,MA401C2350,136.5,0.0,0.0,0.0,7,134.5,137.5,17,137.0,140.0,140.0,136.5,40.0,5560.0,75
2023-05-10 21:31:04,MA401C2350,MA401C2350,136.5,0.0,0.0,0.0,7,134.5,137.0,7,137.0,140.0,140.0,136.5,40.0,5560.0,75
2023-05-10 21:31:06,MA401C2350,MA401C2350,136.5,0.0,0.0,0.0,7,134.5,136.0,10,137.0,140.0,140.0,136.5,40.0,5560.0,75
2023-05-10 21:31:10,MA401C2350,MA401C2350,136.5,0.0,0.0,0.0,17,134.5,136.5,10,137.0,140.0,140.0,136.5,40.0,5560.0,75
2023-05-10 21:32:30,MA401C2350,MA401C2350,136.5,0.0,0.0,0.0,1,136.0,136.5,10,137.0,140.0,140.0,136.5,40.0,5560.0,75
2023-05-10 21:32:38,MA401C2350,MA401C2350,136.5,0.0,0.0,0.0,1,136.0,137.0,17,137.0,140.0,140.0,136.5,40.0,5560.0,75
2023-05-10 21:32:43,MA401C2350,MA401C2350,136.0,1.0,139.0,0.0,17,134.5,137.0,17,137.0,140.0,140.0,136.0,41.0,5699.0,75
2023-05-10 21:32:43,MA401C2350,MA401C2350,136.0,0.0,0.0,0.0,17,134.5,136.5,10,137.0,140.0,140.0,136.0,41.0,5699.0,75
2023-05-10 21:32:48,MA401C2350,MA401C2350,136.0,0.0,0.0,0.0,7,134.5,136.5,10,137.0,140.0,140.0,136.0,41.0,5699.0,75
2023-05-10 21:32:50,MA401C2350,MA401C2350,136.0,0.0,0.0,0.0,7,134.5,136.0,10,137.0,140.0,140.0,136.0,41.0,5699.0,75
2023-05-10 21:32:56,MA401C2350,MA401C2350,136.0,0.0,0.0,0.0,17,134.0,136.0,10,137.0,140.0,140.0,136.0,41.0,5699.0,75
2023-05-10 21:33:07,MA401C2350,MA401C2350,136.0,0.0,0.0,0.0,7,134.0,136.0,10,137.0,140.0,140.0,136.0,41.0,5699.0,75
2023-05-10 21:33:13,MA401C2350,MA401C2350,136.0,0.0,0.0,0.0,7,134.0,135.5,10,137.0,140.0,140.0,136.0,41.0,5699.0,75
2023-05-10 21:33:16,MA401C2350,MA401C2350,136.0,0.0,0.0,0.0,17,134.0,136.0,10,137.0,140.0,140.0,136.0,41.0,5699.0,75
2023-05-10 21:33:18,MA401C2350,MA401C2350,136.0,0.0,0.0,0.0,7,134.0,135.5,10,137.0,140.0,140.0,136.0,41.0,5699.0,75
2023-05-10 21:33:28,MA401C2350,MA401C2350,136.0,0.0,0.0,0.0,17,134.0,136.0,17,137.0,140.0,140.0,136.0,41.0,5699.0,75
2023-05-10 21:33:32,MA401C2350,MA401C2350,136.0,0.0,0.0,0.0,7,134.0,136.0,17,137.0,140.0,140.0,136.0,41.0,5699.0,75
2023-05-10 21:33:43,MA401C2350,MA401C2350,136.0,0.0,0.0,0.0,7,134.0,135.5,10,137.0,140.0,140.0,136.0,41.0,5699.0,75
2023-05-10 21:34:51,MA401C2350,MA401C2350,136.0,0.0,0.0,0.0,20,133.0,135.5,10,137.0,140.0,140.0,136.0,41.0,5699.0,75
2023-05-10 21:34:51,MA401C2350,MA401C2350,136.0,0.0,0.0,0.0,10,133.0,135.5,10,137.0,140.0,140.0,136.0,41.0,5699.0,75
2023-05-10 21:34:52,MA401C2350,MA401C2350,136.0,0.0,0.0,0.0,17,133.0,135.5,10,137.0,140.0,140.0,136.0,41.0,5699.0,75
2023-05-10 21:35:01,MA401C2350,MA401C2350,136.0,0.0,0.0,0.0,27,133.0,135.5,10,137.0,140.0,140.0,136.0,41.0,5699.0,75
2023-05-10 21:35:02,MA401C2350,MA401C2350,136.0,0.0,0.0,0.0,17,133.0,135.5,10,137.0,140.0,140.0,136.0,41.0,5699.0,75
2023-05-10 21:35:02,MA401C2350,MA401C2350,136.0,0.0,0.0,0.0,7,133.5,135.5,10,137.0,140.0,140.0,136.0,41.0,5699.0,75
2023-05-10 21:35:08,MA401C2350,MA401C2350,136.0,0.0,0.0,0.0,17,133.5,136.0,17,137.0,140.0,140.0,136.0,41.0,5699.0,75
2023-05-10 21:35:08,MA401C2350,MA401C2350,136.0,0.0,0.0,0.0,27,133.5,136.0,17,137.0,140.0,140.0,136.0,41.0,5699.0,75
2023-05-10 21:35:09,MA401C2350,MA401C2350,136.0,0.0,0.0,0.0,17,133.5,136.0,17,137.0,140.0,140.0,136.0,41.0,5699.0,75
2023-05-10 21:35:20,MA401C2350,MA401C2350,136.0,0.0,0.0,0.0,17,133.5,135.5,10,137.0,140.0,140.0,136.0,41.0,5699.0,75
2023-05-10 21:35:27,MA401C2350,MA401C2350,136.0,0.0,0.0,0.0,7,133.5,135.0,10,137.0,140.0,140.0,136.0,41.0,5699.0,75
2023-05-10 21:35:34,MA401C2350,MA401C2350,136.0,0.0,0.0,0.0,7,133.5,135.5,10,137.0,140.0,140.0,136.0,41.0,5699.0,75
2023-05-10 21:35:55,MA401C2350,MA401C2350,136.0,0.0,0.0,0.0,17,133.5,136.0,17,137.0,140.0,140.0,136.0,41.0,5699.0,75
2023-05-10 21:36:02,MA401C2350,MA401C2350,136.0,0.0,0.0,0.0,17,133.5,135.5,10,137.0,140.0,140.0,136.0,41.0,5699.0,75
2023-05-10 21:36:03,MA401C2350,MA401C2350,136.0,0.0,0.0,0.0,27,133.5,135.5,10,137.0,140.0,140.0,136.0,41.0,5699.0,75
2023-05-10 21:36:03,MA401C2350,MA401C2350,136.0,0.0,0.0,0.0,17,133.5,135.5,10,137.0,140.0,140.0,136.0,41.0,5699.0,75
2023-05-10 21:36:06,MA401C2350,MA401C2350,136.0,0.0,0.0,0.0,7,133.5,135.5,10,137.0,140.0,140.0,136.0,41.0,5699.0,75
2023-05-10 21:36:06,MA401C2350,MA401C2350,136.0,0.0,0.0,0.0,7,133.5,135.0,10,137.0,140.0,140.0,136.0,41.0,5699.0,75
2023-05-10 21:36:14,MA401C2350,MA401C2350,136.0,0.0,0.0,0.0,7,133.5,135.5,10,137.0,140.0,140.0,136.0,41.0,5699.0,75
2023-05-10 21:36:25,MA401C2350,MA401C2350,136.0,0.0,0.0,0.0,17,133.5,136.0,17,137.0,140.0,140.0,136.0,41.0,5699.0,75
2023-05-10 21:36:36,MA401C2350,MA401C2350,136.0,0.0,0.0,0.0,17,133.5,135.5,10,137.0,140.0,140.0,136.0,41.0,5699.0,75
2023-05-10 21:36:40,MA401C2350,MA401C2350,136.0,0.0,0.0,0.0,7,133.5,135.5,10,137.0,140.0,140.0,136.0,41.0,5699.0,75
2023-05-10 21:36:47,MA401C2350,MA401C2350,136.0,0.0,0.0,0.0,17,133.5,136.0,17,137.0,140.0,140.0,136.0,41.0,5699.0,75
2023-05-10 21:36:52,MA401C2350,MA401C2350,136.0,0.0,0.0,0.0,17,133.5,135.5,10,137.0,140.0,140.0,136.0,41.0,5699.0,75
2023-05-10 21:36:53,MA401C2350,MA401C2350,136.0,0.0,0.0,0.0,27,133.5,135.5,10,137.0,140.0,140.0,136.0,41.0,5699.0,75
2023-05-10 21:36:53,MA401C2350,MA401C2350,136.0,0.0,0.0,0.0,7,133.5,135.5,10,137.0,140.0,140.0,136.0,41.0,5699.0,75
2023-05-10 21:37:06,MA401C2350,MA401C2350,136.0,0.0,0.0,0.0,7,133.5,135.0,10,137.0,140.0,140.0,136.0,41.0,5699.0,75
2023-05-10 21:37:10,MA401C2350,MA401C2350,136.0,0.0,0.0,0.0,17,133.5,135.5,17,137.0,140.0,140.0,136.0,41.0,5699.0,75
2023-05-10 21:37:15,MA401C2350,MA401C2350,136.0,0.0,0.0,0.0,7,133.5,135.5,17,137.0,140.0,140.0,136.0,41.0,5699.0,75
2023-05-10 21:37:24,MA401C2350,MA401C2350,136.0,0.0,0.0,0.0,7,133.5,135.5,10,137.0,140.0,140.0,136.0,41.0,5699.0,75
2023-05-10 21:37:28,MA401C2350,MA401C2350,136.0,0.0,0.0,0.0,17,133.5,136.0,17,137.0,140.0,140.0,136.0,41.0,5699.0,75
2023-05-10 21:37:30,MA401C2350,MA401C2350,136.0,0.0,0.0,0.0,17,133.5,135.5,10,137.0,140.0,140.0,136.0,41.0,5699.0,75
2023-05-10 21:37:32,MA401C2350,MA401C2350,136.0,0.0,0.0,0.0,17,133.5,136.0,17,137.0,140.0,140.0,136.0,41.0,5699.0,75
2023-05-10 21:37:37,MA401C2350,MA401C2350,136.0,0.0,0.0,0.0,7,133.5,135.5,10,137.0,140.0,140.0,136.0,41.0,5699.0,75
2023-05-10 21:38:01,MA401C2350,MA401C2350,136.0,0.0,0.0,0.0,7,133.5,135.0,10,137.0,140.0,140.0,136.0,41.0,5699.0,75
2023-05-10 21:38:24,MA401C2350,MA401C2350,136.0,0.0,0.0,0.0,17,133.5,135.5,10,137.0,140.0,140.0,136.0,41.0,5699.0,75
2023-05-10 21:38:25,MA401C2350,MA401C2350,136.0,0.0,0.0,0.0,7,133.5,135.5,10,137.0,140.0,140.0,136.0,41.0,5699.0,75
2023-05-10 21:38:49,MA401C2350,MA401C2350,136.0,0.0,0.0,0.0,7,133.5,135.0,10,137.0,140.0,140.0,136.0,41.0,5699.0,75
2023-05-10 21:39:48,MA401C2350,MA401C2350,136.0,0.0,0.0,0.0,17,133.0,135.0,10,137.0,140.0,140.0,136.0,41.0,5699.0,75
2023-05-10 21:39:53,MA401C2350,MA401C2350,136.0,0.0,0.0,0.0,7,133.0,135.0,10,137.0,140.0,140.0,136.0,41.0,5699.0,75
2023-05-10 21:40:13,MA401C2350,MA401C2350,136.0,0.0,0.0,0.0,17,133.0,135.5,17,137.0,140.0,140.0,136.0,41.0,5699.0,75
2023-05-10 21:40:14,MA401C2350,MA401C2350,136.0,0.0,0.0,0.0,17,133.0,135.0,10,137.0,140.0,140.0,136.0,41.0,5699.0,75
2023-05-10 21:40:16,MA401C2350,MA401C2350,136.0,0.0,0.0,0.0,7,133.0,134.5,10,137.0,140.0,140.0,136.0,41.0,5699.0,75
2023-05-10 21:40:22,MA401C2350,MA401C2350,136.0,0.0,0.0,0.0,7,133.0,135.0,10,137.0,140.0,140.0,136.0,41.0,5699.0,75
2023-05-10 21:41:01,MA401C2350,MA401C2350,136.0,0.0,0.0,0.0,7,133.0,134.5,10,137.0,140.0,140.0,136.0,41.0,5699.0,75
2023-05-10 21:41:45,MA401C2350,MA401C2350,136.0,0.0,0.0,0.0,7,133.0,135.0,17,137.0,140.0,140.0,136.0,41.0,5699.0,75
2023-05-10 21:41:59,MA401C2350,MA401C2350,136.0,0.0,0.0,0.0,7,133.0,135.0,10,137.0,140.0,140.0,136.0,41.0,5699.0,75
2023-05-10 21:41:59,MA401C2350,MA401C2350,136.0,0.0,0.0,0.0,7,133.0,135.5,7,137.0,140.0,140.0,136.0,41.0,5699.0,75
2023-05-10 21:42:00,MA401C2350,MA401C2350,136.0,0.0,0.0,0.0,7,133.0,135.0,10,137.0,140.0,140.0,136.0,41.0,5699.0,75
2023-05-10 21:42:00,MA401C2350,MA401C2350,136.0,0.0,0.0,0.0,7,133.0,134.5,10,137.0,140.0,140.0,136.0,41.0,5699.0,75
2023-05-10 21:42:16,MA401C2350,MA401C2350,136.0,0.0,0.0,0.0,7,133.0,135.5,7,137.0,140.0,140.0,136.0,41.0,5699.0,75
2023-05-10 21:42:17,MA401C2350,MA401C2350,136.0,0.0,0.0,0.0,7,133.0,134.5,10,137.0,140.0,140.0,136.0,41.0,5699.0,75
2023-05-10 21:42:17,MA401C2350,MA401C2350,136.0,0.0,0.0,0.0,7,133.0,135.5,7,137.0,140.0,140.0,136.0,41.0,5699.0,75
2023-05-10 21:42:20,MA401C2350,MA401C2350,136.0,0.0,0.0,0.0,7,133.0,135.0,10,137.0,140.0,140.0,136.0,41.0,5699.0,75
2023-05-10 21:42:28,MA401C2350,MA401C2350,136.0,0.0,0.0,0.0,7,133.0,134.5,10,137.0,140.0,140.0,136.0,41.0,5699.0,75
2023-05-10 21:42:30,MA401C2350,MA401C2350,136.0,0.0,0.0,0.0,7,133.0,135.0,10,137.0,140.0,140.0,136.0,41.0,5699.0,75
2023-05-10 21:43:25,MA401C2350,MA401C2350,136.0,0.0,0.0,0.0,7,133.0,134.5,10,137.0,140.0,140.0,136.0,41.0,5699.0,75
2023-05-10 21:43:27,MA401C2350,MA401C2350,136.0,0.0,0.0,0.0,7,133.0,135.5,17,137.0,140.0,140.0,136.0,41.0,5699.0,75
2023-05-10 21:43:27,MA401C2350,MA401C2350,136.0,0.0,0.0,0.0,7,133.0,134.5,10,137.0,140.0,140.0,136.0,41.0,5699.0,75
2023-05-10 21:43:36,MA401C2350,MA401C2350,136.0,0.0,0.0,0.0,10,132.0,134.0,10,137.0,140.0,140.0,136.0,41.0,5699.0,75
2023-05-10 21:43:37,MA401C2350,MA401C2350,136.0,0.0,0.0,0.0,10,131.0,135.0,17,137.0,140.0,140.0,136.0,41.0,5699.0,75
2023-05-10 21:43:37,MA401C2350,MA401C2350,136.0,0.0,0.0,0.0,11,130.0,134.0,10,137.0,140.0,140.0,136.0,41.0,5699.0,75
2023-05-10 21:43:38,MA401C2350,MA401C2350,136.0,0.0,0.0,0.0,1,130.0,133.0,10,137.0,140.0,140.0,136.0,41.0,5699.0,75
2023-05-10 21:43:40,MA401C2350,MA401C2350,136.0,0.0,0.0,0.0,11,130.0,133.0,10,137.0,140.0,140.0,136.0,41.0,5699.0,75
2023-05-10 21:43:41,MA401C2350,MA401C2350,136.0,0.0,0.0,0.0,1,130.0,133.0,10,137.0,140.0,140.0,136.0,41.0,5699.0,75
2023-05-10 21:43:41,MA401C2350,MA401C2350,136.0,0.0,0.0,0.0,11,130.0,133.0,10,137.0,140.0,140.0,136.0,41.0,5699.0,75
2023-05-10 21:43:42,MA401C2350,MA401C2350,136.0,0.0,0.0,0.0,10,130.5,133.5,10,137.0,140.0,140.0,136.0,41.0,5699.0,75
2023-05-10 21:43:43,MA401C2350,MA401C2350,136.0,0.0,0.0,0.0,10,131.0,133.5,10,137.0,140.0,140.0,136.0,41.0,5699.0,75
2023-05-10 21:43:45,MA401C2350,MA401C2350,136.0,0.0,0.0,0.0,10,131.0,134.5,10,137.0,140.0,140.0,136.0,41.0,5699.0,75
2023-05-10 21:43:45,MA401C2350,MA401C2350,136.0,0.0,0.0,0.0,10,130.5,134.5,10,137.0,140.0,140.0,136.0,41.0,5699.0,75
2023-05-10 21:43:46,MA401C2350,MA401C2350,136.0,0.0,0.0,0.0,10,130.5,134.0,10,137.0,140.0,140.0,136.0,41.0,5699.0,75
2023-05-10 21:43:52,MA401C2350,MA401C2350,136.0,0.0,0.0,0.0,10,130.5,133.5,7,137.0,140.0,140.0,136.0,41.0,5699.0,75
2023-05-10 21:43:54,MA401C2350,MA401C2350,136.0,0.0,0.0,0.0,11,130.0,133.5,7,137.0,140.0,140.0,136.0,41.0,5699.0,75
2023-05-10 21:43:54,MA401C2350,MA401C2350,136.0,0.0,0.0,0.0,7,130.5,133.5,7,137.0,140.0,140.0,136.0,41.0,5699.0,75
2023-05-10 21:43:55,MA401C2350,MA401C2350,136.0,0.0,0.0,0.0,7,130.5,133.5,17,137.0,140.0,140.0,136.0,41.0,5699.0,75
2023-05-10 21:43:56,MA401C2350,MA401C2350,136.0,0.0,0.0,0.0,7,130.5,133.0,7,137.0,140.0,140.0,136.0,41.0,5699.0,75
2023-05-10 21:43:57,MA401C2350,MA401C2350,136.0,0.0,0.0,0.0,17,130.5,133.0,7,137.0,140.0,140.0,136.0,41.0,5699.0,75
2023-05-10 21:43:58,MA401C2350,MA401C2350,136.0,0.0,0.0,0.0,7,130.5,133.0,7,137.0,140.0,140.0,136.0,41.0,5699.0,75
2023-05-10 21:43:58,MA401C2350,MA401C2350,136.0,0.0,0.0,0.0,17,130.5,133.0,7,137.0,140.0,140.0,136.0,41.0,5699.0,75
2023-05-10 21:43:59,MA401C2350,MA401C2350,136.0,0.0,0.0,0.0,7,130.5,133.0,7,137.0,140.0,140.0,136.0,41.0,5699.0,75
2023-05-10 21:44:01,MA401C2350,MA401C2350,136.0,0.0,0.0,0.0,17,130.5,133.0,7,137.0,140.0,140.0,136.0,41.0,5699.0,75
2023-05-10 21:44:03,MA401C2350,MA401C2350,136.0,0.0,0.0,0.0,7,131.0,133.5,17,137.0,140.0,140.0,136.0,41.0,5699.0,75
2023-05-10 21:44:10,MA401C2350,MA401C2350,136.0,0.0,0.0,0.0,17,131.0,133.5,17,137.0,140.0,140.0,136.0,41.0,5699.0,75
2023-05-10 21:44:11,MA401C2350,MA401C2350,136.0,0.0,0.0,0.0,7,131.0,133.5,17,137.0,140.0,140.0,136.0,41.0,5699.0,75
2023-05-10 21:44:14,MA401C2350,MA401C2350,136.0,0.0,0.0,0.0,17,131.0,133.5,17,137.0,140.0,140.0,136.0,41.0,5699.0,75
2023-05-10 21:44:15,MA401C2350,MA401C2350,136.0,0.0,0.0,0.0,17,131.0,134.5,10,137.0,140.0,140.0,136.0,41.0,5699.0,75
2023-05-10 21:44:16,MA401C2350,MA401C2350,136.0,0.0,0.0,0.0,17,131.0,134.0,7,137.0,140.0,140.0,136.0,41.0,5699.0,75
2023-05-10 21:44:25,MA401C2350,MA401C2350,136.0,0.0,0.0,0.0,7,131.5,134.0,7,137.0,140.0,140.0,136.0,41.0,5699.0,75
2023-05-10 21:45:06,MA401C2350,MA401C2350,136.0,0.0,0.0,0.0,7,131.5,133.0,10,137.0,140.0,140.0,136.0,41.0,5699.0,75
2023-05-10 21:45:14,MA401C2350,MA401C2350,136.0,0.0,0.0,0.0,7,131.5,133.5,10,137.0,140.0,140.0,136.0,41.0,5699.0,75
2023-05-10 21:45:23,MA401C2350,MA401C2350,136.0,0.0,0.0,0.0,27,131.5,134.0,10,137.0,140.0,140.0,136.0,41.0,5699.0,75
2023-05-10 21:45:23,MA401C2350,MA401C2350,136.0,0.0,0.0,0.0,17,131.5,135.0,10,137.0,140.0,140.0,136.0,41.0,5699.0,75
2023-05-10 21:45:24,MA401C2350,MA401C2350,136.0,0.0,0.0,0.0,7,131.5,135.0,10,137.0,140.0,140.0,136.0,41.0,5699.0,75
2023-05-10 21:45:24,MA401C2350,MA401C2350,136.0,0.0,0.0,0.0,17,131.5,135.0,10,137.0,140.0,140.0,136.0,41.0,5699.0,75
2023-05-10 21:45:25,MA401C2350,MA401C2350,136.0,0.0,0.0,0.0,17,131.5,134.5,7,137.0,140.0,140.0,136.0,41.0,5699.0,75
2023-05-10 21:45:26,MA401C2350,MA401C2350,136.0,0.0,0.0,0.0,7,131.5,134.5,7,137.0,140.0,140.0,136.0,41.0,5699.0,75
2023-05-10 21:45:34,MA401C2350,MA401C2350,136.0,0.0,0.0,0.0,17,131.5,133.5,10,137.0,140.0,140.0,136.0,41.0,5699.0,75
2023-05-10 21:45:35,MA401C2350,MA401C2350,136.0,0.0,0.0,0.0,7,131.5,133.5,10,137.0,140.0,140.0,136.0,41.0,5699.0,75
2023-05-10 21:45:35,MA401C2350,MA401C2350,136.0,0.0,0.0,0.0,7,131.5,133.0,10,137.0,140.0,140.0,136.0,41.0,5699.0,75
2023-05-10 21:45:37,MA401C2350,MA401C2350,136.0,0.0,0.0,0.0,7,131.5,133.5,10,137.0,140.0,140.0,136.0,41.0,5699.0,75
2023-05-10 21:46:46,MA401C2350,MA401C2350,136.0,0.0,0.0,0.0,17,131.5,133.5,10,137.0,140.0,140.0,136.0,41.0,5699.0,75
2023-05-10 21:46:47,MA401C2350,MA401C2350,136.0,0.0,0.0,0.0,7,131.5,133.5,10,137.0,140.0,140.0,136.0,41.0,5699.0,75
2023-05-10 21:46:49,MA401C2350,MA401C2350,136.0,0.0,0.0,0.0,17,131.5,133.5,10,137.0,140.0,140.0,136.0,41.0,5699.0,75
2023-05-10 21:46:51,MA401C2350,MA401C2350,136.0,0.0,0.0,0.0,7,131.5,133.5,10,137.0,140.0,140.0,136.0,41.0,5699.0,75
2023-05-10 21:47:46,MA401C2350,MA401C2350,136.0,0.0,0.0,0.0,7,131.5,133.0,10,137.0,140.0,140.0,136.0,41.0,5699.0,75
2023-05-10 21:47:49,MA401C2350,MA401C2350,136.0,0.0,0.0,0.0,7,131.5,133.5,10,137.0,140.0,140.0,136.0,41.0,5699.0,75
2023-05-10 21:48:01,MA401C2350,MA401C2350,136.0,0.0,0.0,0.0,7,131.5,133.0,10,137.0,140.0,140.0,136.0,41.0,5699.0,75
2023-05-10 21:48:07,MA401C2350,MA401C2350,136.0,0.0,0.0,0.0,7,131.5,134.0,7,137.0,140.0,140.0,136.0,41.0,5699.0,75
2023-05-10 21:48:08,MA401C2350,MA401C2350,136.0,0.0,0.0,0.0,7,131.5,133.0,10,137.0,140.0,140.0,136.0,41.0,5699.0,75
2023-05-10 21:48:11,MA401C2350,MA401C2350,136.0,0.0,0.0,0.0,7,131.5,134.0,7,137.0,140.0,140.0,136.0,41.0,5699.0,75
2023-05-10 21:48:11,MA401C2350,MA401C2350,136.0,0.0,0.0,0.0,7,131.5,133.0,10,137.0,140.0,140.0,136.0,41.0,5699.0,75
2023-05-10 21:48:15,MA401C2350,MA401C2350,136.0,0.0,0.0,0.0,7,131.5,133.5,17,137.0,140.0,140.0,136.0,41.0,5699.0,75
2023-05-10 21:48:16,MA401C2350,MA401C2350,136.0,0.0,0.0,0.0,7,131.0,133.5,7,137.0,140.0,140.0,136.0,41.0,5699.0,75
2023-05-10 21:48:20,MA401C2350,MA401C2350,136.0,0.0,0.0,0.0,7,131.0,133.0,7,137.0,140.0,140.0,136.0,41.0,5699.0,75
2023-05-10 21:48:22,MA401C2350,MA401C2350,136.0,0.0,0.0,0.0,11,130.0,133.0,7,137.0,140.0,140.0,136.0,41.0,5699.0,75
2023-05-10 21:48:23,MA401C2350,MA401C2350,136.0,0.0,0.0,0.0,1,130.0,133.0,7,137.0,140.0,140.0,136.0,41.0,5699.0,75
2023-05-10 21:48:24,MA401C2350,MA401C2350,136.0,0.0,0.0,0.0,7,130.5,133.0,7,137.0,140.0,140.0,136.0,41.0,5699.0,75
2023-05-10 21:48:26,MA401C2350,MA401C2350,136.0,0.0,0.0,0.0,7,130.5,132.5,10,137.0,140.0,140.0,136.0,41.0,5699.0,75
2023-05-10 21:48:27,MA401C2350,MA401C2350,136.0,0.0,0.0,0.0,7,130.5,132.0,10,137.0,140.0,140.0,136.0,41.0,5699.0,75
2023-05-10 21:48:28,MA401C2350,MA401C2350,136.0,0.0,0.0,0.0,7,130.5,133.0,7,137.0,140.0,140.0,136.0,41.0,5699.0,75
2023-05-10 21:48:29,MA401C2350,MA401C2350,136.0,0.0,0.0,0.0,7,130.5,132.0,10,137.0,140.0,140.0,136.0,41.0,5699.0,75
2023-05-10 21:48:35,MA401C2350,MA401C2350,136.0,0.0,0.0,0.0,17,130.5,133.0,17,137.0,140.0,140.0,136.0,41.0,5699.0,75
2023-05-10 21:48:36,MA401C2350,MA401C2350,136.0,0.0,0.0,0.0,7,130.5,133.0,7,137.0,140.0,140.0,136.0,41.0,5699.0,75
2023-05-10 21:48:36,MA401C2350,MA401C2350,136.0,0.0,0.0,0.0,17,130.5,132.5,10,137.0,140.0,140.0,136.0,41.0,5699.0,75
2023-05-10 21:48:37,MA401C2350,MA401C2350,136.0,0.0,0.0,0.0,7,130.5,132.5,10,137.0,140.0,140.0,136.0,41.0,5699.0,75
2023-05-10 21:48:42,MA401C2350,MA401C2350,136.0,0.0,0.0,0.0,11,130.0,132.0,10,137.0,140.0,140.0,136.0,41.0,5699.0,75
2023-05-10 21:48:42,MA401C2350,MA401C2350,136.0,0.0,0.0,0.0,1,130.0,133.0,17,137.0,140.0,140.0,136.0,41.0,5699.0,75
2023-05-10 21:48:44,MA401C2350,MA401C2350,136.0,0.0,0.0,0.0,11,130.0,132.0,10,137.0,140.0,140.0,136.0,41.0,5699.0,75
2023-05-10 21:48:45,MA401C2350,MA401C2350,136.0,0.0,0.0,0.0,1,130.0,132.0,10,137.0,140.0,140.0,136.0,41.0,5699.0,75
2023-05-10 21:48:46,MA401C2350,MA401C2350,136.0,0.0,0.0,0.0,1,130.0,131.5,10,137.0,140.0,140.0,136.0,41.0,5699.0,75
2023-05-10 21:48:48,MA401C2350,MA401C2350,136.0,0.0,0.0,0.0,1,130.0,131.0,10,137.0,140.0,140.0,136.0,41.0,5699.0,75
2023-05-10 21:48:50,MA401C2350,MA401C2350,136.0,0.0,0.0,0.0,1,130.0,132.0,7,137.0,140.0,140.0,136.0,41.0,5699.0,75
2023-05-10 21:48:52,MA401C2350,MA401C2350,136.0,0.0,0.0,0.0,1,130.0,132.0,17,137.0,140.0,140.0,136.0,41.0,5699.0,75
2023-05-10 21:48:54,MA401C2350,MA401C2350,136.0,0.0,0.0,0.0,1,130.0,131.0,10,137.0,140.0,140.0,136.0,41.0,5699.0,75
2023-05-10 21:48:56,MA401C2350,MA401C2350,136.0,0.0,0.0,0.0,1,130.0,132.0,7,137.0,140.0,140.0,136.0,41.0,5699.0,75
2023-05-10 21:48:57,MA401C2350,MA401C2350,136.0,0.0,0.0,0.0,1,130.0,131.5,10,137.0,140.0,140.0,136.0,41.0,5699.0,75
2023-05-10 21:48:59,MA401C2350,MA401C2350,136.0,0.0,0.0,0.0,1,130.0,131.0,10,137.0,140.0,140.0,136.0,41.0,5699.0,75
2023-05-10 21:49:03,MA401C2350,MA401C2350,136.0,0.0,0.0,0.0,1,130.0,131.5,17,137.0,140.0,140.0,136.0,41.0,5699.0,75
2023-05-10 21:49:03,MA401C2350,MA401C2350,136.0,0.0,0.0,0.0,1,130.0,131.5,10,137.0,140.0,140.0,136.0,41.0,5699.0,75
2023-05-10 21:49:14,MA401C2350,MA401C2350,136.0,0.0,0.0,0.0,1,130.0,131.5,17,137.0,140.0,140.0,136.0,41.0,5699.0,75
2023-05-10 21:49:26,MA401C2350,MA401C2350,136.0,0.0,0.0,0.0,1,130.0,131.5,10,137.0,140.0,140.0,136.0,41.0,5699.0,75
2023-05-10 21:49:36,MA401C2350,MA401C2350,136.0,0.0,0.0,0.0,1,130.0,131.0,10,137.0,140.0,140.0,136.0,41.0,5699.0,75
2023-05-10 21:49:43,MA401C2350,MA401C2350,136.0,0.0,0.0,0.0,1,130.0,131.5,17,137.0,140.0,140.0,136.0,41.0,5699.0,75
2023-05-10 21:49:51,MA401C2350,MA401C2350,136.0,0.0,0.0,0.0,1,130.0,132.0,17,137.0,140.0,140.0,136.0,41.0,5699.0,75
2023-05-10 21:50:00,MA401C2350,MA401C2350,136.0,0.0,0.0,0.0,1,130.0,132.0,7,137.0,140.0,140.0,136.0,41.0,5699.0,75
2023-05-10 21:50:01,MA401C2350,MA401C2350,136.0,0.0,0.0,0.0,1,130.0,132.0,17,137.0,140.0,140.0,136.0,41.0,5699.0,75
2023-05-10 21:50:01,MA401C2350,MA401C2350,136.0,0.0,0.0,0.0,1,130.0,131.5,10,137.0,140.0,140.0,136.0,41.0,5699.0,75
2023-05-10 21:50:05,MA401C2350,MA401C2350,136.0,0.0,0.0,0.0,11,130.0,132.0,10,137.0,140.0,140.0,136.0,41.0,5699.0,75
2023-05-10 21:50:06,MA401C2350,MA401C2350,136.0,0.0,0.0,0.0,1,130.0,132.0,10,137.0,140.0,140.0,136.0,41.0,5699.0,75
2023-05-10 21:50:07,MA401C2350,MA401C2350,136.0,0.0,0.0,0.0,8,130.0,132.0,10,137.0,140.0,140.0,136.0,41.0,5699.0,75
2023-05-10 21:50:20,MA401C2350,MA401C2350,136.0,0.0,0.0,0.0,28,130.0,132.5,17,137.0,140.0,140.0,136.0,41.0,5699.0,75
2023-05-10 21:50:21,MA401C2350,MA401C2350,136.0,0.0,0.0,0.0,28,130.0,132.0,10,137.0,140.0,140.0,136.0,41.0,5699.0,75
2023-05-10 21:50:33,MA401C2350,MA401C2350,136.0,0.0,0.0,0.0,18,130.0,132.0,10,137.0,140.0,140.0,136.0,41.0,5699.0,75
2023-05-10 21:50:35,MA401C2350,MA401C2350,136.0,0.0,0.0,0.0,28,130.0,132.0,10,137.0,140.0,140.0,136.0,41.0,5699.0,75
2023-05-10 21:50:38,MA401C2350,MA401C2350,136.0,0.0,0.0,0.0,18,130.0,132.0,10,137.0,140.0,140.0,136.0,41.0,5699.0,75
2023-05-10 21:50:38,MA401C2350,MA401C2350,136.0,0.0,0.0,0.0,28,130.0,132.0,10,137.0,140.0,140.0,136.0,41.0,5699.0,75
2023-05-10 21:50:52,MA401C2350,MA401C2350,136.0,0.0,0.0,0.0,18,130.0,132.0,10,137.0,140.0,140.0,136.0,41.0,5699.0,75
2023-05-10 21:51:05,MA401C2350,MA401C2350,136.0,0.0,0.0,0.0,8,130.0,132.0,10,137.0,140.0,140.0,136.0,41.0,5699.0,75
2023-05-10 21:51:10,MA401C2350,MA401C2350,136.0,0.0,0.0,0.0,18,130.0,132.0,10,137.0,140.0,140.0,136.0,41.0,5699.0,75
2023-05-10 21:51:12,MA401C2350,MA401C2350,136.0,0.0,0.0,0.0,8,130.0,132.0,10,137.0,140.0,140.0,136.0,41.0,5699.0,75
2023-05-10 21:51:17,MA401C2350,MA401C2350,136.0,0.0,0.0,0.0,18,130.0,132.0,10,137.0,140.0,140.0,136.0,41.0,5699.0,75
2023-05-10 21:51:20,MA401C2350,MA401C2350,136.0,0.0,0.0,0.0,28,130.0,132.5,17,137.0,140.0,140.0,136.0,41.0,5699.0,75
2023-05-10 21:51:28,MA401C2350,MA401C2350,136.0,0.0,0.0,0.0,7,130.5,132.5,10,137.0,140.0,140.0,136.0,41.0,5699.0,75
2023-05-10 21:51:36,MA401C2350,MA401C2350,136.0,0.0,0.0,0.0,17,130.5,132.5,10,137.0,140.0,140.0,136.0,41.0,5699.0,75
2023-05-10 21:51:37,MA401C2350,MA401C2350,136.0,0.0,0.0,0.0,7,130.5,132.5,10,137.0,140.0,140.0,136.0,41.0,5699.0,75
2023-05-10 21:51:39,MA401C2350,MA401C2350,136.0,0.0,0.0,0.0,10,131.0,133.0,10,137.0,140.0,140.0,136.0,41.0,5699.0,75
2023-05-10 21:51:40,MA401C2350,MA401C2350,136.0,0.0,0.0,0.0,17,130.5,134.0,10,137.0,140.0,140.0,136.0,41.0,5699.0,75
2023-05-10 21:51:41,MA401C2350,MA401C2350,136.0,0.0,0.0,0.0,27,130.5,132.5,10,137.0,140.0,140.0,136.0,41.0,5699.0,75
2023-05-10 21:51:41,MA401C2350,MA401C2350,136.0,0.0,0.0,0.0,17,130.5,132.5,10,137.0,140.0,140.0,136.0,41.0,5699.0,75
2023-05-10 21:51:44,MA401C2350,MA401C2350,136.0,0.0,0.0,0.0,27,130.5,132.5,10,137.0,140.0,140.0,136.0,41.0,5699.0,75
2023-05-10 21:51:50,MA401C2350,MA401C2350,136.0,0.0,0.0,0.0,17,130.5,132.5,10,137.0,140.0,140.0,136.0,41.0,5699.0,75
2023-05-10 21:51:50,MA401C2350,MA401C2350,136.0,0.0,0.0,0.0,27,130.5,132.5,10,137.0,140.0,140.0,136.0,41.0,5699.0,75
2023-05-10 21:51:53,MA401C2350,MA401C2350,136.0,0.0,0.0,0.0,17,130.5,132.5,10,137.0,140.0,140.0,136.0,41.0,5699.0,75
2023-05-10 21:51:53,MA401C2350,MA401C2350,136.0,0.0,0.0,0.0,27,130.5,132.5,10,137.0,140.0,140.0,136.0,41.0,5699.0,75
2023-05-10 21:51:56,MA401C2350,MA401C2350,136.0,0.0,0.0,0.0,17,130.5,132.5,10,137.0,140.0,140.0,136.0,41.0,5699.0,75
2023-05-10 21:51:59,MA401C2350,MA401C2350,136.0,0.0,0.0,0.0,27,130.5,132.5,10,137.0,140.0,140.0,136.0,41.0,5699.0,75
2023-05-10 21:52:00,MA401C2350,MA401C2350,136.0,0.0,0.0,0.0,17,130.5,132.5,10,137.0,140.0,140.0,136.0,41.0,5699.0,75
2023-05-10 21:52:00,MA401C2350,MA401C2350,136.0,0.0,0.0,0.0,27,130.5,132.5,10,137.0,140.0,140.0,136.0,41.0,5699.0,75
2023-05-10 21:52:01,MA401C2350,MA401C2350,136.0,0.0,0.0,0.0,17,130.5,132.5,10,137.0,140.0,140.0,136.0,41.0,5699.0,75
2023-05-10 21:52:02,MA401C2350,MA401C2350,136.0,0.0,0.0,0.0,7,130.5,132.5,10,137.0,140.0,140.0,136.0,41.0,5699.0,75
2023-05-10 21:52:07,MA401C2350,MA401C2350,136.0,0.0,0.0,0.0,17,130.5,132.5,10,137.0,140.0,140.0,136.0,41.0,5699.0,75
2023-05-10 21:52:08,MA401C2350,MA401C2350,136.0,0.0,0.0,0.0,7,130.5,132.5,10,137.0,140.0,140.0,136.0,41.0,5699.0,75
2023-05-10 21:52:12,MA401C2350,MA401C2350,136.0,0.0,0.0,0.0,17,130.5,132.5,10,137.0,140.0,140.0,136.0,41.0,5699.0,75
2023-05-10 21:52:14,MA401C2350,MA401C2350,136.0,0.0,0.0,0.0,7,130.5,132.5,10,137.0,140.0,140.0,136.0,41.0,5699.0,75
2023-05-10 21:52:16,MA401C2350,MA401C2350,136.0,0.0,0.0,0.0,17,130.5,132.5,10,137.0,140.0,140.0,136.0,41.0,5699.0,75
2023-05-10 21:52:22,MA401C2350,MA401C2350,136.0,0.0,0.0,0.0,27,130.5,133.0,10,137.0,140.0,140.0,136.0,41.0,5699.0,75
2023-05-10 21:52:23,MA401C2350,MA401C2350,136.0,0.0,0.0,0.0,27,130.5,132.5,10,137.0,140.0,140.0,136.0,41.0,5699.0,75
2023-05-10 21:52:26,MA401C2350,MA401C2350,136.0,0.0,0.0,0.0,27,130.5,133.0,20,137.0,140.0,140.0,136.0,41.0,5699.0,75
2023-05-10 21:52:26,MA401C2350,MA401C2350,136.0,0.0,0.0,0.0,7,131.0,133.0,20,137.0,140.0,140.0,136.0,41.0,5699.0,75
2023-05-10 21:52:30,MA401C2350,MA401C2350,136.0,0.0,0.0,0.0,7,131.0,132.5,10,137.0,140.0,140.0,136.0,41.0,5699.0,75
2023-05-10 21:52:31,MA401C2350,MA401C2350,136.0,0.0,0.0,0.0,7,131.0,132.5,20,137.0,140.0,140.0,136.0,41.0,5699.0,75
2023-05-10 21:52:35,MA401C2350,MA401C2350,136.0,0.0,0.0,0.0,7,131.0,132.5,10,137.0,140.0,140.0,136.0,41.0,5699.0,75
2023-05-10 21:52:41,MA401C2350,MA401C2350,136.0,0.0,0.0,0.0,7,131.0,133.0,20,137.0,140.0,140.0,136.0,41.0,5699.0,75
2023-05-10 21:52:49,MA401C2350,MA401C2350,136.0,0.0,0.0,0.0,7,131.0,132.5,10,137.0,140.0,140.0,136.0,41.0,5699.0,75
2023-05-10 21:53:02,MA401C2350,MA401C2350,136.0,0.0,0.0,0.0,7,131.0,132.5,20,137.0,140.0,140.0,136.0,41.0,5699.0,75
2023-05-10 21:53:23,MA401C2350,MA401C2350,136.0,0.0,0.0,0.0,7,131.0,132.5,10,137.0,140.0,140.0,136.0,41.0,5699.0,75
2023-05-10 21:53:24,MA401C2350,MA401C2350,136.0,0.0,0.0,0.0,7,131.0,132.5,20,137.0,140.0,140.0,136.0,41.0,5699.0,75
2023-05-10 21:53:28,MA401C2350,MA401C2350,136.0,0.0,0.0,0.0,7,131.0,132.0,10,137.0,140.0,140.0,136.0,41.0,5699.0,75
2023-05-10 21:53:36,MA401C2350,MA401C2350,136.0,0.0,0.0,0.0,7,131.0,132.5,20,137.0,140.0,140.0,136.0,41.0,5699.0,75
2023-05-10 21:53:43,MA401C2350,MA401C2350,136.0,0.0,0.0,0.0,7,131.0,132.0,10,137.0,140.0,140.0,136.0,41.0,5699.0,75
2023-05-10 21:53:45,MA401C2350,MA401C2350,136.0,0.0,0.0,0.0,7,131.0,132.5,20,137.0,140.0,140.0,136.0,41.0,5699.0,75
2023-05-10 21:53:46,MA401C2350,MA401C2350,136.0,0.0,0.0,0.0,7,131.0,132.0,10,137.0,140.0,140.0,136.0,41.0,5699.0,75
2023-05-10 21:53:56,MA401C2350,MA401C2350,136.0,0.0,0.0,0.0,7,130.5,132.0,10,137.0,140.0,140.0,136.0,41.0,5699.0,75
2023-05-10 21:53:58,MA401C2350,MA401C2350,136.0,0.0,0.0,0.0,7,130.5,131.5,10,137.0,140.0,140.0,136.0,41.0,5699.0,75
2023-05-10 21:53:59,MA401C2350,MA401C2350,136.0,0.0,0.0,0.0,7,130.5,132.0,10,137.0,140.0,140.0,136.0,41.0,5699.0,75
2023-05-10 21:53:59,MA401C2350,MA401C2350,136.0,0.0,0.0,0.0,7,130.5,131.5,10,137.0,140.0,140.0,136.0,41.0,5699.0,75
2023-05-10 21:54:01,MA401C2350,MA401C2350,136.0,0.0,0.0,0.0,7,130.5,132.0,10,137.0,140.0,140.0,136.0,41.0,5699.0,75
2023-05-10 21:54:03,MA401C2350,MA401C2350,136.0,0.0,0.0,0.0,7,130.5,131.5,10,137.0,140.0,140.0,136.0,41.0,5699.0,75
2023-05-10 21:54:04,MA401C2350,MA401C2350,136.0,0.0,0.0,0.0,7,130.5,132.0,20,137.0,140.0,140.0,136.0,41.0,5699.0,75
2023-05-10 21:54:04,MA401C2350,MA401C2350,136.0,0.0,0.0,0.0,7,130.5,131.5,10,137.0,140.0,140.0,136.0,41.0,5699.0,75
2023-05-10 21:54:05,MA401C2350,MA401C2350,136.0,0.0,0.0,0.0,7,130.5,132.0,10,137.0,140.0,140.0,136.0,41.0,5699.0,75
2023-05-10 21:54:06,MA401C2350,MA401C2350,136.0,0.0,0.0,0.0,7,130.5,131.5,10,137.0,140.0,140.0,136.0,41.0,5699.0,75
2023-05-10 21:54:08,MA401C2350,MA401C2350,131.5,10.0,1313.5,10.0,27,130.5,132.5,7,137.0,140.0,140.0,131.5,51.0,7012.5,85
2023-05-10 21:54:14,MA401C2350,MA401C2350,131.5,0.0,0.0,0.0,27,130.5,132.5,17,137.0,140.0,140.0,131.5,51.0,7012.5,85
2023-05-10 21:54:25,MA401C2350,MA401C2350,131.5,0.0,0.0,0.0,17,130.5,132.5,17,137.0,140.0,140.0,131.5,51.0,7012.5,85
2023-05-10 21:54:28,MA401C2350,MA401C2350,131.5,0.0,0.0,0.0,7,130.5,132.5,17,137.0,140.0,140.0,131.5,51.0,7012.5,85
2023-05-10 21:54:32,MA401C2350,MA401C2350,131.5,0.0,0.0,0.0,7,130.5,132.0,10,137.0,140.0,140.0,131.5,51.0,7012.5,85
2023-05-10 21:54:33,MA401C2350,MA401C2350,131.5,0.0,0.0,0.0,11,130.0,132.0,10,137.0,140.0,140.0,131.5,51.0,7012.5,85
2023-05-10 21:54:35,MA401C2350,MA401C2350,131.5,0.0,0.0,0.0,18,130.0,132.0,10,137.0,140.0,140.0,131.5,51.0,7012.5,85
2023-05-10 21:54:40,MA401C2350,MA401C2350,131.5,0.0,0.0,0.0,28,130.0,132.5,17,137.0,140.0,140.0,131.5,51.0,7012.5,85
2023-05-10 21:54:44,MA401C2350,MA401C2350,131.5,0.0,0.0,0.0,17,130.5,132.5,17,137.0,140.0,140.0,131.5,51.0,7012.5,85
2023-05-10 21:55:14,MA401C2350,MA401C2350,131.5,0.0,0.0,0.0,10,131.0,132.5,17,137.0,140.0,140.0,131.5,51.0,7012.5,85
2023-05-10 21:55:18,MA401C2350,MA401C2350,131.5,0.0,0.0,0.0,17,130.5,132.5,17,137.0,140.0,140.0,131.5,51.0,7012.5,85
2023-05-10 21:55:20,MA401C2350,MA401C2350,131.5,0.0,0.0,0.0,27,130.5,132.5,7,137.0,140.0,140.0,131.5,51.0,7012.5,85
2023-05-10 21:55:26,MA401C2350,MA401C2350,131.5,0.0,0.0,0.0,27,130.5,132.5,17,137.0,140.0,140.0,131.5,51.0,7012.5,85
2023-05-10 21:55:37,MA401C2350,MA401C2350,131.5,0.0,0.0,0.0,27,131.0,133.0,17,137.0,140.0,140.0,131.5,51.0,7012.5,85
2023-05-10 21:55:38,MA401C2350,MA401C2350,131.5,0.0,0.0,0.0,17,131.0,133.0,17,137.0,140.0,140.0,131.5,51.0,7012.5,85
2023-05-10 21:55:39,MA401C2350,MA401C2350,131.5,0.0,0.0,0.0,7,131.0,133.0,17,137.0,140.0,140.0,131.5,51.0,7012.5,85
2023-05-10 21:55:49,MA401C2350,MA401C2350,131.5,0.0,0.0,0.0,17,131.0,133.0,17,137.0,140.0,140.0,131.5,51.0,7012.5,85
2023-05-10 21:55:54,MA401C2350,MA401C2350,131.5,0.0,0.0,0.0,10,131.5,133.0,17,137.0,140.0,140.0,131.5,51.0,7012.5,85
2023-05-10 21:55:54,MA401C2350,MA401C2350,131.5,0.0,0.0,0.0,17,131.0,133.0,17,137.0,140.0,140.0,131.5,51.0,7012.5,85
2023-05-10 21:56:03,MA401C2350,MA401C2350,131.5,0.0,0.0,0.0,10,131.5,133.0,17,137.0,140.0,140.0,131.5,51.0,7012.5,85
2023-05-10 21:56:25,MA401C2350,MA401C2350,131.5,0.0,0.0,0.0,10,131.5,133.0,7,137.0,140.0,140.0,131.5,51.0,7012.5,85
2023-05-10 21:56:27,MA401C2350,MA401C2350,131.5,0.0,0.0,0.0,27,131.0,133.0,7,137.0,140.0,140.0,131.5,51.0,7012.5,85
2023-05-10 21:56:27,MA401C2350,MA401C2350,131.5,0.0,0.0,0.0,10,131.5,133.0,7,137.0,140.0,140.0,131.5,51.0,7012.5,85
2023-05-10 21:56:28,MA401C2350,MA401C2350,131.5,0.0,0.0,0.0,27,131.0,133.0,7,137.0,140.0,140.0,131.5,51.0,7012.5,85
2023-05-10 21:56:31,MA401C2350,MA401C2350,131.5,0.0,0.0,0.0,27,131.0,133.0,17,137.0,140.0,140.0,131.5,51.0,7012.5,85
2023-05-10 21:56:54,MA401C2350,MA401C2350,131.5,0.0,0.0,0.0,17,131.0,133.0,17,137.0,140.0,140.0,131.5,51.0,7012.5,85
2023-05-10 21:57:00,MA401C2350,MA401C2350,131.5,0.0,0.0,0.0,17,131.0,132.5,10,137.0,140.0,140.0,131.5,51.0,7012.5,85
2023-05-10 21:57:00,MA401C2350,MA401C2350,131.5,0.0,0.0,0.0,7,131.0,132.5,10,137.0,140.0,140.0,131.5,51.0,7012.5,85
2023-05-10 21:57:10,MA401C2350,MA401C2350,131.5,0.0,0.0,0.0,7,131.0,133.0,17,137.0,140.0,140.0,131.5,51.0,7012.5,85
2023-05-10 21:57:36,MA401C2350,MA401C2350,131.5,0.0,0.0,0.0,17,131.0,133.0,17,137.0,140.0,140.0,131.5,51.0,7012.5,85
2023-05-10 21:57:36,MA401C2350,MA401C2350,131.5,0.0,0.0,0.0,7,131.0,133.0,17,137.0,140.0,140.0,131.5,51.0,7012.5,85
2023-05-10 21:57:37,MA401C2350,MA401C2350,131.5,0.0,0.0,0.0,17,131.0,133.0,17,137.0,140.0,140.0,131.5,51.0,7012.5,85
2023-05-10 21:57:39,MA401C2350,MA401C2350,131.5,0.0,0.0,0.0,7,131.0,133.0,17,137.0,140.0,140.0,131.5,51.0,7012.5,85
2023-05-10 21:57:40,MA401C2350,MA401C2350,131.5,0.0,0.0,0.0,17,131.0,133.0,17,137.0,140.0,140.0,131.5,51.0,7012.5,85
2023-05-10 21:57:40,MA401C2350,MA401C2350,131.5,0.0,0.0,0.0,7,131.0,133.0,17,137.0,140.0,140.0,131.5,51.0,7012.5,85
2023-05-10 21:57:48,MA401C2350,MA401C2350,131.5,0.0,0.0,0.0,17,131.0,133.0,17,137.0,140.0,140.0,131.5,51.0,7012.5,85
2023-05-10 21:57:56,MA401C2350,MA401C2350,131.5,0.0,0.0,0.0,7,131.0,133.0,17,137.0,140.0,140.0,131.5,51.0,7012.5,85
2023-05-10 21:58:10,MA401C2350,MA401C2350,131.5,0.0,0.0,0.0,7,131.0,132.5,10,137.0,140.0,140.0,131.5,51.0,7012.5,85
2023-05-10 21:58:17,MA401C2350,MA401C2350,131.5,0.0,0.0,0.0,7,130.5,132.0,10,137.0,140.0,140.0,131.5,51.0,7012.5,85
2023-05-10 21:59:02,MA401C2350,MA401C2350,131.5,0.0,0.0,0.0,1,130.0,132.0,10,137.0,140.0,140.0,131.5,51.0,7012.5,85
2023-05-10 21:59:03,MA401C2350,MA401C2350,131.5,0.0,0.0,0.0,1,130.0,131.5,10,137.0,140.0,140.0,131.5,51.0,7012.5,85
2023-05-10 21:59:08,MA401C2350,MA401C2350,131.5,0.0,0.0,0.0,1,130.0,131.0,10,137.0,140.0,140.0,131.5,51.0,7012.5,85
2023-05-10 21:59:11,MA401C2350,MA401C2350,130.0,1.0,137.5,0.0,10,129.0,131.0,17,137.0,140.0,140.0,130.0,52.0,7150.0,85
2023-05-10 21:59:11,MA401C2350,MA401C2350,130.0,0.0,0.0,0.0,20,128.0,131.0,7,137.0,140.0,140.0,130.0,52.0,7150.0,85
2023-05-10 21:59:12,MA401C2350,MA401C2350,130.0,0.0,0.0,0.0,10,128.5,131.0,17,137.0,140.0,140.0,130.0,52.0,7150.0,85
2023-05-10 21:59:13,MA401C2350,MA401C2350,130.0,0.0,0.0,0.0,20,128.5,131.0,17,137.0,140.0,140.0,130.0,52.0,7150.0,85
2023-05-10 21:59:13,MA401C2350,MA401C2350,130.0,0.0,0.0,0.0,10,128.0,131.0,7,137.0,140.0,140.0,130.0,52.0,7150.0,85
2023-05-10 21:59:14,MA401C2350,MA401C2350,130.0,0.0,0.0,0.0,20,127.5,131.0,7,137.0,140.0,140.0,130.0,52.0,7150.0,85
2023-05-10 21:59:14,MA401C2350,MA401C2350,130.0,0.0,0.0,0.0,10,128.0,131.0,7,137.0,140.0,140.0,130.0,52.0,7150.0,85
2023-05-10 21:59:15,MA401C2350,MA401C2350,130.0,0.0,0.0,0.0,10,128.5,130.5,10,137.0,140.0,140.0,130.0,52.0,7150.0,85
2023-05-10 21:59:16,MA401C2350,MA401C2350,130.0,0.0,0.0,0.0,7,128.5,130.5,10,137.0,140.0,140.0,130.0,52.0,7150.0,85
2023-05-10 21:59:20,MA401C2350,MA401C2350,130.0,0.0,0.0,0.0,7,128.5,130.0,10,137.0,140.0,140.0,130.0,52.0,7150.0,85
2023-05-10 21:59:25,MA401C2350,MA401C2350,130.0,0.0,0.0,0.0,17,128.5,130.5,17,137.0,140.0,140.0,130.0,52.0,7150.0,85
2023-05-10 21:59:28,MA401C2350,MA401C2350,130.0,0.0,0.0,0.0,17,128.5,130.5,10,137.0,140.0,140.0,130.0,52.0,7150.0,85
2023-05-10 21:59:28,MA401C2350,MA401C2350,130.0,0.0,0.0,0.0,27,128.5,130.5,10,137.0,140.0,140.0,130.0,52.0,7150.0,85
2023-05-10 21:59:29,MA401C2350,MA401C2350,130.0,0.0,0.0,0.0,17,129.0,131.0,17,137.0,140.0,140.0,130.0,52.0,7150.0,85
2023-05-10 21:59:29,MA401C2350,MA401C2350,130.0,0.0,0.0,0.0,7,129.0,131.0,17,137.0,140.0,140.0,130.0,52.0,7150.0,85
2023-05-10 21:59:30,MA401C2350,MA401C2350,130.0,0.0,0.0,0.0,7,129.0,130.5,10,137.0,140.0,140.0,130.0,52.0,7150.0,85
2023-05-10 21:59:33,MA401C2350,MA401C2350,130.0,0.0,0.0,0.0,7,129.0,131.0,7,137.0,140.0,140.0,130.0,52.0,7150.0,85
2023-05-10 21:59:33,MA401C2350,MA401C2350,130.0,0.0,0.0,0.0,7,129.0,130.5,10,137.0,140.0,140.0,130.0,52.0,7150.0,85
2023-05-10 21:59:34,MA401C2350,MA401C2350,130.0,0.0,0.0,0.0,7,129.0,131.0,7,137.0,140.0,140.0,130.0,52.0,7150.0,85
2023-05-10 21:59:35,MA401C2350,MA401C2350,130.0,0.0,0.0,0.0,7,129.0,130.5,10,137.0,140.0,140.0,130.0,52.0,7150.0,85
2023-05-10 21:59:41,MA401C2350,MA401C2350,130.0,0.0,0.0,0.0,7,129.0,131.0,7,137.0,140.0,140.0,130.0,52.0,7150.0,85
2023-05-10 21:59:41,MA401C2350,MA401C2350,130.0,0.0,0.0,0.0,7,129.0,130.5,10,137.0,140.0,140.0,130.0,52.0,7150.0,85
2023-05-10 21:59:42,MA401C2350,MA401C2350,130.0,0.0,0.0,0.0,17,129.0,131.0,17,137.0,140.0,140.0,130.0,52.0,7150.0,85
2023-05-10 21:59:46,MA401C2350,MA401C2350,130.0,0.0,0.0,0.0,7,129.0,131.0,17,137.0,140.0,140.0,130.0,52.0,7150.0,85
2023-05-10 21:59:50,MA401C2350,MA401C2350,130.0,0.0,0.0,0.0,17,129.0,131.0,17,137.0,140.0,140.0,130.0,52.0,7150.0,85
2023-05-10 21:59:58,MA401C2350,MA401C2350,130.0,0.0,0.0,0.0,27,129.0,131.0,10,137.0,140.0,140.0,130.0,52.0,7150.0,85
2023-05-10 22:00:00,MA401C2350,MA401C2350,130.0,0.0,0.0,0.0,7,129.0,131.0,10,137.0,140.0,140.0,130.0,52.0,7150.0,85
2023-05-10 22:00:01,MA401C2350,MA401C2350,130.0,0.0,0.0,0.0,27,129.0,131.5,10,137.0,140.0,140.0,130.0,52.0,7150.0,85
2023-05-10 22:00:02,MA401C2350,MA401C2350,130.0,0.0,0.0,0.0,10,129.5,131.5,10,137.0,140.0,140.0,130.0,52.0,7150.0,85
2023-05-10 22:00:03,MA401C2350,MA401C2350,130.0,0.0,0.0,0.0,10,129.5,132.0,7,137.0,140.0,140.0,130.0,52.0,7150.0,85
2023-05-10 22:00:03,MA401C2350,MA401C2350,130.0,0.0,0.0,0.0,10,130.0,132.0,7,137.0,140.0,140.0,130.0,52.0,7150.0,85
2023-05-10 22:00:07,MA401C2350,MA401C2350,130.0,0.0,0.0,0.0,17,130.0,132.0,7,137.0,140.0,140.0,130.0,52.0,7150.0,85
2023-05-10 22:00:08,MA401C2350,MA401C2350,130.0,0.0,0.0,0.0,17,130.0,132.0,17,137.0,140.0,140.0,130.0,52.0,7150.0,85
2023-05-10 22:00:13,MA401C2350,MA401C2350,130.0,0.0,0.0,0.0,17,130.0,132.0,7,137.0,140.0,140.0,130.0,52.0,7150.0,85
2023-05-10 22:00:16,MA401C2350,MA401C2350,130.0,0.0,0.0,0.0,27,130.0,132.0,17,137.0,140.0,140.0,130.0,52.0,7150.0,85
2023-05-10 22:00:19,MA401C2350,MA401C2350,130.0,0.0,0.0,0.0,27,130.0,132.0,7,137.0,140.0,140.0,130.0,52.0,7150.0,85
2023-05-10 22:00:21,MA401C2350,MA401C2350,130.0,0.0,0.0,0.0,27,130.0,132.5,10,137.0,140.0,140.0,130.0,52.0,7150.0,85
2023-05-10 22:00:22,MA401C2350,MA401C2350,130.0,0.0,0.0,0.0,10,130.5,132.5,10,137.0,140.0,140.0,130.0,52.0,7150.0,85
2023-05-10 22:00:22,MA401C2350,MA401C2350,130.0,0.0,0.0,0.0,10,130.5,133.0,7,137.0,140.0,140.0,130.0,52.0,7150.0,85
2023-05-10 22:00:23,MA401C2350,MA401C2350,130.0,0.0,0.0,0.0,17,130.5,133.0,7,137.0,140.0,140.0,130.0,52.0,7150.0,85
2023-05-10 22:00:24,MA401C2350,MA401C2350,130.0,0.0,0.0,0.0,27,130.5,132.5,10,137.0,140.0,140.0,130.0,52.0,7150.0,85
2023-05-10 22:00:25,MA401C2350,MA401C2350,130.0,0.0,0.0,0.0,17,130.5,133.0,7,137.0,140.0,140.0,130.0,52.0,7150.0,85
2023-05-10 22:00:25,MA401C2350,MA401C2350,130.0,0.0,0.0,0.0,27,130.5,132.5,10,137.0,140.0,140.0,130.0,52.0,7150.0,85
2023-05-10 22:00:26,MA401C2350,MA401C2350,130.0,0.0,0.0,0.0,17,130.5,133.0,7,137.0,140.0,140.0,130.0,52.0,7150.0,85
2023-05-10 22:00:27,MA401C2350,MA401C2350,130.0,0.0,0.0,0.0,10,131.0,133.0,7,137.0,140.0,140.0,130.0,52.0,7150.0,85
2023-05-10 22:00:29,MA401C2350,MA401C2350,130.0,0.0,0.0,0.0,20,131.0,133.0,17,137.0,140.0,140.0,130.0,52.0,7150.0,85
2023-05-10 22:00:30,MA401C2350,MA401C2350,130.0,0.0,0.0,0.0,10,131.0,134.0,10,137.0,140.0,140.0,130.0,52.0,7150.0,85
2023-05-10 22:00:30,MA401C2350,MA401C2350,130.0,0.0,0.0,0.0,20,131.0,133.0,10,137.0,140.0,140.0,130.0,52.0,7150.0,85
2023-05-10 22:00:31,MA401C2350,MA401C2350,130.0,0.0,0.0,0.0,17,131.0,134.0,10,137.0,140.0,140.0,130.0,52.0,7150.0,85
2023-05-10 22:00:33,MA401C2350,MA401C2350,130.0,0.0,0.0,0.0,7,131.0,133.0,10,137.0,140.0,140.0,130.0,52.0,7150.0,85
2023-05-10 22:00:34,MA401C2350,MA401C2350,130.0,0.0,0.0,0.0,17,131.0,133.0,10,137.0,140.0,140.0,130.0,52.0,7150.0,85
2023-05-10 22:00:34,MA401C2350,MA401C2350,130.0,0.0,0.0,0.0,7,131.0,133.0,10,137.0,140.0,140.0,130.0,52.0,7150.0,85
2023-05-10 22:00:36,MA401C2350,MA401C2350,130.0,0.0,0.0,0.0,7,131.0,133.5,7,137.0,140.0,140.0,130.0,52.0,7150.0,85
2023-05-10 22:00:36,MA401C2350,MA401C2350,130.0,0.0,0.0,0.0,7,131.0,133.0,10,137.0,140.0,140.0,130.0,52.0,7150.0,85
2023-05-10 22:00:38,MA401C2350,MA401C2350,130.0,0.0,0.0,0.0,27,131.0,133.0,10,137.0,140.0,140.0,130.0,52.0,7150.0,85
2023-05-10 22:00:39,MA401C2350,MA401C2350,130.0,0.0,0.0,0.0,17,131.5,133.5,7,137.0,140.0,140.0,130.0,52.0,7150.0,85
2023-05-10 22:00:40,MA401C2350,MA401C2350,130.0,0.0,0.0,0.0,7,131.5,134.5,10,137.0,140.0,140.0,130.0,52.0,7150.0,85
2023-05-10 22:00:40,MA401C2350,MA401C2350,130.0,0.0,0.0,0.0,17,131.5,134.5,10,137.0,140.0,140.0,130.0,52.0,7150.0,85
2023-05-10 22:00:42,MA401C2350,MA401C2350,130.0,0.0,0.0,0.0,7,131.5,133.5,10,137.0,140.0,140.0,130.0,52.0,7150.0,85
2023-05-10 22:00:42,MA401C2350,MA401C2350,130.0,0.0,0.0,0.0,7,131.5,134.5,10,137.0,140.0,140.0,130.0,52.0,7150.0,85
2023-05-10 22:00:43,MA401C2350,MA401C2350,130.0,0.0,0.0,0.0,17,131.5,134.5,10,137.0,140.0,140.0,130.0,52.0,7150.0,85
2023-05-10 22:00:44,MA401C2350,MA401C2350,130.0,0.0,0.0,0.0,7,131.5,134.5,10,137.0,140.0,140.0,130.0,52.0,7150.0,85
2023-05-10 22:00:44,MA401C2350,MA401C2350,130.0,0.0,0.0,0.0,27,131.5,133.5,10,137.0,140.0,140.0,130.0,52.0,7150.0,85
2023-05-10 22:00:45,MA401C2350,MA401C2350,130.0,0.0,0.0,0.0,7,132.0,133.5,10,137.0,140.0,140.0,130.0,52.0,7150.0,85
2023-05-10 22:00:46,MA401C2350,MA401C2350,130.0,0.0,0.0,0.0,7,132.0,135.0,10,137.0,140.0,140.0,130.0,52.0,7150.0,85
2023-05-10 22:00:47,MA401C2350,MA401C2350,130.0,0.0,0.0,0.0,17,132.0,135.0,10,137.0,140.0,140.0,130.0,52.0,7150.0,85
2023-05-10 22:00:49,MA401C2350,MA401C2350,130.0,0.0,0.0,0.0,10,132.5,135.0,10,137.0,140.0,140.0,130.0,52.0,7150.0,85
2023-05-10 22:00:50,MA401C2350,MA401C2350,130.0,0.0,0.0,0.0,17,132.0,135.0,10,137.0,140.0,140.0,130.0,52.0,7150.0,85
2023-05-10 22:00:52,MA401C2350,MA401C2350,130.0,0.0,0.0,0.0,17,132.0,134.5,7,137.0,140.0,140.0,130.0,52.0,7150.0,85
2023-05-10 22:00:52,MA401C2350,MA401C2350,130.0,0.0,0.0,0.0,27,132.0,134.0,10,137.0,140.0,140.0,130.0,52.0,7150.0,85
2023-05-10 22:00:53,MA401C2350,MA401C2350,130.0,0.0,0.0,0.0,17,132.0,134.0,10,137.0,140.0,140.0,130.0,52.0,7150.0,85
2023-05-10 22:00:54,MA401C2350,MA401C2350,130.0,0.0,0.0,0.0,17,132.0,134.5,17,137.0,140.0,140.0,130.0,52.0,7150.0,85
2023-05-10 22:00:54,MA401C2350,MA401C2350,130.0,0.0,0.0,0.0,7,132.0,134.0,10,137.0,140.0,140.0,130.0,52.0,7150.0,85
2023-05-10 22:00:57,MA401C2350,MA401C2350,130.0,0.0,0.0,0.0,17,132.0,134.0,10,137.0,140.0,140.0,130.0,52.0,7150.0,85
2023-05-10 22:01:01,MA401C2350,MA401C2350,130.0,0.0,0.0,0.0,7,132.0,134.0,10,137.0,140.0,140.0,130.0,52.0,7150.0,85
2023-05-10 22:01:02,MA401C2350,MA401C2350,130.0,0.0,0.0,0.0,7,132.0,133.5,10,137.0,140.0,140.0,130.0,52.0,7150.0,85
2023-05-10 22:01:09,MA401C2350,MA401C2350,130.0,0.0,0.0,0.0,7,132.0,134.0,17,137.0,140.0,140.0,130.0,52.0,7150.0,85
2023-05-10 22:01:10,MA401C2350,MA401C2350,130.0,0.0,0.0,0.0,7,132.0,133.5,10,137.0,140.0,140.0,130.0,52.0,7150.0,85
2023-05-10 22:01:48,MA401C2350,MA401C2350,130.0,0.0,0.0,0.0,17,131.5,133.5,17,137.0,140.0,140.0,130.0,52.0,7150.0,85
2023-05-10 22:01:48,MA401C2350,MA401C2350,130.0,0.0,0.0,0.0,7,131.5,133.5,17,137.0,140.0,140.0,130.0,52.0,7150.0,85
2023-05-10 22:02:04,MA401C2350,MA401C2350,130.0,0.0,0.0,0.0,7,131.5,133.0,10,137.0,140.0,140.0,130.0,52.0,7150.0,85
2023-05-10 22:02:07,MA401C2350,MA401C2350,130.0,0.0,0.0,0.0,7,131.5,133.5,17,137.0,140.0,140.0,130.0,52.0,7150.0,85
2023-05-10 22:02:25,MA401C2350,MA401C2350,130.0,0.0,0.0,0.0,27,131.5,133.5,7,137.0,140.0,140.0,130.0,52.0,7150.0,85
2023-05-10 22:02:29,MA401C2350,MA401C2350,130.0,0.0,0.0,0.0,27,131.5,133.5,17,137.0,140.0,140.0,130.0,52.0,7150.0,85
2023-05-10 22:02:29,MA401C2350,MA401C2350,130.0,0.0,0.0,0.0,17,131.5,133.5,17,137.0,140.0,140.0,130.0,52.0,7150.0,85
2023-05-10 22:02:32,MA401C2350,MA401C2350,130.0,0.0,0.0,0.0,7,131.5,133.5,17,137.0,140.0,140.0,130.0,52.0,7150.0,85
2023-05-10 22:02:42,MA401C2350,MA401C2350,130.0,0.0,0.0,0.0,17,131.5,133.5,17,137.0,140.0,140.0,130.0,52.0,7150.0,85
2023-05-10 22:02:52,MA401C2350,MA401C2350,130.0,0.0,0.0,0.0,7,131.5,133.5,17,137.0,140.0,140.0,130.0,52.0,7150.0,85
2023-05-10 22:02:52,MA401C2350,MA401C2350,130.0,0.0,0.0,0.0,17,131.5,133.5,17,137.0,140.0,140.0,130.0,52.0,7150.0,85
2023-05-10 22:02:55,MA401C2350,MA401C2350,130.0,0.0,0.0,0.0,7,131.5,133.5,17,137.0,140.0,140.0,130.0,52.0,7150.0,85
2023-05-10 22:02:59,MA401C2350,MA401C2350,130.0,0.0,0.0,0.0,17,131.5,133.5,17,137.0,140.0,140.0,130.0,52.0,7150.0,85
2023-05-10 22:03:00,MA401C2350,MA401C2350,130.0,0.0,0.0,0.0,7,131.5,133.0,10,137.0,140.0,140.0,130.0,52.0,7150.0,85
2023-05-10 22:03:08,MA401C2350,MA401C2350,130.0,0.0,0.0,0.0,30,130.5,133.0,10,137.0,140.0,140.0,130.0,52.0,7150.0,85
2023-05-10 22:03:08,MA401C2350,MA401C2350,130.0,0.0,0.0,0.0,20,130.5,133.0,10,137.0,140.0,140.0,130.0,52.0,7150.0,85
2023-05-10 22:03:08,MA401C2350,MA401C2350,130.0,0.0,0.0,0.0,27,130.5,133.0,10,137.0,140.0,140.0,130.0,52.0,7150.0,85
2023-05-10 22:03:10,MA401C2350,MA401C2350,130.0,0.0,0.0,0.0,7,131.0,133.0,10,137.0,140.0,140.0,130.0,52.0,7150.0,85
2023-05-10 22:03:24,MA401C2350,MA401C2350,130.0,0.0,0.0,0.0,7,131.0,132.5,10,137.0,140.0,140.0,130.0,52.0,7150.0,85
2023-05-10 22:03:48,MA401C2350,MA401C2350,130.0,0.0,0.0,0.0,7,130.5,132.5,10,137.0,140.0,140.0,130.0,52.0,7150.0,85
2023-05-10 22:03:56,MA401C2350,MA401C2350,130.0,0.0,0.0,0.0,7,130.5,132.5,17,137.0,140.0,140.0,130.0,52.0,7150.0,85
2023-05-10 22:04:02,MA401C2350,MA401C2350,130.0,0.0,0.0,0.0,7,130.5,132.0,10,137.0,140.0,140.0,130.0,52.0,7150.0,85
2023-05-10 22:04:05,MA401C2350,MA401C2350,130.0,0.0,0.0,0.0,17,130.5,132.0,10,137.0,140.0,140.0,130.0,52.0,7150.0,85
2023-05-10 22:04:07,MA401C2350,MA401C2350,130.0,0.0,0.0,0.0,7,130.5,132.0,10,137.0,140.0,140.0,130.0,52.0,7150.0,85
2023-05-10 22:04:08,MA401C2350,MA401C2350,130.0,0.0,0.0,0.0,17,130.5,132.0,10,137.0,140.0,140.0,130.0,52.0,7150.0,85
2023-05-10 22:04:13,MA401C2350,MA401C2350,130.0,0.0,0.0,0.0,7,130.5,132.5,10,137.0,140.0,140.0,130.0,52.0,7150.0,85
2023-05-10 22:04:29,MA401C2350,MA401C2350,130.0,0.0,0.0,0.0,7,130.5,132.0,10,137.0,140.0,140.0,130.0,52.0,7150.0,85
2023-05-10 22:05:10,MA401C2350,MA401C2350,130.0,0.0,0.0,0.0,30,129.5,132.0,10,137.0,140.0,140.0,130.0,52.0,7150.0,85
2023-05-10 22:05:10,MA401C2350,MA401C2350,130.0,0.0,0.0,0.0,20,129.5,132.0,10,137.0,140.0,140.0,130.0,52.0,7150.0,85
2023-05-10 22:05:12,MA401C2350,MA401C2350,130.0,0.0,0.0,0.0,10,129.5,132.0,10,137.0,140.0,140.0,130.0,52.0,7150.0,85
2023-05-10 22:05:14,MA401C2350,MA401C2350,130.0,0.0,0.0,0.0,10,129.5,132.0,17,137.0,140.0,140.0,130.0,52.0,7150.0,85
2023-05-10 22:05:15,MA401C2350,MA401C2350,130.0,0.0,0.0,0.0,17,129.5,132.0,17,137.0,140.0,140.0,130.0,52.0,7150.0,85
2023-05-10 22:05:17,MA401C2350,MA401C2350,130.0,0.0,0.0,0.0,27,129.5,132.0,17,137.0,140.0,140.0,130.0,52.0,7150.0,85
2023-05-10 22:05:20,MA401C2350,MA401C2350,130.0,0.0,0.0,0.0,7,130.0,132.0,17,137.0,140.0,140.0,130.0,52.0,7150.0,85
2023-05-10 22:05:24,MA401C2350,MA401C2350,130.0,0.0,0.0,0.0,17,130.0,132.0,17,137.0,140.0,140.0,130.0,52.0,7150.0,85
2023-05-10 22:05:25,MA401C2350,MA401C2350,130.0,0.0,0.0,0.0,7,130.0,132.0,17,137.0,140.0,140.0,130.0,52.0,7150.0,85
2023-05-10 22:05:33,MA401C2350,MA401C2350,130.0,0.0,0.0,0.0,7,130.0,131.5,10,137.0,140.0,140.0,130.0,52.0,7150.0,85
2023-05-10 22:05:49,MA401C2350,MA401C2350,130.0,0.0,0.0,0.0,7,130.0,132.0,17,137.0,140.0,140.0,130.0,52.0,7150.0,85
2023-05-10 22:05:57,MA401C2350,MA401C2350,130.0,0.0,0.0,0.0,17,130.0,132.0,10,137.0,140.0,140.0,130.0,52.0,7150.0,85
2023-05-10 22:05:59,MA401C2350,MA401C2350,130.0,0.0,0.0,0.0,7,130.5,132.0,10,137.0,140.0,140.0,130.0,52.0,7150.0,85
2023-05-10 22:06:13,MA401C2350,MA401C2350,130.0,0.0,0.0,0.0,7,130.5,132.5,17,137.0,140.0,140.0,130.0,52.0,7150.0,85
2023-05-10 22:06:22,MA401C2350,MA401C2350,130.0,0.0,0.0,0.0,27,130.5,133.0,10,137.0,140.0,140.0,130.0,52.0,7150.0,85
2023-05-10 22:06:28,MA401C2350,MA401C2350,130.0,0.0,0.0,0.0,7,131.0,133.0,10,137.0,140.0,140.0,130.0,52.0,7150.0,85
2023-05-10 22:06:47,MA401C2350,MA401C2350,130.0,0.0,0.0,0.0,17,131.0,133.5,17,137.0,140.0,140.0,130.0,52.0,7150.0,85
2023-05-10 22:06:49,MA401C2350,MA401C2350,130.0,0.0,0.0,0.0,17,131.0,133.0,10,137.0,140.0,140.0,130.0,52.0,7150.0,85
2023-05-10 22:06:53,MA401C2350,MA401C2350,130.0,0.0,0.0,0.0,17,131.0,133.0,17,137.0,140.0,140.0,130.0,52.0,7150.0,85
2023-05-10 22:06:54,MA401C2350,MA401C2350,130.0,0.0,0.0,0.0,7,131.0,133.0,17,137.0,140.0,140.0,130.0,52.0,7150.0,85
2023-05-10 22:06:54,MA401C2350,MA401C2350,130.0,0.0,0.0,0.0,7,131.0,132.5,10,137.0,140.0,140.0,130.0,52.0,7150.0,85
2023-05-10 22:07:00,MA401C2350,MA401C2350,130.0,0.0,0.0,0.0,7,131.0,133.0,17,137.0,140.0,140.0,130.0,52.0,7150.0,85
2023-05-10 22:07:08,MA401C2350,MA401C2350,130.0,0.0,0.0,0.0,27,131.0,133.0,7,137.0,140.0,140.0,130.0,52.0,7150.0,85
2023-05-10 22:07:08,MA401C2350,MA401C2350,130.0,0.0,0.0,0.0,27,131.0,133.0,17,137.0,140.0,140.0,130.0,52.0,7150.0,85
2023-05-10 22:07:12,MA401C2350,MA401C2350,130.0,0.0,0.0,0.0,27,131.0,133.0,10,137.0,140.0,140.0,130.0,52.0,7150.0,85
2023-05-10 22:07:15,MA401C2350,MA401C2350,130.0,0.0,0.0,0.0,7,131.5,133.0,10,137.0,140.0,140.0,130.0,52.0,7150.0,85
2023-05-10 22:07:16,MA401C2350,MA401C2350,130.0,0.0,0.0,0.0,17,131.5,133.0,10,137.0,140.0,140.0,130.0,52.0,7150.0,85
2023-05-10 22:07:21,MA401C2350,MA401C2350,130.0,0.0,0.0,0.0,17,131.5,133.5,17,137.0,140.0,140.0,130.0,52.0,7150.0,85
2023-05-10 22:07:33,MA401C2350,MA401C2350,130.0,0.0,0.0,0.0,17,131.5,133.5,10,137.0,140.0,140.0,130.0,52.0,7150.0,85
2023-05-10 22:07:35,MA401C2350,MA401C2350,130.0,0.0,0.0,0.0,7,132.0,134.0,10,137.0,140.0,140.0,130.0,52.0,7150.0,85
2023-05-10 22:07:38,MA401C2350,MA401C2350,130.0,0.0,0.0,0.0,17,132.0,134.0,10,137.0,140.0,140.0,130.0,52.0,7150.0,85
2023-05-10 22:07:42,MA401C2350,MA401C2350,130.0,0.0,0.0,0.0,7,132.0,134.0,10,137.0,140.0,140.0,130.0,52.0,7150.0,85
2023-05-10 22:07:43,MA401C2350,MA401C2350,130.0,0.0,0.0,0.0,7,132.0,133.5,10,137.0,140.0,140.0,130.0,52.0,7150.0,85
2023-05-10 22:07:45,MA401C2350,MA401C2350,130.0,0.0,0.0,0.0,7,132.0,134.0,10,137.0,140.0,140.0,130.0,52.0,7150.0,85
2023-05-10 22:07:51,MA401C2350,MA401C2350,130.0,0.0,0.0,0.0,17,132.0,134.0,10,137.0,140.0,140.0,130.0,52.0,7150.0,85
2023-05-10 22:07:57,MA401C2350,MA401C2350,130.0,0.0,0.0,0.0,27,132.0,134.5,17,137.0,140.0,140.0,130.0,52.0,7150.0,85
2023-05-10 22:08:02,MA401C2350,MA401C2350,130.0,0.0,0.0,0.0,17,132.0,134.0,10,137.0,140.0,140.0,130.0,52.0,7150.0,85
2023-05-10 22:08:06,MA401C2350,MA401C2350,130.0,0.0,0.0,0.0,27,132.0,134.0,10,137.0,140.0,140.0,130.0,52.0,7150.0,85
2023-05-10 22:08:09,MA401C2350,MA401C2350,130.0,0.0,0.0,0.0,17,132.0,134.0,10,137.0,140.0,140.0,130.0,52.0,7150.0,85
2023-05-10 22:08:10,MA401C2350,MA401C2350,130.0,0.0,0.0,0.0,27,132.0,134.0,10,137.0,140.0,140.0,130.0,52.0,7150.0,85
2023-05-10 22:08:11,MA401C2350,MA401C2350,130.0,0.0,0.0,0.0,17,132.0,134.0,10,137.0,140.0,140.0,130.0,52.0,7150.0,85
2023-05-10 22:08:14,MA401C2350,MA401C2350,130.0,0.0,0.0,0.0,7,132.0,134.0,10,137.0,140.0,140.0,130.0,52.0,7150.0,85
2023-05-10 22:08:22,MA401C2350,MA401C2350,130.0,0.0,0.0,0.0,17,132.0,134.0,10,137.0,140.0,140.0,130.0,52.0,7150.0,85
2023-05-10 22:08:23,MA401C2350,MA401C2350,130.0,0.0,0.0,0.0,27,132.0,134.5,17,137.0,140.0,140.0,130.0,52.0,7150.0,85
2023-05-10 22:08:23,MA401C2350,MA401C2350,130.0,0.0,0.0,0.0,17,132.0,134.0,10,137.0,140.0,140.0,130.0,52.0,7150.0,85
2023-05-10 22:08:26,MA401C2350,MA401C2350,130.0,0.0,0.0,0.0,27,132.0,134.0,10,137.0,140.0,140.0,130.0,52.0,7150.0,85
2023-05-10 22:08:27,MA401C2350,MA401C2350,130.0,0.0,0.0,0.0,17,132.0,134.0,10,137.0,140.0,140.0,130.0,52.0,7150.0,85
2023-05-10 22:08:27,MA401C2350,MA401C2350,130.0,0.0,0.0,0.0,7,132.0,134.0,10,137.0,140.0,140.0,130.0,52.0,7150.0,85
2023-05-10 22:08:45,MA401C2350,MA401C2350,130.0,0.0,0.0,0.0,17,132.0,134.0,10,137.0,140.0,140.0,130.0,52.0,7150.0,85
2023-05-10 22:08:47,MA401C2350,MA401C2350,130.0,0.0,0.0,0.0,7,132.0,134.0,10,137.0,140.0,140.0,130.0,52.0,7150.0,85
2023-05-10 22:08:49,MA401C2350,MA401C2350,130.0,0.0,0.0,0.0,27,132.0,134.5,17,137.0,140.0,140.0,130.0,52.0,7150.0,85
2023-05-10 22:08:51,MA401C2350,MA401C2350,130.0,0.0,0.0,0.0,20,132.5,134.5,7,137.0,140.0,140.0,130.0,52.0,7150.0,85
2023-05-10 22:08:52,MA401C2350,MA401C2350,130.0,0.0,0.0,0.0,20,132.5,134.5,10,137.0,140.0,140.0,130.0,52.0,7150.0,85
2023-05-10 22:08:52,MA401C2350,MA401C2350,130.0,0.0,0.0,0.0,7,133.0,134.5,10,137.0,140.0,140.0,130.0,52.0,7150.0,85
2023-05-10 22:08:55,MA401C2350,MA401C2350,130.0,0.0,0.0,0.0,27,132.0,134.0,10,137.0,140.0,140.0,130.0,52.0,7150.0,85
2023-05-10 22:08:55,MA401C2350,MA401C2350,130.0,0.0,0.0,0.0,17,132.0,134.0,10,137.0,140.0,140.0,130.0,52.0,7150.0,85
2023-05-10 22:08:56,MA401C2350,MA401C2350,130.0,0.0,0.0,0.0,7,132.0,134.0,10,137.0,140.0,140.0,130.0,52.0,7150.0,85
2023-05-10 22:08:56,MA401C2350,MA401C2350,130.0,0.0,0.0,0.0,17,132.0,134.0,10,137.0,140.0,140.0,130.0,52.0,7150.0,85
2023-05-10 22:09:00,MA401C2350,MA401C2350,130.0,0.0,0.0,0.0,7,132.0,134.0,10,137.0,140.0,140.0,130.0,52.0,7150.0,85
2023-05-10 22:09:04,MA401C2350,MA401C2350,130.0,0.0,0.0,0.0,17,132.0,134.5,17,137.0,140.0,140.0,130.0,52.0,7150.0,85
2023-05-10 22:09:07,MA401C2350,MA401C2350,130.0,0.0,0.0,0.0,17,132.0,134.0,10,137.0,140.0,140.0,130.0,52.0,7150.0,85
2023-05-10 22:09:09,MA401C2350,MA401C2350,130.0,0.0,0.0,0.0,7,132.0,134.0,10,137.0,140.0,140.0,130.0,52.0,7150.0,85
2023-05-10 22:09:16,MA401C2350,MA401C2350,130.0,0.0,0.0,0.0,17,132.0,134.5,17,137.0,140.0,140.0,130.0,52.0,7150.0,85
2023-05-10 22:09:28,MA401C2350,MA401C2350,130.0,0.0,0.0,0.0,17,132.0,134.0,10,137.0,140.0,140.0,130.0,52.0,7150.0,85
2023-05-10 22:09:33,MA401C2350,MA401C2350,130.0,0.0,0.0,0.0,27,132.0,134.5,17,137.0,140.0,140.0,130.0,52.0,7150.0,85
2023-05-10 22:09:34,MA401C2350,MA401C2350,130.0,0.0,0.0,0.0,17,132.0,134.5,17,137.0,140.0,140.0,130.0,52.0,7150.0,85
2023-05-10 22:09:34,MA401C2350,MA401C2350,130.0,0.0,0.0,0.0,17,132.0,134.0,10,137.0,140.0,140.0,130.0,52.0,7150.0,85
2023-05-10 22:09:43,MA401C2350,MA401C2350,130.0,0.0,0.0,0.0,7,132.0,134.0,10,137.0,140.0,140.0,130.0,52.0,7150.0,85
2023-05-10 22:09:52,MA401C2350,MA401C2350,130.0,0.0,0.0,0.0,7,132.0,133.5,10,137.0,140.0,140.0,130.0,52.0,7150.0,85
2023-05-10 22:09:56,MA401C2350,MA401C2350,130.0,0.0,0.0,0.0,7,132.0,134.0,17,137.0,140.0,140.0,130.0,52.0,7150.0,85
2023-05-10 22:10:04,MA401C2350,MA401C2350,130.0,0.0,0.0,0.0,7,132.0,133.5,10,137.0,140.0,140.0,130.0,52.0,7150.0,85
2023-05-10 22:10:08,MA401C2350,MA401C2350,130.0,0.0,0.0,0.0,30,131.0,133.5,10,137.0,140.0,140.0,130.0,52.0,7150.0,85
2023-05-10 22:10:09,MA401C2350,MA401C2350,130.0,0.0,0.0,0.0,20,131.0,133.0,10,137.0,140.0,140.0,130.0,52.0,7150.0,85
2023-05-10 22:10:09,MA401C2350,MA401C2350,130.0,0.0,0.0,0.0,10,131.0,133.0,10,137.0,140.0,140.0,130.0,52.0,7150.0,85
2023-05-10 22:10:10,MA401C2350,MA401C2350,130.0,0.0,0.0,0.0,17,131.0,133.0,10,137.0,140.0,140.0,130.0,52.0,7150.0,85
2023-05-10 22:10:14,MA401C2350,MA401C2350,130.0,0.0,0.0,0.0,27,131.0,133.0,10,137.0,140.0,140.0,130.0,52.0,7150.0,85
2023-05-10 22:10:16,MA401C2350,MA401C2350,130.0,0.0,0.0,0.0,17,131.0,133.0,10,137.0,140.0,140.0,130.0,52.0,7150.0,85
2023-05-10 22:10:18,MA401C2350,MA401C2350,130.0,0.0,0.0,0.0,27,131.0,133.0,10,137.0,140.0,140.0,130.0,52.0,7150.0,85
2023-05-10 22:10:20,MA401C2350,MA401C2350,130.0,0.0,0.0,0.0,17,131.0,133.0,10,137.0,140.0,140.0,130.0,52.0,7150.0,85
2023-05-10 22:10:37,MA401C2350,MA401C2350,130.0,0.0,0.0,0.0,7,131.0,133.0,10,137.0,140.0,140.0,130.0,52.0,7150.0,85
2023-05-10 22:10:41,MA401C2350,MA401C2350,130.0,0.0,0.0,0.0,7,131.0,132.5,10,137.0,140.0,140.0,130.0,52.0,7150.0,85
2023-05-10 22:11:09,MA401C2350,MA401C2350,130.0,0.0,0.0,0.0,7,131.0,133.0,17,137.0,140.0,140.0,130.0,52.0,7150.0,85
2023-05-10 22:11:19,MA401C2350,MA401C2350,130.0,0.0,0.0,0.0,17,131.0,133.0,17,137.0,140.0,140.0,130.0,52.0,7150.0,85
2023-05-10 22:11:22,MA401C2350,MA401C2350,130.0,0.0,0.0,0.0,7,131.0,133.0,17,137.0,140.0,140.0,130.0,52.0,7150.0,85
2023-05-10 22:12:02,MA401C2350,MA401C2350,130.0,0.0,0.0,0.0,7,131.0,132.5,10,137.0,140.0,140.0,130.0,52.0,7150.0,85
2023-05-10 22:12:23,MA401C2350,MA401C2350,130.0,0.0,0.0,0.0,20,130.0,132.5,10,137.0,140.0,140.0,130.0,52.0,7150.0,85
2023-05-10 22:12:24,MA401C2350,MA401C2350,130.0,0.0,0.0,0.0,27,130.0,132.5,10,137.0,140.0,140.0,130.0,52.0,7150.0,85
2023-05-10 22:12:27,MA401C2350,MA401C2350,130.0,0.0,0.0,0.0,27,130.0,132.5,17,137.0,140.0,140.0,130.0,52.0,7150.0,85
2023-05-10 22:12:30,MA401C2350,MA401C2350,130.0,0.0,0.0,0.0,17,130.0,132.5,17,137.0,140.0,140.0,130.0,52.0,7150.0,85
2023-05-10 22:12:32,MA401C2350,MA401C2350,130.0,0.0,0.0,0.0,17,130.0,132.0,10,137.0,140.0,140.0,130.0,52.0,7150.0,85
2023-05-10 22:12:43,MA401C2350,MA401C2350,130.0,0.0,0.0,0.0,7,130.0,132.0,10,137.0,140.0,140.0,130.0,52.0,7150.0,85
2023-05-10 22:12:52,MA401C2350,MA401C2350,130.0,0.0,0.0,0.0,17,130.0,132.0,10,137.0,140.0,140.0,130.0,52.0,7150.0,85
2023-05-10 22:12:53,MA401C2350,MA401C2350,130.0,0.0,0.0,0.0,7,130.0,132.0,10,137.0,140.0,140.0,130.0,52.0,7150.0,85
2023-05-10 22:12:54,MA401C2350,MA401C2350,130.0,0.0,0.0,0.0,17,130.0,132.0,10,137.0,140.0,140.0,130.0,52.0,7150.0,85
2023-05-10 22:12:55,MA401C2350,MA401C2350,130.0,0.0,0.0,0.0,7,130.0,132.0,10,137.0,140.0,140.0,130.0,52.0,7150.0,85
2023-05-10 22:12:56,MA401C2350,MA401C2350,130.0,0.0,0.0,0.0,17,130.0,132.0,10,137.0,140.0,140.0,130.0,52.0,7150.0,85
2023-05-10 22:13:00,MA401C2350,MA401C2350,130.0,0.0,0.0,0.0,7,130.0,132.0,10,137.0,140.0,140.0,130.0,52.0,7150.0,85
2023-05-10 22:13:01,MA401C2350,MA401C2350,130.0,0.0,0.0,0.0,17,130.0,132.0,10,137.0,140.0,140.0,130.0,52.0,7150.0,85
2023-05-10 22:13:02,MA401C2350,MA401C2350,130.0,0.0,0.0,0.0,7,130.0,132.0,10,137.0,140.0,140.0,130.0,52.0,7150.0,85
2023-05-10 22:13:03,MA401C2350,MA401C2350,130.0,0.0,0.0,0.0,17,130.0,132.0,10,137.0,140.0,140.0,130.0,52.0,7150.0,85
2023-05-10 22:13:05,MA401C2350,MA401C2350,130.0,0.0,0.0,0.0,7,130.0,132.0,10,137.0,140.0,140.0,130.0,52.0,7150.0,85
2023-05-10 22:13:11,MA401C2350,MA401C2350,130.0,0.0,0.0,0.0,17,130.0,132.0,10,137.0,140.0,140.0,130.0,52.0,7150.0,85
2023-05-10 22:13:23,MA401C2350,MA401C2350,130.0,0.0,0.0,0.0,27,130.0,132.5,17,137.0,140.0,140.0,130.0,52.0,7150.0,85
2023-05-10 22:13:42,MA401C2350,MA401C2350,130.0,0.0,0.0,0.0,17,130.0,132.5,17,137.0,140.0,140.0,130.0,52.0,7150.0,85
2023-05-10 22:13:49,MA401C2350,MA401C2350,130.0,0.0,0.0,0.0,17,130.0,132.0,10,137.0,140.0,140.0,130.0,52.0,7150.0,85
2023-05-10 22:13:51,MA401C2350,MA401C2350,130.0,0.0,0.0,0.0,27,130.0,132.0,10,137.0,140.0,140.0,130.0,52.0,7150.0,85
2023-05-10 22:13:56,MA401C2350,MA401C2350,130.0,0.0,0.0,0.0,17,130.0,132.0,10,137.0,140.0,140.0,130.0,52.0,7150.0,85
2023-05-10 22:14:02,MA401C2350,MA401C2350,130.0,0.0,0.0,0.0,27,130.0,132.0,10,137.0,140.0,140.0,130.0,52.0,7150.0,85
2023-05-10 22:14:06,MA401C2350,MA401C2350,130.0,0.0,0.0,0.0,7,130.0,132.0,10,137.0,140.0,140.0,130.0,52.0,7150.0,85
2023-05-10 22:14:07,MA401C2350,MA401C2350,130.0,0.0,0.0,0.0,7,130.0,131.5,10,137.0,140.0,140.0,130.0,52.0,7150.0,85
2023-05-10 22:14:45,MA401C2350,MA401C2350,130.0,0.0,0.0,0.0,17,130.0,132.0,7,137.0,140.0,140.0,130.0,52.0,7150.0,85
2023-05-10 22:14:45,MA401C2350,MA401C2350,130.0,0.0,0.0,0.0,17,130.0,132.0,17,137.0,140.0,140.0,130.0,52.0,7150.0,85
2023-05-10 22:14:47,MA401C2350,MA401C2350,130.0,0.0,0.0,0.0,27,130.0,132.0,17,137.0,140.0,140.0,130.0,52.0,7150.0,85
2023-05-10 22:14:59,MA401C2350,MA401C2350,130.0,0.0,0.0,0.0,17,130.0,132.0,17,137.0,140.0,140.0,130.0,52.0,7150.0,85
2023-05-10 22:14:59,MA401C2350,MA401C2350,130.0,0.0,0.0,0.0,7,130.0,132.0,17,137.0,140.0,140.0,130.0,52.0,7150.0,85
2023-05-10 22:15:00,MA401C2350,MA401C2350,130.0,0.0,0.0,0.0,17,130.0,132.0,17,137.0,140.0,140.0,130.0,52.0,7150.0,85
2023-05-10 22:15:00,MA401C2350,MA401C2350,130.0,0.0,0.0,0.0,7,130.0,132.0,17,137.0,140.0,140.0,130.0,52.0,7150.0,85
2023-05-10 22:15:01,MA401C2350,MA401C2350,130.0,0.0,0.0,0.0,17,130.0,132.0,17,137.0,140.0,140.0,130.0,52.0,7150.0,85
2023-05-10 22:15:16,MA401C2350,MA401C2350,130.0,0.0,0.0,0.0,17,130.0,132.0,10,137.0,140.0,140.0,130.0,52.0,7150.0,85
2023-05-10 22:15:17,MA401C2350,MA401C2350,130.0,0.0,0.0,0.0,27,130.0,132.5,17,137.0,140.0,140.0,130.0,52.0,7150.0,85
2023-05-10 22:15:26,MA401C2350,MA401C2350,130.0,0.0,0.0,0.0,27,130.0,132.0,10,137.0,140.0,140.0,130.0,52.0,7150.0,85
2023-05-10 22:15:26,MA401C2350,MA401C2350,130.0,0.0,0.0,0.0,7,130.0,132.0,10,137.0,140.0,140.0,130.0,52.0,7150.0,85
2023-05-10 22:15:29,MA401C2350,MA401C2350,130.0,0.0,0.0,0.0,17,130.0,132.0,10,137.0,140.0,140.0,130.0,52.0,7150.0,85
2023-05-10 22:15:34,MA401C2350,MA401C2350,130.0,0.0,0.0,0.0,7,130.0,132.0,10,137.0,140.0,140.0,130.0,52.0,7150.0,85
2023-05-10 22:15:36,MA401C2350,MA401C2350,130.0,0.0,0.0,0.0,17,130.0,132.0,10,137.0,140.0,140.0,130.0,52.0,7150.0,85
2023-05-10 22:15:36,MA401C2350,MA401C2350,130.0,0.0,0.0,0.0,27,130.0,132.5,17,137.0,140.0,140.0,130.0,52.0,7150.0,85
2023-05-10 22:15:39,MA401C2350,MA401C2350,130.0,0.0,0.0,0.0,27,130.0,132.0,10,137.0,140.0,140.0,130.0,52.0,7150.0,85
2023-05-10 22:15:40,MA401C2350,MA401C2350,130.0,0.0,0.0,0.0,17,130.0,132.0,10,137.0,140.0,140.0,130.0,52.0,7150.0,85
2023-05-10 22:15:45,MA401C2350,MA401C2350,130.0,0.0,0.0,0.0,27,130.0,132.0,10,137.0,140.0,140.0,130.0,52.0,7150.0,85
2023-05-10 22:16:01,MA401C2350,MA401C2350,130.0,0.0,0.0,0.0,17,130.0,132.0,10,137.0,140.0,140.0,130.0,52.0,7150.0,85
2023-05-10 22:16:01,MA401C2350,MA401C2350,130.0,0.0,0.0,0.0,7,130.0,132.0,10,137.0,140.0,140.0,130.0,52.0,7150.0,85
2023-05-10 22:16:06,MA401C2350,MA401C2350,130.0,0.0,0.0,0.0,7,130.0,131.5,10,137.0,140.0,140.0,130.0,52.0,7150.0,85
2023-05-10 22:16:25,MA401C2350,MA401C2350,130.0,0.0,0.0,0.0,10,129.5,131.5,10,137.0,140.0,140.0,130.0,52.0,7150.0,85
2023-05-10 22:16:28,MA401C2350,MA401C2350,130.0,0.0,0.0,0.0,20,129.0,131.5,10,137.0,140.0,140.0,130.0,52.0,7150.0,85
2023-05-10 22:16:29,MA401C2350,MA401C2350,130.0,0.0,0.0,0.0,20,129.0,131.5,17,137.0,140.0,140.0,130.0,52.0,7150.0,85
2023-05-10 22:16:30,MA401C2350,MA401C2350,130.0,0.0,0.0,0.0,27,129.0,131.5,17,137.0,140.0,140.0,130.0,52.0,7150.0,85
2023-05-10 22:16:44,MA401C2350,MA401C2350,130.0,0.0,0.0,0.0,7,129.5,131.5,17,137.0,140.0,140.0,130.0,52.0,7150.0,85
2023-05-10 22:16:45,MA401C2350,MA401C2350,130.0,0.0,0.0,0.0,17,129.5,131.5,17,137.0,140.0,140.0,130.0,52.0,7150.0,85
2023-05-10 22:16:46,MA401C2350,MA401C2350,130.0,0.0,0.0,0.0,7,129.5,131.5,17,137.0,140.0,140.0,130.0,52.0,7150.0,85
2023-05-10 22:16:53,MA401C2350,MA401C2350,130.0,0.0,0.0,0.0,7,129.5,131.0,10,137.0,140.0,140.0,130.0,52.0,7150.0,85
2023-05-10 22:16:55,MA401C2350,MA401C2350,130.0,0.0,0.0,0.0,27,129.0,131.0,10,137.0,140.0,140.0,130.0,52.0,7150.0,85
2023-05-10 22:16:56,MA401C2350,MA401C2350,130.0,0.0,0.0,0.0,7,129.0,131.0,10,137.0,140.0,140.0,130.0,52.0,7150.0,85
2023-05-10 22:16:59,MA401C2350,MA401C2350,130.0,0.0,0.0,0.0,7,129.0,130.5,10,137.0,140.0,140.0,130.0,52.0,7150.0,85
2023-05-10 22:17:02,MA401C2350,MA401C2350,130.0,0.0,0.0,0.0,7,129.0,131.0,17,137.0,140.0,140.0,130.0,52.0,7150.0,85
2023-05-10 22:17:03,MA401C2350,MA401C2350,130.0,0.0,0.0,0.0,17,129.0,131.0,17,137.0,140.0,140.0,130.0,52.0,7150.0,85
2023-05-10 22:17:03,MA401C2350,MA401C2350,130.0,0.0,0.0,0.0,7,129.0,131.0,17,137.0,140.0,140.0,130.0,52.0,7150.0,85
2023-05-10 22:17:04,MA401C2350,MA401C2350,130.0,0.0,0.0,0.0,7,129.0,130.5,10,137.0,140.0,140.0,130.0,52.0,7150.0,85
2023-05-10 22:17:17,MA401C2350,MA401C2350,130.0,0.0,0.0,0.0,17,129.0,131.0,7,137.0,140.0,140.0,130.0,52.0,7150.0,85
2023-05-10 22:17:19,MA401C2350,MA401C2350,130.0,0.0,0.0,0.0,17,129.0,131.0,17,137.0,140.0,140.0,130.0,52.0,7150.0,85
2023-05-10 22:17:21,MA401C2350,MA401C2350,130.0,0.0,0.0,0.0,27,129.0,131.0,10,137.0,140.0,140.0,130.0,52.0,7150.0,85
2023-05-10 22:17:21,MA401C2350,MA401C2350,130.0,0.0,0.0,0.0,17,129.0,131.0,10,137.0,140.0,140.0,130.0,52.0,7150.0,85
2023-05-10 22:17:22,MA401C2350,MA401C2350,130.0,0.0,0.0,0.0,7,129.0,131.0,10,137.0,140.0,140.0,130.0,52.0,7150.0,85
2023-05-10 22:17:22,MA401C2350,MA401C2350,130.0,0.0,0.0,0.0,17,129.0,131.0,10,137.0,140.0,140.0,130.0,52.0,7150.0,85
2023-05-10 22:17:24,MA401C2350,MA401C2350,130.0,0.0,0.0,0.0,7,129.0,131.0,10,137.0,140.0,140.0,130.0,52.0,7150.0,85
2023-05-10 22:18:00,MA401C2350,MA401C2350,130.0,0.0,0.0,0.0,7,129.0,130.5,10,137.0,140.0,140.0,130.0,52.0,7150.0,85
2023-05-10 22:18:21,MA401C2350,MA401C2350,130.0,0.0,0.0,0.0,10,128.5,130.5,10,137.0,140.0,140.0,130.0,52.0,7150.0,85
2023-05-10 22:18:21,MA401C2350,MA401C2350,130.0,0.0,0.0,0.0,20,128.0,130.5,10,137.0,140.0,140.0,130.0,52.0,7150.0,85
2023-05-10 22:18:22,MA401C2350,MA401C2350,130.0,0.0,0.0,0.0,7,128.5,130.5,10,137.0,140.0,140.0,130.0,52.0,7150.0,85
2023-05-10 22:18:30,MA401C2350,MA401C2350,130.0,0.0,0.0,0.0,7,128.5,130.0,10,137.0,140.0,140.0,130.0,52.0,7150.0,85
2023-05-10 22:18:36,MA401C2350,MA401C2350,130.0,0.0,0.0,0.0,17,128.5,130.5,10,137.0,140.0,140.0,130.0,52.0,7150.0,85
2023-05-10 22:18:36,MA401C2350,MA401C2350,130.0,0.0,0.0,0.0,27,128.5,130.5,10,137.0,140.0,140.0,130.0,52.0,7150.0,85
2023-05-10 22:18:36,MA401C2350,MA401C2350,130.0,0.0,0.0,0.0,7,128.5,130.5,10,137.0,140.0,140.0,130.0,52.0,7150.0,85
2023-05-10 22:18:40,MA401C2350,MA401C2350,130.0,0.0,0.0,0.0,17,128.5,130.5,10,137.0,140.0,140.0,130.0,52.0,7150.0,85
2023-05-10 22:18:40,MA401C2350,MA401C2350,130.0,0.0,0.0,0.0,7,128.5,130.5,10,137.0,140.0,140.0,130.0,52.0,7150.0,85
2023-05-10 22:18:41,MA401C2350,MA401C2350,130.0,0.0,0.0,0.0,17,128.5,130.5,10,137.0,140.0,140.0,130.0,52.0,7150.0,85
2023-05-10 22:18:41,MA401C2350,MA401C2350,130.0,0.0,0.0,0.0,7,128.5,130.5,10,137.0,140.0,140.0,130.0,52.0,7150.0,85
2023-05-10 22:18:42,MA401C2350,MA401C2350,130.0,0.0,0.0,0.0,17,128.5,130.5,10,137.0,140.0,140.0,130.0,52.0,7150.0,85
2023-05-10 22:18:42,MA401C2350,MA401C2350,130.0,0.0,0.0,0.0,7,128.5,130.5,10,137.0,140.0,140.0,130.0,52.0,7150.0,85
2023-05-10 22:18:47,MA401C2350,MA401C2350,130.0,0.0,0.0,0.0,7,128.5,130.5,17,137.0,140.0,140.0,130.0,52.0,7150.0,85
2023-05-10 22:18:54,MA401C2350,MA401C2350,130.0,0.0,0.0,0.0,7,128.5,130.0,10,137.0,140.0,140.0,130.0,52.0,7150.0,85
2023-05-10 22:18:58,MA401C2350,MA401C2350,130.0,0.0,0.0,0.0,17,128.5,130.5,17,137.0,140.0,140.0,130.0,52.0,7150.0,85
2023-05-10 22:19:00,MA401C2350,MA401C2350,130.0,0.0,0.0,0.0,7,128.5,130.5,17,137.0,140.0,140.0,130.0,52.0,7150.0,85
2023-05-10 22:19:01,MA401C2350,MA401C2350,130.0,0.0,0.0,0.0,7,128.5,130.0,10,137.0,140.0,140.0,130.0,52.0,7150.0,85
2023-05-10 22:19:08,MA401C2350,MA401C2350,130.0,0.0,0.0,0.0,20,127.5,130.0,10,137.0,140.0,140.0,130.0,52.0,7150.0,85
2023-05-10 22:19:09,MA401C2350,MA401C2350,130.0,0.0,0.0,0.0,20,127.5,129.5,10,137.0,140.0,140.0,130.0,52.0,7150.0,85
2023-05-10 22:19:09,MA401C2350,MA401C2350,130.0,0.0,0.0,0.0,10,127.0,130.5,17,137.0,140.0,140.0,130.0,52.0,7150.0,85
2023-05-10 22:19:10,MA401C2350,MA401C2350,130.0,0.0,0.0,0.0,20,127.0,129.5,10,137.0,140.0,140.0,130.0,52.0,7150.0,85
2023-05-10 22:19:10,MA401C2350,MA401C2350,130.0,0.0,0.0,0.0,20,127.0,129.0,10,137.0,140.0,140.0,130.0,52.0,7150.0,85
2023-05-10 22:19:12,MA401C2350,MA401C2350,130.0,0.0,0.0,0.0,7,127.5,129.5,10,137.0,140.0,140.0,130.0,52.0,7150.0,85
2023-05-10 22:19:21,MA401C2350,MA401C2350,130.0,0.0,0.0,0.0,7,127.5,129.0,10,137.0,140.0,140.0,130.0,52.0,7150.0,85
2023-05-10 22:19:32,MA401C2350,MA401C2350,130.0,0.0,0.0,0.0,20,126.5,129.0,10,137.0,140.0,140.0,130.0,52.0,7150.0,85
2023-05-10 22:19:33,MA401C2350,MA401C2350,130.0,0.0,0.0,0.0,20,126.5,128.5,10,137.0,140.0,140.0,130.0,52.0,7150.0,85
2023-05-10 22:19:34,MA401C2350,MA401C2350,130.0,0.0,0.0,0.0,27,126.5,128.5,10,137.0,140.0,140.0,130.0,52.0,7150.0,85
2023-05-10 22:19:35,MA401C2350,MA401C2350,130.0,0.0,0.0,0.0,7,127.0,129.0,10,137.0,140.0,140.0,130.0,52.0,7150.0,85
2023-05-10 22:19:36,MA401C2350,MA401C2350,130.0,0.0,0.0,0.0,17,127.0,129.0,10,137.0,140.0,140.0,130.0,52.0,7150.0,85
2023-05-10 22:19:37,MA401C2350,MA401C2350,130.0,0.0,0.0,0.0,7,127.0,129.0,10,137.0,140.0,140.0,130.0,52.0,7150.0,85
2023-05-10 22:19:38,MA401C2350,MA401C2350,130.0,0.0,0.0,0.0,17,127.0,129.0,10,137.0,140.0,140.0,130.0,52.0,7150.0,85
2023-05-10 22:19:41,MA401C2350,MA401C2350,130.0,0.0,0.0,0.0,7,127.0,129.0,10,137.0,140.0,140.0,130.0,52.0,7150.0,85
2023-05-10 22:19:42,MA401C2350,MA401C2350,130.0,0.0,0.0,0.0,7,127.0,128.5,10,137.0,140.0,140.0,130.0,52.0,7150.0,85
2023-05-10 22:19:44,MA401C2350,MA401C2350,130.0,0.0,0.0,0.0,17,127.0,128.5,10,137.0,140.0,140.0,130.0,52.0,7150.0,85
2023-05-10 22:19:45,MA401C2350,MA401C2350,130.0,0.0,0.0,0.0,7,127.0,128.5,10,137.0,140.0,140.0,130.0,52.0,7150.0,85
2023-05-10 22:19:52,MA401C2350,MA401C2350,130.0,0.0,0.0,0.0,17,127.0,128.5,10,137.0,140.0,140.0,130.0,52.0,7150.0,85
2023-05-10 22:19:53,MA401C2350,MA401C2350,130.0,0.0,0.0,0.0,7,127.0,128.5,10,137.0,140.0,140.0,130.0,52.0,7150.0,85
2023-05-10 22:19:54,MA401C2350,MA401C2350,130.0,0.0,0.0,0.0,7,127.0,129.0,17,137.0,140.0,140.0,130.0,52.0,7150.0,85
2023-05-10 22:20:02,MA401C2350,MA401C2350,130.0,0.0,0.0,0.0,17,127.0,129.0,17,137.0,140.0,140.0,130.0,52.0,7150.0,85
2023-05-10 22:20:02,MA401C2350,MA401C2350,130.0,0.0,0.0,0.0,7,127.0,129.0,17,137.0,140.0,140.0,130.0,52.0,7150.0,85
2023-05-10 22:20:14,MA401C2350,MA401C2350,130.0,0.0,0.0,0.0,17,127.0,129.0,17,137.0,140.0,140.0,130.0,52.0,7150.0,85
2023-05-10 22:20:21,MA401C2350,MA401C2350,130.0,0.0,0.0,0.0,17,127.0,129.0,10,137.0,140.0,140.0,130.0,52.0,7150.0,85
2023-05-10 22:20:21,MA401C2350,MA401C2350,130.0,0.0,0.0,0.0,27,127.0,129.5,17,137.0,140.0,140.0,130.0,52.0,7150.0,85
2023-05-10 22:20:23,MA401C2350,MA401C2350,130.0,0.0,0.0,0.0,7,127.5,129.5,17,137.0,140.0,140.0,130.0,52.0,7150.0,85
2023-05-10 22:20:39,MA401C2350,MA401C2350,130.0,0.0,0.0,0.0,17,127.5,129.5,17,137.0,140.0,140.0,130.0,52.0,7150.0,85
2023-05-10 22:20:39,MA401C2350,MA401C2350,130.0,0.0,0.0,0.0,17,127.5,129.5,10,137.0,140.0,140.0,130.0,52.0,7150.0,85
2023-05-10 22:20:43,MA401C2350,MA401C2350,130.0,0.0,0.0,0.0,7,128.0,129.5,10,137.0,140.0,140.0,130.0,52.0,7150.0,85
2023-05-10 22:20:56,MA401C2350,MA401C2350,130.0,0.0,0.0,0.0,7,128.0,130.0,17,137.0,140.0,140.0,130.0,52.0,7150.0,85
2023-05-10 22:20:56,MA401C2350,MA401C2350,130.0,0.0,0.0,0.0,7,128.0,129.5,10,137.0,140.0,140.0,130.0,52.0,7150.0,85
2023-05-10 22:21:09,MA401C2350,MA401C2350,130.0,0.0,0.0,0.0,7,128.0,130.0,17,137.0,140.0,140.0,130.0,52.0,7150.0,85
2023-05-10 22:21:51,MA401C2350,MA401C2350,130.0,0.0,0.0,0.0,17,128.0,130.0,17,137.0,140.0,140.0,130.0,52.0,7150.0,85
2023-05-10 22:21:56,MA401C2350,MA401C2350,130.0,0.0,0.0,0.0,17,128.0,130.0,10,137.0,140.0,140.0,130.0,52.0,7150.0,85
2023-05-10 22:21:57,MA401C2350,MA401C2350,130.0,0.0,0.0,0.0,27,128.0,130.5,17,137.0,140.0,140.0,130.0,52.0,7150.0,85
2023-05-10 22:21:59,MA401C2350,MA401C2350,130.0,0.0,0.0,0.0,27,128.0,130.0,10,137.0,140.0,140.0,130.0,52.0,7150.0,85
2023-05-10 22:22:05,MA401C2350,MA401C2350,130.0,0.0,0.0,0.0,17,128.0,130.0,10,137.0,140.0,140.0,130.0,52.0,7150.0,85
2023-05-10 22:22:11,MA401C2350,MA401C2350,130.0,0.0,0.0,0.0,27,128.0,130.5,17,137.0,140.0,140.0,130.0,52.0,7150.0,85
2023-05-10 22:22:12,MA401C2350,MA401C2350,130.0,0.0,0.0,0.0,27,128.0,130.0,10,137.0,140.0,140.0,130.0,52.0,7150.0,85
2023-05-10 22:22:12,MA401C2350,MA401C2350,130.0,0.0,0.0,0.0,7,128.5,130.0,10,137.0,140.0,140.0,130.0,52.0,7150.0,85
2023-05-10 22:22:33,MA401C2350,MA401C2350,130.0,0.0,0.0,0.0,17,128.5,130.0,10,137.0,140.0,140.0,130.0,52.0,7150.0,85
2023-05-10 22:22:37,MA401C2350,MA401C2350,130.0,0.0,0.0,0.0,7,128.5,130.0,10,137.0,140.0,140.0,130.0,52.0,7150.0,85
2023-05-10 22:23:08,MA401C2350,MA401C2350,130.0,0.0,0.0,0.0,7,128.0,129.5,10,137.0,140.0,140.0,130.0,52.0,7150.0,85
2023-05-10 22:24:04,MA401C2350,MA401C2350,130.0,0.0,0.0,0.0,17,128.0,130.0,17,137.0,140.0,140.0,130.0,52.0,7150.0,85
2023-05-10 22:24:10,MA401C2350,MA401C2350,130.0,0.0,0.0,0.0,27,128.0,130.0,17,137.0,140.0,140.0,130.0,52.0,7150.0,85
2023-05-10 22:24:10,MA401C2350,MA401C2350,130.0,0.0,0.0,0.0,17,128.0,130.0,17,137.0,140.0,140.0,130.0,52.0,7150.0,85
2023-05-10 22:24:11,MA401C2350,MA401C2350,130.0,0.0,0.0,0.0,27,128.0,130.0,17,137.0,140.0,140.0,130.0,52.0,7150.0,85
2023-05-10 22:24:11,MA401C2350,MA401C2350,130.0,0.0,0.0,0.0,17,128.0,130.0,17,137.0,140.0,140.0,130.0,52.0,7150.0,85
2023-05-10 22:24:21,MA401C2350,MA401C2350,130.0,0.0,0.0,0.0,27,128.0,130.0,17,137.0,140.0,140.0,130.0,52.0,7150.0,85
2023-05-10 22:24:23,MA401C2350,MA401C2350,130.0,0.0,0.0,0.0,27,128.0,130.0,10,137.0,140.0,140.0,130.0,52.0,7150.0,85
2023-05-10 22:24:23,MA401C2350,MA401C2350,130.0,0.0,0.0,0.0,10,128.5,130.5,17,137.0,140.0,140.0,130.0,52.0,7150.0,85
2023-05-10 22:24:25,MA401C2350,MA401C2350,130.0,0.0,0.0,0.0,27,128.0,130.5,17,137.0,140.0,140.0,130.0,52.0,7150.0,85
2023-05-10 22:24:33,MA401C2350,MA401C2350,130.0,0.0,0.0,0.0,27,128.0,130.0,10,137.0,140.0,140.0,130.0,52.0,7150.0,85
2023-05-10 22:24:39,MA401C2350,MA401C2350,130.0,0.0,0.0,0.0,17,128.0,130.0,10,137.0,140.0,140.0,130.0,52.0,7150.0,85
2023-05-10 22:24:46,MA401C2350,MA401C2350,130.0,0.0,0.0,0.0,7,128.0,130.0,10,137.0,140.0,140.0,130.0,52.0,7150.0,85
2023-05-10 22:24:56,MA401C2350,MA401C2350,130.0,0.0,0.0,0.0,7,128.0,129.5,10,137.0,140.0,140.0,130.0,52.0,7150.0,85
2023-05-10 22:24:59,MA401C2350,MA401C2350,130.0,0.0,0.0,0.0,7,128.0,130.0,17,137.0,140.0,140.0,130.0,52.0,7150.0,85
2023-05-10 22:25:01,MA401C2350,MA401C2350,130.0,0.0,0.0,0.0,7,128.0,129.5,10,137.0,140.0,140.0,130.0,52.0,7150.0,85
2023-05-10 22:25:07,MA401C2350,MA401C2350,130.0,0.0,0.0,0.0,17,128.0,130.0,17,137.0,140.0,140.0,130.0,52.0,7150.0,85
2023-05-10 22:25:08,MA401C2350,MA401C2350,130.0,0.0,0.0,0.0,7,128.0,130.0,17,137.0,140.0,140.0,130.0,52.0,7150.0,85
2023-05-10 22:25:13,MA401C2350,MA401C2350,130.0,0.0,0.0,0.0,7,128.0,129.5,10,137.0,140.0,140.0,130.0,52.0,7150.0,85
2023-05-10 22:25:24,MA401C2350,MA401C2350,130.0,0.0,0.0,0.0,7,128.0,130.0,17,137.0,140.0,140.0,130.0,52.0,7150.0,85
2023-05-10 22:25:39,MA401C2350,MA401C2350,130.0,0.0,0.0,0.0,17,128.0,130.0,17,137.0,140.0,140.0,130.0,52.0,7150.0,85
2023-05-10 22:25:44,MA401C2350,MA401C2350,130.0,0.0,0.0,0.0,7,128.0,130.0,17,137.0,140.0,140.0,130.0,52.0,7150.0,85
2023-05-10 22:25:49,MA401C2350,MA401C2350,130.0,0.0,0.0,0.0,7,128.0,129.5,10,137.0,140.0,140.0,130.0,52.0,7150.0,85
2023-05-10 22:26:08,MA401C2350,MA401C2350,130.0,0.0,0.0,0.0,7,128.0,130.0,17,137.0,140.0,140.0,130.0,52.0,7150.0,85
2023-05-10 22:26:21,MA401C2350,MA401C2350,130.0,0.0,0.0,0.0,7,128.0,129.5,10,137.0,140.0,140.0,130.0,52.0,7150.0,85
2023-05-10 22:26:29,MA401C2350,MA401C2350,130.0,0.0,0.0,0.0,7,128.0,130.0,17,137.0,140.0,140.0,130.0,52.0,7150.0,85
2023-05-10 22:26:42,MA401C2350,MA401C2350,130.0,0.0,0.0,0.0,17,128.0,130.0,17,137.0,140.0,140.0,130.0,52.0,7150.0,85
2023-05-10 22:26:47,MA401C2350,MA401C2350,130.0,0.0,0.0,0.0,7,128.0,130.0,17,137.0,140.0,140.0,130.0,52.0,7150.0,85
2023-05-10 22:26:48,MA401C2350,MA401C2350,130.0,0.0,0.0,0.0,7,128.0,129.5,10,137.0,140.0,140.0,130.0,52.0,7150.0,85
2023-05-10 22:26:49,MA401C2350,MA401C2350,130.0,0.0,0.0,0.0,27,128.0,130.0,17,137.0,140.0,140.0,130.0,52.0,7150.0,85
2023-05-10 22:26:54,MA401C2350,MA401C2350,130.0,0.0,0.0,0.0,17,128.0,130.0,17,137.0,140.0,140.0,130.0,52.0,7150.0,85
2023-05-10 22:27:11,MA401C2350,MA401C2350,130.0,0.0,0.0,0.0,17,128.0,130.0,10,137.0,140.0,140.0,130.0,52.0,7150.0,85
2023-05-10 22:27:12,MA401C2350,MA401C2350,130.0,0.0,0.0,0.0,7,128.5,130.0,10,137.0,140.0,140.0,130.0,52.0,7150.0,85
2023-05-10 22:27:23,MA401C2350,MA401C2350,130.0,0.0,0.0,0.0,17,128.5,130.5,17,137.0,140.0,140.0,130.0,52.0,7150.0,85
2023-05-10 22:27:32,MA401C2350,MA401C2350,130.0,0.0,0.0,0.0,7,128.5,130.0,10,137.0,140.0,140.0,130.0,52.0,7150.0,85
2023-05-10 22:27:43,MA401C2350,MA401C2350,130.0,0.0,0.0,0.0,7,128.5,130.5,17,137.0,140.0,140.0,130.0,52.0,7150.0,85
2023-05-10 22:27:46,MA401C2350,MA401C2350,130.0,0.0,0.0,0.0,17,128.5,130.5,17,137.0,140.0,140.0,130.0,52.0,7150.0,85
2023-05-10 22:27:54,MA401C2350,MA401C2350,130.0,0.0,0.0,0.0,7,128.5,130.0,10,137.0,140.0,140.0,130.0,52.0,7150.0,85
2023-05-10 22:28:11,MA401C2350,MA401C2350,130.0,0.0,0.0,0.0,27,128.5,130.5,17,137.0,140.0,140.0,130.0,52.0,7150.0,85
2023-05-10 22:28:15,MA401C2350,MA401C2350,130.0,0.0,0.0,0.0,17,128.5,130.5,17,137.0,140.0,140.0,130.0,52.0,7150.0,85
2023-05-10 22:28:45,MA401C2350,MA401C2350,130.0,0.0,0.0,0.0,10,129.0,130.5,10,137.0,140.0,140.0,130.0,52.0,7150.0,85
2023-05-10 22:28:48,MA401C2350,MA401C2350,130.0,0.0,0.0,0.0,17,128.5,130.5,10,137.0,140.0,140.0,130.0,52.0,7150.0,85
2023-05-10 22:28:54,MA401C2350,MA401C2350,130.0,0.0,0.0,0.0,10,129.0,130.5,10,137.0,140.0,140.0,130.0,52.0,7150.0,85
2023-05-10 22:28:57,MA401C2350,MA401C2350,130.0,0.0,0.0,0.0,17,128.5,130.5,10,137.0,140.0,140.0,130.0,52.0,7150.0,85
2023-05-10 22:29:31,MA401C2350,MA401C2350,130.0,0.0,0.0,0.0,17,128.5,130.0,10,137.0,140.0,140.0,130.0,52.0,7150.0,85
2023-05-10 22:29:32,MA401C2350,MA401C2350,130.0,0.0,0.0,0.0,7,128.5,130.0,10,137.0,140.0,140.0,130.0,52.0,7150.0,85
2023-05-10 22:29:39,MA401C2350,MA401C2350,130.0,0.0,0.0,0.0,17,128.5,130.0,10,137.0,140.0,140.0,130.0,52.0,7150.0,85
2023-05-10 22:29:46,MA401C2350,MA401C2350,130.0,0.0,0.0,0.0,17,128.5,130.5,10,137.0,140.0,140.0,130.0,52.0,7150.0,85
2023-05-10 22:29:54,MA401C2350,MA401C2350,130.0,0.0,0.0,0.0,7,128.5,130.5,10,137.0,140.0,140.0,130.0,52.0,7150.0,85
2023-05-10 22:29:58,MA401C2350,MA401C2350,130.0,0.0,0.0,0.0,17,128.5,130.5,10,137.0,140.0,140.0,130.0,52.0,7150.0,85
2023-05-10 22:29:59,MA401C2350,MA401C2350,130.0,0.0,0.0,0.0,7,128.5,130.5,10,137.0,140.0,140.0,130.0,52.0,7150.0,85
2023-05-10 22:30:00,MA401C2350,MA401C2350,130.0,0.0,0.0,0.0,17,128.5,130.5,10,137.0,140.0,140.0,130.0,52.0,7150.0,85
2023-05-10 22:30:01,MA401C2350,MA401C2350,130.0,0.0,0.0,0.0,17,128.5,131.0,7,137.0,140.0,140.0,130.0,52.0,7150.0,85
2023-05-10 22:30:01,MA401C2350,MA401C2350,130.0,0.0,0.0,0.0,27,128.5,131.0,17,137.0,140.0,140.0,130.0,52.0,7150.0,85
2023-05-10 22:30:02,MA401C2350,MA401C2350,130.0,0.0,0.0,0.0,7,129.0,131.0,17,137.0,140.0,140.0,130.0,52.0,7150.0,85
2023-05-10 22:30:03,MA401C2350,MA401C2350,130.0,0.0,0.0,0.0,17,129.0,132.5,10,137.0,140.0,140.0,130.0,52.0,7150.0,85
2023-05-10 22:30:07,MA401C2350,MA401C2350,130.0,0.0,0.0,0.0,17,129.0,131.5,7,137.0,140.0,140.0,130.0,52.0,7150.0,85
2023-05-10 22:30:08,MA401C2350,MA401C2350,130.0,0.0,0.0,0.0,17,129.0,131.0,10,137.0,140.0,140.0,130.0,52.0,7150.0,85
2023-05-10 22:30:09,MA401C2350,MA401C2350,130.0,0.0,0.0,0.0,7,129.0,131.5,7,137.0,140.0,140.0,130.0,52.0,7150.0,85
2023-05-10 22:30:15,MA401C2350,MA401C2350,130.0,0.0,0.0,0.0,17,129.0,131.5,7,137.0,140.0,140.0,130.0,52.0,7150.0,85
2023-05-10 22:30:16,MA401C2350,MA401C2350,130.0,0.0,0.0,0.0,27,129.0,131.0,10,137.0,140.0,140.0,130.0,52.0,7150.0,85
2023-05-10 22:30:18,MA401C2350,MA401C2350,130.0,0.0,0.0,0.0,7,129.5,131.0,10,137.0,140.0,140.0,130.0,52.0,7150.0,85
2023-05-10 22:30:51,MA401C2350,MA401C2350,130.0,0.0,0.0,0.0,17,129.5,131.0,10,137.0,140.0,140.0,130.0,52.0,7150.0,85
2023-05-10 22:30:55,MA401C2350,MA401C2350,130.0,0.0,0.0,0.0,7,129.5,131.5,17,137.0,140.0,140.0,130.0,52.0,7150.0,85
2023-05-10 22:30:57,MA401C2350,MA401C2350,130.0,0.0,0.0,0.0,17,129.5,131.5,7,137.0,140.0,140.0,130.0,52.0,7150.0,85
2023-05-10 22:30:59,MA401C2350,MA401C2350,130.0,0.0,0.0,0.0,17,129.5,131.5,17,137.0,140.0,140.0,130.0,52.0,7150.0,85
2023-05-10 22:31:00,MA401C2350,MA401C2350,130.0,0.0,0.0,0.0,7,129.5,131.5,17,137.0,140.0,140.0,130.0,52.0,7150.0,85
2023-05-10 22:31:07,MA401C2350,MA401C2350,130.0,0.0,0.0,0.0,7,129.5,131.0,10,137.0,140.0,140.0,130.0,52.0,7150.0,85
2023-05-10 22:31:12,MA401C2350,MA401C2350,130.0,0.0,0.0,0.0,7,129.5,131.5,17,137.0,140.0,140.0,130.0,52.0,7150.0,85
2023-05-10 22:31:20,MA401C2350,MA401C2350,130.0,0.0,0.0,0.0,7,129.5,131.0,10,137.0,140.0,140.0,130.0,52.0,7150.0,85
2023-05-10 22:31:41,MA401C2350,MA401C2350,130.0,0.0,0.0,0.0,17,129.0,131.0,10,137.0,140.0,140.0,130.0,52.0,7150.0,85
2023-05-10 22:31:44,MA401C2350,MA401C2350,130.0,0.0,0.0,0.0,17,129.0,131.0,17,137.0,140.0,140.0,130.0,52.0,7150.0,85
2023-05-10 22:31:47,MA401C2350,MA401C2350,130.0,0.0,0.0,0.0,7,129.0,131.0,17,137.0,140.0,140.0,130.0,52.0,7150.0,85
2023-05-10 22:32:35,MA401C2350,MA401C2350,130.0,0.0,0.0,0.0,7,129.0,130.5,10,137.0,140.0,140.0,130.0,52.0,7150.0,85
2023-05-10 22:33:14,MA401C2350,MA401C2350,130.0,0.0,0.0,0.0,17,129.0,131.0,17,137.0,140.0,140.0,130.0,52.0,7150.0,85
2023-05-10 22:33:14,MA401C2350,MA401C2350,130.0,0.0,0.0,0.0,27,129.0,131.0,17,137.0,140.0,140.0,130.0,52.0,7150.0,85
2023-05-10 22:33:16,MA401C2350,MA401C2350,130.0,0.0,0.0,0.0,27,129.0,131.0,10,137.0,140.0,140.0,130.0,52.0,7150.0,85
2023-05-10 22:33:29,MA401C2350,MA401C2350,130.0,0.0,0.0,0.0,17,129.0,131.0,10,137.0,140.0,140.0,130.0,52.0,7150.0,85
2023-05-10 22:33:31,MA401C2350,MA401C2350,130.0,0.0,0.0,0.0,7,129.0,130.5,10,137.0,140.0,140.0,130.0,52.0,7150.0,85
2023-05-10 22:33:54,MA401C2350,MA401C2350,130.0,0.0,0.0,0.0,20,128.0,130.0,10,137.0,140.0,140.0,130.0,52.0,7150.0,85
2023-05-10 22:33:55,MA401C2350,MA401C2350,130.0,0.0,0.0,0.0,27,128.0,130.0,10,137.0,140.0,140.0,130.0,52.0,7150.0,85
2023-05-10 22:33:57,MA401C2350,MA401C2350,130.0,0.0,0.0,0.0,10,128.5,130.5,10,137.0,140.0,140.0,130.0,52.0,7150.0,85
2023-05-10 22:34:01,MA401C2350,MA401C2350,130.0,0.0,0.0,0.0,27,128.0,130.5,10,137.0,140.0,140.0,130.0,52.0,7150.0,85
2023-05-10 22:34:12,MA401C2350,MA401C2350,130.0,0.0,0.0,0.0,17,128.0,130.5,17,137.0,140.0,140.0,130.0,52.0,7150.0,85
2023-05-10 22:34:17,MA401C2350,MA401C2350,130.0,0.0,0.0,0.0,17,128.0,130.0,10,137.0,140.0,140.0,130.0,52.0,7150.0,85
2023-05-10 22:34:20,MA401C2350,MA401C2350,130.0,0.0,0.0,0.0,7,128.0,130.0,10,137.0,140.0,140.0,130.0,52.0,7150.0,85
2023-05-10 22:34:32,MA401C2350,MA401C2350,130.0,0.0,0.0,0.0,17,128.0,130.5,17,137.0,140.0,140.0,130.0,52.0,7150.0,85
2023-05-10 22:34:36,MA401C2350,MA401C2350,130.0,0.0,0.0,0.0,7,128.5,130.5,17,137.0,140.0,140.0,130.0,52.0,7150.0,85
2023-05-10 22:34:48,MA401C2350,MA401C2350,130.0,0.0,0.0,0.0,17,128.5,130.5,17,137.0,140.0,140.0,130.0,52.0,7150.0,85
2023-05-10 22:34:50,MA401C2350,MA401C2350,130.0,0.0,0.0,0.0,17,128.5,130.5,10,137.0,140.0,140.0,130.0,52.0,7150.0,85
2023-05-10 22:34:54,MA401C2350,MA401C2350,130.0,0.0,0.0,0.0,7,129.0,130.5,10,137.0,140.0,140.0,130.0,52.0,7150.0,85
2023-05-10 22:34:54,MA401C2350,MA401C2350,130.0,0.0,0.0,0.0,7,129.0,131.0,17,137.0,140.0,140.0,130.0,52.0,7150.0,85
2023-05-10 22:34:59,MA401C2350,MA401C2350,130.0,0.0,0.0,0.0,7,129.0,130.5,10,137.0,140.0,140.0,130.0,52.0,7150.0,85
2023-05-10 22:35:02,MA401C2350,MA401C2350,130.0,0.0,0.0,0.0,7,129.0,131.0,17,137.0,140.0,140.0,130.0,52.0,7150.0,85
2023-05-10 22:35:21,MA401C2350,MA401C2350,130.0,0.0,0.0,0.0,7,129.0,130.5,10,137.0,140.0,140.0,130.0,52.0,7150.0,85
2023-05-10 22:35:44,MA401C2350,MA401C2350,130.0,0.0,0.0,0.0,7,129.0,131.0,17,137.0,140.0,140.0,130.0,52.0,7150.0,85
2023-05-10 22:35:57,MA401C2350,MA401C2350,130.0,0.0,0.0,0.0,7,129.0,130.5,10,137.0,140.0,140.0,130.0,52.0,7150.0,85
2023-05-10 22:36:27,MA401C2350,MA401C2350,130.0,0.0,0.0,0.0,17,129.0,130.5,10,137.0,140.0,140.0,130.0,52.0,7150.0,85
2023-05-10 22:36:27,MA401C2350,MA401C2350,130.0,0.0,0.0,0.0,7,129.0,130.5,10,137.0,140.0,140.0,130.0,52.0,7150.0,85
2023-05-10 22:36:30,MA401C2350,MA401C2350,130.0,0.0,0.0,0.0,17,129.0,130.5,10,137.0,140.0,140.0,130.0,52.0,7150.0,85
2023-05-10 22:36:49,MA401C2350,MA401C2350,130.0,0.0,0.0,0.0,7,129.0,130.5,10,137.0,140.0,140.0,130.0,52.0,7150.0,85
2023-05-10 22:36:52,MA401C2350,MA401C2350,130.0,0.0,0.0,0.0,17,129.0,130.5,10,137.0,140.0,140.0,130.0,52.0,7150.0,85
2023-05-10 22:36:59,MA401C2350,MA401C2350,130.0,0.0,0.0,0.0,7,129.0,130.5,10,137.0,140.0,140.0,130.0,52.0,7150.0,85
2023-05-10 22:37:14,MA401C2350,MA401C2350,130.0,0.0,0.0,0.0,17,128.5,130.5,10,137.0,140.0,140.0,130.0,52.0,7150.0,85
2023-05-10 22:37:17,MA401C2350,MA401C2350,130.0,0.0,0.0,0.0,17,128.5,130.5,17,137.0,140.0,140.0,130.0,52.0,7150.0,85
2023-05-10 22:37:17,MA401C2350,MA401C2350,130.0,0.0,0.0,0.0,7,128.5,130.0,10,137.0,140.0,140.0,130.0,52.0,7150.0,85
2023-05-10 22:37:55,MA401C2350,MA401C2350,130.0,0.0,0.0,0.0,27,127.5,130.0,10,137.0,140.0,140.0,130.0,52.0,7150.0,85
2023-05-10 22:37:56,MA401C2350,MA401C2350,130.0,0.0,0.0,0.0,17,127.5,129.5,10,137.0,140.0,140.0,130.0,52.0,7150.0,85
2023-05-10 22:37:58,MA401C2350,MA401C2350,130.0,0.0,0.0,0.0,27,127.5,129.5,10,137.0,140.0,140.0,130.0,52.0,7150.0,85
2023-05-10 22:38:01,MA401C2350,MA401C2350,130.0,0.0,0.0,0.0,17,127.5,129.5,10,137.0,140.0,140.0,130.0,52.0,7150.0,85
2023-05-10 22:38:05,MA401C2350,MA401C2350,130.0,0.0,0.0,0.0,27,127.5,129.5,10,137.0,140.0,140.0,130.0,52.0,7150.0,85
2023-05-10 22:38:05,MA401C2350,MA401C2350,130.0,0.0,0.0,0.0,17,127.5,129.5,10,137.0,140.0,140.0,130.0,52.0,7150.0,85
2023-05-10 22:38:09,MA401C2350,MA401C2350,130.0,0.0,0.0,0.0,7,127.5,129.5,10,137.0,140.0,140.0,130.0,52.0,7150.0,85
2023-05-10 22:38:18,MA401C2350,MA401C2350,130.0,0.0,0.0,0.0,7,127.5,129.0,10,137.0,140.0,140.0,130.0,52.0,7150.0,85
2023-05-10 22:39:35,MA401C2350,MA401C2350,130.0,0.0,0.0,0.0,7,128.0,129.5,10,137.0,140.0,140.0,130.0,52.0,7150.0,85
2023-05-10 22:40:13,MA401C2350,MA401C2350,130.0,0.0,0.0,0.0,7,128.0,130.0,10,137.0,140.0,140.0,130.0,52.0,7150.0,85
2023-05-10 22:40:13,MA401C2350,MA401C2350,130.0,0.0,0.0,0.0,7,128.5,130.0,10,137.0,140.0,140.0,130.0,52.0,7150.0,85
2023-05-10 22:40:23,MA401C2350,MA401C2350,130.0,0.0,0.0,0.0,7,128.5,130.5,17,137.0,140.0,140.0,130.0,52.0,7150.0,85
2023-05-10 22:40:29,MA401C2350,MA401C2350,130.0,0.0,0.0,0.0,7,128.5,130.0,10,137.0,140.0,140.0,130.0,52.0,7150.0,85
2023-05-10 22:41:01,MA401C2350,MA401C2350,130.0,0.0,0.0,0.0,7,128.0,130.0,17,137.0,140.0,140.0,130.0,52.0,7150.0,85
2023-05-10 22:41:02,MA401C2350,MA401C2350,130.0,0.0,0.0,0.0,7,128.0,129.5,10,137.0,140.0,140.0,130.0,52.0,7150.0,85
2023-05-10 22:41:26,MA401C2350,MA401C2350,130.0,0.0,0.0,0.0,17,128.0,130.0,17,137.0,140.0,140.0,130.0,52.0,7150.0,85
2023-05-10 22:41:26,MA401C2350,MA401C2350,130.0,0.0,0.0,0.0,7,128.0,130.0,17,137.0,140.0,140.0,130.0,52.0,7150.0,85
2023-05-10 22:41:29,MA401C2350,MA401C2350,130.0,0.0,0.0,0.0,7,128.0,129.5,10,137.0,140.0,140.0,130.0,52.0,7150.0,85
2023-05-10 22:42:08,MA401C2350,MA401C2350,130.0,0.0,0.0,0.0,17,128.0,130.0,17,137.0,140.0,140.0,130.0,52.0,7150.0,85
2023-05-10 22:42:08,MA401C2350,MA401C2350,130.0,0.0,0.0,0.0,7,128.0,130.0,17,137.0,140.0,140.0,130.0,52.0,7150.0,85
2023-05-10 22:42:15,MA401C2350,MA401C2350,130.0,0.0,0.0,0.0,7,128.0,129.5,10,137.0,140.0,140.0,130.0,52.0,7150.0,85
2023-05-10 22:42:35,MA401C2350,MA401C2350,130.0,0.0,0.0,0.0,7,128.0,130.0,17,137.0,140.0,140.0,130.0,52.0,7150.0,85
