time,symbol_id,symbol_name,last,trade_volume,trade_amount,open_interest_change,bv1,bp1,ap1,av1,yesterday_close,today_open,today_high,today_low,volume,amount,open_interest
2023-05-10 19:12:58,MA401C2300,MA401C2300,160.0,0.0,0.0,-9.0,0,0.0,0.0,0,160.0,0.0,0.0,0.0,0.0,0.0,27
2023-05-10 20:59:00,MA401C2300,MA401C2300,160.0,0.0,0.0,0.0,9,32.0,0.0,0,160.0,0.0,0.0,0.0,0.0,0.0,27
2023-05-10 21:00:02,MA401C2300,MA401C2300,160.0,0.0,0.0,0.0,1,119.5,212.5,1,160.0,0.0,0.0,0.0,0.0,0.0,27
2023-05-10 21:01:18,MA401C2300,MA401C2300,160.0,0.0,0.0,0.0,7,163.5,167.5,7,160.0,0.0,0.0,0.0,0.0,0.0,27
2023-05-10 21:01:28,MA401C2300,MA401C2300,160.0,0.0,0.0,0.0,7,163.5,166.5,7,160.0,0.0,0.0,0.0,0.0,0.0,27
2023-05-10 21:01:36,MA401C2300,MA401C2300,160.0,0.0,0.0,0.0,1,119.5,166.5,7,160.0,0.0,0.0,0.0,0.0,0.0,27
2023-05-10 21:01:37,MA401C2300,MA401C2300,160.0,0.0,0.0,0.0,2,126.0,166.5,7,160.0,0.0,0.0,0.0,0.0,0.0,27
2023-05-10 21:01:37,MA401C2300,MA401C2300,160.0,0.0,0.0,0.0,1,144.5,166.5,7,160.0,0.0,0.0,0.0,0.0,0.0,27
2023-05-10 21:01:38,MA401C2300,MA401C2300,160.0,0.0,0.0,0.0,7,162.5,166.5,7,160.0,0.0,0.0,0.0,0.0,0.0,27
2023-05-10 21:01:39,MA401C2300,MA401C2300,160.0,0.0,0.0,0.0,7,162.5,166.0,7,160.0,0.0,0.0,0.0,0.0,0.0,27
2023-05-10 21:02:45,MA401C2300,MA401C2300,160.0,0.0,0.0,0.0,7,163.0,166.0,7,160.0,0.0,0.0,0.0,0.0,0.0,27
2023-05-10 21:03:00,MA401C2300,MA401C2300,160.0,0.0,0.0,0.0,7,163.0,166.5,7,160.0,0.0,0.0,0.0,0.0,0.0,27
2023-05-10 21:03:29,MA401C2300,MA401C2300,160.0,0.0,0.0,0.0,7,163.0,166.0,7,160.0,0.0,0.0,0.0,0.0,0.0,27
2023-05-10 21:04:05,MA401C2300,MA401C2300,160.0,0.0,0.0,0.0,7,162.5,166.0,7,160.0,0.0,0.0,0.0,0.0,0.0,27
2023-05-10 21:04:22,MA401C2300,MA401C2300,160.0,0.0,0.0,0.0,7,162.5,165.5,7,160.0,0.0,0.0,0.0,0.0,0.0,27
2023-05-10 21:04:28,MA401C2300,MA401C2300,160.0,0.0,0.0,0.0,10,156.0,165.5,7,160.0,0.0,0.0,0.0,0.0,0.0,27
2023-05-10 21:04:29,MA401C2300,MA401C2300,160.0,0.0,0.0,0.0,20,154.5,165.5,7,160.0,0.0,0.0,0.0,0.0,0.0,27
2023-05-10 21:04:37,MA401C2300,MA401C2300,160.0,0.0,0.0,0.0,20,154.5,164.5,7,160.0,0.0,0.0,0.0,0.0,0.0,27
2023-05-10 21:04:38,MA401C2300,MA401C2300,160.0,0.0,0.0,0.0,7,161.0,164.5,7,160.0,0.0,0.0,0.0,0.0,0.0,27
2023-05-10 21:05:06,MA401C2300,MA401C2300,160.0,0.0,0.0,0.0,7,161.5,164.5,7,160.0,0.0,0.0,0.0,0.0,0.0,27
2023-05-10 21:06:06,MA401C2300,MA401C2300,160.0,0.0,0.0,0.0,7,161.5,165.5,7,160.0,0.0,0.0,0.0,0.0,0.0,27
2023-05-10 21:06:08,MA401C2300,MA401C2300,160.0,0.0,0.0,0.0,7,162.5,165.5,7,160.0,0.0,0.0,0.0,0.0,0.0,27
2023-05-10 21:06:32,MA401C2300,MA401C2300,160.0,0.0,0.0,0.0,7,161.5,164.5,7,160.0,0.0,0.0,0.0,0.0,0.0,27
2023-05-10 21:06:48,MA401C2300,MA401C2300,160.0,0.0,0.0,0.0,7,162.0,164.5,7,160.0,0.0,0.0,0.0,0.0,0.0,27
2023-05-10 21:06:49,MA401C2300,MA401C2300,160.0,0.0,0.0,0.0,7,162.0,165.5,7,160.0,0.0,0.0,0.0,0.0,0.0,27
2023-05-10 21:07:16,MA401C2300,MA401C2300,160.0,0.0,0.0,0.0,7,162.5,165.5,7,160.0,0.0,0.0,0.0,0.0,0.0,27
2023-05-10 21:08:14,MA401C2300,MA401C2300,160.0,0.0,0.0,0.0,7,162.5,165.0,7,160.0,0.0,0.0,0.0,0.0,0.0,27
2023-05-10 21:08:15,MA401C2300,MA401C2300,160.0,0.0,0.0,0.0,7,162.0,165.0,7,160.0,0.0,0.0,0.0,0.0,0.0,27
2023-05-10 21:08:20,MA401C2300,MA401C2300,160.0,0.0,0.0,0.0,10,161.0,165.0,17,160.0,0.0,0.0,0.0,0.0,0.0,27
2023-05-10 21:08:22,MA401C2300,MA401C2300,160.0,0.0,0.0,0.0,17,161.0,165.0,17,160.0,0.0,0.0,0.0,0.0,0.0,27
2023-05-10 21:08:23,MA401C2300,MA401C2300,160.0,0.0,0.0,0.0,17,161.0,164.5,7,160.0,0.0,0.0,0.0,0.0,0.0,27
2023-05-10 21:09:13,MA401C2300,MA401C2300,160.0,0.0,0.0,0.0,7,161.0,164.5,7,160.0,0.0,0.0,0.0,0.0,0.0,27
2023-05-10 21:09:13,MA401C2300,MA401C2300,160.0,0.0,0.0,0.0,7,161.0,164.0,7,160.0,0.0,0.0,0.0,0.0,0.0,27
2023-05-10 21:09:58,MA401C2300,MA401C2300,160.0,0.0,0.0,0.0,10,160.0,164.0,7,160.0,0.0,0.0,0.0,0.0,0.0,27
2023-05-10 21:09:59,MA401C2300,MA401C2300,160.0,0.0,0.0,0.0,10,160.0,164.0,17,160.0,0.0,0.0,0.0,0.0,0.0,27
2023-05-10 21:10:04,MA401C2300,MA401C2300,160.0,0.0,0.0,0.0,10,160.0,163.5,7,160.0,0.0,0.0,0.0,0.0,0.0,27
2023-05-10 21:10:05,MA401C2300,MA401C2300,160.0,0.0,0.0,0.0,7,160.5,163.5,7,160.0,0.0,0.0,0.0,0.0,0.0,27
2023-05-10 21:10:05,MA401C2300,MA401C2300,160.0,0.0,0.0,0.0,17,160.5,163.5,7,160.0,0.0,0.0,0.0,0.0,0.0,27
2023-05-10 21:10:11,MA401C2300,MA401C2300,160.0,0.0,0.0,0.0,7,161.0,163.5,7,160.0,0.0,0.0,0.0,0.0,0.0,27
2023-05-10 21:10:32,MA401C2300,MA401C2300,160.0,0.0,0.0,0.0,7,161.0,164.0,7,160.0,0.0,0.0,0.0,0.0,0.0,27
2023-05-10 21:10:32,MA401C2300,MA401C2300,160.0,0.0,0.0,0.0,17,161.0,164.0,7,160.0,0.0,0.0,0.0,0.0,0.0,27
2023-05-10 21:10:33,MA401C2300,MA401C2300,160.0,0.0,0.0,0.0,7,161.5,164.0,7,160.0,0.0,0.0,0.0,0.0,0.0,27
2023-05-10 21:10:35,MA401C2300,MA401C2300,160.0,0.0,0.0,0.0,7,161.5,165.0,10,160.0,0.0,0.0,0.0,0.0,0.0,27
2023-05-10 21:10:37,MA401C2300,MA401C2300,160.0,0.0,0.0,0.0,7,161.5,165.0,17,160.0,0.0,0.0,0.0,0.0,0.0,27
2023-05-10 21:10:54,MA401C2300,MA401C2300,160.0,0.0,0.0,0.0,7,161.5,164.5,7,160.0,0.0,0.0,0.0,0.0,0.0,27
2023-05-10 21:11:04,MA401C2300,MA401C2300,160.0,0.0,0.0,0.0,17,161.5,164.5,7,160.0,0.0,0.0,0.0,0.0,0.0,27
2023-05-10 21:11:08,MA401C2300,MA401C2300,160.0,0.0,0.0,0.0,7,162.0,164.5,7,160.0,0.0,0.0,0.0,0.0,0.0,27
2023-05-10 21:11:54,MA401C2300,MA401C2300,160.0,0.0,0.0,0.0,7,161.5,164.5,7,160.0,0.0,0.0,0.0,0.0,0.0,27
2023-05-10 21:12:07,MA401C2300,MA401C2300,160.0,0.0,0.0,0.0,7,161.5,164.0,7,160.0,0.0,0.0,0.0,0.0,0.0,27
2023-05-10 21:12:29,MA401C2300,MA401C2300,160.0,0.0,0.0,0.0,10,160.0,164.0,7,160.0,0.0,0.0,0.0,0.0,0.0,27
2023-05-10 21:12:31,MA401C2300,MA401C2300,160.0,0.0,0.0,0.0,7,160.5,164.0,7,160.0,0.0,0.0,0.0,0.0,0.0,27
2023-05-10 21:12:47,MA401C2300,MA401C2300,160.0,0.0,0.0,0.0,7,160.5,163.5,7,160.0,0.0,0.0,0.0,0.0,0.0,27
2023-05-10 21:13:29,MA401C2300,MA401C2300,160.0,0.0,0.0,0.0,7,160.5,163.0,7,160.0,0.0,0.0,0.0,0.0,0.0,27
2023-05-10 21:13:35,MA401C2300,MA401C2300,160.0,0.0,0.0,0.0,10,159.5,163.0,7,160.0,0.0,0.0,0.0,0.0,0.0,27
2023-05-10 21:13:40,MA401C2300,MA401C2300,160.0,0.0,0.0,0.0,10,159.0,163.0,7,160.0,0.0,0.0,0.0,0.0,0.0,27
2023-05-10 21:13:41,MA401C2300,MA401C2300,160.0,0.0,0.0,0.0,7,159.5,163.0,7,160.0,0.0,0.0,0.0,0.0,0.0,27
2023-05-10 21:13:46,MA401C2300,MA401C2300,160.0,0.0,0.0,0.0,7,159.5,162.5,7,160.0,0.0,0.0,0.0,0.0,0.0,27
2023-05-10 21:14:00,MA401C2300,MA401C2300,160.0,0.0,0.0,0.0,7,159.5,162.0,7,160.0,0.0,0.0,0.0,0.0,0.0,27
2023-05-10 21:14:09,MA401C2300,MA401C2300,160.0,0.0,0.0,0.0,7,159.5,162.5,7,160.0,0.0,0.0,0.0,0.0,0.0,27
2023-05-10 21:14:09,MA401C2300,MA401C2300,160.0,0.0,0.0,0.0,17,159.5,162.5,7,160.0,0.0,0.0,0.0,0.0,0.0,27
2023-05-10 21:14:11,MA401C2300,MA401C2300,160.0,0.0,0.0,0.0,7,160.0,162.5,7,160.0,0.0,0.0,0.0,0.0,0.0,27
2023-05-10 21:16:12,MA401C2300,MA401C2300,160.0,0.0,0.0,0.0,7,159.5,162.0,7,160.0,0.0,0.0,0.0,0.0,0.0,27
2023-05-10 21:17:01,MA401C2300,MA401C2300,160.0,0.0,0.0,0.0,17,158.5,161.5,7,160.0,0.0,0.0,0.0,0.0,0.0,27
2023-05-10 21:17:05,MA401C2300,MA401C2300,160.0,0.0,0.0,0.0,7,158.5,161.5,7,160.0,0.0,0.0,0.0,0.0,0.0,27
2023-05-10 21:17:24,MA401C2300,MA401C2300,160.0,0.0,0.0,0.0,17,158.5,161.0,10,160.0,0.0,0.0,0.0,0.0,0.0,27
2023-05-10 21:17:38,MA401C2300,MA401C2300,160.0,0.0,0.0,0.0,10,159.0,161.5,17,160.0,0.0,0.0,0.0,0.0,0.0,27
2023-05-10 21:17:44,MA401C2300,MA401C2300,160.0,0.0,0.0,0.0,10,159.0,161.0,10,160.0,0.0,0.0,0.0,0.0,0.0,27
2023-05-10 21:17:45,MA401C2300,MA401C2300,160.0,0.0,0.0,0.0,17,158.5,161.0,10,160.0,0.0,0.0,0.0,0.0,0.0,27
2023-05-10 21:17:49,MA401C2300,MA401C2300,160.0,0.0,0.0,0.0,17,158.5,161.0,17,160.0,0.0,0.0,0.0,0.0,0.0,27
2023-05-10 21:17:54,MA401C2300,MA401C2300,160.0,0.0,0.0,0.0,17,158.5,160.5,10,160.0,0.0,0.0,0.0,0.0,0.0,27
2023-05-10 21:17:56,MA401C2300,MA401C2300,160.0,0.0,0.0,0.0,10,159.0,161.0,17,160.0,0.0,0.0,0.0,0.0,0.0,27
2023-05-10 21:18:11,MA401C2300,MA401C2300,160.0,0.0,0.0,0.0,10,159.5,161.0,7,160.0,0.0,0.0,0.0,0.0,0.0,27
2023-05-10 21:18:12,MA401C2300,MA401C2300,160.0,0.0,0.0,0.0,10,159.0,161.0,7,160.0,0.0,0.0,0.0,0.0,0.0,27
2023-05-10 21:18:13,MA401C2300,MA401C2300,160.0,0.0,0.0,0.0,10,159.0,161.0,17,160.0,0.0,0.0,0.0,0.0,0.0,27
2023-05-10 21:18:36,MA401C2300,MA401C2300,160.0,0.0,0.0,0.0,17,158.5,161.0,17,160.0,0.0,0.0,0.0,0.0,0.0,27
2023-05-10 21:18:37,MA401C2300,MA401C2300,160.0,0.0,0.0,0.0,10,158.5,160.5,7,160.0,0.0,0.0,0.0,0.0,0.0,27
2023-05-10 21:18:41,MA401C2300,MA401C2300,160.0,0.0,0.0,0.0,10,158.5,160.5,17,160.0,0.0,0.0,0.0,0.0,0.0,27
2023-05-10 21:18:49,MA401C2300,MA401C2300,160.0,0.0,0.0,0.0,10,159.0,160.5,7,160.0,0.0,0.0,0.0,0.0,0.0,27
2023-05-10 21:18:50,MA401C2300,MA401C2300,160.0,0.0,0.0,0.0,10,158.5,160.5,7,160.0,0.0,0.0,0.0,0.0,0.0,27
2023-05-10 21:18:56,MA401C2300,MA401C2300,160.0,0.0,0.0,0.0,10,158.5,160.5,17,160.0,0.0,0.0,0.0,0.0,0.0,27
2023-05-10 21:19:05,MA401C2300,MA401C2300,160.0,0.0,0.0,0.0,10,159.0,160.5,7,160.0,0.0,0.0,0.0,0.0,0.0,27
2023-05-10 21:19:24,MA401C2300,MA401C2300,160.0,0.0,0.0,0.0,10,158.5,160.5,7,160.0,0.0,0.0,0.0,0.0,0.0,27
2023-05-10 21:20:08,MA401C2300,MA401C2300,160.0,0.0,0.0,0.0,10,158.5,160.5,17,160.0,0.0,0.0,0.0,0.0,0.0,27
2023-05-10 21:20:15,MA401C2300,MA401C2300,160.0,0.0,0.0,0.0,10,158.5,160.5,7,160.0,0.0,0.0,0.0,0.0,0.0,27
2023-05-10 21:20:18,MA401C2300,MA401C2300,160.0,0.0,0.0,0.0,17,158.0,160.5,17,160.0,0.0,0.0,0.0,0.0,0.0,27
2023-05-10 21:20:23,MA401C2300,MA401C2300,160.0,0.0,0.0,0.0,10,158.5,160.5,7,160.0,0.0,0.0,0.0,0.0,0.0,27
2023-05-10 21:20:39,MA401C2300,MA401C2300,160.0,0.0,0.0,0.0,10,158.5,160.5,17,160.0,0.0,0.0,0.0,0.0,0.0,27
2023-05-10 21:20:42,MA401C2300,MA401C2300,160.0,0.0,0.0,0.0,17,158.0,160.5,17,160.0,0.0,0.0,0.0,0.0,0.0,27
2023-05-10 21:20:52,MA401C2300,MA401C2300,160.0,0.0,0.0,0.0,17,158.0,160.0,10,160.0,0.0,0.0,0.0,0.0,0.0,27
2023-05-10 21:20:56,MA401C2300,MA401C2300,160.0,0.0,0.0,0.0,17,157.5,160.0,10,160.0,0.0,0.0,0.0,0.0,0.0,27
2023-05-10 21:20:56,MA401C2300,MA401C2300,160.0,0.0,0.0,0.0,10,157.0,159.0,10,160.0,0.0,0.0,0.0,0.0,0.0,27
2023-05-10 21:20:57,MA401C2300,MA401C2300,160.0,0.0,0.0,0.0,20,156.0,160.0,20,160.0,0.0,0.0,0.0,0.0,0.0,27
2023-05-10 21:20:57,MA401C2300,MA401C2300,160.0,0.0,0.0,0.0,10,156.5,160.0,10,160.0,0.0,0.0,0.0,0.0,0.0,27
2023-05-10 21:20:58,MA401C2300,MA401C2300,160.0,0.0,0.0,0.0,20,156.0,160.0,10,160.0,0.0,0.0,0.0,0.0,0.0,27
2023-05-10 21:21:00,MA401C2300,MA401C2300,160.0,0.0,0.0,0.0,10,156.5,160.0,10,160.0,0.0,0.0,0.0,0.0,0.0,27
2023-05-10 21:21:04,MA401C2300,MA401C2300,160.0,0.0,0.0,0.0,10,157.5,159.5,10,160.0,0.0,0.0,0.0,0.0,0.0,27
2023-05-10 21:21:05,MA401C2300,MA401C2300,160.0,0.0,0.0,0.0,10,158.0,160.0,10,160.0,0.0,0.0,0.0,0.0,0.0,27
2023-05-10 21:21:17,MA401C2300,MA401C2300,160.0,0.0,0.0,0.0,10,158.0,160.0,17,160.0,0.0,0.0,0.0,0.0,0.0,27
2023-05-10 21:21:17,MA401C2300,MA401C2300,160.0,0.0,0.0,0.0,17,157.5,160.0,17,160.0,0.0,0.0,0.0,0.0,0.0,27
2023-05-10 21:21:24,MA401C2300,MA401C2300,160.0,0.0,0.0,0.0,10,158.0,160.0,7,160.0,0.0,0.0,0.0,0.0,0.0,27
2023-05-10 21:21:29,MA401C2300,MA401C2300,160.0,0.0,0.0,0.0,10,158.5,160.0,7,160.0,0.0,0.0,0.0,0.0,0.0,27
2023-05-10 21:21:38,MA401C2300,MA401C2300,160.0,0.0,0.0,0.0,10,158.0,160.0,17,160.0,0.0,0.0,0.0,0.0,0.0,27
2023-05-10 21:21:51,MA401C2300,MA401C2300,160.0,0.0,0.0,0.0,10,158.5,160.0,7,160.0,0.0,0.0,0.0,0.0,0.0,27
2023-05-10 21:21:55,MA401C2300,MA401C2300,160.0,0.0,0.0,0.0,10,158.0,160.0,7,160.0,0.0,0.0,0.0,0.0,0.0,27
2023-05-10 21:22:31,MA401C2300,MA401C2300,160.0,0.0,0.0,0.0,10,158.5,160.0,7,160.0,0.0,0.0,0.0,0.0,0.0,27
2023-05-10 21:22:35,MA401C2300,MA401C2300,160.0,0.0,0.0,0.0,10,158.0,160.0,7,160.0,0.0,0.0,0.0,0.0,0.0,27
2023-05-10 21:22:48,MA401C2300,MA401C2300,160.0,0.0,0.0,0.0,10,158.0,160.0,17,160.0,0.0,0.0,0.0,0.0,0.0,27
2023-05-10 21:22:51,MA401C2300,MA401C2300,160.0,0.0,0.0,0.0,10,158.5,160.0,7,160.0,0.0,0.0,0.0,0.0,0.0,27
2023-05-10 21:22:55,MA401C2300,MA401C2300,160.0,0.0,0.0,0.0,10,158.0,160.0,7,160.0,0.0,0.0,0.0,0.0,0.0,27
2023-05-10 21:23:10,MA401C2300,MA401C2300,160.0,0.0,0.0,0.0,10,158.0,160.0,17,160.0,0.0,0.0,0.0,0.0,0.0,27
2023-05-10 21:23:10,MA401C2300,MA401C2300,160.0,0.0,0.0,0.0,17,157.5,160.0,17,160.0,0.0,0.0,0.0,0.0,0.0,27
2023-05-10 21:23:18,MA401C2300,MA401C2300,160.0,0.0,0.0,0.0,10,158.5,160.0,7,160.0,0.0,0.0,0.0,0.0,0.0,27
2023-05-10 21:23:28,MA401C2300,MA401C2300,160.0,0.0,0.0,0.0,10,158.0,160.0,7,160.0,0.0,0.0,0.0,0.0,0.0,27
2023-05-10 21:23:32,MA401C2300,MA401C2300,160.0,0.0,0.0,0.0,10,158.0,160.0,17,160.0,0.0,0.0,0.0,0.0,0.0,27
2023-05-10 21:23:32,MA401C2300,MA401C2300,160.0,0.0,0.0,0.0,17,157.5,160.0,17,160.0,0.0,0.0,0.0,0.0,0.0,27
2023-05-10 21:24:07,MA401C2300,MA401C2300,160.0,0.0,0.0,0.0,10,158.5,160.0,7,160.0,0.0,0.0,0.0,0.0,0.0,27
2023-05-10 21:24:15,MA401C2300,MA401C2300,160.0,0.0,0.0,0.0,10,158.0,160.0,7,160.0,0.0,0.0,0.0,0.0,0.0,27
2023-05-10 21:24:23,MA401C2300,MA401C2300,160.0,0.0,0.0,0.0,10,158.5,160.0,7,160.0,0.0,0.0,0.0,0.0,0.0,27
2023-05-10 21:24:23,MA401C2300,MA401C2300,160.0,0.0,0.0,0.0,10,158.5,160.5,7,160.0,0.0,0.0,0.0,0.0,0.0,27
2023-05-10 21:24:27,MA401C2300,MA401C2300,160.0,0.0,0.0,0.0,10,158.5,160.5,17,160.0,0.0,0.0,0.0,0.0,0.0,27
2023-05-10 21:24:35,MA401C2300,MA401C2300,160.0,0.0,0.0,0.0,17,158.0,160.5,17,160.0,0.0,0.0,0.0,0.0,0.0,27
2023-05-10 21:24:36,MA401C2300,MA401C2300,160.0,0.0,0.0,0.0,27,158.0,160.5,17,160.0,0.0,0.0,0.0,0.0,0.0,27
2023-05-10 21:24:39,MA401C2300,MA401C2300,160.0,0.0,0.0,0.0,7,158.0,160.0,10,160.0,0.0,0.0,0.0,0.0,0.0,27
2023-05-10 21:24:49,MA401C2300,MA401C2300,160.0,0.0,0.0,0.0,17,158.0,160.5,17,160.0,0.0,0.0,0.0,0.0,0.0,27
2023-05-10 21:25:45,MA401C2300,MA401C2300,160.0,0.0,0.0,0.0,17,158.0,160.0,10,160.0,0.0,0.0,0.0,0.0,0.0,27
2023-05-10 21:25:46,MA401C2300,MA401C2300,160.0,0.0,0.0,0.0,17,157.5,160.0,10,160.0,0.0,0.0,0.0,0.0,0.0,27
2023-05-10 21:25:46,MA401C2300,MA401C2300,160.0,0.0,0.0,0.0,17,157.5,160.0,17,160.0,0.0,0.0,0.0,0.0,0.0,27
2023-05-10 21:25:47,MA401C2300,MA401C2300,160.0,0.0,0.0,0.0,17,157.5,159.5,10,160.0,0.0,0.0,0.0,0.0,0.0,27
2023-05-10 21:25:49,MA401C2300,MA401C2300,160.0,0.0,0.0,0.0,10,158.0,160.0,17,160.0,0.0,0.0,0.0,0.0,0.0,27
2023-05-10 21:26:05,MA401C2300,MA401C2300,160.0,0.0,0.0,0.0,10,158.5,160.0,7,160.0,0.0,0.0,0.0,0.0,0.0,27
2023-05-10 21:26:06,MA401C2300,MA401C2300,160.0,0.0,0.0,0.0,10,158.0,160.0,7,160.0,0.0,0.0,0.0,0.0,0.0,27
2023-05-10 21:26:18,MA401C2300,MA401C2300,160.0,0.0,0.0,0.0,10,158.0,160.0,17,160.0,0.0,0.0,0.0,0.0,0.0,27
2023-05-10 21:26:19,MA401C2300,MA401C2300,160.0,0.0,0.0,0.0,17,157.5,160.0,17,160.0,0.0,0.0,0.0,0.0,0.0,27
2023-05-10 21:26:48,MA401C2300,MA401C2300,160.0,0.0,0.0,0.0,17,157.5,159.5,10,160.0,0.0,0.0,0.0,0.0,0.0,27
2023-05-10 21:27:08,MA401C2300,MA401C2300,160.0,0.0,0.0,0.0,10,158.0,160.0,17,160.0,0.0,0.0,0.0,0.0,0.0,27
2023-05-10 21:27:08,MA401C2300,MA401C2300,160.0,0.0,0.0,0.0,17,157.5,160.0,17,160.0,0.0,0.0,0.0,0.0,0.0,27
2023-05-10 21:27:11,MA401C2300,MA401C2300,160.0,0.0,0.0,0.0,7,157.5,160.0,7,160.0,0.0,0.0,0.0,0.0,0.0,27
2023-05-10 21:27:12,MA401C2300,MA401C2300,160.0,0.0,0.0,0.0,10,158.0,160.0,17,160.0,0.0,0.0,0.0,0.0,0.0,27
2023-05-10 21:28:09,MA401C2300,MA401C2300,160.0,0.0,0.0,0.0,27,157.5,160.0,17,160.0,0.0,0.0,0.0,0.0,0.0,27
2023-05-10 21:28:09,MA401C2300,MA401C2300,160.0,0.0,0.0,0.0,17,157.5,160.0,17,160.0,0.0,0.0,0.0,0.0,0.0,27
2023-05-10 21:28:14,MA401C2300,MA401C2300,160.0,0.0,0.0,0.0,10,158.0,160.0,7,160.0,0.0,0.0,0.0,0.0,0.0,27
2023-05-10 21:28:18,MA401C2300,MA401C2300,160.0,0.0,0.0,0.0,10,158.0,160.0,17,160.0,0.0,0.0,0.0,0.0,0.0,27
2023-05-10 21:28:19,MA401C2300,MA401C2300,160.0,0.0,0.0,0.0,17,157.5,160.0,17,160.0,0.0,0.0,0.0,0.0,0.0,27
2023-05-10 21:28:21,MA401C2300,MA401C2300,160.0,0.0,0.0,0.0,10,158.0,160.0,7,160.0,0.0,0.0,0.0,0.0,0.0,27
2023-05-10 21:28:22,MA401C2300,MA401C2300,160.0,0.0,0.0,0.0,10,158.0,160.0,17,160.0,0.0,0.0,0.0,0.0,0.0,27
2023-05-10 21:29:03,MA401C2300,MA401C2300,160.0,0.0,0.0,0.0,17,157.5,160.0,7,160.0,0.0,0.0,0.0,0.0,0.0,27
2023-05-10 21:29:28,MA401C2300,MA401C2300,160.0,0.0,0.0,0.0,7,157.5,160.0,7,160.0,0.0,0.0,0.0,0.0,0.0,27
2023-05-10 21:29:34,MA401C2300,MA401C2300,160.0,0.0,0.0,0.0,20,156.0,160.0,7,160.0,0.0,0.0,0.0,0.0,0.0,27
2023-05-10 21:29:34,MA401C2300,MA401C2300,160.0,0.0,0.0,0.0,10,156.5,160.0,7,160.0,0.0,0.0,0.0,0.0,0.0,27
2023-05-10 21:29:35,MA401C2300,MA401C2300,160.0,0.0,0.0,0.0,20,156.0,160.0,7,160.0,0.0,0.0,0.0,0.0,0.0,27
2023-05-10 21:29:36,MA401C2300,MA401C2300,160.0,0.0,0.0,0.0,20,156.0,160.0,17,160.0,0.0,0.0,0.0,0.0,0.0,27
2023-05-10 21:29:38,MA401C2300,MA401C2300,160.0,0.0,0.0,0.0,10,156.5,160.0,17,160.0,0.0,0.0,0.0,0.0,0.0,27
2023-05-10 21:29:39,MA401C2300,MA401C2300,160.0,0.0,0.0,0.0,20,156.0,160.0,17,160.0,0.0,0.0,0.0,0.0,0.0,27
2023-05-10 21:29:39,MA401C2300,MA401C2300,160.0,0.0,0.0,0.0,27,156.0,160.0,17,160.0,0.0,0.0,0.0,0.0,0.0,27
2023-05-10 21:29:42,MA401C2300,MA401C2300,160.0,0.0,0.0,0.0,27,156.0,159.5,7,160.0,0.0,0.0,0.0,0.0,0.0,27
2023-05-10 21:29:45,MA401C2300,MA401C2300,160.0,0.0,0.0,0.0,17,156.0,159.0,7,160.0,0.0,0.0,0.0,0.0,0.0,27
2023-05-10 21:29:52,MA401C2300,MA401C2300,160.0,0.0,0.0,0.0,7,156.0,159.0,7,160.0,0.0,0.0,0.0,0.0,0.0,27
2023-05-10 21:29:56,MA401C2300,MA401C2300,160.0,0.0,0.0,0.0,17,156.0,159.0,7,160.0,0.0,0.0,0.0,0.0,0.0,27
2023-05-10 21:29:59,MA401C2300,MA401C2300,160.0,0.0,0.0,0.0,7,156.0,159.0,7,160.0,0.0,0.0,0.0,0.0,0.0,27
2023-05-10 21:30:00,MA401C2300,MA401C2300,160.0,0.0,0.0,0.0,17,156.0,159.0,7,160.0,0.0,0.0,0.0,0.0,0.0,27
2023-05-10 21:30:17,MA401C2300,MA401C2300,160.0,0.0,0.0,0.0,17,156.5,159.0,7,160.0,0.0,0.0,0.0,0.0,0.0,27
2023-05-10 21:30:21,MA401C2300,MA401C2300,160.0,0.0,0.0,0.0,7,156.5,159.0,7,160.0,0.0,0.0,0.0,0.0,0.0,27
2023-05-10 21:30:24,MA401C2300,MA401C2300,160.0,0.0,0.0,0.0,17,156.5,159.0,7,160.0,0.0,0.0,0.0,0.0,0.0,27
2023-05-10 21:30:32,MA401C2300,MA401C2300,160.0,0.0,0.0,0.0,10,157.0,159.0,7,160.0,0.0,0.0,0.0,0.0,0.0,27
2023-05-10 21:30:33,MA401C2300,MA401C2300,160.0,0.0,0.0,0.0,17,156.5,159.0,7,160.0,0.0,0.0,0.0,0.0,0.0,27
2023-05-10 21:30:33,MA401C2300,MA401C2300,160.0,0.0,0.0,0.0,10,157.0,159.0,7,160.0,0.0,0.0,0.0,0.0,0.0,27
2023-05-10 21:30:34,MA401C2300,MA401C2300,160.0,0.0,0.0,0.0,17,156.5,159.0,7,160.0,0.0,0.0,0.0,0.0,0.0,27
2023-05-10 21:30:35,MA401C2300,MA401C2300,160.0,0.0,0.0,0.0,10,157.0,159.0,7,160.0,0.0,0.0,0.0,0.0,0.0,27
2023-05-10 21:30:36,MA401C2300,MA401C2300,160.0,0.0,0.0,0.0,17,156.5,159.0,7,160.0,0.0,0.0,0.0,0.0,0.0,27
2023-05-10 21:30:39,MA401C2300,MA401C2300,160.0,0.0,0.0,0.0,17,156.5,159.5,7,160.0,0.0,0.0,0.0,0.0,0.0,27
2023-05-10 21:30:49,MA401C2300,MA401C2300,160.0,0.0,0.0,0.0,7,157.0,159.5,7,160.0,0.0,0.0,0.0,0.0,0.0,27
2023-05-10 21:30:50,MA401C2300,MA401C2300,160.0,0.0,0.0,0.0,17,157.0,159.5,7,160.0,0.0,0.0,0.0,0.0,0.0,27
2023-05-10 21:31:02,MA401C2300,MA401C2300,160.0,0.0,0.0,0.0,7,157.0,159.5,7,160.0,0.0,0.0,0.0,0.0,0.0,27
2023-05-10 21:31:05,MA401C2300,MA401C2300,160.0,0.0,0.0,0.0,17,157.0,159.5,7,160.0,0.0,0.0,0.0,0.0,0.0,27
2023-05-10 21:31:05,MA401C2300,MA401C2300,160.0,0.0,0.0,0.0,7,157.0,159.5,7,160.0,0.0,0.0,0.0,0.0,0.0,27
2023-05-10 21:31:06,MA401C2300,MA401C2300,160.0,0.0,0.0,0.0,27,157.0,159.5,17,160.0,0.0,0.0,0.0,0.0,0.0,27
2023-05-10 21:31:06,MA401C2300,MA401C2300,160.0,0.0,0.0,0.0,17,157.0,159.5,17,160.0,0.0,0.0,0.0,0.0,0.0,27
2023-05-10 21:31:07,MA401C2300,MA401C2300,160.0,0.0,0.0,0.0,27,157.0,159.5,17,160.0,0.0,0.0,0.0,0.0,0.0,27
2023-05-10 21:31:10,MA401C2300,MA401C2300,160.0,0.0,0.0,0.0,10,157.5,159.5,7,160.0,0.0,0.0,0.0,0.0,0.0,27
2023-05-10 21:31:14,MA401C2300,MA401C2300,160.0,0.0,0.0,0.0,10,157.5,159.5,17,160.0,0.0,0.0,0.0,0.0,0.0,27
2023-05-10 21:31:34,MA401C2300,MA401C2300,160.0,0.0,0.0,0.0,10,157.5,159.5,10,160.0,0.0,0.0,0.0,0.0,0.0,27
2023-05-10 21:31:38,MA401C2300,MA401C2300,160.0,0.0,0.0,0.0,17,157.5,159.5,10,160.0,0.0,0.0,0.0,0.0,0.0,27
2023-05-10 21:32:33,MA401C2300,MA401C2300,160.0,0.0,0.0,0.0,17,157.5,160.0,10,160.0,0.0,0.0,0.0,0.0,0.0,27
2023-05-10 21:32:37,MA401C2300,MA401C2300,160.0,0.0,0.0,0.0,10,158.0,160.5,17,160.0,0.0,0.0,0.0,0.0,0.0,27
2023-05-10 21:32:43,MA401C2300,MA401C2300,160.0,0.0,0.0,0.0,10,158.0,160.0,17,160.0,0.0,0.0,0.0,0.0,0.0,27
2023-05-10 21:32:45,MA401C2300,MA401C2300,160.0,0.0,0.0,0.0,17,157.5,160.0,17,160.0,0.0,0.0,0.0,0.0,0.0,27
2023-05-10 21:32:48,MA401C2300,MA401C2300,160.0,0.0,0.0,0.0,17,157.5,159.5,10,160.0,0.0,0.0,0.0,0.0,0.0,27
2023-05-10 21:32:50,MA401C2300,MA401C2300,160.0,0.0,0.0,0.0,10,157.5,159.5,10,160.0,0.0,0.0,0.0,0.0,0.0,27
2023-05-10 21:32:50,MA401C2300,MA401C2300,160.0,0.0,0.0,0.0,17,157.0,159.5,10,160.0,0.0,0.0,0.0,0.0,0.0,27
2023-05-10 21:32:51,MA401C2300,MA401C2300,160.0,0.0,0.0,0.0,17,157.0,159.0,7,160.0,0.0,0.0,0.0,0.0,0.0,27
2023-05-10 21:32:56,MA401C2300,MA401C2300,160.0,0.0,0.0,0.0,10,157.0,159.0,7,160.0,0.0,0.0,0.0,0.0,0.0,27
2023-05-10 21:33:00,MA401C2300,MA401C2300,160.0,0.0,0.0,0.0,10,157.0,159.0,17,160.0,0.0,0.0,0.0,0.0,0.0,27
2023-05-10 21:33:05,MA401C2300,MA401C2300,160.0,0.0,0.0,0.0,10,156.5,159.0,17,160.0,0.0,0.0,0.0,0.0,0.0,27
2023-05-10 21:33:13,MA401C2300,MA401C2300,160.0,0.0,0.0,0.0,10,156.5,158.5,10,160.0,0.0,0.0,0.0,0.0,0.0,27
2023-05-10 21:33:18,MA401C2300,MA401C2300,160.0,0.0,0.0,0.0,17,156.0,158.5,10,160.0,0.0,0.0,0.0,0.0,0.0,27
2023-05-10 21:33:19,MA401C2300,MA401C2300,160.0,0.0,0.0,0.0,17,156.0,158.5,17,160.0,0.0,0.0,0.0,0.0,0.0,27
2023-05-10 21:33:28,MA401C2300,MA401C2300,160.0,0.0,0.0,0.0,10,157.0,158.5,7,160.0,0.0,0.0,0.0,0.0,0.0,27
2023-05-10 21:33:32,MA401C2300,MA401C2300,160.0,0.0,0.0,0.0,10,156.5,158.5,7,160.0,0.0,0.0,0.0,0.0,0.0,27
2023-05-10 21:33:44,MA401C2300,MA401C2300,160.0,0.0,0.0,0.0,10,156.5,158.5,17,160.0,0.0,0.0,0.0,0.0,0.0,27
2023-05-10 21:34:49,MA401C2300,MA401C2300,160.0,0.0,0.0,0.0,17,156.0,158.5,17,160.0,0.0,0.0,0.0,0.0,0.0,27
2023-05-10 21:34:53,MA401C2300,MA401C2300,160.0,0.0,0.0,0.0,17,156.0,158.0,10,160.0,0.0,0.0,0.0,0.0,0.0,27
2023-05-10 21:35:00,MA401C2300,MA401C2300,160.0,0.0,0.0,0.0,17,156.0,158.5,17,160.0,0.0,0.0,0.0,0.0,0.0,27
2023-05-10 21:35:01,MA401C2300,MA401C2300,160.0,0.0,0.0,0.0,27,156.0,158.5,17,160.0,0.0,0.0,0.0,0.0,0.0,27
2023-05-10 21:35:01,MA401C2300,MA401C2300,160.0,0.0,0.0,0.0,17,156.0,158.5,17,160.0,0.0,0.0,0.0,0.0,0.0,27
2023-05-10 21:35:08,MA401C2300,MA401C2300,160.0,0.0,0.0,0.0,27,156.0,158.5,17,160.0,0.0,0.0,0.0,0.0,0.0,27
2023-05-10 21:35:08,MA401C2300,MA401C2300,160.0,0.0,0.0,0.0,10,156.5,158.5,7,160.0,0.0,0.0,0.0,0.0,0.0,27
2023-05-10 21:35:18,MA401C2300,MA401C2300,160.0,0.0,0.0,0.0,10,156.5,158.5,17,160.0,0.0,0.0,0.0,0.0,0.0,27
2023-05-10 21:35:22,MA401C2300,MA401C2300,160.0,0.0,0.0,0.0,27,156.0,158.5,17,160.0,0.0,0.0,0.0,0.0,0.0,27
2023-05-10 21:35:24,MA401C2300,MA401C2300,160.0,0.0,0.0,0.0,17,156.0,158.5,17,160.0,0.0,0.0,0.0,0.0,0.0,27
2023-05-10 21:35:25,MA401C2300,MA401C2300,160.0,0.0,0.0,0.0,27,156.0,158.5,17,160.0,0.0,0.0,0.0,0.0,0.0,27
2023-05-10 21:35:27,MA401C2300,MA401C2300,160.0,0.0,0.0,0.0,7,156.0,158.0,10,160.0,0.0,0.0,0.0,0.0,0.0,27
2023-05-10 21:35:33,MA401C2300,MA401C2300,160.0,0.0,0.0,0.0,17,156.0,158.5,17,160.0,0.0,0.0,0.0,0.0,0.0,27
2023-05-10 21:36:03,MA401C2300,MA401C2300,160.0,0.0,0.0,0.0,27,156.0,158.5,17,160.0,0.0,0.0,0.0,0.0,0.0,27
2023-05-10 21:36:03,MA401C2300,MA401C2300,160.0,0.0,0.0,0.0,17,156.0,158.5,17,160.0,0.0,0.0,0.0,0.0,0.0,27
2023-05-10 21:36:06,MA401C2300,MA401C2300,160.0,0.0,0.0,0.0,17,156.0,158.0,10,160.0,0.0,0.0,0.0,0.0,0.0,27
2023-05-10 21:36:15,MA401C2300,MA401C2300,160.0,0.0,0.0,0.0,17,156.0,158.5,17,160.0,0.0,0.0,0.0,0.0,0.0,27
2023-05-10 21:36:25,MA401C2300,MA401C2300,160.0,0.0,0.0,0.0,10,156.5,158.5,7,160.0,0.0,0.0,0.0,0.0,0.0,27
2023-05-10 21:36:40,MA401C2300,MA401C2300,160.0,0.0,0.0,0.0,17,156.0,158.5,17,160.0,0.0,0.0,0.0,0.0,0.0,27
2023-05-10 21:36:47,MA401C2300,MA401C2300,160.0,0.0,0.0,0.0,10,156.5,158.5,7,160.0,0.0,0.0,0.0,0.0,0.0,27
2023-05-10 21:36:53,MA401C2300,MA401C2300,160.0,0.0,0.0,0.0,10,156.5,158.5,17,160.0,0.0,0.0,0.0,0.0,0.0,27
2023-05-10 21:36:53,MA401C2300,MA401C2300,160.0,0.0,0.0,0.0,17,156.0,158.5,17,160.0,0.0,0.0,0.0,0.0,0.0,27
2023-05-10 21:37:06,MA401C2300,MA401C2300,160.0,0.0,0.0,0.0,17,156.0,158.0,10,160.0,0.0,0.0,0.0,0.0,0.0,27
2023-05-10 21:37:06,MA401C2300,MA401C2300,160.0,0.0,0.0,0.0,7,156.0,158.0,10,160.0,0.0,0.0,0.0,0.0,0.0,27
2023-05-10 21:37:09,MA401C2300,MA401C2300,160.0,0.0,0.0,0.0,10,155.5,158.0,10,160.0,0.0,0.0,0.0,0.0,0.0,27
2023-05-10 21:37:09,MA401C2300,MA401C2300,160.0,0.0,0.0,0.0,10,155.5,158.0,17,160.0,0.0,0.0,0.0,0.0,0.0,27
2023-05-10 21:37:10,MA401C2300,MA401C2300,160.0,0.0,0.0,0.0,10,156.0,158.0,7,160.0,0.0,0.0,0.0,0.0,0.0,27
2023-05-10 21:37:27,MA401C2300,MA401C2300,160.0,0.0,0.0,0.0,17,156.0,158.5,17,160.0,0.0,0.0,0.0,0.0,0.0,27
2023-05-10 21:37:28,MA401C2300,MA401C2300,160.0,0.0,0.0,0.0,10,156.5,158.5,7,160.0,0.0,0.0,0.0,0.0,0.0,27
2023-05-10 21:37:30,MA401C2300,MA401C2300,160.0,0.0,0.0,0.0,10,156.5,158.5,17,160.0,0.0,0.0,0.0,0.0,0.0,27
2023-05-10 21:37:32,MA401C2300,MA401C2300,160.0,0.0,0.0,0.0,10,156.5,158.5,7,160.0,0.0,0.0,0.0,0.0,0.0,27
2023-05-10 21:37:37,MA401C2300,MA401C2300,160.0,0.0,0.0,0.0,27,156.0,158.5,17,160.0,0.0,0.0,0.0,0.0,0.0,27
2023-05-10 21:37:37,MA401C2300,MA401C2300,160.0,0.0,0.0,0.0,17,156.0,158.5,17,160.0,0.0,0.0,0.0,0.0,0.0,27
2023-05-10 21:38:01,MA401C2300,MA401C2300,160.0,0.0,0.0,0.0,17,156.0,158.0,10,160.0,0.0,0.0,0.0,0.0,0.0,27
2023-05-10 21:38:24,MA401C2300,MA401C2300,160.0,0.0,0.0,0.0,10,156.5,158.5,7,160.0,0.0,0.0,0.0,0.0,0.0,27
2023-05-10 21:38:25,MA401C2300,MA401C2300,160.0,0.0,0.0,0.0,10,156.5,158.5,17,160.0,0.0,0.0,0.0,0.0,0.0,27
2023-05-10 21:38:25,MA401C2300,MA401C2300,160.0,0.0,0.0,0.0,17,156.0,158.5,17,160.0,0.0,0.0,0.0,0.0,0.0,27
2023-05-10 21:38:49,MA401C2300,MA401C2300,160.0,0.0,0.0,0.0,7,156.0,158.0,10,160.0,0.0,0.0,0.0,0.0,0.0,27
2023-05-10 21:38:53,MA401C2300,MA401C2300,160.0,0.0,0.0,0.0,17,156.0,158.5,17,160.0,0.0,0.0,0.0,0.0,0.0,27
2023-05-10 21:39:04,MA401C2300,MA401C2300,160.0,0.0,0.0,0.0,7,156.0,158.0,10,160.0,0.0,0.0,0.0,0.0,0.0,27
2023-05-10 21:39:08,MA401C2300,MA401C2300,160.0,0.0,0.0,0.0,17,156.0,158.5,17,160.0,0.0,0.0,0.0,0.0,0.0,27
2023-05-10 21:39:15,MA401C2300,MA401C2300,160.0,0.0,0.0,0.0,7,156.0,158.0,10,160.0,0.0,0.0,0.0,0.0,0.0,27
2023-05-10 21:39:23,MA401C2300,MA401C2300,160.0,0.0,0.0,0.0,7,156.0,158.0,17,160.0,0.0,0.0,0.0,0.0,0.0,27
2023-05-10 21:39:23,MA401C2300,MA401C2300,160.0,0.0,0.0,0.0,17,155.5,158.0,17,160.0,0.0,0.0,0.0,0.0,0.0,27
2023-05-10 21:40:04,MA401C2300,MA401C2300,160.0,0.0,0.0,0.0,17,155.5,157.5,10,160.0,0.0,0.0,0.0,0.0,0.0,27
2023-05-10 21:40:04,MA401C2300,MA401C2300,160.0,0.0,0.0,0.0,17,155.5,158.0,17,160.0,0.0,0.0,0.0,0.0,0.0,27
2023-05-10 21:40:13,MA401C2300,MA401C2300,160.0,0.0,0.0,0.0,10,156.0,158.0,7,160.0,0.0,0.0,0.0,0.0,0.0,27
2023-05-10 21:40:14,MA401C2300,MA401C2300,160.0,0.0,0.0,0.0,17,155.5,158.0,17,160.0,0.0,0.0,0.0,0.0,0.0,27
2023-05-10 21:40:16,MA401C2300,MA401C2300,160.0,0.0,0.0,0.0,7,155.5,157.5,10,160.0,0.0,0.0,0.0,0.0,0.0,27
2023-05-10 21:40:17,MA401C2300,MA401C2300,160.0,0.0,0.0,0.0,10,155.0,157.5,10,160.0,0.0,0.0,0.0,0.0,0.0,27
2023-05-10 21:40:18,MA401C2300,MA401C2300,160.0,0.0,0.0,0.0,10,155.0,157.5,17,160.0,0.0,0.0,0.0,0.0,0.0,27
2023-05-10 21:40:21,MA401C2300,MA401C2300,160.0,0.0,0.0,0.0,20,155.0,157.5,17,160.0,0.0,0.0,0.0,0.0,0.0,27
2023-05-10 21:40:26,MA401C2300,MA401C2300,160.0,0.0,0.0,0.0,10,155.0,157.5,17,160.0,0.0,0.0,0.0,0.0,0.0,27
2023-05-10 21:40:26,MA401C2300,MA401C2300,160.0,0.0,0.0,0.0,20,155.0,157.5,17,160.0,0.0,0.0,0.0,0.0,0.0,27
2023-05-10 21:40:32,MA401C2300,MA401C2300,160.0,0.0,0.0,0.0,10,155.0,157.5,17,160.0,0.0,0.0,0.0,0.0,0.0,27
2023-05-10 21:40:32,MA401C2300,MA401C2300,160.0,0.0,0.0,0.0,27,155.0,157.5,17,160.0,0.0,0.0,0.0,0.0,0.0,27
2023-05-10 21:41:01,MA401C2300,MA401C2300,160.0,0.0,0.0,0.0,17,155.0,157.5,17,160.0,0.0,0.0,0.0,0.0,0.0,27
2023-05-10 21:41:03,MA401C2300,MA401C2300,160.0,0.0,0.0,0.0,27,155.0,157.5,17,160.0,0.0,0.0,0.0,0.0,0.0,27
2023-05-10 21:41:18,MA401C2300,MA401C2300,160.0,0.0,0.0,0.0,17,155.0,157.5,17,160.0,0.0,0.0,0.0,0.0,0.0,27
2023-05-10 21:41:18,MA401C2300,MA401C2300,160.0,0.0,0.0,0.0,27,155.0,157.5,17,160.0,0.0,0.0,0.0,0.0,0.0,27
2023-05-10 21:41:22,MA401C2300,MA401C2300,160.0,0.0,0.0,0.0,17,155.0,157.5,17,160.0,0.0,0.0,0.0,0.0,0.0,27
2023-05-10 21:41:22,MA401C2300,MA401C2300,160.0,0.0,0.0,0.0,27,155.0,157.5,17,160.0,0.0,0.0,0.0,0.0,0.0,27
2023-05-10 21:41:34,MA401C2300,MA401C2300,160.0,0.0,0.0,0.0,17,155.0,157.5,17,160.0,0.0,0.0,0.0,0.0,0.0,27
2023-05-10 21:41:34,MA401C2300,MA401C2300,160.0,0.0,0.0,0.0,27,155.0,157.5,17,160.0,0.0,0.0,0.0,0.0,0.0,27
2023-05-10 21:41:36,MA401C2300,MA401C2300,160.0,0.0,0.0,0.0,17,155.0,157.5,17,160.0,0.0,0.0,0.0,0.0,0.0,27
2023-05-10 21:41:47,MA401C2300,MA401C2300,160.0,0.0,0.0,0.0,27,155.0,157.5,17,160.0,0.0,0.0,0.0,0.0,0.0,27
2023-05-10 21:41:47,MA401C2300,MA401C2300,160.0,0.0,0.0,0.0,17,155.0,157.5,17,160.0,0.0,0.0,0.0,0.0,0.0,27
2023-05-10 21:41:48,MA401C2300,MA401C2300,160.0,0.0,0.0,0.0,27,155.0,157.5,17,160.0,0.0,0.0,0.0,0.0,0.0,27
2023-05-10 21:41:51,MA401C2300,MA401C2300,160.0,0.0,0.0,0.0,17,155.0,157.5,17,160.0,0.0,0.0,0.0,0.0,0.0,27
2023-05-10 21:41:56,MA401C2300,MA401C2300,160.0,0.0,0.0,0.0,27,155.0,157.5,17,160.0,0.0,0.0,0.0,0.0,0.0,27
2023-05-10 21:41:59,MA401C2300,MA401C2300,160.0,0.0,0.0,0.0,17,155.0,158.0,7,160.0,0.0,0.0,0.0,0.0,0.0,27
2023-05-10 21:42:00,MA401C2300,MA401C2300,160.0,0.0,0.0,0.0,10,155.5,157.5,10,160.0,0.0,0.0,0.0,0.0,0.0,27
2023-05-10 21:42:00,MA401C2300,MA401C2300,160.0,0.0,0.0,0.0,17,155.0,157.5,10,160.0,0.0,0.0,0.0,0.0,0.0,27
2023-05-10 21:42:03,MA401C2300,MA401C2300,160.0,0.0,0.0,0.0,27,155.0,157.5,10,160.0,0.0,0.0,0.0,0.0,0.0,27
2023-05-10 21:42:16,MA401C2300,MA401C2300,160.0,0.0,0.0,0.0,17,155.0,158.0,7,160.0,0.0,0.0,0.0,0.0,0.0,27
2023-05-10 21:42:17,MA401C2300,MA401C2300,160.0,0.0,0.0,0.0,27,155.0,157.5,10,160.0,0.0,0.0,0.0,0.0,0.0,27
2023-05-10 21:42:17,MA401C2300,MA401C2300,160.0,0.0,0.0,0.0,17,155.0,158.0,7,160.0,0.0,0.0,0.0,0.0,0.0,27
2023-05-10 21:42:20,MA401C2300,MA401C2300,160.0,0.0,0.0,0.0,27,155.0,157.5,10,160.0,0.0,0.0,0.0,0.0,0.0,27
2023-05-10 21:42:23,MA401C2300,MA401C2300,160.0,0.0,0.0,0.0,17,155.0,157.5,10,160.0,0.0,0.0,0.0,0.0,0.0,27
2023-05-10 21:42:28,MA401C2300,MA401C2300,160.0,0.0,0.0,0.0,17,155.0,157.0,10,160.0,0.0,0.0,0.0,0.0,0.0,27
2023-05-10 21:42:29,MA401C2300,MA401C2300,160.0,0.0,0.0,0.0,17,155.0,157.5,10,160.0,0.0,0.0,0.0,0.0,0.0,27
2023-05-10 21:42:30,MA401C2300,MA401C2300,160.0,0.0,0.0,0.0,17,155.0,157.5,17,160.0,0.0,0.0,0.0,0.0,0.0,27
2023-05-10 21:42:32,MA401C2300,MA401C2300,160.0,0.0,0.0,0.0,27,155.0,157.5,17,160.0,0.0,0.0,0.0,0.0,0.0,27
2023-05-10 21:42:40,MA401C2300,MA401C2300,160.0,0.0,0.0,0.0,17,155.0,157.5,17,160.0,0.0,0.0,0.0,0.0,0.0,27
2023-05-10 21:42:43,MA401C2300,MA401C2300,160.0,0.0,0.0,0.0,27,155.0,157.5,17,160.0,0.0,0.0,0.0,0.0,0.0,27
2023-05-10 21:42:44,MA401C2300,MA401C2300,160.0,0.0,0.0,0.0,17,155.0,157.5,17,160.0,0.0,0.0,0.0,0.0,0.0,27
2023-05-10 21:42:44,MA401C2300,MA401C2300,160.0,0.0,0.0,0.0,27,155.0,157.5,17,160.0,0.0,0.0,0.0,0.0,0.0,27
2023-05-10 21:42:46,MA401C2300,MA401C2300,160.0,0.0,0.0,0.0,10,155.5,157.5,7,160.0,0.0,0.0,0.0,0.0,0.0,27
2023-05-10 21:42:50,MA401C2300,MA401C2300,160.0,0.0,0.0,0.0,10,155.5,157.5,17,160.0,0.0,0.0,0.0,0.0,0.0,27
2023-05-10 21:42:54,MA401C2300,MA401C2300,160.0,0.0,0.0,0.0,27,155.0,157.5,17,160.0,0.0,0.0,0.0,0.0,0.0,27
2023-05-10 21:43:20,MA401C2300,MA401C2300,160.0,0.0,0.0,0.0,17,155.0,157.5,17,160.0,0.0,0.0,0.0,0.0,0.0,27
2023-05-10 21:43:27,MA401C2300,MA401C2300,160.0,0.0,0.0,0.0,7,155.0,157.5,7,160.0,0.0,0.0,0.0,0.0,0.0,27
2023-05-10 21:43:27,MA401C2300,MA401C2300,160.0,0.0,0.0,0.0,17,155.0,157.5,17,160.0,0.0,0.0,0.0,0.0,0.0,27
2023-05-10 21:43:31,MA401C2300,MA401C2300,160.0,0.0,0.0,0.0,17,155.0,157.0,10,160.0,0.0,0.0,0.0,0.0,0.0,27
2023-05-10 21:43:32,MA401C2300,MA401C2300,160.0,0.0,0.0,0.0,17,155.0,157.5,17,160.0,0.0,0.0,0.0,0.0,0.0,27
2023-05-10 21:43:36,MA401C2300,MA401C2300,160.0,0.0,0.0,0.0,10,154.5,157.0,10,160.0,0.0,0.0,0.0,0.0,0.0,27
2023-05-10 21:43:37,MA401C2300,MA401C2300,160.0,0.0,0.0,0.0,20,153.0,157.5,17,160.0,0.0,0.0,0.0,0.0,0.0,27
2023-05-10 21:43:37,MA401C2300,MA401C2300,160.0,0.0,0.0,0.0,30,152.0,156.5,10,160.0,0.0,0.0,0.0,0.0,0.0,27
2023-05-10 21:43:38,MA401C2300,MA401C2300,160.0,0.0,0.0,0.0,10,151.0,155.5,10,160.0,0.0,0.0,0.0,0.0,0.0,27
2023-05-10 21:43:39,MA401C2300,MA401C2300,160.0,0.0,0.0,0.0,10,151.0,155.0,10,160.0,0.0,0.0,0.0,0.0,0.0,27
2023-05-10 21:43:39,MA401C2300,MA401C2300,160.0,0.0,0.0,0.0,10,151.5,155.0,10,160.0,0.0,0.0,0.0,0.0,0.0,27
2023-05-10 21:43:40,MA401C2300,MA401C2300,160.0,0.0,0.0,0.0,10,152.0,155.0,10,160.0,0.0,0.0,0.0,0.0,0.0,27
2023-05-10 21:43:40,MA401C2300,MA401C2300,160.0,0.0,0.0,0.0,10,152.5,155.0,10,160.0,0.0,0.0,0.0,0.0,0.0,27
2023-05-10 21:43:41,MA401C2300,MA401C2300,160.0,0.0,0.0,0.0,10,152.0,155.0,10,160.0,0.0,0.0,0.0,0.0,0.0,27
2023-05-10 21:43:41,MA401C2300,MA401C2300,160.0,0.0,0.0,0.0,10,152.0,156.0,10,160.0,0.0,0.0,0.0,0.0,0.0,27
2023-05-10 21:43:42,MA401C2300,MA401C2300,160.0,0.0,0.0,0.0,10,152.5,156.0,10,160.0,0.0,0.0,0.0,0.0,0.0,27
2023-05-10 21:43:43,MA401C2300,MA401C2300,160.0,0.0,0.0,0.0,10,153.0,156.0,10,160.0,0.0,0.0,0.0,0.0,0.0,27
2023-05-10 21:43:44,MA401C2300,MA401C2300,160.0,0.0,0.0,0.0,10,153.5,156.0,10,160.0,0.0,0.0,0.0,0.0,0.0,27
2023-05-10 21:43:45,MA401C2300,MA401C2300,160.0,0.0,0.0,0.0,10,153.5,157.0,10,160.0,0.0,0.0,0.0,0.0,0.0,27
2023-05-10 21:43:45,MA401C2300,MA401C2300,160.0,0.0,0.0,0.0,30,152.5,157.0,10,160.0,0.0,0.0,0.0,0.0,0.0,27
2023-05-10 21:43:46,MA401C2300,MA401C2300,160.0,0.0,0.0,0.0,20,152.5,156.5,10,160.0,0.0,0.0,0.0,0.0,0.0,27
2023-05-10 21:43:47,MA401C2300,MA401C2300,160.0,0.0,0.0,0.0,10,152.5,156.5,10,160.0,0.0,0.0,0.0,0.0,0.0,27
2023-05-10 21:43:52,MA401C2300,MA401C2300,160.0,0.0,0.0,0.0,10,152.5,155.5,7,160.0,0.0,0.0,0.0,0.0,0.0,27
2023-05-10 21:43:55,MA401C2300,MA401C2300,160.0,0.0,0.0,0.0,20,152.0,155.5,7,160.0,0.0,0.0,0.0,0.0,0.0,27
2023-05-10 21:43:56,MA401C2300,MA401C2300,160.0,0.0,0.0,0.0,10,152.0,155.5,7,160.0,0.0,0.0,0.0,0.0,0.0,27
2023-05-10 21:43:57,MA401C2300,MA401C2300,160.0,0.0,0.0,0.0,10,153.0,155.5,7,160.0,0.0,0.0,0.0,0.0,0.0,27
2023-05-10 21:43:58,MA401C2300,MA401C2300,160.0,0.0,0.0,0.0,17,152.5,155.5,7,160.0,0.0,0.0,0.0,0.0,0.0,27
2023-05-10 21:44:03,MA401C2300,MA401C2300,160.0,0.0,0.0,0.0,27,152.5,155.5,7,160.0,0.0,0.0,0.0,0.0,0.0,27
2023-05-10 21:44:03,MA401C2300,MA401C2300,160.0,0.0,0.0,0.0,10,153.0,155.5,7,160.0,0.0,0.0,0.0,0.0,0.0,27
2023-05-10 21:44:04,MA401C2300,MA401C2300,160.0,0.0,0.0,0.0,17,152.5,155.5,7,160.0,0.0,0.0,0.0,0.0,0.0,27
2023-05-10 21:44:05,MA401C2300,MA401C2300,160.0,0.0,0.0,0.0,17,153.0,155.5,7,160.0,0.0,0.0,0.0,0.0,0.0,27
2023-05-10 21:44:06,MA401C2300,MA401C2300,160.0,0.0,0.0,0.0,7,153.0,155.5,7,160.0,0.0,0.0,0.0,0.0,0.0,27
2023-05-10 21:44:10,MA401C2300,MA401C2300,160.0,0.0,0.0,0.0,10,153.5,155.5,7,160.0,0.0,0.0,0.0,0.0,0.0,27
2023-05-10 21:44:11,MA401C2300,MA401C2300,160.0,0.0,0.0,0.0,17,153.0,155.5,7,160.0,0.0,0.0,0.0,0.0,0.0,27
2023-05-10 21:44:15,MA401C2300,MA401C2300,160.0,0.0,0.0,0.0,10,153.5,156.5,10,160.0,0.0,0.0,0.0,0.0,0.0,27
2023-05-10 21:44:16,MA401C2300,MA401C2300,160.0,0.0,0.0,0.0,10,153.5,156.0,7,160.0,0.0,0.0,0.0,0.0,0.0,27
2023-05-10 21:44:19,MA401C2300,MA401C2300,160.0,0.0,0.0,0.0,17,153.0,156.0,7,160.0,0.0,0.0,0.0,0.0,0.0,27
2023-05-10 21:44:19,MA401C2300,MA401C2300,160.0,0.0,0.0,0.0,10,153.5,156.0,7,160.0,0.0,0.0,0.0,0.0,0.0,27
2023-05-10 21:44:23,MA401C2300,MA401C2300,160.0,0.0,0.0,0.0,17,153.0,156.0,7,160.0,0.0,0.0,0.0,0.0,0.0,27
2023-05-10 21:44:24,MA401C2300,MA401C2300,160.0,0.0,0.0,0.0,10,153.5,156.0,7,160.0,0.0,0.0,0.0,0.0,0.0,27
2023-05-10 21:44:25,MA401C2300,MA401C2300,160.0,0.0,0.0,0.0,17,153.5,156.0,7,160.0,0.0,0.0,0.0,0.0,0.0,27
2023-05-10 21:44:32,MA401C2300,MA401C2300,160.0,0.0,0.0,0.0,7,153.5,156.0,7,160.0,0.0,0.0,0.0,0.0,0.0,27
2023-05-10 21:44:32,MA401C2300,MA401C2300,160.0,0.0,0.0,0.0,17,153.5,156.0,7,160.0,0.0,0.0,0.0,0.0,0.0,27
2023-05-10 21:44:33,MA401C2300,MA401C2300,160.0,0.0,0.0,0.0,7,153.5,156.0,7,160.0,0.0,0.0,0.0,0.0,0.0,27
2023-05-10 21:44:38,MA401C2300,MA401C2300,160.0,0.0,0.0,0.0,17,153.5,156.0,7,160.0,0.0,0.0,0.0,0.0,0.0,27
2023-05-10 21:44:38,MA401C2300,MA401C2300,160.0,0.0,0.0,0.0,7,153.5,156.0,7,160.0,0.0,0.0,0.0,0.0,0.0,27
2023-05-10 21:44:52,MA401C2300,MA401C2300,160.0,0.0,0.0,0.0,17,153.5,156.0,7,160.0,0.0,0.0,0.0,0.0,0.0,27
2023-05-10 21:44:54,MA401C2300,MA401C2300,160.0,0.0,0.0,0.0,7,153.5,156.0,7,160.0,0.0,0.0,0.0,0.0,0.0,27
2023-05-10 21:44:55,MA401C2300,MA401C2300,160.0,0.0,0.0,0.0,17,153.5,156.0,7,160.0,0.0,0.0,0.0,0.0,0.0,27
2023-05-10 21:45:00,MA401C2300,MA401C2300,160.0,0.0,0.0,0.0,7,153.5,156.0,7,160.0,0.0,0.0,0.0,0.0,0.0,27
2023-05-10 21:45:06,MA401C2300,MA401C2300,160.0,0.0,0.0,0.0,17,153.5,155.5,10,160.0,0.0,0.0,0.0,0.0,0.0,27
2023-05-10 21:45:07,MA401C2300,MA401C2300,160.0,0.0,0.0,0.0,7,153.5,155.5,10,160.0,0.0,0.0,0.0,0.0,0.0,27
2023-05-10 21:45:13,MA401C2300,MA401C2300,160.0,0.0,0.0,0.0,17,153.5,155.5,10,160.0,0.0,0.0,0.0,0.0,0.0,27
2023-05-10 21:45:14,MA401C2300,MA401C2300,160.0,0.0,0.0,0.0,27,153.5,156.0,17,160.0,0.0,0.0,0.0,0.0,0.0,27
2023-05-10 21:45:23,MA401C2300,MA401C2300,160.0,0.0,0.0,0.0,10,154.0,156.5,10,160.0,0.0,0.0,0.0,0.0,0.0,27
2023-05-10 21:45:23,MA401C2300,MA401C2300,160.0,0.0,0.0,0.0,10,154.0,157.5,7,160.0,0.0,0.0,0.0,0.0,0.0,27
2023-05-10 21:45:24,MA401C2300,MA401C2300,160.0,0.0,0.0,0.0,17,153.5,157.5,17,160.0,0.0,0.0,0.0,0.0,0.0,27
2023-05-10 21:45:25,MA401C2300,MA401C2300,160.0,0.0,0.0,0.0,17,153.5,157.0,7,160.0,0.0,0.0,0.0,0.0,0.0,27
2023-05-10 21:45:34,MA401C2300,MA401C2300,160.0,0.0,0.0,0.0,10,154.0,156.0,10,160.0,0.0,0.0,0.0,0.0,0.0,27
2023-05-10 21:45:35,MA401C2300,MA401C2300,160.0,0.0,0.0,0.0,17,153.5,156.0,10,160.0,0.0,0.0,0.0,0.0,0.0,27
2023-05-10 21:45:36,MA401C2300,MA401C2300,160.0,0.0,0.0,0.0,17,153.5,155.5,10,160.0,0.0,0.0,0.0,0.0,0.0,27
2023-05-10 21:45:37,MA401C2300,MA401C2300,160.0,0.0,0.0,0.0,27,153.5,156.0,10,160.0,0.0,0.0,0.0,0.0,0.0,27
2023-05-10 21:45:40,MA401C2300,MA401C2300,160.0,0.0,0.0,0.0,17,153.5,156.0,10,160.0,0.0,0.0,0.0,0.0,0.0,27
2023-05-10 21:45:41,MA401C2300,MA401C2300,160.0,0.0,0.0,0.0,27,153.5,156.0,10,160.0,0.0,0.0,0.0,0.0,0.0,27
2023-05-10 21:45:43,MA401C2300,MA401C2300,160.0,0.0,0.0,0.0,17,153.5,156.0,10,160.0,0.0,0.0,0.0,0.0,0.0,27
2023-05-10 21:45:44,MA401C2300,MA401C2300,160.0,0.0,0.0,0.0,27,153.5,156.0,10,160.0,0.0,0.0,0.0,0.0,0.0,27
2023-05-10 21:45:46,MA401C2300,MA401C2300,160.0,0.0,0.0,0.0,17,153.5,156.0,10,160.0,0.0,0.0,0.0,0.0,0.0,27
2023-05-10 21:45:55,MA401C2300,MA401C2300,160.0,0.0,0.0,0.0,27,153.5,156.0,10,160.0,0.0,0.0,0.0,0.0,0.0,27
2023-05-10 21:45:56,MA401C2300,MA401C2300,160.0,0.0,0.0,0.0,17,153.5,156.0,10,160.0,0.0,0.0,0.0,0.0,0.0,27
2023-05-10 21:45:59,MA401C2300,MA401C2300,160.0,0.0,0.0,0.0,27,153.5,156.0,10,160.0,0.0,0.0,0.0,0.0,0.0,27
2023-05-10 21:46:13,MA401C2300,MA401C2300,160.0,0.0,0.0,0.0,10,154.0,156.5,17,160.0,0.0,0.0,0.0,0.0,0.0,27
2023-05-10 21:46:16,MA401C2300,MA401C2300,160.0,0.0,0.0,0.0,27,153.5,156.0,10,160.0,0.0,0.0,0.0,0.0,0.0,27
2023-05-10 21:46:22,MA401C2300,MA401C2300,160.0,0.0,0.0,0.0,17,153.5,156.0,10,160.0,0.0,0.0,0.0,0.0,0.0,27
2023-05-10 21:46:27,MA401C2300,MA401C2300,160.0,0.0,0.0,0.0,27,153.5,156.0,10,160.0,0.0,0.0,0.0,0.0,0.0,27
2023-05-10 21:46:31,MA401C2300,MA401C2300,160.0,0.0,0.0,0.0,17,153.5,156.0,10,160.0,0.0,0.0,0.0,0.0,0.0,27
2023-05-10 21:46:38,MA401C2300,MA401C2300,160.0,0.0,0.0,0.0,27,153.5,156.0,10,160.0,0.0,0.0,0.0,0.0,0.0,27
2023-05-10 21:46:52,MA401C2300,MA401C2300,160.0,0.0,0.0,0.0,17,153.5,156.0,10,160.0,0.0,0.0,0.0,0.0,0.0,27
2023-05-10 21:46:57,MA401C2300,MA401C2300,160.0,0.0,0.0,0.0,27,153.5,156.0,10,160.0,0.0,0.0,0.0,0.0,0.0,27
2023-05-10 21:46:58,MA401C2300,MA401C2300,160.0,0.0,0.0,0.0,17,153.5,156.0,10,160.0,0.0,0.0,0.0,0.0,0.0,27
2023-05-10 21:47:07,MA401C2300,MA401C2300,160.0,0.0,0.0,0.0,27,153.5,156.0,10,160.0,0.0,0.0,0.0,0.0,0.0,27
2023-05-10 21:47:09,MA401C2300,MA401C2300,160.0,0.0,0.0,0.0,17,153.5,156.0,10,160.0,0.0,0.0,0.0,0.0,0.0,27
2023-05-10 21:47:14,MA401C2300,MA401C2300,160.0,0.0,0.0,0.0,27,153.5,156.0,10,160.0,0.0,0.0,0.0,0.0,0.0,27
2023-05-10 21:47:15,MA401C2300,MA401C2300,160.0,0.0,0.0,0.0,17,153.5,156.0,10,160.0,0.0,0.0,0.0,0.0,0.0,27
2023-05-10 21:47:18,MA401C2300,MA401C2300,160.0,0.0,0.0,0.0,27,153.5,156.0,10,160.0,0.0,0.0,0.0,0.0,0.0,27
2023-05-10 21:47:20,MA401C2300,MA401C2300,160.0,0.0,0.0,0.0,17,153.5,156.0,10,160.0,0.0,0.0,0.0,0.0,0.0,27
2023-05-10 21:47:32,MA401C2300,MA401C2300,160.0,0.0,0.0,0.0,27,153.5,156.0,10,160.0,0.0,0.0,0.0,0.0,0.0,27
2023-05-10 21:47:33,MA401C2300,MA401C2300,160.0,0.0,0.0,0.0,17,153.5,156.0,10,160.0,0.0,0.0,0.0,0.0,0.0,27
2023-05-10 21:47:46,MA401C2300,MA401C2300,160.0,0.0,0.0,0.0,7,153.5,155.5,10,160.0,0.0,0.0,0.0,0.0,0.0,27
2023-05-10 21:47:49,MA401C2300,MA401C2300,160.0,0.0,0.0,0.0,17,153.5,156.0,17,160.0,0.0,0.0,0.0,0.0,0.0,27
2023-05-10 21:48:01,MA401C2300,MA401C2300,160.0,0.0,0.0,0.0,17,153.5,155.5,10,160.0,0.0,0.0,0.0,0.0,0.0,27
2023-05-10 21:48:07,MA401C2300,MA401C2300,160.0,0.0,0.0,0.0,7,153.5,156.0,7,160.0,0.0,0.0,0.0,0.0,0.0,27
2023-05-10 21:48:08,MA401C2300,MA401C2300,160.0,0.0,0.0,0.0,17,153.5,156.0,17,160.0,0.0,0.0,0.0,0.0,0.0,27
2023-05-10 21:48:11,MA401C2300,MA401C2300,160.0,0.0,0.0,0.0,7,153.5,156.0,7,160.0,0.0,0.0,0.0,0.0,0.0,27
2023-05-10 21:48:11,MA401C2300,MA401C2300,160.0,0.0,0.0,0.0,17,153.5,156.0,17,160.0,0.0,0.0,0.0,0.0,0.0,27
2023-05-10 21:48:15,MA401C2300,MA401C2300,160.0,0.0,0.0,0.0,10,153.5,156.0,17,160.0,0.0,0.0,0.0,0.0,0.0,27
2023-05-10 21:48:16,MA401C2300,MA401C2300,160.0,0.0,0.0,0.0,7,153.0,156.0,7,160.0,0.0,0.0,0.0,0.0,0.0,27
2023-05-10 21:48:21,MA401C2300,MA401C2300,160.0,0.0,0.0,0.0,7,153.0,155.0,7,160.0,0.0,0.0,0.0,0.0,0.0,27
2023-05-10 21:48:22,MA401C2300,MA401C2300,160.0,0.0,0.0,0.0,30,152.0,155.0,7,160.0,0.0,0.0,0.0,0.0,0.0,27
2023-05-10 21:48:22,MA401C2300,MA401C2300,160.0,0.0,0.0,0.0,10,152.0,155.0,7,160.0,0.0,0.0,0.0,0.0,0.0,27
2023-05-10 21:48:24,MA401C2300,MA401C2300,160.0,0.0,0.0,0.0,20,152.0,155.0,7,160.0,0.0,0.0,0.0,0.0,0.0,27
2023-05-10 21:48:25,MA401C2300,MA401C2300,160.0,0.0,0.0,0.0,10,152.0,155.0,7,160.0,0.0,0.0,0.0,0.0,0.0,27
2023-05-10 21:48:26,MA401C2300,MA401C2300,160.0,0.0,0.0,0.0,10,152.5,154.5,10,160.0,0.0,0.0,0.0,0.0,0.0,27
2023-05-10 21:48:28,MA401C2300,MA401C2300,160.0,0.0,0.0,0.0,17,152.0,155.0,7,160.0,0.0,0.0,0.0,0.0,0.0,27
2023-05-10 21:48:29,MA401C2300,MA401C2300,160.0,0.0,0.0,0.0,10,152.5,154.5,10,160.0,0.0,0.0,0.0,0.0,0.0,27
2023-05-10 21:48:35,MA401C2300,MA401C2300,160.0,0.0,0.0,0.0,10,153.0,155.0,7,160.0,0.0,0.0,0.0,0.0,0.0,27
2023-05-10 21:48:36,MA401C2300,MA401C2300,160.0,0.0,0.0,0.0,27,152.0,155.0,7,160.0,0.0,0.0,0.0,0.0,0.0,27
2023-05-10 21:48:36,MA401C2300,MA401C2300,160.0,0.0,0.0,0.0,10,152.5,155.0,17,160.0,0.0,0.0,0.0,0.0,0.0,27
2023-05-10 21:48:42,MA401C2300,MA401C2300,160.0,0.0,0.0,0.0,17,152.0,154.5,17,160.0,0.0,0.0,0.0,0.0,0.0,27
2023-05-10 21:48:42,MA401C2300,MA401C2300,160.0,0.0,0.0,0.0,7,152.0,154.5,7,160.0,0.0,0.0,0.0,0.0,0.0,27
2023-05-10 21:48:44,MA401C2300,MA401C2300,160.0,0.0,0.0,0.0,17,152.0,154.5,17,160.0,0.0,0.0,0.0,0.0,0.0,27
2023-05-10 21:48:46,MA401C2300,MA401C2300,160.0,0.0,0.0,0.0,17,152.0,154.0,10,160.0,0.0,0.0,0.0,0.0,0.0,27
2023-05-10 21:48:46,MA401C2300,MA401C2300,160.0,0.0,0.0,0.0,7,152.0,154.0,10,160.0,0.0,0.0,0.0,0.0,0.0,27
2023-05-10 21:48:48,MA401C2300,MA401C2300,160.0,0.0,0.0,0.0,10,151.5,153.5,10,160.0,0.0,0.0,0.0,0.0,0.0,27
2023-05-10 21:48:48,MA401C2300,MA401C2300,160.0,0.0,0.0,0.0,20,151.0,153.5,10,160.0,0.0,0.0,0.0,0.0,0.0,27
2023-05-10 21:48:49,MA401C2300,MA401C2300,160.0,0.0,0.0,0.0,10,151.0,153.5,10,160.0,0.0,0.0,0.0,0.0,0.0,27
2023-05-10 21:48:50,MA401C2300,MA401C2300,160.0,0.0,0.0,0.0,20,150.5,154.5,17,160.0,0.0,0.0,0.0,0.0,0.0,27
2023-05-10 21:48:51,MA401C2300,MA401C2300,160.0,0.0,0.0,0.0,10,150.5,154.5,17,160.0,0.0,0.0,0.0,0.0,0.0,27
2023-05-10 21:48:53,MA401C2300,MA401C2300,160.0,0.0,0.0,0.0,10,151.0,154.5,17,160.0,0.0,0.0,0.0,0.0,0.0,27
2023-05-10 21:48:53,MA401C2300,MA401C2300,160.0,0.0,0.0,0.0,10,151.0,154.0,10,160.0,0.0,0.0,0.0,0.0,0.0,27
2023-05-10 21:48:54,MA401C2300,MA401C2300,160.0,0.0,0.0,0.0,20,151.0,153.0,10,160.0,0.0,0.0,0.0,0.0,0.0,27
2023-05-10 21:48:55,MA401C2300,MA401C2300,160.0,0.0,0.0,0.0,20,151.0,153.5,10,160.0,0.0,0.0,0.0,0.0,0.0,27
2023-05-10 21:48:56,MA401C2300,MA401C2300,160.0,0.0,0.0,0.0,10,151.5,154.5,17,160.0,0.0,0.0,0.0,0.0,0.0,27
2023-05-10 21:48:57,MA401C2300,MA401C2300,160.0,0.0,0.0,0.0,10,151.5,153.5,10,160.0,0.0,0.0,0.0,0.0,0.0,27
2023-05-10 21:48:58,MA401C2300,MA401C2300,160.0,0.0,0.0,0.0,20,151.5,153.5,10,160.0,0.0,0.0,0.0,0.0,0.0,27
2023-05-10 21:48:59,MA401C2300,MA401C2300,160.0,0.0,0.0,0.0,20,151.0,153.5,10,160.0,0.0,0.0,0.0,0.0,0.0,27
2023-05-10 21:48:59,MA401C2300,MA401C2300,160.0,0.0,0.0,0.0,10,151.0,153.5,10,160.0,0.0,0.0,0.0,0.0,0.0,27
2023-05-10 21:49:02,MA401C2300,MA401C2300,160.0,0.0,0.0,0.0,10,151.0,153.5,17,160.0,0.0,0.0,0.0,0.0,0.0,27
2023-05-10 21:49:02,MA401C2300,MA401C2300,160.0,0.0,0.0,0.0,17,151.0,153.5,17,160.0,0.0,0.0,0.0,0.0,0.0,27
2023-05-10 21:49:03,MA401C2300,MA401C2300,160.0,0.0,0.0,0.0,20,151.5,153.5,7,160.0,0.0,0.0,0.0,0.0,0.0,27
2023-05-10 21:49:03,MA401C2300,MA401C2300,160.0,0.0,0.0,0.0,10,151.5,153.5,7,160.0,0.0,0.0,0.0,0.0,0.0,27
2023-05-10 21:49:05,MA401C2300,MA401C2300,160.0,0.0,0.0,0.0,10,151.5,153.5,17,160.0,0.0,0.0,0.0,0.0,0.0,27
2023-05-10 21:49:16,MA401C2300,MA401C2300,160.0,0.0,0.0,0.0,10,151.5,153.5,7,160.0,0.0,0.0,0.0,0.0,0.0,27
2023-05-10 21:49:20,MA401C2300,MA401C2300,160.0,0.0,0.0,0.0,20,151.5,153.5,7,160.0,0.0,0.0,0.0,0.0,0.0,27
2023-05-10 21:49:21,MA401C2300,MA401C2300,160.0,0.0,0.0,0.0,10,151.5,153.5,7,160.0,0.0,0.0,0.0,0.0,0.0,27
2023-05-10 21:49:22,MA401C2300,MA401C2300,160.0,0.0,0.0,0.0,20,151.5,153.5,7,160.0,0.0,0.0,0.0,0.0,0.0,27
2023-05-10 21:49:22,MA401C2300,MA401C2300,160.0,0.0,0.0,0.0,10,151.5,153.5,7,160.0,0.0,0.0,0.0,0.0,0.0,27
2023-05-10 21:49:23,MA401C2300,MA401C2300,160.0,0.0,0.0,0.0,20,151.5,153.5,7,160.0,0.0,0.0,0.0,0.0,0.0,27
2023-05-10 21:49:25,MA401C2300,MA401C2300,160.0,0.0,0.0,0.0,10,151.5,153.5,7,160.0,0.0,0.0,0.0,0.0,0.0,27
2023-05-10 21:49:26,MA401C2300,MA401C2300,160.0,0.0,0.0,0.0,20,151.5,153.5,7,160.0,0.0,0.0,0.0,0.0,0.0,27
2023-05-10 21:49:26,MA401C2300,MA401C2300,160.0,0.0,0.0,0.0,10,151.5,153.5,7,160.0,0.0,0.0,0.0,0.0,0.0,27
2023-05-10 21:49:27,MA401C2300,MA401C2300,160.0,0.0,0.0,0.0,20,151.5,153.5,7,160.0,0.0,0.0,0.0,0.0,0.0,27
2023-05-10 21:49:36,MA401C2300,MA401C2300,160.0,0.0,0.0,0.0,10,151.5,153.5,17,160.0,0.0,0.0,0.0,0.0,0.0,27
2023-05-10 21:49:36,MA401C2300,MA401C2300,160.0,0.0,0.0,0.0,17,151.0,153.5,17,160.0,0.0,0.0,0.0,0.0,0.0,27
2023-05-10 21:49:37,MA401C2300,MA401C2300,160.0,0.0,0.0,0.0,27,151.0,153.5,17,160.0,0.0,0.0,0.0,0.0,0.0,27
2023-05-10 21:49:42,MA401C2300,MA401C2300,160.0,0.0,0.0,0.0,10,151.5,153.5,7,160.0,0.0,0.0,0.0,0.0,0.0,27
2023-05-10 21:49:48,MA401C2300,MA401C2300,160.0,0.0,0.0,0.0,20,151.5,153.5,7,160.0,0.0,0.0,0.0,0.0,0.0,27
2023-05-10 21:49:51,MA401C2300,MA401C2300,160.0,0.0,0.0,0.0,10,152.0,154.5,17,160.0,0.0,0.0,0.0,0.0,0.0,27
2023-05-10 21:49:52,MA401C2300,MA401C2300,160.0,0.0,0.0,0.0,20,152.0,154.5,17,160.0,0.0,0.0,0.0,0.0,0.0,27
2023-05-10 21:50:00,MA401C2300,MA401C2300,160.0,0.0,0.0,0.0,10,152.0,154.5,7,160.0,0.0,0.0,0.0,0.0,0.0,27
2023-05-10 21:50:01,MA401C2300,MA401C2300,160.0,0.0,0.0,0.0,20,152.0,154.5,17,160.0,0.0,0.0,0.0,0.0,0.0,27
2023-05-10 21:50:01,MA401C2300,MA401C2300,160.0,0.0,0.0,0.0,20,152.0,154.0,10,160.0,0.0,0.0,0.0,0.0,0.0,27
2023-05-10 21:50:05,MA401C2300,MA401C2300,160.0,0.0,0.0,0.0,20,152.0,154.5,17,160.0,0.0,0.0,0.0,0.0,0.0,27
2023-05-10 21:50:20,MA401C2300,MA401C2300,160.0,0.0,0.0,0.0,27,152.0,154.5,17,160.0,0.0,0.0,0.0,0.0,0.0,27
2023-05-10 21:50:20,MA401C2300,MA401C2300,160.0,0.0,0.0,0.0,20,152.5,154.5,7,160.0,0.0,0.0,0.0,0.0,0.0,27
2023-05-10 21:50:21,MA401C2300,MA401C2300,160.0,0.0,0.0,0.0,20,152.5,154.5,17,160.0,0.0,0.0,0.0,0.0,0.0,27
2023-05-10 21:50:33,MA401C2300,MA401C2300,160.0,0.0,0.0,0.0,10,152.5,154.5,17,160.0,0.0,0.0,0.0,0.0,0.0,27
2023-05-10 21:50:35,MA401C2300,MA401C2300,160.0,0.0,0.0,0.0,20,152.5,154.5,17,160.0,0.0,0.0,0.0,0.0,0.0,27
2023-05-10 21:50:38,MA401C2300,MA401C2300,160.0,0.0,0.0,0.0,10,152.5,154.5,17,160.0,0.0,0.0,0.0,0.0,0.0,27
2023-05-10 21:50:38,MA401C2300,MA401C2300,160.0,0.0,0.0,0.0,20,152.5,154.5,7,160.0,0.0,0.0,0.0,0.0,0.0,27
2023-05-10 21:50:40,MA401C2300,MA401C2300,160.0,0.0,0.0,0.0,20,152.5,154.5,17,160.0,0.0,0.0,0.0,0.0,0.0,27
2023-05-10 21:50:44,MA401C2300,MA401C2300,160.0,0.0,0.0,0.0,20,152.5,154.5,7,160.0,0.0,0.0,0.0,0.0,0.0,27
2023-05-10 21:50:52,MA401C2300,MA401C2300,160.0,0.0,0.0,0.0,20,152.5,154.5,17,160.0,0.0,0.0,0.0,0.0,0.0,27
2023-05-10 21:50:52,MA401C2300,MA401C2300,160.0,0.0,0.0,0.0,10,152.5,154.5,17,160.0,0.0,0.0,0.0,0.0,0.0,27
2023-05-10 21:51:05,MA401C2300,MA401C2300,160.0,0.0,0.0,0.0,27,152.0,154.5,17,160.0,0.0,0.0,0.0,0.0,0.0,27
2023-05-10 21:51:10,MA401C2300,MA401C2300,160.0,0.0,0.0,0.0,10,152.5,154.5,17,160.0,0.0,0.0,0.0,0.0,0.0,27
2023-05-10 21:51:12,MA401C2300,MA401C2300,160.0,0.0,0.0,0.0,27,152.0,154.5,17,160.0,0.0,0.0,0.0,0.0,0.0,27
2023-05-10 21:51:17,MA401C2300,MA401C2300,160.0,0.0,0.0,0.0,10,152.5,154.5,17,160.0,0.0,0.0,0.0,0.0,0.0,27
2023-05-10 21:51:20,MA401C2300,MA401C2300,160.0,0.0,0.0,0.0,20,152.5,154.5,7,160.0,0.0,0.0,0.0,0.0,0.0,27
2023-05-10 21:51:28,MA401C2300,MA401C2300,160.0,0.0,0.0,0.0,20,152.5,155.0,10,160.0,0.0,0.0,0.0,0.0,0.0,27
2023-05-10 21:51:30,MA401C2300,MA401C2300,160.0,0.0,0.0,0.0,27,152.5,155.0,10,160.0,0.0,0.0,0.0,0.0,0.0,27
2023-05-10 21:51:36,MA401C2300,MA401C2300,160.0,0.0,0.0,0.0,10,153.0,155.0,10,160.0,0.0,0.0,0.0,0.0,0.0,27
2023-05-10 21:51:37,MA401C2300,MA401C2300,160.0,0.0,0.0,0.0,27,152.5,155.0,10,160.0,0.0,0.0,0.0,0.0,0.0,27
2023-05-10 21:51:39,MA401C2300,MA401C2300,160.0,0.0,0.0,0.0,10,153.5,155.5,7,160.0,0.0,0.0,0.0,0.0,0.0,27
2023-05-10 21:51:40,MA401C2300,MA401C2300,160.0,0.0,0.0,0.0,10,153.0,155.5,7,160.0,0.0,0.0,0.0,0.0,0.0,27
2023-05-10 21:51:41,MA401C2300,MA401C2300,160.0,0.0,0.0,0.0,20,153.0,155.5,17,160.0,0.0,0.0,0.0,0.0,0.0,27
2023-05-10 21:51:41,MA401C2300,MA401C2300,160.0,0.0,0.0,0.0,10,153.0,155.5,17,160.0,0.0,0.0,0.0,0.0,0.0,27
2023-05-10 21:51:41,MA401C2300,MA401C2300,160.0,0.0,0.0,0.0,10,153.0,155.0,10,160.0,0.0,0.0,0.0,0.0,0.0,27
2023-05-10 21:51:44,MA401C2300,MA401C2300,160.0,0.0,0.0,0.0,20,153.0,155.0,10,160.0,0.0,0.0,0.0,0.0,0.0,27
2023-05-10 21:51:50,MA401C2300,MA401C2300,160.0,0.0,0.0,0.0,10,153.0,155.0,10,160.0,0.0,0.0,0.0,0.0,0.0,27
2023-05-10 21:51:50,MA401C2300,MA401C2300,160.0,0.0,0.0,0.0,20,153.0,155.0,10,160.0,0.0,0.0,0.0,0.0,0.0,27
2023-05-10 21:51:53,MA401C2300,MA401C2300,160.0,0.0,0.0,0.0,10,153.0,155.0,10,160.0,0.0,0.0,0.0,0.0,0.0,27
2023-05-10 21:51:53,MA401C2300,MA401C2300,160.0,0.0,0.0,0.0,20,153.0,155.0,10,160.0,0.0,0.0,0.0,0.0,0.0,27
2023-05-10 21:51:56,MA401C2300,MA401C2300,160.0,0.0,0.0,0.0,10,153.0,155.0,10,160.0,0.0,0.0,0.0,0.0,0.0,27
2023-05-10 21:51:59,MA401C2300,MA401C2300,160.0,0.0,0.0,0.0,20,153.0,155.0,10,160.0,0.0,0.0,0.0,0.0,0.0,27
2023-05-10 21:52:00,MA401C2300,MA401C2300,160.0,0.0,0.0,0.0,10,153.0,155.0,10,160.0,0.0,0.0,0.0,0.0,0.0,27
2023-05-10 21:52:00,MA401C2300,MA401C2300,160.0,0.0,0.0,0.0,20,153.0,155.0,10,160.0,0.0,0.0,0.0,0.0,0.0,27
2023-05-10 21:52:01,MA401C2300,MA401C2300,160.0,0.0,0.0,0.0,10,153.0,155.0,10,160.0,0.0,0.0,0.0,0.0,0.0,27
2023-05-10 21:52:02,MA401C2300,MA401C2300,160.0,0.0,0.0,0.0,27,152.5,155.0,10,160.0,0.0,0.0,0.0,0.0,0.0,27
2023-05-10 21:52:07,MA401C2300,MA401C2300,160.0,0.0,0.0,0.0,10,153.0,155.0,10,160.0,0.0,0.0,0.0,0.0,0.0,27
2023-05-10 21:52:08,MA401C2300,MA401C2300,160.0,0.0,0.0,0.0,27,152.5,155.0,10,160.0,0.0,0.0,0.0,0.0,0.0,27
2023-05-10 21:52:12,MA401C2300,MA401C2300,160.0,0.0,0.0,0.0,10,153.0,155.0,10,160.0,0.0,0.0,0.0,0.0,0.0,27
2023-05-10 21:52:14,MA401C2300,MA401C2300,160.0,0.0,0.0,0.0,27,152.5,155.0,10,160.0,0.0,0.0,0.0,0.0,0.0,27
2023-05-10 21:52:16,MA401C2300,MA401C2300,160.0,0.0,0.0,0.0,10,153.0,155.0,10,160.0,0.0,0.0,0.0,0.0,0.0,27
2023-05-10 21:52:21,MA401C2300,MA401C2300,160.0,0.0,0.0,0.0,20,153.0,155.5,17,160.0,0.0,0.0,0.0,0.0,0.0,27
2023-05-10 21:52:23,MA401C2300,MA401C2300,160.0,0.0,0.0,0.0,20,153.0,155.5,27,160.0,0.0,0.0,0.0,0.0,0.0,27
2023-05-10 21:52:26,MA401C2300,MA401C2300,160.0,0.0,0.0,0.0,20,153.5,155.5,7,160.0,0.0,0.0,0.0,0.0,0.0,27
2023-05-10 21:52:30,MA401C2300,MA401C2300,160.0,0.0,0.0,0.0,27,153.0,155.5,27,160.0,0.0,0.0,0.0,0.0,0.0,27
2023-05-10 21:52:31,MA401C2300,MA401C2300,160.0,0.0,0.0,0.0,17,153.0,155.0,10,160.0,0.0,0.0,0.0,0.0,0.0,27
2023-05-10 21:52:33,MA401C2300,MA401C2300,160.0,0.0,0.0,0.0,27,153.0,155.5,27,160.0,0.0,0.0,0.0,0.0,0.0,27
2023-05-10 21:52:35,MA401C2300,MA401C2300,160.0,0.0,0.0,0.0,17,153.0,155.0,10,160.0,0.0,0.0,0.0,0.0,0.0,27
2023-05-10 21:52:35,MA401C2300,MA401C2300,160.0,0.0,0.0,0.0,27,153.0,155.5,27,160.0,0.0,0.0,0.0,0.0,0.0,27
2023-05-10 21:52:51,MA401C2300,MA401C2300,160.0,0.0,0.0,0.0,17,153.0,155.0,10,160.0,0.0,0.0,0.0,0.0,0.0,27
2023-05-10 21:53:19,MA401C2300,MA401C2300,160.0,0.0,0.0,0.0,7,153.0,155.0,20,160.0,0.0,0.0,0.0,0.0,0.0,27
2023-05-10 21:53:23,MA401C2300,MA401C2300,160.0,0.0,0.0,0.0,17,153.0,155.0,10,160.0,0.0,0.0,0.0,0.0,0.0,27
2023-05-10 21:53:24,MA401C2300,MA401C2300,160.0,0.0,0.0,0.0,17,153.0,155.0,20,160.0,0.0,0.0,0.0,0.0,0.0,27
2023-05-10 21:53:33,MA401C2300,MA401C2300,160.0,0.0,0.0,0.0,17,153.0,154.5,10,160.0,0.0,0.0,0.0,0.0,0.0,27
2023-05-10 21:53:36,MA401C2300,MA401C2300,160.0,0.0,0.0,0.0,17,153.0,155.0,27,160.0,0.0,0.0,0.0,0.0,0.0,27
2023-05-10 21:53:51,MA401C2300,MA401C2300,160.0,0.0,0.0,0.0,17,153.0,154.5,10,160.0,0.0,0.0,0.0,0.0,0.0,27
2023-05-10 21:53:54,MA401C2300,MA401C2300,160.0,0.0,0.0,0.0,17,153.0,155.0,27,160.0,0.0,0.0,0.0,0.0,0.0,27
2023-05-10 21:53:54,MA401C2300,MA401C2300,160.0,0.0,0.0,0.0,17,153.0,154.5,10,160.0,0.0,0.0,0.0,0.0,0.0,27
2023-05-10 21:53:56,MA401C2300,MA401C2300,160.0,0.0,0.0,0.0,7,153.0,154.5,10,160.0,0.0,0.0,0.0,0.0,0.0,27
2023-05-10 21:53:56,MA401C2300,MA401C2300,160.0,0.0,0.0,0.0,17,152.5,154.5,10,160.0,0.0,0.0,0.0,0.0,0.0,27
2023-05-10 21:53:59,MA401C2300,MA401C2300,160.0,0.0,0.0,0.0,17,152.5,154.5,17,160.0,0.0,0.0,0.0,0.0,0.0,27
2023-05-10 21:54:03,MA401C2300,MA401C2300,160.0,0.0,0.0,0.0,17,152.5,154.0,10,160.0,0.0,0.0,0.0,0.0,0.0,27
2023-05-10 21:54:04,MA401C2300,MA401C2300,160.0,0.0,0.0,0.0,17,152.5,154.5,27,160.0,0.0,0.0,0.0,0.0,0.0,27
2023-05-10 21:54:04,MA401C2300,MA401C2300,160.0,0.0,0.0,0.0,17,152.5,154.0,10,160.0,0.0,0.0,0.0,0.0,0.0,27
2023-05-10 21:54:05,MA401C2300,MA401C2300,160.0,0.0,0.0,0.0,17,152.5,154.5,17,160.0,0.0,0.0,0.0,0.0,0.0,27
2023-05-10 21:54:06,MA401C2300,MA401C2300,160.0,0.0,0.0,0.0,17,152.5,154.0,10,160.0,0.0,0.0,0.0,0.0,0.0,27
2023-05-10 21:54:08,MA401C2300,MA401C2300,160.0,0.0,0.0,0.0,20,153.0,155.0,7,160.0,0.0,0.0,0.0,0.0,0.0,27
2023-05-10 21:54:25,MA401C2300,MA401C2300,160.0,0.0,0.0,0.0,10,153.0,155.0,17,160.0,0.0,0.0,0.0,0.0,0.0,27
2023-05-10 21:54:28,MA401C2300,MA401C2300,160.0,0.0,0.0,0.0,27,152.5,154.5,10,160.0,0.0,0.0,0.0,0.0,0.0,27
2023-05-10 21:54:32,MA401C2300,MA401C2300,160.0,0.0,0.0,0.0,17,152.5,154.5,20,160.0,0.0,0.0,0.0,0.0,0.0,27
2023-05-10 21:54:33,MA401C2300,MA401C2300,160.0,0.0,0.0,0.0,17,152.5,154.5,27,160.0,0.0,0.0,0.0,0.0,0.0,27
2023-05-10 21:54:40,MA401C2300,MA401C2300,160.0,0.0,0.0,0.0,27,152.5,154.5,17,160.0,0.0,0.0,0.0,0.0,0.0,27
2023-05-10 21:54:44,MA401C2300,MA401C2300,160.0,0.0,0.0,0.0,20,153.0,155.0,7,160.0,0.0,0.0,0.0,0.0,0.0,27
2023-05-10 21:54:53,MA401C2300,MA401C2300,160.0,0.0,0.0,0.0,20,153.0,155.0,17,160.0,0.0,0.0,0.0,0.0,0.0,27
2023-05-10 21:55:14,MA401C2300,MA401C2300,160.0,0.0,0.0,0.0,10,153.5,155.0,17,160.0,0.0,0.0,0.0,0.0,0.0,27
2023-05-10 21:55:18,MA401C2300,MA401C2300,160.0,0.0,0.0,0.0,20,153.0,155.0,17,160.0,0.0,0.0,0.0,0.0,0.0,27
2023-05-10 21:55:37,MA401C2300,MA401C2300,160.0,0.0,0.0,0.0,20,153.5,156.0,20,160.0,0.0,0.0,0.0,0.0,0.0,27
2023-05-10 21:55:38,MA401C2300,MA401C2300,160.0,0.0,0.0,0.0,10,153.5,155.5,10,160.0,0.0,0.0,0.0,0.0,0.0,27
2023-05-10 21:55:38,MA401C2300,MA401C2300,160.0,0.0,0.0,0.0,10,153.5,155.5,17,160.0,0.0,0.0,0.0,0.0,0.0,27
2023-05-10 21:55:39,MA401C2300,MA401C2300,160.0,0.0,0.0,0.0,20,153.0,155.5,27,160.0,0.0,0.0,0.0,0.0,0.0,27
2023-05-10 21:55:49,MA401C2300,MA401C2300,160.0,0.0,0.0,0.0,20,153.5,155.5,7,160.0,0.0,0.0,0.0,0.0,0.0,27
2023-05-10 21:55:54,MA401C2300,MA401C2300,160.0,0.0,0.0,0.0,10,154.0,155.5,7,160.0,0.0,0.0,0.0,0.0,0.0,27
2023-05-10 21:55:54,MA401C2300,MA401C2300,160.0,0.0,0.0,0.0,20,153.5,155.5,17,160.0,0.0,0.0,0.0,0.0,0.0,27
2023-05-10 21:56:02,MA401C2300,MA401C2300,160.0,0.0,0.0,0.0,10,153.5,155.5,17,160.0,0.0,0.0,0.0,0.0,0.0,27
2023-05-10 21:56:03,MA401C2300,MA401C2300,160.0,0.0,0.0,0.0,10,154.0,155.5,17,160.0,0.0,0.0,0.0,0.0,0.0,27
2023-05-10 21:56:18,MA401C2300,MA401C2300,160.0,0.0,0.0,0.0,10,154.0,155.5,7,160.0,0.0,0.0,0.0,0.0,0.0,27
2023-05-10 21:56:27,MA401C2300,MA401C2300,160.0,0.0,0.0,0.0,20,153.5,155.5,7,160.0,0.0,0.0,0.0,0.0,0.0,27
2023-05-10 21:56:27,MA401C2300,MA401C2300,160.0,0.0,0.0,0.0,10,154.0,155.5,7,160.0,0.0,0.0,0.0,0.0,0.0,27
2023-05-10 21:56:28,MA401C2300,MA401C2300,160.0,0.0,0.0,0.0,20,153.5,155.5,7,160.0,0.0,0.0,0.0,0.0,0.0,27
2023-05-10 21:56:55,MA401C2300,MA401C2300,160.0,0.0,0.0,0.0,20,153.5,155.5,17,160.0,0.0,0.0,0.0,0.0,0.0,27
2023-05-10 21:57:00,MA401C2300,MA401C2300,160.0,0.0,0.0,0.0,10,153.5,155.5,17,160.0,0.0,0.0,0.0,0.0,0.0,27
2023-05-10 21:57:00,MA401C2300,MA401C2300,160.0,0.0,0.0,0.0,27,153.0,155.0,10,160.0,0.0,0.0,0.0,0.0,0.0,27
2023-05-10 21:57:02,MA401C2300,MA401C2300,160.0,0.0,0.0,0.0,27,153.0,155.5,27,160.0,0.0,0.0,0.0,0.0,0.0,27
2023-05-10 21:57:02,MA401C2300,MA401C2300,160.0,0.0,0.0,0.0,17,153.0,155.0,10,160.0,0.0,0.0,0.0,0.0,0.0,27
2023-05-10 21:57:05,MA401C2300,MA401C2300,160.0,0.0,0.0,0.0,27,153.0,155.5,27,160.0,0.0,0.0,0.0,0.0,0.0,27
2023-05-10 21:57:05,MA401C2300,MA401C2300,160.0,0.0,0.0,0.0,17,153.0,155.0,10,160.0,0.0,0.0,0.0,0.0,0.0,27
2023-05-10 21:57:06,MA401C2300,MA401C2300,160.0,0.0,0.0,0.0,27,153.0,155.5,27,160.0,0.0,0.0,0.0,0.0,0.0,27
2023-05-10 21:57:06,MA401C2300,MA401C2300,160.0,0.0,0.0,0.0,17,153.0,155.0,10,160.0,0.0,0.0,0.0,0.0,0.0,27
2023-05-10 21:57:10,MA401C2300,MA401C2300,160.0,0.0,0.0,0.0,27,153.0,155.5,27,160.0,0.0,0.0,0.0,0.0,0.0,27
2023-05-10 21:57:36,MA401C2300,MA401C2300,160.0,0.0,0.0,0.0,10,153.5,155.5,17,160.0,0.0,0.0,0.0,0.0,0.0,27
2023-05-10 21:57:36,MA401C2300,MA401C2300,160.0,0.0,0.0,0.0,27,153.0,155.5,27,160.0,0.0,0.0,0.0,0.0,0.0,27
2023-05-10 21:57:37,MA401C2300,MA401C2300,160.0,0.0,0.0,0.0,10,153.5,155.5,17,160.0,0.0,0.0,0.0,0.0,0.0,27
2023-05-10 21:57:39,MA401C2300,MA401C2300,160.0,0.0,0.0,0.0,27,153.0,155.5,27,160.0,0.0,0.0,0.0,0.0,0.0,27
2023-05-10 21:57:40,MA401C2300,MA401C2300,160.0,0.0,0.0,0.0,10,153.5,155.5,17,160.0,0.0,0.0,0.0,0.0,0.0,27
2023-05-10 21:57:40,MA401C2300,MA401C2300,160.0,0.0,0.0,0.0,27,153.0,155.5,27,160.0,0.0,0.0,0.0,0.0,0.0,27
2023-05-10 21:57:48,MA401C2300,MA401C2300,160.0,0.0,0.0,0.0,10,153.5,155.5,17,160.0,0.0,0.0,0.0,0.0,0.0,27
2023-05-10 21:57:50,MA401C2300,MA401C2300,160.0,0.0,0.0,0.0,20,153.5,155.5,7,160.0,0.0,0.0,0.0,0.0,0.0,27
2023-05-10 21:57:56,MA401C2300,MA401C2300,160.0,0.0,0.0,0.0,10,153.5,155.5,17,160.0,0.0,0.0,0.0,0.0,0.0,27
2023-05-10 21:58:01,MA401C2300,MA401C2300,160.0,0.0,0.0,0.0,10,153.5,155.5,27,160.0,0.0,0.0,0.0,0.0,0.0,27
2023-05-10 21:58:11,MA401C2300,MA401C2300,160.0,0.0,0.0,0.0,17,153.0,155.0,10,160.0,0.0,0.0,0.0,0.0,0.0,27
2023-05-10 21:58:11,MA401C2300,MA401C2300,160.0,0.0,0.0,0.0,17,153.0,155.0,20,160.0,0.0,0.0,0.0,0.0,0.0,27
2023-05-10 21:58:18,MA401C2300,MA401C2300,160.0,0.0,0.0,0.0,7,152.5,154.0,10,160.0,0.0,0.0,0.0,0.0,0.0,27
2023-05-10 21:58:54,MA401C2300,MA401C2300,160.0,0.0,0.0,0.0,17,152.5,154.5,20,160.0,0.0,0.0,0.0,0.0,0.0,27
2023-05-10 21:58:54,MA401C2300,MA401C2300,160.0,0.0,0.0,0.0,7,152.5,154.5,20,160.0,0.0,0.0,0.0,0.0,0.0,27
2023-05-10 21:58:54,MA401C2300,MA401C2300,160.0,0.0,0.0,0.0,7,152.5,154.0,10,160.0,0.0,0.0,0.0,0.0,0.0,27
2023-05-10 21:59:03,MA401C2300,MA401C2300,160.0,0.0,0.0,0.0,10,152.0,153.5,10,160.0,0.0,0.0,0.0,0.0,0.0,27
2023-05-10 21:59:06,MA401C2300,MA401C2300,160.0,0.0,0.0,0.0,10,152.0,154.0,20,160.0,0.0,0.0,0.0,0.0,0.0,27
2023-05-10 21:59:07,MA401C2300,MA401C2300,160.0,0.0,0.0,0.0,27,151.5,154.0,20,160.0,0.0,0.0,0.0,0.0,0.0,27
2023-05-10 21:59:08,MA401C2300,MA401C2300,160.0,0.0,0.0,0.0,17,151.5,153.5,20,160.0,0.0,0.0,0.0,0.0,0.0,27
2023-05-10 21:59:09,MA401C2300,MA401C2300,160.0,0.0,0.0,0.0,17,151.5,153.0,10,160.0,0.0,0.0,0.0,0.0,0.0,27
2023-05-10 21:59:10,MA401C2300,MA401C2300,160.0,0.0,0.0,0.0,7,151.5,153.0,10,160.0,0.0,0.0,0.0,0.0,0.0,27
2023-05-10 21:59:11,MA401C2300,MA401C2300,160.0,0.0,0.0,0.0,10,151.0,153.0,10,160.0,0.0,0.0,0.0,0.0,0.0,27
2023-05-10 21:59:12,MA401C2300,MA401C2300,160.0,0.0,0.0,0.0,20,150.0,152.5,10,160.0,0.0,0.0,0.0,0.0,0.0,27
2023-05-10 21:59:12,MA401C2300,MA401C2300,160.0,0.0,0.0,0.0,10,151.0,152.5,10,160.0,0.0,0.0,0.0,0.0,0.0,27
2023-05-10 21:59:13,MA401C2300,MA401C2300,160.0,0.0,0.0,0.0,10,151.0,153.0,20,160.0,0.0,0.0,0.0,0.0,0.0,27
2023-05-10 21:59:13,MA401C2300,MA401C2300,160.0,0.0,0.0,0.0,20,150.0,152.5,10,160.0,0.0,0.0,0.0,0.0,0.0,27
2023-05-10 21:59:14,MA401C2300,MA401C2300,160.0,0.0,0.0,0.0,10,150.0,152.0,10,160.0,0.0,0.0,0.0,0.0,0.0,27
2023-05-10 21:59:14,MA401C2300,MA401C2300,160.0,0.0,0.0,0.0,10,150.0,152.5,10,160.0,0.0,0.0,0.0,0.0,0.0,27
2023-05-10 21:59:15,MA401C2300,MA401C2300,160.0,0.0,0.0,0.0,10,150.5,152.5,10,160.0,0.0,0.0,0.0,0.0,0.0,27
2023-05-10 21:59:16,MA401C2300,MA401C2300,160.0,0.0,0.0,0.0,10,150.5,152.0,10,160.0,0.0,0.0,0.0,0.0,0.0,27
2023-05-10 21:59:16,MA401C2300,MA401C2300,160.0,0.0,0.0,0.0,17,150.5,152.0,10,160.0,0.0,0.0,0.0,0.0,0.0,27
2023-05-10 21:59:18,MA401C2300,MA401C2300,160.0,0.0,0.0,0.0,7,150.5,152.0,10,160.0,0.0,0.0,0.0,0.0,0.0,27
2023-05-10 21:59:22,MA401C2300,MA401C2300,160.0,0.0,0.0,0.0,7,150.5,152.5,20,160.0,0.0,0.0,0.0,0.0,0.0,27
2023-05-10 21:59:23,MA401C2300,MA401C2300,160.0,0.0,0.0,0.0,7,150.5,152.0,10,160.0,0.0,0.0,0.0,0.0,0.0,27
2023-05-10 21:59:23,MA401C2300,MA401C2300,160.0,0.0,0.0,0.0,17,150.5,152.5,20,160.0,0.0,0.0,0.0,0.0,0.0,27
2023-05-10 21:59:24,MA401C2300,MA401C2300,160.0,0.0,0.0,0.0,7,150.5,152.5,20,160.0,0.0,0.0,0.0,0.0,0.0,27
2023-05-10 21:59:26,MA401C2300,MA401C2300,160.0,0.0,0.0,0.0,27,150.5,152.5,10,160.0,0.0,0.0,0.0,0.0,0.0,27
2023-05-10 21:59:28,MA401C2300,MA401C2300,160.0,0.0,0.0,0.0,20,151.0,153.0,7,160.0,0.0,0.0,0.0,0.0,0.0,27
2023-05-10 21:59:29,MA401C2300,MA401C2300,160.0,0.0,0.0,0.0,20,151.0,153.5,20,160.0,0.0,0.0,0.0,0.0,0.0,27
2023-05-10 21:59:30,MA401C2300,MA401C2300,160.0,0.0,0.0,0.0,10,151.0,153.0,10,160.0,0.0,0.0,0.0,0.0,0.0,27
2023-05-10 21:59:31,MA401C2300,MA401C2300,160.0,0.0,0.0,0.0,27,150.5,152.5,10,160.0,0.0,0.0,0.0,0.0,0.0,27
2023-05-10 21:59:31,MA401C2300,MA401C2300,160.0,0.0,0.0,0.0,27,150.5,153.0,20,160.0,0.0,0.0,0.0,0.0,0.0,27
2023-05-10 21:59:32,MA401C2300,MA401C2300,160.0,0.0,0.0,0.0,27,150.5,152.5,10,160.0,0.0,0.0,0.0,0.0,0.0,27
2023-05-10 21:59:33,MA401C2300,MA401C2300,160.0,0.0,0.0,0.0,17,150.5,153.0,10,160.0,0.0,0.0,0.0,0.0,0.0,27
2023-05-10 21:59:33,MA401C2300,MA401C2300,160.0,0.0,0.0,0.0,27,150.5,153.0,20,160.0,0.0,0.0,0.0,0.0,0.0,27
2023-05-10 21:59:34,MA401C2300,MA401C2300,160.0,0.0,0.0,0.0,27,150.5,152.5,10,160.0,0.0,0.0,0.0,0.0,0.0,27
2023-05-10 21:59:34,MA401C2300,MA401C2300,160.0,0.0,0.0,0.0,17,150.5,153.0,10,160.0,0.0,0.0,0.0,0.0,0.0,27
2023-05-10 21:59:35,MA401C2300,MA401C2300,160.0,0.0,0.0,0.0,17,150.5,153.0,17,160.0,0.0,0.0,0.0,0.0,0.0,27
2023-05-10 21:59:35,MA401C2300,MA401C2300,160.0,0.0,0.0,0.0,27,150.5,153.0,27,160.0,0.0,0.0,0.0,0.0,0.0,27
2023-05-10 21:59:36,MA401C2300,MA401C2300,160.0,0.0,0.0,0.0,27,150.5,152.5,10,160.0,0.0,0.0,0.0,0.0,0.0,27
2023-05-10 21:59:41,MA401C2300,MA401C2300,160.0,0.0,0.0,0.0,17,150.5,153.0,17,160.0,0.0,0.0,0.0,0.0,0.0,27
2023-05-10 21:59:41,MA401C2300,MA401C2300,160.0,0.0,0.0,0.0,27,150.5,153.0,27,160.0,0.0,0.0,0.0,0.0,0.0,27
2023-05-10 21:59:42,MA401C2300,MA401C2300,160.0,0.0,0.0,0.0,10,151.0,152.5,10,160.0,0.0,0.0,0.0,0.0,0.0,27
2023-05-10 21:59:42,MA401C2300,MA401C2300,160.0,0.0,0.0,0.0,27,151.0,153.0,7,160.0,0.0,0.0,0.0,0.0,0.0,27
2023-05-10 21:59:58,MA401C2300,MA401C2300,160.0,0.0,0.0,0.0,10,151.5,153.5,17,160.0,0.0,0.0,0.0,0.0,0.0,27
2023-05-10 21:59:59,MA401C2300,MA401C2300,160.0,0.0,0.0,0.0,20,151.5,153.5,7,160.0,0.0,0.0,0.0,0.0,0.0,27
2023-05-10 22:00:00,MA401C2300,MA401C2300,160.0,0.0,0.0,0.0,27,151.0,153.5,27,160.0,0.0,0.0,0.0,0.0,0.0,27
2023-05-10 22:00:01,MA401C2300,MA401C2300,160.0,0.0,0.0,0.0,10,151.5,153.5,17,160.0,0.0,0.0,0.0,0.0,0.0,27
2023-05-10 22:00:02,MA401C2300,MA401C2300,160.0,0.0,0.0,0.0,20,151.5,153.5,17,160.0,0.0,0.0,0.0,0.0,0.0,27
2023-05-10 22:00:02,MA401C2300,MA401C2300,160.0,0.0,0.0,0.0,20,151.5,153.5,7,160.0,0.0,0.0,0.0,0.0,0.0,27
2023-05-10 22:00:03,MA401C2300,MA401C2300,160.0,0.0,0.0,0.0,20,151.5,154.0,20,160.0,0.0,0.0,0.0,0.0,0.0,27
2023-05-10 22:00:03,MA401C2300,MA401C2300,160.0,0.0,0.0,0.0,10,152.0,154.5,10,160.0,0.0,0.0,0.0,0.0,0.0,27
2023-05-10 22:00:08,MA401C2300,MA401C2300,160.0,0.0,0.0,0.0,20,152.0,154.5,20,160.0,0.0,0.0,0.0,0.0,0.0,27
2023-05-10 22:00:09,MA401C2300,MA401C2300,160.0,0.0,0.0,0.0,27,152.0,154.5,20,160.0,0.0,0.0,0.0,0.0,0.0,27
2023-05-10 22:00:14,MA401C2300,MA401C2300,160.0,0.0,0.0,0.0,10,152.5,155.0,17,160.0,0.0,0.0,0.0,0.0,0.0,27
2023-05-10 22:00:16,MA401C2300,MA401C2300,160.0,0.0,0.0,0.0,20,152.5,155.0,27,160.0,0.0,0.0,0.0,0.0,0.0,27
2023-05-10 22:00:21,MA401C2300,MA401C2300,160.0,0.0,0.0,0.0,27,152.5,155.0,27,160.0,0.0,0.0,0.0,0.0,0.0,27
2023-05-10 22:00:22,MA401C2300,MA401C2300,160.0,0.0,0.0,0.0,17,152.5,155.0,17,160.0,0.0,0.0,0.0,0.0,0.0,27
2023-05-10 22:00:24,MA401C2300,MA401C2300,160.0,0.0,0.0,0.0,10,153.0,155.0,17,160.0,0.0,0.0,0.0,0.0,0.0,27
2023-05-10 22:00:25,MA401C2300,MA401C2300,160.0,0.0,0.0,0.0,17,152.5,155.0,17,160.0,0.0,0.0,0.0,0.0,0.0,27
2023-05-10 22:00:25,MA401C2300,MA401C2300,160.0,0.0,0.0,0.0,20,153.0,155.0,7,160.0,0.0,0.0,0.0,0.0,0.0,27
2023-05-10 22:00:26,MA401C2300,MA401C2300,160.0,0.0,0.0,0.0,10,153.0,155.5,10,160.0,0.0,0.0,0.0,0.0,0.0,27
2023-05-10 22:00:27,MA401C2300,MA401C2300,160.0,0.0,0.0,0.0,10,153.5,156.0,10,160.0,0.0,0.0,0.0,0.0,0.0,27
2023-05-10 22:00:29,MA401C2300,MA401C2300,160.0,0.0,0.0,0.0,20,153.5,156.0,20,160.0,0.0,0.0,0.0,0.0,0.0,27
2023-05-10 22:00:29,MA401C2300,MA401C2300,160.0,0.0,0.0,0.0,10,153.5,156.0,10,160.0,0.0,0.0,0.0,0.0,0.0,27
2023-05-10 22:00:30,MA401C2300,MA401C2300,160.0,0.0,0.0,0.0,20,153.5,156.0,20,160.0,0.0,0.0,0.0,0.0,0.0,27
2023-05-10 22:00:31,MA401C2300,MA401C2300,160.0,0.0,0.0,0.0,10,153.5,156.0,10,160.0,0.0,0.0,0.0,0.0,0.0,27
2023-05-10 22:00:33,MA401C2300,MA401C2300,160.0,0.0,0.0,0.0,20,153.0,155.5,20,160.0,0.0,0.0,0.0,0.0,0.0,27
2023-05-10 22:00:33,MA401C2300,MA401C2300,160.0,0.0,0.0,0.0,10,153.5,155.5,20,160.0,0.0,0.0,0.0,0.0,0.0,27
2023-05-10 22:00:34,MA401C2300,MA401C2300,160.0,0.0,0.0,0.0,20,153.5,155.5,10,160.0,0.0,0.0,0.0,0.0,0.0,27
2023-05-10 22:00:34,MA401C2300,MA401C2300,160.0,0.0,0.0,0.0,10,153.5,155.5,20,160.0,0.0,0.0,0.0,0.0,0.0,27
2023-05-10 22:00:34,MA401C2300,MA401C2300,160.0,0.0,0.0,0.0,27,153.0,155.5,20,160.0,0.0,0.0,0.0,0.0,0.0,27
2023-05-10 22:00:36,MA401C2300,MA401C2300,160.0,0.0,0.0,0.0,17,153.0,155.5,10,160.0,0.0,0.0,0.0,0.0,0.0,27
2023-05-10 22:00:36,MA401C2300,MA401C2300,160.0,0.0,0.0,0.0,10,153.5,155.5,20,160.0,0.0,0.0,0.0,0.0,0.0,27
2023-05-10 22:00:38,MA401C2300,MA401C2300,160.0,0.0,0.0,0.0,27,153.5,155.5,10,160.0,0.0,0.0,0.0,0.0,0.0,27
2023-05-10 22:00:39,MA401C2300,MA401C2300,160.0,0.0,0.0,0.0,10,154.0,156.0,7,160.0,0.0,0.0,0.0,0.0,0.0,27
2023-05-10 22:00:40,MA401C2300,MA401C2300,160.0,0.0,0.0,0.0,17,153.5,156.0,10,160.0,0.0,0.0,0.0,0.0,0.0,27
2023-05-10 22:00:40,MA401C2300,MA401C2300,160.0,0.0,0.0,0.0,10,154.0,156.5,10,160.0,0.0,0.0,0.0,0.0,0.0,27
2023-05-10 22:00:42,MA401C2300,MA401C2300,160.0,0.0,0.0,0.0,27,153.5,156.0,20,160.0,0.0,0.0,0.0,0.0,0.0,27
2023-05-10 22:00:42,MA401C2300,MA401C2300,160.0,0.0,0.0,0.0,17,153.5,156.0,10,160.0,0.0,0.0,0.0,0.0,0.0,27
2023-05-10 22:00:43,MA401C2300,MA401C2300,160.0,0.0,0.0,0.0,10,154.0,156.5,10,160.0,0.0,0.0,0.0,0.0,0.0,27
2023-05-10 22:00:44,MA401C2300,MA401C2300,160.0,0.0,0.0,0.0,17,153.5,156.0,10,160.0,0.0,0.0,0.0,0.0,0.0,27
2023-05-10 22:00:44,MA401C2300,MA401C2300,160.0,0.0,0.0,0.0,20,154.0,156.5,20,160.0,0.0,0.0,0.0,0.0,0.0,27
2023-05-10 22:00:46,MA401C2300,MA401C2300,160.0,0.0,0.0,0.0,7,154.5,156.5,10,160.0,0.0,0.0,0.0,0.0,0.0,27
2023-05-10 22:00:47,MA401C2300,MA401C2300,160.0,0.0,0.0,0.0,17,154.5,157.0,10,160.0,0.0,0.0,0.0,0.0,0.0,27
2023-05-10 22:00:49,MA401C2300,MA401C2300,160.0,0.0,0.0,0.0,17,154.5,157.5,10,160.0,0.0,0.0,0.0,0.0,0.0,27
2023-05-10 22:00:49,MA401C2300,MA401C2300,160.0,0.0,0.0,0.0,10,155.0,157.5,10,160.0,0.0,0.0,0.0,0.0,0.0,27
2023-05-10 22:00:50,MA401C2300,MA401C2300,160.0,0.0,0.0,0.0,17,154.5,157.0,10,160.0,0.0,0.0,0.0,0.0,0.0,27
2023-05-10 22:00:52,MA401C2300,MA401C2300,160.0,0.0,0.0,0.0,27,154.5,157.0,20,160.0,0.0,0.0,0.0,0.0,0.0,27
2023-05-10 22:00:53,MA401C2300,MA401C2300,160.0,0.0,0.0,0.0,17,154.5,156.5,10,160.0,0.0,0.0,0.0,0.0,0.0,27
2023-05-10 22:00:54,MA401C2300,MA401C2300,160.0,0.0,0.0,0.0,10,155.0,156.5,10,160.0,0.0,0.0,0.0,0.0,0.0,27
2023-05-10 22:00:54,MA401C2300,MA401C2300,160.0,0.0,0.0,0.0,17,154.5,156.5,10,160.0,0.0,0.0,0.0,0.0,0.0,27
2023-05-10 22:00:54,MA401C2300,MA401C2300,160.0,0.0,0.0,0.0,17,154.5,156.5,20,160.0,0.0,0.0,0.0,0.0,0.0,27
2023-05-10 22:00:57,MA401C2300,MA401C2300,160.0,0.0,0.0,0.0,27,154.5,156.5,10,160.0,0.0,0.0,0.0,0.0,0.0,27
2023-05-10 22:01:01,MA401C2300,MA401C2300,160.0,0.0,0.0,0.0,17,154.5,156.5,20,160.0,0.0,0.0,0.0,0.0,0.0,27
2023-05-10 22:01:02,MA401C2300,MA401C2300,160.0,0.0,0.0,0.0,7,154.5,156.5,27,160.0,0.0,0.0,0.0,0.0,0.0,27
2023-05-10 22:01:02,MA401C2300,MA401C2300,160.0,0.0,0.0,0.0,7,154.5,156.0,10,160.0,0.0,0.0,0.0,0.0,0.0,27
2023-05-10 22:01:04,MA401C2300,MA401C2300,160.0,0.0,0.0,0.0,7,154.5,156.0,20,160.0,0.0,0.0,0.0,0.0,0.0,27
2023-05-10 22:01:04,MA401C2300,MA401C2300,160.0,0.0,0.0,0.0,10,154.0,156.0,20,160.0,0.0,0.0,0.0,0.0,0.0,27
2023-05-10 22:01:09,MA401C2300,MA401C2300,160.0,0.0,0.0,0.0,17,154.0,156.0,10,160.0,0.0,0.0,0.0,0.0,0.0,27
2023-05-10 22:01:21,MA401C2300,MA401C2300,160.0,0.0,0.0,0.0,27,154.0,156.5,27,160.0,0.0,0.0,0.0,0.0,0.0,27
2023-05-10 22:01:27,MA401C2300,MA401C2300,160.0,0.0,0.0,0.0,17,154.0,156.0,10,160.0,0.0,0.0,0.0,0.0,0.0,27
2023-05-10 22:01:34,MA401C2300,MA401C2300,160.0,0.0,0.0,0.0,27,154.0,156.5,27,160.0,0.0,0.0,0.0,0.0,0.0,27
2023-05-10 22:01:39,MA401C2300,MA401C2300,160.0,0.0,0.0,0.0,17,154.0,156.0,10,160.0,0.0,0.0,0.0,0.0,0.0,27
2023-05-10 22:01:48,MA401C2300,MA401C2300,160.0,0.0,0.0,0.0,17,154.0,156.0,17,160.0,0.0,0.0,0.0,0.0,0.0,27
2023-05-10 22:01:49,MA401C2300,MA401C2300,160.0,0.0,0.0,0.0,17,154.0,156.0,27,160.0,0.0,0.0,0.0,0.0,0.0,27
2023-05-10 22:01:49,MA401C2300,MA401C2300,160.0,0.0,0.0,0.0,7,154.0,156.0,27,160.0,0.0,0.0,0.0,0.0,0.0,27
2023-05-10 22:01:52,MA401C2300,MA401C2300,160.0,0.0,0.0,0.0,17,153.5,155.5,10,160.0,0.0,0.0,0.0,0.0,0.0,27
2023-05-10 22:01:58,MA401C2300,MA401C2300,160.0,0.0,0.0,0.0,27,153.5,156.0,27,160.0,0.0,0.0,0.0,0.0,0.0,27
2023-05-10 22:02:25,MA401C2300,MA401C2300,160.0,0.0,0.0,0.0,20,154.0,156.0,7,160.0,0.0,0.0,0.0,0.0,0.0,27
2023-05-10 22:02:26,MA401C2300,MA401C2300,160.0,0.0,0.0,0.0,27,154.0,156.0,7,160.0,0.0,0.0,0.0,0.0,0.0,27
2023-05-10 22:02:29,MA401C2300,MA401C2300,160.0,0.0,0.0,0.0,27,154.0,156.0,17,160.0,0.0,0.0,0.0,0.0,0.0,27
2023-05-10 22:02:32,MA401C2300,MA401C2300,160.0,0.0,0.0,0.0,17,154.0,156.0,27,160.0,0.0,0.0,0.0,0.0,0.0,27
2023-05-10 22:02:43,MA401C2300,MA401C2300,160.0,0.0,0.0,0.0,17,154.0,156.0,17,160.0,0.0,0.0,0.0,0.0,0.0,27
2023-05-10 22:02:52,MA401C2300,MA401C2300,160.0,0.0,0.0,0.0,7,154.0,156.0,27,160.0,0.0,0.0,0.0,0.0,0.0,27
2023-05-10 22:02:52,MA401C2300,MA401C2300,160.0,0.0,0.0,0.0,17,154.0,156.0,17,160.0,0.0,0.0,0.0,0.0,0.0,27
2023-05-10 22:02:53,MA401C2300,MA401C2300,160.0,0.0,0.0,0.0,27,154.0,156.0,7,160.0,0.0,0.0,0.0,0.0,0.0,27
2023-05-10 22:02:55,MA401C2300,MA401C2300,160.0,0.0,0.0,0.0,17,154.0,156.0,17,160.0,0.0,0.0,0.0,0.0,0.0,27
2023-05-10 22:02:59,MA401C2300,MA401C2300,160.0,0.0,0.0,0.0,27,154.0,156.0,7,160.0,0.0,0.0,0.0,0.0,0.0,27
2023-05-10 22:03:00,MA401C2300,MA401C2300,160.0,0.0,0.0,0.0,7,154.0,156.0,27,160.0,0.0,0.0,0.0,0.0,0.0,27
2023-05-10 22:03:03,MA401C2300,MA401C2300,160.0,0.0,0.0,0.0,27,153.5,156.0,27,160.0,0.0,0.0,0.0,0.0,0.0,27
2023-05-10 22:03:08,MA401C2300,MA401C2300,160.0,0.0,0.0,0.0,7,153.5,155.5,20,160.0,0.0,0.0,0.0,0.0,0.0,27
2023-05-10 22:03:08,MA401C2300,MA401C2300,160.0,0.0,0.0,0.0,17,153.5,155.5,10,160.0,0.0,0.0,0.0,0.0,0.0,27
2023-05-10 22:03:20,MA401C2300,MA401C2300,160.0,0.0,0.0,0.0,17,153.5,155.5,20,160.0,0.0,0.0,0.0,0.0,0.0,27
2023-05-10 22:03:20,MA401C2300,MA401C2300,160.0,0.0,0.0,0.0,7,153.5,155.5,20,160.0,0.0,0.0,0.0,0.0,0.0,27
2023-05-10 22:03:21,MA401C2300,MA401C2300,160.0,0.0,0.0,0.0,10,153.0,155.0,10,160.0,0.0,0.0,0.0,0.0,0.0,27
2023-05-10 22:03:37,MA401C2300,MA401C2300,160.0,0.0,0.0,0.0,10,153.0,155.0,20,160.0,0.0,0.0,0.0,0.0,0.0,27
2023-05-10 22:03:44,MA401C2300,MA401C2300,160.0,0.0,0.0,0.0,20,153.0,155.0,10,160.0,0.0,0.0,0.0,0.0,0.0,27
2023-05-10 22:03:47,MA401C2300,MA401C2300,160.0,0.0,0.0,0.0,10,153.0,155.0,20,160.0,0.0,0.0,0.0,0.0,0.0,27
2023-05-10 22:03:47,MA401C2300,MA401C2300,160.0,0.0,0.0,0.0,27,152.5,155.0,20,160.0,0.0,0.0,0.0,0.0,0.0,27
2023-05-10 22:03:49,MA401C2300,MA401C2300,160.0,0.0,0.0,0.0,27,152.5,155.0,27,160.0,0.0,0.0,0.0,0.0,0.0,27
2023-05-10 22:03:56,MA401C2300,MA401C2300,160.0,0.0,0.0,0.0,17,152.5,154.5,10,160.0,0.0,0.0,0.0,0.0,0.0,27
2023-05-10 22:04:00,MA401C2300,MA401C2300,160.0,0.0,0.0,0.0,27,152.5,155.0,27,160.0,0.0,0.0,0.0,0.0,0.0,27
2023-05-10 22:04:05,MA401C2300,MA401C2300,160.0,0.0,0.0,0.0,10,153.0,155.0,17,160.0,0.0,0.0,0.0,0.0,0.0,27
2023-05-10 22:04:07,MA401C2300,MA401C2300,160.0,0.0,0.0,0.0,27,152.5,155.0,27,160.0,0.0,0.0,0.0,0.0,0.0,27
2023-05-10 22:04:08,MA401C2300,MA401C2300,160.0,0.0,0.0,0.0,10,153.0,155.0,17,160.0,0.0,0.0,0.0,0.0,0.0,27
2023-05-10 22:04:08,MA401C2300,MA401C2300,160.0,0.0,0.0,0.0,17,153.0,155.0,17,160.0,0.0,0.0,0.0,0.0,0.0,27
2023-05-10 22:04:13,MA401C2300,MA401C2300,160.0,0.0,0.0,0.0,7,153.0,155.0,27,160.0,0.0,0.0,0.0,0.0,0.0,27
2023-05-10 22:04:30,MA401C2300,MA401C2300,160.0,0.0,0.0,0.0,7,153.0,154.5,10,160.0,0.0,0.0,0.0,0.0,0.0,27
2023-05-10 22:04:36,MA401C2300,MA401C2300,160.0,0.0,0.0,0.0,7,153.0,154.5,20,160.0,0.0,0.0,0.0,0.0,0.0,27
2023-05-10 22:04:40,MA401C2300,MA401C2300,160.0,0.0,0.0,0.0,7,153.0,155.0,27,160.0,0.0,0.0,0.0,0.0,0.0,27
2023-05-10 22:04:43,MA401C2300,MA401C2300,160.0,0.0,0.0,0.0,7,153.0,154.5,10,160.0,0.0,0.0,0.0,0.0,0.0,27
2023-05-10 22:04:45,MA401C2300,MA401C2300,160.0,0.0,0.0,0.0,7,153.0,155.0,27,160.0,0.0,0.0,0.0,0.0,0.0,27
2023-05-10 22:04:48,MA401C2300,MA401C2300,160.0,0.0,0.0,0.0,7,153.0,154.5,10,160.0,0.0,0.0,0.0,0.0,0.0,27
2023-05-10 22:04:57,MA401C2300,MA401C2300,160.0,0.0,0.0,0.0,7,153.0,155.0,27,160.0,0.0,0.0,0.0,0.0,0.0,27
2023-05-10 22:04:58,MA401C2300,MA401C2300,160.0,0.0,0.0,0.0,7,153.0,154.5,10,160.0,0.0,0.0,0.0,0.0,0.0,27
2023-05-10 22:05:03,MA401C2300,MA401C2300,160.0,0.0,0.0,0.0,7,153.0,154.0,10,160.0,0.0,0.0,0.0,0.0,0.0,27
2023-05-10 22:05:10,MA401C2300,MA401C2300,160.0,0.0,0.0,0.0,7,152.5,154.0,10,160.0,0.0,0.0,0.0,0.0,0.0,27
2023-05-10 22:05:12,MA401C2300,MA401C2300,160.0,0.0,0.0,0.0,10,152.0,154.0,10,160.0,0.0,0.0,0.0,0.0,0.0,27
2023-05-10 22:05:12,MA401C2300,MA401C2300,160.0,0.0,0.0,0.0,10,152.0,153.5,10,160.0,0.0,0.0,0.0,0.0,0.0,27
2023-05-10 22:05:17,MA401C2300,MA401C2300,160.0,0.0,0.0,0.0,10,152.0,154.0,10,160.0,0.0,0.0,0.0,0.0,0.0,27
2023-05-10 22:05:18,MA401C2300,MA401C2300,160.0,0.0,0.0,0.0,20,152.0,154.0,10,160.0,0.0,0.0,0.0,0.0,0.0,27
2023-05-10 22:05:19,MA401C2300,MA401C2300,160.0,0.0,0.0,0.0,27,152.0,154.0,10,160.0,0.0,0.0,0.0,0.0,0.0,27
2023-05-10 22:05:24,MA401C2300,MA401C2300,160.0,0.0,0.0,0.0,10,152.5,154.5,17,160.0,0.0,0.0,0.0,0.0,0.0,27
2023-05-10 22:05:25,MA401C2300,MA401C2300,160.0,0.0,0.0,0.0,27,152.0,154.5,27,160.0,0.0,0.0,0.0,0.0,0.0,27
2023-05-10 22:05:33,MA401C2300,MA401C2300,160.0,0.0,0.0,0.0,27,152.0,154.0,10,160.0,0.0,0.0,0.0,0.0,0.0,27
2023-05-10 22:05:36,MA401C2300,MA401C2300,160.0,0.0,0.0,0.0,17,152.0,154.0,20,160.0,0.0,0.0,0.0,0.0,0.0,27
2023-05-10 22:05:37,MA401C2300,MA401C2300,160.0,0.0,0.0,0.0,27,152.0,154.0,20,160.0,0.0,0.0,0.0,0.0,0.0,27
2023-05-10 22:05:41,MA401C2300,MA401C2300,160.0,0.0,0.0,0.0,17,152.0,154.0,20,160.0,0.0,0.0,0.0,0.0,0.0,27
2023-05-10 22:05:43,MA401C2300,MA401C2300,160.0,0.0,0.0,0.0,17,152.0,153.5,10,160.0,0.0,0.0,0.0,0.0,0.0,27
2023-05-10 22:05:43,MA401C2300,MA401C2300,160.0,0.0,0.0,0.0,7,152.0,153.5,10,160.0,0.0,0.0,0.0,0.0,0.0,27
2023-05-10 22:05:49,MA401C2300,MA401C2300,160.0,0.0,0.0,0.0,27,152.0,154.0,7,160.0,0.0,0.0,0.0,0.0,0.0,27
2023-05-10 22:05:54,MA401C2300,MA401C2300,160.0,0.0,0.0,0.0,17,152.0,154.0,17,160.0,0.0,0.0,0.0,0.0,0.0,27
2023-05-10 22:05:57,MA401C2300,MA401C2300,160.0,0.0,0.0,0.0,10,152.5,154.5,17,160.0,0.0,0.0,0.0,0.0,0.0,27
2023-05-10 22:05:57,MA401C2300,MA401C2300,160.0,0.0,0.0,0.0,10,152.5,154.5,10,160.0,0.0,0.0,0.0,0.0,0.0,27
2023-05-10 22:06:02,MA401C2300,MA401C2300,160.0,0.0,0.0,0.0,17,152.5,154.5,10,160.0,0.0,0.0,0.0,0.0,0.0,27
2023-05-10 22:06:10,MA401C2300,MA401C2300,160.0,0.0,0.0,0.0,27,152.5,155.0,20,160.0,0.0,0.0,0.0,0.0,0.0,27
2023-05-10 22:06:21,MA401C2300,MA401C2300,160.0,0.0,0.0,0.0,10,153.0,155.0,10,160.0,0.0,0.0,0.0,0.0,0.0,27
2023-05-10 22:06:22,MA401C2300,MA401C2300,160.0,0.0,0.0,0.0,20,153.0,155.5,27,160.0,0.0,0.0,0.0,0.0,0.0,27
2023-05-10 22:06:22,MA401C2300,MA401C2300,160.0,0.0,0.0,0.0,27,153.0,155.5,27,160.0,0.0,0.0,0.0,0.0,0.0,27
2023-05-10 22:06:46,MA401C2300,MA401C2300,160.0,0.0,0.0,0.0,10,153.5,155.5,17,160.0,0.0,0.0,0.0,0.0,0.0,27
2023-05-10 22:06:54,MA401C2300,MA401C2300,160.0,0.0,0.0,0.0,27,153.0,155.5,27,160.0,0.0,0.0,0.0,0.0,0.0,27
2023-05-10 22:07:01,MA401C2300,MA401C2300,160.0,0.0,0.0,0.0,10,153.5,155.5,17,160.0,0.0,0.0,0.0,0.0,0.0,27
2023-05-10 22:07:08,MA401C2300,MA401C2300,160.0,0.0,0.0,0.0,20,153.5,155.5,7,160.0,0.0,0.0,0.0,0.0,0.0,27
2023-05-10 22:07:12,MA401C2300,MA401C2300,160.0,0.0,0.0,0.0,20,153.5,156.0,20,160.0,0.0,0.0,0.0,0.0,0.0,27
2023-05-10 22:07:13,MA401C2300,MA401C2300,160.0,0.0,0.0,0.0,27,153.5,156.0,20,160.0,0.0,0.0,0.0,0.0,0.0,27
2023-05-10 22:07:16,MA401C2300,MA401C2300,160.0,0.0,0.0,0.0,10,154.0,156.0,10,160.0,0.0,0.0,0.0,0.0,0.0,27
2023-05-10 22:07:22,MA401C2300,MA401C2300,160.0,0.0,0.0,0.0,17,154.0,156.0,10,160.0,0.0,0.0,0.0,0.0,0.0,27
2023-05-10 22:07:25,MA401C2300,MA401C2300,160.0,0.0,0.0,0.0,27,154.0,156.5,27,160.0,0.0,0.0,0.0,0.0,0.0,27
2023-05-10 22:07:38,MA401C2300,MA401C2300,160.0,0.0,0.0,0.0,10,154.5,156.5,17,160.0,0.0,0.0,0.0,0.0,0.0,27
2023-05-10 22:07:41,MA401C2300,MA401C2300,160.0,0.0,0.0,0.0,17,154.5,156.5,17,160.0,0.0,0.0,0.0,0.0,0.0,27
2023-05-10 22:07:42,MA401C2300,MA401C2300,160.0,0.0,0.0,0.0,7,154.5,156.5,27,160.0,0.0,0.0,0.0,0.0,0.0,27
2023-05-10 22:07:45,MA401C2300,MA401C2300,160.0,0.0,0.0,0.0,17,154.5,156.5,17,160.0,0.0,0.0,0.0,0.0,0.0,27
2023-05-10 22:07:51,MA401C2300,MA401C2300,160.0,0.0,0.0,0.0,27,154.5,156.5,7,160.0,0.0,0.0,0.0,0.0,0.0,27
2023-05-10 22:07:57,MA401C2300,MA401C2300,160.0,0.0,0.0,0.0,27,154.5,157.0,20,160.0,0.0,0.0,0.0,0.0,0.0,27
2023-05-10 22:08:02,MA401C2300,MA401C2300,160.0,0.0,0.0,0.0,17,154.5,156.5,10,160.0,0.0,0.0,0.0,0.0,0.0,27
2023-05-10 22:08:06,MA401C2300,MA401C2300,160.0,0.0,0.0,0.0,27,154.5,157.0,20,160.0,0.0,0.0,0.0,0.0,0.0,27
2023-05-10 22:08:09,MA401C2300,MA401C2300,160.0,0.0,0.0,0.0,17,154.5,156.5,10,160.0,0.0,0.0,0.0,0.0,0.0,27
2023-05-10 22:08:10,MA401C2300,MA401C2300,160.0,0.0,0.0,0.0,27,154.5,157.0,20,160.0,0.0,0.0,0.0,0.0,0.0,27
2023-05-10 22:08:11,MA401C2300,MA401C2300,160.0,0.0,0.0,0.0,17,154.5,156.5,10,160.0,0.0,0.0,0.0,0.0,0.0,27
2023-05-10 22:08:13,MA401C2300,MA401C2300,160.0,0.0,0.0,0.0,27,154.5,157.0,20,160.0,0.0,0.0,0.0,0.0,0.0,27
2023-05-10 22:08:14,MA401C2300,MA401C2300,160.0,0.0,0.0,0.0,17,154.5,156.5,10,160.0,0.0,0.0,0.0,0.0,0.0,27
2023-05-10 22:08:22,MA401C2300,MA401C2300,160.0,0.0,0.0,0.0,27,154.5,157.0,27,160.0,0.0,0.0,0.0,0.0,0.0,27
2023-05-10 22:08:23,MA401C2300,MA401C2300,160.0,0.0,0.0,0.0,17,154.5,156.5,10,160.0,0.0,0.0,0.0,0.0,0.0,27
2023-05-10 22:08:26,MA401C2300,MA401C2300,160.0,0.0,0.0,0.0,27,154.5,157.0,27,160.0,0.0,0.0,0.0,0.0,0.0,27
2023-05-10 22:08:27,MA401C2300,MA401C2300,160.0,0.0,0.0,0.0,17,154.5,156.5,10,160.0,0.0,0.0,0.0,0.0,0.0,27
2023-05-10 22:08:28,MA401C2300,MA401C2300,160.0,0.0,0.0,0.0,17,154.5,156.5,20,160.0,0.0,0.0,0.0,0.0,0.0,27
2023-05-10 22:08:45,MA401C2300,MA401C2300,160.0,0.0,0.0,0.0,27,154.5,157.0,27,160.0,0.0,0.0,0.0,0.0,0.0,27
2023-05-10 22:08:47,MA401C2300,MA401C2300,160.0,0.0,0.0,0.0,17,154.5,156.5,10,160.0,0.0,0.0,0.0,0.0,0.0,27
2023-05-10 22:08:49,MA401C2300,MA401C2300,160.0,0.0,0.0,0.0,27,154.5,157.0,27,160.0,0.0,0.0,0.0,0.0,0.0,27
2023-05-10 22:08:51,MA401C2300,MA401C2300,160.0,0.0,0.0,0.0,7,155.0,157.0,27,160.0,0.0,0.0,0.0,0.0,0.0,27
2023-05-10 22:08:51,MA401C2300,MA401C2300,160.0,0.0,0.0,0.0,10,155.5,157.5,27,160.0,0.0,0.0,0.0,0.0,0.0,27
2023-05-10 22:08:52,MA401C2300,MA401C2300,160.0,0.0,0.0,0.0,27,155.0,157.5,27,160.0,0.0,0.0,0.0,0.0,0.0,27
2023-05-10 22:08:53,MA401C2300,MA401C2300,160.0,0.0,0.0,0.0,17,155.0,157.0,20,160.0,0.0,0.0,0.0,0.0,0.0,27
2023-05-10 22:08:54,MA401C2300,MA401C2300,160.0,0.0,0.0,0.0,7,155.0,157.0,20,160.0,0.0,0.0,0.0,0.0,0.0,27
2023-05-10 22:08:55,MA401C2300,MA401C2300,160.0,0.0,0.0,0.0,7,155.0,156.5,10,160.0,0.0,0.0,0.0,0.0,0.0,27
2023-05-10 22:08:56,MA401C2300,MA401C2300,160.0,0.0,0.0,0.0,7,155.0,156.5,20,160.0,0.0,0.0,0.0,0.0,0.0,27
2023-05-10 22:08:56,MA401C2300,MA401C2300,160.0,0.0,0.0,0.0,7,155.0,156.5,10,160.0,0.0,0.0,0.0,0.0,0.0,27
2023-05-10 22:09:00,MA401C2300,MA401C2300,160.0,0.0,0.0,0.0,7,155.0,156.5,20,160.0,0.0,0.0,0.0,0.0,0.0,27
2023-05-10 22:09:02,MA401C2300,MA401C2300,160.0,0.0,0.0,0.0,7,155.0,156.5,10,160.0,0.0,0.0,0.0,0.0,0.0,27
2023-05-10 22:09:08,MA401C2300,MA401C2300,160.0,0.0,0.0,0.0,17,154.5,156.5,10,160.0,0.0,0.0,0.0,0.0,0.0,27
2023-05-10 22:09:09,MA401C2300,MA401C2300,160.0,0.0,0.0,0.0,7,154.5,156.5,20,160.0,0.0,0.0,0.0,0.0,0.0,27
2023-05-10 22:09:16,MA401C2300,MA401C2300,160.0,0.0,0.0,0.0,17,154.5,156.5,10,160.0,0.0,0.0,0.0,0.0,0.0,27
2023-05-10 22:09:33,MA401C2300,MA401C2300,160.0,0.0,0.0,0.0,10,155.0,157.0,17,160.0,0.0,0.0,0.0,0.0,0.0,27
2023-05-10 22:09:33,MA401C2300,MA401C2300,160.0,0.0,0.0,0.0,10,155.0,157.0,27,160.0,0.0,0.0,0.0,0.0,0.0,27
2023-05-10 22:09:34,MA401C2300,MA401C2300,160.0,0.0,0.0,0.0,17,154.5,156.5,10,160.0,0.0,0.0,0.0,0.0,0.0,27
2023-05-10 22:09:43,MA401C2300,MA401C2300,160.0,0.0,0.0,0.0,17,154.5,156.5,20,160.0,0.0,0.0,0.0,0.0,0.0,27
2023-05-10 22:09:52,MA401C2300,MA401C2300,160.0,0.0,0.0,0.0,7,154.5,156.5,20,160.0,0.0,0.0,0.0,0.0,0.0,27
2023-05-10 22:09:53,MA401C2300,MA401C2300,160.0,0.0,0.0,0.0,7,154.5,156.5,27,160.0,0.0,0.0,0.0,0.0,0.0,27
2023-05-10 22:10:06,MA401C2300,MA401C2300,160.0,0.0,0.0,0.0,7,154.5,156.0,10,160.0,0.0,0.0,0.0,0.0,0.0,27
2023-05-10 22:10:08,MA401C2300,MA401C2300,160.0,0.0,0.0,0.0,10,154.0,156.0,10,160.0,0.0,0.0,0.0,0.0,0.0,27
2023-05-10 22:10:08,MA401C2300,MA401C2300,160.0,0.0,0.0,0.0,10,154.0,156.0,20,160.0,0.0,0.0,0.0,0.0,0.0,27
2023-05-10 22:10:09,MA401C2300,MA401C2300,160.0,0.0,0.0,0.0,20,153.5,156.0,20,160.0,0.0,0.0,0.0,0.0,0.0,27
2023-05-10 22:10:09,MA401C2300,MA401C2300,160.0,0.0,0.0,0.0,10,153.5,155.5,10,160.0,0.0,0.0,0.0,0.0,0.0,27
2023-05-10 22:10:14,MA401C2300,MA401C2300,160.0,0.0,0.0,0.0,20,153.5,156.0,27,160.0,0.0,0.0,0.0,0.0,0.0,27
2023-05-10 22:10:16,MA401C2300,MA401C2300,160.0,0.0,0.0,0.0,10,153.5,155.5,10,160.0,0.0,0.0,0.0,0.0,0.0,27
2023-05-10 22:10:18,MA401C2300,MA401C2300,160.0,0.0,0.0,0.0,20,153.5,156.0,27,160.0,0.0,0.0,0.0,0.0,0.0,27
2023-05-10 22:10:20,MA401C2300,MA401C2300,160.0,0.0,0.0,0.0,10,153.5,155.5,10,160.0,0.0,0.0,0.0,0.0,0.0,27
2023-05-10 22:10:32,MA401C2300,MA401C2300,160.0,0.0,0.0,0.0,10,153.5,155.5,20,160.0,0.0,0.0,0.0,0.0,0.0,27
2023-05-10 22:10:40,MA401C2300,MA401C2300,160.0,0.0,0.0,0.0,27,153.0,155.5,20,160.0,0.0,0.0,0.0,0.0,0.0,27
2023-05-10 22:10:42,MA401C2300,MA401C2300,160.0,0.0,0.0,0.0,17,153.0,155.0,10,160.0,0.0,0.0,0.0,0.0,0.0,27
2023-05-10 22:10:43,MA401C2300,MA401C2300,160.0,0.0,0.0,0.0,17,153.0,155.0,20,160.0,0.0,0.0,0.0,0.0,0.0,27
2023-05-10 22:10:54,MA401C2300,MA401C2300,160.0,0.0,0.0,0.0,27,153.0,155.0,10,160.0,0.0,0.0,0.0,0.0,0.0,27
2023-05-10 22:10:54,MA401C2300,MA401C2300,160.0,0.0,0.0,0.0,17,153.0,155.0,20,160.0,0.0,0.0,0.0,0.0,0.0,27
2023-05-10 22:11:03,MA401C2300,MA401C2300,160.0,0.0,0.0,0.0,27,153.0,155.0,10,160.0,0.0,0.0,0.0,0.0,0.0,27
2023-05-10 22:11:08,MA401C2300,MA401C2300,160.0,0.0,0.0,0.0,17,153.0,155.0,20,160.0,0.0,0.0,0.0,0.0,0.0,27
2023-05-10 22:11:09,MA401C2300,MA401C2300,160.0,0.0,0.0,0.0,10,153.5,155.5,27,160.0,0.0,0.0,0.0,0.0,0.0,27
2023-05-10 22:11:10,MA401C2300,MA401C2300,160.0,0.0,0.0,0.0,27,153.0,155.5,27,160.0,0.0,0.0,0.0,0.0,0.0,27
2023-05-10 22:11:19,MA401C2300,MA401C2300,160.0,0.0,0.0,0.0,10,153.5,155.5,17,160.0,0.0,0.0,0.0,0.0,0.0,27
2023-05-10 22:11:22,MA401C2300,MA401C2300,160.0,0.0,0.0,0.0,27,153.0,155.5,27,160.0,0.0,0.0,0.0,0.0,0.0,27
2023-05-10 22:11:30,MA401C2300,MA401C2300,160.0,0.0,0.0,0.0,17,153.0,155.0,10,160.0,0.0,0.0,0.0,0.0,0.0,27
2023-05-10 22:11:48,MA401C2300,MA401C2300,160.0,0.0,0.0,0.0,27,153.0,155.5,27,160.0,0.0,0.0,0.0,0.0,0.0,27
2023-05-10 22:11:52,MA401C2300,MA401C2300,160.0,0.0,0.0,0.0,17,153.0,155.0,10,160.0,0.0,0.0,0.0,0.0,0.0,27
2023-05-10 22:12:02,MA401C2300,MA401C2300,160.0,0.0,0.0,0.0,17,153.0,155.0,20,160.0,0.0,0.0,0.0,0.0,0.0,27
2023-05-10 22:12:02,MA401C2300,MA401C2300,160.0,0.0,0.0,0.0,7,153.0,155.0,20,160.0,0.0,0.0,0.0,0.0,0.0,27
2023-05-10 22:12:03,MA401C2300,MA401C2300,160.0,0.0,0.0,0.0,7,153.0,155.0,27,160.0,0.0,0.0,0.0,0.0,0.0,27
2023-05-10 22:12:29,MA401C2300,MA401C2300,160.0,0.0,0.0,0.0,10,152.5,154.5,10,160.0,0.0,0.0,0.0,0.0,0.0,27
2023-05-10 22:12:30,MA401C2300,MA401C2300,160.0,0.0,0.0,0.0,10,152.5,154.0,10,160.0,0.0,0.0,0.0,0.0,0.0,27
2023-05-10 22:12:43,MA401C2300,MA401C2300,160.0,0.0,0.0,0.0,27,152.0,154.0,10,160.0,0.0,0.0,0.0,0.0,0.0,27
2023-05-10 22:12:52,MA401C2300,MA401C2300,160.0,0.0,0.0,0.0,27,152.0,154.5,20,160.0,0.0,0.0,0.0,0.0,0.0,27
2023-05-10 22:12:53,MA401C2300,MA401C2300,160.0,0.0,0.0,0.0,27,152.0,154.0,10,160.0,0.0,0.0,0.0,0.0,0.0,27
2023-05-10 22:12:54,MA401C2300,MA401C2300,160.0,0.0,0.0,0.0,27,152.0,154.5,20,160.0,0.0,0.0,0.0,0.0,0.0,27
2023-05-10 22:12:55,MA401C2300,MA401C2300,160.0,0.0,0.0,0.0,27,152.0,154.0,10,160.0,0.0,0.0,0.0,0.0,0.0,27
2023-05-10 22:12:56,MA401C2300,MA401C2300,160.0,0.0,0.0,0.0,27,152.0,154.5,20,160.0,0.0,0.0,0.0,0.0,0.0,27
2023-05-10 22:13:00,MA401C2300,MA401C2300,160.0,0.0,0.0,0.0,27,152.0,154.0,10,160.0,0.0,0.0,0.0,0.0,0.0,27
2023-05-10 22:13:01,MA401C2300,MA401C2300,160.0,0.0,0.0,0.0,27,152.0,154.5,20,160.0,0.0,0.0,0.0,0.0,0.0,27
2023-05-10 22:13:02,MA401C2300,MA401C2300,160.0,0.0,0.0,0.0,27,152.0,154.0,10,160.0,0.0,0.0,0.0,0.0,0.0,27
2023-05-10 22:13:03,MA401C2300,MA401C2300,160.0,0.0,0.0,0.0,10,152.5,154.5,10,160.0,0.0,0.0,0.0,0.0,0.0,27
2023-05-10 22:13:05,MA401C2300,MA401C2300,160.0,0.0,0.0,0.0,10,152.5,154.0,10,160.0,0.0,0.0,0.0,0.0,0.0,27
2023-05-10 22:13:11,MA401C2300,MA401C2300,160.0,0.0,0.0,0.0,10,152.5,154.5,10,160.0,0.0,0.0,0.0,0.0,0.0,27
2023-05-10 22:13:42,MA401C2300,MA401C2300,160.0,0.0,0.0,0.0,10,152.5,154.0,10,160.0,0.0,0.0,0.0,0.0,0.0,27
2023-05-10 22:13:51,MA401C2300,MA401C2300,160.0,0.0,0.0,0.0,10,152.5,154.5,10,160.0,0.0,0.0,0.0,0.0,0.0,27
2023-05-10 22:13:56,MA401C2300,MA401C2300,160.0,0.0,0.0,0.0,10,152.5,154.0,10,160.0,0.0,0.0,0.0,0.0,0.0,27
2023-05-10 22:14:02,MA401C2300,MA401C2300,160.0,0.0,0.0,0.0,10,152.5,154.5,10,160.0,0.0,0.0,0.0,0.0,0.0,27
2023-05-10 22:14:04,MA401C2300,MA401C2300,160.0,0.0,0.0,0.0,10,152.5,154.5,17,160.0,0.0,0.0,0.0,0.0,0.0,27
2023-05-10 22:14:06,MA401C2300,MA401C2300,160.0,0.0,0.0,0.0,17,152.0,154.0,10,160.0,0.0,0.0,0.0,0.0,0.0,27
2023-05-10 22:14:07,MA401C2300,MA401C2300,160.0,0.0,0.0,0.0,17,152.0,153.5,10,160.0,0.0,0.0,0.0,0.0,0.0,27
2023-05-10 22:14:07,MA401C2300,MA401C2300,160.0,0.0,0.0,0.0,17,152.0,154.0,10,160.0,0.0,0.0,0.0,0.0,0.0,27
2023-05-10 22:14:09,MA401C2300,MA401C2300,160.0,0.0,0.0,0.0,17,152.0,153.5,10,160.0,0.0,0.0,0.0,0.0,0.0,27
2023-05-10 22:14:09,MA401C2300,MA401C2300,160.0,0.0,0.0,0.0,17,152.0,154.0,10,160.0,0.0,0.0,0.0,0.0,0.0,27
2023-05-10 22:14:17,MA401C2300,MA401C2300,160.0,0.0,0.0,0.0,17,152.0,153.5,10,160.0,0.0,0.0,0.0,0.0,0.0,27
2023-05-10 22:14:17,MA401C2300,MA401C2300,160.0,0.0,0.0,0.0,17,152.0,154.0,20,160.0,0.0,0.0,0.0,0.0,0.0,27
2023-05-10 22:14:18,MA401C2300,MA401C2300,160.0,0.0,0.0,0.0,17,152.0,153.5,10,160.0,0.0,0.0,0.0,0.0,0.0,27
2023-05-10 22:14:18,MA401C2300,MA401C2300,160.0,0.0,0.0,0.0,17,152.0,154.0,20,160.0,0.0,0.0,0.0,0.0,0.0,27
2023-05-10 22:14:19,MA401C2300,MA401C2300,160.0,0.0,0.0,0.0,17,152.0,153.5,10,160.0,0.0,0.0,0.0,0.0,0.0,27
2023-05-10 22:14:20,MA401C2300,MA401C2300,160.0,0.0,0.0,0.0,17,152.0,154.0,20,160.0,0.0,0.0,0.0,0.0,0.0,27
2023-05-10 22:14:29,MA401C2300,MA401C2300,160.0,0.0,0.0,0.0,17,152.0,153.5,10,160.0,0.0,0.0,0.0,0.0,0.0,27
2023-05-10 22:14:30,MA401C2300,MA401C2300,160.0,0.0,0.0,0.0,17,152.0,154.0,20,160.0,0.0,0.0,0.0,0.0,0.0,27
2023-05-10 22:14:31,MA401C2300,MA401C2300,160.0,0.0,0.0,0.0,17,152.0,153.5,10,160.0,0.0,0.0,0.0,0.0,0.0,27
2023-05-10 22:14:34,MA401C2300,MA401C2300,160.0,0.0,0.0,0.0,17,152.0,154.0,20,160.0,0.0,0.0,0.0,0.0,0.0,27
2023-05-10 22:14:36,MA401C2300,MA401C2300,160.0,0.0,0.0,0.0,7,152.0,154.0,27,160.0,0.0,0.0,0.0,0.0,0.0,27
2023-05-10 22:14:45,MA401C2300,MA401C2300,160.0,0.0,0.0,0.0,10,152.5,154.0,17,160.0,0.0,0.0,0.0,0.0,0.0,27
2023-05-10 22:14:45,MA401C2300,MA401C2300,160.0,0.0,0.0,0.0,10,152.5,154.0,7,160.0,0.0,0.0,0.0,0.0,0.0,27
2023-05-10 22:14:47,MA401C2300,MA401C2300,160.0,0.0,0.0,0.0,10,152.5,154.5,17,160.0,0.0,0.0,0.0,0.0,0.0,27
2023-05-10 22:14:47,MA401C2300,MA401C2300,160.0,0.0,0.0,0.0,20,152.5,154.5,7,160.0,0.0,0.0,0.0,0.0,0.0,27
2023-05-10 22:14:51,MA401C2300,MA401C2300,160.0,0.0,0.0,0.0,20,152.5,154.5,17,160.0,0.0,0.0,0.0,0.0,0.0,27
2023-05-10 22:14:59,MA401C2300,MA401C2300,160.0,0.0,0.0,0.0,10,152.5,154.5,17,160.0,0.0,0.0,0.0,0.0,0.0,27
2023-05-10 22:14:59,MA401C2300,MA401C2300,160.0,0.0,0.0,0.0,27,152.0,154.5,27,160.0,0.0,0.0,0.0,0.0,0.0,27
2023-05-10 22:15:00,MA401C2300,MA401C2300,160.0,0.0,0.0,0.0,10,152.5,154.5,17,160.0,0.0,0.0,0.0,0.0,0.0,27
2023-05-10 22:15:00,MA401C2300,MA401C2300,160.0,0.0,0.0,0.0,27,152.0,154.5,27,160.0,0.0,0.0,0.0,0.0,0.0,27
2023-05-10 22:15:01,MA401C2300,MA401C2300,160.0,0.0,0.0,0.0,10,152.5,154.5,17,160.0,0.0,0.0,0.0,0.0,0.0,27
2023-05-10 22:15:17,MA401C2300,MA401C2300,160.0,0.0,0.0,0.0,20,152.5,154.5,7,160.0,0.0,0.0,0.0,0.0,0.0,27
2023-05-10 22:15:18,MA401C2300,MA401C2300,160.0,0.0,0.0,0.0,27,152.5,154.5,7,160.0,0.0,0.0,0.0,0.0,0.0,27
2023-05-10 22:15:26,MA401C2300,MA401C2300,160.0,0.0,0.0,0.0,27,152.5,154.5,17,160.0,0.0,0.0,0.0,0.0,0.0,27
2023-05-10 22:15:26,MA401C2300,MA401C2300,160.0,0.0,0.0,0.0,17,152.5,154.5,27,160.0,0.0,0.0,0.0,0.0,0.0,27
2023-05-10 22:15:29,MA401C2300,MA401C2300,160.0,0.0,0.0,0.0,27,152.5,154.5,17,160.0,0.0,0.0,0.0,0.0,0.0,27
2023-05-10 22:15:34,MA401C2300,MA401C2300,160.0,0.0,0.0,0.0,17,152.5,154.5,27,160.0,0.0,0.0,0.0,0.0,0.0,27
2023-05-10 22:15:36,MA401C2300,MA401C2300,160.0,0.0,0.0,0.0,27,152.5,154.5,17,160.0,0.0,0.0,0.0,0.0,0.0,27
2023-05-10 22:15:40,MA401C2300,MA401C2300,160.0,0.0,0.0,0.0,17,152.5,154.5,27,160.0,0.0,0.0,0.0,0.0,0.0,27
2023-05-10 22:15:45,MA401C2300,MA401C2300,160.0,0.0,0.0,0.0,27,152.5,154.5,17,160.0,0.0,0.0,0.0,0.0,0.0,27
2023-05-10 22:16:00,MA401C2300,MA401C2300,160.0,0.0,0.0,0.0,17,152.5,154.5,27,160.0,0.0,0.0,0.0,0.0,0.0,27
2023-05-10 22:16:01,MA401C2300,MA401C2300,160.0,0.0,0.0,0.0,7,152.5,154.5,27,160.0,0.0,0.0,0.0,0.0,0.0,27
2023-05-10 22:16:06,MA401C2300,MA401C2300,160.0,0.0,0.0,0.0,7,152.5,154.0,20,160.0,0.0,0.0,0.0,0.0,0.0,27
2023-05-10 22:16:06,MA401C2300,MA401C2300,160.0,0.0,0.0,0.0,7,152.0,154.0,20,160.0,0.0,0.0,0.0,0.0,0.0,27
2023-05-10 22:16:07,MA401C2300,MA401C2300,160.0,0.0,0.0,0.0,17,152.0,154.0,20,160.0,0.0,0.0,0.0,0.0,0.0,27
2023-05-10 22:16:07,MA401C2300,MA401C2300,160.0,0.0,0.0,0.0,7,152.0,154.0,20,160.0,0.0,0.0,0.0,0.0,0.0,27
2023-05-10 22:16:09,MA401C2300,MA401C2300,160.0,0.0,0.0,0.0,17,152.0,154.0,20,160.0,0.0,0.0,0.0,0.0,0.0,27
2023-05-10 22:16:14,MA401C2300,MA401C2300,160.0,0.0,0.0,0.0,27,152.0,154.0,10,160.0,0.0,0.0,0.0,0.0,0.0,27
2023-05-10 22:16:18,MA401C2300,MA401C2300,160.0,0.0,0.0,0.0,17,152.0,154.0,10,160.0,0.0,0.0,0.0,0.0,0.0,27
2023-05-10 22:16:19,MA401C2300,MA401C2300,160.0,0.0,0.0,0.0,27,152.0,154.0,10,160.0,0.0,0.0,0.0,0.0,0.0,27
2023-05-10 22:16:25,MA401C2300,MA401C2300,160.0,0.0,0.0,0.0,10,152.0,154.0,20,160.0,0.0,0.0,0.0,0.0,0.0,27
2023-05-10 22:16:25,MA401C2300,MA401C2300,160.0,0.0,0.0,0.0,10,152.0,153.5,10,160.0,0.0,0.0,0.0,0.0,0.0,27
2023-05-10 22:16:27,MA401C2300,MA401C2300,160.0,0.0,0.0,0.0,10,151.5,153.5,17,160.0,0.0,0.0,0.0,0.0,0.0,27
2023-05-10 22:16:44,MA401C2300,MA401C2300,160.0,0.0,0.0,0.0,27,151.5,153.5,7,160.0,0.0,0.0,0.0,0.0,0.0,27
2023-05-10 22:16:46,MA401C2300,MA401C2300,160.0,0.0,0.0,0.0,17,151.5,153.5,17,160.0,0.0,0.0,0.0,0.0,0.0,27
2023-05-10 22:16:53,MA401C2300,MA401C2300,160.0,0.0,0.0,0.0,17,151.5,153.5,27,160.0,0.0,0.0,0.0,0.0,0.0,27
2023-05-10 22:16:55,MA401C2300,MA401C2300,160.0,0.0,0.0,0.0,10,151.5,153.5,27,160.0,0.0,0.0,0.0,0.0,0.0,27
2023-05-10 22:16:56,MA401C2300,MA401C2300,160.0,0.0,0.0,0.0,17,151.0,153.0,10,160.0,0.0,0.0,0.0,0.0,0.0,27
2023-05-10 22:16:56,MA401C2300,MA401C2300,160.0,0.0,0.0,0.0,17,151.0,152.5,10,160.0,0.0,0.0,0.0,0.0,0.0,27
2023-05-10 22:16:56,MA401C2300,MA401C2300,160.0,0.0,0.0,0.0,17,151.0,153.0,10,160.0,0.0,0.0,0.0,0.0,0.0,27
2023-05-10 22:16:57,MA401C2300,MA401C2300,160.0,0.0,0.0,0.0,17,151.0,152.5,10,160.0,0.0,0.0,0.0,0.0,0.0,27
2023-05-10 22:16:58,MA401C2300,MA401C2300,160.0,0.0,0.0,0.0,17,151.0,153.0,10,160.0,0.0,0.0,0.0,0.0,0.0,27
2023-05-10 22:17:01,MA401C2300,MA401C2300,160.0,0.0,0.0,0.0,17,151.0,152.5,10,160.0,0.0,0.0,0.0,0.0,0.0,27
2023-05-10 22:17:01,MA401C2300,MA401C2300,160.0,0.0,0.0,0.0,17,151.0,153.0,10,160.0,0.0,0.0,0.0,0.0,0.0,27
2023-05-10 22:17:02,MA401C2300,MA401C2300,160.0,0.0,0.0,0.0,27,151.0,153.5,27,160.0,0.0,0.0,0.0,0.0,0.0,27
2023-05-10 22:17:04,MA401C2300,MA401C2300,160.0,0.0,0.0,0.0,17,151.0,153.0,20,160.0,0.0,0.0,0.0,0.0,0.0,27
2023-05-10 22:17:09,MA401C2300,MA401C2300,160.0,0.0,0.0,0.0,17,151.0,153.0,10,160.0,0.0,0.0,0.0,0.0,0.0,27
2023-05-10 22:17:17,MA401C2300,MA401C2300,160.0,0.0,0.0,0.0,27,151.0,153.5,27,160.0,0.0,0.0,0.0,0.0,0.0,27
2023-05-10 22:17:17,MA401C2300,MA401C2300,160.0,0.0,0.0,0.0,10,151.5,153.5,17,160.0,0.0,0.0,0.0,0.0,0.0,27
2023-05-10 22:17:20,MA401C2300,MA401C2300,160.0,0.0,0.0,0.0,10,151.5,153.5,27,160.0,0.0,0.0,0.0,0.0,0.0,27
2023-05-10 22:17:22,MA401C2300,MA401C2300,160.0,0.0,0.0,0.0,27,151.0,153.5,27,160.0,0.0,0.0,0.0,0.0,0.0,27
2023-05-10 22:17:25,MA401C2300,MA401C2300,160.0,0.0,0.0,0.0,17,151.0,153.0,20,160.0,0.0,0.0,0.0,0.0,0.0,27
2023-05-10 22:17:26,MA401C2300,MA401C2300,160.0,0.0,0.0,0.0,27,151.0,153.0,10,160.0,0.0,0.0,0.0,0.0,0.0,27
2023-05-10 22:17:29,MA401C2300,MA401C2300,160.0,0.0,0.0,0.0,10,151.5,153.5,27,160.0,0.0,0.0,0.0,0.0,0.0,27
2023-05-10 22:17:36,MA401C2300,MA401C2300,160.0,0.0,0.0,0.0,27,151.0,153.5,27,160.0,0.0,0.0,0.0,0.0,0.0,27
2023-05-10 22:18:00,MA401C2300,MA401C2300,160.0,0.0,0.0,0.0,27,151.0,153.0,10,160.0,0.0,0.0,0.0,0.0,0.0,27
2023-05-10 22:18:00,MA401C2300,MA401C2300,160.0,0.0,0.0,0.0,17,151.0,153.0,10,160.0,0.0,0.0,0.0,0.0,0.0,27
2023-05-10 22:18:01,MA401C2300,MA401C2300,160.0,0.0,0.0,0.0,7,151.0,152.5,10,160.0,0.0,0.0,0.0,0.0,0.0,27
2023-05-10 22:18:09,MA401C2300,MA401C2300,160.0,0.0,0.0,0.0,17,151.0,153.0,10,160.0,0.0,0.0,0.0,0.0,0.0,27
2023-05-10 22:18:09,MA401C2300,MA401C2300,160.0,0.0,0.0,0.0,7,151.0,152.5,10,160.0,0.0,0.0,0.0,0.0,0.0,27
2023-05-10 22:18:13,MA401C2300,MA401C2300,160.0,0.0,0.0,0.0,7,151.0,153.0,20,160.0,0.0,0.0,0.0,0.0,0.0,27
2023-05-10 22:18:13,MA401C2300,MA401C2300,160.0,0.0,0.0,0.0,7,151.0,153.0,27,160.0,0.0,0.0,0.0,0.0,0.0,27
2023-05-10 22:18:20,MA401C2300,MA401C2300,160.0,0.0,0.0,0.0,20,150.5,153.0,27,160.0,0.0,0.0,0.0,0.0,0.0,27
2023-05-10 22:18:21,MA401C2300,MA401C2300,160.0,0.0,0.0,0.0,10,150.5,152.5,10,160.0,0.0,0.0,0.0,0.0,0.0,27
2023-05-10 22:18:21,MA401C2300,MA401C2300,160.0,0.0,0.0,0.0,10,150.5,152.0,10,160.0,0.0,0.0,0.0,0.0,0.0,27
2023-05-10 22:18:21,MA401C2300,MA401C2300,160.0,0.0,0.0,0.0,20,150.5,152.5,10,160.0,0.0,0.0,0.0,0.0,0.0,27
2023-05-10 22:18:22,MA401C2300,MA401C2300,160.0,0.0,0.0,0.0,27,150.5,152.5,10,160.0,0.0,0.0,0.0,0.0,0.0,27
2023-05-10 22:18:26,MA401C2300,MA401C2300,160.0,0.0,0.0,0.0,27,150.5,152.5,20,160.0,0.0,0.0,0.0,0.0,0.0,27
2023-05-10 22:18:27,MA401C2300,MA401C2300,160.0,0.0,0.0,0.0,17,150.5,152.5,20,160.0,0.0,0.0,0.0,0.0,0.0,27
2023-05-10 22:18:28,MA401C2300,MA401C2300,160.0,0.0,0.0,0.0,7,150.5,152.5,20,160.0,0.0,0.0,0.0,0.0,0.0,27
2023-05-10 22:18:28,MA401C2300,MA401C2300,160.0,0.0,0.0,0.0,7,150.5,152.0,10,160.0,0.0,0.0,0.0,0.0,0.0,27
2023-05-10 22:18:33,MA401C2300,MA401C2300,160.0,0.0,0.0,0.0,17,150.5,152.5,20,160.0,0.0,0.0,0.0,0.0,0.0,27
2023-05-10 22:18:34,MA401C2300,MA401C2300,160.0,0.0,0.0,0.0,7,150.5,152.5,20,160.0,0.0,0.0,0.0,0.0,0.0,27
2023-05-10 22:18:36,MA401C2300,MA401C2300,160.0,0.0,0.0,0.0,17,150.5,152.5,10,160.0,0.0,0.0,0.0,0.0,0.0,27
2023-05-10 22:18:36,MA401C2300,MA401C2300,160.0,0.0,0.0,0.0,27,150.5,153.0,27,160.0,0.0,0.0,0.0,0.0,0.0,27
2023-05-10 22:18:36,MA401C2300,MA401C2300,160.0,0.0,0.0,0.0,27,150.5,152.5,10,160.0,0.0,0.0,0.0,0.0,0.0,27
2023-05-10 22:18:38,MA401C2300,MA401C2300,160.0,0.0,0.0,0.0,27,150.5,152.5,20,160.0,0.0,0.0,0.0,0.0,0.0,27
2023-05-10 22:18:40,MA401C2300,MA401C2300,160.0,0.0,0.0,0.0,27,150.5,152.5,10,160.0,0.0,0.0,0.0,0.0,0.0,27
2023-05-10 22:18:40,MA401C2300,MA401C2300,160.0,0.0,0.0,0.0,27,150.5,152.5,20,160.0,0.0,0.0,0.0,0.0,0.0,27
2023-05-10 22:18:41,MA401C2300,MA401C2300,160.0,0.0,0.0,0.0,27,150.5,152.5,10,160.0,0.0,0.0,0.0,0.0,0.0,27
2023-05-10 22:18:41,MA401C2300,MA401C2300,160.0,0.0,0.0,0.0,27,150.5,152.5,20,160.0,0.0,0.0,0.0,0.0,0.0,27
2023-05-10 22:18:42,MA401C2300,MA401C2300,160.0,0.0,0.0,0.0,27,150.5,152.5,10,160.0,0.0,0.0,0.0,0.0,0.0,27
2023-05-10 22:18:42,MA401C2300,MA401C2300,160.0,0.0,0.0,0.0,27,150.5,152.5,20,160.0,0.0,0.0,0.0,0.0,0.0,27
2023-05-10 22:18:43,MA401C2300,MA401C2300,160.0,0.0,0.0,0.0,17,150.5,152.5,20,160.0,0.0,0.0,0.0,0.0,0.0,27
2023-05-10 22:18:45,MA401C2300,MA401C2300,160.0,0.0,0.0,0.0,17,150.5,152.0,10,160.0,0.0,0.0,0.0,0.0,0.0,27
2023-05-10 22:18:45,MA401C2300,MA401C2300,160.0,0.0,0.0,0.0,17,150.5,152.5,20,160.0,0.0,0.0,0.0,0.0,0.0,27
2023-05-10 22:18:47,MA401C2300,MA401C2300,160.0,0.0,0.0,0.0,17,150.5,152.0,10,160.0,0.0,0.0,0.0,0.0,0.0,27
2023-05-10 22:18:47,MA401C2300,MA401C2300,160.0,0.0,0.0,0.0,17,150.5,152.5,20,160.0,0.0,0.0,0.0,0.0,0.0,27
2023-05-10 22:18:52,MA401C2300,MA401C2300,160.0,0.0,0.0,0.0,17,150.5,152.0,10,160.0,0.0,0.0,0.0,0.0,0.0,27
2023-05-10 22:18:52,MA401C2300,MA401C2300,160.0,0.0,0.0,0.0,7,150.5,152.0,10,160.0,0.0,0.0,0.0,0.0,0.0,27
2023-05-10 22:18:58,MA401C2300,MA401C2300,160.0,0.0,0.0,0.0,27,150.5,152.5,10,160.0,0.0,0.0,0.0,0.0,0.0,27
2023-05-10 22:19:01,MA401C2300,MA401C2300,160.0,0.0,0.0,0.0,27,150.5,152.5,20,160.0,0.0,0.0,0.0,0.0,0.0,27
2023-05-10 22:19:02,MA401C2300,MA401C2300,160.0,0.0,0.0,0.0,7,150.5,152.0,10,160.0,0.0,0.0,0.0,0.0,0.0,27
2023-05-10 22:19:02,MA401C2300,MA401C2300,160.0,0.0,0.0,0.0,7,150.5,152.5,20,160.0,0.0,0.0,0.0,0.0,0.0,27
2023-05-10 22:19:06,MA401C2300,MA401C2300,160.0,0.0,0.0,0.0,7,150.5,152.0,20,160.0,0.0,0.0,0.0,0.0,0.0,27
2023-05-10 22:19:08,MA401C2300,MA401C2300,160.0,0.0,0.0,0.0,10,150.0,152.0,20,160.0,0.0,0.0,0.0,0.0,0.0,27
2023-05-10 22:19:08,MA401C2300,MA401C2300,160.0,0.0,0.0,0.0,20,149.5,152.0,20,160.0,0.0,0.0,0.0,0.0,0.0,27
2023-05-10 22:19:09,MA401C2300,MA401C2300,160.0,0.0,0.0,0.0,10,149.0,151.5,10,160.0,0.0,0.0,0.0,0.0,0.0,27
2023-05-10 22:19:10,MA401C2300,MA401C2300,160.0,0.0,0.0,0.0,20,149.0,151.5,20,160.0,0.0,0.0,0.0,0.0,0.0,27
2023-05-10 22:19:13,MA401C2300,MA401C2300,160.0,0.0,0.0,0.0,7,149.5,151.5,20,160.0,0.0,0.0,0.0,0.0,0.0,27
2023-05-10 22:19:20,MA401C2300,MA401C2300,160.0,0.0,0.0,0.0,7,149.5,151.0,10,160.0,0.0,0.0,0.0,0.0,0.0,27
2023-05-10 22:19:20,MA401C2300,MA401C2300,160.0,0.0,0.0,0.0,7,149.5,151.5,20,160.0,0.0,0.0,0.0,0.0,0.0,27
2023-05-10 22:19:21,MA401C2300,MA401C2300,160.0,0.0,0.0,0.0,7,149.5,151.0,20,160.0,0.0,0.0,0.0,0.0,0.0,27
2023-05-10 22:19:27,MA401C2300,MA401C2300,160.0,0.0,0.0,0.0,10,149.0,151.0,20,160.0,0.0,0.0,0.0,0.0,0.0,27
2023-05-10 22:19:28,MA401C2300,MA401C2300,160.0,0.0,0.0,0.0,17,148.5,150.5,10,160.0,0.0,0.0,0.0,0.0,0.0,27
