time,symbol_id,symbol_name,last,trade_volume,trade_amount,open_interest_change,bv1,bp1,ap1,av1,yesterday_close,today_open,today_high,today_low,volume,amount,open_interest
2023-05-10 20:58:56,i2402,i2402,669.0,0.0,0.0,0.0,1,668.5,674.0,11,669.0,670.0,0.0,0.0,0.0,0.0,7589
2023-05-10 21:00:00,i2402,i2402,669.0,2.0,134550.0,2.0,1,668.5,672.5,1,669.0,670.0,0.0,0.0,2.0,134550.0,7591
2023-05-10 21:00:00,i2402,i2402,669.0,0.0,0.0,0.0,11,664.0,671.0,7,669.0,670.0,0.0,0.0,2.0,134550.0,7591
2023-05-10 21:00:01,i2402,i2402,669.0,1.0,67000.0,1.0,1,668.5,671.0,7,669.0,670.0,0.0,0.0,3.0,201550.0,7592
2023-05-10 21:00:01,i2402,i2402,669.0,0.0,0.0,0.0,12,664.5,671.0,7,669.0,670.0,0.0,0.0,3.0,201550.0,7592
2023-05-10 21:00:02,i2402,i2402,669.0,0.0,0.0,0.0,21,665.5,670.5,18,669.0,670.0,0.0,0.0,3.0,201550.0,7592
2023-05-10 21:00:02,i2402,i2402,669.0,0.0,0.0,0.0,5,666.0,671.5,1,669.0,670.0,0.0,0.0,3.0,201550.0,7592
2023-05-10 21:00:03,i2402,i2402,669.0,0.0,0.0,0.0,3,669.0,671.0,1,669.0,670.0,0.0,0.0,3.0,201550.0,7592
2023-05-10 21:00:06,i2402,i2402,669.0,0.0,0.0,0.0,40,669.0,671.0,1,669.0,670.0,0.0,0.0,3.0,201550.0,7592
2023-05-10 21:00:07,i2402,i2402,669.0,0.0,0.0,0.0,43,669.0,671.0,7,669.0,670.0,0.0,0.0,3.0,201550.0,7592
2023-05-10 21:00:07,i2402,i2402,669.0,0.0,0.0,0.0,32,669.0,670.0,25,669.0,670.0,0.0,0.0,3.0,201550.0,7592
2023-05-10 21:00:08,i2402,i2402,669.0,0.0,0.0,0.0,26,669.0,670.0,28,669.0,670.0,0.0,0.0,3.0,201550.0,7592
2023-05-10 21:00:08,i2402,i2402,669.0,0.0,0.0,0.0,26,669.0,670.0,30,669.0,670.0,0.0,0.0,3.0,201550.0,7592
2023-05-10 21:00:09,i2402,i2402,669.0,0.0,0.0,0.0,28,669.0,670.0,34,669.0,670.0,0.0,0.0,3.0,201550.0,7592
2023-05-10 21:00:10,i2402,i2402,669.0,0.0,0.0,0.0,36,669.0,670.0,33,669.0,670.0,0.0,0.0,3.0,201550.0,7592
2023-05-10 21:00:10,i2402,i2402,669.0,0.0,0.0,0.0,39,669.0,670.0,33,669.0,670.0,0.0,0.0,3.0,201550.0,7592
2023-05-10 21:00:11,i2402,i2402,669.0,0.0,0.0,0.0,16,669.0,670.0,23,669.0,670.0,0.0,0.0,3.0,201550.0,7592
2023-05-10 21:00:11,i2402,i2402,669.0,0.0,0.0,0.0,20,669.0,670.0,23,669.0,670.0,0.0,0.0,3.0,201550.0,7592
2023-05-10 21:00:12,i2402,i2402,669.0,0.0,0.0,0.0,42,669.0,670.0,23,669.0,670.0,0.0,0.0,3.0,201550.0,7592
2023-05-10 21:00:12,i2402,i2402,669.0,0.0,0.0,0.0,44,669.0,670.0,20,669.0,670.0,0.0,0.0,3.0,201550.0,7592
2023-05-10 21:00:13,i2402,i2402,669.0,0.0,0.0,0.0,46,669.0,670.0,18,669.0,670.0,0.0,0.0,3.0,201550.0,7592
2023-05-10 21:00:13,i2402,i2402,670.0,1.0,67000.0,0.0,45,669.0,670.0,17,669.0,670.0,670.0,670.0,4.0,268550.0,7592
2023-05-10 21:00:14,i2402,i2402,670.0,0.0,0.0,0.0,40,669.0,670.0,16,669.0,670.0,670.0,670.0,4.0,268550.0,7592
2023-05-10 21:00:14,i2402,i2402,670.0,0.0,0.0,0.0,2,669.5,670.0,14,669.0,670.0,670.0,670.0,4.0,268550.0,7592
2023-05-10 21:00:15,i2402,i2402,670.0,1.0,67000.0,-1.0,2,669.5,670.5,32,669.0,670.0,670.0,670.0,5.0,335550.0,7591
2023-05-10 21:00:15,i2402,i2402,670.0,0.0,0.0,0.0,47,669.0,670.0,2,669.0,670.0,670.0,670.0,5.0,335550.0,7591
2023-05-10 21:00:16,i2402,i2402,670.0,0.0,0.0,0.0,7,669.0,670.0,2,669.0,670.0,670.0,670.0,5.0,335550.0,7591
2023-05-10 21:00:16,i2402,i2402,670.0,0.0,0.0,0.0,9,669.0,670.0,2,669.0,670.0,670.0,670.0,5.0,335550.0,7591
2023-05-10 21:00:17,i2402,i2402,670.0,7.0,469000.0,-3.0,3,669.5,670.5,33,669.0,670.0,670.0,670.0,12.0,804550.0,7588
2023-05-10 21:00:18,i2402,i2402,670.0,1.0,67000.0,1.0,3,669.5,670.5,11,669.0,670.0,670.0,670.0,13.0,871550.0,7589
2023-05-10 21:00:18,i2402,i2402,670.0,0.0,0.0,0.0,59,669.0,670.0,4,669.0,670.0,670.0,670.0,13.0,871550.0,7589
2023-05-10 21:00:19,i2402,i2402,670.0,0.0,0.0,0.0,2,669.5,670.5,12,669.0,670.0,670.0,670.0,13.0,871550.0,7589
2023-05-10 21:00:19,i2402,i2402,670.0,0.0,0.0,0.0,2,669.5,670.5,47,669.0,670.0,670.0,670.0,13.0,871550.0,7589
2023-05-10 21:00:20,i2402,i2402,670.0,0.0,0.0,0.0,2,669.5,670.5,43,669.0,670.0,670.0,670.0,13.0,871550.0,7589
2023-05-10 21:00:20,i2402,i2402,670.0,0.0,0.0,0.0,2,669.5,670.0,6,669.0,670.0,670.0,670.0,13.0,871550.0,7589
2023-05-10 21:00:21,i2402,i2402,670.0,0.0,0.0,0.0,3,669.5,670.5,44,669.0,670.0,670.0,670.0,13.0,871550.0,7589
2023-05-10 21:00:21,i2402,i2402,670.5,2.0,134100.0,1.0,50,669.0,670.5,32,669.0,670.0,670.5,670.0,15.0,1005650.0,7590
2023-05-10 21:00:22,i2402,i2402,670.5,0.0,0.0,0.0,2,669.5,670.5,14,669.0,670.0,670.5,670.0,15.0,1005650.0,7590
2023-05-10 21:00:22,i2402,i2402,670.5,0.0,0.0,0.0,2,669.5,670.5,43,669.0,670.0,670.5,670.0,15.0,1005650.0,7590
2023-05-10 21:00:23,i2402,i2402,670.5,0.0,0.0,0.0,3,669.5,670.5,36,669.0,670.0,670.5,670.0,15.0,1005650.0,7590
2023-05-10 21:00:23,i2402,i2402,670.5,0.0,0.0,0.0,3,669.5,670.5,38,669.0,670.0,670.5,670.0,15.0,1005650.0,7590
2023-05-10 21:00:24,i2402,i2402,670.5,0.0,0.0,0.0,6,669.5,670.5,36,669.0,670.0,670.5,670.0,15.0,1005650.0,7590
2023-05-10 21:00:24,i2402,i2402,670.5,0.0,0.0,0.0,49,669.5,670.5,24,669.0,670.0,670.5,670.0,15.0,1005650.0,7590
2023-05-10 21:00:25,i2402,i2402,670.5,0.0,0.0,0.0,3,670.0,670.5,22,669.0,670.0,670.5,670.0,15.0,1005650.0,7590
2023-05-10 21:00:25,i2402,i2402,670.5,0.0,0.0,0.0,37,669.5,670.5,27,669.0,670.0,670.5,670.0,15.0,1005650.0,7590
2023-05-10 21:00:26,i2402,i2402,670.5,0.0,0.0,0.0,3,670.0,670.5,27,669.0,670.0,670.5,670.0,15.0,1005650.0,7590
2023-05-10 21:00:26,i2402,i2402,670.5,0.0,0.0,0.0,41,669.5,670.5,29,669.0,670.0,670.5,670.0,15.0,1005650.0,7590
2023-05-10 21:00:27,i2402,i2402,670.5,1.0,67050.0,1.0,2,670.0,670.5,29,669.0,670.0,670.5,670.0,16.0,1072700.0,7591
2023-05-10 21:00:27,i2402,i2402,670.5,0.0,0.0,0.0,1,670.0,670.5,29,669.0,670.0,670.5,670.0,16.0,1072700.0,7591
2023-05-10 21:00:28,i2402,i2402,670.5,0.0,0.0,0.0,1,670.0,670.5,27,669.0,670.0,670.5,670.0,16.0,1072700.0,7591
2023-05-10 21:00:28,i2402,i2402,670.5,0.0,0.0,0.0,1,670.0,670.5,6,669.0,670.0,670.5,670.0,16.0,1072700.0,7591
2023-05-10 21:00:29,i2402,i2402,670.5,4.0,268200.0,0.0,5,670.5,671.0,36,669.0,670.0,670.5,670.0,20.0,1340900.0,7591
2023-05-10 21:00:29,i2402,i2402,670.5,0.0,0.0,0.0,7,670.5,671.0,31,669.0,670.0,670.5,670.0,20.0,1340900.0,7591
2023-05-10 21:00:30,i2402,i2402,670.5,0.0,0.0,0.0,7,670.5,671.0,21,669.0,670.0,670.5,670.0,20.0,1340900.0,7591
2023-05-10 21:00:31,i2402,i2402,671.0,27.0,1811700.0,27.0,7,671.0,671.5,32,669.0,670.0,671.0,670.0,47.0,3152600.0,7618
2023-05-10 21:00:31,i2402,i2402,671.0,0.0,0.0,0.0,11,671.0,671.5,11,669.0,670.0,671.0,670.0,47.0,3152600.0,7618
2023-05-10 21:00:32,i2402,i2402,671.0,0.0,0.0,0.0,2,671.5,672.0,108,669.0,670.0,671.0,670.0,47.0,3152600.0,7618
2023-05-10 21:00:32,i2402,i2402,671.5,7.0,470050.0,0.0,14,671.0,672.0,118,669.0,670.0,671.5,670.0,54.0,3622650.0,7618
2023-05-10 21:00:33,i2402,i2402,671.5,0.0,0.0,0.0,9,671.0,672.0,119,669.0,670.0,671.5,670.0,54.0,3622650.0,7618
2023-05-10 21:00:33,i2402,i2402,671.5,0.0,0.0,0.0,8,671.0,672.0,134,669.0,670.0,671.5,670.0,54.0,3622650.0,7618
2023-05-10 21:00:34,i2402,i2402,671.5,0.0,0.0,0.0,9,671.0,672.0,37,669.0,670.0,671.5,670.0,54.0,3622650.0,7618
2023-05-10 21:00:34,i2402,i2402,671.5,0.0,0.0,0.0,6,671.0,672.0,37,669.0,670.0,671.5,670.0,54.0,3622650.0,7618
2023-05-10 21:00:35,i2402,i2402,671.5,0.0,0.0,0.0,6,671.0,672.0,39,669.0,670.0,671.5,670.0,54.0,3622650.0,7618
2023-05-10 21:00:35,i2402,i2402,671.5,0.0,0.0,0.0,6,671.0,672.0,158,669.0,670.0,671.5,670.0,54.0,3622650.0,7618
2023-05-10 21:00:36,i2402,i2402,671.5,0.0,0.0,0.0,6,671.0,672.0,150,669.0,670.0,671.5,670.0,54.0,3622650.0,7618
2023-05-10 21:00:37,i2402,i2402,671.5,0.0,0.0,0.0,6,671.0,672.0,131,669.0,670.0,671.5,670.0,54.0,3622650.0,7618
2023-05-10 21:00:38,i2402,i2402,671.5,0.0,0.0,0.0,6,671.0,672.0,38,669.0,670.0,671.5,670.0,54.0,3622650.0,7618
2023-05-10 21:00:38,i2402,i2402,671.5,0.0,0.0,0.0,6,671.0,672.0,39,669.0,670.0,671.5,670.0,54.0,3622650.0,7618
2023-05-10 21:00:40,i2402,i2402,671.5,0.0,0.0,0.0,6,671.0,671.5,80,669.0,670.0,671.5,670.0,54.0,3622650.0,7618
2023-05-10 21:00:40,i2402,i2402,671.5,0.0,0.0,0.0,4,671.0,671.5,94,669.0,670.0,671.5,670.0,54.0,3622650.0,7618
2023-05-10 21:00:41,i2402,i2402,671.5,0.0,0.0,0.0,4,671.0,671.5,24,669.0,670.0,671.5,670.0,54.0,3622650.0,7618
2023-05-10 21:00:41,i2402,i2402,671.5,0.0,0.0,0.0,2,671.0,671.5,7,669.0,670.0,671.5,670.0,54.0,3622650.0,7618
2023-05-10 21:00:42,i2402,i2402,671.5,0.0,0.0,0.0,4,671.0,672.0,133,669.0,670.0,671.5,670.0,54.0,3622650.0,7618
2023-05-10 21:00:42,i2402,i2402,671.5,0.0,0.0,0.0,4,671.0,672.0,131,669.0,670.0,671.5,670.0,54.0,3622650.0,7618
2023-05-10 21:00:43,i2402,i2402,671.5,0.0,0.0,0.0,4,671.0,672.0,133,669.0,670.0,671.5,670.0,54.0,3622650.0,7618
2023-05-10 21:00:44,i2402,i2402,671.5,0.0,0.0,0.0,4,671.0,672.0,124,669.0,670.0,671.5,670.0,54.0,3622650.0,7618
2023-05-10 21:00:44,i2402,i2402,671.5,0.0,0.0,0.0,4,671.0,672.0,126,669.0,670.0,671.5,670.0,54.0,3622650.0,7618
2023-05-10 21:00:45,i2402,i2402,671.5,0.0,0.0,0.0,4,671.0,672.0,125,669.0,670.0,671.5,670.0,54.0,3622650.0,7618
2023-05-10 21:00:45,i2402,i2402,671.5,0.0,0.0,0.0,4,671.0,672.0,126,669.0,670.0,671.5,670.0,54.0,3622650.0,7618
2023-05-10 21:00:47,i2402,i2402,671.5,0.0,0.0,0.0,4,671.0,672.0,137,669.0,670.0,671.5,670.0,54.0,3622650.0,7618
2023-05-10 21:00:47,i2402,i2402,671.5,0.0,0.0,0.0,4,671.0,672.0,144,669.0,670.0,671.5,670.0,54.0,3622650.0,7618
2023-05-10 21:00:48,i2402,i2402,671.5,0.0,0.0,0.0,4,671.0,672.0,145,669.0,670.0,671.5,670.0,54.0,3622650.0,7618
2023-05-10 21:00:49,i2402,i2402,671.5,0.0,0.0,0.0,4,671.0,672.0,140,669.0,670.0,671.5,670.0,54.0,3622650.0,7618
2023-05-10 21:00:50,i2402,i2402,671.5,0.0,0.0,0.0,4,671.0,672.0,139,669.0,670.0,671.5,670.0,54.0,3622650.0,7618
2023-05-10 21:00:50,i2402,i2402,671.5,0.0,0.0,0.0,4,671.0,672.0,133,669.0,670.0,671.5,670.0,54.0,3622650.0,7618
2023-05-10 21:00:51,i2402,i2402,671.5,0.0,0.0,0.0,4,671.0,672.0,129,669.0,670.0,671.5,670.0,54.0,3622650.0,7618
2023-05-10 21:00:51,i2402,i2402,671.5,0.0,0.0,0.0,9,671.0,672.0,47,669.0,670.0,671.5,670.0,54.0,3622650.0,7618
2023-05-10 21:00:52,i2402,i2402,671.5,0.0,0.0,0.0,48,671.0,672.0,9,669.0,670.0,671.5,670.0,54.0,3622650.0,7618
2023-05-10 21:00:52,i2402,i2402,671.5,0.0,0.0,0.0,2,671.5,672.5,96,669.0,670.0,671.5,670.0,54.0,3622650.0,7618
2023-05-10 21:00:53,i2402,i2402,671.5,4.0,268600.0,-4.0,18,671.0,672.0,6,669.0,670.0,671.5,670.0,58.0,3891250.0,7614
2023-05-10 21:00:53,i2402,i2402,671.5,0.0,0.0,0.0,16,671.0,671.5,2,669.0,670.0,671.5,670.0,58.0,3891250.0,7614
2023-05-10 21:00:54,i2402,i2402,671.5,0.0,0.0,0.0,9,671.0,671.5,2,669.0,670.0,671.5,670.0,58.0,3891250.0,7614
2023-05-10 21:00:54,i2402,i2402,671.5,0.0,0.0,0.0,6,671.0,671.5,2,669.0,670.0,671.5,670.0,58.0,3891250.0,7614
2023-05-10 21:00:58,i2402,i2402,671.5,0.0,0.0,0.0,4,671.0,671.5,2,669.0,670.0,671.5,670.0,58.0,3891250.0,7614
2023-05-10 21:00:58,i2402,i2402,671.0,4.0,268400.0,-2.0,78,670.5,671.5,2,669.0,670.0,671.5,670.0,62.0,4159650.0,7612
2023-05-10 21:00:59,i2402,i2402,671.0,0.0,0.0,0.0,66,670.5,671.5,2,669.0,670.0,671.5,670.0,62.0,4159650.0,7612
2023-05-10 21:00:59,i2402,i2402,671.0,0.0,0.0,0.0,77,670.5,671.5,2,669.0,670.0,671.5,670.0,62.0,4159650.0,7612
2023-05-10 21:01:00,i2402,i2402,671.0,0.0,0.0,0.0,42,670.5,671.5,2,669.0,670.0,671.5,670.0,62.0,4159650.0,7612
2023-05-10 21:01:00,i2402,i2402,671.0,0.0,0.0,0.0,11,670.5,671.0,2,669.0,670.0,671.5,670.0,62.0,4159650.0,7612
2023-05-10 21:01:01,i2402,i2402,671.0,0.0,0.0,0.0,5,670.5,671.0,2,669.0,670.0,671.5,670.0,62.0,4159650.0,7612
2023-05-10 21:01:01,i2402,i2402,671.0,0.0,0.0,0.0,4,670.5,671.0,2,669.0,670.0,671.5,670.0,62.0,4159650.0,7612
2023-05-10 21:01:06,i2402,i2402,671.0,0.0,0.0,0.0,11,670.5,671.0,2,669.0,670.0,671.5,670.0,62.0,4159650.0,7612
2023-05-10 21:01:06,i2402,i2402,671.0,2.0,134200.0,0.0,22,670.5,671.5,24,669.0,670.0,671.5,670.0,64.0,4293850.0,7612
2023-05-10 21:01:07,i2402,i2402,671.0,0.0,0.0,0.0,15,670.5,671.5,24,669.0,670.0,671.5,670.0,64.0,4293850.0,7612
2023-05-10 21:01:07,i2402,i2402,671.0,0.0,0.0,0.0,9,670.5,671.5,24,669.0,670.0,671.5,670.0,64.0,4293850.0,7612
2023-05-10 21:01:08,i2402,i2402,671.0,0.0,0.0,0.0,23,670.5,671.5,24,669.0,670.0,671.5,670.0,64.0,4293850.0,7612
2023-05-10 21:01:08,i2402,i2402,671.0,0.0,0.0,0.0,43,670.5,671.5,18,669.0,670.0,671.5,670.0,64.0,4293850.0,7612
2023-05-10 21:01:09,i2402,i2402,671.0,0.0,0.0,0.0,69,670.5,671.5,16,669.0,670.0,671.5,670.0,64.0,4293850.0,7612
2023-05-10 21:01:09,i2402,i2402,671.0,0.0,0.0,0.0,61,670.5,671.5,16,669.0,670.0,671.5,670.0,64.0,4293850.0,7612
2023-05-10 21:01:10,i2402,i2402,671.0,0.0,0.0,0.0,60,670.5,671.5,18,669.0,670.0,671.5,670.0,64.0,4293850.0,7612
2023-05-10 21:01:10,i2402,i2402,671.0,0.0,0.0,0.0,2,671.0,671.5,14,669.0,670.0,671.5,670.0,64.0,4293850.0,7612
2023-05-10 21:01:11,i2402,i2402,671.0,0.0,0.0,0.0,66,670.5,671.5,16,669.0,670.0,671.5,670.0,64.0,4293850.0,7612
2023-05-10 21:01:11,i2402,i2402,671.0,0.0,0.0,0.0,68,670.5,671.5,16,669.0,670.0,671.5,670.0,64.0,4293850.0,7612
2023-05-10 21:01:12,i2402,i2402,671.0,0.0,0.0,0.0,2,671.0,671.5,12,669.0,670.0,671.5,670.0,64.0,4293850.0,7612
2023-05-10 21:01:12,i2402,i2402,671.0,0.0,0.0,0.0,2,671.0,671.5,6,669.0,670.0,671.5,670.0,64.0,4293850.0,7612
2023-05-10 21:01:14,i2402,i2402,671.0,0.0,0.0,0.0,2,671.0,672.0,172,669.0,670.0,671.5,670.0,64.0,4293850.0,7612
2023-05-10 21:01:15,i2402,i2402,671.0,0.0,0.0,0.0,2,671.0,672.0,157,669.0,670.0,671.5,670.0,64.0,4293850.0,7612
2023-05-10 21:01:16,i2402,i2402,671.0,0.0,0.0,0.0,2,671.0,672.0,156,669.0,670.0,671.5,670.0,64.0,4293850.0,7612
2023-05-10 21:01:17,i2402,i2402,671.0,0.0,0.0,0.0,2,671.0,672.0,158,669.0,670.0,671.5,670.0,64.0,4293850.0,7612
2023-05-10 21:01:18,i2402,i2402,671.0,0.0,0.0,0.0,2,671.0,672.0,159,669.0,670.0,671.5,670.0,64.0,4293850.0,7612
2023-05-10 21:01:19,i2402,i2402,671.0,0.0,0.0,0.0,2,671.0,672.0,154,669.0,670.0,671.5,670.0,64.0,4293850.0,7612
2023-05-10 21:01:19,i2402,i2402,671.0,0.0,0.0,0.0,2,671.0,671.5,6,669.0,670.0,671.5,670.0,64.0,4293850.0,7612
2023-05-10 21:01:20,i2402,i2402,671.0,0.0,0.0,0.0,75,670.5,671.5,6,669.0,670.0,671.5,670.0,64.0,4293850.0,7612
2023-05-10 21:01:21,i2402,i2402,671.0,0.0,0.0,0.0,74,670.5,671.5,6,669.0,670.0,671.5,670.0,64.0,4293850.0,7612
2023-05-10 21:01:23,i2402,i2402,671.0,0.0,0.0,0.0,3,671.0,672.0,141,669.0,670.0,671.5,670.0,64.0,4293850.0,7612
2023-05-10 21:01:24,i2402,i2402,671.0,0.0,0.0,0.0,2,671.0,671.5,6,669.0,670.0,671.5,670.0,64.0,4293850.0,7612
2023-05-10 21:01:24,i2402,i2402,671.0,0.0,0.0,0.0,79,670.5,671.5,2,669.0,670.0,671.5,670.0,64.0,4293850.0,7612
2023-05-10 21:01:25,i2402,i2402,671.0,0.0,0.0,0.0,77,670.5,671.5,2,669.0,670.0,671.5,670.0,64.0,4293850.0,7612
2023-05-10 21:01:25,i2402,i2402,671.0,0.0,0.0,0.0,76,670.5,671.5,2,669.0,670.0,671.5,670.0,64.0,4293850.0,7612
2023-05-10 21:01:26,i2402,i2402,671.0,0.0,0.0,0.0,2,671.0,671.5,2,669.0,670.0,671.5,670.0,64.0,4293850.0,7612
2023-05-10 21:01:26,i2402,i2402,671.0,0.0,0.0,0.0,2,671.5,672.0,129,669.0,670.0,671.5,670.0,64.0,4293850.0,7612
2023-05-10 21:01:27,i2402,i2402,671.5,2.0,134300.0,0.0,4,671.0,671.5,2,669.0,670.0,671.5,670.0,66.0,4428150.0,7612
2023-05-10 21:01:27,i2402,i2402,671.5,0.0,0.0,0.0,70,670.5,671.5,2,669.0,670.0,671.5,670.0,66.0,4428150.0,7612
2023-05-10 21:01:28,i2402,i2402,671.5,0.0,0.0,0.0,69,670.5,671.5,2,669.0,670.0,671.5,670.0,66.0,4428150.0,7612
2023-05-10 21:01:28,i2402,i2402,671.5,0.0,0.0,0.0,4,671.0,672.0,132,669.0,670.0,671.5,670.0,66.0,4428150.0,7612
2023-05-10 21:01:29,i2402,i2402,671.5,0.0,0.0,0.0,4,671.0,672.0,133,669.0,670.0,671.5,670.0,66.0,4428150.0,7612
2023-05-10 21:01:30,i2402,i2402,671.5,0.0,0.0,0.0,4,671.0,672.0,134,669.0,670.0,671.5,670.0,66.0,4428150.0,7612
2023-05-10 21:01:30,i2402,i2402,671.5,0.0,0.0,0.0,2,671.0,671.5,2,669.0,670.0,671.5,670.0,66.0,4428150.0,7612
2023-05-10 21:01:31,i2402,i2402,671.5,0.0,0.0,0.0,4,671.0,672.0,122,669.0,670.0,671.5,670.0,66.0,4428150.0,7612
2023-05-10 21:01:31,i2402,i2402,671.5,0.0,0.0,0.0,4,671.0,672.0,127,669.0,670.0,671.5,670.0,66.0,4428150.0,7612
2023-05-10 21:01:32,i2402,i2402,671.5,0.0,0.0,0.0,4,671.0,672.0,126,669.0,670.0,671.5,670.0,66.0,4428150.0,7612
2023-05-10 21:01:32,i2402,i2402,671.5,0.0,0.0,0.0,4,671.0,672.0,125,669.0,670.0,671.5,670.0,66.0,4428150.0,7612
2023-05-10 21:01:33,i2402,i2402,671.5,0.0,0.0,0.0,4,671.0,672.0,124,669.0,670.0,671.5,670.0,66.0,4428150.0,7612
2023-05-10 21:01:34,i2402,i2402,671.5,0.0,0.0,0.0,4,671.0,672.0,126,669.0,670.0,671.5,670.0,66.0,4428150.0,7612
2023-05-10 21:01:34,i2402,i2402,671.5,0.0,0.0,0.0,4,671.0,672.0,123,669.0,670.0,671.5,670.0,66.0,4428150.0,7612
2023-05-10 21:01:35,i2402,i2402,671.5,0.0,0.0,0.0,4,671.0,672.0,126,669.0,670.0,671.5,670.0,66.0,4428150.0,7612
2023-05-10 21:01:35,i2402,i2402,671.5,0.0,0.0,0.0,4,671.0,672.0,121,669.0,670.0,671.5,670.0,66.0,4428150.0,7612
2023-05-10 21:01:36,i2402,i2402,671.5,0.0,0.0,0.0,4,671.0,672.0,91,669.0,670.0,671.5,670.0,66.0,4428150.0,7612
2023-05-10 21:01:37,i2402,i2402,671.5,1.0,67150.0,0.0,10,671.0,672.0,21,669.0,670.0,671.5,670.0,67.0,4495300.0,7612
2023-05-10 21:01:37,i2402,i2402,671.5,2.0,134300.0,2.0,2,671.5,672.0,22,669.0,670.0,671.5,670.0,69.0,4629600.0,7614
2023-05-10 21:01:38,i2402,i2402,671.5,0.0,0.0,0.0,2,671.5,672.0,12,669.0,670.0,671.5,670.0,69.0,4629600.0,7614
2023-05-10 21:01:38,i2402,i2402,671.5,0.0,0.0,0.0,2,671.5,672.0,6,669.0,670.0,671.5,670.0,69.0,4629600.0,7614
2023-05-10 21:01:39,i2402,i2402,671.5,0.0,0.0,0.0,2,671.5,672.5,89,669.0,670.0,671.5,670.0,69.0,4629600.0,7614
2023-05-10 21:01:39,i2402,i2402,671.5,0.0,0.0,0.0,7,671.5,672.5,37,669.0,670.0,671.5,670.0,69.0,4629600.0,7614
2023-05-10 21:01:40,i2402,i2402,671.5,0.0,0.0,0.0,65,671.5,672.5,25,669.0,670.0,671.5,670.0,69.0,4629600.0,7614
2023-05-10 21:01:40,i2402,i2402,671.5,0.0,0.0,0.0,2,672.0,672.5,20,669.0,670.0,671.5,670.0,69.0,4629600.0,7614
2023-05-10 21:01:41,i2402,i2402,671.5,0.0,0.0,0.0,2,672.0,672.5,22,669.0,670.0,671.5,670.0,69.0,4629600.0,7614
2023-05-10 21:01:42,i2402,i2402,672.0,2.0,134400.0,-2.0,64,671.5,672.5,24,669.0,670.0,672.0,670.0,71.0,4764000.0,7612
2023-05-10 21:01:43,i2402,i2402,672.0,0.0,0.0,0.0,25,671.5,672.5,26,669.0,670.0,672.0,670.0,71.0,4764000.0,7612
2023-05-10 21:01:43,i2402,i2402,672.0,0.0,0.0,0.0,11,671.5,672.5,54,669.0,670.0,672.0,670.0,71.0,4764000.0,7612
2023-05-10 21:01:44,i2402,i2402,672.0,0.0,0.0,0.0,7,671.5,672.0,2,669.0,670.0,672.0,670.0,71.0,4764000.0,7612
2023-05-10 21:01:44,i2402,i2402,672.0,0.0,0.0,0.0,2,671.5,672.0,2,669.0,670.0,672.0,670.0,71.0,4764000.0,7612
2023-05-10 21:01:45,i2402,i2402,672.0,0.0,0.0,0.0,75,671.0,672.0,6,669.0,670.0,672.0,670.0,71.0,4764000.0,7612
2023-05-10 21:01:45,i2402,i2402,672.0,0.0,0.0,0.0,71,671.0,672.0,6,669.0,670.0,672.0,670.0,71.0,4764000.0,7612
2023-05-10 21:01:46,i2402,i2402,672.0,0.0,0.0,0.0,2,671.5,672.0,2,669.0,670.0,672.0,670.0,71.0,4764000.0,7612
2023-05-10 21:01:46,i2402,i2402,672.0,0.0,0.0,0.0,2,671.5,672.5,138,669.0,670.0,672.0,670.0,71.0,4764000.0,7612
2023-05-10 21:01:47,i2402,i2402,672.0,0.0,0.0,0.0,2,671.5,672.5,137,669.0,670.0,672.0,670.0,71.0,4764000.0,7612
2023-05-10 21:01:47,i2402,i2402,672.0,0.0,0.0,0.0,2,671.5,672.5,138,669.0,670.0,672.0,670.0,71.0,4764000.0,7612
2023-05-10 21:01:48,i2402,i2402,672.0,0.0,0.0,0.0,2,671.5,672.5,135,669.0,670.0,672.0,670.0,71.0,4764000.0,7612
2023-05-10 21:01:48,i2402,i2402,672.0,0.0,0.0,0.0,72,671.0,672.0,2,669.0,670.0,672.0,670.0,71.0,4764000.0,7612
2023-05-10 21:01:49,i2402,i2402,672.0,0.0,0.0,0.0,74,671.0,672.0,2,669.0,670.0,672.0,670.0,71.0,4764000.0,7612
2023-05-10 21:01:50,i2402,i2402,672.0,0.0,0.0,0.0,71,671.0,672.0,2,669.0,670.0,672.0,670.0,71.0,4764000.0,7612
2023-05-10 21:01:51,i2402,i2402,672.0,0.0,0.0,0.0,4,671.5,672.0,5,669.0,670.0,672.0,670.0,71.0,4764000.0,7612
2023-05-10 21:01:51,i2402,i2402,671.5,2.0,134300.0,-2.0,45,671.0,672.0,83,669.0,670.0,672.0,670.0,73.0,4898300.0,7610
2023-05-10 21:01:52,i2402,i2402,671.5,0.0,0.0,0.0,43,671.0,672.0,96,669.0,670.0,672.0,670.0,73.0,4898300.0,7610
2023-05-10 21:01:52,i2402,i2402,671.5,0.0,0.0,0.0,45,671.0,672.0,71,669.0,670.0,672.0,670.0,73.0,4898300.0,7610
2023-05-10 21:01:53,i2402,i2402,671.5,0.0,0.0,0.0,42,671.0,672.0,78,669.0,670.0,672.0,670.0,73.0,4898300.0,7610
2023-05-10 21:01:53,i2402,i2402,671.5,0.0,0.0,0.0,43,671.0,672.0,108,669.0,670.0,672.0,670.0,73.0,4898300.0,7610
2023-05-10 21:01:54,i2402,i2402,671.5,0.0,0.0,0.0,40,671.0,672.0,111,669.0,670.0,672.0,670.0,73.0,4898300.0,7610
2023-05-10 21:01:54,i2402,i2402,671.5,0.0,0.0,0.0,40,671.0,672.0,129,669.0,670.0,672.0,670.0,73.0,4898300.0,7610
2023-05-10 21:01:55,i2402,i2402,671.5,0.0,0.0,0.0,39,671.0,672.0,130,669.0,670.0,672.0,670.0,73.0,4898300.0,7610
2023-05-10 21:01:55,i2402,i2402,671.5,0.0,0.0,0.0,38,671.0,672.0,128,669.0,670.0,672.0,670.0,73.0,4898300.0,7610
2023-05-10 21:01:56,i2402,i2402,671.5,0.0,0.0,0.0,42,671.0,672.0,127,669.0,670.0,672.0,670.0,73.0,4898300.0,7610
2023-05-10 21:01:56,i2402,i2402,671.5,0.0,0.0,0.0,40,671.0,672.0,129,669.0,670.0,672.0,670.0,73.0,4898300.0,7610
2023-05-10 21:01:58,i2402,i2402,671.5,0.0,0.0,0.0,43,671.0,672.0,109,669.0,670.0,672.0,670.0,73.0,4898300.0,7610
2023-05-10 21:01:58,i2402,i2402,671.5,0.0,0.0,0.0,57,671.0,672.0,52,669.0,670.0,672.0,670.0,73.0,4898300.0,7610
2023-05-10 21:01:59,i2402,i2402,671.5,0.0,0.0,0.0,53,671.0,672.0,62,669.0,670.0,672.0,670.0,73.0,4898300.0,7610
2023-05-10 21:01:59,i2402,i2402,671.5,0.0,0.0,0.0,48,671.0,672.0,71,669.0,670.0,672.0,670.0,73.0,4898300.0,7610
2023-05-10 21:02:00,i2402,i2402,671.5,0.0,0.0,0.0,46,671.0,672.0,109,669.0,670.0,672.0,670.0,73.0,4898300.0,7610
2023-05-10 21:02:00,i2402,i2402,671.5,0.0,0.0,0.0,48,671.0,672.0,73,669.0,670.0,672.0,670.0,73.0,4898300.0,7610
2023-05-10 21:02:01,i2402,i2402,671.5,0.0,0.0,0.0,48,671.0,672.0,65,669.0,670.0,672.0,670.0,73.0,4898300.0,7610
2023-05-10 21:02:02,i2402,i2402,671.5,0.0,0.0,0.0,20,671.0,672.0,40,669.0,670.0,672.0,670.0,73.0,4898300.0,7610
2023-05-10 21:02:03,i2402,i2402,671.5,0.0,0.0,0.0,30,671.0,672.0,21,669.0,670.0,672.0,670.0,73.0,4898300.0,7610
2023-05-10 21:02:03,i2402,i2402,671.5,0.0,0.0,0.0,22,671.0,672.0,6,669.0,670.0,672.0,670.0,73.0,4898300.0,7610
2023-05-10 21:02:04,i2402,i2402,671.5,0.0,0.0,0.0,16,671.5,672.0,2,669.0,670.0,672.0,670.0,73.0,4898300.0,7610
2023-05-10 21:02:04,i2402,i2402,671.5,0.0,0.0,0.0,28,671.5,672.0,2,669.0,670.0,672.0,670.0,73.0,4898300.0,7610
2023-05-10 21:02:05,i2402,i2402,671.5,0.0,0.0,0.0,26,671.5,672.0,2,669.0,670.0,672.0,670.0,73.0,4898300.0,7610
2023-05-10 21:02:05,i2402,i2402,671.5,0.0,0.0,0.0,29,671.5,672.0,2,669.0,670.0,672.0,670.0,73.0,4898300.0,7610
2023-05-10 21:02:06,i2402,i2402,671.5,0.0,0.0,0.0,35,671.5,672.5,122,669.0,670.0,672.0,670.0,73.0,4898300.0,7610
2023-05-10 21:02:06,i2402,i2402,671.5,0.0,0.0,0.0,27,671.5,672.0,6,669.0,670.0,672.0,670.0,73.0,4898300.0,7610
2023-05-10 21:02:07,i2402,i2402,671.5,0.0,0.0,0.0,27,671.5,672.5,41,669.0,670.0,672.0,670.0,73.0,4898300.0,7610
2023-05-10 21:02:07,i2402,i2402,671.5,0.0,0.0,0.0,27,671.5,672.0,32,669.0,670.0,672.0,670.0,73.0,4898300.0,7610
2023-05-10 21:02:08,i2402,i2402,671.5,0.0,0.0,0.0,19,671.5,672.0,40,669.0,670.0,672.0,670.0,73.0,4898300.0,7610
2023-05-10 21:02:08,i2402,i2402,671.5,0.0,0.0,0.0,17,671.5,672.0,42,669.0,670.0,672.0,670.0,73.0,4898300.0,7610
2023-05-10 21:02:09,i2402,i2402,671.5,0.0,0.0,0.0,16,671.5,672.0,42,669.0,670.0,672.0,670.0,73.0,4898300.0,7610
2023-05-10 21:02:10,i2402,i2402,671.5,0.0,0.0,0.0,16,671.5,672.0,34,669.0,670.0,672.0,670.0,73.0,4898300.0,7610
2023-05-10 21:02:11,i2402,i2402,671.5,0.0,0.0,0.0,17,671.5,672.0,36,669.0,670.0,672.0,670.0,73.0,4898300.0,7610
2023-05-10 21:02:11,i2402,i2402,671.5,0.0,0.0,0.0,16,671.5,672.0,42,669.0,670.0,672.0,670.0,73.0,4898300.0,7610
2023-05-10 21:02:12,i2402,i2402,671.5,0.0,0.0,0.0,17,671.5,672.0,42,669.0,670.0,672.0,670.0,73.0,4898300.0,7610
2023-05-10 21:02:13,i2402,i2402,671.5,0.0,0.0,0.0,17,671.5,672.0,30,669.0,670.0,672.0,670.0,73.0,4898300.0,7610
2023-05-10 21:02:13,i2402,i2402,671.5,0.0,0.0,0.0,16,671.5,672.0,28,669.0,670.0,672.0,670.0,73.0,4898300.0,7610
2023-05-10 21:02:14,i2402,i2402,671.5,0.0,0.0,0.0,17,671.5,672.0,28,669.0,670.0,672.0,670.0,73.0,4898300.0,7610
2023-05-10 21:02:14,i2402,i2402,671.5,0.0,0.0,0.0,16,671.5,672.0,46,669.0,670.0,672.0,670.0,73.0,4898300.0,7610
2023-05-10 21:02:14,i2402,i2402,671.5,0.0,0.0,0.0,17,671.5,672.0,46,669.0,670.0,672.0,670.0,73.0,4898300.0,7610
2023-05-10 21:02:15,i2402,i2402,671.5,0.0,0.0,0.0,18,671.5,672.0,45,669.0,670.0,672.0,670.0,73.0,4898300.0,7610
2023-05-10 21:02:16,i2402,i2402,671.5,0.0,0.0,0.0,20,671.5,672.0,48,669.0,670.0,672.0,670.0,73.0,4898300.0,7610
2023-05-10 21:02:16,i2402,i2402,671.5,0.0,0.0,0.0,22,671.5,672.0,16,669.0,670.0,672.0,670.0,73.0,4898300.0,7610
2023-05-10 21:02:17,i2402,i2402,671.5,0.0,0.0,0.0,28,671.5,672.5,118,669.0,670.0,672.0,670.0,73.0,4898300.0,7610
2023-05-10 21:02:17,i2402,i2402,671.5,0.0,0.0,0.0,34,671.5,672.5,118,669.0,670.0,672.0,670.0,73.0,4898300.0,7610
2023-05-10 21:02:18,i2402,i2402,671.5,0.0,0.0,0.0,32,671.5,672.5,114,669.0,670.0,672.0,670.0,73.0,4898300.0,7610
2023-05-10 21:02:18,i2402,i2402,671.5,0.0,0.0,0.0,34,671.5,672.5,114,669.0,670.0,672.0,670.0,73.0,4898300.0,7610
2023-05-10 21:02:19,i2402,i2402,671.5,0.0,0.0,0.0,34,671.5,672.5,122,669.0,670.0,672.0,670.0,73.0,4898300.0,7610
2023-05-10 21:02:19,i2402,i2402,671.5,0.0,0.0,0.0,34,671.5,672.5,102,669.0,670.0,672.0,670.0,73.0,4898300.0,7610
2023-05-10 21:02:20,i2402,i2402,671.5,0.0,0.0,0.0,32,671.5,672.0,16,669.0,670.0,672.0,670.0,73.0,4898300.0,7610
2023-05-10 21:02:20,i2402,i2402,671.5,0.0,0.0,0.0,31,671.5,672.0,24,669.0,670.0,672.0,670.0,73.0,4898300.0,7610
2023-05-10 21:02:21,i2402,i2402,671.5,0.0,0.0,0.0,27,671.5,672.0,31,669.0,670.0,672.0,670.0,73.0,4898300.0,7610
2023-05-10 21:02:21,i2402,i2402,671.5,0.0,0.0,0.0,6,671.5,672.0,59,669.0,670.0,672.0,670.0,73.0,4898300.0,7610
2023-05-10 21:02:22,i2402,i2402,671.5,0.0,0.0,0.0,52,671.0,672.0,89,669.0,670.0,672.0,670.0,73.0,4898300.0,7610
2023-05-10 21:02:22,i2402,i2402,671.5,0.0,0.0,0.0,41,671.0,671.5,4,669.0,670.0,672.0,670.0,73.0,4898300.0,7610
2023-05-10 21:02:23,i2402,i2402,671.5,0.0,0.0,0.0,46,671.0,672.0,67,669.0,670.0,672.0,670.0,73.0,4898300.0,7610
2023-05-10 21:02:23,i2402,i2402,671.5,0.0,0.0,0.0,40,671.0,671.5,2,669.0,670.0,672.0,670.0,73.0,4898300.0,7610
2023-05-10 21:02:24,i2402,i2402,671.5,0.0,0.0,0.0,44,671.0,671.5,2,669.0,670.0,672.0,670.0,73.0,4898300.0,7610
2023-05-10 21:02:24,i2402,i2402,671.5,0.0,0.0,0.0,46,671.0,671.5,2,669.0,670.0,672.0,670.0,73.0,4898300.0,7610
2023-05-10 21:02:25,i2402,i2402,671.5,0.0,0.0,0.0,49,671.0,671.5,2,669.0,670.0,672.0,670.0,73.0,4898300.0,7610
2023-05-10 21:02:26,i2402,i2402,671.5,2.0,134300.0,0.0,52,671.0,672.0,33,669.0,670.0,672.0,670.0,75.0,5032600.0,7610
2023-05-10 21:02:26,i2402,i2402,671.5,0.0,0.0,0.0,83,671.0,672.0,17,669.0,670.0,672.0,670.0,75.0,5032600.0,7610
2023-05-10 21:02:27,i2402,i2402,671.5,0.0,0.0,0.0,2,671.5,672.0,2,669.0,670.0,672.0,670.0,75.0,5032600.0,7610
2023-05-10 21:02:27,i2402,i2402,671.5,0.0,0.0,0.0,2,671.5,672.5,126,669.0,670.0,672.0,670.0,75.0,5032600.0,7610
2023-05-10 21:02:28,i2402,i2402,671.5,0.0,0.0,0.0,4,671.5,672.5,136,669.0,670.0,672.0,670.0,75.0,5032600.0,7610
2023-05-10 21:02:28,i2402,i2402,671.5,1.0,67150.0,0.0,2,671.5,672.0,2,669.0,670.0,672.0,670.0,76.0,5099750.0,7610
2023-05-10 21:02:29,i2402,i2402,671.5,0.0,0.0,0.0,103,671.0,672.0,4,669.0,670.0,672.0,670.0,76.0,5099750.0,7610
2023-05-10 21:02:29,i2402,i2402,671.5,0.0,0.0,0.0,2,671.5,672.0,4,669.0,670.0,672.0,670.0,76.0,5099750.0,7610
2023-05-10 21:02:30,i2402,i2402,671.5,0.0,0.0,0.0,2,671.5,672.0,2,669.0,670.0,672.0,670.0,76.0,5099750.0,7610
2023-05-10 21:02:31,i2402,i2402,671.5,0.0,0.0,0.0,4,671.5,672.5,100,669.0,670.0,672.0,670.0,76.0,5099750.0,7610
2023-05-10 21:02:31,i2402,i2402,671.5,0.0,0.0,0.0,5,671.5,672.5,89,669.0,670.0,672.0,670.0,76.0,5099750.0,7610
2023-05-10 21:02:32,i2402,i2402,671.5,0.0,0.0,0.0,5,671.5,672.0,2,669.0,670.0,672.0,670.0,76.0,5099750.0,7610
2023-05-10 21:02:36,i2402,i2402,671.5,0.0,0.0,0.0,4,671.5,672.0,2,669.0,670.0,672.0,670.0,76.0,5099750.0,7610
2023-05-10 21:02:37,i2402,i2402,671.5,0.0,0.0,0.0,2,671.5,672.0,4,669.0,670.0,672.0,670.0,76.0,5099750.0,7610
2023-05-10 21:02:37,i2402,i2402,671.5,0.0,0.0,0.0,2,671.5,672.0,6,669.0,670.0,672.0,670.0,76.0,5099750.0,7610
2023-05-10 21:02:38,i2402,i2402,671.5,0.0,0.0,0.0,108,671.0,672.0,4,669.0,670.0,672.0,670.0,76.0,5099750.0,7610
2023-05-10 21:02:38,i2402,i2402,671.5,0.0,0.0,0.0,2,671.5,672.5,138,669.0,670.0,672.0,670.0,76.0,5099750.0,7610
2023-05-10 21:02:39,i2402,i2402,671.5,0.0,0.0,0.0,2,671.5,672.5,133,669.0,670.0,672.0,670.0,76.0,5099750.0,7610
2023-05-10 21:02:39,i2402,i2402,671.5,0.0,0.0,0.0,2,671.5,672.0,2,669.0,670.0,672.0,670.0,76.0,5099750.0,7610
2023-05-10 21:02:40,i2402,i2402,671.5,0.0,0.0,0.0,4,671.5,672.5,104,669.0,670.0,672.0,670.0,76.0,5099750.0,7610
2023-05-10 21:02:40,i2402,i2402,671.5,0.0,0.0,0.0,2,671.5,672.0,4,669.0,670.0,672.0,670.0,76.0,5099750.0,7610
2023-05-10 21:02:41,i2402,i2402,671.5,0.0,0.0,0.0,4,671.5,672.0,2,669.0,670.0,672.0,670.0,76.0,5099750.0,7610
2023-05-10 21:02:41,i2402,i2402,671.5,0.0,0.0,0.0,4,671.5,672.5,106,669.0,670.0,672.0,670.0,76.0,5099750.0,7610
2023-05-10 21:02:42,i2402,i2402,671.5,0.0,0.0,0.0,2,671.5,672.0,4,669.0,670.0,672.0,670.0,76.0,5099750.0,7610
2023-05-10 21:02:42,i2402,i2402,671.5,0.0,0.0,0.0,2,671.5,672.0,2,669.0,670.0,672.0,670.0,76.0,5099750.0,7610
2023-05-10 21:02:43,i2402,i2402,671.5,0.0,0.0,0.0,2,671.5,672.5,110,669.0,670.0,672.0,670.0,76.0,5099750.0,7610
2023-05-10 21:02:43,i2402,i2402,671.5,0.0,0.0,0.0,4,671.5,672.5,94,669.0,670.0,672.0,670.0,76.0,5099750.0,7610
2023-05-10 21:02:44,i2402,i2402,671.5,0.0,0.0,0.0,2,671.5,672.0,2,669.0,670.0,672.0,670.0,76.0,5099750.0,7610
2023-05-10 21:02:45,i2402,i2402,671.5,0.0,0.0,0.0,109,671.0,672.0,2,669.0,670.0,672.0,670.0,76.0,5099750.0,7610
2023-05-10 21:02:45,i2402,i2402,671.5,0.0,0.0,0.0,106,671.0,672.0,2,669.0,670.0,672.0,670.0,76.0,5099750.0,7610
2023-05-10 21:02:46,i2402,i2402,671.5,0.0,0.0,0.0,104,671.0,672.0,2,669.0,670.0,672.0,670.0,76.0,5099750.0,7610
2023-05-10 21:02:46,i2402,i2402,671.5,0.0,0.0,0.0,4,671.5,672.5,109,669.0,670.0,672.0,670.0,76.0,5099750.0,7610
2023-05-10 21:02:47,i2402,i2402,671.5,0.0,0.0,0.0,2,671.5,672.0,2,669.0,670.0,672.0,670.0,76.0,5099750.0,7610
2023-05-10 21:02:49,i2402,i2402,671.5,0.0,0.0,0.0,4,671.5,672.0,2,669.0,670.0,672.0,670.0,76.0,5099750.0,7610
2023-05-10 21:02:49,i2402,i2402,671.5,0.0,0.0,0.0,2,671.5,672.0,2,669.0,670.0,672.0,670.0,76.0,5099750.0,7610
2023-05-10 21:03:01,i2402,i2402,671.5,0.0,0.0,0.0,6,671.5,672.0,2,669.0,670.0,672.0,670.0,76.0,5099750.0,7610
2023-05-10 21:03:03,i2402,i2402,671.5,0.0,0.0,0.0,77,671.0,672.0,6,669.0,670.0,672.0,670.0,76.0,5099750.0,7610
2023-05-10 21:03:04,i2402,i2402,671.5,0.0,0.0,0.0,81,671.0,672.0,6,669.0,670.0,672.0,670.0,76.0,5099750.0,7610
2023-05-10 21:03:05,i2402,i2402,671.5,0.0,0.0,0.0,2,671.5,672.0,4,669.0,670.0,672.0,670.0,76.0,5099750.0,7610
2023-05-10 21:03:08,i2402,i2402,671.5,2.0,134300.0,-2.0,78,671.0,672.0,4,669.0,670.0,672.0,670.0,78.0,5234050.0,7608
2023-05-10 21:03:09,i2402,i2402,671.5,0.0,0.0,0.0,80,671.0,672.0,4,669.0,670.0,672.0,670.0,78.0,5234050.0,7608
2023-05-10 21:03:11,i2402,i2402,671.5,0.0,0.0,0.0,82,671.0,672.0,4,669.0,670.0,672.0,670.0,78.0,5234050.0,7608
2023-05-10 21:03:12,i2402,i2402,671.5,0.0,0.0,0.0,80,671.0,672.0,4,669.0,670.0,672.0,670.0,78.0,5234050.0,7608
2023-05-10 21:03:13,i2402,i2402,671.5,0.0,0.0,0.0,80,671.0,672.0,6,669.0,670.0,672.0,670.0,78.0,5234050.0,7608
2023-05-10 21:03:16,i2402,i2402,671.5,0.0,0.0,0.0,65,671.0,672.0,6,669.0,670.0,672.0,670.0,78.0,5234050.0,7608
2023-05-10 21:03:16,i2402,i2402,671.5,0.0,0.0,0.0,32,671.0,672.0,6,669.0,670.0,672.0,670.0,78.0,5234050.0,7608
2023-05-10 21:03:17,i2402,i2402,671.5,0.0,0.0,0.0,46,671.0,672.0,6,669.0,670.0,672.0,670.0,78.0,5234050.0,7608
2023-05-10 21:03:17,i2402,i2402,671.5,0.0,0.0,0.0,59,671.0,672.0,6,669.0,670.0,672.0,670.0,78.0,5234050.0,7608
2023-05-10 21:03:18,i2402,i2402,671.5,0.0,0.0,0.0,45,671.0,672.0,6,669.0,670.0,672.0,670.0,78.0,5234050.0,7608
2023-05-10 21:03:19,i2402,i2402,671.5,0.0,0.0,0.0,39,671.0,672.0,6,669.0,670.0,672.0,670.0,78.0,5234050.0,7608
2023-05-10 21:03:21,i2402,i2402,671.5,0.0,0.0,0.0,47,671.0,672.0,6,669.0,670.0,672.0,670.0,78.0,5234050.0,7608
2023-05-10 21:03:23,i2402,i2402,671.5,0.0,0.0,0.0,40,671.0,672.0,6,669.0,670.0,672.0,670.0,78.0,5234050.0,7608
2023-05-10 21:03:25,i2402,i2402,671.5,0.0,0.0,0.0,50,671.0,672.0,6,669.0,670.0,672.0,670.0,78.0,5234050.0,7608
2023-05-10 21:03:25,i2402,i2402,671.5,0.0,0.0,0.0,53,671.0,672.0,6,669.0,670.0,672.0,670.0,78.0,5234050.0,7608
2023-05-10 21:03:26,i2402,i2402,671.5,0.0,0.0,0.0,59,671.0,672.0,6,669.0,670.0,672.0,670.0,78.0,5234050.0,7608
2023-05-10 21:03:26,i2402,i2402,671.5,0.0,0.0,0.0,52,671.0,672.0,6,669.0,670.0,672.0,670.0,78.0,5234050.0,7608
2023-05-10 21:03:27,i2402,i2402,671.5,0.0,0.0,0.0,80,671.0,672.0,6,669.0,670.0,672.0,670.0,78.0,5234050.0,7608
2023-05-10 21:03:27,i2402,i2402,671.5,0.0,0.0,0.0,80,671.0,672.0,4,669.0,670.0,672.0,670.0,78.0,5234050.0,7608
2023-05-10 21:03:28,i2402,i2402,671.5,0.0,0.0,0.0,80,671.0,672.0,6,669.0,670.0,672.0,670.0,78.0,5234050.0,7608
2023-05-10 21:03:41,i2402,i2402,671.5,0.0,0.0,0.0,81,671.0,672.0,6,669.0,670.0,672.0,670.0,78.0,5234050.0,7608
2023-05-10 21:03:42,i2402,i2402,671.5,0.0,0.0,0.0,80,671.0,672.0,9,669.0,670.0,672.0,670.0,78.0,5234050.0,7608
2023-05-10 21:03:47,i2402,i2402,671.5,0.0,0.0,0.0,80,671.0,672.0,8,669.0,670.0,672.0,670.0,78.0,5234050.0,7608
2023-05-10 21:03:58,i2402,i2402,671.5,0.0,0.0,0.0,78,671.0,672.0,8,669.0,670.0,672.0,670.0,78.0,5234050.0,7608
2023-05-10 21:03:58,i2402,i2402,671.5,0.0,0.0,0.0,80,671.0,672.0,10,669.0,670.0,672.0,670.0,78.0,5234050.0,7608
2023-05-10 21:03:59,i2402,i2402,671.5,0.0,0.0,0.0,72,671.0,671.5,2,669.0,670.0,672.0,670.0,78.0,5234050.0,7608
2023-05-10 21:03:59,i2402,i2402,671.5,0.0,0.0,0.0,72,671.0,672.0,38,669.0,670.0,672.0,670.0,78.0,5234050.0,7608
2023-05-10 21:04:00,i2402,i2402,671.5,0.0,0.0,0.0,74,671.0,672.0,36,669.0,670.0,672.0,670.0,78.0,5234050.0,7608
2023-05-10 21:04:01,i2402,i2402,671.5,0.0,0.0,0.0,76,671.0,672.0,35,669.0,670.0,672.0,670.0,78.0,5234050.0,7608
2023-05-10 21:04:01,i2402,i2402,671.5,0.0,0.0,0.0,78,671.0,672.0,31,669.0,670.0,672.0,670.0,78.0,5234050.0,7608
2023-05-10 21:04:02,i2402,i2402,671.5,0.0,0.0,0.0,78,671.0,672.0,28,669.0,670.0,672.0,670.0,78.0,5234050.0,7608
2023-05-10 21:04:02,i2402,i2402,671.5,0.0,0.0,0.0,78,671.0,672.0,26,669.0,670.0,672.0,670.0,78.0,5234050.0,7608
2023-05-10 21:04:03,i2402,i2402,671.5,0.0,0.0,0.0,24,671.0,672.0,54,669.0,670.0,672.0,670.0,78.0,5234050.0,7608
2023-05-10 21:04:04,i2402,i2402,671.5,0.0,0.0,0.0,14,671.0,671.5,2,669.0,670.0,672.0,670.0,78.0,5234050.0,7608
2023-05-10 21:04:04,i2402,i2402,671.5,0.0,0.0,0.0,10,671.0,671.5,2,669.0,670.0,672.0,670.0,78.0,5234050.0,7608
2023-05-10 21:04:05,i2402,i2402,671.5,0.0,0.0,0.0,4,671.0,671.5,2,669.0,670.0,672.0,670.0,78.0,5234050.0,7608
2023-05-10 21:04:05,i2402,i2402,671.5,0.0,0.0,0.0,2,671.0,671.5,2,669.0,670.0,672.0,670.0,78.0,5234050.0,7608
2023-05-10 21:04:06,i2402,i2402,671.5,0.0,0.0,0.0,91,670.5,671.5,4,669.0,670.0,672.0,670.0,78.0,5234050.0,7608
2023-05-10 21:04:06,i2402,i2402,671.5,0.0,0.0,0.0,91,670.5,671.5,8,669.0,670.0,672.0,670.0,78.0,5234050.0,7608
2023-05-10 21:04:06,i2402,i2402,671.5,0.0,0.0,0.0,89,670.5,671.5,8,669.0,670.0,672.0,670.0,78.0,5234050.0,7608
2023-05-10 21:04:08,i2402,i2402,671.5,0.0,0.0,0.0,89,670.5,671.5,10,669.0,670.0,672.0,670.0,78.0,5234050.0,7608
2023-05-10 21:04:08,i2402,i2402,671.5,0.0,0.0,0.0,89,670.5,671.5,8,669.0,670.0,672.0,670.0,78.0,5234050.0,7608
2023-05-10 21:04:10,i2402,i2402,671.5,0.0,0.0,0.0,89,670.5,671.5,10,669.0,670.0,672.0,670.0,78.0,5234050.0,7608
2023-05-10 21:04:10,i2402,i2402,671.5,0.0,0.0,0.0,89,670.5,671.5,16,669.0,670.0,672.0,670.0,78.0,5234050.0,7608
2023-05-10 21:04:11,i2402,i2402,671.5,0.0,0.0,0.0,89,670.5,671.5,22,669.0,670.0,672.0,670.0,78.0,5234050.0,7608
2023-05-10 21:04:12,i2402,i2402,671.5,0.0,0.0,0.0,89,670.5,671.5,24,669.0,670.0,672.0,670.0,78.0,5234050.0,7608
2023-05-10 21:04:12,i2402,i2402,671.5,0.0,0.0,0.0,2,671.0,671.5,10,669.0,670.0,672.0,670.0,78.0,5234050.0,7608
2023-05-10 21:04:13,i2402,i2402,671.5,0.0,0.0,0.0,2,671.0,671.5,2,669.0,670.0,672.0,670.0,78.0,5234050.0,7608
2023-05-10 21:04:13,i2402,i2402,671.5,0.0,0.0,0.0,92,670.5,671.5,2,669.0,670.0,672.0,670.0,78.0,5234050.0,7608
2023-05-10 21:04:18,i2402,i2402,671.5,0.0,0.0,0.0,93,670.5,671.5,2,669.0,670.0,672.0,670.0,78.0,5234050.0,7608
2023-05-10 21:04:18,i2402,i2402,671.5,0.0,0.0,0.0,93,670.5,671.5,6,669.0,670.0,672.0,670.0,78.0,5234050.0,7608
2023-05-10 21:04:19,i2402,i2402,671.5,0.0,0.0,0.0,87,670.5,671.5,18,669.0,670.0,672.0,670.0,78.0,5234050.0,7608
2023-05-10 21:04:19,i2402,i2402,671.5,0.0,0.0,0.0,86,670.5,671.5,26,669.0,670.0,672.0,670.0,78.0,5234050.0,7608
2023-05-10 21:04:19,i2402,i2402,671.5,0.0,0.0,0.0,87,670.5,671.5,26,669.0,670.0,672.0,670.0,78.0,5234050.0,7608
2023-05-10 21:04:20,i2402,i2402,671.5,0.0,0.0,0.0,88,670.5,671.5,26,669.0,670.0,672.0,670.0,78.0,5234050.0,7608
2023-05-10 21:04:21,i2402,i2402,671.5,0.0,0.0,0.0,93,670.5,671.5,20,669.0,670.0,672.0,670.0,78.0,5234050.0,7608
2023-05-10 21:04:21,i2402,i2402,671.5,0.0,0.0,0.0,90,670.5,671.5,24,669.0,670.0,672.0,670.0,78.0,5234050.0,7608
2023-05-10 21:04:22,i2402,i2402,671.5,0.0,0.0,0.0,87,670.5,671.5,26,669.0,670.0,672.0,670.0,78.0,5234050.0,7608
2023-05-10 21:04:24,i2402,i2402,671.5,0.0,0.0,0.0,88,670.5,671.5,26,669.0,670.0,672.0,670.0,78.0,5234050.0,7608
2023-05-10 21:04:27,i2402,i2402,671.5,0.0,0.0,0.0,78,670.5,671.5,34,669.0,670.0,672.0,670.0,78.0,5234050.0,7608
2023-05-10 21:04:27,i2402,i2402,671.5,0.0,0.0,0.0,78,670.5,671.5,32,669.0,670.0,672.0,670.0,78.0,5234050.0,7608
2023-05-10 21:04:28,i2402,i2402,671.5,0.0,0.0,0.0,78,670.5,671.5,33,669.0,670.0,672.0,670.0,78.0,5234050.0,7608
2023-05-10 21:04:28,i2402,i2402,671.5,0.0,0.0,0.0,78,670.5,671.5,34,669.0,670.0,672.0,670.0,78.0,5234050.0,7608
2023-05-10 21:04:29,i2402,i2402,671.5,0.0,0.0,0.0,78,670.5,671.5,35,669.0,670.0,672.0,670.0,78.0,5234050.0,7608
2023-05-10 21:04:30,i2402,i2402,671.5,0.0,0.0,0.0,78,670.5,671.5,34,669.0,670.0,672.0,670.0,78.0,5234050.0,7608
2023-05-10 21:04:32,i2402,i2402,671.5,0.0,0.0,0.0,78,670.5,671.5,35,669.0,670.0,672.0,670.0,78.0,5234050.0,7608
2023-05-10 21:04:35,i2402,i2402,671.5,0.0,0.0,0.0,78,670.5,671.5,36,669.0,670.0,672.0,670.0,78.0,5234050.0,7608
2023-05-10 21:04:36,i2402,i2402,671.5,0.0,0.0,0.0,78,670.5,671.5,33,669.0,670.0,672.0,670.0,78.0,5234050.0,7608
2023-05-10 21:04:36,i2402,i2402,671.5,0.0,0.0,0.0,78,670.5,671.5,34,669.0,670.0,672.0,670.0,78.0,5234050.0,7608
2023-05-10 21:04:37,i2402,i2402,671.5,0.0,0.0,0.0,78,670.5,671.5,33,669.0,670.0,672.0,670.0,78.0,5234050.0,7608
2023-05-10 21:04:38,i2402,i2402,671.5,0.0,0.0,0.0,78,670.5,671.5,34,669.0,670.0,672.0,670.0,78.0,5234050.0,7608
2023-05-10 21:04:38,i2402,i2402,671.5,0.0,0.0,0.0,78,670.5,671.5,33,669.0,670.0,672.0,670.0,78.0,5234050.0,7608
2023-05-10 21:04:39,i2402,i2402,671.5,0.0,0.0,0.0,78,670.5,671.5,34,669.0,670.0,672.0,670.0,78.0,5234050.0,7608
2023-05-10 21:04:39,i2402,i2402,671.5,0.0,0.0,0.0,78,670.5,671.5,33,669.0,670.0,672.0,670.0,78.0,5234050.0,7608
2023-05-10 21:04:40,i2402,i2402,671.5,0.0,0.0,0.0,78,670.5,671.5,34,669.0,670.0,672.0,670.0,78.0,5234050.0,7608
2023-05-10 21:04:40,i2402,i2402,671.5,0.0,0.0,0.0,78,670.5,671.5,33,669.0,670.0,672.0,670.0,78.0,5234050.0,7608
2023-05-10 21:04:43,i2402,i2402,671.5,0.0,0.0,0.0,78,670.5,671.5,32,669.0,670.0,672.0,670.0,78.0,5234050.0,7608
2023-05-10 21:04:44,i2402,i2402,671.5,0.0,0.0,0.0,80,670.5,671.5,33,669.0,670.0,672.0,670.0,78.0,5234050.0,7608
2023-05-10 21:04:44,i2402,i2402,671.5,0.0,0.0,0.0,80,670.5,671.5,32,669.0,670.0,672.0,670.0,78.0,5234050.0,7608
2023-05-10 21:04:47,i2402,i2402,671.5,0.0,0.0,0.0,80,670.5,671.5,33,669.0,670.0,672.0,670.0,78.0,5234050.0,7608
2023-05-10 21:04:47,i2402,i2402,671.5,0.0,0.0,0.0,80,670.5,671.5,34,669.0,670.0,672.0,670.0,78.0,5234050.0,7608
2023-05-10 21:04:48,i2402,i2402,671.5,0.0,0.0,0.0,80,670.5,671.5,33,669.0,670.0,672.0,670.0,78.0,5234050.0,7608
2023-05-10 21:04:50,i2402,i2402,671.5,0.0,0.0,0.0,80,670.5,671.5,32,669.0,670.0,672.0,670.0,78.0,5234050.0,7608
2023-05-10 21:04:50,i2402,i2402,671.5,0.0,0.0,0.0,80,670.5,671.5,33,669.0,670.0,672.0,670.0,78.0,5234050.0,7608
2023-05-10 21:04:51,i2402,i2402,671.5,0.0,0.0,0.0,82,670.5,671.5,31,669.0,670.0,672.0,670.0,78.0,5234050.0,7608
2023-05-10 21:04:51,i2402,i2402,671.5,0.0,0.0,0.0,82,670.5,671.5,32,669.0,670.0,672.0,670.0,78.0,5234050.0,7608
2023-05-10 21:04:52,i2402,i2402,671.5,0.0,0.0,0.0,82,670.5,671.5,29,669.0,670.0,672.0,670.0,78.0,5234050.0,7608
2023-05-10 21:04:54,i2402,i2402,671.5,0.0,0.0,0.0,82,670.5,671.5,31,669.0,670.0,672.0,670.0,78.0,5234050.0,7608
2023-05-10 21:04:54,i2402,i2402,671.5,0.0,0.0,0.0,82,670.5,671.5,33,669.0,670.0,672.0,670.0,78.0,5234050.0,7608
2023-05-10 21:04:56,i2402,i2402,671.5,0.0,0.0,0.0,82,670.5,671.5,31,669.0,670.0,672.0,670.0,78.0,5234050.0,7608
2023-05-10 21:04:56,i2402,i2402,671.5,0.0,0.0,0.0,82,670.5,671.5,29,669.0,670.0,672.0,670.0,78.0,5234050.0,7608
2023-05-10 21:04:58,i2402,i2402,671.5,0.0,0.0,0.0,82,670.5,671.5,31,669.0,670.0,672.0,670.0,78.0,5234050.0,7608
2023-05-10 21:04:58,i2402,i2402,671.5,0.0,0.0,0.0,82,670.5,671.5,30,669.0,670.0,672.0,670.0,78.0,5234050.0,7608
2023-05-10 21:04:59,i2402,i2402,671.5,0.0,0.0,0.0,82,670.5,671.5,29,669.0,670.0,672.0,670.0,78.0,5234050.0,7608
2023-05-10 21:04:59,i2402,i2402,671.5,0.0,0.0,0.0,82,670.5,671.5,32,669.0,670.0,672.0,670.0,78.0,5234050.0,7608
2023-05-10 21:05:00,i2402,i2402,671.5,0.0,0.0,0.0,82,670.5,671.5,34,669.0,670.0,672.0,670.0,78.0,5234050.0,7608
2023-05-10 21:05:00,i2402,i2402,671.5,0.0,0.0,0.0,2,671.0,671.5,23,669.0,670.0,672.0,670.0,78.0,5234050.0,7608
2023-05-10 21:05:01,i2402,i2402,671.5,0.0,0.0,0.0,80,670.5,671.5,20,669.0,670.0,672.0,670.0,78.0,5234050.0,7608
2023-05-10 21:05:01,i2402,i2402,671.5,0.0,0.0,0.0,82,670.5,671.5,24,669.0,670.0,672.0,670.0,78.0,5234050.0,7608
2023-05-10 21:05:02,i2402,i2402,671.5,0.0,0.0,0.0,82,670.5,671.5,26,669.0,670.0,672.0,670.0,78.0,5234050.0,7608
2023-05-10 21:05:02,i2402,i2402,671.5,0.0,0.0,0.0,82,670.5,671.5,32,669.0,670.0,672.0,670.0,78.0,5234050.0,7608
2023-05-10 21:05:04,i2402,i2402,671.5,0.0,0.0,0.0,82,670.5,671.5,33,669.0,670.0,672.0,670.0,78.0,5234050.0,7608
2023-05-10 21:05:05,i2402,i2402,671.5,0.0,0.0,0.0,82,670.5,671.5,32,669.0,670.0,672.0,670.0,78.0,5234050.0,7608
2023-05-10 21:05:06,i2402,i2402,671.5,0.0,0.0,0.0,82,670.5,671.5,24,669.0,670.0,672.0,670.0,78.0,5234050.0,7608
2023-05-10 21:05:07,i2402,i2402,671.5,0.0,0.0,0.0,82,670.5,671.5,22,669.0,670.0,672.0,670.0,78.0,5234050.0,7608
2023-05-10 21:05:08,i2402,i2402,671.5,0.0,0.0,0.0,82,670.5,671.5,23,669.0,670.0,672.0,670.0,78.0,5234050.0,7608
2023-05-10 21:05:23,i2402,i2402,671.5,0.0,0.0,0.0,82,670.5,671.5,22,669.0,670.0,672.0,670.0,78.0,5234050.0,7608
2023-05-10 21:05:25,i2402,i2402,671.5,0.0,0.0,0.0,83,670.5,671.5,22,669.0,670.0,672.0,670.0,78.0,5234050.0,7608
2023-05-10 21:05:26,i2402,i2402,671.5,0.0,0.0,0.0,82,670.5,671.5,26,669.0,670.0,672.0,670.0,78.0,5234050.0,7608
2023-05-10 21:05:26,i2402,i2402,671.5,0.0,0.0,0.0,82,670.5,671.5,22,669.0,670.0,672.0,670.0,78.0,5234050.0,7608
2023-05-10 21:05:32,i2402,i2402,671.5,0.0,0.0,0.0,80,670.5,671.5,18,669.0,670.0,672.0,670.0,78.0,5234050.0,7608
2023-05-10 21:05:32,i2402,i2402,671.5,0.0,0.0,0.0,82,670.5,671.5,20,669.0,670.0,672.0,670.0,78.0,5234050.0,7608
2023-05-10 21:05:33,i2402,i2402,671.5,0.0,0.0,0.0,82,670.5,671.5,22,669.0,670.0,672.0,670.0,78.0,5234050.0,7608
2023-05-10 21:05:36,i2402,i2402,671.5,0.0,0.0,0.0,82,670.5,671.5,24,669.0,670.0,672.0,670.0,78.0,5234050.0,7608
2023-05-10 21:05:36,i2402,i2402,671.5,0.0,0.0,0.0,83,670.5,671.5,24,669.0,670.0,672.0,670.0,78.0,5234050.0,7608
2023-05-10 21:05:38,i2402,i2402,671.5,0.0,0.0,0.0,38,670.5,671.5,24,669.0,670.0,672.0,670.0,78.0,5234050.0,7608
2023-05-10 21:05:39,i2402,i2402,671.5,9.0,604350.0,2.0,70,671.0,671.5,8,669.0,670.0,672.0,670.0,87.0,5838400.0,7610
2023-05-10 21:05:39,i2402,i2402,671.5,0.0,0.0,0.0,64,671.0,671.5,2,669.0,670.0,672.0,670.0,87.0,5838400.0,7610
2023-05-10 21:05:40,i2402,i2402,671.5,0.0,0.0,0.0,70,671.0,672.0,26,669.0,670.0,672.0,670.0,87.0,5838400.0,7610
2023-05-10 21:05:40,i2402,i2402,671.5,0.0,0.0,0.0,78,671.0,672.0,28,669.0,670.0,672.0,670.0,87.0,5838400.0,7610
2023-05-10 21:05:41,i2402,i2402,671.5,0.0,0.0,0.0,83,671.0,672.0,26,669.0,670.0,672.0,670.0,87.0,5838400.0,7610
2023-05-10 21:05:42,i2402,i2402,671.5,0.0,0.0,0.0,6,671.5,672.0,14,669.0,670.0,672.0,670.0,87.0,5838400.0,7610
2023-05-10 21:05:43,i2402,i2402,671.5,0.0,0.0,0.0,2,671.5,672.0,10,669.0,670.0,672.0,670.0,87.0,5838400.0,7610
2023-05-10 21:05:43,i2402,i2402,671.5,0.0,0.0,0.0,2,671.5,672.0,8,669.0,670.0,672.0,670.0,87.0,5838400.0,7610
2023-05-10 21:05:44,i2402,i2402,671.5,0.0,0.0,0.0,93,671.0,672.0,8,669.0,670.0,672.0,670.0,87.0,5838400.0,7610
2023-05-10 21:05:45,i2402,i2402,671.5,0.0,0.0,0.0,2,671.5,672.0,6,669.0,670.0,672.0,670.0,87.0,5838400.0,7610
2023-05-10 21:05:47,i2402,i2402,671.5,0.0,0.0,0.0,2,671.5,672.0,4,669.0,670.0,672.0,670.0,87.0,5838400.0,7610
2023-05-10 21:05:49,i2402,i2402,671.5,0.0,0.0,0.0,30,671.5,672.0,4,669.0,670.0,672.0,670.0,87.0,5838400.0,7610
2023-05-10 21:05:49,i2402,i2402,671.5,0.0,0.0,0.0,24,671.5,672.5,51,669.0,670.0,672.0,670.0,87.0,5838400.0,7610
2023-05-10 21:05:50,i2402,i2402,671.5,0.0,0.0,0.0,18,671.5,672.0,2,669.0,670.0,672.0,670.0,87.0,5838400.0,7610
2023-05-10 21:05:51,i2402,i2402,671.5,0.0,0.0,0.0,22,671.5,672.0,2,669.0,670.0,672.0,670.0,87.0,5838400.0,7610
2023-05-10 21:05:52,i2402,i2402,671.5,0.0,0.0,0.0,22,671.5,672.5,53,669.0,670.0,672.0,670.0,87.0,5838400.0,7610
2023-05-10 21:05:52,i2402,i2402,671.5,0.0,0.0,0.0,24,671.5,672.5,53,669.0,670.0,672.0,670.0,87.0,5838400.0,7610
2023-05-10 21:05:54,i2402,i2402,671.5,0.0,0.0,0.0,24,671.5,672.5,64,669.0,670.0,672.0,670.0,87.0,5838400.0,7610
2023-05-10 21:05:54,i2402,i2402,671.5,0.0,0.0,0.0,24,671.5,672.5,55,669.0,670.0,672.0,670.0,87.0,5838400.0,7610
2023-05-10 21:05:55,i2402,i2402,671.5,0.0,0.0,0.0,22,671.5,672.5,42,669.0,670.0,672.0,670.0,87.0,5838400.0,7610
2023-05-10 21:05:55,i2402,i2402,671.5,0.0,0.0,0.0,22,671.5,672.5,76,669.0,670.0,672.0,670.0,87.0,5838400.0,7610
2023-05-10 21:05:56,i2402,i2402,671.5,0.0,0.0,0.0,24,671.5,672.5,83,669.0,670.0,672.0,670.0,87.0,5838400.0,7610
2023-05-10 21:05:56,i2402,i2402,671.5,0.0,0.0,0.0,24,671.5,672.5,81,669.0,670.0,672.0,670.0,87.0,5838400.0,7610
2023-05-10 21:05:57,i2402,i2402,671.5,0.0,0.0,0.0,24,671.5,672.5,75,669.0,670.0,672.0,670.0,87.0,5838400.0,7610
2023-05-10 21:05:58,i2402,i2402,671.5,0.0,0.0,0.0,24,671.5,672.5,77,669.0,670.0,672.0,670.0,87.0,5838400.0,7610
2023-05-10 21:05:59,i2402,i2402,671.5,0.0,0.0,0.0,22,671.5,672.0,2,669.0,670.0,672.0,670.0,87.0,5838400.0,7610
2023-05-10 21:05:59,i2402,i2402,671.5,0.0,0.0,0.0,24,671.5,672.0,2,669.0,670.0,672.0,670.0,87.0,5838400.0,7610
2023-05-10 21:06:03,i2402,i2402,671.5,0.0,0.0,0.0,74,671.5,672.0,2,669.0,670.0,672.0,670.0,87.0,5838400.0,7610
2023-05-10 21:06:03,i2402,i2402,671.5,0.0,0.0,0.0,76,671.5,672.5,39,669.0,670.0,672.0,670.0,87.0,5838400.0,7610
2023-05-10 21:06:04,i2402,i2402,671.5,0.0,0.0,0.0,78,671.5,672.5,39,669.0,670.0,672.0,670.0,87.0,5838400.0,7610
2023-05-10 21:06:05,i2402,i2402,671.5,0.0,0.0,0.0,78,671.5,672.5,33,669.0,670.0,672.0,670.0,87.0,5838400.0,7610
2023-05-10 21:06:05,i2402,i2402,671.5,0.0,0.0,0.0,78,671.5,672.5,29,669.0,670.0,672.0,670.0,87.0,5838400.0,7610
2023-05-10 21:06:07,i2402,i2402,671.5,0.0,0.0,0.0,78,671.5,672.5,27,669.0,670.0,672.0,670.0,87.0,5838400.0,7610
2023-05-10 21:06:18,i2402,i2402,671.5,0.0,0.0,0.0,76,671.5,672.5,23,669.0,670.0,672.0,670.0,87.0,5838400.0,7610
2023-05-10 21:06:18,i2402,i2402,671.5,0.0,0.0,0.0,78,671.5,672.5,25,669.0,670.0,672.0,670.0,87.0,5838400.0,7610
2023-05-10 21:06:19,i2402,i2402,671.5,0.0,0.0,0.0,78,671.5,672.5,27,669.0,670.0,672.0,670.0,87.0,5838400.0,7610
2023-05-10 21:06:19,i2402,i2402,671.5,0.0,0.0,0.0,46,671.5,672.5,27,669.0,670.0,672.0,670.0,87.0,5838400.0,7610
2023-05-10 21:06:20,i2402,i2402,671.5,0.0,0.0,0.0,24,671.5,672.5,53,669.0,670.0,672.0,670.0,87.0,5838400.0,7610
2023-05-10 21:06:20,i2402,i2402,671.5,0.0,0.0,0.0,20,671.5,672.0,2,669.0,670.0,672.0,670.0,87.0,5838400.0,7610
2023-05-10 21:06:21,i2402,i2402,671.5,0.0,0.0,0.0,24,671.5,672.0,2,669.0,670.0,672.0,670.0,87.0,5838400.0,7610
2023-05-10 21:06:25,i2402,i2402,671.5,0.0,0.0,0.0,24,671.5,672.0,5,669.0,670.0,672.0,670.0,87.0,5838400.0,7610
2023-05-10 21:06:26,i2402,i2402,671.5,22.0,1477300.0,-6.0,11,671.0,671.5,12,669.0,670.0,672.0,670.0,109.0,7315700.0,7604
2023-05-10 21:06:26,i2402,i2402,671.5,0.0,0.0,0.0,89,670.5,671.5,20,669.0,670.0,672.0,670.0,109.0,7315700.0,7604
2023-05-10 21:06:27,i2402,i2402,671.5,0.0,0.0,0.0,91,670.5,671.5,26,669.0,670.0,672.0,670.0,109.0,7315700.0,7604
2023-05-10 21:06:27,i2402,i2402,671.5,0.0,0.0,0.0,93,670.5,671.5,30,669.0,670.0,672.0,670.0,109.0,7315700.0,7604
2023-05-10 21:06:28,i2402,i2402,671.5,0.0,0.0,0.0,93,670.5,671.5,32,669.0,670.0,672.0,670.0,109.0,7315700.0,7604
2023-05-10 21:06:28,i2402,i2402,671.5,0.0,0.0,0.0,92,670.5,671.5,32,669.0,670.0,672.0,670.0,109.0,7315700.0,7604
2023-05-10 21:06:31,i2402,i2402,671.5,0.0,0.0,0.0,83,670.5,671.5,38,669.0,670.0,672.0,670.0,109.0,7315700.0,7604
2023-05-10 21:06:32,i2402,i2402,671.5,0.0,0.0,0.0,36,670.5,671.0,2,669.0,670.0,672.0,670.0,109.0,7315700.0,7604
2023-05-10 21:06:32,i2402,i2402,671.5,0.0,0.0,0.0,28,670.5,671.0,8,669.0,670.0,672.0,670.0,109.0,7315700.0,7604
2023-05-10 21:06:33,i2402,i2402,671.5,0.0,0.0,0.0,26,670.5,671.0,10,669.0,670.0,672.0,670.0,109.0,7315700.0,7604
2023-05-10 21:06:33,i2402,i2402,671.5,0.0,0.0,0.0,30,670.5,671.0,8,669.0,670.0,672.0,670.0,109.0,7315700.0,7604
2023-05-10 21:06:34,i2402,i2402,671.5,0.0,0.0,0.0,32,670.5,671.0,6,669.0,670.0,672.0,670.0,109.0,7315700.0,7604
2023-05-10 21:06:34,i2402,i2402,670.5,3.0,201150.0,0.0,44,670.5,671.0,2,669.0,670.0,672.0,670.0,112.0,7516850.0,7604
2023-05-10 21:06:35,i2402,i2402,670.5,6.0,402300.0,2.0,39,670.5,671.0,3,669.0,670.0,672.0,670.0,118.0,7919150.0,7606
2023-05-10 21:06:35,i2402,i2402,670.5,0.0,0.0,0.0,41,670.5,671.0,3,669.0,670.0,672.0,670.0,118.0,7919150.0,7606
2023-05-10 21:06:36,i2402,i2402,670.5,0.0,0.0,0.0,39,670.5,671.0,5,669.0,670.0,672.0,670.0,118.0,7919150.0,7606
2023-05-10 21:06:36,i2402,i2402,670.5,0.0,0.0,0.0,39,670.5,671.0,7,669.0,670.0,672.0,670.0,118.0,7919150.0,7606
2023-05-10 21:06:38,i2402,i2402,670.5,0.0,0.0,0.0,38,670.5,671.0,7,669.0,670.0,672.0,670.0,118.0,7919150.0,7606
2023-05-10 21:06:39,i2402,i2402,671.0,5.0,335500.0,0.0,53,670.5,671.5,24,669.0,670.0,672.0,670.0,123.0,8254650.0,7606
2023-05-10 21:06:39,i2402,i2402,671.0,0.0,0.0,0.0,78,670.5,671.5,24,669.0,670.0,672.0,670.0,123.0,8254650.0,7606
2023-05-10 21:06:40,i2402,i2402,671.0,0.0,0.0,0.0,80,670.5,671.5,26,669.0,670.0,672.0,670.0,123.0,8254650.0,7606
2023-05-10 21:06:40,i2402,i2402,671.0,0.0,0.0,0.0,75,670.5,671.5,26,669.0,670.0,672.0,670.0,123.0,8254650.0,7606
2023-05-10 21:06:42,i2402,i2402,671.0,0.0,0.0,0.0,62,670.5,671.5,26,669.0,670.0,672.0,670.0,123.0,8254650.0,7606
2023-05-10 21:06:43,i2402,i2402,671.0,0.0,0.0,0.0,46,670.5,671.5,26,669.0,670.0,672.0,670.0,123.0,8254650.0,7606
2023-05-10 21:06:43,i2402,i2402,671.0,0.0,0.0,0.0,51,670.5,671.5,28,669.0,670.0,672.0,670.0,123.0,8254650.0,7606
2023-05-10 21:06:44,i2402,i2402,671.0,0.0,0.0,0.0,57,670.5,671.5,26,669.0,670.0,672.0,670.0,123.0,8254650.0,7606
2023-05-10 21:06:46,i2402,i2402,671.0,0.0,0.0,0.0,51,670.5,671.5,26,669.0,670.0,672.0,670.0,123.0,8254650.0,7606
2023-05-10 21:06:46,i2402,i2402,671.0,0.0,0.0,0.0,64,670.5,671.5,26,669.0,670.0,672.0,670.0,123.0,8254650.0,7606
2023-05-10 21:06:48,i2402,i2402,671.0,0.0,0.0,0.0,84,670.5,671.5,28,669.0,670.0,672.0,670.0,123.0,8254650.0,7606
2023-05-10 21:06:48,i2402,i2402,671.0,0.0,0.0,0.0,49,671.0,671.5,26,669.0,670.0,672.0,670.0,123.0,8254650.0,7606
2023-05-10 21:06:49,i2402,i2402,671.5,5.0,335750.0,0.0,75,671.0,671.5,9,669.0,670.0,672.0,670.0,128.0,8590400.0,7606
2023-05-10 21:06:49,i2402,i2402,671.5,9.0,604350.0,0.0,75,671.0,672.0,20,669.0,670.0,672.0,670.0,137.0,9194750.0,7606
2023-05-10 21:06:50,i2402,i2402,671.5,0.0,0.0,0.0,76,671.0,672.0,18,669.0,670.0,672.0,670.0,137.0,9194750.0,7606
2023-05-10 21:06:50,i2402,i2402,671.5,0.0,0.0,0.0,80,671.0,672.0,24,669.0,670.0,672.0,670.0,137.0,9194750.0,7606
2023-05-10 21:06:51,i2402,i2402,671.5,0.0,0.0,0.0,81,671.0,672.0,24,669.0,670.0,672.0,670.0,137.0,9194750.0,7606
2023-05-10 21:06:53,i2402,i2402,671.5,0.0,0.0,0.0,83,671.0,672.0,24,669.0,670.0,672.0,670.0,137.0,9194750.0,7606
2023-05-10 21:06:53,i2402,i2402,671.5,2.0,134300.0,1.0,84,671.0,672.0,25,669.0,670.0,672.0,670.0,139.0,9329050.0,7607
2023-05-10 21:06:54,i2402,i2402,671.5,0.0,0.0,0.0,85,671.0,672.0,25,669.0,670.0,672.0,670.0,139.0,9329050.0,7607
2023-05-10 21:06:55,i2402,i2402,671.5,0.0,0.0,0.0,86,671.0,672.0,25,669.0,670.0,672.0,670.0,139.0,9329050.0,7607
2023-05-10 21:06:56,i2402,i2402,671.5,0.0,0.0,0.0,88,671.0,672.0,25,669.0,670.0,672.0,670.0,139.0,9329050.0,7607
2023-05-10 21:06:56,i2402,i2402,671.5,0.0,0.0,0.0,88,671.0,672.0,23,669.0,670.0,672.0,670.0,139.0,9329050.0,7607
2023-05-10 21:06:57,i2402,i2402,671.5,0.0,0.0,0.0,89,671.0,672.0,23,669.0,670.0,672.0,670.0,139.0,9329050.0,7607
2023-05-10 21:06:57,i2402,i2402,671.5,0.0,0.0,0.0,89,671.0,672.0,25,669.0,670.0,672.0,670.0,139.0,9329050.0,7607
2023-05-10 21:06:58,i2402,i2402,671.5,0.0,0.0,0.0,99,671.0,672.0,25,669.0,670.0,672.0,670.0,139.0,9329050.0,7607
2023-05-10 21:06:59,i2402,i2402,671.5,0.0,0.0,0.0,98,671.0,672.0,23,669.0,670.0,672.0,670.0,139.0,9329050.0,7607
2023-05-10 21:07:01,i2402,i2402,671.5,0.0,0.0,0.0,83,671.0,672.0,23,669.0,670.0,672.0,670.0,139.0,9329050.0,7607
2023-05-10 21:07:03,i2402,i2402,671.5,0.0,0.0,0.0,83,671.0,672.0,25,669.0,670.0,672.0,670.0,139.0,9329050.0,7607
2023-05-10 21:07:04,i2402,i2402,671.5,0.0,0.0,0.0,84,671.0,672.0,25,669.0,670.0,672.0,670.0,139.0,9329050.0,7607
2023-05-10 21:07:05,i2402,i2402,671.5,0.0,0.0,0.0,83,671.0,672.0,25,669.0,670.0,672.0,670.0,139.0,9329050.0,7607
2023-05-10 21:07:06,i2402,i2402,671.5,0.0,0.0,0.0,82,671.0,672.0,25,669.0,670.0,672.0,670.0,139.0,9329050.0,7607
2023-05-10 21:07:07,i2402,i2402,671.5,0.0,0.0,0.0,87,671.0,672.0,25,669.0,670.0,672.0,670.0,139.0,9329050.0,7607
2023-05-10 21:07:07,i2402,i2402,671.5,0.0,0.0,0.0,92,671.0,672.0,25,669.0,670.0,672.0,670.0,139.0,9329050.0,7607
2023-05-10 21:07:08,i2402,i2402,671.5,0.0,0.0,0.0,101,671.0,672.0,21,669.0,670.0,672.0,670.0,139.0,9329050.0,7607
2023-05-10 21:07:09,i2402,i2402,671.5,0.0,0.0,0.0,46,671.0,672.0,18,669.0,670.0,672.0,670.0,139.0,9329050.0,7607
2023-05-10 21:07:09,i2402,i2402,672.0,18.0,1209600.0,10.0,2,672.0,672.5,24,669.0,670.0,672.0,670.0,157.0,10538650.0,7617
2023-05-10 21:07:10,i2402,i2402,672.0,2.0,134400.0,0.0,6,672.0,672.5,16,669.0,670.0,672.0,670.0,159.0,10673050.0,7617
2023-05-10 21:07:10,i2402,i2402,672.0,0.0,0.0,0.0,6,672.0,672.5,18,669.0,670.0,672.0,670.0,159.0,10673050.0,7617
2023-05-10 21:07:11,i2402,i2402,672.0,0.0,0.0,0.0,6,672.0,672.5,24,669.0,670.0,672.0,670.0,159.0,10673050.0,7617
2023-05-10 21:07:12,i2402,i2402,672.0,0.0,0.0,0.0,6,672.0,672.5,25,669.0,670.0,672.0,670.0,159.0,10673050.0,7617
2023-05-10 21:07:13,i2402,i2402,672.0,0.0,0.0,0.0,6,672.0,672.5,22,669.0,670.0,672.0,670.0,159.0,10673050.0,7617
2023-05-10 21:07:35,i2402,i2402,672.0,0.0,0.0,0.0,8,672.0,672.5,19,669.0,670.0,672.0,670.0,159.0,10673050.0,7617
2023-05-10 21:07:35,i2402,i2402,672.0,0.0,0.0,0.0,8,672.0,672.5,15,669.0,670.0,672.0,670.0,159.0,10673050.0,7617
2023-05-10 21:07:36,i2402,i2402,672.0,0.0,0.0,0.0,8,672.0,672.5,11,669.0,670.0,672.0,670.0,159.0,10673050.0,7617
2023-05-10 21:07:36,i2402,i2402,672.0,0.0,0.0,0.0,8,672.0,672.5,7,669.0,670.0,672.0,670.0,159.0,10673050.0,7617
2023-05-10 21:07:37,i2402,i2402,672.0,0.0,0.0,0.0,14,672.0,672.5,3,669.0,670.0,672.0,670.0,159.0,10673050.0,7617
2023-05-10 21:07:37,i2402,i2402,672.0,0.0,0.0,0.0,20,672.0,672.5,3,669.0,670.0,672.0,670.0,159.0,10673050.0,7617
2023-05-10 21:07:38,i2402,i2402,672.0,0.0,0.0,0.0,24,672.0,672.5,3,669.0,670.0,672.0,670.0,159.0,10673050.0,7617
2023-05-10 21:07:51,i2402,i2402,672.5,3.0,201750.0,2.0,24,672.0,673.0,383,669.0,670.0,672.5,670.0,162.0,10874800.0,7619
2023-05-10 21:07:52,i2402,i2402,672.5,0.0,0.0,0.0,2,672.5,673.0,144,669.0,670.0,672.5,670.0,162.0,10874800.0,7619
2023-05-10 21:07:52,i2402,i2402,672.5,2.0,134500.0,0.0,4,672.5,673.0,23,669.0,670.0,672.5,670.0,164.0,11009300.0,7619
2023-05-10 21:07:53,i2402,i2402,672.5,0.0,0.0,0.0,6,672.5,673.0,16,669.0,670.0,672.5,670.0,164.0,11009300.0,7619
2023-05-10 21:07:54,i2402,i2402,672.5,0.0,0.0,0.0,4,672.5,673.0,20,669.0,670.0,672.5,670.0,164.0,11009300.0,7619
2023-05-10 21:07:55,i2402,i2402,672.5,0.0,0.0,0.0,6,672.5,673.0,20,669.0,670.0,672.5,670.0,164.0,11009300.0,7619
2023-05-10 21:07:55,i2402,i2402,672.5,0.0,0.0,0.0,6,672.5,673.0,18,669.0,670.0,672.5,670.0,164.0,11009300.0,7619
2023-05-10 21:07:56,i2402,i2402,672.5,0.0,0.0,0.0,4,672.5,673.0,22,669.0,670.0,672.5,670.0,164.0,11009300.0,7619
2023-05-10 21:07:57,i2402,i2402,672.5,0.0,0.0,0.0,6,672.5,673.0,18,669.0,670.0,672.5,670.0,164.0,11009300.0,7619
2023-05-10 21:07:58,i2402,i2402,672.5,6.0,403500.0,-4.0,20,672.0,673.0,114,669.0,670.0,672.5,670.0,170.0,11412800.0,7615
2023-05-10 21:07:58,i2402,i2402,672.5,0.0,0.0,0.0,14,672.0,672.5,2,669.0,670.0,672.5,670.0,170.0,11412800.0,7615
2023-05-10 21:07:59,i2402,i2402,672.5,0.0,0.0,0.0,10,672.0,672.5,2,669.0,670.0,672.5,670.0,170.0,11412800.0,7615
2023-05-10 21:08:01,i2402,i2402,672.0,10.0,672000.0,-4.0,61,671.5,672.0,2,669.0,670.0,672.5,670.0,180.0,12084800.0,7611
2023-05-10 21:08:02,i2402,i2402,672.0,2.0,134400.0,-2.0,47,671.5,672.5,8,669.0,670.0,672.5,670.0,182.0,12219200.0,7609
2023-05-10 21:08:03,i2402,i2402,672.0,0.0,0.0,0.0,48,671.5,672.5,8,669.0,670.0,672.5,670.0,182.0,12219200.0,7609
2023-05-10 21:08:03,i2402,i2402,672.0,0.0,0.0,0.0,46,671.5,672.5,37,669.0,670.0,672.5,670.0,182.0,12219200.0,7609
2023-05-10 21:08:04,i2402,i2402,672.0,0.0,0.0,0.0,30,671.5,672.5,40,669.0,670.0,672.5,670.0,182.0,12219200.0,7609
2023-05-10 21:08:04,i2402,i2402,672.0,0.0,0.0,0.0,26,671.5,672.5,47,669.0,670.0,672.5,670.0,182.0,12219200.0,7609
2023-05-10 21:08:05,i2402,i2402,672.0,0.0,0.0,0.0,24,671.5,672.0,2,669.0,670.0,672.5,670.0,182.0,12219200.0,7609
2023-05-10 21:08:09,i2402,i2402,672.0,0.0,0.0,0.0,22,671.5,672.0,2,669.0,670.0,672.5,670.0,182.0,12219200.0,7609
2023-05-10 21:08:09,i2402,i2402,672.0,0.0,0.0,0.0,24,671.5,672.0,2,669.0,670.0,672.5,670.0,182.0,12219200.0,7609
2023-05-10 21:08:10,i2402,i2402,672.0,0.0,0.0,0.0,22,671.5,672.0,2,669.0,670.0,672.5,670.0,182.0,12219200.0,7609
2023-05-10 21:08:10,i2402,i2402,671.5,19.0,1275850.0,3.0,17,671.0,671.5,10,669.0,670.0,672.5,670.0,201.0,13495050.0,7612
2023-05-10 21:08:11,i2402,i2402,671.5,2.0,134300.0,-1.0,2,671.0,671.5,10,669.0,670.0,672.5,670.0,203.0,13629350.0,7611
2023-05-10 21:08:11,i2402,i2402,671.5,0.0,0.0,0.0,96,670.5,671.5,14,669.0,670.0,672.5,670.0,203.0,13629350.0,7611
2023-05-10 21:08:12,i2402,i2402,671.5,0.0,0.0,0.0,97,670.5,671.5,21,669.0,670.0,672.5,670.0,203.0,13629350.0,7611
2023-05-10 21:08:12,i2402,i2402,671.5,0.0,0.0,0.0,99,670.5,671.5,25,669.0,670.0,672.5,670.0,203.0,13629350.0,7611
2023-05-10 21:08:13,i2402,i2402,671.5,0.0,0.0,0.0,101,670.5,671.5,25,669.0,670.0,672.5,670.0,203.0,13629350.0,7611
2023-05-10 21:08:14,i2402,i2402,671.5,0.0,0.0,0.0,55,670.5,671.0,8,669.0,670.0,672.5,670.0,203.0,13629350.0,7611
2023-05-10 21:08:15,i2402,i2402,671.5,0.0,0.0,0.0,26,670.5,671.0,12,669.0,670.0,672.5,670.0,203.0,13629350.0,7611
2023-05-10 21:08:15,i2402,i2402,671.5,0.0,0.0,0.0,28,670.5,671.0,12,669.0,670.0,672.5,670.0,203.0,13629350.0,7611
2023-05-10 21:08:16,i2402,i2402,671.5,0.0,0.0,0.0,30,670.5,671.0,12,669.0,670.0,672.5,670.0,203.0,13629350.0,7611
2023-05-10 21:08:16,i2402,i2402,671.5,0.0,0.0,0.0,32,670.5,671.0,10,669.0,670.0,672.5,670.0,203.0,13629350.0,7611
2023-05-10 21:08:17,i2402,i2402,671.5,0.0,0.0,0.0,34,670.5,671.0,8,669.0,670.0,672.5,670.0,203.0,13629350.0,7611
2023-05-10 21:08:22,i2402,i2402,671.5,0.0,0.0,0.0,95,670.5,671.0,8,669.0,670.0,672.5,670.0,203.0,13629350.0,7611
2023-05-10 21:08:22,i2402,i2402,671.5,0.0,0.0,0.0,66,670.5,671.0,8,669.0,670.0,672.5,670.0,203.0,13629350.0,7611
2023-05-10 21:08:23,i2402,i2402,671.5,0.0,0.0,0.0,68,670.5,671.0,8,669.0,670.0,672.5,670.0,203.0,13629350.0,7611
2023-05-10 21:08:24,i2402,i2402,671.5,0.0,0.0,0.0,36,670.5,671.0,8,669.0,670.0,672.5,670.0,203.0,13629350.0,7611
2023-05-10 21:08:26,i2402,i2402,671.5,0.0,0.0,0.0,34,670.5,671.0,8,669.0,670.0,672.5,670.0,203.0,13629350.0,7611
2023-05-10 21:08:27,i2402,i2402,671.5,0.0,0.0,0.0,36,670.5,671.0,8,669.0,670.0,672.5,670.0,203.0,13629350.0,7611
2023-05-10 21:08:29,i2402,i2402,671.5,0.0,0.0,0.0,34,670.5,671.0,8,669.0,670.0,672.5,670.0,203.0,13629350.0,7611
2023-05-10 21:08:29,i2402,i2402,671.5,0.0,0.0,0.0,36,670.5,671.0,8,669.0,670.0,672.5,670.0,203.0,13629350.0,7611
2023-05-10 21:08:30,i2402,i2402,671.5,0.0,0.0,0.0,34,670.5,671.0,10,669.0,670.0,672.5,670.0,203.0,13629350.0,7611
2023-05-10 21:08:30,i2402,i2402,671.5,0.0,0.0,0.0,28,670.5,671.0,18,669.0,670.0,672.5,670.0,203.0,13629350.0,7611
2023-05-10 21:08:31,i2402,i2402,671.5,0.0,0.0,0.0,26,670.5,671.0,20,669.0,670.0,672.5,670.0,203.0,13629350.0,7611
2023-05-10 21:08:31,i2402,i2402,671.5,0.0,0.0,0.0,26,670.5,671.0,18,669.0,670.0,672.5,670.0,203.0,13629350.0,7611
2023-05-10 21:08:32,i2402,i2402,671.5,0.0,0.0,0.0,30,670.5,671.0,16,669.0,670.0,672.5,670.0,203.0,13629350.0,7611
2023-05-10 21:08:33,i2402,i2402,671.5,0.0,0.0,0.0,32,670.5,671.0,16,669.0,670.0,672.5,670.0,203.0,13629350.0,7611
2023-05-10 21:08:35,i2402,i2402,671.5,0.0,0.0,0.0,30,670.5,671.0,22,669.0,670.0,672.5,670.0,203.0,13629350.0,7611
2023-05-10 21:08:35,i2402,i2402,671.5,0.0,0.0,0.0,30,670.5,671.0,21,669.0,670.0,672.5,670.0,203.0,13629350.0,7611
2023-05-10 21:08:36,i2402,i2402,671.5,0.0,0.0,0.0,30,670.5,671.0,18,669.0,670.0,672.5,670.0,203.0,13629350.0,7611
2023-05-10 21:08:36,i2402,i2402,671.5,0.0,0.0,0.0,28,670.5,671.0,18,669.0,670.0,672.5,670.0,203.0,13629350.0,7611
2023-05-10 21:08:37,i2402,i2402,671.5,0.0,0.0,0.0,36,670.5,671.0,8,669.0,670.0,672.5,670.0,203.0,13629350.0,7611
2023-05-10 21:08:38,i2402,i2402,671.5,0.0,0.0,0.0,40,670.5,671.0,5,669.0,670.0,672.5,670.0,203.0,13629350.0,7611
2023-05-10 21:08:40,i2402,i2402,671.0,5.0,335500.0,4.0,40,670.5,671.5,43,669.0,670.0,672.5,670.0,208.0,13964850.0,7615
2023-05-10 21:08:40,i2402,i2402,671.0,0.0,0.0,0.0,69,670.5,671.5,42,669.0,670.0,672.5,670.0,208.0,13964850.0,7615
2023-05-10 21:08:40,i2402,i2402,671.0,0.0,0.0,0.0,69,670.5,671.5,35,669.0,670.0,672.5,670.0,208.0,13964850.0,7615
2023-05-10 21:08:41,i2402,i2402,671.0,0.0,0.0,0.0,68,670.5,671.5,35,669.0,670.0,672.5,670.0,208.0,13964850.0,7615
2023-05-10 21:08:42,i2402,i2402,671.0,0.0,0.0,0.0,66,670.5,671.5,29,669.0,670.0,672.5,670.0,208.0,13964850.0,7615
2023-05-10 21:08:42,i2402,i2402,671.0,0.0,0.0,0.0,76,670.5,671.5,29,669.0,670.0,672.5,670.0,208.0,13964850.0,7615
2023-05-10 21:08:44,i2402,i2402,671.0,0.0,0.0,0.0,74,670.5,671.5,29,669.0,670.0,672.5,670.0,208.0,13964850.0,7615
2023-05-10 21:08:44,i2402,i2402,671.0,0.0,0.0,0.0,93,670.5,671.5,29,669.0,670.0,672.5,670.0,208.0,13964850.0,7615
2023-05-10 21:08:44,i2402,i2402,671.0,0.0,0.0,0.0,85,670.5,671.5,29,669.0,670.0,672.5,670.0,208.0,13964850.0,7615
2023-05-10 21:08:45,i2402,i2402,671.0,0.0,0.0,0.0,84,670.5,671.5,29,669.0,670.0,672.5,670.0,208.0,13964850.0,7615
2023-05-10 21:08:46,i2402,i2402,671.0,0.0,0.0,0.0,80,670.5,671.5,29,669.0,670.0,672.5,670.0,208.0,13964850.0,7615
2023-05-10 21:08:46,i2402,i2402,671.0,0.0,0.0,0.0,53,670.5,671.5,29,669.0,670.0,672.5,670.0,208.0,13964850.0,7615
2023-05-10 21:08:47,i2402,i2402,671.0,0.0,0.0,0.0,38,670.5,671.0,2,669.0,670.0,672.5,670.0,208.0,13964850.0,7615
2023-05-10 21:08:47,i2402,i2402,671.0,0.0,0.0,0.0,34,670.5,671.0,6,669.0,670.0,672.5,670.0,208.0,13964850.0,7615
2023-05-10 21:08:48,i2402,i2402,671.0,0.0,0.0,0.0,30,670.5,671.0,10,669.0,670.0,672.5,670.0,208.0,13964850.0,7615
2023-05-10 21:08:48,i2402,i2402,671.0,0.0,0.0,0.0,32,670.5,671.0,6,669.0,670.0,672.5,670.0,208.0,13964850.0,7615
2023-05-10 21:08:49,i2402,i2402,671.0,0.0,0.0,0.0,34,670.5,671.0,4,669.0,670.0,672.5,670.0,208.0,13964850.0,7615
2023-05-10 21:08:50,i2402,i2402,671.0,0.0,0.0,0.0,36,670.5,671.0,2,669.0,670.0,672.5,670.0,208.0,13964850.0,7615
2023-05-10 21:09:01,i2402,i2402,671.0,0.0,0.0,0.0,30,670.5,671.0,4,669.0,670.0,672.5,670.0,208.0,13964850.0,7615
2023-05-10 21:09:02,i2402,i2402,671.0,0.0,0.0,0.0,32,670.5,671.0,4,669.0,670.0,672.5,670.0,208.0,13964850.0,7615
2023-05-10 21:09:04,i2402,i2402,671.0,0.0,0.0,0.0,30,670.5,671.0,4,669.0,670.0,672.5,670.0,208.0,13964850.0,7615
2023-05-10 21:09:05,i2402,i2402,670.5,30.0,2011500.0,19.0,71,670.0,670.5,2,669.0,670.0,672.5,670.0,238.0,15976350.0,7634
2023-05-10 21:09:05,i2402,i2402,670.5,4.0,268200.0,-2.0,74,670.0,670.5,2,669.0,670.0,672.5,670.0,242.0,16244550.0,7632
2023-05-10 21:09:06,i2402,i2402,670.5,2.0,134100.0,1.0,82,670.0,671.0,18,669.0,670.0,672.5,670.0,244.0,16378650.0,7633
2023-05-10 21:09:06,i2402,i2402,670.5,0.0,0.0,0.0,84,670.0,671.0,24,669.0,670.0,672.5,670.0,244.0,16378650.0,7633
2023-05-10 21:09:07,i2402,i2402,670.5,0.0,0.0,0.0,83,670.0,671.0,24,669.0,670.0,672.5,670.0,244.0,16378650.0,7633
2023-05-10 21:09:08,i2402,i2402,670.5,0.0,0.0,0.0,73,670.0,671.0,24,669.0,670.0,672.5,670.0,244.0,16378650.0,7633
2023-05-10 21:09:09,i2402,i2402,670.5,0.0,0.0,0.0,66,670.0,671.0,24,669.0,670.0,672.5,670.0,244.0,16378650.0,7633
2023-05-10 21:09:10,i2402,i2402,670.5,0.0,0.0,0.0,30,670.0,671.0,46,669.0,670.0,672.5,670.0,244.0,16378650.0,7633
2023-05-10 21:09:11,i2402,i2402,670.5,0.0,0.0,0.0,22,670.0,670.5,4,669.0,670.0,672.5,670.0,244.0,16378650.0,7633
2023-05-10 21:09:11,i2402,i2402,670.0,14.0,938000.0,9.0,75,669.5,670.0,1,669.0,670.0,672.5,670.0,258.0,17316650.0,7642
2023-05-10 21:09:12,i2402,i2402,670.0,6.0,401950.0,0.0,70,669.5,670.0,2,669.0,670.0,672.5,669.5,264.0,17718600.0,7642
2023-05-10 21:09:12,i2402,i2402,670.0,2.0,134000.0,2.0,55,669.5,670.5,18,669.0,670.0,672.5,669.5,266.0,17852600.0,7644
2023-05-10 21:09:13,i2402,i2402,670.0,0.0,0.0,0.0,14,669.5,670.0,6,669.0,670.0,672.5,669.5,266.0,17852600.0,7644
2023-05-10 21:09:13,i2402,i2402,670.0,0.0,0.0,0.0,6,669.5,670.0,4,669.0,670.0,672.5,669.5,266.0,17852600.0,7644
2023-05-10 21:09:14,i2402,i2402,670.0,0.0,0.0,0.0,2,669.5,670.0,4,669.0,670.0,672.5,669.5,266.0,17852600.0,7644
2023-05-10 21:09:14,i2402,i2402,670.0,0.0,0.0,0.0,96,669.0,670.0,8,669.0,670.0,672.5,669.5,266.0,17852600.0,7644
2023-05-10 21:09:15,i2402,i2402,670.0,0.0,0.0,0.0,98,669.0,670.0,8,669.0,670.0,672.5,669.5,266.0,17852600.0,7644
2023-05-10 21:09:15,i2402,i2402,670.0,0.0,0.0,0.0,39,669.0,670.0,8,669.0,670.0,672.5,669.5,266.0,17852600.0,7644
2023-05-10 21:09:16,i2402,i2402,670.0,0.0,0.0,0.0,100,669.0,670.0,8,669.0,670.0,672.5,669.5,266.0,17852600.0,7644
2023-05-10 21:09:16,i2402,i2402,670.0,0.0,0.0,0.0,98,669.0,670.0,8,669.0,670.0,672.5,669.5,266.0,17852600.0,7644
2023-05-10 21:09:18,i2402,i2402,670.0,0.0,0.0,0.0,100,669.0,670.0,10,669.0,670.0,672.5,669.5,266.0,17852600.0,7644
2023-05-10 21:09:19,i2402,i2402,670.0,0.0,0.0,0.0,98,669.0,670.0,10,669.0,670.0,672.5,669.5,266.0,17852600.0,7644
2023-05-10 21:09:19,i2402,i2402,670.0,0.0,0.0,0.0,38,669.0,670.0,14,669.0,670.0,672.5,669.5,266.0,17852600.0,7644
2023-05-10 21:09:20,i2402,i2402,670.0,0.0,0.0,0.0,51,669.0,670.0,20,669.0,670.0,672.5,669.5,266.0,17852600.0,7644
2023-05-10 21:09:20,i2402,i2402,670.0,0.0,0.0,0.0,100,669.0,670.0,29,669.0,670.0,672.5,669.5,266.0,17852600.0,7644
2023-05-10 21:09:21,i2402,i2402,670.0,0.0,0.0,0.0,93,669.0,670.0,33,669.0,670.0,672.5,669.5,266.0,17852600.0,7644
2023-05-10 21:09:21,i2402,i2402,670.0,0.0,0.0,0.0,91,669.0,670.0,33,669.0,670.0,672.5,669.5,266.0,17852600.0,7644
2023-05-10 21:09:23,i2402,i2402,669.5,2.0,133900.0,2.0,1,669.5,670.0,35,669.0,670.0,672.5,669.5,268.0,17986500.0,7646
2023-05-10 21:09:23,i2402,i2402,669.5,0.0,0.0,0.0,91,669.0,670.0,33,669.0,670.0,672.5,669.5,268.0,17986500.0,7646
2023-05-10 21:09:24,i2402,i2402,669.5,0.0,0.0,0.0,91,669.0,670.0,29,669.0,670.0,672.5,669.5,268.0,17986500.0,7646
2023-05-10 21:09:25,i2402,i2402,669.5,0.0,0.0,0.0,91,669.0,670.0,31,669.0,670.0,672.5,669.5,268.0,17986500.0,7646
2023-05-10 21:09:26,i2402,i2402,669.5,0.0,0.0,0.0,91,669.0,670.0,29,669.0,670.0,672.5,669.5,268.0,17986500.0,7646
2023-05-10 21:09:26,i2402,i2402,669.5,0.0,0.0,0.0,91,669.0,670.0,33,669.0,670.0,672.5,669.5,268.0,17986500.0,7646
2023-05-10 21:09:27,i2402,i2402,669.5,0.0,0.0,0.0,89,669.0,670.0,33,669.0,670.0,672.5,669.5,268.0,17986500.0,7646
2023-05-10 21:09:28,i2402,i2402,669.5,0.0,0.0,0.0,89,669.0,670.0,34,669.0,670.0,672.5,669.5,268.0,17986500.0,7646
2023-05-10 21:09:28,i2402,i2402,669.5,0.0,0.0,0.0,90,669.0,670.0,36,669.0,670.0,672.5,669.5,268.0,17986500.0,7646
2023-05-10 21:09:31,i2402,i2402,669.5,0.0,0.0,0.0,90,669.0,670.0,38,669.0,670.0,672.5,669.5,268.0,17986500.0,7646
2023-05-10 21:09:31,i2402,i2402,669.5,0.0,0.0,0.0,90,669.0,670.0,36,669.0,670.0,672.5,669.5,268.0,17986500.0,7646
2023-05-10 21:09:38,i2402,i2402,669.5,0.0,0.0,0.0,84,669.0,670.0,36,669.0,670.0,672.5,669.5,268.0,17986500.0,7646
2023-05-10 21:09:41,i2402,i2402,669.5,0.0,0.0,0.0,84,669.0,670.0,38,669.0,670.0,672.5,669.5,268.0,17986500.0,7646
2023-05-10 21:09:43,i2402,i2402,669.5,4.0,267800.0,-2.0,76,669.0,670.0,41,669.0,670.0,672.5,669.5,272.0,18254300.0,7644
2023-05-10 21:09:44,i2402,i2402,669.5,0.0,0.0,0.0,79,669.0,670.0,39,669.0,670.0,672.5,669.5,272.0,18254300.0,7644
2023-05-10 21:09:44,i2402,i2402,669.5,0.0,0.0,0.0,81,669.0,670.0,41,669.0,670.0,672.5,669.5,272.0,18254300.0,7644
2023-05-10 21:09:45,i2402,i2402,669.5,0.0,0.0,0.0,70,669.0,670.0,41,669.0,670.0,672.5,669.5,272.0,18254300.0,7644
2023-05-10 21:09:46,i2402,i2402,669.5,0.0,0.0,0.0,65,669.0,670.0,41,669.0,670.0,672.5,669.5,272.0,18254300.0,7644
2023-05-10 21:09:47,i2402,i2402,669.5,0.0,0.0,0.0,64,669.0,670.0,41,669.0,670.0,672.5,669.5,272.0,18254300.0,7644
2023-05-10 21:09:48,i2402,i2402,669.5,0.0,0.0,0.0,66,669.0,670.0,39,669.0,670.0,672.5,669.5,272.0,18254300.0,7644
2023-05-10 21:09:48,i2402,i2402,669.5,0.0,0.0,0.0,64,669.0,670.0,39,669.0,670.0,672.5,669.5,272.0,18254300.0,7644
2023-05-10 21:09:49,i2402,i2402,669.5,0.0,0.0,0.0,2,669.5,670.0,29,669.0,670.0,672.5,669.5,272.0,18254300.0,7644
2023-05-10 21:09:50,i2402,i2402,669.5,0.0,0.0,0.0,74,669.0,670.0,30,669.0,670.0,672.5,669.5,272.0,18254300.0,7644
2023-05-10 21:09:50,i2402,i2402,669.5,0.0,0.0,0.0,76,669.0,670.0,34,669.0,670.0,672.5,669.5,272.0,18254300.0,7644
2023-05-10 21:09:51,i2402,i2402,669.5,0.0,0.0,0.0,75,669.0,670.0,34,669.0,670.0,672.5,669.5,272.0,18254300.0,7644
2023-05-10 21:09:51,i2402,i2402,669.5,0.0,0.0,0.0,75,669.0,670.0,36,669.0,670.0,672.5,669.5,272.0,18254300.0,7644
2023-05-10 21:09:52,i2402,i2402,669.5,0.0,0.0,0.0,87,669.0,670.0,38,669.0,670.0,672.5,669.5,272.0,18254300.0,7644
2023-05-10 21:09:53,i2402,i2402,669.5,0.0,0.0,0.0,73,669.0,670.0,47,669.0,670.0,672.5,669.5,272.0,18254300.0,7644
2023-05-10 21:09:53,i2402,i2402,669.5,0.0,0.0,0.0,83,669.0,670.0,43,669.0,670.0,672.5,669.5,272.0,18254300.0,7644
2023-05-10 21:09:54,i2402,i2402,669.5,0.0,0.0,0.0,90,669.0,670.0,40,669.0,670.0,672.5,669.5,272.0,18254300.0,7644
2023-05-10 21:09:54,i2402,i2402,669.5,0.0,0.0,0.0,92,669.0,670.0,34,669.0,670.0,672.5,669.5,272.0,18254300.0,7644
2023-05-10 21:10:02,i2402,i2402,669.5,0.0,0.0,0.0,80,669.0,670.0,38,669.0,670.0,672.5,669.5,272.0,18254300.0,7644
2023-05-10 21:10:02,i2402,i2402,669.5,0.0,0.0,0.0,78,669.0,670.0,36,669.0,670.0,672.5,669.5,272.0,18254300.0,7644
2023-05-10 21:10:03,i2402,i2402,669.5,0.0,0.0,0.0,85,669.0,670.0,36,669.0,670.0,672.5,669.5,272.0,18254300.0,7644
2023-05-10 21:10:03,i2402,i2402,669.5,0.0,0.0,0.0,87,669.0,670.0,38,669.0,670.0,672.5,669.5,272.0,18254300.0,7644
2023-05-10 21:10:04,i2402,i2402,669.5,0.0,0.0,0.0,85,669.0,670.0,38,669.0,670.0,672.5,669.5,272.0,18254300.0,7644
2023-05-10 21:10:04,i2402,i2402,669.5,0.0,0.0,0.0,80,669.0,670.0,38,669.0,670.0,672.5,669.5,272.0,18254300.0,7644
2023-05-10 21:10:05,i2402,i2402,669.5,0.0,0.0,0.0,70,669.0,670.0,38,669.0,670.0,672.5,669.5,272.0,18254300.0,7644
2023-05-10 21:10:05,i2402,i2402,669.5,0.0,0.0,0.0,29,669.0,670.0,42,669.0,670.0,672.5,669.5,272.0,18254300.0,7644
2023-05-10 21:10:06,i2402,i2402,669.5,0.0,0.0,0.0,21,669.0,669.5,12,669.0,670.0,672.5,669.5,272.0,18254300.0,7644
2023-05-10 21:10:06,i2402,i2402,669.5,0.0,0.0,0.0,16,669.0,669.5,18,669.0,670.0,672.5,669.5,272.0,18254300.0,7644
2023-05-10 21:10:07,i2402,i2402,669.5,0.0,0.0,0.0,6,669.0,669.5,28,669.0,670.0,672.5,669.5,272.0,18254300.0,7644
2023-05-10 21:10:07,i2402,i2402,669.5,0.0,0.0,0.0,107,668.5,669.5,32,669.0,670.0,672.5,669.5,272.0,18254300.0,7644
2023-05-10 21:10:08,i2402,i2402,669.5,0.0,0.0,0.0,109,668.5,669.5,34,669.0,670.0,672.5,669.5,272.0,18254300.0,7644
2023-05-10 21:10:11,i2402,i2402,669.5,0.0,0.0,0.0,51,668.5,669.0,2,669.0,670.0,672.5,669.5,272.0,18254300.0,7644
2023-05-10 21:10:11,i2402,i2402,669.5,0.0,0.0,0.0,24,668.5,669.5,45,669.0,670.0,672.5,669.5,272.0,18254300.0,7644
2023-05-10 21:10:12,i2402,i2402,669.5,0.0,0.0,0.0,22,668.5,669.5,45,669.0,670.0,672.5,669.5,272.0,18254300.0,7644
2023-05-10 21:10:12,i2402,i2402,669.5,0.0,0.0,0.0,36,668.5,669.5,43,669.0,670.0,672.5,669.5,272.0,18254300.0,7644
2023-05-10 21:10:13,i2402,i2402,669.5,0.0,0.0,0.0,39,668.5,669.5,44,669.0,670.0,672.5,669.5,272.0,18254300.0,7644
2023-05-10 21:10:14,i2402,i2402,669.5,0.0,0.0,0.0,34,668.5,669.5,44,669.0,670.0,672.5,669.5,272.0,18254300.0,7644
2023-05-10 21:10:15,i2402,i2402,669.5,0.0,0.0,0.0,34,668.5,669.5,43,669.0,670.0,672.5,669.5,272.0,18254300.0,7644
2023-05-10 21:10:15,i2402,i2402,669.5,0.0,0.0,0.0,35,668.5,669.5,42,669.0,670.0,672.5,669.5,272.0,18254300.0,7644
2023-05-10 21:10:16,i2402,i2402,669.5,0.0,0.0,0.0,28,668.5,669.5,33,669.0,670.0,672.5,669.5,272.0,18254300.0,7644
2023-05-10 21:10:16,i2402,i2402,669.5,0.0,0.0,0.0,22,668.5,669.0,14,669.0,670.0,672.5,669.5,272.0,18254300.0,7644
2023-05-10 21:10:17,i2402,i2402,669.5,0.0,0.0,0.0,20,668.5,669.0,16,669.0,670.0,672.5,669.5,272.0,18254300.0,7644
2023-05-10 21:10:17,i2402,i2402,669.5,0.0,0.0,0.0,16,668.5,669.0,20,669.0,670.0,672.5,669.5,272.0,18254300.0,7644
2023-05-10 21:10:18,i2402,i2402,669.5,0.0,0.0,0.0,4,668.5,669.0,28,669.0,670.0,672.5,669.5,272.0,18254300.0,7644
2023-05-10 21:10:18,i2402,i2402,669.5,0.0,0.0,0.0,105,668.0,669.0,34,669.0,670.0,672.5,669.5,272.0,18254300.0,7644
2023-05-10 21:10:19,i2402,i2402,669.5,0.0,0.0,0.0,69,668.0,668.5,2,669.0,670.0,672.5,669.5,272.0,18254300.0,7644
2023-05-10 21:10:19,i2402,i2402,669.5,0.0,0.0,0.0,60,668.0,669.0,37,669.0,670.0,672.5,669.5,272.0,18254300.0,7644
2023-05-10 21:10:20,i2402,i2402,669.5,0.0,0.0,0.0,59,668.0,669.0,37,669.0,670.0,672.5,669.5,272.0,18254300.0,7644
2023-05-10 21:10:20,i2402,i2402,669.5,0.0,0.0,0.0,68,668.0,669.0,39,669.0,670.0,672.5,669.5,272.0,18254300.0,7644
2023-05-10 21:10:21,i2402,i2402,669.5,0.0,0.0,0.0,73,668.0,669.0,39,669.0,670.0,672.5,669.5,272.0,18254300.0,7644
2023-05-10 21:10:21,i2402,i2402,669.5,0.0,0.0,0.0,74,668.0,669.0,39,669.0,670.0,672.5,669.5,272.0,18254300.0,7644
2023-05-10 21:10:22,i2402,i2402,669.5,0.0,0.0,0.0,33,668.0,669.0,37,669.0,670.0,672.5,669.5,272.0,18254300.0,7644
2023-05-10 21:10:22,i2402,i2402,669.5,0.0,0.0,0.0,23,668.0,668.5,12,669.0,670.0,672.5,669.5,272.0,18254300.0,7644
2023-05-10 21:10:23,i2402,i2402,669.5,0.0,0.0,0.0,21,668.0,668.5,16,669.0,670.0,672.5,669.5,272.0,18254300.0,7644
2023-05-10 21:10:23,i2402,i2402,669.5,0.0,0.0,0.0,19,668.0,668.5,6,669.0,670.0,672.5,669.5,272.0,18254300.0,7644
2023-05-10 21:10:24,i2402,i2402,669.5,0.0,0.0,0.0,35,668.0,668.5,2,669.0,670.0,672.5,669.5,272.0,18254300.0,7644
2023-05-10 21:10:24,i2402,i2402,668.5,2.0,133700.0,-2.0,70,668.0,669.0,49,669.0,670.0,672.5,668.5,274.0,18388000.0,7642
2023-05-10 21:10:25,i2402,i2402,668.5,0.0,0.0,0.0,70,668.0,669.0,43,669.0,670.0,672.5,668.5,274.0,18388000.0,7642
2023-05-10 21:10:25,i2402,i2402,668.5,0.0,0.0,0.0,47,668.0,669.0,38,669.0,670.0,672.5,668.5,274.0,18388000.0,7642
2023-05-10 21:10:26,i2402,i2402,668.5,0.0,0.0,0.0,44,668.0,669.0,37,669.0,670.0,672.5,668.5,274.0,18388000.0,7642
2023-05-10 21:10:26,i2402,i2402,668.5,0.0,0.0,0.0,53,668.0,669.0,37,669.0,670.0,672.5,668.5,274.0,18388000.0,7642
2023-05-10 21:10:27,i2402,i2402,668.5,0.0,0.0,0.0,59,668.0,669.0,39,669.0,670.0,672.5,668.5,274.0,18388000.0,7642
2023-05-10 21:10:28,i2402,i2402,668.5,0.0,0.0,0.0,90,668.0,669.0,39,669.0,670.0,672.5,668.5,274.0,18388000.0,7642
2023-05-10 21:10:28,i2402,i2402,668.5,0.0,0.0,0.0,6,668.5,669.0,24,669.0,670.0,672.5,668.5,274.0,18388000.0,7642
2023-05-10 21:10:29,i2402,i2402,668.5,0.0,0.0,0.0,5,668.5,669.0,16,669.0,670.0,672.5,668.5,274.0,18388000.0,7642
2023-05-10 21:10:29,i2402,i2402,668.5,0.0,0.0,0.0,31,668.5,669.0,14,669.0,670.0,672.5,668.5,274.0,18388000.0,7642
2023-05-10 21:10:30,i2402,i2402,669.0,14.0,936600.0,-4.0,8,669.0,669.5,32,669.0,670.0,672.5,668.5,288.0,19324600.0,7638
2023-05-10 21:10:30,i2402,i2402,669.0,0.0,0.0,0.0,10,669.0,669.5,36,669.0,670.0,672.5,668.5,288.0,19324600.0,7638
2023-05-10 21:10:32,i2402,i2402,669.0,0.0,0.0,0.0,8,669.0,669.5,34,669.0,670.0,672.5,668.5,288.0,19324600.0,7638
2023-05-10 21:10:32,i2402,i2402,669.0,0.0,0.0,0.0,8,669.0,669.5,36,669.0,670.0,672.5,668.5,288.0,19324600.0,7638
2023-05-10 21:10:34,i2402,i2402,669.0,0.0,0.0,0.0,8,669.0,669.5,40,669.0,670.0,672.5,668.5,288.0,19324600.0,7638
2023-05-10 21:10:35,i2402,i2402,669.0,4.0,267600.0,2.0,4,669.0,669.5,32,669.0,670.0,672.5,668.5,292.0,19592200.0,7640
2023-05-10 21:10:35,i2402,i2402,669.0,4.0,267600.0,-2.0,28,668.5,669.5,22,669.0,670.0,672.5,668.5,296.0,19859800.0,7638
2023-05-10 21:10:36,i2402,i2402,669.0,0.0,0.0,0.0,24,668.5,669.5,43,669.0,670.0,672.5,668.5,296.0,19859800.0,7638
2023-05-10 21:10:36,i2402,i2402,669.0,0.0,0.0,0.0,26,668.5,669.5,45,669.0,670.0,672.5,668.5,296.0,19859800.0,7638
2023-05-10 21:10:37,i2402,i2402,669.0,0.0,0.0,0.0,26,668.5,669.5,42,669.0,670.0,672.5,668.5,296.0,19859800.0,7638
2023-05-10 21:10:38,i2402,i2402,669.0,0.0,0.0,0.0,26,668.5,669.5,45,669.0,670.0,672.5,668.5,296.0,19859800.0,7638
2023-05-10 21:10:40,i2402,i2402,669.0,0.0,0.0,0.0,40,668.5,669.5,48,669.0,670.0,672.5,668.5,296.0,19859800.0,7638
2023-05-10 21:10:40,i2402,i2402,669.0,0.0,0.0,0.0,55,668.5,669.5,43,669.0,670.0,672.5,668.5,296.0,19859800.0,7638
2023-05-10 21:10:41,i2402,i2402,669.0,0.0,0.0,0.0,80,668.5,669.5,48,669.0,670.0,672.5,668.5,296.0,19859800.0,7638
2023-05-10 21:10:41,i2402,i2402,669.0,0.0,0.0,0.0,89,668.5,669.5,43,669.0,670.0,672.5,668.5,296.0,19859800.0,7638
2023-05-10 21:10:42,i2402,i2402,669.0,0.0,0.0,0.0,28,668.5,669.5,39,669.0,670.0,672.5,668.5,296.0,19859800.0,7638
2023-05-10 21:10:42,i2402,i2402,669.0,0.0,0.0,0.0,26,668.5,669.5,45,669.0,670.0,672.5,668.5,296.0,19859800.0,7638
2023-05-10 21:10:45,i2402,i2402,669.0,0.0,0.0,0.0,24,668.5,669.5,45,669.0,670.0,672.5,668.5,296.0,19859800.0,7638
2023-05-10 21:10:45,i2402,i2402,669.0,0.0,0.0,0.0,85,668.5,669.5,48,669.0,670.0,672.5,668.5,296.0,19859800.0,7638
2023-05-10 21:10:46,i2402,i2402,669.0,0.0,0.0,0.0,91,668.5,669.5,44,669.0,670.0,672.5,668.5,296.0,19859800.0,7638
2023-05-10 21:10:46,i2402,i2402,669.0,0.0,0.0,0.0,10,669.0,669.5,19,669.0,670.0,672.5,668.5,296.0,19859800.0,7638
2023-05-10 21:10:47,i2402,i2402,669.0,0.0,0.0,0.0,6,669.0,669.5,16,669.0,670.0,672.5,668.5,296.0,19859800.0,7638
2023-05-10 21:10:47,i2402,i2402,669.0,0.0,0.0,0.0,2,669.0,669.5,22,669.0,670.0,672.5,668.5,296.0,19859800.0,7638
2023-05-10 21:10:48,i2402,i2402,669.0,0.0,0.0,0.0,2,669.0,669.5,24,669.0,670.0,672.5,668.5,296.0,19859800.0,7638
2023-05-10 21:10:50,i2402,i2402,669.0,2.0,133800.0,0.0,89,668.5,669.5,28,669.0,670.0,672.5,668.5,298.0,19993600.0,7638
2023-05-10 21:10:50,i2402,i2402,669.0,0.0,0.0,0.0,89,668.5,669.5,32,669.0,670.0,672.5,668.5,298.0,19993600.0,7638
2023-05-10 21:10:51,i2402,i2402,669.0,0.0,0.0,0.0,2,669.0,669.5,31,669.0,670.0,672.5,668.5,298.0,19993600.0,7638
2023-05-10 21:10:52,i2402,i2402,669.0,0.0,0.0,0.0,2,669.0,669.5,33,669.0,670.0,672.5,668.5,298.0,19993600.0,7638
2023-05-10 21:10:53,i2402,i2402,669.0,2.0,133800.0,2.0,39,668.5,669.5,38,669.0,670.0,672.5,668.5,300.0,20127400.0,7640
2023-05-10 21:10:53,i2402,i2402,669.0,0.0,0.0,0.0,22,668.5,669.5,44,669.0,670.0,672.5,668.5,300.0,20127400.0,7640
2023-05-10 21:10:54,i2402,i2402,669.0,0.0,0.0,0.0,16,668.5,669.0,11,669.0,670.0,672.5,668.5,300.0,20127400.0,7640
2023-05-10 21:10:54,i2402,i2402,669.0,0.0,0.0,0.0,12,668.5,669.0,11,669.0,670.0,672.5,668.5,300.0,20127400.0,7640
2023-05-10 21:10:55,i2402,i2402,669.0,0.0,0.0,0.0,4,668.5,669.0,19,669.0,670.0,672.5,668.5,300.0,20127400.0,7640
2023-05-10 21:10:55,i2402,i2402,669.0,0.0,0.0,0.0,71,668.0,669.0,27,669.0,670.0,672.5,668.5,300.0,20127400.0,7640
2023-05-10 21:10:56,i2402,i2402,669.0,0.0,0.0,0.0,38,668.0,669.0,30,669.0,670.0,672.5,668.5,300.0,20127400.0,7640
2023-05-10 21:10:56,i2402,i2402,669.0,0.0,0.0,0.0,17,668.0,668.5,8,669.0,670.0,672.5,668.5,300.0,20127400.0,7640
2023-05-10 21:10:57,i2402,i2402,669.0,0.0,0.0,0.0,10,668.0,668.5,11,669.0,670.0,672.5,668.5,300.0,20127400.0,7640
2023-05-10 21:10:57,i2402,i2402,669.0,0.0,0.0,0.0,2,668.0,668.5,27,669.0,670.0,672.5,668.5,300.0,20127400.0,7640
2023-05-10 21:10:58,i2402,i2402,669.0,0.0,0.0,0.0,56,667.5,668.5,33,669.0,670.0,672.5,668.5,300.0,20127400.0,7640
2023-05-10 21:10:58,i2402,i2402,669.0,0.0,0.0,0.0,54,667.5,668.5,35,669.0,670.0,672.5,668.5,300.0,20127400.0,7640
2023-05-10 21:10:59,i2402,i2402,669.0,0.0,0.0,0.0,57,667.5,668.5,36,669.0,670.0,672.5,668.5,300.0,20127400.0,7640
2023-05-10 21:10:59,i2402,i2402,669.0,0.0,0.0,0.0,21,667.5,668.0,2,669.0,670.0,672.5,668.5,300.0,20127400.0,7640
2023-05-10 21:11:00,i2402,i2402,669.0,0.0,0.0,0.0,4,667.5,668.0,30,669.0,670.0,672.5,668.5,300.0,20127400.0,7640
2023-05-10 21:11:00,i2402,i2402,669.0,0.0,0.0,0.0,84,667.0,668.0,42,669.0,670.0,672.5,668.5,300.0,20127400.0,7640
2023-05-10 21:11:01,i2402,i2402,669.0,0.0,0.0,0.0,82,667.0,668.0,41,669.0,670.0,672.5,668.5,300.0,20127400.0,7640
2023-05-10 21:11:01,i2402,i2402,669.0,0.0,0.0,0.0,83,667.0,668.0,43,669.0,670.0,672.5,668.5,300.0,20127400.0,7640
2023-05-10 21:11:02,i2402,i2402,669.0,0.0,0.0,0.0,92,667.0,668.0,43,669.0,670.0,672.5,668.5,300.0,20127400.0,7640
2023-05-10 21:11:03,i2402,i2402,669.0,0.0,0.0,0.0,70,667.0,668.0,41,669.0,670.0,672.5,668.5,300.0,20127400.0,7640
2023-05-10 21:11:03,i2402,i2402,669.0,0.0,0.0,0.0,67,667.0,668.0,44,669.0,670.0,672.5,668.5,300.0,20127400.0,7640
2023-05-10 21:11:04,i2402,i2402,669.0,0.0,0.0,0.0,66,667.0,668.0,44,669.0,670.0,672.5,668.5,300.0,20127400.0,7640
2023-05-10 21:11:04,i2402,i2402,669.0,0.0,0.0,0.0,2,667.5,668.0,40,669.0,670.0,672.5,668.5,300.0,20127400.0,7640
2023-05-10 21:11:05,i2402,i2402,669.0,0.0,0.0,0.0,2,667.5,668.0,41,669.0,670.0,672.5,668.5,300.0,20127400.0,7640
2023-05-10 21:11:05,i2402,i2402,669.0,0.0,0.0,0.0,63,667.5,668.0,20,669.0,670.0,672.5,668.5,300.0,20127400.0,7640
2023-05-10 21:11:06,i2402,i2402,668.0,20.0,1336000.0,-4.0,16,668.0,668.5,14,669.0,670.0,672.5,668.0,320.0,21463400.0,7636
2023-05-10 21:11:06,i2402,i2402,668.0,0.0,0.0,0.0,22,668.0,669.0,44,669.0,670.0,672.5,668.0,320.0,21463400.0,7636
2023-05-10 21:11:07,i2402,i2402,668.0,0.0,0.0,0.0,22,668.0,668.5,18,669.0,670.0,672.5,668.0,320.0,21463400.0,7636
2023-05-10 21:11:07,i2402,i2402,668.0,0.0,0.0,0.0,21,668.0,668.5,24,669.0,670.0,672.5,668.0,320.0,21463400.0,7636
2023-05-10 21:11:08,i2402,i2402,668.0,0.0,0.0,0.0,17,668.0,668.5,28,669.0,670.0,672.5,668.0,320.0,21463400.0,7636
2023-05-10 21:11:08,i2402,i2402,668.0,0.0,0.0,0.0,17,668.0,668.5,24,669.0,670.0,672.5,668.0,320.0,21463400.0,7636
2023-05-10 21:11:09,i2402,i2402,668.0,0.0,0.0,0.0,17,668.0,668.5,25,669.0,670.0,672.5,668.0,320.0,21463400.0,7636
2023-05-10 21:11:10,i2402,i2402,668.0,17.0,1135600.0,6.0,53,667.5,668.5,25,669.0,670.0,672.5,668.0,337.0,22599000.0,7642
2023-05-10 21:11:10,i2402,i2402,668.0,0.0,0.0,0.0,56,667.5,668.5,33,669.0,670.0,672.5,668.0,337.0,22599000.0,7642
2023-05-10 21:11:11,i2402,i2402,668.0,0.0,0.0,0.0,51,667.5,668.5,35,669.0,670.0,672.5,668.0,337.0,22599000.0,7642
2023-05-10 21:11:11,i2402,i2402,668.0,0.0,0.0,0.0,26,667.5,668.0,12,669.0,670.0,672.5,668.0,337.0,22599000.0,7642
2023-05-10 21:11:12,i2402,i2402,667.5,25.0,1668750.0,9.0,56,667.0,667.5,8,669.0,670.0,672.5,667.5,362.0,24267750.0,7651
2023-05-10 21:11:12,i2402,i2402,667.5,2.0,133500.0,1.0,60,667.0,667.5,8,669.0,670.0,672.5,667.5,364.0,24401250.0,7652
2023-05-10 21:11:13,i2402,i2402,667.5,0.0,0.0,0.0,56,667.0,667.5,8,669.0,670.0,672.5,667.5,364.0,24401250.0,7652
2023-05-10 21:11:14,i2402,i2402,667.5,0.0,0.0,0.0,22,667.0,667.5,14,669.0,670.0,672.5,667.5,364.0,24401250.0,7652
2023-05-10 21:11:14,i2402,i2402,667.5,0.0,0.0,0.0,14,667.0,667.5,20,669.0,670.0,672.5,667.5,364.0,24401250.0,7652
2023-05-10 21:11:15,i2402,i2402,667.5,0.0,0.0,0.0,2,667.0,667.5,30,669.0,670.0,672.5,667.5,364.0,24401250.0,7652
2023-05-10 21:11:15,i2402,i2402,667.5,0.0,0.0,0.0,90,666.5,667.5,39,669.0,670.0,672.5,667.5,364.0,24401250.0,7652
2023-05-10 21:11:16,i2402,i2402,667.5,0.0,0.0,0.0,52,666.5,667.0,2,669.0,670.0,672.5,667.5,364.0,24401250.0,7652
2023-05-10 21:11:16,i2402,i2402,667.5,0.0,0.0,0.0,51,666.5,667.0,4,669.0,670.0,672.5,667.5,364.0,24401250.0,7652
2023-05-10 21:11:17,i2402,i2402,667.5,0.0,0.0,0.0,48,666.5,667.0,4,669.0,670.0,672.5,667.5,364.0,24401250.0,7652
2023-05-10 21:11:17,i2402,i2402,667.5,0.0,0.0,0.0,49,666.5,667.0,4,669.0,670.0,672.5,667.5,364.0,24401250.0,7652
2023-05-10 21:11:18,i2402,i2402,667.5,0.0,0.0,0.0,77,666.5,667.0,4,669.0,670.0,672.5,667.5,364.0,24401250.0,7652
2023-05-10 21:11:19,i2402,i2402,667.5,0.0,0.0,0.0,60,666.5,667.0,4,669.0,670.0,672.5,667.5,364.0,24401250.0,7652
2023-05-10 21:11:20,i2402,i2402,667.5,0.0,0.0,0.0,86,666.5,667.0,4,669.0,670.0,672.5,667.5,364.0,24401250.0,7652
2023-05-10 21:11:20,i2402,i2402,667.0,4.0,266800.0,0.0,88,666.5,667.0,2,669.0,670.0,672.5,667.0,368.0,24668050.0,7652
2023-05-10 21:11:21,i2402,i2402,667.0,2.0,133400.0,2.0,1,667.0,667.5,47,669.0,670.0,672.5,667.0,370.0,24801450.0,7654
2023-05-10 21:11:21,i2402,i2402,667.0,0.0,0.0,0.0,71,667.0,667.5,14,669.0,670.0,672.5,667.0,370.0,24801450.0,7654
2023-05-10 21:11:22,i2402,i2402,667.0,0.0,0.0,0.0,76,667.0,667.5,4,669.0,670.0,672.5,667.0,370.0,24801450.0,7654
2023-05-10 21:11:22,i2402,i2402,667.0,0.0,0.0,0.0,30,667.0,667.5,4,669.0,670.0,672.5,667.0,370.0,24801450.0,7654
2023-05-10 21:11:23,i2402,i2402,667.0,0.0,0.0,0.0,13,667.0,667.5,15,669.0,670.0,672.5,667.0,370.0,24801450.0,7654
2023-05-10 21:11:23,i2402,i2402,667.0,0.0,0.0,0.0,9,667.0,667.5,6,669.0,670.0,672.5,667.0,370.0,24801450.0,7654
2023-05-10 21:11:24,i2402,i2402,667.0,0.0,0.0,0.0,11,667.0,667.5,2,669.0,670.0,672.5,667.0,370.0,24801450.0,7654
2023-05-10 21:11:24,i2402,i2402,667.0,0.0,0.0,0.0,13,667.0,667.5,2,669.0,670.0,672.5,667.0,370.0,24801450.0,7654
2023-05-10 21:11:25,i2402,i2402,667.0,0.0,0.0,0.0,12,667.0,667.5,10,669.0,670.0,672.5,667.0,370.0,24801450.0,7654
2023-05-10 21:11:25,i2402,i2402,667.0,0.0,0.0,0.0,5,667.0,667.5,30,669.0,670.0,672.5,667.0,370.0,24801450.0,7654
2023-05-10 21:11:26,i2402,i2402,667.0,0.0,0.0,0.0,1,667.0,667.5,36,669.0,670.0,672.5,667.0,370.0,24801450.0,7654
2023-05-10 21:11:26,i2402,i2402,667.0,1.0,66700.0,0.0,89,666.5,667.5,36,669.0,670.0,672.5,667.0,371.0,24868150.0,7654
2023-05-10 21:11:27,i2402,i2402,667.0,0.0,0.0,0.0,4,667.0,667.5,20,669.0,670.0,672.5,667.0,371.0,24868150.0,7654
2023-05-10 21:11:27,i2402,i2402,667.0,0.0,0.0,0.0,18,667.0,667.5,11,669.0,670.0,672.5,667.0,371.0,24868150.0,7654
2023-05-10 21:11:28,i2402,i2402,667.0,0.0,0.0,0.0,67,667.0,667.5,2,669.0,670.0,672.5,667.0,371.0,24868150.0,7654
2023-05-10 21:11:28,i2402,i2402,667.5,2.0,133500.0,0.0,86,667.0,668.0,57,669.0,670.0,672.5,667.0,373.0,25001650.0,7654
2023-05-10 21:11:29,i2402,i2402,667.5,0.0,0.0,0.0,89,667.0,668.0,59,669.0,670.0,672.5,667.0,373.0,25001650.0,7654
2023-05-10 21:11:29,i2402,i2402,667.5,0.0,0.0,0.0,91,667.0,668.0,59,669.0,670.0,672.5,667.0,373.0,25001650.0,7654
2023-05-10 21:11:31,i2402,i2402,667.5,0.0,0.0,0.0,95,667.0,668.0,45,669.0,670.0,672.5,667.0,373.0,25001650.0,7654
2023-05-10 21:11:31,i2402,i2402,667.5,0.0,0.0,0.0,22,667.5,668.0,20,669.0,670.0,672.5,667.0,373.0,25001650.0,7654
2023-05-10 21:11:32,i2402,i2402,667.5,0.0,0.0,0.0,72,667.5,668.5,49,669.0,670.0,672.5,667.0,373.0,25001650.0,7654
2023-05-10 21:11:32,i2402,i2402,667.5,0.0,0.0,0.0,77,667.5,668.5,45,669.0,670.0,672.5,667.0,373.0,25001650.0,7654
2023-05-10 21:11:33,i2402,i2402,667.5,0.0,0.0,0.0,77,667.5,668.5,44,669.0,670.0,672.5,667.0,373.0,25001650.0,7654
2023-05-10 21:11:33,i2402,i2402,667.5,0.0,0.0,0.0,76,667.5,668.5,42,669.0,670.0,672.5,667.0,373.0,25001650.0,7654
2023-05-10 21:11:34,i2402,i2402,667.5,0.0,0.0,0.0,58,667.5,668.5,35,669.0,670.0,672.5,667.0,373.0,25001650.0,7654
2023-05-10 21:11:34,i2402,i2402,667.5,0.0,0.0,0.0,55,667.5,668.5,44,669.0,670.0,672.5,667.0,373.0,25001650.0,7654
2023-05-10 21:11:35,i2402,i2402,667.5,0.0,0.0,0.0,55,667.5,668.5,45,669.0,670.0,672.5,667.0,373.0,25001650.0,7654
2023-05-10 21:11:36,i2402,i2402,667.5,0.0,0.0,0.0,55,667.5,668.5,44,669.0,670.0,672.5,667.0,373.0,25001650.0,7654
2023-05-10 21:11:37,i2402,i2402,667.5,0.0,0.0,0.0,65,667.5,668.5,44,669.0,670.0,672.5,667.0,373.0,25001650.0,7654
2023-05-10 21:11:37,i2402,i2402,667.5,0.0,0.0,0.0,55,667.5,668.5,44,669.0,670.0,672.5,667.0,373.0,25001650.0,7654
2023-05-10 21:11:38,i2402,i2402,667.5,0.0,0.0,0.0,54,667.5,668.5,44,669.0,670.0,672.5,667.0,373.0,25001650.0,7654
2023-05-10 21:11:40,i2402,i2402,667.5,0.0,0.0,0.0,53,667.5,668.5,44,669.0,670.0,672.5,667.0,373.0,25001650.0,7654
2023-05-10 21:11:41,i2402,i2402,667.5,0.0,0.0,0.0,54,667.5,668.5,44,669.0,670.0,672.5,667.0,373.0,25001650.0,7654
2023-05-10 21:11:41,i2402,i2402,667.5,0.0,0.0,0.0,51,667.5,668.5,41,669.0,670.0,672.5,667.0,373.0,25001650.0,7654
2023-05-10 21:11:42,i2402,i2402,667.5,0.0,0.0,0.0,51,667.5,668.5,36,669.0,670.0,672.5,667.0,373.0,25001650.0,7654
2023-05-10 21:11:42,i2402,i2402,667.5,0.0,0.0,0.0,49,667.5,668.5,42,669.0,670.0,672.5,667.0,373.0,25001650.0,7654
2023-05-10 21:11:43,i2402,i2402,667.5,0.0,0.0,0.0,47,667.5,668.5,40,669.0,670.0,672.5,667.0,373.0,25001650.0,7654
2023-05-10 21:11:43,i2402,i2402,667.5,0.0,0.0,0.0,52,667.5,668.5,40,669.0,670.0,672.5,667.0,373.0,25001650.0,7654
2023-05-10 21:11:44,i2402,i2402,667.5,0.0,0.0,0.0,58,667.5,668.5,40,669.0,670.0,672.5,667.0,373.0,25001650.0,7654
2023-05-10 21:11:44,i2402,i2402,667.5,0.0,0.0,0.0,57,667.5,668.5,40,669.0,670.0,672.5,667.0,373.0,25001650.0,7654
2023-05-10 21:11:45,i2402,i2402,667.5,0.0,0.0,0.0,56,667.5,668.5,40,669.0,670.0,672.5,667.0,373.0,25001650.0,7654
2023-05-10 21:11:46,i2402,i2402,667.5,0.0,0.0,0.0,53,667.5,668.5,40,669.0,670.0,672.5,667.0,373.0,25001650.0,7654
2023-05-10 21:11:46,i2402,i2402,667.5,0.0,0.0,0.0,55,667.5,668.5,40,669.0,670.0,672.5,667.0,373.0,25001650.0,7654
2023-05-10 21:11:48,i2402,i2402,667.5,0.0,0.0,0.0,64,667.5,668.5,40,669.0,670.0,672.5,667.0,373.0,25001650.0,7654
2023-05-10 21:11:49,i2402,i2402,667.5,0.0,0.0,0.0,67,667.5,668.5,42,669.0,670.0,672.5,667.0,373.0,25001650.0,7654
2023-05-10 21:11:50,i2402,i2402,667.5,0.0,0.0,0.0,67,667.5,668.5,40,669.0,670.0,672.5,667.0,373.0,25001650.0,7654
2023-05-10 21:11:50,i2402,i2402,667.5,0.0,0.0,0.0,58,667.5,668.5,40,669.0,670.0,672.5,667.0,373.0,25001650.0,7654
2023-05-10 21:11:51,i2402,i2402,667.5,0.0,0.0,0.0,55,667.5,668.5,40,669.0,670.0,672.5,667.0,373.0,25001650.0,7654
2023-05-10 21:11:51,i2402,i2402,667.5,0.0,0.0,0.0,55,667.5,668.5,42,669.0,670.0,672.5,667.0,373.0,25001650.0,7654
2023-05-10 21:11:52,i2402,i2402,667.5,0.0,0.0,0.0,31,667.5,668.5,35,669.0,670.0,672.5,667.0,373.0,25001650.0,7654
2023-05-10 21:11:52,i2402,i2402,667.5,0.0,0.0,0.0,11,667.5,668.0,17,669.0,670.0,672.5,667.0,373.0,25001650.0,7654
2023-05-10 21:11:53,i2402,i2402,667.5,0.0,0.0,0.0,95,667.0,668.0,28,669.0,670.0,672.5,667.0,373.0,25001650.0,7654
2023-05-10 21:11:53,i2402,i2402,667.5,0.0,0.0,0.0,96,667.0,668.0,30,669.0,670.0,672.5,667.0,373.0,25001650.0,7654
2023-05-10 21:11:54,i2402,i2402,667.5,0.0,0.0,0.0,97,667.0,668.0,32,669.0,670.0,672.5,667.0,373.0,25001650.0,7654
2023-05-10 21:11:54,i2402,i2402,667.5,0.0,0.0,0.0,97,667.0,668.0,33,669.0,670.0,672.5,667.0,373.0,25001650.0,7654
2023-05-10 21:11:57,i2402,i2402,667.5,0.0,0.0,0.0,97,667.0,668.0,32,669.0,670.0,672.5,667.0,373.0,25001650.0,7654
2023-05-10 21:11:58,i2402,i2402,667.5,0.0,0.0,0.0,97,667.0,668.0,33,669.0,670.0,672.5,667.0,373.0,25001650.0,7654
2023-05-10 21:12:01,i2402,i2402,667.5,0.0,0.0,0.0,37,667.0,668.0,28,669.0,670.0,672.5,667.0,373.0,25001650.0,7654
2023-05-10 21:12:01,i2402,i2402,667.5,0.0,0.0,0.0,27,667.0,668.0,51,669.0,670.0,672.5,667.0,373.0,25001650.0,7654
2023-05-10 21:12:02,i2402,i2402,667.5,0.0,0.0,0.0,26,667.0,668.0,53,669.0,670.0,672.5,667.0,373.0,25001650.0,7654
2023-05-10 21:12:02,i2402,i2402,667.5,0.0,0.0,0.0,46,667.0,668.0,47,669.0,670.0,672.5,667.0,373.0,25001650.0,7654
2023-05-10 21:12:03,i2402,i2402,667.5,0.0,0.0,0.0,51,667.0,668.0,45,669.0,670.0,672.5,667.0,373.0,25001650.0,7654
2023-05-10 21:12:03,i2402,i2402,667.5,0.0,0.0,0.0,54,667.0,668.0,44,669.0,670.0,672.5,667.0,373.0,25001650.0,7654
2023-05-10 21:12:04,i2402,i2402,667.5,0.0,0.0,0.0,39,667.0,668.0,44,669.0,670.0,672.5,667.0,373.0,25001650.0,7654
2023-05-10 21:12:04,i2402,i2402,667.5,0.0,0.0,0.0,43,667.0,668.0,47,669.0,670.0,672.5,667.0,373.0,25001650.0,7654
2023-05-10 21:12:05,i2402,i2402,667.5,0.0,0.0,0.0,52,667.0,668.0,47,669.0,670.0,672.5,667.0,373.0,25001650.0,7654
2023-05-10 21:12:05,i2402,i2402,667.5,0.0,0.0,0.0,66,667.0,668.0,44,669.0,670.0,672.5,667.0,373.0,25001650.0,7654
2023-05-10 21:12:07,i2402,i2402,667.5,0.0,0.0,0.0,58,667.0,668.0,44,669.0,670.0,672.5,667.0,373.0,25001650.0,7654
2023-05-10 21:12:07,i2402,i2402,667.5,0.0,0.0,0.0,56,667.0,668.0,44,669.0,670.0,672.5,667.0,373.0,25001650.0,7654
2023-05-10 21:12:08,i2402,i2402,667.5,0.0,0.0,0.0,93,667.0,668.0,44,669.0,670.0,672.5,667.0,373.0,25001650.0,7654
2023-05-10 21:12:11,i2402,i2402,667.5,0.0,0.0,0.0,65,667.5,668.0,12,669.0,670.0,672.5,667.0,373.0,25001650.0,7654
2023-05-10 21:12:11,i2402,i2402,668.0,14.0,935200.0,-6.0,9,668.0,668.5,33,669.0,670.0,672.5,667.0,387.0,25936850.0,7648
2023-05-10 21:12:12,i2402,i2402,668.0,0.0,0.0,0.0,7,668.0,668.5,22,669.0,670.0,672.5,667.0,387.0,25936850.0,7648
2023-05-10 21:12:12,i2402,i2402,668.0,0.0,0.0,0.0,11,668.0,668.5,26,669.0,670.0,672.5,667.0,387.0,25936850.0,7648
2023-05-10 21:12:14,i2402,i2402,668.0,0.0,0.0,0.0,11,668.0,668.5,20,669.0,670.0,672.5,667.0,387.0,25936850.0,7648
2023-05-10 21:12:14,i2402,i2402,668.0,0.0,0.0,0.0,11,668.0,668.5,22,669.0,670.0,672.5,667.0,387.0,25936850.0,7648
2023-05-10 21:12:17,i2402,i2402,668.0,0.0,0.0,0.0,45,668.0,668.5,15,669.0,670.0,672.5,667.0,387.0,25936850.0,7648
2023-05-10 21:12:17,i2402,i2402,668.5,15.0,1002750.0,-4.0,13,668.5,669.0,28,669.0,670.0,672.5,667.0,402.0,26939600.0,7644
2023-05-10 21:12:18,i2402,i2402,668.5,0.0,0.0,0.0,15,668.5,669.0,15,669.0,670.0,672.5,667.0,402.0,26939600.0,7644
2023-05-10 21:12:18,i2402,i2402,668.5,0.0,0.0,0.0,24,668.5,669.0,9,669.0,670.0,672.5,667.0,402.0,26939600.0,7644
2023-05-10 21:12:28,i2402,i2402,668.5,20.0,1337000.0,12.0,21,668.0,668.5,3,669.0,670.0,672.5,667.0,422.0,28276600.0,7656
2023-05-10 21:12:28,i2402,i2402,668.5,0.0,0.0,0.0,12,668.0,668.5,5,669.0,670.0,672.5,667.0,422.0,28276600.0,7656
2023-05-10 21:12:29,i2402,i2402,668.5,0.0,0.0,0.0,16,668.0,668.5,5,669.0,670.0,672.5,667.0,422.0,28276600.0,7656
2023-05-10 21:12:29,i2402,i2402,668.5,0.0,0.0,0.0,20,668.0,668.5,5,669.0,670.0,672.5,667.0,422.0,28276600.0,7656
2023-05-10 21:12:30,i2402,i2402,668.5,0.0,0.0,0.0,22,668.0,668.5,5,669.0,670.0,672.5,667.0,422.0,28276600.0,7656
2023-05-10 21:12:36,i2402,i2402,668.5,0.0,0.0,0.0,20,668.0,668.5,5,669.0,670.0,672.5,667.0,422.0,28276600.0,7656
2023-05-10 21:12:37,i2402,i2402,668.5,0.0,0.0,0.0,18,668.0,668.5,5,669.0,670.0,672.5,667.0,422.0,28276600.0,7656
2023-05-10 21:12:37,i2402,i2402,668.5,0.0,0.0,0.0,20,668.0,668.5,5,669.0,670.0,672.5,667.0,422.0,28276600.0,7656
2023-05-10 21:12:38,i2402,i2402,668.5,0.0,0.0,0.0,22,668.0,668.5,5,669.0,670.0,672.5,667.0,422.0,28276600.0,7656
2023-05-10 21:12:39,i2402,i2402,668.5,0.0,0.0,0.0,24,668.0,668.5,3,669.0,670.0,672.5,667.0,422.0,28276600.0,7656
2023-05-10 21:12:39,i2402,i2402,668.5,0.0,0.0,0.0,22,668.0,668.5,3,669.0,670.0,672.5,667.0,422.0,28276600.0,7656
2023-05-10 21:12:40,i2402,i2402,668.5,0.0,0.0,0.0,20,668.0,668.5,3,669.0,670.0,672.5,667.0,422.0,28276600.0,7656
2023-05-10 21:12:40,i2402,i2402,668.5,0.0,0.0,0.0,24,668.0,668.5,3,669.0,670.0,672.5,667.0,422.0,28276600.0,7656
2023-05-10 21:12:41,i2402,i2402,668.5,3.0,200550.0,0.0,2,668.5,669.0,38,669.0,670.0,672.5,667.0,425.0,28477150.0,7656
2023-05-10 21:12:41,i2402,i2402,668.5,0.0,0.0,0.0,2,668.5,669.0,29,669.0,670.0,672.5,667.0,425.0,28477150.0,7656
2023-05-10 21:12:42,i2402,i2402,668.5,0.0,0.0,0.0,34,668.0,669.0,29,669.0,670.0,672.5,667.0,425.0,28477150.0,7656
2023-05-10 21:12:42,i2402,i2402,668.5,0.0,0.0,0.0,39,668.0,669.0,25,669.0,670.0,672.5,667.0,425.0,28477150.0,7656
2023-05-10 21:12:43,i2402,i2402,668.5,0.0,0.0,0.0,39,668.0,669.0,23,669.0,670.0,672.5,667.0,425.0,28477150.0,7656
2023-05-10 21:12:43,i2402,i2402,668.5,0.0,0.0,0.0,37,668.0,669.0,22,669.0,670.0,672.5,667.0,425.0,28477150.0,7656
2023-05-10 21:12:44,i2402,i2402,668.5,0.0,0.0,0.0,55,668.0,669.0,22,669.0,670.0,672.5,667.0,425.0,28477150.0,7656
2023-05-10 21:12:45,i2402,i2402,668.5,0.0,0.0,0.0,2,668.5,669.0,18,669.0,670.0,672.5,667.0,425.0,28477150.0,7656
2023-05-10 21:12:46,i2402,i2402,668.5,0.0,0.0,0.0,37,668.0,669.0,20,669.0,670.0,672.5,667.0,425.0,28477150.0,7656
2023-05-10 21:12:47,i2402,i2402,668.5,0.0,0.0,0.0,29,668.0,668.5,2,669.0,670.0,672.5,667.0,425.0,28477150.0,7656
2023-05-10 21:12:47,i2402,i2402,668.5,0.0,0.0,0.0,16,668.0,668.5,2,669.0,670.0,672.5,667.0,425.0,28477150.0,7656
2023-05-10 21:12:48,i2402,i2402,668.5,0.0,0.0,0.0,12,668.0,668.5,2,669.0,670.0,672.5,667.0,425.0,28477150.0,7656
2023-05-10 21:12:48,i2402,i2402,668.5,0.0,0.0,0.0,10,668.0,668.5,2,669.0,670.0,672.5,667.0,425.0,28477150.0,7656
2023-05-10 21:12:52,i2402,i2402,668.5,0.0,0.0,0.0,14,668.0,668.5,2,669.0,670.0,672.5,667.0,425.0,28477150.0,7656
2023-05-10 21:12:52,i2402,i2402,668.5,2.0,133700.0,2.0,2,668.5,669.0,211,669.0,670.0,672.5,667.0,427.0,28610850.0,7658
2023-05-10 21:12:53,i2402,i2402,668.5,0.0,0.0,0.0,27,668.0,669.0,200,669.0,670.0,672.5,667.0,427.0,28610850.0,7658
2023-05-10 21:12:53,i2402,i2402,668.5,0.0,0.0,0.0,26,668.0,669.0,208,669.0,670.0,672.5,667.0,427.0,28610850.0,7658
2023-05-10 21:12:54,i2402,i2402,668.5,0.0,0.0,0.0,26,668.0,669.0,213,669.0,670.0,672.5,667.0,427.0,28610850.0,7658
2023-05-10 21:12:55,i2402,i2402,668.5,0.0,0.0,0.0,26,668.0,669.0,212,669.0,670.0,672.5,667.0,427.0,28610850.0,7658
2023-05-10 21:12:57,i2402,i2402,668.5,0.0,0.0,0.0,26,668.0,669.0,213,669.0,670.0,672.5,667.0,427.0,28610850.0,7658
2023-05-10 21:12:59,i2402,i2402,668.5,0.0,0.0,0.0,22,668.0,668.5,4,669.0,670.0,672.5,667.0,427.0,28610850.0,7658
2023-05-10 21:13:00,i2402,i2402,668.5,0.0,0.0,0.0,20,668.0,669.0,237,669.0,670.0,672.5,667.0,427.0,28610850.0,7658
2023-05-10 21:13:00,i2402,i2402,668.5,0.0,0.0,0.0,18,668.0,669.0,244,669.0,670.0,672.5,667.0,427.0,28610850.0,7658
2023-05-10 21:13:01,i2402,i2402,668.5,0.0,0.0,0.0,20,668.0,669.0,244,669.0,670.0,672.5,667.0,427.0,28610850.0,7658
2023-05-10 21:13:01,i2402,i2402,668.5,0.0,0.0,0.0,22,668.0,669.0,238,669.0,670.0,672.5,667.0,427.0,28610850.0,7658
2023-05-10 21:13:06,i2402,i2402,668.5,0.0,0.0,0.0,23,668.0,669.0,233,669.0,670.0,672.5,667.0,427.0,28610850.0,7658
2023-05-10 21:13:07,i2402,i2402,668.5,0.0,0.0,0.0,23,668.0,669.0,232,669.0,670.0,672.5,667.0,427.0,28610850.0,7658
2023-05-10 21:13:07,i2402,i2402,668.5,0.0,0.0,0.0,24,668.0,669.0,231,669.0,670.0,672.5,667.0,427.0,28610850.0,7658
2023-05-10 21:13:08,i2402,i2402,668.5,0.0,0.0,0.0,24,668.0,669.0,226,669.0,670.0,672.5,667.0,427.0,28610850.0,7658
2023-05-10 21:13:08,i2402,i2402,668.5,0.0,0.0,0.0,26,668.0,669.0,228,669.0,670.0,672.5,667.0,427.0,28610850.0,7658
2023-05-10 21:13:09,i2402,i2402,668.5,0.0,0.0,0.0,26,668.0,669.0,233,669.0,670.0,672.5,667.0,427.0,28610850.0,7658
2023-05-10 21:13:11,i2402,i2402,668.5,0.0,0.0,0.0,26,668.0,669.0,232,669.0,670.0,672.5,667.0,427.0,28610850.0,7658
2023-05-10 21:13:12,i2402,i2402,668.5,0.0,0.0,0.0,26,668.0,669.0,227,669.0,670.0,672.5,667.0,427.0,28610850.0,7658
2023-05-10 21:13:13,i2402,i2402,668.5,0.0,0.0,0.0,26,668.0,669.0,228,669.0,670.0,672.5,667.0,427.0,28610850.0,7658
