time,symbol_id,symbol_name,last,trade_volume,trade_amount,open_interest_change,bv1,bp1,ap1,av1,yesterday_close,today_open,today_high,today_low,volume,amount,open_interest
2023-05-11 09:29:00,IC2305,IC2305,6195.0,221.0,273819000.0,-188.0,1,6191.2,6195.0,6,6167.2,6195.0,6195.0,6195.0,221.0,273819000.0,63946
2023-05-11 09:30:00,IC2305,IC2305,6184.2,23.0,28469920.0,8.0,6,6182.0,6185.2,1,6167.2,6195.0,6195.0,6182.0,244.0,302288920.0,63954
2023-05-11 09:30:00,IC2305,IC2305,6181.0,68.0,84081960.0,-45.0,2,6181.0,6182.0,2,6167.2,6195.0,6195.0,6181.0,312.0,386370880.0,63909
2023-05-11 09:30:01,IC2305,IC2305,6181.2,28.0,34612960.0,-10.0,6,6181.0,6181.4,3,6167.2,6195.0,6195.0,6180.0,340.0,420983840.0,63899
2023-05-11 09:30:01,IC2305,IC2305,6180.0,22.0,27196440.0,-17.0,8,6180.0,6180.8,1,6167.2,6195.0,6195.0,6180.0,362.0,448180280.0,63882
2023-05-11 09:30:02,IC2305,IC2305,6180.2,29.0,35843080.0,-21.0,1,6180.2,6180.8,8,6167.2,6195.0,6195.0,6178.0,391.0,484023360.0,63861
2023-05-11 09:30:02,IC2305,IC2305,6180.2,14.0,17304480.0,-11.0,4,6178.0,6180.2,12,6167.2,6195.0,6195.0,6178.0,405.0,501327840.0,63850
2023-05-11 09:30:03,IC2305,IC2305,6180.0,11.0,13596120.0,-9.0,1,6178.4,6180.0,4,6167.2,6195.0,6195.0,6178.0,416.0,514923960.0,63841
2023-05-11 09:30:03,IC2305,IC2305,6180.2,21.0,25954800.0,-7.0,3,6180.0,6180.2,4,6167.2,6195.0,6195.0,6178.0,437.0,540878760.0,63834
2023-05-11 09:30:04,IC2305,IC2305,6181.8,15.0,18542040.0,-7.0,2,6180.6,6181.8,2,6167.2,6195.0,6195.0,6178.0,452.0,559420800.0,63827
2023-05-11 09:30:04,IC2305,IC2305,6182.0,21.0,25961560.0,-17.0,1,6182.0,6184.4,26,6167.2,6195.0,6195.0,6178.0,473.0,585382360.0,63810
2023-05-11 09:30:05,IC2305,IC2305,6184.2,11.0,13602400.0,-5.0,1,6182.4,6184.2,2,6167.2,6195.0,6195.0,6178.0,484.0,598984760.0,63805
2023-05-11 09:30:05,IC2305,IC2305,6184.2,12.0,14840840.0,-10.0,1,6183.4,6184.2,3,6167.2,6195.0,6195.0,6178.0,496.0,613825600.0,63795
2023-05-11 09:30:06,IC2305,IC2305,6184.0,12.0,14841440.0,-11.0,1,6183.6,6184.4,25,6167.2,6195.0,6195.0,6178.0,508.0,628667040.0,63784
2023-05-11 09:30:06,IC2305,IC2305,6184.2,9.0,11130400.0,-9.0,2,6182.2,6182.4,1,6167.2,6195.0,6195.0,6178.0,517.0,639797440.0,63775
2023-05-11 09:30:07,IC2305,IC2305,6184.2,6.0,7420200.0,-2.0,2,6182.8,6184.2,2,6167.2,6195.0,6195.0,6178.0,523.0,647217640.0,63773
2023-05-11 09:30:07,IC2305,IC2305,6183.0,4.0,4947120.0,-2.0,1,6183.0,6183.6,1,6167.2,6195.0,6195.0,6178.0,527.0,652164760.0,63771
2023-05-11 09:30:08,IC2305,IC2305,6183.0,3.0,3710000.0,-3.0,1,6183.2,6183.8,1,6167.2,6195.0,6195.0,6178.0,530.0,655874760.0,63768
2023-05-11 09:30:08,IC2305,IC2305,6183.4,4.0,4946520.0,-3.0,2,6182.6,6183.4,1,6167.2,6195.0,6195.0,6178.0,534.0,660821280.0,63765
2023-05-11 09:30:09,IC2305,IC2305,6183.6,11.0,13602560.0,-8.0,3,6182.8,6183.8,2,6167.2,6195.0,6195.0,6178.0,545.0,674423840.0,63757
2023-05-11 09:30:09,IC2305,IC2305,6183.0,5.0,6183120.0,-5.0,1,6182.2,6182.6,1,6167.2,6195.0,6195.0,6178.0,550.0,680606960.0,63752
2023-05-11 09:30:10,IC2305,IC2305,6183.4,4.0,4946640.0,-4.0,4,6183.4,6183.8,2,6167.2,6195.0,6195.0,6178.0,554.0,685553600.0,63748
2023-05-11 09:30:10,IC2305,IC2305,6183.0,38.0,46999480.0,-25.0,3,6183.8,6184.4,4,6167.2,6195.0,6195.0,6178.0,592.0,732553080.0,63723
2023-05-11 09:30:11,IC2305,IC2305,6184.4,8.0,9895040.0,-8.0,1,6184.8,6185.0,6,6167.2,6195.0,6195.0,6178.0,600.0,742448120.0,63715
2023-05-11 09:30:11,IC2305,IC2305,6185.0,21.0,25974040.0,-17.0,2,6185.0,6185.2,1,6167.2,6195.0,6195.0,6178.0,621.0,768422160.0,63698
2023-05-11 09:30:12,IC2305,IC2305,6185.2,7.0,8659120.0,-5.0,5,6185.2,6185.4,1,6167.2,6195.0,6195.0,6178.0,628.0,777081280.0,63693
2023-05-11 09:30:12,IC2305,IC2305,6185.4,1.0,1237080.0,-1.0,10,6185.4,6186.0,1,6167.2,6195.0,6195.0,6178.0,629.0,778318360.0,63692
2023-05-11 09:30:13,IC2305,IC2305,6186.0,7.0,8659920.0,-6.0,2,6185.6,6186.4,4,6167.2,6195.0,6195.0,6178.0,636.0,786978280.0,63686
2023-05-11 09:30:13,IC2305,IC2305,6185.4,11.0,13608400.0,-9.0,4,6185.4,6186.2,2,6167.2,6195.0,6195.0,6178.0,647.0,800586680.0,63677
2023-05-11 09:30:14,IC2305,IC2305,6185.6,12.0,14845560.0,-11.0,2,6185.6,6186.0,1,6167.2,6195.0,6195.0,6178.0,659.0,815432240.0,63666
2023-05-11 09:30:14,IC2305,IC2305,6186.0,6.0,7423040.0,-5.0,1,6185.8,6186.2,1,6167.2,6195.0,6195.0,6178.0,665.0,822855280.0,63661
2023-05-11 09:30:15,IC2305,IC2305,6186.0,10.0,12371760.0,-4.0,1,6185.4,6185.8,4,6167.2,6195.0,6195.0,6178.0,675.0,835227040.0,63657
2023-05-11 09:30:15,IC2305,IC2305,6185.4,8.0,9896440.0,-5.0,3,6185.2,6185.4,1,6167.2,6195.0,6195.0,6178.0,683.0,845123480.0,63652
2023-05-11 09:30:16,IC2305,IC2305,6185.2,12.0,14844560.0,-9.0,2,6184.4,6185.4,3,6167.2,6195.0,6195.0,6178.0,695.0,859968040.0,63643
2023-05-11 09:30:16,IC2305,IC2305,6184.8,7.0,8658720.0,-4.0,1,6184.6,6184.8,2,6167.2,6195.0,6195.0,6178.0,702.0,868626760.0,63639
2023-05-11 09:30:17,IC2305,IC2305,6184.6,5.0,6184480.0,-3.0,3,6184.2,6184.6,5,6167.2,6195.0,6195.0,6178.0,707.0,874811240.0,63636
2023-05-11 09:30:17,IC2305,IC2305,6184.0,4.0,4947280.0,-2.0,3,6182.2,6183.6,2,6167.2,6195.0,6195.0,6178.0,711.0,879758520.0,63634
2023-05-11 09:30:18,IC2305,IC2305,6184.0,9.0,11130560.0,-6.0,2,6183.8,6184.4,2,6167.2,6195.0,6195.0,6178.0,720.0,890889080.0,63628
2023-05-11 09:30:18,IC2305,IC2305,6183.6,12.0,14841920.0,-6.0,1,6183.2,6184.6,1,6167.2,6195.0,6195.0,6178.0,732.0,905731000.0,63622
2023-05-11 09:30:19,IC2305,IC2305,6184.4,2.0,2473640.0,-2.0,1,6183.6,6184.6,1,6167.2,6195.0,6195.0,6178.0,734.0,908204640.0,63620
2023-05-11 09:30:19,IC2305,IC2305,6183.8,1.0,1236760.0,0.0,1,6183.6,6184.4,3,6167.2,6195.0,6195.0,6178.0,735.0,909441400.0,63620
2023-05-11 09:30:20,IC2305,IC2305,6183.6,7.0,8656920.0,-7.0,1,6182.4,6183.6,1,6167.2,6195.0,6195.0,6178.0,742.0,918098320.0,63613
2023-05-11 09:30:20,IC2305,IC2305,6185.0,13.0,16079680.0,-10.0,28,6185.2,6185.4,3,6167.2,6195.0,6195.0,6178.0,755.0,934178000.0,63603
2023-05-11 09:30:21,IC2305,IC2305,6185.2,29.0,35874440.0,-19.0,11,6185.2,6185.4,1,6167.2,6195.0,6195.0,6178.0,784.0,970052440.0,63584
2023-05-11 09:30:21,IC2305,IC2305,6185.4,7.0,8659560.0,-5.0,4,6185.4,6185.8,4,6167.2,6195.0,6195.0,6178.0,791.0,978712000.0,63579
2023-05-11 09:30:22,IC2305,IC2305,6185.4,9.0,11134080.0,-9.0,9,6185.2,6186.2,1,6167.2,6195.0,6195.0,6178.0,800.0,989846080.0,63570
2023-05-11 09:30:22,IC2305,IC2305,6185.2,5.0,6185360.0,-5.0,9,6185.2,6186.0,4,6167.2,6195.0,6195.0,6178.0,805.0,996031440.0,63565
2023-05-11 09:30:23,IC2305,IC2305,6185.2,12.0,14844640.0,-11.0,1,6185.0,6186.0,3,6167.2,6195.0,6195.0,6178.0,817.0,1010876080.0,63554
2023-05-11 09:30:23,IC2305,IC2305,6185.0,2.0,2474000.0,-2.0,1,6184.6,6185.0,2,6167.2,6195.0,6195.0,6178.0,819.0,1013350080.0,63552
2023-05-11 09:30:24,IC2305,IC2305,6184.4,6.0,7421440.0,-5.0,3,6182.6,6185.0,3,6167.2,6195.0,6195.0,6178.0,825.0,1020771520.0,63547
2023-05-11 09:30:24,IC2305,IC2305,6184.4,1.0,1236880.0,0.0,2,6183.2,6184.6,1,6167.2,6195.0,6195.0,6178.0,826.0,1022008400.0,63547
2023-05-11 09:30:25,IC2305,IC2305,6184.6,3.0,3710680.0,-1.0,1,6183.4,6184.8,1,6167.2,6195.0,6195.0,6178.0,829.0,1025719080.0,63546
2023-05-11 09:30:25,IC2305,IC2305,6185.0,3.0,3710600.0,-3.0,18,6184.6,6185.0,3,6167.2,6195.0,6195.0,6178.0,832.0,1029429680.0,63543
2023-05-11 09:30:26,IC2305,IC2305,6184.6,6.0,7421760.0,-6.0,19,6184.6,6185.8,2,6167.2,6195.0,6195.0,6178.0,838.0,1036851440.0,63537
2023-05-11 09:30:26,IC2305,IC2305,6184.6,3.0,3710960.0,-3.0,17,6184.6,6185.6,3,6167.2,6195.0,6195.0,6178.0,841.0,1040562400.0,63534
2023-05-11 09:30:27,IC2305,IC2305,6184.6,14.0,17317200.0,-13.0,7,6184.6,6185.6,1,6167.2,6195.0,6195.0,6178.0,855.0,1057879600.0,63521
2023-05-11 09:30:27,IC2305,IC2305,6185.4,3.0,3710920.0,-3.0,6,6184.6,6184.8,1,6167.2,6195.0,6195.0,6178.0,858.0,1061590520.0,63518
2023-05-11 09:30:28,IC2305,IC2305,6184.8,3.0,3710880.0,-2.0,7,6184.6,6185.8,2,6167.2,6195.0,6195.0,6178.0,861.0,1065301400.0,63516
2023-05-11 09:30:28,IC2305,IC2305,6184.8,0.0,0.0,0.0,1,6185.0,6185.6,3,6167.2,6195.0,6195.0,6178.0,861.0,1065301400.0,63516
2023-05-11 09:30:29,IC2305,IC2305,6185.0,3.0,3711240.0,-3.0,3,6185.0,6185.4,2,6167.2,6195.0,6195.0,6178.0,864.0,1069012640.0,63513
2023-05-11 09:30:29,IC2305,IC2305,6185.6,3.0,3711160.0,-2.0,6,6185.0,6185.8,1,6167.2,6195.0,6195.0,6178.0,867.0,1072723800.0,63511
2023-05-11 09:30:30,IC2305,IC2305,6185.6,4.0,4948560.0,-2.0,4,6185.0,6185.4,1,6167.2,6195.0,6195.0,6178.0,871.0,1077672360.0,63509
2023-05-11 09:30:30,IC2305,IC2305,6185.6,5.0,6185160.0,-5.0,6,6185.0,6185.2,1,6167.2,6195.0,6195.0,6178.0,876.0,1083857520.0,63504
2023-05-11 09:30:31,IC2305,IC2305,6185.0,9.0,11133040.0,-9.0,2,6184.8,6185.0,1,6167.2,6195.0,6195.0,6178.0,885.0,1094990560.0,63495
2023-05-11 09:30:31,IC2305,IC2305,6186.0,6.0,7422200.0,-5.0,1,6185.0,6186.6,1,6167.2,6195.0,6195.0,6178.0,891.0,1102412760.0,63490
2023-05-11 09:30:32,IC2305,IC2305,6185.0,2.0,2474000.0,-2.0,1,6184.8,6186.2,4,6167.2,6195.0,6195.0,6178.0,893.0,1104886760.0,63488
2023-05-11 09:30:32,IC2305,IC2305,6185.8,3.0,3711040.0,-2.0,2,6184.6,6185.0,1,6167.2,6195.0,6195.0,6178.0,896.0,1108597800.0,63486
2023-05-11 09:30:33,IC2305,IC2305,6185.0,2.0,2474000.0,-1.0,2,6184.6,6184.8,2,6167.2,6195.0,6195.0,6178.0,898.0,1111071800.0,63485
2023-05-11 09:30:33,IC2305,IC2305,6184.8,3.0,3710800.0,-3.0,1,6183.6,6184.8,3,6167.2,6195.0,6195.0,6178.0,901.0,1114782600.0,63482
2023-05-11 09:30:34,IC2305,IC2305,6184.6,3.0,3710440.0,-3.0,5,6183.8,6184.8,4,6167.2,6195.0,6195.0,6178.0,904.0,1118493040.0,63479
2023-05-11 09:30:34,IC2305,IC2305,6184.6,1.0,1236920.0,-1.0,5,6183.8,6184.8,4,6167.2,6195.0,6195.0,6178.0,905.0,1119729960.0,63478
2023-05-11 09:30:35,IC2305,IC2305,6183.8,2.0,2473520.0,-2.0,4,6183.8,6184.8,4,6167.2,6195.0,6195.0,6178.0,907.0,1122203480.0,63476
2023-05-11 09:30:35,IC2305,IC2305,6183.8,0.0,0.0,0.0,3,6184.2,6184.6,2,6167.2,6195.0,6195.0,6178.0,907.0,1122203480.0,63476
2023-05-11 09:30:36,IC2305,IC2305,6184.2,7.0,8658520.0,-5.0,3,6184.2,6186.0,4,6167.2,6195.0,6195.0,6178.0,914.0,1130862000.0,63471
2023-05-11 09:30:36,IC2305,IC2305,6184.2,5.0,6184200.0,-3.0,1,6184.6,6185.8,1,6167.2,6195.0,6195.0,6178.0,919.0,1137046200.0,63468
2023-05-11 09:30:37,IC2305,IC2305,6184.6,3.0,3711160.0,-2.0,3,6184.6,6185.6,2,6167.2,6195.0,6195.0,6178.0,922.0,1140757360.0,63466
2023-05-11 09:30:37,IC2305,IC2305,6185.4,2.0,2474160.0,-1.0,1,6185.0,6185.4,1,6167.2,6195.0,6195.0,6178.0,924.0,1143231520.0,63465
2023-05-11 09:30:38,IC2305,IC2305,6185.6,2.0,2474200.0,-2.0,2,6185.4,6186.0,4,6167.2,6195.0,6195.0,6178.0,926.0,1145705720.0,63463
2023-05-11 09:30:38,IC2305,IC2305,6185.4,3.0,3711280.0,-3.0,3,6185.4,6185.8,3,6167.2,6195.0,6195.0,6178.0,929.0,1149417000.0,63460
2023-05-11 09:30:39,IC2305,IC2305,6185.4,0.0,0.0,0.0,6,6185.4,6185.8,3,6167.2,6195.0,6195.0,6178.0,929.0,1149417000.0,63460
2023-05-11 09:30:39,IC2305,IC2305,6185.4,9.0,11134080.0,-6.0,2,6185.4,6186.2,1,6167.2,6195.0,6195.0,6178.0,938.0,1160551080.0,63454
2023-05-11 09:30:40,IC2305,IC2305,6185.4,1.0,1237080.0,-1.0,1,6185.4,6186.0,2,6167.2,6195.0,6195.0,6178.0,939.0,1161788160.0,63453
2023-05-11 09:30:40,IC2305,IC2305,6185.4,1.0,1237080.0,0.0,1,6185.4,6185.6,1,6167.2,6195.0,6195.0,6178.0,940.0,1163025240.0,63453
2023-05-11 09:30:41,IC2305,IC2305,6185.4,6.0,7422480.0,0.0,1,6185.2,6185.4,1,6167.2,6195.0,6195.0,6178.0,946.0,1170447720.0,63453
2023-05-11 09:30:41,IC2305,IC2305,6185.4,5.0,6185200.0,-3.0,3,6184.6,6185.4,1,6167.2,6195.0,6195.0,6178.0,951.0,1176632920.0,63450
2023-05-11 09:30:42,IC2305,IC2305,6185.4,1.0,1237080.0,0.0,2,6185.2,6185.4,1,6167.2,6195.0,6195.0,6178.0,952.0,1177870000.0,63450
2023-05-11 09:30:42,IC2305,IC2305,6185.4,4.0,4948280.0,-3.0,1,6185.2,6185.6,2,6167.2,6195.0,6195.0,6178.0,956.0,1182818280.0,63447
2023-05-11 09:30:43,IC2305,IC2305,6186.6,4.0,4948800.0,-4.0,1,6185.8,6187.0,3,6167.2,6195.0,6195.0,6178.0,960.0,1187767080.0,63443
2023-05-11 09:30:43,IC2305,IC2305,6184.6,6.0,7423400.0,-6.0,2,6184.6,6187.0,1,6167.2,6195.0,6195.0,6178.0,966.0,1195190480.0,63437
2023-05-11 09:30:44,IC2305,IC2305,6184.6,1.0,1236920.0,-1.0,2,6185.4,6186.6,1,6167.2,6195.0,6195.0,6178.0,967.0,1196427400.0,63436
2023-05-11 09:30:44,IC2305,IC2305,6184.6,1.0,1236920.0,-1.0,1,6185.4,6186.4,5,6167.2,6195.0,6195.0,6178.0,968.0,1197664320.0,63435
2023-05-11 09:30:45,IC2305,IC2305,6185.2,2.0,2474080.0,-2.0,2,6184.8,6185.4,1,6167.2,6195.0,6195.0,6178.0,970.0,1200138400.0,63433
2023-05-11 09:30:45,IC2305,IC2305,6185.2,4.0,4947880.0,-3.0,1,6184.8,6185.2,1,6167.2,6195.0,6195.0,6178.0,974.0,1205086280.0,63430
2023-05-11 09:30:46,IC2305,IC2305,6184.8,7.0,8658600.0,-5.0,1,6184.2,6184.8,1,6167.2,6195.0,6195.0,6178.0,981.0,1213744880.0,63425
2023-05-11 09:30:46,IC2305,IC2305,6184.2,2.0,2473680.0,-2.0,2,6183.6,6184.2,1,6167.2,6195.0,6195.0,6178.0,983.0,1216218560.0,63423
2023-05-11 09:30:47,IC2305,IC2305,6183.6,1.0,1236720.0,-1.0,3,6183.6,6184.0,4,6167.2,6195.0,6195.0,6178.0,984.0,1217455280.0,63422
2023-05-11 09:30:47,IC2305,IC2305,6183.2,4.0,4946800.0,-4.0,1,6183.0,6183.6,1,6167.2,6195.0,6195.0,6178.0,988.0,1222402080.0,63418
2023-05-11 09:30:48,IC2305,IC2305,6183.0,8.0,9892800.0,-5.0,2,6182.8,6183.4,6,6167.2,6195.0,6195.0,6178.0,996.0,1232294880.0,63413
2023-05-11 09:30:48,IC2305,IC2305,6183.0,3.0,3709720.0,-3.0,1,6182.2,6182.8,1,6167.2,6195.0,6195.0,6178.0,999.0,1236004600.0,63410
2023-05-11 09:30:49,IC2305,IC2305,6182.4,3.0,3709720.0,-2.0,4,6182.4,6182.6,4,6167.2,6195.0,6195.0,6178.0,1002.0,1239714320.0,63408
2023-05-11 09:30:49,IC2305,IC2305,6182.2,14.0,17311360.0,-12.0,1,6182.0,6182.4,2,6167.2,6195.0,6195.0,6178.0,1016.0,1257025680.0,63396
2023-05-11 09:30:50,IC2305,IC2305,6182.0,7.0,8655760.0,-4.0,2,6181.0,6182.4,1,6167.2,6195.0,6195.0,6178.0,1023.0,1265681440.0,63392
2023-05-11 09:30:50,IC2305,IC2305,6181.6,4.0,4945600.0,0.0,2,6181.2,6183.4,1,6167.2,6195.0,6195.0,6178.0,1027.0,1270627040.0,63392
2023-05-11 09:30:51,IC2305,IC2305,6182.8,1.0,1236560.0,0.0,2,6181.6,6182.8,1,6167.2,6195.0,6195.0,6178.0,1028.0,1271863600.0,63392
2023-05-11 09:30:51,IC2305,IC2305,6181.8,2.0,2472720.0,-2.0,2,6181.8,6183.2,3,6167.2,6195.0,6195.0,6178.0,1030.0,1274336320.0,63390
2023-05-11 09:30:52,IC2305,IC2305,6182.8,1.0,1236560.0,1.0,2,6182.0,6183.2,3,6167.2,6195.0,6195.0,6178.0,1031.0,1275572880.0,63391
2023-05-11 09:30:52,IC2305,IC2305,6182.4,5.0,6183080.0,-2.0,1,6182.4,6182.8,1,6167.2,6195.0,6195.0,6178.0,1036.0,1281755960.0,63389
2023-05-11 09:30:53,IC2305,IC2305,6182.6,4.0,4946160.0,-2.0,2,6182.6,6184.4,1,6167.2,6195.0,6195.0,6178.0,1040.0,1286702120.0,63387
2023-05-11 09:30:53,IC2305,IC2305,6182.4,2.0,2473000.0,-1.0,1,6182.0,6182.6,1,6167.2,6195.0,6195.0,6178.0,1042.0,1289175120.0,63386
2023-05-11 09:30:54,IC2305,IC2305,6182.2,3.0,3709400.0,-3.0,1,6181.8,6183.6,2,6167.2,6195.0,6195.0,6178.0,1045.0,1292884520.0,63383
2023-05-11 09:30:54,IC2305,IC2305,6181.8,1.0,1236360.0,-1.0,1,6181.8,6182.8,1,6167.2,6195.0,6195.0,6178.0,1046.0,1294120880.0,63382
2023-05-11 09:30:55,IC2305,IC2305,6181.8,3.0,3709080.0,-2.0,1,6181.4,6181.8,1,6167.2,6195.0,6195.0,6178.0,1049.0,1297829960.0,63380
2023-05-11 09:30:55,IC2305,IC2305,6181.8,1.0,1236360.0,-1.0,2,6181.8,6182.0,1,6167.2,6195.0,6195.0,6178.0,1050.0,1299066320.0,63379
2023-05-11 09:30:56,IC2305,IC2305,6182.0,2.0,2472800.0,-1.0,2,6182.0,6182.6,1,6167.2,6195.0,6195.0,6178.0,1052.0,1301539120.0,63378
2023-05-11 09:30:56,IC2305,IC2305,6182.4,7.0,8654840.0,-7.0,1,6181.4,6182.8,1,6167.2,6195.0,6195.0,6178.0,1059.0,1310193960.0,63371
2023-05-11 09:30:57,IC2305,IC2305,6182.6,2.0,2472800.0,-1.0,1,6181.2,6182.6,3,6167.2,6195.0,6195.0,6178.0,1061.0,1312666760.0,63370
2023-05-11 09:30:57,IC2305,IC2305,6181.4,2.0,2472560.0,-2.0,1,6181.2,6182.4,4,6167.2,6195.0,6195.0,6178.0,1063.0,1315139320.0,63368
2023-05-11 09:30:58,IC2305,IC2305,6181.2,1.0,1236240.0,-1.0,2,6180.4,6180.8,1,6167.2,6195.0,6195.0,6178.0,1064.0,1316375560.0,63367
2023-05-11 09:30:58,IC2305,IC2305,6180.4,2.0,2472240.0,-2.0,1,6180.4,6180.6,3,6167.2,6195.0,6195.0,6178.0,1066.0,1318847800.0,63365
2023-05-11 09:30:59,IC2305,IC2305,6180.2,5.0,6180200.0,-4.0,1,6180.0,6180.4,1,6167.2,6195.0,6195.0,6178.0,1071.0,1325028000.0,63361
2023-05-11 09:30:59,IC2305,IC2305,6180.0,1.0,1236000.0,-1.0,1,6179.6,6180.0,2,6167.2,6195.0,6195.0,6178.0,1072.0,1326264000.0,63360
2023-05-11 09:31:00,IC2305,IC2305,6180.0,7.0,8651960.0,-7.0,4,6179.6,6180.0,2,6167.2,6195.0,6195.0,6178.0,1079.0,1334915960.0,63353
2023-05-11 09:31:00,IC2305,IC2305,6179.6,15.0,18539320.0,-8.0,1,6179.6,6180.0,3,6167.2,6195.0,6195.0,6178.0,1094.0,1353455280.0,63345
2023-05-11 09:31:01,IC2305,IC2305,6179.6,4.0,4943680.0,-2.0,1,6178.8,6179.6,12,6167.2,6195.0,6195.0,6178.0,1098.0,1358398960.0,63343
2023-05-11 09:31:01,IC2305,IC2305,6179.0,4.0,4943160.0,-2.0,8,6178.8,6179.0,1,6167.2,6195.0,6195.0,6178.0,1102.0,1363342120.0,63341
2023-05-11 09:31:02,IC2305,IC2305,6179.6,15.0,18537720.0,-5.0,1,6179.2,6179.6,10,6167.2,6195.0,6195.0,6178.0,1117.0,1381879840.0,63336
2023-05-11 09:31:02,IC2305,IC2305,6179.8,19.0,23482920.0,-4.0,6,6179.8,6180.6,3,6167.2,6195.0,6195.0,6178.0,1136.0,1405362760.0,63332
2023-05-11 09:31:03,IC2305,IC2305,6180.6,3.0,3708360.0,-2.0,2,6180.8,6181.2,1,6167.2,6195.0,6195.0,6178.0,1139.0,1409071120.0,63330
2023-05-11 09:31:03,IC2305,IC2305,6180.8,6.0,7417280.0,-6.0,2,6180.6,6181.6,3,6167.2,6195.0,6195.0,6178.0,1145.0,1416488400.0,63324
2023-05-11 09:31:04,IC2305,IC2305,6182.4,2.0,2472640.0,-2.0,2,6181.8,6182.4,1,6167.2,6195.0,6195.0,6178.0,1147.0,1418961040.0,63322
2023-05-11 09:31:04,IC2305,IC2305,6181.8,8.0,9890920.0,-5.0,5,6181.8,6182.4,4,6167.2,6195.0,6195.0,6178.0,1155.0,1428851960.0,63317
2023-05-11 09:31:05,IC2305,IC2305,6182.4,5.0,6182360.0,-4.0,1,6182.6,6183.0,1,6167.2,6195.0,6195.0,6178.0,1160.0,1435034320.0,63313
2023-05-11 09:31:05,IC2305,IC2305,6183.0,8.0,9892680.0,-4.0,10,6182.6,6184.0,1,6167.2,6195.0,6195.0,6178.0,1168.0,1444927000.0,63309
2023-05-11 09:31:06,IC2305,IC2305,6183.8,6.0,7420080.0,-6.0,8,6182.6,6183.8,7,6167.2,6195.0,6195.0,6178.0,1174.0,1452347080.0,63303
2023-05-11 09:31:06,IC2305,IC2305,6183.8,15.0,18549160.0,-13.0,3,6181.4,6183.8,2,6167.2,6195.0,6195.0,6178.0,1189.0,1470896240.0,63290
2023-05-11 09:31:07,IC2305,IC2305,6183.8,0.0,0.0,0.0,2,6182.6,6183.8,2,6167.2,6195.0,6195.0,6178.0,1189.0,1470896240.0,63290
2023-05-11 09:31:07,IC2305,IC2305,6183.8,4.0,4947040.0,-2.0,12,6183.8,6184.0,1,6167.2,6195.0,6195.0,6178.0,1193.0,1475843280.0,63288
2023-05-11 09:31:08,IC2305,IC2305,6183.8,14.0,17314640.0,-12.0,2,6181.8,6183.8,2,6167.2,6195.0,6195.0,6178.0,1207.0,1493157920.0,63276
2023-05-11 09:31:08,IC2305,IC2305,6183.6,3.0,3710000.0,-3.0,1,6182.8,6183.6,7,6167.2,6195.0,6195.0,6178.0,1210.0,1496867920.0,63273
2023-05-11 09:31:09,IC2305,IC2305,6183.6,10.0,12366600.0,-7.0,2,6182.2,6183.4,1,6167.2,6195.0,6195.0,6178.0,1220.0,1509234520.0,63266
2023-05-11 09:31:09,IC2305,IC2305,6183.6,0.0,0.0,0.0,1,6182.6,6183.4,1,6167.2,6195.0,6195.0,6178.0,1220.0,1509234520.0,63266
2023-05-11 09:31:10,IC2305,IC2305,6183.6,1.0,1236720.0,-1.0,5,6182.2,6182.6,1,6167.2,6195.0,6195.0,6178.0,1221.0,1510471240.0,63265
2023-05-11 09:31:10,IC2305,IC2305,6182.6,2.0,2473040.0,-2.0,1,6182.6,6183.6,5,6167.2,6195.0,6195.0,6178.0,1223.0,1512944280.0,63263
2023-05-11 09:31:11,IC2305,IC2305,6183.8,11.0,13603760.0,-7.0,1,6182.6,6184.0,1,6167.2,6195.0,6195.0,6178.0,1234.0,1526548040.0,63256
2023-05-11 09:31:11,IC2305,IC2305,6183.0,3.0,3709920.0,0.0,1,6183.6,6183.8,2,6167.2,6195.0,6195.0,6178.0,1237.0,1530257960.0,63256
2023-05-11 09:31:12,IC2305,IC2305,6184.0,9.0,11130840.0,-9.0,3,6183.6,6184.0,1,6167.2,6195.0,6195.0,6178.0,1246.0,1541388800.0,63247
2023-05-11 09:31:12,IC2305,IC2305,6184.0,4.0,4947120.0,-3.0,1,6183.8,6184.4,1,6167.2,6195.0,6195.0,6178.0,1250.0,1546335920.0,63244
2023-05-11 09:31:13,IC2305,IC2305,6184.0,0.0,0.0,0.0,4,6183.8,6184.4,1,6167.2,6195.0,6195.0,6178.0,1250.0,1546335920.0,63244
2023-05-11 09:31:13,IC2305,IC2305,6184.0,1.0,1236800.0,-1.0,4,6183.8,6184.0,1,6167.2,6195.0,6195.0,6178.0,1251.0,1547572720.0,63243
2023-05-11 09:31:14,IC2305,IC2305,6183.8,4.0,4947080.0,-4.0,2,6184.2,6184.4,1,6167.2,6195.0,6195.0,6178.0,1255.0,1552519800.0,63239
2023-05-11 09:31:14,IC2305,IC2305,6184.2,4.0,4947240.0,-3.0,1,6184.4,6184.6,2,6167.2,6195.0,6195.0,6178.0,1259.0,1557467040.0,63236
2023-05-11 09:31:15,IC2305,IC2305,6184.4,1.0,1236880.0,0.0,4,6182.8,6183.8,2,6167.2,6195.0,6195.0,6178.0,1260.0,1558703920.0,63236
2023-05-11 09:31:15,IC2305,IC2305,6184.0,1.0,1236800.0,-1.0,3,6183.4,6183.8,7,6167.2,6195.0,6195.0,6178.0,1261.0,1559940720.0,63235
2023-05-11 09:31:16,IC2305,IC2305,6183.8,6.0,7420480.0,-2.0,1,6183.4,6183.8,2,6167.2,6195.0,6195.0,6178.0,1267.0,1567361200.0,63233
2023-05-11 09:31:16,IC2305,IC2305,6183.0,2.0,2473280.0,-2.0,1,6183.0,6183.8,2,6167.2,6195.0,6195.0,6178.0,1269.0,1569834480.0,63231
2023-05-11 09:31:17,IC2305,IC2305,6183.8,2.0,2473480.0,0.0,3,6183.2,6183.8,1,6167.2,6195.0,6195.0,6178.0,1271.0,1572307960.0,63231
2023-05-11 09:31:17,IC2305,IC2305,6183.8,3.0,3710360.0,-1.0,2,6182.8,6184.4,1,6167.2,6195.0,6195.0,6178.0,1274.0,1576018320.0,63230
2023-05-11 09:31:18,IC2305,IC2305,6184.4,1.0,1236880.0,-1.0,1,6183.8,6184.6,2,6167.2,6195.0,6195.0,6178.0,1275.0,1577255200.0,63229
2023-05-11 09:31:18,IC2305,IC2305,6184.4,0.0,0.0,0.0,1,6183.8,6184.4,1,6167.2,6195.0,6195.0,6178.0,1275.0,1577255200.0,63229
2023-05-11 09:31:19,IC2305,IC2305,6184.6,2.0,2473680.0,-1.0,1,6183.2,6184.8,2,6167.2,6195.0,6195.0,6178.0,1277.0,1579728880.0,63228
2023-05-11 09:31:19,IC2305,IC2305,6184.6,0.0,0.0,0.0,1,6183.6,6184.8,2,6167.2,6195.0,6195.0,6178.0,1277.0,1579728880.0,63228
2023-05-11 09:31:20,IC2305,IC2305,6184.8,1.0,1236960.0,0.0,2,6183.8,6184.8,2,6167.2,6195.0,6195.0,6178.0,1278.0,1580965840.0,63228
2023-05-11 09:31:20,IC2305,IC2305,6184.8,4.0,4947840.0,1.0,7,6184.8,6185.8,1,6167.2,6195.0,6195.0,6178.0,1282.0,1585913680.0,63229
2023-05-11 09:31:21,IC2305,IC2305,6184.8,7.0,8658720.0,0.0,1,6183.8,6184.2,11,6167.2,6195.0,6195.0,6178.0,1289.0,1594572400.0,63229
2023-05-11 09:31:21,IC2305,IC2305,6184.0,1.0,1236800.0,0.0,1,6184.0,6184.2,11,6167.2,6195.0,6195.0,6178.0,1290.0,1595809200.0,63229
2023-05-11 09:31:22,IC2305,IC2305,6183.8,3.0,3710360.0,-3.0,1,6183.4,6184.0,1,6167.2,6195.0,6195.0,6178.0,1293.0,1599519560.0,63226
2023-05-11 09:31:22,IC2305,IC2305,6184.2,1.0,1236840.0,0.0,1,6183.2,6184.2,10,6167.2,6195.0,6195.0,6178.0,1294.0,1600756400.0,63226
2023-05-11 09:31:23,IC2305,IC2305,6184.2,0.0,0.0,0.0,1,6183.2,6184.0,1,6167.2,6195.0,6195.0,6178.0,1294.0,1600756400.0,63226
2023-05-11 09:31:24,IC2305,IC2305,6183.2,2.0,2473280.0,-1.0,2,6182.2,6183.2,1,6167.2,6195.0,6195.0,6178.0,1296.0,1603229680.0,63225
2023-05-11 09:31:24,IC2305,IC2305,6183.2,0.0,0.0,0.0,3,6182.8,6184.0,1,6167.2,6195.0,6195.0,6178.0,1296.0,1603229680.0,63225
2023-05-11 09:31:25,IC2305,IC2305,6184.0,1.0,1236800.0,0.0,1,6183.0,6184.2,10,6167.2,6195.0,6195.0,6178.0,1297.0,1604466480.0,63225
2023-05-11 09:31:25,IC2305,IC2305,6184.0,0.0,0.0,0.0,2,6183.2,6184.0,1,6167.2,6195.0,6195.0,6178.0,1297.0,1604466480.0,63225
2023-05-11 09:31:26,IC2305,IC2305,6184.0,1.0,1236800.0,-1.0,1,6183.6,6184.2,10,6167.2,6195.0,6195.0,6178.0,1298.0,1605703280.0,63224
2023-05-11 09:31:26,IC2305,IC2305,6184.2,1.0,1236840.0,1.0,2,6183.2,6184.2,9,6167.2,6195.0,6195.0,6178.0,1299.0,1606940120.0,63225
2023-05-11 09:31:27,IC2305,IC2305,6184.2,0.0,0.0,0.0,2,6183.8,6184.2,9,6167.2,6195.0,6195.0,6178.0,1299.0,1606940120.0,63225
2023-05-11 09:31:27,IC2305,IC2305,6184.2,1.0,1236840.0,0.0,1,6184.0,6184.2,8,6167.2,6195.0,6195.0,6178.0,1300.0,1608176960.0,63225
2023-05-11 09:31:28,IC2305,IC2305,6184.8,9.0,11131680.0,-2.0,2,6184.0,6185.0,5,6167.2,6195.0,6195.0,6178.0,1309.0,1619308640.0,63223
2023-05-11 09:31:28,IC2305,IC2305,6184.8,0.0,0.0,0.0,2,6184.0,6184.8,3,6167.2,6195.0,6195.0,6178.0,1309.0,1619308640.0,63223
2023-05-11 09:31:29,IC2305,IC2305,6184.8,1.0,1236960.0,0.0,2,6184.0,6185.0,7,6167.2,6195.0,6195.0,6178.0,1310.0,1620545600.0,63223
2023-05-11 09:31:29,IC2305,IC2305,6184.8,0.0,0.0,0.0,4,6184.0,6184.8,2,6167.2,6195.0,6195.0,6178.0,1310.0,1620545600.0,63223
2023-05-11 09:31:30,IC2305,IC2305,6184.8,1.0,1236960.0,-1.0,2,6184.2,6185.0,7,6167.2,6195.0,6195.0,6178.0,1311.0,1621782560.0,63222
2023-05-11 09:31:31,IC2305,IC2305,6184.2,2.0,2473840.0,-1.0,3,6184.0,6184.6,1,6167.2,6195.0,6195.0,6178.0,1313.0,1624256400.0,63221
2023-05-11 09:31:31,IC2305,IC2305,6183.8,9.0,11130880.0,-9.0,2,6184.0,6184.6,2,6167.2,6195.0,6195.0,6178.0,1322.0,1635387280.0,63212
2023-05-11 09:31:32,IC2305,IC2305,6184.0,3.0,3710400.0,-2.0,1,6183.2,6183.8,1,6167.2,6195.0,6195.0,6178.0,1325.0,1639097680.0,63210
2023-05-11 09:31:32,IC2305,IC2305,6183.2,1.0,1236640.0,0.0,3,6182.8,6183.4,2,6167.2,6195.0,6195.0,6178.0,1326.0,1640334320.0,63210
2023-05-11 09:31:33,IC2305,IC2305,6183.4,1.0,1236680.0,0.0,1,6182.4,6183.2,1,6167.2,6195.0,6195.0,6178.0,1327.0,1641571000.0,63210
2023-05-11 09:31:33,IC2305,IC2305,6184.4,7.0,8656920.0,-7.0,2,6182.6,6184.4,2,6167.2,6195.0,6195.0,6178.0,1334.0,1650227920.0,63203
2023-05-11 09:31:34,IC2305,IC2305,6183.6,5.0,6184240.0,-2.0,3,6180.6,6183.2,2,6167.2,6195.0,6195.0,6178.0,1339.0,1656412160.0,63201
2023-05-11 09:31:34,IC2305,IC2305,6183.6,1.0,1236720.0,-1.0,3,6181.8,6183.2,4,6167.2,6195.0,6195.0,6178.0,1340.0,1657648880.0,63200
2023-05-11 09:31:35,IC2305,IC2305,6183.6,4.0,4946880.0,-2.0,2,6182.0,6183.2,1,6167.2,6195.0,6195.0,6178.0,1344.0,1662595760.0,63198
2023-05-11 09:31:35,IC2305,IC2305,6183.8,4.0,4946560.0,0.0,1,6182.0,6184.2,1,6167.2,6195.0,6195.0,6178.0,1348.0,1667542320.0,63198
2023-05-11 09:31:36,IC2305,IC2305,6183.8,3.0,3710280.0,-3.0,2,6181.8,6183.8,2,6167.2,6195.0,6195.0,6178.0,1351.0,1671252600.0,63195
2023-05-11 09:31:36,IC2305,IC2305,6183.8,1.0,1236760.0,-1.0,2,6182.0,6183.6,3,6167.2,6195.0,6195.0,6178.0,1352.0,1672489360.0,63194
2023-05-11 09:31:37,IC2305,IC2305,6183.8,1.0,1236760.0,-1.0,1,6181.6,6183.8,2,6167.2,6195.0,6195.0,6178.0,1353.0,1673726120.0,63193
2023-05-11 09:31:37,IC2305,IC2305,6183.8,5.0,6183800.0,-3.0,3,6182.0,6184.0,4,6167.2,6195.0,6195.0,6178.0,1358.0,1679909920.0,63190
2023-05-11 09:31:38,IC2305,IC2305,6183.8,1.0,1236760.0,-1.0,1,6182.4,6184.0,3,6167.2,6195.0,6195.0,6178.0,1359.0,1681146680.0,63189
2023-05-11 09:31:38,IC2305,IC2305,6183.8,0.0,0.0,0.0,3,6182.6,6183.8,2,6167.2,6195.0,6195.0,6178.0,1359.0,1681146680.0,63189
2023-05-11 09:31:39,IC2305,IC2305,6184.4,1.0,1236880.0,-1.0,3,6182.6,6184.6,1,6167.2,6195.0,6195.0,6178.0,1360.0,1682383560.0,63188
2023-05-11 09:31:39,IC2305,IC2305,6184.4,1.0,1236880.0,-1.0,4,6182.8,6184.6,1,6167.2,6195.0,6195.0,6178.0,1361.0,1683620440.0,63187
2023-05-11 09:31:40,IC2305,IC2305,6184.6,2.0,2473640.0,-2.0,1,6183.6,6184.8,4,6167.2,6195.0,6195.0,6178.0,1363.0,1686094080.0,63185
2023-05-11 09:31:40,IC2305,IC2305,6184.6,0.0,0.0,0.0,6,6183.0,6183.8,1,6167.2,6195.0,6195.0,6178.0,1363.0,1686094080.0,63185
2023-05-11 09:31:41,IC2305,IC2305,6183.4,4.0,4946960.0,1.0,2,6183.2,6183.4,1,6167.2,6195.0,6195.0,6178.0,1367.0,1691041040.0,63186
2023-05-11 09:31:41,IC2305,IC2305,6183.0,3.0,3709880.0,1.0,1,6182.8,6183.0,1,6167.2,6195.0,6195.0,6178.0,1370.0,1694750920.0,63187
2023-05-11 09:31:42,IC2305,IC2305,6182.8,2.0,2473120.0,-2.0,1,6182.0,6182.8,4,6167.2,6195.0,6195.0,6178.0,1372.0,1697224040.0,63185
2023-05-11 09:31:42,IC2305,IC2305,6182.6,3.0,3709440.0,-1.0,1,6181.8,6182.8,4,6167.2,6195.0,6195.0,6178.0,1375.0,1700933480.0,63184
2023-05-11 09:31:43,IC2305,IC2305,6182.8,9.0,11127880.0,1.0,1,6181.2,6182.8,3,6167.2,6195.0,6195.0,6178.0,1384.0,1712061360.0,63185
2023-05-11 09:31:43,IC2305,IC2305,6182.8,0.0,0.0,0.0,2,6181.4,6182.6,1,6167.2,6195.0,6195.0,6178.0,1384.0,1712061360.0,63185
2023-05-11 09:31:44,IC2305,IC2305,6182.8,0.0,0.0,0.0,2,6181.4,6182.6,2,6167.2,6195.0,6195.0,6178.0,1384.0,1712061360.0,63185
2023-05-11 09:31:44,IC2305,IC2305,6182.8,1.0,1236560.0,-1.0,1,6181.2,6182.4,1,6167.2,6195.0,6195.0,6178.0,1385.0,1713297920.0,63184
2023-05-11 09:31:45,IC2305,IC2305,6182.6,1.0,1236520.0,0.0,1,6180.8,6182.4,2,6167.2,6195.0,6195.0,6178.0,1386.0,1714534440.0,63184
2023-05-11 09:31:45,IC2305,IC2305,6182.6,0.0,0.0,0.0,6,6181.0,6182.2,1,6167.2,6195.0,6195.0,6178.0,1386.0,1714534440.0,63184
2023-05-11 09:31:46,IC2305,IC2305,6182.6,0.0,0.0,0.0,6,6181.0,6182.2,5,6167.2,6195.0,6195.0,6178.0,1386.0,1714534440.0,63184
2023-05-11 09:31:46,IC2305,IC2305,6180.6,5.0,6181440.0,-2.0,2,6180.2,6180.4,1,6167.2,6195.0,6195.0,6178.0,1391.0,1720715880.0,63182
2023-05-11 09:31:47,IC2305,IC2305,6180.4,6.0,7417000.0,-1.0,6,6180.4,6181.2,1,6167.2,6195.0,6195.0,6178.0,1397.0,1728132880.0,63181
2023-05-11 09:31:47,IC2305,IC2305,6180.6,7.0,8653280.0,-1.0,1,6180.6,6182.2,1,6167.2,6195.0,6195.0,6178.0,1404.0,1736786160.0,63180
2023-05-11 09:31:48,IC2305,IC2305,6180.6,0.0,0.0,0.0,1,6180.0,6181.6,2,6167.2,6195.0,6195.0,6178.0,1404.0,1736786160.0,63180
2023-05-11 09:31:48,IC2305,IC2305,6180.6,0.0,0.0,0.0,1,6180.0,6180.4,1,6167.2,6195.0,6195.0,6178.0,1404.0,1736786160.0,63180
2023-05-11 09:31:49,IC2305,IC2305,6179.8,17.0,21014280.0,-9.0,3,6179.8,6182.0,3,6167.2,6195.0,6195.0,6178.0,1421.0,1757800440.0,63171
2023-05-11 09:31:49,IC2305,IC2305,6181.0,1.0,1236200.0,0.0,3,6180.0,6181.0,1,6167.2,6195.0,6195.0,6178.0,1422.0,1759036640.0,63171
2023-05-11 09:31:50,IC2305,IC2305,6180.2,2.0,2472240.0,-2.0,3,6180.0,6180.6,1,6167.2,6195.0,6195.0,6178.0,1424.0,1761508880.0,63169
2023-05-11 09:31:50,IC2305,IC2305,6180.2,0.0,0.0,0.0,1,6180.0,6181.2,2,6167.2,6195.0,6195.0,6178.0,1424.0,1761508880.0,63169
2023-05-11 09:31:51,IC2305,IC2305,6180.2,0.0,0.0,0.0,1,6180.0,6180.6,3,6167.2,6195.0,6195.0,6178.0,1424.0,1761508880.0,63169
2023-05-11 09:31:51,IC2305,IC2305,6180.2,0.0,0.0,0.0,2,6180.2,6180.6,4,6167.2,6195.0,6195.0,6178.0,1424.0,1761508880.0,63169
2023-05-11 09:31:52,IC2305,IC2305,6180.2,0.0,0.0,0.0,1,6180.4,6180.6,4,6167.2,6195.0,6195.0,6178.0,1424.0,1761508880.0,63169
2023-05-11 09:31:52,IC2305,IC2305,6180.2,2.0,2472160.0,-1.0,1,6180.0,6180.4,1,6167.2,6195.0,6195.0,6178.0,1426.0,1763981040.0,63168
2023-05-11 09:31:53,IC2305,IC2305,6180.2,2.0,2472040.0,-2.0,3,6179.8,6180.4,2,6167.2,6195.0,6195.0,6178.0,1428.0,1766453080.0,63166
2023-05-11 09:31:53,IC2305,IC2305,6180.2,0.0,0.0,0.0,2,6180.0,6180.4,3,6167.2,6195.0,6195.0,6178.0,1428.0,1766453080.0,63166
2023-05-11 09:31:54,IC2305,IC2305,6180.4,2.0,2472080.0,-2.0,1,6180.0,6180.4,3,6167.2,6195.0,6195.0,6178.0,1430.0,1768925160.0,63164
2023-05-11 09:31:54,IC2305,IC2305,6180.0,1.0,1236000.0,-1.0,3,6179.8,6180.0,1,6167.2,6195.0,6195.0,6178.0,1431.0,1770161160.0,63163
2023-05-11 09:31:55,IC2305,IC2305,6179.8,3.0,3707880.0,1.0,1,6178.4,6179.6,1,6167.2,6195.0,6195.0,6178.0,1434.0,1773869040.0,63164
2023-05-11 09:31:55,IC2305,IC2305,6179.8,3.0,3707840.0,-3.0,2,6179.8,6180.0,2,6167.2,6195.0,6195.0,6178.0,1437.0,1777576880.0,63161
2023-05-11 09:31:56,IC2305,IC2305,6179.8,9.0,11123960.0,-1.0,1,6178.8,6180.4,3,6167.2,6195.0,6195.0,6178.0,1446.0,1788700840.0,63160
2023-05-11 09:31:56,IC2305,IC2305,6179.6,4.0,4944160.0,0.0,5,6179.4,6180.6,1,6167.2,6195.0,6195.0,6178.0,1450.0,1793645000.0,63160
2023-05-11 09:31:57,IC2305,IC2305,6179.6,0.0,0.0,0.0,1,6179.8,6180.6,1,6167.2,6195.0,6195.0,6178.0,1450.0,1793645000.0,63160
2023-05-11 09:31:57,IC2305,IC2305,6180.6,1.0,1236120.0,0.0,1,6179.8,6181.8,2,6167.2,6195.0,6195.0,6178.0,1451.0,1794881120.0,63160
2023-05-11 09:31:58,IC2305,IC2305,6181.6,1.0,1236320.0,-1.0,1,6179.8,6181.6,7,6167.2,6195.0,6195.0,6178.0,1452.0,1796117440.0,63159
2023-05-11 09:31:58,IC2305,IC2305,6181.6,0.0,0.0,0.0,1,6180.6,6181.4,1,6167.2,6195.0,6195.0,6178.0,1452.0,1796117440.0,63159
2023-05-11 09:31:59,IC2305,IC2305,6181.6,7.0,8653760.0,-5.0,1,6180.4,6181.6,2,6167.2,6195.0,6195.0,6178.0,1459.0,1804771200.0,63154
2023-05-11 09:31:59,IC2305,IC2305,6184.6,5.0,6183160.0,-4.0,1,6180.8,6181.4,1,6167.2,6195.0,6195.0,6178.0,1464.0,1810954360.0,63150
2023-05-11 09:32:00,IC2305,IC2305,6181.4,2.0,2472560.0,0.0,1,6181.8,6184.4,4,6167.2,6195.0,6195.0,6178.0,1466.0,1813426920.0,63150
2023-05-11 09:32:00,IC2305,IC2305,6182.0,4.0,4945840.0,0.0,1,6182.2,6183.4,3,6167.2,6195.0,6195.0,6178.0,1470.0,1818372760.0,63150
2023-05-11 09:32:01,IC2305,IC2305,6183.4,3.0,3709760.0,-3.0,2,6182.4,6183.2,5,6167.2,6195.0,6195.0,6178.0,1473.0,1822082520.0,63147
2023-05-11 09:32:01,IC2305,IC2305,6183.2,1.0,1236640.0,-1.0,2,6182.4,6183.0,1,6167.2,6195.0,6195.0,6178.0,1474.0,1823319160.0,63146
2023-05-11 09:32:02,IC2305,IC2305,6182.4,3.0,3709440.0,0.0,1,6182.2,6183.2,5,6167.2,6195.0,6195.0,6178.0,1477.0,1827028600.0,63146
2023-05-11 09:32:02,IC2305,IC2305,6182.4,0.0,0.0,0.0,2,6182.2,6182.4,1,6167.2,6195.0,6195.0,6178.0,1477.0,1827028600.0,63146
2023-05-11 09:32:03,IC2305,IC2305,6182.4,3.0,3709440.0,-2.0,1,6182.4,6183.2,4,6167.2,6195.0,6195.0,6178.0,1480.0,1830738040.0,63144
2023-05-11 09:32:03,IC2305,IC2305,6182.8,2.0,2473120.0,-2.0,2,6182.6,6183.2,5,6167.2,6195.0,6195.0,6178.0,1482.0,1833211160.0,63142
2023-05-11 09:32:04,IC2305,IC2305,6182.6,3.0,3709560.0,-3.0,2,6182.2,6183.0,1,6167.2,6195.0,6195.0,6178.0,1485.0,1836920720.0,63139
2023-05-11 09:32:04,IC2305,IC2305,6182.2,1.0,1236440.0,-1.0,1,6182.2,6182.8,1,6167.2,6195.0,6195.0,6178.0,1486.0,1838157160.0,63138
2023-05-11 09:32:05,IC2305,IC2305,6182.2,1.0,1236440.0,-1.0,10,6181.8,6182.8,1,6167.2,6195.0,6195.0,6178.0,1487.0,1839393600.0,63137
2023-05-11 09:32:05,IC2305,IC2305,6182.2,0.0,0.0,0.0,10,6181.8,6182.8,2,6167.2,6195.0,6195.0,6178.0,1487.0,1839393600.0,63137
2023-05-11 09:32:06,IC2305,IC2305,6182.8,2.0,2473120.0,0.0,2,6182.0,6183.2,4,6167.2,6195.0,6195.0,6178.0,1489.0,1841866720.0,63137
2023-05-11 09:32:06,IC2305,IC2305,6182.2,2.0,2473080.0,1.0,2,6182.2,6183.2,3,6167.2,6195.0,6195.0,6178.0,1491.0,1844339800.0,63138
2023-05-11 09:32:07,IC2305,IC2305,6183.2,1.0,1236640.0,0.0,5,6182.4,6182.8,1,6167.2,6195.0,6195.0,6178.0,1492.0,1845576440.0,63138
2023-05-11 09:32:07,IC2305,IC2305,6183.0,4.0,4946440.0,-1.0,4,6182.8,6184.2,2,6167.2,6195.0,6195.0,6178.0,1496.0,1850522880.0,63137
2023-05-11 09:32:08,IC2305,IC2305,6183.0,0.0,0.0,0.0,5,6183.2,6183.6,10,6167.2,6195.0,6195.0,6178.0,1496.0,1850522880.0,63137
2023-05-11 09:32:08,IC2305,IC2305,6183.6,5.0,6183320.0,0.0,1,6183.4,6183.6,9,6167.2,6195.0,6195.0,6178.0,1501.0,1856706200.0,63137
2023-05-11 09:32:09,IC2305,IC2305,6183.6,4.0,4946760.0,-2.0,1,6183.2,6183.6,7,6167.2,6195.0,6195.0,6178.0,1505.0,1861652960.0,63135
2023-05-11 09:32:09,IC2305,IC2305,6183.0,6.0,7420000.0,-4.0,1,6183.0,6183.6,5,6167.2,6195.0,6195.0,6178.0,1511.0,1869072960.0,63131
2023-05-11 09:32:10,IC2305,IC2305,6183.6,1.0,1236720.0,0.0,1,6183.0,6183.6,5,6167.2,6195.0,6195.0,6178.0,1512.0,1870309680.0,63131
2023-05-11 09:32:10,IC2305,IC2305,6183.6,0.0,0.0,0.0,2,6183.0,6183.6,5,6167.2,6195.0,6195.0,6178.0,1512.0,1870309680.0,63131
2023-05-11 09:32:11,IC2305,IC2305,6183.6,2.0,2473440.0,-2.0,1,6183.2,6183.6,3,6167.2,6195.0,6195.0,6178.0,1514.0,1872783120.0,63129
2023-05-11 09:32:11,IC2305,IC2305,6183.6,1.0,1236720.0,-1.0,1,6183.2,6183.6,2,6167.2,6195.0,6195.0,6178.0,1515.0,1874019840.0,63128
2023-05-11 09:32:12,IC2305,IC2305,6183.6,1.0,1236720.0,0.0,1,6183.2,6183.6,1,6167.2,6195.0,6195.0,6178.0,1516.0,1875256560.0,63128
2023-05-11 09:32:12,IC2305,IC2305,6183.6,2.0,2473360.0,-2.0,1,6183.0,6184.0,3,6167.2,6195.0,6195.0,6178.0,1518.0,1877729920.0,63126
2023-05-11 09:32:13,IC2305,IC2305,6183.6,0.0,0.0,0.0,1,6183.0,6183.4,1,6167.2,6195.0,6195.0,6178.0,1518.0,1877729920.0,63126
2023-05-11 09:32:13,IC2305,IC2305,6182.8,3.0,3709840.0,-2.0,3,6182.8,6183.0,1,6167.2,6195.0,6195.0,6178.0,1521.0,1881439760.0,63124
2023-05-11 09:32:14,IC2305,IC2305,6183.0,1.0,1236600.0,-1.0,3,6183.0,6183.8,1,6167.2,6195.0,6195.0,6178.0,1522.0,1882676360.0,63123
2023-05-11 09:32:14,IC2305,IC2305,6183.0,1.0,1236600.0,-1.0,1,6183.4,6183.6,1,6167.2,6195.0,6195.0,6178.0,1523.0,1883912960.0,63122
2023-05-11 09:32:15,IC2305,IC2305,6183.6,3.0,3710200.0,-2.0,2,6182.8,6184.0,1,6167.2,6195.0,6195.0,6178.0,1526.0,1887623160.0,63120
2023-05-11 09:32:15,IC2305,IC2305,6183.0,3.0,3710240.0,-3.0,1,6183.0,6183.8,2,6167.2,6195.0,6195.0,6178.0,1529.0,1891333400.0,63117
2023-05-11 09:32:16,IC2305,IC2305,6182.8,4.0,4946520.0,-4.0,2,6182.8,6183.6,10,6167.2,6195.0,6195.0,6178.0,1533.0,1896279920.0,63113
2023-05-11 09:32:16,IC2305,IC2305,6182.8,2.0,2473120.0,0.0,2,6182.4,6182.6,1,6167.2,6195.0,6195.0,6178.0,1535.0,1898753040.0,63113
2023-05-11 09:32:17,IC2305,IC2305,6182.4,6.0,7418880.0,-5.0,10,6181.8,6182.6,1,6167.2,6195.0,6195.0,6178.0,1541.0,1906171920.0,63108
2023-05-11 09:32:17,IC2305,IC2305,6182.4,0.0,0.0,0.0,2,6182.0,6182.4,3,6167.2,6195.0,6195.0,6178.0,1541.0,1906171920.0,63108
2023-05-11 09:32:18,IC2305,IC2305,6182.2,3.0,3709240.0,-2.0,10,6181.8,6182.4,1,6167.2,6195.0,6195.0,6178.0,1544.0,1909881160.0,63106
2023-05-11 09:32:18,IC2305,IC2305,6182.2,0.0,0.0,0.0,1,6182.0,6182.4,4,6167.2,6195.0,6195.0,6178.0,1544.0,1909881160.0,63106
2023-05-11 09:32:19,IC2305,IC2305,6182.4,3.0,3709360.0,0.0,1,6182.0,6182.4,3,6167.2,6195.0,6195.0,6178.0,1547.0,1913590520.0,63106
2023-05-11 09:32:20,IC2305,IC2305,6182.0,2.0,2472880.0,-1.0,10,6181.8,6182.6,1,6167.2,6195.0,6195.0,6178.0,1549.0,1916063400.0,63105
2023-05-11 09:32:21,IC2305,IC2305,6182.2,5.0,6181960.0,-2.0,7,6181.8,6182.4,3,6167.2,6195.0,6195.0,6178.0,1554.0,1922245360.0,63103
2023-05-11 09:32:21,IC2305,IC2305,6182.2,5.0,6181880.0,-1.0,3,6181.8,6182.2,2,6167.2,6195.0,6195.0,6178.0,1559.0,1928427240.0,63102
2023-05-11 09:32:22,IC2305,IC2305,6181.6,4.0,4945400.0,-1.0,1,6181.6,6182.0,2,6167.2,6195.0,6195.0,6178.0,1563.0,1933372640.0,63101
2023-05-11 09:32:22,IC2305,IC2305,6181.6,1.0,1236320.0,-1.0,1,6181.0,6182.2,2,6167.2,6195.0,6195.0,6178.0,1564.0,1934608960.0,63100
2023-05-11 09:32:23,IC2305,IC2305,6182.0,7.0,8653800.0,-6.0,1,6181.0,6182.0,1,6167.2,6195.0,6195.0,6178.0,1571.0,1943262760.0,63094
2023-05-11 09:32:23,IC2305,IC2305,6182.0,0.0,0.0,0.0,1,6181.0,6182.2,2,6167.2,6195.0,6195.0,6178.0,1571.0,1943262760.0,63094
2023-05-11 09:32:24,IC2305,IC2305,6181.0,1.0,1236200.0,-1.0,1,6180.8,6182.0,1,6167.2,6195.0,6195.0,6178.0,1572.0,1944498960.0,63093
2023-05-11 09:32:24,IC2305,IC2305,6181.0,1.0,1236200.0,-1.0,5,6180.8,6181.8,2,6167.2,6195.0,6195.0,6178.0,1573.0,1945735160.0,63092
2023-05-11 09:32:25,IC2305,IC2305,6181.0,0.0,0.0,0.0,2,6181.0,6181.8,2,6167.2,6195.0,6195.0,6178.0,1573.0,1945735160.0,63092
2023-05-11 09:32:25,IC2305,IC2305,6181.0,0.0,0.0,0.0,1,6181.0,6181.8,2,6167.2,6195.0,6195.0,6178.0,1573.0,1945735160.0,63092
2023-05-11 09:32:26,IC2305,IC2305,6181.0,1.0,1236200.0,0.0,2,6181.2,6181.8,2,6167.2,6195.0,6195.0,6178.0,1574.0,1946971360.0,63092
2023-05-11 09:32:27,IC2305,IC2305,6181.0,4.0,4944800.0,-4.0,5,6180.8,6181.0,2,6167.2,6195.0,6195.0,6178.0,1578.0,1951916160.0,63088
2023-05-11 09:32:27,IC2305,IC2305,6181.0,10.0,12362160.0,-7.0,1,6180.8,6181.0,1,6167.2,6195.0,6195.0,6178.0,1588.0,1964278320.0,63081
2023-05-11 09:32:28,IC2305,IC2305,6180.8,4.0,4944760.0,-3.0,2,6180.6,6180.8,1,6167.2,6195.0,6195.0,6178.0,1592.0,1969223080.0,63078
2023-05-11 09:32:28,IC2305,IC2305,6180.6,2.0,2472280.0,-2.0,1,6180.6,6182.8,1,6167.2,6195.0,6195.0,6178.0,1594.0,1971695360.0,63076
2023-05-11 09:32:29,IC2305,IC2305,6180.4,2.0,2472200.0,0.0,1,6180.2,6180.6,1,6167.2,6195.0,6195.0,6178.0,1596.0,1974167560.0,63076
2023-05-11 09:32:29,IC2305,IC2305,6180.6,1.0,1236120.0,-1.0,1,6180.6,6180.8,1,6167.2,6195.0,6195.0,6178.0,1597.0,1975403680.0,63075
2023-05-11 09:32:30,IC2305,IC2305,6180.8,2.0,2472320.0,-2.0,1,6181.4,6182.0,2,6167.2,6195.0,6195.0,6178.0,1599.0,1977876000.0,63073
2023-05-11 09:32:30,IC2305,IC2305,6181.4,2.0,2472560.0,-2.0,1,6180.6,6181.8,6,6167.2,6195.0,6195.0,6178.0,1601.0,1980348560.0,63071
2023-05-11 09:32:31,IC2305,IC2305,6180.6,2.0,2472480.0,-1.0,3,6180.2,6181.6,1,6167.2,6195.0,6195.0,6178.0,1603.0,1982821040.0,63070
2023-05-11 09:32:31,IC2305,IC2305,6180.6,0.0,0.0,0.0,1,6180.4,6181.6,2,6167.2,6195.0,6195.0,6178.0,1603.0,1982821040.0,63070
2023-05-11 09:32:32,IC2305,IC2305,6181.6,1.0,1236320.0,0.0,3,6180.2,6181.6,1,6167.2,6195.0,6195.0,6178.0,1604.0,1984057360.0,63070
2023-05-11 09:32:32,IC2305,IC2305,6180.4,1.0,1236080.0,-1.0,2,6180.4,6180.6,1,6167.2,6195.0,6195.0,6178.0,1605.0,1985293440.0,63069
2023-05-11 09:32:33,IC2305,IC2305,6180.6,1.0,1236120.0,0.0,4,6180.2,6181.6,2,6167.2,6195.0,6195.0,6178.0,1606.0,1986529560.0,63069
2023-05-11 09:32:33,IC2305,IC2305,6180.6,0.0,0.0,0.0,4,6180.2,6181.0,2,6167.2,6195.0,6195.0,6178.0,1606.0,1986529560.0,63069
2023-05-11 09:32:34,IC2305,IC2305,6179.8,5.0,6180120.0,-4.0,2,6178.8,6180.0,1,6167.2,6195.0,6195.0,6178.0,1611.0,1992709680.0,63065
2023-05-11 09:32:34,IC2305,IC2305,6178.6,1.0,1235720.0,-1.0,2,6179.0,6179.8,2,6167.2,6195.0,6195.0,6178.0,1612.0,1993945400.0,63064
2023-05-11 09:32:35,IC2305,IC2305,6179.0,2.0,2471560.0,-1.0,1,6178.4,6179.6,2,6167.2,6195.0,6195.0,6178.0,1614.0,1996416960.0,63063
2023-05-11 09:32:35,IC2305,IC2305,6178.6,1.0,1235720.0,0.0,1,6178.4,6179.6,2,6167.2,6195.0,6195.0,6178.0,1615.0,1997652680.0,63063
2023-05-11 09:32:36,IC2305,IC2305,6178.6,0.0,0.0,0.0,5,6178.4,6179.6,5,6167.2,6195.0,6195.0,6178.0,1615.0,1997652680.0,63063
2023-05-11 09:32:36,IC2305,IC2305,6178.4,1.0,1235680.0,1.0,4,6178.4,6178.6,1,6167.2,6195.0,6195.0,6178.0,1616.0,1998888360.0,63064
2023-05-11 09:32:37,IC2305,IC2305,6178.6,1.0,1235720.0,0.0,1,6179.0,6179.6,3,6167.2,6195.0,6195.0,6178.0,1617.0,2000124080.0,63064
2023-05-11 09:32:37,IC2305,IC2305,6178.6,3.0,3707160.0,0.0,2,6178.6,6179.4,1,6167.2,6195.0,6195.0,6178.0,1620.0,2003831240.0,63064
2023-05-11 09:32:38,IC2305,IC2305,6179.4,2.0,2471600.0,-2.0,1,6179.2,6179.6,3,6167.2,6195.0,6195.0,6178.0,1622.0,2006302840.0,63062
2023-05-11 09:32:38,IC2305,IC2305,6179.4,0.0,0.0,0.0,1,6179.2,6179.6,4,6167.2,6195.0,6195.0,6178.0,1622.0,2006302840.0,63062
2023-05-11 09:32:39,IC2305,IC2305,6179.2,1.0,1235840.0,-1.0,4,6178.4,6179.4,14,6167.2,6195.0,6195.0,6178.0,1623.0,2007538680.0,63061
2023-05-11 09:32:39,IC2305,IC2305,6179.2,2.0,2471680.0,1.0,3,6178.6,6179.2,1,6167.2,6195.0,6195.0,6178.0,1625.0,2010010360.0,63062
2023-05-11 09:32:40,IC2305,IC2305,6178.6,1.0,1235720.0,-1.0,2,6178.6,6179.4,13,6167.2,6195.0,6195.0,6178.0,1626.0,2011246080.0,63061
2023-05-11 09:32:40,IC2305,IC2305,6179.4,8.0,9886880.0,-6.0,3,6178.6,6179.4,6,6167.2,6195.0,6195.0,6178.0,1634.0,2021132960.0,63055
2023-05-11 09:32:41,IC2305,IC2305,6179.4,0.0,0.0,0.0,1,6178.8,6179.0,1,6167.2,6195.0,6195.0,6178.0,1634.0,2021132960.0,63055
2023-05-11 09:32:41,IC2305,IC2305,6178.6,2.0,2471440.0,-2.0,1,6178.6,6178.8,1,6167.2,6195.0,6195.0,6178.0,1636.0,2023604400.0,63053
2023-05-11 09:32:42,IC2305,IC2305,6179.0,4.0,4943040.0,-3.0,2,6179.0,6179.4,6,6167.2,6195.0,6195.0,6178.0,1640.0,2028547440.0,63050
2023-05-11 09:32:42,IC2305,IC2305,6179.0,2.0,2471600.0,-2.0,4,6178.4,6179.2,5,6167.2,6195.0,6195.0,6178.0,1642.0,2031019040.0,63048
2023-05-11 09:32:43,IC2305,IC2305,6179.2,2.0,2471520.0,-1.0,3,6178.4,6179.2,2,6167.2,6195.0,6195.0,6178.0,1644.0,2033490560.0,63047
2023-05-11 09:32:43,IC2305,IC2305,6178.4,3.0,3707040.0,-3.0,9,6178.2,6179.2,3,6167.2,6195.0,6195.0,6178.0,1647.0,2037197600.0,63044
2023-05-11 09:32:44,IC2305,IC2305,6179.0,3.0,3707400.0,-3.0,3,6179.0,6179.2,4,6167.2,6195.0,6195.0,6178.0,1650.0,2040905000.0,63041
2023-05-11 09:32:44,IC2305,IC2305,6179.2,5.0,6179040.0,-4.0,9,6178.2,6178.4,13,6167.2,6195.0,6195.0,6178.0,1655.0,2047084040.0,63037
2023-05-11 09:32:45,IC2305,IC2305,6178.4,14.0,17299520.0,-1.0,3,6178.4,6179.0,1,6167.2,6195.0,6195.0,6178.0,1669.0,2064383560.0,63036
2023-05-11 09:32:45,IC2305,IC2305,6179.2,5.0,6179040.0,-5.0,2,6178.4,6179.2,1,6167.2,6195.0,6195.0,6178.0,1674.0,2070562600.0,63031
2023-05-11 09:32:46,IC2305,IC2305,6179.2,0.0,0.0,0.0,1,6178.6,6179.0,1,6167.2,6195.0,6195.0,6178.0,1674.0,2070562600.0,63031
2023-05-11 09:32:46,IC2305,IC2305,6178.6,1.0,1235720.0,0.0,2,6178.4,6179.0,1,6167.2,6195.0,6195.0,6178.0,1675.0,2071798320.0,63031
2023-05-11 09:32:47,IC2305,IC2305,6178.6,1.0,1235720.0,0.0,2,6178.4,6179.0,1,6167.2,6195.0,6195.0,6178.0,1676.0,2073034040.0,63031
2023-05-11 09:32:47,IC2305,IC2305,6178.6,0.0,0.0,0.0,2,6178.4,6178.6,2,6167.2,6195.0,6195.0,6178.0,1676.0,2073034040.0,63031
2023-05-11 09:32:48,IC2305,IC2305,6178.8,4.0,4943000.0,-3.0,1,6178.6,6179.0,1,6167.2,6195.0,6195.0,6178.0,1680.0,2077977040.0,63028
2023-05-11 09:32:48,IC2305,IC2305,6179.0,1.0,1235800.0,0.0,1,6179.2,6179.4,6,6167.2,6195.0,6195.0,6178.0,1681.0,2079212840.0,63028
2023-05-11 09:32:49,IC2305,IC2305,6179.4,22.0,27188720.0,-22.0,1,6178.6,6179.4,1,6167.2,6195.0,6195.0,6178.0,1703.0,2106401560.0,63006
2023-05-11 09:32:49,IC2305,IC2305,6179.4,3.0,3707680.0,0.0,1,6179.2,6179.6,1,6167.2,6195.0,6195.0,6178.0,1706.0,2110109240.0,63006
2023-05-11 09:32:50,IC2305,IC2305,6179.6,4.0,4943760.0,-2.0,2,6179.6,6180.8,2,6167.2,6195.0,6195.0,6178.0,1710.0,2115053000.0,63004
2023-05-11 09:32:50,IC2305,IC2305,6179.6,0.0,0.0,0.0,3,6179.8,6180.8,4,6167.2,6195.0,6195.0,6178.0,1710.0,2115053000.0,63004
2023-05-11 09:32:51,IC2305,IC2305,6180.8,1.0,1236160.0,-1.0,1,6179.8,6180.8,3,6167.2,6195.0,6195.0,6178.0,1711.0,2116289160.0,63003
2023-05-11 09:32:51,IC2305,IC2305,6180.2,4.0,4944520.0,-2.0,1,6180.2,6180.8,1,6167.2,6195.0,6195.0,6178.0,1715.0,2121233680.0,63001
2023-05-11 09:32:52,IC2305,IC2305,6180.8,3.0,3708320.0,-2.0,1,6180.2,6181.4,2,6167.2,6195.0,6195.0,6178.0,1718.0,2124942000.0,62999
2023-05-11 09:32:52,IC2305,IC2305,6181.0,3.0,3708360.0,-1.0,1,6180.2,6181.0,2,6167.2,6195.0,6195.0,6178.0,1721.0,2128650360.0,62998
2023-05-11 09:32:53,IC2305,IC2305,6180.2,3.0,3708120.0,-2.0,1,6179.2,6180.4,1,6167.2,6195.0,6195.0,6178.0,1724.0,2132358480.0,62996
2023-05-11 09:32:53,IC2305,IC2305,6180.2,1.0,1236040.0,0.0,1,6179.6,6180.6,2,6167.2,6195.0,6195.0,6178.0,1725.0,2133594520.0,62996
2023-05-11 09:32:54,IC2305,IC2305,6179.2,2.0,2471720.0,-2.0,1,6179.4,6179.8,1,6167.2,6195.0,6195.0,6178.0,1727.0,2136066240.0,62994
2023-05-11 09:32:54,IC2305,IC2305,6179.6,1.0,1235920.0,-1.0,1,6179.4,6179.8,1,6167.2,6195.0,6195.0,6178.0,1728.0,2137302160.0,62993
2023-05-11 09:32:55,IC2305,IC2305,6179.8,3.0,3707880.0,-1.0,1,6179.4,6180.2,1,6167.2,6195.0,6195.0,6178.0,1731.0,2141010040.0,62992
2023-05-11 09:32:56,IC2305,IC2305,6179.8,0.0,0.0,0.0,1,6179.6,6180.2,1,6167.2,6195.0,6195.0,6178.0,1731.0,2141010040.0,62992
2023-05-11 09:32:56,IC2305,IC2305,6179.8,0.0,0.0,0.0,1,6179.8,6180.2,1,6167.2,6195.0,6195.0,6178.0,1731.0,2141010040.0,62992
2023-05-11 09:32:57,IC2305,IC2305,6179.6,2.0,2471880.0,-2.0,1,6179.4,6180.0,2,6167.2,6195.0,6195.0,6178.0,1733.0,2143481920.0,62990
2023-05-11 09:32:57,IC2305,IC2305,6179.4,2.0,2471880.0,0.0,1,6179.2,6180.2,1,6167.2,6195.0,6195.0,6178.0,1735.0,2145953800.0,62990
2023-05-11 09:32:58,IC2305,IC2305,6179.4,0.0,0.0,0.0,1,6179.2,6180.0,4,6167.2,6195.0,6195.0,6178.0,1735.0,2145953800.0,62990
2023-05-11 09:32:58,IC2305,IC2305,6179.4,0.0,0.0,0.0,2,6179.2,6179.8,1,6167.2,6195.0,6195.0,6178.0,1735.0,2145953800.0,62990
2023-05-11 09:32:59,IC2305,IC2305,6179.4,0.0,0.0,0.0,1,6179.6,6180.4,1,6167.2,6195.0,6195.0,6178.0,1735.0,2145953800.0,62990
2023-05-11 09:32:59,IC2305,IC2305,6179.8,1.0,1235960.0,0.0,1,6179.6,6179.8,1,6167.2,6195.0,6195.0,6178.0,1736.0,2147189760.0,62990
2023-05-11 09:33:00,IC2305,IC2305,6180.6,4.0,4944120.0,-1.0,1,6179.8,6180.6,1,6167.2,6195.0,6195.0,6178.0,1740.0,2152133880.0,62989
2023-05-11 09:33:00,IC2305,IC2305,6180.4,5.0,6180480.0,-1.0,1,6180.4,6180.6,3,6167.2,6195.0,6195.0,6178.0,1745.0,2158314360.0,62988
2023-05-11 09:33:01,IC2305,IC2305,6180.6,2.0,2472200.0,-1.0,1,6179.6,6180.2,1,6167.2,6195.0,6195.0,6178.0,1747.0,2160786560.0,62987
2023-05-11 09:33:01,IC2305,IC2305,6180.6,0.0,0.0,0.0,1,6179.8,6180.2,2,6167.2,6195.0,6195.0,6178.0,1747.0,2160786560.0,62987
2023-05-11 09:33:02,IC2305,IC2305,6180.0,3.0,3707880.0,-3.0,1,6179.6,6180.0,2,6167.2,6195.0,6195.0,6178.0,1750.0,2164494440.0,62984
2023-05-11 09:33:02,IC2305,IC2305,6179.6,2.0,2471840.0,-2.0,2,6179.2,6179.8,4,6167.2,6195.0,6195.0,6178.0,1752.0,2166966280.0,62982
2023-05-11 09:33:03,IC2305,IC2305,6179.2,2.0,2471680.0,-2.0,9,6178.2,6179.6,5,6167.2,6195.0,6195.0,6178.0,1754.0,2169437960.0,62980
2023-05-11 09:33:03,IC2305,IC2305,6179.2,0.0,0.0,0.0,9,6178.2,6179.4,3,6167.2,6195.0,6195.0,6178.0,1754.0,2169437960.0,62980
2023-05-11 09:33:04,IC2305,IC2305,6178.2,1.0,1235640.0,-1.0,8,6178.2,6179.2,1,6167.2,6195.0,6195.0,6178.0,1755.0,2170673600.0,62979
2023-05-11 09:33:05,IC2305,IC2305,6178.2,3.0,3706920.0,-2.0,5,6178.2,6179.2,2,6167.2,6195.0,6195.0,6178.0,1758.0,2174380520.0,62977
2023-05-11 09:33:05,IC2305,IC2305,6178.8,1.0,1235760.0,0.0,6,6178.2,6179.2,3,6167.2,6195.0,6195.0,6178.0,1759.0,2175616280.0,62977
2023-05-11 09:33:06,IC2305,IC2305,6178.2,1.0,1235640.0,-1.0,5,6178.2,6179.2,3,6167.2,6195.0,6195.0,6178.0,1760.0,2176851920.0,62976
2023-05-11 09:33:07,IC2305,IC2305,6178.4,1.0,1235680.0,-1.0,5,6178.2,6179.2,2,6167.2,6195.0,6195.0,6178.0,1761.0,2178087600.0,62975
2023-05-11 09:33:07,IC2305,IC2305,6178.4,0.0,0.0,0.0,1,6178.4,6179.2,2,6167.2,6195.0,6195.0,6178.0,1761.0,2178087600.0,62975
2023-05-11 09:33:08,IC2305,IC2305,6178.4,0.0,0.0,0.0,1,6178.6,6179.2,2,6167.2,6195.0,6195.0,6178.0,1761.0,2178087600.0,62975
2023-05-11 09:33:08,IC2305,IC2305,6178.4,1.0,1235680.0,-1.0,2,6178.6,6179.2,2,6167.2,6195.0,6195.0,6178.0,1762.0,2179323280.0,62974
2023-05-11 09:33:09,IC2305,IC2305,6178.6,2.0,2471440.0,0.0,7,6178.2,6179.0,1,6167.2,6195.0,6195.0,6178.0,1764.0,2181794720.0,62974
2023-05-11 09:33:10,IC2305,IC2305,6178.2,1.0,1235640.0,-1.0,6,6178.2,6179.0,1,6167.2,6195.0,6195.0,6178.0,1765.0,2183030360.0,62973
2023-05-11 09:33:10,IC2305,IC2305,6178.2,1.0,1235640.0,-1.0,5,6178.2,6179.0,1,6167.2,6195.0,6195.0,6178.0,1766.0,2184266000.0,62972
2023-05-11 09:33:11,IC2305,IC2305,6178.2,1.0,1235640.0,0.0,4,6178.2,6178.8,2,6167.2,6195.0,6195.0,6178.0,1767.0,2185501640.0,62972
2023-05-11 09:33:11,IC2305,IC2305,6178.0,7.0,8649360.0,-3.0,1,6178.0,6178.6,1,6167.2,6195.0,6195.0,6178.0,1774.0,2194151000.0,62969
2023-05-11 09:33:12,IC2305,IC2305,6178.0,1.0,1235600.0,-1.0,1,6177.6,6177.8,1,6167.2,6195.0,6195.0,6178.0,1775.0,2195386600.0,62968
2023-05-11 09:33:12,IC2305,IC2305,6178.2,8.0,9884520.0,-5.0,1,6177.4,6178.6,1,6167.2,6195.0,6195.0,6177.6,1783.0,2205271120.0,62963
2023-05-11 09:33:13,IC2305,IC2305,6178.0,1.0,1235600.0,-1.0,1,6177.4,6178.0,2,6167.2,6195.0,6195.0,6177.6,1784.0,2206506720.0,62962
2023-05-11 09:33:13,IC2305,IC2305,6177.4,1.0,1235480.0,0.0,10,6177.0,6178.6,1,6167.2,6195.0,6195.0,6177.4,1785.0,2207742200.0,62962
2023-05-11 09:33:14,IC2305,IC2305,6177.2,1.0,1235440.0,0.0,1,6177.2,6178.4,3,6167.2,6195.0,6195.0,6177.2,1786.0,2208977640.0,62962
2023-05-11 09:33:14,IC2305,IC2305,6177.2,0.0,0.0,0.0,1,6177.2,6178.2,2,6167.2,6195.0,6195.0,6177.2,1786.0,2208977640.0,62962
2023-05-11 09:33:15,IC2305,IC2305,6177.2,0.0,0.0,0.0,1,6177.6,6178.2,2,6167.2,6195.0,6195.0,6177.2,1786.0,2208977640.0,62962
2023-05-11 09:33:15,IC2305,IC2305,6177.2,1.0,1235440.0,-1.0,1,6177.4,6178.2,3,6167.2,6195.0,6195.0,6177.2,1787.0,2210213080.0,62961
2023-05-11 09:33:16,IC2305,IC2305,6177.2,5.0,6177840.0,-3.0,10,6177.0,6178.6,1,6167.2,6195.0,6195.0,6177.2,1792.0,2216390920.0,62958
2023-05-11 09:33:16,IC2305,IC2305,6177.4,3.0,3706680.0,-1.0,4,6177.2,6178.6,2,6167.2,6195.0,6195.0,6177.2,1795.0,2220097600.0,62957
2023-05-11 09:33:17,IC2305,IC2305,6177.4,0.0,0.0,0.0,3,6177.2,6178.4,1,6167.2,6195.0,6195.0,6177.2,1795.0,2220097600.0,62957
2023-05-11 09:33:17,IC2305,IC2305,6177.2,1.0,1235440.0,0.0,1,6177.8,6178.4,1,6167.2,6195.0,6195.0,6177.2,1796.0,2221333040.0,62957
2023-05-11 09:33:18,IC2305,IC2305,6178.2,1.0,1235640.0,-1.0,1,6177.8,6178.6,2,6167.2,6195.0,6195.0,6177.2,1797.0,2222568680.0,62956
2023-05-11 09:33:18,IC2305,IC2305,6178.6,3.0,3707240.0,0.0,1,6178.2,6179.2,1,6167.2,6195.0,6195.0,6177.2,1800.0,2226275920.0,62956
2023-05-11 09:33:19,IC2305,IC2305,6178.4,2.0,2471360.0,-2.0,1,6178.2,6178.6,2,6167.2,6195.0,6195.0,6177.2,1802.0,2228747280.0,62954
2023-05-11 09:33:19,IC2305,IC2305,6178.4,1.0,1235680.0,-1.0,2,6178.6,6179.2,2,6167.2,6195.0,6195.0,6177.2,1803.0,2229982960.0,62953
2023-05-11 09:33:20,IC2305,IC2305,6179.2,1.0,1235840.0,-1.0,1,6178.8,6179.2,1,6167.2,6195.0,6195.0,6177.2,1804.0,2231218800.0,62952
2023-05-11 09:33:20,IC2305,IC2305,6179.2,3.0,3707520.0,2.0,2,6179.0,6179.8,8,6167.2,6195.0,6195.0,6177.2,1807.0,2234926320.0,62954
2023-05-11 09:33:21,IC2305,IC2305,6178.8,1.0,1235760.0,0.0,4,6178.6,6179.8,8,6167.2,6195.0,6195.0,6177.2,1808.0,2236162080.0,62954
2023-05-11 09:33:21,IC2305,IC2305,6179.8,1.0,1235960.0,-1.0,4,6178.6,6179.6,1,6167.2,6195.0,6195.0,6177.2,1809.0,2237398040.0,62953
2023-05-11 09:33:22,IC2305,IC2305,6178.8,2.0,2471600.0,0.0,4,6178.6,6179.6,1,6167.2,6195.0,6195.0,6177.2,1811.0,2239869640.0,62953
2023-05-11 09:33:22,IC2305,IC2305,6178.6,2.0,2471440.0,-2.0,1,6178.4,6179.0,1,6167.2,6195.0,6195.0,6177.2,1813.0,2242341080.0,62951
2023-05-11 09:33:23,IC2305,IC2305,6178.4,1.0,1235680.0,0.0,1,6178.2,6179.0,1,6167.2,6195.0,6195.0,6177.2,1814.0,2243576760.0,62951
2023-05-11 09:33:23,IC2305,IC2305,6178.2,1.0,1235640.0,0.0,1,6178.0,6179.0,1,6167.2,6195.0,6195.0,6177.2,1815.0,2244812400.0,62951
2023-05-11 09:33:24,IC2305,IC2305,6178.4,1.0,1235680.0,0.0,4,6178.0,6178.8,3,6167.2,6195.0,6195.0,6177.2,1816.0,2246048080.0,62951
2023-05-11 09:33:24,IC2305,IC2305,6178.4,0.0,0.0,0.0,4,6178.0,6178.6,2,6167.2,6195.0,6195.0,6177.2,1816.0,2246048080.0,62951
2023-05-11 09:33:25,IC2305,IC2305,6178.4,0.0,0.0,0.0,4,6178.0,6178.6,1,6167.2,6195.0,6195.0,6177.2,1816.0,2246048080.0,62951
2023-05-11 09:33:25,IC2305,IC2305,6178.4,0.0,0.0,0.0,1,6178.2,6178.6,1,6167.2,6195.0,6195.0,6177.2,1816.0,2246048080.0,62951
2023-05-11 09:33:27,IC2305,IC2305,6178.6,1.0,1235720.0,0.0,2,6178.2,6178.8,1,6167.2,6195.0,6195.0,6177.2,1817.0,2247283800.0,62951
2023-05-11 09:33:28,IC2305,IC2305,6178.2,1.0,1235640.0,0.0,1,6178.2,6178.4,1,6167.2,6195.0,6195.0,6177.2,1818.0,2248519440.0,62951
2023-05-11 09:33:28,IC2305,IC2305,6178.4,1.0,1235680.0,-1.0,2,6178.2,6178.6,1,6167.2,6195.0,6195.0,6177.2,1819.0,2249755120.0,62950
2023-05-11 09:33:29,IC2305,IC2305,6178.4,0.0,0.0,0.0,3,6178.4,6178.6,1,6167.2,6195.0,6195.0,6177.2,1819.0,2249755120.0,62950
2023-05-11 09:33:29,IC2305,IC2305,6178.4,4.0,4942760.0,-2.0,2,6178.2,6178.8,1,6167.2,6195.0,6195.0,6177.2,1823.0,2254697880.0,62948
2023-05-11 09:33:30,IC2305,IC2305,6178.2,1.0,1235640.0,1.0,1,6178.2,6178.6,1,6167.2,6195.0,6195.0,6177.2,1824.0,2255933520.0,62949
2023-05-11 09:33:30,IC2305,IC2305,6178.2,1.0,1235640.0,-1.0,3,6178.0,6178.4,1,6167.2,6195.0,6195.0,6177.2,1825.0,2257169160.0,62948
2023-05-11 09:33:31,IC2305,IC2305,6178.0,4.0,4942400.0,-4.0,1,6177.8,6178.0,1,6167.2,6195.0,6195.0,6177.2,1829.0,2262111560.0,62944
2023-05-11 09:33:31,IC2305,IC2305,6177.8,3.0,3706760.0,-3.0,2,6178.0,6178.2,1,6167.2,6195.0,6195.0,6177.2,1832.0,2265818320.0,62941
2023-05-11 09:33:32,IC2305,IC2305,6178.0,3.0,3706840.0,-3.0,3,6177.2,6178.0,8,6167.2,6195.0,6195.0,6177.2,1835.0,2269525160.0,62938
2023-05-11 09:33:32,IC2305,IC2305,6178.0,0.0,0.0,0.0,1,6177.4,6178.0,11,6167.2,6195.0,6195.0,6177.2,1835.0,2269525160.0,62938
2023-05-11 09:33:33,IC2305,IC2305,6177.8,5.0,6177800.0,-2.0,1,6177.6,6178.0,11,6167.2,6195.0,6195.0,6177.2,1840.0,2275702960.0,62936
2023-05-11 09:33:33,IC2305,IC2305,6177.8,0.0,0.0,0.0,3,6177.6,6178.0,11,6167.2,6195.0,6195.0,6177.2,1840.0,2275702960.0,62936
2023-05-11 09:33:34,IC2305,IC2305,6178.0,6.0,7413600.0,-6.0,3,6177.8,6178.0,5,6167.2,6195.0,6195.0,6177.2,1846.0,2283116560.0,62930
2023-05-11 09:33:34,IC2305,IC2305,6178.0,5.0,6178000.0,-4.0,1,6178.2,6178.6,2,6167.2,6195.0,6195.0,6177.2,1851.0,2289294560.0,62926
2023-05-11 09:33:35,IC2305,IC2305,6178.6,2.0,2471440.0,0.0,2,6178.4,6178.8,1,6167.2,6195.0,6195.0,6177.2,1853.0,2291766000.0,62926
2023-05-11 09:33:35,IC2305,IC2305,6178.8,1.0,1235760.0,-1.0,2,6178.6,6179.4,1,6167.2,6195.0,6195.0,6177.2,1854.0,2293001760.0,62925
2023-05-11 09:33:36,IC2305,IC2305,6179.4,1.0,1235880.0,0.0,1,6179.4,6179.6,2,6167.2,6195.0,6195.0,6177.2,1855.0,2294237640.0,62925
2023-05-11 09:33:36,IC2305,IC2305,6179.8,4.0,4943680.0,-3.0,3,6179.6,6179.8,5,6167.2,6195.0,6195.0,6177.2,1859.0,2299181320.0,62922
2023-05-11 09:33:37,IC2305,IC2305,6179.8,5.0,6179800.0,-5.0,1,6179.8,6180.4,1,6167.2,6195.0,6195.0,6177.2,1864.0,2305361120.0,62917
2023-05-11 09:33:37,IC2305,IC2305,6179.6,3.0,3707800.0,-2.0,3,6180.0,6180.4,1,6167.2,6195.0,6195.0,6177.2,1867.0,2309068920.0,62915
2023-05-11 09:33:38,IC2305,IC2305,6180.0,10.0,12360000.0,-9.0,2,6179.6,6180.0,1,6167.2,6195.0,6195.0,6177.2,1877.0,2321428920.0,62906
2023-05-11 09:33:38,IC2305,IC2305,6180.0,0.0,0.0,0.0,2,6179.6,6179.8,1,6167.2,6195.0,6195.0,6177.2,1877.0,2321428920.0,62906
2023-05-11 09:33:39,IC2305,IC2305,6179.6,2.0,2471840.0,-2.0,1,6179.0,6180.0,1,6167.2,6195.0,6195.0,6177.2,1879.0,2323900760.0,62904
2023-05-11 09:33:39,IC2305,IC2305,6179.6,0.0,0.0,0.0,6,6179.2,6180.0,1,6167.2,6195.0,6195.0,6177.2,1879.0,2323900760.0,62904
2023-05-11 09:33:40,IC2305,IC2305,6179.6,0.0,0.0,0.0,6,6179.2,6179.8,1,6167.2,6195.0,6195.0,6177.2,1879.0,2323900760.0,62904
2023-05-11 09:33:41,IC2305,IC2305,6179.6,0.0,0.0,0.0,4,6179.2,6179.8,1,6167.2,6195.0,6195.0,6177.2,1879.0,2323900760.0,62904
2023-05-11 09:33:42,IC2305,IC2305,6179.2,2.0,2471680.0,-2.0,2,6179.4,6179.8,1,6167.2,6195.0,6195.0,6177.2,1881.0,2326372440.0,62902
2023-05-11 09:33:42,IC2305,IC2305,6179.2,0.0,0.0,0.0,1,6179.6,6179.8,1,6167.2,6195.0,6195.0,6177.2,1881.0,2326372440.0,62902
2023-05-11 09:33:43,IC2305,IC2305,6179.6,2.0,2471880.0,-1.0,2,6179.4,6179.8,1,6167.2,6195.0,6195.0,6177.2,1883.0,2328844320.0,62901
2023-05-11 09:33:43,IC2305,IC2305,6179.8,1.0,1235960.0,-1.0,1,6179.6,6180.0,1,6167.2,6195.0,6195.0,6177.2,1884.0,2330080280.0,62900
2023-05-11 09:33:44,IC2305,IC2305,6180.0,1.0,1236000.0,-1.0,1,6180.2,6180.4,1,6167.2,6195.0,6195.0,6177.2,1885.0,2331316280.0,62899
2023-05-11 09:33:45,IC2305,IC2305,6180.4,4.0,4944400.0,-3.0,1,6180.4,6180.6,3,6167.2,6195.0,6195.0,6177.2,1889.0,2336260680.0,62896
2023-05-11 09:33:45,IC2305,IC2305,6180.6,8.0,9888960.0,-7.0,3,6180.6,6181.2,1,6167.2,6195.0,6195.0,6177.2,1897.0,2346149640.0,62889
2023-05-11 09:33:46,IC2305,IC2305,6181.0,3.0,3708600.0,-2.0,1,6180.6,6181.2,1,6167.2,6195.0,6195.0,6177.2,1900.0,2349858240.0,62887
2023-05-11 09:33:46,IC2305,IC2305,6181.2,2.0,2472280.0,-2.0,1,6180.2,6181.6,3,6167.2,6195.0,6195.0,6177.2,1902.0,2352330520.0,62885
2023-05-11 09:33:47,IC2305,IC2305,6181.2,0.0,0.0,0.0,2,6180.4,6181.4,7,6167.2,6195.0,6195.0,6177.2,1902.0,2352330520.0,62885
2023-05-11 09:33:47,IC2305,IC2305,6180.4,2.0,2472160.0,-2.0,1,6180.2,6181.4,3,6167.2,6195.0,6195.0,6177.2,1904.0,2354802680.0,62883
2023-05-11 09:33:48,IC2305,IC2305,6180.4,0.0,0.0,0.0,1,6180.4,6181.2,4,6167.2,6195.0,6195.0,6177.2,1904.0,2354802680.0,62883
2023-05-11 09:33:48,IC2305,IC2305,6180.2,2.0,2472120.0,-1.0,1,6179.8,6181.0,4,6167.2,6195.0,6195.0,6177.2,1906.0,2357274800.0,62882
2023-05-11 09:33:49,IC2305,IC2305,6180.8,5.0,6180760.0,-4.0,1,6179.8,6181.0,4,6167.2,6195.0,6195.0,6177.2,1911.0,2363455560.0,62878
2023-05-11 09:33:49,IC2305,IC2305,6180.8,0.0,0.0,0.0,1,6180.0,6180.8,3,6167.2,6195.0,6195.0,6177.2,1911.0,2363455560.0,62878
2023-05-11 09:33:50,IC2305,IC2305,6179.8,3.0,3707920.0,-2.0,1,6179.4,6180.6,1,6167.2,6195.0,6195.0,6177.2,1914.0,2367163480.0,62876
2023-05-11 09:33:50,IC2305,IC2305,6179.8,0.0,0.0,0.0,2,6179.6,6180.0,1,6167.2,6195.0,6195.0,6177.2,1914.0,2367163480.0,62876
2023-05-11 09:33:51,IC2305,IC2305,6179.8,0.0,0.0,0.0,1,6179.6,6180.0,1,6167.2,6195.0,6195.0,6177.2,1914.0,2367163480.0,62876
2023-05-11 09:33:52,IC2305,IC2305,6180.0,1.0,1236000.0,-1.0,1,6179.6,6180.8,1,6167.2,6195.0,6195.0,6177.2,1915.0,2368399480.0,62875
2023-05-11 09:33:52,IC2305,IC2305,6180.0,0.0,0.0,0.0,2,6179.6,6180.6,3,6167.2,6195.0,6195.0,6177.2,1915.0,2368399480.0,62875
2023-05-11 09:33:53,IC2305,IC2305,6180.0,0.0,0.0,0.0,2,6179.6,6180.6,2,6167.2,6195.0,6195.0,6177.2,1915.0,2368399480.0,62875
2023-05-11 09:33:53,IC2305,IC2305,6180.6,1.0,1236120.0,0.0,2,6179.6,6180.6,1,6167.2,6195.0,6195.0,6177.2,1916.0,2369635600.0,62875
2023-05-11 09:33:54,IC2305,IC2305,6180.6,0.0,0.0,0.0,2,6179.8,6180.0,3,6167.2,6195.0,6195.0,6177.2,1916.0,2369635600.0,62875
2023-05-11 09:33:54,IC2305,IC2305,6179.8,5.0,6179920.0,-5.0,2,6179.6,6180.8,1,6167.2,6195.0,6195.0,6177.2,1921.0,2375815520.0,62870
2023-05-11 09:33:55,IC2305,IC2305,6179.6,3.0,3707960.0,-1.0,1,6179.0,6179.6,1,6167.2,6195.0,6195.0,6177.2,1924.0,2379523480.0,62869
2023-05-11 09:33:55,IC2305,IC2305,6180.0,2.0,2471920.0,-1.0,5,6179.2,6180.8,1,6167.2,6195.0,6195.0,6177.2,1926.0,2381995400.0,62868
2023-05-11 09:33:56,IC2305,IC2305,6180.0,0.0,0.0,0.0,2,6179.2,6180.6,3,6167.2,6195.0,6195.0,6177.2,1926.0,2381995400.0,62868
2023-05-11 09:33:56,IC2305,IC2305,6180.0,0.0,0.0,0.0,2,6179.2,6180.4,3,6167.2,6195.0,6195.0,6177.2,1926.0,2381995400.0,62868
2023-05-11 09:33:57,IC2305,IC2305,6180.4,1.0,1236080.0,-1.0,2,6179.2,6180.0,15,6167.2,6195.0,6195.0,6177.2,1927.0,2383231480.0,62867
2023-05-11 09:33:57,IC2305,IC2305,6179.0,2.0,2471640.0,-2.0,2,6178.6,6179.6,2,6167.2,6195.0,6195.0,6177.2,1929.0,2385703120.0,62865
2023-05-11 09:33:58,IC2305,IC2305,6179.0,0.0,0.0,0.0,2,6178.6,6179.2,3,6167.2,6195.0,6195.0,6177.2,1929.0,2385703120.0,62865
2023-05-11 09:33:58,IC2305,IC2305,6179.6,1.0,1235920.0,1.0,2,6178.6,6179.6,2,6167.2,6195.0,6195.0,6177.2,1930.0,2386939040.0,62866
2023-05-11 09:33:59,IC2305,IC2305,6179.6,0.0,0.0,0.0,1,6178.8,6179.6,1,6167.2,6195.0,6195.0,6177.2,1930.0,2386939040.0,62866
2023-05-11 09:33:59,IC2305,IC2305,6179.6,1.0,1235920.0,0.0,4,6179.6,6180.0,15,6167.2,6195.0,6195.0,6177.2,1931.0,2388174960.0,62866
2023-05-11 09:34:00,IC2305,IC2305,6180.0,5.0,6179960.0,-4.0,4,6179.6,6180.0,11,6167.2,6195.0,6195.0,6177.2,1936.0,2394354920.0,62862
2023-05-11 09:34:00,IC2305,IC2305,6179.8,6.0,7415960.0,-5.0,5,6179.6,6180.0,6,6167.2,6195.0,6195.0,6177.2,1942.0,2401770880.0,62857
2023-05-11 09:34:01,IC2305,IC2305,6180.0,9.0,11124000.0,-9.0,1,6180.0,6180.6,1,6167.2,6195.0,6195.0,6177.2,1951.0,2412894880.0,62848
2023-05-11 09:34:01,IC2305,IC2305,6180.0,1.0,1236000.0,0.0,3,6179.8,6180.0,9,6167.2,6195.0,6195.0,6177.2,1952.0,2414130880.0,62848
2023-05-11 09:34:02,IC2305,IC2305,6180.0,5.0,6179880.0,-3.0,5,6179.6,6180.0,9,6167.2,6195.0,6195.0,6177.2,1957.0,2420310760.0,62845
2023-05-11 09:34:02,IC2305,IC2305,6179.6,1.0,1235920.0,-1.0,4,6179.6,6180.0,9,6167.2,6195.0,6195.0,6177.2,1958.0,2421546680.0,62844
2023-05-11 09:34:03,IC2305,IC2305,6180.0,4.0,4944000.0,-4.0,3,6179.8,6180.0,5,6167.2,6195.0,6195.0,6177.2,1962.0,2426490680.0,62840
2023-05-11 09:34:03,IC2305,IC2305,6180.6,9.0,11124120.0,-8.0,5,6180.0,6181.0,1,6167.2,6195.0,6195.0,6177.2,1971.0,2437614800.0,62832
2023-05-11 09:34:04,IC2305,IC2305,6180.6,0.0,0.0,0.0,1,6180.2,6181.0,1,6167.2,6195.0,6195.0,6177.2,1971.0,2437614800.0,62832
2023-05-11 09:34:04,IC2305,IC2305,6180.6,0.0,0.0,0.0,1,6180.4,6181.0,1,6167.2,6195.0,6195.0,6177.2,1971.0,2437614800.0,62832
2023-05-11 09:34:05,IC2305,IC2305,6181.0,1.0,1236200.0,-1.0,1,6180.6,6181.2,1,6167.2,6195.0,6195.0,6177.2,1972.0,2438851000.0,62831
2023-05-11 09:34:05,IC2305,IC2305,6181.2,2.0,2472440.0,-1.0,1,6180.8,6181.8,7,6167.2,6195.0,6195.0,6177.2,1974.0,2441323440.0,62830
2023-05-11 09:34:06,IC2305,IC2305,6181.2,0.0,0.0,0.0,2,6181.0,6181.8,7,6167.2,6195.0,6195.0,6177.2,1974.0,2441323440.0,62830
2023-05-11 09:34:06,IC2305,IC2305,6181.4,4.0,4944840.0,-3.0,1,6181.2,6181.8,8,6167.2,6195.0,6195.0,6177.2,1978.0,2446268280.0,62827
2023-05-11 09:34:07,IC2305,IC2305,6181.2,2.0,2472480.0,-2.0,2,6180.4,6181.4,3,6167.2,6195.0,6195.0,6177.2,1980.0,2448740760.0,62825
2023-05-11 09:34:07,IC2305,IC2305,6181.2,2.0,2472480.0,-2.0,3,6180.4,6181.2,3,6167.2,6195.0,6195.0,6177.2,1982.0,2451213240.0,62823
2023-05-11 09:34:08,IC2305,IC2305,6181.2,0.0,0.0,0.0,3,6180.4,6181.2,2,6167.2,6195.0,6195.0,6177.2,1982.0,2451213240.0,62823
2023-05-11 09:34:08,IC2305,IC2305,6181.2,6.0,7416960.0,-2.0,3,6179.6,6181.0,1,6167.2,6195.0,6195.0,6177.2,1988.0,2458630200.0,62821
2023-05-11 09:34:09,IC2305,IC2305,6181.2,0.0,0.0,0.0,2,6179.8,6180.8,1,6167.2,6195.0,6195.0,6177.2,1988.0,2458630200.0,62821
2023-05-11 09:34:09,IC2305,IC2305,6180.8,1.0,1236160.0,-1.0,4,6179.6,6180.4,1,6167.2,6195.0,6195.0,6177.2,1989.0,2459866360.0,62820
2023-05-11 09:34:10,IC2305,IC2305,6180.4,1.0,1236080.0,-1.0,1,6179.8,6181.0,1,6167.2,6195.0,6195.0,6177.2,1990.0,2461102440.0,62819
2023-05-11 09:34:10,IC2305,IC2305,6180.4,0.0,0.0,0.0,2,6180.4,6180.8,1,6167.2,6195.0,6195.0,6177.2,1990.0,2461102440.0,62819
2023-05-11 09:34:11,IC2305,IC2305,6180.8,4.0,4944520.0,-3.0,1,6180.6,6181.4,3,6167.2,6195.0,6195.0,6177.2,1994.0,2466046960.0,62816
2023-05-11 09:34:11,IC2305,IC2305,6181.2,2.0,2472360.0,-2.0,4,6179.6,6181.2,3,6167.2,6195.0,6195.0,6177.2,1996.0,2468519320.0,62814
2023-05-11 09:34:12,IC2305,IC2305,6181.2,0.0,0.0,0.0,1,6180.2,6181.0,1,6167.2,6195.0,6195.0,6177.2,1996.0,2468519320.0,62814
2023-05-11 09:34:12,IC2305,IC2305,6181.2,4.0,4944960.0,-3.0,1,6181.2,6181.6,4,6167.2,6195.0,6195.0,6177.2,2000.0,2473464280.0,62811
2023-05-11 09:34:13,IC2305,IC2305,6181.2,1.0,1236240.0,-1.0,3,6180.0,6180.4,1,6167.2,6195.0,6195.0,6177.2,2001.0,2474700520.0,62810
2023-05-11 09:34:13,IC2305,IC2305,6180.8,2.0,2472320.0,-2.0,1,6181.0,6181.4,1,6167.2,6195.0,6195.0,6177.2,2003.0,2477172840.0,62808
2023-05-11 09:34:14,IC2305,IC2305,6180.8,1.0,1236160.0,0.0,2,6180.4,6181.0,2,6167.2,6195.0,6195.0,6177.2,2004.0,2478409000.0,62808
2023-05-11 09:34:14,IC2305,IC2305,6180.8,0.0,0.0,0.0,1,6180.4,6181.0,2,6167.2,6195.0,6195.0,6177.2,2004.0,2478409000.0,62808
2023-05-11 09:34:15,IC2305,IC2305,6180.4,1.0,1236080.0,-1.0,3,6180.0,6181.0,2,6167.2,6195.0,6195.0,6177.2,2005.0,2479645080.0,62807
2023-05-11 09:34:15,IC2305,IC2305,6181.0,1.0,1236200.0,-1.0,1,6179.8,6181.0,1,6167.2,6195.0,6195.0,6177.2,2006.0,2480881280.0,62806
2023-05-11 09:34:16,IC2305,IC2305,6181.0,0.0,0.0,0.0,1,6180.0,6180.8,4,6167.2,6195.0,6195.0,6177.2,2006.0,2480881280.0,62806
2023-05-11 09:34:17,IC2305,IC2305,6180.2,1.0,1236040.0,-1.0,4,6179.6,6179.8,1,6167.2,6195.0,6195.0,6177.2,2007.0,2482117320.0,62805
2023-05-11 09:34:17,IC2305,IC2305,6180.2,0.0,0.0,0.0,3,6179.6,6179.8,1,6167.2,6195.0,6195.0,6177.2,2007.0,2482117320.0,62805
2023-05-11 09:34:18,IC2305,IC2305,6179.6,3.0,3707760.0,-3.0,1,6178.6,6179.8,1,6167.2,6195.0,6195.0,6177.2,2010.0,2485825080.0,62802
2023-05-11 09:34:18,IC2305,IC2305,6179.8,1.0,1235960.0,0.0,1,6179.8,6180.8,3,6167.2,6195.0,6195.0,6177.2,2011.0,2487061040.0,62802
2023-05-11 09:34:19,IC2305,IC2305,6179.8,2.0,2471920.0,-2.0,2,6178.8,6180.0,1,6167.2,6195.0,6195.0,6177.2,2013.0,2489532960.0,62800
2023-05-11 09:34:19,IC2305,IC2305,6179.8,0.0,0.0,0.0,1,6180.0,6180.2,1,6167.2,6195.0,6195.0,6177.2,2013.0,2489532960.0,62800
2023-05-11 09:34:20,IC2305,IC2305,6180.0,3.0,3707760.0,-2.0,1,6178.8,6180.0,2,6167.2,6195.0,6195.0,6177.2,2016.0,2493240720.0,62798
2023-05-11 09:34:20,IC2305,IC2305,6180.0,2.0,2472000.0,-2.0,1,6180.0,6180.6,1,6167.2,6195.0,6195.0,6177.2,2018.0,2495712720.0,62796
2023-05-11 09:34:21,IC2305,IC2305,6180.8,2.0,2472280.0,-2.0,12,6180.8,6181.0,1,6167.2,6195.0,6195.0,6177.2,2020.0,2498185000.0,62794
2023-05-11 09:34:21,IC2305,IC2305,6180.8,13.0,16070160.0,-2.0,1,6181.0,6181.6,3,6167.2,6195.0,6195.0,6177.2,2033.0,2514255160.0,62792
2023-05-11 09:34:22,IC2305,IC2305,6181.0,4.0,4944680.0,-2.0,1,6180.0,6181.2,1,6167.2,6195.0,6195.0,6177.2,2037.0,2519199840.0,62790
2023-05-11 09:34:22,IC2305,IC2305,6181.0,0.0,0.0,0.0,1,6180.2,6180.8,1,6167.2,6195.0,6195.0,6177.2,2037.0,2519199840.0,62790
2023-05-11 09:34:23,IC2305,IC2305,6181.0,3.0,3708600.0,-3.0,2,6181.2,6181.4,4,6167.2,6195.0,6195.0,6177.2,2040.0,2522908440.0,62787
2023-05-11 09:34:23,IC2305,IC2305,6181.2,3.0,3708720.0,-3.0,1,6180.2,6181.2,2,6167.2,6195.0,6195.0,6177.2,2043.0,2526617160.0,62784
2023-05-11 09:34:24,IC2305,IC2305,6181.2,0.0,0.0,0.0,2,6180.4,6181.0,15,6167.2,6195.0,6195.0,6177.2,2043.0,2526617160.0,62784
2023-05-11 09:34:24,IC2305,IC2305,6180.4,2.0,2472280.0,-2.0,1,6180.2,6181.0,14,6167.2,6195.0,6195.0,6177.2,2045.0,2529089440.0,62782
2023-05-11 09:34:25,IC2305,IC2305,6181.0,1.0,1236200.0,-1.0,1,6180.4,6180.8,1,6167.2,6195.0,6195.0,6177.2,2046.0,2530325640.0,62781
2023-05-11 09:34:25,IC2305,IC2305,6181.0,6.0,7417160.0,-6.0,1,6180.4,6181.0,11,6167.2,6195.0,6195.0,6177.2,2052.0,2537742800.0,62775
2023-05-11 09:34:26,IC2305,IC2305,6180.4,2.0,2472160.0,-2.0,1,6180.2,6180.8,1,6167.2,6195.0,6195.0,6177.2,2054.0,2540214960.0,62773
2023-05-11 09:34:27,IC2305,IC2305,6180.4,0.0,0.0,0.0,1,6180.4,6180.8,1,6167.2,6195.0,6195.0,6177.2,2054.0,2540214960.0,62773
2023-05-11 09:34:27,IC2305,IC2305,6180.2,2.0,2472120.0,-1.0,2,6179.2,6180.8,1,6167.2,6195.0,6195.0,6177.2,2056.0,2542687080.0,62772
2023-05-11 09:34:28,IC2305,IC2305,6180.2,0.0,0.0,0.0,1,6179.6,6180.6,1,6167.2,6195.0,6195.0,6177.2,2056.0,2542687080.0,62772
2023-05-11 09:34:28,IC2305,IC2305,6180.2,0.0,0.0,0.0,1,6179.8,6180.8,1,6167.2,6195.0,6195.0,6177.2,2056.0,2542687080.0,62772
2023-05-11 09:34:29,IC2305,IC2305,6180.2,0.0,0.0,0.0,1,6179.8,6180.2,1,6167.2,6195.0,6195.0,6177.2,2056.0,2542687080.0,62772
2023-05-11 09:34:29,IC2305,IC2305,6180.2,0.0,0.0,0.0,1,6179.6,6180.2,1,6167.2,6195.0,6195.0,6177.2,2056.0,2542687080.0,62772
2023-05-11 09:34:30,IC2305,IC2305,6180.0,2.0,2472040.0,0.0,1,6179.8,6180.8,1,6167.2,6195.0,6195.0,6177.2,2058.0,2545159120.0,62772
2023-05-11 09:34:30,IC2305,IC2305,6179.8,1.0,1235960.0,-1.0,1,6179.8,6180.8,1,6167.2,6195.0,6195.0,6177.2,2059.0,2546395080.0,62771
2023-05-11 09:34:31,IC2305,IC2305,6179.8,1.0,1235960.0,-1.0,3,6179.4,6179.6,1,6167.2,6195.0,6195.0,6177.2,2060.0,2547631040.0,62770
2023-05-11 09:34:31,IC2305,IC2305,6179.6,1.0,1235920.0,-1.0,5,6179.6,6180.6,1,6167.2,6195.0,6195.0,6177.2,2061.0,2548866960.0,62769
2023-05-11 09:34:32,IC2305,IC2305,6179.6,0.0,0.0,0.0,3,6179.6,6180.6,1,6167.2,6195.0,6195.0,6177.2,2061.0,2548866960.0,62769
2023-05-11 09:34:32,IC2305,IC2305,6179.6,0.0,0.0,0.0,3,6179.6,6180.8,2,6167.2,6195.0,6195.0,6177.2,2061.0,2548866960.0,62769
2023-05-11 09:34:33,IC2305,IC2305,6179.6,0.0,0.0,0.0,3,6179.6,6180.6,4,6167.2,6195.0,6195.0,6177.2,2061.0,2548866960.0,62769
2023-05-11 09:34:34,IC2305,IC2305,6179.8,3.0,3707800.0,-2.0,6,6178.6,6179.8,1,6167.2,6195.0,6195.0,6177.2,2064.0,2552574760.0,62767
2023-05-11 09:34:34,IC2305,IC2305,6179.8,0.0,0.0,0.0,2,6179.0,6180.0,3,6167.2,6195.0,6195.0,6177.2,2064.0,2552574760.0,62767
2023-05-11 09:34:35,IC2305,IC2305,6179.8,0.0,0.0,0.0,1,6178.8,6179.8,1,6167.2,6195.0,6195.0,6177.2,2064.0,2552574760.0,62767
2023-05-11 09:34:35,IC2305,IC2305,6179.8,1.0,1235960.0,0.0,1,6178.8,6179.8,1,6167.2,6195.0,6195.0,6177.2,2065.0,2553810720.0,62767
2023-05-11 09:34:36,IC2305,IC2305,6179.8,1.0,1235960.0,-1.0,1,6179.0,6180.0,3,6167.2,6195.0,6195.0,6177.2,2066.0,2555046680.0,62766
2023-05-11 09:34:36,IC2305,IC2305,6180.0,3.0,3708000.0,0.0,1,6179.2,6180.4,2,6167.2,6195.0,6195.0,6177.2,2069.0,2558754680.0,62766
2023-05-11 09:34:37,IC2305,IC2305,6179.6,5.0,6179320.0,-5.0,2,6180.0,6180.2,1,6167.2,6195.0,6195.0,6177.2,2074.0,2564934000.0,62761
2023-05-11 09:34:37,IC2305,IC2305,6180.0,8.0,9888000.0,-8.0,6,6178.6,6180.0,1,6167.2,6195.0,6195.0,6177.2,2082.0,2574822000.0,62753
2023-05-11 09:34:38,IC2305,IC2305,6180.2,6.0,7415480.0,-5.0,1,6180.2,6180.4,1,6167.2,6195.0,6195.0,6177.2,2088.0,2582237480.0,62748
2023-05-11 09:34:38,IC2305,IC2305,6180.4,5.0,6180320.0,-5.0,1,6179.6,6180.2,1,6167.2,6195.0,6195.0,6177.2,2093.0,2588417800.0,62743
2023-05-11 09:34:39,IC2305,IC2305,6180.4,2.0,2472160.0,-1.0,4,6180.2,6180.8,3,6167.2,6195.0,6195.0,6177.2,2095.0,2590889960.0,62742
2023-05-11 09:34:39,IC2305,IC2305,6180.4,3.0,3708400.0,0.0,1,6180.4,6180.6,1,6167.2,6195.0,6195.0,6177.2,2098.0,2594598360.0,62742
2023-05-11 09:34:40,IC2305,IC2305,6180.6,2.0,2472240.0,0.0,3,6180.6,6180.8,1,6167.2,6195.0,6195.0,6177.2,2100.0,2597070600.0,62742
2023-05-11 09:34:40,IC2305,IC2305,6180.8,3.0,3708520.0,-2.0,2,6180.8,6181.0,11,6167.2,6195.0,6195.0,6177.2,2103.0,2600779120.0,62740
2023-05-11 09:34:41,IC2305,IC2305,6180.6,9.0,11125520.0,-6.0,1,6179.6,6181.0,6,6167.2,6195.0,6195.0,6177.2,2112.0,2611904640.0,62734
2023-05-11 09:34:41,IC2305,IC2305,6180.6,1.0,1236120.0,0.0,1,6180.6,6180.8,1,6167.2,6195.0,6195.0,6177.2,2113.0,2613140760.0,62734
2023-05-11 09:34:42,IC2305,IC2305,6180.4,5.0,6180480.0,-2.0,1,6180.0,6180.8,1,6167.2,6195.0,6195.0,6177.2,2118.0,2619321240.0,62732
2023-05-11 09:34:42,IC2305,IC2305,6180.6,2.0,2472240.0,0.0,2,6179.8,6180.6,1,6167.2,6195.0,6195.0,6177.2,2120.0,2621793480.0,62732
2023-05-11 09:34:43,IC2305,IC2305,6179.8,1.0,1235960.0,0.0,1,6179.6,6180.6,1,6167.2,6195.0,6195.0,6177.2,2121.0,2623029440.0,62732
2023-05-11 09:34:43,IC2305,IC2305,6179.4,3.0,3707920.0,0.0,1,6179.4,6180.8,3,6167.2,6195.0,6195.0,6177.2,2124.0,2626737360.0,62732
2023-05-11 09:34:44,IC2305,IC2305,6179.4,2.0,2471760.0,-1.0,1,6179.2,6179.4,1,6167.2,6195.0,6195.0,6177.2,2126.0,2629209120.0,62731
2023-05-11 09:34:44,IC2305,IC2305,6179.4,1.0,1235880.0,-1.0,1,6179.6,6180.6,3,6167.2,6195.0,6195.0,6177.2,2127.0,2630445000.0,62730
2023-05-11 09:34:45,IC2305,IC2305,6179.2,2.0,2471920.0,0.0,2,6179.0,6180.4,1,6167.2,6195.0,6195.0,6177.2,2129.0,2632916920.0,62730
2023-05-11 09:34:45,IC2305,IC2305,6180.2,6.0,7415440.0,-1.0,1,6179.2,6180.4,1,6167.2,6195.0,6195.0,6177.2,2135.0,2640332360.0,62729
2023-05-11 09:34:46,IC2305,IC2305,6180.2,0.0,0.0,0.0,5,6178.8,6180.2,1,6167.2,6195.0,6195.0,6177.2,2135.0,2640332360.0,62729
2023-05-11 09:34:46,IC2305,IC2305,6180.2,0.0,0.0,0.0,2,6179.0,6179.2,2,6167.2,6195.0,6195.0,6177.2,2135.0,2640332360.0,62729
2023-05-11 09:34:47,IC2305,IC2305,6179.4,2.0,2471760.0,-2.0,2,6178.8,6180.2,1,6167.2,6195.0,6195.0,6177.2,2137.0,2642804120.0,62727
2023-05-11 09:34:47,IC2305,IC2305,6179.0,1.0,1235800.0,-1.0,2,6178.8,6179.8,3,6167.2,6195.0,6195.0,6177.2,2138.0,2644039920.0,62726
2023-05-11 09:34:48,IC2305,IC2305,6179.0,0.0,0.0,0.0,1,6178.8,6179.6,4,6167.2,6195.0,6195.0,6177.2,2138.0,2644039920.0,62726
2023-05-11 09:34:48,IC2305,IC2305,6179.0,0.0,0.0,0.0,1,6178.8,6179.4,1,6167.2,6195.0,6195.0,6177.2,2138.0,2644039920.0,62726
2023-05-11 09:34:49,IC2305,IC2305,6178.8,2.0,2471560.0,-2.0,6,6178.6,6179.4,1,6167.2,6195.0,6195.0,6177.2,2140.0,2646511480.0,62724
2023-05-11 09:34:50,IC2305,IC2305,6178.8,0.0,0.0,0.0,6,6178.6,6179.0,1,6167.2,6195.0,6195.0,6177.2,2140.0,2646511480.0,62724
2023-05-11 09:34:51,IC2305,IC2305,6178.6,5.0,6178760.0,-2.0,4,6178.6,6178.8,1,6167.2,6195.0,6195.0,6177.2,2145.0,2652690240.0,62722
2023-05-11 09:34:51,IC2305,IC2305,6178.8,3.0,3707320.0,-2.0,1,6178.8,6179.4,1,6167.2,6195.0,6195.0,6177.2,2148.0,2656397560.0,62720
2023-05-11 09:34:52,IC2305,IC2305,6178.8,0.0,0.0,0.0,1,6178.8,6179.0,1,6167.2,6195.0,6195.0,6177.2,2148.0,2656397560.0,62720
2023-05-11 09:34:52,IC2305,IC2305,6178.8,1.0,1235760.0,-1.0,4,6178.6,6178.8,1,6167.2,6195.0,6195.0,6177.2,2149.0,2657633320.0,62719
2023-05-11 09:34:53,IC2305,IC2305,6178.6,3.0,3707200.0,-3.0,2,6178.6,6179.0,1,6167.2,6195.0,6195.0,6177.2,2152.0,2661340520.0,62716
2023-05-11 09:34:54,IC2305,IC2305,6178.6,2.0,2471440.0,0.0,6,6178.2,6178.6,1,6167.2,6195.0,6195.0,6177.2,2154.0,2663811960.0,62716
2023-05-11 09:34:54,IC2305,IC2305,6178.6,0.0,0.0,0.0,1,6178.4,6179.0,2,6167.2,6195.0,6195.0,6177.2,2154.0,2663811960.0,62716
2023-05-11 09:34:55,IC2305,IC2305,6179.0,1.0,1235800.0,-1.0,1,6178.4,6179.0,1,6167.2,6195.0,6195.0,6177.2,2155.0,2665047760.0,62715
2023-05-11 09:34:55,IC2305,IC2305,6179.0,0.0,0.0,0.0,2,6178.4,6179.0,1,6167.2,6195.0,6195.0,6177.2,2155.0,2665047760.0,62715
2023-05-11 09:34:56,IC2305,IC2305,6179.0,1.0,1235800.0,0.0,2,6178.4,6179.4,1,6167.2,6195.0,6195.0,6177.2,2156.0,2666283560.0,62715
2023-05-11 09:34:56,IC2305,IC2305,6179.0,0.0,0.0,0.0,1,6178.4,6179.4,1,6167.2,6195.0,6195.0,6177.2,2156.0,2666283560.0,62715
2023-05-11 09:34:57,IC2305,IC2305,6178.4,1.0,1235680.0,-1.0,6,6178.2,6179.2,2,6167.2,6195.0,6195.0,6177.2,2157.0,2667519240.0,62714
2023-05-11 09:34:57,IC2305,IC2305,6179.2,2.0,2471680.0,-2.0,1,6178.4,6179.4,1,6167.2,6195.0,6195.0,6177.2,2159.0,2669990920.0,62712
2023-05-11 09:34:58,IC2305,IC2305,6179.2,0.0,0.0,0.0,2,6178.4,6179.0,3,6167.2,6195.0,6195.0,6177.2,2159.0,2669990920.0,62712
2023-05-11 09:34:59,IC2305,IC2305,6178.4,2.0,2471360.0,-2.0,6,6178.2,6178.4,1,6167.2,6195.0,6195.0,6177.2,2161.0,2672462280.0,62710
2023-05-11 09:35:00,IC2305,IC2305,6178.2,5.0,6178320.0,-5.0,4,6178.2,6179.0,3,6167.2,6195.0,6195.0,6177.2,2166.0,2678640600.0,62705
2023-05-11 09:35:00,IC2305,IC2305,6178.2,8.0,9885120.0,-6.0,1,6177.8,6178.6,2,6167.2,6195.0,6195.0,6177.2,2174.0,2688525720.0,62699
2023-05-11 09:35:01,IC2305,IC2305,6177.8,3.0,3706680.0,-1.0,1,6177.6,6177.8,4,6167.2,6195.0,6195.0,6177.2,2177.0,2692232400.0,62698
2023-05-11 09:35:01,IC2305,IC2305,6177.0,5.0,6177160.0,-2.0,7,6177.0,6177.4,6,6167.2,6195.0,6195.0,6177.0,2182.0,2698409560.0,62696
2023-05-11 09:35:02,IC2305,IC2305,6176.8,9.0,11118520.0,-2.0,5,6176.2,6177.2,13,6167.2,6195.0,6195.0,6176.8,2191.0,2709528080.0,62694
2023-05-11 09:35:02,IC2305,IC2305,6176.2,2.0,2470520.0,-2.0,4,6176.2,6176.8,2,6167.2,6195.0,6195.0,6176.2,2193.0,2711998600.0,62692
2023-05-11 09:35:03,IC2305,IC2305,6176.2,3.0,3705720.0,-3.0,1,6176.2,6176.6,4,6167.2,6195.0,6195.0,6176.2,2196.0,2715704320.0,62689
2023-05-11 09:35:03,IC2305,IC2305,6176.2,2.0,2470480.0,-2.0,1,6175.4,6176.2,6,6167.2,6195.0,6195.0,6176.2,2198.0,2718174800.0,62687
2023-05-11 09:35:04,IC2305,IC2305,6175.4,1.0,1235080.0,-1.0,4,6175.4,6175.8,2,6167.2,6195.0,6195.0,6175.4,2199.0,2719409880.0,62686
2023-05-11 09:35:04,IC2305,IC2305,6175.4,7.0,8645840.0,-5.0,5,6175.2,6176.2,6,6167.2,6195.0,6195.0,6175.4,2206.0,2728055720.0,62681
2023-05-11 09:35:05,IC2305,IC2305,6176.2,3.0,3705320.0,-3.0,1,6175.0,6176.2,6,6167.2,6195.0,6195.0,6175.2,2209.0,2731761040.0,62678
2023-05-11 09:35:05,IC2305,IC2305,6175.0,1.0,1235000.0,-1.0,2,6174.0,6175.4,1,6167.2,6195.0,6195.0,6175.0,2210.0,2732996040.0,62677
2023-05-11 09:35:06,IC2305,IC2305,6174.0,6.0,7409120.0,-6.0,2,6173.2,6175.2,5,6167.2,6195.0,6195.0,6174.0,2216.0,2740405160.0,62671
2023-05-11 09:35:06,IC2305,IC2305,6174.2,6.0,7408400.0,0.0,1,6173.4,6174.4,1,6167.2,6195.0,6195.0,6173.4,2222.0,2747813560.0,62671
2023-05-11 09:35:07,IC2305,IC2305,6172.2,7.0,8642760.0,-4.0,2,6171.8,6174.2,1,6167.2,6195.0,6195.0,6172.2,2229.0,2756456320.0,62667
2023-05-11 09:35:07,IC2305,IC2305,6174.2,2.0,2469640.0,-2.0,3,6173.8,6174.0,3,6167.2,6195.0,6195.0,6172.2,2231.0,2758925960.0,62665
2023-05-11 09:35:08,IC2305,IC2305,6174.0,7.0,8643760.0,-6.0,3,6172.4,6174.2,1,6167.2,6195.0,6195.0,6172.2,2238.0,2767569720.0,62659
2023-05-11 09:35:08,IC2305,IC2305,6174.2,1.0,1234840.0,-1.0,2,6174.2,6174.6,1,6167.2,6195.0,6195.0,6172.2,2239.0,2768804560.0,62658
2023-05-11 09:35:09,IC2305,IC2305,6175.0,2.0,2469840.0,-1.0,5,6174.4,6175.0,1,6167.2,6195.0,6195.0,6172.2,2241.0,2771274400.0,62657
2023-05-11 09:35:09,IC2305,IC2305,6175.0,1.0,1235000.0,-1.0,3,6175.0,6175.4,1,6167.2,6195.0,6195.0,6172.2,2242.0,2772509400.0,62656
2023-05-11 09:35:10,IC2305,IC2305,6176.2,5.0,6175760.0,-4.0,2,6175.4,6176.2,1,6167.2,6195.0,6195.0,6172.2,2247.0,2778685160.0,62652
2023-05-11 09:35:10,IC2305,IC2305,6176.6,3.0,3705880.0,-3.0,1,6176.4,6177.4,3,6167.2,6195.0,6195.0,6172.2,2250.0,2782391040.0,62649
2023-05-11 09:35:11,IC2305,IC2305,6175.6,6.0,7411360.0,-5.0,5,6175.6,6175.8,1,6167.2,6195.0,6195.0,6172.2,2256.0,2789802400.0,62644
2023-05-11 09:35:11,IC2305,IC2305,6175.8,7.0,8646120.0,-5.0,4,6176.0,6177.4,2,6167.2,6195.0,6195.0,6172.2,2263.0,2798448520.0,62639
2023-05-11 09:35:12,IC2305,IC2305,6177.0,5.0,6176720.0,1.0,1,6176.4,6177.0,1,6167.2,6195.0,6195.0,6172.2,2268.0,2804625240.0,62640
2023-05-11 09:35:12,IC2305,IC2305,6176.6,4.0,4941360.0,-1.0,6,6176.6,6177.4,2,6167.2,6195.0,6195.0,6172.2,2272.0,2809566600.0,62639
2023-05-11 09:35:13,IC2305,IC2305,6176.6,1.0,1235320.0,-1.0,1,6176.8,6177.2,4,6167.2,6195.0,6195.0,6172.2,2273.0,2810801920.0,62638
2023-05-11 09:35:13,IC2305,IC2305,6177.0,2.0,2470840.0,-2.0,1,6176.8,6177.4,2,6167.2,6195.0,6195.0,6172.2,2275.0,2813272760.0,62636
2023-05-11 09:35:14,IC2305,IC2305,6177.4,2.0,2470960.0,0.0,1,6177.4,6179.0,3,6167.2,6195.0,6195.0,6172.2,2277.0,2815743720.0,62636
2023-05-11 09:35:14,IC2305,IC2305,6177.0,1.0,1235400.0,-1.0,4,6177.0,6177.2,1,6167.2,6195.0,6195.0,6172.2,2278.0,2816979120.0,62635
2023-05-11 09:35:15,IC2305,IC2305,6177.2,1.0,1235440.0,-1.0,10,6177.2,6177.4,1,6167.2,6195.0,6195.0,6172.2,2279.0,2818214560.0,62634
2023-05-11 09:35:15,IC2305,IC2305,6177.4,2.0,2470960.0,-1.0,6,6177.4,6178.6,3,6167.2,6195.0,6195.0,6172.2,2281.0,2820685520.0,62633
2023-05-11 09:35:16,IC2305,IC2305,6177.4,2.0,2470960.0,-2.0,4,6177.4,6178.4,9,6167.2,6195.0,6195.0,6172.2,2283.0,2823156480.0,62631
2023-05-11 09:35:16,IC2305,IC2305,6178.2,2.0,2471200.0,0.0,2,6177.6,6178.2,4,6167.2,6195.0,6195.0,6172.2,2285.0,2825627680.0,62631
2023-05-11 09:35:17,IC2305,IC2305,6177.4,3.0,3706520.0,-2.0,8,6177.4,6178.0,1,6167.2,6195.0,6195.0,6172.2,2288.0,2829334200.0,62629
2023-05-11 09:35:17,IC2305,IC2305,6177.4,5.0,6177400.0,-4.0,4,6177.6,6178.0,2,6167.2,6195.0,6195.0,6172.2,2293.0,2835511600.0,62625
2023-05-11 09:35:18,IC2305,IC2305,6177.0,13.0,16061320.0,-9.0,1,6176.2,6177.8,1,6167.2,6195.0,6195.0,6172.2,2306.0,2851572920.0,62616
2023-05-11 09:35:18,IC2305,IC2305,6177.0,0.0,0.0,0.0,1,6177.0,6177.4,2,6167.2,6195.0,6195.0,6172.2,2306.0,2851572920.0,62616
2023-05-11 09:35:19,IC2305,IC2305,6177.0,3.0,3706360.0,-3.0,1,6176.8,6177.4,1,6167.2,6195.0,6195.0,6172.2,2309.0,2855279280.0,62613
2023-05-11 09:35:19,IC2305,IC2305,6177.0,0.0,0.0,0.0,1,6177.2,6177.4,1,6167.2,6195.0,6195.0,6172.2,2309.0,2855279280.0,62613
2023-05-11 09:35:20,IC2305,IC2305,6177.0,6.0,7412400.0,-6.0,2,6176.8,6177.2,4,6167.2,6195.0,6195.0,6172.2,2315.0,2862691680.0,62607
2023-05-11 09:35:20,IC2305,IC2305,6176.0,4.0,4941200.0,-4.0,1,6173.4,6176.4,1,6167.2,6195.0,6195.0,6172.2,2319.0,2867632880.0,62603
2023-05-11 09:35:21,IC2305,IC2305,6176.0,1.0,1235200.0,-1.0,3,6175.2,6175.4,1,6167.2,6195.0,6195.0,6172.2,2320.0,2868868080.0,62602
2023-05-11 09:35:21,IC2305,IC2305,6175.6,7.0,8645840.0,0.0,2,6175.6,6176.4,1,6167.2,6195.0,6195.0,6172.2,2327.0,2877513920.0,62602
2023-05-11 09:35:22,IC2305,IC2305,6176.0,5.0,6175760.0,-3.0,2,6175.6,6176.8,1,6167.2,6195.0,6195.0,6172.2,2332.0,2883689680.0,62599
2023-05-11 09:35:22,IC2305,IC2305,6176.0,2.0,2470320.0,-2.0,2,6175.4,6176.4,1,6167.2,6195.0,6195.0,6172.2,2334.0,2886160000.0,62597
2023-05-11 09:35:23,IC2305,IC2305,6176.0,0.0,0.0,0.0,4,6175.6,6176.0,1,6167.2,6195.0,6195.0,6172.2,2334.0,2886160000.0,62597
2023-05-11 09:35:23,IC2305,IC2305,6175.4,6.0,7410640.0,-5.0,3,6175.2,6175.6,1,6167.2,6195.0,6195.0,6172.2,2340.0,2893570640.0,62592
2023-05-11 09:35:24,IC2305,IC2305,6175.2,3.0,3705120.0,-2.0,3,6175.0,6175.2,1,6167.2,6195.0,6195.0,6172.2,2343.0,2897275760.0,62590
2023-05-11 09:35:24,IC2305,IC2305,6174.6,4.0,4939920.0,-4.0,7,6173.8,6174.6,2,6167.2,6195.0,6195.0,6172.2,2347.0,2902215680.0,62586
2023-05-11 09:35:25,IC2305,IC2305,6174.0,2.0,2469600.0,0.0,2,6174.0,6174.6,2,6167.2,6195.0,6195.0,6172.2,2349.0,2904685280.0,62586
2023-05-11 09:35:25,IC2305,IC2305,6174.4,1.0,1234880.0,-1.0,2,6174.0,6174.4,1,6167.2,6195.0,6195.0,6172.2,2350.0,2905920160.0,62585
2023-05-11 09:35:26,IC2305,IC2305,6173.8,2.0,2469520.0,-2.0,3,6173.8,6174.4,1,6167.2,6195.0,6195.0,6172.2,2352.0,2908389680.0,62583
2023-05-11 09:35:26,IC2305,IC2305,6173.8,0.0,0.0,0.0,1,6174.0,6174.4,1,6167.2,6195.0,6195.0,6172.2,2352.0,2908389680.0,62583
2023-05-11 09:35:27,IC2305,IC2305,6175.6,5.0,6174800.0,-2.0,1,6174.8,6175.8,1,6167.2,6195.0,6195.0,6172.2,2357.0,2914564480.0,62581
2023-05-11 09:35:27,IC2305,IC2305,6175.0,1.0,1235000.0,1.0,1,6174.2,6175.6,1,6167.2,6195.0,6195.0,6172.2,2358.0,2915799480.0,62582
2023-05-11 09:35:28,IC2305,IC2305,6175.0,0.0,0.0,0.0,2,6174.4,6175.8,1,6167.2,6195.0,6195.0,6172.2,2358.0,2915799480.0,62582
2023-05-11 09:35:28,IC2305,IC2305,6174.4,2.0,2469760.0,0.0,1,6174.8,6175.6,4,6167.2,6195.0,6195.0,6172.2,2360.0,2918269240.0,62582
2023-05-11 09:35:29,IC2305,IC2305,6174.6,1.0,1234920.0,-1.0,1,6175.0,6175.6,2,6167.2,6195.0,6195.0,6172.2,2361.0,2919504160.0,62581
2023-05-11 09:35:29,IC2305,IC2305,6174.6,0.0,0.0,0.0,1,6175.0,6175.6,1,6167.2,6195.0,6195.0,6172.2,2361.0,2919504160.0,62581
2023-05-11 09:35:30,IC2305,IC2305,6174.6,0.0,0.0,0.0,3,6173.8,6175.6,1,6167.2,6195.0,6195.0,6172.2,2361.0,2919504160.0,62581
2023-05-11 09:35:30,IC2305,IC2305,6174.6,0.0,0.0,0.0,1,6174.2,6174.4,3,6167.2,6195.0,6195.0,6172.2,2361.0,2919504160.0,62581
2023-05-11 09:35:31,IC2305,IC2305,6174.4,6.0,7409280.0,-6.0,1,6174.4,6175.4,1,6167.2,6195.0,6195.0,6172.2,2367.0,2926913440.0,62575
2023-05-11 09:35:31,IC2305,IC2305,6174.4,0.0,0.0,0.0,2,6174.4,6175.4,1,6167.2,6195.0,6195.0,6172.2,2367.0,2926913440.0,62575
2023-05-11 09:35:32,IC2305,IC2305,6174.4,0.0,0.0,0.0,3,6174.6,6175.4,1,6167.2,6195.0,6195.0,6172.2,2367.0,2926913440.0,62575
2023-05-11 09:35:32,IC2305,IC2305,6174.4,0.0,0.0,0.0,4,6174.6,6175.2,1,6167.2,6195.0,6195.0,6172.2,2367.0,2926913440.0,62575
2023-05-11 09:35:33,IC2305,IC2305,6174.4,1.0,1234880.0,-1.0,3,6174.6,6175.0,2,6167.2,6195.0,6195.0,6172.2,2368.0,2928148320.0,62574
2023-05-11 09:35:33,IC2305,IC2305,6174.4,1.0,1234880.0,-1.0,2,6174.6,6174.8,1,6167.2,6195.0,6195.0,6172.2,2369.0,2929383200.0,62573
2023-05-11 09:35:34,IC2305,IC2305,6174.6,2.0,2469840.0,-2.0,2,6174.4,6174.8,1,6167.2,6195.0,6195.0,6172.2,2371.0,2931853040.0,62571
2023-05-11 09:35:35,IC2305,IC2305,6174.4,3.0,3704640.0,-3.0,3,6174.2,6174.8,1,6167.2,6195.0,6195.0,6172.2,2374.0,2935557680.0,62568
2023-05-11 09:35:35,IC2305,IC2305,6174.2,1.0,1234840.0,-1.0,2,6174.2,6174.8,1,6167.2,6195.0,6195.0,6172.2,2375.0,2936792520.0,62567
2023-05-11 09:35:36,IC2305,IC2305,6174.2,1.0,1234840.0,0.0,1,6174.2,6174.8,1,6167.2,6195.0,6195.0,6172.2,2376.0,2938027360.0,62567
2023-05-11 09:35:36,IC2305,IC2305,6174.8,3.0,3704840.0,1.0,2,6174.8,6175.0,3,6167.2,6195.0,6195.0,6172.2,2379.0,2941732200.0,62568
2023-05-11 09:35:37,IC2305,IC2305,6174.4,5.0,6174640.0,-1.0,3,6173.8,6175.0,6,6167.2,6195.0,6195.0,6172.2,2384.0,2947906840.0,62567
2023-05-11 09:35:37,IC2305,IC2305,6174.2,2.0,2469680.0,-2.0,3,6173.8,6174.4,2,6167.2,6195.0,6195.0,6172.2,2386.0,2950376520.0,62565
2023-05-11 09:35:38,IC2305,IC2305,6173.8,3.0,3704280.0,-3.0,2,6171.8,6173.6,1,6167.2,6195.0,6195.0,6172.2,2389.0,2954080800.0,62562
2023-05-11 09:35:38,IC2305,IC2305,6173.0,1.0,1234600.0,0.0,2,6172.8,6173.4,1,6167.2,6195.0,6195.0,6172.2,2390.0,2955315400.0,62562
2023-05-11 09:35:39,IC2305,IC2305,6173.0,0.0,0.0,0.0,3,6172.2,6173.4,3,6167.2,6195.0,6195.0,6172.2,2390.0,2955315400.0,62562
2023-05-11 09:35:39,IC2305,IC2305,6172.0,1.0,1234400.0,-1.0,7,6171.6,6173.2,1,6167.2,6195.0,6195.0,6172.0,2391.0,2956549800.0,62561
2023-05-11 09:35:40,IC2305,IC2305,6171.6,1.0,1234320.0,-1.0,6,6171.6,6173.0,3,6167.2,6195.0,6195.0,6171.6,2392.0,2957784120.0,62560
2023-05-11 09:35:40,IC2305,IC2305,6172.4,1.0,1234480.0,0.0,6,6171.6,6172.4,1,6167.2,6195.0,6195.0,6171.6,2393.0,2959018600.0,62560
2023-05-11 09:35:41,IC2305,IC2305,6172.4,0.0,0.0,0.0,1,6172.0,6173.0,3,6167.2,6195.0,6195.0,6171.6,2393.0,2959018600.0,62560
2023-05-11 09:35:41,IC2305,IC2305,6172.0,1.0,1234400.0,-1.0,3,6171.8,6172.4,3,6167.2,6195.0,6195.0,6171.6,2394.0,2960253000.0,62559
2023-05-11 09:35:42,IC2305,IC2305,6172.0,0.0,0.0,0.0,3,6171.8,6172.0,1,6167.2,6195.0,6195.0,6171.6,2394.0,2960253000.0,62559
2023-05-11 09:35:42,IC2305,IC2305,6172.0,6.0,7406400.0,0.0,3,6171.8,6173.6,1,6167.2,6195.0,6195.0,6171.6,2400.0,2967659400.0,62559
2023-05-11 09:35:43,IC2305,IC2305,6172.0,1.0,1234400.0,0.0,3,6171.8,6172.0,2,6167.2,6195.0,6195.0,6171.6,2401.0,2968893800.0,62559
2023-05-11 09:35:43,IC2305,IC2305,6171.8,4.0,4937520.0,0.0,3,6172.0,6173.2,3,6167.2,6195.0,6195.0,6171.6,2405.0,2973831320.0,62559
2023-05-11 09:35:44,IC2305,IC2305,6171.8,1.0,1234360.0,-1.0,2,6172.0,6172.8,1,6167.2,6195.0,6195.0,6171.6,2406.0,2975065680.0,62558
2023-05-11 09:35:44,IC2305,IC2305,6171.8,0.0,0.0,0.0,2,6172.0,6172.6,1,6167.2,6195.0,6195.0,6171.6,2406.0,2975065680.0,62558
2023-05-11 09:35:45,IC2305,IC2305,6171.8,0.0,0.0,0.0,2,6172.0,6172.8,1,6167.2,6195.0,6195.0,6171.6,2406.0,2975065680.0,62558
2023-05-11 09:35:45,IC2305,IC2305,6172.0,3.0,3703360.0,-3.0,2,6171.8,6172.8,1,6167.2,6195.0,6195.0,6171.6,2409.0,2978769040.0,62555
2023-05-11 09:35:46,IC2305,IC2305,6172.8,1.0,1234560.0,-1.0,1,6172.2,6173.2,3,6167.2,6195.0,6195.0,6171.6,2410.0,2980003600.0,62554
2023-05-11 09:35:46,IC2305,IC2305,6172.8,0.0,0.0,0.0,1,6173.2,6173.4,2,6167.2,6195.0,6195.0,6171.6,2410.0,2980003600.0,62554
2023-05-11 09:35:47,IC2305,IC2305,6173.2,4.0,4938640.0,-4.0,5,6173.4,6173.6,3,6167.2,6195.0,6195.0,6171.6,2414.0,2984942240.0,62550
2023-05-11 09:35:47,IC2305,IC2305,6173.6,7.0,8643160.0,-5.0,3,6173.6,6174.6,2,6167.2,6195.0,6195.0,6171.6,2421.0,2993585400.0,62545
2023-05-11 09:35:48,IC2305,IC2305,6173.6,1.0,1234720.0,-1.0,1,6173.8,6175.0,1,6167.2,6195.0,6195.0,6171.6,2422.0,2994820120.0,62544
2023-05-11 09:35:48,IC2305,IC2305,6174.8,3.0,3704880.0,0.0,2,6174.0,6175.0,1,6167.2,6195.0,6195.0,6171.6,2425.0,2998525000.0,62544
2023-05-11 09:35:49,IC2305,IC2305,6173.4,2.0,2469440.0,-2.0,2,6173.4,6174.8,2,6167.2,6195.0,6195.0,6171.6,2427.0,3000994440.0,62542
2023-05-11 09:35:49,IC2305,IC2305,6173.4,0.0,0.0,0.0,3,6173.6,6174.2,1,6167.2,6195.0,6195.0,6171.6,2427.0,3000994440.0,62542
2023-05-11 09:35:50,IC2305,IC2305,6173.4,1.0,1234680.0,-1.0,1,6173.8,6174.6,2,6167.2,6195.0,6195.0,6171.6,2428.0,3002229120.0,62541
2023-05-11 09:35:50,IC2305,IC2305,6173.4,0.0,0.0,0.0,1,6174.8,6175.0,1,6167.2,6195.0,6195.0,6171.6,2428.0,3002229120.0,62541
2023-05-11 09:35:51,IC2305,IC2305,6174.8,2.0,2469920.0,-1.0,3,6174.8,6175.0,1,6167.2,6195.0,6195.0,6171.6,2430.0,3004699040.0,62540
2023-05-11 09:35:51,IC2305,IC2305,6175.2,4.0,4940200.0,-3.0,7,6175.2,6177.0,2,6167.2,6195.0,6195.0,6171.6,2434.0,3009639240.0,62537
2023-05-11 09:35:52,IC2305,IC2305,6176.0,6.0,7411200.0,-2.0,6,6175.4,6176.8,7,6167.2,6195.0,6195.0,6171.6,2440.0,3017050440.0,62535
2023-05-11 09:35:52,IC2305,IC2305,6176.0,1.0,1235200.0,0.0,2,6176.0,6176.6,3,6167.2,6195.0,6195.0,6171.6,2441.0,3018285640.0,62535
2023-05-11 09:35:53,IC2305,IC2305,6176.0,2.0,2470400.0,-1.0,3,6175.4,6175.8,1,6167.2,6195.0,6195.0,6171.6,2443.0,3020756040.0,62534
2023-05-11 09:35:53,IC2305,IC2305,6175.6,3.0,3705280.0,0.0,1,6175.8,6176.2,3,6167.2,6195.0,6195.0,6171.6,2446.0,3024461320.0,62534
2023-05-11 09:35:54,IC2305,IC2305,6175.4,2.0,2470200.0,-2.0,1,6175.2,6175.4,2,6167.2,6195.0,6195.0,6171.6,2448.0,3026931520.0,62532
2023-05-11 09:35:54,IC2305,IC2305,6175.0,4.0,4940040.0,-1.0,1,6174.2,6175.4,4,6167.2,6195.0,6195.0,6171.6,2452.0,3031871560.0,62531
2023-05-11 09:35:55,IC2305,IC2305,6175.0,0.0,0.0,0.0,2,6174.2,6175.2,3,6167.2,6195.0,6195.0,6171.6,2452.0,3031871560.0,62531
2023-05-11 09:35:55,IC2305,IC2305,6175.0,0.0,0.0,0.0,1,6174.8,6175.2,3,6167.2,6195.0,6195.0,6171.6,2452.0,3031871560.0,62531
2023-05-11 09:35:56,IC2305,IC2305,6174.8,2.0,2469920.0,-2.0,1,6174.2,6174.8,1,6167.2,6195.0,6195.0,6171.6,2454.0,3034341480.0,62529
2023-05-11 09:35:56,IC2305,IC2305,6174.2,1.0,1234840.0,-1.0,1,6173.6,6174.6,1,6167.2,6195.0,6195.0,6171.6,2455.0,3035576320.0,62528
2023-05-11 09:35:57,IC2305,IC2305,6172.0,4.0,4938480.0,-4.0,4,6171.8,6174.6,1,6167.2,6195.0,6195.0,6171.6,2459.0,3040514800.0,62524
2023-05-11 09:35:57,IC2305,IC2305,6172.0,2.0,2468800.0,-1.0,2,6173.2,6174.4,2,6167.2,6195.0,6195.0,6171.6,2461.0,3042983600.0,62523
2023-05-11 09:35:58,IC2305,IC2305,6173.2,2.0,2469280.0,-2.0,1,6173.2,6173.6,2,6167.2,6195.0,6195.0,6171.6,2463.0,3045452880.0,62521
2023-05-11 09:35:58,IC2305,IC2305,6173.2,1.0,1234640.0,-1.0,1,6172.4,6173.4,2,6167.2,6195.0,6195.0,6171.6,2464.0,3046687520.0,62520
2023-05-11 09:35:59,IC2305,IC2305,6173.2,0.0,0.0,0.0,2,6172.6,6173.4,4,6167.2,6195.0,6195.0,6171.6,2464.0,3046687520.0,62520
2023-05-11 09:36:00,IC2305,IC2305,6172.6,1.0,1234520.0,-1.0,4,6171.8,6173.0,1,6167.2,6195.0,6195.0,6171.6,2465.0,3047922040.0,62519
2023-05-11 09:36:00,IC2305,IC2305,6172.0,2.0,2468800.0,-2.0,7,6172.0,6172.2,2,6167.2,6195.0,6195.0,6171.6,2467.0,3050390840.0,62517
2023-05-11 09:36:01,IC2305,IC2305,6172.2,7.0,8641080.0,-2.0,6,6172.2,6172.6,2,6167.2,6195.0,6195.0,6171.6,2474.0,3059031920.0,62515
2023-05-11 09:36:01,IC2305,IC2305,6172.6,6.0,7407040.0,-4.0,2,6172.4,6173.0,3,6167.2,6195.0,6195.0,6171.6,2480.0,3066438960.0,62511
2023-05-11 09:36:02,IC2305,IC2305,6172.6,0.0,0.0,0.0,3,6172.6,6173.0,4,6167.2,6195.0,6195.0,6171.6,2480.0,3066438960.0,62511
2023-05-11 09:36:02,IC2305,IC2305,6173.0,4.0,4938400.0,-4.0,2,6172.8,6173.4,1,6167.2,6195.0,6195.0,6171.6,2484.0,3071377360.0,62507
2023-05-11 09:36:03,IC2305,IC2305,6173.0,0.0,0.0,0.0,1,6173.2,6173.4,1,6167.2,6195.0,6195.0,6171.6,2484.0,3071377360.0,62507
2023-05-11 09:36:03,IC2305,IC2305,6173.4,2.0,2469320.0,0.0,2,6173.4,6174.2,1,6167.2,6195.0,6195.0,6171.6,2486.0,3073846680.0,62507
2023-05-11 09:36:04,IC2305,IC2305,6173.4,6.0,7408080.0,-6.0,2,6172.6,6173.4,1,6167.2,6195.0,6195.0,6171.6,2492.0,3081254760.0,62501
2023-05-11 09:36:04,IC2305,IC2305,6173.0,2.0,2469200.0,-2.0,3,6172.8,6174.0,3,6167.2,6195.0,6195.0,6171.6,2494.0,3083723960.0,62499
2023-05-11 09:36:05,IC2305,IC2305,6174.0,1.0,1234800.0,0.0,2,6173.2,6174.0,2,6167.2,6195.0,6195.0,6171.6,2495.0,3084958760.0,62499
2023-05-11 09:36:05,IC2305,IC2305,6174.0,0.0,0.0,0.0,3,6174.0,6174.4,1,6167.2,6195.0,6195.0,6171.6,2495.0,3084958760.0,62499
2023-05-11 09:36:06,IC2305,IC2305,6175.4,3.0,3705160.0,-3.0,1,6174.4,6175.8,1,6167.2,6195.0,6195.0,6171.6,2498.0,3088663920.0,62496
2023-05-11 09:36:06,IC2305,IC2305,6174.6,2.0,2470040.0,-2.0,1,6174.6,6175.6,2,6167.2,6195.0,6195.0,6171.6,2500.0,3091133960.0,62494
2023-05-11 09:36:07,IC2305,IC2305,6174.8,2.0,2469880.0,-2.0,1,6174.8,6175.4,1,6167.2,6195.0,6195.0,6171.6,2502.0,3093603840.0,62492
2023-05-11 09:36:07,IC2305,IC2305,6175.2,2.0,2470000.0,-2.0,1,6175.0,6175.2,1,6167.2,6195.0,6195.0,6171.6,2504.0,3096073840.0,62490
2023-05-11 09:36:08,IC2305,IC2305,6175.0,3.0,3705040.0,-2.0,2,6173.8,6175.0,1,6167.2,6195.0,6195.0,6171.6,2507.0,3099778880.0,62488
2023-05-11 09:36:08,IC2305,IC2305,6175.0,0.0,0.0,0.0,1,6174.4,6175.0,2,6167.2,6195.0,6195.0,6171.6,2507.0,3099778880.0,62488
2023-05-11 09:36:09,IC2305,IC2305,6175.0,1.0,1235000.0,-1.0,1,6174.4,6174.8,1,6167.2,6195.0,6195.0,6171.6,2508.0,3101013880.0,62487
2023-05-11 09:36:09,IC2305,IC2305,6174.4,2.0,2469760.0,-2.0,1,6174.0,6174.4,3,6167.2,6195.0,6195.0,6171.6,2510.0,3103483640.0,62485
2023-05-11 09:36:10,IC2305,IC2305,6173.8,5.0,6173680.0,-5.0,2,6173.0,6173.4,1,6167.2,6195.0,6195.0,6171.6,2515.0,3109657320.0,62480
2023-05-11 09:36:10,IC2305,IC2305,6173.4,1.0,1234680.0,0.0,2,6173.4,6174.0,1,6167.2,6195.0,6195.0,6171.6,2516.0,3110892000.0,62480
2023-05-11 09:36:11,IC2305,IC2305,6173.4,2.0,2469360.0,-2.0,2,6172.8,6173.4,1,6167.2,6195.0,6195.0,6171.6,2518.0,3113361360.0,62478
2023-05-11 09:36:11,IC2305,IC2305,6173.4,1.0,1234680.0,-1.0,1,6173.6,6173.8,1,6167.2,6195.0,6195.0,6171.6,2519.0,3114596040.0,62477
2023-05-11 09:36:12,IC2305,IC2305,6173.6,1.0,1234720.0,-1.0,1,6173.0,6173.6,1,6167.2,6195.0,6195.0,6171.6,2520.0,3115830760.0,62476
2023-05-11 09:36:12,IC2305,IC2305,6173.6,1.0,1234720.0,-1.0,1,6173.0,6173.8,1,6167.2,6195.0,6195.0,6171.6,2521.0,3117065480.0,62475
2023-05-11 09:36:13,IC2305,IC2305,6173.6,0.0,0.0,0.0,1,6173.0,6173.4,2,6167.2,6195.0,6195.0,6171.6,2521.0,3117065480.0,62475
2023-05-11 09:36:13,IC2305,IC2305,6173.4,3.0,3703960.0,-3.0,1,6173.2,6173.6,1,6167.2,6195.0,6195.0,6171.6,2524.0,3120769440.0,62472
2023-05-11 09:36:14,IC2305,IC2305,6173.4,0.0,0.0,0.0,1,6173.2,6173.8,1,6167.2,6195.0,6195.0,6171.6,2524.0,3120769440.0,62472
2023-05-11 09:36:14,IC2305,IC2305,6173.2,1.0,1234640.0,-1.0,1,6172.8,6173.8,1,6167.2,6195.0,6195.0,6171.6,2525.0,3122004080.0,62471
2023-05-11 09:36:15,IC2305,IC2305,6173.2,0.0,0.0,0.0,2,6172.6,6173.8,2,6167.2,6195.0,6195.0,6171.6,2525.0,3122004080.0,62471
2023-05-11 09:36:16,IC2305,IC2305,6173.2,0.0,0.0,0.0,3,6172.6,6173.0,2,6167.2,6195.0,6195.0,6171.6,2525.0,3122004080.0,62471
2023-05-11 09:36:16,IC2305,IC2305,6173.2,2.0,2469280.0,-1.0,1,6172.8,6173.6,1,6167.2,6195.0,6195.0,6171.6,2527.0,3124473360.0,62470
2023-05-11 09:36:17,IC2305,IC2305,6173.2,0.0,0.0,0.0,1,6172.8,6173.2,2,6167.2,6195.0,6195.0,6171.6,2527.0,3124473360.0,62470
2023-05-11 09:36:17,IC2305,IC2305,6173.2,1.0,1234640.0,-1.0,1,6173.0,6173.2,1,6167.2,6195.0,6195.0,6171.6,2528.0,3125708000.0,62469
2023-05-11 09:36:18,IC2305,IC2305,6173.2,3.0,3703920.0,-3.0,1,6173.0,6173.6,1,6167.2,6195.0,6195.0,6171.6,2531.0,3129411920.0,62466
2023-05-11 09:36:18,IC2305,IC2305,6173.2,2.0,2469280.0,-2.0,1,6173.0,6173.6,1,6167.2,6195.0,6195.0,6171.6,2533.0,3131881200.0,62464
2023-05-11 09:36:19,IC2305,IC2305,6173.2,0.0,0.0,0.0,1,6173.0,6173.2,1,6167.2,6195.0,6195.0,6171.6,2533.0,3131881200.0,62464
2023-05-11 09:36:19,IC2305,IC2305,6173.2,1.0,1234640.0,0.0,1,6173.2,6173.6,1,6167.2,6195.0,6195.0,6171.6,2534.0,3133115840.0,62464
2023-05-11 09:36:20,IC2305,IC2305,6173.0,4.0,4938480.0,-4.0,4,6172.6,6173.0,1,6167.2,6195.0,6195.0,6171.6,2538.0,3138054320.0,62460
2023-05-11 09:36:20,IC2305,IC2305,6173.0,1.0,1234600.0,-1.0,3,6173.0,6173.2,1,6167.2,6195.0,6195.0,6171.6,2539.0,3139288920.0,62459
2023-05-11 09:36:21,IC2305,IC2305,6173.2,1.0,1234640.0,-1.0,2,6173.0,6173.6,1,6167.2,6195.0,6195.0,6171.6,2540.0,3140523560.0,62458
2023-05-11 09:36:21,IC2305,IC2305,6173.6,1.0,1234720.0,-1.0,3,6173.2,6173.8,1,6167.2,6195.0,6195.0,6171.6,2541.0,3141758280.0,62457
2023-05-11 09:36:22,IC2305,IC2305,6173.6,0.0,0.0,0.0,1,6173.2,6173.8,1,6167.2,6195.0,6195.0,6171.6,2541.0,3141758280.0,62457
2023-05-11 09:36:22,IC2305,IC2305,6173.4,1.0,1234680.0,-1.0,1,6173.2,6173.8,1,6167.2,6195.0,6195.0,6171.6,2542.0,3142992960.0,62456
2023-05-11 09:36:23,IC2305,IC2305,6173.4,0.0,0.0,0.0,1,6173.6,6173.8,1,6167.2,6195.0,6195.0,6171.6,2542.0,3142992960.0,62456
2023-05-11 09:36:23,IC2305,IC2305,6173.4,4.0,4938840.0,-3.0,1,6173.8,6174.2,1,6167.2,6195.0,6195.0,6171.6,2546.0,3147931800.0,62453
2023-05-11 09:36:24,IC2305,IC2305,6173.8,1.0,1234760.0,-1.0,1,6173.2,6174.0,1,6167.2,6195.0,6195.0,6171.6,2547.0,3149166560.0,62452
2023-05-11 09:36:24,IC2305,IC2305,6173.8,0.0,0.0,0.0,1,6173.2,6174.2,1,6167.2,6195.0,6195.0,6171.6,2547.0,3149166560.0,62452
2023-05-11 09:36:25,IC2305,IC2305,6173.2,1.0,1234640.0,-1.0,1,6172.6,6174.0,2,6167.2,6195.0,6195.0,6171.6,2548.0,3150401200.0,62451
2023-05-11 09:36:25,IC2305,IC2305,6174.0,2.0,2469560.0,-2.0,2,6172.6,6174.0,1,6167.2,6195.0,6195.0,6171.6,2550.0,3152870760.0,62449
2023-05-11 09:36:26,IC2305,IC2305,6173.0,2.0,2469200.0,-1.0,1,6172.8,6174.0,2,6167.2,6195.0,6195.0,6171.6,2552.0,3155339960.0,62448
2023-05-11 09:36:26,IC2305,IC2305,6172.8,1.0,1234560.0,-1.0,2,6172.6,6174.0,4,6167.2,6195.0,6195.0,6171.6,2553.0,3156574520.0,62447
2023-05-11 09:36:27,IC2305,IC2305,6172.8,0.0,0.0,0.0,2,6172.6,6173.8,6,6167.2,6195.0,6195.0,6171.6,2553.0,3156574520.0,62447
2023-05-11 09:36:27,IC2305,IC2305,6172.8,0.0,0.0,0.0,2,6172.6,6173.6,5,6167.2,6195.0,6195.0,6171.6,2553.0,3156574520.0,62447
2023-05-11 09:36:28,IC2305,IC2305,6172.8,0.0,0.0,0.0,2,6172.6,6173.4,1,6167.2,6195.0,6195.0,6171.6,2553.0,3156574520.0,62447
2023-05-11 09:36:28,IC2305,IC2305,6172.6,1.0,1234520.0,0.0,1,6172.6,6173.2,1,6167.2,6195.0,6195.0,6171.6,2554.0,3157809040.0,62447
2023-05-11 09:36:29,IC2305,IC2305,6172.6,1.0,1234520.0,-1.0,1,6172.0,6173.2,6,6167.2,6195.0,6195.0,6171.6,2555.0,3159043560.0,62446
2023-05-11 09:36:29,IC2305,IC2305,6172.0,1.0,1234400.0,-1.0,6,6171.6,6172.0,1,6167.2,6195.0,6195.0,6171.6,2556.0,3160277960.0,62445
2023-05-11 09:36:30,IC2305,IC2305,6171.6,2.0,2468640.0,-2.0,4,6171.6,6172.0,1,6167.2,6195.0,6195.0,6171.6,2558.0,3162746600.0,62443
2023-05-11 09:36:30,IC2305,IC2305,6172.0,6.0,7406080.0,-5.0,2,6171.2,6171.4,1,6167.2,6195.0,6195.0,6171.6,2564.0,3170152680.0,62438
2023-05-11 09:36:31,IC2305,IC2305,6171.2,5.0,6171360.0,-3.0,6,6171.0,6171.4,1,6167.2,6195.0,6195.0,6171.2,2569.0,3176324040.0,62435
2023-05-11 09:36:31,IC2305,IC2305,6171.2,0.0,0.0,0.0,7,6171.0,6171.4,2,6167.2,6195.0,6195.0,6171.2,2569.0,3176324040.0,62435
2023-05-11 09:36:32,IC2305,IC2305,6171.6,3.0,3702880.0,0.0,1,6171.4,6171.6,1,6167.2,6195.0,6195.0,6171.2,2572.0,3180026920.0,62435
2023-05-11 09:36:32,IC2305,IC2305,6171.6,1.0,1234320.0,0.0,4,6171.6,6173.0,2,6167.2,6195.0,6195.0,6171.2,2573.0,3181261240.0,62435
2023-05-11 09:36:33,IC2305,IC2305,6171.6,0.0,0.0,0.0,1,6171.4,6172.6,2,6167.2,6195.0,6195.0,6171.2,2573.0,3181261240.0,62435
2023-05-11 09:36:33,IC2305,IC2305,6171.4,1.0,1234280.0,-1.0,1,6172.0,6172.4,2,6167.2,6195.0,6195.0,6171.2,2574.0,3182495520.0,62434
2023-05-11 09:36:34,IC2305,IC2305,6172.0,1.0,1234400.0,-1.0,7,6171.0,6171.8,1,6167.2,6195.0,6195.0,6171.2,2575.0,3183729920.0,62433
2023-05-11 09:36:34,IC2305,IC2305,6171.8,3.0,3703080.0,-3.0,1,6171.4,6172.0,1,6167.2,6195.0,6195.0,6171.2,2578.0,3187433000.0,62430
2023-05-11 09:36:35,IC2305,IC2305,6172.2,3.0,3703240.0,-3.0,2,6171.6,6172.0,1,6167.2,6195.0,6195.0,6171.2,2581.0,3191136240.0,62427
