time,symbol_id,symbol_name,last,trade_volume,trade_amount,open_interest_change,bv1,bp1,ap1,av1,yesterday_close,today_open,today_high,today_low,volume,amount,open_interest
2023-05-11 09:29:00,IF2309,IF2309,3968.8,11.0,13097040.0,-9.0,1,3966.6,3969.8,1,3956.8,3968.8,3968.8,3968.8,11.0,13097040.0,56360
2023-05-11 09:30:00,IF2309,IF2309,3969.8,3.0,3571860.0,-1.0,1,3966.0,3966.6,1,3956.8,3968.8,3969.8,3966.6,14.0,16668900.0,56359
2023-05-11 09:30:00,IF2309,IF2309,3966.6,2.0,2379960.0,-2.0,1,3966.0,3968.4,1,3956.8,3968.8,3969.8,3966.6,16.0,19048860.0,56357
2023-05-11 09:30:01,IF2309,IF2309,3967.0,1.0,1190100.0,-1.0,2,3967.0,3968.2,2,3956.8,3968.8,3969.8,3966.6,17.0,20238960.0,56356
2023-05-11 09:30:01,IF2309,IF2309,3966.2,4.0,4760100.0,-4.0,1,3966.0,3967.8,2,3956.8,3968.8,3969.8,3966.2,21.0,24999060.0,56352
2023-05-11 09:30:02,IF2309,IF2309,3967.6,2.0,2380080.0,-1.0,1,3967.2,3967.6,3,3956.8,3968.8,3969.8,3966.0,23.0,27379140.0,56351
2023-05-11 09:30:02,IF2309,IF2309,3967.0,2.0,2380260.0,0.0,1,3967.0,3967.4,2,3956.8,3968.8,3969.8,3966.0,25.0,29759400.0,56351
2023-05-11 09:30:03,IF2309,IF2309,3967.0,1.0,1190100.0,0.0,2,3965.0,3966.0,3,3956.8,3968.8,3969.8,3966.0,26.0,30949500.0,56351
2023-05-11 09:30:03,IF2309,IF2309,3965.8,3.0,3569340.0,-3.0,1,3965.8,3966.0,1,3956.8,3968.8,3969.8,3965.8,29.0,34518840.0,56348
2023-05-11 09:30:04,IF2309,IF2309,3966.0,1.0,1189800.0,-1.0,1,3965.2,3967.0,1,3956.8,3968.8,3969.8,3965.8,30.0,35708640.0,56347
2023-05-11 09:30:04,IF2309,IF2309,3966.0,0.0,0.0,0.0,3,3965.4,3966.8,1,3956.8,3968.8,3969.8,3965.8,30.0,35708640.0,56347
2023-05-11 09:30:05,IF2309,IF2309,3967.0,1.0,1190100.0,0.0,2,3965.6,3967.4,1,3956.8,3968.8,3969.8,3965.8,31.0,36898740.0,56347
2023-05-11 09:30:05,IF2309,IF2309,3966.2,1.0,1189860.0,-1.0,1,3966.0,3967.8,2,3956.8,3968.8,3969.8,3965.8,32.0,38088600.0,56346
2023-05-11 09:30:06,IF2309,IF2309,3966.2,1.0,1189860.0,-1.0,1,3966.0,3967.0,3,3956.8,3968.8,3969.8,3965.8,33.0,39278460.0,56345
2023-05-11 09:30:06,IF2309,IF2309,3966.0,1.0,1189800.0,0.0,1,3965.6,3966.8,1,3956.8,3968.8,3969.8,3965.8,34.0,40468260.0,56345
2023-05-11 09:30:07,IF2309,IF2309,3966.0,0.0,0.0,0.0,2,3966.0,3966.4,2,3956.8,3968.8,3969.8,3965.8,34.0,40468260.0,56345
2023-05-11 09:30:07,IF2309,IF2309,3966.8,3.0,3569640.0,0.0,2,3965.0,3967.0,3,3956.8,3968.8,3969.8,3965.8,37.0,44037900.0,56345
2023-05-11 09:30:08,IF2309,IF2309,3966.8,0.0,0.0,0.0,2,3965.0,3966.0,1,3956.8,3968.8,3969.8,3965.8,37.0,44037900.0,56345
2023-05-11 09:30:08,IF2309,IF2309,3966.0,3.0,3568800.0,-3.0,1,3964.6,3966.6,1,3956.8,3968.8,3969.8,3965.0,40.0,47606700.0,56342
2023-05-11 09:30:09,IF2309,IF2309,3966.0,0.0,0.0,0.0,1,3963.4,3966.0,2,3956.8,3968.8,3969.8,3965.0,40.0,47606700.0,56342
2023-05-11 09:30:09,IF2309,IF2309,3966.0,0.0,0.0,0.0,1,3964.4,3965.0,1,3956.8,3968.8,3969.8,3965.0,40.0,47606700.0,56342
2023-05-11 09:30:10,IF2309,IF2309,3964.4,1.0,1189320.0,-1.0,1,3962.4,3965.0,1,3956.8,3968.8,3969.8,3964.4,41.0,48796020.0,56341
2023-05-11 09:30:11,IF2309,IF2309,3964.4,0.0,0.0,0.0,1,3963.0,3964.8,4,3956.8,3968.8,3969.8,3964.4,41.0,48796020.0,56341
2023-05-11 09:30:11,IF2309,IF2309,3964.6,1.0,1189380.0,0.0,2,3963.2,3964.8,4,3956.8,3968.8,3969.8,3964.4,42.0,49985400.0,56341
2023-05-11 09:30:12,IF2309,IF2309,3965.0,4.0,4757880.0,-4.0,1,3964.0,3965.6,1,3956.8,3968.8,3969.8,3964.4,46.0,54743280.0,56337
2023-05-11 09:30:12,IF2309,IF2309,3965.0,0.0,0.0,0.0,1,3964.4,3965.4,1,3956.8,3968.8,3969.8,3964.4,46.0,54743280.0,56337
2023-05-11 09:30:13,IF2309,IF2309,3964.6,2.0,2378820.0,-1.0,1,3964.4,3965.8,3,3956.8,3968.8,3969.8,3964.4,48.0,57122100.0,56336
2023-05-11 09:30:13,IF2309,IF2309,3964.6,0.0,0.0,0.0,1,3965.4,3965.6,2,3956.8,3968.8,3969.8,3964.4,48.0,57122100.0,56336
2023-05-11 09:30:14,IF2309,IF2309,3964.6,4.0,4758420.0,-3.0,2,3964.6,3966.0,1,3956.8,3968.8,3969.8,3964.4,52.0,61880520.0,56333
2023-05-11 09:30:14,IF2309,IF2309,3965.8,1.0,1189740.0,-1.0,1,3965.0,3966.0,1,3956.8,3968.8,3969.8,3964.4,53.0,63070260.0,56332
2023-05-11 09:30:15,IF2309,IF2309,3965.8,1.0,1189740.0,-1.0,1,3964.8,3965.8,1,3956.8,3968.8,3969.8,3964.4,54.0,64260000.0,56331
2023-05-11 09:30:15,IF2309,IF2309,3965.8,0.0,0.0,0.0,4,3964.2,3966.0,1,3956.8,3968.8,3969.8,3964.4,54.0,64260000.0,56331
2023-05-11 09:30:16,IF2309,IF2309,3965.8,0.0,0.0,0.0,3,3964.4,3966.0,1,3956.8,3968.8,3969.8,3964.4,54.0,64260000.0,56331
2023-05-11 09:30:16,IF2309,IF2309,3964.6,1.0,1189380.0,-1.0,1,3964.2,3965.2,1,3956.8,3968.8,3969.8,3964.4,55.0,65449380.0,56330
2023-05-11 09:30:17,IF2309,IF2309,3964.0,1.0,1189200.0,0.0,2,3963.2,3964.8,2,3956.8,3968.8,3969.8,3964.0,56.0,66638580.0,56330
2023-05-11 09:30:17,IF2309,IF2309,3964.6,1.0,1189380.0,-1.0,1,3963.4,3964.8,2,3956.8,3968.8,3969.8,3964.0,57.0,67827960.0,56329
2023-05-11 09:30:18,IF2309,IF2309,3964.6,0.0,0.0,0.0,2,3963.6,3964.8,1,3956.8,3968.8,3969.8,3964.0,57.0,67827960.0,56329
2023-05-11 09:30:18,IF2309,IF2309,3963.8,1.0,1189140.0,-1.0,1,3963.8,3965.0,1,3956.8,3968.8,3969.8,3963.8,58.0,69017100.0,56328
2023-05-11 09:30:19,IF2309,IF2309,3963.8,0.0,0.0,0.0,1,3964.4,3965.0,1,3956.8,3968.8,3969.8,3963.8,58.0,69017100.0,56328
2023-05-11 09:30:19,IF2309,IF2309,3964.4,1.0,1189320.0,-1.0,1,3963.6,3964.8,2,3956.8,3968.8,3969.8,3963.8,59.0,70206420.0,56327
2023-05-11 09:30:20,IF2309,IF2309,3964.4,0.0,0.0,0.0,2,3963.8,3964.8,1,3956.8,3968.8,3969.8,3963.8,59.0,70206420.0,56327
2023-05-11 09:30:20,IF2309,IF2309,3964.8,1.0,1189440.0,0.0,2,3963.8,3965.6,2,3956.8,3968.8,3969.8,3963.8,60.0,71395860.0,56327
2023-05-11 09:30:21,IF2309,IF2309,3964.8,0.0,0.0,0.0,2,3964.2,3965.6,2,3956.8,3968.8,3969.8,3963.8,60.0,71395860.0,56327
2023-05-11 09:30:21,IF2309,IF2309,3964.8,0.0,0.0,0.0,3,3964.4,3965.6,2,3956.8,3968.8,3969.8,3963.8,60.0,71395860.0,56327
2023-05-11 09:30:22,IF2309,IF2309,3964.4,1.0,1189320.0,1.0,1,3964.2,3965.2,1,3956.8,3968.8,3969.8,3963.8,61.0,72585180.0,56328
2023-05-11 09:30:23,IF2309,IF2309,3965.2,4.0,4757940.0,-1.0,2,3963.4,3965.4,2,3956.8,3968.8,3969.8,3963.8,65.0,77343120.0,56327
2023-05-11 09:30:23,IF2309,IF2309,3965.2,0.0,0.0,0.0,1,3963.8,3965.4,2,3956.8,3968.8,3969.8,3963.8,65.0,77343120.0,56327
2023-05-11 09:30:24,IF2309,IF2309,3965.2,0.0,0.0,0.0,1,3964.0,3965.4,2,3956.8,3968.8,3969.8,3963.8,65.0,77343120.0,56327
2023-05-11 09:30:24,IF2309,IF2309,3965.2,0.0,0.0,0.0,1,3963.8,3965.2,2,3956.8,3968.8,3969.8,3963.8,65.0,77343120.0,56327
2023-05-11 09:30:25,IF2309,IF2309,3965.2,2.0,2379120.0,-1.0,3,3963.6,3965.4,2,3956.8,3968.8,3969.8,3963.8,67.0,79722240.0,56326
2023-05-11 09:30:25,IF2309,IF2309,3965.2,0.0,0.0,0.0,1,3963.8,3964.4,1,3956.8,3968.8,3969.8,3963.8,67.0,79722240.0,56326
2023-05-11 09:30:26,IF2309,IF2309,3964.4,1.0,1189320.0,-1.0,4,3963.8,3964.8,1,3956.8,3968.8,3969.8,3963.8,68.0,80911560.0,56325
2023-05-11 09:30:26,IF2309,IF2309,3964.4,0.0,0.0,0.0,5,3964.0,3965.6,2,3956.8,3968.8,3969.8,3963.8,68.0,80911560.0,56325
2023-05-11 09:30:27,IF2309,IF2309,3964.4,0.0,0.0,0.0,3,3964.2,3965.6,2,3956.8,3968.8,3969.8,3963.8,68.0,80911560.0,56325
2023-05-11 09:30:27,IF2309,IF2309,3964.4,0.0,0.0,0.0,2,3964.4,3965.6,2,3956.8,3968.8,3969.8,3963.8,68.0,80911560.0,56325
2023-05-11 09:30:28,IF2309,IF2309,3964.4,0.0,0.0,0.0,1,3964.6,3965.6,2,3956.8,3968.8,3969.8,3963.8,68.0,80911560.0,56325
2023-05-11 09:30:29,IF2309,IF2309,3964.4,0.0,0.0,0.0,3,3964.2,3965.6,2,3956.8,3968.8,3969.8,3963.8,68.0,80911560.0,56325
2023-05-11 09:30:29,IF2309,IF2309,3964.4,0.0,0.0,0.0,2,3964.4,3964.6,2,3956.8,3968.8,3969.8,3963.8,68.0,80911560.0,56325
2023-05-11 09:30:30,IF2309,IF2309,3964.6,2.0,2378760.0,-2.0,3,3964.2,3965.6,2,3956.8,3968.8,3969.8,3963.8,70.0,83290320.0,56323
2023-05-11 09:30:30,IF2309,IF2309,3964.6,0.0,0.0,0.0,2,3964.4,3965.6,2,3956.8,3968.8,3969.8,3963.8,70.0,83290320.0,56323
2023-05-11 09:30:31,IF2309,IF2309,3964.6,0.0,0.0,0.0,3,3964.2,3965.6,2,3956.8,3968.8,3969.8,3963.8,70.0,83290320.0,56323
2023-05-11 09:30:31,IF2309,IF2309,3964.6,0.0,0.0,0.0,3,3964.2,3964.6,1,3956.8,3968.8,3969.8,3963.8,70.0,83290320.0,56323
2023-05-11 09:30:32,IF2309,IF2309,3965.6,3.0,3568740.0,-1.0,1,3965.6,3966.0,6,3956.8,3968.8,3969.8,3963.8,73.0,86859060.0,56322
2023-05-11 09:30:32,IF2309,IF2309,3964.2,3.0,3568200.0,-1.0,3,3964.0,3965.4,1,3956.8,3968.8,3969.8,3963.8,76.0,90427260.0,56321
2023-05-11 09:30:33,IF2309,IF2309,3964.2,0.0,0.0,0.0,1,3964.2,3965.2,1,3956.8,3968.8,3969.8,3963.8,76.0,90427260.0,56321
2023-05-11 09:30:33,IF2309,IF2309,3964.2,0.0,0.0,0.0,5,3964.4,3965.0,3,3956.8,3968.8,3969.8,3963.8,76.0,90427260.0,56321
2023-05-11 09:30:34,IF2309,IF2309,3964.2,0.0,0.0,0.0,5,3964.4,3965.0,1,3956.8,3968.8,3969.8,3963.8,76.0,90427260.0,56321
2023-05-11 09:30:35,IF2309,IF2309,3964.2,0.0,0.0,0.0,1,3964.8,3966.0,7,3956.8,3968.8,3969.8,3963.8,76.0,90427260.0,56321
2023-05-11 09:30:35,IF2309,IF2309,3965.8,1.0,1189740.0,0.0,1,3964.8,3965.8,5,3956.8,3968.8,3969.8,3963.8,77.0,91617000.0,56321
2023-05-11 09:30:36,IF2309,IF2309,3965.8,0.0,0.0,0.0,1,3964.8,3965.8,6,3956.8,3968.8,3969.8,3963.8,77.0,91617000.0,56321
2023-05-11 09:30:36,IF2309,IF2309,3964.8,2.0,2379180.0,0.0,1,3965.0,3965.8,4,3956.8,3968.8,3969.8,3963.8,79.0,93996180.0,56321
2023-05-11 09:30:37,IF2309,IF2309,3965.0,1.0,1189500.0,0.0,5,3964.4,3965.6,5,3956.8,3968.8,3969.8,3963.8,80.0,95185680.0,56321
2023-05-11 09:30:37,IF2309,IF2309,3965.0,6.0,7137000.0,-5.0,5,3964.4,3964.8,1,3956.8,3968.8,3969.8,3963.8,86.0,102322680.0,56316
2023-05-11 09:30:39,IF2309,IF2309,3964.4,5.0,5946600.0,0.0,3,3964.0,3964.8,1,3956.8,3968.8,3969.8,3963.8,91.0,108269280.0,56316
2023-05-11 09:30:39,IF2309,IF2309,3964.8,1.0,1189440.0,0.0,3,3964.2,3965.4,1,3956.8,3968.8,3969.8,3963.8,92.0,109458720.0,56316
2023-05-11 09:30:40,IF2309,IF2309,3964.8,0.0,0.0,0.0,3,3964.2,3965.4,2,3956.8,3968.8,3969.8,3963.8,92.0,109458720.0,56316
2023-05-11 09:30:40,IF2309,IF2309,3964.8,0.0,0.0,0.0,1,3964.2,3965.4,2,3956.8,3968.8,3969.8,3963.8,92.0,109458720.0,56316
2023-05-11 09:30:41,IF2309,IF2309,3964.2,1.0,1189260.0,-1.0,3,3964.0,3964.2,2,3956.8,3968.8,3969.8,3963.8,93.0,110647980.0,56315
2023-05-11 09:30:41,IF2309,IF2309,3963.4,5.0,5945760.0,-3.0,1,3962.8,3964.2,2,3956.8,3968.8,3969.8,3963.4,98.0,116593740.0,56312
2023-05-11 09:30:42,IF2309,IF2309,3963.4,0.0,0.0,0.0,3,3963.0,3963.6,1,3956.8,3968.8,3969.8,3963.4,98.0,116593740.0,56312
2023-05-11 09:30:42,IF2309,IF2309,3963.0,2.0,2377800.0,-1.0,2,3963.2,3963.6,1,3956.8,3968.8,3969.8,3963.0,100.0,118971540.0,56311
2023-05-11 09:30:43,IF2309,IF2309,3963.0,1.0,1188900.0,-1.0,1,3963.2,3963.6,1,3956.8,3968.8,3969.8,3963.0,101.0,120160440.0,56310
2023-05-11 09:30:43,IF2309,IF2309,3963.2,1.0,1188960.0,-1.0,1,3961.8,3964.0,2,3956.8,3968.8,3969.8,3963.0,102.0,121349400.0,56309
2023-05-11 09:30:44,IF2309,IF2309,3963.2,0.0,0.0,0.0,6,3962.4,3963.4,1,3956.8,3968.8,3969.8,3963.0,102.0,121349400.0,56309
2023-05-11 09:30:44,IF2309,IF2309,3963.2,0.0,0.0,0.0,1,3962.6,3963.4,1,3956.8,3968.8,3969.8,3963.0,102.0,121349400.0,56309
2023-05-11 09:30:45,IF2309,IF2309,3963.2,0.0,0.0,0.0,2,3962.8,3963.4,1,3956.8,3968.8,3969.8,3963.0,102.0,121349400.0,56309
2023-05-11 09:30:45,IF2309,IF2309,3963.4,1.0,1189020.0,-1.0,1,3963.0,3963.6,1,3956.8,3968.8,3969.8,3963.0,103.0,122538420.0,56308
2023-05-11 09:30:46,IF2309,IF2309,3963.6,1.0,1189080.0,1.0,1,3963.0,3963.8,2,3956.8,3968.8,3969.8,3963.0,104.0,123727500.0,56309
2023-05-11 09:30:46,IF2309,IF2309,3963.8,2.0,2378280.0,-1.0,1,3963.4,3964.2,2,3956.8,3968.8,3969.8,3963.0,106.0,126105780.0,56308
2023-05-11 09:30:47,IF2309,IF2309,3964.4,3.0,3567840.0,-3.0,1,3963.6,3965.0,3,3956.8,3968.8,3969.8,3963.0,109.0,129673620.0,56305
2023-05-11 09:30:47,IF2309,IF2309,3964.4,0.0,0.0,0.0,1,3963.8,3964.0,1,3956.8,3968.8,3969.8,3963.0,109.0,129673620.0,56305
2023-05-11 09:30:48,IF2309,IF2309,3964.0,1.0,1189200.0,-1.0,1,3964.2,3965.0,3,3956.8,3968.8,3969.8,3963.0,110.0,130862820.0,56304
2023-05-11 09:30:48,IF2309,IF2309,3964.2,1.0,1189260.0,-1.0,1,3963.6,3964.6,2,3956.8,3968.8,3969.8,3963.0,111.0,132052080.0,56303
2023-05-11 09:30:49,IF2309,IF2309,3964.2,0.0,0.0,0.0,2,3963.8,3964.8,2,3956.8,3968.8,3969.8,3963.0,111.0,132052080.0,56303
2023-05-11 09:30:49,IF2309,IF2309,3964.2,0.0,0.0,0.0,1,3963.6,3964.8,2,3956.8,3968.8,3969.8,3963.0,111.0,132052080.0,56303
2023-05-11 09:30:50,IF2309,IF2309,3964.2,0.0,0.0,0.0,2,3963.8,3964.8,2,3956.8,3968.8,3969.8,3963.0,111.0,132052080.0,56303
2023-05-11 09:30:50,IF2309,IF2309,3964.2,0.0,0.0,0.0,2,3964.0,3964.8,2,3956.8,3968.8,3969.8,3963.0,111.0,132052080.0,56303
2023-05-11 09:30:51,IF2309,IF2309,3964.2,0.0,0.0,0.0,2,3964.0,3965.0,2,3956.8,3968.8,3969.8,3963.0,111.0,132052080.0,56303
2023-05-11 09:30:51,IF2309,IF2309,3964.2,0.0,0.0,0.0,1,3963.6,3965.0,2,3956.8,3968.8,3969.8,3963.0,111.0,132052080.0,56303
2023-05-11 09:30:52,IF2309,IF2309,3964.2,0.0,0.0,0.0,3,3963.6,3965.0,2,3956.8,3968.8,3969.8,3963.0,111.0,132052080.0,56303
2023-05-11 09:30:52,IF2309,IF2309,3964.2,0.0,0.0,0.0,8,3963.8,3965.0,2,3956.8,3968.8,3969.8,3963.0,111.0,132052080.0,56303
2023-05-11 09:30:53,IF2309,IF2309,3964.2,0.0,0.0,0.0,3,3964.0,3965.0,2,3956.8,3968.8,3969.8,3963.0,111.0,132052080.0,56303
2023-05-11 09:30:53,IF2309,IF2309,3964.2,0.0,0.0,0.0,2,3964.4,3965.0,2,3956.8,3968.8,3969.8,3963.0,111.0,132052080.0,56303
2023-05-11 09:30:54,IF2309,IF2309,3964.2,0.0,0.0,0.0,3,3964.0,3964.6,2,3956.8,3968.8,3969.8,3963.0,111.0,132052080.0,56303
2023-05-11 09:30:54,IF2309,IF2309,3964.6,1.0,1189380.0,-1.0,3,3964.0,3964.6,1,3956.8,3968.8,3969.8,3963.0,112.0,133241460.0,56302
2023-05-11 09:30:55,IF2309,IF2309,3964.6,1.0,1189380.0,-1.0,3,3964.0,3964.6,1,3956.8,3968.8,3969.8,3963.0,113.0,134430840.0,56301
2023-05-11 09:30:55,IF2309,IF2309,3965.0,3.0,3568380.0,-2.0,4,3964.0,3965.6,3,3956.8,3968.8,3969.8,3963.0,116.0,137999220.0,56299
2023-05-11 09:30:56,IF2309,IF2309,3966.0,3.0,3569280.0,-3.0,3,3964.4,3966.0,3,3956.8,3968.8,3969.8,3963.0,119.0,141568500.0,56296
2023-05-11 09:30:56,IF2309,IF2309,3966.0,0.0,0.0,0.0,1,3965.2,3966.0,3,3956.8,3968.8,3969.8,3963.0,119.0,141568500.0,56296
2023-05-11 09:30:57,IF2309,IF2309,3966.0,0.0,0.0,0.0,1,3965.4,3966.0,3,3956.8,3968.8,3969.8,3963.0,119.0,141568500.0,56296
2023-05-11 09:30:57,IF2309,IF2309,3966.0,0.0,0.0,0.0,1,3965.4,3966.0,6,3956.8,3968.8,3969.8,3963.0,119.0,141568500.0,56296
2023-05-11 09:30:58,IF2309,IF2309,3966.0,0.0,0.0,0.0,2,3965.0,3966.0,6,3956.8,3968.8,3969.8,3963.0,119.0,141568500.0,56296
2023-05-11 09:30:58,IF2309,IF2309,3965.8,1.0,1189740.0,0.0,1,3965.2,3966.0,6,3956.8,3968.8,3969.8,3963.0,120.0,142758240.0,56296
2023-05-11 09:30:59,IF2309,IF2309,3965.8,0.0,0.0,0.0,1,3965.2,3966.0,7,3956.8,3968.8,3969.8,3963.0,120.0,142758240.0,56296
2023-05-11 09:30:59,IF2309,IF2309,3965.2,1.0,1189560.0,-1.0,2,3965.0,3965.8,4,3956.8,3968.8,3969.8,3963.0,121.0,143947800.0,56295
2023-05-11 09:31:00,IF2309,IF2309,3965.0,1.0,1189500.0,-1.0,1,3965.0,3965.8,4,3956.8,3968.8,3969.8,3963.0,122.0,145137300.0,56294
2023-05-11 09:31:00,IF2309,IF2309,3965.8,2.0,2379480.0,0.0,1,3965.2,3965.8,2,3956.8,3968.8,3969.8,3963.0,124.0,147516780.0,56294
2023-05-11 09:31:01,IF2309,IF2309,3965.0,2.0,2379060.0,-1.0,4,3964.6,3965.8,2,3956.8,3968.8,3969.8,3963.0,126.0,149895840.0,56293
2023-05-11 09:31:01,IF2309,IF2309,3964.6,2.0,2378760.0,-2.0,2,3964.4,3965.6,3,3956.8,3968.8,3969.8,3963.0,128.0,152274600.0,56291
2023-05-11 09:31:02,IF2309,IF2309,3964.6,0.0,0.0,0.0,3,3964.6,3965.4,1,3956.8,3968.8,3969.8,3963.0,128.0,152274600.0,56291
2023-05-11 09:31:02,IF2309,IF2309,3964.6,0.0,0.0,0.0,1,3965.0,3965.4,1,3956.8,3968.8,3969.8,3963.0,128.0,152274600.0,56291
2023-05-11 09:31:03,IF2309,IF2309,3964.6,1.0,1189380.0,0.0,1,3965.6,3965.8,2,3956.8,3968.8,3969.8,3963.0,129.0,153463980.0,56291
2023-05-11 09:31:03,IF2309,IF2309,3965.6,1.0,1189680.0,0.0,1,3964.8,3965.8,2,3956.8,3968.8,3969.8,3963.0,130.0,154653660.0,56291
2023-05-11 09:31:04,IF2309,IF2309,3965.6,0.0,0.0,0.0,1,3965.6,3965.8,2,3956.8,3968.8,3969.8,3963.0,130.0,154653660.0,56291
2023-05-11 09:31:04,IF2309,IF2309,3965.8,2.0,2379420.0,-1.0,1,3964.8,3966.0,9,3956.8,3968.8,3969.8,3963.0,132.0,157033080.0,56290
2023-05-11 09:31:05,IF2309,IF2309,3965.8,0.0,0.0,0.0,3,3965.0,3966.0,9,3956.8,3968.8,3969.8,3963.0,132.0,157033080.0,56290
2023-05-11 09:31:05,IF2309,IF2309,3965.8,0.0,0.0,0.0,2,3965.2,3966.0,9,3956.8,3968.8,3969.8,3963.0,132.0,157033080.0,56290
2023-05-11 09:31:06,IF2309,IF2309,3965.8,0.0,0.0,0.0,1,3965.2,3966.0,9,3956.8,3968.8,3969.8,3963.0,132.0,157033080.0,56290
2023-05-11 09:31:06,IF2309,IF2309,3965.0,3.0,3568560.0,-2.0,2,3964.6,3965.8,4,3956.8,3968.8,3969.8,3963.0,135.0,160601640.0,56288
2023-05-11 09:31:07,IF2309,IF2309,3966.0,5.0,5948760.0,-5.0,6,3964.8,3966.0,8,3956.8,3968.8,3969.8,3963.0,140.0,166550400.0,56283
2023-05-11 09:31:07,IF2309,IF2309,3966.0,0.0,0.0,0.0,4,3964.8,3965.8,1,3956.8,3968.8,3969.8,3963.0,140.0,166550400.0,56283
2023-05-11 09:31:08,IF2309,IF2309,3966.0,0.0,0.0,0.0,2,3964.8,3965.8,1,3956.8,3968.8,3969.8,3963.0,140.0,166550400.0,56283
2023-05-11 09:31:09,IF2309,IF2309,3964.8,1.0,1189440.0,-1.0,1,3964.8,3965.8,1,3956.8,3968.8,3969.8,3963.0,141.0,167739840.0,56282
2023-05-11 09:31:09,IF2309,IF2309,3964.8,0.0,0.0,0.0,1,3964.8,3965.2,1,3956.8,3968.8,3969.8,3963.0,141.0,167739840.0,56282
2023-05-11 09:31:11,IF2309,IF2309,3965.2,1.0,1189560.0,0.0,1,3964.8,3965.6,1,3956.8,3968.8,3969.8,3963.0,142.0,168929400.0,56282
2023-05-11 09:31:13,IF2309,IF2309,3964.8,1.0,1189440.0,0.0,2,3964.6,3965.6,1,3956.8,3968.8,3969.8,3963.0,143.0,170118840.0,56282
2023-05-11 09:31:14,IF2309,IF2309,3964.8,0.0,0.0,0.0,2,3964.6,3965.6,2,3956.8,3968.8,3969.8,3963.0,143.0,170118840.0,56282
2023-05-11 09:31:14,IF2309,IF2309,3964.8,0.0,0.0,0.0,2,3964.8,3965.4,1,3956.8,3968.8,3969.8,3963.0,143.0,170118840.0,56282
2023-05-11 09:31:15,IF2309,IF2309,3964.8,0.0,0.0,0.0,2,3964.6,3965.4,1,3956.8,3968.8,3969.8,3963.0,143.0,170118840.0,56282
2023-05-11 09:31:16,IF2309,IF2309,3964.8,0.0,0.0,0.0,1,3964.8,3965.2,1,3956.8,3968.8,3969.8,3963.0,143.0,170118840.0,56282
2023-05-11 09:31:16,IF2309,IF2309,3964.8,0.0,0.0,0.0,1,3964.8,3965.4,1,3956.8,3968.8,3969.8,3963.0,143.0,170118840.0,56282
2023-05-11 09:31:17,IF2309,IF2309,3964.8,0.0,0.0,0.0,1,3964.8,3965.6,2,3956.8,3968.8,3969.8,3963.0,143.0,170118840.0,56282
2023-05-11 09:31:17,IF2309,IF2309,3964.8,0.0,0.0,0.0,1,3965.0,3965.6,2,3956.8,3968.8,3969.8,3963.0,143.0,170118840.0,56282
2023-05-11 09:31:18,IF2309,IF2309,3964.8,0.0,0.0,0.0,3,3965.2,3966.0,10,3956.8,3968.8,3969.8,3963.0,143.0,170118840.0,56282
2023-05-11 09:31:18,IF2309,IF2309,3964.8,3.0,3568320.0,0.0,1,3965.0,3965.8,5,3956.8,3968.8,3969.8,3963.0,146.0,173687160.0,56282
2023-05-11 09:31:19,IF2309,IF2309,3964.8,0.0,0.0,0.0,1,3965.0,3965.6,2,3956.8,3968.8,3969.8,3963.0,146.0,173687160.0,56282
2023-05-11 09:31:19,IF2309,IF2309,3965.0,1.0,1189500.0,0.0,1,3964.8,3965.4,2,3956.8,3968.8,3969.8,3963.0,147.0,174876660.0,56282
2023-05-11 09:31:20,IF2309,IF2309,3964.8,1.0,1189440.0,1.0,1,3964.2,3965.2,1,3956.8,3968.8,3969.8,3963.0,148.0,176066100.0,56283
2023-05-11 09:31:20,IF2309,IF2309,3965.0,1.0,1189500.0,0.0,2,3964.8,3965.2,1,3956.8,3968.8,3969.8,3963.0,149.0,177255600.0,56283
2023-05-11 09:31:21,IF2309,IF2309,3964.8,2.0,2378880.0,0.0,6,3964.0,3965.2,1,3956.8,3968.8,3969.8,3963.0,151.0,179634480.0,56283
2023-05-11 09:31:21,IF2309,IF2309,3964.0,2.0,2378400.0,0.0,3,3964.0,3964.8,2,3956.8,3968.8,3969.8,3963.0,153.0,182012880.0,56283
2023-05-11 09:31:22,IF2309,IF2309,3964.0,3.0,3567600.0,-2.0,2,3963.0,3964.6,5,3956.8,3968.8,3969.8,3963.0,156.0,185580480.0,56281
2023-05-11 09:31:22,IF2309,IF2309,3964.0,0.0,0.0,0.0,2,3963.2,3964.4,2,3956.8,3968.8,3969.8,3963.0,156.0,185580480.0,56281
2023-05-11 09:31:23,IF2309,IF2309,3964.0,0.0,0.0,0.0,2,3963.0,3964.2,3,3956.8,3968.8,3969.8,3963.0,156.0,185580480.0,56281
2023-05-11 09:31:24,IF2309,IF2309,3964.0,0.0,0.0,0.0,2,3963.0,3964.0,2,3956.8,3968.8,3969.8,3963.0,156.0,185580480.0,56281
2023-05-11 09:31:25,IF2309,IF2309,3964.0,0.0,0.0,0.0,1,3964.0,3964.6,5,3956.8,3968.8,3969.8,3963.0,156.0,185580480.0,56281
2023-05-11 09:31:25,IF2309,IF2309,3964.0,1.0,1189200.0,0.0,2,3963.2,3964.6,4,3956.8,3968.8,3969.8,3963.0,157.0,186769680.0,56281
2023-05-11 09:31:26,IF2309,IF2309,3964.0,0.0,0.0,0.0,2,3963.6,3964.6,2,3956.8,3968.8,3969.8,3963.0,157.0,186769680.0,56281
2023-05-11 09:31:26,IF2309,IF2309,3964.0,0.0,0.0,0.0,3,3963.8,3965.0,1,3956.8,3968.8,3969.8,3963.0,157.0,186769680.0,56281
2023-05-11 09:31:27,IF2309,IF2309,3964.0,1.0,1189200.0,0.0,3,3963.8,3965.0,1,3956.8,3968.8,3969.8,3963.0,158.0,187958880.0,56281
2023-05-11 09:31:27,IF2309,IF2309,3965.0,1.0,1189500.0,-1.0,1,3964.0,3965.2,1,3956.8,3968.8,3969.8,3963.0,159.0,189148380.0,56280
2023-05-11 09:31:28,IF2309,IF2309,3965.0,0.0,0.0,0.0,2,3964.2,3965.2,1,3956.8,3968.8,3969.8,3963.0,159.0,189148380.0,56280
2023-05-11 09:31:28,IF2309,IF2309,3964.2,2.0,2378520.0,0.0,1,3964.0,3965.2,1,3956.8,3968.8,3969.8,3963.0,161.0,191526900.0,56280
2023-05-11 09:31:29,IF2309,IF2309,3964.2,0.0,0.0,0.0,2,3964.4,3965.0,4,3956.8,3968.8,3969.8,3963.0,161.0,191526900.0,56280
2023-05-11 09:31:29,IF2309,IF2309,3964.2,2.0,2378520.0,-2.0,1,3964.0,3965.0,4,3956.8,3968.8,3969.8,3963.0,163.0,193905420.0,56278
2023-05-11 09:31:30,IF2309,IF2309,3964.2,0.0,0.0,0.0,3,3963.8,3965.0,4,3956.8,3968.8,3969.8,3963.0,163.0,193905420.0,56278
2023-05-11 09:31:30,IF2309,IF2309,3964.2,0.0,0.0,0.0,1,3963.8,3965.0,4,3956.8,3968.8,3969.8,3963.0,163.0,193905420.0,56278
2023-05-11 09:31:31,IF2309,IF2309,3964.2,0.0,0.0,0.0,1,3964.0,3964.8,2,3956.8,3968.8,3969.8,3963.0,163.0,193905420.0,56278
2023-05-11 09:31:31,IF2309,IF2309,3964.2,0.0,0.0,0.0,2,3964.0,3964.8,2,3956.8,3968.8,3969.8,3963.0,163.0,193905420.0,56278
2023-05-11 09:31:32,IF2309,IF2309,3964.0,1.0,1189200.0,0.0,2,3963.4,3964.8,2,3956.8,3968.8,3969.8,3963.0,164.0,195094620.0,56278
2023-05-11 09:31:32,IF2309,IF2309,3964.0,0.0,0.0,0.0,5,3963.6,3964.8,2,3956.8,3968.8,3969.8,3963.0,164.0,195094620.0,56278
2023-05-11 09:31:33,IF2309,IF2309,3964.0,0.0,0.0,0.0,6,3963.6,3964.8,2,3956.8,3968.8,3969.8,3963.0,164.0,195094620.0,56278
2023-05-11 09:31:33,IF2309,IF2309,3964.0,0.0,0.0,0.0,4,3963.6,3965.0,5,3956.8,3968.8,3969.8,3963.0,164.0,195094620.0,56278
2023-05-11 09:31:34,IF2309,IF2309,3963.6,4.0,4756320.0,-2.0,1,3963.4,3963.6,1,3956.8,3968.8,3969.8,3963.0,168.0,199850940.0,56276
2023-05-11 09:31:34,IF2309,IF2309,3963.6,1.0,1189080.0,-1.0,1,3963.8,3964.8,2,3956.8,3968.8,3969.8,3963.0,169.0,201040020.0,56275
2023-05-11 09:31:35,IF2309,IF2309,3963.6,0.0,0.0,0.0,1,3963.8,3964.6,3,3956.8,3968.8,3969.8,3963.0,169.0,201040020.0,56275
2023-05-11 09:31:35,IF2309,IF2309,3963.6,0.0,0.0,0.0,1,3963.8,3964.4,1,3956.8,3968.8,3969.8,3963.0,169.0,201040020.0,56275
2023-05-11 09:31:36,IF2309,IF2309,3963.6,1.0,1189080.0,-1.0,2,3963.2,3964.0,4,3956.8,3968.8,3969.8,3963.0,170.0,202229100.0,56274
2023-05-11 09:31:36,IF2309,IF2309,3963.6,0.0,0.0,0.0,2,3963.0,3963.8,1,3956.8,3968.8,3969.8,3963.0,170.0,202229100.0,56274
2023-05-11 09:31:37,IF2309,IF2309,3963.6,0.0,0.0,0.0,2,3963.0,3963.6,3,3956.8,3968.8,3969.8,3963.0,170.0,202229100.0,56274
2023-05-11 09:31:37,IF2309,IF2309,3963.6,0.0,0.0,0.0,2,3963.0,3963.4,1,3956.8,3968.8,3969.8,3963.0,170.0,202229100.0,56274
2023-05-11 09:31:38,IF2309,IF2309,3963.6,0.0,0.0,0.0,2,3963.0,3964.0,4,3956.8,3968.8,3969.8,3963.0,170.0,202229100.0,56274
2023-05-11 09:31:39,IF2309,IF2309,3963.0,1.0,1188900.0,1.0,1,3963.0,3964.0,4,3956.8,3968.8,3969.8,3963.0,171.0,203418000.0,56275
2023-05-11 09:31:39,IF2309,IF2309,3963.0,1.0,1188900.0,-1.0,1,3962.0,3963.8,3,3956.8,3968.8,3969.8,3963.0,172.0,204606900.0,56274
2023-05-11 09:31:40,IF2309,IF2309,3963.0,0.0,0.0,0.0,2,3962.6,3963.8,3,3956.8,3968.8,3969.8,3963.0,172.0,204606900.0,56274
2023-05-11 09:31:40,IF2309,IF2309,3963.0,0.0,0.0,0.0,3,3962.8,3963.8,1,3956.8,3968.8,3969.8,3963.0,172.0,204606900.0,56274
2023-05-11 09:31:41,IF2309,IF2309,3964.0,2.0,2378340.0,-2.0,4,3962.8,3964.0,3,3956.8,3968.8,3969.8,3963.0,174.0,206985240.0,56272
2023-05-11 09:31:41,IF2309,IF2309,3964.0,0.0,0.0,0.0,2,3963.8,3964.0,3,3956.8,3968.8,3969.8,3963.0,174.0,206985240.0,56272
2023-05-11 09:31:42,IF2309,IF2309,3963.8,2.0,2378280.0,-2.0,2,3962.8,3964.0,3,3956.8,3968.8,3969.8,3963.0,176.0,209363520.0,56270
2023-05-11 09:31:42,IF2309,IF2309,3963.8,0.0,0.0,0.0,1,3963.0,3963.8,2,3956.8,3968.8,3969.8,3963.0,176.0,209363520.0,56270
2023-05-11 09:31:43,IF2309,IF2309,3964.0,1.0,1189200.0,0.0,1,3963.0,3964.0,2,3956.8,3968.8,3969.8,3963.0,177.0,210552720.0,56270
2023-05-11 09:31:44,IF2309,IF2309,3964.0,0.0,0.0,0.0,1,3963.0,3963.6,2,3956.8,3968.8,3969.8,3963.0,177.0,210552720.0,56270
2023-05-11 09:31:44,IF2309,IF2309,3964.0,4.0,4756560.0,-4.0,1,3963.0,3964.2,2,3956.8,3968.8,3969.8,3963.0,181.0,215309280.0,56266
2023-05-11 09:31:45,IF2309,IF2309,3964.2,3.0,3567660.0,0.0,1,3963.2,3964.2,1,3956.8,3968.8,3969.8,3963.0,184.0,218876940.0,56266
2023-05-11 09:31:45,IF2309,IF2309,3964.2,1.0,1189260.0,0.0,2,3963.4,3964.8,2,3956.8,3968.8,3969.8,3963.0,185.0,220066200.0,56266
2023-05-11 09:31:46,IF2309,IF2309,3964.6,1.0,1189380.0,-1.0,2,3963.6,3964.6,1,3956.8,3968.8,3969.8,3963.0,186.0,221255580.0,56265
2023-05-11 09:31:46,IF2309,IF2309,3965.0,7.0,8326380.0,-5.0,1,3963.8,3965.0,1,3956.8,3968.8,3969.8,3963.0,193.0,229581960.0,56260
2023-05-11 09:31:47,IF2309,IF2309,3965.0,0.0,0.0,0.0,3,3964.0,3965.0,1,3956.8,3968.8,3969.8,3963.0,193.0,229581960.0,56260
2023-05-11 09:31:47,IF2309,IF2309,3965.0,0.0,0.0,0.0,2,3964.4,3965.0,2,3956.8,3968.8,3969.8,3963.0,193.0,229581960.0,56260
2023-05-11 09:31:48,IF2309,IF2309,3965.0,0.0,0.0,0.0,1,3964.0,3965.0,2,3956.8,3968.8,3969.8,3963.0,193.0,229581960.0,56260
2023-05-11 09:31:48,IF2309,IF2309,3965.0,1.0,1189500.0,0.0,1,3964.0,3965.0,1,3956.8,3968.8,3969.8,3963.0,194.0,230771460.0,56260
2023-05-11 09:31:49,IF2309,IF2309,3965.0,0.0,0.0,0.0,1,3963.6,3964.0,3,3956.8,3968.8,3969.8,3963.0,194.0,230771460.0,56260
2023-05-11 09:31:49,IF2309,IF2309,3964.0,1.0,1189200.0,-1.0,1,3963.2,3964.0,2,3956.8,3968.8,3969.8,3963.0,195.0,231960660.0,56259
2023-05-11 09:31:50,IF2309,IF2309,3964.0,0.0,0.0,0.0,1,3963.0,3964.0,2,3956.8,3968.8,3969.8,3963.0,195.0,231960660.0,56259
2023-05-11 09:31:51,IF2309,IF2309,3963.0,1.0,1188900.0,0.0,1,3963.2,3964.0,2,3956.8,3968.8,3969.8,3963.0,196.0,233149560.0,56259
2023-05-11 09:31:51,IF2309,IF2309,3962.8,2.0,2377800.0,-1.0,1,3962.4,3964.0,2,3956.8,3968.8,3969.8,3962.8,198.0,235527360.0,56258
2023-05-11 09:31:52,IF2309,IF2309,3963.6,1.0,1189080.0,1.0,3,3962.2,3963.6,1,3956.8,3968.8,3969.8,3962.8,199.0,236716440.0,56259
2023-05-11 09:31:52,IF2309,IF2309,3964.0,1.0,1189200.0,0.0,1,3962.6,3964.0,1,3956.8,3968.8,3969.8,3962.8,200.0,237905640.0,56259
2023-05-11 09:31:53,IF2309,IF2309,3964.0,0.0,0.0,0.0,4,3962.4,3963.6,1,3956.8,3968.8,3969.8,3962.8,200.0,237905640.0,56259
2023-05-11 09:31:53,IF2309,IF2309,3964.0,5.0,5946000.0,-3.0,4,3962.4,3963.8,1,3956.8,3968.8,3969.8,3962.8,205.0,243851640.0,56256
2023-05-11 09:31:54,IF2309,IF2309,3964.0,0.0,0.0,0.0,3,3962.6,3963.6,1,3956.8,3968.8,3969.8,3962.8,205.0,243851640.0,56256
2023-05-11 09:31:55,IF2309,IF2309,3964.0,0.0,0.0,0.0,1,3962.6,3963.4,5,3956.8,3968.8,3969.8,3962.8,205.0,243851640.0,56256
2023-05-11 09:31:55,IF2309,IF2309,3964.0,0.0,0.0,0.0,1,3962.4,3963.2,1,3956.8,3968.8,3969.8,3962.8,205.0,243851640.0,56256
2023-05-11 09:31:56,IF2309,IF2309,3963.2,1.0,1188960.0,0.0,3,3962.8,3963.6,1,3956.8,3968.8,3969.8,3962.8,206.0,245040600.0,56256
2023-05-11 09:31:56,IF2309,IF2309,3963.2,0.0,0.0,0.0,2,3963.0,3964.0,1,3956.8,3968.8,3969.8,3962.8,206.0,245040600.0,56256
2023-05-11 09:31:57,IF2309,IF2309,3963.2,0.0,0.0,0.0,2,3963.2,3964.0,1,3956.8,3968.8,3969.8,3962.8,206.0,245040600.0,56256
2023-05-11 09:31:57,IF2309,IF2309,3963.2,0.0,0.0,0.0,1,3962.8,3964.0,1,3956.8,3968.8,3969.8,3962.8,206.0,245040600.0,56256
2023-05-11 09:31:58,IF2309,IF2309,3963.2,0.0,0.0,0.0,1,3963.0,3964.0,1,3956.8,3968.8,3969.8,3962.8,206.0,245040600.0,56256
2023-05-11 09:31:59,IF2309,IF2309,3963.2,0.0,0.0,0.0,1,3963.4,3964.0,1,3956.8,3968.8,3969.8,3962.8,206.0,245040600.0,56256
2023-05-11 09:32:00,IF2309,IF2309,3964.0,17.0,20212200.0,-5.0,1,3963.0,3964.2,2,3956.8,3968.8,3969.8,3962.8,223.0,265252800.0,56251
2023-05-11 09:32:00,IF2309,IF2309,3964.2,2.0,2378520.0,0.0,2,3963.8,3964.8,1,3956.8,3968.8,3969.8,3962.8,225.0,267631320.0,56251
2023-05-11 09:32:01,IF2309,IF2309,3964.2,0.0,0.0,0.0,2,3964.4,3965.0,4,3956.8,3968.8,3969.8,3962.8,225.0,267631320.0,56251
2023-05-11 09:32:01,IF2309,IF2309,3964.0,1.0,1189200.0,-1.0,1,3964.0,3965.0,4,3956.8,3968.8,3969.8,3962.8,226.0,268820520.0,56250
2023-05-11 09:32:02,IF2309,IF2309,3964.0,1.0,1189200.0,-1.0,2,3963.8,3964.4,1,3956.8,3968.8,3969.8,3962.8,227.0,270009720.0,56249
2023-05-11 09:32:02,IF2309,IF2309,3964.0,0.0,0.0,0.0,3,3963.2,3964.4,1,3956.8,3968.8,3969.8,3962.8,227.0,270009720.0,56249
2023-05-11 09:32:03,IF2309,IF2309,3964.0,0.0,0.0,0.0,1,3963.6,3964.4,1,3956.8,3968.8,3969.8,3962.8,227.0,270009720.0,56249
2023-05-11 09:32:03,IF2309,IF2309,3963.6,2.0,2378160.0,0.0,2,3963.4,3964.2,2,3956.8,3968.8,3969.8,3962.8,229.0,272387880.0,56249
2023-05-11 09:32:04,IF2309,IF2309,3963.6,3.0,3567120.0,0.0,2,3963.0,3964.0,1,3956.8,3968.8,3969.8,3962.8,232.0,275955000.0,56249
2023-05-11 09:32:04,IF2309,IF2309,3963.6,0.0,0.0,0.0,2,3963.0,3963.8,1,3956.8,3968.8,3969.8,3962.8,232.0,275955000.0,56249
2023-05-11 09:32:05,IF2309,IF2309,3963.6,0.0,0.0,0.0,2,3963.0,3964.0,1,3956.8,3968.8,3969.8,3962.8,232.0,275955000.0,56249
2023-05-11 09:32:05,IF2309,IF2309,3963.6,0.0,0.0,0.0,2,3963.0,3963.4,2,3956.8,3968.8,3969.8,3962.8,232.0,275955000.0,56249
2023-05-11 09:32:07,IF2309,IF2309,3963.4,2.0,2378040.0,-2.0,1,3963.4,3964.0,1,3956.8,3968.8,3969.8,3962.8,234.0,278333040.0,56247
2023-05-11 09:32:08,IF2309,IF2309,3963.4,0.0,0.0,0.0,1,3963.4,3964.4,1,3956.8,3968.8,3969.8,3962.8,234.0,278333040.0,56247
2023-05-11 09:32:09,IF2309,IF2309,3963.4,0.0,0.0,0.0,1,3963.4,3964.6,2,3956.8,3968.8,3969.8,3962.8,234.0,278333040.0,56247
2023-05-11 09:32:09,IF2309,IF2309,3963.4,0.0,0.0,0.0,1,3963.4,3964.4,3,3956.8,3968.8,3969.8,3962.8,234.0,278333040.0,56247
2023-05-11 09:32:10,IF2309,IF2309,3963.4,0.0,0.0,0.0,2,3963.4,3964.4,3,3956.8,3968.8,3969.8,3962.8,234.0,278333040.0,56247
2023-05-11 09:32:11,IF2309,IF2309,3963.4,0.0,0.0,0.0,2,3963.4,3964.2,4,3956.8,3968.8,3969.8,3962.8,234.0,278333040.0,56247
2023-05-11 09:32:11,IF2309,IF2309,3963.4,0.0,0.0,0.0,2,3963.4,3964.0,1,3956.8,3968.8,3969.8,3962.8,234.0,278333040.0,56247
2023-05-11 09:32:12,IF2309,IF2309,3963.4,1.0,1189020.0,0.0,1,3963.4,3964.0,2,3956.8,3968.8,3969.8,3962.8,235.0,279522060.0,56247
2023-05-11 09:32:12,IF2309,IF2309,3963.4,0.0,0.0,0.0,1,3963.4,3964.0,1,3956.8,3968.8,3969.8,3962.8,235.0,279522060.0,56247
2023-05-11 09:32:13,IF2309,IF2309,3963.4,0.0,0.0,0.0,1,3963.4,3963.8,2,3956.8,3968.8,3969.8,3962.8,235.0,279522060.0,56247
2023-05-11 09:32:13,IF2309,IF2309,3963.4,0.0,0.0,0.0,1,3963.4,3964.4,3,3956.8,3968.8,3969.8,3962.8,235.0,279522060.0,56247
2023-05-11 09:32:14,IF2309,IF2309,3963.4,0.0,0.0,0.0,1,3963.8,3964.4,1,3956.8,3968.8,3969.8,3962.8,235.0,279522060.0,56247
2023-05-11 09:32:15,IF2309,IF2309,3963.4,0.0,0.0,0.0,2,3964.0,3964.6,2,3956.8,3968.8,3969.8,3962.8,235.0,279522060.0,56247
2023-05-11 09:32:15,IF2309,IF2309,3963.4,0.0,0.0,0.0,1,3963.8,3965.0,4,3956.8,3968.8,3969.8,3962.8,235.0,279522060.0,56247
2023-05-11 09:32:16,IF2309,IF2309,3963.4,0.0,0.0,0.0,1,3964.0,3964.8,2,3956.8,3968.8,3969.8,3962.8,235.0,279522060.0,56247
2023-05-11 09:32:16,IF2309,IF2309,3963.4,0.0,0.0,0.0,1,3964.0,3965.0,4,3956.8,3968.8,3969.8,3962.8,235.0,279522060.0,56247
2023-05-11 09:32:17,IF2309,IF2309,3965.0,3.0,3568500.0,-3.0,1,3964.0,3965.0,1,3956.8,3968.8,3969.8,3962.8,238.0,283090560.0,56244
2023-05-11 09:32:17,IF2309,IF2309,3965.0,0.0,0.0,0.0,2,3964.0,3965.0,1,3956.8,3968.8,3969.8,3962.8,238.0,283090560.0,56244
2023-05-11 09:32:18,IF2309,IF2309,3965.0,0.0,0.0,0.0,2,3964.2,3965.0,1,3956.8,3968.8,3969.8,3962.8,238.0,283090560.0,56244
2023-05-11 09:32:19,IF2309,IF2309,3965.2,3.0,3568620.0,-1.0,1,3964.4,3965.6,1,3956.8,3968.8,3969.8,3962.8,241.0,286659180.0,56243
2023-05-11 09:32:19,IF2309,IF2309,3965.2,0.0,0.0,0.0,3,3964.6,3965.6,1,3956.8,3968.8,3969.8,3962.8,241.0,286659180.0,56243
2023-05-11 09:32:20,IF2309,IF2309,3965.4,2.0,2379240.0,-2.0,3,3964.6,3965.6,1,3956.8,3968.8,3969.8,3962.8,243.0,289038420.0,56241
2023-05-11 09:32:20,IF2309,IF2309,3964.8,1.0,1189440.0,0.0,1,3964.8,3965.6,1,3956.8,3968.8,3969.8,3962.8,244.0,290227860.0,56241
2023-05-11 09:32:21,IF2309,IF2309,3964.8,0.0,0.0,0.0,1,3964.6,3965.4,6,3956.8,3968.8,3969.8,3962.8,244.0,290227860.0,56241
2023-05-11 09:32:21,IF2309,IF2309,3964.8,0.0,0.0,0.0,2,3964.0,3964.6,1,3956.8,3968.8,3969.8,3962.8,244.0,290227860.0,56241
2023-05-11 09:32:22,IF2309,IF2309,3964.8,0.0,0.0,0.0,1,3964.0,3964.6,1,3956.8,3968.8,3969.8,3962.8,244.0,290227860.0,56241
2023-05-11 09:32:22,IF2309,IF2309,3964.8,0.0,0.0,0.0,1,3964.2,3964.6,1,3956.8,3968.8,3969.8,3962.8,244.0,290227860.0,56241
2023-05-11 09:32:24,IF2309,IF2309,3964.6,1.0,1189380.0,-1.0,1,3964.2,3965.2,3,3956.8,3968.8,3969.8,3962.8,245.0,291417240.0,56240
2023-05-11 09:32:24,IF2309,IF2309,3964.6,0.0,0.0,0.0,2,3964.0,3965.0,3,3956.8,3968.8,3969.8,3962.8,245.0,291417240.0,56240
2023-05-11 09:32:25,IF2309,IF2309,3964.6,0.0,0.0,0.0,1,3964.2,3965.0,3,3956.8,3968.8,3969.8,3962.8,245.0,291417240.0,56240
2023-05-11 09:32:25,IF2309,IF2309,3964.6,0.0,0.0,0.0,1,3964.2,3965.0,2,3956.8,3968.8,3969.8,3962.8,245.0,291417240.0,56240
2023-05-11 09:32:26,IF2309,IF2309,3964.6,0.0,0.0,0.0,1,3964.4,3965.2,1,3956.8,3968.8,3969.8,3962.8,245.0,291417240.0,56240
2023-05-11 09:32:26,IF2309,IF2309,3964.6,0.0,0.0,0.0,1,3965.0,3965.2,1,3956.8,3968.8,3969.8,3962.8,245.0,291417240.0,56240
2023-05-11 09:32:27,IF2309,IF2309,3965.0,1.0,1189500.0,-1.0,1,3964.4,3965.4,4,3956.8,3968.8,3969.8,3962.8,246.0,292606740.0,56239
2023-05-11 09:32:27,IF2309,IF2309,3965.0,0.0,0.0,0.0,2,3964.0,3965.2,2,3956.8,3968.8,3969.8,3962.8,246.0,292606740.0,56239
2023-05-11 09:32:28,IF2309,IF2309,3965.0,0.0,0.0,0.0,1,3964.4,3965.0,1,3956.8,3968.8,3969.8,3962.8,246.0,292606740.0,56239
2023-05-11 09:32:28,IF2309,IF2309,3965.2,1.0,1189560.0,0.0,1,3964.4,3965.4,1,3956.8,3968.8,3969.8,3962.8,247.0,293796300.0,56239
2023-05-11 09:32:29,IF2309,IF2309,3965.2,0.0,0.0,0.0,1,3964.4,3965.2,1,3956.8,3968.8,3969.8,3962.8,247.0,293796300.0,56239
2023-05-11 09:32:29,IF2309,IF2309,3965.2,0.0,0.0,0.0,2,3964.0,3965.2,1,3956.8,3968.8,3969.8,3962.8,247.0,293796300.0,56239
2023-05-11 09:32:30,IF2309,IF2309,3965.2,0.0,0.0,0.0,4,3964.2,3965.2,1,3956.8,3968.8,3969.8,3962.8,247.0,293796300.0,56239
2023-05-11 09:32:30,IF2309,IF2309,3965.2,0.0,0.0,0.0,2,3964.4,3965.0,1,3956.8,3968.8,3969.8,3962.8,247.0,293796300.0,56239
2023-05-11 09:32:31,IF2309,IF2309,3965.2,2.0,2379120.0,-2.0,3,3965.2,3965.4,1,3956.8,3968.8,3969.8,3962.8,249.0,296175420.0,56237
2023-05-11 09:32:32,IF2309,IF2309,3965.2,3.0,3568680.0,-3.0,2,3964.0,3965.2,1,3956.8,3968.8,3969.8,3962.8,252.0,299744100.0,56234
2023-05-11 09:32:32,IF2309,IF2309,3965.2,0.0,0.0,0.0,1,3964.4,3965.2,1,3956.8,3968.8,3969.8,3962.8,252.0,299744100.0,56234
2023-05-11 09:32:33,IF2309,IF2309,3965.2,1.0,1189560.0,0.0,2,3964.4,3965.4,1,3956.8,3968.8,3969.8,3962.8,253.0,300933660.0,56234
2023-05-11 09:32:33,IF2309,IF2309,3965.2,2.0,2379120.0,0.0,3,3965.2,3965.4,1,3956.8,3968.8,3969.8,3962.8,255.0,303312780.0,56234
2023-05-11 09:32:34,IF2309,IF2309,3965.2,3.0,3568680.0,-3.0,3,3964.2,3965.4,1,3956.8,3968.8,3969.8,3962.8,258.0,306881460.0,56231
2023-05-11 09:32:34,IF2309,IF2309,3965.2,0.0,0.0,0.0,3,3964.2,3965.2,3,3956.8,3968.8,3969.8,3962.8,258.0,306881460.0,56231
2023-05-11 09:32:35,IF2309,IF2309,3965.2,0.0,0.0,0.0,1,3964.4,3965.0,2,3956.8,3968.8,3969.8,3962.8,258.0,306881460.0,56231
2023-05-11 09:32:36,IF2309,IF2309,3965.2,0.0,0.0,0.0,1,3964.4,3965.0,1,3956.8,3968.8,3969.8,3962.8,258.0,306881460.0,56231
2023-05-11 09:32:36,IF2309,IF2309,3965.2,0.0,0.0,0.0,1,3964.4,3964.8,1,3956.8,3968.8,3969.8,3962.8,258.0,306881460.0,56231
2023-05-11 09:32:37,IF2309,IF2309,3965.0,2.0,2379000.0,-2.0,3,3965.0,3965.2,1,3956.8,3968.8,3969.8,3962.8,260.0,309260460.0,56229
2023-05-11 09:32:38,IF2309,IF2309,3965.0,0.0,0.0,0.0,3,3965.0,3965.4,1,3956.8,3968.8,3969.8,3962.8,260.0,309260460.0,56229
2023-05-11 09:32:39,IF2309,IF2309,3965.0,0.0,0.0,0.0,3,3965.0,3965.2,1,3956.8,3968.8,3969.8,3962.8,260.0,309260460.0,56229
2023-05-11 09:32:40,IF2309,IF2309,3965.0,3.0,3568500.0,-3.0,1,3964.4,3965.4,1,3956.8,3968.8,3969.8,3962.8,263.0,312828960.0,56226
2023-05-11 09:32:40,IF2309,IF2309,3965.0,0.0,0.0,0.0,1,3964.4,3965.0,1,3956.8,3968.8,3969.8,3962.8,263.0,312828960.0,56226
2023-05-11 09:32:42,IF2309,IF2309,3965.0,0.0,0.0,0.0,1,3964.4,3964.8,1,3956.8,3968.8,3969.8,3962.8,263.0,312828960.0,56226
2023-05-11 09:32:44,IF2309,IF2309,3965.4,5.0,5947620.0,-2.0,1,3964.6,3965.6,1,3956.8,3968.8,3969.8,3962.8,268.0,318776580.0,56224
2023-05-11 09:32:45,IF2309,IF2309,3965.4,0.0,0.0,0.0,3,3964.8,3965.6,1,3956.8,3968.8,3969.8,3962.8,268.0,318776580.0,56224
2023-05-11 09:32:45,IF2309,IF2309,3965.6,1.0,1189680.0,-1.0,2,3965.2,3966.0,4,3956.8,3968.8,3969.8,3962.8,269.0,319966260.0,56223
2023-05-11 09:32:46,IF2309,IF2309,3965.6,0.0,0.0,0.0,1,3965.4,3965.8,2,3956.8,3968.8,3969.8,3962.8,269.0,319966260.0,56223
2023-05-11 09:32:46,IF2309,IF2309,3965.4,1.0,1189620.0,-1.0,1,3965.0,3965.8,2,3956.8,3968.8,3969.8,3962.8,270.0,321155880.0,56222
2023-05-11 09:32:47,IF2309,IF2309,3965.4,0.0,0.0,0.0,1,3964.8,3965.8,2,3956.8,3968.8,3969.8,3962.8,270.0,321155880.0,56222
2023-05-11 09:32:48,IF2309,IF2309,3965.4,0.0,0.0,0.0,1,3964.4,3965.8,2,3956.8,3968.8,3969.8,3962.8,270.0,321155880.0,56222
2023-05-11 09:32:48,IF2309,IF2309,3965.4,0.0,0.0,0.0,2,3964.6,3965.6,1,3956.8,3968.8,3969.8,3962.8,270.0,321155880.0,56222
2023-05-11 09:32:49,IF2309,IF2309,3964.6,1.0,1189380.0,0.0,1,3964.4,3965.4,6,3956.8,3968.8,3969.8,3962.8,271.0,322345260.0,56222
2023-05-11 09:32:49,IF2309,IF2309,3964.4,1.0,1189320.0,0.0,2,3964.0,3965.2,1,3956.8,3968.8,3969.8,3962.8,272.0,323534580.0,56222
2023-05-11 09:32:50,IF2309,IF2309,3964.4,0.0,0.0,0.0,1,3964.2,3965.0,2,3956.8,3968.8,3969.8,3962.8,272.0,323534580.0,56222
2023-05-11 09:32:50,IF2309,IF2309,3965.0,1.0,1189500.0,0.0,1,3964.4,3965.2,1,3956.8,3968.8,3969.8,3962.8,273.0,324724080.0,56222
2023-05-11 09:32:51,IF2309,IF2309,3965.0,0.0,0.0,0.0,1,3964.2,3965.4,4,3956.8,3968.8,3969.8,3962.8,273.0,324724080.0,56222
2023-05-11 09:32:51,IF2309,IF2309,3965.0,0.0,0.0,0.0,1,3964.4,3965.0,1,3956.8,3968.8,3969.8,3962.8,273.0,324724080.0,56222
2023-05-11 09:32:52,IF2309,IF2309,3965.0,0.0,0.0,0.0,1,3964.4,3965.4,4,3956.8,3968.8,3969.8,3962.8,273.0,324724080.0,56222
2023-05-11 09:32:52,IF2309,IF2309,3965.0,0.0,0.0,0.0,1,3964.4,3965.2,1,3956.8,3968.8,3969.8,3962.8,273.0,324724080.0,56222
2023-05-11 09:32:53,IF2309,IF2309,3965.4,1.0,1189620.0,0.0,2,3964.6,3965.4,1,3956.8,3968.8,3969.8,3962.8,274.0,325913700.0,56222
2023-05-11 09:32:54,IF2309,IF2309,3965.4,1.0,1189620.0,-1.0,1,3964.8,3966.0,4,3956.8,3968.8,3969.8,3962.8,275.0,327103320.0,56221
2023-05-11 09:32:55,IF2309,IF2309,3965.4,0.0,0.0,0.0,1,3964.8,3965.8,2,3956.8,3968.8,3969.8,3962.8,275.0,327103320.0,56221
2023-05-11 09:32:55,IF2309,IF2309,3965.4,0.0,0.0,0.0,1,3964.8,3965.6,1,3956.8,3968.8,3969.8,3962.8,275.0,327103320.0,56221
2023-05-11 09:32:56,IF2309,IF2309,3965.4,0.0,0.0,0.0,1,3965.0,3965.6,1,3956.8,3968.8,3969.8,3962.8,275.0,327103320.0,56221
2023-05-11 09:32:56,IF2309,IF2309,3965.4,0.0,0.0,0.0,2,3965.0,3965.6,1,3956.8,3968.8,3969.8,3962.8,275.0,327103320.0,56221
2023-05-11 09:32:57,IF2309,IF2309,3965.4,0.0,0.0,0.0,1,3964.8,3965.4,2,3956.8,3968.8,3969.8,3962.8,275.0,327103320.0,56221
2023-05-11 09:32:57,IF2309,IF2309,3965.4,1.0,1189620.0,0.0,1,3964.4,3965.4,4,3956.8,3968.8,3969.8,3962.8,276.0,328292940.0,56221
2023-05-11 09:32:58,IF2309,IF2309,3965.4,1.0,1189620.0,1.0,1,3965.0,3965.4,3,3956.8,3968.8,3969.8,3962.8,277.0,329482560.0,56222
2023-05-11 09:32:58,IF2309,IF2309,3965.0,1.0,1189500.0,0.0,1,3964.2,3964.8,1,3956.8,3968.8,3969.8,3962.8,278.0,330672060.0,56222
2023-05-11 09:32:59,IF2309,IF2309,3965.0,1.0,1189500.0,0.0,1,3964.2,3965.2,2,3956.8,3968.8,3969.8,3962.8,279.0,331861560.0,56222
2023-05-11 09:32:59,IF2309,IF2309,3965.0,0.0,0.0,0.0,4,3964.4,3965.2,2,3956.8,3968.8,3969.8,3962.8,279.0,331861560.0,56222
2023-05-11 09:33:00,IF2309,IF2309,3965.2,2.0,2379120.0,-2.0,4,3964.4,3965.6,1,3956.8,3968.8,3969.8,3962.8,281.0,334240680.0,56220
2023-05-11 09:33:00,IF2309,IF2309,3965.2,0.0,0.0,0.0,3,3964.8,3965.6,1,3956.8,3968.8,3969.8,3962.8,281.0,334240680.0,56220
2023-05-11 09:33:01,IF2309,IF2309,3965.2,0.0,0.0,0.0,2,3965.0,3965.6,1,3956.8,3968.8,3969.8,3962.8,281.0,334240680.0,56220
2023-05-11 09:33:01,IF2309,IF2309,3965.0,1.0,1189500.0,-1.0,1,3964.8,3965.6,1,3956.8,3968.8,3969.8,3962.8,282.0,335430180.0,56219
2023-05-11 09:33:03,IF2309,IF2309,3964.8,1.0,1189440.0,1.0,1,3964.6,3965.4,1,3956.8,3968.8,3969.8,3962.8,283.0,336619620.0,56220
2023-05-11 09:33:03,IF2309,IF2309,3964.8,0.0,0.0,0.0,1,3964.2,3965.2,1,3956.8,3968.8,3969.8,3962.8,283.0,336619620.0,56220
2023-05-11 09:33:04,IF2309,IF2309,3964.2,1.0,1189260.0,-1.0,2,3964.0,3965.0,4,3956.8,3968.8,3969.8,3962.8,284.0,337808880.0,56219
2023-05-11 09:33:04,IF2309,IF2309,3964.0,1.0,1189200.0,-1.0,1,3964.0,3965.0,5,3956.8,3968.8,3969.8,3962.8,285.0,338998080.0,56218
2023-05-11 09:33:05,IF2309,IF2309,3964.0,1.0,1189200.0,1.0,1,3963.8,3964.8,1,3956.8,3968.8,3969.8,3962.8,286.0,340187280.0,56219
2023-05-11 09:33:05,IF2309,IF2309,3964.6,1.0,1189380.0,0.0,1,3963.8,3964.8,1,3956.8,3968.8,3969.8,3962.8,287.0,341376660.0,56219
2023-05-11 09:33:07,IF2309,IF2309,3964.6,0.0,0.0,0.0,2,3964.0,3964.8,1,3956.8,3968.8,3969.8,3962.8,287.0,341376660.0,56219
2023-05-11 09:33:07,IF2309,IF2309,3964.6,0.0,0.0,0.0,1,3963.8,3965.0,4,3956.8,3968.8,3969.8,3962.8,287.0,341376660.0,56219
2023-05-11 09:33:08,IF2309,IF2309,3964.6,0.0,0.0,0.0,1,3964.0,3965.0,2,3956.8,3968.8,3969.8,3962.8,287.0,341376660.0,56219
2023-05-11 09:33:08,IF2309,IF2309,3964.6,0.0,0.0,0.0,1,3963.8,3965.0,2,3956.8,3968.8,3969.8,3962.8,287.0,341376660.0,56219
2023-05-11 09:33:09,IF2309,IF2309,3964.6,1.0,1189380.0,0.0,1,3963.8,3964.8,1,3956.8,3968.8,3969.8,3962.8,288.0,342566040.0,56219
2023-05-11 09:33:09,IF2309,IF2309,3964.8,1.0,1189440.0,1.0,1,3963.8,3964.8,1,3956.8,3968.8,3969.8,3962.8,289.0,343755480.0,56220
2023-05-11 09:33:10,IF2309,IF2309,3964.8,0.0,0.0,0.0,1,3963.8,3964.6,2,3956.8,3968.8,3969.8,3962.8,289.0,343755480.0,56220
2023-05-11 09:33:10,IF2309,IF2309,3964.8,0.0,0.0,0.0,1,3963.8,3964.4,1,3956.8,3968.8,3969.8,3962.8,289.0,343755480.0,56220
2023-05-11 09:33:11,IF2309,IF2309,3963.8,1.0,1189140.0,0.0,1,3963.4,3964.4,1,3956.8,3968.8,3969.8,3962.8,290.0,344944620.0,56220
2023-05-11 09:33:12,IF2309,IF2309,3963.8,0.0,0.0,0.0,1,3963.4,3964.4,2,3956.8,3968.8,3969.8,3962.8,290.0,344944620.0,56220
2023-05-11 09:33:12,IF2309,IF2309,3964.2,1.0,1189260.0,1.0,1,3963.4,3964.2,1,3956.8,3968.8,3969.8,3962.8,291.0,346133880.0,56221
2023-05-11 09:33:13,IF2309,IF2309,3964.2,0.0,0.0,0.0,1,3963.4,3964.2,2,3956.8,3968.8,3969.8,3962.8,291.0,346133880.0,56221
2023-05-11 09:33:13,IF2309,IF2309,3963.4,1.0,1189020.0,0.0,3,3963.0,3964.2,2,3956.8,3968.8,3969.8,3962.8,292.0,347322900.0,56221
2023-05-11 09:33:14,IF2309,IF2309,3963.4,0.0,0.0,0.0,1,3963.2,3963.4,5,3956.8,3968.8,3969.8,3962.8,292.0,347322900.0,56221
2023-05-11 09:33:14,IF2309,IF2309,3963.4,5.0,5945100.0,-1.0,3,3963.2,3964.2,1,3956.8,3968.8,3969.8,3962.8,297.0,353268000.0,56220
2023-05-11 09:33:15,IF2309,IF2309,3963.4,0.0,0.0,0.0,1,3963.4,3964.4,3,3956.8,3968.8,3969.8,3962.8,297.0,353268000.0,56220
2023-05-11 09:33:16,IF2309,IF2309,3963.4,0.0,0.0,0.0,1,3963.4,3964.0,1,3956.8,3968.8,3969.8,3962.8,297.0,353268000.0,56220
2023-05-11 09:33:16,IF2309,IF2309,3964.0,1.0,1189200.0,-1.0,1,3963.4,3964.4,2,3956.8,3968.8,3969.8,3962.8,298.0,354457200.0,56219
2023-05-11 09:33:17,IF2309,IF2309,3964.0,0.0,0.0,0.0,1,3963.6,3964.6,1,3956.8,3968.8,3969.8,3962.8,298.0,354457200.0,56219
2023-05-11 09:33:18,IF2309,IF2309,3964.0,0.0,0.0,0.0,1,3963.6,3964.4,1,3956.8,3968.8,3969.8,3962.8,298.0,354457200.0,56219
2023-05-11 09:33:19,IF2309,IF2309,3964.0,0.0,0.0,0.0,1,3963.6,3964.8,3,3956.8,3968.8,3969.8,3962.8,298.0,354457200.0,56219
2023-05-11 09:33:20,IF2309,IF2309,3963.6,3.0,3567360.0,-1.0,1,3963.4,3963.6,2,3956.8,3968.8,3969.8,3962.8,301.0,358024560.0,56218
2023-05-11 09:33:20,IF2309,IF2309,3963.6,2.0,2378160.0,-2.0,1,3963.8,3964.2,1,3956.8,3968.8,3969.8,3962.8,303.0,360402720.0,56216
2023-05-11 09:33:21,IF2309,IF2309,3964.2,1.0,1189260.0,0.0,1,3963.8,3964.8,1,3956.8,3968.8,3969.8,3962.8,304.0,361591980.0,56216
2023-05-11 09:33:22,IF2309,IF2309,3964.2,0.0,0.0,0.0,1,3964.0,3964.6,2,3956.8,3968.8,3969.8,3962.8,304.0,361591980.0,56216
2023-05-11 09:33:22,IF2309,IF2309,3964.2,0.0,0.0,0.0,1,3964.0,3964.6,1,3956.8,3968.8,3969.8,3962.8,304.0,361591980.0,56216
2023-05-11 09:33:23,IF2309,IF2309,3964.2,0.0,0.0,0.0,1,3964.0,3964.4,1,3956.8,3968.8,3969.8,3962.8,304.0,361591980.0,56216
2023-05-11 09:33:23,IF2309,IF2309,3964.2,0.0,0.0,0.0,1,3964.0,3964.6,1,3956.8,3968.8,3969.8,3962.8,304.0,361591980.0,56216
2023-05-11 09:33:24,IF2309,IF2309,3964.6,1.0,1189380.0,-1.0,1,3964.0,3964.8,1,3956.8,3968.8,3969.8,3962.8,305.0,362781360.0,56215
2023-05-11 09:33:25,IF2309,IF2309,3964.0,1.0,1189200.0,0.0,1,3963.4,3964.6,1,3956.8,3968.8,3969.8,3962.8,306.0,363970560.0,56215
2023-05-11 09:33:26,IF2309,IF2309,3964.0,0.0,0.0,0.0,3,3963.6,3964.6,1,3956.8,3968.8,3969.8,3962.8,306.0,363970560.0,56215
2023-05-11 09:33:29,IF2309,IF2309,3964.0,0.0,0.0,0.0,1,3963.6,3964.4,1,3956.8,3968.8,3969.8,3962.8,306.0,363970560.0,56215
2023-05-11 09:33:29,IF2309,IF2309,3964.0,0.0,0.0,0.0,2,3963.2,3964.4,1,3956.8,3968.8,3969.8,3962.8,306.0,363970560.0,56215
2023-05-11 09:33:30,IF2309,IF2309,3963.8,1.0,1189140.0,-1.0,3,3963.0,3964.2,1,3956.8,3968.8,3969.8,3962.8,307.0,365159700.0,56214
2023-05-11 09:33:30,IF2309,IF2309,3963.0,3.0,3566700.0,-1.0,1,3962.4,3963.4,1,3956.8,3968.8,3969.8,3962.8,310.0,368726400.0,56213
2023-05-11 09:33:31,IF2309,IF2309,3962.6,2.0,2377620.0,0.0,1,3961.8,3963.2,2,3956.8,3968.8,3969.8,3962.6,312.0,371104020.0,56213
2023-05-11 09:33:31,IF2309,IF2309,3962.6,0.0,0.0,0.0,2,3962.2,3963.0,3,3956.8,3968.8,3969.8,3962.6,312.0,371104020.0,56213
2023-05-11 09:33:32,IF2309,IF2309,3962.6,0.0,0.0,0.0,2,3962.2,3963.2,2,3956.8,3968.8,3969.8,3962.6,312.0,371104020.0,56213
2023-05-11 09:33:32,IF2309,IF2309,3962.2,1.0,1188660.0,-1.0,1,3962.2,3963.2,1,3956.8,3968.8,3969.8,3962.2,313.0,372292680.0,56212
2023-05-11 09:33:34,IF2309,IF2309,3962.2,0.0,0.0,0.0,1,3962.2,3963.0,1,3956.8,3968.8,3969.8,3962.2,313.0,372292680.0,56212
2023-05-11 09:33:34,IF2309,IF2309,3962.2,1.0,1188660.0,-1.0,4,3962.0,3962.2,2,3956.8,3968.8,3969.8,3962.2,314.0,373481340.0,56211
2023-05-11 09:33:35,IF2309,IF2309,3962.2,4.0,4754640.0,-1.0,3,3962.2,3963.2,1,3956.8,3968.8,3969.8,3962.2,318.0,378235980.0,56210
2023-05-11 09:33:35,IF2309,IF2309,3962.2,0.0,0.0,0.0,3,3962.2,3963.2,2,3956.8,3968.8,3969.8,3962.2,318.0,378235980.0,56210
2023-05-11 09:33:36,IF2309,IF2309,3962.2,0.0,0.0,0.0,2,3962.4,3963.2,1,3956.8,3968.8,3969.8,3962.2,318.0,378235980.0,56210
2023-05-11 09:33:37,IF2309,IF2309,3962.2,0.0,0.0,0.0,1,3962.6,3963.2,1,3956.8,3968.8,3969.8,3962.2,318.0,378235980.0,56210
2023-05-11 09:33:38,IF2309,IF2309,3962.2,0.0,0.0,0.0,2,3962.4,3963.2,1,3956.8,3968.8,3969.8,3962.2,318.0,378235980.0,56210
2023-05-11 09:33:38,IF2309,IF2309,3962.6,1.0,1188780.0,-1.0,3,3962.2,3962.6,4,3956.8,3968.8,3969.8,3962.2,319.0,379424760.0,56209
2023-05-11 09:33:39,IF2309,IF2309,3962.6,0.0,0.0,0.0,1,3962.2,3962.6,4,3956.8,3968.8,3969.8,3962.2,319.0,379424760.0,56209
2023-05-11 09:33:40,IF2309,IF2309,3962.6,0.0,0.0,0.0,4,3962.0,3962.6,4,3956.8,3968.8,3969.8,3962.2,319.0,379424760.0,56209
2023-05-11 09:33:40,IF2309,IF2309,3962.6,0.0,0.0,0.0,3,3962.0,3962.6,4,3956.8,3968.8,3969.8,3962.2,319.0,379424760.0,56209
2023-05-11 09:33:41,IF2309,IF2309,3962.6,0.0,0.0,0.0,1,3961.6,3962.6,4,3956.8,3968.8,3969.8,3962.2,319.0,379424760.0,56209
2023-05-11 09:33:41,IF2309,IF2309,3962.6,0.0,0.0,0.0,6,3961.8,3962.6,4,3956.8,3968.8,3969.8,3962.2,319.0,379424760.0,56209
2023-05-11 09:33:42,IF2309,IF2309,3962.6,0.0,0.0,0.0,2,3962.0,3962.6,5,3956.8,3968.8,3969.8,3962.2,319.0,379424760.0,56209
2023-05-11 09:33:43,IF2309,IF2309,3962.6,0.0,0.0,0.0,6,3961.8,3962.6,5,3956.8,3968.8,3969.8,3962.2,319.0,379424760.0,56209
2023-05-11 09:33:43,IF2309,IF2309,3962.6,0.0,0.0,0.0,6,3962.0,3962.6,5,3956.8,3968.8,3969.8,3962.2,319.0,379424760.0,56209
2023-05-11 09:33:44,IF2309,IF2309,3962.0,6.0,7132500.0,-4.0,5,3962.0,3963.2,1,3956.8,3968.8,3969.8,3962.0,325.0,386557260.0,56205
2023-05-11 09:33:44,IF2309,IF2309,3963.2,1.0,1188960.0,-1.0,2,3962.6,3964.0,3,3956.8,3968.8,3969.8,3962.0,326.0,387746220.0,56204
2023-05-11 09:33:45,IF2309,IF2309,3964.4,2.0,2378520.0,-2.0,1,3963.2,3964.6,1,3956.8,3968.8,3969.8,3962.0,328.0,390124740.0,56202
2023-05-11 09:33:45,IF2309,IF2309,3964.6,1.0,1189380.0,-1.0,1,3963.6,3964.8,2,3956.8,3968.8,3969.8,3962.0,329.0,391314120.0,56201
2023-05-11 09:33:46,IF2309,IF2309,3964.6,0.0,0.0,0.0,3,3964.0,3964.8,2,3956.8,3968.8,3969.8,3962.0,329.0,391314120.0,56201
2023-05-11 09:33:46,IF2309,IF2309,3964.6,0.0,0.0,0.0,2,3964.2,3964.8,2,3956.8,3968.8,3969.8,3962.0,329.0,391314120.0,56201
2023-05-11 09:33:47,IF2309,IF2309,3964.6,0.0,0.0,0.0,1,3964.2,3964.6,2,3956.8,3968.8,3969.8,3962.0,329.0,391314120.0,56201
2023-05-11 09:33:47,IF2309,IF2309,3964.6,0.0,0.0,0.0,3,3964.0,3964.6,2,3956.8,3968.8,3969.8,3962.0,329.0,391314120.0,56201
2023-05-11 09:33:48,IF2309,IF2309,3964.6,0.0,0.0,0.0,1,3964.0,3964.2,1,3956.8,3968.8,3969.8,3962.0,329.0,391314120.0,56201
2023-05-11 09:33:48,IF2309,IF2309,3964.2,1.0,1189260.0,-1.0,1,3964.0,3964.8,3,3956.8,3968.8,3969.8,3962.0,330.0,392503380.0,56200
2023-05-11 09:33:49,IF2309,IF2309,3964.2,0.0,0.0,0.0,1,3964.0,3964.6,1,3956.8,3968.8,3969.8,3962.0,330.0,392503380.0,56200
2023-05-11 09:33:49,IF2309,IF2309,3964.2,0.0,0.0,0.0,1,3964.0,3964.6,3,3956.8,3968.8,3969.8,3962.0,330.0,392503380.0,56200
2023-05-11 09:33:50,IF2309,IF2309,3964.0,1.0,1189200.0,0.0,1,3963.8,3964.6,3,3956.8,3968.8,3969.8,3962.0,331.0,393692580.0,56200
2023-05-11 09:33:51,IF2309,IF2309,3964.0,0.0,0.0,0.0,1,3964.0,3964.8,3,3956.8,3968.8,3969.8,3962.0,331.0,393692580.0,56200
2023-05-11 09:33:52,IF2309,IF2309,3964.0,0.0,0.0,0.0,2,3964.0,3964.8,3,3956.8,3968.8,3969.8,3962.0,331.0,393692580.0,56200
2023-05-11 09:33:52,IF2309,IF2309,3964.0,0.0,0.0,0.0,3,3964.0,3964.8,3,3956.8,3968.8,3969.8,3962.0,331.0,393692580.0,56200
2023-05-11 09:33:53,IF2309,IF2309,3964.0,0.0,0.0,0.0,2,3964.0,3964.8,3,3956.8,3968.8,3969.8,3962.0,331.0,393692580.0,56200
2023-05-11 09:33:53,IF2309,IF2309,3964.0,1.0,1189200.0,-1.0,1,3964.0,3964.8,3,3956.8,3968.8,3969.8,3962.0,332.0,394881780.0,56199
2023-05-11 09:33:54,IF2309,IF2309,3964.0,0.0,0.0,0.0,1,3964.2,3964.8,3,3956.8,3968.8,3969.8,3962.0,332.0,394881780.0,56199
2023-05-11 09:33:55,IF2309,IF2309,3964.8,3.0,3568320.0,-3.0,2,3964.0,3965.8,1,3956.8,3968.8,3969.8,3962.0,335.0,398450100.0,56196
2023-05-11 09:33:55,IF2309,IF2309,3964.8,0.0,0.0,0.0,2,3964.4,3965.6,6,3956.8,3968.8,3969.8,3962.0,335.0,398450100.0,56196
2023-05-11 09:33:56,IF2309,IF2309,3964.8,0.0,0.0,0.0,2,3964.4,3965.4,3,3956.8,3968.8,3969.8,3962.0,335.0,398450100.0,56196
2023-05-11 09:33:56,IF2309,IF2309,3964.8,0.0,0.0,0.0,1,3964.6,3965.0,1,3956.8,3968.8,3969.8,3962.0,335.0,398450100.0,56196
2023-05-11 09:33:57,IF2309,IF2309,3964.8,0.0,0.0,0.0,2,3964.2,3965.0,1,3956.8,3968.8,3969.8,3962.0,335.0,398450100.0,56196
2023-05-11 09:33:58,IF2309,IF2309,3964.8,0.0,0.0,0.0,2,3963.4,3964.6,1,3956.8,3968.8,3969.8,3962.0,335.0,398450100.0,56196
2023-05-11 09:33:58,IF2309,IF2309,3964.8,0.0,0.0,0.0,3,3963.6,3964.6,1,3956.8,3968.8,3969.8,3962.0,335.0,398450100.0,56196
2023-05-11 09:33:59,IF2309,IF2309,3964.8,0.0,0.0,0.0,3,3963.6,3964.4,1,3956.8,3968.8,3969.8,3962.0,335.0,398450100.0,56196
2023-05-11 09:33:59,IF2309,IF2309,3964.8,0.0,0.0,0.0,1,3963.8,3964.4,1,3956.8,3968.8,3969.8,3962.0,335.0,398450100.0,56196
2023-05-11 09:34:00,IF2309,IF2309,3964.8,0.0,0.0,0.0,1,3964.0,3965.0,2,3956.8,3968.8,3969.8,3962.0,335.0,398450100.0,56196
2023-05-11 09:34:00,IF2309,IF2309,3964.8,0.0,0.0,0.0,1,3964.0,3964.8,2,3956.8,3968.8,3969.8,3962.0,335.0,398450100.0,56196
2023-05-11 09:34:01,IF2309,IF2309,3964.8,0.0,0.0,0.0,1,3964.0,3965.0,2,3956.8,3968.8,3969.8,3962.0,335.0,398450100.0,56196
2023-05-11 09:34:01,IF2309,IF2309,3964.8,0.0,0.0,0.0,1,3964.2,3965.0,2,3956.8,3968.8,3969.8,3962.0,335.0,398450100.0,56196
2023-05-11 09:34:02,IF2309,IF2309,3964.8,0.0,0.0,0.0,1,3963.8,3964.8,2,3956.8,3968.8,3969.8,3962.0,335.0,398450100.0,56196
2023-05-11 09:34:02,IF2309,IF2309,3964.8,0.0,0.0,0.0,3,3963.6,3964.8,3,3956.8,3968.8,3969.8,3962.0,335.0,398450100.0,56196
2023-05-11 09:34:03,IF2309,IF2309,3964.8,0.0,0.0,0.0,1,3964.0,3964.6,1,3956.8,3968.8,3969.8,3962.0,335.0,398450100.0,56196
2023-05-11 09:34:03,IF2309,IF2309,3964.8,0.0,0.0,0.0,1,3964.2,3964.8,3,3956.8,3968.8,3969.8,3962.0,335.0,398450100.0,56196
2023-05-11 09:34:04,IF2309,IF2309,3964.8,0.0,0.0,0.0,1,3964.2,3964.8,1,3956.8,3968.8,3969.8,3962.0,335.0,398450100.0,56196
2023-05-11 09:34:04,IF2309,IF2309,3964.8,0.0,0.0,0.0,2,3964.4,3964.8,1,3956.8,3968.8,3969.8,3962.0,335.0,398450100.0,56196
2023-05-11 09:34:05,IF2309,IF2309,3964.8,0.0,0.0,0.0,1,3964.4,3964.8,2,3956.8,3968.8,3969.8,3962.0,335.0,398450100.0,56196
2023-05-11 09:34:05,IF2309,IF2309,3964.8,0.0,0.0,0.0,1,3964.2,3964.8,4,3956.8,3968.8,3969.8,3962.0,335.0,398450100.0,56196
2023-05-11 09:34:06,IF2309,IF2309,3964.8,0.0,0.0,0.0,1,3964.0,3964.8,4,3956.8,3968.8,3969.8,3962.0,335.0,398450100.0,56196
2023-05-11 09:34:07,IF2309,IF2309,3964.8,0.0,0.0,0.0,1,3964.0,3964.6,1,3956.8,3968.8,3969.8,3962.0,335.0,398450100.0,56196
2023-05-11 09:34:07,IF2309,IF2309,3964.0,1.0,1189200.0,0.0,1,3963.6,3964.6,1,3956.8,3968.8,3969.8,3962.0,336.0,399639300.0,56196
2023-05-11 09:34:08,IF2309,IF2309,3964.0,0.0,0.0,0.0,1,3963.6,3964.4,4,3956.8,3968.8,3969.8,3962.0,336.0,399639300.0,56196
2023-05-11 09:34:08,IF2309,IF2309,3963.2,1.0,1188960.0,0.0,3,3962.8,3964.4,4,3956.8,3968.8,3969.8,3962.0,337.0,400828260.0,56196
2023-05-11 09:34:09,IF2309,IF2309,3963.2,0.0,0.0,0.0,3,3963.0,3964.2,2,3956.8,3968.8,3969.8,3962.0,337.0,400828260.0,56196
2023-05-11 09:34:09,IF2309,IF2309,3963.2,0.0,0.0,0.0,1,3963.0,3964.0,2,3956.8,3968.8,3969.8,3962.0,337.0,400828260.0,56196
2023-05-11 09:34:10,IF2309,IF2309,3963.2,0.0,0.0,0.0,1,3963.0,3963.8,1,3956.8,3968.8,3969.8,3962.0,337.0,400828260.0,56196
2023-05-11 09:34:10,IF2309,IF2309,3963.2,0.0,0.0,0.0,3,3962.8,3963.8,1,3956.8,3968.8,3969.8,3962.0,337.0,400828260.0,56196
2023-05-11 09:34:11,IF2309,IF2309,3963.2,0.0,0.0,0.0,2,3963.0,3963.8,1,3956.8,3968.8,3969.8,3962.0,337.0,400828260.0,56196
2023-05-11 09:34:11,IF2309,IF2309,3963.2,0.0,0.0,0.0,1,3963.2,3963.8,1,3956.8,3968.8,3969.8,3962.0,337.0,400828260.0,56196
2023-05-11 09:34:12,IF2309,IF2309,3963.2,0.0,0.0,0.0,3,3963.4,3963.8,1,3956.8,3968.8,3969.8,3962.0,337.0,400828260.0,56196
2023-05-11 09:34:12,IF2309,IF2309,3963.8,1.0,1189140.0,-1.0,2,3963.4,3964.2,1,3956.8,3968.8,3969.8,3962.0,338.0,402017400.0,56195
2023-05-11 09:34:13,IF2309,IF2309,3963.8,0.0,0.0,0.0,2,3963.4,3964.4,1,3956.8,3968.8,3969.8,3962.0,338.0,402017400.0,56195
2023-05-11 09:34:13,IF2309,IF2309,3963.4,1.0,1189020.0,-1.0,1,3963.4,3964.4,1,3956.8,3968.8,3969.8,3962.0,339.0,403206420.0,56194
2023-05-11 09:34:16,IF2309,IF2309,3963.4,0.0,0.0,0.0,2,3963.2,3964.4,1,3956.8,3968.8,3969.8,3962.0,339.0,403206420.0,56194
2023-05-11 09:34:17,IF2309,IF2309,3963.4,0.0,0.0,0.0,2,3963.2,3964.2,1,3956.8,3968.8,3969.8,3962.0,339.0,403206420.0,56194
2023-05-11 09:34:17,IF2309,IF2309,3963.4,0.0,0.0,0.0,1,3963.2,3964.2,1,3956.8,3968.8,3969.8,3962.0,339.0,403206420.0,56194
2023-05-11 09:34:18,IF2309,IF2309,3963.4,0.0,0.0,0.0,1,3963.2,3964.0,1,3956.8,3968.8,3969.8,3962.0,339.0,403206420.0,56194
2023-05-11 09:34:18,IF2309,IF2309,3963.4,0.0,0.0,0.0,1,3963.4,3964.0,1,3956.8,3968.8,3969.8,3962.0,339.0,403206420.0,56194
2023-05-11 09:34:19,IF2309,IF2309,3963.4,1.0,1189020.0,-1.0,1,3963.2,3964.0,1,3956.8,3968.8,3969.8,3962.0,340.0,404395440.0,56193
2023-05-11 09:34:20,IF2309,IF2309,3963.4,1.0,1189020.0,0.0,1,3963.2,3964.0,1,3956.8,3968.8,3969.8,3962.0,341.0,405584460.0,56193
2023-05-11 09:34:20,IF2309,IF2309,3964.0,1.0,1189200.0,-1.0,2,3964.0,3964.6,1,3956.8,3968.8,3969.8,3962.0,342.0,406773660.0,56192
2023-05-11 09:34:21,IF2309,IF2309,3964.6,1.0,1189380.0,-1.0,1,3964.2,3964.8,2,3956.8,3968.8,3969.8,3962.0,343.0,407963040.0,56191
2023-05-11 09:34:21,IF2309,IF2309,3964.6,0.0,0.0,0.0,2,3964.4,3964.8,2,3956.8,3968.8,3969.8,3962.0,343.0,407963040.0,56191
2023-05-11 09:34:22,IF2309,IF2309,3964.8,2.0,2378880.0,-2.0,1,3964.6,3965.0,2,3956.8,3968.8,3969.8,3962.0,345.0,410341920.0,56189
2023-05-11 09:34:22,IF2309,IF2309,3964.6,1.0,1189380.0,-1.0,1,3964.2,3964.8,1,3956.8,3968.8,3969.8,3962.0,346.0,411531300.0,56188
2023-05-11 09:34:23,IF2309,IF2309,3964.6,0.0,0.0,0.0,1,3963.6,3964.6,1,3956.8,3968.8,3969.8,3962.0,346.0,411531300.0,56188
2023-05-11 09:34:24,IF2309,IF2309,3964.6,0.0,0.0,0.0,1,3963.8,3964.6,1,3956.8,3968.8,3969.8,3962.0,346.0,411531300.0,56188
2023-05-11 09:34:25,IF2309,IF2309,3964.6,0.0,0.0,0.0,2,3963.4,3964.4,2,3956.8,3968.8,3969.8,3962.0,346.0,411531300.0,56188
2023-05-11 09:34:25,IF2309,IF2309,3964.6,0.0,0.0,0.0,1,3963.2,3964.4,3,3956.8,3968.8,3969.8,3962.0,346.0,411531300.0,56188
2023-05-11 09:34:26,IF2309,IF2309,3964.6,0.0,0.0,0.0,2,3963.2,3964.2,1,3956.8,3968.8,3969.8,3962.0,346.0,411531300.0,56188
2023-05-11 09:34:27,IF2309,IF2309,3964.6,0.0,0.0,0.0,2,3963.2,3964.0,2,3956.8,3968.8,3969.8,3962.0,346.0,411531300.0,56188
2023-05-11 09:34:28,IF2309,IF2309,3964.6,0.0,0.0,0.0,2,3963.2,3963.8,1,3956.8,3968.8,3969.8,3962.0,346.0,411531300.0,56188
2023-05-11 09:34:28,IF2309,IF2309,3964.6,0.0,0.0,0.0,2,3963.2,3964.2,1,3956.8,3968.8,3969.8,3962.0,346.0,411531300.0,56188
2023-05-11 09:34:29,IF2309,IF2309,3964.6,0.0,0.0,0.0,2,3963.2,3964.0,3,3956.8,3968.8,3969.8,3962.0,346.0,411531300.0,56188
2023-05-11 09:34:29,IF2309,IF2309,3964.6,0.0,0.0,0.0,2,3963.2,3964.0,2,3956.8,3968.8,3969.8,3962.0,346.0,411531300.0,56188
2023-05-11 09:34:30,IF2309,IF2309,3964.6,0.0,0.0,0.0,2,3963.2,3964.0,1,3956.8,3968.8,3969.8,3962.0,346.0,411531300.0,56188
2023-05-11 09:34:31,IF2309,IF2309,3964.6,0.0,0.0,0.0,2,3963.2,3963.8,1,3956.8,3968.8,3969.8,3962.0,346.0,411531300.0,56188
2023-05-11 09:34:31,IF2309,IF2309,3964.6,0.0,0.0,0.0,2,3963.2,3964.0,1,3956.8,3968.8,3969.8,3962.0,346.0,411531300.0,56188
2023-05-11 09:34:33,IF2309,IF2309,3962.6,4.0,4755540.0,-2.0,1,3962.2,3963.4,1,3956.8,3968.8,3969.8,3962.0,350.0,416286840.0,56186
2023-05-11 09:34:33,IF2309,IF2309,3962.6,0.0,0.0,0.0,1,3962.4,3963.0,2,3956.8,3968.8,3969.8,3962.0,350.0,416286840.0,56186
2023-05-11 09:34:34,IF2309,IF2309,3962.6,0.0,0.0,0.0,1,3962.0,3962.8,4,3956.8,3968.8,3969.8,3962.0,350.0,416286840.0,56186
2023-05-11 09:34:36,IF2309,IF2309,3962.8,3.0,3566520.0,0.0,1,3962.0,3962.8,1,3956.8,3968.8,3969.8,3962.0,353.0,419853360.0,56186
2023-05-11 09:34:37,IF2309,IF2309,3962.8,0.0,0.0,0.0,1,3962.0,3962.6,1,3956.8,3968.8,3969.8,3962.0,353.0,419853360.0,56186
2023-05-11 09:34:37,IF2309,IF2309,3962.8,0.0,0.0,0.0,1,3962.0,3962.6,3,3956.8,3968.8,3969.8,3962.0,353.0,419853360.0,56186
2023-05-11 09:34:38,IF2309,IF2309,3961.6,2.0,2377080.0,-1.0,1,3961.2,3962.4,1,3956.8,3968.8,3969.8,3961.6,355.0,422230440.0,56185
2023-05-11 09:34:38,IF2309,IF2309,3961.6,0.0,0.0,0.0,1,3961.2,3962.0,2,3956.8,3968.8,3969.8,3961.6,355.0,422230440.0,56185
2023-05-11 09:34:39,IF2309,IF2309,3961.6,0.0,0.0,0.0,1,3960.6,3961.8,3,3956.8,3968.8,3969.8,3961.6,355.0,422230440.0,56185
2023-05-11 09:34:39,IF2309,IF2309,3961.6,0.0,0.0,0.0,6,3960.8,3961.8,3,3956.8,3968.8,3969.8,3961.6,355.0,422230440.0,56185
2023-05-11 09:34:40,IF2309,IF2309,3961.6,0.0,0.0,0.0,5,3960.8,3961.6,1,3956.8,3968.8,3969.8,3961.6,355.0,422230440.0,56185
2023-05-11 09:34:40,IF2309,IF2309,3961.6,0.0,0.0,0.0,1,3961.0,3961.8,3,3956.8,3968.8,3969.8,3961.6,355.0,422230440.0,56185
2023-05-11 09:34:41,IF2309,IF2309,3961.6,0.0,0.0,0.0,1,3961.0,3962.0,2,3956.8,3968.8,3969.8,3961.6,355.0,422230440.0,56185
2023-05-11 09:34:41,IF2309,IF2309,3961.6,0.0,0.0,0.0,2,3961.2,3962.2,3,3956.8,3968.8,3969.8,3961.6,355.0,422230440.0,56185
2023-05-11 09:34:42,IF2309,IF2309,3961.6,0.0,0.0,0.0,1,3961.0,3962.2,3,3956.8,3968.8,3969.8,3961.6,355.0,422230440.0,56185
2023-05-11 09:34:42,IF2309,IF2309,3961.6,0.0,0.0,0.0,1,3961.0,3962.0,1,3956.8,3968.8,3969.8,3961.6,355.0,422230440.0,56185
2023-05-11 09:34:43,IF2309,IF2309,3961.6,0.0,0.0,0.0,1,3961.0,3961.8,2,3956.8,3968.8,3969.8,3961.6,355.0,422230440.0,56185
2023-05-11 09:34:44,IF2309,IF2309,3961.6,0.0,0.0,0.0,1,3961.0,3962.0,1,3956.8,3968.8,3969.8,3961.6,355.0,422230440.0,56185
2023-05-11 09:34:45,IF2309,IF2309,3961.6,0.0,0.0,0.0,1,3961.2,3962.0,1,3956.8,3968.8,3969.8,3961.6,355.0,422230440.0,56185
2023-05-11 09:34:45,IF2309,IF2309,3961.6,0.0,0.0,0.0,1,3961.2,3962.2,3,3956.8,3968.8,3969.8,3961.6,355.0,422230440.0,56185
2023-05-11 09:34:46,IF2309,IF2309,3961.6,0.0,0.0,0.0,1,3961.4,3962.2,3,3956.8,3968.8,3969.8,3961.6,355.0,422230440.0,56185
2023-05-11 09:34:47,IF2309,IF2309,3961.6,0.0,0.0,0.0,1,3961.4,3962.0,1,3956.8,3968.8,3969.8,3961.6,355.0,422230440.0,56185
2023-05-11 09:34:47,IF2309,IF2309,3961.6,0.0,0.0,0.0,1,3961.4,3962.2,3,3956.8,3968.8,3969.8,3961.6,355.0,422230440.0,56185
2023-05-11 09:34:48,IF2309,IF2309,3961.6,0.0,0.0,0.0,1,3961.4,3962.2,1,3956.8,3968.8,3969.8,3961.6,355.0,422230440.0,56185
2023-05-11 09:34:49,IF2309,IF2309,3961.6,0.0,0.0,0.0,1,3961.4,3962.8,1,3956.8,3968.8,3969.8,3961.6,355.0,422230440.0,56185
2023-05-11 09:34:50,IF2309,IF2309,3961.6,0.0,0.0,0.0,1,3961.4,3962.4,1,3956.8,3968.8,3969.8,3961.6,355.0,422230440.0,56185
2023-05-11 09:34:50,IF2309,IF2309,3961.6,0.0,0.0,0.0,1,3961.4,3962.2,2,3956.8,3968.8,3969.8,3961.6,355.0,422230440.0,56185
2023-05-11 09:34:51,IF2309,IF2309,3962.2,2.0,2377320.0,-1.0,2,3961.6,3962.6,1,3956.8,3968.8,3969.8,3961.6,357.0,424607760.0,56184
2023-05-11 09:34:51,IF2309,IF2309,3962.2,0.0,0.0,0.0,2,3962.0,3963.6,1,3956.8,3968.8,3969.8,3961.6,357.0,424607760.0,56184
2023-05-11 09:34:52,IF2309,IF2309,3962.2,0.0,0.0,0.0,6,3962.2,3963.4,7,3956.8,3968.8,3969.8,3961.6,357.0,424607760.0,56184
2023-05-11 09:34:52,IF2309,IF2309,3962.2,0.0,0.0,0.0,5,3962.2,3963.2,1,3956.8,3968.8,3969.8,3961.6,357.0,424607760.0,56184
2023-05-11 09:34:53,IF2309,IF2309,3962.2,0.0,0.0,0.0,5,3962.2,3963.2,2,3956.8,3968.8,3969.8,3961.6,357.0,424607760.0,56184
2023-05-11 09:34:53,IF2309,IF2309,3962.2,0.0,0.0,0.0,2,3962.2,3963.0,2,3956.8,3968.8,3969.8,3961.6,357.0,424607760.0,56184
2023-05-11 09:34:54,IF2309,IF2309,3962.2,0.0,0.0,0.0,2,3961.8,3962.8,1,3956.8,3968.8,3969.8,3961.6,357.0,424607760.0,56184
2023-05-11 09:34:54,IF2309,IF2309,3962.8,1.0,1188840.0,1.0,2,3961.8,3963.2,2,3956.8,3968.8,3969.8,3961.6,358.0,425796600.0,56185
2023-05-11 09:34:55,IF2309,IF2309,3962.8,0.0,0.0,0.0,2,3961.8,3963.0,3,3956.8,3968.8,3969.8,3961.6,358.0,425796600.0,56185
2023-05-11 09:34:55,IF2309,IF2309,3962.8,0.0,0.0,0.0,2,3962.0,3963.0,3,3956.8,3968.8,3969.8,3961.6,358.0,425796600.0,56185
2023-05-11 09:34:56,IF2309,IF2309,3962.8,0.0,0.0,0.0,2,3962.0,3962.8,2,3956.8,3968.8,3969.8,3961.6,358.0,425796600.0,56185
2023-05-11 09:34:57,IF2309,IF2309,3962.8,0.0,0.0,0.0,2,3961.8,3962.6,3,3956.8,3968.8,3969.8,3961.6,358.0,425796600.0,56185
2023-05-11 09:34:57,IF2309,IF2309,3962.8,0.0,0.0,0.0,1,3961.8,3962.6,4,3956.8,3968.8,3969.8,3961.6,358.0,425796600.0,56185
2023-05-11 09:34:58,IF2309,IF2309,3962.8,0.0,0.0,0.0,1,3961.8,3962.4,1,3956.8,3968.8,3969.8,3961.6,358.0,425796600.0,56185
2023-05-11 09:35:00,IF2309,IF2309,3962.8,0.0,0.0,0.0,1,3961.8,3962.0,1,3956.8,3968.8,3969.8,3961.6,358.0,425796600.0,56185
2023-05-11 09:35:00,IF2309,IF2309,3961.8,1.0,1188540.0,-1.0,1,3961.6,3962.0,1,3956.8,3968.8,3969.8,3961.6,359.0,426985140.0,56184
2023-05-11 09:35:01,IF2309,IF2309,3961.6,1.0,1188480.0,0.0,1,3961.0,3962.0,1,3956.8,3968.8,3969.8,3961.6,360.0,428173620.0,56184
2023-05-11 09:35:01,IF2309,IF2309,3960.6,2.0,2376480.0,-1.0,1,3960.4,3961.4,1,3956.8,3968.8,3969.8,3960.6,362.0,430550100.0,56183
2023-05-11 09:35:02,IF2309,IF2309,3960.6,0.0,0.0,0.0,1,3960.4,3961.2,2,3956.8,3968.8,3969.8,3960.6,362.0,430550100.0,56183
2023-05-11 09:35:02,IF2309,IF2309,3960.4,1.0,1188120.0,-1.0,1,3960.2,3961.0,1,3956.8,3968.8,3969.8,3960.4,363.0,431738220.0,56182
2023-05-11 09:35:03,IF2309,IF2309,3961.0,2.0,2376360.0,-1.0,2,3960.0,3961.2,2,3956.8,3968.8,3969.8,3960.2,365.0,434114580.0,56181
2023-05-11 09:35:03,IF2309,IF2309,3961.0,1.0,1188300.0,-1.0,2,3960.0,3961.0,2,3956.8,3968.8,3969.8,3960.2,366.0,435302880.0,56180
2023-05-11 09:35:04,IF2309,IF2309,3960.0,1.0,1188000.0,0.0,1,3960.0,3960.4,1,3956.8,3968.8,3969.8,3960.0,367.0,436490880.0,56180
2023-05-11 09:35:04,IF2309,IF2309,3959.2,2.0,2375760.0,-2.0,2,3959.0,3960.6,1,3956.8,3968.8,3969.8,3959.2,369.0,438866640.0,56178
2023-05-11 09:35:05,IF2309,IF2309,3959.2,0.0,0.0,0.0,4,3959.4,3960.6,1,3956.8,3968.8,3969.8,3959.2,369.0,438866640.0,56178
2023-05-11 09:35:05,IF2309,IF2309,3959.2,0.0,0.0,0.0,1,3959.6,3960.6,1,3956.8,3968.8,3969.8,3959.2,369.0,438866640.0,56178
2023-05-11 09:35:06,IF2309,IF2309,3959.2,0.0,0.0,0.0,2,3959.4,3960.4,2,3956.8,3968.8,3969.8,3959.2,369.0,438866640.0,56178
2023-05-11 09:35:06,IF2309,IF2309,3959.4,1.0,1187820.0,-1.0,1,3959.2,3960.2,4,3956.8,3968.8,3969.8,3959.2,370.0,440054460.0,56177
2023-05-11 09:35:07,IF2309,IF2309,3959.4,0.0,0.0,0.0,2,3959.0,3959.6,1,3956.8,3968.8,3969.8,3959.2,370.0,440054460.0,56177
2023-05-11 09:35:08,IF2309,IF2309,3959.4,0.0,0.0,0.0,1,3959.2,3959.6,1,3956.8,3968.8,3969.8,3959.2,370.0,440054460.0,56177
2023-05-11 09:35:08,IF2309,IF2309,3959.4,0.0,0.0,0.0,1,3959.2,3960.0,3,3956.8,3968.8,3969.8,3959.2,370.0,440054460.0,56177
2023-05-11 09:35:09,IF2309,IF2309,3959.4,0.0,0.0,0.0,1,3959.2,3959.8,3,3956.8,3968.8,3969.8,3959.2,370.0,440054460.0,56177
2023-05-11 09:35:09,IF2309,IF2309,3959.4,0.0,0.0,0.0,2,3959.4,3960.0,2,3956.8,3968.8,3969.8,3959.2,370.0,440054460.0,56177
2023-05-11 09:35:10,IF2309,IF2309,3960.0,1.0,1188000.0,-1.0,2,3959.6,3960.4,2,3956.8,3968.8,3969.8,3959.2,371.0,441242460.0,56176
2023-05-11 09:35:10,IF2309,IF2309,3960.0,0.0,0.0,0.0,2,3960.0,3961.2,2,3956.8,3968.8,3969.8,3959.2,371.0,441242460.0,56176
2023-05-11 09:35:11,IF2309,IF2309,3960.0,0.0,0.0,0.0,3,3960.2,3961.0,1,3956.8,3968.8,3969.8,3959.2,371.0,441242460.0,56176
2023-05-11 09:35:11,IF2309,IF2309,3960.0,0.0,0.0,0.0,1,3960.2,3961.6,1,3956.8,3968.8,3969.8,3959.2,371.0,441242460.0,56176
2023-05-11 09:35:12,IF2309,IF2309,3961.4,1.0,1188420.0,-1.0,2,3960.8,3962.0,1,3956.8,3968.8,3969.8,3959.2,372.0,442430880.0,56175
2023-05-11 09:35:12,IF2309,IF2309,3961.4,0.0,0.0,0.0,3,3961.0,3961.8,4,3956.8,3968.8,3969.8,3959.2,372.0,442430880.0,56175
2023-05-11 09:35:13,IF2309,IF2309,3960.8,3.0,3564840.0,-3.0,1,3960.2,3961.6,4,3956.8,3968.8,3969.8,3959.2,375.0,445995720.0,56172
2023-05-11 09:35:13,IF2309,IF2309,3960.8,0.0,0.0,0.0,2,3960.6,3961.4,1,3956.8,3968.8,3969.8,3959.2,375.0,445995720.0,56172
2023-05-11 09:35:14,IF2309,IF2309,3960.8,0.0,0.0,0.0,2,3960.4,3961.4,1,3956.8,3968.8,3969.8,3959.2,375.0,445995720.0,56172
2023-05-11 09:35:15,IF2309,IF2309,3960.8,0.0,0.0,0.0,2,3960.6,3961.6,1,3956.8,3968.8,3969.8,3959.2,375.0,445995720.0,56172
2023-05-11 09:35:17,IF2309,IF2309,3960.8,0.0,0.0,0.0,2,3960.6,3962.0,1,3956.8,3968.8,3969.8,3959.2,375.0,445995720.0,56172
2023-05-11 09:35:17,IF2309,IF2309,3962.0,1.0,1188600.0,-1.0,3,3961.0,3962.4,1,3956.8,3968.8,3969.8,3959.2,376.0,447184320.0,56171
2023-05-11 09:35:18,IF2309,IF2309,3962.4,1.0,1188720.0,-1.0,1,3961.6,3962.8,1,3956.8,3968.8,3969.8,3959.2,377.0,448373040.0,56170
2023-05-11 09:35:18,IF2309,IF2309,3962.2,3.0,3566160.0,-2.0,1,3962.2,3963.4,1,3956.8,3968.8,3969.8,3959.2,380.0,451939200.0,56168
2023-05-11 09:35:19,IF2309,IF2309,3962.2,0.0,0.0,0.0,1,3962.6,3963.2,2,3956.8,3968.8,3969.8,3959.2,380.0,451939200.0,56168
2023-05-11 09:35:19,IF2309,IF2309,3962.2,0.0,0.0,0.0,2,3962.4,3963.4,1,3956.8,3968.8,3969.8,3959.2,380.0,451939200.0,56168
2023-05-11 09:35:20,IF2309,IF2309,3962.2,0.0,0.0,0.0,2,3962.4,3963.2,4,3956.8,3968.8,3969.8,3959.2,380.0,451939200.0,56168
2023-05-11 09:35:20,IF2309,IF2309,3962.2,2.0,2377380.0,-1.0,5,3962.4,3963.0,5,3956.8,3968.8,3969.8,3959.2,382.0,454316580.0,56167
2023-05-11 09:35:21,IF2309,IF2309,3962.4,6.0,7132320.0,1.0,1,3961.8,3962.8,3,3956.8,3968.8,3969.8,3959.2,388.0,461448900.0,56168
2023-05-11 09:35:21,IF2309,IF2309,3962.4,0.0,0.0,0.0,1,3961.6,3962.6,1,3956.8,3968.8,3969.8,3959.2,388.0,461448900.0,56168
2023-05-11 09:35:22,IF2309,IF2309,3962.4,0.0,0.0,0.0,1,3961.8,3962.6,1,3956.8,3968.8,3969.8,3959.2,388.0,461448900.0,56168
2023-05-11 09:35:22,IF2309,IF2309,3961.8,1.0,1188540.0,1.0,1,3961.6,3962.6,1,3956.8,3968.8,3969.8,3959.2,389.0,462637440.0,56169
2023-05-11 09:35:23,IF2309,IF2309,3961.6,1.0,1188480.0,-1.0,1,3961.2,3962.4,3,3956.8,3968.8,3969.8,3959.2,390.0,463825920.0,56168
2023-05-11 09:35:23,IF2309,IF2309,3961.6,0.0,0.0,0.0,2,3960.0,3961.8,2,3956.8,3968.8,3969.8,3959.2,390.0,463825920.0,56168
2023-05-11 09:35:24,IF2309,IF2309,3961.6,0.0,0.0,0.0,5,3960.4,3961.6,1,3956.8,3968.8,3969.8,3959.2,390.0,463825920.0,56168
2023-05-11 09:35:24,IF2309,IF2309,3961.6,0.0,0.0,0.0,1,3960.6,3961.8,2,3956.8,3968.8,3969.8,3959.2,390.0,463825920.0,56168
2023-05-11 09:35:25,IF2309,IF2309,3961.6,0.0,0.0,0.0,1,3960.6,3961.6,1,3956.8,3968.8,3969.8,3959.2,390.0,463825920.0,56168
2023-05-11 09:35:26,IF2309,IF2309,3961.6,0.0,0.0,0.0,1,3960.6,3962.0,2,3956.8,3968.8,3969.8,3959.2,390.0,463825920.0,56168
2023-05-11 09:35:26,IF2309,IF2309,3961.6,0.0,0.0,0.0,2,3960.8,3962.0,2,3956.8,3968.8,3969.8,3959.2,390.0,463825920.0,56168
2023-05-11 09:35:27,IF2309,IF2309,3961.6,0.0,0.0,0.0,1,3961.0,3962.0,2,3956.8,3968.8,3969.8,3959.2,390.0,463825920.0,56168
2023-05-11 09:35:27,IF2309,IF2309,3962.0,2.0,2377200.0,-2.0,4,3961.2,3962.0,1,3956.8,3968.8,3969.8,3959.2,392.0,466203120.0,56166
2023-05-11 09:35:28,IF2309,IF2309,3961.4,2.0,2377020.0,-2.0,1,3961.4,3962.8,1,3956.8,3968.8,3969.8,3959.2,394.0,468580140.0,56164
2023-05-11 09:35:28,IF2309,IF2309,3961.4,0.0,0.0,0.0,3,3961.6,3962.6,4,3956.8,3968.8,3969.8,3959.2,394.0,468580140.0,56164
2023-05-11 09:35:29,IF2309,IF2309,3961.4,0.0,0.0,0.0,1,3961.6,3962.4,3,3956.8,3968.8,3969.8,3959.2,394.0,468580140.0,56164
2023-05-11 09:35:29,IF2309,IF2309,3961.4,0.0,0.0,0.0,1,3961.6,3962.4,2,3956.8,3968.8,3969.8,3959.2,394.0,468580140.0,56164
2023-05-11 09:35:30,IF2309,IF2309,3961.4,0.0,0.0,0.0,1,3961.8,3962.6,1,3956.8,3968.8,3969.8,3959.2,394.0,468580140.0,56164
2023-05-11 09:35:30,IF2309,IF2309,3961.4,0.0,0.0,0.0,1,3961.6,3962.4,1,3956.8,3968.8,3969.8,3959.2,394.0,468580140.0,56164
2023-05-11 09:35:31,IF2309,IF2309,3961.4,1.0,1188420.0,0.0,4,3961.2,3962.4,1,3956.8,3968.8,3969.8,3959.2,395.0,469768560.0,56164
2023-05-11 09:35:31,IF2309,IF2309,3961.4,0.0,0.0,0.0,2,3961.4,3961.6,3,3956.8,3968.8,3969.8,3959.2,395.0,469768560.0,56164
2023-05-11 09:35:32,IF2309,IF2309,3961.6,3.0,3565440.0,0.0,5,3961.6,3962.6,1,3956.8,3968.8,3969.8,3959.2,398.0,473334000.0,56164
2023-05-11 09:35:33,IF2309,IF2309,3961.6,0.0,0.0,0.0,1,3961.8,3962.6,1,3956.8,3968.8,3969.8,3959.2,398.0,473334000.0,56164
2023-05-11 09:35:33,IF2309,IF2309,3961.6,1.0,1188480.0,1.0,1,3961.8,3962.6,1,3956.8,3968.8,3969.8,3959.2,399.0,474522480.0,56165
2023-05-11 09:35:34,IF2309,IF2309,3962.0,1.0,1188600.0,-1.0,1,3962.0,3962.6,1,3956.8,3968.8,3969.8,3959.2,400.0,475711080.0,56164
2023-05-11 09:35:35,IF2309,IF2309,3963.2,3.0,3566640.0,-1.0,2,3962.2,3963.2,1,3956.8,3968.8,3969.8,3959.2,403.0,479277720.0,56163
2023-05-11 09:35:35,IF2309,IF2309,3963.2,1.0,1188960.0,-1.0,1,3962.6,3963.6,1,3956.8,3968.8,3969.8,3959.2,404.0,480466680.0,56162
2023-05-11 09:35:36,IF2309,IF2309,3963.6,1.0,1189080.0,-1.0,1,3963.0,3963.4,1,3956.8,3968.8,3969.8,3959.2,405.0,481655760.0,56161
2023-05-11 09:35:36,IF2309,IF2309,3963.4,1.0,1189020.0,0.0,1,3963.0,3963.8,1,3956.8,3968.8,3969.8,3959.2,406.0,482844780.0,56161
2023-05-11 09:35:37,IF2309,IF2309,3963.0,1.0,1188900.0,-1.0,1,3962.8,3963.6,2,3956.8,3968.8,3969.8,3959.2,407.0,484033680.0,56160
2023-05-11 09:35:37,IF2309,IF2309,3963.0,0.0,0.0,0.0,1,3961.8,3963.2,1,3956.8,3968.8,3969.8,3959.2,407.0,484033680.0,56160
2023-05-11 09:35:38,IF2309,IF2309,3963.0,0.0,0.0,0.0,3,3961.6,3963.0,3,3956.8,3968.8,3969.8,3959.2,407.0,484033680.0,56160
2023-05-11 09:35:38,IF2309,IF2309,3963.0,0.0,0.0,0.0,2,3961.8,3962.8,1,3956.8,3968.8,3969.8,3959.2,407.0,484033680.0,56160
2023-05-11 09:35:39,IF2309,IF2309,3963.0,0.0,0.0,0.0,2,3961.8,3962.6,1,3956.8,3968.8,3969.8,3959.2,407.0,484033680.0,56160
2023-05-11 09:35:39,IF2309,IF2309,3963.0,0.0,0.0,0.0,2,3962.0,3963.0,1,3956.8,3968.8,3969.8,3959.2,407.0,484033680.0,56160
2023-05-11 09:35:40,IF2309,IF2309,3963.0,0.0,0.0,0.0,1,3962.0,3963.2,1,3956.8,3968.8,3969.8,3959.2,407.0,484033680.0,56160
2023-05-11 09:35:40,IF2309,IF2309,3963.0,0.0,0.0,0.0,1,3962.2,3963.0,1,3956.8,3968.8,3969.8,3959.2,407.0,484033680.0,56160
2023-05-11 09:35:41,IF2309,IF2309,3963.0,0.0,0.0,0.0,1,3962.2,3963.0,2,3956.8,3968.8,3969.8,3959.2,407.0,484033680.0,56160
2023-05-11 09:35:42,IF2309,IF2309,3963.0,0.0,0.0,0.0,1,3962.2,3963.0,3,3956.8,3968.8,3969.8,3959.2,407.0,484033680.0,56160
2023-05-11 09:35:42,IF2309,IF2309,3963.0,0.0,0.0,0.0,1,3962.2,3963.0,2,3956.8,3968.8,3969.8,3959.2,407.0,484033680.0,56160
2023-05-11 09:35:44,IF2309,IF2309,3963.0,0.0,0.0,0.0,1,3962.4,3963.0,2,3956.8,3968.8,3969.8,3959.2,407.0,484033680.0,56160
2023-05-11 09:35:44,IF2309,IF2309,3963.0,0.0,0.0,0.0,1,3962.2,3963.0,2,3956.8,3968.8,3969.8,3959.2,407.0,484033680.0,56160
2023-05-11 09:35:45,IF2309,IF2309,3963.0,0.0,0.0,0.0,2,3962.4,3963.0,2,3956.8,3968.8,3969.8,3959.2,407.0,484033680.0,56160
2023-05-11 09:35:46,IF2309,IF2309,3963.0,0.0,0.0,0.0,1,3962.6,3963.0,2,3956.8,3968.8,3969.8,3959.2,407.0,484033680.0,56160
2023-05-11 09:35:46,IF2309,IF2309,3963.0,2.0,2377800.0,-2.0,1,3962.6,3963.8,1,3956.8,3968.8,3969.8,3959.2,409.0,486411480.0,56158
2023-05-11 09:35:47,IF2309,IF2309,3963.0,0.0,0.0,0.0,3,3962.8,3963.8,1,3956.8,3968.8,3969.8,3959.2,409.0,486411480.0,56158
2023-05-11 09:35:47,IF2309,IF2309,3963.0,0.0,0.0,0.0,1,3963.2,3963.8,1,3956.8,3968.8,3969.8,3959.2,409.0,486411480.0,56158
2023-05-11 09:35:48,IF2309,IF2309,3963.0,0.0,0.0,0.0,1,3963.0,3963.8,1,3956.8,3968.8,3969.8,3959.2,409.0,486411480.0,56158
2023-05-11 09:35:48,IF2309,IF2309,3962.8,3.0,3566580.0,-3.0,2,3962.8,3963.6,4,3956.8,3968.8,3969.8,3959.2,412.0,489978060.0,56155
2023-05-11 09:35:49,IF2309,IF2309,3962.8,0.0,0.0,0.0,1,3962.2,3963.6,2,3956.8,3968.8,3969.8,3959.2,412.0,489978060.0,56155
2023-05-11 09:35:49,IF2309,IF2309,3962.8,0.0,0.0,0.0,1,3962.4,3963.4,1,3956.8,3968.8,3969.8,3959.2,412.0,489978060.0,56155
2023-05-11 09:35:50,IF2309,IF2309,3962.8,0.0,0.0,0.0,2,3962.4,3963.2,1,3956.8,3968.8,3969.8,3959.2,412.0,489978060.0,56155
2023-05-11 09:35:50,IF2309,IF2309,3962.8,0.0,0.0,0.0,1,3962.4,3963.2,1,3956.8,3968.8,3969.8,3959.2,412.0,489978060.0,56155
2023-05-11 09:35:51,IF2309,IF2309,3962.8,0.0,0.0,0.0,1,3962.4,3963.2,2,3956.8,3968.8,3969.8,3959.2,412.0,489978060.0,56155
2023-05-11 09:35:52,IF2309,IF2309,3962.8,0.0,0.0,0.0,1,3962.4,3963.0,2,3956.8,3968.8,3969.8,3959.2,412.0,489978060.0,56155
2023-05-11 09:35:52,IF2309,IF2309,3962.8,0.0,0.0,0.0,2,3962.2,3963.0,2,3956.8,3968.8,3969.8,3959.2,412.0,489978060.0,56155
2023-05-11 09:35:53,IF2309,IF2309,3962.8,0.0,0.0,0.0,2,3962.2,3963.2,2,3956.8,3968.8,3969.8,3959.2,412.0,489978060.0,56155
2023-05-11 09:35:53,IF2309,IF2309,3962.8,0.0,0.0,0.0,2,3962.2,3963.0,1,3956.8,3968.8,3969.8,3959.2,412.0,489978060.0,56155
2023-05-11 09:35:54,IF2309,IF2309,3962.8,0.0,0.0,0.0,1,3962.4,3963.0,1,3956.8,3968.8,3969.8,3959.2,412.0,489978060.0,56155
2023-05-11 09:35:55,IF2309,IF2309,3962.8,0.0,0.0,0.0,2,3962.2,3963.2,2,3956.8,3968.8,3969.8,3959.2,412.0,489978060.0,56155
2023-05-11 09:35:55,IF2309,IF2309,3962.8,0.0,0.0,0.0,2,3962.2,3963.0,2,3956.8,3968.8,3969.8,3959.2,412.0,489978060.0,56155
2023-05-11 09:35:56,IF2309,IF2309,3962.2,2.0,2377320.0,2.0,1,3962.0,3963.0,2,3956.8,3968.8,3969.8,3959.2,414.0,492355380.0,56157
2023-05-11 09:35:56,IF2309,IF2309,3962.2,0.0,0.0,0.0,1,3962.0,3962.6,2,3956.8,3968.8,3969.8,3959.2,414.0,492355380.0,56157
2023-05-11 09:35:57,IF2309,IF2309,3962.2,0.0,0.0,0.0,1,3960.8,3962.6,1,3956.8,3968.8,3969.8,3959.2,414.0,492355380.0,56157
2023-05-11 09:35:57,IF2309,IF2309,3962.2,0.0,0.0,0.0,2,3961.4,3962.6,1,3956.8,3968.8,3969.8,3959.2,414.0,492355380.0,56157
2023-05-11 09:35:58,IF2309,IF2309,3962.2,0.0,0.0,0.0,4,3961.6,3962.6,1,3956.8,3968.8,3969.8,3959.2,414.0,492355380.0,56157
2023-05-11 09:35:59,IF2309,IF2309,3962.2,0.0,0.0,0.0,3,3961.6,3962.6,1,3956.8,3968.8,3969.8,3959.2,414.0,492355380.0,56157
2023-05-11 09:35:59,IF2309,IF2309,3962.2,0.0,0.0,0.0,1,3961.6,3962.4,2,3956.8,3968.8,3969.8,3959.2,414.0,492355380.0,56157
2023-05-11 09:36:00,IF2309,IF2309,3962.6,3.0,3566220.0,0.0,1,3961.6,3962.8,2,3956.8,3968.8,3969.8,3959.2,417.0,495921600.0,56157
2023-05-11 09:36:00,IF2309,IF2309,3962.6,0.0,0.0,0.0,4,3961.2,3962.6,5,3956.8,3968.8,3969.8,3959.2,417.0,495921600.0,56157
2023-05-11 09:36:01,IF2309,IF2309,3962.6,0.0,0.0,0.0,2,3961.4,3962.4,1,3956.8,3968.8,3969.8,3959.2,417.0,495921600.0,56157
2023-05-11 09:36:01,IF2309,IF2309,3962.6,0.0,0.0,0.0,1,3961.8,3962.6,1,3956.8,3968.8,3969.8,3959.2,417.0,495921600.0,56157
2023-05-11 09:36:02,IF2309,IF2309,3962.6,1.0,1188780.0,-1.0,1,3962.4,3963.2,2,3956.8,3968.8,3969.8,3959.2,418.0,497110380.0,56156
2023-05-11 09:36:02,IF2309,IF2309,3962.6,0.0,0.0,0.0,1,3962.6,3963.2,2,3956.8,3968.8,3969.8,3959.2,418.0,497110380.0,56156
2023-05-11 09:36:03,IF2309,IF2309,3962.6,0.0,0.0,0.0,2,3962.6,3963.2,2,3956.8,3968.8,3969.8,3959.2,418.0,497110380.0,56156
2023-05-11 09:36:03,IF2309,IF2309,3962.6,0.0,0.0,0.0,2,3962.6,3963.2,1,3956.8,3968.8,3969.8,3959.2,418.0,497110380.0,56156
2023-05-11 09:36:04,IF2309,IF2309,3962.4,3.0,3566280.0,-1.0,1,3962.0,3963.2,1,3956.8,3968.8,3969.8,3959.2,421.0,500676660.0,56155
2023-05-11 09:36:04,IF2309,IF2309,3962.4,0.0,0.0,0.0,3,3962.2,3963.0,1,3956.8,3968.8,3969.8,3959.2,421.0,500676660.0,56155
2023-05-11 09:36:05,IF2309,IF2309,3962.4,0.0,0.0,0.0,1,3962.4,3963.2,1,3956.8,3968.8,3969.8,3959.2,421.0,500676660.0,56155
2023-05-11 09:36:05,IF2309,IF2309,3963.2,1.0,1188960.0,0.0,1,3962.4,3963.8,1,3956.8,3968.8,3969.8,3959.2,422.0,501865620.0,56155
2023-05-11 09:36:06,IF2309,IF2309,3963.2,0.0,0.0,0.0,2,3962.6,3963.6,1,3956.8,3968.8,3969.8,3959.2,422.0,501865620.0,56155
2023-05-11 09:36:06,IF2309,IF2309,3963.2,0.0,0.0,0.0,1,3963.0,3963.8,1,3956.8,3968.8,3969.8,3959.2,422.0,501865620.0,56155
2023-05-11 09:36:07,IF2309,IF2309,3963.2,0.0,0.0,0.0,2,3963.0,3963.8,1,3956.8,3968.8,3969.8,3959.2,422.0,501865620.0,56155
2023-05-11 09:36:08,IF2309,IF2309,3963.2,0.0,0.0,0.0,2,3963.0,3963.6,3,3956.8,3968.8,3969.8,3959.2,422.0,501865620.0,56155
2023-05-11 09:36:08,IF2309,IF2309,3963.2,0.0,0.0,0.0,2,3963.0,3963.6,2,3956.8,3968.8,3969.8,3959.2,422.0,501865620.0,56155
2023-05-11 09:36:09,IF2309,IF2309,3963.2,0.0,0.0,0.0,2,3963.0,3963.4,1,3956.8,3968.8,3969.8,3959.2,422.0,501865620.0,56155
2023-05-11 09:36:09,IF2309,IF2309,3963.0,2.0,2377800.0,-1.0,2,3962.6,3963.4,2,3956.8,3968.8,3969.8,3959.2,424.0,504243420.0,56154
2023-05-11 09:36:10,IF2309,IF2309,3963.0,0.0,0.0,0.0,1,3962.6,3963.2,2,3956.8,3968.8,3969.8,3959.2,424.0,504243420.0,56154
2023-05-11 09:36:10,IF2309,IF2309,3963.0,0.0,0.0,0.0,1,3962.4,3963.2,1,3956.8,3968.8,3969.8,3959.2,424.0,504243420.0,56154
2023-05-11 09:36:11,IF2309,IF2309,3962.4,1.0,1188720.0,-1.0,1,3962.2,3963.2,1,3956.8,3968.8,3969.8,3959.2,425.0,505432140.0,56153
2023-05-11 09:36:12,IF2309,IF2309,3962.2,1.0,1188660.0,0.0,1,3961.6,3962.4,1,3956.8,3968.8,3969.8,3959.2,426.0,506620800.0,56153
2023-05-11 09:36:12,IF2309,IF2309,3962.2,0.0,0.0,0.0,1,3960.4,3962.4,1,3956.8,3968.8,3969.8,3959.2,426.0,506620800.0,56153
2023-05-11 09:36:13,IF2309,IF2309,3962.2,0.0,0.0,0.0,1,3961.0,3962.0,1,3956.8,3968.8,3969.8,3959.2,426.0,506620800.0,56153
2023-05-11 09:36:13,IF2309,IF2309,3962.2,0.0,0.0,0.0,1,3961.2,3961.8,2,3956.8,3968.8,3969.8,3959.2,426.0,506620800.0,56153
2023-05-11 09:36:14,IF2309,IF2309,3962.2,0.0,0.0,0.0,4,3960.0,3961.8,2,3956.8,3968.8,3969.8,3959.2,426.0,506620800.0,56153
2023-05-11 09:36:14,IF2309,IF2309,3962.2,0.0,0.0,0.0,1,3960.6,3961.8,2,3956.8,3968.8,3969.8,3959.2,426.0,506620800.0,56153
2023-05-11 09:36:15,IF2309,IF2309,3962.2,0.0,0.0,0.0,1,3960.8,3961.8,1,3956.8,3968.8,3969.8,3959.2,426.0,506620800.0,56153
2023-05-11 09:36:16,IF2309,IF2309,3962.2,0.0,0.0,0.0,1,3960.8,3961.6,2,3956.8,3968.8,3969.8,3959.2,426.0,506620800.0,56153
2023-05-11 09:36:17,IF2309,IF2309,3960.8,1.0,1188240.0,-1.0,2,3960.2,3961.4,4,3956.8,3968.8,3969.8,3959.2,427.0,507809040.0,56152
2023-05-11 09:36:17,IF2309,IF2309,3960.8,0.0,0.0,0.0,1,3960.2,3961.2,1,3956.8,3968.8,3969.8,3959.2,427.0,507809040.0,56152
2023-05-11 09:36:18,IF2309,IF2309,3960.8,0.0,0.0,0.0,4,3960.0,3961.0,1,3956.8,3968.8,3969.8,3959.2,427.0,507809040.0,56152
2023-05-11 09:36:18,IF2309,IF2309,3960.8,0.0,0.0,0.0,3,3960.2,3961.0,1,3956.8,3968.8,3969.8,3959.2,427.0,507809040.0,56152
2023-05-11 09:36:19,IF2309,IF2309,3960.8,0.0,0.0,0.0,4,3960.4,3961.4,1,3956.8,3968.8,3969.8,3959.2,427.0,507809040.0,56152
2023-05-11 09:36:19,IF2309,IF2309,3960.8,0.0,0.0,0.0,1,3960.6,3961.8,1,3956.8,3968.8,3969.8,3959.2,427.0,507809040.0,56152
2023-05-11 09:36:20,IF2309,IF2309,3960.8,0.0,0.0,0.0,1,3960.6,3962.2,1,3956.8,3968.8,3969.8,3959.2,427.0,507809040.0,56152
2023-05-11 09:36:20,IF2309,IF2309,3960.8,0.0,0.0,0.0,1,3960.6,3962.0,3,3956.8,3968.8,3969.8,3959.2,427.0,507809040.0,56152
2023-05-11 09:36:21,IF2309,IF2309,3960.8,0.0,0.0,0.0,1,3961.2,3962.0,2,3956.8,3968.8,3969.8,3959.2,427.0,507809040.0,56152
2023-05-11 09:36:22,IF2309,IF2309,3960.8,0.0,0.0,0.0,5,3960.8,3962.0,2,3956.8,3968.8,3969.8,3959.2,427.0,507809040.0,56152
2023-05-11 09:36:22,IF2309,IF2309,3960.8,0.0,0.0,0.0,2,3961.0,3961.8,1,3956.8,3968.8,3969.8,3959.2,427.0,507809040.0,56152
2023-05-11 09:36:23,IF2309,IF2309,3960.8,0.0,0.0,0.0,2,3961.0,3962.0,1,3956.8,3968.8,3969.8,3959.2,427.0,507809040.0,56152
2023-05-11 09:36:23,IF2309,IF2309,3960.8,0.0,0.0,0.0,2,3961.0,3961.8,1,3956.8,3968.8,3969.8,3959.2,427.0,507809040.0,56152
2023-05-11 09:36:24,IF2309,IF2309,3962.0,1.0,1188600.0,0.0,1,3962.0,3962.2,1,3956.8,3968.8,3969.8,3959.2,428.0,508997640.0,56152
2023-05-11 09:36:24,IF2309,IF2309,3962.0,1.0,1188600.0,-1.0,1,3960.8,3962.0,2,3956.8,3968.8,3969.8,3959.2,429.0,510186240.0,56151
2023-05-11 09:36:25,IF2309,IF2309,3962.0,0.0,0.0,0.0,1,3960.6,3961.8,2,3956.8,3968.8,3969.8,3959.2,429.0,510186240.0,56151
2023-05-11 09:36:26,IF2309,IF2309,3962.0,0.0,0.0,0.0,3,3960.8,3961.8,2,3956.8,3968.8,3969.8,3959.2,429.0,510186240.0,56151
2023-05-11 09:36:26,IF2309,IF2309,3962.0,0.0,0.0,0.0,1,3961.0,3962.2,1,3956.8,3968.8,3969.8,3959.2,429.0,510186240.0,56151
2023-05-11 09:36:28,IF2309,IF2309,3962.0,0.0,0.0,0.0,3,3960.8,3962.0,2,3956.8,3968.8,3969.8,3959.2,429.0,510186240.0,56151
2023-05-11 09:36:29,IF2309,IF2309,3962.0,0.0,0.0,0.0,1,3961.0,3962.0,2,3956.8,3968.8,3969.8,3959.2,429.0,510186240.0,56151
2023-05-11 09:36:29,IF2309,IF2309,3962.0,0.0,0.0,0.0,1,3961.0,3962.2,1,3956.8,3968.8,3969.8,3959.2,429.0,510186240.0,56151
2023-05-11 09:36:30,IF2309,IF2309,3962.0,0.0,0.0,0.0,2,3960.8,3962.0,4,3956.8,3968.8,3969.8,3959.2,429.0,510186240.0,56151
2023-05-11 09:36:30,IF2309,IF2309,3962.0,0.0,0.0,0.0,1,3960.6,3961.8,4,3956.8,3968.8,3969.8,3959.2,429.0,510186240.0,56151
2023-05-11 09:36:31,IF2309,IF2309,3962.0,0.0,0.0,0.0,2,3960.2,3961.6,2,3956.8,3968.8,3969.8,3959.2,429.0,510186240.0,56151
2023-05-11 09:36:31,IF2309,IF2309,3962.0,0.0,0.0,0.0,3,3960.4,3961.4,3,3956.8,3968.8,3969.8,3959.2,429.0,510186240.0,56151
2023-05-11 09:36:32,IF2309,IF2309,3962.0,0.0,0.0,0.0,1,3960.6,3961.4,2,3956.8,3968.8,3969.8,3959.2,429.0,510186240.0,56151
2023-05-11 09:36:32,IF2309,IF2309,3962.0,0.0,0.0,0.0,3,3960.4,3961.4,1,3956.8,3968.8,3969.8,3959.2,429.0,510186240.0,56151
2023-05-11 09:36:33,IF2309,IF2309,3962.0,0.0,0.0,0.0,1,3960.6,3961.6,1,3956.8,3968.8,3969.8,3959.2,429.0,510186240.0,56151
2023-05-11 09:36:35,IF2309,IF2309,3961.8,1.0,1188540.0,-1.0,1,3961.2,3962.0,1,3956.8,3968.8,3969.8,3959.2,430.0,511374780.0,56150
2023-05-11 09:36:35,IF2309,IF2309,3961.8,0.0,0.0,0.0,2,3961.4,3962.0,1,3956.8,3968.8,3969.8,3959.2,430.0,511374780.0,56150
2023-05-11 09:36:36,IF2309,IF2309,3961.8,0.0,0.0,0.0,1,3961.2,3962.6,1,3956.8,3968.8,3969.8,3959.2,430.0,511374780.0,56150
2023-05-11 09:36:36,IF2309,IF2309,3961.8,0.0,0.0,0.0,1,3961.4,3962.4,2,3956.8,3968.8,3969.8,3959.2,430.0,511374780.0,56150
2023-05-11 09:36:37,IF2309,IF2309,3961.8,0.0,0.0,0.0,1,3961.6,3962.4,2,3956.8,3968.8,3969.8,3959.2,430.0,511374780.0,56150
2023-05-11 09:36:37,IF2309,IF2309,3961.8,0.0,0.0,0.0,1,3961.4,3962.4,2,3956.8,3968.8,3969.8,3959.2,430.0,511374780.0,56150
2023-05-11 09:36:38,IF2309,IF2309,3961.8,0.0,0.0,0.0,1,3960.8,3962.2,1,3956.8,3968.8,3969.8,3959.2,430.0,511374780.0,56150
2023-05-11 09:36:38,IF2309,IF2309,3961.8,0.0,0.0,0.0,5,3961.0,3962.0,1,3956.8,3968.8,3969.8,3959.2,430.0,511374780.0,56150
2023-05-11 09:36:39,IF2309,IF2309,3961.8,0.0,0.0,0.0,1,3961.2,3962.4,3,3956.8,3968.8,3969.8,3959.2,430.0,511374780.0,56150
2023-05-11 09:36:39,IF2309,IF2309,3962.4,1.0,1188720.0,0.0,2,3961.4,3962.4,2,3956.8,3968.8,3969.8,3959.2,431.0,512563500.0,56150
2023-05-11 09:36:40,IF2309,IF2309,3962.4,0.0,0.0,0.0,1,3961.4,3962.4,2,3956.8,3968.8,3969.8,3959.2,431.0,512563500.0,56150
2023-05-11 09:36:40,IF2309,IF2309,3962.4,0.0,0.0,0.0,4,3961.0,3962.2,2,3956.8,3968.8,3969.8,3959.2,431.0,512563500.0,56150
2023-05-11 09:36:41,IF2309,IF2309,3962.4,0.0,0.0,0.0,4,3961.0,3962.0,1,3956.8,3968.8,3969.8,3959.2,431.0,512563500.0,56150
2023-05-11 09:36:41,IF2309,IF2309,3962.4,0.0,0.0,0.0,2,3961.2,3962.4,1,3956.8,3968.8,3969.8,3959.2,431.0,512563500.0,56150
2023-05-11 09:36:42,IF2309,IF2309,3962.4,0.0,0.0,0.0,1,3961.4,3962.4,1,3956.8,3968.8,3969.8,3959.2,431.0,512563500.0,56150
2023-05-11 09:36:43,IF2309,IF2309,3962.4,0.0,0.0,0.0,1,3961.6,3962.4,1,3956.8,3968.8,3969.8,3959.2,431.0,512563500.0,56150
2023-05-11 09:36:43,IF2309,IF2309,3962.4,1.0,1188720.0,-1.0,1,3962.0,3963.4,2,3956.8,3968.8,3969.8,3959.2,432.0,513752220.0,56149
2023-05-11 09:36:44,IF2309,IF2309,3962.4,0.0,0.0,0.0,2,3962.2,3963.2,2,3956.8,3968.8,3969.8,3959.2,432.0,513752220.0,56149
2023-05-11 09:36:44,IF2309,IF2309,3962.4,0.0,0.0,0.0,1,3962.4,3963.2,1,3956.8,3968.8,3969.8,3959.2,432.0,513752220.0,56149
2023-05-11 09:36:45,IF2309,IF2309,3962.4,1.0,1188720.0,-1.0,2,3962.2,3963.2,1,3956.8,3968.8,3969.8,3959.2,433.0,514940940.0,56148
2023-05-11 09:36:45,IF2309,IF2309,3962.4,0.0,0.0,0.0,1,3961.8,3963.0,3,3956.8,3968.8,3969.8,3959.2,433.0,514940940.0,56148
2023-05-11 09:36:46,IF2309,IF2309,3962.4,0.0,0.0,0.0,1,3961.2,3962.8,4,3956.8,3968.8,3969.8,3959.2,433.0,514940940.0,56148
2023-05-11 09:36:46,IF2309,IF2309,3962.4,0.0,0.0,0.0,1,3961.4,3962.2,1,3956.8,3968.8,3969.8,3959.2,433.0,514940940.0,56148
2023-05-11 09:36:47,IF2309,IF2309,3962.4,0.0,0.0,0.0,1,3961.2,3962.2,1,3956.8,3968.8,3969.8,3959.2,433.0,514940940.0,56148
2023-05-11 09:36:47,IF2309,IF2309,3962.4,0.0,0.0,0.0,1,3960.8,3962.6,3,3956.8,3968.8,3969.8,3959.2,433.0,514940940.0,56148
2023-05-11 09:36:48,IF2309,IF2309,3962.4,0.0,0.0,0.0,4,3961.0,3962.4,1,3956.8,3968.8,3969.8,3959.2,433.0,514940940.0,56148
2023-05-11 09:36:48,IF2309,IF2309,3962.4,0.0,0.0,0.0,1,3961.2,3962.4,1,3956.8,3968.8,3969.8,3959.2,433.0,514940940.0,56148
2023-05-11 09:36:49,IF2309,IF2309,3962.4,0.0,0.0,0.0,1,3961.4,3962.4,1,3956.8,3968.8,3969.8,3959.2,433.0,514940940.0,56148
2023-05-11 09:36:50,IF2309,IF2309,3962.4,0.0,0.0,0.0,1,3961.2,3962.2,1,3956.8,3968.8,3969.8,3959.2,433.0,514940940.0,56148
2023-05-11 09:36:50,IF2309,IF2309,3962.4,0.0,0.0,0.0,1,3961.2,3962.4,1,3956.8,3968.8,3969.8,3959.2,433.0,514940940.0,56148
2023-05-11 09:36:51,IF2309,IF2309,3962.4,0.0,0.0,0.0,1,3961.2,3962.2,1,3956.8,3968.8,3969.8,3959.2,433.0,514940940.0,56148
2023-05-11 09:36:52,IF2309,IF2309,3962.4,0.0,0.0,0.0,1,3961.2,3962.4,1,3956.8,3968.8,3969.8,3959.2,433.0,514940940.0,56148
2023-05-11 09:36:52,IF2309,IF2309,3962.4,0.0,0.0,0.0,1,3961.4,3962.4,1,3956.8,3968.8,3969.8,3959.2,433.0,514940940.0,56148
2023-05-11 09:36:53,IF2309,IF2309,3962.4,0.0,0.0,0.0,1,3961.6,3962.4,1,3956.8,3968.8,3969.8,3959.2,433.0,514940940.0,56148
2023-05-11 09:36:54,IF2309,IF2309,3962.4,0.0,0.0,0.0,1,3961.4,3962.4,1,3956.8,3968.8,3969.8,3959.2,433.0,514940940.0,56148
2023-05-11 09:36:54,IF2309,IF2309,3962.4,0.0,0.0,0.0,1,3961.4,3962.6,2,3956.8,3968.8,3969.8,3959.2,433.0,514940940.0,56148
2023-05-11 09:36:55,IF2309,IF2309,3962.4,0.0,0.0,0.0,1,3961.4,3962.4,2,3956.8,3968.8,3969.8,3959.2,433.0,514940940.0,56148
2023-05-11 09:36:55,IF2309,IF2309,3962.4,0.0,0.0,0.0,1,3961.6,3962.4,1,3956.8,3968.8,3969.8,3959.2,433.0,514940940.0,56148
2023-05-11 09:36:56,IF2309,IF2309,3962.4,0.0,0.0,0.0,1,3961.4,3962.4,1,3956.8,3968.8,3969.8,3959.2,433.0,514940940.0,56148
2023-05-11 09:36:56,IF2309,IF2309,3962.4,0.0,0.0,0.0,1,3961.2,3962.4,1,3956.8,3968.8,3969.8,3959.2,433.0,514940940.0,56148
2023-05-11 09:36:57,IF2309,IF2309,3962.4,1.0,1188720.0,0.0,4,3961.0,3962.4,1,3956.8,3968.8,3969.8,3959.2,434.0,516129660.0,56148
2023-05-11 09:36:57,IF2309,IF2309,3962.4,0.0,0.0,0.0,3,3961.0,3962.2,1,3956.8,3968.8,3969.8,3959.2,434.0,516129660.0,56148
2023-05-11 09:36:58,IF2309,IF2309,3962.4,0.0,0.0,0.0,1,3961.4,3962.0,2,3956.8,3968.8,3969.8,3959.2,434.0,516129660.0,56148
2023-05-11 09:36:58,IF2309,IF2309,3961.4,1.0,1188420.0,-1.0,1,3960.2,3961.8,3,3956.8,3968.8,3969.8,3959.2,435.0,517318080.0,56147
2023-05-11 09:36:59,IF2309,IF2309,3961.4,0.0,0.0,0.0,1,3960.2,3961.6,2,3956.8,3968.8,3969.8,3959.2,435.0,517318080.0,56147
2023-05-11 09:36:59,IF2309,IF2309,3961.4,0.0,0.0,0.0,1,3960.2,3961.4,5,3956.8,3968.8,3969.8,3959.2,435.0,517318080.0,56147
2023-05-11 09:37:00,IF2309,IF2309,3961.4,3.0,3565260.0,0.0,5,3960.4,3961.4,2,3956.8,3968.8,3969.8,3959.2,438.0,520883340.0,56147
2023-05-11 09:37:00,IF2309,IF2309,3961.0,1.0,1188300.0,-1.0,1,3960.6,3961.4,1,3956.8,3968.8,3969.8,3959.2,439.0,522071640.0,56146
2023-05-11 09:37:01,IF2309,IF2309,3961.0,0.0,0.0,0.0,4,3960.4,3961.8,1,3956.8,3968.8,3969.8,3959.2,439.0,522071640.0,56146
2023-05-11 09:37:01,IF2309,IF2309,3960.2,2.0,2376180.0,-1.0,1,3960.4,3961.0,1,3956.8,3968.8,3969.8,3959.2,441.0,524447820.0,56145
2023-05-11 09:37:02,IF2309,IF2309,3959.6,6.0,7128000.0,-2.0,1,3959.4,3960.8,3,3956.8,3968.8,3969.8,3959.2,447.0,531575820.0,56143
2023-05-11 09:37:02,IF2309,IF2309,3959.6,0.0,0.0,0.0,1,3959.2,3960.6,4,3956.8,3968.8,3969.8,3959.2,447.0,531575820.0,56143
2023-05-11 09:37:03,IF2309,IF2309,3959.6,0.0,0.0,0.0,1,3959.2,3960.4,3,3956.8,3968.8,3969.8,3959.2,447.0,531575820.0,56143
2023-05-11 09:37:03,IF2309,IF2309,3959.6,0.0,0.0,0.0,1,3959.2,3960.2,2,3956.8,3968.8,3969.8,3959.2,447.0,531575820.0,56143
2023-05-11 09:37:04,IF2309,IF2309,3959.6,0.0,0.0,0.0,1,3959.4,3960.2,1,3956.8,3968.8,3969.8,3959.2,447.0,531575820.0,56143
2023-05-11 09:37:04,IF2309,IF2309,3959.6,0.0,0.0,0.0,1,3959.4,3960.0,1,3956.8,3968.8,3969.8,3959.2,447.0,531575820.0,56143
2023-05-11 09:37:05,IF2309,IF2309,3959.6,0.0,0.0,0.0,1,3959.2,3960.0,1,3956.8,3968.8,3969.8,3959.2,447.0,531575820.0,56143
2023-05-11 09:37:06,IF2309,IF2309,3959.6,0.0,0.0,0.0,3,3959.4,3960.0,1,3956.8,3968.8,3969.8,3959.2,447.0,531575820.0,56143
2023-05-11 09:37:06,IF2309,IF2309,3959.6,0.0,0.0,0.0,2,3959.4,3960.4,1,3956.8,3968.8,3969.8,3959.2,447.0,531575820.0,56143
2023-05-11 09:37:07,IF2309,IF2309,3959.6,0.0,0.0,0.0,1,3959.2,3960.4,1,3956.8,3968.8,3969.8,3959.2,447.0,531575820.0,56143
2023-05-11 09:37:07,IF2309,IF2309,3959.6,0.0,0.0,0.0,3,3960.0,3960.2,3,3956.8,3968.8,3969.8,3959.2,447.0,531575820.0,56143
2023-05-11 09:37:08,IF2309,IF2309,3960.0,4.0,4752000.0,0.0,1,3959.2,3960.0,2,3956.8,3968.8,3969.8,3959.2,451.0,536327820.0,56143
2023-05-11 09:37:08,IF2309,IF2309,3960.0,0.0,0.0,0.0,1,3959.2,3960.2,1,3956.8,3968.8,3969.8,3959.2,451.0,536327820.0,56143
2023-05-11 09:37:09,IF2309,IF2309,3960.0,0.0,0.0,0.0,1,3959.2,3960.0,3,3956.8,3968.8,3969.8,3959.2,451.0,536327820.0,56143
2023-05-11 09:37:09,IF2309,IF2309,3960.0,0.0,0.0,0.0,2,3959.4,3960.0,1,3956.8,3968.8,3969.8,3959.2,451.0,536327820.0,56143
2023-05-11 09:37:10,IF2309,IF2309,3960.0,1.0,1188000.0,0.0,1,3960.0,3960.4,1,3956.8,3968.8,3969.8,3959.2,452.0,537515820.0,56143
2023-05-11 09:37:10,IF2309,IF2309,3960.0,0.0,0.0,0.0,2,3960.0,3960.4,1,3956.8,3968.8,3969.8,3959.2,452.0,537515820.0,56143
2023-05-11 09:37:11,IF2309,IF2309,3960.0,2.0,2376000.0,0.0,1,3959.2,3960.4,1,3956.8,3968.8,3969.8,3959.2,454.0,539891820.0,56143
2023-05-11 09:37:11,IF2309,IF2309,3960.0,0.0,0.0,0.0,1,3959.4,3960.0,1,3956.8,3968.8,3969.8,3959.2,454.0,539891820.0,56143
2023-05-11 09:37:12,IF2309,IF2309,3959.4,2.0,2375760.0,-2.0,1,3959.2,3960.0,1,3956.8,3968.8,3969.8,3959.2,456.0,542267580.0,56141
2023-05-11 09:37:12,IF2309,IF2309,3959.4,0.0,0.0,0.0,5,3959.4,3959.8,1,3956.8,3968.8,3969.8,3959.2,456.0,542267580.0,56141
2023-05-11 09:37:13,IF2309,IF2309,3959.4,0.0,0.0,0.0,2,3959.4,3960.0,1,3956.8,3968.8,3969.8,3959.2,456.0,542267580.0,56141
2023-05-11 09:37:13,IF2309,IF2309,3959.4,0.0,0.0,0.0,1,3959.2,3959.8,2,3956.8,3968.8,3969.8,3959.2,456.0,542267580.0,56141
2023-05-11 09:37:14,IF2309,IF2309,3959.4,0.0,0.0,0.0,1,3959.2,3960.0,1,3956.8,3968.8,3969.8,3959.2,456.0,542267580.0,56141
2023-05-11 09:37:15,IF2309,IF2309,3959.4,0.0,0.0,0.0,1,3959.2,3959.8,1,3956.8,3968.8,3969.8,3959.2,456.0,542267580.0,56141
2023-05-11 09:37:16,IF2309,IF2309,3959.0,2.0,2375460.0,-2.0,2,3958.6,3959.8,1,3956.8,3968.8,3969.8,3959.0,458.0,544643040.0,56139
2023-05-11 09:37:16,IF2309,IF2309,3958.6,1.0,1187580.0,-1.0,1,3958.6,3959.4,2,3956.8,3968.8,3969.8,3958.6,459.0,545830620.0,56138
2023-05-11 09:37:17,IF2309,IF2309,3958.6,1.0,1187580.0,-1.0,6,3958.0,3959.0,1,3956.8,3968.8,3969.8,3958.6,460.0,547018200.0,56137
2023-05-11 09:37:17,IF2309,IF2309,3958.6,0.0,0.0,0.0,6,3958.0,3958.8,5,3956.8,3968.8,3969.8,3958.6,460.0,547018200.0,56137
2023-05-11 09:37:18,IF2309,IF2309,3958.6,0.0,0.0,0.0,1,3958.2,3958.6,1,3956.8,3968.8,3969.8,3958.6,460.0,547018200.0,56137
2023-05-11 09:37:18,IF2309,IF2309,3958.2,4.0,4750320.0,-3.0,6,3958.0,3959.0,3,3956.8,3968.8,3969.8,3958.2,464.0,551768520.0,56134
2023-05-11 09:37:19,IF2309,IF2309,3958.2,0.0,0.0,0.0,1,3958.2,3959.0,1,3956.8,3968.8,3969.8,3958.2,464.0,551768520.0,56134
2023-05-11 09:37:19,IF2309,IF2309,3958.2,0.0,0.0,0.0,4,3958.4,3959.2,1,3956.8,3968.8,3969.8,3958.2,464.0,551768520.0,56134
2023-05-11 09:37:20,IF2309,IF2309,3959.2,1.0,1187760.0,-1.0,1,3958.6,3959.6,1,3956.8,3968.8,3969.8,3958.2,465.0,552956280.0,56133
2023-05-11 09:37:20,IF2309,IF2309,3959.2,0.0,0.0,0.0,1,3959.4,3960.8,1,3956.8,3968.8,3969.8,3958.2,465.0,552956280.0,56133
2023-05-11 09:37:21,IF2309,IF2309,3959.2,0.0,0.0,0.0,1,3958.8,3960.0,1,3956.8,3968.8,3969.8,3958.2,465.0,552956280.0,56133
2023-05-11 09:37:21,IF2309,IF2309,3959.2,0.0,0.0,0.0,5,3959.0,3960.4,2,3956.8,3968.8,3969.8,3958.2,465.0,552956280.0,56133
2023-05-11 09:37:22,IF2309,IF2309,3959.2,0.0,0.0,0.0,2,3959.2,3960.4,1,3956.8,3968.8,3969.8,3958.2,465.0,552956280.0,56133
2023-05-11 09:37:22,IF2309,IF2309,3959.2,0.0,0.0,0.0,1,3959.8,3960.4,1,3956.8,3968.8,3969.8,3958.2,465.0,552956280.0,56133
2023-05-11 09:37:23,IF2309,IF2309,3960.4,1.0,1188120.0,-1.0,1,3960.2,3961.6,2,3956.8,3968.8,3969.8,3958.2,466.0,554144400.0,56132
2023-05-11 09:37:23,IF2309,IF2309,3960.4,0.0,0.0,0.0,2,3960.4,3961.2,3,3956.8,3968.8,3969.8,3958.2,466.0,554144400.0,56132
2023-05-11 09:37:24,IF2309,IF2309,3960.2,1.0,1188060.0,0.0,4,3960.0,3961.4,2,3956.8,3968.8,3969.8,3958.2,467.0,555332460.0,56132
2023-05-11 09:37:24,IF2309,IF2309,3960.2,1.0,1188060.0,-1.0,1,3959.8,3960.6,1,3956.8,3968.8,3969.8,3958.2,468.0,556520520.0,56131
2023-05-11 09:37:25,IF2309,IF2309,3959.8,1.0,1187940.0,-1.0,1,3958.4,3960.4,2,3956.8,3968.8,3969.8,3958.2,469.0,557708460.0,56130
2023-05-11 09:37:25,IF2309,IF2309,3959.8,0.0,0.0,0.0,1,3959.2,3960.4,2,3956.8,3968.8,3969.8,3958.2,469.0,557708460.0,56130
2023-05-11 09:37:26,IF2309,IF2309,3959.8,0.0,0.0,0.0,2,3959.4,3960.6,1,3956.8,3968.8,3969.8,3958.2,469.0,557708460.0,56130
2023-05-11 09:37:26,IF2309,IF2309,3959.8,0.0,0.0,0.0,1,3959.6,3960.6,1,3956.8,3968.8,3969.8,3958.2,469.0,557708460.0,56130
2023-05-11 09:37:27,IF2309,IF2309,3959.8,0.0,0.0,0.0,2,3959.4,3960.4,1,3956.8,3968.8,3969.8,3958.2,469.0,557708460.0,56130
2023-05-11 09:37:27,IF2309,IF2309,3959.6,1.0,1187880.0,1.0,1,3959.6,3960.4,1,3956.8,3968.8,3969.8,3958.2,470.0,558896340.0,56131
2023-05-11 09:37:28,IF2309,IF2309,3959.6,0.0,0.0,0.0,1,3959.0,3960.2,2,3956.8,3968.8,3969.8,3958.2,470.0,558896340.0,56131
2023-05-11 09:37:28,IF2309,IF2309,3959.6,0.0,0.0,0.0,1,3958.6,3960.0,3,3956.8,3968.8,3969.8,3958.2,470.0,558896340.0,56131
2023-05-11 09:37:29,IF2309,IF2309,3959.6,0.0,0.0,0.0,1,3958.8,3959.8,1,3956.8,3968.8,3969.8,3958.2,470.0,558896340.0,56131
2023-05-11 09:37:29,IF2309,IF2309,3959.6,0.0,0.0,0.0,1,3958.6,3959.6,4,3956.8,3968.8,3969.8,3958.2,470.0,558896340.0,56131
2023-05-11 09:37:30,IF2309,IF2309,3959.6,0.0,0.0,0.0,2,3958.8,3959.4,1,3956.8,3968.8,3969.8,3958.2,470.0,558896340.0,56131
2023-05-11 09:37:30,IF2309,IF2309,3959.6,1.0,1187880.0,-1.0,2,3958.8,3960.0,2,3956.8,3968.8,3969.8,3958.2,471.0,560084220.0,56130
2023-05-11 09:37:31,IF2309,IF2309,3959.6,0.0,0.0,0.0,1,3959.0,3959.6,1,3956.8,3968.8,3969.8,3958.2,471.0,560084220.0,56130
2023-05-11 09:37:31,IF2309,IF2309,3959.6,0.0,0.0,0.0,1,3958.6,3959.6,1,3956.8,3968.8,3969.8,3958.2,471.0,560084220.0,56130
2023-05-11 09:37:33,IF2309,IF2309,3959.6,1.0,1187880.0,-1.0,1,3958.6,3959.4,3,3956.8,3968.8,3969.8,3958.2,472.0,561272100.0,56129
2023-05-11 09:37:33,IF2309,IF2309,3959.6,1.0,1187880.0,-1.0,1,3958.6,3959.2,2,3956.8,3968.8,3969.8,3958.2,473.0,562459980.0,56128
2023-05-11 09:37:34,IF2309,IF2309,3959.6,0.0,0.0,0.0,1,3958.2,3959.4,1,3956.8,3968.8,3969.8,3958.2,473.0,562459980.0,56128
2023-05-11 09:37:34,IF2309,IF2309,3959.6,0.0,0.0,0.0,6,3958.4,3959.2,1,3956.8,3968.8,3969.8,3958.2,473.0,562459980.0,56128
2023-05-11 09:37:35,IF2309,IF2309,3959.2,1.0,1187760.0,1.0,1,3959.2,3959.8,1,3956.8,3968.8,3969.8,3958.2,474.0,563647740.0,56129
2023-05-11 09:37:37,IF2309,IF2309,3959.2,0.0,0.0,0.0,1,3959.2,3959.6,2,3956.8,3968.8,3969.8,3958.2,474.0,563647740.0,56129
2023-05-11 09:37:37,IF2309,IF2309,3959.2,0.0,0.0,0.0,1,3958.6,3959.2,1,3956.8,3968.8,3969.8,3958.2,474.0,563647740.0,56129
2023-05-11 09:37:38,IF2309,IF2309,3959.2,1.0,1187760.0,-1.0,2,3959.2,3959.8,1,3956.8,3968.8,3969.8,3958.2,475.0,564835500.0,56128
2023-05-11 09:37:38,IF2309,IF2309,3959.2,0.0,0.0,0.0,1,3959.2,3959.8,1,3956.8,3968.8,3969.8,3958.2,475.0,564835500.0,56128
2023-05-11 09:37:39,IF2309,IF2309,3959.2,1.0,1187760.0,-1.0,3,3958.8,3959.8,1,3956.8,3968.8,3969.8,3958.2,476.0,566023260.0,56127
2023-05-11 09:37:39,IF2309,IF2309,3959.2,0.0,0.0,0.0,1,3959.0,3959.8,1,3956.8,3968.8,3969.8,3958.2,476.0,566023260.0,56127
2023-05-11 09:37:40,IF2309,IF2309,3959.2,0.0,0.0,0.0,3,3958.8,3959.8,1,3956.8,3968.8,3969.8,3958.2,476.0,566023260.0,56127
2023-05-11 09:37:41,IF2309,IF2309,3959.2,0.0,0.0,0.0,3,3958.8,3959.6,1,3956.8,3968.8,3969.8,3958.2,476.0,566023260.0,56127
2023-05-11 09:37:41,IF2309,IF2309,3959.2,0.0,0.0,0.0,1,3958.6,3959.6,1,3956.8,3968.8,3969.8,3958.2,476.0,566023260.0,56127
2023-05-11 09:37:44,IF2309,IF2309,3959.2,0.0,0.0,0.0,1,3958.4,3959.4,1,3956.8,3968.8,3969.8,3958.2,476.0,566023260.0,56127
2023-05-11 09:37:45,IF2309,IF2309,3959.2,0.0,0.0,0.0,1,3958.6,3959.2,2,3956.8,3968.8,3969.8,3958.2,476.0,566023260.0,56127
2023-05-11 09:37:45,IF2309,IF2309,3959.2,1.0,1187760.0,-1.0,1,3958.2,3959.2,1,3956.8,3968.8,3969.8,3958.2,477.0,567211020.0,56126
2023-05-11 09:37:46,IF2309,IF2309,3959.2,0.0,0.0,0.0,1,3958.4,3959.2,1,3956.8,3968.8,3969.8,3958.2,477.0,567211020.0,56126
2023-05-11 09:37:46,IF2309,IF2309,3959.2,0.0,0.0,0.0,1,3958.2,3959.2,1,3956.8,3968.8,3969.8,3958.2,477.0,567211020.0,56126
2023-05-11 09:37:47,IF2309,IF2309,3959.2,0.0,0.0,0.0,6,3958.4,3959.2,1,3956.8,3968.8,3969.8,3958.2,477.0,567211020.0,56126
2023-05-11 09:37:47,IF2309,IF2309,3959.2,1.0,1187760.0,0.0,1,3959.2,3959.4,1,3956.8,3968.8,3969.8,3958.2,478.0,568398780.0,56126
2023-05-11 09:37:48,IF2309,IF2309,3959.2,1.0,1187760.0,0.0,3,3958.4,3959.4,1,3956.8,3968.8,3969.8,3958.2,479.0,569586540.0,56126
2023-05-11 09:37:48,IF2309,IF2309,3959.2,0.0,0.0,0.0,4,3958.6,3959.8,1,3956.8,3968.8,3969.8,3958.2,479.0,569586540.0,56126
2023-05-11 09:37:49,IF2309,IF2309,3959.8,3.0,3563700.0,-3.0,4,3958.6,3960.0,2,3956.8,3968.8,3969.8,3958.2,482.0,573150240.0,56123
2023-05-11 09:37:49,IF2309,IF2309,3960.0,1.0,1188000.0,0.0,1,3959.6,3960.6,1,3956.8,3968.8,3969.8,3958.2,483.0,574338240.0,56123
2023-05-11 09:37:50,IF2309,IF2309,3960.6,1.0,1188180.0,-1.0,1,3960.0,3961.2,1,3956.8,3968.8,3969.8,3958.2,484.0,575526420.0,56122
